timestamp,time,exchange,symbol,bid1_price,bid1_volume,bid2_price,bid2_volume,ask1_price,ask1_volume,ask2_price,ask2_volume
1753591881116,04:51:21.116,bitget,1INCH/USDT:USDT,0.2849,2000.7,0.2848,57134.0,0.285,9597.4,0.2851,51775.3
1753591882617,04:51:22.617,bitget,1INCH/USDT:USDT,0.2849,7444.4,0.2848,57134.0,0.285,9597.4,0.2851,46331.6
1753591882767,04:51:22.767,bitget,1INCH/USDT:USDT,0.2849,2000.7,0.2848,57134.0,0.285,9597.4,0.2851,46331.6
1753591882917,04:51:22.917,bitget,1INCH/USDT:USDT,0.2849,2000.7,0.2848,57134.0,0.285,9597.4,0.2851,46331.6
1753591883367,04:51:23.367,bitget,1INCH/USDT:USDT,0.2849,323.5,0.2848,57134.0,0.285,9597.4,0.2851,46331.6
1753591883457,04:51:23.457,binance,1INCH/USDT:USDT,0.2847,9204.0,0.2846,16849.0,0.2848,4435.0,0.2849,11706.0
1753591883517,04:51:23.517,bitget,1INCH/USDT:USDT,0.2849,323.5,0.2848,57134.0,0.285,9597.4,0.2851,46331.6
1753591883667,04:51:23.667,bitget,1INCH/USDT:USDT,0.2849,323.5,0.2848,57134.0,0.285,9597.4,0.2851,46331.6
1753591883693,04:51:23.693,binance,1INCH/USDT:USDT,0.2847,9204.0,0.2846,18867.0,0.2848,4435.0,0.2849,11706.0
1753591883818,04:51:23.818,bitget,1INCH/USDT:USDT,0.2849,323.5,0.2848,57134.0,0.285,9597.4,0.2851,46331.6
1753591853243,04:50:53.243,blofin,1INCH/USDT:USDT,0.2845,531.0,0.2842,8897.0,0.2847,374.0,0.2848,36409.0
1753591883968,04:51:23.968,bitget,1INCH/USDT:USDT,0.2849,323.5,0.2848,57134.0,0.285,9597.4,0.2851,46331.6
1753591883977,04:51:23.977,binance,1INCH/USDT:USDT,0.2847,9204.0,0.2846,18867.0,0.2848,4435.0,0.2849,11706.0
1753591884088,04:51:24.088,binance,1INCH/USDT:USDT,0.2847,9204.0,0.2846,18867.0,0.2848,4435.0,0.2849,11706.0
1753591884118,04:51:24.118,bitget,1INCH/USDT:USDT,0.2849,323.5,0.2848,57134.0,0.285,9597.4,0.2851,46331.6
1753591884268,04:51:24.268,bitget,1INCH/USDT:USDT,0.2849,323.5,0.2848,57134.0,0.285,9597.4,0.2851,46331.6
1753591884429,04:51:24.429,binance,1INCH/USDT:USDT,0.2847,9223.0,0.2846,18867.0,0.2848,4435.0,0.2849,11706.0
1753591884418,04:51:24.418,bitget,1INCH/USDT:USDT,0.2849,323.5,0.2848,57134.0,0.285,9597.4,0.2851,46331.6
1753591884602,04:51:24.602,binance,1INCH/USDT:USDT,0.2847,7310.0,0.2846,18867.0,0.2848,4435.0,0.2849,11706.0
1753591885111,04:51:25.111,binance,1INCH/USDT:USDT,0.2847,7284.0,0.2846,18867.0,0.2848,3835.0,0.2849,11706.0
1753591884867,04:51:24.867,bybit,1INCH/USDT:USDT,0.2849,1535.4,0.2848,12225.9,0.285,1559.2,0.2851,10835.6
1753591885168,04:51:25.168,bitget,1INCH/USDT:USDT,0.2849,1677.2,0.2848,57130.8,0.285,9597.4,0.2851,46331.6
1753591885227,04:51:25.227,binance,1INCH/USDT:USDT,0.2847,7069.0,0.2846,18867.0,0.2848,6777.0,0.2849,11706.0
1753591885267,04:51:25.267,bybit,1INCH/USDT:USDT,0.2849,1535.4,0.2848,10231.9,0.285,1709.4,0.2851,10835.6
1753591885335,04:51:25.335,binance,1INCH/USDT:USDT,0.2847,7069.0,0.2846,18867.0,0.2848,6835.0,0.2849,10909.0
1753591885318,04:51:25.318,bitget,1INCH/USDT:USDT,0.2848,57130.8,0.2847,99494.2,0.285,9971.9,0.2851,46331.6
1753591885467,04:51:25.467,bybit,1INCH/USDT:USDT,0.2849,1535.4,0.2848,10231.9,0.285,1634.3,0.2851,10835.6
1753591885468,04:51:25.468,bitget,1INCH/USDT:USDT,0.2848,47416.9,0.2847,99494.2,0.2849,1591.6,0.285,9597.4
1753591885565,04:51:25.565,binance,1INCH/USDT:USDT,0.2847,7067.0,0.2846,18867.0,0.2848,6835.0,0.2849,10560.0
1753591885666,04:51:25.666,bybit,1INCH/USDT:USDT,0.2849,1535.4,0.2848,10231.9,0.285,1709.4,0.2851,10835.6
1753591885684,04:51:25.684,binance,1INCH/USDT:USDT,0.2847,7093.0,0.2846,18867.0,0.2848,6974.0,0.2849,10560.0
1753591885769,04:51:25.769,bitget,1INCH/USDT:USDT,0.2848,20522.0,0.2847,46041.5,0.2849,1591.6,0.285,17190.0
1753591885919,04:51:25.919,bitget,1INCH/USDT:USDT,0.2848,21202.1,0.2847,46041.5,0.2849,1591.6,0.285,17190.0
1753591886369,04:51:26.369,bitget,1INCH/USDT:USDT,0.2848,20978.5,0.2847,63666.9,0.2849,1909.1,0.285,17190.0
1753591886669,04:51:26.669,bitget,1INCH/USDT:USDT,0.2848,21155.8,0.2847,63666.9,0.2849,8909.1,0.285,17190.0
1753591886802,04:51:26.802,binance,1INCH/USDT:USDT,0.2847,7067.0,0.2846,18867.0,0.2848,6974.0,0.2849,10560.0
1753591886819,04:51:26.819,bitget,1INCH/USDT:USDT,0.2848,21155.8,0.2847,63666.9,0.2849,8909.1,0.285,17190.0
1753591886866,04:51:26.866,bybit,1INCH/USDT:USDT,0.2849,1535.4,0.2848,10231.9,0.285,2709.4,0.2851,10835.6
1753591887420,04:51:27.420,bitget,1INCH/USDT:USDT,0.2848,21155.8,0.2847,63666.9,0.2849,8909.1,0.285,17190.0
1753591887570,04:51:27.570,bitget,1INCH/USDT:USDT,0.2848,21155.8,0.2847,63666.9,0.2849,8909.1,0.285,17190.0
1753591887586,04:51:27.586,binance,1INCH/USDT:USDT,0.2847,7067.0,0.2846,18867.0,0.2848,6764.0,0.2849,10560.0
1753591887701,04:51:27.701,binance,1INCH/USDT:USDT,0.2847,7067.0,0.2846,18867.0,0.2848,6764.0,0.2849,10560.0
1753591887870,04:51:27.870,bitget,1INCH/USDT:USDT,0.2848,21155.8,0.2847,63666.9,0.2849,8909.1,0.285,17190.0
1753591888616,04:51:28.616,binance,1INCH/USDT:USDT,0.2847,7067.0,0.2846,18867.0,0.2848,6764.0,0.2849,10560.0
1753591888620,04:51:28.620,bitget,1INCH/USDT:USDT,0.2848,14155.8,0.2847,63666.9,0.2849,8909.1,0.285,17190.0
1753591888770,04:51:28.770,bitget,1INCH/USDT:USDT,0.2848,14155.8,0.2847,63666.9,0.2849,8909.1,0.285,17190.0
1753591889071,04:51:29.071,bitget,1INCH/USDT:USDT,0.2848,14155.8,0.2847,63666.9,0.2849,8909.1,0.285,17190.0
1753591889102,04:51:29.102,binance,1INCH/USDT:USDT,0.2847,7067.0,0.2846,18867.0,0.2848,6764.0,0.2849,10560.0
1753591889167,04:51:29.167,bybit,1INCH/USDT:USDT,0.2849,1535.4,0.2848,10231.9,0.285,2749.2,0.2851,10835.6
1753591889209,04:51:29.209,binance,1INCH/USDT:USDT,0.2847,7067.0,0.2846,18867.0,0.2848,6764.0,0.2849,10560.0
1753591889371,04:51:29.371,bitget,1INCH/USDT:USDT,0.2848,14155.8,0.2847,63666.9,0.2849,8909.1,0.285,17190.0
1753591854155,04:50:54.155,blofin,1INCH/USDT:USDT,0.2845,532.0,0.2842,8897.0,0.2847,372.0,0.2848,36409.0
1753591889671,04:51:29.671,bitget,1INCH/USDT:USDT,0.2848,14155.8,0.2847,63666.9,0.2849,8909.1,0.285,17190.0
1753591889702,04:51:29.702,binance,1INCH/USDT:USDT,0.2847,7093.0,0.2846,18867.0,0.2848,6764.0,0.2849,10560.0
1753591889767,04:51:29.767,bybit,1INCH/USDT:USDT,0.2849,1535.4,0.2848,10231.9,0.285,2675.8,0.2851,10835.6
1753591889821,04:51:29.821,bitget,1INCH/USDT:USDT,0.2848,14155.8,0.2847,63666.9,0.2849,8909.1,0.285,17190.0
1753591889777,04:51:29.777,huobi,1INCH/USDT:USDT,0.2845,462.0,0.2844,343.0,0.2847,351.0,0.2848,3425.0
1753591889949,04:51:29.949,huobi,1INCH/USDT:USDT,0.2845,462.0,0.2844,343.0,0.2847,351.0,0.2848,3425.0
1753591889971,04:51:29.971,bitget,1INCH/USDT:USDT,0.2848,14155.8,0.2847,63666.9,0.2849,8909.1,0.285,17190.0
1753591890099,04:51:30.099,huobi,1INCH/USDT:USDT,0.2845,462.0,0.2844,343.0,0.2847,351.0,0.2848,3425.0
1753591890121,04:51:30.121,bitget,1INCH/USDT:USDT,0.2848,14155.8,0.2847,63666.9,0.2849,8909.1,0.285,17190.0
1753591890167,04:51:30.167,bybit,1INCH/USDT:USDT,0.2849,1535.4,0.2848,10231.9,0.285,2636.0,0.2851,10835.6
1753591890254,04:51:30.254,huobi,1INCH/USDT:USDT,0.2845,462.0,0.2844,343.0,0.2847,351.0,0.2848,3425.0
1753591890271,04:51:30.271,bitget,1INCH/USDT:USDT,0.2848,14155.8,0.2847,63666.9,0.2849,8909.1,0.285,17190.0
1753591890302,04:51:30.302,binance,1INCH/USDT:USDT,0.2847,7067.0,0.2846,18867.0,0.2848,6764.0,0.2849,10560.0
1753591890366,04:51:30.366,bybit,1INCH/USDT:USDT,0.2849,1535.4,0.2848,10231.9,0.285,2711.1,0.2851,10835.6
1753591890409,04:51:30.409,binance,1INCH/USDT:USDT,0.2847,7067.0,0.2846,18867.0,0.2848,6764.0,0.2849,10560.0
1753591890408,04:51:30.408,huobi,1INCH/USDT:USDT,0.2845,462.0,0.2844,343.0,0.2847,351.0,0.2848,3425.0
1753591890421,04:51:30.421,bitget,1INCH/USDT:USDT,0.2848,14155.8,0.2847,63666.9,0.2849,8909.1,0.285,17190.0
1753591890572,04:51:30.572,binance,1INCH/USDT:USDT,0.2847,7067.0,0.2846,18867.0,0.2848,6764.0,0.2849,10560.0
1753591890571,04:51:30.571,bitget,1INCH/USDT:USDT,0.2848,14155.8,0.2847,63666.9,0.2849,8909.1,0.285,17190.0
1753591890579,04:51:30.579,huobi,1INCH/USDT:USDT,0.2845,462.0,0.2844,343.0,0.2847,351.0,0.2848,3425.0
1753591890721,04:51:30.721,bitget,1INCH/USDT:USDT,0.2848,14155.8,0.2847,63666.9,0.2849,8909.1,0.285,17190.0
1753591890731,04:51:30.731,huobi,1INCH/USDT:USDT,0.2845,462.0,0.2844,343.0,0.2847,351.0,0.2848,3425.0
1753591890872,04:51:30.872,bitget,1INCH/USDT:USDT,0.2848,14155.8,0.2847,63666.9,0.2849,8909.1,0.285,17190.0
1753591890882,04:51:30.882,huobi,1INCH/USDT:USDT,0.2845,462.0,0.2844,343.0,0.2847,351.0,0.2848,3425.0
1753591890902,04:51:30.902,binance,1INCH/USDT:USDT,0.2847,7067.0,0.2846,18867.0,0.2848,6764.0,0.2849,10560.0
1753591891022,04:51:31.022,bitget,1INCH/USDT:USDT,0.2848,14155.8,0.2847,63666.9,0.2849,8909.1,0.285,17190.0
1753591891067,04:51:31.067,bybit,1INCH/USDT:USDT,0.2849,1685.6,0.2848,10231.9,0.285,1560.9,0.2851,10835.6
1753591891037,04:51:31.037,huobi,1INCH/USDT:USDT,0.2845,462.0,0.2844,343.0,0.2847,351.0,0.2848,3425.0
1753591891088,04:51:31.088,binance,1INCH/USDT:USDT,0.2847,7067.0,0.2846,18867.0,0.2848,3764.0,0.2849,10560.0
1753591891172,04:51:31.172,bitget,1INCH/USDT:USDT,0.2848,14155.8,0.2847,63666.9,0.2849,7000.0,0.285,17190.0
1753591891188,04:51:31.188,huobi,1INCH/USDT:USDT,0.2845,462.0,0.2844,343.0,0.2847,351.0,0.2848,3425.0
1753591891298,04:51:31.298,binance,1INCH/USDT:USDT,0.2847,7067.0,0.2846,18867.0,0.2848,3764.0,0.2849,10560.0
1753591891322,04:51:31.322,bitget,1INCH/USDT:USDT,0.2848,14530.3,0.2847,63666.9,0.2849,7000.0,0.285,17190.0
1753591891342,04:51:31.342,huobi,1INCH/USDT:USDT,0.2845,462.0,0.2844,343.0,0.2847,351.0,0.2848,3425.0
1753591891472,04:51:31.472,bitget,1INCH/USDT:USDT,0.2848,21530.3,0.2847,63666.9,0.2849,7000.0,0.285,17190.0
1753591891496,04:51:31.496,huobi,1INCH/USDT:USDT,0.2846,357.0,0.2845,105.0,0.2847,351.0,0.2848,3425.0
1753591891502,04:51:31.502,binance,1INCH/USDT:USDT,0.2847,7067.0,0.2846,18867.0,0.2848,3764.0,0.2849,10560.0
1753591891523,04:51:31.523,huobi,1INCH/USDT:USDT,0.2846,357.0,0.2844,343.0,0.2847,351.0,0.2848,3425.0
1753591891596,04:51:31.596,huobi,1INCH/USDT:USDT,0.2846,462.0,0.2844,343.0,0.2847,351.0,0.2848,3425.0
1753591891622,04:51:31.622,bitget,1INCH/USDT:USDT,0.2848,33227.5,0.2847,63666.9,0.285,17190.0,0.2851,42062.2
1753591891772,04:51:31.772,bitget,1INCH/USDT:USDT,0.2849,1677.2,0.2848,33227.5,0.285,9071.2,0.2851,51775.5
1753591891867,04:51:31.867,bybit,1INCH/USDT:USDT,0.2849,1685.6,0.2848,10533.5,0.285,2130.5,0.2851,10835.6
1753591891859,04:51:31.859,binance,1INCH/USDT:USDT,0.2847,7067.0,0.2846,19745.0,0.2848,3657.0,0.2849,10560.0
1753591892040,04:51:32.040,binance,1INCH/USDT:USDT,0.2847,7067.0,0.2846,19745.0,0.2848,3657.0,0.2849,10560.0
1753591892072,04:51:32.072,bitget,1INCH/USDT:USDT,0.2849,1994.7,0.2848,42566.7,0.285,9071.2,0.2851,51775.5
1753591892172,04:51:32.172,binance,1INCH/USDT:USDT,0.2847,7067.0,0.2846,19745.0,0.2848,3657.0,0.2849,10560.0
1753591892222,04:51:32.222,bitget,1INCH/USDT:USDT,0.2849,1994.7,0.2848,42566.7,0.285,9071.2,0.2851,51775.5
1753591892372,04:51:32.372,bitget,1INCH/USDT:USDT,0.2849,1994.7,0.2848,42566.7,0.285,9071.2,0.2851,51775.5
1753591892467,04:51:32.467,bybit,1INCH/USDT:USDT,0.2849,1610.5,0.2848,10533.5,0.285,2130.5,0.2851,10835.6
1753591892469,04:51:32.469,binance,1INCH/USDT:USDT,0.2847,6904.0,0.2846,19745.0,0.2848,3728.0,0.2849,10560.0
1753591892522,04:51:32.522,bitget,1INCH/USDT:USDT,0.2849,1994.7,0.2848,42566.7,0.285,9445.7,0.2851,51775.5
1753591892566,04:51:32.566,bybit,1INCH/USDT:USDT,0.2849,1685.6,0.2848,10533.5,0.285,2130.6,0.2851,10835.6
1753591892585,04:51:32.585,binance,1INCH/USDT:USDT,0.2847,6904.0,0.2846,19745.0,0.2848,3657.0,0.2849,10560.0
1753591892673,04:51:32.673,bitget,1INCH/USDT:USDT,0.2849,1994.7,0.2848,42566.7,0.285,9445.7,0.2851,51775.5
1753591892687,04:51:32.687,binance,1INCH/USDT:USDT,0.2847,6904.0,0.2846,19745.0,0.2848,3657.0,0.2849,10560.0
1753591892823,04:51:32.823,bitget,1INCH/USDT:USDT,0.2849,1994.7,0.2848,42566.7,0.285,10542.0,0.2851,51775.5
1753591892848,04:51:32.848,binance,1INCH/USDT:USDT,0.2847,6904.0,0.2846,19745.0,0.2848,3657.0,0.2849,10560.0
1753591892000,04:51:32.000,gateio,1INCH/USDT:USDT,0.2846,213.0,0.2845,2542.0,0.2849,214.0,0.285,940.0
1753591892973,04:51:32.973,bitget,1INCH/USDT:USDT,0.2849,1994.7,0.2848,42566.7,0.285,10542.0,0.2851,51775.5
1753591893071,04:51:33.071,binance,1INCH/USDT:USDT,0.2847,6904.0,0.2846,19745.0,0.2848,3657.0,0.2849,10560.0
1753591893123,04:51:33.123,bitget,1INCH/USDT:USDT,0.2849,1994.7,0.2848,42566.7,0.285,10542.0,0.2851,51775.5
1753591893273,04:51:33.273,bitget,1INCH/USDT:USDT,0.2849,1994.7,0.2848,42566.7,0.285,10542.0,0.2851,51775.5
1753591893368,04:51:33.368,bybit,1INCH/USDT:USDT,0.2849,1610.5,0.2848,13370.1,0.285,3051.0,0.2851,10835.6
1753591893423,04:51:33.423,bitget,1INCH/USDT:USDT,0.2849,1994.7,0.2848,42566.7,0.285,10167.5,0.2851,51775.5
1753591893467,04:51:33.467,bybit,1INCH/USDT:USDT,0.2849,2610.5,0.2848,13370.1,0.285,4145.0,0.2851,10835.6
1753591893573,04:51:33.573,binance,1INCH/USDT:USDT,0.2847,6904.0,0.2846,19745.0,0.2848,1886.0,0.2849,12191.0
1753591893573,04:51:33.573,bitget,1INCH/USDT:USDT,0.2849,1994.7,0.2848,42566.7,0.285,10167.5,0.2851,51775.5
1753591893702,04:51:33.702,binance,1INCH/USDT:USDT,0.2847,6904.0,0.2846,19745.0,0.2848,1886.0,0.2849,12191.0
1753591893865,04:51:33.865,binance,1INCH/USDT:USDT,0.2847,6904.0,0.2846,19745.0,0.2848,1886.0,0.2849,12191.0
1753591893873,04:51:33.873,bitget,1INCH/USDT:USDT,0.2849,1994.7,0.2848,42566.7,0.285,10167.5,0.2851,51775.5
1753591894166,04:51:34.166,gateio,1INCH/USDT:USDT,0.2846,213.0,0.2845,2542.0,0.2849,214.0,0.285,940.0
1753591894302,04:51:34.302,binance,1INCH/USDT:USDT,0.2847,6930.0,0.2846,19745.0,0.2848,1886.0,0.2849,12191.0
1753591894323,04:51:34.323,bitget,1INCH/USDT:USDT,0.2849,1994.7,0.2848,42566.7,0.285,10167.5,0.2851,51775.5
1753591854746,04:50:54.746,blofin,1INCH/USDT:USDT,0.2845,532.0,0.2843,9124.0,0.2847,376.0,0.2849,47542.0
1753591894451,04:51:34.451,binance,1INCH/USDT:USDT,0.2847,6930.0,0.2846,19745.0,0.2848,1886.0,0.2849,12191.0
1753591894474,04:51:34.474,bitget,1INCH/USDT:USDT,0.2849,1994.7,0.2848,42566.7,0.285,10167.5,0.2851,51775.5
1753591894729,04:51:34.729,binance,1INCH/USDT:USDT,0.2847,6930.0,0.2846,19745.0,0.2848,1886.0,0.2849,12191.0
1753591894871,04:51:34.871,huobi,1INCH/USDT:USDT,0.2846,462.0,0.2844,343.0,0.2847,351.0,0.2848,3425.0
1753591894921,04:51:34.921,huobi,1INCH/USDT:USDT,0.2846,462.0,0.2844,343.0,0.2847,351.0,0.2848,3425.0
1753591894933,04:51:34.933,huobi,1INCH/USDT:USDT,0.2846,462.0,0.2844,343.0,0.2847,351.0,0.2848,3425.0
1753591894950,04:51:34.950,gateio,1INCH/USDT:USDT,0.2846,213.0,0.2845,2542.0,0.2849,214.0,0.285,940.0
1753591895010,04:51:35.010,binance,1INCH/USDT:USDT,0.2847,6904.0,0.2846,17727.0,0.2848,3592.0,0.2849,10560.0
1753591895067,04:51:35.067,bybit,1INCH/USDT:USDT,0.2849,2535.4,0.2848,12645.1,0.285,5327.6,0.2851,10835.6
1753591895074,04:51:35.074,bitget,1INCH/USDT:USDT,0.2849,1994.7,0.2848,42566.7,0.285,8950.4,0.2851,51775.5
1753591895224,04:51:35.224,bitget,1INCH/USDT:USDT,0.2849,1994.7,0.2848,42566.7,0.285,8950.4,0.2851,51775.5
1753591895374,04:51:35.374,bitget,1INCH/USDT:USDT,0.2849,1994.7,0.2848,42566.7,0.285,8950.4,0.2851,51775.5
1753591895445,04:51:35.445,gateio,1INCH/USDT:USDT,0.2846,213.0,0.2845,2542.0,0.2849,214.0,0.285,940.0
1753591895487,04:51:35.487,binance,1INCH/USDT:USDT,0.2847,6904.0,0.2846,17727.0,0.2848,3592.0,0.2849,10560.0
1753591895524,04:51:35.524,bitget,1INCH/USDT:USDT,0.2849,1994.7,0.2848,42566.7,0.285,8950.4,0.2851,51775.5
1753591895566,04:51:35.566,bybit,1INCH/USDT:USDT,0.2849,2535.4,0.2848,13370.1,0.285,5327.6,0.2851,10835.6
1753591895616,04:51:35.616,binance,1INCH/USDT:USDT,0.2847,6904.0,0.2846,17727.0,0.2848,3592.0,0.2849,10560.0
1753591896124,04:51:36.124,bitget,1INCH/USDT:USDT,0.2849,1994.7,0.2848,42566.7,0.285,8950.4,0.2851,51775.5
1753591896202,04:51:36.202,huobi,1INCH/USDT:USDT,0.2846,105.0,0.2844,343.0,0.2847,351.0,0.2848,3425.0
1753591896219,04:51:36.219,binance,1INCH/USDT:USDT,0.2847,6904.0,0.2846,17727.0,0.2848,3592.0,0.2849,10560.0
1753591896222,04:51:36.222,huobi,1INCH/USDT:USDT,0.2844,343.0,0.2843,3424.0,0.2847,351.0,0.2848,3425.0
1753591896282,04:51:36.282,huobi,1INCH/USDT:USDT,0.2845,462.0,0.2844,343.0,0.2847,351.0,0.2848,3425.0
1753591896909,04:51:36.909,huobi,1INCH/USDT:USDT,0.2845,105.0,0.2844,343.0,0.2847,351.0,0.2848,3425.0
1753591896966,04:51:36.966,bybit,1INCH/USDT:USDT,0.2849,1536.4,0.2848,13370.1,0.285,5779.8,0.2851,10835.6
1753591897025,04:51:37.025,bitget,1INCH/USDT:USDT,0.2849,1997.9,0.2848,42566.7,0.285,8950.4,0.2851,51775.5
1753591897058,04:51:37.058,huobi,1INCH/USDT:USDT,0.2845,462.0,0.2844,343.0,0.2847,351.0,0.2848,3425.0
1753591897175,04:51:37.175,bitget,1INCH/USDT:USDT,0.2849,1997.9,0.2848,42566.7,0.285,8950.4,0.2851,51775.5
1753591897204,04:51:37.204,okx,1INCH/USDT:USDT,0.2846,1005.0,0.2845,9192.0,0.2847,266.0,0.2848,11289.0
1753591897221,04:51:37.221,huobi,1INCH/USDT:USDT,0.2845,462.0,0.2844,343.0,0.2847,351.0,0.2848,3425.0
1753591897366,04:51:37.366,huobi,1INCH/USDT:USDT,0.2845,462.0,0.2844,343.0,0.2847,351.0,0.2848,3425.0
1753591897519,04:51:37.519,huobi,1INCH/USDT:USDT,0.2845,462.0,0.2844,343.0,0.2847,351.0,0.2848,3425.0
1753591897671,04:51:37.671,huobi,1INCH/USDT:USDT,0.2845,462.0,0.2844,343.0,0.2847,351.0,0.2848,3425.0
1753591897619,04:51:37.619,gateio,1INCH/USDT:USDT,0.2846,213.0,0.2845,2542.0,0.2849,214.0,0.285,940.0
1753591894143,04:51:34.143,phemex,1INCH/USDT:USDT,0.2847,3030.0,0.2846,8825.0,0.2848,2437.0,0.2849,2350.0
1753591897775,04:51:37.775,bitget,1INCH/USDT:USDT,0.2849,1997.9,0.2848,42566.7,0.285,8950.4,0.2851,51775.5
1753591897827,04:51:37.827,huobi,1INCH/USDT:USDT,0.2845,462.0,0.2844,343.0,0.2847,351.0,0.2848,3425.0
1753591897871,04:51:37.871,binance,1INCH/USDT:USDT,0.2847,6904.0,0.2846,17727.0,0.2848,3592.0,0.2849,10560.0
1753591897925,04:51:37.925,bitget,1INCH/USDT:USDT,0.2849,1997.9,0.2848,42566.7,0.285,8950.4,0.2851,51775.5
1753591897987,04:51:37.987,huobi,1INCH/USDT:USDT,0.2845,462.0,0.2844,343.0,0.2847,351.0,0.2848,3425.0
1753591898012,04:51:38.012,binance,1INCH/USDT:USDT,0.2847,6904.0,0.2846,17727.0,0.2848,3592.0,0.2849,10560.0
1753591898076,04:51:38.076,bitget,1INCH/USDT:USDT,0.2849,1997.9,0.2848,42566.7,0.285,8950.4,0.2851,51775.5
1753591898142,04:51:38.142,huobi,1INCH/USDT:USDT,0.2845,462.0,0.2844,343.0,0.2847,351.0,0.2848,3425.0
1753591898226,04:51:38.226,bitget,1INCH/USDT:USDT,0.2849,1997.9,0.2848,42566.7,0.285,8950.4,0.2851,51775.5
1753591898269,04:51:38.269,bybit,1INCH/USDT:USDT,0.2849,1611.5,0.2848,13370.1,0.285,5641.4,0.2851,10835.6
1753591898291,04:51:38.291,huobi,1INCH/USDT:USDT,0.2845,462.0,0.2844,343.0,0.2847,351.0,0.2848,3425.0
1753591898376,04:51:38.376,bitget,1INCH/USDT:USDT,0.2849,1997.9,0.2848,42566.7,0.285,8950.4,0.2851,51775.5
1753591898453,04:51:38.453,huobi,1INCH/USDT:USDT,0.2845,462.0,0.2844,343.0,0.2847,351.0,0.2848,3425.0
1753591898526,04:51:38.526,bitget,1INCH/USDT:USDT,0.2849,1997.9,0.2848,42566.7,0.285,8950.4,0.2851,51775.5
1753591897949,04:51:37.949,phemex,1INCH/USDT:USDT,0.2847,2950.0,0.2846,8825.0,0.2848,2437.0,0.2849,2350.0
1753591898615,04:51:38.615,binance,1INCH/USDT:USDT,0.2847,6904.0,0.2846,17727.0,0.2848,3592.0,0.2849,10560.0
1753591898612,04:51:38.612,huobi,1INCH/USDT:USDT,0.2845,455.0,0.2844,343.0,0.2847,351.0,0.2848,3425.0
1753591898618,04:51:38.618,huobi,1INCH/USDT:USDT,0.2845,105.0,0.2844,343.0,0.2847,351.0,0.2848,3425.0
1753591898676,04:51:38.676,bitget,1INCH/USDT:USDT,0.2849,1997.9,0.2848,42566.7,0.285,8950.4,0.2851,51775.5
1753591898777,04:51:38.777,huobi,1INCH/USDT:USDT,0.2845,455.0,0.2844,343.0,0.2847,351.0,0.2848,3425.0
1753591898802,04:51:38.802,binance,1INCH/USDT:USDT,0.2847,6904.0,0.2846,17727.0,0.2848,3592.0,0.2849,10560.0
1753591898826,04:51:38.826,bitget,1INCH/USDT:USDT,0.2849,1997.9,0.2848,42566.7,0.285,8950.4,0.2851,51775.5
1753591898917,04:51:38.917,huobi,1INCH/USDT:USDT,0.2845,455.0,0.2844,343.0,0.2847,351.0,0.2848,3425.0
1753591899104,04:51:39.104,huobi,1INCH/USDT:USDT,0.2845,455.0,0.2844,343.0,0.2847,351.0,0.2848,3425.0
1753591899126,04:51:39.126,bitget,1INCH/USDT:USDT,0.2849,1997.9,0.2848,42566.7,0.285,8950.4,0.2851,51775.5
1753591899204,04:51:39.204,okx,1INCH/USDT:USDT,0.2846,1063.0,0.2845,9192.0,0.2847,262.0,0.2848,11289.0
1753591899397,04:51:39.397,huobi,1INCH/USDT:USDT,0.2845,455.0,0.2844,343.0,0.2847,351.0,0.2848,3425.0
1753591899567,04:51:39.567,bybit,1INCH/USDT:USDT,0.2849,1611.5,0.2848,13370.1,0.285,6168.1,0.2851,10835.6
1753591899552,04:51:39.552,huobi,1INCH/USDT:USDT,0.2846,350.0,0.2845,105.0,0.2847,351.0,0.2848,3425.0
1753591899560,04:51:39.560,binance,1INCH/USDT:USDT,0.2847,6904.0,0.2846,17727.0,0.2848,49.0,0.2849,9792.0
1753591899557,04:51:39.557,gateio,1INCH/USDT:USDT,0.2846,213.0,0.2845,2542.0,0.285,213.0,0.2851,420.0
1753591899576,04:51:39.576,bitget,1INCH/USDT:USDT,0.2849,1997.9,0.2848,42566.7,0.285,8575.9,0.2851,51775.5
1753591899580,04:51:39.580,huobi,1INCH/USDT:USDT,0.2846,350.0,0.2844,343.0,0.2847,351.0,0.2848,3425.0
1753591899604,04:51:39.604,okx,1INCH/USDT:USDT,0.2846,1518.0,0.2845,11298.0,0.2847,63.0,0.2848,10566.0
1753591899619,04:51:39.619,huobi,1INCH/USDT:USDT,0.2846,455.0,0.2844,343.0,0.2847,351.0,0.2848,3425.0
1753591899668,04:51:39.668,binance,1INCH/USDT:USDT,0.2847,6904.0,0.2846,17727.0,0.2848,49.0,0.2849,8316.0
1753591899704,04:51:39.704,okx,1INCH/USDT:USDT,0.2846,1518.0,0.2845,12000.0,0.2847,63.0,0.2848,10834.0
1753591899726,04:51:39.726,bitget,1INCH/USDT:USDT,0.2849,1997.9,0.2848,42566.7,0.285,7331.6,0.2851,51775.5
1753591899804,04:51:39.804,okx,1INCH/USDT:USDT,0.2846,1518.0,0.2845,12000.0,0.2847,63.0,0.2848,10834.0
1753591899809,04:51:39.809,binance,1INCH/USDT:USDT,0.2847,6904.0,0.2846,17727.0,0.2848,49.0,0.2849,10212.0
1753591899867,04:51:39.867,bybit,1INCH/USDT:USDT,0.2849,1686.6,0.2848,13370.1,0.285,749.8,0.2851,8421.4
1753591899866,04:51:39.866,huobi,1INCH/USDT:USDT,0.2846,455.0,0.2844,343.0,0.2848,3425.0,0.2849,3425.0
1753591899877,04:51:39.877,bitget,1INCH/USDT:USDT,0.2849,1997.9,0.2848,42566.7,0.285,7000.0,0.2851,51775.5
1753591899904,04:51:39.904,okx,1INCH/USDT:USDT,0.2846,1518.0,0.2845,13931.0,0.2847,63.0,0.2848,10385.0
1753591899911,04:51:39.911,binance,1INCH/USDT:USDT,0.2848,6761.0,0.2847,12093.0,0.2849,6317.0,0.285,21152.0
1753591899967,04:51:39.967,bybit,1INCH/USDT:USDT,0.2849,1988.2,0.2848,13370.1,0.285,706.4,0.2851,7658.3
1753591899886,04:51:39.886,phemex,1INCH/USDT:USDT,0.2847,2950.0,0.2846,8825.0,0.2849,1432.0,0.285,6660.0
1753591899918,04:51:39.918,phemex,1INCH/USDT:USDT,0.2848,3014.0,0.2847,4283.0,0.2849,1432.0,0.285,6660.0
1753591899974,04:51:39.974,huobi,1INCH/USDT:USDT,0.2846,455.0,0.2844,3421.0,0.2848,3425.0,0.2849,3425.0
1753591900004,04:51:40.004,okx,1INCH/USDT:USDT,0.2846,1518.0,0.2845,14282.0,0.2847,63.0,0.2848,10385.0
1753591900013,04:51:40.013,binance,1INCH/USDT:USDT,0.2848,4964.0,0.2847,12144.0,0.2849,6317.0,0.285,21152.0
1753591900021,04:51:40.021,huobi,1INCH/USDT:USDT,0.2846,455.0,0.2844,3421.0,0.2847,350.0,0.2848,3425.0
1753591900027,04:51:40.027,bitget,1INCH/USDT:USDT,0.2849,15390.5,0.2848,42566.7,0.2851,46507.3,0.2852,79923.9
1753591900067,04:51:40.067,bybit,1INCH/USDT:USDT,0.2849,1988.2,0.2848,13370.1,0.285,706.4,0.2851,7658.3
1753591900041,04:51:40.041,huobi,1INCH/USDT:USDT,0.2846,455.0,0.2844,3421.0,0.2847,350.0,0.2848,3425.0
1753591900104,04:51:40.104,okx,1INCH/USDT:USDT,0.2846,1518.0,0.2845,13229.0,0.2847,63.0,0.2848,10653.0
1753591900131,04:51:40.131,phemex,1INCH/USDT:USDT,0.2848,3014.0,0.2847,4283.0,0.2849,1432.0,0.285,6660.0
1753591900177,04:51:40.177,bitget,1INCH/USDT:USDT,0.2849,23684.2,0.2848,42566.7,0.2851,37168.5,0.2852,26459.8
1753591900204,04:51:40.204,okx,1INCH/USDT:USDT,0.2846,1518.0,0.2845,14458.0,0.2847,63.0,0.2848,10653.0
1753591900200,04:51:40.200,binance,1INCH/USDT:USDT,0.2848,4964.0,0.2847,11362.0,0.2849,6317.0,0.285,21152.0
1753591900304,04:51:40.304,okx,1INCH/USDT:USDT,0.2846,1518.0,0.2845,17260.0,0.2847,63.0,0.2848,10653.0
1753591900320,04:51:40.320,phemex,1INCH/USDT:USDT,0.2848,3014.0,0.2847,4283.0,0.2849,1432.0,0.285,4660.0
1753591900327,04:51:40.327,bitget,1INCH/USDT:USDT,0.2849,23684.2,0.2848,42566.7,0.2851,36794.0,0.2852,26459.8
1753591900367,04:51:40.367,bybit,1INCH/USDT:USDT,0.2849,2988.2,0.2848,13370.1,0.285,706.4,0.2851,7658.3
1753591900358,04:51:40.358,binance,1INCH/USDT:USDT,0.2848,4964.0,0.2847,11362.0,0.2849,6317.0,0.285,21152.0
1753591900338,04:51:40.338,gateio,1INCH/USDT:USDT,0.2847,212.0,0.2846,214.0,0.285,213.0,0.2851,420.0
1753591855244,04:50:55.244,blofin,1INCH/USDT:USDT,0.2845,531.0,0.2842,852.0,0.2847,376.0,0.2851,44257.0
1753591900404,04:51:40.404,okx,1INCH/USDT:USDT,0.2846,1518.0,0.2845,17260.0,0.2847,63.0,0.2848,10385.0
1753591900436,04:51:40.436,gateio,1INCH/USDT:USDT,0.2847,212.0,0.2846,213.0,0.285,213.0,0.2851,420.0
1753591900478,04:51:40.478,binance,1INCH/USDT:USDT,0.2848,4964.0,0.2847,11362.0,0.2849,6317.0,0.285,21152.0
1753591900477,04:51:40.477,bitget,1INCH/USDT:USDT,0.285,320.7,0.2849,23684.2,0.2851,37168.5,0.2852,26459.8
1753591900504,04:51:40.504,okx,1INCH/USDT:USDT,0.2846,1518.0,0.2845,17260.0,0.2847,63.0,0.2848,10385.0
1753591900490,04:51:40.490,gateio,1INCH/USDT:USDT,0.2846,213.0,0.2845,2542.0,0.285,213.0,0.2851,420.0
1753591900581,04:51:40.581,binance,1INCH/USDT:USDT,0.2848,4964.0,0.2847,11362.0,0.2849,6317.0,0.285,21152.0
1753591900582,04:51:40.582,huobi,1INCH/USDT:USDT,0.2846,455.0,0.2844,3421.0,0.2848,3425.0,0.2849,3425.0
1753591900604,04:51:40.604,okx,1INCH/USDT:USDT,0.2846,2045.0,0.2845,19262.0,0.2847,63.0,0.2848,10385.0
1753591900627,04:51:40.627,bitget,1INCH/USDT:USDT,0.285,320.7,0.2849,31719.5,0.2851,34533.7,0.2852,45125.6
1753591900667,04:51:40.667,bybit,1INCH/USDT:USDT,0.2849,2988.2,0.2848,13370.1,0.285,706.4,0.2851,7658.3
1753591900704,04:51:40.704,okx,1INCH/USDT:USDT,0.2846,2045.0,0.2845,19262.0,0.2847,63.0,0.2848,10385.0
1753591900694,04:51:40.694,binance,1INCH/USDT:USDT,0.2848,4964.0,0.2847,11362.0,0.2849,6317.0,0.285,21152.0
1753591900767,04:51:40.767,bybit,1INCH/USDT:USDT,0.2849,2988.2,0.2848,13370.1,0.285,706.4,0.2851,7658.3
1753591900777,04:51:40.777,bitget,1INCH/USDT:USDT,0.285,320.7,0.2849,46841.4,0.2851,34533.7,0.2852,45125.6
1753591900804,04:51:40.804,okx,1INCH/USDT:USDT,0.2846,1518.0,0.2845,19262.0,0.2847,197.0,0.2848,10653.0
1753591900800,04:51:40.800,huobi,1INCH/USDT:USDT,0.2846,455.0,0.2844,3421.0,0.2847,350.0,0.2848,3425.0
1753591900807,04:51:40.807,huobi,1INCH/USDT:USDT,0.2846,455.0,0.2844,3421.0,0.2847,350.0,0.2848,3425.0
1753591900866,04:51:40.866,bybit,1INCH/USDT:USDT,0.2849,2988.2,0.2848,13370.1,0.285,706.4,0.2851,7658.3
1753591900927,04:51:40.927,bitget,1INCH/USDT:USDT,0.285,320.7,0.2849,46921.5,0.2851,34159.2,0.2852,45125.6
1753591900967,04:51:40.967,bybit,1INCH/USDT:USDT,0.2849,2988.2,0.2848,13370.1,0.285,706.4,0.2851,7658.3
1753591901002,04:51:41.002,binance,1INCH/USDT:USDT,0.2848,4964.0,0.2847,11362.0,0.2849,6317.0,0.285,21269.0
1753591901077,04:51:41.077,bitget,1INCH/USDT:USDT,0.285,320.7,0.2849,44340.2,0.2851,34159.2,0.2852,45125.6
1753591901104,04:51:41.104,okx,1INCH/USDT:USDT,0.2846,1518.0,0.2845,18911.0,0.2847,63.0,0.2848,10653.0
1753591901167,04:51:41.167,bybit,1INCH/USDT:USDT,0.2849,3028.0,0.2848,13370.1,0.285,706.4,0.2851,7658.3
1753591901204,04:51:41.204,okx,1INCH/USDT:USDT,0.2847,1161.0,0.2846,15811.0,0.2848,1413.0,0.2849,10405.0
1753591901201,04:51:41.201,binance,1INCH/USDT:USDT,0.2848,7494.0,0.2847,13850.0,0.2849,3879.0,0.285,21269.0
1753591901202,04:51:41.202,huobi,1INCH/USDT:USDT,0.2846,455.0,0.2844,3421.0,0.2847,350.0,0.2848,3425.0
1753591901227,04:51:41.227,bitget,1INCH/USDT:USDT,0.285,320.7,0.2849,44340.2,0.2851,35427.7,0.2852,45125.6
1753591901267,04:51:41.267,bybit,1INCH/USDT:USDT,0.285,4061.4,0.2849,4264.3,0.2851,2765.2,0.2852,9179.5
1753591901234,04:51:41.234,huobi,1INCH/USDT:USDT,0.2846,455.0,0.2844,3421.0,0.2848,3425.0,0.2849,3425.0
1753591901191,04:51:41.191,gateio,1INCH/USDT:USDT,0.2848,221.0,0.2847,727.0,0.285,213.0,0.2851,420.0
1753591901276,04:51:41.276,huobi,1INCH/USDT:USDT,0.2847,350.0,0.2846,455.0,0.2848,3425.0,0.2849,3425.0
1753591901304,04:51:41.304,okx,1INCH/USDT:USDT,0.2847,1789.0,0.2846,15641.0,0.2848,1415.0,0.2849,10405.0
1753591901304,04:51:41.304,huobi,1INCH/USDT:USDT,0.2847,350.0,0.2846,350.0,0.2848,3425.0,0.2849,3425.0
1753591901367,04:51:41.367,bybit,1INCH/USDT:USDT,0.285,4061.4,0.2849,4317.1,0.2851,1834.5,0.2852,9179.5
1753591901339,04:51:41.339,huobi,1INCH/USDT:USDT,0.2847,455.0,0.2846,350.0,0.2848,3425.0,0.2849,3425.0
1753591901340,04:51:41.340,gateio,1INCH/USDT:USDT,0.2848,221.0,0.2847,727.0,0.285,213.0,0.2851,420.0
1753591901377,04:51:41.377,bitget,1INCH/USDT:USDT,0.285,1997.9,0.2849,44340.2,0.2851,10033.8,0.2852,63254.1
1753591901404,04:51:41.404,okx,1INCH/USDT:USDT,0.2847,1334.0,0.2846,15641.0,0.2848,1588.0,0.2849,10405.0
1753591901426,04:51:41.426,binance,1INCH/USDT:USDT,0.2848,7494.0,0.2847,21375.0,0.2849,3821.0,0.285,17652.0
1753591901466,04:51:41.466,bybit,1INCH/USDT:USDT,0.285,4061.4,0.2849,4317.1,0.2851,1834.5,0.2852,9179.5
1753591901454,04:51:41.454,huobi,1INCH/USDT:USDT,0.2847,455.0,0.2846,350.0,0.2848,3425.0,0.2849,3425.0
1753591901492,04:51:41.492,huobi,1INCH/USDT:USDT,0.2847,455.0,0.2846,350.0,0.2848,3425.0,0.2849,3425.0
1753591901527,04:51:41.527,bitget,1INCH/USDT:USDT,0.285,1997.9,0.2849,44918.9,0.2851,11196.7,0.2852,63254.1
1753591901567,04:51:41.567,bybit,1INCH/USDT:USDT,0.285,4061.4,0.2849,8020.9,0.2851,1834.5,0.2852,9179.5
1753591901551,04:51:41.551,binance,1INCH/USDT:USDT,0.2848,7494.0,0.2847,21375.0,0.2849,3821.0,0.285,17652.0
1753591901667,04:51:41.667,bybit,1INCH/USDT:USDT,0.285,4061.4,0.2849,8020.9,0.2851,1808.1,0.2852,9179.5
1753591901656,04:51:41.656,binance,1INCH/USDT:USDT,0.2848,7494.0,0.2847,21375.0,0.2849,3821.0,0.285,17652.0
1753591901678,04:51:41.678,bitget,1INCH/USDT:USDT,0.285,1997.9,0.2849,31404.5,0.2851,11196.7,0.2852,63254.1
1753591901763,04:51:41.763,binance,1INCH/USDT:USDT,0.2848,7494.0,0.2847,21375.0,0.2849,3498.0,0.285,17652.0
1753591901804,04:51:41.804,okx,1INCH/USDT:USDT,0.2847,1789.0,0.2846,15641.0,0.2848,1588.0,0.2849,10756.0
1753591901867,04:51:41.867,bybit,1INCH/USDT:USDT,0.285,4136.5,0.2849,8020.9,0.2851,1808.1,0.2852,9179.5
1753591901828,04:51:41.828,bitget,1INCH/USDT:USDT,0.285,1997.9,0.2849,31404.5,0.2851,11196.7,0.2852,63254.1
1753591901864,04:51:41.864,binance,1INCH/USDT:USDT,0.2848,7494.0,0.2847,21375.0,0.2849,3498.0,0.285,17000.0
1753591901966,04:51:41.966,bybit,1INCH/USDT:USDT,0.285,4136.5,0.2849,8020.9,0.2851,1808.1,0.2852,9179.5
1753591901970,04:51:41.970,binance,1INCH/USDT:USDT,0.2848,7494.0,0.2847,21375.0,0.2849,3498.0,0.285,17000.0
1753591902066,04:51:42.066,bybit,1INCH/USDT:USDT,0.285,4136.5,0.2849,8020.9,0.2851,1808.1,0.2852,9179.5
1753591902083,04:51:42.083,binance,1INCH/USDT:USDT,0.2848,7494.0,0.2847,21375.0,0.2849,3498.0,0.285,17000.0
1753591902104,04:51:42.104,okx,1INCH/USDT:USDT,0.2847,1789.0,0.2846,15641.0,0.2848,1415.0,0.2849,10756.0
1753591902128,04:51:42.128,bitget,1INCH/USDT:USDT,0.285,1997.9,0.2849,31404.5,0.2851,11196.7,0.2852,63254.1
1753591902166,04:51:42.166,bybit,1INCH/USDT:USDT,0.285,4061.4,0.2849,7981.1,0.2851,1808.1,0.2852,9179.5
1753591902204,04:51:42.204,okx,1INCH/USDT:USDT,0.2847,1789.0,0.2846,15641.0,0.2848,1586.0,0.2849,11024.0
1753591902202,04:51:42.202,binance,1INCH/USDT:USDT,0.2848,7494.0,0.2847,21375.0,0.2849,3498.0,0.285,17000.0
1753591902270,04:51:42.270,bybit,1INCH/USDT:USDT,0.285,4061.4,0.2849,7980.1,0.2851,1412.3,0.2852,9179.5
1753591902278,04:51:42.278,bitget,1INCH/USDT:USDT,0.285,1997.9,0.2849,52289.3,0.2851,11196.7,0.2852,63254.1
1753591902304,04:51:42.304,okx,1INCH/USDT:USDT,0.2847,895.0,0.2846,15641.0,0.2848,1586.0,0.2849,11024.0
1753591902404,04:51:42.404,okx,1INCH/USDT:USDT,0.2847,1163.0,0.2846,15641.0,0.2848,1586.0,0.2849,10756.0
1753591902397,04:51:42.397,binance,1INCH/USDT:USDT,0.2848,7494.0,0.2847,21375.0,0.2849,3498.0,0.285,17000.0
1753591902428,04:51:42.428,bitget,1INCH/USDT:USDT,0.285,1997.9,0.2849,52289.3,0.2851,11196.7,0.2852,63254.1
1753591902422,04:51:42.422,gateio,1INCH/USDT:USDT,0.2848,221.0,0.2847,727.0,0.285,213.0,0.2851,420.0
1753591902504,04:51:42.504,okx,1INCH/USDT:USDT,0.2847,1334.0,0.2846,15641.0,0.2848,1415.0,0.2849,10756.0
1753591902502,04:51:42.502,binance,1INCH/USDT:USDT,0.2848,7494.0,0.2847,21375.0,0.2849,3498.0,0.285,17000.0
1753591902578,04:51:42.578,bitget,1INCH/USDT:USDT,0.285,1997.9,0.2849,52289.3,0.2851,11196.7,0.2852,63254.1
1753591902604,04:51:42.604,okx,1INCH/USDT:USDT,0.2847,1789.0,0.2846,15641.0,0.2848,1415.0,0.2849,10756.0
1753591902702,04:51:42.702,binance,1INCH/USDT:USDT,0.2848,7494.0,0.2847,21375.0,0.2849,3498.0,0.285,17000.0
1753591902728,04:51:42.728,bitget,1INCH/USDT:USDT,0.285,1997.9,0.2849,52289.3,0.2851,11196.7,0.2852,63254.1
1753591902804,04:51:42.804,okx,1INCH/USDT:USDT,0.2847,1789.0,0.2846,15641.0,0.2848,1587.0,0.2849,11024.0
1753591902335,04:51:42.335,mexc,1INCH/USDT:USDT,0.2848,13819.0,0.2847,23046,0.2849,17598.0,0.285,60892
1753591902878,04:51:42.878,bitget,1INCH/USDT:USDT,0.285,1997.9,0.2849,52289.3,0.2851,11196.7,0.2852,63254.1
1753591902946,04:51:42.946,binance,1INCH/USDT:USDT,0.2848,7494.0,0.2847,21375.0,0.2849,3498.0,0.285,17000.0
1753591903008,04:51:43.008,mexc,1INCH/USDT:USDT,0.2848,13819.0,0.2847,23046,0.2849,17598.0,0.285,60892
1753591903028,04:51:43.028,bitget,1INCH/USDT:USDT,0.285,1997.9,0.2849,52289.3,0.2851,11196.7,0.2852,63254.1
1753591903126,04:51:43.126,binance,1INCH/USDT:USDT,0.2848,7494.0,0.2847,21375.0,0.2849,3498.0,0.285,17000.0
1753591903178,04:51:43.178,bitget,1INCH/USDT:USDT,0.285,1997.9,0.2849,52289.3,0.2851,11196.7,0.2852,63254.1
1753591903204,04:51:43.204,okx,1INCH/USDT:USDT,0.2847,1801.0,0.2846,15641.0,0.2848,1415.0,0.2849,10301.0
1753591903108,04:51:43.108,mexc,1INCH/USDT:USDT,0.2848,13819.0,0.2847,23046,0.2849,17598.0,0.285,60892
1753591903277,04:51:43.277,binance,1INCH/USDT:USDT,0.2848,7494.0,0.2847,21375.0,0.2849,3498.0,0.285,17000.0
1753591903328,04:51:43.328,bitget,1INCH/USDT:USDT,0.285,1997.9,0.2849,52289.3,0.2851,11196.7,0.2852,63254.1
1753591903478,04:51:43.478,bitget,1INCH/USDT:USDT,0.285,1997.9,0.2849,52289.3,0.2851,11196.7,0.2852,63254.1
1753591903502,04:51:43.502,binance,1INCH/USDT:USDT,0.2848,7494.0,0.2847,21375.0,0.2849,3498.0,0.285,17000.0
1753591903509,04:51:43.509,mexc,1INCH/USDT:USDT,0.2848,13819.0,0.2847,23046,0.2849,17598.0,0.285,60892
1753591903566,04:51:43.566,bybit,1INCH/USDT:USDT,0.285,4163.2,0.2849,7953.3,0.2851,1412.3,0.2852,9179.5
1753591903667,04:51:43.667,bybit,1INCH/USDT:USDT,0.285,4163.2,0.2849,7953.3,0.2851,1412.3,0.2852,9179.5
1753591903629,04:51:43.629,bitget,1INCH/USDT:USDT,0.285,1997.9,0.2849,52289.3,0.2851,11196.7,0.2852,63254.1
1753591903698,04:51:43.698,binance,1INCH/USDT:USDT,0.2848,7494.0,0.2847,21375.0,0.2849,3498.0,0.285,17000.0
1753591903635,04:51:43.635,mexc,1INCH/USDT:USDT,0.2848,13819.0,0.2847,31658,0.2849,17598.0,0.285,60892
1753591903767,04:51:43.767,bybit,1INCH/USDT:USDT,0.285,4163.2,0.2849,7953.3,0.2851,1412.3,0.2852,9179.5
1753591903779,04:51:43.779,bitget,1INCH/USDT:USDT,0.285,1997.9,0.2849,52289.3,0.2851,11196.7,0.2852,63254.1
1753591903801,04:51:43.801,binance,1INCH/USDT:USDT,0.2848,7494.0,0.2847,21375.0,0.2849,3498.0,0.285,17000.0
1753591903904,04:51:43.904,okx,1INCH/USDT:USDT,0.2847,1801.0,0.2846,15641.0,0.2848,1415.0,0.2849,10301.0
1753591903929,04:51:43.929,bitget,1INCH/USDT:USDT,0.285,1997.9,0.2849,52289.3,0.2851,11196.7,0.2852,63254.1
1753591903951,04:51:43.951,binance,1INCH/USDT:USDT,0.2848,7494.0,0.2847,21375.0,0.2849,3498.0,0.285,17000.0
1753591904009,04:51:44.009,mexc,1INCH/USDT:USDT,0.2848,13819.0,0.2847,23046,0.2849,17598.0,0.285,60892
1753591904054,04:51:44.054,binance,1INCH/USDT:USDT,0.2848,7494.0,0.2847,21375.0,0.2849,3498.0,0.285,17000.0
1753591904079,04:51:44.079,bitget,1INCH/USDT:USDT,0.285,1997.9,0.2849,52289.3,0.2851,11196.7,0.2852,63254.1
1753591904202,04:51:44.202,binance,1INCH/USDT:USDT,0.2848,7494.0,0.2847,21375.0,0.2849,3498.0,0.285,17000.0
1753591904107,04:51:44.107,mexc,1INCH/USDT:USDT,0.2848,13819.0,0.2847,26360,0.2849,17598.0,0.285,60892
1753591904229,04:51:44.229,bitget,1INCH/USDT:USDT,0.285,1997.9,0.2849,52289.3,0.2851,11196.7,0.2852,63254.1
1753591904379,04:51:44.379,bitget,1INCH/USDT:USDT,0.285,1997.9,0.2849,52289.3,0.2851,11196.7,0.2852,63254.1
1753591904433,04:51:44.433,binance,1INCH/USDT:USDT,0.2848,7494.0,0.2847,21375.0,0.2849,3498.0,0.285,17746.0
1753591904468,04:51:44.468,gateio,1INCH/USDT:USDT,0.2848,221.0,0.2847,727.0,0.285,213.0,0.2851,420.0
1753591904509,04:51:44.509,mexc,1INCH/USDT:USDT,0.2848,13819.0,0.2847,23046,0.2849,17598.0,0.285,60892
1753591904529,04:51:44.529,bitget,1INCH/USDT:USDT,0.285,1997.9,0.2849,52289.3,0.2851,11196.7,0.2852,63254.1
1753591904489,04:51:44.489,gateio,1INCH/USDT:USDT,0.2848,221.0,0.2847,727.0,0.285,213.0,0.2851,420.0
1753591904607,04:51:44.607,mexc,1INCH/USDT:USDT,0.2848,13819.0,0.2847,23046,0.2849,17598.0,0.285,101856
1753591904537,04:51:44.537,phemex,1INCH/USDT:USDT,0.2848,3014.0,0.2847,4283.0,0.2849,1432.0,0.285,4660.0
1753591904545,04:51:44.545,phemex,1INCH/USDT:USDT,0.2848,3014.0,0.2847,4283.0,0.2849,1432.0,0.285,4660.0
1753591904804,04:51:44.804,okx,1INCH/USDT:USDT,0.2847,1801.0,0.2846,15641.0,0.2848,1415.0,0.2849,10301.0
1753591904802,04:51:44.802,binance,1INCH/USDT:USDT,0.2848,7494.0,0.2847,21375.0,0.2849,3498.0,0.285,17746.0
1753591904829,04:51:44.829,bitget,1INCH/USDT:USDT,0.285,1997.9,0.2849,52289.3,0.2851,11196.7,0.2852,63254.1
1753591904867,04:51:44.867,bybit,1INCH/USDT:USDT,0.285,4163.2,0.2849,7953.3,0.2851,1412.3,0.2852,9179.5
1753591904938,04:51:44.938,binance,1INCH/USDT:USDT,0.2848,7494.0,0.2847,21375.0,0.2849,3498.0,0.285,17746.0
1753591904979,04:51:44.979,bitget,1INCH/USDT:USDT,0.285,1997.9,0.2849,52289.3,0.2851,11196.7,0.2852,63254.1
1753591905009,04:51:45.009,mexc,1INCH/USDT:USDT,0.2848,13819.0,0.2847,23046,0.2849,17598.0,0.285,101856
1753591905129,04:51:45.129,bitget,1INCH/USDT:USDT,0.285,1997.9,0.2849,52289.3,0.2851,11196.7,0.2852,63254.1
1753591905202,04:51:45.202,binance,1INCH/USDT:USDT,0.2848,7494.0,0.2847,21375.0,0.2849,3498.0,0.285,21081.0
1753591905112,04:51:45.112,mexc,1INCH/USDT:USDT,0.2848,13819.0,0.2847,26053,0.2849,17598.0,0.285,86279
1753591905250,04:51:45.250,gateio,1INCH/USDT:USDT,0.2848,221.0,0.2847,727.0,0.285,213.0,0.2851,420.0
1753591905279,04:51:45.279,bitget,1INCH/USDT:USDT,0.285,1997.9,0.2849,52289.3,0.2851,11196.7,0.2852,63254.1
1753591905346,04:51:45.346,binance,1INCH/USDT:USDT,0.2848,7494.0,0.2847,21375.0,0.2849,3498.0,0.285,21081.0
1753591905326,04:51:45.326,phemex,1INCH/USDT:USDT,0.2848,2959.0,0.2847,4283.0,0.2849,1432.0,0.285,4660.0
1753591905430,04:51:45.430,bitget,1INCH/USDT:USDT,0.285,1997.9,0.2849,52289.3,0.2851,11196.7,0.2852,63254.1
1753591905510,04:51:45.510,mexc,1INCH/USDT:USDT,0.2848,13819.0,0.2847,26053,0.2849,17598.0,0.285,86279
1753591905580,04:51:45.580,bitget,1INCH/USDT:USDT,0.285,1997.9,0.2849,52289.3,0.2851,11196.7,0.2852,63254.1
1753591855747,04:50:55.747,blofin,1INCH/USDT:USDT,0.2845,531.0,0.2842,852.0,0.2847,378.0,0.2851,44257.0
1753591905607,04:51:45.607,mexc,1INCH/USDT:USDT,0.2848,13819.0,0.2847,23046,0.2849,17598.0,0.285,60892
1753591905730,04:51:45.730,bitget,1INCH/USDT:USDT,0.285,1997.9,0.2849,52289.3,0.2851,11196.7,0.2852,63254.1
1753591905804,04:51:45.804,okx,1INCH/USDT:USDT,0.2847,1955.0,0.2846,15507.0,0.2848,1415.0,0.2849,10301.0
1753591905795,04:51:45.795,binance,1INCH/USDT:USDT,0.2848,7494.0,0.2847,21375.0,0.2849,3498.0,0.285,21913.0
1753591905880,04:51:45.880,bitget,1INCH/USDT:USDT,0.285,1997.9,0.2849,52289.3,0.2851,11196.7,0.2852,63254.1
1753591905908,04:51:45.908,binance,1INCH/USDT:USDT,0.2848,7494.0,0.2847,21375.0,0.2849,3498.0,0.285,23342.0
1753591906009,04:51:46.009,mexc,1INCH/USDT:USDT,0.2848,13819.0,0.2847,23046,0.2849,17598.0,0.285,60892
1753591906031,04:51:46.031,binance,1INCH/USDT:USDT,0.2848,7494.0,0.2847,21375.0,0.2849,3498.0,0.285,23342.0
1753591906030,04:51:46.030,bitget,1INCH/USDT:USDT,0.285,1997.9,0.2849,52289.3,0.2851,11196.7,0.2852,63254.1
1753591906104,04:51:46.104,okx,1INCH/USDT:USDT,0.2847,1955.0,0.2846,15507.0,0.2848,1415.0,0.2849,10301.0
1753591906150,04:51:46.150,huobi,1INCH/USDT:USDT,0.2847,455.0,0.2846,350.0,0.2848,3425.0,0.2849,3425.0
1753591906180,04:51:46.180,bitget,1INCH/USDT:USDT,0.285,1997.9,0.2849,52289.3,0.2851,11196.7,0.2852,63254.1
1753591906204,04:51:46.204,okx,1INCH/USDT:USDT,0.2847,1955.0,0.2846,15507.0,0.2848,1588.0,0.2849,10756.0
1753591906110,04:51:46.110,mexc,1INCH/USDT:USDT,0.2848,13819.0,0.2847,23046,0.2849,17598.0,0.285,60892
1753591906304,04:51:46.304,okx,1INCH/USDT:USDT,0.2847,1955.0,0.2846,15507.0,0.2848,1588.0,0.2849,10756.0
1753591906322,04:51:46.322,binance,1INCH/USDT:USDT,0.2848,7494.0,0.2847,21375.0,0.2849,3498.0,0.285,23342.0
1753591906330,04:51:46.330,bitget,1INCH/USDT:USDT,0.285,1997.9,0.2849,52289.3,0.2851,11196.7,0.2852,63254.1
1753591906242,04:51:46.242,mexc,1INCH/USDT:USDT,0.2848,17533,0.2847,50373,0.2849,7712,0.285,69751
1753591906480,04:51:46.480,bitget,1INCH/USDT:USDT,0.285,1997.9,0.2849,52289.3,0.2851,11196.7,0.2852,63254.1
1753591906630,04:51:46.630,bitget,1INCH/USDT:USDT,0.285,1997.9,0.2849,52289.3,0.2851,11021.2,0.2852,63254.1
1753591906780,04:51:46.780,bitget,1INCH/USDT:USDT,0.285,1997.9,0.2849,52289.3,0.2851,11021.2,0.2852,63254.1
1753591906608,04:51:46.608,mexc,1INCH/USDT:USDT,0.2848,17533,0.2847,85820,0.2849,7712,0.285,98733
1753591906901,04:51:46.901,binance,1INCH/USDT:USDT,0.2848,7494.0,0.2847,21375.0,0.2849,3498.0,0.285,23342.0
1753591906930,04:51:46.930,bitget,1INCH/USDT:USDT,0.285,1997.9,0.2849,52289.3,0.2851,11021.2,0.2852,63254.1
1753591907002,04:51:47.002,binance,1INCH/USDT:USDT,0.2848,7494.0,0.2847,21375.0,0.2849,3498.0,0.285,23342.0
1753591907010,04:51:47.010,mexc,1INCH/USDT:USDT,0.2848,17533,0.2847,85820,0.2849,7712,0.285,98733
1753591907080,04:51:47.080,bitget,1INCH/USDT:USDT,0.285,1997.9,0.2849,52289.3,0.2851,11021.2,0.2852,63254.1
1753591907167,04:51:47.167,bybit,1INCH/USDT:USDT,0.285,4088.1,0.2849,7953.3,0.2851,1412.3,0.2852,9179.5
1753591907109,04:51:47.109,mexc,1INCH/USDT:USDT,0.2848,17533,0.2847,50373,0.2849,7712,0.285,69751
1753591907231,04:51:47.231,bitget,1INCH/USDT:USDT,0.285,1997.9,0.2849,52289.3,0.2851,11021.2,0.2852,63254.1
1753591907218,04:51:47.218,gateio,1INCH/USDT:USDT,0.2848,221.0,0.2847,727.0,0.285,213.0,0.2851,420.0
1753591907381,04:51:47.381,bitget,1INCH/USDT:USDT,0.285,1997.9,0.2849,52289.3,0.2851,11021.2,0.2852,63254.1
1753591907510,04:51:47.510,mexc,1INCH/USDT:USDT,0.2848,17533,0.2847,50373,0.2849,7712,0.285,69751
1753591907531,04:51:47.531,bitget,1INCH/USDT:USDT,0.285,1997.9,0.2849,52289.3,0.2851,11021.2,0.2852,63254.1
1753591907604,04:51:47.604,okx,1INCH/USDT:USDT,0.2847,1955.0,0.2846,15507.0,0.2848,1588.0,0.2849,10756.0
1753591907602,04:51:47.602,binance,1INCH/USDT:USDT,0.2848,7494.0,0.2847,21375.0,0.2849,3498.0,0.285,23342.0
1753591907681,04:51:47.681,bitget,1INCH/USDT:USDT,0.285,1997.9,0.2849,52289.3,0.2851,11021.2,0.2852,63254.1
1753591907720,04:51:47.720,binance,1INCH/USDT:USDT,0.2848,7494.0,0.2847,21375.0,0.2849,3498.0,0.285,23342.0
1753591907609,04:51:47.609,mexc,1INCH/USDT:USDT,0.2848,17533,0.2847,60247,0.2849,7712,0.285,69751
1753591907831,04:51:47.831,bitget,1INCH/USDT:USDT,0.285,1997.9,0.2849,52289.3,0.2851,11021.2,0.2852,63254.1
1753591907852,04:51:47.852,binance,1INCH/USDT:USDT,0.2848,7494.0,0.2847,21375.0,0.2849,3498.0,0.285,23342.0
1753591907981,04:51:47.981,bitget,1INCH/USDT:USDT,0.285,1997.9,0.2849,52289.3,0.2851,11021.2,0.2852,63254.1
1753591908010,04:51:48.010,mexc,1INCH/USDT:USDT,0.2848,17533,0.2847,60247,0.2849,7712,0.285,69751
1753591908131,04:51:48.131,bitget,1INCH/USDT:USDT,0.285,1997.9,0.2849,52289.3,0.2851,11021.2,0.2852,63254.1
1753591908110,04:51:48.110,mexc,1INCH/USDT:USDT,0.2848,17533,0.2847,50373,0.2849,7712,0.285,69751
1753591908264,04:51:48.264,huobi,1INCH/USDT:USDT,0.2847,455.0,0.2846,350.0,0.2848,3425.0,0.2849,3425.0
1753591908281,04:51:48.281,bitget,1INCH/USDT:USDT,0.285,1997.9,0.2849,52289.3,0.2851,11021.2,0.2852,63254.1
1753591908366,04:51:48.366,bybit,1INCH/USDT:USDT,0.285,4163.2,0.2849,7953.3,0.2851,1412.3,0.2852,9179.5
1753591908404,04:51:48.404,okx,1INCH/USDT:USDT,0.2847,1955.0,0.2846,15507.0,0.2848,1415.0,0.2849,10301.0
1753591908431,04:51:48.431,bitget,1INCH/USDT:USDT,0.285,1997.9,0.2849,52289.3,0.2851,11021.2,0.2852,63254.1
1753591908511,04:51:48.511,mexc,1INCH/USDT:USDT,0.2848,17533,0.2847,50373,0.2849,7712,0.285,69751
1753591908581,04:51:48.581,bitget,1INCH/USDT:USDT,0.285,1997.9,0.2849,52289.3,0.2851,11021.2,0.2852,63254.1
1753591908609,04:51:48.609,mexc,1INCH/USDT:USDT,0.2848,17533,0.2847,50373,0.2849,7712,0.285,69751
1753591908731,04:51:48.731,bitget,1INCH/USDT:USDT,0.285,1997.9,0.2849,52289.3,0.2851,11021.2,0.2852,63254.1
1753591909012,04:51:49.012,mexc,1INCH/USDT:USDT,0.2848,17533,0.2847,50373,0.2849,7712,0.285,69751
1753591909032,04:51:49.032,bitget,1INCH/USDT:USDT,0.285,1997.9,0.2849,52289.3,0.2851,11021.2,0.2852,63254.1
1753591909167,04:51:49.167,bybit,1INCH/USDT:USDT,0.285,4163.2,0.2849,7953.3,0.2851,1412.3,0.2852,9179.5
1753591909182,04:51:49.182,bitget,1INCH/USDT:USDT,0.285,1997.9,0.2849,52289.3,0.2851,11021.2,0.2852,63254.1
1753591909109,04:51:49.109,mexc,1INCH/USDT:USDT,0.2848,17533,0.2847,50373,0.2849,7712,0.285,98286
1753591909304,04:51:49.304,okx,1INCH/USDT:USDT,0.2847,1955.0,0.2846,15507.0,0.2848,1415.0,0.2849,10301.0
1753591909332,04:51:49.332,bitget,1INCH/USDT:USDT,0.285,1997.9,0.2849,52289.3,0.2851,11021.2,0.2852,63254.1
1753591909387,04:51:49.387,binance,1INCH/USDT:USDT,0.2848,7494.0,0.2847,21375.0,0.2849,3498.0,0.285,23342.0
1753591909482,04:51:49.482,bitget,1INCH/USDT:USDT,0.285,7441.6,0.2849,52289.3,0.2851,11021.2,0.2852,57810.4
1753591909511,04:51:49.511,mexc,1INCH/USDT:USDT,0.2848,17533,0.2847,50373,0.2849,7712,0.285,69751
1753591909632,04:51:49.632,bitget,1INCH/USDT:USDT,0.285,7441.6,0.2849,52289.3,0.2851,11021.2,0.2852,57810.4
1753591909637,04:51:49.637,mexc,1INCH/USDT:USDT,0.2848,17533,0.2847,72220,0.2849,7712,0.285,69751
1753591909730,04:51:49.730,binance,1INCH/USDT:USDT,0.2848,7494.0,0.2847,21375.0,0.2849,3498.0,0.285,23342.0
1753591909782,04:51:49.782,bitget,1INCH/USDT:USDT,0.285,1997.9,0.2849,52289.3,0.2851,11021.2,0.2852,63254.1
1753591909848,04:51:49.848,binance,1INCH/USDT:USDT,0.2848,7494.0,0.2847,21375.0,0.2849,3498.0,0.285,23342.0
1753591910002,04:51:50.002,binance,1INCH/USDT:USDT,0.2848,7494.0,0.2847,21375.0,0.2849,3498.0,0.285,23342.0
1753591910013,04:51:50.013,mexc,1INCH/USDT:USDT,0.2848,17533,0.2847,72220,0.2849,7712,0.285,69751
1753591856246,04:50:56.246,blofin,1INCH/USDT:USDT,0.2845,700.0,0.2842,852.0,0.2847,378.0,0.2851,38396.0
1753591910082,04:51:50.082,bitget,1INCH/USDT:USDT,0.285,1997.9,0.2849,52289.3,0.2851,11021.2,0.2852,44588.3
1753591910104,04:51:50.104,okx,1INCH/USDT:USDT,0.2847,1955.0,0.2846,15507.0,0.2848,1415.0,0.2849,10756.0
1753591910167,04:51:50.167,bybit,1INCH/USDT:USDT,0.285,4088.1,0.2849,7953.3,0.2851,1412.3,0.2852,9179.5
1753591910204,04:51:50.204,okx,1INCH/USDT:USDT,0.2847,1955.0,0.2846,15507.0,0.2848,1415.0,0.2849,10301.0
1753591910112,04:51:50.112,mexc,1INCH/USDT:USDT,0.2848,17533,0.2847,50373,0.2849,7712,0.285,69751
1753591910232,04:51:50.232,bitget,1INCH/USDT:USDT,0.285,1997.9,0.2849,52289.3,0.2851,11021.2,0.2852,44588.3
1753591910269,04:51:50.269,bybit,1INCH/USDT:USDT,0.285,4163.2,0.2849,7953.3,0.2851,1412.3,0.2852,9179.5
1753591910382,04:51:50.382,bitget,1INCH/USDT:USDT,0.285,1997.9,0.2849,52289.3,0.2851,11021.2,0.2852,44588.3
1753591910447,04:51:50.447,binance,1INCH/USDT:USDT,0.2848,7494.0,0.2847,21375.0,0.2849,3498.0,0.285,23342.0
1753591910508,04:51:50.508,mexc,1INCH/USDT:USDT,0.2848,17533,0.2847,50373,0.2849,7712,0.285,69751
1753591910532,04:51:50.532,bitget,1INCH/USDT:USDT,0.285,1997.9,0.2849,52289.3,0.2851,11021.2,0.2852,44588.3
1753591910602,04:51:50.602,binance,1INCH/USDT:USDT,0.2848,7494.0,0.2847,21375.0,0.2849,3498.0,0.285,23342.0
1753591910682,04:51:50.682,bitget,1INCH/USDT:USDT,0.285,1997.9,0.2849,52289.3,0.2851,11021.2,0.2852,44588.3
1753591910612,04:51:50.612,mexc,1INCH/USDT:USDT,0.2848,17533,0.2847,50373,0.2849,7712,0.285,69751
1753591910713,04:51:50.713,binance,1INCH/USDT:USDT,0.2848,7494.0,0.2847,21375.0,0.2849,3498.0,0.285,23342.0
1753591910767,04:51:50.767,bybit,1INCH/USDT:USDT,0.285,4163.2,0.2849,7953.3,0.2851,1412.3,0.2852,9179.5
1753591910832,04:51:50.832,bitget,1INCH/USDT:USDT,0.285,1997.9,0.2849,52289.3,0.2851,11021.2,0.2852,44588.3
1753591910983,04:51:50.983,bitget,1INCH/USDT:USDT,0.285,1997.9,0.2849,52289.3,0.2851,11021.2,0.2852,44588.3
1753591911012,04:51:51.012,binance,1INCH/USDT:USDT,0.2848,7494.0,0.2847,21375.0,0.2849,3498.0,0.285,23342.0
1753591911011,04:51:51.011,mexc,1INCH/USDT:USDT,0.2848,17533,0.2847,50373,0.2849,7712,0.285,69751
1753591911133,04:51:51.133,bitget,1INCH/USDT:USDT,0.285,1997.9,0.2849,52289.3,0.2851,11021.2,0.2852,44588.3
1753591911201,04:51:51.201,binance,1INCH/USDT:USDT,0.2848,7494.0,0.2847,21375.0,0.2849,3498.0,0.285,23342.0
1753591911110,04:51:51.110,mexc,1INCH/USDT:USDT,0.2848,17533,0.2847,50373,0.2849,7712,0.285,89805
1753591911283,04:51:51.283,bitget,1INCH/USDT:USDT,0.285,1997.9,0.2849,52289.3,0.2851,11021.2,0.2852,44588.3
1753591911367,04:51:51.367,bybit,1INCH/USDT:USDT,0.285,4163.2,0.2849,7953.3,0.2851,1412.3,0.2852,9179.5
1753591911378,04:51:51.378,binance,1INCH/USDT:USDT,0.2848,7494.0,0.2847,21375.0,0.2849,3498.0,0.285,23342.0
1753591911404,04:51:51.404,okx,1INCH/USDT:USDT,0.2847,1955.0,0.2846,15507.0,0.2848,1586.0,0.2849,11024.0
1753591911467,04:51:51.467,bybit,1INCH/USDT:USDT,0.285,4163.2,0.2849,7953.3,0.2851,1412.3,0.2852,9179.5
1753591911433,04:51:51.433,bitget,1INCH/USDT:USDT,0.285,1997.9,0.2849,52289.3,0.2851,11021.2,0.2852,44588.3
1753591911504,04:51:51.504,okx,1INCH/USDT:USDT,0.2847,1955.0,0.2846,15507.0,0.2848,1586.0,0.2849,10756.0
1753591911513,04:51:51.513,mexc,1INCH/USDT:USDT,0.2848,17533,0.2847,50373,0.2849,7712,0.285,89805
1753591911583,04:51:51.583,bitget,1INCH/USDT:USDT,0.285,1997.9,0.2849,52289.3,0.2851,11021.2,0.2852,44588.3
1753591911704,04:51:51.704,okx,1INCH/USDT:USDT,0.2847,1329.0,0.2846,15507.0,0.2848,1763.0,0.2849,10756.0
1753591911699,04:51:51.699,huobi,1INCH/USDT:USDT,0.2847,105.0,0.2846,350.0,0.2848,3425.0,0.2849,3425.0
1753591911701,04:51:51.701,binance,1INCH/USDT:USDT,0.2848,7402.0,0.2847,18375.0,0.2849,6498.0,0.285,23342.0
1753591911611,04:51:51.611,mexc,1INCH/USDT:USDT,0.2848,17533,0.2847,50373,0.2849,7712,0.285,69751
1753591911767,04:51:51.767,bybit,1INCH/USDT:USDT,0.285,3013.0,0.2849,4249.5,0.2851,1562.5,0.2852,9179.5
1753591911733,04:51:51.733,bitget,1INCH/USDT:USDT,0.285,1677.2,0.2849,52289.3,0.2851,11196.6,0.2852,44588.3
1753591911771,04:51:51.771,gateio,1INCH/USDT:USDT,0.2847,727.0,0.2846,213.0,0.285,213.0,0.2851,420.0
1753591911803,04:51:51.803,binance,1INCH/USDT:USDT,0.2848,2009.0,0.2847,18375.0,0.2849,8878.0,0.285,22072.0
1753591911868,04:51:51.868,bybit,1INCH/USDT:USDT,0.285,528.3,0.2849,4249.5,0.2851,4158.1,0.2852,9179.5
1753591911811,04:51:51.811,gateio,1INCH/USDT:USDT,0.2848,218.0,0.2847,727.0,0.285,213.0,0.2851,420.0
1753591911904,04:51:51.904,okx,1INCH/USDT:USDT,0.2847,169.0,0.2846,7103.0,0.2848,2246.0,0.2849,11024.0
1753591911905,04:51:51.905,binance,1INCH/USDT:USDT,0.2848,2067.0,0.2847,15794.0,0.2849,8936.0,0.285,22902.0
1753591911966,04:51:51.966,bybit,1INCH/USDT:USDT,0.285,528.3,0.2849,4249.5,0.2851,4823.1,0.2852,9179.5
1753591912004,04:51:52.004,okx,1INCH/USDT:USDT,0.2847,431.0,0.2846,7558.0,0.2848,1763.0,0.2849,10756.0
1753591912010,04:51:52.010,binance,1INCH/USDT:USDT,0.2848,2067.0,0.2847,16548.0,0.2849,8936.0,0.285,22785.0
1753591912017,04:51:52.017,huobi,1INCH/USDT:USDT,0.2847,464.0,0.2846,350.0,0.2848,3425.0,0.2849,3425.0
1753591912026,04:51:52.026,huobi,1INCH/USDT:USDT,0.2847,105.0,0.2846,350.0,0.2848,3425.0,0.2849,3425.0
1753591912067,04:51:52.067,bybit,1INCH/USDT:USDT,0.285,1903.1,0.2849,4249.5,0.2851,1903.1,0.2852,9179.5
1753591912012,04:51:52.012,mexc,1INCH/USDT:USDT,0.2848,17533,0.2847,50373,0.2849,7712,0.285,69751
1753591912033,04:51:52.033,bitget,1INCH/USDT:USDT,0.2849,18176.2,0.2848,26961.3,0.285,9387.4,0.2851,8762.3
1753591912018,04:51:52.018,gateio,1INCH/USDT:USDT,0.2848,218.0,0.2847,727.0,0.285,213.0,0.2851,420.0
1753591912104,04:51:52.104,okx,1INCH/USDT:USDT,0.2847,608.0,0.2846,9498.0,0.2848,1586.0,0.2849,10756.0
1753591912110,04:51:52.110,phemex,1INCH/USDT:USDT,0.2848,2959.0,0.2847,4283.0,0.2849,1432.0,0.285,4660.0
1753591912167,04:51:52.167,bybit,1INCH/USDT:USDT,0.285,1903.1,0.2849,4249.5,0.2851,1808.1,0.2852,9179.5
1753591912151,04:51:52.151,binance,1INCH/USDT:USDT,0.2848,3908.0,0.2847,16548.0,0.2849,5936.0,0.285,22785.0
1753591912176,04:51:52.176,phemex,1INCH/USDT:USDT,0.2848,2959.0,0.2847,4283.0,0.2849,1432.0,0.285,4660.0
1753591912172,04:51:52.172,huobi,1INCH/USDT:USDT,0.2847,464.0,0.2846,350.0,0.2848,3425.0,0.2849,3425.0
1753591912180,04:51:52.180,huobi,1INCH/USDT:USDT,0.2847,105.0,0.2846,350.0,0.2848,3425.0,0.2849,3425.0
1753591912183,04:51:52.183,bitget,1INCH/USDT:USDT,0.2849,23091.0,0.2848,26961.3,0.2851,17204.4,0.2852,34877.5
1753591912204,04:51:52.204,okx,1INCH/USDT:USDT,0.2847,608.0,0.2846,9498.0,0.2848,1586.0,0.2849,10756.0
1753591912112,04:51:52.112,mexc,1INCH/USDT:USDT,0.2848,17533,0.2847,50373,0.2849,7712,0.285,69751
1753591912256,04:51:52.256,binance,1INCH/USDT:USDT,0.2848,3908.0,0.2847,16548.0,0.2849,5936.0,0.285,22785.0
1753591912323,04:51:52.323,huobi,1INCH/USDT:USDT,0.2847,464.0,0.2846,350.0,0.2848,3425.0,0.2849,3425.0
1753591912333,04:51:52.333,bitget,1INCH/USDT:USDT,0.285,2005.0,0.2849,28960.9,0.2851,7493.8,0.2852,44591.8
1753591912331,04:51:52.331,huobi,1INCH/USDT:USDT,0.2847,105.0,0.2846,350.0,0.2848,3425.0,0.2849,3425.0
1753591912404,04:51:52.404,okx,1INCH/USDT:USDT,0.2847,1064.0,0.2846,9498.0,0.2848,1586.0,0.2849,10756.0
1753591912243,04:51:52.243,mexc,1INCH/USDT:USDT,0.2848,8130,0.2847,38799,0.2849,14519,0.285,57177
1753591912460,04:51:52.460,binance,1INCH/USDT:USDT,0.2848,3908.0,0.2847,16548.0,0.2849,5936.0,0.285,22785.0
1753591912477,04:51:52.477,huobi,1INCH/USDT:USDT,0.2847,464.0,0.2846,350.0,0.2848,3425.0,0.2849,3425.0
1753591912483,04:51:52.483,bitget,1INCH/USDT:USDT,0.285,2005.0,0.2849,54745.8,0.2851,7493.8,0.2852,44591.8
1753591912504,04:51:52.504,okx,1INCH/USDT:USDT,0.2847,1064.0,0.2846,9498.0,0.2848,1586.0,0.2849,11024.0
1753591912633,04:51:52.633,bitget,1INCH/USDT:USDT,0.285,2005.0,0.2849,54745.8,0.2851,10012.4,0.2852,44591.8
1753591912664,04:51:52.664,huobi,1INCH/USDT:USDT,0.2847,464.0,0.2846,350.0,0.2848,3425.0,0.2849,3425.0
1753591912784,04:51:52.784,bitget,1INCH/USDT:USDT,0.285,2005.0,0.2849,51832.0,0.2851,10012.4,0.2852,44591.8
1753591912818,04:51:52.818,huobi,1INCH/USDT:USDT,0.2847,464.0,0.2846,350.0,0.2848,3425.0,0.2849,3425.0
1753591912611,04:51:52.611,mexc,1INCH/USDT:USDT,0.2848,8130,0.2847,38799,0.2849,14519,0.285,57177
1753591912867,04:51:52.867,bybit,1INCH/USDT:USDT,0.285,1903.1,0.2849,4249.5,0.2851,1412.3,0.2852,9179.5
1753591912966,04:51:52.966,bybit,1INCH/USDT:USDT,0.285,1903.1,0.2849,4249.5,0.2851,1412.3,0.2852,9179.5
1753591912934,04:51:52.934,bitget,1INCH/USDT:USDT,0.285,2005.0,0.2849,51832.0,0.2851,11273.6,0.2852,44591.8
1753591913012,04:51:53.012,huobi,1INCH/USDT:USDT,0.2847,464.0,0.2846,350.0,0.2848,3425.0,0.2849,3425.0
1753591913019,04:51:53.019,huobi,1INCH/USDT:USDT,0.2847,105.0,0.2846,350.0,0.2848,3425.0,0.2849,3425.0
1753591913097,04:51:53.097,mexc,1INCH/USDT:USDT,0.2848,8130,0.2847,38799,0.2849,14519,0.285,57177
1753591913267,04:51:53.267,bybit,1INCH/USDT:USDT,0.285,2903.1,0.2849,4249.5,0.2851,1412.3,0.2852,9179.5
1753591913234,04:51:53.234,bitget,1INCH/USDT:USDT,0.285,2005.0,0.2849,51832.0,0.2851,11273.6,0.2852,44591.8
1753591913304,04:51:53.304,okx,1INCH/USDT:USDT,0.2847,432.0,0.2846,9498.0,0.2848,1586.0,0.2849,11024.0
1753591913112,04:51:53.112,mexc,1INCH/USDT:USDT,0.2848,8130,0.2847,45797,0.2849,14519,0.285,57177
1753591913366,04:51:53.366,bybit,1INCH/USDT:USDT,0.285,2903.1,0.2849,4249.5,0.2851,1562.5,0.2852,9179.5
1753591913384,04:51:53.384,bitget,1INCH/USDT:USDT,0.285,2005.0,0.2849,51832.0,0.2851,11273.6,0.2852,44591.8
1753591913404,04:51:53.404,okx,1INCH/USDT:USDT,0.2847,432.0,0.2846,9498.0,0.2848,1605.0,0.2849,11024.0
1753591913397,04:51:53.397,binance,1INCH/USDT:USDT,0.2848,3908.0,0.2847,16548.0,0.2849,5936.0,0.285,22785.0
1753591913504,04:51:53.504,okx,1INCH/USDT:USDT,0.2847,439.0,0.2846,9494.0,0.2848,1605.0,0.2849,11024.0
1753591913518,04:51:53.518,mexc,1INCH/USDT:USDT,0.2848,8130,0.2847,45797,0.2849,14519,0.285,57177
1753591913534,04:51:53.534,bitget,1INCH/USDT:USDT,0.285,2005.0,0.2849,51832.0,0.2851,11273.6,0.2852,44591.8
1753591913667,04:51:53.667,bybit,1INCH/USDT:USDT,0.285,2903.1,0.2849,4249.5,0.2851,1487.4,0.2852,9179.5
1753591913684,04:51:53.684,bitget,1INCH/USDT:USDT,0.285,2005.0,0.2849,51832.0,0.2851,11273.6,0.2852,44591.8
1753591913610,04:51:53.610,mexc,1INCH/USDT:USDT,0.2848,8130,0.2847,51605,0.2849,14519,0.285,91516
1753591913834,04:51:53.834,bitget,1INCH/USDT:USDT,0.285,2005.0,0.2849,51832.0,0.2851,11273.6,0.2852,44591.8
1753591913984,04:51:53.984,bitget,1INCH/USDT:USDT,0.285,2005.0,0.2849,51832.0,0.2851,11273.6,0.2852,44591.8
1753591914004,04:51:54.004,okx,1INCH/USDT:USDT,0.2847,439.0,0.2846,9494.0,0.2848,1605.0,0.2849,11024.0
1753591914013,04:51:54.013,mexc,1INCH/USDT:USDT,0.2848,8130,0.2847,46193,0.2849,14519,0.285,91516
1753591914104,04:51:54.104,okx,1INCH/USDT:USDT,0.2847,439.0,0.2846,9494.0,0.2848,1605.0,0.2849,11024.0
1753591914134,04:51:54.134,bitget,1INCH/USDT:USDT,0.285,2005.0,0.2849,51832.0,0.2851,11273.6,0.2852,44591.8
1753591914114,04:51:54.114,mexc,1INCH/USDT:USDT,0.2848,8130,0.2847,49677,0.2849,14519,0.285,57177
1753591914284,04:51:54.284,bitget,1INCH/USDT:USDT,0.285,2005.0,0.2849,51832.0,0.2851,11273.6,0.2852,44591.8
1753591914434,04:51:54.434,bitget,1INCH/USDT:USDT,0.285,2005.0,0.2849,51832.0,0.2851,11273.6,0.2852,44591.8
1753591914502,04:51:54.502,binance,1INCH/USDT:USDT,0.2848,3908.0,0.2847,16548.0,0.2849,5936.0,0.285,22785.0
1753591914516,04:51:54.516,mexc,1INCH/USDT:USDT,0.2848,8130,0.2847,49677,0.2849,14519,0.285,57177
1753591914585,04:51:54.585,bitget,1INCH/USDT:USDT,0.285,2005.0,0.2849,51832.0,0.2851,11273.6,0.2852,44591.8
1753591914667,04:51:54.667,bybit,1INCH/USDT:USDT,0.285,2903.1,0.2849,4249.5,0.2851,1487.4,0.2852,9179.5
1753591914611,04:51:54.611,mexc,1INCH/USDT:USDT,0.2848,8130,0.2847,48829,0.2849,14519,0.285,68286
1753591914735,04:51:54.735,bitget,1INCH/USDT:USDT,0.285,327.8,0.2849,51832.0,0.2851,11648.1,0.2852,44591.8
1753591914741,04:51:54.741,binance,1INCH/USDT:USDT,0.2848,3908.0,0.2847,16529.0,0.2849,5955.0,0.285,22785.0
1753591914804,04:51:54.804,okx,1INCH/USDT:USDT,0.2847,439.0,0.2846,9494.0,0.2848,1605.0,0.2849,11024.0
1753591914866,04:51:54.866,bybit,1INCH/USDT:USDT,0.285,1903.1,0.2849,4249.5,0.2851,1562.5,0.2852,9179.5
1753591914885,04:51:54.885,bitget,1INCH/USDT:USDT,0.285,327.8,0.2849,70456.6,0.2851,11648.1,0.2852,44591.8
1753591914911,04:51:54.911,binance,1INCH/USDT:USDT,0.2848,3908.0,0.2847,16529.0,0.2849,5955.0,0.285,22785.0
1753591915013,04:51:55.013,mexc,1INCH/USDT:USDT,0.2848,8130,0.2847,48829,0.2849,14519,0.285,57177
1753591915102,04:51:55.102,binance,1INCH/USDT:USDT,0.2848,3908.0,0.2847,16529.0,0.2849,5955.0,0.285,22785.0
1753591915112,04:51:55.112,mexc,1INCH/USDT:USDT,0.2848,8130,0.2847,38799,0.2849,14519,0.285,57177
1753591915222,04:51:55.222,huobi,1INCH/USDT:USDT,0.2847,464.0,0.2846,350.0,0.2848,3425.0,0.2849,3425.0
1753591915266,04:51:55.266,bybit,1INCH/USDT:USDT,0.285,1903.1,0.2849,4249.5,0.2851,1562.5,0.2852,9179.5
1753591915249,04:51:55.249,binance,1INCH/USDT:USDT,0.2848,3908.0,0.2847,16530.0,0.2849,5971.0,0.285,22785.0
1753591915367,04:51:55.367,bybit,1INCH/USDT:USDT,0.285,1903.1,0.2849,4249.5,0.2851,1562.5,0.2852,9179.5
1753591915335,04:51:55.335,bitget,1INCH/USDT:USDT,0.285,327.8,0.2849,70456.6,0.2851,11273.6,0.2852,44591.8
1753591857248,04:50:57.248,blofin,1INCH/USDT:USDT,0.2845,532.0,0.2842,852.0,0.2847,378.0,0.2852,74394.0
1753591915404,04:51:55.404,okx,1INCH/USDT:USDT,0.2847,439.0,0.2846,9494.0,0.2848,1605.0,0.2849,11024.0
1753591915466,04:51:55.466,bybit,1INCH/USDT:USDT,0.285,1907.8,0.2849,4249.5,0.2851,1487.4,0.2852,9179.5
1753591915485,04:51:55.485,bitget,1INCH/USDT:USDT,0.285,327.8,0.2849,70456.6,0.2851,11273.6,0.2852,44591.8
1753591915512,04:51:55.512,mexc,1INCH/USDT:USDT,0.2848,8130,0.2847,38799,0.2849,14519,0.285,57177
1753591915638,04:51:55.638,mexc,1INCH/USDT:USDT,0.2848,8130,0.2847,38799,0.2849,14519,0.285,57177
1753591915785,04:51:55.785,bitget,1INCH/USDT:USDT,0.285,327.8,0.2849,70456.6,0.2851,11273.6,0.2852,44591.8
1753591916013,04:51:56.013,mexc,1INCH/USDT:USDT,0.2848,8130,0.2847,38799,0.2849,14519,0.285,57177
1753591916085,04:51:56.085,bitget,1INCH/USDT:USDT,0.285,327.8,0.2849,70456.6,0.2851,11273.6,0.2852,44591.8
1753591916189,04:51:56.189,binance,1INCH/USDT:USDT,0.2848,3908.0,0.2847,16530.0,0.2849,5971.0,0.285,22785.0
1753591916112,04:51:56.112,mexc,1INCH/USDT:USDT,0.2848,8130,0.2847,38799,0.2849,14519,0.285,57177
1753591916235,04:51:56.235,bitget,1INCH/USDT:USDT,0.285,327.8,0.2849,70456.6,0.2851,11273.6,0.2852,44591.8
1753591916302,04:51:56.302,binance,1INCH/USDT:USDT,0.2848,3908.0,0.2847,16530.0,0.2849,5971.0,0.285,22785.0
1753591916344,04:51:56.344,phemex,1INCH/USDT:USDT,0.2848,2959.0,0.2847,4283.0,0.2849,1432.0,0.285,4660.0
1753591916386,04:51:56.386,bitget,1INCH/USDT:USDT,0.285,327.8,0.2849,70456.6,0.2851,11273.6,0.2852,44591.8
1753591916501,04:51:56.501,binance,1INCH/USDT:USDT,0.2848,3908.0,0.2847,16530.0,0.2849,5971.0,0.285,22785.0
1753591916511,04:51:56.511,mexc,1INCH/USDT:USDT,0.2848,8130,0.2847,38799,0.2849,14519,0.285,57177
1753591916536,04:51:56.536,bitget,1INCH/USDT:USDT,0.285,327.8,0.2849,70456.6,0.2851,11273.6,0.2852,44591.8
1753591916686,04:51:56.686,bitget,1INCH/USDT:USDT,0.285,327.8,0.2849,70456.6,0.2851,11273.6,0.2852,44591.8
1753591916612,04:51:56.612,mexc,1INCH/USDT:USDT,0.2848,8130,0.2847,38799,0.2849,14519,0.285,57177
1753591916718,04:51:56.718,huobi,1INCH/USDT:USDT,0.2847,105.0,0.2846,350.0,0.2848,3425.0,0.2849,3425.0
1753591916766,04:51:56.766,bybit,1INCH/USDT:USDT,0.285,1907.8,0.2849,4249.5,0.2851,1487.4,0.2852,9179.5
1753591916817,04:51:56.817,binance,1INCH/USDT:USDT,0.2848,3908.0,0.2847,16530.0,0.2849,5971.0,0.285,22785.0
1753591916836,04:51:56.836,bitget,1INCH/USDT:USDT,0.285,327.8,0.2849,70456.6,0.2851,11273.6,0.2852,44591.8
1753591916818,04:51:56.818,gateio,1INCH/USDT:USDT,0.2848,218.0,0.2847,727.0,0.285,213.0,0.2851,420.0
1753591916986,04:51:56.986,bitget,1INCH/USDT:USDT,0.285,327.8,0.2849,51832.0,0.2851,11273.6,0.2852,44591.8
1753591917001,04:51:57.001,binance,1INCH/USDT:USDT,0.2848,3908.0,0.2847,16530.0,0.2849,5971.0,0.285,22785.0
1753591917014,04:51:57.014,mexc,1INCH/USDT:USDT,0.2848,8130,0.2847,38799,0.2849,14519,0.285,57177
1753591917067,04:51:57.067,bybit,1INCH/USDT:USDT,0.285,1907.8,0.2849,4249.5,0.2851,1394.7,0.2852,9179.5
1753591917053,04:51:57.053,gateio,1INCH/USDT:USDT,0.2848,218.0,0.2847,727.0,0.285,213.0,0.2851,420.0
1753591917114,04:51:57.114,huobi,1INCH/USDT:USDT,0.2847,105.0,0.2846,350.0,0.2848,3425.0,0.2849,3425.0
1753591917167,04:51:57.167,bybit,1INCH/USDT:USDT,0.285,1907.8,0.2849,4249.5,0.2851,1394.7,0.2852,9179.5
1753591917136,04:51:57.136,bitget,1INCH/USDT:USDT,0.285,327.8,0.2849,51832.0,0.2851,11273.6,0.2852,44591.8
1753591917179,04:51:57.179,binance,1INCH/USDT:USDT,0.2848,3908.0,0.2847,16530.0,0.2849,5988.0,0.285,22785.0
1753591917115,04:51:57.115,mexc,1INCH/USDT:USDT,0.2848,8130,0.2847,51353,0.2849,14519,0.285,57177
1753591917267,04:51:57.267,bybit,1INCH/USDT:USDT,0.285,1907.8,0.2849,4249.5,0.2851,1544.9,0.2852,9179.5
1753591917286,04:51:57.286,bitget,1INCH/USDT:USDT,0.285,327.8,0.2849,51832.0,0.2851,11273.6,0.2852,44591.8
1753591917304,04:51:57.304,okx,1INCH/USDT:USDT,0.2847,439.0,0.2846,9039.0,0.2848,2088.0,0.2849,11024.0
1753591917354,04:51:57.354,binance,1INCH/USDT:USDT,0.2848,3908.0,0.2847,16530.0,0.2849,6279.0,0.285,22785.0
1753591917436,04:51:57.436,bitget,1INCH/USDT:USDT,0.285,327.8,0.2849,51832.0,0.2851,11273.6,0.2852,44591.8
1753591917502,04:51:57.502,binance,1INCH/USDT:USDT,0.2848,3908.0,0.2847,16530.0,0.2849,6279.0,0.285,22785.0
1753591917515,04:51:57.515,mexc,1INCH/USDT:USDT,0.2848,8130,0.2847,38799,0.2849,14519,0.285,57177
1753591917586,04:51:57.586,bitget,1INCH/USDT:USDT,0.285,327.8,0.2849,51832.0,0.2851,11273.6,0.2852,44591.8
1753591917613,04:51:57.613,mexc,1INCH/USDT:USDT,0.2848,8130,0.2847,38799,0.2849,14519,0.285,57177
1753591917736,04:51:57.736,bitget,1INCH/USDT:USDT,0.285,327.8,0.2849,51832.0,0.2851,11273.6,0.2852,44591.8
1753591917886,04:51:57.886,bitget,1INCH/USDT:USDT,0.285,327.8,0.2849,51832.0,0.2851,11273.6,0.2852,44591.8
1753591918001,04:51:58.001,binance,1INCH/USDT:USDT,0.2848,3908.0,0.2847,16530.0,0.2849,6279.0,0.285,22785.0
1753591918014,04:51:58.014,mexc,1INCH/USDT:USDT,0.2848,8130,0.2847,38799,0.2849,14519,0.285,57177
1753591918066,04:51:58.066,bybit,1INCH/USDT:USDT,0.285,1907.8,0.2849,4249.5,0.2851,1544.9,0.2852,9179.5
1753591918036,04:51:58.036,bitget,1INCH/USDT:USDT,0.285,327.8,0.2849,51832.0,0.2851,11273.6,0.2852,44591.8
1753591918117,04:51:58.117,mexc,1INCH/USDT:USDT,0.2848,8130,0.2847,38799,0.2849,14519,0.285,57177
1753591918304,04:51:58.304,okx,1INCH/USDT:USDT,0.2847,439.0,0.2846,9039.0,0.2848,2265.0,0.2849,10756.0
1753591918337,04:51:58.337,bitget,1INCH/USDT:USDT,0.285,327.8,0.2849,51832.0,0.2851,11273.6,0.2852,44591.8
1753591918245,04:51:58.245,mexc,1INCH/USDT:USDT,0.2848,11238,0.2847,37405,0.2849,15965,0.285,50992
1753591918487,04:51:58.487,bitget,1INCH/USDT:USDT,0.285,327.8,0.2849,51832.0,0.2851,11273.6,0.2852,44591.8
1753591918539,04:51:58.539,binance,1INCH/USDT:USDT,0.2848,3908.0,0.2847,16530.0,0.2849,6279.0,0.285,22785.0
1753591918637,04:51:58.637,bitget,1INCH/USDT:USDT,0.285,327.8,0.2849,51832.0,0.2851,11273.6,0.2852,44591.8
1753591918701,04:51:58.701,binance,1INCH/USDT:USDT,0.2848,3908.0,0.2847,16530.0,0.2849,6279.0,0.285,22785.0
1753591918787,04:51:58.787,bitget,1INCH/USDT:USDT,0.285,327.8,0.2849,51832.0,0.2851,11273.6,0.2852,44591.8
1753591918612,04:51:58.612,mexc,1INCH/USDT:USDT,0.2848,11238,0.2847,37405,0.2849,15965,0.285,50992
1753591918899,04:51:58.899,binance,1INCH/USDT:USDT,0.2848,3908.0,0.2847,16530.0,0.2849,6279.0,0.285,22785.0
1753591918937,04:51:58.937,bitget,1INCH/USDT:USDT,0.285,327.8,0.2849,51832.0,0.2851,11273.6,0.2852,44591.8
1753591919014,04:51:59.014,mexc,1INCH/USDT:USDT,0.2848,11238,0.2847,37405,0.2849,15965,0.285,50992
1753591919073,04:51:59.073,gateio,1INCH/USDT:USDT,0.2847,727.0,0.2846,213.0,0.285,213.0,0.2851,420.0
1753591919104,04:51:59.104,okx,1INCH/USDT:USDT,0.2847,177.0,0.2846,7099.0,0.2848,2265.0,0.2849,11374.0
1753591919166,04:51:59.166,bybit,1INCH/USDT:USDT,0.285,533.0,0.2849,4249.5,0.2851,2544.9,0.2852,9179.5
1753591919148,04:51:59.148,gateio,1INCH/USDT:USDT,0.2848,218.0,0.2847,727.0,0.285,213.0,0.2851,420.0
1753591919186,04:51:59.186,binance,1INCH/USDT:USDT,0.2848,240.0,0.2847,13961.0,0.2849,6235.0,0.285,22785.0
1753591919204,04:51:59.204,okx,1INCH/USDT:USDT,0.2847,427.0,0.2846,7099.0,0.2848,2265.0,0.2849,11106.0
1753591919115,04:51:59.115,mexc,1INCH/USDT:USDT,0.2848,11238,0.2847,37405,0.2849,15965,0.285,72609
1753591919237,04:51:59.237,bitget,1INCH/USDT:USDT,0.2849,23091.0,0.2848,45649.3,0.285,8915.8,0.2851,18531.8
1753591919304,04:51:59.304,okx,1INCH/USDT:USDT,0.2847,427.0,0.2846,7099.0,0.2848,2265.0,0.2849,11106.0
1753591919294,04:51:59.294,binance,1INCH/USDT:USDT,0.2848,240.0,0.2847,15753.0,0.2849,6275.0,0.285,22785.0
1753591919387,04:51:59.387,bitget,1INCH/USDT:USDT,0.2849,23091.0,0.2848,32137.5,0.285,8915.8,0.2851,24466.2
1753591919515,04:51:59.515,mexc,1INCH/USDT:USDT,0.2848,11238,0.2847,37405,0.2849,15965,0.285,72609
1753591919566,04:51:59.566,bybit,1INCH/USDT:USDT,0.285,775.1,0.2849,4249.5,0.2851,2544.9,0.2852,9179.5
1753591919537,04:51:59.537,bitget,1INCH/USDT:USDT,0.2849,23091.0,0.2848,32137.5,0.285,8915.8,0.2851,24466.2
1753591919488,04:51:59.488,gateio,1INCH/USDT:USDT,0.2848,218.0,0.2847,727.0,0.285,213.0,0.2851,420.0
1753591919604,04:51:59.604,okx,1INCH/USDT:USDT,0.2847,420.0,0.2846,7099.0,0.2848,2396.0,0.2849,11106.0
1753591919667,04:51:59.667,bybit,1INCH/USDT:USDT,0.285,775.1,0.2849,4249.5,0.2851,2544.9,0.2852,9179.5
1753591919667,04:51:59.667,binance,1INCH/USDT:USDT,0.2848,240.0,0.2847,15753.0,0.2849,9275.0,0.285,22785.0
1753591919704,04:51:59.704,okx,1INCH/USDT:USDT,0.2847,420.0,0.2846,7099.0,0.2848,2396.0,0.2849,11106.0
1753591919687,04:51:59.687,bitget,1INCH/USDT:USDT,0.2849,23091.0,0.2848,32137.5,0.285,8915.8,0.2851,24466.2
1753591919613,04:51:59.613,mexc,1INCH/USDT:USDT,0.2848,11238,0.2847,48812,0.2849,15965,0.285,50992
1753591919804,04:51:59.804,okx,1INCH/USDT:USDT,0.2847,420.0,0.2846,7099.0,0.2848,2396.0,0.2849,11106.0
1753591919867,04:51:59.867,bybit,1INCH/USDT:USDT,0.285,775.1,0.2849,4249.5,0.2851,2544.9,0.2852,9179.5
1753591919837,04:51:59.837,bitget,1INCH/USDT:USDT,0.2849,23091.0,0.2848,32137.5,0.285,8915.8,0.2851,24466.2
1753591919904,04:51:59.904,okx,1INCH/USDT:USDT,0.2847,420.0,0.2846,7099.0,0.2848,2396.0,0.2849,11106.0
1753591919950,04:51:59.950,phemex,1INCH/USDT:USDT,0.2846,6229.0,0.2845,16569.0,0.2849,1432.0,0.285,6609.0
1753591919925,04:51:59.925,huobi,1INCH/USDT:USDT,0.2847,105.0,0.2846,350.0,0.2848,3425.0,0.2849,3425.0
1753591919967,04:51:59.967,bybit,1INCH/USDT:USDT,0.285,273.5,0.2849,4249.5,0.2851,2846.7,0.2852,12533.4
1753591919916,04:51:59.916,gateio,1INCH/USDT:USDT,0.2846,213.0,0.2845,2542.0,0.285,213.0,0.2851,420.0
1753591919982,04:51:59.982,phemex,1INCH/USDT:USDT,0.2846,6229.0,0.2845,16569.0,0.2849,1432.0,0.285,6609.0
1753591919981,04:51:59.981,huobi,1INCH/USDT:USDT,0.2847,105.0,0.2846,350.0,0.2848,3425.0,0.2849,3425.0
1753591919988,04:51:59.988,bitget,1INCH/USDT:USDT,0.2849,3309.0,0.2848,32137.5,0.285,9290.3,0.2851,29909.9
1753591920004,04:52:00.004,okx,1INCH/USDT:USDT,0.2847,170.0,0.2846,7099.0,0.2848,2396.0,0.2849,11900.0
1753591920014,04:52:00.014,binance,1INCH/USDT:USDT,0.2847,7402.0,0.2846,24395.0,0.2848,2186.0,0.2849,9351.0
1753591920015,04:52:00.015,mexc,1INCH/USDT:USDT,0.2848,11238,0.2847,48812,0.2849,15965,0.285,50992
1753591920066,04:52:00.066,bybit,1INCH/USDT:USDT,0.285,273.5,0.2849,4249.5,0.2851,2846.7,0.2852,12533.4
1753591920104,04:52:00.104,okx,1INCH/USDT:USDT,0.2847,170.0,0.2846,7099.0,0.2848,2431.0,0.2849,11632.0
1753591920117,04:52:00.117,binance,1INCH/USDT:USDT,0.2847,7376.0,0.2846,24395.0,0.2848,2244.0,0.2849,9351.0
1753591920167,04:52:00.167,bybit,1INCH/USDT:USDT,0.285,273.5,0.2849,4249.5,0.2851,2846.7,0.2852,12533.4
1753591920138,04:52:00.138,bitget,1INCH/USDT:USDT,0.2849,3309.0,0.2848,32137.5,0.285,9697.7,0.2851,29909.9
1753591920152,04:52:00.152,gateio,1INCH/USDT:USDT,0.2846,213.0,0.2845,2542.0,0.2849,218.0,0.285,1335.0
1753591920204,04:52:00.204,okx,1INCH/USDT:USDT,0.2847,170.0,0.2846,7099.0,0.2848,2431.0,0.2849,11632.0
1753591920115,04:52:00.115,mexc,1INCH/USDT:USDT,0.2848,11238,0.2847,44429,0.2849,15965,0.285,74612
1753591920220,04:52:00.220,binance,1INCH/USDT:USDT,0.2847,8283.0,0.2846,24395.0,0.2848,2244.0,0.2849,8216.0
1753591920288,04:52:00.288,bitget,1INCH/USDT:USDT,0.2849,3309.0,0.2848,32137.5,0.285,10651.2,0.2851,29909.9
1753591920322,04:52:00.322,huobi,1INCH/USDT:USDT,0.2847,105.0,0.2846,350.0,0.2848,3425.0,0.2849,3425.0
1753591920367,04:52:00.367,bybit,1INCH/USDT:USDT,0.285,273.5,0.2849,4249.5,0.2851,2846.7,0.2852,12533.4
1753591920404,04:52:00.404,okx,1INCH/USDT:USDT,0.2847,170.0,0.2846,7099.0,0.2848,2431.0,0.2849,11632.0
1753591857747,04:50:57.747,blofin,1INCH/USDT:USDT,0.2845,532.0,0.2841,129585.0,0.2847,378.0,0.2852,74394.0
1753591920438,04:52:00.438,bitget,1INCH/USDT:USDT,0.2849,3309.0,0.2848,32137.5,0.285,10651.2,0.2851,29909.9
1753591920504,04:52:00.504,okx,1INCH/USDT:USDT,0.2846,305.0,0.2845,6677.0,0.2847,48.0,0.2848,5269.0
1753591920100,04:52:00.100,phemex,1INCH/USDT:USDT,0.2846,6229.0,0.2845,16569.0,0.2849,3432.0,0.285,6609.0
1753591920514,04:52:00.514,mexc,1INCH/USDT:USDT,0.2848,11238,0.2847,44429,0.2849,15965,0.285,50992
1753591920523,04:52:00.523,huobi,1INCH/USDT:USDT,0.2847,105.0,0.2846,350.0,0.2848,3425.0,0.2849,3425.0
1753591920567,04:52:00.567,bybit,1INCH/USDT:USDT,0.285,273.5,0.2849,4196.7,0.2851,3197.5,0.2852,12533.4
1753591920574,04:52:00.574,binance,1INCH/USDT:USDT,0.2847,7376.0,0.2846,22377.0,0.2848,4014.0,0.2849,9570.0
1753591920539,04:52:00.539,gateio,1INCH/USDT:USDT,0.2846,213.0,0.2845,2542.0,0.285,213.0,0.2851,420.0
1753591920604,04:52:00.604,okx,1INCH/USDT:USDT,0.2846,307.0,0.2845,10858.0,0.2847,1178.0,0.2848,9536.0
1753591920588,04:52:00.588,bitget,1INCH/USDT:USDT,0.2849,320.7,0.2848,32137.5,0.285,11025.7,0.2851,29909.9
1753591920648,04:52:00.648,gateio,1INCH/USDT:USDT,0.2846,213.0,0.2845,2542.0,0.2849,218.0,0.285,2220.0
1753591920685,04:52:00.685,binance,1INCH/USDT:USDT,0.2847,7376.0,0.2846,22180.0,0.2848,4014.0,0.2849,9570.0
1753591920704,04:52:00.704,okx,1INCH/USDT:USDT,0.2846,307.0,0.2845,10858.0,0.2847,1703.0,0.2848,9366.0
1753591920612,04:52:00.612,mexc,1INCH/USDT:USDT,0.2848,11238,0.2847,37405,0.2849,15965,0.285,50992
1753591920768,04:52:00.768,bybit,1INCH/USDT:USDT,0.285,273.5,0.2849,4196.7,0.2851,3372.9,0.2852,12533.4
1753591920738,04:52:00.738,bitget,1INCH/USDT:USDT,0.2849,320.7,0.2848,32137.5,0.285,11025.7,0.2851,39254.7
1753591920777,04:52:00.777,huobi,1INCH/USDT:USDT,0.2847,105.0,0.2844,343.0,0.2848,3425.0,0.2849,3425.0
1753591920787,04:52:00.787,binance,1INCH/USDT:USDT,0.2847,7376.0,0.2846,22180.0,0.2848,4014.0,0.2849,9570.0
1753591920804,04:52:00.804,okx,1INCH/USDT:USDT,0.2846,307.0,0.2845,10858.0,0.2847,1178.0,0.2848,9366.0
1753591920819,04:52:00.819,huobi,1INCH/USDT:USDT,0.2844,343.0,0.2843,3424.0,0.2848,3425.0,0.2849,3425.0
1753591920867,04:52:00.867,bybit,1INCH/USDT:USDT,0.285,273.5,0.2849,4196.7,0.2851,3372.9,0.2852,12533.4
1753591920883,04:52:00.883,huobi,1INCH/USDT:USDT,0.2845,105.0,0.2844,343.0,0.2847,348.0,0.2848,3425.0
1753591920904,04:52:00.904,okx,1INCH/USDT:USDT,0.2846,312.0,0.2845,10858.0,0.2847,1178.0,0.2848,9366.0
1753591920888,04:52:00.888,bitget,1INCH/USDT:USDT,0.2849,320.7,0.2848,32137.5,0.285,11025.7,0.2851,39254.7
1753591920915,04:52:00.915,huobi,1INCH/USDT:USDT,0.2846,348.0,0.2845,105.0,0.2847,348.0,0.2848,3425.0
1753591920966,04:52:00.966,bybit,1INCH/USDT:USDT,0.285,273.5,0.2849,4196.7,0.2851,3372.9,0.2852,12533.4
1753591920968,04:52:00.968,huobi,1INCH/USDT:USDT,0.2846,453.0,0.2844,343.0,0.2847,348.0,0.2848,3425.0
1753591921004,04:52:01.004,okx,1INCH/USDT:USDT,0.2846,312.0,0.2845,10858.0,0.2847,1178.0,0.2848,9366.0
1753591921015,04:52:01.015,mexc,1INCH/USDT:USDT,0.2848,11238,0.2847,37405,0.2849,15965,0.285,50992
1753591921067,04:52:01.067,bybit,1INCH/USDT:USDT,0.285,273.5,0.2849,4196.7,0.2851,3412.7,0.2852,12533.4
1753591921104,04:52:01.104,okx,1INCH/USDT:USDT,0.2846,312.0,0.2845,10858.0,0.2847,1178.0,0.2848,9331.0
1753591921137,04:52:01.137,phemex,1INCH/USDT:USDT,0.2846,6229.0,0.2845,16569.0,0.2849,3432.0,0.285,6609.0
1753591921166,04:52:01.166,bybit,1INCH/USDT:USDT,0.285,273.5,0.2849,4196.7,0.2851,3588.1,0.2852,12533.4
1753591921131,04:52:01.131,huobi,1INCH/USDT:USDT,0.2846,453.0,0.2844,343.0,0.2847,348.0,0.2848,3425.0
1753591921148,04:52:01.148,binance,1INCH/USDT:USDT,0.2847,7376.0,0.2846,18498.0,0.2848,4014.0,0.2849,9570.0
1753591921216,04:52:01.216,phemex,1INCH/USDT:USDT,0.2846,6229.0,0.2845,16569.0,0.2849,3432.0,0.285,6609.0
1753591921116,04:52:01.116,mexc,1INCH/USDT:USDT,0.2848,11238,0.2847,37405,0.2849,15965,0.285,50992
1753591921271,04:52:01.271,binance,1INCH/USDT:USDT,0.2847,7376.0,0.2846,18498.0,0.2848,4014.0,0.2849,9570.0
1753591921304,04:52:01.304,okx,1INCH/USDT:USDT,0.2846,312.0,0.2845,10858.0,0.2847,1178.0,0.2848,9331.0
1753591921367,04:52:01.367,bybit,1INCH/USDT:USDT,0.285,273.5,0.2849,4196.7,0.2851,3763.5,0.2852,12533.4
1753591921338,04:52:01.338,bitget,1INCH/USDT:USDT,0.2849,320.7,0.2848,32137.5,0.285,11025.7,0.2851,39254.7
1753591921404,04:52:01.404,okx,1INCH/USDT:USDT,0.2846,489.0,0.2845,10858.0,0.2847,1211.0,0.2848,9331.0
1753591921488,04:52:01.488,bitget,1INCH/USDT:USDT,0.2849,320.7,0.2848,32137.5,0.285,10651.2,0.2851,39254.7
1753591921504,04:52:01.504,okx,1INCH/USDT:USDT,0.2846,487.0,0.2845,10858.0,0.2847,1209.0,0.2848,9474.0
1753591921495,04:52:01.495,huobi,1INCH/USDT:USDT,0.2846,453.0,0.2844,343.0,0.2848,3425.0,0.2849,6401.0
1753591921517,04:52:01.517,mexc,1INCH/USDT:USDT,0.2848,11238,0.2847,37405,0.2849,15965,0.285,50992
1753591921522,04:52:01.522,huobi,1INCH/USDT:USDT,0.2846,453.0,0.2844,343.0,0.2847,348.0,0.2848,3425.0
1753591921567,04:52:01.567,bybit,1INCH/USDT:USDT,0.285,1644.0,0.2849,4196.7,0.2851,2613.3,0.2852,12533.4
1753591921542,04:52:01.542,gateio,1INCH/USDT:USDT,0.2846,213.0,0.2845,2542.0,0.285,213.0,0.2851,420.0
1753591921604,04:52:01.604,okx,1INCH/USDT:USDT,0.2846,1083.0,0.2845,10858.0,0.2847,941.0,0.2848,9019.0
1753591921628,04:52:01.628,phemex,1INCH/USDT:USDT,0.2846,6229.0,0.2845,16569.0,0.2849,3432.0,0.285,6609.0
1753591921616,04:52:01.616,binance,1INCH/USDT:USDT,0.2847,8102.0,0.2846,18498.0,0.2849,6570.0,0.285,21483.0
1753591921667,04:52:01.667,bybit,1INCH/USDT:USDT,0.285,1769.4,0.2849,4196.7,0.2851,2788.7,0.2852,9179.5
1753591921638,04:52:01.638,bitget,1INCH/USDT:USDT,0.2849,7578.9,0.2848,32137.5,0.285,10327.0,0.2851,39079.3
1753591921660,04:52:01.660,gateio,1INCH/USDT:USDT,0.2848,221.0,0.2847,727.0,0.285,213.0,0.2851,420.0
1753591921706,04:52:01.706,phemex,1INCH/USDT:USDT,0.2846,6229.0,0.2845,16569.0,0.2849,1432.0,0.285,6609.0
1753591921704,04:52:01.704,okx,1INCH/USDT:USDT,0.2846,1085.0,0.2845,11385.0,0.2847,943.0,0.2848,9019.0
1753591921685,04:52:01.685,huobi,1INCH/USDT:USDT,0.2846,453.0,0.2844,343.0,0.2848,3425.0,0.2849,6401.0
1753591921716,04:52:01.716,phemex,1INCH/USDT:USDT,0.2847,2000.0,0.2846,6229.0,0.2849,1432.0,0.285,6609.0
1753591921645,04:52:01.645,mexc,1INCH/USDT:USDT,0.2848,11238,0.2847,37405,0.2849,15965,0.285,50992
1753591921726,04:52:01.726,binance,1INCH/USDT:USDT,0.2848,3323.0,0.2847,13036.0,0.2849,4321.0,0.285,21483.0
1753591921767,04:52:01.767,bybit,1INCH/USDT:USDT,0.285,1769.4,0.2849,4196.7,0.2851,2788.7,0.2852,9179.5
1753591921740,04:52:01.740,huobi,1INCH/USDT:USDT,0.2846,453.0,0.2844,3421.0,0.2848,3425.0,0.2849,6401.0
1753591921788,04:52:01.788,bitget,1INCH/USDT:USDT,0.2849,26071.0,0.2848,32137.5,0.285,1591.6,0.2851,26552.9
1753591921804,04:52:01.804,okx,1INCH/USDT:USDT,0.2846,1085.0,0.2845,12789.0,0.2847,943.0,0.2848,8668.0
1753591921904,04:52:01.904,okx,1INCH/USDT:USDT,0.2846,1085.0,0.2845,13316.0,0.2847,943.0,0.2848,8668.0
1753591921931,04:52:01.931,binance,1INCH/USDT:USDT,0.2848,6751.0,0.2847,13718.0,0.2849,6230.0,0.285,21483.0
1753591921967,04:52:01.967,bybit,1INCH/USDT:USDT,0.285,1769.4,0.2849,4196.7,0.2851,1736.3,0.2852,9179.5
1753591921939,04:52:01.939,bitget,1INCH/USDT:USDT,0.2849,26071.0,0.2848,26964.9,0.285,1591.6,0.2851,26552.9
1753591921925,04:52:01.925,gateio,1INCH/USDT:USDT,0.2848,221.0,0.2847,727.0,0.285,213.0,0.2851,420.0
1753591922004,04:52:02.004,okx,1INCH/USDT:USDT,0.2846,1085.0,0.2845,13316.0,0.2847,943.0,0.2848,8668.0
1753591922015,04:52:02.015,mexc,1INCH/USDT:USDT,0.2848,11238,0.2847,37405,0.2849,15965,0.285,50992
1753591922068,04:52:02.068,bybit,1INCH/USDT:USDT,0.285,1769.4,0.2849,4196.7,0.2851,1696.5,0.2852,9179.5
1753591922058,04:52:02.058,binance,1INCH/USDT:USDT,0.2848,6809.0,0.2847,13718.0,0.2849,6230.0,0.285,21483.0
1753591922104,04:52:02.104,okx,1INCH/USDT:USDT,0.2846,1085.0,0.2845,14369.0,0.2847,943.0,0.2848,8668.0
1753591922089,04:52:02.089,bitget,1INCH/USDT:USDT,0.2849,33071.0,0.2848,26964.9,0.285,1591.6,0.2851,26552.9
1753591922167,04:52:02.167,bybit,1INCH/USDT:USDT,0.285,2769.4,0.2849,4196.7,0.2851,1696.5,0.2852,9179.5
1753591922164,04:52:02.164,binance,1INCH/USDT:USDT,0.2848,6809.0,0.2847,12978.0,0.2849,6230.0,0.285,18806.0
1753591922116,04:52:02.116,mexc,1INCH/USDT:USDT,0.2848,11238,0.2847,37405,0.2849,15965,0.285,64840
1753591922266,04:52:02.266,bybit,1INCH/USDT:USDT,0.285,1769.4,0.2849,4196.7,0.2851,2047.3,0.2852,9179.5
1753591922234,04:52:02.234,huobi,1INCH/USDT:USDT,0.2846,453.0,0.2844,3421.0,0.2848,3425.0,0.2849,6401.0
1753591922239,04:52:02.239,bitget,1INCH/USDT:USDT,0.2849,33071.0,0.2848,26964.9,0.285,1591.6,0.2851,26552.9
1753591922288,04:52:02.288,binance,1INCH/USDT:USDT,0.2848,6373.0,0.2847,13855.0,0.2849,6230.0,0.285,18806.0
1753591922366,04:52:02.366,bybit,1INCH/USDT:USDT,0.285,1769.4,0.2849,4196.7,0.2851,2047.3,0.2852,9179.5
1753591922389,04:52:02.389,bitget,1INCH/USDT:USDT,0.2849,26071.0,0.2848,26964.9,0.285,1915.8,0.2851,31996.6
1753591922398,04:52:02.398,binance,1INCH/USDT:USDT,0.2848,6373.0,0.2847,13855.0,0.2849,6230.0,0.285,18806.0
1753591922412,04:52:02.412,huobi,1INCH/USDT:USDT,0.2846,453.0,0.2844,3421.0,0.2847,348.0,0.2848,3425.0
1753591922466,04:52:02.466,bybit,1INCH/USDT:USDT,0.285,398.9,0.2849,4196.7,0.2851,2197.5,0.2852,9904.5
1753591922443,04:52:02.443,huobi,1INCH/USDT:USDT,0.2846,453.0,0.2844,343.0,0.2847,348.0,0.2848,3425.0
1753591922426,04:52:02.426,gateio,1INCH/USDT:USDT,0.2846,213.0,0.2845,2542.0,0.285,213.0,0.2851,420.0
1753591922504,04:52:02.504,okx,1INCH/USDT:USDT,0.2846,489.0,0.2845,11911.0,0.2847,1153.0,0.2848,9123.0
1753591922514,04:52:02.514,mexc,1INCH/USDT:USDT,0.2848,11238,0.2847,37405,0.2849,15965,0.285,64840
1753591922567,04:52:02.567,bybit,1INCH/USDT:USDT,0.285,398.9,0.2849,4196.7,0.2851,2372.9,0.2852,12533.4
1753591922372,04:52:02.372,phemex,1INCH/USDT:USDT,0.2847,2000.0,0.2846,6229.0,0.2849,1416.0,0.285,6609.0
1753591922539,04:52:02.539,bitget,1INCH/USDT:USDT,0.2849,18438.6,0.2848,26964.9,0.285,1915.8,0.2851,39254.8
1753591922502,04:52:02.502,gateio,1INCH/USDT:USDT,0.2846,213.0,0.2845,2542.0,0.285,213.0,0.2851,420.0
1753591922604,04:52:02.604,okx,1INCH/USDT:USDT,0.2846,489.0,0.2845,10858.0,0.2847,1153.0,0.2848,9123.0
1753591922611,04:52:02.611,binance,1INCH/USDT:USDT,0.2847,9336.0,0.2846,25438.0,0.2848,656.0,0.2849,7218.0
1753591922667,04:52:02.667,bybit,1INCH/USDT:USDT,0.285,393.5,0.2849,4196.7,0.2851,2548.3,0.2852,12533.4
1753591922689,04:52:02.689,bitget,1INCH/USDT:USDT,0.2849,18438.6,0.2848,26964.9,0.285,1915.8,0.2851,39254.8
1753591922615,04:52:02.615,mexc,1INCH/USDT:USDT,0.2848,11238,0.2847,37405,0.2849,15965,0.285,50992
1753591922736,04:52:02.736,binance,1INCH/USDT:USDT,0.2847,11092.0,0.2846,25438.0,0.2848,656.0,0.2849,7218.0
1753591922804,04:52:02.804,okx,1INCH/USDT:USDT,0.2846,489.0,0.2845,10858.0,0.2847,1153.0,0.2848,9123.0
1753591922819,04:52:02.819,huobi,1INCH/USDT:USDT,0.2846,453.0,0.2844,3421.0,0.2847,348.0,0.2848,3425.0
1753591922867,04:52:02.867,bybit,1INCH/USDT:USDT,0.285,780.6,0.2849,4196.7,0.2851,2096.3,0.2852,9179.5
1753591922839,04:52:02.839,bitget,1INCH/USDT:USDT,0.2849,320.7,0.2848,45082.8,0.285,2112.5,0.2851,39254.8
1753591922858,04:52:02.858,binance,1INCH/USDT:USDT,0.2848,1887.0,0.2847,12267.0,0.2849,6381.0,0.285,17377.0
1753591922821,04:52:02.821,gateio,1INCH/USDT:USDT,0.2848,221.0,0.2847,727.0,0.285,213.0,0.2851,420.0
1753591922873,04:52:02.873,huobi,1INCH/USDT:USDT,0.2846,453.0,0.2844,3421.0,0.2847,348.0,0.2848,3425.0
1753591922904,04:52:02.904,okx,1INCH/USDT:USDT,0.2846,489.0,0.2845,11385.0,0.2847,1153.0,0.2848,8668.0
1753591922967,04:52:02.967,bybit,1INCH/USDT:USDT,0.285,393.5,0.2849,4196.7,0.2851,2516.9,0.2852,9179.5
1753591922965,04:52:02.965,binance,1INCH/USDT:USDT,0.2848,1945.0,0.2847,12267.0,0.2849,6381.0,0.285,17377.0
1753591922989,04:52:02.989,bitget,1INCH/USDT:USDT,0.2849,7885.3,0.2848,45082.8,0.285,2309.2,0.2851,31996.6
1753591923015,04:52:03.015,mexc,1INCH/USDT:USDT,0.2848,11238,0.2847,37405,0.2849,15965,0.285,50992
1753591923067,04:52:03.067,bybit,1INCH/USDT:USDT,0.285,393.5,0.2849,4196.7,0.2851,2516.9,0.2852,10108.9
1753591923139,04:52:03.139,bitget,1INCH/USDT:USDT,0.2849,14885.3,0.2848,45082.8,0.285,8915.8,0.2851,31996.6
1753591923151,04:52:03.151,binance,1INCH/USDT:USDT,0.2848,1945.0,0.2847,12267.0,0.2849,6381.0,0.285,17377.0
1753591923147,04:52:03.147,gateio,1INCH/USDT:USDT,0.2848,221.0,0.2847,727.0,0.285,213.0,0.2851,420.0
1753591923113,04:52:03.113,mexc,1INCH/USDT:USDT,0.2848,11238,0.2847,41280,0.2849,15965,0.285,50992
1753591923254,04:52:03.254,binance,1INCH/USDT:USDT,0.2848,1945.0,0.2847,12285.0,0.2849,6366.0,0.285,17377.0
1753591923289,04:52:03.289,bitget,1INCH/USDT:USDT,0.2849,14885.3,0.2848,45082.8,0.285,8915.8,0.2851,31996.6
1753591923404,04:52:03.404,okx,1INCH/USDT:USDT,0.2846,489.0,0.2845,11385.0,0.2847,1153.0,0.2848,8668.0
1753591923401,04:52:03.401,binance,1INCH/USDT:USDT,0.2848,3867.0,0.2847,12285.0,0.2849,6339.0,0.285,17377.0
1753591923467,04:52:03.467,bybit,1INCH/USDT:USDT,0.285,393.5,0.2849,4196.7,0.2851,2617.2,0.2852,10108.9
1753591923439,04:52:03.439,bitget,1INCH/USDT:USDT,0.2849,15259.8,0.2848,45082.8,0.285,8915.8,0.2851,31996.6
1753591923504,04:52:03.504,okx,1INCH/USDT:USDT,0.2846,489.0,0.2845,11385.0,0.2847,271.0,0.2848,8668.0
1753591923507,04:52:03.507,binance,1INCH/USDT:USDT,0.2848,3867.0,0.2847,12285.0,0.2849,6339.0,0.285,17377.0
1753591923515,04:52:03.515,mexc,1INCH/USDT:USDT,0.2848,11238,0.2847,41280,0.2849,15965,0.285,50992
1753591923566,04:52:03.566,bybit,1INCH/USDT:USDT,0.285,393.5,0.2849,4196.7,0.2851,2542.1,0.2852,10108.9
1753591923604,04:52:03.604,okx,1INCH/USDT:USDT,0.2846,2389.0,0.2845,11385.0,0.2847,1.0,0.2848,8668.0
1753591923590,04:52:03.590,bitget,1INCH/USDT:USDT,0.2849,15259.8,0.2848,45082.8,0.285,8915.8,0.2851,31996.6
1753591923610,04:52:03.610,binance,1INCH/USDT:USDT,0.2848,3867.0,0.2847,10436.0,0.2849,6339.0,0.285,17377.0
1753591923615,04:52:03.615,mexc,1INCH/USDT:USDT,0.2848,11238,0.2847,50656,0.2849,15965,0.285,50992
1753591923740,04:52:03.740,bitget,1INCH/USDT:USDT,0.2849,15259.8,0.2848,45082.8,0.285,8915.8,0.2851,31996.6
1753591923755,04:52:03.755,binance,1INCH/USDT:USDT,0.2848,3867.0,0.2847,11313.0,0.2849,6339.0,0.285,17377.0
1753591923867,04:52:03.867,bybit,1INCH/USDT:USDT,0.285,393.5,0.2849,4196.7,0.2851,2542.1,0.2852,10108.9
1753591923904,04:52:03.904,okx,1INCH/USDT:USDT,0.2846,2389.0,0.2845,12263.0,0.2847,1.0,0.2848,8668.0
1753591923890,04:52:03.890,bitget,1INCH/USDT:USDT,0.2849,15259.8,0.2848,45082.8,0.285,8915.8,0.2851,31996.6
1753591923906,04:52:03.906,binance,1INCH/USDT:USDT,0.2848,3867.0,0.2847,11313.0,0.2849,6339.0,0.285,17377.0
1753591923967,04:52:03.967,bybit,1INCH/USDT:USDT,0.285,393.5,0.2849,4196.7,0.2851,2542.1,0.2852,10108.9
1753591924019,04:52:04.019,binance,1INCH/USDT:USDT,0.2848,3867.0,0.2847,11313.0,0.2849,6339.0,0.285,17377.0
1753591924016,04:52:04.016,mexc,1INCH/USDT:USDT,0.2848,11238,0.2847,37405,0.2849,15965,0.285,50992
1753591924067,04:52:04.067,bybit,1INCH/USDT:USDT,0.285,393.5,0.2849,4196.7,0.2851,2542.1,0.2852,10108.9
1753591924040,04:52:04.040,bitget,1INCH/USDT:USDT,0.2849,15259.8,0.2848,45082.8,0.285,8915.8,0.2851,31996.6
1753591924104,04:52:04.104,okx,1INCH/USDT:USDT,0.2846,2389.0,0.2845,11736.0,0.2847,1.0,0.2848,8668.0
1753591924120,04:52:04.120,binance,1INCH/USDT:USDT,0.2848,3867.0,0.2847,11313.0,0.2849,6339.0,0.285,17377.0
1753591924167,04:52:04.167,bybit,1INCH/USDT:USDT,0.285,1764.0,0.2849,4196.7,0.2851,2542.1,0.2852,10108.9
1753591924177,04:52:04.177,huobi,1INCH/USDT:USDT,0.2846,453.0,0.2844,3421.0,0.2848,3425.0,0.2849,6401.0
1753591924190,04:52:04.190,bitget,1INCH/USDT:USDT,0.2849,15259.8,0.2848,45082.8,0.285,8915.8,0.2851,31996.6
1753591924117,04:52:04.117,mexc,1INCH/USDT:USDT,0.2848,11238,0.2847,49247,0.2849,15965,0.285,50992
1753591924267,04:52:04.267,bybit,1INCH/USDT:USDT,0.285,1764.0,0.2849,4196.7,0.2851,1394.7,0.2852,10108.9
1753591924367,04:52:04.367,bybit,1INCH/USDT:USDT,0.285,1764.0,0.2849,4196.7,0.2851,2346.8,0.2852,10108.9
1753591924340,04:52:04.340,bitget,1INCH/USDT:USDT,0.2849,15259.8,0.2848,45082.8,0.285,1591.6,0.2851,31996.6
1753591924369,04:52:04.369,huobi,1INCH/USDT:USDT,0.2846,453.0,0.2844,3421.0,0.2847,348.0,0.2848,3425.0
1753591924385,04:52:04.385,binance,1INCH/USDT:USDT,0.2848,1945.0,0.2847,13139.0,0.2849,6339.0,0.285,17377.0
1753591924404,04:52:04.404,okx,1INCH/USDT:USDT,0.2846,2389.0,0.2845,13491.0,0.2847,1272.0,0.2848,8668.0
1753591924247,04:52:04.247,mexc,1INCH/USDT:USDT,0.2848,9279,0.2847,26835,0.2849,13465,0.285,49031
1753591924490,04:52:04.490,bitget,1INCH/USDT:USDT,0.2849,14885.3,0.2848,45082.8,0.285,1915.8,0.2851,31996.6
1753591858247,04:50:58.247,blofin,1INCH/USDT:USDT,0.2845,532.0,0.2841,39377.0,0.2847,379.0,0.2852,84459.0
1753591924533,04:52:04.533,binance,1INCH/USDT:USDT,0.2848,1945.0,0.2847,13139.0,0.2849,6339.0,0.285,17377.0
1753591924667,04:52:04.667,bybit,1INCH/USDT:USDT,0.285,1764.0,0.2849,4196.7,0.2851,2346.8,0.2852,10108.9
1753591924640,04:52:04.640,bitget,1INCH/USDT:USDT,0.2849,14885.3,0.2848,45082.8,0.285,1915.8,0.2851,31996.6
1753591924704,04:52:04.704,okx,1INCH/USDT:USDT,0.2846,2389.0,0.2845,13491.0,0.2847,1272.0,0.2848,8668.0
1753591924701,04:52:04.701,binance,1INCH/USDT:USDT,0.2848,1945.0,0.2847,13139.0,0.2849,6339.0,0.285,17377.0
1753591924767,04:52:04.767,bybit,1INCH/USDT:USDT,0.285,1764.0,0.2849,4196.7,0.2851,2346.8,0.2852,10108.9
1753591924804,04:52:04.804,okx,1INCH/USDT:USDT,0.2846,2389.0,0.2845,13491.0,0.2847,1272.0,0.2848,8668.0
1753591924790,04:52:04.790,bitget,1INCH/USDT:USDT,0.2849,14885.3,0.2848,45082.8,0.285,1915.8,0.2851,31996.6
1753591924802,04:52:04.802,binance,1INCH/USDT:USDT,0.2848,1945.0,0.2847,11313.0,0.2849,6339.0,0.285,17377.0
1753591924615,04:52:04.615,mexc,1INCH/USDT:USDT,0.2848,9279,0.2847,26835,0.2849,13465,0.285,49031
1753591924866,04:52:04.866,bybit,1INCH/USDT:USDT,0.285,1764.0,0.2849,4196.7,0.2851,2346.8,0.2852,10108.9
1753591924904,04:52:04.904,okx,1INCH/USDT:USDT,0.2846,2389.0,0.2845,13491.0,0.2847,1272.0,0.2848,8668.0
1753591924967,04:52:04.967,bybit,1INCH/USDT:USDT,0.285,1764.0,0.2849,4196.7,0.2851,2346.8,0.2852,10108.9
1753591924940,04:52:04.940,bitget,1INCH/USDT:USDT,0.2849,14885.3,0.2848,45082.8,0.285,1915.8,0.2851,31996.6
1753591924971,04:52:04.971,binance,1INCH/USDT:USDT,0.2848,1945.0,0.2847,11313.0,0.2849,6339.0,0.285,17377.0
1753591925004,04:52:05.004,okx,1INCH/USDT:USDT,0.2846,2389.0,0.2845,13491.0,0.2847,1272.0,0.2848,8668.0
1753591925018,04:52:05.018,mexc,1INCH/USDT:USDT,0.2848,9279,0.2847,26835,0.2849,13465,0.285,49031
1753591925090,04:52:05.090,bitget,1INCH/USDT:USDT,0.2849,14885.3,0.2848,45082.8,0.285,1915.8,0.2851,31996.6
1753591925204,04:52:05.204,okx,1INCH/USDT:USDT,0.2846,1793.0,0.2845,13491.0,0.2847,1274.0,0.2848,8668.0
1753591925119,04:52:05.119,mexc,1INCH/USDT:USDT,0.2848,9279,0.2847,32132,0.2849,13465,0.285,62028
1753591925240,04:52:05.240,bitget,1INCH/USDT:USDT,0.2849,14885.3,0.2848,45082.8,0.285,1915.8,0.2851,31996.6
1753591925404,04:52:05.404,okx,1INCH/USDT:USDT,0.2846,1793.0,0.2845,13140.0,0.2847,1274.0,0.2848,8668.0
1753591925390,04:52:05.390,bitget,1INCH/USDT:USDT,0.2849,14885.3,0.2848,45082.8,0.285,1915.8,0.2851,31996.6
1753591925467,04:52:05.467,bybit,1INCH/USDT:USDT,0.285,1764.0,0.2849,4196.7,0.2851,2171.4,0.2852,10108.9
1753591925504,04:52:05.504,okx,1INCH/USDT:USDT,0.2846,2320.0,0.2845,13140.0,0.2847,1274.0,0.2848,8668.0
1753591925521,04:52:05.521,mexc,1INCH/USDT:USDT,0.2848,9279,0.2847,32132,0.2849,13465,0.285,62028
1753591925566,04:52:05.566,bybit,1INCH/USDT:USDT,0.285,1764.0,0.2849,4196.7,0.2851,2096.3,0.2852,10108.9
1753591925541,04:52:05.541,bitget,1INCH/USDT:USDT,0.2849,14885.3,0.2848,45082.8,0.285,1591.6,0.2851,31996.6
1753591925564,04:52:05.564,binance,1INCH/USDT:USDT,0.2848,1945.0,0.2847,11313.0,0.2849,6339.0,0.285,17377.0
1753591925604,04:52:05.604,okx,1INCH/USDT:USDT,0.2846,2916.0,0.2845,12087.0,0.2847,1274.0,0.2848,8668.0
1753591925704,04:52:05.704,okx,1INCH/USDT:USDT,0.2846,2389.0,0.2845,12087.0,0.2847,1274.0,0.2848,8668.0
1753591925617,04:52:05.617,mexc,1INCH/USDT:USDT,0.2848,9279,0.2847,26835,0.2849,13465,0.285,71151
1753591925728,04:52:05.728,binance,1INCH/USDT:USDT,0.2848,1945.0,0.2847,11313.0,0.2849,6339.0,0.285,17377.0
1753591925841,04:52:05.841,bitget,1INCH/USDT:USDT,0.2849,14885.3,0.2848,45082.8,0.285,1920.2,0.2851,31996.6
1753591925904,04:52:05.904,okx,1INCH/USDT:USDT,0.2846,2389.0,0.2845,12614.0,0.2847,1274.0,0.2848,8668.0
1753591925958,04:52:05.958,phemex,1INCH/USDT:USDT,0.2847,2000.0,0.2846,6229.0,0.2849,1416.0,0.285,6609.0
1753591926004,04:52:06.004,okx,1INCH/USDT:USDT,0.2846,2389.0,0.2845,12614.0,0.2847,1274.0,0.2848,8668.0
1753591925991,04:52:05.991,bitget,1INCH/USDT:USDT,0.2849,14885.3,0.2848,45082.8,0.285,8920.2,0.2851,31996.6
1753591926017,04:52:06.017,mexc,1INCH/USDT:USDT,0.2848,9279,0.2847,26835,0.2849,13465,0.285,49031
1753591926051,04:52:06.051,phemex,1INCH/USDT:USDT,0.2848,1773.0,0.2847,3472.0,0.2849,1416.0,0.285,2259.0
1753591926051,04:52:06.051,phemex,1INCH/USDT:USDT,0.2848,4245.0,0.2847,5305.0,0.2849,1416.0,0.285,4175.0
1753591926088,04:52:06.088,binance,1INCH/USDT:USDT,0.2848,1945.0,0.2847,11313.0,0.2849,6188.0,0.285,17377.0
1753591926104,04:52:06.104,okx,1INCH/USDT:USDT,0.2846,1964.0,0.2845,12614.0,0.2847,1274.0,0.2848,8668.0
1753591926141,04:52:06.141,bitget,1INCH/USDT:USDT,0.2849,14885.3,0.2848,45082.8,0.285,8920.2,0.2851,31996.6
1753591926204,04:52:06.204,okx,1INCH/USDT:USDT,0.2846,1964.0,0.2845,12614.0,0.2847,1402.0,0.2848,8537.0
1753591926202,04:52:06.202,binance,1INCH/USDT:USDT,0.2848,1945.0,0.2847,13139.0,0.2849,6188.0,0.285,17377.0
1753591926266,04:52:06.266,bybit,1INCH/USDT:USDT,0.285,1764.0,0.2849,4196.7,0.2851,2246.5,0.2852,10108.9
1753591926118,04:52:06.118,mexc,1INCH/USDT:USDT,0.2848,9279,0.2847,26835,0.2849,13465,0.285,70715
1753591926304,04:52:06.304,okx,1INCH/USDT:USDT,0.2846,1964.0,0.2845,12087.0,0.2847,1402.0,0.2848,8992.0
1753591926291,04:52:06.291,bitget,1INCH/USDT:USDT,0.2849,14885.3,0.2848,45082.8,0.285,8920.2,0.2851,31996.6
1753591926350,04:52:06.350,binance,1INCH/USDT:USDT,0.2848,1945.0,0.2847,11313.0,0.2849,6188.0,0.285,17377.0
1753591926404,04:52:06.404,okx,1INCH/USDT:USDT,0.2846,1964.0,0.2845,12087.0,0.2847,1402.0,0.2848,8537.0
1753591926441,04:52:06.441,bitget,1INCH/USDT:USDT,0.2849,14885.3,0.2848,45082.8,0.285,8920.2,0.2851,31996.6
1753591926420,04:52:06.420,gateio,1INCH/USDT:USDT,0.2848,221.0,0.2847,727.0,0.285,213.0,0.2851,420.0
1753591926519,04:52:06.519,mexc,1INCH/USDT:USDT,0.2848,9279,0.2847,26835,0.2849,13465,0.285,49031
1753591926604,04:52:06.604,okx,1INCH/USDT:USDT,0.2846,1793.0,0.2845,12087.0,0.2847,1684.0,0.2848,8992.0
1753591926591,04:52:06.591,bitget,1INCH/USDT:USDT,0.2849,14885.3,0.2848,45082.8,0.285,8920.2,0.2851,31996.6
1753591926595,04:52:06.595,binance,1INCH/USDT:USDT,0.2848,1945.0,0.2847,11313.0,0.2849,6188.0,0.285,17159.0
1753591926667,04:52:06.667,bybit,1INCH/USDT:USDT,0.285,1764.0,0.2849,4196.7,0.2851,2246.5,0.2852,10108.9
1753591926618,04:52:06.618,mexc,1INCH/USDT:USDT,0.2848,9279,0.2847,26835,0.2849,13465,0.285,54777
1753591926741,04:52:06.741,bitget,1INCH/USDT:USDT,0.2849,14885.3,0.2848,45082.8,0.285,8920.2,0.2851,31996.6
1753591926891,04:52:06.891,bitget,1INCH/USDT:USDT,0.2849,14885.3,0.2848,45082.8,0.285,8920.2,0.2851,31996.6
1753591927018,04:52:07.018,mexc,1INCH/USDT:USDT,0.2848,9279,0.2847,26835,0.2849,13465,0.285,54777
1753591927067,04:52:07.067,bybit,1INCH/USDT:USDT,0.285,1764.0,0.2849,4196.7,0.2851,2264.1,0.2852,10108.9
1753591927041,04:52:07.041,bitget,1INCH/USDT:USDT,0.2849,14885.3,0.2848,45082.8,0.285,8920.2,0.2851,31996.6
1753591927104,04:52:07.104,okx,1INCH/USDT:USDT,0.2846,1793.0,0.2845,12087.0,0.2847,1416.0,0.2848,8537.0
1753591927191,04:52:07.191,bitget,1INCH/USDT:USDT,0.2849,14885.3,0.2848,45082.8,0.285,8920.2,0.2851,31996.6
1753591927118,04:52:07.118,mexc,1INCH/USDT:USDT,0.2848,9279,0.2847,31129,0.2849,13465,0.285,49031
1753591927267,04:52:07.267,bybit,1INCH/USDT:USDT,0.285,1764.0,0.2849,4196.7,0.2851,2264.1,0.2852,10108.9
1753591927342,04:52:07.342,bitget,1INCH/USDT:USDT,0.2849,14885.3,0.2848,45082.8,0.285,8920.2,0.2851,31996.6
1753591927404,04:52:07.404,okx,1INCH/USDT:USDT,0.2846,1793.0,0.2845,11736.0,0.2847,1684.0,0.2848,8992.0
1753591927402,04:52:07.402,binance,1INCH/USDT:USDT,0.2848,1945.0,0.2847,11313.0,0.2849,6188.0,0.285,17159.0
1753591927467,04:52:07.467,bybit,1INCH/USDT:USDT,0.285,1764.0,0.2849,4196.7,0.2851,2264.1,0.2852,10108.9
1753591927492,04:52:07.492,bitget,1INCH/USDT:USDT,0.2849,14885.3,0.2848,45082.8,0.285,8920.2,0.2851,31996.6
1753591927517,04:52:07.517,mexc,1INCH/USDT:USDT,0.2848,9279,0.2847,31129,0.2849,13465,0.285,49031
1753591927567,04:52:07.567,bybit,1INCH/USDT:USDT,0.285,1764.0,0.2849,4196.7,0.2851,2464.7,0.2852,10108.9
1753591927604,04:52:07.604,okx,1INCH/USDT:USDT,0.2846,2389.0,0.2845,11736.0,0.2847,1380.0,0.2848,8537.0
1753591927666,04:52:07.666,bybit,1INCH/USDT:USDT,0.285,1764.0,0.2849,4196.7,0.2851,2464.7,0.2852,10108.9
1753591927642,04:52:07.642,bitget,1INCH/USDT:USDT,0.2849,14885.3,0.2848,45082.8,0.285,8920.2,0.2851,31996.6
1753591927644,04:52:07.644,mexc,1INCH/USDT:USDT,0.2848,9279,0.2847,26835,0.2849,13465,0.285,78425
1753591927749,04:52:07.749,binance,1INCH/USDT:USDT,0.2848,1945.0,0.2847,11313.0,0.2849,6188.0,0.285,17159.0
1753591927792,04:52:07.792,bitget,1INCH/USDT:USDT,0.2849,14885.3,0.2848,45082.8,0.285,8920.2,0.2851,31996.6
1753591927904,04:52:07.904,okx,1INCH/USDT:USDT,0.2846,2389.0,0.2845,12263.0,0.2847,1380.0,0.2848,8537.0
1753591927942,04:52:07.942,bitget,1INCH/USDT:USDT,0.2849,14885.3,0.2848,45082.8,0.285,8920.2,0.2851,31996.6
1753591928002,04:52:08.002,binance,1INCH/USDT:USDT,0.2848,1945.0,0.2847,11313.0,0.2849,6188.0,0.285,17159.0
1753591928020,04:52:08.020,mexc,1INCH/USDT:USDT,0.2848,9279,0.2847,26835,0.2849,13465,0.285,78425
1753591928104,04:52:08.104,okx,1INCH/USDT:USDT,0.2846,2389.0,0.2845,12263.0,0.2847,1380.0,0.2848,8537.0
1753591928092,04:52:08.092,bitget,1INCH/USDT:USDT,0.2849,14885.3,0.2848,45082.8,0.285,8920.2,0.2851,31996.6
1753591928166,04:52:08.166,bybit,1INCH/USDT:USDT,0.285,1764.0,0.2849,4196.7,0.2851,2113.9,0.2852,10108.9
1753591928115,04:52:08.115,mexc,1INCH/USDT:USDT,0.2848,9279,0.2847,26835,0.2849,13465,0.285,49031
1753591928242,04:52:08.242,bitget,1INCH/USDT:USDT,0.2849,14885.3,0.2848,45082.8,0.285,8920.2,0.2851,31996.6
1753591928392,04:52:08.392,bitget,1INCH/USDT:USDT,0.2849,14885.3,0.2848,45082.8,0.285,8920.2,0.2851,31996.6
1753591928516,04:52:08.516,mexc,1INCH/USDT:USDT,0.2848,9279,0.2847,26835,0.2849,13465,0.285,49031
1753591928567,04:52:08.567,bybit,1INCH/USDT:USDT,0.285,1764.0,0.2849,4196.7,0.2851,2113.9,0.2852,10108.9
1753591928542,04:52:08.542,bitget,1INCH/USDT:USDT,0.2849,14885.3,0.2848,45082.8,0.285,8920.2,0.2851,31996.6
1753591928576,04:52:08.576,huobi,1INCH/USDT:USDT,0.2846,453.0,0.2844,3421.0,0.2847,348.0,0.2848,3425.0
1753591928602,04:52:08.602,binance,1INCH/USDT:USDT,0.2848,1945.0,0.2847,11313.0,0.2849,6188.0,0.285,24131.0
1753591928692,04:52:08.692,bitget,1INCH/USDT:USDT,0.2849,14885.3,0.2848,45082.8,0.285,8920.2,0.2851,31996.6
1753591928715,04:52:08.715,huobi,1INCH/USDT:USDT,0.2846,453.0,0.2844,3421.0,0.2847,348.0,0.2848,3425.0
1753591928617,04:52:08.617,mexc,1INCH/USDT:USDT,0.2848,9279,0.2847,34875,0.2849,13465,0.285,49031
1753591928746,04:52:08.746,binance,1INCH/USDT:USDT,0.2848,1945.0,0.2847,12280.0,0.2849,6188.0,0.285,26105.0
1753591928804,04:52:08.804,okx,1INCH/USDT:USDT,0.2846,2389.0,0.2845,12263.0,0.2847,1380.0,0.2848,8537.0
1753591928867,04:52:08.867,bybit,1INCH/USDT:USDT,0.285,1764.0,0.2849,4196.7,0.2851,2113.9,0.2852,10108.9
1753591928842,04:52:08.842,bitget,1INCH/USDT:USDT,0.2849,14885.3,0.2848,45082.8,0.285,8920.2,0.2851,31996.6
1753591928847,04:52:08.847,binance,1INCH/USDT:USDT,0.2848,1945.0,0.2847,12280.0,0.2849,6188.0,0.285,26105.0
1753591928776,04:52:08.776,gateio,1INCH/USDT:USDT,0.2848,221.0,0.2847,727.0,0.285,213.0,0.2851,420.0
1753591928992,04:52:08.992,bitget,1INCH/USDT:USDT,0.2849,14885.3,0.2848,45082.8,0.285,8920.2,0.2851,31996.6
1753591929019,04:52:09.019,binance,1INCH/USDT:USDT,0.2848,1945.0,0.2847,11403.0,0.2849,6188.0,0.285,26105.0
1753591929018,04:52:09.018,mexc,1INCH/USDT:USDT,0.2848,9279,0.2847,34875,0.2849,13465,0.285,49031
1753591929143,04:52:09.143,bitget,1INCH/USDT:USDT,0.2849,14885.3,0.2848,45082.8,0.285,1591.6,0.2851,31996.6
