timestamp,time,exchange,symbol,bid1_price,bid1_volume,bid2_price,bid2_volume,ask1_price,ask1_volume,ask2_price,ask2_volume
1753591881294,04:51:21.294,bitget,AERO/USDT:USDT,0.9,101.0,0.8998,85.0,0.9002,656.0,0.9003,85.0
1753591882645,04:51:22.645,bitget,AERO/USDT:USDT,0.8998,85.0,0.8997,124.0,0.9002,656.0,0.9003,85.0
1753591882945,04:51:22.945,bitget,AERO/USDT:USDT,0.8999,101.0,0.8998,85.0,0.9002,656.0,0.9003,85.0
1753591883545,04:51:23.545,bitget,AERO/USDT:USDT,0.8999,101.0,0.8998,85.0,0.9002,656.0,0.9003,85.0
1753591883995,04:51:23.995,bitget,AERO/USDT:USDT,0.8999,101.0,0.8998,85.0,0.9002,656.0,0.9003,85.0
1753591884146,04:51:24.146,bitget,AERO/USDT:USDT,0.8999,101.0,0.8998,85.0,0.9002,656.0,0.9003,85.0
1753591884202,04:51:24.202,binance,AERO/USDT:USDT,0.8993,28.9,0.8992,24.0,0.8994,440.2,0.8995,545.7
1753591884296,04:51:24.296,bitget,AERO/USDT:USDT,0.8999,101.0,0.8998,85.0,0.9002,656.0,0.9003,85.0
1753591885126,04:51:25.126,binance,AERO/USDT:USDT,0.8993,28.9,0.8992,24.0,0.8994,440.2,0.8995,545.7
1753591885217,04:51:25.217,bybit,AERO/USDT:USDT,0.8996,582.0,0.8995,800.0,0.8997,608.0,0.8998,652.0
1753591885196,04:51:25.196,bitget,AERO/USDT:USDT,0.8999,101.0,0.8998,85.0,0.9002,656.0,0.9003,85.0
1753591885317,04:51:25.317,bybit,AERO/USDT:USDT,0.8996,582.0,0.8995,800.0,0.8997,608.0,0.8998,620.0
1753591885302,04:51:25.302,binance,AERO/USDT:USDT,0.8993,28.9,0.8992,24.0,0.8994,440.2,0.8995,545.7
1753591885418,04:51:25.418,bybit,AERO/USDT:USDT,0.8996,582.0,0.8995,832.0,0.8997,608.0,0.8998,599.0
1753591885617,04:51:25.617,bybit,AERO/USDT:USDT,0.8996,582.0,0.8995,800.0,0.8997,608.0,0.8998,675.0
1753591885598,04:51:25.598,binance,AERO/USDT:USDT,0.8993,28.9,0.8992,24.0,0.8994,452.1,0.8995,545.7
1753591885797,04:51:25.797,bitget,AERO/USDT:USDT,0.8999,101.0,0.8998,85.0,0.9002,656.0,0.9003,85.0
1753591886018,04:51:26.018,bybit,AERO/USDT:USDT,0.8996,582.0,0.8995,800.0,0.8997,608.0,0.8998,652.0
1753591886247,04:51:26.247,bitget,AERO/USDT:USDT,0.8999,101.0,0.8998,85.0,0.9002,656.0,0.9003,85.0
1753591886481,04:51:26.481,binance,AERO/USDT:USDT,0.8993,28.9,0.8992,24.0,0.8994,452.1,0.8995,545.7
1753591886517,04:51:26.517,bybit,AERO/USDT:USDT,0.8996,582.0,0.8995,800.0,0.8997,608.0,0.8998,675.0
1753591886547,04:51:26.547,bitget,AERO/USDT:USDT,0.8999,101.0,0.8998,85.0,0.9002,656.0,0.9003,85.0
1753591886604,04:51:26.604,binance,AERO/USDT:USDT,0.8993,28.9,0.8992,24.0,0.8994,452.1,0.8995,545.7
1753591886847,04:51:26.847,bitget,AERO/USDT:USDT,0.8999,101.0,0.8998,85.0,0.9002,656.0,0.9003,85.0
1753591887147,04:51:27.147,bitget,AERO/USDT:USDT,0.8999,101.0,0.8998,85.0,0.9002,656.0,0.9003,85.0
1753591887520,04:51:27.520,binance,AERO/USDT:USDT,0.8993,28.9,0.8992,24.0,0.8994,452.1,0.8995,545.7
1753591887644,04:51:27.644,binance,AERO/USDT:USDT,0.8993,28.9,0.8992,24.0,0.8994,452.1,0.8995,545.7
1753591887818,04:51:27.818,bybit,AERO/USDT:USDT,0.8996,582.0,0.8995,800.0,0.8997,608.0,0.8998,675.0
1753591887898,04:51:27.898,bitget,AERO/USDT:USDT,0.8999,101.0,0.8998,85.0,0.9002,656.0,0.9003,85.0
1753591888418,04:51:28.418,bybit,AERO/USDT:USDT,0.8996,582.0,0.8995,832.0,0.8997,608.0,0.8998,599.0
1753591888648,04:51:28.648,bitget,AERO/USDT:USDT,0.8999,101.0,0.8998,85.0,0.9002,656.0,0.9003,85.0
1753591888798,04:51:28.798,bitget,AERO/USDT:USDT,0.8999,101.0,0.8998,85.0,0.9002,656.0,0.9003,85.0
1753591889117,04:51:29.117,bybit,AERO/USDT:USDT,0.8996,582.0,0.8995,832.0,0.8997,608.0,0.8998,599.0
1753591889099,04:51:29.099,bitget,AERO/USDT:USDT,0.8999,101.0,0.8998,85.0,0.9002,656.0,0.9003,85.0
1753591889154,04:51:29.154,binance,AERO/USDT:USDT,0.8993,35.3,0.8992,24.0,0.8994,452.1,0.8995,545.7
1753591889699,04:51:29.699,bitget,AERO/USDT:USDT,0.8999,101.0,0.8998,85.0,0.9002,656.0,0.9003,85.0
1753591889817,04:51:29.817,bybit,AERO/USDT:USDT,0.8996,582.0,0.8995,832.0,0.8997,608.0,0.8998,599.0
1753591889802,04:51:29.802,binance,AERO/USDT:USDT,0.8993,35.3,0.8992,24.0,0.8994,452.1,0.8995,545.7
1753591889000,04:51:29.000,gateio,AERO/USDT:USDT,0.8992,20.0,0.8991,219.0,0.9004,219.0,0.9005,603.0
1753591889849,04:51:29.849,bitget,AERO/USDT:USDT,0.8999,101.0,0.8998,85.0,0.9002,656.0,0.9003,85.0
1753591886113,04:51:26.113,huobi,AERO/USDT:USDT,0.8989,385.0,0.8988,2919.0,0.9007,379.0,0.9008,404.0
1753591889919,04:51:29.919,bybit,AERO/USDT:USDT,0.8996,582.0,0.8995,832.0,0.8997,608.0,0.8998,599.0
1753591889903,04:51:29.903,binance,AERO/USDT:USDT,0.8993,35.3,0.8992,24.0,0.8994,452.1,0.8995,545.7
1753591890017,04:51:30.017,bybit,AERO/USDT:USDT,0.8996,582.0,0.8995,832.0,0.8997,608.0,0.8998,599.0
1753591890040,04:51:30.040,huobi,AERO/USDT:USDT,0.8989,385.0,0.8988,2919.0,0.8999,14.0,0.9007,379.0
1753591890117,04:51:30.117,bybit,AERO/USDT:USDT,0.8996,582.0,0.8995,832.0,0.8997,608.0,0.8998,599.0
1753591890089,04:51:30.089,huobi,AERO/USDT:USDT,0.8989,385.0,0.8988,2919.0,0.9007,379.0,0.9008,404.0
1753591890096,04:51:30.096,huobi,AERO/USDT:USDT,0.8989,385.0,0.8988,2919.0,0.9007,379.0,0.9008,404.0
1753591890124,04:51:30.124,huobi,AERO/USDT:USDT,0.8989,385.0,0.8988,2919.0,0.9007,379.0,0.9008,404.0
1753591890149,04:51:30.149,bitget,AERO/USDT:USDT,0.8999,101.0,0.8998,85.0,0.9002,656.0,0.9003,85.0
1753591890217,04:51:30.217,bybit,AERO/USDT:USDT,0.8996,582.0,0.8995,832.0,0.8997,608.0,0.8998,622.0
1753591890185,04:51:30.185,huobi,AERO/USDT:USDT,0.8989,385.0,0.8988,2919.0,0.9007,379.0,0.9008,404.0
1753591890220,04:51:30.220,binance,AERO/USDT:USDT,0.8993,35.3,0.8992,24.0,0.8994,452.1,0.8995,545.7
1753591890317,04:51:30.317,bybit,AERO/USDT:USDT,0.8996,582.0,0.8995,832.0,0.8997,608.0,0.8998,622.0
1753591890299,04:51:30.299,bitget,AERO/USDT:USDT,0.8999,101.0,0.8998,85.0,0.9002,656.0,0.9003,85.0
1753591890355,04:51:30.355,binance,AERO/USDT:USDT,0.8993,35.3,0.8992,24.0,0.8994,452.1,0.8995,545.7
1753591890449,04:51:30.449,bitget,AERO/USDT:USDT,0.8999,101.0,0.8998,85.0,0.9002,656.0,0.9003,85.0
1753591890470,04:51:30.470,binance,AERO/USDT:USDT,0.8993,35.3,0.8992,24.0,0.8994,452.1,0.8995,545.7
1753591890617,04:51:30.617,bybit,AERO/USDT:USDT,0.8996,614.0,0.8995,832.0,0.8997,608.0,0.8998,599.0
1753591890586,04:51:30.586,binance,AERO/USDT:USDT,0.8993,41.2,0.8992,24.0,0.8994,452.1,0.8995,545.7
1753591890893,04:51:30.893,binance,AERO/USDT:USDT,0.8993,41.2,0.8992,24.0,0.8994,452.1,0.8995,545.7
1753591890899,04:51:30.899,huobi,AERO/USDT:USDT,0.8989,385.0,0.8988,2919.0,0.9007,379.0,0.9008,404.0
1753591890912,04:51:30.912,huobi,AERO/USDT:USDT,0.8989,385.0,0.8988,2919.0,0.9007,379.0,0.9008,404.0
1753591890946,04:51:30.946,huobi,AERO/USDT:USDT,0.8989,385.0,0.8988,2919.0,0.9007,379.0,0.9008,404.0
1753591890995,04:51:30.995,binance,AERO/USDT:USDT,0.8993,41.2,0.8992,24.0,0.8994,452.1,0.8995,545.7
1753591891050,04:51:31.050,bitget,AERO/USDT:USDT,0.8999,101.0,0.8998,85.0,0.9002,656.0,0.9003,85.0
1753591891200,04:51:31.200,bitget,AERO/USDT:USDT,0.8999,101.0,0.8998,85.0,0.9002,656.0,0.9003,85.0
1753591891418,04:51:31.418,bybit,AERO/USDT:USDT,0.8996,614.0,0.8995,832.0,0.8997,52.0,0.8998,599.0
1753591891428,04:51:31.428,gateio,AERO/USDT:USDT,0.8992,20.0,0.8991,219.0,0.9004,219.0,0.9005,603.0
1753591891619,04:51:31.619,bybit,AERO/USDT:USDT,0.8996,614.0,0.8995,832.0,0.8997,52.0,0.8998,599.0
1753591891580,04:51:31.580,gateio,AERO/USDT:USDT,0.8992,20.0,0.8991,219.0,0.9004,219.0,0.9005,603.0
1753591891650,04:51:31.650,bitget,AERO/USDT:USDT,0.8999,101.0,0.8998,85.0,0.9002,656.0,0.9003,85.0
1753591891813,04:51:31.813,binance,AERO/USDT:USDT,0.8993,101.4,0.8992,24.0,0.8994,25.4,0.8995,545.7
1753591891917,04:51:31.917,binance,AERO/USDT:USDT,0.8993,101.4,0.8992,169.8,0.8994,25.4,0.8995,545.7
1753591891950,04:51:31.950,bitget,AERO/USDT:USDT,0.8999,139.0,0.8998,126.0,0.9002,101.0,0.9003,85.0
1753591892061,04:51:32.061,binance,AERO/USDT:USDT,0.8993,101.4,0.8992,430.1,0.8994,25.4,0.8995,545.7
1753591892219,04:51:32.219,bybit,AERO/USDT:USDT,0.8996,646.0,0.8995,864.0,0.8997,52.0,0.8998,599.0
1753591892250,04:51:32.250,bitget,AERO/USDT:USDT,0.8999,139.0,0.8998,126.0,0.9002,101.0,0.9003,85.0
1753591892417,04:51:32.417,bybit,AERO/USDT:USDT,0.8996,646.0,0.8995,864.0,0.8997,52.0,0.8998,599.0
1753591892401,04:51:32.401,bitget,AERO/USDT:USDT,0.8999,139.0,0.8998,126.0,0.9002,101.0,0.9003,85.0
1753591892480,04:51:32.480,binance,AERO/USDT:USDT,0.8993,101.4,0.8992,430.1,0.8994,25.4,0.8995,545.7
1753591892520,04:51:32.520,bybit,AERO/USDT:USDT,0.8996,646.0,0.8995,887.0,0.8997,52.0,0.8998,599.0
1753591892818,04:51:32.818,bybit,AERO/USDT:USDT,0.8996,669.0,0.8995,887.0,0.8997,43.0,0.8998,43.0
1753591892826,04:51:32.826,binance,AERO/USDT:USDT,0.8993,412.4,0.8992,430.1,0.8994,25.4,0.8995,106.0
1753591892845,04:51:32.845,huobi,AERO/USDT:USDT,0.8989,385.0,0.8988,2919.0,0.9007,379.0,0.9008,404.0
1753591892920,04:51:32.920,bybit,AERO/USDT:USDT,0.8996,669.0,0.8995,887.0,0.8997,43.0,0.8998,43.0
1753591892880,04:51:32.880,huobi,AERO/USDT:USDT,0.8989,385.0,0.8988,2919.0,0.9007,379.0,0.9008,404.0
1753591893017,04:51:33.017,bybit,AERO/USDT:USDT,0.8996,646.0,0.8995,887.0,0.8997,43.0,0.8998,43.0
1753591893002,04:51:33.002,binance,AERO/USDT:USDT,0.8993,412.4,0.8992,430.1,0.8994,25.4,0.8995,106.0
1753591892961,04:51:32.961,gateio,AERO/USDT:USDT,0.8992,20.0,0.8991,219.0,0.9005,603.0,0.9006,50.0
1753591893301,04:51:33.301,bitget,AERO/USDT:USDT,0.8999,227.0,0.8998,126.0,0.9003,85.0,0.9004,38.0
1753591893417,04:51:33.417,bybit,AERO/USDT:USDT,0.8996,811.0,0.8995,887.0,0.8997,43.0,0.8998,43.0
1753591854767,04:50:54.767,blofin,AERO/USDT:USDT,0.8989,613.0,0.8987,4.0,0.8991,29.0,0.8999,663.0
1753591893451,04:51:33.451,bitget,AERO/USDT:USDT,0.8999,227.0,0.8998,126.0,0.9003,85.0,0.9004,38.0
1753591893583,04:51:33.583,binance,AERO/USDT:USDT,0.8993,412.4,0.8992,430.1,0.8994,25.4,0.8995,12.6
1753591893601,04:51:33.601,bitget,AERO/USDT:USDT,0.8999,227.0,0.8998,126.0,0.9003,85.0,0.9004,38.0
1753591893751,04:51:33.751,bitget,AERO/USDT:USDT,0.8999,227.0,0.8998,126.0,0.9003,85.0,0.9004,38.0
1753591893902,04:51:33.902,bitget,AERO/USDT:USDT,0.8999,227.0,0.8998,126.0,0.9003,85.0,0.9004,38.0
1753591894222,04:51:34.222,gateio,AERO/USDT:USDT,0.8992,20.0,0.8991,219.0,0.9004,274.0,0.9005,603.0
1753591894418,04:51:34.418,bybit,AERO/USDT:USDT,0.8996,811.0,0.8995,887.0,0.8997,43.0,0.8998,43.0
1753591894487,04:51:34.487,binance,AERO/USDT:USDT,0.8993,412.4,0.8992,430.1,0.8994,25.4,0.8995,12.6
1753591894502,04:51:34.502,bitget,AERO/USDT:USDT,0.8999,227.0,0.8998,126.0,0.9003,85.0,0.9004,38.0
1753591894802,04:51:34.802,bitget,AERO/USDT:USDT,0.8999,227.0,0.8998,126.0,0.9003,85.0,0.9004,38.0
1753591894952,04:51:34.952,bitget,AERO/USDT:USDT,0.8999,227.0,0.8998,126.0,0.9003,85.0,0.9004,38.0
1753591895102,04:51:35.102,bitget,AERO/USDT:USDT,0.8999,227.0,0.8998,126.0,0.9003,85.0,0.9004,38.0
1753591895190,04:51:35.190,binance,AERO/USDT:USDT,0.8993,412.4,0.8992,430.1,0.8994,24.7,0.8995,12.6
1753591895400,04:51:35.400,binance,AERO/USDT:USDT,0.8993,412.4,0.8992,430.1,0.8994,24.7,0.8995,12.6
1753591895501,04:51:35.501,binance,AERO/USDT:USDT,0.8993,412.4,0.8992,430.1,0.8994,24.7,0.8995,12.6
1753591895619,04:51:35.619,bybit,AERO/USDT:USDT,0.8996,811.0,0.8995,887.0,0.8997,44.0,0.8998,43.0
1753591895699,04:51:35.699,huobi,AERO/USDT:USDT,0.8989,385.0,0.8988,2919.0,0.9007,379.0,0.9008,404.0
1753591895712,04:51:35.712,huobi,AERO/USDT:USDT,0.8989,385.0,0.8988,2919.0,0.9007,379.0,0.9008,404.0
1753591896164,04:51:36.164,huobi,AERO/USDT:USDT,0.8989,385.0,0.8988,2919.0,0.9007,379.0,0.9008,404.0
1753591896217,04:51:36.217,bybit,AERO/USDT:USDT,0.8996,747.0,0.8995,832.0,0.8997,44.0,0.8998,43.0
1753591896202,04:51:36.202,huobi,AERO/USDT:USDT,0.8989,385.0,0.8988,2919.0,0.9007,379.0,0.9008,404.0
1753591896240,04:51:36.240,binance,AERO/USDT:USDT,0.8993,101.4,0.8992,169.8,0.8994,24.7,0.8995,12.6
1753591896222,04:51:36.222,gateio,AERO/USDT:USDT,0.8992,20.0,0.8991,219.0,0.9004,274.0,0.9005,603.0
1753591896380,04:51:36.380,huobi,AERO/USDT:USDT,0.8989,385.0,0.8988,2919.0,0.9007,379.0,0.9008,404.0
1753591897054,04:51:37.054,bitget,AERO/USDT:USDT,0.8999,227.0,0.8998,126.0,0.9003,134.0,0.9004,38.0
1753591897102,04:51:37.102,binance,AERO/USDT:USDT,0.8993,101.4,0.8992,430.1,0.8994,24.7,0.8995,12.6
1753591897219,04:51:37.219,bybit,AERO/USDT:USDT,0.8996,779.0,0.8995,864.0,0.8997,44.0,0.8998,43.0
1753591897354,04:51:37.354,bitget,AERO/USDT:USDT,0.8999,227.0,0.8998,126.0,0.9003,134.0,0.9004,38.0
1753591897607,04:51:37.607,okx,AERO/USDT:USDT,0.9,9.0,0.8999,46.0,0.9002,10.0,0.9003,9.0
1753591896371,04:51:36.371,phemex,AERO/USDT:USDT,0.8992,202.0,0.8991,71.0,0.8995,889.0,0.8996,109.0
1753591897772,04:51:37.772,huobi,AERO/USDT:USDT,0.8989,385.0,0.8988,2919.0,0.9007,379.0,0.9008,404.0
1753591897819,04:51:37.819,bybit,AERO/USDT:USDT,0.8996,747.0,0.8995,864.0,0.8997,44.0,0.8998,43.0
1753591897807,04:51:37.807,okx,AERO/USDT:USDT,0.8999,39.0,0.8998,56.0,0.9002,10.0,0.9003,18.0
1753591897806,04:51:37.806,huobi,AERO/USDT:USDT,0.8989,385.0,0.8988,2919.0,0.9007,379.0,0.9008,404.0
1753591897919,04:51:37.919,bybit,AERO/USDT:USDT,0.8996,747.0,0.8995,864.0,0.8997,44.0,0.8998,43.0
1753591897901,04:51:37.901,huobi,AERO/USDT:USDT,0.8989,385.0,0.8988,2919.0,0.9007,379.0,0.9008,404.0
1753591897930,04:51:37.930,huobi,AERO/USDT:USDT,0.8989,385.0,0.8988,2919.0,0.9007,379.0,0.9008,404.0
1753591897954,04:51:37.954,bitget,AERO/USDT:USDT,0.8999,227.0,0.8998,126.0,0.9003,134.0,0.9004,38.0
1753591898007,04:51:38.007,okx,AERO/USDT:USDT,0.9,2.0,0.8999,46.0,0.9002,10.0,0.9003,11.0
1753591898107,04:51:38.107,okx,AERO/USDT:USDT,0.9,2.0,0.8999,46.0,0.9002,10.0,0.9003,11.0
1753591898104,04:51:38.104,bitget,AERO/USDT:USDT,0.8999,227.0,0.8998,126.0,0.9003,134.0,0.9004,38.0
1753591898207,04:51:38.207,okx,AERO/USDT:USDT,0.9,2.0,0.8999,46.0,0.9002,10.0,0.9003,11.0
1753591898202,04:51:38.202,binance,AERO/USDT:USDT,0.8993,101.4,0.8992,430.1,0.8994,24.7,0.8995,12.6
1753591898419,04:51:38.419,bybit,AERO/USDT:USDT,0.8996,779.0,0.8995,864.0,0.8997,44.0,0.8998,43.0
1753591898791,04:51:38.791,binance,AERO/USDT:USDT,0.8993,101.4,0.8992,430.1,0.8994,24.7,0.8995,12.6
1753591898755,04:51:38.755,gateio,AERO/USDT:USDT,0.8992,20.0,0.8991,219.0,0.9004,493.0,0.9005,603.0
1753591898855,04:51:38.855,bitget,AERO/USDT:USDT,0.8999,227.0,0.8998,126.0,0.9003,134.0,0.9004,38.0
1753591898907,04:51:38.907,okx,AERO/USDT:USDT,0.8999,46.0,0.8998,56.0,0.9002,10.0,0.9003,11.0
1753591899005,04:51:39.005,bitget,AERO/USDT:USDT,0.8999,227.0,0.8998,126.0,0.9003,134.0,0.9004,38.0
1753591899007,04:51:39.007,okx,AERO/USDT:USDT,0.8999,46.0,0.8998,56.0,0.9002,10.0,0.9003,11.0
1753591899157,04:51:39.157,phemex,AERO/USDT:USDT,0.8992,202.0,0.8991,71.0,0.8995,889.0,0.8996,109.0
1753591899218,04:51:39.218,bybit,AERO/USDT:USDT,0.8996,779.0,0.8995,864.0,0.8997,44.0,0.8998,43.0
1753591899207,04:51:39.207,okx,AERO/USDT:USDT,0.8999,46.0,0.8998,56.0,0.9002,10.0,0.9003,11.0
1753591899502,04:51:39.502,binance,AERO/USDT:USDT,0.8993,101.4,0.8992,430.1,0.8994,24.7,0.8995,12.6
1753591899522,04:51:39.522,huobi,AERO/USDT:USDT,0.8989,385.0,0.8988,2919.0,0.9007,379.0,0.9008,391.0
1753591899516,04:51:39.516,gateio,AERO/USDT:USDT,0.8993,274.0,0.8992,20.0,0.9004,274.0,0.9005,603.0
1753591899617,04:51:39.617,bybit,AERO/USDT:USDT,0.8996,811.0,0.8995,887.0,0.8997,44.0,0.8998,43.0
1753591899609,04:51:39.609,binance,AERO/USDT:USDT,0.8994,510.2,0.8993,518.4,0.8995,12.6,0.8996,57.2
1753591899624,04:51:39.624,gateio,AERO/USDT:USDT,0.8994,20.0,0.8993,274.0,0.9004,274.0,0.9005,603.0
1753591899719,04:51:39.719,bybit,AERO/USDT:USDT,0.8996,811.0,0.8995,887.0,0.8997,44.0,0.8998,43.0
1753591899660,04:51:39.660,gateio,AERO/USDT:USDT,0.8994,20.0,0.8993,274.0,0.9004,274.0,0.9005,603.0
1753591899755,04:51:39.755,bitget,AERO/USDT:USDT,0.9001,101.0,0.9,85.0,0.9005,186.0,0.9006,87.0
1753591899761,04:51:39.761,huobi,AERO/USDT:USDT,0.8989,385.0,0.8988,2919.0,0.9008,391.0,0.901,2535.0
1753591899780,04:51:39.780,binance,AERO/USDT:USDT,0.8994,769.5,0.8993,536.8,0.8995,12.6,0.8996,57.2
1753591899818,04:51:39.818,bybit,AERO/USDT:USDT,0.8996,834.0,0.8995,887.0,0.8997,44.0,0.8998,43.0
1753591899807,04:51:39.807,okx,AERO/USDT:USDT,0.9001,10.0,0.9,48.0,0.9002,2.0,0.9003,9.0
1753591899823,04:51:39.823,huobi,AERO/USDT:USDT,0.8989,385.0,0.8988,2919.0,0.9008,391.0,0.901,2535.0
1753591899918,04:51:39.918,bybit,AERO/USDT:USDT,0.8996,944.0,0.8995,997.0,0.8997,44.0,0.8998,43.0
1753591899896,04:51:39.896,binance,AERO/USDT:USDT,0.8994,769.5,0.8993,536.8,0.8995,12.6,0.8996,57.2
1753591899547,04:51:39.547,phemex,AERO/USDT:USDT,0.8992,135.0,0.8991,71.0,0.8995,832.0,0.8996,109.0
1753591900107,04:51:40.107,okx,AERO/USDT:USDT,0.9001,2.0,0.9,48.0,0.9002,2.0,0.9003,9.0
1753591900100,04:51:40.100,binance,AERO/USDT:USDT,0.8994,769.5,0.8993,536.8,0.8995,12.6,0.8996,57.2
1753591900086,04:51:40.086,gateio,AERO/USDT:USDT,0.8994,20.0,0.8993,274.0,0.9004,274.0,0.9005,603.0
1753591900254,04:51:40.254,binance,AERO/USDT:USDT,0.8994,769.5,0.8993,536.8,0.8995,12.6,0.8996,57.2
1753591900318,04:51:40.318,bybit,AERO/USDT:USDT,0.8996,974.0,0.8995,997.0,0.8997,44.0,0.8998,43.0
1753591900341,04:51:40.341,huobi,AERO/USDT:USDT,0.8989,465.0,0.8988,2919.0,0.9008,391.0,0.901,2535.0
1753591900298,04:51:40.298,gateio,AERO/USDT:USDT,0.8994,20.0,0.8993,274.0,0.9004,274.0,0.9005,603.0
1753591900354,04:51:40.354,huobi,AERO/USDT:USDT,0.899,376.0,0.8989,465.0,0.9008,391.0,0.901,2535.0
1753591900418,04:51:40.418,bybit,AERO/USDT:USDT,0.8996,1413.0,0.8995,997.0,0.8997,44.0,0.8998,43.0
1753591900391,04:51:40.391,binance,AERO/USDT:USDT,0.8994,769.5,0.8993,536.8,0.8995,12.6,0.8996,57.2
1753591900407,04:51:40.407,okx,AERO/USDT:USDT,0.9,47.0,0.8999,17.0,0.9002,2.0,0.9003,9.0
1753591900507,04:51:40.507,okx,AERO/USDT:USDT,0.9,47.0,0.8999,17.0,0.9002,2.0,0.9003,9.0
1753591900520,04:51:40.520,bybit,AERO/USDT:USDT,0.8996,1523.0,0.8995,997.0,0.8997,44.0,0.8998,43.0
1753591900499,04:51:40.499,huobi,AERO/USDT:USDT,0.899,376.0,0.8989,465.0,0.9008,391.0,0.901,2535.0
1753591900506,04:51:40.506,bitget,AERO/USDT:USDT,0.9002,85.0,0.9001,186.0,0.9005,101.0,0.9006,87.0
1753591900515,04:51:40.515,huobi,AERO/USDT:USDT,0.899,376.0,0.8989,465.0,0.9008,391.0,0.901,2535.0
1753591900501,04:51:40.501,gateio,AERO/USDT:USDT,0.8994,20.0,0.8993,274.0,0.9004,274.0,0.9005,603.0
1753591900619,04:51:40.619,bybit,AERO/USDT:USDT,0.8996,1523.0,0.8995,997.0,0.8997,44.0,0.8998,9.0
1753591900612,04:51:40.612,phemex,AERO/USDT:USDT,0.8992,135.0,0.8991,71.0,0.8996,109.0,0.8997,50.0
1753591900641,04:51:40.641,gateio,AERO/USDT:USDT,0.8995,274.0,0.8994,20.0,0.9006,50.0,0.9007,847.0
1753591900656,04:51:40.656,bitget,AERO/USDT:USDT,0.9003,101.0,0.9002,85.0,0.9005,101.0,0.9006,87.0
1753591900664,04:51:40.664,binance,AERO/USDT:USDT,0.8995,617.4,0.8994,419.9,0.8996,38.8,0.8997,36.9
1753591900720,04:51:40.720,bybit,AERO/USDT:USDT,0.8996,1853.0,0.8995,1018.0,0.8997,44.0,0.8998,9.0
1753591900707,04:51:40.707,okx,AERO/USDT:USDT,0.9003,1.0,0.9002,10.0,0.9004,9.0,0.9005,54.0
1753591900668,04:51:40.668,gateio,AERO/USDT:USDT,0.8995,274.0,0.8994,20.0,0.9006,50.0,0.9007,847.0
1753591900766,04:51:40.766,binance,AERO/USDT:USDT,0.8995,617.4,0.8994,657.7,0.8996,20.4,0.8997,36.9
1753591900819,04:51:40.819,bybit,AERO/USDT:USDT,0.8996,1853.0,0.8995,1018.0,0.8997,44.0,0.8999,9.0
1753591900838,04:51:40.838,gateio,AERO/USDT:USDT,0.8995,274.0,0.8994,20.0,0.9006,50.0,0.9007,847.0
1753591900918,04:51:40.918,bybit,AERO/USDT:USDT,0.8996,1853.0,0.8995,1018.0,0.8997,44.0,0.8999,9.0
1753591900907,04:51:40.907,okx,AERO/USDT:USDT,0.9002,1.0,0.9001,42.0,0.9004,9.0,0.9005,8.0
1753591900892,04:51:40.892,binance,AERO/USDT:USDT,0.8995,617.4,0.8994,657.7,0.8996,20.4,0.8997,36.9
1753591900945,04:51:40.945,gateio,AERO/USDT:USDT,0.8996,20.0,0.8995,274.0,0.9006,50.0,0.9007,847.0
1753591900995,04:51:40.995,binance,AERO/USDT:USDT,0.8995,617.4,0.8994,657.7,0.8996,20.4,0.8997,36.9
1753591901002,04:51:41.002,huobi,AERO/USDT:USDT,0.899,376.0,0.8989,385.0,0.9008,391.0,0.901,2535.0
1753591901016,04:51:41.016,huobi,AERO/USDT:USDT,0.8989,385.0,0.8988,2919.0,0.9008,391.0,0.901,2535.0
1753591901028,04:51:41.028,gateio,AERO/USDT:USDT,0.8996,20.0,0.8995,274.0,0.9006,50.0,0.9007,847.0
1753591901078,04:51:41.078,huobi,AERO/USDT:USDT,0.8989,385.0,0.8988,2919.0,0.9008,391.0,0.901,2535.0
1753591901117,04:51:41.117,bybit,AERO/USDT:USDT,0.8996,1853.0,0.8995,1018.0,0.8997,44.0,0.8999,9.0
1753591901107,04:51:41.107,okx,AERO/USDT:USDT,0.9002,1.0,0.9001,35.0,0.9004,9.0,0.9005,8.0
1753591901106,04:51:41.106,bitget,AERO/USDT:USDT,0.9003,101.0,0.9001,85.0,0.9005,101.0,0.9006,87.0
1753591901122,04:51:41.122,gateio,AERO/USDT:USDT,0.8996,20.0,0.8995,274.0,0.9006,380.0,0.9007,847.0
1753591901174,04:51:41.174,phemex,AERO/USDT:USDT,0.8992,135.0,0.8991,71.0,0.8996,109.0,0.8997,50.0
1753591901217,04:51:41.217,bybit,AERO/USDT:USDT,0.8996,1853.0,0.8995,1018.0,0.8997,44.0,0.8999,43.0
1753591901240,04:51:41.240,binance,AERO/USDT:USDT,0.8995,617.4,0.8994,657.7,0.8996,20.4,0.8997,36.9
1753591901317,04:51:41.317,bybit,AERO/USDT:USDT,0.8996,2073.0,0.8995,1018.0,0.8997,44.0,0.8999,43.0
1753591901307,04:51:41.307,okx,AERO/USDT:USDT,0.9001,35.0,0.9,16.0,0.9004,9.0,0.9005,8.0
1753591901339,04:51:41.339,gateio,AERO/USDT:USDT,0.8996,20.0,0.8995,274.0,0.9006,380.0,0.9007,847.0
1753591901417,04:51:41.417,bybit,AERO/USDT:USDT,0.8996,2247.0,0.8995,1018.0,0.8997,44.0,0.8999,43.0
1753591901413,04:51:41.413,binance,AERO/USDT:USDT,0.8995,635.2,0.8994,657.7,0.8996,20.4,0.8997,36.9
1753591901520,04:51:41.520,bybit,AERO/USDT:USDT,0.8996,2247.0,0.8995,1018.0,0.8997,44.0,0.8999,43.0
1753591901619,04:51:41.619,bybit,AERO/USDT:USDT,0.8996,2224.0,0.8995,1018.0,0.8997,44.0,0.8999,43.0
1753591901616,04:51:41.616,binance,AERO/USDT:USDT,0.8995,635.2,0.8994,657.7,0.8996,20.4,0.8997,36.9
1753591901677,04:51:41.677,huobi,AERO/USDT:USDT,0.899,80.0,0.8989,385.0,0.9008,391.0,0.901,2535.0
1753591901719,04:51:41.719,bybit,AERO/USDT:USDT,0.8996,2224.0,0.8995,1018.0,0.8997,44.0,0.8999,43.0
1753591901707,04:51:41.707,okx,AERO/USDT:USDT,0.9002,10.0,0.9001,42.0,0.9004,9.0,0.9005,8.0
1753591901918,04:51:41.918,bybit,AERO/USDT:USDT,0.8996,2224.0,0.8995,1018.0,0.8997,44.0,0.8999,43.0
1753591901907,04:51:41.907,okx,AERO/USDT:USDT,0.9002,10.0,0.9001,42.0,0.9004,9.0,0.9005,8.0
1753591902018,04:51:42.018,bybit,AERO/USDT:USDT,0.8996,2384.0,0.8995,1018.0,0.8997,44.0,0.8999,43.0
1753591902002,04:51:42.002,binance,AERO/USDT:USDT,0.8995,635.2,0.8994,657.7,0.8996,20.4,0.8997,36.9
1753591902007,04:51:42.007,bitget,AERO/USDT:USDT,0.9003,101.0,0.9001,85.0,0.9005,101.0,0.9006,87.0
1753591902017,04:51:42.017,huobi,AERO/USDT:USDT,0.8991,376.0,0.899,80.0,0.9008,391.0,0.901,2535.0
1753591901903,04:51:41.903,mexc,AERO/USDT:USDT,0.8995,172,0.8994,153,0.8996,26,0.8997,26
1753591902044,04:51:42.044,huobi,AERO/USDT:USDT,0.8992,2533.0,0.8991,376.0,0.9008,391.0,0.901,2535.0
1753591902099,04:51:42.099,huobi,AERO/USDT:USDT,0.8993,376.0,0.8992,2533.0,0.9008,391.0,0.901,2535.0
1753591902119,04:51:42.119,mexc,AERO/USDT:USDT,0.8995,172,0.8994,153,0.8996,26,0.8997,26
1753591902133,04:51:42.133,binance,AERO/USDT:USDT,0.8995,635.2,0.8994,657.7,0.8996,20.4,0.8997,36.9
1753591902131,04:51:42.131,huobi,AERO/USDT:USDT,0.8993,376.0,0.8992,2533.0,0.9008,391.0,0.901,2535.0
1753591902157,04:51:42.157,bitget,AERO/USDT:USDT,0.9003,101.0,0.9001,85.0,0.9005,101.0,0.9006,87.0
1753591902159,04:51:42.159,huobi,AERO/USDT:USDT,0.8993,376.0,0.8992,2533.0,0.9008,391.0,0.901,2535.0
1753591902185,04:51:42.185,huobi,AERO/USDT:USDT,0.8993,376.0,0.8992,2533.0,0.9008,391.0,0.901,2535.0
1753591902307,04:51:42.307,bitget,AERO/USDT:USDT,0.9003,101.0,0.9001,85.0,0.9005,101.0,0.9006,87.0
1753591902320,04:51:42.320,mexc,AERO/USDT:USDT,0.8995,172,0.8994,153,0.8996,26,0.8997,26
1753591902113,04:51:42.113,phemex,AERO/USDT:USDT,0.8992,135.0,0.8991,71.0,0.8996,105.0,0.8997,50.0
1753591902387,04:51:42.387,binance,AERO/USDT:USDT,0.8995,646.3,0.8994,657.7,0.8996,20.4,0.8997,36.9
1753591902442,04:51:42.442,gateio,AERO/USDT:USDT,0.8996,20.0,0.8995,274.0,0.9006,380.0,0.9007,847.0
1753591902507,04:51:42.507,okx,AERO/USDT:USDT,0.9002,10.0,0.9001,42.0,0.9004,9.0,0.9005,8.0
1753591902497,04:51:42.497,binance,AERO/USDT:USDT,0.8995,646.3,0.8994,657.7,0.8996,20.4,0.8997,36.9
1753591902522,04:51:42.522,mexc,AERO/USDT:USDT,0.8995,172,0.8994,153,0.8996,26,0.8997,26
1753591902475,04:51:42.475,gateio,AERO/USDT:USDT,0.8996,20.0,0.8995,274.0,0.9006,380.0,0.9007,847.0
1753591902617,04:51:42.617,bybit,AERO/USDT:USDT,0.8996,2384.0,0.8995,1018.0,0.8997,44.0,0.8999,43.0
1753591902607,04:51:42.607,bitget,AERO/USDT:USDT,0.9003,101.0,0.9001,85.0,0.9005,101.0,0.9006,87.0
1753591902718,04:51:42.718,bybit,AERO/USDT:USDT,0.8996,2384.0,0.8995,1018.0,0.8997,44.0,0.8999,43.0
1753591902617,04:51:42.617,mexc,AERO/USDT:USDT,0.8995,172,0.8994,153,0.8996,26,0.8997,33
1753591902648,04:51:42.648,gateio,AERO/USDT:USDT,0.8996,20.0,0.8993,274.0,0.9006,380.0,0.9007,847.0
1753591902757,04:51:42.757,bitget,AERO/USDT:USDT,0.9003,101.0,0.9001,85.0,0.9005,101.0,0.9006,87.0
1753591902818,04:51:42.818,bybit,AERO/USDT:USDT,0.8996,2407.0,0.8995,1018.0,0.8997,44.0,0.8999,43.0
1753591902807,04:51:42.807,okx,AERO/USDT:USDT,0.9002,10.0,0.9001,42.0,0.9004,9.0,0.9005,8.0
1753591902845,04:51:42.845,gateio,AERO/USDT:USDT,0.8994,20.0,0.8993,274.0,0.9006,380.0,0.9007,847.0
1753591902917,04:51:42.917,bybit,AERO/USDT:USDT,0.8996,2384.0,0.8995,1018.0,0.8997,44.0,0.8999,43.0
1753591902907,04:51:42.907,bitget,AERO/USDT:USDT,0.9003,101.0,0.9001,85.0,0.9005,101.0,0.9006,87.0
1753591902820,04:51:42.820,mexc,AERO/USDT:USDT,0.8995,172,0.8994,153,0.8996,26,0.8997,33
1753591903036,04:51:43.036,huobi,AERO/USDT:USDT,0.8993,376.0,0.8992,2533.0,0.9008,391.0,0.901,2535.0
1753591902988,04:51:42.988,gateio,AERO/USDT:USDT,0.8994,20.0,0.8993,274.0,0.9006,380.0,0.9007,847.0
1753591903057,04:51:43.057,bitget,AERO/USDT:USDT,0.9003,101.0,0.9001,85.0,0.9005,101.0,0.9006,87.0
1753591855768,04:50:55.768,blofin,AERO/USDT:USDT,0.8989,723.0,0.8987,4.0,0.8991,29.0,0.8994,7881.0
1753591903119,04:51:43.119,bybit,AERO/USDT:USDT,0.8996,2352.0,0.8995,995.0,0.8997,44.0,0.8999,579.0
1753591903217,04:51:43.217,bybit,AERO/USDT:USDT,0.8996,2384.0,0.8995,995.0,0.8997,44.0,0.8999,579.0
1753591903207,04:51:43.207,bitget,AERO/USDT:USDT,0.9003,101.0,0.9001,85.0,0.9005,186.0,0.9006,87.0
1753591903118,04:51:43.118,mexc,AERO/USDT:USDT,0.8995,172,0.8994,153,0.8996,26,0.8997,26
1753591903317,04:51:43.317,bybit,AERO/USDT:USDT,0.8996,2384.0,0.8995,1018.0,0.8997,44.0,0.8999,43.0
1753591903357,04:51:43.357,bitget,AERO/USDT:USDT,0.9003,101.0,0.9001,85.0,0.9005,186.0,0.9006,87.0
1753591903417,04:51:43.417,binance,AERO/USDT:USDT,0.8995,646.3,0.8994,657.7,0.8996,20.4,0.8997,36.9
1753591903319,04:51:43.319,mexc,AERO/USDT:USDT,0.8995,172,0.8994,153,0.8996,26,0.8997,26
1753591903508,04:51:43.508,bitget,AERO/USDT:USDT,0.9003,101.0,0.9001,85.0,0.9005,186.0,0.9006,87.0
1753591903617,04:51:43.617,bybit,AERO/USDT:USDT,0.8996,2384.0,0.8995,1018.0,0.8997,44.0,0.8999,43.0
1753591903607,04:51:43.607,okx,AERO/USDT:USDT,0.9002,10.0,0.9001,42.0,0.9004,9.0,0.9005,8.0
1753591903616,04:51:43.616,binance,AERO/USDT:USDT,0.8995,646.3,0.8994,657.7,0.8996,20.4,0.8997,36.9
1753591903623,04:51:43.623,gateio,AERO/USDT:USDT,0.8994,20.0,0.8993,274.0,0.9006,380.0,0.9007,847.0
1753591903618,04:51:43.618,mexc,AERO/USDT:USDT,0.8995,172,0.8994,153,0.8996,26,0.8997,29
1753591903658,04:51:43.658,bitget,AERO/USDT:USDT,0.9003,101.0,0.9001,85.0,0.9005,186.0,0.9006,87.0
1753591903731,04:51:43.731,binance,AERO/USDT:USDT,0.8995,646.3,0.8994,657.7,0.8996,20.4,0.8997,36.9
1753591903817,04:51:43.817,bybit,AERO/USDT:USDT,0.8996,2384.0,0.8995,1018.0,0.8997,44.0,0.8999,43.0
1753591903807,04:51:43.807,okx,AERO/USDT:USDT,0.9002,10.0,0.9001,42.0,0.9004,9.0,0.9005,8.0
1753591903816,04:51:43.816,gateio,AERO/USDT:USDT,0.8994,20.0,0.8993,274.0,0.9006,380.0,0.9007,847.0
1753591903820,04:51:43.820,mexc,AERO/USDT:USDT,0.8995,172,0.8994,153,0.8996,26,0.8997,29
1753591904017,04:51:44.017,bybit,AERO/USDT:USDT,0.8996,2407.0,0.8995,1018.0,0.8997,44.0,0.8999,43.0
1753591904119,04:51:44.119,bybit,AERO/USDT:USDT,0.8996,2384.0,0.8995,1018.0,0.8997,44.0,0.8999,43.0
1753591904107,04:51:44.107,okx,AERO/USDT:USDT,0.9002,10.0,0.9001,42.0,0.9004,9.0,0.9005,8.0
1753591904117,04:51:44.117,mexc,AERO/USDT:USDT,0.8995,172,0.8994,153,0.8996,26,0.8997,26
1753591904317,04:51:44.317,bybit,AERO/USDT:USDT,0.8996,2384.0,0.8995,1018.0,0.8997,44.0,0.8999,43.0
1753591904320,04:51:44.320,mexc,AERO/USDT:USDT,0.8995,172,0.8994,153,0.8996,26,0.8997,26
1753591904418,04:51:44.418,bybit,AERO/USDT:USDT,0.8996,2407.0,0.8995,1018.0,0.8997,44.0,0.8999,43.0
1753591904507,04:51:44.507,okx,AERO/USDT:USDT,0.9002,3.0,0.9001,42.0,0.9004,9.0,0.9005,8.0
1753591904519,04:51:44.519,bybit,AERO/USDT:USDT,0.8996,2384.0,0.8995,1018.0,0.8997,44.0,0.8999,43.0
1753591904320,04:51:44.320,mexc,AERO/USDT:USDT,0.8995,172,0.8994,153,0.8996,26,0.8997,26
1753591904519,04:51:44.519,gateio,AERO/USDT:USDT,0.8995,219.0,0.8994,20.0,0.9006,380.0,0.9007,847.0
1753591904561,04:51:44.561,binance,AERO/USDT:USDT,0.8995,646.3,0.8994,657.7,0.8996,20.4,0.8997,36.9
1753591904558,04:51:44.558,bitget,AERO/USDT:USDT,0.9003,101.0,0.9,85.0,0.9005,186.0,0.9006,87.0
1753591904631,04:51:44.631,gateio,AERO/USDT:USDT,0.8996,20.0,0.8995,219.0,0.9006,380.0,0.9007,847.0
1753591904708,04:51:44.708,bitget,AERO/USDT:USDT,0.9003,101.0,0.9,85.0,0.9005,186.0,0.9006,87.0
1753591904620,04:51:44.620,mexc,AERO/USDT:USDT,0.8995,172,0.8994,153,0.8996,26,0.8997,26
1753591904660,04:51:44.660,gateio,AERO/USDT:USDT,0.8996,20.0,0.8995,219.0,0.9006,380.0,0.9007,847.0
1753591904902,04:51:44.902,binance,AERO/USDT:USDT,0.8995,646.3,0.8994,657.7,0.8996,20.4,0.8997,36.9
1753591904820,04:51:44.820,mexc,AERO/USDT:USDT,0.8995,172,0.8994,153,0.8996,26,0.8997,26
1753591905008,04:51:45.008,bitget,AERO/USDT:USDT,0.9003,101.0,0.9,85.0,0.9005,186.0,0.9006,87.0
1753591905107,04:51:45.107,okx,AERO/USDT:USDT,0.9002,9.0,0.9001,42.0,0.9004,9.0,0.9005,8.0
1753591905151,04:51:45.151,phemex,AERO/USDT:USDT,0.8992,135.0,0.8991,71.0,0.8996,105.0,0.8997,50.0
1753591905131,04:51:45.131,mexc,AERO/USDT:USDT,0.8995,172,0.8994,153,0.8996,26,0.8997,26
1753591905156,04:51:45.156,phemex,AERO/USDT:USDT,0.8992,135.0,0.8991,71.0,0.8996,105.0,0.8997,50.0
1753591905108,04:51:45.108,gateio,AERO/USDT:USDT,0.8996,20.0,0.8995,219.0,0.9006,380.0,0.9007,847.0
1753591905158,04:51:45.158,bitget,AERO/USDT:USDT,0.9003,101.0,0.9,85.0,0.9005,186.0,0.9006,87.0
1753591905227,04:51:45.227,binance,AERO/USDT:USDT,0.8995,646.3,0.8994,657.7,0.8996,20.4,0.8997,36.9
1753591905319,04:51:45.319,bybit,AERO/USDT:USDT,0.8996,2384.0,0.8995,1018.0,0.8997,44.0,0.8999,43.0
1753591905307,04:51:45.307,okx,AERO/USDT:USDT,0.9002,9.0,0.9001,42.0,0.9004,9.0,0.9005,8.0
1753591905300,04:51:45.300,huobi,AERO/USDT:USDT,0.8993,376.0,0.8992,2533.0,0.9008,391.0,0.901,2535.0
1753591905309,04:51:45.309,bitget,AERO/USDT:USDT,0.9003,101.0,0.9,85.0,0.9005,186.0,0.9006,87.0
1753591905314,04:51:45.314,huobi,AERO/USDT:USDT,0.8993,376.0,0.8992,2533.0,0.9008,391.0,0.901,2535.0
1753591905321,04:51:45.321,mexc,AERO/USDT:USDT,0.8995,172,0.8994,181,0.8996,26,0.8997,26
1753591905368,04:51:45.368,huobi,AERO/USDT:USDT,0.8993,376.0,0.8992,2533.0,0.9008,391.0,0.901,2535.0
1753591905459,04:51:45.459,bitget,AERO/USDT:USDT,0.9003,101.0,0.9,85.0,0.9005,186.0,0.9006,87.0
1753591905607,04:51:45.607,okx,AERO/USDT:USDT,0.9002,9.0,0.9001,42.0,0.9004,9.0,0.9005,8.0
1753591905609,04:51:45.609,binance,AERO/USDT:USDT,0.8995,646.3,0.8994,657.7,0.8996,20.4,0.8997,36.9
1753591905619,04:51:45.619,mexc,AERO/USDT:USDT,0.8995,172,0.8994,181,0.8996,26,0.8997,31
1753591905718,04:51:45.718,bybit,AERO/USDT:USDT,0.8996,2384.0,0.8995,1018.0,0.8997,44.0,0.8999,43.0
1753591905759,04:51:45.759,bitget,AERO/USDT:USDT,0.9003,101.0,0.9,85.0,0.9005,186.0,0.9006,87.0
1753591905821,04:51:45.821,mexc,AERO/USDT:USDT,0.8995,172,0.8994,153,0.8996,26,0.8997,31
1753591905823,04:51:45.823,gateio,AERO/USDT:USDT,0.8996,20.0,0.8995,219.0,0.9006,380.0,0.9007,847.0
1753591905919,04:51:45.919,bybit,AERO/USDT:USDT,0.8996,2384.0,0.8995,1018.0,0.8997,44.0,0.8999,43.0
1753591905963,04:51:45.963,phemex,AERO/USDT:USDT,0.8992,135.0,0.8991,71.0,0.8996,105.0,0.8997,50.0
1753591905970,04:51:45.970,phemex,AERO/USDT:USDT,0.8992,135.0,0.8991,71.0,0.8996,105.0,0.8997,50.0
1753591906002,04:51:46.002,binance,AERO/USDT:USDT,0.8995,646.3,0.8994,657.7,0.8996,20.4,0.8997,36.9
1753591905821,04:51:45.821,mexc,AERO/USDT:USDT,0.8995,172,0.8994,178,0.8996,26,0.8997,31
1753591906107,04:51:46.107,okx,AERO/USDT:USDT,0.9002,9.0,0.9001,42.0,0.9004,9.0,0.9005,8.0
1753591906190,04:51:46.190,binance,AERO/USDT:USDT,0.8995,646.3,0.8994,657.7,0.8996,20.4,0.8997,36.9
1753591906207,04:51:46.207,okx,AERO/USDT:USDT,0.9002,9.0,0.9001,42.0,0.9004,9.0,0.9005,8.0
1753591906209,04:51:46.209,bitget,AERO/USDT:USDT,0.9003,101.0,0.9,85.0,0.9005,186.0,0.9006,87.0
1753591906227,04:51:46.227,mexc,AERO/USDT:USDT,0.8995,172,0.8994,178,0.8996,26,0.8997,26
1753591906175,04:51:46.175,gateio,AERO/USDT:USDT,0.8996,20.0,0.8993,274.0,0.9006,380.0,0.9007,847.0
1753591906257,04:51:46.257,gateio,AERO/USDT:USDT,0.8994,20.0,0.8993,274.0,0.9006,380.0,0.9007,847.0
1753591906417,04:51:46.417,bybit,AERO/USDT:USDT,0.8996,2567.0,0.8995,1018.0,0.8997,44.0,0.8999,43.0
1753591906322,04:51:46.322,mexc,AERO/USDT:USDT,0.8995,172,0.8994,153,0.8996,26,0.8997,26
1753591906509,04:51:46.509,bitget,AERO/USDT:USDT,0.9003,101.0,0.9,85.0,0.9005,186.0,0.9006,87.0
1753591906608,04:51:46.608,gateio,AERO/USDT:USDT,0.8994,20.0,0.8993,274.0,0.9006,380.0,0.9007,847.0
1753591906659,04:51:46.659,bitget,AERO/USDT:USDT,0.9003,101.0,0.9,85.0,0.9005,186.0,0.9006,87.0
1753591906664,04:51:46.664,binance,AERO/USDT:USDT,0.8995,646.3,0.8994,657.7,0.8996,20.4,0.8997,36.9
1753591906742,04:51:46.742,gateio,AERO/USDT:USDT,0.8994,20.0,0.8993,274.0,0.9006,380.0,0.9007,847.0
1753591906620,04:51:46.620,mexc,AERO/USDT:USDT,0.8995,172,0.8994,153,0.8996,26,0.8997,29
1753591906767,04:51:46.767,binance,AERO/USDT:USDT,0.8995,646.3,0.8994,657.7,0.8996,20.4,0.8997,36.9
1753591906807,04:51:46.807,okx,AERO/USDT:USDT,0.9002,9.0,0.9001,42.0,0.9004,9.0,0.9005,8.0
1753591906809,04:51:46.809,bitget,AERO/USDT:USDT,0.9003,101.0,0.9,85.0,0.9005,186.0,0.9006,87.0
1753591906821,04:51:46.821,mexc,AERO/USDT:USDT,0.8995,172,0.8994,153,0.8996,26,0.8997,29
1753591907007,04:51:47.007,okx,AERO/USDT:USDT,0.9002,9.0,0.9001,42.0,0.9004,9.0,0.9005,8.0
1753591907119,04:51:47.119,bybit,AERO/USDT:USDT,0.8996,2567.0,0.8995,1018.0,0.8997,44.0,0.8999,43.0
1753591907110,04:51:47.110,bitget,AERO/USDT:USDT,0.9003,101.0,0.9,85.0,0.9005,186.0,0.9006,87.0
1753591907121,04:51:47.121,mexc,AERO/USDT:USDT,0.8995,172,0.8994,153,0.8996,26,0.8997,31
1753591907260,04:51:47.260,bitget,AERO/USDT:USDT,0.9003,101.0,0.9,85.0,0.9005,186.0,0.9006,87.0
1753591907317,04:51:47.317,bybit,AERO/USDT:USDT,0.8996,2567.0,0.8995,1018.0,0.8997,44.0,0.8999,43.0
1753591907307,04:51:47.307,okx,AERO/USDT:USDT,0.9002,9.0,0.9001,42.0,0.9004,9.0,0.9005,8.0
1753591907407,04:51:47.407,okx,AERO/USDT:USDT,0.9002,9.0,0.9001,42.0,0.9004,9.0,0.9005,8.0
1753591907410,04:51:47.410,bitget,AERO/USDT:USDT,0.9003,101.0,0.9,85.0,0.9005,186.0,0.9006,87.0
1753591907326,04:51:47.326,mexc,AERO/USDT:USDT,0.8995,172,0.8994,153,0.8996,26,0.8997,31
1753591907560,04:51:47.560,bitget,AERO/USDT:USDT,0.9003,101.0,0.9,85.0,0.9005,186.0,0.9006,87.0
1753591907710,04:51:47.710,bitget,AERO/USDT:USDT,0.9003,101.0,0.9,85.0,0.9005,186.0,0.9006,87.0
1753591907621,04:51:47.621,mexc,AERO/USDT:USDT,0.8995,172,0.8994,153,0.8996,26,0.8997,26
1753591907802,04:51:47.802,binance,AERO/USDT:USDT,0.8995,646.3,0.8994,657.7,0.8996,20.4,0.8997,36.9
1753591907907,04:51:47.907,okx,AERO/USDT:USDT,0.9002,9.0,0.9001,42.0,0.9004,9.0,0.9005,8.0
1753591907956,04:51:47.956,binance,AERO/USDT:USDT,0.8995,646.3,0.8994,657.7,0.8996,20.4,0.8997,36.9
1753591907921,04:51:47.921,mexc,AERO/USDT:USDT,0.8995,171,0.8994,185,0.8996,24,0.8997,25
1753591908007,04:51:48.007,okx,AERO/USDT:USDT,0.9002,9.0,0.9001,42.0,0.9004,9.0,0.9005,8.0
1753591908146,04:51:48.146,phemex,AERO/USDT:USDT,0.8992,135.0,0.8991,71.0,0.8996,937.0,0.8997,50.0
1753591908160,04:51:48.160,bitget,AERO/USDT:USDT,0.9003,101.0,0.9,85.0,0.9005,186.0,0.9006,87.0
1753591908220,04:51:48.220,bybit,AERO/USDT:USDT,0.8996,2567.0,0.8995,1018.0,0.8997,44.0,0.8999,43.0
1753591908310,04:51:48.310,bitget,AERO/USDT:USDT,0.9003,101.0,0.9,85.0,0.9005,186.0,0.9006,87.0
1753591908322,04:51:48.322,mexc,AERO/USDT:USDT,0.8995,171,0.8994,185,0.8996,24,0.8997,25
1753591908402,04:51:48.402,binance,AERO/USDT:USDT,0.8995,646.3,0.8994,657.7,0.8996,20.4,0.8997,36.9
1753591908461,04:51:48.461,bitget,AERO/USDT:USDT,0.9003,101.0,0.9,85.0,0.9005,186.0,0.9006,87.0
1753591908507,04:51:48.507,okx,AERO/USDT:USDT,0.9002,9.0,0.9001,42.0,0.9004,9.0,0.9005,8.0
1753591908322,04:51:48.322,mexc,AERO/USDT:USDT,0.8995,171,0.8994,185,0.8996,24,0.8997,25
1753591908707,04:51:48.707,okx,AERO/USDT:USDT,0.9002,9.0,0.9001,42.0,0.9004,9.0,0.9005,8.0
1753591908621,04:51:48.621,mexc,AERO/USDT:USDT,0.8995,171,0.8994,185,0.8996,24,0.8997,35
1753591908761,04:51:48.761,bitget,AERO/USDT:USDT,0.9003,101.0,0.9,85.0,0.9005,186.0,0.9006,87.0
1753591908817,04:51:48.817,bybit,AERO/USDT:USDT,0.8996,2845.0,0.8995,1018.0,0.8997,44.0,0.8999,43.0
1753591908807,04:51:48.807,okx,AERO/USDT:USDT,0.9002,9.0,0.9001,42.0,0.9004,9.0,0.9005,8.0
1753591908806,04:51:48.806,binance,AERO/USDT:USDT,0.8995,646.3,0.8994,657.7,0.8996,20.4,0.8997,36.9
1753591908917,04:51:48.917,bybit,AERO/USDT:USDT,0.8996,2845.0,0.8995,1018.0,0.8997,44.0,0.8999,43.0
1753591908822,04:51:48.822,mexc,AERO/USDT:USDT,0.8995,171,0.8994,185,0.8996,24,0.8997,35
1753591909002,04:51:49.002,binance,AERO/USDT:USDT,0.8995,646.3,0.8994,657.7,0.8996,20.4,0.8997,36.9
1753591909061,04:51:49.061,bitget,AERO/USDT:USDT,0.9003,101.0,0.9,85.0,0.9005,186.0,0.9006,87.0
1753591909117,04:51:49.117,bybit,AERO/USDT:USDT,0.8996,2845.0,0.8995,1018.0,0.8997,44.0,0.8999,43.0
1753591909217,04:51:49.217,bybit,AERO/USDT:USDT,0.8996,2845.0,0.8995,995.0,0.8997,44.0,0.8999,43.0
1753591909211,04:51:49.211,bitget,AERO/USDT:USDT,0.9003,101.0,0.9,85.0,0.9005,186.0,0.9006,87.0
1753591909122,04:51:49.122,mexc,AERO/USDT:USDT,0.8995,171,0.8994,185,0.8996,24,0.8997,25
1753591909324,04:51:49.324,gateio,AERO/USDT:USDT,0.8995,219.0,0.8994,20.0,0.9006,380.0,0.9007,847.0
1753591909418,04:51:49.418,bybit,AERO/USDT:USDT,0.8996,2845.0,0.8995,1018.0,0.8997,44.0,0.8999,43.0
1753591909322,04:51:49.322,mexc,AERO/USDT:USDT,0.8995,171,0.8994,207,0.8996,24,0.8997,25
1753591909384,04:51:49.384,gateio,AERO/USDT:USDT,0.8996,20.0,0.8993,274.0,0.9006,380.0,0.9007,847.0
1753591909511,04:51:49.511,bitget,AERO/USDT:USDT,0.9003,101.0,0.9,85.0,0.9005,186.0,0.9006,87.0
1753591909529,04:51:49.529,binance,AERO/USDT:USDT,0.8995,646.3,0.8994,657.7,0.8996,20.4,0.8997,36.9
1753591909456,04:51:49.456,gateio,AERO/USDT:USDT,0.8994,20.0,0.8993,274.0,0.9006,380.0,0.9007,847.0
1753591909632,04:51:49.632,binance,AERO/USDT:USDT,0.8995,646.3,0.8994,657.7,0.8996,20.4,0.8997,36.9
1753591909572,04:51:49.572,gateio,AERO/USDT:USDT,0.8994,20.0,0.8993,274.0,0.9006,380.0,0.9007,847.0
1753591909661,04:51:49.661,bitget,AERO/USDT:USDT,0.9003,101.0,0.9,85.0,0.9005,186.0,0.9006,87.0
1753591909622,04:51:49.622,mexc,AERO/USDT:USDT,0.8995,171,0.8994,207,0.8996,24,0.8997,25
1753591909775,04:51:49.775,huobi,AERO/USDT:USDT,0.8993,376.0,0.8992,2533.0,0.9002,10.0,0.9008,391.0
1753591909811,04:51:49.811,bitget,AERO/USDT:USDT,0.9003,101.0,0.9,85.0,0.9005,186.0,0.9006,87.0
1753591856769,04:50:56.769,blofin,AERO/USDT:USDT,0.8989,1120.0,0.8987,10000.0,0.8991,29.0,0.8994,4029.0
1753591909824,04:51:49.824,mexc,AERO/USDT:USDT,0.8995,171,0.8994,272,0.8996,24,0.8997,25
1753591909961,04:51:49.961,bitget,AERO/USDT:USDT,0.9003,101.0,0.9,85.0,0.9005,186.0,0.9006,87.0
1753591910019,04:51:50.019,bybit,AERO/USDT:USDT,0.8996,2845.0,0.8995,1018.0,0.8997,44.0,0.8999,43.0
1753591910029,04:51:50.029,binance,AERO/USDT:USDT,0.8995,646.3,0.8994,657.7,0.8996,20.4,0.8997,36.9
1753591910119,04:51:50.119,bybit,AERO/USDT:USDT,0.8996,2862.0,0.8995,1018.0,0.8997,44.0,0.8999,43.0
1753591910098,04:51:50.098,huobi,AERO/USDT:USDT,0.8993,376.0,0.8992,2533.0,0.9008,391.0,0.901,2535.0
1753591910111,04:51:50.111,bitget,AERO/USDT:USDT,0.9003,101.0,0.9,85.0,0.9005,186.0,0.9006,87.0
1753591910113,04:51:50.113,huobi,AERO/USDT:USDT,0.8993,376.0,0.8992,2533.0,0.9008,391.0,0.901,2535.0
1753591910202,04:51:50.202,binance,AERO/USDT:USDT,0.8995,646.3,0.8994,657.7,0.8996,20.4,0.8997,36.9
1753591910123,04:51:50.123,mexc,AERO/USDT:USDT,0.8995,171,0.8994,272,0.8996,24,0.8997,25
1753591910307,04:51:50.307,okx,AERO/USDT:USDT,0.9002,9.0,0.9001,42.0,0.9004,9.0,0.9005,8.0
1753591910384,04:51:50.384,binance,AERO/USDT:USDT,0.8995,646.3,0.8994,657.7,0.8996,20.4,0.8997,36.9
1753591910407,04:51:50.407,okx,AERO/USDT:USDT,0.9002,2.0,0.9001,42.0,0.9004,9.0,0.9005,8.0
1753591910412,04:51:50.412,bitget,AERO/USDT:USDT,0.9003,101.0,0.9,85.0,0.9005,186.0,0.9006,87.0
1753591910324,04:51:50.324,mexc,AERO/USDT:USDT,0.8995,171,0.8994,185,0.8996,24,0.8997,25
1753591910515,04:51:50.515,binance,AERO/USDT:USDT,0.8995,646.3,0.8994,657.7,0.8996,20.4,0.8997,36.9
1753591910562,04:51:50.562,bitget,AERO/USDT:USDT,0.9003,101.0,0.9,85.0,0.9005,186.0,0.9006,87.0
1753591910619,04:51:50.619,bybit,AERO/USDT:USDT,0.8996,2862.0,0.8995,1018.0,0.8997,44.0,0.8999,43.0
1753591910623,04:51:50.623,gateio,AERO/USDT:USDT,0.8994,20.0,0.8993,274.0,0.9006,380.0,0.9007,847.0
1753591910663,04:51:50.663,binance,AERO/USDT:USDT,0.8995,646.3,0.8994,657.7,0.8996,20.4,0.8997,36.9
1753591910712,04:51:50.712,bitget,AERO/USDT:USDT,0.9003,101.0,0.9,85.0,0.9005,186.0,0.9006,87.0
1753591910623,04:51:50.623,mexc,AERO/USDT:USDT,0.8995,171,0.8994,185,0.8996,24,0.8997,29
1753591910772,04:51:50.772,phemex,AERO/USDT:USDT,0.8992,135.0,0.8991,71.0,0.8996,937.0,0.8997,50.0
1753591910807,04:51:50.807,okx,AERO/USDT:USDT,0.9001,42.0,0.9,16.0,0.9004,9.0,0.9005,8.0
1753591910791,04:51:50.791,gateio,AERO/USDT:USDT,0.8994,20.0,0.8993,274.0,0.9006,380.0,0.9007,847.0
1753591910862,04:51:50.862,bitget,AERO/USDT:USDT,0.9003,101.0,0.9,85.0,0.9005,186.0,0.9006,87.0
1753591910907,04:51:50.907,okx,AERO/USDT:USDT,0.9001,42.0,0.9,16.0,0.9004,9.0,0.9005,8.0
1753591910825,04:51:50.825,mexc,AERO/USDT:USDT,0.8995,171,0.8994,185,0.8996,24,0.8997,29
1753591910952,04:51:50.952,binance,AERO/USDT:USDT,0.8995,646.3,0.8994,657.7,0.8996,20.4,0.8997,36.9
1753591911012,04:51:51.012,bitget,AERO/USDT:USDT,0.9003,101.0,0.9,85.0,0.9005,186.0,0.9006,87.0
1753591911065,04:51:51.065,binance,AERO/USDT:USDT,0.8995,646.3,0.8994,657.7,0.8996,20.4,0.8997,36.9
1753591911119,04:51:51.119,bybit,AERO/USDT:USDT,0.8996,2862.0,0.8995,1018.0,0.8997,44.0,0.8999,43.0
1753591911151,04:51:51.151,phemex,AERO/USDT:USDT,0.8992,135.0,0.8991,71.0,0.8996,937.0,0.8997,50.0
1753591911157,04:51:51.157,phemex,AERO/USDT:USDT,0.8992,135.0,0.8991,71.0,0.8996,937.0,0.8997,50.0
1753591911162,04:51:51.162,bitget,AERO/USDT:USDT,0.9003,101.0,0.9,547.0,0.9005,186.0,0.9006,87.0
1753591911207,04:51:51.207,okx,AERO/USDT:USDT,0.9001,42.0,0.9,16.0,0.9004,9.0,0.9005,8.0
1753591911202,04:51:51.202,binance,AERO/USDT:USDT,0.8995,646.3,0.8994,676.1,0.8996,20.4,0.8997,36.9
1753591911128,04:51:51.128,mexc,AERO/USDT:USDT,0.8995,171,0.8994,185,0.8996,24,0.8997,32
1753591911407,04:51:51.407,okx,AERO/USDT:USDT,0.9001,42.0,0.9,16.0,0.9004,9.0,0.9005,8.0
1753591911324,04:51:51.324,mexc,AERO/USDT:USDT,0.8995,171,0.8994,253,0.8996,24,0.8997,32
1753591911462,04:51:51.462,binance,AERO/USDT:USDT,0.8995,646.3,0.8994,676.1,0.8996,20.4,0.8997,36.9
1753591911517,04:51:51.517,bybit,AERO/USDT:USDT,0.8996,2862.0,0.8995,1018.0,0.8997,44.0,0.8999,43.0
1753591911619,04:51:51.619,bybit,AERO/USDT:USDT,0.8996,2862.0,0.8995,1018.0,0.8997,44.0,0.8999,43.0
1753591911648,04:51:51.648,phemex,AERO/USDT:USDT,0.8995,47.0,0.8994,76.0,0.8996,937.0,0.8997,50.0
1753591911674,04:51:51.674,phemex,AERO/USDT:USDT,0.8995,47.0,0.8994,76.0,0.8996,937.0,0.8997,50.0
1753591911717,04:51:51.717,bybit,AERO/USDT:USDT,0.8996,2291.0,0.8995,995.0,0.8997,44.0,0.8999,249.0
1753591911624,04:51:51.624,mexc,AERO/USDT:USDT,0.8995,171,0.8994,253,0.8996,24,0.8997,25
1753591911692,04:51:51.692,gateio,AERO/USDT:USDT,0.8994,20.0,0.8993,274.0,0.9005,276.0,0.9006,380.0
1753591911818,04:51:51.818,bybit,AERO/USDT:USDT,0.8996,2292.0,0.8995,931.0,0.8997,44.0,0.8999,792.0
1753591911818,04:51:51.818,binance,AERO/USDT:USDT,0.8995,28.9,0.8994,7.8,0.8996,217.8,0.8997,474.6
1753591911917,04:51:51.917,bybit,AERO/USDT:USDT,0.8996,1989.0,0.8995,995.0,0.8997,44.0,0.8999,792.0
1753591911907,04:51:51.907,okx,AERO/USDT:USDT,0.9,46.0,0.8999,15.0,0.9004,11.0,0.9005,52.0
1753591911941,04:51:51.941,phemex,AERO/USDT:USDT,0.8995,47.0,0.8994,76.0,0.8996,937.0,0.8997,50.0
1753591911924,04:51:51.924,binance,AERO/USDT:USDT,0.8995,28.9,0.8994,7.8,0.8996,217.8,0.8997,474.6
1753591911825,04:51:51.825,mexc,AERO/USDT:USDT,0.8995,171,0.8994,185,0.8996,24,0.8997,25
1753591911946,04:51:51.946,phemex,AERO/USDT:USDT,0.8995,47.0,0.8994,76.0,0.8996,937.0,0.8997,50.0
1753591912019,04:51:52.019,bybit,AERO/USDT:USDT,0.8996,2021.0,0.8995,1018.0,0.8997,44.0,0.8999,249.0
1753591912007,04:51:52.007,okx,AERO/USDT:USDT,0.9002,1.0,0.9001,9.0,0.9004,9.0,0.9005,50.0
1753591912028,04:51:52.028,binance,AERO/USDT:USDT,0.8995,89.1,0.8994,7.8,0.8996,24.1,0.8997,474.6
1753591912063,04:51:52.063,bitget,AERO/USDT:USDT,0.9,585.0,0.8999,88.0,0.9003,101.0,0.9004,86.0
1753591912117,04:51:52.117,bybit,AERO/USDT:USDT,0.8996,2181.0,0.8995,1018.0,0.8997,44.0,0.8999,249.0
1753591912177,04:51:52.177,binance,AERO/USDT:USDT,0.8995,89.1,0.8994,7.8,0.8996,24.1,0.8997,530.2
1753591911946,04:51:51.946,phemex,AERO/USDT:USDT,0.8995,47.0,0.8994,76.0,0.8996,937.0,0.8997,50.0
1753591912219,04:51:52.219,bybit,AERO/USDT:USDT,0.8996,2154.0,0.8995,1018.0,0.8997,44.0,0.8999,249.0
1753591912207,04:51:52.207,okx,AERO/USDT:USDT,0.9002,10.0,0.9001,9.0,0.9004,9.0,0.9005,50.0
1753591912226,04:51:52.226,mexc,AERO/USDT:USDT,0.8995,171,0.8994,185,0.8996,24,0.8997,25
1753591912259,04:51:52.259,phemex,AERO/USDT:USDT,0.8995,47.0,0.8994,76.0,0.8996,937.0,0.8997,50.0
1753591912284,04:51:52.284,binance,AERO/USDT:USDT,0.8995,89.1,0.8994,691.7,0.8996,24.1,0.8997,583.0
1753591912317,04:51:52.317,bybit,AERO/USDT:USDT,0.8996,2264.0,0.8995,1018.0,0.8997,44.0,0.8999,249.0
1753591912307,04:51:52.307,okx,AERO/USDT:USDT,0.9002,10.0,0.9001,9.0,0.9004,9.0,0.9005,50.0
1753591912363,04:51:52.363,bitget,AERO/USDT:USDT,0.9001,225.0,0.9,588.0,0.9003,101.0,0.9006,87.0
1753591912417,04:51:52.417,bybit,AERO/USDT:USDT,0.8996,2264.0,0.8995,1018.0,0.8997,44.0,0.8999,249.0
1753591912391,04:51:52.391,binance,AERO/USDT:USDT,0.8995,89.1,0.8994,691.7,0.8996,24.1,0.8997,596.2
1753591912324,04:51:52.324,mexc,AERO/USDT:USDT,0.8995,171,0.8994,274,0.8996,24,0.8997,25
1753591912517,04:51:52.517,bybit,AERO/USDT:USDT,0.8996,2318.0,0.8995,1018.0,0.8997,44.0,0.8999,249.0
1753591912507,04:51:52.507,okx,AERO/USDT:USDT,0.9002,8.0,0.9001,9.0,0.9004,9.0,0.9005,50.0
1753591912552,04:51:52.552,binance,AERO/USDT:USDT,0.8995,89.1,0.8994,691.7,0.8996,12.6,0.8997,474.6
1753591912607,04:51:52.607,okx,AERO/USDT:USDT,0.9002,8.0,0.9001,9.0,0.9004,9.0,0.9005,50.0
1753591912626,04:51:52.626,mexc,AERO/USDT:USDT,0.8995,171,0.8994,274,0.8996,24,0.8997,25
1753591912718,04:51:52.718,binance,AERO/USDT:USDT,0.8995,89.1,0.8994,691.7,0.8996,12.6,0.8997,474.6
1753591912813,04:51:52.813,bitget,AERO/USDT:USDT,0.9001,225.0,0.9,588.0,0.9005,101.0,0.9006,87.0
1753591912824,04:51:52.824,mexc,AERO/USDT:USDT,0.8995,171,0.8994,226,0.8996,24,0.8997,25
1753591912881,04:51:52.881,binance,AERO/USDT:USDT,0.8995,89.1,0.8994,691.7,0.8996,12.6,0.8997,48.9
1753591912919,04:51:52.919,bybit,AERO/USDT:USDT,0.8996,2349.0,0.8995,1018.0,0.8997,44.0,0.8999,249.0
1753591912970,04:51:52.970,phemex,AERO/USDT:USDT,0.8995,47.0,0.8994,76.0,0.8996,937.0,0.8997,50.0
1753591912963,04:51:52.963,bitget,AERO/USDT:USDT,0.9002,86.0,0.9001,225.0,0.9005,101.0,0.9006,87.0
1753591913017,04:51:53.017,bybit,AERO/USDT:USDT,0.8996,2349.0,0.8995,1018.0,0.8997,44.0,0.8999,43.0
1753591912990,04:51:52.990,binance,AERO/USDT:USDT,0.8995,89.1,0.8994,691.7,0.8996,12.6,0.8997,48.9
1753591913007,04:51:53.007,okx,AERO/USDT:USDT,0.9002,8.0,0.9001,40.0,0.9004,9.0,0.9005,50.0
1753591913113,04:51:53.113,bitget,AERO/USDT:USDT,0.9002,86.0,0.9001,225.0,0.9005,101.0,0.9006,87.0
1753591913126,04:51:53.126,mexc,AERO/USDT:USDT,0.8995,171,0.8994,226,0.8996,24,0.8997,25
1753591913307,04:51:53.307,okx,AERO/USDT:USDT,0.9001,33.0,0.9,16.0,0.9004,9.0,0.9005,59.0
1753591913323,04:51:53.323,mexc,AERO/USDT:USDT,0.8995,171,0.8994,185,0.8996,24,0.8997,25
1753591913417,04:51:53.417,bybit,AERO/USDT:USDT,0.8996,2349.0,0.8995,1018.0,0.8997,44.0,0.8999,43.0
1753591913407,04:51:53.407,okx,AERO/USDT:USDT,0.9001,33.0,0.9,16.0,0.9004,9.0,0.9005,59.0
1753591913502,04:51:53.502,binance,AERO/USDT:USDT,0.8995,89.1,0.8994,691.7,0.8996,12.6,0.8997,48.9
1753591913530,04:51:53.530,mexc,AERO/USDT:USDT,0.8995,171,0.8994,185,0.8996,24,0.8997,25
1753591913564,04:51:53.564,bitget,AERO/USDT:USDT,0.9002,86.0,0.9001,225.0,0.9005,187.0,0.9006,87.0
1753591913617,04:51:53.617,bybit,AERO/USDT:USDT,0.8996,2349.0,0.8995,1018.0,0.8997,44.0,0.8999,43.0
1753591913714,04:51:53.714,bitget,AERO/USDT:USDT,0.9002,86.0,0.9001,225.0,0.9005,187.0,0.9006,87.0
1753591913728,04:51:53.728,mexc,AERO/USDT:USDT,0.8995,171,0.8994,185,0.8996,24,0.8997,25
1753591913864,04:51:53.864,bitget,AERO/USDT:USDT,0.9002,86.0,0.9001,225.0,0.9005,187.0,0.9006,87.0
1753591913918,04:51:53.918,bybit,AERO/USDT:USDT,0.8996,2349.0,0.8995,1018.0,0.8997,44.0,0.8999,43.0
1753591913907,04:51:53.907,okx,AERO/USDT:USDT,0.9002,1.0,0.9001,40.0,0.9004,9.0,0.9005,50.0
1753591913982,04:51:53.982,binance,AERO/USDT:USDT,0.8995,89.1,0.8994,691.7,0.8996,12.6,0.8997,48.9
1753591914014,04:51:54.014,bitget,AERO/USDT:USDT,0.9002,86.0,0.9001,225.0,0.9005,187.0,0.9006,87.0
1753591913921,04:51:53.921,mexc,AERO/USDT:USDT,0.8995,36,0.8994,151,0.8996,25,0.8997,108
1753591914090,04:51:54.090,binance,AERO/USDT:USDT,0.8995,89.1,0.8994,691.7,0.8996,12.6,0.8997,48.9
1753591914164,04:51:54.164,bitget,AERO/USDT:USDT,0.9002,86.0,0.9001,225.0,0.9005,187.0,0.9006,87.0
1753591914207,04:51:54.207,okx,AERO/USDT:USDT,0.9002,1.0,0.9001,40.0,0.9004,9.0,0.9005,50.0
1753591914245,04:51:54.245,binance,AERO/USDT:USDT,0.8995,89.1,0.8994,691.7,0.8996,12.6,0.8997,48.9
1753591914314,04:51:54.314,bitget,AERO/USDT:USDT,0.9002,86.0,0.9001,225.0,0.9005,187.0,0.9006,87.0
1753591914326,04:51:54.326,mexc,AERO/USDT:USDT,0.8995,36,0.8994,182,0.8996,25,0.8997,131
1753591914343,04:51:54.343,gateio,AERO/USDT:USDT,0.8994,20.0,0.8993,274.0,0.9005,276.0,0.9006,380.0
1753591914407,04:51:54.407,okx,AERO/USDT:USDT,0.9002,1.0,0.9001,40.0,0.9004,9.0,0.9005,50.0
1753591914373,04:51:54.373,gateio,AERO/USDT:USDT,0.8994,20.0,0.8993,274.0,0.9005,276.0,0.9006,380.0
1753591914326,04:51:54.326,mexc,AERO/USDT:USDT,0.8995,36,0.8994,182,0.8996,25,0.8997,131
1753591914568,04:51:54.568,binance,AERO/USDT:USDT,0.8995,89.1,0.8994,691.7,0.8996,12.6,0.8997,48.9
1753591914607,04:51:54.607,okx,AERO/USDT:USDT,0.9002,1.0,0.9001,40.0,0.9004,9.0,0.9005,50.0
1753591914614,04:51:54.614,bitget,AERO/USDT:USDT,0.9002,86.0,0.9001,225.0,0.9005,187.0,0.9006,87.0
1753591914717,04:51:54.717,bybit,AERO/USDT:USDT,0.8996,2322.0,0.8995,995.0,0.8997,44.0,0.8999,43.0
1753591914701,04:51:54.701,binance,AERO/USDT:USDT,0.8995,89.1,0.8994,691.7,0.8996,12.6,0.8997,48.9
1753591914728,04:51:54.728,mexc,AERO/USDT:USDT,0.8995,36,0.8994,151,0.8996,25,0.8997,108
1753591914764,04:51:54.764,bitget,AERO/USDT:USDT,0.9002,86.0,0.9001,225.0,0.9005,187.0,0.9006,87.0
1753591914817,04:51:54.817,bybit,AERO/USDT:USDT,0.8996,2322.0,0.8995,995.0,0.8997,44.0,0.8999,43.0
1753591914838,04:51:54.838,binance,AERO/USDT:USDT,0.8995,89.1,0.8994,691.7,0.8996,12.6,0.8997,48.9
1753591914907,04:51:54.907,okx,AERO/USDT:USDT,0.9001,33.0,0.9,16.0,0.9004,9.0,0.9005,59.0
1753591914899,04:51:54.899,huobi,AERO/USDT:USDT,0.8993,376.0,0.8992,2533.0,0.9008,391.0,0.901,2535.0
1753591914914,04:51:54.914,huobi,AERO/USDT:USDT,0.8993,376.0,0.8992,2533.0,0.9008,391.0,0.901,2535.0
1753591914954,04:51:54.954,phemex,AERO/USDT:USDT,0.8995,47.0,0.8994,76.0,0.8996,937.0,0.8997,50.0
1753591914826,04:51:54.826,mexc,AERO/USDT:USDT,0.8995,36,0.8994,151,0.8996,25,0.8997,108
1753591915017,04:51:55.017,bybit,AERO/USDT:USDT,0.8996,2212.0,0.8995,1018.0,0.8997,44.0,0.8999,43.0
1753591915202,04:51:55.202,binance,AERO/USDT:USDT,0.8995,89.1,0.8994,691.7,0.8996,12.6,0.8997,48.9
1753591915126,04:51:55.126,mexc,AERO/USDT:USDT,0.8995,36,0.8994,151,0.8996,25,0.8997,108
1753591915307,04:51:55.307,okx,AERO/USDT:USDT,0.9002,1.0,0.9001,40.0,0.9004,9.0,0.9005,50.0
1753591915306,04:51:55.306,binance,AERO/USDT:USDT,0.8995,89.1,0.8994,691.7,0.8996,12.6,0.8997,48.9
1753591915365,04:51:55.365,bitget,AERO/USDT:USDT,0.9001,225.0,0.9,588.0,0.9005,187.0,0.9006,87.0
1753591915418,04:51:55.418,bybit,AERO/USDT:USDT,0.8996,2183.0,0.8995,995.0,0.8997,44.0,0.8999,43.0
1753591915407,04:51:55.407,okx,AERO/USDT:USDT,0.9002,1.0,0.9001,40.0,0.9004,9.0,0.9005,50.0
1753591915325,04:51:55.325,mexc,AERO/USDT:USDT,0.8995,36,0.8994,151,0.8996,25,0.8997,108
1753591915423,04:51:55.423,gateio,AERO/USDT:USDT,0.8994,20.0,0.8993,274.0,0.9005,276.0,0.9006,380.0
1753591915627,04:51:55.627,mexc,AERO/USDT:USDT,0.8995,36,0.8994,151,0.8996,25,0.8997,124
1753591915707,04:51:55.707,okx,AERO/USDT:USDT,0.9002,1.0,0.9001,40.0,0.9004,9.0,0.9005,50.0
1753591915665,04:51:55.665,bitget,AERO/USDT:USDT,0.9001,225.0,0.9,588.0,0.9005,187.0,0.9006,87.0
1753591915807,04:51:55.807,okx,AERO/USDT:USDT,0.9002,1.0,0.9001,40.0,0.9004,9.0,0.9005,52.0
1753591915802,04:51:55.802,binance,AERO/USDT:USDT,0.8995,89.1,0.8994,691.7,0.8996,12.6,0.8997,48.9
1753591915815,04:51:55.815,bitget,AERO/USDT:USDT,0.9001,225.0,0.9,588.0,0.9005,187.0,0.9006,87.0
1753591915907,04:51:55.907,okx,AERO/USDT:USDT,0.9002,1.0,0.9001,33.0,0.9004,9.0,0.9005,52.0
1753591915826,04:51:55.826,mexc,AERO/USDT:USDT,0.8995,36,0.8994,193,0.8996,25,0.8997,124
1753591915965,04:51:55.965,bitget,AERO/USDT:USDT,0.9001,225.0,0.9,588.0,0.9005,187.0,0.9006,87.0
1753591916078,04:51:56.078,phemex,AERO/USDT:USDT,0.8995,47.0,0.8994,76.0,0.8996,937.0,0.8997,50.0
1753591916143,04:51:56.143,binance,AERO/USDT:USDT,0.8995,89.1,0.8994,697.3,0.8996,12.6,0.8997,48.9
1753591916217,04:51:56.217,bybit,AERO/USDT:USDT,0.8996,2048.0,0.8995,1018.0,0.8997,44.0,0.8999,43.0
1753591916229,04:51:56.229,mexc,AERO/USDT:USDT,0.8995,36,0.8994,151,0.8996,25,0.8997,108
1753591916268,04:51:56.268,binance,AERO/USDT:USDT,0.8995,89.1,0.8994,697.3,0.8996,12.6,0.8997,48.9
1753591916417,04:51:56.417,bybit,AERO/USDT:USDT,0.8996,1938.0,0.8995,1018.0,0.8997,44.0,0.8999,43.0
1753591916391,04:51:56.391,binance,AERO/USDT:USDT,0.8995,89.1,0.8994,697.3,0.8996,12.6,0.8997,48.9
1753591916407,04:51:56.407,okx,AERO/USDT:USDT,0.9001,33.0,0.9,16.0,0.9004,9.0,0.9005,59.0
1753591916329,04:51:56.329,mexc,AERO/USDT:USDT,0.8995,36,0.8994,171,0.8996,25,0.8997,108
1753591916519,04:51:56.519,bybit,AERO/USDT:USDT,0.8996,1938.0,0.8995,1018.0,0.8997,44.0,0.8999,43.0
1753591916719,04:51:56.719,bybit,AERO/USDT:USDT,0.8996,1938.0,0.8995,908.0,0.8997,44.0,0.8999,43.0
1753591916730,04:51:56.730,mexc,AERO/USDT:USDT,0.8995,36,0.8994,171,0.8996,25,0.8997,108
1753591916865,04:51:56.865,bitget,AERO/USDT:USDT,0.9001,225.0,0.9,588.0,0.9005,187.0,0.9006,87.0
1753591916882,04:51:56.882,binance,AERO/USDT:USDT,0.8995,89.1,0.8994,697.3,0.8996,12.6,0.8997,48.9
1753591916827,04:51:56.827,mexc,AERO/USDT:USDT,0.8995,36,0.8994,255,0.8996,25,0.8997,108
1753591917007,04:51:57.007,okx,AERO/USDT:USDT,0.9001,33.0,0.9,16.0,0.9004,9.0,0.9005,59.0
1753591917004,04:51:57.004,gateio,AERO/USDT:USDT,0.8994,20.0,0.8993,274.0,0.9005,276.0,0.9006,380.0
1753591917166,04:51:57.166,bitget,AERO/USDT:USDT,0.9001,225.0,0.9,588.0,0.9005,187.0,0.9006,87.0
1753591917230,04:51:57.230,mexc,AERO/USDT:USDT,0.8995,36,0.8994,192,0.8996,25,0.8997,108
1753591917292,04:51:57.292,binance,AERO/USDT:USDT,0.8995,89.1,0.8994,697.3,0.8996,12.6,0.8997,36.9
1753591917316,04:51:57.316,bitget,AERO/USDT:USDT,0.9001,225.0,0.9,588.0,0.9005,187.0,0.9006,87.0
1753591917328,04:51:57.328,mexc,AERO/USDT:USDT,0.8995,36,0.8994,151,0.8996,25,0.8997,108
1753591917630,04:51:57.630,mexc,AERO/USDT:USDT,0.8995,36,0.8994,151,0.8996,25,0.8997,108
1753591917790,04:51:57.790,binance,AERO/USDT:USDT,0.8995,89.1,0.8994,697.3,0.8996,12.6,0.8997,36.9
1753591917828,04:51:57.828,mexc,AERO/USDT:USDT,0.8995,36,0.8994,176,0.8996,25,0.8997,108
1753591917916,04:51:57.916,bitget,AERO/USDT:USDT,0.9001,225.0,0.9,588.0,0.9005,187.0,0.9006,87.0
1753591918031,04:51:58.031,mexc,AERO/USDT:USDT,0.8995,36,0.8994,176,0.8996,25,0.8997,108
1753591918097,04:51:58.097,binance,AERO/USDT:USDT,0.8995,89.1,0.8994,697.3,0.8996,12.6,0.8997,36.9
1753591918127,04:51:58.127,mexc,AERO/USDT:USDT,0.8995,36,0.8994,176,0.8996,25,0.8997,137
1753591918366,04:51:58.366,bitget,AERO/USDT:USDT,0.9001,225.0,0.9,588.0,0.9005,187.0,0.9006,87.0
1753591918417,04:51:58.417,bybit,AERO/USDT:USDT,0.8996,1938.0,0.8995,908.0,0.8997,44.0,0.8999,43.0
1753591857771,04:50:57.771,blofin,AERO/USDT:USDT,0.8989,1120.0,0.8987,10000.0,0.8991,31.0,0.8994,4029.0
1753591918331,04:51:58.331,mexc,AERO/USDT:USDT,0.8995,36,0.8994,151,0.8996,25,0.8997,137
1753591918667,04:51:58.667,bitget,AERO/USDT:USDT,0.9001,225.0,0.9,588.0,0.9005,187.0,0.9006,87.0
1753591918720,04:51:58.720,bybit,AERO/USDT:USDT,0.8996,1828.0,0.8995,908.0,0.8997,44.0,0.8999,43.0
1753591918690,04:51:58.690,binance,AERO/USDT:USDT,0.8995,89.1,0.8994,697.3,0.8996,12.6,0.8997,36.9
1753591918630,04:51:58.630,mexc,AERO/USDT:USDT,0.8995,36,0.8994,151,0.8996,25,0.8997,157
1753591918807,04:51:58.807,okx,AERO/USDT:USDT,0.9001,31.0,0.9,18.0,0.9004,9.0,0.9005,59.0
1753591918817,04:51:58.817,bitget,AERO/USDT:USDT,0.9001,225.0,0.9,588.0,0.9005,187.0,0.9006,87.0
1753591918917,04:51:58.917,bybit,AERO/USDT:USDT,0.8996,1828.0,0.8995,908.0,0.8997,44.0,0.8999,43.0
1753591918828,04:51:58.828,mexc,AERO/USDT:USDT,0.8995,36,0.8994,151,0.8996,25,0.8997,157
1753591919017,04:51:59.017,bybit,AERO/USDT:USDT,0.8996,1828.0,0.8995,885.0,0.8997,38.0,0.8999,585.0
1753591919118,04:51:59.118,bybit,AERO/USDT:USDT,0.8996,1828.0,0.8995,885.0,0.8997,38.0,0.8999,585.0
1753591919117,04:51:59.117,bitget,AERO/USDT:USDT,0.9001,225.0,0.9,588.0,0.9004,86.0,0.9005,187.0
1753591919219,04:51:59.219,bybit,AERO/USDT:USDT,0.8996,1953.0,0.8995,885.0,0.8997,38.0,0.8999,606.0
1753591919202,04:51:59.202,binance,AERO/USDT:USDT,0.8995,28.9,0.8994,697.3,0.8996,106.0,0.8997,466.6
1753591919129,04:51:59.129,mexc,AERO/USDT:USDT,0.8995,36,0.8994,151,0.8996,25,0.8997,108
1753591919267,04:51:59.267,bitget,AERO/USDT:USDT,0.9001,225.0,0.9,588.0,0.9004,298.0,0.9005,225.0
1753591919317,04:51:59.317,bybit,AERO/USDT:USDT,0.8996,1737.0,0.8995,885.0,0.8997,38.0,0.8999,606.0
1753591919307,04:51:59.307,okx,AERO/USDT:USDT,0.9001,31.0,0.9,11.0,0.9004,17.0,0.9005,59.0
1753591919324,04:51:59.324,binance,AERO/USDT:USDT,0.8995,28.9,0.8994,697.3,0.8996,106.0,0.8997,579.2
1753591919419,04:51:59.419,bybit,AERO/USDT:USDT,0.8996,1572.0,0.8995,885.0,0.8997,38.0,0.8999,585.0
1753591919417,04:51:59.417,bitget,AERO/USDT:USDT,0.9001,225.0,0.9,588.0,0.9004,298.0,0.9005,225.0
1753591919329,04:51:59.329,mexc,AERO/USDT:USDT,0.8995,36,0.8994,151,0.8996,25,0.8997,108
1753591919567,04:51:59.567,bitget,AERO/USDT:USDT,0.9001,225.0,0.9,588.0,0.9004,298.0,0.9005,225.0
1753591919707,04:51:59.707,okx,AERO/USDT:USDT,0.9001,31.0,0.9,11.0,0.9004,17.0,0.9005,59.0
1753591919731,04:51:59.731,mexc,AERO/USDT:USDT,0.8995,36,0.8994,151,0.8996,25,0.8997,120
1753591919775,04:51:59.775,binance,AERO/USDT:USDT,0.8995,28.9,0.8994,457.5,0.8996,106.0,0.8997,579.2
1753591919807,04:51:59.807,okx,AERO/USDT:USDT,0.9,38.0,0.8999,15.0,0.9004,17.0,0.9005,59.0
1753591919867,04:51:59.867,bitget,AERO/USDT:USDT,0.9001,225.0,0.9,588.0,0.9003,101.0,0.9004,298.0
1753591919877,04:51:59.877,binance,AERO/USDT:USDT,0.8995,28.9,0.8994,457.5,0.8996,106.0,0.8997,579.2
1753591919907,04:51:59.907,okx,AERO/USDT:USDT,0.9,38.0,0.8999,15.0,0.9004,17.0,0.9005,59.0
1753591919922,04:51:59.922,mexc,AERO/USDT:USDT,0.8995,28,0.8994,94,0.8996,29,0.8997,120
1753591920107,04:52:00.107,binance,AERO/USDT:USDT,0.8995,28.9,0.8994,457.5,0.8996,106.0,0.8997,579.2
1753591920129,04:52:00.129,mexc,AERO/USDT:USDT,0.8995,28,0.8994,94,0.8996,29,0.8997,120
1753591920167,04:52:00.167,bitget,AERO/USDT:USDT,0.9001,139.0,0.9,588.0,0.9003,101.0,0.9004,298.0
1753591920220,04:52:00.220,bybit,AERO/USDT:USDT,0.8996,1572.0,0.8995,885.0,0.8997,38.0,0.8999,585.0
1753591920207,04:52:00.207,okx,AERO/USDT:USDT,0.9,38.0,0.8999,15.0,0.9004,17.0,0.9005,59.0
1753591920223,04:52:00.223,gateio,AERO/USDT:USDT,0.8994,20.0,0.8993,274.0,0.9005,276.0,0.9006,380.0
1753591920318,04:52:00.318,bitget,AERO/USDT:USDT,0.9001,139.0,0.9,588.0,0.9003,101.0,0.9004,298.0
1753591920129,04:52:00.129,mexc,AERO/USDT:USDT,0.8995,28,0.8994,94,0.8996,29,0.8997,120
1753591920417,04:52:00.417,bybit,AERO/USDT:USDT,0.8996,1572.0,0.8995,853.0,0.8997,38.0,0.8999,585.0
1753591920407,04:52:00.407,okx,AERO/USDT:USDT,0.9002,1.0,0.9001,10.0,0.9004,9.0,0.9005,52.0
1753591920402,04:52:00.402,binance,AERO/USDT:USDT,0.8995,72.4,0.8994,457.5,0.8996,106.0,0.8997,579.2
1753591920524,04:52:00.524,bybit,AERO/USDT:USDT,0.8996,1572.0,0.8995,885.0,0.8997,38.0,0.8999,585.0
1753591920156,04:52:00.156,phemex,AERO/USDT:USDT,0.8995,47.0,0.8994,76.0,0.8996,937.0,0.8997,50.0
1753591920435,04:52:00.435,phemex,AERO/USDT:USDT,0.8995,47.0,0.8994,76.0,0.8996,937.0,0.8997,50.0
1753591920329,04:52:00.329,mexc,AERO/USDT:USDT,0.8995,28,0.8994,94,0.8996,29,0.8997,120
1753591920555,04:52:00.555,binance,AERO/USDT:USDT,0.8995,72.4,0.8994,457.5,0.8996,106.0,0.8997,512.2
1753591920678,04:52:00.678,binance,AERO/USDT:USDT,0.8995,72.4,0.8994,457.5,0.8996,106.0,0.8997,602.0
1753591920718,04:52:00.718,bybit,AERO/USDT:USDT,0.8996,1604.0,0.8995,885.0,0.8997,38.0,0.8999,585.0
1753591920734,04:52:00.734,mexc,AERO/USDT:USDT,0.8995,28,0.8994,94,0.8996,29,0.8997,120
1753591920768,04:52:00.768,bitget,AERO/USDT:USDT,0.9001,139.0,0.9,588.0,0.9003,101.0,0.9004,298.0
1753591920819,04:52:00.819,bybit,AERO/USDT:USDT,0.8996,1604.0,0.8995,885.0,0.8997,38.0,0.8999,585.0
1753591920826,04:52:00.826,binance,AERO/USDT:USDT,0.8995,72.4,0.8994,457.5,0.8996,106.0,0.8997,613.4
1753591920919,04:52:00.919,bybit,AERO/USDT:USDT,0.8996,1572.0,0.8995,885.0,0.8997,38.0,0.8999,585.0
1753591920918,04:52:00.918,bitget,AERO/USDT:USDT,0.9001,139.0,0.9,588.0,0.9003,101.0,0.9004,298.0
1753591920931,04:52:00.931,binance,AERO/USDT:USDT,0.8995,72.4,0.8994,697.3,0.8996,106.0,0.8997,613.4
1753591920829,04:52:00.829,mexc,AERO/USDT:USDT,0.8995,28,0.8994,94,0.8996,29,0.8997,120
1753591921107,04:52:01.107,okx,AERO/USDT:USDT,0.9001,3.0,0.9,47.0,0.9004,9.0,0.9005,59.0
1753591921130,04:52:01.130,mexc,AERO/USDT:USDT,0.8995,28,0.8994,94,0.8996,29,0.8997,120
1753591921218,04:52:01.218,bitget,AERO/USDT:USDT,0.9001,139.0,0.9,588.0,0.9003,101.0,0.9004,298.0
1753591921329,04:52:01.329,mexc,AERO/USDT:USDT,0.8995,28,0.8994,109,0.8996,29,0.8997,120
1753591921368,04:52:01.368,bitget,AERO/USDT:USDT,0.9001,139.0,0.9,588.0,0.9003,101.0,0.9004,298.0
1753591921518,04:52:01.518,bybit,AERO/USDT:USDT,0.8998,565.0,0.8997,1322.0,0.8999,34.0,0.9,144.0
1753591921502,04:52:01.502,binance,AERO/USDT:USDT,0.8995,260.3,0.8994,697.3,0.8996,12.6,0.8997,595.0
1753591921518,04:52:01.518,bitget,AERO/USDT:USDT,0.9001,139.0,0.9,588.0,0.9003,101.0,0.9005,86.0
1753591921520,04:52:01.520,huobi,AERO/USDT:USDT,0.8993,376.0,0.8992,2533.0,0.9008,391.0,0.901,2535.0
1753591921551,04:52:01.551,phemex,AERO/USDT:USDT,0.8995,47.0,0.8994,76.0,0.8996,832.0,0.8998,59.0
1753591921528,04:52:01.528,gateio,AERO/USDT:USDT,0.8995,279.0,0.8994,20.0,0.9006,380.0,0.9007,276.0
1753591921586,04:52:01.586,phemex,AERO/USDT:USDT,0.8995,47.0,0.8994,76.0,0.8998,59.0,0.8999,72.0
1753591921600,04:52:01.600,phemex,AERO/USDT:USDT,0.8995,125.0,0.8994,76.0,0.8998,59.0,0.8999,72.0
1753591921617,04:52:01.617,bybit,AERO/USDT:USDT,0.8998,595.0,0.8997,1136.0,0.8999,34.0,0.9,144.0
1753591921607,04:52:01.607,okx,AERO/USDT:USDT,0.9003,10.0,0.9002,18.0,0.9004,1.0,0.9005,50.0
1753591921605,04:52:01.605,binance,AERO/USDT:USDT,0.8996,345.5,0.8995,761.4,0.8997,98.3,0.8998,248.6
1753591921609,04:52:01.609,phemex,AERO/USDT:USDT,0.8995,125.0,0.8994,76.0,0.8998,59.0,0.8999,904.0
1753591921622,04:52:01.622,huobi,AERO/USDT:USDT,0.8993,376.0,0.8992,2533.0,0.9008,391.0,0.901,2535.0
1753591921631,04:52:01.631,mexc,AERO/USDT:USDT,0.8995,28,0.8994,109,0.8996,29,0.8997,120
1753591921621,04:52:01.621,gateio,AERO/USDT:USDT,0.8996,20.0,0.8995,279.0,0.9006,380.0,0.9007,276.0
1753591921718,04:52:01.718,bybit,AERO/USDT:USDT,0.8998,595.0,0.8997,1136.0,0.8999,34.0,0.9,144.0
1753591921707,04:52:01.707,okx,AERO/USDT:USDT,0.9003,10.0,0.9002,18.0,0.9004,1.0,0.9005,50.0
1753591921711,04:52:01.711,binance,AERO/USDT:USDT,0.8996,604.8,0.8995,555.7,0.8997,29.9,0.8998,46.6
1753591921741,04:52:01.741,gateio,AERO/USDT:USDT,0.8997,279.0,0.8996,20.0,0.9006,380.0,0.9008,412.0
1753591921815,04:52:01.815,phemex,AERO/USDT:USDT,0.8995,125.0,0.8994,76.0,0.8998,77.0,0.8999,904.0
1753591921815,04:52:01.815,binance,AERO/USDT:USDT,0.8997,255.2,0.8996,349.6,0.8998,46.6,0.8999,166.6
1753591921836,04:52:01.836,phemex,AERO/USDT:USDT,0.8995,125.0,0.8994,76.0,0.8998,77.0,0.8999,904.0
1753591921735,04:52:01.735,mexc,AERO/USDT:USDT,0.8995,28,0.8994,94,0.8996,29,0.8997,120
1753591921842,04:52:01.842,gateio,AERO/USDT:USDT,0.8998,20.0,0.8997,279.0,0.9006,380.0,0.9008,219.0
1753591921843,04:52:01.843,huobi,AERO/USDT:USDT,0.8993,376.0,0.8992,2533.0,0.9008,391.0,0.901,2535.0
1753591921880,04:52:01.880,phemex,AERO/USDT:USDT,0.8995,125.0,0.8994,76.0,0.8998,77.0,0.8999,904.0
1753591921909,04:52:01.909,huobi,AERO/USDT:USDT,0.8993,376.0,0.8992,2533.0,0.9008,391.0,0.901,2535.0
1753591921941,04:52:01.941,gateio,AERO/USDT:USDT,0.8998,20.0,0.8997,279.0,0.9006,380.0,0.9008,219.0
1753591921952,04:52:01.952,binance,AERO/USDT:USDT,0.8997,775.2,0.8995,748.1,0.8998,28.2,0.8999,141.6
1753591921969,04:52:01.969,bitget,AERO/USDT:USDT,0.9004,86.0,0.9003,226.0,0.9006,101.0,0.9007,4728.0
1753591922017,04:52:02.017,bybit,AERO/USDT:USDT,0.8999,572.0,0.8998,737.0,0.9,144.0,0.9001,1015.0
1753591922007,04:52:02.007,okx,AERO/USDT:USDT,0.9003,10.0,0.9002,52.0,0.9004,1.0,0.9005,8.0
1753591921830,04:52:01.830,mexc,AERO/USDT:USDT,0.8995,28,0.8994,94,0.8996,29,0.8997,120
1753591922041,04:52:02.041,gateio,AERO/USDT:USDT,0.8998,20.0,0.8997,279.0,0.9006,380.0,0.9008,219.0
1753591922119,04:52:02.119,bybit,AERO/USDT:USDT,0.8999,572.0,0.8998,1293.0,0.9,144.0,0.9001,1015.0
1753591922120,04:52:02.120,huobi,AERO/USDT:USDT,0.8993,376.0,0.8992,2533.0,0.9008,391.0,0.9011,377.0
1753591922134,04:52:02.134,huobi,AERO/USDT:USDT,0.8993,376.0,0.8992,2533.0,0.9011,377.0,0.9015,5764.0
1753591922156,04:52:02.156,binance,AERO/USDT:USDT,0.8997,1034.5,0.8995,1039.7,0.8998,28.2,0.8999,31.0
1753591922233,04:52:02.233,mexc,AERO/USDT:USDT,0.8995,28,0.8994,94,0.8996,29,0.8997,120
1753591922200,04:52:02.200,gateio,AERO/USDT:USDT,0.8998,20.0,0.8997,279.0,0.9006,380.0,0.9008,219.0
1753591922269,04:52:02.269,bitget,AERO/USDT:USDT,0.9004,86.0,0.9003,226.0,0.9006,101.0,0.9008,4812.0
1753591922318,04:52:02.318,bybit,AERO/USDT:USDT,0.8999,572.0,0.8998,1294.0,0.9,144.0,0.9001,1015.0
1753591922341,04:52:02.341,binance,AERO/USDT:USDT,0.8997,1034.5,0.8995,1039.7,0.8998,28.2,0.8999,31.0
1753591922268,04:52:02.268,gateio,AERO/USDT:USDT,0.8998,20.0,0.8996,219.0,0.9006,380.0,0.9008,219.0
1753591922420,04:52:02.420,bybit,AERO/USDT:USDT,0.8999,572.0,0.8998,1294.0,0.9,144.0,0.9001,1015.0
1753591922419,04:52:02.419,bitget,AERO/USDT:USDT,0.9004,86.0,0.9003,226.0,0.9006,101.0,0.9008,4812.0
1753591922333,04:52:02.333,mexc,AERO/USDT:USDT,0.8995,28,0.8994,94,0.8996,29,0.8997,120
1753591922446,04:52:02.446,binance,AERO/USDT:USDT,0.8997,108.1,0.8995,1021.9,0.8998,121.6,0.8999,460.7
1753591922430,04:52:02.430,gateio,AERO/USDT:USDT,0.8997,20.0,0.8996,219.0,0.9006,380.0,0.9007,279.0
1753591922520,04:52:02.520,bybit,AERO/USDT:USDT,0.8999,572.0,0.8998,1271.0,0.9,686.0,0.9001,1047.0
1753591922556,04:52:02.556,phemex,AERO/USDT:USDT,0.8995,125.0,0.8994,76.0,0.8998,77.0,0.8999,904.0
1753591922504,04:52:02.504,gateio,AERO/USDT:USDT,0.8997,20.0,0.8995,279.0,0.9006,380.0,0.9007,279.0
1753591922547,04:52:02.547,binance,AERO/USDT:USDT,0.8997,119.2,0.8995,1010.8,0.8998,121.6,0.8999,460.7
1753591922617,04:52:02.617,bybit,AERO/USDT:USDT,0.8999,542.0,0.8998,974.0,0.9,686.0,0.9001,1015.0
1753591922624,04:52:02.624,gateio,AERO/USDT:USDT,0.8996,20.0,0.8995,279.0,0.9006,380.0,0.9007,279.0
1753591922667,04:52:02.667,binance,AERO/USDT:USDT,0.8997,119.2,0.8995,818.4,0.8998,121.6,0.8999,460.7
1753591922717,04:52:02.717,bybit,AERO/USDT:USDT,0.8999,542.0,0.8998,974.0,0.9,686.0,0.9001,1047.0
1753591922719,04:52:02.719,bitget,AERO/USDT:USDT,0.9003,226.0,0.9002,86.0,0.9006,430.0,0.9008,4812.0
1753591922736,04:52:02.736,mexc,AERO/USDT:USDT,0.8995,28,0.8994,94,0.8996,29,0.8997,120
1753591922680,04:52:02.680,gateio,AERO/USDT:USDT,0.8996,20.0,0.8995,279.0,0.9006,380.0,0.9007,279.0
1753591922817,04:52:02.817,bybit,AERO/USDT:USDT,0.8999,542.0,0.8998,974.0,0.9,686.0,0.9001,1015.0
1753591922759,04:52:02.759,gateio,AERO/USDT:USDT,0.8996,20.0,0.8995,279.0,0.9006,380.0,0.9007,279.0
1753591922869,04:52:02.869,bitget,AERO/USDT:USDT,0.9003,226.0,0.9002,86.0,0.9006,430.0,0.9008,4812.0
1753591922917,04:52:02.917,bybit,AERO/USDT:USDT,0.8999,542.0,0.8998,974.0,0.9,686.0,0.9001,1015.0
1753591922831,04:52:02.831,mexc,AERO/USDT:USDT,0.8995,28,0.8994,123,0.8996,29,0.8997,120
1753591922941,04:52:02.941,binance,AERO/USDT:USDT,0.8997,119.2,0.8995,818.4,0.8998,121.6,0.8999,460.7
1753591922981,04:52:02.981,phemex,AERO/USDT:USDT,0.8995,125.0,0.8994,76.0,0.8998,77.0,0.8999,904.0
1753591923017,04:52:03.017,bybit,AERO/USDT:USDT,0.8999,542.0,0.8998,974.0,0.9,686.0,0.9001,1015.0
1753591923019,04:52:03.019,bitget,AERO/USDT:USDT,0.9003,226.0,0.9002,86.0,0.9006,430.0,0.9008,4812.0
1753591923004,04:52:03.004,gateio,AERO/USDT:USDT,0.8996,20.0,0.8995,279.0,0.9006,380.0,0.9007,279.0
1753591923119,04:52:03.119,bybit,AERO/USDT:USDT,0.8999,542.0,0.8998,974.0,0.9,686.0,0.9001,1015.0
1753591923052,04:52:03.052,gateio,AERO/USDT:USDT,0.8996,20.0,0.8995,279.0,0.9006,380.0,0.9007,279.0
1753591923219,04:52:03.219,bybit,AERO/USDT:USDT,0.8999,542.0,0.8998,974.0,0.9,686.0,0.9001,1015.0
1753591923207,04:52:03.207,okx,AERO/USDT:USDT,0.9003,10.0,0.9002,52.0,0.9004,1.0,0.9005,8.0
1753591923131,04:52:03.131,mexc,AERO/USDT:USDT,0.8995,28,0.8994,123,0.8996,29,0.8997,120
1753591923317,04:52:03.317,bybit,AERO/USDT:USDT,0.8999,542.0,0.8998,974.0,0.9,686.0,0.9001,1047.0
1753591923307,04:52:03.307,okx,AERO/USDT:USDT,0.9003,2.0,0.9002,52.0,0.9004,1.0,0.9005,8.0
1753591923319,04:52:03.319,bitget,AERO/USDT:USDT,0.9003,226.0,0.9002,86.0,0.9006,430.0,0.9008,4812.0
1753591923331,04:52:03.331,mexc,AERO/USDT:USDT,0.8995,28,0.8994,94,0.8996,29,0.8997,120
1753591923469,04:52:03.469,bitget,AERO/USDT:USDT,0.9003,226.0,0.9001,86.0,0.9006,430.0,0.9008,4812.0
1753591923502,04:52:03.502,binance,AERO/USDT:USDT,0.8997,119.2,0.8995,818.4,0.8998,121.6,0.8999,460.7
1753591923620,04:52:03.620,bitget,AERO/USDT:USDT,0.9003,226.0,0.9001,86.0,0.9006,430.0,0.9008,4812.0
1753591923689,04:52:03.689,binance,AERO/USDT:USDT,0.8997,119.2,0.8995,818.4,0.8998,121.6,0.8999,460.7
1753591923630,04:52:03.630,mexc,AERO/USDT:USDT,0.8995,28,0.8994,94,0.8996,29,0.8997,120
1753591923734,04:52:03.734,gateio,AERO/USDT:USDT,0.8996,20.0,0.8995,279.0,0.9006,380.0,0.9007,279.0
1753591923811,04:52:03.811,binance,AERO/USDT:USDT,0.8997,119.2,0.8995,818.4,0.8998,121.6,0.8999,460.7
1753591923920,04:52:03.920,bitget,AERO/USDT:USDT,0.9003,226.0,0.9001,86.0,0.9006,430.0,0.9008,4812.0
1753591923832,04:52:03.832,mexc,AERO/USDT:USDT,0.8995,28,0.8994,109,0.8996,29,0.8997,120
1753591923887,04:52:03.887,gateio,AERO/USDT:USDT,0.8996,20.0,0.8995,279.0,0.9006,380.0,0.9007,279.0
1753591924018,04:52:04.018,bybit,AERO/USDT:USDT,0.8999,542.0,0.8998,974.0,0.9,686.0,0.9001,1015.0
1753591924070,04:52:04.070,bitget,AERO/USDT:USDT,0.9003,226.0,0.9001,86.0,0.9006,430.0,0.9008,4812.0
1753591924117,04:52:04.117,bybit,AERO/USDT:USDT,0.8999,542.0,0.8998,974.0,0.9,686.0,0.9001,1015.0
1753591924102,04:52:04.102,binance,AERO/USDT:USDT,0.8997,119.2,0.8995,818.4,0.8998,121.6,0.8999,460.7
1753591924219,04:52:04.219,bybit,AERO/USDT:USDT,0.8999,542.0,0.8998,1239.0,0.9,144.0,0.9001,1015.0
1753591924220,04:52:04.220,bitget,AERO/USDT:USDT,0.9003,226.0,0.9001,86.0,0.9006,430.0,0.9008,4812.0
1753591924223,04:52:04.223,binance,AERO/USDT:USDT,0.8997,119.2,0.8996,429.7,0.8998,121.6,0.8999,460.7
1753591924130,04:52:04.130,mexc,AERO/USDT:USDT,0.8995,28,0.8994,109,0.8996,29,0.8997,120
1753591924229,04:52:04.229,gateio,AERO/USDT:USDT,0.8996,20.0,0.8995,279.0,0.9006,380.0,0.9007,279.0
1753591924319,04:52:04.319,bybit,AERO/USDT:USDT,0.8999,542.0,0.8998,1239.0,0.9,144.0,0.9001,1015.0
1753591924292,04:52:04.292,gateio,AERO/USDT:USDT,0.8996,20.0,0.8995,279.0,0.9006,380.0,0.9007,279.0
1753591924370,04:52:04.370,bitget,AERO/USDT:USDT,0.9003,226.0,0.9001,86.0,0.9006,430.0,0.9008,4812.0
1753591924332,04:52:04.332,mexc,AERO/USDT:USDT,0.8995,28,0.8994,94,0.8996,29,0.8997,120
1753591924391,04:52:04.391,gateio,AERO/USDT:USDT,0.8996,239.0,0.8993,274.0,0.9006,380.0,0.9007,279.0
1753591924491,04:52:04.491,binance,AERO/USDT:USDT,0.8997,119.2,0.8996,429.7,0.8998,28.2,0.8999,460.7
1753591924523,04:52:04.523,bybit,AERO/USDT:USDT,0.8999,542.0,0.8998,1239.0,0.9,144.0,0.9001,1015.0
1753591924511,04:52:04.511,huobi,AERO/USDT:USDT,0.8993,376.0,0.8992,2533.0,0.9011,377.0,0.9013,2918.0
1753591924617,04:52:04.617,bybit,AERO/USDT:USDT,0.8999,542.0,0.8998,1239.0,0.9,144.0,0.9001,1015.0
1753591924670,04:52:04.670,bitget,AERO/USDT:USDT,0.9003,226.0,0.9001,86.0,0.9006,187.0,0.9008,4812.0
1753591924690,04:52:04.690,binance,AERO/USDT:USDT,0.8997,119.2,0.8996,429.7,0.8998,28.2,0.8999,460.7
1753591924631,04:52:04.631,mexc,AERO/USDT:USDT,0.8995,28,0.8994,94,0.8996,29,0.8997,161
1753591924820,04:52:04.820,bitget,AERO/USDT:USDT,0.9003,226.0,0.9001,86.0,0.9006,187.0,0.9008,4812.0
1753591924832,04:52:04.832,mexc,AERO/USDT:USDT,0.8995,28,0.8994,135,0.8996,29,0.8997,161
1753591924958,04:52:04.958,binance,AERO/USDT:USDT,0.8997,119.2,0.8996,429.7,0.8998,28.2,0.8999,460.7
1753591925017,04:52:05.017,bybit,AERO/USDT:USDT,0.8999,542.0,0.8998,1239.0,0.9,144.0,0.9001,1015.0
1753591925007,04:52:05.007,okx,AERO/USDT:USDT,0.9003,2.0,0.9002,52.0,0.9004,1.0,0.9005,8.0
1753591925022,04:52:05.022,gateio,AERO/USDT:USDT,0.8996,239.0,0.8993,274.0,0.9006,380.0,0.9007,279.0
1753591925120,04:52:05.120,bitget,AERO/USDT:USDT,0.9003,226.0,0.9001,86.0,0.9006,187.0,0.9008,4812.0
1753591925124,04:52:05.124,gateio,AERO/USDT:USDT,0.8996,239.0,0.8993,274.0,0.9006,380.0,0.9007,279.0
1753591925148,04:52:05.148,binance,AERO/USDT:USDT,0.8997,119.2,0.8996,429.7,0.8998,28.2,0.8999,460.7
1753591925132,04:52:05.132,mexc,AERO/USDT:USDT,0.8995,28,0.8994,135,0.8996,29,0.8997,120
1753591925414,04:52:05.414,binance,AERO/USDT:USDT,0.8997,119.2,0.8996,429.7,0.8998,28.2,0.8999,460.7
1753591925421,04:52:05.421,bitget,AERO/USDT:USDT,0.9003,226.0,0.9001,86.0,0.9006,187.0,0.9008,4812.0
1753591925333,04:52:05.333,mexc,AERO/USDT:USDT,0.8995,28,0.8994,114,0.8996,29,0.8997,120
1753591925518,04:52:05.518,bybit,AERO/USDT:USDT,0.8999,542.0,0.8998,1239.0,0.9,144.0,0.9001,1015.0
1753591925573,04:52:05.573,phemex,AERO/USDT:USDT,0.8995,125.0,0.8994,76.0,0.8998,77.0,0.8999,904.0
1753591925571,04:52:05.571,huobi,AERO/USDT:USDT,0.8993,376.0,0.8992,2533.0,0.9011,377.0,0.9013,2918.0
1753591925617,04:52:05.617,bybit,AERO/USDT:USDT,0.8999,542.0,0.8998,1239.0,0.9,144.0,0.9001,1015.0
1753591925584,04:52:05.584,huobi,AERO/USDT:USDT,0.8993,376.0,0.8992,2533.0,0.9011,377.0,0.9013,2918.0
1753591925603,04:52:05.603,binance,AERO/USDT:USDT,0.8997,28.9,0.8996,429.7,0.8998,28.2,0.8999,460.7
1753591925617,04:52:05.617,huobi,AERO/USDT:USDT,0.8993,376.0,0.8992,2533.0,0.9011,377.0,0.9013,2918.0
1753591925674,04:52:05.674,huobi,AERO/USDT:USDT,0.8993,376.0,0.8992,2533.0,0.9011,377.0,0.9013,2918.0
1753591925710,04:52:05.710,binance,AERO/USDT:USDT,0.8997,28.9,0.8996,429.7,0.8998,28.2,0.8999,460.7
1753591925721,04:52:05.721,bitget,AERO/USDT:USDT,0.9003,226.0,0.9001,86.0,0.9006,243.0,0.9008,4812.0
1753591925735,04:52:05.735,mexc,AERO/USDT:USDT,0.8995,28,0.8994,94,0.8996,29,0.8997,150
1753591925825,04:52:05.825,binance,AERO/USDT:USDT,0.8997,28.9,0.8996,429.7,0.8998,28.2,0.8999,460.7
1753591925871,04:52:05.871,bitget,AERO/USDT:USDT,0.9003,226.0,0.9001,86.0,0.9006,243.0,0.9008,4812.0
1753591925917,04:52:05.917,bybit,AERO/USDT:USDT,0.8999,542.0,0.8998,1239.0,0.9,144.0,0.9001,1015.0
1753591925925,04:52:05.925,mexc,AERO/USDT:USDT,0.8997,28,0.8996,104,0.8998,26,0.8999,104
1753591926021,04:52:06.021,bitget,AERO/USDT:USDT,0.9003,226.0,0.9001,86.0,0.9006,243.0,0.9008,4812.0
1753591926123,04:52:06.123,binance,AERO/USDT:USDT,0.8997,28.9,0.8996,429.7,0.8998,121.6,0.8999,460.7
1753591926157,04:52:06.157,phemex,AERO/USDT:USDT,0.8995,125.0,0.8994,76.0,0.8998,77.0,0.8999,904.0
1753591926135,04:52:06.135,gateio,AERO/USDT:USDT,0.8996,239.0,0.8993,274.0,0.9006,380.0,0.9007,279.0
1753591926217,04:52:06.217,bybit,AERO/USDT:USDT,0.8999,542.0,0.8998,1239.0,0.9,683.0,0.9001,1630.0
1753591926293,04:52:06.293,binance,AERO/USDT:USDT,0.8997,28.9,0.8995,825.4,0.8998,121.6,0.8999,460.7
1753591926321,04:52:06.321,bitget,AERO/USDT:USDT,0.9003,140.0,0.9001,86.0,0.9006,243.0,0.9008,4812.0
1753591926331,04:52:06.331,mexc,AERO/USDT:USDT,0.8997,28,0.8996,114,0.8998,26,0.8999,140
1753591926452,04:52:06.452,binance,AERO/USDT:USDT,0.8997,28.9,0.8995,825.4,0.8998,121.6,0.8999,460.7
1753591926331,04:52:06.331,mexc,AERO/USDT:USDT,0.8997,28,0.8996,114,0.8998,26,0.8999,140
1753591926607,04:52:06.607,okx,AERO/USDT:USDT,0.9002,36.0,0.9001,17.0,0.9004,1.0,0.9005,8.0
1753591926602,04:52:06.602,binance,AERO/USDT:USDT,0.8997,28.9,0.8995,825.4,0.8998,121.6,0.8999,472.3
1753591858771,04:50:58.771,blofin,AERO/USDT:USDT,0.8989,1120.0,0.8987,4.0,0.8991,31.0,0.8996,1397.0
1753591926602,04:52:06.602,gateio,AERO/USDT:USDT,0.8996,20.0,0.8993,274.0,0.9006,380.0,0.9007,279.0
1753591926719,04:52:06.719,bybit,AERO/USDT:USDT,0.8999,542.0,0.8998,974.0,0.9,683.0,0.9001,1630.0
1753591926707,04:52:06.707,okx,AERO/USDT:USDT,0.9002,43.0,0.9001,17.0,0.9004,1.0,0.9005,8.0
1753591926735,04:52:06.735,mexc,AERO/USDT:USDT,0.8997,28,0.8996,104,0.8998,26,0.8999,148
1753591926744,04:52:06.744,gateio,AERO/USDT:USDT,0.8995,279.0,0.8994,20.0,0.9006,380.0,0.9007,279.0
1753591926790,04:52:06.790,binance,AERO/USDT:USDT,0.8997,28.9,0.8995,825.4,0.8998,121.6,0.8999,472.3
1753591926752,04:52:06.752,gateio,AERO/USDT:USDT,0.8996,20.0,0.8995,279.0,0.9006,380.0,0.9007,279.0
1753591926893,04:52:06.893,binance,AERO/USDT:USDT,0.8997,28.9,0.8995,825.4,0.8998,121.6,0.8999,472.3
1753591926922,04:52:06.922,bitget,AERO/USDT:USDT,0.9003,140.0,0.9001,86.0,0.9006,243.0,0.9008,4812.0
1753591926833,04:52:06.833,mexc,AERO/USDT:USDT,0.8997,28,0.8996,131,0.8998,26,0.8999,148
1753591927007,04:52:07.007,okx,AERO/USDT:USDT,0.9002,43.0,0.9001,17.0,0.9004,1.0,0.9005,8.0
1753591927072,04:52:07.072,bitget,AERO/USDT:USDT,0.9003,140.0,0.9001,86.0,0.9006,243.0,0.9008,4812.0
1753591927107,04:52:07.107,okx,AERO/USDT:USDT,0.9002,43.0,0.9001,17.0,0.9004,1.0,0.9005,8.0
1753591927133,04:52:07.133,mexc,AERO/USDT:USDT,0.8997,28,0.8996,131,0.8998,26,0.8999,104
1753591927159,04:52:07.159,gateio,AERO/USDT:USDT,0.8996,20.0,0.8995,279.0,0.9006,380.0,0.9007,279.0
1753591927302,04:52:07.302,binance,AERO/USDT:USDT,0.8997,28.9,0.8995,825.4,0.8998,121.6,0.8999,472.3
1753591927335,04:52:07.335,mexc,AERO/USDT:USDT,0.8997,28,0.8996,104,0.8998,26,0.8999,104
1753591927372,04:52:07.372,bitget,AERO/USDT:USDT,0.9003,140.0,0.9001,86.0,0.9006,243.0,0.9008,4812.0
1753591927536,04:52:07.536,mexc,AERO/USDT:USDT,0.8997,28,0.8996,104,0.8998,26,0.8999,104
1753591927607,04:52:07.607,okx,AERO/USDT:USDT,0.9002,43.0,0.9001,17.0,0.9004,1.0,0.9005,8.0
1753591927573,04:52:07.573,gateio,AERO/USDT:USDT,0.8996,20.0,0.8995,279.0,0.9006,380.0,0.9007,279.0
1753591927672,04:52:07.672,bitget,AERO/USDT:USDT,0.9003,140.0,0.9001,86.0,0.9006,243.0,0.9008,4812.0
1753591927718,04:52:07.718,bybit,AERO/USDT:USDT,0.8999,542.0,0.8998,974.0,0.9,683.0,0.9001,1630.0
1753591927635,04:52:07.635,mexc,AERO/USDT:USDT,0.8997,28,0.8996,104,0.8998,26,0.8999,139
1753591927741,04:52:07.741,binance,AERO/USDT:USDT,0.8997,28.9,0.8995,533.8,0.8998,121.6,0.8999,472.3
1753591927822,04:52:07.822,bitget,AERO/USDT:USDT,0.9003,140.0,0.9001,86.0,0.9006,243.0,0.9008,4812.0
1753591927852,04:52:07.852,phemex,AERO/USDT:USDT,0.8995,125.0,0.8994,76.0,0.8998,74.0,0.8999,904.0
1753591927901,04:52:07.901,binance,AERO/USDT:USDT,0.8997,28.9,0.8995,533.8,0.8998,121.6,0.8999,472.3
1753591927941,04:52:07.941,phemex,AERO/USDT:USDT,0.8995,125.0,0.8994,76.0,0.8998,74.0,0.8999,904.0
1753591927834,04:52:07.834,mexc,AERO/USDT:USDT,0.8997,28,0.8996,104,0.8998,26,0.8999,139
1753591927972,04:52:07.972,bitget,AERO/USDT:USDT,0.9003,140.0,0.9001,86.0,0.9006,243.0,0.9008,4812.0
1753591928019,04:52:08.019,bybit,AERO/USDT:USDT,0.8999,542.0,0.8998,974.0,0.9,683.0,0.9001,1630.0
1753591928003,04:52:08.003,binance,AERO/USDT:USDT,0.8997,28.9,0.8995,533.8,0.8998,121.6,0.8999,472.3
1753591928117,04:52:08.117,bybit,AERO/USDT:USDT,0.8999,542.0,0.8998,974.0,0.9,683.0,0.9001,1630.0
1753591928107,04:52:08.107,binance,AERO/USDT:USDT,0.8997,28.9,0.8995,533.8,0.8998,121.6,0.8999,472.3
1753591928137,04:52:08.137,mexc,AERO/USDT:USDT,0.8997,28,0.8996,104,0.8998,26,0.8999,104
1753591928319,04:52:08.319,bybit,AERO/USDT:USDT,0.8999,542.0,0.8998,974.0,0.9,683.0,0.9001,1630.0
1753591928307,04:52:08.307,okx,AERO/USDT:USDT,0.9002,36.0,0.9001,17.0,0.9004,1.0,0.9005,8.0
1753591928422,04:52:08.422,bitget,AERO/USDT:USDT,0.9003,140.0,0.9001,86.0,0.9006,243.0,0.9008,4812.0
1753591928334,04:52:08.334,mexc,AERO/USDT:USDT,0.8997,28,0.8996,130,0.8998,26,0.8999,104
1753591928507,04:52:08.507,okx,AERO/USDT:USDT,0.9002,43.0,0.9001,17.0,0.9004,1.0,0.9005,8.0
1753591928510,04:52:08.510,phemex,AERO/USDT:USDT,0.8995,125.0,0.8994,76.0,0.8998,74.0,0.8999,904.0
1753591928723,04:52:08.723,bitget,AERO/USDT:USDT,0.9003,140.0,0.9001,86.0,0.9006,243.0,0.9008,4812.0
1753591928738,04:52:08.738,mexc,AERO/USDT:USDT,0.8997,28,0.8996,104,0.8998,26,0.8999,150
1753591928807,04:52:08.807,okx,AERO/USDT:USDT,0.9002,43.0,0.9001,17.0,0.9004,1.0,0.9005,8.0
1753591928756,04:52:08.756,gateio,AERO/USDT:USDT,0.8996,20.0,0.8993,274.0,0.9006,380.0,0.9007,279.0
1753591928907,04:52:08.907,okx,AERO/USDT:USDT,0.9002,43.0,0.9001,17.0,0.9004,1.0,0.9005,8.0
1753591928834,04:52:08.834,mexc,AERO/USDT:USDT,0.8997,28,0.8996,104,0.8998,26,0.8999,150
1753591928859,04:52:08.859,gateio,AERO/USDT:USDT,0.8995,219.0,0.8994,20.0,0.9006,380.0,0.9007,279.0
1753591929023,04:52:09.023,bitget,AERO/USDT:USDT,0.9003,140.0,0.9001,86.0,0.9006,157.0,0.9008,4812.0
1753591928952,04:52:08.952,gateio,AERO/USDT:USDT,0.8996,20.0,0.8995,219.0,0.9006,380.0,0.9007,279.0
1753591929102,04:52:09.102,binance,AERO/USDT:USDT,0.8997,28.9,0.8995,533.8,0.8998,121.6,0.8999,472.3
1753591929173,04:52:09.173,phemex,AERO/USDT:USDT,0.8995,125.0,0.8994,76.0,0.8998,74.0,0.8999,904.0
1753591929173,04:52:09.173,bitget,AERO/USDT:USDT,0.9003,226.0,0.9001,86.0,0.9006,157.0,0.9008,4812.0
1753591929218,04:52:09.218,bybit,AERO/USDT:USDT,0.8999,542.0,0.8998,974.0,0.9,144.0,0.9001,1598.0
1753591929207,04:52:09.207,okx,AERO/USDT:USDT,0.9002,43.0,0.9001,17.0,0.9004,1.0,0.9005,8.0
1753591929215,04:52:09.215,binance,AERO/USDT:USDT,0.8997,28.9,0.8995,533.8,0.8998,121.6,0.8999,472.3
1753591929133,04:52:09.133,mexc,AERO/USDT:USDT,0.8997,28,0.8996,104,0.8998,26,0.8999,104
1753591929194,04:52:09.194,gateio,AERO/USDT:USDT,0.8996,20.0,0.8995,219.0,0.9006,380.0,0.9007,279.0
1753591929319,04:52:09.319,bybit,AERO/USDT:USDT,0.8999,542.0,0.8998,974.0,0.9,144.0,0.9001,1630.0
1753591929307,04:52:09.307,okx,AERO/USDT:USDT,0.9002,36.0,0.9001,17.0,0.9004,1.0,0.9005,8.0
1753591929299,04:52:09.299,huobi,AERO/USDT:USDT,0.8993,376.0,0.8992,2533.0,0.9011,377.0,0.9013,2918.0
1753591929313,04:52:09.313,huobi,AERO/USDT:USDT,0.8993,376.0,0.8992,2533.0,0.9011,377.0,0.9013,2918.0
1753591929323,04:52:09.323,bitget,AERO/USDT:USDT,0.9003,226.0,0.9001,86.0,0.9006,157.0,0.9008,4812.0
1753591929373,04:52:09.373,phemex,AERO/USDT:USDT,0.8995,70.0,0.8994,140.0,0.8998,74.0,0.8999,904.0
1753591929419,04:52:09.419,bybit,AERO/USDT:USDT,0.8999,662.0,0.8998,1280.0,0.9,110.0,0.9001,1575.0
1753591929435,04:52:09.435,binance,AERO/USDT:USDT,0.8997,400.1,0.8996,410.7,0.8998,28.2,0.8999,472.3
1753591929334,04:52:09.334,mexc,AERO/USDT:USDT,0.8997,28,0.8996,125,0.8998,26,0.8999,104
1753591929473,04:52:09.473,bitget,AERO/USDT:USDT,0.9004,86.0,0.9003,226.0,0.9006,157.0,0.9008,4812.0
1753591929524,04:52:09.524,gateio,AERO/USDT:USDT,0.8997,279.0,0.8996,20.0,0.9006,380.0,0.9007,279.0
1753591929627,04:52:09.627,gateio,AERO/USDT:USDT,0.8998,20.0,0.8997,279.0,0.9006,380.0,0.9007,279.0
1753591929655,04:52:09.655,binance,AERO/USDT:USDT,0.8997,400.1,0.8996,429.1,0.8998,28.2,0.8999,42.6
1753591929634,04:52:09.634,mexc,AERO/USDT:USDT,0.8997,28,0.8996,125,0.8998,26,0.8999,104
1753591929758,04:52:09.758,binance,AERO/USDT:USDT,0.8997,400.1,0.8996,429.1,0.8998,28.2,0.8999,42.6
1753591929773,04:52:09.773,bitget,AERO/USDT:USDT,0.9004,86.0,0.9003,226.0,0.9006,157.0,0.9008,4812.0
1753591929818,04:52:09.818,bybit,AERO/USDT:USDT,0.8999,662.0,0.8998,1280.0,0.9,110.0,0.9001,1015.0
1753591929823,04:52:09.823,gateio,AERO/USDT:USDT,0.8998,20.0,0.8997,279.0,0.9006,380.0,0.9007,279.0
1753591929919,04:52:09.919,bybit,AERO/USDT:USDT,0.8999,662.0,0.8998,1280.0,0.9,110.0,0.9001,1015.0
1753591929923,04:52:09.923,bitget,AERO/USDT:USDT,0.9004,86.0,0.9003,226.0,0.9006,157.0,0.9008,4812.0
1753591929880,04:52:09.880,mexc,AERO/USDT:USDT,0.8997,28,0.8996,104,0.8998,26,0.8999,104
1753591930020,04:52:10.020,bybit,AERO/USDT:USDT,0.8999,662.0,0.8998,1280.0,0.9,110.0,0.9001,1015.0
1753591930042,04:52:10.042,gateio,AERO/USDT:USDT,0.8998,20.0,0.8997,279.0,0.9006,380.0,0.9007,279.0
1753591930073,04:52:10.073,bitget,AERO/USDT:USDT,0.9004,86.0,0.9003,226.0,0.9006,157.0,0.9008,4812.0
1753591930223,04:52:10.223,bitget,AERO/USDT:USDT,0.9004,86.0,0.9003,226.0,0.9006,157.0,0.9008,4812.0
1753591930134,04:52:10.134,mexc,AERO/USDT:USDT,0.8997,28,0.8996,104,0.8998,26,0.8999,152
1753591930319,04:52:10.319,bybit,AERO/USDT:USDT,0.8999,662.0,0.8998,1280.0,0.9,110.0,0.9001,1015.0
1753591930307,04:52:10.307,okx,AERO/USDT:USDT,0.9003,10.0,0.9002,44.0,0.9004,1.0,0.9005,8.0
1753591930376,04:52:10.376,phemex,AERO/USDT:USDT,0.8995,70.0,0.8994,140.0,0.8998,74.0,0.8999,904.0
1753591930374,04:52:10.374,bitget,AERO/USDT:USDT,0.9004,86.0,0.9003,226.0,0.9006,157.0,0.9008,4812.0
1753591930417,04:52:10.417,bybit,AERO/USDT:USDT,0.8999,662.0,0.8998,1280.0,0.9,110.0,0.9001,1015.0
1753591930407,04:52:10.407,okx,AERO/USDT:USDT,0.9003,10.0,0.9002,44.0,0.9004,1.0,0.9005,8.0
1753591930382,04:52:10.382,mexc,AERO/USDT:USDT,0.8997,28,0.8996,104,0.8998,26,0.8999,152
1753591930507,04:52:10.507,okx,AERO/USDT:USDT,0.9003,10.0,0.9002,44.0,0.9004,1.0,0.9005,8.0
1753591930524,04:52:10.524,bitget,AERO/USDT:USDT,0.9004,86.0,0.9003,226.0,0.9006,157.0,0.9008,4812.0
1753591930607,04:52:10.607,okx,AERO/USDT:USDT,0.9003,3.0,0.9002,44.0,0.9004,1.0,0.9005,8.0
1753591930674,04:52:10.674,bitget,AERO/USDT:USDT,0.9004,86.0,0.9003,226.0,0.9006,157.0,0.9008,4812.0
1753591930635,04:52:10.635,mexc,AERO/USDT:USDT,0.8997,28,0.8996,104,0.8998,26,0.8999,151
1753591930802,04:52:10.802,binance,AERO/USDT:USDT,0.8997,400.1,0.8996,429.1,0.8998,28.2,0.8999,42.6
1753591930837,04:52:10.837,gateio,AERO/USDT:USDT,0.8998,20.0,0.8997,279.0,0.9006,380.0,0.9007,279.0
1753591930918,04:52:10.918,bybit,AERO/USDT:USDT,0.8999,662.0,0.8998,1280.0,0.9,110.0,0.9001,1015.0
1753591930881,04:52:10.881,mexc,AERO/USDT:USDT,0.8997,28,0.8996,131,0.8998,26,0.8999,151
1753591931019,04:52:11.019,bybit,AERO/USDT:USDT,0.8999,662.0,0.8998,1280.0,0.9,110.0,0.9001,1015.0
1753591931117,04:52:11.117,bybit,AERO/USDT:USDT,0.8999,662.0,0.8998,1280.0,0.9,110.0,0.9001,1006.0
1753591931142,04:52:11.142,binance,AERO/USDT:USDT,0.8997,400.1,0.8996,429.1,0.8998,28.2,0.8999,24.2
1753591931220,04:52:11.220,bybit,AERO/USDT:USDT,0.8999,662.0,0.8998,1280.0,0.9,110.0,0.9001,1006.0
1753591931135,04:52:11.135,mexc,AERO/USDT:USDT,0.8997,28,0.8996,131,0.8998,26,0.8999,104
1753591931317,04:52:11.317,bybit,AERO/USDT:USDT,0.8999,662.0,0.8998,1280.0,0.9,110.0,0.9001,1006.0
1753591931298,04:52:11.298,binance,AERO/USDT:USDT,0.8997,400.1,0.8996,429.1,0.8998,28.2,0.8999,24.2
1753591931337,04:52:11.337,gateio,AERO/USDT:USDT,0.8998,20.0,0.8997,279.0,0.9006,380.0,0.9007,279.0
1753591931403,04:52:11.403,binance,AERO/USDT:USDT,0.8997,400.1,0.8996,429.1,0.8998,28.2,0.8999,24.2
1753591931424,04:52:11.424,bitget,AERO/USDT:USDT,0.9004,86.0,0.9003,226.0,0.9006,157.0,0.9008,4812.0
1753591931348,04:52:11.348,gateio,AERO/USDT:USDT,0.8998,20.0,0.8997,279.0,0.9006,380.0,0.9007,279.0
1753591931494,04:52:11.494,phemex,AERO/USDT:USDT,0.8995,70.0,0.8994,140.0,0.8998,74.0,0.8999,904.0
1753591931499,04:52:11.499,phemex,AERO/USDT:USDT,0.8995,70.0,0.8994,140.0,0.8998,74.0,0.8999,904.0
1753591931382,04:52:11.382,mexc,AERO/USDT:USDT,0.8997,28,0.8996,104,0.8998,26,0.8999,104
1753591931507,04:52:11.507,okx,AERO/USDT:USDT,0.9003,10.0,0.9002,44.0,0.9004,1.0,0.9005,8.0
1753591931574,04:52:11.574,bitget,AERO/USDT:USDT,0.9004,86.0,0.9003,226.0,0.9006,157.0,0.9008,4812.0
1753591931707,04:52:11.707,okx,AERO/USDT:USDT,0.9003,3.0,0.9002,44.0,0.9004,1.0,0.9005,8.0
1753591931724,04:52:11.724,bitget,AERO/USDT:USDT,0.9004,86.0,0.9003,226.0,0.9006,157.0,0.9008,4812.0
1753591931633,04:52:11.633,mexc,AERO/USDT:USDT,0.8997,28,0.8996,104,0.8998,26,0.8999,104
1753591931874,04:52:11.874,bitget,AERO/USDT:USDT,0.9004,86.0,0.9003,226.0,0.9006,157.0,0.9008,4812.0
1753591931925,04:52:11.925,binance,AERO/USDT:USDT,0.8997,400.1,0.8996,429.1,0.8998,28.2,0.8999,12.6
1753591931927,04:52:11.927,mexc,AERO/USDT:USDT,0.8997,81,0.8996,97,0.8998,24,0.8999,28
1753591932021,04:52:12.021,bybit,AERO/USDT:USDT,0.8999,662.0,0.8998,974.0,0.9,110.0,0.9001,1027.0
1753591932025,04:52:12.025,bitget,AERO/USDT:USDT,0.9004,86.0,0.9003,226.0,0.9006,157.0,0.9008,4812.0
1753591932051,04:52:12.051,binance,AERO/USDT:USDT,0.8997,400.1,0.8996,429.1,0.8998,28.2,0.8999,12.6
1753591932119,04:52:12.119,bybit,AERO/USDT:USDT,0.8999,662.0,0.8998,974.0,0.9,110.0,0.9001,1027.0
1753591932175,04:52:12.175,bitget,AERO/USDT:USDT,0.9003,226.0,0.9001,86.0,0.9006,157.0,0.9008,4812.0
1753591932218,04:52:12.218,bybit,AERO/USDT:USDT,0.8999,662.0,0.8998,974.0,0.9,110.0,0.9001,1027.0
1753591932320,04:52:12.320,bybit,AERO/USDT:USDT,0.8999,662.0,0.8998,1280.0,0.9,110.0,0.9001,1027.0
1753591932307,04:52:12.307,okx,AERO/USDT:USDT,0.9002,36.0,0.9001,17.0,0.9004,1.0,0.9005,8.0
1753591932134,04:52:12.134,mexc,AERO/USDT:USDT,0.8997,81,0.8996,97,0.8998,24,0.8999,38
1753591932419,04:52:12.419,bybit,AERO/USDT:USDT,0.8999,662.0,0.8998,1280.0,0.9,110.0,0.9001,1006.0
1753591932455,04:52:12.455,binance,AERO/USDT:USDT,0.8997,444.7,0.8996,429.1,0.8998,28.2,0.8999,12.6
1753591932475,04:52:12.475,bitget,AERO/USDT:USDT,0.9003,226.0,0.9001,86.0,0.9006,157.0,0.9008,4812.0
1753591932519,04:52:12.519,bybit,AERO/USDT:USDT,0.8999,662.0,0.8998,1280.0,0.9,110.0,0.9001,1006.0
1753591932507,04:52:12.507,okx,AERO/USDT:USDT,0.9003,10.0,0.9002,44.0,0.9004,1.0,0.9005,8.0
1753591932541,04:52:12.541,mexc,AERO/USDT:USDT,0.8997,81,0.8996,130,0.8998,24,0.8999,38
1753591932619,04:52:12.619,bybit,AERO/USDT:USDT,0.8999,662.0,0.8998,1280.0,0.9,110.0,0.9001,1006.0
1753591932607,04:52:12.607,okx,AERO/USDT:USDT,0.9003,3.0,0.9002,44.0,0.9004,1.0,0.9005,8.0
1753591932600,04:52:12.600,binance,AERO/USDT:USDT,0.8997,444.7,0.8996,429.1,0.8998,28.2,0.8999,12.6
1753591932622,04:52:12.622,gateio,AERO/USDT:USDT,0.8998,20.0,0.8997,279.0,0.9006,380.0,0.9007,279.0
1753591932715,04:52:12.715,binance,AERO/USDT:USDT,0.8997,444.7,0.8996,429.1,0.8998,28.2,0.8999,12.6
1753591932634,04:52:12.634,mexc,AERO/USDT:USDT,0.8997,81,0.8996,130,0.8998,24,0.8999,40
1753591932775,04:52:12.775,bitget,AERO/USDT:USDT,0.9003,226.0,0.9001,86.0,0.9006,157.0,0.9008,4812.0
1753591932817,04:52:12.817,bybit,AERO/USDT:USDT,0.8999,662.0,0.8998,1280.0,0.9,110.0,0.9001,1006.0
1753591932882,04:52:12.882,mexc,AERO/USDT:USDT,0.8997,81,0.8996,118,0.8998,24,0.8999,40
1753591933007,04:52:13.007,okx,AERO/USDT:USDT,0.9003,3.0,0.9002,44.0,0.9004,1.0,0.9005,8.0
1753591933047,04:52:13.047,binance,AERO/USDT:USDT,0.8997,444.7,0.8996,429.1,0.8998,28.2,0.8999,12.6
1753591933119,04:52:13.119,bybit,AERO/USDT:USDT,0.8999,662.0,0.8998,1312.0,0.9,110.0,0.9001,1006.0
1753591933107,04:52:13.107,okx,AERO/USDT:USDT,0.9002,36.0,0.9001,17.0,0.9004,1.0,0.9005,8.0
1753591933150,04:52:13.150,binance,AERO/USDT:USDT,0.8997,444.7,0.8996,429.1,0.8998,28.2,0.8999,12.6
1753591933207,04:52:13.207,okx,AERO/USDT:USDT,0.9002,43.0,0.9001,17.0,0.9004,1.0,0.9005,8.0
1753591933225,04:52:13.225,bitget,AERO/USDT:USDT,0.9003,226.0,0.9001,86.0,0.9006,157.0,0.9008,4812.0
1753591933136,04:52:13.136,mexc,AERO/USDT:USDT,0.8997,81,0.8996,118,0.8998,24,0.8999,28
1753591933317,04:52:13.317,bybit,AERO/USDT:USDT,0.8999,662.0,0.8998,1312.0,0.9,110.0,0.9001,1006.0
1753591933418,04:52:13.418,bybit,AERO/USDT:USDT,0.8999,542.0,0.8998,1280.0,0.9,110.0,0.9001,1006.0
1753591933468,04:52:13.468,mexc,AERO/USDT:USDT,0.8997,81,0.8996,122,0.8998,24,0.8999,28
1753591933517,04:52:13.517,bybit,AERO/USDT:USDT,0.8999,542.0,0.8998,1280.0,0.9,110.0,0.9001,1006.0
1753591933507,04:52:13.507,okx,AERO/USDT:USDT,0.9003,2.0,0.9002,44.0,0.9004,3.0,0.9005,8.0
1753591933525,04:52:13.525,bitget,AERO/USDT:USDT,0.9003,226.0,0.9001,86.0,0.9006,157.0,0.9008,4812.0
1753591933654,04:52:13.654,binance,AERO/USDT:USDT,0.8997,444.7,0.8996,429.1,0.8998,28.2,0.8999,12.6
1753591933640,04:52:13.640,mexc,AERO/USDT:USDT,0.8997,81,0.8996,122,0.8998,24,0.8999,28
1753591859771,04:50:59.771,blofin,AERO/USDT:USDT,0.8989,1122.0,0.8987,4.0,0.8991,31.0,0.8998,216.0
1753591933818,04:52:13.818,bybit,AERO/USDT:USDT,0.8999,542.0,0.8998,1280.0,0.9,110.0,0.9001,1006.0
1753591933807,04:52:13.807,okx,AERO/USDT:USDT,0.9003,2.0,0.9002,44.0,0.9004,3.0,0.9005,8.0
1753591933884,04:52:13.884,mexc,AERO/USDT:USDT,0.8997,81,0.8996,113,0.8998,24,0.8999,28
1753591933919,04:52:13.919,bybit,AERO/USDT:USDT,0.8999,542.0,0.8998,1006.0,0.9,110.0,0.9001,1006.0
1753591934007,04:52:14.007,okx,AERO/USDT:USDT,0.9003,2.0,0.9002,44.0,0.9004,3.0,0.9005,8.0
1753591934038,04:52:14.038,mexc,AERO/USDT:USDT,0.8997,81,0.8996,113,0.8998,24,0.8999,28
1753591934126,04:52:14.126,bitget,AERO/USDT:USDT,0.9003,226.0,0.9001,86.0,0.9006,157.0,0.9008,4812.0
1753591934202,04:52:14.202,binance,AERO/USDT:USDT,0.8997,444.7,0.8996,429.1,0.8998,28.2,0.8999,12.6
1753591934276,04:52:14.276,bitget,AERO/USDT:USDT,0.9003,226.0,0.9001,86.0,0.9006,157.0,0.9008,4812.0
1753591934307,04:52:14.307,okx,AERO/USDT:USDT,0.9003,2.0,0.9002,44.0,0.9004,3.0,0.9005,8.0
1753591934291,04:52:14.291,mexc,AERO/USDT:USDT,0.8997,81,0.8996,97,0.8998,24,0.8999,28
1753591934418,04:52:14.418,bybit,AERO/USDT:USDT,0.8999,542.0,0.8998,1006.0,0.9,110.0,0.9001,1006.0
1753591934407,04:52:14.407,okx,AERO/USDT:USDT,0.9003,2.0,0.9002,44.0,0.9004,3.0,0.9005,8.0
1753591934426,04:52:14.426,bitget,AERO/USDT:USDT,0.9003,226.0,0.9001,86.0,0.9006,157.0,0.9008,4812.0
1753591934524,04:52:14.524,bybit,AERO/USDT:USDT,0.8999,542.0,0.8998,1290.0,0.9,110.0,0.9001,1006.0
1753591934384,04:52:14.384,mexc,AERO/USDT:USDT,0.8997,81,0.8996,97,0.8998,24,0.8999,28
1753591934576,04:52:14.576,bitget,AERO/USDT:USDT,0.9003,226.0,0.9001,86.0,0.9006,157.0,0.9008,4812.0
1753591934607,04:52:14.607,okx,AERO/USDT:USDT,0.9003,2.0,0.9002,44.0,0.9004,3.0,0.9005,8.0
1753591934623,04:52:14.623,gateio,AERO/USDT:USDT,0.8998,20.0,0.8997,279.0,0.9006,380.0,0.9007,279.0
1753591934726,04:52:14.726,bitget,AERO/USDT:USDT,0.9003,226.0,0.9001,86.0,0.9006,157.0,0.9008,4812.0
1753591934635,04:52:14.635,mexc,AERO/USDT:USDT,0.8997,81,0.8996,97,0.8998,24,0.8999,28
1753591934819,04:52:14.819,bybit,AERO/USDT:USDT,0.8999,574.0,0.8998,1322.0,0.9,110.0,0.9001,1006.0
1753591934802,04:52:14.802,binance,AERO/USDT:USDT,0.8997,444.7,0.8996,429.1,0.8998,28.2,0.8999,12.6
1753591934876,04:52:14.876,bitget,AERO/USDT:USDT,0.9004,84.0,0.9003,226.0,0.9006,157.0,0.9008,4812.0
1753591934918,04:52:14.918,bybit,AERO/USDT:USDT,0.8999,542.0,0.8998,1322.0,0.9,110.0,0.9001,1006.0
1753591935018,04:52:15.018,bybit,AERO/USDT:USDT,0.8999,542.0,0.8998,1322.0,0.9,110.0,0.9001,1006.0
1753591934885,04:52:14.885,mexc,AERO/USDT:USDT,0.8997,81,0.8996,97,0.8998,24,0.8999,28
1753591935007,04:52:15.007,okx,AERO/USDT:USDT,0.9003,9.0,0.9002,44.0,0.9004,3.0,0.9005,8.0
1753591935014,04:52:15.014,binance,AERO/USDT:USDT,0.8997,444.7,0.8996,429.1,0.8998,28.2,0.8999,12.6
1753591935026,04:52:15.026,bitget,AERO/USDT:USDT,0.9004,84.0,0.9003,226.0,0.9006,157.0,0.9008,4812.0
1753591935170,04:52:15.170,phemex,AERO/USDT:USDT,0.8995,70.0,0.8994,140.0,0.8998,74.0,0.8999,904.0
1753591935176,04:52:15.176,bitget,AERO/USDT:USDT,0.9004,84.0,0.9003,226.0,0.9006,157.0,0.9008,4812.0
1753591935219,04:52:15.219,bybit,AERO/USDT:USDT,0.8999,542.0,0.8998,1322.0,0.9,110.0,0.9001,1006.0
1753591935134,04:52:15.134,mexc,AERO/USDT:USDT,0.8997,81,0.8996,97,0.8998,24,0.8999,28
1753591935307,04:52:15.307,okx,AERO/USDT:USDT,0.9003,9.0,0.9002,44.0,0.9004,3.0,0.9005,8.0
1753591935317,04:52:15.317,binance,AERO/USDT:USDT,0.8997,444.7,0.8996,429.1,0.8998,28.2,0.8999,12.6
1753591935327,04:52:15.327,bitget,AERO/USDT:USDT,0.9004,84.0,0.9003,226.0,0.9006,157.0,0.9008,4812.0
1753591935508,04:52:15.508,phemex,AERO/USDT:USDT,0.8995,70.0,0.8994,140.0,0.8998,74.0,0.8999,904.0
1753591935507,04:52:15.507,okx,AERO/USDT:USDT,0.9003,9.0,0.9002,44.0,0.9004,3.0,0.9005,8.0
1753591935383,04:52:15.383,mexc,AERO/USDT:USDT,0.8997,81,0.8996,97,0.8998,24,0.8999,28
1753591935617,04:52:15.617,bybit,AERO/USDT:USDT,0.8999,542.0,0.8998,1322.0,0.9,110.0,0.9001,1006.0
1753591935607,04:52:15.607,okx,AERO/USDT:USDT,0.9003,9.0,0.9002,44.0,0.9004,3.0,0.9005,8.0
1753591935598,04:52:15.598,gateio,AERO/USDT:USDT,0.8998,20.0,0.8997,279.0,0.9006,380.0,0.9007,279.0
1753591935644,04:52:15.644,huobi,AERO/USDT:USDT,0.8993,376.0,0.8992,2533.0,0.9,3.0,0.9011,377.0
1753591935637,04:52:15.637,mexc,AERO/USDT:USDT,0.8997,81,0.8996,97,0.8998,24,0.8999,28
1753591935707,04:52:15.707,gateio,AERO/USDT:USDT,0.8998,20.0,0.8997,279.0,0.9006,380.0,0.9007,279.0
1753591935918,04:52:15.918,bybit,AERO/USDT:USDT,0.8999,542.0,0.8998,1322.0,0.9,110.0,0.9001,1006.0
1753591935871,04:52:15.871,gateio,AERO/USDT:USDT,0.8998,20.0,0.8997,279.0,0.9006,380.0,0.9007,279.0
1753591936017,04:52:16.017,bybit,AERO/USDT:USDT,0.8999,542.0,0.8998,1322.0,0.9,110.0,0.9001,1006.0
1753591935884,04:52:15.884,mexc,AERO/USDT:USDT,0.8997,81,0.8996,137,0.8998,24,0.8999,28
1753591935978,04:52:15.978,gateio,AERO/USDT:USDT,0.8998,20.0,0.8997,279.0,0.9006,380.0,0.9007,279.0
1753591936077,04:52:16.077,bitget,AERO/USDT:USDT,0.9004,84.0,0.9003,226.0,0.9006,157.0,0.9008,4812.0
1753591936132,04:52:16.132,gateio,AERO/USDT:USDT,0.8998,20.0,0.8997,279.0,0.9006,380.0,0.9007,279.0
1753591936207,04:52:16.207,okx,AERO/USDT:USDT,0.9003,9.0,0.9002,44.0,0.9004,3.0,0.9005,8.0
1753591936227,04:52:16.227,bitget,AERO/USDT:USDT,0.9004,84.0,0.9003,226.0,0.9006,157.0,0.9008,4812.0
1753591936139,04:52:16.139,mexc,AERO/USDT:USDT,0.8997,81,0.8996,137,0.8998,24,0.8999,28
1753591936384,04:52:16.384,mexc,AERO/USDT:USDT,0.8997,81,0.8996,97,0.8998,24,0.8999,28
1753591936527,04:52:16.527,bitget,AERO/USDT:USDT,0.9004,84.0,0.9003,226.0,0.9006,157.0,0.9008,4812.0
1753591936677,04:52:16.677,bitget,AERO/USDT:USDT,0.9004,84.0,0.9003,226.0,0.9006,157.0,0.9008,4812.0
1753591936637,04:52:16.637,mexc,AERO/USDT:USDT,0.8997,81,0.8996,97,0.8998,24,0.8999,34
