timestamp,time,exchange,symbol,bid1_price,bid1_volume,bid2_price,bid2_volume,ask1_price,ask1_volume,ask2_price,ask2_volume
1753591881046,04:51:21.046,bitget,ACH/USDT:USDT,0.023053,6003.0,0.023051,6003.0,0.023054,184277.0,0.023058,3867.0
1753591882697,04:51:22.697,bitget,ACH/USDT:USDT,0.023053,6003.0,0.023051,6003.0,0.023054,184277.0,0.023057,2753.0
1753591883448,04:51:23.448,bitget,ACH/USDT:USDT,0.023053,6003.0,0.023051,6003.0,0.023054,184277.0,0.023057,2753.0
1753591883598,04:51:23.598,bitget,ACH/USDT:USDT,0.023053,6003.0,0.023051,6003.0,0.023054,184277.0,0.023057,2753.0
1753591883748,04:51:23.748,bitget,ACH/USDT:USDT,0.023053,6003.0,0.023051,6003.0,0.023054,184277.0,0.023057,2753.0
1753591883829,04:51:23.829,binance,ACH/USDT:USDT,0.023032,1556.0,0.023031,3769.0,0.023033,41483.0,0.023034,1035.0
1753591883898,04:51:23.898,bitget,ACH/USDT:USDT,0.023053,6003.0,0.023051,6003.0,0.023054,184277.0,0.023057,2753.0
1753591883941,04:51:23.941,binance,ACH/USDT:USDT,0.023032,1556.0,0.023031,3769.0,0.023033,41483.0,0.023034,1035.0
1753591884044,04:51:24.044,binance,ACH/USDT:USDT,0.023032,1556.0,0.023031,3769.0,0.023033,41483.0,0.023034,1035.0
1753591884048,04:51:24.048,bitget,ACH/USDT:USDT,0.023053,6003.0,0.023051,6003.0,0.023054,184277.0,0.023057,2753.0
1753591884198,04:51:24.198,bitget,ACH/USDT:USDT,0.023053,6003.0,0.023051,6003.0,0.023054,184277.0,0.023057,2753.0
1753591884348,04:51:24.348,bitget,ACH/USDT:USDT,0.023053,6003.0,0.023051,6003.0,0.023054,184277.0,0.023057,2753.0
1753591884498,04:51:24.498,bitget,ACH/USDT:USDT,0.023053,6003.0,0.023051,6003.0,0.023054,184277.0,0.023057,2753.0
1753591884649,04:51:24.649,bitget,ACH/USDT:USDT,0.023053,6003.0,0.023051,6003.0,0.023054,184277.0,0.023057,2753.0
1753591885099,04:51:25.099,bitget,ACH/USDT:USDT,0.023053,6003.0,0.023051,6003.0,0.023054,184277.0,0.023057,2753.0
1753591885132,04:51:25.132,binance,ACH/USDT:USDT,0.023032,12269.0,0.023031,3769.0,0.023033,31230.0,0.023034,239.0
1753591885249,04:51:25.249,bitget,ACH/USDT:USDT,0.023053,6003.0,0.023051,6003.0,0.023054,184277.0,0.023057,2753.0
1753591885271,04:51:25.271,binance,ACH/USDT:USDT,0.023032,12269.0,0.023031,3769.0,0.023033,31230.0,0.023034,239.0
1753591885399,04:51:25.399,bitget,ACH/USDT:USDT,0.023053,6003.0,0.023051,6003.0,0.023054,184277.0,0.023057,2753.0
1753591885473,04:51:25.473,bybit,ACH/USDT:USDT,0.023019,1910.0,0.023018,680.0,0.02302,240.0,0.023025,240.0
1753591885449,04:51:25.449,binance,ACH/USDT:USDT,0.023032,12269.0,0.023031,3769.0,0.023033,31230.0,0.023034,239.0
1753591853647,04:50:53.647,blofin,ACH/USDT:USDT,0.02301,3520.0,0.023,5.0,0.02302,5.0,0.02303,5432.0
1753591885549,04:51:25.549,bitget,ACH/USDT:USDT,0.023053,6003.0,0.023051,6003.0,0.023054,184277.0,0.023057,2753.0
1753591885559,04:51:25.559,binance,ACH/USDT:USDT,0.023032,12269.0,0.023031,3769.0,0.023033,26016.0,0.023034,239.0
1753591885662,04:51:25.662,binance,ACH/USDT:USDT,0.023032,12269.0,0.023031,3769.0,0.023033,26016.0,0.023034,239.0
1753591885699,04:51:25.699,bitget,ACH/USDT:USDT,0.023053,6003.0,0.023051,6003.0,0.023054,184277.0,0.023057,2753.0
1753591885843,04:51:25.843,binance,ACH/USDT:USDT,0.023032,11159.0,0.023031,3769.0,0.023033,26016.0,0.023034,239.0
1753591885849,04:51:25.849,bitget,ACH/USDT:USDT,0.023053,6003.0,0.023051,6003.0,0.023054,184277.0,0.023057,2753.0
1753591885945,04:51:25.945,binance,ACH/USDT:USDT,0.023032,11159.0,0.023031,3769.0,0.023033,26016.0,0.023034,239.0
1753591885999,04:51:25.999,bitget,ACH/USDT:USDT,0.023053,6003.0,0.023051,6003.0,0.023054,184277.0,0.023057,2753.0
1753591886300,04:51:26.300,bitget,ACH/USDT:USDT,0.023053,6003.0,0.023051,6003.0,0.023054,184277.0,0.023057,2753.0
1753591886431,04:51:26.431,binance,ACH/USDT:USDT,0.023032,11159.0,0.023031,3769.0,0.023033,26016.0,0.023034,239.0
1753591886450,04:51:26.450,bitget,ACH/USDT:USDT,0.023053,6003.0,0.023051,6003.0,0.023054,184277.0,0.023057,2753.0
1753591886602,04:51:26.602,binance,ACH/USDT:USDT,0.023032,11159.0,0.023031,3769.0,0.023033,26016.0,0.023034,239.0
1753591886600,04:51:26.600,bitget,ACH/USDT:USDT,0.023053,6003.0,0.023051,6003.0,0.023054,184277.0,0.023057,2753.0
1753591886718,04:51:26.718,binance,ACH/USDT:USDT,0.023032,10786.0,0.023031,3769.0,0.023033,26016.0,0.023034,239.0
1753591886775,04:51:26.775,bybit,ACH/USDT:USDT,0.023019,1910.0,0.023018,680.0,0.02302,240.0,0.023025,240.0
1753591886750,04:51:26.750,bitget,ACH/USDT:USDT,0.023053,6003.0,0.023051,6003.0,0.023054,184277.0,0.023057,2753.0
1753591886900,04:51:26.900,bitget,ACH/USDT:USDT,0.023053,6003.0,0.023051,6003.0,0.023054,184277.0,0.023057,2753.0
1753591886925,04:51:26.925,binance,ACH/USDT:USDT,0.023032,10786.0,0.023031,3769.0,0.023033,26016.0,0.023034,239.0
1753591886974,04:51:26.974,bybit,ACH/USDT:USDT,0.023019,1910.0,0.023018,680.0,0.02302,240.0,0.023025,240.0
1753591887475,04:51:27.475,bybit,ACH/USDT:USDT,0.023019,1910.0,0.023018,680.0,0.02302,240.0,0.023025,240.0
1753591887459,04:51:27.459,binance,ACH/USDT:USDT,0.023032,9917.0,0.023031,3769.0,0.023033,123170.0,0.023034,5394.0
1753591887500,04:51:27.500,bitget,ACH/USDT:USDT,0.023053,6003.0,0.023051,6003.0,0.023054,184277.0,0.023057,6620.0
1753591887560,04:51:27.560,binance,ACH/USDT:USDT,0.023032,9917.0,0.023031,3769.0,0.023033,123170.0,0.023034,4610.0
1753591887650,04:51:27.650,bitget,ACH/USDT:USDT,0.023053,6003.0,0.023051,6003.0,0.023054,184277.0,0.023057,6620.0
1753591887688,04:51:27.688,binance,ACH/USDT:USDT,0.023032,9917.0,0.023031,3769.0,0.023033,123170.0,0.023034,4610.0
1753591887775,04:51:27.775,bybit,ACH/USDT:USDT,0.023019,1910.0,0.023018,680.0,0.02302,240.0,0.023025,240.0
1753591887795,04:51:27.795,binance,ACH/USDT:USDT,0.023032,11413.0,0.023031,3769.0,0.023033,122301.0,0.023034,4610.0
1753591887800,04:51:27.800,bitget,ACH/USDT:USDT,0.023053,6003.0,0.023051,6003.0,0.023054,184277.0,0.023057,6620.0
1753591888608,04:51:28.608,binance,ACH/USDT:USDT,0.023032,11413.0,0.023031,4638.0,0.023033,122301.0,0.023034,239.0
1753591888701,04:51:28.701,bitget,ACH/USDT:USDT,0.023053,6003.0,0.023051,6003.0,0.023056,184278.0,0.023057,6620.0
1753591888851,04:51:28.851,bitget,ACH/USDT:USDT,0.023053,6003.0,0.023051,6003.0,0.023056,184278.0,0.023057,6620.0
1753591888975,04:51:28.975,bybit,ACH/USDT:USDT,0.023019,1190.0,0.023018,680.0,0.02302,240.0,0.023025,240.0
1753591889001,04:51:29.001,bitget,ACH/USDT:USDT,0.023053,6003.0,0.023051,6003.0,0.023056,184278.0,0.023057,6620.0
1753591889019,04:51:29.019,binance,ACH/USDT:USDT,0.023031,3769.0,0.02303,304.0,0.023032,20858.0,0.023033,130993.0
1753591889076,04:51:29.076,bybit,ACH/USDT:USDT,0.023019,1190.0,0.023018,680.0,0.02302,240.0,0.023025,240.0
1753591889000,04:51:29.000,gateio,ACH/USDT:USDT,0.02303,177.0,0.02302,986.0,0.02304,222.0,0.02305,174.0
1753591889124,04:51:29.124,binance,ACH/USDT:USDT,0.023031,4740.0,0.02303,304.0,0.023032,21651.0,0.023033,130993.0
1753591889151,04:51:29.151,bitget,ACH/USDT:USDT,0.023049,4853.0,0.023042,2681.0,0.023056,184278.0,0.023057,6620.0
1753591889120,04:51:29.120,gateio,ACH/USDT:USDT,0.02303,177.0,0.02302,986.0,0.02304,202.0,0.02305,174.0
1753591889412,04:51:29.412,gateio,ACH/USDT:USDT,0.02303,177.0,0.02302,986.0,0.02304,27.0,0.02305,174.0
1753591889601,04:51:29.601,bitget,ACH/USDT:USDT,0.023051,6003.0,0.02305,6003.0,0.023056,184278.0,0.023057,6620.0
1753591889606,04:51:29.606,binance,ACH/USDT:USDT,0.023032,971.0,0.023031,4740.0,0.023033,122725.0,0.023034,956.0
1753591889519,04:51:29.519,gateio,ACH/USDT:USDT,0.02303,177.0,0.02302,986.0,0.02304,27.0,0.02305,232.0
1753591889678,04:51:29.678,bybit,ACH/USDT:USDT,0.023019,1190.0,0.023018,680.0,0.02302,240.0,0.023025,240.0
1753591889616,04:51:29.616,gateio,ACH/USDT:USDT,0.02303,177.0,0.02302,986.0,0.02304,27.0,0.02305,174.0
1753591889713,04:51:29.713,binance,ACH/USDT:USDT,0.023032,971.0,0.023031,4740.0,0.023033,122725.0,0.023034,956.0
1753591889751,04:51:29.751,bitget,ACH/USDT:USDT,0.023052,6003.0,0.023051,6003.0,0.023056,184278.0,0.023057,6620.0
1753591889902,04:51:29.902,bitget,ACH/USDT:USDT,0.023053,6003.0,0.023052,6003.0,0.023056,184278.0,0.023057,6620.0
1753591889974,04:51:29.974,bybit,ACH/USDT:USDT,0.023019,1190.0,0.023018,680.0,0.02302,240.0,0.023025,240.0
1753591889948,04:51:29.948,binance,ACH/USDT:USDT,0.023032,971.0,0.023031,4740.0,0.023033,122725.0,0.023034,956.0
1753591889952,04:51:29.952,gateio,ACH/USDT:USDT,0.02303,177.0,0.02302,986.0,0.02304,27.0,0.02305,174.0
1753591890052,04:51:30.052,bitget,ACH/USDT:USDT,0.023053,6003.0,0.023051,4854.0,0.023056,184278.0,0.023057,6620.0
1753591890102,04:51:30.102,binance,ACH/USDT:USDT,0.023032,971.0,0.023031,4740.0,0.023033,122725.0,0.023034,956.0
1753591890018,04:51:30.018,gateio,ACH/USDT:USDT,0.02303,177.0,0.02302,986.0,0.02304,27.0,0.02305,232.0
1753591890202,04:51:30.202,bitget,ACH/USDT:USDT,0.023053,6003.0,0.023051,4854.0,0.023056,184278.0,0.023057,6620.0
1753591890210,04:51:30.210,binance,ACH/USDT:USDT,0.023032,971.0,0.023031,4740.0,0.023033,122725.0,0.023034,956.0
1753591890117,04:51:30.117,gateio,ACH/USDT:USDT,0.02303,177.0,0.02302,986.0,0.02304,27.0,0.02305,174.0
1753591890352,04:51:30.352,bitget,ACH/USDT:USDT,0.023053,6003.0,0.023051,4854.0,0.023056,184278.0,0.023057,6620.0
1753591890417,04:51:30.417,binance,ACH/USDT:USDT,0.023032,971.0,0.023031,4740.0,0.023033,122725.0,0.023034,956.0
1753591890476,04:51:30.476,bybit,ACH/USDT:USDT,0.023019,1190.0,0.023018,680.0,0.02302,240.0,0.023025,240.0
1753591890502,04:51:30.502,bitget,ACH/USDT:USDT,0.023053,6003.0,0.023051,4854.0,0.023056,184278.0,0.023057,6620.0
1753591890561,04:51:30.561,binance,ACH/USDT:USDT,0.023032,971.0,0.023031,4740.0,0.023033,122725.0,0.023034,956.0
1753591890652,04:51:30.652,bitget,ACH/USDT:USDT,0.023053,6003.0,0.023051,4854.0,0.023056,184278.0,0.023057,6620.0
1753591890664,04:51:30.664,binance,ACH/USDT:USDT,0.023032,971.0,0.023031,4740.0,0.023033,122725.0,0.023034,956.0
1753591890802,04:51:30.802,bitget,ACH/USDT:USDT,0.023053,6003.0,0.023051,4854.0,0.023056,184278.0,0.023057,6620.0
1753591890874,04:51:30.874,bybit,ACH/USDT:USDT,0.023019,1190.0,0.023018,680.0,0.02302,240.0,0.023025,240.0
1753591890919,04:51:30.919,binance,ACH/USDT:USDT,0.023032,971.0,0.023031,4740.0,0.023033,122725.0,0.023034,956.0
1753591890952,04:51:30.952,bitget,ACH/USDT:USDT,0.023053,6003.0,0.023051,4854.0,0.023056,184278.0,0.023057,6620.0
1753591890954,04:51:30.954,gateio,ACH/USDT:USDT,0.02303,177.0,0.02302,986.0,0.02304,27.0,0.02305,174.0
1753591891038,04:51:31.038,binance,ACH/USDT:USDT,0.023032,971.0,0.023031,4740.0,0.023033,122725.0,0.023034,956.0
1753591891017,04:51:31.017,gateio,ACH/USDT:USDT,0.02303,177.0,0.02302,986.0,0.02304,27.0,0.02305,232.0
1753591891103,04:51:31.103,bitget,ACH/USDT:USDT,0.023042,2681.0,0.023039,5000.0,0.023056,184278.0,0.023057,6620.0
1753591891141,04:51:31.141,binance,ACH/USDT:USDT,0.023027,5818.0,0.023026,972.0,0.023031,12428.0,0.023032,46317.0
1753591891176,04:51:31.176,bybit,ACH/USDT:USDT,0.023019,1190.0,0.023018,680.0,0.02302,240.0,0.023025,240.0
1753591891116,04:51:31.116,gateio,ACH/USDT:USDT,0.02303,177.0,0.02302,986.0,0.02304,27.0,0.02305,174.0
1753591891245,04:51:31.245,binance,ACH/USDT:USDT,0.023027,5818.0,0.023026,972.0,0.023031,12428.0,0.023032,41456.0
1753591891253,04:51:31.253,bitget,ACH/USDT:USDT,0.023043,44599.0,0.023042,2681.0,0.023056,184278.0,0.023057,2753.0
1753591891349,04:51:31.349,binance,ACH/USDT:USDT,0.023027,5818.0,0.023026,972.0,0.023031,12428.0,0.023032,41456.0
1753591891403,04:51:31.403,bitget,ACH/USDT:USDT,0.023045,2744.0,0.023044,19383.0,0.023056,184278.0,0.023057,2753.0
1753591891461,04:51:31.461,binance,ACH/USDT:USDT,0.023027,5818.0,0.023026,972.0,0.023031,12428.0,0.023032,41456.0
1753591891553,04:51:31.553,bitget,ACH/USDT:USDT,0.023046,6671.0,0.023045,8559.0,0.023056,205970.0,0.023057,2753.0
1753591891566,04:51:31.566,binance,ACH/USDT:USDT,0.023028,1999.0,0.023027,5818.0,0.023031,12428.0,0.023032,35023.0
1753591891681,04:51:31.681,bybit,ACH/USDT:USDT,0.023019,1190.0,0.023018,680.0,0.02302,240.0,0.023025,240.0
1753591891678,04:51:31.678,binance,ACH/USDT:USDT,0.023028,1999.0,0.023027,5818.0,0.023031,12428.0,0.023032,35023.0
1753591891703,04:51:31.703,bitget,ACH/USDT:USDT,0.023048,2744.0,0.023047,6671.0,0.023056,188145.0,0.023057,2753.0
1753591891775,04:51:31.775,bybit,ACH/USDT:USDT,0.023019,1190.0,0.023018,680.0,0.02302,240.0,0.023025,240.0
1753591891780,04:51:31.780,binance,ACH/USDT:USDT,0.023028,1999.0,0.023027,7578.0,0.023032,35023.0,0.023033,122945.0
1753591854390,04:50:54.390,blofin,ACH/USDT:USDT,0.02301,3520.0,0.023,5.0,0.02303,5650.0,0.02307,119194.0
1753591891853,04:51:31.853,bitget,ACH/USDT:USDT,0.023049,6671.0,0.023048,2744.0,0.023056,188145.0,0.023057,2753.0
1753591891974,04:51:31.974,bybit,ACH/USDT:USDT,0.023019,1190.0,0.023018,680.0,0.02302,240.0,0.023025,240.0
1753591891970,04:51:31.970,binance,ACH/USDT:USDT,0.023029,2248.0,0.023028,2868.0,0.023032,35023.0,0.023033,122945.0
1753591892003,04:51:32.003,bitget,ACH/USDT:USDT,0.02305,6671.0,0.023049,9415.0,0.023056,188145.0,0.023057,24443.0
1753591892138,04:51:32.138,binance,ACH/USDT:USDT,0.023029,2248.0,0.023028,2868.0,0.023032,35023.0,0.023033,122945.0
1753591892153,04:51:32.153,bitget,ACH/USDT:USDT,0.023051,6671.0,0.02305,9415.0,0.023056,188145.0,0.023057,24443.0
1753591892158,04:51:32.158,gateio,ACH/USDT:USDT,0.02303,177.0,0.02302,986.0,0.02304,27.0,0.02305,174.0
1753591892275,04:51:32.275,bybit,ACH/USDT:USDT,0.023019,1190.0,0.023018,680.0,0.02302,240.0,0.023025,240.0
1753591892274,04:51:32.274,binance,ACH/USDT:USDT,0.02303,6099.0,0.023028,869.0,0.023032,34624.0,0.023033,122945.0
1753591892303,04:51:32.303,bitget,ACH/USDT:USDT,0.023052,6671.0,0.023051,6671.0,0.023056,188145.0,0.023057,24443.0
1753591892222,04:51:32.222,gateio,ACH/USDT:USDT,0.02303,177.0,0.02302,986.0,0.02304,27.0,0.02305,232.0
1753591892374,04:51:32.374,bybit,ACH/USDT:USDT,0.023019,1190.0,0.023018,680.0,0.02302,240.0,0.023025,240.0
1753591892320,04:51:32.320,gateio,ACH/USDT:USDT,0.02303,177.0,0.02302,986.0,0.02304,27.0,0.02305,174.0
1753591892474,04:51:32.474,bybit,ACH/USDT:USDT,0.023019,1190.0,0.023018,680.0,0.02302,240.0,0.023025,240.0
1753591892453,04:51:32.453,bitget,ACH/USDT:USDT,0.023053,6671.0,0.023052,6671.0,0.023056,188145.0,0.023057,24443.0
1753591892410,04:51:32.410,gateio,ACH/USDT:USDT,0.02303,177.0,0.02302,986.0,0.02304,27.0,0.02305,174.0
1753591892513,04:51:32.513,binance,ACH/USDT:USDT,0.02303,6099.0,0.023028,869.0,0.023032,34624.0,0.023033,122945.0
1753591892603,04:51:32.603,bitget,ACH/USDT:USDT,0.023053,6671.0,0.023051,4855.0,0.023056,188145.0,0.023057,24443.0
1753591892690,04:51:32.690,binance,ACH/USDT:USDT,0.02303,6099.0,0.023028,869.0,0.023032,34624.0,0.023033,122945.0
1753591892774,04:51:32.774,bybit,ACH/USDT:USDT,0.023019,1190.0,0.023018,680.0,0.02302,240.0,0.023025,240.0
1753591892754,04:51:32.754,bitget,ACH/USDT:USDT,0.023053,6671.0,0.023051,4855.0,0.023056,188145.0,0.023057,2753.0
1753591892793,04:51:32.793,binance,ACH/USDT:USDT,0.023031,1077.0,0.02303,12176.0,0.023033,27177.0,0.023034,956.0
1753591892789,04:51:32.789,gateio,ACH/USDT:USDT,0.02303,177.0,0.02302,986.0,0.02304,27.0,0.02305,174.0
1753591892899,04:51:32.899,binance,ACH/USDT:USDT,0.023031,1077.0,0.02303,12176.0,0.023033,27177.0,0.023034,956.0
1753591892904,04:51:32.904,bitget,ACH/USDT:USDT,0.023053,6671.0,0.023051,4855.0,0.023056,188145.0,0.023057,2753.0
1753591892880,04:51:32.880,gateio,ACH/USDT:USDT,0.02303,177.0,0.02302,986.0,0.02304,27.0,0.02305,232.0
1753591892969,04:51:32.969,gateio,ACH/USDT:USDT,0.02303,177.0,0.02302,986.0,0.02304,27.0,0.02305,174.0
1753591893030,04:51:33.030,binance,ACH/USDT:USDT,0.023031,1077.0,0.02303,12176.0,0.023033,27177.0,0.023034,956.0
1753591893054,04:51:33.054,bitget,ACH/USDT:USDT,0.023053,6671.0,0.023051,4855.0,0.023056,188145.0,0.023057,2753.0
1753591893176,04:51:33.176,bybit,ACH/USDT:USDT,0.023019,1190.0,0.023018,680.0,0.02302,240.0,0.023025,240.0
1753591893204,04:51:33.204,bitget,ACH/USDT:USDT,0.023053,6671.0,0.023051,4855.0,0.023056,188145.0,0.023057,2753.0
1753591893275,04:51:33.275,bybit,ACH/USDT:USDT,0.023019,1190.0,0.023018,680.0,0.02302,240.0,0.023025,240.0
1753591893249,04:51:33.249,binance,ACH/USDT:USDT,0.023032,827.0,0.023031,1077.0,0.023033,27405.0,0.023034,956.0
1753591893351,04:51:33.351,binance,ACH/USDT:USDT,0.023032,827.0,0.023031,1077.0,0.023033,27405.0,0.023034,956.0
1753591893354,04:51:33.354,bitget,ACH/USDT:USDT,0.023053,6671.0,0.023051,4855.0,0.023056,184278.0,0.023057,2753.0
1753591893502,04:51:33.502,binance,ACH/USDT:USDT,0.023032,827.0,0.023031,1077.0,0.023033,27405.0,0.023034,956.0
1753591893504,04:51:33.504,bitget,ACH/USDT:USDT,0.023053,6671.0,0.023051,4855.0,0.023056,184278.0,0.023057,2753.0
1753591893606,04:51:33.606,binance,ACH/USDT:USDT,0.023032,827.0,0.023031,1077.0,0.023033,27405.0,0.023034,956.0
1753591893675,04:51:33.675,bybit,ACH/USDT:USDT,0.023019,1190.0,0.023018,680.0,0.02302,2110.0,0.023025,240.0
1753591893654,04:51:33.654,bitget,ACH/USDT:USDT,0.023053,6671.0,0.023051,4855.0,0.023056,184278.0,0.023057,2753.0
1753591893802,04:51:33.802,binance,ACH/USDT:USDT,0.023032,1849.0,0.023031,1077.0,0.023033,27405.0,0.023034,956.0
1753591893804,04:51:33.804,bitget,ACH/USDT:USDT,0.023053,6671.0,0.023051,4855.0,0.023056,184278.0,0.023057,2753.0
1753591893875,04:51:33.875,bybit,ACH/USDT:USDT,0.023019,1190.0,0.023018,680.0,0.02302,2110.0,0.023025,240.0
1753591893921,04:51:33.921,binance,ACH/USDT:USDT,0.023032,1849.0,0.023031,1077.0,0.023033,27405.0,0.023034,956.0
1753591893954,04:51:33.954,bitget,ACH/USDT:USDT,0.023053,6671.0,0.023051,4855.0,0.023056,184278.0,0.023057,2753.0
1753591894402,04:51:34.402,binance,ACH/USDT:USDT,0.023032,1849.0,0.023031,1077.0,0.023033,27405.0,0.023034,956.0
1753591894405,04:51:34.405,bitget,ACH/USDT:USDT,0.023053,6671.0,0.023051,4855.0,0.023056,184278.0,0.023057,2753.0
1753591894317,04:51:34.317,gateio,ACH/USDT:USDT,0.02303,177.0,0.02302,986.0,0.02304,27.0,0.02305,174.0
1753591894417,04:51:34.417,gateio,ACH/USDT:USDT,0.02303,177.0,0.02302,986.0,0.02304,27.0,0.02305,232.0
1753591894517,04:51:34.517,gateio,ACH/USDT:USDT,0.02303,177.0,0.02302,986.0,0.02304,27.0,0.02305,174.0
1753591894737,04:51:34.737,gateio,ACH/USDT:USDT,0.02303,177.0,0.02302,986.0,0.02304,27.0,0.02305,174.0
1753591894855,04:51:34.855,bitget,ACH/USDT:USDT,0.023053,6671.0,0.023051,4855.0,0.023056,184278.0,0.023057,2753.0
1753591895005,04:51:35.005,bitget,ACH/USDT:USDT,0.023053,6671.0,0.023051,4855.0,0.023056,184278.0,0.023057,2753.0
1753591895155,04:51:35.155,bitget,ACH/USDT:USDT,0.023053,6671.0,0.023051,4855.0,0.023056,184278.0,0.023057,2753.0
1753591895274,04:51:35.274,bybit,ACH/USDT:USDT,0.023019,1190.0,0.023018,680.0,0.02302,2110.0,0.023025,240.0
1753591895305,04:51:35.305,bitget,ACH/USDT:USDT,0.023053,6671.0,0.023051,4855.0,0.023056,184278.0,0.023057,2753.0
1753591895455,04:51:35.455,bitget,ACH/USDT:USDT,0.023053,6671.0,0.023051,4855.0,0.023056,184278.0,0.023057,2753.0
1753591895502,04:51:35.502,binance,ACH/USDT:USDT,0.023032,1849.0,0.023031,1077.0,0.023033,27405.0,0.023034,956.0
1753591895605,04:51:35.605,bitget,ACH/USDT:USDT,0.023053,6671.0,0.023051,4855.0,0.023056,184278.0,0.023057,2753.0
1753591895917,04:51:35.917,gateio,ACH/USDT:USDT,0.02303,177.0,0.02302,986.0,0.02304,27.0,0.02305,232.0
1753591896056,04:51:36.056,bitget,ACH/USDT:USDT,0.023053,6671.0,0.023051,4855.0,0.023056,184278.0,0.023057,2753.0
1753591896016,04:51:36.016,gateio,ACH/USDT:USDT,0.02303,177.0,0.02302,986.0,0.02304,27.0,0.02305,174.0
1753591896183,04:51:36.183,binance,ACH/USDT:USDT,0.023032,1849.0,0.023031,2655.0,0.023033,27405.0,0.023034,956.0
1753591896206,04:51:36.206,bitget,ACH/USDT:USDT,0.023053,6671.0,0.023051,4855.0,0.023056,184278.0,0.023057,2753.0
1753591896956,04:51:36.956,bitget,ACH/USDT:USDT,0.023053,6671.0,0.023051,4855.0,0.023056,184278.0,0.023057,2753.0
1753591897075,04:51:37.075,bybit,ACH/USDT:USDT,0.023019,1190.0,0.023018,680.0,0.02302,2110.0,0.023025,640.0
1753591897106,04:51:37.106,bitget,ACH/USDT:USDT,0.023053,6671.0,0.023051,4855.0,0.023056,184278.0,0.023057,2753.0
1753591897175,04:51:37.175,bybit,ACH/USDT:USDT,0.023019,1190.0,0.023018,680.0,0.02302,2110.0,0.023025,640.0
1753591897256,04:51:37.256,bitget,ACH/USDT:USDT,0.023053,6671.0,0.023051,4855.0,0.023056,184278.0,0.023057,2753.0
1753591897207,04:51:37.207,okx,ACH/USDT:USDT,0.02302,292.0,0.02301,2401.0,0.02303,886.0,0.02304,2255.0
1753591897333,04:51:37.333,gateio,ACH/USDT:USDT,0.02303,177.0,0.02302,986.0,0.02304,27.0,0.02305,174.0
1753591897406,04:51:37.406,bitget,ACH/USDT:USDT,0.023053,6671.0,0.023051,4855.0,0.023056,184278.0,0.023057,2753.0
1753591897417,04:51:37.417,gateio,ACH/USDT:USDT,0.02303,177.0,0.02302,986.0,0.02304,27.0,0.02305,232.0
1753591897516,04:51:37.516,gateio,ACH/USDT:USDT,0.02303,177.0,0.02302,986.0,0.02304,27.0,0.02305,174.0
1753591897707,04:51:37.707,okx,ACH/USDT:USDT,0.02302,292.0,0.02301,2401.0,0.02303,806.0,0.02304,2255.0
1753591897707,04:51:37.707,bitget,ACH/USDT:USDT,0.023054,6671.0,0.023053,6671.0,0.023056,184278.0,0.023057,2753.0
1753591896492,04:51:36.492,phemex,ACH/USDT:USDT,0.02303,32457.0,0.02302,181755.0,0.02304,36161.0,0.02305,125899.0
1753591897778,04:51:37.778,bybit,ACH/USDT:USDT,0.023019,1190.0,0.023018,680.0,0.02302,2110.0,0.023025,640.0
1753591897768,04:51:37.768,binance,ACH/USDT:USDT,0.023032,4183.0,0.023031,3524.0,0.023033,41172.0,0.023034,239.0
1753591897857,04:51:37.857,bitget,ACH/USDT:USDT,0.023054,6671.0,0.023052,4854.0,0.023056,184278.0,0.023057,2753.0
1753591897976,04:51:37.976,bybit,ACH/USDT:USDT,0.023019,1190.0,0.023018,680.0,0.02302,2110.0,0.023025,640.0
1753591897974,04:51:37.974,binance,ACH/USDT:USDT,0.023032,5610.0,0.023031,3524.0,0.023033,41172.0,0.023034,239.0
1753591898007,04:51:38.007,bitget,ACH/USDT:USDT,0.023054,6671.0,0.023052,4854.0,0.023056,184278.0,0.023057,2753.0
1753591898076,04:51:38.076,bybit,ACH/USDT:USDT,0.023019,1190.0,0.023018,680.0,0.02302,2110.0,0.023025,640.0
1753591898077,04:51:38.077,binance,ACH/USDT:USDT,0.023032,5610.0,0.023031,3524.0,0.023033,41172.0,0.023034,239.0
1753591898157,04:51:38.157,bitget,ACH/USDT:USDT,0.023054,6671.0,0.023052,4854.0,0.023056,184278.0,0.023057,2753.0
1753591898202,04:51:38.202,binance,ACH/USDT:USDT,0.023032,5610.0,0.023031,3524.0,0.023033,41172.0,0.023034,239.0
1753591898307,04:51:38.307,bitget,ACH/USDT:USDT,0.023054,6671.0,0.023052,4854.0,0.023056,184278.0,0.023057,2753.0
1753591898331,04:51:38.331,binance,ACH/USDT:USDT,0.023032,5610.0,0.023031,3524.0,0.023033,41172.0,0.023034,239.0
1753591898435,04:51:38.435,binance,ACH/USDT:USDT,0.023032,5610.0,0.023031,3524.0,0.023033,41172.0,0.023034,239.0
1753591898475,04:51:38.475,bybit,ACH/USDT:USDT,0.023019,1190.0,0.023018,680.0,0.02302,2110.0,0.023025,240.0
1753591898457,04:51:38.457,bitget,ACH/USDT:USDT,0.023054,6671.0,0.023052,4854.0,0.023056,184278.0,0.023057,2753.0
1753591898507,04:51:38.507,okx,ACH/USDT:USDT,0.02302,368.0,0.02301,2401.0,0.02303,806.0,0.02304,2213.0
1753591898607,04:51:38.607,bitget,ACH/USDT:USDT,0.023054,6671.0,0.023052,4854.0,0.023056,184278.0,0.023057,2753.0
1753591898628,04:51:38.628,binance,ACH/USDT:USDT,0.023032,5610.0,0.023031,3524.0,0.023033,41947.0,0.023034,239.0
1753591898707,04:51:38.707,okx,ACH/USDT:USDT,0.02302,292.0,0.02301,2401.0,0.02303,882.0,0.02304,2255.0
1753591898738,04:51:38.738,binance,ACH/USDT:USDT,0.023032,5610.0,0.023031,3524.0,0.023033,41947.0,0.023034,239.0
1753591898757,04:51:38.757,bitget,ACH/USDT:USDT,0.023054,6671.0,0.023052,4854.0,0.023056,184278.0,0.023057,2753.0
1753591898868,04:51:38.868,binance,ACH/USDT:USDT,0.023032,5610.0,0.023031,3524.0,0.023033,41947.0,0.023034,239.0
1753591898907,04:51:38.907,bitget,ACH/USDT:USDT,0.023054,6671.0,0.023052,4854.0,0.023056,184278.0,0.023057,2753.0
1753591898851,04:51:38.851,gateio,ACH/USDT:USDT,0.02303,177.0,0.02302,986.0,0.02304,27.0,0.02305,174.0
1753591898917,04:51:38.917,gateio,ACH/USDT:USDT,0.02303,177.0,0.02302,986.0,0.02304,27.0,0.02305,232.0
1753591854599,04:50:54.599,blofin,ACH/USDT:USDT,0.02301,3525.0,0.02299,5.0,0.02303,5650.0,0.02307,119194.0
1753591899017,04:51:39.017,gateio,ACH/USDT:USDT,0.02303,177.0,0.02302,986.0,0.02304,27.0,0.02305,174.0
1753591899207,04:51:39.207,binance,ACH/USDT:USDT,0.023032,5610.0,0.023031,3524.0,0.023033,41947.0,0.023034,239.0
1753591899208,04:51:39.208,bitget,ACH/USDT:USDT,0.023054,6671.0,0.023052,4854.0,0.023056,184278.0,0.023057,2753.0
1753591899508,04:51:39.508,bitget,ACH/USDT:USDT,0.023054,6671.0,0.023052,4854.0,0.023056,184278.0,0.023057,2753.0
1753591899530,04:51:39.530,binance,ACH/USDT:USDT,0.023032,5610.0,0.023031,3524.0,0.023033,41947.0,0.023034,239.0
1753591899536,04:51:39.536,gateio,ACH/USDT:USDT,0.02303,177.0,0.02302,986.0,0.02304,27.0,0.02305,174.0
1753591899638,04:51:39.638,binance,ACH/USDT:USDT,0.023032,5610.0,0.023031,3524.0,0.023033,41947.0,0.023034,239.0
1753591899658,04:51:39.658,bitget,ACH/USDT:USDT,0.023054,6671.0,0.023052,4854.0,0.023056,184278.0,0.023057,2753.0
1753591899628,04:51:39.628,gateio,ACH/USDT:USDT,0.02303,177.0,0.02302,986.0,0.02304,27.0,0.02305,232.0
1753591899773,04:51:39.773,bybit,ACH/USDT:USDT,0.023019,1190.0,0.023018,680.0,0.02302,2110.0,0.023025,240.0
1753591899751,04:51:39.751,binance,ACH/USDT:USDT,0.023032,5610.0,0.023031,3524.0,0.023033,41947.0,0.023034,239.0
1753591899808,04:51:39.808,bitget,ACH/USDT:USDT,0.023054,6671.0,0.023052,4854.0,0.023056,184278.0,0.023057,2753.0
1753591899721,04:51:39.721,gateio,ACH/USDT:USDT,0.02303,177.0,0.02302,986.0,0.02304,27.0,0.02305,174.0
1753591899874,04:51:39.874,bybit,ACH/USDT:USDT,0.023024,1190.0,0.023019,1910.0,0.023025,240.0,0.023029,1070.0
1753591899871,04:51:39.871,binance,ACH/USDT:USDT,0.023034,2248.0,0.023033,1760.0,0.023035,6603.0,0.023037,2336.0
1753591899973,04:51:39.973,bybit,ACH/USDT:USDT,0.023024,1190.0,0.023021,870.0,0.023025,240.0,0.02303,1330.0
1753591899958,04:51:39.958,bitget,ACH/USDT:USDT,0.023055,9364.0,0.023054,6671.0,0.02306,965.0,0.023061,2729.0
1753591899977,04:51:39.977,binance,ACH/USDT:USDT,0.023034,3117.0,0.023033,1760.0,0.023035,6603.0,0.023037,2336.0
1753591900080,04:51:40.080,binance,ACH/USDT:USDT,0.023034,6097.0,0.023033,1760.0,0.023035,6603.0,0.023037,2336.0
1753591900108,04:51:40.108,bitget,ACH/USDT:USDT,0.023059,6671.0,0.023056,2693.0,0.02306,16864.0,0.023062,7180.0
1753591900174,04:51:40.174,bybit,ACH/USDT:USDT,0.023024,1190.0,0.023021,1590.0,0.023025,240.0,0.02303,1330.0
1753591900187,04:51:40.187,binance,ACH/USDT:USDT,0.023034,6097.0,0.023033,1760.0,0.023035,6603.0,0.023037,2336.0
1753591900207,04:51:40.207,okx,ACH/USDT:USDT,0.02302,904.0,0.02301,2397.0,0.02303,295.0,0.02304,1660.0
1753591900274,04:51:40.274,bybit,ACH/USDT:USDT,0.023024,1190.0,0.023021,1590.0,0.023025,240.0,0.02303,1330.0
1753591900282,04:51:40.282,phemex,ACH/USDT:USDT,0.02303,32457.0,0.02302,181755.0,0.02304,36161.0,0.02305,125899.0
1753591900258,04:51:40.258,bitget,ACH/USDT:USDT,0.023059,6671.0,0.023057,4853.0,0.02306,201104.0,0.023062,7180.0
1753591900307,04:51:40.307,okx,ACH/USDT:USDT,0.02302,904.0,0.02301,2397.0,0.02303,185.0,0.02304,1490.0
1753591900303,04:51:40.303,binance,ACH/USDT:USDT,0.023034,16719.0,0.023033,1760.0,0.023035,6603.0,0.023037,2336.0
1753591900375,04:51:40.375,bybit,ACH/USDT:USDT,0.023024,1190.0,0.023021,1590.0,0.023025,240.0,0.02303,1330.0
1753591900408,04:51:40.408,bitget,ACH/USDT:USDT,0.023059,6671.0,0.023057,4853.0,0.02306,203272.0,0.023064,17239.0
1753591900437,04:51:40.437,binance,ACH/USDT:USDT,0.023034,16719.0,0.023033,1760.0,0.023035,6603.0,0.023037,2336.0
1753591900558,04:51:40.558,bitget,ACH/USDT:USDT,0.023059,6671.0,0.023057,4853.0,0.02306,203272.0,0.023064,17239.0
1753591900575,04:51:40.575,binance,ACH/USDT:USDT,0.023036,3372.0,0.023035,1760.0,0.023037,2116.0,0.023038,2062.0
1753591900675,04:51:40.675,bybit,ACH/USDT:USDT,0.023024,1910.0,0.023021,1590.0,0.023025,240.0,0.02303,1330.0
1753591900677,04:51:40.677,binance,ACH/USDT:USDT,0.023036,3372.0,0.023035,1760.0,0.023037,5113.0,0.023038,2062.0
1753591900708,04:51:40.708,bitget,ACH/USDT:USDT,0.023059,6671.0,0.023057,4853.0,0.02306,186408.0,0.023062,3624.0
1753591900701,04:51:40.701,gateio,ACH/USDT:USDT,0.02303,177.0,0.02302,986.0,0.02304,27.0,0.02305,174.0
1753591900745,04:51:40.745,gateio,ACH/USDT:USDT,0.02303,177.0,0.02302,986.0,0.02304,27.0,0.02305,232.0
1753591900859,04:51:40.859,bitget,ACH/USDT:USDT,0.023059,6671.0,0.023057,4853.0,0.02306,186408.0,0.023062,3624.0
1753591900895,04:51:40.895,gateio,ACH/USDT:USDT,0.02303,177.0,0.02302,986.0,0.02304,27.0,0.02305,174.0
1753591900974,04:51:40.974,bybit,ACH/USDT:USDT,0.023024,1910.0,0.023021,1590.0,0.023025,240.0,0.02303,1330.0
1753591901009,04:51:41.009,bitget,ACH/USDT:USDT,0.023059,6671.0,0.023057,4853.0,0.02306,186408.0,0.023062,3624.0
1753591901075,04:51:41.075,bybit,ACH/USDT:USDT,0.023024,1910.0,0.023021,1590.0,0.023025,240.0,0.02303,1330.0
1753591901147,04:51:41.147,binance,ACH/USDT:USDT,0.023036,7540.0,0.023034,20138.0,0.023037,5113.0,0.023038,2062.0
1753591901159,04:51:41.159,bitget,ACH/USDT:USDT,0.023059,6671.0,0.023057,4853.0,0.02306,186408.0,0.023062,3624.0
1753591901207,04:51:41.207,okx,ACH/USDT:USDT,0.02302,904.0,0.02301,2777.0,0.02303,48.0,0.02304,1351.0
1753591901302,04:51:41.302,binance,ACH/USDT:USDT,0.023036,7540.0,0.023034,20138.0,0.023037,5113.0,0.023038,2062.0
1753591901309,04:51:41.309,bitget,ACH/USDT:USDT,0.023059,6671.0,0.023057,4853.0,0.02306,186408.0,0.023062,3624.0
1753591901442,04:51:41.442,binance,ACH/USDT:USDT,0.023036,7540.0,0.023034,20138.0,0.023037,5113.0,0.023038,2062.0
1753591901459,04:51:41.459,bitget,ACH/USDT:USDT,0.023059,6671.0,0.023057,4853.0,0.02306,186408.0,0.023062,3624.0
1753591901561,04:51:41.561,binance,ACH/USDT:USDT,0.023036,7540.0,0.023034,20138.0,0.023037,5113.0,0.023038,2062.0
1753591901609,04:51:41.609,bitget,ACH/USDT:USDT,0.023059,6671.0,0.023057,4853.0,0.02306,186408.0,0.023062,3624.0
1753591901702,04:51:41.702,binance,ACH/USDT:USDT,0.023036,7540.0,0.023034,20138.0,0.023037,5113.0,0.023038,2062.0
1753591901759,04:51:41.759,bitget,ACH/USDT:USDT,0.023059,6671.0,0.023057,4853.0,0.02306,186408.0,0.023062,3624.0
1753591901909,04:51:41.909,bitget,ACH/USDT:USDT,0.023059,6671.0,0.023057,4853.0,0.02306,186408.0,0.023062,3624.0
1753591901974,04:51:41.974,bybit,ACH/USDT:USDT,0.023024,1910.0,0.023021,1590.0,0.023025,240.0,0.02303,1330.0
1753591902059,04:51:42.059,bitget,ACH/USDT:USDT,0.023059,6671.0,0.023057,4853.0,0.02306,186408.0,0.023062,3624.0
1753591902209,04:51:42.209,bitget,ACH/USDT:USDT,0.023059,6671.0,0.023057,4853.0,0.02306,186408.0,0.023062,3624.0
1753591902302,04:51:42.302,binance,ACH/USDT:USDT,0.023036,7540.0,0.023034,20138.0,0.023037,5113.0,0.023038,2062.0
1753591902359,04:51:42.359,bitget,ACH/USDT:USDT,0.023059,6671.0,0.023057,4853.0,0.02306,186408.0,0.023062,3624.0
1753591902486,04:51:42.486,gateio,ACH/USDT:USDT,0.02303,177.0,0.02302,986.0,0.02304,39.0,0.02305,174.0
1753591902510,04:51:42.510,bitget,ACH/USDT:USDT,0.023059,6671.0,0.023057,4853.0,0.02306,186408.0,0.023062,3624.0
1753591902575,04:51:42.575,bybit,ACH/USDT:USDT,0.023024,1910.0,0.023021,1590.0,0.023025,240.0,0.02303,1330.0
1753591902607,04:51:42.607,okx,ACH/USDT:USDT,0.02302,942.0,0.02301,2819.0,0.02303,48.0,0.02304,1351.0
1753591902602,04:51:42.602,binance,ACH/USDT:USDT,0.023036,7540.0,0.023034,20138.0,0.023037,5113.0,0.023038,2062.0
1753591902523,04:51:42.523,gateio,ACH/USDT:USDT,0.02303,177.0,0.02302,986.0,0.02304,19.0,0.02305,232.0
1753591902660,04:51:42.660,bitget,ACH/USDT:USDT,0.023059,6671.0,0.023057,4853.0,0.02306,186408.0,0.023062,3624.0
1753591902707,04:51:42.707,okx,ACH/USDT:USDT,0.02302,942.0,0.02301,2819.0,0.02303,48.0,0.02304,1351.0
1753591902617,04:51:42.617,gateio,ACH/USDT:USDT,0.02303,179.0,0.02302,986.0,0.02304,25.0,0.02305,174.0
1753591902718,04:51:42.718,binance,ACH/USDT:USDT,0.023036,7540.0,0.023034,20138.0,0.023037,5419.0,0.023038,2062.0
1753591902774,04:51:42.774,bybit,ACH/USDT:USDT,0.023024,1910.0,0.023021,1590.0,0.023025,240.0,0.02303,1330.0
1753591902810,04:51:42.810,bitget,ACH/USDT:USDT,0.023059,6671.0,0.023057,4853.0,0.02306,186408.0,0.023062,3624.0
1753591902857,04:51:42.857,binance,ACH/USDT:USDT,0.023036,7540.0,0.023034,20138.0,0.023037,5419.0,0.023038,2062.0
1753591902958,04:51:42.958,binance,ACH/USDT:USDT,0.023036,7540.0,0.023034,20138.0,0.023037,5419.0,0.023038,2062.0
1753591902960,04:51:42.960,bitget,ACH/USDT:USDT,0.023059,6671.0,0.023057,4853.0,0.02306,186408.0,0.023062,3624.0
1753591903110,04:51:43.110,bitget,ACH/USDT:USDT,0.023059,6671.0,0.023057,4853.0,0.02306,186408.0,0.023062,3624.0
1753591903275,04:51:43.275,bybit,ACH/USDT:USDT,0.023024,1910.0,0.023021,1590.0,0.023025,240.0,0.02303,1330.0
1753591903260,04:51:43.260,bitget,ACH/USDT:USDT,0.023059,6671.0,0.023057,4853.0,0.02306,186408.0,0.023062,3624.0
1753591903332,04:51:43.332,binance,ACH/USDT:USDT,0.023036,7540.0,0.023034,20138.0,0.023037,5419.0,0.023038,2062.0
1753591902783,04:51:42.783,mexc,ACH/USDT:USDT,0.023032,15668.0,0.023031,9031,0.023033,143037.0,0.023034,1599.0
1753591903410,04:51:43.410,bitget,ACH/USDT:USDT,0.023059,6671.0,0.023057,4853.0,0.02306,186408.0,0.023062,3624.0
1753591903435,04:51:43.435,binance,ACH/USDT:USDT,0.023036,7540.0,0.023034,20138.0,0.023037,5419.0,0.023038,2062.0
1753591903240,04:51:43.240,mexc,ACH/USDT:USDT,0.023032,15668.0,0.023031,9031,0.023033,143037.0,0.023034,1599.0
1753591855598,04:50:55.598,blofin,ACH/USDT:USDT,0.02301,3853.0,0.02299,5.0,0.02303,5650.0,0.02304,138224.0
1753591903575,04:51:43.575,bybit,ACH/USDT:USDT,0.023024,1910.0,0.023021,1590.0,0.023025,240.0,0.02303,1330.0
1753591903552,04:51:43.552,binance,ACH/USDT:USDT,0.023036,7540.0,0.023034,20138.0,0.023037,5419.0,0.023038,2062.0
1753591903560,04:51:43.560,bitget,ACH/USDT:USDT,0.023059,6671.0,0.023057,4853.0,0.02306,186408.0,0.023062,3624.0
1753591903688,04:51:43.688,binance,ACH/USDT:USDT,0.023036,7540.0,0.023034,20138.0,0.023037,5419.0,0.023038,2062.0
1753591903707,04:51:43.707,okx,ACH/USDT:USDT,0.02302,942.0,0.02301,2861.0,0.02303,25.0,0.02304,1351.0
1753591903496,04:51:43.496,mexc,ACH/USDT:USDT,0.023032,15668.0,0.023031,12867,0.023033,143037.0,0.023034,1599.0
1753591903710,04:51:43.710,bitget,ACH/USDT:USDT,0.023059,6671.0,0.023057,4853.0,0.02306,186408.0,0.023062,3624.0
1753591903790,04:51:43.790,binance,ACH/USDT:USDT,0.023036,7540.0,0.023034,20138.0,0.023037,5419.0,0.023038,2062.0
1753591903874,04:51:43.874,bybit,ACH/USDT:USDT,0.023024,1910.0,0.023021,1590.0,0.023025,240.0,0.02303,1330.0
1753591903860,04:51:43.860,bitget,ACH/USDT:USDT,0.023059,6671.0,0.023057,4853.0,0.02306,186408.0,0.023062,3624.0
1753591903897,04:51:43.897,binance,ACH/USDT:USDT,0.023036,7540.0,0.023034,20138.0,0.023037,5419.0,0.023038,2062.0
1753591903900,04:51:43.900,mexc,ACH/USDT:USDT,0.023032,15668.0,0.023031,12867,0.023033,143037.0,0.023034,1599.0
1753591904007,04:51:44.007,binance,ACH/USDT:USDT,0.023036,7540.0,0.023034,20138.0,0.023037,5419.0,0.023038,2062.0
1753591904010,04:51:44.010,bitget,ACH/USDT:USDT,0.023059,6671.0,0.023057,4853.0,0.02306,186408.0,0.023062,3624.0
1753591903901,04:51:43.901,mexc,ACH/USDT:USDT,0.023032,15668.0,0.023031,9031,0.023033,143037.0,0.023034,1599.0
1753591904110,04:51:44.110,binance,ACH/USDT:USDT,0.023036,9118.0,0.023034,20138.0,0.023037,5419.0,0.023038,2062.0
1753591904161,04:51:44.161,bitget,ACH/USDT:USDT,0.023059,6671.0,0.023057,4853.0,0.02306,186408.0,0.023062,3624.0
1753591904214,04:51:44.214,binance,ACH/USDT:USDT,0.023036,12356.0,0.023034,20138.0,0.023037,5419.0,0.023038,2062.0
1753591904311,04:51:44.311,bitget,ACH/USDT:USDT,0.023059,6671.0,0.023057,4853.0,0.02306,186408.0,0.023062,3624.0
1753591904334,04:51:44.334,binance,ACH/USDT:USDT,0.023036,12356.0,0.023034,20138.0,0.023037,5419.0,0.023038,2062.0
1753591904375,04:51:44.375,bybit,ACH/USDT:USDT,0.023024,2170.0,0.023021,1590.0,0.023025,240.0,0.02303,1330.0
1753591904377,04:51:44.377,mexc,ACH/USDT:USDT,0.023032,15668.0,0.023031,9031,0.023033,143037.0,0.023034,1599.0
1753591904387,04:51:44.387,gateio,ACH/USDT:USDT,0.02304,812.0,0.02303,2359.0,0.02306,177.0,0.02307,1345.0
1753591904436,04:51:44.436,binance,ACH/USDT:USDT,0.023036,12356.0,0.023034,20138.0,0.023037,5419.0,0.023038,2062.0
1753591904475,04:51:44.475,bybit,ACH/USDT:USDT,0.023024,2170.0,0.023021,1590.0,0.023025,240.0,0.02303,1330.0
1753591904461,04:51:44.461,bitget,ACH/USDT:USDT,0.023059,6671.0,0.023057,4853.0,0.02306,186408.0,0.023062,3624.0
1753591904417,04:51:44.417,gateio,ACH/USDT:USDT,0.02304,812.0,0.02303,2354.0,0.02306,177.0,0.02307,1345.0
1753591904392,04:51:44.392,mexc,ACH/USDT:USDT,0.023036,32363,0.023035,63753,0.023037,14247,0.023038,7382
1753591904602,04:51:44.602,binance,ACH/USDT:USDT,0.023036,12356.0,0.023034,20138.0,0.023037,5419.0,0.023038,2062.0
1753591904611,04:51:44.611,bitget,ACH/USDT:USDT,0.023059,6671.0,0.023057,4853.0,0.02306,186408.0,0.023062,3624.0
1753591904761,04:51:44.761,bitget,ACH/USDT:USDT,0.023059,6671.0,0.023057,4853.0,0.02306,186408.0,0.023062,3624.0
1753591904802,04:51:44.802,binance,ACH/USDT:USDT,0.023036,12356.0,0.023034,20138.0,0.023037,5419.0,0.023038,2062.0
1753591904803,04:51:44.803,gateio,ACH/USDT:USDT,0.02304,812.0,0.02303,2354.0,0.02306,177.0,0.02307,1345.0
1753591904697,04:51:44.697,mexc,ACH/USDT:USDT,0.023036,32363,0.023035,78815,0.023037,14247,0.023038,8491
1753591904911,04:51:44.911,bitget,ACH/USDT:USDT,0.023059,6671.0,0.023057,4853.0,0.02306,186408.0,0.023062,3624.0
1753591904989,04:51:44.989,binance,ACH/USDT:USDT,0.023036,12356.0,0.023034,20138.0,0.023037,5419.0,0.023038,2062.0
1753591904938,04:51:44.938,gateio,ACH/USDT:USDT,0.02304,812.0,0.02303,2354.0,0.02306,177.0,0.02307,1345.0
1753591905075,04:51:45.075,bybit,ACH/USDT:USDT,0.023024,2170.0,0.023021,1590.0,0.023025,240.0,0.02303,260.0
1753591905061,04:51:45.061,bitget,ACH/USDT:USDT,0.023059,6671.0,0.023057,4853.0,0.02306,186408.0,0.023062,3624.0
1753591905051,04:51:45.051,phemex,ACH/USDT:USDT,0.02303,32457.0,0.02302,181755.0,0.02304,30601.0,0.02305,125899.0
1753591905092,04:51:45.092,binance,ACH/USDT:USDT,0.023039,10609.0,0.023038,2912.0,0.02304,239.0,0.023041,717.0
1753591905104,04:51:45.104,mexc,ACH/USDT:USDT,0.023036,32363,0.023035,78815,0.023037,14247,0.023038,8491
1753591905097,04:51:45.097,gateio,ACH/USDT:USDT,0.02304,812.0,0.02303,2354.0,0.02306,177.0,0.02307,1403.0
1753591905176,04:51:45.176,bybit,ACH/USDT:USDT,0.023024,2170.0,0.023021,1590.0,0.023025,240.0,0.02303,260.0
1753591905207,04:51:45.207,okx,ACH/USDT:USDT,0.02302,942.0,0.02301,3510.0,0.02303,28.0,0.02304,1151.0
1753591905195,04:51:45.195,binance,ACH/USDT:USDT,0.023039,10609.0,0.023038,2912.0,0.02304,239.0,0.023041,717.0
1753591905110,04:51:45.110,gateio,ACH/USDT:USDT,0.02304,812.0,0.02303,2354.0,0.02306,177.0,0.02307,1403.0
1753591905211,04:51:45.211,bitget,ACH/USDT:USDT,0.023059,10725.0,0.023058,3389.0,0.02306,184240.0,0.023064,2693.0
1753591905274,04:51:45.274,bybit,ACH/USDT:USDT,0.023024,2170.0,0.023021,1590.0,0.023025,240.0,0.02303,260.0
1753591905108,04:51:45.108,mexc,ACH/USDT:USDT,0.023036,32363,0.023035,63753,0.023037,14247,0.023038,7382
1753591905318,04:51:45.318,binance,ACH/USDT:USDT,0.023039,10609.0,0.023038,2912.0,0.02304,239.0,0.023041,717.0
1753591905361,04:51:45.361,bitget,ACH/USDT:USDT,0.023059,10725.0,0.023058,3389.0,0.02306,184240.0,0.023064,2693.0
1753591905475,04:51:45.475,bybit,ACH/USDT:USDT,0.023024,2170.0,0.023021,1590.0,0.023025,240.0,0.02303,260.0
1753591905511,04:51:45.511,bitget,ACH/USDT:USDT,0.023059,10725.0,0.023058,3389.0,0.02306,184240.0,0.023064,2693.0
1753591905562,04:51:45.562,binance,ACH/USDT:USDT,0.023039,10609.0,0.023038,2912.0,0.02304,239.0,0.023041,717.0
1753591905662,04:51:45.662,bitget,ACH/USDT:USDT,0.023059,10725.0,0.023058,3389.0,0.02306,184240.0,0.023064,2693.0
1753591905706,04:51:45.706,binance,ACH/USDT:USDT,0.023039,6556.0,0.023038,869.0,0.02304,239.0,0.023041,717.0
1753591905620,04:51:45.620,gateio,ACH/USDT:USDT,0.02304,812.0,0.02303,2354.0,0.02306,177.0,0.02307,1403.0
1753591905812,04:51:45.812,bitget,ACH/USDT:USDT,0.023059,10725.0,0.023058,3389.0,0.02306,184240.0,0.023064,2693.0
1753591905907,04:51:45.907,okx,ACH/USDT:USDT,0.02302,942.0,0.02301,3467.0,0.02303,28.0,0.02304,1151.0
1753591905896,04:51:45.896,mexc,ACH/USDT:USDT,0.023036,32363,0.023035,63753,0.023037,14247,0.023038,10486
1753591905981,04:51:45.981,bybit,ACH/USDT:USDT,0.023024,2170.0,0.023021,1590.0,0.023025,240.0,0.02303,260.0
1753591905962,04:51:45.962,bitget,ACH/USDT:USDT,0.023059,10725.0,0.023058,3389.0,0.02306,184240.0,0.023064,2693.0
1753591906007,04:51:46.007,okx,ACH/USDT:USDT,0.02302,1142.0,0.02301,3510.0,0.02303,28.0,0.02304,1151.0
1753591906006,04:51:46.006,binance,ACH/USDT:USDT,0.023039,6556.0,0.023037,5194.0,0.02304,239.0,0.023041,717.0
1753591906074,04:51:46.074,bybit,ACH/USDT:USDT,0.023024,7600.0,0.023021,1590.0,0.023025,240.0,0.02303,260.0
1753591905896,04:51:45.896,mexc,ACH/USDT:USDT,0.023036,32363,0.023035,63753,0.023037,14247,0.023038,10486
1753591906112,04:51:46.112,bitget,ACH/USDT:USDT,0.023059,10725.0,0.023058,3389.0,0.02306,184240.0,0.023064,2693.0
1753591906123,04:51:46.123,binance,ACH/USDT:USDT,0.023039,6556.0,0.023038,869.0,0.02304,239.0,0.023041,717.0
1753591906245,04:51:46.245,binance,ACH/USDT:USDT,0.023039,6556.0,0.023038,869.0,0.02304,239.0,0.023041,717.0
1753591906262,04:51:46.262,bitget,ACH/USDT:USDT,0.023059,10725.0,0.023058,3389.0,0.02306,184240.0,0.023064,2693.0
1753591906300,04:51:46.300,mexc,ACH/USDT:USDT,0.023036,32363,0.023035,63753,0.023037,14247,0.023038,10486
1753591906261,04:51:46.261,gateio,ACH/USDT:USDT,0.02304,812.0,0.02303,2354.0,0.02306,177.0,0.02307,1403.0
1753591906412,04:51:46.412,bitget,ACH/USDT:USDT,0.023059,10725.0,0.023058,3389.0,0.02306,184240.0,0.023064,2693.0
1753591906456,04:51:46.456,binance,ACH/USDT:USDT,0.023039,6556.0,0.023038,869.0,0.02304,239.0,0.023041,717.0
1753591906300,04:51:46.300,mexc,ACH/USDT:USDT,0.023036,32363,0.023035,63753,0.023037,14247,0.023038,7382
1753591906559,04:51:46.559,binance,ACH/USDT:USDT,0.023039,6556.0,0.023038,869.0,0.02304,239.0,0.023041,717.0
1753591906562,04:51:46.562,bitget,ACH/USDT:USDT,0.023059,10725.0,0.023058,3389.0,0.02306,184240.0,0.023064,2693.0
1753591906675,04:51:46.675,bybit,ACH/USDT:USDT,0.023024,7600.0,0.023021,1590.0,0.023025,240.0,0.02303,260.0
1753591906690,04:51:46.690,binance,ACH/USDT:USDT,0.023039,8654.0,0.023038,869.0,0.02304,239.0,0.023041,717.0
1753591906712,04:51:46.712,bitget,ACH/USDT:USDT,0.023059,10725.0,0.023058,3389.0,0.02306,184240.0,0.023064,2693.0
1753591906792,04:51:46.792,gateio,ACH/USDT:USDT,0.02304,812.0,0.02303,2354.0,0.02306,177.0,0.02307,1403.0
1753591906874,04:51:46.874,bybit,ACH/USDT:USDT,0.023024,7600.0,0.023021,1590.0,0.023025,240.0,0.02303,260.0
1753591906862,04:51:46.862,bitget,ACH/USDT:USDT,0.023059,10725.0,0.023058,3389.0,0.02306,184240.0,0.023064,2693.0
1753591906939,04:51:46.939,binance,ACH/USDT:USDT,0.023039,8654.0,0.023038,869.0,0.02304,239.0,0.023041,717.0
1753591907012,04:51:47.012,bitget,ACH/USDT:USDT,0.023059,10725.0,0.023058,3389.0,0.02306,184240.0,0.023064,2693.0
1753591907042,04:51:47.042,binance,ACH/USDT:USDT,0.023039,8654.0,0.023038,869.0,0.02304,239.0,0.023041,717.0
1753591907096,04:51:47.096,mexc,ACH/USDT:USDT,0.023036,32363,0.023035,63753,0.023037,14247,0.023038,9927
1753591907162,04:51:47.162,bitget,ACH/USDT:USDT,0.023059,10725.0,0.023058,3389.0,0.02306,184240.0,0.023064,2693.0
1753591907202,04:51:47.202,binance,ACH/USDT:USDT,0.023039,8654.0,0.023038,869.0,0.02304,239.0,0.023041,717.0
1753591907134,04:51:47.134,mexc,ACH/USDT:USDT,0.023036,32363,0.023035,110755,0.023037,14247,0.023038,9927
1753591907313,04:51:47.313,bitget,ACH/USDT:USDT,0.023059,10725.0,0.023058,3389.0,0.02306,184240.0,0.023064,2693.0
1753591907352,04:51:47.352,gateio,ACH/USDT:USDT,0.02304,812.0,0.02303,2354.0,0.02306,177.0,0.02307,1403.0
1753591907463,04:51:47.463,bitget,ACH/USDT:USDT,0.023059,10725.0,0.023058,3389.0,0.02306,184240.0,0.023064,2693.0
1753591907468,04:51:47.468,binance,ACH/USDT:USDT,0.023039,8654.0,0.023038,869.0,0.02304,239.0,0.023041,717.0
1753591907499,04:51:47.499,mexc,ACH/USDT:USDT,0.023036,32363,0.023035,110755,0.023037,14247,0.023038,7382
1753591907575,04:51:47.575,bybit,ACH/USDT:USDT,0.023024,7600.0,0.023021,1590.0,0.023025,240.0,0.02303,260.0
1753591907590,04:51:47.590,binance,ACH/USDT:USDT,0.023039,8654.0,0.023038,869.0,0.02304,239.0,0.023041,717.0
1753591907559,04:51:47.559,gateio,ACH/USDT:USDT,0.02304,812.0,0.02303,2354.0,0.02306,177.0,0.02307,1403.0
1753591907613,04:51:47.613,bitget,ACH/USDT:USDT,0.023059,10725.0,0.023058,3389.0,0.02306,184240.0,0.023064,2693.0
1753591907707,04:51:47.707,okx,ACH/USDT:USDT,0.02302,1142.0,0.02301,3713.0,0.02303,28.0,0.02304,1151.0
1753591907501,04:51:47.501,mexc,ACH/USDT:USDT,0.023036,32363,0.023035,63753,0.023037,14247,0.023038,7382
1753591907760,04:51:47.760,binance,ACH/USDT:USDT,0.023039,8654.0,0.023038,869.0,0.02304,239.0,0.023041,717.0
1753591907763,04:51:47.763,bitget,ACH/USDT:USDT,0.023059,10725.0,0.023058,3389.0,0.02306,184240.0,0.023064,2693.0
1753591907803,04:51:47.803,gateio,ACH/USDT:USDT,0.02304,812.0,0.02303,2354.0,0.02306,177.0,0.02307,1403.0
1753591907913,04:51:47.913,bitget,ACH/USDT:USDT,0.023059,10725.0,0.023058,3389.0,0.02306,184240.0,0.023064,2693.0
1753591908036,04:51:48.036,mexc,ACH/USDT:USDT,0.023036,32363,0.023035,63753,0.023037,14247,0.023038,7382
1753591908067,04:51:48.067,phemex,ACH/USDT:USDT,0.02303,32457.0,0.02302,181755.0,0.02305,29473.0,0.02306,5430.0
1753591908074,04:51:48.074,bybit,ACH/USDT:USDT,0.023025,1190.0,0.023024,7600.0,0.023035,240.0,0.02304,240.0
1753591908082,04:51:48.082,phemex,ACH/USDT:USDT,0.02303,41141.0,0.02302,181755.0,0.02305,5608.0,0.02306,14082.0
1753591908063,04:51:48.063,bitget,ACH/USDT:USDT,0.023059,10725.0,0.023058,3389.0,0.02306,184240.0,0.023064,2693.0
1753591908107,04:51:48.107,okx,ACH/USDT:USDT,0.02303,1156.0,0.02302,3234.0,0.02304,112.0,0.02305,1063.0
1753591908102,04:51:48.102,binance,ACH/USDT:USDT,0.023045,2248.0,0.023044,6782.0,0.023046,1064.0,0.023049,2042.0
1753591908106,04:51:48.106,gateio,ACH/USDT:USDT,0.02305,177.0,0.02304,812.0,0.02306,197.0,0.02307,180.0
1753591908083,04:51:48.083,phemex,ACH/USDT:USDT,0.02304,5452.0,0.02303,41141.0,0.02305,5608.0,0.02306,14082.0
1753591908176,04:51:48.176,bybit,ACH/USDT:USDT,0.023031,6620.0,0.02303,570.0,0.023035,240.0,0.02304,240.0
1753591908172,04:51:48.172,phemex,ACH/USDT:USDT,0.02304,5452.0,0.02303,41141.0,0.02305,5608.0,0.02306,14082.0
1753591908207,04:51:48.207,okx,ACH/USDT:USDT,0.02303,1293.0,0.02302,3106.0,0.02304,114.0,0.02305,1196.0
1753591908205,04:51:48.205,binance,ACH/USDT:USDT,0.023045,2248.0,0.023044,6782.0,0.023046,1064.0,0.023049,2042.0
1753591908210,04:51:48.210,gateio,ACH/USDT:USDT,0.02305,184.0,0.02304,812.0,0.02307,180.0,0.02308,342.0
1753591908213,04:51:48.213,bitget,ACH/USDT:USDT,0.023068,10006.0,0.023061,44599.0,0.023069,2707.0,0.023072,2802.0
1753591908047,04:51:48.047,mexc,ACH/USDT:USDT,0.023039,23509,0.023038,2602,0.02305,70,0.023056,159595
1753591908274,04:51:48.274,bybit,ACH/USDT:USDT,0.023032,6620.0,0.02303,570.0,0.023035,240.0,0.02304,240.0
1753591908303,04:51:48.303,phemex,ACH/USDT:USDT,0.02304,5452.0,0.02303,41141.0,0.02305,5608.0,0.02306,14082.0
1753591908306,04:51:48.306,binance,ACH/USDT:USDT,0.023045,2248.0,0.023044,6782.0,0.023046,1064.0,0.023049,2042.0
1753591908303,04:51:48.303,gateio,ACH/USDT:USDT,0.02305,177.0,0.02304,812.0,0.02307,180.0,0.02308,342.0
1753591908376,04:51:48.376,bybit,ACH/USDT:USDT,0.023032,6620.0,0.02303,570.0,0.023035,240.0,0.02304,240.0
1753591908363,04:51:48.363,bitget,ACH/USDT:USDT,0.023068,10006.0,0.023066,4850.0,0.02307,184187.0,0.023072,2802.0
1753591908401,04:51:48.401,gateio,ACH/USDT:USDT,0.02305,177.0,0.02304,812.0,0.02307,180.0,0.02308,342.0
1753591908475,04:51:48.475,bybit,ACH/USDT:USDT,0.023032,6620.0,0.02303,570.0,0.023035,240.0,0.02304,240.0
1753591908452,04:51:48.452,binance,ACH/USDT:USDT,0.023045,2248.0,0.023044,6782.0,0.023046,1064.0,0.023049,2042.0
1753591908297,04:51:48.297,mexc,ACH/USDT:USDT,0.023039,23509,0.023038,2602,0.02305,70,0.023056,159595
1753591908452,04:51:48.452,gateio,ACH/USDT:USDT,0.02305,177.0,0.02304,812.0,0.02307,180.0,0.02308,342.0
1753591908513,04:51:48.513,bitget,ACH/USDT:USDT,0.023069,6671.0,0.023068,10006.0,0.02307,184187.0,0.023072,2802.0
1753591908557,04:51:48.557,binance,ACH/USDT:USDT,0.023045,2248.0,0.023044,5914.0,0.023046,1064.0,0.023049,12285.0
1753591908607,04:51:48.607,okx,ACH/USDT:USDT,0.02303,1293.0,0.02302,2882.0,0.02304,140.0,0.02305,1196.0
1753591908662,04:51:48.662,binance,ACH/USDT:USDT,0.023045,2248.0,0.023044,5914.0,0.023046,1064.0,0.023048,4861.0
1753591908663,04:51:48.663,bitget,ACH/USDT:USDT,0.023069,6671.0,0.023067,4851.0,0.02307,184187.0,0.023072,2802.0
1753591908700,04:51:48.700,mexc,ACH/USDT:USDT,0.023039,23509,0.023038,2602,0.02305,70,0.023056,159595
1753591856099,04:50:56.099,blofin,ACH/USDT:USDT,0.02301,3853.0,0.02299,5.0,0.02303,5650.0,0.02304,138224.0
1753591908744,04:51:48.744,gateio,ACH/USDT:USDT,0.02305,177.0,0.02304,812.0,0.02307,180.0,0.02308,342.0
1753591908814,04:51:48.814,bitget,ACH/USDT:USDT,0.023069,6671.0,0.023067,4851.0,0.02307,184187.0,0.023072,2802.0
1753591908835,04:51:48.835,binance,ACH/USDT:USDT,0.023045,2248.0,0.023044,5914.0,0.023046,1064.0,0.023048,4861.0
1753591908700,04:51:48.700,mexc,ACH/USDT:USDT,0.023039,23509,0.023038,2602,0.02305,70,0.023056,159595
1753591908818,04:51:48.818,gateio,ACH/USDT:USDT,0.02305,177.0,0.02304,812.0,0.02307,180.0,0.02308,400.0
1753591908964,04:51:48.964,bitget,ACH/USDT:USDT,0.023069,6671.0,0.023067,4851.0,0.02307,184187.0,0.023072,2802.0
1753591909007,04:51:49.007,okx,ACH/USDT:USDT,0.02303,1293.0,0.02302,2882.0,0.02304,140.0,0.02305,1396.0
1753591908964,04:51:48.964,gateio,ACH/USDT:USDT,0.02305,177.0,0.02304,812.0,0.02307,180.0,0.02308,342.0
1753591909075,04:51:49.075,bybit,ACH/USDT:USDT,0.023032,6620.0,0.02303,570.0,0.023035,240.0,0.02304,240.0
1753591909124,04:51:49.124,phemex,ACH/USDT:USDT,0.02304,21978.0,0.02303,82055.0,0.02305,5608.0,0.02306,14082.0
1753591909125,04:51:49.125,phemex,ACH/USDT:USDT,0.02304,30484.0,0.02303,85145.0,0.02305,5608.0,0.02306,14082.0
1753591909114,04:51:49.114,bitget,ACH/USDT:USDT,0.023069,6671.0,0.023067,4851.0,0.02307,184187.0,0.023071,2128.0
1753591909131,04:51:49.131,binance,ACH/USDT:USDT,0.023045,3667.0,0.023044,5914.0,0.023046,1064.0,0.023048,4861.0
1753591909175,04:51:49.175,bybit,ACH/USDT:USDT,0.023033,6620.0,0.02303,570.0,0.023035,240.0,0.02304,240.0
1753591909207,04:51:49.207,okx,ACH/USDT:USDT,0.02303,1293.0,0.02302,2968.0,0.02304,140.0,0.02305,1396.0
1753591909152,04:51:49.152,gateio,ACH/USDT:USDT,0.02305,177.0,0.02304,812.0,0.02307,180.0,0.02308,342.0
1753591909237,04:51:49.237,binance,ACH/USDT:USDT,0.023045,3667.0,0.023044,5914.0,0.023046,1064.0,0.023049,12285.0
1753591909231,04:51:49.231,mexc,ACH/USDT:USDT,0.023039,23509,0.023038,2602,0.02305,70,0.023056,159595
1753591909276,04:51:49.276,bybit,ACH/USDT:USDT,0.023033,6620.0,0.02303,570.0,0.023035,240.0,0.02304,240.0
1753591909264,04:51:49.264,bitget,ACH/USDT:USDT,0.023069,6671.0,0.023067,4851.0,0.02307,184187.0,0.023071,2128.0
1753591909271,04:51:49.271,gateio,ACH/USDT:USDT,0.02305,177.0,0.02304,812.0,0.02307,180.0,0.02308,342.0
1753591909341,04:51:49.341,binance,ACH/USDT:USDT,0.023045,3667.0,0.023044,5914.0,0.023046,1064.0,0.023049,12285.0
1753591909407,04:51:49.407,okx,ACH/USDT:USDT,0.02303,1293.0,0.02302,2882.0,0.02304,140.0,0.02305,1396.0
1753591909414,04:51:49.414,bitget,ACH/USDT:USDT,0.023069,6671.0,0.023067,4851.0,0.02307,184187.0,0.023071,2128.0
1753591909242,04:51:49.242,mexc,ACH/USDT:USDT,0.023039,23509,0.023038,2602,0.02305,70,0.023056,159595
1753591909460,04:51:49.460,binance,ACH/USDT:USDT,0.023045,3667.0,0.023044,5914.0,0.023046,1064.0,0.023049,12285.0
1753591909566,04:51:49.566,binance,ACH/USDT:USDT,0.023045,3667.0,0.023044,5914.0,0.023046,1064.0,0.023049,12285.0
1753591909564,04:51:49.564,bitget,ACH/USDT:USDT,0.023069,6671.0,0.023067,4851.0,0.02307,184187.0,0.023071,2128.0
1753591909607,04:51:49.607,okx,ACH/USDT:USDT,0.02303,1293.0,0.02302,2882.0,0.02304,140.0,0.02305,1396.0
1753591909532,04:51:49.532,gateio,ACH/USDT:USDT,0.02305,177.0,0.02304,812.0,0.02307,180.0,0.02308,1542.0
1753591909677,04:51:49.677,bybit,ACH/USDT:USDT,0.023033,6620.0,0.02303,570.0,0.023035,240.0,0.02304,240.0
1753591909693,04:51:49.693,binance,ACH/USDT:USDT,0.023045,3667.0,0.023044,5914.0,0.023046,1064.0,0.023049,12285.0
1753591909497,04:51:49.497,mexc,ACH/USDT:USDT,0.023039,23509,0.023038,3316,0.02305,70,0.023056,159595
1753591909618,04:51:49.618,gateio,ACH/USDT:USDT,0.02305,177.0,0.02304,812.0,0.02307,180.0,0.02308,1600.0
1753591909714,04:51:49.714,bitget,ACH/USDT:USDT,0.023069,6671.0,0.023067,4851.0,0.02307,184187.0,0.023071,2128.0
1753591909801,04:51:49.801,binance,ACH/USDT:USDT,0.023045,3667.0,0.023044,5914.0,0.023046,1064.0,0.023049,12285.0
1753591909864,04:51:49.864,bitget,ACH/USDT:USDT,0.023069,6671.0,0.023067,4851.0,0.02307,184187.0,0.023071,2128.0
1753591909907,04:51:49.907,okx,ACH/USDT:USDT,0.02303,1293.0,0.02302,2882.0,0.02304,140.0,0.02305,1418.0
1753591909901,04:51:49.901,mexc,ACH/USDT:USDT,0.023039,23509,0.023038,3316,0.02305,70,0.023056,159595
1753591909902,04:51:49.902,binance,ACH/USDT:USDT,0.023045,3667.0,0.023044,5914.0,0.023046,1064.0,0.023049,12285.0
1753591909975,04:51:49.975,bybit,ACH/USDT:USDT,0.023033,6620.0,0.02303,570.0,0.023035,240.0,0.02304,240.0
1753591910007,04:51:50.007,okx,ACH/USDT:USDT,0.02303,1293.0,0.02302,2882.0,0.02304,140.0,0.02305,1418.0
1753591910014,04:51:50.014,bitget,ACH/USDT:USDT,0.023069,6671.0,0.023067,4851.0,0.02307,184187.0,0.023071,2128.0
1753591910067,04:51:50.067,binance,ACH/USDT:USDT,0.023045,3667.0,0.023044,5914.0,0.023046,1064.0,0.023049,12285.0
1753591909901,04:51:49.901,mexc,ACH/USDT:USDT,0.023039,23509,0.023038,2602,0.02305,70,0.023056,159595
1753591910175,04:51:50.175,bybit,ACH/USDT:USDT,0.023033,6620.0,0.02303,570.0,0.023035,240.0,0.02304,240.0
1753591910164,04:51:50.164,bitget,ACH/USDT:USDT,0.023069,6671.0,0.023067,4851.0,0.02307,184187.0,0.023071,2128.0
1753591910225,04:51:50.225,binance,ACH/USDT:USDT,0.023045,3667.0,0.023044,5914.0,0.023046,1064.0,0.023049,12285.0
1753591910314,04:51:50.314,bitget,ACH/USDT:USDT,0.023069,6671.0,0.023067,4851.0,0.02307,184187.0,0.023071,2128.0
1753591910375,04:51:50.375,bybit,ACH/USDT:USDT,0.023033,6620.0,0.02303,570.0,0.023035,240.0,0.02304,240.0
1753591910370,04:51:50.370,binance,ACH/USDT:USDT,0.023045,3667.0,0.023044,5914.0,0.023046,1064.0,0.023049,12285.0
1753591910396,04:51:50.396,gateio,ACH/USDT:USDT,0.02305,177.0,0.02304,812.0,0.02307,180.0,0.02308,1600.0
1753591910465,04:51:50.465,bitget,ACH/USDT:USDT,0.023069,6671.0,0.023067,4851.0,0.02307,184187.0,0.023071,2128.0
1753591910473,04:51:50.473,binance,ACH/USDT:USDT,0.023045,3667.0,0.023044,5914.0,0.023046,1064.0,0.023049,12285.0
1753591910507,04:51:50.507,okx,ACH/USDT:USDT,0.02303,1293.0,0.02302,2882.0,0.02304,140.0,0.02305,1418.0
1753591910607,04:51:50.607,okx,ACH/USDT:USDT,0.02303,1293.0,0.02302,2882.0,0.02304,140.0,0.02305,1418.0
1753591910615,04:51:50.615,bitget,ACH/USDT:USDT,0.023069,6671.0,0.023067,4851.0,0.02307,184187.0,0.023071,2128.0
1753591910697,04:51:50.697,mexc,ACH/USDT:USDT,0.023039,23509,0.023038,2602,0.02305,70,0.023056,159595
1753591910765,04:51:50.765,bitget,ACH/USDT:USDT,0.023069,6671.0,0.023067,4851.0,0.02307,184187.0,0.023071,2128.0
1753591910802,04:51:50.802,binance,ACH/USDT:USDT,0.023045,3667.0,0.023044,5914.0,0.023046,1064.0,0.023049,12285.0
1753591910697,04:51:50.697,mexc,ACH/USDT:USDT,0.023039,23509,0.023038,2602,0.02305,70,0.023056,159595
1753591910915,04:51:50.915,bitget,ACH/USDT:USDT,0.023069,6671.0,0.023067,4851.0,0.02307,184187.0,0.023071,2128.0
1753591910946,04:51:50.946,binance,ACH/USDT:USDT,0.023045,3667.0,0.023044,5914.0,0.023046,1064.0,0.023049,12285.0
1753591911065,04:51:51.065,bitget,ACH/USDT:USDT,0.023069,6671.0,0.023067,4851.0,0.02307,184187.0,0.023071,2128.0
1753591911103,04:51:51.103,mexc,ACH/USDT:USDT,0.023039,23509,0.023038,2602,0.02305,70,0.023056,159595
1753591911166,04:51:51.166,binance,ACH/USDT:USDT,0.023045,3667.0,0.023044,5914.0,0.023046,1064.0,0.023049,12285.0
1753591911141,04:51:51.141,gateio,ACH/USDT:USDT,0.02305,177.0,0.02304,812.0,0.02307,180.0,0.02308,1600.0
1753591911215,04:51:51.215,bitget,ACH/USDT:USDT,0.023069,6671.0,0.023067,4851.0,0.02307,184187.0,0.023071,2128.0
1753591911103,04:51:51.103,mexc,ACH/USDT:USDT,0.023039,23509,0.023038,2602,0.02305,70,0.023056,159595
1753591911365,04:51:51.365,binance,ACH/USDT:USDT,0.023045,3667.0,0.023044,5914.0,0.023046,1064.0,0.023049,12285.0
1753591911365,04:51:51.365,bitget,ACH/USDT:USDT,0.023069,6671.0,0.023067,4851.0,0.02307,184187.0,0.023071,2128.0
1753591911502,04:51:51.502,binance,ACH/USDT:USDT,0.023045,3667.0,0.023044,5914.0,0.023046,1064.0,0.023049,12285.0
1753591911515,04:51:51.515,bitget,ACH/USDT:USDT,0.023069,6671.0,0.023067,4851.0,0.02307,184187.0,0.023071,2128.0
1753591911673,04:51:51.673,bybit,ACH/USDT:USDT,0.023033,6620.0,0.02303,570.0,0.023035,240.0,0.02304,240.0
1753591911665,04:51:51.665,bitget,ACH/USDT:USDT,0.023069,6671.0,0.023067,4851.0,0.02307,184187.0,0.023071,2128.0
1753591911707,04:51:51.707,okx,ACH/USDT:USDT,0.02303,1093.0,0.02302,2882.0,0.02304,140.0,0.02305,1418.0
1753591911697,04:51:51.697,gateio,ACH/USDT:USDT,0.02304,812.0,0.02303,2354.0,0.02307,180.0,0.02308,1542.0
1753591911775,04:51:51.775,bybit,ACH/USDT:USDT,0.023033,6620.0,0.02303,570.0,0.023035,240.0,0.02304,240.0
1753591911817,04:51:51.817,binance,ACH/USDT:USDT,0.023045,3667.0,0.023042,4305.0,0.023046,11307.0,0.023048,5577.0
1753591911815,04:51:51.815,bitget,ACH/USDT:USDT,0.023067,4851.0,0.023065,3389.0,0.023069,9402.0,0.02307,187576.0
1753591911757,04:51:51.757,gateio,ACH/USDT:USDT,0.02305,7.0,0.02304,989.0,0.02307,180.0,0.02308,1542.0
1753591911875,04:51:51.875,bybit,ACH/USDT:USDT,0.023034,1190.0,0.02303,570.0,0.023035,240.0,0.02304,240.0
1753591911898,04:51:51.898,mexc,ACH/USDT:USDT,0.023039,23509,0.023038,2602,0.02305,70,0.023056,159595
1753591911877,04:51:51.877,gateio,ACH/USDT:USDT,0.02305,184.0,0.02304,989.0,0.02307,180.0,0.02308,1542.0
1753591911920,04:51:51.920,binance,ACH/USDT:USDT,0.023045,2997.0,0.023042,716.0,0.023046,11307.0,0.023047,868.0
1753591911976,04:51:51.976,bybit,ACH/USDT:USDT,0.023034,1190.0,0.02303,570.0,0.023035,240.0,0.02304,240.0
1753591911955,04:51:51.955,phemex,ACH/USDT:USDT,0.02304,30484.0,0.02303,85145.0,0.02305,5608.0,0.02306,14082.0
1753591911965,04:51:51.965,bitget,ACH/USDT:USDT,0.023065,8239.0,0.023064,6120.0,0.023069,9402.0,0.02307,187576.0
1753591911994,04:51:51.994,phemex,ACH/USDT:USDT,0.02304,30484.0,0.02303,85145.0,0.02305,5608.0,0.02306,14082.0
1753591912007,04:51:52.007,okx,ACH/USDT:USDT,0.02303,1093.0,0.02302,2663.0,0.02304,274.0,0.02305,1285.0
1753591911917,04:51:51.917,gateio,ACH/USDT:USDT,0.02305,177.0,0.02304,989.0,0.02307,180.0,0.02308,1542.0
1753591912040,04:51:52.040,binance,ACH/USDT:USDT,0.023045,2997.0,0.023042,716.0,0.023046,11307.0,0.023047,868.0
1753591911899,04:51:51.899,mexc,ACH/USDT:USDT,0.023039,23509,0.023038,2602,0.02305,70,0.023056,159595
1753591912116,04:51:52.116,bitget,ACH/USDT:USDT,0.023065,8239.0,0.023064,3389.0,0.023069,9402.0,0.02307,187576.0
1753591912175,04:51:52.175,bybit,ACH/USDT:USDT,0.023034,1190.0,0.02303,570.0,0.023035,240.0,0.02304,240.0
1753591912207,04:51:52.207,okx,ACH/USDT:USDT,0.02303,1093.0,0.02302,2663.0,0.02304,140.0,0.02305,1285.0
1753591912117,04:51:52.117,gateio,ACH/USDT:USDT,0.02305,177.0,0.02304,989.0,0.02307,180.0,0.02308,1542.0
1753591912266,04:51:52.266,bitget,ACH/USDT:USDT,0.023065,8239.0,0.023064,3389.0,0.023069,2731.0,0.02307,184187.0
1753591912295,04:51:52.295,binance,ACH/USDT:USDT,0.023045,5245.0,0.023044,304.0,0.023046,1064.0,0.023048,716.0
1753591912302,04:51:52.302,mexc,ACH/USDT:USDT,0.023039,23509,0.023038,2602,0.02305,70,0.023056,159595
1753591912375,04:51:52.375,bybit,ACH/USDT:USDT,0.023034,1190.0,0.02303,570.0,0.023035,240.0,0.02304,240.0
1753591912398,04:51:52.398,binance,ACH/USDT:USDT,0.023045,5245.0,0.023044,304.0,0.023046,1064.0,0.023048,716.0
1753591912416,04:51:52.416,bitget,ACH/USDT:USDT,0.023065,10970.0,0.023064,3389.0,0.023069,2731.0,0.02307,184187.0
1753591912302,04:51:52.302,mexc,ACH/USDT:USDT,0.023039,23509,0.023038,2602,0.02305,70,0.023056,159595
1753591912502,04:51:52.502,gateio,ACH/USDT:USDT,0.02305,177.0,0.02304,989.0,0.02307,180.0,0.02308,1542.0
1753591912575,04:51:52.575,bybit,ACH/USDT:USDT,0.023034,1190.0,0.02303,570.0,0.023035,240.0,0.02304,240.0
1753591912559,04:51:52.559,binance,ACH/USDT:USDT,0.023045,5245.0,0.023044,304.0,0.023046,1064.0,0.023048,716.0
1753591912566,04:51:52.566,bitget,ACH/USDT:USDT,0.023065,10970.0,0.023064,3389.0,0.023069,2731.0,0.02307,184187.0
1753591912672,04:51:52.672,binance,ACH/USDT:USDT,0.023045,14626.0,0.023044,304.0,0.023046,1064.0,0.023048,716.0
1753591912708,04:51:52.708,gateio,ACH/USDT:USDT,0.02305,177.0,0.02304,989.0,0.02307,180.0,0.02308,1542.0
1753591912716,04:51:52.716,bitget,ACH/USDT:USDT,0.023065,10970.0,0.023064,3389.0,0.023069,2731.0,0.02307,184187.0
1753591912774,04:51:52.774,binance,ACH/USDT:USDT,0.023045,14626.0,0.023044,304.0,0.023046,1064.0,0.023048,716.0
1753591912866,04:51:52.866,bitget,ACH/USDT:USDT,0.023065,8239.0,0.023064,3389.0,0.023069,2731.0,0.02307,184187.0
1753591912883,04:51:52.883,binance,ACH/USDT:USDT,0.023045,14626.0,0.023044,304.0,0.023046,1064.0,0.023048,716.0
1753591912975,04:51:52.975,bybit,ACH/USDT:USDT,0.023034,1190.0,0.02303,570.0,0.023035,240.0,0.02304,240.0
1753591913002,04:51:53.002,binance,ACH/USDT:USDT,0.023045,14626.0,0.023044,304.0,0.023046,1064.0,0.023048,716.0
1753591912933,04:51:52.933,gateio,ACH/USDT:USDT,0.02305,177.0,0.02304,989.0,0.02307,180.0,0.02308,1542.0
1753591913016,04:51:53.016,bitget,ACH/USDT:USDT,0.023065,8239.0,0.023064,3389.0,0.023069,2731.0,0.02307,184187.0
1753591913100,04:51:53.100,mexc,ACH/USDT:USDT,0.023039,23509,0.023038,2602,0.02305,70,0.023056,159595
1753591913166,04:51:53.166,bitget,ACH/USDT:USDT,0.023065,10970.0,0.023064,3389.0,0.023069,2731.0,0.02307,184187.0
1753591913168,04:51:53.168,binance,ACH/USDT:USDT,0.023045,14626.0,0.023044,304.0,0.023046,1064.0,0.023048,716.0
1753591913157,04:51:53.157,gateio,ACH/USDT:USDT,0.02305,177.0,0.02304,989.0,0.02307,180.0,0.02308,1542.0
1753591913274,04:51:53.274,bybit,ACH/USDT:USDT,0.023034,1190.0,0.02303,570.0,0.023035,240.0,0.02304,240.0
1753591913100,04:51:53.100,mexc,ACH/USDT:USDT,0.023039,23509,0.023038,2602,0.02305,70,0.023056,159595
1753591913316,04:51:53.316,bitget,ACH/USDT:USDT,0.023065,10970.0,0.023064,3389.0,0.023069,2731.0,0.02307,184187.0
1753591913402,04:51:53.402,binance,ACH/USDT:USDT,0.023045,14626.0,0.023044,304.0,0.023046,1064.0,0.023048,716.0
1753591913466,04:51:53.466,bitget,ACH/USDT:USDT,0.023065,8239.0,0.023064,3389.0,0.023069,2731.0,0.02307,184187.0
1753591913575,04:51:53.575,bybit,ACH/USDT:USDT,0.023034,1190.0,0.02303,570.0,0.023035,240.0,0.02304,240.0
1753591913393,04:51:53.393,mexc,ACH/USDT:USDT,0.023045,43936,0.023044,1418,0.023046,2940,0.023047,1924
1753591913616,04:51:53.616,bitget,ACH/USDT:USDT,0.023065,8239.0,0.023064,3389.0,0.023069,2731.0,0.02307,184187.0
1753591913621,04:51:53.621,binance,ACH/USDT:USDT,0.023045,14626.0,0.023044,304.0,0.023046,1064.0,0.023048,716.0
1753591913709,04:51:53.709,gateio,ACH/USDT:USDT,0.02305,177.0,0.02304,989.0,0.02307,180.0,0.02308,1542.0
1753591913723,04:51:53.723,binance,ACH/USDT:USDT,0.023045,14626.0,0.023044,304.0,0.023046,1064.0,0.023048,716.0
1753591913767,04:51:53.767,bitget,ACH/USDT:USDT,0.023065,8239.0,0.023064,3389.0,0.023069,2731.0,0.02307,184187.0
1753591913917,04:51:53.917,bitget,ACH/USDT:USDT,0.023065,8239.0,0.023064,3389.0,0.023069,2731.0,0.02307,184187.0
1753591914007,04:51:54.007,okx,ACH/USDT:USDT,0.02303,1127.0,0.02302,2709.0,0.02304,140.0,0.02305,1430.0
1753591913983,04:51:53.983,gateio,ACH/USDT:USDT,0.02305,177.0,0.02304,989.0,0.02307,180.0,0.02308,1542.0
1753591914067,04:51:54.067,bitget,ACH/USDT:USDT,0.023065,8239.0,0.023064,3389.0,0.023069,2731.0,0.02307,184187.0
1753591914102,04:51:54.102,binance,ACH/USDT:USDT,0.023045,14626.0,0.023044,304.0,0.023046,1064.0,0.023048,716.0
1753591914217,04:51:54.217,bitget,ACH/USDT:USDT,0.023065,8239.0,0.023064,3389.0,0.023069,2731.0,0.02307,184187.0
1753591914300,04:51:54.300,mexc,ACH/USDT:USDT,0.023045,43936,0.023044,1642,0.023046,2940,0.023047,1924
1753591914367,04:51:54.367,bitget,ACH/USDT:USDT,0.023065,8239.0,0.023064,3389.0,0.023069,2731.0,0.02307,184187.0
1753591914475,04:51:54.475,bybit,ACH/USDT:USDT,0.023034,1190.0,0.02303,570.0,0.023035,240.0,0.02304,240.0
1753591914461,04:51:54.461,binance,ACH/USDT:USDT,0.023045,14626.0,0.023044,304.0,0.023046,1064.0,0.023048,716.0
1753591914300,04:51:54.300,mexc,ACH/USDT:USDT,0.023045,43936,0.023044,1980,0.023046,2940,0.023047,1924
1753591914517,04:51:54.517,bitget,ACH/USDT:USDT,0.023065,8239.0,0.023064,3389.0,0.023069,2731.0,0.02307,184187.0
1753591914563,04:51:54.563,binance,ACH/USDT:USDT,0.023045,14626.0,0.023044,304.0,0.023046,1064.0,0.023048,716.0
1753591914527,04:51:54.527,gateio,ACH/USDT:USDT,0.02305,177.0,0.02304,989.0,0.02307,180.0,0.02308,1542.0
1753591914667,04:51:54.667,bitget,ACH/USDT:USDT,0.023065,8239.0,0.023064,3389.0,0.023069,2731.0,0.02307,184187.0
1753591914702,04:51:54.702,mexc,ACH/USDT:USDT,0.023045,43936,0.023044,1756,0.023046,2940,0.023047,1924
1753591914620,04:51:54.620,gateio,ACH/USDT:USDT,0.02305,177.0,0.02304,989.0,0.02307,180.0,0.02308,1542.0
1753591914782,04:51:54.782,binance,ACH/USDT:USDT,0.023045,14626.0,0.023044,304.0,0.023046,1064.0,0.023048,716.0
1753591914817,04:51:54.817,bitget,ACH/USDT:USDT,0.023065,8239.0,0.023064,3389.0,0.023069,2731.0,0.02307,184187.0
1753591856600,04:50:56.600,blofin,ACH/USDT:USDT,0.02301,4173.0,0.02299,5.0,0.02303,5649.0,0.02306,97628.0
1753591914885,04:51:54.885,binance,ACH/USDT:USDT,0.023045,14626.0,0.023044,304.0,0.023046,1064.0,0.023048,716.0
1753591914702,04:51:54.702,mexc,ACH/USDT:USDT,0.023045,43936,0.023044,1418,0.023046,2940,0.023047,1924
1753591914967,04:51:54.967,bitget,ACH/USDT:USDT,0.023065,8239.0,0.023064,3389.0,0.023069,2731.0,0.02307,184187.0
1753591915002,04:51:55.002,binance,ACH/USDT:USDT,0.023045,14626.0,0.023044,304.0,0.023046,1064.0,0.023048,716.0
1753591915057,04:51:55.057,phemex,ACH/USDT:USDT,0.02304,30484.0,0.02303,85145.0,0.02305,25501.0,0.02306,14082.0
1753591915109,04:51:55.109,gateio,ACH/USDT:USDT,0.02305,177.0,0.02304,989.0,0.02307,180.0,0.02308,1542.0
1753591915117,04:51:55.117,bitget,ACH/USDT:USDT,0.023065,8239.0,0.023064,3389.0,0.023069,2731.0,0.02307,184187.0
1753591915120,04:51:55.120,binance,ACH/USDT:USDT,0.023045,12378.0,0.023044,304.0,0.023046,96611.0,0.023048,716.0
1753591915176,04:51:55.176,bybit,ACH/USDT:USDT,0.023034,1190.0,0.02303,570.0,0.023035,240.0,0.02304,240.0
1753591915145,04:51:55.145,gateio,ACH/USDT:USDT,0.02305,177.0,0.02304,989.0,0.02307,180.0,0.02308,1542.0
1753591915233,04:51:55.233,mexc,ACH/USDT:USDT,0.023045,43936,0.023044,1418,0.023046,2940,0.023047,1924
1753591915224,04:51:55.224,binance,ACH/USDT:USDT,0.023045,12378.0,0.023044,304.0,0.023046,97479.0,0.023047,868.0
1753591915268,04:51:55.268,bitget,ACH/USDT:USDT,0.023065,8239.0,0.023064,3389.0,0.023069,10520.0,0.02307,184187.0
1753591915402,04:51:55.402,binance,ACH/USDT:USDT,0.023045,12378.0,0.023044,304.0,0.023046,97479.0,0.023047,868.0
1753591915418,04:51:55.418,bitget,ACH/USDT:USDT,0.023065,8239.0,0.023064,3389.0,0.023069,10520.0,0.02307,184187.0
1753591915242,04:51:55.242,mexc,ACH/USDT:USDT,0.023045,43936,0.023044,1418,0.023046,2940,0.023047,1924
1753591915058,04:51:55.058,phemex,ACH/USDT:USDT,0.02304,30484.0,0.02303,85145.0,0.02305,33058.0,0.02306,20988.0
1753591915568,04:51:55.568,bitget,ACH/USDT:USDT,0.023065,8239.0,0.023064,3389.0,0.023069,10520.0,0.02307,184187.0
1753591915524,04:51:55.524,gateio,ACH/USDT:USDT,0.02305,177.0,0.02304,989.0,0.02307,180.0,0.02308,1542.0
1753591915611,04:51:55.611,binance,ACH/USDT:USDT,0.023045,12378.0,0.023044,304.0,0.023046,97479.0,0.023047,868.0
1753591915499,04:51:55.499,mexc,ACH/USDT:USDT,0.023045,43936,0.023044,1681,0.023046,2940,0.023047,1924
1753591915871,04:51:55.871,binance,ACH/USDT:USDT,0.023045,12378.0,0.023044,304.0,0.023046,97479.0,0.023047,868.0
1753591915868,04:51:55.868,bitget,ACH/USDT:USDT,0.023065,8239.0,0.023064,3389.0,0.023069,10520.0,0.02307,184187.0
1753591915901,04:51:55.901,mexc,ACH/USDT:USDT,0.023045,43936,0.023044,1681,0.023046,2940,0.023047,1924
1753591915900,04:51:55.900,gateio,ACH/USDT:USDT,0.02305,177.0,0.02304,989.0,0.02307,180.0,0.02308,1542.0
1753591916002,04:51:56.002,binance,ACH/USDT:USDT,0.023045,12378.0,0.023044,304.0,0.023046,97479.0,0.023047,868.0
1753591916018,04:51:56.018,bitget,ACH/USDT:USDT,0.023065,8239.0,0.023064,3389.0,0.023069,10520.0,0.02307,184187.0
1753591915902,04:51:55.902,mexc,ACH/USDT:USDT,0.023045,43936,0.023044,1418,0.023046,2940,0.023047,1924
1753591916134,04:51:56.134,binance,ACH/USDT:USDT,0.023045,12378.0,0.023044,304.0,0.023046,97479.0,0.023047,868.0
1753591916168,04:51:56.168,bitget,ACH/USDT:USDT,0.023065,8239.0,0.023064,3389.0,0.023069,10520.0,0.02307,184187.0
1753591916318,04:51:56.318,bitget,ACH/USDT:USDT,0.023065,8239.0,0.023064,3389.0,0.023069,10520.0,0.02307,184187.0
1753591916346,04:51:56.346,binance,ACH/USDT:USDT,0.023045,12378.0,0.023044,304.0,0.023046,97479.0,0.023047,868.0
1753591916473,04:51:56.473,bybit,ACH/USDT:USDT,0.023034,1190.0,0.02303,570.0,0.023035,240.0,0.02304,240.0
1753591916450,04:51:56.450,binance,ACH/USDT:USDT,0.023045,12378.0,0.023044,304.0,0.023046,96611.0,0.023047,868.0
1753591916468,04:51:56.468,bitget,ACH/USDT:USDT,0.023065,8239.0,0.023064,3389.0,0.023069,10520.0,0.02307,184187.0
1753591916575,04:51:56.575,bybit,ACH/USDT:USDT,0.023034,1190.0,0.02303,570.0,0.023035,240.0,0.02304,240.0
1753591916552,04:51:56.552,binance,ACH/USDT:USDT,0.023045,12378.0,0.023044,304.0,0.023046,96611.0,0.023047,868.0
1753591916618,04:51:56.618,bitget,ACH/USDT:USDT,0.023065,8239.0,0.023064,3389.0,0.023069,10520.0,0.02307,184187.0
1753591916653,04:51:56.653,binance,ACH/USDT:USDT,0.023045,12378.0,0.023044,304.0,0.023046,133312.0,0.023047,868.0
1753591916699,04:51:56.699,mexc,ACH/USDT:USDT,0.023045,43936,0.023044,1908,0.023046,2940,0.023047,1924
1753591916756,04:51:56.756,binance,ACH/USDT:USDT,0.023045,12378.0,0.023044,304.0,0.023046,133312.0,0.023047,868.0
1753591916768,04:51:56.768,bitget,ACH/USDT:USDT,0.023065,8239.0,0.023064,3389.0,0.023069,10520.0,0.02307,184187.0
1753591916718,04:51:56.718,gateio,ACH/USDT:USDT,0.02305,177.0,0.02304,989.0,0.02307,180.0,0.02308,1542.0
1753591916907,04:51:56.907,okx,ACH/USDT:USDT,0.02303,1022.0,0.02302,2625.0,0.02304,371.0,0.02305,1285.0
1753591916699,04:51:56.699,mexc,ACH/USDT:USDT,0.023045,43936,0.023044,1908,0.023046,2940,0.023047,2875
1753591916913,04:51:56.913,binance,ACH/USDT:USDT,0.023045,12378.0,0.023044,304.0,0.023046,133312.0,0.023047,868.0
1753591916919,04:51:56.919,bitget,ACH/USDT:USDT,0.023065,8239.0,0.023064,3389.0,0.023069,10520.0,0.02307,184187.0
1753591917069,04:51:57.069,bitget,ACH/USDT:USDT,0.023065,8239.0,0.023064,3389.0,0.023069,10520.0,0.02307,184187.0
1753591917102,04:51:57.102,binance,ACH/USDT:USDT,0.023045,12378.0,0.023044,304.0,0.023046,133312.0,0.023047,868.0
1753591917103,04:51:57.103,mexc,ACH/USDT:USDT,0.023045,43936,0.023044,1908,0.023046,2940,0.023047,1924
1753591917174,04:51:57.174,bybit,ACH/USDT:USDT,0.023034,1190.0,0.02303,570.0,0.023035,240.0,0.02304,240.0
1753591917219,04:51:57.219,bitget,ACH/USDT:USDT,0.023065,8239.0,0.023064,3389.0,0.023069,10520.0,0.02307,184187.0
1753591917275,04:51:57.275,bybit,ACH/USDT:USDT,0.023034,1190.0,0.02303,570.0,0.023035,240.0,0.02304,240.0
1753591917105,04:51:57.105,mexc,ACH/USDT:USDT,0.023045,43936,0.023044,1418,0.023046,2940,0.023047,1924
1753591917369,04:51:57.369,bitget,ACH/USDT:USDT,0.023065,8239.0,0.023064,3389.0,0.023069,10520.0,0.02307,184187.0
1753591917519,04:51:57.519,bitget,ACH/USDT:USDT,0.023065,8239.0,0.023064,3389.0,0.023069,10520.0,0.02307,184187.0
1753591917669,04:51:57.669,bitget,ACH/USDT:USDT,0.023065,8239.0,0.023064,3389.0,0.023069,10520.0,0.02307,184187.0
1753591917819,04:51:57.819,bitget,ACH/USDT:USDT,0.023065,8239.0,0.023064,3389.0,0.023069,10520.0,0.02307,184187.0
1753591917888,04:51:57.888,binance,ACH/USDT:USDT,0.023045,12378.0,0.023044,304.0,0.023046,133312.0,0.023047,868.0
1753591917900,04:51:57.900,mexc,ACH/USDT:USDT,0.023045,43936,0.023044,1418,0.023046,2940,0.023047,1924
1753591917969,04:51:57.969,bitget,ACH/USDT:USDT,0.023065,8239.0,0.023064,3389.0,0.023069,10520.0,0.02307,184187.0
1753591918076,04:51:58.076,bybit,ACH/USDT:USDT,0.023034,1190.0,0.02303,570.0,0.023035,240.0,0.02304,240.0
1753591918048,04:51:58.048,binance,ACH/USDT:USDT,0.023045,12378.0,0.023044,304.0,0.023046,133312.0,0.023048,5577.0
1753591918107,04:51:58.107,okx,ACH/USDT:USDT,0.02303,1051.0,0.02302,2625.0,0.02304,371.0,0.02305,1285.0
1753591917901,04:51:57.901,mexc,ACH/USDT:USDT,0.023045,43936,0.023044,1418,0.023046,2940,0.023047,1924
1753591918119,04:51:58.119,bitget,ACH/USDT:USDT,0.023065,8239.0,0.023064,3389.0,0.023069,10520.0,0.02307,184187.0
1753591918175,04:51:58.175,bybit,ACH/USDT:USDT,0.023034,1190.0,0.02303,570.0,0.023035,240.0,0.02304,240.0
1753591918201,04:51:58.201,binance,ACH/USDT:USDT,0.023045,12378.0,0.023044,304.0,0.023046,133312.0,0.023048,5577.0
1753591918274,04:51:58.274,bybit,ACH/USDT:USDT,0.023034,1190.0,0.02303,570.0,0.023035,240.0,0.02304,240.0
1753591918269,04:51:58.269,bitget,ACH/USDT:USDT,0.023065,8239.0,0.023064,3389.0,0.023069,10520.0,0.02307,184187.0
1753591918305,04:51:58.305,mexc,ACH/USDT:USDT,0.023045,43936,0.023044,1418,0.023046,2940,0.023047,1924
1753591918402,04:51:58.402,binance,ACH/USDT:USDT,0.023045,12378.0,0.023044,304.0,0.023046,133312.0,0.023048,5577.0
1753591918373,04:51:58.373,gateio,ACH/USDT:USDT,0.02305,177.0,0.02304,989.0,0.02307,180.0,0.02308,1542.0
1753591918420,04:51:58.420,bitget,ACH/USDT:USDT,0.023065,8239.0,0.023064,3389.0,0.023069,10520.0,0.02307,184187.0
1753591918305,04:51:58.305,mexc,ACH/USDT:USDT,0.023045,43936,0.023044,1418,0.023046,2940,0.023047,1924
1753591918527,04:51:58.527,binance,ACH/USDT:USDT,0.023045,12378.0,0.023044,304.0,0.023046,133312.0,0.023048,5577.0
1753591918569,04:51:58.569,bitget,ACH/USDT:USDT,0.023065,8239.0,0.023064,3389.0,0.023069,10520.0,0.02307,184187.0
1753591918675,04:51:58.675,bybit,ACH/USDT:USDT,0.023034,1190.0,0.02303,570.0,0.023035,240.0,0.02304,240.0
1753591918720,04:51:58.720,bitget,ACH/USDT:USDT,0.023065,8239.0,0.023064,3389.0,0.023069,10520.0,0.02307,184187.0
1753591918802,04:51:58.802,binance,ACH/USDT:USDT,0.023045,12378.0,0.023044,304.0,0.023046,133312.0,0.023048,5577.0
1753591918737,04:51:58.737,gateio,ACH/USDT:USDT,0.02305,177.0,0.02304,989.0,0.02307,180.0,0.02308,1542.0
1753591918870,04:51:58.870,bitget,ACH/USDT:USDT,0.023065,8239.0,0.023064,3389.0,0.023069,10520.0,0.02307,184187.0
1753591918906,04:51:58.906,binance,ACH/USDT:USDT,0.023045,12378.0,0.023044,304.0,0.023046,133312.0,0.023048,5577.0
1753591918979,04:51:58.979,gateio,ACH/USDT:USDT,0.02304,989.0,0.02303,2354.0,0.02307,180.0,0.02308,1542.0
1753591919020,04:51:59.020,bitget,ACH/USDT:USDT,0.023065,8239.0,0.023064,3389.0,0.023069,10520.0,0.02307,184187.0
1753591919074,04:51:59.074,bybit,ACH/USDT:USDT,0.023034,1190.0,0.02303,570.0,0.023035,240.0,0.02304,240.0
1753591919099,04:51:59.099,mexc,ACH/USDT:USDT,0.023045,43936,0.023044,1418,0.023046,2940,0.023047,2442
1753591919033,04:51:59.033,gateio,ACH/USDT:USDT,0.02305,7.0,0.02304,989.0,0.02306,177.0,0.02307,180.0
1753591919127,04:51:59.127,binance,ACH/USDT:USDT,0.023045,12378.0,0.023044,304.0,0.023046,133312.0,0.023048,716.0
1753591919170,04:51:59.170,bitget,ACH/USDT:USDT,0.023065,8239.0,0.023064,3389.0,0.023069,10520.0,0.02307,184187.0
1753591919258,04:51:59.258,binance,ACH/USDT:USDT,0.023045,12378.0,0.023044,304.0,0.023046,133312.0,0.023048,716.0
1753591919099,04:51:59.099,mexc,ACH/USDT:USDT,0.023045,43936,0.023044,1418,0.023046,2940,0.023047,2442
1753591919320,04:51:59.320,bitget,ACH/USDT:USDT,0.023065,8239.0,0.023064,3389.0,0.023069,10520.0,0.02307,184187.0
1753591919361,04:51:59.361,binance,ACH/USDT:USDT,0.023045,12378.0,0.023044,304.0,0.023046,133312.0,0.023048,716.0
1753591919469,04:51:59.469,binance,ACH/USDT:USDT,0.023045,10800.0,0.023044,304.0,0.023046,133312.0,0.023048,716.0
1753591919470,04:51:59.470,bitget,ACH/USDT:USDT,0.023065,8239.0,0.023064,3389.0,0.023069,10520.0,0.02307,184187.0
1753591919507,04:51:59.507,okx,ACH/USDT:USDT,0.02303,1127.0,0.02302,2625.0,0.02304,371.0,0.02305,1285.0
1753591919571,04:51:59.571,binance,ACH/USDT:USDT,0.023045,10800.0,0.023044,304.0,0.023046,133312.0,0.023048,716.0
1753591919394,04:51:59.394,mexc,ACH/USDT:USDT,0.023045,33867,0.023044,1246,0.023046,450825,0.023047,1767
1753591919533,04:51:59.533,gateio,ACH/USDT:USDT,0.02305,7.0,0.02304,989.0,0.02306,177.0,0.02307,180.0
1753591919620,04:51:59.620,bitget,ACH/USDT:USDT,0.023065,8239.0,0.023064,3389.0,0.023069,10520.0,0.02307,184187.0
1753591919676,04:51:59.676,binance,ACH/USDT:USDT,0.023045,12378.0,0.023044,304.0,0.023046,133312.0,0.023048,716.0
1753591919770,04:51:59.770,bitget,ACH/USDT:USDT,0.023065,8239.0,0.023064,3389.0,0.023069,10520.0,0.02307,184187.0
1753591919801,04:51:59.801,binance,ACH/USDT:USDT,0.023045,12378.0,0.023044,304.0,0.023046,133312.0,0.023048,716.0
1753591919902,04:51:59.902,binance,ACH/USDT:USDT,0.023045,12378.0,0.023044,304.0,0.023046,133312.0,0.023048,716.0
1753591919817,04:51:59.817,gateio,ACH/USDT:USDT,0.02304,873.0,0.02303,2354.0,0.02306,177.0,0.02307,180.0
1753591919920,04:51:59.920,bitget,ACH/USDT:USDT,0.023065,8239.0,0.023064,3389.0,0.023069,10520.0,0.02307,184187.0
1753591857603,04:50:57.603,blofin,ACH/USDT:USDT,0.02301,7029.0,0.02299,5.0,0.02304,2548.0,0.02307,62825.0
1753591919919,04:51:59.919,gateio,ACH/USDT:USDT,0.02304,873.0,0.02303,2354.0,0.02307,180.0,0.02308,1542.0
1753591920074,04:52:00.074,bybit,ACH/USDT:USDT,0.023034,1190.0,0.02303,570.0,0.023035,240.0,0.02304,240.0
1753591920071,04:52:00.071,bitget,ACH/USDT:USDT,0.023065,8239.0,0.023064,3389.0,0.023069,10520.0,0.02307,184187.0
1753591920107,04:52:00.107,okx,ACH/USDT:USDT,0.02303,1127.0,0.02302,2625.0,0.02304,371.0,0.02305,1285.0
1753591920103,04:52:00.103,binance,ACH/USDT:USDT,0.023045,12378.0,0.023044,304.0,0.023046,133312.0,0.023048,716.0
1753591920071,04:52:00.071,gateio,ACH/USDT:USDT,0.02305,1.0,0.02304,873.0,0.02306,7.0,0.02307,180.0
1753591920174,04:52:00.174,bybit,ACH/USDT:USDT,0.023034,1190.0,0.02303,570.0,0.023035,240.0,0.02304,240.0
1753591920221,04:52:00.221,bitget,ACH/USDT:USDT,0.023065,8239.0,0.023064,3389.0,0.023069,10520.0,0.02307,184187.0
1753591920298,04:52:00.298,mexc,ACH/USDT:USDT,0.023045,33867,0.023044,1246,0.023046,450825,0.023047,1767
1753591920229,04:52:00.229,gateio,ACH/USDT:USDT,0.02305,1.0,0.02304,873.0,0.02306,7.0,0.02307,180.0
1753591920371,04:52:00.371,bitget,ACH/USDT:USDT,0.023065,8239.0,0.023064,3389.0,0.023069,10520.0,0.02307,184187.0
1753591920380,04:52:00.380,gateio,ACH/USDT:USDT,0.02305,1.0,0.02304,873.0,0.02306,7.0,0.02307,180.0
1753591920447,04:52:00.447,binance,ACH/USDT:USDT,0.023045,12378.0,0.023044,304.0,0.023046,133312.0,0.023048,716.0
1753591920299,04:52:00.299,mexc,ACH/USDT:USDT,0.023045,33867,0.023044,1246,0.023046,450825,0.023047,2636
1753591920521,04:52:00.521,bitget,ACH/USDT:USDT,0.023065,8239.0,0.023064,3389.0,0.023069,10520.0,0.02307,184187.0
1753591920550,04:52:00.550,binance,ACH/USDT:USDT,0.023045,12378.0,0.023044,304.0,0.023046,133312.0,0.023048,716.0
1753591920547,04:52:00.547,gateio,ACH/USDT:USDT,0.02305,1.0,0.02304,873.0,0.02306,7.0,0.02307,180.0
1753591920676,04:52:00.676,bybit,ACH/USDT:USDT,0.023034,1190.0,0.02303,570.0,0.023035,240.0,0.02304,240.0
1753591920653,04:52:00.653,binance,ACH/USDT:USDT,0.023045,12378.0,0.023044,304.0,0.023046,133312.0,0.023048,716.0
1753591920671,04:52:00.671,bitget,ACH/USDT:USDT,0.023065,8239.0,0.023064,3389.0,0.023069,10520.0,0.02307,184187.0
1753591920703,04:52:00.703,mexc,ACH/USDT:USDT,0.023045,33867,0.023044,1246,0.023046,450825,0.023047,2636
1753591920700,04:52:00.700,gateio,ACH/USDT:USDT,0.02305,1.0,0.02304,873.0,0.02306,7.0,0.02307,180.0
1753591920806,04:52:00.806,binance,ACH/USDT:USDT,0.023045,12378.0,0.023044,304.0,0.023046,133312.0,0.023048,716.0
1753591920821,04:52:00.821,bitget,ACH/USDT:USDT,0.023065,8239.0,0.023064,3389.0,0.023069,10520.0,0.02307,184187.0
1753591920705,04:52:00.705,mexc,ACH/USDT:USDT,0.023045,33867,0.023044,1246,0.023046,450825,0.023047,1767
1753591920853,04:52:00.853,gateio,ACH/USDT:USDT,0.02305,1.0,0.02304,873.0,0.02306,7.0,0.02307,180.0
1753591920971,04:52:00.971,bitget,ACH/USDT:USDT,0.023065,8239.0,0.023064,3389.0,0.023069,10520.0,0.02307,184187.0
1753591921002,04:52:01.002,binance,ACH/USDT:USDT,0.023045,12378.0,0.023044,304.0,0.023046,133312.0,0.023048,716.0
1753591921075,04:52:01.075,bybit,ACH/USDT:USDT,0.023034,1190.0,0.02303,570.0,0.023035,240.0,0.02304,240.0
1753591921107,04:52:01.107,binance,ACH/USDT:USDT,0.023045,12378.0,0.023044,304.0,0.023046,133312.0,0.023048,716.0
1753591921014,04:52:01.014,gateio,ACH/USDT:USDT,0.02305,1.0,0.02304,873.0,0.02306,7.0,0.02307,180.0
1753591921121,04:52:01.121,bitget,ACH/USDT:USDT,0.023065,8239.0,0.023064,3389.0,0.023069,10520.0,0.02307,184187.0
1753591921210,04:52:01.210,binance,ACH/USDT:USDT,0.023045,12378.0,0.023044,304.0,0.023046,133312.0,0.023048,716.0
1753591921167,04:52:01.167,gateio,ACH/USDT:USDT,0.02305,1.0,0.02304,873.0,0.02306,7.0,0.02307,180.0
1753591921233,04:52:01.233,mexc,ACH/USDT:USDT,0.023045,33867,0.023044,1246,0.023046,450825,0.023047,1767
1753591921271,04:52:01.271,bitget,ACH/USDT:USDT,0.023065,8239.0,0.023064,3389.0,0.023069,10520.0,0.02307,184187.0
1753591921375,04:52:01.375,bybit,ACH/USDT:USDT,0.023034,1420.0,0.02303,570.0,0.023035,240.0,0.02304,240.0
1753591921402,04:52:01.402,binance,ACH/USDT:USDT,0.023045,12378.0,0.023044,304.0,0.023046,133312.0,0.023048,716.0
1753591921318,04:52:01.318,gateio,ACH/USDT:USDT,0.02305,1.0,0.02304,873.0,0.02306,7.0,0.02307,180.0
1753591921421,04:52:01.421,bitget,ACH/USDT:USDT,0.023065,8239.0,0.023064,3389.0,0.023069,10520.0,0.02307,184187.0
1753591921476,04:52:01.476,bybit,ACH/USDT:USDT,0.023034,1420.0,0.023032,570.0,0.023035,240.0,0.02304,240.0
1753591921475,04:52:01.475,gateio,ACH/USDT:USDT,0.02305,176.0,0.02304,873.0,0.02306,7.0,0.02307,180.0
1753591921243,04:52:01.243,mexc,ACH/USDT:USDT,0.023045,33867,0.023044,1246,0.023046,450825,0.023047,1767
1753591921536,04:52:01.536,binance,ACH/USDT:USDT,0.023045,12378.0,0.023044,304.0,0.023046,133312.0,0.023049,11331.0
1753591921575,04:52:01.575,bybit,ACH/USDT:USDT,0.023034,1420.0,0.023032,1440.0,0.023035,240.0,0.02304,240.0
1753591921571,04:52:01.571,bitget,ACH/USDT:USDT,0.023065,8239.0,0.023064,3389.0,0.023069,10520.0,0.02307,184187.0
1753591921644,04:52:01.644,binance,ACH/USDT:USDT,0.023045,12378.0,0.023044,304.0,0.023046,133312.0,0.023049,10463.0
1753591921679,04:52:01.679,bybit,ACH/USDT:USDT,0.023034,1420.0,0.023032,1440.0,0.023035,240.0,0.02304,240.0
1753591921499,04:52:01.499,mexc,ACH/USDT:USDT,0.023045,33867,0.023044,1246,0.023046,450825,0.023047,2124
1753591921636,04:52:01.636,gateio,ACH/USDT:USDT,0.02305,176.0,0.02304,873.0,0.02306,7.0,0.02307,180.0
1753591921722,04:52:01.722,bitget,ACH/USDT:USDT,0.023065,8239.0,0.023064,3389.0,0.023069,10520.0,0.02307,184187.0
1753591921773,04:52:01.773,bybit,ACH/USDT:USDT,0.023034,1420.0,0.023032,1440.0,0.023035,240.0,0.02304,240.0
1753591921766,04:52:01.766,binance,ACH/USDT:USDT,0.023045,12378.0,0.023044,304.0,0.023046,133312.0,0.023049,10463.0
1753591921872,04:52:01.872,bitget,ACH/USDT:USDT,0.023065,8239.0,0.023064,3389.0,0.023069,10520.0,0.02307,184187.0
1753591921876,04:52:01.876,binance,ACH/USDT:USDT,0.023045,12378.0,0.023044,304.0,0.023046,133312.0,0.023049,220.0
1753591921902,04:52:01.902,mexc,ACH/USDT:USDT,0.023045,33867,0.023044,1246,0.023046,450825,0.023047,2124
1753591921907,04:52:01.907,okx,ACH/USDT:USDT,0.02303,1127.0,0.02302,3235.0,0.02304,3.0,0.02305,1215.0
1753591921976,04:52:01.976,bybit,ACH/USDT:USDT,0.023034,1420.0,0.023032,1440.0,0.023035,240.0,0.02304,240.0
1753591922007,04:52:02.007,okx,ACH/USDT:USDT,0.02303,1170.0,0.02302,3320.0,0.02304,3.0,0.02305,1393.0
1753591922001,04:52:02.001,binance,ACH/USDT:USDT,0.023045,12378.0,0.023044,304.0,0.023046,10314.0,0.023049,220.0
1753591922004,04:52:02.004,gateio,ACH/USDT:USDT,0.02305,176.0,0.02304,873.0,0.02306,7.0,0.02307,180.0
1753591922022,04:52:02.022,bitget,ACH/USDT:USDT,0.023068,6671.0,0.023065,8239.0,0.023069,10520.0,0.02307,184187.0
1753591922076,04:52:02.076,bybit,ACH/USDT:USDT,0.023034,2140.0,0.023032,570.0,0.023035,240.0,0.02304,240.0
1753591922110,04:52:02.110,binance,ACH/USDT:USDT,0.023048,2248.0,0.023046,1999.0,0.02305,3763.0,0.023051,524.0
1753591922105,04:52:02.105,gateio,ACH/USDT:USDT,0.02305,176.0,0.02304,873.0,0.02306,27.0,0.02307,238.0
1753591922175,04:52:02.175,bybit,ACH/USDT:USDT,0.023034,2140.0,0.023032,570.0,0.023035,240.0,0.02304,240.0
1753591921903,04:52:01.903,mexc,ACH/USDT:USDT,0.023045,33867,0.023044,1246,0.023046,450825,0.023047,1767
1753591922172,04:52:02.172,bitget,ACH/USDT:USDT,0.023068,6671.0,0.023066,4852.0,0.023069,10520.0,0.02307,184187.0
1753591922206,04:52:02.206,gateio,ACH/USDT:USDT,0.02305,1.0,0.02304,873.0,0.02306,7.0,0.02307,180.0
1753591922211,04:52:02.211,binance,ACH/USDT:USDT,0.023045,12378.0,0.023044,2858.0,0.023049,14082.0,0.02305,17356.0
1753591922275,04:52:02.275,bybit,ACH/USDT:USDT,0.023034,2140.0,0.023032,570.0,0.023035,240.0,0.02304,240.0
1753591922212,04:52:02.212,gateio,ACH/USDT:USDT,0.02305,1.0,0.02304,873.0,0.02306,7.0,0.02307,180.0
1753591922312,04:52:02.312,binance,ACH/USDT:USDT,0.023045,12378.0,0.023044,1020.0,0.023049,18943.0,0.02305,23026.0
1753591922322,04:52:02.322,bitget,ACH/USDT:USDT,0.023068,6671.0,0.023066,4852.0,0.023069,2731.0,0.02307,184187.0
1753591922376,04:52:02.376,bybit,ACH/USDT:USDT,0.023034,2140.0,0.023032,570.0,0.023035,240.0,0.02304,240.0
1753591922349,04:52:02.349,gateio,ACH/USDT:USDT,0.02305,1.0,0.02304,873.0,0.02306,7.0,0.02307,180.0
1753591922414,04:52:02.414,binance,ACH/USDT:USDT,0.023045,12378.0,0.023044,1020.0,0.023049,18943.0,0.02305,23026.0
1753591922473,04:52:02.473,bybit,ACH/USDT:USDT,0.023034,2140.0,0.023032,570.0,0.023035,240.0,0.02304,240.0
1753591922472,04:52:02.472,bitget,ACH/USDT:USDT,0.023066,4852.0,0.023065,3389.0,0.023069,2731.0,0.02307,184187.0
1753591922502,04:52:02.502,gateio,ACH/USDT:USDT,0.02305,1.0,0.02304,873.0,0.02306,182.0,0.02307,180.0
1753591922517,04:52:02.517,binance,ACH/USDT:USDT,0.023046,2248.0,0.023045,12378.0,0.02305,31005.0,0.023051,524.0
1753591922575,04:52:02.575,bybit,ACH/USDT:USDT,0.023034,2140.0,0.023032,570.0,0.023035,240.0,0.02304,240.0
1753591922620,04:52:02.620,binance,ACH/USDT:USDT,0.023046,2248.0,0.023045,12378.0,0.02305,31005.0,0.023051,524.0
1753591922622,04:52:02.622,bitget,ACH/USDT:USDT,0.023066,4852.0,0.023065,3389.0,0.023069,2731.0,0.02307,184187.0
1753591922675,04:52:02.675,bybit,ACH/USDT:USDT,0.023034,2140.0,0.023032,570.0,0.023035,240.0,0.02304,240.0
1753591922699,04:52:02.699,mexc,ACH/USDT:USDT,0.023045,33867,0.023044,1246,0.023046,450825,0.023047,1767
1753591922721,04:52:02.721,binance,ACH/USDT:USDT,0.023046,2248.0,0.023045,12378.0,0.02305,31005.0,0.023051,524.0
1753591922774,04:52:02.774,bybit,ACH/USDT:USDT,0.023034,2140.0,0.023032,570.0,0.023035,240.0,0.02304,240.0
1753591922772,04:52:02.772,bitget,ACH/USDT:USDT,0.023066,4852.0,0.023065,3389.0,0.023069,2731.0,0.02307,184187.0
1753591922798,04:52:02.798,gateio,ACH/USDT:USDT,0.02305,176.0,0.02304,873.0,0.02306,202.0,0.02307,180.0
1753591922699,04:52:02.699,mexc,ACH/USDT:USDT,0.023045,33867,0.023044,1246,0.023046,450825,0.023047,1767
1753591922817,04:52:02.817,gateio,ACH/USDT:USDT,0.02305,176.0,0.02304,873.0,0.02306,202.0,0.02307,238.0
1753591922913,04:52:02.913,binance,ACH/USDT:USDT,0.023046,2248.0,0.023045,12378.0,0.02305,31005.0,0.023051,524.0
1753591922922,04:52:02.922,bitget,ACH/USDT:USDT,0.023066,4852.0,0.023065,3389.0,0.023069,2731.0,0.02307,184187.0
1753591922976,04:52:02.976,bybit,ACH/USDT:USDT,0.023034,2140.0,0.023032,570.0,0.023035,240.0,0.02304,240.0
1753591922917,04:52:02.917,gateio,ACH/USDT:USDT,0.02305,176.0,0.02304,873.0,0.02306,202.0,0.02307,180.0
1753591923017,04:52:03.017,binance,ACH/USDT:USDT,0.023046,2248.0,0.023045,12378.0,0.02305,31005.0,0.023051,524.0
1753591923072,04:52:03.072,bitget,ACH/USDT:USDT,0.023066,4852.0,0.023065,3389.0,0.023069,2731.0,0.02307,184187.0
1753591923102,04:52:03.102,mexc,ACH/USDT:USDT,0.023045,33867,0.023044,1246,0.023046,450825,0.023047,1767
1753591923118,04:52:03.118,binance,ACH/USDT:USDT,0.023046,2248.0,0.023045,12378.0,0.02305,31005.0,0.023051,524.0
1753591923174,04:52:03.174,bybit,ACH/USDT:USDT,0.023034,2140.0,0.023032,570.0,0.023035,240.0,0.02304,240.0
1753591923222,04:52:03.222,bitget,ACH/USDT:USDT,0.023066,4852.0,0.023065,3389.0,0.023069,2731.0,0.02307,184187.0
1753591923245,04:52:03.245,binance,ACH/USDT:USDT,0.023046,2248.0,0.023045,12378.0,0.02305,31005.0,0.023051,524.0
1753591923102,04:52:03.102,mexc,ACH/USDT:USDT,0.023045,33867,0.023044,1246,0.023046,450825,0.023047,1767
1753591923373,04:52:03.373,bitget,ACH/USDT:USDT,0.023066,4852.0,0.023065,3389.0,0.023069,2731.0,0.02307,184187.0
1753591923393,04:52:03.393,binance,ACH/USDT:USDT,0.023046,2248.0,0.023045,12378.0,0.02305,31005.0,0.023051,524.0
1753591923505,04:52:03.505,binance,ACH/USDT:USDT,0.023046,4686.0,0.023045,12378.0,0.02305,28005.0,0.023051,524.0
1753591923523,04:52:03.523,bitget,ACH/USDT:USDT,0.023066,4852.0,0.023065,3389.0,0.023069,2731.0,0.02307,184187.0
1753591923609,04:52:03.609,binance,ACH/USDT:USDT,0.023046,4686.0,0.023045,12378.0,0.02305,48830.0,0.023051,524.0
1753591923537,04:52:03.537,gateio,ACH/USDT:USDT,0.02305,176.0,0.02304,873.0,0.02306,202.0,0.02307,180.0
1753591923673,04:52:03.673,bitget,ACH/USDT:USDT,0.023066,4852.0,0.023065,3389.0,0.023069,2731.0,0.02307,184187.0
1753591923618,04:52:03.618,gateio,ACH/USDT:USDT,0.02305,176.0,0.02304,873.0,0.02306,202.0,0.02307,238.0
1753591923713,04:52:03.713,binance,ACH/USDT:USDT,0.023046,4686.0,0.023045,12378.0,0.02305,48830.0,0.023051,524.0
1753591923718,04:52:03.718,gateio,ACH/USDT:USDT,0.02305,176.0,0.02304,873.0,0.02306,202.0,0.02307,180.0
1753591923823,04:52:03.823,bitget,ACH/USDT:USDT,0.023066,4852.0,0.023065,3389.0,0.023069,2731.0,0.02307,184187.0
1753591923866,04:52:03.866,binance,ACH/USDT:USDT,0.023046,4686.0,0.023045,12378.0,0.02305,48830.0,0.023051,524.0
1753591923898,04:52:03.898,mexc,ACH/USDT:USDT,0.023045,33867,0.023044,1246,0.023046,450825,0.023047,2201
1753591923973,04:52:03.973,bitget,ACH/USDT:USDT,0.023066,4852.0,0.023065,3389.0,0.023069,2731.0,0.02307,184187.0
1753591915058,04:51:55.058,phemex,ACH/USDT:USDT,0.02304,30484.0,0.02303,85145.0,0.02305,33058.0,0.02306,20988.0
1753591924039,04:52:04.039,binance,ACH/USDT:USDT,0.023046,4686.0,0.023045,12378.0,0.02305,48830.0,0.023051,524.0
1753591923899,04:52:03.899,mexc,ACH/USDT:USDT,0.023045,33867,0.023044,1246,0.023046,450825,0.023047,2201
1753591924123,04:52:04.123,bitget,ACH/USDT:USDT,0.023066,4852.0,0.023065,3389.0,0.023069,2731.0,0.02307,184187.0
1753591924142,04:52:04.142,binance,ACH/USDT:USDT,0.023046,4686.0,0.023045,12378.0,0.02305,48830.0,0.023051,524.0
1753591924246,04:52:04.246,binance,ACH/USDT:USDT,0.023046,4686.0,0.023045,12378.0,0.02305,48830.0,0.023051,524.0
1753591924273,04:52:04.273,bitget,ACH/USDT:USDT,0.023066,4852.0,0.023065,3389.0,0.023069,2731.0,0.02307,184187.0
1753591924302,04:52:04.302,mexc,ACH/USDT:USDT,0.023045,33867,0.023044,1246,0.023046,450825,0.023047,1767
1753591924350,04:52:04.350,binance,ACH/USDT:USDT,0.023046,4686.0,0.023045,12378.0,0.02305,48830.0,0.023051,524.0
1753591924423,04:52:04.423,bitget,ACH/USDT:USDT,0.023066,4852.0,0.023065,3389.0,0.023069,2731.0,0.02307,184187.0
1753591924467,04:52:04.467,binance,ACH/USDT:USDT,0.023046,4686.0,0.023045,12378.0,0.02305,48830.0,0.023051,524.0
1753591924303,04:52:04.303,mexc,ACH/USDT:USDT,0.023045,33867,0.023044,1246,0.023046,450825,0.023047,1767
1753591924451,04:52:04.451,gateio,ACH/USDT:USDT,0.02305,176.0,0.02304,873.0,0.02306,202.0,0.02307,180.0
1753591924573,04:52:04.573,bitget,ACH/USDT:USDT,0.023066,4852.0,0.023065,3389.0,0.023069,2731.0,0.02307,184187.0
1753591924597,04:52:04.597,binance,ACH/USDT:USDT,0.023046,4686.0,0.023045,12378.0,0.02305,48830.0,0.023051,524.0
1753591924518,04:52:04.518,gateio,ACH/USDT:USDT,0.02305,176.0,0.02304,873.0,0.02306,202.0,0.02307,238.0
1753591924618,04:52:04.618,gateio,ACH/USDT:USDT,0.02305,176.0,0.02304,873.0,0.02306,202.0,0.02307,180.0
1753591924723,04:52:04.723,bitget,ACH/USDT:USDT,0.023066,4852.0,0.023065,3389.0,0.023069,2731.0,0.02307,184187.0
1753591924874,04:52:04.874,bitget,ACH/USDT:USDT,0.023066,4852.0,0.023065,3389.0,0.023069,2731.0,0.02307,184187.0
1753591924902,04:52:04.902,binance,ACH/USDT:USDT,0.023046,4686.0,0.023045,12378.0,0.02305,48830.0,0.023051,524.0
1753591925024,04:52:05.024,bitget,ACH/USDT:USDT,0.023066,4852.0,0.023065,3389.0,0.023069,2731.0,0.02307,184187.0
1753591925075,04:52:05.075,bybit,ACH/USDT:USDT,0.023034,2140.0,0.023032,570.0,0.023035,240.0,0.02304,240.0
1753591925099,04:52:05.099,mexc,ACH/USDT:USDT,0.023045,33867,0.023044,1246,0.023046,450825,0.023047,1767
1753591925083,04:52:05.083,gateio,ACH/USDT:USDT,0.02305,176.0,0.02304,873.0,0.02306,202.0,0.02307,180.0
1753591925171,04:52:05.171,binance,ACH/USDT:USDT,0.023046,4686.0,0.023045,12378.0,0.02305,48830.0,0.023051,524.0
1753591925174,04:52:05.174,bitget,ACH/USDT:USDT,0.023066,4852.0,0.023065,3389.0,0.023069,2731.0,0.02307,184187.0
1753591925118,04:52:05.118,gateio,ACH/USDT:USDT,0.02305,176.0,0.02304,873.0,0.02306,202.0,0.02307,238.0
1753591925100,04:52:05.100,mexc,ACH/USDT:USDT,0.023045,33867,0.023044,1414,0.023046,450825,0.023047,2191
1753591925288,04:52:05.288,gateio,ACH/USDT:USDT,0.02305,176.0,0.02304,873.0,0.02306,202.0,0.02307,180.0
1753591925324,04:52:05.324,bitget,ACH/USDT:USDT,0.023066,4852.0,0.023065,3389.0,0.023069,2731.0,0.02307,184187.0
1753591925406,04:52:05.406,binance,ACH/USDT:USDT,0.023046,4686.0,0.023045,12378.0,0.02305,48021.0,0.023051,524.0
1753591925474,04:52:05.474,bitget,ACH/USDT:USDT,0.023066,4852.0,0.023065,3389.0,0.023069,2731.0,0.02307,184187.0
1753591925575,04:52:05.575,bybit,ACH/USDT:USDT,0.023034,2140.0,0.023032,570.0,0.023035,240.0,0.02304,240.0
1753591925554,04:52:05.554,binance,ACH/USDT:USDT,0.023046,4686.0,0.023045,12378.0,0.02305,55821.0,0.023051,524.0
1753591925398,04:52:05.398,mexc,ACH/USDT:USDT,0.023046,11467,0.023045,43631,0.02305,132221,0.023051,1412
1753591925543,04:52:05.543,gateio,ACH/USDT:USDT,0.02305,176.0,0.02304,873.0,0.02306,202.0,0.02307,180.0
1753591925624,04:52:05.624,bitget,ACH/USDT:USDT,0.023066,4852.0,0.023065,3389.0,0.023069,2731.0,0.02307,184187.0
1753591858393,04:50:58.393,blofin,ACH/USDT:USDT,0.02301,7027.0,0.02299,5.0,0.02304,2547.0,0.02307,62825.0
1753591925617,04:52:05.617,gateio,ACH/USDT:USDT,0.02305,176.0,0.02304,873.0,0.02306,202.0,0.02307,238.0
1753591925774,04:52:05.774,bitget,ACH/USDT:USDT,0.023066,4852.0,0.023065,3389.0,0.023069,2731.0,0.02307,184187.0
1753591925717,04:52:05.717,gateio,ACH/USDT:USDT,0.02305,176.0,0.02304,873.0,0.02306,202.0,0.02307,180.0
1753591925902,04:52:05.902,binance,ACH/USDT:USDT,0.023046,4686.0,0.023045,12378.0,0.02305,55821.0,0.023051,524.0
1753591925924,04:52:05.924,bitget,ACH/USDT:USDT,0.023066,4852.0,0.023065,3389.0,0.023069,2731.0,0.02307,184187.0
1753591925973,04:52:05.973,bybit,ACH/USDT:USDT,0.023034,2140.0,0.023032,570.0,0.023035,240.0,0.02304,240.0
1753591926007,04:52:06.007,binance,ACH/USDT:USDT,0.023046,4686.0,0.023045,12378.0,0.023049,20411.0,0.02305,59856.0
1753591925932,04:52:05.932,gateio,ACH/USDT:USDT,0.02305,1.0,0.02304,873.0,0.02306,202.0,0.02307,180.0
1753591926075,04:52:06.075,bybit,ACH/USDT:USDT,0.023034,2140.0,0.023032,570.0,0.023035,240.0,0.02304,240.0
1753591926074,04:52:06.074,bitget,ACH/USDT:USDT,0.023066,4852.0,0.023065,3389.0,0.023069,2731.0,0.02307,184187.0
1753591926113,04:52:06.113,binance,ACH/USDT:USDT,0.023046,4686.0,0.023045,12378.0,0.023049,20411.0,0.02305,49373.0
1753591926174,04:52:06.174,bybit,ACH/USDT:USDT,0.023034,2140.0,0.023032,570.0,0.023035,240.0,0.02304,240.0
1753591926219,04:52:06.219,binance,ACH/USDT:USDT,0.023046,4686.0,0.023045,12378.0,0.023049,20411.0,0.02305,50241.0
1753591926224,04:52:06.224,bitget,ACH/USDT:USDT,0.023066,4852.0,0.023065,3389.0,0.023069,2731.0,0.02307,184187.0
1753591926298,04:52:06.298,mexc,ACH/USDT:USDT,0.023046,11467,0.023045,57383,0.02305,132221,0.023051,1412
1753591926343,04:52:06.343,binance,ACH/USDT:USDT,0.023046,4686.0,0.023045,12378.0,0.023049,20411.0,0.02305,50241.0
1753591926374,04:52:06.374,bitget,ACH/USDT:USDT,0.023066,4852.0,0.023065,3389.0,0.023069,2731.0,0.02307,184187.0
1753591926475,04:52:06.475,bybit,ACH/USDT:USDT,0.023034,2140.0,0.023032,570.0,0.023035,240.0,0.02304,240.0
1753591926453,04:52:06.453,binance,ACH/USDT:USDT,0.023046,4686.0,0.023045,12378.0,0.023049,20411.0,0.02305,50241.0
1753591926299,04:52:06.299,mexc,ACH/USDT:USDT,0.023046,11467,0.023045,57383,0.02305,132221,0.023051,1412
1753591926525,04:52:06.525,bitget,ACH/USDT:USDT,0.023066,4852.0,0.023065,3389.0,0.023069,2731.0,0.02307,184187.0
1753591926574,04:52:06.574,bybit,ACH/USDT:USDT,0.023034,2140.0,0.023032,570.0,0.023035,240.0,0.02304,240.0
1753591926561,04:52:06.561,binance,ACH/USDT:USDT,0.023046,4686.0,0.023045,12378.0,0.023049,20411.0,0.02305,50241.0
1753591926675,04:52:06.675,bitget,ACH/USDT:USDT,0.023066,4852.0,0.023065,3389.0,0.023069,2731.0,0.02307,184187.0
1753591926703,04:52:06.703,mexc,ACH/USDT:USDT,0.023046,11467,0.023045,57383,0.02305,132221,0.023051,1412
1753591926775,04:52:06.775,bybit,ACH/USDT:USDT,0.023034,2140.0,0.023032,570.0,0.023035,240.0,0.02304,240.0
1753591926825,04:52:06.825,bitget,ACH/USDT:USDT,0.023066,4852.0,0.023065,3389.0,0.023069,2731.0,0.02307,184187.0
1753591926704,04:52:06.704,mexc,ACH/USDT:USDT,0.023046,11467,0.023045,43631,0.02305,132221,0.023051,1412
1753591926907,04:52:06.907,binance,ACH/USDT:USDT,0.023046,4686.0,0.023045,12378.0,0.023049,20411.0,0.02305,50241.0
1753591926975,04:52:06.975,bitget,ACH/USDT:USDT,0.023066,4852.0,0.023065,3389.0,0.023069,2731.0,0.02307,184187.0
1753591927075,04:52:07.075,bybit,ACH/USDT:USDT,0.023034,2140.0,0.023032,570.0,0.023035,240.0,0.02304,240.0
1753591927102,04:52:07.102,binance,ACH/USDT:USDT,0.023046,4686.0,0.023045,10800.0,0.023049,20411.0,0.02305,50241.0
1753591927125,04:52:07.125,bitget,ACH/USDT:USDT,0.023066,4852.0,0.023065,3389.0,0.023069,2731.0,0.02307,184187.0
1753591927175,04:52:07.175,bybit,ACH/USDT:USDT,0.023034,2140.0,0.023032,570.0,0.023035,240.0,0.02304,240.0
1753591927204,04:52:07.204,binance,ACH/USDT:USDT,0.023046,4686.0,0.023045,10800.0,0.023049,20411.0,0.02305,50241.0
1753591927235,04:52:07.235,mexc,ACH/USDT:USDT,0.023046,11467,0.023045,43631,0.02305,132221,0.023051,1412
1753591927275,04:52:07.275,bybit,ACH/USDT:USDT,0.023034,2140.0,0.023032,570.0,0.023035,240.0,0.02304,240.0
1753591927275,04:52:07.275,bitget,ACH/USDT:USDT,0.023066,4852.0,0.023065,3389.0,0.023069,2731.0,0.02307,184187.0
1753591927286,04:52:07.286,gateio,ACH/USDT:USDT,0.02305,176.0,0.02304,873.0,0.02306,202.0,0.02307,180.0
1753591927375,04:52:07.375,bybit,ACH/USDT:USDT,0.023034,2140.0,0.023032,570.0,0.023035,240.0,0.02304,240.0
1753591927382,04:52:07.382,binance,ACH/USDT:USDT,0.023047,1578.0,0.023046,2438.0,0.023049,11309.0,0.02305,44512.0
1753591927317,04:52:07.317,gateio,ACH/USDT:USDT,0.02305,176.0,0.02304,873.0,0.02306,202.0,0.02307,238.0
1753591927425,04:52:07.425,bitget,ACH/USDT:USDT,0.023066,4852.0,0.023065,3389.0,0.023069,2731.0,0.02307,184187.0
1753591927245,04:52:07.245,mexc,ACH/USDT:USDT,0.023046,11467,0.023045,43631,0.02305,132221,0.023051,1412
1753591927485,04:52:07.485,binance,ACH/USDT:USDT,0.023047,1578.0,0.023046,2438.0,0.023049,13346.0,0.02305,44512.0
