timestamp,time,exchange,symbol,bid1_price,bid1_volume,bid2_price,bid2_volume,ask1_price,ask1_volume,ask2_price,ask2_volume
1753591882942,04:51:22.942,bitget,ACT/USDT:USDT,0.0458,433.0,0.04579,15568.0,0.04581,10000.0,0.04582,49020.0
1753591883543,04:51:23.543,bitget,ACT/USDT:USDT,0.0458,433.0,0.04579,15568.0,0.04581,10000.0,0.04582,49020.0
1753591883843,04:51:23.843,bitget,ACT/USDT:USDT,0.0458,433.0,0.04579,15568.0,0.04581,10000.0,0.04582,49020.0
1753591883918,04:51:23.918,binance,ACT/USDT:USDT,0.04578,12886.0,0.04577,30362.0,0.04579,12906.0,0.0458,30500.0
1753591883993,04:51:23.993,bitget,ACT/USDT:USDT,0.0458,433.0,0.04579,15568.0,0.04581,10000.0,0.04582,49020.0
1753591884102,04:51:24.102,binance,ACT/USDT:USDT,0.04578,12886.0,0.04577,30362.0,0.04579,12906.0,0.0458,30500.0
1753591884143,04:51:24.143,bitget,ACT/USDT:USDT,0.0458,433.0,0.04579,15568.0,0.04581,10000.0,0.04582,49020.0
1753591884269,04:51:24.269,binance,ACT/USDT:USDT,0.04578,12886.0,0.04577,30362.0,0.04579,12906.0,0.0458,30500.0
1753591884293,04:51:24.293,bitget,ACT/USDT:USDT,0.0458,433.0,0.04579,15568.0,0.04581,10000.0,0.04582,49020.0
1753591853298,04:50:53.298,blofin,ACT/USDT:USDT,0.04575,668.0,0.04573,5275.0,0.04578,102.0,0.04582,5545.0
1753591884472,04:51:24.472,binance,ACT/USDT:USDT,0.04578,12886.0,0.04577,30362.0,0.04579,12906.0,0.0458,30500.0
1753591885044,04:51:25.044,bitget,ACT/USDT:USDT,0.0458,433.0,0.04579,15568.0,0.04581,10000.0,0.04582,49020.0
1753591885272,04:51:25.272,binance,ACT/USDT:USDT,0.04578,13162.0,0.04577,30362.0,0.04579,13016.0,0.0458,30500.0
1753591885402,04:51:25.402,binance,ACT/USDT:USDT,0.04578,13162.0,0.04577,30362.0,0.04579,13016.0,0.0458,30500.0
1753591885519,04:51:25.519,bybit,ACT/USDT:USDT,0.04577,6821.0,0.04576,5389.0,0.04578,155.0,0.04579,3388.0
1753591885494,04:51:25.494,bitget,ACT/USDT:USDT,0.0458,433.0,0.04579,15568.0,0.04581,10000.0,0.04582,50340.0
1753591885546,04:51:25.546,binance,ACT/USDT:USDT,0.04578,13162.0,0.04577,30362.0,0.04579,13016.0,0.0458,33454.0
1753591885619,04:51:25.619,bybit,ACT/USDT:USDT,0.04577,6821.0,0.04576,5389.0,0.04578,155.0,0.04579,3388.0
1753591885876,04:51:25.876,binance,ACT/USDT:USDT,0.04578,13162.0,0.04577,30362.0,0.04579,13016.0,0.0458,33454.0
1753591886001,04:51:26.001,binance,ACT/USDT:USDT,0.04578,13162.0,0.04577,30362.0,0.04579,13016.0,0.0458,33454.0
1753591886394,04:51:26.394,bitget,ACT/USDT:USDT,0.0458,433.0,0.04579,15568.0,0.04581,10000.0,0.04582,50340.0
1753591886464,04:51:26.464,binance,ACT/USDT:USDT,0.04578,13162.0,0.04577,30362.0,0.04579,13016.0,0.0458,33454.0
1753591886578,04:51:26.578,binance,ACT/USDT:USDT,0.04578,13162.0,0.04577,30362.0,0.04579,13016.0,0.0458,33454.0
1753591886718,04:51:26.718,bybit,ACT/USDT:USDT,0.04577,6821.0,0.04576,5389.0,0.04578,155.0,0.04579,3388.0
1753591886818,04:51:26.818,bybit,ACT/USDT:USDT,0.04577,6821.0,0.04576,5389.0,0.04578,155.0,0.04579,3388.0
1753591886798,04:51:26.798,binance,ACT/USDT:USDT,0.04578,13162.0,0.04577,30362.0,0.04579,13016.0,0.0458,33454.0
1753591886845,04:51:26.845,bitget,ACT/USDT:USDT,0.0458,433.0,0.04579,15568.0,0.04581,10000.0,0.04582,50340.0
1753591886919,04:51:26.919,bybit,ACT/USDT:USDT,0.04577,6821.0,0.04576,5389.0,0.04578,155.0,0.04579,3388.0
1753591887445,04:51:27.445,bitget,ACT/USDT:USDT,0.0458,433.0,0.04579,15568.0,0.04581,10000.0,0.04582,50340.0
1753591887563,04:51:27.563,binance,ACT/USDT:USDT,0.04578,12886.0,0.04577,30362.0,0.04579,13016.0,0.0458,33454.0
1753591887918,04:51:27.918,bybit,ACT/USDT:USDT,0.04577,6821.0,0.04576,5389.0,0.04578,155.0,0.04579,3388.0
1753591887896,04:51:27.896,bitget,ACT/USDT:USDT,0.0458,433.0,0.04579,15568.0,0.04581,10000.0,0.04582,50340.0
1753591888646,04:51:28.646,bitget,ACT/USDT:USDT,0.0458,433.0,0.04579,15568.0,0.04581,10000.0,0.04582,50340.0
1753591853799,04:50:53.799,blofin,ACT/USDT:USDT,0.04575,667.0,0.04573,9271.0,0.04578,102.0,0.04583,4529.0
1753591888702,04:51:28.702,binance,ACT/USDT:USDT,0.04578,12886.0,0.04577,30362.0,0.04579,13016.0,0.0458,33454.0
1753591888796,04:51:28.796,bitget,ACT/USDT:USDT,0.0458,433.0,0.04579,15568.0,0.04581,10000.0,0.04582,50340.0
1753591889020,04:51:29.020,bybit,ACT/USDT:USDT,0.04577,6821.0,0.04576,5389.0,0.04578,155.0,0.04579,3388.0
1753591889096,04:51:29.096,bitget,ACT/USDT:USDT,0.0458,433.0,0.04579,15568.0,0.04581,10000.0,0.04582,50340.0
1753591889619,04:51:29.619,bybit,ACT/USDT:USDT,0.04577,6821.0,0.04576,5389.0,0.04578,155.0,0.04579,3388.0
1753591889651,04:51:29.651,binance,ACT/USDT:USDT,0.04578,12886.0,0.04577,30362.0,0.04579,12464.0,0.0458,28568.0
1753591889718,04:51:29.718,bybit,ACT/USDT:USDT,0.04577,6821.0,0.04576,6680.0,0.04578,155.0,0.04579,3388.0
1753591889697,04:51:29.697,bitget,ACT/USDT:USDT,0.0458,433.0,0.04579,15568.0,0.04581,10000.0,0.04582,50340.0
1753591889787,04:51:29.787,binance,ACT/USDT:USDT,0.04578,12886.0,0.04577,30362.0,0.04579,12464.0,0.0458,28568.0
1753591889847,04:51:29.847,bitget,ACT/USDT:USDT,0.0458,433.0,0.04579,15568.0,0.04581,10000.0,0.04582,50340.0
1753591889652,04:51:29.652,huobi,ACT/USDT:USDT,0.04566,41.0,0.0455,993.0,0.04602,63.0,0.04604,83.0
1753591889902,04:51:29.902,binance,ACT/USDT:USDT,0.04578,12886.0,0.04577,30362.0,0.04579,12464.0,0.0458,28568.0
1753591890219,04:51:30.219,bybit,ACT/USDT:USDT,0.04577,6821.0,0.04576,6680.0,0.04578,155.0,0.04579,3388.0
1753591890318,04:51:30.318,bybit,ACT/USDT:USDT,0.04577,6821.0,0.04576,6680.0,0.04578,155.0,0.04579,3388.0
1753591890327,04:51:30.327,binance,ACT/USDT:USDT,0.04578,12886.0,0.04577,30362.0,0.04579,12464.0,0.0458,28568.0
1753591890446,04:51:30.446,binance,ACT/USDT:USDT,0.04578,12886.0,0.04577,30362.0,0.04579,12464.0,0.0458,28568.0
1753591890447,04:51:30.447,bitget,ACT/USDT:USDT,0.0458,433.0,0.04579,15568.0,0.04581,10000.0,0.04582,50340.0
1753591890614,04:51:30.614,huobi,ACT/USDT:USDT,0.04566,41.0,0.0455,993.0,0.04602,63.0,0.04603,165.0
1753591890623,04:51:30.623,binance,ACT/USDT:USDT,0.04578,12886.0,0.04577,30362.0,0.04579,12464.0,0.0458,28568.0
1753591890683,04:51:30.683,huobi,ACT/USDT:USDT,0.04566,41.0,0.0455,993.0,0.04602,1000.0,0.04603,165.0
1753591890735,04:51:30.735,huobi,ACT/USDT:USDT,0.04566,41.0,0.0455,993.0,0.04602,1000.0,0.04603,165.0
1753591890761,04:51:30.761,huobi,ACT/USDT:USDT,0.04566,41.0,0.0455,993.0,0.04602,1000.0,0.04603,165.0
1753591890818,04:51:30.818,bybit,ACT/USDT:USDT,0.04577,6821.0,0.04576,6680.0,0.04578,155.0,0.04579,3388.0
1753591890918,04:51:30.918,bybit,ACT/USDT:USDT,0.04577,6821.0,0.04576,6680.0,0.04578,155.0,0.04579,3388.0
1753591890897,04:51:30.897,bitget,ACT/USDT:USDT,0.0458,433.0,0.04579,15568.0,0.04581,10000.0,0.04582,50340.0
1753591890897,04:51:30.897,huobi,ACT/USDT:USDT,0.04566,41.0,0.0455,993.0,0.04602,1000.0,0.04603,165.0
1753591891042,04:51:31.042,huobi,ACT/USDT:USDT,0.04566,41.0,0.0455,993.0,0.04602,1000.0,0.04603,165.0
1753591891075,04:51:31.075,huobi,ACT/USDT:USDT,0.04566,41.0,0.0455,993.0,0.04602,1000.0,0.04603,165.0
1753591891107,04:51:31.107,binance,ACT/USDT:USDT,0.04578,13162.0,0.04577,30362.0,0.04579,12224.0,0.0458,19040.0
1753591891158,04:51:31.158,huobi,ACT/USDT:USDT,0.04566,41.0,0.04551,1899.0,0.04602,1000.0,0.04603,165.0
1753591891184,04:51:31.184,huobi,ACT/USDT:USDT,0.04566,41.0,0.04552,993.0,0.04602,1000.0,0.04603,165.0
1753591891197,04:51:31.197,bitget,ACT/USDT:USDT,0.0458,433.0,0.04579,15568.0,0.04581,10000.0,0.04582,50340.0
1753591891279,04:51:31.279,binance,ACT/USDT:USDT,0.04578,13162.0,0.04577,30362.0,0.04579,12224.0,0.0458,19040.0
1753591891288,04:51:31.288,huobi,ACT/USDT:USDT,0.04566,41.0,0.04535,4331.0,0.04602,1000.0,0.04603,165.0
1753591891307,04:51:31.307,huobi,ACT/USDT:USDT,0.04566,41.0,0.0455,993.0,0.04602,1000.0,0.04603,165.0
1753591891602,04:51:31.602,binance,ACT/USDT:USDT,0.04578,13162.0,0.04577,30362.0,0.04579,12224.0,0.0458,19040.0
1753591891806,04:51:31.806,binance,ACT/USDT:USDT,0.04578,13162.0,0.04577,30362.0,0.04579,12224.0,0.0458,19040.0
1753591891919,04:51:31.919,bybit,ACT/USDT:USDT,0.04577,6821.0,0.04576,6680.0,0.04578,155.0,0.04579,3388.0
1753591891948,04:51:31.948,bitget,ACT/USDT:USDT,0.0458,1753.0,0.04579,15568.0,0.04582,49020.0,0.04583,64127.0
1753591892018,04:51:32.018,bybit,ACT/USDT:USDT,0.04577,6821.0,0.04576,6680.0,0.04578,155.0,0.04579,3388.0
1753591892098,04:51:32.098,bitget,ACT/USDT:USDT,0.0458,1753.0,0.04579,15568.0,0.04582,49020.0,0.04583,64127.0
1753591892102,04:51:32.102,binance,ACT/USDT:USDT,0.04578,13162.0,0.04577,30362.0,0.04579,12224.0,0.0458,19040.0
1753591892192,04:51:32.192,huobi,ACT/USDT:USDT,0.04566,41.0,0.04555,1899.0,0.04602,1000.0,0.04603,165.0
1753591892207,04:51:32.207,huobi,ACT/USDT:USDT,0.04566,41.0,0.04556,993.0,0.04602,1000.0,0.04603,165.0
1753591892237,04:51:32.237,binance,ACT/USDT:USDT,0.04578,13162.0,0.04577,30362.0,0.04579,12224.0,0.0458,18736.0
1753591892248,04:51:32.248,bitget,ACT/USDT:USDT,0.0458,1753.0,0.04579,15568.0,0.04581,10000.0,0.04582,49020.0
1753591892314,04:51:32.314,huobi,ACT/USDT:USDT,0.04566,41.0,0.04556,993.0,0.04602,1000.0,0.04603,165.0
1753591892362,04:51:32.362,huobi,ACT/USDT:USDT,0.04566,41.0,0.04556,993.0,0.04602,1000.0,0.04603,165.0
1753591892398,04:51:32.398,bitget,ACT/USDT:USDT,0.0458,1753.0,0.04579,15568.0,0.04581,10000.0,0.04582,49020.0
1753591892447,04:51:32.447,huobi,ACT/USDT:USDT,0.04566,41.0,0.04556,993.0,0.04602,1000.0,0.04603,165.0
1753591892517,04:51:32.517,bybit,ACT/USDT:USDT,0.04577,6821.0,0.04576,6680.0,0.04578,155.0,0.04579,3388.0
1753591892515,04:51:32.515,binance,ACT/USDT:USDT,0.04578,13162.0,0.04577,30362.0,0.04579,12224.0,0.0458,18736.0
1753591892548,04:51:32.548,bitget,ACT/USDT:USDT,0.0458,1753.0,0.04579,15568.0,0.04581,10000.0,0.04582,49020.0
1753591892619,04:51:32.619,bybit,ACT/USDT:USDT,0.04577,6821.0,0.04576,6680.0,0.04578,155.0,0.04579,3388.0
1753591892702,04:51:32.702,binance,ACT/USDT:USDT,0.04578,13162.0,0.04577,30362.0,0.04579,12224.0,0.0458,18736.0
1753591892698,04:51:32.698,bitget,ACT/USDT:USDT,0.0458,1753.0,0.04579,15568.0,0.04581,10000.0,0.04582,49020.0
1753591892755,04:51:32.755,huobi,ACT/USDT:USDT,0.04566,41.0,0.04556,993.0,0.04602,1000.0,0.04603,385.0
1753591854299,04:50:54.299,blofin,ACT/USDT:USDT,0.04575,666.0,0.04573,9271.0,0.04578,102.0,0.04583,4529.0
1753591892849,04:51:32.849,bitget,ACT/USDT:USDT,0.0458,1753.0,0.04579,15568.0,0.04581,10000.0,0.04582,49020.0
1753591892000,04:51:32.000,gateio,ACT/USDT:USDT,0.04579,130.0,0.04578,1235.0,0.0458,82.0,0.04581,189.0
1753591892999,04:51:32.999,bitget,ACT/USDT:USDT,0.0458,1753.0,0.04579,15568.0,0.04581,10000.0,0.04582,49020.0
1753591893119,04:51:33.119,bybit,ACT/USDT:USDT,0.04577,6821.0,0.04576,6680.0,0.04578,155.0,0.04579,3388.0
1753591893149,04:51:33.149,bitget,ACT/USDT:USDT,0.0458,1753.0,0.04579,15568.0,0.04581,10000.0,0.04582,49020.0
1753591893219,04:51:33.219,bybit,ACT/USDT:USDT,0.04577,6821.0,0.04576,6680.0,0.04578,155.0,0.04579,3388.0
1753591893319,04:51:33.319,bybit,ACT/USDT:USDT,0.04577,6821.0,0.04576,6680.0,0.04578,155.0,0.04579,3388.0
1753591893302,04:51:33.302,binance,ACT/USDT:USDT,0.04578,13162.0,0.04577,30362.0,0.04579,1071.0,0.0458,18736.0
1753591893299,04:51:33.299,bitget,ACT/USDT:USDT,0.0458,1753.0,0.04579,15568.0,0.04581,10000.0,0.04582,49020.0
1753591893311,04:51:33.311,huobi,ACT/USDT:USDT,0.04566,41.0,0.04556,993.0,0.04602,1000.0,0.04603,220.0
1753591893340,04:51:33.340,huobi,ACT/USDT:USDT,0.04566,41.0,0.0455,993.0,0.04602,993.0,0.04603,220.0
1753591893391,04:51:33.391,huobi,ACT/USDT:USDT,0.04566,41.0,0.0455,993.0,0.04601,63.0,0.04602,993.0
1753591893397,04:51:33.397,huobi,ACT/USDT:USDT,0.04566,41.0,0.0455,993.0,0.04601,63.0,0.04602,993.0
1753591893409,04:51:33.409,binance,ACT/USDT:USDT,0.04578,13162.0,0.04577,30362.0,0.04579,1071.0,0.0458,18321.0
1753591893452,04:51:33.452,huobi,ACT/USDT:USDT,0.04566,41.0,0.0456,1899.0,0.046,83.0,0.04601,63.0
1753591893465,04:51:33.465,huobi,ACT/USDT:USDT,0.04566,41.0,0.04561,993.0,0.046,83.0,0.04601,63.0
1753591893496,04:51:33.496,huobi,ACT/USDT:USDT,0.04566,41.0,0.04561,993.0,0.046,83.0,0.04601,1056.0
1753591893556,04:51:33.556,binance,ACT/USDT:USDT,0.04578,13162.0,0.04577,30362.0,0.04579,1071.0,0.0458,22225.0
1753591893574,04:51:33.574,huobi,ACT/USDT:USDT,0.04566,41.0,0.04524,591.0,0.046,83.0,0.04601,1056.0
1753591893585,04:51:33.585,huobi,ACT/USDT:USDT,0.04566,41.0,0.04524,591.0,0.046,83.0,0.04601,1056.0
1753591893599,04:51:33.599,bitget,ACT/USDT:USDT,0.0458,1753.0,0.04579,48078.0,0.04582,49020.0,0.04583,64127.0
1753591893722,04:51:33.722,huobi,ACT/USDT:USDT,0.04566,41.0,0.0455,993.0,0.046,83.0,0.04601,1056.0
1753591893736,04:51:33.736,huobi,ACT/USDT:USDT,0.04566,41.0,0.0455,993.0,0.046,83.0,0.04601,1293.0
1753591893782,04:51:33.782,huobi,ACT/USDT:USDT,0.04566,41.0,0.0455,993.0,0.046,83.0,0.04601,1293.0
1753591893818,04:51:33.818,binance,ACT/USDT:USDT,0.04578,13162.0,0.04577,30362.0,0.04579,1071.0,0.0458,22225.0
1753591893843,04:51:33.843,huobi,ACT/USDT:USDT,0.04566,41.0,0.0455,993.0,0.046,83.0,0.04601,1293.0
1753591893899,04:51:33.899,bitget,ACT/USDT:USDT,0.0458,11753.0,0.04579,48078.0,0.04582,49020.0,0.04583,64127.0
1753591893902,04:51:33.902,huobi,ACT/USDT:USDT,0.04566,41.0,0.04559,1899.0,0.046,83.0,0.04601,1293.0
1753591893919,04:51:33.919,huobi,ACT/USDT:USDT,0.04566,41.0,0.0456,993.0,0.046,83.0,0.04601,1293.0
1753591894088,04:51:34.088,huobi,ACT/USDT:USDT,0.04566,41.0,0.0456,993.0,0.046,83.0,0.04601,1293.0
1753591894283,04:51:34.283,huobi,ACT/USDT:USDT,0.04566,41.0,0.0456,993.0,0.046,83.0,0.04601,1293.0
1753591894339,04:51:34.339,binance,ACT/USDT:USDT,0.04578,13162.0,0.04577,30362.0,0.04579,1071.0,0.0458,22225.0
1753591894419,04:51:34.419,bybit,ACT/USDT:USDT,0.04577,6821.0,0.04576,6680.0,0.04578,155.0,0.04579,3388.0
1753591894524,04:51:34.524,bybit,ACT/USDT:USDT,0.04577,12342.0,0.04576,6680.0,0.04578,155.0,0.04579,3388.0
1753591894500,04:51:34.500,bitget,ACT/USDT:USDT,0.0458,11753.0,0.04579,48078.0,0.04582,49020.0,0.04583,64127.0
1753591894859,04:51:34.859,binance,ACT/USDT:USDT,0.04578,13162.0,0.04577,30362.0,0.04579,1071.0,0.0458,22225.0
1753591894962,04:51:34.962,binance,ACT/USDT:USDT,0.04578,13162.0,0.04577,30362.0,0.04579,1071.0,0.0458,22225.0
1753591895100,04:51:35.100,bitget,ACT/USDT:USDT,0.0458,11753.0,0.04579,48078.0,0.04582,49020.0,0.04583,64127.0
1753591895250,04:51:35.250,bitget,ACT/USDT:USDT,0.0458,11753.0,0.04579,48078.0,0.04582,49020.0,0.04583,64127.0
1753591895319,04:51:35.319,bybit,ACT/USDT:USDT,0.04577,12342.0,0.04576,6680.0,0.04578,155.0,0.04579,3388.0
1753591895419,04:51:35.419,bybit,ACT/USDT:USDT,0.04577,12342.0,0.04576,6680.0,0.04578,155.0,0.04579,3388.0
1753591895399,04:51:35.399,binance,ACT/USDT:USDT,0.04578,13162.0,0.04577,30362.0,0.04579,1071.0,0.0458,22225.0
1753591895400,04:51:35.400,bitget,ACT/USDT:USDT,0.0458,11753.0,0.04579,48078.0,0.04582,49020.0,0.04583,64127.0
1753591895538,04:51:35.538,gateio,ACT/USDT:USDT,0.04579,130.0,0.04578,1235.0,0.0458,82.0,0.04581,189.0
1753591895613,04:51:35.613,binance,ACT/USDT:USDT,0.04578,13162.0,0.04577,30362.0,0.04579,920.0,0.0458,22225.0
1753591896839,04:51:36.839,gateio,ACT/USDT:USDT,0.04579,22.0,0.04578,1235.0,0.0458,82.0,0.04581,189.0
1753591896418,04:51:36.418,bybit,ACT/USDT:USDT,0.04577,12342.0,0.04576,6680.0,0.04578,155.0,0.04579,3388.0
1753591896384,04:51:36.384,huobi,ACT/USDT:USDT,0.04566,41.0,0.0456,993.0,0.046,83.0,0.04601,1293.0
1753591896538,04:51:36.538,huobi,ACT/USDT:USDT,0.04566,41.0,0.0456,993.0,0.046,83.0,0.04601,1230.0
1753591897051,04:51:37.051,bitget,ACT/USDT:USDT,0.0458,10707.0,0.04579,46986.0,0.04582,32510.0,0.04583,64127.0
1753591897156,04:51:37.156,binance,ACT/USDT:USDT,0.04578,12069.0,0.04577,37174.0,0.04579,675.0,0.0458,21971.0
1753591897205,04:51:37.205,okx,ACT/USDT:USDT,0.04579,6432.0,0.04578,15185.0,0.0458,2663.0,0.04581,8143.0
1753591897592,04:51:37.592,binance,ACT/USDT:USDT,0.04578,12069.0,0.04577,37174.0,0.04579,675.0,0.0458,21971.0
1753591897703,04:51:37.703,huobi,ACT/USDT:USDT,0.04566,41.0,0.0456,993.0,0.046,83.0,0.04601,237.0
1753591897731,04:51:37.731,phemex,ACT/USDT:USDT,0.04578,4773.0,0.04577,9843.0,0.0458,9347.0,0.04581,2754.0
1753591897720,04:51:37.720,huobi,ACT/USDT:USDT,0.04566,41.0,0.0456,993.0,0.046,83.0,0.04601,237.0
1753591897698,04:51:37.698,gateio,ACT/USDT:USDT,0.04579,130.0,0.04578,1235.0,0.0458,82.0,0.04581,189.0
1753591897819,04:51:37.819,bybit,ACT/USDT:USDT,0.04577,9436.0,0.04576,6680.0,0.04578,155.0,0.0458,10069.0
1753591897805,04:51:37.805,okx,ACT/USDT:USDT,0.04579,6432.0,0.04578,15214.0,0.0458,2663.0,0.04581,9739.0
1753591897785,04:51:37.785,huobi,ACT/USDT:USDT,0.04566,41.0,0.0456,993.0,0.046,83.0,0.04601,237.0
1753591897794,04:51:37.794,binance,ACT/USDT:USDT,0.04579,5995.0,0.04578,16988.0,0.0458,20897.0,0.04581,45384.0
1753591897804,04:51:37.804,huobi,ACT/USDT:USDT,0.04566,41.0,0.04553,993.0,0.046,83.0,0.04601,237.0
1753591897918,04:51:37.918,bybit,ACT/USDT:USDT,0.04577,13805.0,0.04576,6680.0,0.04578,155.0,0.0458,10069.0
1753591897888,04:51:37.888,huobi,ACT/USDT:USDT,0.04566,41.0,0.04553,993.0,0.046,83.0,0.04601,237.0
1753591897900,04:51:37.900,binance,ACT/USDT:USDT,0.04579,5995.0,0.04578,16988.0,0.0458,20897.0,0.04581,46632.0
1753591897903,04:51:37.903,huobi,ACT/USDT:USDT,0.04566,41.0,0.04561,1899.0,0.046,83.0,0.04601,237.0
1753591897952,04:51:37.952,bitget,ACT/USDT:USDT,0.04581,433.0,0.0458,10274.0,0.04582,32510.0,0.04583,52754.0
1753591898020,04:51:38.020,bybit,ACT/USDT:USDT,0.04577,13805.0,0.04576,6680.0,0.04578,155.0,0.0458,10069.0
1753591898005,04:51:38.005,okx,ACT/USDT:USDT,0.04579,7389.0,0.04578,15214.0,0.0458,2663.0,0.04581,8143.0
1753591897989,04:51:37.989,huobi,ACT/USDT:USDT,0.04566,41.0,0.04562,993.0,0.046,83.0,0.04601,237.0
1753591898026,04:51:38.026,huobi,ACT/USDT:USDT,0.04566,41.0,0.04524,591.0,0.046,83.0,0.04601,237.0
1753591898039,04:51:38.039,binance,ACT/USDT:USDT,0.04579,5995.0,0.04578,16988.0,0.0458,20744.0,0.04581,46632.0
1753591898056,04:51:38.056,gateio,ACT/USDT:USDT,0.04579,130.0,0.04578,1235.0,0.0458,82.0,0.04581,189.0
1753591898105,04:51:38.105,okx,ACT/USDT:USDT,0.04579,7826.0,0.04578,15214.0,0.0458,2663.0,0.04581,8143.0
1753591898094,04:51:38.094,huobi,ACT/USDT:USDT,0.04566,41.0,0.04551,993.0,0.046,83.0,0.04601,237.0
1753591897752,04:51:37.752,phemex,ACT/USDT:USDT,0.04578,4773.0,0.04577,9843.0,0.0458,9347.0,0.04581,2754.0
1753591898142,04:51:38.142,binance,ACT/USDT:USDT,0.04579,5995.0,0.04578,16988.0,0.0458,20744.0,0.04581,46632.0
1753591898219,04:51:38.219,bybit,ACT/USDT:USDT,0.04577,13805.0,0.04576,6680.0,0.04578,155.0,0.0458,11360.0
1753591898291,04:51:38.291,huobi,ACT/USDT:USDT,0.04566,41.0,0.04551,993.0,0.046,83.0,0.04601,237.0
1753591898278,04:51:38.278,binance,ACT/USDT:USDT,0.04579,5995.0,0.04578,16988.0,0.0458,20981.0,0.04581,46632.0
1753591898319,04:51:38.319,bybit,ACT/USDT:USDT,0.04577,19397.0,0.04576,5389.0,0.04578,155.0,0.0458,11360.0
1753591898370,04:51:38.370,huobi,ACT/USDT:USDT,0.04566,41.0,0.04551,993.0,0.046,83.0,0.04601,237.0
1753591898402,04:51:38.402,bitget,ACT/USDT:USDT,0.04581,433.0,0.0458,10274.0,0.04582,32510.0,0.04583,52754.0
1753591898420,04:51:38.420,huobi,ACT/USDT:USDT,0.04566,41.0,0.04551,993.0,0.046,83.0,0.04601,237.0
1753591898451,04:51:38.451,binance,ACT/USDT:USDT,0.04579,5995.0,0.04578,16988.0,0.0458,20981.0,0.04581,46632.0
1753591898495,04:51:38.495,huobi,ACT/USDT:USDT,0.04566,41.0,0.04551,993.0,0.046,83.0,0.04601,237.0
1753591897834,04:51:37.834,phemex,ACT/USDT:USDT,0.04578,4773.0,0.04577,9843.0,0.04579,2770.0,0.0458,9347.0
1753591897852,04:51:37.852,phemex,ACT/USDT:USDT,0.04578,4773.0,0.04577,9843.0,0.0458,9347.0,0.04581,2754.0
1753591897896,04:51:37.896,phemex,ACT/USDT:USDT,0.04578,4773.0,0.04577,9843.0,0.0458,9347.0,0.04581,2754.0
1753591897926,04:51:37.926,phemex,ACT/USDT:USDT,0.04578,4773.0,0.04577,9843.0,0.04579,2770.0,0.0458,9347.0
1753591898560,04:51:38.560,binance,ACT/USDT:USDT,0.04579,5995.0,0.04578,16988.0,0.0458,20744.0,0.04581,46632.0
1753591897955,04:51:37.955,phemex,ACT/USDT:USDT,0.04578,4773.0,0.04577,9843.0,0.0458,9347.0,0.04581,2754.0
1753591897994,04:51:37.994,phemex,ACT/USDT:USDT,0.04578,4773.0,0.04577,9843.0,0.0458,9347.0,0.04581,2754.0
1753591898188,04:51:38.188,phemex,ACT/USDT:USDT,0.04579,2770.0,0.04578,4773.0,0.0458,9347.0,0.04581,2754.0
1753591898215,04:51:38.215,phemex,ACT/USDT:USDT,0.04578,7714.0,0.04577,10565.0,0.0458,9347.0,0.04581,2754.0
1753591898393,04:51:38.393,phemex,ACT/USDT:USDT,0.04579,2770.0,0.04578,7714.0,0.0458,9347.0,0.04581,2754.0
1753591898697,04:51:38.697,huobi,ACT/USDT:USDT,0.04566,41.0,0.04551,993.0,0.046,83.0,0.04601,237.0
1753591898702,04:51:38.702,bitget,ACT/USDT:USDT,0.04581,433.0,0.0458,10274.0,0.04582,32510.0,0.04583,52754.0
1753591898734,04:51:38.734,binance,ACT/USDT:USDT,0.04579,5995.0,0.04578,16988.0,0.0458,20744.0,0.04581,46632.0
1753591854802,04:50:54.802,blofin,ACT/USDT:USDT,0.04575,679.0,0.04573,5275.0,0.04578,10.0,0.0458,5969.0
1753591898852,04:51:38.852,bitget,ACT/USDT:USDT,0.04581,433.0,0.0458,10274.0,0.04582,32510.0,0.04583,52754.0
1753591898882,04:51:38.882,binance,ACT/USDT:USDT,0.04579,5995.0,0.04578,16988.0,0.0458,20744.0,0.04581,46632.0
1753591899042,04:51:39.042,binance,ACT/USDT:USDT,0.04579,5995.0,0.04578,16988.0,0.0458,20960.0,0.04581,46632.0
1753591899144,04:51:39.144,binance,ACT/USDT:USDT,0.04579,5995.0,0.04578,16988.0,0.0458,20960.0,0.04581,46632.0
1753591899152,04:51:39.152,bitget,ACT/USDT:USDT,0.04581,433.0,0.0458,10274.0,0.04582,32510.0,0.04583,52754.0
1753591899552,04:51:39.552,binance,ACT/USDT:USDT,0.04579,6271.0,0.04578,16988.0,0.0458,20960.0,0.04581,41632.0
1753591899605,04:51:39.605,okx,ACT/USDT:USDT,0.0458,5651.0,0.04579,19355.0,0.04581,8142.0,0.04582,14550.0
1753591899592,04:51:39.592,huobi,ACT/USDT:USDT,0.04566,41.0,0.04551,993.0,0.046,83.0,0.04601,237.0
1753591899269,04:51:39.269,bitmex,ACT/USDT:USDT,0.04533,520.0,0.04496,1080.0,0.04644,320.0,0.04672,490.0
1753591899659,04:51:39.659,binance,ACT/USDT:USDT,0.04579,6271.0,0.04578,16988.0,0.0458,20960.0,0.04581,37108.0
1753591899604,04:51:39.604,gateio,ACT/USDT:USDT,0.04579,130.0,0.04578,1235.0,0.0458,82.0,0.04581,1.0
1753591899718,04:51:39.718,bybit,ACT/USDT:USDT,0.04577,19397.0,0.04576,5389.0,0.04578,155.0,0.0458,11360.0
1753591899705,04:51:39.705,okx,ACT/USDT:USDT,0.0458,2663.0,0.04579,17176.0,0.04581,6376.0,0.04582,16146.0
1753591899690,04:51:39.690,huobi,ACT/USDT:USDT,0.04566,41.0,0.04551,993.0,0.046,83.0,0.04601,237.0
1753591899718,04:51:39.718,huobi,ACT/USDT:USDT,0.04566,41.0,0.04551,993.0,0.046,83.0,0.04601,237.0
1753591899753,04:51:39.753,bitget,ACT/USDT:USDT,0.04581,433.0,0.0458,10274.0,0.04583,52754.0,0.04584,56854.0
1753591899682,04:51:39.682,gateio,ACT/USDT:USDT,0.04579,130.0,0.04578,1235.0,0.0458,76.0,0.04581,7.0
1753591899788,04:51:39.788,binance,ACT/USDT:USDT,0.04579,6271.0,0.04578,16988.0,0.0458,13393.0,0.04581,37108.0
1753591899905,04:51:39.905,okx,ACT/USDT:USDT,0.0458,2663.0,0.04579,17176.0,0.04581,6376.0,0.04582,18003.0
1753591899903,04:51:39.903,bitget,ACT/USDT:USDT,0.04581,433.0,0.0458,10274.0,0.04583,52754.0,0.04584,56854.0
1753591899572,04:51:39.572,phemex,ACT/USDT:USDT,0.04579,2770.0,0.04578,7714.0,0.0458,6593.0,0.04581,2754.0
1753591900020,04:51:40.020,bybit,ACT/USDT:USDT,0.04577,21582.0,0.04576,5389.0,0.04578,155.0,0.0458,11360.0
1753591899992,04:51:39.992,binance,ACT/USDT:USDT,0.04579,6271.0,0.04578,16988.0,0.0458,13393.0,0.04581,31691.0
1753591900053,04:51:40.053,bitget,ACT/USDT:USDT,0.04581,433.0,0.0458,10274.0,0.04583,52754.0,0.04584,56854.0
1753591900105,04:51:40.105,okx,ACT/USDT:USDT,0.0458,2663.0,0.04579,15580.0,0.04581,6376.0,0.04582,18003.0
1753591900114,04:51:40.114,binance,ACT/USDT:USDT,0.04579,6271.0,0.04578,16988.0,0.0458,13393.0,0.04581,31691.0
1753591900132,04:51:40.132,phemex,ACT/USDT:USDT,0.04579,2770.0,0.04578,7714.0,0.0458,6593.0,0.04581,2754.0
1753591900162,04:51:40.162,phemex,ACT/USDT:USDT,0.04579,2770.0,0.04578,7714.0,0.0458,6593.0,0.04581,2754.0
1753591900203,04:51:40.203,bitget,ACT/USDT:USDT,0.04581,10433.0,0.0458,20274.0,0.04583,52754.0,0.04584,56854.0
1753591900251,04:51:40.251,binance,ACT/USDT:USDT,0.04579,6271.0,0.04578,16988.0,0.0458,10362.0,0.04581,27562.0
1753591900458,04:51:40.458,binance,ACT/USDT:USDT,0.04579,6271.0,0.04578,16988.0,0.0458,8622.0,0.04581,20556.0
1753591900505,04:51:40.505,okx,ACT/USDT:USDT,0.0458,2729.0,0.04579,17176.0,0.04581,6376.0,0.04582,18003.0
1753591900503,04:51:40.503,bitget,ACT/USDT:USDT,0.04581,10433.0,0.0458,20274.0,0.04583,52754.0,0.04584,56854.0
1753591900564,04:51:40.564,binance,ACT/USDT:USDT,0.04579,6271.0,0.04578,16988.0,0.0458,8622.0,0.04581,20556.0
1753591900653,04:51:40.653,bitget,ACT/USDT:USDT,0.04581,10433.0,0.0458,20274.0,0.04583,52754.0,0.04584,56854.0
1753591900720,04:51:40.720,bybit,ACT/USDT:USDT,0.04579,6887.0,0.04578,30742.0,0.04581,8537.0,0.04582,12253.0
1753591900702,04:51:40.702,binance,ACT/USDT:USDT,0.04579,6271.0,0.04578,16988.0,0.0458,4626.0,0.04581,17746.0
1753591900691,04:51:40.691,bitmex,ACT/USDT:USDT,0.04533,520.0,0.04496,1080.0,0.04644,320.0,0.04672,490.0
1753591900756,04:51:40.756,huobi,ACT/USDT:USDT,0.04566,41.0,0.04551,993.0,0.046,83.0,0.04601,237.0
1753591900788,04:51:40.788,huobi,ACT/USDT:USDT,0.04566,41.0,0.04551,993.0,0.046,83.0,0.04601,237.0
1753591900803,04:51:40.803,bitget,ACT/USDT:USDT,0.04581,10433.0,0.0458,20274.0,0.04583,52754.0,0.04584,56854.0
1753591900786,04:51:40.786,bitmex,ACT/USDT:USDT,0.04533,520.0,0.04496,1080.0,0.04644,320.0,0.04672,490.0
1753591900843,04:51:40.843,binance,ACT/USDT:USDT,0.04579,6271.0,0.04578,16988.0,0.0458,722.0,0.04581,17746.0
1753591900905,04:51:40.905,okx,ACT/USDT:USDT,0.0458,3686.0,0.04579,17176.0,0.04581,6376.0,0.04582,8540.0
1753591900962,04:51:40.962,binance,ACT/USDT:USDT,0.04579,6271.0,0.04578,16988.0,0.0458,722.0,0.04581,17746.0
1753591900953,04:51:40.953,bitget,ACT/USDT:USDT,0.04582,433.0,0.04581,10000.0,0.04583,43237.0,0.04584,56854.0
1753591901065,04:51:41.065,binance,ACT/USDT:USDT,0.04579,6271.0,0.04578,16988.0,0.0458,722.0,0.04581,21847.0
1753591901105,04:51:41.105,okx,ACT/USDT:USDT,0.0458,3686.0,0.04579,17176.0,0.04581,6376.0,0.04582,8540.0
1753591901104,04:51:41.104,bitget,ACT/USDT:USDT,0.04582,433.0,0.04581,10000.0,0.04583,43237.0,0.04584,56854.0
1753591901205,04:51:41.205,okx,ACT/USDT:USDT,0.0458,3684.0,0.04579,17176.0,0.04581,6376.0,0.04582,10136.0
1753591901219,04:51:41.219,binance,ACT/USDT:USDT,0.04579,6271.0,0.04578,16988.0,0.0458,722.0,0.04581,21847.0
1753591901319,04:51:41.319,bybit,ACT/USDT:USDT,0.04579,7154.0,0.04578,16643.0,0.04581,8537.0,0.04582,12253.0
1753591901405,04:51:41.405,okx,ACT/USDT:USDT,0.0458,3684.0,0.04579,17176.0,0.04581,6376.0,0.04582,10136.0
1753591901505,04:51:41.505,okx,ACT/USDT:USDT,0.0458,3694.0,0.04579,17176.0,0.04581,6376.0,0.04582,10136.0
1753591901619,04:51:41.619,bybit,ACT/USDT:USDT,0.04579,7154.0,0.04578,16643.0,0.04581,8537.0,0.04582,12253.0
1753591901719,04:51:41.719,bybit,ACT/USDT:USDT,0.04579,7154.0,0.04578,16643.0,0.04581,8537.0,0.04582,12415.0
1753591901817,04:51:41.817,bybit,ACT/USDT:USDT,0.04579,7154.0,0.04578,16643.0,0.04581,8537.0,0.04582,12415.0
1753591901788,04:51:41.788,binance,ACT/USDT:USDT,0.04579,6271.0,0.04578,16988.0,0.0458,722.0,0.04581,21847.0
1753591901854,04:51:41.854,bitget,ACT/USDT:USDT,0.04582,433.0,0.04581,10000.0,0.04583,43237.0,0.04584,56854.0
1753591901902,04:51:41.902,binance,ACT/USDT:USDT,0.04579,6271.0,0.04578,16988.0,0.0458,722.0,0.04581,21847.0
1753591902004,04:51:42.004,bitget,ACT/USDT:USDT,0.04582,433.0,0.04581,10000.0,0.04583,43237.0,0.04584,56854.0
1753591901971,04:51:41.971,bitmex,ACT/USDT:USDT,0.04533,520.0,0.04496,1080.0,0.04644,320.0,0.04672,490.0
1753591902036,04:51:42.036,bitmex,ACT/USDT:USDT,0.04533,520.0,0.04496,1080.0,0.04644,320.0,0.04672,490.0
1753591902219,04:51:42.219,bybit,ACT/USDT:USDT,0.04579,7154.0,0.04578,16643.0,0.04581,8537.0,0.04582,12415.0
1753591902252,04:51:42.252,binance,ACT/USDT:USDT,0.04579,6271.0,0.04578,16988.0,0.0458,9116.0,0.04581,19884.0
1753591902319,04:51:42.319,bybit,ACT/USDT:USDT,0.04579,2210.0,0.04578,16643.0,0.0458,1153.0,0.04581,8537.0
1753591902304,04:51:42.304,bitget,ACT/USDT:USDT,0.04582,433.0,0.04581,10000.0,0.04583,43237.0,0.04584,56854.0
1753591902355,04:51:42.355,binance,ACT/USDT:USDT,0.04579,6271.0,0.04578,16988.0,0.0458,9116.0,0.04581,19884.0
1753591902405,04:51:42.405,okx,ACT/USDT:USDT,0.0458,2737.0,0.04579,15580.0,0.04581,6376.0,0.04582,10136.0
1753591902454,04:51:42.454,bitget,ACT/USDT:USDT,0.04582,433.0,0.04581,10000.0,0.04583,43237.0,0.04584,58174.0
1753591855302,04:50:55.302,blofin,ACT/USDT:USDT,0.04575,678.0,0.04573,5275.0,0.04578,10.0,0.0458,5969.0
1753591902566,04:51:42.566,binance,ACT/USDT:USDT,0.04579,6271.0,0.04578,16988.0,0.0458,9116.0,0.04581,19884.0
1753591902605,04:51:42.605,okx,ACT/USDT:USDT,0.0458,4994.0,0.04579,17176.0,0.04581,6376.0,0.04582,8540.0
1753591902604,04:51:42.604,bitget,ACT/USDT:USDT,0.04582,433.0,0.04581,10000.0,0.04583,43237.0,0.04584,58174.0
1753591902755,04:51:42.755,bitget,ACT/USDT:USDT,0.04582,433.0,0.04581,10000.0,0.04583,43237.0,0.04584,58174.0
1753591902805,04:51:42.805,okx,ACT/USDT:USDT,0.0458,4555.0,0.04579,17176.0,0.04581,6376.0,0.04582,10136.0
1753591902802,04:51:42.802,binance,ACT/USDT:USDT,0.04579,6271.0,0.04578,16988.0,0.0458,9116.0,0.04581,19884.0
1753591902918,04:51:42.918,bybit,ACT/USDT:USDT,0.04579,2210.0,0.04578,16643.0,0.0458,1153.0,0.04581,8537.0
1753591902487,04:51:42.487,mexc,ACT/USDT:USDT,0.04579,1671.0,0.04578,4827.0,0.0458,5284.0,0.04581,9448.0
1753591902905,04:51:42.905,okx,ACT/USDT:USDT,0.0458,4557.0,0.04579,17176.0,0.04581,6376.0,0.04582,8540.0
1753591902905,04:51:42.905,bitget,ACT/USDT:USDT,0.04582,433.0,0.04581,10000.0,0.04583,43237.0,0.04584,58174.0
1753591902909,04:51:42.909,huobi,ACT/USDT:USDT,0.04566,41.0,0.04559,1899.0,0.046,83.0,0.04601,237.0
1753591902942,04:51:42.942,huobi,ACT/USDT:USDT,0.04566,41.0,0.0456,993.0,0.046,83.0,0.04607,993.0
1753591902819,04:51:42.819,mexc,ACT/USDT:USDT,0.04579,1671.0,0.04578,5547,0.0458,5284.0,0.04581,11601
1753591903005,04:51:43.005,okx,ACT/USDT:USDT,0.0458,4557.0,0.04579,17176.0,0.04581,6376.0,0.04582,10136.0
1753591902996,04:51:42.996,huobi,ACT/USDT:USDT,0.04566,41.0,0.0456,993.0,0.04606,83.0,0.04607,993.0
1753591903031,04:51:43.031,huobi,ACT/USDT:USDT,0.04566,41.0,0.0456,993.0,0.04606,83.0,0.04607,993.0
1753591903055,04:51:43.055,bitget,ACT/USDT:USDT,0.04582,433.0,0.04581,10000.0,0.04583,43237.0,0.04584,58174.0
1753591903055,04:51:43.055,huobi,ACT/USDT:USDT,0.04566,41.0,0.0456,993.0,0.04606,146.0,0.04607,993.0
1753591903066,04:51:43.066,binance,ACT/USDT:USDT,0.04579,6271.0,0.04578,16988.0,0.0458,9116.0,0.04581,19884.0
1753591902999,04:51:42.999,gateio,ACT/USDT:USDT,0.04579,1201.0,0.04578,1034.0,0.0458,76.0,0.04581,7.0
1753591903170,04:51:43.170,huobi,ACT/USDT:USDT,0.04566,41.0,0.0456,993.0,0.04606,146.0,0.04607,1134.0
1753591903125,04:51:43.125,gateio,ACT/USDT:USDT,0.04579,1201.0,0.04578,1034.0,0.0458,76.0,0.04581,7.0
1753591903183,04:51:43.183,huobi,ACT/USDT:USDT,0.04566,55.0,0.0456,993.0,0.04606,146.0,0.04607,1134.0
1753591903219,04:51:43.219,mexc,ACT/USDT:USDT,0.04579,1671.0,0.04578,5547,0.0458,5284.0,0.04581,9448
1753591903290,04:51:43.290,huobi,ACT/USDT:USDT,0.04566,55.0,0.0456,993.0,0.04606,146.0,0.04607,1134.0
1753591903419,04:51:43.419,bybit,ACT/USDT:USDT,0.04579,2210.0,0.04578,16643.0,0.0458,1153.0,0.04581,8537.0
1753591903337,04:51:43.337,bitmex,ACT/USDT:USDT,0.04533,520.0,0.04496,1080.0,0.04644,320.0,0.04672,490.0
1753591903402,04:51:43.402,binance,ACT/USDT:USDT,0.04579,6271.0,0.04578,16988.0,0.0458,9116.0,0.04581,19884.0
1753591903319,04:51:43.319,mexc,ACT/USDT:USDT,0.04579,1671.0,0.04578,6001,0.0458,5284.0,0.04581,12218
1753591903386,04:51:43.386,bitmex,ACT/USDT:USDT,0.04533,520.0,0.04496,1080.0,0.04644,320.0,0.04672,490.0
1753591903520,04:51:43.520,bybit,ACT/USDT:USDT,0.04579,2210.0,0.04578,16643.0,0.0458,1153.0,0.04581,8537.0
1753591903505,04:51:43.505,bitget,ACT/USDT:USDT,0.04582,433.0,0.04581,10000.0,0.04583,43237.0,0.04584,58174.0
1753591903513,04:51:43.513,binance,ACT/USDT:USDT,0.04579,6271.0,0.04578,16988.0,0.0458,9116.0,0.04581,19884.0
1753591903655,04:51:43.655,bitget,ACT/USDT:USDT,0.04582,433.0,0.04581,10000.0,0.04583,43237.0,0.04584,58174.0
1753591903720,04:51:43.720,mexc,ACT/USDT:USDT,0.04579,1671.0,0.04578,6001,0.0458,5284.0,0.04581,9448
1753591903805,04:51:43.805,bitget,ACT/USDT:USDT,0.04582,433.0,0.04581,10000.0,0.04583,43237.0,0.04584,58174.0
1753591903766,04:51:43.766,bitmex,ACT/USDT:USDT,0.04533,520.0,0.04496,1080.0,0.04644,320.0,0.04672,490.0
1753591903815,04:51:43.815,bitmex,ACT/USDT:USDT,0.04533,520.0,0.04496,1080.0,0.04644,320.0,0.04672,490.0
1753591903820,04:51:43.820,mexc,ACT/USDT:USDT,0.04579,1671.0,0.04578,4827,0.0458,5284.0,0.04581,9448
1753591903938,04:51:43.938,binance,ACT/USDT:USDT,0.04579,6271.0,0.04578,16988.0,0.0458,9116.0,0.04581,19884.0
1753591903955,04:51:43.955,bitget,ACT/USDT:USDT,0.04582,433.0,0.04581,10000.0,0.04583,43237.0,0.04584,58174.0
1753591904020,04:51:44.020,bybit,ACT/USDT:USDT,0.04579,2210.0,0.04578,16643.0,0.0458,1153.0,0.04581,8537.0
1753591904118,04:51:44.118,bybit,ACT/USDT:USDT,0.04579,2210.0,0.04578,16643.0,0.0458,1153.0,0.04581,8537.0
1753591904102,04:51:44.102,binance,ACT/USDT:USDT,0.04579,6271.0,0.04578,16988.0,0.0458,9116.0,0.04581,19884.0
1753591904105,04:51:44.105,bitget,ACT/USDT:USDT,0.04582,433.0,0.04581,10000.0,0.04583,43237.0,0.04584,58174.0
1753591904220,04:51:44.220,mexc,ACT/USDT:USDT,0.04579,1671.0,0.04578,4827,0.0458,5284.0,0.04581,9448
1753591904302,04:51:44.302,bitmex,ACT/USDT:USDT,0.04533,520.0,0.04496,1080.0,0.04644,320.0,0.04672,490.0
1753591904351,04:51:44.351,bitmex,ACT/USDT:USDT,0.04533,520.0,0.04496,1080.0,0.04644,320.0,0.04672,490.0
1753591904320,04:51:44.320,mexc,ACT/USDT:USDT,0.04579,1671.0,0.04578,4827,0.0458,5284.0,0.04581,10505
1753591904461,04:51:44.461,huobi,ACT/USDT:USDT,0.04566,41.0,0.0456,993.0,0.04606,146.0,0.04607,1134.0
1753591904505,04:51:44.505,okx,ACT/USDT:USDT,0.0458,4557.0,0.04579,15580.0,0.04581,6377.0,0.04582,11093.0
1753591904502,04:51:44.502,binance,ACT/USDT:USDT,0.04579,6271.0,0.04578,16988.0,0.0458,9116.0,0.04581,19884.0
1753591904605,04:51:44.605,okx,ACT/USDT:USDT,0.0458,4557.0,0.04579,15580.0,0.04581,6377.0,0.04582,11093.0
1753591904720,04:51:44.720,mexc,ACT/USDT:USDT,0.04579,1671.0,0.04578,4827,0.0458,5284.0,0.04581,9448
1753591904841,04:51:44.841,binance,ACT/USDT:USDT,0.04579,6271.0,0.04578,16988.0,0.0458,9116.0,0.04581,19884.0
1753591904856,04:51:44.856,bitget,ACT/USDT:USDT,0.04582,433.0,0.04581,10000.0,0.04583,43237.0,0.04584,58174.0
1753591904819,04:51:44.819,mexc,ACT/USDT:USDT,0.04579,1671.0,0.04578,6755,0.0458,5284.0,0.04581,11652
1753591904943,04:51:44.943,binance,ACT/USDT:USDT,0.04579,6271.0,0.04578,16988.0,0.0458,9116.0,0.04581,19884.0
1753591905118,04:51:45.118,bybit,ACT/USDT:USDT,0.04579,2210.0,0.04578,16643.0,0.0458,1153.0,0.04581,8537.0
1753591905102,04:51:45.102,binance,ACT/USDT:USDT,0.04579,6271.0,0.04578,16988.0,0.0458,9116.0,0.04581,19884.0
1753591905126,04:51:45.126,mexc,ACT/USDT:USDT,0.04579,1671.0,0.04578,6755,0.0458,7986,0.04581,16649
1753591905166,04:51:45.166,phemex,ACT/USDT:USDT,0.04579,6387.0,0.04578,11310.0,0.0458,10230.0,0.04581,6808.0
1753591905219,04:51:45.219,bybit,ACT/USDT:USDT,0.04579,2210.0,0.04578,16643.0,0.0458,1153.0,0.04581,8537.0
1753591905229,04:51:45.229,binance,ACT/USDT:USDT,0.04579,6384.0,0.04578,16988.0,0.0458,9116.0,0.04581,19884.0
1753591905306,04:51:45.306,bitget,ACT/USDT:USDT,0.04582,433.0,0.04581,10000.0,0.04583,43237.0,0.04584,58174.0
1753591905320,04:51:45.320,mexc,ACT/USDT:USDT,0.04579,1802,0.04578,3687,0.0458,2702,0.04581,4997
1753591905419,04:51:45.419,bybit,ACT/USDT:USDT,0.04579,2210.0,0.04578,16643.0,0.0458,1153.0,0.04581,8537.0
1753591905606,04:51:45.606,bitget,ACT/USDT:USDT,0.04582,433.0,0.04581,10000.0,0.04583,43237.0,0.04584,58174.0
1753591905585,04:51:45.585,bitmex,ACT/USDT:USDT,0.04533,520.0,0.04496,1080.0,0.04644,320.0,0.04672,490.0
1753591905634,04:51:45.634,bitmex,ACT/USDT:USDT,0.04533,520.0,0.04496,1080.0,0.04644,320.0,0.04672,490.0
1753591905719,04:51:45.719,bybit,ACT/USDT:USDT,0.04579,2210.0,0.04578,16643.0,0.0458,1153.0,0.04581,8537.0
1753591905705,04:51:45.705,okx,ACT/USDT:USDT,0.0458,4557.0,0.04579,17176.0,0.04581,6377.0,0.04582,8540.0
1753591905702,04:51:45.702,binance,ACT/USDT:USDT,0.04579,6384.0,0.04578,16988.0,0.0458,9116.0,0.04581,18706.0
1753591905721,04:51:45.721,mexc,ACT/USDT:USDT,0.04579,1802,0.04578,3687,0.0458,2702,0.04581,4997
1753591855803,04:50:55.803,blofin,ACT/USDT:USDT,0.04575,678.0,0.04573,5275.0,0.04578,11.0,0.04582,2223.0
1753591905818,04:51:45.818,bybit,ACT/USDT:USDT,0.04579,2210.0,0.04578,16643.0,0.0458,1153.0,0.04581,8537.0
1753591905805,04:51:45.805,okx,ACT/USDT:USDT,0.0458,4557.0,0.04579,15580.0,0.04581,6377.0,0.04582,8540.0
1753591905905,04:51:45.905,okx,ACT/USDT:USDT,0.0458,4557.0,0.04579,15580.0,0.04581,6377.0,0.04582,10136.0
1753591905822,04:51:45.822,mexc,ACT/USDT:USDT,0.04579,1802,0.04578,3687,0.0458,2702,0.04581,6629
1753591906072,04:51:46.072,binance,ACT/USDT:USDT,0.04579,6384.0,0.04578,16988.0,0.0458,9116.0,0.04581,18706.0
1753591906069,04:51:46.069,huobi,ACT/USDT:USDT,0.04566,41.0,0.0456,993.0,0.04606,146.0,0.04607,993.0
1753591906219,04:51:46.219,bybit,ACT/USDT:USDT,0.04579,2210.0,0.04578,16643.0,0.0458,1153.0,0.04581,8537.0
1753591906196,04:51:46.196,huobi,ACT/USDT:USDT,0.04566,41.0,0.0456,993.0,0.04606,146.0,0.04607,1184.0
1753591906225,04:51:46.225,mexc,ACT/USDT:USDT,0.04579,1802,0.04578,3687,0.0458,2702,0.04581,4997
1753591906319,04:51:46.319,bybit,ACT/USDT:USDT,0.04579,2210.0,0.04578,16643.0,0.0458,1153.0,0.04581,8537.0
1753591906302,04:51:46.302,binance,ACT/USDT:USDT,0.04579,6384.0,0.04578,16988.0,0.0458,9116.0,0.04581,18706.0
1753591906357,04:51:46.357,bitget,ACT/USDT:USDT,0.04582,433.0,0.04581,10000.0,0.04583,43237.0,0.04584,58174.0
1753591906320,04:51:46.320,mexc,ACT/USDT:USDT,0.04579,1802,0.04578,4173,0.0458,2702,0.04581,7482
1753591906507,04:51:46.507,bitget,ACT/USDT:USDT,0.04582,433.0,0.04581,10000.0,0.04583,43237.0,0.04584,58174.0
1753591906657,04:51:46.657,bitget,ACT/USDT:USDT,0.04582,433.0,0.04581,10000.0,0.04583,43237.0,0.04584,58174.0
1753591906705,04:51:46.705,okx,ACT/USDT:USDT,0.0458,4557.0,0.04579,17176.0,0.04581,6377.0,0.04582,8540.0
1753591906692,04:51:46.692,binance,ACT/USDT:USDT,0.04579,6384.0,0.04578,16988.0,0.0458,9226.0,0.04581,18706.0
1753591906720,04:51:46.720,mexc,ACT/USDT:USDT,0.04579,1802,0.04578,4173,0.0458,2702,0.04581,7482
1753591906819,04:51:46.819,bybit,ACT/USDT:USDT,0.04579,2210.0,0.04578,16643.0,0.0458,1153.0,0.04581,8537.0
1753591906799,04:51:46.799,binance,ACT/USDT:USDT,0.04579,6384.0,0.04578,16988.0,0.0458,9226.0,0.04581,18706.0
1753591906918,04:51:46.918,bybit,ACT/USDT:USDT,0.04579,2210.0,0.04578,16643.0,0.0458,1153.0,0.04581,8537.0
1753591906902,04:51:46.902,binance,ACT/USDT:USDT,0.04579,6384.0,0.04578,16988.0,0.0458,9226.0,0.04581,18706.0
1753591906860,04:51:46.860,mexc,ACT/USDT:USDT,0.04579,1802,0.04578,3687,0.0458,2702,0.04581,4997
1753591906907,04:51:46.907,bitmex,ACT/USDT:USDT,0.04533,520.0,0.04496,1080.0,0.04644,320.0,0.04672,490.0
1753591906956,04:51:46.956,bitmex,ACT/USDT:USDT,0.04533,520.0,0.04496,1080.0,0.04644,320.0,0.04672,490.0
1753591907107,04:51:47.107,bitget,ACT/USDT:USDT,0.04582,433.0,0.04581,10000.0,0.04583,43237.0,0.04584,58174.0
1753591907157,04:51:47.157,binance,ACT/USDT:USDT,0.04579,6384.0,0.04578,16988.0,0.0458,9226.0,0.04581,18706.0
1753591907221,04:51:47.221,mexc,ACT/USDT:USDT,0.04579,1802,0.04578,3687,0.0458,2702,0.04581,4997
1753591907258,04:51:47.258,bitget,ACT/USDT:USDT,0.04582,433.0,0.04581,10000.0,0.04583,43237.0,0.04584,58174.0
1753591907281,04:51:47.281,binance,ACT/USDT:USDT,0.04579,6384.0,0.04578,16988.0,0.0458,9226.0,0.04581,18706.0
1753591907418,04:51:47.418,bybit,ACT/USDT:USDT,0.04579,2210.0,0.04578,16643.0,0.0458,1153.0,0.04581,8537.0
1753591907390,04:51:47.390,binance,ACT/USDT:USDT,0.04579,6384.0,0.04578,16988.0,0.0458,9226.0,0.04581,18706.0
1753591907325,04:51:47.325,mexc,ACT/USDT:USDT,0.04579,1802,0.04578,3687,0.0458,2702,0.04581,7144
1753591907518,04:51:47.518,bybit,ACT/USDT:USDT,0.04579,2210.0,0.04578,16643.0,0.0458,1153.0,0.04581,8537.0
1753591907502,04:51:47.502,binance,ACT/USDT:USDT,0.04579,6384.0,0.04578,16988.0,0.0458,9226.0,0.04581,18706.0
1753591907605,04:51:47.605,okx,ACT/USDT:USDT,0.0458,4557.0,0.04579,15580.0,0.04581,6377.0,0.04582,10136.0
1753591907652,04:51:47.652,huobi,ACT/USDT:USDT,0.04566,41.0,0.0456,993.0,0.04606,146.0,0.04607,1184.0
1753591907705,04:51:47.705,okx,ACT/USDT:USDT,0.0458,4557.0,0.04579,15580.0,0.04581,6377.0,0.04582,11093.0
1753591907766,04:51:47.766,huobi,ACT/USDT:USDT,0.04566,41.0,0.0456,993.0,0.04606,146.0,0.04607,1184.0
1753591907781,04:51:47.781,mexc,ACT/USDT:USDT,0.04579,1802,0.04578,3687,0.0458,2702,0.04581,7144
1753591907805,04:51:47.805,okx,ACT/USDT:USDT,0.0458,4557.0,0.04579,15143.0,0.04581,6377.0,0.04582,11093.0
1753591907905,04:51:47.905,okx,ACT/USDT:USDT,0.0458,4557.0,0.04579,17176.0,0.04581,6377.0,0.04582,8540.0
1753591907823,04:51:47.823,mexc,ACT/USDT:USDT,0.04579,1802,0.04578,3687,0.0458,2702,0.04581,4997
1753591908019,04:51:48.019,bybit,ACT/USDT:USDT,0.04579,2210.0,0.04578,16643.0,0.0458,1153.0,0.04581,8537.0
1753591908119,04:51:48.119,bybit,ACT/USDT:USDT,0.04579,2210.0,0.04578,16643.0,0.0458,1153.0,0.04581,8537.0
1753591908105,04:51:48.105,okx,ACT/USDT:USDT,0.0458,4557.0,0.04579,17176.0,0.04581,6377.0,0.04582,8540.0
1753591908102,04:51:48.102,binance,ACT/USDT:USDT,0.04579,6384.0,0.04578,16988.0,0.0458,9226.0,0.04581,18706.0
1753591908057,04:51:48.057,bitmex,ACT/USDT:USDT,0.04533,520.0,0.04496,1080.0,0.04644,320.0,0.04672,490.0
1753591908107,04:51:48.107,bitmex,ACT/USDT:USDT,0.04533,520.0,0.04496,1080.0,0.04644,320.0,0.04672,490.0
1753591908158,04:51:48.158,bitget,ACT/USDT:USDT,0.04582,433.0,0.04581,10000.0,0.04583,43237.0,0.04584,58174.0
1753591908228,04:51:48.228,binance,ACT/USDT:USDT,0.04579,6384.0,0.04578,16988.0,0.0458,9226.0,0.04581,18706.0
1753591908223,04:51:48.223,mexc,ACT/USDT:USDT,0.04579,1802,0.04578,3687,0.0458,2702,0.04581,4997
1753591908322,04:51:48.322,mexc,ACT/USDT:USDT,0.04579,1802,0.04578,3687,0.0458,2702,0.04581,7498
1753591908458,04:51:48.458,bitget,ACT/USDT:USDT,0.04582,433.0,0.04581,10000.0,0.04583,43237.0,0.04584,58174.0
1753591908505,04:51:48.505,okx,ACT/USDT:USDT,0.0458,4557.0,0.04579,15143.0,0.04581,6377.0,0.04582,11530.0
1753591908618,04:51:48.618,bybit,ACT/USDT:USDT,0.04579,2210.0,0.04578,16643.0,0.0458,1153.0,0.04581,8537.0
1753591908605,04:51:48.605,okx,ACT/USDT:USDT,0.0458,4570.0,0.04579,15580.0,0.04581,6377.0,0.04582,11093.0
1753591908658,04:51:48.658,binance,ACT/USDT:USDT,0.04579,6384.0,0.04578,16988.0,0.0458,9226.0,0.04581,18706.0
1753591908569,04:51:48.569,mexc,ACT/USDT:USDT,0.04579,1802,0.04578,3687,0.0458,2702,0.04581,7498
1753591908718,04:51:48.718,bybit,ACT/USDT:USDT,0.04579,2210.0,0.04578,16643.0,0.0458,1153.0,0.04581,8537.0
1753591908758,04:51:48.758,bitget,ACT/USDT:USDT,0.04582,433.0,0.04581,10000.0,0.04583,43237.0,0.04584,58174.0
1753591908828,04:51:48.828,binance,ACT/USDT:USDT,0.04579,6384.0,0.04578,16988.0,0.0458,9226.0,0.04581,18706.0
1753591908827,04:51:48.827,huobi,ACT/USDT:USDT,0.04566,41.0,0.0456,993.0,0.04606,146.0,0.04607,1184.0
1753591908874,04:51:48.874,phemex,ACT/USDT:USDT,0.04579,6387.0,0.04578,11310.0,0.0458,10130.0,0.04581,6808.0
1753591908909,04:51:48.909,bitget,ACT/USDT:USDT,0.04582,433.0,0.04581,10000.0,0.04583,43237.0,0.04584,58174.0
1753591908822,04:51:48.822,mexc,ACT/USDT:USDT,0.04579,1802,0.04578,4900,0.0458,2702,0.04581,4997
1753591908956,04:51:48.956,binance,ACT/USDT:USDT,0.04579,6384.0,0.04578,16988.0,0.0458,9226.0,0.04581,18706.0
1753591908960,04:51:48.960,huobi,ACT/USDT:USDT,0.04566,41.0,0.0456,993.0,0.04606,146.0,0.04607,1184.0
1753591908966,04:51:48.966,huobi,ACT/USDT:USDT,0.04566,41.0,0.0456,993.0,0.04606,146.0,0.04607,1184.0
1753591909118,04:51:49.118,bybit,ACT/USDT:USDT,0.04579,2210.0,0.04578,16643.0,0.0458,1153.0,0.04581,8537.0
1753591909084,04:51:49.084,huobi,ACT/USDT:USDT,0.04566,41.0,0.0456,993.0,0.04606,146.0,0.04607,1184.0
1753591909105,04:51:49.105,okx,ACT/USDT:USDT,0.0458,4570.0,0.04579,15143.0,0.04581,6377.0,0.04582,11530.0
1753591909109,04:51:49.109,binance,ACT/USDT:USDT,0.04579,6384.0,0.04578,16988.0,0.0458,9226.0,0.04581,18706.0
1753591909191,04:51:49.191,huobi,ACT/USDT:USDT,0.04566,41.0,0.0456,993.0,0.04606,146.0,0.04607,1184.0
1753591909212,04:51:49.212,huobi,ACT/USDT:USDT,0.04566,41.0,0.04551,993.0,0.04606,146.0,0.04607,3080.0
1753591909218,04:51:49.218,binance,ACT/USDT:USDT,0.04579,6384.0,0.04578,16988.0,0.0458,9226.0,0.04581,18706.0
1753591909223,04:51:49.223,mexc,ACT/USDT:USDT,0.04579,1802,0.04578,4900,0.0458,2702,0.04581,4997
1753591909359,04:51:49.359,bitget,ACT/USDT:USDT,0.04582,433.0,0.04581,10000.0,0.04583,43237.0,0.04584,58174.0
1753591909330,04:51:49.330,bitmex,ACT/USDT:USDT,0.04533,520.0,0.04496,1080.0,0.04644,320.0,0.04672,490.0
1753591909323,04:51:49.323,mexc,ACT/USDT:USDT,0.04579,1802,0.04578,4123,0.0458,2702,0.04581,6461
1753591909379,04:51:49.379,bitmex,ACT/USDT:USDT,0.04533,520.0,0.04496,1080.0,0.04644,320.0,0.04672,490.0
1753591909509,04:51:49.509,bitget,ACT/USDT:USDT,0.04582,433.0,0.04581,10000.0,0.04583,43237.0,0.04584,58174.0
1753591856305,04:50:56.305,blofin,ACT/USDT:USDT,0.04575,678.0,0.04573,5275.0,0.04578,12.0,0.04582,2223.0
1753591909619,04:51:49.619,bybit,ACT/USDT:USDT,0.04579,2210.0,0.04578,16643.0,0.0458,1153.0,0.04581,8537.0
1753591909659,04:51:49.659,bitget,ACT/USDT:USDT,0.04582,433.0,0.04581,10000.0,0.04583,43237.0,0.04584,58174.0
1753591909718,04:51:49.718,bybit,ACT/USDT:USDT,0.04579,2210.0,0.04578,16643.0,0.0458,1153.0,0.04581,8537.0
1753591909702,04:51:49.702,binance,ACT/USDT:USDT,0.04579,6384.0,0.04578,16988.0,0.0458,9226.0,0.04581,18706.0
1753591909724,04:51:49.724,mexc,ACT/USDT:USDT,0.04579,1802,0.04578,4123,0.0458,2702,0.04581,6461
1753591909824,04:51:49.824,mexc,ACT/USDT:USDT,0.04579,1802,0.04578,3687,0.0458,2702,0.04581,4997
1753591909959,04:51:49.959,bitget,ACT/USDT:USDT,0.04582,433.0,0.04581,10000.0,0.04583,43237.0,0.04584,58174.0
1753591910109,04:51:50.109,bitget,ACT/USDT:USDT,0.04582,433.0,0.04581,10000.0,0.04583,43237.0,0.04584,58174.0
1753591910219,04:51:50.219,bybit,ACT/USDT:USDT,0.04579,2210.0,0.04578,16643.0,0.0458,1153.0,0.04581,8537.0
1753591910201,04:51:50.201,binance,ACT/USDT:USDT,0.04579,6384.0,0.04578,16988.0,0.0458,9226.0,0.04581,18706.0
1753591910225,04:51:50.225,mexc,ACT/USDT:USDT,0.04579,1802,0.04578,3687,0.0458,2702,0.04581,4997
1753591910259,04:51:50.259,bitget,ACT/USDT:USDT,0.04582,433.0,0.04581,10000.0,0.04583,43237.0,0.04584,58174.0
1753591910319,04:51:50.319,bybit,ACT/USDT:USDT,0.04579,2210.0,0.04578,16643.0,0.0458,1153.0,0.04581,8537.0
1753591910290,04:51:50.290,huobi,ACT/USDT:USDT,0.04566,41.0,0.04551,993.0,0.04606,146.0,0.04607,3080.0
1753591910302,04:51:50.302,binance,ACT/USDT:USDT,0.04579,6384.0,0.04578,16988.0,0.0458,9226.0,0.04581,18706.0
1753591910419,04:51:50.419,bybit,ACT/USDT:USDT,0.04579,2210.0,0.04578,16643.0,0.0458,1153.0,0.04581,8537.0
1753591910388,04:51:50.388,huobi,ACT/USDT:USDT,0.04566,41.0,0.04551,993.0,0.04606,146.0,0.04607,3080.0
1753591910409,04:51:50.409,bitget,ACT/USDT:USDT,0.04582,433.0,0.04581,10000.0,0.04583,43237.0,0.04584,58174.0
1753591910324,04:51:50.324,mexc,ACT/USDT:USDT,0.04579,1802,0.04578,5452,0.0458,2702,0.04581,4997
1753591910445,04:51:50.445,binance,ACT/USDT:USDT,0.04579,16505.0,0.04578,6803.0,0.0458,9226.0,0.04581,18706.0
1753591910459,04:51:50.459,huobi,ACT/USDT:USDT,0.04566,41.0,0.04559,1896.0,0.04606,146.0,0.04607,3080.0
1753591910471,04:51:50.471,huobi,ACT/USDT:USDT,0.04566,41.0,0.04559,1896.0,0.04606,146.0,0.04607,3080.0
1753591910583,04:51:50.583,huobi,ACT/USDT:USDT,0.04566,41.0,0.0456,993.0,0.04606,146.0,0.04607,3080.0
1753591910605,04:51:50.605,okx,ACT/USDT:USDT,0.0458,7123.0,0.04579,17176.0,0.04581,6377.0,0.04582,5264.0
1753591910693,04:51:50.693,huobi,ACT/USDT:USDT,0.04566,41.0,0.0456,993.0,0.04606,146.0,0.04607,3080.0
1753591910725,04:51:50.725,mexc,ACT/USDT:USDT,0.04579,1802,0.04578,5452,0.0458,2702,0.04581,4997
1753591910705,04:51:50.705,bitmex,ACT/USDT:USDT,0.04533,520.0,0.04496,1080.0,0.04644,320.0,0.04672,490.0
1753591910818,04:51:50.818,bybit,ACT/USDT:USDT,0.04579,2210.0,0.04578,16643.0,0.0458,1153.0,0.04581,8537.0
1753591910754,04:51:50.754,bitmex,ACT/USDT:USDT,0.04533,520.0,0.04496,1080.0,0.04644,320.0,0.04672,490.0
1753591910860,04:51:50.860,bitget,ACT/USDT:USDT,0.04582,433.0,0.04581,10000.0,0.04583,43237.0,0.04584,58174.0
1753591910864,04:51:50.864,binance,ACT/USDT:USDT,0.04579,16505.0,0.04578,6803.0,0.0458,9226.0,0.04581,18706.0
1753591910918,04:51:50.918,bybit,ACT/USDT:USDT,0.04579,2210.0,0.04578,16643.0,0.0458,1153.0,0.04581,8537.0
1753591910905,04:51:50.905,huobi,ACT/USDT:USDT,0.04566,41.0,0.0456,993.0,0.04606,146.0,0.04607,2889.0
1753591910917,04:51:50.917,huobi,ACT/USDT:USDT,0.04566,41.0,0.04542,1896.0,0.04606,146.0,0.04607,3318.0
1753591910826,04:51:50.826,mexc,ACT/USDT:USDT,0.04579,1802,0.04578,5601,0.0458,2702,0.04581,9100
1753591911002,04:51:51.002,binance,ACT/USDT:USDT,0.04579,16505.0,0.04578,6803.0,0.0458,9226.0,0.04581,18706.0
1753591911128,04:51:51.128,mexc,ACT/USDT:USDT,0.04579,6354,0.04578,5601,0.0458,2693,0.04581,4881
1753591911160,04:51:51.160,bitget,ACT/USDT:USDT,0.04582,433.0,0.04581,10000.0,0.04583,43237.0,0.04584,58174.0
1753591911323,04:51:51.323,mexc,ACT/USDT:USDT,0.04579,4552,0.04578,1574,0.0458,2693,0.04581,4881
1753591911419,04:51:51.419,bybit,ACT/USDT:USDT,0.04579,2210.0,0.04578,16643.0,0.0458,1153.0,0.04581,8537.0
1753591911460,04:51:51.460,bitget,ACT/USDT:USDT,0.04582,433.0,0.04581,10000.0,0.04583,43237.0,0.04584,58174.0
1753591911519,04:51:51.519,bybit,ACT/USDT:USDT,0.04579,2210.0,0.04578,16643.0,0.0458,1153.0,0.04581,8537.0
1753591911502,04:51:51.502,binance,ACT/USDT:USDT,0.04579,16884.0,0.04578,6803.0,0.0458,9226.0,0.04581,18706.0
1753591911724,04:51:51.724,mexc,ACT/USDT:USDT,0.04579,4552,0.04578,1574,0.0458,2693,0.04581,4881
1753591911744,04:51:51.744,huobi,ACT/USDT:USDT,0.04566,41.0,0.04551,993.0,0.04606,146.0,0.04607,3318.0
1753591911760,04:51:51.760,bitget,ACT/USDT:USDT,0.04582,433.0,0.0458,63511.0,0.04583,43237.0,0.04584,58174.0
1753591911775,04:51:51.775,binance,ACT/USDT:USDT,0.04579,16608.0,0.04578,1884.0,0.0458,9226.0,0.04581,18706.0
1753591911805,04:51:51.805,okx,ACT/USDT:USDT,0.0458,1909.0,0.04579,14186.0,0.04581,8756.0,0.04582,12946.0
1753591911772,04:51:51.772,gateio,ACT/USDT:USDT,0.04579,1201.0,0.04578,851.0,0.0458,76.0,0.04581,188.0
1753591911779,04:51:51.779,gateio,ACT/USDT:USDT,0.04579,1190.0,0.04578,851.0,0.0458,76.0,0.04581,188.0
1753591911919,04:51:51.919,bybit,ACT/USDT:USDT,0.04579,2210.0,0.04578,16643.0,0.0458,1153.0,0.04581,8537.0
1753591911905,04:51:51.905,okx,ACT/USDT:USDT,0.0458,1909.0,0.04579,16739.0,0.04581,8319.0,0.04582,4364.0
1753591911897,04:51:51.897,binance,ACT/USDT:USDT,0.04579,16608.0,0.04578,18042.0,0.0458,9226.0,0.04581,18706.0
1753591911910,04:51:51.910,bitget,ACT/USDT:USDT,0.0458,54557.0,0.04579,46986.0,0.04583,43237.0,0.04584,58174.0
1753591911868,04:51:51.868,bitmex,ACT/USDT:USDT,0.04533,520.0,0.04496,1080.0,0.04644,320.0,0.04672,490.0
1753591911824,04:51:51.824,mexc,ACT/USDT:USDT,0.04579,4552,0.04578,1574,0.0458,2693,0.04581,6317
1753591911920,04:51:51.920,bitmex,ACT/USDT:USDT,0.04533,520.0,0.04497,1080.0,0.04644,320.0,0.04672,490.0
1753591912005,04:51:52.005,okx,ACT/USDT:USDT,0.0458,7113.0,0.04579,17176.0,0.04581,6377.0,0.04582,3407.0
1753591912020,04:51:52.020,binance,ACT/USDT:USDT,0.04579,16884.0,0.04578,18042.0,0.0458,9226.0,0.04581,18706.0
1753591912060,04:51:52.060,bitget,ACT/USDT:USDT,0.04581,433.0,0.0458,63511.0,0.04582,10000.0,0.04583,43237.0
1753591912018,04:51:52.018,gateio,ACT/USDT:USDT,0.04579,1201.0,0.04578,851.0,0.0458,76.0,0.04581,188.0
1753591912119,04:51:52.119,bybit,ACT/USDT:USDT,0.04579,2210.0,0.04578,16643.0,0.0458,1153.0,0.04581,8537.0
1753591912105,04:51:52.105,okx,ACT/USDT:USDT,0.0458,7113.0,0.04579,17176.0,0.04581,6377.0,0.04582,5242.0
1753591912147,04:51:52.147,binance,ACT/USDT:USDT,0.04579,16884.0,0.04578,18042.0,0.0458,9226.0,0.04581,18706.0
1753591908874,04:51:48.874,phemex,ACT/USDT:USDT,0.04579,6387.0,0.04578,11310.0,0.0458,10130.0,0.04581,6808.0
1753591912225,04:51:52.225,mexc,ACT/USDT:USDT,0.04579,4552,0.04578,1574,0.0458,2693,0.04581,6317
1753591912323,04:51:52.323,mexc,ACT/USDT:USDT,0.04579,4552,0.04578,2303,0.0458,2693,0.04581,4881
1753591912524,04:51:52.524,bybit,ACT/USDT:USDT,0.04579,2210.0,0.04578,16643.0,0.0458,1153.0,0.04581,8537.0
1753591912517,04:51:52.517,huobi,ACT/USDT:USDT,0.04566,41.0,0.04551,993.0,0.04606,146.0,0.04607,3905.0
1753591912511,04:51:52.511,bitget,ACT/USDT:USDT,0.04581,433.0,0.0458,63511.0,0.04582,10000.0,0.04583,43237.0
1753591912532,04:51:52.532,binance,ACT/USDT:USDT,0.04579,16884.0,0.04578,18042.0,0.0458,9226.0,0.04581,15930.0
1753591912619,04:51:52.619,bybit,ACT/USDT:USDT,0.04579,2210.0,0.04578,16643.0,0.0458,1153.0,0.04581,8537.0
1753591912661,04:51:52.661,bitget,ACT/USDT:USDT,0.04581,433.0,0.0458,63511.0,0.04582,10000.0,0.04583,43237.0
1753591912702,04:51:52.702,binance,ACT/USDT:USDT,0.04579,16884.0,0.04578,18042.0,0.0458,9226.0,0.04581,15930.0
1753591912724,04:51:52.724,mexc,ACT/USDT:USDT,0.04579,4552,0.04578,2303,0.0458,2693,0.04581,4881
1753591912811,04:51:52.811,bitget,ACT/USDT:USDT,0.04581,433.0,0.0458,63511.0,0.04582,10000.0,0.04583,43237.0
1753591912868,04:51:52.868,huobi,ACT/USDT:USDT,0.04566,41.0,0.04551,993.0,0.04606,146.0,0.04607,3476.0
1753591912864,04:51:52.864,mexc,ACT/USDT:USDT,0.04579,4552,0.04578,2860,0.0458,2693,0.04581,6248
1753591913019,04:51:53.019,bybit,ACT/USDT:USDT,0.04579,2210.0,0.04578,16643.0,0.0458,1153.0,0.04581,8537.0
1753591912993,04:51:52.993,huobi,ACT/USDT:USDT,0.04566,41.0,0.04551,993.0,0.04606,146.0,0.04607,3476.0
1753591913119,04:51:53.119,bybit,ACT/USDT:USDT,0.04579,2210.0,0.04578,16643.0,0.0458,1153.0,0.04581,8537.0
1753591913102,04:51:53.102,binance,ACT/USDT:USDT,0.04579,16884.0,0.04578,18042.0,0.0458,9226.0,0.04581,15930.0
1753591913226,04:51:53.226,mexc,ACT/USDT:USDT,0.04579,4552,0.04578,2860,0.0458,2693,0.04581,4881
1753591913236,04:51:53.236,bitmex,ACT/USDT:USDT,0.04533,520.0,0.04497,1080.0,0.04644,320.0,0.04672,490.0
1753591913325,04:51:53.325,mexc,ACT/USDT:USDT,0.04579,4552,0.04578,1574,0.0458,2693,0.04581,4881
1753591913618,04:51:53.618,bybit,ACT/USDT:USDT,0.04579,2210.0,0.04578,16643.0,0.0458,1153.0,0.04581,8537.0
1753591913719,04:51:53.719,bybit,ACT/USDT:USDT,0.04579,2210.0,0.04578,16643.0,0.0458,1153.0,0.04581,8537.0
1753591913702,04:51:53.702,binance,ACT/USDT:USDT,0.04579,16884.0,0.04578,18042.0,0.0458,9226.0,0.04581,15930.0
1753591913711,04:51:53.711,bitget,ACT/USDT:USDT,0.04581,433.0,0.0458,63511.0,0.04582,10000.0,0.04583,43237.0
1753591913726,04:51:53.726,mexc,ACT/USDT:USDT,0.04579,4552,0.04578,1574,0.0458,2693,0.04581,4881
1753591913861,04:51:53.861,bitget,ACT/USDT:USDT,0.04581,433.0,0.0458,63511.0,0.04582,10000.0,0.04583,43237.0
1753591913836,04:51:53.836,mexc,ACT/USDT:USDT,0.04579,4552,0.04578,1574,0.0458,2693,0.04581,4881
1753591914011,04:51:54.011,bitget,ACT/USDT:USDT,0.04581,433.0,0.0458,63511.0,0.04582,10000.0,0.04583,43237.0
1753591914218,04:51:54.218,bybit,ACT/USDT:USDT,0.04579,2210.0,0.04578,16643.0,0.0458,1153.0,0.04581,8537.0
1753591914227,04:51:54.227,mexc,ACT/USDT:USDT,0.04579,4552,0.04578,1574,0.0458,2693,0.04581,4881
1753591914318,04:51:54.318,bybit,ACT/USDT:USDT,0.04579,2210.0,0.04578,16643.0,0.0458,1153.0,0.04581,8537.0
1753591914312,04:51:54.312,bitget,ACT/USDT:USDT,0.04581,433.0,0.0458,63511.0,0.04582,10000.0,0.04583,43237.0
1753591856805,04:50:56.805,blofin,ACT/USDT:USDT,0.04575,680.0,0.04574,4121.0,0.04578,14.0,0.0458,7907.0
1753591914405,04:51:54.405,okx,ACT/USDT:USDT,0.0458,11415.0,0.04579,12118.0,0.04581,2987.0,0.04582,5242.0
1753591914325,04:51:54.325,mexc,ACT/USDT:USDT,0.04579,4552,0.04578,1922,0.0458,2693,0.04581,4881
1753591914448,04:51:54.448,huobi,ACT/USDT:USDT,0.04566,41.0,0.04551,993.0,0.04606,146.0,0.04607,3476.0
1753591914462,04:51:54.462,bitget,ACT/USDT:USDT,0.04581,433.0,0.0458,63511.0,0.04582,10000.0,0.04583,43237.0
1753591914454,04:51:54.454,bitmex,ACT/USDT:USDT,0.04533,520.0,0.04497,1080.0,0.04644,320.0,0.04672,490.0
1753591914528,04:51:54.528,bitmex,ACT/USDT:USDT,0.04533,520.0,0.04497,1080.0,0.04644,320.0,0.04672,490.0
1753591914568,04:51:54.568,mexc,ACT/USDT:USDT,0.04579,4552,0.04578,1922,0.0458,2693,0.04581,4881
1753591914919,04:51:54.919,bybit,ACT/USDT:USDT,0.04579,2210.0,0.04578,16643.0,0.0458,1153.0,0.04581,8537.0
1753591914826,04:51:54.826,mexc,ACT/USDT:USDT,0.04579,4552,0.04578,1574,0.0458,2693,0.04581,4881
1753591915226,04:51:55.226,mexc,ACT/USDT:USDT,0.04579,4552,0.04578,1574,0.0458,2693,0.04581,4881
1753591915212,04:51:55.212,bitget,ACT/USDT:USDT,0.04581,433.0,0.0458,63511.0,0.04582,10000.0,0.04583,43237.0
1753591915199,04:51:55.199,bitmex,ACT/USDT:USDT,0.04533,520.0,0.04497,1080.0,0.04644,320.0,0.04672,490.0
1753591915249,04:51:55.249,bitmex,ACT/USDT:USDT,0.04533,520.0,0.04497,1080.0,0.04644,320.0,0.04672,490.0
1753591915362,04:51:55.362,bitget,ACT/USDT:USDT,0.04581,433.0,0.0458,63511.0,0.04582,10000.0,0.04583,43237.0
1753591915379,04:51:55.379,binance,ACT/USDT:USDT,0.04579,16884.0,0.04578,18042.0,0.0458,9226.0,0.04581,15930.0
1753591915419,04:51:55.419,bybit,ACT/USDT:USDT,0.04579,2210.0,0.04578,16643.0,0.0458,1153.0,0.04581,8537.0
1753591915405,04:51:55.405,okx,ACT/USDT:USDT,0.0458,11415.0,0.04579,12118.0,0.04581,2987.0,0.04582,5242.0
1753591915324,04:51:55.324,mexc,ACT/USDT:USDT,0.04579,4552,0.04578,1574,0.0458,2693,0.04581,6758
1753591915519,04:51:55.519,bybit,ACT/USDT:USDT,0.04579,2210.0,0.04578,16643.0,0.0458,1153.0,0.04581,8537.0
1753591915505,04:51:55.505,okx,ACT/USDT:USDT,0.0458,10458.0,0.04579,12118.0,0.04581,2987.0,0.04582,6199.0
1753591915513,04:51:55.513,huobi,ACT/USDT:USDT,0.04566,41.0,0.04553,2216.0,0.04606,146.0,0.04607,3476.0
1753591915512,04:51:55.512,bitget,ACT/USDT:USDT,0.04581,433.0,0.0458,63511.0,0.04582,10000.0,0.04583,43237.0
1753591915586,04:51:55.586,huobi,ACT/USDT:USDT,0.04566,41.0,0.04554,993.0,0.04606,146.0,0.04607,1580.0
1753591915635,04:51:55.635,huobi,ACT/USDT:USDT,0.04566,41.0,0.04554,993.0,0.04606,146.0,0.04607,1580.0
1753591915703,04:51:55.703,huobi,ACT/USDT:USDT,0.04566,41.0,0.04554,993.0,0.04606,146.0,0.04607,1580.0
1753591915727,04:51:55.727,mexc,ACT/USDT:USDT,0.04579,4552,0.04578,1574,0.0458,2693,0.04581,4881
1753591915731,04:51:55.731,binance,ACT/USDT:USDT,0.04579,16884.0,0.04578,18042.0,0.0458,9226.0,0.04581,15930.0
1753591915832,04:51:55.832,binance,ACT/USDT:USDT,0.04579,16884.0,0.04578,18042.0,0.0458,9359.0,0.04581,15930.0
1753591915789,04:51:55.789,bitmex,ACT/USDT:USDT,0.04533,520.0,0.04497,1080.0,0.04644,320.0,0.04672,490.0
1753591915919,04:51:55.919,bybit,ACT/USDT:USDT,0.04579,2210.0,0.04578,16643.0,0.0458,1153.0,0.04581,8537.0
1753591915903,04:51:55.903,huobi,ACT/USDT:USDT,0.04566,41.0,0.04558,1896.0,0.04606,146.0,0.04607,1580.0
1753591915827,04:51:55.827,mexc,ACT/USDT:USDT,0.04579,4552,0.04578,2158,0.0458,2693,0.04581,5811
1753591915987,04:51:55.987,huobi,ACT/USDT:USDT,0.04566,41.0,0.04559,993.0,0.04606,146.0,0.04607,1580.0
1753591916019,04:51:56.019,bybit,ACT/USDT:USDT,0.04579,2210.0,0.04578,16643.0,0.0458,1153.0,0.04581,8537.0
1753591916028,04:51:56.028,huobi,ACT/USDT:USDT,0.04566,41.0,0.04559,993.0,0.04606,146.0,0.04607,1580.0
1753591916113,04:51:56.113,bitget,ACT/USDT:USDT,0.04581,433.0,0.0458,63511.0,0.04582,10000.0,0.04583,43237.0
1753591916206,04:51:56.206,binance,ACT/USDT:USDT,0.04579,16884.0,0.04578,18042.0,0.0458,9359.0,0.04581,17519.0
1753591916227,04:51:56.227,mexc,ACT/USDT:USDT,0.04579,4552,0.04578,2158,0.0458,2693,0.04581,4881
1753591916263,04:51:56.263,bitget,ACT/USDT:USDT,0.04581,433.0,0.0458,63511.0,0.04582,10000.0,0.04583,43237.0
1753591916346,04:51:56.346,binance,ACT/USDT:USDT,0.04579,16884.0,0.04578,18042.0,0.0458,9359.0,0.04581,21171.0
1753591916329,04:51:56.329,mexc,ACT/USDT:USDT,0.04579,4552,0.04578,1914,0.0458,2693,0.04581,6297
1753591916413,04:51:56.413,bitget,ACT/USDT:USDT,0.04581,433.0,0.0458,63511.0,0.04582,10000.0,0.04583,43237.0
1753591916524,04:51:56.524,bybit,ACT/USDT:USDT,0.04579,2210.0,0.04578,16643.0,0.0458,1153.0,0.04581,8537.0
1753591916619,04:51:56.619,bybit,ACT/USDT:USDT,0.04579,2210.0,0.04578,16643.0,0.0458,1153.0,0.04581,8537.0
1753591916602,04:51:56.602,binance,ACT/USDT:USDT,0.04579,16884.0,0.04578,18042.0,0.0458,9359.0,0.04581,21171.0
1753591916729,04:51:56.729,mexc,ACT/USDT:USDT,0.04579,4552,0.04578,1914,0.0458,2693,0.04581,6297
1753591916827,04:51:56.827,mexc,ACT/USDT:USDT,0.04579,4552,0.04578,1962,0.0458,2693,0.04581,7315
1753591917005,04:51:57.005,okx,ACT/USDT:USDT,0.0458,7807.0,0.04579,10522.0,0.04581,2987.0,0.04582,7795.0
1753591916953,04:51:56.953,bitmex,ACT/USDT:USDT,0.04533,520.0,0.04497,1080.0,0.04644,320.0,0.04672,490.0
1753591917003,04:51:57.003,bitmex,ACT/USDT:USDT,0.04533,520.0,0.04497,1080.0,0.04644,320.0,0.04672,490.0
1753591917119,04:51:57.119,bybit,ACT/USDT:USDT,0.04579,2210.0,0.04578,16643.0,0.0458,1153.0,0.04581,8537.0
1753591917219,04:51:57.219,bybit,ACT/USDT:USDT,0.04579,2210.0,0.04578,16643.0,0.0458,1153.0,0.04581,8537.0
1753591917202,04:51:57.202,binance,ACT/USDT:USDT,0.04579,16884.0,0.04578,18042.0,0.0458,9359.0,0.04581,21171.0
1753591917126,04:51:57.126,mexc,ACT/USDT:USDT,0.04579,4019,0.04578,4761,0.0458,2537,0.04581,5822
1753591857308,04:50:57.308,blofin,ACT/USDT:USDT,0.04575,680.0,0.04574,4121.0,0.04578,10.0,0.0458,7907.0
1753591917405,04:51:57.405,okx,ACT/USDT:USDT,0.0458,7807.0,0.04579,10522.0,0.04581,2987.0,0.04582,7795.0
1753591917463,04:51:57.463,bitget,ACT/USDT:USDT,0.04581,433.0,0.0458,63511.0,0.04582,10000.0,0.04583,43237.0
1753591917328,04:51:57.328,mexc,ACT/USDT:USDT,0.04579,4019,0.04578,4761,0.0458,2537,0.04581,5822
1753591917614,04:51:57.614,bitget,ACT/USDT:USDT,0.04581,433.0,0.0458,63511.0,0.04582,10000.0,0.04583,43237.0
1753591917718,04:51:57.718,bybit,ACT/USDT:USDT,0.04579,2210.0,0.04578,16643.0,0.0458,1153.0,0.04581,8537.0
1753591917728,04:51:57.728,mexc,ACT/USDT:USDT,0.04579,4019,0.04578,4761,0.0458,2537,0.04581,5822
1753591917764,04:51:57.764,bitget,ACT/USDT:USDT,0.04581,433.0,0.0458,63511.0,0.04582,10000.0,0.04583,43237.0
1753591917818,04:51:57.818,bybit,ACT/USDT:USDT,0.04579,2210.0,0.04578,16643.0,0.0458,1153.0,0.04581,8537.0
1753591917805,04:51:57.805,okx,ACT/USDT:USDT,0.0458,7807.0,0.04579,10085.0,0.04581,2987.0,0.04582,8232.0
1753591917802,04:51:57.802,binance,ACT/USDT:USDT,0.04579,16884.0,0.04578,18042.0,0.0458,9359.0,0.04581,21171.0
1753591917822,04:51:57.822,huobi,ACT/USDT:USDT,0.04566,41.0,0.04559,993.0,0.04606,146.0,0.04607,993.0
1753591917827,04:51:57.827,mexc,ACT/USDT:USDT,0.04579,4019,0.04578,6428,0.0458,2537,0.04581,5822
1753591918019,04:51:58.019,bybit,ACT/USDT:USDT,0.04579,2210.0,0.04578,16481.0,0.0458,1153.0,0.04581,8699.0
1753591917986,04:51:57.986,binance,ACT/USDT:USDT,0.04579,16884.0,0.04578,18042.0,0.0458,9492.0,0.04581,21171.0
1753591918119,04:51:58.119,bybit,ACT/USDT:USDT,0.04579,2210.0,0.04578,16481.0,0.0458,1153.0,0.04581,8699.0
1753591918127,04:51:58.127,binance,ACT/USDT:USDT,0.04579,16884.0,0.04578,18042.0,0.0458,9492.0,0.04581,21171.0
1753591918229,04:51:58.229,mexc,ACT/USDT:USDT,0.04579,4019,0.04578,6428,0.0458,2537,0.04581,5822
1753591918318,04:51:58.318,bybit,ACT/USDT:USDT,0.04579,2210.0,0.04578,16481.0,0.0458,1153.0,0.04581,8699.0
1753591918338,04:51:58.338,binance,ACT/USDT:USDT,0.04579,16884.0,0.04578,18042.0,0.0458,9492.0,0.04581,21171.0
1753591918331,04:51:58.331,mexc,ACT/USDT:USDT,0.04579,4019,0.04578,4761,0.0458,2537,0.04581,5822
1753591918502,04:51:58.502,binance,ACT/USDT:USDT,0.04579,16884.0,0.04578,18042.0,0.0458,9492.0,0.04581,21171.0
1753591918514,04:51:58.514,bitget,ACT/USDT:USDT,0.04581,433.0,0.0458,63511.0,0.04582,10000.0,0.04583,43237.0
1753591918396,04:51:58.396,phemex,ACT/USDT:USDT,0.04579,6387.0,0.04578,11310.0,0.0458,10037.0,0.04581,6808.0
1753591918664,04:51:58.664,bitget,ACT/USDT:USDT,0.04581,433.0,0.0458,63511.0,0.04582,10000.0,0.04583,43237.0
1753591918705,04:51:58.705,okx,ACT/USDT:USDT,0.0458,7807.0,0.04579,9128.0,0.04581,5755.0,0.04582,8232.0
1753591918731,04:51:58.731,mexc,ACT/USDT:USDT,0.04579,4019,0.04578,4761,0.0458,2537,0.04581,5822
1753591918791,04:51:58.791,binance,ACT/USDT:USDT,0.04579,16884.0,0.04578,18042.0,0.0458,9492.0,0.04581,21171.0
1753591918902,04:51:58.902,binance,ACT/USDT:USDT,0.04579,16884.0,0.04578,18042.0,0.0458,9492.0,0.04581,21171.0
1753591918865,04:51:58.865,mexc,ACT/USDT:USDT,0.04579,4019,0.04578,4761,0.0458,2537,0.04581,5822
1753591918964,04:51:58.964,bitget,ACT/USDT:USDT,0.04581,433.0,0.0458,63511.0,0.04582,10000.0,0.04583,43237.0
1753591919012,04:51:59.012,phemex,ACT/USDT:USDT,0.04579,3617.0,0.04578,11310.0,0.0458,10037.0,0.04581,6808.0
1753591919114,04:51:59.114,bitget,ACT/USDT:USDT,0.04581,433.0,0.0458,63511.0,0.04582,10000.0,0.04583,43237.0
1753591919229,04:51:59.229,mexc,ACT/USDT:USDT,0.04579,4019,0.04578,4761,0.0458,2537,0.04581,5822
1753591919264,04:51:59.264,bitget,ACT/USDT:USDT,0.04581,433.0,0.0458,63511.0,0.04582,10000.0,0.04583,43237.0
1753591919282,04:51:59.282,binance,ACT/USDT:USDT,0.04579,16884.0,0.04578,18042.0,0.0458,9492.0,0.04581,21171.0
1753591919328,04:51:59.328,mexc,ACT/USDT:USDT,0.04579,4019,0.04578,5610,0.0458,2537,0.04581,6933
1753591919519,04:51:59.519,bybit,ACT/USDT:USDT,0.04579,2210.0,0.04578,16481.0,0.0458,1153.0,0.04581,8699.0
1753591919502,04:51:59.502,binance,ACT/USDT:USDT,0.04579,16884.0,0.04578,18042.0,0.0458,9492.0,0.04581,21171.0
1753591919619,04:51:59.619,bybit,ACT/USDT:USDT,0.04579,2210.0,0.04578,16481.0,0.0458,1153.0,0.04581,8699.0
1753591919628,04:51:59.628,binance,ACT/USDT:USDT,0.04579,16884.0,0.04578,18042.0,0.0458,9492.0,0.04581,21171.0
1753591919715,04:51:59.715,bitget,ACT/USDT:USDT,0.04581,433.0,0.0458,63511.0,0.04582,10000.0,0.04583,43237.0
1753591919729,04:51:59.729,mexc,ACT/USDT:USDT,0.04579,4019,0.04578,5610,0.0458,2537,0.04581,5822
1753591919865,04:51:59.865,bitget,ACT/USDT:USDT,0.04581,433.0,0.0458,63511.0,0.04582,10000.0,0.04583,43237.0
1753591919829,04:51:59.829,mexc,ACT/USDT:USDT,0.04579,4019,0.04578,6408,0.0458,2537,0.04581,5822
1753591920020,04:52:00.020,bybit,ACT/USDT:USDT,0.04579,2210.0,0.04578,16481.0,0.0458,1153.0,0.04581,8699.0
1753591920015,04:52:00.015,bitget,ACT/USDT:USDT,0.04581,433.0,0.0458,63511.0,0.04582,10000.0,0.04583,43237.0
1753591920063,04:52:00.063,binance,ACT/USDT:USDT,0.04579,16884.0,0.04578,18042.0,0.0458,9492.0,0.04581,21171.0
1753591920119,04:52:00.119,bybit,ACT/USDT:USDT,0.04579,2210.0,0.04578,16481.0,0.0458,1153.0,0.04581,8699.0
1753591920105,04:52:00.105,okx,ACT/USDT:USDT,0.0458,7807.0,0.04579,9128.0,0.04581,7775.0,0.04582,6397.0
1753591920201,04:52:00.201,binance,ACT/USDT:USDT,0.04579,16884.0,0.04578,18042.0,0.0458,9492.0,0.04581,19582.0
1753591920228,04:52:00.228,mexc,ACT/USDT:USDT,0.04579,4019,0.04578,6408,0.0458,2537,0.04581,5822
1753591920287,04:52:00.287,huobi,ACT/USDT:USDT,0.04566,41.0,0.04559,993.0,0.04606,146.0,0.04607,1760.0
1753591920315,04:52:00.315,bitget,ACT/USDT:USDT,0.04581,433.0,0.0458,63511.0,0.04582,10000.0,0.04583,43237.0
1753591920329,04:52:00.329,mexc,ACT/USDT:USDT,0.04579,4019,0.04578,4761,0.0458,2537,0.04581,5822
1753591920451,04:52:00.451,huobi,ACT/USDT:USDT,0.04566,41.0,0.04559,993.0,0.04606,146.0,0.04607,1760.0
1753591920456,04:52:00.456,gateio,ACT/USDT:USDT,0.04579,1201.0,0.04578,108.0,0.0458,76.0,0.04581,244.0
1753591920465,04:52:00.465,bitget,ACT/USDT:USDT,0.04581,433.0,0.0458,63511.0,0.04582,10000.0,0.04583,43237.0
1753591920505,04:52:00.505,okx,ACT/USDT:USDT,0.0458,7807.0,0.04579,10085.0,0.04581,5008.0,0.04582,6397.0
1753591920491,04:52:00.491,huobi,ACT/USDT:USDT,0.04566,41.0,0.04559,993.0,0.04606,146.0,0.04607,1760.0
1753591920619,04:52:00.619,bybit,ACT/USDT:USDT,0.04579,2210.0,0.04578,16481.0,0.0458,1153.0,0.04581,8537.0
1753591920605,04:52:00.605,okx,ACT/USDT:USDT,0.0458,7806.0,0.04579,9128.0,0.04581,7871.0,0.04582,6397.0
1753591920602,04:52:00.602,binance,ACT/USDT:USDT,0.04579,16884.0,0.04578,18042.0,0.0458,9492.0,0.04581,19582.0
1753591920615,04:52:00.615,bitget,ACT/USDT:USDT,0.04581,433.0,0.0458,63511.0,0.04582,10000.0,0.04583,43237.0
1753591920651,04:52:00.651,huobi,ACT/USDT:USDT,0.04566,41.0,0.04559,993.0,0.04606,146.0,0.04607,1760.0
1753591920665,04:52:00.665,huobi,ACT/USDT:USDT,0.04566,41.0,0.04524,591.0,0.04606,146.0,0.04607,1760.0
1753591920486,04:52:00.486,mexc,ACT/USDT:USDT,0.04579,4019,0.04578,4761,0.0458,2537,0.04581,5822
1753591920719,04:52:00.719,bybit,ACT/USDT:USDT,0.04579,2210.0,0.04578,16481.0,0.0458,1153.0,0.04581,8699.0
1753591920760,04:52:00.760,binance,ACT/USDT:USDT,0.04579,16884.0,0.04578,18042.0,0.0458,9492.0,0.04581,19582.0
1753591920915,04:52:00.915,bitget,ACT/USDT:USDT,0.04581,433.0,0.0458,63511.0,0.04582,10000.0,0.04583,43237.0
1753591920829,04:52:00.829,mexc,ACT/USDT:USDT,0.04579,4019,0.04578,5409,0.0458,2537,0.04581,5822
1753591921005,04:52:01.005,binance,ACT/USDT:USDT,0.04579,16771.0,0.04578,18042.0,0.0458,9492.0,0.04581,19582.0
1753591921118,04:52:01.118,bybit,ACT/USDT:USDT,0.04579,2210.0,0.04578,16481.0,0.0458,1153.0,0.04581,8699.0
1753591921105,04:52:01.105,okx,ACT/USDT:USDT,0.0458,7805.0,0.04579,9128.0,0.04581,7922.0,0.04582,6397.0
1753591921219,04:52:01.219,bybit,ACT/USDT:USDT,0.04579,2210.0,0.04578,16481.0,0.0458,1153.0,0.04581,8699.0
1753591921202,04:52:01.202,binance,ACT/USDT:USDT,0.04579,16771.0,0.04578,18042.0,0.0458,9492.0,0.04581,19582.0
1753591921229,04:52:01.229,mexc,ACT/USDT:USDT,0.04579,4019,0.04578,5409,0.0458,2537,0.04581,5822
1753591921259,04:52:01.259,huobi,ACT/USDT:USDT,0.04566,41.0,0.04561,1896.0,0.04606,146.0,0.04607,1760.0
1753591921273,04:52:01.273,huobi,ACT/USDT:USDT,0.04566,41.0,0.04562,993.0,0.04606,146.0,0.04607,1760.0
1753591921324,04:52:01.324,binance,ACT/USDT:USDT,0.04579,16771.0,0.04578,18042.0,0.0458,9492.0,0.04581,19582.0
1753591921381,04:52:01.381,huobi,ACT/USDT:USDT,0.04566,41.0,0.04562,993.0,0.04606,146.0,0.04607,1760.0
1753591921379,04:52:01.379,bitmex,ACT/USDT:USDT,0.04533,520.0,0.04497,1080.0,0.04644,320.0,0.04672,490.0
1753591921330,04:52:01.330,mexc,ACT/USDT:USDT,0.04579,4019,0.04578,4761,0.0458,2537,0.04581,5822
1753591921464,04:52:01.464,binance,ACT/USDT:USDT,0.04579,16771.0,0.04578,18042.0,0.0458,9492.0,0.04581,19582.0
1753591921520,04:52:01.520,bybit,ACT/USDT:USDT,0.04579,2210.0,0.04578,16643.0,0.0458,1153.0,0.04581,2246.0
1753591921504,04:52:01.504,huobi,ACT/USDT:USDT,0.04566,41.0,0.04562,993.0,0.04606,146.0,0.04607,1760.0
1753591921472,04:52:01.472,bitmex,ACT/USDT:USDT,0.04533,520.0,0.04497,1080.0,0.04644,320.0,0.04672,490.0
1753591921584,04:52:01.584,binance,ACT/USDT:USDT,0.04579,16771.0,0.04578,18042.0,0.0458,8770.0,0.04581,19582.0
1753591921521,04:52:01.521,gateio,ACT/USDT:USDT,0.04579,1201.0,0.04578,294.0,0.0458,76.0,0.04581,244.0
1753591921605,04:52:01.605,okx,ACT/USDT:USDT,0.0458,8733.0,0.04579,12087.0,0.04581,3033.0,0.04582,6784.0
1753591921593,04:52:01.593,huobi,ACT/USDT:USDT,0.04566,41.0,0.04562,993.0,0.04606,146.0,0.04607,1760.0
1753591921607,04:52:01.607,huobi,ACT/USDT:USDT,0.04566,41.0,0.04562,993.0,0.04606,146.0,0.04607,1760.0
1753591921632,04:52:01.632,huobi,ACT/USDT:USDT,0.04566,41.0,0.04554,993.0,0.04606,146.0,0.04607,1760.0
1753591921672,04:52:01.672,gateio,ACT/USDT:USDT,0.04579,1201.0,0.04578,350.0,0.0458,76.0,0.04581,63.0
1753591921722,04:52:01.722,bybit,ACT/USDT:USDT,0.04579,2210.0,0.04578,16643.0,0.0458,1153.0,0.04581,2246.0
1753591921705,04:52:01.705,okx,ACT/USDT:USDT,0.0458,7795.0,0.04579,12087.0,0.04581,3035.0,0.04582,6784.0
1753591921720,04:52:01.720,binance,ACT/USDT:USDT,0.04579,16771.0,0.04578,18042.0,0.0458,376.0,0.04581,19582.0
1753591921732,04:52:01.732,mexc,ACT/USDT:USDT,0.04579,4019,0.04578,4761,0.0458,2537,0.04581,5822
1753591921682,04:52:01.682,gateio,ACT/USDT:USDT,0.04579,1201.0,0.04578,350.0,0.0458,76.0,0.04581,7.0
1753591921819,04:52:01.819,bybit,ACT/USDT:USDT,0.04579,2210.0,0.04578,16643.0,0.04581,2246.0,0.04582,17966.0
1753591921824,04:52:01.824,binance,ACT/USDT:USDT,0.04579,16771.0,0.04578,18042.0,0.0458,376.0,0.04581,19582.0
1753591921846,04:52:01.846,huobi,ACT/USDT:USDT,0.04566,41.0,0.04554,993.0,0.04606,83.0,0.04607,1760.0
1753591921869,04:52:01.869,huobi,ACT/USDT:USDT,0.04566,41.0,0.04554,993.0,0.04606,146.0,0.04607,1760.0
1753591921919,04:52:01.919,bybit,ACT/USDT:USDT,0.04579,7203.0,0.04578,16643.0,0.04581,2246.0,0.04582,17966.0
1753591921830,04:52:01.830,mexc,ACT/USDT:USDT,0.04579,4019,0.04578,6655,0.0458,2537,0.04581,5822
1753591921953,04:52:01.953,huobi,ACT/USDT:USDT,0.04566,41.0,0.04554,993.0,0.04606,83.0,0.04607,1760.0
1753591921966,04:52:01.966,bitget,ACT/USDT:USDT,0.04581,10433.0,0.0458,62419.0,0.04583,32510.0,0.04584,58174.0
1753591922020,04:52:02.020,binance,ACT/USDT:USDT,0.04579,16771.0,0.04578,18403.0,0.0458,376.0,0.04581,19582.0
1753591922022,04:52:02.022,huobi,ACT/USDT:USDT,0.04566,41.0,0.04554,993.0,0.04606,114.0,0.04607,1760.0
1753591922105,04:52:02.105,okx,ACT/USDT:USDT,0.0458,17925.0,0.04579,12087.0,0.04581,384.0,0.04582,5221.0
1753591922116,04:52:02.116,bitget,ACT/USDT:USDT,0.04581,26001.0,0.0458,62419.0,0.04583,32510.0,0.04584,58174.0
1753591922133,04:52:02.133,binance,ACT/USDT:USDT,0.04579,22802.0,0.04578,18403.0,0.0458,376.0,0.04581,19375.0
1753591922220,04:52:02.220,bybit,ACT/USDT:USDT,0.04579,7203.0,0.04578,16643.0,0.04581,2246.0,0.04582,17966.0
1753591922231,04:52:02.231,mexc,ACT/USDT:USDT,0.04579,4019,0.04578,6655,0.0458,2537,0.04581,5822
1753591922266,04:52:02.266,bitget,ACT/USDT:USDT,0.04581,26001.0,0.0458,62419.0,0.04583,32510.0,0.04584,58174.0
1753591922325,04:52:02.325,binance,ACT/USDT:USDT,0.04579,22802.0,0.04578,18403.0,0.0458,8481.0,0.04581,19375.0
1753591857808,04:50:57.808,blofin,ACT/USDT:USDT,0.04575,680.0,0.04573,7636.0,0.04578,10.0,0.04582,1505.0
1753591922335,04:52:02.335,mexc,ACT/USDT:USDT,0.04579,4019,0.04578,6342,0.0458,2537,0.04581,8406
1753591922399,04:52:02.399,gateio,ACT/USDT:USDT,0.04579,1201.0,0.04578,350.0,0.0458,76.0,0.04581,193.0
1753591922478,04:52:02.478,binance,ACT/USDT:USDT,0.04579,22802.0,0.04578,18403.0,0.0458,8481.0,0.04581,19375.0
1753591922566,04:52:02.566,bitget,ACT/USDT:USDT,0.04581,433.0,0.0458,62419.0,0.04583,32510.0,0.04584,58174.0
1753591922599,04:52:02.599,binance,ACT/USDT:USDT,0.04579,22802.0,0.04578,18403.0,0.0458,8481.0,0.04581,18982.0
1753591922613,04:52:02.613,bitmex,ACT/USDT:USDT,0.04533,520.0,0.04497,1080.0,0.04644,320.0,0.04672,490.0
1753591922668,04:52:02.668,bitmex,ACT/USDT:USDT,0.04533,520.0,0.04497,1080.0,0.04644,320.0,0.04672,490.0
1753591922736,04:52:02.736,mexc,ACT/USDT:USDT,0.04579,4019,0.04578,6342,0.0458,2537,0.04581,8406
1753591922819,04:52:02.819,bybit,ACT/USDT:USDT,0.04579,7203.0,0.04578,16643.0,0.04581,2246.0,0.04582,17966.0
1753591922867,04:52:02.867,bitget,ACT/USDT:USDT,0.04581,433.0,0.0458,62419.0,0.04583,32510.0,0.04584,58174.0
1753591922902,04:52:02.902,binance,ACT/USDT:USDT,0.04579,22802.0,0.04578,18403.0,0.0458,8481.0,0.04581,18982.0
1753591922834,04:52:02.834,mexc,ACT/USDT:USDT,0.04579,4019,0.04578,4761,0.0458,2537,0.04581,5822
1753591923017,04:52:03.017,bitget,ACT/USDT:USDT,0.04581,433.0,0.0458,62419.0,0.04583,32510.0,0.04584,58174.0
1753591923130,04:52:03.130,mexc,ACT/USDT:USDT,0.04579,5814,0.04578,5464,0.0458,2096,0.04581,4014
1753591923317,04:52:03.317,bitget,ACT/USDT:USDT,0.04581,433.0,0.0458,62419.0,0.04583,32510.0,0.04584,58174.0
1753591923418,04:52:03.418,bybit,ACT/USDT:USDT,0.04579,7203.0,0.04578,16643.0,0.04581,2246.0,0.04582,17966.0
1753591923405,04:52:03.405,okx,ACT/USDT:USDT,0.0458,13094.0,0.04579,12087.0,0.04581,3045.0,0.04582,6784.0
1753591923458,04:52:03.458,binance,ACT/USDT:USDT,0.04579,22802.0,0.04578,18403.0,0.0458,8481.0,0.04581,18982.0
1753591923467,04:52:03.467,bitget,ACT/USDT:USDT,0.04581,433.0,0.0458,62419.0,0.04583,32510.0,0.04584,58174.0
1753591923519,04:52:03.519,bybit,ACT/USDT:USDT,0.04579,7203.0,0.04578,16643.0,0.04581,2246.0,0.04582,17966.0
1753591923505,04:52:03.505,okx,ACT/USDT:USDT,0.0458,13094.0,0.04579,12087.0,0.04581,3035.0,0.04582,5221.0
1753591923333,04:52:03.333,mexc,ACT/USDT:USDT,0.04579,5814,0.04578,7238,0.0458,2096,0.04581,5899
1753591923559,04:52:03.559,binance,ACT/USDT:USDT,0.04579,22802.0,0.04578,18403.0,0.0458,8481.0,0.04581,18982.0
1753591923617,04:52:03.617,bitget,ACT/USDT:USDT,0.04581,433.0,0.0458,62419.0,0.04583,32510.0,0.04584,58174.0
1753591923657,04:52:03.657,gateio,ACT/USDT:USDT,0.04579,1179.0,0.04578,350.0,0.0458,76.0,0.04581,193.0
1753591923705,04:52:03.705,okx,ACT/USDT:USDT,0.0458,13094.0,0.04579,12087.0,0.04581,3035.0,0.04582,6737.0
1753591923735,04:52:03.735,mexc,ACT/USDT:USDT,0.04579,5814,0.04578,7238,0.0458,2096,0.04581,5899
1753591923748,04:52:03.748,huobi,ACT/USDT:USDT,0.0458,76.0,0.04566,41.0,0.04606,114.0,0.04607,1760.0
1753591923755,04:52:03.755,huobi,ACT/USDT:USDT,0.04566,41.0,0.04554,993.0,0.04606,114.0,0.04607,1760.0
1753591923767,04:52:03.767,bitget,ACT/USDT:USDT,0.04581,433.0,0.0458,62419.0,0.04583,32510.0,0.04584,58174.0
1753591923802,04:52:03.802,binance,ACT/USDT:USDT,0.04579,22802.0,0.04578,23403.0,0.0458,8481.0,0.04581,18982.0
1753591923816,04:52:03.816,huobi,ACT/USDT:USDT,0.04566,15.0,0.04554,993.0,0.04606,114.0,0.04607,1760.0
1753591923855,04:52:03.855,huobi,ACT/USDT:USDT,0.04554,993.0,0.04553,2216.0,0.04606,114.0,0.04607,1760.0
1753591923918,04:52:03.918,bybit,ACT/USDT:USDT,0.04579,7203.0,0.04578,16643.0,0.04581,2246.0,0.04582,17966.0
1753591923884,04:52:03.884,huobi,ACT/USDT:USDT,0.04554,993.0,0.04553,2216.0,0.04606,114.0,0.04607,1760.0
1753591923911,04:52:03.911,huobi,ACT/USDT:USDT,0.04566,41.0,0.04554,993.0,0.04606,114.0,0.04607,1760.0
1753591923919,04:52:03.919,binance,ACT/USDT:USDT,0.04579,22802.0,0.04578,23403.0,0.0458,8481.0,0.04581,18982.0
1753591923834,04:52:03.834,mexc,ACT/USDT:USDT,0.04579,5814,0.04578,5464,0.0458,2096,0.04581,4647
1753591923940,04:52:03.940,huobi,ACT/USDT:USDT,0.04566,41.0,0.04554,993.0,0.04606,114.0,0.04607,1760.0
1753591923970,04:52:03.970,huobi,ACT/USDT:USDT,0.04566,41.0,0.04554,993.0,0.04606,114.0,0.04607,1760.0
1753591924020,04:52:04.020,bybit,ACT/USDT:USDT,0.04579,7203.0,0.04578,16643.0,0.04581,2246.0,0.04582,17966.0
1753591923949,04:52:03.949,bitmex,ACT/USDT:USDT,0.04533,520.0,0.04497,1080.0,0.04644,320.0,0.04672,490.0
1753591924021,04:52:04.021,binance,ACT/USDT:USDT,0.04579,22802.0,0.04578,23403.0,0.0458,8481.0,0.04581,18982.0
1753591924142,04:52:04.142,huobi,ACT/USDT:USDT,0.04566,41.0,0.04554,993.0,0.04606,114.0,0.04607,1760.0
1753591924180,04:52:04.180,huobi,ACT/USDT:USDT,0.04566,41.0,0.04554,993.0,0.04606,114.0,0.04607,1760.0
1753591924147,04:52:04.147,bitmex,ACT/USDT:USDT,0.04533,520.0,0.04497,1080.0,0.04644,320.0,0.04672,490.0
1753591924214,04:52:04.214,binance,ACT/USDT:USDT,0.04579,22802.0,0.04578,23403.0,0.0458,8481.0,0.04581,18982.0
1753591924214,04:52:04.214,huobi,ACT/USDT:USDT,0.04566,41.0,0.04554,993.0,0.04606,114.0,0.04607,1760.0
1753591924237,04:52:04.237,mexc,ACT/USDT:USDT,0.04579,5814,0.04578,5464,0.0458,2096,0.04581,4014
1753591924246,04:52:04.246,huobi,ACT/USDT:USDT,0.04566,41.0,0.04554,993.0,0.04606,114.0,0.04607,1760.0
1753591924295,04:52:04.295,huobi,ACT/USDT:USDT,0.04566,41.0,0.04554,993.0,0.04606,114.0,0.04607,1760.0
1753591924341,04:52:04.341,huobi,ACT/USDT:USDT,0.04566,41.0,0.04554,993.0,0.04606,114.0,0.04607,1760.0
1753591924418,04:52:04.418,bybit,ACT/USDT:USDT,0.04579,7203.0,0.04578,16643.0,0.04581,2246.0,0.04582,17966.0
1753591924333,04:52:04.333,mexc,ACT/USDT:USDT,0.04579,5814,0.04578,6626,0.0458,2096,0.04581,4014
1753591924523,04:52:04.523,bybit,ACT/USDT:USDT,0.04579,7203.0,0.04578,16643.0,0.04581,2246.0,0.04582,17966.0
1753591924502,04:52:04.502,binance,ACT/USDT:USDT,0.04579,22802.0,0.04578,23403.0,0.0458,8481.0,0.04581,18982.0
1753591924505,04:52:04.505,gateio,ACT/USDT:USDT,0.04579,1201.0,0.04578,350.0,0.0458,76.0,0.04581,193.0
1753591924668,04:52:04.668,bitget,ACT/USDT:USDT,0.04581,10433.0,0.0458,62419.0,0.04583,32510.0,0.04584,58174.0
1753591924640,04:52:04.640,gateio,ACT/USDT:USDT,0.04579,1201.0,0.04578,350.0,0.0458,76.0,0.04581,193.0
1753591924737,04:52:04.737,mexc,ACT/USDT:USDT,0.04579,5814,0.04578,6626,0.0458,2096,0.04581,4014
1753591924808,04:52:04.808,binance,ACT/USDT:USDT,0.04579,22802.0,0.04578,23403.0,0.0458,8481.0,0.04581,18982.0
1753591924818,04:52:04.818,bitget,ACT/USDT:USDT,0.04581,10433.0,0.0458,62419.0,0.04583,32510.0,0.04584,58174.0
1753591924896,04:52:04.896,huobi,ACT/USDT:USDT,0.04566,41.0,0.04561,1896.0,0.04606,114.0,0.04607,1760.0
1753591924872,04:52:04.872,mexc,ACT/USDT:USDT,0.04579,5814,0.04578,5464,0.0458,2096,0.04581,4014
1753591925019,04:52:05.019,bybit,ACT/USDT:USDT,0.04579,7203.0,0.04578,16643.0,0.04581,2246.0,0.04582,17966.0
1753591925005,04:52:05.005,okx,ACT/USDT:USDT,0.0458,13094.0,0.04579,12087.0,0.04581,3035.0,0.04582,6737.0
1753591925022,04:52:05.022,huobi,ACT/USDT:USDT,0.04566,41.0,0.04562,993.0,0.04606,114.0,0.04607,1760.0
1753591925118,04:52:05.118,bybit,ACT/USDT:USDT,0.04579,7203.0,0.04578,16643.0,0.04581,2246.0,0.04582,17966.0
1753591925105,04:52:05.105,okx,ACT/USDT:USDT,0.0458,13094.0,0.04579,12087.0,0.04581,3035.0,0.04582,6737.0
1753591925082,04:52:05.082,huobi,ACT/USDT:USDT,0.04566,41.0,0.04562,993.0,0.04606,114.0,0.04607,1760.0
1753591925118,04:52:05.118,bitget,ACT/USDT:USDT,0.04581,10433.0,0.0458,62419.0,0.04583,32510.0,0.04584,58174.0
1753591925146,04:52:05.146,bitmex,ACT/USDT:USDT,0.04533,520.0,0.04497,1080.0,0.04644,320.0,0.04672,490.0
1753591925235,04:52:05.235,mexc,ACT/USDT:USDT,0.04579,5814,0.04578,5464,0.0458,2096,0.04581,4014
1753591925268,04:52:05.268,bitget,ACT/USDT:USDT,0.04581,10433.0,0.0458,62419.0,0.04583,32510.0,0.04584,58174.0
1753591925319,04:52:05.319,bybit,ACT/USDT:USDT,0.04579,7203.0,0.04578,16643.0,0.04581,2246.0,0.04582,17966.0
1753591925277,04:52:05.277,bitmex,ACT/USDT:USDT,0.04533,520.0,0.04497,1080.0,0.04644,320.0,0.04672,490.0
1753591925418,04:52:05.418,bybit,ACT/USDT:USDT,0.04579,7203.0,0.04578,16643.0,0.04581,2246.0,0.04582,17966.0
1753591925405,04:52:05.405,okx,ACT/USDT:USDT,0.0458,13102.0,0.04579,12087.0,0.04581,3035.0,0.04582,6737.0
1753591925432,04:52:05.432,binance,ACT/USDT:USDT,0.04579,22802.0,0.04578,23403.0,0.0458,8481.0,0.04581,18982.0
1753591925334,04:52:05.334,mexc,ACT/USDT:USDT,0.04579,5814,0.04578,5464,0.0458,2096,0.04581,4014
1753591925505,04:52:05.505,okx,ACT/USDT:USDT,0.0458,3102.0,0.04579,10087.0,0.04581,6693.0,0.04582,5360.0
1753591925558,04:52:05.558,huobi,ACT/USDT:USDT,0.04566,41.0,0.04562,993.0,0.04606,114.0,0.04607,1760.0
1753591925568,04:52:05.568,bitget,ACT/USDT:USDT,0.04581,10433.0,0.0458,62419.0,0.04583,32510.0,0.04584,58174.0
1753591925619,04:52:05.619,bybit,ACT/USDT:USDT,0.04579,2210.0,0.04578,16643.0,0.0458,1153.0,0.04581,3537.0
1753591925605,04:52:05.605,okx,ACT/USDT:USDT,0.0458,2162.0,0.04579,10087.0,0.04581,5222.0,0.04582,6270.0
1753591925586,04:52:05.586,huobi,ACT/USDT:USDT,0.04566,41.0,0.04561,993.0,0.04606,114.0,0.04607,1760.0
1753591925614,04:52:05.614,binance,ACT/USDT:USDT,0.04579,22802.0,0.04578,23403.0,0.0458,8481.0,0.04581,18982.0
1753591925719,04:52:05.719,bybit,ACT/USDT:USDT,0.04579,2210.0,0.04578,16643.0,0.0458,1153.0,0.04581,3537.0
1753591925705,04:52:05.705,okx,ACT/USDT:USDT,0.0458,2162.0,0.04579,10087.0,0.04581,5222.0,0.04582,6270.0
1753591925737,04:52:05.737,mexc,ACT/USDT:USDT,0.04579,5814,0.04578,5464,0.0458,2096,0.04581,4014
1753591925819,04:52:05.819,bybit,ACT/USDT:USDT,0.04579,2210.0,0.04578,16643.0,0.0458,1153.0,0.04581,3537.0
1753591925868,04:52:05.868,bitget,ACT/USDT:USDT,0.04581,10433.0,0.0458,62419.0,0.04583,32510.0,0.04584,58174.0
1753591925833,04:52:05.833,mexc,ACT/USDT:USDT,0.04579,5814,0.04578,6675,0.0458,2096,0.04581,7027
1753591925958,04:52:05.958,binance,ACT/USDT:USDT,0.04579,22802.0,0.04578,23403.0,0.0458,8481.0,0.04581,18982.0
1753591926020,04:52:06.020,bybit,ACT/USDT:USDT,0.04579,2210.0,0.04578,16643.0,0.0458,1153.0,0.04581,3537.0
1753591926018,04:52:06.018,bitget,ACT/USDT:USDT,0.04581,10433.0,0.0458,62419.0,0.04583,32510.0,0.04584,58174.0
1753591858310,04:50:58.310,blofin,ACT/USDT:USDT,0.04575,680.0,0.04574,6101.0,0.04578,10.0,0.04582,1505.0
1753591926119,04:52:06.119,bybit,ACT/USDT:USDT,0.04579,2210.0,0.04578,16643.0,0.0458,1153.0,0.04581,3537.0
1753591926105,04:52:06.105,okx,ACT/USDT:USDT,0.0458,3205.0,0.04579,10087.0,0.04581,4787.0,0.04582,6270.0
1753591926097,04:52:06.097,binance,ACT/USDT:USDT,0.04579,22802.0,0.04578,23403.0,0.0458,8481.0,0.04581,15172.0
1753591926219,04:52:06.219,bybit,ACT/USDT:USDT,0.04579,2210.0,0.04578,16643.0,0.0458,1153.0,0.04581,3537.0
1753591926205,04:52:06.205,okx,ACT/USDT:USDT,0.0458,1820.0,0.04579,10087.0,0.04581,4787.0,0.04582,6270.0
1753591926199,04:52:06.199,binance,ACT/USDT:USDT,0.04579,22802.0,0.04578,23403.0,0.0458,8481.0,0.04581,15172.0
1753591926235,04:52:06.235,mexc,ACT/USDT:USDT,0.04579,5814,0.04578,6675,0.0458,2096,0.04581,7027
1753591926305,04:52:06.305,okx,ACT/USDT:USDT,0.0458,2861.0,0.04579,10087.0,0.04581,4787.0,0.04582,5360.0
1753591926319,04:52:06.319,bitget,ACT/USDT:USDT,0.04581,10433.0,0.0458,62419.0,0.04583,32510.0,0.04584,58174.0
1753591926334,04:52:06.334,bitmex,ACT/USDT:USDT,0.04533,520.0,0.04497,1080.0,0.04644,320.0,0.04672,490.0
1753591926405,04:52:06.405,okx,ACT/USDT:USDT,0.0458,2861.0,0.04579,11822.0,0.04581,4787.0,0.04582,3407.0
1753591926395,04:52:06.395,huobi,ACT/USDT:USDT,0.04566,125.0,0.04561,993.0,0.04606,114.0,0.04607,1760.0
1753591926384,04:52:06.384,bitmex,ACT/USDT:USDT,0.04533,520.0,0.04497,1080.0,0.04644,320.0,0.04672,490.0
1753591926334,04:52:06.334,mexc,ACT/USDT:USDT,0.04579,5814,0.04578,5464,0.0458,2096,0.04581,4693
1753591926469,04:52:06.469,bitget,ACT/USDT:USDT,0.04581,10433.0,0.0458,62419.0,0.04583,32510.0,0.04584,58174.0
1753591926505,04:52:06.505,okx,ACT/USDT:USDT,0.0458,2861.0,0.04579,11822.0,0.04581,4787.0,0.04582,9212.0
1753591926499,04:52:06.499,binance,ACT/USDT:USDT,0.04579,22802.0,0.04578,23403.0,0.0458,8481.0,0.04581,15172.0
1753591926618,04:52:06.618,bybit,ACT/USDT:USDT,0.04579,2210.0,0.04578,16643.0,0.0458,1153.0,0.04581,3537.0
1753591926663,04:52:06.663,mexc,ACT/USDT:USDT,0.04579,5814,0.04578,5464,0.0458,2096,0.04581,4693
1753591926718,04:52:06.718,bybit,ACT/USDT:USDT,0.04579,2210.0,0.04578,16643.0,0.0458,1153.0,0.04581,3537.0
1753591926819,04:52:06.819,bybit,ACT/USDT:USDT,0.04579,2210.0,0.04578,16643.0,0.0458,1153.0,0.04581,3537.0
1753591926802,04:52:06.802,binance,ACT/USDT:USDT,0.04579,22802.0,0.04578,23403.0,0.0458,8481.0,0.04581,15342.0
1753591926833,04:52:06.833,mexc,ACT/USDT:USDT,0.04579,5814,0.04578,5464,0.0458,2096,0.04581,4014
1753591926987,04:52:06.987,binance,ACT/USDT:USDT,0.04579,22802.0,0.04578,23403.0,0.0458,8481.0,0.04581,15342.0
1753591927005,04:52:07.005,okx,ACT/USDT:USDT,0.0458,2861.0,0.04579,11822.0,0.04581,4787.0,0.04582,7734.0
1753591927069,04:52:07.069,bitget,ACT/USDT:USDT,0.04581,10433.0,0.0458,62419.0,0.04583,32510.0,0.04584,58174.0
1753591927219,04:52:07.219,bybit,ACT/USDT:USDT,0.04579,2210.0,0.04578,16643.0,0.0458,1153.0,0.04581,3537.0
1753591927220,04:52:07.220,binance,ACT/USDT:USDT,0.04579,22802.0,0.04578,23403.0,0.0458,8481.0,0.04581,15342.0
1753591927219,04:52:07.219,bitget,ACT/USDT:USDT,0.04581,10433.0,0.0458,62419.0,0.04583,32510.0,0.04584,58174.0
1753591927239,04:52:07.239,mexc,ACT/USDT:USDT,0.04579,5814,0.04578,5464,0.0458,2096,0.04581,4014
1753591927319,04:52:07.319,bybit,ACT/USDT:USDT,0.04579,2210.0,0.04578,16643.0,0.0458,1153.0,0.04581,3537.0
1753591927327,04:52:07.327,binance,ACT/USDT:USDT,0.04579,22802.0,0.04578,23403.0,0.0458,8481.0,0.04581,15342.0
1753591927369,04:52:07.369,bitget,ACT/USDT:USDT,0.04581,10433.0,0.0458,62419.0,0.04583,32510.0,0.04584,58174.0
1753591927430,04:52:07.430,binance,ACT/USDT:USDT,0.04579,22802.0,0.04578,23403.0,0.0458,8481.0,0.04581,15342.0
1753591927335,04:52:07.335,mexc,ACT/USDT:USDT,0.04579,5814,0.04578,5464,0.0458,2096,0.04581,4014
1753591927505,04:52:07.505,okx,ACT/USDT:USDT,0.0458,2861.0,0.04579,11822.0,0.04581,4787.0,0.04582,9212.0
1753591927599,04:52:07.599,bitmex,ACT/USDT:USDT,0.04313,790.0,0.02056,62490.0,0.04644,320.0,0.04672,490.0
1753591927669,04:52:07.669,bitget,ACT/USDT:USDT,0.04581,10433.0,0.0458,62419.0,0.04583,32510.0,0.04584,58174.0
1753591927668,04:52:07.668,bitmex,ACT/USDT:USDT,0.04313,790.0,0.02056,62490.0,0.04644,320.0,0.04745,1110.0
1753591927743,04:52:07.743,mexc,ACT/USDT:USDT,0.04579,5814,0.04578,5464,0.0458,2096,0.04581,4014
1753591927817,04:52:07.817,bybit,ACT/USDT:USDT,0.04579,2210.0,0.04578,16643.0,0.0458,1153.0,0.04581,3537.0
1753591927919,04:52:07.919,bybit,ACT/USDT:USDT,0.04579,2247.0,0.04578,16643.0,0.0458,1153.0,0.04581,3537.0
1753591927835,04:52:07.835,mexc,ACT/USDT:USDT,0.04579,5814,0.04578,5464,0.0458,2096,0.04581,4014
1753591928120,04:52:08.120,bitget,ACT/USDT:USDT,0.04581,10433.0,0.0458,62419.0,0.04583,32510.0,0.04584,58174.0
1753591928158,04:52:08.158,binance,ACT/USDT:USDT,0.04579,22802.0,0.04578,23403.0,0.0458,7390.0,0.04581,15342.0
1753591928218,04:52:08.218,bybit,ACT/USDT:USDT,0.04579,2247.0,0.04578,16643.0,0.0458,1153.0,0.04581,3537.0
1753591928205,04:52:08.205,okx,ACT/USDT:USDT,0.0458,2861.0,0.04579,11822.0,0.04581,4787.0,0.04582,7734.0
1753591928236,04:52:08.236,mexc,ACT/USDT:USDT,0.04579,5814,0.04578,5464,0.0458,2096,0.04581,4014
1753591928270,04:52:08.270,bitget,ACT/USDT:USDT,0.04581,10433.0,0.0458,62419.0,0.04583,32510.0,0.04584,58174.0
1753591928289,04:52:08.289,binance,ACT/USDT:USDT,0.04579,22802.0,0.04578,23403.0,0.0458,7390.0,0.04581,15342.0
1753591928418,04:52:08.418,bybit,ACT/USDT:USDT,0.04579,2247.0,0.04578,16643.0,0.0458,1153.0,0.04581,3537.0
1753591928340,04:52:08.340,mexc,ACT/USDT:USDT,0.04579,5814,0.04578,7619,0.0458,2096,0.04581,4494
1753591928520,04:52:08.520,bybit,ACT/USDT:USDT,0.04579,2247.0,0.04578,16643.0,0.0458,1153.0,0.04581,3537.0
1753591928502,04:52:08.502,binance,ACT/USDT:USDT,0.04579,22802.0,0.04578,23403.0,0.0458,7390.0,0.04581,15342.0
1753591928570,04:52:08.570,bitget,ACT/USDT:USDT,0.04581,10433.0,0.0458,62419.0,0.04583,32510.0,0.04584,58174.0
1753591928720,04:52:08.720,bitget,ACT/USDT:USDT,0.04581,10433.0,0.0458,62419.0,0.04583,32510.0,0.04584,58174.0
1753591928737,04:52:08.737,mexc,ACT/USDT:USDT,0.04579,5814,0.04578,7619,0.0458,2096,0.04581,4494
1753591928864,04:52:08.864,bitmex,ACT/USDT:USDT,0.04533,520.0,0.04313,790.0,0.04644,320.0,0.04745,1110.0
1753591928834,04:52:08.834,mexc,ACT/USDT:USDT,0.04579,5814,0.04578,7130,0.0458,2096,0.04581,4547
1753591929019,04:52:09.019,bybit,ACT/USDT:USDT,0.04579,2247.0,0.04578,16643.0,0.0458,1153.0,0.04581,3537.0
1753591929020,04:52:09.020,bitget,ACT/USDT:USDT,0.04581,10433.0,0.0458,62419.0,0.04583,32510.0,0.04584,58174.0
1753591928987,04:52:08.987,bitmex,ACT/USDT:USDT,0.04533,520.0,0.04313,790.0,0.04644,320.0,0.04745,1110.0
1753591929068,04:52:09.068,binance,ACT/USDT:USDT,0.04579,22802.0,0.04578,23403.0,0.0458,7390.0,0.04581,15342.0
1753591929037,04:52:09.037,bitmex,ACT/USDT:USDT,0.04533,520.0,0.04313,790.0,0.04644,320.0,0.04672,470.0
1753591929119,04:52:09.119,bybit,ACT/USDT:USDT,0.04579,2247.0,0.04578,16643.0,0.0458,1153.0,0.04581,3537.0
1753591858809,04:50:58.809,blofin,ACT/USDT:USDT,0.04575,680.0,0.04574,6101.0,0.04578,11.0,0.04582,6453.0
1753591929087,04:52:09.087,bitmex,ACT/USDT:USDT,0.04533,520.0,0.04313,790.0,0.04644,320.0,0.04672,470.0
1753591929170,04:52:09.170,bitget,ACT/USDT:USDT,0.04581,10433.0,0.0458,62419.0,0.04583,32510.0,0.04584,58174.0
1753591929174,04:52:09.174,binance,ACT/USDT:USDT,0.04579,22802.0,0.04578,23403.0,0.0458,7390.0,0.04581,15342.0
1753591929320,04:52:09.320,bitget,ACT/USDT:USDT,0.04581,10433.0,0.0458,62419.0,0.04583,32510.0,0.04584,58174.0
1753591929131,04:52:09.131,mexc,ACT/USDT:USDT,0.04579,6199,0.04578,4947,0.0458,1728,0.04581,3879
1753591929465,04:52:09.465,binance,ACT/USDT:USDT,0.04579,22802.0,0.04578,23403.0,0.0458,7641.0,0.04581,15342.0
1753591929470,04:52:09.470,bitget,ACT/USDT:USDT,0.04581,10433.0,0.0458,62419.0,0.04583,32510.0,0.04584,58174.0
1753591929519,04:52:09.519,bybit,ACT/USDT:USDT,0.04579,2247.0,0.04578,16643.0,0.0458,1153.0,0.04581,3537.0
1753591929335,04:52:09.335,mexc,ACT/USDT:USDT,0.04579,6199,0.04578,8588,0.0458,1728,0.04581,3879
1753591929618,04:52:09.618,bybit,ACT/USDT:USDT,0.04579,2247.0,0.04578,16643.0,0.0458,1153.0,0.04581,3537.0
1753591929602,04:52:09.602,binance,ACT/USDT:USDT,0.04579,22802.0,0.04578,23403.0,0.0458,7641.0,0.04581,15342.0
1753591929621,04:52:09.621,bitget,ACT/USDT:USDT,0.04581,10433.0,0.0458,62419.0,0.04583,32510.0,0.04584,58174.0
1753591929657,04:52:09.657,gateio,ACT/USDT:USDT,0.04579,1190.0,0.04578,350.0,0.0458,76.0,0.04581,193.0
1753591929737,04:52:09.737,mexc,ACT/USDT:USDT,0.04579,6199,0.04578,7047,0.0458,1728,0.04581,3879
1753591929744,04:52:09.744,binance,ACT/USDT:USDT,0.04579,22802.0,0.04578,23403.0,0.0458,7641.0,0.04581,15342.0
1753591929840,04:52:09.840,phemex,ACT/USDT:USDT,0.04579,3617.0,0.04578,11310.0,0.0458,9927.0,0.04581,6808.0
1753591929921,04:52:09.921,bitget,ACT/USDT:USDT,0.04581,10433.0,0.0458,62419.0,0.04583,32510.0,0.04584,58174.0
1753591929880,04:52:09.880,mexc,ACT/USDT:USDT,0.04579,6199,0.04578,4947,0.0458,1728,0.04581,3879
1753591930071,04:52:10.071,bitget,ACT/USDT:USDT,0.04581,10433.0,0.0458,62419.0,0.04583,32510.0,0.04584,58174.0
1753591930119,04:52:10.119,bybit,ACT/USDT:USDT,0.04579,2247.0,0.04578,16643.0,0.0458,1153.0,0.04581,3537.0
1753591930219,04:52:10.219,bybit,ACT/USDT:USDT,0.04579,2247.0,0.04578,16643.0,0.0458,1153.0,0.04581,3537.0
1753591930202,04:52:10.202,binance,ACT/USDT:USDT,0.04579,22802.0,0.04578,23403.0,0.0458,7641.0,0.04581,15342.0
1753591930221,04:52:10.221,bitget,ACT/USDT:USDT,0.04581,10433.0,0.0458,62419.0,0.04583,32510.0,0.04584,58174.0
1753591930243,04:52:10.243,huobi,ACT/USDT:USDT,0.04566,41.0,0.04561,993.0,0.04606,114.0,0.04607,1760.0
1753591930217,04:52:10.217,bitmex,ACT/USDT:USDT,0.04533,520.0,0.04497,1170.0,0.04644,320.0,0.04672,470.0
1753591930284,04:52:10.284,mexc,ACT/USDT:USDT,0.04579,6199,0.04578,4947,0.0458,1728,0.04581,3879
1753591930266,04:52:10.266,bitmex,ACT/USDT:USDT,0.04533,520.0,0.04497,1170.0,0.04644,320.0,0.04672,470.0
1753591930405,04:52:10.405,okx,ACT/USDT:USDT,0.0458,5512.0,0.04579,12259.0,0.04581,3034.0,0.04582,5236.0
1753591930387,04:52:10.387,binance,ACT/USDT:USDT,0.04579,22802.0,0.04578,23403.0,0.0458,7641.0,0.04581,15342.0
1753591930394,04:52:10.394,huobi,ACT/USDT:USDT,0.04566,41.0,0.04561,993.0,0.04606,114.0,0.04607,1855.0
1753591930460,04:52:10.460,huobi,ACT/USDT:USDT,0.04566,134.0,0.04561,993.0,0.04606,114.0,0.04607,1855.0
1753591930381,04:52:10.381,mexc,ACT/USDT:USDT,0.04579,6199,0.04578,8765,0.0458,1728,0.04581,4790
1753591930491,04:52:10.491,huobi,ACT/USDT:USDT,0.04566,134.0,0.04561,993.0,0.04606,114.0,0.04607,1855.0
1753591930521,04:52:10.521,bitget,ACT/USDT:USDT,0.04581,10433.0,0.0458,62419.0,0.04583,32510.0,0.04584,58174.0
1753591930504,04:52:10.504,gateio,ACT/USDT:USDT,0.04579,1201.0,0.04578,350.0,0.0458,76.0,0.04581,193.0
1753591930718,04:52:10.718,bybit,ACT/USDT:USDT,0.04579,2247.0,0.04578,16643.0,0.0458,1153.0,0.04581,3537.0
1753591930700,04:52:10.700,huobi,ACT/USDT:USDT,0.04566,134.0,0.04561,993.0,0.04606,114.0,0.04607,1855.0
1753591930722,04:52:10.722,huobi,ACT/USDT:USDT,0.04566,134.0,0.04551,993.0,0.04606,114.0,0.04607,1855.0
1753591930819,04:52:10.819,bybit,ACT/USDT:USDT,0.04579,2247.0,0.04578,16643.0,0.0458,1153.0,0.04581,3537.0
1753591930784,04:52:10.784,mexc,ACT/USDT:USDT,0.04579,6199,0.04578,7120,0.0458,1728,0.04581,4790
1753591930796,04:52:10.796,huobi,ACT/USDT:USDT,0.04566,134.0,0.04551,993.0,0.04606,114.0,0.04607,1855.0
1753591930971,04:52:10.971,bitget,ACT/USDT:USDT,0.04581,10433.0,0.0458,62419.0,0.04583,32510.0,0.04584,58174.0
1753591930881,04:52:10.881,mexc,ACT/USDT:USDT,0.04579,6199,0.04578,7164,0.0458,1728,0.04581,3879
1753591930984,04:52:10.984,huobi,ACT/USDT:USDT,0.04566,134.0,0.04551,993.0,0.04606,114.0,0.04607,1855.0
1753591931105,04:52:11.105,okx,ACT/USDT:USDT,0.0458,7247.0,0.04579,12259.0,0.04581,3034.0,0.04582,5236.0
1753591931121,04:52:11.121,bitget,ACT/USDT:USDT,0.04581,10000.0,0.0458,62419.0,0.04583,32510.0,0.04584,58174.0
1753591931130,04:52:11.130,huobi,ACT/USDT:USDT,0.04566,134.0,0.04557,1896.0,0.04606,114.0,0.04607,1855.0
1753591931149,04:52:11.149,binance,ACT/USDT:USDT,0.04579,22802.0,0.04578,23403.0,0.0458,251.0,0.04581,15342.0
1753591931097,04:52:11.097,gateio,ACT/USDT:USDT,0.04579,1201.0,0.04578,350.0,0.0458,76.0,0.04581,7.0
1753591931205,04:52:11.205,okx,ACT/USDT:USDT,0.0458,7591.0,0.04579,12259.0,0.04581,3034.0,0.04582,5236.0
1753591931213,04:52:11.213,huobi,ACT/USDT:USDT,0.04566,134.0,0.04558,993.0,0.04606,114.0,0.04607,1855.0
1753591931271,04:52:11.271,bitget,ACT/USDT:USDT,0.04582,433.0,0.04581,10000.0,0.04583,32510.0,0.04584,58174.0
1753591931283,04:52:11.283,mexc,ACT/USDT:USDT,0.04579,6199,0.04578,7164,0.0458,1728,0.04581,3879
1753591931283,04:52:11.283,huobi,ACT/USDT:USDT,0.04566,134.0,0.04558,993.0,0.04606,114.0,0.04607,1855.0
1753591931296,04:52:11.296,huobi,ACT/USDT:USDT,0.04566,134.0,0.04551,993.0,0.04606,114.0,0.04607,1855.0
1753591931322,04:52:11.322,huobi,ACT/USDT:USDT,0.04566,134.0,0.04529,228.0,0.04606,114.0,0.04607,1855.0
1753591931357,04:52:11.357,binance,ACT/USDT:USDT,0.04579,22802.0,0.04578,23403.0,0.0458,251.0,0.04581,15342.0
1753591931400,04:52:11.400,huobi,ACT/USDT:USDT,0.04566,134.0,0.04551,993.0,0.04606,114.0,0.04607,1855.0
1753591931422,04:52:11.422,bitget,ACT/USDT:USDT,0.04582,433.0,0.04581,10000.0,0.04583,32510.0,0.04584,58174.0
1753591931447,04:52:11.447,huobi,ACT/USDT:USDT,0.04566,134.0,0.04551,993.0,0.04606,114.0,0.04607,1855.0
1753591931414,04:52:11.414,bitmex,ACT/USDT:USDT,0.04533,520.0,0.04497,1170.0,0.04644,320.0,0.04672,470.0
1753591931474,04:52:11.474,huobi,ACT/USDT:USDT,0.04566,134.0,0.04551,993.0,0.04606,114.0,0.04607,1855.0
1753591931382,04:52:11.382,mexc,ACT/USDT:USDT,0.04579,6199,0.04578,5856,0.0458,1728,0.04581,3879
1753591931463,04:52:11.463,bitmex,ACT/USDT:USDT,0.04533,520.0,0.04497,1170.0,0.04644,320.0,0.04672,470.0
1753591931538,04:52:11.538,binance,ACT/USDT:USDT,0.04579,22802.0,0.04578,23403.0,0.0458,251.0,0.04581,15342.0
1753591931572,04:52:11.572,bitget,ACT/USDT:USDT,0.04582,433.0,0.04581,25568.0,0.04583,32510.0,0.04584,58174.0
1753591931660,04:52:11.660,binance,ACT/USDT:USDT,0.04579,22802.0,0.04578,23403.0,0.0458,251.0,0.04581,11241.0
1753591931683,04:52:11.683,phemex,ACT/USDT:USDT,0.04579,6399.0,0.04578,11310.0,0.0458,9927.0,0.04581,4054.0
1753591931719,04:52:11.719,bybit,ACT/USDT:USDT,0.0458,3485.0,0.04579,6428.0,0.04583,7897.0,0.04584,23963.0
1753591931705,04:52:11.705,okx,ACT/USDT:USDT,0.0458,8028.0,0.04579,23015.0,0.04581,3032.0,0.04582,3407.0
1753591931687,04:52:11.687,huobi,ACT/USDT:USDT,0.04566,134.0,0.04551,993.0,0.04606,114.0,0.04607,1855.0
1753591931719,04:52:11.719,huobi,ACT/USDT:USDT,0.04566,134.0,0.04551,993.0,0.04606,114.0,0.04607,1855.0
1753591931722,04:52:11.722,bitget,ACT/USDT:USDT,0.04582,433.0,0.04581,25568.0,0.04584,58174.0,0.04585,64786.0
1753591931779,04:52:11.779,binance,ACT/USDT:USDT,0.04579,22802.0,0.04578,26356.0,0.0458,251.0,0.04581,11241.0
1753591931819,04:52:11.819,bybit,ACT/USDT:USDT,0.0458,3485.0,0.04579,6428.0,0.04583,7897.0,0.04584,23963.0
1753591931784,04:52:11.784,mexc,ACT/USDT:USDT,0.04579,6199,0.04578,5856,0.0458,1728,0.04581,3879
1753591931805,04:52:11.805,okx,ACT/USDT:USDT,0.0458,6293.0,0.04579,23015.0,0.04581,3034.0,0.04582,5074.0
1753591931798,04:52:11.798,huobi,ACT/USDT:USDT,0.04566,134.0,0.04551,993.0,0.04606,114.0,0.04607,1855.0
1753591931859,04:52:11.859,huobi,ACT/USDT:USDT,0.04566,134.0,0.04551,993.0,0.04606,114.0,0.04607,1855.0
1753591931872,04:52:11.872,bitget,ACT/USDT:USDT,0.04582,433.0,0.04581,25568.0,0.04583,10000.0,0.04584,56854.0
1753591931918,04:52:11.918,bybit,ACT/USDT:USDT,0.0458,3485.0,0.04579,6428.0,0.04582,2122.0,0.04583,9188.0
