timestamp,time,exchange,symbol,bid1_price,bid1_volume,bid2_price,bid2_volume,ask1_price,ask1_volume,ask2_price,ask2_volume
1753591881374,04:51:21.374,bitget,AERGO/USDT:USDT,0.13304,458.0,0.13303,362.0,0.13311,469.0,0.13312,362.0
1753591882725,04:51:22.725,bitget,AERGO/USDT:USDT,0.13304,458.0,0.13303,362.0,0.13311,469.0,0.13312,362.0
1753591882875,04:51:22.875,bitget,AERGO/USDT:USDT,0.13304,458.0,0.13303,362.0,0.13311,469.0,0.13312,362.0
1753591883626,04:51:23.626,bitget,AERGO/USDT:USDT,0.13304,458.0,0.13303,362.0,0.13311,469.0,0.13312,362.0
1753591883729,04:51:23.729,binance,AERGO/USDT:USDT,0.13298,8515.0,0.13296,4136.0,0.133,187.0,0.13301,313.0
1753591883776,04:51:23.776,bitget,AERGO/USDT:USDT,0.13304,458.0,0.13303,362.0,0.13311,469.0,0.13312,362.0
1753591883926,04:51:23.926,bitget,AERGO/USDT:USDT,0.13304,458.0,0.13303,362.0,0.13311,469.0,0.13312,362.0
1753591884076,04:51:24.076,bitget,AERGO/USDT:USDT,0.13304,458.0,0.13303,362.0,0.13311,469.0,0.13312,362.0
1753591853355,04:50:53.355,blofin,AERGO/USDT:USDT,0.13294,1275.0,0.13282,42970.0,0.13297,839.0,0.1331,15719.0
1753591884213,04:51:24.213,binance,AERGO/USDT:USDT,0.13298,8515.0,0.13296,4096.0,0.133,187.0,0.13301,313.0
1753591884226,04:51:24.226,bitget,AERGO/USDT:USDT,0.13304,458.0,0.13303,362.0,0.13311,469.0,0.13312,362.0
1753591885120,04:51:25.120,binance,AERGO/USDT:USDT,0.13298,8515.0,0.13296,3971.0,0.133,187.0,0.13301,313.0
1753591885097,04:51:25.097,bybit,AERGO/USDT:USDT,0.13297,10.0,0.13296,438.0,0.13298,31360.0,0.13299,8196.0
1753591885127,04:51:25.127,bitget,AERGO/USDT:USDT,0.13304,458.0,0.13303,362.0,0.13311,469.0,0.13312,362.0
1753591885296,04:51:25.296,bybit,AERGO/USDT:USDT,0.13297,10.0,0.13296,438.0,0.13298,31645.0,0.13299,8196.0
1753591885277,04:51:25.277,bitget,AERGO/USDT:USDT,0.13304,458.0,0.13303,362.0,0.13311,469.0,0.13312,362.0
1753591885427,04:51:25.427,bitget,AERGO/USDT:USDT,0.13304,458.0,0.13303,362.0,0.13311,469.0,0.13312,362.0
1753591885577,04:51:25.577,bitget,AERGO/USDT:USDT,0.13304,458.0,0.13303,362.0,0.13311,469.0,0.13312,362.0
1753591885727,04:51:25.727,bitget,AERGO/USDT:USDT,0.13304,458.0,0.13303,362.0,0.13311,469.0,0.13312,362.0
1753591885802,04:51:25.802,binance,AERGO/USDT:USDT,0.13298,8515.0,0.13296,3971.0,0.133,187.0,0.13301,313.0
1753591885877,04:51:25.877,bitget,AERGO/USDT:USDT,0.13304,458.0,0.13303,362.0,0.13311,469.0,0.13312,362.0
1753591886027,04:51:26.027,bitget,AERGO/USDT:USDT,0.13304,458.0,0.13303,362.0,0.13311,469.0,0.13312,362.0
1753591886327,04:51:26.327,bitget,AERGO/USDT:USDT,0.13304,458.0,0.13303,362.0,0.13311,469.0,0.13312,362.0
1753591886402,04:51:26.402,binance,AERGO/USDT:USDT,0.13298,8515.0,0.13296,3971.0,0.133,187.0,0.13301,313.0
1753591886478,04:51:26.478,bitget,AERGO/USDT:USDT,0.13304,458.0,0.13303,362.0,0.13311,469.0,0.13312,362.0
1753591886628,04:51:26.628,bitget,AERGO/USDT:USDT,0.13304,458.0,0.13303,362.0,0.13311,469.0,0.13312,362.0
1753591886928,04:51:26.928,bitget,AERGO/USDT:USDT,0.13304,458.0,0.13303,362.0,0.13311,469.0,0.13312,362.0
1753591887528,04:51:27.528,bitget,AERGO/USDT:USDT,0.13304,458.0,0.13303,362.0,0.13311,469.0,0.13312,362.0
1753591887828,04:51:27.828,bitget,AERGO/USDT:USDT,0.13304,458.0,0.13303,362.0,0.13311,469.0,0.13312,362.0
1753591888697,04:51:28.697,bybit,AERGO/USDT:USDT,0.13297,10.0,0.13296,438.0,0.13298,31645.0,0.13299,8196.0
1753591888668,04:51:28.668,binance,AERGO/USDT:USDT,0.13298,9267.0,0.13296,3971.0,0.133,187.0,0.13301,313.0
1753591888802,04:51:28.802,binance,AERGO/USDT:USDT,0.13298,9267.0,0.13296,3971.0,0.133,187.0,0.13301,313.0
1753591889497,04:51:29.497,bybit,AERGO/USDT:USDT,0.13297,10.0,0.13296,438.0,0.13298,31645.0,0.13299,8196.0
1753591889000,04:51:29.000,gateio,AERGO/USDT:USDT,0.133,9.0,0.13299,9.0,0.13313,16.0,0.13314,152.0
1753591889780,04:51:29.780,bitget,AERGO/USDT:USDT,0.13304,458.0,0.13303,362.0,0.1331,469.0,0.13312,362.0
1753591889388,04:51:29.388,huobi,AERGO/USDT:USDT,0.13274,121.0,0.13249,37.0,0.13301,120.0,0.13303,960.0
1753591889917,04:51:29.917,binance,AERGO/USDT:USDT,0.13299,8517.0,0.13298,752.0,0.13301,188.0,0.13302,314.0
1753591889930,04:51:29.930,bitget,AERGO/USDT:USDT,0.13304,458.0,0.13303,362.0,0.1331,469.0,0.13312,362.0
1753591890080,04:51:30.080,bitget,AERGO/USDT:USDT,0.13304,458.0,0.13303,362.0,0.1331,469.0,0.13312,362.0
1753591890102,04:51:30.102,binance,AERGO/USDT:USDT,0.13299,8517.0,0.13298,752.0,0.13301,188.0,0.13302,314.0
1753591890230,04:51:30.230,bitget,AERGO/USDT:USDT,0.13304,458.0,0.13303,362.0,0.1331,469.0,0.13312,362.0
1753591890435,04:51:30.435,binance,AERGO/USDT:USDT,0.13299,8517.0,0.13298,752.0,0.13301,188.0,0.13302,314.0
1753591890530,04:51:30.530,bitget,AERGO/USDT:USDT,0.13304,458.0,0.13303,362.0,0.1331,469.0,0.13312,362.0
1753591890601,04:51:30.601,binance,AERGO/USDT:USDT,0.13299,8517.0,0.13298,752.0,0.13301,188.0,0.13302,314.0
1753591854358,04:50:54.358,blofin,AERGO/USDT:USDT,0.13294,1275.0,0.13282,9134.0,0.13297,839.0,0.1331,6845.0
1753591890680,04:51:30.680,bitget,AERGO/USDT:USDT,0.13304,458.0,0.13303,362.0,0.1331,469.0,0.13312,362.0
1753591890797,04:51:30.797,bybit,AERGO/USDT:USDT,0.13297,10.0,0.13296,438.0,0.13298,31360.0,0.13299,8196.0
1753591890830,04:51:30.830,bitget,AERGO/USDT:USDT,0.13304,458.0,0.13303,362.0,0.1331,469.0,0.13312,362.0
1753591890997,04:51:30.997,bybit,AERGO/USDT:USDT,0.13297,10.0,0.13296,438.0,0.13298,31360.0,0.13299,8468.0
1753591890980,04:51:30.980,bitget,AERGO/USDT:USDT,0.13304,458.0,0.13303,362.0,0.1331,469.0,0.13312,362.0
1753591891002,04:51:31.002,binance,AERGO/USDT:USDT,0.13299,8517.0,0.13298,752.0,0.13301,188.0,0.13302,314.0
1753591891097,04:51:31.097,bybit,AERGO/USDT:USDT,0.13297,10.0,0.13296,438.0,0.13298,31360.0,0.13299,8468.0
1753591891130,04:51:31.130,bitget,AERGO/USDT:USDT,0.13304,458.0,0.13303,362.0,0.1331,469.0,0.13312,362.0
1753591891497,04:51:31.497,bitget,AERGO/USDT:USDT,0.13304,458.0,0.13303,362.0,0.1331,469.0,0.13312,362.0
1753591891603,04:51:31.603,binance,AERGO/USDT:USDT,0.13299,8517.0,0.13296,4289.0,0.13301,188.0,0.13302,314.0
1753591891698,04:51:31.698,bitget,AERGO/USDT:USDT,0.13304,458.0,0.13303,362.0,0.1331,469.0,0.13312,362.0
1753591891848,04:51:31.848,bitget,AERGO/USDT:USDT,0.13304,458.0,0.13303,362.0,0.1331,469.0,0.13312,738.0
1753591891875,04:51:31.875,binance,AERGO/USDT:USDT,0.13299,8575.0,0.13296,4241.0,0.13301,188.0,0.13302,314.0
1753591891859,04:51:31.859,gateio,AERGO/USDT:USDT,0.133,9.0,0.13299,9.0,0.13313,16.0,0.13314,152.0
1753591892013,04:51:32.013,bitget,AERGO/USDT:USDT,0.13304,4215.0,0.13303,362.0,0.1331,469.0,0.13312,738.0
1753591892122,04:51:32.122,gateio,AERGO/USDT:USDT,0.133,23.0,0.13299,9.0,0.13313,16.0,0.13314,152.0
1753591892197,04:51:32.197,bybit,AERGO/USDT:USDT,0.13297,10.0,0.13296,438.0,0.13298,31360.0,0.13299,8468.0
1753591892181,04:51:32.181,bitget,AERGO/USDT:USDT,0.13305,469.0,0.13304,3757.0,0.1331,469.0,0.13312,738.0
1753591892203,04:51:32.203,binance,AERGO/USDT:USDT,0.13299,8575.0,0.13296,4241.0,0.13301,188.0,0.13302,314.0
1753591892481,04:51:32.481,bitget,AERGO/USDT:USDT,0.13305,469.0,0.13304,3757.0,0.1331,469.0,0.13312,738.0
1753591892597,04:51:32.597,bybit,AERGO/USDT:USDT,0.13297,10.0,0.13296,438.0,0.13298,31361.0,0.13299,8468.0
1753591892631,04:51:32.631,bitget,AERGO/USDT:USDT,0.13305,469.0,0.13304,3757.0,0.1331,469.0,0.13312,738.0
1753591892729,04:51:32.729,binance,AERGO/USDT:USDT,0.13299,8575.0,0.13296,4241.0,0.13301,188.0,0.13302,314.0
1753591892781,04:51:32.781,bitget,AERGO/USDT:USDT,0.13305,469.0,0.13304,3757.0,0.1331,469.0,0.13312,738.0
1753591892832,04:51:32.832,binance,AERGO/USDT:USDT,0.13299,8575.0,0.13296,4241.0,0.13301,188.0,0.13302,314.0
1753591892896,04:51:32.896,bybit,AERGO/USDT:USDT,0.13297,10.0,0.13296,438.0,0.13298,31361.0,0.13299,8468.0
1753591892931,04:51:32.931,bitget,AERGO/USDT:USDT,0.13305,469.0,0.13304,3757.0,0.13312,738.0,0.13313,1094.0
1753591892996,04:51:32.996,bybit,AERGO/USDT:USDT,0.13297,10.0,0.13296,438.0,0.13298,31361.0,0.13299,8468.0
1753591893014,04:51:33.014,binance,AERGO/USDT:USDT,0.13299,8575.0,0.13296,4241.0,0.13301,188.0,0.13302,314.0
1753591893098,04:51:33.098,bybit,AERGO/USDT:USDT,0.13297,10.0,0.13296,438.0,0.13298,31361.0,0.13299,8468.0
1753591893082,04:51:33.082,bitget,AERGO/USDT:USDT,0.13305,469.0,0.13304,3757.0,0.13311,469.0,0.13312,738.0
1753591893151,04:51:33.151,gateio,AERGO/USDT:USDT,0.133,9.0,0.13299,9.0,0.13313,16.0,0.13314,152.0
1753591893232,04:51:33.232,bitget,AERGO/USDT:USDT,0.13305,469.0,0.13304,3757.0,0.13311,469.0,0.13312,738.0
1753591893402,04:51:33.402,binance,AERGO/USDT:USDT,0.13299,8575.0,0.13296,4241.0,0.13301,188.0,0.13302,314.0
1753591893532,04:51:33.532,bitget,AERGO/USDT:USDT,0.13305,469.0,0.13304,3757.0,0.13311,469.0,0.13312,738.0
1753591893682,04:51:33.682,bitget,AERGO/USDT:USDT,0.13305,469.0,0.13304,3757.0,0.13311,469.0,0.13312,738.0
1753591893982,04:51:33.982,bitget,AERGO/USDT:USDT,0.13305,469.0,0.13304,3757.0,0.13311,469.0,0.13312,738.0
1753591894432,04:51:34.432,bitget,AERGO/USDT:USDT,0.13305,469.0,0.13304,3757.0,0.13311,469.0,0.13312,738.0
1753591894488,04:51:34.488,binance,AERGO/USDT:USDT,0.13299,8575.0,0.13296,4241.0,0.13301,188.0,0.13302,314.0
1753591894706,04:51:34.706,gateio,AERGO/USDT:USDT,0.133,9.0,0.13299,9.0,0.13313,16.0,0.13314,152.0
1753591894997,04:51:34.997,bybit,AERGO/USDT:USDT,0.13297,10.0,0.13296,438.0,0.13298,31358.0,0.13299,8468.0
1753591895033,04:51:35.033,bitget,AERGO/USDT:USDT,0.13305,469.0,0.13304,3757.0,0.13311,469.0,0.13312,738.0
1753591895096,04:51:35.096,bybit,AERGO/USDT:USDT,0.13297,10.0,0.13296,438.0,0.13298,31358.0,0.13299,8468.0
1753591895067,04:51:35.067,gateio,AERGO/USDT:USDT,0.133,9.0,0.13299,9.0,0.13313,16.0,0.13314,152.0
1753591895183,04:51:35.183,bitget,AERGO/USDT:USDT,0.13305,469.0,0.13304,3757.0,0.13311,469.0,0.13312,738.0
1753591895202,04:51:35.202,binance,AERGO/USDT:USDT,0.13299,8575.0,0.13296,4241.0,0.13301,188.0,0.13302,314.0
1753591895333,04:51:35.333,bitget,AERGO/USDT:USDT,0.13305,469.0,0.13304,3757.0,0.13311,469.0,0.13312,738.0
1753591895483,04:51:35.483,bitget,AERGO/USDT:USDT,0.13305,469.0,0.13304,3757.0,0.13311,469.0,0.13312,738.0
1753591896083,04:51:36.083,bitget,AERGO/USDT:USDT,0.13305,469.0,0.13304,3757.0,0.13311,469.0,0.13312,738.0
1753591896197,04:51:36.197,bybit,AERGO/USDT:USDT,0.13297,10.0,0.13296,438.0,0.13298,31358.0,0.13299,8468.0
1753591897002,04:51:37.002,binance,AERGO/USDT:USDT,0.13299,8644.0,0.13296,4241.0,0.13301,188.0,0.13302,314.0
1753591896712,04:51:36.712,phemex,AERGO/USDT:USDT,0.13298,180.0,0.13297,679.0,0.13301,930.0,0.13303,1059.0
1753591897726,04:51:37.726,binance,AERGO/USDT:USDT,0.13299,8644.0,0.13296,4241.0,0.13301,188.0,0.13302,314.0
1753591897734,04:51:37.734,bitget,AERGO/USDT:USDT,0.13305,469.0,0.13304,3757.0,0.13311,469.0,0.13312,738.0
1753591898035,04:51:38.035,bitget,AERGO/USDT:USDT,0.13305,469.0,0.13304,3757.0,0.13311,469.0,0.13312,738.0
1753591898196,04:51:38.196,bybit,AERGO/USDT:USDT,0.13297,10.0,0.13296,438.0,0.13298,31381.0,0.13299,8550.0
1753591898164,04:51:38.164,gateio,AERGO/USDT:USDT,0.133,9.0,0.13299,9.0,0.13313,16.0,0.13316,229.0
1753591898297,04:51:38.297,bybit,AERGO/USDT:USDT,0.13297,10.0,0.13296,438.0,0.13298,31381.0,0.13299,8468.0
1753591898325,04:51:38.325,binance,AERGO/USDT:USDT,0.133,9238.0,0.13299,127.0,0.13303,189.0,0.13304,368.0
1753591898238,04:51:38.238,gateio,AERGO/USDT:USDT,0.133,9.0,0.13299,9.0,0.13315,16.0,0.13316,229.0
1753591898336,04:51:38.336,gateio,AERGO/USDT:USDT,0.133,9.0,0.13299,9.0,0.13315,9.0,0.13316,229.0
1753591898496,04:51:38.496,bybit,AERGO/USDT:USDT,0.13297,10.0,0.13296,438.0,0.13298,31381.0,0.13299,8468.0
1753591898485,04:51:38.485,bitget,AERGO/USDT:USDT,0.13305,469.0,0.13303,362.0,0.13313,466.0,0.13318,2271.0
1753591898436,04:51:38.436,gateio,AERGO/USDT:USDT,0.133,9.0,0.13299,9.0,0.13315,16.0,0.13316,229.0
1753591898205,04:51:38.205,phemex,AERGO/USDT:USDT,0.13298,180.0,0.13297,679.0,0.13304,1023.0,0.13305,878.0
1753591898226,04:51:38.226,phemex,AERGO/USDT:USDT,0.13298,180.0,0.13297,679.0,0.13304,1023.0,0.13305,878.0
1753591898859,04:51:38.859,gateio,AERGO/USDT:USDT,0.133,9.0,0.13299,9.0,0.13315,16.0,0.13316,229.0
1753591899278,04:51:39.278,phemex,AERGO/USDT:USDT,0.13298,180.0,0.13297,679.0,0.13304,1023.0,0.13305,878.0
1753591855355,04:50:55.355,blofin,AERGO/USDT:USDT,0.13294,1275.0,0.13282,9134.0,0.13297,839.0,0.1331,6845.0
1753591899597,04:51:39.597,bybit,AERGO/USDT:USDT,0.13297,10.0,0.13296,438.0,0.13298,31389.0,0.13299,8468.0
1753591899686,04:51:39.686,bitget,AERGO/USDT:USDT,0.13306,453.0,0.13305,362.0,0.13313,466.0,0.13318,2271.0
1753591899796,04:51:39.796,bybit,AERGO/USDT:USDT,0.13297,10.0,0.13296,438.0,0.13298,31389.0,0.13299,8468.0
1753591899712,04:51:39.712,gateio,AERGO/USDT:USDT,0.133,9.0,0.13299,9.0,0.13315,16.0,0.13316,229.0
1753591899793,04:51:39.793,gateio,AERGO/USDT:USDT,0.133,9.0,0.13299,9.0,0.13315,16.0,0.13316,229.0
1753591899902,04:51:39.902,binance,AERGO/USDT:USDT,0.133,9238.0,0.13299,127.0,0.13303,189.0,0.13304,368.0
1753591899986,04:51:39.986,bitget,AERGO/USDT:USDT,0.13306,453.0,0.13305,362.0,0.13313,466.0,0.13318,2271.0
1753591900099,04:51:40.099,bybit,AERGO/USDT:USDT,0.13297,10.0,0.13296,438.0,0.13298,31389.0,0.13299,8468.0
1753591900136,04:51:40.136,bitget,AERGO/USDT:USDT,0.13306,453.0,0.13305,362.0,0.13313,466.0,0.13318,2271.0
1753591900235,04:51:40.235,binance,AERGO/USDT:USDT,0.133,9238.0,0.13299,127.0,0.13303,189.0,0.13304,368.0
1753591900286,04:51:40.286,bitget,AERGO/USDT:USDT,0.13306,453.0,0.13305,362.0,0.13313,466.0,0.13318,2271.0
1753591900502,04:51:40.502,binance,AERGO/USDT:USDT,0.133,9238.0,0.13299,127.0,0.13303,189.0,0.13304,368.0
1753591900597,04:51:40.597,bybit,AERGO/USDT:USDT,0.13297,10.0,0.13296,438.0,0.13298,31389.0,0.13299,8196.0
1753591900586,04:51:40.586,bitget,AERGO/USDT:USDT,0.13306,453.0,0.13305,362.0,0.13313,466.0,0.13318,2271.0
1753591900736,04:51:40.736,bitget,AERGO/USDT:USDT,0.13306,453.0,0.13305,362.0,0.13313,466.0,0.13318,2271.0
1753591900864,04:51:40.864,binance,AERGO/USDT:USDT,0.133,9238.0,0.13299,127.0,0.13303,189.0,0.13304,368.0
1753591900997,04:51:40.997,bybit,AERGO/USDT:USDT,0.13297,10.0,0.13296,438.0,0.13298,31389.0,0.13299,8196.0
1753591900991,04:51:40.991,gateio,AERGO/USDT:USDT,0.133,9.0,0.13299,9.0,0.13315,16.0,0.13316,229.0
1753591901096,04:51:41.096,bybit,AERGO/USDT:USDT,0.13297,10.0,0.13296,438.0,0.13298,31389.0,0.13299,8196.0
1753591901102,04:51:41.102,binance,AERGO/USDT:USDT,0.133,9238.0,0.13299,127.0,0.13303,189.0,0.13304,368.0
1753591901187,04:51:41.187,bitget,AERGO/USDT:USDT,0.13306,453.0,0.13305,362.0,0.13313,466.0,0.13318,2271.0
1753591901337,04:51:41.337,bitget,AERGO/USDT:USDT,0.13306,453.0,0.13305,362.0,0.13313,466.0,0.13318,2271.0
1753591901637,04:51:41.637,bitget,AERGO/USDT:USDT,0.13306,453.0,0.13305,362.0,0.13313,466.0,0.13318,2271.0
1753591901697,04:51:41.697,bybit,AERGO/USDT:USDT,0.13297,10.0,0.13296,438.0,0.13298,31389.0,0.13299,8196.0
1753591901702,04:51:41.702,binance,AERGO/USDT:USDT,0.133,9238.0,0.13299,127.0,0.13303,189.0,0.13304,368.0
1753591901796,04:51:41.796,bybit,AERGO/USDT:USDT,0.13297,10.0,0.13296,438.0,0.13298,31389.0,0.13299,8196.0
1753591901787,04:51:41.787,bitget,AERGO/USDT:USDT,0.13306,453.0,0.13305,362.0,0.13313,466.0,0.13318,2271.0
1753591902028,04:51:42.028,binance,AERGO/USDT:USDT,0.133,9238.0,0.13299,127.0,0.13303,189.0,0.13304,368.0
1753591902087,04:51:42.087,bitget,AERGO/USDT:USDT,0.13306,453.0,0.13305,362.0,0.13313,466.0,0.13318,2271.0
1753591902197,04:51:42.197,bybit,AERGO/USDT:USDT,0.13297,10.0,0.13296,438.0,0.13298,31389.0,0.13299,8196.0
1753591902237,04:51:42.237,bitget,AERGO/USDT:USDT,0.13306,453.0,0.13305,362.0,0.13313,466.0,0.13318,2271.0
1753591902297,04:51:42.297,bybit,AERGO/USDT:USDT,0.13297,10.0,0.13296,438.0,0.13298,31389.0,0.13299,8196.0
1753591902047,04:51:42.047,phemex,AERGO/USDT:USDT,0.13298,180.0,0.13297,679.0,0.13304,1023.0,0.13305,878.0
1753591902087,04:51:42.087,phemex,AERGO/USDT:USDT,0.13298,180.0,0.13297,679.0,0.13304,1023.0,0.13305,878.0
1753591902387,04:51:42.387,bitget,AERGO/USDT:USDT,0.13306,453.0,0.13305,362.0,0.13313,466.0,0.13318,2271.0
1753591902547,04:51:42.547,binance,AERGO/USDT:USDT,0.133,9238.0,0.13299,127.0,0.13303,189.0,0.13304,368.0
1753591902696,04:51:42.696,bybit,AERGO/USDT:USDT,0.13297,10.0,0.13296,438.0,0.13298,31389.0,0.13299,8196.0
1753591902688,04:51:42.688,bitget,AERGO/USDT:USDT,0.13306,453.0,0.13305,362.0,0.13313,466.0,0.13318,2271.0
1753591902902,04:51:42.902,binance,AERGO/USDT:USDT,0.133,9238.0,0.13299,127.0,0.13303,189.0,0.13304,368.0
1753591902608,04:51:42.608,mexc,AERGO/USDT:USDT,0.133,3408.0,0.13299,1550,0.13301,76.0,0.13302,101.0
1753591902988,04:51:42.988,bitget,AERGO/USDT:USDT,0.13306,453.0,0.13305,362.0,0.13313,466.0,0.13318,2271.0
1753591903007,04:51:43.007,mexc,AERGO/USDT:USDT,0.133,3408.0,0.13299,1550,0.13301,76.0,0.13302,101.0
1753591903138,04:51:43.138,bitget,AERGO/USDT:USDT,0.13306,453.0,0.13305,362.0,0.13313,466.0,0.13318,2271.0
1753591903108,04:51:43.108,mexc,AERGO/USDT:USDT,0.133,3408.0,0.13299,1392,0.13301,76.0,0.13302,101.0
1753591903288,04:51:43.288,bitget,AERGO/USDT:USDT,0.13306,453.0,0.13305,362.0,0.13313,466.0,0.13318,2271.0
1753591903243,04:51:43.243,mexc,AERGO/USDT:USDT,0.13301,3770,0.133,43,0.13302,63,0.13303,137
1753591903738,04:51:43.738,bitget,AERGO/USDT:USDT,0.13306,453.0,0.13305,362.0,0.13313,466.0,0.13318,2271.0
1753591903607,04:51:43.607,mexc,AERGO/USDT:USDT,0.13301,3770,0.133,43,0.13302,63,0.13303,151
1753591903888,04:51:43.888,bitget,AERGO/USDT:USDT,0.13306,453.0,0.13305,362.0,0.13313,466.0,0.13318,2271.0
1753591904008,04:51:44.008,mexc,AERGO/USDT:USDT,0.13301,3770,0.133,43,0.13302,63,0.13303,137
1753591904107,04:51:44.107,mexc,AERGO/USDT:USDT,0.13301,3770,0.133,43,0.13302,63,0.13303,192
1753591904321,04:51:44.321,huobi,AERGO/USDT:USDT,0.13292,1.0,0.13274,121.0,0.13301,120.0,0.13303,960.0
1753591904339,04:51:44.339,bitget,AERGO/USDT:USDT,0.13306,453.0,0.13305,362.0,0.13313,466.0,0.13318,2271.0
1753591904346,04:51:44.346,huobi,AERGO/USDT:USDT,0.13275,116.0,0.13249,37.0,0.13301,120.0,0.13303,960.0
1753591904508,04:51:44.508,mexc,AERGO/USDT:USDT,0.13301,3770,0.133,43,0.13302,63,0.13303,166
1753591904531,04:51:44.531,binance,AERGO/USDT:USDT,0.133,9238.0,0.13299,127.0,0.13303,189.0,0.13304,368.0
1753591904647,04:51:44.647,binance,AERGO/USDT:USDT,0.133,9238.0,0.13299,127.0,0.13303,189.0,0.13304,368.0
1753591904606,04:51:44.606,mexc,AERGO/USDT:USDT,0.13301,3770,0.133,51,0.13302,63,0.13303,190
1753591904797,04:51:44.797,bybit,AERGO/USDT:USDT,0.13297,10.0,0.13296,438.0,0.13298,31389.0,0.13299,8196.0
1753591904789,04:51:44.789,bitget,AERGO/USDT:USDT,0.13306,453.0,0.13305,362.0,0.13313,466.0,0.13318,2271.0
1753591904897,04:51:44.897,bybit,AERGO/USDT:USDT,0.13297,10.0,0.13296,438.0,0.13298,31389.0,0.13299,8196.0
1753591904939,04:51:44.939,bitget,AERGO/USDT:USDT,0.13306,453.0,0.13305,362.0,0.13313,466.0,0.13318,2271.0
1753591905009,04:51:45.009,mexc,AERGO/USDT:USDT,0.13301,3770,0.133,51,0.13302,63,0.13303,137
1753591905089,04:51:45.089,bitget,AERGO/USDT:USDT,0.13306,453.0,0.13305,362.0,0.13313,466.0,0.13318,2271.0
1753591905197,04:51:45.197,bybit,AERGO/USDT:USDT,0.13297,10.0,0.13296,438.0,0.13298,31389.0,0.13299,8196.0
1753591905127,04:51:45.127,mexc,AERGO/USDT:USDT,0.13301,3770,0.133,60,0.13302,63,0.13303,176
1753591905239,04:51:45.239,bitget,AERGO/USDT:USDT,0.13306,453.0,0.13305,362.0,0.13313,466.0,0.13318,2271.0
1753591905397,04:51:45.397,bybit,AERGO/USDT:USDT,0.13297,10.0,0.13296,438.0,0.13298,31389.0,0.13299,8488.0
1753591905389,04:51:45.389,bitget,AERGO/USDT:USDT,0.13306,453.0,0.13305,362.0,0.13313,466.0,0.13318,2271.0
1753591905510,04:51:45.510,mexc,AERGO/USDT:USDT,0.13301,3770,0.133,60,0.13302,63,0.13303,176
1753591905689,04:51:45.689,bitget,AERGO/USDT:USDT,0.13306,453.0,0.13305,362.0,0.13313,466.0,0.13318,2271.0
1753591905607,04:51:45.607,mexc,AERGO/USDT:USDT,0.13301,3770,0.133,59,0.13302,63,0.13303,137
1753591905802,04:51:45.802,binance,AERGO/USDT:USDT,0.133,9238.0,0.13299,127.0,0.13303,189.0,0.13304,368.0
1753591905840,04:51:45.840,bitget,AERGO/USDT:USDT,0.13306,453.0,0.13305,362.0,0.13313,466.0,0.13318,2271.0
1753591905990,04:51:45.990,bitget,AERGO/USDT:USDT,0.13306,453.0,0.13305,362.0,0.13313,466.0,0.13318,2271.0
1753591906009,04:51:46.009,mexc,AERGO/USDT:USDT,0.13301,3770,0.133,59,0.13302,63,0.13303,137
1753591906140,04:51:46.140,bitget,AERGO/USDT:USDT,0.13306,453.0,0.13305,362.0,0.13313,466.0,0.13318,2271.0
1753591906223,04:51:46.223,phemex,AERGO/USDT:USDT,0.133,2140.0,0.13298,180.0,0.13305,878.0,0.13306,655.0
1753591906109,04:51:46.109,mexc,AERGO/USDT:USDT,0.13301,3770,0.133,43,0.13302,63,0.13303,163
1753591906240,04:51:46.240,phemex,AERGO/USDT:USDT,0.13301,186.0,0.133,2140.0,0.13305,878.0,0.13306,655.0
1753591906297,04:51:46.297,bybit,AERGO/USDT:USDT,0.13297,10.0,0.13296,438.0,0.13298,31389.0,0.13299,8488.0
1753591906279,04:51:46.279,binance,AERGO/USDT:USDT,0.13301,9239.0,0.133,53.0,0.13304,190.0,0.13305,3031.0
1753591906382,04:51:46.382,binance,AERGO/USDT:USDT,0.13301,9239.0,0.133,53.0,0.13304,190.0,0.13305,3031.0
1753591906440,04:51:46.440,bitget,AERGO/USDT:USDT,0.13307,453.0,0.13306,362.0,0.13313,466.0,0.13315,380.0
1753591906510,04:51:46.510,mexc,AERGO/USDT:USDT,0.13301,3770,0.133,43,0.13302,63,0.13303,163
1753591906523,04:51:46.523,phemex,AERGO/USDT:USDT,0.13301,186.0,0.133,2140.0,0.13304,186.0,0.13305,878.0
1753591906597,04:51:46.597,bybit,AERGO/USDT:USDT,0.13297,10.0,0.13296,438.0,0.13298,31389.0,0.13299,8488.0
1753591906571,04:51:46.571,phemex,AERGO/USDT:USDT,0.13301,186.0,0.133,2140.0,0.13304,186.0,0.13305,878.0
1753591906586,04:51:46.586,binance,AERGO/USDT:USDT,0.13301,9239.0,0.133,53.0,0.13304,190.0,0.13305,3031.0
1753591906697,04:51:46.697,bybit,AERGO/USDT:USDT,0.13297,10.0,0.13296,438.0,0.13298,31389.0,0.13299,8196.0
1753591906609,04:51:46.609,mexc,AERGO/USDT:USDT,0.13301,3770,0.133,59,0.13302,63,0.13303,179
1753591906740,04:51:46.740,bitget,AERGO/USDT:USDT,0.13308,453.0,0.13307,184.0,0.13313,466.0,0.13315,380.0
1753591906897,04:51:46.897,bybit,AERGO/USDT:USDT,0.13297,10.0,0.13296,438.0,0.13298,31389.0,0.13299,8196.0
1753591907009,04:51:47.009,mexc,AERGO/USDT:USDT,0.13301,3770,0.133,59,0.13302,63,0.13303,179
1753591907026,04:51:47.026,binance,AERGO/USDT:USDT,0.13301,9239.0,0.133,53.0,0.13304,190.0,0.13305,3031.0
1753591907123,04:51:47.123,gateio,AERGO/USDT:USDT,0.133,23.0,0.13299,9.0,0.13315,16.0,0.13316,229.0
1753591907109,04:51:47.109,mexc,AERGO/USDT:USDT,0.13301,3770,0.133,51,0.13302,63,0.13303,137
1753591907129,04:51:47.129,gateio,AERGO/USDT:USDT,0.133,23.0,0.13299,9.0,0.13315,16.0,0.13316,229.0
1753591907251,04:51:47.251,binance,AERGO/USDT:USDT,0.13301,9239.0,0.133,53.0,0.13304,190.0,0.13305,3031.0
1753591907301,04:51:47.301,gateio,AERGO/USDT:USDT,0.133,23.0,0.13299,9.0,0.13315,16.0,0.13316,229.0
1753591907396,04:51:47.396,bybit,AERGO/USDT:USDT,0.13297,10.0,0.13296,438.0,0.13298,31389.0,0.13299,8196.0
1753591907511,04:51:47.511,mexc,AERGO/USDT:USDT,0.13301,3770,0.133,51,0.13302,63,0.13303,137
1753591907641,04:51:47.641,bitget,AERGO/USDT:USDT,0.13306,362.0,0.13305,362.0,0.13313,466.0,0.13315,991.0
1753591907697,04:51:47.697,bybit,AERGO/USDT:USDT,0.13297,10.0,0.13296,438.0,0.13298,31766.0,0.13299,8410.0
1753591907711,04:51:47.711,binance,AERGO/USDT:USDT,0.13301,355.0,0.133,53.0,0.13303,2723.0,0.13304,2315.0
1753591907609,04:51:47.609,mexc,AERGO/USDT:USDT,0.13301,3770,0.133,54,0.13302,63,0.13303,253
1753591907791,04:51:47.791,bitget,AERGO/USDT:USDT,0.13307,469.0,0.13303,362.0,0.13312,362.0,0.13313,466.0
1753591907813,04:51:47.813,binance,AERGO/USDT:USDT,0.13301,355.0,0.133,53.0,0.13303,2723.0,0.13304,2315.0
1753591907897,04:51:47.897,bybit,AERGO/USDT:USDT,0.13297,10.0,0.13296,438.0,0.13298,31766.0,0.13299,8410.0
1753591907921,04:51:47.921,binance,AERGO/USDT:USDT,0.13301,355.0,0.133,53.0,0.13303,2723.0,0.13304,2315.0
1753591907941,04:51:47.941,bitget,AERGO/USDT:USDT,0.13307,469.0,0.13303,362.0,0.13311,469.0,0.13312,362.0
1753591907647,04:51:47.647,phemex,AERGO/USDT:USDT,0.133,2140.0,0.13297,679.0,0.13304,186.0,0.13305,878.0
1753591907693,04:51:47.693,phemex,AERGO/USDT:USDT,0.133,2140.0,0.13298,186.0,0.13304,186.0,0.13305,878.0
1753591907997,04:51:47.997,bybit,AERGO/USDT:USDT,0.13297,10.0,0.13296,438.0,0.13298,31766.0,0.13299,8410.0
1753591908010,04:51:48.010,mexc,AERGO/USDT:USDT,0.13301,3770,0.133,54,0.13302,63,0.13303,200
1753591908054,04:51:48.054,phemex,AERGO/USDT:USDT,0.133,2140.0,0.13298,186.0,0.13304,186.0,0.13305,878.0
1753591856358,04:50:56.358,blofin,AERGO/USDT:USDT,0.13294,1275.0,0.13283,30547.0,0.13297,839.0,0.13309,15071.0
1753591908073,04:51:48.073,phemex,AERGO/USDT:USDT,0.133,2140.0,0.13298,186.0,0.13304,186.0,0.13305,878.0
1753591908110,04:51:48.110,mexc,AERGO/USDT:USDT,0.13301,3770,0.133,43,0.13302,63,0.13303,156
1753591908160,04:51:48.160,gateio,AERGO/USDT:USDT,0.133,9.0,0.13299,9.0,0.13315,16.0,0.13316,229.0
1753591908241,04:51:48.241,bitget,AERGO/USDT:USDT,0.13307,469.0,0.13303,362.0,0.13311,469.0,0.13312,362.0
1753591908302,04:51:48.302,binance,AERGO/USDT:USDT,0.13301,355.0,0.133,53.0,0.13303,2723.0,0.13304,2315.0
1753591908511,04:51:48.511,mexc,AERGO/USDT:USDT,0.13301,3770,0.133,43,0.13302,63,0.13303,156
1753591908514,04:51:48.514,gateio,AERGO/USDT:USDT,0.133,9.0,0.13299,9.0,0.13315,16.0,0.13316,229.0
1753591908542,04:51:48.542,bitget,AERGO/USDT:USDT,0.13307,469.0,0.13303,362.0,0.13311,469.0,0.13312,362.0
1753591908610,04:51:48.610,mexc,AERGO/USDT:USDT,0.13301,3770,0.133,63,0.13302,63,0.13303,215
1753591908797,04:51:48.797,bybit,AERGO/USDT:USDT,0.13297,10.0,0.13296,438.0,0.13298,31766.0,0.13299,8410.0
1753591908897,04:51:48.897,bybit,AERGO/USDT:USDT,0.13297,10.0,0.13296,438.0,0.13298,31766.0,0.13299,8410.0
1753591908902,04:51:48.902,binance,AERGO/USDT:USDT,0.13301,355.0,0.133,53.0,0.13303,2723.0,0.13304,2315.0
1753591909010,04:51:49.010,mexc,AERGO/USDT:USDT,0.13301,3770,0.133,63,0.13302,63,0.13303,167
1753591909142,04:51:49.142,bitget,AERGO/USDT:USDT,0.13307,469.0,0.13303,362.0,0.13311,469.0,0.13312,362.0
1753591909150,04:51:49.150,binance,AERGO/USDT:USDT,0.13301,355.0,0.133,53.0,0.13303,2723.0,0.13304,2315.0
1753591909197,04:51:49.197,bybit,AERGO/USDT:USDT,0.13297,10.0,0.13296,438.0,0.13298,31766.0,0.13299,8410.0
1753591909206,04:51:49.206,phemex,AERGO/USDT:USDT,0.133,1490.0,0.13298,186.0,0.13304,186.0,0.13305,878.0
1753591909107,04:51:49.107,mexc,AERGO/USDT:USDT,0.13301,3770,0.133,43,0.13302,63,0.13303,241
1753591909243,04:51:49.243,mexc,AERGO/USDT:USDT,0.13302,155,0.13301,43,0.13303,1243,0.13304,855
1753591909502,04:51:49.502,binance,AERGO/USDT:USDT,0.13301,355.0,0.133,53.0,0.13303,2723.0,0.13304,2315.0
1753591909742,04:51:49.742,bitget,AERGO/USDT:USDT,0.13307,469.0,0.13303,362.0,0.13311,469.0,0.13312,362.0
1753591909611,04:51:49.611,mexc,AERGO/USDT:USDT,0.13302,155,0.13301,58,0.13303,1243,0.13304,1280
1753591909853,04:51:49.853,phemex,AERGO/USDT:USDT,0.133,1442.0,0.13298,186.0,0.13304,186.0,0.13305,878.0
1753591910012,04:51:50.012,mexc,AERGO/USDT:USDT,0.13302,155,0.13301,58,0.13303,1243,0.13304,1280
1753591910043,04:51:50.043,bitget,AERGO/USDT:USDT,0.13307,469.0,0.13303,362.0,0.13311,469.0,0.13312,362.0
1753591910102,04:51:50.102,binance,AERGO/USDT:USDT,0.13301,355.0,0.133,53.0,0.13303,2723.0,0.13304,2315.0
1753591910193,04:51:50.193,bitget,AERGO/USDT:USDT,0.13307,469.0,0.13303,362.0,0.13311,469.0,0.13312,362.0
1753591910205,04:51:50.205,binance,AERGO/USDT:USDT,0.13301,355.0,0.133,53.0,0.13303,2723.0,0.13304,2315.0
1753591910111,04:51:50.111,mexc,AERGO/USDT:USDT,0.13302,155,0.13301,59,0.13303,1243,0.13304,1020
1753591910343,04:51:50.343,bitget,AERGO/USDT:USDT,0.13307,469.0,0.13303,362.0,0.13311,469.0,0.13312,362.0
1753591910426,04:51:50.426,gateio,AERGO/USDT:USDT,0.133,9.0,0.13299,9.0,0.13315,16.0,0.13316,229.0
1753591910497,04:51:50.497,bybit,AERGO/USDT:USDT,0.13297,10.0,0.13296,438.0,0.13298,31766.0,0.13299,8410.0
1753591910515,04:51:50.515,mexc,AERGO/USDT:USDT,0.13302,155,0.13301,43,0.13303,1243,0.13304,1020
1753591910598,04:51:50.598,bybit,AERGO/USDT:USDT,0.13297,10.0,0.13296,438.0,0.13298,31766.0,0.13299,8410.0
1753591910632,04:51:50.632,binance,AERGO/USDT:USDT,0.13301,355.0,0.133,53.0,0.13302,40.0,0.13303,2848.0
1753591910697,04:51:50.697,bybit,AERGO/USDT:USDT,0.13297,10.0,0.13296,438.0,0.13298,31766.0,0.13299,8278.0
1753591910612,04:51:50.612,mexc,AERGO/USDT:USDT,0.13302,155,0.13301,57,0.13303,1243,0.13304,855
1753591910735,04:51:50.735,binance,AERGO/USDT:USDT,0.13301,355.0,0.133,53.0,0.13302,40.0,0.13303,2848.0
1753591910793,04:51:50.793,bitget,AERGO/USDT:USDT,0.13307,469.0,0.13303,990.0,0.13311,469.0,0.13312,362.0
1753591910781,04:51:50.781,gateio,AERGO/USDT:USDT,0.133,9.0,0.13299,9.0,0.13315,16.0,0.13316,229.0
1753591910896,04:51:50.896,bybit,AERGO/USDT:USDT,0.13297,10.0,0.13296,438.0,0.13298,31766.0,0.13299,8278.0
1753591910943,04:51:50.943,bitget,AERGO/USDT:USDT,0.13307,469.0,0.13303,990.0,0.13311,469.0,0.13312,362.0
1753591911013,04:51:51.013,mexc,AERGO/USDT:USDT,0.13302,155,0.13301,57,0.13303,1243,0.13304,855
1753591910963,04:51:50.963,gateio,AERGO/USDT:USDT,0.133,23.0,0.13299,9.0,0.13315,16.0,0.13316,229.0
1753591911093,04:51:51.093,bitget,AERGO/USDT:USDT,0.13307,469.0,0.13303,990.0,0.13311,469.0,0.13312,362.0
1753591911197,04:51:51.197,bybit,AERGO/USDT:USDT,0.13297,10.0,0.13296,438.0,0.13298,31766.0,0.13299,8278.0
1753591911219,04:51:51.219,phemex,AERGO/USDT:USDT,0.133,1427.0,0.13298,186.0,0.13304,186.0,0.13305,878.0
1753591911202,04:51:51.202,binance,AERGO/USDT:USDT,0.13301,355.0,0.133,53.0,0.13302,40.0,0.13303,2848.0
1753591911191,04:51:51.191,mexc,AERGO/USDT:USDT,0.13302,155,0.13301,69,0.13303,1243,0.13304,855
1753591911243,04:51:51.243,bitget,AERGO/USDT:USDT,0.13307,469.0,0.13303,990.0,0.13311,469.0,0.13312,362.0
1753591911297,04:51:51.297,bybit,AERGO/USDT:USDT,0.13297,10.0,0.13296,438.0,0.13298,31766.0,0.13299,8278.0
1753591911497,04:51:51.497,bybit,AERGO/USDT:USDT,0.13297,10.0,0.13296,438.0,0.13298,31471.0,0.13299,8278.0
1753591911506,04:51:51.506,binance,AERGO/USDT:USDT,0.13301,355.0,0.133,53.0,0.13302,40.0,0.13303,2848.0
1753591911513,04:51:51.513,mexc,AERGO/USDT:USDT,0.13302,155,0.13301,69,0.13303,1243,0.13304,855
1753591911544,04:51:51.544,bitget,AERGO/USDT:USDT,0.13307,469.0,0.13303,990.0,0.13311,469.0,0.13312,362.0
1753591911597,04:51:51.597,bybit,AERGO/USDT:USDT,0.13297,24.0,0.13296,438.0,0.13298,31471.0,0.13299,8278.0
1753591911695,04:51:51.695,binance,AERGO/USDT:USDT,0.13301,355.0,0.133,53.0,0.13302,40.0,0.13303,2848.0
1753591911694,04:51:51.694,bitget,AERGO/USDT:USDT,0.13307,469.0,0.13303,990.0,0.13311,469.0,0.13312,362.0
1753591911611,04:51:51.611,mexc,AERGO/USDT:USDT,0.13302,155,0.13301,43,0.13303,1243,0.13304,855
1753591911796,04:51:51.796,gateio,AERGO/USDT:USDT,0.133,23.0,0.13299,9.0,0.13315,16.0,0.13316,229.0
1753591911844,04:51:51.844,bitget,AERGO/USDT:USDT,0.13307,469.0,0.13303,990.0,0.13311,469.0,0.13312,362.0
1753591911997,04:51:51.997,bybit,AERGO/USDT:USDT,0.13297,24.0,0.13296,438.0,0.13298,31656.0,0.13299,8278.0
1753591911994,04:51:51.994,bitget,AERGO/USDT:USDT,0.13307,469.0,0.13303,990.0,0.13311,469.0,0.13312,362.0
1753591912013,04:51:52.013,gateio,AERGO/USDT:USDT,0.133,9.0,0.13299,9.0,0.13315,16.0,0.13316,229.0
1753591912013,04:51:52.013,mexc,AERGO/USDT:USDT,0.13302,155,0.13301,43,0.13303,1243,0.13304,855
1753591912197,04:51:52.197,bybit,AERGO/USDT:USDT,0.13297,24.0,0.13296,438.0,0.13298,31656.0,0.13299,8278.0
1753591912112,04:51:52.112,mexc,AERGO/USDT:USDT,0.13302,155,0.13301,52,0.13303,1243,0.13304,855
1753591912219,04:51:52.219,gateio,AERGO/USDT:USDT,0.133,9.0,0.13299,9.0,0.13315,16.0,0.13317,279.0
1753591912234,04:51:52.234,binance,AERGO/USDT:USDT,0.13301,355.0,0.133,53.0,0.13302,40.0,0.13303,125.0
1753591912298,04:51:52.298,bybit,AERGO/USDT:USDT,0.13297,24.0,0.13296,438.0,0.13298,31389.0,0.13299,8278.0
1753591912260,04:51:52.260,phemex,AERGO/USDT:USDT,0.13301,186.0,0.133,1427.0,0.13304,186.0,0.13305,878.0
1753591912294,04:51:52.294,bitget,AERGO/USDT:USDT,0.13307,469.0,0.13303,990.0,0.13311,469.0,0.13312,362.0
1753591912244,04:51:52.244,gateio,AERGO/USDT:USDT,0.133,9.0,0.13299,9.0,0.13316,16.0,0.13317,279.0
1753591912337,04:51:52.337,binance,AERGO/USDT:USDT,0.13301,355.0,0.133,53.0,0.13302,40.0,0.13303,125.0
1753591912389,04:51:52.389,phemex,AERGO/USDT:USDT,0.13301,186.0,0.133,1810.0,0.13303,639.0,0.13304,186.0
1753591912407,04:51:52.407,phemex,AERGO/USDT:USDT,0.13301,186.0,0.133,1810.0,0.13303,639.0,0.13304,186.0
1753591912448,04:51:52.448,binance,AERGO/USDT:USDT,0.13301,466.0,0.133,53.0,0.13302,40.0,0.13303,125.0
1753591912444,04:51:52.444,bitget,AERGO/USDT:USDT,0.13307,469.0,0.13303,990.0,0.13311,469.0,0.13312,362.0
1753591912497,04:51:52.497,bybit,AERGO/USDT:USDT,0.13297,24.0,0.13296,438.0,0.13298,31389.0,0.13299,8555.0
1753591912513,04:51:52.513,mexc,AERGO/USDT:USDT,0.13302,155,0.13301,52,0.13303,1243,0.13304,855
1753591912596,04:51:52.596,bybit,AERGO/USDT:USDT,0.13297,24.0,0.13296,438.0,0.13298,31389.0,0.13299,8278.0
1753591912601,04:51:52.601,binance,AERGO/USDT:USDT,0.13301,466.0,0.133,53.0,0.13302,40.0,0.13303,125.0
1753591912613,04:51:52.613,mexc,AERGO/USDT:USDT,0.13302,155,0.13301,61,0.13303,1243,0.13304,991
1753591912744,04:51:52.744,bitget,AERGO/USDT:USDT,0.13307,469.0,0.13303,990.0,0.13311,469.0,0.13312,362.0
1753591912797,04:51:52.797,bybit,AERGO/USDT:USDT,0.13297,24.0,0.13296,438.0,0.13298,31389.0,0.13299,8278.0
1753591912894,04:51:52.894,bitget,AERGO/USDT:USDT,0.13307,469.0,0.13303,990.0,0.13311,469.0,0.13312,362.0
1753591913002,04:51:53.002,binance,AERGO/USDT:USDT,0.13301,466.0,0.133,53.0,0.13302,40.0,0.13303,125.0
1753591913100,04:51:53.100,mexc,AERGO/USDT:USDT,0.13302,155,0.13301,61,0.13303,1243,0.13304,991
1753591913195,04:51:53.195,bitget,AERGO/USDT:USDT,0.13307,469.0,0.13303,990.0,0.13311,469.0,0.13312,362.0
1753591913114,04:51:53.114,mexc,AERGO/USDT:USDT,0.13302,155,0.13301,43,0.13303,1243,0.13304,855
1753591913345,04:51:53.345,bitget,AERGO/USDT:USDT,0.13307,469.0,0.13303,990.0,0.13311,469.0,0.13312,362.0
1753591913396,04:51:53.396,bybit,AERGO/USDT:USDT,0.13297,24.0,0.13296,438.0,0.13298,31389.0,0.13299,8278.0
1753591913374,04:51:53.374,binance,AERGO/USDT:USDT,0.13301,466.0,0.133,53.0,0.13302,40.0,0.13303,125.0
1753591913514,04:51:53.514,mexc,AERGO/USDT:USDT,0.13302,155,0.13301,43,0.13303,1243,0.13304,855
1753591913586,04:51:53.586,binance,AERGO/USDT:USDT,0.13301,466.0,0.133,53.0,0.13302,40.0,0.13303,125.0
1753591913611,04:51:53.611,mexc,AERGO/USDT:USDT,0.13302,155,0.13301,43,0.13303,1243,0.13304,855
1753591913897,04:51:53.897,bybit,AERGO/USDT:USDT,0.13297,24.0,0.13296,438.0,0.13298,31389.0,0.13299,8278.0
1753591913945,04:51:53.945,bitget,AERGO/USDT:USDT,0.13307,469.0,0.13303,990.0,0.13311,469.0,0.13312,362.0
1753591914016,04:51:54.016,mexc,AERGO/USDT:USDT,0.13302,155,0.13301,43,0.13303,1243,0.13304,855
1753591914197,04:51:54.197,bybit,AERGO/USDT:USDT,0.13297,24.0,0.13296,438.0,0.13298,31389.0,0.13299,8278.0
1753591914202,04:51:54.202,binance,AERGO/USDT:USDT,0.13301,466.0,0.133,53.0,0.13302,40.0,0.13303,125.0
1753591914115,04:51:54.115,mexc,AERGO/USDT:USDT,0.13302,155,0.13301,43,0.13303,1243,0.13304,855
1753591914245,04:51:54.245,bitget,AERGO/USDT:USDT,0.13307,469.0,0.13303,990.0,0.13311,469.0,0.13312,362.0
1753591914397,04:51:54.397,bybit,AERGO/USDT:USDT,0.13297,24.0,0.13296,438.0,0.13298,31389.0,0.13299,8278.0
1753591914395,04:51:54.395,bitget,AERGO/USDT:USDT,0.13307,469.0,0.13303,990.0,0.13311,469.0,0.13312,362.0
1753591914516,04:51:54.516,mexc,AERGO/USDT:USDT,0.13302,155,0.13301,43,0.13303,1243,0.13304,855
1753591914545,04:51:54.545,bitget,AERGO/USDT:USDT,0.13307,469.0,0.13303,990.0,0.13311,469.0,0.13312,362.0
1753591914648,04:51:54.648,phemex,AERGO/USDT:USDT,0.133,1810.0,0.13298,186.0,0.13303,639.0,0.13304,186.0
1753591914697,04:51:54.697,bybit,AERGO/USDT:USDT,0.13297,24.0,0.13296,438.0,0.13298,31412.0,0.13299,8278.0
1753591914612,04:51:54.612,mexc,AERGO/USDT:USDT,0.13302,155,0.13301,43,0.13303,1243,0.13304,855
1753591914760,04:51:54.760,binance,AERGO/USDT:USDT,0.13301,466.0,0.133,53.0,0.13302,40.0,0.13303,125.0
1753591914846,04:51:54.846,bitget,AERGO/USDT:USDT,0.13307,469.0,0.13303,990.0,0.13311,469.0,0.13312,362.0
1753591915014,04:51:55.014,mexc,AERGO/USDT:USDT,0.13302,155,0.13301,43,0.13303,1243,0.13304,855
1753591915097,04:51:55.097,bybit,AERGO/USDT:USDT,0.13297,24.0,0.13296,438.0,0.13298,31412.0,0.13299,8278.0
1753591915112,04:51:55.112,mexc,AERGO/USDT:USDT,0.13302,155,0.13301,43,0.13303,1243,0.13304,855
1753591915302,04:51:55.302,binance,AERGO/USDT:USDT,0.13301,466.0,0.133,53.0,0.13302,40.0,0.13303,125.0
1753591915245,04:51:55.245,mexc,AERGO/USDT:USDT,0.13301,164,0.133,48,0.13302,46,0.13303,46
1753591915446,04:51:55.446,bitget,AERGO/USDT:USDT,0.13307,469.0,0.13303,990.0,0.13311,469.0,0.13312,362.0
1753591915612,04:51:55.612,mexc,AERGO/USDT:USDT,0.13301,164,0.133,48,0.13302,46,0.13303,46
1753591915897,04:51:55.897,bybit,AERGO/USDT:USDT,0.13297,24.0,0.13296,438.0,0.13298,31412.0,0.13299,8278.0
1753591915902,04:51:55.902,binance,AERGO/USDT:USDT,0.13301,466.0,0.133,53.0,0.13302,40.0,0.13303,125.0
1753591915997,04:51:55.997,bybit,AERGO/USDT:USDT,0.13297,24.0,0.13296,438.0,0.13298,31412.0,0.13299,8278.0
1753591857335,04:50:57.335,blofin,AERGO/USDT:USDT,0.13294,1275.0,0.13291,15181.0,0.13296,834.0,0.13297,5.0
1753591916013,04:51:56.013,mexc,AERGO/USDT:USDT,0.13301,164,0.133,48,0.13302,46,0.13303,46
1753591916196,04:51:56.196,bitget,AERGO/USDT:USDT,0.13307,469.0,0.13303,990.0,0.13311,469.0,0.13312,362.0
1753591916113,04:51:56.113,mexc,AERGO/USDT:USDT,0.13301,164,0.133,48,0.13302,46,0.13303,46
1753591916346,04:51:56.346,bitget,AERGO/USDT:USDT,0.13307,469.0,0.13303,990.0,0.13311,469.0,0.13312,362.0
1753591916497,04:51:56.497,bitget,AERGO/USDT:USDT,0.13307,469.0,0.13303,990.0,0.13311,469.0,0.13312,362.0
1753591916502,04:51:56.502,binance,AERGO/USDT:USDT,0.13301,466.0,0.133,53.0,0.13302,40.0,0.13303,125.0
1753591916516,04:51:56.516,mexc,AERGO/USDT:USDT,0.13301,164,0.133,48,0.13302,46,0.13303,46
1753591916697,04:51:56.697,bybit,AERGO/USDT:USDT,0.13297,24.0,0.13296,438.0,0.13298,31412.0,0.13299,8278.0
1753591916613,04:51:56.613,mexc,AERGO/USDT:USDT,0.13301,164,0.133,48,0.13302,46,0.13303,46
1753591916796,04:51:56.796,bybit,AERGO/USDT:USDT,0.13297,24.0,0.13296,438.0,0.13298,31412.0,0.13299,8278.0
1753591916791,04:51:56.791,binance,AERGO/USDT:USDT,0.13301,466.0,0.133,53.0,0.13302,40.0,0.13303,125.0
1753591916797,04:51:56.797,bitget,AERGO/USDT:USDT,0.13307,469.0,0.13303,990.0,0.13311,469.0,0.13312,362.0
1753591916947,04:51:56.947,bitget,AERGO/USDT:USDT,0.13307,469.0,0.13303,990.0,0.13311,469.0,0.13312,362.0
1753591917014,04:51:57.014,mexc,AERGO/USDT:USDT,0.13301,164,0.133,48,0.13302,46,0.13303,46
1753591917067,04:51:57.067,binance,AERGO/USDT:USDT,0.13301,466.0,0.133,53.0,0.13302,40.0,0.13303,125.0
1753591917097,04:51:57.097,bitget,AERGO/USDT:USDT,0.13307,469.0,0.13303,990.0,0.13311,469.0,0.13312,362.0
1753591917170,04:51:57.170,binance,AERGO/USDT:USDT,0.13301,466.0,0.133,53.0,0.13302,40.0,0.13303,125.0
1753591917119,04:51:57.119,mexc,AERGO/USDT:USDT,0.13301,164,0.133,48,0.13302,46,0.13303,54
1753591917366,04:51:57.366,binance,AERGO/USDT:USDT,0.13301,466.0,0.133,53.0,0.13302,40.0,0.13303,125.0
1753591917397,04:51:57.397,bitget,AERGO/USDT:USDT,0.13307,469.0,0.13303,990.0,0.13311,469.0,0.13312,362.0
1753591917514,04:51:57.514,mexc,AERGO/USDT:USDT,0.13301,164,0.133,48,0.13302,46,0.13303,54
1753591917547,04:51:57.547,bitget,AERGO/USDT:USDT,0.13307,469.0,0.13303,990.0,0.13311,469.0,0.13312,362.0
1753591917613,04:51:57.613,mexc,AERGO/USDT:USDT,0.13301,164,0.133,61,0.13302,46,0.13303,62
1753591917997,04:51:57.997,bitget,AERGO/USDT:USDT,0.13307,469.0,0.13303,990.0,0.13311,469.0,0.13312,362.0
1753591918014,04:51:58.014,mexc,AERGO/USDT:USDT,0.13301,164,0.133,48,0.13302,46,0.13303,62
1753591918099,04:51:58.099,bybit,AERGO/USDT:USDT,0.13297,24.0,0.13296,438.0,0.13298,31406.0,0.13299,8278.0
1753591918148,04:51:58.148,bitget,AERGO/USDT:USDT,0.13307,469.0,0.13303,990.0,0.13311,469.0,0.13312,362.0
1753591918197,04:51:58.197,bybit,AERGO/USDT:USDT,0.13297,2024.0,0.13296,438.0,0.13298,31406.0,0.13299,8278.0
1753591918119,04:51:58.119,mexc,AERGO/USDT:USDT,0.13301,164,0.133,48,0.13302,46,0.13303,46
1753591918297,04:51:58.297,bitget,AERGO/USDT:USDT,0.13307,469.0,0.13303,990.0,0.13311,469.0,0.13312,362.0
1753591918302,04:51:58.302,binance,AERGO/USDT:USDT,0.13301,466.0,0.133,53.0,0.13302,40.0,0.13303,125.0
1753591918448,04:51:58.448,bitget,AERGO/USDT:USDT,0.13307,469.0,0.13303,990.0,0.13311,469.0,0.13313,466.0
1753591918514,04:51:58.514,mexc,AERGO/USDT:USDT,0.13301,164,0.133,48,0.13302,46,0.13303,46
1753591918697,04:51:58.697,bybit,AERGO/USDT:USDT,0.13297,2024.0,0.13296,438.0,0.13298,31406.0,0.13299,8278.0
1753591918612,04:51:58.612,mexc,AERGO/USDT:USDT,0.13301,164,0.133,48,0.13302,46,0.13303,46
1753591918898,04:51:58.898,bitget,AERGO/USDT:USDT,0.13307,469.0,0.13303,990.0,0.13313,466.0,0.13315,1076.0
1753591919015,04:51:59.015,mexc,AERGO/USDT:USDT,0.13301,164,0.133,48,0.13302,46,0.13303,46
1753591919098,04:51:59.098,bybit,AERGO/USDT:USDT,0.13297,2024.0,0.13296,438.0,0.13298,31406.0,0.13299,8278.0
1753591919197,04:51:59.197,bybit,AERGO/USDT:USDT,0.13297,2024.0,0.13296,438.0,0.13298,31406.0,0.13299,8278.0
1753591919198,04:51:59.198,bitget,AERGO/USDT:USDT,0.13307,469.0,0.13303,990.0,0.13313,466.0,0.13315,1076.0
1753591919116,04:51:59.116,mexc,AERGO/USDT:USDT,0.13301,164,0.133,48,0.13302,46,0.13303,46
1753591919297,04:51:59.297,bybit,AERGO/USDT:USDT,0.13297,2024.0,0.13296,438.0,0.13298,31406.0,0.13299,8278.0
1753591919348,04:51:59.348,bitget,AERGO/USDT:USDT,0.13307,469.0,0.13303,990.0,0.13313,466.0,0.13315,1076.0
1753591919397,04:51:59.397,bybit,AERGO/USDT:USDT,0.13297,2024.0,0.13296,438.0,0.13298,31406.0,0.13299,8278.0
1753591919348,04:51:59.348,gateio,AERGO/USDT:USDT,0.133,23.0,0.13299,9.0,0.13316,16.0,0.13317,279.0
1753591919467,04:51:59.467,phemex,AERGO/USDT:USDT,0.13301,186.0,0.133,1810.0,0.13303,639.0,0.13304,186.0
1753591919498,04:51:59.498,bitget,AERGO/USDT:USDT,0.13307,469.0,0.13303,990.0,0.13313,466.0,0.13315,1076.0
1753591919502,04:51:59.502,binance,AERGO/USDT:USDT,0.13301,466.0,0.133,53.0,0.13302,40.0,0.13303,125.0
1753591919516,04:51:59.516,mexc,AERGO/USDT:USDT,0.13301,164,0.133,48,0.13302,46,0.13303,46
1753591919648,04:51:59.648,bitget,AERGO/USDT:USDT,0.13307,469.0,0.13303,990.0,0.13313,466.0,0.13315,1076.0
1753591919613,04:51:59.613,mexc,AERGO/USDT:USDT,0.13301,164,0.133,48,0.13302,46,0.13303,46
1753591919724,04:51:59.724,binance,AERGO/USDT:USDT,0.13301,466.0,0.133,53.0,0.13302,40.0,0.13303,125.0
1753591919865,04:51:59.865,binance,AERGO/USDT:USDT,0.13301,466.0,0.133,53.0,0.13302,40.0,0.13303,125.0
1753591919949,04:51:59.949,bitget,AERGO/USDT:USDT,0.13307,469.0,0.13303,990.0,0.13313,466.0,0.13315,1076.0
1753591920015,04:52:00.015,mexc,AERGO/USDT:USDT,0.13301,164,0.133,48,0.13302,46,0.13303,46
1753591920097,04:52:00.097,bybit,AERGO/USDT:USDT,0.13297,2024.0,0.13296,438.0,0.13298,31406.0,0.13299,8278.0
1753591920117,04:52:00.117,mexc,AERGO/USDT:USDT,0.13301,164,0.133,68,0.13302,46,0.13303,46
1753591920249,04:52:00.249,bitget,AERGO/USDT:USDT,0.13307,469.0,0.13303,990.0,0.13313,466.0,0.13315,1076.0
1753591920397,04:52:00.397,bybit,AERGO/USDT:USDT,0.13297,2024.0,0.13296,438.0,0.13298,31406.0,0.13299,8278.0
1753591920392,04:52:00.392,gateio,AERGO/USDT:USDT,0.133,9.0,0.13299,9.0,0.13316,16.0,0.13317,279.0
1753591920515,04:52:00.515,mexc,AERGO/USDT:USDT,0.13301,164,0.133,68,0.13302,46,0.13303,46
1753591920606,04:52:00.606,gateio,AERGO/USDT:USDT,0.133,9.0,0.13299,9.0,0.13316,16.0,0.13317,279.0
1753591920697,04:52:00.697,bybit,AERGO/USDT:USDT,0.13297,2024.0,0.13296,438.0,0.13298,31406.0,0.13299,8278.0
1753591920702,04:52:00.702,binance,AERGO/USDT:USDT,0.13301,466.0,0.133,53.0,0.13302,40.0,0.13303,125.0
1753591920614,04:52:00.614,mexc,AERGO/USDT:USDT,0.13301,164,0.133,48,0.13302,46,0.13303,46
1753591920640,04:52:00.640,gateio,AERGO/USDT:USDT,0.133,9.0,0.13299,9.0,0.13316,16.0,0.13317,279.0
1753591920849,04:52:00.849,bitget,AERGO/USDT:USDT,0.13307,469.0,0.13303,990.0,0.13313,466.0,0.13315,1076.0
1753591920999,04:52:00.999,bitget,AERGO/USDT:USDT,0.13307,469.0,0.13303,990.0,0.13313,466.0,0.13315,1076.0
1753591921016,04:52:01.016,mexc,AERGO/USDT:USDT,0.13301,164,0.133,48,0.13302,46,0.13303,46
1753591921115,04:52:01.115,mexc,AERGO/USDT:USDT,0.13301,164,0.133,48,0.13302,46,0.13303,63
1753591921300,04:52:01.300,bitget,AERGO/USDT:USDT,0.13307,469.0,0.13303,990.0,0.13313,466.0,0.13315,1076.0
1753591921302,04:52:01.302,binance,AERGO/USDT:USDT,0.13301,466.0,0.133,53.0,0.13302,40.0,0.13303,125.0
1753591921450,04:52:01.450,bitget,AERGO/USDT:USDT,0.13307,469.0,0.13303,990.0,0.13313,466.0,0.13315,1076.0
1753591921497,04:52:01.497,bybit,AERGO/USDT:USDT,0.13297,2024.0,0.13296,438.0,0.13298,31406.0,0.13299,8196.0
1753591921245,04:52:01.245,mexc,AERGO/USDT:USDT,0.13301,191,0.133,60,0.13302,47,0.13303,57
1753591921597,04:52:01.597,bybit,AERGO/USDT:USDT,0.13297,2024.0,0.13296,438.0,0.13298,31406.0,0.13299,8196.0
1753591921573,04:52:01.573,huobi,AERGO/USDT:USDT,0.13275,116.0,0.13249,37.0,0.13301,120.0,0.13303,960.0
1753591921600,04:52:01.600,bitget,AERGO/USDT:USDT,0.13307,469.0,0.13303,990.0,0.13313,466.0,0.13315,1076.0
1753591921623,04:52:01.623,huobi,AERGO/USDT:USDT,0.13275,116.0,0.13249,37.0,0.13301,120.0,0.13303,960.0
1753591921628,04:52:01.628,huobi,AERGO/USDT:USDT,0.13275,116.0,0.13249,37.0,0.13301,120.0,0.13303,960.0
1753591921697,04:52:01.697,bybit,AERGO/USDT:USDT,0.13297,2024.0,0.13296,438.0,0.13298,31406.0,0.13299,8196.0
1753591921677,04:52:01.677,huobi,AERGO/USDT:USDT,0.13275,116.0,0.13249,37.0,0.13301,120.0,0.13303,960.0
1753591921690,04:52:01.690,phemex,AERGO/USDT:USDT,0.13301,186.0,0.133,1810.0,0.13303,639.0,0.13305,1728.0
1753591921739,04:52:01.739,binance,AERGO/USDT:USDT,0.13301,466.0,0.133,53.0,0.13302,40.0,0.13304,190.0
1753591921749,04:52:01.749,huobi,AERGO/USDT:USDT,0.13275,116.0,0.13249,37.0,0.13301,120.0,0.13303,960.0
1753591921796,04:52:01.796,bybit,AERGO/USDT:USDT,0.13297,2024.0,0.13296,438.0,0.13298,31406.0,0.13299,8278.0
1753591921614,04:52:01.614,mexc,AERGO/USDT:USDT,0.13301,191,0.133,67,0.13302,47,0.13303,57
1753591921840,04:52:01.840,binance,AERGO/USDT:USDT,0.13301,466.0,0.133,53.0,0.13302,40.0,0.13303,125.0
1753591921857,04:52:01.857,huobi,AERGO/USDT:USDT,0.13275,116.0,0.13249,37.0,0.13301,120.0,0.13303,960.0
1753591921862,04:52:01.862,huobi,AERGO/USDT:USDT,0.13275,116.0,0.13249,37.0,0.13301,120.0,0.13303,960.0
1753591921900,04:52:01.900,bitget,AERGO/USDT:USDT,0.13307,469.0,0.13303,990.0,0.13313,466.0,0.13315,1076.0
1753591921997,04:52:01.997,bybit,AERGO/USDT:USDT,0.13297,2024.0,0.13296,438.0,0.13298,31406.0,0.13299,8278.0
1753591921993,04:52:01.993,binance,AERGO/USDT:USDT,0.13301,466.0,0.133,53.0,0.13302,40.0,0.13303,125.0
1753591922015,04:52:02.015,mexc,AERGO/USDT:USDT,0.13301,191,0.133,67,0.13302,47,0.13303,57
1753591922050,04:52:02.050,bitget,AERGO/USDT:USDT,0.13307,469.0,0.13303,990.0,0.13313,466.0,0.13315,1076.0
1753591922126,04:52:02.126,binance,AERGO/USDT:USDT,0.13301,466.0,0.133,53.0,0.13302,40.0,0.13303,125.0
1753591922197,04:52:02.197,bybit,AERGO/USDT:USDT,0.13297,2024.0,0.13296,438.0,0.13298,31406.0,0.13299,8278.0
1753591922200,04:52:02.200,bitget,AERGO/USDT:USDT,0.13307,469.0,0.13303,990.0,0.13313,466.0,0.13315,1076.0
1753591922116,04:52:02.116,mexc,AERGO/USDT:USDT,0.13301,191,0.133,103,0.13302,47,0.13303,57
1753591922297,04:52:02.297,bybit,AERGO/USDT:USDT,0.13297,2024.0,0.13296,438.0,0.13298,31661.0,0.13299,8278.0
1753591922397,04:52:02.397,bybit,AERGO/USDT:USDT,0.13297,2024.0,0.13296,438.0,0.13298,31661.0,0.13299,8278.0
1753591922497,04:52:02.497,bybit,AERGO/USDT:USDT,0.13297,2024.0,0.13296,438.0,0.13298,31661.0,0.13299,8278.0
1753591922500,04:52:02.500,bitget,AERGO/USDT:USDT,0.13307,469.0,0.13303,990.0,0.13313,466.0,0.13315,1076.0
1753591922522,04:52:02.522,mexc,AERGO/USDT:USDT,0.13301,191,0.133,103,0.13302,47,0.13303,57
1753591922615,04:52:02.615,mexc,AERGO/USDT:USDT,0.13301,191,0.133,60,0.13302,47,0.13303,71
1753591922797,04:52:02.797,bybit,AERGO/USDT:USDT,0.13297,2024.0,0.13296,438.0,0.13298,31406.0,0.13299,8651.0
1753591922800,04:52:02.800,bitget,AERGO/USDT:USDT,0.13307,469.0,0.13303,990.0,0.13313,466.0,0.13315,1076.0
1753591922897,04:52:02.897,bybit,AERGO/USDT:USDT,0.13297,1949.0,0.13296,438.0,0.13298,31406.0,0.13299,8651.0
1753591858358,04:50:58.358,blofin,AERGO/USDT:USDT,0.13294,1278.0,0.13291,27483.0,0.13296,637.0,0.13297,3.0
1753591922951,04:52:02.951,binance,AERGO/USDT:USDT,0.13301,466.0,0.133,53.0,0.13302,40.0,0.13303,125.0
1753591922951,04:52:02.951,bitget,AERGO/USDT:USDT,0.13307,469.0,0.13303,990.0,0.13313,466.0,0.13315,1076.0
1753591923016,04:52:03.016,mexc,AERGO/USDT:USDT,0.13301,191,0.133,60,0.13302,47,0.13303,71
1753591923033,04:52:03.033,huobi,AERGO/USDT:USDT,0.13275,116.0,0.13249,37.0,0.13301,120.0,0.13303,960.0
1753591923055,04:52:03.055,binance,AERGO/USDT:USDT,0.13301,466.0,0.133,53.0,0.13302,40.0,0.13303,125.0
1753591923091,04:52:03.091,huobi,AERGO/USDT:USDT,0.13275,116.0,0.13249,37.0,0.13301,120.0,0.13303,960.0
1753591923101,04:52:03.101,bitget,AERGO/USDT:USDT,0.13307,469.0,0.13303,990.0,0.13313,466.0,0.13315,1076.0
1753591923158,04:52:03.158,binance,AERGO/USDT:USDT,0.13301,466.0,0.133,53.0,0.13302,40.0,0.13303,125.0
1753591923120,04:52:03.120,mexc,AERGO/USDT:USDT,0.13301,191,0.133,81,0.13302,47,0.13303,57
1753591923251,04:52:03.251,bitget,AERGO/USDT:USDT,0.13307,469.0,0.13303,990.0,0.13313,466.0,0.13315,1076.0
1753591923401,04:52:03.401,bitget,AERGO/USDT:USDT,0.13307,469.0,0.13303,990.0,0.13313,466.0,0.13315,1076.0
1753591923517,04:52:03.517,mexc,AERGO/USDT:USDT,0.13301,191,0.133,81,0.13302,47,0.13303,57
1753591923551,04:52:03.551,bitget,AERGO/USDT:USDT,0.13307,469.0,0.13303,990.0,0.13313,466.0,0.13315,1076.0
1753591923602,04:52:03.602,binance,AERGO/USDT:USDT,0.13301,466.0,0.133,53.0,0.13302,40.0,0.13303,125.0
1753591923701,04:52:03.701,bitget,AERGO/USDT:USDT,0.13307,469.0,0.13303,990.0,0.13313,466.0,0.13315,1076.0
1753591923615,04:52:03.615,mexc,AERGO/USDT:USDT,0.13301,191,0.133,80,0.13302,47,0.13303,57
1753591923851,04:52:03.851,bitget,AERGO/USDT:USDT,0.13307,469.0,0.13303,990.0,0.13313,466.0,0.13315,1076.0
1753591924001,04:52:04.001,bitget,AERGO/USDT:USDT,0.13307,469.0,0.13303,990.0,0.13313,466.0,0.13315,1076.0
1753591924016,04:52:04.016,mexc,AERGO/USDT:USDT,0.13301,191,0.133,60,0.13302,47,0.13303,57
1753591924141,04:52:04.141,phemex,AERGO/USDT:USDT,0.133,1810.0,0.13298,186.0,0.13303,639.0,0.13305,1728.0
1753591924159,04:52:04.159,phemex,AERGO/USDT:USDT,0.13301,182.0,0.133,1810.0,0.13303,639.0,0.13305,1728.0
1753591924151,04:52:04.151,bitget,AERGO/USDT:USDT,0.13307,469.0,0.13303,990.0,0.13313,466.0,0.13315,1076.0
1753591924196,04:52:04.196,bybit,AERGO/USDT:USDT,0.13296,438.0,0.13295,137.0,0.13298,31620.0,0.13299,8651.0
1753591924202,04:52:04.202,binance,AERGO/USDT:USDT,0.13301,466.0,0.133,53.0,0.13302,40.0,0.13303,125.0
1753591924117,04:52:04.117,mexc,AERGO/USDT:USDT,0.13301,191,0.133,60,0.13302,47,0.13303,57
1753591924301,04:52:04.301,bitget,AERGO/USDT:USDT,0.13307,469.0,0.13303,990.0,0.13313,466.0,0.13315,1076.0
1753591924451,04:52:04.451,bitget,AERGO/USDT:USDT,0.13307,469.0,0.13303,990.0,0.13313,466.0,0.13315,1076.0
1753591924517,04:52:04.517,mexc,AERGO/USDT:USDT,0.13301,191,0.133,60,0.13302,47,0.13303,57
1753591924616,04:52:04.616,mexc,AERGO/USDT:USDT,0.13301,191,0.133,73,0.13302,47,0.13303,78
1753591925018,04:52:05.018,mexc,AERGO/USDT:USDT,0.13301,191,0.133,73,0.13302,47,0.13303,57
1753591925052,04:52:05.052,bitget,AERGO/USDT:USDT,0.13307,469.0,0.13303,990.0,0.13313,466.0,0.13315,1076.0
1753591925159,04:52:05.159,phemex,AERGO/USDT:USDT,0.133,1810.0,0.13298,186.0,0.13303,639.0,0.13305,1728.0
1753591925197,04:52:05.197,bybit,AERGO/USDT:USDT,0.13296,438.0,0.13295,137.0,0.13298,31488.0,0.13299,8651.0
1753591925202,04:52:05.202,bitget,AERGO/USDT:USDT,0.13307,469.0,0.13303,990.0,0.13313,466.0,0.13315,1076.0
1753591925119,04:52:05.119,mexc,AERGO/USDT:USDT,0.13301,191,0.133,85,0.13302,47,0.13303,57
1753591925352,04:52:05.352,bitget,AERGO/USDT:USDT,0.13307,469.0,0.13303,990.0,0.13313,466.0,0.13315,1076.0
1753591925402,04:52:05.402,binance,AERGO/USDT:USDT,0.13301,466.0,0.133,53.0,0.13302,40.0,0.13303,125.0
1753591925505,04:52:05.505,phemex,AERGO/USDT:USDT,0.13301,182.0,0.133,1810.0,0.13303,639.0,0.13305,1728.0
1753591925502,04:52:05.502,bitget,AERGO/USDT:USDT,0.13307,469.0,0.13303,990.0,0.13313,466.0,0.13315,1076.0
1753591925521,04:52:05.521,mexc,AERGO/USDT:USDT,0.13301,191,0.133,60,0.13302,47,0.13303,57
1753591925652,04:52:05.652,bitget,AERGO/USDT:USDT,0.13307,469.0,0.13303,990.0,0.13313,466.0,0.13315,1076.0
1753591925618,04:52:05.618,mexc,AERGO/USDT:USDT,0.13301,191,0.133,60,0.13302,47,0.13303,70
1753591925797,04:52:05.797,bybit,AERGO/USDT:USDT,0.13296,438.0,0.13295,137.0,0.13298,31488.0,0.13299,8651.0
1753591925802,04:52:05.802,bitget,AERGO/USDT:USDT,0.13307,469.0,0.13303,990.0,0.13313,466.0,0.13315,1076.0
1753591925939,04:52:05.939,phemex,AERGO/USDT:USDT,0.133,1810.0,0.13298,186.0,0.13303,639.0,0.13305,1728.0
1753591925997,04:52:05.997,bybit,AERGO/USDT:USDT,0.13296,438.0,0.13295,137.0,0.13298,31488.0,0.13299,8651.0
1753591926002,04:52:06.002,binance,AERGO/USDT:USDT,0.13301,466.0,0.133,53.0,0.13302,40.0,0.13303,125.0
1753591926019,04:52:06.019,mexc,AERGO/USDT:USDT,0.13301,191,0.133,60,0.13302,47,0.13303,57
1753591926142,04:52:06.142,phemex,AERGO/USDT:USDT,0.13301,182.0,0.133,1810.0,0.13303,639.0,0.13305,1728.0
1753591926168,04:52:06.168,phemex,AERGO/USDT:USDT,0.133,1810.0,0.13298,186.0,0.13303,639.0,0.13305,1728.0
1753591926197,04:52:06.197,bybit,AERGO/USDT:USDT,0.13296,2438.0,0.13295,137.0,0.13298,31488.0,0.13299,8651.0
1753591926130,04:52:06.130,gateio,AERGO/USDT:USDT,0.133,9.0,0.13299,9.0,0.13316,16.0,0.13317,279.0
1753591926118,04:52:06.118,mexc,AERGO/USDT:USDT,0.13301,191,0.133,60,0.13302,47,0.13303,57
1753591926403,04:52:06.403,bitget,AERGO/USDT:USDT,0.13307,469.0,0.13303,990.0,0.13313,466.0,0.13315,1076.0
1753591926492,04:52:06.492,gateio,AERGO/USDT:USDT,0.133,9.0,0.13299,9.0,0.13316,16.0,0.13317,279.0
1753591926520,04:52:06.520,mexc,AERGO/USDT:USDT,0.13301,191,0.133,60,0.13302,47,0.13303,57
1753591926697,04:52:06.697,phemex,AERGO/USDT:USDT,0.13301,182.0,0.133,1810.0,0.13303,639.0,0.13305,1728.0
1753591926617,04:52:06.617,mexc,AERGO/USDT:USDT,0.13301,191,0.133,98,0.13302,47,0.13303,57
1753591926853,04:52:06.853,bitget,AERGO/USDT:USDT,0.13307,469.0,0.13303,990.0,0.13313,466.0,0.13315,1076.0
1753591927018,04:52:07.018,mexc,AERGO/USDT:USDT,0.13301,191,0.133,89,0.13302,47,0.13303,57
1753591927098,04:52:07.098,bybit,AERGO/USDT:USDT,0.13296,2438.0,0.13295,137.0,0.13298,31488.0,0.13299,8651.0
1753591927153,04:52:07.153,binance,AERGO/USDT:USDT,0.13301,466.0,0.133,53.0,0.13302,40.0,0.13303,125.0
1753591927197,04:52:07.197,bybit,AERGO/USDT:USDT,0.13297,2107.0,0.13296,2773.0,0.133,4.0,0.13302,38.0
1753591927145,04:52:07.145,phemex,AERGO/USDT:USDT,0.13301,182.0,0.133,1810.0,0.13303,639.0,0.13305,1728.0
1753591927216,04:52:07.216,phemex,AERGO/USDT:USDT,0.13301,182.0,0.133,1810.0,0.1331,186.0,0.13312,181.0
1753591927186,04:52:07.186,huobi,AERGO/USDT:USDT,0.13275,116.0,0.13249,37.0,0.13301,120.0,0.13304,116.0
1753591927225,04:52:07.225,phemex,AERGO/USDT:USDT,0.13301,182.0,0.133,1810.0,0.1331,186.0,0.13312,181.0
1753591927213,04:52:07.213,huobi,AERGO/USDT:USDT,0.13275,116.0,0.13249,37.0,0.13304,116.0,0.13306,116.0
1753591927118,04:52:07.118,mexc,AERGO/USDT:USDT,0.13301,191,0.133,60,0.13302,47,0.13303,74
1753591927242,04:52:07.242,phemex,AERGO/USDT:USDT,0.13301,182.0,0.133,1810.0,0.13312,181.0,0.13316,2402.0
1753591927227,04:52:07.227,gateio,AERGO/USDT:USDT,0.13302,227.0,0.133,9.0,0.13316,16.0,0.13317,50.0
1753591927297,04:52:07.297,bybit,AERGO/USDT:USDT,0.13298,2859.0,0.13297,524.0,0.133,4.0,0.13302,38.0
1753591927274,04:52:07.274,binance,AERGO/USDT:USDT,0.13305,2988.0,0.13304,2941.0,0.13308,479.0,0.13309,4349.0
1753591927303,04:52:07.303,bitget,AERGO/USDT:USDT,0.13313,466.0,0.13309,1234.0,0.13319,459.0,0.13321,459.0
1753591927324,04:52:07.324,gateio,AERGO/USDT:USDT,0.13302,241.0,0.133,9.0,0.13316,3.0,0.13317,50.0
1753591927397,04:52:07.397,bybit,AERGO/USDT:USDT,0.13298,7002.0,0.13297,9384.0,0.133,4.0,0.13302,38.0
1753591927376,04:52:07.376,binance,AERGO/USDT:USDT,0.13305,238.0,0.13304,2941.0,0.13308,479.0,0.13309,4349.0
1753591927336,04:52:07.336,gateio,AERGO/USDT:USDT,0.13302,241.0,0.133,9.0,0.13316,3.0,0.13317,50.0
1753591927251,04:52:07.251,mexc,AERGO/USDT:USDT,0.13306,158,0.13305,45,0.13307,48,0.13308,42
1753591927497,04:52:07.497,bybit,AERGO/USDT:USDT,0.13298,8221.0,0.13297,9384.0,0.133,4.0,0.13302,38.0
1753591927494,04:52:07.494,huobi,AERGO/USDT:USDT,0.13275,116.0,0.13249,37.0,0.13306,116.0,0.13315,982.0
1753591927516,04:52:07.516,binance,AERGO/USDT:USDT,0.13305,238.0,0.13304,191.0,0.13308,479.0,0.13309,4349.0
1753591927493,04:52:07.493,gateio,AERGO/USDT:USDT,0.13302,241.0,0.133,9.0,0.13316,3.0,0.13317,50.0
1753591927598,04:52:07.598,bybit,AERGO/USDT:USDT,0.13299,3182.0,0.13298,8278.0,0.13302,38.0,0.13303,453.0
1753591927535,04:52:07.535,gateio,AERGO/USDT:USDT,0.13302,241.0,0.133,9.0,0.13316,3.0,0.13317,50.0
1753591927664,04:52:07.664,binance,AERGO/USDT:USDT,0.13305,238.0,0.13304,191.0,0.13308,479.0,0.13309,4349.0
1753591927698,04:52:07.698,bybit,AERGO/USDT:USDT,0.13299,2355.0,0.13298,8278.0,0.13302,38.0,0.13303,453.0
1753591927753,04:52:07.753,bitget,AERGO/USDT:USDT,0.13314,459.0,0.13313,466.0,0.13317,459.0,0.13319,1417.0
1753591927796,04:52:07.796,bybit,AERGO/USDT:USDT,0.13299,2355.0,0.13298,8278.0,0.13302,38.0,0.13303,453.0
1753591927617,04:52:07.617,mexc,AERGO/USDT:USDT,0.13306,158,0.13305,58,0.13307,48,0.13308,42
1753591927822,04:52:07.822,binance,AERGO/USDT:USDT,0.13305,238.0,0.13304,191.0,0.13308,479.0,0.13309,4349.0
1753591927855,04:52:07.855,huobi,AERGO/USDT:USDT,0.13275,116.0,0.13249,37.0,0.13306,116.0,0.13315,982.0
1753591927911,04:52:07.911,gateio,AERGO/USDT:USDT,0.13302,241.0,0.133,9.0,0.13316,3.0,0.13319,13.0
1753591927957,04:52:07.957,huobi,AERGO/USDT:USDT,0.13275,116.0,0.13249,37.0,0.13306,116.0,0.13315,982.0
1753591927996,04:52:07.996,bybit,AERGO/USDT:USDT,0.13299,2355.0,0.13298,8278.0,0.13302,38.0,0.13303,453.0
1753591928020,04:52:08.020,mexc,AERGO/USDT:USDT,0.13306,158,0.13305,58,0.13307,48,0.13308,42
1753591927936,04:52:07.936,gateio,AERGO/USDT:USDT,0.13302,241.0,0.133,9.0,0.13319,16.0,0.1332,152.0
1753591928054,04:52:08.054,bitget,AERGO/USDT:USDT,0.13314,459.0,0.13309,1234.0,0.13317,459.0,0.13319,1417.0
1753591928054,04:52:08.054,gateio,AERGO/USDT:USDT,0.13302,241.0,0.133,9.0,0.13319,16.0,0.1332,152.0
1753591928200,04:52:08.200,binance,AERGO/USDT:USDT,0.13305,238.0,0.13304,191.0,0.13309,124.0,0.1331,737.0
1753591928204,04:52:08.204,bitget,AERGO/USDT:USDT,0.13314,459.0,0.13309,1234.0,0.13317,459.0,0.13319,1417.0
1753591928194,04:52:08.194,mexc,AERGO/USDT:USDT,0.13306,158,0.13305,45,0.13307,48,0.13308,55
1753591928212,04:52:08.212,gateio,AERGO/USDT:USDT,0.13302,241.0,0.133,9.0,0.13319,16.0,0.13321,75.0
1753591928297,04:52:08.297,bybit,AERGO/USDT:USDT,0.133,3798.0,0.13299,773.0,0.13302,38.0,0.13303,453.0
1753591928302,04:52:08.302,binance,AERGO/USDT:USDT,0.13305,238.0,0.13304,191.0,0.13309,2779.0,0.1331,3516.0
1753591928313,04:52:08.313,gateio,AERGO/USDT:USDT,0.13302,227.0,0.133,9.0,0.1332,3.0,0.13321,75.0
1753591928397,04:52:08.397,bybit,AERGO/USDT:USDT,0.133,3798.0,0.13299,773.0,0.13302,38.0,0.13303,453.0
1753591928431,04:52:08.431,binance,AERGO/USDT:USDT,0.13305,238.0,0.13304,191.0,0.13309,2779.0,0.1331,737.0
1753591928497,04:52:08.497,bybit,AERGO/USDT:USDT,0.133,3798.0,0.13299,773.0,0.13302,38.0,0.13303,453.0
1753591928520,04:52:08.520,mexc,AERGO/USDT:USDT,0.13306,158,0.13305,45,0.13307,48,0.13308,55
1753591928697,04:52:08.697,bybit,AERGO/USDT:USDT,0.133,3798.0,0.13299,773.0,0.13302,38.0,0.13303,453.0
1753591928617,04:52:08.617,mexc,AERGO/USDT:USDT,0.13306,158,0.13305,51,0.13307,48,0.13308,53
1753591928804,04:52:08.804,bitget,AERGO/USDT:USDT,0.13312,459.0,0.13309,1234.0,0.13319,459.0,0.13321,4841.0
1753591928892,04:52:08.892,binance,AERGO/USDT:USDT,0.13305,238.0,0.13304,191.0,0.13309,4779.0,0.1331,737.0
1753591928954,04:52:08.954,bitget,AERGO/USDT:USDT,0.13312,459.0,0.13309,1234.0,0.13319,459.0,0.13321,4841.0
1753591929021,04:52:09.021,mexc,AERGO/USDT:USDT,0.13306,158,0.13305,51,0.13307,48,0.13308,53
1753591929097,04:52:09.097,bybit,AERGO/USDT:USDT,0.133,3798.0,0.13299,773.0,0.13302,38.0,0.13304,1135.0
1753591929202,04:52:09.202,binance,AERGO/USDT:USDT,0.13305,238.0,0.13304,191.0,0.13309,4779.0,0.1331,737.0
1753591929120,04:52:09.120,mexc,AERGO/USDT:USDT,0.13306,158,0.13305,52,0.13307,48,0.13308,42
1753591929297,04:52:09.297,bybit,AERGO/USDT:USDT,0.133,3798.0,0.13299,773.0,0.13302,38.0,0.13303,418.0
1753591929521,04:52:09.521,mexc,AERGO/USDT:USDT,0.13306,158,0.13305,52,0.13307,48,0.13308,42
1753591929555,04:52:09.555,bitget,AERGO/USDT:USDT,0.13312,459.0,0.13309,1234.0,0.13319,459.0,0.13321,4841.0
1753591929705,04:52:09.705,bitget,AERGO/USDT:USDT,0.13312,459.0,0.13309,1234.0,0.13319,459.0,0.13321,4841.0
1753591929618,04:52:09.618,mexc,AERGO/USDT:USDT,0.13306,158,0.13305,45,0.13307,48,0.13308,53
1753591929802,04:52:09.802,binance,AERGO/USDT:USDT,0.13305,238.0,0.13304,191.0,0.13309,4779.0,0.1331,737.0
1753591929997,04:52:09.997,bybit,AERGO/USDT:USDT,0.133,3798.0,0.13299,773.0,0.13302,38.0,0.13303,418.0
1753591930020,04:52:10.020,mexc,AERGO/USDT:USDT,0.13306,158,0.13305,45,0.13307,48,0.13308,53
1753591930100,04:52:10.100,bybit,AERGO/USDT:USDT,0.13299,657.0,0.13298,6278.0,0.13302,38.0,0.13303,418.0
1753591930031,04:52:10.031,gateio,AERGO/USDT:USDT,0.13302,227.0,0.133,9.0,0.1332,155.0,0.13321,75.0
1753591930140,04:52:10.140,binance,AERGO/USDT:USDT,0.13305,238.0,0.13304,191.0,0.13309,4779.0,0.1331,737.0
1753591930155,04:52:10.155,bitget,AERGO/USDT:USDT,0.13312,459.0,0.13309,1234.0,0.13319,459.0,0.13321,4841.0
1753591930119,04:52:10.119,mexc,AERGO/USDT:USDT,0.13306,158,0.13305,45,0.13307,48,0.13308,42
1753591930138,04:52:10.138,gateio,AERGO/USDT:USDT,0.13302,227.0,0.133,9.0,0.13319,16.0,0.1332,152.0
1753591930396,04:52:10.396,bybit,AERGO/USDT:USDT,0.13299,657.0,0.13298,6278.0,0.13302,38.0,0.13303,418.0
1753591930339,04:52:10.339,gateio,AERGO/USDT:USDT,0.13302,227.0,0.133,9.0,0.13319,16.0,0.1332,152.0
1753591930497,04:52:10.497,bybit,AERGO/USDT:USDT,0.133,10.0,0.13299,657.0,0.13302,38.0,0.13303,418.0
1753591930520,04:52:10.520,mexc,AERGO/USDT:USDT,0.13306,158,0.13305,45,0.13307,48,0.13308,42
1753591930597,04:52:10.597,bybit,AERGO/USDT:USDT,0.133,10.0,0.13299,657.0,0.13302,38.0,0.13303,418.0
1753591930619,04:52:10.619,mexc,AERGO/USDT:USDT,0.13306,158,0.13305,63,0.13307,48,0.13308,42
1753591930755,04:52:10.755,bitget,AERGO/USDT:USDT,0.13312,459.0,0.13309,1234.0,0.13317,459.0,0.13318,362.0
1753591930905,04:52:10.905,bitget,AERGO/USDT:USDT,0.13312,459.0,0.13309,1234.0,0.13317,459.0,0.13318,362.0
1753591931002,04:52:11.002,binance,AERGO/USDT:USDT,0.13305,238.0,0.13304,191.0,0.13309,4779.0,0.1331,737.0
1753591931019,04:52:11.019,mexc,AERGO/USDT:USDT,0.13306,158,0.13305,63,0.13307,48,0.13308,42
1753591931123,04:52:11.123,gateio,AERGO/USDT:USDT,0.13302,241.0,0.133,9.0,0.13319,16.0,0.1332,152.0
1753591931197,04:52:11.197,bybit,AERGO/USDT:USDT,0.133,10.0,0.13299,657.0,0.13302,38.0,0.13303,418.0
1753591931206,04:52:11.206,bitget,AERGO/USDT:USDT,0.13312,459.0,0.13309,1234.0,0.13317,459.0,0.13318,362.0
1753591931218,04:52:11.218,phemex,AERGO/USDT:USDT,0.13301,182.0,0.133,1810.0,0.13312,181.0,0.13316,2402.0
1753591931118,04:52:11.118,mexc,AERGO/USDT:USDT,0.13306,158,0.13305,65,0.13307,48,0.13308,50
1753591931131,04:52:11.131,gateio,AERGO/USDT:USDT,0.13302,241.0,0.133,9.0,0.13319,16.0,0.1332,152.0
1753591931257,04:52:11.257,binance,AERGO/USDT:USDT,0.13305,238.0,0.13304,191.0,0.13309,4779.0,0.1331,737.0
1753591931297,04:52:11.297,bybit,AERGO/USDT:USDT,0.133,10.0,0.13299,657.0,0.13302,38.0,0.13303,418.0
1753591931356,04:52:11.356,bitget,AERGO/USDT:USDT,0.13312,459.0,0.13309,1234.0,0.13317,459.0,0.13318,362.0
1753591931501,04:52:11.501,binance,AERGO/USDT:USDT,0.13305,238.0,0.13304,191.0,0.13309,4779.0,0.1331,737.0
1753591931520,04:52:11.520,mexc,AERGO/USDT:USDT,0.13306,158,0.13305,65,0.13307,48,0.13308,50
1753591931602,04:52:11.602,binance,AERGO/USDT:USDT,0.13305,238.0,0.13304,191.0,0.13309,4779.0,0.1331,737.0
1753591931619,04:52:11.619,mexc,AERGO/USDT:USDT,0.13306,158,0.13305,50,0.13307,48,0.13308,60
1753591931806,04:52:11.806,bitget,AERGO/USDT:USDT,0.13312,459.0,0.13309,1234.0,0.13317,459.0,0.13318,362.0
1753591932010,04:52:12.010,phemex,AERGO/USDT:USDT,0.13301,182.0,0.133,1810.0,0.13312,181.0,0.13316,2402.0
1753591932021,04:52:12.021,mexc,AERGO/USDT:USDT,0.13306,158,0.13305,50,0.13307,48,0.13308,60
1753591932099,04:52:12.099,bybit,AERGO/USDT:USDT,0.133,10.0,0.13299,657.0,0.13302,38.0,0.13303,498.0
1753591932197,04:52:12.197,bybit,AERGO/USDT:USDT,0.133,10.0,0.13299,657.0,0.13302,38.0,0.13303,498.0
1753591932202,04:52:12.202,binance,AERGO/USDT:USDT,0.13305,238.0,0.13304,191.0,0.13309,4779.0,0.1331,737.0
1753591932120,04:52:12.120,mexc,AERGO/USDT:USDT,0.13306,158,0.13305,61,0.13307,48,0.13308,42
1753591932140,04:52:12.140,gateio,AERGO/USDT:USDT,0.13302,227.0,0.133,9.0,0.13319,16.0,0.1332,152.0
1753591932256,04:52:12.256,bitget,AERGO/USDT:USDT,0.13312,459.0,0.13309,1234.0,0.13317,459.0,0.13318,362.0
1753591932297,04:52:12.297,bybit,AERGO/USDT:USDT,0.133,10.0,0.13299,657.0,0.13302,38.0,0.13303,498.0
1753591932520,04:52:12.520,mexc,AERGO/USDT:USDT,0.13306,158,0.13305,45,0.13307,48,0.13308,42
1753591932619,04:52:12.619,mexc,AERGO/USDT:USDT,0.13306,158,0.13305,45,0.13307,48,0.13308,46
1753591932780,04:52:12.780,binance,AERGO/USDT:USDT,0.13305,238.0,0.13304,191.0,0.13309,4779.0,0.1331,737.0
1753591932857,04:52:12.857,bitget,AERGO/USDT:USDT,0.13312,459.0,0.13309,1234.0,0.13317,459.0,0.13318,362.0
1753591932852,04:52:12.852,gateio,AERGO/USDT:USDT,0.13302,227.0,0.133,356.0,0.13319,16.0,0.1332,152.0
1753591932997,04:52:12.997,bybit,AERGO/USDT:USDT,0.133,10.0,0.13299,657.0,0.13302,118.0,0.13303,498.0
1753591933021,04:52:13.021,mexc,AERGO/USDT:USDT,0.13306,158,0.13305,45,0.13307,48,0.13308,46
1753591933097,04:52:13.097,bybit,AERGO/USDT:USDT,0.133,10.0,0.13299,657.0,0.13302,38.0,0.13303,498.0
1753591933154,04:52:13.154,binance,AERGO/USDT:USDT,0.13305,238.0,0.13304,191.0,0.13309,4779.0,0.1331,737.0
1753591933157,04:52:13.157,bitget,AERGO/USDT:USDT,0.13312,459.0,0.13309,1234.0,0.13317,459.0,0.13318,362.0
1753591933122,04:52:13.122,mexc,AERGO/USDT:USDT,0.13306,158,0.13305,45,0.13307,48,0.13308,61
1753591933259,04:52:13.259,binance,AERGO/USDT:USDT,0.13305,238.0,0.13304,191.0,0.13309,4779.0,0.1331,737.0
1753591933307,04:52:13.307,bitget,AERGO/USDT:USDT,0.13312,459.0,0.13309,1234.0,0.13317,459.0,0.13318,362.0
1753591933402,04:52:13.402,binance,AERGO/USDT:USDT,0.13305,238.0,0.13304,191.0,0.13309,4779.0,0.1331,737.0
1753591933249,04:52:13.249,mexc,AERGO/USDT:USDT,0.13307,103,0.13306,83,0.13308,1663,0.13309,277
1753591933597,04:52:13.597,bybit,AERGO/USDT:USDT,0.133,10.0,0.13299,657.0,0.13302,38.0,0.13303,418.0
1753591933607,04:52:13.607,bitget,AERGO/USDT:USDT,0.13312,459.0,0.13309,1234.0,0.13317,459.0,0.13318,362.0
1753591933621,04:52:13.621,mexc,AERGO/USDT:USDT,0.13307,103,0.13306,83,0.13308,1663,0.13309,277
1753591933907,04:52:13.907,bitget,AERGO/USDT:USDT,0.13312,459.0,0.13309,1234.0,0.13317,459.0,0.13318,362.0
1753591934002,04:52:14.002,binance,AERGO/USDT:USDT,0.13305,238.0,0.13304,191.0,0.13309,4779.0,0.1331,737.0
1753591934021,04:52:14.021,mexc,AERGO/USDT:USDT,0.13307,103,0.13306,83,0.13308,1663,0.13309,277
1753591934195,04:52:14.195,mexc,AERGO/USDT:USDT,0.13307,103,0.13306,100,0.13308,1663,0.13309,277
1753591934357,04:52:14.357,bitget,AERGO/USDT:USDT,0.13312,459.0,0.13309,758.0,0.13317,459.0,0.13318,362.0
1753591934508,04:52:14.508,bitget,AERGO/USDT:USDT,0.13312,459.0,0.13309,758.0,0.13317,459.0,0.13318,362.0
1753591934524,04:52:14.524,mexc,AERGO/USDT:USDT,0.13307,103,0.13306,83,0.13308,1663,0.13309,277
1753591934602,04:52:14.602,binance,AERGO/USDT:USDT,0.13305,238.0,0.13304,191.0,0.13309,4779.0,0.1331,737.0
1753591934658,04:52:14.658,bitget,AERGO/USDT:USDT,0.13312,459.0,0.13309,758.0,0.13317,459.0,0.13318,362.0
1753591934697,04:52:14.697,bybit,AERGO/USDT:USDT,0.133,10.0,0.13299,657.0,0.13302,38.0,0.13303,418.0
1753591934621,04:52:14.621,mexc,AERGO/USDT:USDT,0.13307,103,0.13306,83,0.13308,1663,0.13309,363
1753591934797,04:52:14.797,bybit,AERGO/USDT:USDT,0.133,10.0,0.13299,657.0,0.13302,38.0,0.13303,418.0
1753591934808,04:52:14.808,bitget,AERGO/USDT:USDT,0.13312,459.0,0.13309,758.0,0.13317,459.0,0.13318,362.0
1753591934923,04:52:14.923,binance,AERGO/USDT:USDT,0.13305,238.0,0.13304,191.0,0.13309,4779.0,0.1331,737.0
1753591934958,04:52:14.958,bitget,AERGO/USDT:USDT,0.13312,459.0,0.13309,758.0,0.13317,459.0,0.13318,362.0
1753591935023,04:52:15.023,mexc,AERGO/USDT:USDT,0.13307,103,0.13306,83,0.13308,1663,0.13309,277
1753591935130,04:52:15.130,binance,AERGO/USDT:USDT,0.13305,238.0,0.13304,191.0,0.13309,4779.0,0.1331,737.0
1753591935125,04:52:15.125,mexc,AERGO/USDT:USDT,0.13307,103,0.13306,92,0.13308,1663,0.13309,356
1753591935228,04:52:15.228,gateio,AERGO/USDT:USDT,0.13302,227.0,0.133,356.0,0.13319,16.0,0.1332,152.0
1753591935235,04:52:15.235,binance,AERGO/USDT:USDT,0.13305,238.0,0.13304,191.0,0.13309,4779.0,0.1331,737.0
1753591935258,04:52:15.258,bitget,AERGO/USDT:USDT,0.13312,459.0,0.13309,758.0,0.13317,459.0,0.13318,362.0
1753591935408,04:52:15.408,bitget,AERGO/USDT:USDT,0.13312,459.0,0.13309,758.0,0.13317,459.0,0.13318,362.0
1753591935497,04:52:15.497,bybit,AERGO/USDT:USDT,0.133,10.0,0.13299,657.0,0.13302,48.0,0.13303,418.0
1753591935523,04:52:15.523,mexc,AERGO/USDT:USDT,0.13307,103,0.13306,92,0.13308,1663,0.13309,356
1753591935558,04:52:15.558,bitget,AERGO/USDT:USDT,0.13312,459.0,0.13309,758.0,0.13317,459.0,0.13318,362.0
1753591935567,04:52:15.567,gateio,AERGO/USDT:USDT,0.13302,227.0,0.133,356.0,0.13319,16.0,0.1332,152.0
1753591935702,04:52:15.702,binance,AERGO/USDT:USDT,0.13305,238.0,0.13304,191.0,0.13309,4779.0,0.1331,737.0
1753591935621,04:52:15.621,mexc,AERGO/USDT:USDT,0.13307,103,0.13306,94,0.13308,1663,0.13309,277
1753591935858,04:52:15.858,bitget,AERGO/USDT:USDT,0.13312,459.0,0.13309,758.0,0.13317,459.0,0.13318,362.0
1753591936008,04:52:16.008,bitget,AERGO/USDT:USDT,0.13312,459.0,0.13309,758.0,0.13317,459.0,0.13318,362.0
1753591936024,04:52:16.024,mexc,AERGO/USDT:USDT,0.13307,103,0.13306,94,0.13308,1663,0.13309,277
1753591936096,04:52:16.096,bybit,AERGO/USDT:USDT,0.13299,657.0,0.13298,6278.0,0.13302,48.0,0.13303,418.0
1753591936159,04:52:16.159,bitget,AERGO/USDT:USDT,0.13312,459.0,0.13309,758.0,0.13317,459.0,0.13318,362.0
1753591936197,04:52:16.197,bybit,AERGO/USDT:USDT,0.13299,657.0,0.13298,6278.0,0.13302,48.0,0.13303,418.0
1753591936122,04:52:16.122,mexc,AERGO/USDT:USDT,0.13307,103,0.13306,83,0.13308,1663,0.13309,408
1753591936302,04:52:16.302,binance,AERGO/USDT:USDT,0.13305,238.0,0.13304,191.0,0.13309,4779.0,0.1331,737.0
1753591936309,04:52:16.309,bitget,AERGO/USDT:USDT,0.13312,459.0,0.13309,758.0,0.13317,459.0,0.13318,362.0
1753591936396,04:52:16.396,bybit,AERGO/USDT:USDT,0.13299,657.0,0.13298,6278.0,0.13302,48.0,0.13303,418.0
1753591936459,04:52:16.459,bitget,AERGO/USDT:USDT,0.13312,459.0,0.13309,758.0,0.13317,459.0,0.13318,362.0
1753591936521,04:52:16.521,binance,AERGO/USDT:USDT,0.13305,238.0,0.13304,191.0,0.13309,4779.0,0.1331,737.0
1753591936523,04:52:16.523,mexc,AERGO/USDT:USDT,0.13307,103,0.13306,83,0.13308,1663,0.13309,408
1753591936623,04:52:16.623,mexc,AERGO/USDT:USDT,0.13307,103,0.13306,83,0.13308,1663,0.13309,277
1753591936797,04:52:16.797,bybit,AERGO/USDT:USDT,0.13299,657.0,0.13298,6278.0,0.13302,48.0,0.13303,418.0
1753591936902,04:52:16.902,binance,AERGO/USDT:USDT,0.13305,238.0,0.13304,191.0,0.13309,4779.0,0.1331,737.0
1753591936909,04:52:16.909,bitget,AERGO/USDT:USDT,0.13312,459.0,0.13309,758.0,0.13317,459.0,0.13318,362.0
1753591936996,04:52:16.996,bybit,AERGO/USDT:USDT,0.13299,657.0,0.13298,6278.0,0.13302,48.0,0.13303,418.0
1753591937027,04:52:17.027,mexc,AERGO/USDT:USDT,0.13307,103,0.13306,83,0.13308,1663,0.13309,277
1753591937097,04:52:17.097,bybit,AERGO/USDT:USDT,0.13299,657.0,0.13298,6278.0,0.13302,48.0,0.13303,418.0
1753591937059,04:52:17.059,bitget,AERGO/USDT:USDT,0.13312,459.0,0.13309,758.0,0.13317,459.0,0.13318,362.0
1753591937197,04:52:17.197,bybit,AERGO/USDT:USDT,0.13299,657.0,0.13298,6278.0,0.13302,48.0,0.13303,498.0
1753591937209,04:52:17.209,bitget,AERGO/USDT:USDT,0.13312,459.0,0.13309,758.0,0.13317,459.0,0.13318,362.0
1753591937125,04:52:17.125,mexc,AERGO/USDT:USDT,0.13307,103,0.13306,104,0.13308,1663,0.13309,366
1753591937297,04:52:17.297,bybit,AERGO/USDT:USDT,0.13299,657.0,0.13298,6278.0,0.13302,48.0,0.13303,418.0
1753591937310,04:52:17.310,gateio,AERGO/USDT:USDT,0.13302,227.0,0.133,356.0,0.13319,16.0,0.1332,152.0
1753591937397,04:52:17.397,bybit,AERGO/USDT:USDT,0.13299,657.0,0.13298,6278.0,0.13302,48.0,0.13303,418.0
1753591937359,04:52:17.359,bitget,AERGO/USDT:USDT,0.13312,459.0,0.13309,758.0,0.13317,459.0,0.13318,362.0
1753591937502,04:52:17.502,binance,AERGO/USDT:USDT,0.13305,238.0,0.13304,191.0,0.13309,4779.0,0.1331,737.0
1753591937510,04:52:17.510,bitget,AERGO/USDT:USDT,0.13312,459.0,0.13309,758.0,0.13317,459.0,0.13318,362.0
1753591937527,04:52:17.527,mexc,AERGO/USDT:USDT,0.13307,103,0.13306,104,0.13308,1663,0.13309,366
1753591937624,04:52:17.624,mexc,AERGO/USDT:USDT,0.13307,103,0.13306,112,0.13308,1663,0.13309,344
1753591937810,04:52:17.810,bitget,AERGO/USDT:USDT,0.13312,459.0,0.13309,758.0,0.13317,459.0,0.13318,362.0
1753591937897,04:52:17.897,bybit,AERGO/USDT:USDT,0.13299,657.0,0.13298,6278.0,0.13302,48.0,0.13303,498.0
1753591937960,04:52:17.960,bitget,AERGO/USDT:USDT,0.13312,459.0,0.13309,758.0,0.13317,459.0,0.13318,362.0
1753591938023,04:52:18.023,mexc,AERGO/USDT:USDT,0.13307,103,0.13306,83,0.13308,1663,0.13309,344
1753591938102,04:52:18.102,binance,AERGO/USDT:USDT,0.13305,238.0,0.13304,191.0,0.13309,4779.0,0.1331,737.0
1753591938110,04:52:18.110,bitget,AERGO/USDT:USDT,0.13312,459.0,0.13309,758.0,0.13317,459.0,0.13318,362.0
1753591938123,04:52:18.123,mexc,AERGO/USDT:USDT,0.13307,103,0.13306,103,0.13308,1663,0.13309,277
1753591938450,04:52:18.450,phemex,AERGO/USDT:USDT,0.13304,691.0,0.13301,1046.0,0.13308,1020.0,0.1331,861.0
1753591938410,04:52:18.410,bitget,AERGO/USDT:USDT,0.13312,459.0,0.13309,758.0,0.13317,459.0,0.13318,362.0
1753591938462,04:52:18.462,phemex,AERGO/USDT:USDT,0.13305,183.0,0.13304,691.0,0.13308,1020.0,0.1331,861.0
1753591938497,04:52:18.497,bybit,AERGO/USDT:USDT,0.13299,657.0,0.13298,6278.0,0.13302,48.0,0.13303,418.0
1753591938504,04:52:18.504,phemex,AERGO/USDT:USDT,0.13305,183.0,0.13304,691.0,0.13308,1020.0,0.1331,861.0
1753591938526,04:52:18.526,binance,AERGO/USDT:USDT,0.13305,238.0,0.13304,191.0,0.13308,2528.0,0.13309,4903.0
1753591938526,04:52:18.526,mexc,AERGO/USDT:USDT,0.13307,103,0.13306,103,0.13308,1663,0.13309,277
1753591938560,04:52:18.560,bitget,AERGO/USDT:USDT,0.13312,459.0,0.13309,758.0,0.13317,459.0,0.13318,362.0
1753591938629,04:52:18.629,binance,AERGO/USDT:USDT,0.13305,238.0,0.13304,191.0,0.13308,2528.0,0.13309,4903.0
1753591938710,04:52:18.710,bitget,AERGO/USDT:USDT,0.13312,459.0,0.13309,758.0,0.13317,459.0,0.13318,362.0
1753591938625,04:52:18.625,mexc,AERGO/USDT:USDT,0.13307,103,0.13306,93,0.13308,1663,0.13309,277
1753591938654,04:52:18.654,gateio,AERGO/USDT:USDT,0.13302,227.0,0.133,9.0,0.13319,16.0,0.1332,152.0
1753591938817,04:52:18.817,binance,AERGO/USDT:USDT,0.13305,238.0,0.13304,191.0,0.13308,4528.0,0.13309,2903.0
1753591938788,04:52:18.788,gateio,AERGO/USDT:USDT,0.13302,227.0,0.133,9.0,0.13319,16.0,0.1332,152.0
1753591938860,04:52:18.860,bitget,AERGO/USDT:USDT,0.13312,459.0,0.13309,758.0,0.13317,459.0,0.13318,362.0
1753591938928,04:52:18.928,gateio,AERGO/USDT:USDT,0.13302,227.0,0.133,9.0,0.13319,16.0,0.1332,152.0
1753591938959,04:52:18.959,phemex,AERGO/USDT:USDT,0.13304,691.0,0.13303,183.0,0.13307,183.0,0.1331,861.0
1753591938983,04:52:18.983,phemex,AERGO/USDT:USDT,0.13304,691.0,0.13303,183.0,0.13307,183.0,0.1331,861.0
1753591939017,04:52:19.017,binance,AERGO/USDT:USDT,0.13304,191.0,0.13303,191.0,0.13307,3433.0,0.13308,125.0
1753591939025,04:52:19.025,mexc,AERGO/USDT:USDT,0.13307,103,0.13306,83,0.13308,1663,0.13309,277
1753591938934,04:52:18.934,gateio,AERGO/USDT:USDT,0.13302,227.0,0.133,9.0,0.13319,16.0,0.1332,152.0
1753591939130,04:52:19.130,phemex,AERGO/USDT:USDT,0.13305,183.0,0.13304,691.0,0.13307,183.0,0.1331,861.0
1753591939122,04:52:19.122,binance,AERGO/USDT:USDT,0.13304,191.0,0.13303,191.0,0.13307,3433.0,0.13308,125.0
1753591939148,04:52:19.148,phemex,AERGO/USDT:USDT,0.13305,183.0,0.13304,691.0,0.1331,861.0,0.13312,181.0
1753591939185,04:52:19.185,phemex,AERGO/USDT:USDT,0.13305,183.0,0.13304,691.0,0.13309,183.0,0.1331,861.0
1753591939124,04:52:19.124,mexc,AERGO/USDT:USDT,0.13307,103,0.13306,123,0.13308,1663,0.13309,277
1753591939228,04:52:19.228,binance,AERGO/USDT:USDT,0.13304,191.0,0.13303,191.0,0.13307,3433.0,0.13308,125.0
1753591939390,04:52:19.390,binance,AERGO/USDT:USDT,0.13305,354.0,0.13304,191.0,0.13307,3433.0,0.13308,125.0
1753591939461,04:52:19.461,bitget,AERGO/USDT:USDT,0.13312,459.0,0.13309,758.0,0.13317,459.0,0.13318,4117.0
1753591939258,04:52:19.258,mexc,AERGO/USDT:USDT,0.13305,66,0.13304,79,0.13306,1583,0.13307,57
1753591939544,04:52:19.544,binance,AERGO/USDT:USDT,0.13305,354.0,0.13304,191.0,0.13307,3433.0,0.13308,125.0
1753591939611,04:52:19.611,bitget,AERGO/USDT:USDT,0.13312,459.0,0.13309,758.0,0.13317,459.0,0.13318,4117.0
1753591939697,04:52:19.697,bybit,AERGO/USDT:USDT,0.13299,657.0,0.13298,4979.0,0.13302,166.0,0.13303,499.0
1753591939797,04:52:19.797,bybit,AERGO/USDT:USDT,0.13299,657.0,0.13298,4979.0,0.13302,166.0,0.13303,499.0
1753591939761,04:52:19.761,bitget,AERGO/USDT:USDT,0.13312,459.0,0.13309,758.0,0.13317,459.0,0.13318,4117.0
1753591939800,04:52:19.800,phemex,AERGO/USDT:USDT,0.13303,183.0,0.13301,1046.0,0.13309,183.0,0.1331,861.0
1753591939809,04:52:19.809,phemex,AERGO/USDT:USDT,0.13303,183.0,0.13301,1046.0,0.13309,183.0,0.1331,861.0
1753591939626,04:52:19.626,mexc,AERGO/USDT:USDT,0.13305,66,0.13304,79,0.13306,1583,0.13307,57
1753591939837,04:52:19.837,binance,AERGO/USDT:USDT,0.13303,191.0,0.13302,370.0,0.13305,610.0,0.13306,125.0
1753591939897,04:52:19.897,bybit,AERGO/USDT:USDT,0.13299,657.0,0.13298,4979.0,0.13301,526.0,0.13302,378.0
1753591939948,04:52:19.948,phemex,AERGO/USDT:USDT,0.13303,183.0,0.13301,1046.0,0.13309,183.0,0.1331,861.0
1753591939944,04:52:19.944,binance,AERGO/USDT:USDT,0.13303,191.0,0.13302,191.0,0.13305,610.0,0.13306,125.0
1753591939997,04:52:19.997,bybit,AERGO/USDT:USDT,0.13299,657.0,0.13298,4979.0,0.13301,526.0,0.13302,378.0
1753591940024,04:52:20.024,mexc,AERGO/USDT:USDT,0.13305,66,0.13304,79,0.13306,1583,0.13307,57
1753591940099,04:52:20.099,bybit,AERGO/USDT:USDT,0.13299,657.0,0.13298,4979.0,0.13301,606.0,0.13302,378.0
1753591940197,04:52:20.197,bybit,AERGO/USDT:USDT,0.13299,657.0,0.13298,4979.0,0.13301,606.0,0.13302,378.0
1753591940199,04:52:20.199,mexc,AERGO/USDT:USDT,0.13305,66,0.13304,104,0.13306,1583,0.13307,57
1753591940223,04:52:20.223,gateio,AERGO/USDT:USDT,0.13302,241.0,0.133,9.0,0.13319,16.0,0.1332,152.0
1753591940402,04:52:20.402,binance,AERGO/USDT:USDT,0.13303,191.0,0.13302,191.0,0.13305,610.0,0.13306,125.0
1753591940511,04:52:20.511,bitget,AERGO/USDT:USDT,0.1331,468.0,0.13308,1120.0,0.13315,468.0,0.13316,959.0
1753591940525,04:52:20.525,mexc,AERGO/USDT:USDT,0.13305,66,0.13304,104,0.13306,1583,0.13307,57
1753591940697,04:52:20.697,bybit,AERGO/USDT:USDT,0.13299,657.0,0.13298,4979.0,0.13301,526.0,0.13302,378.0
1753591940625,04:52:20.625,mexc,AERGO/USDT:USDT,0.13305,66,0.13304,105,0.13306,1583,0.13307,57
1753591940731,04:52:20.731,huobi,AERGO/USDT:USDT,0.13275,116.0,0.13249,37.0,0.13306,116.0,0.13315,982.0
1753591940797,04:52:20.797,bybit,AERGO/USDT:USDT,0.13299,657.0,0.13298,4979.0,0.13301,526.0,0.13302,378.0
1753591940811,04:52:20.811,bitget,AERGO/USDT:USDT,0.1331,468.0,0.13308,1120.0,0.13315,468.0,0.13316,959.0
1753591940874,04:52:20.874,binance,AERGO/USDT:USDT,0.13303,191.0,0.13302,191.0,0.13305,610.0,0.13306,125.0
1753591940961,04:52:20.961,bitget,AERGO/USDT:USDT,0.1331,468.0,0.13308,1120.0,0.13315,468.0,0.13316,959.0
1753591940998,04:52:20.998,bybit,AERGO/USDT:USDT,0.13299,657.0,0.13298,4979.0,0.13302,166.0,0.13303,161.0
1753591941027,04:52:21.027,mexc,AERGO/USDT:USDT,0.13305,66,0.13304,105,0.13306,1583,0.13307,57
1753591941097,04:52:21.097,bybit,AERGO/USDT:USDT,0.13299,657.0,0.13298,4979.0,0.13302,166.0,0.13303,161.0
1753591941112,04:52:21.112,bitget,AERGO/USDT:USDT,0.1331,468.0,0.13308,1120.0,0.13315,468.0,0.13316,959.0
1753591941167,04:52:21.167,binance,AERGO/USDT:USDT,0.13303,191.0,0.13302,191.0,0.13305,610.0,0.13306,125.0
1753591941129,04:52:21.129,mexc,AERGO/USDT:USDT,0.13305,66,0.13304,79,0.13306,1583,0.13307,72
1753591941296,04:52:21.296,bybit,AERGO/USDT:USDT,0.13299,657.0,0.13298,4979.0,0.13302,657.0,0.13303,293.0
1753591941262,04:52:21.262,bitget,AERGO/USDT:USDT,0.1331,468.0,0.13308,1120.0,0.13315,468.0,0.13316,959.0
1753591941234,04:52:21.234,gateio,AERGO/USDT:USDT,0.13302,227.0,0.133,9.0,0.13319,16.0,0.1332,152.0
1753591941397,04:52:21.397,bybit,AERGO/USDT:USDT,0.13299,657.0,0.13298,4979.0,0.13302,789.0,0.13303,293.0
1753591941527,04:52:21.527,mexc,AERGO/USDT:USDT,0.13305,66,0.13304,79,0.13306,1583,0.13307,57
1753591860379,04:51:00.379,blofin,AERGO/USDT:USDT,0.13294,1232.0,0.13284,1446.0,0.13296,474.0,0.13297,3.0
1753591941712,04:52:21.712,bitget,AERGO/USDT:USDT,0.1331,468.0,0.13308,1120.0,0.13315,468.0,0.13316,959.0
1753591941627,04:52:21.627,mexc,AERGO/USDT:USDT,0.13305,66,0.13304,79,0.13306,1583,0.13307,57
1753591941862,04:52:21.862,bitget,AERGO/USDT:USDT,0.1331,468.0,0.13308,1120.0,0.13315,468.0,0.13316,959.0
1753591941848,04:52:21.848,gateio,AERGO/USDT:USDT,0.13302,227.0,0.133,9.0,0.13319,16.0,0.1332,152.0
1753591942004,04:52:22.004,gateio,AERGO/USDT:USDT,0.13302,227.0,0.133,9.0,0.13319,16.0,0.1332,152.0
1753591942032,04:52:22.032,mexc,AERGO/USDT:USDT,0.13305,66,0.13304,79,0.13306,1583,0.13307,57
1753591942162,04:52:22.162,bitget,AERGO/USDT:USDT,0.1331,468.0,0.13308,1120.0,0.13315,468.0,0.13316,959.0
1753591942128,04:52:22.128,mexc,AERGO/USDT:USDT,0.13305,66,0.13304,79,0.13306,1583,0.13307,69
1753591942312,04:52:22.312,bitget,AERGO/USDT:USDT,0.1331,468.0,0.13308,1120.0,0.13315,468.0,0.13316,959.0
1753591942497,04:52:22.497,bybit,AERGO/USDT:USDT,0.13299,657.0,0.13298,4979.0,0.13302,789.0,0.13303,293.0
1753591942523,04:52:22.523,gateio,AERGO/USDT:USDT,0.13302,241.0,0.133,9.0,0.13319,16.0,0.1332,152.0
1753591942528,04:52:22.528,mexc,AERGO/USDT:USDT,0.13305,66,0.13304,79,0.13306,1583,0.13307,69
1753591942589,04:52:22.589,huobi,AERGO/USDT:USDT,0.13275,116.0,0.13249,37.0,0.13306,116.0,0.13315,982.0
1753591942599,04:52:22.599,huobi,AERGO/USDT:USDT,0.13275,116.0,0.13249,37.0,0.13306,116.0,0.13315,22.0
1753591942613,04:52:22.613,bitget,AERGO/USDT:USDT,0.1331,468.0,0.13308,1120.0,0.13315,468.0,0.13316,959.0
1753591942702,04:52:22.702,binance,AERGO/USDT:USDT,0.13303,191.0,0.13302,191.0,0.13305,610.0,0.13306,125.0
1753591942624,04:52:22.624,mexc,AERGO/USDT:USDT,0.13305,66,0.13304,79,0.13306,1583,0.13307,57
1753591942797,04:52:22.797,bybit,AERGO/USDT:USDT,0.13299,657.0,0.13298,4979.0,0.13302,789.0,0.13303,293.0
1753591942771,04:52:22.771,huobi,AERGO/USDT:USDT,0.13275,116.0,0.13249,37.0,0.13306,116.0,0.13312,551.0
1753591942784,04:52:22.784,huobi,AERGO/USDT:USDT,0.13275,116.0,0.13249,37.0,0.13306,116.0,0.13311,960.0
1753591942896,04:52:22.896,bybit,AERGO/USDT:USDT,0.13299,657.0,0.13298,4979.0,0.13302,789.0,0.13303,293.0
1753591942891,04:52:22.891,huobi,AERGO/USDT:USDT,0.13275,116.0,0.13249,37.0,0.13306,116.0,0.13311,960.0
1753591942913,04:52:22.913,bitget,AERGO/USDT:USDT,0.1331,468.0,0.13308,1120.0,0.13315,468.0,0.13316,959.0
1753591943002,04:52:23.002,binance,AERGO/USDT:USDT,0.13303,191.0,0.13302,191.0,0.13305,610.0,0.13306,125.0
1753591943026,04:52:23.026,mexc,AERGO/USDT:USDT,0.13305,66,0.13304,79,0.13306,1583,0.13307,57
1753591943097,04:52:23.097,bybit,AERGO/USDT:USDT,0.13299,657.0,0.13298,4979.0,0.13302,789.0,0.13303,293.0
1753591943140,04:52:23.140,phemex,AERGO/USDT:USDT,0.13303,183.0,0.13301,1046.0,0.13309,183.0,0.1331,861.0
1753591943119,04:52:23.119,binance,AERGO/USDT:USDT,0.13302,191.0,0.13301,3856.0,0.13304,38.0,0.13305,125.0
1753591943150,04:52:23.150,phemex,AERGO/USDT:USDT,0.13303,183.0,0.13301,1046.0,0.13309,183.0,0.1331,861.0
1753591943197,04:52:23.197,bybit,AERGO/USDT:USDT,0.13299,657.0,0.13298,4979.0,0.13302,657.0,0.13303,293.0
1753591943213,04:52:23.213,phemex,AERGO/USDT:USDT,0.13301,182.0,0.133,1810.0,0.13309,183.0,0.1331,861.0
1753591943125,04:52:23.125,mexc,AERGO/USDT:USDT,0.13305,66,0.13304,79,0.13306,1583,0.13307,75
1753591943208,04:52:23.208,gateio,AERGO/USDT:USDT,0.13302,241.0,0.133,9.0,0.13319,16.0,0.1332,152.0
1753591943243,04:52:23.243,binance,AERGO/USDT:USDT,0.13301,3732.0,0.133,1817.0,0.13304,38.0,0.13305,604.0
1753591943235,04:52:23.235,phemex,AERGO/USDT:USDT,0.13301,182.0,0.133,1810.0,0.13309,183.0,0.1331,861.0
1753591943297,04:52:23.297,bybit,AERGO/USDT:USDT,0.13299,657.0,0.13298,4979.0,0.13302,657.0,0.13303,293.0
1753591943269,04:52:23.269,gateio,AERGO/USDT:USDT,0.13302,241.0,0.133,9.0,0.13319,16.0,0.1332,152.0
1753591943347,04:52:23.347,binance,AERGO/USDT:USDT,0.13301,3732.0,0.133,1817.0,0.13304,38.0,0.13305,604.0
1753591943363,04:52:23.363,bitget,AERGO/USDT:USDT,0.1331,468.0,0.13308,1120.0,0.13315,468.0,0.13316,959.0
1753591943513,04:52:23.513,bitget,AERGO/USDT:USDT,0.1331,468.0,0.13308,1120.0,0.13315,468.0,0.13316,959.0
1753591943527,04:52:23.527,mexc,AERGO/USDT:USDT,0.13305,66,0.13304,79,0.13306,1583,0.13307,75
1753591943598,04:52:23.598,bybit,AERGO/USDT:USDT,0.13299,657.0,0.13298,4979.0,0.13302,577.0,0.13303,293.0
1753591943609,04:52:23.609,binance,AERGO/USDT:USDT,0.13301,3237.0,0.133,1817.0,0.13304,38.0,0.13305,604.0
1753591943555,04:52:23.555,gateio,AERGO/USDT:USDT,0.13302,227.0,0.133,9.0,0.13319,16.0,0.1332,152.0
1753591943697,04:52:23.697,bybit,AERGO/USDT:USDT,0.13299,657.0,0.13298,4979.0,0.13302,789.0,0.13303,293.0
1753591943663,04:52:23.663,bitget,AERGO/USDT:USDT,0.1331,468.0,0.13308,1120.0,0.13315,468.0,0.13316,959.0
1753591943626,04:52:23.626,mexc,AERGO/USDT:USDT,0.13305,66,0.13304,79,0.13306,1583,0.13307,57
1753591943802,04:52:23.802,binance,AERGO/USDT:USDT,0.13301,3237.0,0.133,1817.0,0.13304,38.0,0.13305,604.0
1753591943813,04:52:23.813,bitget,AERGO/USDT:USDT,0.1331,468.0,0.13308,1120.0,0.13315,468.0,0.13316,959.0
1753591943963,04:52:23.963,bitget,AERGO/USDT:USDT,0.1331,468.0,0.13308,1120.0,0.13315,468.0,0.13316,959.0
1753591944014,04:52:24.014,binance,AERGO/USDT:USDT,0.13301,3081.0,0.133,1425.0,0.13304,38.0,0.13305,604.0
1753591944033,04:52:24.033,phemex,AERGO/USDT:USDT,0.13301,182.0,0.133,1810.0,0.13305,770.0,0.13306,1118.0
1753591944062,04:52:24.062,phemex,AERGO/USDT:USDT,0.13301,182.0,0.133,1810.0,0.13305,770.0,0.13306,1118.0
1753591944027,04:52:24.027,mexc,AERGO/USDT:USDT,0.13305,66,0.13304,79,0.13306,1583,0.13307,57
1753591944099,04:52:24.099,bybit,AERGO/USDT:USDT,0.13299,657.0,0.13298,4979.0,0.13302,577.0,0.13303,293.0
1753591944196,04:52:24.196,bybit,AERGO/USDT:USDT,0.13299,657.0,0.13298,4979.0,0.13302,577.0,0.13303,293.0
1753591944127,04:52:24.127,mexc,AERGO/USDT:USDT,0.13305,66,0.13304,79,0.13306,1583,0.13307,68
1753591944297,04:52:24.297,bybit,AERGO/USDT:USDT,0.13299,657.0,0.13298,4979.0,0.13302,789.0,0.13303,293.0
1753591944296,04:52:24.296,binance,AERGO/USDT:USDT,0.13301,3081.0,0.133,1425.0,0.13304,38.0,0.13305,125.0
1753591944402,04:52:24.402,binance,AERGO/USDT:USDT,0.13301,3081.0,0.133,1425.0,0.13304,38.0,0.13305,125.0
1753591944426,04:52:24.426,gateio,AERGO/USDT:USDT,0.13302,227.0,0.133,9.0,0.13319,16.0,0.1332,152.0
1753591944529,04:52:24.529,mexc,AERGO/USDT:USDT,0.13305,66,0.13304,79,0.13306,1583,0.13307,57
1753591944564,04:52:24.564,bitget,AERGO/USDT:USDT,0.1331,468.0,0.13308,1120.0,0.13315,468.0,0.13316,959.0
1753591944631,04:52:24.631,mexc,AERGO/USDT:USDT,0.13305,66,0.13304,90,0.13306,1583,0.13307,80
1753591944864,04:52:24.864,bitget,AERGO/USDT:USDT,0.1331,468.0,0.13308,1120.0,0.13315,468.0,0.13316,959.0
1753591945014,04:52:25.014,bitget,AERGO/USDT:USDT,0.1331,468.0,0.13308,1120.0,0.13315,468.0,0.13316,959.0
1753591945038,04:52:25.038,mexc,AERGO/USDT:USDT,0.13305,66,0.13304,90,0.13306,1583,0.13307,57
1753591945164,04:52:25.164,bitget,AERGO/USDT:USDT,0.1331,468.0,0.13308,1120.0,0.13315,468.0,0.13316,959.0
1753591945126,04:52:25.126,mexc,AERGO/USDT:USDT,0.13305,66,0.13304,98,0.13306,1583,0.13307,80
1753591945314,04:52:25.314,bitget,AERGO/USDT:USDT,0.1331,468.0,0.13308,1120.0,0.13315,468.0,0.13316,959.0
1753591945254,04:52:25.254,mexc,AERGO/USDT:USDT,0.13302,1111,0.13301,601,0.13303,39,0.13304,238
1753591945464,04:52:25.464,bitget,AERGO/USDT:USDT,0.1331,468.0,0.13308,1120.0,0.13315,468.0,0.13316,959.0
1753591945614,04:52:25.614,bitget,AERGO/USDT:USDT,0.1331,468.0,0.13308,1120.0,0.13315,468.0,0.13316,959.0
1753591945654,04:52:25.654,gateio,AERGO/USDT:USDT,0.13302,227.0,0.133,9.0,0.13319,16.0,0.1332,152.0
1753591945770,04:52:25.770,phemex,AERGO/USDT:USDT,0.13301,182.0,0.133,1810.0,0.13305,770.0,0.13306,1118.0
1753591945771,04:52:25.771,phemex,AERGO/USDT:USDT,0.13301,182.0,0.133,1810.0,0.13305,770.0,0.13306,1118.0
1753591945765,04:52:25.765,bitget,AERGO/USDT:USDT,0.1331,468.0,0.13308,1120.0,0.13315,468.0,0.13316,959.0
1753591945626,04:52:25.626,mexc,AERGO/USDT:USDT,0.13302,1111,0.13301,601,0.13303,39,0.13304,238
1753591945915,04:52:25.915,bitget,AERGO/USDT:USDT,0.1331,468.0,0.13308,1120.0,0.13315,468.0,0.13316,959.0
1753591946031,04:52:26.031,mexc,AERGO/USDT:USDT,0.13302,1111,0.13301,601,0.13303,39,0.13304,238
1753591946065,04:52:26.065,bitget,AERGO/USDT:USDT,0.1331,468.0,0.13308,1120.0,0.13315,468.0,0.13316,959.0
1753591946114,04:52:26.114,binance,AERGO/USDT:USDT,0.13301,3081.0,0.133,1425.0,0.13304,38.0,0.13305,125.0
1753591946203,04:52:26.203,mexc,AERGO/USDT:USDT,0.13302,1111,0.13301,969,0.13303,39,0.13304,238
1753591946301,04:52:26.301,binance,AERGO/USDT:USDT,0.13301,3081.0,0.133,1425.0,0.13304,38.0,0.13305,125.0
1753591946365,04:52:26.365,bitget,AERGO/USDT:USDT,0.1331,468.0,0.13308,1120.0,0.13315,468.0,0.13316,959.0
1753591946502,04:52:26.502,bybit,AERGO/USDT:USDT,0.13299,657.0,0.13298,4979.0,0.13302,789.0,0.13303,293.0
1753591946504,04:52:26.504,binance,AERGO/USDT:USDT,0.13301,3081.0,0.133,1425.0,0.13304,38.0,0.13305,125.0
1753591946515,04:52:26.515,bitget,AERGO/USDT:USDT,0.1331,468.0,0.13308,1120.0,0.13315,468.0,0.13316,959.0
1753591946529,04:52:26.529,mexc,AERGO/USDT:USDT,0.13302,1111,0.13301,762,0.13303,39,0.13304,238
1753591946491,04:52:26.491,gateio,AERGO/USDT:USDT,0.13302,227.0,0.133,356.0,0.13319,16.0,0.1332,152.0
1753591946597,04:52:26.597,bybit,AERGO/USDT:USDT,0.13299,657.0,0.13298,4979.0,0.13302,789.0,0.13303,293.0
1753591946665,04:52:26.665,bitget,AERGO/USDT:USDT,0.1331,468.0,0.13308,1120.0,0.13315,468.0,0.13316,959.0
1753591946627,04:52:26.627,mexc,AERGO/USDT:USDT,0.13302,1111,0.13301,601,0.13303,39,0.13304,238
1753591946787,04:52:26.787,phemex,AERGO/USDT:USDT,0.13301,182.0,0.133,1810.0,0.13305,660.0,0.13306,1118.0
1753591946965,04:52:26.965,bitget,AERGO/USDT:USDT,0.1331,468.0,0.13308,1120.0,0.13315,468.0,0.13316,959.0
1753591947030,04:52:27.030,mexc,AERGO/USDT:USDT,0.13302,1111,0.13301,601,0.13303,39,0.13304,238
1753591947115,04:52:27.115,bitget,AERGO/USDT:USDT,0.1331,468.0,0.13308,1120.0,0.13315,468.0,0.13316,959.0
1753591947131,04:52:27.131,mexc,AERGO/USDT:USDT,0.13302,1111,0.13301,838,0.13303,39,0.13304,238
1753591947265,04:52:27.265,bitget,AERGO/USDT:USDT,0.1331,468.0,0.13308,1120.0,0.13315,468.0,0.13316,959.0
1753591947416,04:52:27.416,bitget,AERGO/USDT:USDT,0.1331,468.0,0.13308,1120.0,0.13315,468.0,0.13316,959.0
1753591947484,04:52:27.484,huobi,AERGO/USDT:USDT,0.13275,116.0,0.13249,37.0,0.13306,116.0,0.13311,960.0
1753591947530,04:52:27.530,huobi,AERGO/USDT:USDT,0.13275,116.0,0.13249,37.0,0.13306,116.0,0.13311,960.0
1753591947530,04:52:27.530,mexc,AERGO/USDT:USDT,0.13302,1111,0.13301,838,0.13303,39,0.13304,238
1753591947590,04:52:27.590,phemex,AERGO/USDT:USDT,0.133,1810.0,0.13297,996.0,0.13304,185.0,0.13305,660.0
1753591947598,04:52:27.598,bybit,AERGO/USDT:USDT,0.13299,657.0,0.13298,2872.0,0.133,384.0,0.13302,260.0
1753591947605,04:52:27.605,phemex,AERGO/USDT:USDT,0.133,1810.0,0.13298,185.0,0.13304,185.0,0.13305,660.0
1753591947582,04:52:27.582,huobi,AERGO/USDT:USDT,0.13275,116.0,0.13249,37.0,0.13306,116.0,0.13311,960.0
1753591947610,04:52:27.610,huobi,AERGO/USDT:USDT,0.13275,116.0,0.13249,37.0,0.13306,116.0,0.13311,960.0
1753591947609,04:52:27.609,phemex,AERGO/USDT:USDT,0.133,1810.0,0.13298,185.0,0.13304,185.0,0.13305,660.0
1753591947626,04:52:27.626,gateio,AERGO/USDT:USDT,0.13301,75.0,0.133,356.0,0.13319,16.0,0.1332,152.0
1753591947644,04:52:27.644,huobi,AERGO/USDT:USDT,0.13275,116.0,0.13249,37.0,0.13306,116.0,0.13311,960.0
1753591947653,04:52:27.653,binance,AERGO/USDT:USDT,0.133,244.0,0.13299,247.0,0.13304,2791.0,0.13305,1065.0
1753591947698,04:52:27.698,bybit,AERGO/USDT:USDT,0.13299,57.0,0.13298,2872.0,0.133,596.0,0.13301,212.0
1753591947716,04:52:27.716,bitget,AERGO/USDT:USDT,0.13307,469.0,0.13303,362.0,0.13314,362.0,0.13315,468.0
1753591947720,04:52:27.720,huobi,AERGO/USDT:USDT,0.13275,116.0,0.13249,37.0,0.13306,116.0,0.13311,960.0
1753591947704,04:52:27.704,gateio,AERGO/USDT:USDT,0.13301,75.0,0.133,356.0,0.13319,91.0,0.1332,152.0
1753591947628,04:52:27.628,mexc,AERGO/USDT:USDT,0.13302,1111,0.13301,601,0.13303,39,0.13304,238
1753591947797,04:52:27.797,bybit,AERGO/USDT:USDT,0.13299,57.0,0.13298,2872.0,0.133,596.0,0.13301,212.0
1753591947761,04:52:27.761,huobi,AERGO/USDT:USDT,0.13275,116.0,0.13249,37.0,0.13306,116.0,0.13311,960.0
1753591947805,04:52:27.805,binance,AERGO/USDT:USDT,0.133,244.0,0.13299,247.0,0.13304,2791.0,0.13305,1065.0
1753591947735,04:52:27.735,gateio,AERGO/USDT:USDT,0.13301,75.0,0.133,356.0,0.13318,3.0,0.13319,88.0
1753591947866,04:52:27.866,bitget,AERGO/USDT:USDT,0.13307,469.0,0.13303,362.0,0.13313,470.0,0.13314,362.0
1753591947835,04:52:27.835,gateio,AERGO/USDT:USDT,0.13301,75.0,0.133,356.0,0.13319,88.0,0.1332,152.0
1753591947980,04:52:27.980,binance,AERGO/USDT:USDT,0.133,244.0,0.13299,247.0,0.13304,2791.0,0.13305,1065.0
1753591947937,04:52:27.937,gateio,AERGO/USDT:USDT,0.13301,75.0,0.133,356.0,0.13318,3.0,0.13319,88.0
1753591948030,04:52:28.030,mexc,AERGO/USDT:USDT,0.13302,1111,0.13301,601,0.13303,39,0.13304,238
1753591948030,04:52:28.030,gateio,AERGO/USDT:USDT,0.13301,75.0,0.133,356.0,0.13318,3.0,0.13319,88.0
1753591948166,04:52:28.166,bitget,AERGO/USDT:USDT,0.13307,469.0,0.13303,362.0,0.13313,470.0,0.13314,362.0
1753591948129,04:52:28.129,mexc,AERGO/USDT:USDT,0.13302,1111,0.13301,718,0.13303,39,0.13304,238
1753591948466,04:52:28.466,bitget,AERGO/USDT:USDT,0.13307,469.0,0.13303,362.0,0.13313,470.0,0.13314,362.0
1753591948502,04:52:28.502,binance,AERGO/USDT:USDT,0.133,244.0,0.13299,247.0,0.13304,2791.0,0.13305,1065.0
1753591948531,04:52:28.531,mexc,AERGO/USDT:USDT,0.13302,1111,0.13301,601,0.13303,39,0.13304,238
1753591948616,04:52:28.616,bitget,AERGO/USDT:USDT,0.13307,469.0,0.13303,362.0,0.13313,470.0,0.13314,362.0
1753591948741,04:52:28.741,phemex,AERGO/USDT:USDT,0.133,1810.0,0.13298,185.0,0.13304,185.0,0.13305,660.0
1753591948714,04:52:28.714,gateio,AERGO/USDT:USDT,0.13301,75.0,0.133,356.0,0.13318,3.0,0.13319,88.0
1753591948630,04:52:28.630,mexc,AERGO/USDT:USDT,0.13302,1111,0.13301,1077,0.13303,39,0.13304,238
1753591861379,04:51:01.379,blofin,AERGO/USDT:USDT,0.13294,1232.0,0.13292,41439.0,0.13296,474.0,0.13297,3.0
1753591948774,04:52:28.774,binance,AERGO/USDT:USDT,0.133,377.0,0.13299,247.0,0.13304,2791.0,0.13305,1065.0
1753591948737,04:52:28.737,gateio,AERGO/USDT:USDT,0.13301,75.0,0.133,356.0,0.13318,3.0,0.13319,88.0
1753591948916,04:52:28.916,bitget,AERGO/USDT:USDT,0.13307,469.0,0.13303,362.0,0.13313,470.0,0.13314,362.0
1753591948741,04:52:28.741,phemex,AERGO/USDT:USDT,0.133,1810.0,0.13298,185.0,0.13304,185.0,0.13305,660.0
1753591949032,04:52:29.032,mexc,AERGO/USDT:USDT,0.13302,1111,0.13301,1077,0.13303,39,0.13304,238
1753591949067,04:52:29.067,bitget,AERGO/USDT:USDT,0.13307,469.0,0.13303,362.0,0.13313,470.0,0.13314,362.0
1753591949102,04:52:29.102,binance,AERGO/USDT:USDT,0.133,377.0,0.13299,247.0,0.13304,2791.0,0.13305,1065.0
1753591949217,04:52:29.217,bitget,AERGO/USDT:USDT,0.13307,469.0,0.13303,362.0,0.13313,470.0,0.13314,362.0
1753591949130,04:52:29.130,mexc,AERGO/USDT:USDT,0.13302,1111,0.13301,884,0.13303,39,0.13304,289
1753591949367,04:52:29.367,bitget,AERGO/USDT:USDT,0.13307,469.0,0.13303,362.0,0.13313,470.0,0.13314,362.0
1753591949517,04:52:29.517,bitget,AERGO/USDT:USDT,0.13307,469.0,0.13303,362.0,0.13313,470.0,0.13314,362.0
1753591949531,04:52:29.531,mexc,AERGO/USDT:USDT,0.13302,1111,0.13301,884,0.13303,39,0.13304,289
1753591949702,04:52:29.702,binance,AERGO/USDT:USDT,0.133,377.0,0.13299,247.0,0.13304,2791.0,0.13305,1065.0
1753591949638,04:52:29.638,gateio,AERGO/USDT:USDT,0.13301,75.0,0.133,356.0,0.13318,3.0,0.13319,88.0
1753591949629,04:52:29.629,mexc,AERGO/USDT:USDT,0.13302,1111,0.13301,868,0.13303,39,0.13304,238
1753591949817,04:52:29.817,bitget,AERGO/USDT:USDT,0.13307,469.0,0.13303,362.0,0.13313,470.0,0.13314,362.0
1753591950032,04:52:30.032,mexc,AERGO/USDT:USDT,0.13302,1111,0.13301,868,0.13303,39,0.13304,238
1753591950117,04:52:30.117,bitget,AERGO/USDT:USDT,0.13307,469.0,0.13303,362.0,0.13313,470.0,0.13314,362.0
1753591950218,04:52:30.218,gateio,AERGO/USDT:USDT,0.13301,75.0,0.133,9.0,0.13318,3.0,0.13319,88.0
1753591950128,04:52:30.128,mexc,AERGO/USDT:USDT,0.13302,1111,0.13301,601,0.13303,39,0.13304,238
1753591950302,04:52:30.302,binance,AERGO/USDT:USDT,0.133,377.0,0.13299,247.0,0.13304,2791.0,0.13305,1065.0
1753591950231,04:52:30.231,gateio,AERGO/USDT:USDT,0.13301,75.0,0.133,9.0,0.13318,3.0,0.13319,88.0
1753591950385,04:52:30.385,huobi,AERGO/USDT:USDT,0.13275,116.0,0.13249,37.0,0.13306,116.0,0.13311,960.0
1753591950419,04:52:30.419,huobi,AERGO/USDT:USDT,0.13275,116.0,0.13249,37.0,0.13306,116.0,0.1331,22.0
1753591950532,04:52:30.532,mexc,AERGO/USDT:USDT,0.13302,1111,0.13301,601,0.13303,39,0.13304,238
1753591950432,04:52:30.432,phemex,AERGO/USDT:USDT,0.13301,185.0,0.133,1810.0,0.13304,185.0,0.13305,660.0
1753591950519,04:52:30.519,phemex,AERGO/USDT:USDT,0.133,1810.0,0.13298,185.0,0.13304,185.0,0.13305,660.0
1753591950575,04:52:30.575,huobi,AERGO/USDT:USDT,0.13275,116.0,0.13249,37.0,0.13306,116.0,0.1331,22.0
1753591950566,04:52:30.566,phemex,AERGO/USDT:USDT,0.13301,185.0,0.133,1810.0,0.13304,185.0,0.13305,660.0
1753591950525,04:52:30.525,gateio,AERGO/USDT:USDT,0.13301,75.0,0.133,9.0,0.13318,3.0,0.13319,13.0
1753591950535,04:52:30.535,gateio,AERGO/USDT:USDT,0.13301,75.0,0.133,9.0,0.13319,16.0,0.1332,152.0
1753591950626,04:52:30.626,binance,AERGO/USDT:USDT,0.13302,131.0,0.133,377.0,0.13304,2791.0,0.13305,314.0
1753591950718,04:52:30.718,bitget,AERGO/USDT:USDT,0.13309,470.0,0.13308,758.0,0.13313,470.0,0.13314,362.0
1753591950629,04:52:30.629,mexc,AERGO/USDT:USDT,0.13302,1111,0.13301,601,0.13303,39,0.13304,297
1753591950868,04:52:30.868,bitget,AERGO/USDT:USDT,0.13309,470.0,0.13308,758.0,0.13313,470.0,0.13314,362.0
1753591950970,04:52:30.970,phemex,AERGO/USDT:USDT,0.13301,185.0,0.133,1810.0,0.13304,185.0,0.13305,660.0
1753591950997,04:52:30.997,bybit,AERGO/USDT:USDT,0.13299,57.0,0.13298,2872.0,0.133,516.0,0.13301,212.0
1753591951018,04:52:31.018,bitget,AERGO/USDT:USDT,0.13309,470.0,0.13308,758.0,0.13313,470.0,0.13315,4225.0
