timestamp,time,exchange,symbol,bid1_price,bid1_volume,bid2_price,bid2_volume,ask1_price,ask1_volume,ask2_price,ask2_volume
1753591881074,04:51:21.074,bitget,A/USDT:USDT,0.57586,12.0,0.57576,60.0,0.57595,109.0,0.57596,8948.0
1753591881374,04:51:21.374,bitget,A/USDT:USDT,0.57586,12.0,0.57576,60.0,0.57595,109.0,0.57596,8948.0
1753591882875,04:51:22.875,bitget,A/USDT:USDT,0.57586,12.0,0.57576,60.0,0.57595,109.0,0.57596,8948.0
1753591883625,04:51:23.625,bitget,A/USDT:USDT,0.57586,12.0,0.57576,60.0,0.57595,109.0,0.57596,8948.0
1753591883726,04:51:23.726,binance,A/USDT:USDT,0.57562,418.0,0.5756,87.0,0.57563,705.0,0.57564,316.0
1753591883775,04:51:23.775,bitget,A/USDT:USDT,0.57586,12.0,0.57576,60.0,0.57595,109.0,0.57596,8948.0
1753591883925,04:51:23.925,bitget,A/USDT:USDT,0.57586,12.0,0.57576,60.0,0.57595,109.0,0.57596,8948.0
1753591884076,04:51:24.076,bitget,A/USDT:USDT,0.57586,12.0,0.57576,60.0,0.57595,109.0,0.57596,8948.0
1753591884226,04:51:24.226,bitget,A/USDT:USDT,0.57586,12.0,0.57576,60.0,0.57595,109.0,0.57596,8948.0
1753591885110,04:51:25.110,binance,A/USDT:USDT,0.57562,407.0,0.5756,87.0,0.57563,38.0,0.57564,316.0
1753591885194,04:51:25.194,bybit,A/USDT:USDT,0.5758,333.0,0.5757,1786.0,0.5759,1589.0,0.576,1364.0
1753591885247,04:51:25.247,bitget,A/USDT:USDT,0.57586,12.0,0.57576,60.0,0.57595,109.0,0.57596,8948.0
1753591885294,04:51:25.294,bybit,A/USDT:USDT,0.5758,333.0,0.5757,1797.0,0.5759,1589.0,0.576,1364.0
1753591885336,04:51:25.336,binance,A/USDT:USDT,0.57562,547.0,0.5756,103.0,0.57563,19.0,0.57564,316.0
1753591885394,04:51:25.394,bybit,A/USDT:USDT,0.5758,350.0,0.5757,1797.0,0.5759,1589.0,0.576,1285.0
1753591885397,04:51:25.397,bitget,A/USDT:USDT,0.57586,12.0,0.57576,60.0,0.57595,109.0,0.57596,8948.0
1753591885494,04:51:25.494,bybit,A/USDT:USDT,0.5758,350.0,0.5757,1797.0,0.5759,1589.0,0.576,1339.0
1753591885464,04:51:25.464,binance,A/USDT:USDT,0.57562,547.0,0.5756,103.0,0.57563,19.0,0.57564,316.0
1753591885594,04:51:25.594,bybit,A/USDT:USDT,0.5758,350.0,0.5757,1797.0,0.5759,1589.0,0.576,1339.0
1753591885570,04:51:25.570,bitget,A/USDT:USDT,0.57586,120.0,0.57576,60.0,0.57595,109.0,0.57596,8948.0
1753591885877,04:51:25.877,bitget,A/USDT:USDT,0.57586,12.0,0.57576,60.0,0.57595,109.0,0.57596,8948.0
1753591853095,04:50:53.095,blofin,A/USDT:USDT,0.57555,372.0,0.57551,262.0,0.57564,369.0,0.57566,240.0
1753591886009,04:51:26.009,binance,A/USDT:USDT,0.57562,547.0,0.5756,103.0,0.57563,19.0,0.57564,316.0
1753591886027,04:51:26.027,bitget,A/USDT:USDT,0.57586,12.0,0.57576,60.0,0.57595,109.0,0.57596,8948.0
1753591886327,04:51:26.327,bitget,A/USDT:USDT,0.57586,12.0,0.57576,60.0,0.57595,109.0,0.57596,8948.0
1753591886403,04:51:26.403,binance,A/USDT:USDT,0.57562,547.0,0.5756,103.0,0.57563,233.0,0.57564,316.0
1753591886495,04:51:26.495,bybit,A/USDT:USDT,0.5758,472.0,0.5757,1786.0,0.5759,1589.0,0.576,1356.0
1753591886477,04:51:26.477,bitget,A/USDT:USDT,0.57586,12.0,0.57576,60.0,0.57595,109.0,0.57596,8948.0
1753591886795,04:51:26.795,bybit,A/USDT:USDT,0.5758,472.0,0.5757,1786.0,0.5759,1589.0,0.576,1356.0
1753591886777,04:51:26.777,bitget,A/USDT:USDT,0.57586,12.0,0.57576,60.0,0.57595,109.0,0.57596,8948.0
1753591886927,04:51:26.927,bitget,A/USDT:USDT,0.57586,12.0,0.57576,60.0,0.57595,109.0,0.57596,8948.0
1753591887228,04:51:27.228,bitget,A/USDT:USDT,0.57586,12.0,0.57576,60.0,0.57595,109.0,0.57596,8946.0
1753591887378,04:51:27.378,bitget,A/USDT:USDT,0.57586,12.0,0.57576,60.0,0.57595,109.0,0.57596,8946.0
1753591887487,04:51:27.487,binance,A/USDT:USDT,0.57562,469.0,0.5756,25.0,0.57563,282.0,0.57564,316.0
1753591887528,04:51:27.528,bitget,A/USDT:USDT,0.57586,12.0,0.57576,60.0,0.57595,109.0,0.57596,8946.0
1753591887601,04:51:27.601,binance,A/USDT:USDT,0.57562,469.0,0.5756,25.0,0.57563,282.0,0.57564,316.0
1753591887678,04:51:27.678,bitget,A/USDT:USDT,0.57586,12.0,0.57576,60.0,0.57595,109.0,0.57596,8946.0
1753591887702,04:51:27.702,binance,A/USDT:USDT,0.57562,469.0,0.5756,25.0,0.57563,282.0,0.57564,316.0
1753591887794,04:51:27.794,bybit,A/USDT:USDT,0.5758,472.0,0.5757,1786.0,0.5759,1589.0,0.576,1356.0
1753591887828,04:51:27.828,bitget,A/USDT:USDT,0.57586,12.0,0.57576,60.0,0.57595,109.0,0.57596,8946.0
1753591887894,04:51:27.894,bybit,A/USDT:USDT,0.5758,472.0,0.5757,1786.0,0.5759,1589.0,0.576,1356.0
1753591888579,04:51:28.579,bitget,A/USDT:USDT,0.57586,12.0,0.57576,60.0,0.57595,109.0,0.57596,8946.0
1753591888701,04:51:28.701,binance,A/USDT:USDT,0.57562,469.0,0.5756,25.0,0.57563,291.0,0.57564,316.0
1753591888729,04:51:28.729,bitget,A/USDT:USDT,0.57586,12.0,0.57576,60.0,0.57595,109.0,0.57596,8946.0
1753591888794,04:51:28.794,bybit,A/USDT:USDT,0.5758,472.0,0.5757,1786.0,0.5759,1589.0,0.576,1356.0
1753591888802,04:51:28.802,binance,A/USDT:USDT,0.57562,469.0,0.5756,25.0,0.57563,291.0,0.57564,316.0
1753591888894,04:51:28.894,bybit,A/USDT:USDT,0.5758,472.0,0.5757,1797.0,0.5759,1589.0,0.576,1356.0
1753591889029,04:51:29.029,bitget,A/USDT:USDT,0.57586,12.0,0.57576,60.0,0.57595,109.0,0.57596,8946.0
1753591889111,04:51:29.111,binance,A/USDT:USDT,0.57562,469.0,0.5756,25.0,0.57563,291.0,0.57564,316.0
1753591889179,04:51:29.179,bitget,A/USDT:USDT,0.57586,12.0,0.57576,60.0,0.57595,109.0,0.57596,8946.0
1753591889302,04:51:29.302,binance,A/USDT:USDT,0.57562,469.0,0.5756,25.0,0.57563,291.0,0.57564,316.0
1753591889594,04:51:29.594,bybit,A/USDT:USDT,0.5758,472.0,0.5757,1786.0,0.5759,1589.0,0.576,1356.0
1753591889000,04:51:29.000,gateio,A/USDT:USDT,0.5758,29.0,0.5757,1993.0,0.5759,2.0,0.576,560.0
1753591889629,04:51:29.629,bitget,A/USDT:USDT,0.57586,12.0,0.57576,60.0,0.57595,109.0,0.57596,8946.0
1753591889694,04:51:29.694,bybit,A/USDT:USDT,0.5758,472.0,0.5757,1769.0,0.5759,1589.0,0.576,1356.0
1753591889779,04:51:29.779,bitget,A/USDT:USDT,0.57586,12.0,0.57576,60.0,0.57595,109.0,0.57596,8946.0
1753591881193,04:51:21.193,huobi,A/USDT:USDT,0.5758,42.0,0.5757,289.0,0.5759,42.0,0.5761,56.0
1753591889880,04:51:29.880,binance,A/USDT:USDT,0.57562,469.0,0.5756,103.0,0.57563,291.0,0.57564,316.0
1753591889845,04:51:29.845,gateio,A/USDT:USDT,0.5758,29.0,0.5757,1993.0,0.5759,2.0,0.576,560.0
1753591889994,04:51:29.994,bybit,A/USDT:USDT,0.5758,472.0,0.5757,1797.0,0.5759,1589.0,0.576,1339.0
1753591889985,04:51:29.985,binance,A/USDT:USDT,0.57562,469.0,0.5756,103.0,0.57563,291.0,0.57564,316.0
1753591890096,04:51:30.096,bybit,A/USDT:USDT,0.5758,472.0,0.5757,1797.0,0.5759,1589.0,0.576,1339.0
1753591890111,04:51:30.111,binance,A/USDT:USDT,0.57562,469.0,0.5756,103.0,0.57563,291.0,0.57564,316.0
1753591890195,04:51:30.195,bybit,A/USDT:USDT,0.5758,472.0,0.5757,1797.0,0.5759,1589.0,0.576,1356.0
1753591890215,04:51:30.215,binance,A/USDT:USDT,0.57562,469.0,0.5756,25.0,0.57563,77.0,0.57564,316.0
1753591890230,04:51:30.230,bitget,A/USDT:USDT,0.57586,12.0,0.57576,60.0,0.57595,109.0,0.57596,8946.0
1753591890269,04:51:30.269,gateio,A/USDT:USDT,0.5758,29.0,0.5757,1993.0,0.5759,2.0,0.576,560.0
1753591890316,04:51:30.316,binance,A/USDT:USDT,0.57562,469.0,0.5756,25.0,0.57563,291.0,0.57564,316.0
1753591890394,04:51:30.394,bybit,A/USDT:USDT,0.5758,472.0,0.5757,1786.0,0.5759,1589.0,0.576,1356.0
1753591890326,04:51:30.326,gateio,A/USDT:USDT,0.5758,29.0,0.5757,1993.0,0.5759,2.0,0.576,560.0
1753591890380,04:51:30.380,bitget,A/USDT:USDT,0.57586,12.0,0.57576,60.0,0.57595,109.0,0.57596,8946.0
1753591890417,04:51:30.417,binance,A/USDT:USDT,0.57562,469.0,0.5756,25.0,0.57563,77.0,0.57564,316.0
1753591890474,04:51:30.474,gateio,A/USDT:USDT,0.5758,44.0,0.5757,1993.0,0.5759,2.0,0.576,266.0
1753591890530,04:51:30.530,binance,A/USDT:USDT,0.57562,902.0,0.57561,78.0,0.57563,77.0,0.57564,316.0
1753591890530,04:51:30.530,bitget,A/USDT:USDT,0.57586,12.0,0.57576,60.0,0.57595,109.0,0.57596,8946.0
1753591890594,04:51:30.594,bybit,A/USDT:USDT,0.5758,472.0,0.5757,1797.0,0.5759,1589.0,0.576,1302.0
1753591890500,04:51:30.500,gateio,A/USDT:USDT,0.5758,44.0,0.5757,1993.0,0.5759,2.0,0.576,266.0
1753591890696,04:51:30.696,bybit,A/USDT:USDT,0.5758,472.0,0.5757,1797.0,0.5759,1589.0,0.576,1302.0
1753591890614,04:51:30.614,gateio,A/USDT:USDT,0.5758,44.0,0.5757,1993.0,0.5759,2.0,0.576,560.0
1753591890708,04:51:30.708,gateio,A/USDT:USDT,0.5758,44.0,0.5757,1993.0,0.5759,2.0,0.576,560.0
1753591890809,04:51:30.809,binance,A/USDT:USDT,0.57562,902.0,0.57561,78.0,0.57563,77.0,0.57564,316.0
1753591890830,04:51:30.830,bitget,A/USDT:USDT,0.57586,119.0,0.57576,60.0,0.57595,109.0,0.57596,8946.0
1753591890895,04:51:30.895,bybit,A/USDT:USDT,0.5758,472.0,0.5757,1797.0,0.5759,1589.0,0.576,1302.0
1753591890980,04:51:30.980,bitget,A/USDT:USDT,0.57587,107.0,0.57586,12.0,0.57595,109.0,0.57596,8946.0
1753591891110,04:51:31.110,binance,A/USDT:USDT,0.57562,902.0,0.57561,78.0,0.57563,77.0,0.57564,316.0
1753591891130,04:51:31.130,bitget,A/USDT:USDT,0.57587,107.0,0.57586,12.0,0.57595,109.0,0.57596,8946.0
1753591891194,04:51:31.194,bybit,A/USDT:USDT,0.5758,472.0,0.5757,1797.0,0.5759,1589.0,0.576,1302.0
1753591891214,04:51:31.214,binance,A/USDT:USDT,0.57562,902.0,0.57561,78.0,0.57563,77.0,0.57564,316.0
1753591891299,04:51:31.299,bybit,A/USDT:USDT,0.5758,472.0,0.5757,1797.0,0.5759,1589.0,0.576,1302.0
1753591891280,04:51:31.280,bitget,A/USDT:USDT,0.57587,107.0,0.57586,12.0,0.57595,109.0,0.57596,8946.0
1753591891351,04:51:31.351,binance,A/USDT:USDT,0.57562,902.0,0.57561,78.0,0.57563,77.0,0.57564,316.0
1753591891430,04:51:31.430,bitget,A/USDT:USDT,0.57587,107.0,0.57586,12.0,0.57595,109.0,0.57596,8946.0
1753591891520,04:51:31.520,binance,A/USDT:USDT,0.57562,902.0,0.57561,78.0,0.57563,77.0,0.57564,316.0
1753591891594,04:51:31.594,bybit,A/USDT:USDT,0.5758,472.0,0.5757,1797.0,0.5759,1589.0,0.576,1302.0
1753591891580,04:51:31.580,bitget,A/USDT:USDT,0.57587,107.0,0.57586,12.0,0.57595,109.0,0.57596,8946.0
1753591891654,04:51:31.654,binance,A/USDT:USDT,0.57562,902.0,0.57561,78.0,0.57563,77.0,0.57564,316.0
1753591891695,04:51:31.695,bybit,A/USDT:USDT,0.5758,472.0,0.5757,1797.0,0.5759,1589.0,0.576,1302.0
1753591891731,04:51:31.731,bitget,A/USDT:USDT,0.57587,107.0,0.57586,12.0,0.57595,109.0,0.57596,8946.0
1753591891794,04:51:31.794,bybit,A/USDT:USDT,0.5758,472.0,0.5757,1797.0,0.5759,1589.0,0.576,1302.0
1753591891894,04:51:31.894,bybit,A/USDT:USDT,0.5758,472.0,0.5757,1797.0,0.5759,1589.0,0.576,1302.0
1753591891881,04:51:31.881,bitget,A/USDT:USDT,0.57586,12.0,0.57576,60.0,0.57595,109.0,0.57596,8946.0
1753591892031,04:51:32.031,bitget,A/USDT:USDT,0.57587,107.0,0.57586,12.0,0.57595,109.0,0.57596,8946.0
1753591892102,04:51:32.102,binance,A/USDT:USDT,0.57562,902.0,0.57561,78.0,0.57563,77.0,0.57564,316.0
1753591892196,04:51:32.196,bybit,A/USDT:USDT,0.5758,472.0,0.5757,1797.0,0.5759,1589.0,0.576,1302.0
1753591892181,04:51:32.181,bitget,A/USDT:USDT,0.57587,107.0,0.57586,12.0,0.57595,109.0,0.57596,8946.0
1753591892227,04:51:32.227,binance,A/USDT:USDT,0.57562,902.0,0.5756,25.0,0.57563,58.0,0.57564,316.0
1753591892274,04:51:32.274,gateio,A/USDT:USDT,0.5758,44.0,0.5757,1993.0,0.5759,2.0,0.576,560.0
1753591892331,04:51:32.331,bitget,A/USDT:USDT,0.57587,107.0,0.57586,12.0,0.57595,109.0,0.57596,8946.0
1753591892394,04:51:32.394,bybit,A/USDT:USDT,0.5758,472.0,0.5757,1797.0,0.5759,1589.0,0.576,1302.0
1753591892481,04:51:32.481,bitget,A/USDT:USDT,0.57587,107.0,0.57586,12.0,0.57595,109.0,0.57596,8946.0
1753591892535,04:51:32.535,binance,A/USDT:USDT,0.57562,902.0,0.5756,25.0,0.57563,58.0,0.57564,316.0
1753591892595,04:51:32.595,bybit,A/USDT:USDT,0.5758,472.0,0.5757,1797.0,0.5759,1589.0,0.576,1302.0
1753591892631,04:51:32.631,bitget,A/USDT:USDT,0.57587,107.0,0.57586,12.0,0.57595,109.0,0.57596,8946.0
1753591892641,04:51:32.641,binance,A/USDT:USDT,0.57562,902.0,0.5756,25.0,0.57563,83.0,0.57564,316.0
1753591892694,04:51:32.694,bybit,A/USDT:USDT,0.5758,472.0,0.5757,1769.0,0.5759,1589.0,0.576,1356.0
1753591892745,04:51:32.745,binance,A/USDT:USDT,0.57562,902.0,0.5756,103.0,0.57563,72.0,0.57564,316.0
1753591892794,04:51:32.794,bybit,A/USDT:USDT,0.5758,472.0,0.5757,1786.0,0.5759,1589.0,0.576,1339.0
1753591892781,04:51:32.781,bitget,A/USDT:USDT,0.57587,107.0,0.57586,12.0,0.57595,109.0,0.57596,8946.0
1753591892885,04:51:32.885,binance,A/USDT:USDT,0.57562,902.0,0.5756,103.0,0.57563,72.0,0.57564,316.0
1753591892931,04:51:32.931,bitget,A/USDT:USDT,0.57587,107.0,0.57586,12.0,0.57595,109.0,0.57596,8946.0
1753591892994,04:51:32.994,bybit,A/USDT:USDT,0.5758,472.0,0.5757,1797.0,0.5759,1589.0,0.576,1339.0
1753591893081,04:51:33.081,bitget,A/USDT:USDT,0.57587,107.0,0.57586,12.0,0.57595,109.0,0.57596,8946.0
1753591893111,04:51:33.111,binance,A/USDT:USDT,0.57562,902.0,0.5756,103.0,0.57563,72.0,0.57564,316.0
1753591893231,04:51:33.231,bitget,A/USDT:USDT,0.57587,107.0,0.57586,12.0,0.57595,109.0,0.57596,8946.0
1753591893394,04:51:33.394,bybit,A/USDT:USDT,0.5758,472.0,0.5757,1797.0,0.5759,1589.0,0.576,1339.0
1753591893381,04:51:33.381,bitget,A/USDT:USDT,0.57587,107.0,0.57586,12.0,0.57595,109.0,0.57596,8946.0
1753591893496,04:51:33.496,bybit,A/USDT:USDT,0.5758,472.0,0.5757,1797.0,0.5759,1589.0,0.576,1339.0
1753591893532,04:51:33.532,bitget,A/USDT:USDT,0.57587,107.0,0.57586,12.0,0.57595,109.0,0.57596,8946.0
1753591893559,04:51:33.559,binance,A/USDT:USDT,0.57562,902.0,0.5756,25.0,0.57563,72.0,0.57564,316.0
1753591893596,04:51:33.596,bybit,A/USDT:USDT,0.5758,472.0,0.5757,1797.0,0.5759,1589.0,0.576,1339.0
1753591893663,04:51:33.663,binance,A/USDT:USDT,0.57562,902.0,0.5756,25.0,0.57563,72.0,0.57564,316.0
1753591893682,04:51:33.682,bitget,A/USDT:USDT,0.57587,107.0,0.57586,12.0,0.57595,109.0,0.57596,8946.0
1753591893770,04:51:33.770,binance,A/USDT:USDT,0.57562,902.0,0.5756,25.0,0.57563,72.0,0.57564,316.0
1753591893832,04:51:33.832,bitget,A/USDT:USDT,0.57587,107.0,0.57586,12.0,0.57595,109.0,0.57596,8946.0
1753591893876,04:51:33.876,gateio,A/USDT:USDT,0.5758,44.0,0.5757,1993.0,0.5759,2.0,0.576,560.0
1753591893994,04:51:33.994,bybit,A/USDT:USDT,0.5758,472.0,0.5757,1786.0,0.5759,1589.0,0.576,1339.0
1753591893982,04:51:33.982,bitget,A/USDT:USDT,0.57587,107.0,0.57586,12.0,0.57595,109.0,0.57596,8946.0
1753591894118,04:51:34.118,gateio,A/USDT:USDT,0.5758,44.0,0.5757,1993.0,0.5759,2.0,0.576,560.0
1753591894282,04:51:34.282,bitget,A/USDT:USDT,0.57587,107.0,0.57586,12.0,0.57595,109.0,0.57596,8946.0
1753591894802,04:51:34.802,binance,A/USDT:USDT,0.57562,902.0,0.57561,78.0,0.57563,72.0,0.57564,316.0
1753591894907,04:51:34.907,binance,A/USDT:USDT,0.57562,902.0,0.5756,25.0,0.57563,72.0,0.57564,316.0
1753591894882,04:51:34.882,bitget,A/USDT:USDT,0.57587,107.0,0.57586,12.0,0.57595,109.0,0.57596,8946.0
1753591894995,04:51:34.995,bybit,A/USDT:USDT,0.5758,472.0,0.5757,1797.0,0.5759,1589.0,0.576,1339.0
1753591894920,04:51:34.920,gateio,A/USDT:USDT,0.5758,44.0,0.5757,1993.0,0.5759,2.0,0.576,560.0
1753591854095,04:50:54.095,blofin,A/USDT:USDT,0.57555,374.0,0.57553,222.0,0.57564,3.0,0.57565,367.0
1753591895032,04:51:35.032,bitget,A/USDT:USDT,0.57587,107.0,0.57586,12.0,0.57595,109.0,0.57596,8946.0
1753591895195,04:51:35.195,bybit,A/USDT:USDT,0.5758,472.0,0.5757,1797.0,0.5759,1589.0,0.576,1339.0
1753591895183,04:51:35.183,bitget,A/USDT:USDT,0.57587,107.0,0.57586,12.0,0.57595,109.0,0.57596,8946.0
1753591895295,04:51:35.295,bybit,A/USDT:USDT,0.5758,472.0,0.5757,1797.0,0.5759,1589.0,0.576,1339.0
1753591895402,04:51:35.402,binance,A/USDT:USDT,0.57562,902.0,0.57561,78.0,0.57563,72.0,0.57564,316.0
1753591895494,04:51:35.494,bybit,A/USDT:USDT,0.5758,472.0,0.5757,1797.0,0.5759,1589.0,0.576,1339.0
1753591895483,04:51:35.483,bitget,A/USDT:USDT,0.57587,107.0,0.57586,12.0,0.57595,109.0,0.57596,8946.0
1753591895513,04:51:35.513,gateio,A/USDT:USDT,0.5758,44.0,0.5757,1993.0,0.5759,2.0,0.576,560.0
1753591895609,04:51:35.609,binance,A/USDT:USDT,0.57562,902.0,0.57561,78.0,0.57563,72.0,0.57564,316.0
1753591896199,04:51:36.199,bybit,A/USDT:USDT,0.5758,472.0,0.5757,1769.0,0.5759,1589.0,0.576,1356.0
1753591896233,04:51:36.233,bitget,A/USDT:USDT,0.57586,12.0,0.57576,60.0,0.57595,109.0,0.57596,8946.0
1753591896984,04:51:36.984,bitget,A/USDT:USDT,0.57587,107.0,0.57586,12.0,0.57595,109.0,0.57596,8946.0
1753591897134,04:51:37.134,bitget,A/USDT:USDT,0.57587,107.0,0.57586,12.0,0.57595,109.0,0.57596,8946.0
1753591897676,04:51:37.676,binance,A/USDT:USDT,0.57562,916.0,0.57561,78.0,0.57563,72.0,0.57564,316.0
1753591892318,04:51:32.318,phemex,A/USDT:USDT,0.5755,542.0,0.5754,1396.0,0.5757,215.0,0.5758,676.0
1753591897734,04:51:37.734,bitget,A/USDT:USDT,0.57587,107.0,0.57586,12.0,0.57595,109.0,0.57596,8946.0
1753591897884,04:51:37.884,bitget,A/USDT:USDT,0.57587,107.0,0.57586,12.0,0.57595,109.0,0.57596,8946.0
1753591897902,04:51:37.902,binance,A/USDT:USDT,0.57562,916.0,0.57561,78.0,0.57563,72.0,0.57564,316.0
1753591897994,04:51:37.994,bybit,A/USDT:USDT,0.5758,472.0,0.5757,1797.0,0.5759,1589.0,0.576,1339.0
1753591898034,04:51:38.034,bitget,A/USDT:USDT,0.57587,107.0,0.57586,12.0,0.57595,109.0,0.57596,8946.0
1753591898095,04:51:38.095,bybit,A/USDT:USDT,0.5758,472.0,0.5757,1797.0,0.5759,1589.0,0.576,1339.0
1753591898184,04:51:38.184,bitget,A/USDT:USDT,0.57587,107.0,0.57586,12.0,0.57595,109.0,0.57596,8946.0
1753591898335,04:51:38.335,bitget,A/USDT:USDT,0.57587,107.0,0.57586,12.0,0.57595,109.0,0.57596,8946.0
1753591898502,04:51:38.502,binance,A/USDT:USDT,0.57562,916.0,0.57561,78.0,0.57563,72.0,0.57564,316.0
1753591898595,04:51:38.595,bybit,A/USDT:USDT,0.5758,489.0,0.5757,1797.0,0.5759,1599.0,0.576,1322.0
1753591898635,04:51:38.635,bitget,A/USDT:USDT,0.57587,107.0,0.57586,12.0,0.57595,109.0,0.57596,8946.0
1753591898694,04:51:38.694,bybit,A/USDT:USDT,0.5758,489.0,0.5757,1797.0,0.5759,1599.0,0.576,1322.0
1753591898785,04:51:38.785,bitget,A/USDT:USDT,0.57587,107.0,0.57586,12.0,0.57595,109.0,0.57596,8946.0
1753591898834,04:51:38.834,binance,A/USDT:USDT,0.57562,916.0,0.57561,78.0,0.57563,72.0,0.57564,316.0
1753591898935,04:51:38.935,bitget,A/USDT:USDT,0.57587,107.0,0.57586,12.0,0.57595,109.0,0.57596,8946.0
1753591899194,04:51:39.194,bybit,A/USDT:USDT,0.5758,489.0,0.5757,1797.0,0.5759,1599.0,0.576,1322.0
1753591899231,04:51:39.231,binance,A/USDT:USDT,0.57562,916.0,0.57561,78.0,0.57563,72.0,0.57564,316.0
1753591899385,04:51:39.385,bitget,A/USDT:USDT,0.57587,107.0,0.57586,12.0,0.57595,109.0,0.57596,8946.0
1753591899535,04:51:39.535,bitget,A/USDT:USDT,0.57587,107.0,0.57586,12.0,0.57595,109.0,0.57596,8946.0
1753591899595,04:51:39.595,bybit,A/USDT:USDT,0.5758,489.0,0.5757,1797.0,0.5759,1599.0,0.576,1322.0
1753591899574,04:51:39.574,gateio,A/USDT:USDT,0.5758,299.0,0.5757,1993.0,0.5759,2.0,0.576,560.0
1753591899661,04:51:39.661,binance,A/USDT:USDT,0.57562,916.0,0.57561,78.0,0.57563,72.0,0.57564,316.0
1753591899694,04:51:39.694,bybit,A/USDT:USDT,0.5758,489.0,0.5757,1797.0,0.5759,1599.0,0.576,1339.0
1753591899618,04:51:39.618,bitmex,A/USDT:USDT,0.4605,5300.0,0.4582,7200.0,0.6908,5400.0,0.6937,7200.0
1753591899766,04:51:39.766,binance,A/USDT:USDT,0.57562,916.0,0.57561,78.0,0.57563,72.0,0.57564,316.0
1753591899779,04:51:39.779,gateio,A/USDT:USDT,0.5758,299.0,0.5757,1993.0,0.5759,2.0,0.576,294.0
1753591899836,04:51:39.836,bitget,A/USDT:USDT,0.57587,107.0,0.57586,12.0,0.57595,108.0,0.57596,8946.0
1753591899896,04:51:39.896,bybit,A/USDT:USDT,0.5758,1147.0,0.5757,1797.0,0.5759,1599.0,0.576,1322.0
1753591899781,04:51:39.781,gateio,A/USDT:USDT,0.5758,299.0,0.5757,1993.0,0.5759,2.0,0.576,294.0
1753591899546,04:51:39.546,phemex,A/USDT:USDT,0.5756,212.0,0.5755,542.0,0.5757,215.0,0.5758,676.0
1753591899985,04:51:39.985,binance,A/USDT:USDT,0.57562,916.0,0.57561,78.0,0.57563,72.0,0.57564,316.0
1753591900094,04:51:40.094,bybit,A/USDT:USDT,0.5758,1147.0,0.5757,1797.0,0.5759,1599.0,0.576,1322.0
1753591900111,04:51:40.111,binance,A/USDT:USDT,0.57562,916.0,0.57561,78.0,0.57563,72.0,0.57564,316.0
1753591900136,04:51:40.136,bitget,A/USDT:USDT,0.57587,107.0,0.57586,12.0,0.57596,8946.0,0.57601,108.0
1753591900201,04:51:40.201,bybit,A/USDT:USDT,0.5758,1147.0,0.5757,1797.0,0.5759,1599.0,0.576,1339.0
1753591900294,04:51:40.294,bybit,A/USDT:USDT,0.5758,1147.0,0.5757,2197.0,0.5759,123.0,0.576,2761.0
1753591900270,04:51:40.270,binance,A/USDT:USDT,0.57562,916.0,0.57561,78.0,0.57563,72.0,0.57564,316.0
1753591900409,04:51:40.409,binance,A/USDT:USDT,0.57562,916.0,0.57561,78.0,0.57563,72.0,0.57564,316.0
1753591900436,04:51:40.436,bitget,A/USDT:USDT,0.57587,107.0,0.57586,12.0,0.57596,8946.0,0.57601,108.0
1753591900494,04:51:40.494,bybit,A/USDT:USDT,0.5758,1147.0,0.5757,2197.0,0.5759,123.0,0.576,1285.0
1753591900516,04:51:40.516,binance,A/USDT:USDT,0.57562,916.0,0.57561,78.0,0.57563,72.0,0.57564,316.0
1753591900595,04:51:40.595,bybit,A/USDT:USDT,0.5758,1147.0,0.5757,2197.0,0.5759,123.0,0.576,1274.0
1753591900586,04:51:40.586,bitget,A/USDT:USDT,0.57587,107.0,0.57586,12.0,0.57595,108.0,0.57596,8946.0
1753591900607,04:51:40.607,okx,A/USDT:USDT,0.5756,273.0,0.5755,254.0,0.5757,1280.0,0.5758,462.0
1753591900650,04:51:40.650,binance,A/USDT:USDT,0.57562,916.0,0.57561,78.0,0.57563,72.0,0.57564,316.0
1753591900694,04:51:40.694,bybit,A/USDT:USDT,0.5758,1164.0,0.5757,2197.0,0.5759,123.0,0.576,1274.0
1753591900736,04:51:40.736,bitget,A/USDT:USDT,0.57587,107.0,0.57586,12.0,0.57596,8946.0,0.57601,108.0
1753591900756,04:51:40.756,binance,A/USDT:USDT,0.57562,916.0,0.57561,78.0,0.57563,72.0,0.57564,316.0
1753591900794,04:51:40.794,bybit,A/USDT:USDT,0.5758,1164.0,0.5757,2197.0,0.5759,123.0,0.576,1274.0
1753591900886,04:51:40.886,bitget,A/USDT:USDT,0.57587,107.0,0.57586,12.0,0.57596,8946.0,0.57601,108.0
1753591900994,04:51:40.994,bybit,A/USDT:USDT,0.5758,1147.0,0.5757,2197.0,0.5759,123.0,0.576,1274.0
1753591901007,04:51:41.007,okx,A/USDT:USDT,0.5756,273.0,0.5755,254.0,0.5757,1280.0,0.5758,314.0
1753591901036,04:51:41.036,bitget,A/USDT:USDT,0.57587,107.0,0.57586,12.0,0.57596,8946.0,0.57601,108.0
1753591901111,04:51:41.111,binance,A/USDT:USDT,0.57562,916.0,0.5756,25.0,0.57563,72.0,0.57564,316.0
1753591901217,04:51:41.217,binance,A/USDT:USDT,0.57562,916.0,0.57561,78.0,0.57563,72.0,0.57564,316.0
1753591901294,04:51:41.294,bybit,A/USDT:USDT,0.5758,1147.0,0.5757,2197.0,0.5759,123.0,0.576,1274.0
1753591901331,04:51:41.331,huobi,A/USDT:USDT,0.5758,42.0,0.5757,289.0,0.5759,42.0,0.5761,56.0
1753591901349,04:51:41.349,huobi,A/USDT:USDT,0.5758,42.0,0.5757,289.0,0.5759,42.0,0.5761,56.0
1753591901394,04:51:41.394,bybit,A/USDT:USDT,0.5758,1130.0,0.5757,2197.0,0.5759,123.0,0.576,1274.0
1753591901494,04:51:41.494,bybit,A/USDT:USDT,0.5758,1130.0,0.5757,2197.0,0.5759,123.0,0.576,1274.0
1753591901487,04:51:41.487,bitget,A/USDT:USDT,0.57587,107.0,0.57586,12.0,0.57595,108.0,0.57596,8946.0
1753591901637,04:51:41.637,bitget,A/USDT:USDT,0.57587,107.0,0.57586,12.0,0.57595,108.0,0.57596,8946.0
1753591901694,04:51:41.694,bybit,A/USDT:USDT,0.5758,1130.0,0.5757,2186.0,0.5759,123.0,0.576,2778.0
1753591901691,04:51:41.691,binance,A/USDT:USDT,0.57562,916.0,0.57561,78.0,0.57563,72.0,0.57564,316.0
1753591901795,04:51:41.795,bybit,A/USDT:USDT,0.5758,1130.0,0.5757,2186.0,0.5759,123.0,0.576,2778.0
1753591901807,04:51:41.807,okx,A/USDT:USDT,0.5756,273.0,0.5755,254.0,0.5757,1280.0,0.5758,314.0
1753591901894,04:51:41.894,bybit,A/USDT:USDT,0.5758,1147.0,0.5757,2186.0,0.5759,123.0,0.576,2761.0
1753591901814,04:51:41.814,bitmex,A/USDT:USDT,0.4605,5300.0,0.4582,7200.0,0.6937,7200.0,1.0,1000.0
1753591901817,04:51:41.817,gateio,A/USDT:USDT,0.5758,299.0,0.5757,1993.0,0.5759,2.0,0.576,294.0
1753591901900,04:51:41.900,binance,A/USDT:USDT,0.57562,916.0,0.5756,25.0,0.57563,72.0,0.57564,316.0
1753591901863,04:51:41.863,bitmex,A/USDT:USDT,0.4582,7200.0,0.3316,29400.0,0.6937,7200.0,1.0,1000.0
1753591901937,04:51:41.937,bitget,A/USDT:USDT,0.57587,107.0,0.57586,12.0,0.57595,108.0,0.57596,8946.0
1753591901994,04:51:41.994,bybit,A/USDT:USDT,0.5758,1147.0,0.5757,2197.0,0.5759,123.0,0.576,2761.0
1753591902007,04:51:42.007,okx,A/USDT:USDT,0.5756,273.0,0.5755,254.0,0.5757,1280.0,0.5758,314.0
1753591901964,04:51:41.964,bitmex,A/USDT:USDT,0.4582,7200.0,0.3316,29400.0,0.6937,7200.0,0.9999,7200.0
1753591902013,04:51:42.013,bitmex,A/USDT:USDT,0.3317,7200.0,0.3316,29400.0,0.9999,7200.0,1.0,1000.0
1753591901997,04:51:41.997,gateio,A/USDT:USDT,0.5758,299.0,0.5757,1993.0,0.5759,2.0,0.576,294.0
1753591902111,04:51:42.111,binance,A/USDT:USDT,0.57562,916.0,0.5756,25.0,0.57563,72.0,0.57564,316.0
1753591902197,04:51:42.197,bybit,A/USDT:USDT,0.5758,1147.0,0.5757,2197.0,0.5759,123.0,0.576,2761.0
1753591902237,04:51:42.237,bitget,A/USDT:USDT,0.57587,107.0,0.57586,12.0,0.57596,8946.0,0.57601,108.0
1753591902195,04:51:42.195,bitmex,A/USDT:USDT,0.3317,7200.0,0.0001,100000000.0,0.9999,7200.0,1.0,1000.0
1753591902294,04:51:42.294,bybit,A/USDT:USDT,0.5758,1130.0,0.5757,2197.0,0.5759,123.0,0.576,2761.0
1753591902245,04:51:42.245,bitmex,A/USDT:USDT,0.0001,100000000.0,,,1.0,1000.0,9.9999,7200.0
1753591902394,04:51:42.394,bybit,A/USDT:USDT,0.5758,1130.0,0.5757,2197.0,0.5759,123.0,0.576,2761.0
1753591902407,04:51:42.407,okx,A/USDT:USDT,0.5756,273.0,0.5755,254.0,0.5757,1280.0,0.5758,314.0
1753591902402,04:51:42.402,binance,A/USDT:USDT,0.57562,916.0,0.5756,25.0,0.57563,72.0,0.57564,316.0
1753591902495,04:51:42.495,bybit,A/USDT:USDT,0.5758,1147.0,0.5757,2197.0,0.5759,123.0,0.576,2750.0
1753591902537,04:51:42.537,bitget,A/USDT:USDT,0.57587,107.0,0.57586,12.0,0.57596,8946.0,0.57601,108.0
1753591902607,04:51:42.607,okx,A/USDT:USDT,0.5756,273.0,0.5755,254.0,0.5757,1280.0,0.5758,314.0
1753591902687,04:51:42.687,bitget,A/USDT:USDT,0.57587,107.0,0.57586,12.0,0.57596,8946.0,0.57601,108.0
1753591902837,04:51:42.837,bitget,A/USDT:USDT,0.57587,107.0,0.57586,12.0,0.57596,8946.0,0.57601,108.0
1753591902859,04:51:42.859,binance,A/USDT:USDT,0.57562,916.0,0.5756,25.0,0.57563,72.0,0.57564,316.0
1753591902225,04:51:42.225,mexc,A/USDT:USDT,0.5756,18225.0,0.5755,20996,0.5757,21764.0,0.5758,35200
1753591902987,04:51:42.987,bitget,A/USDT:USDT,0.57587,107.0,0.57586,12.0,0.57596,8946.0,0.57601,108.0
1753591903007,04:51:43.007,okx,A/USDT:USDT,0.5756,273.0,0.5755,254.0,0.5757,1347.0,0.5758,247.0
1753591902819,04:51:42.819,mexc,A/USDT:USDT,0.5756,18225.0,0.5755,14905,0.5757,21764.0,0.5758,30257
1753591903094,04:51:43.094,bybit,A/USDT:USDT,0.5758,1130.0,0.5757,2169.0,0.5759,123.0,0.576,2778.0
1753591903138,04:51:43.138,bitget,A/USDT:USDT,0.57587,107.0,0.57586,12.0,0.57595,108.0,0.57601,108.0
1753591903195,04:51:43.195,bybit,A/USDT:USDT,0.5758,1130.0,0.5757,2169.0,0.5759,123.0,0.576,2778.0
1753591903221,04:51:43.221,mexc,A/USDT:USDT,0.5756,18225.0,0.5755,14905,0.5757,21764.0,0.5758,24940
1753591903294,04:51:43.294,bybit,A/USDT:USDT,0.5758,1147.0,0.5757,2197.0,0.5759,123.0,0.576,2750.0
1753591903288,04:51:43.288,bitget,A/USDT:USDT,0.57587,107.0,0.57586,12.0,0.57598,8944.0,0.57601,108.0
1753591903302,04:51:43.302,binance,A/USDT:USDT,0.57562,916.0,0.5756,25.0,0.57563,72.0,0.57564,316.0
1753591903395,04:51:43.395,bybit,A/USDT:USDT,0.5758,1147.0,0.5757,2197.0,0.5759,123.0,0.576,2750.0
1753591903319,04:51:43.319,mexc,A/USDT:USDT,0.5756,18225.0,0.5755,21924,0.5757,21764.0,0.5758,24940
1753591903438,04:51:43.438,bitget,A/USDT:USDT,0.57587,107.0,0.57586,12.0,0.57595,108.0,0.57598,8944.0
1753591903588,04:51:43.588,bitget,A/USDT:USDT,0.57587,107.0,0.57586,12.0,0.57598,8944.0,0.57601,108.0
1753591903722,04:51:43.722,mexc,A/USDT:USDT,0.5756,18225.0,0.5755,21924,0.5757,21764.0,0.5758,24940
1753591855095,04:50:55.095,blofin,A/USDT:USDT,0.57555,372.0,0.5755,119.0,0.57564,367.0,0.57565,4.0
1753591903888,04:51:43.888,bitget,A/USDT:USDT,0.57587,107.0,0.57586,12.0,0.57595,108.0,0.57598,8944.0
1753591903862,04:51:43.862,mexc,A/USDT:USDT,0.5756,18225.0,0.5755,14905,0.5757,21764.0,0.5758,28027
1753591903936,04:51:43.936,binance,A/USDT:USDT,0.57562,1009.0,0.5756,103.0,0.57563,72.0,0.57564,316.0
1753591904040,04:51:44.040,binance,A/USDT:USDT,0.57562,1009.0,0.5756,103.0,0.57563,72.0,0.57564,316.0
1753591904038,04:51:44.038,bitget,A/USDT:USDT,0.57587,107.0,0.57586,12.0,0.57595,108.0,0.57598,8944.0
1753591904118,04:51:44.118,mexc,A/USDT:USDT,0.5756,34149,0.5755,14905,0.5757,22031,0.5758,23701
1753591904144,04:51:44.144,binance,A/USDT:USDT,0.57562,1009.0,0.5756,103.0,0.57563,72.0,0.57564,316.0
1753591904188,04:51:44.188,bitget,A/USDT:USDT,0.57587,107.0,0.57586,12.0,0.57595,108.0,0.57598,8944.0
1753591904207,04:51:44.207,okx,A/USDT:USDT,0.5756,273.0,0.5755,254.0,0.5757,1280.0,0.5758,303.0
1753591904320,04:51:44.320,mexc,A/USDT:USDT,0.5756,15924,0.5755,18903,0.5757,22031,0.5758,23701
1753591904338,04:51:44.338,bitget,A/USDT:USDT,0.57587,107.0,0.57586,12.0,0.57595,108.0,0.57598,8944.0
1753591904495,04:51:44.495,bybit,A/USDT:USDT,0.5758,1147.0,0.5757,2197.0,0.5759,123.0,0.576,2750.0
1753591904488,04:51:44.488,bitget,A/USDT:USDT,0.57587,107.0,0.57586,12.0,0.57595,108.0,0.57598,8944.0
1753591904607,04:51:44.607,okx,A/USDT:USDT,0.5756,273.0,0.5755,254.0,0.5757,1280.0,0.5758,303.0
1753591904639,04:51:44.639,bitget,A/USDT:USDT,0.57587,107.0,0.57586,12.0,0.57595,108.0,0.57598,8944.0
1753591904671,04:51:44.671,binance,A/USDT:USDT,0.57562,1009.0,0.5756,103.0,0.57563,72.0,0.57564,316.0
1753591904724,04:51:44.724,mexc,A/USDT:USDT,0.5756,15924,0.5755,18903,0.5757,22031,0.5758,23701
1753591904867,04:51:44.867,mexc,A/USDT:USDT,0.5756,15924,0.5755,18903,0.5757,22031,0.5758,31453
1753591905089,04:51:45.089,bitget,A/USDT:USDT,0.57587,107.0,0.57586,12.0,0.57595,108.0,0.57598,8944.0
1753591905111,04:51:45.111,binance,A/USDT:USDT,0.57562,1009.0,0.5756,103.0,0.57563,72.0,0.57564,316.0
1753591905195,04:51:45.195,bybit,A/USDT:USDT,0.5758,1130.0,0.5757,2186.0,0.5759,123.0,0.576,2750.0
1753591905223,04:51:45.223,mexc,A/USDT:USDT,0.5756,15924,0.5755,18903,0.5757,22031,0.5758,31453
1753591905226,04:51:45.226,binance,A/USDT:USDT,0.57562,1009.0,0.5756,103.0,0.57563,72.0,0.57564,316.0
1753591905294,04:51:45.294,bybit,A/USDT:USDT,0.5758,1130.0,0.5757,2186.0,0.5759,123.0,0.576,2761.0
1753591905407,04:51:45.407,okx,A/USDT:USDT,0.5756,273.0,0.5755,254.0,0.5757,1346.0,0.5758,247.0
1753591905321,04:51:45.321,mexc,A/USDT:USDT,0.5756,15924,0.5755,18903,0.5757,22031,0.5758,23701
1753591905427,04:51:45.427,bitmex,A/USDT:USDT,0.0001,100000000.0,,,0.6908,5200.0,1.0,1000.0
1753591905507,04:51:45.507,okx,A/USDT:USDT,0.5756,273.0,0.5755,254.0,0.5757,1280.0,0.5758,247.0
1753591905476,04:51:45.476,bitmex,A/USDT:USDT,0.4605,5500.0,0.4552,10800.0,0.6908,5200.0,0.7146,13700.0
1753591905539,04:51:45.539,bitget,A/USDT:USDT,0.57587,107.0,0.57586,12.0,0.57595,108.0,0.57598,8944.0
1753591905694,04:51:45.694,bybit,A/USDT:USDT,0.5758,1130.0,0.5757,2197.0,0.5759,123.0,0.576,2778.0
1753591905689,04:51:45.689,bitget,A/USDT:USDT,0.57587,107.0,0.57586,12.0,0.57595,108.0,0.57598,8944.0
1753591905724,04:51:45.724,mexc,A/USDT:USDT,0.5756,15924,0.5755,18903,0.5757,22031,0.5758,23701
1753591905807,04:51:45.807,okx,A/USDT:USDT,0.5756,273.0,0.5755,254.0,0.5757,1346.0,0.5758,247.0
1753591905808,04:51:45.808,binance,A/USDT:USDT,0.57562,931.0,0.5756,25.0,0.57563,72.0,0.57564,316.0
1753591905822,04:51:45.822,mexc,A/USDT:USDT,0.5756,15924,0.5755,18903,0.5757,22031,0.5758,32744
1753591905890,04:51:45.890,gateio,A/USDT:USDT,0.5758,299.0,0.5757,1993.0,0.5759,2.0,0.576,294.0
1753591905989,04:51:45.989,bitget,A/USDT:USDT,0.57587,107.0,0.57586,12.0,0.57595,108.0,0.57598,8944.0
1753591906111,04:51:46.111,binance,A/USDT:USDT,0.57562,931.0,0.5756,25.0,0.57563,72.0,0.57564,316.0
1753591906139,04:51:46.139,bitget,A/USDT:USDT,0.57587,107.0,0.57586,12.0,0.57595,108.0,0.57598,8944.0
1753591906197,04:51:46.197,bybit,A/USDT:USDT,0.5758,1130.0,0.5757,2197.0,0.5759,123.0,0.576,2778.0
1753591906227,04:51:46.227,mexc,A/USDT:USDT,0.5756,15924,0.5755,18903,0.5757,22031,0.5758,32744
1753591906258,04:51:46.258,binance,A/USDT:USDT,0.57562,931.0,0.57561,78.0,0.57563,47.0,0.57564,316.0
1753591906294,04:51:46.294,bybit,A/USDT:USDT,0.5758,1130.0,0.5757,2197.0,0.5759,123.0,0.576,2778.0
1753591906289,04:51:46.289,bitget,A/USDT:USDT,0.57587,107.0,0.57586,12.0,0.57595,108.0,0.57598,8944.0
1753591906363,04:51:46.363,gateio,A/USDT:USDT,0.5758,299.0,0.5757,1993.0,0.5759,2.0,0.576,294.0
1753591906322,04:51:46.322,mexc,A/USDT:USDT,0.5756,15924,0.5755,18903,0.5757,22031,0.5758,23701
1753591906440,04:51:46.440,bitget,A/USDT:USDT,0.57587,107.0,0.57586,12.0,0.57595,108.0,0.57598,8944.0
1753591906507,04:51:46.507,okx,A/USDT:USDT,0.5756,273.0,0.5755,254.0,0.5757,1351.0,0.5758,247.0
1753591906594,04:51:46.594,bybit,A/USDT:USDT,0.5758,1130.0,0.5757,2197.0,0.5759,123.0,0.576,2767.0
1753591906590,04:51:46.590,bitget,A/USDT:USDT,0.57587,107.0,0.57586,12.0,0.57595,108.0,0.57598,8944.0
1753591906694,04:51:46.694,bybit,A/USDT:USDT,0.5758,1130.0,0.5757,2197.0,0.5759,123.0,0.576,2767.0
1753591906639,04:51:46.639,bitmex,A/USDT:USDT,0.4605,12700.0,0.4552,10800.0,0.6908,5200.0,0.7146,13700.0
1753591906740,04:51:46.740,bitget,A/USDT:USDT,0.57587,107.0,0.57586,12.0,0.57595,108.0,0.57598,8944.0
1753591906728,04:51:46.728,mexc,A/USDT:USDT,0.5756,15924,0.5755,18903,0.5757,22031,0.5758,23701
1753591906794,04:51:46.794,bybit,A/USDT:USDT,0.5758,1130.0,0.5757,2197.0,0.5759,123.0,0.576,2767.0
1753591906781,04:51:46.781,binance,A/USDT:USDT,0.57562,931.0,0.5756,25.0,0.57563,47.0,0.57564,316.0
1753591906890,04:51:46.890,bitget,A/USDT:USDT,0.57587,107.0,0.57586,12.0,0.57595,108.0,0.57598,8944.0
1753591906822,04:51:46.822,mexc,A/USDT:USDT,0.5756,15924,0.5755,18903,0.5757,22031,0.5758,23701
1753591906996,04:51:46.996,bybit,A/USDT:USDT,0.5758,1130.0,0.5757,2197.0,0.5759,123.0,0.576,2767.0
1753591907040,04:51:47.040,bitget,A/USDT:USDT,0.57587,107.0,0.57586,12.0,0.57595,108.0,0.57598,8944.0
1753591907111,04:51:47.111,binance,A/USDT:USDT,0.57562,931.0,0.5756,25.0,0.57563,47.0,0.57564,316.0
1753591907207,04:51:47.207,okx,A/USDT:USDT,0.5756,272.0,0.5755,252.0,0.5757,1285.0,0.5758,309.0
1753591907190,04:51:47.190,bitget,A/USDT:USDT,0.57587,107.0,0.57586,12.0,0.57595,108.0,0.57598,8944.0
1753591907224,04:51:47.224,mexc,A/USDT:USDT,0.5756,15924,0.5755,18903,0.5757,22031,0.5758,23701
1753591907293,04:51:47.293,bybit,A/USDT:USDT,0.5758,1130.0,0.5757,2197.0,0.5759,123.0,0.576,2778.0
1753591907300,04:51:47.300,binance,A/USDT:USDT,0.57562,931.0,0.5756,25.0,0.57563,47.0,0.57564,316.0
1753591907340,04:51:47.340,bitget,A/USDT:USDT,0.57587,107.0,0.57586,12.0,0.57595,108.0,0.57598,8944.0
1753591907394,04:51:47.394,bybit,A/USDT:USDT,0.5758,1130.0,0.5757,2197.0,0.5759,123.0,0.576,2778.0
1753591907407,04:51:47.407,okx,A/USDT:USDT,0.5756,273.0,0.5755,253.0,0.5757,1285.0,0.5758,309.0
1753591907322,04:51:47.322,mexc,A/USDT:USDT,0.5756,15924,0.5755,24220,0.5757,22031,0.5758,30474
1753591907454,04:51:47.454,binance,A/USDT:USDT,0.57562,931.0,0.57561,78.0,0.57563,36.0,0.57564,316.0
1753591907494,04:51:47.494,bybit,A/USDT:USDT,0.5758,1130.0,0.5757,2197.0,0.5759,123.0,0.576,2767.0
1753591907490,04:51:47.490,bitget,A/USDT:USDT,0.57587,107.0,0.57586,12.0,0.57595,108.0,0.57598,8944.0
1753591907507,04:51:47.507,okx,A/USDT:USDT,0.5756,273.0,0.5755,253.0,0.5757,1285.0,0.5758,309.0
1753591907640,04:51:47.640,bitget,A/USDT:USDT,0.57587,107.0,0.57586,12.0,0.57595,108.0,0.57598,8944.0
1753591907603,04:51:47.603,bitmex,A/USDT:USDT,0.4605,12700.0,0.4552,10800.0,0.6908,5200.0,0.7146,13700.0
1753591907653,04:51:47.653,bitmex,A/USDT:USDT,0.4605,12700.0,0.4552,10800.0,0.6908,5200.0,0.7146,13700.0
1753591907781,04:51:47.781,mexc,A/USDT:USDT,0.5756,15924,0.5755,18903,0.5757,22031,0.5758,30474
1753591907790,04:51:47.790,bitget,A/USDT:USDT,0.57587,107.0,0.57586,12.0,0.57595,108.0,0.57598,8944.0
1753591907894,04:51:47.894,bybit,A/USDT:USDT,0.5758,1130.0,0.5757,2197.0,0.5759,123.0,0.576,2767.0
1753591907902,04:51:47.902,binance,A/USDT:USDT,0.57562,931.0,0.57561,78.0,0.57563,36.0,0.57564,316.0
1753591907941,04:51:47.941,bitget,A/USDT:USDT,0.57587,107.0,0.57586,12.0,0.57595,108.0,0.57598,8944.0
1753591907994,04:51:47.994,bybit,A/USDT:USDT,0.5758,1130.0,0.5757,2197.0,0.5759,123.0,0.576,2767.0
1753591907822,04:51:47.822,mexc,A/USDT:USDT,0.5756,15924,0.5755,26618,0.5757,22031,0.5758,23701
1753591908020,04:51:48.020,binance,A/USDT:USDT,0.57562,931.0,0.57561,78.0,0.57563,36.0,0.57564,316.0
1753591908091,04:51:48.091,bitget,A/USDT:USDT,0.57587,107.0,0.57586,12.0,0.57595,108.0,0.57598,8944.0
1753591908144,04:51:48.144,binance,A/USDT:USDT,0.57562,931.0,0.57561,78.0,0.57563,36.0,0.57564,316.0
1753591908225,04:51:48.225,mexc,A/USDT:USDT,0.5756,15924,0.5755,26618,0.5757,22031,0.5758,23701
1753591908241,04:51:48.241,bitget,A/USDT:USDT,0.57587,107.0,0.57586,12.0,0.57595,108.0,0.57598,8944.0
1753591908307,04:51:48.307,okx,A/USDT:USDT,0.5756,272.0,0.5755,253.0,0.5757,1285.0,0.5758,309.0
1753591908394,04:51:48.394,bybit,A/USDT:USDT,0.5758,1130.0,0.5757,2197.0,0.5759,123.0,0.576,2750.0
1753591908391,04:51:48.391,bitget,A/USDT:USDT,0.57587,107.0,0.57586,12.0,0.57595,108.0,0.57598,8944.0
1753591908322,04:51:48.322,mexc,A/USDT:USDT,0.5756,15924,0.5755,23335,0.5757,22031,0.5758,30193
1753591908495,04:51:48.495,bybit,A/USDT:USDT,0.5758,1130.0,0.5757,2197.0,0.5759,123.0,0.576,2750.0
1753591908480,04:51:48.480,binance,A/USDT:USDT,0.57562,931.0,0.57561,78.0,0.57563,36.0,0.57564,316.0
1753591908541,04:51:48.541,bitget,A/USDT:USDT,0.57587,107.0,0.57586,12.0,0.57595,108.0,0.57598,8944.0
1753591908594,04:51:48.594,bybit,A/USDT:USDT,0.5758,1130.0,0.5757,2197.0,0.5759,123.0,0.576,2750.0
1753591908691,04:51:48.691,bitget,A/USDT:USDT,0.57587,107.0,0.57586,12.0,0.57595,108.0,0.57598,8944.0
1753591908725,04:51:48.725,mexc,A/USDT:USDT,0.5756,15924,0.5755,23335,0.5757,22031,0.5758,30193
1753591908841,04:51:48.841,bitget,A/USDT:USDT,0.57587,107.0,0.57586,12.0,0.57595,108.0,0.57598,8944.0
1753591908823,04:51:48.823,mexc,A/USDT:USDT,0.5756,15924,0.5755,18903,0.5757,22031,0.5758,28769
1753591908994,04:51:48.994,bybit,A/USDT:USDT,0.5758,1130.0,0.5757,2197.0,0.5759,123.0,0.576,2750.0
1753591908991,04:51:48.991,bitget,A/USDT:USDT,0.57587,107.0,0.57586,12.0,0.57595,108.0,0.57598,8944.0
1753591909095,04:51:49.095,bybit,A/USDT:USDT,0.5758,1130.0,0.5757,2186.0,0.5759,123.0,0.576,2778.0
1753591909111,04:51:49.111,binance,A/USDT:USDT,0.57562,931.0,0.5756,25.0,0.57563,36.0,0.57564,316.0
1753591909141,04:51:49.141,bitget,A/USDT:USDT,0.57587,107.0,0.57586,12.0,0.57595,108.0,0.57598,8944.0
1753591909225,04:51:49.225,mexc,A/USDT:USDT,0.5756,15924,0.5755,18903,0.5757,22031,0.5758,28769
1753591909294,04:51:49.294,bybit,A/USDT:USDT,0.5758,1130.0,0.5757,2197.0,0.5759,123.0,0.576,2750.0
1753591909207,04:51:49.207,gateio,A/USDT:USDT,0.5758,299.0,0.5757,1993.0,0.5759,2.0,0.576,294.0
1753591909291,04:51:49.291,bitget,A/USDT:USDT,0.57587,107.0,0.57586,12.0,0.57595,108.0,0.57598,8944.0
1753591909323,04:51:49.323,mexc,A/USDT:USDT,0.5756,15924,0.5755,18903,0.5757,22031,0.5758,23701
1753591909442,04:51:49.442,bitget,A/USDT:USDT,0.57587,107.0,0.57586,12.0,0.57595,108.0,0.57598,8944.0
1753591909591,04:51:49.591,bitget,A/USDT:USDT,0.57587,107.0,0.57586,12.0,0.57595,108.0,0.57598,8944.0
1753591909602,04:51:49.602,binance,A/USDT:USDT,0.57562,931.0,0.5756,25.0,0.57563,36.0,0.57564,316.0
1753591909638,04:51:49.638,bitmex,A/USDT:USDT,0.4605,12700.0,0.4552,10800.0,0.6908,12400.0,0.7146,13700.0
1753591909718,04:51:49.718,binance,A/USDT:USDT,0.57562,931.0,0.5756,25.0,0.57563,36.0,0.57564,316.0
1753591909726,04:51:49.726,mexc,A/USDT:USDT,0.5756,15924,0.5755,18903,0.5757,22031,0.5758,23701
1753591909688,04:51:49.688,bitmex,A/USDT:USDT,0.4605,12700.0,0.4552,10800.0,0.6908,12400.0,0.7146,13700.0
1753591909742,04:51:49.742,bitget,A/USDT:USDT,0.57587,107.0,0.57586,12.0,0.57595,108.0,0.57598,8944.0
1753591909737,04:51:49.737,bitmex,A/USDT:USDT,0.4605,12700.0,0.4552,10800.0,0.6908,12400.0,0.7146,13700.0
1753591909892,04:51:49.892,bitget,A/USDT:USDT,0.57587,107.0,0.57586,12.0,0.57595,108.0,0.57598,8944.0
1753591909824,04:51:49.824,mexc,A/USDT:USDT,0.5756,15924,0.5755,21959,0.5757,22031,0.5758,23701
1753591910009,04:51:50.009,binance,A/USDT:USDT,0.57562,931.0,0.5756,25.0,0.57563,36.0,0.57564,316.0
1753591910042,04:51:50.042,bitget,A/USDT:USDT,0.57587,107.0,0.57586,12.0,0.57595,108.0,0.57598,8944.0
1753591910094,04:51:50.094,bybit,A/USDT:USDT,0.5758,1130.0,0.5757,2197.0,0.5759,123.0,0.576,2778.0
1753591910073,04:51:50.073,gateio,A/USDT:USDT,0.5758,299.0,0.5757,1993.0,0.5759,2.0,0.576,294.0
1753591910107,04:51:50.107,okx,A/USDT:USDT,0.5756,290.0,0.5755,253.0,0.5757,1349.0,0.5758,247.0
1753591910112,04:51:50.112,binance,A/USDT:USDT,0.57562,931.0,0.5756,25.0,0.57563,36.0,0.57564,316.0
1753591910194,04:51:50.194,bybit,A/USDT:USDT,0.5758,1130.0,0.5757,2197.0,0.5759,123.0,0.576,2778.0
1753591910192,04:51:50.192,bitget,A/USDT:USDT,0.57587,107.0,0.57586,12.0,0.57595,108.0,0.57598,8944.0
1753591910220,04:51:50.220,binance,A/USDT:USDT,0.57562,931.0,0.5756,25.0,0.57563,36.0,0.57564,316.0
1753591910124,04:51:50.124,mexc,A/USDT:USDT,0.5756,15468,0.5755,26221,0.5757,22653,0.5758,16493
1753591910282,04:51:50.282,gateio,A/USDT:USDT,0.5758,299.0,0.5757,1993.0,0.5759,2.0,0.576,294.0
1753591910492,04:51:50.492,bitget,A/USDT:USDT,0.57587,107.0,0.57586,12.0,0.57595,108.0,0.57598,8944.0
1753591910324,04:51:50.324,mexc,A/USDT:USDT,0.5756,15468,0.5755,26221,0.5757,22653,0.5758,16493
1753591910642,04:51:50.642,bitget,A/USDT:USDT,0.57587,107.0,0.57586,12.0,0.57595,108.0,0.57598,8944.0
1753591910702,04:51:50.702,binance,A/USDT:USDT,0.57562,931.0,0.5756,25.0,0.57563,36.0,0.57564,316.0
1753591910728,04:51:50.728,mexc,A/USDT:USDT,0.5756,15468,0.5755,26221,0.5757,22653,0.5758,16493
1753591910792,04:51:50.792,bitget,A/USDT:USDT,0.57587,107.0,0.57586,12.0,0.57595,108.0,0.57598,8944.0
1753591856096,04:50:56.096,blofin,A/USDT:USDT,0.57556,295.0,0.57552,272.0,0.57564,372.0,0.57566,240.0
1753591910873,04:51:50.873,mexc,A/USDT:USDT,0.5756,15468,0.5755,47957,0.5757,22653,0.5758,16493
1753591910942,04:51:50.942,bitget,A/USDT:USDT,0.57587,107.0,0.57586,12.0,0.57595,108.0,0.57598,8944.0
1753591911092,04:51:51.092,bitget,A/USDT:USDT,0.57587,107.0,0.57586,12.0,0.57595,108.0,0.57598,8944.0
1753591911111,04:51:51.111,binance,A/USDT:USDT,0.57562,931.0,0.5756,25.0,0.57563,36.0,0.57564,316.0
1753591911227,04:51:51.227,mexc,A/USDT:USDT,0.5756,15468,0.5755,47957,0.5757,22653,0.5758,16493
1753591911243,04:51:51.243,bitget,A/USDT:USDT,0.57586,12.0,0.57585,60.0,0.57595,108.0,0.57598,8944.0
1753591911300,04:51:51.300,binance,A/USDT:USDT,0.57562,931.0,0.5756,25.0,0.57563,36.0,0.57564,316.0
1753591911298,04:51:51.298,bitmex,A/USDT:USDT,0.4605,12700.0,0.4552,10800.0,0.6908,12400.0,0.7146,13700.0
1753591911393,04:51:51.393,bitget,A/USDT:USDT,0.57587,108.0,0.57586,12.0,0.57595,108.0,0.57598,8944.0
1753591911403,04:51:51.403,binance,A/USDT:USDT,0.57562,931.0,0.5756,25.0,0.57563,36.0,0.57564,316.0
1753591911357,04:51:51.357,bitmex,A/USDT:USDT,0.4605,12700.0,0.4552,10800.0,0.6908,12400.0,0.7146,13700.0
1753591911323,04:51:51.323,mexc,A/USDT:USDT,0.5756,15468,0.5755,44457,0.5757,22653,0.5758,22494
1753591911543,04:51:51.543,bitget,A/USDT:USDT,0.57587,108.0,0.57586,12.0,0.57595,108.0,0.57598,8944.0
1753591911662,04:51:51.662,phemex,A/USDT:USDT,0.5755,542.0,0.5754,1396.0,0.5757,215.0,0.5758,676.0
1753591911683,04:51:51.683,phemex,A/USDT:USDT,0.5755,542.0,0.5754,1396.0,0.5757,215.0,0.5758,676.0
1753591911637,04:51:51.637,gateio,A/USDT:USDT,0.5758,14.0,0.5757,1993.0,0.5759,2.0,0.576,294.0
1753591911713,04:51:51.713,binance,A/USDT:USDT,0.57562,931.0,0.5756,25.0,0.57563,250.0,0.57564,316.0
1753591911726,04:51:51.726,mexc,A/USDT:USDT,0.5756,15468,0.5755,38195,0.5757,22653,0.5758,22494
1753591911795,04:51:51.795,bybit,A/USDT:USDT,0.5758,333.0,0.5757,1752.0,0.5759,782.0,0.576,2851.0
1753591911807,04:51:51.807,okx,A/USDT:USDT,0.5756,213.0,0.5755,253.0,0.5757,1389.0,0.5758,247.0
1753591911772,04:51:51.772,gateio,A/USDT:USDT,0.5758,14.0,0.5757,1993.0,0.5759,267.0,0.576,294.0
1753591911834,04:51:51.834,binance,A/USDT:USDT,0.57562,931.0,0.5756,25.0,0.57563,36.0,0.57564,316.0
1753591911895,04:51:51.895,bybit,A/USDT:USDT,0.5758,333.0,0.5757,1769.0,0.5759,765.0,0.576,2851.0
1753591911844,04:51:51.844,gateio,A/USDT:USDT,0.5758,14.0,0.5757,1956.0,0.5759,2.0,0.576,294.0
1753591911825,04:51:51.825,mexc,A/USDT:USDT,0.5756,15468,0.5755,26221,0.5757,22653,0.5758,21632
1753591911935,04:51:51.935,binance,A/USDT:USDT,0.57562,931.0,0.5756,25.0,0.57563,36.0,0.57564,316.0
1753591912060,04:51:52.060,binance,A/USDT:USDT,0.57562,931.0,0.5756,25.0,0.57563,36.0,0.57564,316.0
1753591912096,04:51:52.096,bybit,A/USDT:USDT,0.5758,350.0,0.5757,1797.0,0.5759,123.0,0.576,2750.0
1753591912061,04:51:52.061,gateio,A/USDT:USDT,0.5758,44.0,0.5757,1993.0,0.5759,2.0,0.576,294.0
1753591912075,04:51:52.075,phemex,A/USDT:USDT,0.5756,214.0,0.5755,542.0,0.5757,215.0,0.5758,676.0
1753591912143,04:51:52.143,bitget,A/USDT:USDT,0.57587,108.0,0.57586,12.0,0.57595,108.0,0.57598,8944.0
1753591912194,04:51:52.194,bybit,A/USDT:USDT,0.5758,992.0,0.5757,2197.0,0.5759,123.0,0.576,2750.0
1753591912085,04:51:52.085,gateio,A/USDT:USDT,0.5758,309.0,0.5757,1993.0,0.5759,2.0,0.576,294.0
1753591912201,04:51:52.201,binance,A/USDT:USDT,0.57562,931.0,0.5756,25.0,0.57563,36.0,0.57564,316.0
1753591912226,04:51:52.226,mexc,A/USDT:USDT,0.5756,15468,0.5755,26221,0.5757,22653,0.5758,21632
1753591912394,04:51:52.394,bybit,A/USDT:USDT,0.5758,992.0,0.5757,2197.0,0.5759,123.0,0.576,2750.0
1753591912324,04:51:52.324,mexc,A/USDT:USDT,0.5756,15468,0.5755,28984,0.5757,22653,0.5758,21240
1753591912443,04:51:52.443,bitget,A/USDT:USDT,0.57587,108.0,0.57586,12.0,0.57595,108.0,0.57598,8944.0
1753591912494,04:51:52.494,bybit,A/USDT:USDT,0.5758,992.0,0.5757,2197.0,0.5759,123.0,0.576,2750.0
1753591912502,04:51:52.502,binance,A/USDT:USDT,0.57562,931.0,0.5756,25.0,0.57563,36.0,0.57564,316.0
1753591912593,04:51:52.593,bitget,A/USDT:USDT,0.57587,108.0,0.57586,12.0,0.57595,108.0,0.57598,8944.0
1753591912730,04:51:52.730,mexc,A/USDT:USDT,0.5756,15468,0.5755,28984,0.5757,22653,0.5758,21240
1753591912743,04:51:52.743,bitget,A/USDT:USDT,0.57587,108.0,0.57586,12.0,0.57595,108.0,0.57598,8944.0
1753591912807,04:51:52.807,okx,A/USDT:USDT,0.5756,290.0,0.5755,238.0,0.5757,1349.0,0.5758,247.0
1753591912894,04:51:52.894,bybit,A/USDT:USDT,0.5758,992.0,0.5757,2197.0,0.5759,123.0,0.576,2750.0
1753591912907,04:51:52.907,okx,A/USDT:USDT,0.5756,290.0,0.5755,254.0,0.5757,1349.0,0.5758,247.0
1753591912894,04:51:52.894,bitget,A/USDT:USDT,0.57587,108.0,0.57586,12.0,0.57595,108.0,0.57598,8944.0
1753591912824,04:51:52.824,mexc,A/USDT:USDT,0.5756,15468,0.5755,26221,0.5757,22653,0.5758,16493
1753591912994,04:51:52.994,bybit,A/USDT:USDT,0.5758,992.0,0.5757,2197.0,0.5759,123.0,0.576,2750.0
1753591913031,04:51:53.031,binance,A/USDT:USDT,0.57562,931.0,0.5756,25.0,0.57563,36.0,0.57564,316.0
1753591913044,04:51:53.044,bitget,A/USDT:USDT,0.57587,108.0,0.57586,12.0,0.57595,108.0,0.57598,8944.0
1753591913094,04:51:53.094,bybit,A/USDT:USDT,0.5758,1211.0,0.5757,2197.0,0.5759,123.0,0.576,2750.0
1753591913144,04:51:53.144,binance,A/USDT:USDT,0.57562,931.0,0.5756,25.0,0.57563,36.0,0.57564,316.0
1753591913227,04:51:53.227,mexc,A/USDT:USDT,0.5756,15468,0.5755,26221,0.5757,22653,0.5758,16493
1753591913294,04:51:53.294,bybit,A/USDT:USDT,0.5758,1194.0,0.5757,2186.0,0.5759,123.0,0.576,2795.0
1753591913307,04:51:53.307,okx,A/USDT:USDT,0.5756,260.0,0.5755,254.0,0.5757,1349.0,0.5758,247.0
1753591913344,04:51:53.344,bitget,A/USDT:USDT,0.57587,108.0,0.57586,12.0,0.57595,108.0,0.57598,8944.0
1753591913351,04:51:53.351,binance,A/USDT:USDT,0.57562,931.0,0.5756,25.0,0.57563,36.0,0.57564,316.0
1753591913386,04:51:53.386,huobi,A/USDT:USDT,0.5758,42.0,0.5757,289.0,0.5759,42.0,0.5761,56.0
1753591913405,04:51:53.405,huobi,A/USDT:USDT,0.5758,42.0,0.5757,289.0,0.5759,42.0,0.5761,56.0
1753591913325,04:51:53.325,mexc,A/USDT:USDT,0.5756,15468,0.5755,38336,0.5757,22653,0.5758,16493
1753591913494,04:51:53.494,bybit,A/USDT:USDT,0.5758,1194.0,0.5757,2186.0,0.5759,123.0,0.576,2795.0
1753591913410,04:51:53.410,gateio,A/USDT:USDT,0.5758,309.0,0.5757,1993.0,0.5759,2.0,0.576,294.0
1753591913494,04:51:53.494,bitget,A/USDT:USDT,0.57587,108.0,0.57586,12.0,0.57595,108.0,0.57598,8944.0
1753591913594,04:51:53.594,bybit,A/USDT:USDT,0.5758,1194.0,0.5757,2186.0,0.5759,123.0,0.576,2795.0
1753591913515,04:51:53.515,bitmex,A/USDT:USDT,0.4605,12700.0,0.4552,10800.0,0.6908,12400.0,0.7146,13700.0
1753591913602,04:51:53.602,binance,A/USDT:USDT,0.57562,931.0,0.5756,25.0,0.57563,36.0,0.57564,316.0
1753591913565,04:51:53.565,bitmex,A/USDT:USDT,0.4605,12700.0,0.4552,10800.0,0.6908,12400.0,0.7146,13700.0
1753591913644,04:51:53.644,bitget,A/USDT:USDT,0.57587,108.0,0.57586,12.0,0.57595,108.0,0.57598,8944.0
1753591913729,04:51:53.729,mexc,A/USDT:USDT,0.5756,15468,0.5755,38336,0.5757,22653,0.5758,16493
1753591913794,04:51:53.794,bitget,A/USDT:USDT,0.57587,108.0,0.57586,12.0,0.57595,108.0,0.57598,8944.0
1753591913835,04:51:53.835,mexc,A/USDT:USDT,0.5756,15468,0.5755,26221,0.5757,22653,0.5758,22177
1753591913994,04:51:53.994,bybit,A/USDT:USDT,0.5758,1194.0,0.5757,2186.0,0.5759,123.0,0.576,2795.0
1753591914004,04:51:54.004,binance,A/USDT:USDT,0.57562,931.0,0.5756,25.0,0.57563,36.0,0.57564,316.0
1753591914107,04:51:54.107,okx,A/USDT:USDT,0.5756,260.0,0.5755,254.0,0.5757,1349.0,0.5758,247.0
1753591914094,04:51:54.094,bitget,A/USDT:USDT,0.57587,108.0,0.57586,12.0,0.57595,108.0,0.57598,8944.0
1753591914111,04:51:54.111,binance,A/USDT:USDT,0.57562,931.0,0.5756,25.0,0.57563,36.0,0.57564,316.0
1753591914194,04:51:54.194,bybit,A/USDT:USDT,0.5758,1194.0,0.5757,2186.0,0.5759,123.0,0.576,2795.0
1753591914228,04:51:54.228,mexc,A/USDT:USDT,0.5756,15468,0.5755,26221,0.5757,22653,0.5758,16493
1753591914244,04:51:54.244,bitget,A/USDT:USDT,0.57587,108.0,0.57586,12.0,0.57595,108.0,0.57598,8944.0
1753591914294,04:51:54.294,bybit,A/USDT:USDT,0.5758,1194.0,0.5757,2197.0,0.5759,123.0,0.576,2795.0
1753591914275,04:51:54.275,binance,A/USDT:USDT,0.57562,931.0,0.5756,25.0,0.57563,36.0,0.57564,316.0
1753591914395,04:51:54.395,bitget,A/USDT:USDT,0.57587,108.0,0.57586,12.0,0.57595,108.0,0.57598,8944.0
1753591914326,04:51:54.326,mexc,A/USDT:USDT,0.5756,15468,0.5755,26221,0.5757,22653,0.5758,21499
1753591914545,04:51:54.545,bitget,A/USDT:USDT,0.57587,108.0,0.57586,12.0,0.57595,108.0,0.57598,8944.0
1753591914594,04:51:54.594,bybit,A/USDT:USDT,0.5758,1194.0,0.5757,2197.0,0.5759,123.0,0.576,2795.0
1753591914695,04:51:54.695,bitget,A/USDT:USDT,0.57587,108.0,0.57586,12.0,0.57595,108.0,0.57598,8944.0
1753591914728,04:51:54.728,mexc,A/USDT:USDT,0.5756,15468,0.5755,26221,0.5757,22653,0.5758,16493
1753591914810,04:51:54.810,binance,A/USDT:USDT,0.57562,931.0,0.5756,25.0,0.57563,250.0,0.57564,316.0
1753591914788,04:51:54.788,gateio,A/USDT:USDT,0.5758,14.0,0.5757,1993.0,0.5759,2.0,0.576,294.0
1753591914826,04:51:54.826,mexc,A/USDT:USDT,0.5756,15468,0.5755,35631,0.5757,22653,0.5758,16493
1753591914979,04:51:54.979,binance,A/USDT:USDT,0.57562,931.0,0.5756,25.0,0.57563,36.0,0.57564,316.0
1753591914995,04:51:54.995,bitget,A/USDT:USDT,0.57586,12.0,0.57585,60.0,0.57595,108.0,0.57598,8944.0
1753591915081,04:51:55.081,binance,A/USDT:USDT,0.57562,931.0,0.5756,25.0,0.57563,250.0,0.57564,316.0
1753591915145,04:51:55.145,bitget,A/USDT:USDT,0.57586,120.0,0.57585,60.0,0.57595,108.0,0.57598,8944.0
1753591915194,04:51:55.194,bybit,A/USDT:USDT,0.5758,1194.0,0.5757,2152.0,0.5759,123.0,0.576,2795.0
1753591915228,04:51:55.228,mexc,A/USDT:USDT,0.5756,15468,0.5755,35631,0.5757,22653,0.5758,16493
1753591915295,04:51:55.295,bitget,A/USDT:USDT,0.57587,108.0,0.57586,12.0,0.57595,108.0,0.57598,8944.0
1753591915404,04:51:55.404,binance,A/USDT:USDT,0.57562,931.0,0.5756,25.0,0.57563,250.0,0.57564,316.0
1753591915325,04:51:55.325,mexc,A/USDT:USDT,0.5756,15468,0.5755,35025,0.5757,22653,0.5758,16493
1753591915445,04:51:55.445,bitget,A/USDT:USDT,0.57587,108.0,0.57586,12.0,0.57595,108.0,0.57598,8944.0
1753591915494,04:51:55.494,bybit,A/USDT:USDT,0.5758,1194.0,0.5757,2180.0,0.5759,123.0,0.576,2784.0
1753591915507,04:51:55.507,okx,A/USDT:USDT,0.5756,250.0,0.5755,254.0,0.5757,1389.0,0.5758,247.0
1753591915535,04:51:55.535,bitmex,A/USDT:USDT,0.4605,12700.0,0.4552,10800.0,0.6908,12400.0,0.7146,13700.0
1753591915595,04:51:55.595,bitget,A/USDT:USDT,0.57587,108.0,0.57586,12.0,0.57595,108.0,0.57598,8944.0
1753591915585,04:51:55.585,bitmex,A/USDT:USDT,0.4605,12700.0,0.4552,10800.0,0.6908,12400.0,0.6943,10200.0
1753591915729,04:51:55.729,mexc,A/USDT:USDT,0.5756,15468,0.5755,35025,0.5757,22653,0.5758,16493
1753591915745,04:51:55.745,bitget,A/USDT:USDT,0.57587,108.0,0.57586,12.0,0.57595,108.0,0.57598,8944.0
1753591915895,04:51:55.895,bitget,A/USDT:USDT,0.57587,108.0,0.57586,12.0,0.57595,108.0,0.57598,8944.0
1753591915827,04:51:55.827,mexc,A/USDT:USDT,0.5756,15468,0.5755,26221,0.5757,22653,0.5758,19163
1753591916007,04:51:56.007,okx,A/USDT:USDT,0.5756,249.0,0.5755,254.0,0.5757,1389.0,0.5758,247.0
1753591916046,04:51:56.046,bitget,A/USDT:USDT,0.57587,108.0,0.57586,12.0,0.57595,108.0,0.57598,8944.0
1753591916111,04:51:56.111,binance,A/USDT:USDT,0.57562,931.0,0.5756,25.0,0.57563,250.0,0.57564,316.0
1753591916200,04:51:56.200,bybit,A/USDT:USDT,0.5758,1194.0,0.5757,2197.0,0.5759,123.0,0.576,2795.0
1753591916207,04:51:56.207,okx,A/USDT:USDT,0.5756,249.0,0.5755,254.0,0.5757,1440.0,0.5758,247.0
1753591916125,04:51:56.125,mexc,A/USDT:USDT,0.5756,24425,0.5755,17956,0.5757,21070,0.5758,24435
1753591916346,04:51:56.346,bitget,A/USDT:USDT,0.57587,108.0,0.57586,12.0,0.57595,108.0,0.57598,8944.0
1753591916394,04:51:56.394,bybit,A/USDT:USDT,0.5758,1194.0,0.5757,2163.0,0.5759,123.0,0.576,2795.0
1753591916291,04:51:56.291,gateio,A/USDT:USDT,0.5758,14.0,0.5757,1993.0,0.5759,2.0,0.576,294.0
1753591916494,04:51:56.494,bybit,A/USDT:USDT,0.5758,1194.0,0.5757,2197.0,0.5759,123.0,0.576,2767.0
1753591916453,04:51:56.453,gateio,A/USDT:USDT,0.5758,44.0,0.5757,1993.0,0.5759,2.0,0.576,294.0
1753591916494,04:51:56.494,binance,A/USDT:USDT,0.57562,3483.0,0.5756,25.0,0.57563,36.0,0.57564,316.0
1753591916496,04:51:56.496,bitget,A/USDT:USDT,0.57586,12.0,0.57585,60.0,0.57595,108.0,0.57598,8944.0
1753591916328,04:51:56.328,mexc,A/USDT:USDT,0.5756,24425,0.5755,17956,0.5757,21070,0.5758,24435
1753591916599,04:51:56.599,binance,A/USDT:USDT,0.57562,3483.0,0.5756,25.0,0.57563,36.0,0.57564,316.0
1753591916646,04:51:56.646,bitget,A/USDT:USDT,0.57587,108.0,0.57586,12.0,0.57595,108.0,0.57598,8944.0
1753591916730,04:51:56.730,mexc,A/USDT:USDT,0.5756,24425,0.5755,17956,0.5757,21070,0.5758,24435
1753591916794,04:51:56.794,bybit,A/USDT:USDT,0.5758,1194.0,0.5757,2197.0,0.5759,123.0,0.576,2784.0
1753591916796,04:51:56.796,bitget,A/USDT:USDT,0.57587,108.0,0.57586,12.0,0.57595,108.0,0.57598,8944.0
1753591916873,04:51:56.873,mexc,A/USDT:USDT,0.5756,24425,0.5755,17956,0.5757,21070,0.5758,24435
1753591916946,04:51:56.946,bitget,A/USDT:USDT,0.57587,108.0,0.57586,12.0,0.57595,108.0,0.57598,8944.0
1753591917096,04:51:57.096,bybit,A/USDT:USDT,0.5758,1194.0,0.5757,2197.0,0.5759,123.0,0.576,2767.0
1753591917096,04:51:57.096,bitget,A/USDT:USDT,0.57587,108.0,0.57586,12.0,0.57595,108.0,0.57598,8944.0
1753591917151,04:51:57.151,bitmex,A/USDT:USDT,0.4605,12700.0,0.4552,10800.0,0.6908,12400.0,0.6943,10200.0
1753591917206,04:51:57.206,binance,A/USDT:USDT,0.57562,3483.0,0.5756,25.0,0.57563,36.0,0.57564,316.0
1753591917232,04:51:57.232,mexc,A/USDT:USDT,0.5756,24425,0.5755,17956,0.5757,21070,0.5758,24435
1753591917200,04:51:57.200,bitmex,A/USDT:USDT,0.4605,12700.0,0.4552,10800.0,0.6908,12400.0,0.6943,10200.0
1753591917246,04:51:57.246,bitget,A/USDT:USDT,0.57587,108.0,0.57586,12.0,0.57595,108.0,0.57598,8944.0
1753591917396,04:51:57.396,bitget,A/USDT:USDT,0.57587,108.0,0.57586,12.0,0.57595,108.0,0.57598,8944.0
1753591917328,04:51:57.328,mexc,A/USDT:USDT,0.5756,24425,0.5755,22048,0.5757,21070,0.5758,24435
1753591917494,04:51:57.494,bybit,A/USDT:USDT,0.5758,1194.0,0.5757,2197.0,0.5759,123.0,0.576,2767.0
1753591917507,04:51:57.507,okx,A/USDT:USDT,0.5756,392.0,0.5755,254.0,0.5757,1411.0,0.5758,247.0
1753591917594,04:51:57.594,bybit,A/USDT:USDT,0.5758,1194.0,0.5757,2197.0,0.5759,123.0,0.576,2778.0
1753591917566,04:51:57.566,binance,A/USDT:USDT,0.57562,3483.0,0.5756,25.0,0.57563,36.0,0.57564,316.0
1753591917697,04:51:57.697,bitget,A/USDT:USDT,0.57587,108.0,0.57586,12.0,0.57595,108.0,0.57598,8944.0
1753591917730,04:51:57.730,mexc,A/USDT:USDT,0.5756,24425,0.5755,22048,0.5757,21070,0.5758,24435
1753591917794,04:51:57.794,bybit,A/USDT:USDT,0.5758,1194.0,0.5757,2197.0,0.5759,123.0,0.576,2795.0
1753591917847,04:51:57.847,bitget,A/USDT:USDT,0.57587,108.0,0.57586,12.0,0.57595,108.0,0.57598,8944.0
1753591917894,04:51:57.894,bybit,A/USDT:USDT,0.5758,1211.0,0.5757,2197.0,0.5759,123.0,0.576,2750.0
1753591917828,04:51:57.828,mexc,A/USDT:USDT,0.5756,24425,0.5755,17956,0.5757,21070,0.5758,32228
1753591917994,04:51:57.994,bybit,A/USDT:USDT,0.5758,1558.0,0.5757,2197.0,0.5759,123.0,0.576,2750.0
1753591917893,04:51:57.893,gateio,A/USDT:USDT,0.5758,44.0,0.5757,1993.0,0.5759,2.0,0.576,294.0
1753591918012,04:51:58.012,binance,A/USDT:USDT,0.57562,3483.0,0.5756,25.0,0.57563,36.0,0.57564,316.0
1753591918142,04:51:58.142,binance,A/USDT:USDT,0.57562,3483.0,0.5756,25.0,0.57563,36.0,0.57564,316.0
1753591918147,04:51:58.147,bitget,A/USDT:USDT,0.57587,108.0,0.57586,12.0,0.57595,108.0,0.57598,8944.0
1753591918201,04:51:58.201,bybit,A/USDT:USDT,0.5758,1194.0,0.5757,2188.0,0.5759,123.0,0.576,2795.0
1753591918230,04:51:58.230,mexc,A/USDT:USDT,0.5756,24425,0.5755,17956,0.5757,21070,0.5758,24435
1753591918297,04:51:58.297,bybit,A/USDT:USDT,0.5758,1194.0,0.5757,2188.0,0.5759,123.0,0.576,2778.0
1753591918307,04:51:58.307,okx,A/USDT:USDT,0.5756,393.0,0.5755,254.0,0.5757,1411.0,0.5758,247.0
1753591918329,04:51:58.329,mexc,A/USDT:USDT,0.5756,24425,0.5755,21996,0.5757,21070,0.5758,24435
1753591918495,04:51:58.495,bybit,A/USDT:USDT,0.5758,1194.0,0.5757,2188.0,0.5759,123.0,0.576,2795.0
1753591918597,04:51:58.597,bitget,A/USDT:USDT,0.57587,108.0,0.57586,12.0,0.57595,108.0,0.57598,8944.0
1753591918707,04:51:58.707,okx,A/USDT:USDT,0.5756,392.0,0.5755,254.0,0.5757,1411.0,0.5758,247.0
1753591918702,04:51:58.702,binance,A/USDT:USDT,0.57562,3483.0,0.5756,25.0,0.57563,36.0,0.57564,316.0
1753591918732,04:51:58.732,mexc,A/USDT:USDT,0.5756,24425,0.5755,17956,0.5757,21070,0.5758,24435
1753591918747,04:51:58.747,bitget,A/USDT:USDT,0.57587,108.0,0.57586,12.0,0.57595,108.0,0.57598,8944.0
1753591918794,04:51:58.794,bybit,A/USDT:USDT,0.5758,1194.0,0.5757,2188.0,0.5759,123.0,0.576,2795.0
1753591918894,04:51:58.894,bybit,A/USDT:USDT,0.5758,1194.0,0.5757,2188.0,0.5759,123.0,0.576,2795.0
1753591918828,04:51:58.828,mexc,A/USDT:USDT,0.5756,24425,0.5755,17956,0.5757,21070,0.5758,34079
1753591857097,04:50:57.097,blofin,A/USDT:USDT,0.57556,116.0,0.57555,513.0,0.57564,320.0,0.57565,2712.0
1753591919047,04:51:59.047,bitget,A/USDT:USDT,0.57587,108.0,0.57586,12.0,0.57595,108.0,0.57598,8944.0
1753591919111,04:51:59.111,binance,A/USDT:USDT,0.57562,3483.0,0.5756,25.0,0.57563,36.0,0.57564,316.0
1753591919194,04:51:59.194,bybit,A/USDT:USDT,0.5758,1194.0,0.5757,2188.0,0.5759,123.0,0.576,2750.0
1753591919198,04:51:59.198,bitget,A/USDT:USDT,0.57587,108.0,0.57586,12.0,0.57595,108.0,0.57598,8944.0
1753591919231,04:51:59.231,mexc,A/USDT:USDT,0.5756,24425,0.5755,17956,0.5757,21070,0.5758,34079
1753591919203,04:51:59.203,bitmex,A/USDT:USDT,0.4605,12700.0,0.4552,10800.0,0.6908,12400.0,0.6943,10200.0
1753591919295,04:51:59.295,bybit,A/USDT:USDT,0.5758,1194.0,0.5757,2188.0,0.5759,123.0,0.576,2767.0
1753591919253,04:51:59.253,bitmex,A/USDT:USDT,0.4605,12700.0,0.4552,10800.0,0.6908,12400.0,0.6943,10200.0
1753591919302,04:51:59.302,binance,A/USDT:USDT,0.57562,3483.0,0.5756,25.0,0.57563,36.0,0.57564,316.0
1753591919348,04:51:59.348,bitget,A/USDT:USDT,0.57587,111.0,0.57586,12.0,0.57595,108.0,0.57598,8944.0
1753591919394,04:51:59.394,bybit,A/USDT:USDT,0.5758,1194.0,0.5757,2188.0,0.5759,123.0,0.576,2795.0
1753591919407,04:51:59.407,okx,A/USDT:USDT,0.5756,323.0,0.5755,254.0,0.5757,1411.0,0.5758,247.0
1753591919407,04:51:59.407,binance,A/USDT:USDT,0.57562,3483.0,0.5756,25.0,0.57563,36.0,0.57564,316.0
1753591919329,04:51:59.329,mexc,A/USDT:USDT,0.5756,24425,0.5755,22981,0.5757,21070,0.5758,24435
1753591919494,04:51:59.494,bybit,A/USDT:USDT,0.5758,1211.0,0.5757,2188.0,0.5759,123.0,0.576,2750.0
1753591919498,04:51:59.498,bitget,A/USDT:USDT,0.57587,111.0,0.57586,12.0,0.57595,108.0,0.57598,8944.0
1753591919610,04:51:59.610,binance,A/USDT:USDT,0.57562,3483.0,0.5756,25.0,0.57563,36.0,0.57564,316.0
1753591919648,04:51:59.648,bitget,A/USDT:USDT,0.57587,111.0,0.57586,12.0,0.57595,108.0,0.57598,8944.0
1753591919715,04:51:59.715,binance,A/USDT:USDT,0.57562,3483.0,0.5756,25.0,0.57563,36.0,0.57564,316.0
1753591919730,04:51:59.730,mexc,A/USDT:USDT,0.5756,24425,0.5755,17956,0.5757,21070,0.5758,24435
1753591919798,04:51:59.798,bitget,A/USDT:USDT,0.57587,111.0,0.57586,12.0,0.57595,108.0,0.57598,8944.0
1753591919850,04:51:59.850,binance,A/USDT:USDT,0.57562,3483.0,0.5756,25.0,0.57563,36.0,0.57564,316.0
1753591919894,04:51:59.894,bybit,A/USDT:USDT,0.5758,1211.0,0.5757,2188.0,0.5759,123.0,0.576,2750.0
1753591919829,04:51:59.829,mexc,A/USDT:USDT,0.5756,24425,0.5755,20355,0.5757,21070,0.5758,24435
1753591919948,04:51:59.948,bitget,A/USDT:USDT,0.57587,111.0,0.57586,12.0,0.57595,108.0,0.57598,8944.0
1753591919996,04:51:59.996,bybit,A/USDT:USDT,0.5758,1211.0,0.5757,2188.0,0.5759,123.0,0.576,2761.0
1753591920007,04:52:00.007,okx,A/USDT:USDT,0.5756,425.0,0.5755,254.0,0.5757,1411.0,0.5758,179.0
1753591920095,04:52:00.095,bybit,A/USDT:USDT,0.5758,1194.0,0.5757,2188.0,0.5759,123.0,0.576,2778.0
1753591920098,04:52:00.098,bitget,A/USDT:USDT,0.57587,111.0,0.57586,12.0,0.57595,108.0,0.57598,8944.0
1753591920112,04:52:00.112,binance,A/USDT:USDT,0.57562,3483.0,0.5756,25.0,0.57563,36.0,0.57564,316.0
1753591920232,04:52:00.232,mexc,A/USDT:USDT,0.5756,24425,0.5755,20355,0.5757,21070,0.5758,24435
1753591920248,04:52:00.248,bitget,A/USDT:USDT,0.57587,111.0,0.57586,12.0,0.57595,108.0,0.57598,8944.0
1753591920307,04:52:00.307,okx,A/USDT:USDT,0.5756,425.0,0.5755,254.0,0.5757,1411.0,0.5758,179.0
1753591920361,04:52:00.361,binance,A/USDT:USDT,0.57562,3483.0,0.57561,78.0,0.57563,36.0,0.57564,316.0
1753591920398,04:52:00.398,bitget,A/USDT:USDT,0.57587,111.0,0.57586,12.0,0.57595,108.0,0.57598,8944.0
1753591920329,04:52:00.329,mexc,A/USDT:USDT,0.5756,24425,0.5755,26204,0.5757,21070,0.5758,29699
1753591920467,04:52:00.467,binance,A/USDT:USDT,0.57562,3483.0,0.57561,78.0,0.57563,36.0,0.57564,316.0
1753591920513,04:52:00.513,bybit,A/USDT:USDT,0.5758,1558.0,0.5757,2188.0,0.5759,123.0,0.576,2750.0
1753591920594,04:52:00.594,bybit,A/USDT:USDT,0.5758,1541.0,0.5757,2188.0,0.5759,123.0,0.576,2767.0
1753591920549,04:52:00.549,bitget,A/USDT:USDT,0.57588,111.0,0.57586,12.0,0.57595,108.0,0.57598,8944.0
1753591920607,04:52:00.607,okx,A/USDT:USDT,0.5756,281.0,0.5755,254.0,0.5757,1411.0,0.5758,179.0
1753591920694,04:52:00.694,bybit,A/USDT:USDT,0.5758,1541.0,0.5757,2188.0,0.5759,123.0,0.576,2750.0
1753591920707,04:52:00.707,okx,A/USDT:USDT,0.5756,414.0,0.5755,254.0,0.5757,1411.0,0.5758,179.0
1753591920699,04:52:00.699,bitget,A/USDT:USDT,0.57586,12.0,0.57585,60.0,0.57595,108.0,0.57598,8944.0
1753591920731,04:52:00.731,mexc,A/USDT:USDT,0.5756,24425,0.5755,26204,0.5757,21070,0.5758,24435
1753591920849,04:52:00.849,bitget,A/USDT:USDT,0.57586,123.0,0.57585,60.0,0.57595,108.0,0.57598,8944.0
1753591920894,04:52:00.894,bybit,A/USDT:USDT,0.5758,1558.0,0.5757,2188.0,0.5759,123.0,0.576,2750.0
1753591920829,04:52:00.829,mexc,A/USDT:USDT,0.5756,24425,0.5755,28832,0.5757,21070,0.5758,24435
1753591920994,04:52:00.994,bybit,A/USDT:USDT,0.5758,1558.0,0.5757,2188.0,0.5759,123.0,0.576,2750.0
1753591921094,04:52:01.094,bybit,A/USDT:USDT,0.5758,1558.0,0.5757,2188.0,0.5759,123.0,0.576,2750.0
1753591921111,04:52:01.111,binance,A/USDT:USDT,0.57562,3483.0,0.57561,78.0,0.57563,36.0,0.57564,316.0
1753591921149,04:52:01.149,bitget,A/USDT:USDT,0.57587,111.0,0.57586,12.0,0.57595,108.0,0.57598,8944.0
1753591921194,04:52:01.194,bybit,A/USDT:USDT,0.5758,1558.0,0.5757,2188.0,0.5759,123.0,0.576,2750.0
1753591921232,04:52:01.232,mexc,A/USDT:USDT,0.5756,24425,0.5755,25758,0.5757,21070,0.5758,24435
1753591921299,04:52:01.299,bitget,A/USDT:USDT,0.57587,111.0,0.57586,12.0,0.57595,108.0,0.57598,8944.0
1753591921330,04:52:01.330,mexc,A/USDT:USDT,0.5756,24425,0.5755,33841,0.5757,21070,0.5758,35390
1753591921449,04:52:01.449,bitget,A/USDT:USDT,0.57587,111.0,0.57586,12.0,0.57595,108.0,0.57598,8944.0
1753591921495,04:52:01.495,bybit,A/USDT:USDT,0.5758,1558.0,0.5757,2188.0,0.5759,123.0,0.576,2191.0
1753591921453,04:52:01.453,gateio,A/USDT:USDT,0.5758,307.0,0.5757,1993.0,0.5759,2.0,0.576,294.0
1753591921563,04:52:01.563,phemex,A/USDT:USDT,0.5756,214.0,0.5755,542.0,0.5758,676.0,0.5759,572.0
1753591921595,04:52:01.595,bybit,A/USDT:USDT,0.5758,1558.0,0.5757,2188.0,0.5759,123.0,0.576,2191.0
1753591921582,04:52:01.582,binance,A/USDT:USDT,0.57562,3483.0,0.57561,78.0,0.57563,36.0,0.57564,316.0
1753591921599,04:52:01.599,bitget,A/USDT:USDT,0.57587,111.0,0.57586,12.0,0.57598,8944.0,0.57604,60.0
1753591921666,04:52:01.666,phemex,A/USDT:USDT,0.5756,214.0,0.5755,542.0,0.5758,676.0,0.5759,572.0
1753591921626,04:52:01.626,bitmex,A/USDT:USDT,0.4605,12700.0,0.4552,10800.0,0.6908,12400.0,0.6943,10200.0
1753591921717,04:52:01.717,binance,A/USDT:USDT,0.57562,3483.0,0.57561,78.0,0.57563,36.0,0.57564,316.0
1753591921735,04:52:01.735,mexc,A/USDT:USDT,0.5756,24425,0.5755,33841,0.5757,21070,0.5758,35390
1753591921749,04:52:01.749,bitget,A/USDT:USDT,0.57587,111.0,0.57586,12.0,0.57597,111.0,0.57598,8944.0
1753591921784,04:52:01.784,phemex,A/USDT:USDT,0.5756,438.0,0.5755,681.0,0.5757,332.0,0.5758,372.0
1753591921777,04:52:01.777,gateio,A/USDT:USDT,0.5758,307.0,0.5757,1993.0,0.5759,2.0,0.5761,255.0
1753591921847,04:52:01.847,binance,A/USDT:USDT,0.57562,3493.0,0.57561,78.0,0.57564,191.0,0.57567,76.0
1753591921832,04:52:01.832,huobi,A/USDT:USDT,0.5758,42.0,0.5757,289.0,0.5761,56.0,0.5762,42.0
1753591921851,04:52:01.851,huobi,A/USDT:USDT,0.5758,42.0,0.5757,289.0,0.5761,42.0,0.5762,42.0
1753591921894,04:52:01.894,bybit,A/USDT:USDT,0.5759,1955.0,0.5758,2652.0,0.576,1500.0,0.5761,1061.0
1753591921901,04:52:01.901,phemex,A/USDT:USDT,0.5756,438.0,0.5755,681.0,0.5758,759.0,0.5759,213.0
1753591921876,04:52:01.876,huobi,A/USDT:USDT,0.5758,42.0,0.5757,289.0,0.5762,42.0,0.5763,16.0
1753591921876,04:52:01.876,gateio,A/USDT:USDT,0.5759,278.0,0.5758,314.0,0.5762,258.0,0.5763,629.0
1753591921932,04:52:01.932,phemex,A/USDT:USDT,0.5756,438.0,0.5755,681.0,0.5758,546.0,0.5759,213.0
1753591921924,04:52:01.924,huobi,A/USDT:USDT,0.5758,42.0,0.5757,289.0,0.5762,42.0,0.5763,16.0
1753591921925,04:52:01.925,huobi,A/USDT:USDT,0.5758,42.0,0.5757,289.0,0.5762,42.0,0.5765,103.0
1753591921829,04:52:01.829,mexc,A/USDT:USDT,0.5756,24425,0.5755,17956,0.5757,21070,0.5758,35195
1753591921989,04:52:01.989,phemex,A/USDT:USDT,0.5756,438.0,0.5755,681.0,0.5759,696.0,0.576,212.0
1753591921969,04:52:01.969,gateio,A/USDT:USDT,0.576,263.0,0.5759,1672.0,0.5763,256.0,0.5765,923.0
1753591921981,04:52:01.981,huobi,A/USDT:USDT,0.5758,42.0,0.5757,289.0,0.5762,42.0,0.5763,16.0
1753591921984,04:52:01.984,huobi,A/USDT:USDT,0.5758,42.0,0.5757,289.0,0.5762,42.0,0.5763,16.0
1753591922007,04:52:02.007,okx,A/USDT:USDT,0.5758,131.0,0.5757,391.0,0.5759,2.0,0.576,487.0
1753591922018,04:52:02.018,huobi,A/USDT:USDT,0.5758,289.0,0.5757,289.0,0.5762,42.0,0.5763,16.0
1753591922050,04:52:02.050,bitget,A/USDT:USDT,0.57587,111.0,0.57586,12.0,0.57615,111.0,0.57621,31256.0
1753591922095,04:52:02.095,bybit,A/USDT:USDT,0.5759,2637.0,0.5758,2305.0,0.576,1486.0,0.5761,24.0
1753591922020,04:52:02.020,bitmex,A/USDT:USDT,0.4605,12700.0,0.4552,10800.0,0.6908,5200.0,0.6942,7200.0
1753591922036,04:52:02.036,gateio,A/USDT:USDT,0.576,278.0,0.5759,1672.0,0.5763,256.0,0.5765,923.0
1753591922100,04:52:02.100,huobi,A/USDT:USDT,0.5759,43.0,0.5758,42.0,0.5762,42.0,0.5763,16.0
1753591922105,04:52:02.105,huobi,A/USDT:USDT,0.5759,290.0,0.5758,42.0,0.5762,42.0,0.5763,16.0
1753591922150,04:52:02.150,huobi,A/USDT:USDT,0.576,43.0,0.5759,290.0,0.5762,42.0,0.5763,16.0
1753591922200,04:52:02.200,bybit,A/USDT:USDT,0.5759,2984.0,0.5758,2086.0,0.576,1486.0,0.5761,10.0
1753591922167,04:52:02.167,gateio,A/USDT:USDT,0.576,263.0,0.5759,1672.0,0.5763,256.0,0.5765,923.0
1753591922178,04:52:02.178,huobi,A/USDT:USDT,0.576,43.0,0.5759,43.0,0.5762,42.0,0.5763,16.0
1753591922207,04:52:02.207,okx,A/USDT:USDT,0.5758,231.0,0.5757,325.0,0.5759,57.0,0.576,673.0
1753591922217,04:52:02.217,huobi,A/USDT:USDT,0.576,43.0,0.5759,43.0,0.5762,42.0,0.5763,16.0
1753591922251,04:52:02.251,huobi,A/USDT:USDT,0.576,43.0,0.5759,43.0,0.5762,42.0,0.5763,16.0
1753591922295,04:52:02.295,bybit,A/USDT:USDT,0.5759,2647.0,0.5758,2086.0,0.576,1486.0,0.5761,10.0
1753591922259,04:52:02.259,huobi,A/USDT:USDT,0.576,43.0,0.5759,43.0,0.5762,42.0,0.5763,16.0
1753591922266,04:52:02.266,binance,A/USDT:USDT,0.5758,17.0,0.57575,246.0,0.57586,29.0,0.57588,75.0
1753591922260,04:52:02.260,gateio,A/USDT:USDT,0.576,263.0,0.5759,1672.0,0.5763,256.0,0.5764,294.0
1753591922307,04:52:02.307,okx,A/USDT:USDT,0.5758,191.0,0.5757,354.0,0.5759,59.0,0.576,673.0
1753591922325,04:52:02.325,huobi,A/USDT:USDT,0.5759,43.0,0.5758,289.0,0.5762,42.0,0.5763,16.0
1753591922133,04:52:02.133,mexc,A/USDT:USDT,0.5758,20545,0.5757,26518,0.5759,18428,0.576,24073
1753591922350,04:52:02.350,bitget,A/USDT:USDT,0.57592,111.0,0.57586,12.0,0.57614,8942.0,0.57617,111.0
1753591922396,04:52:02.396,bybit,A/USDT:USDT,0.5759,2647.0,0.5758,2086.0,0.576,10.0,0.5761,1486.0
1753591922370,04:52:02.370,binance,A/USDT:USDT,0.5758,17.0,0.57575,246.0,0.57586,29.0,0.57588,75.0
1753591922302,04:52:02.302,gateio,A/USDT:USDT,0.5761,7.0,0.576,270.0,0.5763,256.0,0.5764,294.0
1753591922407,04:52:02.407,okx,A/USDT:USDT,0.5758,191.0,0.5757,354.0,0.5759,59.0,0.576,673.0
1753591922494,04:52:02.494,bybit,A/USDT:USDT,0.5759,2247.0,0.5758,2086.0,0.576,10.0,0.5761,1486.0
1753591922442,04:52:02.442,gateio,A/USDT:USDT,0.5761,7.0,0.576,7.0,0.5763,256.0,0.5764,294.0
1753591922499,04:52:02.499,binance,A/USDT:USDT,0.5758,17.0,0.57575,190.0,0.57586,29.0,0.57588,75.0
1753591922500,04:52:02.500,bitget,A/USDT:USDT,0.57592,111.0,0.57586,12.0,0.57614,8942.0,0.57621,31256.0
1753591922012,04:52:02.012,phemex,A/USDT:USDT,0.5757,220.0,0.5756,438.0,0.5759,696.0,0.576,212.0
1753591922048,04:52:02.048,phemex,A/USDT:USDT,0.5757,220.0,0.5756,438.0,0.5759,696.0,0.576,212.0
1753591922337,04:52:02.337,mexc,A/USDT:USDT,0.5758,20545,0.5757,29635,0.5759,18428,0.576,24073
1753591922108,04:52:02.108,phemex,A/USDT:USDT,0.5757,220.0,0.5756,438.0,0.5759,483.0,0.576,212.0
1753591922294,04:52:02.294,phemex,A/USDT:USDT,0.5757,220.0,0.5756,438.0,0.5759,483.0,0.576,212.0
1753591922513,04:52:02.513,gateio,A/USDT:USDT,0.576,14.0,0.5759,1672.0,0.5763,256.0,0.5764,294.0
1753591922607,04:52:02.607,okx,A/USDT:USDT,0.5758,209.0,0.5757,325.0,0.5759,59.0,0.576,702.0
1753591922613,04:52:02.613,binance,A/USDT:USDT,0.5758,17.0,0.57575,190.0,0.57586,29.0,0.57588,75.0
1753591922650,04:52:02.650,bitget,A/USDT:USDT,0.57592,111.0,0.57586,12.0,0.57612,111.0,0.57614,8942.0
1753591922670,04:52:02.670,huobi,A/USDT:USDT,0.5759,43.0,0.5758,289.0,0.5762,42.0,0.5763,16.0
1753591922621,04:52:02.621,gateio,A/USDT:USDT,0.576,14.0,0.5759,1672.0,0.5763,256.0,0.5764,294.0
1753591922677,04:52:02.677,huobi,A/USDT:USDT,0.5759,43.0,0.5758,289.0,0.5762,42.0,0.5763,16.0
1753591922707,04:52:02.707,okx,A/USDT:USDT,0.5758,221.0,0.5757,325.0,0.5759,59.0,0.576,702.0
1753591922737,04:52:02.737,mexc,A/USDT:USDT,0.5758,20545,0.5757,26518,0.5759,18428,0.576,24073
1753591922754,04:52:02.754,binance,A/USDT:USDT,0.5758,17.0,0.57575,190.0,0.57586,29.0,0.57588,75.0
1753591922772,04:52:02.772,gateio,A/USDT:USDT,0.576,292.0,0.5759,1672.0,0.5763,256.0,0.5764,294.0
1753591922807,04:52:02.807,okx,A/USDT:USDT,0.5758,284.0,0.5757,325.0,0.5759,4.0,0.576,673.0
1753591922800,04:52:02.800,bitget,A/USDT:USDT,0.57592,111.0,0.57586,12.0,0.57612,111.0,0.57614,8942.0
1753591922854,04:52:02.854,phemex,A/USDT:USDT,0.5757,220.0,0.5756,438.0,0.5759,483.0,0.576,212.0
1753591922894,04:52:02.894,bybit,A/USDT:USDT,0.5759,4202.0,0.5758,2086.0,0.576,10.0,0.5761,10.0
1753591922886,04:52:02.886,phemex,A/USDT:USDT,0.5757,220.0,0.5756,438.0,0.5759,483.0,0.576,212.0
1753591922907,04:52:02.907,okx,A/USDT:USDT,0.5758,250.0,0.5757,222.0,0.5759,1.0,0.576,673.0
1753591922910,04:52:02.910,huobi,A/USDT:USDT,0.5759,43.0,0.5758,289.0,0.5762,42.0,0.5763,16.0
1753591922878,04:52:02.878,mexc,A/USDT:USDT,0.5758,20545,0.5757,36346,0.5759,18428,0.576,32583
1753591922950,04:52:02.950,bitget,A/USDT:USDT,0.57592,111.0,0.57586,12.0,0.57612,111.0,0.57614,8942.0
1753591922959,04:52:02.959,binance,A/USDT:USDT,0.5758,2520.0,0.57575,190.0,0.57586,29.0,0.57588,75.0
1753591922985,04:52:02.985,huobi,A/USDT:USDT,0.5759,43.0,0.5758,289.0,0.5762,42.0,0.5763,16.0
1753591923097,04:52:03.097,bybit,A/USDT:USDT,0.5759,5747.0,0.5758,2086.0,0.576,10.0,0.5761,10.0
1753591923064,04:52:03.064,binance,A/USDT:USDT,0.5758,2520.0,0.57575,190.0,0.57586,29.0,0.57588,75.0
1753591923065,04:52:03.065,gateio,A/USDT:USDT,0.576,292.0,0.5759,1672.0,0.5763,256.0,0.5764,294.0
1753591923195,04:52:03.195,bybit,A/USDT:USDT,0.5759,5747.0,0.5758,2086.0,0.576,10.0,0.5761,10.0
1753591923168,04:52:03.168,binance,A/USDT:USDT,0.5758,2520.0,0.57578,133.0,0.57586,29.0,0.57588,75.0
1753591923156,04:52:03.156,bitmex,A/USDT:USDT,0.4605,12700.0,0.4552,10800.0,0.691,5200.0,0.6942,7200.0
1753591923237,04:52:03.237,mexc,A/USDT:USDT,0.5758,20545,0.5757,36346,0.5759,18428,0.576,32583
1753591923206,04:52:03.206,bitmex,A/USDT:USDT,0.4606,5200.0,0.4605,7200.0,0.691,5200.0,0.6942,7200.0
1753591923252,04:52:03.252,huobi,A/USDT:USDT,0.5759,43.0,0.5758,289.0,0.5762,42.0,0.5765,42.0
1753591923294,04:52:03.294,bybit,A/USDT:USDT,0.5759,5747.0,0.5758,2086.0,0.576,10.0,0.5761,10.0
1753591923271,04:52:03.271,binance,A/USDT:USDT,0.5758,2520.0,0.57578,133.0,0.57586,29.0,0.57588,75.0
1753591923278,04:52:03.278,huobi,A/USDT:USDT,0.5759,43.0,0.5758,289.0,0.5765,289.0,0.5766,410.0
1753591923255,04:52:03.255,bitmex,A/USDT:USDT,0.4606,12400.0,0.4552,10800.0,0.691,5200.0,0.6942,7200.0
1753591923309,04:52:03.309,huobi,A/USDT:USDT,0.5759,43.0,0.5758,289.0,0.5763,43.0,0.5764,57.0
1753591923304,04:52:03.304,bitmex,A/USDT:USDT,0.4606,12400.0,0.4552,10800.0,0.691,5200.0,0.6942,7200.0
1753591923394,04:52:03.394,bybit,A/USDT:USDT,0.5759,5747.0,0.5758,2086.0,0.576,10.0,0.5761,10.0
1753591923373,04:52:03.373,binance,A/USDT:USDT,0.5758,2520.0,0.57578,133.0,0.57586,29.0,0.57588,75.0
1753591923400,04:52:03.400,bitget,A/USDT:USDT,0.57592,111.0,0.57586,12.0,0.57612,111.0,0.57615,8942.0
1753591923332,04:52:03.332,mexc,A/USDT:USDT,0.5758,20545,0.5757,38327,0.5759,18428,0.576,30222
1753591923550,04:52:03.550,bitget,A/USDT:USDT,0.57592,111.0,0.57586,12.0,0.57612,111.0,0.57615,8942.0
1753591923694,04:52:03.694,bybit,A/USDT:USDT,0.5759,5747.0,0.5758,2086.0,0.576,10.0,0.5761,10.0
1753591923735,04:52:03.735,mexc,A/USDT:USDT,0.5758,20545,0.5757,26518,0.5759,18428,0.576,30222
1753591923742,04:52:03.742,binance,A/USDT:USDT,0.5758,2520.0,0.57578,133.0,0.57586,29.0,0.57588,75.0
1753591923801,04:52:03.801,bybit,A/USDT:USDT,0.5759,5747.0,0.5758,2086.0,0.576,10.0,0.5761,1486.0
1753591923807,04:52:03.807,okx,A/USDT:USDT,0.5758,413.0,0.5757,196.0,0.5759,1.0,0.576,554.0
1753591923907,04:52:03.907,okx,A/USDT:USDT,0.5758,413.0,0.5757,197.0,0.5759,1.0,0.576,554.0
1753591923834,04:52:03.834,mexc,A/USDT:USDT,0.5758,20545,0.5757,34009,0.5759,18428,0.576,24073
1753591923953,04:52:03.953,binance,A/USDT:USDT,0.5758,2589.0,0.57578,133.0,0.57586,29.0,0.57588,75.0
1753591924007,04:52:04.007,okx,A/USDT:USDT,0.5758,413.0,0.5757,197.0,0.5759,1.0,0.576,554.0
1753591924001,04:52:04.001,bitget,A/USDT:USDT,0.57592,111.0,0.57586,12.0,0.57614,111.0,0.57615,8942.0
1753591924110,04:52:04.110,binance,A/USDT:USDT,0.5758,2589.0,0.57578,133.0,0.57586,29.0,0.57588,75.0
1753591924151,04:52:04.151,bitget,A/USDT:USDT,0.57592,111.0,0.57586,12.0,0.57614,111.0,0.57615,8942.0
1753591924198,04:52:04.198,bybit,A/USDT:USDT,0.5759,5747.0,0.5758,2086.0,0.576,10.0,0.5761,10.0
1753591924236,04:52:04.236,mexc,A/USDT:USDT,0.5758,20545,0.5757,34009,0.5759,18428,0.576,24073
1753591924294,04:52:04.294,bybit,A/USDT:USDT,0.5759,5747.0,0.5758,2086.0,0.576,10.0,0.5761,10.0
1753591924271,04:52:04.271,binance,A/USDT:USDT,0.5758,2589.0,0.57578,133.0,0.57586,29.0,0.57588,75.0
1753591924377,04:52:04.377,phemex,A/USDT:USDT,0.5757,220.0,0.5756,438.0,0.576,544.0,0.5761,214.0
1753591924347,04:52:04.347,huobi,A/USDT:USDT,0.5759,43.0,0.5758,289.0,0.5763,43.0,0.5764,57.0
1753591924394,04:52:04.394,bybit,A/USDT:USDT,0.576,2036.0,0.5759,1824.0,0.5761,10.0,0.5762,222.0
1753591924342,04:52:04.342,gateio,A/USDT:USDT,0.576,307.0,0.5759,1672.0,0.5763,256.0,0.5764,294.0
1753591924389,04:52:04.389,phemex,A/USDT:USDT,0.5757,220.0,0.5756,438.0,0.576,544.0,0.5761,214.0
1753591924407,04:52:04.407,okx,A/USDT:USDT,0.5758,413.0,0.5757,197.0,0.5759,1.0,0.576,421.0
1753591924410,04:52:04.410,binance,A/USDT:USDT,0.57583,51.0,0.57582,78.0,0.57588,16.0,0.57589,107.0
1753591924365,04:52:04.365,mexc,A/USDT:USDT,0.5758,20545,0.5757,26518,0.5759,18428,0.576,32500
1753591924451,04:52:04.451,bitget,A/USDT:USDT,0.57592,213.0,0.57586,12.0,0.57615,8942.0,0.57627,111.0
1753591924494,04:52:04.494,bybit,A/USDT:USDT,0.576,2036.0,0.5759,1820.0,0.5761,10.0,0.5762,869.0
1753591924382,04:52:04.382,gateio,A/USDT:USDT,0.576,307.0,0.5759,1672.0,0.5763,256.0,0.5764,294.0
1753591924520,04:52:04.520,binance,A/USDT:USDT,0.57583,51.0,0.57582,78.0,0.57588,16.0,0.57589,107.0
1753591924515,04:52:04.515,phemex,A/USDT:USDT,0.5757,220.0,0.5756,438.0,0.5759,220.0,0.576,544.0
1753591924594,04:52:04.594,bybit,A/USDT:USDT,0.576,2036.0,0.5759,1834.0,0.5761,10.0,0.5762,1508.0
1753591924542,04:52:04.542,gateio,A/USDT:USDT,0.576,307.0,0.5759,1672.0,0.5763,256.0,0.5764,294.0
1753591924601,04:52:04.601,bitget,A/USDT:USDT,0.57597,111.0,0.57592,102.0,0.57614,111.0,0.57615,8942.0
1753591924623,04:52:04.623,binance,A/USDT:USDT,0.57583,51.0,0.5758,2627.0,0.57588,16.0,0.57589,107.0
1753591924642,04:52:04.642,gateio,A/USDT:USDT,0.576,307.0,0.5759,1672.0,0.5763,256.0,0.5764,294.0
1753591924736,04:52:04.736,mexc,A/USDT:USDT,0.5758,20545,0.5757,26518,0.5759,18428,0.576,32500
1753591924738,04:52:04.738,binance,A/USDT:USDT,0.57583,51.0,0.5758,2627.0,0.57588,16.0,0.57589,107.0
1753591924751,04:52:04.751,bitget,A/USDT:USDT,0.57597,128.0,0.57594,41.0,0.57614,111.0,0.57615,8942.0
1753591924794,04:52:04.794,bybit,A/USDT:USDT,0.576,1664.0,0.5759,1819.0,0.5761,10.0,0.5762,1508.0
1753591924901,04:52:04.901,bitget,A/USDT:USDT,0.57602,111.0,0.57597,17.0,0.57614,111.0,0.57623,8942.0
1753591924833,04:52:04.833,mexc,A/USDT:USDT,0.5758,20545,0.5757,29804,0.5759,18428,0.576,24073
1753591925051,04:52:05.051,bitget,A/USDT:USDT,0.57602,111.0,0.57597,17.0,0.57614,111.0,0.57623,8942.0
1753591925096,04:52:05.096,bybit,A/USDT:USDT,0.576,1664.0,0.5759,1819.0,0.5761,10.0,0.5762,1508.0
1753591925111,04:52:05.111,binance,A/USDT:USDT,0.57583,51.0,0.5758,2627.0,0.57588,16.0,0.57589,107.0
1753591925194,04:52:05.194,bybit,A/USDT:USDT,0.576,1664.0,0.5759,1819.0,0.5761,10.0,0.5762,1508.0
1753591925201,04:52:05.201,bitget,A/USDT:USDT,0.57602,111.0,0.57597,17.0,0.57614,111.0,0.57623,8942.0
1753591925164,04:52:05.164,bitmex,A/USDT:USDT,0.4606,12400.0,0.4552,10800.0,0.6911,5200.0,0.6942,7200.0
1753591925235,04:52:05.235,mexc,A/USDT:USDT,0.5758,20545,0.5757,29804,0.5759,18428,0.576,24073
1753591925294,04:52:05.294,bybit,A/USDT:USDT,0.576,1664.0,0.5759,1819.0,0.5761,10.0,0.5762,1508.0
1753591925225,04:52:05.225,bitmex,A/USDT:USDT,0.4606,12400.0,0.4552,10800.0,0.6911,5200.0,0.6942,7200.0
1753591925290,04:52:05.290,binance,A/USDT:USDT,0.57583,51.0,0.5758,2627.0,0.57588,16.0,0.57589,107.0
1753591925274,04:52:05.274,bitmex,A/USDT:USDT,0.4606,12400.0,0.4552,10800.0,0.6911,5200.0,0.6942,7200.0
1753591925352,04:52:05.352,bitget,A/USDT:USDT,0.57602,111.0,0.57597,17.0,0.57614,111.0,0.57623,8942.0
1753591925394,04:52:05.394,bybit,A/USDT:USDT,0.576,1679.0,0.5759,1809.0,0.5761,1486.0,0.5762,1508.0
1753591925414,04:52:05.414,phemex,A/USDT:USDT,0.5757,220.0,0.5756,438.0,0.5759,220.0,0.576,544.0
1753591925333,04:52:05.333,mexc,A/USDT:USDT,0.5758,20545,0.5757,26518,0.5759,18428,0.576,24073
1753591925495,04:52:05.495,bybit,A/USDT:USDT,0.576,1679.0,0.5759,1809.0,0.5761,1486.0,0.5762,1545.0
1753591925507,04:52:05.507,okx,A/USDT:USDT,0.5758,383.0,0.5757,412.0,0.5759,1.0,0.576,546.0
1753591925502,04:52:05.502,bitget,A/USDT:USDT,0.57602,111.0,0.57597,17.0,0.57614,111.0,0.57623,8942.0
1753591925652,04:52:05.652,bitget,A/USDT:USDT,0.57602,111.0,0.57597,17.0,0.57614,111.0,0.57623,8942.0
1753591925694,04:52:05.694,bybit,A/USDT:USDT,0.576,1679.0,0.5759,1809.0,0.5761,10.0,0.5762,1545.0
1753591925736,04:52:05.736,mexc,A/USDT:USDT,0.5758,20545,0.5757,26518,0.5759,18428,0.576,24073
1753591925806,04:52:05.806,binance,A/USDT:USDT,0.57583,51.0,0.5758,2627.0,0.57588,16.0,0.57589,107.0
1753591925833,04:52:05.833,mexc,A/USDT:USDT,0.5758,20545,0.5757,39620,0.5759,18428,0.576,24073
1753591925952,04:52:05.952,bitget,A/USDT:USDT,0.57602,111.0,0.57597,17.0,0.57614,111.0,0.57623,8942.0
1753591925960,04:52:05.960,binance,A/USDT:USDT,0.57583,51.0,0.5758,2627.0,0.57588,16.0,0.57589,107.0
1753591925994,04:52:05.994,bybit,A/USDT:USDT,0.576,1679.0,0.5759,1809.0,0.5761,10.0,0.5762,1545.0
1753591926107,04:52:06.107,okx,A/USDT:USDT,0.5758,383.0,0.5757,412.0,0.5759,67.0,0.576,479.0
1753591926100,04:52:06.100,binance,A/USDT:USDT,0.57583,51.0,0.5758,2627.0,0.57588,16.0,0.57589,107.0
1753591926102,04:52:06.102,bitget,A/USDT:USDT,0.57602,111.0,0.57597,17.0,0.57614,111.0,0.57623,8942.0
1753591926231,04:52:06.231,binance,A/USDT:USDT,0.57583,51.0,0.5758,2627.0,0.57588,16.0,0.57589,107.0
1753591926235,04:52:06.235,mexc,A/USDT:USDT,0.5758,20545,0.5757,39620,0.5759,18428,0.576,24073
1753591926252,04:52:06.252,bitget,A/USDT:USDT,0.57602,111.0,0.57597,17.0,0.57614,111.0,0.57623,8942.0
1753591926278,04:52:06.278,gateio,A/USDT:USDT,0.576,292.0,0.5759,1672.0,0.5763,256.0,0.5764,294.0
1753591926307,04:52:06.307,okx,A/USDT:USDT,0.5758,354.0,0.5757,412.0,0.5759,67.0,0.576,479.0
1753591926394,04:52:06.394,bybit,A/USDT:USDT,0.576,1679.0,0.5759,1809.0,0.5761,10.0,0.5762,1545.0
1753591926377,04:52:06.377,binance,A/USDT:USDT,0.57583,51.0,0.5758,2627.0,0.57588,29.0,0.57589,107.0
1753591926407,04:52:06.407,okx,A/USDT:USDT,0.5758,354.0,0.5757,412.0,0.5759,67.0,0.576,479.0
1753591926402,04:52:06.402,bitget,A/USDT:USDT,0.57602,111.0,0.57597,17.0,0.57614,111.0,0.57623,8942.0
1753591926332,04:52:06.332,mexc,A/USDT:USDT,0.5758,20545,0.5757,29202,0.5759,18428,0.576,24073
1753591926494,04:52:06.494,bybit,A/USDT:USDT,0.576,1793.0,0.5759,1809.0,0.5761,10.0,0.5762,1508.0
1753591926424,04:52:06.424,gateio,A/USDT:USDT,0.576,307.0,0.5759,1672.0,0.5763,256.0,0.5764,294.0
1753591926507,04:52:06.507,okx,A/USDT:USDT,0.5758,383.0,0.5757,412.0,0.5759,67.0,0.576,479.0
1753591926517,04:52:06.517,binance,A/USDT:USDT,0.57583,89.0,0.5758,2627.0,0.57588,29.0,0.57589,107.0
1753591926552,04:52:06.552,bitget,A/USDT:USDT,0.57602,111.0,0.57597,17.0,0.57614,111.0,0.57623,8942.0
1753591926535,04:52:06.535,gateio,A/USDT:USDT,0.576,292.0,0.5759,1672.0,0.5763,256.0,0.5764,294.0
1753591926635,04:52:06.635,binance,A/USDT:USDT,0.57583,89.0,0.5758,2627.0,0.57588,169.0,0.57589,107.0
1753591926694,04:52:06.694,bybit,A/USDT:USDT,0.576,1679.0,0.5759,1809.0,0.5761,10.0,0.5762,1508.0
1753591926702,04:52:06.702,bitget,A/USDT:USDT,0.57602,111.0,0.57597,17.0,0.57614,111.0,0.57623,8942.0
1753591926736,04:52:06.736,mexc,A/USDT:USDT,0.5758,20545,0.5757,29202,0.5759,18428,0.576,24073
1753591926739,04:52:06.739,binance,A/USDT:USDT,0.57583,89.0,0.5758,2627.0,0.57588,169.0,0.57589,107.0
1753591858099,04:50:58.099,blofin,A/USDT:USDT,0.57556,164.0,0.57554,543.0,0.57561,10.0,0.57563,1045.0
1753591926842,04:52:06.842,binance,A/USDT:USDT,0.57583,89.0,0.5758,2627.0,0.57588,169.0,0.57589,107.0
1753591926852,04:52:06.852,bitget,A/USDT:USDT,0.57602,111.0,0.57597,17.0,0.57614,111.0,0.57623,8942.0
1753591926895,04:52:06.895,bybit,A/USDT:USDT,0.576,1679.0,0.5759,1809.0,0.5761,1486.0,0.5762,1557.0
1753591926832,04:52:06.832,mexc,A/USDT:USDT,0.5758,20545,0.5757,26518,0.5759,18428,0.576,24073
1753591926994,04:52:06.994,bybit,A/USDT:USDT,0.576,1679.0,0.5759,1809.0,0.5761,1486.0,0.5762,1557.0
1753591927003,04:52:07.003,bitget,A/USDT:USDT,0.57602,111.0,0.57597,17.0,0.57614,111.0,0.57623,8942.0
1753591927094,04:52:07.094,bybit,A/USDT:USDT,0.576,1662.0,0.5759,1809.0,0.5761,1486.0,0.5762,1557.0
1753591927111,04:52:07.111,binance,A/USDT:USDT,0.57583,89.0,0.5758,2627.0,0.57588,169.0,0.57589,107.0
1753591927153,04:52:07.153,bitget,A/USDT:USDT,0.57602,111.0,0.57597,17.0,0.57614,111.0,0.57623,8942.0
1753591927194,04:52:07.194,bybit,A/USDT:USDT,0.576,1679.0,0.5759,1809.0,0.5761,10.0,0.5762,1508.0
1753591927239,04:52:07.239,mexc,A/USDT:USDT,0.5758,20545,0.5757,26518,0.5759,18428,0.576,24073
1753591927394,04:52:07.394,bybit,A/USDT:USDT,0.576,1679.0,0.5759,1809.0,0.5761,10.0,0.5762,1508.0
1753591927335,04:52:07.335,mexc,A/USDT:USDT,0.5758,20545,0.5757,39352,0.5759,18428,0.576,24073
1753591927403,04:52:07.403,bitmex,A/USDT:USDT,0.4606,12400.0,0.4552,10800.0,0.6911,5200.0,0.6942,7200.0
1753591927453,04:52:07.453,bitget,A/USDT:USDT,0.57602,111.0,0.57597,17.0,0.57614,111.0,0.57623,8942.0
1753591927452,04:52:07.452,bitmex,A/USDT:USDT,0.4606,12400.0,0.4583,10600.0,0.6911,5200.0,0.6942,7200.0
1753591927542,04:52:07.542,gateio,A/USDT:USDT,0.576,292.0,0.5759,1672.0,0.5763,256.0,0.5764,294.0
1753591927603,04:52:07.603,bitget,A/USDT:USDT,0.57602,111.0,0.57597,17.0,0.57614,111.0,0.57623,8942.0
1753591927651,04:52:07.651,binance,A/USDT:USDT,0.57583,89.0,0.5758,2627.0,0.57588,169.0,0.57589,107.0
1753591927743,04:52:07.743,mexc,A/USDT:USDT,0.5758,20545,0.5757,39352,0.5759,18428,0.576,24073
1753591927753,04:52:07.753,bitget,A/USDT:USDT,0.57602,111.0,0.57597,17.0,0.57614,111.0,0.57623,8942.0
1753591927860,04:52:07.860,binance,A/USDT:USDT,0.57583,89.0,0.5758,2627.0,0.57588,169.0,0.57589,107.0
1753591927907,04:52:07.907,okx,A/USDT:USDT,0.5758,383.0,0.5757,412.0,0.5759,61.0,0.576,479.0
1753591927903,04:52:07.903,bitget,A/USDT:USDT,0.57602,111.0,0.57597,17.0,0.57614,111.0,0.57623,8942.0
1753591927835,04:52:07.835,mexc,A/USDT:USDT,0.5758,20545,0.5757,34291,0.5759,18428,0.576,24073
1753591927966,04:52:07.966,binance,A/USDT:USDT,0.57583,89.0,0.5758,2627.0,0.57588,169.0,0.57589,107.0
1753591928096,04:52:08.096,bybit,A/USDT:USDT,0.576,1679.0,0.5759,1809.0,0.5761,10.0,0.5762,1508.0
1753591928042,04:52:08.042,gateio,A/USDT:USDT,0.576,648.0,0.5759,2559.0,0.5763,256.0,0.5764,294.0
1753591928107,04:52:08.107,okx,A/USDT:USDT,0.5758,354.0,0.5757,412.0,0.5759,61.0,0.576,479.0
1753591928111,04:52:08.111,binance,A/USDT:USDT,0.57583,89.0,0.5758,2627.0,0.57588,169.0,0.57589,107.0
1753591928196,04:52:08.196,bybit,A/USDT:USDT,0.576,1679.0,0.5759,1809.0,0.5761,10.0,0.5762,1508.0
1753591928207,04:52:08.207,okx,A/USDT:USDT,0.5758,354.0,0.5757,412.0,0.5759,61.0,0.576,479.0
1753591928203,04:52:08.203,bitget,A/USDT:USDT,0.57602,111.0,0.57597,17.0,0.57614,111.0,0.57623,8942.0
1753591928294,04:52:08.294,bybit,A/USDT:USDT,0.576,1662.0,0.5759,1809.0,0.5761,1486.0,0.5762,1562.0
1753591928133,04:52:08.133,mexc,A/USDT:USDT,0.5758,18356,0.5757,16081,0.5759,17111,0.576,23145
1753591928353,04:52:08.353,bitget,A/USDT:USDT,0.57602,111.0,0.57597,17.0,0.57614,111.0,0.57623,8942.0
1753591928394,04:52:08.394,bybit,A/USDT:USDT,0.576,1662.0,0.5759,1809.0,0.5761,1486.0,0.5762,1562.0
1753591928402,04:52:08.402,binance,A/USDT:USDT,0.57583,89.0,0.5758,2627.0,0.57588,169.0,0.57589,107.0
1753591928504,04:52:08.504,bitget,A/USDT:USDT,0.57602,111.0,0.57597,17.0,0.57614,111.0,0.57623,8942.0
1753591928340,04:52:08.340,mexc,A/USDT:USDT,0.5758,18356,0.5757,16081,0.5759,17111,0.576,39261
1753591928694,04:52:08.694,bybit,A/USDT:USDT,0.576,1679.0,0.5759,1809.0,0.5761,1486.0,0.5762,1562.0
1753591928654,04:52:08.654,bitget,A/USDT:USDT,0.57602,111.0,0.57597,17.0,0.57614,111.0,0.57623,8942.0
1753591928707,04:52:08.707,okx,A/USDT:USDT,0.5758,383.0,0.5757,412.0,0.5759,4.0,0.576,479.0
1753591928794,04:52:08.794,bybit,A/USDT:USDT,0.576,1679.0,0.5759,1809.0,0.5761,1486.0,0.5762,1562.0
1753591928804,04:52:08.804,bitget,A/USDT:USDT,0.57602,111.0,0.57597,17.0,0.57614,111.0,0.57623,8942.0
1753591928834,04:52:08.834,mexc,A/USDT:USDT,0.5758,18356,0.5757,16081,0.5759,17111,0.576,31585
1753591928894,04:52:08.894,bybit,A/USDT:USDT,0.576,1679.0,0.5759,1809.0,0.5761,1486.0,0.5762,1562.0
1753591928960,04:52:08.960,binance,A/USDT:USDT,0.57583,89.0,0.57581,133.0,0.57588,169.0,0.57589,107.0
1753591928996,04:52:08.996,bybit,A/USDT:USDT,0.576,1679.0,0.5759,1809.0,0.5761,1486.0,0.5762,1562.0
1753591928926,04:52:08.926,bitmex,A/USDT:USDT,0.4606,12400.0,0.4583,10600.0,0.6911,5200.0,0.6942,7200.0
1753591929007,04:52:09.007,okx,A/USDT:USDT,0.5758,383.0,0.5757,412.0,0.5759,1.0,0.576,539.0
1753591928975,04:52:08.975,bitmex,A/USDT:USDT,0.4606,12400.0,0.4583,10600.0,0.6911,5200.0,0.6942,7200.0
1753591928913,04:52:08.913,mexc,A/USDT:USDT,0.5758,18356,0.5757,16081,0.5759,17111,0.576,31585
1753591929094,04:52:09.094,bybit,A/USDT:USDT,0.576,1679.0,0.5759,1792.0,0.5761,1486.0,0.5762,1562.0
1753591929065,04:52:09.065,binance,A/USDT:USDT,0.57583,89.0,0.57581,78.0,0.57588,169.0,0.57589,107.0
1753591929104,04:52:09.104,bitget,A/USDT:USDT,0.57602,111.0,0.57597,17.0,0.57614,108.0,0.57623,8942.0
1753591929196,04:52:09.196,bybit,A/USDT:USDT,0.576,1679.0,0.5759,1792.0,0.5761,1486.0,0.5762,1562.0
1753591929210,04:52:09.210,binance,A/USDT:USDT,0.57583,89.0,0.57581,211.0,0.57588,169.0,0.57589,107.0
1753591929237,04:52:09.237,mexc,A/USDT:USDT,0.5758,18356,0.5757,16081,0.5759,17111,0.576,23145
1753591929254,04:52:09.254,bitget,A/USDT:USDT,0.57602,111.0,0.57597,17.0,0.57614,108.0,0.57623,8942.0
1753591929294,04:52:09.294,bybit,A/USDT:USDT,0.576,1706.0,0.5759,1792.0,0.5761,1486.0,0.5762,1562.0
1753591929311,04:52:09.311,phemex,A/USDT:USDT,0.5758,516.0,0.5757,610.0,0.5759,220.0,0.576,544.0
1753591929373,04:52:09.373,binance,A/USDT:USDT,0.57583,137.0,0.57581,211.0,0.57588,169.0,0.57589,107.0
1753591929407,04:52:09.407,okx,A/USDT:USDT,0.5758,383.0,0.5757,412.0,0.5759,1.0,0.576,539.0
1753591929404,04:52:09.404,bitget,A/USDT:USDT,0.57602,111.0,0.57597,17.0,0.57614,108.0,0.57623,8942.0
1753591929336,04:52:09.336,mexc,A/USDT:USDT,0.5758,18356,0.5757,16081,0.5759,17111,0.576,23145
1753591929465,04:52:09.465,phemex,A/USDT:USDT,0.5758,516.0,0.5757,610.0,0.576,544.0,0.5761,214.0
1753591929480,04:52:09.480,binance,A/USDT:USDT,0.57583,137.0,0.57581,211.0,0.57588,169.0,0.57589,107.0
1753591929507,04:52:09.507,okx,A/USDT:USDT,0.5758,383.0,0.5757,429.0,0.5759,1.0,0.576,539.0
1753591929505,04:52:09.505,phemex,A/USDT:USDT,0.5758,516.0,0.5757,610.0,0.576,544.0,0.5761,214.0
1753591929554,04:52:09.554,bitget,A/USDT:USDT,0.57602,111.0,0.57597,17.0,0.57614,108.0,0.57623,8942.0
1753591929704,04:52:09.704,bitget,A/USDT:USDT,0.57602,111.0,0.57597,17.0,0.57614,108.0,0.57623,8942.0
1753591929735,04:52:09.735,phemex,A/USDT:USDT,0.5758,516.0,0.5757,610.0,0.5759,245.0,0.576,697.0
1753591929739,04:52:09.739,mexc,A/USDT:USDT,0.5758,18356,0.5757,16081,0.5759,17111,0.576,23145
1753591929760,04:52:09.760,binance,A/USDT:USDT,0.57583,199.0,0.57581,211.0,0.57588,169.0,0.57589,107.0
1753591929699,04:52:09.699,gateio,A/USDT:USDT,0.576,663.0,0.5759,2559.0,0.5763,256.0,0.5764,294.0
1753591929854,04:52:09.854,bitget,A/USDT:USDT,0.57602,111.0,0.57597,17.0,0.57614,108.0,0.57623,8942.0
1753591929907,04:52:09.907,okx,A/USDT:USDT,0.5758,383.0,0.5757,429.0,0.5759,1.0,0.576,539.0
1753591929881,04:52:09.881,mexc,A/USDT:USDT,0.5758,18356,0.5757,16081,0.5759,17111,0.576,31760
1753591929994,04:52:09.994,bybit,A/USDT:USDT,0.576,1706.0,0.5759,2192.0,0.5761,1486.0,0.5762,1562.0
1753591929966,04:52:09.966,binance,A/USDT:USDT,0.57583,199.0,0.57581,211.0,0.57588,169.0,0.57589,107.0
1753591930004,04:52:10.004,bitget,A/USDT:USDT,0.57602,111.0,0.57597,17.0,0.57614,108.0,0.57623,8942.0
1753591930155,04:52:10.155,bitget,A/USDT:USDT,0.57602,111.0,0.57597,17.0,0.57614,108.0,0.57623,8942.0
1753591930215,04:52:10.215,phemex,A/USDT:USDT,0.5758,516.0,0.5757,610.0,0.5759,245.0,0.576,697.0
1753591930207,04:52:10.207,okx,A/USDT:USDT,0.5758,280.0,0.5757,429.0,0.5759,1.0,0.576,539.0
1753591930240,04:52:10.240,binance,A/USDT:USDT,0.57583,199.0,0.57581,211.0,0.57588,169.0,0.57589,107.0
1753591930294,04:52:10.294,bybit,A/USDT:USDT,0.576,1706.0,0.5759,2192.0,0.5761,1486.0,0.5762,1562.0
1753591930284,04:52:10.284,mexc,A/USDT:USDT,0.5758,18356,0.5757,16081,0.5759,17111,0.576,31760
1753591930305,04:52:10.305,bitget,A/USDT:USDT,0.57602,111.0,0.57597,17.0,0.57614,108.0,0.57623,8942.0
1753591930415,04:52:10.415,binance,A/USDT:USDT,0.57583,199.0,0.57581,211.0,0.57588,169.0,0.57589,107.0
1753591930455,04:52:10.455,bitget,A/USDT:USDT,0.57602,111.0,0.57597,17.0,0.57614,108.0,0.57623,8942.0
1753591930494,04:52:10.494,bybit,A/USDT:USDT,0.576,1706.0,0.5759,2192.0,0.5761,1486.0,0.5762,1562.0
1753591930382,04:52:10.382,mexc,A/USDT:USDT,0.5758,18356,0.5757,19108,0.5759,17111,0.576,34207
1753591930594,04:52:10.594,bybit,A/USDT:USDT,0.576,1706.0,0.5759,2209.0,0.5761,1486.0,0.5762,1562.0
1753591930602,04:52:10.602,binance,A/USDT:USDT,0.57583,199.0,0.57581,211.0,0.57588,169.0,0.57589,107.0
1753591930605,04:52:10.605,bitget,A/USDT:USDT,0.57602,111.0,0.57597,17.0,0.57614,108.0,0.57623,8942.0
1753591930707,04:52:10.707,binance,A/USDT:USDT,0.57583,199.0,0.57581,211.0,0.57588,169.0,0.57589,107.0
1753591930794,04:52:10.794,bybit,A/USDT:USDT,0.576,1706.0,0.5759,2209.0,0.5761,1486.0,0.5762,1562.0
1753591930807,04:52:10.807,okx,A/USDT:USDT,0.5758,383.0,0.5757,429.0,0.5759,1.0,0.576,539.0
1753591930784,04:52:10.784,mexc,A/USDT:USDT,0.5758,18356,0.5757,16081,0.5759,17111,0.576,34207
1753591930994,04:52:10.994,bybit,A/USDT:USDT,0.576,1706.0,0.5759,2209.0,0.5761,1486.0,0.5762,1562.0
1753591930933,04:52:10.933,bitmex,A/USDT:USDT,0.4606,12400.0,0.4583,10600.0,0.6911,5200.0,0.6942,7200.0
1753591930882,04:52:10.882,mexc,A/USDT:USDT,0.5758,18356,0.5757,16081,0.5759,17111,0.576,26215
1753591930982,04:52:10.982,bitmex,A/USDT:USDT,0.4606,12400.0,0.4583,10600.0,0.6911,5200.0,0.6942,7200.0
1753591930982,04:52:10.982,bitmex,A/USDT:USDT,0.4606,12400.0,0.4583,10600.0,0.6911,5200.0,0.6942,7200.0
1753591931055,04:52:11.055,bitget,A/USDT:USDT,0.57602,111.0,0.57597,17.0,0.57614,108.0,0.57623,8942.0
1753591931076,04:52:11.076,gateio,A/USDT:USDT,0.576,663.0,0.5759,2559.0,0.5762,87.0,0.5763,550.0
1753591931111,04:52:11.111,binance,A/USDT:USDT,0.57583,199.0,0.57581,211.0,0.57588,169.0,0.57589,107.0
1753591931129,04:52:11.129,gateio,A/USDT:USDT,0.576,649.0,0.5759,2559.0,0.5762,87.0,0.5763,550.0
1753591931283,04:52:11.283,mexc,A/USDT:USDT,0.5758,18356,0.5757,16081,0.5759,17111,0.576,23145
1753591931300,04:52:11.300,binance,A/USDT:USDT,0.57583,199.0,0.57581,211.0,0.57588,169.0,0.57589,107.0
1753591931355,04:52:11.355,bitget,A/USDT:USDT,0.57602,111.0,0.57597,17.0,0.57618,108.0,0.57623,8942.0
1753591931290,04:52:11.290,gateio,A/USDT:USDT,0.576,649.0,0.5759,2559.0,0.5762,87.0,0.5763,550.0
1753591931423,04:52:11.423,binance,A/USDT:USDT,0.57583,199.0,0.5758,2627.0,0.57588,169.0,0.57589,107.0
1753591931381,04:52:11.381,mexc,A/USDT:USDT,0.5758,18356,0.5757,16081,0.5759,17111,0.576,32594
1753591931505,04:52:11.505,bitget,A/USDT:USDT,0.57602,111.0,0.57597,17.0,0.57618,108.0,0.57623,8942.0
1753591931545,04:52:11.545,binance,A/USDT:USDT,0.57583,199.0,0.5758,2627.0,0.57588,169.0,0.57589,107.0
1753591931656,04:52:11.656,bitget,A/USDT:USDT,0.57602,111.0,0.57597,17.0,0.57618,108.0,0.57623,8942.0
1753591931783,04:52:11.783,mexc,A/USDT:USDT,0.5758,18356,0.5757,16081,0.5759,17111,0.576,23145
1753591931801,04:52:11.801,binance,A/USDT:USDT,0.57583,199.0,0.5758,2627.0,0.57588,169.0,0.57589,107.0
1753591931806,04:52:11.806,bitget,A/USDT:USDT,0.57602,111.0,0.57597,17.0,0.57618,108.0,0.57623,8942.0
1753591931816,04:52:11.816,huobi,A/USDT:USDT,0.5759,43.0,0.5758,289.0,0.5763,43.0,0.5764,57.0
1753591931833,04:52:11.833,huobi,A/USDT:USDT,0.5759,43.0,0.5758,289.0,0.5763,43.0,0.5764,57.0
1753591931894,04:52:11.894,bybit,A/USDT:USDT,0.576,1706.0,0.5759,2209.0,0.5761,1486.0,0.5762,1562.0
1753591931956,04:52:11.956,bitget,A/USDT:USDT,0.57602,111.0,0.57597,17.0,0.57618,108.0,0.57623,8942.0
1753591931882,04:52:11.882,mexc,A/USDT:USDT,0.5758,18356,0.5757,20350,0.5759,17111,0.576,32617
1753591932031,04:52:12.031,binance,A/USDT:USDT,0.57583,199.0,0.5758,2627.0,0.57588,169.0,0.57589,107.0
1753591932106,04:52:12.106,bitget,A/USDT:USDT,0.57602,111.0,0.57597,17.0,0.57618,108.0,0.57623,8942.0
1753591932145,04:52:12.145,binance,A/USDT:USDT,0.57583,199.0,0.5758,2627.0,0.57588,169.0,0.57589,107.0
1753591932256,04:52:12.256,bitget,A/USDT:USDT,0.57602,111.0,0.57597,17.0,0.57618,108.0,0.57623,8942.0
1753591932283,04:52:12.283,mexc,A/USDT:USDT,0.5758,18356,0.5757,20350,0.5759,17111,0.576,32617
1753591932307,04:52:12.307,okx,A/USDT:USDT,0.5758,383.0,0.5757,429.0,0.5759,69.0,0.576,479.0
1753591932358,04:52:12.358,binance,A/USDT:USDT,0.57583,199.0,0.5758,2627.0,0.57588,169.0,0.57589,107.0
1753591932434,04:52:12.434,phemex,A/USDT:USDT,0.5758,516.0,0.5757,610.0,0.5759,463.0,0.576,697.0
1753591932406,04:52:12.406,bitget,A/USDT:USDT,0.57602,111.0,0.57597,17.0,0.57618,108.0,0.57623,8942.0
1753591932381,04:52:12.381,mexc,A/USDT:USDT,0.5758,18356,0.5757,21026,0.5759,17111,0.576,28245
1753591932509,04:52:12.509,binance,A/USDT:USDT,0.57583,199.0,0.5758,2705.0,0.57588,169.0,0.57589,107.0
1753591932556,04:52:12.556,bitget,A/USDT:USDT,0.57602,111.0,0.57597,17.0,0.57618,108.0,0.57623,8942.0
1753591932595,04:52:12.595,bybit,A/USDT:USDT,0.576,1706.0,0.5759,2209.0,0.5761,1486.0,0.5762,1562.0
1753591932607,04:52:12.607,okx,A/USDT:USDT,0.5758,280.0,0.5757,429.0,0.5759,69.0,0.576,479.0
1753591932696,04:52:12.696,bybit,A/USDT:USDT,0.576,1706.0,0.5759,2209.0,0.5761,1486.0,0.5762,1562.0
1753591932706,04:52:12.706,bitget,A/USDT:USDT,0.57602,111.0,0.57597,17.0,0.57618,108.0,0.57623,8942.0
1753591932784,04:52:12.784,mexc,A/USDT:USDT,0.5758,18356,0.5757,21026,0.5759,17111,0.576,28245
1753591932856,04:52:12.856,bitget,A/USDT:USDT,0.57602,111.0,0.57597,17.0,0.57618,108.0,0.57623,8942.0
1753591932882,04:52:12.882,mexc,A/USDT:USDT,0.5758,18356,0.5757,16081,0.5759,17111,0.576,23145
1753591933006,04:52:13.006,bitget,A/USDT:USDT,0.57602,111.0,0.57597,17.0,0.57618,108.0,0.57623,8942.0
1753591933110,04:52:13.110,binance,A/USDT:USDT,0.57583,199.0,0.5758,2705.0,0.57588,169.0,0.57589,107.0
1753591933157,04:52:13.157,bitget,A/USDT:USDT,0.57602,111.0,0.57597,17.0,0.57618,108.0,0.57623,8942.0
1753591933208,04:52:13.208,phemex,A/USDT:USDT,0.5757,610.0,0.5756,721.0,0.5759,463.0,0.576,697.0
1753591933243,04:52:13.243,phemex,A/USDT:USDT,0.5758,218.0,0.5757,610.0,0.5759,463.0,0.576,697.0
1753591933285,04:52:13.285,mexc,A/USDT:USDT,0.5758,18356,0.5757,16081,0.5759,17111,0.576,23145
1753591933238,04:52:13.238,bitmex,A/USDT:USDT,0.4606,12400.0,0.4583,10600.0,0.6911,5200.0,0.6942,7200.0
1753591933287,04:52:13.287,bitmex,A/USDT:USDT,0.4606,12400.0,0.4583,10600.0,0.6911,5200.0,0.6942,7200.0
1753591933342,04:52:13.342,gateio,A/USDT:USDT,0.576,649.0,0.5759,2559.0,0.5762,87.0,0.5763,550.0
1753591933457,04:52:13.457,bitget,A/USDT:USDT,0.57602,111.0,0.57597,17.0,0.57618,108.0,0.57623,8942.0
1753591933494,04:52:13.494,bybit,A/USDT:USDT,0.576,1706.0,0.5759,2209.0,0.5761,1486.0,0.5762,1562.0
1753591933382,04:52:13.382,mexc,A/USDT:USDT,0.5758,18356,0.5757,16081,0.5759,17111,0.576,26886
1753591933757,04:52:13.757,bitget,A/USDT:USDT,0.57602,111.0,0.57597,17.0,0.57618,108.0,0.57623,8942.0
1753591933776,04:52:13.776,mexc,A/USDT:USDT,0.5758,18356,0.5757,16081,0.5759,17111,0.576,26886
1753591933907,04:52:13.907,bitget,A/USDT:USDT,0.57602,111.0,0.57597,17.0,0.57618,108.0,0.57623,8942.0
1753591859098,04:50:59.098,blofin,A/USDT:USDT,0.57559,36.0,0.57556,93.0,0.57561,12.0,0.57563,1061.0
1753591933968,04:52:13.968,binance,A/USDT:USDT,0.57583,199.0,0.5758,2705.0,0.57588,169.0,0.57589,107.0
