timestamp,time,exchange,symbol,bid1_price,bid1_volume,bid2_price,bid2_volume,ask1_price,ask1_volume,ask2_price,ask2_volume
1753591882944,04:51:22.944,bitget,AAVE/USDT:USDT,296.8,4.7,296.79,2.0,296.81,0.5,296.82,0.5
1753591883545,04:51:23.545,bitget,AAVE/USDT:USDT,296.8,4.7,296.79,2.0,296.81,0.5,296.82,0.5
1753591883629,04:51:23.629,binance,AAVE/USDT:USDT,296.51,9.8,296.5,4.9,296.52,15.9,296.53,0.6
1753591883730,04:51:23.730,binance,AAVE/USDT:USDT,296.51,9.8,296.5,4.9,296.52,15.9,296.53,0.6
1753591883832,04:51:23.832,binance,AAVE/USDT:USDT,296.51,9.8,296.5,4.9,296.52,15.9,296.53,0.6
1753591883845,04:51:23.845,bitget,AAVE/USDT:USDT,296.8,4.7,296.79,2.0,296.81,0.5,296.82,0.5
1753591883935,04:51:23.935,binance,AAVE/USDT:USDT,296.51,8.0,296.5,4.9,296.52,15.9,296.53,0.6
1753591853075,04:50:53.075,blofin,AAVE/USDT:USDT,296.27,2.0,296.26,465.0,296.29,3.0,296.3,7.0
1753591883995,04:51:23.995,bitget,AAVE/USDT:USDT,296.8,0.7,296.79,2.0,296.81,0.5,296.82,0.5
1753591884087,04:51:24.087,binance,AAVE/USDT:USDT,296.51,8.0,296.5,4.9,296.52,15.9,296.53,1.4
1753591884145,04:51:24.145,bitget,AAVE/USDT:USDT,296.8,0.7,296.79,2.0,296.81,0.5,296.82,4.5
1753591884190,04:51:24.190,binance,AAVE/USDT:USDT,296.51,7.8,296.5,4.9,296.52,15.9,296.53,1.4
1753591884293,04:51:24.293,binance,AAVE/USDT:USDT,296.51,7.8,296.5,4.9,296.52,14.4,296.53,0.6
1753591884396,04:51:24.396,binance,AAVE/USDT:USDT,296.51,7.8,296.5,4.9,296.52,14.4,296.53,0.6
1753591884445,04:51:24.445,bitget,AAVE/USDT:USDT,296.8,0.7,296.79,2.0,296.81,0.5,296.82,0.5
1753591884895,04:51:24.895,bitget,AAVE/USDT:USDT,296.8,4.7,296.79,2.0,296.82,0.5,296.83,0.8
1753591853565,04:50:53.565,blofin,AAVE/USDT:USDT,296.28,2.0,296.26,473.0,296.3,11.0,296.32,143.0
1753591885021,04:51:25.021,binance,AAVE/USDT:USDT,296.51,13.6,296.5,25.0,296.52,3.1,296.53,0.6
1753591885124,04:51:25.124,binance,AAVE/USDT:USDT,296.51,13.6,296.5,25.0,296.52,9.2,296.53,0.6
1753591885225,04:51:25.225,binance,AAVE/USDT:USDT,296.51,11.9,296.5,4.5,296.52,10.3,296.53,1.4
1753591885291,04:51:25.291,bybit,AAVE/USDT:USDT,296.55,2.52,296.53,0.04,296.56,2.44,296.57,0.07
1753591885327,04:51:25.327,binance,AAVE/USDT:USDT,296.51,11.9,296.5,4.5,296.52,10.4,296.53,0.6
1753591885346,04:51:25.346,bitget,AAVE/USDT:USDT,296.8,0.3,296.79,8.6,296.82,0.5,296.83,5.8
1753591885431,04:51:25.431,binance,AAVE/USDT:USDT,296.51,12.0,296.5,4.5,296.52,11.1,296.53,0.6
1753591885491,04:51:25.491,bybit,AAVE/USDT:USDT,296.55,2.52,296.53,0.04,296.56,2.44,296.58,5.64
1753591885496,04:51:25.496,bitget,AAVE/USDT:USDT,296.8,3.6,296.77,27.3,296.82,0.5,296.83,4.8
1753591885555,04:51:25.555,binance,AAVE/USDT:USDT,296.51,12.0,296.5,6.5,296.52,11.1,296.53,0.6
1753591885591,04:51:25.591,bybit,AAVE/USDT:USDT,296.55,2.52,296.53,0.04,296.56,2.44,296.58,5.64
1753591885691,04:51:25.691,bybit,AAVE/USDT:USDT,296.55,2.52,296.53,0.04,296.56,2.44,296.58,5.64
1753591885658,04:51:25.658,binance,AAVE/USDT:USDT,296.51,12.0,296.5,6.5,296.52,11.1,296.53,0.6
1753591885761,04:51:25.761,binance,AAVE/USDT:USDT,296.51,12.0,296.5,6.5,296.52,11.1,296.53,0.6
1753591885796,04:51:25.796,bitget,AAVE/USDT:USDT,296.81,0.7,296.8,1.9,296.82,0.5,296.83,5.8
1753591885891,04:51:25.891,bybit,AAVE/USDT:USDT,296.55,2.52,296.53,0.04,296.56,2.44,296.58,5.64
1753591885865,04:51:25.865,binance,AAVE/USDT:USDT,296.51,12.0,296.5,6.5,296.52,11.1,296.53,0.6
1753591885991,04:51:25.991,bybit,AAVE/USDT:USDT,296.55,2.52,296.53,0.04,296.56,2.44,296.58,5.64
1753591885968,04:51:25.968,binance,AAVE/USDT:USDT,296.51,12.0,296.5,6.5,296.52,11.1,296.53,0.6
1753591886291,04:51:26.291,bybit,AAVE/USDT:USDT,296.55,2.52,296.53,0.04,296.56,2.44,296.58,5.64
1753591886293,04:51:26.293,binance,AAVE/USDT:USDT,296.51,2.4,296.5,6.5,296.52,14.6,296.53,12.4
1753591886391,04:51:26.391,bybit,AAVE/USDT:USDT,296.55,2.52,296.53,0.04,296.56,2.44,296.58,5.64
1753591886396,04:51:26.396,bitget,AAVE/USDT:USDT,296.8,2.2,296.79,0.9,296.81,1.5,296.82,2.7
1753591886441,04:51:26.441,binance,AAVE/USDT:USDT,296.51,2.4,296.5,6.5,296.52,14.6,296.53,12.4
1753591886491,04:51:26.491,bybit,AAVE/USDT:USDT,296.55,2.52,296.53,0.04,296.56,2.76,296.58,5.64
1753591886591,04:51:26.591,bybit,AAVE/USDT:USDT,296.55,2.52,296.53,0.04,296.56,2.76,296.58,5.64
1753591886601,04:51:26.601,binance,AAVE/USDT:USDT,296.51,2.4,296.5,6.5,296.52,14.6,296.53,12.4
1753591886691,04:51:26.691,bybit,AAVE/USDT:USDT,296.55,2.52,296.53,0.04,296.56,2.76,296.58,5.64
1753591886696,04:51:26.696,bitget,AAVE/USDT:USDT,296.8,0.3,296.79,0.9,296.81,2.3,296.82,2.4
1753591886702,04:51:26.702,binance,AAVE/USDT:USDT,296.51,2.4,296.5,6.5,296.52,14.6,296.53,12.4
1753591886791,04:51:26.791,bybit,AAVE/USDT:USDT,296.55,2.52,296.53,0.04,296.56,2.76,296.58,5.64
1753591886891,04:51:26.891,bybit,AAVE/USDT:USDT,296.55,2.52,296.53,0.04,296.56,2.76,296.58,5.64
1753591887071,04:51:27.071,binance,AAVE/USDT:USDT,296.51,3.9,296.5,2.2,296.52,18.9,296.53,12.4
1753591887423,04:51:27.423,binance,AAVE/USDT:USDT,296.51,3.9,296.5,2.2,296.52,18.9,296.53,7.6
1753591887491,04:51:27.491,bybit,AAVE/USDT:USDT,296.55,2.52,296.53,0.04,296.56,2.76,296.58,5.02
1753591887526,04:51:27.526,binance,AAVE/USDT:USDT,296.51,3.9,296.5,2.2,296.52,18.9,296.53,0.6
1753591887631,04:51:27.631,binance,AAVE/USDT:USDT,296.51,4.1,296.5,2.2,296.52,18.9,296.53,0.6
1753591887690,04:51:27.690,bybit,AAVE/USDT:USDT,296.55,2.52,296.53,0.04,296.56,2.76,296.58,5.02
1753591887734,04:51:27.734,binance,AAVE/USDT:USDT,296.51,4.1,296.5,2.2,296.52,18.9,296.53,0.6
1753591887747,04:51:27.747,bitget,AAVE/USDT:USDT,296.8,0.3,296.79,0.9,296.81,2.0,296.82,2.4
1753591887793,04:51:27.793,bybit,AAVE/USDT:USDT,296.55,2.52,296.53,0.04,296.56,2.76,296.58,5.02
1753591887891,04:51:27.891,bybit,AAVE/USDT:USDT,296.55,2.52,296.53,0.04,296.56,2.76,296.58,5.02
1753591887897,04:51:27.897,bitget,AAVE/USDT:USDT,296.8,0.3,296.79,0.9,296.81,2.0,296.82,2.4
1753591887902,04:51:27.902,binance,AAVE/USDT:USDT,296.51,4.1,296.5,2.2,296.52,18.9,296.53,0.6
1753591888647,04:51:28.647,bitget,AAVE/USDT:USDT,296.79,3.9,296.78,9.3,296.81,2.3,296.82,2.4
1753591888678,04:51:28.678,binance,AAVE/USDT:USDT,296.51,4.1,296.5,2.2,296.52,18.9,296.53,0.6
1753591888948,04:51:28.948,bitget,AAVE/USDT:USDT,296.79,1.9,296.78,9.3,296.81,2.3,296.82,2.4
1753591888991,04:51:28.991,bybit,AAVE/USDT:USDT,296.55,2.52,296.53,0.04,296.56,2.76,296.58,5.02
1753591888968,04:51:28.968,binance,AAVE/USDT:USDT,296.51,4.1,296.5,2.2,296.52,18.9,296.53,5.6
1753591889091,04:51:29.091,bybit,AAVE/USDT:USDT,296.55,3.25,296.53,0.04,296.56,4.26,296.58,5.02
1753591889069,04:51:29.069,binance,AAVE/USDT:USDT,296.51,4.1,296.5,2.2,296.52,19.0,296.53,12.5
1753591889098,04:51:29.098,bitget,AAVE/USDT:USDT,296.79,3.9,296.78,2.7,296.8,1.5,296.81,0.8
1753591889191,04:51:29.191,bybit,AAVE/USDT:USDT,296.55,3.25,296.53,0.04,296.56,4.26,296.58,5.02
1753591889172,04:51:29.172,binance,AAVE/USDT:USDT,296.51,3.9,296.5,2.2,296.52,19.0,296.53,17.7
1753591889000,04:51:29.000,gateio,AAVE/USDT:USDT,296.56,66.0,296.54,654.0,296.57,708.0,296.6,141.0
1753591889548,04:51:29.548,bitget,AAVE/USDT:USDT,296.79,3.1,296.78,2.7,296.8,2.0,296.81,0.5
1753591889591,04:51:29.591,bybit,AAVE/USDT:USDT,296.55,3.25,296.53,0.04,296.56,4.26,296.57,0.32
1753591889643,04:51:29.643,binance,AAVE/USDT:USDT,296.51,4.1,296.5,2.2,296.52,19.0,296.53,17.7
1753591889691,04:51:29.691,bybit,AAVE/USDT:USDT,296.55,3.24,296.53,0.04,296.56,4.26,296.57,0.32
1753591889658,04:51:29.658,gateio,AAVE/USDT:USDT,296.54,654.0,296.52,41.0,296.57,708.0,296.6,141.0
1753591889705,04:51:29.705,gateio,AAVE/USDT:USDT,296.54,654.0,296.52,41.0,296.57,708.0,296.6,137.0
1753591889834,04:51:29.834,binance,AAVE/USDT:USDT,296.51,4.1,296.5,2.2,296.52,19.0,296.53,9.5
1753591889848,04:51:29.848,bitget,AAVE/USDT:USDT,296.79,2.8,296.78,2.7,296.8,2.0,296.81,0.5
1753591889116,04:51:29.116,huobi,AAVE/USDT:USDT,296.433,8.0,296.419,25.0,296.517,8.0,296.553,25.0
1753591889887,04:51:29.887,gateio,AAVE/USDT:USDT,296.54,654.0,296.52,41.0,296.57,708.0,296.6,137.0
1753591889936,04:51:29.936,binance,AAVE/USDT:USDT,296.51,5.6,296.5,13.8,296.52,18.9,296.53,0.6
1753591889991,04:51:29.991,bybit,AAVE/USDT:USDT,296.55,3.24,296.53,0.04,296.56,4.26,296.57,0.32
1753591889950,04:51:29.950,gateio,AAVE/USDT:USDT,296.55,25.0,296.54,654.0,296.6,96.0,296.62,227.0
1753591889998,04:51:29.998,bitget,AAVE/USDT:USDT,296.79,3.1,296.78,2.7,296.8,0.5,296.81,0.5
1753591890023,04:51:30.023,huobi,AAVE/USDT:USDT,296.433,8.0,296.419,25.0,296.517,8.0,296.553,25.0
1753591890038,04:51:30.038,binance,AAVE/USDT:USDT,296.51,5.6,296.5,8.3,296.52,18.9,296.53,0.6
1753591890051,04:51:30.051,huobi,AAVE/USDT:USDT,296.433,8.0,296.419,25.0,296.517,8.0,296.553,25.0
1753591890091,04:51:30.091,bybit,AAVE/USDT:USDT,296.55,3.24,296.53,0.04,296.56,4.26,296.57,0.32
1753591890098,04:51:30.098,gateio,AAVE/USDT:USDT,296.55,66.0,296.54,679.0,296.58,244.0,296.59,853.0
1753591890108,04:51:30.108,huobi,AAVE/USDT:USDT,296.433,8.0,296.419,25.0,296.517,8.0,296.553,25.0
1753591890135,04:51:30.135,huobi,AAVE/USDT:USDT,296.433,8.0,296.419,25.0,296.517,8.0,296.553,25.0
1753591890141,04:51:30.141,binance,AAVE/USDT:USDT,296.51,4.1,296.5,8.3,296.52,18.9,296.53,0.6
1753591890190,04:51:30.190,bybit,AAVE/USDT:USDT,296.55,3.24,296.53,0.04,296.56,4.26,296.57,0.32
1753591890168,04:51:30.168,huobi,AAVE/USDT:USDT,296.433,8.0,296.419,25.0,296.517,8.0,296.553,25.0
1753591890107,04:51:30.107,gateio,AAVE/USDT:USDT,296.55,66.0,296.54,679.0,296.58,244.0,296.59,853.0
1753591890253,04:51:30.253,huobi,AAVE/USDT:USDT,296.433,8.0,296.419,25.0,296.517,8.0,296.553,25.0
1753591890298,04:51:30.298,bitget,AAVE/USDT:USDT,296.79,2.4,296.78,2.7,296.8,0.5,296.81,0.5
1753591890317,04:51:30.317,binance,AAVE/USDT:USDT,296.51,4.1,296.5,8.3,296.52,18.9,296.53,0.6
1753591890302,04:51:30.302,gateio,AAVE/USDT:USDT,296.55,66.0,296.54,679.0,296.58,244.0,296.59,853.0
1753591890449,04:51:30.449,binance,AAVE/USDT:USDT,296.51,4.1,296.5,8.3,296.52,18.9,296.53,0.6
1753591890491,04:51:30.491,bybit,AAVE/USDT:USDT,296.55,3.24,296.53,0.04,296.56,4.26,296.57,0.32
1753591890483,04:51:30.483,gateio,AAVE/USDT:USDT,296.55,66.0,296.54,654.0,296.57,798.0,296.59,41.0
1753591890500,04:51:30.500,huobi,AAVE/USDT:USDT,296.433,8.0,296.419,25.0,296.517,8.0,296.553,25.0
1753591890525,04:51:30.525,huobi,AAVE/USDT:USDT,296.433,8.0,296.419,25.0,296.517,8.0,296.553,25.0
1753591890596,04:51:30.596,bybit,AAVE/USDT:USDT,296.55,3.24,296.53,0.04,296.56,4.26,296.57,0.32
1753591890570,04:51:30.570,binance,AAVE/USDT:USDT,296.51,4.1,296.5,8.3,296.52,18.9,296.53,0.6
1753591890584,04:51:30.584,gateio,AAVE/USDT:USDT,296.55,66.0,296.54,654.0,296.57,798.0,296.6,96.0
1753591890599,04:51:30.599,bitget,AAVE/USDT:USDT,296.79,2.4,296.78,2.7,296.8,0.5,296.81,0.5
1753591890598,04:51:30.598,huobi,AAVE/USDT:USDT,296.433,8.0,296.419,25.0,296.517,8.0,296.553,25.0
1753591890635,04:51:30.635,huobi,AAVE/USDT:USDT,296.433,8.0,296.419,25.0,296.517,8.0,296.553,25.0
1753591890691,04:51:30.691,bybit,AAVE/USDT:USDT,296.55,2.99,296.53,0.04,296.56,4.26,296.57,0.32
1753591890673,04:51:30.673,binance,AAVE/USDT:USDT,296.51,5.6,296.5,8.3,296.52,18.9,296.53,0.6
1753591890749,04:51:30.749,bitget,AAVE/USDT:USDT,296.79,2.4,296.78,2.7,296.8,0.5,296.81,0.5
1753591890791,04:51:30.791,bybit,AAVE/USDT:USDT,296.55,2.99,296.53,0.04,296.56,4.26,296.57,0.32
1753591890761,04:51:30.761,huobi,AAVE/USDT:USDT,296.433,8.0,296.419,25.0,296.517,8.0,296.553,25.0
1753591890778,04:51:30.778,gateio,AAVE/USDT:USDT,296.55,91.0,296.54,654.0,296.61,96.0,296.62,131.0
1753591890813,04:51:30.813,binance,AAVE/USDT:USDT,296.51,9.1,296.5,13.5,296.52,14.6,296.53,0.6
1753591854087,04:50:54.087,blofin,AAVE/USDT:USDT,296.28,5.0,296.26,473.0,296.3,14.0,296.32,143.0
1753591890823,04:51:30.823,huobi,AAVE/USDT:USDT,296.433,8.0,296.419,25.0,296.517,8.0,296.553,25.0
1753591890891,04:51:30.891,bybit,AAVE/USDT:USDT,296.55,2.99,296.53,0.04,296.56,2.76,296.57,0.32
1753591890843,04:51:30.843,gateio,AAVE/USDT:USDT,296.55,66.0,296.54,654.0,296.59,254.0,296.6,982.0
1753591890899,04:51:30.899,bitget,AAVE/USDT:USDT,296.79,6.4,296.78,2.7,296.8,0.5,296.81,0.5
1753591890917,04:51:30.917,binance,AAVE/USDT:USDT,296.51,9.1,296.5,13.5,296.52,14.6,296.53,0.6
1753591890915,04:51:30.915,huobi,AAVE/USDT:USDT,296.433,8.0,296.419,25.0,296.517,8.0,296.553,25.0
1753591890991,04:51:30.991,bybit,AAVE/USDT:USDT,296.55,2.99,296.53,0.04,296.56,2.76,296.57,0.32
1753591890998,04:51:30.998,gateio,AAVE/USDT:USDT,296.56,671.0,296.55,66.0,296.59,254.0,296.6,982.0
1753591891023,04:51:31.023,binance,AAVE/USDT:USDT,296.51,9.1,296.5,13.5,296.52,14.6,296.53,0.6
1753591891051,04:51:31.051,huobi,AAVE/USDT:USDT,296.433,8.0,296.419,25.0,296.517,8.0,296.553,25.0
1753591891091,04:51:31.091,bybit,AAVE/USDT:USDT,296.55,2.99,296.53,0.84,296.56,2.76,296.57,0.32
1753591891079,04:51:31.079,huobi,AAVE/USDT:USDT,296.433,8.0,296.419,25.0,296.517,8.0,296.553,25.0
1753591891081,04:51:31.081,gateio,AAVE/USDT:USDT,296.56,671.0,296.52,41.0,296.58,794.0,296.61,96.0
1753591891126,04:51:31.126,binance,AAVE/USDT:USDT,296.51,9.1,296.5,8.3,296.52,14.6,296.53,0.6
1753591891122,04:51:31.122,gateio,AAVE/USDT:USDT,296.56,671.0,296.52,41.0,296.58,794.0,296.61,96.0
1753591891231,04:51:31.231,binance,AAVE/USDT:USDT,296.51,9.1,296.5,8.3,296.52,14.6,296.53,0.6
1753591891291,04:51:31.291,bybit,AAVE/USDT:USDT,296.55,2.99,296.53,0.84,296.56,2.76,296.57,0.32
1753591891334,04:51:31.334,binance,AAVE/USDT:USDT,296.51,10.7,296.5,17.8,296.52,8.5,296.53,0.6
1753591891344,04:51:31.344,huobi,AAVE/USDT:USDT,296.433,8.0,296.419,25.0,296.517,8.0,296.553,25.0
1753591891392,04:51:31.392,bybit,AAVE/USDT:USDT,296.55,2.99,296.53,0.84,296.56,2.76,296.57,0.32
1753591891377,04:51:31.377,huobi,AAVE/USDT:USDT,296.433,8.0,296.419,25.0,296.517,8.0,296.553,25.0
1753591891382,04:51:31.382,gateio,AAVE/USDT:USDT,296.56,696.0,296.55,41.0,296.61,96.0,296.62,131.0
1753591891408,04:51:31.408,huobi,AAVE/USDT:USDT,296.433,8.0,296.419,25.0,296.517,8.0,296.553,25.0
1753591891436,04:51:31.436,binance,AAVE/USDT:USDT,296.51,14.7,296.5,21.8,296.52,8.5,296.53,0.6
1753591891491,04:51:31.491,bybit,AAVE/USDT:USDT,296.55,2.99,296.53,0.84,296.56,2.44,296.58,5.02
1753591891491,04:51:31.491,huobi,AAVE/USDT:USDT,296.433,8.0,296.419,25.0,296.517,8.0,296.553,25.0
1753591891456,04:51:31.456,gateio,AAVE/USDT:USDT,296.56,671.0,296.55,41.0,296.6,272.0,296.61,906.0
1753591891499,04:51:31.499,bitget,AAVE/USDT:USDT,296.81,2.3,296.8,4.4,296.82,0.5,296.83,0.8
1753591891591,04:51:31.591,bybit,AAVE/USDT:USDT,296.55,2.99,296.53,0.84,296.56,2.44,296.58,5.02
1753591891563,04:51:31.563,binance,AAVE/USDT:USDT,296.51,14.7,296.5,21.8,296.52,8.5,296.53,0.6
1753591891560,04:51:31.560,huobi,AAVE/USDT:USDT,296.433,8.0,296.419,25.0,296.517,8.0,296.553,25.0
1753591891565,04:51:31.565,huobi,AAVE/USDT:USDT,296.433,8.0,296.419,25.0,296.517,8.0,296.553,25.0
1753591891537,04:51:31.537,gateio,AAVE/USDT:USDT,296.56,671.0,296.55,41.0,296.6,272.0,296.61,902.0
1753591891599,04:51:31.599,huobi,AAVE/USDT:USDT,296.433,8.0,296.419,25.0,296.517,8.0,296.553,25.0
1753591891691,04:51:31.691,bybit,AAVE/USDT:USDT,296.55,3.79,296.54,0.8,296.56,2.44,296.58,5.02
1753591891666,04:51:31.666,binance,AAVE/USDT:USDT,296.51,14.7,296.5,21.8,296.52,8.5,296.53,0.6
1753591891665,04:51:31.665,huobi,AAVE/USDT:USDT,296.433,8.0,296.419,25.0,296.517,8.0,296.553,25.0
1753591891793,04:51:31.793,bybit,AAVE/USDT:USDT,296.55,3.79,296.54,0.8,296.56,2.44,296.58,5.02
1753591891799,04:51:31.799,bitget,AAVE/USDT:USDT,296.81,2.6,296.8,4.0,296.82,0.5,296.83,0.8
1753591891820,04:51:31.820,binance,AAVE/USDT:USDT,296.51,14.7,296.5,21.8,296.52,8.5,296.53,0.6
1753591891891,04:51:31.891,bybit,AAVE/USDT:USDT,296.55,3.79,296.54,0.8,296.56,1.83,296.58,5.02
1753591891857,04:51:31.857,huobi,AAVE/USDT:USDT,296.433,8.0,296.419,25.0,296.517,8.0,296.553,25.0
1753591891980,04:51:31.980,binance,AAVE/USDT:USDT,296.51,14.7,296.5,21.8,296.52,8.5,296.53,0.6
1753591891972,04:51:31.972,gateio,AAVE/USDT:USDT,296.56,671.0,296.52,41.0,296.58,240.0,296.59,800.0
1753591891995,04:51:31.995,huobi,AAVE/USDT:USDT,296.433,8.0,296.419,25.0,296.517,8.0,296.553,25.0
1753591892051,04:51:32.051,huobi,AAVE/USDT:USDT,296.433,8.0,296.419,25.0,296.517,8.0,296.553,25.0
1753591892091,04:51:32.091,bybit,AAVE/USDT:USDT,296.55,3.79,296.54,0.8,296.56,1.83,296.58,5.02
1753591892084,04:51:32.084,binance,AAVE/USDT:USDT,296.51,14.7,296.5,21.8,296.52,8.5,296.53,0.6
1753591892080,04:51:32.080,huobi,AAVE/USDT:USDT,296.433,8.0,296.419,25.0,296.517,8.0,296.553,25.0
1753591892099,04:51:32.099,bitget,AAVE/USDT:USDT,296.81,6.6,296.79,8.7,296.83,0.8,296.84,2.1
1753591892190,04:51:32.190,bybit,AAVE/USDT:USDT,296.55,2.99,296.53,0.84,296.56,1.83,296.58,5.02
1753591892187,04:51:32.187,binance,AAVE/USDT:USDT,296.51,14.7,296.5,21.8,296.52,8.6,296.53,0.6
1753591892181,04:51:32.181,huobi,AAVE/USDT:USDT,296.433,8.0,296.419,25.0,296.517,8.0,296.553,25.0
1753591892119,04:51:32.119,gateio,AAVE/USDT:USDT,296.56,671.0,296.52,41.0,296.58,240.0,296.59,800.0
1753591892208,04:51:32.208,huobi,AAVE/USDT:USDT,296.433,8.0,296.419,25.0,296.517,8.0,296.553,25.0
1753591892287,04:51:32.287,huobi,AAVE/USDT:USDT,296.433,8.0,296.419,25.0,296.517,8.0,296.553,25.0
1753591892325,04:51:32.325,binance,AAVE/USDT:USDT,296.51,14.7,296.5,21.8,296.52,8.6,296.53,0.6
1753591892340,04:51:32.340,huobi,AAVE/USDT:USDT,296.433,8.0,296.419,25.0,296.517,8.0,296.553,25.0
1753591892391,04:51:32.391,bybit,AAVE/USDT:USDT,296.55,2.99,296.53,0.04,296.56,1.83,296.58,5.02
1753591892391,04:51:32.391,huobi,AAVE/USDT:USDT,296.433,8.0,296.419,25.0,296.517,8.0,296.553,25.0
1753591892356,04:51:32.356,gateio,AAVE/USDT:USDT,296.56,671.0,296.52,41.0,296.58,240.0,296.59,800.0
1753591892416,04:51:32.416,huobi,AAVE/USDT:USDT,296.433,8.0,296.419,25.0,296.517,8.0,296.553,25.0
1753591892428,04:51:32.428,binance,AAVE/USDT:USDT,296.51,14.7,296.5,21.8,296.52,7.9,296.53,0.6
1753591892440,04:51:32.440,huobi,AAVE/USDT:USDT,296.433,8.0,296.419,25.0,296.517,8.0,296.553,25.0
1753591892491,04:51:32.491,bybit,AAVE/USDT:USDT,296.55,2.99,296.53,0.84,296.56,1.83,296.58,5.02
1753591892471,04:51:32.471,huobi,AAVE/USDT:USDT,296.433,8.0,296.419,25.0,296.517,8.0,296.553,25.0
1753591892442,04:51:32.442,gateio,AAVE/USDT:USDT,296.56,671.0,296.54,96.0,296.58,240.0,296.59,800.0
1753591892498,04:51:32.498,huobi,AAVE/USDT:USDT,296.433,8.0,296.419,25.0,296.517,8.0,296.553,25.0
1753591892531,04:51:32.531,binance,AAVE/USDT:USDT,296.51,23.8,296.5,29.9,296.52,6.7,296.53,0.6
1753591892541,04:51:32.541,huobi,AAVE/USDT:USDT,296.433,8.0,296.419,25.0,296.517,8.0,296.553,25.0
1753591892591,04:51:32.591,bybit,AAVE/USDT:USDT,296.55,2.99,296.53,0.84,296.56,1.83,296.58,5.02
1753591892635,04:51:32.635,binance,AAVE/USDT:USDT,296.51,23.8,296.5,29.9,296.52,6.7,296.53,0.6
1753591892697,04:51:32.697,huobi,AAVE/USDT:USDT,296.433,8.0,296.419,25.0,296.517,8.0,296.553,25.0
1753591892700,04:51:32.700,bitget,AAVE/USDT:USDT,296.82,0.7,296.81,5.9,296.83,0.5,296.84,2.1
1753591892752,04:51:32.752,binance,AAVE/USDT:USDT,296.51,23.8,296.5,19.8,296.52,6.7,296.53,0.6
1753591892791,04:51:32.791,bybit,AAVE/USDT:USDT,296.55,3.79,296.54,0.8,296.56,0.92,296.58,0.13
1753591892754,04:51:32.754,huobi,AAVE/USDT:USDT,296.433,8.0,296.419,25.0,296.517,8.0,296.553,25.0
1753591892789,04:51:32.789,huobi,AAVE/USDT:USDT,296.433,8.0,296.419,25.0,296.517,8.0,296.553,25.0
1753591892789,04:51:32.789,gateio,AAVE/USDT:USDT,296.58,66.0,296.56,671.0,296.62,227.0,296.63,878.0
1753591892796,04:51:32.796,huobi,AAVE/USDT:USDT,296.433,8.0,296.419,25.0,296.517,8.0,296.553,25.0
1753591892838,04:51:32.838,huobi,AAVE/USDT:USDT,296.433,8.0,296.419,25.0,296.517,8.0,296.553,25.0
1753591892855,04:51:32.855,binance,AAVE/USDT:USDT,296.51,22.3,296.5,14.2,296.52,6.7,296.53,0.6
1753591892891,04:51:32.891,bybit,AAVE/USDT:USDT,296.55,3.79,296.54,0.8,296.56,0.92,296.58,0.13
1753591892871,04:51:32.871,huobi,AAVE/USDT:USDT,296.433,8.0,296.419,25.0,296.517,8.0,296.553,25.0
1753591892882,04:51:32.882,gateio,AAVE/USDT:USDT,296.56,671.0,296.54,96.0,296.6,241.0,296.61,803.0
1753591892900,04:51:32.900,huobi,AAVE/USDT:USDT,296.433,8.0,296.419,25.0,296.517,8.0,296.553,25.0
1753591892921,04:51:32.921,huobi,AAVE/USDT:USDT,296.433,8.0,296.419,25.0,296.517,8.0,296.553,25.0
1753591892957,04:51:32.957,binance,AAVE/USDT:USDT,296.51,22.3,296.5,14.2,296.52,6.7,296.53,0.6
1753591892991,04:51:32.991,bybit,AAVE/USDT:USDT,296.55,3.79,296.54,0.8,296.56,0.92,296.58,0.13
1753591892919,04:51:32.919,gateio,AAVE/USDT:USDT,296.56,671.0,296.54,96.0,296.6,241.0,296.61,803.0
1753591893000,04:51:33.000,bitget,AAVE/USDT:USDT,296.82,4.7,296.81,1.9,296.84,2.6,296.85,0.5
1753591893010,04:51:33.010,huobi,AAVE/USDT:USDT,296.433,8.0,296.419,25.0,296.517,8.0,296.553,25.0
1753591893091,04:51:33.091,bybit,AAVE/USDT:USDT,296.55,3.79,296.54,0.8,296.56,0.92,296.58,0.13
1753591893061,04:51:33.061,binance,AAVE/USDT:USDT,296.51,22.3,296.5,14.2,296.52,6.7,296.53,0.6
1753591893087,04:51:33.087,gateio,AAVE/USDT:USDT,296.56,671.0,296.54,96.0,296.6,241.0,296.61,803.0
1753591893140,04:51:33.140,huobi,AAVE/USDT:USDT,296.433,8.0,296.419,25.0,296.517,8.0,296.553,25.0
1753591893150,04:51:33.150,bitget,AAVE/USDT:USDT,296.82,4.7,296.81,1.9,296.84,2.6,296.85,0.5
1753591893191,04:51:33.191,bybit,AAVE/USDT:USDT,296.55,3.79,296.54,0.8,296.56,0.92,296.58,3.5
1753591893164,04:51:33.164,binance,AAVE/USDT:USDT,296.51,22.3,296.5,14.2,296.52,6.7,296.53,0.6
1753591893181,04:51:33.181,huobi,AAVE/USDT:USDT,296.433,8.0,296.419,25.0,296.517,8.0,296.553,25.0
1753591893184,04:51:33.184,huobi,AAVE/USDT:USDT,296.433,8.0,296.419,25.0,296.517,8.0,296.553,25.0
1753591893177,04:51:33.177,gateio,AAVE/USDT:USDT,296.56,671.0,296.54,96.0,296.6,241.0,296.61,803.0
1753591893219,04:51:33.219,huobi,AAVE/USDT:USDT,296.433,8.0,296.419,25.0,296.517,8.0,296.553,25.0
1753591893291,04:51:33.291,bybit,AAVE/USDT:USDT,296.55,3.79,296.54,0.8,296.56,0.92,296.58,3.5
1753591893268,04:51:33.268,binance,AAVE/USDT:USDT,296.51,22.3,296.5,14.2,296.52,6.7,296.53,0.6
1753591893270,04:51:33.270,huobi,AAVE/USDT:USDT,296.433,8.0,296.419,25.0,296.517,8.0,296.553,25.0
1753591893391,04:51:33.391,bybit,AAVE/USDT:USDT,296.55,2.99,296.53,0.84,296.56,0.92,296.58,3.5
1753591893370,04:51:33.370,huobi,AAVE/USDT:USDT,296.433,8.0,296.419,25.0,296.517,8.0,296.553,25.0
1753591893420,04:51:33.420,huobi,AAVE/USDT:USDT,296.433,8.0,296.419,25.0,296.517,8.0,296.553,25.0
1753591893450,04:51:33.450,bitget,AAVE/USDT:USDT,296.82,4.7,296.81,1.9,296.84,2.6,296.85,0.5
1753591893491,04:51:33.491,bybit,AAVE/USDT:USDT,296.55,2.99,296.53,0.84,296.56,0.92,296.58,3.5
1753591893530,04:51:33.530,huobi,AAVE/USDT:USDT,296.433,8.0,296.419,25.0,296.517,8.0,296.553,25.0
1753591893547,04:51:33.547,huobi,AAVE/USDT:USDT,296.433,8.0,296.419,25.0,296.517,8.0,296.553,25.0
1753591893592,04:51:33.592,bybit,AAVE/USDT:USDT,296.55,2.99,296.53,0.84,296.56,0.92,296.58,3.5
1753591893592,04:51:33.592,huobi,AAVE/USDT:USDT,296.433,8.0,296.419,25.0,296.517,8.0,296.553,25.0
1753591893537,04:51:33.537,gateio,AAVE/USDT:USDT,296.56,671.0,296.54,96.0,296.6,241.0,296.61,803.0
1753591893618,04:51:33.618,binance,AAVE/USDT:USDT,296.51,22.3,296.5,14.2,296.52,6.7,296.53,0.6
1753591893633,04:51:33.633,huobi,AAVE/USDT:USDT,296.433,8.0,296.419,25.0,296.517,8.0,296.553,25.0
1753591893634,04:51:33.634,huobi,AAVE/USDT:USDT,296.433,8.0,296.419,25.0,296.517,8.0,296.553,25.0
1753591893691,04:51:33.691,bybit,AAVE/USDT:USDT,296.55,2.99,296.53,0.84,296.56,0.92,296.58,3.5
1753591893721,04:51:33.721,binance,AAVE/USDT:USDT,296.51,22.3,296.5,14.2,296.52,6.7,296.53,0.6
1753591893828,04:51:33.828,huobi,AAVE/USDT:USDT,296.433,8.0,296.419,25.0,296.517,8.0,296.553,25.0
1753591893890,04:51:33.890,bybit,AAVE/USDT:USDT,296.55,2.99,296.53,2.86,296.56,0.92,296.58,3.5
1753591893854,04:51:33.854,huobi,AAVE/USDT:USDT,296.433,8.0,296.419,25.0,296.517,8.0,296.553,25.0
1753591893890,04:51:33.890,huobi,AAVE/USDT:USDT,296.433,8.0,296.419,25.0,296.517,8.0,296.553,25.0
1753591893900,04:51:33.900,bitget,AAVE/USDT:USDT,296.82,0.7,296.81,3.1,296.84,2.6,296.85,0.5
1753591893948,04:51:33.948,binance,AAVE/USDT:USDT,296.51,22.3,296.5,14.2,296.52,6.7,296.53,0.6
1753591894160,04:51:34.160,huobi,AAVE/USDT:USDT,296.433,8.0,296.419,25.0,296.517,8.0,296.553,25.0
1753591894200,04:51:34.200,huobi,AAVE/USDT:USDT,296.433,8.0,296.419,25.0,296.517,8.0,296.553,25.0
1753591894280,04:51:34.280,huobi,AAVE/USDT:USDT,296.433,8.0,296.419,25.0,296.517,8.0,296.553,25.0
1753591894307,04:51:34.307,huobi,AAVE/USDT:USDT,296.433,8.0,296.419,25.0,296.517,8.0,296.553,25.0
1753591894333,04:51:34.333,binance,AAVE/USDT:USDT,296.51,22.3,296.5,14.2,296.52,6.7,296.53,0.6
1753591894391,04:51:34.391,bybit,AAVE/USDT:USDT,296.55,2.99,296.53,2.86,296.56,0.92,296.58,3.5
1753591894374,04:51:34.374,gateio,AAVE/USDT:USDT,296.56,671.0,296.54,96.0,296.6,241.0,296.61,803.0
1753591894491,04:51:34.491,bybit,AAVE/USDT:USDT,296.55,2.99,296.53,2.06,296.56,0.92,296.58,3.5
1753591894458,04:51:34.458,huobi,AAVE/USDT:USDT,296.433,8.0,296.419,25.0,296.517,8.0,296.553,25.0
1753591894473,04:51:34.473,binance,AAVE/USDT:USDT,296.51,27.4,296.5,6.5,296.52,6.7,296.53,0.7
1753591894487,04:51:34.487,huobi,AAVE/USDT:USDT,296.433,8.0,296.419,25.0,296.517,8.0,296.553,25.0
1753591894426,04:51:34.426,gateio,AAVE/USDT:USDT,296.56,671.0,296.54,96.0,296.6,241.0,296.61,803.0
1753591894501,04:51:34.501,bitget,AAVE/USDT:USDT,296.82,0.7,296.81,3.1,296.83,0.5,296.84,6.6
1753591894509,04:51:34.509,huobi,AAVE/USDT:USDT,296.433,8.0,296.419,25.0,296.517,8.0,296.553,25.0
1753591894661,04:51:34.661,huobi,AAVE/USDT:USDT,296.433,8.0,296.419,25.0,296.517,8.0,296.553,25.0
1753591894720,04:51:34.720,huobi,AAVE/USDT:USDT,296.433,8.0,296.419,25.0,296.517,8.0,296.553,25.0
1753591894541,04:51:34.541,gateio,AAVE/USDT:USDT,296.56,671.0,296.53,116.0,296.59,724.0,296.62,265.0
1753591894752,04:51:34.752,huobi,AAVE/USDT:USDT,296.433,8.0,296.419,25.0,296.517,8.0,296.553,25.0
1753591894651,04:51:34.651,bitget,AAVE/USDT:USDT,296.81,3.9,296.8,7.2,296.83,0.8,296.84,7.6
1753591894780,04:51:34.780,huobi,AAVE/USDT:USDT,296.433,8.0,296.419,25.0,296.517,8.0,296.553,25.0
1753591894782,04:51:34.782,binance,AAVE/USDT:USDT,296.51,27.5,296.5,6.5,296.52,6.7,296.53,0.7
1753591894852,04:51:34.852,huobi,AAVE/USDT:USDT,296.433,8.0,296.419,25.0,296.517,8.0,296.553,25.0
1753591894891,04:51:34.891,bybit,AAVE/USDT:USDT,296.55,2.99,296.53,0.04,296.56,2.41,296.58,5.06
1753591894868,04:51:34.868,gateio,AAVE/USDT:USDT,296.56,671.0,296.54,93.0,296.59,724.0,296.61,41.0
1753591894951,04:51:34.951,bitget,AAVE/USDT:USDT,296.81,2.2,296.8,0.6,296.82,1.6,296.83,0.8
1753591894991,04:51:34.991,bybit,AAVE/USDT:USDT,296.55,2.99,296.53,0.04,296.56,2.41,296.58,5.06
1753591894965,04:51:34.965,binance,AAVE/USDT:USDT,296.51,27.5,296.5,6.5,296.52,6.7,296.53,0.7
1753591895111,04:51:35.111,binance,AAVE/USDT:USDT,296.51,27.5,296.5,6.5,296.52,6.7,296.53,0.7
1753591895121,04:51:35.121,huobi,AAVE/USDT:USDT,296.433,8.0,296.419,25.0,296.517,8.0,296.553,25.0
1753591895150,04:51:35.150,huobi,AAVE/USDT:USDT,296.433,8.0,296.419,25.0,296.517,8.0,296.553,25.0
1753591895191,04:51:35.191,bybit,AAVE/USDT:USDT,296.55,2.99,296.53,0.04,296.56,2.41,296.58,4.99
1753591895190,04:51:35.190,huobi,AAVE/USDT:USDT,296.433,8.0,296.419,25.0,296.517,8.0,296.553,25.0
1753591895214,04:51:35.214,binance,AAVE/USDT:USDT,296.51,27.5,296.5,6.5,296.52,6.7,296.53,0.7
1753591895251,04:51:35.251,bitget,AAVE/USDT:USDT,296.81,2.2,296.8,0.6,296.82,1.6,296.83,0.8
1753591895292,04:51:35.292,huobi,AAVE/USDT:USDT,296.433,8.0,296.419,25.0,296.517,8.0,296.553,25.0
1753591895285,04:51:35.285,gateio,AAVE/USDT:USDT,296.56,671.0,296.54,93.0,296.59,724.0,296.61,41.0
1753591895317,04:51:35.317,binance,AAVE/USDT:USDT,296.51,25.8,296.5,6.5,296.52,6.7,296.53,0.7
1753591895327,04:51:35.327,huobi,AAVE/USDT:USDT,296.433,8.0,296.419,25.0,296.517,8.0,296.553,25.0
1753591895349,04:51:35.349,huobi,AAVE/USDT:USDT,296.433,8.0,296.419,25.0,296.517,8.0,296.553,25.0
1753591895391,04:51:35.391,bybit,AAVE/USDT:USDT,296.55,2.99,296.53,0.04,296.56,2.41,296.58,4.99
1753591895401,04:51:35.401,bitget,AAVE/USDT:USDT,296.81,2.2,296.8,2.5,296.82,2.1,296.83,0.8
1753591895420,04:51:35.420,binance,AAVE/USDT:USDT,296.51,25.8,296.5,6.5,296.52,6.7,296.53,0.7
1753591895552,04:51:35.552,bitget,AAVE/USDT:USDT,296.81,2.2,296.8,2.5,296.82,2.1,296.83,0.8
1753591895591,04:51:35.591,bybit,AAVE/USDT:USDT,296.55,2.99,296.53,0.04,296.56,2.41,296.58,4.99
1753591895580,04:51:35.580,huobi,AAVE/USDT:USDT,296.433,8.0,296.419,25.0,296.517,8.0,296.553,25.0
1753591895601,04:51:35.601,huobi,AAVE/USDT:USDT,296.433,8.0,296.419,25.0,296.517,8.0,296.553,25.0
1753591895618,04:51:35.618,binance,AAVE/USDT:USDT,296.51,25.8,296.5,6.5,296.52,6.7,296.53,0.7
1753591895943,04:51:35.943,gateio,AAVE/USDT:USDT,296.56,671.0,296.54,93.0,296.59,724.0,296.61,41.0
1753591896068,04:51:36.068,huobi,AAVE/USDT:USDT,296.433,8.0,296.419,25.0,296.517,8.0,296.553,25.0
1753591896094,04:51:36.094,gateio,AAVE/USDT:USDT,296.54,66.0,296.53,116.0,296.58,310.0,296.59,724.0
1753591896107,04:51:36.107,binance,AAVE/USDT:USDT,296.51,18.7,296.5,6.5,296.52,10.5,296.53,4.9
1753591896141,04:51:36.141,huobi,AAVE/USDT:USDT,296.433,8.0,296.419,25.0,296.517,8.0,296.553,25.0
1753591896152,04:51:36.152,bitget,AAVE/USDT:USDT,296.8,2.5,296.79,8.5,296.82,2.1,296.83,0.5
1753591896191,04:51:36.191,bybit,AAVE/USDT:USDT,296.55,2.99,296.53,0.04,296.56,3.91,296.57,0.62
1753591896172,04:51:36.172,huobi,AAVE/USDT:USDT,296.433,8.0,296.419,25.0,296.517,8.0,296.553,25.0
1753591896197,04:51:36.197,gateio,AAVE/USDT:USDT,296.55,66.0,296.52,777.0,296.57,773.0,296.58,217.0
1753591896199,04:51:36.199,huobi,AAVE/USDT:USDT,296.433,8.0,296.419,25.0,296.517,8.0,296.553,25.0
1753591896209,04:51:36.209,binance,AAVE/USDT:USDT,296.51,16.9,296.5,6.5,296.52,10.5,296.53,11.8
1753591896225,04:51:36.225,huobi,AAVE/USDT:USDT,296.433,8.0,296.419,25.0,296.517,8.0,296.553,25.0
1753591896291,04:51:36.291,huobi,AAVE/USDT:USDT,296.433,8.0,296.419,25.0,296.517,8.0,296.553,25.0
1753591896370,04:51:36.370,huobi,AAVE/USDT:USDT,296.433,8.0,296.419,25.0,296.517,8.0,296.553,25.0
1753591896289,04:51:36.289,gateio,AAVE/USDT:USDT,296.55,66.0,296.54,772.0,296.57,773.0,296.59,41.0
1753591896675,04:51:36.675,gateio,AAVE/USDT:USDT,296.57,66.0,296.56,760.0,296.59,223.0,296.6,742.0
1753591896312,04:51:36.312,binance,AAVE/USDT:USDT,296.51,16.9,296.5,6.5,296.52,10.5,296.53,11.8
1753591896876,04:51:36.876,huobi,AAVE/USDT:USDT,296.433,8.0,296.419,25.0,296.517,8.0,296.553,25.0
1753591896839,04:51:36.839,gateio,AAVE/USDT:USDT,296.57,66.0,296.56,760.0,296.59,223.0,296.6,742.0
1753591896912,04:51:36.912,huobi,AAVE/USDT:USDT,296.433,8.0,296.419,25.0,296.517,8.0,296.553,25.0
1753591897017,04:51:37.017,binance,AAVE/USDT:USDT,296.51,17.1,296.5,12.3,296.52,10.3,296.53,0.6
1753591897030,04:51:37.030,huobi,AAVE/USDT:USDT,296.433,8.0,296.419,25.0,296.517,8.0,296.553,25.0
1753591897091,04:51:37.091,bybit,AAVE/USDT:USDT,296.55,2.99,296.53,0.04,296.56,7.54,296.58,4.99
1753591897061,04:51:37.061,huobi,AAVE/USDT:USDT,296.433,8.0,296.419,25.0,296.517,8.0,296.553,25.0
1753591897043,04:51:37.043,gateio,AAVE/USDT:USDT,296.57,66.0,296.56,760.0,296.59,223.0,296.6,742.0
1753591897171,04:51:37.171,binance,AAVE/USDT:USDT,296.51,17.1,296.5,12.3,296.52,10.3,296.53,0.6
1753591897201,04:51:37.201,huobi,AAVE/USDT:USDT,296.433,8.0,296.419,25.0,296.517,8.0,296.553,25.0
1753591897289,04:51:37.289,huobi,AAVE/USDT:USDT,296.433,8.0,296.419,25.0,296.517,8.0,296.553,25.0
1753591897297,04:51:37.297,huobi,AAVE/USDT:USDT,296.433,8.0,296.419,25.0,296.517,8.0,296.553,25.0
1753591897330,04:51:37.330,huobi,AAVE/USDT:USDT,296.433,8.0,296.419,25.0,296.517,8.0,296.553,25.0
1753591897386,04:51:37.386,huobi,AAVE/USDT:USDT,296.433,8.0,296.419,25.0,296.517,8.0,296.553,25.0
1753591897391,04:51:37.391,bybit,AAVE/USDT:USDT,296.55,2.99,296.53,0.04,296.56,7.54,296.58,4.99
1753591897405,04:51:37.405,okx,AAVE/USDT:USDT,296.57,23.5,296.56,0.2,296.58,41.0,296.6,13.4
1753591897414,04:51:37.414,huobi,AAVE/USDT:USDT,296.433,8.0,296.419,25.0,296.517,8.0,296.553,25.0
1753591897549,04:51:37.549,huobi,AAVE/USDT:USDT,296.433,8.0,296.419,25.0,296.517,8.0,296.553,25.0
1753591897562,04:51:37.562,gateio,AAVE/USDT:USDT,296.56,760.0,296.53,93.0,296.59,223.0,296.6,742.0
1753591897655,04:51:37.655,gateio,AAVE/USDT:USDT,296.56,760.0,296.53,93.0,296.59,223.0,296.6,742.0
1753591894462,04:51:34.462,phemex,AAVE/USDT:USDT,296.46,0.4,296.44,0.8,296.52,0.4,296.53,1.0
1753591897719,04:51:37.719,huobi,AAVE/USDT:USDT,296.433,8.0,296.419,25.0,296.517,8.0,296.553,25.0
1753591897745,04:51:37.745,binance,AAVE/USDT:USDT,296.51,17.1,296.5,6.5,296.52,10.3,296.53,7.2
1753591897794,04:51:37.794,bybit,AAVE/USDT:USDT,296.55,3.0,296.53,0.04,296.56,7.54,296.58,5.06
1753591897760,04:51:37.760,huobi,AAVE/USDT:USDT,296.433,8.0,296.419,25.0,296.517,8.0,296.553,25.0
1753591897803,04:51:37.803,bitget,AAVE/USDT:USDT,296.8,0.4,296.78,20.1,296.81,0.8,296.82,3.4
1753591897891,04:51:37.891,bybit,AAVE/USDT:USDT,296.55,3.0,296.53,0.04,296.56,7.54,296.58,5.06
1753591897865,04:51:37.865,binance,AAVE/USDT:USDT,296.51,17.1,296.5,6.5,296.52,10.3,296.53,7.2
1753591897905,04:51:37.905,okx,AAVE/USDT:USDT,296.57,24.0,296.56,0.2,296.58,41.0,296.6,13.4
1753591897968,04:51:37.968,binance,AAVE/USDT:USDT,296.51,17.1,296.5,6.5,296.52,10.3,296.53,4.9
1753591898041,04:51:38.041,huobi,AAVE/USDT:USDT,296.433,8.0,296.419,25.0,296.517,8.0,296.553,25.0
1753591898048,04:51:38.048,huobi,AAVE/USDT:USDT,296.433,8.0,296.419,25.0,296.517,8.0,296.553,25.0
1753591898022,04:51:38.022,gateio,AAVE/USDT:USDT,296.56,760.0,296.53,93.0,296.59,223.0,296.6,742.0
1753591898103,04:51:38.103,bitget,AAVE/USDT:USDT,296.8,0.4,296.78,20.1,296.81,0.8,296.82,3.4
1753591898111,04:51:38.111,binance,AAVE/USDT:USDT,296.51,17.1,296.5,6.5,296.52,10.3,296.53,4.9
1753591898205,04:51:38.205,okx,AAVE/USDT:USDT,296.57,24.0,296.56,0.2,296.58,41.0,296.6,13.4
1753591898230,04:51:38.230,huobi,AAVE/USDT:USDT,296.433,8.0,296.419,25.0,296.517,8.0,296.553,25.0
1753591855077,04:50:55.077,blofin,AAVE/USDT:USDT,296.28,150.0,296.27,37.0,296.3,6.0,296.31,9.0
1753591898290,04:51:38.290,bybit,AAVE/USDT:USDT,296.55,3.0,296.53,0.04,296.56,7.54,296.58,5.06
1753591898253,04:51:38.253,bitget,AAVE/USDT:USDT,296.8,0.4,296.78,20.1,296.81,0.8,296.82,3.4
1753591898265,04:51:38.265,huobi,AAVE/USDT:USDT,296.433,8.0,296.419,25.0,296.517,8.0,296.553,25.0
1753591898305,04:51:38.305,okx,AAVE/USDT:USDT,296.57,24.0,296.56,0.2,296.58,41.0,296.6,13.5
1753591898330,04:51:38.330,binance,AAVE/USDT:USDT,296.51,17.1,296.5,6.5,296.52,10.3,296.53,0.6
1753591898337,04:51:38.337,huobi,AAVE/USDT:USDT,296.433,8.0,296.419,25.0,296.517,8.0,296.553,25.0
1753591898391,04:51:38.391,bybit,AAVE/USDT:USDT,296.55,3.0,296.53,0.04,296.56,7.54,296.58,4.99
1753591898354,04:51:38.354,gateio,AAVE/USDT:USDT,296.56,760.0,296.54,41.0,296.59,223.0,296.6,742.0
1753591898432,04:51:38.432,binance,AAVE/USDT:USDT,296.51,17.3,296.5,6.5,296.52,10.3,296.53,0.6
1753591898491,04:51:38.491,bybit,AAVE/USDT:USDT,296.55,3.0,296.53,0.04,296.56,11.86,296.58,4.99
1753591898458,04:51:38.458,huobi,AAVE/USDT:USDT,296.433,8.0,296.419,25.0,296.517,8.0,296.553,25.0
1753591898478,04:51:38.478,gateio,AAVE/USDT:USDT,296.56,760.0,296.54,41.0,296.59,223.0,296.6,742.0
1753591898519,04:51:38.519,huobi,AAVE/USDT:USDT,296.433,8.0,296.419,25.0,296.517,8.0,296.553,25.0
1753591898543,04:51:38.543,huobi,AAVE/USDT:USDT,296.433,8.0,296.419,25.0,296.517,8.0,296.553,25.0
1753591898550,04:51:38.550,binance,AAVE/USDT:USDT,296.51,17.4,296.5,17.5,296.52,10.3,296.53,0.6
1753591898553,04:51:38.553,bitget,AAVE/USDT:USDT,296.8,0.7,296.78,20.1,296.81,0.5,296.82,3.4
1753591898592,04:51:38.592,bybit,AAVE/USDT:USDT,296.55,3.0,296.53,0.04,296.56,11.86,296.58,4.99
1753591898572,04:51:38.572,huobi,AAVE/USDT:USDT,296.433,8.0,296.419,25.0,296.517,8.0,296.553,25.0
1753591898605,04:51:38.605,okx,AAVE/USDT:USDT,296.57,41.2,296.56,10.6,296.58,41.0,296.6,13.5
1753591898507,04:51:38.507,gateio,AAVE/USDT:USDT,296.56,760.0,296.54,41.0,296.59,223.0,296.6,742.0
1753591898628,04:51:38.628,phemex,AAVE/USDT:USDT,296.46,0.4,296.44,0.8,296.52,0.4,296.53,1.0
1753591898664,04:51:38.664,phemex,AAVE/USDT:USDT,296.46,0.4,296.44,0.8,296.52,0.4,296.53,1.0
1753591898656,04:51:38.656,binance,AAVE/USDT:USDT,296.51,17.6,296.5,17.5,296.52,10.3,296.53,0.6
1753591898670,04:51:38.670,huobi,AAVE/USDT:USDT,296.433,8.0,296.419,25.0,296.517,8.0,296.553,25.0
1753591898675,04:51:38.675,huobi,AAVE/USDT:USDT,296.433,8.0,296.419,25.0,296.517,8.0,296.553,25.0
1753591898705,04:51:38.705,okx,AAVE/USDT:USDT,296.57,41.2,296.56,10.6,296.58,41.0,296.6,13.5
1753591898791,04:51:38.791,bybit,AAVE/USDT:USDT,296.55,3.49,296.53,0.04,296.56,11.86,296.58,4.99
1753591898762,04:51:38.762,binance,AAVE/USDT:USDT,296.51,17.6,296.5,25.4,296.52,10.3,296.53,0.6
1753591898779,04:51:38.779,huobi,AAVE/USDT:USDT,296.433,8.0,296.419,25.0,296.517,8.0,296.553,25.0
1753591898805,04:51:38.805,okx,AAVE/USDT:USDT,296.57,41.2,296.56,10.6,296.58,41.0,296.6,13.5
1753591898891,04:51:38.891,bybit,AAVE/USDT:USDT,296.55,3.49,296.53,0.04,296.56,11.86,296.58,7.01
1753591898859,04:51:38.859,huobi,AAVE/USDT:USDT,296.433,8.0,296.419,25.0,296.517,8.0,296.553,25.0
1753591898867,04:51:38.867,binance,AAVE/USDT:USDT,296.51,17.6,296.5,25.4,296.52,10.3,296.53,0.6
1753591898888,04:51:38.888,huobi,AAVE/USDT:USDT,296.433,8.0,296.419,25.0,296.517,8.0,296.553,25.0
1753591898930,04:51:38.930,gateio,AAVE/USDT:USDT,296.56,760.0,296.54,41.0,296.59,223.0,296.6,742.0
1753591899053,04:51:39.053,huobi,AAVE/USDT:USDT,296.433,8.0,296.419,25.0,296.517,8.0,296.553,25.0
1753591899191,04:51:39.191,bybit,AAVE/USDT:USDT,296.55,3.49,296.54,0.8,296.56,11.86,296.58,7.01
1753591899153,04:51:39.153,bitget,AAVE/USDT:USDT,296.8,4.7,296.78,16.1,296.81,0.5,296.82,2.4
1753591899205,04:51:39.205,okx,AAVE/USDT:USDT,296.57,41.2,296.56,10.6,296.58,41.0,296.6,13.5
1753591899209,04:51:39.209,huobi,AAVE/USDT:USDT,296.433,8.0,296.419,25.0,296.517,8.0,296.553,25.0
1753591899240,04:51:39.240,huobi,AAVE/USDT:USDT,296.433,8.0,296.419,25.0,296.517,8.0,296.553,25.0
1753591899263,04:51:39.263,phemex,AAVE/USDT:USDT,296.46,0.4,296.44,0.8,296.52,0.4,296.53,1.0
1753591899442,04:51:39.442,huobi,AAVE/USDT:USDT,296.433,8.0,296.419,25.0,296.517,8.0,296.553,25.0
1753591899290,04:51:39.290,phemex,AAVE/USDT:USDT,296.46,0.4,296.44,0.8,296.52,0.4,296.53,1.0
1753591899468,04:51:39.468,huobi,AAVE/USDT:USDT,296.433,8.0,296.419,25.0,296.517,8.0,296.553,25.0
1753591899222,04:51:39.222,bitmex,AAVE/USDT:USDT,296.73,1000.0,296.67,1000.0,296.84,113000.0,296.98,728000.0
1753591899364,04:51:39.364,binance,AAVE/USDT:USDT,296.51,18.9,296.5,25.4,296.52,10.3,296.53,0.6
1753591899523,04:51:39.523,huobi,AAVE/USDT:USDT,296.433,8.0,296.419,25.0,296.517,8.0,296.553,25.0
1753591899545,04:51:39.545,binance,AAVE/USDT:USDT,296.52,55.9,296.51,22.6,296.53,3.0,296.54,0.5
1753591899550,04:51:39.550,huobi,AAVE/USDT:USDT,296.45,8.0,296.436,8.0,296.517,8.0,296.553,25.0
1753591899591,04:51:39.591,bybit,AAVE/USDT:USDT,296.55,4.99,296.54,1.42,296.56,10.37,296.58,1.62
1753591899582,04:51:39.582,huobi,AAVE/USDT:USDT,296.45,8.0,296.436,8.0,296.517,8.0,296.553,25.0
1753591899592,04:51:39.592,gateio,AAVE/USDT:USDT,296.6,66.0,296.57,93.0,296.63,541.0,296.64,1736.0
1753591899604,04:51:39.604,bitget,AAVE/USDT:USDT,296.8,5.5,296.79,4.0,296.83,0.5,296.84,0.2
1753591899619,04:51:39.619,huobi,AAVE/USDT:USDT,296.45,8.0,296.436,8.0,296.517,8.0,296.553,25.0
1753591899584,04:51:39.584,bitmex,AAVE/USDT:USDT,296.74,1000.0,296.73,1000.0,296.84,113000.0,296.98,728000.0
1753591899639,04:51:39.639,huobi,AAVE/USDT:USDT,296.451,8.0,296.45,8.0,296.517,8.0,296.553,25.0
1753591899646,04:51:39.646,binance,AAVE/USDT:USDT,296.54,45.6,296.53,31.8,296.55,2.6,296.56,2.3
1753591899691,04:51:39.691,bybit,AAVE/USDT:USDT,296.57,20.5,296.56,10.62,296.59,0.13,296.6,0.9
1753591899669,04:51:39.669,huobi,AAVE/USDT:USDT,296.465,8.0,296.451,8.0,296.517,8.0,296.553,25.0
1753591899634,04:51:39.634,bitmex,AAVE/USDT:USDT,296.79,1000.0,296.72,1000.0,296.84,113000.0,296.98,728000.0
1753591899705,04:51:39.705,okx,AAVE/USDT:USDT,296.59,196.3,296.58,42.0,296.6,4.3,296.61,0.4
1753591899695,04:51:39.695,huobi,AAVE/USDT:USDT,296.465,8.0,296.451,8.0,296.517,8.0,296.559,25.0
1753591899692,04:51:39.692,gateio,AAVE/USDT:USDT,296.62,66.0,296.61,699.0,296.64,257.0,296.65,856.0
1753591899731,04:51:39.731,huobi,AAVE/USDT:USDT,296.482,8.0,296.468,8.0,296.517,8.0,296.559,25.0
1753591899752,04:51:39.752,binance,AAVE/USDT:USDT,296.56,33.9,296.55,29.1,296.57,2.6,296.58,2.3
1753591899757,04:51:39.757,huobi,AAVE/USDT:USDT,296.484,8.0,296.482,8.0,296.517,8.0,296.559,25.0
1753591899794,04:51:39.794,bybit,AAVE/USDT:USDT,296.58,8.19,296.57,13.04,296.59,0.09,296.6,0.9
1753591899733,04:51:39.733,bitmex,AAVE/USDT:USDT,296.82,1000.0,296.51,6000.0,296.83,1000.0,296.84,113000.0
1753591899805,04:51:39.805,okx,AAVE/USDT:USDT,296.59,216.4,296.58,42.0,296.6,4.5,296.61,0.4
1753591899791,04:51:39.791,huobi,AAVE/USDT:USDT,296.498,8.0,296.484,8.0,296.517,8.0,296.559,25.0
1753591899779,04:51:39.779,gateio,AAVE/USDT:USDT,296.62,66.0,296.61,699.0,296.64,257.0,296.65,856.0
1753591899824,04:51:39.824,huobi,AAVE/USDT:USDT,296.498,8.0,296.484,8.0,296.517,8.0,296.559,25.0
1753591899783,04:51:39.783,bitmex,AAVE/USDT:USDT,296.82,1000.0,296.74,1000.0,296.83,1000.0,296.84,113000.0
1753591899854,04:51:39.854,binance,AAVE/USDT:USDT,296.56,31.4,296.55,23.9,296.57,2.6,296.58,2.3
1753591899891,04:51:39.891,bybit,AAVE/USDT:USDT,296.58,9.5,296.57,12.13,296.59,0.09,296.6,0.9
1753591899861,04:51:39.861,huobi,AAVE/USDT:USDT,296.498,8.0,296.484,8.0,296.517,8.0,296.559,25.0
1753591899832,04:51:39.832,bitmex,AAVE/USDT:USDT,296.82,1000.0,296.74,1000.0,296.83,1000.0,296.84,113000.0
1753591899861,04:51:39.861,gateio,AAVE/USDT:USDT,296.62,66.0,296.61,699.0,296.64,257.0,296.65,856.0
1753591899905,04:51:39.905,okx,AAVE/USDT:USDT,296.59,216.4,296.58,42.0,296.6,4.5,296.61,0.4
1753591899899,04:51:39.899,huobi,AAVE/USDT:USDT,296.498,8.0,296.484,8.0,296.517,8.0,296.559,25.0
1753591899915,04:51:39.915,huobi,AAVE/USDT:USDT,296.498,8.0,296.484,8.0,296.517,8.0,296.559,25.0
1753591899956,04:51:39.956,binance,AAVE/USDT:USDT,296.56,31.4,296.55,23.9,296.57,2.6,296.58,2.3
1753591899549,04:51:39.549,phemex,AAVE/USDT:USDT,296.46,0.4,296.44,0.8,296.52,0.4,296.53,1.0
1753591899991,04:51:39.991,bybit,AAVE/USDT:USDT,296.58,10.23,296.57,12.13,296.59,0.09,296.6,0.9
1753591899574,04:51:39.574,phemex,AAVE/USDT:USDT,296.46,0.4,296.44,0.8,296.53,1.0,296.54,3.8
1753591899733,04:51:39.733,phemex,AAVE/USDT:USDT,296.46,0.4,296.44,0.8,296.58,0.4,296.6,4.2
1753591899928,04:51:39.928,phemex,AAVE/USDT:USDT,296.46,0.4,296.44,0.8,296.58,0.4,296.6,4.2
1753591900002,04:51:40.002,phemex,AAVE/USDT:USDT,296.46,0.4,296.44,0.8,296.58,0.4,296.6,4.2
1753591900005,04:51:40.005,okx,AAVE/USDT:USDT,296.59,205.7,296.58,42.0,296.6,4.5,296.61,0.4
1753591899999,04:51:39.999,gateio,AAVE/USDT:USDT,296.62,66.0,296.61,699.0,296.64,257.0,296.65,856.0
1753591900043,04:51:40.043,huobi,AAVE/USDT:USDT,296.498,8.0,296.484,8.0,296.517,8.0,296.559,25.0
1753591900090,04:51:40.090,bybit,AAVE/USDT:USDT,296.58,10.23,296.57,11.45,296.59,0.09,296.6,0.9
1753591900054,04:51:40.054,bitget,AAVE/USDT:USDT,296.87,0.4,296.85,5.8,296.88,2.9,296.89,9.8
1753591900086,04:51:40.086,phemex,AAVE/USDT:USDT,296.46,0.4,296.44,0.8,296.58,0.4,296.6,4.2
1753591900069,04:51:40.069,huobi,AAVE/USDT:USDT,296.498,8.0,296.484,8.0,296.517,8.0,296.559,25.0
1753591900023,04:51:40.023,gateio,AAVE/USDT:USDT,296.62,66.0,296.61,699.0,296.64,257.0,296.65,856.0
1753591900125,04:51:40.125,huobi,AAVE/USDT:USDT,296.498,8.0,296.484,8.0,296.517,8.0,296.559,25.0
1753591900144,04:51:40.144,huobi,AAVE/USDT:USDT,296.498,8.0,296.484,8.0,296.517,8.0,296.559,25.0
1753591900191,04:51:40.191,bybit,AAVE/USDT:USDT,296.58,10.33,296.57,11.45,296.59,0.69,296.6,0.86
1753591900163,04:51:40.163,binance,AAVE/USDT:USDT,296.56,30.0,296.55,19.9,296.57,8.6,296.58,2.3
1753591900205,04:51:40.205,okx,AAVE/USDT:USDT,296.59,205.0,296.58,30.6,296.6,4.4,296.61,0.4
1753591900129,04:51:40.129,gateio,AAVE/USDT:USDT,296.62,66.0,296.61,699.0,296.64,257.0,296.65,856.0
1753591900204,04:51:40.204,bitget,AAVE/USDT:USDT,296.87,0.4,296.85,5.8,296.88,5.0,296.89,10.8
1753591900200,04:51:40.200,huobi,AAVE/USDT:USDT,296.498,8.0,296.484,8.0,296.517,8.0,296.559,25.0
1753591900246,04:51:40.246,huobi,AAVE/USDT:USDT,296.498,8.0,296.484,8.0,296.517,8.0,296.559,25.0
1753591900291,04:51:40.291,bybit,AAVE/USDT:USDT,296.58,10.33,296.57,11.45,296.59,0.69,296.6,0.86
1753591900272,04:51:40.272,huobi,AAVE/USDT:USDT,296.498,8.0,296.484,8.0,296.517,8.0,296.559,25.0
1753591900305,04:51:40.305,okx,AAVE/USDT:USDT,296.59,216.0,296.58,62.8,296.6,1.4,296.61,0.4
1753591900247,04:51:40.247,gateio,AAVE/USDT:USDT,296.62,66.0,296.61,699.0,296.64,257.0,296.65,856.0
1753591900301,04:51:40.301,binance,AAVE/USDT:USDT,296.56,28.5,296.55,19.9,296.57,6.3,296.58,2.3
1753591899747,04:51:39.747,ascendex,AAVE/USDT:USDT,296.06,81.1,295.97,35.7,297.02,49.5,297.1,46.6
1753591900291,04:51:40.291,phemex,AAVE/USDT:USDT,296.46,0.4,296.44,0.8,296.6,4.2,296.61,0.4
1753591900301,04:51:40.301,huobi,AAVE/USDT:USDT,296.498,8.0,296.484,8.0,296.517,8.0,296.559,25.0
1753591900258,04:51:40.258,bitmex,AAVE/USDT:USDT,296.82,1000.0,296.74,1000.0,296.83,1000.0,296.84,113000.0
1753591900391,04:51:40.391,bybit,AAVE/USDT:USDT,296.58,10.33,296.57,11.45,296.59,0.69,296.6,0.86
1753591900354,04:51:40.354,bitget,AAVE/USDT:USDT,296.87,0.7,296.85,4.2,296.88,0.7,296.89,10.8
1753591900394,04:51:40.394,phemex,AAVE/USDT:USDT,296.46,0.4,296.44,0.8,296.58,0.4,296.6,4.2
1753591900402,04:51:40.402,binance,AAVE/USDT:USDT,296.56,28.5,296.55,19.9,296.57,6.6,296.58,2.3
1753591900421,04:51:40.421,huobi,AAVE/USDT:USDT,296.498,8.0,296.484,8.0,296.517,8.0,296.559,25.0
1753591900491,04:51:40.491,bybit,AAVE/USDT:USDT,296.58,10.33,296.57,11.45,296.59,0.69,296.6,0.86
1753591900460,04:51:40.460,huobi,AAVE/USDT:USDT,296.498,8.0,296.484,8.0,296.517,8.0,296.559,25.0
1753591900478,04:51:40.478,phemex,AAVE/USDT:USDT,296.46,0.4,296.44,0.8,296.58,0.4,296.6,4.2
1753591900501,04:51:40.501,phemex,AAVE/USDT:USDT,296.46,0.4,296.44,0.8,296.58,0.4,296.6,4.2
1753591900505,04:51:40.505,okx,AAVE/USDT:USDT,296.59,205.0,296.58,41.6,296.6,23.3,296.61,0.1
1753591900446,04:51:40.446,gateio,AAVE/USDT:USDT,296.62,66.0,296.61,699.0,296.64,257.0,296.65,856.0
1753591900521,04:51:40.521,phemex,AAVE/USDT:USDT,296.46,0.4,296.44,0.8,296.6,4.2,296.61,0.4
1753591900504,04:51:40.504,bitget,AAVE/USDT:USDT,296.87,0.4,296.85,9.1,296.88,0.8,296.89,9.8
1753591900510,04:51:40.510,binance,AAVE/USDT:USDT,296.56,43.0,296.55,19.9,296.57,6.6,296.58,2.3
1753591900513,04:51:40.513,huobi,AAVE/USDT:USDT,296.498,8.0,296.484,8.0,296.517,8.0,296.559,25.0
1753591900551,04:51:40.551,phemex,AAVE/USDT:USDT,296.46,0.4,296.44,0.8,296.59,0.4,296.6,4.2
1753591900537,04:51:40.537,huobi,AAVE/USDT:USDT,296.498,8.0,296.484,8.0,296.517,8.0,296.559,25.0
1753591900591,04:51:40.591,bybit,AAVE/USDT:USDT,296.58,10.33,296.57,12.13,296.59,0.69,296.6,0.86
1753591900509,04:51:40.509,bitmex,AAVE/USDT:USDT,296.82,1000.0,296.74,1000.0,296.83,1000.0,296.84,113000.0
1753591900578,04:51:40.578,huobi,AAVE/USDT:USDT,296.498,8.0,296.484,8.0,296.559,25.0,296.561,7.0
1753591900605,04:51:40.605,okx,AAVE/USDT:USDT,296.59,216.0,296.58,41.6,296.6,1.9,296.61,0.1
1753591900588,04:51:40.588,gateio,AAVE/USDT:USDT,296.63,66.0,296.61,740.0,296.67,121.0,296.68,669.0
1753591900559,04:51:40.559,bitmex,AAVE/USDT:USDT,296.82,1000.0,296.74,1000.0,296.83,1000.0,296.84,113000.0
1753591900602,04:51:40.602,huobi,AAVE/USDT:USDT,296.498,8.0,296.484,8.0,296.559,25.0,296.561,7.0
1753591900612,04:51:40.612,binance,AAVE/USDT:USDT,296.56,43.0,296.55,19.9,296.57,1.7,296.58,2.3
1753591900642,04:51:40.642,huobi,AAVE/USDT:USDT,296.498,8.0,296.484,8.0,296.545,8.0,296.559,25.0
1753591900654,04:51:40.654,phemex,AAVE/USDT:USDT,296.46,0.4,296.44,0.8,296.59,0.4,296.6,4.2
1753591900691,04:51:40.691,bybit,AAVE/USDT:USDT,296.6,15.77,296.59,12.73,296.61,2.27,296.62,0.02
1753591900664,04:51:40.664,huobi,AAVE/USDT:USDT,296.498,8.0,296.484,8.0,296.545,8.0,296.559,25.0
1753591900705,04:51:40.705,okx,AAVE/USDT:USDT,296.59,216.0,296.58,41.6,296.6,1.9,296.61,0.1
1753591900691,04:51:40.691,gateio,AAVE/USDT:USDT,296.64,741.0,296.59,210.0,296.67,121.0,296.68,669.0
1753591900715,04:51:40.715,binance,AAVE/USDT:USDT,296.56,43.0,296.55,19.9,296.57,1.7,296.58,2.3
1753591900729,04:51:40.729,huobi,AAVE/USDT:USDT,296.498,8.0,296.484,8.0,296.545,8.0,296.559,25.0
1753591900745,04:51:40.745,huobi,AAVE/USDT:USDT,296.498,8.0,296.484,8.0,296.545,8.0,296.559,25.0
1753591900792,04:51:40.792,bybit,AAVE/USDT:USDT,296.6,16.92,296.59,11.93,296.61,2.27,296.62,0.02
1753591900778,04:51:40.778,huobi,AAVE/USDT:USDT,296.498,8.0,296.484,8.0,296.545,8.0,296.559,25.0
1753591900796,04:51:40.796,gateio,AAVE/USDT:USDT,296.64,741.0,296.59,210.0,296.66,298.0,296.67,992.0
1753591900804,04:51:40.804,bitget,AAVE/USDT:USDT,296.87,4.7,296.86,2.2,296.88,0.5,296.89,9.8
1753591900818,04:51:40.818,binance,AAVE/USDT:USDT,296.56,43.0,296.55,19.9,296.57,1.7,296.58,2.3
1753591900827,04:51:40.827,huobi,AAVE/USDT:USDT,296.498,8.0,296.484,8.0,296.545,8.0,296.559,25.0
1753591900891,04:51:40.891,bybit,AAVE/USDT:USDT,296.6,17.02,296.59,11.93,296.61,2.27,296.62,0.02
1753591900870,04:51:40.870,huobi,AAVE/USDT:USDT,296.498,8.0,296.484,8.0,296.545,8.0,296.559,25.0
1753591900897,04:51:40.897,gateio,AAVE/USDT:USDT,296.64,741.0,296.59,210.0,296.66,298.0,296.67,992.0
1753591900921,04:51:40.921,binance,AAVE/USDT:USDT,296.56,43.0,296.55,19.9,296.57,1.7,296.58,2.3
1753591899747,04:51:39.747,ascendex,AAVE/USDT:USDT,296.06,81.1,295.97,35.7,297.02,49.5,297.1,46.6
1753591900952,04:51:40.952,huobi,AAVE/USDT:USDT,296.498,8.0,296.484,8.0,296.545,8.0,296.559,25.0
1753591900991,04:51:40.991,bybit,AAVE/USDT:USDT,296.6,17.02,296.59,11.93,296.61,2.27,296.62,0.02
1753591900977,04:51:40.977,phemex,AAVE/USDT:USDT,296.46,0.4,296.44,0.8,296.59,0.4,296.6,4.2
1753591900975,04:51:40.975,gateio,AAVE/USDT:USDT,296.64,741.0,296.59,210.0,296.66,298.0,296.67,996.0
1753591901015,04:51:41.015,huobi,AAVE/USDT:USDT,296.498,8.0,296.484,8.0,296.545,8.0,296.561,7.0
1753591901034,04:51:41.034,binance,AAVE/USDT:USDT,296.56,42.7,296.55,19.9,296.57,1.4,296.58,2.3
1753591901047,04:51:41.047,huobi,AAVE/USDT:USDT,296.498,8.0,296.484,8.0,296.609,8.0,296.616,7.0
1753591901091,04:51:41.091,bybit,AAVE/USDT:USDT,296.6,17.02,296.59,9.73,296.61,2.27,296.62,0.02
1753591901021,04:51:41.021,bitmex,AAVE/USDT:USDT,296.82,1000.0,296.74,1000.0,296.83,1000.0,296.98,728000.0
1753591901078,04:51:41.078,huobi,AAVE/USDT:USDT,296.498,8.0,296.484,8.0,296.594,8.0,296.608,8.0
1753591901013,04:51:41.013,gateio,AAVE/USDT:USDT,296.64,741.0,296.59,210.0,296.66,298.0,296.67,899.0
1753591901107,04:51:41.107,huobi,AAVE/USDT:USDT,296.498,8.0,296.484,8.0,296.594,8.0,296.608,8.0
1753591901140,04:51:41.140,phemex,AAVE/USDT:USDT,296.46,0.4,296.44,0.8,296.59,0.4,296.6,4.2
1753591901139,04:51:41.139,binance,AAVE/USDT:USDT,296.56,42.7,296.55,19.9,296.57,1.4,296.58,2.3
1753591901152,04:51:41.152,huobi,AAVE/USDT:USDT,296.498,8.0,296.484,8.0,296.594,8.0,296.608,8.0
1753591901191,04:51:41.191,bybit,AAVE/USDT:USDT,296.6,17.02,296.59,9.73,296.61,2.27,296.62,0.02
1753591901179,04:51:41.179,phemex,AAVE/USDT:USDT,296.46,0.4,296.44,0.8,296.59,0.4,296.6,4.2
1753591901153,04:51:41.153,gateio,AAVE/USDT:USDT,296.64,741.0,296.59,210.0,296.66,298.0,296.67,899.0
1753591901218,04:51:41.218,phemex,AAVE/USDT:USDT,296.46,0.4,296.44,0.8,296.59,0.4,296.6,4.2
1753591901217,04:51:41.217,huobi,AAVE/USDT:USDT,296.498,8.0,296.484,8.0,296.594,8.0,296.608,8.0
1753591901183,04:51:41.183,bitmex,AAVE/USDT:USDT,296.82,1000.0,296.74,1000.0,296.83,1000.0,296.84,113000.0
1753591901241,04:51:41.241,binance,AAVE/USDT:USDT,296.56,42.7,296.55,19.9,296.57,6.6,296.58,2.3
1753591901291,04:51:41.291,bybit,AAVE/USDT:USDT,296.6,3.62,296.59,5.38,296.61,2.27,296.62,0.02
1753591901254,04:51:41.254,huobi,AAVE/USDT:USDT,296.498,8.0,296.484,8.0,296.594,8.0,296.608,8.0
1753591901258,04:51:41.258,huobi,AAVE/USDT:USDT,296.498,8.0,296.484,8.0,296.594,8.0,296.608,8.0
1753591901255,04:51:41.255,bitget,AAVE/USDT:USDT,296.88,0.4,296.87,2.2,296.89,6.8,296.9,28.3
1753591901221,04:51:41.221,gateio,AAVE/USDT:USDT,296.64,741.0,296.59,210.0,296.66,298.0,296.67,1011.0
1753591901325,04:51:41.325,huobi,AAVE/USDT:USDT,296.498,8.0,296.484,8.0,296.594,8.0,296.608,8.0
1753591901349,04:51:41.349,binance,AAVE/USDT:USDT,296.56,42.7,296.55,19.9,296.57,6.7,296.58,2.3
1753591901391,04:51:41.391,bybit,AAVE/USDT:USDT,296.6,2.38,296.59,1.64,296.61,2.87,296.62,0.02
1753591901371,04:51:41.371,huobi,AAVE/USDT:USDT,296.498,8.0,296.484,8.0,296.594,8.0,296.608,8.0
1753591901333,04:51:41.333,bitmex,AAVE/USDT:USDT,296.82,1000.0,296.74,1000.0,296.83,1000.0,296.84,113000.0
1753591901381,04:51:41.381,huobi,AAVE/USDT:USDT,296.498,8.0,296.484,8.0,296.594,8.0,296.608,8.0
1753591901387,04:51:41.387,gateio,AAVE/USDT:USDT,296.59,117.0,296.57,93.0,296.65,93.0,296.66,339.0
1753591901405,04:51:41.405,bitget,AAVE/USDT:USDT,296.87,1.9,296.86,6.6,296.89,7.0,296.9,28.3
1753591901383,04:51:41.383,bitmex,AAVE/USDT:USDT,296.82,1000.0,296.74,1000.0,296.83,1000.0,296.84,113000.0
1753591901452,04:51:41.452,binance,AAVE/USDT:USDT,296.56,42.7,296.55,19.9,296.57,6.7,296.58,6.5
1753591901449,04:51:41.449,huobi,AAVE/USDT:USDT,296.498,8.0,296.484,8.0,296.594,8.0,296.609,8.0
1753591901452,04:51:41.452,huobi,AAVE/USDT:USDT,296.498,8.0,296.484,8.0,296.579,8.0,296.593,8.0
1753591901492,04:51:41.492,bybit,AAVE/USDT:USDT,296.6,2.38,296.59,1.64,296.61,4.36,296.62,0.02
1753591901474,04:51:41.474,gateio,AAVE/USDT:USDT,296.59,117.0,296.57,93.0,296.65,97.0,296.66,339.0
1753591901555,04:51:41.555,binance,AAVE/USDT:USDT,296.56,42.7,296.55,19.9,296.57,6.7,296.58,6.5
1753591901550,04:51:41.550,huobi,AAVE/USDT:USDT,296.498,8.0,296.484,8.0,296.579,8.0,296.593,8.0
1753591901591,04:51:41.591,bybit,AAVE/USDT:USDT,296.6,2.38,296.59,1.64,296.61,2.18,296.62,0.02
1753591901555,04:51:41.555,bitget,AAVE/USDT:USDT,296.87,1.9,296.85,8.5,296.88,1.2,296.89,18.1
1753591901565,04:51:41.565,huobi,AAVE/USDT:USDT,296.498,8.0,296.484,8.0,296.579,8.0,296.593,8.0
1753591901525,04:51:41.525,bitmex,AAVE/USDT:USDT,296.82,1000.0,296.74,1000.0,296.83,1000.0,296.84,113000.0
1753591901605,04:51:41.605,okx,AAVE/USDT:USDT,296.59,205.8,296.58,30.6,296.6,63.7,296.61,0.1
1753591901592,04:51:41.592,gateio,AAVE/USDT:USDT,296.62,66.0,296.6,680.0,296.64,229.0,296.65,763.0
1753591901626,04:51:41.626,huobi,AAVE/USDT:USDT,296.498,8.0,296.484,8.0,296.579,8.0,296.593,8.0
1753591901691,04:51:41.691,bybit,AAVE/USDT:USDT,296.6,2.38,296.59,1.64,296.61,2.18,296.62,0.02
1753591901658,04:51:41.658,binance,AAVE/USDT:USDT,296.56,42.7,296.55,19.9,296.57,6.7,296.58,2.3
1753591901680,04:51:41.680,huobi,AAVE/USDT:USDT,296.498,8.0,296.484,8.0,296.579,8.0,296.593,8.0
1753591901682,04:51:41.682,gateio,AAVE/USDT:USDT,296.62,766.0,296.58,41.0,296.64,229.0,296.65,759.0
1753591901705,04:51:41.705,bitget,AAVE/USDT:USDT,296.87,1.9,296.85,8.5,296.88,1.7,296.89,18.1
1753591901673,04:51:41.673,bitmex,AAVE/USDT:USDT,296.82,1000.0,296.74,1000.0,296.83,1000.0,296.84,113000.0
1753591901790,04:51:41.790,bybit,AAVE/USDT:USDT,296.6,2.38,296.59,1.64,296.61,2.18,296.62,0.02
1753591901722,04:51:41.722,bitmex,AAVE/USDT:USDT,296.82,1000.0,296.74,1000.0,296.83,1000.0,296.84,113000.0
1753591901790,04:51:41.790,huobi,AAVE/USDT:USDT,296.498,8.0,296.484,8.0,296.579,8.0,296.593,8.0
1753591901776,04:51:41.776,gateio,AAVE/USDT:USDT,296.62,766.0,296.58,41.0,296.64,229.0,296.65,759.0
1753591901826,04:51:41.826,binance,AAVE/USDT:USDT,296.56,42.7,296.55,20.3,296.57,6.7,296.58,2.3
1753591901855,04:51:41.855,bitget,AAVE/USDT:USDT,296.87,1.9,296.85,8.5,296.88,0.8,296.89,17.1
1753591901929,04:51:41.929,binance,AAVE/USDT:USDT,296.56,42.7,296.55,20.3,296.57,6.7,296.58,2.3
1753591901940,04:51:41.940,huobi,AAVE/USDT:USDT,296.498,8.0,296.484,8.0,296.579,8.0,296.593,8.0
1753591901946,04:51:41.946,huobi,AAVE/USDT:USDT,296.498,8.0,296.484,8.0,296.579,8.0,296.593,8.0
1753591901991,04:51:41.991,bybit,AAVE/USDT:USDT,296.6,2.38,296.59,1.64,296.61,2.18,296.62,0.02
1753591902005,04:51:42.005,okx,AAVE/USDT:USDT,296.59,216.8,296.58,41.6,296.6,63.7,296.61,0.1
1753591901987,04:51:41.987,gateio,AAVE/USDT:USDT,296.62,766.0,296.58,41.0,296.64,229.0,296.65,759.0
1753591901997,04:51:41.997,huobi,AAVE/USDT:USDT,296.498,8.0,296.484,8.0,296.579,8.0,296.593,8.0
1753591902005,04:51:42.005,bitget,AAVE/USDT:USDT,296.87,1.9,296.85,8.5,296.88,0.8,296.89,17.1
1753591902032,04:51:42.032,binance,AAVE/USDT:USDT,296.56,42.7,296.55,20.3,296.57,6.3,296.58,2.3
1753591902091,04:51:42.091,bybit,AAVE/USDT:USDT,296.6,2.38,296.59,1.64,296.61,2.18,296.62,0.02
1753591902105,04:51:42.105,okx,AAVE/USDT:USDT,296.59,216.8,296.58,41.6,296.6,63.7,296.61,0.1
1753591902126,04:51:42.126,huobi,AAVE/USDT:USDT,296.498,8.0,296.484,8.0,296.579,8.0,296.593,8.0
1753591902136,04:51:42.136,binance,AAVE/USDT:USDT,296.56,42.7,296.55,20.3,296.57,6.3,296.58,2.3
1753591902191,04:51:42.191,bybit,AAVE/USDT:USDT,296.6,2.38,296.59,1.64,296.61,2.18,296.62,0.02
1753591902183,04:51:42.183,huobi,AAVE/USDT:USDT,296.498,8.0,296.484,8.0,296.579,8.0,296.593,8.0
1753591902205,04:51:42.205,okx,AAVE/USDT:USDT,296.59,216.8,296.58,41.6,296.6,63.7,296.61,0.1
1753591902187,04:51:42.187,huobi,AAVE/USDT:USDT,296.498,8.0,296.484,8.0,296.579,8.0,296.593,8.0
1753591902195,04:51:42.195,gateio,AAVE/USDT:USDT,296.62,766.0,296.58,41.0,296.64,229.0,296.65,759.0
1753591902292,04:51:42.292,bybit,AAVE/USDT:USDT,296.6,2.38,296.59,1.64,296.61,2.18,296.62,0.02
1753591902305,04:51:42.305,okx,AAVE/USDT:USDT,296.59,185.7,296.58,30.6,296.6,63.7,296.61,0.1
1753591902201,04:51:42.201,gateio,AAVE/USDT:USDT,296.62,766.0,296.58,41.0,296.64,229.0,296.65,759.0
1753591902323,04:51:42.323,huobi,AAVE/USDT:USDT,296.498,8.0,296.484,8.0,296.579,8.0,296.593,8.0
1753591902348,04:51:42.348,huobi,AAVE/USDT:USDT,296.498,8.0,296.484,8.0,296.579,8.0,296.593,8.0
1753591902391,04:51:42.391,bybit,AAVE/USDT:USDT,296.6,2.38,296.59,1.64,296.61,2.18,296.62,0.02
1753591902366,04:51:42.366,huobi,AAVE/USDT:USDT,296.498,8.0,296.484,8.0,296.579,8.0,296.593,8.0
1753591902405,04:51:42.405,okx,AAVE/USDT:USDT,296.59,185.7,296.58,41.6,296.6,63.7,296.61,0.1
1753591902435,04:51:42.435,huobi,AAVE/USDT:USDT,296.498,8.0,296.484,8.0,296.579,8.0,296.593,8.0
1753591902491,04:51:42.491,bybit,AAVE/USDT:USDT,296.6,2.38,296.59,1.64,296.61,2.18,296.62,0.02
1753591902472,04:51:42.472,binance,AAVE/USDT:USDT,296.56,42.7,296.55,20.3,296.57,6.4,296.58,0.3
1753591902505,04:51:42.505,okx,AAVE/USDT:USDT,296.59,185.7,296.58,41.6,296.6,63.7,296.61,0.1
1753591902487,04:51:42.487,huobi,AAVE/USDT:USDT,296.498,8.0,296.484,8.0,296.579,8.0,296.593,8.0
1753591902424,04:51:42.424,gateio,AAVE/USDT:USDT,296.62,766.0,296.58,41.0,296.64,229.0,296.65,759.0
1753591901954,04:51:41.954,mexc,AAVE/USDT:USDT,296.51,18561.0,296.5,6978.0,296.52,9913.0,296.53,6936
1753591902551,04:51:42.551,huobi,AAVE/USDT:USDT,296.498,8.0,296.484,8.0,296.579,8.0,296.593,8.0
1753591902525,04:51:42.525,bitmex,AAVE/USDT:USDT,296.82,1000.0,296.74,1000.0,296.83,1000.0,296.84,113000.0
1753591902576,04:51:42.576,binance,AAVE/USDT:USDT,296.56,42.7,296.55,20.3,296.57,6.4,296.58,0.3
1753591902602,04:51:42.602,huobi,AAVE/USDT:USDT,296.498,8.0,296.484,8.0,296.579,8.0,296.593,8.0
1753591902575,04:51:42.575,bitmex,AAVE/USDT:USDT,296.82,1000.0,296.74,1000.0,296.83,1000.0,296.84,113000.0
1753591902616,04:51:42.616,mexc,AAVE/USDT:USDT,296.51,18561.0,296.5,6978.0,296.52,9913.0,296.53,11277
1753591902691,04:51:42.691,bybit,AAVE/USDT:USDT,296.6,2.38,296.59,1.64,296.61,2.18,296.62,0.02
1753591902679,04:51:42.679,binance,AAVE/USDT:USDT,296.56,42.7,296.55,20.3,296.57,6.4,296.58,0.3
1753591902791,04:51:42.791,bybit,AAVE/USDT:USDT,296.6,2.38,296.59,1.64,296.61,2.18,296.62,0.02
1753591902755,04:51:42.755,bitget,AAVE/USDT:USDT,296.87,2.2,296.85,8.5,296.88,0.7,296.89,17.1
1753591902781,04:51:42.781,binance,AAVE/USDT:USDT,296.56,42.7,296.55,20.3,296.57,6.4,296.58,0.3
1753591902630,04:51:42.630,mexc,AAVE/USDT:USDT,296.51,18561.0,296.5,6978.0,296.52,9913.0,296.53,11277
1753591902891,04:51:42.891,bybit,AAVE/USDT:USDT,296.6,2.38,296.59,1.64,296.61,2.18,296.62,0.02
1753591902865,04:51:42.865,huobi,AAVE/USDT:USDT,296.498,8.0,296.484,8.0,296.579,8.0,296.593,8.0
1753591902898,04:51:42.898,binance,AAVE/USDT:USDT,296.56,42.7,296.55,20.3,296.57,4.9,296.58,0.3
1753591902881,04:51:42.881,gateio,AAVE/USDT:USDT,296.62,766.0,296.58,41.0,296.64,229.0,296.65,759.0
1753591902905,04:51:42.905,bitget,AAVE/USDT:USDT,296.87,2.2,296.85,8.5,296.88,1.3,296.89,13.1
1753591902913,04:51:42.913,huobi,AAVE/USDT:USDT,296.498,8.0,296.484,8.0,296.579,8.0,296.593,8.0
1753591902991,04:51:42.991,bybit,AAVE/USDT:USDT,296.6,2.38,296.59,1.64,296.61,2.18,296.62,0.02
1753591902965,04:51:42.965,huobi,AAVE/USDT:USDT,296.498,8.0,296.484,8.0,296.579,8.0,296.593,8.0
1753591903000,04:51:43.000,binance,AAVE/USDT:USDT,296.56,42.7,296.55,20.3,296.57,11.0,296.58,0.3
1753591903013,04:51:43.013,huobi,AAVE/USDT:USDT,296.498,8.0,296.484,8.0,296.579,8.0,296.593,8.0
1753591903035,04:51:43.035,huobi,AAVE/USDT:USDT,296.498,8.0,296.484,8.0,296.579,8.0,296.593,8.0
1753591903091,04:51:43.091,bybit,AAVE/USDT:USDT,296.6,2.38,296.59,1.64,296.61,2.18,296.62,0.02
1753591903056,04:51:43.056,bitget,AAVE/USDT:USDT,296.87,1.9,296.85,8.5,296.88,1.3,296.89,13.1
1753591903056,04:51:43.056,huobi,AAVE/USDT:USDT,296.498,8.0,296.484,8.0,296.579,8.0,296.593,8.0
1753591903105,04:51:43.105,okx,AAVE/USDT:USDT,296.59,86.6,296.58,41.6,296.6,63.7,296.61,0.1
1753591903101,04:51:43.101,binance,AAVE/USDT:USDT,296.56,42.7,296.55,20.3,296.57,11.0,296.58,0.3
1753591903101,04:51:43.101,huobi,AAVE/USDT:USDT,296.498,8.0,296.484,8.0,296.579,8.0,296.593,8.0
1753591899747,04:51:39.747,ascendex,AAVE/USDT:USDT,296.06,81.1,295.97,35.7,297.02,49.5,297.1,46.6
1753591903128,04:51:43.128,huobi,AAVE/USDT:USDT,296.498,8.0,296.484,8.0,296.579,8.0,296.593,8.0
1753591903191,04:51:43.191,bybit,AAVE/USDT:USDT,296.6,2.38,296.59,1.64,296.61,2.18,296.62,0.02
1753591903182,04:51:43.182,huobi,AAVE/USDT:USDT,296.498,8.0,296.484,8.0,296.579,8.0,296.593,8.0
1753591903204,04:51:43.204,binance,AAVE/USDT:USDT,296.56,42.7,296.55,20.3,296.57,7.6,296.58,0.3
1753591903206,04:51:43.206,bitget,AAVE/USDT:USDT,296.87,1.9,296.85,8.5,296.88,1.3,296.89,13.1
1753591903016,04:51:43.016,mexc,AAVE/USDT:USDT,296.51,18561.0,296.5,6978.0,296.52,9913.0,296.53,6936
1753591903226,04:51:43.226,huobi,AAVE/USDT:USDT,296.498,8.0,296.484,8.0,296.579,8.0,296.593,8.0
1753591903291,04:51:43.291,bybit,AAVE/USDT:USDT,296.6,2.38,296.59,1.64,296.61,2.18,296.62,0.02
1753591903273,04:51:43.273,huobi,AAVE/USDT:USDT,296.498,8.0,296.484,8.0,296.579,8.0,296.593,8.0
1753591855472,04:50:55.472,blofin,AAVE/USDT:USDT,296.28,150.0,296.27,37.0,296.3,3.0,296.31,13.0
1753591903305,04:51:43.305,binance,AAVE/USDT:USDT,296.56,42.7,296.55,20.3,296.57,7.6,296.58,0.3
1753591903324,04:51:43.324,huobi,AAVE/USDT:USDT,296.498,8.0,296.484,8.0,296.579,8.0,296.593,8.0
1753591903391,04:51:43.391,bybit,AAVE/USDT:USDT,296.6,2.38,296.59,1.64,296.61,2.18,296.62,0.02
1753591903428,04:51:43.428,mexc,AAVE/USDT:USDT,296.51,18561.0,296.5,6978.0,296.52,9913.0,296.53,6936
1753591903490,04:51:43.490,bybit,AAVE/USDT:USDT,296.6,2.38,296.59,1.64,296.61,2.18,296.62,0.02
1753591903422,04:51:43.422,bitmex,AAVE/USDT:USDT,296.82,1000.0,296.74,1000.0,296.83,1000.0,296.84,113000.0
1753591903478,04:51:43.478,binance,AAVE/USDT:USDT,296.56,42.7,296.55,20.3,296.57,7.6,296.58,0.3
1753591903505,04:51:43.505,okx,AAVE/USDT:USDT,296.59,225.8,296.58,42.3,296.6,63.7,296.61,0.1
1753591903458,04:51:43.458,gateio,AAVE/USDT:USDT,296.62,766.0,296.58,41.0,296.64,229.0,296.65,759.0
1753591903506,04:51:43.506,bitget,AAVE/USDT:USDT,296.87,2.2,296.85,8.5,296.88,1.0,296.89,17.1
1753591903591,04:51:43.591,bybit,AAVE/USDT:USDT,296.6,2.38,296.59,1.64,296.61,2.18,296.62,0.02
1753591903563,04:51:43.563,huobi,AAVE/USDT:USDT,296.498,8.0,296.484,8.0,296.579,8.0,296.593,8.0
1753591903567,04:51:43.567,huobi,AAVE/USDT:USDT,296.498,8.0,296.484,8.0,296.579,8.0,296.593,8.0
1753591903582,04:51:43.582,binance,AAVE/USDT:USDT,296.56,42.7,296.55,20.3,296.57,3.1,296.58,0.3
1753591903504,04:51:43.504,gateio,AAVE/USDT:USDT,296.62,766.0,296.58,41.0,296.64,229.0,296.65,759.0
1753591903624,04:51:43.624,mexc,AAVE/USDT:USDT,296.51,18561.0,296.5,6978.0,296.52,9913.0,296.53,6936
1753591903644,04:51:43.644,huobi,AAVE/USDT:USDT,296.498,8.0,296.484,8.0,296.579,8.0,296.593,8.0
1753591903691,04:51:43.691,bybit,AAVE/USDT:USDT,296.6,2.38,296.59,1.64,296.61,2.18,296.62,0.02
1753591903660,04:51:43.660,huobi,AAVE/USDT:USDT,296.498,8.0,296.484,8.0,296.579,8.0,296.593,8.0
1753591903656,04:51:43.656,bitget,AAVE/USDT:USDT,296.87,2.2,296.85,8.5,296.88,1.0,296.89,17.1
1753591903621,04:51:43.621,phemex,AAVE/USDT:USDT,296.46,0.4,296.44,0.8,296.59,0.4,296.6,4.2
1753591903685,04:51:43.685,binance,AAVE/USDT:USDT,296.56,42.7,296.55,20.3,296.57,3.1,296.58,0.3
1753591903705,04:51:43.705,okx,AAVE/USDT:USDT,296.59,225.8,296.58,41.6,296.6,63.7,296.61,0.1
1753591903601,04:51:43.601,gateio,AAVE/USDT:USDT,296.62,766.0,296.58,41.0,296.64,229.0,296.65,759.0
1753591903653,04:51:43.653,bitmex,AAVE/USDT:USDT,296.82,1000.0,296.74,1000.0,296.83,1000.0,296.84,113000.0
1753591903794,04:51:43.794,bybit,AAVE/USDT:USDT,296.6,2.38,296.59,1.64,296.61,2.18,296.62,0.02
1753591903716,04:51:43.716,bitmex,AAVE/USDT:USDT,296.82,1000.0,296.74,1000.0,296.83,1000.0,296.84,113000.0
1753591903772,04:51:43.772,huobi,AAVE/USDT:USDT,296.498,8.0,296.487,25.0,296.579,8.0,296.593,8.0
1753591903773,04:51:43.773,huobi,AAVE/USDT:USDT,296.498,8.0,296.487,25.0,296.579,8.0,296.593,8.0
1753591903805,04:51:43.805,okx,AAVE/USDT:USDT,296.62,207.0,296.61,50.0,296.63,0.1,296.64,1.9
1753591903801,04:51:43.801,phemex,AAVE/USDT:USDT,296.46,0.4,296.44,0.8,296.59,0.4,296.6,4.2
1753591903798,04:51:43.798,gateio,AAVE/USDT:USDT,296.66,66.0,296.63,66.0,296.67,124.0,296.68,691.0
1753591903806,04:51:43.806,bitget,AAVE/USDT:USDT,296.87,2.2,296.85,8.5,296.88,1.0,296.89,17.1
1753591903807,04:51:43.807,huobi,AAVE/USDT:USDT,296.498,8.0,296.487,25.0,296.579,8.0,296.609,8.0
1753591903814,04:51:43.814,mexc,AAVE/USDT:USDT,296.56,44512,296.55,21520,296.57,2586,296.58,327
1753591903839,04:51:43.839,phemex,AAVE/USDT:USDT,296.46,0.4,296.44,0.8,296.59,0.4,296.6,4.2
1753591903839,04:51:43.839,huobi,AAVE/USDT:USDT,296.498,8.0,296.487,25.0,296.624,8.0,296.634,25.0
1753591903891,04:51:43.891,bybit,AAVE/USDT:USDT,296.61,15.22,296.6,5.48,296.62,0.02,296.63,0.36
1753591903871,04:51:43.871,huobi,AAVE/USDT:USDT,296.498,8.0,296.487,25.0,296.616,8.0,296.624,8.0
1753591903905,04:51:43.905,okx,AAVE/USDT:USDT,296.62,203.0,296.61,12.0,296.63,1.0,296.64,1.9
1753591903881,04:51:43.881,gateio,AAVE/USDT:USDT,296.66,66.0,296.65,769.0,296.67,53.0,296.68,794.0
1753591903899,04:51:43.899,huobi,AAVE/USDT:USDT,296.512,8.0,296.498,8.0,296.602,8.0,296.616,8.0
1753591903910,04:51:43.910,binance,AAVE/USDT:USDT,296.59,19.7,296.58,10.5,296.6,3.3,296.61,3.2
1753591903933,04:51:43.933,huobi,AAVE/USDT:USDT,296.512,8.0,296.498,8.0,296.602,8.0,296.616,8.0
1753591903892,04:51:43.892,bitmex,AAVE/USDT:USDT,296.82,1000.0,296.74,1000.0,296.83,1000.0,296.84,113000.0
1753591903991,04:51:43.991,bybit,AAVE/USDT:USDT,296.61,15.32,296.6,5.38,296.62,0.02,296.63,0.36
1753591903956,04:51:43.956,bitget,AAVE/USDT:USDT,296.89,5.9,296.88,22.9,296.91,0.3,296.92,8.2
1753591903962,04:51:43.962,huobi,AAVE/USDT:USDT,296.512,8.0,296.498,8.0,296.602,8.0,296.616,8.0
1753591903942,04:51:43.942,bitmex,AAVE/USDT:USDT,296.83,1000.0,296.75,1000.0,296.84,113000.0,296.98,728000.0
1753591904005,04:51:44.005,okx,AAVE/USDT:USDT,296.62,223.7,296.61,12.0,296.63,0.9,296.64,1.9
1753591903965,04:51:43.965,gateio,AAVE/USDT:USDT,296.66,66.0,296.65,769.0,296.67,53.0,296.68,794.0
1753591903999,04:51:43.999,huobi,AAVE/USDT:USDT,296.512,8.0,296.498,8.0,296.602,8.0,296.616,8.0
1753591904013,04:51:44.013,binance,AAVE/USDT:USDT,296.6,33.3,296.59,9.7,296.61,12.5,296.62,0.2
1753591904024,04:51:44.024,huobi,AAVE/USDT:USDT,296.512,8.0,296.498,8.0,296.602,8.0,296.616,8.0
1753591903991,04:51:43.991,bitmex,AAVE/USDT:USDT,296.83,1000.0,296.75,1000.0,296.84,113000.0,296.98,728000.0
1753591904091,04:51:44.091,bybit,AAVE/USDT:USDT,296.61,15.32,296.6,5.38,296.62,0.02,296.63,0.36
1753591904059,04:51:44.059,huobi,AAVE/USDT:USDT,296.512,8.0,296.498,8.0,296.602,8.0,296.616,8.0
1753591904086,04:51:44.086,huobi,AAVE/USDT:USDT,296.512,8.0,296.498,8.0,296.602,8.0,296.616,8.0
1753591904105,04:51:44.105,okx,AAVE/USDT:USDT,296.62,223.7,296.61,12.0,296.63,0.9,296.64,1.9
1753591904087,04:51:44.087,gateio,AAVE/USDT:USDT,296.66,66.0,296.65,769.0,296.67,53.0,296.68,794.0
1753591904103,04:51:44.103,huobi,AAVE/USDT:USDT,296.512,8.0,296.498,8.0,296.602,8.0,296.616,8.0
1753591904106,04:51:44.106,bitget,AAVE/USDT:USDT,296.9,4.4,296.89,1.9,296.91,0.8,296.92,8.2
1753591904123,04:51:44.123,binance,AAVE/USDT:USDT,296.6,30.2,296.59,9.7,296.61,13.6,296.62,0.2
1753591904139,04:51:44.139,huobi,AAVE/USDT:USDT,296.512,8.0,296.498,8.0,296.602,8.0,296.616,8.0
1753591904191,04:51:44.191,bybit,AAVE/USDT:USDT,296.61,15.32,296.6,5.38,296.62,0.62,296.63,0.36
1753591904217,04:51:44.217,mexc,AAVE/USDT:USDT,296.56,44512,296.55,21520,296.57,2586,296.58,327
1753591904225,04:51:44.225,binance,AAVE/USDT:USDT,296.6,28.7,296.59,9.7,296.61,13.6,296.62,0.2
1753591904245,04:51:44.245,huobi,AAVE/USDT:USDT,296.512,8.0,296.498,8.0,296.602,8.0,296.616,8.0
1753591904291,04:51:44.291,bybit,AAVE/USDT:USDT,296.61,15.32,296.6,4.11,296.62,0.62,296.63,0.36
1753591904256,04:51:44.256,bitget,AAVE/USDT:USDT,296.9,0.4,296.89,1.9,296.91,1.6,296.92,8.2
1753591904260,04:51:44.260,huobi,AAVE/USDT:USDT,296.512,8.0,296.498,8.0,296.602,8.0,296.616,8.0
1753591904305,04:51:44.305,okx,AAVE/USDT:USDT,296.62,223.7,296.61,12.0,296.63,0.9,296.64,1.9
1753591904246,04:51:44.246,gateio,AAVE/USDT:USDT,296.66,66.0,296.65,769.0,296.67,53.0,296.68,794.0
1753591904314,04:51:44.314,huobi,AAVE/USDT:USDT,296.512,8.0,296.487,25.0,296.602,8.0,296.624,8.0
1753591904327,04:51:44.327,binance,AAVE/USDT:USDT,296.6,30.3,296.59,9.7,296.61,13.6,296.62,0.2
1753591904322,04:51:44.322,huobi,AAVE/USDT:USDT,296.513,8.0,296.512,8.0,296.602,8.0,296.624,8.0
1753591904391,04:51:44.391,bybit,AAVE/USDT:USDT,296.61,16.45,296.6,3.38,296.62,0.62,296.63,0.36
1753591903958,04:51:43.958,phemex,AAVE/USDT:USDT,296.46,0.4,296.44,0.8,296.64,0.4,296.67,1.8
1753591904405,04:51:44.405,okx,AAVE/USDT:USDT,296.62,104.3,296.61,12.0,296.63,0.9,296.64,1.9
1753591904406,04:51:44.406,bitget,AAVE/USDT:USDT,296.9,0.4,296.89,1.9,296.91,0.8,296.92,12.2
1753591904217,04:51:44.217,mexc,AAVE/USDT:USDT,296.56,44512,296.55,21520,296.57,2586,296.58,327
1753591904430,04:51:44.430,binance,AAVE/USDT:USDT,296.6,30.3,296.59,9.7,296.61,13.6,296.62,0.2
1753591904451,04:51:44.451,huobi,AAVE/USDT:USDT,296.527,8.0,296.513,8.0,296.624,8.0,296.634,25.0
1753591904492,04:51:44.492,bybit,AAVE/USDT:USDT,296.61,16.45,296.6,3.38,296.62,0.62,296.63,0.36
1753591904467,04:51:44.467,huobi,AAVE/USDT:USDT,296.527,8.0,296.513,8.0,296.624,8.0,296.634,25.0
1753591904499,04:51:44.499,huobi,AAVE/USDT:USDT,296.527,8.0,296.513,8.0,296.624,8.0,296.634,25.0
1753591904471,04:51:44.471,bitmex,AAVE/USDT:USDT,296.83,1000.0,296.75,1000.0,296.84,113000.0,297.35,3000.0
1753591904533,04:51:44.533,binance,AAVE/USDT:USDT,296.6,30.3,296.59,9.7,296.61,13.6,296.62,0.2
1753591904531,04:51:44.531,huobi,AAVE/USDT:USDT,296.527,8.0,296.513,8.0,296.624,8.0,296.634,25.0
1753591904591,04:51:44.591,bybit,AAVE/USDT:USDT,296.61,16.45,296.6,3.38,296.62,0.62,296.63,0.36
1753591904554,04:51:44.554,huobi,AAVE/USDT:USDT,296.527,8.0,296.513,8.0,296.61,8.0,296.624,8.0
1753591904556,04:51:44.556,bitget,AAVE/USDT:USDT,296.9,0.4,296.89,1.9,296.91,0.8,296.92,12.2
1753591904520,04:51:44.520,bitmex,AAVE/USDT:USDT,296.83,1000.0,296.75,1000.0,296.84,113000.0,297.1,728000.0
1753591904627,04:51:44.627,mexc,AAVE/USDT:USDT,296.56,44512,296.55,21520,296.57,2586,296.58,327
1753591904690,04:51:44.690,bybit,AAVE/USDT:USDT,296.61,16.45,296.6,3.38,296.62,0.62,296.63,0.36
1753591904664,04:51:44.664,binance,AAVE/USDT:USDT,296.6,30.3,296.59,9.7,296.61,13.6,296.62,0.2
1753591904705,04:51:44.705,okx,AAVE/USDT:USDT,296.62,224.2,296.61,12.0,296.63,0.9,296.64,1.9
1753591903979,04:51:43.979,phemex,AAVE/USDT:USDT,296.46,0.4,296.44,0.8,296.64,0.4,296.67,0.4
1753591904016,04:51:44.016,phemex,AAVE/USDT:USDT,296.46,0.4,296.44,0.8,296.67,0.4,296.68,4.3
1753591904062,04:51:44.062,phemex,AAVE/USDT:USDT,296.46,0.4,296.44,0.8,296.67,0.4,296.68,4.3
1753591904095,04:51:44.095,phemex,AAVE/USDT:USDT,296.46,0.4,296.44,0.8,296.67,0.4,296.68,4.3
1753591904220,04:51:44.220,phemex,AAVE/USDT:USDT,296.46,0.4,296.44,0.8,296.67,0.4,296.68,4.3
1753591904264,04:51:44.264,phemex,AAVE/USDT:USDT,296.46,0.4,296.44,0.8,296.67,0.4,296.68,4.3
1753591904791,04:51:44.791,bybit,AAVE/USDT:USDT,296.61,17.6,296.6,2.23,296.62,0.62,296.63,0.36
1753591904767,04:51:44.767,binance,AAVE/USDT:USDT,296.6,30.3,296.59,9.7,296.61,13.6,296.62,0.2
1753591904780,04:51:44.780,huobi,AAVE/USDT:USDT,296.527,8.0,296.513,8.0,296.61,8.0,296.624,8.0
1753591904805,04:51:44.805,okx,AAVE/USDT:USDT,296.62,224.2,296.61,12.0,296.63,0.9,296.64,1.9
1753591904796,04:51:44.796,huobi,AAVE/USDT:USDT,296.527,8.0,296.513,8.0,296.61,8.0,296.624,8.0
1753591904832,04:51:44.832,phemex,AAVE/USDT:USDT,296.59,0.8,296.52,4.4,296.67,0.4,296.68,4.3
1753591904627,04:51:44.627,mexc,AAVE/USDT:USDT,296.56,44512,296.55,21520,296.57,2586,296.58,327
1753591904856,04:51:44.856,phemex,AAVE/USDT:USDT,296.59,0.8,296.56,0.4,296.67,0.4,296.68,4.3
1753591904891,04:51:44.891,bybit,AAVE/USDT:USDT,296.61,17.6,296.6,2.23,296.62,0.62,296.63,0.36
1753591904833,04:51:44.833,bitmex,AAVE/USDT:USDT,296.83,1000.0,296.75,1000.0,296.84,113000.0,297.1,728000.0
1753591904889,04:51:44.889,binance,AAVE/USDT:USDT,296.6,28.5,296.59,9.7,296.61,13.6,296.62,0.2
1753591904914,04:51:44.914,phemex,AAVE/USDT:USDT,296.59,0.8,296.56,0.4,296.67,0.4,296.68,4.3
1753591904897,04:51:44.897,gateio,AAVE/USDT:USDT,296.65,769.0,296.62,41.0,296.67,53.0,296.68,794.0
1753591904882,04:51:44.882,bitmex,AAVE/USDT:USDT,296.83,1000.0,296.75,1000.0,296.84,113000.0,297.1,728000.0
1753591904941,04:51:44.941,huobi,AAVE/USDT:USDT,296.527,8.0,296.513,8.0,296.61,8.0,296.624,8.0
1753591904948,04:51:44.948,huobi,AAVE/USDT:USDT,296.527,8.0,296.513,8.0,296.61,8.0,296.624,8.0
1753591904991,04:51:44.991,bybit,AAVE/USDT:USDT,296.61,17.6,296.6,2.23,296.62,0.62,296.63,0.36
1753591904931,04:51:44.931,bitmex,AAVE/USDT:USDT,296.83,1000.0,296.75,1000.0,296.84,113000.0,297.1,728000.0
1753591905005,04:51:45.005,okx,AAVE/USDT:USDT,296.62,224.0,296.61,12.0,296.63,0.9,296.64,1.9
1753591904981,04:51:44.981,huobi,AAVE/USDT:USDT,296.527,8.0,296.513,8.0,296.61,8.0,296.624,8.0
1753591904992,04:51:44.992,binance,AAVE/USDT:USDT,296.6,28.5,296.59,9.7,296.61,13.6,296.62,0.2
1753591904997,04:51:44.997,gateio,AAVE/USDT:USDT,296.65,769.0,296.62,41.0,296.67,53.0,296.68,701.0
1753591905007,04:51:45.007,bitget,AAVE/USDT:USDT,296.9,0.4,296.89,1.9,296.91,0.8,296.92,12.2
1753591905031,04:51:45.031,mexc,AAVE/USDT:USDT,296.56,44512,296.55,21520,296.57,2586,296.58,327
1753591905090,04:51:45.090,bybit,AAVE/USDT:USDT,296.61,17.6,296.6,2.23,296.62,0.62,296.63,0.36
1753591905098,04:51:45.098,gateio,AAVE/USDT:USDT,296.65,769.0,296.61,93.0,296.67,766.0,296.68,701.0
1753591905111,04:51:45.111,binance,AAVE/USDT:USDT,296.6,7.3,296.59,9.7,296.61,11.2,296.62,0.2
1753591905105,04:51:45.105,huobi,AAVE/USDT:USDT,296.527,8.0,296.513,8.0,296.61,8.0,296.624,8.0
1753591905134,04:51:45.134,huobi,AAVE/USDT:USDT,296.527,8.0,296.512,8.0,296.61,8.0,296.624,8.0
1753591905191,04:51:45.191,bybit,AAVE/USDT:USDT,296.61,17.6,296.6,2.23,296.62,0.62,296.63,0.36
1753591905157,04:51:45.157,bitget,AAVE/USDT:USDT,296.89,1.9,296.88,6.6,296.91,1.5,296.92,12.2
1753591905161,04:51:45.161,huobi,AAVE/USDT:USDT,296.512,8.0,296.487,25.0,296.593,8.0,296.607,8.0
1753591905160,04:51:45.160,gateio,AAVE/USDT:USDT,296.6,93.0,296.59,25.0,296.66,230.0,296.67,807.0
1753591905204,04:51:45.204,huobi,AAVE/USDT:USDT,296.512,8.0,296.487,25.0,296.593,8.0,296.607,8.0
1753591905213,04:51:45.213,binance,AAVE/USDT:USDT,296.6,7.3,296.59,9.7,296.61,10.1,296.62,0.2
1753591905031,04:51:45.031,mexc,AAVE/USDT:USDT,296.56,44512,296.55,21520,296.57,2586,296.58,327
1753591905251,04:51:45.251,huobi,AAVE/USDT:USDT,296.512,8.0,296.487,25.0,296.593,8.0,296.607,8.0
1753591905291,04:51:45.291,bybit,AAVE/USDT:USDT,296.61,17.6,296.6,2.23,296.62,0.62,296.63,0.36
1753591905291,04:51:45.291,huobi,AAVE/USDT:USDT,296.512,8.0,296.487,25.0,296.593,8.0,296.61,8.0
1753591905288,04:51:45.288,gateio,AAVE/USDT:USDT,296.64,66.0,296.63,714.0,296.65,4.0,296.66,230.0
1753591905307,04:51:45.307,bitget,AAVE/USDT:USDT,296.87,8.8,296.86,2.7,296.9,0.3,296.91,4.6
1753591905316,04:51:45.316,binance,AAVE/USDT:USDT,296.6,7.3,296.59,9.7,296.61,10.1,296.62,0.2
1753591905318,04:51:45.318,huobi,AAVE/USDT:USDT,296.512,8.0,296.487,25.0,296.61,8.0,296.634,25.0
1753591905345,04:51:45.345,huobi,AAVE/USDT:USDT,296.512,8.0,296.487,25.0,296.61,8.0,296.634,25.0
1753591905348,04:51:45.348,phemex,AAVE/USDT:USDT,296.59,0.8,296.56,0.4,296.67,0.4,296.68,4.3
1753591905391,04:51:45.391,bybit,AAVE/USDT:USDT,296.61,15.79,296.6,2.23,296.62,0.62,296.63,0.36
1753591905405,04:51:45.405,okx,AAVE/USDT:USDT,296.62,193.0,296.61,11.7,296.63,1.0,296.64,0.2
1753591905393,04:51:45.393,gateio,AAVE/USDT:USDT,296.65,66.0,296.63,714.0,296.67,766.0,296.68,504.0
1753591905408,04:51:45.408,huobi,AAVE/USDT:USDT,296.512,8.0,296.487,25.0,296.61,8.0,296.634,25.0
1753591905419,04:51:45.419,binance,AAVE/USDT:USDT,296.6,7.3,296.59,9.7,296.61,10.1,296.62,0.2
1753591905491,04:51:45.491,bybit,AAVE/USDT:USDT,296.61,15.79,296.6,2.23,296.62,0.62,296.63,0.36
1753591905457,04:51:45.457,bitget,AAVE/USDT:USDT,296.89,0.4,296.87,6.2,296.9,1.0,296.91,3.6
1753591905464,04:51:45.464,huobi,AAVE/USDT:USDT,296.512,8.0,296.487,25.0,296.61,8.0,296.634,25.0
1753591905492,04:51:45.492,huobi,AAVE/USDT:USDT,296.512,8.0,296.487,25.0,296.61,8.0,296.634,25.0
1753591905484,04:51:45.484,gateio,AAVE/USDT:USDT,296.65,850.0,296.6,210.0,296.67,766.0,296.68,504.0
1753591905521,04:51:45.521,binance,AAVE/USDT:USDT,296.6,7.3,296.59,9.7,296.61,10.1,296.62,0.2
1753591905536,04:51:45.536,huobi,AAVE/USDT:USDT,296.512,8.0,296.487,25.0,296.61,8.0,296.634,25.0
1753591905591,04:51:45.591,bybit,AAVE/USDT:USDT,296.61,15.79,296.6,2.23,296.62,0.62,296.63,0.36
1753591905570,04:51:45.570,huobi,AAVE/USDT:USDT,296.512,8.0,296.487,25.0,296.61,8.0,296.634,25.0
1753591905605,04:51:45.605,okx,AAVE/USDT:USDT,296.62,193.0,296.61,11.7,296.63,1.0,296.64,0.2
1753591905567,04:51:45.567,gateio,AAVE/USDT:USDT,296.65,850.0,296.6,210.0,296.67,766.0,296.68,504.0
1753591905607,04:51:45.607,bitget,AAVE/USDT:USDT,296.89,0.7,296.87,13.2,296.9,0.5,296.91,4.6
1753591905418,04:51:45.418,mexc,AAVE/USDT:USDT,296.56,44512,296.55,21520,296.57,2586,296.58,327
1753591905630,04:51:45.630,binance,AAVE/USDT:USDT,296.6,7.3,296.59,9.7,296.61,10.1,296.62,4.4
1753591905632,04:51:45.632,huobi,AAVE/USDT:USDT,296.512,8.0,296.487,25.0,296.61,8.0,296.634,25.0
1753591905691,04:51:45.691,bybit,AAVE/USDT:USDT,296.61,15.79,296.6,2.23,296.62,0.62,296.63,0.36
1753591905676,04:51:45.676,huobi,AAVE/USDT:USDT,296.512,8.0,296.487,25.0,296.61,8.0,296.634,25.0
1753591905720,04:51:45.720,huobi,AAVE/USDT:USDT,296.512,8.0,296.487,25.0,296.61,8.0,296.634,25.0
1753591905742,04:51:45.742,huobi,AAVE/USDT:USDT,296.512,8.0,296.487,25.0,296.61,8.0,296.634,25.0
1753591905791,04:51:45.791,bybit,AAVE/USDT:USDT,296.61,15.79,296.6,2.23,296.62,0.62,296.63,0.36
1753591905757,04:51:45.757,bitget,AAVE/USDT:USDT,296.89,0.7,296.87,13.2,296.9,0.8,296.91,4.6
1753591905766,04:51:45.766,binance,AAVE/USDT:USDT,296.6,7.3,296.59,9.7,296.61,10.1,296.62,4.4
1753591905827,04:51:45.827,mexc,AAVE/USDT:USDT,296.56,44512,296.55,21520,296.57,2586,296.58,327
1753591905891,04:51:45.891,bybit,AAVE/USDT:USDT,296.61,15.79,296.6,2.23,296.62,0.62,296.63,0.36
1753591905858,04:51:45.858,huobi,AAVE/USDT:USDT,296.512,8.0,296.487,25.0,296.61,8.0,296.634,25.0
1753591905813,04:51:45.813,gateio,AAVE/USDT:USDT,296.65,850.0,296.62,82.0,296.67,766.0,296.68,504.0
1753591905907,04:51:45.907,binance,AAVE/USDT:USDT,296.6,7.5,296.59,9.7,296.61,10.1,296.62,4.4
1753591905907,04:51:45.907,bitget,AAVE/USDT:USDT,296.89,0.7,296.87,13.2,296.9,0.8,296.91,4.6
1753591905918,04:51:45.918,huobi,AAVE/USDT:USDT,296.512,8.0,296.487,25.0,296.61,8.0,296.634,25.0
1753591899747,04:51:39.747,ascendex,AAVE/USDT:USDT,296.06,81.1,295.97,35.7,297.02,49.5,297.1,46.6
1753591905991,04:51:45.991,bybit,AAVE/USDT:USDT,296.61,15.79,296.6,2.23,296.62,0.62,296.63,0.36
1753591906005,04:51:46.005,okx,AAVE/USDT:USDT,296.62,193.6,296.61,11.7,296.63,1.0,296.64,0.2
1753591905921,04:51:45.921,gateio,AAVE/USDT:USDT,296.65,850.0,296.62,82.0,296.67,766.0,296.68,504.0
1753591906013,04:51:46.013,binance,AAVE/USDT:USDT,296.6,7.5,296.59,9.7,296.61,10.1,296.62,4.4
1753591905827,04:51:45.827,mexc,AAVE/USDT:USDT,296.56,44512,296.55,21520,296.57,2586,296.58,327
1753591906105,04:51:46.105,okx,AAVE/USDT:USDT,296.62,193.6,296.61,11.7,296.63,1.0,296.64,0.2
1753591906050,04:51:46.050,bitmex,AAVE/USDT:USDT,296.83,1000.0,296.75,1000.0,296.84,113000.0,297.1,728000.0
1753591906100,04:51:46.100,huobi,AAVE/USDT:USDT,296.512,8.0,296.487,25.0,296.61,8.0,296.634,25.0
1753591906116,04:51:46.116,binance,AAVE/USDT:USDT,296.6,7.5,296.59,9.7,296.61,10.1,296.62,4.4
1753591906115,04:51:46.115,huobi,AAVE/USDT:USDT,296.512,8.0,296.487,25.0,296.61,8.0,296.634,25.0
1753591906099,04:51:46.099,bitmex,AAVE/USDT:USDT,296.83,1000.0,296.75,1000.0,296.84,113000.0,297.1,728000.0
1753591906149,04:51:46.149,huobi,AAVE/USDT:USDT,296.512,8.0,296.487,25.0,296.61,8.0,296.634,25.0
1753591906192,04:51:46.192,bybit,AAVE/USDT:USDT,296.61,15.79,296.6,2.23,296.62,0.62,296.63,0.36
1753591906205,04:51:46.205,okx,AAVE/USDT:USDT,296.62,195.2,296.61,11.7,296.63,0.8,296.64,0.2
1753591906207,04:51:46.207,bitget,AAVE/USDT:USDT,296.89,0.7,296.88,2.7,296.9,0.5,296.91,4.6
1753591906218,04:51:46.218,huobi,AAVE/USDT:USDT,296.512,8.0,296.487,25.0,296.61,8.0,296.634,25.0
1753591906227,04:51:46.227,mexc,AAVE/USDT:USDT,296.56,44512,296.55,21520,296.57,2586,296.58,327
1753591906291,04:51:46.291,bybit,AAVE/USDT:USDT,296.61,15.79,296.6,2.23,296.62,0.62,296.63,0.36
1753591906260,04:51:46.260,huobi,AAVE/USDT:USDT,296.512,8.0,296.487,25.0,296.61,8.0,296.634,25.0
1753591906319,04:51:46.319,huobi,AAVE/USDT:USDT,296.512,8.0,296.487,25.0,296.61,8.0,296.634,25.0
1753591906391,04:51:46.391,bybit,AAVE/USDT:USDT,296.61,15.79,296.6,2.23,296.62,0.62,296.63,0.36
1753591906357,04:51:46.357,bitget,AAVE/USDT:USDT,296.89,0.7,296.88,2.7,296.9,0.5,296.91,3.6
1753591906405,04:51:46.405,okx,AAVE/USDT:USDT,296.62,195.2,296.61,11.7,296.63,0.8,296.64,0.2
1753591906405,04:51:46.405,binance,AAVE/USDT:USDT,296.6,7.5,296.59,9.6,296.61,10.1,296.62,0.2
1753591906233,04:51:46.233,mexc,AAVE/USDT:USDT,296.56,44512,296.55,21520,296.57,2586,296.58,327
1753591906420,04:51:46.420,huobi,AAVE/USDT:USDT,296.512,8.0,296.487,25.0,296.61,8.0,296.634,25.0
1753591906472,04:51:46.472,huobi,AAVE/USDT:USDT,296.512,8.0,296.487,25.0,296.61,8.0,296.634,25.0
1753591906486,04:51:46.486,gateio,AAVE/USDT:USDT,296.65,850.0,296.62,82.0,296.67,766.0,296.68,504.0
1753591906508,04:51:46.508,binance,AAVE/USDT:USDT,296.6,7.5,296.59,9.6,296.61,10.1,296.62,0.2
1753591906507,04:51:46.507,bitget,AAVE/USDT:USDT,296.89,0.7,296.88,2.7,296.9,0.5,296.91,3.6
1753591906591,04:51:46.591,bybit,AAVE/USDT:USDT,296.61,15.8,296.6,2.23,296.62,0.62,296.63,0.36
1753591906605,04:51:46.605,okx,AAVE/USDT:USDT,296.62,195.2,296.61,11.7,296.63,0.8,296.64,0.2
1753591906605,04:51:46.605,huobi,AAVE/USDT:USDT,296.512,8.0,296.487,25.0,296.61,8.0,296.634,25.0
1753591906637,04:51:46.637,binance,AAVE/USDT:USDT,296.6,11.0,296.59,9.6,296.61,10.1,296.62,0.2
1753591906691,04:51:46.691,bybit,AAVE/USDT:USDT,296.61,16.6,296.6,3.03,296.62,0.62,296.63,0.36
1753591906615,04:51:46.615,bitmex,AAVE/USDT:USDT,296.83,1000.0,296.75,1000.0,296.84,113000.0,297.1,728000.0
1753591906651,04:51:46.651,huobi,AAVE/USDT:USDT,296.512,8.0,296.487,25.0,296.61,8.0,296.634,25.0
1753591906655,04:51:46.655,huobi,AAVE/USDT:USDT,296.512,8.0,296.487,25.0,296.61,8.0,296.634,25.0
1753591906618,04:51:46.618,gateio,AAVE/USDT:USDT,296.65,850.0,296.62,82.0,296.67,53.0,296.68,504.0
1753591906665,04:51:46.665,bitmex,AAVE/USDT:USDT,296.83,1000.0,296.75,1000.0,296.84,113000.0,297.1,728000.0
1753591906711,04:51:46.711,huobi,AAVE/USDT:USDT,296.512,8.0,296.487,25.0,296.61,8.0,296.634,25.0
1753591906715,04:51:46.715,huobi,AAVE/USDT:USDT,296.512,8.0,296.487,25.0,296.61,8.0,296.634,25.0
1753591906743,04:51:46.743,binance,AAVE/USDT:USDT,296.6,11.0,296.59,9.6,296.61,10.1,296.62,0.2
1753591906792,04:51:46.792,bybit,AAVE/USDT:USDT,296.61,16.6,296.6,3.1,296.62,0.62,296.63,0.36
1753591906759,04:51:46.759,huobi,AAVE/USDT:USDT,296.512,8.0,296.487,25.0,296.61,8.0,296.634,25.0
1753591906777,04:51:46.777,phemex,AAVE/USDT:USDT,296.56,0.4,296.52,4.4,296.67,0.4,296.68,4.3
1753591906707,04:51:46.707,gateio,AAVE/USDT:USDT,296.65,850.0,296.62,82.0,296.67,53.0,296.68,504.0
1753591906808,04:51:46.808,bitget,AAVE/USDT:USDT,296.89,4.7,296.88,2.7,296.9,0.5,296.91,3.6
1753591906835,04:51:46.835,phemex,AAVE/USDT:USDT,296.56,0.4,296.52,4.4,296.62,0.2,296.67,0.4
1753591906620,04:51:46.620,mexc,AAVE/USDT:USDT,296.56,44512,296.55,21520,296.57,2586,296.58,327
1753591906844,04:51:46.844,binance,AAVE/USDT:USDT,296.6,11.0,296.59,9.6,296.61,10.1,296.62,0.2
1753591906870,04:51:46.870,phemex,AAVE/USDT:USDT,296.56,0.4,296.52,4.4,296.62,0.2,296.67,0.4
1753591906891,04:51:46.891,bybit,AAVE/USDT:USDT,296.61,16.6,296.6,3.1,296.62,0.62,296.63,0.36
1753591906905,04:51:46.905,okx,AAVE/USDT:USDT,296.62,195.2,296.61,11.7,296.63,0.8,296.64,0.2
1753591906899,04:51:46.899,gateio,AAVE/USDT:USDT,296.65,850.0,296.62,82.0,296.67,53.0,296.68,1346.0
1753591906910,04:51:46.910,huobi,AAVE/USDT:USDT,296.512,8.0,296.487,25.0,296.61,8.0,296.634,25.0
1753591906946,04:51:46.946,binance,AAVE/USDT:USDT,296.6,11.0,296.59,9.6,296.61,10.1,296.62,0.2
1753591906991,04:51:46.991,bybit,AAVE/USDT:USDT,296.61,16.6,296.6,3.03,296.62,0.62,296.63,0.36
1753591906958,04:51:46.958,bitget,AAVE/USDT:USDT,296.89,6.6,296.88,2.7,296.91,2.4,296.92,8.2
1753591907011,04:51:47.011,phemex,AAVE/USDT:USDT,296.56,0.4,296.52,4.4,296.61,0.4,296.62,0.2
1753591907005,04:51:47.005,okx,AAVE/USDT:USDT,296.62,195.2,296.61,11.7,296.63,0.8,296.64,0.2
1753591907016,04:51:47.016,phemex,AAVE/USDT:USDT,296.56,0.4,296.52,4.4,296.61,0.4,296.67,0.4
1753591906921,04:51:46.921,gateio,AAVE/USDT:USDT,296.65,850.0,296.62,82.0,296.67,309.0,296.68,1346.0
1753591907002,04:51:47.002,huobi,AAVE/USDT:USDT,296.512,8.0,296.487,25.0,296.61,8.0,296.634,25.0
1753591907027,04:51:47.027,mexc,AAVE/USDT:USDT,296.56,44512,296.55,25174,296.57,2586,296.58,327
1753591907028,04:51:47.028,phemex,AAVE/USDT:USDT,296.56,0.4,296.52,4.4,296.61,0.4,296.67,0.4
1753591907048,04:51:47.048,binance,AAVE/USDT:USDT,296.6,11.0,296.59,9.6,296.61,10.1,296.62,0.2
1753591907082,04:51:47.082,phemex,AAVE/USDT:USDT,296.56,0.4,296.52,4.4,296.61,0.4,296.67,0.4
1753591907082,04:51:47.082,huobi,AAVE/USDT:USDT,296.512,8.0,296.487,25.0,296.61,8.0,296.634,25.0
1753591907002,04:51:47.002,gateio,AAVE/USDT:USDT,296.65,850.0,296.62,82.0,296.67,309.0,296.68,1346.0
1753591907156,04:51:47.156,binance,AAVE/USDT:USDT,296.6,11.0,296.59,9.6,296.61,10.1,296.62,0.2
1753591907191,04:51:47.191,bybit,AAVE/USDT:USDT,296.61,16.6,296.6,3.03,296.62,0.62,296.63,0.36
1753591907168,04:51:47.168,phemex,AAVE/USDT:USDT,296.56,0.4,296.52,4.4,296.67,0.4,296.68,4.3
1753591907170,04:51:47.170,huobi,AAVE/USDT:USDT,296.512,8.0,296.487,25.0,296.61,8.0,296.634,25.0
1753591907205,04:51:47.205,okx,AAVE/USDT:USDT,296.62,195.2,296.61,11.7,296.63,0.8,296.64,0.2
1753591907198,04:51:47.198,phemex,AAVE/USDT:USDT,296.56,0.4,296.52,4.4,296.67,0.4,296.68,4.3
1753591907027,04:51:47.027,mexc,AAVE/USDT:USDT,296.56,44512,296.55,25174,296.57,2586,296.58,327
1753591907240,04:51:47.240,phemex,AAVE/USDT:USDT,296.56,0.4,296.52,4.4,296.67,0.4,296.68,4.3
1753591907258,04:51:47.258,binance,AAVE/USDT:USDT,296.6,11.0,296.59,9.6,296.61,10.1,296.62,0.2
1753591907234,04:51:47.234,bitmex,AAVE/USDT:USDT,296.83,1000.0,296.75,1000.0,296.84,113000.0,297.1,728000.0
1753591907283,04:51:47.283,bitmex,AAVE/USDT:USDT,296.83,1000.0,296.75,1000.0,296.84,113000.0,297.1,728000.0
1753591907348,04:51:47.348,huobi,AAVE/USDT:USDT,296.512,8.0,296.487,25.0,296.61,8.0,296.634,25.0
1753591907391,04:51:47.391,bybit,AAVE/USDT:USDT,296.61,17.51,296.6,3.03,296.62,0.62,296.63,0.36
1753591907363,04:51:47.363,binance,AAVE/USDT:USDT,296.6,11.0,296.59,9.6,296.61,10.1,296.62,0.2
1753591907405,04:51:47.405,okx,AAVE/USDT:USDT,296.62,195.2,296.61,11.7,296.63,0.8,296.64,0.2
1753591907431,04:51:47.431,mexc,AAVE/USDT:USDT,296.56,44512,296.55,21520,296.57,2586,296.58,432
1753591907491,04:51:47.491,bybit,AAVE/USDT:USDT,296.61,16.71,296.6,2.23,296.62,0.62,296.63,0.36
1753591907471,04:51:47.471,binance,AAVE/USDT:USDT,296.6,9.3,296.59,9.6,296.61,10.1,296.62,0.2
1753591907425,04:51:47.425,gateio,AAVE/USDT:USDT,296.65,850.0,296.62,82.0,296.67,309.0,296.68,1346.0
1753591907591,04:51:47.591,bybit,AAVE/USDT:USDT,296.61,16.71,296.6,2.23,296.62,0.62,296.63,0.36
1753591907558,04:51:47.558,bitget,AAVE/USDT:USDT,296.9,0.7,296.89,5.9,296.91,0.7,296.92,12.2
1753591907562,04:51:47.562,huobi,AAVE/USDT:USDT,296.512,8.0,296.487,25.0,296.61,8.0,296.634,25.0
1753591907575,04:51:47.575,binance,AAVE/USDT:USDT,296.6,9.3,296.59,9.6,296.61,10.1,296.62,0.2
1753591907587,04:51:47.587,huobi,AAVE/USDT:USDT,296.512,8.0,296.487,25.0,296.61,8.0,296.634,25.0
1753591907611,04:51:47.611,mexc,AAVE/USDT:USDT,296.56,44512,296.55,21520,296.57,2586,296.58,432
1753591907644,04:51:47.644,huobi,AAVE/USDT:USDT,296.512,8.0,296.487,25.0,296.61,8.0,296.634,25.0
1753591907648,04:51:47.648,huobi,AAVE/USDT:USDT,296.512,8.0,296.487,25.0,296.61,8.0,296.634,25.0
1753591907679,04:51:47.679,binance,AAVE/USDT:USDT,296.6,9.3,296.59,9.6,296.61,10.1,296.62,0.2
1753591907674,04:51:47.674,huobi,AAVE/USDT:USDT,296.512,8.0,296.487,25.0,296.61,8.0,296.634,25.0
1753591907705,04:51:47.705,okx,AAVE/USDT:USDT,296.62,195.7,296.61,11.7,296.63,0.8,296.64,0.2
1753591907708,04:51:47.708,bitget,AAVE/USDT:USDT,296.9,0.7,296.89,5.9,296.91,1.0,296.92,12.2
1753591907747,04:51:47.747,huobi,AAVE/USDT:USDT,296.512,8.0,296.487,25.0,296.61,8.0,296.634,25.0
1753591907791,04:51:47.791,bybit,AAVE/USDT:USDT,296.61,16.71,296.6,2.23,296.62,0.62,296.63,0.36
1753591907782,04:51:47.782,binance,AAVE/USDT:USDT,296.6,9.3,296.59,10.0,296.61,10.1,296.62,0.2
1753591907891,04:51:47.891,bybit,AAVE/USDT:USDT,296.61,16.71,296.6,2.23,296.62,0.62,296.63,0.36
1753591907857,04:51:47.857,huobi,AAVE/USDT:USDT,296.512,8.0,296.487,25.0,296.61,8.0,296.634,25.0
1753591907858,04:51:47.858,bitget,AAVE/USDT:USDT,296.9,0.7,296.89,5.9,296.91,1.0,296.92,8.2
1753591907884,04:51:47.884,binance,AAVE/USDT:USDT,296.6,9.3,296.59,10.0,296.61,10.1,296.62,0.2
1753591907897,04:51:47.897,huobi,AAVE/USDT:USDT,296.512,8.0,296.487,25.0,296.61,8.0,296.634,25.0
1753591907991,04:51:47.991,bybit,AAVE/USDT:USDT,296.61,16.71,296.6,2.23,296.62,0.62,296.63,0.36
1753591907908,04:51:47.908,bitmex,AAVE/USDT:USDT,296.83,1000.0,296.75,1000.0,297.1,728000.0,297.37,3000.0
1753591907970,04:51:47.970,huobi,AAVE/USDT:USDT,296.512,8.0,296.487,25.0,296.61,8.0,296.634,25.0
1753591908005,04:51:48.005,okx,AAVE/USDT:USDT,296.62,197.9,296.61,11.7,296.63,0.8,296.64,0.2
1753591907995,04:51:47.995,binance,AAVE/USDT:USDT,296.6,9.3,296.59,10.0,296.61,10.1,296.62,0.2
1753591907985,04:51:47.985,gateio,AAVE/USDT:USDT,296.65,850.0,296.62,82.0,296.67,309.0,296.68,1346.0
1753591907958,04:51:47.958,bitmex,AAVE/USDT:USDT,296.85,1000.0,296.78,1000.0,296.89,113000.0,297.1,728000.0
1753591908008,04:51:48.008,bitget,AAVE/USDT:USDT,296.9,0.7,296.89,5.9,296.91,1.0,296.92,9.2
1753591907819,04:51:47.819,mexc,AAVE/USDT:USDT,296.56,44512,296.55,21520,296.57,2586,296.58,327
1753591908024,04:51:48.024,huobi,AAVE/USDT:USDT,296.512,8.0,296.487,25.0,296.61,8.0,296.634,25.0
1753591856165,04:50:56.165,blofin,AAVE/USDT:USDT,296.31,10.0,296.29,92.0,296.34,14.0,296.35,358.0
1753591908091,04:51:48.091,bybit,AAVE/USDT:USDT,296.61,17.51,296.6,3.03,296.62,0.62,296.63,0.36
1753591908073,04:51:48.073,huobi,AAVE/USDT:USDT,296.512,8.0,296.487,25.0,296.61,8.0,296.634,25.0
1753591908046,04:51:48.046,bitmex,AAVE/USDT:USDT,296.85,1000.0,296.78,1000.0,296.89,113000.0,297.1,728000.0
1753591908084,04:51:48.084,gateio,AAVE/USDT:USDT,296.65,850.0,296.62,82.0,296.67,309.0,296.68,1346.0
1753591908109,04:51:48.109,binance,AAVE/USDT:USDT,296.6,12.6,296.59,10.0,296.61,7.2,296.62,0.2
1753591908191,04:51:48.191,bybit,AAVE/USDT:USDT,296.61,16.71,296.6,2.23,296.62,0.62,296.63,0.36
1753591908175,04:51:48.175,huobi,AAVE/USDT:USDT,296.512,8.0,296.487,25.0,296.61,8.0,296.634,25.0
1753591908212,04:51:48.212,binance,AAVE/USDT:USDT,296.6,12.6,296.59,10.0,296.61,7.2,296.62,0.2
1753591908228,04:51:48.228,mexc,AAVE/USDT:USDT,296.56,44512,296.55,21520,296.57,2586,296.58,327
1753591908291,04:51:48.291,bybit,AAVE/USDT:USDT,296.61,16.71,296.6,2.23,296.62,0.62,296.63,0.36
1753591908289,04:51:48.289,phemex,AAVE/USDT:USDT,296.56,0.4,296.52,4.4,296.67,0.4,296.68,4.3
1753591908305,04:51:48.305,okx,AAVE/USDT:USDT,296.62,216.0,296.61,11.7,296.63,0.8,296.64,0.2
1753591908308,04:51:48.308,bitget,AAVE/USDT:USDT,296.9,4.7,296.89,1.9,296.91,1.4,296.92,9.2
1753591908314,04:51:48.314,binance,AAVE/USDT:USDT,296.6,25.6,296.59,10.0,296.61,7.2,296.62,0.2
1753591908326,04:51:48.326,huobi,AAVE/USDT:USDT,296.512,8.0,296.487,25.0,296.61,8.0,296.634,25.0
1753591908347,04:51:48.347,huobi,AAVE/USDT:USDT,296.512,8.0,296.487,25.0,296.61,8.0,296.634,25.0
1753591908391,04:51:48.391,bybit,AAVE/USDT:USDT,296.61,17.51,296.6,3.03,296.62,0.62,296.63,0.36
1753591908365,04:51:48.365,gateio,AAVE/USDT:USDT,296.65,850.0,296.62,82.0,296.67,309.0,296.68,1346.0
1753591908421,04:51:48.421,huobi,AAVE/USDT:USDT,296.512,8.0,296.487,25.0,296.61,8.0,296.634,25.0
1753591908228,04:51:48.228,mexc,AAVE/USDT:USDT,296.56,44512,296.55,21520,296.57,2586,296.58,327
1753591908429,04:51:48.429,huobi,AAVE/USDT:USDT,296.512,8.0,296.487,25.0,296.61,8.0,296.634,25.0
1753591908491,04:51:48.491,bybit,AAVE/USDT:USDT,296.61,17.51,296.6,3.03,296.62,0.62,296.63,0.36
1753591908416,04:51:48.416,bitmex,AAVE/USDT:USDT,296.85,1000.0,296.78,1000.0,296.89,113000.0,297.1,728000.0
1753591908471,04:51:48.471,huobi,AAVE/USDT:USDT,296.512,8.0,296.487,25.0,296.61,8.0,296.634,25.0
1753591908505,04:51:48.505,okx,AAVE/USDT:USDT,296.62,216.0,296.61,11.7,296.63,0.8,296.64,0.2
1753591908518,04:51:48.518,binance,AAVE/USDT:USDT,296.6,26.1,296.59,9.8,296.61,7.2,296.62,0.2
1753591908480,04:51:48.480,bitmex,AAVE/USDT:USDT,296.85,1000.0,296.78,1000.0,296.89,113000.0,297.1,728000.0
1753591908538,04:51:48.538,huobi,AAVE/USDT:USDT,296.512,8.0,296.487,25.0,296.61,8.0,296.634,25.0
1753591908545,04:51:48.545,huobi,AAVE/USDT:USDT,296.512,8.0,296.487,25.0,296.61,8.0,296.634,25.0
1753591908591,04:51:48.591,bybit,AAVE/USDT:USDT,296.61,17.51,296.6,3.03,296.62,0.62,296.63,0.36
1753591908645,04:51:48.645,huobi,AAVE/USDT:USDT,296.512,8.0,296.487,25.0,296.61,8.0,296.634,25.0
1753591908691,04:51:48.691,bybit,AAVE/USDT:USDT,296.61,17.51,296.6,3.03,296.62,0.62,296.63,0.36
1753591908671,04:51:48.671,huobi,AAVE/USDT:USDT,296.512,8.0,296.487,25.0,296.61,8.0,296.634,25.0
1753591908681,04:51:48.681,binance,AAVE/USDT:USDT,296.6,26.3,296.59,9.8,296.61,7.4,296.62,0.2
1753591908693,04:51:48.693,huobi,AAVE/USDT:USDT,296.512,8.0,296.487,25.0,296.61,8.0,296.634,25.0
1753591908791,04:51:48.791,bybit,AAVE/USDT:USDT,296.61,17.51,296.6,3.03,296.62,0.62,296.63,0.36
1753591908759,04:51:48.759,bitget,AAVE/USDT:USDT,296.9,4.7,296.89,1.9,296.91,1.4,296.92,8.2
1753591908785,04:51:48.785,binance,AAVE/USDT:USDT,296.6,26.3,296.59,9.8,296.61,7.4,296.62,0.2
1753591908629,04:51:48.629,mexc,AAVE/USDT:USDT,296.56,44512,296.55,21520,296.57,2586,296.58,517
1753591908891,04:51:48.891,bybit,AAVE/USDT:USDT,296.61,17.51,296.6,3.03,296.62,0.62,296.63,0.36
1753591908864,04:51:48.864,phemex,AAVE/USDT:USDT,296.56,0.4,296.52,4.4,296.67,0.4,296.68,4.3
1753591908905,04:51:48.905,okx,AAVE/USDT:USDT,296.62,216.0,296.61,11.7,296.63,0.8,296.64,0.2
1753591908991,04:51:48.991,bybit,AAVE/USDT:USDT,296.61,17.51,296.6,3.03,296.62,0.62,296.63,0.36
1753591908960,04:51:48.960,huobi,AAVE/USDT:USDT,296.512,8.0,296.487,25.0,296.61,8.0,296.634,25.0
1753591909005,04:51:49.005,okx,AAVE/USDT:USDT,296.62,216.0,296.61,11.7,296.63,0.8,296.64,0.2
1753591908993,04:51:48.993,binance,AAVE/USDT:USDT,296.6,26.3,296.59,9.8,296.61,7.4,296.62,0.2
1753591908923,04:51:48.923,gateio,AAVE/USDT:USDT,296.65,850.0,296.62,82.0,296.67,309.0,296.68,1346.0
1753591909011,04:51:49.011,huobi,AAVE/USDT:USDT,296.512,8.0,296.487,25.0,296.61,8.0,296.634,25.0
1753591909019,04:51:49.019,mexc,AAVE/USDT:USDT,296.56,44512,296.55,21520,296.57,2586,296.58,483
1753591909091,04:51:49.091,bybit,AAVE/USDT:USDT,296.61,16.71,296.6,2.23,296.62,0.62,296.63,0.36
1753591909059,04:51:49.059,bitget,AAVE/USDT:USDT,296.9,4.7,296.89,1.9,296.91,1.4,296.92,8.2
1753591909062,04:51:49.062,huobi,AAVE/USDT:USDT,296.512,8.0,296.487,25.0,296.61,8.0,296.634,25.0
1753591909090,04:51:49.090,huobi,AAVE/USDT:USDT,296.512,8.0,296.487,25.0,296.61,8.0,296.634,25.0
1753591909002,04:51:49.002,gateio,AAVE/USDT:USDT,296.65,850.0,296.62,82.0,296.67,309.0,296.68,1346.0
1753591909095,04:51:49.095,binance,AAVE/USDT:USDT,296.6,26.3,296.59,9.8,296.61,7.4,296.62,0.2
1753591909121,04:51:49.121,huobi,AAVE/USDT:USDT,296.512,8.0,296.487,25.0,296.61,8.0,296.634,25.0
1753591909151,04:51:49.151,huobi,AAVE/USDT:USDT,296.512,8.0,296.487,25.0,296.61,8.0,296.634,25.0
1753591909191,04:51:49.191,bybit,AAVE/USDT:USDT,296.61,16.71,296.6,2.23,296.62,0.62,296.63,0.36
1753591909205,04:51:49.205,okx,AAVE/USDT:USDT,296.62,216.0,296.61,11.7,296.63,0.8,296.64,0.2
1753591909209,04:51:49.209,bitget,AAVE/USDT:USDT,296.9,4.7,296.89,1.9,296.91,1.4,296.92,8.2
1753591909019,04:51:49.019,mexc,AAVE/USDT:USDT,296.56,44512,296.55,21520,296.57,2586,296.58,327
1753591909244,04:51:49.244,binance,AAVE/USDT:USDT,296.6,26.3,296.59,9.8,296.61,7.4,296.62,0.2
1753591909291,04:51:49.291,bybit,AAVE/USDT:USDT,296.61,16.71,296.6,2.23,296.62,0.62,296.63,0.36
1753591909261,04:51:49.261,huobi,AAVE/USDT:USDT,296.512,8.0,296.487,25.0,296.61,8.0,296.634,25.0
1753591909305,04:51:49.305,okx,AAVE/USDT:USDT,296.62,216.0,296.61,11.7,296.63,0.8,296.64,0.2
1753591909293,04:51:49.293,huobi,AAVE/USDT:USDT,296.512,8.0,296.487,25.0,296.61,8.0,296.634,25.0
1753591909278,04:51:49.278,gateio,AAVE/USDT:USDT,296.65,850.0,296.62,82.0,296.67,309.0,296.68,1346.0
1753591909298,04:51:49.298,huobi,AAVE/USDT:USDT,296.512,8.0,296.487,25.0,296.61,8.0,296.634,25.0
1753591909270,04:51:49.270,bitmex,AAVE/USDT:USDT,296.85,1000.0,296.78,1000.0,296.89,113000.0,297.1,728000.0
1753591909339,04:51:49.339,huobi,AAVE/USDT:USDT,296.512,8.0,296.487,25.0,296.61,8.0,296.634,25.0
1753591909347,04:51:49.347,binance,AAVE/USDT:USDT,296.6,23.7,296.59,9.8,296.61,9.6,296.62,0.2
1753591909391,04:51:49.391,bybit,AAVE/USDT:USDT,296.61,15.8,296.6,2.23,296.62,0.62,296.63,0.36
1753591909320,04:51:49.320,bitmex,AAVE/USDT:USDT,296.85,1000.0,296.78,1000.0,296.89,113000.0,297.1,728000.0
1753591909429,04:51:49.429,mexc,AAVE/USDT:USDT,296.56,44512,296.55,21520,296.57,2586,296.58,327
1753591909453,04:51:49.453,binance,AAVE/USDT:USDT,296.6,23.8,296.59,9.8,296.61,9.6,296.62,4.4
1753591909491,04:51:49.491,bybit,AAVE/USDT:USDT,296.61,15.4,296.6,2.23,296.62,0.62,296.63,0.36
1753591909467,04:51:49.467,huobi,AAVE/USDT:USDT,296.512,8.0,296.487,25.0,296.61,8.0,296.634,25.0
1753591909483,04:51:49.483,huobi,AAVE/USDT:USDT,296.512,8.0,296.487,25.0,296.61,8.0,296.634,25.0
