timestamp,time,exchange,symbol,bid1_price,bid1_volume,bid2_price,bid2_volume,ask1_price,ask1_volume,ask2_price,ask2_volume
1753591881405,04:51:21.405,bitget,ADA/USDT:USDT,0.8315,8043.0,0.8314,64238.0,0.8316,62098.0,0.8317,105093.0
1753591882756,04:51:22.756,bitget,ADA/USDT:USDT,0.8315,22480.0,0.8314,36460.0,0.8316,47098.0,0.8317,105093.0
1753591882906,04:51:22.906,bitget,ADA/USDT:USDT,0.8315,22480.0,0.8314,37411.0,0.8316,38598.0,0.8317,105093.0
1753591883507,04:51:23.507,bitget,ADA/USDT:USDT,0.8315,22480.0,0.8314,54249.0,0.8316,38598.0,0.8317,105093.0
1753591883762,04:51:23.762,binance,ADA/USDT:USDT,0.8313,21033.0,0.8312,40414.0,0.8314,48700.0,0.8315,108502.0
1753591883807,04:51:23.807,bitget,ADA/USDT:USDT,0.8315,22480.0,0.8314,53298.0,0.8316,38598.0,0.8317,105093.0
1753591883866,04:51:23.866,binance,ADA/USDT:USDT,0.8313,21033.0,0.8312,40414.0,0.8314,42630.0,0.8315,108502.0
1753591883957,04:51:23.957,bitget,ADA/USDT:USDT,0.8315,22480.0,0.8314,53298.0,0.8316,38598.0,0.8317,105093.0
1753591883969,04:51:23.969,binance,ADA/USDT:USDT,0.8313,21033.0,0.8312,40439.0,0.8314,42510.0,0.8315,108502.0
1753591884072,04:51:24.072,binance,ADA/USDT:USDT,0.8313,24058.0,0.8312,40439.0,0.8314,42510.0,0.8315,108477.0
1753591884107,04:51:24.107,bitget,ADA/USDT:USDT,0.8315,22480.0,0.8314,64290.0,0.8316,38598.0,0.8317,105093.0
1753591884175,04:51:24.175,binance,ADA/USDT:USDT,0.8313,24058.0,0.8312,40439.0,0.8314,42970.0,0.8315,108502.0
1753591884257,04:51:24.257,bitget,ADA/USDT:USDT,0.8315,23284.0,0.8314,65241.0,0.8316,38598.0,0.8317,105093.0
1753591884278,04:51:24.278,binance,ADA/USDT:USDT,0.8313,24058.0,0.8312,40679.0,0.8314,37482.0,0.8315,108477.0
1753591884402,04:51:24.402,binance,ADA/USDT:USDT,0.8313,21040.0,0.8312,40405.0,0.8314,49747.0,0.8315,108262.0
1753591884407,04:51:24.407,bitget,ADA/USDT:USDT,0.8315,23284.0,0.8314,36460.0,0.8316,38598.0,0.8317,105093.0
1753591884994,04:51:24.994,binance,ADA/USDT:USDT,0.8313,24179.0,0.8312,40439.0,0.8314,38195.0,0.8315,108468.0
1753591885112,04:51:25.112,binance,ADA/USDT:USDT,0.8313,21383.0,0.8312,40439.0,0.8314,38194.0,0.8315,108477.0
1753591885223,04:51:25.223,bybit,ADA/USDT:USDT,0.8315,581.0,0.8314,63424.0,0.8316,22068.0,0.8317,90049.0
1753591885216,04:51:25.216,binance,ADA/USDT:USDT,0.8313,21632.0,0.8312,40414.0,0.8314,50969.0,0.8315,108477.0
1753591885323,04:51:25.323,bybit,ADA/USDT:USDT,0.8315,7307.0,0.8314,63424.0,0.8316,20343.0,0.8317,87541.0
1753591885308,04:51:25.308,bitget,ADA/USDT:USDT,0.8315,22480.0,0.8314,47337.0,0.8316,38598.0,0.8317,105093.0
1753591885341,04:51:25.341,binance,ADA/USDT:USDT,0.8313,21652.0,0.8312,40414.0,0.8314,44950.0,0.8315,108477.0
1753591885422,04:51:25.422,bybit,ADA/USDT:USDT,0.8315,7307.0,0.8314,65149.0,0.8316,20343.0,0.8317,85816.0
1753591885445,04:51:25.445,binance,ADA/USDT:USDT,0.8313,21605.0,0.8312,40414.0,0.8314,50992.0,0.8315,108502.0
1753591885458,04:51:25.458,bitget,ADA/USDT:USDT,0.8315,22480.0,0.8314,65577.0,0.8316,38598.0,0.8317,105093.0
1753591885522,04:51:25.522,bybit,ADA/USDT:USDT,0.8315,8819.0,0.8314,63424.0,0.8316,20343.0,0.8317,87566.0
1753591885560,04:51:25.560,binance,ADA/USDT:USDT,0.8313,21708.0,0.8312,40414.0,0.8314,50992.0,0.8315,108502.0
1753591885622,04:51:25.622,bybit,ADA/USDT:USDT,0.8315,8819.0,0.8314,66024.0,0.8316,20435.0,0.8317,87566.0
1753591885608,04:51:25.608,bitget,ADA/USDT:USDT,0.8315,22480.0,0.8314,64626.0,0.8316,38598.0,0.8317,105093.0
1753591885674,04:51:25.674,binance,ADA/USDT:USDT,0.8313,21708.0,0.8312,40414.0,0.8314,50992.0,0.8315,108502.0
1753591885722,04:51:25.722,bybit,ADA/USDT:USDT,0.8315,8819.0,0.8314,66024.0,0.8316,20435.0,0.8317,87566.0
1753591885758,04:51:25.758,bitget,ADA/USDT:USDT,0.8315,22480.0,0.8314,64626.0,0.8316,38598.0,0.8317,105093.0
1753591885822,04:51:25.822,bybit,ADA/USDT:USDT,0.8315,8819.0,0.8314,66024.0,0.8316,20435.0,0.8317,87566.0
1753591885810,04:51:25.810,binance,ADA/USDT:USDT,0.8313,24711.0,0.8312,40679.0,0.8314,38304.0,0.8315,108477.0
1753591885922,04:51:25.922,bybit,ADA/USDT:USDT,0.8315,8819.0,0.8314,69474.0,0.8316,20435.0,0.8317,85816.0
1753591885913,04:51:25.913,binance,ADA/USDT:USDT,0.8313,24711.0,0.8312,40679.0,0.8314,38184.0,0.8315,108477.0
1753591885908,04:51:25.908,bitget,ADA/USDT:USDT,0.8315,22480.0,0.8314,65577.0,0.8316,38598.0,0.8317,105093.0
1753591886022,04:51:26.022,bybit,ADA/USDT:USDT,0.8315,8819.0,0.8314,69474.0,0.8316,20435.0,0.8317,84415.0
1753591886048,04:51:26.048,binance,ADA/USDT:USDT,0.8313,21708.0,0.8312,40679.0,0.8314,38184.0,0.8315,108477.0
1753591886201,04:51:26.201,binance,ADA/USDT:USDT,0.8313,21708.0,0.8312,40414.0,0.8314,46710.0,0.8315,108502.0
1753591886302,04:51:26.302,binance,ADA/USDT:USDT,0.8313,21700.0,0.8312,40414.0,0.8314,46734.0,0.8315,108502.0
1753591886358,04:51:26.358,bitget,ADA/USDT:USDT,0.8315,22480.0,0.8314,65577.0,0.8316,38598.0,0.8317,105093.0
1753591886422,04:51:26.422,bybit,ADA/USDT:USDT,0.8315,9044.0,0.8314,66024.0,0.8316,23138.0,0.8317,87566.0
1753591886411,04:51:26.411,binance,ADA/USDT:USDT,0.8313,21708.0,0.8312,40414.0,0.8314,38303.0,0.8315,108477.0
1753591886522,04:51:26.522,bybit,ADA/USDT:USDT,0.8315,9044.0,0.8314,66024.0,0.8316,22553.0,0.8317,87566.0
1753591886518,04:51:26.518,binance,ADA/USDT:USDT,0.8313,21708.0,0.8312,40414.0,0.8314,38303.0,0.8315,108477.0
1753591886622,04:51:26.622,bybit,ADA/USDT:USDT,0.8315,9044.0,0.8314,66024.0,0.8316,22617.0,0.8317,87560.0
1753591886635,04:51:26.635,binance,ADA/USDT:USDT,0.8313,21708.0,0.8312,40439.0,0.8314,40937.0,0.8315,108477.0
1753591886658,04:51:26.658,bitget,ADA/USDT:USDT,0.8315,22480.0,0.8314,65577.0,0.8316,60507.0,0.8317,83183.0
1753591886722,04:51:26.722,bybit,ADA/USDT:USDT,0.8315,9044.0,0.8314,66024.0,0.8316,22617.0,0.8317,87560.0
1753591886738,04:51:26.738,binance,ADA/USDT:USDT,0.8313,21708.0,0.8312,40414.0,0.8314,49572.0,0.8315,108477.0
1753591886822,04:51:26.822,bybit,ADA/USDT:USDT,0.8315,7532.0,0.8314,63424.0,0.8316,25050.0,0.8317,87560.0
1753591886843,04:51:26.843,binance,ADA/USDT:USDT,0.8313,21708.0,0.8312,40414.0,0.8314,49572.0,0.8315,108477.0
1753591886922,04:51:26.922,bybit,ADA/USDT:USDT,0.8315,7532.0,0.8314,63424.0,0.8316,25050.0,0.8317,87560.0
1753591887322,04:51:27.322,bybit,ADA/USDT:USDT,0.8315,7532.0,0.8314,63424.0,0.8316,25050.0,0.8317,87560.0
1753591887281,04:51:27.281,binance,ADA/USDT:USDT,0.8313,21708.0,0.8312,40414.0,0.8314,49717.0,0.8315,108502.0
1753591887422,04:51:27.422,bybit,ADA/USDT:USDT,0.8315,9044.0,0.8314,66024.0,0.8316,21606.0,0.8317,87560.0
1753591887390,04:51:27.390,binance,ADA/USDT:USDT,0.8313,21715.0,0.8312,40439.0,0.8314,41057.0,0.8315,108477.0
1753591887408,04:51:27.408,bitget,ADA/USDT:USDT,0.8315,22480.0,0.8314,64626.0,0.8316,60507.0,0.8317,83183.0
1753591887522,04:51:27.522,bybit,ADA/USDT:USDT,0.8315,9044.0,0.8314,66024.0,0.8316,23325.0,0.8317,87560.0
1753591887508,04:51:27.508,binance,ADA/USDT:USDT,0.8313,21722.0,0.8312,40439.0,0.8314,41206.0,0.8315,108477.0
1753591887559,04:51:27.559,bitget,ADA/USDT:USDT,0.8315,22480.0,0.8314,64626.0,0.8316,60507.0,0.8317,83183.0
1753591887622,04:51:27.622,bybit,ADA/USDT:USDT,0.8315,9044.0,0.8314,66024.0,0.8316,23325.0,0.8317,87560.0
1753591887727,04:51:27.727,bybit,ADA/USDT:USDT,0.8315,9044.0,0.8314,66024.0,0.8316,21606.0,0.8317,85816.0
1753591887709,04:51:27.709,bitget,ADA/USDT:USDT,0.8315,22480.0,0.8314,65577.0,0.8316,60507.0,0.8317,83183.0
1753591887822,04:51:27.822,bybit,ADA/USDT:USDT,0.8315,9044.0,0.8314,66024.0,0.8316,21606.0,0.8317,85816.0
1753591887803,04:51:27.803,binance,ADA/USDT:USDT,0.8313,27793.0,0.8312,40672.0,0.8314,38331.0,0.8315,107695.0
1753591887859,04:51:27.859,bitget,ADA/USDT:USDT,0.8315,28980.0,0.8314,65577.0,0.8316,60507.0,0.8317,83183.0
1753591887925,04:51:27.925,bybit,ADA/USDT:USDT,0.8315,9044.0,0.8314,66024.0,0.8316,23325.0,0.8317,87560.0
1753591888582,04:51:28.582,binance,ADA/USDT:USDT,0.8313,28006.0,0.8312,40432.0,0.8314,38350.0,0.8315,107704.0
1753591888609,04:51:28.609,bitget,ADA/USDT:USDT,0.8315,22480.0,0.8314,65577.0,0.8316,60507.0,0.8317,83183.0
1753591888708,04:51:28.708,binance,ADA/USDT:USDT,0.8313,28006.0,0.8312,40432.0,0.8314,38350.0,0.8315,107704.0
1753591888760,04:51:28.760,bitget,ADA/USDT:USDT,0.8315,31480.0,0.8314,65577.0,0.8316,60507.0,0.8317,83183.0
1753591888823,04:51:28.823,bybit,ADA/USDT:USDT,0.8315,9173.0,0.8314,66024.0,0.8316,21606.0,0.8317,84693.0
1753591888812,04:51:28.812,binance,ADA/USDT:USDT,0.8313,28006.0,0.8312,40432.0,0.8314,38348.0,0.8315,107704.0
1753591888910,04:51:28.910,bitget,ADA/USDT:USDT,0.8315,31480.0,0.8314,65577.0,0.8316,60507.0,0.8317,82152.0
1753591888985,04:51:28.985,binance,ADA/USDT:USDT,0.8313,21967.0,0.8312,40398.0,0.8314,44877.0,0.8315,108495.0
1753591889059,04:51:29.059,bitget,ADA/USDT:USDT,0.8315,22480.0,0.8314,65577.0,0.8316,60507.0,0.8317,83183.0
1753591889123,04:51:29.123,bybit,ADA/USDT:USDT,0.8315,935.0,0.8314,60941.0,0.8316,25057.0,0.8317,90321.0
1753591889089,04:51:29.089,binance,ADA/USDT:USDT,0.8313,11205.0,0.8312,40398.0,0.8314,49213.0,0.8315,108495.0
1753591889000,04:51:29.000,gateio,ADA/USDT:USDT,0.831,50.0,0.8309,1890.0,0.8311,50.0,0.8312,2025.0
1753591889144,04:51:29.144,gateio,ADA/USDT:USDT,0.8309,1537.0,0.8308,3106.0,0.8311,50.0,0.8312,2025.0
1753591889223,04:51:29.223,bybit,ADA/USDT:USDT,0.8315,935.0,0.8314,56941.0,0.8316,25057.0,0.8317,90321.0
1753591889210,04:51:29.210,bitget,ADA/USDT:USDT,0.8315,20132.0,0.8314,36796.0,0.8316,60506.0,0.8317,83183.0
1753591889206,04:51:29.206,gateio,ADA/USDT:USDT,0.8309,1815.0,0.8308,3783.0,0.8311,50.0,0.8312,2025.0
1753591889319,04:51:29.319,gateio,ADA/USDT:USDT,0.8309,1815.0,0.8308,3783.0,0.8311,50.0,0.8312,2025.0
1753591889434,04:51:29.434,gateio,ADA/USDT:USDT,0.8309,1815.0,0.8308,3783.0,0.8311,50.0,0.8312,2025.0
1753591889510,04:51:29.510,bitget,ADA/USDT:USDT,0.8315,6444.0,0.8314,53633.0,0.8316,60506.0,0.8317,60800.0
1753591889545,04:51:29.545,binance,ADA/USDT:USDT,0.8313,1998.0,0.8312,40407.0,0.8314,49492.0,0.8315,111200.0
1753591889546,04:51:29.546,gateio,ADA/USDT:USDT,0.8309,1815.0,0.8308,3783.0,0.8311,50.0,0.8312,2000.0
1753591889622,04:51:29.622,bybit,ADA/USDT:USDT,0.8315,1248.0,0.8314,56941.0,0.8316,25057.0,0.8317,90321.0
1753591853990,04:50:53.990,blofin,ADA/USDT:USDT,0.8311,204.0,0.8307,528.0,0.8313,257.0,0.8314,4593.0
1753591889615,04:51:29.615,gateio,ADA/USDT:USDT,0.8309,1815.0,0.8308,3783.0,0.8311,50.0,0.8312,2000.0
1753591889660,04:51:29.660,bitget,ADA/USDT:USDT,0.8315,6444.0,0.8314,35393.0,0.8316,61107.0,0.8317,60199.0
1753591889666,04:51:29.666,binance,ADA/USDT:USDT,0.8313,1998.0,0.8312,40407.0,0.8314,49732.0,0.8315,111200.0
1753591889722,04:51:29.722,bybit,ADA/USDT:USDT,0.8315,1248.0,0.8314,56941.0,0.8316,25057.0,0.8317,90321.0
1753591889724,04:51:29.724,gateio,ADA/USDT:USDT,0.8309,1865.0,0.8308,3783.0,0.8311,50.0,0.8312,2000.0
1753591889822,04:51:29.822,bybit,ADA/USDT:USDT,0.8315,1248.0,0.8314,60824.0,0.8316,23338.0,0.8317,90321.0
1753591889810,04:51:29.810,bitget,ADA/USDT:USDT,0.8315,6444.0,0.8314,35393.0,0.8316,61107.0,0.8317,60199.0
1753591889822,04:51:29.822,binance,ADA/USDT:USDT,0.8313,13983.0,0.8312,40407.0,0.8314,43527.0,0.8315,111166.0
1753591889849,04:51:29.849,gateio,ADA/USDT:USDT,0.831,1065.0,0.8309,2218.0,0.8311,50.0,0.8312,2000.0
1753591889000,04:51:29.000,huobi,ADA/USDT:USDT,0.831991,96.0,0.831988,837.0,0.832021,96.0,0.832034,75.0
1753591889925,04:51:29.925,bybit,ADA/USDT:USDT,0.8315,9504.0,0.8314,67743.0,0.8316,21619.0,0.8317,82974.0
1753591889923,04:51:29.923,binance,ADA/USDT:USDT,0.8313,28083.0,0.8312,40407.0,0.8314,40087.0,0.8315,107575.0
1753591889931,04:51:29.931,gateio,ADA/USDT:USDT,0.831,1065.0,0.8309,2218.0,0.8311,50.0,0.8312,2000.0
1753591889960,04:51:29.960,bitget,ADA/USDT:USDT,0.8315,8043.0,0.8314,37812.0,0.8316,61107.0,0.8317,59168.0
1753591890022,04:51:30.022,bybit,ADA/USDT:USDT,0.8315,9506.0,0.8314,67743.0,0.8316,21619.0,0.8317,84693.0
1753591889987,04:51:29.987,huobi,ADA/USDT:USDT,0.831996,120.0,0.831991,96.0,0.832021,96.0,0.832034,75.0
1753591890016,04:51:30.016,huobi,ADA/USDT:USDT,0.83202,96.0,0.831988,837.0,0.832021,96.0,0.832034,75.0
1753591890039,04:51:30.039,binance,ADA/USDT:USDT,0.8313,14164.0,0.8312,40407.0,0.8314,43602.0,0.8315,108379.0
1753591890024,04:51:30.024,gateio,ADA/USDT:USDT,0.831,205.0,0.8309,2218.0,0.8311,50.0,0.8312,2025.0
1753591890122,04:51:30.122,bybit,ADA/USDT:USDT,0.8315,1268.0,0.8314,63424.0,0.8316,21619.0,0.8317,82974.0
1753591890110,04:51:30.110,bitget,ADA/USDT:USDT,0.8315,21731.0,0.8314,37762.0,0.8316,61107.0,0.8317,60199.0
1753591890130,04:51:30.130,gateio,ADA/USDT:USDT,0.831,50.0,0.8309,2218.0,0.8311,50.0,0.8312,2000.0
1753591890151,04:51:30.151,binance,ADA/USDT:USDT,0.8313,14191.0,0.8312,40407.0,0.8314,42911.0,0.8315,108379.0
1753591890223,04:51:30.223,bybit,ADA/USDT:USDT,0.8315,1268.0,0.8314,63424.0,0.8316,21619.0,0.8317,82974.0
1753591890213,04:51:30.213,huobi,ADA/USDT:USDT,0.83202,96.0,0.83195,96.0,0.832021,96.0,0.832034,75.0
1753591890226,04:51:30.226,huobi,ADA/USDT:USDT,0.83195,96.0,0.831903,96.0,0.832021,96.0,0.832034,75.0
1753591890233,04:51:30.233,gateio,ADA/USDT:USDT,0.831,50.0,0.8309,1693.0,0.8311,50.0,0.8312,2025.0
1753591890253,04:51:30.253,binance,ADA/USDT:USDT,0.8313,11193.0,0.8312,40432.0,0.8314,43112.0,0.8315,108644.0
1753591890250,04:51:30.250,huobi,ADA/USDT:USDT,0.831903,96.0,0.831863,300.0,0.832021,96.0,0.832034,75.0
1753591890260,04:51:30.260,bitget,ADA/USDT:USDT,0.8315,21731.0,0.8314,42241.0,0.8316,60506.0,0.8317,59769.0
1753591890322,04:51:30.322,bybit,ADA/USDT:USDT,0.8315,2780.0,0.8314,63424.0,0.8316,21619.0,0.8317,86412.0
1753591890317,04:51:30.317,huobi,ADA/USDT:USDT,0.832,96.0,0.831912,120.0,0.832021,96.0,0.832034,75.0
1753591890313,04:51:30.313,gateio,ADA/USDT:USDT,0.831,50.0,0.8309,1940.0,0.8311,50.0,0.8312,2025.0
1753591890366,04:51:30.366,binance,ADA/USDT:USDT,0.8313,11227.0,0.8312,40432.0,0.8314,43112.0,0.8315,108644.0
1753591890422,04:51:30.422,bybit,ADA/USDT:USDT,0.8315,2780.0,0.8314,63424.0,0.8316,23338.0,0.8317,86437.0
1753591890411,04:51:30.411,bitget,ADA/USDT:USDT,0.8315,21731.0,0.8314,42241.0,0.8316,60506.0,0.8317,59769.0
1753591890441,04:51:30.441,gateio,ADA/USDT:USDT,0.831,50.0,0.8309,1915.0,0.8311,50.0,0.8312,2050.0
1753591890471,04:51:30.471,binance,ADA/USDT:USDT,0.8313,11227.0,0.8312,40407.0,0.8314,48878.0,0.8315,108644.0
1753591890522,04:51:30.522,bybit,ADA/USDT:USDT,0.8315,2780.0,0.8314,63424.0,0.8316,23338.0,0.8317,87838.0
1753591890504,04:51:30.504,gateio,ADA/USDT:USDT,0.831,50.0,0.8309,1915.0,0.8311,50.0,0.8312,2050.0
1753591890561,04:51:30.561,bitget,ADA/USDT:USDT,0.8315,21731.0,0.8314,53233.0,0.8316,60506.0,0.8317,60800.0
1753591890622,04:51:30.622,bybit,ADA/USDT:USDT,0.8315,2762.0,0.8314,63424.0,0.8316,23331.0,0.8317,87838.0
1753591890633,04:51:30.633,gateio,ADA/USDT:USDT,0.831,769.0,0.8309,1940.0,0.8311,50.0,0.8312,2000.0
1753591890722,04:51:30.722,bybit,ADA/USDT:USDT,0.8315,9518.0,0.8314,63424.0,0.8316,21612.0,0.8317,83293.0
1753591890700,04:51:30.700,binance,ADA/USDT:USDT,0.8313,25012.0,0.8312,40407.0,0.8314,43035.0,0.8315,108619.0
1753591890711,04:51:30.711,bitget,ADA/USDT:USDT,0.8315,22480.0,0.8314,53233.0,0.8316,60506.0,0.8317,59769.0
1753591890724,04:51:30.724,gateio,ADA/USDT:USDT,0.831,769.0,0.8309,1940.0,0.8311,50.0,0.8312,2000.0
1753591890822,04:51:30.822,bybit,ADA/USDT:USDT,0.8315,9518.0,0.8314,63424.0,0.8316,21612.0,0.8317,85012.0
1753591890801,04:51:30.801,binance,ADA/USDT:USDT,0.8313,22014.0,0.8312,40407.0,0.8314,41704.0,0.8315,108619.0
1753591890807,04:51:30.807,gateio,ADA/USDT:USDT,0.831,769.0,0.8309,1940.0,0.8311,50.0,0.8312,2025.0
1753591890861,04:51:30.861,bitget,ADA/USDT:USDT,0.8315,45980.0,0.8314,53233.0,0.8316,60506.0,0.8317,59769.0
1753591890922,04:51:30.922,bybit,ADA/USDT:USDT,0.8315,9518.0,0.8314,66024.0,0.8316,23331.0,0.8317,86438.0
1753591890903,04:51:30.903,binance,ADA/USDT:USDT,0.8313,22014.0,0.8312,40407.0,0.8314,41704.0,0.8315,108619.0
1753591890919,04:51:30.919,gateio,ADA/USDT:USDT,0.831,1169.0,0.8309,1940.0,0.8311,50.0,0.8312,2050.0
1753591891022,04:51:31.022,bybit,ADA/USDT:USDT,0.8315,9518.0,0.8314,66024.0,0.8316,23331.0,0.8317,86413.0
1753591891011,04:51:31.011,bitget,ADA/USDT:USDT,0.8315,30980.0,0.8314,53233.0,0.8316,60506.0,0.8317,59769.0
1753591891026,04:51:31.026,gateio,ADA/USDT:USDT,0.831,1169.0,0.8309,1940.0,0.8311,50.0,0.8312,2025.0
1753591891060,04:51:31.060,binance,ADA/USDT:USDT,0.8313,21989.0,0.8312,40432.0,0.8314,37375.0,0.8315,108619.0
1753591891068,04:51:31.068,huobi,ADA/USDT:USDT,0.832,96.0,0.831912,120.0,0.832021,96.0,0.832034,27.0
1753591891084,04:51:31.084,huobi,ADA/USDT:USDT,0.832,96.0,0.831904,837.0,0.832034,27.0,0.832053,27.0
1753591891123,04:51:31.123,bybit,ADA/USDT:USDT,0.8315,10918.0,0.8314,66024.0,0.8316,10774.0,0.8317,80853.0
1753591891126,04:51:31.126,huobi,ADA/USDT:USDT,0.832044,96.0,0.832003,216.0,0.832095,92.0,0.832137,195.0
1753591891147,04:51:31.147,huobi,ADA/USDT:USDT,0.832044,96.0,0.832003,96.0,0.832095,92.0,0.832137,195.0
1753591891148,04:51:31.148,gateio,ADA/USDT:USDT,0.8311,244.0,0.831,1804.0,0.8312,1200.0,0.8313,1732.0
1753591891161,04:51:31.161,bitget,ADA/USDT:USDT,0.8315,30980.0,0.8314,53233.0,0.8316,60506.0,0.8317,59769.0
1753591891166,04:51:31.166,binance,ADA/USDT:USDT,0.8313,45197.0,0.8312,58090.0,0.8314,1858.0,0.8315,80040.0
1753591891178,04:51:31.178,huobi,ADA/USDT:USDT,0.832091,96.0,0.83205,120.0,0.832306,94.0,0.832332,1502.0
1753591891223,04:51:31.223,bybit,ADA/USDT:USDT,0.8316,48552.0,0.8315,80584.0,0.8317,22453.0,0.8318,65094.0
1753591891204,04:51:31.204,huobi,ADA/USDT:USDT,0.832093,120.0,0.832091,96.0,0.832264,195.0,0.832297,120.0
1753591891232,04:51:31.232,huobi,ADA/USDT:USDT,0.832134,96.0,0.832093,120.0,0.832223,96.0,0.832263,48.0
1753591891246,04:51:31.246,gateio,ADA/USDT:USDT,0.8312,89.0,0.8311,1304.0,0.8313,110.0,0.8314,2932.0
1753591891268,04:51:31.268,binance,ADA/USDT:USDT,0.8314,86794.0,0.8313,56249.0,0.8315,17342.0,0.8316,49656.0
1753591891265,04:51:31.265,huobi,ADA/USDT:USDT,0.832139,120.0,0.832134,96.0,0.832223,96.0,0.832245,120.0
1753591891322,04:51:31.322,bybit,ADA/USDT:USDT,0.8316,48801.0,0.8315,82343.0,0.8317,21919.0,0.8318,62994.0
1753591891297,04:51:31.297,huobi,ADA/USDT:USDT,0.83218,96.0,0.832139,120.0,0.832223,96.0,0.832245,120.0
1753591891311,04:51:31.311,bitget,ADA/USDT:USDT,0.8315,51149.0,0.8314,57379.0,0.8317,28836.0,0.8318,66867.0
1753591891325,04:51:31.325,huobi,ADA/USDT:USDT,0.83218,96.0,0.832139,120.0,0.832223,96.0,0.832264,291.0
1753591891341,04:51:31.341,gateio,ADA/USDT:USDT,0.8312,309.0,0.8311,1462.0,0.8313,902.0,0.8314,1102.0
1753591891371,04:51:31.371,binance,ADA/USDT:USDT,0.8315,68444.0,0.8314,67819.0,0.8316,17425.0,0.8317,62099.0
1753591891380,04:51:31.380,huobi,ADA/USDT:USDT,0.832187,216.0,0.832134,96.0,0.832264,291.0,0.832305,27.0
1753591891422,04:51:31.422,bybit,ADA/USDT:USDT,0.8317,18661.0,0.8316,81367.0,0.8318,17898.0,0.8319,66856.0
1753591891390,04:51:31.390,huobi,ADA/USDT:USDT,0.832228,96.0,0.832187,216.0,0.832264,291.0,0.832305,27.0
1753591891416,04:51:31.416,huobi,ADA/USDT:USDT,0.83226,96.0,0.832229,120.0,0.832306,94.0,0.832348,96.0
1753591891447,04:51:31.447,huobi,ADA/USDT:USDT,0.83231,96.0,0.832269,120.0,0.832451,155.0,0.832452,195.0
1753591891433,04:51:31.433,gateio,ADA/USDT:USDT,0.8313,244.0,0.8312,1422.0,0.8314,284.0,0.8315,1318.0
1753591891472,04:51:31.472,binance,ADA/USDT:USDT,0.8315,72670.0,0.8314,69221.0,0.8316,10064.0,0.8317,32472.0
1753591891461,04:51:31.461,bitget,ADA/USDT:USDT,0.8317,4978.0,0.8316,33192.0,0.8318,46913.0,0.8319,99189.0
1753591891480,04:51:31.480,huobi,ADA/USDT:USDT,0.83231,96.0,0.832269,96.0,0.83241,96.0,0.832433,120.0
1753591891523,04:51:31.523,bybit,ADA/USDT:USDT,0.8317,18661.0,0.8316,81377.0,0.8318,15654.0,0.8319,66856.0
1753591891507,04:51:31.507,huobi,ADA/USDT:USDT,0.83231,96.0,0.832269,96.0,0.832368,96.0,0.8324,128.0
1753591891537,04:51:31.537,huobi,ADA/USDT:USDT,0.83231,96.0,0.832269,96.0,0.832326,96.0,0.832368,96.0
1753591891529,04:51:31.529,gateio,ADA/USDT:USDT,0.8313,244.0,0.8312,1397.0,0.8314,1136.0,0.8315,1318.0
1753591891573,04:51:31.573,binance,ADA/USDT:USDT,0.8315,73640.0,0.8314,72551.0,0.8316,406.0,0.8317,32655.0
1753591891571,04:51:31.571,huobi,ADA/USDT:USDT,0.83231,96.0,0.832269,96.0,0.832326,96.0,0.832368,96.0
1753591891623,04:51:31.623,bybit,ADA/USDT:USDT,0.8317,20387.0,0.8316,83103.0,0.8318,16063.0,0.8319,65775.0
1753591891600,04:51:31.600,huobi,ADA/USDT:USDT,0.83231,96.0,0.832269,96.0,0.832326,96.0,0.832368,96.0
1753591891611,04:51:31.611,bitget,ADA/USDT:USDT,0.8317,70002.0,0.8316,78944.0,0.8318,46601.0,0.8319,126993.0
1753591891627,04:51:31.627,huobi,ADA/USDT:USDT,0.832278,120.0,0.832187,96.0,0.832326,96.0,0.832368,96.0
1753591891634,04:51:31.634,gateio,ADA/USDT:USDT,0.8313,244.0,0.8312,1422.0,0.8314,284.0,0.8315,972.0
1753591891656,04:51:31.656,huobi,ADA/USDT:USDT,0.832319,96.0,0.832196,120.0,0.832326,96.0,0.832368,96.0
1753591891680,04:51:31.680,binance,ADA/USDT:USDT,0.8315,73339.0,0.8314,74658.0,0.8316,9613.0,0.8317,36271.0
1753591891722,04:51:31.722,bybit,ADA/USDT:USDT,0.8317,18661.0,0.8316,82398.0,0.8318,16063.0,0.8319,65775.0
1753591891688,04:51:31.688,huobi,ADA/USDT:USDT,0.832319,96.0,0.832196,120.0,0.832368,96.0,0.832391,120.0
1753591891714,04:51:31.714,gateio,ADA/USDT:USDT,0.8313,244.0,0.8312,1397.0,0.8314,284.0,0.8315,1824.0
1753591891759,04:51:31.759,huobi,ADA/USDT:USDT,0.832319,96.0,0.832196,120.0,0.832326,96.0,0.832366,48.0
1753591891761,04:51:31.761,bitget,ADA/USDT:USDT,0.8317,70002.0,0.8316,87947.0,0.8318,41424.0,0.8319,58328.0
1753591891784,04:51:31.784,binance,ADA/USDT:USDT,0.8315,73708.0,0.8314,70899.0,0.8316,9613.0,0.8317,36511.0
1753591891822,04:51:31.822,bybit,ADA/USDT:USDT,0.8317,19268.0,0.8316,82398.0,0.8318,16063.0,0.8319,65775.0
1753591891834,04:51:31.834,gateio,ADA/USDT:USDT,0.8313,244.0,0.8312,1699.0,0.8314,744.0,0.8315,1874.0
1753591891884,04:51:31.884,huobi,ADA/USDT:USDT,0.832196,120.0,0.832187,96.0,0.832326,96.0,0.832366,48.0
1753591891891,04:51:31.891,binance,ADA/USDT:USDT,0.8315,62424.0,0.8314,70072.0,0.8316,23702.0,0.8317,36533.0
1753591891925,04:51:31.925,bybit,ADA/USDT:USDT,0.8317,15359.0,0.8316,80647.0,0.8318,17888.0,0.8319,67176.0
1753591891912,04:51:31.912,huobi,ADA/USDT:USDT,0.832237,96.0,0.832196,120.0,0.832326,96.0,0.832366,48.0
1753591891911,04:51:31.911,bitget,ADA/USDT:USDT,0.8317,70002.0,0.8316,87947.0,0.8318,47099.0,0.8319,54505.0
1753591891931,04:51:31.931,huobi,ADA/USDT:USDT,0.832246,120.0,0.832237,96.0,0.832326,123.0,0.832366,48.0
1753591891949,04:51:31.949,gateio,ADA/USDT:USDT,0.8312,1435.0,0.8311,3331.0,0.8314,1194.0,0.8315,1947.0
1753591892022,04:51:32.022,bybit,ADA/USDT:USDT,0.8317,10674.0,0.8316,79626.0,0.8318,17888.0,0.8319,68902.0
1753591891997,04:51:31.997,binance,ADA/USDT:USDT,0.8315,62250.0,0.8314,69411.0,0.8316,31572.0,0.8317,36533.0
1753591892029,04:51:32.029,gateio,ADA/USDT:USDT,0.8312,1435.0,0.8311,3180.0,0.8314,1194.0,0.8315,1947.0
1753591892061,04:51:32.061,bitget,ADA/USDT:USDT,0.8317,69051.0,0.8316,86996.0,0.8318,60787.0,0.8319,61147.0
1753591892122,04:51:32.122,bybit,ADA/USDT:USDT,0.8317,9577.0,0.8316,79626.0,0.8318,24614.0,0.8319,68902.0
1753591892119,04:51:32.119,binance,ADA/USDT:USDT,0.8315,58296.0,0.8314,69585.0,0.8316,42605.0,0.8317,50066.0
1753591892136,04:51:32.136,huobi,ADA/USDT:USDT,0.832282,96.0,0.832237,96.0,0.832285,96.0,0.832326,123.0
1753591892093,04:51:32.093,gateio,ADA/USDT:USDT,0.8312,1435.0,0.8311,3180.0,0.8314,1194.0,0.8315,2638.0
1753591892177,04:51:32.177,huobi,ADA/USDT:USDT,0.832196,120.0,0.832187,96.0,0.832285,96.0,0.832326,123.0
1753591892222,04:51:32.222,bybit,ADA/USDT:USDT,0.8317,9577.0,0.8316,79626.0,0.8318,24614.0,0.8319,68902.0
1753591892212,04:51:32.212,bitget,ADA/USDT:USDT,0.8317,69051.0,0.8316,86996.0,0.8318,60787.0,0.8319,61147.0
1753591892220,04:51:32.220,binance,ADA/USDT:USDT,0.8315,58296.0,0.8314,69585.0,0.8316,42605.0,0.8317,50810.0
1753591892222,04:51:32.222,gateio,ADA/USDT:USDT,0.8312,1435.0,0.8311,3180.0,0.8314,1194.0,0.8315,2638.0
1753591892322,04:51:32.322,bybit,ADA/USDT:USDT,0.8317,9577.0,0.8316,79626.0,0.8318,24614.0,0.8319,69623.0
1753591892341,04:51:32.341,binance,ADA/USDT:USDT,0.8315,58296.0,0.8314,69592.0,0.8316,42605.0,0.8317,50066.0
1753591892261,04:51:32.261,gateio,ADA/USDT:USDT,0.8312,1435.0,0.8311,3180.0,0.8314,1194.0,0.8315,2638.0
1753591892362,04:51:32.362,bitget,ADA/USDT:USDT,0.8317,69051.0,0.8316,63496.0,0.8318,60787.0,0.8319,61147.0
1753591892422,04:51:32.422,bybit,ADA/USDT:USDT,0.8317,13059.0,0.8316,79626.0,0.8318,24614.0,0.8319,70497.0
1753591892401,04:51:32.401,gateio,ADA/USDT:USDT,0.8312,1435.0,0.8311,3180.0,0.8314,1194.0,0.8315,2638.0
1753591892461,04:51:32.461,binance,ADA/USDT:USDT,0.8315,64679.0,0.8314,69443.0,0.8316,44094.0,0.8317,50066.0
1753591892522,04:51:32.522,bybit,ADA/USDT:USDT,0.8317,15659.0,0.8316,83078.0,0.8318,24614.0,0.8319,78243.0
1753591892511,04:51:32.511,bitget,ADA/USDT:USDT,0.8317,69051.0,0.8316,63496.0,0.8318,60787.0,0.8319,61147.0
1753591892533,04:51:32.533,gateio,ADA/USDT:USDT,0.8312,1460.0,0.8311,3180.0,0.8314,1144.0,0.8315,2390.0
1753591892564,04:51:32.564,binance,ADA/USDT:USDT,0.8315,64629.0,0.8314,69947.0,0.8316,25674.0,0.8317,40286.0
1753591892622,04:51:32.622,bybit,ADA/USDT:USDT,0.8317,19111.0,0.8316,83078.0,0.8318,24614.0,0.8319,76842.0
1753591892640,04:51:32.640,huobi,ADA/USDT:USDT,0.832237,96.0,0.832196,120.0,0.832285,96.0,0.832326,123.0
1753591892621,04:51:32.621,gateio,ADA/USDT:USDT,0.8312,1435.0,0.8311,3180.0,0.8314,1144.0,0.8315,2390.0
1753591892662,04:51:32.662,bitget,ADA/USDT:USDT,0.8317,69051.0,0.8316,64446.0,0.8318,60787.0,0.8319,61027.0
1753591892722,04:51:32.722,bybit,ADA/USDT:USDT,0.8317,19111.0,0.8316,83078.0,0.8318,24614.0,0.8319,76842.0
1753591892702,04:51:32.702,binance,ADA/USDT:USDT,0.8315,64629.0,0.8314,69947.0,0.8316,25674.0,0.8317,40286.0
1753591892741,04:51:32.741,huobi,ADA/USDT:USDT,0.832237,96.0,0.832187,96.0,0.832285,96.0,0.832326,123.0
1753591892732,04:51:32.732,gateio,ADA/USDT:USDT,0.8313,155.0,0.8312,1485.0,0.8314,1144.0,0.8315,2390.0
1753591892781,04:51:32.781,huobi,ADA/USDT:USDT,0.832284,96.0,0.832243,120.0,0.832285,96.0,0.832326,123.0
1753591892822,04:51:32.822,bybit,ADA/USDT:USDT,0.8317,19111.0,0.8316,83103.0,0.8318,16376.0,0.8319,73521.0
1753591892796,04:51:32.796,huobi,ADA/USDT:USDT,0.832284,96.0,0.832187,96.0,0.832285,96.0,0.832326,123.0
1753591892809,04:51:32.809,binance,ADA/USDT:USDT,0.8315,64654.0,0.8314,69947.0,0.8316,14912.0,0.8317,40286.0
1753591892812,04:51:32.812,bitget,ADA/USDT:USDT,0.8317,69051.0,0.8316,64446.0,0.8318,60787.0,0.8319,61027.0
1753591892845,04:51:32.845,gateio,ADA/USDT:USDT,0.8313,155.0,0.8312,1699.0,0.8314,744.0,0.8315,2415.0
1753591892847,04:51:32.847,huobi,ADA/USDT:USDT,0.832284,96.0,0.832187,96.0,0.832285,96.0,0.832326,123.0
1753591892855,04:51:32.855,huobi,ADA/USDT:USDT,0.832284,96.0,0.832187,96.0,0.832326,123.0,0.832366,48.0
1753591892923,04:51:32.923,bybit,ADA/USDT:USDT,0.8317,19111.0,0.8316,83103.0,0.8318,16063.0,0.8319,73521.0
1753591892901,04:51:32.901,huobi,ADA/USDT:USDT,0.832284,96.0,0.832187,96.0,0.832311,96.0,0.832326,27.0
1753591892914,04:51:32.914,binance,ADA/USDT:USDT,0.8315,64654.0,0.8314,69947.0,0.8316,14809.0,0.8317,40286.0
1753591892916,04:51:32.916,huobi,ADA/USDT:USDT,0.832187,96.0,0.832164,837.0,0.832311,96.0,0.832326,27.0
1753591892945,04:51:32.945,huobi,ADA/USDT:USDT,0.832237,96.0,0.832196,120.0,0.832311,96.0,0.832326,27.0
1753591892934,04:51:32.934,gateio,ADA/USDT:USDT,0.8313,155.0,0.8312,1397.0,0.8314,744.0,0.8315,1960.0
1753591892962,04:51:32.962,bitget,ADA/USDT:USDT,0.8317,69051.0,0.8316,64446.0,0.8318,60787.0,0.8319,59996.0
1753591892980,04:51:32.980,huobi,ADA/USDT:USDT,0.832237,96.0,0.832187,96.0,0.832311,96.0,0.832326,27.0
1753591893022,04:51:33.022,bybit,ADA/USDT:USDT,0.8317,24111.0,0.8316,83078.0,0.8318,16063.0,0.8319,73521.0
1753591893004,04:51:33.004,huobi,ADA/USDT:USDT,0.832246,120.0,0.832237,96.0,0.832311,96.0,0.832326,27.0
1753591893017,04:51:33.017,binance,ADA/USDT:USDT,0.8315,65083.0,0.8314,69947.0,0.8316,14809.0,0.8317,40526.0
1753591893009,04:51:33.009,gateio,ADA/USDT:USDT,0.8313,155.0,0.8312,1422.0,0.8314,284.0,0.8315,1960.0
1753591893122,04:51:33.122,bybit,ADA/USDT:USDT,0.8317,24111.0,0.8316,83103.0,0.8318,8307.0,0.8319,73521.0
1753591893108,04:51:33.108,huobi,ADA/USDT:USDT,0.832287,96.0,0.832246,120.0,0.832311,96.0,0.832326,27.0
1753591893112,04:51:33.112,bitget,ADA/USDT:USDT,0.8317,69051.0,0.8316,64446.0,0.8318,60787.0,0.8319,59996.0
1753591893141,04:51:33.141,binance,ADA/USDT:USDT,0.8315,65083.0,0.8314,70848.0,0.8316,14745.0,0.8317,40526.0
1753591893146,04:51:33.146,huobi,ADA/USDT:USDT,0.832287,96.0,0.832246,120.0,0.832311,96.0,0.832326,27.0
1753591893119,04:51:33.119,gateio,ADA/USDT:USDT,0.8313,155.0,0.8312,1422.0,0.8314,284.0,0.8315,1960.0
1753591893223,04:51:33.223,bybit,ADA/USDT:USDT,0.8317,24111.0,0.8316,83103.0,0.8318,7881.0,0.8319,73947.0
1753591893209,04:51:33.209,huobi,ADA/USDT:USDT,0.832287,96.0,0.832246,120.0,0.832311,96.0,0.832326,27.0
1753591893251,04:51:33.251,binance,ADA/USDT:USDT,0.8315,65365.0,0.8314,70848.0,0.8316,14745.0,0.8317,40526.0
1753591893233,04:51:33.233,gateio,ADA/USDT:USDT,0.8313,155.0,0.8312,1397.0,0.8314,284.0,0.8315,1960.0
1753591893250,04:51:33.250,huobi,ADA/USDT:USDT,0.832287,96.0,0.832246,120.0,0.832311,96.0,0.832326,27.0
1753591893262,04:51:33.262,bitget,ADA/USDT:USDT,0.8317,69051.0,0.8316,64446.0,0.8318,60787.0,0.8319,59996.0
1753591893322,04:51:33.322,bybit,ADA/USDT:USDT,0.8317,24111.0,0.8316,83103.0,0.8318,3136.0,0.8319,73947.0
1753591893347,04:51:33.347,huobi,ADA/USDT:USDT,0.832287,96.0,0.832246,120.0,0.832311,96.0,0.832326,27.0
1753591893334,04:51:33.334,gateio,ADA/USDT:USDT,0.8313,155.0,0.8312,1422.0,0.8314,284.0,0.8315,1960.0
1753591893372,04:51:33.372,huobi,ADA/USDT:USDT,0.832287,96.0,0.832246,120.0,0.832311,96.0,0.832326,27.0
1753591893423,04:51:33.423,bybit,ADA/USDT:USDT,0.8317,24348.0,0.8316,82858.0,0.8318,3136.0,0.8319,73947.0
1753591893403,04:51:33.403,huobi,ADA/USDT:USDT,0.832287,96.0,0.832246,120.0,0.832311,96.0,0.832326,27.0
1753591893412,04:51:33.412,bitget,ADA/USDT:USDT,0.8317,69051.0,0.8316,64446.0,0.8318,60787.0,0.8319,59996.0
1753591893436,04:51:33.436,binance,ADA/USDT:USDT,0.8315,65591.0,0.8314,70848.0,0.8316,5545.0,0.8317,40526.0
1753591893435,04:51:33.435,huobi,ADA/USDT:USDT,0.832287,96.0,0.832246,120.0,0.832311,96.0,0.832326,27.0
1753591893381,04:51:33.381,gateio,ADA/USDT:USDT,0.8313,155.0,0.8312,1422.0,0.8314,284.0,0.8315,1960.0
1753591893522,04:51:33.522,bybit,ADA/USDT:USDT,0.8317,24348.0,0.8316,82858.0,0.8318,3136.0,0.8319,61809.0
1753591893496,04:51:33.496,huobi,ADA/USDT:USDT,0.832287,96.0,0.832246,120.0,0.832311,96.0,0.832326,27.0
1753591893513,04:51:33.513,huobi,ADA/USDT:USDT,0.83231,96.0,0.83229,120.0,0.832311,96.0,0.832326,27.0
1753591893537,04:51:33.537,binance,ADA/USDT:USDT,0.8315,65695.0,0.8314,80596.0,0.8316,2076.0,0.8317,38227.0
1753591893544,04:51:33.544,huobi,ADA/USDT:USDT,0.83231,96.0,0.83224,837.0,0.832358,96.0,0.832367,27.0
1753591893549,04:51:33.549,gateio,ADA/USDT:USDT,0.8313,205.0,0.8312,1447.0,0.8314,50.0,0.8315,1824.0
1753591893562,04:51:33.562,bitget,ADA/USDT:USDT,0.8317,69051.0,0.8316,64446.0,0.8318,59188.0,0.8319,49004.0
1753591893575,04:51:33.575,huobi,ADA/USDT:USDT,0.832314,120.0,0.83231,139.0,0.832358,96.0,0.832367,27.0
1753591893623,04:51:33.623,bybit,ADA/USDT:USDT,0.8317,24348.0,0.8316,88324.0,0.8318,1916.0,0.8319,54063.0
1753591893604,04:51:33.604,huobi,ADA/USDT:USDT,0.83231,139.0,0.83224,837.0,0.832358,96.0,0.832367,27.0
1753591893638,04:51:33.638,binance,ADA/USDT:USDT,0.8315,65931.0,0.8314,88000.0,0.8316,2140.0,0.8317,38227.0
1753591893627,04:51:33.627,gateio,ADA/USDT:USDT,0.8313,205.0,0.8312,1629.0,0.8314,50.0,0.8315,1849.0
1753591893723,04:51:33.723,bybit,ADA/USDT:USDT,0.8317,24348.0,0.8316,89345.0,0.8318,1916.0,0.8319,54063.0
1753591893712,04:51:33.712,bitget,ADA/USDT:USDT,0.8317,69051.0,0.8316,64446.0,0.8318,749.0,0.8319,54099.0
1753591893740,04:51:33.740,binance,ADA/USDT:USDT,0.8315,69331.0,0.8314,90042.0,0.8316,2140.0,0.8317,38227.0
1753591893743,04:51:33.743,gateio,ADA/USDT:USDT,0.8313,205.0,0.8312,1654.0,0.8314,50.0,0.8315,1849.0
1753591893771,04:51:33.771,huobi,ADA/USDT:USDT,0.832351,96.0,0.83231,139.0,0.832358,96.0,0.832367,27.0
1753591893843,04:51:33.843,binance,ADA/USDT:USDT,0.8315,69451.0,0.8314,90042.0,0.8316,2140.0,0.8317,38227.0
1753591893834,04:51:33.834,gateio,ADA/USDT:USDT,0.8313,605.0,0.8312,1654.0,0.8314,50.0,0.8315,1849.0
1753591893863,04:51:33.863,bitget,ADA/USDT:USDT,0.8317,69051.0,0.8316,64446.0,0.8318,749.0,0.8319,54099.0
1753591893924,04:51:33.924,bybit,ADA/USDT:USDT,0.8317,24348.0,0.8316,89345.0,0.8318,1916.0,0.8319,54063.0
1753591893949,04:51:33.949,binance,ADA/USDT:USDT,0.8316,75824.0,0.8315,58493.0,0.8317,37358.0,0.8318,78738.0
1753591893949,04:51:33.949,gateio,ADA/USDT:USDT,0.8313,796.0,0.8312,1724.0,0.8315,1824.0,0.8316,1934.0
1753591893943,04:51:33.943,huobi,ADA/USDT:USDT,0.832351,96.0,0.83231,139.0,0.832358,96.0,0.832367,27.0
1753591893991,04:51:33.991,huobi,ADA/USDT:USDT,0.832351,96.0,0.83231,139.0,0.832358,96.0,0.832367,27.0
1753591894015,04:51:34.015,gateio,ADA/USDT:USDT,0.8314,89.0,0.8313,1162.0,0.8315,1824.0,0.8316,1959.0
1753591894058,04:51:34.058,huobi,ADA/USDT:USDT,0.832351,96.0,0.83231,139.0,0.832358,96.0,0.832367,27.0
1753591894247,04:51:34.247,gateio,ADA/USDT:USDT,0.8313,815.0,0.8312,2861.0,0.8315,1907.0,0.8316,1934.0
1753591894222,04:51:34.222,bybit,ADA/USDT:USDT,0.8317,22880.0,0.8316,89320.0,0.8318,1916.0,0.8319,32987.0
1753591894273,04:51:34.273,huobi,ADA/USDT:USDT,0.832351,96.0,0.83231,139.0,0.832358,96.0,0.832367,27.0
1753591894322,04:51:34.322,bybit,ADA/USDT:USDT,0.8317,22880.0,0.8316,86648.0,0.8318,9777.0,0.8319,35470.0
1753591894313,04:51:34.313,bitget,ADA/USDT:USDT,0.8317,69051.0,0.8316,66396.0,0.8318,749.0,0.8319,65175.0
1753591894288,04:51:34.288,gateio,ADA/USDT:USDT,0.8313,815.0,0.8312,2861.0,0.8315,1907.0,0.8316,1934.0
1753591894368,04:51:34.368,binance,ADA/USDT:USDT,0.8316,64270.0,0.8315,48899.0,0.8317,44705.0,0.8318,73632.0
1753591894422,04:51:34.422,bybit,ADA/USDT:USDT,0.8317,22880.0,0.8316,86648.0,0.8318,9777.0,0.8319,35470.0
1753591894428,04:51:34.428,gateio,ADA/USDT:USDT,0.8313,815.0,0.8312,2861.0,0.8315,1882.0,0.8316,1934.0
1753591894463,04:51:34.463,bitget,ADA/USDT:USDT,0.8317,69051.0,0.8316,66396.0,0.8318,2348.0,0.8319,65175.0
1753591894523,04:51:34.523,bybit,ADA/USDT:USDT,0.8317,22880.0,0.8316,90100.0,0.8318,9777.0,0.8319,32987.0
1753591894484,04:51:34.484,huobi,ADA/USDT:USDT,0.832351,96.0,0.83231,139.0,0.832358,96.0,0.832367,27.0
1753591894636,04:51:34.636,huobi,ADA/USDT:USDT,0.832351,96.0,0.83231,139.0,0.832358,96.0,0.832367,27.0
1753591894537,04:51:34.537,gateio,ADA/USDT:USDT,0.8313,815.0,0.8312,2861.0,0.8315,1882.0,0.8316,1934.0
1753591894740,04:51:34.740,gateio,ADA/USDT:USDT,0.8313,840.0,0.8312,2861.0,0.8315,1857.0,0.8316,1277.0
1753591894763,04:51:34.763,bitget,ADA/USDT:USDT,0.8317,69051.0,0.8316,66396.0,0.8318,2348.0,0.8319,65175.0
1753591894829,04:51:34.829,binance,ADA/USDT:USDT,0.8316,71439.0,0.8315,48365.0,0.8317,41064.0,0.8318,76861.0
1753591854674,04:50:54.674,blofin,ADA/USDT:USDT,0.8311,203.0,0.8307,528.0,0.8313,257.0,0.8314,4593.0
1753591894834,04:51:34.834,gateio,ADA/USDT:USDT,0.8313,840.0,0.8312,2861.0,0.8315,1857.0,0.8316,1277.0
1753591894948,04:51:34.948,gateio,ADA/USDT:USDT,0.8313,815.0,0.8312,2861.0,0.8315,1857.0,0.8316,1277.0
1753591895023,04:51:35.023,bybit,ADA/USDT:USDT,0.8317,22880.0,0.8316,90100.0,0.8318,9202.0,0.8319,38060.0
1753591895023,04:51:35.023,gateio,ADA/USDT:USDT,0.8313,840.0,0.8312,2861.0,0.8315,1857.0,0.8316,1277.0
1753591895065,04:51:35.065,binance,ADA/USDT:USDT,0.8316,68791.0,0.8315,48256.0,0.8317,40936.0,0.8318,76861.0
1753591895063,04:51:35.063,bitget,ADA/USDT:USDT,0.8317,73076.0,0.8316,66396.0,0.8318,749.0,0.8319,65434.0
1753591895115,04:51:35.115,huobi,ADA/USDT:USDT,0.832351,96.0,0.83231,139.0,0.832358,96.0,0.832367,27.0
1753591895129,04:51:35.129,gateio,ADA/USDT:USDT,0.8313,815.0,0.8312,2861.0,0.8315,1857.0,0.8316,1277.0
1753591895171,04:51:35.171,binance,ADA/USDT:USDT,0.8316,69040.0,0.8315,48243.0,0.8317,40936.0,0.8318,76861.0
1753591895223,04:51:35.223,bybit,ADA/USDT:USDT,0.8317,24640.0,0.8316,90100.0,0.8318,9202.0,0.8319,38060.0
1753591895213,04:51:35.213,bitget,ADA/USDT:USDT,0.8317,73076.0,0.8316,66396.0,0.8318,749.0,0.8319,65434.0
1753591895229,04:51:35.229,gateio,ADA/USDT:USDT,0.8313,205.0,0.8312,2234.0,0.8314,450.0,0.8315,1882.0
1753591895323,04:51:35.323,bybit,ADA/USDT:USDT,0.8317,22914.0,0.8316,90100.0,0.8318,9202.0,0.8319,38060.0
1753591895300,04:51:35.300,binance,ADA/USDT:USDT,0.8316,66022.0,0.8315,48069.0,0.8317,40936.0,0.8318,76861.0
1753591895278,04:51:35.278,gateio,ADA/USDT:USDT,0.8313,205.0,0.8312,2234.0,0.8314,450.0,0.8315,1857.0
1753591895363,04:51:35.363,bitget,ADA/USDT:USDT,0.8317,73076.0,0.8316,66396.0,0.8318,749.0,0.8319,65434.0
1753591895423,04:51:35.423,bybit,ADA/USDT:USDT,0.8317,24642.0,0.8316,90100.0,0.8318,9202.0,0.8319,38060.0
1753591895409,04:51:35.409,binance,ADA/USDT:USDT,0.8316,66029.0,0.8315,48243.0,0.8317,40936.0,0.8318,76861.0
1753591895434,04:51:35.434,huobi,ADA/USDT:USDT,0.832351,96.0,0.83231,139.0,0.832358,96.0,0.832367,27.0
1753591895444,04:51:35.444,gateio,ADA/USDT:USDT,0.8313,205.0,0.8312,2234.0,0.8314,50.0,0.8315,1857.0
1753591895522,04:51:35.522,bybit,ADA/USDT:USDT,0.8317,24647.0,0.8316,90100.0,0.8318,9202.0,0.8319,35577.0
1753591895502,04:51:35.502,huobi,ADA/USDT:USDT,0.832351,96.0,0.83231,139.0,0.832358,96.0,0.832367,27.0
1753591895510,04:51:35.510,binance,ADA/USDT:USDT,0.8316,72183.0,0.8315,48810.0,0.8317,35996.0,0.8318,76287.0
1753591895513,04:51:35.513,bitget,ADA/USDT:USDT,0.8317,73076.0,0.8316,66396.0,0.8318,749.0,0.8319,65434.0
1753591895547,04:51:35.547,huobi,ADA/USDT:USDT,0.832351,96.0,0.83231,139.0,0.832358,96.0,0.832367,27.0
1753591895547,04:51:35.547,gateio,ADA/USDT:USDT,0.8313,205.0,0.8312,2234.0,0.8314,50.0,0.8315,1857.0
1753591895622,04:51:35.622,bybit,ADA/USDT:USDT,0.8317,24647.0,0.8316,90100.0,0.8318,9202.0,0.8319,35577.0
1753591895629,04:51:35.629,gateio,ADA/USDT:USDT,0.8313,205.0,0.8312,2234.0,0.8314,50.0,0.8315,1882.0
1753591895993,04:51:35.993,gateio,ADA/USDT:USDT,0.8313,205.0,0.8312,2234.0,0.8314,50.0,0.8315,1882.0
1753591896060,04:51:36.060,huobi,ADA/USDT:USDT,0.832351,96.0,0.83231,139.0,0.832358,96.0,0.832367,27.0
1753591896093,04:51:36.093,huobi,ADA/USDT:USDT,0.832351,96.0,0.83231,139.0,0.832352,48.0,0.832358,96.0
1753591896131,04:51:36.131,huobi,ADA/USDT:USDT,0.832187,96.0,0.832091,96.0,0.832311,256.0,0.832343,120.0
1753591896122,04:51:36.122,bybit,ADA/USDT:USDT,0.8317,10239.0,0.8316,80503.0,0.8318,29517.0,0.8319,41187.0
1753591896149,04:51:36.149,gateio,ADA/USDT:USDT,0.8311,1774.0,0.831,2118.0,0.8313,1014.0,0.8314,1931.0
1753591896155,04:51:36.155,huobi,ADA/USDT:USDT,0.832091,96.0,0.83205,300.0,0.83227,96.0,0.832302,120.0
1753591896222,04:51:36.222,bybit,ADA/USDT:USDT,0.8316,15457.0,0.8315,74001.0,0.8317,13525.0,0.8318,74216.0
1753591896188,04:51:36.188,huobi,ADA/USDT:USDT,0.832141,96.0,0.832101,120.0,0.832228,96.0,0.83226,48.0
1753591896215,04:51:36.215,binance,ADA/USDT:USDT,0.8314,40928.0,0.8313,49487.0,0.8315,21297.0,0.8316,84430.0
1753591896218,04:51:36.218,huobi,ADA/USDT:USDT,0.832142,837.0,0.832141,96.0,0.832228,96.0,0.83226,48.0
1753591896246,04:51:36.246,huobi,ADA/USDT:USDT,0.832142,837.0,0.832141,96.0,0.832203,96.0,0.832227,27.0
1753591896274,04:51:36.274,huobi,ADA/USDT:USDT,0.832183,96.0,0.832145,120.0,0.832203,96.0,0.832227,27.0
1753591896239,04:51:36.239,gateio,ADA/USDT:USDT,0.8311,1097.0,0.831,2118.0,0.8313,935.0,0.8314,1931.0
1753591896307,04:51:36.307,huobi,ADA/USDT:USDT,0.832183,96.0,0.832145,120.0,0.832227,27.0,0.83226,48.0
1753591896801,04:51:36.801,gateio,ADA/USDT:USDT,0.8312,1090.0,0.8311,2230.0,0.8313,50.0,0.8314,1866.0
1753591896845,04:51:36.845,huobi,ADA/USDT:USDT,0.832226,96.0,0.83215,120.0,0.832227,27.0,0.83226,48.0
1753591896883,04:51:36.883,binance,ADA/USDT:USDT,0.8315,53279.0,0.8314,46160.0,0.8316,38933.0,0.8317,99521.0
1753591896982,04:51:36.982,huobi,ADA/USDT:USDT,0.832226,96.0,0.83215,120.0,0.832227,27.0,0.83226,48.0
1753591897022,04:51:37.022,bybit,ADA/USDT:USDT,0.8316,17675.0,0.8315,78739.0,0.8317,3886.0,0.8318,66887.0
1753591896989,04:51:36.989,binance,ADA/USDT:USDT,0.8315,53279.0,0.8314,46160.0,0.8316,38933.0,0.8317,99521.0
1753591897014,04:51:37.014,bitget,ADA/USDT:USDT,0.8316,57831.0,0.8315,66599.0,0.8317,978.0,0.8318,75448.0
1753591897021,04:51:37.021,huobi,ADA/USDT:USDT,0.832226,96.0,0.83215,120.0,0.832227,27.0,0.83226,48.0
1753591897026,04:51:37.026,huobi,ADA/USDT:USDT,0.832226,96.0,0.83215,120.0,0.832227,27.0,0.83226,48.0
1753591897036,04:51:37.036,gateio,ADA/USDT:USDT,0.8312,1090.0,0.8311,2230.0,0.8313,50.0,0.8314,1014.0
1753591897121,04:51:37.121,bybit,ADA/USDT:USDT,0.8316,17675.0,0.8315,78739.0,0.8317,3886.0,0.8318,66887.0
1753591897147,04:51:37.147,huobi,ADA/USDT:USDT,0.832226,96.0,0.83215,120.0,0.832227,27.0,0.83226,48.0
1753591897105,04:51:37.105,gateio,ADA/USDT:USDT,0.8312,1090.0,0.8311,2230.0,0.8313,50.0,0.8314,1014.0
1753591897156,04:51:37.156,binance,ADA/USDT:USDT,0.8315,53254.0,0.8314,46167.0,0.8316,38575.0,0.8317,99521.0
1753591897164,04:51:37.164,bitget,ADA/USDT:USDT,0.8316,57831.0,0.8315,66599.0,0.8317,978.0,0.8318,53545.0
1753591897222,04:51:37.222,bybit,ADA/USDT:USDT,0.8316,17675.0,0.8315,78739.0,0.8317,3886.0,0.8318,66887.0
1753591897188,04:51:37.188,huobi,ADA/USDT:USDT,0.832226,96.0,0.83215,120.0,0.832227,27.0,0.83226,48.0
1753591897207,04:51:37.207,huobi,ADA/USDT:USDT,0.832226,96.0,0.83215,120.0,0.832227,27.0,0.83226,48.0
1753591897296,04:51:37.296,huobi,ADA/USDT:USDT,0.832226,96.0,0.83215,120.0,0.832227,27.0,0.83226,48.0
1753591897307,04:51:37.307,gateio,ADA/USDT:USDT,0.8312,1065.0,0.8311,2230.0,0.8313,50.0,0.8314,1014.0
1753591897314,04:51:37.314,bitget,ADA/USDT:USDT,0.8316,57831.0,0.8315,66599.0,0.8317,978.0,0.8318,60934.0
1753591897318,04:51:37.318,binance,ADA/USDT:USDT,0.8315,50520.0,0.8314,45598.0,0.8316,38575.0,0.8317,99521.0
1753591897357,04:51:37.357,huobi,ADA/USDT:USDT,0.832226,96.0,0.83215,120.0,0.832227,27.0,0.83226,48.0
1753591897421,04:51:37.421,binance,ADA/USDT:USDT,0.8315,50520.0,0.8314,46167.0,0.8316,38521.0,0.8317,92290.0
1753591897434,04:51:37.434,huobi,ADA/USDT:USDT,0.832226,96.0,0.83215,120.0,0.832227,27.0,0.83226,48.0
1753591897426,04:51:37.426,gateio,ADA/USDT:USDT,0.8312,1065.0,0.8311,2230.0,0.8313,50.0,0.8314,1014.0
1753591897568,04:51:37.568,huobi,ADA/USDT:USDT,0.832226,96.0,0.83215,120.0,0.832227,27.0,0.83226,48.0
1753591897506,04:51:37.506,gateio,ADA/USDT:USDT,0.8312,1065.0,0.8311,2230.0,0.8313,50.0,0.8314,1014.0
1753591897615,04:51:37.615,bitget,ADA/USDT:USDT,0.8316,57831.0,0.8315,66625.0,0.8317,978.0,0.8318,60934.0
1753591897599,04:51:37.599,huobi,ADA/USDT:USDT,0.832226,96.0,0.83215,120.0,0.832227,27.0,0.83226,48.0
1753591897654,04:51:37.654,huobi,ADA/USDT:USDT,0.832226,96.0,0.83215,120.0,0.832227,27.0,0.83226,48.0
1753591897688,04:51:37.688,huobi,ADA/USDT:USDT,0.832226,96.0,0.83215,120.0,0.832227,27.0,0.83226,48.0
1753591897722,04:51:37.722,bybit,ADA/USDT:USDT,0.8316,16005.0,0.8315,75399.0,0.8317,4809.0,0.8318,66912.0
1753591897696,04:51:37.696,phemex,ADA/USDT:USDT,0.8314,1501.41,0.8313,3838.98,0.8317,625.52,0.8318,1703.49
1753591897718,04:51:37.718,huobi,ADA/USDT:USDT,0.832226,96.0,0.83215,120.0,0.832227,27.0,0.83226,48.0
1753591897740,04:51:37.740,binance,ADA/USDT:USDT,0.8315,41306.0,0.8314,46316.0,0.8316,38971.0,0.8317,92075.0
1753591897744,04:51:37.744,huobi,ADA/USDT:USDT,0.832226,96.0,0.83215,120.0,0.832227,27.0,0.83226,48.0
1753591897727,04:51:37.727,gateio,ADA/USDT:USDT,0.8312,665.0,0.8311,2205.0,0.8313,50.0,0.8314,1014.0
1753591897732,04:51:37.732,phemex,ADA/USDT:USDT,0.8314,1501.41,0.8313,3226.67,0.8317,625.52,0.8318,1703.49
1753591897765,04:51:37.765,bitget,ADA/USDT:USDT,0.8316,38331.0,0.8315,66817.0,0.8317,9478.0,0.8318,60934.0
1753591897777,04:51:37.777,huobi,ADA/USDT:USDT,0.832226,96.0,0.83215,120.0,0.832227,27.0,0.83226,48.0
1753591897822,04:51:37.822,bybit,ADA/USDT:USDT,0.8316,16020.0,0.8315,72195.0,0.8317,5668.0,0.8318,73665.0
1753591897816,04:51:37.816,huobi,ADA/USDT:USDT,0.832226,96.0,0.83215,120.0,0.832227,27.0,0.83226,48.0
1753591897807,04:51:37.807,gateio,ADA/USDT:USDT,0.8312,665.0,0.8311,2230.0,0.8313,50.0,0.8314,1014.0
1753591897861,04:51:37.861,huobi,ADA/USDT:USDT,0.832226,96.0,0.83215,120.0,0.832227,27.0,0.83226,48.0
1753591897865,04:51:37.865,huobi,ADA/USDT:USDT,0.832226,96.0,0.83215,120.0,0.832227,27.0,0.83226,48.0
1753591897924,04:51:37.924,bybit,ADA/USDT:USDT,0.8316,17690.0,0.8315,78018.0,0.8317,4745.0,0.8318,69512.0
1753591897905,04:51:37.905,binance,ADA/USDT:USDT,0.8315,44103.0,0.8314,46556.0,0.8316,38935.0,0.8317,92050.0
1753591897907,04:51:37.907,huobi,ADA/USDT:USDT,0.832226,96.0,0.83215,120.0,0.832227,27.0,0.83226,48.0
1753591897915,04:51:37.915,bitget,ADA/USDT:USDT,0.8316,38331.0,0.8315,68647.0,0.8317,11077.0,0.8318,60934.0
1753591897926,04:51:37.926,huobi,ADA/USDT:USDT,0.832226,96.0,0.83215,120.0,0.832227,27.0,0.83226,48.0
1753591898021,04:51:38.021,bybit,ADA/USDT:USDT,0.8316,17690.0,0.8315,78018.0,0.8317,4745.0,0.8318,69512.0
1753591898014,04:51:38.014,binance,ADA/USDT:USDT,0.8315,41306.0,0.8314,46556.0,0.8316,38935.0,0.8317,92050.0
1753591898012,04:51:38.012,huobi,ADA/USDT:USDT,0.832226,96.0,0.83215,120.0,0.832227,27.0,0.83226,48.0
1753591898014,04:51:38.014,huobi,ADA/USDT:USDT,0.832226,96.0,0.83215,120.0,0.832227,27.0,0.83226,48.0
1753591898065,04:51:38.065,bitget,ADA/USDT:USDT,0.8316,38331.0,0.8315,72673.0,0.8317,11077.0,0.8318,60934.0
1753591898116,04:51:38.116,huobi,ADA/USDT:USDT,0.832226,96.0,0.83215,120.0,0.832227,27.0,0.83226,48.0
1753591898144,04:51:38.144,binance,ADA/USDT:USDT,0.8315,41306.0,0.8314,45772.0,0.8316,38935.0,0.8317,92050.0
1753591898144,04:51:38.144,huobi,ADA/USDT:USDT,0.832226,96.0,0.83215,120.0,0.832227,123.0,0.83226,48.0
1753591898166,04:51:38.166,huobi,ADA/USDT:USDT,0.832226,96.0,0.83215,120.0,0.832227,123.0,0.83226,48.0
1753591898222,04:51:38.222,bybit,ADA/USDT:USDT,0.8316,17690.0,0.8315,78018.0,0.8317,4745.0,0.8318,69512.0
1753591898196,04:51:38.196,huobi,ADA/USDT:USDT,0.832226,96.0,0.83215,120.0,0.832227,123.0,0.83226,48.0
1753591898215,04:51:38.215,bitget,ADA/USDT:USDT,0.8316,38331.0,0.8315,72673.0,0.8317,2577.0,0.8318,60934.0
1753591898232,04:51:38.232,huobi,ADA/USDT:USDT,0.832226,96.0,0.83215,120.0,0.832227,123.0,0.83226,48.0
1753591898249,04:51:38.249,binance,ADA/USDT:USDT,0.8315,41306.0,0.8314,45772.0,0.8316,38485.0,0.8317,99629.0
1753591898262,04:51:38.262,huobi,ADA/USDT:USDT,0.832226,96.0,0.83215,120.0,0.832227,123.0,0.83226,48.0
1753591898320,04:51:38.320,huobi,ADA/USDT:USDT,0.832226,96.0,0.83215,120.0,0.832227,123.0,0.83226,48.0
1753591898354,04:51:38.354,binance,ADA/USDT:USDT,0.8315,41306.0,0.8314,45772.0,0.8316,38485.0,0.8317,99629.0
1753591898365,04:51:38.365,bitget,ADA/USDT:USDT,0.8316,38331.0,0.8315,72673.0,0.8317,2577.0,0.8318,60934.0
1753591898423,04:51:38.423,bybit,ADA/USDT:USDT,0.8316,17690.0,0.8315,92310.0,0.8317,4745.0,0.8318,65080.0
1753591898407,04:51:38.407,okx,ADA/USDT:USDT,0.8317,222.9,0.8316,341.8,0.8318,89.2,0.8319,528.2
1753591898440,04:51:38.440,huobi,ADA/USDT:USDT,0.832226,96.0,0.83215,120.0,0.832227,123.0,0.83226,48.0
1753591898448,04:51:38.448,gateio,ADA/USDT:USDT,0.8312,715.0,0.8311,2230.0,0.8313,50.0,0.8314,1014.0
1753591898461,04:51:38.461,binance,ADA/USDT:USDT,0.8315,49534.0,0.8314,48398.0,0.8316,27723.0,0.8317,99629.0
1753591898464,04:51:38.464,huobi,ADA/USDT:USDT,0.832226,96.0,0.83215,120.0,0.832227,27.0,0.83226,48.0
1753591898522,04:51:38.522,bybit,ADA/USDT:USDT,0.8317,27634.0,0.8316,69958.0,0.8318,7425.0,0.8319,72195.0
1753591898494,04:51:38.494,huobi,ADA/USDT:USDT,0.832228,120.0,0.832226,96.0,0.83227,96.0,0.83231,27.0
1753591898515,04:51:38.515,bitget,ADA/USDT:USDT,0.8316,38331.0,0.8315,72673.0,0.8317,2577.0,0.8318,60934.0
1753591898527,04:51:38.527,huobi,ADA/USDT:USDT,0.832269,96.0,0.832228,120.0,0.83231,27.0,0.832311,96.0
1753591898536,04:51:38.536,gateio,ADA/USDT:USDT,0.8313,244.0,0.8312,1839.0,0.8314,450.0,0.8315,2403.0
1753591898275,04:51:38.275,phemex,ADA/USDT:USDT,0.8315,514.93,0.8314,1501.41,0.8317,625.52,0.8318,1703.49
1753591898561,04:51:38.561,huobi,ADA/USDT:USDT,0.832272,120.0,0.832269,96.0,0.83231,27.0,0.832311,96.0
1753591898568,04:51:38.568,binance,ADA/USDT:USDT,0.8315,49963.0,0.8314,51529.0,0.8316,5163.0,0.8317,89254.0
1753591898622,04:51:38.622,bybit,ADA/USDT:USDT,0.8317,27634.0,0.8316,69958.0,0.8318,7418.0,0.8319,67199.0
1753591898594,04:51:38.594,huobi,ADA/USDT:USDT,0.832309,96.0,0.832272,120.0,0.83231,27.0,0.832311,96.0
1753591898625,04:51:38.625,huobi,ADA/USDT:USDT,0.832309,96.0,0.832272,120.0,0.83231,27.0,0.832311,96.0
1753591898629,04:51:38.629,gateio,ADA/USDT:USDT,0.8313,244.0,0.8312,1839.0,0.8314,450.0,0.8315,2403.0
1753591898648,04:51:38.648,huobi,ADA/USDT:USDT,0.832309,96.0,0.832272,120.0,0.83231,27.0,0.832311,96.0
1753591898665,04:51:38.665,bitget,ADA/USDT:USDT,0.8316,60232.0,0.8315,72673.0,0.8318,36100.0,0.8319,69629.0
1753591898675,04:51:38.675,huobi,ADA/USDT:USDT,0.832309,96.0,0.832272,120.0,0.83231,27.0,0.832311,96.0
1753591898723,04:51:38.723,bybit,ADA/USDT:USDT,0.8317,24452.0,0.8316,70979.0,0.8318,8930.0,0.8319,67199.0
1753591898706,04:51:38.706,huobi,ADA/USDT:USDT,0.832309,96.0,0.832272,120.0,0.83231,27.0,0.832311,96.0
1753591898726,04:51:38.726,binance,ADA/USDT:USDT,0.8315,49963.0,0.8314,52338.0,0.8316,5163.0,0.8317,89014.0
1753591898749,04:51:38.749,gateio,ADA/USDT:USDT,0.8313,89.0,0.8312,1814.0,0.8314,450.0,0.8315,2403.0
1753591898765,04:51:38.765,huobi,ADA/USDT:USDT,0.832309,96.0,0.832272,120.0,0.83231,27.0,0.832311,96.0
1753591898822,04:51:38.822,bybit,ADA/USDT:USDT,0.8317,25964.0,0.8316,73579.0,0.8318,8930.0,0.8319,67199.0
1753591898807,04:51:38.807,okx,ADA/USDT:USDT,0.8317,284.9,0.8316,392.4,0.8318,33.2,0.8319,365.7
1753591898793,04:51:38.793,huobi,ADA/USDT:USDT,0.832309,96.0,0.832272,120.0,0.83231,27.0,0.832311,96.0
1753591898815,04:51:38.815,bitget,ADA/USDT:USDT,0.8317,62580.0,0.8316,59892.0,0.8318,36100.0,0.8319,81219.0
1753591898825,04:51:38.825,huobi,ADA/USDT:USDT,0.832309,96.0,0.832272,120.0,0.83231,27.0,0.832311,96.0
1753591898848,04:51:38.848,binance,ADA/USDT:USDT,0.8315,53963.0,0.8314,52938.0,0.8316,4304.0,0.8317,77262.0
1753591898750,04:51:38.750,gateio,ADA/USDT:USDT,0.8313,89.0,0.8312,1814.0,0.8314,450.0,0.8315,2428.0
1753591898858,04:51:38.858,huobi,ADA/USDT:USDT,0.832309,96.0,0.832226,96.0,0.83231,27.0,0.832311,96.0
1753591898922,04:51:38.922,bybit,ADA/USDT:USDT,0.8317,25964.0,0.8316,73579.0,0.8318,8930.0,0.8319,67199.0
1753591898885,04:51:38.885,huobi,ADA/USDT:USDT,0.832226,96.0,0.832141,96.0,0.83231,27.0,0.832352,123.0
1753591898922,04:51:38.922,huobi,ADA/USDT:USDT,0.832283,120.0,0.832141,96.0,0.83231,123.0,0.832352,123.0
1753591898930,04:51:38.930,gateio,ADA/USDT:USDT,0.8313,89.0,0.8312,1814.0,0.8314,450.0,0.8315,2428.0
1753591898966,04:51:38.966,huobi,ADA/USDT:USDT,0.832309,96.0,0.832141,96.0,0.83231,123.0,0.832352,123.0
1753591899029,04:51:39.029,phemex,ADA/USDT:USDT,0.8315,514.93,0.8314,1501.41,0.8317,625.52,0.8318,2715.97
1753591898971,04:51:38.971,gateio,ADA/USDT:USDT,0.8313,89.0,0.8312,1814.0,0.8314,450.0,0.8315,2428.0
1753591899035,04:51:39.035,huobi,ADA/USDT:USDT,0.832309,96.0,0.832141,96.0,0.83231,123.0,0.832352,123.0
1753591899068,04:51:39.068,huobi,ADA/USDT:USDT,0.832309,96.0,0.832141,96.0,0.83231,123.0,0.832352,123.0
1753591899122,04:51:39.122,bybit,ADA/USDT:USDT,0.8317,25964.0,0.8316,73579.0,0.8318,7418.0,0.8319,65159.0
1753591899101,04:51:39.101,huobi,ADA/USDT:USDT,0.832141,96.0,0.832111,837.0,0.83231,123.0,0.832352,123.0
1753591899116,04:51:39.116,bitget,ADA/USDT:USDT,0.8317,64928.0,0.8316,57329.0,0.8318,28711.0,0.8319,80619.0
1753591899126,04:51:39.126,huobi,ADA/USDT:USDT,0.832183,96.0,0.832142,300.0,0.832307,96.0,0.83231,27.0
1753591899154,04:51:39.154,huobi,ADA/USDT:USDT,0.832233,96.0,0.832183,96.0,0.832307,96.0,0.83231,27.0
1753591899222,04:51:39.222,bybit,ADA/USDT:USDT,0.8317,25964.0,0.8316,73579.0,0.8318,7837.0,0.8319,65159.0
1753591899185,04:51:39.185,huobi,ADA/USDT:USDT,0.832286,120.0,0.832283,96.0,0.832307,96.0,0.83231,27.0
1753591899190,04:51:39.190,binance,ADA/USDT:USDT,0.8315,53963.0,0.8314,58716.0,0.8316,4754.0,0.8317,77382.0
1753591899217,04:51:39.217,huobi,ADA/USDT:USDT,0.832306,96.0,0.832286,120.0,0.832307,96.0,0.83231,27.0
1753591899454,04:51:39.454,huobi,ADA/USDT:USDT,0.832283,96.0,0.832242,120.0,0.832307,96.0,0.83231,27.0
1753591899347,04:51:39.347,gateio,ADA/USDT:USDT,0.8313,89.0,0.8312,1814.0,0.8314,687.0,0.8315,2428.0
1753591899502,04:51:39.502,phemex,ADA/USDT:USDT,0.8315,514.93,0.8314,1501.41,0.8317,625.52,0.8318,1538.72
1753591899322,04:51:39.322,bybit,ADA/USDT:USDT,0.8317,25964.0,0.8316,73579.0,0.8318,7837.0,0.8319,65159.0
1753591899449,04:51:39.449,gateio,ADA/USDT:USDT,0.8313,89.0,0.8312,1814.0,0.8314,287.0,0.8315,2428.0
1753591899483,04:51:39.483,huobi,ADA/USDT:USDT,0.832286,120.0,0.832283,96.0,0.83241,96.0,0.832452,195.0
1753591899528,04:51:39.528,phemex,ADA/USDT:USDT,0.8315,514.93,0.8314,1501.41,0.8317,526.85,0.8318,1538.72
1753591899507,04:51:39.507,okx,ADA/USDT:USDT,0.8318,976.7,0.8317,405.2,0.8319,0.6,0.832,82.7
1753591899523,04:51:39.523,bybit,ADA/USDT:USDT,0.8318,66903.0,0.8317,100438.0,0.8319,186.0,0.832,13934.0
1753591899514,04:51:39.514,huobi,ADA/USDT:USDT,0.832336,120.0,0.832286,96.0,0.832452,195.0,0.832561,95.0
1753591899548,04:51:39.548,gateio,ADA/USDT:USDT,0.8314,820.0,0.8313,1776.0,0.8315,33.0,0.8316,451.0
1753591899549,04:51:39.549,huobi,ADA/USDT:USDT,0.832386,120.0,0.832309,43.0,0.832519,96.0,0.83256,80.0
1753591899566,04:51:39.566,bitget,ADA/USDT:USDT,0.8318,13544.0,0.8317,74707.0,0.832,42971.0,0.8321,98453.0
1753591899222,04:51:39.222,bitmex,ADA/USDT:USDT,0.832,27000.0,0.8319,83000.0,0.8322,405000.0,0.8323,8000.0
1753591899577,04:51:39.577,huobi,ADA/USDT:USDT,0.832318,120.0,0.832309,43.0,0.832603,96.0,0.832644,195.0
1753591899623,04:51:39.623,bybit,ADA/USDT:USDT,0.832,44838.0,0.8319,61588.0,0.8321,111.0,0.8322,38121.0
1753591899607,04:51:39.607,okx,ADA/USDT:USDT,0.832,618.8,0.8319,658.4,0.8321,0.9,0.8322,346.3
1753591899606,04:51:39.606,huobi,ADA/USDT:USDT,0.832427,94.0,0.83235,120.0,0.832603,96.0,0.832644,195.0
1753591899636,04:51:39.636,huobi,ADA/USDT:USDT,0.832437,300.0,0.832436,120.0,0.832603,96.0,0.832644,195.0
1753591899586,04:51:39.586,bitmex,ADA/USDT:USDT,0.8323,27000.0,0.8322,83000.0,0.8324,1000.0,0.8325,88000.0
1753591899646,04:51:39.646,binance,ADA/USDT:USDT,0.8318,64899.0,0.8317,81046.0,0.8319,21406.0,0.832,40349.0
1753591899647,04:51:39.647,gateio,ADA/USDT:USDT,0.8314,1446.0,0.8313,2231.0,0.8315,33.0,0.8316,1.0
1753591899662,04:51:39.662,huobi,ADA/USDT:USDT,0.832486,96.0,0.832446,120.0,0.832603,96.0,0.832644,195.0
1753591899723,04:51:39.723,bybit,ADA/USDT:USDT,0.832,46496.0,0.8319,92243.0,0.8321,601.0,0.8322,26886.0
1753591899635,04:51:39.635,bitmex,ADA/USDT:USDT,0.8323,27000.0,0.8322,83000.0,0.8325,88000.0,0.8326,50000.0
1753591899698,04:51:39.698,huobi,ADA/USDT:USDT,0.832495,216.0,0.832447,300.0,0.832603,96.0,0.832644,195.0
1753591899716,04:51:39.716,bitget,ADA/USDT:USDT,0.8319,26597.0,0.8318,76779.0,0.8321,38193.0,0.8322,44373.0
1753591899684,04:51:39.684,bitmex,ADA/USDT:USDT,0.8323,56000.0,0.8322,91000.0,0.8324,27000.0,0.8325,80000.0
1753591899748,04:51:39.748,binance,ADA/USDT:USDT,0.8318,68919.0,0.8317,86395.0,0.8319,21406.0,0.832,43035.0
1753591899749,04:51:39.749,gateio,ADA/USDT:USDT,0.8315,1295.0,0.8314,1892.0,0.8316,1.0,0.8317,1188.0
1753591899750,04:51:39.750,huobi,ADA/USDT:USDT,0.832495,216.0,0.832447,300.0,0.832603,96.0,0.832644,195.0
1753591899779,04:51:39.779,huobi,ADA/USDT:USDT,0.832495,216.0,0.832447,300.0,0.832603,96.0,0.832645,96.0
1753591899733,04:51:39.733,bitmex,ADA/USDT:USDT,0.8323,56000.0,0.8322,91000.0,0.8324,27000.0,0.8325,80000.0
1753591899783,04:51:39.783,huobi,ADA/USDT:USDT,0.832496,300.0,0.832495,216.0,0.832603,96.0,0.832771,92.0
1753591899823,04:51:39.823,bybit,ADA/USDT:USDT,0.8321,50650.0,0.832,69381.0,0.8322,849.0,0.8323,46211.0
1753591899815,04:51:39.815,huobi,ADA/USDT:USDT,0.832602,43.0,0.832506,300.0,0.832729,96.0,0.832768,80.0
1753591899850,04:51:39.850,gateio,ADA/USDT:USDT,0.8317,155.0,0.8316,1316.0,0.8318,911.0,0.8319,1413.0
1753591899855,04:51:39.855,binance,ADA/USDT:USDT,0.8319,72312.0,0.8318,65747.0,0.832,12168.0,0.8321,29458.0
1753591899849,04:51:39.849,huobi,ADA/USDT:USDT,0.832611,216.0,0.832602,139.0,0.832701,96.0,0.832769,147.0
1753591899866,04:51:39.866,bitget,ADA/USDT:USDT,0.8321,13126.0,0.832,61196.0,0.8322,52296.0,0.8323,100880.0
1753591899873,04:51:39.873,huobi,ADA/USDT:USDT,0.832611,216.0,0.832602,43.0,0.832701,96.0,0.832743,96.0
1753591899925,04:51:39.925,bybit,ADA/USDT:USDT,0.8321,31859.0,0.832,80078.0,0.8322,4899.0,0.8323,36262.0
1753591899905,04:51:39.905,huobi,ADA/USDT:USDT,0.832611,216.0,0.832602,43.0,0.832701,96.0,0.832743,96.0
1753591899882,04:51:39.882,bitmex,ADA/USDT:USDT,0.8325,27000.0,0.8324,27000.0,0.8327,8000.0,0.8328,50000.0
1753591899542,04:51:39.542,phemex,ADA/USDT:USDT,0.8316,12500.0,0.8315,514.93,0.8318,1538.72,0.8319,1924.38
1753591899945,04:51:39.945,gateio,ADA/USDT:USDT,0.8316,1316.0,0.8315,1936.0,0.8318,944.0,0.8319,1438.0
1753591899570,04:51:39.570,phemex,ADA/USDT:USDT,0.8315,514.93,0.8314,2113.72,0.8318,1538.72,0.8319,1924.38
1753591899958,04:51:39.958,binance,ADA/USDT:USDT,0.8319,69331.0,0.8318,65178.0,0.832,25567.0,0.8321,41275.0
1753591899582,04:51:39.582,phemex,ADA/USDT:USDT,0.8315,514.93,0.8314,1501.41,0.8318,1538.72,0.8319,1924.38
1753591899604,04:51:39.604,phemex,ADA/USDT:USDT,0.8317,514.93,0.8315,514.93,0.8319,1484.15,0.832,529.05
1753591899633,04:51:39.633,phemex,ADA/USDT:USDT,0.8317,514.93,0.8315,1127.24,0.8319,1385.48,0.832,529.05
1753591899648,04:51:39.648,phemex,ADA/USDT:USDT,0.8317,514.93,0.8315,1127.24,0.8319,851.8,0.832,529.05
1753591899955,04:51:39.955,huobi,ADA/USDT:USDT,0.832611,216.0,0.832602,43.0,0.832701,96.0,0.832743,96.0
1753591899733,04:51:39.733,phemex,ADA/USDT:USDT,0.8316,514.93,0.8315,587.03,0.8319,851.8,0.832,529.05
1753591899888,04:51:39.888,phemex,ADA/USDT:USDT,0.8316,514.93,0.8315,514.93,0.8321,1968.06,0.8322,1837.0
1753591899965,04:51:39.965,huobi,ADA/USDT:USDT,0.832611,216.0,0.832602,43.0,0.832701,96.0,0.832743,96.0
1753591900002,04:51:40.002,phemex,ADA/USDT:USDT,0.8319,514.93,0.8316,72.1,0.8321,1968.06,0.8322,1837.0
1753591899931,04:51:39.931,bitmex,ADA/USDT:USDT,0.8325,27000.0,0.8324,83000.0,0.8327,8000.0,0.8328,50000.0
1753591900022,04:51:40.022,bybit,ADA/USDT:USDT,0.8321,2244.0,0.832,71679.0,0.8322,24193.0,0.8323,64943.0
1753591900007,04:51:40.007,okx,ADA/USDT:USDT,0.8321,915.5,0.832,544.5,0.8322,137.9,0.8323,108.5
1753591900020,04:51:40.020,phemex,ADA/USDT:USDT,0.8319,514.93,0.8315,1127.16,0.8321,1968.06,0.8322,1837.0
1753591900039,04:51:40.039,phemex,ADA/USDT:USDT,0.8316,612.23,0.8315,1127.16,0.8321,1968.06,0.8322,1837.0
1753591900016,04:51:40.016,bitget,ADA/USDT:USDT,0.8321,58295.0,0.832,99413.0,0.8322,27440.0,0.8323,49504.0
1753591900020,04:51:40.020,huobi,ADA/USDT:USDT,0.832611,216.0,0.832602,43.0,0.832743,96.0,0.832769,147.0
1753591899980,04:51:39.980,bitmex,ADA/USDT:USDT,0.8325,27000.0,0.8324,83000.0,0.8327,8000.0,0.8328,50000.0
1753591900028,04:51:40.028,huobi,ADA/USDT:USDT,0.832611,216.0,0.832602,43.0,0.832742,128.0,0.832743,96.0
1753591900063,04:51:40.063,phemex,ADA/USDT:USDT,0.8319,514.93,0.8315,514.93,0.8321,1968.06,0.8322,1837.0
1753591900049,04:51:40.049,gateio,ADA/USDT:USDT,0.8316,561.0,0.8315,1913.0,0.8317,50.0,0.8318,944.0
1753591900059,04:51:40.059,binance,ADA/USDT:USDT,0.8319,56381.0,0.8318,65202.0,0.832,42946.0,0.8321,46882.0
1753591900081,04:51:40.081,phemex,ADA/USDT:USDT,0.8319,514.93,0.8316,612.23,0.8321,1968.06,0.8322,1837.0
1753591900029,04:51:40.029,bitmex,ADA/USDT:USDT,0.8325,27000.0,0.8324,83000.0,0.8326,405000.0,0.8327,8000.0
1753591900067,04:51:40.067,huobi,ADA/USDT:USDT,0.832611,216.0,0.832602,43.0,0.832701,96.0,0.832742,75.0
1753591900099,04:51:40.099,phemex,ADA/USDT:USDT,0.8319,514.93,0.8316,612.23,0.8321,1968.06,0.8322,1837.0
1753591900085,04:51:40.085,huobi,ADA/USDT:USDT,0.832611,216.0,0.832602,43.0,0.832699,27.0,0.8327,80.0
1753591900123,04:51:40.123,bybit,ADA/USDT:USDT,0.8321,2244.0,0.832,71679.0,0.8322,25839.0,0.8323,80726.0
1753591900078,04:51:40.078,bitmex,ADA/USDT:USDT,0.8324,56000.0,0.8321,8000.0,0.8326,405000.0,0.8327,8000.0
1753591900134,04:51:40.134,gateio,ADA/USDT:USDT,0.8316,561.0,0.8315,2176.0,0.8317,50.0,0.8318,969.0
1753591900149,04:51:40.149,huobi,ADA/USDT:USDT,0.832611,96.0,0.832602,43.0,0.832659,96.0,0.832699,27.0
1753591900160,04:51:40.160,binance,ADA/USDT:USDT,0.8319,37212.0,0.8318,64610.0,0.832,43120.0,0.8321,46708.0
1753591900166,04:51:40.166,bitget,ADA/USDT:USDT,0.8321,33845.0,0.832,65548.0,0.8322,31851.0,0.8323,87729.0
1753591900127,04:51:40.127,bitmex,ADA/USDT:USDT,0.8324,56000.0,0.8323,83000.0,0.8326,405000.0,0.8327,8000.0
1753591900192,04:51:40.192,phemex,ADA/USDT:USDT,0.8319,514.93,0.8316,612.23,0.8321,1968.06,0.8322,1837.0
1753591900223,04:51:40.223,bybit,ADA/USDT:USDT,0.8321,2244.0,0.832,71679.0,0.8322,25839.0,0.8323,80726.0
1753591900207,04:51:40.207,okx,ADA/USDT:USDT,0.8321,757.8,0.832,544.2,0.8322,171.8,0.8323,194.0
1753591900222,04:51:40.222,phemex,ADA/USDT:USDT,0.8319,514.93,0.8316,612.23,0.8321,1968.06,0.8322,1837.0
1753591900176,04:51:40.176,bitmex,ADA/USDT:USDT,0.8323,56000.0,0.8322,71000.0,0.8326,405000.0,0.8327,8000.0
1753591900238,04:51:40.238,huobi,ADA/USDT:USDT,0.832611,96.0,0.832602,43.0,0.832699,27.0,0.832701,96.0
1753591900242,04:51:40.242,gateio,ADA/USDT:USDT,0.8316,65.0,0.8315,2176.0,0.8317,50.0,0.8318,969.0
1753591900261,04:51:40.261,binance,ADA/USDT:USDT,0.8319,33599.0,0.8318,65213.0,0.832,37481.0,0.8321,46708.0
1753591900266,04:51:40.266,huobi,ADA/USDT:USDT,0.832611,96.0,0.832602,43.0,0.832695,96.0,0.832698,80.0
1753591900322,04:51:40.322,bybit,ADA/USDT:USDT,0.8321,8970.0,0.832,74162.0,0.8322,24193.0,0.8323,79080.0
1753591898847,04:51:38.847,ascendex,ADA/USDT:USDT,0.8316,120257.0,0.8308,72237.0,0.8322,90101.0,0.8323,90058.0
1753591900323,04:51:40.323,phemex,ADA/USDT:USDT,0.8319,514.93,0.8316,612.23,0.8321,1968.06,0.8322,1837.0
1753591900311,04:51:40.311,huobi,ADA/USDT:USDT,0.832611,96.0,0.832602,43.0,0.832656,96.0,0.832694,80.0
1753591900316,04:51:40.316,bitget,ADA/USDT:USDT,0.8321,32246.0,0.832,65548.0,0.8322,45539.0,0.8323,88760.0
1753591900330,04:51:40.330,phemex,ADA/USDT:USDT,0.8319,514.93,0.8316,612.23,0.8321,1968.06,0.8322,1837.0
1753591900325,04:51:40.325,gateio,ADA/USDT:USDT,0.8316,220.0,0.8315,2176.0,0.8317,50.0,0.8318,969.0
1753591900327,04:51:40.327,bitmex,ADA/USDT:USDT,0.8323,64000.0,0.8322,71000.0,0.8326,405000.0,0.8327,8000.0
1753591900374,04:51:40.374,huobi,ADA/USDT:USDT,0.832611,96.0,0.832602,43.0,0.832656,96.0,0.832697,27.0
1753591900381,04:51:40.381,binance,ADA/USDT:USDT,0.8319,47544.0,0.8318,65039.0,0.832,35287.0,0.8321,46890.0
1753591900422,04:51:40.422,bybit,ADA/USDT:USDT,0.8321,8970.0,0.832,75808.0,0.8322,24193.0,0.8323,75660.0
1753591900376,04:51:40.376,bitmex,ADA/USDT:USDT,0.8323,64000.0,0.8322,71000.0,0.8326,405000.0,0.8327,8000.0
1753591900444,04:51:40.444,gateio,ADA/USDT:USDT,0.8316,220.0,0.8315,2176.0,0.8317,50.0,0.8318,969.0
1753591900466,04:51:40.466,bitget,ADA/USDT:USDT,0.8321,32246.0,0.832,61525.0,0.8322,41877.0,0.8323,88760.0
1753591900486,04:51:40.486,binance,ADA/USDT:USDT,0.8319,47724.0,0.8318,64919.0,0.832,35406.0,0.8321,46890.0
1753591900522,04:51:40.522,bybit,ADA/USDT:USDT,0.8321,8970.0,0.832,74162.0,0.8322,24193.0,0.8323,75660.0
1753591900441,04:51:40.441,bitmex,ADA/USDT:USDT,0.8323,64000.0,0.8322,71000.0,0.8326,405000.0,0.8327,8000.0
1753591900531,04:51:40.531,gateio,ADA/USDT:USDT,0.8316,220.0,0.8315,2528.0,0.8317,50.0,0.8318,969.0
1753591900566,04:51:40.566,huobi,ADA/USDT:USDT,0.832611,96.0,0.832602,43.0,0.832697,27.0,0.832698,96.0
1753591900587,04:51:40.587,binance,ADA/USDT:USDT,0.8319,50929.0,0.8318,67719.0,0.832,14258.0,0.8321,47130.0
1753591900622,04:51:40.622,bybit,ADA/USDT:USDT,0.8321,13263.0,0.832,77454.0,0.8322,3330.0,0.8323,73538.0
1753591900599,04:51:40.599,huobi,ADA/USDT:USDT,0.832611,96.0,0.832602,43.0,0.832696,92.0,0.832697,27.0
1753591898847,04:51:38.847,ascendex,ADA/USDT:USDT,0.8316,120257.0,0.8308,72237.0,0.8322,90101.0,0.8323,90058.0
1753591900616,04:51:40.616,bitget,ADA/USDT:USDT,0.8321,32246.0,0.832,67989.0,0.8322,41877.0,0.8323,72556.0
1753591900639,04:51:40.639,huobi,ADA/USDT:USDT,0.832617,120.0,0.832602,43.0,0.832696,92.0,0.832697,27.0
1753591900635,04:51:40.635,gateio,ADA/USDT:USDT,0.8317,259.0,0.8316,2097.0,0.8318,944.0,0.8319,3136.0
1753591900617,04:51:40.617,bitmex,ADA/USDT:USDT,0.8323,64000.0,0.8322,71000.0,0.8326,405000.0,0.8327,8000.0
1753591900723,04:51:40.723,bybit,ADA/USDT:USDT,0.8321,13389.0,0.832,77454.0,0.8322,2024.0,0.8323,73538.0
1753591900691,04:51:40.691,binance,ADA/USDT:USDT,0.8319,51401.0,0.8318,67719.0,0.832,19315.0,0.8321,47121.0
1753591900666,04:51:40.666,bitmex,ADA/USDT:USDT,0.8323,64000.0,0.8322,71000.0,0.8326,405000.0,0.8327,8000.0
1753591900728,04:51:40.728,gateio,ADA/USDT:USDT,0.8317,259.0,0.8316,2097.0,0.8318,944.0,0.8319,3063.0
1753591900715,04:51:40.715,bitmex,ADA/USDT:USDT,0.8323,64000.0,0.8322,71000.0,0.8326,405000.0,0.8327,8000.0
1753591900766,04:51:40.766,bitget,ADA/USDT:USDT,0.8321,33845.0,0.832,67989.0,0.8322,41877.0,0.8323,84383.0
1753591900823,04:51:40.823,bybit,ADA/USDT:USDT,0.8321,11743.0,0.832,75833.0,0.8322,2122.0,0.8323,73538.0
1753591900795,04:51:40.795,binance,ADA/USDT:USDT,0.8319,45415.0,0.8318,67719.0,0.832,23761.0,0.8321,46881.0
1753591900835,04:51:40.835,gateio,ADA/USDT:USDT,0.8317,104.0,0.8316,1814.0,0.8318,944.0,0.8319,3113.0
1753591900922,04:51:40.922,bybit,ADA/USDT:USDT,0.8321,11743.0,0.832,74187.0,0.8322,12401.0,0.8323,78388.0
1753591900897,04:51:40.897,binance,ADA/USDT:USDT,0.8319,45415.0,0.8318,67738.0,0.832,20477.0,0.8321,46881.0
1753591900907,04:51:40.907,okx,ADA/USDT:USDT,0.8321,830.8,0.832,524.5,0.8322,57.1,0.8323,198.9
1753591898847,04:51:38.847,ascendex,ADA/USDT:USDT,0.8316,120257.0,0.8308,72237.0,0.8322,90101.0,0.8323,90058.0
1753591900916,04:51:40.916,bitget,ADA/USDT:USDT,0.8321,33845.0,0.832,61525.0,0.8322,41877.0,0.8323,85414.0
1753591900935,04:51:40.935,gateio,ADA/USDT:USDT,0.8317,89.0,0.8316,1814.0,0.8318,944.0,0.8319,3113.0
1753591901022,04:51:41.022,bybit,ADA/USDT:USDT,0.8321,11743.0,0.832,74187.0,0.8322,12401.0,0.8323,76742.0
1753591901047,04:51:41.047,gateio,ADA/USDT:USDT,0.8316,1062.0,0.8315,2224.0,0.8318,944.0,0.8319,3186.0
1753591901051,04:51:41.051,huobi,ADA/USDT:USDT,0.832617,212.0,0.832602,43.0,0.832695,80.0,0.832696,92.0
1753591901067,04:51:41.067,bitget,ADA/USDT:USDT,0.8321,32246.0,0.832,61525.0,0.8322,41877.0,0.8323,85414.0
1753591901077,04:51:41.077,huobi,ADA/USDT:USDT,0.832617,212.0,0.832602,43.0,0.832654,92.0,0.832696,92.0
1753591901122,04:51:41.122,bybit,ADA/USDT:USDT,0.8321,9096.0,0.832,71704.0,0.8322,19669.0,0.8323,81460.0
1753591901107,04:51:41.107,okx,ADA/USDT:USDT,0.8321,757.0,0.832,524.2,0.8322,137.8,0.8323,314.8
1753591901118,04:51:41.118,binance,ADA/USDT:USDT,0.8319,45241.0,0.8318,65112.0,0.832,38221.0,0.8321,46716.0
1753591901132,04:51:41.132,gateio,ADA/USDT:USDT,0.8316,1222.0,0.8315,2901.0,0.8318,944.0,0.8319,2508.0
1753591901206,04:51:41.206,phemex,ADA/USDT:USDT,0.8319,1795.78,0.8317,1030.64,0.8321,1968.06,0.8322,1837.0
1753591901222,04:51:41.222,bybit,ADA/USDT:USDT,0.8321,6852.0,0.832,70192.0,0.8322,22497.0,0.8323,81460.0
1753591901227,04:51:41.227,phemex,ADA/USDT:USDT,0.8319,1795.78,0.8317,1545.57,0.8321,1968.06,0.8322,1837.0
1753591901159,04:51:41.159,bitmex,ADA/USDT:USDT,0.8323,64000.0,0.8322,71000.0,0.8326,405000.0,0.8327,8000.0
1753591901217,04:51:41.217,bitget,ADA/USDT:USDT,0.8321,32246.0,0.832,61525.0,0.8322,41877.0,0.8323,85414.0
1753591901221,04:51:41.221,binance,ADA/USDT:USDT,0.8319,34043.0,0.8318,65112.0,0.832,41230.0,0.8321,46890.0
1753591901223,04:51:41.223,huobi,ADA/USDT:USDT,0.832617,212.0,0.832606,120.0,0.832654,92.0,0.832696,92.0
1753591901227,04:51:41.227,huobi,ADA/USDT:USDT,0.832617,212.0,0.832606,120.0,0.832696,92.0,0.832697,27.0
1753591901210,04:51:41.210,gateio,ADA/USDT:USDT,0.8316,1067.0,0.8315,3228.0,0.8318,944.0,0.8319,2508.0
1753591901262,04:51:41.262,huobi,ADA/USDT:USDT,0.832617,92.0,0.832606,120.0,0.832696,92.0,0.832697,27.0
1753591901307,04:51:41.307,phemex,ADA/USDT:USDT,0.8319,1795.78,0.8317,1545.57,0.8321,1968.06,0.8322,1837.0
1753591901322,04:51:41.322,bybit,ADA/USDT:USDT,0.8321,126.0,0.832,70192.0,0.8322,22497.0,0.8323,81439.0
1753591901337,04:51:41.337,phemex,ADA/USDT:USDT,0.8319,1795.78,0.8317,1545.57,0.8321,1968.06,0.8322,1837.0
1753591901336,04:51:41.336,binance,ADA/USDT:USDT,0.8319,34043.0,0.8318,65112.0,0.832,41350.0,0.8321,56455.0
1753591901325,04:51:41.325,gateio,ADA/USDT:USDT,0.8316,607.0,0.8315,3155.0,0.8318,1188.0,0.8319,2508.0
1753591901364,04:51:41.364,huobi,ADA/USDT:USDT,0.832617,92.0,0.832606,120.0,0.832695,80.0,0.832696,92.0
1753591901367,04:51:41.367,bitget,ADA/USDT:USDT,0.8321,32246.0,0.832,61525.0,0.8322,41877.0,0.8323,85414.0
1753591901320,04:51:41.320,bitmex,ADA/USDT:USDT,0.8323,64000.0,0.8322,71000.0,0.8326,405000.0,0.8327,8000.0
1753591901379,04:51:41.379,huobi,ADA/USDT:USDT,0.832617,92.0,0.832602,43.0,0.832695,107.0,0.832696,92.0
1753591901423,04:51:41.423,bybit,ADA/USDT:USDT,0.8321,126.0,0.832,65635.0,0.8322,22424.0,0.8323,82839.0
1753591901417,04:51:41.417,phemex,ADA/USDT:USDT,0.8319,1280.85,0.8318,514.93,0.8321,1968.06,0.8322,1837.0
1753591901370,04:51:41.370,bitmex,ADA/USDT:USDT,0.8323,64000.0,0.8322,71000.0,0.8326,405000.0,0.8327,8000.0
1753591901443,04:51:41.443,binance,ADA/USDT:USDT,0.8319,1105.0,0.8318,63692.0,0.832,47022.0,0.8321,85271.0
1753591901430,04:51:41.430,gateio,ADA/USDT:USDT,0.8316,50.0,0.8315,3155.0,0.8317,910.0,0.8318,1188.0
1753591901448,04:51:41.448,huobi,ADA/USDT:USDT,0.832617,92.0,0.832602,43.0,0.832653,27.0,0.832654,92.0
1753591901448,04:51:41.448,huobi,ADA/USDT:USDT,0.832617,92.0,0.832602,43.0,0.832653,107.0,0.832692,48.0
1753591901522,04:51:41.522,bybit,ADA/USDT:USDT,0.8321,126.0,0.832,45616.0,0.8322,25924.0,0.8323,87835.0
1753591901490,04:51:41.490,huobi,ADA/USDT:USDT,0.832617,135.0,0.832602,43.0,0.832618,92.0,0.832653,27.0
1753591901507,04:51:41.507,okx,ADA/USDT:USDT,0.8321,105.4,0.832,501.7,0.8322,285.6,0.8323,320.4
1753591901494,04:51:41.494,huobi,ADA/USDT:USDT,0.832617,135.0,0.832602,43.0,0.832618,92.0,0.832653,27.0
1753591901517,04:51:41.517,bitget,ADA/USDT:USDT,0.8321,13688.0,0.832,33709.0,0.8322,41877.0,0.8323,85414.0
1753591901525,04:51:41.525,huobi,ADA/USDT:USDT,0.832617,135.0,0.832602,43.0,0.832618,92.0,0.832653,27.0
1753591901545,04:51:41.545,binance,ADA/USDT:USDT,0.8319,1097.0,0.8318,63699.0,0.832,56603.0,0.8321,87216.0
1753591898847,04:51:38.847,ascendex,ADA/USDT:USDT,0.8316,120257.0,0.8308,72237.0,0.8322,90101.0,0.8323,90058.0
1753591901523,04:51:41.523,gateio,ADA/USDT:USDT,0.8316,50.0,0.8315,3077.0,0.8317,910.0,0.8318,1188.0
1753591901622,04:51:41.622,bybit,ADA/USDT:USDT,0.8321,126.0,0.832,45623.0,0.8322,27550.0,0.8323,87835.0
1753591855493,04:50:55.493,blofin,ADA/USDT:USDT,0.8311,204.0,0.8308,443.0,0.8313,256.0,0.8314,1397.0
1753591901632,04:51:41.632,huobi,ADA/USDT:USDT,0.832617,135.0,0.832602,43.0,0.832618,172.0,0.832653,27.0
1753591901647,04:51:41.647,binance,ADA/USDT:USDT,0.8319,1077.0,0.8318,63699.0,0.832,58822.0,0.8321,90016.0
1753591901642,04:51:41.642,gateio,ADA/USDT:USDT,0.8316,50.0,0.8315,3077.0,0.8317,910.0,0.8318,1188.0
1753591901667,04:51:41.667,bitget,ADA/USDT:USDT,0.832,45209.0,0.8319,81253.0,0.8321,35051.0,0.8322,55877.0
1753591901723,04:51:41.723,bybit,ADA/USDT:USDT,0.8321,126.0,0.832,45623.0,0.8322,27550.0,0.8323,88856.0
1753591901750,04:51:41.750,binance,ADA/USDT:USDT,0.8319,10284.0,0.8318,67305.0,0.832,53096.0,0.8321,92816.0
1753591901726,04:51:41.726,gateio,ADA/USDT:USDT,0.8316,50.0,0.8315,3102.0,0.8317,910.0,0.8318,1188.0
1753591901823,04:51:41.823,bybit,ADA/USDT:USDT,0.8321,126.0,0.832,48106.0,0.8322,24284.0,0.8323,88856.0
1753591901817,04:51:41.817,bitget,ADA/USDT:USDT,0.832,27859.0,0.8319,68442.0,0.8321,38768.0,0.8322,61030.0
1753591901843,04:51:41.843,gateio,ADA/USDT:USDT,0.8316,205.0,0.8315,3127.0,0.8317,910.0,0.8318,1188.0
1753591898847,04:51:38.847,ascendex,ADA/USDT:USDT,0.8316,120257.0,0.8308,72237.0,0.8322,90101.0,0.8323,90058.0
1753591901870,04:51:41.870,binance,ADA/USDT:USDT,0.8319,21046.0,0.8318,67305.0,0.832,53216.0,0.8321,82646.0
1753591901925,04:51:41.925,bybit,ADA/USDT:USDT,0.8321,126.0,0.832,48106.0,0.8322,24284.0,0.8323,85539.0
1753591901906,04:51:41.906,phemex,ADA/USDT:USDT,0.8319,1795.78,0.8318,514.93,0.8321,1968.06,0.8322,1837.0
1753591901946,04:51:41.946,gateio,ADA/USDT:USDT,0.8316,205.0,0.8315,3127.0,0.8317,910.0,0.8318,1188.0
1753591901973,04:51:41.973,binance,ADA/USDT:USDT,0.8319,21066.0,0.8318,67305.0,0.832,52976.0,0.8321,82646.0
1753591901967,04:51:41.967,bitget,ADA/USDT:USDT,0.832,26104.0,0.8319,68442.0,0.8321,38768.0,0.8322,50274.0
1753591902022,04:51:42.022,bybit,ADA/USDT:USDT,0.8321,126.0,0.832,48106.0,0.8322,24284.0,0.8323,85539.0
1753591902010,04:51:42.010,phemex,ADA/USDT:USDT,0.8319,1795.78,0.8318,514.93,0.8321,1968.06,0.8322,1837.0
1753591902032,04:51:42.032,gateio,ADA/USDT:USDT,0.8316,205.0,0.8315,3127.0,0.8317,910.0,0.8318,1188.0
1753591902080,04:51:42.080,binance,ADA/USDT:USDT,0.8319,10304.0,0.8318,67305.0,0.832,52976.0,0.8321,82886.0
1753591902122,04:51:42.122,bybit,ADA/USDT:USDT,0.8321,126.0,0.832,48106.0,0.8322,24284.0,0.8323,87197.0
1753591902107,04:51:42.107,okx,ADA/USDT:USDT,0.8321,175.4,0.832,521.5,0.8322,177.8,0.8323,225.0
1753591902117,04:51:42.117,bitget,ADA/USDT:USDT,0.832,39792.0,0.8319,72457.0,0.8321,37938.0,0.8322,67068.0
1753591902118,04:51:42.118,gateio,ADA/USDT:USDT,0.8316,205.0,0.8315,2450.0,0.8317,50.0,0.8318,1188.0
1753591902222,04:51:42.222,bybit,ADA/USDT:USDT,0.8321,126.0,0.832,48106.0,0.8322,20784.0,0.8323,87172.0
1753591902193,04:51:42.193,binance,ADA/USDT:USDT,0.8319,23968.0,0.8318,67313.0,0.832,51677.0,0.8321,82886.0
1753591902177,04:51:42.177,gateio,ADA/USDT:USDT,0.8316,205.0,0.8315,2450.0,0.8317,50.0,0.8318,1188.0
1753591902267,04:51:42.267,bitget,ADA/USDT:USDT,0.832,39792.0,0.8319,94354.0,0.8321,26438.0,0.8322,88965.0
1753591902322,04:51:42.322,bybit,ADA/USDT:USDT,0.8321,126.0,0.832,48106.0,0.8322,20784.0,0.8323,88830.0
1753591902293,04:51:42.293,huobi,ADA/USDT:USDT,0.832617,135.0,0.832602,43.0,0.832618,172.0,0.832653,27.0
1753591902320,04:51:42.320,huobi,ADA/USDT:USDT,0.832617,135.0,0.832602,43.0,0.832618,172.0,0.832653,27.0
1753591902331,04:51:42.331,gateio,ADA/USDT:USDT,0.8316,205.0,0.8315,2450.0,0.8317,50.0,0.8318,1188.0
1753591902056,04:51:42.056,phemex,ADA/USDT:USDT,0.8319,1795.78,0.8318,514.93,0.8321,1968.06,0.8322,1837.0
1753591902423,04:51:42.423,bybit,ADA/USDT:USDT,0.8321,126.0,0.832,48106.0,0.8322,20784.0,0.8323,85539.0
1753591902407,04:51:42.407,okx,ADA/USDT:USDT,0.8321,182.2,0.832,514.2,0.8322,178.9,0.8323,225.0
1753591902393,04:51:42.393,huobi,ADA/USDT:USDT,0.832617,135.0,0.832602,43.0,0.832618,172.0,0.832653,27.0
1753591902396,04:51:42.396,huobi,ADA/USDT:USDT,0.832617,135.0,0.832602,43.0,0.832618,172.0,0.832653,27.0
1753591902417,04:51:42.417,bitget,ADA/USDT:USDT,0.832,39792.0,0.8319,94354.0,0.8321,26438.0,0.8322,82927.0
1753591902425,04:51:42.425,huobi,ADA/USDT:USDT,0.832617,135.0,0.832602,43.0,0.832618,172.0,0.832653,27.0
1753591902428,04:51:42.428,gateio,ADA/USDT:USDT,0.8316,665.0,0.8315,2450.0,0.8317,50.0,0.8318,1188.0
1753591902463,04:51:42.463,huobi,ADA/USDT:USDT,0.832617,135.0,0.832602,43.0,0.832618,172.0,0.832653,27.0
1753591902522,04:51:42.522,bybit,ADA/USDT:USDT,0.8321,126.0,0.832,48106.0,0.8322,20784.0,0.8323,85539.0
1753591902496,04:51:42.496,huobi,ADA/USDT:USDT,0.832617,135.0,0.832602,43.0,0.832618,172.0,0.832653,27.0
1753591902504,04:51:42.504,binance,ADA/USDT:USDT,0.8319,31059.0,0.8318,67338.0,0.832,47827.0,0.8321,82886.0
1753591902281,04:51:42.281,mexc,ADA/USDT:USDT,0.8319,820962.0,0.8318,757320.0,0.832,906088.0,0.8321,1157830
1753591902543,04:51:42.543,gateio,ADA/USDT:USDT,0.8316,665.0,0.8315,2450.0,0.8317,50.0,0.8318,1188.0
1753591902568,04:51:42.568,bitget,ADA/USDT:USDT,0.832,39792.0,0.8319,94354.0,0.8321,26438.0,0.8322,82927.0
1753591902622,04:51:42.622,bybit,ADA/USDT:USDT,0.8321,126.0,0.832,48106.0,0.8322,20766.0,0.8323,85539.0
1753591902596,04:51:42.596,huobi,ADA/USDT:USDT,0.832617,135.0,0.832602,43.0,0.832618,80.0,0.832653,27.0
1753591902605,04:51:42.605,huobi,ADA/USDT:USDT,0.832617,135.0,0.832602,43.0,0.832653,27.0,0.832692,48.0
1753591902618,04:51:42.618,binance,ADA/USDT:USDT,0.8319,39628.0,0.8318,67772.0,0.832,47513.0,0.8321,83060.0
1753591902616,04:51:42.616,gateio,ADA/USDT:USDT,0.8316,665.0,0.8315,2450.0,0.8317,50.0,0.8318,1188.0
1753591902670,04:51:42.670,huobi,ADA/USDT:USDT,0.832617,135.0,0.832602,43.0,0.832653,119.0,0.832692,48.0
1753591902605,04:51:42.605,mexc,ADA/USDT:USDT,0.8319,820962.0,0.8318,757320.0,0.832,906088.0,0.8321,1157830
1753591902722,04:51:42.722,bybit,ADA/USDT:USDT,0.8321,9096.0,0.832,49506.0,0.8322,20284.0,0.8323,81655.0
1753591902659,04:51:42.659,bitmex,ADA/USDT:USDT,0.8323,64000.0,0.8322,71000.0,0.8326,405000.0,0.8327,8000.0
1753591902718,04:51:42.718,bitget,ADA/USDT:USDT,0.832,63292.0,0.8319,94354.0,0.8321,26438.0,0.8322,77069.0
1753591902722,04:51:42.722,huobi,ADA/USDT:USDT,0.832617,135.0,0.832602,43.0,0.832653,27.0,0.832692,48.0
1753591902738,04:51:42.738,binance,ADA/USDT:USDT,0.8319,42880.0,0.8318,67772.0,0.832,29811.0,0.8321,47715.0
1753591902738,04:51:42.738,gateio,ADA/USDT:USDT,0.8317,89.0,0.8316,1888.0,0.8318,1188.0,0.8319,2483.0
1753591902751,04:51:42.751,huobi,ADA/USDT:USDT,0.832617,135.0,0.832602,43.0,0.832653,27.0,0.832692,48.0
1753591902708,04:51:42.708,bitmex,ADA/USDT:USDT,0.8323,64000.0,0.8322,71000.0,0.8326,405000.0,0.8327,8000.0
1753591902777,04:51:42.777,huobi,ADA/USDT:USDT,0.832617,255.0,0.832602,43.0,0.832653,27.0,0.832692,48.0
1753591902823,04:51:42.823,bybit,ADA/USDT:USDT,0.8321,10729.0,0.832,72255.0,0.8322,11308.0,0.8323,80255.0
1753591902785,04:51:42.785,huobi,ADA/USDT:USDT,0.832617,135.0,0.832602,43.0,0.832653,27.0,0.832692,48.0
1753591902840,04:51:42.840,binance,ADA/USDT:USDT,0.8319,43309.0,0.8318,67772.0,0.832,17773.0,0.8321,47121.0
1753591902814,04:51:42.814,gateio,ADA/USDT:USDT,0.8317,259.0,0.8316,1888.0,0.8318,1188.0,0.8319,2410.0
1753591902868,04:51:42.868,bitget,ADA/USDT:USDT,0.832,63292.0,0.8319,94354.0,0.8322,60273.0,0.8323,68147.0
1753591902830,04:51:42.830,bitmex,ADA/USDT:USDT,0.8325,27000.0,0.8323,64000.0,0.8326,405000.0,0.8327,8000.0
1753591902923,04:51:42.923,bybit,ADA/USDT:USDT,0.8321,10729.0,0.832,72255.0,0.8322,11308.0,0.8323,80255.0
1753591902889,04:51:42.889,mexc,ADA/USDT:USDT,0.8319,820962.0,0.8318,757320.0,0.832,906088.0,0.8321,979250
1753591902879,04:51:42.879,bitmex,ADA/USDT:USDT,0.8325,27000.0,0.8324,91000.0,0.8326,405000.0,0.8327,8000.0
1753591902949,04:51:42.949,gateio,ADA/USDT:USDT,0.8317,259.0,0.8316,1888.0,0.8318,1188.0,0.8319,2410.0
1753591902953,04:51:42.953,huobi,ADA/USDT:USDT,0.832618,212.0,0.832617,43.0,0.832693,92.0,0.832695,27.0
1753591902965,04:51:42.965,binance,ADA/USDT:USDT,0.8319,42880.0,0.8318,67772.0,0.832,25567.0,0.8321,47121.0
1753591902963,04:51:42.963,huobi,ADA/USDT:USDT,0.832618,212.0,0.832617,43.0,0.832693,92.0,0.832695,27.0
1753591902928,04:51:42.928,bitmex,ADA/USDT:USDT,0.8325,27000.0,0.8324,91000.0,0.8326,405000.0,0.8327,8000.0
1753591903022,04:51:43.022,bybit,ADA/USDT:USDT,0.8321,9096.0,0.832,56851.0,0.8322,15030.0,0.8323,83546.0
1753591903003,04:51:43.003,huobi,ADA/USDT:USDT,0.832618,92.0,0.832617,43.0,0.832693,92.0,0.832695,27.0
1753591903018,04:51:43.018,bitget,ADA/USDT:USDT,0.8321,17794.0,0.832,64832.0,0.8322,61022.0,0.8323,84943.0
1753591903036,04:51:43.036,huobi,ADA/USDT:USDT,0.832618,92.0,0.832617,43.0,0.832692,80.0,0.832693,92.0
1753591903036,04:51:43.036,gateio,ADA/USDT:USDT,0.8316,676.0,0.8315,2876.0,0.8318,1238.0,0.8319,2483.0
1753591903068,04:51:43.068,binance,ADA/USDT:USDT,0.8319,31034.0,0.8318,67313.0,0.832,39791.0,0.8321,46748.0
1753591903122,04:51:43.122,bybit,ADA/USDT:USDT,0.8321,9096.0,0.832,54368.0,0.8322,15030.0,0.8323,87430.0
1753591902890,04:51:42.890,mexc,ADA/USDT:USDT,0.8319,820962.0,0.8318,757320.0,0.832,906088.0,0.8321,1250022
1753591903043,04:51:43.043,bitmex,ADA/USDT:USDT,0.8325,27000.0,0.8324,83000.0,0.8326,405000.0,0.8327,8000.0
1753591903107,04:51:43.107,okx,ADA/USDT:USDT,0.8321,221.4,0.832,514.2,0.8322,57.0,0.8323,225.0
1753591903110,04:51:43.110,huobi,ADA/USDT:USDT,0.832618,92.0,0.832617,43.0,0.832651,92.0,0.832693,92.0
1753591903093,04:51:43.093,bitmex,ADA/USDT:USDT,0.8324,56000.0,0.8323,91000.0,0.8325,27000.0,0.8326,405000.0
1753591903147,04:51:43.147,gateio,ADA/USDT:USDT,0.8316,676.0,0.8315,3253.0,0.8318,1188.0,0.8319,2483.0
1753591903168,04:51:43.168,bitget,ADA/USDT:USDT,0.8321,18031.0,0.832,69136.0,0.8322,50086.0,0.8323,85974.0
1753591903182,04:51:43.182,binance,ADA/USDT:USDT,0.8319,37189.0,0.8318,67338.0,0.832,39965.0,0.8321,46762.0
1753591903222,04:51:43.222,bybit,ADA/USDT:USDT,0.8321,9096.0,0.832,56851.0,0.8322,15030.0,0.8323,85797.0
1753591903187,04:51:43.187,huobi,ADA/USDT:USDT,0.832618,92.0,0.832617,43.0,0.832693,92.0,0.832695,27.0
1753591903217,04:51:43.217,huobi,ADA/USDT:USDT,0.832618,212.0,0.832617,43.0,0.832693,92.0,0.832695,27.0
1753591903173,04:51:43.173,bitmex,ADA/USDT:USDT,0.8324,56000.0,0.8323,91000.0,0.8326,405000.0,0.8327,8000.0
1753591903243,04:51:43.243,huobi,ADA/USDT:USDT,0.832619,212.0,0.832618,92.0,0.832693,92.0,0.832695,27.0
1753591903219,04:51:43.219,gateio,ADA/USDT:USDT,0.8316,858.0,0.8315,3253.0,0.8318,1188.0,0.8319,2483.0
1753591903222,04:51:43.222,bitmex,ADA/USDT:USDT,0.8324,56000.0,0.8323,91000.0,0.8326,405000.0,0.8327,8000.0
1753591903284,04:51:43.284,binance,ADA/USDT:USDT,0.8319,37188.0,0.8318,67949.0,0.832,31996.0,0.8321,46936.0
1753591903322,04:51:43.322,bybit,ADA/USDT:USDT,0.8321,9096.0,0.832,58484.0,0.8322,15030.0,0.8323,80255.0
1753591903292,04:51:43.292,mexc,ADA/USDT:USDT,0.8319,820962.0,0.8318,757320.0,0.832,906088.0,0.8321,1250022
1753591903271,04:51:43.271,bitmex,ADA/USDT:USDT,0.8324,56000.0,0.8323,91000.0,0.8326,405000.0,0.8327,8000.0
1753591903318,04:51:43.318,bitget,ADA/USDT:USDT,0.8321,18031.0,0.832,69136.0,0.8322,50086.0,0.8323,85974.0
1753591903345,04:51:43.345,gateio,ADA/USDT:USDT,0.8316,1343.0,0.8315,3253.0,0.8318,1188.0,0.8319,2483.0
1753591903388,04:51:43.388,binance,ADA/USDT:USDT,0.8319,44058.0,0.8318,67775.0,0.832,6830.0,0.8321,47176.0
1753591903422,04:51:43.422,bybit,ADA/USDT:USDT,0.8321,10787.0,0.832,62717.0,0.8322,6596.0,0.8323,74538.0
1753591903425,04:51:43.425,huobi,ADA/USDT:USDT,0.832619,212.0,0.832617,43.0,0.832693,92.0,0.832695,27.0
1753591903448,04:51:43.448,gateio,ADA/USDT:USDT,0.8317,155.0,0.8316,2095.0,0.8318,1188.0,0.8319,2385.0
1753591903468,04:51:43.468,bitget,ADA/USDT:USDT,0.8321,19630.0,0.832,69136.0,0.8322,50086.0,0.8323,84943.0
1753591903522,04:51:43.522,bybit,ADA/USDT:USDT,0.8321,10787.0,0.832,62717.0,0.8322,6596.0,0.8323,74538.0
1753591903490,04:51:43.490,binance,ADA/USDT:USDT,0.8319,40759.0,0.8318,68592.0,0.832,6576.0,0.8321,46936.0
1753591903495,04:51:43.495,huobi,ADA/USDT:USDT,0.832619,212.0,0.832617,43.0,0.832695,27.0,0.832697,27.0
1753591903483,04:51:43.483,mexc,ADA/USDT:USDT,0.8319,820962.0,0.8318,1123703,0.832,906088.0,0.8321,1056354
1753591903510,04:51:43.510,huobi,ADA/USDT:USDT,0.832619,212.0,0.832617,43.0,0.832812,48.0,0.832813,96.0
1753591903534,04:51:43.534,huobi,ADA/USDT:USDT,0.832619,212.0,0.832617,43.0,0.832771,92.0,0.832803,48.0
1753591903538,04:51:43.538,gateio,ADA/USDT:USDT,0.8317,155.0,0.8316,2095.0,0.8318,328.0,0.8319,2410.0
1753591903622,04:51:43.622,bybit,ADA/USDT:USDT,0.8321,10787.0,0.832,91280.0,0.8322,165.0,0.8323,70472.0
1753591903598,04:51:43.598,binance,ADA/USDT:USDT,0.8319,50069.0,0.8318,68592.0,0.832,2994.0,0.8321,29376.0
1753591903612,04:51:43.612,huobi,ADA/USDT:USDT,0.832619,212.0,0.832617,43.0,0.832771,92.0,0.832794,120.0
1753591903618,04:51:43.618,bitget,ADA/USDT:USDT,0.8321,19630.0,0.832,69136.0,0.8322,50086.0,0.8323,68147.0
1753591903628,04:51:43.628,huobi,ADA/USDT:USDT,0.83262,300.0,0.832619,120.0,0.832812,27.0,0.832813,96.0
1753591903641,04:51:43.641,gateio,ADA/USDT:USDT,0.8317,255.0,0.8316,2120.0,0.8318,34.0,0.8319,451.0
1753591903658,04:51:43.658,huobi,ADA/USDT:USDT,0.83262,300.0,0.832617,43.0,0.832812,119.0,0.832852,195.0
1753591903424,04:51:43.424,phemex,ADA/USDT:USDT,0.832,514.93,0.8319,1795.78,0.8321,1968.06,0.8322,1837.0
1753591903431,04:51:43.431,phemex,ADA/USDT:USDT,0.832,514.93,0.8319,1795.78,0.8321,1968.06,0.8322,1837.0
1753591903457,04:51:43.457,phemex,ADA/USDT:USDT,0.832,514.93,0.8319,1795.78,0.8321,1968.06,0.8322,2851.49
1753591903506,04:51:43.506,phemex,ADA/USDT:USDT,0.832,514.93,0.8319,1795.78,0.8321,1968.06,0.8322,2851.49
1753591903510,04:51:43.510,phemex,ADA/USDT:USDT,0.832,514.93,0.8319,1795.78,0.8321,1968.06,0.8322,2851.49
1753591903644,04:51:43.644,phemex,ADA/USDT:USDT,0.832,514.93,0.8319,1795.78,0.8321,1439.01,0.8322,2851.49
1753591903656,04:51:43.656,phemex,ADA/USDT:USDT,0.832,514.93,0.8319,1795.78,0.8321,1439.01,0.8322,2851.49
1753591903686,04:51:43.686,phemex,ADA/USDT:USDT,0.832,514.93,0.8319,1795.78,0.8322,537.53,0.8323,627.72
1753591903696,04:51:43.696,phemex,ADA/USDT:USDT,0.832,514.93,0.8319,1795.78,0.8322,537.53,0.8323,529.05
1753591903683,04:51:43.683,huobi,ADA/USDT:USDT,0.832629,120.0,0.83262,392.0,0.832896,95.0,0.83298,96.0
1753591903723,04:51:43.723,bybit,ADA/USDT:USDT,0.8322,40963.0,0.8321,109619.0,0.8323,178.0,0.8324,4858.0
1753591903707,04:51:43.707,okx,ADA/USDT:USDT,0.8322,905.8,0.8321,461.2,0.8323,0.9,0.8324,9.5
1753591903718,04:51:43.718,phemex,ADA/USDT:USDT,0.832,514.93,0.8319,1795.78,0.8322,537.53,0.8323,529.05
1753591903699,04:51:43.699,binance,ADA/USDT:USDT,0.8321,50177.0,0.832,74221.0,0.8322,31662.0,0.8323,42845.0
1753591903714,04:51:43.714,huobi,ADA/USDT:USDT,0.832639,120.0,0.83263,392.0,0.832894,80.0,0.832895,27.0
1753591903673,04:51:43.673,bitmex,ADA/USDT:USDT,0.8325,27000.0,0.8324,56000.0,0.8326,405000.0,0.8327,8000.0
1753591903747,04:51:43.747,huobi,ADA/USDT:USDT,0.83265,300.0,0.832649,120.0,0.832853,92.0,0.832895,27.0
1753591903741,04:51:43.741,gateio,ADA/USDT:USDT,0.8317,656.0,0.8316,2271.0,0.8318,34.0,0.8319,51.0
1753591903768,04:51:43.768,bitget,ADA/USDT:USDT,0.8322,20943.0,0.8321,85494.0,0.8324,46859.0,0.8325,54002.0
1753591903722,04:51:43.722,bitmex,ADA/USDT:USDT,0.8325,35000.0,0.8324,64000.0,0.8326,405000.0,0.8328,49000.0
1753591903776,04:51:43.776,huobi,ADA/USDT:USDT,0.832659,120.0,0.83265,300.0,0.832853,92.0,0.832895,27.0
1753591903823,04:51:43.823,bybit,ADA/USDT:USDT,0.8322,40951.0,0.8321,109629.0,0.8323,178.0,0.8324,7767.0
1753591903794,04:51:43.794,mexc,ADA/USDT:USDT,0.8321,791776,0.832,852289,0.8322,937379,0.8323,743153
1753591903802,04:51:43.802,binance,ADA/USDT:USDT,0.8321,47109.0,0.832,74240.0,0.8322,39256.0,0.8323,47303.0
1753591903809,04:51:43.809,huobi,ADA/USDT:USDT,0.832669,120.0,0.83266,300.0,0.832853,92.0,0.832895,27.0
1753591903771,04:51:43.771,bitmex,ADA/USDT:USDT,0.8326,56000.0,0.8325,91000.0,0.8327,27000.0,0.8328,49000.0
1753591903836,04:51:43.836,huobi,ADA/USDT:USDT,0.83267,836.0,0.832669,212.0,0.832853,92.0,0.832895,27.0
1753591903844,04:51:43.844,gateio,ADA/USDT:USDT,0.8317,656.0,0.8316,3123.0,0.8318,34.0,0.8319,51.0
1753591903820,04:51:43.820,bitmex,ADA/USDT:USDT,0.8326,56000.0,0.8325,91000.0,0.8327,27000.0,0.8328,49000.0
1753591903864,04:51:43.864,huobi,ADA/USDT:USDT,0.832679,120.0,0.83267,1136.0,0.832853,92.0,0.832895,27.0
1753591903922,04:51:43.922,bybit,ADA/USDT:USDT,0.8322,39330.0,0.8321,109629.0,0.8323,178.0,0.8324,13767.0
1753591903907,04:51:43.907,okx,ADA/USDT:USDT,0.8322,905.9,0.8321,461.0,0.8323,1.1,0.8324,90.2
1753591903894,04:51:43.894,huobi,ADA/USDT:USDT,0.832689,120.0,0.83268,392.0,0.832853,92.0,0.832895,27.0
1753591903906,04:51:43.906,binance,ADA/USDT:USDT,0.8321,29532.0,0.832,70562.0,0.8322,50552.0,0.8323,82706.0
1753591903869,04:51:43.869,bitmex,ADA/USDT:USDT,0.8326,56000.0,0.8325,91000.0,0.8327,431000.0,0.833,9000.0
1753591903918,04:51:43.918,bitget,ADA/USDT:USDT,0.8323,3604.0,0.8322,53411.0,0.8324,30062.0,0.8325,97180.0
1753591903942,04:51:43.942,huobi,ADA/USDT:USDT,0.83269,300.0,0.832689,212.0,0.832853,92.0,0.832895,27.0
1753591903913,04:51:43.913,gateio,ADA/USDT:USDT,0.8317,656.0,0.8316,3123.0,0.8318,34.0,0.8319,51.0
1753591903955,04:51:43.955,huobi,ADA/USDT:USDT,0.83269,300.0,0.832689,120.0,0.832853,92.0,0.832895,27.0
1753591904022,04:51:44.022,bybit,ADA/USDT:USDT,0.8322,39330.0,0.8321,113234.0,0.8323,178.0,0.8324,13767.0
1753591904009,04:51:44.009,binance,ADA/USDT:USDT,0.8321,29532.0,0.832,70562.0,0.8322,50792.0,0.8323,83929.0
1753591903946,04:51:43.946,mexc,ADA/USDT:USDT,0.8321,791776,0.832,1326574,0.8322,937081,0.8323,743153
1753591904044,04:51:44.044,huobi,ADA/USDT:USDT,0.832699,212.0,0.83269,300.0,0.832852,80.0,0.832853,92.0
1753591904035,04:51:44.035,gateio,ADA/USDT:USDT,0.8317,606.0,0.8316,3098.0,0.8318,34.0,0.8319,51.0
1753591898847,04:51:38.847,ascendex,ADA/USDT:USDT,0.8316,120257.0,0.8308,72237.0,0.8322,90101.0,0.8323,90058.0
1753591904068,04:51:44.068,bitget,ADA/USDT:USDT,0.8323,2480.0,0.8322,53411.0,0.8324,43503.0,0.8325,87147.0
1753591904081,04:51:44.081,huobi,ADA/USDT:USDT,0.832699,212.0,0.83269,300.0,0.832801,92.0,0.83281,80.0
1753591904122,04:51:44.122,bybit,ADA/USDT:USDT,0.8322,39330.0,0.8321,109943.0,0.8323,1465.0,0.8324,36918.0
1753591904112,04:51:44.112,binance,ADA/USDT:USDT,0.8321,20610.0,0.832,67226.0,0.8322,55841.0,0.8323,83129.0
1753591904146,04:51:44.146,gateio,ADA/USDT:USDT,0.8317,605.0,0.8316,3098.0,0.8318,34.0,0.8319,51.0
1753591904222,04:51:44.222,bybit,ADA/USDT:USDT,0.8322,34585.0,0.8321,109943.0,0.8323,2977.0,0.8324,36918.0
1753591904217,04:51:44.217,binance,ADA/USDT:USDT,0.8321,20645.0,0.832,67226.0,0.8322,56201.0,0.8323,83369.0
1753591904219,04:51:44.219,bitget,ADA/USDT:USDT,0.8323,2480.0,0.8322,53411.0,0.8324,57191.0,0.8325,98128.0
1753591904241,04:51:44.241,gateio,ADA/USDT:USDT,0.8317,605.0,0.8316,3098.0,0.8318,34.0,0.8319,51.0
1753591904251,04:51:44.251,mexc,ADA/USDT:USDT,0.8321,791776,0.832,1326574,0.8322,937081,0.8323,743153
1753591904223,04:51:44.223,bitmex,ADA/USDT:USDT,0.8326,56000.0,0.8325,83000.0,0.8327,431000.0,0.833,9000.0
1753591904322,04:51:44.322,bybit,ADA/USDT:USDT,0.8322,34585.0,0.8321,109943.0,0.8323,2977.0,0.8324,36918.0
1753591904291,04:51:44.291,huobi,ADA/USDT:USDT,0.832699,212.0,0.83269,300.0,0.832801,92.0,0.832851,27.0
1753591904318,04:51:44.318,binance,ADA/USDT:USDT,0.8321,21571.0,0.832,67226.0,0.8322,53237.0,0.8323,83369.0
1753591904314,04:51:44.314,gateio,ADA/USDT:USDT,0.8317,605.0,0.8316,3123.0,0.8318,34.0,0.8319,51.0
1753591898847,04:51:38.847,ascendex,ADA/USDT:USDT,0.8316,120257.0,0.8308,72237.0,0.8322,90101.0,0.8323,90058.0
1753591904369,04:51:44.369,bitget,ADA/USDT:USDT,0.8323,2480.0,0.8322,64392.0,0.8324,57191.0,0.8325,98128.0
1753591904376,04:51:44.376,huobi,ADA/USDT:USDT,0.832699,212.0,0.83269,300.0,0.832801,92.0,0.832851,27.0
1753591904423,04:51:44.423,bybit,ADA/USDT:USDT,0.8322,34709.0,0.8321,111438.0,0.8323,2977.0,0.8324,34435.0
1753591904425,04:51:44.425,binance,ADA/USDT:USDT,0.8321,21571.0,0.832,70831.0,0.8322,56209.0,0.8323,84832.0
1753591904449,04:51:44.449,gateio,ADA/USDT:USDT,0.8317,605.0,0.8316,3123.0,0.8318,34.0,0.8319,51.0
1753591904392,04:51:44.392,mexc,ADA/USDT:USDT,0.8321,791776,0.832,1050658,0.8322,937081,0.8323,1016277
1753591904412,04:51:44.412,bitmex,ADA/USDT:USDT,0.8326,56000.0,0.8325,83000.0,0.8327,431000.0,0.833,9000.0
1753591904522,04:51:44.522,bybit,ADA/USDT:USDT,0.8322,34725.0,0.8321,109817.0,0.8323,2977.0,0.8324,34435.0
1753591904519,04:51:44.519,bitget,ADA/USDT:USDT,0.8323,2480.0,0.8322,64392.0,0.8324,57191.0,0.8325,98128.0
1753591904544,04:51:44.544,binance,ADA/USDT:USDT,0.8321,21602.0,0.832,70831.0,0.8322,57646.0,0.8323,86373.0
1753591904548,04:51:44.548,gateio,ADA/USDT:USDT,0.8317,605.0,0.8316,3098.0,0.8318,34.0,0.8319,51.0
1753591904622,04:51:44.622,bybit,ADA/USDT:USDT,0.8322,31813.0,0.8321,107334.0,0.8323,9656.0,0.8324,61089.0
1753591904607,04:51:44.607,okx,ADA/USDT:USDT,0.8322,884.2,0.8321,459.8,0.8323,24.7,0.8324,150.2
1753591904588,04:51:44.588,bitmex,ADA/USDT:USDT,0.8326,56000.0,0.8325,83000.0,0.8327,431000.0,0.833,9000.0
1753591904646,04:51:44.646,binance,ADA/USDT:USDT,0.8321,21020.0,0.832,70838.0,0.8322,58050.0,0.8323,89763.0
1753591904614,04:51:44.614,gateio,ADA/USDT:USDT,0.8317,605.0,0.8316,3098.0,0.8318,34.0,0.8319,51.0
1753591898847,04:51:38.847,ascendex,ADA/USDT:USDT,0.8316,120257.0,0.8308,72237.0,0.8322,90101.0,0.8323,90058.0
1753591904669,04:51:44.669,bitget,ADA/USDT:USDT,0.8323,1640.0,0.8322,64392.0,0.8324,57191.0,0.8325,98128.0
1753591904638,04:51:44.638,bitmex,ADA/USDT:USDT,0.8326,56000.0,0.8325,83000.0,0.8327,431000.0,0.833,9000.0
1753591904723,04:51:44.723,bybit,ADA/USDT:USDT,0.8322,33434.0,0.8321,112459.0,0.8323,2003.0,0.8324,58606.0
1753591904431,04:51:44.431,phemex,ADA/USDT:USDT,0.832,514.93,0.8319,1795.78,0.8322,534.77,0.8323,529.05
1753591904567,04:51:44.567,phemex,ADA/USDT:USDT,0.832,514.93,0.8319,1795.78,0.8322,534.77,0.8323,529.05
1753591904684,04:51:44.684,phemex,ADA/USDT:USDT,0.832,514.93,0.8319,1795.78,0.8322,534.77,0.8323,529.05
1753591904760,04:51:44.760,phemex,ADA/USDT:USDT,0.832,514.93,0.8319,1795.78,0.8322,534.77,0.8323,529.05
1753591904741,04:51:44.741,huobi,ADA/USDT:USDT,0.832699,212.0,0.83269,300.0,0.832801,92.0,0.832851,27.0
1753591904738,04:51:44.738,gateio,ADA/USDT:USDT,0.8317,1087.0,0.8316,3123.0,0.8318,34.0,0.8319,1.0
1753591904787,04:51:44.787,phemex,ADA/USDT:USDT,0.832,514.93,0.8319,1795.78,0.8322,534.77,0.8323,529.05
1753591904764,04:51:44.764,huobi,ADA/USDT:USDT,0.8327,392.0,0.832699,92.0,0.832801,92.0,0.832851,27.0
1753591904779,04:51:44.779,binance,ADA/USDT:USDT,0.8321,21020.0,0.832,70852.0,0.8322,59785.0,0.8323,103699.0
1753591904790,04:51:44.790,phemex,ADA/USDT:USDT,0.832,514.93,0.8319,1795.78,0.8322,534.77,0.8323,529.05
1753591904822,04:51:44.822,bybit,ADA/USDT:USDT,0.8322,32420.0,0.8321,110838.0,0.8323,9343.0,0.8324,61206.0
1753591904585,04:51:44.585,mexc,ADA/USDT:USDT,0.8321,791776,0.832,1050658,0.8322,937081,0.8323,1016277
1753591904807,04:51:44.807,huobi,ADA/USDT:USDT,0.83271,392.0,0.832709,212.0,0.832801,92.0,0.832851,27.0
1753591904819,04:51:44.819,bitget,ADA/USDT:USDT,0.8323,1640.0,0.8322,64392.0,0.8324,57191.0,0.8325,98128.0
1753591904823,04:51:44.823,huobi,ADA/USDT:USDT,0.832719,212.0,0.83271,300.0,0.832801,92.0,0.832851,27.0
1753591904778,04:51:44.778,bitmex,ADA/USDT:USDT,0.8326,56000.0,0.8325,83000.0,0.8327,431000.0,0.833,9000.0
1753591904783,04:51:44.783,gateio,ADA/USDT:USDT,0.8317,1087.0,0.8316,3123.0,0.8318,34.0,0.8319,1.0
1753591904827,04:51:44.827,bitmex,ADA/USDT:USDT,0.8326,56000.0,0.8325,83000.0,0.8327,431000.0,0.833,9000.0
1753591904883,04:51:44.883,binance,ADA/USDT:USDT,0.8321,21020.0,0.832,70852.0,0.8322,59785.0,0.8323,107305.0
1753591904922,04:51:44.922,bybit,ADA/USDT:USDT,0.8322,32420.0,0.8321,110838.0,0.8323,9343.0,0.8324,61206.0
1753591904912,04:51:44.912,gateio,ADA/USDT:USDT,0.8317,1087.0,0.8316,3123.0,0.8318,34.0,0.8319,1.0
1753591904969,04:51:44.969,bitget,ADA/USDT:USDT,0.8323,2480.0,0.8322,64392.0,0.8324,57191.0,0.8325,98008.0
1753591898847,04:51:38.847,ascendex,ADA/USDT:USDT,0.8316,120257.0,0.8308,72237.0,0.8322,90101.0,0.8323,90058.0
1753591905022,04:51:45.022,bybit,ADA/USDT:USDT,0.8322,34041.0,0.8321,112459.0,0.8323,9343.0,0.8324,61206.0
1753591904892,04:51:44.892,mexc,ADA/USDT:USDT,0.8321,791776,0.832,1083918,0.8322,937081,0.8323,743153
1753591905016,04:51:45.016,binance,ADA/USDT:USDT,0.8321,21020.0,0.832,70852.0,0.8322,60703.0,0.8323,107305.0
1753591905015,04:51:45.015,gateio,ADA/USDT:USDT,0.8317,1087.0,0.8316,3123.0,0.8318,34.0,0.8319,1.0
1753591905122,04:51:45.122,bybit,ADA/USDT:USDT,0.8322,32420.0,0.8321,112459.0,0.8323,7955.0,0.8324,61206.0
1753591905044,04:51:45.044,bitmex,ADA/USDT:USDT,0.8326,56000.0,0.8325,83000.0,0.8327,404000.0,0.833,9000.0
1753591905101,04:51:45.101,huobi,ADA/USDT:USDT,0.832719,212.0,0.83271,300.0,0.832801,92.0,0.832851,27.0
1753591905123,04:51:45.123,phemex,ADA/USDT:USDT,0.832,514.93,0.8319,1795.78,0.8322,534.77,0.8323,529.05
1753591905118,04:51:45.118,binance,ADA/USDT:USDT,0.8321,1051.0,0.832,60406.0,0.8322,64983.0,0.8323,107305.0
1753591905119,04:51:45.119,bitget,ADA/USDT:USDT,0.8323,2480.0,0.8322,64392.0,0.8324,57191.0,0.8325,98008.0
1753591905139,04:51:45.139,phemex,ADA/USDT:USDT,0.832,514.93,0.8319,1795.78,0.8322,534.77,0.8323,529.05
1753591905124,04:51:45.124,huobi,ADA/USDT:USDT,0.832719,212.0,0.83271,300.0,0.832772,80.0,0.832773,92.0
1753591905145,04:51:45.145,gateio,ADA/USDT:USDT,0.8317,605.0,0.8316,3025.0,0.8318,34.0,0.8319,461.0
1753591905182,04:51:45.182,huobi,ADA/USDT:USDT,0.832719,212.0,0.83271,300.0,0.832765,80.0,0.832766,92.0
1753591905222,04:51:45.222,bybit,ADA/USDT:USDT,0.8322,9717.0,0.8321,106836.0,0.8323,26298.0,0.8324,68658.0
1753591905206,04:51:45.206,huobi,ADA/USDT:USDT,0.832719,212.0,0.83271,300.0,0.832765,80.0,0.832799,48.0
1753591905219,04:51:45.219,binance,ADA/USDT:USDT,0.8321,1016.0,0.832,59561.0,0.8322,86164.0,0.8323,132432.0
1753591905217,04:51:45.217,huobi,ADA/USDT:USDT,0.832719,92.0,0.83271,300.0,0.832765,172.0,0.832799,48.0
1753591905176,04:51:45.176,bitmex,ADA/USDT:USDT,0.8326,27000.0,0.8325,83000.0,0.8327,404000.0,0.833,9000.0
1753591905247,04:51:45.247,gateio,ADA/USDT:USDT,0.8317,450.0,0.8316,2922.0,0.8318,34.0,0.8319,461.0
1753591905274,04:51:45.274,phemex,ADA/USDT:USDT,0.832,514.93,0.8319,1795.78,0.8322,534.77,0.8323,529.05
1753591905269,04:51:45.269,bitget,ADA/USDT:USDT,0.8322,28527.0,0.8321,77631.0,0.8324,57191.0,0.8325,97408.0
1753591905225,04:51:45.225,bitmex,ADA/USDT:USDT,0.8325,56000.0,0.8324,91000.0,0.8327,404000.0,0.833,9000.0
1753591905134,04:51:45.134,mexc,ADA/USDT:USDT,0.8321,791776,0.832,1083918,0.8322,937081,0.8323,743153
1753591905323,04:51:45.323,bybit,ADA/USDT:USDT,0.8322,9717.0,0.8321,106836.0,0.8323,26298.0,0.8324,68658.0
1753591905313,04:51:45.313,huobi,ADA/USDT:USDT,0.832719,92.0,0.832712,120.0,0.832765,172.0,0.832799,48.0
1753591905321,04:51:45.321,binance,ADA/USDT:USDT,0.832,57685.0,0.8319,64088.0,0.8321,71281.0,0.8322,112856.0
1753591905274,04:51:45.274,bitmex,ADA/USDT:USDT,0.8325,56000.0,0.8324,91000.0,0.8327,404000.0,0.833,9000.0
1753591905350,04:51:45.350,phemex,ADA/USDT:USDT,0.832,514.93,0.8319,1795.78,0.8322,534.77,0.8323,529.05
1753591905337,04:51:45.337,huobi,ADA/USDT:USDT,0.832728,92.0,0.83267,836.0,0.832755,80.0,0.832756,92.0
1753591905331,04:51:45.331,gateio,ADA/USDT:USDT,0.8317,450.0,0.8316,3000.0,0.8318,34.0,0.8319,461.0
1753591905380,04:51:45.380,huobi,ADA/USDT:USDT,0.832728,92.0,0.832679,120.0,0.832731,92.0,0.832755,27.0
1753591905423,04:51:45.423,bybit,ADA/USDT:USDT,0.8322,9717.0,0.8321,103231.0,0.8323,33024.0,0.8324,70279.0
1753591905402,04:51:45.402,huobi,ADA/USDT:USDT,0.83273,135.0,0.832728,92.0,0.832731,92.0,0.832755,27.0
1753591905419,04:51:45.419,bitget,ADA/USDT:USDT,0.8322,3229.0,0.8321,73305.0,0.8323,49851.0,0.8324,65489.0
1753591905423,04:51:45.423,binance,ADA/USDT:USDT,0.832,54080.0,0.8319,67720.0,0.8321,64801.0,0.8322,105271.0
1753591905441,04:51:45.441,huobi,ADA/USDT:USDT,0.83273,135.0,0.832679,120.0,0.832731,92.0,0.832755,27.0
1753591905394,04:51:45.394,gateio,ADA/USDT:USDT,0.8317,450.0,0.8316,2947.0,0.8318,34.0,0.8319,461.0
1753591905457,04:51:45.457,huobi,ADA/USDT:USDT,0.83273,135.0,0.832679,120.0,0.832731,92.0,0.832755,27.0
1753591905471,04:51:45.471,mexc,ADA/USDT:USDT,0.832,852289,0.8319,820962,0.8321,953692,0.8322,931071
1753591905522,04:51:45.522,bybit,ADA/USDT:USDT,0.8322,9717.0,0.8321,100631.0,0.8323,33024.0,0.8324,67796.0
