timestamp,time,exchange,symbol,bid1_price,bid1_volume,bid2_price,bid2_volume,ask1_price,ask1_volume,ask2_price,ask2_volume
1753591881289,04:51:21.289,bitget,ACE/USDT:USDT,0.5849,109.22,0.5848,508.65,0.585,86.41,0.5851,338.92
1753591882941,04:51:22.941,bitget,ACE/USDT:USDT,0.5849,109.22,0.5848,508.65,0.585,86.41,0.5851,338.92
1753591883541,04:51:23.541,bitget,ACE/USDT:USDT,0.5849,109.22,0.5848,508.65,0.585,86.41,0.5851,338.92
1753591853168,04:50:53.168,blofin,ACE/USDT:USDT,0.5842,90.0,0.584,336.0,0.5845,17.0,0.5849,88.0
1753591884291,04:51:24.291,bitget,ACE/USDT:USDT,0.5849,109.22,0.5848,508.65,0.585,86.41,0.5851,338.92
1753591884302,04:51:24.302,binance,ACE/USDT:USDT,0.5848,390.66,0.5847,265.01,0.5851,31.89,0.5852,433.97
1753591885195,04:51:25.195,bybit,ACE/USDT:USDT,0.5853,38.4,0.5852,18.2,0.5854,350.8,0.5855,1898.4
1753591885192,04:51:25.192,bitget,ACE/USDT:USDT,0.5848,508.65,0.5847,946.8,0.585,86.41,0.5851,338.92
1753591885294,04:51:25.294,bybit,ACE/USDT:USDT,0.5853,47.0,0.5852,18.2,0.5854,350.8,0.5855,1898.4
1753591885342,04:51:25.342,bitget,ACE/USDT:USDT,0.5848,508.65,0.5847,946.8,0.585,86.41,0.5851,338.92
1753591885387,04:51:25.387,binance,ACE/USDT:USDT,0.5848,390.66,0.5847,265.01,0.5851,31.89,0.5852,433.97
1753591885492,04:51:25.492,bitget,ACE/USDT:USDT,0.5848,508.65,0.5847,946.8,0.585,86.41,0.5851,338.92
1753591885794,04:51:25.794,bybit,ACE/USDT:USDT,0.5853,38.4,0.5852,18.2,0.5854,350.8,0.5855,1898.4
1753591885792,04:51:25.792,bitget,ACE/USDT:USDT,0.5848,508.65,0.5847,946.8,0.585,86.41,0.5851,338.92
1753591885894,04:51:25.894,bybit,ACE/USDT:USDT,0.5853,47.0,0.5852,18.2,0.5854,350.8,0.5855,1898.4
1753591885902,04:51:25.902,binance,ACE/USDT:USDT,0.5848,390.66,0.5847,265.01,0.5851,31.89,0.5852,433.97
1753591885994,04:51:25.994,bybit,ACE/USDT:USDT,0.5853,8.6,0.5851,21.6,0.5854,350.8,0.5855,1898.4
1753591886042,04:51:26.042,binance,ACE/USDT:USDT,0.5848,170.96,0.5847,217.71,0.585,200.42,0.5851,223.38
1753591886393,04:51:26.393,bitget,ACE/USDT:USDT,0.5848,193.92,0.5847,234.87,0.585,193.35,0.5851,397.36
1753591886494,04:51:26.494,bybit,ACE/USDT:USDT,0.5853,17.2,0.5851,21.6,0.5854,350.8,0.5855,1898.4
1753591886693,04:51:26.693,bitget,ACE/USDT:USDT,0.5848,193.92,0.5847,234.87,0.585,193.35,0.5851,397.36
1753591886843,04:51:26.843,bitget,ACE/USDT:USDT,0.5848,193.92,0.5847,234.87,0.585,193.35,0.5851,397.36
1753591886894,04:51:26.894,bybit,ACE/USDT:USDT,0.5853,17.2,0.5851,21.6,0.5854,350.8,0.5855,1898.4
1753591887494,04:51:27.494,bybit,ACE/USDT:USDT,0.5853,17.2,0.5851,21.6,0.5854,350.8,0.5855,1898.4
1753591887594,04:51:27.594,bybit,ACE/USDT:USDT,0.5853,17.2,0.5851,21.6,0.5854,350.8,0.5855,1898.4
1753591887802,04:51:27.802,binance,ACE/USDT:USDT,0.5848,170.96,0.5847,217.71,0.585,200.42,0.5851,223.38
1753591887894,04:51:27.894,bitget,ACE/USDT:USDT,0.5848,193.92,0.5847,234.87,0.585,193.35,0.5851,397.36
1753591888644,04:51:28.644,bitget,ACE/USDT:USDT,0.5848,193.92,0.5847,234.87,0.585,193.35,0.5851,397.36
1753591888694,04:51:28.694,bybit,ACE/USDT:USDT,0.5853,17.2,0.5851,21.6,0.5854,350.8,0.5855,1898.4
1753591888794,04:51:28.794,bitget,ACE/USDT:USDT,0.5848,193.92,0.5847,234.87,0.585,193.35,0.5851,397.36
1753591889002,04:51:29.002,binance,ACE/USDT:USDT,0.5848,170.96,0.5847,217.71,0.585,200.42,0.5851,223.38
1753591889094,04:51:29.094,bitget,ACE/USDT:USDT,0.5848,193.92,0.5847,234.87,0.585,193.35,0.5851,397.36
1753591889138,04:51:29.138,binance,ACE/USDT:USDT,0.5848,182.26,0.5847,217.71,0.585,234.62,0.5851,223.38
1753591854172,04:50:54.172,blofin,ACE/USDT:USDT,0.5842,94.0,0.5841,400.0,0.5845,17.0,0.5847,1452.0
1753591889194,04:51:29.194,bybit,ACE/USDT:USDT,0.5853,17.2,0.5851,21.6,0.5854,350.8,0.5855,1898.4
1753591889000,04:51:29.000,gateio,ACE/USDT:USDT,0.5847,139.0,0.5846,551.0,0.5855,5123.0,0.5856,10385.0
1753591889621,04:51:29.621,binance,ACE/USDT:USDT,0.5848,182.26,0.5847,217.71,0.585,234.62,0.5851,223.38
1753591889695,04:51:29.695,bitget,ACE/USDT:USDT,0.5848,279.41,0.5847,576.79,0.585,193.35,0.5851,776.65
1753591889795,04:51:29.795,bybit,ACE/USDT:USDT,0.5853,17.2,0.5851,21.6,0.5854,350.8,0.5855,1898.4
1753591889845,04:51:29.845,bitget,ACE/USDT:USDT,0.5848,279.41,0.5847,576.79,0.585,193.35,0.5851,776.65
1753591889894,04:51:29.894,bybit,ACE/USDT:USDT,0.5853,17.2,0.5851,21.6,0.5854,350.8,0.5855,1898.4
1753591890133,04:51:30.133,gateio,ACE/USDT:USDT,0.5847,139.0,0.5846,551.0,0.5854,1000.0,0.5855,5123.0
1753591890145,04:51:30.145,bitget,ACE/USDT:USDT,0.5848,279.41,0.5847,576.79,0.585,193.35,0.5851,397.36
1753591890194,04:51:30.194,bybit,ACE/USDT:USDT,0.5853,17.2,0.5851,21.6,0.5854,350.8,0.5855,1898.4
1753591890138,04:51:30.138,gateio,ACE/USDT:USDT,0.5846,551.0,0.5842,136.0,0.5854,1000.0,0.5855,5123.0
1753591890295,04:51:30.295,bybit,ACE/USDT:USDT,0.5853,17.2,0.5851,21.6,0.5854,350.8,0.5855,1898.4
1753591890295,04:51:30.295,bitget,ACE/USDT:USDT,0.5848,279.41,0.5847,656.11,0.585,193.35,0.5851,397.36
1753591890375,04:51:30.375,binance,ACE/USDT:USDT,0.5848,216.46,0.5847,217.71,0.585,234.62,0.5851,223.38
1753591890445,04:51:30.445,bitget,ACE/USDT:USDT,0.5848,279.41,0.5847,656.11,0.585,193.35,0.5851,397.36
1753591890595,04:51:30.595,bitget,ACE/USDT:USDT,0.5848,279.41,0.5847,656.11,0.585,193.35,0.5851,397.36
1753591890618,04:51:30.618,binance,ACE/USDT:USDT,0.5848,182.26,0.5847,217.71,0.585,234.62,0.5851,223.38
1753591890745,04:51:30.745,bitget,ACE/USDT:USDT,0.5848,279.41,0.5847,656.11,0.585,193.35,0.5851,397.36
1753591890795,04:51:30.795,bybit,ACE/USDT:USDT,0.5853,17.2,0.5851,21.6,0.5854,350.8,0.5855,1898.4
1753591890813,04:51:30.813,gateio,ACE/USDT:USDT,0.5846,551.0,0.5842,136.0,0.5854,1000.0,0.5855,5123.0
1753591890895,04:51:30.895,bitget,ACE/USDT:USDT,0.5848,279.41,0.5847,656.11,0.585,193.35,0.5851,397.36
1753591890994,04:51:30.994,bybit,ACE/USDT:USDT,0.5853,17.2,0.5851,21.6,0.5854,350.8,0.5855,1898.4
1753591891095,04:51:31.095,bybit,ACE/USDT:USDT,0.5853,17.2,0.5851,21.6,0.5854,350.8,0.5855,1898.4
1753591891119,04:51:31.119,gateio,ACE/USDT:USDT,0.5846,551.0,0.5842,136.0,0.5854,1000.0,0.5855,5123.0
1753591891195,04:51:31.195,bitget,ACE/USDT:USDT,0.5848,279.41,0.5847,656.11,0.585,193.35,0.5851,776.62
1753591891202,04:51:31.202,binance,ACE/USDT:USDT,0.5848,216.46,0.5847,217.71,0.585,200.42,0.5851,257.58
1753591891297,04:51:31.297,bybit,ACE/USDT:USDT,0.5853,17.2,0.5851,21.6,0.5854,350.8,0.5855,1898.4
1753591891346,04:51:31.346,bitget,ACE/USDT:USDT,0.5848,279.41,0.5847,656.11,0.585,193.35,0.5851,397.36
1753591891357,04:51:31.357,binance,ACE/USDT:USDT,0.5848,216.46,0.5847,217.71,0.5851,257.58,0.5852,515.35
1753591891394,04:51:31.394,bybit,ACE/USDT:USDT,0.5853,17.2,0.5852,18.2,0.5854,350.8,0.5855,1898.4
1753591891495,04:51:31.495,bybit,ACE/USDT:USDT,0.5853,8.6,0.5852,18.2,0.5854,350.8,0.5855,1898.4
1753591891462,04:51:31.462,binance,ACE/USDT:USDT,0.5848,182.26,0.5847,217.71,0.585,200.42,0.5851,257.58
1753591891496,04:51:31.496,bitget,ACE/USDT:USDT,0.5848,279.41,0.5847,946.8,0.585,86.41,0.5851,397.36
1753591891633,04:51:31.633,binance,ACE/USDT:USDT,0.5848,182.26,0.5847,217.71,0.585,200.42,0.5851,257.58
1753591891760,04:51:31.760,binance,ACE/USDT:USDT,0.5848,231.14,0.5847,217.71,0.585,200.42,0.5851,257.58
1753591891946,04:51:31.946,bitget,ACE/USDT:USDT,0.5848,279.41,0.5847,656.11,0.585,86.41,0.5851,397.36
1753591891994,04:51:31.994,bybit,ACE/USDT:USDT,0.5853,8.6,0.5852,18.2,0.5854,350.8,0.5855,1898.4
1753591892041,04:51:32.041,binance,ACE/USDT:USDT,0.5848,231.14,0.5847,217.71,0.5851,223.38,0.5852,549.55
1753591892094,04:51:32.094,bybit,ACE/USDT:USDT,0.5853,8.6,0.5852,18.2,0.5854,350.8,0.5855,1898.4
1753591892143,04:51:32.143,binance,ACE/USDT:USDT,0.5848,231.14,0.5847,217.71,0.5851,257.58,0.5852,549.55
1753591892246,04:51:32.246,bitget,ACE/USDT:USDT,0.5848,279.41,0.5847,946.8,0.585,86.41,0.5851,338.92
1753591892294,04:51:32.294,bybit,ACE/USDT:USDT,0.5853,8.6,0.585,17.2,0.5854,372.6,0.5855,1916.6
1753591892302,04:51:32.302,binance,ACE/USDT:USDT,0.5846,309.56,0.5845,449.72,0.585,426.12,0.5851,428.56
1753591892317,04:51:32.317,gateio,ACE/USDT:USDT,0.5846,516.0,0.5842,136.0,0.5854,1000.0,0.5855,5123.0
1753591892395,04:51:32.395,bybit,ACE/USDT:USDT,0.5853,17.2,0.5851,18.2,0.5854,372.6,0.5855,1898.4
1753591892396,04:51:32.396,bitget,ACE/USDT:USDT,0.5847,108.37,0.5846,196.03,0.5849,193.35,0.585,86.41
1753591892407,04:51:32.407,binance,ACE/USDT:USDT,0.5848,77.65,0.5847,200.42,0.585,426.12,0.5851,861.31
1753591892432,04:51:32.432,gateio,ACE/USDT:USDT,0.5846,516.0,0.5842,136.0,0.5854,11250.0,0.5855,5123.0
1753591892495,04:51:32.495,bybit,ACE/USDT:USDT,0.5853,8.6,0.5851,18.2,0.5854,372.6,0.5855,1898.4
1753591892508,04:51:32.508,binance,ACE/USDT:USDT,0.5848,77.65,0.5847,200.42,0.585,426.12,0.5851,690.33
1753591892506,04:51:32.506,gateio,ACE/USDT:USDT,0.5846,516.0,0.5842,136.0,0.5854,11250.0,0.5855,5123.0
1753591892594,04:51:32.594,bybit,ACE/USDT:USDT,0.5853,17.2,0.5851,18.2,0.5854,372.6,0.5855,1898.4
1753591892636,04:51:32.636,binance,ACE/USDT:USDT,0.5848,77.65,0.5847,200.42,0.585,426.12,0.5851,690.33
1753591892694,04:51:32.694,bybit,ACE/USDT:USDT,0.5853,8.6,0.5851,18.2,0.5854,372.6,0.5855,1898.4
1753591892697,04:51:32.697,bitget,ACE/USDT:USDT,0.5847,193.87,0.5846,361.74,0.585,193.35,0.5851,776.16
1753591892796,04:51:32.796,bybit,ACE/USDT:USDT,0.5853,17.2,0.5851,18.2,0.5854,372.6,0.5855,1898.4
1753591892857,04:51:32.857,binance,ACE/USDT:USDT,0.5848,77.65,0.5847,200.42,0.585,426.12,0.5851,690.33
1753591892894,04:51:32.894,bybit,ACE/USDT:USDT,0.5853,8.6,0.5851,18.2,0.5854,372.6,0.5855,1898.4
1753591892993,04:51:32.993,bybit,ACE/USDT:USDT,0.5853,17.2,0.5851,18.2,0.5854,372.6,0.5855,1898.4
1753591892987,04:51:32.987,binance,ACE/USDT:USDT,0.5848,77.65,0.5847,200.42,0.585,426.12,0.5851,690.33
1753591892997,04:51:32.997,bitget,ACE/USDT:USDT,0.5848,106.94,0.5847,108.37,0.585,86.41,0.5851,396.86
1753591892984,04:51:32.984,gateio,ACE/USDT:USDT,0.5846,516.0,0.5842,136.0,0.5854,11250.0,0.5855,5123.0
1753591893095,04:51:33.095,bybit,ACE/USDT:USDT,0.5853,8.6,0.5851,18.2,0.5854,372.6,0.5855,1898.4
1753591893135,04:51:33.135,gateio,ACE/USDT:USDT,0.5846,516.0,0.5842,136.0,0.5854,1000.0,0.5855,5123.0
1753591893147,04:51:33.147,bitget,ACE/USDT:USDT,0.5847,263.67,0.5846,444.39,0.585,86.41,0.5851,396.86
1753591893195,04:51:33.195,bybit,ACE/USDT:USDT,0.5853,17.2,0.5852,18.2,0.5854,350.8,0.5855,1898.4
1753591893180,04:51:33.180,binance,ACE/USDT:USDT,0.5847,585.24,0.5846,390.93,0.585,398.01,0.5851,690.33
1753591893136,04:51:33.136,gateio,ACE/USDT:USDT,0.5846,516.0,0.5842,136.0,0.5854,1000.0,0.5855,5123.0
1753591893294,04:51:33.294,bybit,ACE/USDT:USDT,0.5853,8.6,0.5852,18.2,0.5854,350.8,0.5855,1898.4
1753591893299,04:51:33.299,binance,ACE/USDT:USDT,0.5847,585.24,0.5846,390.93,0.585,398.01,0.5851,690.33
1753591893297,04:51:33.297,bitget,ACE/USDT:USDT,0.5848,106.94,0.5847,193.87,0.5849,86.41,0.585,193.35
1753591893405,04:51:33.405,binance,ACE/USDT:USDT,0.5847,585.24,0.5846,390.93,0.585,398.01,0.5851,690.33
1753591893447,04:51:33.447,bitget,ACE/USDT:USDT,0.5848,106.94,0.5847,193.87,0.5849,86.41,0.585,336.11
1753591893494,04:51:33.494,bybit,ACE/USDT:USDT,0.5853,11.5,0.5852,18.2,0.5854,350.8,0.5855,1898.4
1753591893597,04:51:33.597,bitget,ACE/USDT:USDT,0.5848,106.94,0.5847,342.28,0.5849,86.41,0.585,336.11
1753591893730,04:51:33.730,gateio,ACE/USDT:USDT,0.5846,516.0,0.5842,136.0,0.5854,1000.0,0.5855,5123.0
1753591893794,04:51:33.794,bybit,ACE/USDT:USDT,0.5853,11.5,0.5852,18.2,0.5854,350.8,0.5855,1898.4
1753591893747,04:51:33.747,bitget,ACE/USDT:USDT,0.5848,106.94,0.5847,342.28,0.5849,86.41,0.585,336.11
1753591893894,04:51:33.894,bybit,ACE/USDT:USDT,0.5853,11.5,0.5852,18.2,0.5854,350.8,0.5855,1898.4
1753591893897,04:51:33.897,bitget,ACE/USDT:USDT,0.5848,106.94,0.5847,342.28,0.5849,86.41,0.585,336.11
1753591894087,04:51:34.087,gateio,ACE/USDT:USDT,0.5846,516.0,0.5842,136.0,0.5854,1000.0,0.5855,5123.0
1753591894198,04:51:34.198,bitget,ACE/USDT:USDT,0.5848,106.94,0.5847,342.28,0.5849,86.41,0.585,336.11
1753591854670,04:50:54.670,blofin,ACE/USDT:USDT,0.5842,94.0,0.584,610.0,0.5845,17.0,0.5847,1452.0
1753591894273,04:51:34.273,binance,ACE/USDT:USDT,0.5847,585.24,0.5846,390.93,0.585,398.01,0.5851,690.33
1753591894428,04:51:34.428,binance,ACE/USDT:USDT,0.5847,585.24,0.5846,390.93,0.585,398.01,0.5851,690.33
1753591894498,04:51:34.498,bitget,ACE/USDT:USDT,0.5848,106.94,0.5847,342.28,0.5849,86.41,0.585,336.11
1753591894794,04:51:34.794,bybit,ACE/USDT:USDT,0.5853,11.5,0.5852,18.2,0.5854,350.8,0.5855,1898.4
1753591894894,04:51:34.894,bybit,ACE/USDT:USDT,0.5853,20.1,0.5852,18.2,0.5854,350.8,0.5855,1898.4
1753591894948,04:51:34.948,bitget,ACE/USDT:USDT,0.5848,106.94,0.5847,342.28,0.5849,86.41,0.585,336.11
1753591894994,04:51:34.994,bybit,ACE/USDT:USDT,0.5853,11.5,0.5852,18.2,0.5854,350.8,0.5855,1898.4
1753591895094,04:51:35.094,bybit,ACE/USDT:USDT,0.5853,20.1,0.5852,18.2,0.5854,350.8,0.5855,1898.4
1753591895098,04:51:35.098,bitget,ACE/USDT:USDT,0.5848,106.94,0.5847,342.28,0.5849,86.41,0.585,336.11
1753591895102,04:51:35.102,binance,ACE/USDT:USDT,0.5847,585.24,0.5846,390.93,0.585,363.8,0.5851,656.13
1753591895083,04:51:35.083,gateio,ACE/USDT:USDT,0.5846,516.0,0.5842,136.0,0.5854,1000.0,0.5855,5123.0
1753591895194,04:51:35.194,bybit,ACE/USDT:USDT,0.5853,11.5,0.5852,18.2,0.5854,350.8,0.5855,1898.4
1753591895209,04:51:35.209,binance,ACE/USDT:USDT,0.5847,585.24,0.5846,390.93,0.585,363.8,0.5851,656.13
1753591895248,04:51:35.248,bitget,ACE/USDT:USDT,0.5848,106.94,0.5847,342.28,0.5849,86.41,0.585,336.11
1753591895395,04:51:35.395,bybit,ACE/USDT:USDT,0.5853,20.1,0.5852,18.2,0.5854,350.8,0.5855,1898.4
1753591895398,04:51:35.398,bitget,ACE/USDT:USDT,0.5848,106.94,0.5847,342.28,0.5849,86.41,0.585,336.11
1753591895433,04:51:35.433,binance,ACE/USDT:USDT,0.5847,585.24,0.5846,390.93,0.585,363.8,0.5851,690.33
1753591895352,04:51:35.352,gateio,ACE/USDT:USDT,0.5846,516.0,0.5842,136.0,0.5854,1000.0,0.5855,5123.0
1753591895548,04:51:35.548,bitget,ACE/USDT:USDT,0.5848,106.94,0.5847,342.28,0.5849,86.41,0.585,336.11
1753591895801,04:51:35.801,binance,ACE/USDT:USDT,0.5847,585.24,0.5846,390.93,0.585,363.8,0.5851,690.33
1753591896094,04:51:36.094,bybit,ACE/USDT:USDT,0.5853,20.1,0.5852,18.2,0.5854,350.8,0.5855,1898.4
1753591896064,04:51:36.064,gateio,ACE/USDT:USDT,0.5846,516.0,0.5842,136.0,0.5854,1000.0,0.5855,5123.0
1753591896149,04:51:36.149,bitget,ACE/USDT:USDT,0.5848,106.94,0.5847,342.28,0.5849,86.41,0.585,336.11
1753591896198,04:51:36.198,bybit,ACE/USDT:USDT,0.5853,11.5,0.5852,18.2,0.5854,350.8,0.5855,1898.4
1753591896811,04:51:36.811,gateio,ACE/USDT:USDT,0.5846,516.0,0.5842,136.0,0.5854,1000.0,0.5855,5123.0
1753591897049,04:51:37.049,bitget,ACE/USDT:USDT,0.5848,106.94,0.5847,342.28,0.5849,86.41,0.585,336.11
1753591897094,04:51:37.094,bybit,ACE/USDT:USDT,0.5853,20.1,0.5852,18.2,0.5854,350.8,0.5855,1898.4
1753591897199,04:51:37.199,bitget,ACE/USDT:USDT,0.5848,106.94,0.5847,342.28,0.5849,86.41,0.585,336.11
1753591897204,04:51:37.204,okx,ACE/USDT:USDT,0.5846,131.0,0.5845,84.0,0.585,87.0,0.5851,104.0
1753591897295,04:51:37.295,bybit,ACE/USDT:USDT,0.5853,11.5,0.5852,18.2,0.5854,350.8,0.5855,1898.4
1753591897402,04:51:37.402,binance,ACE/USDT:USDT,0.5847,585.24,0.5846,390.93,0.585,363.8,0.5851,690.33
1753591897694,04:51:37.694,bybit,ACE/USDT:USDT,0.5853,20.1,0.5852,18.2,0.5854,350.8,0.5855,1898.4
1753591896536,04:51:36.536,phemex,ACE/USDT:USDT,0.5846,43.0,0.5845,640.0,0.5851,42.0,0.5852,6344.0
1753591897800,04:51:37.800,bitget,ACE/USDT:USDT,0.5848,106.94,0.5847,342.28,0.5849,86.41,0.585,336.11
1753591897904,04:51:37.904,okx,ACE/USDT:USDT,0.5846,131.0,0.5845,84.0,0.585,87.0,0.5851,104.0
1753591897950,04:51:37.950,bitget,ACE/USDT:USDT,0.5848,106.94,0.5847,342.28,0.5849,86.41,0.585,336.11
1753591898004,04:51:38.004,okx,ACE/USDT:USDT,0.5846,131.0,0.5845,84.0,0.585,87.0,0.5851,104.0
1753591898002,04:51:38.002,binance,ACE/USDT:USDT,0.5847,585.24,0.5846,390.93,0.585,363.8,0.5851,690.33
1753591898095,04:51:38.095,bybit,ACE/USDT:USDT,0.5853,20.1,0.5852,18.2,0.5854,350.8,0.5855,1898.4
1753591898104,04:51:38.104,okx,ACE/USDT:USDT,0.5846,131.0,0.5845,84.0,0.585,87.0,0.5851,104.0
1753591898100,04:51:38.100,bitget,ACE/USDT:USDT,0.5848,106.94,0.5847,342.28,0.5849,86.41,0.585,336.11
1753591898194,04:51:38.194,bybit,ACE/USDT:USDT,0.5853,20.1,0.5852,18.2,0.5854,350.8,0.5855,1898.4
1753591898251,04:51:38.251,binance,ACE/USDT:USDT,0.5847,585.24,0.5846,390.93,0.585,363.8,0.5851,690.33
1753591898250,04:51:38.250,bitget,ACE/USDT:USDT,0.5848,106.94,0.5847,342.28,0.5849,86.41,0.585,336.11
1753591898294,04:51:38.294,bybit,ACE/USDT:USDT,0.5853,11.5,0.5852,18.2,0.5854,350.8,0.5855,1898.4
1753591898395,04:51:38.395,bybit,ACE/USDT:USDT,0.5853,20.1,0.5852,18.2,0.5854,350.8,0.5855,1898.4
1753591898495,04:51:38.495,bybit,ACE/USDT:USDT,0.5853,11.5,0.5852,18.2,0.5854,350.8,0.5855,1898.4
1753591898533,04:51:38.533,binance,ACE/USDT:USDT,0.5847,585.24,0.5846,390.93,0.585,398.0,0.5851,690.33
1753591898550,04:51:38.550,bitget,ACE/USDT:USDT,0.5848,106.94,0.5847,342.28,0.5849,86.41,0.585,336.11
1753591898594,04:51:38.594,bybit,ACE/USDT:USDT,0.5853,11.5,0.5852,18.2,0.5854,350.8,0.5855,1898.4
1753591898470,04:51:38.470,phemex,ACE/USDT:USDT,0.5847,857.0,0.5846,4189.0,0.585,802.0,0.5851,1550.0
1753591898487,04:51:38.487,phemex,ACE/USDT:USDT,0.5848,42.0,0.5847,857.0,0.585,802.0,0.5851,1550.0
1753591898508,04:51:38.508,phemex,ACE/USDT:USDT,0.5848,42.0,0.5847,899.0,0.585,802.0,0.5851,1550.0
1753591898604,04:51:38.604,okx,ACE/USDT:USDT,0.5846,131.0,0.5845,84.0,0.585,87.0,0.5851,104.0
1753591898637,04:51:38.637,binance,ACE/USDT:USDT,0.5847,585.24,0.5846,390.93,0.585,398.0,0.5851,690.33
1753591898704,04:51:38.704,okx,ACE/USDT:USDT,0.5846,131.0,0.5845,84.0,0.585,87.0,0.5851,104.0
1753591898700,04:51:38.700,bitget,ACE/USDT:USDT,0.5848,106.94,0.5847,342.28,0.5849,86.41,0.585,336.11
1753591898794,04:51:38.794,bybit,ACE/USDT:USDT,0.5853,20.1,0.5852,18.2,0.5854,350.8,0.5855,1898.4
1753591898804,04:51:38.804,okx,ACE/USDT:USDT,0.5846,131.0,0.5845,84.0,0.585,87.0,0.5851,104.0
1753591898821,04:51:38.821,gateio,ACE/USDT:USDT,0.5846,516.0,0.5842,136.0,0.5854,1000.0,0.5855,5123.0
1753591898880,04:51:38.880,phemex,ACE/USDT:USDT,0.5847,899.0,0.5846,4189.0,0.5849,43.0,0.585,802.0
1753591898894,04:51:38.894,bybit,ACE/USDT:USDT,0.5853,20.1,0.5851,18.2,0.5854,372.6,0.5855,1898.4
1753591898894,04:51:38.894,phemex,ACE/USDT:USDT,0.5847,899.0,0.5846,4189.0,0.5849,43.0,0.585,845.0
1753591898904,04:51:38.904,okx,ACE/USDT:USDT,0.5845,84.0,0.5844,87.0,0.585,87.0,0.5851,104.0
1753591898937,04:51:38.937,binance,ACE/USDT:USDT,0.5847,200.42,0.5846,138.59,0.585,398.0,0.5851,861.31
1753591898908,04:51:38.908,gateio,ACE/USDT:USDT,0.5846,516.0,0.5842,136.0,0.5854,11250.0,0.5855,5123.0
1753591899030,04:51:39.030,gateio,ACE/USDT:USDT,0.5846,516.0,0.5842,136.0,0.5854,11250.0,0.5855,5123.0
1753591899104,04:51:39.104,okx,ACE/USDT:USDT,0.5845,84.0,0.5844,87.0,0.585,102.0,0.5851,104.0
1753591899151,04:51:39.151,bitget,ACE/USDT:USDT,0.5848,106.94,0.5847,342.28,0.5849,86.41,0.585,336.11
1753591899157,04:51:39.157,binance,ACE/USDT:USDT,0.5847,200.42,0.5846,138.59,0.585,398.0,0.5851,861.31
1753591899196,04:51:39.196,bybit,ACE/USDT:USDT,0.5853,20.1,0.5851,18.2,0.5854,372.6,0.5855,1898.4
1753591899304,04:51:39.304,okx,ACE/USDT:USDT,0.5845,84.0,0.5844,87.0,0.585,102.0,0.5851,104.0
1753591899594,04:51:39.594,bybit,ACE/USDT:USDT,0.5853,20.1,0.5851,18.2,0.5854,372.6,0.5855,1898.4
1753591899601,04:51:39.601,bitget,ACE/USDT:USDT,0.5848,106.94,0.5847,342.28,0.5849,86.41,0.585,229.17
1753591899695,04:51:39.695,bybit,ACE/USDT:USDT,0.5853,11.5,0.5851,18.2,0.5854,350.8,0.5855,1898.4
1753591899723,04:51:39.723,binance,ACE/USDT:USDT,0.5849,200.42,0.5848,189.77,0.5851,31.89,0.5852,893.77
1753591899719,04:51:39.719,gateio,ACE/USDT:USDT,0.5846,516.0,0.5842,136.0,0.5854,1000.0,0.5855,5123.0
1753591899804,04:51:39.804,okx,ACE/USDT:USDT,0.5847,76.0,0.5846,1.0,0.585,15.0,0.5851,104.0
1753591855171,04:50:55.171,blofin,ACE/USDT:USDT,0.5842,94.0,0.584,11183.0,0.5845,14.0,0.5848,1790.0
1753591899893,04:51:39.893,bybit,ACE/USDT:USDT,0.5853,2.9,0.5852,18.2,0.5854,350.8,0.5855,1898.4
1753591899901,04:51:39.901,bitget,ACE/USDT:USDT,0.5849,86.41,0.5848,106.94,0.5851,338.14,0.5852,106.94
1753591899561,04:51:39.561,phemex,ACE/USDT:USDT,0.5848,43.0,0.5847,899.0,0.5849,43.0,0.585,845.0
1753591899637,04:51:39.637,phemex,ACE/USDT:USDT,0.5848,43.0,0.5847,899.0,0.585,43.0,0.5851,666.0
1753591899742,04:51:39.742,phemex,ACE/USDT:USDT,0.5848,43.0,0.5847,899.0,0.585,43.0,0.5851,666.0
1753591899808,04:51:39.808,phemex,ACE/USDT:USDT,0.5848,43.0,0.5847,899.0,0.5851,666.0,0.5852,1630.0
1753591900019,04:51:40.019,gateio,ACE/USDT:USDT,0.5846,516.0,0.5842,136.0,0.5854,1000.0,0.5855,5123.0
1753591900051,04:51:40.051,bitget,ACE/USDT:USDT,0.5849,254.54,0.5848,203.34,0.585,86.41,0.5851,109.22
1753591900183,04:51:40.183,binance,ACE/USDT:USDT,0.5849,200.42,0.5848,189.77,0.5851,31.89,0.5852,893.77
1753591900201,04:51:40.201,bitget,ACE/USDT:USDT,0.5849,254.54,0.5848,203.34,0.585,86.41,0.5851,338.14
1753591900294,04:51:40.294,bybit,ACE/USDT:USDT,0.5853,2.9,0.5852,18.2,0.5854,350.8,0.5855,1898.4
1753591900292,04:51:40.292,phemex,ACE/USDT:USDT,0.5848,43.0,0.5847,899.0,0.5851,624.0,0.5852,1630.0
1753591900285,04:51:40.285,binance,ACE/USDT:USDT,0.5849,200.42,0.5848,189.77,0.5851,31.89,0.5852,893.77
1753591900304,04:51:40.304,okx,ACE/USDT:USDT,0.5848,76.0,0.5846,185.0,0.5851,104.0,0.5852,87.0
1753591900326,04:51:40.326,phemex,ACE/USDT:USDT,0.5848,43.0,0.5847,899.0,0.5851,543.0,0.5852,1630.0
1753591900351,04:51:40.351,bitget,ACE/USDT:USDT,0.5849,254.54,0.5848,288.82,0.585,86.41,0.5851,228.92
1753591900397,04:51:40.397,binance,ACE/USDT:USDT,0.5849,200.42,0.5848,189.77,0.5851,31.89,0.5852,893.77
1753591900417,04:51:40.417,gateio,ACE/USDT:USDT,0.5846,516.0,0.5842,136.0,0.5854,1000.0,0.5855,5123.0
1753591900494,04:51:40.494,bybit,ACE/USDT:USDT,0.5853,2.9,0.5852,18.2,0.5854,350.8,0.5855,1898.4
1753591900501,04:51:40.501,bitget,ACE/USDT:USDT,0.5849,254.54,0.5848,288.82,0.585,86.41,0.5851,228.92
1753591900652,04:51:40.652,bitget,ACE/USDT:USDT,0.5849,254.54,0.5848,288.82,0.585,86.41,0.5851,228.92
1753591900802,04:51:40.802,binance,ACE/USDT:USDT,0.5849,200.42,0.5848,189.77,0.5851,31.89,0.5852,893.77
1753591900896,04:51:40.896,bybit,ACE/USDT:USDT,0.5853,2.9,0.5852,18.2,0.5854,350.8,0.5855,1898.4
1753591900904,04:51:40.904,okx,ACE/USDT:USDT,0.5848,76.0,0.5846,269.0,0.5851,104.0,0.5852,87.0
1753591900937,04:51:40.937,binance,ACE/USDT:USDT,0.5849,200.42,0.5848,189.77,0.5851,31.89,0.5852,893.77
1753591900996,04:51:40.996,bybit,ACE/USDT:USDT,0.5853,2.9,0.5852,18.2,0.5854,350.8,0.5855,1898.4
1753591901102,04:51:41.102,bitget,ACE/USDT:USDT,0.5849,254.54,0.5848,288.82,0.585,86.41,0.5851,228.92
1753591901194,04:51:41.194,bybit,ACE/USDT:USDT,0.5853,2.9,0.5852,18.2,0.5854,350.8,0.5855,440.6
1753591901252,04:51:41.252,bitget,ACE/USDT:USDT,0.5849,254.54,0.5848,288.82,0.585,86.41,0.5851,228.92
1753591901402,04:51:41.402,binance,ACE/USDT:USDT,0.5849,200.42,0.5848,189.77,0.5851,31.89,0.5852,893.77
1753591901402,04:51:41.402,bitget,ACE/USDT:USDT,0.5849,254.54,0.5848,288.82,0.585,86.41,0.5851,228.92
1753591901552,04:51:41.552,bitget,ACE/USDT:USDT,0.5849,254.54,0.5848,288.82,0.585,86.41,0.5851,228.92
1753591901604,04:51:41.604,okx,ACE/USDT:USDT,0.5848,76.0,0.5846,269.0,0.5851,104.0,0.5852,87.0
1753591901702,04:51:41.702,bitget,ACE/USDT:USDT,0.5849,254.54,0.5848,288.82,0.585,86.41,0.5851,228.92
1753591901794,04:51:41.794,bybit,ACE/USDT:USDT,0.5853,2.9,0.5852,18.2,0.5854,350.8,0.5855,440.6
1753591901852,04:51:41.852,bitget,ACE/USDT:USDT,0.5849,254.54,0.5848,288.82,0.585,86.41,0.5851,228.92
1753591901904,04:51:41.904,okx,ACE/USDT:USDT,0.5848,76.0,0.5846,269.0,0.5851,104.0,0.5852,87.0
1753591901994,04:51:41.994,bybit,ACE/USDT:USDT,0.5853,2.9,0.5852,18.2,0.5854,350.8,0.5855,440.6
1753591902004,04:51:42.004,okx,ACE/USDT:USDT,0.5848,76.0,0.5846,269.0,0.5851,104.0,0.5852,87.0
1753591902002,04:51:42.002,binance,ACE/USDT:USDT,0.5849,200.42,0.5848,189.77,0.5851,31.89,0.5852,893.77
1753591902002,04:51:42.002,bitget,ACE/USDT:USDT,0.5849,254.54,0.5848,288.82,0.585,86.41,0.5851,228.92
1753591902094,04:51:42.094,bybit,ACE/USDT:USDT,0.5853,2.9,0.5852,18.2,0.5854,350.8,0.5855,440.6
1753591902108,04:51:42.108,binance,ACE/USDT:USDT,0.5849,200.42,0.5848,189.77,0.5851,31.89,0.5852,927.96
1753591902152,04:51:42.152,bitget,ACE/USDT:USDT,0.5849,254.54,0.5848,288.82,0.585,86.41,0.5851,228.92
1753591902453,04:51:42.453,bitget,ACE/USDT:USDT,0.5849,254.54,0.5848,288.82,0.585,86.41,0.5851,228.92
1753591902603,04:51:42.603,binance,ACE/USDT:USDT,0.5849,200.42,0.5848,189.77,0.5851,31.89,0.5852,927.96
1753591902695,04:51:42.695,bybit,ACE/USDT:USDT,0.5853,2.9,0.5852,18.2,0.5854,350.8,0.5855,440.6
1753591902704,04:51:42.704,okx,ACE/USDT:USDT,0.5848,76.0,0.5846,269.0,0.5851,104.0,0.5852,87.0
1753591902753,04:51:42.753,bitget,ACE/USDT:USDT,0.5849,254.54,0.5848,288.82,0.585,86.41,0.5851,228.92
1753591902794,04:51:42.794,bybit,ACE/USDT:USDT,0.5853,2.9,0.5852,18.2,0.5854,350.8,0.5855,0.8
1753591902281,04:51:42.281,mexc,ACE/USDT:USDT,0.585,4809.0,0.5849,4025,0.5851,2888.0,0.5852,23479.0
1753591902833,04:51:42.833,binance,ACE/USDT:USDT,0.5849,200.42,0.5848,189.77,0.5851,31.89,0.5852,927.96
1753591902777,04:51:42.777,mexc,ACE/USDT:USDT,0.585,4809.0,0.5849,4025,0.5851,2888.0,0.5852,23479.0
1753591902903,04:51:42.903,bitget,ACE/USDT:USDT,0.5849,254.54,0.5848,288.82,0.585,86.41,0.5851,228.92
1753591903053,04:51:43.053,bitget,ACE/USDT:USDT,0.5849,254.54,0.5848,288.82,0.585,86.41,0.5851,228.92
1753591903078,04:51:43.078,binance,ACE/USDT:USDT,0.5849,200.42,0.5848,189.77,0.5851,31.89,0.5852,927.96
1753591903104,04:51:43.104,okx,ACE/USDT:USDT,0.5848,76.0,0.5846,269.0,0.5851,104.0,0.5852,87.0
1753591903195,04:51:43.195,bybit,ACE/USDT:USDT,0.5853,2.9,0.5852,18.2,0.5854,350.8,0.5855,0.8
1753591903180,04:51:43.180,mexc,ACE/USDT:USDT,0.585,4809.0,0.5849,4025,0.5851,2888.0,0.5852,23479.0
1753591903202,04:51:43.202,binance,ACE/USDT:USDT,0.5849,200.42,0.5848,189.77,0.5851,31.89,0.5852,927.96
1753591903203,04:51:43.203,bitget,ACE/USDT:USDT,0.5849,254.54,0.5848,288.82,0.585,86.41,0.5851,228.92
1753591903294,04:51:43.294,bybit,ACE/USDT:USDT,0.5853,2.9,0.5852,18.2,0.5854,350.8,0.5855,0.8
1753591903353,04:51:43.353,bitget,ACE/USDT:USDT,0.5849,254.54,0.5848,288.82,0.585,86.41,0.5851,228.92
1753591903396,04:51:43.396,bybit,ACE/USDT:USDT,0.5853,2.9,0.5852,18.2,0.5854,350.8,0.5855,19.0
1753591903283,04:51:43.283,mexc,ACE/USDT:USDT,0.585,4809.0,0.5849,4025,0.5851,2888.0,0.5852,33337
1753591903433,04:51:43.433,binance,ACE/USDT:USDT,0.5849,200.42,0.5848,189.77,0.5851,66.08,0.5852,927.96
1753591903503,04:51:43.503,bitget,ACE/USDT:USDT,0.5849,254.54,0.5848,689.66,0.585,86.41,0.5851,228.92
1753591903653,04:51:43.653,bitget,ACE/USDT:USDT,0.5849,254.54,0.5848,689.66,0.585,86.41,0.5851,228.92
1753591903696,04:51:43.696,bybit,ACE/USDT:USDT,0.5853,2.9,0.5852,18.2,0.5854,350.8,0.5855,19.0
1753591903682,04:51:43.682,mexc,ACE/USDT:USDT,0.585,4809.0,0.5849,4025,0.5851,2888.0,0.5852,33337
1753591903704,04:51:43.704,okx,ACE/USDT:USDT,0.5848,76.0,0.5846,269.0,0.5851,104.0,0.5852,87.0
1753591903787,04:51:43.787,binance,ACE/USDT:USDT,0.5849,200.42,0.5848,189.77,0.5851,66.08,0.5852,927.96
1753591903804,04:51:43.804,okx,ACE/USDT:USDT,0.5848,76.0,0.5846,269.0,0.5851,104.0,0.5852,87.0
1753591903778,04:51:43.778,mexc,ACE/USDT:USDT,0.585,4809.0,0.5849,4025,0.5851,2888.0,0.5852,34759
1753591903937,04:51:43.937,gateio,ACE/USDT:USDT,0.5846,516.0,0.5842,136.0,0.5854,1000.0,0.5855,5123.0
1753591904100,04:51:44.100,bitget,ACE/USDT:USDT,0.5849,254.54,0.5848,689.66,0.585,86.41,0.5851,228.92
1753591904180,04:51:44.180,mexc,ACE/USDT:USDT,0.585,4809.0,0.5849,4025,0.5851,2888.0,0.5852,34759
1753591904204,04:51:44.204,okx,ACE/USDT:USDT,0.5848,76.0,0.5846,269.0,0.5851,104.0,0.5852,87.0
1753591904254,04:51:44.254,bitget,ACE/USDT:USDT,0.5849,254.54,0.5848,689.66,0.585,86.41,0.5851,228.92
1753591904294,04:51:44.294,bybit,ACE/USDT:USDT,0.5853,2.9,0.5852,18.2,0.5854,350.8,0.5855,19.0
1753591904304,04:51:44.304,okx,ACE/USDT:USDT,0.5848,76.0,0.5846,269.0,0.5851,104.0,0.5852,87.0
1753591904302,04:51:44.302,binance,ACE/USDT:USDT,0.5849,200.42,0.5848,189.77,0.5851,66.08,0.5852,927.96
1753591904394,04:51:44.394,bybit,ACE/USDT:USDT,0.5853,2.9,0.5852,18.2,0.5854,350.8,0.5855,19.0
1753591904280,04:51:44.280,mexc,ACE/USDT:USDT,0.585,4809.0,0.5849,4025,0.5851,2888.0,0.5852,26755
1753591904404,04:51:44.404,bitget,ACE/USDT:USDT,0.5849,254.54,0.5848,689.66,0.585,86.41,0.5851,228.92
1753591904554,04:51:44.554,bitget,ACE/USDT:USDT,0.5849,254.54,0.5848,689.66,0.585,86.41,0.5851,228.92
1753591904583,04:51:44.583,mexc,ACE/USDT:USDT,0.585,4809.0,0.5849,4025,0.5851,2888.0,0.5852,26755
1753591904704,04:51:44.704,bitget,ACE/USDT:USDT,0.5849,254.54,0.5848,689.66,0.585,86.41,0.5851,228.92
1753591904794,04:51:44.794,bybit,ACE/USDT:USDT,0.5853,2.9,0.5852,18.2,0.5854,350.8,0.5855,19.0
1753591904779,04:51:44.779,mexc,ACE/USDT:USDT,0.585,4809.0,0.5849,4883,0.5851,2888.0,0.5852,29639
1753591904887,04:51:44.887,binance,ACE/USDT:USDT,0.5849,200.42,0.5848,189.77,0.5851,66.08,0.5852,927.96
1753591904994,04:51:44.994,bybit,ACE/USDT:USDT,0.5853,2.9,0.5852,18.2,0.5854,350.8,0.5855,19.0
1753591905001,04:51:45.001,binance,ACE/USDT:USDT,0.5849,200.42,0.5848,189.77,0.5851,66.08,0.5852,927.96
1753591905004,04:51:45.004,bitget,ACE/USDT:USDT,0.5849,254.54,0.5848,689.66,0.585,86.41,0.5851,228.92
1753591905154,04:51:45.154,bitget,ACE/USDT:USDT,0.5849,254.54,0.5848,689.66,0.585,86.41,0.5851,228.92
1753591905181,04:51:45.181,mexc,ACE/USDT:USDT,0.585,4809.0,0.5849,4883,0.5851,2888.0,0.5852,29639
1753591905294,04:51:45.294,bybit,ACE/USDT:USDT,0.5853,2.9,0.5852,18.2,0.5854,350.8,0.5855,19.0
1753591905304,04:51:45.304,bitget,ACE/USDT:USDT,0.5849,254.54,0.5848,689.66,0.585,86.41,0.5851,228.92
1753591856004,04:50:56.004,blofin,ACE/USDT:USDT,0.5842,94.0,0.584,610.0,0.5845,16.0,0.5846,1363.0
1753591905282,04:51:45.282,mexc,ACE/USDT:USDT,0.585,4809.0,0.5849,5739,0.5851,2888.0,0.5852,23479
1753591905404,04:51:45.404,okx,ACE/USDT:USDT,0.5848,76.0,0.5846,269.0,0.5851,104.0,0.5852,87.0
1753591905397,04:51:45.397,binance,ACE/USDT:USDT,0.5849,200.42,0.5848,189.77,0.5851,66.08,0.5852,927.96
1753591905454,04:51:45.454,bitget,ACE/USDT:USDT,0.5849,254.54,0.5848,689.66,0.585,86.41,0.5851,228.92
1753591905479,04:51:45.479,phemex,ACE/USDT:USDT,0.5848,43.0,0.5847,899.0,0.5851,543.0,0.5852,1630.0
1753591905494,04:51:45.494,bybit,ACE/USDT:USDT,0.5853,2.9,0.5852,18.2,0.5854,350.8,0.5855,19.0
1753591905485,04:51:45.485,phemex,ACE/USDT:USDT,0.5848,43.0,0.5847,899.0,0.5851,543.0,0.5852,1630.0
1753591905502,04:51:45.502,binance,ACE/USDT:USDT,0.5849,200.42,0.5848,189.77,0.5851,66.08,0.5852,927.96
1753591905605,04:51:45.605,bitget,ACE/USDT:USDT,0.5849,254.54,0.5848,689.66,0.585,86.41,0.5851,228.92
1753591905682,04:51:45.682,mexc,ACE/USDT:USDT,0.585,4809.0,0.5849,4025,0.5851,2888.0,0.5852,23479
1753591905894,04:51:45.894,bybit,ACE/USDT:USDT,0.5853,2.9,0.5852,18.2,0.5854,350.8,0.5855,19.0
1753591905779,04:51:45.779,mexc,ACE/USDT:USDT,0.585,4809.0,0.5849,4800,0.5851,2888.0,0.5852,23479
1753591905904,04:51:45.904,okx,ACE/USDT:USDT,0.5848,76.0,0.5846,269.0,0.5851,104.0,0.5852,87.0
1753591905902,04:51:45.902,binance,ACE/USDT:USDT,0.5849,200.42,0.5848,189.77,0.5851,66.08,0.5852,927.96
1753591905905,04:51:45.905,bitget,ACE/USDT:USDT,0.5849,254.54,0.5848,689.66,0.585,86.41,0.5851,228.92
1753591905998,04:51:45.998,bybit,ACE/USDT:USDT,0.5853,2.9,0.5852,18.2,0.5854,350.8,0.5855,19.0
1753591906004,04:51:46.004,okx,ACE/USDT:USDT,0.5848,76.0,0.5846,269.0,0.5851,104.0,0.5852,87.0
1753591906083,04:51:46.083,mexc,ACE/USDT:USDT,0.585,4809.0,0.5849,4800,0.5851,6476,0.5852,45960
1753591906205,04:51:46.205,bitget,ACE/USDT:USDT,0.5849,254.54,0.5848,689.66,0.585,86.41,0.5851,228.92
1753591906281,04:51:46.281,mexc,ACE/USDT:USDT,0.585,4126,0.5849,3890,0.5851,3588,0.5852,30492
1753591906355,04:51:46.355,bitget,ACE/USDT:USDT,0.5849,254.54,0.5848,689.66,0.585,86.41,0.5851,228.92
1753591906404,04:51:46.404,okx,ACE/USDT:USDT,0.5848,76.0,0.5846,269.0,0.5851,104.0,0.5852,87.0
1753591906495,04:51:46.495,bybit,ACE/USDT:USDT,0.5853,2.9,0.5852,18.2,0.5854,350.8,0.5855,19.0
1753591906504,04:51:46.504,okx,ACE/USDT:USDT,0.5848,76.0,0.5846,269.0,0.5851,104.0,0.5852,87.0
1753591906502,04:51:46.502,binance,ACE/USDT:USDT,0.5849,200.42,0.5848,189.77,0.5851,66.08,0.5852,927.96
1753591906505,04:51:46.505,bitget,ACE/USDT:USDT,0.5849,254.54,0.5848,689.66,0.585,86.41,0.5851,228.92
1753591906655,04:51:46.655,bitget,ACE/USDT:USDT,0.5849,254.54,0.5848,689.66,0.585,86.41,0.5851,228.92
1753591906681,04:51:46.681,mexc,ACE/USDT:USDT,0.585,4126,0.5849,3890,0.5851,3588,0.5852,27080
1753591906704,04:51:46.704,okx,ACE/USDT:USDT,0.5848,76.0,0.5846,269.0,0.5851,104.0,0.5852,87.0
1753591906733,04:51:46.733,binance,ACE/USDT:USDT,0.5849,200.42,0.5848,189.77,0.5851,66.08,0.5852,927.96
1753591906805,04:51:46.805,bitget,ACE/USDT:USDT,0.5849,254.54,0.5848,689.66,0.585,86.41,0.5851,228.92
1753591906778,04:51:46.778,mexc,ACE/USDT:USDT,0.585,4126,0.5849,3890,0.5851,3588,0.5852,26916
1753591906904,04:51:46.904,okx,ACE/USDT:USDT,0.5848,76.0,0.5846,269.0,0.5851,104.0,0.5852,87.0
1753591906955,04:51:46.955,bitget,ACE/USDT:USDT,0.5849,254.54,0.5848,689.66,0.585,86.41,0.5851,228.92
1753591906994,04:51:46.994,bybit,ACE/USDT:USDT,0.5853,2.9,0.5852,18.2,0.5854,350.8,0.5855,19.0
1753591907004,04:51:47.004,okx,ACE/USDT:USDT,0.5848,76.0,0.5846,269.0,0.5851,104.0,0.5852,87.0
1753591907104,04:51:47.104,okx,ACE/USDT:USDT,0.5848,76.0,0.5846,269.0,0.5851,104.0,0.5852,87.0
1753591907105,04:51:47.105,bitget,ACE/USDT:USDT,0.5849,254.54,0.5848,689.66,0.585,86.41,0.5851,228.92
1753591907195,04:51:47.195,bybit,ACE/USDT:USDT,0.5853,2.9,0.5852,18.2,0.5854,350.8,0.5855,19.0
1753591907180,04:51:47.180,mexc,ACE/USDT:USDT,0.585,4126,0.5849,3890,0.5851,3588,0.5852,22481
1753591907201,04:51:47.201,binance,ACE/USDT:USDT,0.5849,200.42,0.5848,189.77,0.5851,66.08,0.5852,927.96
1753591907256,04:51:47.256,bitget,ACE/USDT:USDT,0.5849,254.54,0.5848,689.66,0.585,86.41,0.5851,228.92
1753591907280,04:51:47.280,mexc,ACE/USDT:USDT,0.585,4126,0.5849,3890,0.5851,3588,0.5852,27262
1753591907406,04:51:47.406,bitget,ACE/USDT:USDT,0.5849,254.54,0.5848,689.66,0.585,86.41,0.5851,228.92
1753591907504,04:51:47.504,okx,ACE/USDT:USDT,0.5848,76.0,0.5846,269.0,0.5851,104.0,0.5852,87.0
1753591907556,04:51:47.556,bitget,ACE/USDT:USDT,0.5849,254.54,0.5848,689.66,0.585,86.41,0.5851,228.92
1753591907594,04:51:47.594,bybit,ACE/USDT:USDT,0.5853,2.9,0.5852,18.2,0.5854,350.8,0.5855,19.0
1753591907694,04:51:47.694,bybit,ACE/USDT:USDT,0.5853,2.9,0.5852,18.2,0.5854,350.8,0.5855,19.0
1753591907681,04:51:47.681,mexc,ACE/USDT:USDT,0.585,4126,0.5849,3890,0.5851,3588,0.5852,22481
1753591907706,04:51:47.706,bitget,ACE/USDT:USDT,0.5849,254.54,0.5848,689.66,0.585,86.41,0.5851,228.92
1753591907780,04:51:47.780,mexc,ACE/USDT:USDT,0.585,4126,0.5849,3890,0.5851,3588,0.5852,34611
1753591908006,04:51:48.006,bitget,ACE/USDT:USDT,0.5849,254.54,0.5848,689.66,0.585,86.41,0.5851,228.92
1753591908156,04:51:48.156,bitget,ACE/USDT:USDT,0.5849,254.54,0.5848,689.66,0.585,86.41,0.5851,228.92
1753591908197,04:51:48.197,bybit,ACE/USDT:USDT,0.5853,2.9,0.5852,18.2,0.5854,350.8,0.5855,19.0
1753591908181,04:51:48.181,mexc,ACE/USDT:USDT,0.585,4126,0.5849,3890,0.5851,3588,0.5852,34611
1753591908204,04:51:48.204,okx,ACE/USDT:USDT,0.5848,76.0,0.5846,269.0,0.5851,104.0,0.5852,87.0
1753591908202,04:51:48.202,binance,ACE/USDT:USDT,0.5849,200.42,0.5848,189.77,0.5851,66.08,0.5852,927.96
1753591908294,04:51:48.294,bybit,ACE/USDT:USDT,0.5853,2.9,0.5852,18.2,0.5854,350.8,0.5855,19.0
1753591908304,04:51:48.304,okx,ACE/USDT:USDT,0.5848,76.0,0.5846,269.0,0.5851,104.0,0.5852,87.0
1753591908306,04:51:48.306,bitget,ACE/USDT:USDT,0.5849,254.54,0.5848,689.66,0.585,86.41,0.5851,228.92
1753591908280,04:51:48.280,mexc,ACE/USDT:USDT,0.585,4126,0.5849,3890,0.5851,3588,0.5852,22481
1753591908456,04:51:48.456,bitget,ACE/USDT:USDT,0.5849,254.54,0.5848,288.82,0.585,86.41,0.5851,228.92
1753591908606,04:51:48.606,bitget,ACE/USDT:USDT,0.5849,254.54,0.5848,288.82,0.585,86.41,0.5851,228.92
1753591908683,04:51:48.683,mexc,ACE/USDT:USDT,0.585,4126,0.5849,3890,0.5851,3588,0.5852,22481
1753591908704,04:51:48.704,okx,ACE/USDT:USDT,0.5848,76.0,0.5846,269.0,0.5851,104.0,0.5852,87.0
1753591908795,04:51:48.795,bybit,ACE/USDT:USDT,0.5853,2.9,0.5852,18.2,0.5854,350.8,0.5855,19.0
1753591908804,04:51:48.804,okx,ACE/USDT:USDT,0.5848,76.0,0.5846,269.0,0.5851,104.0,0.5852,87.0
1753591908802,04:51:48.802,binance,ACE/USDT:USDT,0.5849,200.42,0.5848,189.77,0.5851,66.08,0.5852,927.96
1753591908895,04:51:48.895,bybit,ACE/USDT:USDT,0.5853,2.9,0.5852,18.2,0.5854,350.8,0.5855,19.0
1753591908780,04:51:48.780,mexc,ACE/USDT:USDT,0.585,4126,0.5849,3890,0.5851,3588,0.5852,22481
1753591908917,04:51:48.917,binance,ACE/USDT:USDT,0.5849,200.42,0.5848,189.77,0.5851,66.08,0.5852,927.96
1753591909057,04:51:49.057,bitget,ACE/USDT:USDT,0.5849,254.54,0.5848,288.82,0.585,86.41,0.5851,228.92
1753591909104,04:51:49.104,okx,ACE/USDT:USDT,0.5848,76.0,0.5846,269.0,0.5851,104.0,0.5852,87.0
1753591909181,04:51:49.181,mexc,ACE/USDT:USDT,0.585,4126,0.5849,3890,0.5851,3588,0.5852,22481
1753591909204,04:51:49.204,okx,ACE/USDT:USDT,0.5848,76.0,0.5846,269.0,0.5851,104.0,0.5852,87.0
1753591909207,04:51:49.207,bitget,ACE/USDT:USDT,0.5849,254.54,0.5848,288.82,0.585,86.41,0.5851,228.92
1753591909227,04:51:49.227,binance,ACE/USDT:USDT,0.5849,200.42,0.5848,189.77,0.5851,66.08,0.5852,927.96
1753591909357,04:51:49.357,bitget,ACE/USDT:USDT,0.5849,254.54,0.5848,288.82,0.585,86.41,0.5851,228.92
1753591909395,04:51:49.395,bybit,ACE/USDT:USDT,0.5853,2.9,0.5852,18.2,0.5854,350.8,0.5855,19.0
1753591909281,04:51:49.281,mexc,ACE/USDT:USDT,0.585,4126,0.5849,3890,0.5851,3588,0.5852,33816
1753591909404,04:51:49.404,okx,ACE/USDT:USDT,0.5848,76.0,0.5846,269.0,0.5851,104.0,0.5852,87.0
1753591909402,04:51:49.402,binance,ACE/USDT:USDT,0.5849,200.42,0.5848,189.77,0.5851,66.08,0.5852,927.96
1753591909494,04:51:49.494,bybit,ACE/USDT:USDT,0.5853,2.9,0.5852,18.2,0.5854,350.8,0.5855,19.0
1753591909507,04:51:49.507,bitget,ACE/USDT:USDT,0.5849,254.54,0.5848,288.82,0.585,86.41,0.5851,228.92
1753591909513,04:51:49.513,binance,ACE/USDT:USDT,0.5849,200.42,0.5848,189.77,0.5851,66.08,0.5852,927.96
1753591856673,04:50:56.673,blofin,ACE/USDT:USDT,0.5842,90.0,0.584,308.0,0.5845,16.0,0.5846,1363.0
1753591909682,04:51:49.682,mexc,ACE/USDT:USDT,0.585,4126,0.5849,3890,0.5851,3588,0.5852,28123
1753591909736,04:51:49.736,gateio,ACE/USDT:USDT,0.5846,516.0,0.5842,136.0,0.5854,1000.0,0.5855,5123.0
1753591909804,04:51:49.804,okx,ACE/USDT:USDT,0.5848,76.0,0.5846,269.0,0.5851,104.0,0.5852,87.0
1753591909807,04:51:49.807,bitget,ACE/USDT:USDT,0.5849,254.54,0.5848,288.82,0.585,86.41,0.5851,228.92
1753591909896,04:51:49.896,bybit,ACE/USDT:USDT,0.5853,2.9,0.5852,18.2,0.5854,350.8,0.5855,19.0
1753591909779,04:51:49.779,mexc,ACE/USDT:USDT,0.585,4126,0.5849,6468,0.5851,3588,0.5852,22481
1753591909904,04:51:49.904,okx,ACE/USDT:USDT,0.5848,76.0,0.5846,269.0,0.5851,104.0,0.5852,87.0
1753591909957,04:51:49.957,bitget,ACE/USDT:USDT,0.5849,254.54,0.5848,288.82,0.585,86.41,0.5851,228.92
1753591909994,04:51:49.994,bybit,ACE/USDT:USDT,0.5853,11.5,0.5852,18.2,0.5854,350.8,0.5855,19.0
1753591910004,04:51:50.004,okx,ACE/USDT:USDT,0.5848,76.0,0.5846,269.0,0.5851,104.0,0.5852,87.0
1753591909997,04:51:49.997,binance,ACE/USDT:USDT,0.5849,200.42,0.5848,189.77,0.5851,66.08,0.5852,927.96
1753591910095,04:51:50.095,bybit,ACE/USDT:USDT,0.5853,2.9,0.5852,18.2,0.5854,350.8,0.5855,19.0
1753591910109,04:51:50.109,binance,ACE/USDT:USDT,0.5849,200.42,0.5848,189.77,0.5851,66.08,0.5852,927.96
1753591910182,04:51:50.182,mexc,ACE/USDT:USDT,0.585,4126,0.5849,5227,0.5851,3588,0.5852,22481
1753591910257,04:51:50.257,bitget,ACE/USDT:USDT,0.5849,254.54,0.5848,288.82,0.585,86.41,0.5851,228.92
1753591910284,04:51:50.284,mexc,ACE/USDT:USDT,0.585,4126,0.5849,5646,0.5851,3588,0.5852,38343
1753591910404,04:51:50.404,okx,ACE/USDT:USDT,0.5848,76.0,0.5846,269.0,0.5851,104.0,0.5852,87.0
1753591910408,04:51:50.408,bitget,ACE/USDT:USDT,0.5849,254.54,0.5848,288.82,0.585,86.41,0.5851,228.92
1753591910494,04:51:50.494,bybit,ACE/USDT:USDT,0.5853,2.9,0.5852,18.2,0.5854,350.8,0.5855,19.0
1753591910504,04:51:50.504,okx,ACE/USDT:USDT,0.5848,76.0,0.5846,269.0,0.5851,104.0,0.5852,87.0
1753591910502,04:51:50.502,binance,ACE/USDT:USDT,0.5849,200.42,0.5848,189.77,0.5851,66.08,0.5852,927.96
1753591910558,04:51:50.558,bitget,ACE/USDT:USDT,0.5849,254.54,0.5848,288.82,0.585,86.41,0.5851,228.92
1753591910594,04:51:50.594,bybit,ACE/USDT:USDT,0.5853,2.9,0.5852,18.2,0.5854,350.8,0.5855,19.0
1753591910694,04:51:50.694,bybit,ACE/USDT:USDT,0.5853,11.5,0.5852,18.2,0.5854,350.8,0.5855,19.0
1753591910684,04:51:50.684,mexc,ACE/USDT:USDT,0.585,4126,0.5849,5646,0.5851,3588,0.5852,38343
1753591910708,04:51:50.708,bitget,ACE/USDT:USDT,0.5849,254.54,0.5848,288.82,0.585,86.41,0.5851,228.92
1753591910794,04:51:50.794,bybit,ACE/USDT:USDT,0.5853,2.9,0.5852,26.8,0.5854,350.8,0.5855,19.0
1753591910858,04:51:50.858,bitget,ACE/USDT:USDT,0.5849,254.54,0.5848,288.82,0.585,86.41,0.5851,228.92
1753591910895,04:51:50.895,bybit,ACE/USDT:USDT,0.5853,11.5,0.5852,26.8,0.5854,350.8,0.5855,19.0
1753591910783,04:51:50.783,mexc,ACE/USDT:USDT,0.585,4126,0.5849,5720,0.5851,3588,0.5852,25470
1753591911004,04:51:51.004,okx,ACE/USDT:USDT,0.5848,76.0,0.5846,269.0,0.5851,104.0,0.5852,87.0
1753591911008,04:51:51.008,bitget,ACE/USDT:USDT,0.5849,254.54,0.5848,288.82,0.585,86.41,0.5851,228.92
1753591911110,04:51:51.110,bybit,ACE/USDT:USDT,0.5853,2.9,0.5852,26.8,0.5854,350.8,0.5855,19.0
1753591911104,04:51:51.104,okx,ACE/USDT:USDT,0.5848,76.0,0.5846,269.0,0.5851,104.0,0.5852,87.0
1753591911102,04:51:51.102,binance,ACE/USDT:USDT,0.5849,200.42,0.5848,189.77,0.5851,66.08,0.5852,927.96
1753591911158,04:51:51.158,bitget,ACE/USDT:USDT,0.5849,254.54,0.5848,288.82,0.585,86.41,0.5851,228.92
1753591911196,04:51:51.196,bybit,ACE/USDT:USDT,0.5853,11.5,0.5852,26.8,0.5854,350.8,0.5855,19.0
1753591911190,04:51:51.190,mexc,ACE/USDT:USDT,0.585,4126,0.5849,3890,0.5851,3588,0.5852,25470
1753591911294,04:51:51.294,bybit,ACE/USDT:USDT,0.5853,2.9,0.5852,26.8,0.5854,350.8,0.5855,19.0
1753591911304,04:51:51.304,okx,ACE/USDT:USDT,0.5848,76.0,0.5846,269.0,0.5851,104.0,0.5852,87.0
1753591911302,04:51:51.302,binance,ACE/USDT:USDT,0.5848,189.77,0.5847,271.37,0.5851,66.08,0.5852,846.56
1753591911394,04:51:51.394,bybit,ACE/USDT:USDT,0.5853,11.5,0.5852,26.8,0.5854,350.8,0.5855,19.0
1753591911281,04:51:51.281,mexc,ACE/USDT:USDT,0.585,4126,0.5849,4935,0.5851,3588,0.5852,39294
1753591911407,04:51:51.407,binance,ACE/USDT:USDT,0.5848,189.77,0.5847,271.37,0.5851,66.08,0.5852,846.56
1753591911458,04:51:51.458,bitget,ACE/USDT:USDT,0.5849,254.54,0.5848,288.82,0.585,86.41,0.5851,228.92
1753591911494,04:51:51.494,bybit,ACE/USDT:USDT,0.5853,2.9,0.5852,26.8,0.5854,350.8,0.5855,19.0
1753591911595,04:51:51.595,bybit,ACE/USDT:USDT,0.5853,11.5,0.5852,26.8,0.5854,350.8,0.5855,19.0
1753591911604,04:51:51.604,okx,ACE/USDT:USDT,0.5848,76.0,0.5846,269.0,0.5851,104.0,0.5852,87.0
1753591911607,04:51:51.607,binance,ACE/USDT:USDT,0.5848,189.77,0.5847,271.37,0.5851,66.08,0.5852,846.56
1753591911608,04:51:51.608,bitget,ACE/USDT:USDT,0.5849,254.54,0.5848,288.82,0.585,86.41,0.5851,228.92
1753591911240,04:51:51.240,phemex,ACE/USDT:USDT,0.5848,981.0,0.5847,3131.0,0.585,42.0,0.5851,1069.0
1753591911424,04:51:51.424,phemex,ACE/USDT:USDT,0.5849,42.0,0.5848,981.0,0.585,42.0,0.5851,1069.0
1753591911655,04:51:51.655,phemex,ACE/USDT:USDT,0.5848,43.0,0.5847,42.0,0.585,539.0,0.5851,5370.0
1753591911619,04:51:51.619,gateio,ACE/USDT:USDT,0.5846,516.0,0.5842,136.0,0.5854,1000.0,0.5855,5123.0
1753591911674,04:51:51.674,phemex,ACE/USDT:USDT,0.5848,43.0,0.5847,42.0,0.5849,42.0,0.585,539.0
1753591911696,04:51:51.696,phemex,ACE/USDT:USDT,0.5847,42.0,0.5846,4786.0,0.5849,42.0,0.585,539.0
1753591911695,04:51:51.695,bybit,ACE/USDT:USDT,0.5853,11.5,0.5852,8.6,0.5854,350.8,0.5855,19.0
1753591911700,04:51:51.700,phemex,ACE/USDT:USDT,0.5847,42.0,0.5846,4786.0,0.5849,42.0,0.585,539.0
1753591911680,04:51:51.680,mexc,ACE/USDT:USDT,0.585,4126,0.5849,4935,0.5851,3588,0.5852,31162
1753591911758,04:51:51.758,bitget,ACE/USDT:USDT,0.5849,62.23,0.5848,288.82,0.585,192.33,0.5851,228.92
1753591911796,04:51:51.796,bybit,ACE/USDT:USDT,0.5853,20.1,0.5852,8.6,0.5854,350.8,0.5855,19.0
1753591911830,04:51:51.830,binance,ACE/USDT:USDT,0.5847,81.6,0.5846,1061.16,0.585,200.42,0.5851,289.65
1753591911870,04:51:51.870,phemex,ACE/USDT:USDT,0.5847,42.0,0.5846,4786.0,0.5849,42.0,0.585,539.0
1753591911783,04:51:51.783,mexc,ACE/USDT:USDT,0.585,4126,0.5849,3890,0.5851,3588,0.5852,22481
1753591911952,04:51:51.952,binance,ACE/USDT:USDT,0.5848,200.42,0.5847,189.39,0.585,234.62,0.5851,289.65
1753591911994,04:51:51.994,bybit,ACE/USDT:USDT,0.5853,11.5,0.5852,8.6,0.5854,350.8,0.5855,19.0
1753591912020,04:51:52.020,phemex,ACE/USDT:USDT,0.5847,42.0,0.5846,4786.0,0.585,539.0,0.5851,5412.0
1753591912059,04:51:52.059,bitget,ACE/USDT:USDT,0.5848,105.92,0.5847,346.79,0.5849,86.41,0.585,86.41
1753591912094,04:51:52.094,bybit,ACE/USDT:USDT,0.5853,11.5,0.5852,26.8,0.5854,350.8,0.5855,19.0
1753591912084,04:51:52.084,mexc,ACE/USDT:USDT,0.585,4126,0.5849,8253,0.5851,3588,0.5852,22481
1753591912089,04:51:52.089,binance,ACE/USDT:USDT,0.5848,200.42,0.5847,189.39,0.585,34.2,0.5851,255.47
1753591912169,04:51:52.169,phemex,ACE/USDT:USDT,0.5847,42.0,0.5846,4786.0,0.585,497.0,0.5851,5412.0
1753591912194,04:51:52.194,bybit,ACE/USDT:USDT,0.5853,2.9,0.5852,26.8,0.5854,350.8,0.5855,19.0
1753591912196,04:51:52.196,binance,ACE/USDT:USDT,0.5848,200.42,0.5847,189.39,0.585,34.2,0.5851,255.47
1753591912209,04:51:52.209,bitget,ACE/USDT:USDT,0.5848,105.92,0.5847,346.79,0.5849,86.41,0.585,228.38
1753591912304,04:51:52.304,okx,ACE/USDT:USDT,0.5848,76.0,0.5846,185.0,0.5851,104.0,0.5852,87.0
1753591912098,04:51:52.098,mexc,ACE/USDT:USDT,0.5849,4363,0.5848,5073,0.585,5858,0.5851,6118
1753591912395,04:51:52.395,bybit,ACE/USDT:USDT,0.5853,11.5,0.5852,26.8,0.5854,350.8,0.5855,19.0
1753591912359,04:51:52.359,bitget,ACE/USDT:USDT,0.5848,105.92,0.5847,261.29,0.5849,86.41,0.585,228.38
1753591912284,04:51:52.284,mexc,ACE/USDT:USDT,0.5849,4363,0.5848,7434,0.585,5858,0.5851,6118
1753591912604,04:51:52.604,okx,ACE/USDT:USDT,0.5848,76.0,0.5846,185.0,0.5851,104.0,0.5852,87.0
1753591912659,04:51:52.659,bitget,ACE/USDT:USDT,0.5848,105.92,0.5847,261.29,0.5849,86.41,0.585,228.38
1753591912694,04:51:52.694,bybit,ACE/USDT:USDT,0.5853,11.5,0.5852,26.8,0.5854,350.8,0.5855,19.0
1753591912683,04:51:52.683,mexc,ACE/USDT:USDT,0.5849,4363,0.5848,7434,0.585,5858,0.5851,6118
1753591912704,04:51:52.704,okx,ACE/USDT:USDT,0.5848,76.0,0.5846,185.0,0.5851,104.0,0.5852,87.0
1753591912802,04:51:52.802,binance,ACE/USDT:USDT,0.5848,200.42,0.5847,189.39,0.585,34.2,0.5851,255.47
1753591912809,04:51:52.809,bitget,ACE/USDT:USDT,0.5848,105.92,0.5847,261.29,0.5849,86.41,0.585,228.38
1753591912783,04:51:52.783,mexc,ACE/USDT:USDT,0.5849,4363,0.5848,6965,0.585,5858,0.5851,6118
1753591912904,04:51:52.904,okx,ACE/USDT:USDT,0.5848,76.0,0.5846,185.0,0.5851,104.0,0.5852,87.0
1753591912994,04:51:52.994,bybit,ACE/USDT:USDT,0.5853,11.5,0.5852,26.8,0.5854,350.8,0.5855,19.0
1753591912959,04:51:52.959,bitget,ACE/USDT:USDT,0.5848,105.92,0.5847,261.29,0.5849,86.41,0.585,228.38
1753591913004,04:51:53.004,okx,ACE/USDT:USDT,0.5848,76.0,0.5846,185.0,0.5851,104.0,0.5852,87.0
1753591913094,04:51:53.094,bybit,ACE/USDT:USDT,0.5853,2.9,0.5852,26.8,0.5854,350.8,0.5855,19.0
1753591913104,04:51:53.104,okx,ACE/USDT:USDT,0.5848,76.0,0.5846,185.0,0.5851,104.0,0.5852,87.0
1753591913109,04:51:53.109,bitget,ACE/USDT:USDT,0.5848,105.92,0.5847,261.29,0.5849,86.41,0.585,228.38
1753591913194,04:51:53.194,bybit,ACE/USDT:USDT,0.5853,11.5,0.5852,26.8,0.5854,350.8,0.5855,19.0
1753591913187,04:51:53.187,binance,ACE/USDT:USDT,0.5848,200.42,0.5847,189.39,0.585,34.2,0.5851,255.47
1753591913204,04:51:53.204,okx,ACE/USDT:USDT,0.5848,76.0,0.5846,185.0,0.5851,104.0,0.5852,87.0
1753591913190,04:51:53.190,mexc,ACE/USDT:USDT,0.5849,4363,0.5848,5073,0.585,5858,0.5851,6118
1753591913259,04:51:53.259,bitget,ACE/USDT:USDT,0.5848,105.92,0.5847,261.29,0.5849,86.41,0.585,228.38
1753591913297,04:51:53.297,binance,ACE/USDT:USDT,0.5848,200.42,0.5847,189.39,0.585,34.2,0.5851,255.47
1753591913394,04:51:53.394,bybit,ACE/USDT:USDT,0.5853,11.5,0.5852,26.8,0.5854,350.8,0.5855,19.0
1753591913282,04:51:53.282,mexc,ACE/USDT:USDT,0.5849,4363,0.5848,5073,0.585,5858,0.5851,6118
1753591913409,04:51:53.409,bitget,ACE/USDT:USDT,0.5848,105.92,0.5847,261.29,0.5849,86.41,0.585,228.38
1753591913594,04:51:53.594,bybit,ACE/USDT:USDT,0.5853,11.5,0.5852,26.8,0.5854,350.8,0.5855,19.0
1753591913559,04:51:53.559,bitget,ACE/USDT:USDT,0.5848,105.92,0.5847,261.29,0.5849,86.41,0.585,228.38
1753591913604,04:51:53.604,okx,ACE/USDT:USDT,0.5848,76.0,0.5846,185.0,0.5851,104.0,0.5852,87.0
1753591913684,04:51:53.684,mexc,ACE/USDT:USDT,0.5849,4363,0.5848,5073,0.585,5858,0.5851,6118
1753591913704,04:51:53.704,okx,ACE/USDT:USDT,0.5848,76.0,0.5846,185.0,0.5851,104.0,0.5852,87.0
1753591913751,04:51:53.751,phemex,ACE/USDT:USDT,0.5847,42.0,0.5846,4786.0,0.585,493.0,0.5851,5412.0
1753591913860,04:51:53.860,bitget,ACE/USDT:USDT,0.5848,105.92,0.5847,261.29,0.5849,86.41,0.585,228.38
1753591913783,04:51:53.783,mexc,ACE/USDT:USDT,0.5849,4363,0.5848,5073,0.585,5858,0.5851,6118
1753591913902,04:51:53.902,binance,ACE/USDT:USDT,0.5848,200.42,0.5847,189.39,0.585,34.2,0.5851,255.47
1753591913995,04:51:53.995,bybit,ACE/USDT:USDT,0.5853,11.5,0.5852,26.8,0.5854,350.8,0.5855,19.0
1753591914005,04:51:54.005,binance,ACE/USDT:USDT,0.5848,200.42,0.5847,189.39,0.585,34.2,0.5851,255.47
1753591914010,04:51:54.010,bitget,ACE/USDT:USDT,0.5848,105.92,0.5847,261.29,0.5849,86.41,0.585,228.38
1753591914095,04:51:54.095,bybit,ACE/USDT:USDT,0.5853,11.5,0.5852,26.8,0.5854,350.8,0.5855,19.0
1753591914204,04:51:54.204,okx,ACE/USDT:USDT,0.5848,76.0,0.5846,185.0,0.5851,104.0,0.5852,87.0
1753591914185,04:51:54.185,mexc,ACE/USDT:USDT,0.5849,4363,0.5848,5073,0.585,5858,0.5851,6118
1753591914304,04:51:54.304,okx,ACE/USDT:USDT,0.5848,76.0,0.5846,185.0,0.5851,104.0,0.5852,87.0
1753591914302,04:51:54.302,binance,ACE/USDT:USDT,0.5848,200.42,0.5847,189.39,0.585,34.2,0.5851,255.47
1753591914282,04:51:54.282,mexc,ACE/USDT:USDT,0.5849,4363,0.5848,7759,0.585,5858,0.5851,7858
1753591914405,04:51:54.405,binance,ACE/USDT:USDT,0.5848,200.42,0.5847,189.39,0.585,34.2,0.5851,255.47
1753591914494,04:51:54.494,bybit,ACE/USDT:USDT,0.5853,2.9,0.5852,26.8,0.5854,350.8,0.5855,19.0
1753591914594,04:51:54.594,bybit,ACE/USDT:USDT,0.5853,11.5,0.5852,26.8,0.5854,350.8,0.5855,19.0
1753591914610,04:51:54.610,bitget,ACE/USDT:USDT,0.5848,105.92,0.5847,261.29,0.5849,86.41,0.585,228.38
1753591914683,04:51:54.683,mexc,ACE/USDT:USDT,0.5849,4363,0.5848,7003,0.585,5858,0.5851,7858
1753591914760,04:51:54.760,bitget,ACE/USDT:USDT,0.5848,105.92,0.5847,261.29,0.5849,86.41,0.585,228.38
1753591914784,04:51:54.784,mexc,ACE/USDT:USDT,0.5849,4363,0.5848,5073,0.585,5858,0.5851,8082
1753591914902,04:51:54.902,binance,ACE/USDT:USDT,0.5848,200.42,0.5847,189.39,0.585,34.2,0.5851,255.47
1753591914910,04:51:54.910,bitget,ACE/USDT:USDT,0.5848,105.92,0.5847,261.29,0.5849,86.41,0.585,228.38
1753591857174,04:50:57.174,blofin,ACE/USDT:USDT,0.5842,90.0,0.584,308.0,0.5844,9.0,0.5845,7.0
1753591915183,04:51:55.183,mexc,ACE/USDT:USDT,0.5849,4363,0.5848,5073,0.585,5858,0.5851,6118
1753591915304,04:51:55.304,okx,ACE/USDT:USDT,0.5848,76.0,0.5846,185.0,0.5851,104.0,0.5852,87.0
1753591915361,04:51:55.361,bitget,ACE/USDT:USDT,0.5848,105.92,0.5847,261.29,0.5849,86.41,0.585,228.38
1753591915281,04:51:55.281,mexc,ACE/USDT:USDT,0.5849,4363,0.5848,8678,0.585,5858,0.5851,6973
1753591915502,04:51:55.502,binance,ACE/USDT:USDT,0.5848,200.42,0.5847,189.39,0.585,34.2,0.5851,255.47
1753591915594,04:51:55.594,bybit,ACE/USDT:USDT,0.5853,11.5,0.5852,26.8,0.5854,350.8,0.5855,19.0
1753591915661,04:51:55.661,bitget,ACE/USDT:USDT,0.5848,105.92,0.5847,261.29,0.5849,86.41,0.585,228.38
1753591915694,04:51:55.694,bybit,ACE/USDT:USDT,0.5853,11.5,0.5852,26.8,0.5854,350.8,0.5855,19.0
1753591915681,04:51:55.681,mexc,ACE/USDT:USDT,0.5849,4363,0.5848,8678,0.585,5858,0.5851,6118
1753591915783,04:51:55.783,mexc,ACE/USDT:USDT,0.5849,4363,0.5848,7476,0.585,5858,0.5851,6118
1753591915961,04:51:55.961,bitget,ACE/USDT:USDT,0.5848,105.92,0.5847,261.29,0.5849,86.41,0.585,228.38
1753591916102,04:51:56.102,binance,ACE/USDT:USDT,0.5848,200.42,0.5847,189.39,0.585,34.2,0.5851,255.47
1753591916182,04:51:56.182,mexc,ACE/USDT:USDT,0.5849,4363,0.5848,7476,0.585,5858,0.5851,6118
1753591916225,04:51:56.225,phemex,ACE/USDT:USDT,0.5847,42.0,0.5846,4786.0,0.5851,568.0,0.5852,3999.0
1753591916205,04:51:56.205,gateio,ACE/USDT:USDT,0.5846,516.0,0.5842,136.0,0.5854,1000.0,0.5855,5123.0
1753591916243,04:51:56.243,phemex,ACE/USDT:USDT,0.5847,639.0,0.5846,4189.0,0.585,42.0,0.5851,568.0
1753591916295,04:51:56.295,bybit,ACE/USDT:USDT,0.5853,11.5,0.5852,26.8,0.5854,350.8,0.5855,19.0
1753591916285,04:51:56.285,binance,ACE/USDT:USDT,0.5848,214.88,0.5847,189.39,0.585,200.42,0.5851,255.47
1753591916304,04:51:56.304,okx,ACE/USDT:USDT,0.5848,76.0,0.5846,185.0,0.5851,89.0,0.5852,87.0
1753591916298,04:51:56.298,phemex,ACE/USDT:USDT,0.5848,42.0,0.5847,639.0,0.585,42.0,0.5851,568.0
1753591916332,04:51:56.332,phemex,ACE/USDT:USDT,0.5848,42.0,0.5847,639.0,0.585,667.0,0.5851,2207.0
1753591916294,04:51:56.294,gateio,ACE/USDT:USDT,0.5846,516.0,0.5842,136.0,0.5854,1000.0,0.5855,5123.0
1753591916284,04:51:56.284,mexc,ACE/USDT:USDT,0.5849,4363,0.5848,6685,0.585,5858,0.5851,6118
1753591916390,04:51:56.390,binance,ACE/USDT:USDT,0.5848,214.88,0.5847,189.39,0.585,234.62,0.5851,255.47
1753591916504,04:51:56.504,okx,ACE/USDT:USDT,0.5848,76.0,0.5846,185.0,0.5851,89.0,0.5852,87.0
1753591916561,04:51:56.561,bitget,ACE/USDT:USDT,0.5848,105.92,0.5847,261.29,0.585,86.41,0.5851,338.19
1753591916684,04:51:56.684,mexc,ACE/USDT:USDT,0.5849,4363,0.5848,5073,0.585,5858,0.5851,6118
1753591916702,04:51:56.702,binance,ACE/USDT:USDT,0.5848,214.88,0.5847,189.39,0.585,234.62,0.5851,255.47
1753591916711,04:51:56.711,bitget,ACE/USDT:USDT,0.5848,105.92,0.5847,261.29,0.585,86.41,0.5851,338.19
1753591916794,04:51:56.794,bybit,ACE/USDT:USDT,0.5853,20.1,0.5852,26.8,0.5854,350.8,0.5855,19.0
1753591916804,04:51:56.804,okx,ACE/USDT:USDT,0.5848,76.0,0.5846,185.0,0.5851,89.0,0.5852,87.0
1753591916806,04:51:56.806,binance,ACE/USDT:USDT,0.5848,214.88,0.5847,189.39,0.585,234.62,0.5851,255.47
1753591916332,04:51:56.332,phemex,ACE/USDT:USDT,0.5848,42.0,0.5847,639.0,0.585,667.0,0.5851,2207.0
1753591916894,04:51:56.894,bybit,ACE/USDT:USDT,0.5853,11.5,0.5852,26.8,0.5854,350.8,0.5855,19.0
1753591916862,04:51:56.862,bitget,ACE/USDT:USDT,0.5848,105.92,0.5847,261.29,0.585,86.41,0.5851,338.19
1753591916783,04:51:56.783,mexc,ACE/USDT:USDT,0.5849,4363,0.5848,5073,0.585,5858,0.5851,6118
1753591916915,04:51:56.915,binance,ACE/USDT:USDT,0.5848,214.88,0.5847,189.39,0.585,234.62,0.5851,255.47
1753591917004,04:51:57.004,okx,ACE/USDT:USDT,0.5848,76.0,0.5846,185.0,0.5851,89.0,0.5852,87.0
1753591917012,04:51:57.012,bitget,ACE/USDT:USDT,0.5848,105.92,0.5847,261.29,0.585,86.41,0.5851,338.19
1753591917104,04:51:57.104,okx,ACE/USDT:USDT,0.5848,76.0,0.5846,185.0,0.5851,89.0,0.5852,87.0
1753591917134,04:51:57.134,gateio,ACE/USDT:USDT,0.5846,516.0,0.5842,136.0,0.5854,1000.0,0.5855,5123.0
1753591917162,04:51:57.162,bitget,ACE/USDT:USDT,0.5848,105.92,0.5847,261.29,0.585,86.41,0.5851,338.19
1753591917185,04:51:57.185,mexc,ACE/USDT:USDT,0.5849,4363,0.5848,5073,0.585,5858,0.5851,6118
1753591917137,04:51:57.137,gateio,ACE/USDT:USDT,0.5846,516.0,0.5842,136.0,0.5854,1000.0,0.5855,5123.0
1753591917294,04:51:57.294,bybit,ACE/USDT:USDT,0.5853,11.5,0.5852,26.8,0.5854,350.8,0.5855,19.0
1753591917302,04:51:57.302,binance,ACE/USDT:USDT,0.5848,214.88,0.5847,189.39,0.585,234.62,0.5851,255.47
1753591917312,04:51:57.312,bitget,ACE/USDT:USDT,0.5848,105.92,0.5847,261.29,0.585,86.41,0.5851,338.19
1753591917284,04:51:57.284,mexc,ACE/USDT:USDT,0.5849,4363,0.5848,5073,0.585,5858,0.5851,6118
1753591917437,04:51:57.437,binance,ACE/USDT:USDT,0.5848,214.88,0.5847,189.39,0.585,234.62,0.5851,255.47
1753591917604,04:51:57.604,okx,ACE/USDT:USDT,0.5848,76.0,0.5846,185.0,0.5851,89.0,0.5852,87.0
1753591917684,04:51:57.684,mexc,ACE/USDT:USDT,0.5849,4363,0.5848,5073,0.585,5858,0.5851,6118
1753591917705,04:51:57.705,phemex,ACE/USDT:USDT,0.5848,42.0,0.5847,639.0,0.585,667.0,0.5851,2207.0
1753591917704,04:51:57.704,okx,ACE/USDT:USDT,0.5848,76.0,0.5846,185.0,0.5851,89.0,0.5852,87.0
1753591917729,04:51:57.729,phemex,ACE/USDT:USDT,0.5848,42.0,0.5847,639.0,0.585,667.0,0.5851,2207.0
1753591917783,04:51:57.783,mexc,ACE/USDT:USDT,0.5849,4363,0.5848,6041,0.585,5858,0.5851,8367
1753591917902,04:51:57.902,binance,ACE/USDT:USDT,0.5848,214.88,0.5847,189.39,0.585,234.62,0.5851,255.47
1753591918062,04:51:58.062,bitget,ACE/USDT:USDT,0.5848,105.92,0.5847,261.29,0.585,86.41,0.5851,338.19
1753591918085,04:51:58.085,mexc,ACE/USDT:USDT,0.5849,4363,0.5848,6041,0.585,11583,0.5851,8367
1753591918285,04:51:58.285,mexc,ACE/USDT:USDT,0.5849,4891,0.5848,5239,0.585,5725,0.5851,9859
1753591918362,04:51:58.362,bitget,ACE/USDT:USDT,0.5848,105.92,0.5847,261.29,0.585,86.41,0.5851,338.19
1753591918404,04:51:58.404,okx,ACE/USDT:USDT,0.5848,76.0,0.5846,185.0,0.5851,89.0,0.5852,87.0
1753591918494,04:51:58.494,bybit,ACE/USDT:USDT,0.5853,11.5,0.5852,26.8,0.5854,350.8,0.5855,19.0
1753591918468,04:51:58.468,binance,ACE/USDT:USDT,0.5848,14.46,0.5847,189.39,0.585,234.62,0.5851,255.47
1753591918285,04:51:58.285,mexc,ACE/USDT:USDT,0.5849,4891,0.5848,5239,0.585,5725,0.5851,9859
1753591918504,04:51:58.504,okx,ACE/USDT:USDT,0.5848,76.0,0.5846,185.0,0.5851,87.0,0.5852,87.0
1753591918513,04:51:58.513,bitget,ACE/USDT:USDT,0.5848,105.92,0.5847,261.29,0.585,86.41,0.5851,396.63
1753591918595,04:51:58.595,bybit,ACE/USDT:USDT,0.5853,11.5,0.5852,26.8,0.5854,350.8,0.5855,19.0
1753591918604,04:51:58.604,okx,ACE/USDT:USDT,0.5846,131.0,0.5845,99.0,0.585,124.0,0.5851,94.0
1753591918405,04:51:58.405,phemex,ACE/USDT:USDT,0.5848,1169.0,0.5847,2294.0,0.585,667.0,0.5851,2207.0
1753591918591,04:51:58.591,gateio,ACE/USDT:USDT,0.5846,516.0,0.5842,136.0,0.5854,11250.0,0.5855,5123.0
1753591918663,04:51:58.663,bitget,ACE/USDT:USDT,0.5848,105.92,0.5847,261.29,0.585,86.41,0.5851,396.63
1753591918704,04:51:58.704,okx,ACE/USDT:USDT,0.5846,131.0,0.5845,99.0,0.585,124.0,0.5851,94.0
1753591918689,04:51:58.689,mexc,ACE/USDT:USDT,0.5849,4891,0.5848,5239,0.585,5725,0.5851,7053
1753591918703,04:51:58.703,gateio,ACE/USDT:USDT,0.5846,516.0,0.5842,136.0,0.5854,11250.0,0.5855,5123.0
1753591918804,04:51:58.804,okx,ACE/USDT:USDT,0.5846,131.0,0.5845,99.0,0.585,124.0,0.5851,94.0
1753591918808,04:51:58.808,binance,ACE/USDT:USDT,0.5848,14.46,0.5847,189.39,0.585,200.42,0.5851,255.47
1753591918813,04:51:58.813,bitget,ACE/USDT:USDT,0.5848,105.92,0.5847,261.29,0.585,196.43,0.5851,396.63
1753591918811,04:51:58.811,gateio,ACE/USDT:USDT,0.5846,516.0,0.5842,136.0,0.5854,11250.0,0.5855,5123.0
1753591918788,04:51:58.788,mexc,ACE/USDT:USDT,0.5849,4891,0.5848,5239,0.585,5725,0.5851,7053
1753591918913,04:51:58.913,binance,ACE/USDT:USDT,0.5848,14.46,0.5847,189.39,0.585,200.42,0.5851,255.47
1753591918963,04:51:58.963,bitget,ACE/USDT:USDT,0.5848,105.92,0.5847,261.29,0.585,1461.04,0.5851,396.63
1753591919026,04:51:59.026,binance,ACE/USDT:USDT,0.5848,92.11,0.5847,189.39,0.585,200.42,0.5851,221.28
1753591919113,04:51:59.113,bitget,ACE/USDT:USDT,0.5848,105.92,0.5847,445.51,0.585,196.43,0.5851,396.63
1753591919186,04:51:59.186,phemex,ACE/USDT:USDT,0.5848,1169.0,0.5847,2294.0,0.5849,42.0,0.585,667.0
1753591919197,04:51:59.197,phemex,ACE/USDT:USDT,0.5848,1169.0,0.5847,2294.0,0.585,667.0,0.5851,2207.0
1753591919185,04:51:59.185,mexc,ACE/USDT:USDT,0.5849,4891,0.5848,5239,0.585,5725,0.5851,7053
1753591919220,04:51:59.220,phemex,ACE/USDT:USDT,0.5848,1169.0,0.5847,2294.0,0.585,667.0,0.5851,2207.0
1753591919387,04:51:59.387,binance,ACE/USDT:USDT,0.5848,92.11,0.5847,189.39,0.585,200.42,0.5851,221.28
1753591919283,04:51:59.283,mexc,ACE/USDT:USDT,0.5849,4891,0.5848,5239,0.585,5725,0.5851,7053
1753591919404,04:51:59.404,okx,ACE/USDT:USDT,0.5847,76.0,0.5846,132.0,0.585,124.0,0.5851,94.0
1753591919413,04:51:59.413,bitget,ACE/USDT:USDT,0.5848,105.92,0.5847,445.51,0.585,196.43,0.5851,396.63
1753591919494,04:51:59.494,bybit,ACE/USDT:USDT,0.5853,11.5,0.5852,26.8,0.5854,350.8,0.5855,19.0
1753591919504,04:51:59.504,okx,ACE/USDT:USDT,0.5847,76.0,0.5846,132.0,0.585,124.0,0.5851,94.0
1753591919563,04:51:59.563,bitget,ACE/USDT:USDT,0.5848,105.92,0.5847,445.51,0.585,196.43,0.5851,396.63
1753591919694,04:51:59.694,bybit,ACE/USDT:USDT,0.5853,11.5,0.5852,26.8,0.5854,350.8,0.5855,19.0
1753591919685,04:51:59.685,mexc,ACE/USDT:USDT,0.5849,4891,0.5848,5239,0.585,5725,0.5851,7053
1753591919713,04:51:59.713,bitget,ACE/USDT:USDT,0.5848,105.92,0.5847,445.51,0.585,196.43,0.5851,396.63
1753591857674,04:50:57.674,blofin,ACE/USDT:USDT,0.5842,90.0,0.584,308.0,0.5844,9.0,0.5845,7.0
1753591919863,04:51:59.863,bitget,ACE/USDT:USDT,0.5848,105.92,0.5847,445.51,0.585,196.43,0.5851,396.63
1753591919784,04:51:59.784,mexc,ACE/USDT:USDT,0.5849,4891,0.5848,6987,0.585,5725,0.5851,7053
1753591919994,04:51:59.994,bybit,ACE/USDT:USDT,0.5853,11.5,0.5852,26.8,0.5854,350.8,0.5855,19.0
1753591920197,04:52:00.197,bybit,ACE/USDT:USDT,0.5853,11.5,0.5852,26.8,0.5854,350.8,0.5855,19.0
1753591920164,04:52:00.164,bitget,ACE/USDT:USDT,0.5848,105.92,0.5847,445.51,0.585,196.43,0.5851,396.63
1753591920184,04:52:00.184,mexc,ACE/USDT:USDT,0.5849,4891,0.5848,6987,0.585,5725,0.5851,7053
1753591920294,04:52:00.294,bybit,ACE/USDT:USDT,0.5853,2.9,0.5852,26.8,0.5854,350.8,0.5855,19.0
1753591920268,04:52:00.268,binance,ACE/USDT:USDT,0.5848,92.11,0.5847,189.39,0.585,234.62,0.5851,221.28
1753591920304,04:52:00.304,okx,ACE/USDT:USDT,0.5847,76.0,0.5846,132.0,0.585,124.0,0.5851,94.0
1753591920314,04:52:00.314,bitget,ACE/USDT:USDT,0.5848,105.92,0.5847,445.51,0.585,196.43,0.5851,396.63
1753591920394,04:52:00.394,bybit,ACE/USDT:USDT,0.5853,11.5,0.5852,26.8,0.5854,350.8,0.5855,19.0
1753591920285,04:52:00.285,mexc,ACE/USDT:USDT,0.5849,4891,0.5848,5239,0.585,5725,0.5851,7761
1753591920418,04:52:00.418,gateio,ACE/USDT:USDT,0.5846,516.0,0.5842,136.0,0.5854,1000.0,0.5855,5123.0
1753591920463,04:52:00.463,binance,ACE/USDT:USDT,0.5849,77.65,0.5848,14.46,0.585,206.49,0.5851,221.28
1753591920513,04:52:00.513,bybit,ACE/USDT:USDT,0.5853,2.9,0.5852,26.8,0.5854,350.8,0.5855,19.0
1753591920207,04:52:00.207,phemex,ACE/USDT:USDT,0.5848,1169.0,0.5847,2294.0,0.5849,42.0,0.585,667.0
1753591920223,04:52:00.223,phemex,ACE/USDT:USDT,0.5848,1169.0,0.5847,2294.0,0.585,667.0,0.5851,2207.0
1753591920245,04:52:00.245,phemex,ACE/USDT:USDT,0.5848,1169.0,0.5847,2294.0,0.585,667.0,0.5851,2207.0
1753591920411,04:52:00.411,phemex,ACE/USDT:USDT,0.5849,42.0,0.5848,1169.0,0.585,667.0,0.5851,2207.0
1753591920490,04:52:00.490,phemex,ACE/USDT:USDT,0.5848,1169.0,0.5847,2294.0,0.585,667.0,0.5851,2207.0
1753591920500,04:52:00.500,gateio,ACE/USDT:USDT,0.5846,516.0,0.5842,136.0,0.5854,1000.0,0.5855,5123.0
1753591920614,04:52:00.614,bitget,ACE/USDT:USDT,0.5848,105.92,0.5847,519.99,0.585,86.41,0.5851,338.19
1753591920539,04:52:00.539,gateio,ACE/USDT:USDT,0.5846,516.0,0.5842,136.0,0.5854,1000.0,0.5855,5123.0
1753591920687,04:52:00.687,mexc,ACE/USDT:USDT,0.5849,4891,0.5848,5239,0.585,5725,0.5851,7761
1753591920764,04:52:00.764,bitget,ACE/USDT:USDT,0.5848,105.92,0.5847,519.99,0.585,86.41,0.5851,338.19
1753591920768,04:52:00.768,binance,ACE/USDT:USDT,0.5849,77.65,0.5848,14.46,0.585,206.49,0.5851,221.28
1753591920785,04:52:00.785,gateio,ACE/USDT:USDT,0.5846,516.0,0.5842,136.0,0.5854,1000.0,0.5855,5123.0
1753591920871,04:52:00.871,binance,ACE/USDT:USDT,0.5849,77.65,0.5848,14.46,0.585,206.49,0.5851,221.28
1753591920785,04:52:00.785,mexc,ACE/USDT:USDT,0.5849,4891,0.5848,7274,0.585,5725,0.5851,7053
1753591920914,04:52:00.914,bitget,ACE/USDT:USDT,0.5848,105.92,0.5847,519.99,0.585,86.41,0.5851,338.19
1753591921094,04:52:01.094,bybit,ACE/USDT:USDT,0.5853,11.5,0.5852,26.8,0.5854,350.8,0.5855,19.0
1753591921187,04:52:01.187,mexc,ACE/USDT:USDT,0.5849,4891,0.5848,5239,0.585,5725,0.5851,7053
1753591921214,04:52:01.214,bitget,ACE/USDT:USDT,0.5848,105.92,0.5847,519.99,0.585,86.41,0.5851,338.19
1753591921295,04:52:01.295,bybit,ACE/USDT:USDT,0.5853,11.5,0.5852,26.8,0.5854,350.8,0.5855,19.0
1753591921305,04:52:01.305,binance,ACE/USDT:USDT,0.5849,77.65,0.5848,14.46,0.585,206.49,0.5851,221.28
1753591921285,04:52:01.285,mexc,ACE/USDT:USDT,0.5849,4891,0.5848,5239,0.585,5725,0.5851,7053
1753591921479,04:52:01.479,phemex,ACE/USDT:USDT,0.5849,42.0,0.5848,1169.0,0.585,1027.0,0.5851,3692.0
1753591921500,04:52:01.500,phemex,ACE/USDT:USDT,0.5849,42.0,0.5848,1169.0,0.5851,42.0,0.5852,3999.0
1753591921520,04:52:01.520,phemex,ACE/USDT:USDT,0.5849,42.0,0.5848,1169.0,0.5851,42.0,0.5852,3999.0
1753591921501,04:52:01.501,binance,ACE/USDT:USDT,0.5849,77.65,0.5848,14.46,0.5851,221.28,0.5852,823.37
1753591921538,04:52:01.538,phemex,ACE/USDT:USDT,0.5849,42.0,0.5848,1766.0,0.5851,42.0,0.5852,3999.0
1753591921514,04:52:01.514,bitget,ACE/USDT:USDT,0.5848,105.92,0.5847,519.99,0.585,86.41,0.5851,338.19
1753591921595,04:52:01.595,bybit,ACE/USDT:USDT,0.5853,2.9,0.5852,26.8,0.5854,350.8,0.5855,19.0
1753591921620,04:52:01.620,binance,ACE/USDT:USDT,0.5849,77.65,0.5848,14.46,0.5851,31.89,0.5852,812.37
1753591921677,04:52:01.677,phemex,ACE/USDT:USDT,0.5849,42.0,0.5848,1766.0,0.5852,3999.0,0.5853,4564.0
1753591921694,04:52:01.694,bybit,ACE/USDT:USDT,0.5853,11.5,0.5852,26.8,0.5854,350.8,0.5855,19.0
1753591921665,04:52:01.665,bitget,ACE/USDT:USDT,0.5848,346.71,0.5847,519.99,0.5851,228.17,0.5852,110.02
1753591921684,04:52:01.684,mexc,ACE/USDT:USDT,0.5849,4891,0.5848,5239,0.585,5725,0.5851,7053
1753591921746,04:52:01.746,binance,ACE/USDT:USDT,0.5849,77.65,0.5848,14.46,0.5851,31.89,0.5852,812.37
1753591921815,04:52:01.815,bitget,ACE/USDT:USDT,0.5849,169.2,0.5848,191.38,0.5852,227.94,0.5854,105.9
1753591921837,04:52:01.837,phemex,ACE/USDT:USDT,0.5849,42.0,0.5848,1766.0,0.5851,42.0,0.5852,3999.0
1753591921786,04:52:01.786,mexc,ACE/USDT:USDT,0.5849,4891,0.5848,6574,0.585,5725,0.5851,7053
1753591921947,04:52:01.947,phemex,ACE/USDT:USDT,0.5849,42.0,0.5848,1169.0,0.5851,42.0,0.5852,3999.0
1753591921909,04:52:01.909,gateio,ACE/USDT:USDT,0.5847,138.0,0.5846,516.0,0.5854,1000.0,0.5855,5123.0
1753591921945,04:52:01.945,binance,ACE/USDT:USDT,0.585,200.42,0.5849,77.65,0.5851,31.89,0.5852,812.37
1753591921952,04:52:01.952,phemex,ACE/USDT:USDT,0.5849,639.0,0.5848,1169.0,0.5851,42.0,0.5852,3999.0
1753591921994,04:52:01.994,bybit,ACE/USDT:USDT,0.5853,2.9,0.5852,26.8,0.5854,350.8,0.5855,19.0
1753591921965,04:52:01.965,bitget,ACE/USDT:USDT,0.585,110.02,0.5849,169.2,0.5851,86.41,0.5853,227.94
1753591921976,04:52:01.976,gateio,ACE/USDT:USDT,0.5847,138.0,0.5846,516.0,0.5854,1000.0,0.5855,5123.0
1753591922094,04:52:02.094,binance,ACE/USDT:USDT,0.585,200.42,0.5848,196.38,0.5851,31.89,0.5852,228.23
1753591922115,04:52:02.115,bitget,ACE/USDT:USDT,0.585,110.02,0.5849,570.04,0.5851,86.41,0.5852,337.96
1753591922078,04:52:02.078,gateio,ACE/USDT:USDT,0.5847,138.0,0.5846,516.0,0.5854,1000.0,0.5855,5123.0
1753591922194,04:52:02.194,bybit,ACE/USDT:USDT,0.5853,2.9,0.5852,26.8,0.5854,350.8,0.5855,19.0
1753591922186,04:52:02.186,mexc,ACE/USDT:USDT,0.5849,4891,0.5848,5836,0.585,5725,0.5851,7053
1753591922195,04:52:02.195,binance,ACE/USDT:USDT,0.5849,200.42,0.5848,185.38,0.5851,31.89,0.5852,262.41
1753591922296,04:52:02.296,bybit,ACE/USDT:USDT,0.5853,2.9,0.5852,26.8,0.5854,350.8,0.5855,19.0
1753591922319,04:52:02.319,binance,ACE/USDT:USDT,0.5848,185.38,0.5847,189.39,0.5851,31.89,0.5852,262.41
1753591922395,04:52:02.395,bybit,ACE/USDT:USDT,0.5853,11.5,0.5852,26.8,0.5854,350.8,0.5855,19.0
1753591922285,04:52:02.285,mexc,ACE/USDT:USDT,0.5849,4891,0.5848,7472,0.585,5725,0.5851,7053
1753591922415,04:52:02.415,bitget,ACE/USDT:USDT,0.5849,169.2,0.5848,191.38,0.585,86.41,0.5851,196.43
1753591922494,04:52:02.494,bybit,ACE/USDT:USDT,0.5853,2.9,0.5852,26.8,0.5854,350.8,0.5855,19.0
1753591922504,04:52:02.504,okx,ACE/USDT:USDT,0.5846,131.0,0.5845,99.0,0.585,86.0,0.5851,93.0
1753591922502,04:52:02.502,binance,ACE/USDT:USDT,0.5848,185.38,0.5847,189.39,0.585,200.42,0.5851,66.09
1753591922184,04:52:02.184,phemex,ACE/USDT:USDT,0.585,42.0,0.5849,42.0,0.5851,42.0,0.5852,3999.0
1753591922245,04:52:02.245,phemex,ACE/USDT:USDT,0.585,42.0,0.5849,42.0,0.5852,3999.0,0.5853,4564.0
1753591922518,04:52:02.518,phemex,ACE/USDT:USDT,0.5849,42.0,0.5848,1169.0,0.5851,42.0,0.5852,3999.0
1753591922581,04:52:02.581,phemex,ACE/USDT:USDT,0.5848,1169.0,0.5847,2294.0,0.5851,42.0,0.5852,3999.0
1753591922594,04:52:02.594,bybit,ACE/USDT:USDT,0.5853,11.5,0.5852,26.8,0.5854,350.8,0.5855,19.0
1753591922604,04:52:02.604,okx,ACE/USDT:USDT,0.5846,131.0,0.5845,99.0,0.585,86.0,0.5851,93.0
1753591922608,04:52:02.608,binance,ACE/USDT:USDT,0.5848,185.38,0.5847,189.39,0.585,200.42,0.5851,66.09
1753591922695,04:52:02.695,bybit,ACE/USDT:USDT,0.5853,2.9,0.5852,26.8,0.5854,350.8,0.5855,19.0
1753591922704,04:52:02.704,okx,ACE/USDT:USDT,0.5846,131.0,0.5845,99.0,0.585,86.0,0.5851,93.0
1753591922686,04:52:02.686,mexc,ACE/USDT:USDT,0.5849,4891,0.5848,7472,0.585,5725,0.5851,7053
1753591922715,04:52:02.715,bitget,ACE/USDT:USDT,0.5848,352.07,0.5847,649.14,0.585,86.41,0.5851,337.96
1753591922746,04:52:02.746,phemex,ACE/USDT:USDT,0.5848,1169.0,0.5847,2294.0,0.5851,42.0,0.5852,3999.0
1753591922794,04:52:02.794,bybit,ACE/USDT:USDT,0.5853,11.5,0.5852,26.8,0.5854,350.8,0.5855,19.0
1753591922837,04:52:02.837,binance,ACE/USDT:USDT,0.5848,185.38,0.5847,189.39,0.5851,100.27,0.5852,416.27
1753591922894,04:52:02.894,bybit,ACE/USDT:USDT,0.5853,11.5,0.5852,26.8,0.5854,350.8,0.5855,19.0
1753591922878,04:52:02.878,phemex,ACE/USDT:USDT,0.5849,42.0,0.5848,1169.0,0.5851,42.0,0.5852,3999.0
1753591922784,04:52:02.784,mexc,ACE/USDT:USDT,0.5849,4891,0.5848,5239,0.585,5725,0.5851,9976
1753591922918,04:52:02.918,gateio,ACE/USDT:USDT,0.5847,138.0,0.5846,516.0,0.5854,1000.0,0.5855,5123.0
1753591922945,04:52:02.945,binance,ACE/USDT:USDT,0.5848,185.38,0.5847,189.39,0.5851,100.27,0.5852,416.27
1753591922995,04:52:02.995,bybit,ACE/USDT:USDT,0.5853,2.9,0.5852,26.8,0.5854,350.8,0.5855,19.0
1753591923004,04:52:03.004,okx,ACE/USDT:USDT,0.5847,76.0,0.5846,132.0,0.5851,93.0,0.5852,87.0
1753591923015,04:52:03.015,bitget,ACE/USDT:USDT,0.5849,110.02,0.5848,105.92,0.585,227.79,0.5851,110.02
1753591923067,04:52:03.067,phemex,ACE/USDT:USDT,0.5848,1169.0,0.5847,2294.0,0.5851,42.0,0.5852,3999.0
1753591923165,04:52:03.165,bitget,ACE/USDT:USDT,0.5848,328.9,0.5847,946.8,0.585,86.41,0.5851,337.81
1753591923189,04:52:03.189,mexc,ACE/USDT:USDT,0.5849,4891,0.5848,5239,0.585,5725,0.5851,9976
1753591923260,04:52:03.260,binance,ACE/USDT:USDT,0.5848,185.38,0.5847,189.39,0.5851,100.27,0.5852,416.27
1753591923304,04:52:03.304,okx,ACE/USDT:USDT,0.5847,76.0,0.5846,132.0,0.5851,93.0,0.5852,87.0
1753591923391,04:52:03.391,binance,ACE/USDT:USDT,0.5848,185.38,0.5847,189.39,0.5851,100.27,0.5852,416.27
1753591923287,04:52:03.287,mexc,ACE/USDT:USDT,0.5849,4891,0.5848,5239,0.585,5725,0.5851,8231
1753591923466,04:52:03.466,bitget,ACE/USDT:USDT,0.5849,110.02,0.5848,328.9,0.585,86.41,0.5851,337.81
1753591923496,04:52:03.496,binance,ACE/USDT:USDT,0.5848,185.38,0.5847,189.39,0.5851,100.27,0.5852,416.27
1753591923093,04:52:03.093,phemex,ACE/USDT:USDT,0.5849,42.0,0.5848,1169.0,0.5851,42.0,0.5852,3999.0
1753591923616,04:52:03.616,bitget,ACE/USDT:USDT,0.5849,110.02,0.5848,328.9,0.585,86.41,0.5851,337.81
1753591923686,04:52:03.686,mexc,ACE/USDT:USDT,0.5849,4891,0.5848,5239,0.585,5725,0.5851,8231
1753591923808,04:52:03.808,bybit,ACE/USDT:USDT,0.5853,2.9,0.5852,26.8,0.5854,350.8,0.5855,19.0
1753591923804,04:52:03.804,okx,ACE/USDT:USDT,0.5847,76.0,0.5846,132.0,0.5851,93.0,0.5852,87.0
1753591923803,04:52:03.803,binance,ACE/USDT:USDT,0.5848,185.38,0.5847,189.39,0.5851,100.27,0.5852,416.27
1753591923894,04:52:03.894,bybit,ACE/USDT:USDT,0.5853,2.9,0.5852,26.8,0.5854,350.8,0.5855,19.0
1753591923810,04:52:03.810,mexc,ACE/USDT:USDT,0.5849,4891,0.5848,5239,0.585,5725,0.5851,7053
1753591923916,04:52:03.916,bitget,ACE/USDT:USDT,0.5849,110.02,0.5848,328.9,0.585,86.41,0.5851,337.81
1753591858174,04:50:58.174,blofin,ACE/USDT:USDT,0.5842,90.0,0.584,308.0,0.5845,14.0,0.5846,814.0
1753591923994,04:52:03.994,bybit,ACE/USDT:USDT,0.5853,2.9,0.5852,26.8,0.5854,350.8,0.5855,19.0
1753591924004,04:52:04.004,okx,ACE/USDT:USDT,0.5847,76.0,0.5846,132.0,0.5851,93.0,0.5852,87.0
1753591924002,04:52:04.002,binance,ACE/USDT:USDT,0.5848,185.38,0.5847,189.39,0.5851,100.27,0.5852,416.27
1753591924066,04:52:04.066,bitget,ACE/USDT:USDT,0.5849,110.02,0.5848,328.9,0.585,86.41,0.5851,337.81
1753591924091,04:52:04.091,mexc,ACE/USDT:USDT,0.5849,4891,0.5848,5239,0.585,8574,0.5851,7053
1753591924167,04:52:04.167,phemex,ACE/USDT:USDT,0.5849,1161.0,0.5848,3665.0,0.5851,42.0,0.5852,3999.0
1753591924202,04:52:04.202,bybit,ACE/USDT:USDT,0.5853,2.9,0.5852,26.8,0.5854,350.8,0.5855,19.0
1753591924199,04:52:04.199,phemex,ACE/USDT:USDT,0.5849,1161.0,0.5848,3665.0,0.5851,42.0,0.5852,3999.0
1753591924201,04:52:04.201,binance,ACE/USDT:USDT,0.5849,200.42,0.5848,185.38,0.5851,31.89,0.5852,416.27
1753591924204,04:52:04.204,okx,ACE/USDT:USDT,0.5848,76.0,0.5846,218.0,0.5851,7.0,0.5852,87.0
1753591924216,04:52:04.216,bitget,ACE/USDT:USDT,0.5849,169.2,0.5848,428.35,0.585,86.41,0.5851,227.79
1753591924286,04:52:04.286,mexc,ACE/USDT:USDT,0.5849,5292,0.5848,5001,0.585,2849,0.5851,13950
1753591924278,04:52:04.278,gateio,ACE/USDT:USDT,0.5847,138.0,0.5846,516.0,0.5854,1000.0,0.5855,5123.0
1753591924366,04:52:04.366,bitget,ACE/USDT:USDT,0.5849,169.2,0.5848,428.35,0.5851,227.79,0.5853,110.02
1753591924504,04:52:04.504,okx,ACE/USDT:USDT,0.5848,76.0,0.5846,218.0,0.5851,7.0,0.5852,87.0
1753591924516,04:52:04.516,bitget,ACE/USDT:USDT,0.5849,169.2,0.5848,428.35,0.5852,227.67,0.5853,110.02
1753591924604,04:52:04.604,okx,ACE/USDT:USDT,0.5848,76.0,0.5846,218.0,0.5851,7.0,0.5852,87.0
1753591924689,04:52:04.689,mexc,ACE/USDT:USDT,0.5849,5292,0.5848,5001,0.585,2849,0.5851,13950
1753591924700,04:52:04.700,binance,ACE/USDT:USDT,0.5849,200.42,0.5848,185.38,0.5851,31.89,0.5852,450.46
1753591924816,04:52:04.816,bitget,ACE/USDT:USDT,0.5849,169.2,0.5848,342.87,0.5852,211.33,0.5853,337.69
1753591924789,04:52:04.789,mexc,ACE/USDT:USDT,0.5849,5292,0.5848,7341,0.585,2849,0.5851,22987
1753591925102,04:52:05.102,binance,ACE/USDT:USDT,0.5849,200.42,0.5848,185.38,0.5851,66.08,0.5852,450.46
1753591925117,04:52:05.117,bitget,ACE/USDT:USDT,0.5849,169.2,0.5848,342.87,0.5852,211.33,0.5853,337.69
1753591925187,04:52:05.187,mexc,ACE/USDT:USDT,0.5849,5292,0.5848,7341,0.585,2849,0.5851,17460
1753591925267,04:52:05.267,bitget,ACE/USDT:USDT,0.5849,169.2,0.5848,342.87,0.5852,211.33,0.5853,337.69
1753591925302,04:52:05.302,binance,ACE/USDT:USDT,0.5849,200.42,0.5848,185.38,0.5851,66.08,0.5852,450.46
1753591925287,04:52:05.287,mexc,ACE/USDT:USDT,0.5849,5292,0.5848,5001,0.585,2849,0.5851,13866
1753591925417,04:52:05.417,bitget,ACE/USDT:USDT,0.5849,169.2,0.5848,342.87,0.5852,211.33,0.5853,337.69
1753591925530,04:52:05.530,binance,ACE/USDT:USDT,0.5849,200.42,0.5848,185.38,0.5851,31.89,0.5852,450.46
1753591925567,04:52:05.567,bitget,ACE/USDT:USDT,0.585,105.51,0.5849,169.2,0.5852,211.33,0.5853,337.69
1753591925688,04:52:05.688,mexc,ACE/USDT:USDT,0.5849,5292,0.5848,5001,0.585,2849,0.5851,13866
1753591925702,04:52:05.702,binance,ACE/USDT:USDT,0.5849,200.42,0.5848,185.38,0.5851,31.89,0.5852,450.46
1753591925717,04:52:05.717,bitget,ACE/USDT:USDT,0.585,105.51,0.5849,169.2,0.5851,86.41,0.5852,211.33
1753591925794,04:52:05.794,bybit,ACE/USDT:USDT,0.5853,2.9,0.5852,26.8,0.5854,350.8,0.5855,19.0
1753591925838,04:52:05.838,phemex,ACE/USDT:USDT,0.5849,42.0,0.5848,42.0,0.5851,42.0,0.5852,3999.0
1753591925867,04:52:05.867,bitget,ACE/USDT:USDT,0.585,105.51,0.5849,169.2,0.5851,86.41,0.5852,211.33
1753591925789,04:52:05.789,mexc,ACE/USDT:USDT,0.5849,5292,0.5848,5001,0.585,2849,0.5851,17531
1753591925901,04:52:05.901,binance,ACE/USDT:USDT,0.5848,185.38,0.5847,189.39,0.5851,31.89,0.5852,450.46
1753591925926,04:52:05.926,phemex,ACE/USDT:USDT,0.5848,42.0,0.5847,5644.0,0.5851,42.0,0.5852,3999.0
1753591926012,04:52:06.012,binance,ACE/USDT:USDT,0.5848,185.38,0.5847,189.39,0.5851,31.89,0.5852,450.46
1753591926017,04:52:06.017,bitget,ACE/USDT:USDT,0.5849,169.2,0.5848,342.87,0.5851,191.92,0.5852,438.87
1753591926049,04:52:06.049,gateio,ACE/USDT:USDT,0.5847,138.0,0.5846,516.0,0.5854,1000.0,0.5855,5123.0
1753591926167,04:52:06.167,bitget,ACE/USDT:USDT,0.5849,169.2,0.5848,428.35,0.585,86.41,0.5851,191.92
1753591926189,04:52:06.189,mexc,ACE/USDT:USDT,0.5849,5292,0.5848,5001,0.585,2849,0.5851,12467
1753591926294,04:52:06.294,bybit,ACE/USDT:USDT,0.5853,2.9,0.5852,26.8,0.5854,350.8,0.5855,19.0
1753591926317,04:52:06.317,bitget,ACE/USDT:USDT,0.5849,169.2,0.5848,428.35,0.585,86.41,0.5851,333.05
1753591926394,04:52:06.394,bybit,ACE/USDT:USDT,0.5853,11.5,0.5852,26.8,0.5854,350.8,0.5855,19.0
1753591926287,04:52:06.287,mexc,ACE/USDT:USDT,0.5849,5292,0.5848,7044,0.585,2849,0.5851,24511
1753591926494,04:52:06.494,bybit,ACE/USDT:USDT,0.5853,2.9,0.5852,26.8,0.5854,350.8,0.5855,19.0
1753591926504,04:52:06.504,okx,ACE/USDT:USDT,0.5846,232.0,0.5845,268.0,0.5851,93.0,0.5852,87.0
1753591926618,04:52:06.618,bitget,ACE/USDT:USDT,0.5849,110.02,0.5848,328.9,0.585,86.41,0.5851,333.05
1753591926695,04:52:06.695,bybit,ACE/USDT:USDT,0.5853,11.5,0.5852,26.8,0.5854,350.8,0.5855,19.0
1753591926704,04:52:06.704,okx,ACE/USDT:USDT,0.5848,76.0,0.5846,233.0,0.5851,93.0,0.5852,87.0
1753591926689,04:52:06.689,mexc,ACE/USDT:USDT,0.5849,5292,0.5848,7044,0.585,2849,0.5851,18604
1753591926768,04:52:06.768,bitget,ACE/USDT:USDT,0.5849,110.02,0.5848,328.9,0.585,86.41,0.5851,333.05
1753591926804,04:52:06.804,okx,ACE/USDT:USDT,0.5848,76.0,0.5846,233.0,0.5851,93.0,0.5852,87.0
1753591926802,04:52:06.802,binance,ACE/USDT:USDT,0.5848,14.46,0.5847,189.39,0.5851,66.09,0.5852,450.46
1753591926894,04:52:06.894,bybit,ACE/USDT:USDT,0.5853,2.9,0.5852,26.8,0.5854,350.8,0.5855,19.0
1753591926787,04:52:06.787,mexc,ACE/USDT:USDT,0.5849,5292,0.5848,8172,0.585,2849,0.5851,23168
1753591926918,04:52:06.918,bitget,ACE/USDT:USDT,0.5849,110.02,0.5848,328.9,0.585,86.41,0.5851,333.05
1753591926994,04:52:06.994,bybit,ACE/USDT:USDT,0.5853,11.5,0.5852,18.2,0.5854,350.8,0.5855,19.0
1753591927004,04:52:07.004,okx,ACE/USDT:USDT,0.5848,76.0,0.5846,233.0,0.5851,93.0,0.5852,87.0
1753591927002,04:52:07.002,binance,ACE/USDT:USDT,0.5848,14.46,0.5847,189.39,0.5851,100.27,0.5852,450.46
1753591927094,04:52:07.094,bybit,ACE/USDT:USDT,0.5853,2.9,0.5852,18.2,0.5854,359.4,0.5855,19.0
1753591927068,04:52:07.068,bitget,ACE/USDT:USDT,0.5849,110.02,0.5848,328.9,0.585,86.41,0.5851,333.05
1753591927195,04:52:07.195,bybit,ACE/USDT:USDT,0.5853,11.5,0.5852,18.2,0.5854,359.4,0.5855,19.0
1753591927187,04:52:07.187,mexc,ACE/USDT:USDT,0.5849,5292,0.5848,8172,0.585,2849,0.5851,18601
1753591927218,04:52:07.218,bitget,ACE/USDT:USDT,0.5849,110.02,0.5848,328.9,0.585,86.41,0.5851,333.05
1753591927295,04:52:07.295,bybit,ACE/USDT:USDT,0.5853,2.9,0.5852,18.2,0.5854,359.4,0.5855,19.0
1753591927304,04:52:07.304,okx,ACE/USDT:USDT,0.5848,76.0,0.5846,218.0,0.5851,93.0,0.5852,87.0
1753591927394,04:52:07.394,bybit,ACE/USDT:USDT,0.5853,2.9,0.5852,18.2,0.5854,359.4,0.5855,19.0
1753591927388,04:52:07.388,binance,ACE/USDT:USDT,0.5848,14.46,0.5847,189.39,0.5851,100.27,0.5852,450.46
1753591927288,04:52:07.288,mexc,ACE/USDT:USDT,0.5849,5292,0.5848,5001,0.585,2849,0.5851,17125
1753591927518,04:52:07.518,bitget,ACE/USDT:USDT,0.5849,110.02,0.5848,328.9,0.585,86.41,0.5851,333.05
1753591927602,04:52:07.602,binance,ACE/USDT:USDT,0.5848,14.46,0.5847,189.39,0.5851,100.27,0.5852,450.46
1753591927695,04:52:07.695,bybit,ACE/USDT:USDT,0.5853,11.5,0.5852,18.2,0.5854,359.4,0.5855,19.0
1753591927690,04:52:07.690,mexc,ACE/USDT:USDT,0.5849,5292,0.5848,5001,0.585,2849,0.5851,17125
1753591927704,04:52:07.704,okx,ACE/USDT:USDT,0.5848,76.0,0.5846,218.0,0.5851,93.0,0.5852,87.0
1753591927804,04:52:07.804,okx,ACE/USDT:USDT,0.5848,76.0,0.5846,218.0,0.5851,93.0,0.5852,87.0
1753591927818,04:52:07.818,bitget,ACE/USDT:USDT,0.5849,110.02,0.5848,328.9,0.585,86.41,0.5851,333.05
1753591927894,04:52:07.894,bybit,ACE/USDT:USDT,0.5853,2.9,0.5852,18.2,0.5854,359.4,0.5855,19.0
1753591927790,04:52:07.790,mexc,ACE/USDT:USDT,0.5849,5292,0.5848,6380,0.585,2849,0.5851,16668
1753591927902,04:52:07.902,binance,ACE/USDT:USDT,0.5848,14.46,0.5847,189.39,0.5851,100.27,0.5852,450.46
1753591927995,04:52:07.995,bybit,ACE/USDT:USDT,0.5853,11.5,0.5852,18.2,0.5854,359.4,0.5855,19.0
1753591927968,04:52:07.968,bitget,ACE/USDT:USDT,0.5849,110.02,0.5848,328.9,0.585,86.41,0.5851,333.05
1753591928094,04:52:08.094,bybit,ACE/USDT:USDT,0.5853,2.9,0.5852,18.2,0.5854,359.4,0.5855,19.0
1753591928190,04:52:08.190,mexc,ACE/USDT:USDT,0.5849,5292,0.5848,5001,0.585,2849,0.5851,16668
1753591928202,04:52:08.202,binance,ACE/USDT:USDT,0.5848,14.46,0.5847,189.39,0.5851,100.27,0.5852,450.46
1753591928269,04:52:08.269,bitget,ACE/USDT:USDT,0.5849,110.02,0.5848,328.9,0.585,86.41,0.5851,333.05
1753591928298,04:52:08.298,phemex,ACE/USDT:USDT,0.5848,42.0,0.5847,2135.0,0.5851,42.0,0.5852,3999.0
1753591928304,04:52:08.304,okx,ACE/USDT:USDT,0.5846,131.0,0.5845,99.0,0.5851,93.0,0.5852,87.0
1753591928305,04:52:08.305,phemex,ACE/USDT:USDT,0.5848,42.0,0.5847,42.0,0.5851,928.0,0.5852,3999.0
1753591928366,04:52:08.366,phemex,ACE/USDT:USDT,0.5847,42.0,0.5846,2183.0,0.585,42.0,0.5851,928.0
1753591928361,04:52:08.361,binance,ACE/USDT:USDT,0.5847,203.64,0.5846,1066.34,0.585,200.42,0.5851,289.89
1753591928404,04:52:08.404,okx,ACE/USDT:USDT,0.5846,131.0,0.5845,99.0,0.5851,93.0,0.5852,87.0
1753591928298,04:52:08.298,mexc,ACE/USDT:USDT,0.5849,5292,0.5848,5001,0.585,2849,0.5851,12467
1753591928419,04:52:08.419,bitget,ACE/USDT:USDT,0.5848,328.9,0.5847,946.8,0.585,86.41,0.5851,333.05
1753591928496,04:52:08.496,bybit,ACE/USDT:USDT,0.5853,11.5,0.5851,18.2,0.5854,381.2,0.5855,19.0
1753591928464,04:52:08.464,binance,ACE/USDT:USDT,0.5847,203.64,0.5846,1066.34,0.585,200.42,0.5851,289.89
1753591928504,04:52:08.504,okx,ACE/USDT:USDT,0.5846,131.0,0.5845,99.0,0.5851,93.0,0.5852,87.0
1753591928569,04:52:08.569,bitget,ACE/USDT:USDT,0.5848,105.92,0.5847,278.38,0.5849,86.41,0.585,86.41
1753591928572,04:52:08.572,binance,ACE/USDT:USDT,0.5847,203.64,0.5846,1066.34,0.585,200.42,0.5851,289.89
1753591928704,04:52:08.704,okx,ACE/USDT:USDT,0.5847,76.0,0.5846,131.0,0.5851,93.0,0.5852,87.0
1753591928690,04:52:08.690,mexc,ACE/USDT:USDT,0.5849,5292,0.5848,5001,0.585,2849,0.5851,12467
1753591928699,04:52:08.699,binance,ACE/USDT:USDT,0.5848,200.42,0.5847,203.64,0.585,200.42,0.5851,289.89
1753591928719,04:52:08.719,bitget,ACE/USDT:USDT,0.5848,105.92,0.5847,363.88,0.5849,86.41,0.585,227.51
1753591928894,04:52:08.894,bybit,ACE/USDT:USDT,0.5853,11.5,0.5851,18.2,0.5854,381.2,0.5855,19.0
1753591928869,04:52:08.869,bitget,ACE/USDT:USDT,0.5848,105.92,0.5847,363.88,0.585,227.51,0.5851,105.51
1753591928904,04:52:08.904,okx,ACE/USDT:USDT,0.5847,76.0,0.5846,131.0,0.5851,93.0,0.5852,87.0
1753591928793,04:52:08.793,mexc,ACE/USDT:USDT,0.5849,5292,0.5848,5001,0.585,2849,0.5851,12467
1753591928902,04:52:08.902,binance,ACE/USDT:USDT,0.5848,200.42,0.5847,203.64,0.585,234.62,0.5851,289.89
1753591929004,04:52:09.004,okx,ACE/USDT:USDT,0.5847,76.0,0.5846,132.0,0.5851,93.0,0.5852,87.0
1753591929035,04:52:09.035,phemex,ACE/USDT:USDT,0.5847,42.0,0.5846,2183.0,0.5851,928.0,0.5852,3999.0
1753591929013,04:52:09.013,binance,ACE/USDT:USDT,0.5848,200.42,0.5847,203.64,0.585,34.2,0.5851,289.89
1753591929056,04:52:09.056,phemex,ACE/USDT:USDT,0.5847,42.0,0.5846,2183.0,0.585,42.0,0.5851,928.0
1753591929094,04:52:09.094,bybit,ACE/USDT:USDT,0.5853,11.5,0.5851,18.2,0.5854,359.4,0.5855,19.0
1753591929104,04:52:09.104,okx,ACE/USDT:USDT,0.5847,76.0,0.5846,132.0,0.5851,93.0,0.5852,87.0
1753591929118,04:52:09.118,binance,ACE/USDT:USDT,0.5848,200.42,0.5847,203.64,0.585,34.2,0.5851,289.89
1753591859007,04:50:59.007,blofin,ACE/USDT:USDT,0.5842,91.0,0.584,344.0,0.5845,17.0,0.5846,814.0
1753591929195,04:52:09.195,bybit,ACE/USDT:USDT,0.5853,2.9,0.5851,18.2,0.5854,359.4,0.5855,19.0
1753591929204,04:52:09.204,okx,ACE/USDT:USDT,0.5847,76.0,0.5846,132.0,0.5851,93.0,0.5852,87.0
1753591929191,04:52:09.191,mexc,ACE/USDT:USDT,0.5849,5292,0.5848,5001,0.585,2849,0.5851,12467
1753591929304,04:52:09.304,okx,ACE/USDT:USDT,0.5847,76.0,0.5846,132.0,0.5851,93.0,0.5852,87.0
1753591929319,04:52:09.319,bitget,ACE/USDT:USDT,0.5848,105.92,0.5847,278.38,0.585,86.41,0.5851,333.02
1753591929404,04:52:09.404,okx,ACE/USDT:USDT,0.5847,76.0,0.5846,132.0,0.5851,93.0,0.5852,87.0
1753591929291,04:52:09.291,mexc,ACE/USDT:USDT,0.5849,5292,0.5848,7126,0.585,2849,0.5851,12467
1753591929438,04:52:09.438,binance,ACE/USDT:USDT,0.5848,200.42,0.5847,203.64,0.5851,289.89,0.5852,416.27
1753591929494,04:52:09.494,bybit,ACE/USDT:USDT,0.5853,2.9,0.5852,18.2,0.5854,359.4,0.5855,19.0
1753591929594,04:52:09.594,bybit,ACE/USDT:USDT,0.5853,2.9,0.5852,18.2,0.5854,359.4,0.5855,19.0
1753591929604,04:52:09.604,okx,ACE/USDT:USDT,0.5847,76.0,0.5846,132.0,0.5851,93.0,0.5852,87.0
1753591929593,04:52:09.593,binance,ACE/USDT:USDT,0.5848,200.42,0.5847,203.64,0.5851,289.89,0.5852,416.27
1753591929619,04:52:09.619,bitget,ACE/USDT:USDT,0.5848,105.92,0.5847,946.8,0.585,86.41,0.5851,333.02
1753591929693,04:52:09.693,mexc,ACE/USDT:USDT,0.5849,5292,0.5848,5001,0.585,2849,0.5851,12467
1753591929703,04:52:09.703,binance,ACE/USDT:USDT,0.5848,200.42,0.5847,203.64,0.585,8.59,0.5851,289.89
1753591929790,04:52:09.790,mexc,ACE/USDT:USDT,0.5849,5292,0.5848,5001,0.585,2849,0.5851,12467
1753591929920,04:52:09.920,bitget,ACE/USDT:USDT,0.5848,105.92,0.5847,278.38,0.585,86.41,0.5851,333.02
1753591930104,04:52:10.104,okx,ACE/USDT:USDT,0.5847,76.0,0.5846,132.0,0.5851,93.0,0.5852,87.0
1753591930094,04:52:10.094,mexc,ACE/USDT:USDT,0.5849,5292,0.5848,5001,0.585,5576,0.5851,12467
1753591930102,04:52:10.102,binance,ACE/USDT:USDT,0.5848,200.42,0.5847,203.64,0.585,42.79,0.5851,289.89
1753591930143,04:52:10.143,gateio,ACE/USDT:USDT,0.5847,138.0,0.5846,516.0,0.5854,1000.0,0.5855,5123.0
1753591930289,04:52:10.289,mexc,ACE/USDT:USDT,0.5849,5162,0.5848,4740,0.585,2727,0.5851,10430
1753591930302,04:52:10.302,binance,ACE/USDT:USDT,0.5848,200.42,0.5847,189.39,0.585,42.79,0.5851,289.89
1753591930370,04:52:10.370,bitget,ACE/USDT:USDT,0.5848,105.92,0.5847,278.38,0.585,86.41,0.5851,333.02
1753591930670,04:52:10.670,bitget,ACE/USDT:USDT,0.5848,105.92,0.5847,278.38,0.585,86.41,0.5851,333.02
1753591930693,04:52:10.693,mexc,ACE/USDT:USDT,0.5849,5162,0.5848,4740,0.585,2727,0.5851,10430
1753591930702,04:52:10.702,binance,ACE/USDT:USDT,0.5848,200.42,0.5847,189.39,0.585,42.79,0.5851,289.89
1753591930805,04:52:10.805,binance,ACE/USDT:USDT,0.5848,200.42,0.5847,189.39,0.585,42.79,0.5851,289.89
1753591930792,04:52:10.792,mexc,ACE/USDT:USDT,0.5849,5162,0.5848,8987,0.585,2727,0.5851,8310
1753591930970,04:52:10.970,bitget,ACE/USDT:USDT,0.5848,105.92,0.5847,278.38,0.585,86.41,0.5851,333.02
1753591931120,04:52:11.120,bitget,ACE/USDT:USDT,0.5848,105.92,0.5847,278.38,0.585,86.41,0.5851,333.02
1753591931192,04:52:11.192,mexc,ACE/USDT:USDT,0.5849,5162,0.5848,7099,0.585,2727,0.5851,8310
1753591931302,04:52:11.302,binance,ACE/USDT:USDT,0.5848,200.42,0.5847,189.39,0.585,8.59,0.5851,289.89
1753591931293,04:52:11.293,mexc,ACE/USDT:USDT,0.5849,5162,0.5848,4740,0.585,2727,0.5851,10233
1753591931417,04:52:11.417,binance,ACE/USDT:USDT,0.5848,200.42,0.5847,189.39,0.585,8.59,0.5851,289.89
1753591931420,04:52:11.420,bitget,ACE/USDT:USDT,0.5848,105.92,0.5847,278.38,0.585,86.41,0.5851,333.02
1753591931571,04:52:11.571,bitget,ACE/USDT:USDT,0.5848,105.92,0.5847,278.38,0.585,86.41,0.5851,333.02
1753591931692,04:52:11.692,mexc,ACE/USDT:USDT,0.5849,5162,0.5848,4740,0.585,2727,0.5851,10233
1753591931804,04:52:11.804,okx,ACE/USDT:USDT,0.5847,76.0,0.5846,132.0,0.5851,93.0,0.5852,87.0
1753591931873,04:52:11.873,binance,ACE/USDT:USDT,0.5848,200.42,0.5847,189.39,0.585,8.59,0.5851,289.89
1753591931871,04:52:11.871,bitget,ACE/USDT:USDT,0.5848,105.92,0.5847,278.38,0.585,86.41,0.5851,333.02
1753591931904,04:52:11.904,okx,ACE/USDT:USDT,0.5847,76.0,0.5846,132.0,0.5851,93.0,0.5852,87.0
1753591931792,04:52:11.792,mexc,ACE/USDT:USDT,0.5849,5162,0.5848,4740,0.585,2727,0.5851,10294
1753591932004,04:52:12.004,okx,ACE/USDT:USDT,0.5847,76.0,0.5846,132.0,0.5851,93.0,0.5852,87.0
1753591932005,04:52:12.005,binance,ACE/USDT:USDT,0.5848,200.42,0.5847,189.39,0.585,8.59,0.5851,289.89
1753591932130,04:52:12.130,binance,ACE/USDT:USDT,0.5848,200.42,0.5847,189.39,0.585,8.59,0.5851,289.89
1753591932199,04:52:12.199,mexc,ACE/USDT:USDT,0.5849,5162,0.5848,4740,0.585,2727,0.5851,10294
1753591932321,04:52:12.321,bitget,ACE/USDT:USDT,0.5848,105.92,0.5847,278.38,0.585,86.41,0.5851,333.02
1753591932291,04:52:12.291,mexc,ACE/USDT:USDT,0.5849,5162,0.5848,4740,0.585,2727,0.5851,8310
1753591932434,04:52:12.434,binance,ACE/USDT:USDT,0.5848,200.42,0.5847,189.39,0.585,8.59,0.5851,289.89
1753591932471,04:52:12.471,bitget,ACE/USDT:USDT,0.5848,105.92,0.5847,278.38,0.585,86.41,0.5851,333.02
1753591932485,04:52:12.485,phemex,ACE/USDT:USDT,0.5847,639.0,0.5846,1586.0,0.585,42.0,0.5851,928.0
1753591932517,04:52:12.517,phemex,ACE/USDT:USDT,0.5848,42.0,0.5847,639.0,0.585,42.0,0.5851,928.0
1753591932540,04:52:12.540,binance,ACE/USDT:USDT,0.5848,200.42,0.5847,189.39,0.585,42.79,0.5851,289.89
1753591932621,04:52:12.621,bitget,ACE/USDT:USDT,0.5848,105.92,0.5847,278.38,0.585,86.41,0.5851,333.02
1753591932693,04:52:12.693,mexc,ACE/USDT:USDT,0.5849,5162,0.5848,4740,0.585,2727,0.5851,8310
1753591932792,04:52:12.792,mexc,ACE/USDT:USDT,0.5849,5162,0.5848,4740,0.585,2727,0.5851,8310
1753591932921,04:52:12.921,bitget,ACE/USDT:USDT,0.5848,105.92,0.5847,278.38,0.585,86.41,0.5851,333.02
1753591932995,04:52:12.995,bybit,ACE/USDT:USDT,0.5853,2.9,0.5852,18.2,0.5854,359.4,0.5855,19.0
1753591933002,04:52:13.002,binance,ACE/USDT:USDT,0.5848,200.42,0.5847,189.39,0.585,42.79,0.5851,289.89
1753591933094,04:52:13.094,bybit,ACE/USDT:USDT,0.5853,2.9,0.5852,18.2,0.5854,359.4,0.5855,19.0
1753591933071,04:52:13.071,bitget,ACE/USDT:USDT,0.5848,105.92,0.5847,278.38,0.585,86.41,0.5851,333.02
1753591933104,04:52:13.104,okx,ACE/USDT:USDT,0.5847,76.0,0.5846,132.0,0.5851,93.0,0.5852,87.0
1753591933117,04:52:13.117,binance,ACE/USDT:USDT,0.5848,200.42,0.5847,189.39,0.585,42.79,0.5851,289.89
1753591933194,04:52:13.194,mexc,ACE/USDT:USDT,0.5849,5162,0.5848,4740,0.585,2727,0.5851,8310
1753591933222,04:52:13.222,bitget,ACE/USDT:USDT,0.5848,105.92,0.5847,278.38,0.585,1351.03,0.5851,333.02
1753591933372,04:52:13.372,bitget,ACE/USDT:USDT,0.5848,105.92,0.5847,278.38,0.585,86.41,0.5851,333.02
1753591933294,04:52:13.294,mexc,ACE/USDT:USDT,0.5849,5162,0.5848,4740,0.585,2727,0.5851,8310
1753591933465,04:52:13.465,binance,ACE/USDT:USDT,0.5848,213.8,0.5847,189.39,0.585,8.59,0.5851,255.69
1753591859682,04:50:59.682,blofin,ACE/USDT:USDT,0.5842,94.0,0.5841,3782.0,0.5845,18.0,0.585,1200.0
1753591933604,04:52:13.604,okx,ACE/USDT:USDT,0.5847,76.0,0.5846,132.0,0.5851,93.0,0.5852,87.0
1753591933602,04:52:13.602,mexc,ACE/USDT:USDT,0.5849,5162,0.5848,4740,0.585,2727,0.5851,8310
1753591933403,04:52:13.403,phemex,ACE/USDT:USDT,0.5848,1213.0,0.5847,3952.0,0.585,1112.0,0.5851,3795.0
1753591933717,04:52:13.717,binance,ACE/USDT:USDT,0.5848,213.8,0.5847,189.39,0.585,8.59,0.5851,255.69
1753591933743,04:52:13.743,phemex,ACE/USDT:USDT,0.5849,42.0,0.5848,1213.0,0.585,1112.0,0.5851,3795.0
1753591933792,04:52:13.792,phemex,ACE/USDT:USDT,0.5848,1213.0,0.5847,3952.0,0.585,1112.0,0.5851,3795.0
1753591933792,04:52:13.792,mexc,ACE/USDT:USDT,0.5849,5162,0.5848,4740,0.585,2727,0.5851,8310
1753591933822,04:52:13.822,bitget,ACE/USDT:USDT,0.5848,105.92,0.5847,278.38,0.585,86.41,0.5851,333.02
1753591934102,04:52:14.102,binance,ACE/USDT:USDT,0.5848,213.8,0.5847,189.39,0.585,8.59,0.5851,289.89
1753591934122,04:52:14.122,bitget,ACE/USDT:USDT,0.5848,105.92,0.5847,278.38,0.585,86.41,0.5851,333.02
1753591934199,04:52:14.199,bybit,ACE/USDT:USDT,0.5853,2.9,0.5852,18.2,0.5854,359.4,0.5855,19.0
1753591934204,04:52:14.204,okx,ACE/USDT:USDT,0.5847,76.0,0.5846,132.0,0.5851,93.0,0.5852,87.0
1753591934195,04:52:14.195,mexc,ACE/USDT:USDT,0.5849,5162,0.5848,4740,0.585,2727,0.5851,8310
1753591934295,04:52:14.295,bybit,ACE/USDT:USDT,0.5853,2.9,0.5852,18.2,0.5854,359.4,0.5855,19.0
1753591934272,04:52:14.272,bitget,ACE/USDT:USDT,0.5848,105.92,0.5847,278.38,0.585,86.41,0.5851,333.02
1753591934302,04:52:14.302,binance,ACE/USDT:USDT,0.5848,213.8,0.5847,189.39,0.585,8.59,0.5851,289.89
1753591934303,04:52:14.303,mexc,ACE/USDT:USDT,0.5849,5162,0.5848,4740,0.585,2727,0.5851,9818
1753591934422,04:52:14.422,bitget,ACE/USDT:USDT,0.5848,105.92,0.5847,278.38,0.585,86.41,0.5851,333.02
1753591934504,04:52:14.504,okx,ACE/USDT:USDT,0.5847,76.0,0.5846,132.0,0.5851,93.0,0.5852,87.0
1753591934572,04:52:14.572,bitget,ACE/USDT:USDT,0.5848,105.92,0.5847,278.38,0.585,86.41,0.5851,1597.57
1753591934604,04:52:14.604,okx,ACE/USDT:USDT,0.5847,76.0,0.5846,132.0,0.5851,93.0,0.5852,87.0
1753591934704,04:52:14.704,okx,ACE/USDT:USDT,0.5847,76.0,0.5846,132.0,0.5851,93.0,0.5852,87.0
1753591934695,04:52:14.695,mexc,ACE/USDT:USDT,0.5849,5162,0.5848,4740,0.585,2727,0.5851,8310
1753591934735,04:52:14.735,phemex,ACE/USDT:USDT,0.5849,42.0,0.5848,1213.0,0.585,1070.0,0.5851,3795.0
1753591934723,04:52:14.723,bitget,ACE/USDT:USDT,0.5848,105.92,0.5847,278.38,0.585,86.41,0.5851,333.02
1753591934802,04:52:14.802,binance,ACE/USDT:USDT,0.5848,213.8,0.5847,358.76,0.585,8.59,0.5851,255.69
1753591934850,04:52:14.850,phemex,ACE/USDT:USDT,0.5848,1213.0,0.5847,3952.0,0.585,1070.0,0.5851,3795.0
1753591934819,04:52:14.819,gateio,ACE/USDT:USDT,0.5847,138.0,0.5846,516.0,0.5854,6124.0,0.5868,1139.0
1753591934873,04:52:14.873,bitget,ACE/USDT:USDT,0.5848,105.92,0.5847,278.38,0.585,86.41,0.5851,227.51
1753591934793,04:52:14.793,mexc,ACE/USDT:USDT,0.5849,5162,0.5848,5396,0.585,2727,0.5851,8310
1753591934911,04:52:14.911,binance,ACE/USDT:USDT,0.5848,213.8,0.5847,358.76,0.5849,8.98,0.585,8.59
1753591934866,04:52:14.866,gateio,ACE/USDT:USDT,0.5847,138.0,0.5846,516.0,0.5854,16374.0,0.5868,1139.0
1753591935023,04:52:15.023,bitget,ACE/USDT:USDT,0.5848,105.92,0.5847,278.38,0.585,86.41,0.5851,227.51
1753591935024,04:52:15.024,binance,ACE/USDT:USDT,0.5848,213.8,0.5847,358.76,0.5849,8.98,0.585,8.59
1753591935173,04:52:15.173,bitget,ACE/USDT:USDT,0.5848,105.92,0.5847,278.38,0.585,86.41,0.5851,227.51
1753591935195,04:52:15.195,mexc,ACE/USDT:USDT,0.5849,5162,0.5848,5396,0.585,2727,0.5851,8310
1753591935209,04:52:15.209,binance,ACE/USDT:USDT,0.5848,213.8,0.5847,358.76,0.5849,8.98,0.585,8.59
1753591935294,04:52:15.294,bybit,ACE/USDT:USDT,0.5853,2.9,0.5852,18.2,0.5854,359.4,0.5855,19.0
1753591935304,04:52:15.304,okx,ACE/USDT:USDT,0.5847,76.0,0.5846,216.0,0.5851,93.0,0.5852,87.0
1753591935316,04:52:15.316,phemex,ACE/USDT:USDT,0.5849,42.0,0.5848,1213.0,0.585,1070.0,0.5851,3795.0
1753591935311,04:52:15.311,binance,ACE/USDT:USDT,0.5848,213.8,0.5847,358.76,0.5849,8.98,0.585,8.59
1753591935394,04:52:15.394,bybit,ACE/USDT:USDT,0.5853,2.9,0.5852,18.2,0.5854,359.4,0.5855,19.0
1753591935340,04:52:15.340,phemex,ACE/USDT:USDT,0.5848,1213.0,0.5847,3952.0,0.585,1070.0,0.5851,3795.0
1753591935292,04:52:15.292,mexc,ACE/USDT:USDT,0.5849,5162,0.5848,4740,0.585,2727,0.5851,9527
1753591935489,04:52:15.489,phemex,ACE/USDT:USDT,0.5849,42.0,0.5848,1213.0,0.585,1070.0,0.5851,3795.0
1753591935497,04:52:15.497,phemex,ACE/USDT:USDT,0.5848,1213.0,0.5847,3952.0,0.585,1070.0,0.5851,3795.0
1753591935554,04:52:15.554,phemex,ACE/USDT:USDT,0.5849,42.0,0.5848,1213.0,0.585,1070.0,0.5851,3795.0
1753591935603,04:52:15.603,phemex,ACE/USDT:USDT,0.5848,1213.0,0.5847,3952.0,0.585,1070.0,0.5851,3795.0
1753591935623,04:52:15.623,bitget,ACE/USDT:USDT,0.5848,105.92,0.5847,278.38,0.585,86.41,0.5851,227.51
1753591935695,04:52:15.695,mexc,ACE/USDT:USDT,0.5849,5162,0.5848,4740,0.585,2727,0.5851,8310
1753591935690,04:52:15.690,phemex,ACE/USDT:USDT,0.5849,42.0,0.5848,1213.0,0.585,1070.0,0.5851,3795.0
1753591935719,04:52:15.719,gateio,ACE/USDT:USDT,0.5847,138.0,0.5846,516.0,0.5854,6124.0,0.5868,1139.0
1753591935796,04:52:15.796,bybit,ACE/USDT:USDT,0.5853,2.9,0.5852,18.2,0.5854,359.4,0.5855,19.0
1753591935766,04:52:15.766,binance,ACE/USDT:USDT,0.5848,213.8,0.5847,358.76,0.585,8.59,0.5851,31.89
1753591935773,04:52:15.773,bitget,ACE/USDT:USDT,0.5848,105.92,0.5847,278.38,0.585,86.41,0.5851,227.51
1753591935807,04:52:15.807,gateio,ACE/USDT:USDT,0.5847,138.0,0.5846,516.0,0.5854,6124.0,0.5868,1139.0
1753591935894,04:52:15.894,bybit,ACE/USDT:USDT,0.5853,2.9,0.5852,18.2,0.5854,359.4,0.5855,19.0
1753591935869,04:52:15.869,binance,ACE/USDT:USDT,0.5848,213.8,0.5847,358.76,0.585,8.59,0.5851,66.07
1753591935792,04:52:15.792,mexc,ACE/USDT:USDT,0.5849,5162,0.5848,5418,0.585,2727,0.5851,8310
1753591935978,04:52:15.978,binance,ACE/USDT:USDT,0.5848,213.8,0.5847,358.76,0.585,8.59,0.5851,66.07
1753591936073,04:52:16.073,bitget,ACE/USDT:USDT,0.5848,105.92,0.5847,278.38,0.585,86.41,0.5851,227.51
1753591936097,04:52:16.097,mexc,ACE/USDT:USDT,0.5849,5162,0.5848,5418,0.585,5465,0.5851,8310
1753591936135,04:52:16.135,binance,ACE/USDT:USDT,0.5848,213.8,0.5847,358.76,0.585,8.59,0.5851,66.07
1753591936223,04:52:16.223,bitget,ACE/USDT:USDT,0.5848,105.92,0.5847,278.38,0.585,86.41,0.5851,227.51
1753591936293,04:52:16.293,mexc,ACE/USDT:USDT,0.5849,6127,0.5848,9097,0.585,2738,0.5851,3530
1753591936404,04:52:16.404,okx,ACE/USDT:USDT,0.5847,76.0,0.5846,216.0,0.5851,93.0,0.5852,87.0
1753591936497,04:52:16.497,binance,ACE/USDT:USDT,0.5848,213.8,0.5847,358.76,0.585,42.79,0.5851,100.27
1753591936293,04:52:16.293,mexc,ACE/USDT:USDT,0.5849,6127,0.5848,9097,0.585,2738,0.5851,3530
1753591936524,04:52:16.524,bitget,ACE/USDT:USDT,0.5848,105.92,0.5847,278.38,0.585,86.41,0.5851,227.51
1753591936657,04:52:16.657,binance,ACE/USDT:USDT,0.5848,213.8,0.5847,358.76,0.585,42.79,0.5851,145.06
1753591936796,04:52:16.796,mexc,ACE/USDT:USDT,0.5849,6127,0.5848,8931,0.585,2738,0.5851,3042
1753591936904,04:52:16.904,okx,ACE/USDT:USDT,0.5847,76.0,0.5846,216.0,0.5851,93.0,0.5852,87.0
1753591936974,04:52:16.974,bitget,ACE/USDT:USDT,0.5848,105.92,0.5847,278.38,0.585,86.41,0.5851,227.51
1753591936796,04:52:16.796,mexc,ACE/USDT:USDT,0.5849,6127,0.5848,8931,0.585,2738,0.5851,4204
1753591937002,04:52:17.002,binance,ACE/USDT:USDT,0.5848,213.8,0.5847,358.76,0.585,42.79,0.5851,145.06
1753591937197,04:52:17.197,mexc,ACE/USDT:USDT,0.5849,6127,0.5848,7749,0.585,2738,0.5851,4204
1753591937202,04:52:17.202,binance,ACE/USDT:USDT,0.5848,213.8,0.5847,358.76,0.585,42.79,0.5851,145.06
1753591937274,04:52:17.274,bitget,ACE/USDT:USDT,0.5848,105.92,0.5847,278.38,0.585,86.41,0.5851,227.51
1753591937296,04:52:17.296,mexc,ACE/USDT:USDT,0.5849,6127,0.5848,10837,0.585,2738,0.5851,5204
1753591937424,04:52:17.424,bitget,ACE/USDT:USDT,0.5848,105.92,0.5847,278.38,0.585,86.41,0.5851,227.51
1753591937513,04:52:17.513,bybit,ACE/USDT:USDT,0.5853,2.9,0.5852,18.2,0.5854,359.4,0.5855,19.0
1753591937518,04:52:17.518,binance,ACE/USDT:USDT,0.5848,213.8,0.5847,189.39,0.585,42.79,0.5851,145.06
1753591937595,04:52:17.595,bybit,ACE/USDT:USDT,0.5853,2.9,0.5852,18.2,0.5854,359.4,0.5855,19.0
1753591937574,04:52:17.574,bitget,ACE/USDT:USDT,0.5848,105.92,0.5847,278.38,0.585,86.41,0.5851,227.51
1753591937604,04:52:17.604,okx,ACE/USDT:USDT,0.5847,76.0,0.5846,216.0,0.5851,93.0,0.5852,87.0
