timestamp,time,exchange,symbol,bid1_price,bid1_volume,bid2_price,bid2_volume,ask1_price,ask1_volume,ask2_price,ask2_volume
1753591882786,04:51:22.786,bitget,AEVO/USDT:USDT,0.1083,1512.8,0.1082,208331.1,0.1084,71425.4,0.1085,138918.2
1753591882936,04:51:22.936,bitget,AEVO/USDT:USDT,0.1083,1512.8,0.1082,208331.1,0.1084,71425.4,0.1085,138918.2
1753591883236,04:51:23.236,bitget,AEVO/USDT:USDT,0.1083,1512.8,0.1082,208331.1,0.1084,71425.4,0.1085,138918.2
1753591883386,04:51:23.386,bitget,AEVO/USDT:USDT,0.1083,1512.8,0.1082,208331.1,0.1084,71425.4,0.1085,138918.2
1753591883536,04:51:23.536,bitget,AEVO/USDT:USDT,0.1083,1512.8,0.1082,208331.1,0.1084,71425.4,0.1085,138918.2
1753591883836,04:51:23.836,bitget,AEVO/USDT:USDT,0.1083,1512.8,0.1082,208331.1,0.1084,71425.4,0.1085,138918.2
1753591883891,04:51:23.891,binance,AEVO/USDT:USDT,0.1082,65987.1,0.1081,147246.8,0.1083,57711.8,0.1084,135069.0
1753591883986,04:51:23.986,bitget,AEVO/USDT:USDT,0.1083,1512.8,0.1082,208331.1,0.1084,71425.4,0.1085,138918.2
1753591884001,04:51:24.001,binance,AEVO/USDT:USDT,0.1082,65987.1,0.1081,147246.8,0.1083,57711.8,0.1084,135069.0
1753591884137,04:51:24.137,bitget,AEVO/USDT:USDT,0.1083,1512.8,0.1082,208331.1,0.1084,71425.4,0.1085,138918.2
1753591884287,04:51:24.287,bitget,AEVO/USDT:USDT,0.1083,1512.8,0.1082,208331.1,0.1084,71425.4,0.1085,138918.2
1753591884311,04:51:24.311,binance,AEVO/USDT:USDT,0.1082,65987.1,0.1081,147246.8,0.1083,57711.8,0.1084,135069.0
1753591884501,04:51:24.501,binance,AEVO/USDT:USDT,0.1082,65987.1,0.1081,147246.8,0.1083,57711.8,0.1084,135069.0
1753591853633,04:50:53.633,blofin,AEVO/USDT:USDT,0.10819,26.0,0.10817,6769.0,0.10823,8335.0,0.10825,21876.0
1753591885069,04:51:25.069,binance,AEVO/USDT:USDT,0.1082,65987.1,0.1081,147246.8,0.1083,47711.8,0.1084,135069.0
1753591885187,04:51:25.187,bitget,AEVO/USDT:USDT,0.1083,1512.8,0.1082,208331.1,0.1084,71425.4,0.1085,138918.2
1753591885337,04:51:25.337,bitget,AEVO/USDT:USDT,0.1083,1512.8,0.1082,208331.1,0.1084,71425.4,0.1085,138918.2
1753591885464,04:51:25.464,bybit,AEVO/USDT:USDT,0.1081,14994.2,0.108,103621.1,0.1082,2342.9,0.1083,42824.0
1753591885463,04:51:25.463,binance,AEVO/USDT:USDT,0.1082,65987.1,0.1081,147246.8,0.1083,47711.8,0.1084,135069.0
1753591885487,04:51:25.487,bitget,AEVO/USDT:USDT,0.1083,1512.8,0.1082,208331.1,0.1084,71425.4,0.1085,138918.2
1753591885564,04:51:25.564,bybit,AEVO/USDT:USDT,0.1081,14994.2,0.108,103621.1,0.1082,2342.9,0.1083,42824.0
1753591885602,04:51:25.602,binance,AEVO/USDT:USDT,0.1082,65987.1,0.1081,147246.8,0.1083,47711.8,0.1084,135069.0
1753591885637,04:51:25.637,bitget,AEVO/USDT:USDT,0.1083,1512.8,0.1082,208331.1,0.1084,71425.4,0.1085,138918.2
1753591885712,04:51:25.712,binance,AEVO/USDT:USDT,0.1082,65987.1,0.1081,147246.8,0.1083,47711.8,0.1084,135069.0
1753591885787,04:51:25.787,bitget,AEVO/USDT:USDT,0.1083,1512.8,0.1082,208331.1,0.1084,71425.4,0.1085,138918.2
1753591885964,04:51:25.964,bybit,AEVO/USDT:USDT,0.1081,14994.2,0.108,103621.1,0.1082,2342.9,0.1083,42824.0
1753591885937,04:51:25.937,bitget,AEVO/USDT:USDT,0.1083,1512.8,0.1082,208331.1,0.1084,71425.4,0.1085,138918.2
1753591886002,04:51:26.002,binance,AEVO/USDT:USDT,0.1082,65987.1,0.1081,147246.8,0.1083,47711.8,0.1084,135069.0
1753591886064,04:51:26.064,bybit,AEVO/USDT:USDT,0.1081,14994.2,0.108,103621.1,0.1082,2342.9,0.1083,42824.0
1753591886388,04:51:26.388,bitget,AEVO/USDT:USDT,0.1083,1512.8,0.1082,208331.1,0.1084,71425.4,0.1085,138918.2
1753591886538,04:51:26.538,bitget,AEVO/USDT:USDT,0.1083,1512.8,0.1082,208331.1,0.1084,71425.4,0.1085,138918.2
1753591886564,04:51:26.564,bybit,AEVO/USDT:USDT,0.1081,14994.2,0.108,103621.1,0.1082,2342.9,0.1083,42824.0
1753591886591,04:51:26.591,binance,AEVO/USDT:USDT,0.1082,65985.2,0.1081,147246.8,0.1083,47711.8,0.1084,135069.0
1753591886676,04:51:26.676,bybit,AEVO/USDT:USDT,0.1081,14994.2,0.108,103621.1,0.1082,2342.9,0.1083,42824.0
1753591886688,04:51:26.688,bitget,AEVO/USDT:USDT,0.1083,1512.8,0.1082,208331.1,0.1084,71425.4,0.1085,138918.2
1753591886878,04:51:26.878,binance,AEVO/USDT:USDT,0.1082,65985.2,0.1081,147246.8,0.1083,47711.8,0.1084,135069.0
1753591887411,04:51:27.411,binance,AEVO/USDT:USDT,0.1082,66002.3,0.1081,147246.8,0.1083,47711.8,0.1084,135069.0
1753591887588,04:51:27.588,bitget,AEVO/USDT:USDT,0.1083,1512.8,0.1082,208331.1,0.1084,71425.4,0.1085,138918.2
1753591887665,04:51:27.665,bybit,AEVO/USDT:USDT,0.1081,14994.2,0.108,103621.1,0.1082,2342.9,0.1083,42824.0
1753591887765,04:51:27.765,bybit,AEVO/USDT:USDT,0.1081,14994.2,0.108,103621.1,0.1082,2342.9,0.1083,42824.0
1753591887738,04:51:27.738,bitget,AEVO/USDT:USDT,0.1083,1512.8,0.1082,208331.1,0.1084,71425.4,0.1085,138918.2
1753591887889,04:51:27.889,bitget,AEVO/USDT:USDT,0.1083,1512.8,0.1082,208331.1,0.1084,71425.4,0.1085,138918.2
1753591888302,04:51:28.302,binance,AEVO/USDT:USDT,0.1082,66002.3,0.1081,147246.8,0.1083,47711.8,0.1084,135069.0
1753591888639,04:51:28.639,bitget,AEVO/USDT:USDT,0.1083,1512.8,0.1082,208331.1,0.1084,71425.4,0.1085,138918.2
1753591888789,04:51:28.789,bitget,AEVO/USDT:USDT,0.1083,1512.8,0.1082,208331.1,0.1084,71425.4,0.1085,138918.2
1753591888864,04:51:28.864,bybit,AEVO/USDT:USDT,0.1081,14994.2,0.108,115887.6,0.1082,2342.9,0.1083,42824.0
1753591888902,04:51:28.902,binance,AEVO/USDT:USDT,0.1082,66002.3,0.1081,147246.8,0.1083,47711.8,0.1084,135069.0
1753591888964,04:51:28.964,bybit,AEVO/USDT:USDT,0.1081,14994.2,0.108,115887.6,0.1082,2342.9,0.1083,42824.0
1753591889089,04:51:29.089,bitget,AEVO/USDT:USDT,0.1083,1512.8,0.1082,208331.1,0.1084,71425.4,0.1085,138918.2
1753591889000,04:51:29.000,gateio,AEVO/USDT:USDT,0.10819,5771.0,0.10818,28.0,0.10825,212.0,0.10828,369.0
1753591889564,04:51:29.564,bybit,AEVO/USDT:USDT,0.1081,14994.2,0.108,115887.6,0.1082,2342.9,0.1083,42824.0
1753591889553,04:51:29.553,gateio,AEVO/USDT:USDT,0.10819,5771.0,0.10818,28.0,0.10825,44.0,0.10828,168.0
1753591889622,04:51:29.622,gateio,AEVO/USDT:USDT,0.10819,5771.0,0.10818,28.0,0.10826,168.0,0.10827,44.0
1753591889689,04:51:29.689,bitget,AEVO/USDT:USDT,0.1083,1512.8,0.1082,208331.1,0.1084,71425.4,0.1085,138918.2
1753591889670,04:51:29.670,gateio,AEVO/USDT:USDT,0.10819,5771.0,0.10818,28.0,0.10825,44.0,0.10826,168.0
1753591889840,04:51:29.840,bitget,AEVO/USDT:USDT,0.1083,1512.8,0.1082,208331.1,0.1084,71425.4,0.1085,138918.2
1753591889897,04:51:29.897,gateio,AEVO/USDT:USDT,0.10819,5771.0,0.10818,28.0,0.10825,44.0,0.10826,168.0
1753591889990,04:51:29.990,bitget,AEVO/USDT:USDT,0.1083,1512.8,0.1082,208331.1,0.1084,71425.4,0.1085,138918.2
1753591890064,04:51:30.064,bybit,AEVO/USDT:USDT,0.1081,14994.2,0.108,115887.6,0.1082,2342.9,0.1083,42824.0
1753591890047,04:51:30.047,gateio,AEVO/USDT:USDT,0.10819,5771.0,0.10818,28.0,0.10825,44.0,0.10826,168.0
1753591890169,04:51:30.169,bybit,AEVO/USDT:USDT,0.1081,14994.2,0.108,115887.6,0.1082,2342.9,0.1083,42824.0
1753591890140,04:51:30.140,bitget,AEVO/USDT:USDT,0.1083,1512.8,0.1082,208331.1,0.1084,71425.4,0.1085,138918.2
1753591890290,04:51:30.290,bitget,AEVO/USDT:USDT,0.1083,1512.8,0.1082,208331.1,0.1084,71425.4,0.1085,138918.2
1753591890440,04:51:30.440,bitget,AEVO/USDT:USDT,0.1083,1512.8,0.1082,208331.1,0.1084,71425.4,0.1085,138918.2
1753591890590,04:51:30.590,bitget,AEVO/USDT:USDT,0.1083,1512.8,0.1082,208331.1,0.1084,71425.4,0.1085,138918.2
1753591890665,04:51:30.665,bybit,AEVO/USDT:USDT,0.1081,14994.2,0.108,115887.6,0.1082,2342.9,0.1083,42824.0
1753591890702,04:51:30.702,binance,AEVO/USDT:USDT,0.1082,66002.3,0.1081,147246.8,0.1083,47711.8,0.1084,135069.0
1753591890765,04:51:30.765,bybit,AEVO/USDT:USDT,0.1081,14994.2,0.108,115887.6,0.1082,2342.9,0.1083,42824.0
1753591890740,04:51:30.740,bitget,AEVO/USDT:USDT,0.1083,1512.8,0.1082,208331.1,0.1084,71425.4,0.1085,138918.2
1753591890818,04:51:30.818,gateio,AEVO/USDT:USDT,0.10819,5771.0,0.10818,28.0,0.10825,44.0,0.10826,168.0
1753591890890,04:51:30.890,bitget,AEVO/USDT:USDT,0.1083,1512.8,0.1082,208331.1,0.1084,71425.4,0.1085,138918.2
1753591890965,04:51:30.965,bybit,AEVO/USDT:USDT,0.1081,14994.2,0.108,114340.1,0.1082,2342.9,0.1083,42824.0
1753591891014,04:51:31.014,binance,AEVO/USDT:USDT,0.1082,66002.3,0.1081,147246.8,0.1083,23086.9,0.1084,135069.0
1753591891065,04:51:31.065,bybit,AEVO/USDT:USDT,0.1081,16876.6,0.108,114340.1,0.1082,2342.9,0.1083,42824.0
1753591891040,04:51:31.040,bitget,AEVO/USDT:USDT,0.1083,1512.8,0.1082,208331.1,0.1084,71169.7,0.1085,138918.2
1753591891006,04:51:31.006,gateio,AEVO/USDT:USDT,0.10819,5771.0,0.10818,28.0,0.10825,44.0,0.10828,168.0
1753591891166,04:51:31.166,bybit,AEVO/USDT:USDT,0.1081,16876.6,0.108,114340.1,0.1082,2342.9,0.1083,42824.0
1753591891118,04:51:31.118,gateio,AEVO/USDT:USDT,0.10819,5771.0,0.10818,28.0,0.10827,216.0,0.10836,201.0
1753591891190,04:51:31.190,bitget,AEVO/USDT:USDT,0.1083,5961.7,0.1082,208331.1,0.1084,71169.7,0.1085,138918.2
1753591891265,04:51:31.265,bybit,AEVO/USDT:USDT,0.1081,16876.6,0.108,114340.1,0.1082,2342.9,0.1083,42824.0
1753591891291,04:51:31.291,binance,AEVO/USDT:USDT,0.1082,70621.7,0.1081,142624.9,0.1083,22105.4,0.1084,135069.0
1753591891340,04:51:31.340,bitget,AEVO/USDT:USDT,0.1083,7870.7,0.1082,208331.1,0.1084,71169.7,0.1085,138918.2
1753591891318,04:51:31.318,gateio,AEVO/USDT:USDT,0.10819,5771.0,0.10818,28.0,0.10827,44.0,0.10836,201.0
1753591891404,04:51:31.404,binance,AEVO/USDT:USDT,0.1082,70462.8,0.1081,143546.8,0.1083,22105.4,0.1084,135069.0
1753591891464,04:51:31.464,bybit,AEVO/USDT:USDT,0.1081,16876.6,0.108,114340.1,0.1082,537.6,0.1083,42824.0
1753591891461,04:51:31.461,gateio,AEVO/USDT:USDT,0.10819,5771.0,0.10818,28.0,0.10831,201.0,0.10832,172.0
1753591891490,04:51:31.490,bitget,AEVO/USDT:USDT,0.1083,7870.7,0.1082,208331.1,0.1084,71169.7,0.1085,138918.2
1753591891553,04:51:31.553,binance,AEVO/USDT:USDT,0.1082,70462.8,0.1081,143546.8,0.1083,22105.4,0.1084,135069.0
1753591891538,04:51:31.538,gateio,AEVO/USDT:USDT,0.10819,5771.0,0.10818,28.0,0.10829,172.0,0.1083,245.0
1753591891664,04:51:31.664,bybit,AEVO/USDT:USDT,0.1081,16876.6,0.108,114340.1,0.1082,2427.7,0.1083,42824.0
1753591891641,04:51:31.641,bitget,AEVO/USDT:USDT,0.1083,7870.7,0.1082,208331.1,0.1084,71169.7,0.1085,138918.2
1753591891621,04:51:31.621,gateio,AEVO/USDT:USDT,0.10819,5771.0,0.10818,28.0,0.10828,216.0,0.10831,201.0
1753591891765,04:51:31.765,bybit,AEVO/USDT:USDT,0.1081,16876.6,0.108,114340.1,0.1082,2427.7,0.1083,42824.0
1753591891726,04:51:31.726,gateio,AEVO/USDT:USDT,0.10819,5771.0,0.10818,28.0,0.10828,44.0,0.10831,201.0
1753591891826,04:51:31.826,gateio,AEVO/USDT:USDT,0.10819,5771.0,0.10818,28.0,0.10828,172.0,0.10829,373.0
1753591891890,04:51:31.890,binance,AEVO/USDT:USDT,0.1082,70462.8,0.1081,143546.8,0.1083,23015.6,0.1084,135069.0
1753591891941,04:51:31.941,bitget,AEVO/USDT:USDT,0.1083,7870.7,0.1082,208331.1,0.1084,71169.7,0.1085,138918.2
1753591891954,04:51:31.954,gateio,AEVO/USDT:USDT,0.10819,5771.0,0.10818,28.0,0.10827,216.0,0.10828,172.0
1753591892062,04:51:32.062,gateio,AEVO/USDT:USDT,0.10819,5771.0,0.10818,28.0,0.10827,216.0,0.10832,172.0
1753591892091,04:51:32.091,bitget,AEVO/USDT:USDT,0.1083,7870.7,0.1082,208331.1,0.1084,71169.7,0.1085,138918.2
1753591892115,04:51:32.115,binance,AEVO/USDT:USDT,0.1082,70462.8,0.1081,143546.8,0.1083,23015.6,0.1084,135069.0
1753591892062,04:51:32.062,gateio,AEVO/USDT:USDT,0.10819,5771.0,0.10818,28.0,0.10827,216.0,0.10831,201.0
1753591892241,04:51:32.241,bitget,AEVO/USDT:USDT,0.1083,7870.7,0.1082,208331.1,0.1084,71169.7,0.1085,138918.2
1753591892269,04:51:32.269,binance,AEVO/USDT:USDT,0.1082,70395.2,0.1081,157319.0,0.1083,23015.6,0.1084,135069.0
1753591892391,04:51:32.391,bitget,AEVO/USDT:USDT,0.1083,7870.7,0.1082,208331.1,0.1084,71169.7,0.1085,138918.2
1753591892402,04:51:32.402,binance,AEVO/USDT:USDT,0.1082,70395.2,0.1081,157319.0,0.1083,23015.6,0.1084,135069.0
1753591892541,04:51:32.541,bitget,AEVO/USDT:USDT,0.1083,7870.7,0.1082,208331.1,0.1084,71169.7,0.1085,138918.2
1753591892557,04:51:32.557,binance,AEVO/USDT:USDT,0.1082,72241.2,0.1081,157319.0,0.1083,22037.8,0.1084,135069.0
1753591892664,04:51:32.664,binance,AEVO/USDT:USDT,0.1082,72241.2,0.1081,157319.0,0.1083,22037.8,0.1084,135069.0
1753591892589,04:51:32.589,gateio,AEVO/USDT:USDT,0.10819,5771.0,0.10818,28.0,0.10827,44.0,0.10831,201.0
1753591892691,04:51:32.691,bitget,AEVO/USDT:USDT,0.1083,7870.7,0.1082,208331.1,0.1084,71169.7,0.1085,138918.2
1753591892765,04:51:32.765,bybit,AEVO/USDT:USDT,0.1081,16876.6,0.108,114340.1,0.1082,2427.7,0.1083,42824.0
1753591892702,04:51:32.702,gateio,AEVO/USDT:USDT,0.10819,5771.0,0.10818,28.0,0.10829,373.0,0.1083,44.0
1753591892864,04:51:32.864,bybit,AEVO/USDT:USDT,0.1081,16876.6,0.108,114340.1,0.1082,2375.0,0.1083,42824.0
1753591892841,04:51:32.841,bitget,AEVO/USDT:USDT,0.1083,8126.4,0.1082,208331.1,0.1084,71169.7,0.1085,138918.2
1753591892821,04:51:32.821,gateio,AEVO/USDT:USDT,0.1082,1897.0,0.10819,6324.0,0.10828,216.0,0.10831,201.0
1753591892931,04:51:32.931,binance,AEVO/USDT:USDT,0.1082,72241.2,0.1081,157319.0,0.1083,9347.4,0.1084,135069.0
1753591892964,04:51:32.964,bybit,AEVO/USDT:USDT,0.1081,16876.6,0.108,118025.2,0.1082,2375.0,0.1083,42824.0
1753591892991,04:51:32.991,bitget,AEVO/USDT:USDT,0.1083,8126.4,0.1082,208331.1,0.1084,71169.7,0.1085,138918.2
1753591893000,04:51:33.000,gateio,AEVO/USDT:USDT,0.1082,1897.0,0.10819,6324.0,0.10828,216.0,0.10833,201.0
1753591893125,04:51:33.125,binance,AEVO/USDT:USDT,0.1082,73164.9,0.1081,157319.0,0.1083,9305.2,0.1084,135069.0
1753591893141,04:51:33.141,bitget,AEVO/USDT:USDT,0.1083,8126.4,0.1082,208331.1,0.1084,71169.7,0.1085,138918.2
1753591893267,04:51:33.267,binance,AEVO/USDT:USDT,0.1082,73164.9,0.1081,157319.0,0.1083,9737.3,0.1084,135069.0
1753591893291,04:51:33.291,bitget,AEVO/USDT:USDT,0.1083,7870.7,0.1082,208307.5,0.1084,71157.3,0.1085,138900.0
1753591893364,04:51:33.364,bybit,AEVO/USDT:USDT,0.1081,16876.6,0.108,118025.2,0.1082,2375.0,0.1083,42824.0
1753591893464,04:51:33.464,bybit,AEVO/USDT:USDT,0.1081,16876.6,0.108,118025.2,0.1082,2375.0,0.1083,42824.0
1753591893442,04:51:33.442,bitget,AEVO/USDT:USDT,0.1083,7870.7,0.1082,208307.5,0.1084,71157.3,0.1085,138900.0
1753591893490,04:51:33.490,binance,AEVO/USDT:USDT,0.1082,74042.3,0.1081,157319.0,0.1083,9737.3,0.1084,135069.0
1753591893592,04:51:33.592,bitget,AEVO/USDT:USDT,0.1083,7870.7,0.1082,208307.5,0.1084,71157.3,0.1085,138900.0
1753591893582,04:51:33.582,gateio,AEVO/USDT:USDT,0.1082,1897.0,0.10819,6324.0,0.10828,216.0,0.10833,201.0
1753591893742,04:51:33.742,bitget,AEVO/USDT:USDT,0.1083,7870.7,0.1082,208307.5,0.1084,71157.3,0.1085,138900.0
1753591893860,04:51:33.860,gateio,AEVO/USDT:USDT,0.1082,1897.0,0.10819,6324.0,0.10828,216.0,0.10833,201.0
1753591893892,04:51:33.892,bitget,AEVO/USDT:USDT,0.1083,7870.7,0.1082,208307.5,0.1084,71157.3,0.1085,138900.0
1753591893954,04:51:33.954,binance,AEVO/USDT:USDT,0.1082,74088.6,0.1081,157319.0,0.1083,23714.4,0.1084,135069.0
1753591893928,04:51:33.928,gateio,AEVO/USDT:USDT,0.1082,1897.0,0.10819,6324.0,0.10828,216.0,0.10833,201.0
1753591894065,04:51:34.065,binance,AEVO/USDT:USDT,0.1082,74088.6,0.1081,157319.0,0.1083,23714.4,0.1084,135069.0
1753591894225,04:51:34.225,gateio,AEVO/USDT:USDT,0.1082,1897.0,0.10819,6324.0,0.10828,44.0,0.10833,201.0
1753591894342,04:51:34.342,bitget,AEVO/USDT:USDT,0.1083,7870.7,0.1082,208307.5,0.1084,71157.3,0.1085,138900.0
1753591894306,04:51:34.306,gateio,AEVO/USDT:USDT,0.1082,1897.0,0.10819,6324.0,0.10829,172.0,0.1083,201.0
1753591894465,04:51:34.465,bybit,AEVO/USDT:USDT,0.1081,16876.6,0.108,118025.2,0.1082,2375.0,0.1083,42824.0
1753591894387,04:51:34.387,gateio,AEVO/USDT:USDT,0.1082,1897.0,0.10819,6324.0,0.10828,216.0,0.1083,201.0
1753591894492,04:51:34.492,bitget,AEVO/USDT:USDT,0.1083,7870.7,0.1082,208307.5,0.1084,71157.3,0.1085,138900.0
1753591894587,04:51:34.587,gateio,AEVO/USDT:USDT,0.1082,1897.0,0.10819,6324.0,0.10828,172.0,0.10829,44.0
1753591894564,04:51:34.564,bybit,AEVO/USDT:USDT,0.1081,16876.6,0.108,118025.2,0.1082,2375.0,0.1083,42824.0
1753591894670,04:51:34.670,gateio,AEVO/USDT:USDT,0.1082,1897.0,0.10819,6324.0,0.10827,44.0,0.10828,172.0
1753591894802,04:51:34.802,gateio,AEVO/USDT:USDT,0.1082,1897.0,0.10819,6324.0,0.10827,216.0,0.1083,201.0
1753591894965,04:51:34.965,bybit,AEVO/USDT:USDT,0.1081,16876.6,0.108,118025.2,0.1082,2375.0,0.1083,42824.0
1753591894942,04:51:34.942,bitget,AEVO/USDT:USDT,0.1083,7870.7,0.1082,208307.5,0.1084,71157.3,0.1085,138900.0
1753591895065,04:51:35.065,bybit,AEVO/USDT:USDT,0.1081,16876.6,0.108,118025.2,0.1082,2375.0,0.1083,42824.0
1753591895092,04:51:35.092,bitget,AEVO/USDT:USDT,0.1083,7870.7,0.1082,208307.5,0.1084,71157.3,0.1085,138900.0
1753591895122,04:51:35.122,binance,AEVO/USDT:USDT,0.1082,74088.6,0.1081,157319.0,0.1083,23714.4,0.1084,135069.0
1753591895163,04:51:35.163,gateio,AEVO/USDT:USDT,0.1082,1897.0,0.10819,6324.0,0.10827,216.0,0.10833,201.0
1753591895242,04:51:35.242,bitget,AEVO/USDT:USDT,0.1083,7870.7,0.1082,208307.5,0.1084,71157.3,0.1085,138900.0
1753591895302,04:51:35.302,binance,AEVO/USDT:USDT,0.1082,74088.6,0.1081,157319.0,0.1083,23714.4,0.1084,135069.0
1753591895393,04:51:35.393,bitget,AEVO/USDT:USDT,0.1083,7870.7,0.1082,208307.5,0.1084,71157.3,0.1085,138900.0
1753591895564,04:51:35.564,bybit,AEVO/USDT:USDT,0.1081,16876.6,0.108,118025.2,0.1082,2375.0,0.1083,42824.0
1753591895543,04:51:35.543,bitget,AEVO/USDT:USDT,0.1083,7870.7,0.1082,208307.5,0.1084,71157.3,0.1085,138900.0
1753591895871,04:51:35.871,gateio,AEVO/USDT:USDT,0.1082,1897.0,0.10819,6324.0,0.10827,216.0,0.10833,201.0
1753591896004,04:51:36.004,gateio,AEVO/USDT:USDT,0.1082,1897.0,0.10819,6324.0,0.10827,216.0,0.10833,201.0
1753591854634,04:50:54.634,blofin,AEVO/USDT:USDT,0.10819,25.0,0.10818,6747.0,0.10822,4622.0,0.10823,31223.0
1753591896143,04:51:36.143,bitget,AEVO/USDT:USDT,0.1083,3421.8,0.1082,208307.5,0.1084,71157.3,0.1085,138900.0
1753591896147,04:51:36.147,gateio,AEVO/USDT:USDT,0.1082,685.0,0.10819,225.0,0.10826,172.0,0.10827,244.0
1753591896193,04:51:36.193,binance,AEVO/USDT:USDT,0.1082,73164.9,0.1081,157319.0,0.1083,48109.8,0.1084,135069.0
1753591896247,04:51:36.247,gateio,AEVO/USDT:USDT,0.1082,6231.0,0.10819,225.0,0.10825,44.0,0.10826,172.0
1753591896806,04:51:36.806,gateio,AEVO/USDT:USDT,0.1082,6231.0,0.10819,225.0,0.10827,172.0,0.10831,201.0
1753591896293,04:51:36.293,bitget,AEVO/USDT:USDT,0.1083,1512.8,0.1082,208307.5,0.1084,71413.0,0.1085,138900.0
1753591896870,04:51:36.870,gateio,AEVO/USDT:USDT,0.1082,6231.0,0.10819,225.0,0.10826,44.0,0.10827,172.0
1753591897043,04:51:37.043,bitget,AEVO/USDT:USDT,0.1083,3350.1,0.1082,208307.5,0.1084,71157.3,0.1085,138900.0
1753591897022,04:51:37.022,gateio,AEVO/USDT:USDT,0.1082,6231.0,0.10819,225.0,0.10826,44.0,0.10827,172.0
1753591897149,04:51:37.149,binance,AEVO/USDT:USDT,0.1082,73164.9,0.1081,157319.0,0.1083,23714.4,0.1084,135069.0
1753591897150,04:51:37.150,gateio,AEVO/USDT:USDT,0.10821,1869.0,0.10819,225.0,0.10826,44.0,0.10833,201.0
1753591897194,04:51:37.194,bitget,AEVO/USDT:USDT,0.1083,7326.8,0.1082,208307.5,0.1084,71157.3,0.1085,138900.0
1753591897206,04:51:37.206,gateio,AEVO/USDT:USDT,0.1082,1937.0,0.10819,6456.0,0.10829,172.0,0.1083,201.0
1753591897323,04:51:37.323,gateio,AEVO/USDT:USDT,0.1082,1937.0,0.10819,6456.0,0.10827,172.0,0.10828,44.0
1753591897370,04:51:37.370,gateio,AEVO/USDT:USDT,0.1082,1937.0,0.10819,6456.0,0.10826,44.0,0.10827,172.0
1753591897465,04:51:37.465,bybit,AEVO/USDT:USDT,0.1081,17108.5,0.108,105758.7,0.1082,2375.0,0.1083,42824.0
1753591897644,04:51:37.644,bitget,AEVO/USDT:USDT,0.1083,7326.8,0.1082,208307.5,0.1084,71157.3,0.1085,138900.0
1753591897539,04:51:37.539,phemex,AEVO/USDT:USDT,0.1082,28596.0,0.1081,2502.0,0.1083,36226.0,0.1084,41148.0
1753591897706,04:51:37.706,gateio,AEVO/USDT:USDT,0.1082,1937.0,0.10819,6456.0,0.10826,44.0,0.10827,172.0
1753591897794,04:51:37.794,bitget,AEVO/USDT:USDT,0.1083,7326.8,0.1082,208307.5,0.1084,71157.3,0.1085,138900.0
1753591897944,04:51:37.944,bitget,AEVO/USDT:USDT,0.1083,7326.8,0.1082,208307.5,0.1084,71157.3,0.1085,138900.0
1753591898008,04:51:38.008,gateio,AEVO/USDT:USDT,0.1082,1937.0,0.10819,6456.0,0.10826,44.0,0.10827,172.0
1753591898094,04:51:38.094,bitget,AEVO/USDT:USDT,0.1083,7326.8,0.1082,208307.5,0.1084,71157.3,0.1085,138900.0
1753591898127,04:51:38.127,gateio,AEVO/USDT:USDT,0.1082,1937.0,0.10819,6456.0,0.10826,44.0,0.10827,172.0
1753591898244,04:51:38.244,bitget,AEVO/USDT:USDT,0.1083,7326.8,0.1082,208307.5,0.1084,71157.3,0.1085,138900.0
1753591898266,04:51:38.266,binance,AEVO/USDT:USDT,0.1082,74193.0,0.1081,157270.4,0.1083,22458.9,0.1084,135069.0
1753591898321,04:51:38.321,gateio,AEVO/USDT:USDT,0.1082,1937.0,0.10819,6456.0,0.10826,44.0,0.1083,201.0
1753591898394,04:51:38.394,bitget,AEVO/USDT:USDT,0.1083,7326.8,0.1082,208307.5,0.1084,71157.3,0.1085,138900.0
1753591898464,04:51:38.464,bybit,AEVO/USDT:USDT,0.1081,17108.5,0.108,105758.7,0.1082,2375.0,0.1083,42824.0
1753591898386,04:51:38.386,gateio,AEVO/USDT:USDT,0.1082,1937.0,0.10819,6456.0,0.10828,172.0,0.10829,44.0
1753591898565,04:51:38.565,bybit,AEVO/USDT:USDT,0.1081,17108.5,0.108,105758.7,0.1082,2375.0,0.1083,42824.0
1753591898544,04:51:38.544,bitget,AEVO/USDT:USDT,0.1083,7326.8,0.1082,208307.5,0.1084,71157.3,0.1085,138900.0
1753591898470,04:51:38.470,gateio,AEVO/USDT:USDT,0.1082,1937.0,0.10819,6456.0,0.10827,44.0,0.10828,172.0
1753591898591,04:51:38.591,binance,AEVO/USDT:USDT,0.1082,74193.0,0.1081,157270.4,0.1083,22458.9,0.1084,135069.0
1753591898607,04:51:38.607,okx,AEVO/USDT:USDT,0.10823,2283.0,0.10822,2832.0,0.10824,6.0,0.10825,6.0
1753591898549,04:51:38.549,gateio,AEVO/USDT:USDT,0.1082,1937.0,0.10819,6456.0,0.10827,44.0,0.10828,172.0
1753591898694,04:51:38.694,bitget,AEVO/USDT:USDT,0.1083,7326.8,0.1082,208307.5,0.1084,71157.3,0.1085,138900.0
1753591898729,04:51:38.729,gateio,AEVO/USDT:USDT,0.1082,1937.0,0.10819,6456.0,0.10827,44.0,0.10828,172.0
1753591898844,04:51:38.844,bitget,AEVO/USDT:USDT,0.1083,7326.8,0.1082,208307.5,0.1084,71157.3,0.1085,138900.0
1753591898966,04:51:38.966,gateio,AEVO/USDT:USDT,0.1082,1937.0,0.10819,6456.0,0.10827,44.0,0.10828,172.0
1753591899102,04:51:39.102,binance,AEVO/USDT:USDT,0.1082,74193.0,0.1081,157270.4,0.1083,22458.9,0.1084,135069.0
1753591899165,04:51:39.165,bybit,AEVO/USDT:USDT,0.1081,17108.5,0.108,105758.7,0.1082,2375.0,0.1083,42824.0
1753591899145,04:51:39.145,bitget,AEVO/USDT:USDT,0.1083,7326.8,0.1082,208307.5,0.1084,71157.3,0.1085,138900.0
1753591899383,04:51:39.383,gateio,AEVO/USDT:USDT,0.1082,1937.0,0.10819,6456.0,0.10827,44.0,0.10828,172.0
1753591899565,04:51:39.565,bybit,AEVO/USDT:USDT,0.1081,17108.5,0.108,98726.9,0.1082,538.0,0.1083,42824.0
1753591899521,04:51:39.521,gateio,AEVO/USDT:USDT,0.1082,1937.0,0.10819,6456.0,0.10827,44.0,0.1083,201.0
1753591899595,04:51:39.595,bitget,AEVO/USDT:USDT,0.1083,7326.8,0.1082,208307.5,0.1084,71157.3,0.1085,138900.0
1753591899666,04:51:39.666,bybit,AEVO/USDT:USDT,0.1082,3686.4,0.1081,64714.0,0.1083,13169.0,0.1084,60245.6
1753591899646,04:51:39.646,gateio,AEVO/USDT:USDT,0.10819,910.0,0.10818,4481.0,0.10829,44.0,0.1083,201.0
1753591899765,04:51:39.765,bybit,AEVO/USDT:USDT,0.1082,3840.1,0.1081,78417.2,0.1083,12838.6,0.1084,60706.8
1753591899745,04:51:39.745,bitget,AEVO/USDT:USDT,0.1083,7326.8,0.1082,208307.5,0.1084,71157.3,0.1085,138900.0
1753591899764,04:51:39.764,binance,AEVO/USDT:USDT,0.1082,95113.8,0.1081,163306.8,0.1083,9352.5,0.1084,122185.2
1753591899705,04:51:39.705,gateio,AEVO/USDT:USDT,0.1082,2822.0,0.10819,9405.0,0.10829,44.0,0.1083,201.0
1753591899807,04:51:39.807,okx,AEVO/USDT:USDT,0.10826,3338.0,0.10825,274.0,0.10827,1.0,0.10828,2.0
1753591899865,04:51:39.865,bybit,AEVO/USDT:USDT,0.1082,1991.1,0.1081,74167.7,0.1083,10399.3,0.1084,57938.8
1753591899816,04:51:39.816,gateio,AEVO/USDT:USDT,0.10824,1936.0,0.10823,56.0,0.10829,44.0,0.10836,201.0
1753591899872,04:51:39.872,binance,AEVO/USDT:USDT,0.1083,13209.5,0.1082,137771.4,0.1084,83100.3,0.1085,178110.1
1753591899895,04:51:39.895,bitget,AEVO/USDT:USDT,0.1083,22707.2,0.1082,204487.5,0.1084,7222.4,0.1085,148118.0
1753591899907,04:51:39.907,okx,AEVO/USDT:USDT,0.10826,3338.0,0.10825,274.0,0.10827,1.0,0.10828,2.0
1753591899964,04:51:39.964,bybit,AEVO/USDT:USDT,0.1082,5111.1,0.1081,74167.7,0.1083,8821.3,0.1084,57938.8
1753591899653,04:51:39.653,phemex,AEVO/USDT:USDT,0.1082,28596.0,0.1081,2502.0,0.1083,36226.0,0.1084,21072.0
1753591899725,04:51:39.725,phemex,AEVO/USDT:USDT,0.1082,28596.0,0.1081,2502.0,0.1083,21226.0,0.1084,21072.0
1753591899893,04:51:39.893,phemex,AEVO/USDT:USDT,0.1083,15000.0,0.1082,30444.0,0.1084,33135.0,0.1085,44865.0
1753591899886,04:51:39.886,gateio,AEVO/USDT:USDT,0.10824,1936.0,0.10823,56.0,0.10834,172.0,0.10835,44.0
1753591899974,04:51:39.974,binance,AEVO/USDT:USDT,0.1083,9518.8,0.1082,133153.4,0.1084,77804.5,0.1085,177655.8
1753591900007,04:51:40.007,okx,AEVO/USDT:USDT,0.10826,3338.0,0.10825,274.0,0.10827,1.0,0.10828,2.0
1753591900015,04:51:40.015,phemex,AEVO/USDT:USDT,0.1083,28529.0,0.1082,17495.0,0.1084,33135.0,0.1085,44865.0
1753591900064,04:51:40.064,bybit,AEVO/USDT:USDT,0.1082,1991.1,0.1081,74167.7,0.1083,8821.3,0.1084,57938.8
1753591900045,04:51:40.045,bitget,AEVO/USDT:USDT,0.1083,22707.2,0.1082,204487.5,0.1084,45052.8,0.1085,148118.0
1753591900043,04:51:40.043,phemex,AEVO/USDT:USDT,0.1083,28529.0,0.1082,17495.0,0.1084,33135.0,0.1085,44865.0
1753591900048,04:51:40.048,gateio,AEVO/USDT:USDT,0.10824,1936.0,0.10823,56.0,0.10832,172.0,0.10833,44.0
1753591900078,04:51:40.078,binance,AEVO/USDT:USDT,0.1083,13370.5,0.1082,133061.0,0.1084,77804.5,0.1085,175436.7
1753591900087,04:51:40.087,gateio,AEVO/USDT:USDT,0.10824,1936.0,0.10823,56.0,0.10831,216.0,0.10834,172.0
1753591900191,04:51:40.191,binance,AEVO/USDT:USDT,0.1083,9657.3,0.1082,133061.0,0.1084,77850.7,0.1085,175436.7
1753591900195,04:51:40.195,bitget,AEVO/USDT:USDT,0.1083,23513.1,0.1082,204487.5,0.1084,45052.8,0.1085,148118.0
1753591900264,04:51:40.264,bybit,AEVO/USDT:USDT,0.1082,6991.1,0.1081,74167.7,0.1083,13821.3,0.1084,57938.8
1753591900204,04:51:40.204,bitmex,AEVO/USDT:USDT,0.1077,269.0,0.1066,477.0,0.1088,137.0,0.1089,191.0
1753591900241,04:51:40.241,gateio,AEVO/USDT:USDT,0.10824,1936.0,0.10823,56.0,0.10831,216.0,0.10833,201.0
1753591900254,04:51:40.254,bitmex,AEVO/USDT:USDT,0.1078,192.0,0.1077,66.0,0.1088,137.0,0.1089,191.0
1753591873817,04:51:13.817,ascendex,AEVO/USDT:USDT,0.1078,92850.5,0.1077,92936.8,0.1087,114889.7,0.1088,459453.3
1753591900309,04:51:40.309,binance,AEVO/USDT:USDT,0.1083,22537.2,0.1082,123012.4,0.1084,78773.6,0.1085,175436.7
1753591900364,04:51:40.364,bybit,AEVO/USDT:USDT,0.1082,6991.1,0.1081,74167.7,0.1083,13821.3,0.1084,57938.8
1753591900345,04:51:40.345,bitget,AEVO/USDT:USDT,0.1083,23513.1,0.1082,204487.5,0.1084,45052.8,0.1085,148118.0
1753591900303,04:51:40.303,bitmex,AEVO/USDT:USDT,0.1078,264.0,0.1067,447.0,0.1088,137.0,0.1089,191.0
1753591900366,04:51:40.366,phemex,AEVO/USDT:USDT,0.1083,28529.0,0.1082,17495.0,0.1084,33135.0,0.1085,44865.0
1753591900359,04:51:40.359,gateio,AEVO/USDT:USDT,0.10824,1936.0,0.10823,56.0,0.10831,216.0,0.10833,201.0
1753591900399,04:51:40.399,phemex,AEVO/USDT:USDT,0.1083,28529.0,0.1082,17495.0,0.1084,33135.0,0.1085,44865.0
1753591900419,04:51:40.419,phemex,AEVO/USDT:USDT,0.1083,28529.0,0.1082,2495.0,0.1084,33135.0,0.1085,44865.0
1753591900417,04:51:40.417,binance,AEVO/USDT:USDT,0.1083,22537.2,0.1082,123012.4,0.1084,78773.6,0.1085,174411.8
1753591900370,04:51:40.370,gateio,AEVO/USDT:USDT,0.10824,1936.0,0.10823,56.0,0.10831,216.0,0.10833,201.0
1753591900495,04:51:40.495,bitget,AEVO/USDT:USDT,0.1083,23513.1,0.1082,204487.5,0.1084,45052.8,0.1085,148118.0
1753591900523,04:51:40.523,binance,AEVO/USDT:USDT,0.1083,22537.2,0.1082,123012.4,0.1084,78773.6,0.1085,174411.8
1753591900552,04:51:40.552,gateio,AEVO/USDT:USDT,0.10824,1936.0,0.10823,56.0,0.10831,44.0,0.10833,201.0
1753591873817,04:51:13.817,ascendex,AEVO/USDT:USDT,0.1078,92850.5,0.1077,92936.8,0.1087,114889.7,0.1088,459453.3
1753591900665,04:51:40.665,bybit,AEVO/USDT:USDT,0.1082,6991.1,0.1081,74167.7,0.1083,13821.3,0.1084,57938.8
1753591900646,04:51:40.646,binance,AEVO/USDT:USDT,0.1083,22537.2,0.1082,123012.4,0.1084,79695.1,0.1085,174411.8
1753591900645,04:51:40.645,bitget,AEVO/USDT:USDT,0.1083,22707.2,0.1082,204487.5,0.1084,45052.8,0.1085,148118.0
1753591900659,04:51:40.659,gateio,AEVO/USDT:USDT,0.10824,1936.0,0.10823,56.0,0.10831,44.0,0.10833,201.0
1753591900764,04:51:40.764,bybit,AEVO/USDT:USDT,0.1082,6991.1,0.1081,74167.7,0.1083,13821.3,0.1084,57938.8
1753591900750,04:51:40.750,binance,AEVO/USDT:USDT,0.1083,22537.2,0.1082,123012.4,0.1084,79695.1,0.1085,174411.8
1753591900807,04:51:40.807,okx,AEVO/USDT:USDT,0.10826,3337.0,0.10825,274.0,0.10827,1.0,0.10828,2.0
1753591900795,04:51:40.795,bitget,AEVO/USDT:USDT,0.1083,22707.2,0.1082,204487.5,0.1084,45052.8,0.1085,148118.0
1753591900856,04:51:40.856,binance,AEVO/USDT:USDT,0.1083,22537.2,0.1082,123012.4,0.1084,73777.4,0.1085,174411.8
1753591873817,04:51:13.817,ascendex,AEVO/USDT:USDT,0.1078,92850.5,0.1077,92936.8,0.1087,114889.7,0.1088,459453.3
1753591900964,04:51:40.964,bybit,AEVO/USDT:USDT,0.1082,6991.1,0.1081,74167.7,0.1083,13821.3,0.1084,57938.8
1753591900946,04:51:40.946,bitget,AEVO/USDT:USDT,0.1083,22707.2,0.1082,204487.5,0.1084,45052.8,0.1085,148118.0
1753591900946,04:51:40.946,gateio,AEVO/USDT:USDT,0.10824,1936.0,0.10823,56.0,0.10832,44.0,0.10833,201.0
1753591900964,04:51:40.964,binance,AEVO/USDT:USDT,0.1083,22537.2,0.1082,125965.7,0.1084,73777.4,0.1085,174411.8
1753591900995,04:51:40.995,gateio,AEVO/USDT:USDT,0.10824,1936.0,0.10823,56.0,0.10831,166.0,0.10832,44.0
1753591901070,04:51:41.070,binance,AEVO/USDT:USDT,0.1083,22537.2,0.1082,125965.7,0.1084,73777.4,0.1085,174411.8
1753591901096,04:51:41.096,bitget,AEVO/USDT:USDT,0.1083,23467.5,0.1082,204487.5,0.1084,45052.8,0.1085,148118.0
1753591901164,04:51:41.164,bybit,AEVO/USDT:USDT,0.1082,6991.1,0.1081,74167.7,0.1083,13821.3,0.1084,57938.8
1753591901085,04:51:41.085,gateio,AEVO/USDT:USDT,0.10824,1936.0,0.10823,56.0,0.1083,44.0,0.10831,166.0
1753591901191,04:51:41.191,binance,AEVO/USDT:USDT,0.1083,22537.2,0.1082,125965.7,0.1084,73777.4,0.1085,174411.8
1753591901264,04:51:41.264,bybit,AEVO/USDT:USDT,0.1082,9300.8,0.1081,74167.7,0.1083,13821.3,0.1084,57938.8
1753591873817,04:51:13.817,ascendex,AEVO/USDT:USDT,0.1078,92850.5,0.1077,92936.8,0.1087,114889.7,0.1088,459453.3
1753591901246,04:51:41.246,bitget,AEVO/USDT:USDT,0.1083,23467.5,0.1082,204487.5,0.1084,45052.8,0.1085,148118.0
1753591901323,04:51:41.323,binance,AEVO/USDT:USDT,0.1083,22537.2,0.1082,125965.7,0.1084,73777.4,0.1085,174411.8
1753591901364,04:51:41.364,bybit,AEVO/USDT:USDT,0.1082,9300.8,0.1081,74167.7,0.1083,13821.3,0.1084,57938.8
1753591901407,04:51:41.407,okx,AEVO/USDT:USDT,0.10826,3337.0,0.10825,274.0,0.10827,1.0,0.10828,2.0
1753591901396,04:51:41.396,bitget,AEVO/USDT:USDT,0.1083,23467.5,0.1082,204487.5,0.1084,45052.8,0.1085,148118.0
1753591901565,04:51:41.565,bybit,AEVO/USDT:USDT,0.1082,9300.8,0.1081,74167.7,0.1083,13821.3,0.1084,57938.8
1753591901546,04:51:41.546,bitget,AEVO/USDT:USDT,0.1083,23467.5,0.1082,204487.5,0.1084,45052.8,0.1085,148118.0
1753591873817,04:51:13.817,ascendex,AEVO/USDT:USDT,0.1078,92850.5,0.1077,92936.8,0.1087,114889.7,0.1088,459453.3
1753591901490,04:51:41.490,gateio,AEVO/USDT:USDT,0.10824,1936.0,0.10823,56.0,0.1083,44.0,0.10831,166.0
1753591901590,04:51:41.590,binance,AEVO/USDT:USDT,0.1083,22537.2,0.1082,125965.7,0.1084,82809.7,0.1085,174356.7
1753591901607,04:51:41.607,okx,AEVO/USDT:USDT,0.10826,3338.0,0.10825,274.0,0.10827,1.0,0.10828,2.0
1753591901575,04:51:41.575,bitmex,AEVO/USDT:USDT,0.1078,264.0,0.1067,447.0,0.1088,137.0,0.1089,191.0
1753591901651,04:51:41.651,gateio,AEVO/USDT:USDT,0.10824,1936.0,0.10823,56.0,0.1083,44.0,0.10831,166.0
1753591901647,04:51:41.647,bitmex,AEVO/USDT:USDT,0.1078,264.0,0.1067,447.0,0.1088,137.0,0.1089,191.0
1753591901696,04:51:41.696,bitget,AEVO/USDT:USDT,0.1083,23467.5,0.1082,204487.5,0.1084,45052.8,0.1085,148118.0
1753591901665,04:51:41.665,gateio,AEVO/USDT:USDT,0.10824,1936.0,0.10823,56.0,0.1083,44.0,0.10831,166.0
1753591901802,04:51:41.802,binance,AEVO/USDT:USDT,0.1083,22537.2,0.1082,125965.7,0.1084,81881.6,0.1085,174356.7
1753591901864,04:51:41.864,bybit,AEVO/USDT:USDT,0.1082,9300.8,0.1081,74167.7,0.1083,13821.3,0.1084,58400.5
1753591873817,04:51:13.817,ascendex,AEVO/USDT:USDT,0.1078,92850.5,0.1077,92936.8,0.1087,114889.7,0.1088,459453.3
1753591901965,04:51:41.965,bybit,AEVO/USDT:USDT,0.1082,9300.8,0.1081,77739.2,0.1083,13821.3,0.1084,58400.5
1753591901918,04:51:41.918,gateio,AEVO/USDT:USDT,0.10824,1936.0,0.10823,56.0,0.1083,44.0,0.10831,166.0
1753591901996,04:51:41.996,bitget,AEVO/USDT:USDT,0.1083,23467.5,0.1082,204487.5,0.1084,45052.8,0.1085,148118.0
1753591902014,04:51:42.014,binance,AEVO/USDT:USDT,0.1083,22537.2,0.1082,125965.7,0.1084,81881.6,0.1085,174356.7
1753591902146,04:51:42.146,bitget,AEVO/USDT:USDT,0.1083,23467.5,0.1082,204487.5,0.1084,45052.8,0.1085,148118.0
1753591873817,04:51:13.817,ascendex,AEVO/USDT:USDT,0.1078,92850.5,0.1077,92936.8,0.1087,114889.7,0.1088,459453.3
1753591902207,04:51:42.207,okx,AEVO/USDT:USDT,0.10826,3338.0,0.10825,274.0,0.10827,1.0,0.10828,2.0
1753591902202,04:51:42.202,binance,AEVO/USDT:USDT,0.1083,22537.2,0.1082,125965.7,0.1084,81881.6,0.1085,174356.7
1753591902264,04:51:42.264,bybit,AEVO/USDT:USDT,0.1082,9311.2,0.1081,77739.2,0.1083,13821.3,0.1084,58400.5
1753591902232,04:51:42.232,gateio,AEVO/USDT:USDT,0.10824,1936.0,0.10823,56.0,0.1083,210.0,0.10831,166.0
1753591902296,04:51:42.296,bitget,AEVO/USDT:USDT,0.1083,23467.5,0.1082,204487.5,0.1084,45052.8,0.1085,148118.0
1753591902307,04:51:42.307,binance,AEVO/USDT:USDT,0.1083,22585.7,0.1082,125908.6,0.1084,81927.8,0.1085,174356.7
1753591902364,04:51:42.364,bybit,AEVO/USDT:USDT,0.1082,9311.2,0.1081,77739.2,0.1083,13821.3,0.1084,58400.5
1753591902322,04:51:42.322,gateio,AEVO/USDT:USDT,0.10824,1936.0,0.10823,56.0,0.1083,44.0,0.10831,166.0
1753591902446,04:51:42.446,bitget,AEVO/USDT:USDT,0.1083,23467.5,0.1082,204487.5,0.1084,45052.8,0.1085,148118.0
1753591873817,04:51:13.817,ascendex,AEVO/USDT:USDT,0.1078,92850.5,0.1077,92936.8,0.1087,114889.7,0.1088,459453.3
1753591902505,04:51:42.505,bitmex,AEVO/USDT:USDT,0.1078,264.0,0.1067,447.0,0.1088,137.0,0.1089,191.0
1753591902596,04:51:42.596,bitget,AEVO/USDT:USDT,0.1083,23467.5,0.1082,204487.5,0.1084,45052.8,0.1085,148118.0
1753591902554,04:51:42.554,bitmex,AEVO/USDT:USDT,0.1078,264.0,0.1067,447.0,0.1088,137.0,0.1089,191.0
1753591902612,04:51:42.612,binance,AEVO/USDT:USDT,0.1083,22585.7,0.1082,125908.6,0.1084,71927.8,0.1085,174026.1
1753591902664,04:51:42.664,bybit,AEVO/USDT:USDT,0.1082,9311.2,0.1081,82912.5,0.1083,13821.3,0.1084,54715.4
1753591902587,04:51:42.587,gateio,AEVO/USDT:USDT,0.10824,1936.0,0.10823,56.0,0.1083,44.0,0.10836,201.0
1753591902747,04:51:42.747,bitget,AEVO/USDT:USDT,0.1083,23467.5,0.1082,204487.5,0.1084,45052.8,0.1085,148118.0
1753591902746,04:51:42.746,gateio,AEVO/USDT:USDT,0.10824,1936.0,0.10823,56.0,0.10833,166.0,0.10834,201.0
1753591873817,04:51:13.817,ascendex,AEVO/USDT:USDT,0.1078,92850.5,0.1077,92936.8,0.1087,114889.7,0.1088,459453.3
1753591902518,04:51:42.518,mexc,AEVO/USDT:USDT,0.1083,519019.0,0.1082,495712.0,0.1084,807147.0,0.1085,1686106.0
1753591902787,04:51:42.787,gateio,AEVO/USDT:USDT,0.10824,1936.0,0.10823,56.0,0.10832,210.0,0.10834,201.0
1753591902888,04:51:42.888,binance,AEVO/USDT:USDT,0.1083,22585.7,0.1082,125908.6,0.1084,70080.3,0.1085,161147.4
1753591902907,04:51:42.907,okx,AEVO/USDT:USDT,0.10826,3338.0,0.10825,941.0,0.10827,1.0,0.10828,2.0
1753591902897,04:51:42.897,bitget,AEVO/USDT:USDT,0.1083,23467.5,0.1082,204487.5,0.1084,45052.8,0.1085,148118.0
1753591902920,04:51:42.920,mexc,AEVO/USDT:USDT,0.1083,519019.0,0.1082,664282,0.1084,807147.0,0.1085,1686106.0
1753591903026,04:51:43.026,binance,AEVO/USDT:USDT,0.1083,22585.7,0.1082,125908.6,0.1084,70080.3,0.1085,161147.4
1753591903047,04:51:43.047,bitget,AEVO/USDT:USDT,0.1083,23467.5,0.1082,204487.5,0.1084,45052.8,0.1085,148118.0
1753591902977,04:51:42.977,gateio,AEVO/USDT:USDT,0.10824,1936.0,0.10823,56.0,0.10831,166.0,0.10832,44.0
1753591873817,04:51:13.817,ascendex,AEVO/USDT:USDT,0.1078,92850.5,0.1077,92936.8,0.1087,114889.7,0.1088,459453.3
1753591903112,04:51:43.112,mexc,AEVO/USDT:USDT,0.1083,519019.0,0.1082,664282,0.1084,807147.0,0.1085,1686106.0
1753591903145,04:51:43.145,gateio,AEVO/USDT:USDT,0.10824,1936.0,0.10823,56.0,0.1083,44.0,0.10836,201.0
1753591903197,04:51:43.197,bitget,AEVO/USDT:USDT,0.1083,23467.5,0.1082,204487.5,0.1084,45052.8,0.1085,148118.0
1753591903207,04:51:43.207,gateio,AEVO/USDT:USDT,0.10824,1936.0,0.10823,56.0,0.10833,166.0,0.10834,201.0
1753591903307,04:51:43.307,okx,AEVO/USDT:USDT,0.10826,3338.0,0.10825,941.0,0.10827,1.0,0.10828,2.0
1753591903225,04:51:43.225,mexc,AEVO/USDT:USDT,0.1083,519019.0,0.1082,495712,0.1084,807147.0,0.1085,1686106.0
1753591903347,04:51:43.347,bitget,AEVO/USDT:USDT,0.1083,23467.5,0.1082,204487.5,0.1084,45052.8,0.1085,148118.0
1753591903290,04:51:43.290,gateio,AEVO/USDT:USDT,0.10824,1936.0,0.10823,56.0,0.10831,166.0,0.10832,210.0
1753591903407,04:51:43.407,okx,AEVO/USDT:USDT,0.10826,3338.0,0.10825,941.0,0.10827,1.0,0.10828,2.0
1753591903424,04:51:43.424,binance,AEVO/USDT:USDT,0.1083,22585.7,0.1082,125908.6,0.1084,70080.3,0.1085,161147.4
1753591873817,04:51:13.817,ascendex,AEVO/USDT:USDT,0.1078,92850.5,0.1077,92936.8,0.1087,114889.7,0.1088,459453.3
1753591903385,04:51:43.385,gateio,AEVO/USDT:USDT,0.10824,1936.0,0.10823,56.0,0.1083,44.0,0.10832,166.0
1753591903507,04:51:43.507,okx,AEVO/USDT:USDT,0.10826,3338.0,0.10825,942.0,0.10827,1.0,0.10828,2.0
1753591903497,04:51:43.497,bitget,AEVO/USDT:USDT,0.1083,23467.5,0.1082,204487.5,0.1084,45052.8,0.1085,148118.0
1753591903527,04:51:43.527,binance,AEVO/USDT:USDT,0.1083,22585.7,0.1082,125908.6,0.1084,70080.3,0.1085,161147.4
1753591903560,04:51:43.560,gateio,AEVO/USDT:USDT,0.10824,1936.0,0.10823,56.0,0.10831,44.0,0.10832,166.0
1753591903516,04:51:43.516,mexc,AEVO/USDT:USDT,0.1083,519019.0,0.1082,495712,0.1084,807147.0,0.1085,1686106.0
1753591903665,04:51:43.665,bybit,AEVO/USDT:USDT,0.1082,9311.2,0.1081,82912.5,0.1083,13726.5,0.1084,54715.4
1753591903647,04:51:43.647,bitget,AEVO/USDT:USDT,0.1083,23467.5,0.1082,204487.5,0.1084,45052.8,0.1085,148118.0
1753591903601,04:51:43.601,gateio,AEVO/USDT:USDT,0.10824,1936.0,0.10823,56.0,0.10831,44.0,0.10836,201.0
1753591903409,04:51:43.409,phemex,AEVO/USDT:USDT,0.1083,28529.0,0.1082,2495.0,0.1084,33135.0,0.1085,44865.0
1753591903419,04:51:43.419,phemex,AEVO/USDT:USDT,0.1083,28529.0,0.1082,2495.0,0.1084,33135.0,0.1085,44865.0
1753591903700,04:51:43.700,binance,AEVO/USDT:USDT,0.1083,47027.4,0.1082,129813.7,0.1084,68197.9,0.1085,160982.1
1753591903665,04:51:43.665,bitmex,AEVO/USDT:USDT,0.1078,264.0,0.1067,447.0,0.1088,137.0,0.1089,191.0
1753591903765,04:51:43.765,bybit,AEVO/USDT:USDT,0.1082,9311.2,0.1081,87740.4,0.1083,13726.5,0.1084,54715.4
1753591873817,04:51:13.817,ascendex,AEVO/USDT:USDT,0.1078,92850.5,0.1077,92936.8,0.1087,114889.7,0.1088,459453.3
1753591903714,04:51:43.714,bitmex,AEVO/USDT:USDT,0.1078,264.0,0.1067,447.0,0.1088,137.0,0.1089,191.0
1753591903715,04:51:43.715,gateio,AEVO/USDT:USDT,0.10824,1936.0,0.10823,56.0,0.10833,166.0,0.10835,44.0
1753591903797,04:51:43.797,bitget,AEVO/USDT:USDT,0.1083,23467.5,0.1082,204487.5,0.1084,45052.8,0.1085,148118.0
1753591903807,04:51:43.807,binance,AEVO/USDT:USDT,0.1083,47027.4,0.1082,129813.7,0.1084,68197.9,0.1085,160982.1
1753591903864,04:51:43.864,bybit,AEVO/USDT:USDT,0.1082,9311.2,0.1081,87740.4,0.1083,13726.5,0.1084,54715.4
1753591903726,04:51:43.726,mexc,AEVO/USDT:USDT,0.1083,519019.0,0.1082,495712,0.1084,807147.0,0.1085,1686106.0
1753591903797,04:51:43.797,gateio,AEVO/USDT:USDT,0.10824,1936.0,0.10823,56.0,0.10832,210.0,0.10833,166.0
1753591903925,04:51:43.925,binance,AEVO/USDT:USDT,0.1083,47027.4,0.1082,129813.7,0.1084,67544.6,0.1085,160982.1
1753591903965,04:51:43.965,bybit,AEVO/USDT:USDT,0.1082,9311.2,0.1081,87740.4,0.1083,13726.5,0.1084,54715.4
1753591903947,04:51:43.947,bitget,AEVO/USDT:USDT,0.1083,25284.5,0.1082,204487.5,0.1084,5473.5,0.1085,187694.7
1753591903952,04:51:43.952,gateio,AEVO/USDT:USDT,0.10824,1936.0,0.10823,56.0,0.10832,210.0,0.10838,201.0
1753591904040,04:51:44.040,binance,AEVO/USDT:USDT,0.1083,47027.4,0.1082,129813.7,0.1084,67544.6,0.1085,160982.1
1753591873817,04:51:13.817,ascendex,AEVO/USDT:USDT,0.1078,92850.5,0.1077,92936.8,0.1087,114889.7,0.1088,459453.3
1753591903978,04:51:43.978,gateio,AEVO/USDT:USDT,0.10824,1936.0,0.10823,56.0,0.10832,210.0,0.10838,201.0
1753591904107,04:51:44.107,okx,AEVO/USDT:USDT,0.10826,3337.0,0.10825,942.0,0.10827,1.0,0.10828,2.0
1753591904097,04:51:44.097,bitget,AEVO/USDT:USDT,0.1083,24524.2,0.1082,204487.5,0.1084,3749.6,0.1085,187694.7
1753591904016,04:51:44.016,mexc,AEVO/USDT:USDT,0.1083,519019.0,0.1082,495712,0.1084,807147.0,0.1085,1929761
1753591904167,04:51:44.167,bybit,AEVO/USDT:USDT,0.1082,9311.2,0.1081,87740.4,0.1083,13726.5,0.1084,54715.4
1753591904174,04:51:44.174,binance,AEVO/USDT:USDT,0.1083,47027.4,0.1082,129813.7,0.1084,67544.6,0.1085,160982.1
1753591904247,04:51:44.247,bitget,AEVO/USDT:USDT,0.1083,22707.2,0.1082,204487.5,0.1084,4273.9,0.1085,187694.7
1753591904307,04:51:44.307,okx,AEVO/USDT:USDT,0.10826,3337.0,0.10825,942.0,0.10827,1.0,0.10828,2.0
1753591904302,04:51:44.302,binance,AEVO/USDT:USDT,0.1083,47027.4,0.1082,125908.6,0.1084,67544.6,0.1085,160982.1
1753591904225,04:51:44.225,mexc,AEVO/USDT:USDT,0.1083,519019.0,0.1082,665206,0.1084,807147.0,0.1085,1929761
1753591904397,04:51:44.397,bitget,AEVO/USDT:USDT,0.1083,22707.2,0.1082,204487.5,0.1084,3749.6,0.1085,187694.7
1753591904464,04:51:44.464,bybit,AEVO/USDT:USDT,0.1082,9311.2,0.1081,87740.4,0.1083,13726.5,0.1084,54715.4
1753591904395,04:51:44.395,gateio,AEVO/USDT:USDT,0.10824,1936.0,0.10823,56.0,0.10832,210.0,0.10838,201.0
1753591904507,04:51:44.507,okx,AEVO/USDT:USDT,0.10826,3337.0,0.10825,942.0,0.10827,1.0,0.10828,2.0
1753591904565,04:51:44.565,bybit,AEVO/USDT:USDT,0.1082,9311.2,0.1081,87740.4,0.1083,13726.5,0.1084,54715.4
1753591904547,04:51:44.547,bitget,AEVO/USDT:USDT,0.1083,22707.2,0.1082,204487.5,0.1084,3749.6,0.1085,187694.7
1753591904516,04:51:44.516,mexc,AEVO/USDT:USDT,0.1083,519019.0,0.1082,665206,0.1084,807147.0,0.1085,1986168
1753591873817,04:51:13.817,ascendex,AEVO/USDT:USDT,0.1078,92850.5,0.1077,92936.8,0.1087,114889.7,0.1088,459453.3
1753591904698,04:51:44.698,bitget,AEVO/USDT:USDT,0.1083,22707.2,0.1082,204487.5,0.1084,3749.6,0.1085,187694.7
1753591904764,04:51:44.764,bybit,AEVO/USDT:USDT,0.1082,9311.2,0.1081,87740.4,0.1083,13821.3,0.1084,54715.4
1753591904734,04:51:44.734,binance,AEVO/USDT:USDT,0.1083,47027.4,0.1082,129186.8,0.1084,72319.0,0.1085,185687.6
1753591904807,04:51:44.807,okx,AEVO/USDT:USDT,0.10826,3337.0,0.10825,942.0,0.10827,1.0,0.10828,2.0
1753591904725,04:51:44.725,mexc,AEVO/USDT:USDT,0.1083,519019.0,0.1082,943169,0.1084,807147.0,0.1085,1986168
1753591904848,04:51:44.848,bitget,AEVO/USDT:USDT,0.1083,22707.2,0.1082,204487.5,0.1084,3749.6,0.1085,187694.7
1753591904825,04:51:44.825,bitmex,AEVO/USDT:USDT,0.1078,264.0,0.1067,447.0,0.1088,137.0,0.1089,191.0
1753591904907,04:51:44.907,okx,AEVO/USDT:USDT,0.10826,3337.0,0.10825,942.0,0.10827,1.0,0.10828,2.0
1753591904923,04:51:44.923,binance,AEVO/USDT:USDT,0.1083,47027.4,0.1082,129347.6,0.1084,71665.7,0.1085,185687.6
1753591904965,04:51:44.965,bybit,AEVO/USDT:USDT,0.1082,9311.2,0.1081,87740.4,0.1083,13821.3,0.1084,54715.4
1753591904884,04:51:44.884,bitmex,AEVO/USDT:USDT,0.1078,264.0,0.1067,447.0,0.1088,137.0,0.1089,191.0
1753591904959,04:51:44.959,gateio,AEVO/USDT:USDT,0.10824,1936.0,0.10823,56.0,0.10832,210.0,0.10838,201.0
1753591905007,04:51:45.007,okx,AEVO/USDT:USDT,0.10826,3337.0,0.10825,942.0,0.10827,1.0,0.10828,2.0
1753591904998,04:51:44.998,bitget,AEVO/USDT:USDT,0.1083,22707.2,0.1082,204487.5,0.1084,3749.6,0.1085,187694.7
1753591905065,04:51:45.065,bybit,AEVO/USDT:USDT,0.1082,9311.2,0.1081,87740.4,0.1083,13821.3,0.1084,54715.4
1753591905016,04:51:45.016,mexc,AEVO/USDT:USDT,0.1083,519019.0,0.1082,943169,0.1084,807147.0,0.1085,1925086
1753591905148,04:51:45.148,bitget,AEVO/USDT:USDT,0.1083,22707.2,0.1082,204487.5,0.1084,3749.6,0.1085,187694.7
1753591905265,04:51:45.265,bybit,AEVO/USDT:USDT,0.1082,9311.2,0.1081,87740.4,0.1083,13821.3,0.1084,54715.4
1753591905261,04:51:45.261,binance,AEVO/USDT:USDT,0.1083,47027.4,0.1082,129347.6,0.1084,69818.2,0.1085,187533.4
1753591905212,04:51:45.212,gateio,AEVO/USDT:USDT,0.10824,1936.0,0.10823,56.0,0.10832,44.0,0.10838,201.0
1753591905298,04:51:45.298,bitget,AEVO/USDT:USDT,0.1083,22707.2,0.1082,204487.5,0.1084,3749.6,0.1085,187694.7
1753591873817,04:51:13.817,ascendex,AEVO/USDT:USDT,0.1078,92850.5,0.1077,92936.8,0.1087,114889.7,0.1088,459453.3
1753591905364,04:51:45.364,bybit,AEVO/USDT:USDT,0.1082,9311.2,0.1081,87740.4,0.1083,13821.3,0.1084,54715.4
1753591905227,04:51:45.227,mexc,AEVO/USDT:USDT,0.1083,519019.0,0.1082,1029735,0.1084,807147.0,0.1085,1925086
1753591905286,04:51:45.286,gateio,AEVO/USDT:USDT,0.10824,1936.0,0.10823,56.0,0.10836,166.0,0.10837,44.0
1753591905404,04:51:45.404,binance,AEVO/USDT:USDT,0.1083,47027.4,0.1082,129347.6,0.1084,69818.2,0.1085,187533.4
1753591905448,04:51:45.448,bitget,AEVO/USDT:USDT,0.1083,22707.2,0.1082,204487.5,0.1084,3749.6,0.1085,187694.7
1753591905386,04:51:45.386,gateio,AEVO/USDT:USDT,0.10824,1936.0,0.10823,56.0,0.10834,166.0,0.10835,245.0
1753591905511,04:51:45.511,binance,AEVO/USDT:USDT,0.1083,47027.4,0.1082,129347.6,0.1084,69818.2,0.1085,187533.4
1753591905564,04:51:45.564,bybit,AEVO/USDT:USDT,0.1082,9311.2,0.1081,87740.4,0.1083,13821.3,0.1084,54715.4
1753591905472,04:51:45.472,gateio,AEVO/USDT:USDT,0.10824,1936.0,0.10823,56.0,0.10832,166.0,0.10833,44.0
1753591905598,04:51:45.598,bitget,AEVO/USDT:USDT,0.1083,22707.2,0.1082,204487.5,0.1084,3749.6,0.1085,187694.7
1753591905517,04:51:45.517,mexc,AEVO/USDT:USDT,0.1083,519019.0,0.1082,1029735,0.1084,807147.0,0.1085,1863653
1753591905665,04:51:45.665,bybit,AEVO/USDT:USDT,0.1082,9311.2,0.1081,87740.4,0.1083,13821.3,0.1084,54715.4
1753591905631,04:51:45.631,gateio,AEVO/USDT:USDT,0.10824,1936.0,0.10823,56.0,0.10831,44.0,0.10832,166.0
1753591905665,04:51:45.665,binance,AEVO/USDT:USDT,0.1083,47027.4,0.1082,129347.6,0.1084,69818.2,0.1085,177784.1
1753591905707,04:51:45.707,okx,AEVO/USDT:USDT,0.10826,3337.0,0.10825,942.0,0.10827,1.0,0.10828,2.0
1753591905748,04:51:45.748,bitget,AEVO/USDT:USDT,0.1083,22707.2,0.1082,204487.5,0.1084,3749.6,0.1085,187694.7
1753591905771,04:51:45.771,binance,AEVO/USDT:USDT,0.1083,47027.4,0.1082,129347.6,0.1084,70517.7,0.1085,177784.1
1753591905725,04:51:45.725,mexc,AEVO/USDT:USDT,0.1083,333343,0.1082,709683,0.1084,368674,0.1085,994765
1753591905898,04:51:45.898,bitget,AEVO/USDT:USDT,0.1083,22707.2,0.1082,204487.5,0.1084,3749.6,0.1085,187694.7
1753591905924,04:51:45.924,binance,AEVO/USDT:USDT,0.1083,47027.4,0.1082,129347.6,0.1084,69864.4,0.1085,178808.1
1753591873817,04:51:13.817,ascendex,AEVO/USDT:USDT,0.1078,92850.5,0.1077,92936.8,0.1087,114889.7,0.1088,459453.3
1753591906046,04:51:46.046,gateio,AEVO/USDT:USDT,0.10824,1936.0,0.10823,56.0,0.10831,44.0,0.10832,166.0
1753591906048,04:51:46.048,bitget,AEVO/USDT:USDT,0.1083,22707.2,0.1082,204487.5,0.1084,3749.6,0.1085,187694.7
1753591906062,04:51:46.062,bitmex,AEVO/USDT:USDT,0.1078,264.0,0.1067,447.0,0.1088,137.0,0.1089,191.0
1753591906129,04:51:46.129,mexc,AEVO/USDT:USDT,0.1083,333343,0.1082,709683,0.1084,368674,0.1085,994765
1753591906167,04:51:46.167,bybit,AEVO/USDT:USDT,0.1082,9311.2,0.1081,87740.4,0.1083,13821.3,0.1084,54715.4
1753591906112,04:51:46.112,bitmex,AEVO/USDT:USDT,0.1078,264.0,0.1067,447.0,0.1088,137.0,0.1089,191.0
1753591906198,04:51:46.198,bitget,AEVO/USDT:USDT,0.1083,22707.2,0.1082,204487.5,0.1084,3749.6,0.1085,187694.7
1753591906202,04:51:46.202,binance,AEVO/USDT:USDT,0.1083,47027.4,0.1082,129347.6,0.1084,69864.4,0.1085,178808.1
1753591906265,04:51:46.265,bybit,AEVO/USDT:USDT,0.1082,9311.2,0.1081,87740.4,0.1083,13821.3,0.1084,54715.4
1753591873817,04:51:13.817,ascendex,AEVO/USDT:USDT,0.1078,92850.5,0.1077,92936.8,0.1087,114889.7,0.1088,459453.3
1753591906307,04:51:46.307,okx,AEVO/USDT:USDT,0.10826,3337.0,0.10825,942.0,0.10827,1.0,0.10828,2.0
1753591856032,04:50:56.032,blofin,AEVO/USDT:USDT,0.10819,3.0,0.10818,22.0,0.10822,4623.0,0.10823,13592.0
1753591906227,04:51:46.227,mexc,AEVO/USDT:USDT,0.1083,333343,0.1082,709683,0.1084,368674,0.1085,994765
1753591906348,04:51:46.348,bitget,AEVO/USDT:USDT,0.1083,22707.2,0.1082,204487.5,0.1084,3749.6,0.1085,187694.7
1753591906407,04:51:46.407,okx,AEVO/USDT:USDT,0.10826,3338.0,0.10825,942.0,0.10827,1.0,0.10828,2.0
1753591906402,04:51:46.402,binance,AEVO/USDT:USDT,0.1083,47755.2,0.1082,129347.6,0.1084,69864.4,0.1085,178808.1
1753591906463,04:51:46.463,gateio,AEVO/USDT:USDT,0.10824,1936.0,0.10823,56.0,0.10831,44.0,0.10832,166.0
1753591906499,04:51:46.499,bitget,AEVO/USDT:USDT,0.1083,22707.2,0.1082,204487.5,0.1084,3749.6,0.1085,187694.7
1753591873817,04:51:13.817,ascendex,AEVO/USDT:USDT,0.1078,92850.5,0.1077,92936.8,0.1087,114889.7,0.1088,459453.3
1753591906517,04:51:46.517,mexc,AEVO/USDT:USDT,0.1083,333343,0.1082,709683,0.1084,368674,0.1085,1704283
1753591906665,04:51:46.665,bybit,AEVO/USDT:USDT,0.1082,9313.0,0.1081,87740.4,0.1083,13726.5,0.1084,54715.4
1753591906649,04:51:46.649,bitget,AEVO/USDT:USDT,0.1083,22707.2,0.1082,204487.5,0.1084,3749.6,0.1085,187694.7
1753591906764,04:51:46.764,bybit,AEVO/USDT:USDT,0.1082,9313.0,0.1081,87740.4,0.1083,13821.3,0.1084,54715.4
1753591906799,04:51:46.799,bitget,AEVO/USDT:USDT,0.1083,22707.2,0.1082,204487.5,0.1084,3749.6,0.1085,187694.7
1753591906802,04:51:46.802,binance,AEVO/USDT:USDT,0.1083,47755.2,0.1082,129347.6,0.1084,70482.6,0.1085,178843.2
1753591906729,04:51:46.729,mexc,AEVO/USDT:USDT,0.1083,333343,0.1082,877099,0.1084,368674,0.1085,1704283
1753591873817,04:51:13.817,ascendex,AEVO/USDT:USDT,0.1078,92850.5,0.1077,92936.8,0.1087,114889.7,0.1088,459453.3
1753591906908,04:51:46.908,binance,AEVO/USDT:USDT,0.1083,47755.2,0.1082,129347.6,0.1084,69829.3,0.1085,178843.2
1753591906949,04:51:46.949,bitget,AEVO/USDT:USDT,0.1083,22707.2,0.1082,204487.5,0.1084,3749.6,0.1085,187694.7
1753591907080,04:51:47.080,binance,AEVO/USDT:USDT,0.1083,47755.2,0.1082,129347.6,0.1084,69917.2,0.1085,178843.2
1753591907099,04:51:47.099,bitget,AEVO/USDT:USDT,0.1083,22707.2,0.1082,204487.5,0.1084,3749.6,0.1085,187694.7
1753591907017,04:51:47.017,mexc,AEVO/USDT:USDT,0.1083,333343,0.1082,877099,0.1084,368674,0.1085,994765
1753591873817,04:51:13.817,ascendex,AEVO/USDT:USDT,0.1078,92850.5,0.1077,92936.8,0.1087,114889.7,0.1088,459453.3
1753591907228,04:51:47.228,binance,AEVO/USDT:USDT,0.1083,47755.2,0.1082,129347.6,0.1084,69917.2,0.1085,178843.2
1753591907264,04:51:47.264,bybit,AEVO/USDT:USDT,0.1082,9313.0,0.1081,87740.4,0.1083,13821.3,0.1084,54715.4
1753591907249,04:51:47.249,bitget,AEVO/USDT:USDT,0.1083,22707.2,0.1082,204487.5,0.1084,3749.6,0.1085,187694.7
1753591907226,04:51:47.226,bitmex,AEVO/USDT:USDT,0.1078,264.0,0.1067,447.0,0.1088,137.0,0.1089,191.0
1753591907276,04:51:47.276,bitmex,AEVO/USDT:USDT,0.1078,264.0,0.1067,447.0,0.1088,137.0,0.1089,191.0
1753591907365,04:51:47.365,bybit,AEVO/USDT:USDT,0.1082,9313.0,0.1081,87740.4,0.1083,13821.3,0.1084,54715.4
1753591907227,04:51:47.227,mexc,AEVO/USDT:USDT,0.1083,333343,0.1082,709683,0.1084,368674,0.1085,994765
1753591907341,04:51:47.341,binance,AEVO/USDT:USDT,0.1083,47755.2,0.1082,129347.6,0.1084,69917.2,0.1085,178843.2
1753591907399,04:51:47.399,bitget,AEVO/USDT:USDT,0.1083,22707.2,0.1082,204487.5,0.1084,3749.6,0.1085,187694.7
1753591873817,04:51:13.817,ascendex,AEVO/USDT:USDT,0.1078,92850.5,0.1077,92936.8,0.1087,114889.7,0.1088,459453.3
1753591907549,04:51:47.549,bitget,AEVO/USDT:USDT,0.1083,22707.2,0.1082,204487.5,0.1084,3749.6,0.1085,187694.7
1753591907517,04:51:47.517,mexc,AEVO/USDT:USDT,0.1083,333343,0.1082,709683,0.1084,368674,0.1085,1213729
1753591907699,04:51:47.699,bitget,AEVO/USDT:USDT,0.1083,22707.2,0.1082,204487.5,0.1084,3749.6,0.1085,187694.7
1753591907686,04:51:47.686,gateio,AEVO/USDT:USDT,0.10824,1936.0,0.10823,56.0,0.10831,44.0,0.10832,166.0
1753591873817,04:51:13.817,ascendex,AEVO/USDT:USDT,0.1078,92850.5,0.1077,92936.8,0.1087,114889.7,0.1088,459453.3
1753591907864,04:51:47.864,bybit,AEVO/USDT:USDT,0.1082,9313.0,0.1081,87740.4,0.1083,13821.3,0.1084,54715.4
1753591907728,04:51:47.728,mexc,AEVO/USDT:USDT,0.1083,333343,0.1082,709683,0.1084,368674,0.1085,1213729
1753591907849,04:51:47.849,bitget,AEVO/USDT:USDT,0.1083,22707.2,0.1082,204487.5,0.1084,3749.6,0.1085,187694.7
1753591907964,04:51:47.964,bybit,AEVO/USDT:USDT,0.1082,9313.0,0.1081,87740.4,0.1083,13821.3,0.1084,54715.4
1753591907999,04:51:47.999,bitget,AEVO/USDT:USDT,0.1083,22707.2,0.1082,204487.5,0.1084,3749.6,0.1085,187694.7
1753591908018,04:51:48.018,mexc,AEVO/USDT:USDT,0.1083,333343,0.1082,709683,0.1084,368674,0.1085,994765
1753591908149,04:51:48.149,bitget,AEVO/USDT:USDT,0.1083,22707.2,0.1082,204487.5,0.1084,3749.6,0.1085,187694.7
1753591873817,04:51:13.817,ascendex,AEVO/USDT:USDT,0.1078,92850.5,0.1077,92936.8,0.1087,114889.7,0.1088,459453.3
1753591908156,04:51:48.156,gateio,AEVO/USDT:USDT,0.10824,1936.0,0.10823,56.0,0.10831,44.0,0.10832,166.0
1753591908216,04:51:48.216,phemex,AEVO/USDT:USDT,0.1083,28529.0,0.1082,2495.0,0.1084,33135.0,0.1085,44865.0
1753591908224,04:51:48.224,phemex,AEVO/USDT:USDT,0.1083,28529.0,0.1082,2495.0,0.1084,33135.0,0.1085,44865.0
1753591908260,04:51:48.260,binance,AEVO/USDT:USDT,0.1083,47755.2,0.1082,129347.6,0.1084,69917.2,0.1085,183452.0
1753591908299,04:51:48.299,bitget,AEVO/USDT:USDT,0.1083,22707.2,0.1082,204487.5,0.1084,3749.6,0.1085,187694.7
1753591908228,04:51:48.228,mexc,AEVO/USDT:USDT,0.1083,333343,0.1082,1166020,0.1084,368674,0.1085,994765
1753591908365,04:51:48.365,bybit,AEVO/USDT:USDT,0.1082,9313.0,0.1081,87740.4,0.1083,13821.3,0.1084,54715.4
1753591908329,04:51:48.329,gateio,AEVO/USDT:USDT,0.10824,1936.0,0.10823,56.0,0.10831,44.0,0.10832,166.0
1753591908407,04:51:48.407,okx,AEVO/USDT:USDT,0.10826,3338.0,0.10825,942.0,0.10827,1.0,0.10828,2.0
1753591908464,04:51:48.464,bybit,AEVO/USDT:USDT,0.1082,9313.0,0.1081,87740.4,0.1083,13821.3,0.1084,54715.4
1753591908450,04:51:48.450,bitget,AEVO/USDT:USDT,0.1083,22707.2,0.1082,204487.5,0.1084,3749.6,0.1085,187694.7
1753591908407,04:51:48.407,bitmex,AEVO/USDT:USDT,0.1078,264.0,0.1067,447.0,0.1088,137.0,0.1089,191.0
1753591873817,04:51:13.817,ascendex,AEVO/USDT:USDT,0.1078,92850.5,0.1077,92936.8,0.1087,114889.7,0.1088,459453.3
1753591908481,04:51:48.481,binance,AEVO/USDT:USDT,0.1083,47755.2,0.1082,129347.6,0.1084,69917.2,0.1085,183452.0
1753591908456,04:51:48.456,bitmex,AEVO/USDT:USDT,0.1078,264.0,0.1067,447.0,0.1088,137.0,0.1089,191.0
1753591908590,04:51:48.590,binance,AEVO/USDT:USDT,0.1083,47755.2,0.1082,129347.6,0.1084,69917.2,0.1085,178842.6
1753591908600,04:51:48.600,bitget,AEVO/USDT:USDT,0.1083,22707.2,0.1082,204487.5,0.1084,3749.6,0.1085,187694.7
1753591908519,04:51:48.519,mexc,AEVO/USDT:USDT,0.1083,333343,0.1082,1166020,0.1084,368674,0.1085,994765
1753591908693,04:51:48.693,binance,AEVO/USDT:USDT,0.1083,47755.2,0.1082,129347.6,0.1084,69917.2,0.1085,178842.6
1753591908750,04:51:48.750,bitget,AEVO/USDT:USDT,0.1083,22707.2,0.1082,204487.5,0.1084,3749.6,0.1085,187694.7
1753591873817,04:51:13.817,ascendex,AEVO/USDT:USDT,0.1078,92850.5,0.1077,92936.8,0.1087,114889.7,0.1088,459453.3
1753591908864,04:51:48.864,bybit,AEVO/USDT:USDT,0.1082,9313.0,0.1081,87740.4,0.1083,13821.3,0.1084,54715.4
1753591908728,04:51:48.728,mexc,AEVO/USDT:USDT,0.1083,333343,0.1082,709683,0.1084,368674,0.1085,994765
1753591908965,04:51:48.965,bybit,AEVO/USDT:USDT,0.1082,9313.0,0.1081,87740.4,0.1083,13821.3,0.1084,54715.4
1753591908974,04:51:48.974,binance,AEVO/USDT:USDT,0.1083,47755.2,0.1082,139885.3,0.1084,69917.2,0.1085,178842.6
1753591909050,04:51:49.050,bitget,AEVO/USDT:USDT,0.1083,22707.2,0.1082,204487.5,0.1084,3749.6,0.1085,187694.7
1753591873817,04:51:13.817,ascendex,AEVO/USDT:USDT,0.1078,92850.5,0.1077,92936.8,0.1087,114889.7,0.1088,459453.3
1753591909109,04:51:49.109,mexc,AEVO/USDT:USDT,0.1083,333343,0.1082,709683,0.1084,368674,0.1085,994765
1753591909200,04:51:49.200,bitget,AEVO/USDT:USDT,0.1083,62273.6,0.1082,164873.4,0.1084,3749.6,0.1085,187654.0
1753591909202,04:51:49.202,binance,AEVO/USDT:USDT,0.1083,47755.2,0.1082,139885.3,0.1084,69917.2,0.1085,183451.4
1753591909264,04:51:49.264,bybit,AEVO/USDT:USDT,0.1082,9313.0,0.1081,84168.9,0.1083,13821.3,0.1084,54715.4
1753591909229,04:51:49.229,mexc,AEVO/USDT:USDT,0.1083,333343,0.1082,709683,0.1084,368674,0.1085,994765
1753591909364,04:51:49.364,bybit,AEVO/USDT:USDT,0.1082,9313.0,0.1081,84168.9,0.1083,13821.3,0.1084,54715.4
1753591909350,04:51:49.350,bitget,AEVO/USDT:USDT,0.1083,62273.6,0.1082,164873.4,0.1084,6660.4,0.1085,187654.0
1753591873817,04:51:13.817,ascendex,AEVO/USDT:USDT,0.1078,92850.5,0.1077,92936.8,0.1087,114889.7,0.1088,459453.3
1753591909464,04:51:49.464,bybit,AEVO/USDT:USDT,0.1082,9313.0,0.1081,84168.9,0.1083,13821.3,0.1084,54715.4
1753591909507,04:51:49.507,okx,AEVO/USDT:USDT,0.10826,6794.0,0.10825,942.0,0.10827,4.0,0.10828,2.0
1753591909500,04:51:49.500,bitget,AEVO/USDT:USDT,0.1083,62273.6,0.1082,164873.4,0.1084,6660.4,0.1085,187654.0
1753591909565,04:51:49.565,bybit,AEVO/USDT:USDT,0.1082,9313.0,0.1081,84168.9,0.1083,13821.3,0.1084,54715.4
1753591909519,04:51:49.519,mexc,AEVO/USDT:USDT,0.1083,333343,0.1082,709683,0.1084,368674,0.1085,994765
1753591909590,04:51:49.590,binance,AEVO/USDT:USDT,0.1083,47755.2,0.1082,139885.3,0.1084,69917.2,0.1085,178842.6
1753591909650,04:51:49.650,bitget,AEVO/USDT:USDT,0.1083,62273.6,0.1082,164873.4,0.1084,6660.4,0.1085,187654.0
1753591909618,04:51:49.618,bitmex,AEVO/USDT:USDT,0.1078,264.0,0.1067,447.0,0.1088,137.0,0.1089,191.0
1753591909668,04:51:49.668,bitmex,AEVO/USDT:USDT,0.1078,264.0,0.1067,447.0,0.1088,137.0,0.1089,191.0
1753591909728,04:51:49.728,mexc,AEVO/USDT:USDT,0.1083,333343,0.1082,709683,0.1084,368674,0.1085,1403168
1753591909764,04:51:49.764,bybit,AEVO/USDT:USDT,0.1082,14162.2,0.1081,84168.9,0.1083,8726.5,0.1084,49416.1
1753591909708,04:51:49.708,gateio,AEVO/USDT:USDT,0.10824,1936.0,0.10823,56.0,0.10831,44.0,0.10838,201.0
1753591909864,04:51:49.864,bybit,AEVO/USDT:USDT,0.1082,14162.2,0.1081,84168.9,0.1083,8726.5,0.1084,49416.1
1753591909853,04:51:49.853,gateio,AEVO/USDT:USDT,0.10825,2244.0,0.10824,1936.0,0.10834,166.0,0.10835,201.0
1753591909950,04:51:49.950,bitget,AEVO/USDT:USDT,0.1083,62273.6,0.1082,164873.4,0.1084,6660.4,0.1085,187654.0
1753591909945,04:51:49.945,gateio,AEVO/USDT:USDT,0.10824,1936.0,0.10823,56.0,0.10832,166.0,0.10833,245.0
1753591910019,04:51:50.019,mexc,AEVO/USDT:USDT,0.1083,333343,0.1082,709683,0.1084,368674,0.1085,994765
1753591910065,04:51:50.065,bybit,AEVO/USDT:USDT,0.1082,14162.2,0.1081,84168.9,0.1083,8726.5,0.1084,49416.1
1753591910041,04:51:50.041,binance,AEVO/USDT:USDT,0.1083,47755.2,0.1082,139885.3,0.1084,69917.2,0.1085,178637.5
1753591873817,04:51:13.817,ascendex,AEVO/USDT:USDT,0.1078,92850.5,0.1077,92936.8,0.1087,114889.7,0.1088,459453.3
1753591909986,04:51:49.986,gateio,AEVO/USDT:USDT,0.10825,2244.0,0.10824,7480.0,0.10831,44.0,0.10832,166.0
1753591910100,04:51:50.100,bitget,AEVO/USDT:USDT,0.1083,62273.6,0.1082,164873.4,0.1084,6660.4,0.1085,187654.0
1753591910169,04:51:50.169,bybit,AEVO/USDT:USDT,0.1082,14067.4,0.1081,84168.9,0.1083,8821.3,0.1084,56328.2
1753591910145,04:51:50.145,gateio,AEVO/USDT:USDT,0.10824,1936.0,0.10823,56.0,0.10831,44.0,0.10832,166.0
1753591910207,04:51:50.207,okx,AEVO/USDT:USDT,0.10827,1551.0,0.10826,6072.0,0.10828,2.0,0.1083,6.0
1753591910133,04:51:50.133,mexc,AEVO/USDT:USDT,0.1083,333343,0.1082,709683,0.1084,368674,0.1085,1408720
1753591910250,04:51:50.250,bitget,AEVO/USDT:USDT,0.1083,62273.6,0.1082,164873.4,0.1084,6660.4,0.1085,187654.0
1753591873817,04:51:13.817,ascendex,AEVO/USDT:USDT,0.1078,92850.5,0.1077,92936.8,0.1087,114889.7,0.1088,459453.3
1753591910352,04:51:50.352,gateio,AEVO/USDT:USDT,0.10824,7480.0,0.10823,56.0,0.10831,44.0,0.10832,166.0
1753591910407,04:51:50.407,okx,AEVO/USDT:USDT,0.10827,1551.0,0.10826,6072.0,0.10828,2.0,0.1083,6.0
1753591910401,04:51:50.401,bitget,AEVO/USDT:USDT,0.1083,62273.6,0.1082,164873.4,0.1084,6660.4,0.1085,187654.0
1753591910421,04:51:50.421,mexc,AEVO/USDT:USDT,0.1083,333343,0.1082,899324,0.1084,368674,0.1085,1408720
1753591910451,04:51:50.451,gateio,AEVO/USDT:USDT,0.10825,2244.0,0.10824,1936.0,0.10831,44.0,0.10832,166.0
1753591910551,04:51:50.551,bitget,AEVO/USDT:USDT,0.1083,62273.6,0.1082,164873.4,0.1084,6660.4,0.1085,187654.0
1753591910555,04:51:50.555,gateio,AEVO/USDT:USDT,0.10824,7480.0,0.10823,56.0,0.10831,44.0,0.10832,166.0
1753591910522,04:51:50.522,mexc,AEVO/USDT:USDT,0.1083,333343,0.1082,899324,0.1084,368674,0.1085,1215605
1753591910585,04:51:50.585,gateio,AEVO/USDT:USDT,0.10824,1936.0,0.10823,56.0,0.10831,44.0,0.10832,166.0
1753591873817,04:51:13.817,ascendex,AEVO/USDT:USDT,0.1078,92850.5,0.1077,92936.8,0.1087,114889.7,0.1088,459453.3
1753591856637,04:50:56.637,blofin,AEVO/USDT:USDT,0.10818,26.0,0.10817,6874.0,0.10822,4625.0,0.10823,13592.0
1753591910707,04:51:50.707,okx,AEVO/USDT:USDT,0.10827,1551.0,0.10826,6072.0,0.10828,2.0,0.1083,6.0
1753591910701,04:51:50.701,bitget,AEVO/USDT:USDT,0.1083,62273.6,0.1082,164873.4,0.1084,6660.4,0.1085,187654.0
1753591910706,04:51:50.706,binance,AEVO/USDT:USDT,0.1083,47805.9,0.1082,153591.8,0.1084,70570.5,0.1085,183246.4
1753591910702,04:51:50.702,bitmex,AEVO/USDT:USDT,0.1078,264.0,0.1067,447.0,0.1088,137.0,0.1089,191.0
1753591910752,04:51:50.752,bitmex,AEVO/USDT:USDT,0.1078,264.0,0.1067,447.0,0.1088,137.0,0.1089,191.0
1753591910865,04:51:50.865,bybit,AEVO/USDT:USDT,0.1082,14067.4,0.1081,84168.9,0.1083,8821.3,0.1084,56328.2
1753591910730,04:51:50.730,mexc,AEVO/USDT:USDT,0.1083,333343,0.1082,709683,0.1084,368674,0.1085,1215605
1753591910851,04:51:50.851,bitget,AEVO/USDT:USDT,0.1083,62273.6,0.1082,164873.4,0.1084,6660.4,0.1085,187654.0
1753591910862,04:51:50.862,gateio,AEVO/USDT:USDT,0.10824,7480.0,0.10823,56.0,0.10831,217.0,0.10835,201.0
1753591910923,04:51:50.923,binance,AEVO/USDT:USDT,0.1083,47805.9,0.1082,153591.8,0.1084,69917.2,0.1085,183246.4
1753591910960,04:51:50.960,gateio,AEVO/USDT:USDT,0.10824,7480.0,0.10823,56.0,0.10831,44.0,0.10835,201.0
1753591873817,04:51:13.817,ascendex,AEVO/USDT:USDT,0.1078,92850.5,0.1077,92936.8,0.1087,114889.7,0.1088,459453.3
1753591911007,04:51:51.007,okx,AEVO/USDT:USDT,0.10827,1551.0,0.10826,6072.0,0.10828,2.0,0.1083,7.0
1753591911001,04:51:51.001,bitget,AEVO/USDT:USDT,0.1083,62273.6,0.1082,164873.4,0.1084,6660.4,0.1085,187654.0
1753591911025,04:51:51.025,gateio,AEVO/USDT:USDT,0.10825,2244.0,0.10824,7480.0,0.10833,173.0,0.10834,245.0
1753591911020,04:51:51.020,mexc,AEVO/USDT:USDT,0.1083,333343,0.1082,709683,0.1084,368674,0.1085,1351398
1753591911165,04:51:51.165,bybit,AEVO/USDT:USDT,0.1082,14067.4,0.1081,84168.9,0.1083,8821.3,0.1084,56328.2
1753591911151,04:51:51.151,bitget,AEVO/USDT:USDT,0.1083,62273.6,0.1082,164873.4,0.1084,6660.4,0.1085,187654.0
1753591911105,04:51:51.105,gateio,AEVO/USDT:USDT,0.10825,2244.0,0.10824,7480.0,0.10832,217.0,0.10834,201.0
1753591911264,04:51:51.264,bybit,AEVO/USDT:USDT,0.1082,14067.4,0.1081,84168.9,0.1083,8821.3,0.1084,56328.2
1753591911252,04:51:51.252,gateio,AEVO/USDT:USDT,0.10825,2244.0,0.10824,4708.0,0.10832,44.0,0.10835,201.0
1753591911307,04:51:51.307,okx,AEVO/USDT:USDT,0.10827,1551.0,0.10826,6072.0,0.10828,2.0,0.1083,7.0
1753591873817,04:51:13.817,ascendex,AEVO/USDT:USDT,0.1078,92850.5,0.1077,92936.8,0.1087,114889.7,0.1088,459453.3
1753591911301,04:51:51.301,bitget,AEVO/USDT:USDT,0.1083,62273.6,0.1082,164873.4,0.1084,6660.4,0.1085,187654.0
1753591911323,04:51:51.323,binance,AEVO/USDT:USDT,0.1083,47805.9,0.1082,153591.8,0.1084,69917.2,0.1085,183246.4
1753591911232,04:51:51.232,mexc,AEVO/USDT:USDT,0.1083,333343,0.1082,886644,0.1084,368674,0.1085,1351398
1753591911351,04:51:51.351,gateio,AEVO/USDT:USDT,0.10824,7480.0,0.10823,56.0,0.10833,173.0,0.10834,245.0
1753591911451,04:51:51.451,bitget,AEVO/USDT:USDT,0.1083,62273.6,0.1082,164873.4,0.1084,6660.4,0.1085,187654.0
1753591911381,04:51:51.381,gateio,AEVO/USDT:USDT,0.10825,2244.0,0.10824,7480.0,0.10832,217.0,0.10834,201.0
1753591911468,04:51:51.468,binance,AEVO/USDT:USDT,0.1083,47805.9,0.1082,153591.8,0.1084,69917.2,0.1085,183246.4
1753591911561,04:51:51.561,gateio,AEVO/USDT:USDT,0.10825,2244.0,0.10824,7480.0,0.10831,173.0,0.10832,44.0
1753591911601,04:51:51.601,bitget,AEVO/USDT:USDT,0.1083,62273.6,0.1082,164873.4,0.1084,6660.4,0.1085,187654.0
1753591873817,04:51:13.817,ascendex,AEVO/USDT:USDT,0.1078,92850.5,0.1077,92936.8,0.1087,114889.7,0.1088,459453.3
1753591911521,04:51:51.521,mexc,AEVO/USDT:USDT,0.1083,333343,0.1082,886644,0.1084,368674,0.1085,1438225
1753591911528,04:51:51.528,phemex,AEVO/USDT:USDT,0.1083,28529.0,0.1082,2495.0,0.1084,33135.0,0.1085,57516.0
1753591911647,04:51:51.647,phemex,AEVO/USDT:USDT,0.1083,13529.0,0.1082,2495.0,0.1084,33135.0,0.1085,57516.0
1753591911665,04:51:51.665,bybit,AEVO/USDT:USDT,0.1082,14067.4,0.1081,79341.0,0.1083,8821.3,0.1084,56328.2
1753591911613,04:51:51.613,gateio,AEVO/USDT:USDT,0.10825,2244.0,0.10824,7480.0,0.1083,217.0,0.10836,367.0
1753591911678,04:51:51.678,binance,AEVO/USDT:USDT,0.1083,13954.2,0.1082,153591.8,0.1084,70570.5,0.1085,183246.4
1753591911743,04:51:51.743,phemex,AEVO/USDT:USDT,0.1082,21923.0,0.1081,652.0,0.1084,33135.0,0.1085,54317.0
1753591911755,04:51:51.755,phemex,AEVO/USDT:USDT,0.1082,21923.0,0.1081,652.0,0.1083,20603.0,0.1084,18844.0
1753591911764,04:51:51.764,bybit,AEVO/USDT:USDT,0.1082,3881.9,0.1081,73670.2,0.1083,19610.0,0.1084,60023.2
1753591911778,04:51:51.778,phemex,AEVO/USDT:USDT,0.1082,21923.0,0.1081,652.0,0.1083,35603.0,0.1084,18844.0
1753591911751,04:51:51.751,bitget,AEVO/USDT:USDT,0.1083,62017.9,0.1082,164873.4,0.1084,6660.4,0.1085,187654.0
1753591911745,04:51:51.745,gateio,AEVO/USDT:USDT,0.10822,172.0,0.10819,169.0,0.10828,173.0,0.10829,28.0
1753591911779,04:51:51.779,binance,AEVO/USDT:USDT,0.1082,110845.1,0.1081,235744.6,0.1083,18243.6,0.1084,160876.6
1753591911805,04:51:51.805,phemex,AEVO/USDT:USDT,0.1082,20075.0,0.1081,652.0,0.1083,35603.0,0.1084,33085.0
1753591911730,04:51:51.730,mexc,AEVO/USDT:USDT,0.1082,754206,0.1081,1548807,0.1083,351817,0.1084,497653
1753591911864,04:51:51.864,bybit,AEVO/USDT:USDT,0.1082,2003.3,0.1081,68496.9,0.1083,21457.5,0.1084,67410.3
1753591911841,04:51:51.841,gateio,AEVO/USDT:USDT,0.10819,225.0,0.10818,4453.0,0.10827,217.0,0.10835,201.0
1753591911884,04:51:51.884,binance,AEVO/USDT:USDT,0.1082,105908.7,0.1081,161264.4,0.1083,17296.2,0.1084,160876.6
1753591911907,04:51:51.907,okx,AEVO/USDT:USDT,0.10826,3457.0,0.10825,1.0,0.10827,727.0,0.10828,795.0
1753591911901,04:51:51.901,bitget,AEVO/USDT:USDT,0.1083,7326.8,0.1082,164873.4,0.1084,22032.7,0.1085,178436.0
1753591873817,04:51:13.817,ascendex,AEVO/USDT:USDT,0.1078,92850.5,0.1077,92936.8,0.1087,114889.7,0.1088,459453.3
1753591911965,04:51:51.965,bybit,AEVO/USDT:USDT,0.1082,2003.3,0.1081,68496.9,0.1083,19610.0,0.1084,67410.3
1753591911889,04:51:51.889,gateio,AEVO/USDT:USDT,0.10819,225.0,0.10818,4453.0,0.10827,44.0,0.10835,201.0
1753591912002,04:51:52.002,binance,AEVO/USDT:USDT,0.1082,111561.8,0.1081,165317.9,0.1083,17296.2,0.1084,156903.1
1753591912065,04:51:52.065,bybit,AEVO/USDT:USDT,0.1082,2003.3,0.1081,68496.9,0.1083,19704.5,0.1084,67410.3
1753591912051,04:51:52.051,bitget,AEVO/USDT:USDT,0.1083,4641.5,0.1082,204435.6,0.1084,31254.4,0.1085,178436.0
1753591911986,04:51:51.986,gateio,AEVO/USDT:USDT,0.10819,225.0,0.10818,4453.0,0.10833,173.0,0.10834,44.0
1753591912077,04:51:52.077,mexc,AEVO/USDT:USDT,0.1082,754206,0.1081,1548807,0.1083,351817,0.1084,845330
1753591912118,04:51:52.118,phemex,AEVO/USDT:USDT,0.1082,20075.0,0.1081,652.0,0.1084,35483.0,0.1085,50095.0
1753591912169,04:51:52.169,bybit,AEVO/USDT:USDT,0.1082,6852.5,0.1081,74167.7,0.1083,8726.2,0.1084,62794.6
1753591912153,04:51:52.153,binance,AEVO/USDT:USDT,0.1083,24855.9,0.1082,158035.9,0.1084,65952.1,0.1085,194084.7
1753591912181,04:51:52.181,phemex,AEVO/USDT:USDT,0.1083,635.0,0.1082,21923.0,0.1084,35483.0,0.1085,50095.0
1753591912131,04:51:52.131,gateio,AEVO/USDT:USDT,0.10823,1880.0,0.10821,173.0,0.10831,173.0,0.10832,44.0
1753591912202,04:51:52.202,bitget,AEVO/USDT:USDT,0.1083,23368.1,0.1082,204435.6,0.1084,10728.0,0.1085,148087.5
1753591912234,04:51:52.234,phemex,AEVO/USDT:USDT,0.1082,21923.0,0.1081,652.0,0.1084,35483.0,0.1085,57513.0
1753591873817,04:51:13.817,ascendex,AEVO/USDT:USDT,0.1078,92850.5,0.1077,92936.8,0.1087,114889.7,0.1088,459453.3
1753591912256,04:51:52.256,phemex,AEVO/USDT:USDT,0.1083,635.0,0.1082,21923.0,0.1084,35483.0,0.1085,57513.0
1753591912246,04:51:52.246,gateio,AEVO/USDT:USDT,0.10823,1880.0,0.10821,173.0,0.1083,44.0,0.10831,173.0
1753591912265,04:51:52.265,binance,AEVO/USDT:USDT,0.1083,25183.4,0.1082,152254.5,0.1084,72692.0,0.1085,194084.7
1753591912230,04:51:52.230,mexc,AEVO/USDT:USDT,0.1083,590324,0.1082,983181,0.1084,497653,0.1085,1096803
1753591912294,04:51:52.294,phemex,AEVO/USDT:USDT,0.1082,21923.0,0.1081,652.0,0.1084,35483.0,0.1085,57513.0
1753591912364,04:51:52.364,bybit,AEVO/USDT:USDT,0.1082,6757.7,0.1081,74167.7,0.1083,8726.2,0.1084,62794.6
1753591912335,04:51:52.335,phemex,AEVO/USDT:USDT,0.1083,635.0,0.1082,21923.0,0.1084,35483.0,0.1085,57513.0
1753591912352,04:51:52.352,bitget,AEVO/USDT:USDT,0.1083,23368.1,0.1082,202820.2,0.1084,5685.5,0.1085,187649.6
1753591912355,04:51:52.355,gateio,AEVO/USDT:USDT,0.10823,1908.0,0.10821,173.0,0.1083,44.0,0.10835,201.0
1753591912381,04:51:52.381,binance,AEVO/USDT:USDT,0.1083,25183.4,0.1082,152319.2,0.1084,69924.5,0.1085,175004.1
1753591912405,04:51:52.405,phemex,AEVO/USDT:USDT,0.1083,635.0,0.1082,21923.0,0.1084,35483.0,0.1085,57513.0
1753591912464,04:51:52.464,bybit,AEVO/USDT:USDT,0.1082,6757.7,0.1081,74167.7,0.1083,8821.0,0.1084,62794.6
1753591912437,04:51:52.437,phemex,AEVO/USDT:USDT,0.1082,21923.0,0.1081,652.0,0.1084,35483.0,0.1085,57513.0
1753591912475,04:51:52.475,phemex,AEVO/USDT:USDT,0.1083,635.0,0.1082,21923.0,0.1084,35483.0,0.1085,57513.0
1753591912389,04:51:52.389,gateio,AEVO/USDT:USDT,0.10823,1908.0,0.10821,173.0,0.10833,173.0,0.10834,44.0
1753591912500,04:51:52.500,phemex,AEVO/USDT:USDT,0.1082,21923.0,0.1081,652.0,0.1084,35483.0,0.1085,57513.0
1753591912502,04:51:52.502,bitget,AEVO/USDT:USDT,0.1083,23368.1,0.1082,202820.2,0.1084,8571.1,0.1085,187649.6
1753591912508,04:51:52.508,binance,AEVO/USDT:USDT,0.1083,25229.6,0.1082,152319.2,0.1084,71853.1,0.1085,179614.0
1753591912521,04:51:52.521,mexc,AEVO/USDT:USDT,0.1083,590324,0.1082,983181,0.1084,497653,0.1085,1400251
1753591912564,04:51:52.564,bybit,AEVO/USDT:USDT,0.1082,6757.7,0.1081,74167.7,0.1083,8915.8,0.1084,62794.6
1753591912538,04:51:52.538,phemex,AEVO/USDT:USDT,0.1083,635.0,0.1082,21923.0,0.1084,35483.0,0.1085,57513.0
1753591873817,04:51:13.817,ascendex,AEVO/USDT:USDT,0.1078,92850.5,0.1077,92936.8,0.1087,114889.7,0.1088,459453.3
1753591912507,04:51:52.507,gateio,AEVO/USDT:USDT,0.10823,1908.0,0.10821,173.0,0.10831,173.0,0.10832,44.0
1753591912665,04:51:52.665,bybit,AEVO/USDT:USDT,0.1082,6757.7,0.1081,79565.8,0.1083,8915.8,0.1084,62794.6
1753591912652,04:51:52.652,bitget,AEVO/USDT:USDT,0.1083,23368.1,0.1082,202820.2,0.1084,8571.1,0.1085,187649.6
1753591912570,04:51:52.570,gateio,AEVO/USDT:USDT,0.10823,1936.0,0.10821,173.0,0.1083,44.0,0.10831,173.0
1753591912665,04:51:52.665,binance,AEVO/USDT:USDT,0.1083,25229.6,0.1082,152319.2,0.1084,71853.1,0.1085,179614.0
1753591912707,04:51:52.707,okx,AEVO/USDT:USDT,0.10827,1.0,0.10826,4126.0,0.10828,2.0,0.1083,1328.0
1753591912765,04:51:52.765,bybit,AEVO/USDT:USDT,0.1082,6757.7,0.1081,79565.8,0.1083,8915.8,0.1084,62794.6
1753591912634,04:51:52.634,mexc,AEVO/USDT:USDT,0.1083,590324,0.1082,754206,0.1084,497653,0.1085,1400251
1753591912752,04:51:52.752,phemex,AEVO/USDT:USDT,0.1083,635.0,0.1082,21923.0,0.1084,35483.0,0.1085,57513.0
1753591912666,04:51:52.666,gateio,AEVO/USDT:USDT,0.10823,1936.0,0.10821,173.0,0.1083,44.0,0.10831,173.0
1753591912780,04:51:52.780,binance,AEVO/USDT:USDT,0.1083,25229.6,0.1082,152319.2,0.1084,71853.1,0.1085,179614.0
1753591912802,04:51:52.802,bitget,AEVO/USDT:USDT,0.1083,23368.1,0.1082,202820.2,0.1084,8571.1,0.1085,187649.6
1753591912844,04:51:52.844,phemex,AEVO/USDT:USDT,0.1082,21923.0,0.1081,652.0,0.1084,35483.0,0.1085,57513.0
1753591912844,04:51:52.844,phemex,AEVO/USDT:USDT,0.1082,21923.0,0.1081,652.0,0.1084,35483.0,0.1085,57513.0
1753591912865,04:51:52.865,bybit,AEVO/USDT:USDT,0.1082,6757.7,0.1081,79565.8,0.1083,8915.8,0.1084,62794.6
1753591912856,04:51:52.856,phemex,AEVO/USDT:USDT,0.1083,635.0,0.1082,21923.0,0.1084,35483.0,0.1085,57513.0
1753591912877,04:51:52.877,phemex,AEVO/USDT:USDT,0.1082,21923.0,0.1081,652.0,0.1084,35483.0,0.1085,57513.0
1753591873817,04:51:13.817,ascendex,AEVO/USDT:USDT,0.1078,92850.5,0.1077,92936.8,0.1087,114889.7,0.1088,459453.3
1753591912901,04:51:52.901,phemex,AEVO/USDT:USDT,0.1083,15635.0,0.1082,21923.0,0.1084,35483.0,0.1085,57513.0
1753591912890,04:51:52.890,binance,AEVO/USDT:USDT,0.1083,25229.6,0.1082,152319.2,0.1084,71853.1,0.1085,179614.0
1753591912925,04:51:52.925,mexc,AEVO/USDT:USDT,0.1083,590324,0.1082,754206,0.1084,497653,0.1085,1096803
1753591912952,04:51:52.952,bitget,AEVO/USDT:USDT,0.1083,23368.1,0.1082,202820.2,0.1084,8571.1,0.1085,187649.6
1753591912996,04:51:52.996,binance,AEVO/USDT:USDT,0.1083,25229.6,0.1082,152319.2,0.1084,71853.1,0.1085,179614.0
1753591913065,04:51:53.065,bybit,AEVO/USDT:USDT,0.1082,11757.7,0.1081,79565.8,0.1083,8726.5,0.1084,62794.6
1753591913007,04:51:53.007,gateio,AEVO/USDT:USDT,0.10823,1936.0,0.10821,173.0,0.1083,44.0,0.10831,173.0
1753591913104,04:51:53.104,binance,AEVO/USDT:USDT,0.1083,25229.6,0.1082,152319.2,0.1084,71853.1,0.1085,179614.0
1753591913102,04:51:53.102,bitget,AEVO/USDT:USDT,0.1083,23368.1,0.1082,202820.2,0.1084,8571.1,0.1085,187649.6
1753591913021,04:51:53.021,mexc,AEVO/USDT:USDT,0.1083,590324,0.1082,754206,0.1084,497653,0.1085,2026967
1753591913165,04:51:53.165,bybit,AEVO/USDT:USDT,0.1082,11852.5,0.1081,80494.7,0.1083,8631.7,0.1084,62794.6
1753591913129,04:51:53.129,gateio,AEVO/USDT:USDT,0.10823,1936.0,0.10821,173.0,0.1083,44.0,0.10831,173.0
1753591873817,04:51:13.817,ascendex,AEVO/USDT:USDT,0.1078,92850.5,0.1077,92936.8,0.1087,114889.7,0.1088,459453.3
1753591913207,04:51:53.207,okx,AEVO/USDT:USDT,0.10827,873.0,0.10826,3459.0,0.10828,2.0,0.1083,1328.0
1753591913156,04:51:53.156,bitmex,AEVO/USDT:USDT,0.1078,264.0,0.1067,447.0,0.1088,137.0,0.1089,191.0
1753591913220,04:51:53.220,binance,AEVO/USDT:USDT,0.1083,25229.6,0.1082,152319.2,0.1084,71853.1,0.1085,179614.0
1753591913265,04:51:53.265,bybit,AEVO/USDT:USDT,0.1082,14162.2,0.1081,80494.7,0.1083,8631.7,0.1084,62794.6
1753591913252,04:51:53.252,bitget,AEVO/USDT:USDT,0.1083,23368.1,0.1082,202820.2,0.1084,8571.1,0.1085,187649.6
1753591913206,04:51:53.206,bitmex,AEVO/USDT:USDT,0.1078,264.0,0.1067,447.0,0.1088,137.0,0.1089,191.0
1753591913241,04:51:53.241,gateio,AEVO/USDT:USDT,0.10823,1936.0,0.10821,173.0,0.1083,217.0,0.10833,374.0
1753591913231,04:51:53.231,mexc,AEVO/USDT:USDT,0.1083,590324,0.1082,754206,0.1084,497653,0.1085,2026967
1753591913402,04:51:53.402,binance,AEVO/USDT:USDT,0.1083,25229.6,0.1082,152319.2,0.1084,71853.1,0.1085,179614.0
1753591913402,04:51:53.402,bitget,AEVO/USDT:USDT,0.1083,23368.1,0.1082,202820.2,0.1084,8571.1,0.1085,187649.6
1753591913464,04:51:53.464,bybit,AEVO/USDT:USDT,0.1082,14162.2,0.1081,80494.7,0.1083,8631.7,0.1084,62794.6
1753591873817,04:51:13.817,ascendex,AEVO/USDT:USDT,0.1078,92850.5,0.1077,92936.8,0.1087,114889.7,0.1088,459453.3
1753591913564,04:51:53.564,bybit,AEVO/USDT:USDT,0.1082,14067.4,0.1081,80494.7,0.1083,8821.3,0.1084,62794.6
1753591913552,04:51:53.552,bitget,AEVO/USDT:USDT,0.1083,23368.1,0.1082,202820.2,0.1084,8571.1,0.1085,187649.6
1753591913504,04:51:53.504,gateio,AEVO/USDT:USDT,0.10823,1936.0,0.10821,173.0,0.1083,217.0,0.10833,374.0
1753591913523,04:51:53.523,mexc,AEVO/USDT:USDT,0.1083,590324,0.1082,754206,0.1084,497653,0.1085,1096803
1753591913707,04:51:53.707,okx,AEVO/USDT:USDT,0.10827,873.0,0.10826,3459.0,0.10828,2.0,0.1083,1328.0
1753591913702,04:51:53.702,bitget,AEVO/USDT:USDT,0.1083,23368.1,0.1082,205357.6,0.1084,8571.1,0.1085,187649.6
1753591913765,04:51:53.765,bybit,AEVO/USDT:USDT,0.1082,14162.2,0.1081,92690.1,0.1083,8726.5,0.1084,62794.6
1753591913807,04:51:53.807,okx,AEVO/USDT:USDT,0.10827,873.0,0.10826,3459.0,0.10828,2.0,0.1083,1328.0
1753591913802,04:51:53.802,binance,AEVO/USDT:USDT,0.1083,25229.6,0.1082,152319.2,0.1084,71853.1,0.1085,179614.0
1753591873817,04:51:13.817,ascendex,AEVO/USDT:USDT,0.1078,92850.5,0.1077,92936.8,0.1087,114889.7,0.1088,459453.3
1753591913732,04:51:53.732,mexc,AEVO/USDT:USDT,0.1083,590324,0.1082,754206,0.1084,497653,0.1085,1096803
1753591913864,04:51:53.864,bybit,AEVO/USDT:USDT,0.1082,14162.2,0.1081,92690.1,0.1083,8726.5,0.1084,62794.6
1753591913852,04:51:53.852,bitget,AEVO/USDT:USDT,0.1083,23368.1,0.1082,205357.6,0.1084,8571.1,0.1085,187649.6
1753591913965,04:51:53.965,bybit,AEVO/USDT:USDT,0.1082,14162.2,0.1081,92690.1,0.1083,8726.5,0.1084,62794.6
1753591913873,04:51:53.873,gateio,AEVO/USDT:USDT,0.10823,1936.0,0.10821,173.0,0.1083,217.0,0.10833,374.0
1753591914002,04:51:54.002,binance,AEVO/USDT:USDT,0.1083,25229.6,0.1082,152319.2,0.1084,71853.1,0.1085,179614.0
1753591914002,04:51:54.002,bitget,AEVO/USDT:USDT,0.1083,23368.1,0.1082,205357.6,0.1084,8571.1,0.1085,187649.6
1753591914111,04:51:54.111,mexc,AEVO/USDT:USDT,0.1083,590324,0.1082,754206,0.1084,497653,0.1085,1096803
1753591873817,04:51:13.817,ascendex,AEVO/USDT:USDT,0.1078,92850.5,0.1077,92936.8,0.1087,114889.7,0.1088,459453.3
1753591914153,04:51:54.153,bitget,AEVO/USDT:USDT,0.1083,23368.1,0.1082,205357.6,0.1084,8571.1,0.1085,187649.6
1753591914201,04:51:54.201,gateio,AEVO/USDT:USDT,0.10823,1936.0,0.10821,173.0,0.1083,217.0,0.10833,374.0
1753591914307,04:51:54.307,okx,AEVO/USDT:USDT,0.10827,873.0,0.10826,3459.0,0.10828,2.0,0.1083,1328.0
1753591914303,04:51:54.303,bitget,AEVO/USDT:USDT,0.1083,23368.1,0.1082,205357.6,0.1084,8571.1,0.1085,187649.6
1753591914310,04:51:54.310,binance,AEVO/USDT:USDT,0.1083,25229.6,0.1082,152319.2,0.1084,71853.1,0.1085,179614.0
1753591914230,04:51:54.230,mexc,AEVO/USDT:USDT,0.1083,590324,0.1082,891564,0.1084,497653,0.1085,1096803
1753591914365,04:51:54.365,bitmex,AEVO/USDT:USDT,0.1078,264.0,0.1067,447.0,0.1088,137.0,0.1089,191.0
1753591914465,04:51:54.465,bybit,AEVO/USDT:USDT,0.1082,14162.2,0.1081,92690.1,0.1083,8726.5,0.1084,62794.6
1753591873817,04:51:13.817,ascendex,AEVO/USDT:USDT,0.1078,92850.5,0.1077,92936.8,0.1087,114889.7,0.1088,459453.3
1753591914453,04:51:54.453,bitget,AEVO/USDT:USDT,0.1083,23368.1,0.1082,205357.6,0.1084,8571.1,0.1085,187649.6
1753591914415,04:51:54.415,bitmex,AEVO/USDT:USDT,0.1078,264.0,0.1067,447.0,0.1088,137.0,0.1089,191.0
1753591914522,04:51:54.522,mexc,AEVO/USDT:USDT,0.1083,590324,0.1082,891564,0.1084,497653,0.1085,1096803
1753591914565,04:51:54.565,bybit,AEVO/USDT:USDT,0.1082,14162.2,0.1081,92690.1,0.1083,8726.5,0.1084,62794.6
1753591914540,04:51:54.540,phemex,AEVO/USDT:USDT,0.1083,15635.0,0.1082,21923.0,0.1084,35483.0,0.1085,57513.0
1753591914591,04:51:54.591,phemex,AEVO/USDT:USDT,0.1083,15635.0,0.1082,21923.0,0.1084,35483.0,0.1085,57513.0
1753591914602,04:51:54.602,binance,AEVO/USDT:USDT,0.1083,25229.6,0.1082,152319.2,0.1084,71853.1,0.1085,179614.0
1753591914603,04:51:54.603,bitget,AEVO/USDT:USDT,0.1083,23368.1,0.1082,205357.6,0.1084,8571.1,0.1085,187649.6
1753591914634,04:51:54.634,mexc,AEVO/USDT:USDT,0.1083,590324,0.1082,754206,0.1084,497653,0.1085,1096803
1753591914753,04:51:54.753,bitget,AEVO/USDT:USDT,0.1083,23368.1,0.1082,205357.6,0.1084,8571.1,0.1085,187649.6
1753591873817,04:51:13.817,ascendex,AEVO/USDT:USDT,0.1078,92850.5,0.1077,92936.8,0.1087,114889.7,0.1088,459453.3
1753591914675,04:51:54.675,gateio,AEVO/USDT:USDT,0.10823,1936.0,0.10821,173.0,0.1083,217.0,0.10833,374.0
1753591914881,04:51:54.881,binance,AEVO/USDT:USDT,0.1083,25229.6,0.1082,152319.2,0.1084,71853.1,0.1085,179614.0
1753591914903,04:51:54.903,bitget,AEVO/USDT:USDT,0.1083,23368.1,0.1082,205357.6,0.1084,8571.1,0.1085,187649.6
1753591914926,04:51:54.926,mexc,AEVO/USDT:USDT,0.1083,590324,0.1082,754206,0.1084,497653,0.1085,1096803
1753591915064,04:51:55.064,bybit,AEVO/USDT:USDT,0.1082,14067.4,0.1081,92690.1,0.1083,13821.3,0.1084,62794.6
1753591915053,04:51:55.053,bitget,AEVO/USDT:USDT,0.1083,23368.1,0.1082,205357.6,0.1084,8571.1,0.1085,187649.6
1753591873817,04:51:13.817,ascendex,AEVO/USDT:USDT,0.1078,92850.5,0.1077,92936.8,0.1087,114889.7,0.1088,459453.3
1753591915164,04:51:55.164,bybit,AEVO/USDT:USDT,0.1082,14067.4,0.1081,92690.1,0.1083,13821.3,0.1084,62794.6
1753591915121,04:51:55.121,mexc,AEVO/USDT:USDT,0.1083,590324,0.1082,754206,0.1084,497653,0.1085,1096803
1753591915174,04:51:55.174,binance,AEVO/USDT:USDT,0.1083,25229.6,0.1082,152319.2,0.1084,71853.1,0.1085,179614.0
1753591915203,04:51:55.203,bitget,AEVO/USDT:USDT,0.1083,23368.1,0.1082,205357.6,0.1084,8571.1,0.1085,187649.6
1753591915234,04:51:55.234,mexc,AEVO/USDT:USDT,0.1083,590324,0.1082,754206,0.1084,497653,0.1085,1096803
1753591915353,04:51:55.353,bitget,AEVO/USDT:USDT,0.1083,23368.1,0.1082,205357.6,0.1084,8571.1,0.1085,187649.6
1753591873817,04:51:13.817,ascendex,AEVO/USDT:USDT,0.1078,92850.5,0.1077,92936.8,0.1087,114889.7,0.1088,459453.3
1753591915434,04:51:55.434,binance,AEVO/USDT:USDT,0.1083,25229.6,0.1082,152319.2,0.1084,81806.9,0.1085,179614.0
1753591915144,04:51:55.144,phemex,AEVO/USDT:USDT,0.1083,15000.0,0.1082,21923.0,0.1084,35483.0,0.1085,57513.0
1753591915514,04:51:55.514,gateio,AEVO/USDT:USDT,0.10823,1936.0,0.10821,173.0,0.1083,217.0,0.10833,374.0
1753591915523,04:51:55.523,mexc,AEVO/USDT:USDT,0.1083,590324,0.1082,754206,0.1084,497653,0.1085,1223665
1753591915665,04:51:55.665,bybit,AEVO/USDT:USDT,0.1082,14067.4,0.1081,92690.1,0.1083,13821.3,0.1084,62794.6
1753591873817,04:51:13.817,ascendex,AEVO/USDT:USDT,0.1078,92850.5,0.1077,92936.8,0.1087,114889.7,0.1088,459453.3
1753591915803,04:51:55.803,bitget,AEVO/USDT:USDT,0.1083,23368.1,0.1082,204435.6,0.1084,8571.1,0.1085,187649.6
1753591915731,04:51:55.731,mexc,AEVO/USDT:USDT,0.1083,590324,0.1082,754206,0.1084,497653,0.1085,1223665
1753591915954,04:51:55.954,bitget,AEVO/USDT:USDT,0.1083,23368.1,0.1082,204435.6,0.1084,8571.1,0.1085,187649.6
1753591915941,04:51:55.941,gateio,AEVO/USDT:USDT,0.10823,1936.0,0.10821,173.0,0.1083,217.0,0.10833,374.0
1753591915965,04:51:55.965,binance,AEVO/USDT:USDT,0.1083,25229.6,0.1082,152319.2,0.1084,81806.9,0.1085,179614.0
1753591873817,04:51:13.817,ascendex,AEVO/USDT:USDT,0.1078,92850.5,0.1077,92936.8,0.1087,114889.7,0.1088,459453.3
1753591916104,04:51:56.104,bitget,AEVO/USDT:USDT,0.1083,23368.1,0.1082,204435.6,0.1084,8571.1,0.1085,187649.6
1753591916023,04:51:56.023,mexc,AEVO/USDT:USDT,0.1083,590324,0.1082,754206,0.1084,497653,0.1085,1339571
1753591857033,04:50:57.033,blofin,AEVO/USDT:USDT,0.10819,1033.0,0.10816,3.0,0.10822,3.0,0.10823,8333.0
1753591916264,04:51:56.264,bybit,AEVO/USDT:USDT,0.1082,14067.4,0.1081,92690.1,0.1083,13821.3,0.1084,62794.6
1753591916254,04:51:56.254,bitget,AEVO/USDT:USDT,0.1083,23368.1,0.1082,204435.6,0.1084,8571.1,0.1085,187649.6
1753591916365,04:51:56.365,bybit,AEVO/USDT:USDT,0.1082,14067.4,0.1081,92690.1,0.1083,13821.3,0.1084,62794.6
1753591916232,04:51:56.232,mexc,AEVO/USDT:USDT,0.1083,590324,0.1082,754206,0.1084,497653,0.1085,1339571
1753591873817,04:51:13.817,ascendex,AEVO/USDT:USDT,0.1078,92850.5,0.1077,92936.8,0.1087,114889.7,0.1088,459453.3
1753591916404,04:51:56.404,bitget,AEVO/USDT:USDT,0.1083,23368.1,0.1082,204435.6,0.1084,8571.1,0.1085,187649.6
1753591916507,04:51:56.507,okx,AEVO/USDT:USDT,0.10827,873.0,0.10826,3459.0,0.10828,5.0,0.1083,1328.0
1753591916554,04:51:56.554,bitget,AEVO/USDT:USDT,0.1083,23368.1,0.1082,204435.6,0.1084,8571.1,0.1085,187649.6
1753591916607,04:51:56.607,okx,AEVO/USDT:USDT,0.10827,873.0,0.10826,3459.0,0.10828,5.0,0.1083,1328.0
1753591916554,04:51:56.554,bitmex,AEVO/USDT:USDT,0.1078,264.0,0.1067,476.0,0.1088,137.0,0.1089,191.0
1753591916526,04:51:56.526,mexc,AEVO/USDT:USDT,0.1083,590324,0.1082,754206,0.1084,497653,0.1085,1096803
1753591916604,04:51:56.604,bitmex,AEVO/USDT:USDT,0.1078,264.0,0.1067,476.0,0.1088,137.0,0.1089,191.0
1753591873817,04:51:13.817,ascendex,AEVO/USDT:USDT,0.1078,92850.5,0.1077,92936.8,0.1087,114889.7,0.1088,459453.3
1753591916744,04:51:56.744,binance,AEVO/USDT:USDT,0.1083,25229.6,0.1082,155767.0,0.1084,81806.9,0.1085,179614.0
1753591916807,04:51:56.807,okx,AEVO/USDT:USDT,0.10827,873.0,0.10826,3459.0,0.10828,5.0,0.1083,1328.0
1753591916731,04:51:56.731,mexc,AEVO/USDT:USDT,0.1083,590324,0.1082,754206,0.1084,497653,0.1085,1096803
1753591916854,04:51:56.854,bitget,AEVO/USDT:USDT,0.1083,23368.1,0.1082,204435.6,0.1084,8571.1,0.1085,187649.6
1753591916798,04:51:56.798,gateio,AEVO/USDT:USDT,0.10823,1936.0,0.10821,173.0,0.1083,217.0,0.10833,374.0
1753591916902,04:51:56.902,binance,AEVO/USDT:USDT,0.1083,25229.6,0.1082,155767.0,0.1084,81806.9,0.1085,179614.0
1753591916871,04:51:56.871,gateio,AEVO/USDT:USDT,0.10823,1936.0,0.10821,173.0,0.1083,217.0,0.10833,374.0
1753591873817,04:51:13.817,ascendex,AEVO/USDT:USDT,0.1078,92850.5,0.1077,92936.8,0.1087,114889.7,0.1088,459453.3
1753591917004,04:51:57.004,bitget,AEVO/USDT:USDT,0.1083,23368.1,0.1082,204435.6,0.1084,8571.1,0.1085,187649.6
1753591917107,04:51:57.107,okx,AEVO/USDT:USDT,0.10827,873.0,0.10826,3459.0,0.10828,5.0,0.1083,1328.0
1753591917101,04:51:57.101,binance,AEVO/USDT:USDT,0.1083,25229.6,0.1082,155767.0,0.1084,81806.9,0.1085,179614.0
1753591917026,04:51:57.026,mexc,AEVO/USDT:USDT,0.1083,590324,0.1082,754206,0.1084,497653,0.1085,1239716
1753591917154,04:51:57.154,bitget,AEVO/USDT:USDT,0.1083,23368.1,0.1082,204435.6,0.1084,8571.1,0.1085,187649.6
1753591917207,04:51:57.207,okx,AEVO/USDT:USDT,0.10827,873.0,0.10826,3459.0,0.10828,5.0,0.1083,1328.0
1753591917326,04:51:57.326,phemex,AEVO/USDT:USDT,0.1083,28385.0,0.1082,2495.0,0.1084,35483.0,0.1085,57513.0
1753591873817,04:51:13.817,ascendex,AEVO/USDT:USDT,0.1078,92850.5,0.1077,92936.8,0.1087,114889.7,0.1088,459453.3
1753591917304,04:51:57.304,bitget,AEVO/USDT:USDT,0.1083,23368.1,0.1082,204435.6,0.1084,8571.1,0.1085,187649.6
1753591917365,04:51:57.365,bybit,AEVO/USDT:USDT,0.1082,14067.4,0.1081,92690.1,0.1083,13821.3,0.1084,62794.6
1753591917234,04:51:57.234,mexc,AEVO/USDT:USDT,0.1083,590324,0.1082,1615533,0.1084,497653,0.1085,1239716
1753591917390,04:51:57.390,binance,AEVO/USDT:USDT,0.1083,26495.5,0.1082,155767.0,0.1084,81853.1,0.1085,179614.0
1753591917464,04:51:57.464,bybit,AEVO/USDT:USDT,0.1082,14067.4,0.1081,92690.1,0.1083,13821.3,0.1084,62794.6
1753591917454,04:51:57.454,bitget,AEVO/USDT:USDT,0.1083,23368.1,0.1082,204435.6,0.1084,8571.1,0.1085,187649.6
1753591917517,04:51:57.517,binance,AEVO/USDT:USDT,0.1083,26495.5,0.1082,160384.1,0.1084,81853.1,0.1085,179614.0
1753591917607,04:51:57.607,okx,AEVO/USDT:USDT,0.10827,873.0,0.10826,3459.0,0.10828,725.0,0.1083,1328.0
1753591873817,04:51:13.817,ascendex,AEVO/USDT:USDT,0.1078,92850.5,0.1077,92936.8,0.1087,114889.7,0.1088,459453.3
1753591917525,04:51:57.525,mexc,AEVO/USDT:USDT,0.1083,590324,0.1082,1615533,0.1084,497653,0.1085,1419855
1753591917598,04:51:57.598,gateio,AEVO/USDT:USDT,0.10823,1936.0,0.10821,173.0,0.1083,217.0,0.10833,374.0
1753591917755,04:51:57.755,bitget,AEVO/USDT:USDT,0.1083,23368.1,0.1082,204435.6,0.1084,8571.1,0.1085,187649.6
1753591917834,04:51:57.834,phemex,AEVO/USDT:USDT,0.1083,28385.0,0.1082,2495.0,0.1084,35483.0,0.1085,57513.0
1753591917777,04:51:57.777,bitmex,AEVO/USDT:USDT,0.1078,264.0,0.1067,476.0,0.1088,137.0,0.1089,191.0
1753591917864,04:51:57.864,bybit,AEVO/USDT:USDT,0.1082,14067.4,0.1081,92690.1,0.1083,13821.3,0.1084,62794.6
1753591917733,04:51:57.733,mexc,AEVO/USDT:USDT,0.1083,160080,0.1082,1035986,0.1084,561994,0.1085,882182
1753591917850,04:51:57.850,binance,AEVO/USDT:USDT,0.1083,26495.5,0.1082,160384.1,0.1084,71853.1,0.1085,179614.0
1753591917859,04:51:57.859,phemex,AEVO/USDT:USDT,0.1083,28385.0,0.1082,2495.0,0.1084,35483.0,0.1085,57513.0
1753591917843,04:51:57.843,bitmex,AEVO/USDT:USDT,0.1078,264.0,0.1067,476.0,0.1088,137.0,0.1089,191.0
1753591917905,04:51:57.905,bitget,AEVO/USDT:USDT,0.1083,23368.1,0.1082,204435.6,0.1084,8571.1,0.1085,187649.6
1753591917929,04:51:57.929,gateio,AEVO/USDT:USDT,0.10823,1936.0,0.10821,173.0,0.1083,217.0,0.10833,374.0
1753591918065,04:51:58.065,bybit,AEVO/USDT:USDT,0.1082,14067.4,0.1081,92690.1,0.1083,13821.3,0.1084,62794.6
1753591918055,04:51:58.055,bitget,AEVO/USDT:USDT,0.1083,23368.1,0.1082,204435.6,0.1084,8571.1,0.1085,187649.6
1753591917998,04:51:57.998,gateio,AEVO/USDT:USDT,0.10823,1936.0,0.10821,173.0,0.1083,44.0,0.10833,374.0
1753591918102,04:51:58.102,binance,AEVO/USDT:USDT,0.1083,26495.5,0.1082,160384.1,0.1084,71853.1,0.1085,179614.0
1753591918140,04:51:58.140,mexc,AEVO/USDT:USDT,0.1083,160080,0.1082,840969,0.1084,561994,0.1085,882182
1753591918086,04:51:58.086,gateio,AEVO/USDT:USDT,0.10823,1936.0,0.10821,173.0,0.10831,173.0,0.10832,44.0
1753591918205,04:51:58.205,bitget,AEVO/USDT:USDT,0.1083,23368.1,0.1082,204435.6,0.1084,8571.1,0.1085,187649.6
1753591873817,04:51:13.817,ascendex,AEVO/USDT:USDT,0.1078,92850.5,0.1077,92936.8,0.1087,114889.7,0.1088,459453.3
1753591918245,04:51:58.245,gateio,AEVO/USDT:USDT,0.10824,2244.0,0.10823,7480.0,0.1083,217.0,0.10831,173.0
1753591918234,04:51:58.234,mexc,AEVO/USDT:USDT,0.1083,160080,0.1082,840969,0.1084,561994,0.1085,882182
1753591918355,04:51:58.355,bitget,AEVO/USDT:USDT,0.1083,23368.1,0.1082,204435.6,0.1084,8571.1,0.1085,187649.6
1753591918274,04:51:58.274,gateio,AEVO/USDT:USDT,0.10824,2244.0,0.10823,7480.0,0.1083,44.0,0.10831,173.0
1753591918465,04:51:58.465,bybit,AEVO/USDT:USDT,0.1082,14067.4,0.1081,92690.1,0.1083,13821.3,0.1084,62794.6
1753591918377,04:51:58.377,gateio,AEVO/USDT:USDT,0.10824,2244.0,0.10823,7480.0,0.1083,44.0,0.10831,173.0
1753591918505,04:51:58.505,bitget,AEVO/USDT:USDT,0.1083,23368.1,0.1082,204435.6,0.1084,8571.1,0.1085,187649.6
1753591918565,04:51:58.565,bybit,AEVO/USDT:USDT,0.1082,14067.4,0.1081,92690.1,0.1083,13821.3,0.1084,62794.6
1753591873817,04:51:13.817,ascendex,AEVO/USDT:USDT,0.1078,92850.5,0.1077,92936.8,0.1087,114889.7,0.1088,459453.3
1753591918523,04:51:58.523,mexc,AEVO/USDT:USDT,0.1083,160080,0.1082,840969,0.1084,561994,0.1085,1237095
1753591918655,04:51:58.655,bitget,AEVO/USDT:USDT,0.1083,23368.1,0.1082,204435.6,0.1084,8571.1,0.1085,187649.6
1753591918708,04:51:58.708,gateio,AEVO/USDT:USDT,0.10824,2244.0,0.10823,7480.0,0.1083,217.0,0.10833,173.0
1753591918805,04:51:58.805,bitget,AEVO/USDT:USDT,0.1083,23368.1,0.1082,204435.6,0.1084,8571.1,0.1085,187649.6
1753591918823,04:51:58.823,binance,AEVO/USDT:USDT,0.1083,26495.5,0.1082,160384.1,0.1084,71853.1,0.1085,179614.0
1753591918735,04:51:58.735,mexc,AEVO/USDT:USDT,0.1083,160080,0.1082,1092820,0.1084,561994,0.1085,1237095
1753591873817,04:51:13.817,ascendex,AEVO/USDT:USDT,0.1078,92850.5,0.1077,92936.8,0.1087,114889.7,0.1088,459453.3
1753591918878,04:51:58.878,bitmex,AEVO/USDT:USDT,0.1078,264.0,0.1067,476.0,0.1088,137.0,0.1089,191.0
1753591918964,04:51:58.964,bybit,AEVO/USDT:USDT,0.1082,14055.2,0.1081,92690.1,0.1083,13821.3,0.1084,62794.6
1753591918955,04:51:58.955,bitget,AEVO/USDT:USDT,0.1083,23368.1,0.1082,204435.6,0.1084,8571.1,0.1085,187649.6
1753591918975,04:51:58.975,bitmex,AEVO/USDT:USDT,0.1078,264.0,0.1067,476.0,0.1088,137.0,0.1089,191.0
1753591919065,04:51:59.065,bybit,AEVO/USDT:USDT,0.1082,14080.6,0.1081,92690.1,0.1083,13821.3,0.1084,64534.2
1753591919105,04:51:59.105,bitget,AEVO/USDT:USDT,0.1083,23368.1,0.1082,204435.6,0.1084,8571.1,0.1085,187649.6
1753591919024,04:51:59.024,mexc,AEVO/USDT:USDT,0.1083,160080,0.1082,1092820,0.1084,561994,0.1085,1258782
1753591919165,04:51:59.165,bybit,AEVO/USDT:USDT,0.1082,14080.6,0.1081,92690.1,0.1083,13821.3,0.1084,64534.2
1753591919168,04:51:59.168,phemex,AEVO/USDT:USDT,0.1083,28385.0,0.1082,2495.0,0.1084,35483.0,0.1085,57513.0
1753591873817,04:51:13.817,ascendex,AEVO/USDT:USDT,0.1078,92850.5,0.1077,92936.8,0.1087,114889.7,0.1088,459453.3
1753591919203,04:51:59.203,binance,AEVO/USDT:USDT,0.1083,26495.5,0.1082,160223.3,0.1084,71853.1,0.1085,179614.0
1753591919264,04:51:59.264,bybit,AEVO/USDT:USDT,0.1082,14081.6,0.1081,92690.1,0.1083,13821.3,0.1084,64534.2
1753591919255,04:51:59.255,bitget,AEVO/USDT:USDT,0.1083,23112.4,0.1082,204435.6,0.1084,8571.1,0.1085,187649.6
1753591919235,04:51:59.235,mexc,AEVO/USDT:USDT,0.1083,160080,0.1082,1256761,0.1084,561994,0.1085,1258782
1753591919364,04:51:59.364,binance,AEVO/USDT:USDT,0.1083,26657.2,0.1082,160223.3,0.1084,71853.1,0.1085,179614.0
1753591919405,04:51:59.405,bitget,AEVO/USDT:USDT,0.1083,23368.1,0.1082,204435.6,0.1084,8571.1,0.1085,187649.6
1753591873817,04:51:13.817,ascendex,AEVO/USDT:USDT,0.1078,92850.5,0.1077,92936.8,0.1087,114889.7,0.1088,459453.3
1753591919565,04:51:59.565,bybit,AEVO/USDT:USDT,0.1082,14081.6,0.1081,92690.1,0.1083,13821.3,0.1084,64534.2
1753591919556,04:51:59.556,bitget,AEVO/USDT:USDT,0.1083,23368.1,0.1082,204435.6,0.1084,8571.1,0.1085,187649.6
1753591919560,04:51:59.560,gateio,AEVO/USDT:USDT,0.10824,2244.0,0.10823,7480.0,0.1083,44.0,0.10833,173.0
1753591919664,04:51:59.664,bybit,AEVO/USDT:USDT,0.1082,14081.6,0.1081,92690.1,0.1083,13821.3,0.1084,64534.2
1753591919525,04:51:59.525,mexc,AEVO/USDT:USDT,0.1083,160080,0.1082,1256761,0.1084,561994,0.1085,882182
1753591919648,04:51:59.648,gateio,AEVO/USDT:USDT,0.10824,2244.0,0.10823,7480.0,0.10831,173.0,0.10832,44.0
1753591919706,04:51:59.706,bitget,AEVO/USDT:USDT,0.1083,23368.1,0.1082,204435.6,0.1084,8571.1,0.1085,187649.6
1753591919670,04:51:59.670,gateio,AEVO/USDT:USDT,0.10824,2244.0,0.10823,7480.0,0.1083,44.0,0.10831,173.0
1753591873817,04:51:13.817,ascendex,AEVO/USDT:USDT,0.1078,92850.5,0.1077,92936.8,0.1087,114889.7,0.1088,459453.3
1753591919735,04:51:59.735,mexc,AEVO/USDT:USDT,0.1083,160080,0.1082,840969,0.1084,561994,0.1085,882182
1753591919856,04:51:59.856,bitget,AEVO/USDT:USDT,0.1083,23368.1,0.1082,204435.6,0.1084,8571.1,0.1085,187649.6
1753591920006,04:52:00.006,bitget,AEVO/USDT:USDT,0.1083,23368.1,0.1082,204435.6,0.1084,8571.1,0.1085,187649.6
1753591920030,04:52:00.030,gateio,AEVO/USDT:USDT,0.10823,1936.0,0.10821,173.0,0.1083,217.0,0.10833,374.0
1753591920052,04:52:00.052,bitmex,AEVO/USDT:USDT,0.1078,264.0,0.1067,476.0,0.1088,137.0,0.1089,191.0
1753591920110,04:52:00.110,binance,AEVO/USDT:USDT,0.1083,26657.2,0.1082,160223.3,0.1084,71853.1,0.1085,179614.0
1753591920115,04:52:00.115,mexc,AEVO/USDT:USDT,0.1083,160080,0.1082,840969,0.1084,561994,0.1085,1003909
1753591920167,04:52:00.167,bybit,AEVO/USDT:USDT,0.1082,14081.6,0.1081,92690.1,0.1083,13821.3,0.1084,64534.2
1753591920156,04:52:00.156,bitget,AEVO/USDT:USDT,0.1083,23368.1,0.1082,204435.6,0.1084,8571.1,0.1085,187649.6
1753591920114,04:52:00.114,bitmex,AEVO/USDT:USDT,0.1078,264.0,0.1067,476.0,0.1088,137.0,0.1089,191.0
1753591920265,04:52:00.265,bybit,AEVO/USDT:USDT,0.1082,14081.6,0.1081,92690.1,0.1083,13821.3,0.1084,64534.2
1753591920229,04:52:00.229,gateio,AEVO/USDT:USDT,0.10824,2244.0,0.10823,7480.0,0.1083,44.0,0.10833,173.0
1753591920307,04:52:00.307,okx,AEVO/USDT:USDT,0.10827,873.0,0.10826,3459.0,0.10828,725.0,0.1083,1328.0
1753591920306,04:52:00.306,bitget,AEVO/USDT:USDT,0.1083,23368.1,0.1082,204435.6,0.1084,8571.1,0.1085,187649.6
1753591920236,04:52:00.236,mexc,AEVO/USDT:USDT,0.1083,160080,0.1082,840969,0.1084,561994,0.1085,1003909
1753591920293,04:52:00.293,gateio,AEVO/USDT:USDT,0.10824,2244.0,0.10823,7480.0,0.10831,173.0,0.10832,44.0
1753591873817,04:51:13.817,ascendex,AEVO/USDT:USDT,0.1078,92850.5,0.1077,92936.8,0.1087,114889.7,0.1088,459453.3
1753591920417,04:52:00.417,gateio,AEVO/USDT:USDT,0.10824,2244.0,0.10823,7480.0,0.1083,217.0,0.10833,374.0
1753591920507,04:52:00.507,okx,AEVO/USDT:USDT,0.10827,873.0,0.10826,3459.0,0.10828,725.0,0.1083,1328.0
1753591920525,04:52:00.525,mexc,AEVO/USDT:USDT,0.1083,160080,0.1082,840969,0.1084,561994,0.1085,882182
1753591920564,04:52:00.564,bybit,AEVO/USDT:USDT,0.1082,9081.6,0.1081,92690.1,0.1083,13821.3,0.1084,64534.2
1753591920606,04:52:00.606,bitget,AEVO/USDT:USDT,0.1083,23368.1,0.1082,204435.6,0.1084,8571.1,0.1085,187649.6
1753591920764,04:52:00.764,bybit,AEVO/USDT:USDT,0.1082,9081.6,0.1081,92690.1,0.1083,13821.3,0.1084,64534.2
1753591920639,04:52:00.639,mexc,AEVO/USDT:USDT,0.1083,160080,0.1082,840969,0.1084,561994,0.1085,882182
1753591920756,04:52:00.756,bitget,AEVO/USDT:USDT,0.1083,23368.1,0.1082,204435.6,0.1084,8571.1,0.1085,187649.6
1753591920807,04:52:00.807,okx,AEVO/USDT:USDT,0.10827,873.0,0.10826,3459.0,0.10828,2139.0,0.1083,1328.0
1753591920864,04:52:00.864,bybit,AEVO/USDT:USDT,0.1082,9081.6,0.1081,92690.1,0.1083,13821.3,0.1084,64534.2
1753591920907,04:52:00.907,okx,AEVO/USDT:USDT,0.10827,873.0,0.10826,3459.0,0.10828,2155.0,0.10829,17.0
1753591920906,04:52:00.906,bitget,AEVO/USDT:USDT,0.1083,23368.1,0.1082,204435.6,0.1084,8571.1,0.1085,187649.6
1753591920965,04:52:00.965,bybit,AEVO/USDT:USDT,0.1082,9081.6,0.1081,92690.1,0.1083,13821.3,0.1084,64534.2
1753591920929,04:52:00.929,mexc,AEVO/USDT:USDT,0.1083,160080,0.1082,941307,0.1084,561994,0.1085,882182
1753591920941,04:52:00.941,binance,AEVO/USDT:USDT,0.1083,26657.2,0.1082,160223.3,0.1084,72776.0,0.1085,179614.0
1753591920987,04:52:00.987,phemex,AEVO/USDT:USDT,0.1083,28385.0,0.1082,2495.0,0.1084,35483.0,0.1085,57513.0
1753591921007,04:52:01.007,okx,AEVO/USDT:USDT,0.10827,873.0,0.10826,3459.0,0.10828,2155.0,0.10829,17.0
1753591921002,04:52:01.002,phemex,AEVO/USDT:USDT,0.1083,28385.0,0.1082,2495.0,0.1084,35483.0,0.1085,57513.0
1753591921065,04:52:01.065,bybit,AEVO/USDT:USDT,0.1082,9081.6,0.1081,92690.1,0.1083,13915.8,0.1084,64534.2
1753591921003,04:52:01.003,gateio,AEVO/USDT:USDT,0.10824,2244.0,0.10823,7480.0,0.1083,217.0,0.10833,374.0
1753591921056,04:52:01.056,bitget,AEVO/USDT:USDT,0.1083,23368.1,0.1082,204435.6,0.1084,8571.1,0.1085,187649.6
1753591873817,04:51:13.817,ascendex,AEVO/USDT:USDT,0.1078,92850.5,0.1077,92936.8,0.1087,114889.7,0.1088,459453.3
1753591921165,04:52:01.165,bybit,AEVO/USDT:USDT,0.1082,9081.6,0.1081,92690.1,0.1083,13915.8,0.1084,64534.2
1753591921026,04:52:01.026,mexc,AEVO/USDT:USDT,0.1083,160080,0.1082,941307,0.1084,561994,0.1085,882182
1753591921206,04:52:01.206,bitget,AEVO/USDT:USDT,0.1083,23368.1,0.1082,204435.6,0.1084,8571.1,0.1085,187649.6
1753591921265,04:52:01.265,bybit,AEVO/USDT:USDT,0.1082,9081.6,0.1081,92690.1,0.1083,13915.8,0.1084,64534.2
1753591921239,04:52:01.239,gateio,AEVO/USDT:USDT,0.10824,2244.0,0.10823,7480.0,0.1083,217.0,0.10833,374.0
1753591921365,04:52:01.365,bybit,AEVO/USDT:USDT,0.1082,9081.6,0.1081,92690.1,0.1083,13915.8,0.1084,64534.2
1753591921235,04:52:01.235,mexc,AEVO/USDT:USDT,0.1083,160080,0.1082,1158989,0.1084,561994,0.1085,882182
1753591921356,04:52:01.356,bitget,AEVO/USDT:USDT,0.1083,23368.1,0.1082,204435.6,0.1084,8571.1,0.1085,187649.6
1753591873817,04:51:13.817,ascendex,AEVO/USDT:USDT,0.1078,92850.5,0.1077,92936.8,0.1087,114889.7,0.1088,459453.3
1753591921407,04:52:01.407,okx,AEVO/USDT:USDT,0.10827,873.0,0.10826,3459.0,0.10828,2155.0,0.10829,17.0
1753591921357,04:52:01.357,bitmex,AEVO/USDT:USDT,0.1078,264.0,0.1067,476.0,0.1088,137.0,0.1089,191.0
1753591921407,04:52:01.407,bitmex,AEVO/USDT:USDT,0.1078,264.0,0.1067,476.0,0.1088,137.0,0.1089,191.0
1753591921440,04:52:01.440,gateio,AEVO/USDT:USDT,0.10824,2244.0,0.10823,7480.0,0.1083,44.0,0.10833,173.0
1753591921502,04:52:01.502,binance,AEVO/USDT:USDT,0.1083,26657.2,0.1082,160223.3,0.1084,72776.0,0.1085,179614.0
1753591921507,04:52:01.507,bitget,AEVO/USDT:USDT,0.1083,32597.5,0.1082,195200.8,0.1084,8571.1,0.1085,187649.6
1753591921507,04:52:01.507,okx,AEVO/USDT:USDT,0.10827,1404.0,0.10826,3459.0,0.10828,2155.0,0.10829,17.0
1753591857636,04:50:57.636,blofin,AEVO/USDT:USDT,0.10819,4.0,0.10818,1458.0,0.10822,4625.0,0.10823,19129.0
