timestamp,time,symbol,bid1_price,bid1_volume,bid2_price,bid2_volume,ask1_price,ask1_volume,ask2_price,ask2_volume
1753533020000,12:30:20.000,BAN/USDT:USDT,0.06242,21.0,0.06241,53.0,0.06249,21.0,0.0625,101.0
1753533021114,12:30:21.114,BAN/USDT:USDT,0.06242,21.0,0.06241,53.0,0.0625,21.0,0.06251,656.0
1753533030039,12:30:30.039,BAN/USDT:USDT,0.06242,21.0,0.06241,53.0,0.0625,21.0,0.06251,656.0
1753533046867,12:30:46.867,BAN/USDT:USDT,0.06242,21.0,0.06241,53.0,0.0625,21.0,0.06251,656.0
1753533052237,12:30:52.237,BAN/USDT:USDT,0.06242,21.0,0.06241,53.0,0.0625,21.0,0.06251,656.0
1753533052794,12:30:52.794,BAN/USDT:USDT,0.06242,21.0,0.06241,53.0,0.0625,21.0,0.06251,656.0
1753533059184,12:30:59.184,BAN/USDT:USDT,0.06242,21.0,0.06241,53.0,0.0625,21.0,0.06251,656.0
1753533060011,12:31:00.011,BAN/USDT:USDT,0.06242,21.0,0.06241,53.0,0.0625,21.0,0.06251,656.0
1753533065311,12:31:05.311,BAN/USDT:USDT,0.06242,21.0,0.06241,53.0,0.0625,21.0,0.06251,656.0
1753533076807,12:31:16.807,BAN/USDT:USDT,0.06242,21.0,0.06241,53.0,0.0625,21.0,0.06251,656.0
1753533079535,12:31:19.535,BAN/USDT:USDT,0.06242,21.0,0.06241,53.0,0.0625,21.0,0.06251,656.0
1753533079567,12:31:19.567,BAN/USDT:USDT,0.06242,21.0,0.06241,53.0,0.0625,21.0,0.06251,656.0
1753533083370,12:31:23.370,BAN/USDT:USDT,0.06242,21.0,0.06241,53.0,0.0625,21.0,0.06251,656.0
1753533083493,12:31:23.493,BAN/USDT:USDT,0.06242,21.0,0.06241,53.0,0.0625,21.0,0.06251,656.0
1753533097549,12:31:37.549,BAN/USDT:USDT,0.06242,21.0,0.06241,53.0,0.0625,21.0,0.06251,656.0
1753533097699,12:31:37.699,BAN/USDT:USDT,0.06242,21.0,0.06241,53.0,0.0625,21.0,0.06251,656.0
1753533098309,12:31:38.309,BAN/USDT:USDT,0.06242,21.0,0.06241,53.0,0.0625,21.0,0.06251,656.0
1753533123135,12:32:03.135,BAN/USDT:USDT,0.06243,22.0,0.06242,52.0,0.0625,635.0,0.06251,21.0
1753533123267,12:32:03.267,BAN/USDT:USDT,0.06243,22.0,0.06242,52.0,0.06249,22.0,0.0625,635.0
1753533124116,12:32:04.116,BAN/USDT:USDT,0.06243,22.0,0.06242,52.0,0.06249,22.0,0.0625,635.0
1753533124313,12:32:04.313,BAN/USDT:USDT,0.06242,21.0,0.0624,31.0,0.06248,22.0,0.06249,182.0
1753533124438,12:32:04.438,BAN/USDT:USDT,0.06242,21.0,0.0624,31.0,0.06247,22.0,0.06248,102.0
1753533124531,12:32:04.531,BAN/USDT:USDT,0.06242,21.0,0.0624,31.0,0.06247,22.0,0.06248,22.0
1753533124589,12:32:04.589,BAN/USDT:USDT,0.06242,21.0,0.0624,31.0,0.06249,22.0,0.0625,635.0
1753533124825,12:32:04.825,BAN/USDT:USDT,0.06242,21.0,0.0624,31.0,0.06249,22.0,0.0625,635.0
1753533125127,12:32:05.127,BAN/USDT:USDT,0.06242,21.0,0.0624,31.0,0.06248,22.0,0.06249,22.0
1753533125202,12:32:05.202,BAN/USDT:USDT,0.06242,21.0,0.0624,31.0,0.06247,22.0,0.06248,102.0
1753533126195,12:32:06.195,BAN/USDT:USDT,0.06242,21.0,0.0624,31.0,0.06249,22.0,0.0625,635.0
1753533126449,12:32:06.449,BAN/USDT:USDT,0.06242,21.0,0.0624,31.0,0.06249,22.0,0.0625,635.0
1753533126601,12:32:06.601,BAN/USDT:USDT,0.06242,21.0,0.0624,31.0,0.06248,22.0,0.06249,102.0
1753533127381,12:32:07.381,BAN/USDT:USDT,0.06242,21.0,0.0624,31.0,0.06248,22.0,0.06249,102.0
1753533128638,12:32:08.638,BAN/USDT:USDT,0.06242,21.0,0.0624,31.0,0.06249,22.0,0.0625,635.0
1753533129403,12:32:09.403,BAN/USDT:USDT,0.06242,21.0,0.0624,31.0,0.06249,22.0,0.0625,635.0
1753533130264,12:32:10.264,BAN/USDT:USDT,0.06242,21.0,0.0624,31.0,0.06249,22.0,0.0625,635.0
1753533130356,12:32:10.356,BAN/USDT:USDT,0.06242,21.0,0.0624,31.0,0.06249,22.0,0.0625,635.0
1753533130783,12:32:10.783,BAN/USDT:USDT,0.06242,21.0,0.0624,31.0,0.06249,22.0,0.0625,635.0
1753533132042,12:32:12.042,BAN/USDT:USDT,0.06242,21.0,0.0624,31.0,0.06248,22.0,0.06249,102.0
1753533132938,12:32:12.938,BAN/USDT:USDT,0.06242,21.0,0.0624,31.0,0.06248,22.0,0.06249,102.0
1753533135116,12:32:15.116,BAN/USDT:USDT,0.06242,21.0,0.0624,31.0,0.06249,22.0,0.0625,635.0
1753533143294,12:32:23.294,BAN/USDT:USDT,0.06242,21.0,0.0624,31.0,0.06248,22.0,0.06249,102.0
1753533145075,12:32:25.075,BAN/USDT:USDT,0.06242,21.0,0.0624,31.0,0.06249,22.0,0.0625,635.0
1753533145970,12:32:25.970,BAN/USDT:USDT,0.06242,21.0,0.0624,31.0,0.06248,22.0,0.06249,102.0
1753533146689,12:32:26.689,BAN/USDT:USDT,0.06242,21.0,0.0624,31.0,0.06248,22.0,0.06249,189.0
1753533147137,12:32:27.137,BAN/USDT:USDT,0.06241,21.0,0.06239,52.0,0.06248,22.0,0.06249,189.0
1753533147183,12:32:27.183,BAN/USDT:USDT,0.0624,21.0,0.06239,52.0,0.06247,21.0,0.06248,102.0
1753533148310,12:32:28.310,BAN/USDT:USDT,0.0624,21.0,0.06239,52.0,0.06247,21.0,0.06248,102.0
1753533148742,12:32:28.742,BAN/USDT:USDT,0.0624,21.0,0.06239,52.0,0.06247,21.0,0.06248,102.0
1753533148869,12:32:28.869,BAN/USDT:USDT,0.0624,21.0,0.06239,52.0,0.06247,21.0,0.06248,102.0
1753533149013,12:32:29.013,BAN/USDT:USDT,0.0624,21.0,0.06239,52.0,0.06246,21.0,0.06247,101.0
1753533149526,12:32:29.526,BAN/USDT:USDT,0.0624,21.0,0.06239,52.0,0.06246,21.0,0.06247,101.0
1753533150094,12:32:30.094,BAN/USDT:USDT,0.0624,21.0,0.06239,52.0,0.06246,21.0,0.06247,101.0
1753533150242,12:32:30.242,BAN/USDT:USDT,0.0624,21.0,0.06239,21.0,0.06245,21.0,0.06246,101.0
1753533150304,12:32:30.304,BAN/USDT:USDT,0.06239,21.0,0.06238,53.0,0.06245,21.0,0.06246,101.0
1753533151549,12:32:31.549,BAN/USDT:USDT,0.06239,21.0,0.06238,53.0,0.06245,21.0,0.06246,101.0
1753533151643,12:32:31.643,BAN/USDT:USDT,0.06238,22.0,0.06237,3868.0,0.06244,21.0,0.06245,101.0
1753533151683,12:32:31.683,BAN/USDT:USDT,0.06238,22.0,0.06237,3868.0,0.06244,21.0,0.06245,101.0
1753533151773,12:32:31.773,BAN/USDT:USDT,0.0624,21.0,0.06239,50.0,0.06244,21.0,0.06245,101.0
1753533151925,12:32:31.925,BAN/USDT:USDT,0.06238,22.0,0.06237,3899.0,0.06244,21.0,0.06245,101.0
1753533152502,12:32:32.502,BAN/USDT:USDT,0.06238,22.0,0.06237,3868.0,0.06244,21.0,0.06245,101.0
1753533153130,12:32:33.130,BAN/USDT:USDT,0.06238,22.0,0.06237,3868.0,0.06244,21.0,0.06245,101.0
1753533154630,12:32:34.630,BAN/USDT:USDT,0.06238,22.0,0.06237,3868.0,0.06244,21.0,0.06245,101.0
1753533154942,12:32:34.942,BAN/USDT:USDT,0.06238,22.0,0.06237,3899.0,0.06247,21.0,0.06249,260.0
1753533155023,12:32:35.023,BAN/USDT:USDT,0.06239,21.0,0.06238,53.0,0.06245,80.0,0.06247,21.0
1753533155127,12:32:35.127,BAN/USDT:USDT,0.06238,22.0,0.06237,3899.0,0.06243,21.0,0.06244,181.0
1753533155179,12:32:35.179,BAN/USDT:USDT,0.06238,22.0,0.06237,3868.0,0.06243,21.0,0.06244,181.0
1753533155343,12:32:35.343,BAN/USDT:USDT,0.06239,52.0,0.06238,22.0,0.06248,101.0,0.06249,420.0
1753533155382,12:32:35.382,BAN/USDT:USDT,0.0624,21.0,0.06239,52.0,0.06247,21.0,0.06248,101.0
1753533155595,12:32:35.595,BAN/USDT:USDT,0.0624,21.0,0.06239,52.0,0.06247,21.0,0.06248,101.0
1753533156289,12:32:36.289,BAN/USDT:USDT,0.0624,21.0,0.06239,52.0,0.06247,21.0,0.06248,101.0
1753533156408,12:32:36.408,BAN/USDT:USDT,0.0624,21.0,0.06239,52.0,0.06247,21.0,0.06248,101.0
1753533156765,12:32:36.765,BAN/USDT:USDT,0.0624,21.0,0.06239,52.0,0.06247,21.0,0.06248,101.0
1753533158940,12:32:38.940,BAN/USDT:USDT,0.06239,21.0,0.06238,53.0,0.06245,22.0,0.06246,182.0
1753533159139,12:32:39.139,BAN/USDT:USDT,0.0624,22.0,0.06239,52.0,0.06249,182.0,0.0625,635.0
1753533159248,12:32:39.248,BAN/USDT:USDT,0.06243,31.0,0.06242,22.0,0.06254,22.0,0.06255,181.0
1753533159283,12:32:39.283,BAN/USDT:USDT,0.06245,22.0,0.06244,53.0,0.06254,22.0,0.06255,181.0
1753533159400,12:32:39.400,BAN/USDT:USDT,0.06245,22.0,0.06244,53.0,0.06254,22.0,0.06255,101.0
1753533159550,12:32:39.550,BAN/USDT:USDT,0.06245,22.0,0.06244,53.0,0.06254,22.0,0.06255,101.0
1753533159601,12:32:39.601,BAN/USDT:USDT,0.06245,22.0,0.06244,53.0,0.06254,22.0,0.06255,101.0
1753533160443,12:32:40.443,BAN/USDT:USDT,0.06245,22.0,0.06244,22.0,0.0625,22.0,0.06251,635.0
1753533160483,12:32:40.483,BAN/USDT:USDT,0.06244,22.0,0.06242,53.0,0.0625,22.0,0.06251,635.0
1753533160876,12:32:40.876,BAN/USDT:USDT,0.06244,22.0,0.06242,53.0,0.0625,22.0,0.06251,635.0
1753533161118,12:32:41.118,BAN/USDT:USDT,0.06244,22.0,0.06242,53.0,0.0625,22.0,0.06251,635.0
1753533163273,12:32:43.273,BAN/USDT:USDT,0.06244,22.0,0.06242,53.0,0.0625,22.0,0.06251,635.0
1753533163699,12:32:43.699,BAN/USDT:USDT,0.06244,22.0,0.06242,53.0,0.0625,22.0,0.06251,635.0
1753533169299,12:32:49.299,BAN/USDT:USDT,0.06244,22.0,0.06242,53.0,0.0625,22.0,0.06251,635.0
1753533180335,12:33:00.335,BAN/USDT:USDT,0.06244,22.0,0.06242,53.0,0.0625,22.0,0.06251,635.0
1753533186067,12:33:06.067,BAN/USDT:USDT,0.06244,22.0,0.06242,53.0,0.0625,22.0,0.06251,635.0
1753533187892,12:33:07.892,BAN/USDT:USDT,0.06244,22.0,0.06242,53.0,0.0625,22.0,0.06251,635.0
1753533190511,12:33:10.511,BAN/USDT:USDT,0.06244,22.0,0.06242,53.0,0.0625,22.0,0.06251,635.0
1753533215601,12:33:35.601,BAN/USDT:USDT,0.06244,22.0,0.06242,53.0,0.06252,21.0,0.06255,927.0
1753533215693,12:33:35.693,BAN/USDT:USDT,0.06244,22.0,0.06242,53.0,0.06252,21.0,0.06255,927.0
1753533216345,12:33:36.345,BAN/USDT:USDT,0.06244,22.0,0.06242,53.0,0.06252,21.0,0.06255,927.0
1753533217554,12:33:37.554,BAN/USDT:USDT,0.06244,22.0,0.06242,53.0,0.06252,21.0,0.06255,927.0
1753533219694,12:33:39.694,BAN/USDT:USDT,0.06244,22.0,0.06242,53.0,0.06252,21.0,0.06255,927.0
1753533221906,12:33:41.906,BAN/USDT:USDT,0.06244,22.0,0.06242,53.0,0.06252,21.0,0.06255,927.0
1753533223888,12:33:43.888,BAN/USDT:USDT,0.06244,22.0,0.06242,53.0,0.06252,21.0,0.06255,927.0
1753533224123,12:33:44.123,BAN/USDT:USDT,0.06244,22.0,0.06242,53.0,0.06252,21.0,0.06255,927.0
1753533226310,12:33:46.310,BAN/USDT:USDT,0.06244,22.0,0.06242,53.0,0.06252,21.0,0.06255,927.0
1753533228503,12:33:48.503,BAN/USDT:USDT,0.06244,22.0,0.06242,53.0,0.06252,21.0,0.06255,927.0
1753533234322,12:33:54.322,BAN/USDT:USDT,0.06244,22.0,0.06242,53.0,0.06252,21.0,0.06255,927.0
1753533234891,12:33:54.891,BAN/USDT:USDT,0.06244,22.0,0.06242,53.0,0.06252,21.0,0.06255,927.0
1753533235044,12:33:55.044,BAN/USDT:USDT,0.06244,22.0,0.06242,53.0,0.06252,21.0,0.06255,927.0
1753533235137,12:33:55.137,BAN/USDT:USDT,0.06244,22.0,0.06242,53.0,0.06252,21.0,0.06255,927.0
1753533240135,12:34:00.135,BAN/USDT:USDT,0.06244,22.0,0.06242,53.0,0.06252,21.0,0.06255,927.0
1753533240931,12:34:00.931,BAN/USDT:USDT,0.06244,22.0,0.06242,53.0,0.06252,21.0,0.06255,927.0
1753533242268,12:34:02.268,BAN/USDT:USDT,0.06244,22.0,0.06242,53.0,0.06252,21.0,0.06255,927.0
1753533247364,12:34:07.364,BAN/USDT:USDT,0.06244,22.0,0.06242,53.0,0.06252,21.0,0.06255,927.0
1753533248079,12:34:08.079,BAN/USDT:USDT,0.06244,22.0,0.06242,53.0,0.06252,21.0,0.06255,927.0
1753533250277,12:34:10.277,BAN/USDT:USDT,0.06244,22.0,0.06242,53.0,0.06252,21.0,0.06255,927.0
1753533252831,12:34:12.831,BAN/USDT:USDT,0.06244,22.0,0.06242,53.0,0.06252,21.0,0.06255,927.0
1753533263751,12:34:23.751,BAN/USDT:USDT,0.06244,22.0,0.06242,53.0,0.06252,21.0,0.06255,689.0
1753533264004,12:34:24.004,BAN/USDT:USDT,0.06244,22.0,0.06242,53.0,0.06252,21.0,0.06255,689.0
1753533266928,12:34:26.928,BAN/USDT:USDT,0.06244,22.0,0.06242,53.0,0.06252,21.0,0.06255,689.0
1753533267035,12:34:27.035,BAN/USDT:USDT,0.06246,21.0,0.06245,1.0,0.06249,21.0,0.0625,21.0
1753533267104,12:34:27.104,BAN/USDT:USDT,0.06247,22.0,0.06246,21.0,0.06248,2.0,0.06249,21.0
1753533267398,12:34:27.398,BAN/USDT:USDT,0.06247,22.0,0.06246,21.0,0.06248,2.0,0.06249,21.0
1753533267510,12:34:27.510,BAN/USDT:USDT,0.06247,1.0,0.06246,21.0,0.06248,2.0,0.06249,21.0
1753533267612,12:34:27.612,BAN/USDT:USDT,0.06247,1.0,0.06246,21.0,0.06248,2.0,0.06249,21.0
1753533267659,12:34:27.659,BAN/USDT:USDT,0.06247,1.0,0.06244,22.0,0.06248,2.0,0.0625,21.0
1753533267832,12:34:27.832,BAN/USDT:USDT,0.06245,1.0,0.06244,22.0,0.06248,21.0,0.06249,2.0
1753533267928,12:34:27.928,BAN/USDT:USDT,0.06245,1.0,0.06244,22.0,0.06247,2.0,0.06248,21.0
1753533268103,12:34:28.103,BAN/USDT:USDT,0.06245,22.0,0.06244,22.0,0.06247,2.0,0.06248,21.0
1753533268243,12:34:28.243,BAN/USDT:USDT,0.06244,22.0,0.06242,22.0,0.06247,2.0,0.06248,21.0
1753533268273,12:34:28.273,BAN/USDT:USDT,0.06245,1.0,0.06242,22.0,0.06247,2.0,0.0625,21.0
1753533268374,12:34:28.374,BAN/USDT:USDT,0.06243,1.0,0.06242,22.0,0.06249,23.0,0.0625,21.0
1753533268546,12:34:28.546,BAN/USDT:USDT,0.06243,1.0,0.06242,22.0,0.06248,21.0,0.06249,23.0
1753533268640,12:34:28.640,BAN/USDT:USDT,0.06243,1.0,0.06242,22.0,0.06247,2.0,0.06248,21.0
1753533268703,12:34:28.703,BAN/USDT:USDT,0.06243,1.0,0.06242,22.0,0.06247,2.0,0.06248,21.0
1753533268805,12:34:28.805,BAN/USDT:USDT,0.06243,1.0,0.06242,22.0,0.06247,23.0,0.06248,21.0
1753533268855,12:34:28.855,BAN/USDT:USDT,0.06243,1.0,0.06242,22.0,0.06247,23.0,0.06248,21.0
1753533269005,12:34:29.005,BAN/USDT:USDT,0.06243,22.0,0.06242,22.0,0.06247,23.0,0.06248,21.0
1753533269437,12:34:29.437,BAN/USDT:USDT,0.06243,22.0,0.06242,22.0,0.06247,23.0,0.06248,21.0
1753533269797,12:34:29.797,BAN/USDT:USDT,0.06243,22.0,0.06241,21.0,0.06247,23.0,0.06249,21.0
1753533270023,12:34:30.023,BAN/USDT:USDT,0.06243,22.0,0.06241,53.0,0.06247,2.0,0.06249,21.0
1753533270075,12:34:30.075,BAN/USDT:USDT,0.06243,22.0,0.06241,53.0,0.06248,2.0,0.06249,21.0
1753533270235,12:34:30.235,BAN/USDT:USDT,0.06243,22.0,0.06241,53.0,0.06248,2.0,0.06249,21.0
1753533270253,12:34:30.253,BAN/USDT:USDT,0.06243,22.0,0.06241,53.0,0.06248,2.0,0.06249,21.0
1753533270383,12:34:30.383,BAN/USDT:USDT,0.06243,22.0,0.06241,53.0,0.06248,2.0,0.06249,21.0
1753533270552,12:34:30.552,BAN/USDT:USDT,0.06243,22.0,0.06241,53.0,0.06248,23.0,0.06249,21.0
1753533270668,12:34:30.668,BAN/USDT:USDT,0.06243,22.0,0.06241,53.0,0.06248,23.0,0.06249,21.0
1753533270924,12:34:30.924,BAN/USDT:USDT,0.06243,22.0,0.06241,21.0,0.06247,21.0,0.06248,23.0
1753533270958,12:34:30.958,BAN/USDT:USDT,0.06243,22.0,0.06241,21.0,0.06246,2.0,0.06247,21.0
1753533271140,12:34:31.140,BAN/USDT:USDT,0.06243,22.0,0.06241,21.0,0.06246,2.0,0.06247,21.0
1753533271162,12:34:31.162,BAN/USDT:USDT,0.06243,22.0,0.06241,21.0,0.06246,2.0,0.06247,21.0
1753533271539,12:34:31.539,BAN/USDT:USDT,0.06243,22.0,0.06241,21.0,0.06246,2.0,0.06247,21.0
1753533271636,12:34:31.636,BAN/USDT:USDT,0.06243,22.0,0.06241,21.0,0.06246,2.0,0.06247,21.0
1753533271942,12:34:31.942,BAN/USDT:USDT,0.06243,22.0,0.06241,53.0,0.06246,2.0,0.06248,21.0
1753533271958,12:34:31.958,BAN/USDT:USDT,0.06243,22.0,0.06241,53.0,0.06247,2.0,0.06248,21.0
1753533272100,12:34:32.100,BAN/USDT:USDT,0.06243,22.0,0.06241,53.0,0.06247,2.0,0.06248,21.0
1753533272376,12:34:32.376,BAN/USDT:USDT,0.06243,22.0,0.06241,53.0,0.06247,2.0,0.06248,21.0
1753533272540,12:34:32.540,BAN/USDT:USDT,0.06243,22.0,0.06241,53.0,0.06247,23.0,0.06248,21.0
1753533272591,12:34:32.591,BAN/USDT:USDT,0.06243,22.0,0.06241,53.0,0.06247,23.0,0.06248,21.0
1753533272985,12:34:32.985,BAN/USDT:USDT,0.06243,22.0,0.06241,53.0,0.06247,2.0,0.06248,21.0
1753533274138,12:34:34.138,BAN/USDT:USDT,0.06243,22.0,0.06241,53.0,0.06247,2.0,0.06249,21.0
1753533274158,12:34:34.158,BAN/USDT:USDT,0.06243,22.0,0.06241,53.0,0.06248,2.0,0.06249,21.0
1753533274299,12:34:34.299,BAN/USDT:USDT,0.06243,22.0,0.06241,53.0,0.06248,2.0,0.06249,21.0
1753533274449,12:34:34.449,BAN/USDT:USDT,0.06243,22.0,0.06241,53.0,0.06248,23.0,0.06249,21.0
1753533276328,12:34:36.328,BAN/USDT:USDT,0.06243,22.0,0.06241,53.0,0.06248,23.0,0.0625,21.0
1753533277613,12:34:37.613,BAN/USDT:USDT,0.06243,22.0,0.06241,53.0,0.06248,23.0,0.0625,21.0
1753533278370,12:34:38.370,BAN/USDT:USDT,0.06243,22.0,0.06241,53.0,0.06247,21.0,0.06248,23.0
1753533278533,12:34:38.533,BAN/USDT:USDT,0.06243,22.0,0.06241,53.0,0.06246,2.0,0.06248,21.0
1753533278558,12:34:38.558,BAN/USDT:USDT,0.06243,22.0,0.06241,53.0,0.06247,2.0,0.06248,21.0
1753533279630,12:34:39.630,BAN/USDT:USDT,0.06243,22.0,0.06241,53.0,0.06247,2.0,0.06248,21.0
1753533280728,12:34:40.728,BAN/USDT:USDT,0.06243,22.0,0.06241,53.0,0.06247,2.0,0.0625,21.0
1753533280773,12:34:40.773,BAN/USDT:USDT,0.06243,22.0,0.06241,53.0,0.06248,21.0,0.06249,2.0
1753533280874,12:34:40.874,BAN/USDT:USDT,0.06243,22.0,0.06241,53.0,0.06247,2.0,0.06248,21.0
1753533281027,12:34:41.027,BAN/USDT:USDT,0.06243,22.0,0.06241,53.0,0.06247,2.0,0.06248,21.0
1753533281179,12:34:41.179,BAN/USDT:USDT,0.06243,22.0,0.06241,53.0,0.06247,2.0,0.06248,21.0
1753533281334,12:34:41.334,BAN/USDT:USDT,0.06243,22.0,0.06241,53.0,0.06247,2.0,0.06248,21.0
1753533281486,12:34:41.486,BAN/USDT:USDT,0.06243,22.0,0.06241,53.0,0.06247,2.0,0.06248,21.0
1753533281637,12:34:41.637,BAN/USDT:USDT,0.06243,22.0,0.06241,53.0,0.06247,2.0,0.06248,21.0
1753533281788,12:34:41.788,BAN/USDT:USDT,0.06243,22.0,0.06241,53.0,0.06247,23.0,0.06248,21.0
1753533282883,12:34:42.883,BAN/USDT:USDT,0.06243,22.0,0.06241,53.0,0.06247,23.0,0.0625,21.0
1753533283668,12:34:43.668,BAN/USDT:USDT,0.06243,22.0,0.06241,53.0,0.06247,23.0,0.0625,21.0
1753533285082,12:34:45.082,BAN/USDT:USDT,0.06243,22.0,0.06241,21.0,0.06247,23.0,0.06252,21.0
1753533285685,12:34:45.685,BAN/USDT:USDT,0.06243,22.0,0.06241,21.0,0.06247,23.0,0.06252,21.0
1753533294322,12:34:54.322,BAN/USDT:USDT,0.06243,54.0,0.06241,21.0,0.06247,2.0,0.06252,21.0
1753533294383,12:34:54.383,BAN/USDT:USDT,0.06243,22.0,0.06242,32.0,0.0625,22.0,0.06251,2.0
1753533294485,12:34:54.485,BAN/USDT:USDT,0.06243,22.0,0.06241,53.0,0.06248,22.0,0.06249,2.0
1753533294558,12:34:54.558,BAN/USDT:USDT,0.06243,22.0,0.06241,53.0,0.06247,2.0,0.06248,22.0
1753533295742,12:34:55.742,BAN/USDT:USDT,0.06243,22.0,0.06241,53.0,0.06247,2.0,0.06248,22.0
1753533295813,12:34:55.813,BAN/USDT:USDT,0.06243,22.0,0.06241,53.0,0.06247,2.0,0.06248,22.0
1753533295914,12:34:55.914,BAN/USDT:USDT,0.06243,22.0,0.06241,53.0,0.06247,2.0,0.0625,22.0
1753533295972,12:34:55.972,BAN/USDT:USDT,0.06243,22.0,0.06241,53.0,0.06249,2.0,0.0625,22.0
1753533296054,12:34:56.054,BAN/USDT:USDT,0.06243,22.0,0.06241,53.0,0.06248,22.0,0.06249,2.0
1753533296180,12:34:56.180,BAN/USDT:USDT,0.06243,22.0,0.06241,53.0,0.06247,2.0,0.06248,22.0
1753533296333,12:34:56.333,BAN/USDT:USDT,0.06243,22.0,0.06241,53.0,0.06247,2.0,0.06248,22.0
1753533296486,12:34:56.486,BAN/USDT:USDT,0.06243,22.0,0.06241,53.0,0.06247,2.0,0.06248,22.0
1753533297013,12:34:57.013,BAN/USDT:USDT,0.06243,22.0,0.06241,53.0,0.06247,24.0,0.06248,22.0
1753533297383,12:34:57.383,BAN/USDT:USDT,0.06243,22.0,0.06241,53.0,0.06247,2.0,0.06248,22.0
1753533298058,12:34:58.058,BAN/USDT:USDT,0.06243,22.0,0.06241,53.0,0.06247,2.0,0.0625,22.0
1753533298174,12:34:58.174,BAN/USDT:USDT,0.06243,22.0,0.06241,53.0,0.06248,22.0,0.06249,2.0
1753533298257,12:34:58.257,BAN/USDT:USDT,0.06243,22.0,0.06241,53.0,0.06247,2.0,0.06248,22.0
1753533299025,12:34:59.025,BAN/USDT:USDT,0.06243,22.0,0.06241,53.0,0.06247,2.0,0.06248,22.0
1753533300244,12:35:00.244,BAN/USDT:USDT,0.06243,22.0,0.06241,53.0,0.06247,2.0,0.0625,22.0
1753533300273,12:35:00.273,BAN/USDT:USDT,0.06243,22.0,0.06241,53.0,0.06248,22.0,0.06249,2.0
1753533300386,12:35:00.386,BAN/USDT:USDT,0.06243,22.0,0.06241,53.0,0.06247,2.0,0.06248,22.0
1753533300538,12:35:00.538,BAN/USDT:USDT,0.06243,22.0,0.06241,53.0,0.06247,24.0,0.06248,22.0
1753533300580,12:35:00.580,BAN/USDT:USDT,0.06243,22.0,0.06241,53.0,0.06247,24.0,0.06248,22.0
1753533301398,12:35:01.398,BAN/USDT:USDT,0.06243,22.0,0.06241,53.0,0.06247,24.0,0.06248,22.0
1753533302341,12:35:02.341,BAN/USDT:USDT,0.06243,22.0,0.06241,53.0,0.06247,2.0,0.0625,22.0
1753533302374,12:35:02.374,BAN/USDT:USDT,0.06243,22.0,0.06241,53.0,0.06248,22.0,0.06249,2.0
1753533302459,12:35:02.459,BAN/USDT:USDT,0.06243,22.0,0.06241,53.0,0.06247,2.0,0.06248,22.0
1753533303100,12:35:03.100,BAN/USDT:USDT,0.06243,22.0,0.06241,53.0,0.06247,2.0,0.0625,22.0
1753533303175,12:35:03.175,BAN/USDT:USDT,0.06243,22.0,0.06241,53.0,0.06249,2.0,0.0625,22.0
1753533303418,12:35:03.418,BAN/USDT:USDT,0.06243,22.0,0.06241,53.0,0.06249,2.0,0.0625,22.0
1753533303504,12:35:03.504,BAN/USDT:USDT,0.06243,22.0,0.06241,53.0,0.06249,2.0,0.0625,22.0
1753533303660,12:35:03.660,BAN/USDT:USDT,0.06243,22.0,0.06241,53.0,0.06249,24.0,0.0625,22.0
1753533304471,12:35:04.471,BAN/USDT:USDT,0.06243,22.0,0.06241,53.0,0.06249,24.0,0.06252,21.0
1753533306149,12:35:06.149,BAN/USDT:USDT,0.06243,22.0,0.06241,53.0,0.06248,22.0,0.06249,24.0
1753533306244,12:35:06.244,BAN/USDT:USDT,0.06243,22.0,0.06241,53.0,0.06248,22.0,0.06249,24.0
1753533306530,12:35:06.530,BAN/USDT:USDT,0.06243,22.0,0.06241,53.0,0.06247,2.0,0.06248,22.0
1753533306624,12:35:06.624,BAN/USDT:USDT,0.06243,22.0,0.06241,53.0,0.06247,2.0,0.06249,22.0
1753533306657,12:35:06.657,BAN/USDT:USDT,0.06243,22.0,0.06241,53.0,0.06248,2.0,0.06249,22.0
1753533306846,12:35:06.846,BAN/USDT:USDT,0.06243,22.0,0.06241,53.0,0.06248,2.0,0.06249,22.0
1753533308834,12:35:08.834,BAN/USDT:USDT,0.06243,53.0,0.06241,21.0,0.06248,2.0,0.06252,21.0
1753533308896,12:35:08.896,BAN/USDT:USDT,0.06243,22.0,0.06242,31.0,0.0625,22.0,0.06251,2.0
1753533308974,12:35:08.974,BAN/USDT:USDT,0.06243,22.0,0.06242,31.0,0.06249,2.0,0.0625,22.0
1753533309142,12:35:09.142,BAN/USDT:USDT,0.06243,22.0,0.06241,52.0,0.06248,22.0,0.06249,2.0
1753533309157,12:35:09.157,BAN/USDT:USDT,0.06243,22.0,0.06241,52.0,0.06247,2.0,0.06248,22.0
1753533309470,12:35:09.470,BAN/USDT:USDT,0.06243,22.0,0.06241,52.0,0.06247,2.0,0.06248,22.0
1753533310942,12:35:10.942,BAN/USDT:USDT,0.06243,22.0,0.06241,52.0,0.06247,2.0,0.0625,22.0
1753533310973,12:35:10.973,BAN/USDT:USDT,0.06243,22.0,0.06241,52.0,0.06248,22.0,0.06249,2.0
1753533311058,12:35:11.058,BAN/USDT:USDT,0.06243,22.0,0.06241,52.0,0.06247,2.0,0.06248,22.0
1753533312579,12:35:12.579,BAN/USDT:USDT,0.06243,22.0,0.06241,52.0,0.06247,2.0,0.06248,22.0
1753533313106,12:35:13.106,BAN/USDT:USDT,0.06243,22.0,0.06241,52.0,0.06247,2.0,0.0625,22.0
1753533313174,12:35:13.174,BAN/USDT:USDT,0.06243,22.0,0.06241,52.0,0.06248,22.0,0.06249,2.0
1753533313258,12:35:13.258,BAN/USDT:USDT,0.06243,22.0,0.06241,52.0,0.06247,2.0,0.06248,22.0
1753533315290,12:35:15.290,BAN/USDT:USDT,0.06243,22.0,0.06241,52.0,0.06247,2.0,0.0625,22.0
1753533315373,12:35:15.373,BAN/USDT:USDT,0.06243,22.0,0.06241,52.0,0.06248,22.0,0.06249,2.0
1753533315523,12:35:15.523,BAN/USDT:USDT,0.06243,22.0,0.06241,52.0,0.06247,2.0,0.06248,22.0
1753533316746,12:35:16.746,BAN/USDT:USDT,0.06243,22.0,0.06241,52.0,0.06247,2.0,0.06248,22.0
1753533317421,12:35:17.421,BAN/USDT:USDT,0.06243,22.0,0.06241,52.0,0.06247,2.0,0.0625,22.0
1753533317474,12:35:17.474,BAN/USDT:USDT,0.06243,22.0,0.06241,52.0,0.06248,22.0,0.06249,2.0
1753533317558,12:35:17.558,BAN/USDT:USDT,0.06243,22.0,0.06241,52.0,0.06247,2.0,0.06248,22.0
1753533319582,12:35:19.582,BAN/USDT:USDT,0.06243,22.0,0.06241,52.0,0.06247,2.0,0.0625,22.0
1753533319674,12:35:19.674,BAN/USDT:USDT,0.06243,22.0,0.06241,52.0,0.06248,22.0,0.06249,2.0
1753533319757,12:35:19.757,BAN/USDT:USDT,0.06243,22.0,0.06241,52.0,0.06247,2.0,0.06248,22.0
1753533320208,12:35:20.208,BAN/USDT:USDT,0.06243,22.0,0.06241,52.0,0.06247,2.0,0.0625,22.0
1753533320275,12:35:20.275,BAN/USDT:USDT,0.06243,22.0,0.06241,52.0,0.06249,2.0,0.0625,22.0
1753533320426,12:35:20.426,BAN/USDT:USDT,0.06243,22.0,0.06241,52.0,0.06249,24.0,0.0625,22.0
1753533320787,12:35:20.787,BAN/USDT:USDT,0.06243,22.0,0.06241,52.0,0.06249,24.0,0.0625,22.0
1753533321766,12:35:21.766,BAN/USDT:USDT,0.06243,22.0,0.06241,52.0,0.06249,24.0,0.06252,21.0
1753533323284,12:35:23.284,BAN/USDT:USDT,0.06243,22.0,0.06241,52.0,0.06248,22.0,0.06249,24.0
1753533323360,12:35:23.360,BAN/USDT:USDT,0.06243,22.0,0.06241,52.0,0.06247,2.0,0.06248,22.0
1753533323822,12:35:23.822,BAN/USDT:USDT,0.06243,22.0,0.06242,22.0,0.06247,2.0,0.06248,22.0
1753533323934,12:35:23.934,BAN/USDT:USDT,0.06242,22.0,0.06241,52.0,0.06247,2.0,0.06249,22.0
1753533323958,12:35:23.958,BAN/USDT:USDT,0.06242,22.0,0.06241,52.0,0.06248,2.0,0.06249,22.0
1753533324114,12:35:24.114,BAN/USDT:USDT,0.06241,21.0,0.0624,64.0,0.06247,22.0,0.06248,2.0
1753533324159,12:35:24.159,BAN/USDT:USDT,0.06241,21.0,0.0624,64.0,0.06246,2.0,0.06247,22.0
1753533324414,12:35:24.414,BAN/USDT:USDT,0.06241,21.0,0.0624,64.0,0.06246,2.0,0.06247,22.0
1753533324830,12:35:24.830,BAN/USDT:USDT,0.06241,21.0,0.0624,64.0,0.06246,2.0,0.06247,22.0
1753533326127,12:35:26.127,BAN/USDT:USDT,0.06241,21.0,0.0624,64.0,0.06246,2.0,0.06249,22.0
1753533326449,12:35:26.449,BAN/USDT:USDT,0.06241,21.0,0.0624,64.0,0.06248,23.0,0.06249,22.0
1753533326692,12:35:26.692,BAN/USDT:USDT,0.06241,21.0,0.0624,64.0,0.06247,21.0,0.06248,23.0
1753533326757,12:35:26.757,BAN/USDT:USDT,0.06241,21.0,0.0624,64.0,0.06246,2.0,0.06247,21.0
1753533327675,12:35:27.675,BAN/USDT:USDT,0.06241,21.0,0.0624,64.0,0.06246,2.0,0.06247,21.0
1753533328299,12:35:28.299,BAN/USDT:USDT,0.06241,21.0,0.0624,64.0,0.06246,2.0,0.06248,21.0
1753533328358,12:35:28.358,BAN/USDT:USDT,0.06241,21.0,0.0624,64.0,0.06247,2.0,0.06248,21.0
1753533328492,12:35:28.492,BAN/USDT:USDT,0.06241,21.0,0.0624,64.0,0.06247,2.0,0.06248,21.0
1753533328609,12:35:28.609,BAN/USDT:USDT,0.06241,21.0,0.0624,64.0,0.06247,2.0,0.06248,21.0
1753533329633,12:35:29.633,BAN/USDT:USDT,0.06241,21.0,0.0624,64.0,0.06247,23.0,0.06248,21.0
1753533330509,12:35:30.509,BAN/USDT:USDT,0.06241,21.0,0.0624,64.0,0.06247,23.0,0.06249,22.0
1753533330951,12:35:30.951,BAN/USDT:USDT,0.06241,21.0,0.0624,64.0,0.06247,23.0,0.06249,22.0
1753533331254,12:35:31.254,BAN/USDT:USDT,0.06241,21.0,0.0624,64.0,0.06247,23.0,0.06249,22.0
1753533331717,12:35:31.717,BAN/USDT:USDT,0.06241,21.0,0.0624,64.0,0.06247,23.0,0.06249,22.0
1753533332143,12:35:32.143,BAN/USDT:USDT,0.06241,21.0,0.0624,33.0,0.06246,21.0,0.06247,23.0
1753533332157,12:35:32.157,BAN/USDT:USDT,0.06241,21.0,0.0624,54.0,0.06245,2.0,0.06246,21.0
1753533332539,12:35:32.539,BAN/USDT:USDT,0.06241,21.0,0.0624,54.0,0.06245,2.0,0.06246,21.0
1753533332577,12:35:32.577,BAN/USDT:USDT,0.06241,21.0,0.0624,54.0,0.06245,2.0,0.06247,21.0
1753533332703,12:35:32.703,BAN/USDT:USDT,0.06241,21.0,0.0624,85.0,0.06246,2.0,0.06249,22.0
1753533332803,12:35:32.803,BAN/USDT:USDT,0.06241,21.0,0.0624,54.0,0.06247,21.0,0.06248,2.0
1753533332914,12:35:32.914,BAN/USDT:USDT,0.06241,21.0,0.0624,54.0,0.06246,2.0,0.06247,21.0
1753533333071,12:35:33.071,BAN/USDT:USDT,0.06241,21.0,0.0624,54.0,0.06246,2.0,0.06247,21.0
1753533333225,12:35:33.225,BAN/USDT:USDT,0.06241,21.0,0.0624,54.0,0.06246,2.0,0.06247,21.0
1753533333395,12:35:33.395,BAN/USDT:USDT,0.06241,21.0,0.0624,54.0,0.06246,23.0,0.06247,21.0
1753533333811,12:35:33.811,BAN/USDT:USDT,0.06241,21.0,0.0624,54.0,0.06246,23.0,0.06247,21.0
1753533334849,12:35:34.849,BAN/USDT:USDT,0.06241,21.0,0.0624,54.0,0.06246,23.0,0.06249,22.0
1753533335432,12:35:35.432,BAN/USDT:USDT,0.06241,21.0,0.0624,54.0,0.06246,23.0,0.06249,22.0
1753533335721,12:35:35.721,BAN/USDT:USDT,0.06241,21.0,0.0624,54.0,0.06246,23.0,0.06249,22.0
1753533337032,12:35:37.032,BAN/USDT:USDT,0.06241,21.0,0.0624,54.0,0.06246,23.0,0.06252,21.0
1753533338306,12:35:38.306,BAN/USDT:USDT,0.06242,31.0,0.06241,21.0,0.06246,2.0,0.06252,21.0
1753533338403,12:35:38.403,BAN/USDT:USDT,0.06241,52.0,0.0624,54.0,0.0625,21.0,0.06251,2.0
1753533338485,12:35:38.485,BAN/USDT:USDT,0.06241,21.0,0.0624,85.0,0.06248,21.0,0.06249,2.0
1753533338574,12:35:38.574,BAN/USDT:USDT,0.06241,21.0,0.0624,85.0,0.06247,2.0,0.06248,21.0
1753533338733,12:35:38.733,BAN/USDT:USDT,0.06241,21.0,0.0624,85.0,0.06247,2.0,0.06248,21.0
1753533338884,12:35:38.884,BAN/USDT:USDT,0.06241,21.0,0.0624,85.0,0.06247,23.0,0.06248,21.0
1753533339193,12:35:39.193,BAN/USDT:USDT,0.06241,21.0,0.0624,85.0,0.06247,23.0,0.0625,21.0
1753533339277,12:35:39.277,BAN/USDT:USDT,0.06241,21.0,0.0624,85.0,0.06247,23.0,0.0625,21.0
1753533339479,12:35:39.479,BAN/USDT:USDT,0.06241,21.0,0.0624,85.0,0.06247,23.0,0.0625,21.0
1753533339899,12:35:39.899,BAN/USDT:USDT,0.06241,21.0,0.0624,85.0,0.06247,23.0,0.0625,21.0
1753533341363,12:35:41.363,BAN/USDT:USDT,0.06241,21.0,0.0624,54.0,0.06247,23.0,0.06252,21.0
1753533343551,12:35:43.551,BAN/USDT:USDT,0.06241,21.0,0.0624,54.0,0.06247,23.0,0.06254,21.0
1753533344712,12:35:44.712,BAN/USDT:USDT,0.06241,21.0,0.0624,54.0,0.06247,23.0,0.06254,21.0
1753533345357,12:35:45.357,BAN/USDT:USDT,0.06241,21.0,0.0624,54.0,0.06247,23.0,0.06254,259.0
1753533345503,12:35:45.503,BAN/USDT:USDT,0.06241,21.0,0.0624,54.0,0.06247,23.0,0.06254,259.0
1753533345745,12:35:45.745,BAN/USDT:USDT,0.06241,21.0,0.0624,54.0,0.06247,23.0,0.06254,259.0
1753533346854,12:35:46.854,BAN/USDT:USDT,0.06241,21.0,0.0624,54.0,0.06246,22.0,0.06247,23.0
1753533347003,12:35:47.003,BAN/USDT:USDT,0.06241,21.0,0.0624,54.0,0.06245,2.0,0.06246,22.0
1753533347888,12:35:47.888,BAN/USDT:USDT,0.06241,21.0,0.0624,54.0,0.06245,2.0,0.06247,21.0
1753533347957,12:35:47.957,BAN/USDT:USDT,0.06241,21.0,0.0624,54.0,0.06246,2.0,0.06247,21.0
1753533348058,12:35:48.058,BAN/USDT:USDT,0.06241,21.0,0.0624,54.0,0.06246,2.0,0.06247,21.0
1753533351408,12:35:51.408,BAN/USDT:USDT,0.06241,21.0,0.0624,54.0,0.06246,2.0,0.06247,21.0
1753533351580,12:35:51.580,BAN/USDT:USDT,0.06241,21.0,0.0624,54.0,0.06246,2.0,0.06247,21.0
1753533356651,12:35:56.651,BAN/USDT:USDT,0.06241,21.0,0.0624,54.0,0.06246,2.0,0.06247,21.0
1753533356712,12:35:56.712,BAN/USDT:USDT,0.06241,21.0,0.0624,54.0,0.06246,2.0,0.06247,21.0
1753533361543,12:36:01.543,BAN/USDT:USDT,0.06241,21.0,0.0624,85.0,0.06246,2.0,0.06248,21.0
1753533361628,12:36:01.628,BAN/USDT:USDT,0.06241,21.0,0.0624,85.0,0.06247,2.0,0.06248,21.0
1753533361662,12:36:01.662,BAN/USDT:USDT,0.06241,21.0,0.0624,85.0,0.06247,2.0,0.06248,21.0
1753533361783,12:36:01.783,BAN/USDT:USDT,0.06241,21.0,0.0624,85.0,0.06247,2.0,0.06248,21.0
1753533366550,12:36:06.550,BAN/USDT:USDT,0.06241,21.0,0.0624,85.0,0.06247,2.0,0.06248,21.0
1753533366563,12:36:06.563,BAN/USDT:USDT,0.06241,21.0,0.0624,54.0,0.06247,23.0,0.06248,21.0
1753533367491,12:36:07.491,BAN/USDT:USDT,0.06241,21.0,0.0624,54.0,0.06247,23.0,0.06248,21.0
1753533368124,12:36:08.124,BAN/USDT:USDT,0.06241,21.0,0.0624,85.0,0.06247,2.0,0.06248,21.0
1753533368164,12:36:08.164,BAN/USDT:USDT,0.06241,21.0,0.0624,85.0,0.06247,2.0,0.06248,21.0
1753533369566,12:36:09.566,BAN/USDT:USDT,0.06241,21.0,0.0624,85.0,0.06247,23.0,0.06254,21.0
1753533370114,12:36:10.114,BAN/USDT:USDT,0.06242,31.0,0.06241,21.0,0.06247,2.0,0.06254,21.0
1753533370246,12:36:10.246,BAN/USDT:USDT,0.06242,31.0,0.06241,21.0,0.06249,21.0,0.0625,635.0
1753533370298,12:36:10.298,BAN/USDT:USDT,0.0624,21.0,0.06239,52.0,0.06247,21.0,0.06248,2.0
1753533370360,12:36:10.360,BAN/USDT:USDT,0.0624,21.0,0.06239,52.0,0.06246,2.0,0.06247,21.0
1753533370846,12:36:10.846,BAN/USDT:USDT,0.0624,21.0,0.06239,52.0,0.06246,2.0,0.06247,21.0
1753533371742,12:36:11.742,BAN/USDT:USDT,0.0624,52.0,0.06239,21.0,0.06246,2.0,0.06249,21.0
1753533371806,12:36:11.806,BAN/USDT:USDT,0.06239,52.0,0.06238,876.0,0.06247,21.0,0.06248,2.0
1753533371859,12:36:11.859,BAN/USDT:USDT,0.06239,52.0,0.06238,876.0,0.06246,2.0,0.06247,21.0
1753533372004,12:36:12.004,BAN/USDT:USDT,0.06239,52.0,0.06238,876.0,0.06246,2.0,0.06247,21.0
1753533372150,12:36:12.150,BAN/USDT:USDT,0.06239,52.0,0.06238,876.0,0.06246,23.0,0.06247,21.0
1753533372192,12:36:12.192,BAN/USDT:USDT,0.06239,21.0,0.06238,907.0,0.06246,23.0,0.06247,21.0
1753533372451,12:36:12.451,BAN/USDT:USDT,0.06239,21.0,0.06238,669.0,0.06246,23.0,0.06247,21.0
1753533373151,12:36:13.151,BAN/USDT:USDT,0.06239,21.0,0.06238,669.0,0.06246,23.0,0.06247,21.0
1753533373900,12:36:13.900,BAN/USDT:USDT,0.06239,21.0,0.06238,669.0,0.06246,23.0,0.06249,21.0
1753533374472,12:36:14.472,BAN/USDT:USDT,0.06239,21.0,0.06238,669.0,0.06246,23.0,0.06249,21.0
1753533376057,12:36:16.057,BAN/USDT:USDT,0.06239,21.0,0.06238,669.0,0.06246,23.0,0.06249,21.0
1753533381483,12:36:21.483,BAN/USDT:USDT,0.06239,52.0,0.06238,876.0,0.06246,2.0,0.06249,21.0
1753533381583,12:36:21.583,BAN/USDT:USDT,0.06239,21.0,0.06238,907.0,0.06247,22.0,0.06248,24.0
1753533381658,12:36:21.658,BAN/USDT:USDT,0.06239,21.0,0.06238,907.0,0.06246,2.0,0.06247,22.0
1753533382531,12:36:22.531,BAN/USDT:USDT,0.06239,21.0,0.06238,907.0,0.06246,2.0,0.06247,22.0
1753533382582,12:36:22.582,BAN/USDT:USDT,0.06239,52.0,0.06238,876.0,0.06246,2.0,0.06248,22.0
1753533382718,12:36:22.718,BAN/USDT:USDT,0.06239,52.0,0.06238,876.0,0.06247,2.0,0.06248,22.0
1753533382872,12:36:22.872,BAN/USDT:USDT,0.06239,52.0,0.06238,876.0,0.06247,2.0,0.06248,22.0
1753533383023,12:36:23.023,BAN/USDT:USDT,0.06239,52.0,0.06238,876.0,0.06247,2.0,0.06248,22.0
1753533383198,12:36:23.198,BAN/USDT:USDT,0.06239,52.0,0.06238,876.0,0.06247,2.0,0.06248,22.0
1753533383365,12:36:23.365,BAN/USDT:USDT,0.06239,52.0,0.06238,876.0,0.06247,2.0,0.06248,22.0
1753533383540,12:36:23.540,BAN/USDT:USDT,0.06239,52.0,0.06238,876.0,0.06247,2.0,0.06248,22.0
1753533383743,12:36:23.743,BAN/USDT:USDT,0.06239,52.0,0.06238,876.0,0.06247,2.0,0.06248,22.0
1753533383809,12:36:23.809,BAN/USDT:USDT,0.0624,22.0,0.06239,52.0,0.06247,2.0,0.06248,22.0
1753533383857,12:36:23.857,BAN/USDT:USDT,0.0624,22.0,0.06239,52.0,0.06247,2.0,0.06248,22.0
1753533384009,12:36:24.009,BAN/USDT:USDT,0.0624,22.0,0.06239,52.0,0.06247,24.0,0.06248,22.0
1753533384412,12:36:24.412,BAN/USDT:USDT,0.0624,22.0,0.06239,52.0,0.06247,2.0,0.06248,22.0
1753533384541,12:36:24.541,BAN/USDT:USDT,0.0624,22.0,0.06239,52.0,0.06247,2.0,0.06248,22.0
1753533384727,12:36:24.727,BAN/USDT:USDT,0.0624,22.0,0.06239,52.0,0.06247,24.0,0.06249,21.0
1753533385767,12:36:25.767,BAN/USDT:USDT,0.0624,22.0,0.06239,52.0,0.06247,24.0,0.06249,21.0
1753533386894,12:36:26.894,BAN/USDT:USDT,0.0624,22.0,0.06239,52.0,0.06247,24.0,0.06249,21.0
1753533387789,12:36:27.789,BAN/USDT:USDT,0.0624,22.0,0.06239,52.0,0.06247,24.0,0.06249,21.0
1753533388462,12:36:28.462,BAN/USDT:USDT,0.0624,22.0,0.06239,52.0,0.06246,22.0,0.06247,24.0
1753533388557,12:36:28.557,BAN/USDT:USDT,0.0624,22.0,0.06239,52.0,0.06245,2.0,0.06246,22.0
1753533389022,12:36:29.022,BAN/USDT:USDT,0.0624,22.0,0.06239,52.0,0.06245,2.0,0.06247,22.0
1753533389058,12:36:29.058,BAN/USDT:USDT,0.0624,22.0,0.06239,52.0,0.06246,2.0,0.06247,22.0
1753533389316,12:36:29.316,BAN/USDT:USDT,0.0624,22.0,0.06239,52.0,0.06246,2.0,0.06247,22.0
1753533389817,12:36:29.817,BAN/USDT:USDT,0.0624,22.0,0.06239,52.0,0.06246,2.0,0.06247,22.0
1753533389870,12:36:29.870,BAN/USDT:USDT,0.06241,22.0,0.0624,28.0,0.06246,2.0,0.06247,22.0
1753533391203,12:36:31.203,BAN/USDT:USDT,0.06241,22.0,0.0624,53.0,0.06246,2.0,0.06249,21.0
1753533391317,12:36:31.317,BAN/USDT:USDT,0.06241,22.0,0.0624,22.0,0.06247,22.0,0.06248,2.0
1753533391358,12:36:31.358,BAN/USDT:USDT,0.06241,22.0,0.0624,22.0,0.06246,2.0,0.06247,22.0
1753533391498,12:36:31.498,BAN/USDT:USDT,0.06241,22.0,0.0624,28.0,0.06246,2.0,0.06247,22.0
1753533392342,12:36:32.342,BAN/USDT:USDT,0.06241,22.0,0.0624,22.0,0.06246,2.0,0.06247,22.0
1753533392354,12:36:32.354,BAN/USDT:USDT,0.0624,22.0,0.06239,52.0,0.06246,2.0,0.06247,22.0
1753533392519,12:36:32.519,BAN/USDT:USDT,0.06241,22.0,0.0624,22.0,0.06246,2.0,0.06247,22.0
1753533392672,12:36:32.672,BAN/USDT:USDT,0.0624,28.0,0.06239,52.0,0.06246,24.0,0.06247,22.0
1753533392760,12:36:32.760,BAN/USDT:USDT,0.06241,22.0,0.0624,22.0,0.06246,24.0,0.06247,22.0
1753533392937,12:36:32.937,BAN/USDT:USDT,0.06241,22.0,0.0624,22.0,0.06246,24.0,0.06247,22.0
1753533393117,12:36:33.117,BAN/USDT:USDT,0.06241,22.0,0.0624,22.0,0.06246,24.0,0.06247,22.0
1753533393349,12:36:33.349,BAN/USDT:USDT,0.06241,22.0,0.0624,22.0,0.06246,24.0,0.06249,21.0
1753533393445,12:36:33.445,BAN/USDT:USDT,0.0624,22.0,0.06239,52.0,0.06246,24.0,0.06249,21.0
1753533393848,12:36:33.848,BAN/USDT:USDT,0.0624,22.0,0.06239,52.0,0.06246,24.0,0.06249,21.0
1753533395538,12:36:35.538,BAN/USDT:USDT,0.0624,22.0,0.06239,52.0,0.06246,24.0,0.06249,21.0
1753533396672,12:36:36.672,BAN/USDT:USDT,0.0624,22.0,0.06239,52.0,0.06246,24.0,0.06249,21.0
1753533397145,12:36:37.145,BAN/USDT:USDT,0.06241,22.0,0.0624,28.0,0.06246,24.0,0.06249,21.0
1753533400543,12:36:40.543,BAN/USDT:USDT,0.06241,22.0,0.0624,22.0,0.06246,2.0,0.06249,21.0
1753533400574,12:36:40.574,BAN/USDT:USDT,0.06241,22.0,0.0624,53.0,0.06247,22.0,0.06248,2.0
1753533400659,12:36:40.659,BAN/USDT:USDT,0.06241,22.0,0.0624,53.0,0.06246,2.0,0.06247,22.0
1753533401503,12:36:41.503,BAN/USDT:USDT,0.06241,22.0,0.0624,53.0,0.06246,2.0,0.06247,22.0
1753533401616,12:36:41.616,BAN/USDT:USDT,0.06241,22.0,0.0624,53.0,0.06246,2.0,0.06247,22.0
1753533401833,12:36:41.833,BAN/USDT:USDT,0.06239,21.0,0.06238,1292.0,0.06246,24.0,0.06247,22.0
1753533402007,12:36:42.007,BAN/USDT:USDT,0.06239,21.0,0.06238,1292.0,0.06246,24.0,0.06249,21.0
1753533402722,12:36:42.722,BAN/USDT:USDT,0.06239,21.0,0.06238,1292.0,0.06246,24.0,0.06249,21.0
1753533403091,12:36:43.091,BAN/USDT:USDT,0.06239,21.0,0.06238,1292.0,0.06246,24.0,0.06249,21.0
1753533403744,12:36:43.744,BAN/USDT:USDT,0.06239,21.0,0.06238,1023.0,0.06245,22.0,0.06246,24.0
1753533403757,12:36:43.757,BAN/USDT:USDT,0.06239,21.0,0.06238,1023.0,0.06244,2.0,0.06245,22.0
1753533403879,12:36:43.879,BAN/USDT:USDT,0.06241,22.0,0.0624,52.0,0.06244,2.0,0.06245,22.0
1753533403984,12:36:43.984,BAN/USDT:USDT,0.06243,22.0,0.06242,52.0,0.06244,2.0,0.06245,22.0
1753533404123,12:36:44.123,BAN/USDT:USDT,0.06241,22.0,0.06239,52.0,0.06244,2.0,0.06245,22.0
1753533404162,12:36:44.162,BAN/USDT:USDT,0.06241,22.0,0.06239,52.0,0.06244,2.0,0.06246,22.0
1753533404314,12:36:44.314,BAN/USDT:USDT,0.06241,22.0,0.06239,52.0,0.06245,2.0,0.06246,22.0
1753533404466,12:36:44.466,BAN/USDT:USDT,0.06241,22.0,0.06239,52.0,0.06245,2.0,0.06246,22.0
1753533404623,12:36:44.623,BAN/USDT:USDT,0.06241,22.0,0.06239,52.0,0.06245,24.0,0.06246,22.0
1753533404745,12:36:44.745,BAN/USDT:USDT,0.06241,22.0,0.06239,52.0,0.06245,24.0,0.06246,22.0
1753533406340,12:36:46.340,BAN/USDT:USDT,0.06241,22.0,0.06239,52.0,0.06245,24.0,0.06249,21.0
1753533406771,12:36:46.771,BAN/USDT:USDT,0.06241,22.0,0.06239,52.0,0.06245,24.0,0.06249,21.0
1753533408505,12:36:48.505,BAN/USDT:USDT,0.06241,22.0,0.06239,52.0,0.06245,24.0,0.06249,21.0
1753533408812,12:36:48.812,BAN/USDT:USDT,0.06241,22.0,0.06239,52.0,0.06245,2.0,0.06249,21.0
1753533408874,12:36:48.874,BAN/USDT:USDT,0.06241,22.0,0.06239,52.0,0.06247,21.0,0.06248,2.0
1753533408974,12:36:48.974,BAN/USDT:USDT,0.06241,22.0,0.06239,52.0,0.06246,2.0,0.06247,21.0
1753533409180,12:36:49.180,BAN/USDT:USDT,0.06241,22.0,0.06239,52.0,0.06246,2.0,0.06247,21.0
1753533409333,12:36:49.333,BAN/USDT:USDT,0.06241,22.0,0.06239,52.0,0.06246,2.0,0.06247,21.0
1753533409489,12:36:49.489,BAN/USDT:USDT,0.06241,22.0,0.06239,52.0,0.06246,2.0,0.06247,21.0
1753533409598,12:36:49.598,BAN/USDT:USDT,0.06241,22.0,0.06239,52.0,0.06246,2.0,0.06247,21.0
1753533409654,12:36:49.654,BAN/USDT:USDT,0.06241,22.0,0.06239,52.0,0.06246,2.0,0.06247,21.0
1753533409803,12:36:49.803,BAN/USDT:USDT,0.06241,22.0,0.06239,52.0,0.06246,23.0,0.06247,21.0
1753533409922,12:36:49.922,BAN/USDT:USDT,0.06239,21.0,0.06238,1023.0,0.06245,21.0,0.06246,23.0
1753533409957,12:36:49.957,BAN/USDT:USDT,0.06239,21.0,0.06238,1023.0,0.06244,2.0,0.06245,21.0
1753533410064,12:36:50.064,BAN/USDT:USDT,0.06241,21.0,0.0624,52.0,0.06244,2.0,0.06245,21.0
1753533410174,12:36:50.174,BAN/USDT:USDT,0.06243,21.0,0.06242,52.0,0.06244,2.0,0.06245,21.0
1753533410327,12:36:50.327,BAN/USDT:USDT,0.06241,21.0,0.06239,52.0,0.06244,2.0,0.06246,21.0
1753533410358,12:36:50.358,BAN/USDT:USDT,0.06241,21.0,0.06239,52.0,0.06245,2.0,0.06246,21.0
1753533410673,12:36:50.673,BAN/USDT:USDT,0.06241,21.0,0.06239,52.0,0.06245,2.0,0.06247,21.0
1753533410827,12:36:50.827,BAN/USDT:USDT,0.06241,21.0,0.06239,52.0,0.06246,2.0,0.06247,21.0
1753533410981,12:36:50.981,BAN/USDT:USDT,0.06241,21.0,0.06239,52.0,0.06246,2.0,0.06247,21.0
1753533411135,12:36:51.135,BAN/USDT:USDT,0.06241,21.0,0.06239,52.0,0.06246,2.0,0.06247,21.0
1753533411289,12:36:51.289,BAN/USDT:USDT,0.06241,21.0,0.06239,52.0,0.06246,2.0,0.06247,21.0
1753533411444,12:36:51.444,BAN/USDT:USDT,0.06241,21.0,0.06239,52.0,0.06246,2.0,0.06247,21.0
1753533411600,12:36:51.600,BAN/USDT:USDT,0.06241,21.0,0.06239,52.0,0.06246,2.0,0.06247,21.0
1753533411757,12:36:51.757,BAN/USDT:USDT,0.06241,21.0,0.06239,52.0,0.06246,23.0,0.06247,21.0
1753533412830,12:36:52.830,BAN/USDT:USDT,0.06241,21.0,0.06239,52.0,0.06246,23.0,0.06249,21.0
1753533413640,12:36:53.640,BAN/USDT:USDT,0.06241,21.0,0.06239,52.0,0.06246,23.0,0.06249,21.0
1753533418571,12:36:58.571,BAN/USDT:USDT,0.06241,21.0,0.06239,52.0,0.06246,23.0,0.06249,21.0
1753533421392,12:37:01.392,BAN/USDT:USDT,0.06241,21.0,0.06239,52.0,0.06246,2.0,0.06249,21.0
1753533421493,12:37:01.493,BAN/USDT:USDT,0.06241,21.0,0.06239,52.0,0.06247,21.0,0.06248,2.0
1753533421610,12:37:01.610,BAN/USDT:USDT,0.06241,21.0,0.06239,52.0,0.06246,2.0,0.06247,21.0
1753533421773,12:37:01.773,BAN/USDT:USDT,0.06241,21.0,0.06239,52.0,0.06246,2.0,0.06247,21.0
1753533421926,12:37:01.926,BAN/USDT:USDT,0.06241,21.0,0.06239,52.0,0.06246,2.0,0.06247,21.0
1753533422083,12:37:02.083,BAN/USDT:USDT,0.06241,21.0,0.06239,52.0,0.06246,2.0,0.06247,21.0
1753533422239,12:37:02.239,BAN/USDT:USDT,0.06241,21.0,0.06239,52.0,0.06246,2.0,0.06247,21.0
1753533422405,12:37:02.405,BAN/USDT:USDT,0.06241,21.0,0.06239,52.0,0.06246,23.0,0.06247,21.0
1753533422899,12:37:02.899,BAN/USDT:USDT,0.06241,21.0,0.06239,52.0,0.06246,23.0,0.06247,21.0
1753533422999,12:37:02.999,BAN/USDT:USDT,0.06241,21.0,0.06239,52.0,0.06246,23.0,0.06247,21.0
1753533423720,12:37:03.720,BAN/USDT:USDT,0.06241,21.0,0.06239,52.0,0.06246,23.0,0.06249,21.0
1753533424174,12:37:04.174,BAN/USDT:USDT,0.06241,21.0,0.06239,52.0,0.06245,21.0,0.06246,23.0
1753533424285,12:37:04.285,BAN/USDT:USDT,0.06241,21.0,0.06239,52.0,0.06244,2.0,0.06246,21.0
1753533424715,12:37:04.715,BAN/USDT:USDT,0.06241,21.0,0.06239,52.0,0.06244,1.0,0.06245,1.0
1753533424757,12:37:04.757,BAN/USDT:USDT,0.06241,21.0,0.06239,52.0,0.06245,2.0,0.06246,21.0
1753533424921,12:37:04.921,BAN/USDT:USDT,0.06241,21.0,0.06239,52.0,0.06245,2.0,0.06246,21.0
1753533425740,12:37:05.740,BAN/USDT:USDT,0.06241,21.0,0.06239,52.0,0.06245,2.0,0.06246,21.0
1753533425866,12:37:05.866,BAN/USDT:USDT,0.06241,21.0,0.06239,52.0,0.06245,2.0,0.06249,21.0
1753533425974,12:37:05.974,BAN/USDT:USDT,0.06241,21.0,0.06239,52.0,0.06247,21.0,0.06248,2.0
1753533426074,12:37:06.074,BAN/USDT:USDT,0.06241,21.0,0.06239,52.0,0.06246,23.0,0.06247,21.0
1753533428037,12:37:08.037,BAN/USDT:USDT,0.06241,21.0,0.06239,52.0,0.06246,23.0,0.06249,21.0
1753533428563,12:37:08.563,BAN/USDT:USDT,0.06241,21.0,0.06239,52.0,0.06246,23.0,0.06249,21.0
1753533429521,12:37:09.521,BAN/USDT:USDT,0.06241,21.0,0.06239,52.0,0.06245,22.0,0.06246,23.0
1753533429643,12:37:09.643,BAN/USDT:USDT,0.06241,21.0,0.06239,52.0,0.06244,2.0,0.06246,21.0
1753533429657,12:37:09.657,BAN/USDT:USDT,0.06241,21.0,0.06239,52.0,0.06245,2.0,0.06246,21.0
1753533430174,12:37:10.174,BAN/USDT:USDT,0.06241,21.0,0.06239,52.0,0.06245,2.0,0.06249,21.0
1753533430274,12:37:10.274,BAN/USDT:USDT,0.06241,21.0,0.06239,52.0,0.06247,22.0,0.06248,2.0
1753533430375,12:37:10.375,BAN/USDT:USDT,0.06241,21.0,0.06239,52.0,0.06246,2.0,0.06247,22.0
1753533430538,12:37:10.538,BAN/USDT:USDT,0.06241,21.0,0.06239,52.0,0.06246,2.0,0.06247,22.0
1753533430595,12:37:10.595,BAN/USDT:USDT,0.06241,21.0,0.06239,52.0,0.06246,2.0,0.06247,22.0
1753533430693,12:37:10.693,BAN/USDT:USDT,0.06241,21.0,0.06239,52.0,0.06246,2.0,0.06247,22.0
1753533430845,12:37:10.845,BAN/USDT:USDT,0.06241,21.0,0.06239,52.0,0.06246,24.0,0.06247,22.0
1753533432298,12:37:12.298,BAN/USDT:USDT,0.06241,21.0,0.06239,52.0,0.06246,24.0,0.06249,21.0
1753533432619,12:37:12.619,BAN/USDT:USDT,0.06241,21.0,0.06239,52.0,0.06246,24.0,0.06249,21.0
1753533436414,12:37:16.414,BAN/USDT:USDT,0.06241,21.0,0.06239,52.0,0.06245,22.0,0.06246,24.0
1753533436474,12:37:16.474,BAN/USDT:USDT,0.06241,21.0,0.06239,52.0,0.06244,2.0,0.06246,22.0
1753533436649,12:37:16.649,BAN/USDT:USDT,0.06241,52.0,0.06239,21.0,0.06245,2.0,0.06249,21.0
1753533436682,12:37:16.682,BAN/USDT:USDT,0.06242,22.0,0.06241,21.0,0.06247,22.0,0.06248,2.0
1753533436807,12:37:16.807,BAN/USDT:USDT,0.06241,21.0,0.0624,31.0,0.06246,24.0,0.06247,22.0
1753533438787,12:37:18.787,BAN/USDT:USDT,0.06241,21.0,0.0624,31.0,0.06246,24.0,0.06249,21.0
1753533439875,12:37:19.875,BAN/USDT:USDT,0.06241,21.0,0.0624,31.0,0.06246,24.0,0.06249,21.0
1753533443020,12:37:23.020,BAN/USDT:USDT,0.06241,21.0,0.0624,31.0,0.06246,24.0,0.06249,21.0
1753533453111,12:37:33.111,BAN/USDT:USDT,0.06241,21.0,0.06239,52.0,0.06246,24.0,0.06249,21.0
1753533455967,12:37:35.967,BAN/USDT:USDT,0.06241,21.0,0.06239,52.0,0.06246,2.0,0.06249,21.0
1753533456074,12:37:36.074,BAN/USDT:USDT,0.06241,21.0,0.06239,52.0,0.06247,21.0,0.06248,2.0
1753533456176,12:37:36.176,BAN/USDT:USDT,0.06241,21.0,0.06239,52.0,0.06246,2.0,0.06247,21.0
1753533456330,12:37:36.330,BAN/USDT:USDT,0.06241,21.0,0.06239,52.0,0.06246,2.0,0.06247,21.0
1753533456485,12:37:36.485,BAN/USDT:USDT,0.06241,21.0,0.06239,52.0,0.06246,2.0,0.06247,21.0
1753533456637,12:37:36.637,BAN/USDT:USDT,0.06241,21.0,0.06239,52.0,0.06246,24.0,0.06247,21.0
1753533456755,12:37:36.755,BAN/USDT:USDT,0.06241,21.0,0.06239,52.0,0.06246,24.0,0.06247,21.0
1753533458240,12:37:38.240,BAN/USDT:USDT,0.06241,21.0,0.06239,52.0,0.06246,24.0,0.06249,21.0
1753533458782,12:37:38.782,BAN/USDT:USDT,0.06241,21.0,0.06239,52.0,0.06246,24.0,0.06249,21.0
1753533460368,12:37:40.368,BAN/USDT:USDT,0.06241,21.0,0.06239,52.0,0.06246,2.0,0.06249,21.0
1753533460485,12:37:40.485,BAN/USDT:USDT,0.06241,21.0,0.06239,52.0,0.06247,22.0,0.06248,2.0
1753533460574,12:37:40.574,BAN/USDT:USDT,0.06241,21.0,0.06239,52.0,0.06246,24.0,0.06247,22.0
1753533461159,12:37:41.159,BAN/USDT:USDT,0.06241,21.0,0.06239,52.0,0.06246,2.0,0.06247,22.0
1753533461605,12:37:41.605,BAN/USDT:USDT,0.06241,21.0,0.06239,52.0,0.06246,2.0,0.06247,22.0
1753533461814,12:37:41.814,BAN/USDT:USDT,0.06241,21.0,0.06239,52.0,0.06246,2.0,0.06247,22.0
1753533462545,12:37:42.545,BAN/USDT:USDT,0.06241,21.0,0.06239,52.0,0.06246,24.0,0.06249,21.0
1753533462827,12:37:42.827,BAN/USDT:USDT,0.06241,21.0,0.06239,52.0,0.06246,24.0,0.06249,21.0
1753533463095,12:37:43.095,BAN/USDT:USDT,0.06241,21.0,0.06239,52.0,0.06246,2.0,0.06249,21.0
1753533463174,12:37:43.174,BAN/USDT:USDT,0.06241,21.0,0.06239,52.0,0.06247,22.0,0.06248,2.0
1753533463259,12:37:43.259,BAN/USDT:USDT,0.06241,21.0,0.06239,52.0,0.06246,2.0,0.06247,22.0
1753533463643,12:37:43.643,BAN/USDT:USDT,0.06241,21.0,0.06239,52.0,0.06246,2.0,0.06247,22.0
1753533464723,12:37:44.723,BAN/USDT:USDT,0.06241,21.0,0.06239,52.0,0.06246,2.0,0.06249,21.0
1753533464774,12:37:44.774,BAN/USDT:USDT,0.06241,21.0,0.06239,52.0,0.06247,22.0,0.06248,2.0
1753533464857,12:37:44.857,BAN/USDT:USDT,0.06241,21.0,0.06239,52.0,0.06246,2.0,0.06247,22.0
1753533466869,12:37:46.869,BAN/USDT:USDT,0.06241,21.0,0.06239,52.0,0.06246,2.0,0.06249,21.0
1753533466974,12:37:46.974,BAN/USDT:USDT,0.06241,21.0,0.06239,52.0,0.06247,22.0,0.06248,2.0
1753533467058,12:37:47.058,BAN/USDT:USDT,0.06241,21.0,0.06239,52.0,0.06246,2.0,0.06247,22.0
1753533467913,12:37:47.913,BAN/USDT:USDT,0.06241,21.0,0.06239,52.0,0.06246,2.0,0.06247,22.0
1753533469033,12:37:49.033,BAN/USDT:USDT,0.06241,21.0,0.06239,52.0,0.06246,2.0,0.06249,21.0
1753533469074,12:37:49.074,BAN/USDT:USDT,0.06241,21.0,0.06239,52.0,0.06247,22.0,0.06248,2.0
1753533469159,12:37:49.159,BAN/USDT:USDT,0.06241,21.0,0.06239,52.0,0.06246,2.0,0.06247,22.0
1753533469653,12:37:49.653,BAN/USDT:USDT,0.06241,21.0,0.06239,52.0,0.06246,2.0,0.06247,22.0
1753533470895,12:37:50.895,BAN/USDT:USDT,0.06241,21.0,0.06239,52.0,0.06246,24.0,0.06247,22.0
1753533471201,12:37:51.201,BAN/USDT:USDT,0.06241,21.0,0.06239,52.0,0.06246,24.0,0.06249,21.0
1753533471712,12:37:51.712,BAN/USDT:USDT,0.06241,21.0,0.06239,52.0,0.06246,24.0,0.06249,21.0
1753533473391,12:37:53.391,BAN/USDT:USDT,0.06241,21.0,0.06239,52.0,0.06246,24.0,0.06249,21.0
1753533473735,12:37:53.735,BAN/USDT:USDT,0.06241,21.0,0.06239,52.0,0.06246,24.0,0.06249,21.0
1753533478611,12:37:58.611,BAN/USDT:USDT,0.06241,21.0,0.06239,52.0,0.06246,24.0,0.06249,21.0
1753533479269,12:37:59.269,BAN/USDT:USDT,0.06241,21.0,0.06239,52.0,0.06246,24.0,0.06249,21.0
1753533480567,12:38:00.567,BAN/USDT:USDT,0.06241,21.0,0.06239,52.0,0.06246,24.0,0.06249,21.0
1753533481044,12:38:01.044,BAN/USDT:USDT,0.06241,21.0,0.06239,52.0,0.06245,21.0,0.06246,24.0
1753533481064,12:38:01.064,BAN/USDT:USDT,0.06241,21.0,0.06239,52.0,0.06244,2.0,0.06245,21.0
1753533481312,12:38:01.312,BAN/USDT:USDT,0.06241,21.0,0.06239,52.0,0.06244,2.0,0.06246,22.0
1753533481361,12:38:01.361,BAN/USDT:USDT,0.06241,21.0,0.06239,52.0,0.06245,2.0,0.06246,22.0
1753533481787,12:38:01.787,BAN/USDT:USDT,0.06241,21.0,0.06239,52.0,0.06245,2.0,0.06246,22.0
1753533481917,12:38:01.917,BAN/USDT:USDT,0.06241,21.0,0.06239,52.0,0.06245,2.0,0.06246,22.0
1753533482093,12:38:02.093,BAN/USDT:USDT,0.06241,21.0,0.06239,52.0,0.06245,2.0,0.06249,21.0
1753533482213,12:38:02.213,BAN/USDT:USDT,0.06241,21.0,0.06239,52.0,0.06247,21.0,0.06248,2.0
1753533482274,12:38:02.274,BAN/USDT:USDT,0.06241,21.0,0.06239,52.0,0.06246,2.0,0.06247,21.0
1753533482437,12:38:02.437,BAN/USDT:USDT,0.06241,21.0,0.06239,52.0,0.06246,2.0,0.06247,21.0
1753533482588,12:38:02.588,BAN/USDT:USDT,0.06241,21.0,0.06239,52.0,0.06246,23.0,0.06247,21.0
1753533483644,12:38:03.644,BAN/USDT:USDT,0.06241,21.0,0.06239,52.0,0.06246,23.0,0.06247,21.0
1753533484184,12:38:04.184,BAN/USDT:USDT,0.06241,21.0,0.06239,52.0,0.06245,21.0,0.06246,23.0
1753533484348,12:38:04.348,BAN/USDT:USDT,0.06241,21.0,0.06239,21.0,0.06244,2.0,0.06245,21.0
1753533484382,12:38:04.382,BAN/USDT:USDT,0.06239,21.0,0.06238,1023.0,0.06244,2.0,0.06245,21.0
1753533484486,12:38:04.486,BAN/USDT:USDT,0.06239,21.0,0.06238,1023.0,0.06243,21.0,0.06244,2.0
1753533484648,12:38:04.648,BAN/USDT:USDT,0.06239,21.0,0.06238,1023.0,0.06242,2.0,0.06243,21.0
1753533484738,12:38:04.738,BAN/USDT:USDT,0.06239,21.0,0.06238,1023.0,0.06242,2.0,0.06243,21.0
1753533484847,12:38:04.847,BAN/USDT:USDT,0.06239,21.0,0.06238,1023.0,0.06242,2.0,0.06243,21.0
1753533484890,12:38:04.890,BAN/USDT:USDT,0.06239,21.0,0.06238,1023.0,0.06242,23.0,0.06243,21.0
1753533484994,12:38:04.994,BAN/USDT:USDT,0.06238,22.0,0.06237,3868.0,0.06242,23.0,0.06243,21.0
1753533485502,12:38:05.502,BAN/USDT:USDT,0.06238,22.0,0.06237,3868.0,0.06241,21.0,0.06242,23.0
1753533485645,12:38:05.645,BAN/USDT:USDT,0.06237,3868.0,0.06236,21.0,0.0624,2.0,0.06241,21.0
1753533485728,12:38:05.728,BAN/USDT:USDT,0.06238,50.0,0.06237,3868.0,0.0624,2.0,0.06241,21.0
1753533485771,12:38:05.771,BAN/USDT:USDT,0.06238,50.0,0.06237,3868.0,0.0624,2.0,0.06241,21.0
1753533485948,12:38:05.948,BAN/USDT:USDT,0.06237,3868.0,0.06236,21.0,0.0624,2.0,0.06241,21.0
1753533486045,12:38:06.045,BAN/USDT:USDT,0.06237,3868.0,0.06236,21.0,0.06239,21.0,0.0624,2.0
1753533486060,12:38:06.060,BAN/USDT:USDT,0.06237,3868.0,0.06236,21.0,0.06239,21.0,0.06241,21.0
1753533486236,12:38:06.236,BAN/USDT:USDT,0.06237,3868.0,0.06236,21.0,0.06243,635.0,0.06244,21.0
1753533486258,12:38:06.258,BAN/USDT:USDT,0.06237,3868.0,0.06236,21.0,0.06242,2.0,0.06243,635.0
1753533486429,12:38:06.429,BAN/USDT:USDT,0.06237,3868.0,0.06236,21.0,0.06241,21.0,0.06242,2.0
1753533486474,12:38:06.474,BAN/USDT:USDT,0.06237,3868.0,0.06236,21.0,0.0624,2.0,0.06241,21.0
1753533486633,12:38:06.633,BAN/USDT:USDT,0.06237,3868.0,0.06236,21.0,0.0624,2.0,0.06241,21.0
1753533486707,12:38:06.707,BAN/USDT:USDT,0.06237,3868.0,0.06236,21.0,0.0624,2.0,0.06241,21.0
1753533486791,12:38:06.791,BAN/USDT:USDT,0.06237,3868.0,0.06236,21.0,0.06239,21.0,0.0624,2.0
1753533486881,12:38:06.881,BAN/USDT:USDT,0.06237,3868.0,0.06236,21.0,0.06241,21.0,0.06243,635.0
1753533486963,12:38:06.963,BAN/USDT:USDT,0.06237,3868.0,0.06236,21.0,0.0624,2.0,0.06241,21.0
1753533487117,12:38:07.117,BAN/USDT:USDT,0.06237,3868.0,0.06236,21.0,0.0624,2.0,0.06241,21.0
1753533487269,12:38:07.269,BAN/USDT:USDT,0.06237,3868.0,0.06236,21.0,0.0624,2.0,0.06241,21.0
1753533488100,12:38:08.100,BAN/USDT:USDT,0.06237,3868.0,0.06236,21.0,0.06239,21.0,0.0624,2.0
1753533488158,12:38:08.158,BAN/USDT:USDT,0.06237,3868.0,0.06236,21.0,0.06239,21.0,0.06241,21.0
1753533488252,12:38:08.252,BAN/USDT:USDT,0.06237,3868.0,0.06236,21.0,0.06241,21.0,0.06243,635.0
1753533488362,12:38:08.362,BAN/USDT:USDT,0.06237,3868.0,0.06236,21.0,0.0624,2.0,0.06241,21.0
1753533488511,12:38:08.511,BAN/USDT:USDT,0.06237,3868.0,0.06236,21.0,0.06239,21.0,0.0624,2.0
1753533488557,12:38:08.557,BAN/USDT:USDT,0.06237,3868.0,0.06236,21.0,0.06239,21.0,0.06241,21.0
1753533488665,12:38:08.665,BAN/USDT:USDT,0.06237,3868.0,0.06236,21.0,0.06241,21.0,0.06243,635.0
1753533488762,12:38:08.762,BAN/USDT:USDT,0.06237,3868.0,0.06236,21.0,0.0624,2.0,0.06241,21.0
1753533488916,12:38:08.916,BAN/USDT:USDT,0.06237,3868.0,0.06236,21.0,0.0624,2.0,0.06241,21.0
1753533489073,12:38:09.073,BAN/USDT:USDT,0.06237,3868.0,0.06236,21.0,0.0624,23.0,0.06241,21.0
1753533489187,12:38:09.187,BAN/USDT:USDT,0.06237,3868.0,0.06236,21.0,0.0624,23.0,0.06241,21.0
1753533492440,12:38:12.440,BAN/USDT:USDT,0.06237,3868.0,0.06236,21.0,0.06239,21.0,0.0624,23.0
1753533492457,12:38:12.457,BAN/USDT:USDT,0.06237,3868.0,0.06236,21.0,0.06239,21.0,0.0624,21.0
1753533492596,12:38:12.596,BAN/USDT:USDT,0.06237,3868.0,0.06236,21.0,0.06241,21.0,0.06243,635.0
1753533492662,12:38:12.662,BAN/USDT:USDT,0.06237,3868.0,0.06236,21.0,0.0624,2.0,0.06241,21.0
1753533492756,12:38:12.756,BAN/USDT:USDT,0.06237,3868.0,0.06236,21.0,0.06239,21.0,0.0624,2.0
1753533492904,12:38:12.904,BAN/USDT:USDT,0.06237,3868.0,0.06236,21.0,0.06241,21.0,0.06243,635.0
1753533492961,12:38:12.961,BAN/USDT:USDT,0.06237,3868.0,0.06236,21.0,0.0624,2.0,0.06241,21.0
1753533493118,12:38:13.118,BAN/USDT:USDT,0.06237,3868.0,0.06236,21.0,0.0624,2.0,0.06241,21.0
1753533493269,12:38:13.269,BAN/USDT:USDT,0.06237,3868.0,0.06236,21.0,0.0624,23.0,0.06241,21.0
1753533494447,12:38:14.447,BAN/USDT:USDT,0.06237,3868.0,0.06236,21.0,0.0624,23.0,0.06241,21.0
1753533494455,12:38:14.455,BAN/USDT:USDT,0.06237,3868.0,0.06236,21.0,0.0624,23.0,0.06241,21.0
1753533494960,12:38:14.960,BAN/USDT:USDT,0.06238,21.0,0.06237,3868.0,0.0624,23.0,0.06241,21.0
1753533495074,12:38:15.074,BAN/USDT:USDT,0.06238,21.0,0.06237,3868.0,0.06241,21.0,0.06243,635.0
1753533495233,12:38:15.233,BAN/USDT:USDT,0.06238,21.0,0.06237,3868.0,0.0624,2.0,0.06241,21.0
1753533495384,12:38:15.384,BAN/USDT:USDT,0.06238,21.0,0.06237,3868.0,0.0624,2.0,0.06241,21.0
1753533495539,12:38:15.539,BAN/USDT:USDT,0.06238,21.0,0.06237,3868.0,0.0624,2.0,0.06241,21.0
1753533495599,12:38:15.599,BAN/USDT:USDT,0.06237,3868.0,0.06236,21.0,0.0624,2.0,0.06241,21.0
1753533495693,12:38:15.693,BAN/USDT:USDT,0.06237,3868.0,0.06236,21.0,0.0624,23.0,0.06241,21.0
1753533496065,12:38:16.065,BAN/USDT:USDT,0.06238,21.0,0.06237,3868.0,0.0624,23.0,0.06241,21.0
1753533496174,12:38:16.174,BAN/USDT:USDT,0.06238,21.0,0.06237,3868.0,0.06241,21.0,0.06243,635.0
1753533496325,12:38:16.325,BAN/USDT:USDT,0.06238,21.0,0.06237,3868.0,0.0624,2.0,0.06241,21.0
1753533496487,12:38:16.487,BAN/USDT:USDT,0.06238,21.0,0.06237,3868.0,0.0624,2.0,0.06241,21.0
1753533496651,12:38:16.651,BAN/USDT:USDT,0.06238,21.0,0.06237,3868.0,0.0624,24.0,0.06241,21.0
1753533496806,12:38:16.806,BAN/USDT:USDT,0.06237,3868.0,0.06236,21.0,0.06241,21.0,0.06243,635.0
1753533496857,12:38:16.857,BAN/USDT:USDT,0.06237,3868.0,0.06236,21.0,0.0624,2.0,0.06241,21.0
1753533497002,12:38:17.002,BAN/USDT:USDT,0.06238,22.0,0.06237,3868.0,0.0624,2.0,0.06241,21.0
1753533497113,12:38:17.113,BAN/USDT:USDT,0.06238,22.0,0.06237,3868.0,0.0624,2.0,0.06241,21.0
1753533497223,12:38:17.223,BAN/USDT:USDT,0.06237,3868.0,0.06236,21.0,0.0624,2.0,0.06241,21.0
1753533497264,12:38:17.264,BAN/USDT:USDT,0.06237,3868.0,0.06236,21.0,0.0624,2.0,0.06241,21.0
1753533497421,12:38:17.421,BAN/USDT:USDT,0.06237,3868.0,0.06236,21.0,0.0624,24.0,0.06241,21.0
1753533498539,12:38:18.539,BAN/USDT:USDT,0.06238,22.0,0.06237,3868.0,0.0624,24.0,0.06241,21.0
1753533498581,12:38:18.581,BAN/USDT:USDT,0.06238,22.0,0.06237,3868.0,0.06241,21.0,0.06243,635.0
1753533498729,12:38:18.729,BAN/USDT:USDT,0.06238,22.0,0.06237,3868.0,0.0624,2.0,0.06241,21.0
1753533498878,12:38:18.878,BAN/USDT:USDT,0.06238,22.0,0.06237,3868.0,0.0624,2.0,0.06241,21.0
1753533499032,12:38:19.032,BAN/USDT:USDT,0.06238,22.0,0.06237,3868.0,0.0624,2.0,0.06241,21.0
1753533499185,12:38:19.185,BAN/USDT:USDT,0.06238,22.0,0.06237,3868.0,0.0624,2.0,0.06241,21.0
1753533499352,12:38:19.352,BAN/USDT:USDT,0.06238,22.0,0.06237,3868.0,0.0624,24.0,0.06241,21.0
1753533499505,12:38:19.505,BAN/USDT:USDT,0.06238,22.0,0.06237,3868.0,0.06241,21.0,0.06243,635.0
1753533499558,12:38:19.558,BAN/USDT:USDT,0.06238,22.0,0.06237,3868.0,0.0624,2.0,0.06241,21.0
1753533499701,12:38:19.701,BAN/USDT:USDT,0.06238,22.0,0.06237,3868.0,0.0624,2.0,0.06241,21.0
1753533500947,12:38:20.947,BAN/USDT:USDT,0.06238,22.0,0.06237,3868.0,0.0624,2.0,0.06242,22.0
1753533500977,12:38:20.977,BAN/USDT:USDT,0.06238,22.0,0.06237,3868.0,0.06241,2.0,0.06242,22.0
1753533501184,12:38:21.184,BAN/USDT:USDT,0.06238,22.0,0.06237,3868.0,0.06241,2.0,0.06242,22.0
1753533501343,12:38:21.343,BAN/USDT:USDT,0.06238,22.0,0.06237,3868.0,0.06241,2.0,0.06242,22.0
1753533501504,12:38:21.504,BAN/USDT:USDT,0.06238,22.0,0.06237,3868.0,0.06241,2.0,0.06242,22.0
1753533501686,12:38:21.686,BAN/USDT:USDT,0.06238,22.0,0.06237,3868.0,0.06241,2.0,0.06242,22.0
1753533501848,12:38:21.848,BAN/USDT:USDT,0.06238,22.0,0.06237,3868.0,0.06241,2.0,0.06242,22.0
1753533501998,12:38:21.998,BAN/USDT:USDT,0.06238,22.0,0.06237,3868.0,0.06241,24.0,0.06242,22.0
1753533503475,12:38:23.475,BAN/USDT:USDT,0.06238,22.0,0.06237,3868.0,0.0624,22.0,0.06241,24.0
1753533503638,12:38:23.638,BAN/USDT:USDT,0.06238,22.0,0.06237,3868.0,0.06242,22.0,0.06243,635.0
1753533503659,12:38:23.659,BAN/USDT:USDT,0.06238,22.0,0.06237,3868.0,0.06241,2.0,0.06242,22.0
1753533503774,12:38:23.774,BAN/USDT:USDT,0.06238,22.0,0.06237,3868.0,0.0624,22.0,0.06241,2.0
1753533503925,12:38:23.925,BAN/USDT:USDT,0.06238,22.0,0.06237,3868.0,0.06242,22.0,0.06243,635.0
1753533503993,12:38:23.993,BAN/USDT:USDT,0.06238,22.0,0.06237,3868.0,0.06241,2.0,0.06242,22.0
1753533504112,12:38:24.112,BAN/USDT:USDT,0.06238,22.0,0.06237,3868.0,0.0624,22.0,0.06241,2.0
1753533504157,12:38:24.157,BAN/USDT:USDT,0.06238,22.0,0.06237,3868.0,0.0624,22.0,0.06242,22.0
1753533504264,12:38:24.264,BAN/USDT:USDT,0.06238,22.0,0.06237,3868.0,0.06242,22.0,0.06243,635.0
1753533504361,12:38:24.361,BAN/USDT:USDT,0.06238,22.0,0.06237,3868.0,0.06241,2.0,0.06242,22.0
1753533504511,12:38:24.511,BAN/USDT:USDT,0.06238,22.0,0.06237,3868.0,0.0624,22.0,0.06241,2.0
1753533504558,12:38:24.558,BAN/USDT:USDT,0.06238,22.0,0.06237,3868.0,0.0624,22.0,0.06242,22.0
1753533504665,12:38:24.665,BAN/USDT:USDT,0.06238,22.0,0.06237,3868.0,0.06242,22.0,0.06243,635.0
1753533504810,12:38:24.810,BAN/USDT:USDT,0.06238,22.0,0.06237,3868.0,0.06241,2.0,0.06242,22.0
1753533504915,12:38:24.915,BAN/USDT:USDT,0.06238,22.0,0.06237,3868.0,0.0624,22.0,0.06241,2.0
1753533504957,12:38:24.957,BAN/USDT:USDT,0.06238,22.0,0.06237,3868.0,0.0624,22.0,0.06242,22.0
1753533505075,12:38:25.075,BAN/USDT:USDT,0.06238,22.0,0.06237,3868.0,0.06242,22.0,0.06243,635.0
1753533505159,12:38:25.159,BAN/USDT:USDT,0.06238,22.0,0.06237,3868.0,0.0624,22.0,0.06241,2.0
1753533505311,12:38:25.311,BAN/USDT:USDT,0.06238,22.0,0.06237,3868.0,0.06242,22.0,0.06243,635.0
1753533505360,12:38:25.360,BAN/USDT:USDT,0.06238,22.0,0.06237,3868.0,0.0624,22.0,0.06241,2.0
1753533505512,12:38:25.512,BAN/USDT:USDT,0.06238,22.0,0.06237,3868.0,0.06242,22.0,0.06243,635.0
1753533505561,12:38:25.561,BAN/USDT:USDT,0.06238,22.0,0.06237,3868.0,0.0624,22.0,0.06241,2.0
1753533505713,12:38:25.713,BAN/USDT:USDT,0.06238,22.0,0.06237,3868.0,0.06242,22.0,0.06243,635.0
1753533505785,12:38:25.785,BAN/USDT:USDT,0.06238,22.0,0.06237,3868.0,0.0624,22.0,0.06241,2.0
1753533505914,12:38:25.914,BAN/USDT:USDT,0.06238,22.0,0.06237,3868.0,0.06242,22.0,0.06243,635.0
1753533505960,12:38:25.960,BAN/USDT:USDT,0.06238,22.0,0.06237,3868.0,0.06241,2.0,0.06242,22.0
1753533506114,12:38:26.114,BAN/USDT:USDT,0.06238,22.0,0.06237,3868.0,0.06241,2.0,0.06242,22.0
1753533506271,12:38:26.271,BAN/USDT:USDT,0.06238,22.0,0.06237,3868.0,0.06241,24.0,0.06242,22.0
1753533506517,12:38:26.517,BAN/USDT:USDT,0.06238,22.0,0.06237,3868.0,0.0624,21.0,0.06241,24.0
1753533506557,12:38:26.557,BAN/USDT:USDT,0.06238,22.0,0.06237,3868.0,0.0624,21.0,0.06241,22.0
1753533506674,12:38:26.674,BAN/USDT:USDT,0.06238,22.0,0.06237,3868.0,0.06242,22.0,0.06243,635.0
1753533506827,12:38:26.827,BAN/USDT:USDT,0.06238,22.0,0.06237,3868.0,0.0624,21.0,0.06241,2.0
1753533506857,12:38:26.857,BAN/USDT:USDT,0.06238,22.0,0.06237,3868.0,0.0624,21.0,0.06242,22.0
1753533506978,12:38:26.978,BAN/USDT:USDT,0.06238,22.0,0.06237,3868.0,0.06242,22.0,0.06243,635.0
1753533507061,12:38:27.061,BAN/USDT:USDT,0.06238,22.0,0.06237,3868.0,0.0624,21.0,0.06241,2.0
1753533507169,12:38:27.169,BAN/USDT:USDT,0.06238,22.0,0.06237,3868.0,0.06242,22.0,0.06243,635.0
1753533507263,12:38:27.263,BAN/USDT:USDT,0.06238,22.0,0.06237,3868.0,0.06241,2.0,0.06242,22.0
1753533507420,12:38:27.420,BAN/USDT:USDT,0.06238,22.0,0.06237,3868.0,0.06241,2.0,0.06242,22.0
1753533507458,12:38:27.458,BAN/USDT:USDT,0.06238,22.0,0.06237,3868.0,0.06241,2.0,0.06242,22.0
1753533507571,12:38:27.571,BAN/USDT:USDT,0.06238,22.0,0.06237,3868.0,0.06241,2.0,0.06242,22.0
1753533507723,12:38:27.723,BAN/USDT:USDT,0.06238,22.0,0.06237,3868.0,0.06241,23.0,0.06242,22.0
1753533508421,12:38:28.421,BAN/USDT:USDT,0.06238,22.0,0.06237,3868.0,0.0624,21.0,0.06241,23.0
1753533508456,12:38:28.456,BAN/USDT:USDT,0.06238,22.0,0.06237,3868.0,0.0624,21.0,0.06241,21.0
1753533508575,12:38:28.575,BAN/USDT:USDT,0.06238,22.0,0.06237,3868.0,0.06242,22.0,0.06243,635.0
1753533508727,12:38:28.727,BAN/USDT:USDT,0.06238,22.0,0.06237,3868.0,0.0624,21.0,0.06241,2.0
1753533508837,12:38:28.837,BAN/USDT:USDT,0.06238,22.0,0.06237,3868.0,0.0624,21.0,0.06242,22.0
1753533508880,12:38:28.880,BAN/USDT:USDT,0.06238,22.0,0.06237,3868.0,0.06242,22.0,0.06243,635.0
1753533508973,12:38:28.973,BAN/USDT:USDT,0.06238,22.0,0.06237,3868.0,0.0624,21.0,0.06241,23.0
1753533509130,12:38:29.130,BAN/USDT:USDT,0.06238,22.0,0.06237,3868.0,0.06242,22.0,0.06243,635.0
1753533509158,12:38:29.158,BAN/USDT:USDT,0.06238,22.0,0.06237,3868.0,0.06241,2.0,0.06242,22.0
1753533509292,12:38:29.292,BAN/USDT:USDT,0.06238,22.0,0.06237,3868.0,0.0624,21.0,0.06241,2.0
1753533509444,12:38:29.444,BAN/USDT:USDT,0.06238,22.0,0.06237,3868.0,0.06242,22.0,0.06243,635.0
1753533509473,12:38:29.473,BAN/USDT:USDT,0.06238,22.0,0.06237,3868.0,0.0624,21.0,0.06241,23.0
1753533509634,12:38:29.634,BAN/USDT:USDT,0.06238,21.0,0.06237,3868.0,0.06242,22.0,0.06243,635.0
1753533509658,12:38:29.658,BAN/USDT:USDT,0.06238,21.0,0.06237,3868.0,0.06241,2.0,0.06242,22.0
1753533509818,12:38:29.818,BAN/USDT:USDT,0.06238,21.0,0.06237,3868.0,0.06241,2.0,0.06242,22.0
1753533509946,12:38:29.946,BAN/USDT:USDT,0.06238,21.0,0.06237,3868.0,0.06241,2.0,0.06242,22.0
1753533510107,12:38:30.107,BAN/USDT:USDT,0.06238,21.0,0.06237,3868.0,0.06241,23.0,0.06242,22.0
1753533512297,12:38:32.297,BAN/USDT:USDT,0.06238,21.0,0.06237,3868.0,0.06241,23.0,0.06242,22.0
1753533518091,12:38:38.091,BAN/USDT:USDT,0.06238,21.0,0.06237,3868.0,0.06241,23.0,0.06242,22.0
1753533518503,12:38:38.503,BAN/USDT:USDT,0.06238,21.0,0.06237,3868.0,0.06241,23.0,0.06242,22.0
1753533518842,12:38:38.842,BAN/USDT:USDT,0.06238,21.0,0.06237,3868.0,0.06241,23.0,0.06242,22.0
1753533519431,12:38:39.431,BAN/USDT:USDT,0.06238,21.0,0.06237,3868.0,0.06241,23.0,0.06242,22.0
1753533519720,12:38:39.720,BAN/USDT:USDT,0.06238,21.0,0.06237,3868.0,0.06241,23.0,0.06242,22.0
1753533531638,12:38:51.638,BAN/USDT:USDT,0.06238,21.0,0.06237,3868.0,0.06241,23.0,0.06242,22.0
1753533531787,12:38:51.787,BAN/USDT:USDT,0.06238,21.0,0.06237,3868.0,0.06241,23.0,0.06242,22.0
1753533533010,12:38:53.010,BAN/USDT:USDT,0.06238,21.0,0.06237,3868.0,0.06241,23.0,0.06242,22.0
1753533533473,12:38:53.473,BAN/USDT:USDT,0.06238,21.0,0.06237,3868.0,0.06241,23.0,0.06242,22.0
1753533534247,12:38:54.247,BAN/USDT:USDT,0.06238,21.0,0.06237,3868.0,0.06241,104.0,0.06242,22.0
1753533534250,12:38:54.250,BAN/USDT:USDT,0.06238,21.0,0.06237,3868.0,0.06241,82.0,0.06242,22.0
1753533540281,12:39:00.281,BAN/USDT:USDT,0.06238,21.0,0.06237,3868.0,0.06241,85.0,0.06242,22.0
1753533540539,12:39:00.539,BAN/USDT:USDT,0.06238,21.0,0.06237,3868.0,0.06241,85.0,0.06242,22.0
1753533541420,12:39:01.420,BAN/USDT:USDT,0.06238,21.0,0.06237,3868.0,0.06241,172.0,0.06242,22.0
1753533541543,12:39:01.543,BAN/USDT:USDT,0.06238,21.0,0.06237,3868.0,0.06241,2.0,0.06242,22.0
1753533541640,12:39:01.640,BAN/USDT:USDT,0.06238,21.0,0.06237,3868.0,0.06241,2.0,0.06242,22.0
1753533542703,12:39:02.703,BAN/USDT:USDT,0.06238,21.0,0.06237,3868.0,0.06241,2.0,0.06244,21.0
1753533542803,12:39:02.803,BAN/USDT:USDT,0.06238,21.0,0.06237,3868.0,0.06242,21.0,0.06243,2.0
1753533542863,12:39:02.863,BAN/USDT:USDT,0.06238,21.0,0.06237,3868.0,0.06241,2.0,0.06242,21.0
1753533543069,12:39:03.069,BAN/USDT:USDT,0.06238,21.0,0.06237,3868.0,0.06241,2.0,0.06242,21.0
1753533543391,12:39:03.391,BAN/USDT:USDT,0.06238,21.0,0.06237,3868.0,0.06241,2.0,0.06242,21.0
1753533544058,12:39:04.058,BAN/USDT:USDT,0.06238,21.0,0.06237,3868.0,0.06241,23.0,0.06242,21.0
1753533544852,12:39:04.852,BAN/USDT:USDT,0.06238,21.0,0.06237,3868.0,0.06241,23.0,0.06244,21.0
1753533545893,12:39:05.893,BAN/USDT:USDT,0.06238,21.0,0.06237,3868.0,0.06241,23.0,0.06244,21.0
1753533547021,12:39:07.021,BAN/USDT:USDT,0.06238,21.0,0.06237,3868.0,0.06241,23.0,0.06246,21.0
1753533547234,12:39:07.234,BAN/USDT:USDT,0.06238,21.0,0.06237,3868.0,0.06241,2.0,0.06246,21.0
1753533547287,12:39:07.287,BAN/USDT:USDT,0.06238,21.0,0.06237,3868.0,0.06242,21.0,0.06243,635.0
1753533547437,12:39:07.437,BAN/USDT:USDT,0.06238,21.0,0.06237,3868.0,0.06241,2.0,0.06242,21.0
1753533547541,12:39:07.541,BAN/USDT:USDT,0.06238,21.0,0.06237,3868.0,0.06241,2.0,0.06242,21.0
1753533549093,12:39:09.093,BAN/USDT:USDT,0.06238,21.0,0.06237,3868.0,0.06241,82.0,0.06242,21.0
1753533549166,12:39:09.166,BAN/USDT:USDT,0.06238,21.0,0.06237,3868.0,0.06241,82.0,0.06242,21.0
1753533549526,12:39:09.526,BAN/USDT:USDT,0.06238,21.0,0.06237,3868.0,0.06241,82.0,0.06242,21.0
1753533551325,12:39:11.325,BAN/USDT:USDT,0.06238,21.0,0.06237,3868.0,0.06241,82.0,0.06242,21.0
1753533553462,12:39:13.462,BAN/USDT:USDT,0.06238,21.0,0.06237,3868.0,0.06241,82.0,0.06242,21.0
1753533553954,12:39:13.954,BAN/USDT:USDT,0.06238,21.0,0.06237,3868.0,0.06241,82.0,0.06242,21.0
1753533555224,12:39:15.224,BAN/USDT:USDT,0.06238,21.0,0.06237,3868.0,0.0624,21.0,0.06241,82.0
1753533555267,12:39:15.267,BAN/USDT:USDT,0.06238,21.0,0.06237,3868.0,0.0624,21.0,0.06242,21.0
1753533555402,12:39:15.402,BAN/USDT:USDT,0.06238,21.0,0.06237,3868.0,0.06242,21.0,0.06243,635.0
1753533555461,12:39:15.461,BAN/USDT:USDT,0.06238,21.0,0.06237,3868.0,0.06241,2.0,0.06242,21.0
1753533555612,12:39:15.612,BAN/USDT:USDT,0.06238,21.0,0.06237,3868.0,0.06241,2.0,0.06242,21.0
1753533555772,12:39:15.772,BAN/USDT:USDT,0.06238,21.0,0.06237,3868.0,0.06241,23.0,0.06242,21.0
1753533555977,12:39:15.977,BAN/USDT:USDT,0.06238,21.0,0.06237,3868.0,0.06241,23.0,0.06242,21.0
1753533564219,12:39:24.219,BAN/USDT:USDT,0.06238,21.0,0.06237,3868.0,0.06241,23.0,0.06242,21.0
1753533564428,12:39:24.428,BAN/USDT:USDT,0.06238,21.0,0.06237,3868.0,0.06241,23.0,0.06242,21.0
1753533570644,12:39:30.644,BAN/USDT:USDT,0.06238,21.0,0.06237,3868.0,0.06241,2.0,0.06242,21.0
1753533572707,12:39:32.707,BAN/USDT:USDT,0.06238,21.0,0.06237,3868.0,0.06241,2.0,0.06242,21.0
1753533572907,12:39:32.907,BAN/USDT:USDT,0.06238,21.0,0.06237,3868.0,0.06241,2.0,0.06242,21.0
1753533590345,12:39:50.345,BAN/USDT:USDT,0.06238,21.0,0.06237,3868.0,0.06241,24.0,0.06242,21.0
1753533590438,12:39:50.438,BAN/USDT:USDT,0.06237,3868.0,0.06236,54.0,0.0624,22.0,0.06241,24.0
1753533590512,12:39:50.512,BAN/USDT:USDT,0.06237,3868.0,0.06236,54.0,0.06239,2.0,0.0624,22.0
1753533590619,12:39:50.619,BAN/USDT:USDT,0.06238,22.0,0.06237,3872.0,0.06239,2.0,0.0624,22.0
1753533590659,12:39:50.659,BAN/USDT:USDT,0.06238,22.0,0.06237,3868.0,0.06239,2.0,0.0624,22.0
1753533590895,12:39:50.895,BAN/USDT:USDT,0.06237,3868.0,0.06236,54.0,0.06239,2.0,0.0624,22.0
1753533590961,12:39:50.961,BAN/USDT:USDT,0.06237,3868.0,0.06236,54.0,0.06239,2.0,0.0624,22.0
1753533591326,12:39:51.326,BAN/USDT:USDT,0.06237,3868.0,0.06236,21.0,0.06239,2.0,0.0624,22.0
1753533591359,12:39:51.359,BAN/USDT:USDT,0.06237,2296.0,0.06235,21.0,0.06239,2.0,0.0624,22.0
1753533591501,12:39:51.501,BAN/USDT:USDT,0.06233,22.0,0.06232,22.0,0.06238,22.0,0.06239,55.0
1753533591629,12:39:51.629,BAN/USDT:USDT,0.06232,22.0,0.06227,32.0,0.06238,22.0,0.06239,55.0
1753533591750,12:39:51.750,BAN/USDT:USDT,0.06233,4.0,0.06232,22.0,0.06238,22.0,0.06239,55.0
1753533591792,12:39:51.792,BAN/USDT:USDT,0.06234,22.0,0.06233,4.0,0.06238,22.0,0.06239,55.0
1753533591935,12:39:51.935,BAN/USDT:USDT,0.06232,22.0,0.06227,32.0,0.06238,22.0,0.06239,55.0
1753533598042,12:39:58.042,BAN/USDT:USDT,0.06232,54.0,0.06226,22.0,0.06242,21.0,0.06247,22.0
1753533598095,12:39:58.095,BAN/USDT:USDT,0.06236,32.0,0.06235,22.0,0.06247,22.0,0.06248,104.0
1753533598239,12:39:58.239,BAN/USDT:USDT,0.06236,32.0,0.06235,22.0,0.06247,22.0,0.06248,104.0
1753533598348,12:39:58.348,BAN/USDT:USDT,0.06236,32.0,0.06235,22.0,0.06247,22.0,0.06248,104.0
1753533598406,12:39:58.406,BAN/USDT:USDT,0.06236,32.0,0.06235,22.0,0.06247,22.0,0.06248,104.0
1753533598478,12:39:58.478,BAN/USDT:USDT,0.06236,54.0,0.06235,22.0,0.06247,22.0,0.06248,104.0
1753533598785,12:39:58.785,BAN/USDT:USDT,0.06237,54.0,0.06236,22.0,0.06247,22.0,0.06248,104.0
1753533599115,12:39:59.115,BAN/USDT:USDT,0.06237,54.0,0.06235,22.0,0.06247,22.0,0.06248,104.0
1753533599816,12:39:59.816,BAN/USDT:USDT,0.06237,54.0,0.06235,22.0,0.06247,22.0,0.06248,104.0
1753533599928,12:39:59.928,BAN/USDT:USDT,0.06237,54.0,0.06235,22.0,0.06247,22.0,0.06248,104.0
1753533600348,12:40:00.348,BAN/USDT:USDT,0.06238,54.0,0.06237,22.0,0.06247,22.0,0.06248,104.0
1753533600397,12:40:00.397,BAN/USDT:USDT,0.06238,54.0,0.06237,22.0,0.06247,22.0,0.06248,104.0
1753533600635,12:40:00.635,BAN/USDT:USDT,0.06238,54.0,0.06237,22.0,0.06247,22.0,0.06248,104.0
1753533600733,12:40:00.733,BAN/USDT:USDT,0.06238,54.0,0.06237,22.0,0.06247,22.0,0.06248,104.0
1753533600920,12:40:00.920,BAN/USDT:USDT,0.06238,54.0,0.06237,22.0,0.06246,22.0,0.06247,182.0
1753533601039,12:40:01.039,BAN/USDT:USDT,0.06238,54.0,0.06237,22.0,0.06246,22.0,0.06247,182.0
1753533601112,12:40:01.112,BAN/USDT:USDT,0.06238,54.0,0.06237,22.0,0.06246,22.0,0.06247,182.0
1753533601248,12:40:01.248,BAN/USDT:USDT,0.06238,54.0,0.06235,22.0,0.06246,22.0,0.06247,182.0
1753533601259,12:40:01.259,BAN/USDT:USDT,0.06238,54.0,0.06235,22.0,0.06246,22.0,0.06247,182.0
1753533601617,12:40:01.617,BAN/USDT:USDT,0.06238,54.0,0.06235,22.0,0.06246,22.0,0.06247,182.0
1753533601689,12:40:01.689,BAN/USDT:USDT,0.06238,54.0,0.06235,22.0,0.06246,22.0,0.06247,182.0
1753533601759,12:40:01.759,BAN/USDT:USDT,0.06238,54.0,0.06235,22.0,0.06246,22.0,0.06247,182.0
1753533601945,12:40:01.945,BAN/USDT:USDT,0.06238,54.0,0.06235,22.0,0.06246,22.0,0.06247,182.0
1753533602009,12:40:02.009,BAN/USDT:USDT,0.06238,54.0,0.06235,22.0,0.06246,22.0,0.06247,182.0
1753533602494,12:40:02.494,BAN/USDT:USDT,0.06238,54.0,0.06235,22.0,0.06246,22.0,0.06247,182.0
1753533602647,12:40:02.647,BAN/USDT:USDT,0.06236,32.0,0.06235,22.0,0.06244,22.0,0.06245,312.0
1753533602654,12:40:02.654,BAN/USDT:USDT,0.06237,22.0,0.06236,32.0,0.06244,22.0,0.06245,312.0
1753533602846,12:40:02.846,BAN/USDT:USDT,0.06237,22.0,0.06236,32.0,0.06244,22.0,0.06245,312.0
1753533603207,12:40:03.207,BAN/USDT:USDT,0.06237,22.0,0.06236,32.0,0.06244,22.0,0.06245,312.0
1753533603370,12:40:03.370,BAN/USDT:USDT,0.06237,22.0,0.06236,54.0,0.06244,22.0,0.06245,312.0
1753533604251,12:40:04.251,BAN/USDT:USDT,0.06237,22.0,0.06236,54.0,0.06244,22.0,0.06245,312.0
1753533604319,12:40:04.319,BAN/USDT:USDT,0.06237,22.0,0.06236,54.0,0.06243,22.0,0.06244,102.0
1753533604417,12:40:04.417,BAN/USDT:USDT,0.06236,22.0,0.06234,32.0,0.06242,22.0,0.06243,102.0
1753533604459,12:40:04.459,BAN/USDT:USDT,0.06236,22.0,0.06234,32.0,0.06242,22.0,0.06243,102.0
1753533604836,12:40:04.836,BAN/USDT:USDT,0.06236,22.0,0.06234,32.0,0.06242,22.0,0.06243,102.0
1753533604888,12:40:04.888,BAN/USDT:USDT,0.06236,22.0,0.06234,32.0,0.06242,22.0,0.06243,102.0
1753533605510,12:40:05.510,BAN/USDT:USDT,0.06236,22.0,0.06234,54.0,0.06242,22.0,0.06243,102.0
1753533605669,12:40:05.669,BAN/USDT:USDT,0.06236,22.0,0.06234,54.0,0.06242,22.0,0.06243,102.0
1753533606940,12:40:06.940,BAN/USDT:USDT,0.06236,22.0,0.06234,54.0,0.06246,22.0,0.06247,22.0
1753533607023,12:40:07.023,BAN/USDT:USDT,0.06238,53.0,0.06237,21.0,0.06246,160.0,0.06247,22.0
1753533607109,12:40:07.109,BAN/USDT:USDT,0.06238,53.0,0.06237,21.0,0.06245,21.0,0.06246,160.0
1753533607649,12:40:07.649,BAN/USDT:USDT,0.06238,53.0,0.06236,22.0,0.06245,21.0,0.06246,160.0
1753533607743,12:40:07.743,BAN/USDT:USDT,0.06237,21.0,0.06236,54.0,0.06245,21.0,0.06246,160.0
1753533608106,12:40:08.106,BAN/USDT:USDT,0.06237,21.0,0.06236,54.0,0.06245,21.0,0.06246,160.0
1753533608183,12:40:08.183,BAN/USDT:USDT,0.06237,21.0,0.06236,54.0,0.06245,21.0,0.06246,160.0
1753533608308,12:40:08.308,BAN/USDT:USDT,0.06237,21.0,0.06236,54.0,0.06245,21.0,0.06246,160.0
1753533608527,12:40:08.527,BAN/USDT:USDT,0.06237,21.0,0.06236,54.0,0.06245,21.0,0.06246,160.0
1753533608589,12:40:08.589,BAN/USDT:USDT,0.06237,21.0,0.06236,54.0,0.06245,21.0,0.06246,160.0
1753533608948,12:40:08.948,BAN/USDT:USDT,0.06237,21.0,0.06236,54.0,0.06245,21.0,0.06246,160.0
1753533609389,12:40:09.389,BAN/USDT:USDT,0.06237,21.0,0.06236,54.0,0.06245,21.0,0.06246,160.0
1753533609837,12:40:09.837,BAN/USDT:USDT,0.06237,21.0,0.06236,54.0,0.06245,21.0,0.06246,160.0
1753533609901,12:40:09.901,BAN/USDT:USDT,0.06237,21.0,0.06236,54.0,0.06245,21.0,0.06246,160.0
1753533610934,12:40:10.934,BAN/USDT:USDT,0.06237,21.0,0.06236,54.0,0.06244,21.0,0.06245,181.0
1753533610998,12:40:10.998,BAN/USDT:USDT,0.06237,21.0,0.06236,54.0,0.06244,21.0,0.06245,181.0
1753533611500,12:40:11.500,BAN/USDT:USDT,0.06237,21.0,0.06236,54.0,0.06244,21.0,0.06245,181.0
1753533611834,12:40:11.834,BAN/USDT:USDT,0.06237,21.0,0.06236,54.0,0.06244,21.0,0.06245,181.0
1753533611939,12:40:11.939,BAN/USDT:USDT,0.06237,21.0,0.06236,54.0,0.06244,21.0,0.06245,181.0
1753533613999,12:40:13.999,BAN/USDT:USDT,0.06237,21.0,0.06236,54.0,0.06243,21.0,0.06244,101.0
1753533614155,12:40:14.155,BAN/USDT:USDT,0.06237,21.0,0.06236,54.0,0.06243,21.0,0.06244,101.0
1753533614262,12:40:14.262,BAN/USDT:USDT,0.06237,21.0,0.06236,54.0,0.06243,21.0,0.06244,101.0
1753533617047,12:40:17.047,BAN/USDT:USDT,0.06237,21.0,0.06236,22.0,0.06242,22.0,0.06243,21.0
1753533617055,12:40:17.055,BAN/USDT:USDT,0.06236,22.0,0.06233,32.0,0.06242,22.0,0.06243,21.0
1753533617191,12:40:17.191,BAN/USDT:USDT,0.06236,22.0,0.06233,32.0,0.06242,80.0,0.06244,21.0
1753533617345,12:40:17.345,BAN/USDT:USDT,0.06236,22.0,0.06233,32.0,0.06241,22.0,0.06242,80.0
1753533617741,12:40:17.741,BAN/USDT:USDT,0.06236,22.0,0.06233,32.0,0.06244,160.0,0.06247,22.0
1753533617774,12:40:17.774,BAN/USDT:USDT,0.06237,22.0,0.06236,54.0,0.06244,160.0,0.06247,22.0
1753533617892,12:40:17.892,BAN/USDT:USDT,0.06237,22.0,0.06236,54.0,0.06243,22.0,0.06244,160.0
1753533618298,12:40:18.298,BAN/USDT:USDT,0.06237,22.0,0.06236,54.0,0.06243,22.0,0.06244,80.0
1753533619108,12:40:19.108,BAN/USDT:USDT,0.06237,22.0,0.06236,54.0,0.06243,22.0,0.06244,80.0
1753533621144,12:40:21.144,BAN/USDT:USDT,0.06237,22.0,0.06236,22.0,0.06242,22.0,0.06243,22.0
1753533621153,12:40:21.153,BAN/USDT:USDT,0.06236,22.0,0.06233,32.0,0.06242,22.0,0.06243,22.0
1753533621323,12:40:21.323,BAN/USDT:USDT,0.06238,54.0,0.06236,22.0,0.06247,22.0,0.06248,104.0
1753533621425,12:40:21.425,BAN/USDT:USDT,0.06238,22.0,0.06237,32.0,0.06245,22.0,0.06246,102.0
1753533621464,12:40:21.464,BAN/USDT:USDT,0.06238,22.0,0.06237,32.0,0.06245,22.0,0.06246,102.0
1753533622883,12:40:22.883,BAN/USDT:USDT,0.06238,22.0,0.06237,54.0,0.06245,22.0,0.06246,102.0
1753533623141,12:40:23.141,BAN/USDT:USDT,0.06238,22.0,0.06237,54.0,0.06245,22.0,0.06246,102.0
1753533623948,12:40:23.948,BAN/USDT:USDT,0.06238,22.0,0.06237,54.0,0.06245,22.0,0.06246,102.0
1753533624634,12:40:24.634,BAN/USDT:USDT,0.06238,22.0,0.06237,54.0,0.06244,22.0,0.06245,102.0
1753533625049,12:40:25.049,BAN/USDT:USDT,0.06238,22.0,0.06237,54.0,0.06244,22.0,0.06245,102.0
1753533627634,12:40:27.634,BAN/USDT:USDT,0.06236,22.0,0.06233,32.0,0.06243,22.0,0.06244,102.0
1753533627868,12:40:27.868,BAN/USDT:USDT,0.06236,22.0,0.06233,32.0,0.06243,22.0,0.06244,182.0
1753533628115,12:40:28.115,BAN/USDT:USDT,0.06236,22.0,0.06233,32.0,0.06243,22.0,0.06244,102.0
1753533629378,12:40:29.378,BAN/USDT:USDT,0.06236,22.0,0.06233,32.0,0.06243,22.0,0.06244,102.0
1753533631293,12:40:31.293,BAN/USDT:USDT,0.06236,22.0,0.06233,32.0,0.06242,22.0,0.06243,182.0
1753533631545,12:40:31.545,BAN/USDT:USDT,0.06236,22.0,0.06233,32.0,0.06242,22.0,0.06243,182.0
1753533633848,12:40:33.848,BAN/USDT:USDT,0.06236,22.0,0.06233,32.0,0.06243,182.0,0.06247,22.0
1753533633948,12:40:33.948,BAN/USDT:USDT,0.06237,635.0,0.06236,22.0,0.06247,22.0,0.06248,71.0
1753533633998,12:40:33.998,BAN/USDT:USDT,0.06238,22.0,0.06237,667.0,0.06247,22.0,0.06248,71.0
1753533634102,12:40:34.102,BAN/USDT:USDT,0.0624,22.0,0.06238,54.0,0.06247,22.0,0.06248,71.0
1753533634406,12:40:34.406,BAN/USDT:USDT,0.0624,22.0,0.06238,54.0,0.06247,22.0,0.06248,71.0
1753533634821,12:40:34.821,BAN/USDT:USDT,0.0624,22.0,0.06238,54.0,0.06247,22.0,0.06248,71.0
1753533635874,12:40:35.874,BAN/USDT:USDT,0.0624,22.0,0.06238,54.0,0.06247,22.0,0.06248,71.0
1753533636140,12:40:36.140,BAN/USDT:USDT,0.0624,22.0,0.06238,54.0,0.06247,22.0,0.06248,21.0
1753533636174,12:40:36.174,BAN/USDT:USDT,0.06242,22.0,0.06241,32.0,0.06253,22.0,0.06254,259.0
1753533636336,12:40:36.336,BAN/USDT:USDT,0.06243,54.0,0.06242,22.0,0.06253,22.0,0.06254,259.0
1753533636551,12:40:36.551,BAN/USDT:USDT,0.06243,54.0,0.06242,22.0,0.06253,22.0,0.06254,259.0
1753533636848,12:40:36.848,BAN/USDT:USDT,0.06243,54.0,0.06242,22.0,0.06253,22.0,0.06254,259.0
1753533637513,12:40:37.513,BAN/USDT:USDT,0.06243,54.0,0.06242,22.0,0.06253,22.0,0.06254,259.0
1753533638023,12:40:38.023,BAN/USDT:USDT,0.06243,54.0,0.0624,22.0,0.06253,22.0,0.06254,259.0
1753533638869,12:40:38.869,BAN/USDT:USDT,0.06243,54.0,0.0624,22.0,0.06253,22.0,0.06254,259.0
1753533640185,12:40:40.185,BAN/USDT:USDT,0.06243,54.0,0.06238,22.0,0.06253,22.0,0.06254,259.0
1753533640489,12:40:40.489,BAN/USDT:USDT,0.06243,54.0,0.06238,22.0,0.06253,22.0,0.06254,259.0
1753533643784,12:40:43.784,BAN/USDT:USDT,0.06243,54.0,0.06238,22.0,0.06252,22.0,0.06253,29.0
1753533644120,12:40:44.120,BAN/USDT:USDT,0.06244,54.0,0.06243,22.0,0.06252,22.0,0.06253,29.0
1753533644488,12:40:44.488,BAN/USDT:USDT,0.06244,54.0,0.06238,22.0,0.06252,22.0,0.06253,29.0
1753533647020,12:40:47.020,BAN/USDT:USDT,0.06244,22.0,0.06239,32.0,0.06251,21.0,0.06252,29.0
1753533647641,12:40:47.641,BAN/USDT:USDT,0.06241,32.0,0.0624,21.0,0.0625,21.0,0.06251,181.0
1753533647675,12:40:47.675,BAN/USDT:USDT,0.06243,21.0,0.06242,53.0,0.0625,21.0,0.06251,181.0
1753533648136,12:40:48.136,BAN/USDT:USDT,0.06243,21.0,0.06242,53.0,0.0625,21.0,0.06251,181.0
1753533648742,12:40:48.742,BAN/USDT:USDT,0.06243,21.0,0.06242,53.0,0.0625,21.0,0.06251,21.0
1753533648850,12:40:48.850,BAN/USDT:USDT,0.06243,53.0,0.0624,21.0,0.06251,166.0,0.06253,22.0
1753533648934,12:40:48.934,BAN/USDT:USDT,0.06243,21.0,0.06241,32.0,0.0625,21.0,0.06253,22.0
1753533648995,12:40:48.995,BAN/USDT:USDT,0.06243,21.0,0.06241,32.0,0.0625,21.0,0.06253,22.0
1753533649114,12:40:49.114,BAN/USDT:USDT,0.06244,21.0,0.06243,53.0,0.06252,21.0,0.06253,182.0
1753533650179,12:40:50.179,BAN/USDT:USDT,0.06244,21.0,0.06243,53.0,0.06252,21.0,0.06253,182.0
1753533650535,12:40:50.535,BAN/USDT:USDT,0.06244,21.0,0.06243,53.0,0.06252,21.0,0.06253,182.0
1753533650594,12:40:50.594,BAN/USDT:USDT,0.06244,21.0,0.06243,53.0,0.06252,21.0,0.06253,182.0
1753533651248,12:40:51.248,BAN/USDT:USDT,0.06244,21.0,0.06243,53.0,0.06252,28.0,0.06253,182.0
1753533651251,12:40:51.251,BAN/USDT:USDT,0.06244,21.0,0.06243,53.0,0.06251,21.0,0.06252,28.0
1753533653875,12:40:53.875,BAN/USDT:USDT,0.06244,21.0,0.06243,53.0,0.06251,21.0,0.06252,28.0
1753533655014,12:40:55.014,BAN/USDT:USDT,0.06244,21.0,0.06243,53.0,0.0625,21.0,0.06251,27.0
1753533655462,12:40:55.462,BAN/USDT:USDT,0.06244,21.0,0.06243,53.0,0.0625,21.0,0.06251,27.0
1753533657230,12:40:57.230,BAN/USDT:USDT,0.06244,21.0,0.06243,53.0,0.0625,21.0,0.06251,21.0
1753533657259,12:40:57.259,BAN/USDT:USDT,0.06244,21.0,0.06243,53.0,0.06253,22.0,0.06254,259.0
1753533657444,12:40:57.444,BAN/USDT:USDT,0.06244,21.0,0.06243,53.0,0.0625,22.0,0.06253,22.0
1753533657594,12:40:57.594,BAN/USDT:USDT,0.06244,53.0,0.06243,21.0,0.06252,22.0,0.06253,102.0
1753533657738,12:40:57.738,BAN/USDT:USDT,0.06242,54.0,0.0624,21.0,0.06251,22.0,0.06252,108.0
1753533657755,12:40:57.755,BAN/USDT:USDT,0.06243,22.0,0.06242,54.0,0.06251,22.0,0.06252,108.0
1753533659038,12:40:59.038,BAN/USDT:USDT,0.06243,22.0,0.06242,54.0,0.06251,22.0,0.06252,108.0
1753533659451,12:40:59.451,BAN/USDT:USDT,0.06243,22.0,0.06242,54.0,0.06251,22.0,0.06252,108.0
1753533660453,12:41:00.453,BAN/USDT:USDT,0.06243,22.0,0.06242,54.0,0.06251,22.0,0.06252,108.0
1753533660577,12:41:00.577,BAN/USDT:USDT,0.06243,22.0,0.06242,54.0,0.06251,22.0,0.06252,108.0
1753533660999,12:41:00.999,BAN/USDT:USDT,0.06243,22.0,0.06242,54.0,0.0625,22.0,0.06251,102.0
1753533662018,12:41:02.018,BAN/USDT:USDT,0.06243,22.0,0.06242,54.0,0.0625,22.0,0.06251,102.0
1753533662928,12:41:02.928,BAN/USDT:USDT,0.06243,22.0,0.06242,54.0,0.06249,22.0,0.0625,102.0
1753533663586,12:41:03.586,BAN/USDT:USDT,0.06243,22.0,0.06242,54.0,0.06249,22.0,0.0625,102.0
1753533664170,12:41:04.170,BAN/USDT:USDT,0.06243,22.0,0.06242,54.0,0.06249,22.0,0.0625,102.0
1753533666124,12:41:06.124,BAN/USDT:USDT,0.06242,22.0,0.06241,32.0,0.06248,22.0,0.06249,182.0
1753533666314,12:41:06.314,BAN/USDT:USDT,0.06242,22.0,0.06241,32.0,0.06248,22.0,0.06249,182.0
1753533668535,12:41:08.535,BAN/USDT:USDT,0.06242,22.0,0.06241,32.0,0.06248,22.0,0.06249,102.0
1753533669119,12:41:09.119,BAN/USDT:USDT,0.06242,22.0,0.06241,32.0,0.06253,22.0,0.06254,259.0
1753533669194,12:41:09.194,BAN/USDT:USDT,0.06243,53.0,0.0624,21.0,0.06252,22.0,0.06253,182.0
1753533669902,12:41:09.902,BAN/USDT:USDT,0.06243,53.0,0.0624,21.0,0.06252,22.0,0.06253,182.0
1753533671851,12:41:11.851,BAN/USDT:USDT,0.06243,53.0,0.0624,21.0,0.06252,102.0,0.06253,182.0
1753533671856,12:41:11.856,BAN/USDT:USDT,0.06243,53.0,0.0624,21.0,0.06251,22.0,0.06252,102.0
1753533673330,12:41:13.330,BAN/USDT:USDT,0.06243,53.0,0.0624,21.0,0.06251,22.0,0.06252,102.0
1753533673846,12:41:13.846,BAN/USDT:USDT,0.06243,53.0,0.0624,21.0,0.06251,22.0,0.06252,102.0
1753533673948,12:41:13.948,BAN/USDT:USDT,0.06244,22.0,0.06243,53.0,0.06251,22.0,0.06252,102.0
1753533674036,12:41:14.036,BAN/USDT:USDT,0.06243,22.0,0.06242,53.0,0.0625,22.0,0.06251,102.0
1753533674121,12:41:14.121,BAN/USDT:USDT,0.06243,22.0,0.06242,53.0,0.06249,22.0,0.0625,102.0
1753533675044,12:41:15.044,BAN/USDT:USDT,0.06243,22.0,0.06242,53.0,0.06249,22.0,0.0625,102.0
1753533675152,12:41:15.152,BAN/USDT:USDT,0.06243,22.0,0.06242,53.0,0.06249,22.0,0.0625,102.0
1753533677204,12:41:17.204,BAN/USDT:USDT,0.06243,22.0,0.06242,53.0,0.06249,22.0,0.0625,102.0
1753533677494,12:41:17.494,BAN/USDT:USDT,0.06242,22.0,0.06241,31.0,0.06248,21.0,0.06249,102.0
1753533677980,12:41:17.980,BAN/USDT:USDT,0.06242,22.0,0.06241,31.0,0.06248,21.0,0.06249,102.0
1753533679406,12:41:19.406,BAN/USDT:USDT,0.06242,22.0,0.06241,31.0,0.06248,21.0,0.06249,102.0
1753533680001,12:41:20.001,BAN/USDT:USDT,0.06242,22.0,0.06241,31.0,0.06248,21.0,0.06249,102.0
1753533681123,12:41:21.123,BAN/USDT:USDT,0.06244,31.0,0.06243,21.0,0.06253,22.0,0.06254,259.0
1753533681633,12:41:21.633,BAN/USDT:USDT,0.06242,21.0,0.06241,31.0,0.06253,22.0,0.06254,259.0
1753533681747,12:41:21.747,BAN/USDT:USDT,0.06243,52.0,0.06242,21.0,0.06252,21.0,0.06253,182.0
1753533683786,12:41:23.786,BAN/USDT:USDT,0.06243,52.0,0.0624,21.0,0.06252,21.0,0.06253,182.0
1753533684028,12:41:24.028,BAN/USDT:USDT,0.06243,52.0,0.0624,21.0,0.06252,21.0,0.06253,182.0
1753533684114,12:41:24.114,BAN/USDT:USDT,0.06243,52.0,0.0624,21.0,0.06251,21.0,0.06252,108.0
1753533685330,12:41:25.330,BAN/USDT:USDT,0.06243,52.0,0.0624,21.0,0.06251,101.0,0.06252,108.0
1753533685433,12:41:25.433,BAN/USDT:USDT,0.06243,21.0,0.06242,52.0,0.06249,21.0,0.0625,101.0
1753533686049,12:41:26.049,BAN/USDT:USDT,0.06243,21.0,0.06242,52.0,0.06249,21.0,0.0625,101.0
1753533686050,12:41:26.050,BAN/USDT:USDT,0.06243,21.0,0.06242,52.0,0.06249,21.0,0.0625,101.0
1753533688535,12:41:28.535,BAN/USDT:USDT,0.06242,21.0,0.06241,31.0,0.06248,21.0,0.06249,101.0
1753533688874,12:41:28.874,BAN/USDT:USDT,0.06242,21.0,0.06241,31.0,0.06248,21.0,0.06249,101.0
1753533689569,12:41:29.569,BAN/USDT:USDT,0.06242,21.0,0.06241,31.0,0.06248,21.0,0.06249,101.0
1753533690332,12:41:30.332,BAN/USDT:USDT,0.06242,21.0,0.06241,31.0,0.06248,21.0,0.06249,101.0
1753533690522,12:41:30.522,BAN/USDT:USDT,0.06242,21.0,0.0624,52.0,0.06247,21.0,0.06248,101.0
1753533690557,12:41:30.557,BAN/USDT:USDT,0.06242,21.0,0.0624,52.0,0.06247,21.0,0.06248,21.0
1753533690678,12:41:30.678,BAN/USDT:USDT,0.06242,21.0,0.0624,52.0,0.06247,21.0,0.06248,21.0
1753533690826,12:41:30.826,BAN/USDT:USDT,0.06242,21.0,0.0624,52.0,0.06248,21.0,0.06249,101.0
1753533690904,12:41:30.904,BAN/USDT:USDT,0.06242,21.0,0.0624,52.0,0.06248,21.0,0.06249,101.0
1753533691010,12:41:31.010,BAN/USDT:USDT,0.06242,21.0,0.0624,52.0,0.06247,21.0,0.06248,101.0
1753533691059,12:41:31.059,BAN/USDT:USDT,0.06242,21.0,0.0624,52.0,0.06247,21.0,0.06248,21.0
1753533691162,12:41:31.162,BAN/USDT:USDT,0.06242,21.0,0.0624,52.0,0.06248,21.0,0.06249,101.0
1753533692528,12:41:32.528,BAN/USDT:USDT,0.06242,21.0,0.0624,52.0,0.06248,21.0,0.06249,101.0
1753533692924,12:41:32.924,BAN/USDT:USDT,0.06242,21.0,0.0624,52.0,0.06248,21.0,0.06249,101.0
1753533693140,12:41:33.140,BAN/USDT:USDT,0.06242,21.0,0.0624,52.0,0.06247,21.0,0.06248,101.0
1753533694138,12:41:34.138,BAN/USDT:USDT,0.06242,21.0,0.0624,52.0,0.06247,21.0,0.06248,101.0
1753533694697,12:41:34.697,BAN/USDT:USDT,0.06242,21.0,0.0624,52.0,0.06247,21.0,0.06248,101.0
1753533694951,12:41:34.951,BAN/USDT:USDT,0.06242,21.0,0.0624,52.0,0.06247,21.0,0.06248,101.0
1753533694951,12:41:34.951,BAN/USDT:USDT,0.06242,21.0,0.0624,52.0,0.06247,21.0,0.06248,101.0
1753533696868,12:41:36.868,BAN/USDT:USDT,0.06242,21.0,0.0624,52.0,0.06247,21.0,0.06248,101.0
1753533697400,12:41:37.400,BAN/USDT:USDT,0.06242,21.0,0.0624,52.0,0.06246,21.0,0.06247,21.0
1753533697547,12:41:37.547,BAN/USDT:USDT,0.06242,21.0,0.0624,52.0,0.06247,21.0,0.06248,21.0
1753533697552,12:41:37.552,BAN/USDT:USDT,0.06242,21.0,0.0624,52.0,0.06247,80.0,0.06248,21.0
1753533697710,12:41:37.710,BAN/USDT:USDT,0.06242,21.0,0.0624,52.0,0.06246,21.0,0.06248,21.0
1753533697944,12:41:37.944,BAN/USDT:USDT,0.06244,52.0,0.06242,21.0,0.06252,21.0,0.06253,182.0
1753533698042,12:41:38.042,BAN/USDT:USDT,0.06244,21.0,0.06243,31.0,0.06251,21.0,0.06252,101.0
1753533699047,12:41:39.047,BAN/USDT:USDT,0.06244,21.0,0.06243,31.0,0.06251,21.0,0.06252,101.0
1753533699050,12:41:39.050,BAN/USDT:USDT,0.06244,21.0,0.06243,52.0,0.06251,21.0,0.06252,101.0
1753533700193,12:41:40.193,BAN/USDT:USDT,0.06244,21.0,0.06243,52.0,0.06251,21.0,0.06252,101.0
1753533700698,12:41:40.698,BAN/USDT:USDT,0.06244,21.0,0.06243,52.0,0.06251,21.0,0.06252,101.0
1753533701793,12:41:41.793,BAN/USDT:USDT,0.06244,21.0,0.06243,52.0,0.06251,21.0,0.06252,101.0
1753533702143,12:41:42.143,BAN/USDT:USDT,0.06244,52.0,0.06243,21.0,0.06253,22.0,0.06254,259.0
1753533702647,12:41:42.647,BAN/USDT:USDT,0.06245,52.0,0.06244,21.0,0.06253,22.0,0.06254,259.0
1753533703017,12:41:43.017,BAN/USDT:USDT,0.06245,52.0,0.06244,21.0,0.06253,22.0,0.06254,259.0
1753533703432,12:41:43.432,BAN/USDT:USDT,0.06245,52.0,0.06243,21.0,0.06253,22.0,0.06254,259.0
1753533703914,12:41:43.914,BAN/USDT:USDT,0.06245,21.0,0.06244,31.0,0.06252,21.0,0.06253,192.0
1753533704249,12:41:44.249,BAN/USDT:USDT,0.06245,21.0,0.06244,31.0,0.06252,21.0,0.06253,192.0
1753533705087,12:41:45.087,BAN/USDT:USDT,0.06245,21.0,0.06244,31.0,0.06252,21.0,0.06253,112.0
1753533705589,12:41:45.589,BAN/USDT:USDT,0.06245,21.0,0.06244,52.0,0.06251,21.0,0.06252,101.0
1753533705740,12:41:45.740,BAN/USDT:USDT,0.06245,21.0,0.06244,52.0,0.06251,21.0,0.06252,101.0
1753533705881,12:41:45.881,BAN/USDT:USDT,0.06245,21.0,0.06244,52.0,0.06251,21.0,0.06252,101.0
1753533706297,12:41:46.297,BAN/USDT:USDT,0.06245,21.0,0.06244,52.0,0.06251,21.0,0.06252,101.0
1753533706993,12:41:46.993,BAN/USDT:USDT,0.06245,21.0,0.06244,52.0,0.06251,21.0,0.06252,101.0
1753533707112,12:41:47.112,BAN/USDT:USDT,0.06245,21.0,0.06244,52.0,0.06251,21.0,0.06252,101.0
1753533707678,12:41:47.678,BAN/USDT:USDT,0.06245,21.0,0.06244,52.0,0.06251,21.0,0.06252,101.0
1753533708134,12:41:48.134,BAN/USDT:USDT,0.06244,21.0,0.06241,31.0,0.0625,21.0,0.06251,101.0
1753533708151,12:41:48.151,BAN/USDT:USDT,0.06244,21.0,0.06241,31.0,0.0625,21.0,0.06251,101.0
1753533708328,12:41:48.328,BAN/USDT:USDT,0.06244,21.0,0.06241,31.0,0.0625,21.0,0.06251,101.0
1753533708742,12:41:48.742,BAN/USDT:USDT,0.06245,21.0,0.06244,52.0,0.06251,249.0,0.06252,21.0
1753533708930,12:41:48.930,BAN/USDT:USDT,0.06244,21.0,0.06241,31.0,0.0625,21.0,0.06251,160.0
1753533709154,12:41:49.154,BAN/USDT:USDT,0.06244,21.0,0.06241,31.0,0.0625,21.0,0.06251,160.0
1753533709418,12:41:49.418,BAN/USDT:USDT,0.06244,21.0,0.06241,31.0,0.0625,21.0,0.06251,160.0
1753533709569,12:41:49.569,BAN/USDT:USDT,0.06244,21.0,0.06241,31.0,0.0625,21.0,0.06251,160.0
1753533709807,12:41:49.807,BAN/USDT:USDT,0.06244,21.0,0.06241,31.0,0.06249,21.0,0.0625,21.0
1753533709907,12:41:49.907,BAN/USDT:USDT,0.06244,21.0,0.06241,31.0,0.0625,21.0,0.06251,101.0
1753533709984,12:41:49.984,BAN/USDT:USDT,0.06244,21.0,0.06241,31.0,0.0625,21.0,0.06251,101.0
1753533711235,12:41:51.235,BAN/USDT:USDT,0.06244,21.0,0.06241,31.0,0.06249,21.0,0.0625,21.0
1753533711379,12:41:51.379,BAN/USDT:USDT,0.06244,21.0,0.06241,31.0,0.0625,21.0,0.06251,101.0
1753533714083,12:41:54.083,BAN/USDT:USDT,0.06244,21.0,0.06241,31.0,0.06249,21.0,0.0625,101.0
1753533714300,12:41:54.300,BAN/USDT:USDT,0.06244,21.0,0.06241,31.0,0.0625,80.0,0.06253,22.0
1753533714477,12:41:54.477,BAN/USDT:USDT,0.06244,21.0,0.06241,31.0,0.06249,21.0,0.06253,22.0
1753533714645,12:41:54.645,BAN/USDT:USDT,0.06244,52.0,0.0624,21.0,0.06252,21.0,0.06253,188.0
1753533714689,12:41:54.689,BAN/USDT:USDT,0.06244,52.0,0.0624,21.0,0.06252,21.0,0.06253,188.0
1753533714829,12:41:54.829,BAN/USDT:USDT,0.06243,21.0,0.06242,52.0,0.06251,21.0,0.06252,101.0
1753533714854,12:41:54.854,BAN/USDT:USDT,0.06243,21.0,0.06242,52.0,0.06251,21.0,0.06252,101.0
1753533715270,12:41:55.270,BAN/USDT:USDT,0.06243,21.0,0.06242,52.0,0.06251,21.0,0.06252,101.0
1753533715687,12:41:55.687,BAN/USDT:USDT,0.06243,21.0,0.06242,52.0,0.06251,21.0,0.06252,101.0
1753533716783,12:41:56.783,BAN/USDT:USDT,0.06243,21.0,0.06242,52.0,0.06251,21.0,0.06252,101.0
1753533716902,12:41:56.902,BAN/USDT:USDT,0.06243,21.0,0.06242,52.0,0.06251,21.0,0.06252,101.0
1753533717319,12:41:57.319,BAN/USDT:USDT,0.06243,21.0,0.06242,52.0,0.06251,21.0,0.06252,101.0
1753533717816,12:41:57.816,BAN/USDT:USDT,0.06243,21.0,0.06242,52.0,0.0625,22.0,0.06251,101.0
1753533718613,12:41:58.613,BAN/USDT:USDT,0.06243,21.0,0.06242,52.0,0.0625,22.0,0.06251,101.0
1753533718760,12:41:58.760,BAN/USDT:USDT,0.06243,21.0,0.06242,52.0,0.06249,22.0,0.0625,182.0
1753533719233,12:41:59.233,BAN/USDT:USDT,0.06243,21.0,0.06242,52.0,0.0625,22.0,0.06251,101.0
1753533720111,12:42:00.111,BAN/USDT:USDT,0.06243,21.0,0.06242,52.0,0.06249,22.0,0.0625,102.0
1753533720435,12:42:00.435,BAN/USDT:USDT,0.06243,21.0,0.06242,52.0,0.0625,22.0,0.06251,101.0
1753533720460,12:42:00.460,BAN/USDT:USDT,0.06243,21.0,0.06242,52.0,0.0625,22.0,0.06251,101.0
1753533720778,12:42:00.778,BAN/USDT:USDT,0.06243,21.0,0.06242,52.0,0.0625,22.0,0.06251,101.0
1753533721521,12:42:01.521,BAN/USDT:USDT,0.06244,22.0,0.06243,52.0,0.06251,80.0,0.06252,22.0
1753533721629,12:42:01.629,BAN/USDT:USDT,0.06244,22.0,0.06243,52.0,0.0625,22.0,0.06251,80.0
1753533721972,12:42:01.972,BAN/USDT:USDT,0.06244,22.0,0.06243,52.0,0.06249,22.0,0.0625,102.0
1753533722934,12:42:02.934,BAN/USDT:USDT,0.06243,21.0,0.06241,31.0,0.06249,22.0,0.0625,102.0
1753533723048,12:42:03.048,BAN/USDT:USDT,0.06243,21.0,0.06241,31.0,0.06249,22.0,0.0625,102.0
1753533723233,12:42:03.233,BAN/USDT:USDT,0.06243,21.0,0.06241,31.0,0.06249,22.0,0.0625,102.0
1753533723259,12:42:03.259,BAN/USDT:USDT,0.06243,21.0,0.06241,31.0,0.06249,22.0,0.0625,102.0
1753533724247,12:42:04.247,BAN/USDT:USDT,0.06243,21.0,0.06241,31.0,0.06248,22.0,0.06249,102.0
1753533724300,12:42:04.300,BAN/USDT:USDT,0.06243,21.0,0.06241,31.0,0.06248,22.0,0.06249,22.0
1753533724434,12:42:04.434,BAN/USDT:USDT,0.06244,22.0,0.06243,52.0,0.06251,22.0,0.06252,102.0
1753533724620,12:42:04.620,BAN/USDT:USDT,0.06244,22.0,0.06243,52.0,0.06251,22.0,0.06252,102.0
1753533724664,12:42:04.664,BAN/USDT:USDT,0.06244,22.0,0.06243,52.0,0.06251,22.0,0.06252,102.0
1753533725234,12:42:05.234,BAN/USDT:USDT,0.06244,22.0,0.06243,52.0,0.0625,22.0,0.06251,182.0
1753533729144,12:42:09.144,BAN/USDT:USDT,0.06244,22.0,0.06243,21.0,0.06252,22.0,0.06254,259.0
1753533729237,12:42:09.237,BAN/USDT:USDT,0.06244,32.0,0.06243,21.0,0.06254,21.0,0.06255,21.0
1753533729343,12:42:09.343,BAN/USDT:USDT,0.06246,21.0,0.06245,53.0,0.06254,181.0,0.06255,110.0
1753533729429,12:42:09.429,BAN/USDT:USDT,0.06246,21.0,0.06245,53.0,0.06253,21.0,0.06254,181.0
1753533729532,12:42:09.532,BAN/USDT:USDT,0.06245,21.0,0.06241,32.0,0.06251,21.0,0.06252,54.0
1753533729642,12:42:09.642,BAN/USDT:USDT,0.06245,53.0,0.0624,21.0,0.06253,21.0,0.06254,181.0
1753533729654,12:42:09.654,BAN/USDT:USDT,0.06246,21.0,0.06245,53.0,0.06253,21.0,0.06254,181.0
1753533730297,12:42:10.297,BAN/USDT:USDT,0.06246,21.0,0.06245,53.0,0.06253,21.0,0.06254,181.0
1753533730516,12:42:10.516,BAN/USDT:USDT,0.06246,21.0,0.06245,53.0,0.06253,21.0,0.06254,181.0
1753533730557,12:42:10.557,BAN/USDT:USDT,0.06246,21.0,0.06245,53.0,0.06253,21.0,0.06254,181.0
1753533731977,12:42:11.977,BAN/USDT:USDT,0.06246,21.0,0.06245,53.0,0.06253,21.0,0.06254,181.0
1753533733169,12:42:13.169,BAN/USDT:USDT,0.06246,21.0,0.06245,53.0,0.06253,21.0,0.06254,181.0
1753533733336,12:42:13.336,BAN/USDT:USDT,0.06246,21.0,0.06245,53.0,0.06253,21.0,0.06254,101.0
1753533733388,12:42:13.388,BAN/USDT:USDT,0.06246,21.0,0.06245,53.0,0.06253,21.0,0.06254,101.0
1753533733459,12:42:13.459,BAN/USDT:USDT,0.06246,21.0,0.06245,53.0,0.06253,21.0,0.06254,101.0
1753533733974,12:42:13.974,BAN/USDT:USDT,0.06246,21.0,0.06245,53.0,0.06252,21.0,0.06253,261.0
1753533734057,12:42:14.057,BAN/USDT:USDT,0.06246,21.0,0.06245,53.0,0.06252,21.0,0.06253,261.0
1753533735248,12:42:15.248,BAN/USDT:USDT,0.06246,21.0,0.06245,21.0,0.06251,21.0,0.06252,31.0
1753533735254,12:42:15.254,BAN/USDT:USDT,0.06245,21.0,0.06241,32.0,0.06251,21.0,0.06252,31.0
1753533735534,12:42:15.534,BAN/USDT:USDT,0.06245,21.0,0.06241,32.0,0.06251,21.0,0.06252,31.0
1753533735920,12:42:15.920,BAN/USDT:USDT,0.06245,21.0,0.06241,32.0,0.06251,21.0,0.06252,31.0
1753533737122,12:42:17.122,BAN/USDT:USDT,0.06245,21.0,0.06241,32.0,0.06251,21.0,0.06252,31.0
1753533737408,12:42:17.408,BAN/USDT:USDT,0.06245,21.0,0.06241,32.0,0.0625,21.0,0.06251,21.0
1753533737535,12:42:17.535,BAN/USDT:USDT,0.06245,21.0,0.06241,32.0,0.06249,21.0,0.0625,21.0
1753533737634,12:42:17.634,BAN/USDT:USDT,0.06245,21.0,0.06241,32.0,0.06252,21.0,0.06253,21.0
1753533737736,12:42:17.736,BAN/USDT:USDT,0.06246,21.0,0.06245,53.0,0.06253,170.0,0.06255,21.0
1753533737815,12:42:17.815,BAN/USDT:USDT,0.06246,21.0,0.06245,53.0,0.06252,21.0,0.06253,250.0
1753533741109,12:42:21.109,BAN/USDT:USDT,0.06246,21.0,0.06245,53.0,0.06252,21.0,0.06253,10.0
1753533741175,12:42:21.175,BAN/USDT:USDT,0.06246,21.0,0.06245,53.0,0.06252,21.0,0.06253,10.0
1753533741294,12:42:21.294,BAN/USDT:USDT,0.06245,21.0,0.06241,32.0,0.06251,21.0,0.06252,31.0
1753533741361,12:42:21.361,BAN/USDT:USDT,0.06245,21.0,0.06241,32.0,0.06251,21.0,0.06252,31.0
1753533741619,12:42:21.619,BAN/USDT:USDT,0.06245,21.0,0.06241,32.0,0.06251,21.0,0.06252,31.0
1753533743988,12:42:23.988,BAN/USDT:USDT,0.06245,21.0,0.06241,32.0,0.06251,21.0,0.06252,31.0
1753533744409,12:42:24.409,BAN/USDT:USDT,0.06245,21.0,0.06241,32.0,0.06251,21.0,0.06252,31.0
1753533746042,12:42:26.042,BAN/USDT:USDT,0.06246,32.0,0.06245,21.0,0.06255,101.0,0.06256,57.0
1753533746122,12:42:26.122,BAN/USDT:USDT,0.06247,21.0,0.06246,53.0,0.06254,21.0,0.06255,111.0
1753533746359,12:42:26.359,BAN/USDT:USDT,0.06247,21.0,0.06246,53.0,0.06254,21.0,0.06255,111.0
1753533746496,12:42:26.496,BAN/USDT:USDT,0.06247,21.0,0.06246,53.0,0.06254,21.0,0.06255,111.0
1753533746608,12:42:26.608,BAN/USDT:USDT,0.06246,21.0,0.06245,53.0,0.06252,22.0,0.06253,52.0
1753533746743,12:42:26.743,BAN/USDT:USDT,0.06245,21.0,0.06241,32.0,0.0625,22.0,0.06251,74.0
1753533746825,12:42:26.825,BAN/USDT:USDT,0.06245,21.0,0.06241,32.0,0.06251,22.0,0.06254,21.0
1753533746915,12:42:26.915,BAN/USDT:USDT,0.06246,22.0,0.06245,53.0,0.06254,80.0,0.06255,21.0
1753533747086,12:42:27.086,BAN/USDT:USDT,0.06246,22.0,0.06245,53.0,0.06252,22.0,0.06253,22.0
1753533747238,12:42:27.238,BAN/USDT:USDT,0.06245,21.0,0.06241,32.0,0.0625,22.0,0.06251,52.0
1753533747334,12:42:27.334,BAN/USDT:USDT,0.06245,21.0,0.06241,32.0,0.06252,80.0,0.06255,21.0
1753533747499,12:42:27.499,BAN/USDT:USDT,0.06245,21.0,0.06241,32.0,0.0625,22.0,0.06251,22.0
1753533747647,12:42:27.647,BAN/USDT:USDT,0.06245,21.0,0.06241,32.0,0.06251,22.0,0.06255,21.0
1753533747654,12:42:27.654,BAN/USDT:USDT,0.06245,21.0,0.06241,32.0,0.06251,90.0,0.06255,21.0
1753533747824,12:42:27.824,BAN/USDT:USDT,0.06245,21.0,0.06241,32.0,0.0625,22.0,0.06255,21.0
1753533747994,12:42:27.994,BAN/USDT:USDT,0.06246,54.0,0.06245,21.0,0.06254,22.0,0.06255,191.0
1753533748057,12:42:28.057,BAN/USDT:USDT,0.06246,54.0,0.06245,21.0,0.06254,22.0,0.06255,191.0
1753533748234,12:42:28.234,BAN/USDT:USDT,0.06246,22.0,0.06245,53.0,0.06251,22.0,0.06252,102.0
1753533748326,12:42:28.326,BAN/USDT:USDT,0.06245,21.0,0.06241,32.0,0.06249,22.0,0.0625,52.0
1753533748432,12:42:28.432,BAN/USDT:USDT,0.06245,21.0,0.06241,32.0,0.06252,22.0,0.06254,22.0
1753533748480,12:42:28.480,BAN/USDT:USDT,0.06246,22.0,0.06245,53.0,0.06254,90.0,0.06255,21.0
1753533748634,12:42:28.634,BAN/USDT:USDT,0.06246,22.0,0.06245,53.0,0.06252,22.0,0.06253,102.0
1753533748695,12:42:28.695,BAN/USDT:USDT,0.06245,21.0,0.06241,32.0,0.0625,22.0,0.06251,52.0
1753533748831,12:42:28.831,BAN/USDT:USDT,0.06245,21.0,0.06241,32.0,0.06253,22.0,0.06255,21.0
1753533748893,12:42:28.893,BAN/USDT:USDT,0.06247,54.0,0.06246,22.0,0.06254,22.0,0.06255,191.0
1753533749028,12:42:29.028,BAN/USDT:USDT,0.06246,22.0,0.06241,32.0,0.06253,22.0,0.06254,102.0
1753533749062,12:42:29.062,BAN/USDT:USDT,0.06246,22.0,0.06241,32.0,0.06251,22.0,0.06252,52.0
1753533749225,12:42:29.225,BAN/USDT:USDT,0.06246,22.0,0.06241,32.0,0.06253,80.0,0.06254,22.0
1753533749377,12:42:29.377,BAN/USDT:USDT,0.06246,22.0,0.06241,32.0,0.06252,22.0,0.06254,22.0
1753533749538,12:42:29.538,BAN/USDT:USDT,0.06246,54.0,0.0624,21.0,0.06253,22.0,0.06254,102.0
1753533750083,12:42:30.083,BAN/USDT:USDT,0.06246,22.0,0.06241,32.0,0.06252,22.0,0.06253,22.0
1753533750226,12:42:30.226,BAN/USDT:USDT,0.06246,22.0,0.06241,32.0,0.06253,22.0,0.06254,102.0
1753533751277,12:42:31.277,BAN/USDT:USDT,0.06246,22.0,0.06241,32.0,0.06253,22.0,0.06254,102.0
1753533752919,12:42:32.919,BAN/USDT:USDT,0.06246,22.0,0.06241,32.0,0.06252,22.0,0.06253,102.0
1753533752956,12:42:32.956,BAN/USDT:USDT,0.06246,22.0,0.06241,32.0,0.06252,22.0,0.06253,22.0
1753533753145,12:42:33.145,BAN/USDT:USDT,0.06246,22.0,0.06241,32.0,0.06253,170.0,0.06254,22.0
1753533753234,12:42:33.234,BAN/USDT:USDT,0.06246,22.0,0.06241,32.0,0.06252,22.0,0.06253,170.0
1753533753261,12:42:33.261,BAN/USDT:USDT,0.06246,22.0,0.06241,32.0,0.06252,22.0,0.06253,192.0
1753533755997,12:42:35.997,BAN/USDT:USDT,0.06246,22.0,0.06241,32.0,0.06252,22.0,0.06253,192.0
1753533756220,12:42:36.220,BAN/USDT:USDT,0.06246,22.0,0.06241,32.0,0.06252,22.0,0.06253,182.0
1753533757327,12:42:37.327,BAN/USDT:USDT,0.06246,22.0,0.06241,32.0,0.06252,22.0,0.06253,102.0
1753533757405,12:42:37.405,BAN/USDT:USDT,0.06246,54.0,0.0624,21.0,0.06255,21.0,0.06256,57.0
1753533757508,12:42:37.508,BAN/USDT:USDT,0.06246,54.0,0.0624,21.0,0.06254,22.0,0.06255,181.0
1753533757557,12:42:37.557,BAN/USDT:USDT,0.06246,54.0,0.0624,21.0,0.06254,22.0,0.06255,181.0
