timestamp,time,symbol,bid1_price,bid1_volume,bid2_price,bid2_volume,ask1_price,ask1_volume,ask2_price,ask2_volume
1753533019000,12:30:19.000,ACT/USDT:USDT,0.04592,887.0,0.04591,2133.0,0.04596,10.0,0.04597,184.0
1753533020080,12:30:20.080,ACT/USDT:USDT,0.04592,887.0,0.04591,2133.0,0.04596,10.0,0.04597,184.0
1753533021939,12:30:21.939,ACT/USDT:USDT,0.04592,887.0,0.04591,2133.0,0.04596,10.0,0.04597,184.0
1753533022638,12:30:22.638,ACT/USDT:USDT,0.04593,714.0,0.04592,2380.0,0.04596,10.0,0.04597,184.0
1753533022990,12:30:22.990,ACT/USDT:USDT,0.04593,714.0,0.04592,2380.0,0.04596,10.0,0.04597,184.0
1753533023820,12:30:23.820,ACT/USDT:USDT,0.04593,714.0,0.04592,2380.0,0.04596,10.0,0.04597,184.0
1753533027837,12:30:27.837,ACT/USDT:USDT,0.04593,714.0,0.04592,2188.0,0.04596,683.0,0.04597,184.0
1753533028458,12:30:28.458,ACT/USDT:USDT,0.04591,935.0,0.0459,3913.0,0.04596,683.0,0.04597,184.0
1753533028742,12:30:28.742,ACT/USDT:USDT,0.04591,935.0,0.0459,3913.0,0.04596,683.0,0.04597,184.0
1753533034072,12:30:34.072,ACT/USDT:USDT,0.04591,750.0,0.0459,3913.0,0.04595,185.0,0.04596,683.0
1753533034092,12:30:34.092,ACT/USDT:USDT,0.04591,750.0,0.0459,3913.0,0.04594,10.0,0.04595,185.0
1753533034238,12:30:34.238,ACT/USDT:USDT,0.0459,932.0,0.04589,3035.0,0.04594,10.0,0.04595,185.0
1753533034281,12:30:34.281,ACT/USDT:USDT,0.0459,932.0,0.04589,3035.0,0.04594,10.0,0.04595,185.0
1753533034450,12:30:34.450,ACT/USDT:USDT,0.0459,932.0,0.04589,3035.0,0.04594,10.0,0.04595,185.0
1753533035161,12:30:35.161,ACT/USDT:USDT,0.0459,942.0,0.04589,3035.0,0.04594,10.0,0.04595,185.0
1753533035267,12:30:35.267,ACT/USDT:USDT,0.0459,942.0,0.04589,3035.0,0.04594,10.0,0.04595,185.0
1753533045620,12:30:45.620,ACT/USDT:USDT,0.0459,942.0,0.04589,3035.0,0.04594,20.0,0.04595,185.0
1753533049464,12:30:49.464,ACT/USDT:USDT,0.0459,942.0,0.04589,3035.0,0.04594,20.0,0.04595,185.0
1753533049853,12:30:49.853,ACT/USDT:USDT,0.0459,942.0,0.04589,3035.0,0.04594,20.0,0.04595,185.0
1753533059674,12:30:59.674,ACT/USDT:USDT,0.0459,942.0,0.04589,3035.0,0.04594,20.0,0.04595,185.0
1753533060174,12:31:00.174,ACT/USDT:USDT,0.0459,932.0,0.04589,3035.0,0.04594,10.0,0.04595,185.0
1753533060325,12:31:00.325,ACT/USDT:USDT,0.0459,932.0,0.04589,3035.0,0.04594,10.0,0.04597,184.0
1753533060398,12:31:00.398,ACT/USDT:USDT,0.0459,932.0,0.04589,3035.0,0.04595,185.0,0.04596,10.0
1753533060488,12:31:00.488,ACT/USDT:USDT,0.0459,932.0,0.04589,3035.0,0.04594,20.0,0.04595,185.0
1753533060772,12:31:00.772,ACT/USDT:USDT,0.0459,750.0,0.04589,902.0,0.04594,20.0,0.04595,185.0
1753533060858,12:31:00.858,ACT/USDT:USDT,0.04589,55.0,0.04588,825.0,0.04594,673.0,0.04595,185.0
1753533060936,12:31:00.936,ACT/USDT:USDT,0.04589,55.0,0.04588,825.0,0.04593,185.0,0.04594,20.0
1753533061007,12:31:01.007,ACT/USDT:USDT,0.04588,880.0,0.04587,2133.0,0.04592,10.0,0.04593,185.0
1753533061110,12:31:01.110,ACT/USDT:USDT,0.04588,880.0,0.04587,2133.0,0.04592,30.0,0.04593,185.0
1753533061275,12:31:01.275,ACT/USDT:USDT,0.04588,825.0,0.04587,2188.0,0.04592,215.0,0.04593,185.0
1753533061319,12:31:01.319,ACT/USDT:USDT,0.04588,185.0,0.04587,750.0,0.04592,215.0,0.04593,185.0
1753533061379,12:31:01.379,ACT/USDT:USDT,0.04588,185.0,0.04587,750.0,0.04592,215.0,0.04593,185.0
1753533062144,12:31:02.144,ACT/USDT:USDT,0.04588,185.0,0.04587,750.0,0.04592,215.0,0.04593,185.0
1753533062570,12:31:02.570,ACT/USDT:USDT,0.04588,185.0,0.04587,750.0,0.04592,215.0,0.04593,185.0
1753533062818,12:31:02.818,ACT/USDT:USDT,0.04588,185.0,0.04587,750.0,0.04592,215.0,0.04595,185.0
1753533064197,12:31:04.197,ACT/USDT:USDT,0.04588,185.0,0.04587,750.0,0.04592,215.0,0.04595,185.0
1753533065286,12:31:05.286,ACT/USDT:USDT,0.04588,195.0,0.04587,750.0,0.04592,215.0,0.04595,185.0
1753533065419,12:31:05.419,ACT/USDT:USDT,0.04588,195.0,0.04587,750.0,0.04592,215.0,0.04595,185.0
1753533065846,12:31:05.846,ACT/USDT:USDT,0.04588,195.0,0.04587,750.0,0.04592,215.0,0.04595,185.0
1753533066066,12:31:06.066,ACT/USDT:USDT,0.04588,195.0,0.04587,2883.0,0.04592,215.0,0.04595,185.0
1753533066078,12:31:06.078,ACT/USDT:USDT,0.04588,851.0,0.04587,2188.0,0.04592,215.0,0.04595,185.0
1753533066639,12:31:06.639,ACT/USDT:USDT,0.04588,185.0,0.04587,750.0,0.04592,215.0,0.04595,185.0
1753533067338,12:31:07.338,ACT/USDT:USDT,0.04589,237.0,0.04588,1275.0,0.04592,10.0,0.04595,185.0
1753533067458,12:31:07.458,ACT/USDT:USDT,0.0459,958.0,0.04589,2315.0,0.04594,10.0,0.04595,185.0
1753533067499,12:31:07.499,ACT/USDT:USDT,0.0459,958.0,0.04589,3019.0,0.04594,10.0,0.04595,185.0
1753533067937,12:31:07.937,ACT/USDT:USDT,0.0459,958.0,0.04589,3019.0,0.04594,10.0,0.04597,184.0
1753533067998,12:31:07.998,ACT/USDT:USDT,0.0459,958.0,0.04589,3019.0,0.04596,192.0,0.04597,184.0
1753533068410,12:31:08.410,ACT/USDT:USDT,0.0459,958.0,0.04589,3019.0,0.04596,192.0,0.04597,184.0
1753533069017,12:31:09.017,ACT/USDT:USDT,0.04591,182.0,0.0459,958.0,0.04596,192.0,0.04597,184.0
1753533070064,12:31:10.064,ACT/USDT:USDT,0.04591,182.0,0.0459,3091.0,0.04596,192.0,0.04597,184.0
1753533070117,12:31:10.117,ACT/USDT:USDT,0.04592,192.0,0.04591,951.0,0.04596,10.0,0.04597,184.0
1753533070221,12:31:10.221,ACT/USDT:USDT,0.04592,192.0,0.04591,951.0,0.04596,10.0,0.04597,184.0
1753533070448,12:31:10.448,ACT/USDT:USDT,0.04592,192.0,0.04591,951.0,0.04596,10.0,0.04597,184.0
1753533070864,12:31:10.864,ACT/USDT:USDT,0.04592,192.0,0.04591,951.0,0.04596,10.0,0.04597,184.0
1753533071323,12:31:11.323,ACT/USDT:USDT,0.04592,192.0,0.04591,951.0,0.04596,20.0,0.04597,184.0
1753533071682,12:31:11.682,ACT/USDT:USDT,0.04592,192.0,0.04591,951.0,0.04596,20.0,0.04597,184.0
1753533073910,12:31:13.910,ACT/USDT:USDT,0.04592,192.0,0.04591,951.0,0.04596,20.0,0.04597,184.0
1753533074100,12:31:14.100,ACT/USDT:USDT,0.04592,192.0,0.04591,951.0,0.04596,20.0,0.04597,184.0
1753533075053,12:31:15.053,ACT/USDT:USDT,0.04592,192.0,0.04591,951.0,0.04596,20.0,0.04597,184.0
1753533075205,12:31:15.205,ACT/USDT:USDT,0.04592,192.0,0.04591,951.0,0.04596,202.0,0.04597,184.0
1753533075597,12:31:15.597,ACT/USDT:USDT,0.04592,10.0,0.04591,896.0,0.04596,212.0,0.04597,184.0
1753533076246,12:31:16.246,ACT/USDT:USDT,0.04592,10.0,0.04591,896.0,0.04596,212.0,0.04597,184.0
1753533078058,12:31:18.058,ACT/USDT:USDT,0.04592,889.0,0.04591,2315.0,0.04596,10.0,0.04597,184.0
1753533078079,12:31:18.079,ACT/USDT:USDT,0.04592,889.0,0.04591,2315.0,0.04596,10.0,0.04597,184.0
1753533078190,12:31:18.190,ACT/USDT:USDT,0.04592,889.0,0.04591,2370.0,0.04596,10.0,0.04597,184.0
1753533078994,12:31:18.994,ACT/USDT:USDT,0.04592,889.0,0.04591,2370.0,0.04596,10.0,0.04597,184.0
1753533082213,12:31:22.213,ACT/USDT:USDT,0.04592,889.0,0.04591,2370.0,0.04596,10.0,0.04597,184.0
1753533085666,12:31:25.666,ACT/USDT:USDT,0.04592,944.0,0.04591,2315.0,0.04596,10.0,0.04597,184.0
1753533093638,12:31:33.638,ACT/USDT:USDT,0.04593,183.0,0.04592,944.0,0.04596,10.0,0.04597,184.0
1753533093757,12:31:33.757,ACT/USDT:USDT,0.04593,248.0,0.04592,1959.0,0.04596,10.0,0.04598,183.0
1753533093782,12:31:33.782,ACT/USDT:USDT,0.04593,248.0,0.04592,1959.0,0.04597,10.0,0.04598,183.0
1753533094070,12:31:34.070,ACT/USDT:USDT,0.04593,248.0,0.04592,1959.0,0.04597,10.0,0.04598,183.0
1753533094242,12:31:34.242,ACT/USDT:USDT,0.04593,248.0,0.04592,1959.0,0.04597,10.0,0.04598,183.0
1753533095059,12:31:35.059,ACT/USDT:USDT,0.04593,1267.0,0.04592,3397.0,0.04597,10.0,0.04598,183.0
1753533095333,12:31:35.333,ACT/USDT:USDT,0.04594,183.0,0.04593,1267.0,0.04597,10.0,0.04598,183.0
1753533095402,12:31:35.402,ACT/USDT:USDT,0.04594,183.0,0.04593,1267.0,0.04597,10.0,0.04598,183.0
1753533095739,12:31:35.739,ACT/USDT:USDT,0.04594,183.0,0.04593,1267.0,0.04597,10.0,0.04598,183.0
1753533096166,12:31:36.166,ACT/USDT:USDT,0.04594,183.0,0.04593,1267.0,0.04597,10.0,0.04598,183.0
1753533097260,12:31:37.260,ACT/USDT:USDT,0.04594,183.0,0.04593,1267.0,0.04597,10.0,0.04598,183.0
1753533097278,12:31:37.278,ACT/USDT:USDT,0.04594,183.0,0.04593,1267.0,0.04597,10.0,0.04598,183.0
1753533098389,12:31:38.389,ACT/USDT:USDT,0.04594,193.0,0.04593,1257.0,0.04597,10.0,0.04598,183.0
1753533101634,12:31:41.634,ACT/USDT:USDT,0.04594,193.0,0.04593,1257.0,0.04597,10.0,0.04598,183.0
1753533105640,12:31:45.640,ACT/USDT:USDT,0.04595,248.0,0.04594,193.0,0.04597,10.0,0.046,183.0
1753533105751,12:31:45.751,ACT/USDT:USDT,0.04595,238.0,0.04594,183.0,0.04599,197.0,0.046,183.0
1753533105844,12:31:45.844,ACT/USDT:USDT,0.04595,238.0,0.04594,878.0,0.04599,197.0,0.046,183.0
1753533105975,12:31:45.975,ACT/USDT:USDT,0.04595,238.0,0.04594,878.0,0.04599,197.0,0.046,183.0
1753533106038,12:31:46.038,ACT/USDT:USDT,0.04595,238.0,0.04594,878.0,0.04599,197.0,0.046,183.0
1753533106295,12:31:46.295,ACT/USDT:USDT,0.04595,248.0,0.04594,878.0,0.04599,207.0,0.046,183.0
1753533107271,12:31:47.271,ACT/USDT:USDT,0.04595,248.0,0.04594,878.0,0.04599,197.0,0.046,183.0
1753533107572,12:31:47.572,ACT/USDT:USDT,0.04595,248.0,0.04594,878.0,0.04599,197.0,0.04602,181.0
1753533107577,12:31:47.577,ACT/USDT:USDT,0.04595,193.0,0.04594,933.0,0.04599,197.0,0.04602,181.0
1753533107910,12:31:47.910,ACT/USDT:USDT,0.04595,193.0,0.04594,933.0,0.04599,197.0,0.04602,181.0
1753533119145,12:31:59.145,ACT/USDT:USDT,0.04594,933.0,0.04593,3019.0,0.04599,197.0,0.04602,181.0
1753533119500,12:31:59.500,ACT/USDT:USDT,0.04594,878.0,0.04593,3074.0,0.04598,189.0,0.04599,197.0
1753533119675,12:31:59.675,ACT/USDT:USDT,0.04594,878.0,0.04593,3074.0,0.04597,10.0,0.04598,189.0
1753533119996,12:31:59.996,ACT/USDT:USDT,0.04594,878.0,0.04593,3074.0,0.04597,10.0,0.04598,189.0
1753533120559,12:32:00.559,ACT/USDT:USDT,0.04594,888.0,0.04593,3074.0,0.04597,10.0,0.04598,189.0
1753533120902,12:32:00.902,ACT/USDT:USDT,0.04594,888.0,0.04593,3074.0,0.04597,10.0,0.04598,189.0
1753533121068,12:32:01.068,ACT/USDT:USDT,0.04594,943.0,0.04593,3019.0,0.04597,10.0,0.04599,187.0
1753533121085,12:32:01.085,ACT/USDT:USDT,0.04594,943.0,0.04593,3019.0,0.04598,10.0,0.04599,187.0
1753533121510,12:32:01.510,ACT/USDT:USDT,0.04594,943.0,0.04593,3019.0,0.04598,10.0,0.04599,187.0
1753533122874,12:32:02.874,ACT/USDT:USDT,0.04594,943.0,0.04593,3019.0,0.04598,199.0,0.04599,187.0
1753533122914,12:32:02.914,ACT/USDT:USDT,0.04594,888.0,0.04593,3074.0,0.04598,199.0,0.04599,187.0
1753533123374,12:32:03.374,ACT/USDT:USDT,0.04594,695.0,0.04593,3074.0,0.04597,189.0,0.04598,199.0
1753533123438,12:32:03.438,ACT/USDT:USDT,0.04592,879.0,0.04591,3968.0,0.04596,20.0,0.04597,189.0
1753533123498,12:32:03.498,ACT/USDT:USDT,0.04592,879.0,0.04591,2370.0,0.04596,20.0,0.04597,189.0
1753533123675,12:32:03.675,ACT/USDT:USDT,0.04592,934.0,0.04591,2315.0,0.04596,20.0,0.04598,189.0
1753533123683,12:32:03.683,ACT/USDT:USDT,0.04592,934.0,0.04591,2315.0,0.04596,10.0,0.04597,10.0
1753533124190,12:32:04.190,ACT/USDT:USDT,0.04592,934.0,0.04591,2315.0,0.04596,10.0,0.04597,10.0
1753533124682,12:32:04.682,ACT/USDT:USDT,0.04592,934.0,0.04591,2315.0,0.04596,10.0,0.04597,10.0
1753533126248,12:32:06.248,ACT/USDT:USDT,0.04592,934.0,0.04591,2315.0,0.04596,10.0,0.04597,10.0
1753533126282,12:32:06.282,ACT/USDT:USDT,0.04592,934.0,0.04591,2315.0,0.04596,10.0,0.04598,10.0
1753533126569,12:32:06.569,ACT/USDT:USDT,0.04592,944.0,0.04591,2315.0,0.04596,10.0,0.04598,10.0
1753533128559,12:32:08.559,ACT/USDT:USDT,0.04592,889.0,0.04591,2370.0,0.04596,191.0,0.04598,10.0
1753533128632,12:32:08.632,ACT/USDT:USDT,0.04592,879.0,0.04591,2370.0,0.04595,10.0,0.04596,191.0
1753533128771,12:32:08.771,ACT/USDT:USDT,0.04592,879.0,0.04591,2370.0,0.04595,10.0,0.04596,191.0
1753533129175,12:32:09.175,ACT/USDT:USDT,0.04592,879.0,0.04591,2370.0,0.04595,10.0,0.04596,191.0
1753533133345,12:32:13.345,ACT/USDT:USDT,0.04592,879.0,0.04591,2370.0,0.04595,10.0,0.04596,191.0
1753533133649,12:32:13.649,ACT/USDT:USDT,0.04592,879.0,0.04591,2370.0,0.04595,10.0,0.04596,191.0
1753533134074,12:32:14.074,ACT/USDT:USDT,0.04592,879.0,0.04591,2370.0,0.04595,20.0,0.04596,181.0
1753533134218,12:32:14.218,ACT/USDT:USDT,0.04593,55.0,0.04592,879.0,0.04595,10.0,0.04599,187.0
1753533134297,12:32:14.297,ACT/USDT:USDT,0.04592,934.0,0.04591,2315.0,0.04595,10.0,0.04596,10.0
1753533135347,12:32:15.347,ACT/USDT:USDT,0.04592,934.0,0.04591,2315.0,0.04595,10.0,0.04598,10.0
1753533136169,12:32:16.169,ACT/USDT:USDT,0.04592,934.0,0.04591,2315.0,0.04595,10.0,0.04598,10.0
1753533139240,12:32:19.240,ACT/USDT:USDT,0.04592,934.0,0.04591,2315.0,0.04597,181.0,0.04598,10.0
1753533139317,12:32:19.317,ACT/USDT:USDT,0.04592,879.0,0.04591,2370.0,0.04596,30.0,0.04597,181.0
1753533139406,12:32:19.406,ACT/USDT:USDT,0.04592,879.0,0.04591,2370.0,0.04596,30.0,0.04597,181.0
1753533139690,12:32:19.690,ACT/USDT:USDT,0.04592,879.0,0.04591,2370.0,0.04596,30.0,0.04599,187.0
1753533139798,12:32:19.798,ACT/USDT:USDT,0.04592,934.0,0.04591,2315.0,0.04596,20.0,0.04598,10.0
1753533140226,12:32:20.226,ACT/USDT:USDT,0.04592,934.0,0.04591,2315.0,0.04596,20.0,0.04598,10.0
1753533140619,12:32:20.619,ACT/USDT:USDT,0.04592,934.0,0.04591,2315.0,0.04596,20.0,0.04598,10.0
1753533140717,12:32:20.717,ACT/USDT:USDT,0.04592,934.0,0.04591,2315.0,0.04596,20.0,0.04598,10.0
1753533141066,12:32:21.066,ACT/USDT:USDT,0.04592,934.0,0.04591,2315.0,0.04596,20.0,0.04598,10.0
1753533141623,12:32:21.623,ACT/USDT:USDT,0.04592,944.0,0.04591,2315.0,0.04596,20.0,0.04598,10.0
1753533148457,12:32:28.457,ACT/USDT:USDT,0.04592,889.0,0.04591,2370.0,0.04596,206.0,0.04598,10.0
1753533148485,12:32:28.485,ACT/USDT:USDT,0.04592,889.0,0.04591,2370.0,0.04595,10.0,0.04596,206.0
1753533148788,12:32:28.788,ACT/USDT:USDT,0.04592,889.0,0.04591,2370.0,0.04595,10.0,0.04596,206.0
1753533149212,12:32:29.212,ACT/USDT:USDT,0.04592,889.0,0.04591,2370.0,0.04595,10.0,0.04596,206.0
1753533151430,12:32:31.430,ACT/USDT:USDT,0.04592,889.0,0.04591,2370.0,0.04595,10.0,0.04596,196.0
1753533154275,12:32:34.275,ACT/USDT:USDT,0.04592,879.0,0.04591,2370.0,0.04595,10.0,0.04596,196.0
1753533154437,12:32:34.437,ACT/USDT:USDT,0.04591,877.0,0.0459,2370.0,0.04595,206.0,0.04596,186.0
1753533154646,12:32:34.646,ACT/USDT:USDT,0.04591,877.0,0.0459,2370.0,0.04595,196.0,0.04596,186.0
1753533155316,12:32:35.316,ACT/USDT:USDT,0.04591,887.0,0.0459,2370.0,0.04595,196.0,0.04596,186.0
1753533155411,12:32:35.411,ACT/USDT:USDT,0.04591,887.0,0.0459,2370.0,0.04595,196.0,0.04596,186.0
1753533155966,12:32:35.966,ACT/USDT:USDT,0.04591,887.0,0.0459,2315.0,0.04595,196.0,0.04596,186.0
1753533156597,12:32:36.597,ACT/USDT:USDT,0.04591,887.0,0.0459,2370.0,0.04595,10.0,0.04596,186.0
1753533157138,12:32:37.138,ACT/USDT:USDT,0.04592,194.0,0.04591,877.0,0.04595,10.0,0.04596,186.0
1753533158304,12:32:38.304,ACT/USDT:USDT,0.04592,194.0,0.04591,877.0,0.04595,10.0,0.04596,186.0
1753533159243,12:32:39.243,ACT/USDT:USDT,0.04592,184.0,0.04591,877.0,0.04595,30.0,0.04596,186.0
1753533161672,12:32:41.672,ACT/USDT:USDT,0.04592,184.0,0.04591,877.0,0.04595,30.0,0.04596,186.0
1753533161961,12:32:41.961,ACT/USDT:USDT,0.04592,184.0,0.04591,877.0,0.04595,30.0,0.04596,186.0
1753533162058,12:32:42.058,ACT/USDT:USDT,0.04591,182.0,0.0459,182.0,0.04595,30.0,0.04596,186.0
1753533162138,12:32:42.138,ACT/USDT:USDT,0.0459,182.0,0.04589,941.0,0.04595,204.0,0.04596,186.0
1753533162347,12:32:42.347,ACT/USDT:USDT,0.0459,182.0,0.04589,941.0,0.04595,204.0,0.04596,186.0
1753533162410,12:32:42.410,ACT/USDT:USDT,0.0459,237.0,0.04589,886.0,0.04595,204.0,0.04596,186.0
1753533163169,12:32:43.169,ACT/USDT:USDT,0.0459,237.0,0.04589,886.0,0.04595,204.0,0.04596,186.0
1753533163347,12:32:43.347,ACT/USDT:USDT,0.0459,237.0,0.04589,886.0,0.04594,184.0,0.04595,194.0
1753533163406,12:32:43.406,ACT/USDT:USDT,0.0459,237.0,0.04589,886.0,0.04593,10.0,0.04594,184.0
1753533163555,12:32:43.555,ACT/USDT:USDT,0.0459,237.0,0.04589,886.0,0.04593,20.0,0.04595,184.0
1753533163671,12:32:43.671,ACT/USDT:USDT,0.0459,237.0,0.04589,886.0,0.04593,10.0,0.04594,10.0
1753533163754,12:32:43.754,ACT/USDT:USDT,0.0459,237.0,0.04589,886.0,0.04593,10.0,0.04594,10.0
1753533164403,12:32:44.403,ACT/USDT:USDT,0.0459,237.0,0.04589,886.0,0.04593,10.0,0.04594,10.0
1753533164818,12:32:44.818,ACT/USDT:USDT,0.0459,237.0,0.04589,886.0,0.04593,10.0,0.04594,10.0
1753533165658,12:32:45.658,ACT/USDT:USDT,0.0459,237.0,0.04589,886.0,0.04593,10.0,0.04594,10.0
1753533165678,12:32:45.678,ACT/USDT:USDT,0.0459,237.0,0.04589,886.0,0.04593,10.0,0.04594,10.0
1753533166143,12:32:46.143,ACT/USDT:USDT,0.0459,237.0,0.04589,886.0,0.04593,10.0,0.04594,10.0
1753533166183,12:32:46.183,ACT/USDT:USDT,0.0459,237.0,0.04589,886.0,0.04593,10.0,0.04595,10.0
1753533167297,12:32:47.297,ACT/USDT:USDT,0.0459,237.0,0.04589,886.0,0.04595,192.0,0.04596,186.0
1753533167502,12:32:47.502,ACT/USDT:USDT,0.0459,237.0,0.04589,886.0,0.04595,192.0,0.04596,186.0
1753533167702,12:32:47.702,ACT/USDT:USDT,0.0459,237.0,0.04589,886.0,0.04595,192.0,0.04596,186.0
1753533168528,12:32:48.528,ACT/USDT:USDT,0.0459,237.0,0.04589,886.0,0.04595,192.0,0.04596,186.0
1753533168697,12:32:48.697,ACT/USDT:USDT,0.0459,237.0,0.04589,886.0,0.04594,192.0,0.04595,192.0
1753533168782,12:32:48.782,ACT/USDT:USDT,0.0459,237.0,0.04589,886.0,0.04593,10.0,0.04594,192.0
1753533168968,12:32:48.968,ACT/USDT:USDT,0.0459,237.0,0.04589,886.0,0.04593,20.0,0.04594,192.0
1753533169395,12:32:49.395,ACT/USDT:USDT,0.0459,237.0,0.04589,886.0,0.04593,20.0,0.04594,192.0
1753533171408,12:32:51.408,ACT/USDT:USDT,0.0459,237.0,0.04589,886.0,0.04593,20.0,0.04594,192.0
1753533171564,12:32:51.564,ACT/USDT:USDT,0.0459,182.0,0.04589,886.0,0.04593,20.0,0.04594,192.0
1753533171828,12:32:51.828,ACT/USDT:USDT,0.0459,182.0,0.04589,886.0,0.04593,20.0,0.04594,192.0
1753533172245,12:32:52.245,ACT/USDT:USDT,0.0459,182.0,0.04589,886.0,0.04593,30.0,0.04594,182.0
1753533172436,12:32:52.436,ACT/USDT:USDT,0.0459,182.0,0.04589,886.0,0.04593,20.0,0.04594,182.0
1753533173367,12:32:53.367,ACT/USDT:USDT,0.04589,886.0,0.04588,1960.0,0.04593,20.0,0.04594,182.0
1753533173463,12:32:53.463,ACT/USDT:USDT,0.04589,182.0,0.04588,880.0,0.04593,20.0,0.04594,182.0
1753533173561,12:32:53.561,ACT/USDT:USDT,0.04589,182.0,0.04588,880.0,0.04593,20.0,0.04594,182.0
1753533173666,12:32:53.666,ACT/USDT:USDT,0.04589,182.0,0.04588,240.0,0.04593,20.0,0.04594,182.0
1753533173864,12:32:53.864,ACT/USDT:USDT,0.04588,185.0,0.04587,55.0,0.04593,202.0,0.04594,182.0
1753533173898,12:32:53.898,ACT/USDT:USDT,0.04588,185.0,0.04587,750.0,0.04593,202.0,0.04594,182.0
1753533174276,12:32:54.276,ACT/USDT:USDT,0.04588,185.0,0.04587,750.0,0.04593,202.0,0.04594,182.0
1753533174276,12:32:54.276,ACT/USDT:USDT,0.04588,185.0,0.04587,750.0,0.04593,202.0,0.04594,182.0
1753533176744,12:32:56.744,ACT/USDT:USDT,0.04588,185.0,0.04586,238.0,0.04592,186.0,0.04593,192.0
1753533176811,12:32:56.811,ACT/USDT:USDT,0.04588,185.0,0.04586,238.0,0.04591,30.0,0.04592,186.0
1753533176919,12:32:56.919,ACT/USDT:USDT,0.04588,185.0,0.04586,238.0,0.04591,30.0,0.04593,182.0
1753533176988,12:32:56.988,ACT/USDT:USDT,0.04588,185.0,0.04586,238.0,0.04591,20.0,0.04592,10.0
1753533177114,12:32:57.114,ACT/USDT:USDT,0.04588,185.0,0.04586,238.0,0.04591,20.0,0.04592,10.0
1753533177539,12:32:57.539,ACT/USDT:USDT,0.04588,185.0,0.04586,238.0,0.04591,20.0,0.04592,10.0
1753533177997,12:32:57.997,ACT/USDT:USDT,0.04588,185.0,0.04586,238.0,0.04591,20.0,0.04592,10.0
1753533178375,12:32:58.375,ACT/USDT:USDT,0.04588,185.0,0.04586,238.0,0.04591,20.0,0.04592,10.0
1753533179718,12:32:59.718,ACT/USDT:USDT,0.04588,185.0,0.04586,238.0,0.04591,10.0,0.04592,10.0
1753533179782,12:32:59.782,ACT/USDT:USDT,0.04588,185.0,0.04586,238.0,0.04591,10.0,0.04593,10.0
1753533179999,12:32:59.999,ACT/USDT:USDT,0.04588,185.0,0.04586,238.0,0.04591,10.0,0.04593,10.0
1753533180421,12:33:00.421,ACT/USDT:USDT,0.04588,185.0,0.04586,238.0,0.04591,10.0,0.04593,10.0
1753533180959,12:33:00.959,ACT/USDT:USDT,0.04588,185.0,0.04586,238.0,0.04591,10.0,0.04593,10.0
1753533181018,12:33:01.018,ACT/USDT:USDT,0.04588,185.0,0.04586,238.0,0.04591,10.0,0.04593,10.0
1753533181266,12:33:01.266,ACT/USDT:USDT,0.04588,185.0,0.04586,238.0,0.04591,10.0,0.04593,10.0
1753533182529,12:33:02.529,ACT/USDT:USDT,0.04588,185.0,0.04586,238.0,0.04593,10.0,0.04594,182.0
1753533182622,12:33:02.622,ACT/USDT:USDT,0.04588,185.0,0.04587,55.0,0.04593,30.0,0.04594,202.0
1753533182681,12:33:02.681,ACT/USDT:USDT,0.04588,185.0,0.04587,55.0,0.04593,216.0,0.04594,202.0
1753533183009,12:33:03.009,ACT/USDT:USDT,0.04588,185.0,0.04587,55.0,0.04592,186.0,0.04593,206.0
1753533183137,12:33:03.137,ACT/USDT:USDT,0.04588,185.0,0.04586,941.0,0.04591,30.0,0.04592,186.0
1753533183422,12:33:03.422,ACT/USDT:USDT,0.04588,185.0,0.04586,941.0,0.04591,30.0,0.04592,186.0
1753533184244,12:33:04.244,ACT/USDT:USDT,0.04588,185.0,0.04586,941.0,0.04591,30.0,0.04592,186.0
1753533184396,12:33:04.396,ACT/USDT:USDT,0.04588,195.0,0.04586,941.0,0.04591,30.0,0.04592,186.0
1753533184661,12:33:04.661,ACT/USDT:USDT,0.04588,195.0,0.04586,941.0,0.04591,30.0,0.04592,186.0
1753533184838,12:33:04.838,ACT/USDT:USDT,0.04588,195.0,0.04586,941.0,0.04591,20.0,0.04593,186.0
1753533184882,12:33:04.882,ACT/USDT:USDT,0.04588,195.0,0.04586,941.0,0.04591,10.0,0.04592,10.0
1753533187512,12:33:07.512,ACT/USDT:USDT,0.04588,195.0,0.04586,941.0,0.04591,10.0,0.04592,10.0
1753533187588,12:33:07.588,ACT/USDT:USDT,0.04588,195.0,0.04586,941.0,0.04591,10.0,0.04593,10.0
1753533187682,12:33:07.682,ACT/USDT:USDT,0.04588,195.0,0.04586,941.0,0.04591,10.0,0.04594,182.0
1753533187785,12:33:07.785,ACT/USDT:USDT,0.04588,195.0,0.04586,941.0,0.04591,10.0,0.04593,10.0
1753533188358,12:33:08.358,ACT/USDT:USDT,0.04588,185.0,0.04586,941.0,0.04593,10.0,0.04594,182.0
1753533188512,12:33:08.512,ACT/USDT:USDT,0.04588,185.0,0.04586,941.0,0.04593,10.0,0.04594,182.0
1753533188663,12:33:08.663,ACT/USDT:USDT,0.04588,185.0,0.04586,941.0,0.04593,197.0,0.04594,182.0
1753533188765,12:33:08.765,ACT/USDT:USDT,0.04588,185.0,0.04586,941.0,0.04593,197.0,0.04594,182.0
1753533189332,12:33:09.332,ACT/USDT:USDT,0.04588,185.0,0.04586,941.0,0.04592,197.0,0.04593,197.0
1753533189400,12:33:09.400,ACT/USDT:USDT,0.04588,185.0,0.04586,941.0,0.04591,20.0,0.04592,197.0
1753533189592,12:33:09.592,ACT/USDT:USDT,0.04588,185.0,0.04586,941.0,0.04591,20.0,0.04592,197.0
1753533190258,12:33:10.258,ACT/USDT:USDT,0.04588,185.0,0.04586,941.0,0.04591,20.0,0.04592,197.0
1753533190427,12:33:10.427,ACT/USDT:USDT,0.04588,185.0,0.04586,941.0,0.04591,20.0,0.04592,197.0
1753533191462,12:33:11.462,ACT/USDT:USDT,0.04588,195.0,0.04586,941.0,0.04591,20.0,0.04592,197.0
1753533192096,12:33:12.096,ACT/USDT:USDT,0.04588,185.0,0.04586,941.0,0.04591,20.0,0.04592,197.0
1753533192328,12:33:12.328,ACT/USDT:USDT,0.04588,185.0,0.04586,941.0,0.04591,30.0,0.04592,187.0
1753533192439,12:33:12.439,ACT/USDT:USDT,0.04588,185.0,0.04586,941.0,0.04591,30.0,0.04592,187.0
1753533192742,12:33:12.742,ACT/USDT:USDT,0.04588,185.0,0.04586,941.0,0.04591,30.0,0.04594,182.0
1753533192785,12:33:12.785,ACT/USDT:USDT,0.04588,185.0,0.04586,941.0,0.04591,20.0,0.04593,10.0
1753533193264,12:33:13.264,ACT/USDT:USDT,0.04588,185.0,0.04586,941.0,0.04591,20.0,0.04593,10.0
1753533197221,12:33:17.221,ACT/USDT:USDT,0.04588,185.0,0.04586,941.0,0.04593,10.0,0.04594,182.0
1753533197332,12:33:17.332,ACT/USDT:USDT,0.04588,185.0,0.04586,941.0,0.04593,10.0,0.04594,182.0
1753533197376,12:33:17.376,ACT/USDT:USDT,0.04588,185.0,0.04586,941.0,0.04593,197.0,0.04594,182.0
1753533198562,12:33:18.562,ACT/USDT:USDT,0.04588,185.0,0.04586,941.0,0.04593,197.0,0.04594,182.0
1753533199054,12:33:19.054,ACT/USDT:USDT,0.04588,185.0,0.04586,238.0,0.04593,197.0,0.04594,182.0
1753533203063,12:33:23.063,ACT/USDT:USDT,0.04588,185.0,0.04586,238.0,0.04593,197.0,0.04594,182.0
1753533203414,12:33:23.414,ACT/USDT:USDT,0.04588,185.0,0.04586,238.0,0.04593,197.0,0.04594,182.0
1753533207975,12:33:27.975,ACT/USDT:USDT,0.04588,185.0,0.04586,238.0,0.04593,197.0,0.04594,182.0
1753533207978,12:33:27.978,ACT/USDT:USDT,0.04588,185.0,0.04586,238.0,0.04593,197.0,0.04594,182.0
1753533210701,12:33:30.701,ACT/USDT:USDT,0.04588,185.0,0.04586,238.0,0.04593,197.0,0.04594,182.0
1753533211365,12:33:31.365,ACT/USDT:USDT,0.04588,240.0,0.04586,183.0,0.04593,197.0,0.04594,182.0
1753533211561,12:33:31.561,ACT/USDT:USDT,0.04588,240.0,0.04586,183.0,0.04593,197.0,0.04594,182.0
1753533213773,12:33:33.773,ACT/USDT:USDT,0.04589,180.0,0.04588,240.0,0.04593,197.0,0.04594,182.0
1753533213779,12:33:33.779,ACT/USDT:USDT,0.04589,180.0,0.04588,240.0,0.04593,197.0,0.04594,182.0
1753533214427,12:33:34.427,ACT/USDT:USDT,0.04589,180.0,0.04588,240.0,0.04593,197.0,0.04594,182.0
1753533216311,12:33:36.311,ACT/USDT:USDT,0.04589,180.0,0.04588,240.0,0.04593,197.0,0.04594,182.0
1753533217670,12:33:37.670,ACT/USDT:USDT,0.04589,180.0,0.04588,240.0,0.04593,197.0,0.04594,182.0
1753533217969,12:33:37.969,ACT/USDT:USDT,0.04588,240.0,0.04587,695.0,0.04592,200.0,0.04593,197.0
1753533218009,12:33:38.009,ACT/USDT:USDT,0.04588,185.0,0.04587,750.0,0.04591,20.0,0.04592,190.0
1753533218086,12:33:38.086,ACT/USDT:USDT,0.04588,185.0,0.04587,750.0,0.04591,20.0,0.04592,190.0
1753533218507,12:33:38.507,ACT/USDT:USDT,0.04588,185.0,0.04587,750.0,0.04591,20.0,0.04592,190.0
1753533219721,12:33:39.721,ACT/USDT:USDT,0.04588,185.0,0.04587,750.0,0.04591,20.0,0.04592,190.0
1753533220138,12:33:40.138,ACT/USDT:USDT,0.04588,185.0,0.04587,750.0,0.04591,10.0,0.04592,190.0
1753533221210,12:33:41.210,ACT/USDT:USDT,0.04588,185.0,0.04587,750.0,0.04591,10.0,0.04592,190.0
1753533222566,12:33:42.566,ACT/USDT:USDT,0.04588,185.0,0.04587,750.0,0.04591,10.0,0.04592,190.0
1753533222962,12:33:42.962,ACT/USDT:USDT,0.04588,185.0,0.04587,750.0,0.04591,20.0,0.04592,190.0
1753533222990,12:33:42.990,ACT/USDT:USDT,0.04588,185.0,0.04587,750.0,0.04591,20.0,0.04592,190.0
1753533223436,12:33:43.436,ACT/USDT:USDT,0.04587,695.0,0.04586,2371.0,0.04591,210.0,0.04592,180.0
1753533224661,12:33:44.661,ACT/USDT:USDT,0.04587,695.0,0.04586,2371.0,0.04591,210.0,0.04592,180.0
1753533225238,12:33:45.238,ACT/USDT:USDT,0.04587,695.0,0.04586,2371.0,0.04591,210.0,0.04594,182.0
1753533225767,12:33:45.767,ACT/USDT:USDT,0.04587,695.0,0.04586,2371.0,0.04591,210.0,0.04594,182.0
1753533225789,12:33:45.789,ACT/USDT:USDT,0.04587,695.0,0.04586,2371.0,0.04591,210.0,0.04594,182.0
1753533226254,12:33:46.254,ACT/USDT:USDT,0.04586,238.0,0.04585,1291.0,0.04591,200.0,0.04594,182.0
1753533226298,12:33:46.298,ACT/USDT:USDT,0.04586,238.0,0.04585,1843.0,0.04591,200.0,0.04594,182.0
1753533226380,12:33:46.380,ACT/USDT:USDT,0.04586,238.0,0.04585,1843.0,0.04591,200.0,0.04594,182.0
1753533226684,12:33:46.684,ACT/USDT:USDT,0.04586,238.0,0.04585,1843.0,0.04591,200.0,0.04594,182.0
1753533227402,12:33:47.402,ACT/USDT:USDT,0.04587,184.0,0.04586,238.0,0.04591,200.0,0.04594,182.0
1753533227505,12:33:47.505,ACT/USDT:USDT,0.04587,184.0,0.04586,238.0,0.04591,200.0,0.04594,182.0
1753533228324,12:33:48.324,ACT/USDT:USDT,0.04587,184.0,0.04586,238.0,0.04591,200.0,0.04594,182.0
1753533236942,12:33:56.942,ACT/USDT:USDT,0.04587,184.0,0.04586,238.0,0.04591,200.0,0.04594,182.0
1753533239518,12:33:59.518,ACT/USDT:USDT,0.04587,184.0,0.04586,238.0,0.04591,200.0,0.04594,182.0
1753533244462,12:34:04.462,ACT/USDT:USDT,0.04586,183.0,0.04585,643.0,0.0459,182.0,0.04591,190.0
1753533244500,12:34:04.500,ACT/USDT:USDT,0.04586,183.0,0.04585,643.0,0.04589,20.0,0.0459,182.0
1753533244598,12:34:04.598,ACT/USDT:USDT,0.04586,183.0,0.04585,643.0,0.04589,20.0,0.0459,182.0
1753533244831,12:34:04.831,ACT/USDT:USDT,0.04586,183.0,0.04585,643.0,0.04589,20.0,0.0459,182.0
1753533245670,12:34:05.670,ACT/USDT:USDT,0.04586,183.0,0.04585,643.0,0.04589,20.0,0.0459,182.0
1753533246106,12:34:06.106,ACT/USDT:USDT,0.04586,183.0,0.04585,643.0,0.04589,20.0,0.0459,182.0
1753533246438,12:34:06.438,ACT/USDT:USDT,0.04586,238.0,0.04585,588.0,0.04589,20.0,0.04591,180.0
1753533246483,12:34:06.483,ACT/USDT:USDT,0.04586,238.0,0.04585,588.0,0.04589,10.0,0.0459,10.0
1753533248610,12:34:08.610,ACT/USDT:USDT,0.04586,238.0,0.04585,588.0,0.04589,10.0,0.0459,10.0
1753533248951,12:34:08.951,ACT/USDT:USDT,0.04586,238.0,0.04585,588.0,0.04589,10.0,0.0459,10.0
1753533249181,12:34:09.181,ACT/USDT:USDT,0.04586,238.0,0.04585,588.0,0.04589,10.0,0.0459,10.0
1753533249373,12:34:09.373,ACT/USDT:USDT,0.04586,238.0,0.04585,588.0,0.04589,10.0,0.04593,10.0
1753533250598,12:34:10.598,ACT/USDT:USDT,0.04586,238.0,0.04585,588.0,0.04589,10.0,0.04593,10.0
1753533253558,12:34:13.558,ACT/USDT:USDT,0.04585,588.0,0.04584,239.0,0.04589,207.0,0.04593,10.0
1753533253651,12:34:13.651,ACT/USDT:USDT,0.04585,588.0,0.04584,239.0,0.04588,10.0,0.04589,187.0
1753533253857,12:34:13.857,ACT/USDT:USDT,0.04587,55.0,0.04586,187.0,0.04588,10.0,0.04594,182.0
1753533253917,12:34:13.917,ACT/USDT:USDT,0.04586,242.0,0.04585,588.0,0.04592,187.0,0.04593,10.0
1753533254016,12:34:14.016,ACT/USDT:USDT,0.04586,242.0,0.04585,588.0,0.04591,197.0,0.04592,187.0
1753533254296,12:34:14.296,ACT/USDT:USDT,0.04586,242.0,0.04585,588.0,0.04591,197.0,0.04592,187.0
1753533254608,12:34:14.608,ACT/USDT:USDT,0.04586,242.0,0.04585,588.0,0.04591,197.0,0.04594,182.0
1753533254718,12:34:14.718,ACT/USDT:USDT,0.04586,242.0,0.04585,588.0,0.04591,197.0,0.04594,182.0
1753533255545,12:34:15.545,ACT/USDT:USDT,0.04586,242.0,0.04585,588.0,0.04591,197.0,0.04594,182.0
1753533256218,12:34:16.218,ACT/USDT:USDT,0.04587,189.0,0.04586,242.0,0.04591,870.0,0.04594,182.0
1753533256367,12:34:16.367,ACT/USDT:USDT,0.04587,189.0,0.04586,242.0,0.04591,870.0,0.04594,182.0
1753533257210,12:34:17.210,ACT/USDT:USDT,0.04587,189.0,0.04586,242.0,0.04591,870.0,0.04594,182.0
1753533258045,12:34:18.045,ACT/USDT:USDT,0.04587,189.0,0.04586,242.0,0.04591,870.0,0.04594,182.0
1753533258470,12:34:18.470,ACT/USDT:USDT,0.04587,189.0,0.04586,242.0,0.04591,217.0,0.04594,182.0
1753533258482,12:34:18.482,ACT/USDT:USDT,0.04587,189.0,0.04586,242.0,0.04591,217.0,0.04594,182.0
1753533259060,12:34:19.060,ACT/USDT:USDT,0.04587,199.0,0.04586,242.0,0.04591,207.0,0.04594,182.0
1753533259078,12:34:19.078,ACT/USDT:USDT,0.04587,199.0,0.04586,242.0,0.04591,207.0,0.04594,182.0
1753533263443,12:34:23.443,ACT/USDT:USDT,0.04587,199.0,0.04586,242.0,0.04591,217.0,0.04594,182.0
1753533267618,12:34:27.618,ACT/USDT:USDT,0.04587,189.0,0.04586,242.0,0.04591,217.0,0.04594,182.0
1753533267742,12:34:27.742,ACT/USDT:USDT,0.04588,2.0,0.04587,189.0,0.0459,22.0,0.04591,207.0
1753533267861,12:34:27.861,ACT/USDT:USDT,0.04588,2.0,0.04587,189.0,0.0459,22.0,0.04591,207.0
1753533268683,12:34:28.683,ACT/USDT:USDT,0.04588,2.0,0.04587,189.0,0.0459,22.0,0.04591,207.0
1753533268918,12:34:28.918,ACT/USDT:USDT,0.04588,2.0,0.04586,187.0,0.0459,210.0,0.04591,207.0
1753533269107,12:34:29.107,ACT/USDT:USDT,0.04588,2.0,0.04586,187.0,0.0459,210.0,0.04591,207.0
1753533269263,12:34:29.263,ACT/USDT:USDT,0.04587,2.0,0.04586,187.0,0.0459,208.0,0.04591,197.0
1753533269286,12:34:29.286,ACT/USDT:USDT,0.04587,2.0,0.04586,187.0,0.04589,22.0,0.0459,198.0
1753533269529,12:34:29.529,ACT/USDT:USDT,0.04587,2.0,0.04586,187.0,0.04589,22.0,0.0459,198.0
1753533270760,12:34:30.760,ACT/USDT:USDT,0.04587,2.0,0.04586,187.0,0.04589,22.0,0.0459,198.0
1753533271238,12:34:31.238,ACT/USDT:USDT,0.04587,2.0,0.04586,187.0,0.04589,22.0,0.0459,198.0
1753533271698,12:34:31.698,ACT/USDT:USDT,0.04587,2.0,0.04586,187.0,0.04589,32.0,0.0459,198.0
1753533272254,12:34:32.254,ACT/USDT:USDT,0.04587,2.0,0.04586,187.0,0.04589,32.0,0.0459,198.0
1753533272480,12:34:32.480,ACT/USDT:USDT,0.04587,2.0,0.04586,187.0,0.04589,32.0,0.0459,198.0
1753533273039,12:34:33.039,ACT/USDT:USDT,0.04587,2.0,0.04586,187.0,0.04589,12.0,0.0459,188.0
1753533273720,12:34:33.720,ACT/USDT:USDT,0.04587,2.0,0.04586,187.0,0.04589,22.0,0.0459,188.0
1753533275837,12:34:35.837,ACT/USDT:USDT,0.04587,57.0,0.04586,187.0,0.04589,12.0,0.04594,182.0
1753533275936,12:34:35.936,ACT/USDT:USDT,0.04586,242.0,0.04585,588.0,0.04592,186.0,0.04593,12.0
1753533276034,12:34:36.034,ACT/USDT:USDT,0.04587,2.0,0.04586,242.0,0.04591,861.0,0.04592,186.0
1753533276175,12:34:36.175,ACT/USDT:USDT,0.04587,2.0,0.04586,242.0,0.04591,871.0,0.04592,186.0
1753533276176,12:34:36.176,ACT/USDT:USDT,0.04587,2.0,0.04586,242.0,0.04591,871.0,0.04592,186.0
1753533276600,12:34:36.600,ACT/USDT:USDT,0.04587,2.0,0.04586,242.0,0.04591,871.0,0.04592,186.0
1753533277875,12:34:37.875,ACT/USDT:USDT,0.04587,2.0,0.04586,242.0,0.0459,186.0,0.04591,871.0
1753533277897,12:34:37.897,ACT/USDT:USDT,0.04587,2.0,0.04586,187.0,0.04589,32.0,0.0459,196.0
1753533278227,12:34:38.227,ACT/USDT:USDT,0.04587,2.0,0.04586,187.0,0.04589,32.0,0.0459,196.0
1753533278518,12:34:38.518,ACT/USDT:USDT,0.04587,2.0,0.04586,187.0,0.04589,32.0,0.0459,196.0
1753533278658,12:34:38.658,ACT/USDT:USDT,0.04587,2.0,0.04586,187.0,0.04589,32.0,0.0459,196.0
1753533279486,12:34:39.486,ACT/USDT:USDT,0.04587,2.0,0.04586,187.0,0.04589,32.0,0.0459,196.0
1753533279902,12:34:39.902,ACT/USDT:USDT,0.04587,2.0,0.04586,187.0,0.04589,32.0,0.0459,196.0
1753533280918,12:34:40.918,ACT/USDT:USDT,0.04587,2.0,0.04585,588.0,0.04589,218.0,0.0459,196.0
1753533280988,12:34:40.988,ACT/USDT:USDT,0.04586,2.0,0.04585,588.0,0.04589,206.0,0.0459,196.0
1753533281137,12:34:41.137,ACT/USDT:USDT,0.04586,2.0,0.04585,588.0,0.04588,12.0,0.04589,186.0
1753533281269,12:34:41.269,ACT/USDT:USDT,0.04586,2.0,0.04585,265.0,0.04588,12.0,0.0459,186.0
1753533281346,12:34:41.346,ACT/USDT:USDT,0.04586,2.0,0.04585,588.0,0.04589,22.0,0.0459,186.0
1753533281388,12:34:41.388,ACT/USDT:USDT,0.04586,2.0,0.04585,588.0,0.04589,22.0,0.0459,186.0
1753533281568,12:34:41.568,ACT/USDT:USDT,0.04586,2.0,0.04585,588.0,0.04589,22.0,0.0459,186.0
1753533281657,12:34:41.657,ACT/USDT:USDT,0.04586,188.0,0.04585,643.0,0.04589,12.0,0.0459,186.0
1753533283941,12:34:43.941,ACT/USDT:USDT,0.04586,243.0,0.04585,588.0,0.04589,22.0,0.04592,186.0
1753533284040,12:34:44.040,ACT/USDT:USDT,0.04586,243.0,0.04585,588.0,0.04591,12.0,0.04592,186.0
1753533284195,12:34:44.195,ACT/USDT:USDT,0.04586,243.0,0.04585,588.0,0.0459,196.0,0.04591,12.0
1753533284318,12:34:44.318,ACT/USDT:USDT,0.04586,188.0,0.04585,643.0,0.04589,22.0,0.0459,196.0
1753533284378,12:34:44.378,ACT/USDT:USDT,0.04586,188.0,0.04585,643.0,0.04589,12.0,0.0459,196.0
1753533285259,12:34:45.259,ACT/USDT:USDT,0.04586,188.0,0.04585,643.0,0.04589,22.0,0.0459,196.0
1753533285523,12:34:45.523,ACT/USDT:USDT,0.04586,188.0,0.04585,643.0,0.04589,22.0,0.0459,196.0
1753533285653,12:34:45.653,ACT/USDT:USDT,0.04586,188.0,0.04585,643.0,0.04589,22.0,0.0459,196.0
1753533285713,12:34:45.713,ACT/USDT:USDT,0.04586,188.0,0.04585,643.0,0.04589,22.0,0.0459,196.0
1753533285821,12:34:45.821,ACT/USDT:USDT,0.04586,188.0,0.04585,643.0,0.04589,22.0,0.0459,196.0
1753533286888,12:34:46.888,ACT/USDT:USDT,0.04586,188.0,0.04585,643.0,0.04589,22.0,0.0459,196.0
1753533287315,12:34:47.315,ACT/USDT:USDT,0.04586,188.0,0.04585,643.0,0.04589,12.0,0.0459,196.0
1753533287379,12:34:47.379,ACT/USDT:USDT,0.04586,188.0,0.04585,643.0,0.04589,22.0,0.0459,196.0
1753533288775,12:34:48.775,ACT/USDT:USDT,0.04586,198.0,0.04585,643.0,0.04589,12.0,0.0459,186.0
1753533289297,12:34:49.297,ACT/USDT:USDT,0.04586,253.0,0.04585,588.0,0.04589,12.0,0.04592,186.0
1753533289472,12:34:49.472,ACT/USDT:USDT,0.04586,253.0,0.04585,588.0,0.04591,12.0,0.04592,186.0
1753533289480,12:34:49.480,ACT/USDT:USDT,0.04586,253.0,0.04585,588.0,0.04591,12.0,0.04592,186.0
1753533289630,12:34:49.630,ACT/USDT:USDT,0.04586,253.0,0.04585,588.0,0.04591,12.0,0.04592,186.0
1753533289783,12:34:49.783,ACT/USDT:USDT,0.04586,253.0,0.04585,588.0,0.04591,196.0,0.04592,186.0
1753533293861,12:34:53.861,ACT/USDT:USDT,0.04587,184.0,0.04586,253.0,0.04591,206.0,0.04592,186.0
1753533293898,12:34:53.898,ACT/USDT:USDT,0.04588,2.0,0.04587,184.0,0.04591,869.0,0.04592,186.0
1753533293999,12:34:53.999,ACT/USDT:USDT,0.04588,2.0,0.04587,184.0,0.04591,869.0,0.04592,186.0
1753533294601,12:34:54.601,ACT/USDT:USDT,0.04588,2.0,0.04587,184.0,0.04591,869.0,0.04592,186.0
1753533295129,12:34:55.129,ACT/USDT:USDT,0.04588,2.0,0.04587,184.0,0.04591,685.0,0.04592,186.0
1753533295275,12:34:55.275,ACT/USDT:USDT,0.04588,196.0,0.04587,184.0,0.04591,12.0,0.04592,186.0
1753533295301,12:34:55.301,ACT/USDT:USDT,0.04588,12.0,0.04587,239.0,0.04591,12.0,0.04592,186.0
1753533295430,12:34:55.430,ACT/USDT:USDT,0.04588,196.0,0.04587,239.0,0.04591,12.0,0.04592,186.0
1753533297018,12:34:57.018,ACT/USDT:USDT,0.04588,196.0,0.04587,239.0,0.04591,12.0,0.04592,186.0
1753533297318,12:34:57.318,ACT/USDT:USDT,0.04588,251.0,0.04587,184.0,0.04591,12.0,0.04594,182.0
1753533297402,12:34:57.402,ACT/USDT:USDT,0.04588,241.0,0.04587,184.0,0.04593,12.0,0.04594,182.0
1753533297549,12:34:57.549,ACT/USDT:USDT,0.04588,241.0,0.04587,184.0,0.04593,196.0,0.04594,182.0
1753533297864,12:34:57.864,ACT/USDT:USDT,0.04588,241.0,0.04587,184.0,0.04593,196.0,0.04594,182.0
1753533298249,12:34:58.249,ACT/USDT:USDT,0.04589,194.0,0.04588,241.0,0.04593,196.0,0.04594,182.0
1753533298363,12:34:58.363,ACT/USDT:USDT,0.0459,2.0,0.04589,184.0,0.04593,206.0,0.04594,182.0
1753533298474,12:34:58.474,ACT/USDT:USDT,0.0459,2.0,0.04589,184.0,0.04593,206.0,0.04594,182.0
1753533298535,12:34:58.535,ACT/USDT:USDT,0.0459,2.0,0.04589,184.0,0.04593,216.0,0.04594,182.0
1753533298749,12:34:58.749,ACT/USDT:USDT,0.0459,2.0,0.04589,184.0,0.04593,216.0,0.04594,182.0
1753533299198,12:34:59.198,ACT/USDT:USDT,0.0459,2.0,0.04589,184.0,0.04593,216.0,0.04594,182.0
1753533299278,12:34:59.278,ACT/USDT:USDT,0.0459,2.0,0.04589,184.0,0.04593,216.0,0.04594,182.0
1753533299583,12:34:59.583,ACT/USDT:USDT,0.0459,2.0,0.04589,184.0,0.04593,216.0,0.04594,182.0
1753533299767,12:34:59.767,ACT/USDT:USDT,0.0459,2.0,0.04589,184.0,0.04593,216.0,0.04594,182.0
1753533300349,12:35:00.349,ACT/USDT:USDT,0.0459,2.0,0.04588,239.0,0.04592,184.0,0.04593,216.0
1753533300422,12:35:00.422,ACT/USDT:USDT,0.04589,2.0,0.04588,239.0,0.04592,184.0,0.04593,204.0
1753533300545,12:35:00.545,ACT/USDT:USDT,0.04589,2.0,0.04588,184.0,0.04591,30.0,0.04592,193.0
1753533300599,12:35:00.599,ACT/USDT:USDT,0.04589,2.0,0.04588,184.0,0.04591,30.0,0.04592,193.0
1753533300873,12:35:00.873,ACT/USDT:USDT,0.04589,2.0,0.04588,184.0,0.04591,30.0,0.04592,193.0
1753533301576,12:35:01.576,ACT/USDT:USDT,0.04589,2.0,0.04587,239.0,0.04591,214.0,0.04592,193.0
1753533301585,12:35:01.585,ACT/USDT:USDT,0.04588,2.0,0.04587,239.0,0.04591,202.0,0.04592,193.0
1753533301770,12:35:01.770,ACT/USDT:USDT,0.04588,2.0,0.04587,239.0,0.0459,12.0,0.04591,202.0
1753533301778,12:35:01.778,ACT/USDT:USDT,0.04588,2.0,0.04587,184.0,0.0459,12.0,0.04591,202.0
1753533302304,12:35:02.304,ACT/USDT:USDT,0.04588,2.0,0.04587,184.0,0.0459,12.0,0.04591,202.0
1753533303070,12:35:03.070,ACT/USDT:USDT,0.04588,2.0,0.04587,193.0,0.0459,12.0,0.04592,184.0
1753533303138,12:35:03.138,ACT/USDT:USDT,0.04588,2.0,0.04587,248.0,0.04591,12.0,0.04592,184.0
1753533303193,12:35:03.193,ACT/USDT:USDT,0.04588,186.0,0.04587,248.0,0.04591,12.0,0.04592,184.0
1753533303431,12:35:03.431,ACT/USDT:USDT,0.04588,186.0,0.04587,248.0,0.04591,12.0,0.04592,184.0
1753533303851,12:35:03.851,ACT/USDT:USDT,0.04588,186.0,0.04587,248.0,0.04591,12.0,0.04592,184.0
1753533304593,12:35:04.593,ACT/USDT:USDT,0.04588,186.0,0.04587,248.0,0.04591,12.0,0.04592,184.0
1753533304782,12:35:04.782,ACT/USDT:USDT,0.04588,241.0,0.04587,193.0,0.04591,12.0,0.04594,182.0
1753533304965,12:35:04.965,ACT/USDT:USDT,0.04588,241.0,0.04587,193.0,0.04593,196.0,0.04594,182.0
1753533304998,12:35:04.998,ACT/USDT:USDT,0.04588,241.0,0.04587,193.0,0.04593,196.0,0.04594,182.0
1753533305094,12:35:05.094,ACT/USDT:USDT,0.04588,241.0,0.04587,193.0,0.04593,196.0,0.04594,182.0
1753533305972,12:35:05.972,ACT/USDT:USDT,0.04588,241.0,0.04587,193.0,0.04593,196.0,0.04594,182.0
1753533305978,12:35:05.978,ACT/USDT:USDT,0.04588,241.0,0.04587,193.0,0.04593,196.0,0.04594,182.0
1753533306156,12:35:06.156,ACT/USDT:USDT,0.04588,186.0,0.04587,248.0,0.04592,192.0,0.04593,196.0
1753533306449,12:35:06.449,ACT/USDT:USDT,0.04588,186.0,0.04587,248.0,0.04592,192.0,0.04593,196.0
1753533306558,12:35:06.558,ACT/USDT:USDT,0.04588,186.0,0.04587,248.0,0.04591,21.0,0.04592,192.0
1753533306598,12:35:06.598,ACT/USDT:USDT,0.04588,186.0,0.04587,248.0,0.04591,21.0,0.04592,192.0
1753533306916,12:35:06.916,ACT/USDT:USDT,0.04588,186.0,0.04587,248.0,0.04591,21.0,0.04592,192.0
1753533307338,12:35:07.338,ACT/USDT:USDT,0.04588,186.0,0.04587,248.0,0.04591,21.0,0.04592,192.0
1753533307454,12:35:07.454,ACT/USDT:USDT,0.04588,186.0,0.04587,239.0,0.04591,21.0,0.04592,192.0
1753533307757,12:35:07.757,ACT/USDT:USDT,0.04588,186.0,0.04587,239.0,0.04591,21.0,0.04592,192.0
1753533308228,12:35:08.228,ACT/USDT:USDT,0.04588,186.0,0.04587,239.0,0.04591,30.0,0.04592,183.0
1753533309933,12:35:09.933,ACT/USDT:USDT,0.04588,2.0,0.04587,184.0,0.04591,30.0,0.04592,183.0
1753533310054,12:35:10.054,ACT/USDT:USDT,0.04588,2.0,0.04587,184.0,0.04591,30.0,0.04594,182.0
1753533310084,12:35:10.084,ACT/USDT:USDT,0.04588,2.0,0.04587,184.0,0.04591,18.0,0.04593,12.0
1753533310243,12:35:10.243,ACT/USDT:USDT,0.04587,184.0,0.04586,241.0,0.04591,18.0,0.04594,182.0
1753533310291,12:35:10.291,ACT/USDT:USDT,0.04588,2.0,0.04587,239.0,0.04591,18.0,0.04593,12.0
1753533310394,12:35:10.394,ACT/USDT:USDT,0.04588,2.0,0.04587,184.0,0.04591,201.0,0.04593,12.0
1753533310521,12:35:10.521,ACT/USDT:USDT,0.04588,2.0,0.04587,184.0,0.0459,30.0,0.04591,192.0
1753533310607,12:35:10.607,ACT/USDT:USDT,0.04588,2.0,0.04587,184.0,0.0459,30.0,0.04591,192.0
1753533311118,12:35:11.118,ACT/USDT:USDT,0.04588,2.0,0.04587,184.0,0.0459,30.0,0.04591,192.0
1753533311452,12:35:11.452,ACT/USDT:USDT,0.04588,2.0,0.04587,184.0,0.0459,30.0,0.04591,192.0
1753533313270,12:35:13.270,ACT/USDT:USDT,0.04588,2.0,0.04587,184.0,0.0459,21.0,0.04591,192.0
1753533313299,12:35:13.299,ACT/USDT:USDT,0.04588,2.0,0.04587,184.0,0.0459,12.0,0.04591,192.0
1753533313408,12:35:13.408,ACT/USDT:USDT,0.04588,2.0,0.04587,184.0,0.0459,30.0,0.04591,192.0
1753533314602,12:35:14.602,ACT/USDT:USDT,0.04588,2.0,0.04587,184.0,0.0459,30.0,0.04591,192.0
1753533314739,12:35:14.739,ACT/USDT:USDT,0.04588,2.0,0.04587,184.0,0.0459,21.0,0.04591,192.0
1753533315140,12:35:15.140,ACT/USDT:USDT,0.04588,2.0,0.04587,184.0,0.0459,30.0,0.04591,192.0
1753533315318,12:35:15.318,ACT/USDT:USDT,0.04588,2.0,0.04586,241.0,0.0459,213.0,0.04591,192.0
1753533315382,12:35:15.382,ACT/USDT:USDT,0.04587,2.0,0.04586,241.0,0.0459,201.0,0.04591,192.0
1753533315564,12:35:15.564,ACT/USDT:USDT,0.04587,2.0,0.04586,186.0,0.04589,12.0,0.0459,192.0
1753533315617,12:35:15.617,ACT/USDT:USDT,0.04587,2.0,0.04586,186.0,0.04589,12.0,0.0459,192.0
1753533316038,12:35:16.038,ACT/USDT:USDT,0.04587,2.0,0.04586,186.0,0.04589,12.0,0.0459,192.0
1753533316661,12:35:16.661,ACT/USDT:USDT,0.04587,2.0,0.04586,186.0,0.04589,12.0,0.0459,192.0
1753533316698,12:35:16.698,ACT/USDT:USDT,0.04587,2.0,0.04586,186.0,0.04589,21.0,0.0459,183.0
1753533316859,12:35:16.859,ACT/USDT:USDT,0.04587,2.0,0.04586,186.0,0.04589,12.0,0.0459,183.0
1753533317954,12:35:17.954,ACT/USDT:USDT,0.04587,2.0,0.04586,241.0,0.04589,12.0,0.04591,183.0
1753533317998,12:35:17.998,ACT/USDT:USDT,0.04587,2.0,0.04586,241.0,0.0459,30.0,0.04591,183.0
1753533318081,12:35:18.081,ACT/USDT:USDT,0.04587,2.0,0.04586,241.0,0.0459,30.0,0.04591,183.0
1753533318764,12:35:18.764,ACT/USDT:USDT,0.04588,55.0,0.04587,193.0,0.0459,12.0,0.04592,1.0
1753533318858,12:35:18.858,ACT/USDT:USDT,0.04587,237.0,0.04586,186.0,0.04592,183.0,0.04593,12.0
1753533318930,12:35:18.930,ACT/USDT:USDT,0.04588,11.0,0.04587,237.0,0.04591,12.0,0.04592,183.0
1753533318979,12:35:18.979,ACT/USDT:USDT,0.04588,11.0,0.04587,237.0,0.04591,12.0,0.04592,183.0
1753533319219,12:35:19.219,ACT/USDT:USDT,0.04588,11.0,0.04587,237.0,0.04591,12.0,0.04592,183.0
1753533319345,12:35:19.345,ACT/USDT:USDT,0.04588,11.0,0.04587,237.0,0.04591,12.0,0.04592,183.0
1753533319455,12:35:19.455,ACT/USDT:USDT,0.04588,11.0,0.04587,237.0,0.04591,203.0,0.04592,183.0
1753533319866,12:35:19.866,ACT/USDT:USDT,0.04588,11.0,0.04587,182.0,0.04591,203.0,0.04592,183.0
1753533320009,12:35:20.009,ACT/USDT:USDT,0.04588,11.0,0.04587,182.0,0.04591,212.0,0.04592,183.0
1753533320166,12:35:20.166,ACT/USDT:USDT,0.04588,11.0,0.04587,182.0,0.04591,212.0,0.04592,183.0
1753533320591,12:35:20.591,ACT/USDT:USDT,0.04588,11.0,0.04587,182.0,0.04591,212.0,0.04592,183.0
1753533321083,12:35:21.083,ACT/USDT:USDT,0.04588,2.0,0.04587,182.0,0.04591,203.0,0.04592,183.0
1753533323315,12:35:23.315,ACT/USDT:USDT,0.04588,2.0,0.04587,182.0,0.04591,212.0,0.04592,183.0
1753533325028,12:35:25.028,ACT/USDT:USDT,0.04588,2.0,0.04587,182.0,0.04591,203.0,0.04592,183.0
1753533327150,12:35:27.150,ACT/USDT:USDT,0.04588,2.0,0.04587,182.0,0.04591,212.0,0.04592,183.0
1753533327238,12:35:27.238,ACT/USDT:USDT,0.04588,2.0,0.04587,182.0,0.04591,212.0,0.04592,183.0
1753533332518,12:35:32.518,ACT/USDT:USDT,0.04588,2.0,0.04587,182.0,0.04591,212.0,0.04592,183.0
1753533332673,12:35:32.673,ACT/USDT:USDT,0.04588,11.0,0.04587,182.0,0.04591,21.0,0.04592,183.0
1753533338321,12:35:38.321,ACT/USDT:USDT,0.04588,11.0,0.04587,237.0,0.04591,12.0,0.04592,1.0
1753533338445,12:35:38.445,ACT/USDT:USDT,0.04588,199.0,0.04587,237.0,0.04592,1.0,0.04593,12.0
1753533338520,12:35:38.520,ACT/USDT:USDT,0.04588,254.0,0.04587,182.0,0.04592,1.0,0.04593,12.0
1753533338903,12:35:38.903,ACT/USDT:USDT,0.04588,254.0,0.04587,182.0,0.04592,1.0,0.04593,12.0
1753533339257,12:35:39.257,ACT/USDT:USDT,0.04588,254.0,0.04586,186.0,0.04592,1.0,0.04593,12.0
1753533339727,12:35:39.727,ACT/USDT:USDT,0.04588,254.0,0.04586,186.0,0.04592,1.0,0.04593,12.0
1753533340143,12:35:40.143,ACT/USDT:USDT,0.04588,254.0,0.04586,186.0,0.04592,1.0,0.04593,12.0
1753533340498,12:35:40.498,ACT/USDT:USDT,0.04588,199.0,0.04587,55.0,0.04592,189.0,0.04593,12.0
1753533340584,12:35:40.584,ACT/USDT:USDT,0.04588,199.0,0.04587,55.0,0.04591,12.0,0.04592,189.0
1753533340964,12:35:40.964,ACT/USDT:USDT,0.04588,199.0,0.04587,55.0,0.04591,12.0,0.04592,189.0
1753533341112,12:35:41.112,ACT/USDT:USDT,0.04589,197.0,0.04588,254.0,0.04591,12.0,0.04592,1.0
1753533341218,12:35:41.218,ACT/USDT:USDT,0.04589,252.0,0.04588,197.0,0.04592,1.0,0.04593,12.0
1753533341376,12:35:41.376,ACT/USDT:USDT,0.0459,2.0,0.04589,243.0,0.04592,1.0,0.04593,12.0
1753533341401,12:35:41.401,ACT/USDT:USDT,0.0459,2.0,0.04589,243.0,0.04592,1.0,0.04593,12.0
1753533342865,12:35:42.865,ACT/USDT:USDT,0.0459,2.0,0.04589,243.0,0.04592,10.0,0.04593,21.0
1753533346864,12:35:46.864,ACT/USDT:USDT,0.0459,2.0,0.04588,243.0,0.04592,191.0,0.04593,21.0
1753533347001,12:35:47.001,ACT/USDT:USDT,0.04589,2.0,0.04588,188.0,0.04592,191.0,0.04593,9.0
1753533347092,12:35:47.092,ACT/USDT:USDT,0.04589,2.0,0.04588,197.0,0.04591,12.0,0.04592,191.0
1753533347480,12:35:47.480,ACT/USDT:USDT,0.04589,2.0,0.04588,197.0,0.04591,12.0,0.04592,191.0
1753533347900,12:35:47.900,ACT/USDT:USDT,0.04589,2.0,0.04588,197.0,0.04591,12.0,0.04592,191.0
1753533350618,12:35:50.618,ACT/USDT:USDT,0.04589,183.0,0.04588,252.0,0.04591,12.0,0.04592,10.0
1753533350739,12:35:50.739,ACT/USDT:USDT,0.04589,181.0,0.04588,252.0,0.04592,10.0,0.04593,12.0
1753533350786,12:35:50.786,ACT/USDT:USDT,0.0459,2.0,0.04589,181.0,0.04592,10.0,0.04593,12.0
1753533351187,12:35:51.187,ACT/USDT:USDT,0.0459,2.0,0.04589,181.0,0.04592,10.0,0.04593,12.0
1753533352011,12:35:52.011,ACT/USDT:USDT,0.0459,2.0,0.04589,181.0,0.04592,10.0,0.04593,21.0
1753533352345,12:35:52.345,ACT/USDT:USDT,0.0459,2.0,0.04589,245.0,0.04592,1.0,0.04593,12.0
1753533352457,12:35:52.457,ACT/USDT:USDT,0.0459,2.0,0.04589,245.0,0.04592,1.0,0.04593,12.0
1753533352503,12:35:52.503,ACT/USDT:USDT,0.0459,183.0,0.04589,245.0,0.04592,1.0,0.04593,12.0
1753533352612,12:35:52.612,ACT/USDT:USDT,0.0459,181.0,0.04589,245.0,0.04592,1.0,0.04593,12.0
1753533352739,12:35:52.739,ACT/USDT:USDT,0.0459,181.0,0.04589,245.0,0.04592,1.0,0.04593,12.0
1753533352892,12:35:52.892,ACT/USDT:USDT,0.0459,181.0,0.04589,245.0,0.04592,1.0,0.04593,12.0
1753533354613,12:35:54.613,ACT/USDT:USDT,0.04589,245.0,0.04588,188.0,0.04592,1.0,0.04593,12.0
1753533354682,12:35:54.682,ACT/USDT:USDT,0.0459,2.0,0.04589,245.0,0.04592,1.0,0.04593,12.0
1753533358268,12:35:58.268,ACT/USDT:USDT,0.0459,2.0,0.04589,245.0,0.04592,1.0,0.04593,12.0
1753533358491,12:35:58.491,ACT/USDT:USDT,0.0459,2.0,0.04589,245.0,0.04592,1.0,0.04593,12.0
1753533360828,12:36:00.828,ACT/USDT:USDT,0.0459,183.0,0.04589,245.0,0.04592,1.0,0.04593,12.0
1753533360968,12:36:00.968,ACT/USDT:USDT,0.0459,181.0,0.04589,245.0,0.04592,1.0,0.04593,12.0
1753533361838,12:36:01.838,ACT/USDT:USDT,0.0459,181.0,0.04589,245.0,0.04592,1.0,0.04593,12.0
1753533362672,12:36:02.672,ACT/USDT:USDT,0.0459,181.0,0.04589,245.0,0.04592,1.0,0.04593,12.0
1753533362678,12:36:02.678,ACT/USDT:USDT,0.0459,190.0,0.04589,236.0,0.04592,1.0,0.04593,12.0
1753533362828,12:36:02.828,ACT/USDT:USDT,0.0459,181.0,0.04589,236.0,0.04592,1.0,0.04593,12.0
1753533363197,12:36:03.197,ACT/USDT:USDT,0.0459,236.0,0.04589,181.0,0.04592,1.0,0.04593,12.0
1753533363283,12:36:03.283,ACT/USDT:USDT,0.0459,236.0,0.04589,181.0,0.04592,1.0,0.04595,12.0
1753533365154,12:36:05.154,ACT/USDT:USDT,0.0459,245.0,0.04589,181.0,0.04592,1.0,0.04595,12.0
1753533366352,12:36:06.352,ACT/USDT:USDT,0.0459,236.0,0.04589,181.0,0.04592,1.0,0.04595,12.0
1753533367261,12:36:07.261,ACT/USDT:USDT,0.0459,236.0,0.04589,181.0,0.04592,1.0,0.04595,12.0
1753533367279,12:36:07.279,ACT/USDT:USDT,0.0459,236.0,0.04589,181.0,0.04592,1.0,0.04595,12.0
1753533367797,12:36:07.797,ACT/USDT:USDT,0.0459,236.0,0.04589,181.0,0.04592,1.0,0.04595,12.0
1753533369061,12:36:09.061,ACT/USDT:USDT,0.04591,238.0,0.0459,181.0,0.04592,1.0,0.04595,12.0
1753533369107,12:36:09.107,ACT/USDT:USDT,0.04591,240.0,0.0459,181.0,0.04592,1.0,0.04595,12.0
1753533369257,12:36:09.257,ACT/USDT:USDT,0.04591,2.0,0.0459,236.0,0.04592,1.0,0.04593,9.0
1753533369537,12:36:09.537,ACT/USDT:USDT,0.04591,2.0,0.0459,236.0,0.04592,1.0,0.04595,12.0
1753533370192,12:36:10.192,ACT/USDT:USDT,0.04591,2.0,0.0459,245.0,0.04592,1.0,0.04595,12.0
1753533375318,12:36:15.318,ACT/USDT:USDT,0.04591,2.0,0.0459,245.0,0.04592,1.0,0.04595,12.0
1753533375378,12:36:15.378,ACT/USDT:USDT,0.04591,2.0,0.0459,245.0,0.04592,1.0,0.04595,12.0
1753533375571,12:36:15.571,ACT/USDT:USDT,0.04591,185.0,0.0459,245.0,0.04592,1.0,0.04595,12.0
1753533375577,12:36:15.577,ACT/USDT:USDT,0.04591,240.0,0.0459,190.0,0.04592,1.0,0.04595,12.0
1753533375765,12:36:15.765,ACT/USDT:USDT,0.04591,240.0,0.0459,190.0,0.04592,1.0,0.04595,12.0
1753533375790,12:36:15.790,ACT/USDT:USDT,0.04591,249.0,0.0459,190.0,0.04592,1.0,0.04595,12.0
1753533376071,12:36:16.071,ACT/USDT:USDT,0.04591,249.0,0.0459,190.0,0.04592,1.0,0.04595,12.0
1753533376717,12:36:16.717,ACT/USDT:USDT,0.04591,249.0,0.0459,190.0,0.04592,1.0,0.04595,12.0
1753533378732,12:36:18.732,ACT/USDT:USDT,0.04591,249.0,0.0459,190.0,0.04592,1.0,0.04595,12.0
1753533378858,12:36:18.858,ACT/USDT:USDT,0.04591,249.0,0.0459,190.0,0.04592,1.0,0.04595,12.0
1753533380127,12:36:20.127,ACT/USDT:USDT,0.04591,249.0,0.0459,190.0,0.04592,1.0,0.04595,12.0
1753533380969,12:36:20.969,ACT/USDT:USDT,0.04591,249.0,0.0459,190.0,0.04592,1.0,0.04595,12.0
1753533380978,12:36:20.978,ACT/USDT:USDT,0.04591,249.0,0.0459,1208.0,0.04592,1.0,0.04595,12.0
1753533381755,12:36:21.755,ACT/USDT:USDT,0.04591,249.0,0.0459,1208.0,0.04592,1.0,0.04595,12.0
1753533385692,12:36:25.692,ACT/USDT:USDT,0.04591,249.0,0.0459,1208.0,0.04592,1.0,0.04595,12.0
1753533386446,12:36:26.446,ACT/USDT:USDT,0.04591,240.0,0.0459,1208.0,0.04592,1.0,0.04595,12.0
1753533387538,12:36:27.538,ACT/USDT:USDT,0.04591,240.0,0.0459,2323.0,0.04592,1.0,0.04595,12.0
1753533387894,12:36:27.894,ACT/USDT:USDT,0.04591,240.0,0.0459,2323.0,0.04592,1.0,0.04595,12.0
1753533391695,12:36:31.695,ACT/USDT:USDT,0.04591,240.0,0.0459,2314.0,0.04592,1.0,0.04595,12.0
1753533395171,12:36:35.171,ACT/USDT:USDT,0.04591,240.0,0.0459,2323.0,0.04592,1.0,0.04595,12.0
1753533401450,12:36:41.450,ACT/USDT:USDT,0.04591,240.0,0.0459,2323.0,0.04592,1.0,0.04595,12.0
1753533402858,12:36:42.858,ACT/USDT:USDT,0.04593,181.0,0.04592,236.0,0.04595,12.0,0.04597,181.0
1753533402898,12:36:42.898,ACT/USDT:USDT,0.04593,181.0,0.04592,931.0,0.04596,21.0,0.04597,181.0
1753533402983,12:36:42.983,ACT/USDT:USDT,0.04593,181.0,0.04592,931.0,0.04596,9.0,0.04597,181.0
1753533403276,12:36:43.276,ACT/USDT:USDT,0.04593,181.0,0.04592,931.0,0.04596,9.0,0.04597,181.0
1753533403882,12:36:43.882,ACT/USDT:USDT,0.04593,181.0,0.04592,931.0,0.04596,9.0,0.04597,181.0
1753533404097,12:36:44.097,ACT/USDT:USDT,0.04593,181.0,0.04592,931.0,0.04596,9.0,0.04597,181.0
1753533404343,12:36:44.343,ACT/USDT:USDT,0.04593,181.0,0.04592,931.0,0.04596,9.0,0.04597,181.0
1753533404523,12:36:44.523,ACT/USDT:USDT,0.04593,181.0,0.04592,931.0,0.04596,9.0,0.04597,181.0
1753533404675,12:36:44.675,ACT/USDT:USDT,0.04593,181.0,0.04592,931.0,0.04596,190.0,0.04597,181.0
1753533405644,12:36:45.644,ACT/USDT:USDT,0.04593,181.0,0.04592,931.0,0.04596,190.0,0.04597,181.0
1753533407337,12:36:47.337,ACT/USDT:USDT,0.04592,876.0,0.04591,2371.0,0.04596,190.0,0.04597,181.0
1753533407383,12:36:47.383,ACT/USDT:USDT,0.04593,2.0,0.04592,876.0,0.04595,21.0,0.04596,181.0
1753533407486,12:36:47.486,ACT/USDT:USDT,0.04593,2.0,0.04592,876.0,0.04595,9.0,0.04596,181.0
1753533407751,12:36:47.751,ACT/USDT:USDT,0.04593,2.0,0.04592,876.0,0.04595,9.0,0.04596,181.0
1753533408340,12:36:48.340,ACT/USDT:USDT,0.04593,2.0,0.04592,931.0,0.04597,181.0,0.04598,100.0
1753533408474,12:36:48.474,ACT/USDT:USDT,0.04593,2.0,0.04592,931.0,0.04596,219.0,0.04597,181.0
1753533408575,12:36:48.575,ACT/USDT:USDT,0.04593,2.0,0.04592,931.0,0.04596,207.0,0.04597,181.0
1753533411371,12:36:51.371,ACT/USDT:USDT,0.04593,2.0,0.04592,931.0,0.04596,207.0,0.04597,181.0
1753533411386,12:36:51.386,ACT/USDT:USDT,0.04593,2.0,0.04592,931.0,0.04596,207.0,0.04597,181.0
1753533412422,12:36:52.422,ACT/USDT:USDT,0.04593,191.0,0.04592,931.0,0.04597,181.0,0.04598,100.0
1753533412483,12:36:52.483,ACT/USDT:USDT,0.04593,191.0,0.04592,931.0,0.04596,12.0,0.04597,181.0
1753533412610,12:36:52.610,ACT/USDT:USDT,0.04593,189.0,0.04592,931.0,0.04596,12.0,0.04597,181.0
1753533418768,12:36:58.768,ACT/USDT:USDT,0.04593,189.0,0.04592,931.0,0.04596,21.0,0.04597,181.0
1753533418794,12:36:58.794,ACT/USDT:USDT,0.04593,189.0,0.04592,931.0,0.04597,181.0,0.04598,100.0
1753533418908,12:36:58.908,ACT/USDT:USDT,0.04594,2.0,0.04593,189.0,0.04596,12.0,0.04597,181.0
1753533419056,12:36:59.056,ACT/USDT:USDT,0.04594,2.0,0.04593,189.0,0.04596,12.0,0.04597,181.0
1753533419877,12:36:59.877,ACT/USDT:USDT,0.04594,2.0,0.04593,189.0,0.04596,12.0,0.04597,181.0
1753533420298,12:37:00.298,ACT/USDT:USDT,0.04594,2.0,0.04593,189.0,0.04596,12.0,0.04597,181.0
1753533421368,12:37:01.368,ACT/USDT:USDT,0.04594,11.0,0.04593,189.0,0.04596,12.0,0.04599,187.0
1753533421403,12:37:01.403,ACT/USDT:USDT,0.04593,189.0,0.04592,2011.0,0.04598,12.0,0.04599,187.0
1753533421540,12:37:01.540,ACT/USDT:USDT,0.04594,2.0,0.04593,244.0,0.04598,12.0,0.04599,187.0
1753533421659,12:37:01.659,ACT/USDT:USDT,0.04594,188.0,0.04593,244.0,0.04598,12.0,0.04599,187.0
1753533421749,12:37:01.749,ACT/USDT:USDT,0.04594,243.0,0.04593,189.0,0.04598,12.0,0.04599,187.0
1753533421855,12:37:01.855,ACT/USDT:USDT,0.04594,243.0,0.04593,189.0,0.04598,12.0,0.04599,187.0
1753533421930,12:37:01.930,ACT/USDT:USDT,0.04594,243.0,0.04593,189.0,0.04598,12.0,0.04599,187.0
1753533422167,12:37:02.167,ACT/USDT:USDT,0.04595,186.0,0.04594,243.0,0.04598,21.0,0.04599,187.0
1753533422225,12:37:02.225,ACT/USDT:USDT,0.04595,186.0,0.04594,241.0,0.04598,9.0,0.04599,187.0
1753533422359,12:37:02.359,ACT/USDT:USDT,0.04595,186.0,0.04594,241.0,0.04598,9.0,0.04599,187.0
1753533423195,12:37:03.195,ACT/USDT:USDT,0.04595,186.0,0.04594,241.0,0.04599,187.0,0.04601,1.0
1753533423296,12:37:03.296,ACT/USDT:USDT,0.04596,2.0,0.04595,186.0,0.04598,21.0,0.04599,187.0
1753533423384,12:37:03.384,ACT/USDT:USDT,0.04596,2.0,0.04595,186.0,0.04599,187.0,0.04601,1.0
1753533423489,12:37:03.489,ACT/USDT:USDT,0.04596,2.0,0.04595,186.0,0.04599,196.0,0.04601,1.0
1753533423626,12:37:03.626,ACT/USDT:USDT,0.04596,2.0,0.04595,186.0,0.04599,196.0,0.04601,1.0
1753533424154,12:37:04.154,ACT/USDT:USDT,0.04596,2.0,0.04595,186.0,0.04599,196.0,0.04601,1.0
1753533424176,12:37:04.176,ACT/USDT:USDT,0.04596,2.0,0.04595,186.0,0.04598,186.0,0.04599,196.0
1753533424605,12:37:04.605,ACT/USDT:USDT,0.04596,2.0,0.04595,186.0,0.04598,186.0,0.04599,196.0
1753533430235,12:37:10.235,ACT/USDT:USDT,0.04596,2.0,0.04595,186.0,0.04598,186.0,0.04599,205.0
1753533430966,12:37:10.966,ACT/USDT:USDT,0.04596,2.0,0.04595,186.0,0.04599,196.0,0.04601,1.0
1753533430977,12:37:10.977,ACT/USDT:USDT,0.04596,2.0,0.04595,186.0,0.04599,196.0,0.04601,1.0
1753533431457,12:37:11.457,ACT/USDT:USDT,0.04596,2.0,0.04595,241.0,0.04599,196.0,0.04601,1.0
1753533432601,12:37:12.601,ACT/USDT:USDT,0.04596,191.0,0.04595,241.0,0.04599,196.0,0.04601,1.0
1753533432682,12:37:12.682,ACT/USDT:USDT,0.04596,189.0,0.04595,241.0,0.04599,196.0,0.04601,1.0
1753533433839,12:37:13.839,ACT/USDT:USDT,0.04596,189.0,0.04595,241.0,0.04599,187.0,0.04601,1.0
1753533436408,12:37:16.408,ACT/USDT:USDT,0.04596,189.0,0.04595,241.0,0.04599,196.0,0.04601,1.0
1753533436766,12:37:16.766,ACT/USDT:USDT,0.04596,189.0,0.04595,241.0,0.04599,196.0,0.04601,1.0
1753533436778,12:37:16.778,ACT/USDT:USDT,0.04596,189.0,0.04595,241.0,0.04599,196.0,0.04601,1.0
1753533437074,12:37:17.074,ACT/USDT:USDT,0.04596,189.0,0.04595,241.0,0.04601,1.0,0.04602,181.0
1753533437141,12:37:17.141,ACT/USDT:USDT,0.04597,2.0,0.04596,189.0,0.046,202.0,0.04601,1.0
1753533437182,12:37:17.182,ACT/USDT:USDT,0.04597,2.0,0.04596,189.0,0.046,190.0,0.04601,1.0
1753533440715,12:37:20.715,ACT/USDT:USDT,0.04597,2.0,0.04596,189.0,0.046,190.0,0.04601,1.0
1753533441261,12:37:21.261,ACT/USDT:USDT,0.04597,2.0,0.04596,189.0,0.046,190.0,0.04601,1.0
1753533446154,12:37:26.154,ACT/USDT:USDT,0.04597,2.0,0.04596,189.0,0.046,190.0,0.04601,1.0
1753533447058,12:37:27.058,ACT/USDT:USDT,0.04597,2.0,0.04596,189.0,0.046,181.0,0.04601,1.0
1753533447096,12:37:27.096,ACT/USDT:USDT,0.04597,2.0,0.04596,189.0,0.046,190.0,0.04601,1.0
1753533447237,12:37:27.237,ACT/USDT:USDT,0.04597,2.0,0.04596,189.0,0.046,190.0,0.04601,1.0
1753533447362,12:37:27.362,ACT/USDT:USDT,0.04597,2.0,0.04596,189.0,0.046,190.0,0.04601,1.0
1753533448163,12:37:28.163,ACT/USDT:USDT,0.04597,2.0,0.04596,189.0,0.046,190.0,0.04601,1.0
1753533448358,12:37:28.358,ACT/USDT:USDT,0.04597,2.0,0.04596,189.0,0.046,190.0,0.04601,1.0
1753533448566,12:37:28.566,ACT/USDT:USDT,0.04597,11.0,0.04596,189.0,0.046,181.0,0.04601,1.0
1753533448582,12:37:28.582,ACT/USDT:USDT,0.04597,9.0,0.04596,189.0,0.046,181.0,0.04601,1.0
1753533448900,12:37:28.900,ACT/USDT:USDT,0.04597,9.0,0.04596,189.0,0.046,181.0,0.04601,1.0
1753533450966,12:37:30.966,ACT/USDT:USDT,0.04597,253.0,0.04596,189.0,0.04601,1.0,0.04602,181.0
1753533451026,12:37:31.026,ACT/USDT:USDT,0.04598,2.0,0.04597,253.0,0.046,12.0,0.04601,1.0
1753533451098,12:37:31.098,ACT/USDT:USDT,0.04598,2.0,0.04597,253.0,0.046,12.0,0.04601,1.0
1753533451446,12:37:31.446,ACT/USDT:USDT,0.04598,2.0,0.04597,253.0,0.046,12.0,0.04601,1.0
1753533452271,12:37:32.271,ACT/USDT:USDT,0.04598,2.0,0.04597,253.0,0.046,12.0,0.04601,1.0
1753533452539,12:37:32.539,ACT/USDT:USDT,0.04598,2.0,0.04597,253.0,0.046,12.0,0.04601,1.0
1753533452689,12:37:32.689,ACT/USDT:USDT,0.04598,2.0,0.04597,253.0,0.046,12.0,0.04601,1.0
1753533453595,12:37:33.595,ACT/USDT:USDT,0.04598,2.0,0.04597,253.0,0.046,12.0,0.04601,1.0
1753533454159,12:37:34.159,ACT/USDT:USDT,0.04598,2.0,0.04597,253.0,0.046,12.0,0.04601,1.0
1753533454310,12:37:34.310,ACT/USDT:USDT,0.04598,2.0,0.04597,253.0,0.046,12.0,0.04601,1.0
1753533455900,12:37:35.900,ACT/USDT:USDT,0.04598,2.0,0.04597,253.0,0.046,12.0,0.04601,1.0
1753533456072,12:37:36.072,ACT/USDT:USDT,0.04599,1089.0,0.04598,253.0,0.046,12.0,0.04601,1.0
1753533456175,12:37:36.175,ACT/USDT:USDT,0.04598,251.0,0.04597,189.0,0.04601,1.0,0.04602,181.0
1753533456260,12:37:36.260,ACT/USDT:USDT,0.04598,251.0,0.04595,186.0,0.04601,1.0,0.04604,180.0
1753533456352,12:37:36.352,ACT/USDT:USDT,0.04598,251.0,0.04595,186.0,0.04601,1.0,0.04604,180.0
1753533456431,12:37:36.431,ACT/USDT:USDT,0.04598,251.0,0.04595,186.0,0.04601,1.0,0.04604,180.0
1753533456575,12:37:36.575,ACT/USDT:USDT,0.04599,187.0,0.04598,251.0,0.04601,1.0,0.04604,180.0
1753533456590,12:37:36.590,ACT/USDT:USDT,0.04599,196.0,0.04598,242.0,0.04601,1.0,0.04604,180.0
1753533456770,12:37:36.770,ACT/USDT:USDT,0.04599,251.0,0.04598,187.0,0.04601,1.0,0.04604,180.0
1753533457192,12:37:37.192,ACT/USDT:USDT,0.04599,251.0,0.04598,187.0,0.04601,1.0,0.04604,180.0
1753533457378,12:37:37.378,ACT/USDT:USDT,0.04599,251.0,0.04598,187.0,0.04601,1.0,0.04604,180.0
1753533458371,12:37:38.371,ACT/USDT:USDT,0.04599,251.0,0.04598,187.0,0.04601,1.0,0.04604,180.0
1753533458676,12:37:38.676,ACT/USDT:USDT,0.04599,251.0,0.04598,187.0,0.04601,1.0,0.04604,180.0
1753533458929,12:37:38.929,ACT/USDT:USDT,0.04599,251.0,0.04595,186.0,0.04601,1.0,0.04606,180.0
1753533459230,12:37:39.230,ACT/USDT:USDT,0.04599,251.0,0.04595,186.0,0.04601,1.0,0.04606,180.0
1753533459338,12:37:39.338,ACT/USDT:USDT,0.04599,251.0,0.04597,1080.0,0.04601,1.0,0.04606,180.0
1753533459475,12:37:39.475,ACT/USDT:USDT,0.04599,251.0,0.04597,1080.0,0.04601,1.0,0.04606,180.0
1753533459555,12:37:39.555,ACT/USDT:USDT,0.04599,251.0,0.04597,1080.0,0.04601,1.0,0.04606,180.0
1753533460204,12:37:40.204,ACT/USDT:USDT,0.046,242.0,0.04599,196.0,0.04601,1.0,0.04606,180.0
1753533460336,12:37:40.336,ACT/USDT:USDT,0.046,242.0,0.04599,196.0,0.04601,1.0,0.04605,12.0
1753533460472,12:37:40.472,ACT/USDT:USDT,0.046,500.0,0.04599,196.0,0.04601,1.0,0.04605,12.0
1753533460540,12:37:40.540,ACT/USDT:USDT,0.046,500.0,0.04599,196.0,0.04601,1.0,0.04605,12.0
1753533460888,12:37:40.888,ACT/USDT:USDT,0.046,500.0,0.04599,196.0,0.04601,1.0,0.04605,12.0
1753533461414,12:37:41.414,ACT/USDT:USDT,0.046,500.0,0.04599,196.0,0.04601,1.0,0.04605,12.0
1753533461514,12:37:41.514,ACT/USDT:USDT,0.046,500.0,0.04599,196.0,0.04601,1.0,0.04605,12.0
1753533461687,12:37:41.687,ACT/USDT:USDT,0.046,242.0,0.04599,196.0,0.04601,1.0,0.04605,12.0
1753533465738,12:37:45.738,ACT/USDT:USDT,0.046,242.0,0.04599,196.0,0.04601,1.0,0.04605,12.0
1753533471538,12:37:51.538,ACT/USDT:USDT,0.046,242.0,0.04599,836.0,0.04601,1.0,0.04605,12.0
1753533471628,12:37:51.628,ACT/USDT:USDT,0.046,242.0,0.04599,836.0,0.04601,1.0,0.04605,12.0
1753533471975,12:37:51.975,ACT/USDT:USDT,0.046,1322.0,0.04599,196.0,0.04605,12.0,0.04606,180.0
1753533472076,12:37:52.076,ACT/USDT:USDT,0.04601,891.0,0.046,2155.0,0.04605,21.0,0.04606,180.0
1753533472140,12:37:52.140,ACT/USDT:USDT,0.04601,891.0,0.046,2155.0,0.04605,21.0,0.04607,183.0
1753533472537,12:37:52.537,ACT/USDT:USDT,0.04601,891.0,0.046,2155.0,0.04605,21.0,0.04607,183.0
1753533472983,12:37:52.983,ACT/USDT:USDT,0.04601,891.0,0.046,2155.0,0.04605,21.0,0.04607,183.0
1753533473363,12:37:53.363,ACT/USDT:USDT,0.04601,891.0,0.046,2155.0,0.04605,21.0,0.04607,183.0
1753533473713,12:37:53.713,ACT/USDT:USDT,0.04601,244.0,0.046,2155.0,0.04605,21.0,0.04607,183.0
1753533473872,12:37:53.872,ACT/USDT:USDT,0.04601,244.0,0.046,2155.0,0.04605,208.0,0.04607,183.0
1753533474848,12:37:54.848,ACT/USDT:USDT,0.04601,244.0,0.046,2155.0,0.04605,208.0,0.04607,183.0
1753533477319,12:37:57.319,ACT/USDT:USDT,0.04601,244.0,0.046,1267.0,0.04605,208.0,0.04607,183.0
1753533477587,12:37:57.587,ACT/USDT:USDT,0.04601,244.0,0.046,1267.0,0.04605,208.0,0.04607,183.0
1753533478220,12:37:58.220,ACT/USDT:USDT,0.04601,244.0,0.046,1267.0,0.04605,208.0,0.04607,183.0
1753533480658,12:38:00.658,ACT/USDT:USDT,0.04601,2.0,0.046,1267.0,0.04604,182.0,0.04605,217.0
1753533480682,12:38:00.682,ACT/USDT:USDT,0.04601,2.0,0.046,1267.0,0.04604,182.0,0.04605,205.0
1753533481245,12:38:01.245,ACT/USDT:USDT,0.04601,2.0,0.046,1267.0,0.04604,182.0,0.04605,205.0
1753533481529,12:38:01.529,ACT/USDT:USDT,0.04601,2.0,0.046,1267.0,0.04604,182.0,0.04605,205.0
1753533483911,12:38:03.911,ACT/USDT:USDT,0.04601,2.0,0.046,1080.0,0.04604,182.0,0.04605,205.0
1753533484038,12:38:04.038,ACT/USDT:USDT,0.04601,2.0,0.04599,242.0,0.04604,182.0,0.04605,205.0
1753533484091,12:38:04.091,ACT/USDT:USDT,0.046,2.0,0.04599,242.0,0.04604,182.0,0.04605,205.0
1753533484202,12:38:04.202,ACT/USDT:USDT,0.046,2.0,0.04599,55.0,0.04603,30.0,0.04604,182.0
1753533484364,12:38:04.364,ACT/USDT:USDT,0.046,2.0,0.04598,237.0,0.04603,18.0,0.04604,182.0
1753533484475,12:38:04.475,ACT/USDT:USDT,0.046,1080.0,0.04599,184.0,0.04603,9.0,0.04604,182.0
1753533484567,12:38:04.567,ACT/USDT:USDT,0.04599,766.0,0.04598,182.0,0.04607,183.0,0.04608,186.0
1753533484612,12:38:04.612,ACT/USDT:USDT,0.046,2.0,0.04599,55.0,0.04605,182.0,0.04606,112.0
1753533484701,12:38:04.701,ACT/USDT:USDT,0.046,2.0,0.04599,55.0,0.04603,182.0,0.04604,12.0
1753533484857,12:38:04.857,ACT/USDT:USDT,0.046,2.0,0.04599,55.0,0.04605,182.0,0.04606,100.0
1753533484934,12:38:04.934,ACT/USDT:USDT,0.046,2.0,0.04599,55.0,0.04605,182.0,0.04606,100.0
1753533485076,12:38:05.076,ACT/USDT:USDT,0.046,2.0,0.04598,237.0,0.04605,182.0,0.04606,100.0
1753533485209,12:38:05.209,ACT/USDT:USDT,0.04599,56.0,0.04598,182.0,0.04603,200.0,0.04604,5.0
1753533485300,12:38:05.300,ACT/USDT:USDT,0.046,1.0,0.04599,56.0,0.04602,189.0,0.04603,200.0
1753533485382,12:38:05.382,ACT/USDT:USDT,0.046,1.0,0.04599,56.0,0.04602,182.0,0.04603,200.0
1753533486058,12:38:06.058,ACT/USDT:USDT,0.046,1.0,0.04599,1.0,0.04602,182.0,0.04603,200.0
1753533486082,12:38:06.082,ACT/USDT:USDT,0.04599,1.0,0.04598,55.0,0.04602,182.0,0.04603,200.0
1753533486553,12:38:06.553,ACT/USDT:USDT,0.04599,1.0,0.04596,1135.0,0.04602,182.0,0.04603,200.0
1753533486583,12:38:06.583,ACT/USDT:USDT,0.04597,2.0,0.04596,1135.0,0.04602,182.0,0.04603,200.0
1753533486710,12:38:06.710,ACT/USDT:USDT,0.04597,2.0,0.04596,1135.0,0.04601,210.0,0.04602,182.0
1753533486973,12:38:06.973,ACT/USDT:USDT,0.04597,2.0,0.04596,1135.0,0.04601,210.0,0.04602,182.0
1753533487398,12:38:07.398,ACT/USDT:USDT,0.04597,2.0,0.04596,1135.0,0.04601,210.0,0.04602,182.0
1753533487498,12:38:07.498,ACT/USDT:USDT,0.04597,2.0,0.04596,1135.0,0.04601,210.0,0.04603,182.0
1753533487820,12:38:07.820,ACT/USDT:USDT,0.04597,2.0,0.04596,1135.0,0.04601,210.0,0.04603,182.0
1753533488292,12:38:08.292,ACT/USDT:USDT,0.04597,182.0,0.04596,1135.0,0.04601,210.0,0.04603,182.0
1753533488472,12:38:08.472,ACT/USDT:USDT,0.04598,235.0,0.04597,182.0,0.04601,12.0,0.04603,182.0
1753533488498,12:38:08.498,ACT/USDT:USDT,0.04598,235.0,0.04597,180.0,0.04602,21.0,0.04603,182.0
1753533488582,12:38:08.582,ACT/USDT:USDT,0.04599,2.0,0.04598,235.0,0.04602,21.0,0.04603,182.0
1753533488755,12:38:08.755,ACT/USDT:USDT,0.04599,2.0,0.04598,235.0,0.04602,18.0,0.04603,182.0
1753533489469,12:38:09.469,ACT/USDT:USDT,0.04599,2.0,0.04598,235.0,0.04602,18.0,0.04603,182.0
1753533489965,12:38:09.965,ACT/USDT:USDT,0.04599,2.0,0.04598,235.0,0.04602,18.0,0.04605,182.0
1753533490003,12:38:10.003,ACT/USDT:USDT,0.04599,2.0,0.04598,235.0,0.04602,18.0,0.04605,182.0
1753533490419,12:38:10.419,ACT/USDT:USDT,0.04599,2.0,0.04598,235.0,0.04602,18.0,0.04605,182.0
1753533490809,12:38:10.809,ACT/USDT:USDT,0.04599,2.0,0.04598,235.0,0.04602,18.0,0.04605,182.0
1753533491025,12:38:11.025,ACT/USDT:USDT,0.04599,2.0,0.04598,235.0,0.04602,18.0,0.04605,182.0
1753533491245,12:38:11.245,ACT/USDT:USDT,0.04599,2.0,0.04598,235.0,0.04602,18.0,0.04605,182.0
1753533491309,12:38:11.309,ACT/USDT:USDT,0.04599,2.0,0.04598,235.0,0.04602,9.0,0.04605,182.0
1753533491798,12:38:11.798,ACT/USDT:USDT,0.04599,2.0,0.04598,235.0,0.04602,9.0,0.04605,182.0
1753533494118,12:38:14.118,ACT/USDT:USDT,0.04599,2.0,0.04598,235.0,0.04602,9.0,0.04605,182.0
1753533496769,12:38:16.769,ACT/USDT:USDT,0.04599,2.0,0.04597,180.0,0.04601,188.0,0.04602,206.0
1753533496784,12:38:16.784,ACT/USDT:USDT,0.04598,2.0,0.04597,180.0,0.04601,188.0,0.04602,206.0
1753533496940,12:38:16.940,ACT/USDT:USDT,0.04598,2.0,0.04597,180.0,0.04601,188.0,0.04602,206.0
1753533497018,12:38:17.018,ACT/USDT:USDT,0.04598,2.0,0.04597,180.0,0.04601,188.0,0.04602,206.0
1753533497145,12:38:17.145,ACT/USDT:USDT,0.04598,2.0,0.04597,180.0,0.04601,188.0,0.04602,206.0
1753533497230,12:38:17.230,ACT/USDT:USDT,0.04598,2.0,0.04597,180.0,0.04601,188.0,0.04602,206.0
1753533497359,12:38:17.359,ACT/USDT:USDT,0.04598,2.0,0.04596,1135.0,0.04601,188.0,0.04602,206.0
1753533497384,12:38:17.384,ACT/USDT:USDT,0.04597,2.0,0.04596,1135.0,0.04601,188.0,0.04602,206.0
1753533497498,12:38:17.498,ACT/USDT:USDT,0.04597,2.0,0.04596,1135.0,0.046,30.0,0.04601,188.0
1753533497585,12:38:17.585,ACT/USDT:USDT,0.04597,2.0,0.04596,1135.0,0.046,18.0,0.04601,188.0
1753533497698,12:38:17.698,ACT/USDT:USDT,0.04597,2.0,0.04596,1135.0,0.046,18.0,0.04602,188.0
1753533497786,12:38:17.786,ACT/USDT:USDT,0.04597,2.0,0.04596,1135.0,0.046,18.0,0.04602,188.0
1753533498235,12:38:18.235,ACT/USDT:USDT,0.04597,2.0,0.04596,1135.0,0.046,18.0,0.04602,188.0
1753533500275,12:38:20.275,ACT/USDT:USDT,0.04597,2.0,0.04596,1135.0,0.046,9.0,0.04605,182.0
1753533500473,12:38:20.473,ACT/USDT:USDT,0.04598,55.0,0.04597,190.0,0.046,9.0,0.04605,182.0
1753533500498,12:38:20.498,ACT/USDT:USDT,0.04598,55.0,0.04597,188.0,0.046,9.0,0.04605,182.0
1753533501496,12:38:21.496,ACT/USDT:USDT,0.04598,55.0,0.04597,188.0,0.046,9.0,0.04605,182.0
1753533501618,12:38:21.618,ACT/USDT:USDT,0.04598,55.0,0.04597,188.0,0.046,9.0,0.04605,182.0
1753533503027,12:38:23.027,ACT/USDT:USDT,0.04598,55.0,0.04597,188.0,0.046,9.0,0.04601,9.0
1753533503575,12:38:23.575,ACT/USDT:USDT,0.04598,55.0,0.04597,188.0,0.046,9.0,0.04601,9.0
1753533504022,12:38:24.022,ACT/USDT:USDT,0.04598,55.0,0.04597,188.0,0.046,9.0,0.04601,9.0
1753533504116,12:38:24.116,ACT/USDT:USDT,0.04598,55.0,0.04597,188.0,0.046,9.0,0.04601,9.0
1753533506275,12:38:26.275,ACT/USDT:USDT,0.04598,55.0,0.04597,188.0,0.046,9.0,0.04601,9.0
1753533506281,12:38:26.281,ACT/USDT:USDT,0.04598,55.0,0.04597,188.0,0.046,9.0,0.04601,9.0
1753533512066,12:38:32.066,ACT/USDT:USDT,0.04598,55.0,0.04597,188.0,0.046,9.0,0.04601,9.0
1753533512079,12:38:32.079,ACT/USDT:USDT,0.04598,55.0,0.04597,188.0,0.046,9.0,0.04601,9.0
1753533519618,12:38:39.618,ACT/USDT:USDT,0.04598,55.0,0.04597,197.0,0.046,9.0,0.04601,9.0
1753533522057,12:38:42.057,ACT/USDT:USDT,0.04599,55.0,0.04596,1080.0,0.046,9.0,0.04601,9.0
1753533522082,12:38:42.082,ACT/USDT:USDT,0.04597,57.0,0.04596,1080.0,0.046,9.0,0.04601,9.0
1753533522182,12:38:42.182,ACT/USDT:USDT,0.04597,55.0,0.04596,1080.0,0.046,9.0,0.04601,9.0
1753533522663,12:38:42.663,ACT/USDT:USDT,0.04597,55.0,0.04596,1080.0,0.046,9.0,0.04601,9.0
1753533526839,12:38:46.839,ACT/USDT:USDT,0.04597,55.0,0.04596,1080.0,0.046,9.0,0.04601,9.0
1753533528218,12:38:48.218,ACT/USDT:USDT,0.04596,1080.0,0.04595,341.0,0.046,190.0,0.04601,9.0
1753533528282,12:38:48.282,ACT/USDT:USDT,0.04597,2.0,0.04596,1080.0,0.04599,12.0,0.046,190.0
1753533528424,12:38:48.424,ACT/USDT:USDT,0.04597,2.0,0.04596,1080.0,0.04599,12.0,0.046,190.0
1753533529635,12:38:49.635,ACT/USDT:USDT,0.04597,2.0,0.04595,341.0,0.04599,21.0,0.046,199.0
1753533529707,12:38:49.707,ACT/USDT:USDT,0.04596,2.0,0.04595,341.0,0.04599,9.0,0.046,199.0
1753533530118,12:38:50.118,ACT/USDT:USDT,0.04596,2.0,0.04595,341.0,0.04599,9.0,0.046,199.0
1753533530182,12:38:50.182,ACT/USDT:USDT,0.04596,2.0,0.04595,341.0,0.04599,9.0,0.046,199.0
1753533530662,12:38:50.662,ACT/USDT:USDT,0.04596,2.0,0.04595,341.0,0.04599,9.0,0.046,199.0
1753533532034,12:38:52.034,ACT/USDT:USDT,0.04596,2.0,0.04595,341.0,0.04599,9.0,0.046,199.0
1753533532379,12:38:52.379,ACT/USDT:USDT,0.04596,2.0,0.04595,341.0,0.04599,9.0,0.046,199.0
1753533532482,12:38:52.482,ACT/USDT:USDT,0.04596,2.0,0.04595,341.0,0.04599,9.0,0.046,199.0
1753533532813,12:38:52.813,ACT/USDT:USDT,0.04596,2.0,0.04595,341.0,0.04599,9.0,0.046,199.0
1753533533632,12:38:53.632,ACT/USDT:USDT,0.04596,2.0,0.04595,341.0,0.04599,9.0,0.046,199.0
1753533534052,12:38:54.052,ACT/USDT:USDT,0.04596,2.0,0.04595,341.0,0.04599,9.0,0.046,199.0
1753533534682,12:38:54.682,ACT/USDT:USDT,0.04596,11.0,0.04595,341.0,0.04599,9.0,0.046,199.0
1753533534781,12:38:54.781,ACT/USDT:USDT,0.04596,9.0,0.04595,341.0,0.04599,9.0,0.046,199.0
1753533535239,12:38:55.239,ACT/USDT:USDT,0.04596,9.0,0.04595,341.0,0.04599,9.0,0.046,199.0
1753533535279,12:38:55.279,ACT/USDT:USDT,0.04596,9.0,0.04595,341.0,0.04599,9.0,0.046,199.0
1753533535424,12:38:55.424,ACT/USDT:USDT,0.04596,9.0,0.04595,341.0,0.046,190.0,0.04604,5755.0
1753533535486,12:38:55.486,ACT/USDT:USDT,0.04597,2.0,0.04596,9.0,0.04599,12.0,0.046,199.0
1753533535947,12:38:55.947,ACT/USDT:USDT,0.04597,2.0,0.04596,9.0,0.04599,12.0,0.046,18.0
1753533536028,12:38:56.028,ACT/USDT:USDT,0.04597,2.0,0.04596,1089.0,0.04599,12.0,0.04602,184.0
1753533536161,12:38:56.161,ACT/USDT:USDT,0.04597,2.0,0.04596,1144.0,0.04599,12.0,0.04602,184.0
1753533536337,12:38:56.337,ACT/USDT:USDT,0.04597,241.0,0.04596,1089.0,0.04599,12.0,0.04602,184.0
1753533536464,12:38:56.464,ACT/USDT:USDT,0.04597,55.0,0.04596,1089.0,0.04601,30.0,0.04602,184.0
1753533536498,12:38:56.498,ACT/USDT:USDT,0.04598,2.0,0.04596,1144.0,0.04601,30.0,0.04602,184.0
1753533536582,12:38:56.582,ACT/USDT:USDT,0.04597,2.0,0.04596,1144.0,0.04601,18.0,0.04602,184.0
1753533536682,12:38:56.682,ACT/USDT:USDT,0.04597,2.0,0.04596,1144.0,0.046,12.0,0.04601,18.0
1753533536941,12:38:56.941,ACT/USDT:USDT,0.04597,2.0,0.04596,1144.0,0.046,12.0,0.04601,18.0
1753533537362,12:38:57.362,ACT/USDT:USDT,0.04597,2.0,0.04596,1144.0,0.046,12.0,0.04601,18.0
1753533538519,12:38:58.519,ACT/USDT:USDT,0.04597,186.0,0.04596,1144.0,0.046,12.0,0.04601,18.0
1753533538583,12:38:58.583,ACT/USDT:USDT,0.04597,184.0,0.04596,1144.0,0.046,12.0,0.04601,18.0
1753533541468,12:39:01.468,ACT/USDT:USDT,0.04597,239.0,0.04596,1089.0,0.046,12.0,0.04601,9.0
1753533541533,12:39:01.533,ACT/USDT:USDT,0.04597,239.0,0.04596,1089.0,0.046,12.0,0.04602,184.0
1753533541582,12:39:01.582,ACT/USDT:USDT,0.04597,239.0,0.04596,1089.0,0.04601,12.0,0.04602,184.0
1753533541686,12:39:01.686,ACT/USDT:USDT,0.04598,11.0,0.04597,239.0,0.04601,12.0,0.04602,184.0
1753533541804,12:39:01.804,ACT/USDT:USDT,0.04598,9.0,0.04597,239.0,0.04601,12.0,0.04602,184.0
1753533542680,12:39:02.680,ACT/USDT:USDT,0.04598,9.0,0.04597,239.0,0.04601,12.0,0.04602,184.0
1753533542894,12:39:02.894,ACT/USDT:USDT,0.04598,9.0,0.04597,239.0,0.04601,12.0,0.04605,182.0
1753533542996,12:39:02.996,ACT/USDT:USDT,0.04597,239.0,0.04596,1080.0,0.04604,12.0,0.04605,182.0
1753533543149,12:39:03.149,ACT/USDT:USDT,0.04598,2.0,0.04597,239.0,0.04603,184.0,0.04604,12.0
1753533543182,12:39:03.182,ACT/USDT:USDT,0.04598,2.0,0.04597,239.0,0.04602,12.0,0.04603,184.0
1753533543521,12:39:03.521,ACT/USDT:USDT,0.04598,2.0,0.04597,239.0,0.04602,12.0,0.04603,184.0
1753533543942,12:39:03.942,ACT/USDT:USDT,0.04598,2.0,0.04597,239.0,0.04602,21.0,0.04603,184.0
1753533544362,12:39:04.362,ACT/USDT:USDT,0.04598,2.0,0.04597,239.0,0.04602,21.0,0.04603,184.0
1753533545516,12:39:05.516,ACT/USDT:USDT,0.04598,250.0,0.04597,184.0,0.04602,21.0,0.04603,184.0
1753533545614,12:39:05.614,ACT/USDT:USDT,0.04598,250.0,0.04597,184.0,0.04602,21.0,0.04605,182.0
1753533546443,12:39:06.443,ACT/USDT:USDT,0.04598,250.0,0.04597,184.0,0.04602,21.0,0.04605,182.0
1753533547340,12:39:07.340,ACT/USDT:USDT,0.04599,187.0,0.04598,250.0,0.04602,12.0,0.04605,182.0
1753533547401,12:39:07.401,ACT/USDT:USDT,0.04599,187.0,0.04598,943.0,0.04604,199.0,0.04605,182.0
1753533547493,12:39:07.493,ACT/USDT:USDT,0.046,2.0,0.04599,242.0,0.04604,208.0,0.04605,182.0
1753533547663,12:39:07.663,ACT/USDT:USDT,0.046,2.0,0.04599,242.0,0.04604,208.0,0.04605,182.0
1753533548494,12:39:08.494,ACT/USDT:USDT,0.046,2.0,0.04599,242.0,0.04604,208.0,0.04605,182.0
1753533555464,12:39:15.464,ACT/USDT:USDT,0.046,1278.0,0.04599,1261.0,0.04604,208.0,0.04605,182.0
1753533555558,12:39:15.558,ACT/USDT:USDT,0.04601,242.0,0.046,1278.0,0.04604,12.0,0.04606,100.0
1753533555675,12:39:15.675,ACT/USDT:USDT,0.04601,242.0,0.046,1276.0,0.04605,21.0,0.04606,100.0
1753533555737,12:39:15.737,ACT/USDT:USDT,0.04602,1.0,0.04601,242.0,0.04605,16.0,0.04606,100.0
1753533555841,12:39:15.841,ACT/USDT:USDT,0.04602,2.0,0.04601,242.0,0.04605,9.0,0.04606,100.0
1753533556662,12:39:16.662,ACT/USDT:USDT,0.04602,2.0,0.04601,242.0,0.04605,9.0,0.04606,100.0
1753533561320,12:39:21.320,ACT/USDT:USDT,0.04602,2.0,0.04601,242.0,0.04605,18.0,0.04606,100.0
1753533561466,12:39:21.466,ACT/USDT:USDT,0.04602,2.0,0.04601,242.0,0.04605,204.0,0.04606,100.0
1753533561643,12:39:21.643,ACT/USDT:USDT,0.04602,2.0,0.04601,242.0,0.04605,204.0,0.04606,100.0
1753533572369,12:39:32.369,ACT/USDT:USDT,0.04602,2.0,0.04601,187.0,0.04605,204.0,0.04606,100.0
1753533573644,12:39:33.644,ACT/USDT:USDT,0.04602,2.0,0.04601,187.0,0.04605,204.0,0.04606,100.0
1753533580837,12:39:40.837,ACT/USDT:USDT,0.04602,11.0,0.04601,242.0,0.04605,18.0,0.04606,100.0
1753533580882,12:39:40.882,ACT/USDT:USDT,0.04602,9.0,0.04601,242.0,0.04605,18.0,0.04606,100.0
1753533584471,12:39:44.471,ACT/USDT:USDT,0.04602,9.0,0.04601,242.0,0.04605,18.0,0.04606,100.0
1753533584479,12:39:44.479,ACT/USDT:USDT,0.04602,9.0,0.04601,242.0,0.04605,18.0,0.04606,100.0
1753533586182,12:39:46.182,ACT/USDT:USDT,0.04601,55.0,0.046,1963.0,0.04605,18.0,0.04606,100.0
1753533586297,12:39:46.297,ACT/USDT:USDT,0.04602,2.0,0.04601,9.0,0.04604,12.0,0.04605,18.0
1753533586578,12:39:46.578,ACT/USDT:USDT,0.04602,2.0,0.04601,9.0,0.04604,12.0,0.04605,18.0
1753533586856,12:39:46.856,ACT/USDT:USDT,0.04602,2.0,0.04601,9.0,0.04604,12.0,0.04605,18.0
1753533590263,12:39:50.263,ACT/USDT:USDT,0.04602,2.0,0.04601,9.0,0.04604,12.0,0.04605,18.0
1753533590298,12:39:50.298,ACT/USDT:USDT,0.04602,2.0,0.046,1322.0,0.04604,12.0,0.04605,18.0
1753533590398,12:39:50.398,ACT/USDT:USDT,0.04601,2.0,0.046,55.0,0.04604,199.0,0.04605,18.0
1753533590485,12:39:50.485,ACT/USDT:USDT,0.04601,2.0,0.04599,937.0,0.04604,187.0,0.04605,18.0
1753533590632,12:39:50.632,ACT/USDT:USDT,0.046,2.0,0.04599,937.0,0.04604,187.0,0.04605,18.0
1753533590734,12:39:50.734,ACT/USDT:USDT,0.046,2.0,0.04599,882.0,0.04603,30.0,0.04604,187.0
1753533590797,12:39:50.797,ACT/USDT:USDT,0.046,2.0,0.04599,937.0,0.04603,18.0,0.04604,187.0
1753533591363,12:39:51.363,ACT/USDT:USDT,0.046,2.0,0.04599,937.0,0.04603,18.0,0.04604,187.0
1753533591860,12:39:51.860,ACT/USDT:USDT,0.046,2.0,0.04599,937.0,0.04603,18.0,0.04604,187.0
1753533593224,12:39:53.224,ACT/USDT:USDT,0.046,2.0,0.04599,750.0,0.04603,18.0,0.04604,187.0
1753533593365,12:39:53.365,ACT/USDT:USDT,0.046,2.0,0.04599,750.0,0.04603,18.0,0.04604,187.0
1753533596058,12:39:56.058,ACT/USDT:USDT,0.046,2.0,0.04599,55.0,0.04603,206.0,0.04604,187.0
1753533596077,12:39:56.077,ACT/USDT:USDT,0.046,2.0,0.04598,239.0,0.04603,206.0,0.04604,187.0
1753533596183,12:39:56.183,ACT/USDT:USDT,0.04599,2.0,0.04598,239.0,0.04603,206.0,0.04604,187.0
1753533596318,12:39:56.318,ACT/USDT:USDT,0.04599,2.0,0.04598,239.0,0.04602,12.0,0.04603,206.0
1753533596755,12:39:56.755,ACT/USDT:USDT,0.04599,11.0,0.04598,239.0,0.04602,12.0,0.04603,206.0
1753533596781,12:39:56.781,ACT/USDT:USDT,0.04599,9.0,0.04598,239.0,0.04602,12.0,0.04603,206.0
1753533598847,12:39:58.847,ACT/USDT:USDT,0.04599,197.0,0.04598,239.0,0.04602,12.0,0.04603,197.0
1753533599174,12:39:59.174,ACT/USDT:USDT,0.04599,197.0,0.04598,239.0,0.04602,12.0,0.04603,197.0
1753533599598,12:39:59.598,ACT/USDT:USDT,0.04599,252.0,0.04598,184.0,0.04602,12.0,0.04604,187.0
1753533599683,12:39:59.683,ACT/USDT:USDT,0.04599,252.0,0.04598,184.0,0.04603,12.0,0.04604,187.0
1753533599782,12:39:59.782,ACT/USDT:USDT,0.046,2.0,0.04599,252.0,0.04603,12.0,0.04604,187.0
1753533600009,12:40:00.009,ACT/USDT:USDT,0.046,2.0,0.04599,252.0,0.04603,12.0,0.04604,187.0
1753533600349,12:40:00.349,ACT/USDT:USDT,0.046,2.0,0.04599,252.0,0.04603,12.0,0.04604,187.0
1753533600423,12:40:00.423,ACT/USDT:USDT,0.046,2.0,0.04599,252.0,0.04603,12.0,0.04604,187.0
1753533600646,12:40:00.646,ACT/USDT:USDT,0.046,2.0,0.04599,252.0,0.04603,21.0,0.04604,187.0
1753533600681,12:40:00.681,ACT/USDT:USDT,0.046,2.0,0.04599,252.0,0.04603,9.0,0.04604,187.0
1753533600849,12:40:00.849,ACT/USDT:USDT,0.046,2.0,0.04599,252.0,0.04603,9.0,0.04604,187.0
1753533601673,12:40:01.673,ACT/USDT:USDT,0.046,2.0,0.04599,252.0,0.04603,9.0,0.04604,187.0
1753533601718,12:40:01.718,ACT/USDT:USDT,0.046,2.0,0.04599,252.0,0.04604,18.0,0.04605,188.0
1753533601858,12:40:01.858,ACT/USDT:USDT,0.046,2.0,0.04599,252.0,0.04603,12.0,0.04604,9.0
1753533602553,12:40:02.553,ACT/USDT:USDT,0.046,2.0,0.04599,252.0,0.04603,12.0,0.04604,9.0
1753533606128,12:40:06.128,ACT/USDT:USDT,0.046,2.0,0.04599,252.0,0.04603,21.0,0.04604,9.0
1753533606182,12:40:06.182,ACT/USDT:USDT,0.046,2.0,0.04599,252.0,0.04603,9.0,0.04604,9.0
1753533615565,12:40:15.565,ACT/USDT:USDT,0.046,2.0,0.04599,252.0,0.04603,9.0,0.04604,9.0
1753533615589,12:40:15.589,ACT/USDT:USDT,0.046,2.0,0.04599,1229.0,0.04603,9.0,0.04604,9.0
1753533615737,12:40:15.737,ACT/USDT:USDT,0.046,2.0,0.04599,1229.0,0.04603,9.0,0.04604,9.0
1753533616866,12:40:16.866,ACT/USDT:USDT,0.046,2.0,0.04599,1229.0,0.04603,9.0,0.04604,9.0
1753533616900,12:40:16.900,ACT/USDT:USDT,0.046,2.0,0.04599,1229.0,0.04603,9.0,0.04604,9.0
1753533627440,12:40:27.440,ACT/USDT:USDT,0.046,2.0,0.04599,1229.0,0.04603,9.0,0.04604,9.0
1753533627798,12:40:27.798,ACT/USDT:USDT,0.046,2.0,0.04599,986.0,0.04603,191.0,0.04604,9.0
1753533628118,12:40:28.118,ACT/USDT:USDT,0.046,2.0,0.04599,977.0,0.04602,191.0,0.04603,191.0
1753533628200,12:40:28.200,ACT/USDT:USDT,0.046,2.0,0.04599,977.0,0.04602,191.0,0.04603,191.0
1753533628424,12:40:28.424,ACT/USDT:USDT,0.046,2.0,0.04599,977.0,0.04602,191.0,0.04603,191.0
1753533628847,12:40:28.847,ACT/USDT:USDT,0.046,2.0,0.04599,977.0,0.04602,191.0,0.04603,191.0
1753533629275,12:40:29.275,ACT/USDT:USDT,0.046,2.0,0.04599,977.0,0.04602,200.0,0.04603,191.0
1753533631066,12:40:31.066,ACT/USDT:USDT,0.046,2.0,0.04599,977.0,0.04603,191.0,0.04605,188.0
1753533631296,12:40:31.296,ACT/USDT:USDT,0.046,2.0,0.04599,977.0,0.04603,200.0,0.04605,188.0
1753533631710,12:40:31.710,ACT/USDT:USDT,0.046,2.0,0.04599,977.0,0.04603,200.0,0.04605,188.0
1753533633759,12:40:33.759,ACT/USDT:USDT,0.046,11.0,0.04599,977.0,0.04605,188.0,0.04606,100.0
1753533633814,12:40:33.814,ACT/USDT:USDT,0.046,11.0,0.04599,1032.0,0.04604,12.0,0.04605,188.0
1753533634959,12:40:34.959,ACT/USDT:USDT,0.046,11.0,0.04599,1032.0,0.04604,12.0,0.04605,188.0
1753533637028,12:40:37.028,ACT/USDT:USDT,0.046,11.0,0.04599,1032.0,0.04604,21.0,0.04605,188.0
1753533637181,12:40:37.181,ACT/USDT:USDT,0.046,11.0,0.04599,1032.0,0.04604,21.0,0.04605,188.0
1753533640058,12:40:40.058,ACT/USDT:USDT,0.046,2.0,0.04599,977.0,0.04603,204.0,0.04604,12.0
1753533640179,12:40:40.179,ACT/USDT:USDT,0.046,2.0,0.04599,977.0,0.04603,204.0,0.04605,188.0
1753533641015,12:40:41.015,ACT/USDT:USDT,0.046,2.0,0.04599,977.0,0.04603,204.0,0.04605,188.0
1753533644462,12:40:44.462,ACT/USDT:USDT,0.046,11.0,0.04599,977.0,0.04603,204.0,0.04605,188.0
1753533644488,12:40:44.488,ACT/USDT:USDT,0.046,9.0,0.04599,977.0,0.04603,204.0,0.04605,188.0
1753533645318,12:40:45.318,ACT/USDT:USDT,0.046,9.0,0.04599,977.0,0.04603,195.0,0.04605,188.0
1753533646271,12:40:46.271,ACT/USDT:USDT,0.046,9.0,0.04599,977.0,0.04603,195.0,0.04605,188.0
1753533646417,12:40:46.417,ACT/USDT:USDT,0.04599,1032.0,0.04597,184.0,0.04605,188.0,0.04606,100.0
1753533646498,12:40:46.498,ACT/USDT:USDT,0.046,2.0,0.04599,1032.0,0.04604,12.0,0.04605,188.0
1753533646652,12:40:46.652,ACT/USDT:USDT,0.046,2.0,0.04599,1032.0,0.04604,12.0,0.04605,188.0
1753533647419,12:40:47.419,ACT/USDT:USDT,0.046,11.0,0.04599,1032.0,0.04604,21.0,0.04605,188.0
1753533647561,12:40:47.561,ACT/USDT:USDT,0.046,11.0,0.04599,1032.0,0.04604,201.0,0.04605,188.0
1753533647878,12:40:47.878,ACT/USDT:USDT,0.046,11.0,0.04599,1032.0,0.04604,201.0,0.04605,188.0
1753533659622,12:40:59.622,ACT/USDT:USDT,0.046,200.0,0.04599,1032.0,0.04604,201.0,0.04605,188.0
1753533659862,12:40:59.862,ACT/USDT:USDT,0.046,200.0,0.04599,1032.0,0.04604,201.0,0.04605,188.0
1753533662667,12:41:02.667,ACT/USDT:USDT,0.046,200.0,0.04599,1032.0,0.04604,201.0,0.04605,188.0
1753533662678,12:41:02.678,ACT/USDT:USDT,0.046,200.0,0.04599,1032.0,0.04604,201.0,0.04605,188.0
1753533663828,12:41:03.828,ACT/USDT:USDT,0.046,200.0,0.04599,1032.0,0.04604,192.0,0.04605,188.0
1753533664566,12:41:04.566,ACT/USDT:USDT,0.04601,253.0,0.046,1271.0,0.04604,12.0,0.04606,100.0
1753533664582,12:41:04.582,ACT/USDT:USDT,0.04601,253.0,0.046,1269.0,0.04605,12.0,0.04606,100.0
1753533664745,12:41:04.745,ACT/USDT:USDT,0.04602,200.0,0.04601,244.0,0.04605,12.0,0.04606,100.0
1753533664782,12:41:04.782,ACT/USDT:USDT,0.04602,198.0,0.04601,244.0,0.04605,12.0,0.04606,100.0
1753533664889,12:41:04.889,ACT/USDT:USDT,0.04602,198.0,0.04601,244.0,0.04605,12.0,0.04606,100.0
1753533664992,12:41:04.992,ACT/USDT:USDT,0.04602,198.0,0.04601,244.0,0.04605,12.0,0.04606,100.0
1753533665258,12:41:05.258,ACT/USDT:USDT,0.04602,198.0,0.04601,189.0,0.04605,12.0,0.04606,100.0
1753533665498,12:41:05.498,ACT/USDT:USDT,0.04602,198.0,0.04601,189.0,0.04605,12.0,0.04606,100.0
1753533665844,12:41:05.844,ACT/USDT:USDT,0.04602,198.0,0.04601,189.0,0.04605,12.0,0.04606,100.0
1753533665898,12:41:05.898,ACT/USDT:USDT,0.04602,198.0,0.04601,189.0,0.04605,12.0,0.04606,100.0
1753533665981,12:41:05.981,ACT/USDT:USDT,0.04602,198.0,0.04601,1166.0,0.04605,12.0,0.04606,100.0
1753533667072,12:41:07.072,ACT/USDT:USDT,0.04602,198.0,0.04601,1166.0,0.04605,12.0,0.04606,100.0
1753533671159,12:41:11.159,ACT/USDT:USDT,0.04602,198.0,0.04601,1166.0,0.04605,12.0,0.04606,100.0
1753533671179,12:41:11.179,ACT/USDT:USDT,0.04602,198.0,0.04601,1166.0,0.04605,12.0,0.04606,100.0
1753533672864,12:41:12.864,ACT/USDT:USDT,0.04602,198.0,0.04601,1221.0,0.04605,12.0,0.04606,100.0
1753533673241,12:41:13.241,ACT/USDT:USDT,0.04602,198.0,0.04601,1221.0,0.04605,12.0,0.04606,100.0
1753533675357,12:41:15.357,ACT/USDT:USDT,0.04602,198.0,0.04601,1221.0,0.04605,12.0,0.04607,183.0
1753533675386,12:41:15.386,ACT/USDT:USDT,0.04602,253.0,0.04601,1166.0,0.04606,12.0,0.04607,183.0
1753533675494,12:41:15.494,ACT/USDT:USDT,0.04603,2.0,0.04602,253.0,0.04606,21.0,0.04607,183.0
1753533675597,12:41:15.597,ACT/USDT:USDT,0.04603,2.0,0.04602,253.0,0.04606,9.0,0.04607,183.0
1753533675977,12:41:15.977,ACT/USDT:USDT,0.04603,2.0,0.04602,253.0,0.04606,9.0,0.04607,183.0
1753533676930,12:41:16.930,ACT/USDT:USDT,0.04603,2.0,0.04602,253.0,0.04606,9.0,0.04607,183.0
1753533677196,12:41:17.196,ACT/USDT:USDT,0.04603,2.0,0.04602,253.0,0.04606,9.0,0.04607,183.0
1753533678035,12:41:18.035,ACT/USDT:USDT,0.04603,2.0,0.04602,253.0,0.04607,192.0,0.04608,186.0
1753533678143,12:41:18.143,ACT/USDT:USDT,0.04603,2.0,0.04602,253.0,0.04606,12.0,0.04607,192.0
1753533678372,12:41:18.372,ACT/USDT:USDT,0.04603,2.0,0.04602,253.0,0.04606,12.0,0.04607,192.0
1753533680058,12:41:20.058,ACT/USDT:USDT,0.04603,2.0,0.04602,253.0,0.04606,12.0,0.04607,192.0
1753533680078,12:41:20.078,ACT/USDT:USDT,0.04603,2.0,0.04602,253.0,0.04606,12.0,0.04607,192.0
1753533680292,12:41:20.292,ACT/USDT:USDT,0.04603,2.0,0.04602,253.0,0.04606,21.0,0.04607,192.0
1753533680382,12:41:20.382,ACT/USDT:USDT,0.04603,2.0,0.04602,253.0,0.04606,9.0,0.04607,192.0
1753533680855,12:41:20.855,ACT/USDT:USDT,0.04603,2.0,0.04602,253.0,0.04606,9.0,0.04607,192.0
1753533682720,12:41:22.720,ACT/USDT:USDT,0.04603,2.0,0.04601,1221.0,0.04606,196.0,0.04607,192.0
1753533682783,12:41:22.783,ACT/USDT:USDT,0.04602,2.0,0.04601,1221.0,0.04606,196.0,0.04607,192.0
1753533682895,12:41:22.895,ACT/USDT:USDT,0.04602,2.0,0.04601,1221.0,0.04605,21.0,0.04606,196.0
1753533682984,12:41:22.984,ACT/USDT:USDT,0.04602,2.0,0.04601,1221.0,0.04605,9.0,0.04606,196.0
1753533683288,12:41:23.288,ACT/USDT:USDT,0.04602,2.0,0.04601,1221.0,0.04605,9.0,0.04606,196.0
1753533683706,12:41:23.706,ACT/USDT:USDT,0.04602,2.0,0.04601,1221.0,0.04605,9.0,0.04606,196.0
1753533687838,12:41:27.838,ACT/USDT:USDT,0.04602,247.0,0.04601,1166.0,0.04606,9.0,0.04607,183.0
1753533687882,12:41:27.882,ACT/USDT:USDT,0.04602,247.0,0.04601,1166.0,0.04605,12.0,0.04606,9.0
1753533687982,12:41:27.982,ACT/USDT:USDT,0.04602,245.0,0.04601,1166.0,0.04605,12.0,0.04606,9.0
1753533697439,12:41:37.439,ACT/USDT:USDT,0.04602,245.0,0.04601,1166.0,0.04605,12.0,0.04606,9.0
1753533702571,12:41:42.571,ACT/USDT:USDT,0.04603,182.0,0.04602,245.0,0.04605,12.0,0.04606,9.0
1753533702675,12:41:42.675,ACT/USDT:USDT,0.04603,182.0,0.04602,245.0,0.04605,12.0,0.04608,186.0
1753533702766,12:41:42.766,ACT/USDT:USDT,0.04603,182.0,0.04602,919.0,0.04607,12.0,0.04608,186.0
1753533702858,12:41:42.858,ACT/USDT:USDT,0.04604,2.0,0.04603,237.0,0.04607,21.0,0.04608,186.0
1753533702891,12:41:42.891,ACT/USDT:USDT,0.04604,2.0,0.04603,237.0,0.04607,9.0,0.04608,186.0
1753533703072,12:41:43.072,ACT/USDT:USDT,0.04604,2.0,0.04603,237.0,0.04607,9.0,0.04608,186.0
1753533703126,12:41:43.126,ACT/USDT:USDT,0.04604,2.0,0.04603,237.0,0.04607,9.0,0.04608,186.0
1753533703967,12:41:43.967,ACT/USDT:USDT,0.04604,2.0,0.04603,237.0,0.04607,9.0,0.04608,186.0
1753533703998,12:41:43.998,ACT/USDT:USDT,0.04604,2.0,0.04603,237.0,0.04607,9.0,0.04608,186.0
1753533704144,12:41:44.144,ACT/USDT:USDT,0.04604,2.0,0.04603,237.0,0.04607,18.0,0.04608,186.0
1753533704242,12:41:44.242,ACT/USDT:USDT,0.04604,2.0,0.04603,237.0,0.04607,18.0,0.04608,186.0
1753533704389,12:41:44.389,ACT/USDT:USDT,0.04604,2.0,0.04603,237.0,0.04607,18.0,0.04608,186.0
1753533704823,12:41:44.823,ACT/USDT:USDT,0.04604,2.0,0.04603,237.0,0.04607,18.0,0.04608,186.0
1753533708038,12:41:48.038,ACT/USDT:USDT,0.04604,2.0,0.04603,237.0,0.04607,9.0,0.04608,186.0
1753533708295,12:41:48.295,ACT/USDT:USDT,0.04604,2.0,0.04603,237.0,0.04607,18.0,0.04608,186.0
1753533714818,12:41:54.818,ACT/USDT:USDT,0.04604,2.0,0.04603,237.0,0.04607,18.0,0.04608,186.0
1753533715462,12:41:55.462,ACT/USDT:USDT,0.04604,2.0,0.04603,237.0,0.04607,205.0,0.04608,186.0
1753533715517,12:41:55.517,ACT/USDT:USDT,0.04604,2.0,0.04602,1221.0,0.04607,205.0,0.04608,186.0
1753533715585,12:41:55.585,ACT/USDT:USDT,0.04603,2.0,0.04602,1221.0,0.04607,205.0,0.04608,186.0
1753533715686,12:41:55.686,ACT/USDT:USDT,0.04603,11.0,0.04602,1212.0,0.04606,12.0,0.04607,205.0
1753533715784,12:41:55.784,ACT/USDT:USDT,0.04603,9.0,0.04602,1212.0,0.04606,12.0,0.04607,205.0
1753533716086,12:41:56.086,ACT/USDT:USDT,0.04603,9.0,0.04602,1212.0,0.04606,12.0,0.04607,205.0
1753533716502,12:41:56.502,ACT/USDT:USDT,0.04603,9.0,0.04602,1212.0,0.04606,12.0,0.04607,205.0
1753533716670,12:41:56.670,ACT/USDT:USDT,0.04603,9.0,0.04602,1212.0,0.04606,12.0,0.04607,196.0
1753533716752,12:41:56.752,ACT/USDT:USDT,0.04602,1221.0,0.04601,189.0,0.04606,12.0,0.04607,196.0
1753533716783,12:41:56.783,ACT/USDT:USDT,0.04603,2.0,0.04602,1221.0,0.04606,12.0,0.04607,196.0
1753533716916,12:41:56.916,ACT/USDT:USDT,0.04603,2.0,0.04602,1221.0,0.04606,12.0,0.04607,196.0
1753533717230,12:41:57.230,ACT/USDT:USDT,0.04603,2.0,0.04602,1221.0,0.04606,21.0,0.04607,196.0
1753533717290,12:41:57.290,ACT/USDT:USDT,0.04603,2.0,0.04602,1221.0,0.04606,9.0,0.04607,196.0
1753533718242,12:41:58.242,ACT/USDT:USDT,0.04603,2.0,0.04602,1221.0,0.04606,191.0,0.04607,196.0
1753533719106,12:41:59.106,ACT/USDT:USDT,0.04603,2.0,0.04602,1031.0,0.04606,191.0,0.04607,196.0
1753533719663,12:41:59.663,ACT/USDT:USDT,0.04603,2.0,0.04602,976.0,0.04606,191.0,0.04607,196.0
1753533720673,12:42:00.673,ACT/USDT:USDT,0.04603,2.0,0.04602,976.0,0.04606,191.0,0.04607,196.0
1753533720738,12:42:00.738,ACT/USDT:USDT,0.04603,2.0,0.04602,976.0,0.04605,200.0,0.04606,191.0
1753533721778,12:42:01.778,ACT/USDT:USDT,0.04603,2.0,0.04602,976.0,0.04605,200.0,0.04606,191.0
1753533722924,12:42:02.924,ACT/USDT:USDT,0.04603,2.0,0.04602,976.0,0.04604,200.0,0.04605,200.0
1753533723002,12:42:03.002,ACT/USDT:USDT,0.04602,976.0,0.046,55.0,0.04604,200.0,0.04605,200.0
1753533723416,12:42:03.416,ACT/USDT:USDT,0.04602,976.0,0.046,55.0,0.04604,200.0,0.04605,200.0
1753533724458,12:42:04.458,ACT/USDT:USDT,0.04602,976.0,0.046,55.0,0.04604,200.0,0.04605,200.0
1753533724479,12:42:04.479,ACT/USDT:USDT,0.04602,976.0,0.04599,55.0,0.04604,200.0,0.04605,200.0
1753533724632,12:42:04.632,ACT/USDT:USDT,0.04602,976.0,0.04599,55.0,0.04604,200.0,0.04605,200.0
1753533725049,12:42:05.049,ACT/USDT:USDT,0.04602,976.0,0.04599,55.0,0.04604,200.0,0.04605,200.0
1753533726053,12:42:06.053,ACT/USDT:USDT,0.04602,976.0,0.04599,55.0,0.04604,191.0,0.04605,191.0
1753533726398,12:42:06.398,ACT/USDT:USDT,0.04602,976.0,0.04599,55.0,0.04604,191.0,0.04605,191.0
1753533727364,12:42:07.364,ACT/USDT:USDT,0.04602,976.0,0.04599,55.0,0.04604,200.0,0.04605,191.0
1753533728173,12:42:08.173,ACT/USDT:USDT,0.04602,976.0,0.04599,55.0,0.04604,191.0,0.04605,191.0
1753533730004,12:42:10.004,ACT/USDT:USDT,0.04602,976.0,0.04599,55.0,0.04604,191.0,0.04605,191.0
1753533731419,12:42:11.419,ACT/USDT:USDT,0.04602,976.0,0.04599,55.0,0.04604,200.0,0.04605,191.0
1753533732471,12:42:12.471,ACT/USDT:USDT,0.04602,976.0,0.04599,55.0,0.04604,191.0,0.04605,191.0
1753533736945,12:42:16.945,ACT/USDT:USDT,0.04602,976.0,0.04599,55.0,0.04604,191.0,0.04605,191.0
1753533738166,12:42:18.166,ACT/USDT:USDT,0.04602,976.0,0.04599,55.0,0.04606,180.0,0.04607,187.0
1753533738274,12:42:18.274,ACT/USDT:USDT,0.04603,2.0,0.04602,976.0,0.04605,12.0,0.04606,189.0
1753533738318,12:42:18.318,ACT/USDT:USDT,0.04603,2.0,0.04602,1031.0,0.04605,12.0,0.04606,189.0
1753533738447,12:42:18.447,ACT/USDT:USDT,0.04603,11.0,0.04602,1031.0,0.04605,12.0,0.04606,180.0
1753533738538,12:42:18.538,ACT/USDT:USDT,0.04602,976.0,0.04601,235.0,0.04605,12.0,0.04606,180.0
1753533738820,12:42:18.820,ACT/USDT:USDT,0.04602,976.0,0.04601,235.0,0.04605,12.0,0.04606,180.0
1753533739028,12:42:19.028,ACT/USDT:USDT,0.04602,985.0,0.04601,235.0,0.04605,12.0,0.04606,180.0
1753533740357,12:42:20.357,ACT/USDT:USDT,0.04602,1040.0,0.04601,180.0,0.04605,12.0,0.04607,187.0
1753533740395,12:42:20.395,ACT/USDT:USDT,0.04602,1031.0,0.04601,180.0,0.04606,12.0,0.04607,187.0
1753533740559,12:42:20.559,ACT/USDT:USDT,0.04603,2.0,0.04602,976.0,0.04606,210.0,0.04607,187.0
1753533740659,12:42:20.659,ACT/USDT:USDT,0.04603,2.0,0.04602,976.0,0.04607,187.0,0.04608,186.0
1753533740695,12:42:20.695,ACT/USDT:USDT,0.04603,2.0,0.04602,1031.0,0.04606,21.0,0.04607,187.0
1753533740856,12:42:20.856,ACT/USDT:USDT,0.04603,2.0,0.04602,1031.0,0.04606,9.0,0.04607,187.0
1753533742802,12:42:22.802,ACT/USDT:USDT,0.04603,2.0,0.04602,1031.0,0.04606,189.0,0.04607,187.0
1753533743094,12:42:23.094,ACT/USDT:USDT,0.04603,2.0,0.04602,1031.0,0.04606,189.0,0.04607,187.0
1753533743247,12:42:23.247,ACT/USDT:USDT,0.04603,2.0,0.04602,1031.0,0.04606,9.0,0.04607,187.0
1753533743295,12:42:23.295,ACT/USDT:USDT,0.04603,2.0,0.04602,1031.0,0.04606,18.0,0.04607,187.0
1753533743402,12:42:23.402,ACT/USDT:USDT,0.04603,2.0,0.04602,1031.0,0.04605,198.0,0.04606,9.0
1753533743524,12:42:23.524,ACT/USDT:USDT,0.04603,2.0,0.04602,976.0,0.04605,198.0,0.04606,9.0
1753533743758,12:42:23.758,ACT/USDT:USDT,0.04603,2.0,0.04602,976.0,0.04605,198.0,0.04606,9.0
1753533745022,12:42:25.022,ACT/USDT:USDT,0.04603,2.0,0.04602,976.0,0.04605,189.0,0.04606,9.0
1753533746140,12:42:26.140,ACT/USDT:USDT,0.04603,2.0,0.04602,976.0,0.04607,187.0,0.04608,186.0
1753533746184,12:42:26.184,ACT/USDT:USDT,0.04603,2.0,0.04602,1031.0,0.04607,187.0,0.04608,186.0
1753533746562,12:42:26.562,ACT/USDT:USDT,0.04603,2.0,0.04602,1031.0,0.04606,12.0,0.04607,187.0
1753533748269,12:42:28.269,ACT/USDT:USDT,0.04603,2.0,0.04602,1031.0,0.04606,21.0,0.04607,187.0
1753533748295,12:42:28.295,ACT/USDT:USDT,0.04603,2.0,0.04602,1031.0,0.04607,187.0,0.04608,186.0
1753533748383,12:42:28.383,ACT/USDT:USDT,0.04603,2.0,0.04602,1031.0,0.04606,12.0,0.04607,187.0
1753533749559,12:42:29.559,ACT/USDT:USDT,0.04603,2.0,0.04602,1031.0,0.04606,12.0,0.04607,187.0
1753533749579,12:42:29.579,ACT/USDT:USDT,0.04603,2.0,0.04602,1031.0,0.04606,12.0,0.04607,187.0
1753533749893,12:42:29.893,ACT/USDT:USDT,0.04603,2.0,0.04602,1031.0,0.04606,21.0,0.04607,187.0
1753533749983,12:42:29.983,ACT/USDT:USDT,0.04603,2.0,0.04602,1031.0,0.04606,9.0,0.04607,187.0
1753533750459,12:42:30.459,ACT/USDT:USDT,0.04603,2.0,0.04602,1031.0,0.04606,9.0,0.04607,187.0
1753533750575,12:42:30.575,ACT/USDT:USDT,0.04603,2.0,0.04602,1031.0,0.04606,9.0,0.04607,187.0
1753533750579,12:42:30.579,ACT/USDT:USDT,0.04603,2.0,0.04602,1031.0,0.04606,9.0,0.04607,187.0
1753533753606,12:42:33.606,ACT/USDT:USDT,0.04603,11.0,0.04602,1031.0,0.04607,187.0,0.04608,186.0
1753533753682,12:42:33.682,ACT/USDT:USDT,0.04603,11.0,0.04602,1031.0,0.04606,12.0,0.04607,187.0
1753533753782,12:42:33.782,ACT/USDT:USDT,0.04603,9.0,0.04602,1031.0,0.04606,12.0,0.04607,187.0
1753533755358,12:42:35.358,ACT/USDT:USDT,0.04603,9.0,0.04602,1031.0,0.04606,12.0,0.04607,187.0
1753533756058,12:42:36.058,ACT/USDT:USDT,0.04602,1031.0,0.04601,180.0,0.04606,30.0,0.04607,187.0
1753533756083,12:42:36.083,ACT/USDT:USDT,0.04603,2.0,0.04602,1031.0,0.04606,30.0,0.04607,187.0
1753533756182,12:42:36.182,ACT/USDT:USDT,0.04603,2.0,0.04602,1031.0,0.04606,18.0,0.04607,187.0
1753533756411,12:42:36.411,ACT/USDT:USDT,0.04603,2.0,0.04602,1031.0,0.04606,9.0,0.04607,187.0
1753533756726,12:42:36.726,ACT/USDT:USDT,0.04603,2.0,0.04602,1031.0,0.04606,18.0,0.04607,187.0
1753533756875,12:42:36.875,ACT/USDT:USDT,0.04603,2.0,0.04602,1031.0,0.04606,18.0,0.04607,187.0
1753533756878,12:42:36.878,ACT/USDT:USDT,0.04603,2.0,0.04602,1031.0,0.04606,9.0,0.04607,187.0
1753533757030,12:42:37.030,ACT/USDT:USDT,0.04603,2.0,0.04602,1031.0,0.04606,18.0,0.04607,187.0
1753533757182,12:42:37.182,ACT/USDT:USDT,0.04603,2.0,0.04602,1031.0,0.04607,187.0,0.04608,186.0
1753533757354,12:42:37.354,ACT/USDT:USDT,0.04603,2.0,0.04602,1031.0,0.04606,21.0,0.04607,187.0
1753533757435,12:42:37.435,ACT/USDT:USDT,0.04603,2.0,0.04602,1031.0,0.04606,191.0,0.04607,196.0
1753533759108,12:42:39.108,ACT/USDT:USDT,0.04603,2.0,0.04602,1031.0,0.04606,191.0,0.04607,196.0
1753533761138,12:42:41.138,ACT/USDT:USDT,0.04603,2.0,0.04602,1031.0,0.04606,191.0,0.04607,196.0
1753533762751,12:42:42.751,ACT/USDT:USDT,0.04603,2.0,0.04602,1031.0,0.04606,191.0,0.04607,196.0
1753533763878,12:42:43.878,ACT/USDT:USDT,0.04603,2.0,0.04602,1031.0,0.04606,200.0,0.04607,187.0
1753533766970,12:42:46.970,ACT/USDT:USDT,0.04603,2.0,0.04602,976.0,0.04606,200.0,0.04607,187.0
1753533768220,12:42:48.220,ACT/USDT:USDT,0.04603,2.0,0.04602,976.0,0.04606,200.0,0.04607,187.0
1753533768884,12:42:48.884,ACT/USDT:USDT,0.04603,2.0,0.04602,976.0,0.04606,200.0,0.04607,187.0
1753533769383,12:42:49.383,ACT/USDT:USDT,0.04603,2.0,0.04602,976.0,0.04606,191.0,0.04607,187.0
1753533771527,12:42:51.527,ACT/USDT:USDT,0.04603,2.0,0.04602,976.0,0.04606,200.0,0.04607,187.0
1753533779737,12:42:59.737,ACT/USDT:USDT,0.04603,2.0,0.04602,1031.0,0.04607,187.0,0.04608,186.0
1753533779785,12:42:59.785,ACT/USDT:USDT,0.04603,11.0,0.04602,1031.0,0.04606,12.0,0.04607,187.0
1753533779882,12:42:59.882,ACT/USDT:USDT,0.04603,9.0,0.04602,1031.0,0.04606,12.0,0.04607,187.0
1753533780222,12:43:00.222,ACT/USDT:USDT,0.04603,9.0,0.04602,1031.0,0.04606,12.0,0.04607,187.0
1753533781055,12:43:01.055,ACT/USDT:USDT,0.04603,9.0,0.04602,1031.0,0.04606,21.0,0.04607,187.0
1753533781081,12:43:01.081,ACT/USDT:USDT,0.04603,9.0,0.04602,1031.0,0.04606,9.0,0.04607,187.0
1753533781535,12:43:01.535,ACT/USDT:USDT,0.04602,1031.0,0.04601,180.0,0.04607,187.0,0.04608,186.0
1753533781595,12:43:01.595,ACT/USDT:USDT,0.04603,11.0,0.04602,1031.0,0.04606,12.0,0.04607,187.0
1753533781681,12:43:01.681,ACT/USDT:USDT,0.04603,9.0,0.04602,1031.0,0.04606,12.0,0.04607,187.0
1753533781793,12:43:01.793,ACT/USDT:USDT,0.04603,9.0,0.04602,1031.0,0.04606,21.0,0.04607,187.0
1753533781882,12:43:01.882,ACT/USDT:USDT,0.04603,9.0,0.04602,1031.0,0.04606,9.0,0.04607,187.0
1753533782819,12:43:02.819,ACT/USDT:USDT,0.04602,1031.0,0.04601,180.0,0.04607,187.0,0.04608,186.0
1753533782918,12:43:02.918,ACT/USDT:USDT,0.04603,2.0,0.04602,1031.0,0.04606,21.0,0.04607,187.0
1753533782985,12:43:02.985,ACT/USDT:USDT,0.04603,11.0,0.04602,1031.0,0.04606,9.0,0.04607,187.0
1753533783089,12:43:03.089,ACT/USDT:USDT,0.04603,9.0,0.04602,1031.0,0.04606,9.0,0.04607,187.0
1753533783658,12:43:03.658,ACT/USDT:USDT,0.04603,195.0,0.04602,1031.0,0.04608,186.0,0.04609,282.0
1753533783718,12:43:03.718,ACT/USDT:USDT,0.04604,2.0,0.04603,250.0,0.04607,12.0,0.04608,186.0
1753533783917,12:43:03.917,ACT/USDT:USDT,0.04604,2.0,0.04603,250.0,0.04607,12.0,0.04608,186.0
1753533784342,12:43:04.342,ACT/USDT:USDT,0.04604,2.0,0.04603,250.0,0.04607,12.0,0.04608,186.0
