timestamp,time,symbol,bid1_price,bid1_volume,bid2_price,bid2_volume,ask1_price,ask1_volume,ask2_price,ask2_volume
1753533020000,12:30:20.000,AXS/USDT:USDT,2.592,905.0,2.591,4378.0,2.593,909.0,2.594,2099.0
1753533022523,12:30:22.523,AXS/USDT:USDT,2.592,905.0,2.591,4378.0,2.593,909.0,2.594,2099.0
1753533022553,12:30:22.553,AXS/USDT:USDT,2.592,905.0,2.591,4379.0,2.593,909.0,2.594,2099.0
1753533023342,12:30:23.342,AXS/USDT:USDT,2.591,4379.0,2.59,13768.0,2.593,909.0,2.594,2099.0
1753533023361,12:30:23.361,AXS/USDT:USDT,2.591,4379.0,2.59,13768.0,2.593,909.0,2.594,2176.0
1753533025088,12:30:25.088,AXS/USDT:USDT,2.591,4379.0,2.59,13768.0,2.593,909.0,2.594,2176.0
1753533025905,12:30:25.905,AXS/USDT:USDT,2.591,4379.0,2.59,13768.0,2.593,909.0,2.594,2176.0
1753533027409,12:30:27.409,AXS/USDT:USDT,2.591,4379.0,2.59,13768.0,2.593,909.0,2.594,2176.0
1753533028490,12:30:28.490,AXS/USDT:USDT,2.591,4379.0,2.59,13768.0,2.593,909.0,2.594,2176.0
1753533028928,12:30:28.928,AXS/USDT:USDT,2.591,4379.0,2.59,13768.0,2.593,909.0,2.594,2176.0
1753533029509,12:30:29.509,AXS/USDT:USDT,2.591,4379.0,2.59,13768.0,2.593,909.0,2.594,2176.0
1753533029888,12:30:29.888,AXS/USDT:USDT,2.591,4379.0,2.59,13768.0,2.593,909.0,2.594,2176.0
1753533032003,12:30:32.003,AXS/USDT:USDT,2.591,4379.0,2.59,13768.0,2.593,909.0,2.594,2176.0
1753533034044,12:30:34.044,AXS/USDT:USDT,2.591,924.0,2.59,13768.0,2.592,908.0,2.593,1238.0
1753533034146,12:30:34.146,AXS/USDT:USDT,2.591,924.0,2.59,11727.0,2.592,908.0,2.593,2035.0
1753533034160,12:30:34.160,AXS/USDT:USDT,2.591,924.0,2.59,12524.0,2.592,908.0,2.593,1238.0
1753533034255,12:30:34.255,AXS/USDT:USDT,2.591,924.0,2.59,12524.0,2.592,908.0,2.593,1238.0
1753533034387,12:30:34.387,AXS/USDT:USDT,2.591,924.0,2.59,12524.0,2.592,908.0,2.593,1238.0
1753533034690,12:30:34.690,AXS/USDT:USDT,2.591,924.0,2.59,12524.0,2.592,908.0,2.593,1238.0
1753533035410,12:30:35.410,AXS/USDT:USDT,2.591,924.0,2.59,12524.0,2.592,908.0,2.593,1238.0
1753533035613,12:30:35.613,AXS/USDT:USDT,2.591,924.0,2.59,12524.0,2.592,908.0,2.593,1238.0
1753533038212,12:30:38.212,AXS/USDT:USDT,2.591,924.0,2.59,12524.0,2.592,908.0,2.593,1238.0
1753533038521,12:30:38.521,AXS/USDT:USDT,2.591,2.0,2.59,12524.0,2.592,908.0,2.593,1315.0
1753533038689,12:30:38.689,AXS/USDT:USDT,2.591,2.0,2.59,11727.0,2.592,908.0,2.593,2112.0
1753533039074,12:30:39.074,AXS/USDT:USDT,2.591,2.0,2.59,11727.0,2.592,908.0,2.593,2112.0
1753533039490,12:30:39.490,AXS/USDT:USDT,2.591,2.0,2.59,11727.0,2.592,908.0,2.593,2112.0
1753533039861,12:30:39.861,AXS/USDT:USDT,2.591,910.0,2.59,11727.0,2.592,908.0,2.593,2035.0
1753533040129,12:30:40.129,AXS/USDT:USDT,2.591,910.0,2.59,12524.0,2.592,908.0,2.593,2035.0
1753533042329,12:30:42.329,AXS/USDT:USDT,2.591,910.0,2.59,12524.0,2.592,908.0,2.593,2035.0
1753533042793,12:30:42.793,AXS/USDT:USDT,2.591,910.0,2.59,12524.0,2.592,908.0,2.593,2035.0
1753533042956,12:30:42.956,AXS/USDT:USDT,2.591,910.0,2.59,12524.0,2.592,908.0,2.593,2035.0
1753533044311,12:30:44.311,AXS/USDT:USDT,2.591,910.0,2.59,11516.0,2.592,908.0,2.593,2035.0
1753533044571,12:30:44.571,AXS/USDT:USDT,2.591,910.0,2.59,11516.0,2.592,908.0,2.593,2035.0
1753533045442,12:30:45.442,AXS/USDT:USDT,2.591,2.0,2.59,13161.0,2.592,908.0,2.593,2035.0
1753533045460,12:30:45.460,AXS/USDT:USDT,2.591,2.0,2.59,13161.0,2.592,908.0,2.593,2112.0
1753533047425,12:30:47.425,AXS/USDT:USDT,2.591,2.0,2.59,13161.0,2.592,908.0,2.593,2112.0
1753533047926,12:30:47.926,AXS/USDT:USDT,2.591,2.0,2.59,13161.0,2.592,908.0,2.593,2112.0
1753533049104,12:30:49.104,AXS/USDT:USDT,2.591,2.0,2.59,13161.0,2.592,908.0,2.593,2112.0
1753533049996,12:30:49.996,AXS/USDT:USDT,2.591,930.0,2.59,13161.0,2.592,908.0,2.593,2035.0
1753533050690,12:30:50.690,AXS/USDT:USDT,2.591,930.0,2.59,11516.0,2.592,908.0,2.593,1706.0
1753533053801,12:30:53.801,AXS/USDT:USDT,2.591,2.0,2.59,11516.0,2.592,908.0,2.593,1783.0
1753533053889,12:30:53.889,AXS/USDT:USDT,2.591,2.0,2.59,11516.0,2.592,908.0,2.593,1783.0
1753533054070,12:30:54.070,AXS/USDT:USDT,2.591,2.0,2.59,11516.0,2.592,908.0,2.593,1783.0
1753533055410,12:30:55.410,AXS/USDT:USDT,2.591,2.0,2.59,4942.0,2.592,908.0,2.593,1783.0
1753533055461,12:30:55.461,AXS/USDT:USDT,2.59,4944.0,2.589,12331.0,2.592,908.0,2.593,1783.0
1753533055614,12:30:55.614,AXS/USDT:USDT,2.59,4944.0,2.589,12331.0,2.592,908.0,2.593,1783.0
1753533055745,12:30:55.745,AXS/USDT:USDT,2.59,4944.0,2.589,12331.0,2.592,908.0,2.593,1783.0
1753533055816,12:30:55.816,AXS/USDT:USDT,2.59,4944.0,2.589,12331.0,2.592,908.0,2.593,1783.0
1753533057844,12:30:57.844,AXS/USDT:USDT,2.59,4944.0,2.589,12331.0,2.592,908.0,2.593,1783.0
1753533058038,12:30:58.038,AXS/USDT:USDT,2.59,4944.0,2.589,12331.0,2.592,908.0,2.593,1783.0
1753533058340,12:30:58.340,AXS/USDT:USDT,2.59,4944.0,2.589,12331.0,2.592,908.0,2.593,1783.0
1753533058584,12:30:58.584,AXS/USDT:USDT,2.59,4944.0,2.589,12331.0,2.592,908.0,2.593,1783.0
1753533058690,12:30:58.690,AXS/USDT:USDT,2.59,4944.0,2.589,12331.0,2.592,908.0,2.593,1783.0
1753533058796,12:30:58.796,AXS/USDT:USDT,2.59,4944.0,2.589,12331.0,2.592,908.0,2.593,1783.0
1753533058989,12:30:58.989,AXS/USDT:USDT,2.59,4944.0,2.589,12331.0,2.592,908.0,2.593,1783.0
1753533059172,12:30:59.172,AXS/USDT:USDT,2.59,4944.0,2.589,12331.0,2.592,908.0,2.593,1783.0
1753533059344,12:30:59.344,AXS/USDT:USDT,2.59,4944.0,2.589,12331.0,2.592,908.0,2.593,1783.0
1753533059430,12:30:59.430,AXS/USDT:USDT,2.59,4147.0,2.589,12331.0,2.592,908.0,2.593,1783.0
1753533059729,12:30:59.729,AXS/USDT:USDT,2.59,4147.0,2.589,13494.0,2.592,908.0,2.593,2112.0
1753533059806,12:30:59.806,AXS/USDT:USDT,2.59,4147.0,2.589,13494.0,2.592,908.0,2.593,2112.0
1753533060015,12:31:00.015,AXS/USDT:USDT,2.59,4147.0,2.589,13494.0,2.592,908.0,2.593,2112.0
1753533060631,12:31:00.631,AXS/USDT:USDT,2.59,943.0,2.589,12331.0,2.592,1680.0,2.593,2572.0
1753533060650,12:31:00.650,AXS/USDT:USDT,2.59,4147.0,2.589,12331.0,2.592,1680.0,2.593,2572.0
1753533060838,12:31:00.838,AXS/USDT:USDT,2.59,943.0,2.589,12331.0,2.591,918.0,2.592,1680.0
1753533061041,12:31:01.041,AXS/USDT:USDT,2.59,2.0,2.589,12331.0,2.591,918.0,2.592,2180.0
1753533061065,12:31:01.065,AXS/USDT:USDT,2.59,2.0,2.589,12331.0,2.591,918.0,2.592,2257.0
1753533061444,12:31:01.444,AXS/USDT:USDT,2.59,2.0,2.589,12331.0,2.591,918.0,2.592,2257.0
1753533061622,12:31:01.622,AXS/USDT:USDT,2.59,2.0,2.589,12331.0,2.591,918.0,2.592,2257.0
1753533061682,12:31:01.682,AXS/USDT:USDT,2.59,920.0,2.589,12331.0,2.591,918.0,2.592,2180.0
1753533062043,12:31:02.043,AXS/USDT:USDT,2.59,2.0,2.589,12331.0,2.591,918.0,2.592,2180.0
1753533062147,12:31:02.147,AXS/USDT:USDT,2.59,2.0,2.589,2570.0,2.591,918.0,2.592,2257.0
1753533062237,12:31:02.237,AXS/USDT:USDT,2.589,918.0,2.588,2545.0,2.591,918.0,2.592,2257.0
1753533062250,12:31:02.250,AXS/USDT:USDT,2.589,918.0,2.588,5370.0,2.591,918.0,2.592,2257.0
1753533062574,12:31:02.574,AXS/USDT:USDT,2.589,918.0,2.588,5370.0,2.591,918.0,2.592,2257.0
1753533062891,12:31:02.891,AXS/USDT:USDT,2.589,918.0,2.588,5370.0,2.591,918.0,2.592,2257.0
1753533063030,12:31:03.030,AXS/USDT:USDT,2.589,918.0,2.588,5370.0,2.591,918.0,2.592,2257.0
1753533063101,12:31:03.101,AXS/USDT:USDT,2.589,918.0,2.588,5370.0,2.591,918.0,2.592,2257.0
1753533063404,12:31:03.404,AXS/USDT:USDT,2.589,918.0,2.588,5370.0,2.591,918.0,2.592,2257.0
1753533063510,12:31:03.510,AXS/USDT:USDT,2.589,918.0,2.588,5370.0,2.591,918.0,2.592,2257.0
1753533063605,12:31:03.605,AXS/USDT:USDT,2.589,918.0,2.588,5370.0,2.591,918.0,2.592,2257.0
1753533063919,12:31:03.919,AXS/USDT:USDT,2.589,918.0,2.588,5370.0,2.591,918.0,2.592,2257.0
1753533064141,12:31:04.141,AXS/USDT:USDT,2.589,918.0,2.588,5370.0,2.591,918.0,2.592,2257.0
1753533064150,12:31:04.150,AXS/USDT:USDT,2.589,918.0,2.588,5370.0,2.591,918.0,2.592,2257.0
1753533064438,12:31:04.438,AXS/USDT:USDT,2.589,918.0,2.588,5370.0,2.591,918.0,2.592,2257.0
1753533064736,12:31:04.736,AXS/USDT:USDT,2.589,918.0,2.588,5370.0,2.591,918.0,2.592,2257.0
1753533064871,12:31:04.871,AXS/USDT:USDT,2.589,918.0,2.588,5370.0,2.591,918.0,2.592,2257.0
1753533065177,12:31:05.177,AXS/USDT:USDT,2.589,918.0,2.588,5370.0,2.591,918.0,2.592,2257.0
1753533065434,12:31:05.434,AXS/USDT:USDT,2.589,918.0,2.588,5370.0,2.591,918.0,2.592,2257.0
1753533066010,12:31:06.010,AXS/USDT:USDT,2.589,918.0,2.588,5370.0,2.591,918.0,2.592,2257.0
1753533066248,12:31:06.248,AXS/USDT:USDT,2.589,918.0,2.588,5370.0,2.591,918.0,2.592,2257.0
1753533067004,12:31:07.004,AXS/USDT:USDT,2.589,918.0,2.588,5370.0,2.591,918.0,2.592,2257.0
1753533067398,12:31:07.398,AXS/USDT:USDT,2.589,918.0,2.588,5370.0,2.591,918.0,2.592,2257.0
1753533067542,12:31:07.542,AXS/USDT:USDT,2.589,918.0,2.588,5370.0,2.592,2257.0,2.593,5390.0
1753533067553,12:31:07.553,AXS/USDT:USDT,2.589,918.0,2.588,5370.0,2.592,2180.0,2.593,5467.0
1753533067692,12:31:07.692,AXS/USDT:USDT,2.589,918.0,2.588,5370.0,2.591,907.0,2.592,2180.0
1753533067767,12:31:07.767,AXS/USDT:USDT,2.589,918.0,2.588,5370.0,2.591,907.0,2.592,2257.0
1753533068010,12:31:08.010,AXS/USDT:USDT,2.589,918.0,2.588,5370.0,2.591,907.0,2.592,2257.0
1753533068344,12:31:08.344,AXS/USDT:USDT,2.589,918.0,2.588,5370.0,2.591,907.0,2.592,2257.0
1753533068827,12:31:08.827,AXS/USDT:USDT,2.589,918.0,2.588,5370.0,2.592,2180.0,2.593,5967.0
1753533069140,12:31:09.140,AXS/USDT:USDT,2.591,907.0,2.59,907.0,2.592,1408.0,2.593,5561.0
1753533069167,12:31:09.167,AXS/USDT:USDT,2.591,907.0,2.59,4261.0,2.592,1408.0,2.593,5561.0
1753533069434,12:31:09.434,AXS/USDT:USDT,2.591,907.0,2.59,4261.0,2.592,1408.0,2.593,2213.0
1753533069491,12:31:09.491,AXS/USDT:USDT,2.591,907.0,2.59,4261.0,2.592,1408.0,2.593,2213.0
1753533070037,12:31:10.037,AXS/USDT:USDT,2.591,907.0,2.59,5058.0,2.592,1408.0,2.593,1416.0
1753533070110,12:31:10.110,AXS/USDT:USDT,2.591,907.0,2.59,5058.0,2.592,1408.0,2.593,1416.0
1753533070309,12:31:10.309,AXS/USDT:USDT,2.591,907.0,2.59,5058.0,2.592,1408.0,2.593,1416.0
1753533070929,12:31:10.929,AXS/USDT:USDT,2.591,907.0,2.59,5058.0,2.592,1408.0,2.593,1416.0
1753533071003,12:31:11.003,AXS/USDT:USDT,2.591,907.0,2.59,5058.0,2.592,1408.0,2.593,1416.0
1753533073110,12:31:13.110,AXS/USDT:USDT,2.591,907.0,2.59,5058.0,2.592,1408.0,2.593,1416.0
1753533073155,12:31:13.155,AXS/USDT:USDT,2.591,907.0,2.59,5058.0,2.592,1408.0,2.593,1409.0
1753533073773,12:31:13.773,AXS/USDT:USDT,2.591,907.0,2.59,5058.0,2.592,1408.0,2.593,1409.0
1753533074133,12:31:14.133,AXS/USDT:USDT,2.591,907.0,2.59,5058.0,2.592,1408.0,2.593,1409.0
1753533074422,12:31:14.422,AXS/USDT:USDT,2.591,907.0,2.59,5058.0,2.592,1408.0,2.593,1409.0
1753533074830,12:31:14.830,AXS/USDT:USDT,2.591,907.0,2.59,5058.0,2.592,1408.0,2.593,1738.0
1753533077889,12:31:17.889,AXS/USDT:USDT,2.591,907.0,2.59,5058.0,2.592,1408.0,2.593,1738.0
1753533077971,12:31:17.971,AXS/USDT:USDT,2.591,907.0,2.59,5058.0,2.593,1738.0,2.594,1987.0
1753533078338,12:31:18.338,AXS/USDT:USDT,2.591,907.0,2.59,5058.0,2.593,1738.0,2.594,1987.0
1753533078390,12:31:18.390,AXS/USDT:USDT,2.591,907.0,2.59,5058.0,2.592,907.0,2.593,1738.0
1753533078452,12:31:18.452,AXS/USDT:USDT,2.591,907.0,2.59,5058.0,2.592,907.0,2.593,1738.0
1753533078716,12:31:18.716,AXS/USDT:USDT,2.591,907.0,2.59,5058.0,2.593,1738.0,2.594,1987.0
1753533080707,12:31:20.707,AXS/USDT:USDT,2.591,907.0,2.59,5058.0,2.593,1738.0,2.594,1987.0
1753533080855,12:31:20.855,AXS/USDT:USDT,2.591,907.0,2.59,5058.0,2.593,1738.0,2.594,1987.0
1753533081360,12:31:21.360,AXS/USDT:USDT,2.591,907.0,2.59,5058.0,2.593,1738.0,2.594,1987.0
1753533081584,12:31:21.584,AXS/USDT:USDT,2.591,907.0,2.59,5058.0,2.592,907.0,2.593,1738.0
1753533081689,12:31:21.689,AXS/USDT:USDT,2.591,907.0,2.59,5058.0,2.592,907.0,2.593,1738.0
1753533082221,12:31:22.221,AXS/USDT:USDT,2.59,5058.0,2.589,13593.0,2.592,907.0,2.593,1815.0
1753533082519,12:31:22.519,AXS/USDT:USDT,2.59,5058.0,2.589,13593.0,2.592,907.0,2.593,1815.0
1753533082718,12:31:22.718,AXS/USDT:USDT,2.59,5058.0,2.589,13593.0,2.592,907.0,2.593,1815.0
1753533083737,12:31:23.737,AXS/USDT:USDT,2.59,5058.0,2.589,13593.0,2.592,907.0,2.593,1815.0
1753533084123,12:31:24.123,AXS/USDT:USDT,2.59,5058.0,2.589,13593.0,2.592,907.0,2.593,1815.0
1753533084286,12:31:24.286,AXS/USDT:USDT,2.59,5058.0,2.589,13593.0,2.592,907.0,2.593,1815.0
1753533084720,12:31:24.720,AXS/USDT:USDT,2.591,903.0,2.59,5058.0,2.592,907.0,2.593,1738.0
1753533084971,12:31:24.971,AXS/USDT:USDT,2.591,903.0,2.59,5058.0,2.592,907.0,2.593,1738.0
1753533085388,12:31:25.388,AXS/USDT:USDT,2.591,903.0,2.59,5058.0,2.592,907.0,2.593,1738.0
1753533087491,12:31:27.491,AXS/USDT:USDT,2.591,903.0,2.59,5058.0,2.592,907.0,2.593,1738.0
1753533088204,12:31:28.204,AXS/USDT:USDT,2.591,903.0,2.59,5058.0,2.592,907.0,2.593,1738.0
1753533089045,12:31:29.045,AXS/USDT:USDT,2.591,903.0,2.59,5058.0,2.592,907.0,2.593,1738.0
1753533089965,12:31:29.965,AXS/USDT:USDT,2.591,903.0,2.59,5058.0,2.592,907.0,2.593,1738.0
1753533090048,12:31:30.048,AXS/USDT:USDT,2.591,903.0,2.59,5058.0,2.592,907.0,2.593,1738.0
1753533090174,12:31:30.174,AXS/USDT:USDT,2.591,903.0,2.59,5058.0,2.592,907.0,2.593,1738.0
1753533090394,12:31:30.394,AXS/USDT:USDT,2.591,903.0,2.59,5058.0,2.593,1409.0,2.594,2659.0
1753533090621,12:31:30.621,AXS/USDT:USDT,2.591,903.0,2.59,5058.0,2.593,1409.0,2.594,2659.0
1753533090729,12:31:30.729,AXS/USDT:USDT,2.591,903.0,2.59,5058.0,2.593,1409.0,2.594,2659.0
1753533090751,12:31:30.751,AXS/USDT:USDT,2.591,903.0,2.59,5058.0,2.593,1409.0,2.594,2659.0
1753533091006,12:31:31.006,AXS/USDT:USDT,2.591,903.0,2.59,5058.0,2.593,1409.0,2.594,2659.0
1753533091171,12:31:31.171,AXS/USDT:USDT,2.591,903.0,2.59,5058.0,2.593,1409.0,2.594,2659.0
1753533091435,12:31:31.435,AXS/USDT:USDT,2.591,903.0,2.59,5058.0,2.593,1409.0,2.594,2659.0
1753533091550,12:31:31.550,AXS/USDT:USDT,2.591,903.0,2.59,5058.0,2.593,1409.0,2.594,2659.0
1753533091680,12:31:31.680,AXS/USDT:USDT,2.591,903.0,2.59,5058.0,2.593,1409.0,2.594,2659.0
1753533091918,12:31:31.918,AXS/USDT:USDT,2.591,903.0,2.59,5058.0,2.593,1409.0,2.594,2659.0
1753533092291,12:31:32.291,AXS/USDT:USDT,2.591,903.0,2.59,5058.0,2.593,1409.0,2.594,2659.0
1753533093794,12:31:33.794,AXS/USDT:USDT,2.591,903.0,2.59,5058.0,2.593,500.0,2.594,2659.0
1753533094374,12:31:34.374,AXS/USDT:USDT,2.591,903.0,2.59,5058.0,2.593,500.0,2.594,2659.0
1753533094545,12:31:34.545,AXS/USDT:USDT,2.591,903.0,2.59,5058.0,2.593,500.0,2.594,2659.0
1753533094718,12:31:34.718,AXS/USDT:USDT,2.591,903.0,2.59,5058.0,2.593,500.0,2.594,2659.0
1753533095342,12:31:35.342,AXS/USDT:USDT,2.591,903.0,2.59,5058.0,2.594,2582.0,2.595,5736.0
1753533096308,12:31:36.308,AXS/USDT:USDT,2.591,903.0,2.59,5058.0,2.594,2582.0,2.595,5736.0
1753533096358,12:31:36.358,AXS/USDT:USDT,2.591,903.0,2.59,5058.0,2.594,2582.0,2.595,5736.0
1753533096780,12:31:36.780,AXS/USDT:USDT,2.591,903.0,2.59,5058.0,2.594,2582.0,2.595,5736.0
1753533097130,12:31:37.130,AXS/USDT:USDT,2.591,903.0,2.59,5058.0,2.594,2582.0,2.595,5736.0
1753533097344,12:31:37.344,AXS/USDT:USDT,2.592,908.0,2.591,903.0,2.594,2582.0,2.595,5736.0
1753533097370,12:31:37.370,AXS/USDT:USDT,2.592,908.0,2.591,2785.0,2.594,2582.0,2.595,5736.0
1753533097495,12:31:37.495,AXS/USDT:USDT,2.592,908.0,2.591,2785.0,2.594,2582.0,2.595,5736.0
1753533098004,12:31:38.004,AXS/USDT:USDT,2.592,908.0,2.591,2785.0,2.594,2582.0,2.595,5736.0
1753533100004,12:31:40.004,AXS/USDT:USDT,2.592,908.0,2.591,2785.0,2.594,2582.0,2.595,5736.0
1753533100432,12:31:40.432,AXS/USDT:USDT,2.592,908.0,2.591,2785.0,2.594,2582.0,2.595,5736.0
1753533100451,12:31:40.451,AXS/USDT:USDT,2.592,908.0,2.591,2785.0,2.594,2582.0,2.595,5736.0
1753533101890,12:31:41.890,AXS/USDT:USDT,2.592,908.0,2.591,2785.0,2.594,2582.0,2.595,5736.0
1753533102084,12:31:42.084,AXS/USDT:USDT,2.592,908.0,2.591,2785.0,2.594,2582.0,2.595,5736.0
1753533102343,12:31:42.343,AXS/USDT:USDT,2.592,908.0,2.591,2785.0,2.594,1450.0,2.595,4808.0
1753533102368,12:31:42.368,AXS/USDT:USDT,2.592,908.0,2.591,1947.0,2.594,1443.0,2.595,4815.0
1753533102518,12:31:42.518,AXS/USDT:USDT,2.592,908.0,2.591,1947.0,2.594,1443.0,2.595,5612.0
1753533102630,12:31:42.630,AXS/USDT:USDT,2.592,3849.0,2.591,11684.0,2.594,1443.0,2.595,5612.0
1753533102659,12:31:42.659,AXS/USDT:USDT,2.592,3851.0,2.591,11684.0,2.594,1443.0,2.595,5612.0
1753533103011,12:31:43.011,AXS/USDT:USDT,2.592,3851.0,2.591,11684.0,2.594,1443.0,2.595,5612.0
1753533103143,12:31:43.143,AXS/USDT:USDT,2.592,3851.0,2.591,11684.0,2.594,1443.0,2.595,5612.0
1753533103344,12:31:43.344,AXS/USDT:USDT,2.592,3851.0,2.591,11684.0,2.594,1443.0,2.595,5612.0
1753533105220,12:31:45.220,AXS/USDT:USDT,2.593,933.0,2.592,3851.0,2.594,1443.0,2.595,5535.0
1753533105331,12:31:45.331,AXS/USDT:USDT,2.593,933.0,2.592,3851.0,2.594,1443.0,2.595,5535.0
1753533105438,12:31:45.438,AXS/USDT:USDT,2.593,933.0,2.592,3851.0,2.594,1443.0,2.595,5535.0
1753533105542,12:31:45.542,AXS/USDT:USDT,2.593,933.0,2.592,3851.0,2.594,1443.0,2.595,5535.0
1753533105583,12:31:45.583,AXS/USDT:USDT,2.593,933.0,2.592,3851.0,2.594,1443.0,2.595,5535.0
1753533105936,12:31:45.936,AXS/USDT:USDT,2.592,3851.0,2.591,11684.0,2.594,1443.0,2.595,5535.0
1753533105961,12:31:45.961,AXS/USDT:USDT,2.592,3851.0,2.591,11684.0,2.594,1443.0,2.595,5612.0
1753533106691,12:31:46.691,AXS/USDT:USDT,2.592,3851.0,2.591,11684.0,2.594,1443.0,2.595,5612.0
1753533106809,12:31:46.809,AXS/USDT:USDT,2.592,3851.0,2.591,11684.0,2.594,1443.0,2.595,5612.0
1753533107043,12:31:47.043,AXS/USDT:USDT,2.592,3851.0,2.591,11684.0,2.594,1443.0,2.595,5612.0
1753533107050,12:31:47.050,AXS/USDT:USDT,2.592,3851.0,2.591,11684.0,2.594,1443.0,2.595,5612.0
1753533107392,12:31:47.392,AXS/USDT:USDT,2.592,3851.0,2.591,11684.0,2.594,1443.0,2.595,5612.0
1753533107722,12:31:47.722,AXS/USDT:USDT,2.593,933.0,2.592,3851.0,2.594,1443.0,2.595,5535.0
1753533107841,12:31:47.841,AXS/USDT:USDT,2.592,5104.0,2.591,16250.0,2.594,1443.0,2.595,5535.0
1753533107861,12:31:47.861,AXS/USDT:USDT,2.592,5104.0,2.591,13457.0,2.594,1443.0,2.595,5612.0
1753533108791,12:31:48.791,AXS/USDT:USDT,2.592,5104.0,2.591,13457.0,2.594,1443.0,2.595,5612.0
1753533109395,12:31:49.395,AXS/USDT:USDT,2.592,910.0,2.591,13457.0,2.594,2232.0,2.595,5612.0
1753533110347,12:31:50.347,AXS/USDT:USDT,2.592,910.0,2.591,3720.0,2.594,2232.0,2.595,5612.0
1753533110370,12:31:50.370,AXS/USDT:USDT,2.592,1711.0,2.591,7348.0,2.594,2232.0,2.595,5612.0
1753533111491,12:31:51.491,AXS/USDT:USDT,2.592,1711.0,2.591,7348.0,2.594,2232.0,2.595,5612.0
1753533112403,12:31:52.403,AXS/USDT:USDT,2.592,1711.0,2.591,7348.0,2.594,2232.0,2.595,5612.0
1753533113360,12:31:53.360,AXS/USDT:USDT,2.592,1711.0,2.591,7348.0,2.594,2232.0,2.595,5612.0
1753533115045,12:31:55.045,AXS/USDT:USDT,2.592,1711.0,2.591,5575.0,2.593,944.0,2.594,1772.0
1753533115089,12:31:55.089,AXS/USDT:USDT,2.592,908.0,2.591,5575.0,2.593,944.0,2.594,1772.0
1753533115285,12:31:55.285,AXS/USDT:USDT,2.592,908.0,2.591,5575.0,2.593,944.0,2.594,1772.0
1753533116290,12:31:56.290,AXS/USDT:USDT,2.592,908.0,2.591,5575.0,2.593,944.0,2.594,1772.0
1753533117730,12:31:57.730,AXS/USDT:USDT,2.592,908.0,2.591,5575.0,2.593,944.0,2.594,2232.0
1753533117750,12:31:57.750,AXS/USDT:USDT,2.592,908.0,2.591,5575.0,2.593,944.0,2.594,2232.0
1753533118422,12:31:58.422,AXS/USDT:USDT,2.591,5575.0,2.59,13210.0,2.593,944.0,2.594,2309.0
1753533118516,12:31:58.516,AXS/USDT:USDT,2.591,5575.0,2.59,13210.0,2.593,944.0,2.594,2309.0
1753533118550,12:31:58.550,AXS/USDT:USDT,2.591,5575.0,2.59,13210.0,2.593,944.0,2.594,2309.0
1753533118723,12:31:58.723,AXS/USDT:USDT,2.591,5575.0,2.59,13210.0,2.593,944.0,2.594,2309.0
1753533118933,12:31:58.933,AXS/USDT:USDT,2.591,5575.0,2.59,13210.0,2.593,944.0,2.594,2309.0
1753533119111,12:31:59.111,AXS/USDT:USDT,2.591,5575.0,2.59,13210.0,2.593,944.0,2.594,2309.0
1753533119345,12:31:59.345,AXS/USDT:USDT,2.591,5575.0,2.59,13210.0,2.593,944.0,2.594,2309.0
1753533119529,12:31:59.529,AXS/USDT:USDT,2.591,905.0,2.59,1704.0,2.593,944.0,2.594,2309.0
1753533119631,12:31:59.631,AXS/USDT:USDT,2.591,4333.0,2.59,11433.0,2.593,944.0,2.594,2309.0
1753533119733,12:31:59.733,AXS/USDT:USDT,2.591,4333.0,2.59,11434.0,2.593,944.0,2.594,2309.0
1753533119790,12:31:59.790,AXS/USDT:USDT,2.591,903.0,2.59,5050.0,2.593,944.0,2.594,2309.0
1753533120010,12:32:00.010,AXS/USDT:USDT,2.591,903.0,2.59,5050.0,2.593,944.0,2.594,2309.0
1753533120398,12:32:00.398,AXS/USDT:USDT,2.591,903.0,2.59,5050.0,2.593,944.0,2.594,2309.0
1753533121090,12:32:01.090,AXS/USDT:USDT,2.591,903.0,2.59,5050.0,2.593,944.0,2.594,2309.0
1753533121281,12:32:01.281,AXS/USDT:USDT,2.591,903.0,2.59,5050.0,2.593,944.0,2.594,2309.0
1753533122247,12:32:02.247,AXS/USDT:USDT,2.59,5050.0,2.589,26811.0,2.592,944.0,2.593,1444.0
1753533122290,12:32:02.290,AXS/USDT:USDT,2.59,5050.0,2.589,26811.0,2.592,944.0,2.593,1521.0
1753533122579,12:32:02.579,AXS/USDT:USDT,2.59,5050.0,2.589,26811.0,2.592,944.0,2.593,1521.0
1753533123546,12:32:03.546,AXS/USDT:USDT,2.59,5050.0,2.589,26811.0,2.592,944.0,2.593,1521.0
1753533123550,12:32:03.550,AXS/USDT:USDT,2.59,5050.0,2.589,26811.0,2.592,944.0,2.593,1521.0
1753533125182,12:32:05.182,AXS/USDT:USDT,2.591,924.0,2.59,5050.0,2.592,944.0,2.593,1444.0
1753533125251,12:32:05.251,AXS/USDT:USDT,2.591,924.0,2.59,5050.0,2.592,944.0,2.593,1444.0
1753533125891,12:32:05.891,AXS/USDT:USDT,2.591,924.0,2.59,5050.0,2.592,944.0,2.593,1444.0
1753533126332,12:32:06.332,AXS/USDT:USDT,2.591,924.0,2.59,5050.0,2.592,944.0,2.593,1444.0
1753533126648,12:32:06.648,AXS/USDT:USDT,2.591,924.0,2.59,5050.0,2.592,944.0,2.593,1444.0
1753533127346,12:32:07.346,AXS/USDT:USDT,2.59,5050.0,2.589,28584.0,2.592,944.0,2.593,1444.0
1753533127404,12:32:07.404,AXS/USDT:USDT,2.59,5050.0,2.589,28584.0,2.592,944.0,2.593,1521.0
1753533127861,12:32:07.861,AXS/USDT:USDT,2.59,5050.0,2.589,28584.0,2.592,944.0,2.593,1521.0
1753533128362,12:32:08.362,AXS/USDT:USDT,2.59,5050.0,2.589,28584.0,2.592,944.0,2.593,1521.0
1753533128608,12:32:08.608,AXS/USDT:USDT,2.59,4253.0,2.589,28584.0,2.592,944.0,2.593,2318.0
1753533130116,12:32:10.116,AXS/USDT:USDT,2.59,4253.0,2.589,28584.0,2.592,944.0,2.593,2318.0
1753533130734,12:32:10.734,AXS/USDT:USDT,2.59,909.0,2.589,12918.0,2.592,944.0,2.593,2318.0
1753533132734,12:32:12.734,AXS/USDT:USDT,2.59,909.0,2.589,12918.0,2.592,944.0,2.593,2647.0
1753533132752,12:32:12.752,AXS/USDT:USDT,2.59,4784.0,2.589,15007.0,2.592,944.0,2.593,2647.0
1753533132901,12:32:12.901,AXS/USDT:USDT,2.59,909.0,2.589,5280.0,2.592,1738.0,2.593,2647.0
1753533133030,12:32:13.030,AXS/USDT:USDT,2.59,3658.0,2.589,15006.0,2.592,1738.0,2.593,2647.0
1753533133085,12:32:13.085,AXS/USDT:USDT,2.59,3658.0,2.589,15006.0,2.592,1738.0,2.593,2647.0
1753533133438,12:32:13.438,AXS/USDT:USDT,2.59,907.0,2.589,15006.0,2.592,1738.0,2.593,2647.0
1753533133525,12:32:13.525,AXS/USDT:USDT,2.59,907.0,2.589,15006.0,2.591,909.0,2.592,1738.0
1753533133611,12:32:13.611,AXS/USDT:USDT,2.59,907.0,2.589,11144.0,2.591,909.0,2.592,1738.0
1753533133650,12:32:13.650,AXS/USDT:USDT,2.59,907.0,2.589,11144.0,2.591,909.0,2.592,1738.0
1753533133753,12:32:13.753,AXS/USDT:USDT,2.59,907.0,2.589,11144.0,2.591,909.0,2.592,1738.0
1753533133981,12:32:13.981,AXS/USDT:USDT,2.59,907.0,2.589,11144.0,2.591,909.0,2.592,1738.0
1753533135370,12:32:15.370,AXS/USDT:USDT,2.59,907.0,2.589,11144.0,2.591,909.0,2.592,1738.0
1753533135491,12:32:15.491,AXS/USDT:USDT,2.59,907.0,2.589,11144.0,2.591,909.0,2.592,1738.0
1753533137827,12:32:17.827,AXS/USDT:USDT,2.59,907.0,2.589,11144.0,2.591,909.0,2.592,1738.0
1753533137938,12:32:17.938,AXS/USDT:USDT,2.59,907.0,2.589,11144.0,2.591,909.0,2.592,1738.0
1753533138032,12:32:18.032,AXS/USDT:USDT,2.59,907.0,2.589,11144.0,2.591,909.0,2.592,1738.0
1753533138533,12:32:18.533,AXS/USDT:USDT,2.59,907.0,2.589,11144.0,2.591,909.0,2.592,1738.0
1753533138970,12:32:18.970,AXS/USDT:USDT,2.59,907.0,2.589,11144.0,2.592,1738.0,2.593,2647.0
1753533139070,12:32:19.070,AXS/USDT:USDT,2.59,907.0,2.589,13765.0,2.592,2067.0,2.593,2318.0
1753533140291,12:32:20.291,AXS/USDT:USDT,2.59,907.0,2.589,13765.0,2.592,2067.0,2.593,2318.0
1753533141201,12:32:21.201,AXS/USDT:USDT,2.59,907.0,2.589,13765.0,2.591,909.0,2.592,2067.0
1753533144419,12:32:24.419,AXS/USDT:USDT,2.59,907.0,2.589,13765.0,2.591,909.0,2.592,2067.0
1753533145147,12:32:25.147,AXS/USDT:USDT,2.59,907.0,2.589,13765.0,2.591,909.0,2.592,2067.0
1753533147205,12:32:27.205,AXS/USDT:USDT,2.59,907.0,2.589,13765.0,2.592,2067.0,2.593,2318.0
1753533147969,12:32:27.969,AXS/USDT:USDT,2.59,907.0,2.589,13765.0,2.592,2067.0,2.593,2318.0
1753533148294,12:32:28.294,AXS/USDT:USDT,2.59,907.0,2.589,13765.0,2.591,926.0,2.592,2067.0
1753533148442,12:32:28.442,AXS/USDT:USDT,2.589,13765.0,2.588,9552.0,2.591,926.0,2.592,2144.0
1753533148526,12:32:28.526,AXS/USDT:USDT,2.589,12192.0,2.588,5856.0,2.591,926.0,2.592,2144.0
1753533148550,12:32:28.550,AXS/USDT:USDT,2.589,12192.0,2.588,5856.0,2.591,926.0,2.592,2144.0
1753533148732,12:32:28.732,AXS/USDT:USDT,2.589,12192.0,2.588,5856.0,2.591,926.0,2.592,2144.0
1753533148817,12:32:28.817,AXS/USDT:USDT,2.589,12192.0,2.588,5856.0,2.591,926.0,2.592,2144.0
1753533149891,12:32:29.891,AXS/USDT:USDT,2.589,12192.0,2.588,5856.0,2.591,926.0,2.592,2144.0
1753533149950,12:32:29.950,AXS/USDT:USDT,2.589,12192.0,2.588,5856.0,2.591,926.0,2.592,2144.0
1753533154692,12:32:34.692,AXS/USDT:USDT,2.589,12192.0,2.588,5856.0,2.591,926.0,2.592,2144.0
1753533156600,12:32:36.600,AXS/USDT:USDT,2.59,914.0,2.589,12192.0,2.591,926.0,2.592,2067.0
1753533156654,12:32:36.654,AXS/USDT:USDT,2.59,916.0,2.589,12192.0,2.591,926.0,2.592,2067.0
1753533157430,12:32:37.430,AXS/USDT:USDT,2.59,916.0,2.589,12192.0,2.591,926.0,2.592,2067.0
1753533157455,12:32:37.455,AXS/USDT:USDT,2.59,916.0,2.589,12192.0,2.591,926.0,2.592,2067.0
1753533157587,12:32:37.587,AXS/USDT:USDT,2.59,916.0,2.589,12192.0,2.591,926.0,2.592,2067.0
1753533158090,12:32:38.090,AXS/USDT:USDT,2.59,916.0,2.589,12192.0,2.591,926.0,2.592,2067.0
1753533159491,12:32:39.491,AXS/USDT:USDT,2.59,916.0,2.589,12192.0,2.591,926.0,2.592,2067.0
1753533160398,12:32:40.398,AXS/USDT:USDT,2.59,916.0,2.589,12192.0,2.591,926.0,2.592,2067.0
1753533161961,12:32:41.961,AXS/USDT:USDT,2.59,916.0,2.589,12192.0,2.591,926.0,2.592,2067.0
1753533162246,12:32:42.246,AXS/USDT:USDT,2.59,2.0,2.589,12192.0,2.591,926.0,2.592,2144.0
1753533162769,12:32:42.769,AXS/USDT:USDT,2.59,2.0,2.589,12192.0,2.591,926.0,2.592,2144.0
1753533164291,12:32:44.291,AXS/USDT:USDT,2.59,2.0,2.589,12192.0,2.591,926.0,2.592,2144.0
1753533164544,12:32:44.544,AXS/USDT:USDT,2.59,2.0,2.589,12192.0,2.591,926.0,2.592,2144.0
1753533165259,12:32:45.259,AXS/USDT:USDT,2.59,2.0,2.589,12192.0,2.591,926.0,2.592,2144.0
1753533165621,12:32:45.621,AXS/USDT:USDT,2.59,906.0,2.589,12192.0,2.591,926.0,2.592,2067.0
1753533165681,12:32:45.681,AXS/USDT:USDT,2.59,2.0,2.589,12192.0,2.591,926.0,2.592,2144.0
1753533167041,12:32:47.041,AXS/USDT:USDT,2.59,906.0,2.589,12192.0,2.591,926.0,2.592,2067.0
1753533168381,12:32:48.381,AXS/USDT:USDT,2.59,2.0,2.589,12192.0,2.591,926.0,2.592,2144.0
1753533169129,12:32:49.129,AXS/USDT:USDT,2.59,2.0,2.589,12192.0,2.591,926.0,2.592,2144.0
1753533169149,12:32:49.149,AXS/USDT:USDT,2.59,2.0,2.589,11142.0,2.591,926.0,2.592,2144.0
1753533171370,12:32:51.370,AXS/USDT:USDT,2.59,2.0,2.589,5382.0,2.591,926.0,2.592,2144.0
1753533171454,12:32:51.454,AXS/USDT:USDT,2.589,5384.0,2.588,15669.0,2.591,926.0,2.592,2144.0
1753533171558,12:32:51.558,AXS/USDT:USDT,2.589,5384.0,2.588,15669.0,2.591,926.0,2.592,2144.0
1753533171995,12:32:51.995,AXS/USDT:USDT,2.589,5384.0,2.588,15669.0,2.591,926.0,2.592,2144.0
1753533173911,12:32:53.911,AXS/USDT:USDT,2.589,5384.0,2.588,15669.0,2.591,926.0,2.592,2144.0
1753533176190,12:32:56.190,AXS/USDT:USDT,2.589,5384.0,2.588,15669.0,2.591,926.0,2.592,2144.0
1753533178692,12:32:58.692,AXS/USDT:USDT,2.589,5384.0,2.588,15669.0,2.591,926.0,2.592,2144.0
1753533178884,12:32:58.884,AXS/USDT:USDT,2.589,5384.0,2.588,15669.0,2.591,926.0,2.592,2144.0
1753533180847,12:33:00.847,AXS/USDT:USDT,2.589,920.0,2.588,13896.0,2.591,926.0,2.592,2144.0
1753533180921,12:33:00.921,AXS/USDT:USDT,2.589,2.0,2.588,10642.0,2.59,917.0,2.591,1800.0
1753533181008,12:33:01.008,AXS/USDT:USDT,2.589,2.0,2.588,10642.0,2.59,917.0,2.591,1800.0
1753533181109,12:33:01.109,AXS/USDT:USDT,2.589,2.0,2.588,10642.0,2.59,917.0,2.591,1800.0
1753533181230,12:33:01.230,AXS/USDT:USDT,2.589,2.0,2.588,4327.0,2.59,917.0,2.591,1800.0
1753533181327,12:33:01.327,AXS/USDT:USDT,2.588,4329.0,2.587,13913.0,2.59,917.0,2.591,1003.0
1753533181370,12:33:01.370,AXS/USDT:USDT,2.588,4329.0,2.587,12390.0,2.59,917.0,2.591,1003.0
1753533181525,12:33:01.525,AXS/USDT:USDT,2.588,4329.0,2.587,12390.0,2.59,917.0,2.591,1800.0
1753533181867,12:33:01.867,AXS/USDT:USDT,2.588,4329.0,2.587,12390.0,2.59,917.0,2.591,1800.0
1753533182345,12:33:02.345,AXS/USDT:USDT,2.588,4329.0,2.587,12390.0,2.59,917.0,2.591,1800.0
1753533182588,12:33:02.588,AXS/USDT:USDT,2.588,4329.0,2.587,12390.0,2.59,917.0,2.591,1800.0
1753533182780,12:33:02.780,AXS/USDT:USDT,2.589,917.0,2.588,4329.0,2.59,917.0,2.591,1723.0
1753533182858,12:33:02.858,AXS/USDT:USDT,2.589,917.0,2.588,4329.0,2.59,917.0,2.591,1723.0
1753533183214,12:33:03.214,AXS/USDT:USDT,2.589,917.0,2.588,4329.0,2.59,917.0,2.591,1723.0
1753533183492,12:33:03.492,AXS/USDT:USDT,2.589,917.0,2.588,4329.0,2.59,917.0,2.591,1723.0
1753533183654,12:33:03.654,AXS/USDT:USDT,2.589,917.0,2.588,4329.0,2.59,917.0,2.591,1723.0
1753533185176,12:33:05.176,AXS/USDT:USDT,2.589,917.0,2.588,4329.0,2.59,917.0,2.591,1723.0
1753533185276,12:33:05.276,AXS/USDT:USDT,2.589,917.0,2.588,4329.0,2.59,917.0,2.591,1723.0
1753533185874,12:33:05.874,AXS/USDT:USDT,2.589,917.0,2.588,4329.0,2.59,917.0,2.591,1723.0
1753533186203,12:33:06.203,AXS/USDT:USDT,2.588,4329.0,2.587,12390.0,2.59,917.0,2.591,1800.0
1753533187517,12:33:07.517,AXS/USDT:USDT,2.588,4329.0,2.587,12390.0,2.59,917.0,2.591,1800.0
1753533188005,12:33:08.005,AXS/USDT:USDT,2.588,4329.0,2.587,12390.0,2.59,917.0,2.591,1800.0
1753533188295,12:33:08.295,AXS/USDT:USDT,2.588,4329.0,2.587,12390.0,2.59,917.0,2.591,1800.0
1753533189285,12:33:09.285,AXS/USDT:USDT,2.588,4329.0,2.587,12390.0,2.59,917.0,2.591,1800.0
1753533190741,12:33:10.741,AXS/USDT:USDT,2.589,930.0,2.588,4329.0,2.59,917.0,2.591,1723.0
1753533190911,12:33:10.911,AXS/USDT:USDT,2.589,930.0,2.588,4329.0,2.59,917.0,2.591,1723.0
1753533192117,12:33:12.117,AXS/USDT:USDT,2.589,930.0,2.588,4329.0,2.59,917.0,2.591,1723.0
1753533192240,12:33:12.240,AXS/USDT:USDT,2.588,4329.0,2.587,12390.0,2.59,917.0,2.591,1723.0
1753533192260,12:33:12.260,AXS/USDT:USDT,2.588,4329.0,2.587,12390.0,2.59,917.0,2.591,2129.0
1753533192353,12:33:12.353,AXS/USDT:USDT,2.588,4329.0,2.587,12390.0,2.59,917.0,2.591,2129.0
1753533192698,12:33:12.698,AXS/USDT:USDT,2.588,4329.0,2.587,12390.0,2.59,917.0,2.591,2129.0
1753533193128,12:33:13.128,AXS/USDT:USDT,2.588,4329.0,2.587,12390.0,2.59,917.0,2.591,2129.0
1753533193441,12:33:13.441,AXS/USDT:USDT,2.588,4329.0,2.587,12390.0,2.59,917.0,2.591,2129.0
1753533194201,12:33:14.201,AXS/USDT:USDT,2.588,4329.0,2.587,12390.0,2.59,917.0,2.591,2129.0
1753533194388,12:33:14.388,AXS/USDT:USDT,2.588,4329.0,2.587,12390.0,2.59,917.0,2.591,2129.0
1753533194700,12:33:14.700,AXS/USDT:USDT,2.588,4329.0,2.587,12390.0,2.59,917.0,2.591,2129.0
1753533194889,12:33:14.889,AXS/USDT:USDT,2.588,4329.0,2.587,12390.0,2.59,917.0,2.591,2129.0
1753533195457,12:33:15.457,AXS/USDT:USDT,2.588,4329.0,2.587,12390.0,2.59,917.0,2.591,2129.0
1753533195915,12:33:15.915,AXS/USDT:USDT,2.588,4329.0,2.587,12390.0,2.59,917.0,2.591,2129.0
1753533195950,12:33:15.950,AXS/USDT:USDT,2.588,4329.0,2.587,12390.0,2.59,917.0,2.591,2129.0
1753533197221,12:33:17.221,AXS/USDT:USDT,2.589,930.0,2.588,4329.0,2.59,917.0,2.591,2052.0
1753533197252,12:33:17.252,AXS/USDT:USDT,2.589,930.0,2.588,4329.0,2.59,917.0,2.591,2052.0
1753533197892,12:33:17.892,AXS/USDT:USDT,2.589,930.0,2.588,4329.0,2.59,917.0,2.591,2052.0
1753533202693,12:33:22.693,AXS/USDT:USDT,2.589,930.0,2.588,4329.0,2.59,917.0,2.591,2052.0
1753533205021,12:33:25.021,AXS/USDT:USDT,2.589,930.0,2.588,4329.0,2.59,917.0,2.591,2052.0
1753533206085,12:33:26.085,AXS/USDT:USDT,2.589,930.0,2.588,4329.0,2.591,2052.0,2.592,2275.0
1753533206256,12:33:26.256,AXS/USDT:USDT,2.589,930.0,2.588,5126.0,2.591,2052.0,2.592,2275.0
1753533207003,12:33:27.003,AXS/USDT:USDT,2.589,930.0,2.588,5126.0,2.591,2052.0,2.592,2275.0
1753533207493,12:33:27.493,AXS/USDT:USDT,2.589,930.0,2.588,5126.0,2.591,2052.0,2.592,2275.0
1753533208009,12:33:28.009,AXS/USDT:USDT,2.589,930.0,2.588,5126.0,2.591,2052.0,2.592,2275.0
1753533208914,12:33:28.914,AXS/USDT:USDT,2.589,930.0,2.588,6403.0,2.591,926.0,2.592,2144.0
1753533209015,12:33:29.015,AXS/USDT:USDT,2.589,930.0,2.588,6403.0,2.591,926.0,2.592,2144.0
1753533209069,12:33:29.069,AXS/USDT:USDT,2.589,930.0,2.588,6403.0,2.591,926.0,2.592,2144.0
1753533209239,12:33:29.239,AXS/USDT:USDT,2.589,10630.0,2.588,6403.0,2.591,926.0,2.592,2144.0
1753533209290,12:33:29.290,AXS/USDT:USDT,2.589,3340.0,2.588,12705.0,2.591,926.0,2.592,2144.0
1753533209357,12:33:29.357,AXS/USDT:USDT,2.589,3342.0,2.588,12705.0,2.591,926.0,2.592,2144.0
1753533209561,12:33:29.561,AXS/USDT:USDT,2.589,3342.0,2.588,12705.0,2.591,926.0,2.592,2144.0
1753533210009,12:33:30.009,AXS/USDT:USDT,2.589,3342.0,2.588,12705.0,2.591,926.0,2.592,2144.0
1753533211976,12:33:31.976,AXS/USDT:USDT,2.589,3342.0,2.588,12705.0,2.591,926.0,2.592,2144.0
1753533212293,12:33:32.293,AXS/USDT:USDT,2.589,3342.0,2.588,12705.0,2.591,926.0,2.592,2144.0
1753533213056,12:33:33.056,AXS/USDT:USDT,2.589,3342.0,2.588,12705.0,2.591,926.0,2.592,2144.0
1753533213841,12:33:33.841,AXS/USDT:USDT,2.59,912.0,2.589,3342.0,2.591,926.0,2.592,2067.0
1753533213916,12:33:33.916,AXS/USDT:USDT,2.59,912.0,2.589,3342.0,2.591,926.0,2.592,2067.0
1753533214240,12:33:34.240,AXS/USDT:USDT,2.59,912.0,2.589,3342.0,2.591,926.0,2.592,2067.0
1753533214252,12:33:34.252,AXS/USDT:USDT,2.59,912.0,2.589,3342.0,2.591,926.0,2.592,2067.0
1753533215157,12:33:35.157,AXS/USDT:USDT,2.59,912.0,2.589,3342.0,2.591,926.0,2.592,2067.0
1753533217043,12:33:37.043,AXS/USDT:USDT,2.59,912.0,2.589,3342.0,2.591,926.0,2.592,2067.0
1753533217093,12:33:37.093,AXS/USDT:USDT,2.59,912.0,2.589,3342.0,2.591,926.0,2.592,2067.0
1753533217342,12:33:37.342,AXS/USDT:USDT,2.589,3342.0,2.588,12705.0,2.591,926.0,2.592,2144.0
1753533217479,12:33:37.479,AXS/USDT:USDT,2.589,3342.0,2.588,12705.0,2.591,926.0,2.592,2144.0
1753533217583,12:33:37.583,AXS/USDT:USDT,2.589,3342.0,2.588,12705.0,2.591,926.0,2.592,2144.0
1753533218438,12:33:38.438,AXS/USDT:USDT,2.589,3342.0,2.588,12705.0,2.591,926.0,2.592,2144.0
1753533218466,12:33:38.466,AXS/USDT:USDT,2.589,932.0,2.588,12705.0,2.591,926.0,2.592,2144.0
1753533218550,12:33:38.550,AXS/USDT:USDT,2.589,3528.0,2.588,12705.0,2.591,926.0,2.592,2144.0
1753533218696,12:33:38.696,AXS/USDT:USDT,2.589,3528.0,2.588,12705.0,2.591,926.0,2.592,2144.0
1753533218960,12:33:38.960,AXS/USDT:USDT,2.589,3528.0,2.588,12705.0,2.591,926.0,2.592,2144.0
1753533220008,12:33:40.008,AXS/USDT:USDT,2.589,3528.0,2.588,12705.0,2.591,926.0,2.592,2144.0
1753533221893,12:33:41.893,AXS/USDT:USDT,2.589,3528.0,2.588,12705.0,2.591,926.0,2.592,2144.0
1753533223003,12:33:43.003,AXS/USDT:USDT,2.589,3528.0,2.588,12705.0,2.591,926.0,2.592,2144.0
1753533223465,12:33:43.465,AXS/USDT:USDT,2.589,3528.0,2.588,12705.0,2.591,926.0,2.592,2144.0
1753533226013,12:33:46.013,AXS/USDT:USDT,2.589,3528.0,2.588,12705.0,2.591,926.0,2.592,2144.0
1753533226341,12:33:46.341,AXS/USDT:USDT,2.589,3528.0,2.588,12705.0,2.591,926.0,2.592,2144.0
1753533226693,12:33:46.693,AXS/USDT:USDT,2.589,3528.0,2.588,12705.0,2.591,926.0,2.592,2144.0
1753533227007,12:33:47.007,AXS/USDT:USDT,2.589,3528.0,2.588,12705.0,2.591,926.0,2.592,2144.0
1753533227440,12:33:47.440,AXS/USDT:USDT,2.59,940.0,2.589,3528.0,2.591,926.0,2.592,2067.0
1753533230423,12:33:50.423,AXS/USDT:USDT,2.59,940.0,2.589,3528.0,2.591,926.0,2.592,2067.0
1753533230733,12:33:50.733,AXS/USDT:USDT,2.59,940.0,2.589,3528.0,2.592,2067.0,2.593,2778.0
1753533231330,12:33:51.330,AXS/USDT:USDT,2.59,940.0,2.589,3528.0,2.592,2067.0,2.593,2778.0
1753533231547,12:33:51.547,AXS/USDT:USDT,2.59,940.0,2.589,3528.0,2.591,940.0,2.592,2067.0
1753533231728,12:33:51.728,AXS/USDT:USDT,2.589,3528.0,2.588,12705.0,2.591,940.0,2.592,2144.0
1753533233007,12:33:53.007,AXS/USDT:USDT,2.589,3528.0,2.588,12705.0,2.591,940.0,2.592,2144.0
1753533235006,12:33:55.006,AXS/USDT:USDT,2.589,3528.0,2.588,12705.0,2.591,940.0,2.592,2144.0
1753533236293,12:33:56.293,AXS/USDT:USDT,2.589,3528.0,2.588,12705.0,2.591,940.0,2.592,2144.0
1753533237009,12:33:57.009,AXS/USDT:USDT,2.589,3528.0,2.588,12705.0,2.591,940.0,2.592,2144.0
1753533238974,12:33:58.974,AXS/USDT:USDT,2.589,3528.0,2.588,12705.0,2.591,940.0,2.592,2144.0
1753533240033,12:34:00.033,AXS/USDT:USDT,2.589,3528.0,2.588,12705.0,2.591,940.0,2.592,2144.0
1753533240515,12:34:00.515,AXS/USDT:USDT,2.59,916.0,2.589,3528.0,2.591,940.0,2.592,2067.0
1753533240863,12:34:00.863,AXS/USDT:USDT,2.59,916.0,2.589,3528.0,2.591,940.0,2.592,2067.0
1753533241094,12:34:01.094,AXS/USDT:USDT,2.59,916.0,2.589,3528.0,2.591,940.0,2.592,2067.0
1753533241293,12:34:01.293,AXS/USDT:USDT,2.59,916.0,2.589,3528.0,2.591,940.0,2.592,2067.0
1753533241411,12:34:01.411,AXS/USDT:USDT,2.59,916.0,2.589,3528.0,2.591,940.0,2.592,2067.0
1753533242289,12:34:02.289,AXS/USDT:USDT,2.59,916.0,2.589,932.0,2.591,940.0,2.592,2067.0
1753533242401,12:34:02.401,AXS/USDT:USDT,2.589,4354.0,2.588,12691.0,2.591,940.0,2.592,2144.0
1753533243982,12:34:03.982,AXS/USDT:USDT,2.59,942.0,2.589,4354.0,2.591,940.0,2.592,2067.0
1753533244137,12:34:04.137,AXS/USDT:USDT,2.59,942.0,2.589,4354.0,2.592,2067.0,2.593,2778.0
1753533244242,12:34:04.242,AXS/USDT:USDT,2.59,942.0,2.589,4354.0,2.592,2067.0,2.593,2778.0
1753533244390,12:34:04.390,AXS/USDT:USDT,2.59,942.0,2.589,4354.0,2.592,2067.0,2.593,2778.0
1753533245894,12:34:05.894,AXS/USDT:USDT,2.59,942.0,2.589,4354.0,2.592,2067.0,2.593,2778.0
1753533246457,12:34:06.457,AXS/USDT:USDT,2.59,942.0,2.589,4354.0,2.591,942.0,2.592,2067.0
1753533247634,12:34:07.634,AXS/USDT:USDT,2.59,942.0,2.589,4354.0,2.591,942.0,2.592,2067.0
1753533249043,12:34:09.043,AXS/USDT:USDT,2.59,942.0,2.589,4354.0,2.591,942.0,2.592,2067.0
1753533250448,12:34:10.448,AXS/USDT:USDT,2.59,942.0,2.589,4354.0,2.591,942.0,2.592,2067.0
1753533250695,12:34:10.695,AXS/USDT:USDT,2.59,942.0,2.589,4354.0,2.591,942.0,2.592,2067.0
1753533250948,12:34:10.948,AXS/USDT:USDT,2.59,942.0,2.589,4354.0,2.591,942.0,2.592,2067.0
1753533251474,12:34:11.474,AXS/USDT:USDT,2.59,942.0,2.589,4354.0,2.591,942.0,2.592,2067.0
1753533251970,12:34:11.970,AXS/USDT:USDT,2.59,942.0,2.589,4354.0,2.591,942.0,2.592,2067.0
1753533252124,12:34:12.124,AXS/USDT:USDT,2.589,4354.0,2.588,12691.0,2.591,942.0,2.592,2144.0
1753533252450,12:34:12.450,AXS/USDT:USDT,2.589,4354.0,2.588,12691.0,2.591,942.0,2.592,2144.0
1753533252658,12:34:12.658,AXS/USDT:USDT,2.589,4354.0,2.588,12691.0,2.591,942.0,2.592,2144.0
1753533253086,12:34:13.086,AXS/USDT:USDT,2.589,4354.0,2.588,12691.0,2.591,942.0,2.592,2144.0
1753533253161,12:34:13.161,AXS/USDT:USDT,2.589,4354.0,2.588,12691.0,2.591,942.0,2.592,2144.0
1753533254641,12:34:14.641,AXS/USDT:USDT,2.59,916.0,2.589,4354.0,2.591,942.0,2.592,2067.0
1753533255494,12:34:15.494,AXS/USDT:USDT,2.59,916.0,2.589,4354.0,2.591,942.0,2.592,2067.0
1753533255960,12:34:15.960,AXS/USDT:USDT,2.59,916.0,2.589,4354.0,2.591,942.0,2.592,2067.0
1753533256218,12:34:16.218,AXS/USDT:USDT,2.59,916.0,2.589,4354.0,2.592,2067.0,2.593,2778.0
1753533259004,12:34:19.004,AXS/USDT:USDT,2.59,916.0,2.589,4354.0,2.592,2067.0,2.593,2778.0
1753533260294,12:34:20.294,AXS/USDT:USDT,2.59,916.0,2.589,4354.0,2.592,2067.0,2.593,2778.0
1753533260425,12:34:20.425,AXS/USDT:USDT,2.59,916.0,2.589,4354.0,2.592,1273.0,2.593,1981.0
1753533260541,12:34:20.541,AXS/USDT:USDT,2.59,916.0,2.589,4354.0,2.592,1273.0,2.593,1981.0
1753533260590,12:34:20.590,AXS/USDT:USDT,2.59,916.0,2.589,4354.0,2.592,1273.0,2.593,2778.0
1753533261005,12:34:21.005,AXS/USDT:USDT,2.59,916.0,2.589,4354.0,2.592,1273.0,2.593,2778.0
1753533261408,12:34:21.408,AXS/USDT:USDT,2.59,916.0,2.589,4354.0,2.592,1273.0,2.593,2778.0
1753533264464,12:34:24.464,AXS/USDT:USDT,2.59,916.0,2.589,4354.0,2.592,1273.0,2.593,2778.0
1753533264555,12:34:24.555,AXS/USDT:USDT,2.59,916.0,2.589,4354.0,2.592,1273.0,2.593,2778.0
1753533264959,12:34:24.959,AXS/USDT:USDT,2.59,916.0,2.589,4354.0,2.592,944.0,2.593,2318.0
1753533265094,12:34:25.094,AXS/USDT:USDT,2.59,916.0,2.589,4354.0,2.592,944.0,2.593,2318.0
1753533265426,12:34:25.426,AXS/USDT:USDT,2.59,916.0,2.589,4354.0,2.592,944.0,2.593,2318.0
1753533267841,12:34:27.841,AXS/USDT:USDT,2.589,4354.0,2.588,12691.0,2.591,917.0,2.592,1815.0
1753533267870,12:34:27.870,AXS/USDT:USDT,2.589,4354.0,2.588,12691.0,2.591,917.0,2.592,1815.0
1753533268094,12:34:28.094,AXS/USDT:USDT,2.589,4354.0,2.588,12691.0,2.591,917.0,2.592,1815.0
1753533268266,12:34:28.266,AXS/USDT:USDT,2.589,4354.0,2.588,12691.0,2.591,917.0,2.592,1815.0
1753533268767,12:34:28.767,AXS/USDT:USDT,2.589,4354.0,2.588,12691.0,2.591,917.0,2.592,1815.0
1753533268887,12:34:28.887,AXS/USDT:USDT,2.589,4354.0,2.588,12691.0,2.591,917.0,2.592,1815.0
1753533269338,12:34:29.338,AXS/USDT:USDT,2.589,4354.0,2.588,12691.0,2.591,917.0,2.592,1815.0
1753533269894,12:34:29.894,AXS/USDT:USDT,2.589,4354.0,2.588,12691.0,2.591,917.0,2.592,1815.0
1753533270198,12:34:30.198,AXS/USDT:USDT,2.589,4354.0,2.588,12691.0,2.591,917.0,2.592,1815.0
1753533270470,12:34:30.470,AXS/USDT:USDT,2.589,4354.0,2.588,12691.0,2.591,917.0,2.592,1815.0
1753533270772,12:34:30.772,AXS/USDT:USDT,2.589,4354.0,2.588,12691.0,2.591,917.0,2.592,1815.0
1753533271440,12:34:31.440,AXS/USDT:USDT,2.589,4354.0,2.588,12691.0,2.591,917.0,2.592,1815.0
1753533273772,12:34:33.772,AXS/USDT:USDT,2.589,4354.0,2.588,12691.0,2.591,917.0,2.592,1815.0
1753533274694,12:34:34.694,AXS/USDT:USDT,2.589,4354.0,2.588,12691.0,2.591,917.0,2.592,1815.0
1753533276463,12:34:36.463,AXS/USDT:USDT,2.589,4354.0,2.588,12691.0,2.591,917.0,2.592,1815.0
1753533277074,12:34:37.074,AXS/USDT:USDT,2.589,4354.0,2.588,12691.0,2.591,917.0,2.592,1815.0
1753533277538,12:34:37.538,AXS/USDT:USDT,2.589,4354.0,2.588,12691.0,2.591,917.0,2.592,2144.0
1753533277792,12:34:37.792,AXS/USDT:USDT,2.589,4354.0,2.588,12691.0,2.591,917.0,2.592,2144.0
1753533279495,12:34:39.495,AXS/USDT:USDT,2.589,4354.0,2.588,12691.0,2.591,917.0,2.592,2144.0
1753533281110,12:34:41.110,AXS/USDT:USDT,2.589,4354.0,2.588,12691.0,2.591,917.0,2.592,2144.0
1753533284295,12:34:44.295,AXS/USDT:USDT,2.589,4354.0,2.588,12691.0,2.591,917.0,2.592,2144.0
1753533284790,12:34:44.790,AXS/USDT:USDT,2.589,4354.0,2.588,12691.0,2.591,917.0,2.592,2144.0
1753533285249,12:34:45.249,AXS/USDT:USDT,2.589,4354.0,2.588,12691.0,2.591,917.0,2.592,2144.0
1753533286093,12:34:46.093,AXS/USDT:USDT,2.589,4354.0,2.588,12691.0,2.591,917.0,2.592,2144.0
1753533288741,12:34:48.741,AXS/USDT:USDT,2.59,937.0,2.589,4354.0,2.591,917.0,2.592,2067.0
1753533288770,12:34:48.770,AXS/USDT:USDT,2.59,937.0,2.589,4354.0,2.591,917.0,2.592,2067.0
1753533288964,12:34:48.964,AXS/USDT:USDT,2.59,937.0,2.589,4354.0,2.592,2067.0,2.593,2778.0
1753533289094,12:34:49.094,AXS/USDT:USDT,2.59,937.0,2.589,4354.0,2.592,2067.0,2.593,2778.0
1753533289330,12:34:49.330,AXS/USDT:USDT,2.59,937.0,2.589,4354.0,2.592,2067.0,2.593,2778.0
1753533289474,12:34:49.474,AXS/USDT:USDT,2.59,937.0,2.589,4354.0,2.591,937.0,2.592,2067.0
1753533290416,12:34:50.416,AXS/USDT:USDT,2.59,937.0,2.589,4354.0,2.591,937.0,2.592,1738.0
1753533290629,12:34:50.629,AXS/USDT:USDT,2.59,937.0,2.589,4354.0,2.591,937.0,2.592,1738.0
1753533293024,12:34:53.024,AXS/USDT:USDT,2.59,937.0,2.589,4354.0,2.592,1738.0,2.593,2647.0
1753533293139,12:34:53.139,AXS/USDT:USDT,2.59,937.0,2.589,4354.0,2.592,1738.0,2.593,2647.0
1753533293150,12:34:53.150,AXS/USDT:USDT,2.59,937.0,2.589,4354.0,2.592,1738.0,2.593,2647.0
1753533293895,12:34:53.895,AXS/USDT:USDT,2.59,937.0,2.589,4354.0,2.592,1738.0,2.593,2647.0
1753533294893,12:34:54.893,AXS/USDT:USDT,2.59,937.0,2.589,4354.0,2.592,1738.0,2.593,2647.0
1753533295016,12:34:55.016,AXS/USDT:USDT,2.59,937.0,2.589,4354.0,2.592,1738.0,2.593,2318.0
1753533295223,12:34:55.223,AXS/USDT:USDT,2.59,937.0,2.589,4354.0,2.592,1738.0,2.593,2318.0
1753533295390,12:34:55.390,AXS/USDT:USDT,2.59,937.0,2.589,4354.0,2.592,944.0,2.593,2318.0
1753533297542,12:34:57.542,AXS/USDT:USDT,2.59,937.0,2.589,4354.0,2.593,2318.0,2.594,3048.0
1753533297632,12:34:57.632,AXS/USDT:USDT,2.59,937.0,2.589,4354.0,2.593,2570.0,2.594,2331.0
1753533297703,12:34:57.703,AXS/USDT:USDT,2.59,937.0,2.589,4354.0,2.593,2570.0,2.594,2331.0
1753533297841,12:34:57.841,AXS/USDT:USDT,2.59,937.0,2.589,4354.0,2.592,911.0,2.593,2647.0
1753533298004,12:34:58.004,AXS/USDT:USDT,2.59,937.0,2.589,4354.0,2.592,911.0,2.593,2647.0
1753533298141,12:34:58.141,AXS/USDT:USDT,2.59,937.0,2.589,4354.0,2.593,2570.0,2.594,2331.0
1753533298441,12:34:58.441,AXS/USDT:USDT,2.59,937.0,2.589,4354.0,2.592,911.0,2.593,2647.0
1753533298695,12:34:58.695,AXS/USDT:USDT,2.59,937.0,2.589,4354.0,2.592,911.0,2.593,2647.0
1753533300008,12:35:00.008,AXS/USDT:USDT,2.59,937.0,2.589,4354.0,2.592,911.0,2.593,2647.0
1753533301087,12:35:01.087,AXS/USDT:USDT,2.59,937.0,2.589,4354.0,2.592,911.0,2.593,2647.0
1753533301446,12:35:01.446,AXS/USDT:USDT,2.59,937.0,2.589,4354.0,2.592,911.0,2.593,2647.0
1753533301472,12:35:01.472,AXS/USDT:USDT,2.59,937.0,2.589,4354.0,2.592,911.0,2.593,2647.0
1753533302043,12:35:02.043,AXS/USDT:USDT,2.59,937.0,2.589,4354.0,2.592,911.0,2.593,2647.0
1753533303497,12:35:03.497,AXS/USDT:USDT,2.59,937.0,2.589,4354.0,2.592,911.0,2.593,2647.0
1753533303782,12:35:03.782,AXS/USDT:USDT,2.59,937.0,2.589,4354.0,2.593,2570.0,2.594,2331.0
1753533303921,12:35:03.921,AXS/USDT:USDT,2.59,937.0,2.589,4354.0,2.592,942.0,2.593,2647.0
1753533305044,12:35:05.044,AXS/USDT:USDT,2.59,937.0,2.589,4354.0,2.592,942.0,2.593,2647.0
1753533308295,12:35:08.295,AXS/USDT:USDT,2.59,937.0,2.589,4354.0,2.592,942.0,2.593,2647.0
1753533310400,12:35:10.400,AXS/USDT:USDT,2.59,937.0,2.589,4354.0,2.592,942.0,2.593,2647.0
1753533312082,12:35:12.082,AXS/USDT:USDT,2.59,937.0,2.589,4354.0,2.592,942.0,2.593,2647.0
1753533313111,12:35:13.111,AXS/USDT:USDT,2.59,937.0,2.589,4354.0,2.592,942.0,2.593,2647.0
1753533316741,12:35:16.741,AXS/USDT:USDT,2.589,4354.0,2.588,13640.0,2.591,904.0,2.592,1813.0
1753533316845,12:35:16.845,AXS/USDT:USDT,2.59,904.0,2.589,4354.0,2.591,904.0,2.592,2142.0
1753533316861,12:35:16.861,AXS/USDT:USDT,2.59,904.0,2.589,4354.0,2.591,904.0,2.592,2065.0
1753533317898,12:35:17.898,AXS/USDT:USDT,2.59,904.0,2.589,4354.0,2.591,904.0,2.592,2065.0
1753533318268,12:35:18.268,AXS/USDT:USDT,2.59,904.0,2.589,4354.0,2.592,2065.0,2.593,2778.0
1753533318533,12:35:18.533,AXS/USDT:USDT,2.59,904.0,2.589,930.0,2.592,2065.0,2.593,2778.0
1753533318571,12:35:18.571,AXS/USDT:USDT,2.59,904.0,2.589,4354.0,2.592,2065.0,2.593,2778.0
1753533321714,12:35:21.714,AXS/USDT:USDT,2.59,904.0,2.589,4354.0,2.592,2065.0,2.593,2778.0
1753533322696,12:35:22.696,AXS/USDT:USDT,2.59,904.0,2.589,4354.0,2.592,2065.0,2.593,2778.0
1753533323306,12:35:23.306,AXS/USDT:USDT,2.59,904.0,2.589,4354.0,2.591,931.0,2.592,2065.0
1753533323522,12:35:23.522,AXS/USDT:USDT,2.589,4354.0,2.588,13640.0,2.591,931.0,2.592,2142.0
1753533324166,12:35:24.166,AXS/USDT:USDT,2.589,4354.0,2.588,13640.0,2.591,931.0,2.592,2142.0
1753533325101,12:35:25.101,AXS/USDT:USDT,2.589,4354.0,2.588,13640.0,2.591,931.0,2.592,2142.0
1753533325281,12:35:25.281,AXS/USDT:USDT,2.589,4354.0,2.588,13640.0,2.591,931.0,2.592,2142.0
1753533326344,12:35:26.344,AXS/USDT:USDT,2.59,931.0,2.589,4354.0,2.591,931.0,2.592,2065.0
1753533326723,12:35:26.723,AXS/USDT:USDT,2.59,931.0,2.589,4354.0,2.591,931.0,2.592,2065.0
1753533326944,12:35:26.944,AXS/USDT:USDT,2.59,931.0,2.589,4354.0,2.591,931.0,2.592,2065.0
1753533327141,12:35:27.141,AXS/USDT:USDT,2.589,4354.0,2.588,13640.0,2.591,931.0,2.592,2142.0
1753533328498,12:35:28.498,AXS/USDT:USDT,2.589,4354.0,2.588,13640.0,2.591,931.0,2.592,2142.0
1753533329399,12:35:29.399,AXS/USDT:USDT,2.589,4354.0,2.588,13640.0,2.591,931.0,2.592,2142.0
1753533331098,12:35:31.098,AXS/USDT:USDT,2.589,4354.0,2.588,13640.0,2.591,931.0,2.592,2142.0
1753533332602,12:35:32.602,AXS/USDT:USDT,2.59,931.0,2.589,4354.0,2.591,931.0,2.592,2065.0
1753533332730,12:35:32.730,AXS/USDT:USDT,2.59,931.0,2.589,4354.0,2.592,1838.0,2.593,2987.0
1753533332845,12:35:32.845,AXS/USDT:USDT,2.59,931.0,2.589,4354.0,2.592,942.0,2.593,2987.0
1753533332900,12:35:32.900,AXS/USDT:USDT,2.59,931.0,2.589,4354.0,2.592,942.0,2.593,2318.0
1753533333700,12:35:33.700,AXS/USDT:USDT,2.59,931.0,2.589,4354.0,2.592,942.0,2.593,2318.0
1753533337728,12:35:37.728,AXS/USDT:USDT,2.59,931.0,2.589,4354.0,2.592,942.0,2.593,2318.0
1753533338315,12:35:38.315,AXS/USDT:USDT,2.59,931.0,2.589,4354.0,2.592,942.0,2.593,2647.0
1753533338390,12:35:38.390,AXS/USDT:USDT,2.59,931.0,2.589,4354.0,2.592,942.0,2.593,2647.0
1753533338511,12:35:38.511,AXS/USDT:USDT,2.59,931.0,2.589,4354.0,2.592,942.0,2.593,2647.0
1753533341142,12:35:41.142,AXS/USDT:USDT,2.59,931.0,2.589,4354.0,2.592,942.0,2.593,2647.0
1753533343297,12:35:43.297,AXS/USDT:USDT,2.59,931.0,2.589,4354.0,2.592,942.0,2.593,2647.0
1753533343728,12:35:43.728,AXS/USDT:USDT,2.59,931.0,2.589,4354.0,2.592,942.0,2.593,2647.0
1753533345715,12:35:45.715,AXS/USDT:USDT,2.59,931.0,2.589,4354.0,2.592,942.0,2.593,2647.0
1753533348096,12:35:48.096,AXS/USDT:USDT,2.59,931.0,2.589,4354.0,2.592,942.0,2.593,2647.0
1753533352310,12:35:52.310,AXS/USDT:USDT,2.59,931.0,2.589,4354.0,2.593,2570.0,2.594,2331.0
1753533352635,12:35:52.635,AXS/USDT:USDT,2.591,941.0,2.59,1728.0,2.593,2570.0,2.594,2331.0
1753533352737,12:35:52.737,AXS/USDT:USDT,2.591,941.0,2.59,1728.0,2.593,2570.0,2.594,2331.0
1753533352897,12:35:52.897,AXS/USDT:USDT,2.591,941.0,2.59,1728.0,2.593,2570.0,2.594,2331.0
1753533353030,12:35:53.030,AXS/USDT:USDT,2.591,941.0,2.59,1728.0,2.593,2570.0,2.594,2331.0
1753533353064,12:35:53.064,AXS/USDT:USDT,2.591,941.0,2.59,1728.0,2.593,1773.0,2.594,2331.0
1753533354511,12:35:54.511,AXS/USDT:USDT,2.591,941.0,2.59,1728.0,2.593,1773.0,2.594,2331.0
1753533354760,12:35:54.760,AXS/USDT:USDT,2.591,941.0,2.59,1728.0,2.593,1773.0,2.594,2331.0
1753533356010,12:35:56.010,AXS/USDT:USDT,2.591,941.0,2.59,1728.0,2.593,1773.0,2.594,2331.0
1753533357697,12:35:57.697,AXS/USDT:USDT,2.591,941.0,2.59,1728.0,2.593,1773.0,2.594,2331.0
1753533359247,12:35:59.247,AXS/USDT:USDT,2.591,941.0,2.59,1728.0,2.593,1773.0,2.594,2331.0
1753533359347,12:35:59.347,AXS/USDT:USDT,2.591,941.0,2.59,2539.0,2.593,1444.0,2.594,2660.0
1753533359366,12:35:59.366,AXS/USDT:USDT,2.591,941.0,2.59,2541.0,2.593,1444.0,2.594,2660.0
1753533359722,12:35:59.722,AXS/USDT:USDT,2.591,941.0,2.59,2541.0,2.593,1444.0,2.594,2660.0
1753533360242,12:36:00.242,AXS/USDT:USDT,2.591,941.0,2.59,2541.0,2.593,1444.0,2.594,2660.0
1753533360911,12:36:00.911,AXS/USDT:USDT,2.591,941.0,2.59,2541.0,2.593,1444.0,2.594,2660.0
1753533361111,12:36:01.111,AXS/USDT:USDT,2.591,941.0,2.59,2541.0,2.593,1444.0,2.594,2660.0
1753533361529,12:36:01.529,AXS/USDT:USDT,2.591,941.0,2.59,2541.0,2.593,1444.0,2.594,2660.0
1753533361760,12:36:01.760,AXS/USDT:USDT,2.591,941.0,2.59,2541.0,2.593,944.0,2.594,2660.0
1753533362003,12:36:02.003,AXS/USDT:USDT,2.591,941.0,2.59,2541.0,2.593,944.0,2.594,2660.0
1753533362496,12:36:02.496,AXS/USDT:USDT,2.591,941.0,2.59,2541.0,2.593,944.0,2.594,2660.0
1753533362620,12:36:02.620,AXS/USDT:USDT,2.591,941.0,2.59,2541.0,2.593,944.0,2.594,2660.0
1753533362915,12:36:02.915,AXS/USDT:USDT,2.591,941.0,2.59,2541.0,2.593,944.0,2.594,2660.0
1753533363414,12:36:03.414,AXS/USDT:USDT,2.591,941.0,2.59,2541.0,2.593,944.0,2.594,2660.0
1753533363726,12:36:03.726,AXS/USDT:USDT,2.591,941.0,2.59,2541.0,2.594,2583.0,2.595,7381.0
1753533363840,12:36:03.840,AXS/USDT:USDT,2.592,938.0,2.591,3257.0,2.594,2583.0,2.595,7381.0
1753533363930,12:36:03.930,AXS/USDT:USDT,2.592,938.0,2.591,941.0,2.594,2583.0,2.595,7381.0
1753533364040,12:36:04.040,AXS/USDT:USDT,2.591,941.0,2.59,2541.0,2.594,2583.0,2.595,7381.0
1753533364117,12:36:04.117,AXS/USDT:USDT,2.591,941.0,2.59,2541.0,2.594,2583.0,2.595,7381.0
1753533364189,12:36:04.189,AXS/USDT:USDT,2.591,941.0,2.59,2541.0,2.594,2583.0,2.595,7381.0
1753533364267,12:36:04.267,AXS/USDT:USDT,2.591,941.0,2.59,2541.0,2.594,2583.0,2.595,7381.0
1753533364451,12:36:04.451,AXS/USDT:USDT,2.591,941.0,2.59,2541.0,2.594,2583.0,2.595,7381.0
1753533364721,12:36:04.721,AXS/USDT:USDT,2.591,941.0,2.59,2541.0,2.594,2583.0,2.595,7381.0
1753533364843,12:36:04.843,AXS/USDT:USDT,2.592,938.0,2.591,941.0,2.594,2583.0,2.595,7381.0
1753533364921,12:36:04.921,AXS/USDT:USDT,2.592,938.0,2.591,941.0,2.594,2583.0,2.595,7381.0
1753533364984,12:36:04.984,AXS/USDT:USDT,2.591,941.0,2.59,2541.0,2.594,2583.0,2.595,7381.0
1753533365227,12:36:05.227,AXS/USDT:USDT,2.591,941.0,2.59,2541.0,2.594,2583.0,2.595,7381.0
1753533365275,12:36:05.275,AXS/USDT:USDT,2.591,941.0,2.59,2541.0,2.594,2583.0,2.595,7381.0
1753533365437,12:36:05.437,AXS/USDT:USDT,2.591,941.0,2.59,2541.0,2.594,2583.0,2.595,7381.0
1753533365641,12:36:05.641,AXS/USDT:USDT,2.591,941.0,2.59,2541.0,2.594,2583.0,2.595,7381.0
1753533365985,12:36:05.985,AXS/USDT:USDT,2.591,941.0,2.59,2541.0,2.594,2583.0,2.595,7381.0
1753533366441,12:36:06.441,AXS/USDT:USDT,2.591,3257.0,2.59,2541.0,2.593,938.0,2.594,2660.0
1753533366490,12:36:06.490,AXS/USDT:USDT,2.592,938.0,2.591,941.0,2.593,938.0,2.594,2583.0
1753533366631,12:36:06.631,AXS/USDT:USDT,2.592,938.0,2.591,3257.0,2.593,938.0,2.594,2660.0
1753533366661,12:36:06.661,AXS/USDT:USDT,2.592,938.0,2.591,941.0,2.593,938.0,2.594,2583.0
1753533366801,12:36:06.801,AXS/USDT:USDT,2.591,941.0,2.59,2541.0,2.593,938.0,2.594,2660.0
1753533366905,12:36:06.905,AXS/USDT:USDT,2.591,941.0,2.59,2541.0,2.593,938.0,2.594,2660.0
1753533367312,12:36:07.312,AXS/USDT:USDT,2.591,941.0,2.59,2541.0,2.593,938.0,2.594,2660.0
1753533367442,12:36:07.442,AXS/USDT:USDT,2.592,1915.0,2.591,941.0,2.594,2583.0,2.595,7381.0
1753533367525,12:36:07.525,AXS/USDT:USDT,2.592,938.0,2.591,941.0,2.594,2583.0,2.595,6711.0
1753533367578,12:36:07.578,AXS/USDT:USDT,2.591,941.0,2.59,2541.0,2.594,2583.0,2.595,6711.0
1753533367981,12:36:07.981,AXS/USDT:USDT,2.591,941.0,2.59,2541.0,2.593,938.0,2.594,2660.0
1753533368144,12:36:08.144,AXS/USDT:USDT,2.592,938.0,2.591,3257.0,2.594,2583.0,2.595,6711.0
1753533368170,12:36:08.170,AXS/USDT:USDT,2.592,938.0,2.591,941.0,2.594,2583.0,2.595,6711.0
1753533368296,12:36:08.296,AXS/USDT:USDT,2.591,941.0,2.59,2541.0,2.594,2583.0,2.595,6711.0
1753533369043,12:36:09.043,AXS/USDT:USDT,2.591,941.0,2.59,2541.0,2.594,2254.0,2.595,6711.0
1753533369144,12:36:09.144,AXS/USDT:USDT,2.592,3988.0,2.591,10574.0,2.594,2254.0,2.595,6711.0
1753533369162,12:36:09.162,AXS/USDT:USDT,2.592,3990.0,2.591,10574.0,2.594,2254.0,2.595,6711.0
1753533369340,12:36:09.340,AXS/USDT:USDT,2.592,3990.0,2.591,10574.0,2.594,1451.0,2.595,6711.0
1753533369446,12:36:09.446,AXS/USDT:USDT,2.592,3990.0,2.591,10574.0,2.594,1451.0,2.595,6711.0
1753533369464,12:36:09.464,AXS/USDT:USDT,2.592,3990.0,2.591,10574.0,2.594,1451.0,2.595,6711.0
1753533369754,12:36:09.754,AXS/USDT:USDT,2.592,3990.0,2.591,10574.0,2.594,1451.0,2.595,6711.0
1753533372097,12:36:12.097,AXS/USDT:USDT,2.592,3990.0,2.591,10574.0,2.594,1451.0,2.595,6711.0
1753533374113,12:36:14.113,AXS/USDT:USDT,2.592,3990.0,2.591,10574.0,2.594,1451.0,2.595,6711.0
1753533374356,12:36:14.356,AXS/USDT:USDT,2.592,3990.0,2.591,10574.0,2.594,1451.0,2.595,6711.0
1753533376897,12:36:16.897,AXS/USDT:USDT,2.592,3990.0,2.591,10574.0,2.594,1451.0,2.595,6711.0
1753533378910,12:36:18.910,AXS/USDT:USDT,2.592,3990.0,2.591,11624.0,2.594,1451.0,2.595,7040.0
1753533379425,12:36:19.425,AXS/USDT:USDT,2.593,930.0,2.592,3990.0,2.594,1451.0,2.595,6963.0
1753533379533,12:36:19.533,AXS/USDT:USDT,2.593,930.0,2.592,3990.0,2.594,1443.0,2.595,6971.0
1753533379834,12:36:19.834,AXS/USDT:USDT,2.593,930.0,2.592,3990.0,2.594,1443.0,2.595,6971.0
1753533380327,12:36:20.327,AXS/USDT:USDT,2.592,3990.0,2.591,11624.0,2.594,1443.0,2.595,7048.0
1753533380536,12:36:20.536,AXS/USDT:USDT,2.592,3990.0,2.591,11624.0,2.594,1443.0,2.595,7048.0
1753533380812,12:36:20.812,AXS/USDT:USDT,2.593,930.0,2.592,3990.0,2.594,1443.0,2.595,6971.0
1753533381697,12:36:21.697,AXS/USDT:USDT,2.593,930.0,2.592,3990.0,2.594,1443.0,2.595,6971.0
1753533381835,12:36:21.835,AXS/USDT:USDT,2.593,930.0,2.592,3990.0,2.594,1443.0,2.595,6971.0
1753533382703,12:36:22.703,AXS/USDT:USDT,2.593,930.0,2.592,3990.0,2.594,1443.0,2.595,6971.0
1753533382931,12:36:22.931,AXS/USDT:USDT,2.593,930.0,2.592,3990.0,2.594,1443.0,2.595,6971.0
1753533383136,12:36:23.136,AXS/USDT:USDT,2.593,930.0,2.592,3990.0,2.594,1443.0,2.595,6971.0
1753533384225,12:36:24.225,AXS/USDT:USDT,2.593,930.0,2.592,3990.0,2.594,1443.0,2.595,6971.0
1753533386539,12:36:26.539,AXS/USDT:USDT,2.593,930.0,2.592,3990.0,2.594,1443.0,2.595,2555.0
1753533386551,12:36:26.551,AXS/USDT:USDT,2.593,930.0,2.592,3990.0,2.594,1443.0,2.595,2555.0
1753533386770,12:36:26.770,AXS/USDT:USDT,2.593,930.0,2.592,3990.0,2.594,500.0,2.595,2555.0
1753533387833,12:36:27.833,AXS/USDT:USDT,2.593,930.0,2.592,3990.0,2.594,500.0,2.595,5987.0
1753533387899,12:36:27.899,AXS/USDT:USDT,2.593,930.0,2.592,3990.0,2.594,500.0,2.595,5987.0
1753533388172,12:36:28.172,AXS/USDT:USDT,2.593,930.0,2.592,3990.0,2.594,500.0,2.595,5987.0
1753533388481,12:36:28.481,AXS/USDT:USDT,2.593,930.0,2.592,3990.0,2.594,1418.0,2.595,5987.0
1753533389457,12:36:29.457,AXS/USDT:USDT,2.593,930.0,2.592,3990.0,2.594,1418.0,2.595,5987.0
1753533389671,12:36:29.671,AXS/USDT:USDT,2.593,930.0,2.592,3990.0,2.594,1418.0,2.595,5987.0
1753533389963,12:36:29.963,AXS/USDT:USDT,2.593,930.0,2.592,3990.0,2.594,1418.0,2.595,5987.0
1753533390206,12:36:30.206,AXS/USDT:USDT,2.593,930.0,2.592,3990.0,2.594,1418.0,2.595,5987.0
1753533390460,12:36:30.460,AXS/USDT:USDT,2.593,930.0,2.592,3990.0,2.594,1418.0,2.595,5987.0
1753533390698,12:36:30.698,AXS/USDT:USDT,2.593,930.0,2.592,3990.0,2.594,1418.0,2.595,5987.0
1753533390966,12:36:30.966,AXS/USDT:USDT,2.593,930.0,2.592,3990.0,2.594,1418.0,2.595,5987.0
1753533391067,12:36:31.067,AXS/USDT:USDT,2.593,930.0,2.592,3990.0,2.594,1418.0,2.595,5987.0
1753533391222,12:36:31.222,AXS/USDT:USDT,2.593,930.0,2.592,3990.0,2.594,1418.0,2.595,5987.0
1753533391298,12:36:31.298,AXS/USDT:USDT,2.593,930.0,2.592,3990.0,2.594,1418.0,2.595,5987.0
1753533392341,12:36:32.341,AXS/USDT:USDT,2.592,3990.0,2.591,11624.0,2.594,1418.0,2.595,6064.0
1753533392472,12:36:32.472,AXS/USDT:USDT,2.592,3990.0,2.591,11624.0,2.594,1418.0,2.595,6064.0
1753533392715,12:36:32.715,AXS/USDT:USDT,2.592,3990.0,2.591,11624.0,2.594,1418.0,2.595,6064.0
1753533392975,12:36:32.975,AXS/USDT:USDT,2.592,3990.0,2.591,11624.0,2.594,1418.0,2.595,6064.0
1753533393206,12:36:33.206,AXS/USDT:USDT,2.592,3990.0,2.591,11624.0,2.594,1418.0,2.595,6064.0
1753533393421,12:36:33.421,AXS/USDT:USDT,2.593,903.0,2.592,3990.0,2.594,1418.0,2.595,5987.0
1753533393478,12:36:33.478,AXS/USDT:USDT,2.593,903.0,2.592,3990.0,2.594,1418.0,2.595,5987.0
1753533393724,12:36:33.724,AXS/USDT:USDT,2.593,903.0,2.592,3990.0,2.594,1418.0,2.595,5987.0
1753533393979,12:36:33.979,AXS/USDT:USDT,2.593,903.0,2.592,3990.0,2.594,1418.0,2.595,5987.0
1753533394376,12:36:34.376,AXS/USDT:USDT,2.593,903.0,2.592,4787.0,2.594,1418.0,2.595,5987.0
1753533396097,12:36:36.097,AXS/USDT:USDT,2.593,903.0,2.592,4787.0,2.594,1418.0,2.595,5987.0
1753533396220,12:36:36.220,AXS/USDT:USDT,2.592,4787.0,2.591,11624.0,2.594,1418.0,2.595,6064.0
1753533399843,12:36:39.843,AXS/USDT:USDT,2.592,3990.0,2.591,11624.0,2.594,1418.0,2.595,6064.0
1753533400899,12:36:40.899,AXS/USDT:USDT,2.592,3990.0,2.591,11624.0,2.594,1418.0,2.595,6064.0
1753533401181,12:36:41.181,AXS/USDT:USDT,2.593,903.0,2.592,3990.0,2.594,1418.0,2.595,5987.0
1753533405697,12:36:45.697,AXS/USDT:USDT,2.593,903.0,2.592,3990.0,2.594,1418.0,2.595,5987.0
1753533405881,12:36:45.881,AXS/USDT:USDT,2.592,3990.0,2.591,11624.0,2.594,1418.0,2.595,6064.0
1753533408821,12:36:48.821,AXS/USDT:USDT,2.593,905.0,2.592,3990.0,2.594,1418.0,2.595,5987.0
1753533410787,12:36:50.787,AXS/USDT:USDT,2.593,905.0,2.592,3990.0,2.594,1418.0,2.595,5987.0
1753533411127,12:36:51.127,AXS/USDT:USDT,2.593,905.0,2.592,4787.0,2.595,5190.0,2.596,12483.0
1753533411170,12:36:51.170,AXS/USDT:USDT,2.593,905.0,2.592,4787.0,2.595,5190.0,2.596,12483.0
1753533411528,12:36:51.528,AXS/USDT:USDT,2.593,905.0,2.592,4787.0,2.595,5190.0,2.596,12483.0
1753533411910,12:36:51.910,AXS/USDT:USDT,2.593,905.0,2.592,4787.0,2.595,5190.0,2.596,12483.0
1753533412743,12:36:52.743,AXS/USDT:USDT,2.593,905.0,2.592,4787.0,2.595,5190.0,2.596,12483.0
1753533412767,12:36:52.767,AXS/USDT:USDT,2.593,905.0,2.592,4787.0,2.595,5190.0,2.596,12483.0
1753533415910,12:36:55.910,AXS/USDT:USDT,2.593,905.0,2.592,4787.0,2.595,5190.0,2.596,12483.0
1753533417569,12:36:57.569,AXS/USDT:USDT,2.593,905.0,2.592,4787.0,2.595,5190.0,2.596,12483.0
1753533418069,12:36:58.069,AXS/USDT:USDT,2.593,905.0,2.592,4787.0,2.595,5190.0,2.596,12483.0
1753533419248,12:36:59.248,AXS/USDT:USDT,2.593,905.0,2.592,4787.0,2.595,5190.0,2.596,12483.0
1753533419433,12:36:59.433,AXS/USDT:USDT,2.593,905.0,2.592,4787.0,2.595,5190.0,2.596,12483.0
1753533419942,12:36:59.942,AXS/USDT:USDT,2.593,905.0,2.592,4787.0,2.595,4861.0,2.596,12812.0
1753533420012,12:37:00.012,AXS/USDT:USDT,2.593,905.0,2.592,4787.0,2.595,4861.0,2.596,12812.0
1753533420210,12:37:00.210,AXS/USDT:USDT,2.593,905.0,2.592,4787.0,2.595,1429.0,2.596,4728.0
1753533420256,12:37:00.256,AXS/USDT:USDT,2.593,905.0,2.592,4787.0,2.595,1421.0,2.596,4736.0
1753533420698,12:37:00.698,AXS/USDT:USDT,2.593,905.0,2.592,4787.0,2.595,1421.0,2.596,4736.0
1753533420808,12:37:00.808,AXS/USDT:USDT,2.593,905.0,2.592,4787.0,2.595,1421.0,2.596,4736.0
1753533420907,12:37:00.907,AXS/USDT:USDT,2.593,905.0,2.592,4787.0,2.595,1421.0,2.596,5236.0
1753533421384,12:37:01.384,AXS/USDT:USDT,2.593,905.0,2.592,4787.0,2.595,921.0,2.596,5236.0
1753533421526,12:37:01.526,AXS/USDT:USDT,2.594,924.0,2.593,905.0,2.596,5159.0,2.597,13761.0
1753533421646,12:37:01.646,AXS/USDT:USDT,2.593,905.0,2.592,4787.0,2.596,5159.0,2.597,12067.0
1753533421667,12:37:01.667,AXS/USDT:USDT,2.593,905.0,2.592,4787.0,2.595,924.0,2.596,5236.0
1753533421769,12:37:01.769,AXS/USDT:USDT,2.593,905.0,2.592,4787.0,2.595,924.0,2.596,5236.0
1753533421898,12:37:01.898,AXS/USDT:USDT,2.593,905.0,2.592,4787.0,2.595,924.0,2.596,5236.0
1753533422084,12:37:02.084,AXS/USDT:USDT,2.593,905.0,2.592,4787.0,2.595,924.0,2.596,5236.0
1753533422918,12:37:02.918,AXS/USDT:USDT,2.593,905.0,2.592,4787.0,2.595,924.0,2.596,5236.0
1753533423214,12:37:03.214,AXS/USDT:USDT,2.593,905.0,2.592,4787.0,2.595,924.0,2.596,5236.0
1753533423599,12:37:03.599,AXS/USDT:USDT,2.593,905.0,2.592,4787.0,2.595,924.0,2.596,5236.0
1753533423919,12:37:03.919,AXS/USDT:USDT,2.593,905.0,2.592,4787.0,2.595,924.0,2.596,5236.0
1753533424406,12:37:04.406,AXS/USDT:USDT,2.593,905.0,2.592,4787.0,2.595,924.0,2.596,5236.0
1753533425442,12:37:05.442,AXS/USDT:USDT,2.593,905.0,2.592,4787.0,2.595,924.0,2.596,5236.0
1753533425498,12:37:05.498,AXS/USDT:USDT,2.593,905.0,2.592,4787.0,2.595,924.0,2.596,5236.0
1753533425953,12:37:05.953,AXS/USDT:USDT,2.593,905.0,2.592,4787.0,2.595,924.0,2.596,5236.0
1753533430298,12:37:10.298,AXS/USDT:USDT,2.593,905.0,2.592,4787.0,2.595,924.0,2.596,5236.0
1753533430943,12:37:10.943,AXS/USDT:USDT,2.594,918.0,2.593,905.0,2.596,5159.0,2.597,12067.0
1753533431035,12:37:11.035,AXS/USDT:USDT,2.594,918.0,2.593,1958.0,2.596,4830.0,2.597,12067.0
1753533431142,12:37:11.142,AXS/USDT:USDT,2.594,1884.0,2.593,3219.0,2.596,2961.0,2.597,5047.0
1753533431150,12:37:11.150,AXS/USDT:USDT,2.594,1884.0,2.593,3219.0,2.596,2961.0,2.597,5047.0
1753533431304,12:37:11.304,AXS/USDT:USDT,2.594,1884.0,2.593,3219.0,2.596,1447.0,2.597,5047.0
1753533431390,12:37:11.390,AXS/USDT:USDT,2.594,4647.0,2.593,12831.0,2.596,1439.0,2.597,5055.0
1753533431454,12:37:11.454,AXS/USDT:USDT,2.594,4649.0,2.593,12831.0,2.596,1439.0,2.597,5055.0
1753533431737,12:37:11.737,AXS/USDT:USDT,2.594,4649.0,2.593,12831.0,2.596,1439.0,2.597,5555.0
1753533432009,12:37:12.009,AXS/USDT:USDT,2.594,4649.0,2.593,12831.0,2.596,1439.0,2.597,5555.0
1753533432176,12:37:12.176,AXS/USDT:USDT,2.594,4649.0,2.593,12831.0,2.596,1439.0,2.597,5555.0
1753533432562,12:37:12.562,AXS/USDT:USDT,2.594,4649.0,2.593,12831.0,2.596,1439.0,2.597,5555.0
1753533433008,12:37:13.008,AXS/USDT:USDT,2.594,4649.0,2.593,12831.0,2.596,1439.0,2.597,5555.0
1753533433300,12:37:13.300,AXS/USDT:USDT,2.594,4649.0,2.593,12831.0,2.596,1439.0,2.597,5555.0
1753533434719,12:37:14.719,AXS/USDT:USDT,2.594,4649.0,2.593,12831.0,2.596,1439.0,2.597,5555.0
1753533435098,12:37:15.098,AXS/USDT:USDT,2.594,4649.0,2.593,12831.0,2.596,1439.0,2.597,5555.0
1753533436046,12:37:16.046,AXS/USDT:USDT,2.594,4649.0,2.593,12831.0,2.596,1439.0,2.597,5555.0
1753533436229,12:37:16.229,AXS/USDT:USDT,2.594,4649.0,2.593,12831.0,2.596,1439.0,2.597,5555.0
1753533436590,12:37:16.590,AXS/USDT:USDT,2.594,4649.0,2.593,12831.0,2.596,1439.0,2.597,5555.0
1753533436830,12:37:16.830,AXS/USDT:USDT,2.594,4649.0,2.593,13883.0,2.596,1439.0,2.597,5884.0
1753533436850,12:37:16.850,AXS/USDT:USDT,2.594,4649.0,2.593,13883.0,2.596,1439.0,2.597,5884.0
1753533436975,12:37:16.975,AXS/USDT:USDT,2.594,4649.0,2.593,13883.0,2.596,1439.0,2.597,5884.0
1753533437088,12:37:17.088,AXS/USDT:USDT,2.595,903.0,2.594,4649.0,2.596,1439.0,2.597,5807.0
1753533437219,12:37:17.219,AXS/USDT:USDT,2.595,903.0,2.594,4649.0,2.596,1439.0,2.597,5807.0
1753533437428,12:37:17.428,AXS/USDT:USDT,2.595,903.0,2.594,4649.0,2.596,1439.0,2.597,5807.0
1753533438745,12:37:18.745,AXS/USDT:USDT,2.595,903.0,2.594,4649.0,2.596,1439.0,2.597,5807.0
1753533439031,12:37:19.031,AXS/USDT:USDT,2.595,903.0,2.594,4649.0,2.596,1439.0,2.597,5807.0
1753533439567,12:37:19.567,AXS/USDT:USDT,2.595,903.0,2.594,4649.0,2.596,1439.0,2.597,5807.0
1753533439929,12:37:19.929,AXS/USDT:USDT,2.595,903.0,2.594,4649.0,2.596,1439.0,2.597,2541.0
1753533440967,12:37:20.967,AXS/USDT:USDT,2.595,903.0,2.594,4649.0,2.596,1439.0,2.597,2541.0
1753533441597,12:37:21.597,AXS/USDT:USDT,2.595,903.0,2.594,4649.0,2.596,1439.0,2.597,2541.0
1753533443615,12:37:23.615,AXS/USDT:USDT,2.595,903.0,2.594,4649.0,2.596,1439.0,2.597,2541.0
1753533444699,12:37:24.699,AXS/USDT:USDT,2.595,903.0,2.594,4649.0,2.596,1439.0,2.597,2541.0
1753533446762,12:37:26.762,AXS/USDT:USDT,2.594,4649.0,2.593,11569.0,2.596,1439.0,2.597,6010.0
1753533447045,12:37:27.045,AXS/USDT:USDT,2.595,903.0,2.594,4649.0,2.596,939.0,2.597,6010.0
1753533447098,12:37:27.098,AXS/USDT:USDT,2.595,903.0,2.594,4649.0,2.596,939.0,2.597,5933.0
1753533447931,12:37:27.931,AXS/USDT:USDT,2.595,903.0,2.594,4649.0,2.596,939.0,2.597,5933.0
1753533448012,12:37:28.012,AXS/USDT:USDT,2.595,903.0,2.594,4649.0,2.596,939.0,2.597,5933.0
1753533448316,12:37:28.316,AXS/USDT:USDT,2.595,903.0,2.594,4649.0,2.596,939.0,2.597,5933.0
1753533449006,12:37:29.006,AXS/USDT:USDT,2.595,903.0,2.594,4649.0,2.596,939.0,2.597,5933.0
1753533449499,12:37:29.499,AXS/USDT:USDT,2.595,903.0,2.594,4649.0,2.596,939.0,2.597,5933.0
1753533450221,12:37:30.221,AXS/USDT:USDT,2.594,4649.0,2.593,11569.0,2.596,939.0,2.597,6010.0
1753533450338,12:37:30.338,AXS/USDT:USDT,2.594,4649.0,2.593,11569.0,2.596,939.0,2.597,6010.0
1753533450941,12:37:30.941,AXS/USDT:USDT,2.595,903.0,2.594,5446.0,2.596,939.0,2.597,6010.0
1753533450960,12:37:30.960,AXS/USDT:USDT,2.595,903.0,2.594,5446.0,2.596,939.0,2.597,5933.0
1753533451159,12:37:31.159,AXS/USDT:USDT,2.595,903.0,2.594,5446.0,2.596,939.0,2.597,5933.0
1753533452090,12:37:32.090,AXS/USDT:USDT,2.595,903.0,2.594,5446.0,2.596,939.0,2.597,5933.0
1753533454299,12:37:34.299,AXS/USDT:USDT,2.595,903.0,2.594,5446.0,2.596,939.0,2.597,5933.0
1753533455381,12:37:35.381,AXS/USDT:USDT,2.594,4649.0,2.593,11569.0,2.596,939.0,2.597,6010.0
1753533455592,12:37:35.592,AXS/USDT:USDT,2.594,4649.0,2.593,11569.0,2.596,939.0,2.597,6010.0
1753533455843,12:37:35.843,AXS/USDT:USDT,2.595,937.0,2.594,5446.0,2.596,939.0,2.597,5136.0
1753533455896,12:37:35.896,AXS/USDT:USDT,2.595,937.0,2.594,5446.0,2.597,5136.0,2.598,11306.0
1753533456012,12:37:36.012,AXS/USDT:USDT,2.595,937.0,2.594,5446.0,2.597,5136.0,2.598,11306.0
1753533456050,12:37:36.050,AXS/USDT:USDT,2.595,937.0,2.594,5446.0,2.597,5136.0,2.598,11306.0
1753533456591,12:37:36.591,AXS/USDT:USDT,2.595,937.0,2.594,5446.0,2.597,5136.0,2.598,11306.0
1753533456708,12:37:36.708,AXS/USDT:USDT,2.595,937.0,2.594,5446.0,2.597,5136.0,2.598,11306.0
1753533456833,12:37:36.833,AXS/USDT:USDT,2.595,937.0,2.594,5446.0,2.597,5136.0,2.598,11306.0
1753533456933,12:37:36.933,AXS/USDT:USDT,2.595,937.0,2.594,5446.0,2.597,1415.0,2.598,1694.0
1753533457038,12:37:37.038,AXS/USDT:USDT,2.595,937.0,2.594,5446.0,2.597,1407.0,2.598,1694.0
1753533457110,12:37:37.110,AXS/USDT:USDT,2.595,937.0,2.594,5446.0,2.597,1407.0,2.598,1694.0
1753533457162,12:37:37.162,AXS/USDT:USDT,2.595,937.0,2.594,5446.0,2.597,1407.0,2.598,2194.0
1753533457250,12:37:37.250,AXS/USDT:USDT,2.595,937.0,2.594,5446.0,2.597,1407.0,2.598,2194.0
1753533457445,12:37:37.445,AXS/USDT:USDT,2.595,937.0,2.594,5446.0,2.597,1407.0,2.598,2194.0
1753533457470,12:37:37.470,AXS/USDT:USDT,2.595,937.0,2.594,5446.0,2.597,1407.0,2.598,2968.0
1753533457675,12:37:37.675,AXS/USDT:USDT,2.595,937.0,2.594,5446.0,2.597,1407.0,2.598,2968.0
1753533457814,12:37:37.814,AXS/USDT:USDT,2.595,937.0,2.594,5446.0,2.597,1407.0,2.598,2968.0
1753533457943,12:37:37.943,AXS/USDT:USDT,2.595,937.0,2.594,5446.0,2.597,1407.0,2.598,2968.0
1753533458005,12:37:38.005,AXS/USDT:USDT,2.595,937.0,2.594,5446.0,2.597,1407.0,2.598,2968.0
1753533458085,12:37:38.085,AXS/USDT:USDT,2.595,937.0,2.594,5446.0,2.597,1407.0,2.598,2968.0
1753533458222,12:37:38.222,AXS/USDT:USDT,2.595,937.0,2.594,5446.0,2.597,1407.0,2.598,2968.0
1753533458440,12:37:38.440,AXS/USDT:USDT,2.595,937.0,2.594,5446.0,2.597,1407.0,2.598,2968.0
1753533458456,12:37:38.456,AXS/USDT:USDT,2.595,937.0,2.594,5446.0,2.597,1407.0,2.598,2968.0
1753533458638,12:37:38.638,AXS/USDT:USDT,2.595,937.0,2.594,5446.0,2.597,1407.0,2.598,2968.0
1753533458712,12:37:38.712,AXS/USDT:USDT,2.595,937.0,2.594,5446.0,2.597,1407.0,2.598,2968.0
1753533458937,12:37:38.937,AXS/USDT:USDT,2.595,937.0,2.594,5446.0,2.597,1407.0,2.598,2968.0
1753533459099,12:37:39.099,AXS/USDT:USDT,2.595,937.0,2.594,5446.0,2.597,1407.0,2.598,2968.0
1753533459958,12:37:39.958,AXS/USDT:USDT,2.595,937.0,2.594,5446.0,2.597,1407.0,2.598,2968.0
1753533460226,12:37:40.226,AXS/USDT:USDT,2.595,937.0,2.594,5446.0,2.597,1407.0,2.598,2968.0
1753533460427,12:37:40.427,AXS/USDT:USDT,2.595,937.0,2.594,5446.0,2.597,907.0,2.598,2298.0
1753533461214,12:37:41.214,AXS/USDT:USDT,2.595,937.0,2.594,5446.0,2.597,907.0,2.598,2298.0
1753533461421,12:37:41.421,AXS/USDT:USDT,2.595,937.0,2.594,5446.0,2.597,907.0,2.598,2298.0
1753533461480,12:37:41.480,AXS/USDT:USDT,2.595,937.0,2.594,5446.0,2.597,907.0,2.598,2298.0
1753533461761,12:37:41.761,AXS/USDT:USDT,2.595,937.0,2.594,5446.0,2.597,907.0,2.598,2298.0
1753533461918,12:37:41.918,AXS/USDT:USDT,2.595,937.0,2.594,5446.0,2.597,907.0,2.598,2298.0
1753533462005,12:37:42.005,AXS/USDT:USDT,2.595,937.0,2.594,5446.0,2.597,907.0,2.598,2298.0
1753533462321,12:37:42.321,AXS/USDT:USDT,2.595,937.0,2.594,5446.0,2.597,907.0,2.598,2298.0
1753533462488,12:37:42.488,AXS/USDT:USDT,2.595,937.0,2.594,5446.0,2.597,907.0,2.598,2298.0
1753533463945,12:37:43.945,AXS/USDT:USDT,2.595,937.0,2.594,5446.0,2.597,907.0,2.598,2298.0
1753533464805,12:37:44.805,AXS/USDT:USDT,2.595,937.0,2.594,5446.0,2.597,907.0,2.598,2298.0
1753533465110,12:37:45.110,AXS/USDT:USDT,2.596,914.0,2.595,937.0,2.598,2221.0,2.599,6619.0
1753533465231,12:37:45.231,AXS/USDT:USDT,2.596,4074.0,2.595,10534.0,2.598,2221.0,2.599,5822.0
1753533465332,12:37:45.332,AXS/USDT:USDT,2.596,4076.0,2.595,10534.0,2.598,2221.0,2.599,5822.0
1753533465530,12:37:45.530,AXS/USDT:USDT,2.596,4076.0,2.595,10534.0,2.598,1447.0,2.599,5822.0
1753533465868,12:37:45.868,AXS/USDT:USDT,2.596,4076.0,2.595,10534.0,2.598,1447.0,2.599,6619.0
1753533466007,12:37:46.007,AXS/USDT:USDT,2.596,4076.0,2.595,10534.0,2.598,1447.0,2.599,6619.0
1753533466213,12:37:46.213,AXS/USDT:USDT,2.596,4076.0,2.595,10534.0,2.598,1447.0,2.599,6619.0
1753533466548,12:37:46.548,AXS/USDT:USDT,2.596,4076.0,2.595,10534.0,2.598,1447.0,2.599,6619.0
1753533466838,12:37:46.838,AXS/USDT:USDT,2.596,4076.0,2.595,10534.0,2.598,1447.0,2.599,6619.0
1753533466943,12:37:46.943,AXS/USDT:USDT,2.596,4076.0,2.595,10534.0,2.598,1447.0,2.599,6619.0
1753533468690,12:37:48.690,AXS/USDT:USDT,2.596,4076.0,2.595,11580.0,2.598,1447.0,2.599,6619.0
1753533469541,12:37:49.541,AXS/USDT:USDT,2.596,4076.0,2.595,11580.0,2.598,1447.0,2.599,6619.0
1753533469700,12:37:49.700,AXS/USDT:USDT,2.596,4076.0,2.595,11580.0,2.598,1447.0,2.599,6619.0
1753533469810,12:37:49.810,AXS/USDT:USDT,2.596,4076.0,2.595,11580.0,2.598,1447.0,2.599,6619.0
1753533470310,12:37:50.310,AXS/USDT:USDT,2.596,4076.0,2.595,11580.0,2.598,1447.0,2.599,6619.0
1753533470929,12:37:50.929,AXS/USDT:USDT,2.596,4076.0,2.595,11580.0,2.598,1447.0,2.599,6619.0
1753533470950,12:37:50.950,AXS/USDT:USDT,2.596,4076.0,2.595,11580.0,2.598,1447.0,2.599,6619.0
1753533471588,12:37:51.588,AXS/USDT:USDT,2.596,4076.0,2.595,11580.0,2.598,1447.0,2.599,6619.0
1753533471938,12:37:51.938,AXS/USDT:USDT,2.596,4076.0,2.595,11580.0,2.598,1447.0,2.599,6619.0
1753533473120,12:37:53.120,AXS/USDT:USDT,2.596,4076.0,2.595,11580.0,2.598,1447.0,2.599,6619.0
1753533473329,12:37:53.329,AXS/USDT:USDT,2.596,4076.0,2.595,11580.0,2.598,1447.0,2.599,6619.0
1753533473720,12:37:53.720,AXS/USDT:USDT,2.596,916.0,2.595,11580.0,2.597,924.0,2.598,1447.0
1753533473812,12:37:53.812,AXS/USDT:USDT,2.596,916.0,2.595,11580.0,2.597,924.0,2.598,1447.0
1753533473852,12:37:53.852,AXS/USDT:USDT,2.596,916.0,2.595,11580.0,2.597,924.0,2.598,1447.0
1753533474123,12:37:54.123,AXS/USDT:USDT,2.596,916.0,2.595,11580.0,2.597,924.0,2.598,1447.0
1753533474240,12:37:54.240,AXS/USDT:USDT,2.596,916.0,2.595,11580.0,2.597,924.0,2.598,1447.0
1753533474335,12:37:54.335,AXS/USDT:USDT,2.596,916.0,2.595,11580.0,2.597,924.0,2.598,1447.0
1753533474501,12:37:54.501,AXS/USDT:USDT,2.596,916.0,2.595,11580.0,2.597,924.0,2.598,1447.0
1753533475265,12:37:55.265,AXS/USDT:USDT,2.596,916.0,2.595,11580.0,2.597,924.0,2.598,1447.0
1753533477367,12:37:57.367,AXS/USDT:USDT,2.596,916.0,2.595,11580.0,2.597,924.0,2.598,1447.0
1753533479300,12:37:59.300,AXS/USDT:USDT,2.596,916.0,2.595,11580.0,2.597,924.0,2.598,1447.0
1753533480192,12:38:00.192,AXS/USDT:USDT,2.596,2.0,2.595,937.0,2.597,924.0,2.598,2522.0
1753533480289,12:38:00.289,AXS/USDT:USDT,2.595,10529.0,2.594,16259.0,2.597,924.0,2.598,2522.0
1753533480354,12:38:00.354,AXS/USDT:USDT,2.595,10527.0,2.594,16259.0,2.597,924.0,2.598,2522.0
1753533480634,12:38:00.634,AXS/USDT:USDT,2.595,10527.0,2.594,16259.0,2.597,924.0,2.598,2851.0
1753533481629,12:38:01.629,AXS/USDT:USDT,2.595,10527.0,2.594,16259.0,2.597,924.0,2.598,2851.0
1753533482005,12:38:02.005,AXS/USDT:USDT,2.595,10527.0,2.594,16259.0,2.597,924.0,2.598,2851.0
1753533482086,12:38:02.086,AXS/USDT:USDT,2.595,10527.0,2.594,16259.0,2.597,924.0,2.598,2851.0
1753533482401,12:38:02.401,AXS/USDT:USDT,2.595,10527.0,2.594,16259.0,2.597,924.0,2.598,2851.0
1753533483310,12:38:03.310,AXS/USDT:USDT,2.595,937.0,2.594,25849.0,2.597,924.0,2.598,2851.0
1753533483357,12:38:03.357,AXS/USDT:USDT,2.595,939.0,2.594,25849.0,2.597,924.0,2.598,2851.0
1753533483642,12:38:03.642,AXS/USDT:USDT,2.595,2.0,2.594,25849.0,2.596,944.0,2.597,1253.0
1753533483738,12:38:03.738,AXS/USDT:USDT,2.595,2.0,2.594,25052.0,2.596,944.0,2.597,1330.0
1753533483797,12:38:03.797,AXS/USDT:USDT,2.595,2.0,2.594,25052.0,2.596,944.0,2.597,2127.0
1753533483878,12:38:03.878,AXS/USDT:USDT,2.595,2.0,2.594,25052.0,2.596,944.0,2.597,1330.0
1753533484101,12:38:04.101,AXS/USDT:USDT,2.595,2.0,2.594,25052.0,2.596,944.0,2.597,2127.0
1753533484233,12:38:04.233,AXS/USDT:USDT,2.593,11366.0,2.592,4680.0,2.595,944.0,2.596,1444.0
1753533484330,12:38:04.330,AXS/USDT:USDT,2.593,11408.0,2.592,4680.0,2.595,944.0,2.596,1529.0
1753533484350,12:38:04.350,AXS/USDT:USDT,2.593,11408.0,2.592,4680.0,2.595,944.0,2.596,1529.0
1753533484634,12:38:04.634,AXS/USDT:USDT,2.593,947.0,2.592,2549.0,2.595,944.0,2.596,1529.0
1753533484720,12:38:04.720,AXS/USDT:USDT,2.593,10536.0,2.592,2549.0,2.595,944.0,2.596,1529.0
1753533485016,12:38:05.016,AXS/USDT:USDT,2.593,4344.0,2.592,12138.0,2.595,944.0,2.596,1529.0
1753533485342,12:38:05.342,AXS/USDT:USDT,2.593,947.0,2.592,12138.0,2.595,944.0,2.596,1529.0
1753533485350,12:38:05.350,AXS/USDT:USDT,2.593,947.0,2.592,12138.0,2.595,944.0,2.596,1529.0
1753533485591,12:38:05.591,AXS/USDT:USDT,2.593,42.0,2.592,11324.0,2.595,944.0,2.596,2662.0
1753533485715,12:38:05.715,AXS/USDT:USDT,2.593,42.0,2.592,10527.0,2.595,944.0,2.596,2662.0
1753533485772,12:38:05.772,AXS/USDT:USDT,2.593,42.0,2.592,10527.0,2.595,944.0,2.596,2662.0
1753533485893,12:38:05.893,AXS/USDT:USDT,2.593,42.0,2.592,11324.0,2.595,944.0,2.596,2662.0
1753533486034,12:38:06.034,AXS/USDT:USDT,2.593,42.0,2.592,11324.0,2.595,944.0,2.596,2662.0
1753533486128,12:38:06.128,AXS/USDT:USDT,2.593,42.0,2.592,11324.0,2.594,944.0,2.595,1444.0
1753533486206,12:38:06.206,AXS/USDT:USDT,2.593,42.0,2.592,11324.0,2.594,944.0,2.595,1444.0
1753533486285,12:38:06.285,AXS/USDT:USDT,2.593,42.0,2.592,11324.0,2.594,944.0,2.595,1444.0
1753533486446,12:38:06.446,AXS/USDT:USDT,2.593,42.0,2.592,11324.0,2.594,944.0,2.595,1444.0
1753533486446,12:38:06.446,AXS/USDT:USDT,2.593,42.0,2.592,11324.0,2.594,944.0,2.595,1444.0
1753533486623,12:38:06.623,AXS/USDT:USDT,2.593,42.0,2.592,11324.0,2.594,944.0,2.595,1444.0
1753533487271,12:38:07.271,AXS/USDT:USDT,2.593,42.0,2.592,11324.0,2.594,944.0,2.595,1444.0
1753533487827,12:38:07.827,AXS/USDT:USDT,2.593,986.0,2.592,11324.0,2.594,944.0,2.595,1444.0
1753533488014,12:38:08.014,AXS/USDT:USDT,2.593,986.0,2.592,11324.0,2.594,944.0,2.595,1444.0
1753533488070,12:38:08.070,AXS/USDT:USDT,2.593,986.0,2.592,11324.0,2.594,944.0,2.595,1444.0
1753533488882,12:38:08.882,AXS/USDT:USDT,2.593,986.0,2.592,11324.0,2.595,1444.0,2.596,2662.0
1753533489037,12:38:09.037,AXS/USDT:USDT,2.593,986.0,2.592,11324.0,2.594,944.0,2.595,1444.0
1753533489191,12:38:09.191,AXS/USDT:USDT,2.593,42.0,2.592,11324.0,2.594,944.0,2.595,1444.0
1753533489488,12:38:09.488,AXS/USDT:USDT,2.593,986.0,2.592,11324.0,2.594,944.0,2.595,1444.0
1753533490340,12:38:10.340,AXS/USDT:USDT,2.593,986.0,2.592,11324.0,2.594,944.0,2.595,1444.0
1753533490500,12:38:10.500,AXS/USDT:USDT,2.593,986.0,2.592,11324.0,2.594,944.0,2.595,1444.0
1753533490970,12:38:10.970,AXS/USDT:USDT,2.593,986.0,2.592,11324.0,2.594,944.0,2.595,1773.0
1753533491089,12:38:11.089,AXS/USDT:USDT,2.593,986.0,2.592,11324.0,2.594,944.0,2.595,1773.0
1753533491299,12:38:11.299,AXS/USDT:USDT,2.593,986.0,2.592,11324.0,2.594,944.0,2.595,1773.0
1753533492581,12:38:12.581,AXS/USDT:USDT,2.593,42.0,2.592,11324.0,2.594,944.0,2.595,1773.0
1753533493902,12:38:13.902,AXS/USDT:USDT,2.593,970.0,2.592,11324.0,2.594,944.0,2.595,1773.0
1753533495341,12:38:15.341,AXS/USDT:USDT,2.593,970.0,2.592,11324.0,2.594,944.0,2.595,1773.0
1753533495841,12:38:15.841,AXS/USDT:USDT,2.593,970.0,2.592,11324.0,2.594,944.0,2.595,1773.0
1753533497146,12:38:17.146,AXS/USDT:USDT,2.593,42.0,2.592,11324.0,2.594,944.0,2.595,1773.0
1753533497621,12:38:17.621,AXS/USDT:USDT,2.593,42.0,2.592,11324.0,2.594,944.0,2.595,1773.0
1753533500100,12:38:20.100,AXS/USDT:USDT,2.593,42.0,2.592,11324.0,2.594,944.0,2.595,1773.0
1753533500937,12:38:20.937,AXS/USDT:USDT,2.593,970.0,2.592,11324.0,2.594,944.0,2.595,1773.0
1753533503501,12:38:23.501,AXS/USDT:USDT,2.593,42.0,2.592,11324.0,2.594,944.0,2.595,1773.0
1753533504918,12:38:24.918,AXS/USDT:USDT,2.593,42.0,2.592,11324.0,2.594,944.0,2.595,1773.0
1753533505323,12:38:25.323,AXS/USDT:USDT,2.593,42.0,2.592,11324.0,2.594,944.0,2.595,1773.0
1753533507014,12:38:27.014,AXS/USDT:USDT,2.593,42.0,2.592,11324.0,2.594,944.0,2.595,1773.0
1753533509014,12:38:29.014,AXS/USDT:USDT,2.593,42.0,2.592,11324.0,2.594,944.0,2.595,1773.0
1753533509556,12:38:29.556,AXS/USDT:USDT,2.593,42.0,2.592,11324.0,2.594,944.0,2.595,1773.0
1753533509700,12:38:29.700,AXS/USDT:USDT,2.593,42.0,2.592,11324.0,2.594,944.0,2.595,1773.0
1753533510056,12:38:30.056,AXS/USDT:USDT,2.593,42.0,2.592,11324.0,2.594,944.0,2.595,1773.0
1753533510331,12:38:30.331,AXS/USDT:USDT,2.593,42.0,2.592,11324.0,2.594,944.0,2.595,1773.0
1753533510407,12:38:30.407,AXS/USDT:USDT,2.593,42.0,2.592,11324.0,2.594,944.0,2.595,1773.0
1753533514501,12:38:34.501,AXS/USDT:USDT,2.593,42.0,2.592,11324.0,2.594,944.0,2.595,1773.0
1753533515397,12:38:35.397,AXS/USDT:USDT,2.593,42.0,2.592,11324.0,2.594,944.0,2.595,1773.0
1753533519079,12:38:39.079,AXS/USDT:USDT,2.593,42.0,2.592,11324.0,2.594,944.0,2.595,1773.0
1753533519311,12:38:39.311,AXS/USDT:USDT,2.593,42.0,2.592,11324.0,2.594,944.0,2.595,1773.0
1753533519350,12:38:39.350,AXS/USDT:USDT,2.593,42.0,2.592,11324.0,2.594,944.0,2.595,1773.0
1753533520472,12:38:40.472,AXS/USDT:USDT,2.593,42.0,2.592,11324.0,2.594,944.0,2.595,1773.0
1753533521325,12:38:41.325,AXS/USDT:USDT,2.593,42.0,2.592,11324.0,2.594,944.0,2.595,1773.0
1753533521350,12:38:41.350,AXS/USDT:USDT,2.593,42.0,2.592,11324.0,2.594,944.0,2.595,1773.0
1753533521487,12:38:41.487,AXS/USDT:USDT,2.593,42.0,2.592,11324.0,2.594,944.0,2.595,1773.0
1753533523331,12:38:43.331,AXS/USDT:USDT,2.593,42.0,2.592,4895.0,2.594,944.0,2.595,2570.0
1753533523635,12:38:43.635,AXS/USDT:USDT,2.593,42.0,2.592,4895.0,2.594,944.0,2.595,2570.0
1753533524101,12:38:44.101,AXS/USDT:USDT,2.593,42.0,2.592,4895.0,2.594,944.0,2.595,2570.0
1753533524807,12:38:44.807,AXS/USDT:USDT,2.593,42.0,2.592,4895.0,2.594,944.0,2.595,2570.0
1753533525262,12:38:45.262,AXS/USDT:USDT,2.593,42.0,2.592,4895.0,2.594,944.0,2.595,2570.0
1753533526115,12:38:46.115,AXS/USDT:USDT,2.593,42.0,2.592,4895.0,2.594,944.0,2.595,2570.0
1753533528038,12:38:48.038,AXS/USDT:USDT,2.593,42.0,2.592,4895.0,2.594,944.0,2.595,2570.0
1753533528901,12:38:48.901,AXS/USDT:USDT,2.593,42.0,2.592,4895.0,2.594,944.0,2.595,2570.0
1753533529195,12:38:49.195,AXS/USDT:USDT,2.593,42.0,2.592,4895.0,2.594,944.0,2.595,2570.0
1753533531722,12:38:51.722,AXS/USDT:USDT,2.593,42.0,2.592,4895.0,2.594,944.0,2.595,2570.0
1753533533701,12:38:53.701,AXS/USDT:USDT,2.593,42.0,2.592,4895.0,2.594,944.0,2.595,2570.0
1753533534134,12:38:54.134,AXS/USDT:USDT,2.593,986.0,2.592,4895.0,2.594,944.0,2.595,2570.0
1753533534215,12:38:54.215,AXS/USDT:USDT,2.593,986.0,2.592,4895.0,2.594,944.0,2.595,1773.0
1753533535816,12:38:55.816,AXS/USDT:USDT,2.593,986.0,2.592,4895.0,2.595,1773.0,2.596,3295.0
1753533535940,12:38:55.940,AXS/USDT:USDT,2.593,986.0,2.592,4895.0,2.595,1773.0,2.596,2333.0
1753533536290,12:38:56.290,AXS/USDT:USDT,2.593,986.0,2.592,4895.0,2.595,1444.0,2.596,2333.0
1753533537270,12:38:57.270,AXS/USDT:USDT,2.593,986.0,2.592,4895.0,2.595,1444.0,2.596,2333.0
1753533538501,12:38:58.501,AXS/USDT:USDT,2.593,986.0,2.592,4895.0,2.595,1444.0,2.596,2333.0
1753533539006,12:38:59.006,AXS/USDT:USDT,2.593,986.0,2.592,4895.0,2.595,1444.0,2.596,2333.0
1753533540288,12:39:00.288,AXS/USDT:USDT,2.593,986.0,2.592,4895.0,2.595,1444.0,2.596,2333.0
1753533542201,12:39:02.201,AXS/USDT:USDT,2.593,986.0,2.592,4895.0,2.595,1444.0,2.596,2333.0
1753533542701,12:39:02.701,AXS/USDT:USDT,2.593,986.0,2.592,4895.0,2.595,1444.0,2.596,2333.0
1753533543301,12:39:03.301,AXS/USDT:USDT,2.593,986.0,2.592,4895.0,2.595,1444.0,2.596,2333.0
1753533546305,12:39:06.305,AXS/USDT:USDT,2.593,986.0,2.592,4895.0,2.595,1444.0,2.596,2333.0
1753533546421,12:39:06.421,AXS/USDT:USDT,2.593,986.0,2.592,4895.0,2.595,1444.0,2.596,2333.0
1753533547240,12:39:07.240,AXS/USDT:USDT,2.594,912.0,2.593,986.0,2.595,1444.0,2.596,2333.0
1753533547270,12:39:07.270,AXS/USDT:USDT,2.594,912.0,2.593,986.0,2.595,1444.0,2.596,2585.0
1753533547435,12:39:07.435,AXS/USDT:USDT,2.594,912.0,2.593,1486.0,2.595,1444.0,2.596,2585.0
1753533547547,12:39:07.547,AXS/USDT:USDT,2.594,912.0,2.593,1486.0,2.595,1444.0,2.596,2585.0
1753533547628,12:39:07.628,AXS/USDT:USDT,2.594,912.0,2.593,1486.0,2.595,500.0,2.596,2585.0
1753533547697,12:39:07.697,AXS/USDT:USDT,2.594,912.0,2.593,1486.0,2.595,500.0,2.596,2585.0
1753533548042,12:39:08.042,AXS/USDT:USDT,2.594,912.0,2.593,1486.0,2.595,500.0,2.596,2585.0
1753533548101,12:39:08.101,AXS/USDT:USDT,2.594,912.0,2.593,1486.0,2.595,500.0,2.596,2585.0
1753533549033,12:39:09.033,AXS/USDT:USDT,2.594,912.0,2.593,1486.0,2.595,500.0,2.596,2585.0
1753533549064,12:39:09.064,AXS/USDT:USDT,2.594,912.0,2.593,1486.0,2.595,500.0,2.596,2585.0
1753533549651,12:39:09.651,AXS/USDT:USDT,2.594,912.0,2.593,1486.0,2.595,500.0,2.596,2585.0
1753533550333,12:39:10.333,AXS/USDT:USDT,2.594,912.0,2.593,1486.0,2.596,2585.0,2.597,6279.0
1753533550352,12:39:10.352,AXS/USDT:USDT,2.594,912.0,2.593,1486.0,2.596,2585.0,2.597,6279.0
1753533550508,12:39:10.508,AXS/USDT:USDT,2.594,912.0,2.593,1486.0,2.596,2585.0,2.597,6279.0
1753533550586,12:39:10.586,AXS/USDT:USDT,2.594,912.0,2.593,1486.0,2.595,912.0,2.596,2585.0
1753533550920,12:39:10.920,AXS/USDT:USDT,2.594,912.0,2.593,1486.0,2.595,912.0,2.596,2585.0
1753533551644,12:39:11.644,AXS/USDT:USDT,2.594,912.0,2.593,1486.0,2.596,2585.0,2.597,6279.0
1753533551734,12:39:11.734,AXS/USDT:USDT,2.594,912.0,2.593,1486.0,2.596,2585.0,2.597,6279.0
1753533552206,12:39:12.206,AXS/USDT:USDT,2.594,912.0,2.593,2538.0,2.596,2256.0,2.597,6608.0
1753533552342,12:39:12.342,AXS/USDT:USDT,2.594,912.0,2.593,2538.0,2.596,1452.0,2.597,6608.0
1753533552910,12:39:12.910,AXS/USDT:USDT,2.594,912.0,2.593,2538.0,2.596,1452.0,2.597,6608.0
1753533553830,12:39:13.830,AXS/USDT:USDT,2.594,912.0,2.593,2538.0,2.596,1452.0,2.597,6608.0
1753533554074,12:39:14.074,AXS/USDT:USDT,2.594,912.0,2.593,2538.0,2.596,1452.0,2.597,6608.0
1753533554649,12:39:14.649,AXS/USDT:USDT,2.594,912.0,2.593,2538.0,2.596,1452.0,2.597,6608.0
1753533555566,12:39:15.566,AXS/USDT:USDT,2.594,912.0,2.593,2538.0,2.596,1452.0,2.597,6608.0
1753533557242,12:39:17.242,AXS/USDT:USDT,2.594,912.0,2.593,2538.0,2.596,1452.0,2.597,6608.0
1753533557731,12:39:17.731,AXS/USDT:USDT,2.594,912.0,2.593,2538.0,2.596,1452.0,2.597,3297.0
1753533557755,12:39:17.755,AXS/USDT:USDT,2.594,912.0,2.593,2538.0,2.596,1444.0,2.597,3305.0
1753533557871,12:39:17.871,AXS/USDT:USDT,2.594,912.0,2.593,2538.0,2.596,1444.0,2.597,3305.0
1753533562237,12:39:22.237,AXS/USDT:USDT,2.594,912.0,2.593,2538.0,2.596,1444.0,2.597,3305.0
1753533562503,12:39:22.503,AXS/USDT:USDT,2.594,912.0,2.593,2538.0,2.596,1444.0,2.597,3305.0
1753533562661,12:39:22.661,AXS/USDT:USDT,2.594,912.0,2.593,2538.0,2.596,1444.0,2.597,3305.0
1753533564431,12:39:24.431,AXS/USDT:USDT,2.594,912.0,2.593,2538.0,2.596,1444.0,2.597,3305.0
1753533564489,12:39:24.489,AXS/USDT:USDT,2.594,912.0,2.593,2538.0,2.596,2436.0,2.597,3305.0
1753533567303,12:39:27.303,AXS/USDT:USDT,2.594,912.0,2.593,2538.0,2.596,2436.0,2.597,3305.0
1753533570190,12:39:30.190,AXS/USDT:USDT,2.594,912.0,2.593,2538.0,2.596,2436.0,2.597,6616.0
1753533570270,12:39:30.270,AXS/USDT:USDT,2.594,912.0,2.593,2538.0,2.596,2436.0,2.597,6616.0
1753533570388,12:39:30.388,AXS/USDT:USDT,2.594,912.0,2.593,2538.0,2.596,2436.0,2.597,6616.0
1753533571670,12:39:31.670,AXS/USDT:USDT,2.594,912.0,2.593,2538.0,2.596,1444.0,2.597,6616.0
1753533572102,12:39:32.102,AXS/USDT:USDT,2.594,912.0,2.593,2538.0,2.596,1444.0,2.597,6616.0
1753533573610,12:39:33.610,AXS/USDT:USDT,2.594,912.0,2.593,2538.0,2.596,2436.0,2.597,6616.0
1753533575730,12:39:35.730,AXS/USDT:USDT,2.594,912.0,2.593,2538.0,2.596,1444.0,2.597,6616.0
1753533576397,12:39:36.397,AXS/USDT:USDT,2.594,912.0,2.593,2538.0,2.596,1444.0,2.597,6616.0
1753533576902,12:39:36.902,AXS/USDT:USDT,2.594,912.0,2.593,2538.0,2.596,1444.0,2.597,6616.0
1753533577598,12:39:37.598,AXS/USDT:USDT,2.594,912.0,2.593,2538.0,2.596,1444.0,2.597,6616.0
1753533579094,12:39:39.094,AXS/USDT:USDT,2.594,912.0,2.593,2538.0,2.596,1444.0,2.597,6616.0
1753533580399,12:39:40.399,AXS/USDT:USDT,2.594,912.0,2.593,2538.0,2.596,1444.0,2.597,6616.0
1753533580844,12:39:40.844,AXS/USDT:USDT,2.594,912.0,2.593,2538.0,2.596,1444.0,2.597,5946.0
1753533580946,12:39:40.946,AXS/USDT:USDT,2.594,912.0,2.593,2538.0,2.596,1444.0,2.597,5946.0
1753533581708,12:39:41.708,AXS/USDT:USDT,2.594,912.0,2.593,2538.0,2.596,1444.0,2.597,5946.0
1753533581810,12:39:41.810,AXS/USDT:USDT,2.595,944.0,2.594,1709.0,2.596,1444.0,2.597,5072.0
1753533581917,12:39:41.917,AXS/USDT:USDT,2.595,944.0,2.594,1709.0,2.596,1444.0,2.597,5072.0
1753533582440,12:39:42.440,AXS/USDT:USDT,2.595,944.0,2.594,1709.0,2.596,1444.0,2.597,5072.0
1753533583766,12:39:43.766,AXS/USDT:USDT,2.595,944.0,2.594,1709.0,2.596,1444.0,2.597,5072.0
1753533584003,12:39:44.003,AXS/USDT:USDT,2.595,944.0,2.594,1709.0,2.596,1444.0,2.597,5072.0
1753533586301,12:39:46.301,AXS/USDT:USDT,2.594,1709.0,2.593,2538.0,2.596,1444.0,2.597,5149.0
1753533586370,12:39:46.370,AXS/USDT:USDT,2.594,1709.0,2.593,2538.0,2.596,1444.0,2.597,5946.0
1753533586502,12:39:46.502,AXS/USDT:USDT,2.594,1709.0,2.593,2538.0,2.596,1444.0,2.597,5149.0
1753533590191,12:39:50.191,AXS/USDT:USDT,2.594,1709.0,2.593,2538.0,2.596,1444.0,2.597,5149.0
1753533590320,12:39:50.320,AXS/USDT:USDT,2.594,1709.0,2.593,2538.0,2.595,903.0,2.596,1444.0
1753533590390,12:39:50.390,AXS/USDT:USDT,2.594,912.0,2.593,2538.0,2.595,903.0,2.596,2235.0
1753533590737,12:39:50.737,AXS/USDT:USDT,2.594,1709.0,2.593,2538.0,2.596,1444.0,2.597,5946.0
1753533590793,12:39:50.793,AXS/USDT:USDT,2.594,1709.0,2.593,2538.0,2.596,2235.0,2.597,5946.0
1753533590907,12:39:50.907,AXS/USDT:USDT,2.594,912.0,2.593,2538.0,2.595,903.0,2.596,2235.0
1753533591206,12:39:51.206,AXS/USDT:USDT,2.594,912.0,2.593,2538.0,2.595,903.0,2.596,2235.0
1753533591305,12:39:51.305,AXS/USDT:USDT,2.593,2538.0,2.592,6668.0,2.595,903.0,2.596,2235.0
1753533591353,12:39:51.353,AXS/USDT:USDT,2.593,2538.0,2.592,6668.0,2.595,903.0,2.596,2312.0
1753533591781,12:39:51.781,AXS/USDT:USDT,2.593,2538.0,2.592,6668.0,2.595,903.0,2.596,2312.0
1753533592707,12:39:52.707,AXS/USDT:USDT,2.593,1486.0,2.592,4895.0,2.595,903.0,2.596,2641.0
1753533592825,12:39:52.825,AXS/USDT:USDT,2.593,1486.0,2.592,4895.0,2.595,903.0,2.596,2641.0
1753533592920,12:39:52.920,AXS/USDT:USDT,2.593,1486.0,2.592,5395.0,2.595,903.0,2.596,2641.0
1753533593007,12:39:53.007,AXS/USDT:USDT,2.593,1486.0,2.592,5395.0,2.595,903.0,2.596,2641.0
1753533593667,12:39:53.667,AXS/USDT:USDT,2.593,1486.0,2.592,5395.0,2.595,903.0,2.596,2641.0
1753533595370,12:39:55.370,AXS/USDT:USDT,2.593,1486.0,2.592,5395.0,2.595,903.0,2.596,2641.0
1753533595517,12:39:55.517,AXS/USDT:USDT,2.593,1486.0,2.592,5395.0,2.595,903.0,2.596,2641.0
1753533595594,12:39:55.594,AXS/USDT:USDT,2.593,1486.0,2.592,5395.0,2.595,903.0,2.596,2641.0
1753533595891,12:39:55.891,AXS/USDT:USDT,2.593,1486.0,2.592,5395.0,2.595,1403.0,2.596,2641.0
1753533596102,12:39:56.102,AXS/USDT:USDT,2.593,1486.0,2.592,5395.0,2.595,1403.0,2.596,2641.0
1753533596183,12:39:56.183,AXS/USDT:USDT,2.593,1486.0,2.592,5395.0,2.595,1403.0,2.596,2641.0
1753533596533,12:39:56.533,AXS/USDT:USDT,2.593,1486.0,2.592,5395.0,2.595,1403.0,2.596,2641.0
1753533596632,12:39:56.632,AXS/USDT:USDT,2.593,1486.0,2.592,5395.0,2.595,1403.0,2.596,2641.0
1753533596755,12:39:56.755,AXS/USDT:USDT,2.593,1486.0,2.592,5395.0,2.595,1403.0,2.596,2641.0
1753533596935,12:39:56.935,AXS/USDT:USDT,2.593,1486.0,2.592,5395.0,2.595,1403.0,2.596,2641.0
1753533597739,12:39:57.739,AXS/USDT:USDT,2.593,1486.0,2.592,5395.0,2.595,1403.0,2.596,2641.0
1753533598674,12:39:58.674,AXS/USDT:USDT,2.593,1486.0,2.592,5395.0,2.595,1403.0,2.596,2641.0
1753533599274,12:39:59.274,AXS/USDT:USDT,2.593,1486.0,2.592,5395.0,2.595,1403.0,2.596,2641.0
1753533600461,12:40:00.461,AXS/USDT:USDT,2.593,1486.0,2.592,5395.0,2.595,1403.0,2.596,2641.0
1753533600902,12:40:00.902,AXS/USDT:USDT,2.593,1486.0,2.592,5395.0,2.595,1403.0,2.596,2641.0
1753533601148,12:40:01.148,AXS/USDT:USDT,2.593,1486.0,2.592,5395.0,2.595,1403.0,2.596,2641.0
1753533601642,12:40:01.642,AXS/USDT:USDT,2.594,909.0,2.593,1486.0,2.595,1403.0,2.596,2564.0
1753533601697,12:40:01.697,AXS/USDT:USDT,2.594,909.0,2.593,1486.0,2.595,1403.0,2.596,2564.0
1753533602098,12:40:02.098,AXS/USDT:USDT,2.594,909.0,2.593,1486.0,2.595,1403.0,2.596,2564.0
1753533602603,12:40:02.603,AXS/USDT:USDT,2.594,909.0,2.593,1486.0,2.595,903.0,2.596,2564.0
1753533602681,12:40:02.681,AXS/USDT:USDT,2.594,909.0,2.593,1486.0,2.596,2564.0,2.597,6077.0
1753533602876,12:40:02.876,AXS/USDT:USDT,2.594,909.0,2.593,1486.0,2.596,2564.0,2.597,6077.0
1753533603317,12:40:03.317,AXS/USDT:USDT,2.594,909.0,2.593,1486.0,2.596,2564.0,2.597,6077.0
1753533604110,12:40:04.110,AXS/USDT:USDT,2.594,909.0,2.593,1486.0,2.596,1444.0,2.597,5149.0
1753533604290,12:40:04.290,AXS/USDT:USDT,2.594,909.0,2.593,1486.0,2.596,2235.0,2.597,5946.0
1753533604410,12:40:04.410,AXS/USDT:USDT,2.594,4232.0,2.593,11075.0,2.596,2235.0,2.597,5946.0
1753533604501,12:40:04.501,AXS/USDT:USDT,2.594,4232.0,2.593,11075.0,2.596,1444.0,2.597,5946.0
1753533604879,12:40:04.879,AXS/USDT:USDT,2.594,4232.0,2.593,11075.0,2.596,1444.0,2.597,5946.0
1753533605453,12:40:05.453,AXS/USDT:USDT,2.594,4232.0,2.593,11075.0,2.596,1444.0,2.597,5946.0
1753533605741,12:40:05.741,AXS/USDT:USDT,2.594,4232.0,2.593,11075.0,2.596,1444.0,2.597,5946.0
1753533605901,12:40:05.901,AXS/USDT:USDT,2.594,4232.0,2.593,11075.0,2.596,1444.0,2.597,5946.0
1753533607165,12:40:07.165,AXS/USDT:USDT,2.594,4232.0,2.593,11075.0,2.596,1444.0,2.597,5946.0
1753533607346,12:40:07.346,AXS/USDT:USDT,2.594,4232.0,2.593,11075.0,2.596,1444.0,2.597,5946.0
1753533607629,12:40:07.629,AXS/USDT:USDT,2.594,4232.0,2.593,11075.0,2.596,1444.0,2.597,5946.0
1753533607745,12:40:07.745,AXS/USDT:USDT,2.594,4232.0,2.593,12277.0,2.596,1444.0,2.597,5946.0
1753533608183,12:40:08.183,AXS/USDT:USDT,2.594,4232.0,2.593,12277.0,2.596,1444.0,2.597,5946.0
1753533608325,12:40:08.325,AXS/USDT:USDT,2.594,4232.0,2.593,12277.0,2.596,1444.0,2.597,5946.0
1753533608683,12:40:08.683,AXS/USDT:USDT,2.594,4232.0,2.593,12277.0,2.596,1444.0,2.597,5946.0
1753533608913,12:40:08.913,AXS/USDT:USDT,2.594,4232.0,2.593,12277.0,2.596,1444.0,2.597,5946.0
1753533609112,12:40:09.112,AXS/USDT:USDT,2.594,4232.0,2.593,12277.0,2.596,1444.0,2.597,5946.0
1753533609347,12:40:09.347,AXS/USDT:USDT,2.594,4232.0,2.593,12277.0,2.596,1444.0,2.597,5946.0
1753533610423,12:40:10.423,AXS/USDT:USDT,2.594,4232.0,2.593,12277.0,2.596,1444.0,2.597,5946.0
1753533610607,12:40:10.607,AXS/USDT:USDT,2.594,4232.0,2.593,12277.0,2.596,1444.0,2.597,5946.0
1753533610963,12:40:10.963,AXS/USDT:USDT,2.594,4232.0,2.593,12277.0,2.596,1444.0,2.597,5946.0
1753533611704,12:40:11.704,AXS/USDT:USDT,2.594,4232.0,2.593,12277.0,2.596,1444.0,2.597,5946.0
1753533611955,12:40:11.955,AXS/USDT:USDT,2.594,4232.0,2.593,12277.0,2.596,1444.0,2.597,5946.0
1753533612107,12:40:12.107,AXS/USDT:USDT,2.594,4232.0,2.593,12277.0,2.596,1444.0,2.597,5946.0
1753533612397,12:40:12.397,AXS/USDT:USDT,2.594,4232.0,2.593,12277.0,2.596,1444.0,2.597,5946.0
1753533612915,12:40:12.915,AXS/USDT:USDT,2.594,5029.0,2.593,12277.0,2.596,1444.0,2.597,5946.0
1753533613059,12:40:13.059,AXS/USDT:USDT,2.594,4232.0,2.593,12277.0,2.596,1444.0,2.597,5946.0
1753533613455,12:40:13.455,AXS/USDT:USDT,2.594,4232.0,2.593,12277.0,2.596,1444.0,2.597,5946.0
1753533613727,12:40:13.727,AXS/USDT:USDT,2.594,4232.0,2.593,12277.0,2.596,1444.0,2.597,5946.0
1753533614144,12:40:14.144,AXS/USDT:USDT,2.594,4232.0,2.593,12277.0,2.596,1444.0,2.597,5946.0
1753533614735,12:40:14.735,AXS/USDT:USDT,2.594,4232.0,2.593,12277.0,2.596,1444.0,2.597,5946.0
1753533615153,12:40:15.153,AXS/USDT:USDT,2.594,4232.0,2.593,12277.0,2.596,1444.0,2.597,5946.0
1753533615505,12:40:15.505,AXS/USDT:USDT,2.594,4232.0,2.593,12277.0,2.596,1444.0,2.597,5946.0
1753533615903,12:40:15.903,AXS/USDT:USDT,2.594,4232.0,2.593,12277.0,2.596,1444.0,2.597,5946.0
1753533622937,12:40:22.937,AXS/USDT:USDT,2.594,4232.0,2.593,12277.0,2.596,1444.0,2.597,5946.0
1753533624117,12:40:24.117,AXS/USDT:USDT,2.594,4232.0,2.593,12277.0,2.596,1444.0,2.597,5946.0
1753533626517,12:40:26.517,AXS/USDT:USDT,2.594,4232.0,2.593,12277.0,2.596,1444.0,2.597,5946.0
1753533628060,12:40:28.060,AXS/USDT:USDT,2.594,909.0,2.593,12277.0,2.595,935.0,2.596,2235.0
1753533628270,12:40:28.270,AXS/USDT:USDT,2.594,909.0,2.593,12277.0,2.595,935.0,2.596,2235.0
1753533629431,12:40:29.431,AXS/USDT:USDT,2.594,909.0,2.593,12277.0,2.595,935.0,2.596,2235.0
1753533630539,12:40:30.539,AXS/USDT:USDT,2.594,909.0,2.593,12277.0,2.595,935.0,2.596,2235.0
1753533630626,12:40:30.626,AXS/USDT:USDT,2.594,909.0,2.593,12277.0,2.595,935.0,2.596,2235.0
1753533631020,12:40:31.020,AXS/USDT:USDT,2.594,4232.0,2.593,12277.0,2.596,2235.0,2.597,5946.0
1753533631095,12:40:31.095,AXS/USDT:USDT,2.594,4232.0,2.593,12277.0,2.596,2235.0,2.597,5946.0
1753533631711,12:40:31.711,AXS/USDT:USDT,2.594,4232.0,2.593,12277.0,2.596,2235.0,2.597,5946.0
1753533631915,12:40:31.915,AXS/USDT:USDT,2.594,4232.0,2.593,12277.0,2.596,2235.0,2.597,5946.0
1753533632782,12:40:32.782,AXS/USDT:USDT,2.594,4232.0,2.593,12277.0,2.596,2235.0,2.597,5946.0
1753533632851,12:40:32.851,AXS/USDT:USDT,2.594,4232.0,2.593,12277.0,2.596,2235.0,2.597,5946.0
1753533633913,12:40:33.913,AXS/USDT:USDT,2.595,908.0,2.594,5029.0,2.596,1444.0,2.597,5869.0
1753533635867,12:40:35.867,AXS/USDT:USDT,2.595,908.0,2.594,5029.0,2.596,1444.0,2.597,5869.0
1753533636747,12:40:36.747,AXS/USDT:USDT,2.595,908.0,2.594,4232.0,2.596,1444.0,2.597,5869.0
1753533636939,12:40:36.939,AXS/USDT:USDT,2.594,4232.0,2.593,12277.0,2.596,1444.0,2.597,5869.0
1753533636961,12:40:36.961,AXS/USDT:USDT,2.594,4232.0,2.593,12277.0,2.596,1444.0,2.597,5946.0
1753533637705,12:40:37.705,AXS/USDT:USDT,2.594,4232.0,2.593,12277.0,2.596,1444.0,2.597,5946.0
1753533639917,12:40:39.917,AXS/USDT:USDT,2.594,909.0,2.593,12277.0,2.595,908.0,2.596,1444.0
1753533639971,12:40:39.971,AXS/USDT:USDT,2.594,909.0,2.593,12277.0,2.595,908.0,2.596,1444.0
1753533640590,12:40:40.590,AXS/USDT:USDT,2.594,909.0,2.593,12277.0,2.595,908.0,2.596,2235.0
1753533640981,12:40:40.981,AXS/USDT:USDT,2.594,909.0,2.593,12277.0,2.595,908.0,2.596,2235.0
1753533642686,12:40:42.686,AXS/USDT:USDT,2.594,909.0,2.593,12277.0,2.595,908.0,2.596,2235.0
1753533642834,12:40:42.834,AXS/USDT:USDT,2.594,909.0,2.593,12277.0,2.596,2235.0,2.597,5946.0
1753533643199,12:40:43.199,AXS/USDT:USDT,2.594,909.0,2.593,12277.0,2.596,2235.0,2.597,5946.0
1753533644510,12:40:44.510,AXS/USDT:USDT,2.594,4232.0,2.593,12277.0,2.596,1444.0,2.597,5946.0
1753533644821,12:40:44.821,AXS/USDT:USDT,2.594,4232.0,2.593,12277.0,2.596,1444.0,2.597,5946.0
1753533647430,12:40:47.430,AXS/USDT:USDT,2.594,4232.0,2.593,12277.0,2.596,2235.0,2.597,5946.0
1753533650770,12:40:50.770,AXS/USDT:USDT,2.594,4232.0,2.593,12277.0,2.596,2235.0,2.597,5617.0
1753533651829,12:40:51.829,AXS/USDT:USDT,2.594,4232.0,2.593,12277.0,2.596,2235.0,2.597,5617.0
1753533651870,12:40:51.870,AXS/USDT:USDT,2.594,4232.0,2.593,12277.0,2.596,2235.0,2.597,5617.0
1753533653728,12:40:53.728,AXS/USDT:USDT,2.594,4232.0,2.593,12277.0,2.596,2235.0,2.597,5617.0
1753533654398,12:40:54.398,AXS/USDT:USDT,2.594,4232.0,2.593,12277.0,2.596,2235.0,2.597,5617.0
1753533655026,12:40:55.026,AXS/USDT:USDT,2.594,4232.0,2.593,12277.0,2.596,1444.0,2.597,5617.0
1753533658299,12:40:58.299,AXS/USDT:USDT,2.594,4232.0,2.593,12277.0,2.596,1444.0,2.597,5617.0
1753533659522,12:40:59.522,AXS/USDT:USDT,2.595,939.0,2.594,4232.0,2.596,500.0,2.597,5540.0
1753533659571,12:40:59.571,AXS/USDT:USDT,2.595,939.0,2.594,5029.0,2.596,500.0,2.597,4743.0
1753533659673,12:40:59.673,AXS/USDT:USDT,2.595,939.0,2.594,5029.0,2.596,500.0,2.597,4743.0
1753533660010,12:41:00.010,AXS/USDT:USDT,2.595,939.0,2.594,5029.0,2.596,500.0,2.597,4743.0
1753533661011,12:41:01.011,AXS/USDT:USDT,2.595,939.0,2.594,5029.0,2.596,500.0,2.597,4743.0
1753533662296,12:41:02.296,AXS/USDT:USDT,2.594,5029.0,2.593,11075.0,2.596,1439.0,2.597,4820.0
1753533662399,12:41:02.399,AXS/USDT:USDT,2.594,4232.0,2.593,12277.0,2.596,1439.0,2.597,5946.0
1753533663304,12:41:03.304,AXS/USDT:USDT,2.594,4232.0,2.593,12277.0,2.596,1439.0,2.597,5946.0
1753533667775,12:41:07.775,AXS/USDT:USDT,2.594,4232.0,2.593,12277.0,2.596,1439.0,2.597,5946.0
1753533668519,12:41:08.519,AXS/USDT:USDT,2.594,4232.0,2.593,12277.0,2.596,1439.0,2.597,5946.0
