timestamp,time,symbol,bid1_price,bid1_volume,bid2_price,bid2_volume,ask1_price,ask1_volume,ask2_price,ask2_volume
1753533020000,12:30:20.000,AVA/USDT:USDT,0.6011,300.0,0.601,409.0,0.6014,300.0,0.6015,715.0
1753533024672,12:30:24.672,AVA/USDT:USDT,0.6009,715.0,0.6008,721.0,0.6014,719.0,0.6015,715.0
1753533024782,12:30:24.782,AVA/USDT:USDT,0.6009,715.0,0.6008,721.0,0.6014,719.0,0.6015,715.0
1753533024903,12:30:24.903,AVA/USDT:USDT,0.6009,715.0,0.6008,721.0,0.6014,719.0,0.6015,715.0
1753533024977,12:30:24.977,AVA/USDT:USDT,0.6009,715.0,0.6008,721.0,0.6014,719.0,0.6015,715.0
1753533025079,12:30:25.079,AVA/USDT:USDT,0.6009,300.0,0.6008,721.0,0.6013,419.0,0.6014,719.0
1753533025127,12:30:25.127,AVA/USDT:USDT,0.6009,300.0,0.6008,721.0,0.6013,419.0,0.6014,719.0
1753533025309,12:30:25.309,AVA/USDT:USDT,0.6009,300.0,0.6008,721.0,0.6013,419.0,0.6014,719.0
1753533025386,12:30:25.386,AVA/USDT:USDT,0.6009,300.0,0.6008,721.0,0.6013,719.0,0.6014,719.0
1753533025786,12:30:25.786,AVA/USDT:USDT,0.6009,300.0,0.6008,721.0,0.6013,719.0,0.6014,719.0
1753533026152,12:30:26.152,AVA/USDT:USDT,0.6009,300.0,0.6008,721.0,0.6013,719.0,0.6014,719.0
1753533026215,12:30:26.215,AVA/USDT:USDT,0.6009,300.0,0.6008,721.0,0.6013,719.0,0.6014,719.0
1753533026332,12:30:26.332,AVA/USDT:USDT,0.6009,300.0,0.6008,721.0,0.6013,719.0,0.6014,719.0
1753533026639,12:30:26.639,AVA/USDT:USDT,0.6009,300.0,0.6008,721.0,0.6013,719.0,0.6014,719.0
1753533027380,12:30:27.380,AVA/USDT:USDT,0.6009,300.0,0.6008,721.0,0.6013,719.0,0.6014,719.0
1753533028292,12:30:28.292,AVA/USDT:USDT,0.6009,300.0,0.6008,721.0,0.6013,719.0,0.6014,719.0
1753533028352,12:30:28.352,AVA/USDT:USDT,0.6009,300.0,0.6008,721.0,0.6013,719.0,0.6014,719.0
1753533029336,12:30:29.336,AVA/USDT:USDT,0.6009,300.0,0.6008,721.0,0.6013,719.0,0.6014,719.0
1753533030072,12:30:30.072,AVA/USDT:USDT,0.6009,300.0,0.6008,721.0,0.6013,719.0,0.6014,719.0
1753533030172,12:30:30.172,AVA/USDT:USDT,0.6009,715.0,0.6008,721.0,0.6013,300.0,0.6014,719.0
1753533030299,12:30:30.299,AVA/USDT:USDT,0.601,715.0,0.6009,715.0,0.6013,300.0,0.6014,300.0
1753533030313,12:30:30.313,AVA/USDT:USDT,0.601,715.0,0.6009,715.0,0.6014,300.0,0.6015,715.0
1753533030752,12:30:30.752,AVA/USDT:USDT,0.601,715.0,0.6009,715.0,0.6014,300.0,0.6015,715.0
1753533037594,12:30:37.594,AVA/USDT:USDT,0.601,415.0,0.6009,715.0,0.6014,300.0,0.6015,715.0
1753533037917,12:30:37.917,AVA/USDT:USDT,0.601,415.0,0.6009,715.0,0.6014,715.0,0.6015,715.0
1753533043743,12:30:43.743,AVA/USDT:USDT,0.6009,715.0,0.6008,721.0,0.6014,715.0,0.6015,715.0
1753533044693,12:30:44.693,AVA/USDT:USDT,0.6009,715.0,0.6008,721.0,0.6014,715.0,0.6015,715.0
1753533046020,12:30:46.020,AVA/USDT:USDT,0.6009,300.0,0.6008,721.0,0.6013,721.0,0.6014,715.0
1753533046133,12:30:46.133,AVA/USDT:USDT,0.6009,300.0,0.6008,721.0,0.6013,721.0,0.6014,715.0
1753533046795,12:30:46.795,AVA/USDT:USDT,0.6009,300.0,0.6008,721.0,0.6013,721.0,0.6014,715.0
1753533061209,12:31:01.209,AVA/USDT:USDT,0.6009,300.0,0.6008,300.0,0.6012,414.0,0.6013,721.0
1753533061215,12:31:01.215,AVA/USDT:USDT,0.6009,300.0,0.6008,300.0,0.6012,414.0,0.6013,721.0
1753533061496,12:31:01.496,AVA/USDT:USDT,0.6009,300.0,0.6008,300.0,0.6012,414.0,0.6013,721.0
1753533061592,12:31:01.592,AVA/USDT:USDT,0.6007,300.0,0.6006,300.0,0.6012,414.0,0.6013,721.0
1753533061931,12:31:01.931,AVA/USDT:USDT,0.6006,300.0,0.6005,715.0,0.6012,414.0,0.6013,721.0
1753533062781,12:31:02.781,AVA/USDT:USDT,0.6006,300.0,0.6005,715.0,0.6012,414.0,0.6013,721.0
1753533067427,12:31:07.427,AVA/USDT:USDT,0.6006,714.0,0.6005,715.0,0.6012,414.0,0.6013,721.0
1753533067510,12:31:07.510,AVA/USDT:USDT,0.6006,714.0,0.6005,715.0,0.6012,414.0,0.6013,721.0
1753533069056,12:31:09.056,AVA/USDT:USDT,0.6008,714.0,0.6007,714.0,0.6013,300.0,0.6014,715.0
1753533069433,12:31:09.433,AVA/USDT:USDT,0.6008,714.0,0.6007,714.0,0.6013,300.0,0.6014,715.0
1753533069853,12:31:09.853,AVA/USDT:USDT,0.6009,300.0,0.6008,714.0,0.6013,300.0,0.6014,715.0
1753533071117,12:31:11.117,AVA/USDT:USDT,0.6009,300.0,0.6008,714.0,0.6013,300.0,0.6014,715.0
1753533078061,12:31:18.061,AVA/USDT:USDT,0.6009,727.0,0.6008,714.0,0.6014,300.0,0.6015,715.0
1753533078118,12:31:18.118,AVA/USDT:USDT,0.6009,727.0,0.6008,714.0,0.6014,300.0,0.6015,715.0
1753533078983,12:31:18.983,AVA/USDT:USDT,0.6009,727.0,0.6008,714.0,0.6014,300.0,0.6015,715.0
1753533093739,12:31:33.739,AVA/USDT:USDT,0.601,416.0,0.6009,727.0,0.6015,300.0,0.6016,300.0
1753533094093,12:31:34.093,AVA/USDT:USDT,0.601,416.0,0.6009,727.0,0.6015,300.0,0.6016,300.0
1753533094563,12:31:34.563,AVA/USDT:USDT,0.601,416.0,0.6009,727.0,0.6016,300.0,0.6017,715.0
1753533094915,12:31:34.915,AVA/USDT:USDT,0.601,416.0,0.6009,727.0,0.6016,300.0,0.6017,715.0
1753533096117,12:31:36.117,AVA/USDT:USDT,0.601,416.0,0.6009,727.0,0.6017,300.0,0.6018,715.0
1753533096572,12:31:36.572,AVA/USDT:USDT,0.601,416.0,0.6009,727.0,0.6017,300.0,0.6018,715.0
1753533096979,12:31:36.979,AVA/USDT:USDT,0.601,416.0,0.6009,727.0,0.6017,300.0,0.6018,715.0
1753533100164,12:31:40.164,AVA/USDT:USDT,0.601,416.0,0.6009,727.0,0.6018,300.0,0.6019,715.0
1753533101026,12:31:41.026,AVA/USDT:USDT,0.601,416.0,0.6009,727.0,0.6018,300.0,0.6019,715.0
1753533103604,12:31:43.604,AVA/USDT:USDT,0.601,416.0,0.6009,727.0,0.6017,723.0,0.6018,723.0
1753533103905,12:31:43.905,AVA/USDT:USDT,0.6009,727.0,0.6008,714.0,0.6016,723.0,0.6017,723.0
1753533103963,12:31:43.963,AVA/USDT:USDT,0.6009,300.0,0.6008,714.0,0.6015,723.0,0.6016,723.0
1753533104207,12:31:44.207,AVA/USDT:USDT,0.6009,300.0,0.6008,714.0,0.6014,423.0,0.6015,723.0
1753533104212,12:31:44.212,AVA/USDT:USDT,0.6009,300.0,0.6008,714.0,0.6014,423.0,0.6015,723.0
1753533105180,12:31:45.180,AVA/USDT:USDT,0.6009,300.0,0.6008,714.0,0.6014,423.0,0.6015,723.0
1753533113748,12:31:53.748,AVA/USDT:USDT,0.6009,300.0,0.6008,300.0,0.6014,423.0,0.6015,723.0
1753533114340,12:31:54.340,AVA/USDT:USDT,0.6008,300.0,0.6007,714.0,0.6014,423.0,0.6015,723.0
1753533114921,12:31:54.921,AVA/USDT:USDT,0.6008,300.0,0.6007,714.0,0.6014,423.0,0.6015,723.0
1753533116276,12:31:56.276,AVA/USDT:USDT,0.6007,300.0,0.6006,714.0,0.6013,415.0,0.6014,921.0
1753533116572,12:31:56.572,AVA/USDT:USDT,0.6007,300.0,0.6006,714.0,0.6013,415.0,0.6014,921.0
1753533116991,12:31:56.991,AVA/USDT:USDT,0.6007,300.0,0.6006,714.0,0.6013,415.0,0.6014,921.0
1753533119866,12:31:59.866,AVA/USDT:USDT,0.6007,300.0,0.6006,300.0,0.6012,417.0,0.6013,913.0
1753533119932,12:31:59.932,AVA/USDT:USDT,0.6007,300.0,0.6006,300.0,0.6012,916.0,0.6013,415.0
1753533120292,12:32:00.292,AVA/USDT:USDT,0.6006,300.0,0.6005,300.0,0.6011,365.0,0.6012,1216.0
1753533120391,12:32:00.391,AVA/USDT:USDT,0.6006,300.0,0.6005,300.0,0.6011,1281.0,0.6012,717.0
1753533120468,12:32:00.468,AVA/USDT:USDT,0.6006,300.0,0.6005,300.0,0.6011,916.0,0.6012,717.0
1753533120599,12:32:00.599,AVA/USDT:USDT,0.6005,551.0,0.6003,721.0,0.601,300.0,0.6011,916.0
1753533120668,12:32:00.668,AVA/USDT:USDT,0.6005,551.0,0.6003,721.0,0.601,300.0,0.6011,916.0
1753533121089,12:32:01.089,AVA/USDT:USDT,0.6005,551.0,0.6003,721.0,0.601,300.0,0.6011,916.0
1753533121292,12:32:01.292,AVA/USDT:USDT,0.6005,551.0,0.6003,721.0,0.601,665.0,0.6011,1216.0
1753533121506,12:32:01.506,AVA/USDT:USDT,0.6005,551.0,0.6003,721.0,0.601,665.0,0.6011,1216.0
1753533121770,12:32:01.770,AVA/USDT:USDT,0.6005,551.0,0.6003,721.0,0.601,665.0,0.6011,1216.0
1753533122606,12:32:02.606,AVA/USDT:USDT,0.6005,300.0,0.6003,721.0,0.601,665.0,0.6011,1216.0
1753533125146,12:32:05.146,AVA/USDT:USDT,0.6005,300.0,0.6003,721.0,0.601,665.0,0.6011,1216.0
1753533125606,12:32:05.606,AVA/USDT:USDT,0.6005,300.0,0.6004,417.0,0.601,665.0,0.6011,1216.0
1753533125953,12:32:05.953,AVA/USDT:USDT,0.6005,300.0,0.6004,417.0,0.601,665.0,0.6011,1216.0
1753533126178,12:32:06.178,AVA/USDT:USDT,0.6005,300.0,0.6003,721.0,0.601,799.0,0.6011,717.0
1753533126609,12:32:06.609,AVA/USDT:USDT,0.6003,300.0,0.6002,300.0,0.6008,417.0,0.6009,916.0
1753533126703,12:32:06.703,AVA/USDT:USDT,0.6003,300.0,0.6002,717.0,0.601,717.0,0.6011,717.0
1753533126800,12:32:06.800,AVA/USDT:USDT,0.6003,300.0,0.6002,717.0,0.6008,499.0,0.6009,417.0
1753533127206,12:32:07.206,AVA/USDT:USDT,0.6003,300.0,0.6002,717.0,0.6008,799.0,0.6009,417.0
1753533127218,12:32:07.218,AVA/USDT:USDT,0.6003,300.0,0.6002,717.0,0.6008,799.0,0.6009,417.0
1753533127635,12:32:07.635,AVA/USDT:USDT,0.6003,300.0,0.6002,717.0,0.6008,799.0,0.6009,417.0
1753533127792,12:32:07.792,AVA/USDT:USDT,0.6002,300.0,0.6001,719.0,0.6007,417.0,0.6008,799.0
1753533127908,12:32:07.908,AVA/USDT:USDT,0.6002,300.0,0.6001,300.0,0.6007,916.0,0.6008,300.0
1753533128009,12:32:08.009,AVA/USDT:USDT,0.6002,300.0,0.6001,300.0,0.6007,916.0,0.6008,300.0
1753533128088,12:32:08.088,AVA/USDT:USDT,0.6002,300.0,0.6001,300.0,0.6007,916.0,0.6008,300.0
1753533128195,12:32:08.195,AVA/USDT:USDT,0.6001,300.0,0.6,719.0,0.6007,1216.0,0.6008,300.0
1753533128270,12:32:08.270,AVA/USDT:USDT,0.6001,300.0,0.6,719.0,0.6006,365.0,0.6007,916.0
1753533128481,12:32:08.481,AVA/USDT:USDT,0.6001,300.0,0.6,719.0,0.6006,365.0,0.6007,916.0
1753533129199,12:32:09.199,AVA/USDT:USDT,0.6001,300.0,0.6,719.0,0.6006,665.0,0.6007,916.0
1753533129329,12:32:09.329,AVA/USDT:USDT,0.6001,300.0,0.6,719.0,0.6006,665.0,0.6007,916.0
1753533130195,12:32:10.195,AVA/USDT:USDT,0.6001,300.0,0.6,719.0,0.6006,665.0,0.6007,916.0
1753533132069,12:32:12.069,AVA/USDT:USDT,0.6001,300.0,0.6,719.0,0.6006,665.0,0.6007,916.0
1753533132151,12:32:12.151,AVA/USDT:USDT,0.6001,300.0,0.6,719.0,0.6006,665.0,0.6007,916.0
1753533133043,12:32:13.043,AVA/USDT:USDT,0.6001,300.0,0.6,719.0,0.6006,665.0,0.6007,916.0
1753533133152,12:32:13.152,AVA/USDT:USDT,0.6001,300.0,0.6,719.0,0.6006,665.0,0.6007,916.0
1753533133656,12:32:13.656,AVA/USDT:USDT,0.6001,300.0,0.6,719.0,0.6006,665.0,0.6007,916.0
1753533135998,12:32:15.998,AVA/USDT:USDT,0.6,300.0,0.5998,300.0,0.6004,712.0,0.6005,712.0
1753533136097,12:32:16.097,AVA/USDT:USDT,0.5998,300.0,0.5996,712.0,0.6004,712.0,0.6005,712.0
1753533136144,12:32:16.144,AVA/USDT:USDT,0.5998,300.0,0.5996,712.0,0.6004,712.0,0.6005,712.0
1753533136328,12:32:16.328,AVA/USDT:USDT,0.5998,300.0,0.5996,712.0,0.6004,712.0,0.6005,712.0
1753533137173,12:32:17.173,AVA/USDT:USDT,0.5998,300.0,0.5996,712.0,0.6004,712.0,0.6005,712.0
1753533137576,12:32:17.576,AVA/USDT:USDT,0.5999,355.0,0.5996,712.0,0.6004,712.0,0.6005,712.0
1753533138172,12:32:18.172,AVA/USDT:USDT,0.5999,300.0,0.5996,712.0,0.6003,412.0,0.6004,712.0
1753533138264,12:32:18.264,AVA/USDT:USDT,0.5999,300.0,0.5996,712.0,0.6003,412.0,0.6004,712.0
1753533138452,12:32:18.452,AVA/USDT:USDT,0.5999,300.0,0.5996,712.0,0.6003,412.0,0.6004,712.0
1753533138871,12:32:18.871,AVA/USDT:USDT,0.5999,300.0,0.5996,712.0,0.6003,412.0,0.6004,712.0
1753533139072,12:32:19.072,AVA/USDT:USDT,0.5999,300.0,0.5996,712.0,0.6003,712.0,0.6004,712.0
1753533142304,12:32:22.304,AVA/USDT:USDT,0.5999,300.0,0.5996,712.0,0.6003,712.0,0.6004,712.0
1753533143017,12:32:23.017,AVA/USDT:USDT,0.5999,300.0,0.5996,712.0,0.6003,712.0,0.6004,712.0
1753533146833,12:32:26.833,AVA/USDT:USDT,0.5999,300.0,0.5996,712.0,0.6003,712.0,0.6004,712.0
1753533146972,12:32:26.972,AVA/USDT:USDT,0.5999,300.0,0.5996,712.0,0.6003,712.0,0.6004,712.0
1753533150969,12:32:30.969,AVA/USDT:USDT,0.5999,300.0,0.5996,712.0,0.6003,712.0,0.6004,712.0
1753533151917,12:32:31.917,AVA/USDT:USDT,0.5999,300.0,0.5996,712.0,0.6003,712.0,0.6004,712.0
1753533155125,12:32:35.125,AVA/USDT:USDT,0.5999,300.0,0.5996,712.0,0.6003,712.0,0.6004,712.0
1753533155872,12:32:35.872,AVA/USDT:USDT,0.5999,300.0,0.5996,712.0,0.6003,712.0,0.6004,712.0
1753533157255,12:32:37.255,AVA/USDT:USDT,0.5999,300.0,0.5997,411.0,0.6003,300.0,0.6004,712.0
1753533157862,12:32:37.862,AVA/USDT:USDT,0.5999,300.0,0.5997,411.0,0.6003,300.0,0.6004,712.0
1753533157996,12:32:37.996,AVA/USDT:USDT,0.5999,300.0,0.5997,411.0,0.6003,300.0,0.6004,712.0
1753533180283,12:33:00.283,AVA/USDT:USDT,0.5999,300.0,0.5997,411.0,0.6003,300.0,0.6004,300.0
1753533180389,12:33:00.389,AVA/USDT:USDT,0.5999,300.0,0.5997,411.0,0.6003,300.0,0.6004,300.0
1753533180605,12:33:00.605,AVA/USDT:USDT,0.5999,300.0,0.5998,300.0,0.6004,300.0,0.6005,300.0
1753533180865,12:33:00.865,AVA/USDT:USDT,0.5999,300.0,0.5998,300.0,0.6004,300.0,0.6005,300.0
1753533181342,12:33:01.342,AVA/USDT:USDT,0.5999,300.0,0.5998,300.0,0.6004,300.0,0.6005,300.0
1753533181597,12:33:01.597,AVA/USDT:USDT,0.5999,300.0,0.5998,300.0,0.6005,300.0,0.6006,665.0
1753533181617,12:33:01.617,AVA/USDT:USDT,0.5999,300.0,0.5998,300.0,0.6005,300.0,0.6006,665.0
1753533181863,12:33:01.863,AVA/USDT:USDT,0.5999,300.0,0.5998,300.0,0.6005,300.0,0.6006,665.0
1753533182351,12:33:02.351,AVA/USDT:USDT,0.5999,300.0,0.5998,300.0,0.6005,300.0,0.6006,665.0
1753533182582,12:33:02.582,AVA/USDT:USDT,0.5998,300.0,0.5997,411.0,0.6005,300.0,0.6006,665.0
1753533182780,12:33:02.780,AVA/USDT:USDT,0.5998,300.0,0.5997,411.0,0.6005,300.0,0.6006,665.0
1753533183321,12:33:03.321,AVA/USDT:USDT,0.5998,300.0,0.5997,411.0,0.6005,300.0,0.6006,665.0
1753533188109,12:33:08.109,AVA/USDT:USDT,0.5997,411.0,0.5996,412.0,0.6004,419.0,0.6005,1219.0
1753533188137,12:33:08.137,AVA/USDT:USDT,0.5995,412.0,0.5994,717.0,0.6003,300.0,0.6004,1218.0
1753533188253,12:33:08.253,AVA/USDT:USDT,0.5995,412.0,0.5994,717.0,0.6003,665.0,0.6004,1218.0
1753533188516,12:33:08.516,AVA/USDT:USDT,0.5995,712.0,0.5994,717.0,0.6003,665.0,0.6004,1218.0
1753533188632,12:33:08.632,AVA/USDT:USDT,0.5996,356.0,0.5995,712.0,0.6003,665.0,0.6004,1218.0
1753533189207,12:33:09.207,AVA/USDT:USDT,0.5996,356.0,0.5995,712.0,0.6003,665.0,0.6004,799.0
1753533189232,12:33:09.232,AVA/USDT:USDT,0.5996,356.0,0.5995,1549.0,0.6003,300.0,0.6004,799.0
1753533189596,12:33:09.596,AVA/USDT:USDT,0.5996,356.0,0.5995,1549.0,0.6003,300.0,0.6004,799.0
1753533189613,12:33:09.613,AVA/USDT:USDT,0.5996,805.0,0.5995,1549.0,0.6003,300.0,0.6004,799.0
1753533190252,12:33:10.252,AVA/USDT:USDT,0.5996,356.0,0.5995,712.0,0.6003,300.0,0.6004,799.0
1753533190497,12:33:10.497,AVA/USDT:USDT,0.5996,356.0,0.5995,712.0,0.6003,300.0,0.6004,799.0
1753533191575,12:33:11.575,AVA/USDT:USDT,0.5996,821.0,0.5995,1549.0,0.6003,300.0,0.6004,799.0
1753533192548,12:33:12.548,AVA/USDT:USDT,0.5996,821.0,0.5995,1549.0,0.6003,300.0,0.6004,799.0
1753533193526,12:33:13.526,AVA/USDT:USDT,0.5996,821.0,0.5995,1549.0,0.6003,300.0,0.6004,799.0
1753533193707,12:33:13.707,AVA/USDT:USDT,0.5996,821.0,0.5995,1549.0,0.6003,300.0,0.6004,799.0
1753533194437,12:33:14.437,AVA/USDT:USDT,0.5996,821.0,0.5995,1549.0,0.6003,300.0,0.6004,799.0
1753533198053,12:33:18.053,AVA/USDT:USDT,0.5996,821.0,0.5995,1549.0,0.6003,300.0,0.6004,799.0
1753533198393,12:33:18.393,AVA/USDT:USDT,0.5996,821.0,0.5995,1549.0,0.6003,300.0,0.6004,799.0
1753533202562,12:33:22.562,AVA/USDT:USDT,0.5996,821.0,0.5995,1549.0,0.6003,300.0,0.6004,799.0
1753533203350,12:33:23.350,AVA/USDT:USDT,0.5996,821.0,0.5995,1549.0,0.6003,300.0,0.6004,799.0
1753533263404,12:34:23.404,AVA/USDT:USDT,0.5996,821.0,0.5995,712.0,0.6003,300.0,0.6004,799.0
1753533263468,12:34:23.468,AVA/USDT:USDT,0.5996,356.0,0.5995,712.0,0.6003,300.0,0.6004,799.0
1753533263568,12:34:23.568,AVA/USDT:USDT,0.5996,356.0,0.5995,712.0,0.6003,300.0,0.6004,799.0
1753533263687,12:34:23.687,AVA/USDT:USDT,0.5996,356.0,0.5995,712.0,0.6003,300.0,0.6004,799.0
1753533264354,12:34:24.354,AVA/USDT:USDT,0.5996,440.0,0.5995,712.0,0.6003,300.0,0.6004,799.0
1753533264484,12:34:24.484,AVA/USDT:USDT,0.5996,440.0,0.5995,712.0,0.6003,300.0,0.6004,799.0
1753533264680,12:34:24.680,AVA/USDT:USDT,0.5996,440.0,0.5995,712.0,0.6003,300.0,0.6004,799.0
1753533265309,12:34:25.309,AVA/USDT:USDT,0.5996,440.0,0.5995,712.0,0.6003,300.0,0.6004,799.0
1753533265311,12:34:25.311,AVA/USDT:USDT,0.5996,440.0,0.5995,712.0,0.6003,300.0,0.6004,799.0
1753533265672,12:34:25.672,AVA/USDT:USDT,0.5996,905.0,0.5995,1549.0,0.6003,300.0,0.6004,799.0
1753533266542,12:34:26.542,AVA/USDT:USDT,0.5996,905.0,0.5995,1549.0,0.6003,300.0,0.6004,799.0
1753533266641,12:34:26.641,AVA/USDT:USDT,0.5996,905.0,0.5995,1549.0,0.6003,300.0,0.6004,799.0
1753533266721,12:34:26.721,AVA/USDT:USDT,0.5996,821.0,0.5995,1549.0,0.6003,300.0,0.6004,799.0
1753533267274,12:34:27.274,AVA/USDT:USDT,0.5996,904.0,0.5995,1549.0,0.6003,300.0,0.6004,799.0
1753533267328,12:34:27.328,AVA/USDT:USDT,0.5996,821.0,0.5995,1549.0,0.6003,300.0,0.6004,799.0
1753533267738,12:34:27.738,AVA/USDT:USDT,0.5996,821.0,0.5995,1549.0,0.6003,300.0,0.6004,799.0
1753533268601,12:34:28.601,AVA/USDT:USDT,0.5996,821.0,0.5995,1549.0,0.6003,300.0,0.6004,799.0
1753533269505,12:34:29.505,AVA/USDT:USDT,0.5996,904.0,0.5995,1549.0,0.6003,300.0,0.6004,799.0
1753533269592,12:34:29.592,AVA/USDT:USDT,0.5996,356.0,0.5995,712.0,0.6003,300.0,0.6004,799.0
1753533269692,12:34:29.692,AVA/USDT:USDT,0.5996,821.0,0.5995,1549.0,0.6003,300.0,0.6004,799.0
1753533271941,12:34:31.941,AVA/USDT:USDT,0.5996,821.0,0.5995,1549.0,0.6003,300.0,0.6004,799.0
1753533272568,12:34:32.568,AVA/USDT:USDT,0.5996,821.0,0.5995,1549.0,0.6003,300.0,0.6004,799.0
1753533276195,12:34:36.195,AVA/USDT:USDT,0.5996,821.0,0.5995,1549.0,0.6003,300.0,0.6004,799.0
1753533276212,12:34:36.212,AVA/USDT:USDT,0.5996,821.0,0.5995,1549.0,0.6003,300.0,0.6004,799.0
1753533276532,12:34:36.532,AVA/USDT:USDT,0.5996,821.0,0.5995,1549.0,0.6003,300.0,0.6004,799.0
1753533277355,12:34:37.355,AVA/USDT:USDT,0.5996,821.0,0.5995,1549.0,0.6003,300.0,0.6004,799.0
1753533280484,12:34:40.484,AVA/USDT:USDT,0.5996,821.0,0.5995,1549.0,0.6003,300.0,0.6004,799.0
1753533282518,12:34:42.518,AVA/USDT:USDT,0.5996,821.0,0.5995,1549.0,0.6003,300.0,0.6004,799.0
1753533283545,12:34:43.545,AVA/USDT:USDT,0.5996,821.0,0.5995,1549.0,0.6003,300.0,0.6004,799.0
1753533283834,12:34:43.834,AVA/USDT:USDT,0.5996,821.0,0.5995,1549.0,0.6003,300.0,0.6004,799.0
1753533284571,12:34:44.571,AVA/USDT:USDT,0.5996,821.0,0.5995,1549.0,0.6003,300.0,0.6004,799.0
1753533284786,12:34:44.786,AVA/USDT:USDT,0.5996,821.0,0.5995,1549.0,0.6003,300.0,0.6004,799.0
1753533285586,12:34:45.586,AVA/USDT:USDT,0.5996,821.0,0.5995,1549.0,0.6003,300.0,0.6004,799.0
1753533286673,12:34:46.673,AVA/USDT:USDT,0.5996,821.0,0.5995,1549.0,0.6003,300.0,0.6004,799.0
1753533287676,12:34:47.676,AVA/USDT:USDT,0.5996,821.0,0.5995,1549.0,0.6003,300.0,0.6004,799.0
1753533288797,12:34:48.797,AVA/USDT:USDT,0.5996,821.0,0.5995,1549.0,0.6003,300.0,0.6004,799.0
1753533289250,12:34:49.250,AVA/USDT:USDT,0.5996,821.0,0.5995,1549.0,0.6003,300.0,0.6004,799.0
1753533291524,12:34:51.524,AVA/USDT:USDT,0.5996,821.0,0.5995,1549.0,0.6003,300.0,0.6004,799.0
1753533293771,12:34:53.771,AVA/USDT:USDT,0.5996,821.0,0.5995,1549.0,0.6003,300.0,0.6004,799.0
1753533294157,12:34:54.157,AVA/USDT:USDT,0.5996,821.0,0.5995,1549.0,0.6003,300.0,0.6004,799.0
1753533295155,12:34:55.155,AVA/USDT:USDT,0.5996,821.0,0.5995,1549.0,0.6003,300.0,0.6004,799.0
1753533296502,12:34:56.502,AVA/USDT:USDT,0.5996,821.0,0.5995,1549.0,0.6003,300.0,0.6004,799.0
1753533297501,12:34:57.501,AVA/USDT:USDT,0.5996,821.0,0.5995,1549.0,0.6003,300.0,0.6004,799.0
1753533297532,12:34:57.532,AVA/USDT:USDT,0.5996,821.0,0.5995,1549.0,0.6004,799.0,0.6005,300.0
1753533297882,12:34:57.882,AVA/USDT:USDT,0.5996,821.0,0.5995,1549.0,0.6004,799.0,0.6005,300.0
1753533297928,12:34:57.928,AVA/USDT:USDT,0.5996,821.0,0.5995,1549.0,0.6004,799.0,0.6005,300.0
1753533298267,12:34:58.267,AVA/USDT:USDT,0.5996,821.0,0.5995,1549.0,0.6004,499.0,0.6006,300.0
1753533298701,12:34:58.701,AVA/USDT:USDT,0.5996,821.0,0.5995,1549.0,0.6004,499.0,0.6006,300.0
1753533299285,12:34:59.285,AVA/USDT:USDT,0.5996,821.0,0.5995,1549.0,0.6004,499.0,0.6006,300.0
1753533299943,12:34:59.943,AVA/USDT:USDT,0.5996,821.0,0.5995,1549.0,0.6004,499.0,0.6006,300.0
1753533300092,12:35:00.092,AVA/USDT:USDT,0.5996,821.0,0.5995,1549.0,0.6004,499.0,0.6006,300.0
1753533301165,12:35:01.165,AVA/USDT:USDT,0.5996,765.0,0.5995,1549.0,0.6004,499.0,0.6006,300.0
1753533301244,12:35:01.244,AVA/USDT:USDT,0.5996,765.0,0.5995,1549.0,0.6004,799.0,0.6006,300.0
1753533301479,12:35:01.479,AVA/USDT:USDT,0.5996,765.0,0.5995,1549.0,0.6004,799.0,0.6006,729.0
1753533301955,12:35:01.955,AVA/USDT:USDT,0.5996,765.0,0.5995,1549.0,0.6004,799.0,0.6006,729.0
1753533303373,12:35:03.373,AVA/USDT:USDT,0.5996,1137.0,0.5995,712.0,0.6004,799.0,0.6006,729.0
1753533303504,12:35:03.504,AVA/USDT:USDT,0.5997,413.0,0.5996,300.0,0.6004,799.0,0.6006,729.0
1753533304415,12:35:04.415,AVA/USDT:USDT,0.5997,413.0,0.5996,300.0,0.6004,799.0,0.6006,729.0
1753533304807,12:35:04.807,AVA/USDT:USDT,0.5998,429.0,0.5997,413.0,0.6007,300.0,0.6008,728.0
1753533304895,12:35:04.895,AVA/USDT:USDT,0.5997,341.0,0.5996,1137.0,0.6005,300.0,0.6006,799.0
1753533305208,12:35:05.208,AVA/USDT:USDT,0.5997,341.0,0.5996,1137.0,0.6007,429.0,0.6008,300.0
1753533305297,12:35:05.297,AVA/USDT:USDT,0.5997,341.0,0.5996,1137.0,0.6006,499.0,0.6007,429.0
1753533305700,12:35:05.700,AVA/USDT:USDT,0.5997,341.0,0.5996,1137.0,0.6006,499.0,0.6007,429.0
1753533305794,12:35:05.794,AVA/USDT:USDT,0.5997,341.0,0.5996,1137.0,0.6006,499.0,0.6007,429.0
1753533306192,12:35:06.192,AVA/USDT:USDT,0.5997,341.0,0.5996,1137.0,0.6005,300.0,0.6006,799.0
1753533306215,12:35:06.215,AVA/USDT:USDT,0.5997,341.0,0.5996,1137.0,0.6005,300.0,0.6006,799.0
1753533310029,12:35:10.029,AVA/USDT:USDT,0.5997,341.0,0.5996,1137.0,0.6005,300.0,0.6006,799.0
1753533314417,12:35:14.417,AVA/USDT:USDT,0.5997,341.0,0.5996,1137.0,0.6005,300.0,0.6006,799.0
1753533318835,12:35:18.835,AVA/USDT:USDT,0.5997,341.0,0.5996,1137.0,0.6005,300.0,0.6006,799.0
1753533326999,12:35:26.999,AVA/USDT:USDT,0.5997,641.0,0.5996,1137.0,0.6005,300.0,0.6006,799.0
1753533344110,12:35:44.110,AVA/USDT:USDT,0.5997,300.0,0.5996,1137.0,0.6005,300.0,0.6006,799.0
1753533344188,12:35:44.188,AVA/USDT:USDT,0.5997,300.0,0.5996,1137.0,0.6005,300.0,0.6006,799.0
1753533344212,12:35:44.212,AVA/USDT:USDT,0.5997,641.0,0.5996,1137.0,0.6005,300.0,0.6006,799.0
1753533349793,12:35:49.793,AVA/USDT:USDT,0.5997,641.0,0.5996,300.0,0.6005,300.0,0.6006,799.0
1753533349812,12:35:49.812,AVA/USDT:USDT,0.5997,300.0,0.5996,300.0,0.6005,300.0,0.6006,799.0
1753533350676,12:35:50.676,AVA/USDT:USDT,0.5996,300.0,0.5995,712.0,0.6005,300.0,0.6006,799.0
1753533352019,12:35:52.019,AVA/USDT:USDT,0.5996,300.0,0.5995,712.0,0.6005,300.0,0.6006,799.0
1753533352307,12:35:52.307,AVA/USDT:USDT,0.5997,341.0,0.5996,1137.0,0.6005,300.0,0.6006,799.0
1753533352313,12:35:52.313,AVA/USDT:USDT,0.5997,641.0,0.5996,1137.0,0.6005,300.0,0.6006,799.0
1753533352841,12:35:52.841,AVA/USDT:USDT,0.5997,641.0,0.5996,1137.0,0.6005,300.0,0.6006,799.0
1753533362252,12:36:02.252,AVA/USDT:USDT,0.5997,641.0,0.5996,1137.0,0.6005,300.0,0.6006,799.0
1753533365497,12:36:05.497,AVA/USDT:USDT,0.5997,641.0,0.5996,1137.0,0.6005,300.0,0.6006,799.0
1753533365512,12:36:05.512,AVA/USDT:USDT,0.5997,641.0,0.5996,1137.0,0.6005,300.0,0.6006,799.0
1753533367909,12:36:07.909,AVA/USDT:USDT,0.5998,422.0,0.5997,1063.0,0.6006,300.0,0.6008,300.0
1753533368476,12:36:08.476,AVA/USDT:USDT,0.5998,422.0,0.5997,1063.0,0.6008,300.0,0.6009,428.0
1753533369288,12:36:09.288,AVA/USDT:USDT,0.5998,422.0,0.5997,1063.0,0.6008,300.0,0.6009,428.0
1753533371349,12:36:11.349,AVA/USDT:USDT,0.5999,412.0,0.5998,1005.0,0.6008,300.0,0.6011,729.0
1753533371492,12:36:11.492,AVA/USDT:USDT,0.5999,412.0,0.5998,1005.0,0.6008,300.0,0.6011,729.0
1753533372196,12:36:12.196,AVA/USDT:USDT,0.5999,412.0,0.5998,1005.0,0.6008,300.0,0.6011,729.0
1753533372976,12:36:12.976,AVA/USDT:USDT,0.5999,412.0,0.5998,922.0,0.6008,300.0,0.6011,729.0
1753533374421,12:36:14.421,AVA/USDT:USDT,0.6,422.0,0.5999,412.0,0.6008,300.0,0.6011,729.0
1753533375111,12:36:15.111,AVA/USDT:USDT,0.6,422.0,0.5999,412.0,0.6008,300.0,0.6011,729.0
1753533375564,12:36:15.564,AVA/USDT:USDT,0.6,834.0,0.5999,412.0,0.6008,300.0,0.6011,729.0
1753533379072,12:36:19.072,AVA/USDT:USDT,0.6,917.0,0.5999,412.0,0.6008,300.0,0.6011,729.0
1753533381880,12:36:21.880,AVA/USDT:USDT,0.6001,410.0,0.6,917.0,0.6011,729.0,0.6012,729.0
1753533382362,12:36:22.362,AVA/USDT:USDT,0.6001,710.0,0.6,712.0,0.6011,729.0,0.6012,729.0
1753533382760,12:36:22.760,AVA/USDT:USDT,0.6001,793.0,0.6,712.0,0.6011,729.0,0.6012,729.0
1753533383207,12:36:23.207,AVA/USDT:USDT,0.6001,793.0,0.6,712.0,0.6011,729.0,0.6012,729.0
1753533383215,12:36:23.215,AVA/USDT:USDT,0.6001,793.0,0.6,712.0,0.6011,729.0,0.6012,729.0
1753533383534,12:36:23.534,AVA/USDT:USDT,0.6001,793.0,0.6,712.0,0.6011,729.0,0.6012,729.0
1753533384616,12:36:24.616,AVA/USDT:USDT,0.6002,55.0,0.6001,793.0,0.6011,729.0,0.6012,729.0
1753533385297,12:36:25.297,AVA/USDT:USDT,0.6002,355.0,0.6001,793.0,0.6011,729.0,0.6012,729.0
1753533386099,12:36:26.099,AVA/USDT:USDT,0.6002,355.0,0.6001,710.0,0.6011,729.0,0.6012,729.0
1753533386153,12:36:26.153,AVA/USDT:USDT,0.6003,837.0,0.6002,710.0,0.6011,300.0,0.6012,729.0
1753533386291,12:36:26.291,AVA/USDT:USDT,0.6004,341.0,0.6003,1137.0,0.6011,300.0,0.6012,729.0
1753533386312,12:36:26.312,AVA/USDT:USDT,0.6004,341.0,0.6003,1137.0,0.6011,300.0,0.6012,300.0
1753533386476,12:36:26.476,AVA/USDT:USDT,0.6004,341.0,0.6003,1137.0,0.6011,300.0,0.6012,300.0
1753533387275,12:36:27.275,AVA/USDT:USDT,0.6004,641.0,0.6003,1137.0,0.6012,300.0,0.6013,1068.0
1753533387312,12:36:27.312,AVA/USDT:USDT,0.6004,641.0,0.6003,1137.0,0.6012,300.0,0.6013,1068.0
1753533387650,12:36:27.650,AVA/USDT:USDT,0.6004,641.0,0.6003,1137.0,0.6012,300.0,0.6013,1068.0
1753533387791,12:36:27.791,AVA/USDT:USDT,0.6004,641.0,0.6003,1547.0,0.6012,300.0,0.6013,729.0
1753533388269,12:36:28.269,AVA/USDT:USDT,0.6004,641.0,0.6003,1547.0,0.6012,300.0,0.6013,729.0
1753533389282,12:36:29.282,AVA/USDT:USDT,0.6004,641.0,0.6003,1547.0,0.6012,300.0,0.6013,729.0
1753533389356,12:36:29.356,AVA/USDT:USDT,0.6004,641.0,0.6003,1547.0,0.6012,300.0,0.6013,729.0
1753533390257,12:36:30.257,AVA/USDT:USDT,0.6004,641.0,0.6003,1547.0,0.6012,300.0,0.6013,729.0
1753533390391,12:36:30.391,AVA/USDT:USDT,0.6005,55.0,0.6004,641.0,0.6012,300.0,0.6013,729.0
1753533390728,12:36:30.728,AVA/USDT:USDT,0.6005,55.0,0.6004,641.0,0.6012,300.0,0.6013,729.0
1753533391173,12:36:31.173,AVA/USDT:USDT,0.6005,55.0,0.6004,641.0,0.6012,300.0,0.6013,729.0
1753533391254,12:36:31.254,AVA/USDT:USDT,0.6005,355.0,0.6004,641.0,0.6012,300.0,0.6013,729.0
1753533391820,12:36:31.820,AVA/USDT:USDT,0.6005,355.0,0.6004,641.0,0.6012,300.0,0.6013,729.0
1753533392209,12:36:32.209,AVA/USDT:USDT,0.6005,355.0,0.6004,641.0,0.6012,300.0,0.6013,729.0
1753533392219,12:36:32.219,AVA/USDT:USDT,0.6005,355.0,0.6004,641.0,0.6012,300.0,0.6013,729.0
1753533404466,12:36:44.466,AVA/USDT:USDT,0.6005,355.0,0.6004,1051.0,0.6012,300.0,0.6013,729.0
1753533404909,12:36:44.909,AVA/USDT:USDT,0.6005,355.0,0.6004,1051.0,0.6012,300.0,0.6013,729.0
1753533404912,12:36:44.912,AVA/USDT:USDT,0.6005,355.0,0.6004,1051.0,0.6012,300.0,0.6013,729.0
1753533406336,12:36:46.336,AVA/USDT:USDT,0.6005,300.0,0.6004,1051.0,0.6012,300.0,0.6013,729.0
1753533408172,12:36:48.172,AVA/USDT:USDT,0.6005,710.0,0.6004,1051.0,0.6014,300.0,0.6015,300.0
1753533408298,12:36:48.298,AVA/USDT:USDT,0.6005,710.0,0.6004,1051.0,0.6014,300.0,0.6015,300.0
1753533409039,12:36:49.039,AVA/USDT:USDT,0.6006,410.0,0.6005,710.0,0.6015,300.0,0.6016,729.0
1753533409169,12:36:49.169,AVA/USDT:USDT,0.6006,410.0,0.6005,710.0,0.6015,300.0,0.6016,729.0
1753533409308,12:36:49.308,AVA/USDT:USDT,0.6006,410.0,0.6005,710.0,0.6015,300.0,0.6016,729.0
1753533409369,12:36:49.369,AVA/USDT:USDT,0.6006,410.0,0.6005,710.0,0.6015,300.0,0.6016,729.0
1753533409467,12:36:49.467,AVA/USDT:USDT,0.6006,410.0,0.6005,710.0,0.6015,300.0,0.6016,729.0
1753533410008,12:36:50.008,AVA/USDT:USDT,0.6006,410.0,0.6005,710.0,0.6015,300.0,0.6016,729.0
1753533410019,12:36:50.019,AVA/USDT:USDT,0.6006,710.0,0.6005,710.0,0.6015,300.0,0.6016,729.0
1753533410318,12:36:50.318,AVA/USDT:USDT,0.6006,793.0,0.6005,710.0,0.6015,300.0,0.6016,729.0
1753533411658,12:36:51.658,AVA/USDT:USDT,0.6006,710.0,0.6005,710.0,0.6015,300.0,0.6016,729.0
1753533411752,12:36:51.752,AVA/USDT:USDT,0.6006,710.0,0.6005,710.0,0.6015,300.0,0.6016,729.0
1753533413602,12:36:53.602,AVA/USDT:USDT,0.6006,710.0,0.6005,710.0,0.6015,300.0,0.6016,729.0
1753533413612,12:36:53.612,AVA/USDT:USDT,0.6006,710.0,0.6005,710.0,0.6015,300.0,0.6016,729.0
1753533428206,12:37:08.206,AVA/USDT:USDT,0.6007,90.0,0.6006,710.0,0.6015,300.0,0.6016,729.0
1753533428213,12:37:08.213,AVA/USDT:USDT,0.6007,90.0,0.6006,710.0,0.6015,300.0,0.6016,729.0
1753533428577,12:37:08.577,AVA/USDT:USDT,0.6007,90.0,0.6006,710.0,0.6015,300.0,0.6016,729.0
1753533428807,12:37:08.807,AVA/USDT:USDT,0.6007,390.0,0.6006,710.0,0.6015,300.0,0.6016,729.0
1753533428872,12:37:08.872,AVA/USDT:USDT,0.6007,390.0,0.6006,710.0,0.6015,300.0,0.6016,729.0
1753533429003,12:37:09.003,AVA/USDT:USDT,0.6007,390.0,0.6006,710.0,0.6015,300.0,0.6016,729.0
1753533429429,12:37:09.429,AVA/USDT:USDT,0.6007,390.0,0.6006,710.0,0.6015,300.0,0.6016,729.0
1753533429678,12:37:09.678,AVA/USDT:USDT,0.6008,426.0,0.6007,809.0,0.6017,300.0,0.6018,723.0
1753533429796,12:37:09.796,AVA/USDT:USDT,0.6008,426.0,0.6007,809.0,0.6017,300.0,0.6018,723.0
1753533429886,12:37:09.886,AVA/USDT:USDT,0.601,837.0,0.6008,426.0,0.6017,300.0,0.6018,300.0
1753533429923,12:37:09.923,AVA/USDT:USDT,0.601,837.0,0.6008,426.0,0.6017,300.0,0.6018,300.0
1753533430296,12:37:10.296,AVA/USDT:USDT,0.601,837.0,0.6008,426.0,0.6017,300.0,0.6018,300.0
1753533430777,12:37:10.777,AVA/USDT:USDT,0.601,837.0,0.6008,426.0,0.6018,300.0,0.6019,710.0
1753533430940,12:37:10.940,AVA/USDT:USDT,0.601,837.0,0.6008,426.0,0.6018,300.0,0.6019,710.0
1753533431184,12:37:11.184,AVA/USDT:USDT,0.601,837.0,0.6008,426.0,0.6018,300.0,0.6019,710.0
1753533431337,12:37:11.337,AVA/USDT:USDT,0.601,837.0,0.6008,426.0,0.6018,300.0,0.6019,710.0
1753533431425,12:37:11.425,AVA/USDT:USDT,0.601,837.0,0.6008,426.0,0.6018,300.0,0.6019,710.0
1753533434026,12:37:14.026,AVA/USDT:USDT,0.601,920.0,0.6008,426.0,0.6018,300.0,0.6019,710.0
1753533434950,12:37:14.950,AVA/USDT:USDT,0.601,837.0,0.6008,426.0,0.6018,300.0,0.6019,710.0
1753533435692,12:37:15.692,AVA/USDT:USDT,0.601,837.0,0.6008,426.0,0.6018,300.0,0.6019,710.0
1753533436424,12:37:16.424,AVA/USDT:USDT,0.6008,426.0,0.6007,726.0,0.6018,300.0,0.6019,710.0
1753533436592,12:37:16.592,AVA/USDT:USDT,0.6008,426.0,0.6007,726.0,0.6018,300.0,0.6019,710.0
1753533437084,12:37:17.084,AVA/USDT:USDT,0.6008,426.0,0.6007,726.0,0.6018,300.0,0.6019,710.0
1753533443632,12:37:23.632,AVA/USDT:USDT,0.6008,426.0,0.6007,726.0,0.6018,300.0,0.6019,710.0
1753533444470,12:37:24.470,AVA/USDT:USDT,0.6009,55.0,0.6008,426.0,0.6018,300.0,0.6019,710.0
1753533444548,12:37:24.548,AVA/USDT:USDT,0.6009,55.0,0.6008,426.0,0.6018,300.0,0.6019,710.0
1753533444870,12:37:24.870,AVA/USDT:USDT,0.6009,55.0,0.6008,426.0,0.6018,300.0,0.6019,710.0
1753533445399,12:37:25.399,AVA/USDT:USDT,0.6009,55.0,0.6008,426.0,0.6018,300.0,0.6019,710.0
1753533447377,12:37:27.377,AVA/USDT:USDT,0.601,837.0,0.6009,464.0,0.6018,300.0,0.6019,710.0
1753533447486,12:37:27.486,AVA/USDT:USDT,0.601,837.0,0.6009,464.0,0.6018,300.0,0.6019,710.0
1753533447597,12:37:27.597,AVA/USDT:USDT,0.6011,341.0,0.601,1137.0,0.6018,300.0,0.6019,710.0
1753533447678,12:37:27.678,AVA/USDT:USDT,0.6011,341.0,0.601,1137.0,0.6018,300.0,0.6019,300.0
1753533447943,12:37:27.943,AVA/USDT:USDT,0.6011,341.0,0.601,1137.0,0.6018,300.0,0.6019,300.0
1753533448408,12:37:28.408,AVA/USDT:USDT,0.6011,341.0,0.601,1137.0,0.6018,300.0,0.6019,300.0
1753533448595,12:37:28.595,AVA/USDT:USDT,0.6012,300.0,0.6011,300.0,0.6018,300.0,0.6019,300.0
1753533448856,12:37:28.856,AVA/USDT:USDT,0.6012,300.0,0.6011,300.0,0.6018,300.0,0.6019,300.0
1753533448980,12:37:28.980,AVA/USDT:USDT,0.6012,300.0,0.6011,300.0,0.6018,300.0,0.6019,300.0
1753533449281,12:37:29.281,AVA/USDT:USDT,0.6012,300.0,0.6011,300.0,0.6018,300.0,0.6019,300.0
1753533450115,12:37:30.115,AVA/USDT:USDT,0.6012,300.0,0.6011,300.0,0.6018,300.0,0.6019,300.0
1753533450562,12:37:30.562,AVA/USDT:USDT,0.6012,300.0,0.6011,300.0,0.6019,300.0,0.602,710.0
1753533451406,12:37:31.406,AVA/USDT:USDT,0.6012,300.0,0.6011,300.0,0.6019,300.0,0.602,710.0
1753533452557,12:37:32.557,AVA/USDT:USDT,0.6011,300.0,0.601,837.0,0.6019,300.0,0.602,710.0
1753533452980,12:37:32.980,AVA/USDT:USDT,0.6011,300.0,0.601,837.0,0.6019,300.0,0.602,710.0
1753533453107,12:37:33.107,AVA/USDT:USDT,0.6011,300.0,0.601,837.0,0.6019,300.0,0.602,710.0
1753533453534,12:37:33.534,AVA/USDT:USDT,0.6011,300.0,0.601,837.0,0.6019,300.0,0.602,710.0
1753533455906,12:37:35.906,AVA/USDT:USDT,0.6011,300.0,0.601,1264.0,0.6019,300.0,0.602,710.0
1753533455996,12:37:35.996,AVA/USDT:USDT,0.6011,679.0,0.601,1264.0,0.6019,300.0,0.602,710.0
1753533456014,12:37:36.014,AVA/USDT:USDT,0.6011,679.0,0.601,1264.0,0.6019,300.0,0.602,710.0
1753533456467,12:37:36.467,AVA/USDT:USDT,0.6011,679.0,0.601,1264.0,0.6019,300.0,0.602,710.0
1753533456596,12:37:36.596,AVA/USDT:USDT,0.6011,679.0,0.601,1264.0,0.6019,300.0,0.602,710.0
1753533457097,12:37:37.097,AVA/USDT:USDT,0.6011,679.0,0.601,1264.0,0.6019,300.0,0.602,710.0
1753533471065,12:37:51.065,AVA/USDT:USDT,0.6012,97.0,0.6011,1105.0,0.6019,300.0,0.602,300.0
1753533471129,12:37:51.129,AVA/USDT:USDT,0.6012,97.0,0.6011,1105.0,0.6019,300.0,0.602,300.0
1753533471336,12:37:51.336,AVA/USDT:USDT,0.6012,97.0,0.6011,1105.0,0.602,300.0,0.6021,300.0
1753533471426,12:37:51.426,AVA/USDT:USDT,0.6012,97.0,0.6011,1105.0,0.602,300.0,0.6021,300.0
1753533472243,12:37:52.243,AVA/USDT:USDT,0.6012,97.0,0.6011,1105.0,0.602,300.0,0.6021,300.0
1753533472338,12:37:52.338,AVA/USDT:USDT,0.6012,97.0,0.6011,1105.0,0.602,300.0,0.6021,300.0
1753533472496,12:37:52.496,AVA/USDT:USDT,0.6011,1105.0,0.601,1264.0,0.602,300.0,0.6021,300.0
1753533472700,12:37:52.700,AVA/USDT:USDT,0.6011,1105.0,0.601,1264.0,0.602,300.0,0.6021,300.0
1753533473176,12:37:53.176,AVA/USDT:USDT,0.6011,1105.0,0.601,1264.0,0.602,300.0,0.6021,300.0
1753533473305,12:37:53.305,AVA/USDT:USDT,0.6011,1105.0,0.601,1264.0,0.6021,300.0,0.6022,719.0
1753533473313,12:37:53.313,AVA/USDT:USDT,0.6011,1105.0,0.601,1264.0,0.6021,300.0,0.6022,719.0
1753533474420,12:37:54.420,AVA/USDT:USDT,0.6011,1105.0,0.601,1264.0,0.6021,300.0,0.6022,719.0
1753533474835,12:37:54.835,AVA/USDT:USDT,0.6011,1105.0,0.601,1264.0,0.6021,300.0,0.6022,719.0
1753533484195,12:38:04.195,AVA/USDT:USDT,0.6011,1105.0,0.601,1264.0,0.6021,300.0,0.6022,1060.0
1753533484483,12:38:04.483,AVA/USDT:USDT,0.6011,1105.0,0.601,1264.0,0.6021,728.0,0.6022,1060.0
1753533485675,12:38:05.675,AVA/USDT:USDT,0.6011,300.0,0.601,837.0,0.602,728.0,0.6021,728.0
1753533486342,12:38:06.342,AVA/USDT:USDT,0.6011,300.0,0.601,837.0,0.602,728.0,0.6021,728.0
1753533491651,12:38:11.651,AVA/USDT:USDT,0.6011,300.0,0.601,837.0,0.602,728.0,0.6021,728.0
1753533494004,12:38:14.004,AVA/USDT:USDT,0.6011,300.0,0.601,1260.0,0.602,728.0,0.6021,728.0
1753533494032,12:38:14.032,AVA/USDT:USDT,0.6011,678.0,0.601,1260.0,0.602,728.0,0.6021,728.0
1753533497112,12:38:17.112,AVA/USDT:USDT,0.6011,678.0,0.601,1260.0,0.602,300.0,0.6021,728.0
1753533510274,12:38:30.274,AVA/USDT:USDT,0.6012,55.0,0.6011,678.0,0.602,300.0,0.6021,300.0
1753533510674,12:38:30.674,AVA/USDT:USDT,0.6012,55.0,0.6011,678.0,0.602,300.0,0.6021,300.0
1753533510884,12:38:30.884,AVA/USDT:USDT,0.6012,55.0,0.6011,1094.0,0.6021,300.0,0.6022,1060.0
1753533510981,12:38:30.981,AVA/USDT:USDT,0.6012,55.0,0.6011,1094.0,0.6021,300.0,0.6022,1060.0
1753533511190,12:38:31.190,AVA/USDT:USDT,0.6012,55.0,0.6011,1094.0,0.6021,300.0,0.6022,1060.0
1753533511500,12:38:31.500,AVA/USDT:USDT,0.6012,55.0,0.6011,1094.0,0.6021,300.0,0.6022,1060.0
1753533513311,12:38:33.311,AVA/USDT:USDT,0.6012,55.0,0.6011,1094.0,0.6021,300.0,0.6022,1060.0
1753533523394,12:38:43.394,AVA/USDT:USDT,0.6012,55.0,0.6011,1094.0,0.6021,300.0,0.6022,1060.0
1753533523416,12:38:43.416,AVA/USDT:USDT,0.6012,55.0,0.6011,1094.0,0.6021,300.0,0.6022,1060.0
1753533544226,12:39:04.226,AVA/USDT:USDT,0.6011,1177.0,0.601,1260.0,0.6021,300.0,0.6022,1060.0
1753533544407,12:39:04.407,AVA/USDT:USDT,0.6011,1177.0,0.601,1260.0,0.6021,300.0,0.6022,1060.0
1753533548725,12:39:08.725,AVA/USDT:USDT,0.6012,138.0,0.6011,1094.0,0.6021,300.0,0.6022,641.0
1753533548865,12:39:08.865,AVA/USDT:USDT,0.6012,138.0,0.6011,1094.0,0.6021,300.0,0.6022,641.0
1753533549358,12:39:09.358,AVA/USDT:USDT,0.6012,560.0,0.6011,1094.0,0.6021,300.0,0.6022,641.0
1753533549686,12:39:09.686,AVA/USDT:USDT,0.6012,560.0,0.6011,1094.0,0.6021,300.0,0.6022,641.0
1753533550772,12:39:10.772,AVA/USDT:USDT,0.6012,560.0,0.6011,1094.0,0.6021,300.0,0.6022,641.0
1753533551007,12:39:11.007,AVA/USDT:USDT,0.6012,560.0,0.6011,1094.0,0.6021,300.0,0.6022,641.0
1753533552107,12:39:12.107,AVA/USDT:USDT,0.6012,560.0,0.6011,1094.0,0.6021,300.0,0.6022,300.0
1753533552405,12:39:12.405,AVA/USDT:USDT,0.6012,560.0,0.6011,1094.0,0.6022,300.0,0.6023,719.0
1753533552420,12:39:12.420,AVA/USDT:USDT,0.6013,420.0,0.6012,560.0,0.6022,300.0,0.6023,719.0
1753533552550,12:39:12.550,AVA/USDT:USDT,0.6013,420.0,0.6012,477.0,0.6022,300.0,0.6023,719.0
1753533552975,12:39:12.975,AVA/USDT:USDT,0.6013,420.0,0.6012,477.0,0.6022,300.0,0.6023,719.0
1753533553402,12:39:13.402,AVA/USDT:USDT,0.6013,720.0,0.6012,477.0,0.6022,300.0,0.6023,719.0
1753533553805,12:39:13.805,AVA/USDT:USDT,0.6013,803.0,0.6012,477.0,0.6022,300.0,0.6023,719.0
1753533554301,12:39:14.301,AVA/USDT:USDT,0.6013,803.0,0.6012,422.0,0.6022,300.0,0.6023,719.0
1753533554979,12:39:14.979,AVA/USDT:USDT,0.6013,803.0,0.6012,422.0,0.6022,300.0,0.6023,719.0
1753533555096,12:39:15.096,AVA/USDT:USDT,0.6014,420.0,0.6013,803.0,0.6022,300.0,0.6023,300.0
1753533555393,12:39:15.393,AVA/USDT:USDT,0.6014,720.0,0.6013,803.0,0.6024,300.0,0.6025,726.0
1753533555424,12:39:15.424,AVA/USDT:USDT,0.6014,720.0,0.6013,803.0,0.6024,300.0,0.6025,726.0
1753533555638,12:39:15.638,AVA/USDT:USDT,0.6014,720.0,0.6013,803.0,0.6024,300.0,0.6025,726.0
1753533556378,12:39:16.378,AVA/USDT:USDT,0.6014,720.0,0.6013,803.0,0.6024,300.0,0.6025,726.0
1753533556509,12:39:16.509,AVA/USDT:USDT,0.6017,837.0,0.6015,420.0,0.6024,300.0,0.6025,300.0
1753533556512,12:39:16.512,AVA/USDT:USDT,0.6017,837.0,0.6015,420.0,0.6024,300.0,0.6025,300.0
1753533556667,12:39:16.667,AVA/USDT:USDT,0.6017,837.0,0.6015,420.0,0.6024,300.0,0.6025,300.0
1753533557250,12:39:17.250,AVA/USDT:USDT,0.6017,837.0,0.6015,420.0,0.6024,300.0,0.6025,300.0
1753533557392,12:39:17.392,AVA/USDT:USDT,0.6018,300.0,0.6017,837.0,0.6026,300.0,0.6028,300.0
1753533557492,12:39:17.492,AVA/USDT:USDT,0.6018,300.0,0.6017,837.0,0.6026,300.0,0.6028,300.0
1753533557528,12:39:17.528,AVA/USDT:USDT,0.6018,300.0,0.6017,837.0,0.6026,300.0,0.6028,300.0
1753533558258,12:39:18.258,AVA/USDT:USDT,0.6018,300.0,0.6017,837.0,0.6026,300.0,0.6028,300.0
1753533558360,12:39:18.360,AVA/USDT:USDT,0.6018,300.0,0.6017,837.0,0.6026,300.0,0.6028,300.0
1753533558453,12:39:18.453,AVA/USDT:USDT,0.6018,300.0,0.6017,837.0,0.6026,300.0,0.6028,300.0
1753533558886,12:39:18.886,AVA/USDT:USDT,0.6018,300.0,0.6017,837.0,0.6026,300.0,0.6028,300.0
1753533559292,12:39:19.292,AVA/USDT:USDT,0.6018,677.0,0.6017,1257.0,0.6026,300.0,0.6028,300.0
1753533559331,12:39:19.331,AVA/USDT:USDT,0.6018,760.0,0.6017,1257.0,0.6026,300.0,0.6028,300.0
1753533559708,12:39:19.708,AVA/USDT:USDT,0.6018,760.0,0.6017,1257.0,0.6026,300.0,0.6028,300.0
1753533560313,12:39:20.313,AVA/USDT:USDT,0.6018,760.0,0.6017,1257.0,0.6028,300.0,0.6029,415.0
1753533560477,12:39:20.477,AVA/USDT:USDT,0.6018,760.0,0.6017,1257.0,0.6028,300.0,0.6029,415.0
1753533560606,12:39:20.606,AVA/USDT:USDT,0.6018,760.0,0.6017,1257.0,0.6028,300.0,0.6029,415.0
1753533560683,12:39:20.683,AVA/USDT:USDT,0.6018,760.0,0.6017,1257.0,0.6028,300.0,0.6029,415.0
1753533561336,12:39:21.336,AVA/USDT:USDT,0.6018,760.0,0.6017,1257.0,0.6028,300.0,0.6029,415.0
1753533563648,12:39:23.648,AVA/USDT:USDT,0.6018,760.0,0.6017,1257.0,0.6028,300.0,0.6029,415.0
1753533563762,12:39:23.762,AVA/USDT:USDT,0.6018,760.0,0.6017,1257.0,0.6028,300.0,0.6029,415.0
1753533564272,12:39:24.272,AVA/USDT:USDT,0.6018,760.0,0.6017,1257.0,0.6028,300.0,0.6029,415.0
1753533566693,12:39:26.693,AVA/USDT:USDT,0.6018,677.0,0.6017,1257.0,0.6028,300.0,0.6029,415.0
1753533566712,12:39:26.712,AVA/USDT:USDT,0.6018,677.0,0.6017,1257.0,0.6028,300.0,0.6029,415.0
1753533567057,12:39:27.057,AVA/USDT:USDT,0.6018,760.0,0.6017,1257.0,0.6028,300.0,0.6029,415.0
1753533567294,12:39:27.294,AVA/USDT:USDT,0.6018,760.0,0.6017,1257.0,0.6028,300.0,0.6029,415.0
1753533567322,12:39:27.322,AVA/USDT:USDT,0.6018,760.0,0.6017,1257.0,0.6028,300.0,0.6029,415.0
1753533567532,12:39:27.532,AVA/USDT:USDT,0.6018,760.0,0.6017,1257.0,0.6028,300.0,0.6029,415.0
1753533567852,12:39:27.852,AVA/USDT:USDT,0.6018,760.0,0.6017,1257.0,0.6028,300.0,0.6029,415.0
1753533568494,12:39:28.494,AVA/USDT:USDT,0.6019,55.0,0.6018,760.0,0.6028,300.0,0.6029,415.0
1753533568557,12:39:28.557,AVA/USDT:USDT,0.6019,355.0,0.6018,677.0,0.6028,300.0,0.6029,415.0
1753533568723,12:39:28.723,AVA/USDT:USDT,0.6019,355.0,0.6018,677.0,0.6028,300.0,0.6029,415.0
1753533569542,12:39:29.542,AVA/USDT:USDT,0.6019,355.0,0.6018,677.0,0.6028,300.0,0.6029,415.0
1753533569983,12:39:29.983,AVA/USDT:USDT,0.6019,355.0,0.6018,677.0,0.6028,300.0,0.6029,415.0
1753533571656,12:39:31.656,AVA/USDT:USDT,0.6019,355.0,0.6018,1099.0,0.6028,300.0,0.6029,415.0
1753533572191,12:39:32.191,AVA/USDT:USDT,0.6019,355.0,0.6018,1099.0,0.6028,300.0,0.6029,415.0
1753533572271,12:39:32.271,AVA/USDT:USDT,0.6019,355.0,0.6018,1099.0,0.6028,300.0,0.6029,415.0
1753533577492,12:39:37.492,AVA/USDT:USDT,0.6019,355.0,0.6018,1099.0,0.6028,300.0,0.6029,415.0
1753533577536,12:39:37.536,AVA/USDT:USDT,0.6019,300.0,0.6018,1099.0,0.6028,300.0,0.6029,415.0
1753533578393,12:39:38.393,AVA/USDT:USDT,0.6019,300.0,0.6018,1099.0,0.6028,300.0,0.6029,415.0
1753533578412,12:39:38.412,AVA/USDT:USDT,0.6019,300.0,0.6018,722.0,0.6028,300.0,0.6029,415.0
1753533578592,12:39:38.592,AVA/USDT:USDT,0.6019,383.0,0.6018,1189.0,0.6028,300.0,0.6029,415.0
1753533579098,12:39:39.098,AVA/USDT:USDT,0.6019,300.0,0.6018,1189.0,0.6028,300.0,0.6029,415.0
1753533593789,12:39:53.789,AVA/USDT:USDT,0.6019,300.0,0.6018,1189.0,0.6028,300.0,0.6029,415.0
1753533603327,12:40:03.327,AVA/USDT:USDT,0.6019,300.0,0.6018,1189.0,0.6028,797.0,0.6029,415.0
1753533603853,12:40:03.853,AVA/USDT:USDT,0.6019,300.0,0.6018,1189.0,0.6028,797.0,0.6029,415.0
1753533604815,12:40:04.815,AVA/USDT:USDT,0.6019,300.0,0.6018,1189.0,0.6028,797.0,0.6029,415.0
1753533634893,12:40:34.893,AVA/USDT:USDT,0.6019,300.0,0.6018,1189.0,0.6028,797.0,0.6029,415.0
1753533634912,12:40:34.912,AVA/USDT:USDT,0.6019,300.0,0.6018,1189.0,0.6028,797.0,0.6029,415.0
1753533635493,12:40:35.493,AVA/USDT:USDT,0.6019,300.0,0.6018,1189.0,0.6028,797.0,0.6029,415.0
1753533635512,12:40:35.512,AVA/USDT:USDT,0.6019,300.0,0.6018,722.0,0.6028,797.0,0.6029,415.0
1753533635632,12:40:35.632,AVA/USDT:USDT,0.6019,300.0,0.6018,1189.0,0.6028,797.0,0.6029,415.0
1753533640040,12:40:40.040,AVA/USDT:USDT,0.6019,300.0,0.6018,767.0,0.6028,797.0,0.6029,415.0
1753533641098,12:40:41.098,AVA/USDT:USDT,0.6019,300.0,0.6018,641.0,0.6026,797.0,0.6027,720.0
1753533641135,12:40:41.135,AVA/USDT:USDT,0.6019,300.0,0.6018,300.0,0.6025,497.0,0.6026,720.0
1753533641402,12:40:41.402,AVA/USDT:USDT,0.6015,300.0,0.6014,720.0,0.6025,497.0,0.6026,720.0
1753533641432,12:40:41.432,AVA/USDT:USDT,0.6018,300.0,0.6014,300.0,0.6025,497.0,0.6026,720.0
1753533641901,12:40:41.901,AVA/USDT:USDT,0.6018,300.0,0.6014,300.0,0.6025,497.0,0.6026,720.0
1753533643386,12:40:43.386,AVA/USDT:USDT,0.6014,300.0,0.6013,720.0,0.6025,497.0,0.6026,720.0
1753533643956,12:40:43.956,AVA/USDT:USDT,0.6014,300.0,0.6013,720.0,0.6025,497.0,0.6026,720.0
1753533652095,12:40:52.095,AVA/USDT:USDT,0.6018,300.0,0.6017,837.0,0.6026,300.0,0.6027,720.0
1753533652292,12:40:52.292,AVA/USDT:USDT,0.6018,300.0,0.6017,837.0,0.6026,300.0,0.6027,420.0
1753533652876,12:40:52.876,AVA/USDT:USDT,0.6018,300.0,0.6017,837.0,0.6026,300.0,0.6027,420.0
1753533660969,12:41:00.969,AVA/USDT:USDT,0.6018,300.0,0.6017,837.0,0.6026,300.0,0.6027,420.0
1753533661972,12:41:01.972,AVA/USDT:USDT,0.6018,300.0,0.6017,837.0,0.6026,300.0,0.6027,420.0
1753533693197,12:41:33.197,AVA/USDT:USDT,0.6018,300.0,0.6017,837.0,0.6026,300.0,0.6027,420.0
1753533695314,12:41:35.314,AVA/USDT:USDT,0.6018,729.0,0.6017,837.0,0.6026,300.0,0.6028,300.0
1753533695792,12:41:35.792,AVA/USDT:USDT,0.6018,729.0,0.6017,837.0,0.6028,300.0,0.603,718.0
1753533696072,12:41:36.072,AVA/USDT:USDT,0.6018,729.0,0.6017,837.0,0.6028,300.0,0.603,718.0
1753533697498,12:41:37.498,AVA/USDT:USDT,0.6018,940.0,0.6017,837.0,0.6028,300.0,0.603,718.0
1753533702598,12:41:42.598,AVA/USDT:USDT,0.6018,729.0,0.6017,837.0,0.6028,300.0,0.603,718.0
1753533712250,12:41:52.250,AVA/USDT:USDT,0.6019,729.0,0.6018,729.0,0.6028,300.0,0.603,300.0
1753533712360,12:41:52.360,AVA/USDT:USDT,0.6019,729.0,0.6018,729.0,0.6028,300.0,0.603,300.0
1753533712601,12:41:52.601,AVA/USDT:USDT,0.6019,729.0,0.6018,729.0,0.603,300.0,0.6031,709.0
1753533712724,12:41:52.724,AVA/USDT:USDT,0.6019,729.0,0.6018,729.0,0.603,300.0,0.6031,709.0
1753533713167,12:41:53.167,AVA/USDT:USDT,0.6019,729.0,0.6018,729.0,0.603,300.0,0.6031,709.0
1753533714090,12:41:54.090,AVA/USDT:USDT,0.6019,849.0,0.6018,729.0,0.603,300.0,0.6031,709.0
1753533715384,12:41:55.384,AVA/USDT:USDT,0.6019,849.0,0.6018,729.0,0.603,300.0,0.6031,709.0
1753533719180,12:41:59.180,AVA/USDT:USDT,0.6019,729.0,0.6018,729.0,0.603,300.0,0.6031,709.0
1753533726331,12:42:06.331,AVA/USDT:USDT,0.602,429.0,0.6019,729.0,0.603,300.0,0.6031,709.0
1753533726498,12:42:06.498,AVA/USDT:USDT,0.602,429.0,0.6019,729.0,0.603,300.0,0.6031,709.0
1753533726851,12:42:06.851,AVA/USDT:USDT,0.602,429.0,0.6019,729.0,0.603,300.0,0.6031,709.0
1753533727272,12:42:07.272,AVA/USDT:USDT,0.602,429.0,0.6019,729.0,0.603,300.0,0.6031,709.0
1753533728993,12:42:08.993,AVA/USDT:USDT,0.602,429.0,0.6019,729.0,0.603,300.0,0.6031,709.0
1753533729003,12:42:09.003,AVA/USDT:USDT,0.602,429.0,0.6019,729.0,0.603,300.0,0.6031,709.0
1753533729331,12:42:09.331,AVA/USDT:USDT,0.602,429.0,0.6019,729.0,0.603,300.0,0.6031,709.0
1753533732274,12:42:12.274,AVA/USDT:USDT,0.602,429.0,0.6019,729.0,0.603,300.0,0.6031,709.0
1753533735396,12:42:15.396,AVA/USDT:USDT,0.6021,416.0,0.602,927.0,0.603,300.0,0.6031,300.0
1753533735471,12:42:15.471,AVA/USDT:USDT,0.6021,416.0,0.602,927.0,0.603,300.0,0.6031,300.0
1753533735842,12:42:15.842,AVA/USDT:USDT,0.6021,416.0,0.602,927.0,0.603,300.0,0.6031,300.0
1753533736262,12:42:16.262,AVA/USDT:USDT,0.6021,416.0,0.602,927.0,0.603,300.0,0.6031,300.0
1753533736341,12:42:16.341,AVA/USDT:USDT,0.6021,799.0,0.602,927.0,0.6031,300.0,0.6032,720.0
1753533736420,12:42:16.420,AVA/USDT:USDT,0.6021,799.0,0.602,927.0,0.6031,300.0,0.6032,720.0
1753533736680,12:42:16.680,AVA/USDT:USDT,0.6021,799.0,0.602,927.0,0.6031,300.0,0.6032,720.0
1753533736907,12:42:16.907,AVA/USDT:USDT,0.6022,416.0,0.6021,799.0,0.6031,300.0,0.6032,720.0
1753533736912,12:42:16.912,AVA/USDT:USDT,0.6022,416.0,0.6021,799.0,0.6031,300.0,0.6032,300.0
1753533737110,12:42:17.110,AVA/USDT:USDT,0.6022,416.0,0.6021,799.0,0.6031,300.0,0.6032,300.0
1753533737177,12:42:17.177,AVA/USDT:USDT,0.6022,416.0,0.6021,799.0,0.6031,300.0,0.6032,300.0
1753533737329,12:42:17.329,AVA/USDT:USDT,0.6022,716.0,0.6021,799.0,0.6032,300.0,0.6033,720.0
1753533737412,12:42:17.412,AVA/USDT:USDT,0.6022,716.0,0.6021,799.0,0.6032,300.0,0.6033,720.0
1753533737557,12:42:17.557,AVA/USDT:USDT,0.6022,716.0,0.6021,799.0,0.6032,300.0,0.6033,720.0
1753533738192,12:42:18.192,AVA/USDT:USDT,0.6024,837.0,0.6023,416.0,0.6032,300.0,0.6033,300.0
1753533738308,12:42:18.308,AVA/USDT:USDT,0.6024,837.0,0.6023,416.0,0.6033,300.0,0.6034,720.0
1753533738407,12:42:18.407,AVA/USDT:USDT,0.6025,641.0,0.6024,1137.0,0.6033,300.0,0.6034,720.0
1753533738465,12:42:18.465,AVA/USDT:USDT,0.6025,641.0,0.6024,1137.0,0.6033,300.0,0.6034,720.0
1753533738605,12:42:18.605,AVA/USDT:USDT,0.6025,641.0,0.6024,1137.0,0.6033,300.0,0.6034,720.0
1753533738647,12:42:18.647,AVA/USDT:USDT,0.6025,641.0,0.6024,1137.0,0.6033,300.0,0.6034,720.0
1753533738869,12:42:18.869,AVA/USDT:USDT,0.6025,641.0,0.6024,1137.0,0.6033,300.0,0.6034,720.0
1753533739295,12:42:19.295,AVA/USDT:USDT,0.6025,641.0,0.6024,1137.0,0.6033,300.0,0.6034,720.0
1753533739311,12:42:19.311,AVA/USDT:USDT,0.6025,641.0,0.6024,1137.0,0.6033,300.0,0.6034,720.0
1753533739436,12:42:19.436,AVA/USDT:USDT,0.6025,641.0,0.6024,1137.0,0.6033,300.0,0.6034,720.0
1753533740341,12:42:20.341,AVA/USDT:USDT,0.6025,641.0,0.6024,1137.0,0.6033,300.0,0.6034,720.0
1753533741274,12:42:21.274,AVA/USDT:USDT,0.6025,641.0,0.6024,1137.0,0.6033,300.0,0.6034,720.0
1753533744274,12:42:24.274,AVA/USDT:USDT,0.6025,641.0,0.6024,1137.0,0.6033,300.0,0.6034,720.0
1753533746185,12:42:26.185,AVA/USDT:USDT,0.6025,641.0,0.6024,1559.0,0.6033,300.0,0.6034,300.0
1753533746255,12:42:26.255,AVA/USDT:USDT,0.6025,641.0,0.6024,1559.0,0.6034,300.0,0.6035,300.0
1753533746364,12:42:26.364,AVA/USDT:USDT,0.6025,641.0,0.6024,1559.0,0.6034,300.0,0.6035,300.0
1753533746427,12:42:26.427,AVA/USDT:USDT,0.6025,641.0,0.6024,1559.0,0.6034,300.0,0.6035,300.0
1753533747207,12:42:27.207,AVA/USDT:USDT,0.6025,641.0,0.6024,1559.0,0.6035,300.0,0.6036,718.0
1753533747233,12:42:27.233,AVA/USDT:USDT,0.6025,641.0,0.6024,1559.0,0.6035,300.0,0.6036,718.0
1753533748081,12:42:28.081,AVA/USDT:USDT,0.6025,641.0,0.6024,1559.0,0.6035,300.0,0.6036,718.0
1753533748362,12:42:28.362,AVA/USDT:USDT,0.6025,641.0,0.6024,1559.0,0.6035,300.0,0.6036,718.0
1753533749019,12:42:29.019,AVA/USDT:USDT,0.6025,724.0,0.6024,1559.0,0.6035,300.0,0.6036,718.0
1753533749196,12:42:29.196,AVA/USDT:USDT,0.6025,724.0,0.6024,1559.0,0.6035,300.0,0.6036,718.0
1753533749249,12:42:29.249,AVA/USDT:USDT,0.6025,724.0,0.6024,1559.0,0.6035,300.0,0.6036,1058.0
1753533750964,12:42:30.964,AVA/USDT:USDT,0.6025,641.0,0.6024,1559.0,0.6035,300.0,0.6036,1058.0
1753533752383,12:42:32.383,AVA/USDT:USDT,0.6025,641.0,0.6024,1559.0,0.6035,300.0,0.6036,1058.0
1753533754207,12:42:34.207,AVA/USDT:USDT,0.6025,641.0,0.6024,1559.0,0.6035,300.0,0.6036,1058.0
1753533754219,12:42:34.219,AVA/USDT:USDT,0.6025,641.0,0.6024,1559.0,0.6035,300.0,0.6036,1058.0
1753533756542,12:42:36.542,AVA/USDT:USDT,0.6025,641.0,0.6024,1559.0,0.6035,300.0,0.6036,1058.0
1753533759457,12:42:39.457,AVA/USDT:USDT,0.6025,641.0,0.6024,1559.0,0.6035,717.0,0.6036,1058.0
1753533760582,12:42:40.582,AVA/USDT:USDT,0.6025,641.0,0.6024,1559.0,0.6035,717.0,0.6036,1058.0
1753533791831,12:43:11.831,AVA/USDT:USDT,0.6025,641.0,0.6024,1559.0,0.6035,717.0,0.6036,1058.0
1753533794239,12:43:14.239,AVA/USDT:USDT,0.6025,641.0,0.6024,1559.0,0.6035,717.0,0.6036,1058.0
1753533854361,12:44:14.361,AVA/USDT:USDT,0.6025,641.0,0.6024,1559.0,0.6035,717.0,0.6036,1058.0
1753533854485,12:44:14.485,AVA/USDT:USDT,0.6025,641.0,0.6024,1559.0,0.6035,717.0,0.6036,1058.0
1753533854605,12:44:14.605,AVA/USDT:USDT,0.6025,641.0,0.6024,1559.0,0.6035,717.0,0.6036,1058.0
1753533856732,12:44:16.732,AVA/USDT:USDT,0.6025,641.0,0.6024,1559.0,0.6035,717.0,0.6036,718.0
1753533868237,12:44:28.237,AVA/USDT:USDT,0.6025,641.0,0.6024,1559.0,0.6035,717.0,0.6036,718.0
1753533874455,12:44:34.455,AVA/USDT:USDT,0.6025,641.0,0.6024,1559.0,0.6035,717.0,0.6036,718.0
1753533881523,12:44:41.523,AVA/USDT:USDT,0.6025,641.0,0.6024,1559.0,0.6035,717.0,0.6036,718.0
1753533882164,12:44:42.164,AVA/USDT:USDT,0.6025,641.0,0.6024,1559.0,0.6035,717.0,0.6036,718.0
1753533890876,12:44:50.876,AVA/USDT:USDT,0.6025,641.0,0.6024,1559.0,0.6035,717.0,0.6036,718.0
1753533895893,12:44:55.893,AVA/USDT:USDT,0.6025,641.0,0.6024,1559.0,0.6035,717.0,0.6036,718.0
1753533909994,12:45:09.994,AVA/USDT:USDT,0.6025,300.0,0.6024,300.0,0.6033,300.0,0.6034,727.0
1753533910052,12:45:10.052,AVA/USDT:USDT,0.6025,300.0,0.6024,300.0,0.6033,727.0,0.6034,727.0
1753533910129,12:45:10.129,AVA/USDT:USDT,0.6025,300.0,0.6024,300.0,0.6033,727.0,0.6034,727.0
1753533910392,12:45:10.392,AVA/USDT:USDT,0.6024,300.0,0.6023,716.0,0.6033,727.0,0.6034,727.0
1753533910424,12:45:10.424,AVA/USDT:USDT,0.6024,300.0,0.6023,716.0,0.6033,727.0,0.6034,727.0
1753533910909,12:45:10.909,AVA/USDT:USDT,0.6024,300.0,0.6023,716.0,0.6033,727.0,0.6034,727.0
1753533910911,12:45:10.911,AVA/USDT:USDT,0.6024,300.0,0.6023,716.0,0.6033,727.0,0.6034,727.0
1753533911557,12:45:11.557,AVA/USDT:USDT,0.6024,300.0,0.6023,716.0,0.6033,727.0,0.6034,727.0
1753533911813,12:45:11.813,AVA/USDT:USDT,0.6024,300.0,0.6023,716.0,0.6033,727.0,0.6034,727.0
1753533915206,12:45:15.206,AVA/USDT:USDT,0.6024,383.0,0.6023,716.0,0.6033,727.0,0.6034,727.0
1753533915224,12:45:15.224,AVA/USDT:USDT,0.6024,383.0,0.6023,716.0,0.6033,727.0,0.6034,727.0
1753533919608,12:45:19.608,AVA/USDT:USDT,0.6025,345.0,0.6024,300.0,0.6033,727.0,0.6034,727.0
1753533919944,12:45:19.944,AVA/USDT:USDT,0.6025,428.0,0.6024,300.0,0.6033,727.0,0.6034,727.0
1753533920159,12:45:20.159,AVA/USDT:USDT,0.6025,428.0,0.6024,730.0,0.6033,727.0,0.6034,727.0
1753533920757,12:45:20.757,AVA/USDT:USDT,0.6025,428.0,0.6024,730.0,0.6033,727.0,0.6034,727.0
1753533921611,12:45:21.611,AVA/USDT:USDT,0.6025,345.0,0.6024,730.0,0.6033,727.0,0.6034,727.0
1753533923096,12:45:23.096,AVA/USDT:USDT,0.6025,428.0,0.6024,730.0,0.6033,727.0,0.6034,727.0
1753533926994,12:45:26.994,AVA/USDT:USDT,0.6025,345.0,0.6024,730.0,0.6033,727.0,0.6034,727.0
1753533931277,12:45:31.277,AVA/USDT:USDT,0.6025,428.0,0.6024,730.0,0.6033,727.0,0.6034,727.0
1753533934007,12:45:34.007,AVA/USDT:USDT,0.6025,428.0,0.6024,1567.0,0.6033,727.0,0.6034,727.0
1753533934012,12:45:34.012,AVA/USDT:USDT,0.6025,898.0,0.6024,1567.0,0.6033,727.0,0.6034,727.0
1753533934193,12:45:34.193,AVA/USDT:USDT,0.6025,898.0,0.6024,1567.0,0.6033,727.0,0.6034,727.0
1753533939852,12:45:39.852,AVA/USDT:USDT,0.6025,853.0,0.6024,1567.0,0.6033,727.0,0.6034,727.0
1753533947800,12:45:47.800,AVA/USDT:USDT,0.6025,770.0,0.6024,1567.0,0.6033,727.0,0.6034,727.0
1753533947848,12:45:47.848,AVA/USDT:USDT,0.6025,853.0,0.6024,1567.0,0.6033,727.0,0.6034,727.0
1753533947990,12:45:47.990,AVA/USDT:USDT,0.6025,853.0,0.6024,1567.0,0.6033,727.0,0.6034,727.0
1753533950096,12:45:50.096,AVA/USDT:USDT,0.6026,415.0,0.6025,853.0,0.6033,300.0,0.6034,300.0
1753533950498,12:45:50.498,AVA/USDT:USDT,0.6026,415.0,0.6025,853.0,0.6033,300.0,0.6034,300.0
1753533950922,12:45:50.922,AVA/USDT:USDT,0.6026,415.0,0.6025,770.0,0.6034,300.0,0.6035,300.0
1753533951742,12:45:51.742,AVA/USDT:USDT,0.6026,415.0,0.6025,770.0,0.6034,300.0,0.6035,300.0
1753533952156,12:45:52.156,AVA/USDT:USDT,0.6026,415.0,0.6025,770.0,0.6034,300.0,0.6035,300.0
1753533952894,12:45:52.894,AVA/USDT:USDT,0.6026,415.0,0.6025,770.0,0.6035,300.0,0.6036,718.0
1753533953807,12:45:53.807,AVA/USDT:USDT,0.6026,415.0,0.6025,770.0,0.6035,300.0,0.6036,718.0
1753533957110,12:45:57.110,AVA/USDT:USDT,0.6026,498.0,0.6025,770.0,0.6035,300.0,0.6036,718.0
1753533963164,12:46:03.164,AVA/USDT:USDT,0.6026,415.0,0.6025,770.0,0.6035,300.0,0.6036,718.0
1753533966687,12:46:06.687,AVA/USDT:USDT,0.6026,498.0,0.6025,770.0,0.6035,300.0,0.6036,718.0
1753533971649,12:46:11.649,AVA/USDT:USDT,0.6026,498.0,0.6025,770.0,0.6035,300.0,0.6036,718.0
1753533976431,12:46:16.431,AVA/USDT:USDT,0.6026,415.0,0.6025,770.0,0.6035,300.0,0.6036,718.0
1753533995874,12:46:35.874,AVA/USDT:USDT,0.6026,415.0,0.6025,770.0,0.6035,300.0,0.6036,718.0
1753534001072,12:46:41.072,AVA/USDT:USDT,0.6027,412.0,0.6026,912.0,0.6035,300.0,0.6036,718.0
1753534001193,12:46:41.193,AVA/USDT:USDT,0.6027,412.0,0.6026,995.0,0.6035,300.0,0.6036,718.0
1753534001245,12:46:41.245,AVA/USDT:USDT,0.6027,412.0,0.6026,995.0,0.6035,300.0,0.6036,718.0
1753534001341,12:46:41.341,AVA/USDT:USDT,0.6027,412.0,0.6026,995.0,0.6035,300.0,0.6036,718.0
1753534001678,12:46:41.678,AVA/USDT:USDT,0.6027,412.0,0.6026,995.0,0.6035,300.0,0.6036,718.0
1753534001772,12:46:41.772,AVA/USDT:USDT,0.6027,412.0,0.6026,995.0,0.6035,300.0,0.6036,718.0
1753534002209,12:46:42.209,AVA/USDT:USDT,0.6027,412.0,0.6026,995.0,0.6035,300.0,0.6036,718.0
1753534002210,12:46:42.210,AVA/USDT:USDT,0.6027,412.0,0.6026,995.0,0.6035,300.0,0.6036,718.0
1753534002629,12:46:42.629,AVA/USDT:USDT,0.6027,412.0,0.6026,995.0,0.6035,300.0,0.6036,718.0
1753534003353,12:46:43.353,AVA/USDT:USDT,0.6027,412.0,0.6026,912.0,0.6035,300.0,0.6036,718.0
1753534004173,12:46:44.173,AVA/USDT:USDT,0.6027,412.0,0.6026,912.0,0.6035,300.0,0.6036,718.0
1753534004418,12:46:44.418,AVA/USDT:USDT,0.6027,412.0,0.6026,912.0,0.6035,300.0,0.6036,718.0
1753534005298,12:46:45.298,AVA/USDT:USDT,0.6027,412.0,0.6026,912.0,0.6035,300.0,0.6036,718.0
1753534006298,12:46:46.298,AVA/USDT:USDT,0.6027,412.0,0.6026,912.0,0.6035,300.0,0.6036,718.0
1753534039320,12:47:19.320,AVA/USDT:USDT,0.6028,413.0,0.6027,992.0,0.6035,300.0,0.6036,718.0
1753534039679,12:47:19.679,AVA/USDT:USDT,0.6028,413.0,0.6027,992.0,0.6035,300.0,0.6036,718.0
1753534039743,12:47:19.743,AVA/USDT:USDT,0.6028,413.0,0.6027,992.0,0.6035,300.0,0.6036,718.0
1753534039908,12:47:19.908,AVA/USDT:USDT,0.6028,413.0,0.6027,992.0,0.6035,300.0,0.6036,718.0
1753534039919,12:47:19.919,AVA/USDT:USDT,0.6028,713.0,0.6027,992.0,0.6035,300.0,0.6036,718.0
1753534040109,12:47:20.109,AVA/USDT:USDT,0.6028,713.0,0.6027,992.0,0.6035,300.0,0.6036,718.0
1753534040530,12:47:20.530,AVA/USDT:USDT,0.6028,713.0,0.6027,992.0,0.6035,300.0,0.6036,718.0
1753534040946,12:47:20.946,AVA/USDT:USDT,0.6028,713.0,0.6027,992.0,0.6035,300.0,0.6036,718.0
1753534042465,12:47:22.465,AVA/USDT:USDT,0.6028,713.0,0.6027,909.0,0.6035,300.0,0.6036,718.0
1753534042799,12:47:22.799,AVA/USDT:USDT,0.6028,713.0,0.6027,909.0,0.6035,724.0,0.6036,718.0
1753534042888,12:47:22.888,AVA/USDT:USDT,0.6028,713.0,0.6027,909.0,0.6035,724.0,0.6036,718.0
1753534042969,12:47:22.969,AVA/USDT:USDT,0.6028,713.0,0.6027,412.0,0.6035,724.0,0.6036,718.0
1753534043780,12:47:23.780,AVA/USDT:USDT,0.6028,796.0,0.6027,412.0,0.6035,724.0,0.6036,718.0
1753534044165,12:47:24.165,AVA/USDT:USDT,0.6028,713.0,0.6027,412.0,0.6035,724.0,0.6036,718.0
1753534046396,12:47:26.396,AVA/USDT:USDT,0.6028,713.0,0.6026,415.0,0.6035,724.0,0.6036,718.0
1753534061772,12:47:41.772,AVA/USDT:USDT,0.6028,713.0,0.6026,415.0,0.6035,724.0,0.6036,718.0
1753534082280,12:48:02.280,AVA/USDT:USDT,0.6028,300.0,0.6026,415.0,0.6034,717.0,0.6035,724.0
1753534083729,12:48:03.729,AVA/USDT:USDT,0.6028,300.0,0.6026,415.0,0.6034,717.0,0.6035,724.0
1753534091254,12:48:11.254,AVA/USDT:USDT,0.6028,300.0,0.6026,415.0,0.6033,711.0,0.6034,717.0
1753534091518,12:48:11.518,AVA/USDT:USDT,0.6028,300.0,0.6026,415.0,0.6033,711.0,0.6034,717.0
1753534091803,12:48:11.803,AVA/USDT:USDT,0.6028,300.0,0.6026,415.0,0.6033,711.0,0.6034,717.0
1753534099816,12:48:19.816,AVA/USDT:USDT,0.6028,300.0,0.6025,770.0,0.6032,411.0,0.6033,711.0
1753534100485,12:48:20.485,AVA/USDT:USDT,0.6028,300.0,0.6025,770.0,0.6032,411.0,0.6033,711.0
1753534105584,12:48:25.584,AVA/USDT:USDT,0.6028,300.0,0.6025,1199.0,0.6032,411.0,0.6033,711.0
1753534106757,12:48:26.757,AVA/USDT:USDT,0.6028,300.0,0.6026,429.0,0.6032,411.0,0.6033,711.0
1753534107693,12:48:27.693,AVA/USDT:USDT,0.6028,300.0,0.6026,429.0,0.6033,711.0,0.6034,717.0
1753534107768,12:48:27.768,AVA/USDT:USDT,0.6028,300.0,0.6026,429.0,0.6033,300.0,0.6034,717.0
1753534108596,12:48:28.596,AVA/USDT:USDT,0.6028,300.0,0.6026,429.0,0.6033,300.0,0.6034,717.0
1753534118250,12:48:38.250,AVA/USDT:USDT,0.6028,300.0,0.6026,429.0,0.6033,728.0,0.6034,717.0
1753534119129,12:48:39.129,AVA/USDT:USDT,0.6028,300.0,0.6025,1199.0,0.6032,428.0,0.6033,728.0
1753534119663,12:48:39.663,AVA/USDT:USDT,0.6028,300.0,0.6025,1199.0,0.6032,428.0,0.6033,728.0
1753534125502,12:48:45.502,AVA/USDT:USDT,0.6028,300.0,0.6026,425.0,0.6032,428.0,0.6033,728.0
1753534126567,12:48:46.567,AVA/USDT:USDT,0.6028,300.0,0.6026,425.0,0.6032,428.0,0.6033,728.0
1753534136783,12:48:56.783,AVA/USDT:USDT,0.6028,300.0,0.6025,1199.0,0.6032,428.0,0.6033,728.0
1753534137561,12:48:57.561,AVA/USDT:USDT,0.6028,300.0,0.6025,1199.0,0.6032,428.0,0.6033,728.0
1753534144190,12:49:04.190,AVA/USDT:USDT,0.6028,300.0,0.6026,412.0,0.6032,428.0,0.6033,728.0
1753534144561,12:49:04.561,AVA/USDT:USDT,0.6028,300.0,0.6026,412.0,0.6032,428.0,0.6033,728.0
1753534150389,12:49:10.389,AVA/USDT:USDT,0.6028,300.0,0.6026,412.0,0.6032,428.0,0.6033,728.0
1753534154752,12:49:14.752,AVA/USDT:USDT,0.6028,300.0,0.6026,412.0,0.6033,300.0,0.6034,717.0
1753534154816,12:49:14.816,AVA/USDT:USDT,0.6028,300.0,0.6026,412.0,0.6033,300.0,0.6034,717.0
1753534155161,12:49:15.161,AVA/USDT:USDT,0.6028,300.0,0.6026,412.0,0.6033,300.0,0.6034,717.0
1753534156025,12:49:16.025,AVA/USDT:USDT,0.6028,300.0,0.6026,412.0,0.6033,300.0,0.6034,717.0
1753534156442,12:49:16.442,AVA/USDT:USDT,0.6028,300.0,0.6026,412.0,0.6033,300.0,0.6034,717.0
1753534159276,12:49:19.276,AVA/USDT:USDT,0.6028,300.0,0.6026,412.0,0.6033,300.0,0.6034,717.0
1753534159546,12:49:19.546,AVA/USDT:USDT,0.6028,727.0,0.6026,412.0,0.6033,300.0,0.6034,717.0
1753534183992,12:49:43.992,AVA/USDT:USDT,0.6029,425.0,0.6028,727.0,0.6033,300.0,0.6034,300.0
1753534184100,12:49:44.100,AVA/USDT:USDT,0.6029,425.0,0.6028,727.0,0.6033,300.0,0.6034,300.0
1753534184294,12:49:44.294,AVA/USDT:USDT,0.6029,300.0,0.6028,427.0,0.6034,300.0,0.6035,724.0
1753534184458,12:49:44.458,AVA/USDT:USDT,0.6029,300.0,0.6028,427.0,0.6034,300.0,0.6035,724.0
1753534184537,12:49:44.537,AVA/USDT:USDT,0.6029,300.0,0.6026,412.0,0.6034,300.0,0.6035,724.0
1753534184682,12:49:44.682,AVA/USDT:USDT,0.6029,725.0,0.6026,412.0,0.6034,300.0,0.6035,724.0
1753534184729,12:49:44.729,AVA/USDT:USDT,0.6029,725.0,0.6026,412.0,0.6034,300.0,0.6035,724.0
1753534188506,12:49:48.506,AVA/USDT:USDT,0.6029,725.0,0.6026,412.0,0.6034,300.0,0.6035,724.0
1753534188846,12:49:48.846,AVA/USDT:USDT,0.6029,725.0,0.6026,412.0,0.6034,300.0,0.6035,724.0
1753534205196,12:50:05.196,AVA/USDT:USDT,0.603,424.0,0.6029,725.0,0.6035,724.0,0.6036,300.0
1753534205298,12:50:05.298,AVA/USDT:USDT,0.603,424.0,0.6029,725.0,0.6037,300.0,0.6038,722.0
1753534205387,12:50:05.387,AVA/USDT:USDT,0.603,424.0,0.6029,725.0,0.6035,1141.0,0.6037,300.0
1753534205495,12:50:05.495,AVA/USDT:USDT,0.6031,424.0,0.603,507.0,0.6035,1141.0,0.6037,300.0
1753534205581,12:50:05.581,AVA/USDT:USDT,0.6031,424.0,0.603,507.0,0.6035,1141.0,0.6037,300.0
1753534205651,12:50:05.651,AVA/USDT:USDT,0.6031,424.0,0.603,507.0,0.6035,1141.0,0.6037,300.0
1753534205907,12:50:05.907,AVA/USDT:USDT,0.6031,424.0,0.603,507.0,0.6035,1141.0,0.6037,300.0
1753534206107,12:50:06.107,AVA/USDT:USDT,0.6032,300.0,0.6031,724.0,0.6035,1141.0,0.6037,300.0
1753534206308,12:50:06.308,AVA/USDT:USDT,0.6032,300.0,0.6031,724.0,0.6035,1141.0,0.6037,300.0
1753534206358,12:50:06.358,AVA/USDT:USDT,0.6032,300.0,0.6031,724.0,0.6035,1141.0,0.6037,300.0
1753534206634,12:50:06.634,AVA/USDT:USDT,0.6032,724.0,0.6031,724.0,0.6035,1141.0,0.6037,300.0
1753534206771,12:50:06.771,AVA/USDT:USDT,0.6032,724.0,0.6031,724.0,0.6035,1141.0,0.6037,300.0
1753534207035,12:50:07.035,AVA/USDT:USDT,0.6032,724.0,0.6031,724.0,0.6035,1141.0,0.6037,300.0
1753534207203,12:50:07.203,AVA/USDT:USDT,0.6032,724.0,0.6031,724.0,0.6035,1141.0,0.6037,300.0
1753534207323,12:50:07.323,AVA/USDT:USDT,0.6032,724.0,0.6031,724.0,0.6037,300.0,0.6038,722.0
1753534208083,12:50:08.083,AVA/USDT:USDT,0.6032,724.0,0.6031,724.0,0.6037,300.0,0.6038,722.0
1753534208477,12:50:08.477,AVA/USDT:USDT,0.6032,724.0,0.6031,724.0,0.6037,300.0,0.6038,722.0
1753534208755,12:50:08.755,AVA/USDT:USDT,0.6032,724.0,0.6031,724.0,0.6037,300.0,0.6038,722.0
1753534209002,12:50:09.002,AVA/USDT:USDT,0.6032,724.0,0.6031,424.0,0.6037,300.0,0.6038,722.0
1753534211742,12:50:11.742,AVA/USDT:USDT,0.6032,724.0,0.6031,424.0,0.6037,719.0,0.6038,722.0
1753534212146,12:50:12.146,AVA/USDT:USDT,0.6032,724.0,0.6029,425.0,0.6037,719.0,0.6038,722.0
1753534213066,12:50:13.066,AVA/USDT:USDT,0.6032,724.0,0.6029,425.0,0.6037,719.0,0.6038,722.0
1753534213482,12:50:13.482,AVA/USDT:USDT,0.6032,724.0,0.6029,425.0,0.6037,719.0,0.6038,722.0
1753534216046,12:50:16.046,AVA/USDT:USDT,0.6032,724.0,0.6029,425.0,0.6037,719.0,0.6038,722.0
1753534216766,12:50:16.766,AVA/USDT:USDT,0.6032,300.0,0.6029,425.0,0.6037,719.0,0.6038,722.0
1753534216924,12:50:16.924,AVA/USDT:USDT,0.6032,300.0,0.6029,425.0,0.6037,719.0,0.6038,722.0
1753534219648,12:50:19.648,AVA/USDT:USDT,0.6029,425.0,0.6027,300.0,0.6037,719.0,0.6038,722.0
1753534219891,12:50:19.891,AVA/USDT:USDT,0.6029,725.0,0.6027,300.0,0.6037,719.0,0.6038,722.0
1753534219950,12:50:19.950,AVA/USDT:USDT,0.6029,725.0,0.6027,726.0,0.6037,719.0,0.6038,722.0
1753534220012,12:50:20.012,AVA/USDT:USDT,0.6029,725.0,0.6027,726.0,0.6037,719.0,0.6038,722.0
1753534220868,12:50:20.868,AVA/USDT:USDT,0.6029,725.0,0.6027,726.0,0.6037,719.0,0.6038,722.0
1753534224189,12:50:24.189,AVA/USDT:USDT,0.6029,725.0,0.6027,726.0,0.6037,719.0,0.6038,722.0
1753534224838,12:50:24.838,AVA/USDT:USDT,0.603,300.0,0.6029,425.0,0.6037,719.0,0.6038,722.0
1753534225748,12:50:25.748,AVA/USDT:USDT,0.603,300.0,0.6029,425.0,0.6037,719.0,0.6038,722.0
1753534227774,12:50:27.774,AVA/USDT:USDT,0.603,300.0,0.6029,425.0,0.6037,719.0,0.6038,722.0
1753534227976,12:50:27.976,AVA/USDT:USDT,0.603,300.0,0.6029,425.0,0.6037,719.0,0.6038,722.0
1753534242083,12:50:42.083,AVA/USDT:USDT,0.6031,713.0,0.603,300.0,0.6037,719.0,0.6038,722.0
1753534242110,12:50:42.110,AVA/USDT:USDT,0.6031,713.0,0.603,300.0,0.6037,719.0,0.6038,722.0
1753534242323,12:50:42.323,AVA/USDT:USDT,0.6031,713.0,0.603,300.0,0.6037,719.0,0.6038,722.0
1753534243154,12:50:43.154,AVA/USDT:USDT,0.6031,713.0,0.603,300.0,0.6037,719.0,0.6038,722.0
1753534243623,12:50:43.623,AVA/USDT:USDT,0.6031,713.0,0.603,300.0,0.6037,719.0,0.6038,722.0
1753534245600,12:50:45.600,AVA/USDT:USDT,0.6031,713.0,0.603,300.0,0.6037,719.0,0.6038,722.0
1753534247567,12:50:47.567,AVA/USDT:USDT,0.6031,413.0,0.603,300.0,0.6037,719.0,0.6038,722.0
1753534247956,12:50:47.956,AVA/USDT:USDT,0.603,300.0,0.6029,425.0,0.6037,719.0,0.6038,722.0
1753534248015,12:50:48.015,AVA/USDT:USDT,0.603,300.0,0.6029,425.0,0.6037,719.0,0.6038,722.0
1753534249244,12:50:49.244,AVA/USDT:USDT,0.603,300.0,0.6029,425.0,0.6037,719.0,0.6038,722.0
1753534249661,12:50:49.661,AVA/USDT:USDT,0.603,300.0,0.6029,425.0,0.6037,719.0,0.6038,722.0
1753534262288,12:51:02.288,AVA/USDT:USDT,0.603,300.0,0.6029,425.0,0.6037,719.0,0.6038,722.0
1753534263244,12:51:03.244,AVA/USDT:USDT,0.603,300.0,0.6029,425.0,0.6037,719.0,0.6038,722.0
1753534265294,12:51:05.294,AVA/USDT:USDT,0.603,300.0,0.6029,425.0,0.6036,717.0,0.6037,719.0
1753534266192,12:51:06.192,AVA/USDT:USDT,0.603,300.0,0.6029,425.0,0.6036,717.0,0.6037,719.0
1753534266396,12:51:06.396,AVA/USDT:USDT,0.603,300.0,0.6029,425.0,0.6036,717.0,0.6037,719.0
1753534267296,12:51:07.296,AVA/USDT:USDT,0.603,300.0,0.6029,425.0,0.6035,417.0,0.6036,717.0
1753534268233,12:51:08.233,AVA/USDT:USDT,0.603,300.0,0.6029,425.0,0.6035,417.0,0.6036,717.0
1753534278605,12:51:18.605,AVA/USDT:USDT,0.603,300.0,0.6029,425.0,0.6035,417.0,0.6036,717.0
1753534278700,12:51:18.700,AVA/USDT:USDT,0.603,300.0,0.6029,425.0,0.6035,417.0,0.6036,717.0
1753534280799,12:51:20.799,AVA/USDT:USDT,0.603,300.0,0.6029,425.0,0.6035,417.0,0.6036,717.0
1753534280877,12:51:20.877,AVA/USDT:USDT,0.603,300.0,0.6029,425.0,0.6035,417.0,0.6036,717.0
1753534282436,12:51:22.436,AVA/USDT:USDT,0.603,300.0,0.6029,425.0,0.6035,417.0,0.6036,717.0
1753534283458,12:51:23.458,AVA/USDT:USDT,0.603,300.0,0.6029,425.0,0.6035,417.0,0.6036,717.0
1753534289470,12:51:29.470,AVA/USDT:USDT,0.603,300.0,0.6029,425.0,0.6035,417.0,0.6036,717.0
1753534298005,12:51:38.005,AVA/USDT:USDT,0.603,300.0,0.6029,425.0,0.6035,417.0,0.6036,717.0
1753534358047,12:52:38.047,AVA/USDT:USDT,0.603,300.0,0.6029,425.0,0.6035,417.0,0.6036,717.0
1753534358184,12:52:38.184,AVA/USDT:USDT,0.603,300.0,0.6029,425.0,0.6035,417.0,0.6036,717.0
1753534358295,12:52:38.295,AVA/USDT:USDT,0.603,300.0,0.6029,425.0,0.6035,417.0,0.6036,717.0
1753534372535,12:52:52.535,AVA/USDT:USDT,0.603,300.0,0.6029,425.0,0.6035,417.0,0.6036,717.0
1753534378964,12:52:58.964,AVA/USDT:USDT,0.603,300.0,0.6029,425.0,0.6035,417.0,0.6036,717.0
1753534381687,12:53:01.687,AVA/USDT:USDT,0.603,300.0,0.6029,425.0,0.6035,417.0,0.6036,717.0
1753534382907,12:53:02.907,AVA/USDT:USDT,0.603,300.0,0.6029,425.0,0.6035,417.0,0.6036,717.0
1753534386575,12:53:06.575,AVA/USDT:USDT,0.603,300.0,0.6029,425.0,0.6035,417.0,0.6036,717.0
1753534389311,12:53:09.311,AVA/USDT:USDT,0.603,709.0,0.6029,425.0,0.6035,417.0,0.6036,717.0
1753534395903,12:53:15.903,AVA/USDT:USDT,0.603,709.0,0.6029,425.0,0.6035,417.0,0.6036,717.0
1753534401295,12:53:21.295,AVA/USDT:USDT,0.603,709.0,0.6029,425.0,0.6035,417.0,0.6036,717.0
1753534411463,12:53:31.463,AVA/USDT:USDT,0.6027,726.0,0.6026,712.0,0.6035,417.0,0.6036,717.0
1753534411550,12:53:31.550,AVA/USDT:USDT,0.6028,724.0,0.6027,726.0,0.6035,417.0,0.6036,717.0
1753534422158,12:53:42.158,AVA/USDT:USDT,0.6028,300.0,0.6027,726.0,0.6035,417.0,0.6036,717.0
1753534422258,12:53:42.258,AVA/USDT:USDT,0.6028,300.0,0.6027,726.0,0.6035,417.0,0.6036,717.0
1753534422606,12:53:42.606,AVA/USDT:USDT,0.6028,300.0,0.6027,726.0,0.6035,417.0,0.6036,717.0
1753534422613,12:53:42.613,AVA/USDT:USDT,0.6028,300.0,0.6027,726.0,0.6035,417.0,0.6036,717.0
1753534423594,12:53:43.594,AVA/USDT:USDT,0.6028,300.0,0.6027,726.0,0.6035,417.0,0.6036,717.0
1753534423615,12:53:43.615,AVA/USDT:USDT,0.6028,300.0,0.6027,726.0,0.6035,417.0,0.6036,717.0
1753534424595,12:53:44.595,AVA/USDT:USDT,0.6028,300.0,0.6027,726.0,0.6035,417.0,0.6036,717.0
1753534430952,12:53:50.952,AVA/USDT:USDT,0.6028,300.0,0.6027,726.0,0.6035,417.0,0.6036,717.0
1753534432264,12:53:52.264,AVA/USDT:USDT,0.6024,430.0,0.6022,725.0,0.6033,417.0,0.6034,914.0
1753534432499,12:53:52.499,AVA/USDT:USDT,0.6024,430.0,0.6022,725.0,0.6032,417.0,0.6033,717.0
1753534432512,12:53:52.512,AVA/USDT:USDT,0.6024,430.0,0.6022,725.0,0.6032,417.0,0.6033,717.0
1753534432725,12:53:52.725,AVA/USDT:USDT,0.6024,430.0,0.6022,725.0,0.6032,417.0,0.6033,717.0
1753534433485,12:53:53.485,AVA/USDT:USDT,0.6024,430.0,0.6022,725.0,0.6031,417.0,0.6032,717.0
1753534433559,12:53:53.559,AVA/USDT:USDT,0.6024,430.0,0.6022,725.0,0.6031,417.0,0.6032,717.0
1753534434402,12:53:54.402,AVA/USDT:USDT,0.6024,430.0,0.6022,725.0,0.603,417.0,0.6031,1558.0
1753534434479,12:53:54.479,AVA/USDT:USDT,0.6024,430.0,0.6022,725.0,0.6029,300.0,0.603,717.0
1753534434794,12:53:54.794,AVA/USDT:USDT,0.6024,430.0,0.6022,725.0,0.6029,300.0,0.603,717.0
1753534435218,12:53:55.218,AVA/USDT:USDT,0.6024,430.0,0.6022,725.0,0.6029,300.0,0.603,717.0
1753534435450,12:53:55.450,AVA/USDT:USDT,0.6024,430.0,0.6022,725.0,0.6029,300.0,0.603,717.0
1753534435634,12:53:55.634,AVA/USDT:USDT,0.6024,430.0,0.6022,725.0,0.6029,300.0,0.603,717.0
1753534436383,12:53:56.383,AVA/USDT:USDT,0.6024,430.0,0.6022,725.0,0.6029,300.0,0.603,717.0
1753534438883,12:53:58.883,AVA/USDT:USDT,0.6024,430.0,0.6022,725.0,0.6029,300.0,0.603,717.0
1753534439405,12:53:59.405,AVA/USDT:USDT,0.6024,430.0,0.6022,725.0,0.6029,300.0,0.603,717.0
1753534439416,12:53:59.416,AVA/USDT:USDT,0.6024,430.0,0.6022,725.0,0.6029,300.0,0.603,717.0
1753534442993,12:54:02.993,AVA/USDT:USDT,0.6024,430.0,0.6022,725.0,0.6029,300.0,0.603,717.0
1753534443027,12:54:03.027,AVA/USDT:USDT,0.6024,430.0,0.6022,725.0,0.6029,300.0,0.603,717.0
1753534443128,12:54:03.128,AVA/USDT:USDT,0.6024,430.0,0.6022,725.0,0.6029,728.0,0.603,717.0
1753534446138,12:54:06.138,AVA/USDT:USDT,0.6023,428.0,0.6022,725.0,0.6028,428.0,0.6029,728.0
1753534446277,12:54:06.277,AVA/USDT:USDT,0.6023,428.0,0.6022,725.0,0.6028,428.0,0.6029,728.0
1753534446404,12:54:06.404,AVA/USDT:USDT,0.6023,428.0,0.6022,725.0,0.6028,428.0,0.6029,728.0
1753534446476,12:54:06.476,AVA/USDT:USDT,0.6023,428.0,0.6022,725.0,0.6028,428.0,0.6029,728.0
1753534446596,12:54:06.596,AVA/USDT:USDT,0.6023,428.0,0.6022,725.0,0.6028,428.0,0.6029,728.0
1753534449834,12:54:09.834,AVA/USDT:USDT,0.6023,428.0,0.6022,725.0,0.6028,428.0,0.6029,728.0
1753534450357,12:54:10.357,AVA/USDT:USDT,0.6022,725.0,0.6021,725.0,0.6028,428.0,0.6029,728.0
1753534450671,12:54:10.671,AVA/USDT:USDT,0.6022,725.0,0.6021,725.0,0.6028,428.0,0.6029,728.0
1753534468894,12:54:28.894,AVA/USDT:USDT,0.6023,415.0,0.6022,725.0,0.6028,428.0,0.6029,728.0
1753534468912,12:54:28.912,AVA/USDT:USDT,0.6023,415.0,0.6022,725.0,0.6028,428.0,0.6029,728.0
1753534469767,12:54:29.767,AVA/USDT:USDT,0.6023,415.0,0.6022,725.0,0.6028,428.0,0.6029,728.0
1753534474028,12:54:34.028,AVA/USDT:USDT,0.6023,715.0,0.6022,725.0,0.6028,428.0,0.6029,728.0
1753534489699,12:54:49.699,AVA/USDT:USDT,0.6023,715.0,0.6022,725.0,0.6029,300.0,0.603,717.0
1753534489728,12:54:49.728,AVA/USDT:USDT,0.6024,719.0,0.6023,715.0,0.6029,300.0,0.603,717.0
1753534489840,12:54:49.840,AVA/USDT:USDT,0.6025,300.0,0.6024,719.0,0.6029,300.0,0.603,717.0
1753534489994,12:54:49.994,AVA/USDT:USDT,0.6025,300.0,0.6024,719.0,0.6029,300.0,0.603,717.0
1753534490367,12:54:50.367,AVA/USDT:USDT,0.6025,300.0,0.6024,719.0,0.6029,300.0,0.603,717.0
1753534501385,12:55:01.385,AVA/USDT:USDT,0.6025,300.0,0.6024,719.0,0.6029,720.0,0.603,717.0
1753534501799,12:55:01.799,AVA/USDT:USDT,0.6025,300.0,0.6024,719.0,0.6029,720.0,0.603,717.0
1753534524475,12:55:24.475,AVA/USDT:USDT,0.6025,300.0,0.6024,300.0,0.6029,720.0,0.603,717.0
1753534525442,12:55:25.442,AVA/USDT:USDT,0.6024,300.0,0.6023,300.0,0.6029,720.0,0.603,717.0
1753534525772,12:55:25.772,AVA/USDT:USDT,0.6024,300.0,0.6023,300.0,0.6029,720.0,0.603,717.0
1753534526187,12:55:26.187,AVA/USDT:USDT,0.6024,300.0,0.6023,300.0,0.6029,720.0,0.603,717.0
1753534526424,12:55:26.424,AVA/USDT:USDT,0.6023,300.0,0.6022,725.0,0.6029,720.0,0.603,717.0
1753534531823,12:55:31.823,AVA/USDT:USDT,0.6023,300.0,0.6022,725.0,0.6028,729.0,0.6029,720.0
1753534532683,12:55:32.683,AVA/USDT:USDT,0.6023,300.0,0.6022,725.0,0.6028,729.0,0.6029,720.0
1753534588097,12:56:28.097,AVA/USDT:USDT,0.6023,300.0,0.6022,300.0,0.6028,729.0,0.6029,720.0
1753534588382,12:56:28.382,AVA/USDT:USDT,0.6023,300.0,0.6022,300.0,0.6027,412.0,0.6028,729.0
1753534588472,12:56:28.472,AVA/USDT:USDT,0.6022,300.0,0.6021,300.0,0.6027,412.0,0.6028,729.0
1753534588783,12:56:28.783,AVA/USDT:USDT,0.6021,300.0,0.602,300.0,0.6026,412.0,0.6027,712.0
1753534589080,12:56:29.080,AVA/USDT:USDT,0.6021,300.0,0.602,300.0,0.6026,412.0,0.6027,712.0
1753534589753,12:56:29.753,AVA/USDT:USDT,0.602,300.0,0.6019,429.0,0.6026,712.0,0.6027,712.0
1753534590289,12:56:30.289,AVA/USDT:USDT,0.602,300.0,0.6019,429.0,0.6026,712.0,0.6027,712.0
1753534592609,12:56:32.609,AVA/USDT:USDT,0.602,300.0,0.6017,428.0,0.6025,410.0,0.6026,712.0
1753534592612,12:56:32.612,AVA/USDT:USDT,0.602,300.0,0.6017,428.0,0.6025,410.0,0.6026,712.0
1753534592792,12:56:32.792,AVA/USDT:USDT,0.602,300.0,0.6017,428.0,0.6025,410.0,0.6026,712.0
1753534593074,12:56:33.074,AVA/USDT:USDT,0.602,300.0,0.6017,428.0,0.6025,1551.0,0.6026,712.0
1753534593206,12:56:33.206,AVA/USDT:USDT,0.602,300.0,0.6017,428.0,0.6025,1551.0,0.6026,712.0
1753534593212,12:56:33.212,AVA/USDT:USDT,0.602,300.0,0.6017,428.0,0.6025,1551.0,0.6026,712.0
1753534600610,12:56:40.610,AVA/USDT:USDT,0.602,300.0,0.6018,300.0,0.6025,1551.0,0.6026,712.0
1753534600938,12:56:40.938,AVA/USDT:USDT,0.602,300.0,0.6018,300.0,0.6025,1551.0,0.6026,712.0
1753534601357,12:56:41.357,AVA/USDT:USDT,0.602,300.0,0.6018,300.0,0.6025,1551.0,0.6026,712.0
1753534601594,12:56:41.594,AVA/USDT:USDT,0.6018,300.0,0.6017,428.0,0.6025,1551.0,0.6026,712.0
1753534601694,12:56:41.694,AVA/USDT:USDT,0.6018,300.0,0.6017,428.0,0.6025,1551.0,0.6026,712.0
1753534601798,12:56:41.798,AVA/USDT:USDT,0.6018,300.0,0.6017,428.0,0.6025,1551.0,0.6026,712.0
1753534602104,12:56:42.104,AVA/USDT:USDT,0.6018,300.0,0.6017,428.0,0.6025,1551.0,0.6026,712.0
1753534602222,12:56:42.222,AVA/USDT:USDT,0.6018,300.0,0.6017,428.0,0.6025,1551.0,0.6026,712.0
1753534602317,12:56:42.317,AVA/USDT:USDT,0.6018,300.0,0.6017,428.0,0.6025,1551.0,0.6026,712.0
1753534603091,12:56:43.091,AVA/USDT:USDT,0.6018,727.0,0.6017,428.0,0.6025,410.0,0.6026,712.0
1753534603132,12:56:43.132,AVA/USDT:USDT,0.6019,727.0,0.6018,727.0,0.6026,712.0,0.6027,712.0
1753534603488,12:56:43.488,AVA/USDT:USDT,0.6019,727.0,0.6018,727.0,0.6026,712.0,0.6027,712.0
1753534603601,12:56:43.601,AVA/USDT:USDT,0.602,300.0,0.6019,727.0,0.6026,300.0,0.6027,712.0
1753534603959,12:56:43.959,AVA/USDT:USDT,0.602,300.0,0.6019,727.0,0.6026,300.0,0.6027,712.0
1753534604425,12:56:44.425,AVA/USDT:USDT,0.602,300.0,0.6019,727.0,0.6026,300.0,0.6027,712.0
1753534604575,12:56:44.575,AVA/USDT:USDT,0.602,300.0,0.6019,727.0,0.6026,300.0,0.6027,712.0
1753534604926,12:56:44.926,AVA/USDT:USDT,0.602,300.0,0.6019,727.0,0.6026,300.0,0.6027,712.0
1753534605412,12:56:45.412,AVA/USDT:USDT,0.602,300.0,0.6019,727.0,0.6026,300.0,0.6027,712.0
1753534618088,12:56:58.088,AVA/USDT:USDT,0.602,728.0,0.6019,727.0,0.6026,300.0,0.6027,712.0
1753534621927,12:57:01.927,AVA/USDT:USDT,0.602,811.0,0.6019,727.0,0.6026,300.0,0.6027,712.0
1753534627967,12:57:07.967,AVA/USDT:USDT,0.602,811.0,0.6019,727.0,0.6026,300.0,0.6027,712.0
1753534630055,12:57:10.055,AVA/USDT:USDT,0.602,811.0,0.6019,727.0,0.6026,300.0,0.6027,712.0
1753534635214,12:57:15.214,AVA/USDT:USDT,0.602,728.0,0.6019,727.0,0.6026,300.0,0.6027,712.0
1753534637024,12:57:17.024,AVA/USDT:USDT,0.602,811.0,0.6019,727.0,0.6026,300.0,0.6027,712.0
1753534642565,12:57:22.565,AVA/USDT:USDT,0.602,811.0,0.6019,727.0,0.6026,300.0,0.6027,712.0
1753534647751,12:57:27.751,AVA/USDT:USDT,0.602,728.0,0.6019,727.0,0.6026,300.0,0.6027,712.0
1753534649124,12:57:29.124,AVA/USDT:USDT,0.602,728.0,0.6019,727.0,0.6026,300.0,0.6027,712.0
1753534660075,12:57:40.075,AVA/USDT:USDT,0.602,728.0,0.6019,727.0,0.6026,300.0,0.6027,712.0
1753534660202,12:57:40.202,AVA/USDT:USDT,0.602,728.0,0.6019,727.0,0.6026,300.0,0.6027,712.0
1753534662027,12:57:42.027,AVA/USDT:USDT,0.602,728.0,0.6019,727.0,0.6026,300.0,0.6027,712.0
1753534680726,12:58:00.726,AVA/USDT:USDT,0.602,728.0,0.6019,727.0,0.6026,300.0,0.6027,712.0
1753534686708,12:58:06.708,AVA/USDT:USDT,0.602,728.0,0.6019,727.0,0.6026,300.0,0.6027,712.0
1753534714355,12:58:34.355,AVA/USDT:USDT,0.602,728.0,0.6019,727.0,0.6026,300.0,0.6027,712.0
1753534714452,12:58:34.452,AVA/USDT:USDT,0.602,300.0,0.6019,727.0,0.6026,723.0,0.6027,712.0
1753534714579,12:58:34.579,AVA/USDT:USDT,0.602,300.0,0.6019,727.0,0.6026,723.0,0.6027,712.0
1753534715972,12:58:35.972,AVA/USDT:USDT,0.602,300.0,0.6019,727.0,0.6026,723.0,0.6027,712.0
1753534716609,12:58:36.609,AVA/USDT:USDT,0.602,383.0,0.6019,727.0,0.6026,723.0,0.6027,712.0
1753534716615,12:58:36.615,AVA/USDT:USDT,0.602,300.0,0.6019,727.0,0.6026,723.0,0.6027,712.0
1753534717102,12:58:37.102,AVA/USDT:USDT,0.602,300.0,0.6019,727.0,0.6026,723.0,0.6027,712.0
1753534717158,12:58:37.158,AVA/USDT:USDT,0.602,383.0,0.6019,727.0,0.6026,723.0,0.6027,712.0
1753534719566,12:58:39.566,AVA/USDT:USDT,0.602,300.0,0.6019,727.0,0.6026,723.0,0.6027,712.0
1753534723409,12:58:43.409,AVA/USDT:USDT,0.602,300.0,0.6019,727.0,0.6026,723.0,0.6027,712.0
1753534723584,12:58:43.584,AVA/USDT:USDT,0.602,300.0,0.6019,727.0,0.6026,723.0,0.6027,712.0
1753534731842,12:58:51.842,AVA/USDT:USDT,0.602,300.0,0.6019,300.0,0.6025,410.0,0.6026,723.0
1753534732063,12:58:52.063,AVA/USDT:USDT,0.602,300.0,0.6019,300.0,0.6025,410.0,0.6026,723.0
1753534732127,12:58:52.127,AVA/USDT:USDT,0.6018,300.0,0.6017,428.0,0.6025,410.0,0.6026,723.0
1753534732487,12:58:52.487,AVA/USDT:USDT,0.6018,300.0,0.6017,428.0,0.6025,410.0,0.6026,723.0
1753534744601,12:59:04.601,AVA/USDT:USDT,0.6018,300.0,0.6017,428.0,0.6025,410.0,0.6026,723.0
1753534744631,12:59:04.631,AVA/USDT:USDT,0.6018,300.0,0.6017,428.0,0.6025,410.0,0.6026,723.0
1753534744736,12:59:04.736,AVA/USDT:USDT,0.6018,300.0,0.6017,428.0,0.6025,410.0,0.6026,723.0
1753534746129,12:59:06.129,AVA/USDT:USDT,0.6018,300.0,0.6017,428.0,0.6025,410.0,0.6026,723.0
1753534746670,12:59:06.670,AVA/USDT:USDT,0.6018,383.0,0.6017,428.0,0.6025,410.0,0.6026,723.0
1753534747404,12:59:07.404,AVA/USDT:USDT,0.6018,300.0,0.6017,428.0,0.6025,410.0,0.6026,723.0
1753534747505,12:59:07.505,AVA/USDT:USDT,0.6018,300.0,0.6017,428.0,0.6025,410.0,0.6026,723.0
1753534747533,12:59:07.533,AVA/USDT:USDT,0.6018,300.0,0.6017,428.0,0.6025,410.0,0.6026,723.0
1753534747643,12:59:07.643,AVA/USDT:USDT,0.6018,300.0,0.6017,428.0,0.6025,410.0,0.6026,723.0
1753534750632,12:59:10.632,AVA/USDT:USDT,0.6018,300.0,0.6017,428.0,0.6025,410.0,0.6026,723.0
1753534753637,12:59:13.637,AVA/USDT:USDT,0.6018,300.0,0.6017,428.0,0.6025,410.0,0.6026,723.0
1753534756631,12:59:16.631,AVA/USDT:USDT,0.6018,300.0,0.6017,428.0,0.6025,410.0,0.6026,723.0
1753534759633,12:59:19.633,AVA/USDT:USDT,0.6018,300.0,0.6017,428.0,0.6025,410.0,0.6026,723.0
1753534761781,12:59:21.781,AVA/USDT:USDT,0.6018,300.0,0.6017,428.0,0.6025,410.0,0.6026,723.0
1753534764782,12:59:24.782,AVA/USDT:USDT,0.6018,300.0,0.6017,428.0,0.6025,410.0,0.6026,723.0
1753534767789,12:59:27.789,AVA/USDT:USDT,0.6018,300.0,0.6017,428.0,0.6025,410.0,0.6026,723.0
1753534768292,12:59:28.292,AVA/USDT:USDT,0.602,300.0,0.6019,425.0,0.6028,429.0,0.6029,720.0
1753534768341,12:59:28.341,AVA/USDT:USDT,0.602,300.0,0.6019,425.0,0.6028,429.0,0.6029,720.0
1753534768592,12:59:28.592,AVA/USDT:USDT,0.602,300.0,0.6019,425.0,0.6028,429.0,0.6029,720.0
1753534768758,12:59:28.758,AVA/USDT:USDT,0.602,300.0,0.6019,425.0,0.6028,729.0,0.6029,720.0
1753534769011,12:59:29.011,AVA/USDT:USDT,0.602,300.0,0.6019,425.0,0.6028,729.0,0.6029,720.0
1753534769727,12:59:29.727,AVA/USDT:USDT,0.602,300.0,0.6019,425.0,0.6027,300.0,0.6028,729.0
1753534770324,12:59:30.324,AVA/USDT:USDT,0.602,300.0,0.6019,425.0,0.6027,300.0,0.6028,729.0
1753534770694,12:59:30.694,AVA/USDT:USDT,0.602,714.0,0.6019,425.0,0.6027,300.0,0.6028,729.0
1753534771352,12:59:31.352,AVA/USDT:USDT,0.602,714.0,0.6019,425.0,0.6027,300.0,0.6028,729.0
1753534771511,12:59:31.511,AVA/USDT:USDT,0.602,714.0,0.6019,425.0,0.6027,300.0,0.6028,729.0
1753534771782,12:59:31.782,AVA/USDT:USDT,0.602,714.0,0.6019,425.0,0.6027,300.0,0.6028,729.0
1753534773018,12:59:33.018,AVA/USDT:USDT,0.602,714.0,0.6019,425.0,0.6027,714.0,0.6028,729.0
1753534774780,12:59:34.780,AVA/USDT:USDT,0.602,714.0,0.6019,425.0,0.6027,714.0,0.6028,729.0
1753534777573,12:59:37.573,AVA/USDT:USDT,0.602,714.0,0.6019,425.0,0.6027,714.0,0.6028,729.0
1753534777785,12:59:37.785,AVA/USDT:USDT,0.602,714.0,0.6019,425.0,0.6027,714.0,0.6028,729.0
1753534778302,12:59:38.302,AVA/USDT:USDT,0.602,300.0,0.6019,425.0,0.6026,714.0,0.6027,714.0
1753534778434,12:59:38.434,AVA/USDT:USDT,0.602,300.0,0.6019,425.0,0.6026,714.0,0.6027,714.0
1753534780781,12:59:40.781,AVA/USDT:USDT,0.602,300.0,0.6019,425.0,0.6026,714.0,0.6027,714.0
1753534780863,12:59:40.863,AVA/USDT:USDT,0.602,300.0,0.6019,425.0,0.6026,714.0,0.6027,714.0
1753534783561,12:59:43.561,AVA/USDT:USDT,0.602,300.0,0.6019,425.0,0.6026,714.0,0.6027,714.0
1753534783782,12:59:43.782,AVA/USDT:USDT,0.602,300.0,0.6019,425.0,0.6026,714.0,0.6027,714.0
1753534786786,12:59:46.786,AVA/USDT:USDT,0.602,300.0,0.6019,425.0,0.6026,714.0,0.6027,714.0
1753534789782,12:59:49.782,AVA/USDT:USDT,0.602,300.0,0.6019,425.0,0.6026,714.0,0.6027,714.0
1753534792781,12:59:52.781,AVA/USDT:USDT,0.602,300.0,0.6019,425.0,0.6026,714.0,0.6027,714.0
1753534795793,12:59:55.793,AVA/USDT:USDT,0.602,300.0,0.6019,425.0,0.6026,714.0,0.6027,714.0
1753534798785,12:59:58.785,AVA/USDT:USDT,0.602,300.0,0.6019,425.0,0.6026,714.0,0.6027,714.0
1753534801789,13:00:01.789,AVA/USDT:USDT,0.602,300.0,0.6019,425.0,0.6026,714.0,0.6027,714.0
1753534803662,13:00:03.662,AVA/USDT:USDT,0.602,713.0,0.6019,425.0,0.6026,714.0,0.6027,714.0
1753534803863,13:00:03.863,AVA/USDT:USDT,0.602,713.0,0.6019,425.0,0.6026,714.0,0.6027,714.0
1753534804782,13:00:04.782,AVA/USDT:USDT,0.602,713.0,0.6019,425.0,0.6026,714.0,0.6027,714.0
1753534807782,13:00:07.782,AVA/USDT:USDT,0.602,713.0,0.6019,425.0,0.6026,714.0,0.6027,714.0
1753534810781,13:00:10.781,AVA/USDT:USDT,0.602,713.0,0.6019,425.0,0.6026,714.0,0.6027,714.0
1753534813788,13:00:13.788,AVA/USDT:USDT,0.602,713.0,0.6019,425.0,0.6026,714.0,0.6027,714.0
1753534816781,13:00:16.781,AVA/USDT:USDT,0.602,713.0,0.6019,425.0,0.6026,714.0,0.6027,714.0
1753534819783,13:00:19.783,AVA/USDT:USDT,0.602,713.0,0.6019,425.0,0.6026,714.0,0.6027,714.0
1753534822786,13:00:22.786,AVA/USDT:USDT,0.602,713.0,0.6019,425.0,0.6026,714.0,0.6027,714.0
1753534825783,13:00:25.783,AVA/USDT:USDT,0.602,713.0,0.6019,425.0,0.6026,714.0,0.6027,714.0
1753534828790,13:00:28.790,AVA/USDT:USDT,0.602,713.0,0.6019,425.0,0.6026,714.0,0.6027,714.0
1753534831249,13:00:31.249,AVA/USDT:USDT,0.602,300.0,0.6018,1105.0,0.6025,409.0,0.6026,414.0
1753534831395,13:00:31.395,AVA/USDT:USDT,0.602,300.0,0.6018,1105.0,0.6027,414.0,0.6028,429.0
1753534831495,13:00:31.495,AVA/USDT:USDT,0.602,709.0,0.6019,409.0,0.6029,300.0,0.603,497.0
1753534831513,13:00:31.513,AVA/USDT:USDT,0.602,709.0,0.6019,409.0,0.6029,300.0,0.603,906.0
1753534831681,13:00:31.681,AVA/USDT:USDT,0.602,709.0,0.6019,409.0,0.6027,709.0,0.6028,709.0
1753534831781,13:00:31.781,AVA/USDT:USDT,0.602,709.0,0.6019,409.0,0.6027,709.0,0.6028,709.0
1753534831892,13:00:31.892,AVA/USDT:USDT,0.602,709.0,0.6019,409.0,0.6027,709.0,0.6028,709.0
1753534832725,13:00:32.725,AVA/USDT:USDT,0.602,709.0,0.6019,409.0,0.6027,709.0,0.6028,709.0
1753534833148,13:00:33.148,AVA/USDT:USDT,0.602,709.0,0.6019,409.0,0.6027,709.0,0.6028,709.0
1753534834666,13:00:34.666,AVA/USDT:USDT,0.602,709.0,0.6019,409.0,0.6026,709.0,0.6027,709.0
1753534834782,13:00:34.782,AVA/USDT:USDT,0.602,709.0,0.6019,409.0,0.6026,709.0,0.6027,709.0
1753534835210,13:00:35.210,AVA/USDT:USDT,0.602,709.0,0.6019,409.0,0.6026,709.0,0.6027,709.0
1753534835983,13:00:35.983,AVA/USDT:USDT,0.602,709.0,0.6019,409.0,0.6026,709.0,0.6027,709.0
1753534837782,13:00:37.782,AVA/USDT:USDT,0.602,709.0,0.6019,409.0,0.6026,709.0,0.6027,709.0
1753534839689,13:00:39.689,AVA/USDT:USDT,0.602,709.0,0.6019,409.0,0.6026,709.0,0.6027,709.0
1753534840781,13:00:40.781,AVA/USDT:USDT,0.602,709.0,0.6019,409.0,0.6026,709.0,0.6027,709.0
1753534843782,13:00:43.782,AVA/USDT:USDT,0.602,709.0,0.6019,409.0,0.6026,709.0,0.6027,709.0
1753534846786,13:00:46.786,AVA/USDT:USDT,0.602,709.0,0.6019,409.0,0.6026,709.0,0.6027,709.0
1753534849782,13:00:49.782,AVA/USDT:USDT,0.602,709.0,0.6019,409.0,0.6026,709.0,0.6027,709.0
1753534852781,13:00:52.781,AVA/USDT:USDT,0.602,709.0,0.6019,409.0,0.6026,709.0,0.6027,709.0
1753534855785,13:00:55.785,AVA/USDT:USDT,0.602,709.0,0.6019,409.0,0.6026,709.0,0.6027,709.0
1753534858783,13:00:58.783,AVA/USDT:USDT,0.602,709.0,0.6019,409.0,0.6026,709.0,0.6027,709.0
1753534861782,13:01:01.782,AVA/USDT:USDT,0.602,709.0,0.6019,409.0,0.6026,709.0,0.6027,709.0
1753534864780,13:01:04.780,AVA/USDT:USDT,0.602,709.0,0.6019,409.0,0.6026,709.0,0.6027,709.0
1753534867781,13:01:07.781,AVA/USDT:USDT,0.602,709.0,0.6019,409.0,0.6026,709.0,0.6027,709.0
1753534868050,13:01:08.050,AVA/USDT:USDT,0.602,300.0,0.6019,409.0,0.6025,710.0,0.6026,709.0
1753534868614,13:01:08.614,AVA/USDT:USDT,0.602,386.0,0.6019,409.0,0.6025,710.0,0.6026,709.0
1753534869052,13:01:09.052,AVA/USDT:USDT,0.602,386.0,0.6019,409.0,0.6025,710.0,0.6026,709.0
1753534869467,13:01:09.467,AVA/USDT:USDT,0.602,386.0,0.6019,409.0,0.6025,710.0,0.6026,709.0
1753534870781,13:01:10.781,AVA/USDT:USDT,0.602,386.0,0.6019,409.0,0.6025,710.0,0.6026,709.0
1753534873781,13:01:13.781,AVA/USDT:USDT,0.602,386.0,0.6019,409.0,0.6025,710.0,0.6026,709.0
1753534874046,13:01:14.046,AVA/USDT:USDT,0.602,300.0,0.6019,409.0,0.6025,710.0,0.6026,709.0
1753534875074,13:01:15.074,AVA/USDT:USDT,0.602,383.0,0.6019,409.0,0.6025,710.0,0.6026,709.0
1753534876781,13:01:16.781,AVA/USDT:USDT,0.602,383.0,0.6019,409.0,0.6025,710.0,0.6026,709.0
1753534877609,13:01:17.609,AVA/USDT:USDT,0.602,383.0,0.6019,409.0,0.6025,710.0,0.6026,709.0
1753534877692,13:01:17.692,AVA/USDT:USDT,0.602,300.0,0.6018,725.0,0.6024,413.0,0.6025,710.0
1753534878207,13:01:18.207,AVA/USDT:USDT,0.602,300.0,0.6018,725.0,0.6024,413.0,0.6025,710.0
1753534880307,13:01:20.307,AVA/USDT:USDT,0.6018,300.0,0.6017,428.0,0.6024,413.0,0.6025,710.0
1753534880371,13:01:20.371,AVA/USDT:USDT,0.6018,300.0,0.6017,428.0,0.6024,413.0,0.6025,710.0
1753534880686,13:01:20.686,AVA/USDT:USDT,0.6018,300.0,0.6017,428.0,0.6024,413.0,0.6025,710.0
1753534881109,13:01:21.109,AVA/USDT:USDT,0.6018,300.0,0.6017,428.0,0.6024,413.0,0.6025,710.0
1753534881110,13:01:21.110,AVA/USDT:USDT,0.6018,300.0,0.6017,428.0,0.6024,413.0,0.6025,710.0
1753534882753,13:01:22.753,AVA/USDT:USDT,0.6018,300.0,0.6017,428.0,0.6024,413.0,0.6025,710.0
1753534885752,13:01:25.752,AVA/USDT:USDT,0.6018,300.0,0.6017,428.0,0.6024,413.0,0.6025,710.0
1753534888753,13:01:28.753,AVA/USDT:USDT,0.6018,300.0,0.6017,428.0,0.6024,413.0,0.6025,710.0
1753534891751,13:01:31.751,AVA/USDT:USDT,0.6018,300.0,0.6017,428.0,0.6024,413.0,0.6025,710.0
1753534894372,13:01:34.372,AVA/USDT:USDT,0.6018,300.0,0.6016,725.0,0.6022,729.0,0.6023,729.0
1753534894750,13:01:34.750,AVA/USDT:USDT,0.6018,300.0,0.6016,725.0,0.6022,729.0,0.6023,729.0
1753534895067,13:01:35.067,AVA/USDT:USDT,0.6018,300.0,0.6016,725.0,0.6022,729.0,0.6023,729.0
1753534897753,13:01:37.753,AVA/USDT:USDT,0.6018,300.0,0.6016,725.0,0.6022,729.0,0.6023,729.0
1753534899398,13:01:39.398,AVA/USDT:USDT,0.6018,300.0,0.6017,429.0,0.6022,729.0,0.6023,729.0
1753534899431,13:01:39.431,AVA/USDT:USDT,0.6018,300.0,0.6017,429.0,0.6022,729.0,0.6023,729.0
1753534899966,13:01:39.966,AVA/USDT:USDT,0.6018,300.0,0.6017,429.0,0.6022,729.0,0.6023,729.0
1753534901275,13:01:41.275,AVA/USDT:USDT,0.6018,300.0,0.6017,429.0,0.6022,300.0,0.6023,729.0
1753534901324,13:01:41.324,AVA/USDT:USDT,0.6018,300.0,0.6017,429.0,0.6022,300.0,0.6023,729.0
1753534901430,13:01:41.430,AVA/USDT:USDT,0.6018,300.0,0.6017,429.0,0.6022,300.0,0.6023,729.0
1753534901685,13:01:41.685,AVA/USDT:USDT,0.6018,720.0,0.6017,429.0,0.6022,300.0,0.6023,300.0
1753534901990,13:01:41.990,AVA/USDT:USDT,0.6019,720.0,0.6018,720.0,0.6022,300.0,0.6023,300.0
1753534902085,13:01:42.085,AVA/USDT:USDT,0.6019,720.0,0.6018,720.0,0.6023,300.0,0.6024,713.0
1753534902946,13:01:42.946,AVA/USDT:USDT,0.6019,720.0,0.6018,720.0,0.6023,300.0,0.6024,713.0
1753534903447,13:01:43.447,AVA/USDT:USDT,0.6019,720.0,0.6018,720.0,0.6023,300.0,0.6024,713.0
1753534903853,13:01:43.853,AVA/USDT:USDT,0.602,420.0,0.6019,720.0,0.6026,409.0,0.6027,709.0
1753534903933,13:01:43.933,AVA/USDT:USDT,0.602,420.0,0.6019,720.0,0.6026,409.0,0.6027,709.0
1753534904232,13:01:44.232,AVA/USDT:USDT,0.602,420.0,0.6019,720.0,0.6026,709.0,0.6027,709.0
1753534904331,13:01:44.331,AVA/USDT:USDT,0.602,420.0,0.6019,720.0,0.6026,709.0,0.6027,709.0
1753534906943,13:01:46.943,AVA/USDT:USDT,0.602,420.0,0.6019,720.0,0.6026,709.0,0.6027,709.0
1753534909941,13:01:49.941,AVA/USDT:USDT,0.602,420.0,0.6019,720.0,0.6026,709.0,0.6027,709.0
1753534912530,13:01:52.530,AVA/USDT:USDT,0.602,420.0,0.6019,720.0,0.6026,709.0,0.6027,709.0
1753534913902,13:01:53.902,AVA/USDT:USDT,0.6019,720.0,0.6018,1100.0,0.6025,724.0,0.6026,709.0
1753534913954,13:01:53.954,AVA/USDT:USDT,0.6019,720.0,0.6018,1100.0,0.6025,724.0,0.6026,709.0
1753534914184,13:01:54.184,AVA/USDT:USDT,0.6019,720.0,0.6018,1100.0,0.6025,724.0,0.6026,709.0
1753534915531,13:01:55.531,AVA/USDT:USDT,0.6019,720.0,0.6018,1100.0,0.6025,724.0,0.6026,709.0
1753534918537,13:01:58.537,AVA/USDT:USDT,0.6019,720.0,0.6018,1100.0,0.6025,724.0,0.6026,709.0
1753534921530,13:02:01.530,AVA/USDT:USDT,0.6019,720.0,0.6018,1100.0,0.6025,724.0,0.6026,709.0
1753534924532,13:02:04.532,AVA/USDT:USDT,0.6019,720.0,0.6018,1100.0,0.6025,724.0,0.6026,709.0
1753534925900,13:02:05.900,AVA/USDT:USDT,0.602,418.0,0.6019,720.0,0.6028,409.0,0.6029,709.0
1753534926003,13:02:06.003,AVA/USDT:USDT,0.602,176.0,0.6019,720.0,0.6026,418.0,0.6027,718.0
1753534926090,13:02:06.090,AVA/USDT:USDT,0.602,176.0,0.6019,300.0,0.6024,418.0,0.6025,718.0
1753534927424,13:02:07.424,AVA/USDT:USDT,0.602,176.0,0.6019,300.0,0.6024,418.0,0.6025,718.0
1753534927863,13:02:07.863,AVA/USDT:USDT,0.602,176.0,0.6019,300.0,0.6024,418.0,0.6025,718.0
1753534928951,13:02:08.951,AVA/USDT:USDT,0.602,176.0,0.6019,300.0,0.6024,418.0,0.6025,718.0
1753534931951,13:02:11.951,AVA/USDT:USDT,0.602,176.0,0.6019,300.0,0.6024,418.0,0.6025,718.0
1753534934643,13:02:14.643,AVA/USDT:USDT,0.6019,300.0,0.6018,1100.0,0.6024,418.0,0.6025,718.0
1753534934953,13:02:14.953,AVA/USDT:USDT,0.6019,556.0,0.6018,1100.0,0.6024,418.0,0.6025,718.0
1753534935072,13:02:15.072,AVA/USDT:USDT,0.6019,556.0,0.6018,1100.0,0.6024,418.0,0.6025,718.0
1753534935319,13:02:15.319,AVA/USDT:USDT,0.6019,556.0,0.6018,1100.0,0.6024,418.0,0.6025,718.0
1753534937953,13:02:17.953,AVA/USDT:USDT,0.6019,556.0,0.6018,1100.0,0.6024,418.0,0.6025,718.0
1753534940346,13:02:20.346,AVA/USDT:USDT,0.6019,300.0,0.6018,1100.0,0.6024,418.0,0.6025,718.0
1753534940850,13:02:20.850,AVA/USDT:USDT,0.6019,628.0,0.6018,680.0,0.6023,430.0,0.6024,718.0
1753534940951,13:02:20.951,AVA/USDT:USDT,0.6019,628.0,0.6018,680.0,0.6023,430.0,0.6024,718.0
1753534941108,13:02:21.108,AVA/USDT:USDT,0.6019,628.0,0.6018,680.0,0.6023,430.0,0.6024,718.0
1753534943209,13:02:23.209,AVA/USDT:USDT,0.6018,680.0,0.6017,429.0,0.6023,430.0,0.6024,718.0
1753534943302,13:02:23.302,AVA/USDT:USDT,0.6018,300.0,0.6017,429.0,0.6023,430.0,0.6024,718.0
1753534943325,13:02:23.325,AVA/USDT:USDT,0.6018,300.0,0.6017,429.0,0.6023,430.0,0.6024,718.0
1753534943653,13:02:23.653,AVA/USDT:USDT,0.6018,300.0,0.6017,429.0,0.6023,430.0,0.6024,718.0
1753534943784,13:02:23.784,AVA/USDT:USDT,0.6018,300.0,0.6017,429.0,0.6023,730.0,0.6024,718.0
1753534944529,13:02:24.529,AVA/USDT:USDT,0.6018,300.0,0.6017,429.0,0.6023,730.0,0.6024,718.0
1753534946301,13:02:26.301,AVA/USDT:USDT,0.6018,300.0,0.6017,429.0,0.6023,730.0,0.6024,718.0
1753534949306,13:02:29.306,AVA/USDT:USDT,0.6018,300.0,0.6017,429.0,0.6023,730.0,0.6024,718.0
1753534952301,13:02:32.301,AVA/USDT:USDT,0.6018,300.0,0.6017,429.0,0.6023,730.0,0.6024,718.0
1753534953759,13:02:33.759,AVA/USDT:USDT,0.6018,300.0,0.6016,725.0,0.6022,716.0,0.6023,730.0
1753534954082,13:02:34.082,AVA/USDT:USDT,0.6018,300.0,0.6016,300.0,0.6021,416.0,0.6022,716.0
1753534954155,13:02:34.155,AVA/USDT:USDT,0.6016,300.0,0.6015,727.0,0.6021,416.0,0.6022,716.0
1753534954272,13:02:34.272,AVA/USDT:USDT,0.6016,300.0,0.6015,727.0,0.6021,416.0,0.6022,716.0
1753534954407,13:02:34.407,AVA/USDT:USDT,0.6016,300.0,0.6015,727.0,0.6021,416.0,0.6022,716.0
1753534954463,13:02:34.463,AVA/USDT:USDT,0.6016,300.0,0.6015,727.0,0.6021,416.0,0.6022,716.0
1753534954514,13:02:34.514,AVA/USDT:USDT,0.6016,300.0,0.6015,727.0,0.6021,416.0,0.6022,716.0
1753534955545,13:02:35.545,AVA/USDT:USDT,0.6016,300.0,0.6015,727.0,0.6021,416.0,0.6022,716.0
1753534957285,13:02:37.285,AVA/USDT:USDT,0.6016,300.0,0.6015,727.0,0.6021,416.0,0.6022,716.0
1753534959081,13:02:39.081,AVA/USDT:USDT,0.6016,716.0,0.6015,727.0,0.6021,416.0,0.6022,716.0
1753534961103,13:02:41.103,AVA/USDT:USDT,0.6017,430.0,0.6016,716.0,0.6023,430.0,0.6024,718.0
1753534961157,13:02:41.157,AVA/USDT:USDT,0.6017,730.0,0.6016,716.0,0.6023,430.0,0.6024,718.0
1753534961306,13:02:41.306,AVA/USDT:USDT,0.6017,730.0,0.6016,716.0,0.6023,430.0,0.6024,718.0
1753534961316,13:02:41.316,AVA/USDT:USDT,0.6017,730.0,0.6016,716.0,0.6023,430.0,0.6024,718.0
1753534961422,13:02:41.422,AVA/USDT:USDT,0.6018,730.0,0.6017,730.0,0.6024,718.0,0.6025,718.0
1753534961741,13:02:41.741,AVA/USDT:USDT,0.6019,430.0,0.6018,730.0,0.6024,718.0,0.6025,718.0
1753534962188,13:02:42.188,AVA/USDT:USDT,0.6019,430.0,0.6018,730.0,0.6024,718.0,0.6025,718.0
1753534962647,13:02:42.647,AVA/USDT:USDT,0.6019,430.0,0.6018,730.0,0.6024,718.0,0.6025,718.0
1753534963794,13:02:43.794,AVA/USDT:USDT,0.6019,430.0,0.6018,1200.0,0.6024,718.0,0.6025,718.0
1753534963820,13:02:43.820,AVA/USDT:USDT,0.6019,430.0,0.6018,1200.0,0.6024,300.0,0.6025,718.0
1753534964820,13:02:44.820,AVA/USDT:USDT,0.6019,430.0,0.6018,1200.0,0.6024,300.0,0.6025,718.0
1753534967823,13:02:47.823,AVA/USDT:USDT,0.6019,430.0,0.6018,1200.0,0.6024,300.0,0.6025,718.0
1753534970821,13:02:50.821,AVA/USDT:USDT,0.6019,430.0,0.6018,1200.0,0.6024,300.0,0.6025,718.0
1753534971061,13:02:51.061,AVA/USDT:USDT,0.6019,430.0,0.6018,1200.0,0.6024,300.0,0.6025,300.0
1753534971483,13:02:51.483,AVA/USDT:USDT,0.6019,430.0,0.6018,1200.0,0.6025,300.0,0.6026,718.0
1753534972557,13:02:52.557,AVA/USDT:USDT,0.6019,430.0,0.6018,1200.0,0.6025,300.0,0.6026,718.0
1753534973349,13:02:53.349,AVA/USDT:USDT,0.6019,430.0,0.6018,1200.0,0.6025,300.0,0.6026,718.0
1753534973831,13:02:53.831,AVA/USDT:USDT,0.6019,430.0,0.6018,1200.0,0.6025,300.0,0.6026,718.0
1753534976831,13:02:56.831,AVA/USDT:USDT,0.6019,430.0,0.6018,1200.0,0.6025,300.0,0.6026,718.0
1753534979835,13:02:59.835,AVA/USDT:USDT,0.6019,430.0,0.6018,1200.0,0.6025,300.0,0.6026,718.0
1753534981099,13:03:01.099,AVA/USDT:USDT,0.6019,430.0,0.6018,1200.0,0.6027,718.0,0.6028,709.0
1753534981589,13:03:01.589,AVA/USDT:USDT,0.6019,430.0,0.6018,1200.0,0.6027,718.0,0.6028,709.0
1753534982286,13:03:02.286,AVA/USDT:USDT,0.6019,430.0,0.6018,1200.0,0.6027,718.0,0.6028,709.0
1753534985262,13:03:05.262,AVA/USDT:USDT,0.6019,430.0,0.6018,1200.0,0.6027,718.0,0.6028,709.0
1753534988261,13:03:08.261,AVA/USDT:USDT,0.6019,430.0,0.6018,1200.0,0.6027,718.0,0.6028,709.0
1753534991261,13:03:11.261,AVA/USDT:USDT,0.6019,430.0,0.6018,1200.0,0.6027,718.0,0.6028,709.0
1753534994267,13:03:14.267,AVA/USDT:USDT,0.6019,430.0,0.6018,1200.0,0.6027,718.0,0.6028,709.0
1753534997206,13:03:17.206,AVA/USDT:USDT,0.602,427.0,0.6019,430.0,0.6026,727.0,0.6027,718.0
1753534997219,13:03:17.219,AVA/USDT:USDT,0.602,427.0,0.6019,430.0,0.6026,727.0,0.6027,718.0
1753534997312,13:03:17.312,AVA/USDT:USDT,0.6019,430.0,0.6018,1200.0,0.6026,727.0,0.6027,718.0
1753534997641,13:03:17.641,AVA/USDT:USDT,0.6019,430.0,0.6018,1200.0,0.6026,727.0,0.6027,718.0
1753534998464,13:03:18.464,AVA/USDT:USDT,0.6019,430.0,0.6018,1200.0,0.6026,727.0,0.6027,718.0
1753534999565,13:03:19.565,AVA/USDT:USDT,0.602,427.0,0.6019,513.0,0.6026,727.0,0.6027,718.0
1753534999772,13:03:19.772,AVA/USDT:USDT,0.6019,430.0,0.6018,1200.0,0.6026,727.0,0.6027,718.0
1753535000190,13:03:20.190,AVA/USDT:USDT,0.6019,430.0,0.6018,1200.0,0.6026,727.0,0.6027,718.0
1753535000996,13:03:20.996,AVA/USDT:USDT,0.602,411.0,0.6019,513.0,0.6026,727.0,0.6027,718.0
1753535001423,13:03:21.423,AVA/USDT:USDT,0.602,411.0,0.6019,513.0,0.6026,727.0,0.6027,718.0
1753535002767,13:03:22.767,AVA/USDT:USDT,0.602,411.0,0.6019,513.0,0.6026,727.0,0.6027,718.0
1753535004102,13:03:24.102,AVA/USDT:USDT,0.6019,430.0,0.6018,1200.0,0.6026,727.0,0.6027,718.0
1753535004183,13:03:24.183,AVA/USDT:USDT,0.602,411.0,0.6019,513.0,0.6026,727.0,0.6027,718.0
1753535005762,13:03:25.762,AVA/USDT:USDT,0.602,411.0,0.6019,513.0,0.6026,727.0,0.6027,718.0
1753535008093,13:03:28.093,AVA/USDT:USDT,0.602,411.0,0.6019,430.0,0.6026,727.0,0.6027,718.0
1753535008131,13:03:28.131,AVA/USDT:USDT,0.6019,430.0,0.6018,1200.0,0.6026,727.0,0.6027,718.0
1753535008272,13:03:28.272,AVA/USDT:USDT,0.602,461.0,0.6019,430.0,0.6026,727.0,0.6027,718.0
1753535008378,13:03:28.378,AVA/USDT:USDT,0.602,461.0,0.6019,430.0,0.6026,727.0,0.6027,718.0
1753535008762,13:03:28.762,AVA/USDT:USDT,0.602,461.0,0.6019,430.0,0.6026,727.0,0.6027,718.0
1753535009601,13:03:29.601,AVA/USDT:USDT,0.602,461.0,0.6019,430.0,0.6026,727.0,0.6027,718.0
1753535010109,13:03:30.109,AVA/USDT:USDT,0.6021,429.0,0.602,461.0,0.6026,300.0,0.6027,718.0
1753535010144,13:03:30.144,AVA/USDT:USDT,0.6021,429.0,0.602,411.0,0.6026,300.0,0.6027,718.0
1753535010271,13:03:30.271,AVA/USDT:USDT,0.6019,430.0,0.6018,1200.0,0.6026,300.0,0.6027,718.0
1753535010428,13:03:30.428,AVA/USDT:USDT,0.6019,430.0,0.6018,1200.0,0.6026,300.0,0.6027,718.0
1753535010770,13:03:30.770,AVA/USDT:USDT,0.6019,430.0,0.6018,1200.0,0.6026,300.0,0.6027,718.0
1753535010871,13:03:30.871,AVA/USDT:USDT,0.6019,430.0,0.6018,1200.0,0.6026,300.0,0.6027,718.0
1753535011077,13:03:31.077,AVA/USDT:USDT,0.6021,429.0,0.602,530.0,0.6026,300.0,0.6027,300.0
1753535012039,13:03:32.039,AVA/USDT:USDT,0.6021,429.0,0.602,530.0,0.6027,300.0,0.6028,709.0
1753535012125,13:03:32.125,AVA/USDT:USDT,0.6021,429.0,0.602,530.0,0.6027,300.0,0.6028,709.0
1753535012545,13:03:32.545,AVA/USDT:USDT,0.6021,429.0,0.602,530.0,0.6027,300.0,0.6028,709.0
1753535013530,13:03:33.530,AVA/USDT:USDT,0.6021,429.0,0.602,530.0,0.6027,300.0,0.6028,709.0
1753535014092,13:03:34.092,AVA/USDT:USDT,0.6021,429.0,0.602,429.0,0.6027,300.0,0.6028,709.0
1753535014195,13:03:34.195,AVA/USDT:USDT,0.602,429.0,0.6019,730.0,0.6027,300.0,0.6028,709.0
