timestamp,time,symbol,bid1_price,bid1_volume,bid2_price,bid2_volume,ask1_price,ask1_volume,ask2_price,ask2_volume
1753533019000,12:30:19.000,BID/USDT:USDT,0.0812,1.0,0.08116,1.0,0.08138,34.0,0.08139,24.0
1753533019971,12:30:19.971,BID/USDT:USDT,0.0812,1.0,0.08116,1.0,0.08138,34.0,0.08139,24.0
1753533020056,12:30:20.056,BID/USDT:USDT,0.0812,1.0,0.08116,1.0,0.08138,34.0,0.08139,24.0
1753533021018,12:30:21.018,BID/USDT:USDT,0.0812,1.0,0.08116,1.0,0.08138,34.0,0.08139,24.0
1753533021419,12:30:21.419,BID/USDT:USDT,0.08122,10.0,0.08121,24.0,0.08146,94.0,0.08147,24.0
1753533021510,12:30:21.510,BID/USDT:USDT,0.08122,10.0,0.08121,24.0,0.08146,94.0,0.08147,24.0
1753533021562,12:30:21.562,BID/USDT:USDT,0.08122,10.0,0.08121,24.0,0.08146,94.0,0.08147,24.0
1753533021730,12:30:21.730,BID/USDT:USDT,0.08122,34.0,0.08121,24.0,0.08146,94.0,0.08147,24.0
1753533022476,12:30:22.476,BID/USDT:USDT,0.08122,34.0,0.08121,24.0,0.08148,24.0,0.08156,24.0
1753533022625,12:30:22.625,BID/USDT:USDT,0.08122,34.0,0.08121,24.0,0.08148,24.0,0.08156,24.0
1753533023391,12:30:23.391,BID/USDT:USDT,0.08122,34.0,0.08121,24.0,0.08148,24.0,0.08156,24.0
1753533026426,12:30:26.426,BID/USDT:USDT,0.08122,34.0,0.08121,26.0,0.08148,24.0,0.08156,24.0
1753533026818,12:30:26.818,BID/USDT:USDT,0.08122,34.0,0.08121,26.0,0.08148,24.0,0.08155,10.0
1753533027422,12:30:27.422,BID/USDT:USDT,0.08122,34.0,0.08121,26.0,0.08148,24.0,0.08155,10.0
1753533029867,12:30:29.867,BID/USDT:USDT,0.08122,34.0,0.08121,26.0,0.08148,24.0,0.08155,10.0
1753533030031,12:30:30.031,BID/USDT:USDT,0.08122,34.0,0.08121,26.0,0.08148,24.0,0.08155,10.0
1753533030042,12:30:30.042,BID/USDT:USDT,0.08122,34.0,0.08121,26.0,0.08148,24.0,0.08155,10.0
1753533031617,12:30:31.617,BID/USDT:USDT,0.08122,34.0,0.08121,26.0,0.08148,24.0,0.08155,10.0
1753533033560,12:30:33.560,BID/USDT:USDT,0.08122,34.0,0.08121,24.0,0.08148,24.0,0.08155,10.0
1753533034675,12:30:34.675,BID/USDT:USDT,0.08122,34.0,0.08121,24.0,0.08148,24.0,0.08155,10.0
1753533036417,12:30:36.417,BID/USDT:USDT,0.08122,34.0,0.08121,24.0,0.08148,24.0,0.08155,10.0
1753533036447,12:30:36.447,BID/USDT:USDT,0.08122,34.0,0.08121,24.0,0.08148,24.0,0.08155,10.0
1753533036544,12:30:36.544,BID/USDT:USDT,0.08122,34.0,0.08121,24.0,0.08148,24.0,0.08155,10.0
1753533036640,12:30:36.640,BID/USDT:USDT,0.08122,34.0,0.08121,24.0,0.08148,24.0,0.08155,10.0
1753533037932,12:30:37.932,BID/USDT:USDT,0.08122,34.0,0.08121,24.0,0.08148,24.0,0.08156,24.0
1753533037933,12:30:37.933,BID/USDT:USDT,0.08122,34.0,0.08121,24.0,0.08148,24.0,0.08156,24.0
1753533038223,12:30:38.223,BID/USDT:USDT,0.08122,34.0,0.08121,26.0,0.08148,24.0,0.08156,24.0
1753533038708,12:30:38.708,BID/USDT:USDT,0.08122,34.0,0.08121,26.0,0.08148,24.0,0.08156,24.0
1753533041218,12:30:41.218,BID/USDT:USDT,0.08122,34.0,0.08121,26.0,0.08148,24.0,0.08156,24.0
1753533042588,12:30:42.588,BID/USDT:USDT,0.08122,34.0,0.08121,26.0,0.08148,24.0,0.08155,10.0
1753533042877,12:30:42.877,BID/USDT:USDT,0.08122,34.0,0.08121,26.0,0.08148,24.0,0.08155,10.0
1753533043556,12:30:43.556,BID/USDT:USDT,0.08122,34.0,0.08121,26.0,0.08148,24.0,0.08155,10.0
1753533046017,12:30:46.017,BID/USDT:USDT,0.08122,34.0,0.08121,26.0,0.08148,24.0,0.08155,10.0
1753533050818,12:30:50.818,BID/USDT:USDT,0.08122,34.0,0.08121,26.0,0.08148,24.0,0.08155,10.0
1753533052029,12:30:52.029,BID/USDT:USDT,0.08122,10.0,0.08121,24.0,0.08148,24.0,0.08155,10.0
1753533052748,12:30:52.748,BID/USDT:USDT,0.08122,34.0,0.08121,24.0,0.08148,24.0,0.08155,10.0
1753533053107,12:30:53.107,BID/USDT:USDT,0.08122,34.0,0.08121,24.0,0.08148,24.0,0.08155,10.0
1753533053622,12:30:53.622,BID/USDT:USDT,0.08122,40.0,0.08121,24.0,0.08148,24.0,0.08155,10.0
1753533053777,12:30:53.777,BID/USDT:USDT,0.08122,34.0,0.08121,24.0,0.08148,24.0,0.08155,10.0
1753533055051,12:30:55.051,BID/USDT:USDT,0.08122,34.0,0.08121,24.0,0.08148,24.0,0.08155,10.0
1753533055244,12:30:55.244,BID/USDT:USDT,0.08122,34.0,0.08121,24.0,0.08148,24.0,0.08155,10.0
1753533055619,12:30:55.619,BID/USDT:USDT,0.08122,34.0,0.08121,24.0,0.08148,24.0,0.08155,10.0
1753533056433,12:30:56.433,BID/USDT:USDT,0.08122,34.0,0.08121,24.0,0.08148,24.0,0.08155,10.0
1753533056435,12:30:56.435,BID/USDT:USDT,0.08122,34.0,0.08121,24.0,0.08148,24.0,0.08155,10.0
1753533058324,12:30:58.324,BID/USDT:USDT,0.08122,40.0,0.08121,24.0,0.08148,24.0,0.08155,10.0
1753533059524,12:30:59.524,BID/USDT:USDT,0.08122,42.0,0.08121,24.0,0.08148,24.0,0.08155,10.0
1753533059776,12:30:59.776,BID/USDT:USDT,0.08123,12.0,0.08122,40.0,0.08148,24.0,0.08155,10.0
1753533060186,12:31:00.186,BID/USDT:USDT,0.08123,12.0,0.08122,34.0,0.08148,24.0,0.08155,10.0
1753533060418,12:31:00.418,BID/USDT:USDT,0.08123,12.0,0.08122,34.0,0.08148,24.0,0.08155,10.0
1753533060466,12:31:00.466,BID/USDT:USDT,0.08123,12.0,0.08122,34.0,0.08148,24.0,0.08155,10.0
1753533060800,12:31:00.800,BID/USDT:USDT,0.08123,10.0,0.08122,34.0,0.08148,24.0,0.08155,10.0
1753533060878,12:31:00.878,BID/USDT:USDT,0.08123,10.0,0.08122,34.0,0.08148,24.0,0.08155,10.0
1753533060945,12:31:00.945,BID/USDT:USDT,0.08123,10.0,0.08122,34.0,0.08148,24.0,0.08155,10.0
1753533061099,12:31:01.099,BID/USDT:USDT,0.08123,10.0,0.08122,24.0,0.08148,24.0,0.08155,10.0
1753533061850,12:31:01.850,BID/USDT:USDT,0.08123,10.0,0.08122,24.0,0.08148,24.0,0.08155,10.0
1753533063070,12:31:03.070,BID/USDT:USDT,0.08123,16.0,0.08122,24.0,0.08148,24.0,0.08155,10.0
1753533063333,12:31:03.333,BID/USDT:USDT,0.08129,24.0,0.08123,18.0,0.08156,24.0,0.08159,135.0
1753533063354,12:31:03.354,BID/USDT:USDT,0.08129,24.0,0.08125,2.0,0.08155,10.0,0.08156,24.0
1753533063525,12:31:03.525,BID/USDT:USDT,0.08129,24.0,0.08125,2.0,0.08155,10.0,0.08156,24.0
1753533063700,12:31:03.700,BID/USDT:USDT,0.08129,24.0,0.08125,2.0,0.08155,10.0,0.08156,24.0
1753533064124,12:31:04.124,BID/USDT:USDT,0.08129,24.0,0.08125,2.0,0.08155,10.0,0.08156,24.0
1753533064522,12:31:04.522,BID/USDT:USDT,0.08129,24.0,0.08125,2.0,0.08155,10.0,0.08156,24.0
1753533064631,12:31:04.631,BID/USDT:USDT,0.08129,24.0,0.08125,2.0,0.08155,10.0,0.08156,24.0
1753533064927,12:31:04.927,BID/USDT:USDT,0.08129,24.0,0.08125,2.0,0.08155,10.0,0.08156,24.0
1753533065054,12:31:05.054,BID/USDT:USDT,0.08129,24.0,0.08126,2.0,0.08155,10.0,0.08156,24.0
1753533065218,12:31:05.218,BID/USDT:USDT,0.08129,24.0,0.08126,2.0,0.08155,10.0,0.08156,24.0
1753533065321,12:31:05.321,BID/USDT:USDT,0.08129,24.0,0.08126,2.0,0.08155,10.0,0.08156,24.0
1753533065419,12:31:05.419,BID/USDT:USDT,0.08129,24.0,0.08126,2.0,0.08155,10.0,0.08156,24.0
1753533065747,12:31:05.747,BID/USDT:USDT,0.08129,24.0,0.08126,2.0,0.08155,10.0,0.08156,24.0
1753533066699,12:31:06.699,BID/USDT:USDT,0.08129,24.0,0.08127,2.0,0.08155,10.0,0.08156,24.0
1753533068897,12:31:08.897,BID/USDT:USDT,0.08129,24.0,0.08127,2.0,0.08155,10.0,0.08156,24.0
1753533069081,12:31:09.081,BID/USDT:USDT,0.08129,24.0,0.08127,2.0,0.08156,24.0,0.08161,94.0
1753533069229,12:31:09.229,BID/USDT:USDT,0.08129,24.0,0.08127,2.0,0.08156,24.0,0.08161,94.0
1753533069296,12:31:09.296,BID/USDT:USDT,0.0813,10.0,0.08129,24.0,0.08156,24.0,0.08161,94.0
1753533069387,12:31:09.387,BID/USDT:USDT,0.0813,10.0,0.08129,24.0,0.08156,24.0,0.08161,94.0
1753533069559,12:31:09.559,BID/USDT:USDT,0.0813,10.0,0.08129,24.0,0.08156,24.0,0.08161,94.0
1753533069823,12:31:09.823,BID/USDT:USDT,0.0813,10.0,0.08129,24.0,0.08156,24.0,0.08161,94.0
1753533070020,12:31:10.020,BID/USDT:USDT,0.0813,10.0,0.08129,24.0,0.08156,24.0,0.08161,94.0
1753533070904,12:31:10.904,BID/USDT:USDT,0.0813,10.0,0.08129,26.0,0.08156,24.0,0.08161,94.0
1753533071296,12:31:11.296,BID/USDT:USDT,0.0813,12.0,0.08129,24.0,0.08156,24.0,0.08161,94.0
1753533071454,12:31:11.454,BID/USDT:USDT,0.0813,12.0,0.08129,24.0,0.08156,24.0,0.08161,94.0
1753533071581,12:31:11.581,BID/USDT:USDT,0.0813,25.0,0.08129,24.0,0.08156,24.0,0.08161,94.0
1753533072688,12:31:12.688,BID/USDT:USDT,0.0813,37.0,0.08129,24.0,0.08156,24.0,0.08161,94.0
1753533073082,12:31:13.082,BID/USDT:USDT,0.0813,55.0,0.08129,24.0,0.08156,24.0,0.08161,94.0
1753533073428,12:31:13.428,BID/USDT:USDT,0.0813,43.0,0.08129,24.0,0.08156,24.0,0.08161,94.0
1753533074818,12:31:14.818,BID/USDT:USDT,0.0813,43.0,0.08129,24.0,0.08156,24.0,0.08161,94.0
1753533075210,12:31:15.210,BID/USDT:USDT,0.0813,43.0,0.08129,24.0,0.08156,24.0,0.08161,94.0
1753533075493,12:31:15.493,BID/USDT:USDT,0.0813,43.0,0.08129,24.0,0.08156,24.0,0.08161,94.0
1753533075964,12:31:15.964,BID/USDT:USDT,0.0813,43.0,0.08129,24.0,0.08156,24.0,0.08161,94.0
1753533076413,12:31:16.413,BID/USDT:USDT,0.08131,66.0,0.0813,10.0,0.08156,24.0,0.08162,24.0
1753533076513,12:31:16.513,BID/USDT:USDT,0.08132,2.0,0.08131,64.0,0.08156,24.0,0.08162,24.0
1753533076540,12:31:16.540,BID/USDT:USDT,0.08132,12.0,0.08131,27.0,0.08156,24.0,0.08162,24.0
1753533077028,12:31:17.028,BID/USDT:USDT,0.08132,28.0,0.08131,27.0,0.08156,24.0,0.08162,24.0
1753533077525,12:31:17.525,BID/USDT:USDT,0.08132,28.0,0.08131,27.0,0.08156,24.0,0.08162,24.0
1753533077970,12:31:17.970,BID/USDT:USDT,0.08132,28.0,0.08131,27.0,0.08156,24.0,0.08162,24.0
1753533078108,12:31:18.108,BID/USDT:USDT,0.08132,46.0,0.08131,27.0,0.08156,24.0,0.08162,24.0
1753533078145,12:31:18.145,BID/USDT:USDT,0.08132,46.0,0.08131,27.0,0.08156,24.0,0.08162,24.0
1753533078363,12:31:18.363,BID/USDT:USDT,0.08132,59.0,0.08131,27.0,0.08156,24.0,0.08162,24.0
1753533079196,12:31:19.196,BID/USDT:USDT,0.08132,59.0,0.08131,27.0,0.08156,24.0,0.08162,24.0
1753533079560,12:31:19.560,BID/USDT:USDT,0.08132,59.0,0.0813,10.0,0.08156,24.0,0.08162,24.0
1753533079923,12:31:19.923,BID/USDT:USDT,0.08132,12.0,0.0813,10.0,0.08156,24.0,0.08162,24.0
1753533080164,12:31:20.164,BID/USDT:USDT,0.08132,12.0,0.0813,10.0,0.08156,24.0,0.08162,24.0
1753533080618,12:31:20.618,BID/USDT:USDT,0.08132,12.0,0.0813,10.0,0.08156,24.0,0.08162,24.0
1753533080775,12:31:20.775,BID/USDT:USDT,0.08132,12.0,0.0813,10.0,0.08156,24.0,0.08162,24.0
1753533080855,12:31:20.855,BID/USDT:USDT,0.08134,2.0,0.08132,34.0,0.08156,24.0,0.08162,24.0
1753533081021,12:31:21.021,BID/USDT:USDT,0.08134,8.0,0.0813,10.0,0.08156,24.0,0.08162,24.0
1753533081072,12:31:21.072,BID/USDT:USDT,0.08134,14.0,0.0813,10.0,0.08156,24.0,0.08162,24.0
1753533081180,12:31:21.180,BID/USDT:USDT,0.08134,14.0,0.0813,10.0,0.08156,24.0,0.08162,24.0
1753533081315,12:31:21.315,BID/USDT:USDT,0.08135,2.0,0.08134,12.0,0.08156,24.0,0.08164,24.0
1753533081340,12:31:21.340,BID/USDT:USDT,0.08135,2.0,0.08134,12.0,0.08156,24.0,0.08164,24.0
1753533081518,12:31:21.518,BID/USDT:USDT,0.08135,2.0,0.08134,12.0,0.08156,24.0,0.08164,24.0
1753533081600,12:31:21.600,BID/USDT:USDT,0.08135,2.0,0.08134,12.0,0.08156,24.0,0.08164,24.0
1753533081917,12:31:21.917,BID/USDT:USDT,0.08135,2.0,0.08134,12.0,0.08156,24.0,0.08164,24.0
1753533082045,12:31:22.045,BID/USDT:USDT,0.08135,2.0,0.08134,12.0,0.08156,24.0,0.08164,24.0
1753533082142,12:31:22.142,BID/USDT:USDT,0.08135,2.0,0.08134,12.0,0.08156,24.0,0.08164,24.0
1753533082435,12:31:22.435,BID/USDT:USDT,0.08135,2.0,0.08134,12.0,0.08156,24.0,0.08164,24.0
1753533082932,12:31:22.932,BID/USDT:USDT,0.08137,24.0,0.08135,2.0,0.08156,24.0,0.08164,24.0
1753533082932,12:31:22.932,BID/USDT:USDT,0.08137,42.0,0.08135,2.0,0.08156,24.0,0.08164,24.0
1753533083657,12:31:23.657,BID/USDT:USDT,0.08137,33.0,0.08135,2.0,0.08156,24.0,0.08164,24.0
1753533083928,12:31:23.928,BID/USDT:USDT,0.08137,43.0,0.08135,2.0,0.08156,24.0,0.08164,24.0
1753533083934,12:31:23.934,BID/USDT:USDT,0.08137,33.0,0.08135,2.0,0.08156,24.0,0.08164,24.0
1753533084113,12:31:24.113,BID/USDT:USDT,0.08137,33.0,0.08135,2.0,0.08156,24.0,0.08164,24.0
1753533084431,12:31:24.431,BID/USDT:USDT,0.08137,44.0,0.08135,2.0,0.08156,24.0,0.08164,24.0
1753533085418,12:31:25.418,BID/USDT:USDT,0.08137,44.0,0.08135,2.0,0.08156,24.0,0.08164,24.0
1753533085526,12:31:25.526,BID/USDT:USDT,0.08137,55.0,0.08135,2.0,0.08156,24.0,0.08164,24.0
1753533085579,12:31:25.579,BID/USDT:USDT,0.08137,66.0,0.08135,2.0,0.08156,24.0,0.08164,24.0
1753533085675,12:31:25.675,BID/USDT:USDT,0.08137,66.0,0.08135,2.0,0.08156,24.0,0.08164,24.0
1753533085932,12:31:25.932,BID/USDT:USDT,0.08137,66.0,0.08135,2.0,0.08156,24.0,0.08164,24.0
1753533086425,12:31:26.425,BID/USDT:USDT,0.08137,55.0,0.08135,2.0,0.08156,24.0,0.08164,24.0
1753533086631,12:31:26.631,BID/USDT:USDT,0.08148,26.0,0.08144,24.0,0.0818,24.0,0.08184,24.0
1753533086676,12:31:26.676,BID/USDT:USDT,0.08149,2.0,0.08148,24.0,0.0818,24.0,0.08184,24.0
1753533086831,12:31:26.831,BID/USDT:USDT,0.0815,2.0,0.08148,24.0,0.0818,24.0,0.08184,24.0
1753533086894,12:31:26.894,BID/USDT:USDT,0.0815,2.0,0.08148,24.0,0.0818,24.0,0.08184,24.0
1753533087100,12:31:27.100,BID/USDT:USDT,0.08156,24.0,0.08151,2.0,0.08179,10.0,0.0818,24.0
1753533087227,12:31:27.227,BID/USDT:USDT,0.08156,24.0,0.08151,2.0,0.08179,10.0,0.0818,24.0
1753533087261,12:31:27.261,BID/USDT:USDT,0.08156,24.0,0.08151,2.0,0.08179,10.0,0.0818,24.0
1753533087385,12:31:27.385,BID/USDT:USDT,0.08156,24.0,0.08151,2.0,0.08179,10.0,0.0818,24.0
1753533087732,12:31:27.732,BID/USDT:USDT,0.08156,24.0,0.08151,2.0,0.08179,10.0,0.0818,24.0
1753533087819,12:31:27.819,BID/USDT:USDT,0.08156,24.0,0.08151,2.0,0.08179,10.0,0.0818,24.0
1753533087862,12:31:27.862,BID/USDT:USDT,0.08156,24.0,0.08152,2.0,0.0818,24.0,0.08184,24.0
1753533088023,12:31:28.023,BID/USDT:USDT,0.08156,24.0,0.0815,2.0,0.0818,24.0,0.08184,24.0
1753533088167,12:31:28.167,BID/USDT:USDT,0.08156,24.0,0.0815,2.0,0.0818,24.0,0.08184,24.0
1753533088489,12:31:28.489,BID/USDT:USDT,0.08156,24.0,0.0815,2.0,0.0818,24.0,0.08184,24.0
1753533088819,12:31:28.819,BID/USDT:USDT,0.08156,24.0,0.08152,2.0,0.0818,24.0,0.08184,24.0
1753533089077,12:31:29.077,BID/USDT:USDT,0.08156,24.0,0.0815,2.0,0.0818,24.0,0.08184,24.0
1753533090428,12:31:30.428,BID/USDT:USDT,0.08156,24.0,0.08151,2.0,0.0818,24.0,0.08184,24.0
1753533090451,12:31:30.451,BID/USDT:USDT,0.08156,24.0,0.08151,2.0,0.0818,24.0,0.08184,24.0
1753533091355,12:31:31.355,BID/USDT:USDT,0.08156,24.0,0.08151,2.0,0.0818,24.0,0.08184,24.0
1753533091802,12:31:31.802,BID/USDT:USDT,0.08156,24.0,0.08151,2.0,0.0818,24.0,0.08184,24.0
1753533092631,12:31:32.631,BID/USDT:USDT,0.08156,24.0,0.08151,2.0,0.0818,24.0,0.08184,24.0
1753533092787,12:31:32.787,BID/USDT:USDT,0.08156,24.0,0.08152,2.0,0.0818,24.0,0.08184,24.0
1753533093418,12:31:33.418,BID/USDT:USDT,0.08156,24.0,0.08152,2.0,0.0818,24.0,0.08184,24.0
1753533094008,12:31:34.008,BID/USDT:USDT,0.08156,24.0,0.08152,2.0,0.0818,24.0,0.08184,24.0
1753533094812,12:31:34.812,BID/USDT:USDT,0.08157,2.0,0.08156,24.0,0.08188,24.0,0.08196,118.0
1753533094925,12:31:34.925,BID/USDT:USDT,0.08164,24.0,0.08158,2.0,0.08188,24.0,0.08196,118.0
1753533094943,12:31:34.943,BID/USDT:USDT,0.08164,24.0,0.08159,2.0,0.08188,24.0,0.08196,118.0
1753533095115,12:31:35.115,BID/USDT:USDT,0.08164,24.0,0.08159,2.0,0.08188,24.0,0.08196,118.0
1753533095692,12:31:35.692,BID/USDT:USDT,0.08164,24.0,0.08159,2.0,0.08188,24.0,0.08196,118.0
1753533096984,12:31:36.984,BID/USDT:USDT,0.08164,24.0,0.08159,2.0,0.08188,24.0,0.08196,118.0
1753533097097,12:31:37.097,BID/USDT:USDT,0.08164,24.0,0.08159,2.0,0.08188,24.0,0.08196,118.0
1753533097255,12:31:37.255,BID/USDT:USDT,0.08164,24.0,0.08159,2.0,0.08188,24.0,0.08196,118.0
1753533097520,12:31:37.520,BID/USDT:USDT,0.08164,24.0,0.08159,2.0,0.08188,24.0,0.08196,118.0
1753533097594,12:31:37.594,BID/USDT:USDT,0.08164,24.0,0.08159,2.0,0.08188,24.0,0.08196,118.0
1753533098219,12:31:38.219,BID/USDT:USDT,0.08164,24.0,0.08159,2.0,0.08188,24.0,0.08196,118.0
1753533098591,12:31:38.591,BID/USDT:USDT,0.08164,24.0,0.08159,2.0,0.08188,24.0,0.08196,118.0
1753533099610,12:31:39.610,BID/USDT:USDT,0.08164,24.0,0.08159,2.0,0.08188,24.0,0.08196,118.0
1753533100170,12:31:40.170,BID/USDT:USDT,0.08164,24.0,0.08159,2.0,0.08188,24.0,0.08196,118.0
1753533101295,12:31:41.295,BID/USDT:USDT,0.08164,24.0,0.08159,2.0,0.08188,24.0,0.08196,118.0
1753533101579,12:31:41.579,BID/USDT:USDT,0.08164,24.0,0.08159,2.0,0.08188,24.0,0.08196,118.0
1753533103018,12:31:43.018,BID/USDT:USDT,0.08164,24.0,0.08159,2.0,0.08188,24.0,0.08196,118.0
1753533104007,12:31:44.007,BID/USDT:USDT,0.08164,24.0,0.08159,2.0,0.08188,24.0,0.08196,118.0
1753533104413,12:31:44.413,BID/USDT:USDT,0.08164,24.0,0.08159,2.0,0.08188,24.0,0.08196,118.0
1753533104838,12:31:44.838,BID/USDT:USDT,0.08164,24.0,0.08159,2.0,0.08188,24.0,0.08196,118.0
1753533105824,12:31:45.824,BID/USDT:USDT,0.08164,24.0,0.0816,2.0,0.08188,24.0,0.08196,118.0
1753533106227,12:31:46.227,BID/USDT:USDT,0.08164,24.0,0.0816,2.0,0.08188,24.0,0.08196,118.0
1753533106418,12:31:46.418,BID/USDT:USDT,0.08164,24.0,0.08161,2.0,0.08188,24.0,0.08196,118.0
1753533106476,12:31:46.476,BID/USDT:USDT,0.08164,24.0,0.08161,2.0,0.08188,24.0,0.08196,118.0
1753533106790,12:31:46.790,BID/USDT:USDT,0.08164,24.0,0.08161,2.0,0.08188,24.0,0.08196,118.0
1753533107400,12:31:47.400,BID/USDT:USDT,0.08156,24.0,0.08154,2.0,0.08188,24.0,0.08196,118.0
1753533107456,12:31:47.456,BID/USDT:USDT,0.08156,24.0,0.08154,2.0,0.08188,24.0,0.08196,118.0
1753533107540,12:31:47.540,BID/USDT:USDT,0.08156,24.0,0.08154,2.0,0.08188,24.0,0.08196,118.0
1753533107700,12:31:47.700,BID/USDT:USDT,0.08156,24.0,0.08154,2.0,0.08188,24.0,0.08196,118.0
1753533107819,12:31:47.819,BID/USDT:USDT,0.08156,24.0,0.08154,2.0,0.08188,24.0,0.08196,118.0
1753533107930,12:31:47.930,BID/USDT:USDT,0.08156,24.0,0.08148,26.0,0.0818,24.0,0.08187,34.0
1753533107940,12:31:47.940,BID/USDT:USDT,0.08156,24.0,0.08148,26.0,0.0818,24.0,0.08187,34.0
1753533108115,12:31:48.115,BID/USDT:USDT,0.08156,24.0,0.08148,26.0,0.0818,24.0,0.08187,34.0
1753533108278,12:31:48.278,BID/USDT:USDT,0.08156,24.0,0.08148,26.0,0.0818,24.0,0.08187,34.0
1753533108535,12:31:48.535,BID/USDT:USDT,0.08156,24.0,0.08148,26.0,0.0818,24.0,0.08187,34.0
1753533109069,12:31:49.069,BID/USDT:USDT,0.08156,24.0,0.08148,24.0,0.0818,24.0,0.08187,34.0
1753533109833,12:31:49.833,BID/USDT:USDT,0.08156,24.0,0.08148,24.0,0.08179,10.0,0.0818,24.0
1753533110175,12:31:50.175,BID/USDT:USDT,0.08156,24.0,0.08148,24.0,0.08179,10.0,0.0818,24.0
1753533110595,12:31:50.595,BID/USDT:USDT,0.08156,24.0,0.08148,24.0,0.08179,10.0,0.0818,24.0
1753533111431,12:31:51.431,BID/USDT:USDT,0.08156,24.0,0.08148,24.0,0.08179,10.0,0.0818,24.0
1753533111572,12:31:51.572,BID/USDT:USDT,0.08156,24.0,0.08148,24.0,0.08179,10.0,0.0818,24.0
1753533111814,12:31:51.814,BID/USDT:USDT,0.08156,24.0,0.08148,24.0,0.08179,10.0,0.0818,24.0
1753533112182,12:31:52.182,BID/USDT:USDT,0.08156,24.0,0.08148,24.0,0.08179,16.0,0.0818,24.0
1753533112619,12:31:52.619,BID/USDT:USDT,0.08156,24.0,0.08148,24.0,0.08179,16.0,0.0818,24.0
1753533112924,12:31:52.924,BID/USDT:USDT,0.08156,24.0,0.08148,24.0,0.08179,10.0,0.0818,24.0
1753533113836,12:31:53.836,BID/USDT:USDT,0.08156,24.0,0.08148,24.0,0.08179,10.0,0.0818,24.0
1753533114288,12:31:54.288,BID/USDT:USDT,0.08156,24.0,0.08148,24.0,0.08179,10.0,0.0818,24.0
1753533114654,12:31:54.654,BID/USDT:USDT,0.08156,24.0,0.08148,24.0,0.08179,10.0,0.0818,24.0
1753533115130,12:31:55.130,BID/USDT:USDT,0.08156,24.0,0.08148,24.0,0.08179,22.0,0.0818,24.0
1753533115229,12:31:55.229,BID/USDT:USDT,0.08156,24.0,0.08148,24.0,0.08179,16.0,0.0818,24.0
1753533115356,12:31:55.356,BID/USDT:USDT,0.08156,24.0,0.08148,24.0,0.08179,16.0,0.0818,24.0
1753533115470,12:31:55.470,BID/USDT:USDT,0.08148,24.0,0.08139,2.0,0.08179,16.0,0.0818,24.0
1753533115541,12:31:55.541,BID/USDT:USDT,0.08148,24.0,0.08139,2.0,0.08179,16.0,0.0818,24.0
1753533115732,12:31:55.732,BID/USDT:USDT,0.08157,24.0,0.0815,2.0,0.08187,34.0,0.08188,24.0
1753533115823,12:31:55.823,BID/USDT:USDT,0.08157,24.0,0.08156,2.0,0.08187,34.0,0.08188,24.0
1753533115885,12:31:55.885,BID/USDT:USDT,0.08157,24.0,0.08156,2.0,0.08187,34.0,0.08188,24.0
1753533115979,12:31:55.979,BID/USDT:USDT,0.08157,24.0,0.08154,2.0,0.08187,34.0,0.08188,24.0
1753533116704,12:31:56.704,BID/USDT:USDT,0.08157,24.0,0.08154,2.0,0.08187,34.0,0.08188,24.0
1753533117129,12:31:57.129,BID/USDT:USDT,0.08157,24.0,0.08154,2.0,0.08187,34.0,0.08188,24.0
1753533118023,12:31:58.023,BID/USDT:USDT,0.08157,24.0,0.08154,2.0,0.08187,34.0,0.08188,24.0
1753533118327,12:31:58.327,BID/USDT:USDT,0.08157,24.0,0.08155,2.0,0.08187,34.0,0.08188,24.0
1753533119497,12:31:59.497,BID/USDT:USDT,0.08157,24.0,0.08153,2.0,0.08187,34.0,0.08188,24.0
1753533119819,12:31:59.819,BID/USDT:USDT,0.08157,24.0,0.08153,2.0,0.08187,34.0,0.08188,24.0
1753533120175,12:32:00.175,BID/USDT:USDT,0.08157,24.0,0.08151,2.0,0.08187,34.0,0.08188,24.0
1753533120348,12:32:00.348,BID/USDT:USDT,0.08157,24.0,0.08151,2.0,0.08187,34.0,0.08188,24.0
1753533120943,12:32:00.943,BID/USDT:USDT,0.08157,24.0,0.08151,2.0,0.08187,34.0,0.08188,24.0
1753533121332,12:32:01.332,BID/USDT:USDT,0.08157,24.0,0.08148,26.0,0.08179,10.0,0.0818,24.0
1753533121374,12:32:01.374,BID/USDT:USDT,0.08157,24.0,0.08148,26.0,0.08179,10.0,0.0818,24.0
1753533121441,12:32:01.441,BID/USDT:USDT,0.08157,24.0,0.08148,26.0,0.08179,10.0,0.0818,24.0
1753533121580,12:32:01.580,BID/USDT:USDT,0.08157,24.0,0.08148,26.0,0.08179,10.0,0.0818,24.0
1753533121696,12:32:01.696,BID/USDT:USDT,0.08157,24.0,0.08148,26.0,0.08179,10.0,0.0818,24.0
1753533124619,12:32:04.619,BID/USDT:USDT,0.08157,24.0,0.08148,26.0,0.08179,10.0,0.0818,24.0
1753533125629,12:32:05.629,BID/USDT:USDT,0.08157,24.0,0.08148,26.0,0.08179,10.0,0.0818,24.0
1753533129419,12:32:09.419,BID/USDT:USDT,0.08157,24.0,0.08148,26.0,0.08179,10.0,0.0818,24.0
1753533133955,12:32:13.955,BID/USDT:USDT,0.08157,24.0,0.08148,26.0,0.08179,10.0,0.0818,24.0
1753533134219,12:32:14.219,BID/USDT:USDT,0.08157,24.0,0.08148,26.0,0.08179,10.0,0.0818,24.0
1753533134551,12:32:14.551,BID/USDT:USDT,0.08157,24.0,0.08148,26.0,0.08179,10.0,0.0818,24.0
1753533135135,12:32:15.135,BID/USDT:USDT,0.08157,24.0,0.08148,26.0,0.08179,10.0,0.0818,24.0
1753533135356,12:32:15.356,BID/USDT:USDT,0.08157,24.0,0.08148,26.0,0.08179,10.0,0.0818,24.0
1753533138398,12:32:18.398,BID/USDT:USDT,0.08157,24.0,0.08148,26.0,0.08179,10.0,0.0818,24.0
1753533139019,12:32:19.019,BID/USDT:USDT,0.08157,24.0,0.08148,26.0,0.08179,10.0,0.0818,24.0
1753533143559,12:32:23.559,BID/USDT:USDT,0.08157,24.0,0.08149,2.0,0.08179,10.0,0.0818,24.0
1753533143819,12:32:23.819,BID/USDT:USDT,0.08157,24.0,0.08149,2.0,0.08179,10.0,0.0818,24.0
1753533144542,12:32:24.542,BID/USDT:USDT,0.08157,24.0,0.08149,2.0,0.08179,10.0,0.0818,24.0
1753533148619,12:32:28.619,BID/USDT:USDT,0.08157,24.0,0.08148,24.0,0.08179,10.0,0.0818,24.0
1753533148644,12:32:28.644,BID/USDT:USDT,0.08157,24.0,0.08148,24.0,0.08179,10.0,0.0818,24.0
1753533148741,12:32:28.741,BID/USDT:USDT,0.08157,24.0,0.08148,24.0,0.08179,10.0,0.0818,24.0
1753533152820,12:32:32.820,BID/USDT:USDT,0.08157,24.0,0.08154,2.0,0.08187,42.0,0.08188,24.0
1753533152840,12:32:32.840,BID/USDT:USDT,0.08157,24.0,0.08154,2.0,0.08187,42.0,0.08188,24.0
1753533152989,12:32:32.989,BID/USDT:USDT,0.08157,24.0,0.08154,2.0,0.08187,42.0,0.08188,24.0
1753533153327,12:32:33.327,BID/USDT:USDT,0.08157,24.0,0.08154,2.0,0.08187,48.0,0.08188,24.0
1753533153428,12:32:33.428,BID/USDT:USDT,0.08157,24.0,0.08154,2.0,0.08187,64.0,0.08188,24.0
1753533153802,12:32:33.802,BID/USDT:USDT,0.08157,24.0,0.08154,2.0,0.08187,64.0,0.08188,24.0
1753533154214,12:32:34.214,BID/USDT:USDT,0.08157,24.0,0.08154,2.0,0.08187,52.0,0.08188,24.0
1753533154922,12:32:34.922,BID/USDT:USDT,0.08157,24.0,0.08154,2.0,0.08187,52.0,0.08188,24.0
1753533155025,12:32:35.025,BID/USDT:USDT,0.08157,24.0,0.08154,2.0,0.08187,64.0,0.08188,24.0
1753533155048,12:32:35.048,BID/USDT:USDT,0.08157,24.0,0.08154,2.0,0.08187,52.0,0.08188,24.0
1753533155858,12:32:35.858,BID/USDT:USDT,0.08157,24.0,0.08154,2.0,0.08187,52.0,0.08188,24.0
1753533156558,12:32:36.558,BID/USDT:USDT,0.08157,24.0,0.08154,2.0,0.08187,52.0,0.08188,24.0
1753533157194,12:32:37.194,BID/USDT:USDT,0.08157,24.0,0.08155,2.0,0.08187,52.0,0.08188,24.0
1753533157928,12:32:37.928,BID/USDT:USDT,0.08157,24.0,0.08155,2.0,0.08187,52.0,0.08188,24.0
1753533158025,12:32:38.025,BID/USDT:USDT,0.08157,24.0,0.08155,2.0,0.08187,58.0,0.08188,24.0
1753533158220,12:32:38.220,BID/USDT:USDT,0.08157,24.0,0.08155,2.0,0.08187,58.0,0.08188,24.0
1753533158319,12:32:38.319,BID/USDT:USDT,0.08157,24.0,0.08155,2.0,0.08187,58.0,0.08188,24.0
1753533158343,12:32:38.343,BID/USDT:USDT,0.08157,24.0,0.08155,2.0,0.08187,64.0,0.08188,24.0
1753533158475,12:32:38.475,BID/USDT:USDT,0.08157,24.0,0.08155,2.0,0.08187,64.0,0.08188,24.0
1753533158558,12:32:38.558,BID/USDT:USDT,0.08157,24.0,0.08155,2.0,0.08187,64.0,0.08188,24.0
1753533158727,12:32:38.727,BID/USDT:USDT,0.08157,24.0,0.08153,2.0,0.08187,64.0,0.08188,24.0
1753533159557,12:32:39.557,BID/USDT:USDT,0.08157,24.0,0.08153,2.0,0.08187,64.0,0.08188,24.0
1753533159986,12:32:39.986,BID/USDT:USDT,0.08157,24.0,0.08153,2.0,0.08187,64.0,0.08188,24.0
1753533160396,12:32:40.396,BID/USDT:USDT,0.08157,24.0,0.08153,2.0,0.08187,64.0,0.08188,24.0
1753533160830,12:32:40.830,BID/USDT:USDT,0.08148,26.0,0.08147,94.0,0.0818,24.0,0.08187,64.0
1753533160930,12:32:40.930,BID/USDT:USDT,0.08148,24.0,0.08147,94.0,0.0818,30.0,0.08187,34.0
1753533161025,12:32:41.025,BID/USDT:USDT,0.08148,24.0,0.08147,94.0,0.0818,42.0,0.08187,34.0
1753533161131,12:32:41.131,BID/USDT:USDT,0.08148,24.0,0.08147,94.0,0.0818,48.0,0.08187,34.0
1753533161178,12:32:41.178,BID/USDT:USDT,0.08148,24.0,0.08147,94.0,0.0818,42.0,0.08187,34.0
1753533161326,12:32:41.326,BID/USDT:USDT,0.08148,24.0,0.08147,94.0,0.0818,54.0,0.08187,34.0
1753533161428,12:32:41.428,BID/USDT:USDT,0.08148,24.0,0.08147,94.0,0.0818,24.0,0.08187,34.0
1753533161520,12:32:41.520,BID/USDT:USDT,0.08145,24.0,0.08139,2.0,0.08172,24.0,0.0818,24.0
1753533161582,12:32:41.582,BID/USDT:USDT,0.08145,24.0,0.08139,2.0,0.08172,24.0,0.0818,24.0
1753533161641,12:32:41.641,BID/USDT:USDT,0.08145,24.0,0.08139,2.0,0.08172,24.0,0.0818,24.0
1753533161867,12:32:41.867,BID/USDT:USDT,0.08145,24.0,0.08139,2.0,0.08172,24.0,0.0818,24.0
1753533162028,12:32:42.028,BID/USDT:USDT,0.08145,24.0,0.08139,2.0,0.08172,24.0,0.0818,24.0
1753533162048,12:32:42.048,BID/USDT:USDT,0.08145,24.0,0.08139,2.0,0.08172,24.0,0.0818,24.0
1753533162182,12:32:42.182,BID/USDT:USDT,0.08145,24.0,0.08139,2.0,0.08172,24.0,0.0818,24.0
1753533162236,12:32:42.236,BID/USDT:USDT,0.08145,24.0,0.08138,10.0,0.08172,24.0,0.0818,24.0
1753533162800,12:32:42.800,BID/USDT:USDT,0.08145,24.0,0.08138,10.0,0.08172,24.0,0.0818,24.0
1753533164030,12:32:44.030,BID/USDT:USDT,0.08145,24.0,0.08138,10.0,0.08172,24.0,0.0818,24.0
1753533164328,12:32:44.328,BID/USDT:USDT,0.08145,24.0,0.08138,10.0,0.08172,24.0,0.0818,24.0
1753533164423,12:32:44.423,BID/USDT:USDT,0.08145,24.0,0.08138,10.0,0.08172,24.0,0.0818,24.0
1753533164626,12:32:44.626,BID/USDT:USDT,0.08145,24.0,0.08138,10.0,0.08172,24.0,0.0818,24.0
1753533165233,12:32:45.233,BID/USDT:USDT,0.08145,24.0,0.08138,12.0,0.08172,24.0,0.0818,24.0
1753533166043,12:32:46.043,BID/USDT:USDT,0.08145,24.0,0.08138,10.0,0.08172,24.0,0.0818,24.0
1753533166202,12:32:46.202,BID/USDT:USDT,0.08145,24.0,0.08137,24.0,0.08172,36.0,0.0818,24.0
1753533166810,12:32:46.810,BID/USDT:USDT,0.08145,24.0,0.08137,24.0,0.08172,36.0,0.0818,24.0
1753533167227,12:32:47.227,BID/USDT:USDT,0.08145,24.0,0.08137,24.0,0.08172,36.0,0.08173,94.0
1753533167624,12:32:47.624,BID/USDT:USDT,0.08145,24.0,0.08137,24.0,0.08172,36.0,0.08173,94.0
1753533168078,12:32:48.078,BID/USDT:USDT,0.08145,24.0,0.08137,24.0,0.08172,48.0,0.08173,94.0
1753533168454,12:32:48.454,BID/USDT:USDT,0.08145,24.0,0.08137,24.0,0.08172,48.0,0.08173,94.0
1753533169477,12:32:49.477,BID/USDT:USDT,0.08145,24.0,0.08137,24.0,0.08172,36.0,0.08173,94.0
1753533169600,12:32:49.600,BID/USDT:USDT,0.08145,24.0,0.0814,2.0,0.08172,48.0,0.08173,94.0
1753533169776,12:32:49.776,BID/USDT:USDT,0.08145,24.0,0.08138,2.0,0.08172,48.0,0.08173,94.0
1753533170024,12:32:50.024,BID/USDT:USDT,0.08145,24.0,0.08138,2.0,0.08172,60.0,0.08173,94.0
1753533170500,12:32:50.500,BID/USDT:USDT,0.08145,24.0,0.08138,2.0,0.08172,72.0,0.08173,94.0
1753533170621,12:32:50.621,BID/USDT:USDT,0.08145,24.0,0.08138,2.0,0.08172,72.0,0.08173,94.0
1753533170683,12:32:50.683,BID/USDT:USDT,0.08145,24.0,0.08138,2.0,0.08172,60.0,0.08173,94.0
1753533170825,12:32:50.825,BID/USDT:USDT,0.08145,24.0,0.08138,2.0,0.08172,66.0,0.08173,94.0
1753533170877,12:32:50.877,BID/USDT:USDT,0.08145,24.0,0.08138,2.0,0.08172,60.0,0.08173,94.0
1753533171020,12:32:51.020,BID/USDT:USDT,0.08145,24.0,0.08138,2.0,0.08172,72.0,0.08173,94.0
1753533171059,12:32:51.059,BID/USDT:USDT,0.08145,24.0,0.08137,24.0,0.08172,60.0,0.08173,94.0
1753533171693,12:32:51.693,BID/USDT:USDT,0.08145,24.0,0.08137,24.0,0.08172,60.0,0.08173,94.0
1753533172130,12:32:52.130,BID/USDT:USDT,0.08145,24.0,0.08137,24.0,0.08172,60.0,0.08173,94.0
1753533172806,12:32:52.806,BID/USDT:USDT,0.08145,24.0,0.08137,24.0,0.08172,60.0,0.08173,94.0
1753533173000,12:32:53.000,BID/USDT:USDT,0.08145,24.0,0.08137,24.0,0.08172,60.0,0.08173,94.0
1753533175420,12:32:55.420,BID/USDT:USDT,0.08145,24.0,0.08137,24.0,0.08172,60.0,0.08173,94.0
1753533177482,12:32:57.482,BID/USDT:USDT,0.08145,24.0,0.08137,24.0,0.08172,60.0,0.08173,94.0
1753533177562,12:32:57.562,BID/USDT:USDT,0.08145,24.0,0.08137,24.0,0.08172,60.0,0.08173,94.0
1753533177753,12:32:57.753,BID/USDT:USDT,0.08145,24.0,0.08137,24.0,0.08172,60.0,0.08173,94.0
1753533178182,12:32:58.182,BID/USDT:USDT,0.08145,24.0,0.08137,24.0,0.08172,54.0,0.08173,94.0
1753533178891,12:32:58.891,BID/USDT:USDT,0.08145,24.0,0.08137,24.0,0.08172,60.0,0.08173,94.0
1753533180218,12:33:00.218,BID/USDT:USDT,0.08145,24.0,0.08137,24.0,0.08172,60.0,0.08173,94.0
1753533180300,12:33:00.300,BID/USDT:USDT,0.08145,24.0,0.08137,24.0,0.08172,66.0,0.08173,94.0
1753533180560,12:33:00.560,BID/USDT:USDT,0.08145,24.0,0.08137,24.0,0.08172,66.0,0.08173,94.0
1753533181430,12:33:01.430,BID/USDT:USDT,0.08145,24.0,0.08137,24.0,0.08172,82.0,0.08173,94.0
1753533182121,12:33:02.121,BID/USDT:USDT,0.08145,24.0,0.08137,24.0,0.08172,82.0,0.08173,94.0
1753533182329,12:33:02.329,BID/USDT:USDT,0.08145,24.0,0.08137,24.0,0.08172,116.0,0.08173,94.0
1753533182975,12:33:02.975,BID/USDT:USDT,0.08145,24.0,0.08137,24.0,0.08172,116.0,0.08173,94.0
1753533183048,12:33:03.048,BID/USDT:USDT,0.08145,24.0,0.08137,24.0,0.08172,132.0,0.08173,94.0
1753533184015,12:33:04.015,BID/USDT:USDT,0.08145,24.0,0.08137,24.0,0.08171,37.0,0.08172,114.0
1753533184300,12:33:04.300,BID/USDT:USDT,0.08137,24.0,0.08129,24.0,0.08163,34.0,0.08164,24.0
1753533184341,12:33:04.341,BID/USDT:USDT,0.08137,24.0,0.08129,24.0,0.08163,40.0,0.08164,24.0
1753533184493,12:33:04.493,BID/USDT:USDT,0.08137,24.0,0.08129,24.0,0.08163,46.0,0.08164,24.0
1753533184610,12:33:04.610,BID/USDT:USDT,0.08137,24.0,0.08129,24.0,0.08163,46.0,0.08164,24.0
1753533184788,12:33:04.788,BID/USDT:USDT,0.08137,24.0,0.08129,24.0,0.08163,46.0,0.08164,24.0
1753533186010,12:33:06.010,BID/USDT:USDT,0.08137,24.0,0.08129,24.0,0.08163,46.0,0.08164,24.0
1753533186515,12:33:06.515,BID/USDT:USDT,0.08137,24.0,0.08129,24.0,0.08163,46.0,0.08164,24.0
1753533186538,12:33:06.538,BID/USDT:USDT,0.08137,24.0,0.08129,26.0,0.08163,40.0,0.08164,24.0
1753533186672,12:33:06.672,BID/USDT:USDT,0.08137,24.0,0.08129,26.0,0.08163,34.0,0.08164,24.0
1753533186823,12:33:06.823,BID/USDT:USDT,0.08137,24.0,0.0813,2.0,0.08163,40.0,0.08164,24.0
1753533186874,12:33:06.874,BID/USDT:USDT,0.08137,24.0,0.0813,2.0,0.08163,34.0,0.08164,24.0
1753533187821,12:33:07.821,BID/USDT:USDT,0.08137,24.0,0.0813,2.0,0.08163,34.0,0.08164,24.0
1753533188246,12:33:08.246,BID/USDT:USDT,0.08137,24.0,0.0813,2.0,0.08163,34.0,0.08164,24.0
1753533189597,12:33:09.597,BID/USDT:USDT,0.08137,24.0,0.0813,2.0,0.08163,46.0,0.08164,24.0
1753533189639,12:33:09.639,BID/USDT:USDT,0.08137,24.0,0.0813,2.0,0.08163,46.0,0.08164,24.0
1753533189743,12:33:09.743,BID/USDT:USDT,0.08137,24.0,0.0813,2.0,0.08163,46.0,0.08164,24.0
1753533189869,12:33:09.869,BID/USDT:USDT,0.08137,24.0,0.0813,2.0,0.08163,46.0,0.08164,24.0
1753533190280,12:33:10.280,BID/USDT:USDT,0.08137,24.0,0.08132,2.0,0.08163,46.0,0.08164,24.0
1753533190533,12:33:10.533,BID/USDT:USDT,0.08137,24.0,0.08132,2.0,0.08163,46.0,0.08164,24.0
1753533190773,12:33:10.773,BID/USDT:USDT,0.08137,24.0,0.08132,2.0,0.08163,46.0,0.08164,24.0
1753533192621,12:33:12.621,BID/USDT:USDT,0.08137,24.0,0.08132,2.0,0.08163,46.0,0.08164,24.0
1753533192641,12:33:12.641,BID/USDT:USDT,0.08137,24.0,0.08132,2.0,0.08163,46.0,0.08164,24.0
1753533193480,12:33:13.480,BID/USDT:USDT,0.08137,24.0,0.08136,2.0,0.08163,10.0,0.08171,10.0
1753533193728,12:33:13.728,BID/USDT:USDT,0.08137,24.0,0.08136,2.0,0.08163,10.0,0.08171,10.0
1753533193916,12:33:13.916,BID/USDT:USDT,0.08137,24.0,0.08136,2.0,0.08162,10.0,0.08163,24.0
1753533194338,12:33:14.338,BID/USDT:USDT,0.08137,24.0,0.08136,2.0,0.08162,10.0,0.08163,24.0
1753533194813,12:33:14.813,BID/USDT:USDT,0.08137,24.0,0.08136,2.0,0.08162,10.0,0.08163,24.0
1753533194893,12:33:14.893,BID/USDT:USDT,0.08137,24.0,0.08136,2.0,0.08163,24.0,0.08171,10.0
1753533195230,12:33:15.230,BID/USDT:USDT,0.08145,24.0,0.08139,2.0,0.08171,10.0,0.08172,48.0
1753533195273,12:33:15.273,BID/USDT:USDT,0.08145,24.0,0.08141,2.0,0.08171,10.0,0.08172,48.0
1753533195341,12:33:15.341,BID/USDT:USDT,0.08145,24.0,0.08141,2.0,0.08171,10.0,0.08172,48.0
1753533195497,12:33:15.497,BID/USDT:USDT,0.08145,24.0,0.08141,2.0,0.08171,10.0,0.08172,48.0
1753533195591,12:33:15.591,BID/USDT:USDT,0.08145,24.0,0.08142,2.0,0.08171,10.0,0.08172,48.0
1753533195668,12:33:15.668,BID/USDT:USDT,0.08145,24.0,0.08142,2.0,0.08171,10.0,0.08172,48.0
1753533196028,12:33:16.028,BID/USDT:USDT,0.08145,24.0,0.08142,2.0,0.08171,10.0,0.08172,48.0
1753533196107,12:33:16.107,BID/USDT:USDT,0.08145,24.0,0.08142,2.0,0.08171,10.0,0.08172,48.0
1753533196372,12:33:16.372,BID/USDT:USDT,0.08145,24.0,0.08142,2.0,0.08171,10.0,0.08172,48.0
1753533196827,12:33:16.827,BID/USDT:USDT,0.08145,24.0,0.0814,2.0,0.08171,10.0,0.08172,48.0
1753533196939,12:33:16.939,BID/USDT:USDT,0.08145,24.0,0.0814,2.0,0.08171,10.0,0.08172,48.0
1753533197420,12:33:17.420,BID/USDT:USDT,0.08145,24.0,0.0814,2.0,0.08171,10.0,0.08172,48.0
1753533197523,12:33:17.523,BID/USDT:USDT,0.08145,24.0,0.0814,2.0,0.08171,10.0,0.08172,48.0
1753533199022,12:33:19.022,BID/USDT:USDT,0.08145,24.0,0.0814,2.0,0.08171,10.0,0.08172,48.0
1753533199075,12:33:19.075,BID/USDT:USDT,0.08145,24.0,0.0814,2.0,0.08171,10.0,0.08172,48.0
1753533199232,12:33:19.232,BID/USDT:USDT,0.08145,24.0,0.08138,24.0,0.08171,10.0,0.08172,48.0
1753533199284,12:33:19.284,BID/USDT:USDT,0.08145,24.0,0.08138,24.0,0.08171,10.0,0.08172,48.0
1753533199382,12:33:19.382,BID/USDT:USDT,0.08145,24.0,0.08138,24.0,0.08171,10.0,0.08172,48.0
1753533199448,12:33:19.448,BID/USDT:USDT,0.08145,24.0,0.08138,24.0,0.08171,10.0,0.08172,48.0
1753533199805,12:33:19.805,BID/USDT:USDT,0.08145,24.0,0.08138,24.0,0.08171,10.0,0.08172,48.0
1753533199923,12:33:19.923,BID/USDT:USDT,0.08145,24.0,0.08138,24.0,0.08171,10.0,0.08172,48.0
1753533200021,12:33:20.021,BID/USDT:USDT,0.08145,24.0,0.08138,24.0,0.08171,10.0,0.08172,48.0
1753533202221,12:33:22.221,BID/USDT:USDT,0.08145,24.0,0.08138,24.0,0.08171,10.0,0.08172,48.0
1753533202414,12:33:22.414,BID/USDT:USDT,0.08145,24.0,0.08138,24.0,0.08171,10.0,0.08172,48.0
1753533202553,12:33:22.553,BID/USDT:USDT,0.08145,24.0,0.08137,24.0,0.08171,10.0,0.08172,48.0
1753533202639,12:33:22.639,BID/USDT:USDT,0.08145,24.0,0.08137,24.0,0.08171,10.0,0.08172,48.0
1753533202782,12:33:22.782,BID/USDT:USDT,0.08145,24.0,0.08137,24.0,0.08171,10.0,0.08172,58.0
1753533203026,12:33:23.026,BID/USDT:USDT,0.08145,24.0,0.08137,24.0,0.08171,10.0,0.08172,58.0
1753533203858,12:33:23.858,BID/USDT:USDT,0.08145,24.0,0.08137,24.0,0.08171,10.0,0.08172,58.0
1753533207021,12:33:27.021,BID/USDT:USDT,0.08145,24.0,0.08137,24.0,0.08171,10.0,0.08172,58.0
1753533207901,12:33:27.901,BID/USDT:USDT,0.08145,24.0,0.08137,24.0,0.08171,10.0,0.08172,58.0
1753533210327,12:33:30.327,BID/USDT:USDT,0.08137,24.0,0.08129,118.0,0.08163,34.0,0.08164,24.0
1753533210343,12:33:30.343,BID/USDT:USDT,0.08137,24.0,0.08129,118.0,0.08163,34.0,0.08164,24.0
1753533210440,12:33:30.440,BID/USDT:USDT,0.08137,24.0,0.08129,118.0,0.08163,34.0,0.08164,24.0
1753533210553,12:33:30.553,BID/USDT:USDT,0.08137,24.0,0.08129,118.0,0.08163,34.0,0.08164,24.0
1753533210822,12:33:30.822,BID/USDT:USDT,0.08137,24.0,0.08129,118.0,0.08163,40.0,0.08164,24.0
1753533211026,12:33:31.026,BID/USDT:USDT,0.08137,24.0,0.08129,118.0,0.08163,47.0,0.08164,24.0
1753533211328,12:33:31.328,BID/USDT:USDT,0.08129,118.0,0.08124,2.0,0.08156,24.0,0.08163,34.0
1753533211413,12:33:31.413,BID/USDT:USDT,0.08129,24.0,0.08124,2.0,0.08156,24.0,0.08163,125.0
1753533211440,12:33:31.440,BID/USDT:USDT,0.08129,24.0,0.08124,2.0,0.08156,24.0,0.08163,125.0
1753533211629,12:33:31.629,BID/USDT:USDT,0.08129,24.0,0.08124,2.0,0.08156,24.0,0.08163,125.0
1753533211985,12:33:31.985,BID/USDT:USDT,0.08129,24.0,0.08124,2.0,0.08156,24.0,0.08163,125.0
1753533212092,12:33:32.092,BID/USDT:USDT,0.08129,24.0,0.08124,2.0,0.08156,24.0,0.08163,125.0
1753533212228,12:33:32.228,BID/USDT:USDT,0.08129,24.0,0.08124,2.0,0.08156,31.0,0.08163,125.0
1753533212628,12:33:32.628,BID/USDT:USDT,0.08129,24.0,0.08124,2.0,0.08156,37.0,0.08163,125.0
1753533212673,12:33:32.673,BID/USDT:USDT,0.08129,24.0,0.08124,2.0,0.08155,10.0,0.08156,37.0
1753533212808,12:33:32.808,BID/USDT:USDT,0.08129,24.0,0.08124,2.0,0.08155,10.0,0.08156,37.0
1753533213621,12:33:33.621,BID/USDT:USDT,0.08129,24.0,0.08124,2.0,0.08155,10.0,0.08156,37.0
1753533214283,12:33:34.283,BID/USDT:USDT,0.08129,24.0,0.08124,2.0,0.08155,10.0,0.08156,37.0
1753533214501,12:33:34.501,BID/USDT:USDT,0.08129,24.0,0.08124,2.0,0.08155,10.0,0.08156,37.0
1753533214832,12:33:34.832,BID/USDT:USDT,0.08129,24.0,0.08124,2.0,0.08155,10.0,0.08156,37.0
1753533215269,12:33:35.269,BID/USDT:USDT,0.08129,24.0,0.08124,2.0,0.08155,10.0,0.08156,30.0
1753533215677,12:33:35.677,BID/USDT:USDT,0.08129,24.0,0.08124,2.0,0.08155,10.0,0.08156,24.0
1753533217030,12:33:37.030,BID/USDT:USDT,0.08129,24.0,0.08121,24.0,0.08155,10.0,0.08156,24.0
1753533217110,12:33:37.110,BID/USDT:USDT,0.08129,24.0,0.08121,26.0,0.08155,16.0,0.08156,24.0
1753533217223,12:33:37.223,BID/USDT:USDT,0.08129,24.0,0.08122,24.0,0.08155,16.0,0.08156,24.0
1753533217285,12:33:37.285,BID/USDT:USDT,0.08129,24.0,0.08122,26.0,0.08155,22.0,0.08156,24.0
1753533217615,12:33:37.615,BID/USDT:USDT,0.08129,24.0,0.08122,26.0,0.08155,22.0,0.08156,24.0
1753533217659,12:33:37.659,BID/USDT:USDT,0.08129,24.0,0.08122,26.0,0.08155,22.0,0.08156,24.0
1753533218421,12:33:38.421,BID/USDT:USDT,0.08129,24.0,0.08122,26.0,0.08155,22.0,0.08156,24.0
1753533218878,12:33:38.878,BID/USDT:USDT,0.08129,24.0,0.08122,26.0,0.08155,22.0,0.08156,24.0
1753533220019,12:33:40.019,BID/USDT:USDT,0.08129,24.0,0.08122,24.0,0.08155,22.0,0.08156,24.0
1753533220036,12:33:40.036,BID/USDT:USDT,0.08129,24.0,0.08121,24.0,0.08155,22.0,0.08156,24.0
1753533222319,12:33:42.319,BID/USDT:USDT,0.08129,24.0,0.08121,24.0,0.08155,22.0,0.08156,24.0
1753533222610,12:33:42.610,BID/USDT:USDT,0.08129,24.0,0.08122,24.0,0.08155,22.0,0.08156,24.0
1753533223221,12:33:43.221,BID/USDT:USDT,0.08129,24.0,0.08122,24.0,0.08155,22.0,0.08156,24.0
1753533223237,12:33:43.237,BID/USDT:USDT,0.08129,24.0,0.08121,24.0,0.08155,22.0,0.08156,24.0
1753533223550,12:33:43.550,BID/USDT:USDT,0.08129,24.0,0.08121,24.0,0.08155,22.0,0.08156,24.0
1753533223723,12:33:43.723,BID/USDT:USDT,0.08129,24.0,0.08121,24.0,0.08155,22.0,0.08156,24.0
1753533225109,12:33:45.109,BID/USDT:USDT,0.08129,24.0,0.08122,24.0,0.08155,22.0,0.08156,24.0
1753533225216,12:33:45.216,BID/USDT:USDT,0.08129,24.0,0.08123,2.0,0.08155,34.0,0.08156,24.0
1753533225286,12:33:45.286,BID/USDT:USDT,0.08129,24.0,0.08123,2.0,0.08155,34.0,0.08156,24.0
1753533225376,12:33:45.376,BID/USDT:USDT,0.08129,24.0,0.08123,2.0,0.08155,34.0,0.08156,24.0
1753533226016,12:33:46.016,BID/USDT:USDT,0.08129,24.0,0.08122,24.0,0.08155,34.0,0.08156,24.0
1753533226281,12:33:46.281,BID/USDT:USDT,0.08129,24.0,0.08122,24.0,0.08155,34.0,0.08156,24.0
1753533226526,12:33:46.526,BID/USDT:USDT,0.08129,24.0,0.08122,24.0,0.08155,40.0,0.08156,24.0
1753533227124,12:33:47.124,BID/USDT:USDT,0.08129,24.0,0.08122,24.0,0.08155,56.0,0.08156,24.0
1753533227426,12:33:47.426,BID/USDT:USDT,0.08129,24.0,0.08121,24.0,0.08148,24.0,0.08154,24.0
1753533227503,12:33:47.503,BID/USDT:USDT,0.08129,24.0,0.08121,24.0,0.08148,30.0,0.08154,24.0
1753533227617,12:33:47.617,BID/USDT:USDT,0.08129,24.0,0.08121,26.0,0.08148,24.0,0.08154,24.0
1753533227759,12:33:47.759,BID/USDT:USDT,0.08129,24.0,0.08121,26.0,0.08148,24.0,0.08154,24.0
1753533227878,12:33:47.878,BID/USDT:USDT,0.08129,24.0,0.08122,24.0,0.08148,24.0,0.08154,24.0
1753533228021,12:33:48.021,BID/USDT:USDT,0.08129,24.0,0.08122,24.0,0.08148,24.0,0.08154,24.0
1753533228524,12:33:48.524,BID/USDT:USDT,0.08129,24.0,0.08122,26.0,0.08148,24.0,0.08154,24.0
1753533228584,12:33:48.584,BID/USDT:USDT,0.08129,24.0,0.08122,26.0,0.08148,24.0,0.08154,24.0
1753533228809,12:33:48.809,BID/USDT:USDT,0.08129,24.0,0.08122,26.0,0.08148,24.0,0.08154,24.0
1753533229001,12:33:49.001,BID/USDT:USDT,0.08129,24.0,0.08122,26.0,0.08148,24.0,0.08154,24.0
1753533229107,12:33:49.107,BID/USDT:USDT,0.08129,24.0,0.08125,2.0,0.08154,42.0,0.08156,24.0
1753533229158,12:33:49.158,BID/USDT:USDT,0.08129,24.0,0.08125,2.0,0.08154,36.0,0.08156,24.0
1753533229288,12:33:49.288,BID/USDT:USDT,0.08129,24.0,0.08125,2.0,0.08154,36.0,0.08156,24.0
1753533229417,12:33:49.417,BID/USDT:USDT,0.08129,24.0,0.08125,2.0,0.08154,36.0,0.08156,24.0
1753533229510,12:33:49.510,BID/USDT:USDT,0.08129,24.0,0.08125,2.0,0.08153,10.0,0.08154,24.0
1753533229832,12:33:49.832,BID/USDT:USDT,0.08129,24.0,0.08125,2.0,0.08153,10.0,0.08154,24.0
1753533229835,12:33:49.835,BID/USDT:USDT,0.08129,24.0,0.08125,2.0,0.08153,10.0,0.08154,24.0
1753533230251,12:33:50.251,BID/USDT:USDT,0.08129,24.0,0.08125,2.0,0.08153,10.0,0.08154,24.0
1753533231056,12:33:51.056,BID/USDT:USDT,0.08129,24.0,0.08125,2.0,0.08153,16.0,0.08154,24.0
1753533232025,12:33:52.025,BID/USDT:USDT,0.08129,24.0,0.08126,2.0,0.08153,16.0,0.08154,24.0
1753533232128,12:33:52.128,BID/USDT:USDT,0.08129,24.0,0.08123,2.0,0.08153,22.0,0.08154,24.0
1753533232328,12:33:52.328,BID/USDT:USDT,0.08129,24.0,0.08123,2.0,0.08153,30.0,0.08154,24.0
1753533232525,12:33:52.525,BID/USDT:USDT,0.08129,24.0,0.08124,2.0,0.08153,10.0,0.08154,24.0
1753533232574,12:33:52.574,BID/USDT:USDT,0.08129,24.0,0.08126,2.0,0.08153,10.0,0.08154,24.0
1753533232729,12:33:52.729,BID/USDT:USDT,0.08129,24.0,0.08127,2.0,0.08153,10.0,0.08154,24.0
1753533232822,12:33:52.822,BID/USDT:USDT,0.08129,24.0,0.08127,2.0,0.08153,10.0,0.08154,24.0
1753533233523,12:33:53.523,BID/USDT:USDT,0.08123,2.0,0.08122,24.0,0.08148,24.0,0.08153,10.0
1753533233612,12:33:53.612,BID/USDT:USDT,0.08123,2.0,0.08122,24.0,0.08148,24.0,0.08153,10.0
1753533233640,12:33:53.640,BID/USDT:USDT,0.08123,2.0,0.08122,24.0,0.08148,24.0,0.08153,10.0
1753533233822,12:33:53.822,BID/USDT:USDT,0.08123,2.0,0.08122,24.0,0.08148,24.0,0.08153,10.0
1753533233907,12:33:53.907,BID/USDT:USDT,0.08123,2.0,0.08122,24.0,0.08148,24.0,0.08153,10.0
1753533234558,12:33:54.558,BID/USDT:USDT,0.08123,2.0,0.08122,24.0,0.08148,24.0,0.08153,10.0
1753533234829,12:33:54.829,BID/USDT:USDT,0.08122,24.0,0.08121,26.0,0.08148,24.0,0.08153,10.0
1753533235963,12:33:55.963,BID/USDT:USDT,0.08122,24.0,0.08121,26.0,0.08148,24.0,0.08153,10.0
1753533236603,12:33:56.603,BID/USDT:USDT,0.08129,24.0,0.08127,2.0,0.08156,36.0,0.08158,94.0
1753533236644,12:33:56.644,BID/USDT:USDT,0.08129,24.0,0.08127,2.0,0.08156,42.0,0.08158,94.0
1753533236787,12:33:56.787,BID/USDT:USDT,0.08129,24.0,0.08127,2.0,0.08156,42.0,0.08158,94.0
1753533236878,12:33:56.878,BID/USDT:USDT,0.08129,24.0,0.08127,2.0,0.08156,42.0,0.08158,94.0
1753533237122,12:33:57.122,BID/USDT:USDT,0.08122,24.0,0.08121,24.0,0.08147,10.0,0.08148,24.0
1753533237218,12:33:57.218,BID/USDT:USDT,0.08122,24.0,0.08121,24.0,0.08147,10.0,0.08148,24.0
1753533237241,12:33:57.241,BID/USDT:USDT,0.08122,24.0,0.08121,24.0,0.08147,10.0,0.08148,24.0
1753533237623,12:33:57.623,BID/USDT:USDT,0.08122,24.0,0.08121,24.0,0.08147,10.0,0.08148,24.0
1753533237847,12:33:57.847,BID/USDT:USDT,0.08122,24.0,0.08121,24.0,0.08147,10.0,0.08148,24.0
1753533238055,12:33:58.055,BID/USDT:USDT,0.08122,24.0,0.08121,24.0,0.08147,10.0,0.08148,24.0
1753533239368,12:33:59.368,BID/USDT:USDT,0.08122,24.0,0.08121,24.0,0.08147,10.0,0.08148,24.0
1753533240228,12:34:00.228,BID/USDT:USDT,0.08121,24.0,0.0812,1.0,0.08147,10.0,0.08148,24.0
1753533240365,12:34:00.365,BID/USDT:USDT,0.08121,24.0,0.0812,1.0,0.08147,10.0,0.08148,24.0
1753533241507,12:34:01.507,BID/USDT:USDT,0.08121,24.0,0.0812,1.0,0.08147,10.0,0.08148,24.0
1753533241684,12:34:01.684,BID/USDT:USDT,0.08121,24.0,0.0812,1.0,0.08147,10.0,0.08148,24.0
1753533242422,12:34:02.422,BID/USDT:USDT,0.08121,24.0,0.0812,1.0,0.08147,10.0,0.08148,24.0
1753533243229,12:34:03.229,BID/USDT:USDT,0.08121,24.0,0.0812,1.0,0.08147,10.0,0.08148,24.0
1753533243710,12:34:03.710,BID/USDT:USDT,0.08121,24.0,0.0812,1.0,0.08147,10.0,0.08148,24.0
1753533244415,12:34:04.415,BID/USDT:USDT,0.08121,24.0,0.0812,1.0,0.08147,10.0,0.08148,24.0
1753533244529,12:34:04.529,BID/USDT:USDT,0.08121,24.0,0.0812,1.0,0.08147,10.0,0.08148,24.0
1753533244598,12:34:04.598,BID/USDT:USDT,0.08121,24.0,0.0812,1.0,0.08147,10.0,0.08148,24.0
1753533244964,12:34:04.964,BID/USDT:USDT,0.08121,24.0,0.0812,1.0,0.08147,10.0,0.08148,24.0
1753533247281,12:34:07.281,BID/USDT:USDT,0.08121,24.0,0.0812,1.0,0.08147,10.0,0.08148,24.0
1753533247425,12:34:07.425,BID/USDT:USDT,0.08121,24.0,0.0812,1.0,0.08147,10.0,0.08148,24.0
1753533247574,12:34:07.574,BID/USDT:USDT,0.08121,24.0,0.0812,3.0,0.08147,10.0,0.08148,24.0
1753533247840,12:34:07.840,BID/USDT:USDT,0.08121,24.0,0.0812,3.0,0.08147,10.0,0.08148,24.0
1753533248024,12:34:08.024,BID/USDT:USDT,0.08121,26.0,0.0812,1.0,0.08147,10.0,0.08148,24.0
1753533250564,12:34:10.564,BID/USDT:USDT,0.08121,26.0,0.0812,1.0,0.08147,10.0,0.08148,24.0
1753533251065,12:34:11.065,BID/USDT:USDT,0.08121,26.0,0.0812,1.0,0.08147,10.0,0.08148,24.0
1753533251471,12:34:11.471,BID/USDT:USDT,0.08121,24.0,0.0812,1.0,0.08147,10.0,0.08148,24.0
1753533251876,12:34:11.876,BID/USDT:USDT,0.08121,24.0,0.0812,1.0,0.08147,10.0,0.08148,24.0
1753533252030,12:34:12.030,BID/USDT:USDT,0.08123,2.0,0.08121,24.0,0.08147,10.0,0.08148,24.0
1753533252114,12:34:12.114,BID/USDT:USDT,0.08124,2.0,0.08121,24.0,0.08147,10.0,0.08148,24.0
1753533252225,12:34:12.225,BID/USDT:USDT,0.08124,2.0,0.08122,10.0,0.08147,10.0,0.08148,24.0
1753533252694,12:34:12.694,BID/USDT:USDT,0.08124,2.0,0.08122,10.0,0.08147,10.0,0.08148,24.0
1753533252828,12:34:12.828,BID/USDT:USDT,0.08131,24.0,0.08128,2.0,0.08156,24.0,0.08163,24.0
1753533252906,12:34:12.906,BID/USDT:USDT,0.08131,24.0,0.08128,2.0,0.08156,24.0,0.08163,24.0
1753533252969,12:34:12.969,BID/USDT:USDT,0.08131,24.0,0.08128,2.0,0.08156,24.0,0.08163,24.0
1753533253119,12:34:13.119,BID/USDT:USDT,0.08131,24.0,0.08126,2.0,0.08156,24.0,0.08163,24.0
1753533253216,12:34:13.216,BID/USDT:USDT,0.08131,24.0,0.08126,2.0,0.08155,10.0,0.08156,24.0
1753533253421,12:34:13.421,BID/USDT:USDT,0.08131,24.0,0.08126,2.0,0.08155,10.0,0.08156,24.0
1753533253523,12:34:13.523,BID/USDT:USDT,0.08131,24.0,0.08124,2.0,0.08155,10.0,0.08156,24.0
1753533253938,12:34:13.938,BID/USDT:USDT,0.08131,24.0,0.08124,2.0,0.08155,10.0,0.08156,24.0
1753533254202,12:34:14.202,BID/USDT:USDT,0.08131,24.0,0.08124,2.0,0.08155,10.0,0.08156,24.0
1753533254372,12:34:14.372,BID/USDT:USDT,0.08131,24.0,0.08124,2.0,0.08155,10.0,0.08156,24.0
1753533254722,12:34:14.722,BID/USDT:USDT,0.08131,24.0,0.08122,26.0,0.08155,10.0,0.08156,24.0
1753533254736,12:34:14.736,BID/USDT:USDT,0.08131,24.0,0.08122,26.0,0.08155,10.0,0.08156,24.0
1753533255195,12:34:15.195,BID/USDT:USDT,0.08131,24.0,0.08122,26.0,0.08155,10.0,0.08156,34.0
1753533255994,12:34:15.994,BID/USDT:USDT,0.08131,24.0,0.08122,26.0,0.08155,10.0,0.08156,34.0
1753533256101,12:34:16.101,BID/USDT:USDT,0.08121,24.0,0.0812,1.0,0.08155,10.0,0.08156,34.0
1753533256201,12:34:16.201,BID/USDT:USDT,0.08121,24.0,0.0812,1.0,0.08148,24.0,0.08154,24.0
1753533256241,12:34:16.241,BID/USDT:USDT,0.08121,24.0,0.0812,1.0,0.08148,24.0,0.08154,24.0
1753533256410,12:34:16.410,BID/USDT:USDT,0.08121,24.0,0.0812,1.0,0.08148,24.0,0.08154,24.0
1753533256437,12:34:16.437,BID/USDT:USDT,0.08121,24.0,0.0812,1.0,0.08148,24.0,0.08154,24.0
1753533256828,12:34:16.828,BID/USDT:USDT,0.08121,24.0,0.0812,1.0,0.08148,24.0,0.08154,24.0
1753533258118,12:34:18.118,BID/USDT:USDT,0.08121,24.0,0.0812,1.0,0.08148,30.0,0.08154,24.0
1753533258327,12:34:18.327,BID/USDT:USDT,0.08121,24.0,0.0812,1.0,0.08148,24.0,0.08154,24.0
1753533258392,12:34:18.392,BID/USDT:USDT,0.08121,24.0,0.0812,1.0,0.08148,24.0,0.08154,24.0
1753533259025,12:34:19.025,BID/USDT:USDT,0.08121,24.0,0.0812,1.0,0.08148,24.0,0.08154,24.0
1753533259622,12:34:19.622,BID/USDT:USDT,0.08121,24.0,0.0812,1.0,0.08148,24.0,0.08154,24.0
1753533264090,12:34:24.090,BID/USDT:USDT,0.08121,24.0,0.0812,1.0,0.08148,24.0,0.08154,24.0
1753533264422,12:34:24.422,BID/USDT:USDT,0.08121,24.0,0.0812,1.0,0.08148,24.0,0.08154,24.0
1753533265656,12:34:25.656,BID/USDT:USDT,0.08121,24.0,0.0812,1.0,0.08148,24.0,0.08154,24.0
1753533266042,12:34:26.042,BID/USDT:USDT,0.08121,24.0,0.0812,1.0,0.08148,24.0,0.08154,24.0
1753533266925,12:34:26.925,BID/USDT:USDT,0.08121,24.0,0.0812,1.0,0.08148,24.0,0.08154,24.0
1753533267044,12:34:27.044,BID/USDT:USDT,0.08121,24.0,0.0812,1.0,0.08148,24.0,0.08154,24.0
1753533267357,12:34:27.357,BID/USDT:USDT,0.08121,24.0,0.0812,1.0,0.08148,24.0,0.08154,24.0
1753533269110,12:34:29.110,BID/USDT:USDT,0.08121,24.0,0.0812,1.0,0.08148,24.0,0.08154,24.0
1753533269222,12:34:29.222,BID/USDT:USDT,0.08121,24.0,0.0812,1.0,0.08148,24.0,0.08154,24.0
1753533269378,12:34:29.378,BID/USDT:USDT,0.08121,24.0,0.0812,1.0,0.08148,24.0,0.08154,24.0
1753533270600,12:34:30.600,BID/USDT:USDT,0.08121,24.0,0.0812,1.0,0.08148,24.0,0.08154,24.0
1753533271093,12:34:31.093,BID/USDT:USDT,0.08121,24.0,0.0812,1.0,0.08148,24.0,0.08154,24.0
1753533271313,12:34:31.313,BID/USDT:USDT,0.08121,24.0,0.0812,1.0,0.08148,24.0,0.08154,24.0
1753533271371,12:34:31.371,BID/USDT:USDT,0.08121,24.0,0.0812,1.0,0.08148,24.0,0.08154,24.0
1753533271532,12:34:31.532,BID/USDT:USDT,0.08121,24.0,0.0812,1.0,0.08148,24.0,0.08154,24.0
1753533271533,12:34:31.533,BID/USDT:USDT,0.08121,24.0,0.0812,1.0,0.08148,24.0,0.08154,24.0
1753533271967,12:34:31.967,BID/USDT:USDT,0.08121,24.0,0.0812,1.0,0.08148,24.0,0.08154,24.0
1753533272401,12:34:32.401,BID/USDT:USDT,0.08121,24.0,0.0812,1.0,0.08148,24.0,0.08154,24.0
1753533274023,12:34:34.023,BID/USDT:USDT,0.08121,24.0,0.0812,1.0,0.08148,24.0,0.08154,24.0
1753533275232,12:34:35.232,BID/USDT:USDT,0.08121,24.0,0.0812,1.0,0.08148,24.0,0.08154,24.0
1753533276072,12:34:36.072,BID/USDT:USDT,0.08121,24.0,0.0812,1.0,0.08148,24.0,0.08154,24.0
1753533276666,12:34:36.666,BID/USDT:USDT,0.08121,24.0,0.0812,1.0,0.08148,24.0,0.08154,24.0
1753533278823,12:34:38.823,BID/USDT:USDT,0.08121,24.0,0.0812,1.0,0.08148,24.0,0.08154,24.0
1753533279886,12:34:39.886,BID/USDT:USDT,0.08121,24.0,0.0812,1.0,0.08148,24.0,0.08154,24.0
1753533280112,12:34:40.112,BID/USDT:USDT,0.08121,24.0,0.0812,1.0,0.08148,24.0,0.08154,24.0
1753533280953,12:34:40.953,BID/USDT:USDT,0.08121,24.0,0.0812,1.0,0.08148,24.0,0.08154,24.0
1753533283623,12:34:43.623,BID/USDT:USDT,0.08121,24.0,0.0812,1.0,0.08148,24.0,0.08154,24.0
1753533285115,12:34:45.115,BID/USDT:USDT,0.08121,24.0,0.0812,1.0,0.08148,24.0,0.08154,24.0
1753533285415,12:34:45.415,BID/USDT:USDT,0.08121,24.0,0.0812,1.0,0.08148,24.0,0.08154,24.0
1753533285843,12:34:45.843,BID/USDT:USDT,0.08121,24.0,0.0812,1.0,0.08148,24.0,0.08154,24.0
1753533288423,12:34:48.423,BID/USDT:USDT,0.08121,24.0,0.0812,1.0,0.08148,24.0,0.08151,94.0
1753533288802,12:34:48.802,BID/USDT:USDT,0.08121,24.0,0.0812,1.0,0.08148,24.0,0.08151,94.0
1753533289088,12:34:49.088,BID/USDT:USDT,0.08121,24.0,0.0812,1.0,0.08148,24.0,0.08151,94.0
1753533293224,12:34:53.224,BID/USDT:USDT,0.08121,24.0,0.0812,1.0,0.08148,24.0,0.08151,94.0
1753533293248,12:34:53.248,BID/USDT:USDT,0.08121,24.0,0.0812,1.0,0.08148,24.0,0.08151,94.0
1753533293341,12:34:53.341,BID/USDT:USDT,0.08121,24.0,0.0812,1.0,0.08148,24.0,0.08151,94.0
1753533295142,12:34:55.142,BID/USDT:USDT,0.08121,24.0,0.0812,1.0,0.08148,24.0,0.08151,94.0
1753533298023,12:34:58.023,BID/USDT:USDT,0.08121,24.0,0.0812,1.0,0.08148,24.0,0.08151,94.0
1753533298055,12:34:58.055,BID/USDT:USDT,0.08121,24.0,0.0812,1.0,0.08148,24.0,0.08151,94.0
1753533298140,12:34:58.140,BID/USDT:USDT,0.08121,24.0,0.0812,1.0,0.08148,24.0,0.08151,94.0
1753533298838,12:34:58.838,BID/USDT:USDT,0.08121,24.0,0.0812,1.0,0.08148,24.0,0.08151,94.0
1753533299316,12:34:59.316,BID/USDT:USDT,0.08121,24.0,0.0812,1.0,0.08148,24.0,0.08151,94.0
1753533300188,12:35:00.188,BID/USDT:USDT,0.08121,24.0,0.0812,1.0,0.08148,24.0,0.08151,94.0
1753533302826,12:35:02.826,BID/USDT:USDT,0.08121,24.0,0.0812,1.0,0.08148,24.0,0.08151,94.0
1753533303123,12:35:03.123,BID/USDT:USDT,0.08121,24.0,0.0812,1.0,0.08148,24.0,0.08151,94.0
1753533303292,12:35:03.292,BID/USDT:USDT,0.08121,24.0,0.0812,1.0,0.08148,24.0,0.08151,94.0
1753533303335,12:35:03.335,BID/USDT:USDT,0.08121,24.0,0.0812,1.0,0.08148,24.0,0.08151,94.0
1753533303501,12:35:03.501,BID/USDT:USDT,0.08121,24.0,0.0812,1.0,0.08148,24.0,0.08151,94.0
1753533304003,12:35:04.003,BID/USDT:USDT,0.08121,24.0,0.0812,1.0,0.08148,24.0,0.08151,94.0
1753533304431,12:35:04.431,BID/USDT:USDT,0.08121,24.0,0.0812,1.0,0.08148,24.0,0.08151,94.0
1753533305272,12:35:05.272,BID/USDT:USDT,0.08121,24.0,0.0812,1.0,0.08148,24.0,0.08151,94.0
1753533305385,12:35:05.385,BID/USDT:USDT,0.08121,24.0,0.0812,1.0,0.08148,24.0,0.08151,94.0
1753533305717,12:35:05.717,BID/USDT:USDT,0.08121,24.0,0.0812,1.0,0.08148,24.0,0.08151,94.0
1753533305858,12:35:05.858,BID/USDT:USDT,0.08121,24.0,0.0812,1.0,0.08148,24.0,0.08151,94.0
1753533306145,12:35:06.145,BID/USDT:USDT,0.08121,24.0,0.0812,1.0,0.08148,24.0,0.08151,94.0
1753533306981,12:35:06.981,BID/USDT:USDT,0.08121,24.0,0.0812,1.0,0.08148,24.0,0.08151,94.0
1753533307507,12:35:07.507,BID/USDT:USDT,0.08121,24.0,0.0812,1.0,0.08148,24.0,0.08151,94.0
1753533307623,12:35:07.623,BID/USDT:USDT,0.08121,24.0,0.0812,1.0,0.08148,24.0,0.08151,94.0
1753533307807,12:35:07.807,BID/USDT:USDT,0.08121,24.0,0.0812,1.0,0.08148,24.0,0.08151,94.0
1753533308230,12:35:08.230,BID/USDT:USDT,0.08121,24.0,0.0812,1.0,0.08148,24.0,0.08151,94.0
1753533310378,12:35:10.378,BID/USDT:USDT,0.08121,24.0,0.0812,1.0,0.08148,24.0,0.08151,94.0
1753533310670,12:35:10.670,BID/USDT:USDT,0.08121,24.0,0.0812,1.0,0.08148,24.0,0.08151,94.0
1753533311098,12:35:11.098,BID/USDT:USDT,0.08121,24.0,0.0812,1.0,0.08148,24.0,0.08151,94.0
1753533312423,12:35:12.423,BID/USDT:USDT,0.08121,24.0,0.0812,1.0,0.08148,24.0,0.08151,94.0
1753533315526,12:35:15.526,BID/USDT:USDT,0.08121,24.0,0.0812,1.0,0.08147,10.0,0.08148,36.0
1753533315590,12:35:15.590,BID/USDT:USDT,0.0812,1.0,0.08116,1.0,0.08139,24.0,0.08147,10.0
1753533315642,12:35:15.642,BID/USDT:USDT,0.0812,1.0,0.08116,1.0,0.08139,24.0,0.08147,10.0
1753533315765,12:35:15.765,BID/USDT:USDT,0.0812,1.0,0.08116,1.0,0.08139,24.0,0.08147,10.0
1753533315971,12:35:15.971,BID/USDT:USDT,0.0812,1.0,0.08116,1.0,0.08139,24.0,0.08147,10.0
1753533316186,12:35:16.186,BID/USDT:USDT,0.0812,1.0,0.08116,1.0,0.08139,24.0,0.08147,10.0
1753533316490,12:35:16.490,BID/USDT:USDT,0.0812,1.0,0.08116,1.0,0.08139,24.0,0.08147,10.0
1753533316812,12:35:16.812,BID/USDT:USDT,0.0812,1.0,0.08116,1.0,0.08139,24.0,0.08147,10.0
1753533316938,12:35:16.938,BID/USDT:USDT,0.0812,1.0,0.08116,1.0,0.08139,24.0,0.08147,10.0
1753533317225,12:35:17.225,BID/USDT:USDT,0.0812,1.0,0.08116,1.0,0.08139,24.0,0.08147,10.0
1753533317241,12:35:17.241,BID/USDT:USDT,0.0812,1.0,0.08116,1.0,0.08139,30.0,0.08147,10.0
1753533317377,12:35:17.377,BID/USDT:USDT,0.0812,1.0,0.08116,1.0,0.08139,30.0,0.08147,10.0
1753533318030,12:35:18.030,BID/USDT:USDT,0.0812,1.0,0.08116,1.0,0.08139,30.0,0.08147,10.0
1753533319215,12:35:19.215,BID/USDT:USDT,0.0812,1.0,0.08116,1.0,0.08139,36.0,0.08147,10.0
1753533319415,12:35:19.415,BID/USDT:USDT,0.0812,1.0,0.08116,1.0,0.08139,36.0,0.08147,10.0
1753533319461,12:35:19.461,BID/USDT:USDT,0.0812,1.0,0.08116,1.0,0.08139,24.0,0.08147,10.0
1753533319564,12:35:19.564,BID/USDT:USDT,0.0812,1.0,0.08116,1.0,0.08139,24.0,0.08147,10.0
1753533320252,12:35:20.252,BID/USDT:USDT,0.0812,1.0,0.08116,1.0,0.08139,36.0,0.08147,10.0
1753533321276,12:35:21.276,BID/USDT:USDT,0.0812,1.0,0.08116,1.0,0.08139,36.0,0.08147,10.0
1753533321452,12:35:21.452,BID/USDT:USDT,0.0812,1.0,0.08116,1.0,0.08138,10.0,0.08139,24.0
1753533321671,12:35:21.671,BID/USDT:USDT,0.0812,1.0,0.08116,1.0,0.08138,10.0,0.08139,24.0
1753533322025,12:35:22.025,BID/USDT:USDT,0.0812,1.0,0.08116,1.0,0.08138,10.0,0.08139,24.0
1753533323975,12:35:23.975,BID/USDT:USDT,0.0812,1.0,0.08116,1.0,0.08138,10.0,0.08139,24.0
1753533324095,12:35:24.095,BID/USDT:USDT,0.0812,1.0,0.08116,1.0,0.08138,10.0,0.08139,24.0
1753533324820,12:35:24.820,BID/USDT:USDT,0.0812,1.0,0.08116,1.0,0.08138,22.0,0.08139,24.0
1753533324925,12:35:24.925,BID/USDT:USDT,0.0812,1.0,0.08116,1.0,0.08138,22.0,0.08139,24.0
1753533325032,12:35:25.032,BID/USDT:USDT,0.08121,24.0,0.0812,1.0,0.08138,6.0,0.08148,24.0
1753533325101,12:35:25.101,BID/USDT:USDT,0.08121,24.0,0.0812,1.0,0.08148,24.0,0.08151,94.0
1753533325185,12:35:25.185,BID/USDT:USDT,0.08121,24.0,0.0812,1.0,0.08148,36.0,0.08151,94.0
1753533325311,12:35:25.311,BID/USDT:USDT,0.08121,24.0,0.0812,1.0,0.08148,36.0,0.08151,94.0
1753533325400,12:35:25.400,BID/USDT:USDT,0.08121,24.0,0.0812,1.0,0.08147,10.0,0.08148,36.0
1753533325730,12:35:25.730,BID/USDT:USDT,0.08121,24.0,0.0812,1.0,0.08147,10.0,0.08148,24.0
1753533325749,12:35:25.749,BID/USDT:USDT,0.08121,24.0,0.0812,1.0,0.08147,10.0,0.08148,24.0
1753533325840,12:35:25.840,BID/USDT:USDT,0.08121,24.0,0.0812,1.0,0.08147,10.0,0.08148,24.0
1753533326128,12:35:26.128,BID/USDT:USDT,0.08121,24.0,0.0812,1.0,0.08147,10.0,0.08148,24.0
1753533326823,12:35:26.823,BID/USDT:USDT,0.08121,24.0,0.0812,1.0,0.08147,10.0,0.08148,24.0
1753533327204,12:35:27.204,BID/USDT:USDT,0.08121,24.0,0.0812,1.0,0.08147,22.0,0.08148,24.0
1753533327249,12:35:27.249,BID/USDT:USDT,0.08121,24.0,0.0812,1.0,0.08147,16.0,0.08148,24.0
1753533327397,12:35:27.397,BID/USDT:USDT,0.08121,24.0,0.0812,1.0,0.08147,16.0,0.08148,24.0
1753533329197,12:35:29.197,BID/USDT:USDT,0.08121,24.0,0.0812,1.0,0.08147,16.0,0.08148,24.0
1753533329258,12:35:29.258,BID/USDT:USDT,0.08121,24.0,0.0812,1.0,0.08147,16.0,0.08148,24.0
1753533329340,12:35:29.340,BID/USDT:USDT,0.08121,24.0,0.0812,1.0,0.08147,16.0,0.08148,24.0
1753533330124,12:35:30.124,BID/USDT:USDT,0.08121,24.0,0.0812,1.0,0.08147,10.0,0.08148,24.0
1753533331624,12:35:31.624,BID/USDT:USDT,0.08121,24.0,0.0812,1.0,0.08147,10.0,0.08148,24.0
1753533335856,12:35:35.856,BID/USDT:USDT,0.08121,24.0,0.0812,1.0,0.08147,10.0,0.08148,24.0
1753533336424,12:35:36.424,BID/USDT:USDT,0.08121,24.0,0.0812,1.0,0.08147,10.0,0.08148,24.0
1753533341224,12:35:41.224,BID/USDT:USDT,0.08121,24.0,0.0812,1.0,0.08147,10.0,0.08148,24.0
1753533343809,12:35:43.809,BID/USDT:USDT,0.08121,24.0,0.0812,1.0,0.08147,10.0,0.08148,24.0
1753533344921,12:35:44.921,BID/USDT:USDT,0.08121,24.0,0.0812,1.0,0.08147,10.0,0.08148,24.0
1753533346025,12:35:46.025,BID/USDT:USDT,0.08121,24.0,0.0812,1.0,0.08147,10.0,0.08148,24.0
1753533349794,12:35:49.794,BID/USDT:USDT,0.08121,24.0,0.0812,1.0,0.08147,10.0,0.08148,24.0
1753533349846,12:35:49.846,BID/USDT:USDT,0.08121,24.0,0.0812,1.0,0.08147,10.0,0.08148,24.0
1753533350123,12:35:50.123,BID/USDT:USDT,0.08121,24.0,0.0812,1.0,0.08147,10.0,0.08148,24.0
1753533350627,12:35:50.627,BID/USDT:USDT,0.08121,24.0,0.0812,3.0,0.08147,10.0,0.08148,24.0
1753533350693,12:35:50.693,BID/USDT:USDT,0.08121,26.0,0.0812,1.0,0.08147,10.0,0.08148,24.0
1753533350827,12:35:50.827,BID/USDT:USDT,0.08121,26.0,0.0812,1.0,0.08147,10.0,0.08148,24.0
1753533351110,12:35:51.110,BID/USDT:USDT,0.08122,10.0,0.08121,26.0,0.08147,10.0,0.08148,24.0
1753533355210,12:35:55.210,BID/USDT:USDT,0.08122,10.0,0.08121,26.0,0.08147,10.0,0.08148,24.0
1753533355330,12:35:55.330,BID/USDT:USDT,0.08122,10.0,0.08121,26.0,0.08148,24.0,0.08154,24.0
1753533355425,12:35:55.425,BID/USDT:USDT,0.08122,12.0,0.08121,24.0,0.08148,24.0,0.08154,24.0
1753533355625,12:35:55.625,BID/USDT:USDT,0.08122,12.0,0.08121,24.0,0.08148,24.0,0.08154,24.0
1753533355715,12:35:55.715,BID/USDT:USDT,0.08122,12.0,0.08121,24.0,0.08148,24.0,0.08154,24.0
1753533355850,12:35:55.850,BID/USDT:USDT,0.08122,12.0,0.08121,24.0,0.08148,24.0,0.08154,24.0
1753533357903,12:35:57.903,BID/USDT:USDT,0.08122,12.0,0.08121,24.0,0.08148,24.0,0.08154,24.0
1753533357946,12:35:57.946,BID/USDT:USDT,0.08122,12.0,0.08121,24.0,0.08148,24.0,0.08154,24.0
1753533358041,12:35:58.041,BID/USDT:USDT,0.08122,12.0,0.08121,24.0,0.08148,24.0,0.08154,24.0
1753533360199,12:36:00.199,BID/USDT:USDT,0.08122,12.0,0.08121,24.0,0.08148,24.0,0.08154,24.0
1753533360236,12:36:00.236,BID/USDT:USDT,0.08122,10.0,0.08121,24.0,0.08148,24.0,0.08154,24.0
1753533360425,12:36:00.425,BID/USDT:USDT,0.08122,10.0,0.08121,24.0,0.08148,24.0,0.08154,24.0
1753533360936,12:36:00.936,BID/USDT:USDT,0.08122,10.0,0.08121,26.0,0.08148,24.0,0.08154,24.0
1753533361035,12:36:01.035,BID/USDT:USDT,0.08122,12.0,0.08121,24.0,0.08148,24.0,0.08154,24.0
1753533361416,12:36:01.416,BID/USDT:USDT,0.08123,12.0,0.08122,10.0,0.08148,24.0,0.08154,24.0
1753533361436,12:36:01.436,BID/USDT:USDT,0.08123,12.0,0.08122,10.0,0.08148,24.0,0.08154,24.0
1753533361613,12:36:01.613,BID/USDT:USDT,0.08123,12.0,0.08122,10.0,0.08148,24.0,0.08154,24.0
1753533362972,12:36:02.972,BID/USDT:USDT,0.08123,2.0,0.08122,10.0,0.08148,24.0,0.08154,24.0
1753533365225,12:36:05.225,BID/USDT:USDT,0.08123,2.0,0.08122,10.0,0.08148,24.0,0.08154,24.0
1753533367278,12:36:07.278,BID/USDT:USDT,0.08122,10.0,0.08121,26.0,0.08148,24.0,0.08154,24.0
1753533367345,12:36:07.345,BID/USDT:USDT,0.08122,10.0,0.08121,26.0,0.08148,24.0,0.08154,24.0
1753533367440,12:36:07.440,BID/USDT:USDT,0.08122,10.0,0.08121,26.0,0.08148,24.0,0.08154,24.0
1753533368321,12:36:08.321,BID/USDT:USDT,0.08122,34.0,0.08121,24.0,0.08148,24.0,0.08154,24.0
1753533368423,12:36:08.423,BID/USDT:USDT,0.08121,24.0,0.0812,1.0,0.08148,24.0,0.08154,24.0
1753533368512,12:36:08.512,BID/USDT:USDT,0.08121,24.0,0.0812,1.0,0.08148,24.0,0.08154,24.0
1753533368680,12:36:08.680,BID/USDT:USDT,0.0812,1.0,0.08116,1.0,0.0814,24.0,0.08148,24.0
1753533368740,12:36:08.740,BID/USDT:USDT,0.0812,1.0,0.08116,1.0,0.0814,24.0,0.08148,24.0
1753533368842,12:36:08.842,BID/USDT:USDT,0.0812,1.0,0.08116,1.0,0.0814,24.0,0.08148,24.0
1753533369086,12:36:09.086,BID/USDT:USDT,0.0812,1.0,0.08116,1.0,0.0814,24.0,0.08148,24.0
1753533370025,12:36:10.025,BID/USDT:USDT,0.0812,1.0,0.08116,1.0,0.0814,24.0,0.08148,24.0
1753533370228,12:36:10.228,BID/USDT:USDT,0.0812,1.0,0.08116,1.0,0.0814,36.0,0.08148,24.0
1753533370281,12:36:10.281,BID/USDT:USDT,0.0812,1.0,0.08116,1.0,0.0814,24.0,0.08148,24.0
1753533370894,12:36:10.894,BID/USDT:USDT,0.0812,1.0,0.08116,1.0,0.0814,30.0,0.08148,24.0
1753533371000,12:36:11.000,BID/USDT:USDT,0.0812,1.0,0.08116,1.0,0.0814,24.0,0.08148,24.0
1753533372503,12:36:12.503,BID/USDT:USDT,0.0812,1.0,0.08116,1.0,0.0814,30.0,0.08148,24.0
1753533374330,12:36:14.330,BID/USDT:USDT,0.0812,1.0,0.08116,1.0,0.0814,24.0,0.08148,24.0
1753533374396,12:36:14.396,BID/USDT:USDT,0.0812,1.0,0.08116,1.0,0.0814,30.0,0.08148,24.0
1753533374825,12:36:14.825,BID/USDT:USDT,0.0812,1.0,0.08116,1.0,0.0814,30.0,0.08148,24.0
1753533374848,12:36:14.848,BID/USDT:USDT,0.0812,1.0,0.08116,1.0,0.08139,34.0,0.0814,24.0
1753533376060,12:36:16.060,BID/USDT:USDT,0.0812,1.0,0.08116,1.0,0.08139,34.0,0.0814,24.0
1753533379627,12:36:19.627,BID/USDT:USDT,0.0812,1.0,0.08116,1.0,0.08139,34.0,0.0814,24.0
1753533381224,12:36:21.224,BID/USDT:USDT,0.0812,1.0,0.08116,1.0,0.08139,34.0,0.0814,24.0
1753533384426,12:36:24.426,BID/USDT:USDT,0.0812,1.0,0.08116,1.0,0.08139,34.0,0.0814,24.0
1753533385359,12:36:25.359,BID/USDT:USDT,0.0812,1.0,0.08116,1.0,0.08139,34.0,0.0814,24.0
1753533387434,12:36:27.434,BID/USDT:USDT,0.0812,1.0,0.08116,1.0,0.08139,10.0,0.0814,24.0
1753533387485,12:36:27.485,BID/USDT:USDT,0.08121,24.0,0.0812,1.0,0.08139,10.0,0.08147,10.0
1753533387559,12:36:27.559,BID/USDT:USDT,0.08121,24.0,0.0812,1.0,0.08139,10.0,0.08147,10.0
1753533387698,12:36:27.698,BID/USDT:USDT,0.08121,24.0,0.0812,1.0,0.08147,10.0,0.08148,34.0
1753533387786,12:36:27.786,BID/USDT:USDT,0.08121,24.0,0.0812,1.0,0.08147,10.0,0.08148,34.0
1753533387841,12:36:27.841,BID/USDT:USDT,0.08121,24.0,0.0812,1.0,0.08147,10.0,0.08148,34.0
1753533388206,12:36:28.206,BID/USDT:USDT,0.08121,24.0,0.0812,1.0,0.08147,10.0,0.08148,34.0
1753533388337,12:36:28.337,BID/USDT:USDT,0.08121,24.0,0.0812,1.0,0.08147,16.0,0.08148,34.0
1753533389225,12:36:29.225,BID/USDT:USDT,0.08121,24.0,0.0812,1.0,0.08147,16.0,0.08148,34.0
1753533390631,12:36:30.631,BID/USDT:USDT,0.08106,24.0,0.08098,26.0,0.08133,10.0,0.08134,24.0
1753533390717,12:36:30.717,BID/USDT:USDT,0.08099,24.0,0.08098,24.0,0.08119,1.0,0.08132,24.0
1753533390775,12:36:30.775,BID/USDT:USDT,0.08099,24.0,0.08098,24.0,0.08119,1.0,0.08132,24.0
1753533390919,12:36:30.919,BID/USDT:USDT,0.08099,24.0,0.08098,24.0,0.08119,1.0,0.08132,24.0
1753533391020,12:36:31.020,BID/USDT:USDT,0.08099,24.0,0.08098,24.0,0.08119,1.0,0.08132,24.0
1753533391074,12:36:31.074,BID/USDT:USDT,0.08099,24.0,0.08098,24.0,0.08119,1.0,0.08132,24.0
1753533391156,12:36:31.156,BID/USDT:USDT,0.08099,24.0,0.08098,26.0,0.08119,1.0,0.08132,24.0
1753533391490,12:36:31.490,BID/USDT:USDT,0.08099,24.0,0.08098,26.0,0.08119,1.0,0.08132,24.0
1753533391660,12:36:31.660,BID/USDT:USDT,0.08099,24.0,0.08098,26.0,0.08119,1.0,0.08131,10.0
1753533391908,12:36:31.908,BID/USDT:USDT,0.08099,24.0,0.08098,26.0,0.08119,1.0,0.08131,10.0
1753533392325,12:36:32.325,BID/USDT:USDT,0.08099,24.0,0.08098,26.0,0.08119,1.0,0.08131,10.0
1753533392586,12:36:32.586,BID/USDT:USDT,0.08099,24.0,0.08098,26.0,0.08119,1.0,0.08131,10.0
1753533392794,12:36:32.794,BID/USDT:USDT,0.08099,24.0,0.08098,26.0,0.08119,1.0,0.08129,24.0
1753533393140,12:36:33.140,BID/USDT:USDT,0.08099,24.0,0.08098,26.0,0.08119,1.0,0.08129,24.0
1753533393640,12:36:33.640,BID/USDT:USDT,0.08099,24.0,0.08098,26.0,0.08119,1.0,0.08128,10.0
1753533393958,12:36:33.958,BID/USDT:USDT,0.08099,24.0,0.08098,26.0,0.08119,1.0,0.08128,10.0
1753533394122,12:36:34.122,BID/USDT:USDT,0.081,2.0,0.08099,24.0,0.08119,1.0,0.08129,24.0
1753533394218,12:36:34.218,BID/USDT:USDT,0.08102,2.0,0.08101,10.0,0.08119,1.0,0.08129,24.0
1753533394236,12:36:34.236,BID/USDT:USDT,0.08102,2.0,0.08101,10.0,0.08119,1.0,0.08129,24.0
1753533394380,12:36:34.380,BID/USDT:USDT,0.08102,2.0,0.08101,10.0,0.08119,1.0,0.08129,24.0
1753533394887,12:36:34.887,BID/USDT:USDT,0.08102,2.0,0.08101,10.0,0.08119,1.0,0.08129,24.0
1753533395193,12:36:35.193,BID/USDT:USDT,0.08102,2.0,0.08101,10.0,0.08119,1.0,0.08129,24.0
1753533395328,12:36:35.328,BID/USDT:USDT,0.08103,2.0,0.08101,10.0,0.08119,1.0,0.08129,24.0
1753533395371,12:36:35.371,BID/USDT:USDT,0.08103,2.0,0.081,10.0,0.08119,1.0,0.08129,24.0
1753533395615,12:36:35.615,BID/USDT:USDT,0.08103,2.0,0.081,10.0,0.08119,1.0,0.08129,24.0
1753533395892,12:36:35.892,BID/USDT:USDT,0.08103,2.0,0.081,10.0,0.08119,1.0,0.08129,24.0
1753533396020,12:36:36.020,BID/USDT:USDT,0.08104,2.0,0.081,10.0,0.08119,1.0,0.08129,24.0
1753533396041,12:36:36.041,BID/USDT:USDT,0.08104,2.0,0.081,10.0,0.08119,1.0,0.08129,24.0
1753533396141,12:36:36.141,BID/USDT:USDT,0.08104,2.0,0.081,10.0,0.08119,1.0,0.08129,24.0
1753533396825,12:36:36.825,BID/USDT:USDT,0.08104,2.0,0.081,10.0,0.08119,1.0,0.08129,24.0
1753533396866,12:36:36.866,BID/USDT:USDT,0.08104,2.0,0.081,10.0,0.08119,1.0,0.08129,24.0
1753533397118,12:36:37.118,BID/USDT:USDT,0.08106,24.0,0.08104,2.0,0.08119,1.0,0.08129,24.0
1753533397152,12:36:37.152,BID/USDT:USDT,0.08106,24.0,0.08104,2.0,0.08119,1.0,0.08129,24.0
1753533397292,12:36:37.292,BID/USDT:USDT,0.08106,24.0,0.08104,2.0,0.08119,1.0,0.08129,24.0
1753533397616,12:36:37.616,BID/USDT:USDT,0.08106,24.0,0.08104,2.0,0.08119,1.0,0.08129,24.0
1753533398121,12:36:38.121,BID/USDT:USDT,0.08106,24.0,0.08104,2.0,0.08119,1.0,0.08129,24.0
1753533398533,12:36:38.533,BID/USDT:USDT,0.08106,24.0,0.08104,2.0,0.08119,1.0,0.08129,24.0
1753533398933,12:36:38.933,BID/USDT:USDT,0.08106,24.0,0.08105,2.0,0.08119,1.0,0.08129,24.0
1753533401625,12:36:41.625,BID/USDT:USDT,0.08106,24.0,0.08105,2.0,0.08119,1.0,0.08129,24.0
1753533403463,12:36:43.463,BID/USDT:USDT,0.08106,24.0,0.08105,2.0,0.08119,1.0,0.08129,24.0
1753533404739,12:36:44.739,BID/USDT:USDT,0.08106,24.0,0.08105,2.0,0.08119,1.0,0.08129,24.0
1753533404976,12:36:44.976,BID/USDT:USDT,0.08106,24.0,0.08105,2.0,0.08119,1.0,0.08129,24.0
1753533405229,12:36:45.229,BID/USDT:USDT,0.08106,24.0,0.08105,2.0,0.08119,1.0,0.08129,24.0
1753533406428,12:36:46.428,BID/USDT:USDT,0.08106,24.0,0.08105,2.0,0.08119,1.0,0.08129,24.0
1753533407248,12:36:47.248,BID/USDT:USDT,0.08106,24.0,0.08105,2.0,0.08119,1.0,0.08129,24.0
1753533411225,12:36:51.225,BID/USDT:USDT,0.08106,24.0,0.08105,2.0,0.08119,1.0,0.08129,24.0
1753533412372,12:36:52.372,BID/USDT:USDT,0.08106,24.0,0.08105,2.0,0.08119,1.0,0.08129,24.0
1753533416026,12:36:56.026,BID/USDT:USDT,0.08106,24.0,0.08105,2.0,0.08119,1.0,0.08129,24.0
1753533417432,12:36:57.432,BID/USDT:USDT,0.08106,24.0,0.08103,2.0,0.08119,1.0,0.08129,24.0
1753533420177,12:37:00.177,BID/USDT:USDT,0.08101,2.0,0.081,10.0,0.08119,1.0,0.08129,24.0
1753533420330,12:37:00.330,BID/USDT:USDT,0.08101,2.0,0.081,10.0,0.08119,1.0,0.08128,10.0
1753533420397,12:37:00.397,BID/USDT:USDT,0.081,10.0,0.08099,26.0,0.08119,1.0,0.08128,10.0
1753533420492,12:37:00.492,BID/USDT:USDT,0.08101,6.0,0.081,10.0,0.08119,1.0,0.08128,10.0
1753533420542,12:37:00.542,BID/USDT:USDT,0.081,10.0,0.08099,26.0,0.08119,1.0,0.08128,10.0
1753533420826,12:37:00.826,BID/USDT:USDT,0.081,10.0,0.08099,26.0,0.08119,1.0,0.08128,10.0
1753533421076,12:37:01.076,BID/USDT:USDT,0.081,10.0,0.08099,26.0,0.08119,1.0,0.08128,10.0
1753533421377,12:37:01.377,BID/USDT:USDT,0.081,22.0,0.08099,26.0,0.08119,1.0,0.08128,10.0
1753533421513,12:37:01.513,BID/USDT:USDT,0.081,22.0,0.08099,26.0,0.08119,1.0,0.08128,10.0
1753533421551,12:37:01.551,BID/USDT:USDT,0.081,10.0,0.08099,26.0,0.08119,1.0,0.08128,10.0
1753533422526,12:37:02.526,BID/USDT:USDT,0.081,16.0,0.08099,26.0,0.08119,1.0,0.08128,10.0
1753533422592,12:37:02.592,BID/USDT:USDT,0.081,10.0,0.08099,26.0,0.08119,1.0,0.08128,10.0
1753533422641,12:37:02.641,BID/USDT:USDT,0.081,10.0,0.08099,26.0,0.08119,1.0,0.08128,10.0
1753533423497,12:37:03.497,BID/USDT:USDT,0.081,24.0,0.08099,24.0,0.08119,1.0,0.08128,10.0
1753533424260,12:37:04.260,BID/USDT:USDT,0.081,30.0,0.08099,24.0,0.08119,1.0,0.08128,10.0
1753533424372,12:37:04.372,BID/USDT:USDT,0.081,42.0,0.08099,24.0,0.08119,1.0,0.08128,10.0
1753533425626,12:37:05.626,BID/USDT:USDT,0.081,42.0,0.08099,24.0,0.08119,1.0,0.08128,10.0
1753533425967,12:37:05.967,BID/USDT:USDT,0.081,50.0,0.08099,24.0,0.08119,1.0,0.08128,10.0
1753533426498,12:37:06.498,BID/USDT:USDT,0.081,50.0,0.08099,24.0,0.08119,1.0,0.08128,10.0
1753533430426,12:37:10.426,BID/USDT:USDT,0.081,50.0,0.08099,24.0,0.08119,1.0,0.08128,10.0
1753533431207,12:37:11.207,BID/USDT:USDT,0.081,50.0,0.08099,24.0,0.08119,1.0,0.08128,10.0
1753533432329,12:37:12.329,BID/USDT:USDT,0.081,44.0,0.08099,24.0,0.08119,1.0,0.08128,10.0
1753533433052,12:37:13.052,BID/USDT:USDT,0.081,51.0,0.08099,24.0,0.08119,1.0,0.08128,10.0
1753533433147,12:37:13.147,BID/USDT:USDT,0.081,51.0,0.08099,24.0,0.08119,1.0,0.08128,10.0
1753533433240,12:37:13.240,BID/USDT:USDT,0.081,51.0,0.08099,24.0,0.08119,1.0,0.08128,10.0
1753533434499,12:37:14.499,BID/USDT:USDT,0.081,58.0,0.08099,24.0,0.08119,1.0,0.08128,10.0
1753533435226,12:37:15.226,BID/USDT:USDT,0.081,58.0,0.08099,24.0,0.08119,1.0,0.08128,10.0
1753533439116,12:37:19.116,BID/USDT:USDT,0.081,58.0,0.08099,24.0,0.08119,1.0,0.08128,10.0
1753533439268,12:37:19.268,BID/USDT:USDT,0.081,58.0,0.08099,24.0,0.08119,1.0,0.08128,10.0
1753533440026,12:37:20.026,BID/USDT:USDT,0.081,58.0,0.08099,24.0,0.08119,1.0,0.08128,10.0
1753533440091,12:37:20.091,BID/USDT:USDT,0.081,58.0,0.08099,24.0,0.08119,1.0,0.08128,10.0
1753533441648,12:37:21.648,BID/USDT:USDT,0.081,58.0,0.08099,24.0,0.08119,1.0,0.08128,10.0
1753533442130,12:37:22.130,BID/USDT:USDT,0.081,58.0,0.08099,24.0,0.08119,1.0,0.08128,10.0
1753533444826,12:37:24.826,BID/USDT:USDT,0.081,58.0,0.08099,24.0,0.08119,1.0,0.08128,10.0
1753533445305,12:37:25.305,BID/USDT:USDT,0.081,12.0,0.08099,24.0,0.08119,1.0,0.08128,10.0
1753533445804,12:37:25.804,BID/USDT:USDT,0.081,30.0,0.08099,24.0,0.08119,1.0,0.08128,10.0
1753533446011,12:37:26.011,BID/USDT:USDT,0.081,39.0,0.08099,24.0,0.08119,1.0,0.08128,10.0
1753533446831,12:37:26.831,BID/USDT:USDT,0.081,10.0,0.08099,24.0,0.08119,1.0,0.08128,10.0
1753533446968,12:37:26.968,BID/USDT:USDT,0.081,10.0,0.08099,24.0,0.08119,1.0,0.08128,10.0
1753533447393,12:37:27.393,BID/USDT:USDT,0.081,10.0,0.08099,24.0,0.08119,1.0,0.08128,10.0
1753533447624,12:37:27.624,BID/USDT:USDT,0.081,22.0,0.08099,24.0,0.08119,1.0,0.08128,10.0
1753533448474,12:37:28.474,BID/USDT:USDT,0.081,28.0,0.08099,24.0,0.08119,1.0,0.08128,10.0
1753533448787,12:37:28.787,BID/USDT:USDT,0.081,10.0,0.08099,24.0,0.08119,1.0,0.08128,10.0
1753533448912,12:37:28.912,BID/USDT:USDT,0.081,10.0,0.08099,24.0,0.08119,1.0,0.08128,10.0
1753533449426,12:37:29.426,BID/USDT:USDT,0.081,22.0,0.08099,24.0,0.08119,1.0,0.08128,10.0
1753533449626,12:37:29.626,BID/USDT:USDT,0.081,16.0,0.08099,24.0,0.08119,1.0,0.08128,10.0
1753533450101,12:37:30.101,BID/USDT:USDT,0.081,10.0,0.08099,24.0,0.08119,1.0,0.08128,10.0
1753533450376,12:37:30.376,BID/USDT:USDT,0.081,16.0,0.08099,24.0,0.08119,1.0,0.08128,10.0
1753533451129,12:37:31.129,BID/USDT:USDT,0.081,10.0,0.08099,24.0,0.08119,1.0,0.08128,10.0
1753533451149,12:37:31.149,BID/USDT:USDT,0.081,10.0,0.08099,24.0,0.08119,1.0,0.08128,10.0
1753533454427,12:37:34.427,BID/USDT:USDT,0.081,10.0,0.08099,24.0,0.08119,1.0,0.08128,10.0
1753533455979,12:37:35.979,BID/USDT:USDT,0.081,10.0,0.08099,24.0,0.08119,1.0,0.08128,10.0
1753533456124,12:37:36.124,BID/USDT:USDT,0.081,10.0,0.08099,26.0,0.08119,1.0,0.08128,10.0
1753533456196,12:37:36.196,BID/USDT:USDT,0.081,10.0,0.08099,26.0,0.08119,1.0,0.08128,10.0
1753533456260,12:37:36.260,BID/USDT:USDT,0.081,10.0,0.08099,26.0,0.08119,1.0,0.08128,10.0
1753533457094,12:37:37.094,BID/USDT:USDT,0.081,10.0,0.08099,26.0,0.08119,1.0,0.08128,10.0
1753533457519,12:37:37.519,BID/USDT:USDT,0.081,10.0,0.08099,26.0,0.08119,1.0,0.08128,10.0
1753533459227,12:37:39.227,BID/USDT:USDT,0.081,10.0,0.08099,26.0,0.08119,1.0,0.08128,10.0
1753533464028,12:37:44.028,BID/USDT:USDT,0.081,10.0,0.08099,26.0,0.08119,1.0,0.08128,10.0
1753533464060,12:37:44.060,BID/USDT:USDT,0.081,10.0,0.08099,26.0,0.08119,1.0,0.08128,10.0
1753533468827,12:37:48.827,BID/USDT:USDT,0.081,10.0,0.08099,26.0,0.08119,1.0,0.08128,10.0
1753533468852,12:37:48.852,BID/USDT:USDT,0.081,10.0,0.08099,26.0,0.08119,1.0,0.08128,10.0
1753533468940,12:37:48.940,BID/USDT:USDT,0.081,10.0,0.08099,26.0,0.08119,1.0,0.08128,10.0
1753533469794,12:37:49.794,BID/USDT:USDT,0.081,10.0,0.08099,26.0,0.08119,1.0,0.08128,10.0
1753533471513,12:37:51.513,BID/USDT:USDT,0.081,10.0,0.08099,26.0,0.08119,1.0,0.08128,10.0
1753533472311,12:37:52.311,BID/USDT:USDT,0.081,10.0,0.08099,26.0,0.08119,1.0,0.08128,10.0
1753533473628,12:37:53.628,BID/USDT:USDT,0.081,10.0,0.08099,26.0,0.08119,1.0,0.08128,10.0
1753533473729,12:37:53.729,BID/USDT:USDT,0.081,10.0,0.08099,26.0,0.08119,1.0,0.08128,10.0
1753533476302,12:37:56.302,BID/USDT:USDT,0.081,10.0,0.08099,24.0,0.08119,1.0,0.08128,10.0
1753533476358,12:37:56.358,BID/USDT:USDT,0.081,10.0,0.08099,24.0,0.08119,1.0,0.08128,10.0
1753533476479,12:37:56.479,BID/USDT:USDT,0.081,10.0,0.08098,24.0,0.08119,1.0,0.08128,10.0
1753533476694,12:37:56.694,BID/USDT:USDT,0.081,10.0,0.08098,24.0,0.08119,1.0,0.08128,10.0
1753533478428,12:37:58.428,BID/USDT:USDT,0.081,10.0,0.08098,24.0,0.08119,1.0,0.08128,10.0
1753533478662,12:37:58.662,BID/USDT:USDT,0.081,10.0,0.08098,24.0,0.08119,1.0,0.08128,10.0
1753533480216,12:38:00.216,BID/USDT:USDT,0.08095,132.0,0.08094,94.0,0.08118,24.0,0.08119,1.0
1753533480267,12:38:00.267,BID/USDT:USDT,0.08095,132.0,0.08094,94.0,0.08118,24.0,0.08119,1.0
1753533480389,12:38:00.389,BID/USDT:USDT,0.08086,24.0,0.08085,1.0,0.08108,34.0,0.08109,24.0
1753533480461,12:38:00.461,BID/USDT:USDT,0.08086,24.0,0.08085,1.0,0.08108,34.0,0.08109,24.0
1753533480557,12:38:00.557,BID/USDT:USDT,0.08086,24.0,0.08085,1.0,0.08108,34.0,0.08109,24.0
1753533481123,12:38:01.123,BID/USDT:USDT,0.08086,24.0,0.08085,1.0,0.08108,34.0,0.08109,24.0
1753533481174,12:38:01.174,BID/USDT:USDT,0.08086,24.0,0.08085,1.0,0.08108,34.0,0.08109,24.0
1753533481271,12:38:01.271,BID/USDT:USDT,0.08086,24.0,0.08085,1.0,0.08108,34.0,0.08109,24.0
1753533481496,12:38:01.496,BID/USDT:USDT,0.08086,24.0,0.08085,1.0,0.08108,34.0,0.08109,24.0
1753533481631,12:38:01.631,BID/USDT:USDT,0.08086,24.0,0.08085,1.0,0.08108,34.0,0.08109,24.0
1753533481701,12:38:01.701,BID/USDT:USDT,0.08086,24.0,0.08085,1.0,0.08108,34.0,0.08109,24.0
1753533481740,12:38:01.740,BID/USDT:USDT,0.08086,24.0,0.08085,1.0,0.08108,34.0,0.08109,24.0
1753533481887,12:38:01.887,BID/USDT:USDT,0.08086,24.0,0.08085,1.0,0.08108,34.0,0.08109,24.0
1753533482120,12:38:02.120,BID/USDT:USDT,0.08086,24.0,0.08085,1.0,0.08108,34.0,0.08109,24.0
1753533482502,12:38:02.502,BID/USDT:USDT,0.08086,24.0,0.08085,1.0,0.08108,34.0,0.08109,24.0
1753533482628,12:38:02.628,BID/USDT:USDT,0.08086,24.0,0.08085,1.0,0.08108,34.0,0.08109,24.0
1753533482937,12:38:02.937,BID/USDT:USDT,0.08086,24.0,0.08085,1.0,0.08108,34.0,0.08109,24.0
1753533483365,12:38:03.365,BID/USDT:USDT,0.08086,24.0,0.08085,1.0,0.08108,34.0,0.08109,24.0
1753533483607,12:38:03.607,BID/USDT:USDT,0.08086,24.0,0.08085,1.0,0.08108,34.0,0.08109,24.0
1753533483852,12:38:03.852,BID/USDT:USDT,0.08086,24.0,0.08085,1.0,0.08108,34.0,0.08109,24.0
1753533484512,12:38:04.512,BID/USDT:USDT,0.08086,24.0,0.08085,1.0,0.08108,34.0,0.08109,24.0
1753533484608,12:38:04.608,BID/USDT:USDT,0.08086,24.0,0.08085,1.0,0.08108,34.0,0.08109,24.0
1753533484714,12:38:04.714,BID/USDT:USDT,0.08086,24.0,0.08085,1.0,0.08108,34.0,0.08109,24.0
1753533484763,12:38:04.763,BID/USDT:USDT,0.08086,24.0,0.08085,1.0,0.08108,34.0,0.08109,24.0
1753533484931,12:38:04.931,BID/USDT:USDT,0.08085,1.0,0.08078,24.0,0.08108,34.0,0.08109,24.0
1753533484936,12:38:04.936,BID/USDT:USDT,0.08085,1.0,0.08079,24.0,0.08108,34.0,0.08109,24.0
1753533485120,12:38:05.120,BID/USDT:USDT,0.08086,24.0,0.08085,1.0,0.08108,34.0,0.08109,24.0
1753533485297,12:38:05.297,BID/USDT:USDT,0.08086,24.0,0.08085,1.0,0.08108,34.0,0.08109,24.0
1753533485424,12:38:05.424,BID/USDT:USDT,0.08086,24.0,0.08085,1.0,0.08108,34.0,0.08109,24.0
1753533485590,12:38:05.590,BID/USDT:USDT,0.08086,24.0,0.08085,1.0,0.08108,34.0,0.08109,24.0
1753533485654,12:38:05.654,BID/USDT:USDT,0.08086,24.0,0.08085,1.0,0.08108,34.0,0.08109,24.0
1753533486187,12:38:06.187,BID/USDT:USDT,0.08086,24.0,0.08085,1.0,0.08108,34.0,0.08109,24.0
1753533486627,12:38:06.627,BID/USDT:USDT,0.08086,24.0,0.08085,1.0,0.08108,34.0,0.08109,24.0
1753533490651,12:38:10.651,BID/USDT:USDT,0.08086,24.0,0.08085,1.0,0.08108,34.0,0.08109,24.0
1753533491056,12:38:11.056,BID/USDT:USDT,0.08086,24.0,0.08085,1.0,0.08108,34.0,0.08109,24.0
1753533491427,12:38:11.427,BID/USDT:USDT,0.08086,24.0,0.08085,1.0,0.08108,34.0,0.08109,24.0
1753533491872,12:38:11.872,BID/USDT:USDT,0.08086,24.0,0.08085,1.0,0.08108,10.0,0.08109,24.0
1753533491970,12:38:11.970,BID/USDT:USDT,0.08086,24.0,0.08085,1.0,0.08108,34.0,0.08109,24.0
1753533492230,12:38:12.230,BID/USDT:USDT,0.08086,24.0,0.08085,1.0,0.08108,34.0,0.08109,24.0
1753533494830,12:38:14.830,BID/USDT:USDT,0.08067,24.0,0.08058,24.0,0.0809,10.0,0.08091,24.0
1753533494920,12:38:14.920,BID/USDT:USDT,0.08058,24.0,0.08057,2.0,0.0809,10.0,0.08091,24.0
1753533495023,12:38:15.023,BID/USDT:USDT,0.08067,24.0,0.08058,26.0,0.0809,10.0,0.08091,24.0
1753533495132,12:38:15.132,BID/USDT:USDT,0.08076,24.0,0.08067,24.0,0.08095,24.0,0.08101,24.0
1753533495229,12:38:15.229,BID/USDT:USDT,0.08077,10.0,0.08076,24.0,0.08101,24.0,0.08108,24.0
1753533495325,12:38:15.325,BID/USDT:USDT,0.08077,10.0,0.08076,24.0,0.08101,24.0,0.08108,24.0
1753533495406,12:38:15.406,BID/USDT:USDT,0.08077,34.0,0.08076,24.0,0.08108,24.0,0.08109,24.0
1753533495518,12:38:15.518,BID/USDT:USDT,0.08077,10.0,0.08076,24.0,0.08101,24.0,0.08107,10.0
1753533495542,12:38:15.542,BID/USDT:USDT,0.08077,10.0,0.08076,24.0,0.08101,24.0,0.08107,10.0
1753533495807,12:38:15.807,BID/USDT:USDT,0.08076,24.0,0.08072,2.0,0.08101,24.0,0.08107,10.0
1753533495894,12:38:15.894,BID/USDT:USDT,0.08076,24.0,0.08072,2.0,0.08101,24.0,0.08107,10.0
1753533496309,12:38:16.309,BID/USDT:USDT,0.08076,24.0,0.08072,2.0,0.08101,24.0,0.08107,10.0
1753533496478,12:38:16.478,BID/USDT:USDT,0.08076,24.0,0.08072,2.0,0.081,10.0,0.08101,24.0
1753533496726,12:38:16.726,BID/USDT:USDT,0.08076,24.0,0.0807,2.0,0.081,10.0,0.08101,24.0
1753533497101,12:38:17.101,BID/USDT:USDT,0.08076,24.0,0.0807,2.0,0.081,10.0,0.08101,24.0
1753533497146,12:38:17.146,BID/USDT:USDT,0.08076,24.0,0.0807,2.0,0.081,10.0,0.08101,24.0
1753533497322,12:38:17.322,BID/USDT:USDT,0.08076,24.0,0.08069,142.0,0.081,10.0,0.08101,24.0
1753533497584,12:38:17.584,BID/USDT:USDT,0.08076,24.0,0.08069,142.0,0.081,10.0,0.08101,24.0
1753533497800,12:38:17.800,BID/USDT:USDT,0.08076,24.0,0.08069,144.0,0.081,10.0,0.08101,24.0
1753533497918,12:38:17.918,BID/USDT:USDT,0.08076,24.0,0.0807,2.0,0.081,10.0,0.08101,24.0
1753533498021,12:38:18.021,BID/USDT:USDT,0.08076,24.0,0.08071,2.0,0.081,10.0,0.08101,24.0
1753533498096,12:38:18.096,BID/USDT:USDT,0.08076,26.0,0.08069,142.0,0.08108,24.0,0.08109,24.0
1753533498140,12:38:18.140,BID/USDT:USDT,0.08076,26.0,0.08069,142.0,0.08108,24.0,0.08109,24.0
1753533498309,12:38:18.309,BID/USDT:USDT,0.08076,26.0,0.08069,142.0,0.08108,24.0,0.08109,24.0
1753533498369,12:38:18.369,BID/USDT:USDT,0.08076,26.0,0.08069,142.0,0.08108,24.0,0.08109,24.0
1753533498451,12:38:18.451,BID/USDT:USDT,0.08076,26.0,0.08069,142.0,0.08107,10.0,0.08108,34.0
1753533498823,12:38:18.823,BID/USDT:USDT,0.08076,26.0,0.08069,142.0,0.08107,10.0,0.08108,34.0
1753533498912,12:38:18.912,BID/USDT:USDT,0.08076,24.0,0.08074,2.0,0.081,10.0,0.08101,24.0
1753533498940,12:38:18.940,BID/USDT:USDT,0.08076,24.0,0.08074,2.0,0.081,10.0,0.08101,24.0
1753533499128,12:38:19.128,BID/USDT:USDT,0.08076,24.0,0.08072,2.0,0.081,10.0,0.08101,24.0
1753533499185,12:38:19.185,BID/USDT:USDT,0.08076,24.0,0.08072,2.0,0.081,10.0,0.08101,24.0
1753533499333,12:38:19.333,BID/USDT:USDT,0.08076,24.0,0.08073,2.0,0.081,10.0,0.08101,24.0
1753533499818,12:38:19.818,BID/USDT:USDT,0.08076,24.0,0.0807,2.0,0.081,10.0,0.08101,24.0
1753533500028,12:38:20.028,BID/USDT:USDT,0.08076,24.0,0.0807,2.0,0.081,10.0,0.08101,24.0
1753533500060,12:38:20.060,BID/USDT:USDT,0.08076,24.0,0.0807,2.0,0.081,10.0,0.08101,24.0
1753533500846,12:38:20.846,BID/USDT:USDT,0.08076,24.0,0.0807,2.0,0.081,10.0,0.08101,24.0
1753533505647,12:38:25.647,BID/USDT:USDT,0.08076,24.0,0.0807,2.0,0.081,10.0,0.08101,24.0
1753533506010,12:38:26.010,BID/USDT:USDT,0.08076,24.0,0.0807,2.0,0.081,10.0,0.08101,24.0
1753533506433,12:38:26.433,BID/USDT:USDT,0.08076,24.0,0.0807,2.0,0.081,10.0,0.08101,24.0
1753533506530,12:38:26.530,BID/USDT:USDT,0.08076,24.0,0.0807,2.0,0.081,10.0,0.08101,24.0
1753533508286,12:38:28.286,BID/USDT:USDT,0.08076,24.0,0.0807,2.0,0.081,10.0,0.08101,24.0
1753533508458,12:38:28.458,BID/USDT:USDT,0.08076,24.0,0.0807,2.0,0.081,10.0,0.08101,24.0
1753533509024,12:38:29.024,BID/USDT:USDT,0.08076,24.0,0.08069,142.0,0.081,10.0,0.08101,24.0
1753533509086,12:38:29.086,BID/USDT:USDT,0.08076,24.0,0.08069,142.0,0.081,10.0,0.08101,24.0
1753533509210,12:38:29.210,BID/USDT:USDT,0.08076,24.0,0.08069,132.0,0.081,10.0,0.08101,24.0
1753533509327,12:38:29.327,BID/USDT:USDT,0.08076,24.0,0.08069,132.0,0.081,10.0,0.08101,24.0
1753533509800,12:38:29.800,BID/USDT:USDT,0.08076,24.0,0.08069,132.0,0.081,10.0,0.08101,24.0
1753533509930,12:38:29.930,BID/USDT:USDT,0.08076,24.0,0.08067,118.0,0.081,10.0,0.08101,24.0
1753533509957,12:38:29.957,BID/USDT:USDT,0.08076,24.0,0.08068,24.0,0.081,10.0,0.08101,24.0
1753533510388,12:38:30.388,BID/USDT:USDT,0.08076,24.0,0.08068,26.0,0.081,10.0,0.08101,24.0
1753533510528,12:38:30.528,BID/USDT:USDT,0.08076,24.0,0.08069,2.0,0.081,10.0,0.08101,24.0
1753533511023,12:38:31.023,BID/USDT:USDT,0.08076,24.0,0.08069,2.0,0.081,10.0,0.08101,24.0
1753533511321,12:38:31.321,BID/USDT:USDT,0.08076,24.0,0.08069,2.0,0.081,10.0,0.08101,24.0
1753533511349,12:38:31.349,BID/USDT:USDT,0.08076,24.0,0.08069,2.0,0.081,10.0,0.08101,24.0
1753533515110,12:38:35.110,BID/USDT:USDT,0.08076,24.0,0.08069,2.0,0.081,10.0,0.08101,24.0
1753533515260,12:38:35.260,BID/USDT:USDT,0.08076,24.0,0.08069,2.0,0.081,10.0,0.08101,24.0
1753533515760,12:38:35.760,BID/USDT:USDT,0.08076,24.0,0.08069,2.0,0.081,10.0,0.08101,24.0
1753533516028,12:38:36.028,BID/USDT:USDT,0.08076,24.0,0.08068,24.0,0.081,10.0,0.08101,24.0
1753533516189,12:38:36.189,BID/USDT:USDT,0.08076,24.0,0.08068,24.0,0.081,10.0,0.08101,24.0
1753533516332,12:38:36.332,BID/USDT:USDT,0.08076,24.0,0.08068,24.0,0.081,10.0,0.08101,24.0
1753533516422,12:38:36.422,BID/USDT:USDT,0.08067,118.0,0.08065,2.0,0.081,10.0,0.08101,24.0
1753533516515,12:38:36.515,BID/USDT:USDT,0.08067,118.0,0.08062,2.0,0.08093,24.0,0.08099,24.0
1753533516611,12:38:36.611,BID/USDT:USDT,0.08067,118.0,0.08062,2.0,0.08093,24.0,0.08099,24.0
1753533516640,12:38:36.640,BID/USDT:USDT,0.08067,118.0,0.08062,2.0,0.08093,24.0,0.08099,24.0
1753533517446,12:38:37.446,BID/USDT:USDT,0.08067,118.0,0.08062,2.0,0.08093,24.0,0.08099,24.0
1753533517875,12:38:37.875,BID/USDT:USDT,0.08067,118.0,0.08062,2.0,0.08093,24.0,0.08099,24.0
1753533518226,12:38:38.226,BID/USDT:USDT,0.08067,118.0,0.08063,2.0,0.08092,10.0,0.08093,24.0
1753533518422,12:38:38.422,BID/USDT:USDT,0.08067,118.0,0.08064,2.0,0.08092,10.0,0.08093,24.0
1753533518764,12:38:38.764,BID/USDT:USDT,0.08067,118.0,0.08064,2.0,0.08092,10.0,0.08093,24.0
1753533519230,12:38:39.230,BID/USDT:USDT,0.08067,118.0,0.08064,2.0,0.08092,10.0,0.08093,24.0
1753533519396,12:38:39.396,BID/USDT:USDT,0.08067,118.0,0.08061,2.0,0.08092,16.0,0.08093,24.0
1753533519498,12:38:39.498,BID/USDT:USDT,0.08067,118.0,0.08061,2.0,0.08092,16.0,0.08093,24.0
1753533520046,12:38:40.046,BID/USDT:USDT,0.08067,118.0,0.08061,2.0,0.08092,16.0,0.08093,24.0
1753533520186,12:38:40.186,BID/USDT:USDT,0.08067,118.0,0.08061,2.0,0.08092,22.0,0.08093,24.0
1753533520315,12:38:40.315,BID/USDT:USDT,0.08067,118.0,0.08061,2.0,0.08092,22.0,0.08093,24.0
1753533520817,12:38:40.817,BID/USDT:USDT,0.08067,118.0,0.08061,2.0,0.08092,22.0,0.08093,24.0
1753533520843,12:38:40.843,BID/USDT:USDT,0.08067,118.0,0.08061,2.0,0.08092,22.0,0.08093,24.0
1753533521022,12:38:41.022,BID/USDT:USDT,0.08067,118.0,0.08061,2.0,0.08092,22.0,0.08093,24.0
1753533521133,12:38:41.133,BID/USDT:USDT,0.08067,24.0,0.08061,2.0,0.08092,22.0,0.08093,24.0
1753533521137,12:38:41.137,BID/USDT:USDT,0.08067,24.0,0.08061,2.0,0.08092,22.0,0.08093,24.0
1753533521573,12:38:41.573,BID/USDT:USDT,0.08067,24.0,0.08061,2.0,0.08092,16.0,0.08093,24.0
1753533522432,12:38:42.432,BID/USDT:USDT,0.08067,24.0,0.0806,132.0,0.08092,16.0,0.08093,24.0
1753533522438,12:38:42.438,BID/USDT:USDT,0.08067,24.0,0.0806,132.0,0.08092,22.0,0.08093,24.0
1753533523073,12:38:43.073,BID/USDT:USDT,0.08067,24.0,0.0806,132.0,0.08092,22.0,0.08093,24.0
1753533523171,12:38:43.171,BID/USDT:USDT,0.08067,24.0,0.0806,132.0,0.08092,22.0,0.08093,24.0
1753533523810,12:38:43.810,BID/USDT:USDT,0.08067,24.0,0.0806,132.0,0.08092,22.0,0.08093,24.0
1753533524150,12:38:44.150,BID/USDT:USDT,0.08067,24.0,0.0806,132.0,0.08092,22.0,0.08093,24.0
1753533524332,12:38:44.332,BID/USDT:USDT,0.08067,24.0,0.0806,132.0,0.08092,22.0,0.08093,24.0
1753533524424,12:38:44.424,BID/USDT:USDT,0.08067,24.0,0.0806,132.0,0.08092,22.0,0.08093,24.0
1753533525311,12:38:45.311,BID/USDT:USDT,0.08067,24.0,0.0806,134.0,0.08092,16.0,0.08093,24.0
1753533525660,12:38:45.660,BID/USDT:USDT,0.08067,24.0,0.0806,134.0,0.08092,16.0,0.08093,24.0
1753533526062,12:38:46.062,BID/USDT:USDT,0.08067,24.0,0.0806,134.0,0.08092,22.0,0.08093,24.0
1753533526326,12:38:46.326,BID/USDT:USDT,0.08058,24.0,0.08052,24.0,0.08084,10.0,0.08085,24.0
1753533526403,12:38:46.403,BID/USDT:USDT,0.08058,24.0,0.08053,24.0,0.08084,10.0,0.08085,24.0
1753533526531,12:38:46.531,BID/USDT:USDT,0.08058,24.0,0.08053,24.0,0.08084,10.0,0.08085,24.0
1753533526950,12:38:46.950,BID/USDT:USDT,0.08058,25.0,0.08053,24.0,0.08084,10.0,0.08085,24.0
1753533527126,12:38:47.126,BID/USDT:USDT,0.08058,24.0,0.08053,24.0,0.08084,10.0,0.08085,24.0
1753533527286,12:38:47.286,BID/USDT:USDT,0.08058,24.0,0.08053,24.0,0.08084,10.0,0.08085,24.0
1753533528143,12:38:48.143,BID/USDT:USDT,0.08058,24.0,0.08053,24.0,0.08084,10.0,0.08085,24.0
1753533528520,12:38:48.520,BID/USDT:USDT,0.08058,24.0,0.08053,24.0,0.08084,10.0,0.08085,24.0
1753533529490,12:38:49.490,BID/USDT:USDT,0.08058,24.0,0.08053,24.0,0.08084,10.0,0.08085,24.0
1753533530508,12:38:50.508,BID/USDT:USDT,0.08058,24.0,0.08053,26.0,0.08084,10.0,0.08085,24.0
1753533530585,12:38:50.585,BID/USDT:USDT,0.08058,24.0,0.08054,2.0,0.08084,10.0,0.08085,24.0
1753533531028,12:38:51.028,BID/USDT:USDT,0.08058,24.0,0.08054,2.0,0.08084,10.0,0.08085,24.0
1753533531256,12:38:51.256,BID/USDT:USDT,0.08058,24.0,0.08054,2.0,0.08084,10.0,0.08085,24.0
1753533532416,12:38:52.416,BID/USDT:USDT,0.08058,24.0,0.08054,2.0,0.08084,10.0,0.08085,24.0
1753533532474,12:38:52.474,BID/USDT:USDT,0.08058,24.0,0.08053,24.0,0.08084,10.0,0.08085,24.0
1753533533122,12:38:53.122,BID/USDT:USDT,0.08058,24.0,0.08053,24.0,0.08084,10.0,0.08085,24.0
1753533533136,12:38:53.136,BID/USDT:USDT,0.08058,24.0,0.08053,24.0,0.08084,10.0,0.08085,24.0
1753533533367,12:38:53.367,BID/USDT:USDT,0.08058,24.0,0.08053,24.0,0.08084,10.0,0.08085,24.0
1753533536056,12:38:56.056,BID/USDT:USDT,0.08058,24.0,0.08053,24.0,0.08084,10.0,0.08085,24.0
1753533536194,12:38:56.194,BID/USDT:USDT,0.08058,24.0,0.08053,24.0,0.08084,10.0,0.08085,24.0
1753533536559,12:38:56.559,BID/USDT:USDT,0.08058,24.0,0.08053,26.0,0.08084,10.0,0.08085,24.0
1753533537318,12:38:57.318,BID/USDT:USDT,0.08058,24.0,0.08053,26.0,0.08084,10.0,0.08085,24.0
1753533538009,12:38:58.009,BID/USDT:USDT,0.08058,24.0,0.08054,2.0,0.08084,10.0,0.08085,24.0
1753533538217,12:38:58.217,BID/USDT:USDT,0.08058,24.0,0.08054,2.0,0.08084,10.0,0.08085,24.0
1753533538993,12:38:58.993,BID/USDT:USDT,0.08058,24.0,0.08054,2.0,0.08084,10.0,0.08085,24.0
1753533539120,12:38:59.120,BID/USDT:USDT,0.08058,24.0,0.08054,2.0,0.08084,10.0,0.08085,24.0
1753533540219,12:39:00.219,BID/USDT:USDT,0.08058,24.0,0.08053,24.0,0.08084,10.0,0.08085,24.0
1753533540298,12:39:00.298,BID/USDT:USDT,0.08058,24.0,0.08053,24.0,0.08084,10.0,0.08085,24.0
1753533540393,12:39:00.393,BID/USDT:USDT,0.08058,24.0,0.08052,24.0,0.08077,24.0,0.08084,10.0
1753533540527,12:39:00.527,BID/USDT:USDT,0.08058,24.0,0.08052,24.0,0.08077,24.0,0.08084,10.0
1753533540559,12:39:00.559,BID/USDT:USDT,0.08058,24.0,0.08052,24.0,0.08077,24.0,0.08084,10.0
1753533540656,12:39:00.656,BID/USDT:USDT,0.08058,24.0,0.08052,24.0,0.08077,24.0,0.08084,10.0
1753533540858,12:39:00.858,BID/USDT:USDT,0.08058,24.0,0.08052,24.0,0.08077,24.0,0.08084,10.0
1753533541221,12:39:01.221,BID/USDT:USDT,0.08058,24.0,0.08052,24.0,0.08077,24.0,0.08084,10.0
1753533541500,12:39:01.500,BID/USDT:USDT,0.08058,24.0,0.08052,24.0,0.08077,24.0,0.08084,10.0
1753533541681,12:39:01.681,BID/USDT:USDT,0.08058,24.0,0.08052,24.0,0.08077,24.0,0.08084,10.0
1753533543485,12:39:03.485,BID/USDT:USDT,0.08052,24.0,0.0805,1.0,0.08077,24.0,0.08084,10.0
1753533543540,12:39:03.540,BID/USDT:USDT,0.08052,24.0,0.0805,1.0,0.08077,24.0,0.08084,10.0
1753533543640,12:39:03.640,BID/USDT:USDT,0.08052,24.0,0.0805,1.0,0.08077,24.0,0.08084,10.0
1753533543787,12:39:03.787,BID/USDT:USDT,0.08052,24.0,0.0805,1.0,0.08077,24.0,0.08084,10.0
1753533544308,12:39:04.308,BID/USDT:USDT,0.08052,24.0,0.0805,1.0,0.08077,24.0,0.08084,10.0
1753533546861,12:39:06.861,BID/USDT:USDT,0.08052,24.0,0.0805,1.0,0.08077,24.0,0.08084,10.0
1753533548691,12:39:08.691,BID/USDT:USDT,0.08052,24.0,0.0805,1.0,0.08077,24.0,0.08084,10.0
1753533550345,12:39:10.345,BID/USDT:USDT,0.08052,24.0,0.0805,1.0,0.08077,24.0,0.08084,10.0
1753533551658,12:39:11.658,BID/USDT:USDT,0.08052,24.0,0.0805,1.0,0.08077,24.0,0.08084,10.0
1753533552555,12:39:12.555,BID/USDT:USDT,0.08052,24.0,0.0805,1.0,0.08077,24.0,0.08084,10.0
1753533552670,12:39:12.670,BID/USDT:USDT,0.08052,24.0,0.0805,1.0,0.08077,24.0,0.08084,10.0
1753533556456,12:39:16.456,BID/USDT:USDT,0.08052,24.0,0.0805,1.0,0.08077,24.0,0.08084,10.0
1753533556755,12:39:16.755,BID/USDT:USDT,0.08052,24.0,0.0805,1.0,0.08077,24.0,0.08084,10.0
1753533558132,12:39:18.132,BID/USDT:USDT,0.0805,1.0,0.08046,24.0,0.08077,24.0,0.08084,10.0
1753533558223,12:39:18.223,BID/USDT:USDT,0.0805,1.0,0.08046,24.0,0.08077,24.0,0.08084,10.0
1753533558257,12:39:18.257,BID/USDT:USDT,0.0805,1.0,0.08046,24.0,0.08077,24.0,0.08084,10.0
1753533558398,12:39:18.398,BID/USDT:USDT,0.0805,1.0,0.08046,24.0,0.08077,24.0,0.08084,10.0
1753533558559,12:39:18.559,BID/USDT:USDT,0.0805,1.0,0.08046,24.0,0.08077,24.0,0.08084,10.0
1753533558705,12:39:18.705,BID/USDT:USDT,0.0805,1.0,0.08045,118.0,0.08077,24.0,0.08084,10.0
1753533558771,12:39:18.771,BID/USDT:USDT,0.0805,1.0,0.08045,118.0,0.08076,10.0,0.08077,24.0
1753533560031,12:39:20.031,BID/USDT:USDT,0.0805,1.0,0.08045,24.0,0.08076,34.0,0.08077,24.0
1753533560036,12:39:20.036,BID/USDT:USDT,0.0805,1.0,0.08045,24.0,0.08076,34.0,0.08077,24.0
1753533560422,12:39:20.422,BID/USDT:USDT,0.0805,1.0,0.08045,24.0,0.08076,34.0,0.08077,24.0
1753533561018,12:39:21.018,BID/USDT:USDT,0.0805,1.0,0.08045,24.0,0.08076,34.0,0.08077,24.0
1753533562004,12:39:22.004,BID/USDT:USDT,0.0805,1.0,0.08045,24.0,0.08076,45.0,0.08077,24.0
1753533562856,12:39:22.856,BID/USDT:USDT,0.0805,1.0,0.08045,24.0,0.08076,45.0,0.08077,24.0
1753533563086,12:39:23.086,BID/USDT:USDT,0.0805,1.0,0.08045,24.0,0.08076,59.0,0.08077,24.0
1753533563804,12:39:23.804,BID/USDT:USDT,0.0805,1.0,0.08045,24.0,0.08076,45.0,0.08077,24.0
1753533564549,12:39:24.549,BID/USDT:USDT,0.0805,1.0,0.08045,24.0,0.08076,51.0,0.08077,24.0
1753533567366,12:39:27.366,BID/USDT:USDT,0.0805,1.0,0.08045,24.0,0.08076,51.0,0.08077,24.0
1753533567467,12:39:27.467,BID/USDT:USDT,0.0805,1.0,0.08045,24.0,0.08076,51.0,0.08077,24.0
1753533567659,12:39:27.659,BID/USDT:USDT,0.0805,1.0,0.08045,24.0,0.08076,51.0,0.08077,24.0
1753533570028,12:39:30.028,BID/USDT:USDT,0.0805,1.0,0.08045,24.0,0.08076,34.0,0.08077,24.0
1753533570427,12:39:30.427,BID/USDT:USDT,0.0805,1.0,0.08045,24.0,0.08076,40.0,0.08077,24.0
1753533571297,12:39:31.297,BID/USDT:USDT,0.0805,1.0,0.08045,24.0,0.08076,47.0,0.08077,24.0
1753533572024,12:39:32.024,BID/USDT:USDT,0.0805,1.0,0.08045,24.0,0.08076,53.0,0.08077,24.0
1753533572067,12:39:32.067,BID/USDT:USDT,0.0805,1.0,0.08045,24.0,0.08076,53.0,0.08077,24.0
1753533572139,12:39:32.139,BID/USDT:USDT,0.0805,1.0,0.08045,24.0,0.08076,53.0,0.08077,24.0
1753533572456,12:39:32.456,BID/USDT:USDT,0.0805,1.0,0.08045,24.0,0.08076,53.0,0.08077,24.0
1753533572820,12:39:32.820,BID/USDT:USDT,0.08053,24.0,0.0805,1.0,0.08076,40.0,0.08077,24.0
1753533572911,12:39:32.911,BID/USDT:USDT,0.08053,24.0,0.0805,1.0,0.08076,52.0,0.08077,24.0
1753533573073,12:39:33.073,BID/USDT:USDT,0.08053,24.0,0.0805,1.0,0.08076,52.0,0.08077,24.0
1753533573300,12:39:33.300,BID/USDT:USDT,0.08053,24.0,0.0805,1.0,0.08076,52.0,0.08077,24.0
1753533573592,12:39:33.592,BID/USDT:USDT,0.08053,24.0,0.0805,1.0,0.08076,52.0,0.08077,24.0
1753533573922,12:39:33.922,BID/USDT:USDT,0.08053,24.0,0.0805,1.0,0.08076,58.0,0.08077,24.0
1753533574031,12:39:34.031,BID/USDT:USDT,0.08053,24.0,0.0805,1.0,0.08076,58.0,0.08077,24.0
1753533574392,12:39:34.392,BID/USDT:USDT,0.08053,24.0,0.0805,1.0,0.08076,58.0,0.08077,24.0
1753533574527,12:39:34.527,BID/USDT:USDT,0.08053,24.0,0.0805,1.0,0.08076,58.0,0.08077,24.0
1753533574559,12:39:34.559,BID/USDT:USDT,0.08053,24.0,0.0805,1.0,0.08076,58.0,0.08077,24.0
1753533575520,12:39:35.520,BID/USDT:USDT,0.08053,24.0,0.0805,1.0,0.08076,40.0,0.08077,24.0
1753533575574,12:39:35.574,BID/USDT:USDT,0.08053,24.0,0.0805,1.0,0.08076,40.0,0.08077,24.0
1753533575816,12:39:35.816,BID/USDT:USDT,0.08053,24.0,0.0805,1.0,0.08076,46.0,0.08077,24.0
1753533575912,12:39:35.912,BID/USDT:USDT,0.08053,24.0,0.0805,1.0,0.08076,46.0,0.08077,24.0
1753533576009,12:39:36.009,BID/USDT:USDT,0.08053,24.0,0.0805,1.0,0.08076,40.0,0.08077,24.0
1753533576554,12:39:36.554,BID/USDT:USDT,0.08053,24.0,0.0805,1.0,0.08076,40.0,0.08077,24.0
1753533577257,12:39:37.257,BID/USDT:USDT,0.08053,24.0,0.0805,1.0,0.08076,40.0,0.08077,24.0
1753533580431,12:39:40.431,BID/USDT:USDT,0.08053,24.0,0.0805,1.0,0.08076,70.0,0.08077,24.0
1753533580592,12:39:40.592,BID/USDT:USDT,0.08053,24.0,0.0805,1.0,0.08076,70.0,0.08077,24.0
1753533581411,12:39:41.411,BID/USDT:USDT,0.08053,24.0,0.0805,1.0,0.08076,70.0,0.08077,24.0
1753533582057,12:39:42.057,BID/USDT:USDT,0.08053,24.0,0.0805,1.0,0.08076,70.0,0.08077,24.0
1753533582147,12:39:42.147,BID/USDT:USDT,0.08053,24.0,0.0805,1.0,0.08076,70.0,0.08077,24.0
1753533582244,12:39:42.244,BID/USDT:USDT,0.08053,24.0,0.0805,1.0,0.08076,70.0,0.08077,24.0
1753533582420,12:39:42.420,BID/USDT:USDT,0.08053,24.0,0.0805,1.0,0.08076,46.0,0.08077,24.0
1753533582442,12:39:42.442,BID/USDT:USDT,0.08053,24.0,0.0805,1.0,0.08076,34.0,0.08077,24.0
1753533582558,12:39:42.558,BID/USDT:USDT,0.08053,24.0,0.0805,1.0,0.08076,34.0,0.08077,24.0
1753533583220,12:39:43.220,BID/USDT:USDT,0.08053,24.0,0.0805,1.0,0.08076,34.0,0.08077,24.0
1753533583439,12:39:43.439,BID/USDT:USDT,0.08053,24.0,0.0805,1.0,0.08076,34.0,0.08077,24.0
1753533584261,12:39:44.261,BID/USDT:USDT,0.08053,24.0,0.08051,2.0,0.08077,24.0,0.08078,95.0
1753533584418,12:39:44.418,BID/USDT:USDT,0.08053,24.0,0.08051,2.0,0.08077,48.0,0.08078,95.0
1753533584486,12:39:44.486,BID/USDT:USDT,0.08053,24.0,0.08051,2.0,0.08077,24.0,0.08078,95.0
1753533585222,12:39:45.222,BID/USDT:USDT,0.08053,24.0,0.08051,2.0,0.08077,48.0,0.08078,95.0
1753533585640,12:39:45.640,BID/USDT:USDT,0.08053,24.0,0.08051,2.0,0.08077,48.0,0.08078,95.0
1753533586457,12:39:46.457,BID/USDT:USDT,0.08053,24.0,0.08051,2.0,0.08076,10.0,0.08077,48.0
1753533586751,12:39:46.751,BID/USDT:USDT,0.08053,24.0,0.0805,1.0,0.08076,10.0,0.08077,48.0
1753533586857,12:39:46.857,BID/USDT:USDT,0.08053,24.0,0.0805,1.0,0.08076,10.0,0.08077,48.0
1753533587475,12:39:47.475,BID/USDT:USDT,0.08053,24.0,0.0805,1.0,0.08076,10.0,0.08077,48.0
1753533589364,12:39:49.364,BID/USDT:USDT,0.08053,24.0,0.0805,1.0,0.08076,10.0,0.08077,48.0
1753533589558,12:39:49.558,BID/USDT:USDT,0.08053,24.0,0.0805,1.0,0.08076,10.0,0.08077,48.0
1753533590366,12:39:50.366,BID/USDT:USDT,0.08053,24.0,0.0805,1.0,0.08076,10.0,0.08077,48.0
1753533591307,12:39:51.307,BID/USDT:USDT,0.08053,24.0,0.0805,1.0,0.08076,10.0,0.08077,48.0
1753533591657,12:39:51.657,BID/USDT:USDT,0.08053,24.0,0.0805,1.0,0.08076,10.0,0.08077,48.0
1753533592223,12:39:52.223,BID/USDT:USDT,0.08053,24.0,0.0805,1.0,0.08076,10.0,0.08077,48.0
1753533592273,12:39:52.273,BID/USDT:USDT,0.08053,24.0,0.0805,1.0,0.08076,10.0,0.08077,48.0
1753533592406,12:39:52.406,BID/USDT:USDT,0.08053,24.0,0.0805,1.0,0.08076,10.0,0.08077,48.0
1753533593517,12:39:53.517,BID/USDT:USDT,0.08053,24.0,0.0805,1.0,0.08076,10.0,0.08077,48.0
1753533593601,12:39:53.601,BID/USDT:USDT,0.08053,24.0,0.0805,1.0,0.08076,10.0,0.08077,48.0
1753533593693,12:39:53.693,BID/USDT:USDT,0.08053,24.0,0.0805,1.0,0.08076,10.0,0.08077,48.0
1753533593825,12:39:53.825,BID/USDT:USDT,0.08053,24.0,0.0805,1.0,0.08076,10.0,0.08077,24.0
1753533594024,12:39:54.024,BID/USDT:USDT,0.08053,24.0,0.0805,1.0,0.08076,10.0,0.08077,24.0
1753533594350,12:39:54.350,BID/USDT:USDT,0.08053,24.0,0.0805,1.0,0.08076,10.0,0.08077,24.0
1753533595231,12:39:55.231,BID/USDT:USDT,0.0805,1.0,0.08046,24.0,0.08076,34.0,0.08077,24.0
1753533595331,12:39:55.331,BID/USDT:USDT,0.0805,1.0,0.08045,24.0,0.08069,24.0,0.08076,34.0
1753533595340,12:39:55.340,BID/USDT:USDT,0.0805,1.0,0.08045,24.0,0.08069,24.0,0.08076,34.0
