timestamp,time,symbol,bid1_price,bid1_volume,bid2_price,bid2_volume,ask1_price,ask1_volume,ask2_price,ask2_volume
1753533019000,12:30:19.000,CELR/USDT:USDT,0.00815,334.0,0.008149,834.0,0.008164,328.0,0.008165,6329.0
1753533021365,12:30:21.365,CELR/USDT:USDT,0.00815,334.0,0.008149,834.0,0.008165,326.0,0.008166,826.0
1753533021486,12:30:21.486,CELR/USDT:USDT,0.00815,334.0,0.008149,834.0,0.008164,328.0,0.008165,6329.0
1753533021894,12:30:21.894,CELR/USDT:USDT,0.00815,334.0,0.008149,834.0,0.008164,328.0,0.008165,6329.0
1753533024486,12:30:24.486,CELR/USDT:USDT,0.00815,334.0,0.008149,834.0,0.008165,326.0,0.008166,826.0
1753533024602,12:30:24.602,CELR/USDT:USDT,0.00815,334.0,0.008149,834.0,0.008164,328.0,0.008165,6329.0
1753533027620,12:30:27.620,CELR/USDT:USDT,0.00815,334.0,0.008149,834.0,0.008164,328.0,0.008165,326.0
1753533027627,12:30:27.627,CELR/USDT:USDT,0.00815,334.0,0.008149,834.0,0.008165,326.0,0.008166,826.0
1753533027733,12:30:27.733,CELR/USDT:USDT,0.00815,334.0,0.008149,834.0,0.008164,6003.0,0.008165,326.0
1753533027949,12:30:27.949,CELR/USDT:USDT,0.00815,334.0,0.008149,834.0,0.008163,328.0,0.008164,6003.0
1753533028351,12:30:28.351,CELR/USDT:USDT,0.00815,334.0,0.008149,834.0,0.008163,328.0,0.008164,6003.0
1753533030786,12:30:30.786,CELR/USDT:USDT,0.00815,334.0,0.008149,834.0,0.008165,326.0,0.008166,826.0
1753533030885,12:30:30.885,CELR/USDT:USDT,0.00815,334.0,0.008149,834.0,0.008164,328.0,0.008165,6329.0
1753533031176,12:30:31.176,CELR/USDT:USDT,0.00815,334.0,0.008149,834.0,0.008164,328.0,0.008165,6329.0
1753533031403,12:30:31.403,CELR/USDT:USDT,0.00815,334.0,0.008149,834.0,0.008164,328.0,0.008165,6329.0
1753533033910,12:30:33.910,CELR/USDT:USDT,0.00815,334.0,0.008149,834.0,0.008164,328.0,0.008165,326.0
1753533034007,12:30:34.007,CELR/USDT:USDT,0.00815,334.0,0.008149,834.0,0.008165,326.0,0.008166,826.0
1753533034090,12:30:34.090,CELR/USDT:USDT,0.00815,334.0,0.008149,834.0,0.008163,328.0,0.008164,6049.0
1753533034425,12:30:34.425,CELR/USDT:USDT,0.00815,334.0,0.008149,834.0,0.008163,328.0,0.008164,6049.0
1753533037067,12:30:37.067,CELR/USDT:USDT,0.00815,334.0,0.008149,834.0,0.008165,326.0,0.008166,826.0
1753533037176,12:30:37.176,CELR/USDT:USDT,0.00815,334.0,0.008149,834.0,0.008164,328.0,0.008165,6375.0
1753533037257,12:30:37.257,CELR/USDT:USDT,0.00815,334.0,0.008149,834.0,0.008164,328.0,0.008165,6375.0
1753533037808,12:30:37.808,CELR/USDT:USDT,0.00815,334.0,0.008149,834.0,0.008164,328.0,0.008165,6375.0
1753533037838,12:30:37.838,CELR/USDT:USDT,0.00815,334.0,0.008149,834.0,0.008164,328.0,0.008165,6375.0
1753533038087,12:30:38.087,CELR/USDT:USDT,0.00815,334.0,0.008149,834.0,0.008164,328.0,0.008165,6375.0
1753533038535,12:30:38.535,CELR/USDT:USDT,0.00815,334.0,0.008149,834.0,0.008164,328.0,0.008165,6375.0
1753533039195,12:30:39.195,CELR/USDT:USDT,0.008145,327.0,0.008126,500.0,0.008162,328.0,0.008163,3675.0
1753533039314,12:30:39.314,CELR/USDT:USDT,0.008145,327.0,0.008126,500.0,0.008162,328.0,0.008163,3675.0
1753533039436,12:30:39.436,CELR/USDT:USDT,0.008145,327.0,0.008126,500.0,0.008162,328.0,0.008163,3675.0
1753533040029,12:30:40.029,CELR/USDT:USDT,0.008145,327.0,0.008126,500.0,0.008162,328.0,0.008163,3675.0
1753533040209,12:30:40.209,CELR/USDT:USDT,0.008145,327.0,0.008128,960.0,0.008162,328.0,0.008163,3675.0
1753533040303,12:30:40.303,CELR/USDT:USDT,0.008145,327.0,0.008129,500.0,0.008162,328.0,0.008163,3675.0
1753533040357,12:30:40.357,CELR/USDT:USDT,0.008145,327.0,0.008129,500.0,0.008161,328.0,0.008162,6377.0
1753533040695,12:30:40.695,CELR/USDT:USDT,0.008145,327.0,0.008129,500.0,0.008161,328.0,0.008162,6377.0
1753533041286,12:30:41.286,CELR/USDT:USDT,0.008145,327.0,0.008129,500.0,0.008161,328.0,0.008162,6377.0
1753533041539,12:30:41.539,CELR/USDT:USDT,0.008145,327.0,0.008129,500.0,0.008161,328.0,0.008162,6377.0
1753533042192,12:30:42.192,CELR/USDT:USDT,0.008145,327.0,0.008129,500.0,0.008161,328.0,0.008162,6377.0
1753533042373,12:30:42.373,CELR/USDT:USDT,0.008145,327.0,0.008129,500.0,0.008161,328.0,0.008162,6377.0
1753533043372,12:30:43.372,CELR/USDT:USDT,0.008145,327.0,0.008129,500.0,0.008162,328.0,0.008163,3675.0
1753533043484,12:30:43.484,CELR/USDT:USDT,0.008145,327.0,0.008129,500.0,0.008161,328.0,0.008162,6377.0
1753533044360,12:30:44.360,CELR/USDT:USDT,0.008145,327.0,0.008129,500.0,0.008161,328.0,0.008162,6377.0
1753533046508,12:30:46.508,CELR/USDT:USDT,0.008145,327.0,0.008129,500.0,0.008161,328.0,0.008162,328.0
1753533046527,12:30:46.527,CELR/USDT:USDT,0.008145,327.0,0.008129,500.0,0.008162,328.0,0.008163,3675.0
1753533046626,12:30:46.626,CELR/USDT:USDT,0.008145,327.0,0.008129,500.0,0.008161,6049.0,0.008162,328.0
1753533046812,12:30:46.812,CELR/USDT:USDT,0.008145,327.0,0.008129,500.0,0.00816,331.0,0.008161,6049.0
1753533046882,12:30:46.882,CELR/USDT:USDT,0.008145,327.0,0.008129,500.0,0.00816,331.0,0.008161,6049.0
1753533047021,12:30:47.021,CELR/USDT:USDT,0.008145,327.0,0.008129,500.0,0.00816,331.0,0.008161,6049.0
1753533047087,12:30:47.087,CELR/USDT:USDT,0.008145,327.0,0.008129,500.0,0.00816,331.0,0.008161,6049.0
1753533047214,12:30:47.214,CELR/USDT:USDT,0.008145,327.0,0.008126,745.0,0.00816,331.0,0.008161,6049.0
1753533048642,12:30:48.642,CELR/USDT:USDT,0.008145,327.0,0.008126,745.0,0.00816,331.0,0.008161,6049.0
1753533048846,12:30:48.846,CELR/USDT:USDT,0.008145,327.0,0.008126,745.0,0.00816,331.0,0.008161,6049.0
1753533049682,12:30:49.682,CELR/USDT:USDT,0.008145,327.0,0.008131,960.0,0.008162,328.0,0.008163,3675.0
1753533049782,12:30:49.782,CELR/USDT:USDT,0.008145,327.0,0.008131,960.0,0.008161,331.0,0.008162,6377.0
1753533052805,12:30:52.805,CELR/USDT:USDT,0.008145,327.0,0.008131,960.0,0.008162,328.0,0.008163,3675.0
1753533052920,12:30:52.920,CELR/USDT:USDT,0.008145,327.0,0.008131,960.0,0.008161,331.0,0.008162,6377.0
1753533053299,12:30:53.299,CELR/USDT:USDT,0.008145,327.0,0.008131,960.0,0.008161,331.0,0.008162,6377.0
1753533054017,12:30:54.017,CELR/USDT:USDT,0.008145,327.0,0.008131,960.0,0.008161,331.0,0.008162,6377.0
1753533054113,12:30:54.113,CELR/USDT:USDT,0.008145,327.0,0.008131,960.0,0.008161,331.0,0.008162,6377.0
1753533055946,12:30:55.946,CELR/USDT:USDT,0.008145,327.0,0.008131,960.0,0.008162,328.0,0.008163,3675.0
1753533056102,12:30:56.102,CELR/USDT:USDT,0.008145,327.0,0.008131,960.0,0.008161,331.0,0.008162,6377.0
1753533056144,12:30:56.144,CELR/USDT:USDT,0.008145,327.0,0.008131,960.0,0.008161,331.0,0.008162,6377.0
1753533056942,12:30:56.942,CELR/USDT:USDT,0.008145,327.0,0.008131,960.0,0.008161,331.0,0.008162,6377.0
1753533059103,12:30:59.103,CELR/USDT:USDT,0.008145,327.0,0.008131,960.0,0.008161,331.0,0.008162,328.0
1753533059126,12:30:59.126,CELR/USDT:USDT,0.008145,327.0,0.008131,960.0,0.008162,328.0,0.008163,3675.0
1753533059223,12:30:59.223,CELR/USDT:USDT,0.008145,327.0,0.008131,960.0,0.008161,6049.0,0.008162,328.0
1753533059370,12:30:59.370,CELR/USDT:USDT,0.008145,327.0,0.008131,960.0,0.008161,6049.0,0.008162,328.0
1753533059447,12:30:59.447,CELR/USDT:USDT,0.008145,327.0,0.008131,960.0,0.00816,323.0,0.008161,6049.0
1753533059787,12:30:59.787,CELR/USDT:USDT,0.008145,327.0,0.008131,960.0,0.00816,323.0,0.008161,6049.0
1753533062245,12:31:02.245,CELR/USDT:USDT,0.008145,327.0,0.008131,960.0,0.008162,328.0,0.008163,3675.0
1753533062356,12:31:02.356,CELR/USDT:USDT,0.008145,327.0,0.008131,960.0,0.008161,323.0,0.008162,6377.0
1753533064086,12:31:04.086,CELR/USDT:USDT,0.008145,327.0,0.008131,960.0,0.008159,323.0,0.00816,823.0
1753533064226,12:31:04.226,CELR/USDT:USDT,0.008145,327.0,0.008131,960.0,0.008159,323.0,0.00816,823.0
1753533065358,12:31:05.358,CELR/USDT:USDT,0.008145,327.0,0.008131,960.0,0.008159,323.0,0.00816,823.0
1753533065505,12:31:05.505,CELR/USDT:USDT,0.008145,327.0,0.008131,960.0,0.008158,323.0,0.008159,6372.0
1753533065844,12:31:05.844,CELR/USDT:USDT,0.008145,327.0,0.008131,960.0,0.008158,323.0,0.008159,6372.0
1753533068507,12:31:08.507,CELR/USDT:USDT,0.008145,327.0,0.008131,960.0,0.008158,323.0,0.008159,323.0
1753533068532,12:31:08.532,CELR/USDT:USDT,0.008145,327.0,0.008131,960.0,0.008159,323.0,0.00816,823.0
1753533068671,12:31:08.671,CELR/USDT:USDT,0.008145,327.0,0.008131,960.0,0.008158,6049.0,0.008159,323.0
1753533068774,12:31:08.774,CELR/USDT:USDT,0.008145,327.0,0.008131,960.0,0.008157,332.0,0.008158,6049.0
1753533069094,12:31:09.094,CELR/USDT:USDT,0.008145,327.0,0.008131,960.0,0.008157,332.0,0.008158,6049.0
1753533069304,12:31:09.304,CELR/USDT:USDT,0.008133,832.0,0.008132,4521.0,0.008157,332.0,0.008158,6049.0
1753533069405,12:31:09.405,CELR/USDT:USDT,0.008136,332.0,0.008135,832.0,0.008157,332.0,0.008158,6049.0
1753533069571,12:31:09.571,CELR/USDT:USDT,0.008136,332.0,0.008135,832.0,0.008157,332.0,0.008158,6049.0
1753533070015,12:31:10.015,CELR/USDT:USDT,0.008136,332.0,0.008135,832.0,0.008157,332.0,0.008158,6049.0
1753533071706,12:31:11.706,CELR/USDT:USDT,0.008136,332.0,0.008135,832.0,0.008159,323.0,0.00816,823.0
1753533071820,12:31:11.820,CELR/USDT:USDT,0.008136,332.0,0.008135,832.0,0.008158,332.0,0.008159,6372.0
1753533072063,12:31:12.063,CELR/USDT:USDT,0.008136,332.0,0.008135,832.0,0.008158,332.0,0.008159,6372.0
1753533074893,12:31:14.893,CELR/USDT:USDT,0.008136,332.0,0.008135,832.0,0.008159,323.0,0.00816,823.0
1753533074969,12:31:14.969,CELR/USDT:USDT,0.008136,332.0,0.008135,832.0,0.008158,332.0,0.008159,6372.0
1753533075306,12:31:15.306,CELR/USDT:USDT,0.008136,332.0,0.008135,832.0,0.008158,332.0,0.008159,6372.0
1753533078017,12:31:18.017,CELR/USDT:USDT,0.008136,332.0,0.008135,832.0,0.008159,323.0,0.00816,823.0
1753533078137,12:31:18.137,CELR/USDT:USDT,0.008136,332.0,0.008135,832.0,0.008158,328.0,0.008159,6372.0
1753533078557,12:31:18.557,CELR/USDT:USDT,0.008136,332.0,0.008135,832.0,0.008158,328.0,0.008159,6372.0
1753533079372,12:31:19.372,CELR/USDT:USDT,0.008136,332.0,0.008135,832.0,0.008158,328.0,0.008159,6372.0
1753533079804,12:31:19.804,CELR/USDT:USDT,0.008136,332.0,0.008135,832.0,0.008158,328.0,0.008159,6372.0
1753533080039,12:31:20.039,CELR/USDT:USDT,0.008136,332.0,0.008135,832.0,0.008158,328.0,0.008159,6372.0
1753533081145,12:31:21.145,CELR/USDT:USDT,0.008136,332.0,0.008135,832.0,0.008159,323.0,0.00816,823.0
1753533081255,12:31:21.255,CELR/USDT:USDT,0.008136,332.0,0.008135,832.0,0.008158,328.0,0.008159,6372.0
1753533081408,12:31:21.408,CELR/USDT:USDT,0.008136,332.0,0.008135,832.0,0.008158,328.0,0.008159,6372.0
1753533084286,12:31:24.286,CELR/USDT:USDT,0.008136,332.0,0.008135,832.0,0.008159,323.0,0.00816,823.0
1753533084393,12:31:24.393,CELR/USDT:USDT,0.008136,332.0,0.008135,832.0,0.008158,328.0,0.008159,6372.0
1753533087406,12:31:27.406,CELR/USDT:USDT,0.008136,332.0,0.008135,832.0,0.008159,323.0,0.00816,823.0
1753533087496,12:31:27.496,CELR/USDT:USDT,0.008136,332.0,0.008135,832.0,0.008159,323.0,0.00816,823.0
1753533087585,12:31:27.585,CELR/USDT:USDT,0.008136,332.0,0.008135,832.0,0.008158,337.0,0.008159,6372.0
1753533087874,12:31:27.874,CELR/USDT:USDT,0.008136,332.0,0.008135,832.0,0.008158,337.0,0.008159,6372.0
1753533090546,12:31:30.546,CELR/USDT:USDT,0.008136,332.0,0.008135,832.0,0.008159,323.0,0.00816,823.0
1753533090704,12:31:30.704,CELR/USDT:USDT,0.008136,332.0,0.008135,832.0,0.008158,337.0,0.008159,6372.0
1753533091121,12:31:31.121,CELR/USDT:USDT,0.008136,332.0,0.008135,832.0,0.008158,337.0,0.008159,6372.0
1753533093693,12:31:33.693,CELR/USDT:USDT,0.008136,332.0,0.008135,832.0,0.008159,323.0,0.00816,823.0
1753533093791,12:31:33.791,CELR/USDT:USDT,0.008136,332.0,0.008135,832.0,0.008158,337.0,0.008159,6372.0
1753533096806,12:31:36.806,CELR/USDT:USDT,0.008136,332.0,0.008135,832.0,0.008159,323.0,0.00816,823.0
1753533096909,12:31:36.909,CELR/USDT:USDT,0.008136,332.0,0.008135,832.0,0.008158,322.0,0.008159,6372.0
1753533097912,12:31:37.912,CELR/USDT:USDT,0.008138,322.0,0.008137,3686.0,0.008158,322.0,0.008159,6372.0
1753533097998,12:31:37.998,CELR/USDT:USDT,0.008144,322.0,0.008143,3684.0,0.008158,322.0,0.008159,6372.0
1753533098394,12:31:38.394,CELR/USDT:USDT,0.008145,322.0,0.008144,4005.0,0.008158,322.0,0.008159,6372.0
1753533098800,12:31:38.800,CELR/USDT:USDT,0.008145,322.0,0.008144,4005.0,0.008158,322.0,0.008159,6372.0
1753533099910,12:31:39.910,CELR/USDT:USDT,0.008145,322.0,0.008144,4005.0,0.008158,322.0,0.008159,323.0
1753533100021,12:31:40.021,CELR/USDT:USDT,0.008145,322.0,0.008144,4005.0,0.008168,335.0,0.0082,2544.0
1753533100105,12:31:40.105,CELR/USDT:USDT,0.008145,322.0,0.008144,4005.0,0.008157,322.0,0.008158,6049.0
1753533100451,12:31:40.451,CELR/USDT:USDT,0.008145,322.0,0.008144,4005.0,0.008157,322.0,0.008158,6049.0
1753533102265,12:31:42.265,CELR/USDT:USDT,0.008145,322.0,0.008144,4005.0,0.008157,322.0,0.008158,6049.0
1753533102474,12:31:42.474,CELR/USDT:USDT,0.008145,322.0,0.008144,4005.0,0.008157,322.0,0.008158,6049.0
1753533103083,12:31:43.083,CELR/USDT:USDT,0.008145,322.0,0.008144,4005.0,0.008168,335.0,0.008191,244.0
1753533103215,12:31:43.215,CELR/USDT:USDT,0.008145,322.0,0.008144,4005.0,0.008158,322.0,0.008159,6049.0
1753533103293,12:31:43.293,CELR/USDT:USDT,0.008145,322.0,0.008144,4005.0,0.008158,322.0,0.008159,6049.0
1753533104408,12:31:44.408,CELR/USDT:USDT,0.008145,322.0,0.008144,4005.0,0.008158,322.0,0.008159,6049.0
1753533104517,12:31:44.517,CELR/USDT:USDT,0.008145,322.0,0.008144,4005.0,0.008158,322.0,0.008159,6049.0
1753533106061,12:31:46.061,CELR/USDT:USDT,0.008145,322.0,0.008144,4005.0,0.008158,322.0,0.008159,6049.0
1753533106292,12:31:46.292,CELR/USDT:USDT,0.008145,322.0,0.008144,4005.0,0.008168,335.0,0.008199,2108.0
1753533106409,12:31:46.409,CELR/USDT:USDT,0.008145,322.0,0.008144,4005.0,0.008158,322.0,0.008159,6049.0
1753533109406,12:31:49.406,CELR/USDT:USDT,0.008145,322.0,0.008144,4005.0,0.008168,335.0,0.008199,244.0
1753533109544,12:31:49.544,CELR/USDT:USDT,0.008145,322.0,0.008144,4005.0,0.008158,332.0,0.008159,6049.0
1753533109770,12:31:49.770,CELR/USDT:USDT,0.008145,322.0,0.008144,4005.0,0.008158,332.0,0.008159,6049.0
1753533110845,12:31:50.845,CELR/USDT:USDT,0.008145,322.0,0.008144,4005.0,0.008158,332.0,0.008159,6049.0
1753533110993,12:31:50.993,CELR/USDT:USDT,0.008145,322.0,0.008144,4005.0,0.008158,332.0,0.008159,6049.0
1753533112566,12:31:52.566,CELR/USDT:USDT,0.008145,322.0,0.008144,4005.0,0.008168,335.0,0.008199,244.0
1753533112691,12:31:52.691,CELR/USDT:USDT,0.008145,322.0,0.008144,4005.0,0.008158,332.0,0.008159,6049.0
1753533113016,12:31:53.016,CELR/USDT:USDT,0.008145,322.0,0.008144,4005.0,0.008158,332.0,0.008159,6049.0
1753533115718,12:31:55.718,CELR/USDT:USDT,0.008145,322.0,0.008144,4005.0,0.008168,335.0,0.008199,244.0
1753533115865,12:31:55.865,CELR/USDT:USDT,0.008145,322.0,0.008144,4005.0,0.008158,332.0,0.008159,6049.0
1753533116259,12:31:56.259,CELR/USDT:USDT,0.008145,322.0,0.008144,4005.0,0.008158,332.0,0.008159,6049.0
1753533118875,12:31:58.875,CELR/USDT:USDT,0.008145,322.0,0.008144,4005.0,0.008168,335.0,0.008199,244.0
1753533118994,12:31:58.994,CELR/USDT:USDT,0.008145,322.0,0.008144,4005.0,0.008158,329.0,0.008159,6049.0
1753533119086,12:31:59.086,CELR/USDT:USDT,0.008145,322.0,0.008144,4005.0,0.008158,329.0,0.008159,6049.0
1753533122016,12:32:02.016,CELR/USDT:USDT,0.008145,322.0,0.008144,4005.0,0.008168,335.0,0.008199,244.0
1753533122139,12:32:02.139,CELR/USDT:USDT,0.008145,322.0,0.008144,4005.0,0.008158,329.0,0.008159,6049.0
1753533122377,12:32:02.377,CELR/USDT:USDT,0.008145,322.0,0.008144,4005.0,0.008158,329.0,0.008159,6049.0
1753533122819,12:32:02.819,CELR/USDT:USDT,0.008145,322.0,0.008144,4005.0,0.008158,329.0,0.008159,6049.0
1753533125177,12:32:05.177,CELR/USDT:USDT,0.008145,322.0,0.008144,4005.0,0.008168,335.0,0.008199,244.0
1753533125315,12:32:05.315,CELR/USDT:USDT,0.008145,322.0,0.008144,4005.0,0.008158,329.0,0.008159,6049.0
1753533125719,12:32:05.719,CELR/USDT:USDT,0.008145,322.0,0.008144,4005.0,0.008158,329.0,0.008159,6049.0
1753533128315,12:32:08.315,CELR/USDT:USDT,0.008145,322.0,0.008144,4005.0,0.008158,329.0,0.008168,335.0
1753533128335,12:32:08.335,CELR/USDT:USDT,0.008145,322.0,0.008144,4005.0,0.008168,335.0,0.008199,244.0
1753533128488,12:32:08.488,CELR/USDT:USDT,0.008145,322.0,0.008144,4005.0,0.008157,334.0,0.008158,6049.0
1753533128552,12:32:08.552,CELR/USDT:USDT,0.008145,322.0,0.008144,4005.0,0.008157,334.0,0.008158,6049.0
1753533131494,12:32:11.494,CELR/USDT:USDT,0.008145,322.0,0.008144,4005.0,0.008168,335.0,0.008199,244.0
1753533131618,12:32:11.618,CELR/USDT:USDT,0.008145,322.0,0.008144,4005.0,0.008158,334.0,0.008159,6049.0
1753533131779,12:32:11.779,CELR/USDT:USDT,0.008145,322.0,0.008144,4005.0,0.008158,334.0,0.008159,6049.0
1753533132647,12:32:12.647,CELR/USDT:USDT,0.008145,322.0,0.008144,4005.0,0.008158,334.0,0.008159,6049.0
1753533133065,12:32:13.065,CELR/USDT:USDT,0.008145,322.0,0.008144,4005.0,0.008158,334.0,0.008159,6049.0
1753533134619,12:32:14.619,CELR/USDT:USDT,0.008145,322.0,0.008144,4005.0,0.008158,334.0,0.008168,335.0
1753533134626,12:32:14.626,CELR/USDT:USDT,0.008145,322.0,0.008144,4005.0,0.008168,335.0,0.008199,244.0
1753533134775,12:32:14.775,CELR/USDT:USDT,0.008145,322.0,0.008144,4005.0,0.008158,6049.0,0.008168,335.0
1753533135112,12:32:15.112,CELR/USDT:USDT,0.008145,322.0,0.008144,4005.0,0.008158,6049.0,0.008168,335.0
1753533135257,12:32:15.257,CELR/USDT:USDT,0.008145,322.0,0.008144,4005.0,0.008157,334.0,0.008158,6049.0
1753533135539,12:32:15.539,CELR/USDT:USDT,0.008145,322.0,0.008144,4005.0,0.008157,334.0,0.008158,6049.0
1753533137786,12:32:17.786,CELR/USDT:USDT,0.008145,322.0,0.008144,4005.0,0.008168,335.0,0.008199,244.0
1753533137920,12:32:17.920,CELR/USDT:USDT,0.008145,322.0,0.008144,4005.0,0.008168,6384.0,0.008199,244.0
1753533137986,12:32:17.986,CELR/USDT:USDT,0.008145,322.0,0.008144,4005.0,0.008165,323.0,0.008166,823.0
1753533138430,12:32:18.430,CELR/USDT:USDT,0.008145,322.0,0.008144,4005.0,0.008165,323.0,0.008166,823.0
1753533138873,12:32:18.873,CELR/USDT:USDT,0.008145,322.0,0.008144,4005.0,0.008165,323.0,0.008166,823.0
1753533139177,12:32:19.177,CELR/USDT:USDT,0.008145,322.0,0.008144,4005.0,0.008165,323.0,0.008166,823.0
1753533139270,12:32:19.270,CELR/USDT:USDT,0.008145,322.0,0.008144,4005.0,0.008165,323.0,0.008166,823.0
1753533140921,12:32:20.921,CELR/USDT:USDT,0.008145,322.0,0.008144,4005.0,0.008165,323.0,0.008166,823.0
1753533140994,12:32:20.994,CELR/USDT:USDT,0.008145,322.0,0.008144,4005.0,0.008165,323.0,0.008166,823.0
1753533141070,12:32:21.070,CELR/USDT:USDT,0.008145,322.0,0.008144,4005.0,0.008164,323.0,0.008165,6372.0
1753533141158,12:32:21.158,CELR/USDT:USDT,0.008145,322.0,0.008144,4005.0,0.008164,323.0,0.008165,6372.0
1753533141331,12:32:21.331,CELR/USDT:USDT,0.008145,322.0,0.008144,4005.0,0.008164,323.0,0.008165,6372.0
1753533143171,12:32:23.171,CELR/USDT:USDT,0.008145,322.0,0.008144,4005.0,0.008164,323.0,0.008165,6372.0
1753533143437,12:32:23.437,CELR/USDT:USDT,0.008145,322.0,0.008144,4005.0,0.008164,323.0,0.008165,6372.0
1753533144106,12:32:24.106,CELR/USDT:USDT,0.008145,322.0,0.008144,4005.0,0.008165,323.0,0.008166,823.0
1753533144218,12:32:24.218,CELR/USDT:USDT,0.008145,322.0,0.008144,4005.0,0.008164,323.0,0.008165,6372.0
1753533144287,12:32:24.287,CELR/USDT:USDT,0.008145,322.0,0.008144,4005.0,0.008164,323.0,0.008165,6372.0
1753533145328,12:32:25.328,CELR/USDT:USDT,0.008145,322.0,0.008144,4005.0,0.008164,323.0,0.008165,6372.0
1753533145548,12:32:25.548,CELR/USDT:USDT,0.008145,322.0,0.008144,4005.0,0.008164,323.0,0.008165,6372.0
1753533147221,12:32:27.221,CELR/USDT:USDT,0.008145,322.0,0.008144,4005.0,0.008164,323.0,0.008165,323.0
1753533147226,12:32:27.226,CELR/USDT:USDT,0.008145,322.0,0.008144,4005.0,0.008165,323.0,0.008166,823.0
1753533147418,12:32:27.418,CELR/USDT:USDT,0.008145,322.0,0.008144,4005.0,0.008163,323.0,0.008164,6049.0
1753533147493,12:32:27.493,CELR/USDT:USDT,0.008145,322.0,0.008144,4005.0,0.008163,323.0,0.008164,6049.0
1753533147585,12:32:27.585,CELR/USDT:USDT,0.008145,322.0,0.008144,4005.0,0.008163,323.0,0.008164,6049.0
1753533150421,12:32:30.421,CELR/USDT:USDT,0.008145,322.0,0.008144,4005.0,0.008163,323.0,0.008165,323.0
1753533150426,12:32:30.426,CELR/USDT:USDT,0.008145,322.0,0.008144,4005.0,0.008165,323.0,0.008166,823.0
1753533150586,12:32:30.586,CELR/USDT:USDT,0.008145,322.0,0.008144,4005.0,0.008162,323.0,0.008163,6049.0
1753533150834,12:32:30.834,CELR/USDT:USDT,0.008145,322.0,0.008144,4005.0,0.008162,323.0,0.008163,6049.0
1753533153590,12:32:33.590,CELR/USDT:USDT,0.008145,322.0,0.008144,4005.0,0.008165,323.0,0.008166,823.0
1753533153709,12:32:33.709,CELR/USDT:USDT,0.008145,322.0,0.008144,4005.0,0.008164,323.0,0.008165,6372.0
1753533154091,12:32:34.091,CELR/USDT:USDT,0.008145,322.0,0.008144,4005.0,0.008164,323.0,0.008165,6372.0
1753533156714,12:32:36.714,CELR/USDT:USDT,0.008145,322.0,0.008144,4005.0,0.008164,323.0,0.008165,323.0
1753533156728,12:32:36.728,CELR/USDT:USDT,0.008145,322.0,0.008144,4005.0,0.008165,323.0,0.008166,823.0
1753533156919,12:32:36.919,CELR/USDT:USDT,0.008145,322.0,0.008144,4005.0,0.008163,337.0,0.008164,6049.0
1753533158894,12:32:38.894,CELR/USDT:USDT,0.008145,322.0,0.008144,4005.0,0.008163,337.0,0.008164,6049.0
1753533158966,12:32:38.966,CELR/USDT:USDT,0.008145,322.0,0.008144,4005.0,0.008163,337.0,0.008164,6049.0
1753533159885,12:32:39.885,CELR/USDT:USDT,0.008145,322.0,0.008144,4005.0,0.008165,323.0,0.008166,823.0
1753533160012,12:32:40.012,CELR/USDT:USDT,0.008145,322.0,0.008144,4005.0,0.008164,337.0,0.008165,6372.0
1753533160229,12:32:40.229,CELR/USDT:USDT,0.008145,322.0,0.008144,4005.0,0.008164,337.0,0.008165,6372.0
1753533162028,12:32:42.028,CELR/USDT:USDT,0.008145,322.0,0.008144,4005.0,0.008164,337.0,0.008165,6372.0
1753533162276,12:32:42.276,CELR/USDT:USDT,0.008145,322.0,0.008144,4005.0,0.008164,337.0,0.008165,6372.0
1753533163014,12:32:43.014,CELR/USDT:USDT,0.008145,322.0,0.008144,4005.0,0.008164,337.0,0.008165,323.0
1753533163110,12:32:43.110,CELR/USDT:USDT,0.008145,322.0,0.008144,4005.0,0.008165,323.0,0.008166,823.0
1753533163196,12:32:43.196,CELR/USDT:USDT,0.008145,322.0,0.008144,4005.0,0.008163,337.0,0.008164,6049.0
1753533163550,12:32:43.550,CELR/USDT:USDT,0.008145,322.0,0.008144,4005.0,0.008163,337.0,0.008164,6049.0
1753533166205,12:32:46.205,CELR/USDT:USDT,0.008145,322.0,0.008144,4005.0,0.008165,323.0,0.008166,823.0
1753533166320,12:32:46.320,CELR/USDT:USDT,0.008145,322.0,0.008144,4005.0,0.008165,6372.0,0.008166,823.0
1753533166419,12:32:46.419,CELR/USDT:USDT,0.008145,322.0,0.008144,4005.0,0.008164,337.0,0.008165,6372.0
1753533166832,12:32:46.832,CELR/USDT:USDT,0.008145,322.0,0.008144,4005.0,0.008164,337.0,0.008165,6372.0
1753533169345,12:32:49.345,CELR/USDT:USDT,0.008145,322.0,0.008144,4005.0,0.008165,323.0,0.008166,823.0
1753533169462,12:32:49.462,CELR/USDT:USDT,0.008145,322.0,0.008144,4005.0,0.008164,337.0,0.008165,6372.0
1753533172468,12:32:52.468,CELR/USDT:USDT,0.008145,322.0,0.008144,4005.0,0.008165,323.0,0.008166,823.0
1753533172607,12:32:52.607,CELR/USDT:USDT,0.008145,322.0,0.008144,4005.0,0.008164,837.0,0.008165,6372.0
1753533172643,12:32:52.643,CELR/USDT:USDT,0.008145,322.0,0.008144,4005.0,0.008163,337.0,0.008164,837.0
1753533172865,12:32:52.865,CELR/USDT:USDT,0.008145,322.0,0.008144,4005.0,0.008163,337.0,0.008164,837.0
1753533175594,12:32:55.594,CELR/USDT:USDT,0.008145,322.0,0.008144,4005.0,0.008163,337.0,0.008164,837.0
1753533175720,12:32:55.720,CELR/USDT:USDT,0.008145,322.0,0.008144,4005.0,0.008163,6386.0,0.008164,837.0
1753533175724,12:32:55.724,CELR/USDT:USDT,0.008145,322.0,0.008144,4005.0,0.008162,337.0,0.008163,6386.0
1753533176108,12:32:56.108,CELR/USDT:USDT,0.008145,322.0,0.008144,4005.0,0.008162,337.0,0.008163,6386.0
1753533177751,12:32:57.751,CELR/USDT:USDT,0.008145,322.0,0.008144,4005.0,0.008162,337.0,0.008163,6386.0
1753533178141,12:32:58.141,CELR/USDT:USDT,0.008145,322.0,0.008144,4005.0,0.008162,337.0,0.008163,6386.0
1753533178752,12:32:58.752,CELR/USDT:USDT,0.008145,322.0,0.008144,4005.0,0.008163,337.0,0.008164,837.0
1753533178866,12:32:58.866,CELR/USDT:USDT,0.008145,322.0,0.008144,4005.0,0.008162,325.0,0.008163,6386.0
1753533179032,12:32:59.032,CELR/USDT:USDT,0.008145,322.0,0.008144,4005.0,0.008162,325.0,0.008163,6386.0
1753533180338,12:33:00.338,CELR/USDT:USDT,0.008145,322.0,0.008144,4005.0,0.008162,325.0,0.008163,6386.0
1753533180689,12:33:00.689,CELR/USDT:USDT,0.008145,322.0,0.008144,4005.0,0.008162,325.0,0.008163,6386.0
1753533181191,12:33:01.191,CELR/USDT:USDT,0.008135,332.0,0.008124,245.0,0.008162,325.0,0.008163,6386.0
1753533181586,12:33:01.586,CELR/USDT:USDT,0.008135,332.0,0.008124,245.0,0.008162,325.0,0.008163,6386.0
1753533181709,12:33:01.709,CELR/USDT:USDT,0.008135,332.0,0.008125,500.0,0.008162,325.0,0.008163,6386.0
1753533181905,12:33:01.905,CELR/USDT:USDT,0.008135,332.0,0.008125,500.0,0.008162,325.0,0.008163,4012.0
1753533182012,12:33:02.012,CELR/USDT:USDT,0.008135,332.0,0.008125,500.0,0.008162,6374.0,0.008163,4012.0
1753533182291,12:33:02.291,CELR/USDT:USDT,0.008135,332.0,0.008125,500.0,0.008161,325.0,0.008162,6374.0
1753533182400,12:33:02.400,CELR/USDT:USDT,0.008135,332.0,0.008125,500.0,0.008161,325.0,0.008162,6374.0
1753533182572,12:33:02.572,CELR/USDT:USDT,0.008135,332.0,0.008125,500.0,0.008161,325.0,0.008162,6374.0
1753533182677,12:33:02.677,CELR/USDT:USDT,0.008135,332.0,0.008125,500.0,0.008161,325.0,0.008162,6374.0
1753533182844,12:33:02.844,CELR/USDT:USDT,0.008135,332.0,0.008125,500.0,0.008161,325.0,0.008162,6374.0
1753533183996,12:33:03.996,CELR/USDT:USDT,0.008135,332.0,0.008125,500.0,0.008161,325.0,0.008162,6374.0
1753533184096,12:33:04.096,CELR/USDT:USDT,0.008135,332.0,0.008125,500.0,0.008161,325.0,0.008162,6374.0
1753533184676,12:33:04.676,CELR/USDT:USDT,0.008135,332.0,0.008126,500.0,0.008161,325.0,0.008162,6374.0
1753533185015,12:33:05.015,CELR/USDT:USDT,0.008135,332.0,0.008126,500.0,0.008161,325.0,0.008162,325.0
1753533185032,12:33:05.032,CELR/USDT:USDT,0.008135,332.0,0.008126,500.0,0.008162,325.0,0.008163,4012.0
1753533185192,12:33:05.192,CELR/USDT:USDT,0.008135,332.0,0.008126,500.0,0.00816,325.0,0.008161,6049.0
1753533185289,12:33:05.289,CELR/USDT:USDT,0.008135,332.0,0.008126,500.0,0.00816,325.0,0.008161,6049.0
1753533185711,12:33:05.711,CELR/USDT:USDT,0.00813,825.0,0.008129,4190.0,0.00816,325.0,0.008161,6049.0
1753533185742,12:33:05.742,CELR/USDT:USDT,0.008133,325.0,0.008132,3689.0,0.00816,325.0,0.008161,6049.0
1753533186120,12:33:06.120,CELR/USDT:USDT,0.008133,325.0,0.008132,3689.0,0.00816,325.0,0.008161,6049.0
1753533186145,12:33:06.145,CELR/USDT:USDT,0.008135,325.0,0.008134,3688.0,0.00816,325.0,0.008161,6049.0
1753533186564,12:33:06.564,CELR/USDT:USDT,0.008135,325.0,0.008134,3688.0,0.00816,325.0,0.008161,6049.0
1753533187150,12:33:07.150,CELR/USDT:USDT,0.008135,325.0,0.008134,3688.0,0.00816,325.0,0.008161,6049.0
1753533187405,12:33:07.405,CELR/USDT:USDT,0.008135,325.0,0.008134,3688.0,0.00816,325.0,0.008161,6049.0
1753533188185,12:33:08.185,CELR/USDT:USDT,0.008135,325.0,0.008134,3688.0,0.008162,325.0,0.008163,4012.0
1753533188314,12:33:08.314,CELR/USDT:USDT,0.008135,325.0,0.008134,3688.0,0.008161,332.0,0.008162,6374.0
1753533188620,12:33:08.620,CELR/USDT:USDT,0.008135,325.0,0.008134,3688.0,0.008161,332.0,0.008162,6374.0
1753533188656,12:33:08.656,CELR/USDT:USDT,0.008135,325.0,0.008134,3688.0,0.008161,332.0,0.008162,6374.0
1753533190455,12:33:10.455,CELR/USDT:USDT,0.008135,325.0,0.008134,3688.0,0.008161,332.0,0.008162,6374.0
1753533190695,12:33:10.695,CELR/USDT:USDT,0.008135,325.0,0.008134,3688.0,0.008161,332.0,0.008162,6374.0
1753533191312,12:33:11.312,CELR/USDT:USDT,0.008135,325.0,0.008134,3688.0,0.008161,332.0,0.008162,325.0
1753533191325,12:33:11.325,CELR/USDT:USDT,0.008135,325.0,0.008134,3688.0,0.008162,325.0,0.008163,4012.0
1753533191463,12:33:11.463,CELR/USDT:USDT,0.008135,325.0,0.008134,3688.0,0.008161,6049.0,0.008162,325.0
1753533191919,12:33:11.919,CELR/USDT:USDT,0.008135,325.0,0.008134,3688.0,0.00816,332.0,0.008161,6049.0
1753533192572,12:33:12.572,CELR/USDT:USDT,0.008135,325.0,0.008134,3688.0,0.00816,332.0,0.008161,6049.0
1753533194507,12:33:14.507,CELR/USDT:USDT,0.008135,325.0,0.008134,3688.0,0.008162,325.0,0.008163,4012.0
1753533194620,12:33:14.620,CELR/USDT:USDT,0.008135,325.0,0.008134,3688.0,0.008162,6374.0,0.008163,4012.0
1753533194626,12:33:14.626,CELR/USDT:USDT,0.008135,325.0,0.008134,3688.0,0.008161,332.0,0.008162,6374.0
1753533194758,12:33:14.758,CELR/USDT:USDT,0.008135,325.0,0.008134,3688.0,0.008161,332.0,0.008162,6374.0
1753533197645,12:33:17.645,CELR/USDT:USDT,0.008135,325.0,0.008134,3688.0,0.008162,325.0,0.008163,4012.0
1753533197780,12:33:17.780,CELR/USDT:USDT,0.008135,325.0,0.008134,3688.0,0.008161,337.0,0.008162,6374.0
1753533198042,12:33:18.042,CELR/USDT:USDT,0.008135,325.0,0.008134,3688.0,0.008161,337.0,0.008162,6374.0
1753533198449,12:33:18.449,CELR/USDT:USDT,0.008135,325.0,0.008134,3688.0,0.008161,337.0,0.008162,6374.0
1753533199508,12:33:19.508,CELR/USDT:USDT,0.008135,325.0,0.008134,3688.0,0.008161,837.0,0.008162,6374.0
1753533199566,12:33:19.566,CELR/USDT:USDT,0.008135,325.0,0.008134,3688.0,0.008158,337.0,0.008159,837.0
1753533199702,12:33:19.702,CELR/USDT:USDT,0.008135,325.0,0.008134,3688.0,0.008158,337.0,0.008159,837.0
1753533200790,12:33:20.790,CELR/USDT:USDT,0.008135,325.0,0.008134,3688.0,0.008158,337.0,0.008159,837.0
1753533200891,12:33:20.891,CELR/USDT:USDT,0.008135,325.0,0.008134,3688.0,0.008158,337.0,0.008159,837.0
1753533200945,12:33:20.945,CELR/USDT:USDT,0.008135,325.0,0.008134,3688.0,0.008157,337.0,0.008158,6386.0
1753533201305,12:33:21.305,CELR/USDT:USDT,0.008135,325.0,0.008134,3688.0,0.008157,337.0,0.008158,6386.0
1753533201475,12:33:21.475,CELR/USDT:USDT,0.008135,325.0,0.008134,3688.0,0.008157,337.0,0.008158,6386.0
1753533203405,12:33:23.405,CELR/USDT:USDT,0.008135,325.0,0.008134,3688.0,0.008157,337.0,0.008158,6386.0
1753533203453,12:33:23.453,CELR/USDT:USDT,0.008135,325.0,0.008134,3688.0,0.008157,337.0,0.008158,6386.0
1753533203729,12:33:23.729,CELR/USDT:USDT,0.008135,325.0,0.008134,3688.0,0.008157,337.0,0.008158,6386.0
1753533203993,12:33:23.993,CELR/USDT:USDT,0.008135,325.0,0.008134,3688.0,0.008158,337.0,0.008159,837.0
1753533204082,12:33:24.082,CELR/USDT:USDT,0.008135,325.0,0.008134,3688.0,0.008157,6049.0,0.008158,337.0
1753533204141,12:33:24.141,CELR/USDT:USDT,0.008135,325.0,0.008134,3688.0,0.008156,337.0,0.008157,6049.0
1753533204544,12:33:24.544,CELR/USDT:USDT,0.008135,325.0,0.008134,3688.0,0.008156,337.0,0.008157,6049.0
1753533205555,12:33:25.555,CELR/USDT:USDT,0.008135,325.0,0.008134,3688.0,0.008156,337.0,0.008157,6049.0
1753533207107,12:33:27.107,CELR/USDT:USDT,0.008135,325.0,0.008134,3688.0,0.008158,337.0,0.008159,837.0
1753533207244,12:33:27.244,CELR/USDT:USDT,0.008135,325.0,0.008134,3688.0,0.008157,338.0,0.008158,6386.0
1753533207367,12:33:27.367,CELR/USDT:USDT,0.008135,325.0,0.008134,3688.0,0.008157,338.0,0.008158,6386.0
1753533207702,12:33:27.702,CELR/USDT:USDT,0.008135,325.0,0.008134,3688.0,0.008157,338.0,0.008158,6386.0
1753533210266,12:33:30.266,CELR/USDT:USDT,0.008135,325.0,0.008134,3688.0,0.008158,337.0,0.008159,837.0
1753533210388,12:33:30.388,CELR/USDT:USDT,0.008135,325.0,0.008134,3688.0,0.008157,338.0,0.008158,6386.0
1753533213405,12:33:33.405,CELR/USDT:USDT,0.008135,325.0,0.008134,3688.0,0.008158,337.0,0.008159,837.0
1753533213537,12:33:33.537,CELR/USDT:USDT,0.008135,325.0,0.008134,3688.0,0.008157,338.0,0.008158,6386.0
1753533216621,12:33:36.621,CELR/USDT:USDT,0.008135,325.0,0.008134,3688.0,0.008158,337.0,0.008159,837.0
1753533216699,12:33:36.699,CELR/USDT:USDT,0.008135,325.0,0.008134,3688.0,0.008157,333.0,0.008158,6386.0
1753533217034,12:33:37.034,CELR/USDT:USDT,0.008135,325.0,0.008134,3688.0,0.008157,333.0,0.008158,6386.0
1753533219704,12:33:39.704,CELR/USDT:USDT,0.008135,325.0,0.008134,3688.0,0.008157,333.0,0.008158,337.0
1753533219730,12:33:39.730,CELR/USDT:USDT,0.008135,325.0,0.008134,3688.0,0.008158,337.0,0.008159,837.0
1753533219890,12:33:39.890,CELR/USDT:USDT,0.008135,325.0,0.008134,3688.0,0.008156,333.0,0.008157,6049.0
1753533220286,12:33:40.286,CELR/USDT:USDT,0.008135,325.0,0.008134,3688.0,0.008156,333.0,0.008157,6049.0
1753533222912,12:33:42.912,CELR/USDT:USDT,0.008135,325.0,0.008134,3688.0,0.008158,337.0,0.008159,837.0
1753533223006,12:33:43.006,CELR/USDT:USDT,0.008135,325.0,0.008134,3688.0,0.008157,333.0,0.008158,6386.0
1753533223155,12:33:43.155,CELR/USDT:USDT,0.008135,325.0,0.008134,3688.0,0.008157,333.0,0.008158,6386.0
1753533226047,12:33:46.047,CELR/USDT:USDT,0.008135,325.0,0.008134,3688.0,0.008158,337.0,0.008159,837.0
1753533226152,12:33:46.152,CELR/USDT:USDT,0.008135,325.0,0.008134,3688.0,0.008157,333.0,0.008158,6386.0
1753533229205,12:33:49.205,CELR/USDT:USDT,0.008135,325.0,0.008134,3688.0,0.008158,337.0,0.008159,837.0
1753533229319,12:33:49.319,CELR/USDT:USDT,0.008135,325.0,0.008134,3688.0,0.008157,335.0,0.008158,6386.0
1753533229332,12:33:49.332,CELR/USDT:USDT,0.008135,325.0,0.008134,3688.0,0.008157,335.0,0.008158,6386.0
1753533229594,12:33:49.594,CELR/USDT:USDT,0.008135,325.0,0.008134,3688.0,0.008157,335.0,0.008158,6386.0
1753533232345,12:33:52.345,CELR/USDT:USDT,0.008135,325.0,0.008134,3688.0,0.008158,337.0,0.008159,837.0
1753533232458,12:33:52.458,CELR/USDT:USDT,0.008135,325.0,0.008134,3688.0,0.008157,335.0,0.008158,6386.0
1753533232839,12:33:52.839,CELR/USDT:USDT,0.008135,325.0,0.008134,3688.0,0.008157,335.0,0.008158,6386.0
1753533235512,12:33:55.512,CELR/USDT:USDT,0.008135,325.0,0.008134,3688.0,0.008158,337.0,0.008159,837.0
1753533235664,12:33:55.664,CELR/USDT:USDT,0.008135,325.0,0.008134,3688.0,0.008157,335.0,0.008158,6386.0
1753533236077,12:33:56.077,CELR/USDT:USDT,0.008135,325.0,0.008134,3688.0,0.008157,335.0,0.008158,6386.0
1753533238706,12:33:58.706,CELR/USDT:USDT,0.008135,325.0,0.008134,3688.0,0.008158,337.0,0.008159,837.0
1753533238899,12:33:58.899,CELR/USDT:USDT,0.008135,325.0,0.008134,3688.0,0.008157,330.0,0.008158,6386.0
1753533239312,12:33:59.312,CELR/USDT:USDT,0.008135,325.0,0.008134,3688.0,0.008157,330.0,0.008158,6386.0
1753533241865,12:34:01.865,CELR/USDT:USDT,0.008135,325.0,0.008134,3688.0,0.008158,337.0,0.008159,837.0
1753533241979,12:34:01.979,CELR/USDT:USDT,0.008135,325.0,0.008134,3688.0,0.008157,330.0,0.008158,6386.0
1753533245005,12:34:05.005,CELR/USDT:USDT,0.008135,325.0,0.008134,3688.0,0.008158,337.0,0.008159,837.0
1753533245131,12:34:05.131,CELR/USDT:USDT,0.008135,325.0,0.008134,3688.0,0.008157,330.0,0.008158,6386.0
1753533248158,12:34:08.158,CELR/USDT:USDT,0.008135,325.0,0.008134,3688.0,0.008158,337.0,0.008159,837.0
1753533248308,12:34:08.308,CELR/USDT:USDT,0.008135,325.0,0.008134,3688.0,0.008157,333.0,0.008158,6386.0
1753533248571,12:34:08.571,CELR/USDT:USDT,0.008135,325.0,0.008134,3688.0,0.008157,333.0,0.008158,6386.0
1753533251307,12:34:11.307,CELR/USDT:USDT,0.008135,325.0,0.008134,3688.0,0.008157,333.0,0.008158,337.0
1753533251395,12:34:11.395,CELR/USDT:USDT,0.008135,325.0,0.008134,3688.0,0.008158,337.0,0.008159,837.0
1753533251432,12:34:11.432,CELR/USDT:USDT,0.008135,325.0,0.008134,3688.0,0.008157,6049.0,0.008158,337.0
1753533251809,12:34:11.809,CELR/USDT:USDT,0.008135,325.0,0.008134,3688.0,0.008157,6049.0,0.008158,337.0
1753533251881,12:34:11.881,CELR/USDT:USDT,0.008135,325.0,0.008134,3688.0,0.008156,333.0,0.008157,6049.0
1753533252221,12:34:12.221,CELR/USDT:USDT,0.008135,325.0,0.008134,3688.0,0.008156,333.0,0.008157,6049.0
1753533254100,12:34:14.100,CELR/USDT:USDT,0.008135,325.0,0.008134,3688.0,0.008156,333.0,0.008157,6049.0
1753533254241,12:34:14.241,CELR/USDT:USDT,0.008135,325.0,0.008134,3688.0,0.008156,333.0,0.008157,6049.0
1753533254446,12:34:14.446,CELR/USDT:USDT,0.008135,325.0,0.008134,3688.0,0.008158,337.0,0.008159,837.0
1753533254572,12:34:14.572,CELR/USDT:USDT,0.008135,325.0,0.008134,3688.0,0.008157,333.0,0.008158,6386.0
1753533254657,12:34:14.657,CELR/USDT:USDT,0.008135,325.0,0.008134,3688.0,0.008157,333.0,0.008158,6386.0
1753533255969,12:34:15.969,CELR/USDT:USDT,0.008135,325.0,0.008134,3688.0,0.008157,333.0,0.008158,6386.0
1753533257586,12:34:17.586,CELR/USDT:USDT,0.008135,325.0,0.008134,3688.0,0.008158,337.0,0.008159,837.0
1753533257748,12:34:17.748,CELR/USDT:USDT,0.008135,325.0,0.008134,3688.0,0.008157,338.0,0.008158,6386.0
1753533257886,12:34:17.886,CELR/USDT:USDT,0.008135,325.0,0.008134,3688.0,0.008157,338.0,0.008158,6386.0
1753533260820,12:34:20.820,CELR/USDT:USDT,0.008135,825.0,0.008134,3688.0,0.008158,337.0,0.008159,837.0
1753533260865,12:34:20.865,CELR/USDT:USDT,0.008137,338.0,0.008136,838.0,0.008158,337.0,0.008159,837.0
1753533260944,12:34:20.944,CELR/USDT:USDT,0.008137,338.0,0.008136,838.0,0.008157,338.0,0.008158,6386.0
1753533261122,12:34:21.122,CELR/USDT:USDT,0.008137,338.0,0.008136,838.0,0.008157,338.0,0.008158,6386.0
1753533261817,12:34:21.817,CELR/USDT:USDT,0.008137,338.0,0.008136,838.0,0.008157,338.0,0.008158,6386.0
1753533262784,12:34:22.784,CELR/USDT:USDT,0.008137,338.0,0.008136,838.0,0.008157,338.0,0.008158,6386.0
1753533263221,12:34:23.221,CELR/USDT:USDT,0.008137,338.0,0.008136,838.0,0.008157,338.0,0.008158,6386.0
1753533263222,12:34:23.222,CELR/USDT:USDT,0.008137,338.0,0.008136,838.0,0.008157,338.0,0.008158,6386.0
1753533263946,12:34:23.946,CELR/USDT:USDT,0.008137,338.0,0.008136,838.0,0.008158,337.0,0.008159,837.0
1753533264119,12:34:24.119,CELR/USDT:USDT,0.008137,338.0,0.008136,838.0,0.008157,338.0,0.008158,6386.0
1753533264477,12:34:24.477,CELR/USDT:USDT,0.008137,338.0,0.008136,838.0,0.008157,338.0,0.008158,6386.0
1753533267118,12:34:27.118,CELR/USDT:USDT,0.008137,338.0,0.008136,838.0,0.008157,338.0,0.008158,337.0
1753533267126,12:34:27.126,CELR/USDT:USDT,0.008137,338.0,0.008136,838.0,0.008158,337.0,0.008159,837.0
1753533267298,12:34:27.298,CELR/USDT:USDT,0.008137,338.0,0.008136,838.0,0.008156,332.0,0.008157,6049.0
1753533267711,12:34:27.711,CELR/USDT:USDT,0.008137,338.0,0.008136,838.0,0.008156,332.0,0.008157,6049.0
1753533270305,12:34:30.305,CELR/USDT:USDT,0.008137,338.0,0.008136,838.0,0.008158,337.0,0.008159,837.0
1753533270457,12:34:30.457,CELR/USDT:USDT,0.008137,338.0,0.008136,838.0,0.008157,332.0,0.008158,6386.0
1753533270549,12:34:30.549,CELR/USDT:USDT,0.008137,338.0,0.008136,838.0,0.008157,332.0,0.008158,6386.0
1753533273483,12:34:33.483,CELR/USDT:USDT,0.008137,338.0,0.008136,838.0,0.008158,337.0,0.008159,837.0
1753533273621,12:34:33.621,CELR/USDT:USDT,0.008137,338.0,0.008136,838.0,0.008158,6386.0,0.008159,837.0
1753533273643,12:34:33.643,CELR/USDT:USDT,0.008137,338.0,0.008136,838.0,0.008157,332.0,0.008158,6386.0
1753533274603,12:34:34.603,CELR/USDT:USDT,0.008137,338.0,0.008136,838.0,0.008157,332.0,0.008158,6386.0
1753533274653,12:34:34.653,CELR/USDT:USDT,0.008137,338.0,0.008136,838.0,0.008157,332.0,0.008158,6386.0
1753533275020,12:34:35.020,CELR/USDT:USDT,0.008137,338.0,0.008136,838.0,0.008157,332.0,0.008158,6386.0
1753533276683,12:34:36.683,CELR/USDT:USDT,0.008137,338.0,0.008136,838.0,0.008158,337.0,0.008159,837.0
1753533276821,12:34:36.821,CELR/USDT:USDT,0.008137,338.0,0.008136,838.0,0.008156,329.0,0.008157,6049.0
1753533276839,12:34:36.839,CELR/USDT:USDT,0.008137,338.0,0.008136,838.0,0.008156,329.0,0.008157,6049.0
1753533277077,12:34:37.077,CELR/USDT:USDT,0.008137,338.0,0.008136,838.0,0.008156,329.0,0.008157,6049.0
1753533279805,12:34:39.805,CELR/USDT:USDT,0.008137,338.0,0.008136,838.0,0.008158,337.0,0.008159,837.0
1753533279822,12:34:39.822,CELR/USDT:USDT,0.008137,338.0,0.008136,838.0,0.008158,337.0,0.008159,837.0
1753533279983,12:34:39.983,CELR/USDT:USDT,0.008137,338.0,0.008136,838.0,0.008156,329.0,0.008157,6049.0
1753533280354,12:34:40.354,CELR/USDT:USDT,0.008137,338.0,0.008136,838.0,0.008156,329.0,0.008157,6049.0
1753533282987,12:34:42.987,CELR/USDT:USDT,0.008137,338.0,0.008136,838.0,0.008158,337.0,0.008159,837.0
1753533283023,12:34:43.023,CELR/USDT:USDT,0.008137,338.0,0.008136,838.0,0.008158,337.0,0.008159,837.0
1753533283163,12:34:43.163,CELR/USDT:USDT,0.008137,338.0,0.008136,838.0,0.008156,329.0,0.008157,6049.0
1753533286184,12:34:46.184,CELR/USDT:USDT,0.008137,338.0,0.008136,838.0,0.008158,337.0,0.008159,837.0
1753533286305,12:34:46.305,CELR/USDT:USDT,0.008137,338.0,0.008136,838.0,0.008156,329.0,0.008157,6049.0
1753533286323,12:34:46.323,CELR/USDT:USDT,0.008137,338.0,0.008136,838.0,0.008156,329.0,0.008157,6049.0
1753533289303,12:34:49.303,CELR/USDT:USDT,0.008137,338.0,0.008136,838.0,0.008156,329.0,0.008158,337.0
1753533289343,12:34:49.343,CELR/USDT:USDT,0.008137,338.0,0.008136,838.0,0.008158,337.0,0.008159,837.0
1753533289485,12:34:49.485,CELR/USDT:USDT,0.008137,338.0,0.008136,838.0,0.008155,328.0,0.008156,6049.0
1753533290284,12:34:50.284,CELR/USDT:USDT,0.008139,328.0,0.008137,338.0,0.008155,328.0,0.008156,6049.0
1753533290402,12:34:50.402,CELR/USDT:USDT,0.008137,338.0,0.008136,838.0,0.008155,328.0,0.008156,6049.0
1753533290817,12:34:50.817,CELR/USDT:USDT,0.008137,338.0,0.008136,838.0,0.008155,328.0,0.008156,6049.0
1753533292502,12:34:52.502,CELR/USDT:USDT,0.008137,338.0,0.008136,838.0,0.008158,337.0,0.008159,837.0
1753533292604,12:34:52.604,CELR/USDT:USDT,0.008137,338.0,0.008136,838.0,0.008156,328.0,0.008157,6049.0
1753533292624,12:34:52.624,CELR/USDT:USDT,0.008137,338.0,0.008136,838.0,0.008156,328.0,0.008157,6049.0
1753533292852,12:34:52.852,CELR/USDT:USDT,0.008137,338.0,0.008136,838.0,0.008156,328.0,0.008157,6049.0
1753533295604,12:34:55.604,CELR/USDT:USDT,0.008137,338.0,0.008136,838.0,0.008156,328.0,0.008158,337.0
1753533295678,12:34:55.678,CELR/USDT:USDT,0.008137,338.0,0.008136,838.0,0.008158,337.0,0.008159,837.0
1753533295787,12:34:55.787,CELR/USDT:USDT,0.008137,338.0,0.008136,838.0,0.008155,328.0,0.008156,6049.0
1753533295905,12:34:55.905,CELR/USDT:USDT,0.008139,328.0,0.008138,3686.0,0.008155,328.0,0.008156,6049.0
1753533295942,12:34:55.942,CELR/USDT:USDT,0.008141,328.0,0.00814,3685.0,0.008155,328.0,0.008156,6049.0
1753533296105,12:34:56.105,CELR/USDT:USDT,0.008143,328.0,0.008142,3684.0,0.008155,328.0,0.008156,6049.0
1753533296417,12:34:56.417,CELR/USDT:USDT,0.008145,328.0,0.008144,3683.0,0.008155,328.0,0.008156,6049.0
1753533296510,12:34:56.510,CELR/USDT:USDT,0.008145,328.0,0.008144,3683.0,0.008155,328.0,0.008156,6049.0
1753533298447,12:34:58.447,CELR/USDT:USDT,0.008145,328.0,0.008144,3683.0,0.008155,328.0,0.008156,6049.0
1753533298593,12:34:58.593,CELR/USDT:USDT,0.008145,328.0,0.008144,3683.0,0.008155,328.0,0.008156,6049.0
1753533298807,12:34:58.807,CELR/USDT:USDT,0.008145,328.0,0.008144,3683.0,0.008168,335.0,0.008198,500.0
1753533298916,12:34:58.916,CELR/USDT:USDT,0.008145,328.0,0.008144,3683.0,0.008157,6049.0,0.008168,335.0
1753533299013,12:34:59.013,CELR/USDT:USDT,0.008145,328.0,0.008144,3683.0,0.008156,336.0,0.008157,6049.0
1753533299026,12:34:59.026,CELR/USDT:USDT,0.008145,328.0,0.008144,3683.0,0.008156,336.0,0.008157,6049.0
1753533299383,12:34:59.383,CELR/USDT:USDT,0.008145,328.0,0.008144,3683.0,0.008156,336.0,0.008157,6049.0
1753533299431,12:34:59.431,CELR/USDT:USDT,0.008145,328.0,0.008144,3683.0,0.008156,336.0,0.008157,6049.0
1753533299846,12:34:59.846,CELR/USDT:USDT,0.008145,328.0,0.008144,3683.0,0.008156,336.0,0.008157,6049.0
1753533300360,12:35:00.360,CELR/USDT:USDT,0.008145,328.0,0.008144,3683.0,0.008156,336.0,0.008157,6049.0
1753533300584,12:35:00.584,CELR/USDT:USDT,0.008145,328.0,0.008144,3683.0,0.008156,336.0,0.008157,6049.0
1753533301350,12:35:01.350,CELR/USDT:USDT,0.008145,328.0,0.008144,3683.0,0.008156,336.0,0.008157,6049.0
1753533301471,12:35:01.471,CELR/USDT:USDT,0.008145,328.0,0.008144,3683.0,0.008156,336.0,0.008157,6049.0
1753533301911,12:35:01.911,CELR/USDT:USDT,0.008145,328.0,0.008144,3683.0,0.008156,336.0,0.008168,335.0
1753533302010,12:35:02.010,CELR/USDT:USDT,0.008145,328.0,0.008144,3683.0,0.008168,335.0,0.00819,500.0
1753533302081,12:35:02.081,CELR/USDT:USDT,0.008145,328.0,0.008144,3683.0,0.008155,336.0,0.008156,6049.0
1753533302296,12:35:02.296,CELR/USDT:USDT,0.008145,328.0,0.008144,3683.0,0.008155,336.0,0.008156,6049.0
1753533302695,12:35:02.695,CELR/USDT:USDT,0.008145,328.0,0.008144,3683.0,0.008155,336.0,0.008156,6049.0
1753533303122,12:35:03.122,CELR/USDT:USDT,0.008145,328.0,0.008144,3683.0,0.008155,336.0,0.008156,6049.0
1753533303194,12:35:03.194,CELR/USDT:USDT,0.008145,328.0,0.008144,3683.0,0.008156,6049.0,0.008168,335.0
1753533303327,12:35:03.327,CELR/USDT:USDT,0.008145,328.0,0.008144,3683.0,0.008156,6049.0,0.008168,335.0
1753533303557,12:35:03.557,CELR/USDT:USDT,0.008145,328.0,0.008144,3683.0,0.008156,6049.0,0.008168,335.0
1753533304542,12:35:04.542,CELR/USDT:USDT,0.008145,328.0,0.008144,3683.0,0.008155,336.0,0.008156,6049.0
1753533304814,12:35:04.814,CELR/USDT:USDT,0.008145,328.0,0.008144,3683.0,0.008155,336.0,0.008156,6049.0
1753533305099,12:35:05.099,CELR/USDT:USDT,0.008145,328.0,0.008144,3683.0,0.008168,335.0,0.00819,500.0
1753533305217,12:35:05.217,CELR/USDT:USDT,0.008145,328.0,0.008144,3683.0,0.008168,335.0,0.00819,623.0
1753533305280,12:35:05.280,CELR/USDT:USDT,0.008145,328.0,0.008144,3683.0,0.008156,336.0,0.008157,6049.0
1753533305637,12:35:05.637,CELR/USDT:USDT,0.008145,328.0,0.008144,3683.0,0.008156,336.0,0.008157,6049.0
1753533306957,12:35:06.957,CELR/USDT:USDT,0.008145,328.0,0.008144,3683.0,0.008156,336.0,0.008157,6049.0
1753533307256,12:35:07.256,CELR/USDT:USDT,0.008145,328.0,0.008144,3683.0,0.008156,336.0,0.008157,6049.0
1753533308245,12:35:08.245,CELR/USDT:USDT,0.008145,328.0,0.008144,3683.0,0.008168,335.0,0.00819,500.0
1753533308383,12:35:08.383,CELR/USDT:USDT,0.008145,328.0,0.008144,3683.0,0.008156,324.0,0.008157,6049.0
1753533308473,12:35:08.473,CELR/USDT:USDT,0.008145,328.0,0.008144,3683.0,0.008156,324.0,0.008157,6049.0
1753533311407,12:35:11.407,CELR/USDT:USDT,0.008145,328.0,0.008144,3683.0,0.008168,335.0,0.008189,244.0
1753533311534,12:35:11.534,CELR/USDT:USDT,0.008145,328.0,0.008144,3683.0,0.008156,324.0,0.008157,6049.0
1753533311721,12:35:11.721,CELR/USDT:USDT,0.008145,328.0,0.008144,3683.0,0.008156,324.0,0.008157,6049.0
1753533313390,12:35:13.390,CELR/USDT:USDT,0.008145,328.0,0.008144,3683.0,0.008156,324.0,0.008157,6049.0
1753533313765,12:35:13.765,CELR/USDT:USDT,0.008145,328.0,0.008144,3683.0,0.008156,324.0,0.008157,6049.0
1753533314204,12:35:14.204,CELR/USDT:USDT,0.008145,328.0,0.008144,3683.0,0.008156,324.0,0.008157,6049.0
1753533314224,12:35:14.224,CELR/USDT:USDT,0.008145,328.0,0.008144,3683.0,0.008156,324.0,0.008157,6049.0
1753533314622,12:35:14.622,CELR/USDT:USDT,0.008145,328.0,0.008144,3683.0,0.008168,335.0,0.008199,4249.0
1753533314692,12:35:14.692,CELR/USDT:USDT,0.008145,328.0,0.008144,3683.0,0.008156,324.0,0.008157,6049.0
1753533315025,12:35:15.025,CELR/USDT:USDT,0.008145,328.0,0.008144,3683.0,0.008156,324.0,0.008157,6049.0
1753533317399,12:35:17.399,CELR/USDT:USDT,0.008145,328.0,0.008144,3683.0,0.008156,324.0,0.008157,6049.0
1753533317444,12:35:17.444,CELR/USDT:USDT,0.008145,328.0,0.008144,3683.0,0.008156,324.0,0.008157,6049.0
1753533317715,12:35:17.715,CELR/USDT:USDT,0.008145,328.0,0.008144,3683.0,0.008168,335.0,0.008199,4249.0
1753533317860,12:35:17.860,CELR/USDT:USDT,0.008145,328.0,0.008144,3683.0,0.008156,332.0,0.008157,6049.0
1753533318286,12:35:18.286,CELR/USDT:USDT,0.008145,328.0,0.008144,3683.0,0.008156,332.0,0.008157,6049.0
1753533320863,12:35:20.863,CELR/USDT:USDT,0.008145,328.0,0.008144,3683.0,0.008168,335.0,0.008199,4249.0
1753533321005,12:35:21.005,CELR/USDT:USDT,0.008145,328.0,0.008144,3683.0,0.008156,332.0,0.008157,6049.0
1753533321117,12:35:21.117,CELR/USDT:USDT,0.008145,328.0,0.008144,3683.0,0.008156,332.0,0.008157,6049.0
1753533321973,12:35:21.973,CELR/USDT:USDT,0.008145,328.0,0.008144,3683.0,0.008156,332.0,0.008157,6049.0
1753533322119,12:35:22.119,CELR/USDT:USDT,0.008145,328.0,0.008144,3683.0,0.008152,1.0,0.008156,332.0
1753533322217,12:35:22.217,CELR/USDT:USDT,0.008145,328.0,0.008144,3683.0,0.008156,332.0,0.008157,6049.0
1753533322312,12:35:22.312,CELR/USDT:USDT,0.008145,328.0,0.008144,3683.0,0.008156,332.0,0.008157,6049.0
1753533322348,12:35:22.348,CELR/USDT:USDT,0.008145,328.0,0.008144,3683.0,0.008156,332.0,0.008157,6049.0
1753533324016,12:35:24.016,CELR/USDT:USDT,0.008145,328.0,0.008144,3683.0,0.008168,335.0,0.008199,244.0
1753533324143,12:35:24.143,CELR/USDT:USDT,0.008145,328.0,0.008144,3683.0,0.008156,332.0,0.008157,6049.0
1753533324403,12:35:24.403,CELR/USDT:USDT,0.008145,328.0,0.008144,3683.0,0.008156,332.0,0.008157,6049.0
1753533327147,12:35:27.147,CELR/USDT:USDT,0.008145,328.0,0.008144,3683.0,0.008168,335.0,0.008199,244.0
1753533327307,12:35:27.307,CELR/USDT:USDT,0.008145,328.0,0.008144,3683.0,0.008156,327.0,0.008157,6049.0
1753533327706,12:35:27.706,CELR/USDT:USDT,0.008145,328.0,0.008144,3683.0,0.008156,327.0,0.008157,6049.0
1753533330315,12:35:30.315,CELR/USDT:USDT,0.008145,328.0,0.008144,3683.0,0.008168,335.0,0.008183,244.0
1753533330327,12:35:30.327,CELR/USDT:USDT,0.008145,328.0,0.008144,3683.0,0.008168,335.0,0.008183,244.0
1753533330440,12:35:30.440,CELR/USDT:USDT,0.008145,328.0,0.008144,3683.0,0.008156,327.0,0.008157,6049.0
1753533330579,12:35:30.579,CELR/USDT:USDT,0.008145,328.0,0.008144,3683.0,0.008156,327.0,0.008157,6049.0
1753533333447,12:35:33.447,CELR/USDT:USDT,0.008145,328.0,0.008144,3683.0,0.008168,335.0,0.008183,244.0
1753533333601,12:35:33.601,CELR/USDT:USDT,0.008145,328.0,0.008144,3683.0,0.008156,327.0,0.008157,6049.0
1753533334992,12:35:34.992,CELR/USDT:USDT,0.008145,328.0,0.008144,3683.0,0.008156,327.0,0.008157,6049.0
1753533335429,12:35:35.429,CELR/USDT:USDT,0.008145,328.0,0.008144,3683.0,0.008156,327.0,0.008157,6049.0
1753533336605,12:35:36.605,CELR/USDT:USDT,0.008145,328.0,0.008144,3683.0,0.008168,335.0,0.008194,244.0
1753533336648,12:35:36.648,CELR/USDT:USDT,0.008145,328.0,0.008144,3683.0,0.008168,335.0,0.008194,244.0
1753533336741,12:35:36.741,CELR/USDT:USDT,0.008145,328.0,0.008144,3683.0,0.008156,337.0,0.008157,6049.0
1753533337066,12:35:37.066,CELR/USDT:USDT,0.008145,328.0,0.008144,3683.0,0.008156,337.0,0.008157,6049.0
1753533337146,12:35:37.146,CELR/USDT:USDT,0.008145,328.0,0.008144,3683.0,0.008156,337.0,0.008157,6049.0
1753533337484,12:35:37.484,CELR/USDT:USDT,0.008145,328.0,0.008144,3683.0,0.008156,337.0,0.008157,6049.0
1753533339767,12:35:39.767,CELR/USDT:USDT,0.008145,328.0,0.008144,3683.0,0.008168,335.0,0.008194,244.0
1753533339890,12:35:39.890,CELR/USDT:USDT,0.008145,328.0,0.008144,3683.0,0.008156,337.0,0.008157,6049.0
1753533340310,12:35:40.310,CELR/USDT:USDT,0.008145,328.0,0.008144,3683.0,0.008156,337.0,0.008157,6049.0
1753533342905,12:35:42.905,CELR/USDT:USDT,0.008145,328.0,0.008144,3683.0,0.008168,335.0,0.008194,244.0
1753533343053,12:35:43.053,CELR/USDT:USDT,0.008145,328.0,0.008144,3683.0,0.008156,337.0,0.008157,6049.0
1753533343618,12:35:43.618,CELR/USDT:USDT,0.008145,328.0,0.008144,3683.0,0.008156,337.0,0.008157,6049.0
1753533343939,12:35:43.939,CELR/USDT:USDT,0.008145,328.0,0.008144,3683.0,0.008156,337.0,0.008157,6049.0
1753533344352,12:35:44.352,CELR/USDT:USDT,0.008145,328.0,0.008144,3683.0,0.008156,337.0,0.008157,6049.0
1753533346086,12:35:46.086,CELR/USDT:USDT,0.008145,328.0,0.008144,3683.0,0.008168,335.0,0.008194,3072.0
1753533346236,12:35:46.236,CELR/USDT:USDT,0.008145,328.0,0.008144,3683.0,0.008156,337.0,0.008157,6049.0
1753533346374,12:35:46.374,CELR/USDT:USDT,0.008145,328.0,0.008144,3683.0,0.008156,337.0,0.008157,6049.0
1753533349286,12:35:49.286,CELR/USDT:USDT,0.008145,328.0,0.008144,3683.0,0.008192,336.0,0.008193,3661.0
1753533349380,12:35:49.380,CELR/USDT:USDT,0.008145,328.0,0.008144,3683.0,0.008156,336.0,0.008157,6049.0
1753533349620,12:35:49.620,CELR/USDT:USDT,0.008145,328.0,0.008144,3683.0,0.008156,336.0,0.008157,6049.0
1753533349655,12:35:49.655,CELR/USDT:USDT,0.008145,328.0,0.008144,3683.0,0.008156,336.0,0.008157,6049.0
1753533350115,12:35:50.115,CELR/USDT:USDT,0.008145,328.0,0.008144,3683.0,0.008156,336.0,0.008157,6049.0
1753533352263,12:35:52.263,CELR/USDT:USDT,0.008145,328.0,0.008144,3683.0,0.008156,336.0,0.008157,6049.0
1753533352399,12:35:52.399,CELR/USDT:USDT,0.008145,328.0,0.008144,3683.0,0.008158,336.0,0.008188,244.0
1753533352504,12:35:52.504,CELR/USDT:USDT,0.008145,328.0,0.008144,3683.0,0.008158,336.0,0.008188,244.0
1753533352546,12:35:52.546,CELR/USDT:USDT,0.008145,328.0,0.008144,3683.0,0.008155,336.0,0.008156,6049.0
1753533352934,12:35:52.934,CELR/USDT:USDT,0.008145,328.0,0.008144,3683.0,0.008155,336.0,0.008156,6049.0
1753533353144,12:35:53.144,CELR/USDT:USDT,0.008145,328.0,0.008144,3683.0,0.008155,336.0,0.008156,6049.0
1753533354416,12:35:54.416,CELR/USDT:USDT,0.008145,328.0,0.008144,3683.0,0.008155,336.0,0.008156,6049.0
1753533354820,12:35:54.820,CELR/USDT:USDT,0.008145,328.0,0.008144,3683.0,0.008155,336.0,0.008156,6049.0
1753533355546,12:35:55.546,CELR/USDT:USDT,0.008145,328.0,0.008144,3683.0,0.008158,336.0,0.008188,244.0
1753533355688,12:35:55.688,CELR/USDT:USDT,0.008145,328.0,0.008144,3683.0,0.008156,336.0,0.008157,6049.0
1753533355777,12:35:55.777,CELR/USDT:USDT,0.008145,328.0,0.008144,3683.0,0.008156,336.0,0.008157,6049.0
1753533356194,12:35:56.194,CELR/USDT:USDT,0.008145,328.0,0.008144,3683.0,0.008156,336.0,0.008157,6049.0
1753533356600,12:35:56.600,CELR/USDT:USDT,0.008145,328.0,0.008144,3683.0,0.008156,336.0,0.008157,6049.0
1753533357014,12:35:57.014,CELR/USDT:USDT,0.008145,328.0,0.008144,3683.0,0.008156,336.0,0.008157,6049.0
1753533358705,12:35:58.705,CELR/USDT:USDT,0.008145,328.0,0.008144,3683.0,0.008158,336.0,0.008188,244.0
1753533358835,12:35:58.835,CELR/USDT:USDT,0.008145,328.0,0.008144,3683.0,0.008156,338.0,0.008157,6049.0
1753533359026,12:35:59.026,CELR/USDT:USDT,0.008145,328.0,0.008144,3683.0,0.008156,338.0,0.008157,6049.0
1753533361707,12:36:01.707,CELR/USDT:USDT,0.008145,328.0,0.008144,3683.0,0.008156,338.0,0.008157,6049.0
1753533361876,12:36:01.876,CELR/USDT:USDT,0.008145,328.0,0.008144,3683.0,0.008158,336.0,0.008186,244.0
1753533362009,12:36:02.009,CELR/USDT:USDT,0.008145,328.0,0.008144,3683.0,0.008155,338.0,0.008156,6049.0
1753533362221,12:36:02.221,CELR/USDT:USDT,0.008145,328.0,0.008144,3683.0,0.008155,338.0,0.008156,6049.0
1753533362293,12:36:02.293,CELR/USDT:USDT,0.008145,328.0,0.008144,3683.0,0.008155,338.0,0.008156,6049.0
1753533362669,12:36:02.669,CELR/USDT:USDT,0.008145,328.0,0.008144,3683.0,0.008155,338.0,0.008156,6049.0
1753533363656,12:36:03.656,CELR/USDT:USDT,0.008145,328.0,0.008144,3683.0,0.008155,338.0,0.008156,6049.0
1753533364619,12:36:04.619,CELR/USDT:USDT,0.008145,328.0,0.008144,3683.0,0.008156,6049.0,0.008158,336.0
1753533364624,12:36:04.624,CELR/USDT:USDT,0.008145,328.0,0.008144,3683.0,0.008156,6049.0,0.008158,336.0
1753533364736,12:36:04.736,CELR/USDT:USDT,0.008145,328.0,0.008144,3683.0,0.008156,6049.0,0.008158,336.0
1753533364985,12:36:04.985,CELR/USDT:USDT,0.008145,328.0,0.008144,3683.0,0.008158,336.0,0.008185,500.0
1753533365150,12:36:05.150,CELR/USDT:USDT,0.008145,328.0,0.008144,3683.0,0.008156,338.0,0.008157,6049.0
1753533365563,12:36:05.563,CELR/USDT:USDT,0.008145,328.0,0.008144,3683.0,0.008156,338.0,0.008157,6049.0
1753533366154,12:36:06.154,CELR/USDT:USDT,0.008145,328.0,0.008144,3683.0,0.008156,338.0,0.008157,6049.0
1753533367171,12:36:07.171,CELR/USDT:USDT,0.008145,328.0,0.008144,3683.0,0.008156,338.0,0.008157,6049.0
1753533367602,12:36:07.602,CELR/USDT:USDT,0.008145,328.0,0.008144,3683.0,0.008156,338.0,0.008157,6049.0
1753533368166,12:36:08.166,CELR/USDT:USDT,0.008145,328.0,0.008144,3683.0,0.008158,336.0,0.008185,500.0
1753533368301,12:36:08.301,CELR/USDT:USDT,0.008145,328.0,0.008144,3683.0,0.008156,322.0,0.008157,6049.0
1753533368356,12:36:08.356,CELR/USDT:USDT,0.008145,328.0,0.008144,3683.0,0.008156,322.0,0.008157,6049.0
1753533371305,12:36:11.305,CELR/USDT:USDT,0.008145,328.0,0.008144,3683.0,0.008158,336.0,0.008185,500.0
1753533371368,12:36:11.368,CELR/USDT:USDT,0.008145,328.0,0.008144,3683.0,0.008158,336.0,0.008185,500.0
1753533371451,12:36:11.451,CELR/USDT:USDT,0.008145,328.0,0.008144,3683.0,0.008156,322.0,0.008157,6049.0
1753533371676,12:36:11.676,CELR/USDT:USDT,0.008145,328.0,0.008144,3683.0,0.008156,322.0,0.008157,6049.0
1753533374467,12:36:14.467,CELR/USDT:USDT,0.008145,328.0,0.008144,3683.0,0.008158,336.0,0.008184,244.0
1753533374616,12:36:14.616,CELR/USDT:USDT,0.008145,328.0,0.008144,3683.0,0.008156,6049.0,0.008158,336.0
1753533374658,12:36:14.658,CELR/USDT:USDT,0.008145,328.0,0.008144,3683.0,0.008156,6049.0,0.008158,336.0
1753533374921,12:36:14.921,CELR/USDT:USDT,0.008145,328.0,0.008144,3683.0,0.008155,322.0,0.008156,6049.0
1753533374929,12:36:14.929,CELR/USDT:USDT,0.008145,328.0,0.008144,3683.0,0.008155,322.0,0.008156,6049.0
1753533375287,12:36:15.287,CELR/USDT:USDT,0.008145,328.0,0.008144,3683.0,0.008155,322.0,0.008156,6049.0
1753533377606,12:36:17.606,CELR/USDT:USDT,0.008145,328.0,0.008144,3683.0,0.008155,322.0,0.008158,336.0
1753533377627,12:36:17.627,CELR/USDT:USDT,0.008145,328.0,0.008144,3683.0,0.008158,336.0,0.008184,244.0
1753533377756,12:36:17.756,CELR/USDT:USDT,0.008145,328.0,0.008144,3683.0,0.008155,6049.0,0.008158,336.0
1753533377907,12:36:17.907,CELR/USDT:USDT,0.008145,328.0,0.008144,3683.0,0.008154,329.0,0.008155,6049.0
1753533378177,12:36:18.177,CELR/USDT:USDT,0.008145,328.0,0.008144,3683.0,0.008154,329.0,0.008155,6049.0
1753533379166,12:36:19.166,CELR/USDT:USDT,0.008145,328.0,0.008144,3683.0,0.008154,329.0,0.008155,6049.0
1753533379661,12:36:19.661,CELR/USDT:USDT,0.008145,328.0,0.008144,3683.0,0.008155,6049.0,0.008158,336.0
1753533379795,12:36:19.795,CELR/USDT:USDT,0.008145,328.0,0.008144,3683.0,0.008155,6049.0,0.008158,336.0
1753533380758,12:36:20.758,CELR/USDT:USDT,0.008145,328.0,0.008144,3683.0,0.008158,336.0,0.008184,244.0
1753533380913,12:36:20.913,CELR/USDT:USDT,0.008145,328.0,0.008144,3683.0,0.008155,329.0,0.008156,6049.0
1753533381013,12:36:21.013,CELR/USDT:USDT,0.008145,328.0,0.008144,3683.0,0.008155,329.0,0.008156,6049.0
1753533383913,12:36:23.913,CELR/USDT:USDT,0.008145,328.0,0.008144,3683.0,0.008155,329.0,0.008158,336.0
1753533383926,12:36:23.926,CELR/USDT:USDT,0.008145,328.0,0.008144,3683.0,0.008158,336.0,0.008184,244.0
1753533384060,12:36:24.060,CELR/USDT:USDT,0.008145,328.0,0.008144,3683.0,0.008155,6049.0,0.008158,336.0
1753533384237,12:36:24.237,CELR/USDT:USDT,0.008145,328.0,0.008144,3683.0,0.008155,6049.0,0.008158,336.0
1753533386814,12:36:26.814,CELR/USDT:USDT,0.008152,3680.0,0.008151,337.0,0.008182,337.0,0.008183,4003.0
1753533386900,12:36:26.900,CELR/USDT:USDT,0.008155,337.0,0.008154,3679.0,0.008182,337.0,0.008183,4003.0
1753533386931,12:36:26.931,CELR/USDT:USDT,0.008155,337.0,0.008154,3679.0,0.008182,337.0,0.008183,4003.0
1753533387113,12:36:27.113,CELR/USDT:USDT,0.008155,337.0,0.008154,3679.0,0.008182,337.0,0.008183,4003.0
1753533387141,12:36:27.141,CELR/USDT:USDT,0.008155,337.0,0.008154,3679.0,0.008182,337.0,0.008183,4003.0
1753533387912,12:36:27.912,CELR/USDT:USDT,0.008155,337.0,0.008154,3679.0,0.008182,337.0,0.008183,4003.0
1753533388331,12:36:28.331,CELR/USDT:USDT,0.008155,337.0,0.008154,3679.0,0.008182,337.0,0.008183,4003.0
1753533388797,12:36:28.797,CELR/USDT:USDT,0.008155,337.0,0.008154,3679.0,0.008182,337.0,0.008183,4003.0
1753533389357,12:36:29.357,CELR/USDT:USDT,0.008155,337.0,0.008154,3679.0,0.008182,337.0,0.008183,4003.0
1753533389561,12:36:29.561,CELR/USDT:USDT,0.008155,337.0,0.008154,3679.0,0.008182,337.0,0.008183,4003.0
1753533390939,12:36:30.939,CELR/USDT:USDT,0.008155,337.0,0.008154,3679.0,0.008182,337.0,0.008183,4003.0
1753533391187,12:36:31.187,CELR/USDT:USDT,0.008155,337.0,0.008154,3679.0,0.008182,337.0,0.008183,4003.0
1753533391830,12:36:31.830,CELR/USDT:USDT,0.008155,337.0,0.008154,3679.0,0.008182,337.0,0.008183,4003.0
1753533392178,12:36:32.178,CELR/USDT:USDT,0.008155,337.0,0.008154,3679.0,0.008182,337.0,0.008183,4003.0
1753533393095,12:36:33.095,CELR/USDT:USDT,0.008155,337.0,0.008154,3679.0,0.008182,337.0,0.008183,4003.0
1753533393817,12:36:33.817,CELR/USDT:USDT,0.008155,337.0,0.008154,3679.0,0.00818,337.0,0.008182,337.0
1753533393834,12:36:33.834,CELR/USDT:USDT,0.008155,337.0,0.008154,3679.0,0.00818,337.0,0.008182,337.0
1753533394014,12:36:34.014,CELR/USDT:USDT,0.008155,337.0,0.008154,3679.0,0.008182,337.0,0.008183,4003.0
1753533395266,12:36:35.266,CELR/USDT:USDT,0.008155,337.0,0.008154,3679.0,0.008182,337.0,0.008183,4003.0
1753533395638,12:36:35.638,CELR/USDT:USDT,0.008155,337.0,0.008154,3679.0,0.008182,337.0,0.008183,4003.0
1753533397403,12:36:37.403,CELR/USDT:USDT,0.008155,337.0,0.008154,3679.0,0.008182,337.0,0.008183,4003.0
1753533397669,12:36:37.669,CELR/USDT:USDT,0.008155,337.0,0.008154,3679.0,0.008182,337.0,0.008183,4003.0
1753533399555,12:36:39.555,CELR/USDT:USDT,0.008155,337.0,0.008154,3679.0,0.008182,337.0,0.008183,4003.0
1753533401689,12:36:41.689,CELR/USDT:USDT,0.008155,337.0,0.008154,3679.0,0.008182,337.0,0.008183,4003.0
1753533403830,12:36:43.830,CELR/USDT:USDT,0.008155,337.0,0.008154,3679.0,0.008182,337.0,0.008183,4003.0
1753533404133,12:36:44.133,CELR/USDT:USDT,0.008155,337.0,0.008154,3679.0,0.008182,337.0,0.008183,4003.0
1753533406003,12:36:46.003,CELR/USDT:USDT,0.008155,337.0,0.008154,3679.0,0.008182,337.0,0.008183,4003.0
1753533406153,12:36:46.153,CELR/USDT:USDT,0.008155,337.0,0.008154,3679.0,0.008182,337.0,0.008183,4003.0
1753533410701,12:36:50.701,CELR/USDT:USDT,0.008155,337.0,0.008154,3679.0,0.008182,337.0,0.008183,4003.0
1753533410723,12:36:50.723,CELR/USDT:USDT,0.008155,337.0,0.008154,3679.0,0.008182,337.0,0.008183,4003.0
1753533410987,12:36:50.987,CELR/USDT:USDT,0.008155,337.0,0.008154,3679.0,0.008182,337.0,0.008183,4003.0
1753533420137,12:37:00.137,CELR/USDT:USDT,0.008155,337.0,0.008154,3679.0,0.008182,337.0,0.008183,4003.0
1753533420290,12:37:00.290,CELR/USDT:USDT,0.008155,337.0,0.008154,3679.0,0.008182,337.0,0.008183,4003.0
1753533420821,12:37:00.821,CELR/USDT:USDT,0.008155,337.0,0.008154,3679.0,0.008182,337.0,0.008183,4003.0
1753533421215,12:37:01.215,CELR/USDT:USDT,0.008155,337.0,0.008154,3679.0,0.00818,335.0,0.008181,1481.0
1753533421614,12:37:01.614,CELR/USDT:USDT,0.008155,337.0,0.008154,3679.0,0.00818,335.0,0.008181,1481.0
1753533421652,12:37:01.652,CELR/USDT:USDT,0.008155,337.0,0.008154,3679.0,0.00818,335.0,0.008181,1481.0
1753533421811,12:37:01.811,CELR/USDT:USDT,0.008155,337.0,0.008154,3679.0,0.00818,335.0,0.008181,1481.0
1753533422005,12:37:02.005,CELR/USDT:USDT,0.008155,337.0,0.008154,3679.0,0.00818,335.0,0.008181,1481.0
1753533422105,12:37:02.105,CELR/USDT:USDT,0.008155,337.0,0.008154,3679.0,0.00818,335.0,0.008181,1481.0
1753533422518,12:37:02.518,CELR/USDT:USDT,0.008155,337.0,0.008154,3679.0,0.00818,335.0,0.008181,1481.0
1753533422554,12:37:02.554,CELR/USDT:USDT,0.008155,337.0,0.008154,3679.0,0.00818,335.0,0.008181,1481.0
1753533423006,12:37:03.006,CELR/USDT:USDT,0.008155,337.0,0.008154,3679.0,0.00818,335.0,0.008181,1481.0
1753533423051,12:37:03.051,CELR/USDT:USDT,0.008155,337.0,0.008154,3679.0,0.00818,335.0,0.008181,1481.0
1753533423409,12:37:03.409,CELR/USDT:USDT,0.008155,337.0,0.008154,3679.0,0.00818,335.0,0.008181,1481.0
1753533423443,12:37:03.443,CELR/USDT:USDT,0.008155,337.0,0.008154,3679.0,0.00818,335.0,0.008181,1481.0
1753533423813,12:37:03.813,CELR/USDT:USDT,0.008155,337.0,0.008154,3679.0,0.00818,335.0,0.008181,1481.0
1753533423869,12:37:03.869,CELR/USDT:USDT,0.008155,337.0,0.008154,3679.0,0.00818,335.0,0.008181,1481.0
1753533423982,12:37:03.982,CELR/USDT:USDT,0.008155,337.0,0.008154,3679.0,0.008179,335.0,0.00818,835.0
1753533424261,12:37:04.261,CELR/USDT:USDT,0.008155,337.0,0.008154,3679.0,0.008179,335.0,0.00818,835.0
1753533424721,12:37:04.721,CELR/USDT:USDT,0.008155,337.0,0.008154,3679.0,0.008179,335.0,0.00818,835.0
1753533424858,12:37:04.858,CELR/USDT:USDT,0.008155,337.0,0.008154,3679.0,0.008179,335.0,0.00818,835.0
1753533424993,12:37:04.993,CELR/USDT:USDT,0.008155,337.0,0.008154,3679.0,0.008182,337.0,0.008183,4003.0
1753533425152,12:37:05.152,CELR/USDT:USDT,0.008155,337.0,0.008154,3679.0,0.008182,337.0,0.008183,4003.0
1753533425985,12:37:05.985,CELR/USDT:USDT,0.008155,337.0,0.008154,3679.0,0.00818,335.0,0.008181,835.0
1753533426399,12:37:06.399,CELR/USDT:USDT,0.008155,337.0,0.008154,3679.0,0.00818,335.0,0.008181,835.0
1753533437188,12:37:17.188,CELR/USDT:USDT,0.008155,337.0,0.008154,3679.0,0.00818,335.0,0.008181,835.0
1753533437263,12:37:17.263,CELR/USDT:USDT,0.008155,337.0,0.008154,3679.0,0.00818,335.0,0.008181,835.0
1753533437811,12:37:17.811,CELR/USDT:USDT,0.008155,337.0,0.008154,3679.0,0.00818,335.0,0.008181,835.0
1753533444111,12:37:24.111,CELR/USDT:USDT,0.008155,337.0,0.008154,3679.0,0.00818,335.0,0.008181,835.0
1753533454189,12:37:34.189,CELR/USDT:USDT,0.008155,337.0,0.008154,3679.0,0.00818,335.0,0.008181,835.0
1753533456015,12:37:36.015,CELR/USDT:USDT,0.00816,325.0,0.008159,3676.0,0.00818,335.0,0.008181,835.0
1753533456030,12:37:36.030,CELR/USDT:USDT,0.008162,325.0,0.008161,3676.0,0.00818,335.0,0.008181,835.0
1753533456218,12:37:36.218,CELR/USDT:USDT,0.008163,3675.0,0.008162,325.0,0.00818,335.0,0.008181,835.0
1753533456225,12:37:36.225,CELR/USDT:USDT,0.008164,325.0,0.008163,3675.0,0.00818,335.0,0.008181,835.0
1753533456689,12:37:36.689,CELR/USDT:USDT,0.008165,334.0,0.008164,3999.0,0.00818,335.0,0.008181,835.0
1753533457076,12:37:37.076,CELR/USDT:USDT,0.008165,334.0,0.008164,3999.0,0.00818,335.0,0.008181,835.0
1753533457493,12:37:37.493,CELR/USDT:USDT,0.008165,334.0,0.008164,3999.0,0.00818,335.0,0.008181,835.0
1753533457588,12:37:37.588,CELR/USDT:USDT,0.008165,334.0,0.008164,3999.0,0.00818,335.0,0.008181,835.0
1753533461021,12:37:41.021,CELR/USDT:USDT,0.008165,334.0,0.008164,3999.0,0.00818,335.0,0.008181,835.0
1753533461128,12:37:41.128,CELR/USDT:USDT,0.008165,334.0,0.008164,3999.0,0.00818,335.0,0.008181,835.0
1753533462062,12:37:42.062,CELR/USDT:USDT,0.008165,334.0,0.008164,3999.0,0.00818,335.0,0.008181,835.0
1753533464436,12:37:44.436,CELR/USDT:USDT,0.008165,334.0,0.008164,3999.0,0.00818,335.0,0.008181,835.0
1753533469463,12:37:49.463,CELR/USDT:USDT,0.008165,334.0,0.008164,3999.0,0.00818,335.0,0.008181,835.0
1753533469578,12:37:49.578,CELR/USDT:USDT,0.008165,334.0,0.008164,3999.0,0.00818,335.0,0.008181,835.0
1753533470203,12:37:50.203,CELR/USDT:USDT,0.008165,334.0,0.008164,3999.0,0.00818,335.0,0.008181,835.0
1753533470597,12:37:50.597,CELR/USDT:USDT,0.008165,334.0,0.008164,3999.0,0.00818,335.0,0.008181,835.0
1753533472011,12:37:52.011,CELR/USDT:USDT,0.008165,334.0,0.008164,3999.0,0.00818,335.0,0.008181,835.0
1753533472107,12:37:52.107,CELR/USDT:USDT,0.008165,334.0,0.008164,3999.0,0.00818,335.0,0.008181,835.0
1753533473344,12:37:53.344,CELR/USDT:USDT,0.008165,334.0,0.008164,3999.0,0.00818,335.0,0.008181,835.0
1753533473589,12:37:53.589,CELR/USDT:USDT,0.008165,334.0,0.008164,3999.0,0.00818,335.0,0.008181,835.0
1753533474340,12:37:54.340,CELR/USDT:USDT,0.008165,334.0,0.008164,3999.0,0.00818,335.0,0.008181,835.0
1753533475103,12:37:55.103,CELR/USDT:USDT,0.008165,334.0,0.008164,3999.0,0.00818,335.0,0.008181,835.0
1753533475335,12:37:55.335,CELR/USDT:USDT,0.008165,334.0,0.008164,3999.0,0.00818,335.0,0.008181,835.0
1753533476365,12:37:56.365,CELR/USDT:USDT,0.008165,334.0,0.008164,3999.0,0.00818,335.0,0.008181,835.0
1753533476592,12:37:56.592,CELR/USDT:USDT,0.008165,334.0,0.008164,3999.0,0.00818,335.0,0.008181,835.0
1753533476954,12:37:56.954,CELR/USDT:USDT,0.008165,334.0,0.008164,3999.0,0.00818,335.0,0.008181,835.0
1753533477711,12:37:57.711,CELR/USDT:USDT,0.008165,334.0,0.008164,3999.0,0.00818,335.0,0.008181,835.0
1753533478104,12:37:58.104,CELR/USDT:USDT,0.008165,334.0,0.008164,3999.0,0.00818,335.0,0.008181,835.0
1753533478362,12:37:58.362,CELR/USDT:USDT,0.008165,334.0,0.008164,3999.0,0.00818,335.0,0.008181,835.0
1753533478852,12:37:58.852,CELR/USDT:USDT,0.008165,334.0,0.008164,3999.0,0.00818,335.0,0.008181,835.0
1753533479594,12:37:59.594,CELR/USDT:USDT,0.008165,334.0,0.008164,3999.0,0.00818,335.0,0.008181,835.0
1753533479878,12:37:59.878,CELR/USDT:USDT,0.008165,334.0,0.008164,3999.0,0.00818,335.0,0.008181,835.0
1753533480064,12:38:00.064,CELR/USDT:USDT,0.008165,334.0,0.008164,3999.0,0.00818,335.0,0.008181,835.0
1753533484042,12:38:04.042,CELR/USDT:USDT,0.008165,334.0,0.008164,3999.0,0.00818,335.0,0.008181,835.0
1753533484620,12:38:04.620,CELR/USDT:USDT,0.008165,334.0,0.008164,3999.0,0.00818,335.0,0.008181,835.0
1753533484716,12:38:04.716,CELR/USDT:USDT,0.00816,325.0,0.008158,825.0,0.00818,335.0,0.008181,835.0
1753533484803,12:38:04.803,CELR/USDT:USDT,0.00816,325.0,0.008158,825.0,0.00818,335.0,0.008181,835.0
1753533484888,12:38:04.888,CELR/USDT:USDT,0.00816,325.0,0.008158,825.0,0.00818,335.0,0.008181,835.0
1753533484955,12:38:04.955,CELR/USDT:USDT,0.00816,325.0,0.008158,825.0,0.00818,335.0,0.008181,835.0
1753533485118,12:38:05.118,CELR/USDT:USDT,0.00816,325.0,0.008158,825.0,0.00818,335.0,0.008181,835.0
1753533485208,12:38:05.208,CELR/USDT:USDT,0.00816,325.0,0.008158,825.0,0.00818,335.0,0.008181,835.0
1753533485287,12:38:05.287,CELR/USDT:USDT,0.00816,325.0,0.008158,825.0,0.00818,335.0,0.008181,835.0
1753533485462,12:38:05.462,CELR/USDT:USDT,0.00816,325.0,0.008158,825.0,0.00818,335.0,0.008181,835.0
1753533485616,12:38:05.616,CELR/USDT:USDT,0.00816,325.0,0.008158,825.0,0.00818,335.0,0.008181,835.0
1753533485700,12:38:05.700,CELR/USDT:USDT,0.00816,325.0,0.008158,825.0,0.00818,335.0,0.008181,835.0
1753533486121,12:38:06.121,CELR/USDT:USDT,0.00816,325.0,0.008158,825.0,0.00818,335.0,0.008181,835.0
1753533486198,12:38:06.198,CELR/USDT:USDT,0.00816,325.0,0.008158,825.0,0.00818,335.0,0.008181,835.0
1753533486276,12:38:06.276,CELR/USDT:USDT,0.00816,325.0,0.008158,825.0,0.00818,335.0,0.008181,835.0
1753533486337,12:38:06.337,CELR/USDT:USDT,0.00816,325.0,0.008158,825.0,0.00818,335.0,0.008181,835.0
1753533486569,12:38:06.569,CELR/USDT:USDT,0.00816,325.0,0.008158,825.0,0.00818,335.0,0.008181,835.0
1753533486998,12:38:06.998,CELR/USDT:USDT,0.00816,325.0,0.008158,825.0,0.00818,335.0,0.008181,835.0
1753533487137,12:38:07.137,CELR/USDT:USDT,0.00816,325.0,0.008158,825.0,0.00818,335.0,0.008181,835.0
1753533487309,12:38:07.309,CELR/USDT:USDT,0.00816,325.0,0.008158,825.0,0.00818,335.0,0.008181,835.0
1753533487427,12:38:07.427,CELR/USDT:USDT,0.00816,325.0,0.008158,825.0,0.00818,335.0,0.008181,835.0
1753533487636,12:38:07.636,CELR/USDT:USDT,0.00816,325.0,0.008158,825.0,0.00818,335.0,0.008181,835.0
1753533488305,12:38:08.305,CELR/USDT:USDT,0.008147,330.0,0.008146,3682.0,0.008177,330.0,0.008178,830.0
1753533488399,12:38:08.399,CELR/USDT:USDT,0.008155,330.0,0.008154,3679.0,0.008177,330.0,0.008178,830.0
1753533488661,12:38:08.661,CELR/USDT:USDT,0.008155,330.0,0.008154,3679.0,0.008177,330.0,0.008178,830.0
1753533489785,12:38:09.785,CELR/USDT:USDT,0.008155,330.0,0.008154,3679.0,0.008177,330.0,0.008178,830.0
1753533489906,12:38:09.906,CELR/USDT:USDT,0.008155,330.0,0.008154,3679.0,0.008177,330.0,0.008178,830.0
1753533490245,12:38:10.245,CELR/USDT:USDT,0.008155,330.0,0.008154,3679.0,0.008176,330.0,0.008177,830.0
1753533490324,12:38:10.324,CELR/USDT:USDT,0.008155,330.0,0.008154,3679.0,0.008176,330.0,0.008177,830.0
1753533491887,12:38:11.887,CELR/USDT:USDT,0.008155,330.0,0.008154,3679.0,0.008176,330.0,0.008177,830.0
1753533491944,12:38:11.944,CELR/USDT:USDT,0.008155,330.0,0.008154,3679.0,0.008176,330.0,0.008177,830.0
1753533493202,12:38:13.202,CELR/USDT:USDT,0.008155,330.0,0.008154,3679.0,0.008175,330.0,0.008176,830.0
1753533494028,12:38:14.028,CELR/USDT:USDT,0.008155,330.0,0.008154,3679.0,0.008175,330.0,0.008176,830.0
1753533494439,12:38:14.439,CELR/USDT:USDT,0.008155,330.0,0.008154,3679.0,0.008175,330.0,0.008176,830.0
1753533496161,12:38:16.161,CELR/USDT:USDT,0.008155,330.0,0.008154,3679.0,0.008175,330.0,0.008176,830.0
1753533496223,12:38:16.223,CELR/USDT:USDT,0.008155,330.0,0.008154,3679.0,0.008175,330.0,0.008176,830.0
1753533496376,12:38:16.376,CELR/USDT:USDT,0.008155,330.0,0.008154,3679.0,0.008175,330.0,0.008176,830.0
1753533497165,12:38:17.165,CELR/USDT:USDT,0.008155,330.0,0.008154,3679.0,0.008174,325.0,0.008175,830.0
1753533497595,12:38:17.595,CELR/USDT:USDT,0.008155,330.0,0.008154,3679.0,0.008174,325.0,0.008175,830.0
1753533498303,12:38:18.303,CELR/USDT:USDT,0.008155,330.0,0.008154,3679.0,0.008174,325.0,0.008175,830.0
1753533498418,12:38:18.418,CELR/USDT:USDT,0.008155,330.0,0.008154,3679.0,0.008174,325.0,0.008175,830.0
1753533499120,12:38:19.120,CELR/USDT:USDT,0.008155,330.0,0.008154,3679.0,0.008174,325.0,0.008175,830.0
1753533500425,12:38:20.425,CELR/USDT:USDT,0.008155,330.0,0.008154,3679.0,0.008174,325.0,0.008175,830.0
1753533501098,12:38:21.098,CELR/USDT:USDT,0.008155,330.0,0.008154,3679.0,0.008174,325.0,0.008175,830.0
1753533501122,12:38:21.122,CELR/USDT:USDT,0.008155,330.0,0.008154,3679.0,0.008174,325.0,0.008175,830.0
1753533501251,12:38:21.251,CELR/USDT:USDT,0.008155,330.0,0.008154,3679.0,0.008174,325.0,0.008175,830.0
1753533502581,12:38:22.581,CELR/USDT:USDT,0.008155,330.0,0.008154,3679.0,0.008174,325.0,0.008175,830.0
1753533503103,12:38:23.103,CELR/USDT:USDT,0.008155,330.0,0.008154,3679.0,0.008174,325.0,0.008175,830.0
1753533503270,12:38:23.270,CELR/USDT:USDT,0.008155,330.0,0.008154,3679.0,0.008174,325.0,0.008175,830.0
1753533504745,12:38:24.745,CELR/USDT:USDT,0.008155,330.0,0.008154,3679.0,0.008174,325.0,0.008175,830.0
1753533505055,12:38:25.055,CELR/USDT:USDT,0.008155,330.0,0.008154,3679.0,0.008174,325.0,0.008175,830.0
1753533506901,12:38:26.901,CELR/USDT:USDT,0.008155,330.0,0.008154,3679.0,0.008174,325.0,0.008175,830.0
1753533507031,12:38:27.031,CELR/USDT:USDT,0.008155,330.0,0.008154,3679.0,0.008174,325.0,0.008175,830.0
1753533508031,12:38:28.031,CELR/USDT:USDT,0.008155,330.0,0.008154,3679.0,0.008174,325.0,0.008175,830.0
1753533509018,12:38:29.018,CELR/USDT:USDT,0.008155,330.0,0.008154,3679.0,0.008174,325.0,0.008175,830.0
1753533509998,12:38:29.998,CELR/USDT:USDT,0.008155,330.0,0.008154,3679.0,0.008174,325.0,0.008175,830.0
1753533511200,12:38:31.200,CELR/USDT:USDT,0.008155,330.0,0.008154,3679.0,0.008174,325.0,0.008175,830.0
1753533511975,12:38:31.975,CELR/USDT:USDT,0.008155,330.0,0.008154,3679.0,0.008174,325.0,0.008175,830.0
1753533513221,12:38:33.221,CELR/USDT:USDT,0.008155,330.0,0.008154,3679.0,0.008174,325.0,0.008175,830.0
1753533513355,12:38:33.355,CELR/USDT:USDT,0.008155,330.0,0.008154,3679.0,0.008174,325.0,0.008175,830.0
1753533514019,12:38:34.019,CELR/USDT:USDT,0.008155,330.0,0.008154,3679.0,0.008183,3666.0,0.008184,329.0
1753533514064,12:38:34.064,CELR/USDT:USDT,0.008155,330.0,0.008154,3679.0,0.008182,329.0,0.008183,3666.0
1753533514136,12:38:34.136,CELR/USDT:USDT,0.008155,330.0,0.008154,3679.0,0.008182,329.0,0.008183,3666.0
1753533514942,12:38:34.942,CELR/USDT:USDT,0.008155,330.0,0.008154,3679.0,0.008182,329.0,0.008183,3666.0
1753533515361,12:38:35.361,CELR/USDT:USDT,0.008155,330.0,0.008154,3679.0,0.008182,329.0,0.008183,3666.0
1753533515523,12:38:35.523,CELR/USDT:USDT,0.008155,330.0,0.008154,3679.0,0.008182,329.0,0.008183,3666.0
1753533521303,12:38:41.303,CELR/USDT:USDT,0.008155,330.0,0.008154,3679.0,0.008182,329.0,0.008183,3666.0
1753533521397,12:38:41.397,CELR/USDT:USDT,0.008155,330.0,0.008154,3679.0,0.008182,329.0,0.008183,3666.0
1753533522019,12:38:42.019,CELR/USDT:USDT,0.008155,330.0,0.008154,3679.0,0.008182,329.0,0.008183,3666.0
1753533522043,12:38:42.043,CELR/USDT:USDT,0.008155,330.0,0.008154,3679.0,0.008182,329.0,0.008183,3666.0
1753533524163,12:38:44.163,CELR/USDT:USDT,0.008155,330.0,0.008154,3679.0,0.008182,329.0,0.008183,3666.0
1753533524625,12:38:44.625,CELR/USDT:USDT,0.008155,330.0,0.008154,3679.0,0.008182,329.0,0.008183,3666.0
1753533528322,12:38:48.322,CELR/USDT:USDT,0.008155,330.0,0.008154,3679.0,0.008182,329.0,0.008183,3666.0
1753533528649,12:38:48.649,CELR/USDT:USDT,0.008155,330.0,0.008154,3679.0,0.008182,329.0,0.008183,3666.0
1753533532283,12:38:52.283,CELR/USDT:USDT,0.008155,330.0,0.008154,3679.0,0.008182,329.0,0.008183,3666.0
1753533533415,12:38:53.415,CELR/USDT:USDT,0.008155,330.0,0.008154,3679.0,0.008182,329.0,0.008183,3666.0
1753533533461,12:38:53.461,CELR/USDT:USDT,0.008155,330.0,0.008154,3679.0,0.008182,329.0,0.008183,3666.0
1753533533566,12:38:53.566,CELR/USDT:USDT,0.008155,330.0,0.008154,3679.0,0.008182,329.0,0.008183,3666.0
1753533533650,12:38:53.650,CELR/USDT:USDT,0.008155,330.0,0.008154,3679.0,0.008182,329.0,0.008183,3666.0
1753533533744,12:38:53.744,CELR/USDT:USDT,0.008155,330.0,0.008154,3679.0,0.008182,329.0,0.008183,3666.0
1753533534009,12:38:54.009,CELR/USDT:USDT,0.008155,330.0,0.008154,3679.0,0.008182,329.0,0.008183,3666.0
1753533534060,12:38:54.060,CELR/USDT:USDT,0.008155,330.0,0.008154,3679.0,0.008182,329.0,0.008183,3666.0
1753533534416,12:38:54.416,CELR/USDT:USDT,0.008155,330.0,0.008154,3679.0,0.008182,329.0,0.008183,3666.0
1753533534495,12:38:54.495,CELR/USDT:USDT,0.008155,330.0,0.008154,3679.0,0.008182,329.0,0.008183,3666.0
1753533536100,12:38:56.100,CELR/USDT:USDT,0.008155,330.0,0.008154,3679.0,0.008182,329.0,0.008183,3666.0
1753533536415,12:38:56.415,CELR/USDT:USDT,0.008155,330.0,0.008154,3679.0,0.008182,329.0,0.008183,3666.0
1753533536456,12:38:56.456,CELR/USDT:USDT,0.008155,330.0,0.008154,3679.0,0.008182,329.0,0.008183,3666.0
1753533538287,12:38:58.287,CELR/USDT:USDT,0.008155,330.0,0.008154,3679.0,0.008182,329.0,0.008183,3666.0
1753533538373,12:38:58.373,CELR/USDT:USDT,0.008155,330.0,0.008154,3679.0,0.008182,329.0,0.008183,3666.0
1753533538510,12:38:58.510,CELR/USDT:USDT,0.008155,330.0,0.008154,3679.0,0.008182,329.0,0.008183,3666.0
1753533538546,12:38:58.546,CELR/USDT:USDT,0.008155,330.0,0.008154,3679.0,0.008182,329.0,0.008183,3666.0
1753533538918,12:38:58.918,CELR/USDT:USDT,0.008155,330.0,0.008154,3679.0,0.008182,329.0,0.008183,3666.0
1753533538978,12:38:58.978,CELR/USDT:USDT,0.008155,330.0,0.008154,3679.0,0.008182,329.0,0.008183,3666.0
1753533539102,12:38:59.102,CELR/USDT:USDT,0.008155,330.0,0.008154,3679.0,0.008182,329.0,0.008183,3666.0
1753533539132,12:38:59.132,CELR/USDT:USDT,0.008155,330.0,0.008154,3679.0,0.008182,329.0,0.008183,3666.0
1753533539409,12:38:59.409,CELR/USDT:USDT,0.008155,330.0,0.008154,3679.0,0.008182,329.0,0.008183,3666.0
1753533539459,12:38:59.459,CELR/USDT:USDT,0.008155,330.0,0.008154,3679.0,0.008182,329.0,0.008183,3666.0
1753533539789,12:38:59.789,CELR/USDT:USDT,0.008155,330.0,0.008154,3679.0,0.008182,329.0,0.008183,3666.0
1753533547611,12:39:07.611,CELR/USDT:USDT,0.008156,827.0,0.008155,830.0,0.008182,329.0,0.008183,3666.0
1753533547710,12:39:07.710,CELR/USDT:USDT,0.008157,327.0,0.008156,827.0,0.008182,329.0,0.008183,3666.0
1753533547723,12:39:07.723,CELR/USDT:USDT,0.008157,327.0,0.008156,827.0,0.008182,329.0,0.008183,3666.0
1753533547890,12:39:07.890,CELR/USDT:USDT,0.008157,327.0,0.008156,827.0,0.008182,329.0,0.008183,3666.0
1753533551587,12:39:11.587,CELR/USDT:USDT,0.008157,327.0,0.008156,827.0,0.00818,327.0,0.008181,827.0
1753533553197,12:39:13.197,CELR/USDT:USDT,0.008157,327.0,0.008156,827.0,0.00818,327.0,0.008181,827.0
1753533564200,12:39:24.200,CELR/USDT:USDT,0.008157,327.0,0.008156,827.0,0.00818,327.0,0.008181,827.0
1753533565059,12:39:25.059,CELR/USDT:USDT,0.008157,327.0,0.008156,827.0,0.00818,327.0,0.008181,827.0
1753533565383,12:39:25.383,CELR/USDT:USDT,0.008157,327.0,0.008156,827.0,0.00818,327.0,0.008181,827.0
1753533567641,12:39:27.641,CELR/USDT:USDT,0.008157,327.0,0.008156,827.0,0.00818,327.0,0.008181,827.0
1753533569054,12:39:29.054,CELR/USDT:USDT,0.008157,327.0,0.008156,827.0,0.00818,327.0,0.008181,827.0
1753533581724,12:39:41.724,CELR/USDT:USDT,0.008157,327.0,0.008156,827.0,0.00818,327.0,0.008181,827.0
1753533581852,12:39:41.852,CELR/USDT:USDT,0.008157,327.0,0.008156,827.0,0.00818,327.0,0.008181,827.0
1753533581940,12:39:41.940,CELR/USDT:USDT,0.008157,327.0,0.008156,827.0,0.00818,327.0,0.008181,827.0
1753533582216,12:39:42.216,CELR/USDT:USDT,0.008157,327.0,0.008156,827.0,0.00818,327.0,0.008181,827.0
1753533582233,12:39:42.233,CELR/USDT:USDT,0.008157,327.0,0.008156,827.0,0.00818,327.0,0.008181,827.0
1753533582611,12:39:42.611,CELR/USDT:USDT,0.008157,327.0,0.008156,827.0,0.00818,327.0,0.008181,827.0
1753533586694,12:39:46.694,CELR/USDT:USDT,0.008157,327.0,0.008156,827.0,0.00818,327.0,0.008181,827.0
1753533586746,12:39:46.746,CELR/USDT:USDT,0.008157,327.0,0.008156,827.0,0.00818,327.0,0.008181,827.0
1753533587103,12:39:47.103,CELR/USDT:USDT,0.008157,327.0,0.008156,827.0,0.00818,327.0,0.008181,827.0
1753533587199,12:39:47.199,CELR/USDT:USDT,0.008157,327.0,0.008156,827.0,0.00818,327.0,0.008181,827.0
1753533587233,12:39:47.233,CELR/USDT:USDT,0.008157,327.0,0.008156,827.0,0.00818,327.0,0.008181,827.0
1753533587499,12:39:47.499,CELR/USDT:USDT,0.008157,327.0,0.008156,827.0,0.00818,327.0,0.008181,827.0
1753533587556,12:39:47.556,CELR/USDT:USDT,0.008157,327.0,0.008156,827.0,0.00818,327.0,0.008181,827.0
1753533587996,12:39:47.996,CELR/USDT:USDT,0.008157,327.0,0.008156,827.0,0.00818,327.0,0.008181,827.0
1753533588027,12:39:48.027,CELR/USDT:USDT,0.008157,327.0,0.008156,827.0,0.00818,327.0,0.008181,827.0
1753533588171,12:39:48.171,CELR/USDT:USDT,0.008157,327.0,0.008156,827.0,0.00818,327.0,0.008181,827.0
1753533588370,12:39:48.370,CELR/USDT:USDT,0.008157,327.0,0.008156,827.0,0.00818,327.0,0.008181,827.0
1753533611892,12:40:11.892,CELR/USDT:USDT,0.008158,338.0,0.008157,827.0,0.00818,327.0,0.008181,827.0
1753533612125,12:40:12.125,CELR/USDT:USDT,0.008158,338.0,0.008157,827.0,0.00818,327.0,0.008181,827.0
1753533622203,12:40:22.203,CELR/USDT:USDT,0.008158,338.0,0.008157,827.0,0.00818,327.0,0.008181,827.0
1753533622727,12:40:22.727,CELR/USDT:USDT,0.008158,338.0,0.008157,827.0,0.00818,327.0,0.008181,827.0
1753533623153,12:40:23.153,CELR/USDT:USDT,0.008158,338.0,0.008157,827.0,0.00818,327.0,0.008181,827.0
1753533623716,12:40:23.716,CELR/USDT:USDT,0.008158,338.0,0.008157,827.0,0.00818,327.0,0.008181,827.0
1753533623724,12:40:23.724,CELR/USDT:USDT,0.008158,338.0,0.008157,827.0,0.00818,327.0,0.008181,827.0
1753533627686,12:40:27.686,CELR/USDT:USDT,0.008158,338.0,0.008157,827.0,0.008179,328.0,0.00818,827.0
1753533627822,12:40:27.822,CELR/USDT:USDT,0.008158,338.0,0.008157,827.0,0.008179,328.0,0.00818,827.0
1753533627865,12:40:27.865,CELR/USDT:USDT,0.008158,338.0,0.008157,827.0,0.008179,328.0,0.00818,827.0
1753533628018,12:40:28.018,CELR/USDT:USDT,0.008158,338.0,0.008157,827.0,0.008179,328.0,0.00818,827.0
1753533628030,12:40:28.030,CELR/USDT:USDT,0.008158,338.0,0.008157,827.0,0.008179,328.0,0.00818,827.0
1753533628237,12:40:28.237,CELR/USDT:USDT,0.008158,338.0,0.008157,827.0,0.008179,328.0,0.00818,827.0
1753533631959,12:40:31.959,CELR/USDT:USDT,0.008158,338.0,0.008157,827.0,0.008179,328.0,0.00818,827.0
1753533632071,12:40:32.071,CELR/USDT:USDT,0.008158,338.0,0.008157,827.0,0.008179,328.0,0.00818,827.0
1753533632318,12:40:32.318,CELR/USDT:USDT,0.008158,338.0,0.008157,827.0,0.008179,328.0,0.00818,827.0
1753533632578,12:40:32.578,CELR/USDT:USDT,0.008158,338.0,0.008157,827.0,0.008179,328.0,0.00818,827.0
1753533632716,12:40:32.716,CELR/USDT:USDT,0.008158,338.0,0.008157,827.0,0.008179,328.0,0.00818,827.0
1753533633075,12:40:33.075,CELR/USDT:USDT,0.008158,338.0,0.008157,827.0,0.008179,328.0,0.00818,827.0
1753533633169,12:40:33.169,CELR/USDT:USDT,0.008158,338.0,0.008157,827.0,0.008179,328.0,0.00818,827.0
1753533633318,12:40:33.318,CELR/USDT:USDT,0.008158,338.0,0.008157,827.0,0.008179,328.0,0.00818,827.0
1753533633351,12:40:33.351,CELR/USDT:USDT,0.008158,338.0,0.008157,827.0,0.008179,328.0,0.00818,827.0
1753533633613,12:40:33.613,CELR/USDT:USDT,0.008158,338.0,0.008157,827.0,0.008179,328.0,0.00818,827.0
1753533634604,12:40:34.604,CELR/USDT:USDT,0.008158,838.0,0.008157,827.0,0.008179,328.0,0.00818,827.0
1753533634665,12:40:34.665,CELR/USDT:USDT,0.00816,328.0,0.008159,828.0,0.008179,328.0,0.00818,827.0
1753533634846,12:40:34.846,CELR/USDT:USDT,0.00816,328.0,0.008159,828.0,0.008179,328.0,0.00818,827.0
1753533635582,12:40:35.582,CELR/USDT:USDT,0.00816,328.0,0.008159,828.0,0.008179,328.0,0.00818,827.0
1753533636466,12:40:36.466,CELR/USDT:USDT,0.00816,328.0,0.008159,828.0,0.008179,328.0,0.00818,827.0
1753533636882,12:40:36.882,CELR/USDT:USDT,0.00816,328.0,0.008159,828.0,0.008179,328.0,0.00818,827.0
1753533647204,12:40:47.204,CELR/USDT:USDT,0.00816,328.0,0.008159,828.0,0.008179,328.0,0.00818,827.0
1753533647448,12:40:47.448,CELR/USDT:USDT,0.00816,328.0,0.008159,828.0,0.008179,328.0,0.00818,827.0
1753533649457,12:40:49.457,CELR/USDT:USDT,0.00816,328.0,0.008159,828.0,0.008179,328.0,0.00818,827.0
1753533655503,12:40:55.503,CELR/USDT:USDT,0.00816,328.0,0.008159,828.0,0.008179,328.0,0.00818,827.0
1753533659711,12:40:59.711,CELR/USDT:USDT,0.008163,3675.0,0.008162,330.0,0.008179,328.0,0.00818,827.0
1753533659786,12:40:59.786,CELR/USDT:USDT,0.008165,330.0,0.008164,4004.0,0.008179,328.0,0.00818,827.0
1753533659887,12:40:59.887,CELR/USDT:USDT,0.008165,330.0,0.008164,4004.0,0.008179,328.0,0.00818,827.0
1753533659949,12:40:59.949,CELR/USDT:USDT,0.008165,330.0,0.008164,4004.0,0.008179,328.0,0.00818,827.0
1753533660321,12:41:00.321,CELR/USDT:USDT,0.008165,330.0,0.008164,4004.0,0.008179,328.0,0.00818,827.0
1753533660397,12:41:00.397,CELR/USDT:USDT,0.008165,330.0,0.008164,4004.0,0.008179,328.0,0.00818,827.0
1753533660472,12:41:00.472,CELR/USDT:USDT,0.008165,330.0,0.008164,4004.0,0.008179,328.0,0.00818,827.0
1753533660564,12:41:00.564,CELR/USDT:USDT,0.008165,330.0,0.008164,4004.0,0.008179,328.0,0.00818,827.0
1753533660664,12:41:00.664,CELR/USDT:USDT,0.008165,330.0,0.008164,4004.0,0.008179,328.0,0.00818,827.0
1753533660820,12:41:00.820,CELR/USDT:USDT,0.008165,330.0,0.008164,4004.0,0.008179,328.0,0.00818,827.0
1753533661303,12:41:01.303,CELR/USDT:USDT,0.008165,330.0,0.008164,4004.0,0.008179,328.0,0.00818,827.0
1753533661651,12:41:01.651,CELR/USDT:USDT,0.008165,330.0,0.008164,4004.0,0.008179,328.0,0.00818,827.0
1753533662020,12:41:02.020,CELR/USDT:USDT,0.008165,330.0,0.008164,4004.0,0.008179,328.0,0.00818,827.0
1753533662283,12:41:02.283,CELR/USDT:USDT,0.008165,330.0,0.008164,4004.0,0.008179,328.0,0.00818,827.0
1753533662470,12:41:02.470,CELR/USDT:USDT,0.008165,330.0,0.008164,4004.0,0.008179,328.0,0.00818,827.0
1753533664144,12:41:04.144,CELR/USDT:USDT,0.008165,330.0,0.008164,4004.0,0.008179,328.0,0.00818,827.0
1753533664278,12:41:04.278,CELR/USDT:USDT,0.008165,330.0,0.008164,4004.0,0.008188,338.0,0.008203,500.0
1753533664388,12:41:04.388,CELR/USDT:USDT,0.008165,330.0,0.008164,4004.0,0.008188,338.0,0.008203,500.0
1753533664521,12:41:04.521,CELR/USDT:USDT,0.008165,330.0,0.008164,4004.0,0.008188,338.0,0.008203,500.0
1753533664600,12:41:04.600,CELR/USDT:USDT,0.008165,330.0,0.008164,4004.0,0.008188,338.0,0.008203,500.0
1753533665271,12:41:05.271,CELR/USDT:USDT,0.008165,330.0,0.008164,4004.0,0.008187,330.0,0.008188,338.0
1753533665420,12:41:05.420,CELR/USDT:USDT,0.008165,330.0,0.008164,4004.0,0.008188,338.0,0.008202,168.0
1753533666279,12:41:06.279,CELR/USDT:USDT,0.008165,330.0,0.008164,4004.0,0.008187,330.0,0.008188,338.0
1753533666404,12:41:06.404,CELR/USDT:USDT,0.008165,330.0,0.008164,4004.0,0.008188,338.0,0.008202,168.0
1753533669104,12:41:09.104,CELR/USDT:USDT,0.008165,330.0,0.008164,4004.0,0.008188,338.0,0.008202,168.0
1753533669623,12:41:09.623,CELR/USDT:USDT,0.008165,330.0,0.008164,4004.0,0.008188,338.0,0.008201,640.0
1753533672289,12:41:12.289,CELR/USDT:USDT,0.008165,330.0,0.008164,4004.0,0.008188,338.0,0.008201,640.0
1753533673158,12:41:13.158,CELR/USDT:USDT,0.008165,330.0,0.008164,4004.0,0.008188,338.0,0.008201,640.0
1753533673397,12:41:13.397,CELR/USDT:USDT,0.008165,330.0,0.008164,4004.0,0.008188,338.0,0.008201,640.0
1753533673815,12:41:13.815,CELR/USDT:USDT,0.008165,330.0,0.008164,4004.0,0.008188,338.0,0.008201,640.0
1753533673838,12:41:13.838,CELR/USDT:USDT,0.008165,330.0,0.008164,4004.0,0.008188,338.0,0.008201,640.0
1753533674251,12:41:14.251,CELR/USDT:USDT,0.008165,330.0,0.008164,4004.0,0.008188,338.0,0.008201,640.0
1753533676695,12:41:16.695,CELR/USDT:USDT,0.008165,330.0,0.008164,4004.0,0.008188,338.0,0.008201,640.0
1753533677121,12:41:17.121,CELR/USDT:USDT,0.008165,330.0,0.008164,4004.0,0.008188,338.0,0.008201,640.0
1753533679311,12:41:19.311,CELR/USDT:USDT,0.008165,330.0,0.008164,4004.0,0.0082,3658.0,0.008201,331.0
1753533679394,12:41:19.394,CELR/USDT:USDT,0.008165,330.0,0.008164,4004.0,0.008194,331.0,0.008195,3660.0
1753533680207,12:41:20.207,CELR/USDT:USDT,0.008165,330.0,0.008164,4004.0,0.008192,331.0,0.008193,3661.0
1753533681438,12:41:21.438,CELR/USDT:USDT,0.008165,330.0,0.008164,4004.0,0.008192,331.0,0.008193,3661.0
1753533683622,12:41:23.622,CELR/USDT:USDT,0.008165,330.0,0.008164,4004.0,0.008192,331.0,0.008193,3661.0
1753533685780,12:41:25.780,CELR/USDT:USDT,0.008165,330.0,0.008164,4004.0,0.008192,331.0,0.008193,3661.0
1753533687955,12:41:27.955,CELR/USDT:USDT,0.008165,330.0,0.008164,4004.0,0.008192,331.0,0.008193,3661.0
1753533688032,12:41:28.032,CELR/USDT:USDT,0.008165,330.0,0.008164,4004.0,0.008192,331.0,0.008193,3661.0
1753533690115,12:41:30.115,CELR/USDT:USDT,0.008165,330.0,0.008164,4004.0,0.008192,331.0,0.008193,3661.0
1753533690123,12:41:30.123,CELR/USDT:USDT,0.008165,330.0,0.008164,4004.0,0.008192,331.0,0.008193,3661.0
1753533692288,12:41:32.288,CELR/USDT:USDT,0.008165,330.0,0.008164,4004.0,0.008192,331.0,0.008193,3661.0
1753533692423,12:41:32.423,CELR/USDT:USDT,0.008165,330.0,0.008164,4004.0,0.008192,331.0,0.008193,3661.0
1753533694454,12:41:34.454,CELR/USDT:USDT,0.008165,330.0,0.008164,4004.0,0.008192,331.0,0.008193,3661.0
1753533694845,12:41:34.845,CELR/USDT:USDT,0.008165,330.0,0.008164,4004.0,0.008192,331.0,0.008193,3661.0
1753533697921,12:41:37.921,CELR/USDT:USDT,0.008166,329.0,0.008165,830.0,0.008192,331.0,0.008193,3661.0
1753533697992,12:41:37.992,CELR/USDT:USDT,0.008168,329.0,0.008167,829.0,0.008192,331.0,0.008193,3661.0
1753533698120,12:41:38.120,CELR/USDT:USDT,0.008168,329.0,0.008167,829.0,0.008192,331.0,0.008193,3661.0
1753533709622,12:41:49.622,CELR/USDT:USDT,0.008168,329.0,0.008167,829.0,0.008192,331.0,0.008193,3661.0
1753533709877,12:41:49.877,CELR/USDT:USDT,0.008168,329.0,0.008167,829.0,0.008192,331.0,0.008193,3661.0
1753533724610,12:42:04.610,CELR/USDT:USDT,0.008168,329.0,0.008167,829.0,0.008191,827.0,0.008192,831.0
1753533724625,12:42:04.625,CELR/USDT:USDT,0.008168,329.0,0.008167,829.0,0.00819,327.0,0.008191,827.0
1753533726798,12:42:06.798,CELR/USDT:USDT,0.008168,329.0,0.008167,829.0,0.00819,327.0,0.008191,827.0
1753533737209,12:42:17.209,CELR/USDT:USDT,0.008168,329.0,0.008167,829.0,0.00819,327.0,0.008191,827.0
1753533737434,12:42:17.434,CELR/USDT:USDT,0.008168,329.0,0.008167,829.0,0.00819,327.0,0.008191,827.0
1753533748209,12:42:28.209,CELR/USDT:USDT,0.008168,329.0,0.008167,829.0,0.00819,327.0,0.008191,827.0
1753533760211,12:42:40.211,CELR/USDT:USDT,0.008168,329.0,0.008167,329.0,0.008189,5735.0,0.00819,327.0
1753533760315,12:42:40.315,CELR/USDT:USDT,0.00816,328.0,0.008159,828.0,0.008183,3989.0,0.008185,323.0
1753533760357,12:42:40.357,CELR/USDT:USDT,0.00816,328.0,0.008159,828.0,0.008182,323.0,0.008183,3989.0
1753533760448,12:42:40.448,CELR/USDT:USDT,0.00816,328.0,0.008159,828.0,0.008182,323.0,0.008183,3989.0
1753533760613,12:42:40.613,CELR/USDT:USDT,0.00816,328.0,0.008159,828.0,0.008182,323.0,0.008183,3989.0
1753533760709,12:42:40.709,CELR/USDT:USDT,0.00816,328.0,0.008159,828.0,0.008182,323.0,0.008183,3989.0
1753533760782,12:42:40.782,CELR/USDT:USDT,0.00816,328.0,0.008159,828.0,0.008182,323.0,0.008183,3989.0
1753533761004,12:42:41.004,CELR/USDT:USDT,0.00816,328.0,0.008159,828.0,0.008182,323.0,0.008183,3989.0
1753533761117,12:42:41.117,CELR/USDT:USDT,0.00816,328.0,0.008159,828.0,0.008182,323.0,0.008183,3989.0
1753533761291,12:42:41.291,CELR/USDT:USDT,0.00816,328.0,0.008159,828.0,0.008182,323.0,0.008183,3989.0
1753533761333,12:42:41.333,CELR/USDT:USDT,0.00816,328.0,0.008159,828.0,0.008182,323.0,0.008183,3989.0
1753533761505,12:42:41.505,CELR/USDT:USDT,0.00816,328.0,0.008159,828.0,0.008182,323.0,0.008183,3989.0
1753533761572,12:42:41.572,CELR/USDT:USDT,0.00816,328.0,0.008159,828.0,0.008182,323.0,0.008183,3989.0
1753533761923,12:42:41.923,CELR/USDT:USDT,0.00816,328.0,0.008159,828.0,0.008182,323.0,0.008183,3989.0
1753533761962,12:42:41.962,CELR/USDT:USDT,0.00816,328.0,0.008159,828.0,0.008182,323.0,0.008183,3989.0
1753533762220,12:42:42.220,CELR/USDT:USDT,0.00816,328.0,0.008159,828.0,0.008182,323.0,0.008183,3989.0
1753533762294,12:42:42.294,CELR/USDT:USDT,0.00816,328.0,0.008159,828.0,0.008182,323.0,0.008183,3989.0
1753533762776,12:42:42.776,CELR/USDT:USDT,0.00816,328.0,0.008159,828.0,0.008182,323.0,0.008183,3989.0
1753533763303,12:42:43.303,CELR/USDT:USDT,0.00816,328.0,0.008159,828.0,0.008182,323.0,0.008183,3989.0
1753533765503,12:42:45.503,CELR/USDT:USDT,0.00816,328.0,0.008159,828.0,0.008182,323.0,0.008183,3989.0
1753533765741,12:42:45.741,CELR/USDT:USDT,0.00816,328.0,0.008159,828.0,0.008182,323.0,0.008183,3989.0
1753533767553,12:42:47.553,CELR/USDT:USDT,0.00816,328.0,0.008159,828.0,0.008182,323.0,0.008183,3989.0
1753533785612,12:43:05.612,CELR/USDT:USDT,0.008162,823.0,0.008161,4176.0,0.008185,323.0,0.008187,446.0
1753533785707,12:43:05.707,CELR/USDT:USDT,0.008165,323.0,0.008164,3674.0,0.008185,323.0,0.008187,446.0
1753533785806,12:43:05.806,CELR/USDT:USDT,0.008165,323.0,0.008164,3674.0,0.008185,323.0,0.008187,446.0
1753533786782,12:43:06.782,CELR/USDT:USDT,0.008165,323.0,0.008164,3674.0,0.008185,323.0,0.008187,446.0
1753533786921,12:43:06.921,CELR/USDT:USDT,0.008165,323.0,0.008164,3674.0,0.008185,323.0,0.008187,446.0
1753533786939,12:43:06.939,CELR/USDT:USDT,0.008165,323.0,0.008164,3674.0,0.008185,323.0,0.008187,446.0
1753533787626,12:43:07.626,CELR/USDT:USDT,0.008165,323.0,0.008164,3674.0,0.008185,323.0,0.008187,446.0
1753533787881,12:43:07.881,CELR/USDT:USDT,0.008165,323.0,0.008164,3674.0,0.008185,323.0,0.008187,446.0
1753533788155,12:43:08.155,CELR/USDT:USDT,0.008165,323.0,0.008164,3674.0,0.008185,323.0,0.008187,446.0
1753533788866,12:43:08.866,CELR/USDT:USDT,0.008165,323.0,0.008164,3674.0,0.008185,323.0,0.008187,446.0
1753533789843,12:43:09.843,CELR/USDT:USDT,0.008165,323.0,0.008164,3674.0,0.008185,323.0,0.008187,446.0
1753533792863,12:43:12.863,CELR/USDT:USDT,0.008165,323.0,0.008164,3674.0,0.008185,323.0,0.008187,446.0
1753533793551,12:43:13.551,CELR/USDT:USDT,0.008165,323.0,0.008164,3674.0,0.008185,323.0,0.008187,446.0
1753533793816,12:43:13.816,CELR/USDT:USDT,0.008166,328.0,0.008165,823.0,0.008185,323.0,0.008187,446.0
1753533793827,12:43:13.827,CELR/USDT:USDT,0.008166,328.0,0.008165,823.0,0.008185,323.0,0.008187,446.0
1753533794063,12:43:14.063,CELR/USDT:USDT,0.008166,328.0,0.008165,823.0,0.008185,323.0,0.008187,446.0
1753533794192,12:43:14.192,CELR/USDT:USDT,0.008166,328.0,0.008165,823.0,0.008185,323.0,0.008187,446.0
1753533795145,12:43:15.145,CELR/USDT:USDT,0.008166,328.0,0.008165,823.0,0.008185,323.0,0.008187,446.0
1753533795510,12:43:15.510,CELR/USDT:USDT,0.008166,328.0,0.008165,823.0,0.008185,323.0,0.008187,446.0
1753533795711,12:43:15.711,CELR/USDT:USDT,0.008166,328.0,0.008165,823.0,0.008185,323.0,0.008187,446.0
1753533795776,12:43:15.776,CELR/USDT:USDT,0.008166,328.0,0.008165,823.0,0.008185,323.0,0.008187,446.0
1753533796813,12:43:16.813,CELR/USDT:USDT,0.008166,328.0,0.008165,823.0,0.008183,3994.0,0.008185,323.0
1753533796827,12:43:16.827,CELR/USDT:USDT,0.008166,328.0,0.008165,823.0,0.008182,328.0,0.008183,3994.0
1753533797030,12:43:17.030,CELR/USDT:USDT,0.008166,328.0,0.008165,823.0,0.008182,328.0,0.008183,3994.0
1753533797788,12:43:17.788,CELR/USDT:USDT,0.008162,323.0,0.008161,500.0,0.008182,328.0,0.008183,3994.0
1753533797869,12:43:17.869,CELR/USDT:USDT,0.008162,323.0,0.008161,500.0,0.008182,328.0,0.008183,3994.0
1753533798286,12:43:18.286,CELR/USDT:USDT,0.008162,323.0,0.008161,500.0,0.008182,328.0,0.008183,3994.0
1753533798754,12:43:18.754,CELR/USDT:USDT,0.008162,323.0,0.008161,500.0,0.008182,328.0,0.008183,3994.0
1753533799767,12:43:19.767,CELR/USDT:USDT,0.008162,323.0,0.008161,500.0,0.008182,328.0,0.008183,3994.0
1753533800029,12:43:20.029,CELR/USDT:USDT,0.008162,323.0,0.008161,500.0,0.008182,328.0,0.008183,3994.0
1753533800721,12:43:20.721,CELR/USDT:USDT,0.008162,323.0,0.008161,500.0,0.008182,328.0,0.008183,3994.0
1753533800733,12:43:20.733,CELR/USDT:USDT,0.008162,323.0,0.008161,500.0,0.008182,328.0,0.008183,3994.0
1753533801709,12:43:21.709,CELR/USDT:USDT,0.008162,323.0,0.008161,500.0,0.008182,328.0,0.008183,3994.0
1753533801741,12:43:21.741,CELR/USDT:USDT,0.008162,323.0,0.008161,500.0,0.008182,328.0,0.008183,3994.0
1753533802201,12:43:22.201,CELR/USDT:USDT,0.008162,323.0,0.008161,500.0,0.008182,328.0,0.008183,3994.0
1753533802724,12:43:22.724,CELR/USDT:USDT,0.008155,330.0,0.008146,500.0,0.008182,328.0,0.008183,3994.0
1753533802747,12:43:22.747,CELR/USDT:USDT,0.008155,330.0,0.008146,500.0,0.008182,328.0,0.008183,3994.0
1753533803122,12:43:23.122,CELR/USDT:USDT,0.008155,330.0,0.008146,500.0,0.008182,328.0,0.008183,3994.0
1753533803389,12:43:23.389,CELR/USDT:USDT,0.008155,330.0,0.008146,500.0,0.008182,328.0,0.008183,3994.0
1753533804365,12:43:24.365,CELR/USDT:USDT,0.008155,330.0,0.008146,500.0,0.008182,328.0,0.008183,3994.0
1753533804682,12:43:24.682,CELR/USDT:USDT,0.008155,330.0,0.008146,500.0,0.008182,328.0,0.008183,3994.0
1753533805721,12:43:25.721,CELR/USDT:USDT,0.008155,330.0,0.008146,500.0,0.008182,328.0,0.008183,3994.0
1753533805763,12:43:25.763,CELR/USDT:USDT,0.008155,330.0,0.008146,500.0,0.008182,328.0,0.008183,3994.0
1753533806232,12:43:26.232,CELR/USDT:USDT,0.008155,330.0,0.008146,500.0,0.008182,328.0,0.008183,3994.0
1753533806405,12:43:26.405,CELR/USDT:USDT,0.008155,330.0,0.008146,500.0,0.008182,328.0,0.008183,3994.0
1753533806692,12:43:26.692,CELR/USDT:USDT,0.008155,330.0,0.008146,500.0,0.008182,328.0,0.008183,3994.0
1753533806743,12:43:26.743,CELR/USDT:USDT,0.008155,330.0,0.008146,500.0,0.008182,328.0,0.008183,3994.0
1753533806856,12:43:26.856,CELR/USDT:USDT,0.008155,330.0,0.008146,500.0,0.008182,328.0,0.008183,3994.0
1753533806923,12:43:26.923,CELR/USDT:USDT,0.008155,330.0,0.008146,500.0,0.008182,328.0,0.008183,3994.0
1753533807087,12:43:27.087,CELR/USDT:USDT,0.008155,330.0,0.008146,500.0,0.008182,328.0,0.008183,3994.0
1753533807203,12:43:27.203,CELR/USDT:USDT,0.008155,330.0,0.008146,500.0,0.008182,328.0,0.008183,3994.0
1753533807293,12:43:27.293,CELR/USDT:USDT,0.008155,330.0,0.008146,500.0,0.008182,328.0,0.008183,3994.0
1753533807417,12:43:27.417,CELR/USDT:USDT,0.008155,330.0,0.008146,500.0,0.008182,328.0,0.008183,3994.0
1753533807468,12:43:27.468,CELR/USDT:USDT,0.008155,330.0,0.008146,500.0,0.008182,328.0,0.008183,3994.0
1753533807721,12:43:27.721,CELR/USDT:USDT,0.008155,330.0,0.008146,500.0,0.008182,328.0,0.008183,3994.0
1753533807794,12:43:27.794,CELR/USDT:USDT,0.008155,330.0,0.008146,500.0,0.008182,328.0,0.008183,3994.0
1753533807829,12:43:27.829,CELR/USDT:USDT,0.008155,330.0,0.008146,500.0,0.008182,328.0,0.008183,3994.0
1753533808174,12:43:28.174,CELR/USDT:USDT,0.008155,330.0,0.008146,500.0,0.008182,328.0,0.008183,3994.0
1753533808666,12:43:28.666,CELR/USDT:USDT,0.008155,330.0,0.008146,500.0,0.008182,328.0,0.008183,3994.0
1753533811736,12:43:31.736,CELR/USDT:USDT,0.008155,330.0,0.008146,500.0,0.008182,328.0,0.008183,3994.0
1753533811852,12:43:31.852,CELR/USDT:USDT,0.008155,330.0,0.008146,500.0,0.008182,328.0,0.008183,3994.0
1753533814812,12:43:34.812,CELR/USDT:USDT,0.008154,4008.0,0.008152,329.0,0.008182,328.0,0.008183,3994.0
1753533814826,12:43:34.826,CELR/USDT:USDT,0.008155,329.0,0.008154,4008.0,0.008182,328.0,0.008183,3994.0
1753533815111,12:43:35.111,CELR/USDT:USDT,0.008155,329.0,0.008154,4008.0,0.008182,328.0,0.008183,3994.0
1753533815309,12:43:35.309,CELR/USDT:USDT,0.008155,329.0,0.008154,4008.0,0.008182,328.0,0.008183,3994.0
1753533816891,12:43:36.891,CELR/USDT:USDT,0.008155,329.0,0.008154,4008.0,0.008182,328.0,0.008183,3994.0
1753533817136,12:43:37.136,CELR/USDT:USDT,0.008155,329.0,0.008154,4008.0,0.008182,328.0,0.008183,3994.0
1753533834321,12:43:54.321,CELR/USDT:USDT,0.008155,329.0,0.008154,4008.0,0.008182,328.0,0.008183,3994.0
1753533848205,12:44:08.205,CELR/USDT:USDT,0.008155,329.0,0.008154,4008.0,0.008181,832.0,0.008182,828.0
1753533848294,12:44:08.294,CELR/USDT:USDT,0.008155,329.0,0.008154,4008.0,0.008179,332.0,0.00818,832.0
1753533848521,12:44:08.521,CELR/USDT:USDT,0.008155,329.0,0.008154,4008.0,0.008179,332.0,0.00818,832.0
