timestamp,time,symbol,bid1_price,bid1_volume,bid2_price,bid2_volume,ask1_price,ask1_volume,ask2_price,ask2_volume
1753533021000,12:30:21.000,A/USDT:USDT,0.5753,615.0,0.5752,1670.0,0.5757,203.0,0.5758,1159.0
1753533021175,12:30:21.175,A/USDT:USDT,0.5756,88.0,0.5755,288.0,0.5757,203.0,0.5758,1125.0
1753533021272,12:30:21.272,A/USDT:USDT,0.5754,260.0,0.5753,903.0,0.5757,205.0,0.5758,257.0
1753533021372,12:30:21.372,A/USDT:USDT,0.5754,260.0,0.5753,5297.0,0.5757,205.0,0.5758,257.0
1753533021458,12:30:21.458,A/USDT:USDT,0.5754,1849.0,0.5753,5297.0,0.5757,205.0,0.5758,257.0
1753533021538,12:30:21.538,A/USDT:USDT,0.5754,1849.0,0.5753,5297.0,0.5757,205.0,0.5758,257.0
1753533021794,12:30:21.794,A/USDT:USDT,0.5754,1959.0,0.5753,5297.0,0.5757,205.0,0.5758,257.0
1753533022161,12:30:22.161,A/USDT:USDT,0.5754,1959.0,0.5753,5297.0,0.5757,205.0,0.5758,257.0
1753533022264,12:30:22.264,A/USDT:USDT,0.5754,1959.0,0.5753,5297.0,0.5757,205.0,0.5758,257.0
1753533022288,12:30:22.288,A/USDT:USDT,0.5754,1959.0,0.5753,5297.0,0.5757,205.0,0.5758,257.0
1753533022442,12:30:22.442,A/USDT:USDT,0.5754,1965.0,0.5753,5297.0,0.5757,205.0,0.5758,257.0
1753533022569,12:30:22.569,A/USDT:USDT,0.5754,1959.0,0.5753,5297.0,0.5757,211.0,0.5758,257.0
1753533022678,12:30:22.678,A/USDT:USDT,0.5754,1959.0,0.5753,5297.0,0.5757,211.0,0.5758,257.0
1753533022887,12:30:22.887,A/USDT:USDT,0.5754,1959.0,0.5753,5297.0,0.5757,211.0,0.5758,257.0
1753533023029,12:30:23.029,A/USDT:USDT,0.5754,1959.0,0.5753,5297.0,0.5757,211.0,0.5758,257.0
1753533023093,12:30:23.093,A/USDT:USDT,0.5754,1959.0,0.5753,5297.0,0.5757,211.0,0.5758,257.0
1753533023886,12:30:23.886,A/USDT:USDT,0.5754,1699.0,0.5753,5297.0,0.5757,211.0,0.5758,257.0
1753533024313,12:30:24.313,A/USDT:USDT,0.5754,1699.0,0.5753,5297.0,0.5757,211.0,0.5758,257.0
1753533024610,12:30:24.610,A/USDT:USDT,0.5754,1699.0,0.5753,5297.0,0.5757,211.0,0.5758,257.0
1753533024728,12:30:24.728,A/USDT:USDT,0.5754,1699.0,0.5753,5297.0,0.5757,211.0,0.5758,257.0
1753533026824,12:30:26.824,A/USDT:USDT,0.5754,1589.0,0.5753,5297.0,0.5757,211.0,0.5758,257.0
1753533026902,12:30:26.902,A/USDT:USDT,0.5754,1589.0,0.5753,5297.0,0.5757,211.0,0.5758,257.0
1753533027151,12:30:27.151,A/USDT:USDT,0.5754,1589.0,0.5753,5297.0,0.5757,211.0,0.5758,257.0
1753533027221,12:30:27.221,A/USDT:USDT,0.5754,1589.0,0.5753,5297.0,0.5757,211.0,0.5758,257.0
1753533029313,12:30:29.313,A/USDT:USDT,0.5754,1589.0,0.5753,5297.0,0.5757,246.0,0.5758,257.0
1753533031817,12:30:31.817,A/USDT:USDT,0.5754,1699.0,0.5753,5297.0,0.5757,246.0,0.5758,257.0
1753533032056,12:30:32.056,A/USDT:USDT,0.5754,1699.0,0.5753,5297.0,0.5757,246.0,0.5758,257.0
1753533033764,12:30:33.764,A/USDT:USDT,0.5754,1699.0,0.5753,5297.0,0.5757,246.0,0.5758,257.0
1753533034032,12:30:34.032,A/USDT:USDT,0.5754,1699.0,0.5753,5297.0,0.5757,252.0,0.5758,257.0
1753533034136,12:30:34.136,A/USDT:USDT,0.5754,1705.0,0.5753,5297.0,0.5757,252.0,0.5758,257.0
1753533034299,12:30:34.299,A/USDT:USDT,0.5754,1705.0,0.5753,5297.0,0.5757,252.0,0.5758,257.0
1753533034614,12:30:34.614,A/USDT:USDT,0.5754,1705.0,0.5753,5297.0,0.5757,252.0,0.5758,257.0
1753533036309,12:30:36.309,A/USDT:USDT,0.5754,1705.0,0.5753,5297.0,0.5757,246.0,0.5758,257.0
1753533036705,12:30:36.705,A/USDT:USDT,0.5754,1705.0,0.5753,5297.0,0.5757,246.0,0.5758,257.0
1753533036821,12:30:36.821,A/USDT:USDT,0.5754,1705.0,0.5753,5297.0,0.5757,246.0,0.5758,257.0
1753533037145,12:30:37.145,A/USDT:USDT,0.5754,1705.0,0.5753,5297.0,0.5757,246.0,0.5758,257.0
1753533038761,12:30:38.761,A/USDT:USDT,0.5754,1705.0,0.5753,5297.0,0.5757,246.0,0.5758,257.0
1753533040590,12:30:40.590,A/USDT:USDT,0.5754,1705.0,0.5753,5297.0,0.5757,246.0,0.5758,257.0
1753533041621,12:30:41.621,A/USDT:USDT,0.5754,1705.0,0.5753,5297.0,0.5757,246.0,0.5758,257.0
1753533043136,12:30:43.136,A/USDT:USDT,0.5754,1705.0,0.5753,5297.0,0.5757,246.0,0.5758,257.0
1753533043269,12:30:43.269,A/USDT:USDT,0.5754,1705.0,0.5753,5297.0,0.5757,246.0,0.5758,257.0
1753533044389,12:30:44.389,A/USDT:USDT,0.5754,1705.0,0.5753,5297.0,0.5757,205.0,0.5758,257.0
1753533045954,12:30:45.954,A/USDT:USDT,0.5754,1699.0,0.5753,5297.0,0.5757,205.0,0.5758,257.0
1753533046055,12:30:46.055,A/USDT:USDT,0.5754,1705.0,0.5753,5297.0,0.5757,205.0,0.5758,257.0
1753533046442,12:30:46.442,A/USDT:USDT,0.5754,1705.0,0.5753,5297.0,0.5757,205.0,0.5758,257.0
1753533047271,12:30:47.271,A/USDT:USDT,0.5754,1699.0,0.5753,4942.0,0.5757,211.0,0.5758,257.0
1753533047367,12:30:47.367,A/USDT:USDT,0.5754,1699.0,0.5753,4942.0,0.5757,211.0,0.5758,257.0
1753533047467,12:30:47.467,A/USDT:USDT,0.5754,1699.0,0.5753,4942.0,0.5757,211.0,0.5758,257.0
1753533047528,12:30:47.528,A/USDT:USDT,0.5754,1699.0,0.5753,4942.0,0.5757,211.0,0.5758,257.0
1753533049961,12:30:49.961,A/USDT:USDT,0.5754,1699.0,0.5753,4942.0,0.5757,205.0,0.5758,257.0
1753533050068,12:30:50.068,A/USDT:USDT,0.5754,1699.0,0.5753,4942.0,0.5757,205.0,0.5758,257.0
1753533050082,12:30:50.082,A/USDT:USDT,0.5754,1699.0,0.5753,4942.0,0.5757,205.0,0.5758,257.0
1753533051242,12:30:51.242,A/USDT:USDT,0.5754,1699.0,0.5753,4942.0,0.5757,205.0,0.5758,257.0
1753533051843,12:30:51.843,A/USDT:USDT,0.5754,1589.0,0.5753,4942.0,0.5757,205.0,0.5758,257.0
1753533052165,12:30:52.165,A/USDT:USDT,0.5754,1589.0,0.5753,4942.0,0.5757,205.0,0.5758,257.0
1753533052193,12:30:52.193,A/USDT:USDT,0.5754,1589.0,0.5753,4942.0,0.5757,205.0,0.5758,257.0
1753533054036,12:30:54.036,A/USDT:USDT,0.5754,1589.0,0.5753,4942.0,0.5757,211.0,0.5758,257.0
1753533054083,12:30:54.083,A/USDT:USDT,0.5754,1589.0,0.5753,4942.0,0.5757,205.0,0.5758,257.0
1753533054218,12:30:54.218,A/USDT:USDT,0.5754,1589.0,0.5753,4942.0,0.5757,205.0,0.5758,257.0
1753533054413,12:30:54.413,A/USDT:USDT,0.5754,1589.0,0.5753,4942.0,0.5757,211.0,0.5758,257.0
1753533054640,12:30:54.640,A/USDT:USDT,0.5754,1589.0,0.5753,4942.0,0.5757,211.0,0.5758,257.0
1753533054905,12:30:54.905,A/USDT:USDT,0.5754,1589.0,0.5753,4942.0,0.5757,211.0,0.5758,257.0
1753533056021,12:30:56.021,A/USDT:USDT,0.5754,1589.0,0.5753,4942.0,0.5757,211.0,0.5758,257.0
1753533056253,12:30:56.253,A/USDT:USDT,0.5754,1589.0,0.5753,4942.0,0.5757,211.0,0.5758,257.0
1753533059279,12:30:59.279,A/USDT:USDT,0.5753,260.0,0.5752,262.0,0.5756,355.0,0.5757,211.0
1753533059342,12:30:59.342,A/USDT:USDT,0.5751,257.0,0.575,901.0,0.5755,306.0,0.5756,266.0
1753533059456,12:30:59.456,A/USDT:USDT,0.5753,1415.0,0.5752,4673.0,0.5755,2.0,0.5756,266.0
1753533059569,12:30:59.569,A/USDT:USDT,0.5754,577.0,0.5753,1604.0,0.5756,268.0,0.5757,757.0
1753533059659,12:30:59.659,A/USDT:USDT,0.5754,88.0,0.5753,1604.0,0.5756,268.0,0.5757,757.0
1753533059900,12:30:59.900,A/USDT:USDT,0.5754,94.0,0.5753,1604.0,0.5756,306.0,0.5757,757.0
1753533060154,12:31:00.154,A/USDT:USDT,0.5754,575.0,0.5753,1604.0,0.5756,306.0,0.5757,757.0
1753533060293,12:31:00.293,A/USDT:USDT,0.5754,575.0,0.5753,1604.0,0.5756,306.0,0.5757,757.0
1753533060601,12:31:00.601,A/USDT:USDT,0.5754,575.0,0.5753,1604.0,0.5756,306.0,0.5757,757.0
1753533060710,12:31:00.710,A/USDT:USDT,0.5754,575.0,0.5753,1604.0,0.5756,306.0,0.5757,757.0
1753533060822,12:31:00.822,A/USDT:USDT,0.5754,575.0,0.5753,1604.0,0.5756,306.0,0.5757,757.0
1753533061063,12:31:01.063,A/USDT:USDT,0.5753,1403.0,0.5752,4673.0,0.5756,318.0,0.5757,757.0
1753533061137,12:31:01.137,A/USDT:USDT,0.5753,1403.0,0.5752,4673.0,0.5756,318.0,0.5757,757.0
1753533061548,12:31:01.548,A/USDT:USDT,0.5753,1315.0,0.5752,4673.0,0.5756,673.0,0.5757,757.0
1753533061967,12:31:01.967,A/USDT:USDT,0.5753,1315.0,0.5752,4673.0,0.5756,673.0,0.5757,757.0
1753533065575,12:31:05.575,A/USDT:USDT,0.5753,1321.0,0.5752,4673.0,0.5756,667.0,0.5757,757.0
1753533065636,12:31:05.636,A/USDT:USDT,0.5753,1315.0,0.5752,4673.0,0.5756,673.0,0.5757,757.0
1753533065704,12:31:05.704,A/USDT:USDT,0.5753,1315.0,0.5752,4673.0,0.5756,673.0,0.5757,757.0
1753533066023,12:31:06.023,A/USDT:USDT,0.5753,1315.0,0.5752,4673.0,0.5756,673.0,0.5757,757.0
1753533066091,12:31:06.091,A/USDT:USDT,0.5753,1315.0,0.5752,4673.0,0.5756,673.0,0.5757,757.0
1753533066377,12:31:06.377,A/USDT:USDT,0.5753,1315.0,0.5752,4673.0,0.5756,673.0,0.5757,757.0
1753533066417,12:31:06.417,A/USDT:USDT,0.5753,1315.0,0.5752,4673.0,0.5756,673.0,0.5757,757.0
1753533066514,12:31:06.514,A/USDT:USDT,0.5753,1315.0,0.5752,4673.0,0.5756,673.0,0.5757,757.0
1753533066590,12:31:06.590,A/USDT:USDT,0.5753,1315.0,0.5752,4673.0,0.5756,673.0,0.5757,757.0
1753533066832,12:31:06.832,A/USDT:USDT,0.5753,1315.0,0.5752,4673.0,0.5756,673.0,0.5757,757.0
1753533067455,12:31:07.455,A/USDT:USDT,0.5753,1321.0,0.5752,4673.0,0.5756,629.0,0.5757,757.0
1753533067651,12:31:07.651,A/USDT:USDT,0.5753,1321.0,0.5752,4673.0,0.5756,629.0,0.5757,757.0
1753533067846,12:31:07.846,A/USDT:USDT,0.5753,1321.0,0.5752,4673.0,0.5756,629.0,0.5757,757.0
1753533068193,12:31:08.193,A/USDT:USDT,0.5753,1321.0,0.5752,4673.0,0.5756,283.0,0.5757,757.0
1753533069079,12:31:09.079,A/USDT:USDT,0.5754,264.0,0.5753,1321.0,0.5756,11.0,0.5757,757.0
1753533069135,12:31:09.135,A/USDT:USDT,0.5755,88.0,0.5754,553.0,0.5756,2.0,0.5757,757.0
1753533069269,12:31:09.269,A/USDT:USDT,0.5755,88.0,0.5754,553.0,0.5756,2.0,0.5757,757.0
1753533069283,12:31:09.283,A/USDT:USDT,0.5755,88.0,0.5754,559.0,0.5756,2.0,0.5757,757.0
1753533069634,12:31:09.634,A/USDT:USDT,0.5755,88.0,0.5754,559.0,0.5756,2.0,0.5757,757.0
1753533069902,12:31:09.902,A/USDT:USDT,0.5755,88.0,0.5754,553.0,0.5756,2.0,0.5757,757.0
1753533070437,12:31:10.437,A/USDT:USDT,0.5755,88.0,0.5754,553.0,0.5756,2.0,0.5757,763.0
1753533070503,12:31:10.503,A/USDT:USDT,0.5755,88.0,0.5754,553.0,0.5756,2.0,0.5757,763.0
1753533070779,12:31:10.779,A/USDT:USDT,0.5754,264.0,0.5753,1604.0,0.5756,2.0,0.5757,763.0
1753533070782,12:31:10.782,A/USDT:USDT,0.5754,264.0,0.5753,1604.0,0.5756,2.0,0.5757,757.0
1753533070919,12:31:10.919,A/USDT:USDT,0.5754,270.0,0.5753,1604.0,0.5756,2.0,0.5757,757.0
1753533075171,12:31:15.171,A/USDT:USDT,0.5754,270.0,0.5753,1604.0,0.5756,2.0,0.5757,757.0
1753533075223,12:31:15.223,A/USDT:USDT,0.5754,270.0,0.5753,1604.0,0.5756,2.0,0.5757,757.0
1753533075355,12:31:15.355,A/USDT:USDT,0.5754,270.0,0.5753,1604.0,0.5756,2.0,0.5757,757.0
1753533075518,12:31:15.518,A/USDT:USDT,0.5754,12.0,0.5753,1604.0,0.5756,260.0,0.5757,757.0
1753533077958,12:31:17.958,A/USDT:USDT,0.5754,282.0,0.5753,1604.0,0.5756,2.0,0.5757,203.0
1753533078074,12:31:18.074,A/USDT:USDT,0.5754,282.0,0.5753,1959.0,0.5756,2.0,0.5757,203.0
1753533078146,12:31:18.146,A/USDT:USDT,0.5755,88.0,0.5754,571.0,0.5756,2.0,0.5757,209.0
1753533078217,12:31:18.217,A/USDT:USDT,0.5755,88.0,0.5754,571.0,0.5756,2.0,0.5757,203.0
1753533078676,12:31:18.676,A/USDT:USDT,0.5755,94.0,0.5754,571.0,0.5756,2.0,0.5757,203.0
1753533078777,12:31:18.777,A/USDT:USDT,0.5755,88.0,0.5754,571.0,0.5756,1.0,0.5757,204.0
1753533078837,12:31:18.837,A/USDT:USDT,0.5755,94.0,0.5754,565.0,0.5757,205.0,0.5758,1813.0
1753533079000,12:31:19.000,A/USDT:USDT,0.5755,94.0,0.5754,565.0,0.5757,205.0,0.5758,1813.0
1753533079417,12:31:19.417,A/USDT:USDT,0.5755,94.0,0.5754,565.0,0.5757,205.0,0.5758,1813.0
1753533079661,12:31:19.661,A/USDT:USDT,0.5755,94.0,0.5754,565.0,0.5757,205.0,0.5758,1813.0
1753533079770,12:31:19.770,A/USDT:USDT,0.5755,88.0,0.5754,565.0,0.5757,205.0,0.5758,1813.0
1753533080036,12:31:20.036,A/USDT:USDT,0.5755,94.0,0.5754,565.0,0.5757,205.0,0.5758,1813.0
1753533080117,12:31:20.117,A/USDT:USDT,0.5755,94.0,0.5754,565.0,0.5757,205.0,0.5758,1813.0
1753533080663,12:31:20.663,A/USDT:USDT,0.5755,88.0,0.5754,565.0,0.5757,211.0,0.5758,1813.0
1753533081594,12:31:21.594,A/USDT:USDT,0.5755,88.0,0.5754,565.0,0.5757,217.0,0.5758,1813.0
1753533081942,12:31:21.942,A/USDT:USDT,0.5755,88.0,0.5754,565.0,0.5757,211.0,0.5758,257.0
1753533082243,12:31:22.243,A/USDT:USDT,0.5755,88.0,0.5754,289.0,0.5756,270.0,0.5757,217.0
1753533084823,12:31:24.823,A/USDT:USDT,0.5755,88.0,0.5754,289.0,0.5756,270.0,0.5757,217.0
1753533085108,12:31:25.108,A/USDT:USDT,0.5755,88.0,0.5754,289.0,0.5756,270.0,0.5757,217.0
1753533087177,12:31:27.177,A/USDT:USDT,0.5755,88.0,0.5754,289.0,0.5756,270.0,0.5757,211.0
1753533087185,12:31:27.185,A/USDT:USDT,0.5755,88.0,0.5754,289.0,0.5757,211.0,0.5758,257.0
1753533087538,12:31:27.538,A/USDT:USDT,0.5755,88.0,0.5754,289.0,0.5757,240.0,0.5758,257.0
1753533087878,12:31:27.878,A/USDT:USDT,0.5754,289.0,0.5753,1670.0,0.5756,261.0,0.5757,246.0
1753533087948,12:31:27.948,A/USDT:USDT,0.5753,1670.0,0.5752,4674.0,0.5756,261.0,0.5757,211.0
1753533089642,12:31:29.642,A/USDT:USDT,0.5753,1670.0,0.5752,4674.0,0.5756,261.0,0.5757,211.0
1753533089766,12:31:29.766,A/USDT:USDT,0.5753,1676.0,0.5752,4674.0,0.5756,261.0,0.5757,205.0
1753533089790,12:31:29.790,A/USDT:USDT,0.5753,1676.0,0.5752,4674.0,0.5756,261.0,0.5757,205.0
1753533089973,12:31:29.973,A/USDT:USDT,0.5753,1676.0,0.5752,4674.0,0.5756,261.0,0.5757,205.0
1753533090379,12:31:30.379,A/USDT:USDT,0.5755,88.0,0.5754,557.0,0.5757,211.0,0.5758,716.0
1753533090463,12:31:30.463,A/USDT:USDT,0.5755,88.0,0.5754,551.0,0.5757,211.0,0.5758,716.0
1753533090503,12:31:30.503,A/USDT:USDT,0.5755,88.0,0.5754,551.0,0.5757,211.0,0.5758,257.0
1753533092107,12:31:32.107,A/USDT:USDT,0.5755,88.0,0.5754,551.0,0.5757,205.0,0.5758,257.0
1753533092423,12:31:32.423,A/USDT:USDT,0.5755,88.0,0.5754,551.0,0.5757,205.0,0.5758,257.0
1753533093676,12:31:33.676,A/USDT:USDT,0.5756,88.0,0.5755,355.0,0.5757,2.0,0.5758,257.0
1753533093773,12:31:33.773,A/USDT:USDT,0.5757,88.0,0.5756,290.0,0.5758,259.0,0.5759,997.0
1753533093802,12:31:33.802,A/USDT:USDT,0.5757,88.0,0.5756,290.0,0.5758,259.0,0.5759,997.0
1753533093975,12:31:33.975,A/USDT:USDT,0.5757,88.0,0.5756,290.0,0.5758,265.0,0.5759,997.0
1753533094051,12:31:34.051,A/USDT:USDT,0.5756,88.0,0.5755,551.0,0.5758,265.0,0.5759,997.0
1753533094442,12:31:34.442,A/USDT:USDT,0.5756,88.0,0.5755,551.0,0.5758,265.0,0.5759,997.0
1753533094723,12:31:34.723,A/USDT:USDT,0.5756,88.0,0.5755,551.0,0.5758,294.0,0.5759,997.0
1753533094867,12:31:34.867,A/USDT:USDT,0.5756,94.0,0.5755,551.0,0.5758,288.0,0.5759,624.0
1753533095300,12:31:35.300,A/USDT:USDT,0.5756,94.0,0.5755,551.0,0.5758,288.0,0.5759,624.0
1753533095474,12:31:35.474,A/USDT:USDT,0.5757,88.0,0.5756,563.0,0.5758,2.0,0.5759,269.0
1753533095523,12:31:35.523,A/USDT:USDT,0.5757,88.0,0.5756,563.0,0.5759,271.0,0.576,1819.0
1753533095685,12:31:35.685,A/USDT:USDT,0.5757,88.0,0.5756,563.0,0.5759,271.0,0.576,1819.0
1753533096367,12:31:36.367,A/USDT:USDT,0.5757,88.0,0.5756,563.0,0.5759,277.0,0.576,1819.0
1753533096479,12:31:36.479,A/USDT:USDT,0.5757,88.0,0.5756,557.0,0.5759,277.0,0.576,1819.0
1753533098462,12:31:38.462,A/USDT:USDT,0.5756,349.0,0.5754,261.0,0.5759,283.0,0.576,1819.0
1753533098522,12:31:38.522,A/USDT:USDT,0.5756,349.0,0.5755,290.0,0.5759,283.0,0.576,1819.0
1753533098943,12:31:38.943,A/USDT:USDT,0.5756,349.0,0.5755,290.0,0.5759,283.0,0.576,1819.0
1753533099242,12:31:39.242,A/USDT:USDT,0.5756,349.0,0.5755,290.0,0.5759,283.0,0.576,1819.0
1753533099321,12:31:39.321,A/USDT:USDT,0.5756,349.0,0.5755,290.0,0.5759,283.0,0.576,1819.0
1753533099442,12:31:39.442,A/USDT:USDT,0.5756,349.0,0.5755,290.0,0.5759,283.0,0.576,1819.0
1753533101587,12:31:41.587,A/USDT:USDT,0.5756,349.0,0.5755,290.0,0.5759,277.0,0.576,1819.0
1753533101757,12:31:41.757,A/USDT:USDT,0.5756,349.0,0.5755,290.0,0.5759,283.0,0.576,1819.0
1753533103080,12:31:43.080,A/USDT:USDT,0.5756,361.0,0.5755,290.0,0.5759,283.0,0.576,1819.0
1753533103105,12:31:43.105,A/USDT:USDT,0.5757,88.0,0.5756,551.0,0.5759,283.0,0.576,1819.0
1753533103362,12:31:43.362,A/USDT:USDT,0.5757,88.0,0.5756,551.0,0.5759,277.0,0.576,1819.0
1753533104023,12:31:44.023,A/USDT:USDT,0.5757,88.0,0.5756,551.0,0.5759,277.0,0.576,1819.0
1753533104332,12:31:44.332,A/USDT:USDT,0.5757,88.0,0.5756,551.0,0.5759,312.0,0.576,1819.0
1753533104576,12:31:44.576,A/USDT:USDT,0.5757,88.0,0.5756,551.0,0.5759,312.0,0.576,1819.0
1753533105523,12:31:45.523,A/USDT:USDT,0.5757,88.0,0.5756,551.0,0.5759,277.0,0.576,1819.0
1753533105632,12:31:45.632,A/USDT:USDT,0.5757,88.0,0.5756,551.0,0.5759,283.0,0.576,1819.0
1753533105731,12:31:45.731,A/USDT:USDT,0.5757,88.0,0.5756,551.0,0.5759,277.0,0.576,1819.0
1753533106265,12:31:46.265,A/USDT:USDT,0.5757,88.0,0.5756,551.0,0.5759,303.0,0.576,1819.0
1753533106362,12:31:46.362,A/USDT:USDT,0.5757,88.0,0.5756,551.0,0.5759,309.0,0.576,1819.0
1753533106472,12:31:46.472,A/USDT:USDT,0.5757,88.0,0.5756,551.0,0.5759,309.0,0.576,1819.0
1753533106577,12:31:46.577,A/USDT:USDT,0.5757,94.0,0.5756,551.0,0.5759,303.0,0.576,1819.0
1753533106678,12:31:46.678,A/USDT:USDT,0.5758,100.0,0.5757,552.0,0.5759,2.0,0.5761,258.0
1753533106762,12:31:46.762,A/USDT:USDT,0.5758,94.0,0.5757,546.0,0.5761,1693.0,0.5762,5752.0
1753533106802,12:31:46.802,A/USDT:USDT,0.5758,94.0,0.5757,546.0,0.5761,1693.0,0.5762,5752.0
1753533107023,12:31:47.023,A/USDT:USDT,0.5758,94.0,0.5757,546.0,0.5761,1699.0,0.5762,5752.0
1753533107148,12:31:47.148,A/USDT:USDT,0.5758,94.0,0.5757,546.0,0.576,259.0,0.5761,1699.0
1753533107413,12:31:47.413,A/USDT:USDT,0.5758,94.0,0.5757,546.0,0.576,259.0,0.5761,1699.0
1753533107763,12:31:47.763,A/USDT:USDT,0.5758,353.0,0.5757,546.0,0.5761,1699.0,0.5762,5752.0
1753533107877,12:31:47.877,A/USDT:USDT,0.5758,88.0,0.5757,546.0,0.576,259.0,0.5761,1699.0
1753533108100,12:31:48.100,A/USDT:USDT,0.5758,94.0,0.5757,546.0,0.576,288.0,0.5761,1699.0
1753533108242,12:31:48.242,A/USDT:USDT,0.5758,94.0,0.5757,546.0,0.576,288.0,0.5761,1699.0
1753533108823,12:31:48.823,A/USDT:USDT,0.5758,94.0,0.5757,546.0,0.576,288.0,0.5761,1699.0
1753533109059,12:31:49.059,A/USDT:USDT,0.5758,94.0,0.5757,546.0,0.576,288.0,0.5761,1699.0
1753533111362,12:31:51.362,A/USDT:USDT,0.5758,94.0,0.5757,546.0,0.576,288.0,0.5761,1699.0
1753533111383,12:31:51.383,A/USDT:USDT,0.5758,94.0,0.5757,546.0,0.576,288.0,0.5761,1699.0
1753533111866,12:31:51.866,A/USDT:USDT,0.5758,94.0,0.5757,546.0,0.576,288.0,0.5761,1699.0
1753533111929,12:31:51.929,A/USDT:USDT,0.5758,94.0,0.5757,546.0,0.576,288.0,0.5761,1699.0
1753533112445,12:31:52.445,A/USDT:USDT,0.5758,94.0,0.5757,546.0,0.576,288.0,0.5761,1699.0
1753533113624,12:31:53.624,A/USDT:USDT,0.5758,94.0,0.5757,546.0,0.576,288.0,0.5761,1699.0
1753533114151,12:31:54.151,A/USDT:USDT,0.5758,94.0,0.5757,546.0,0.576,288.0,0.5761,1699.0
1753533114453,12:31:54.453,A/USDT:USDT,0.5758,94.0,0.5757,546.0,0.576,288.0,0.5761,1699.0
1753533115036,12:31:55.036,A/USDT:USDT,0.5758,94.0,0.5757,546.0,0.576,259.0,0.5761,1699.0
1753533115102,12:31:55.102,A/USDT:USDT,0.5758,94.0,0.5757,546.0,0.576,259.0,0.5761,1699.0
1753533115993,12:31:55.993,A/USDT:USDT,0.5758,94.0,0.5757,546.0,0.576,288.0,0.5761,1699.0
1753533116555,12:31:56.555,A/USDT:USDT,0.5758,94.0,0.5757,546.0,0.576,288.0,0.5761,1699.0
1753533116592,12:31:56.592,A/USDT:USDT,0.5758,94.0,0.5757,546.0,0.576,288.0,0.5761,1699.0
1753533116727,12:31:56.727,A/USDT:USDT,0.5758,94.0,0.5757,546.0,0.576,288.0,0.5761,1699.0
1753533116913,12:31:56.913,A/USDT:USDT,0.5758,94.0,0.5757,546.0,0.576,288.0,0.5761,1699.0
1753533116985,12:31:56.985,A/USDT:USDT,0.5758,94.0,0.5757,546.0,0.576,288.0,0.5761,1699.0
1753533117225,12:31:57.225,A/USDT:USDT,0.5758,88.0,0.5757,546.0,0.576,294.0,0.5761,1693.0
1753533117365,12:31:57.365,A/USDT:USDT,0.5758,88.0,0.5757,546.0,0.576,288.0,0.5761,1693.0
1753533117563,12:31:57.563,A/USDT:USDT,0.5758,88.0,0.5757,546.0,0.576,294.0,0.5761,1693.0
1753533117593,12:31:57.593,A/USDT:USDT,0.5758,88.0,0.5757,546.0,0.576,294.0,0.5761,1693.0
1753533118424,12:31:58.424,A/USDT:USDT,0.5758,88.0,0.5757,546.0,0.576,294.0,0.5761,1693.0
1753533119162,12:31:59.162,A/USDT:USDT,0.5757,345.0,0.5756,905.0,0.576,271.0,0.5761,1693.0
1753533119474,12:31:59.474,A/USDT:USDT,0.5758,88.0,0.5757,289.0,0.5759,278.0,0.576,259.0
1753533119543,12:31:59.543,A/USDT:USDT,0.5757,88.0,0.5756,905.0,0.5759,278.0,0.576,259.0
1753533119676,12:31:59.676,A/USDT:USDT,0.5756,616.0,0.5755,289.0,0.5759,273.0,0.576,259.0
1753533119750,12:31:59.750,A/USDT:USDT,0.5756,616.0,0.5755,289.0,0.5759,274.0,0.576,259.0
1753533119861,12:31:59.861,A/USDT:USDT,0.5756,616.0,0.5755,289.0,0.5759,274.0,0.576,259.0
1753533119962,12:31:59.962,A/USDT:USDT,0.5756,616.0,0.5755,289.0,0.5759,274.0,0.576,259.0
1753533120166,12:32:00.166,A/USDT:USDT,0.5756,622.0,0.5755,289.0,0.5759,274.0,0.576,259.0
1753533120385,12:32:00.385,A/USDT:USDT,0.5756,622.0,0.5755,289.0,0.5759,274.0,0.576,259.0
1753533120502,12:32:00.502,A/USDT:USDT,0.5756,622.0,0.5755,289.0,0.5759,274.0,0.576,259.0
1753533120789,12:32:00.789,A/USDT:USDT,0.5756,622.0,0.5755,289.0,0.5759,274.0,0.576,259.0
1753533120883,12:32:00.883,A/USDT:USDT,0.5756,628.0,0.5755,289.0,0.5759,274.0,0.576,259.0
1753533121578,12:32:01.578,A/USDT:USDT,0.5756,628.0,0.5755,289.0,0.5758,266.0,0.5759,274.0
1753533121634,12:32:01.634,A/USDT:USDT,0.5757,88.0,0.5756,911.0,0.5759,280.0,0.576,259.0
1753533121740,12:32:01.740,A/USDT:USDT,0.5757,88.0,0.5756,911.0,0.5759,280.0,0.576,259.0
1753533121840,12:32:01.840,A/USDT:USDT,0.5757,88.0,0.5756,911.0,0.5759,274.0,0.576,259.0
1753533122042,12:32:02.042,A/USDT:USDT,0.5757,88.0,0.5756,911.0,0.5759,268.0,0.576,259.0
1753533122134,12:32:02.134,A/USDT:USDT,0.5757,88.0,0.5756,911.0,0.5759,274.0,0.576,259.0
1753533122717,12:32:02.717,A/USDT:USDT,0.5757,94.0,0.5756,905.0,0.5759,268.0,0.576,259.0
1753533122851,12:32:02.851,A/USDT:USDT,0.5757,88.0,0.5756,905.0,0.5759,268.0,0.576,259.0
1753533123097,12:32:03.097,A/USDT:USDT,0.5757,94.0,0.5756,905.0,0.5759,268.0,0.576,259.0
1753533123225,12:32:03.225,A/USDT:USDT,0.5757,94.0,0.5756,905.0,0.5759,268.0,0.576,259.0
1753533123642,12:32:03.642,A/USDT:USDT,0.5757,94.0,0.5756,905.0,0.5759,268.0,0.576,259.0
1753533123753,12:32:03.753,A/USDT:USDT,0.5757,100.0,0.5756,905.0,0.5759,268.0,0.576,259.0
1753533123838,12:32:03.838,A/USDT:USDT,0.5757,100.0,0.5756,905.0,0.5759,268.0,0.576,259.0
1753533124072,12:32:04.072,A/USDT:USDT,0.5757,100.0,0.5756,905.0,0.5759,268.0,0.576,259.0
1753533124120,12:32:04.120,A/USDT:USDT,0.5757,100.0,0.5756,905.0,0.5759,268.0,0.576,259.0
1753533126890,12:32:06.890,A/USDT:USDT,0.5757,100.0,0.5756,905.0,0.5759,268.0,0.576,259.0
1753533127309,12:32:07.309,A/USDT:USDT,0.5757,100.0,0.5756,905.0,0.5759,268.0,0.576,259.0
1753533128025,12:32:08.025,A/USDT:USDT,0.5757,100.0,0.5756,905.0,0.5759,268.0,0.576,259.0
1753533128190,12:32:08.190,A/USDT:USDT,0.5757,100.0,0.5756,905.0,0.5759,311.0,0.576,259.0
1753533128413,12:32:08.413,A/USDT:USDT,0.5757,88.0,0.5756,905.0,0.5759,317.0,0.576,259.0
1753533128559,12:32:08.559,A/USDT:USDT,0.5757,88.0,0.5756,905.0,0.5758,259.0,0.5759,323.0
1753533128608,12:32:08.608,A/USDT:USDT,0.5757,88.0,0.5756,644.0,0.5758,259.0,0.5759,274.0
1753533128818,12:32:08.818,A/USDT:USDT,0.5757,88.0,0.5756,644.0,0.5758,259.0,0.5759,274.0
1753533128935,12:32:08.935,A/USDT:USDT,0.5757,88.0,0.5756,644.0,0.5758,259.0,0.5759,274.0
1753533129755,12:32:09.755,A/USDT:USDT,0.5757,88.0,0.5756,644.0,0.5758,259.0,0.5759,274.0
1753533130175,12:32:10.175,A/USDT:USDT,0.5757,88.0,0.5756,644.0,0.5758,259.0,0.5759,274.0
1753533130182,12:32:10.182,A/USDT:USDT,0.5757,88.0,0.5756,644.0,0.5758,259.0,0.5759,268.0
1753533131796,12:32:11.796,A/USDT:USDT,0.5757,100.0,0.5756,644.0,0.5759,268.0,0.576,259.0
1753533132208,12:32:12.208,A/USDT:USDT,0.5757,100.0,0.5756,644.0,0.5759,268.0,0.576,259.0
1753533132852,12:32:12.852,A/USDT:USDT,0.5757,100.0,0.5756,644.0,0.5759,268.0,0.576,259.0
1753533133026,12:32:13.026,A/USDT:USDT,0.5757,100.0,0.5756,644.0,0.5759,268.0,0.576,259.0
1753533133549,12:32:13.549,A/USDT:USDT,0.5757,88.0,0.5756,644.0,0.5759,280.0,0.576,259.0
1753533134259,12:32:14.259,A/USDT:USDT,0.5757,88.0,0.5756,644.0,0.5759,312.0,0.576,259.0
1753533134489,12:32:14.489,A/USDT:USDT,0.5757,88.0,0.5756,644.0,0.5759,318.0,0.576,259.0
1753533134659,12:32:14.659,A/USDT:USDT,0.5757,88.0,0.5756,644.0,0.5759,312.0,0.576,259.0
1753533134790,12:32:14.790,A/USDT:USDT,0.5757,88.0,0.5756,644.0,0.5759,312.0,0.576,259.0
1753533135203,12:32:15.203,A/USDT:USDT,0.5757,88.0,0.5756,644.0,0.5759,312.0,0.576,259.0
1753533135602,12:32:15.602,A/USDT:USDT,0.5757,88.0,0.5756,644.0,0.5759,312.0,0.576,259.0
1753533135785,12:32:15.785,A/USDT:USDT,0.5757,100.0,0.5756,644.0,0.5759,306.0,0.576,259.0
1753533135911,12:32:15.911,A/USDT:USDT,0.5757,100.0,0.5756,644.0,0.5759,306.0,0.576,259.0
1753533136076,12:32:16.076,A/USDT:USDT,0.5758,88.0,0.5757,289.0,0.5759,306.0,0.576,259.0
1753533136087,12:32:16.087,A/USDT:USDT,0.5758,88.0,0.5757,289.0,0.5759,304.0,0.576,261.0
1753533137624,12:32:17.624,A/USDT:USDT,0.5758,88.0,0.5757,289.0,0.5759,304.0,0.576,261.0
1753533137866,12:32:17.866,A/USDT:USDT,0.5758,88.0,0.5757,289.0,0.5759,304.0,0.576,261.0
1753533139083,12:32:19.083,A/USDT:USDT,0.5758,88.0,0.5757,289.0,0.5759,304.0,0.576,261.0
1753533139318,12:32:19.318,A/USDT:USDT,0.5758,88.0,0.5757,289.0,0.5759,304.0,0.576,261.0
1753533139511,12:32:19.511,A/USDT:USDT,0.5758,88.0,0.5757,289.0,0.5759,304.0,0.576,261.0
1753533140176,12:32:20.176,A/USDT:USDT,0.5758,94.0,0.5757,289.0,0.5759,38.0,0.576,261.0
1753533140318,12:32:20.318,A/USDT:USDT,0.5758,88.0,0.5757,289.0,0.5759,38.0,0.576,261.0
1753533140402,12:32:20.402,A/USDT:USDT,0.5758,88.0,0.5757,289.0,0.5759,38.0,0.576,261.0
1753533141197,12:32:21.197,A/USDT:USDT,0.5758,88.0,0.5757,289.0,0.5759,303.0,0.576,261.0
1753533141495,12:32:21.495,A/USDT:USDT,0.5758,88.0,0.5757,289.0,0.5759,303.0,0.576,261.0
1753533142438,12:32:22.438,A/USDT:USDT,0.5758,88.0,0.5757,289.0,0.5759,303.0,0.576,261.0
1753533143543,12:32:23.543,A/USDT:USDT,0.5758,88.0,0.5757,289.0,0.5759,303.0,0.576,261.0
1753533143618,12:32:23.618,A/USDT:USDT,0.5758,88.0,0.5757,289.0,0.5759,303.0,0.576,261.0
1753533143917,12:32:23.917,A/USDT:USDT,0.5758,88.0,0.5757,289.0,0.5759,303.0,0.576,261.0
1753533144543,12:32:24.543,A/USDT:USDT,0.5758,88.0,0.5757,289.0,0.5759,303.0,0.576,261.0
1753533144694,12:32:24.694,A/USDT:USDT,0.5758,88.0,0.5757,289.0,0.5759,303.0,0.576,261.0
1753533145138,12:32:25.138,A/USDT:USDT,0.5758,94.0,0.5757,289.0,0.5759,303.0,0.576,261.0
1753533146002,12:32:26.002,A/USDT:USDT,0.5758,94.0,0.5757,289.0,0.5759,303.0,0.576,261.0
1753533146357,12:32:26.357,A/USDT:USDT,0.5758,94.0,0.5757,289.0,0.5759,303.0,0.576,261.0
1753533147032,12:32:27.032,A/USDT:USDT,0.5758,88.0,0.5757,289.0,0.5759,303.0,0.576,261.0
1753533147266,12:32:27.266,A/USDT:USDT,0.5758,88.0,0.5757,289.0,0.5759,303.0,0.576,261.0
1753533147870,12:32:27.870,A/USDT:USDT,0.5758,94.0,0.5757,289.0,0.5759,303.0,0.576,261.0
1753533148021,12:32:28.021,A/USDT:USDT,0.5758,94.0,0.5757,289.0,0.5759,303.0,0.576,261.0
1753533148277,12:32:28.277,A/USDT:USDT,0.5758,94.0,0.5757,289.0,0.5759,303.0,0.576,261.0
1753533148450,12:32:28.450,A/USDT:USDT,0.5758,88.0,0.5757,289.0,0.5759,303.0,0.576,261.0
1753533148521,12:32:28.521,A/USDT:USDT,0.5758,94.0,0.5757,289.0,0.5759,303.0,0.576,261.0
1753533148762,12:32:28.762,A/USDT:USDT,0.5758,94.0,0.5757,289.0,0.5759,303.0,0.576,261.0
1753533149306,12:32:29.306,A/USDT:USDT,0.5758,94.0,0.5757,289.0,0.5759,303.0,0.576,261.0
1753533149699,12:32:29.699,A/USDT:USDT,0.5758,94.0,0.5757,289.0,0.5759,303.0,0.576,261.0
1753533151462,12:32:31.462,A/USDT:USDT,0.5758,94.0,0.5757,289.0,0.5759,303.0,0.576,261.0
1753533151704,12:32:31.704,A/USDT:USDT,0.5758,94.0,0.5757,289.0,0.5759,303.0,0.576,261.0
1753533152025,12:32:32.025,A/USDT:USDT,0.5758,94.0,0.5757,289.0,0.5759,303.0,0.576,261.0
1753533152556,12:32:32.556,A/USDT:USDT,0.5758,94.0,0.5757,289.0,0.5759,303.0,0.576,261.0
1753533152817,12:32:32.817,A/USDT:USDT,0.5758,94.0,0.5757,289.0,0.5759,303.0,0.576,261.0
1753533152968,12:32:32.968,A/USDT:USDT,0.5758,94.0,0.5757,289.0,0.5759,303.0,0.576,261.0
1753533153021,12:32:33.021,A/USDT:USDT,0.5757,100.0,0.5756,644.0,0.5759,303.0,0.576,261.0
1753533153198,12:32:33.198,A/USDT:USDT,0.5757,100.0,0.5756,644.0,0.5759,303.0,0.576,261.0
1753533153340,12:32:33.340,A/USDT:USDT,0.5757,100.0,0.5756,644.0,0.5759,303.0,0.576,261.0
1753533154139,12:32:34.139,A/USDT:USDT,0.5757,94.0,0.5756,644.0,0.5759,303.0,0.576,261.0
1753533154577,12:32:34.577,A/USDT:USDT,0.5757,100.0,0.5756,644.0,0.5759,303.0,0.576,261.0
1753533155574,12:32:35.574,A/USDT:USDT,0.5757,88.0,0.5756,644.0,0.5758,262.0,0.5759,271.0
1753533155675,12:32:35.675,A/USDT:USDT,0.5757,88.0,0.5756,644.0,0.5759,265.0,0.576,261.0
1753533155696,12:32:35.696,A/USDT:USDT,0.5757,88.0,0.5756,644.0,0.5759,265.0,0.576,261.0
1753533155784,12:32:35.784,A/USDT:USDT,0.5757,88.0,0.5756,644.0,0.5759,265.0,0.576,261.0
1753533155954,12:32:35.954,A/USDT:USDT,0.5757,94.0,0.5756,644.0,0.5759,265.0,0.576,261.0
1753533156071,12:32:36.071,A/USDT:USDT,0.5757,94.0,0.5756,644.0,0.5759,265.0,0.576,261.0
1753533156330,12:32:36.330,A/USDT:USDT,0.5757,100.0,0.5756,644.0,0.5759,265.0,0.576,261.0
1753533156825,12:32:36.825,A/USDT:USDT,0.5757,100.0,0.5756,644.0,0.5759,265.0,0.576,261.0
1753533157003,12:32:37.003,A/USDT:USDT,0.5757,100.0,0.5756,644.0,0.5759,265.0,0.576,261.0
1753533157179,12:32:37.179,A/USDT:USDT,0.5758,88.0,0.5757,555.0,0.576,267.0,0.5761,1691.0
1753533157261,12:32:37.261,A/USDT:USDT,0.5758,88.0,0.5757,555.0,0.576,267.0,0.5761,1691.0
1753533161625,12:32:41.625,A/USDT:USDT,0.5758,88.0,0.5757,555.0,0.576,267.0,0.5761,1691.0
1753533162481,12:32:42.481,A/USDT:USDT,0.5758,88.0,0.5757,555.0,0.576,267.0,0.5761,1691.0
1753533163165,12:32:43.165,A/USDT:USDT,0.5758,88.0,0.5757,555.0,0.576,267.0,0.5761,1691.0
1753533163372,12:32:43.372,A/USDT:USDT,0.5758,88.0,0.5757,555.0,0.576,267.0,0.5761,1691.0
1753533163575,12:32:43.575,A/USDT:USDT,0.5758,94.0,0.5757,549.0,0.576,261.0,0.5761,1691.0
1753533163590,12:32:43.590,A/USDT:USDT,0.5758,88.0,0.5757,549.0,0.576,290.0,0.5761,1691.0
1753533164478,12:32:44.478,A/USDT:USDT,0.5758,88.0,0.5757,549.0,0.576,290.0,0.5761,1691.0
1753533164483,12:32:44.483,A/USDT:USDT,0.5758,94.0,0.5757,549.0,0.576,290.0,0.5761,1691.0
1753533164653,12:32:44.653,A/USDT:USDT,0.5758,94.0,0.5757,549.0,0.576,290.0,0.5761,1691.0
1753533164833,12:32:44.833,A/USDT:USDT,0.5758,94.0,0.5757,549.0,0.576,290.0,0.5761,1691.0
1753533165652,12:32:45.652,A/USDT:USDT,0.5758,88.0,0.5757,549.0,0.576,290.0,0.5761,1691.0
1753533166425,12:32:46.425,A/USDT:USDT,0.5758,88.0,0.5757,549.0,0.576,290.0,0.5761,1691.0
1753533167176,12:32:47.176,A/USDT:USDT,0.5758,88.0,0.5757,549.0,0.576,296.0,0.5761,1691.0
1753533167261,12:32:47.261,A/USDT:USDT,0.5758,88.0,0.5757,549.0,0.576,296.0,0.5761,1691.0
1753533167523,12:32:47.523,A/USDT:USDT,0.5758,94.0,0.5757,549.0,0.576,290.0,0.5761,1691.0
1753533167667,12:32:47.667,A/USDT:USDT,0.5758,88.0,0.5757,549.0,0.576,290.0,0.5761,1691.0
1753533167702,12:32:47.702,A/USDT:USDT,0.5758,88.0,0.5757,549.0,0.576,296.0,0.5761,1691.0
1753533168698,12:32:48.698,A/USDT:USDT,0.5758,88.0,0.5757,289.0,0.5759,261.0,0.576,261.0
1753533168850,12:32:48.850,A/USDT:USDT,0.5758,88.0,0.5757,289.0,0.5759,290.0,0.576,261.0
1753533170774,12:32:50.774,A/USDT:USDT,0.5757,88.0,0.5756,550.0,0.5759,302.0,0.576,261.0
1753533170804,12:32:50.804,A/USDT:USDT,0.5757,88.0,0.5756,550.0,0.5759,302.0,0.576,261.0
1753533170916,12:32:50.916,A/USDT:USDT,0.5757,88.0,0.5756,550.0,0.5759,302.0,0.576,261.0
1753533171099,12:32:51.099,A/USDT:USDT,0.5757,88.0,0.5756,550.0,0.5759,302.0,0.576,261.0
1753533171225,12:32:51.225,A/USDT:USDT,0.5757,88.0,0.5756,550.0,0.5759,302.0,0.576,261.0
1753533171769,12:32:51.769,A/USDT:USDT,0.5757,88.0,0.5756,550.0,0.5759,302.0,0.576,261.0
1753533171784,12:32:51.784,A/USDT:USDT,0.5757,88.0,0.5756,550.0,0.5759,302.0,0.576,261.0
1753533171922,12:32:51.922,A/USDT:USDT,0.5757,94.0,0.5756,550.0,0.5759,296.0,0.576,261.0
1753533172217,12:32:52.217,A/USDT:USDT,0.5757,88.0,0.5756,550.0,0.5759,302.0,0.576,261.0
1753533173177,12:32:53.177,A/USDT:USDT,0.5757,100.0,0.5756,550.0,0.5759,290.0,0.576,261.0
1753533173196,12:32:53.196,A/USDT:USDT,0.5757,94.0,0.5756,550.0,0.5759,296.0,0.576,261.0
1753533174375,12:32:54.375,A/USDT:USDT,0.5757,94.0,0.5756,550.0,0.5759,290.0,0.576,261.0
1753533175139,12:32:55.139,A/USDT:USDT,0.5757,100.0,0.5756,550.0,0.5759,290.0,0.576,261.0
1753533176025,12:32:56.025,A/USDT:USDT,0.5757,100.0,0.5756,550.0,0.5759,290.0,0.576,261.0
1753533180463,12:33:00.463,A/USDT:USDT,0.5757,100.0,0.5756,550.0,0.5759,290.0,0.576,261.0
1753533180842,12:33:00.842,A/USDT:USDT,0.5757,100.0,0.5756,550.0,0.5759,290.0,0.576,261.0
1753533181070,12:33:01.070,A/USDT:USDT,0.5757,88.0,0.5756,289.0,0.5758,268.0,0.5759,261.0
1753533181179,12:33:01.179,A/USDT:USDT,0.5755,259.0,0.5754,628.0,0.5758,268.0,0.5759,261.0
1753533181258,12:33:01.258,A/USDT:USDT,0.5755,268.0,0.5754,550.0,0.5758,2.0,0.5759,261.0
1753533181362,12:33:01.362,A/USDT:USDT,0.5756,88.0,0.5755,557.0,0.5758,280.0,0.5759,618.0
1753533181435,12:33:01.435,A/USDT:USDT,0.5756,88.0,0.5755,557.0,0.5758,280.0,0.5759,618.0
1753533181602,12:33:01.602,A/USDT:USDT,0.5756,88.0,0.5755,557.0,0.5758,280.0,0.5759,618.0
1753533182017,12:33:02.017,A/USDT:USDT,0.5756,88.0,0.5755,557.0,0.5758,280.0,0.5759,618.0
1753533182168,12:33:02.168,A/USDT:USDT,0.5756,88.0,0.5755,557.0,0.5758,317.0,0.5759,618.0
1753533182203,12:33:02.203,A/USDT:USDT,0.5756,88.0,0.5755,548.0,0.5758,317.0,0.5759,618.0
1753533182623,12:33:02.623,A/USDT:USDT,0.5756,88.0,0.5755,548.0,0.5758,317.0,0.5759,618.0
1753533183862,12:33:03.862,A/USDT:USDT,0.5756,88.0,0.5755,548.0,0.5758,317.0,0.5759,618.0
1753533184129,12:33:04.129,A/USDT:USDT,0.5756,88.0,0.5755,548.0,0.5758,317.0,0.5759,618.0
1753533184409,12:33:04.409,A/USDT:USDT,0.5756,88.0,0.5755,548.0,0.5758,305.0,0.5759,618.0
1753533184599,12:33:04.599,A/USDT:USDT,0.5756,88.0,0.5755,548.0,0.5758,311.0,0.5759,618.0
1753533184793,12:33:04.793,A/USDT:USDT,0.5756,94.0,0.5755,548.0,0.5758,305.0,0.5759,618.0
1753533185169,12:33:05.169,A/USDT:USDT,0.5756,94.0,0.5755,548.0,0.5758,305.0,0.5759,618.0
1753533185467,12:33:05.467,A/USDT:USDT,0.5756,94.0,0.5755,548.0,0.5758,305.0,0.5759,618.0
1753533185664,12:33:05.664,A/USDT:USDT,0.5756,94.0,0.5755,548.0,0.5758,305.0,0.5759,618.0
1753533185713,12:33:05.713,A/USDT:USDT,0.5756,94.0,0.5755,548.0,0.5758,305.0,0.5759,618.0
1753533186212,12:33:06.212,A/USDT:USDT,0.5756,94.0,0.5755,548.0,0.5758,305.0,0.5759,618.0
1753533186468,12:33:06.468,A/USDT:USDT,0.5756,94.0,0.5755,548.0,0.5758,305.0,0.5759,618.0
1753533186486,12:33:06.486,A/USDT:USDT,0.5756,94.0,0.5755,548.0,0.5758,305.0,0.5759,618.0
1753533186952,12:33:06.952,A/USDT:USDT,0.5756,94.0,0.5755,548.0,0.5758,305.0,0.5759,618.0
1753533187145,12:33:07.145,A/USDT:USDT,0.5756,88.0,0.5755,548.0,0.5758,305.0,0.5759,618.0
1753533187232,12:33:07.232,A/USDT:USDT,0.5756,88.0,0.5755,548.0,0.5758,305.0,0.5759,618.0
1753533187322,12:33:07.322,A/USDT:USDT,0.5756,94.0,0.5755,548.0,0.5758,305.0,0.5759,618.0
1753533187416,12:33:07.416,A/USDT:USDT,0.5756,94.0,0.5755,548.0,0.5758,305.0,0.5759,618.0
1753533188391,12:33:08.391,A/USDT:USDT,0.5756,100.0,0.5755,548.0,0.5758,305.0,0.5759,618.0
1753533188527,12:33:08.527,A/USDT:USDT,0.5756,100.0,0.5755,548.0,0.5758,305.0,0.5759,263.0
1753533189738,12:33:09.738,A/USDT:USDT,0.5756,94.0,0.5755,548.0,0.5758,305.0,0.5759,263.0
1753533190426,12:33:10.426,A/USDT:USDT,0.5756,94.0,0.5755,548.0,0.5758,305.0,0.5759,263.0
1753533190734,12:33:10.734,A/USDT:USDT,0.5756,369.0,0.5755,548.0,0.5758,277.0,0.5759,263.0
1753533190956,12:33:10.956,A/USDT:USDT,0.5756,369.0,0.5755,548.0,0.5758,9.0,0.5759,263.0
1753533191061,12:33:11.061,A/USDT:USDT,0.5756,369.0,0.5755,548.0,0.5758,9.0,0.5759,263.0
1753533191202,12:33:11.202,A/USDT:USDT,0.5756,369.0,0.5755,548.0,0.5758,9.0,0.5759,263.0
1753533191977,12:33:11.977,A/USDT:USDT,0.5756,363.0,0.5755,548.0,0.5758,278.0,0.5759,263.0
1753533192038,12:33:12.038,A/USDT:USDT,0.5756,88.0,0.5755,548.0,0.5758,290.0,0.5759,263.0
1753533192757,12:33:12.757,A/USDT:USDT,0.5756,100.0,0.5755,548.0,0.5758,278.0,0.5759,263.0
1753533192800,12:33:12.800,A/USDT:USDT,0.5756,100.0,0.5755,548.0,0.5758,278.0,0.5759,263.0
1753533194012,12:33:14.012,A/USDT:USDT,0.5756,100.0,0.5755,548.0,0.5758,278.0,0.5759,263.0
1753533194207,12:33:14.207,A/USDT:USDT,0.5756,88.0,0.5755,548.0,0.5758,290.0,0.5759,263.0
1753533195226,12:33:15.226,A/USDT:USDT,0.5756,88.0,0.5755,548.0,0.5758,290.0,0.5759,263.0
1753533195548,12:33:15.548,A/USDT:USDT,0.5756,88.0,0.5755,548.0,0.5758,290.0,0.5759,263.0
1753533195642,12:33:15.642,A/USDT:USDT,0.5756,88.0,0.5755,548.0,0.5758,290.0,0.5759,263.0
1753533196256,12:33:16.256,A/USDT:USDT,0.5756,100.0,0.5755,548.0,0.5758,278.0,0.5759,263.0
1753533196335,12:33:16.335,A/USDT:USDT,0.5756,100.0,0.5755,548.0,0.5758,278.0,0.5759,263.0
1753533196834,12:33:16.834,A/USDT:USDT,0.5756,100.0,0.5755,548.0,0.5758,278.0,0.5759,263.0
1753533197949,12:33:17.949,A/USDT:USDT,0.5756,94.0,0.5755,548.0,0.5758,284.0,0.5759,263.0
1753533198484,12:33:18.484,A/USDT:USDT,0.5756,94.0,0.5755,548.0,0.5758,284.0,0.5759,263.0
1753533198883,12:33:18.883,A/USDT:USDT,0.5756,100.0,0.5755,548.0,0.5758,278.0,0.5759,263.0
1753533198990,12:33:18.990,A/USDT:USDT,0.5756,100.0,0.5755,548.0,0.5758,278.0,0.5759,263.0
1753533199582,12:33:19.582,A/USDT:USDT,0.5756,100.0,0.5755,548.0,0.5758,278.0,0.5759,263.0
1753533199815,12:33:19.815,A/USDT:USDT,0.5756,100.0,0.5755,548.0,0.5758,278.0,0.5759,263.0
1753533200038,12:33:20.038,A/USDT:USDT,0.5756,100.0,0.5755,548.0,0.5758,278.0,0.5759,263.0
1753533201440,12:33:21.440,A/USDT:USDT,0.5756,100.0,0.5755,548.0,0.5758,278.0,0.5759,263.0
1753533201520,12:33:21.520,A/USDT:USDT,0.5756,100.0,0.5755,548.0,0.5758,278.0,0.5759,263.0
1753533201968,12:33:21.968,A/USDT:USDT,0.5756,100.0,0.5755,548.0,0.5758,278.0,0.5759,263.0
1753533202166,12:33:22.166,A/USDT:USDT,0.5756,100.0,0.5755,548.0,0.5758,278.0,0.5759,263.0
1753533202290,12:33:22.290,A/USDT:USDT,0.5756,100.0,0.5755,548.0,0.5758,278.0,0.5759,263.0
1753533204826,12:33:24.826,A/USDT:USDT,0.5756,100.0,0.5755,548.0,0.5758,278.0,0.5759,263.0
1753533206079,12:33:26.079,A/USDT:USDT,0.5756,368.0,0.5755,548.0,0.5758,269.0,0.5759,263.0
1753533206093,12:33:26.093,A/USDT:USDT,0.5756,368.0,0.5755,548.0,0.5758,36.0,0.5759,263.0
1753533206569,12:33:26.569,A/USDT:USDT,0.5756,368.0,0.5755,548.0,0.5758,36.0,0.5759,263.0
1753533206628,12:33:26.628,A/USDT:USDT,0.5756,368.0,0.5755,548.0,0.5758,36.0,0.5759,263.0
1753533206959,12:33:26.959,A/USDT:USDT,0.5756,368.0,0.5755,548.0,0.5758,36.0,0.5759,263.0
1753533207518,12:33:27.518,A/USDT:USDT,0.5756,368.0,0.5755,548.0,0.5758,36.0,0.5759,263.0
1753533207641,12:33:27.641,A/USDT:USDT,0.5756,368.0,0.5755,548.0,0.5758,36.0,0.5759,263.0
1753533207765,12:33:27.765,A/USDT:USDT,0.5756,368.0,0.5755,548.0,0.5758,36.0,0.5759,263.0
1753533207895,12:33:27.895,A/USDT:USDT,0.5756,368.0,0.5755,548.0,0.5758,36.0,0.5759,263.0
1753533208120,12:33:28.120,A/USDT:USDT,0.5756,368.0,0.5755,548.0,0.5758,36.0,0.5759,263.0
1753533208214,12:33:28.214,A/USDT:USDT,0.5756,368.0,0.5755,548.0,0.5758,36.0,0.5759,263.0
1753533208608,12:33:28.608,A/USDT:USDT,0.5756,368.0,0.5755,548.0,0.5758,36.0,0.5759,263.0
1753533208955,12:33:28.955,A/USDT:USDT,0.5757,355.0,0.5756,563.0,0.5759,263.0,0.576,813.0
1753533209038,12:33:29.038,A/USDT:USDT,0.5757,94.0,0.5756,563.0,0.5759,263.0,0.576,813.0
1753533209153,12:33:29.153,A/USDT:USDT,0.5757,88.0,0.5756,563.0,0.5759,263.0,0.576,813.0
1753533209203,12:33:29.203,A/USDT:USDT,0.5757,94.0,0.5756,563.0,0.5759,290.0,0.576,813.0
1753533209636,12:33:29.636,A/USDT:USDT,0.5757,88.0,0.5756,563.0,0.5759,290.0,0.576,813.0
1753533209683,12:33:29.683,A/USDT:USDT,0.5757,94.0,0.5756,563.0,0.5759,290.0,0.576,813.0
1753533209837,12:33:29.837,A/USDT:USDT,0.5757,88.0,0.5756,563.0,0.5759,290.0,0.576,813.0
1753533209883,12:33:29.883,A/USDT:USDT,0.5757,94.0,0.5756,563.0,0.5759,290.0,0.576,813.0
1753533210126,12:33:30.126,A/USDT:USDT,0.5757,94.0,0.5756,563.0,0.5759,290.0,0.576,813.0
1753533210880,12:33:30.880,A/USDT:USDT,0.5757,94.0,0.5756,563.0,0.5759,290.0,0.576,813.0
1753533211019,12:33:31.019,A/USDT:USDT,0.5757,94.0,0.5756,563.0,0.5759,290.0,0.576,813.0
1753533211117,12:33:31.117,A/USDT:USDT,0.5757,88.0,0.5756,557.0,0.5759,296.0,0.576,813.0
1753533211189,12:33:31.189,A/USDT:USDT,0.5757,88.0,0.5756,557.0,0.5759,296.0,0.576,813.0
1753533213633,12:33:33.633,A/USDT:USDT,0.5757,88.0,0.5756,557.0,0.5759,296.0,0.576,813.0
1753533213779,12:33:33.779,A/USDT:USDT,0.5756,268.0,0.5754,261.0,0.5758,261.0,0.5759,302.0
1753533213872,12:33:33.872,A/USDT:USDT,0.5754,261.0,0.5753,2023.0,0.5758,261.0,0.5759,263.0
1753533213962,12:33:33.962,A/USDT:USDT,0.5757,88.0,0.5756,289.0,0.5758,261.0,0.5759,263.0
1753533214077,12:33:34.077,A/USDT:USDT,0.5757,88.0,0.5756,289.0,0.5758,261.0,0.5759,269.0
1753533214360,12:33:34.360,A/USDT:USDT,0.5757,88.0,0.5756,289.0,0.5758,261.0,0.5759,269.0
1753533214426,12:33:34.426,A/USDT:USDT,0.5757,88.0,0.5756,289.0,0.5758,261.0,0.5759,269.0
1753533214852,12:33:34.852,A/USDT:USDT,0.5757,88.0,0.5756,289.0,0.5758,273.0,0.5759,269.0
1753533214964,12:33:34.964,A/USDT:USDT,0.5757,88.0,0.5756,289.0,0.5758,273.0,0.5759,269.0
1753533215159,12:33:35.159,A/USDT:USDT,0.5757,88.0,0.5756,289.0,0.5758,273.0,0.5759,269.0
1753533215248,12:33:35.248,A/USDT:USDT,0.5757,88.0,0.5756,289.0,0.5758,305.0,0.5759,269.0
1753533215593,12:33:35.593,A/USDT:USDT,0.5757,88.0,0.5756,289.0,0.5758,305.0,0.5759,269.0
1753533215792,12:33:35.792,A/USDT:USDT,0.5757,88.0,0.5756,289.0,0.5758,305.0,0.5759,269.0
1753533215900,12:33:35.900,A/USDT:USDT,0.5757,88.0,0.5756,289.0,0.5758,305.0,0.5759,269.0
1753533216179,12:33:36.179,A/USDT:USDT,0.5757,88.0,0.5756,289.0,0.5758,299.0,0.5759,263.0
1753533216231,12:33:36.231,A/USDT:USDT,0.5757,88.0,0.5756,289.0,0.5758,299.0,0.5759,263.0
1753533216317,12:33:36.317,A/USDT:USDT,0.5757,88.0,0.5756,289.0,0.5758,305.0,0.5759,263.0
1753533216384,12:33:36.384,A/USDT:USDT,0.5757,88.0,0.5756,289.0,0.5758,305.0,0.5759,263.0
1753533217960,12:33:37.960,A/USDT:USDT,0.5754,261.0,0.5753,2023.0,0.5758,293.0,0.5759,263.0
1753533218048,12:33:38.048,A/USDT:USDT,0.5756,88.0,0.5755,555.0,0.5758,305.0,0.5759,263.0
1753533218166,12:33:38.166,A/USDT:USDT,0.5756,88.0,0.5755,555.0,0.5758,305.0,0.5759,263.0
1753533218453,12:33:38.453,A/USDT:USDT,0.5756,88.0,0.5755,289.0,0.5757,272.0,0.5758,267.0
1753533218483,12:33:38.483,A/USDT:USDT,0.5756,88.0,0.5755,289.0,0.5757,266.0,0.5758,267.0
1753533218767,12:33:38.767,A/USDT:USDT,0.5756,88.0,0.5755,289.0,0.5758,273.0,0.5759,618.0
1753533218819,12:33:38.819,A/USDT:USDT,0.5756,88.0,0.5755,289.0,0.5758,267.0,0.5759,618.0
1753533218978,12:33:38.978,A/USDT:USDT,0.5756,88.0,0.5755,289.0,0.5758,267.0,0.5759,618.0
1753533218996,12:33:38.996,A/USDT:USDT,0.5756,88.0,0.5755,289.0,0.5758,267.0,0.5759,618.0
1753533219132,12:33:39.132,A/USDT:USDT,0.5756,88.0,0.5755,289.0,0.5758,267.0,0.5759,618.0
1753533219254,12:33:39.254,A/USDT:USDT,0.5756,88.0,0.5755,289.0,0.5758,267.0,0.5759,618.0
1753533219504,12:33:39.504,A/USDT:USDT,0.5756,88.0,0.5755,289.0,0.5758,273.0,0.5759,618.0
1753533224042,12:33:44.042,A/USDT:USDT,0.5756,88.0,0.5755,289.0,0.5758,273.0,0.5759,618.0
1753533225451,12:33:45.451,A/USDT:USDT,0.5756,88.0,0.5755,289.0,0.5758,273.0,0.5759,618.0
1753533225512,12:33:45.512,A/USDT:USDT,0.5756,94.0,0.5755,289.0,0.5758,309.0,0.5759,618.0
1753533226471,12:33:46.471,A/USDT:USDT,0.5756,94.0,0.5755,289.0,0.5758,297.0,0.5759,618.0
1753533227168,12:33:47.168,A/USDT:USDT,0.5756,94.0,0.5755,289.0,0.5758,303.0,0.5759,618.0
1753533227474,12:33:47.474,A/USDT:USDT,0.5756,94.0,0.5755,289.0,0.5758,297.0,0.5759,618.0
1753533228103,12:33:48.103,A/USDT:USDT,0.5756,100.0,0.5755,289.0,0.5758,297.0,0.5759,263.0
1753533228827,12:33:48.827,A/USDT:USDT,0.5756,100.0,0.5755,289.0,0.5758,297.0,0.5759,263.0
1753533228892,12:33:48.892,A/USDT:USDT,0.5756,365.0,0.5755,289.0,0.5758,36.0,0.5759,263.0
1753533229463,12:33:49.463,A/USDT:USDT,0.5754,261.0,0.5753,1959.0,0.5758,307.0,0.5759,263.0
1753533229722,12:33:49.722,A/USDT:USDT,0.5754,261.0,0.5753,1959.0,0.5758,307.0,0.5759,263.0
1753533229801,12:33:49.801,A/USDT:USDT,0.5754,261.0,0.5753,1959.0,0.5758,307.0,0.5759,263.0
1753533231123,12:33:51.123,A/USDT:USDT,0.5756,88.0,0.5755,289.0,0.5757,265.0,0.5758,265.0
1753533231259,12:33:51.259,A/USDT:USDT,0.5756,88.0,0.5755,289.0,0.5758,277.0,0.5759,263.0
1753533231345,12:33:51.345,A/USDT:USDT,0.5756,88.0,0.5755,289.0,0.5758,277.0,0.5759,263.0
1753533231553,12:33:51.553,A/USDT:USDT,0.5756,88.0,0.5755,289.0,0.5757,265.0,0.5758,277.0
1753533231719,12:33:51.719,A/USDT:USDT,0.5756,88.0,0.5755,289.0,0.5757,265.0,0.5758,277.0
1753533232071,12:33:52.071,A/USDT:USDT,0.5756,88.0,0.5755,295.0,0.5757,303.0,0.5758,265.0
1753533233048,12:33:53.048,A/USDT:USDT,0.5756,88.0,0.5755,289.0,0.5757,303.0,0.5758,265.0
1753533233627,12:33:53.627,A/USDT:USDT,0.5756,88.0,0.5755,289.0,0.5757,303.0,0.5758,265.0
1753533238427,12:33:58.427,A/USDT:USDT,0.5756,88.0,0.5755,289.0,0.5757,303.0,0.5758,265.0
1753533239176,12:33:59.176,A/USDT:USDT,0.5756,88.0,0.5755,289.0,0.5757,265.0,0.5758,265.0
1753533239197,12:33:59.197,A/USDT:USDT,0.5756,88.0,0.5755,289.0,0.5758,277.0,0.5759,263.0
1753533240489,12:34:00.489,A/USDT:USDT,0.5756,88.0,0.5755,289.0,0.5758,265.0,0.5759,263.0
1753533242173,12:34:02.173,A/USDT:USDT,0.5756,88.0,0.5755,289.0,0.5758,309.0,0.5759,263.0
1753533243227,12:34:03.227,A/USDT:USDT,0.5756,88.0,0.5755,289.0,0.5758,309.0,0.5759,263.0
1753533243323,12:34:03.323,A/USDT:USDT,0.5756,94.0,0.5755,289.0,0.5758,303.0,0.5759,263.0
1753533244060,12:34:04.060,A/USDT:USDT,0.5756,94.0,0.5755,289.0,0.5758,309.0,0.5759,263.0
1753533244174,12:34:04.174,A/USDT:USDT,0.5756,364.0,0.5755,289.0,0.5758,265.0,0.5759,263.0
1753533244251,12:34:04.251,A/USDT:USDT,0.5756,364.0,0.5755,289.0,0.5758,29.0,0.5759,263.0
1753533244354,12:34:04.354,A/USDT:USDT,0.5756,364.0,0.5755,289.0,0.5758,29.0,0.5759,263.0
1753533244402,12:34:04.402,A/USDT:USDT,0.5756,364.0,0.5755,289.0,0.5758,29.0,0.5759,263.0
1753533244533,12:34:04.533,A/USDT:USDT,0.5756,364.0,0.5755,289.0,0.5758,293.0,0.5759,263.0
1753533244648,12:34:04.648,A/USDT:USDT,0.5756,364.0,0.5755,289.0,0.5758,293.0,0.5759,263.0
1753533245040,12:34:05.040,A/USDT:USDT,0.5756,364.0,0.5755,289.0,0.5758,293.0,0.5759,263.0
1753533245171,12:34:05.171,A/USDT:USDT,0.5756,364.0,0.5755,289.0,0.5758,29.0,0.5759,263.0
1753533245309,12:34:05.309,A/USDT:USDT,0.5756,364.0,0.5755,289.0,0.5758,29.0,0.5759,263.0
1753533245464,12:34:05.464,A/USDT:USDT,0.5756,364.0,0.5755,289.0,0.5758,29.0,0.5759,263.0
1753533246538,12:34:06.538,A/USDT:USDT,0.5756,364.0,0.5755,289.0,0.5758,293.0,0.5759,263.0
1753533248027,12:34:08.027,A/USDT:USDT,0.5756,364.0,0.5755,289.0,0.5758,293.0,0.5759,263.0
1753533248295,12:34:08.295,A/USDT:USDT,0.5756,364.0,0.5755,289.0,0.5758,293.0,0.5759,263.0
1753533248832,12:34:08.832,A/USDT:USDT,0.5756,364.0,0.5755,289.0,0.5758,293.0,0.5759,263.0
1753533249131,12:34:09.131,A/USDT:USDT,0.5756,364.0,0.5755,289.0,0.5758,293.0,0.5759,263.0
1753533249817,12:34:09.817,A/USDT:USDT,0.5756,364.0,0.5755,289.0,0.5758,293.0,0.5759,263.0
1753533252170,12:34:12.170,A/USDT:USDT,0.5756,88.0,0.5755,289.0,0.5758,299.0,0.5759,263.0
1753533252337,12:34:12.337,A/USDT:USDT,0.5756,100.0,0.5755,289.0,0.5758,293.0,0.5759,263.0
1753533252827,12:34:12.827,A/USDT:USDT,0.5756,100.0,0.5755,289.0,0.5758,293.0,0.5759,263.0
1753533253202,12:34:13.202,A/USDT:USDT,0.5756,100.0,0.5755,289.0,0.5758,293.0,0.5759,263.0
1753533253764,12:34:13.764,A/USDT:USDT,0.5756,100.0,0.5755,552.0,0.5758,293.0,0.5759,263.0
1753533257036,12:34:17.036,A/USDT:USDT,0.5756,367.0,0.5755,552.0,0.5758,29.0,0.5759,263.0
1753533257174,12:34:17.174,A/USDT:USDT,0.5756,367.0,0.5755,552.0,0.5758,29.0,0.5759,263.0
1753533257472,12:34:17.472,A/USDT:USDT,0.5756,367.0,0.5755,552.0,0.5758,296.0,0.5759,263.0
1753533257627,12:34:17.627,A/USDT:USDT,0.5756,367.0,0.5755,552.0,0.5758,296.0,0.5759,263.0
1753533258277,12:34:18.277,A/USDT:USDT,0.5756,367.0,0.5755,552.0,0.5758,29.0,0.5759,263.0
1753533258454,12:34:18.454,A/USDT:USDT,0.5757,88.0,0.5756,562.0,0.5759,269.0,0.576,259.0
1753533258554,12:34:18.554,A/USDT:USDT,0.5757,88.0,0.5756,562.0,0.5759,269.0,0.576,259.0
1753533258662,12:34:18.662,A/USDT:USDT,0.5757,88.0,0.5756,562.0,0.5759,269.0,0.576,259.0
1753533258848,12:34:18.848,A/USDT:USDT,0.5757,88.0,0.5756,562.0,0.5759,300.0,0.576,259.0
1753533259072,12:34:19.072,A/USDT:USDT,0.5757,88.0,0.5756,562.0,0.5759,300.0,0.576,259.0
1753533260205,12:34:20.205,A/USDT:USDT,0.5757,88.0,0.5756,556.0,0.5759,300.0,0.576,259.0
1753533260460,12:34:20.460,A/USDT:USDT,0.5757,88.0,0.5756,556.0,0.5759,269.0,0.576,259.0
1753533262427,12:34:22.427,A/USDT:USDT,0.5757,88.0,0.5756,556.0,0.5759,269.0,0.576,259.0
1753533263823,12:34:23.823,A/USDT:USDT,0.5757,88.0,0.5756,556.0,0.5759,269.0,0.576,259.0
1753533265624,12:34:25.624,A/USDT:USDT,0.5757,94.0,0.5756,556.0,0.5759,278.0,0.576,259.0
1753533265759,12:34:25.759,A/USDT:USDT,0.5757,88.0,0.5756,556.0,0.5759,288.0,0.576,259.0
1753533266671,12:34:26.671,A/USDT:USDT,0.5757,94.0,0.5756,556.0,0.5759,288.0,0.576,259.0
1753533266948,12:34:26.948,A/USDT:USDT,0.5757,88.0,0.5756,556.0,0.5759,294.0,0.576,259.0
1753533267227,12:34:27.227,A/USDT:USDT,0.5757,88.0,0.5756,556.0,0.5759,294.0,0.576,259.0
1753533267684,12:34:27.684,A/USDT:USDT,0.5757,88.0,0.5756,556.0,0.5758,265.0,0.5759,294.0
1753533267791,12:34:27.791,A/USDT:USDT,0.5757,88.0,0.5756,556.0,0.5758,265.0,0.5759,294.0
1753533268743,12:34:28.743,A/USDT:USDT,0.5757,88.0,0.5756,556.0,0.5758,303.0,0.5759,279.0
1753533268972,12:34:28.972,A/USDT:USDT,0.5756,88.0,0.5755,263.0,0.5758,303.0,0.5759,273.0
1753533269076,12:34:29.076,A/USDT:USDT,0.5756,88.0,0.5755,552.0,0.5758,271.0,0.5759,273.0
1753533269199,12:34:29.199,A/USDT:USDT,0.5756,88.0,0.5755,552.0,0.5758,271.0,0.5759,273.0
1753533269289,12:34:29.289,A/USDT:USDT,0.5756,88.0,0.5755,552.0,0.5758,271.0,0.5759,273.0
1753533269951,12:34:29.951,A/USDT:USDT,0.5756,353.0,0.5755,552.0,0.5758,271.0,0.5759,273.0
1753533269986,12:34:29.986,A/USDT:USDT,0.5756,353.0,0.5755,552.0,0.5758,271.0,0.5759,273.0
1753533270099,12:34:30.099,A/USDT:USDT,0.5756,353.0,0.5755,552.0,0.5758,271.0,0.5759,273.0
1753533270695,12:34:30.695,A/USDT:USDT,0.5756,359.0,0.5755,552.0,0.5758,265.0,0.5759,273.0
1753533271649,12:34:31.649,A/USDT:USDT,0.5756,353.0,0.5755,552.0,0.5758,271.0,0.5759,273.0
1753533271764,12:34:31.764,A/USDT:USDT,0.5756,359.0,0.5755,552.0,0.5758,301.0,0.5759,273.0
1753533272037,12:34:32.037,A/USDT:USDT,0.5756,365.0,0.5755,552.0,0.5758,301.0,0.5759,273.0
1753533275846,12:34:35.846,A/USDT:USDT,0.5756,365.0,0.5755,552.0,0.5758,36.0,0.5759,273.0
1753533275990,12:34:35.990,A/USDT:USDT,0.5756,365.0,0.5755,552.0,0.5758,36.0,0.5759,273.0
1753533276862,12:34:36.862,A/USDT:USDT,0.5756,475.0,0.5755,552.0,0.5758,36.0,0.5759,273.0
1753533276940,12:34:36.940,A/USDT:USDT,0.5756,475.0,0.5755,552.0,0.5758,36.0,0.5759,273.0
1753533277477,12:34:37.477,A/USDT:USDT,0.5756,475.0,0.5755,552.0,0.5758,36.0,0.5759,273.0
1753533277971,12:34:37.971,A/USDT:USDT,0.5756,475.0,0.5755,552.0,0.5758,36.0,0.5759,273.0
1753533277991,12:34:37.991,A/USDT:USDT,0.5756,475.0,0.5755,552.0,0.5758,302.0,0.5759,273.0
1753533278471,12:34:38.471,A/USDT:USDT,0.5756,475.0,0.5755,552.0,0.5758,302.0,0.5759,273.0
1753533278960,12:34:38.960,A/USDT:USDT,0.5756,475.0,0.5755,552.0,0.5758,302.0,0.5759,273.0
1753533280188,12:34:40.188,A/USDT:USDT,0.5756,475.0,0.5755,552.0,0.5758,302.0,0.5759,273.0
1753533280448,12:34:40.448,A/USDT:USDT,0.5756,475.0,0.5755,552.0,0.5758,302.0,0.5759,273.0
1753533280877,12:34:40.877,A/USDT:USDT,0.5756,204.0,0.5755,552.0,0.5758,308.0,0.5759,273.0
1753533281028,12:34:41.028,A/USDT:USDT,0.5756,204.0,0.5755,552.0,0.5758,308.0,0.5759,273.0
1753533281178,12:34:41.178,A/USDT:USDT,0.5756,198.0,0.5755,552.0,0.5758,308.0,0.5759,273.0
1753533281644,12:34:41.644,A/USDT:USDT,0.5756,476.0,0.5755,552.0,0.5758,302.0,0.5759,273.0
1753533281775,12:34:41.775,A/USDT:USDT,0.5756,476.0,0.5755,552.0,0.5758,308.0,0.5759,273.0
1753533281961,12:34:41.961,A/USDT:USDT,0.5756,476.0,0.5755,552.0,0.5758,302.0,0.5759,273.0
1753533282048,12:34:42.048,A/USDT:USDT,0.5756,476.0,0.5755,552.0,0.5758,302.0,0.5759,273.0
1753533283140,12:34:43.140,A/USDT:USDT,0.5756,476.0,0.5755,552.0,0.5758,308.0,0.5759,273.0
1753533283397,12:34:43.397,A/USDT:USDT,0.5756,476.0,0.5755,552.0,0.5758,308.0,0.5759,273.0
1753533284168,12:34:44.168,A/USDT:USDT,0.5756,476.0,0.5755,552.0,0.5758,302.0,0.5759,273.0
1753533286428,12:34:46.428,A/USDT:USDT,0.5756,476.0,0.5755,552.0,0.5758,302.0,0.5759,273.0
1753533289063,12:34:49.063,A/USDT:USDT,0.5757,88.0,0.5756,671.0,0.5759,279.0,0.576,259.0
1753533289127,12:34:49.127,A/USDT:USDT,0.5757,88.0,0.5756,671.0,0.5759,279.0,0.576,259.0
1753533289458,12:34:49.458,A/USDT:USDT,0.5757,88.0,0.5756,671.0,0.5759,279.0,0.576,259.0
1753533289594,12:34:49.594,A/USDT:USDT,0.5757,88.0,0.5756,671.0,0.5759,279.0,0.576,259.0
1753533289775,12:34:49.775,A/USDT:USDT,0.5757,88.0,0.5756,665.0,0.5759,315.0,0.576,259.0
1753533291136,12:34:51.136,A/USDT:USDT,0.5757,88.0,0.5756,665.0,0.5759,315.0,0.576,259.0
1753533291267,12:34:51.267,A/USDT:USDT,0.5757,88.0,0.5756,665.0,0.5759,315.0,0.576,259.0
1753533291629,12:34:51.629,A/USDT:USDT,0.5757,88.0,0.5756,665.0,0.5759,315.0,0.576,259.0
1753533291862,12:34:51.862,A/USDT:USDT,0.5757,88.0,0.5756,555.0,0.5759,309.0,0.576,259.0
1753533292008,12:34:52.008,A/USDT:USDT,0.5757,88.0,0.5756,555.0,0.5759,309.0,0.576,259.0
1753533292457,12:34:52.457,A/USDT:USDT,0.5757,88.0,0.5756,555.0,0.5759,288.0,0.576,259.0
1753533293707,12:34:53.707,A/USDT:USDT,0.5757,88.0,0.5756,555.0,0.5759,288.0,0.576,259.0
1753533293902,12:34:53.902,A/USDT:USDT,0.5757,88.0,0.5756,555.0,0.5759,288.0,0.576,259.0
1753533294271,12:34:54.271,A/USDT:USDT,0.5757,347.0,0.5756,555.0,0.5759,288.0,0.576,259.0
1753533294314,12:34:54.314,A/USDT:USDT,0.5757,347.0,0.5756,555.0,0.5759,282.0,0.576,259.0
1753533294382,12:34:54.382,A/USDT:USDT,0.5757,347.0,0.5756,555.0,0.5759,288.0,0.576,259.0
1753533295055,12:34:55.055,A/USDT:USDT,0.5757,353.0,0.5756,555.0,0.5759,21.0,0.576,259.0
1753533295176,12:34:55.176,A/USDT:USDT,0.5758,88.0,0.5757,557.0,0.576,277.0,0.5761,1592.0
1753533295278,12:34:55.278,A/USDT:USDT,0.5759,88.0,0.5758,88.0,0.576,271.0,0.5761,2513.0
1753533295281,12:34:55.281,A/USDT:USDT,0.5759,88.0,0.5758,88.0,0.576,271.0,0.5761,2513.0
1753533295394,12:34:55.394,A/USDT:USDT,0.5759,88.0,0.5758,88.0,0.576,277.0,0.5761,2513.0
1753533295524,12:34:55.524,A/USDT:USDT,0.5759,88.0,0.5758,88.0,0.576,277.0,0.5761,2513.0
1753533295834,12:34:55.834,A/USDT:USDT,0.5759,88.0,0.5758,88.0,0.576,271.0,0.5761,1636.0
1753533296165,12:34:56.165,A/USDT:USDT,0.5759,88.0,0.5758,88.0,0.576,277.0,0.5761,1636.0
1753533296223,12:34:56.223,A/USDT:USDT,0.5759,88.0,0.5758,88.0,0.576,301.0,0.5761,1636.0
1753533296343,12:34:56.343,A/USDT:USDT,0.5759,88.0,0.5758,88.0,0.576,301.0,0.5761,1636.0
1753533296382,12:34:56.382,A/USDT:USDT,0.5759,88.0,0.5758,88.0,0.576,301.0,0.5761,1636.0
1753533296629,12:34:56.629,A/USDT:USDT,0.5759,88.0,0.5758,88.0,0.576,301.0,0.5761,1636.0
1753533296819,12:34:56.819,A/USDT:USDT,0.5759,88.0,0.5758,88.0,0.576,301.0,0.5761,1636.0
1753533297389,12:34:57.389,A/USDT:USDT,0.5759,88.0,0.5758,88.0,0.576,271.0,0.5761,1636.0
1753533297540,12:34:57.540,A/USDT:USDT,0.5759,88.0,0.5758,88.0,0.576,12.0,0.5761,1636.0
1753533297670,12:34:57.670,A/USDT:USDT,0.5759,88.0,0.5758,88.0,0.576,12.0,0.5761,1636.0
1753533297773,12:34:57.773,A/USDT:USDT,0.5759,88.0,0.5758,88.0,0.576,279.0,0.5761,1636.0
1753533298203,12:34:58.203,A/USDT:USDT,0.5759,88.0,0.5758,88.0,0.576,279.0,0.5761,1636.0
1753533298458,12:34:58.458,A/USDT:USDT,0.5759,88.0,0.5758,349.0,0.576,279.0,0.5761,1636.0
1753533300242,12:35:00.242,A/USDT:USDT,0.5759,88.0,0.5758,349.0,0.576,279.0,0.5761,1636.0
1753533300474,12:35:00.474,A/USDT:USDT,0.5759,88.0,0.5758,88.0,0.576,311.0,0.5761,1636.0
1753533300534,12:35:00.534,A/USDT:USDT,0.5759,88.0,0.5758,88.0,0.576,316.0,0.5761,1636.0
1753533300650,12:35:00.650,A/USDT:USDT,0.5759,88.0,0.5758,88.0,0.576,316.0,0.5761,1636.0
1753533300762,12:35:00.762,A/USDT:USDT,0.5759,88.0,0.5758,88.0,0.576,316.0,0.5761,1636.0
1753533300857,12:35:00.857,A/USDT:USDT,0.5759,88.0,0.5758,88.0,0.576,316.0,0.5761,1636.0
1753533300917,12:35:00.917,A/USDT:USDT,0.5759,88.0,0.5758,88.0,0.576,311.0,0.5761,1636.0
1753533301436,12:35:01.436,A/USDT:USDT,0.5759,88.0,0.5758,88.0,0.576,316.0,0.5761,1636.0
1753533301536,12:35:01.536,A/USDT:USDT,0.5759,88.0,0.5758,88.0,0.576,316.0,0.5761,1636.0
1753533301675,12:35:01.675,A/USDT:USDT,0.5758,88.0,0.5757,549.0,0.5759,261.0,0.576,273.0
1753533301891,12:35:01.891,A/USDT:USDT,0.5758,198.0,0.5757,549.0,0.5759,261.0,0.576,273.0
1753533302033,12:35:02.033,A/USDT:USDT,0.5758,198.0,0.5757,549.0,0.576,283.0,0.5761,1636.0
1753533302174,12:35:02.174,A/USDT:USDT,0.5758,198.0,0.5757,549.0,0.576,316.0,0.5761,1636.0
1753533302400,12:35:02.400,A/USDT:USDT,0.5758,198.0,0.5757,549.0,0.576,316.0,0.5761,1636.0
1753533302576,12:35:02.576,A/USDT:USDT,0.5758,203.0,0.5757,549.0,0.576,311.0,0.5761,1044.0
1753533302836,12:35:02.836,A/USDT:USDT,0.5758,198.0,0.5757,549.0,0.576,316.0,0.5761,1044.0
1753533303074,12:35:03.074,A/USDT:USDT,0.5758,203.0,0.5757,549.0,0.576,311.0,0.5761,1044.0
1753533303172,12:35:03.172,A/USDT:USDT,0.5758,208.0,0.5757,549.0,0.576,311.0,0.5761,1044.0
1753533303254,12:35:03.254,A/USDT:USDT,0.5758,198.0,0.5757,549.0,0.576,316.0,0.5761,1044.0
1753533303678,12:35:03.678,A/USDT:USDT,0.5758,203.0,0.5757,549.0,0.576,311.0,0.5761,1044.0
1753533303770,12:35:03.770,A/USDT:USDT,0.5758,203.0,0.5757,549.0,0.576,278.0,0.5761,1044.0
1753533304769,12:35:04.769,A/USDT:USDT,0.5758,203.0,0.5757,549.0,0.576,278.0,0.5761,1044.0
1753533304782,12:35:04.782,A/USDT:USDT,0.5758,203.0,0.5757,549.0,0.576,278.0,0.5761,1044.0
1753533304883,12:35:04.883,A/USDT:USDT,0.5758,203.0,0.5757,549.0,0.576,273.0,0.5761,1044.0
1753533305011,12:35:05.011,A/USDT:USDT,0.5758,203.0,0.5757,549.0,0.576,303.0,0.5761,1044.0
1753533305164,12:35:05.164,A/USDT:USDT,0.5758,203.0,0.5757,549.0,0.576,303.0,0.5761,1044.0
1753533305366,12:35:05.366,A/USDT:USDT,0.5758,203.0,0.5757,549.0,0.576,303.0,0.5761,1044.0
1753533305588,12:35:05.588,A/USDT:USDT,0.5758,198.0,0.5757,549.0,0.576,308.0,0.5761,1044.0
1753533305974,12:35:05.974,A/USDT:USDT,0.5758,203.0,0.5757,549.0,0.576,303.0,0.5761,1044.0
1753533306228,12:35:06.228,A/USDT:USDT,0.5758,203.0,0.5757,549.0,0.576,303.0,0.5761,1044.0
1753533306434,12:35:06.434,A/USDT:USDT,0.5758,203.0,0.5757,549.0,0.576,303.0,0.5761,1044.0
1753533306504,12:35:06.504,A/USDT:USDT,0.5758,203.0,0.5757,549.0,0.576,298.0,0.5761,1044.0
1753533306629,12:35:06.629,A/USDT:USDT,0.5758,203.0,0.5757,549.0,0.576,298.0,0.5761,1044.0
1753533306856,12:35:06.856,A/USDT:USDT,0.5758,93.0,0.5757,549.0,0.576,298.0,0.5761,1044.0
1753533307542,12:35:07.542,A/USDT:USDT,0.5758,93.0,0.5757,549.0,0.576,303.0,0.5761,1044.0
1753533307637,12:35:07.637,A/USDT:USDT,0.5758,93.0,0.5757,549.0,0.576,298.0,0.5761,1044.0
1753533307848,12:35:07.848,A/USDT:USDT,0.5758,93.0,0.5757,549.0,0.576,303.0,0.5761,1044.0
1753533308067,12:35:08.067,A/USDT:USDT,0.5758,93.0,0.5757,549.0,0.576,278.0,0.5761,1044.0
1753533308156,12:35:08.156,A/USDT:USDT,0.5758,88.0,0.5757,549.0,0.576,298.0,0.5761,1044.0
1753533308240,12:35:08.240,A/USDT:USDT,0.5758,88.0,0.5757,549.0,0.576,303.0,0.5761,1044.0
1753533308316,12:35:08.316,A/USDT:USDT,0.5758,88.0,0.5757,549.0,0.576,303.0,0.5761,1044.0
1753533308381,12:35:08.381,A/USDT:USDT,0.5758,88.0,0.5757,549.0,0.576,303.0,0.5761,1044.0
1753533308578,12:35:08.578,A/USDT:USDT,0.5758,88.0,0.5757,549.0,0.576,298.0,0.5761,1044.0
1753533308581,12:35:08.581,A/USDT:USDT,0.5758,88.0,0.5757,549.0,0.576,298.0,0.5761,1646.0
1753533308776,12:35:08.776,A/USDT:USDT,0.5758,88.0,0.5757,549.0,0.576,303.0,0.5761,1646.0
1753533308858,12:35:08.858,A/USDT:USDT,0.5758,88.0,0.5757,549.0,0.576,303.0,0.5761,1646.0
1753533309319,12:35:09.319,A/USDT:USDT,0.5758,88.0,0.5757,549.0,0.576,303.0,0.5761,1646.0
1753533309399,12:35:09.399,A/USDT:USDT,0.5758,88.0,0.5757,549.0,0.576,303.0,0.5761,1646.0
1753533309658,12:35:09.658,A/USDT:USDT,0.5758,88.0,0.5757,549.0,0.576,303.0,0.5761,1646.0
1753533309888,12:35:09.888,A/USDT:USDT,0.5758,88.0,0.5757,549.0,0.5759,260.0,0.576,303.0
1753533310076,12:35:10.076,A/USDT:USDT,0.5758,88.0,0.5757,549.0,0.5759,260.0,0.576,303.0
1753533310295,12:35:10.295,A/USDT:USDT,0.5758,88.0,0.5757,549.0,0.5759,260.0,0.576,303.0
1753533311042,12:35:11.042,A/USDT:USDT,0.5758,88.0,0.5757,549.0,0.5759,260.0,0.576,303.0
1753533311179,12:35:11.179,A/USDT:USDT,0.5758,88.0,0.5757,549.0,0.5759,286.0,0.576,283.0
1753533311293,12:35:11.293,A/USDT:USDT,0.5758,88.0,0.5757,549.0,0.5759,286.0,0.576,283.0
1753533311914,12:35:11.914,A/USDT:USDT,0.5758,88.0,0.5757,549.0,0.5759,286.0,0.576,283.0
1753533313479,12:35:13.479,A/USDT:USDT,0.5757,288.0,0.5756,355.0,0.5759,296.0,0.576,273.0
1753533313566,12:35:13.566,A/USDT:USDT,0.5756,615.0,0.5755,551.0,0.5759,291.0,0.576,273.0
1753533313659,12:35:13.659,A/USDT:USDT,0.5759,88.0,0.5758,353.0,0.576,12.0,0.5761,258.0
1753533313737,12:35:13.737,A/USDT:USDT,0.576,88.0,0.5759,288.0,0.5761,275.0,0.5762,4950.0
1753533313855,12:35:13.855,A/USDT:USDT,0.5759,88.0,0.5758,260.0,0.5761,275.0,0.5762,4950.0
1753533314133,12:35:14.133,A/USDT:USDT,0.5759,88.0,0.5758,260.0,0.5761,275.0,0.5762,4950.0
1753533315829,12:35:15.829,A/USDT:USDT,0.5759,88.0,0.5758,260.0,0.5761,275.0,0.5762,4950.0
1753533316071,12:35:16.071,A/USDT:USDT,0.5759,88.0,0.5758,260.0,0.5761,313.0,0.5762,4950.0
1753533316159,12:35:16.159,A/USDT:USDT,0.5759,88.0,0.5758,260.0,0.5761,275.0,0.5762,4950.0
1753533316578,12:35:16.578,A/USDT:USDT,0.5758,88.0,0.5756,548.0,0.576,274.0,0.5761,270.0
1753533316675,12:35:16.675,A/USDT:USDT,0.5756,260.0,0.5755,263.0,0.5759,260.0,0.576,269.0
1753533316748,12:35:16.748,A/USDT:USDT,0.5756,260.0,0.5755,551.0,0.5758,260.0,0.5759,272.0
1753533316785,12:35:16.785,A/USDT:USDT,0.5756,260.0,0.5755,551.0,0.5758,260.0,0.5759,272.0
1753533316974,12:35:16.974,A/USDT:USDT,0.5756,260.0,0.5755,551.0,0.5758,260.0,0.5759,272.0
1753533317023,12:35:17.023,A/USDT:USDT,0.5756,260.0,0.5755,551.0,0.5758,265.0,0.5759,272.0
1753533317175,12:35:17.175,A/USDT:USDT,0.5756,260.0,0.5755,551.0,0.5758,265.0,0.5759,272.0
1753533317398,12:35:17.398,A/USDT:USDT,0.5756,260.0,0.5755,551.0,0.5758,265.0,0.5759,272.0
1753533317617,12:35:17.617,A/USDT:USDT,0.5756,260.0,0.5755,551.0,0.5758,260.0,0.5759,272.0
1753533317738,12:35:17.738,A/USDT:USDT,0.5756,260.0,0.5755,551.0,0.5758,260.0,0.5759,272.0
1753533317867,12:35:17.867,A/USDT:USDT,0.5756,260.0,0.5755,551.0,0.5758,260.0,0.5759,272.0
1753533317883,12:35:17.883,A/USDT:USDT,0.5756,260.0,0.5755,551.0,0.5758,260.0,0.5759,272.0
1753533317983,12:35:17.983,A/USDT:USDT,0.5756,265.0,0.5755,551.0,0.5758,260.0,0.5759,272.0
1753533318162,12:35:18.162,A/USDT:USDT,0.5757,88.0,0.5756,548.0,0.5759,282.0,0.576,260.0
1753533318223,12:35:18.223,A/USDT:USDT,0.5757,88.0,0.5756,548.0,0.5759,282.0,0.576,260.0
1753533318342,12:35:18.342,A/USDT:USDT,0.5757,88.0,0.5756,548.0,0.5759,277.0,0.576,260.0
1753533318385,12:35:18.385,A/USDT:USDT,0.5757,88.0,0.5756,548.0,0.5759,282.0,0.576,260.0
1753533318722,12:35:18.722,A/USDT:USDT,0.5757,88.0,0.5756,548.0,0.5759,282.0,0.576,260.0
1753533318827,12:35:18.827,A/USDT:USDT,0.5757,88.0,0.5756,548.0,0.5759,277.0,0.576,260.0
1753533319546,12:35:19.546,A/USDT:USDT,0.5757,88.0,0.5756,548.0,0.5759,310.0,0.576,260.0
1753533319659,12:35:19.659,A/USDT:USDT,0.5757,88.0,0.5756,548.0,0.5759,310.0,0.576,260.0
1753533319844,12:35:19.844,A/USDT:USDT,0.5757,88.0,0.5756,548.0,0.5759,310.0,0.576,260.0
1753533320062,12:35:20.062,A/USDT:USDT,0.5757,88.0,0.5756,548.0,0.5759,305.0,0.576,260.0
1753533320126,12:35:20.126,A/USDT:USDT,0.5757,88.0,0.5756,548.0,0.5759,310.0,0.576,260.0
1753533320505,12:35:20.505,A/USDT:USDT,0.5757,88.0,0.5756,548.0,0.5759,305.0,0.576,260.0
1753533320645,12:35:20.645,A/USDT:USDT,0.5757,88.0,0.5756,548.0,0.5759,305.0,0.576,260.0
1753533320823,12:35:20.823,A/USDT:USDT,0.5757,88.0,0.5756,548.0,0.5759,310.0,0.576,260.0
1753533320892,12:35:20.892,A/USDT:USDT,0.5757,88.0,0.5756,548.0,0.5759,310.0,0.576,260.0
1753533321062,12:35:21.062,A/USDT:USDT,0.5757,88.0,0.5756,548.0,0.5759,310.0,0.576,260.0
1753533322168,12:35:22.168,A/USDT:USDT,0.5757,88.0,0.5756,548.0,0.5759,310.0,0.576,260.0
1753533322368,12:35:22.368,A/USDT:USDT,0.5757,88.0,0.5756,548.0,0.5759,310.0,0.576,260.0
1753533322382,12:35:22.382,A/USDT:USDT,0.5757,88.0,0.5756,548.0,0.5759,310.0,0.576,260.0
1753533323342,12:35:23.342,A/USDT:USDT,0.5757,88.0,0.5756,548.0,0.5758,267.0,0.5759,282.0
1753533323504,12:35:23.504,A/USDT:USDT,0.5757,88.0,0.5756,548.0,0.5758,277.0,0.5759,277.0
1753533324167,12:35:24.167,A/USDT:USDT,0.5757,88.0,0.5756,548.0,0.5758,310.0,0.5759,277.0
1753533324231,12:35:24.231,A/USDT:USDT,0.5757,88.0,0.5756,548.0,0.5758,305.0,0.5759,272.0
1753533324713,12:35:24.713,A/USDT:USDT,0.5757,88.0,0.5756,548.0,0.5758,310.0,0.5759,272.0
1753533325276,12:35:25.276,A/USDT:USDT,0.5757,88.0,0.5756,548.0,0.5758,315.0,0.5759,272.0
1753533325429,12:35:25.429,A/USDT:USDT,0.5757,88.0,0.5756,548.0,0.5758,315.0,0.5759,272.0
1753533325724,12:35:25.724,A/USDT:USDT,0.5757,88.0,0.5756,548.0,0.5758,315.0,0.5759,272.0
1753533326232,12:35:26.232,A/USDT:USDT,0.5757,88.0,0.5756,548.0,0.5758,315.0,0.5759,272.0
1753533326993,12:35:26.993,A/USDT:USDT,0.5757,88.0,0.5756,548.0,0.5758,315.0,0.5759,272.0
1753533327557,12:35:27.557,A/USDT:USDT,0.5757,88.0,0.5756,548.0,0.5758,315.0,0.5759,272.0
1753533328145,12:35:28.145,A/USDT:USDT,0.5757,88.0,0.5756,548.0,0.5758,305.0,0.5759,272.0
1753533328185,12:35:28.185,A/USDT:USDT,0.5757,88.0,0.5756,548.0,0.5758,310.0,0.5759,272.0
1753533329169,12:35:29.169,A/USDT:USDT,0.5757,88.0,0.5756,548.0,0.5758,305.0,0.5759,272.0
1753533330229,12:35:30.229,A/USDT:USDT,0.5757,88.0,0.5756,548.0,0.5758,305.0,0.5759,272.0
1753533330793,12:35:30.793,A/USDT:USDT,0.5757,88.0,0.5756,548.0,0.5758,305.0,0.5759,272.0
1753533331715,12:35:31.715,A/USDT:USDT,0.5757,88.0,0.5756,548.0,0.5758,315.0,0.5759,272.0
1753533332662,12:35:32.662,A/USDT:USDT,0.5757,88.0,0.5756,548.0,0.5758,38.0,0.5759,272.0
1753533332735,12:35:32.735,A/USDT:USDT,0.5757,88.0,0.5756,548.0,0.5758,38.0,0.5759,272.0
1753533333154,12:35:33.154,A/USDT:USDT,0.5757,88.0,0.5756,548.0,0.5758,38.0,0.5759,272.0
1753533333430,12:35:33.430,A/USDT:USDT,0.5757,88.0,0.5756,548.0,0.5758,38.0,0.5759,272.0
1753533334238,12:35:34.238,A/USDT:USDT,0.5757,88.0,0.5756,548.0,0.5758,38.0,0.5759,272.0
1753533334378,12:35:34.378,A/USDT:USDT,0.5757,88.0,0.5756,548.0,0.5758,38.0,0.5759,272.0
1753533334394,12:35:34.394,A/USDT:USDT,0.5757,88.0,0.5756,548.0,0.5758,38.0,0.5759,272.0
1753533334649,12:35:34.649,A/USDT:USDT,0.5757,88.0,0.5756,548.0,0.5758,38.0,0.5759,272.0
1753533334723,12:35:34.723,A/USDT:USDT,0.5757,88.0,0.5756,548.0,0.5758,38.0,0.5759,272.0
1753533334967,12:35:34.967,A/USDT:USDT,0.5757,98.0,0.5756,548.0,0.5758,38.0,0.5759,272.0
1753533335042,12:35:35.042,A/USDT:USDT,0.5757,98.0,0.5756,548.0,0.5758,38.0,0.5759,272.0
1753533335572,12:35:35.572,A/USDT:USDT,0.5757,88.0,0.5756,548.0,0.5758,38.0,0.5759,272.0
1753533335649,12:35:35.649,A/USDT:USDT,0.5757,88.0,0.5756,548.0,0.5758,38.0,0.5759,272.0
1753533335948,12:35:35.948,A/USDT:USDT,0.5757,88.0,0.5756,548.0,0.5758,38.0,0.5759,272.0
1753533336414,12:35:36.414,A/USDT:USDT,0.5757,88.0,0.5756,548.0,0.5758,38.0,0.5759,272.0
1753533336964,12:35:36.964,A/USDT:USDT,0.5757,88.0,0.5756,548.0,0.5758,307.0,0.5759,272.0
1753533337231,12:35:37.231,A/USDT:USDT,0.5757,88.0,0.5756,548.0,0.5758,307.0,0.5759,272.0
1753533337558,12:35:37.558,A/USDT:USDT,0.5757,88.0,0.5756,548.0,0.5758,297.0,0.5759,272.0
1753533338265,12:35:38.265,A/USDT:USDT,0.5757,88.0,0.5756,548.0,0.5758,297.0,0.5759,272.0
1753533338376,12:35:38.376,A/USDT:USDT,0.5757,352.0,0.5756,548.0,0.5759,277.0,0.576,260.0
1753533338442,12:35:38.442,A/USDT:USDT,0.5757,88.0,0.5756,548.0,0.5759,282.0,0.576,260.0
1753533338534,12:35:38.534,A/USDT:USDT,0.5757,88.0,0.5756,548.0,0.5759,282.0,0.576,260.0
1753533339170,12:35:39.170,A/USDT:USDT,0.5757,88.0,0.5756,548.0,0.5759,272.0,0.576,260.0
1753533339280,12:35:39.280,A/USDT:USDT,0.5757,88.0,0.5756,548.0,0.5759,277.0,0.576,260.0
1753533339372,12:35:39.372,A/USDT:USDT,0.5757,88.0,0.5756,548.0,0.5759,311.0,0.576,260.0
1753533339662,12:35:39.662,A/USDT:USDT,0.5757,88.0,0.5756,548.0,0.5759,311.0,0.576,260.0
1753533339848,12:35:39.848,A/USDT:USDT,0.5757,88.0,0.5756,548.0,0.5759,311.0,0.576,260.0
1753533341078,12:35:41.078,A/USDT:USDT,0.5757,357.0,0.5756,548.0,0.5759,311.0,0.576,260.0
1753533341095,12:35:41.095,A/USDT:USDT,0.5757,357.0,0.5756,548.0,0.5759,301.0,0.576,260.0
1753533341266,12:35:41.266,A/USDT:USDT,0.5757,357.0,0.5756,548.0,0.5759,306.0,0.576,260.0
1753533341368,12:35:41.368,A/USDT:USDT,0.5757,352.0,0.5756,548.0,0.5759,311.0,0.576,260.0
1753533341420,12:35:41.420,A/USDT:USDT,0.5757,352.0,0.5756,548.0,0.5759,311.0,0.576,260.0
1753533343616,12:35:43.616,A/USDT:USDT,0.5757,357.0,0.5756,548.0,0.5759,301.0,0.576,260.0
1753533343733,12:35:43.733,A/USDT:USDT,0.5757,352.0,0.5756,548.0,0.5759,311.0,0.576,260.0
1753533344176,12:35:44.176,A/USDT:USDT,0.5757,347.0,0.5756,548.0,0.5759,306.0,0.576,260.0
1753533344196,12:35:44.196,A/USDT:USDT,0.5757,347.0,0.5756,548.0,0.5759,311.0,0.576,260.0
1753533344463,12:35:44.463,A/USDT:USDT,0.5757,352.0,0.5756,548.0,0.5759,306.0,0.576,260.0
1753533344508,12:35:44.508,A/USDT:USDT,0.5757,352.0,0.5756,548.0,0.5759,311.0,0.576,260.0
1753533344662,12:35:44.662,A/USDT:USDT,0.5757,352.0,0.5756,548.0,0.5759,311.0,0.576,260.0
1753533344734,12:35:44.734,A/USDT:USDT,0.5757,352.0,0.5756,548.0,0.5759,306.0,0.576,260.0
1753533344927,12:35:44.927,A/USDT:USDT,0.5757,352.0,0.5756,548.0,0.5759,311.0,0.576,260.0
1753533345294,12:35:45.294,A/USDT:USDT,0.5757,352.0,0.5756,548.0,0.5759,306.0,0.576,260.0
1753533345469,12:35:45.469,A/USDT:USDT,0.5757,352.0,0.5756,548.0,0.5759,306.0,0.576,260.0
1753533345483,12:35:45.483,A/USDT:USDT,0.5757,352.0,0.5756,548.0,0.5759,306.0,0.576,260.0
1753533345627,12:35:45.627,A/USDT:USDT,0.5757,357.0,0.5756,548.0,0.5759,301.0,0.576,260.0
1753533345934,12:35:45.934,A/USDT:USDT,0.5757,352.0,0.5756,548.0,0.5759,311.0,0.576,260.0
1753533346052,12:35:46.052,A/USDT:USDT,0.5757,88.0,0.5756,548.0,0.5759,301.0,0.576,260.0
1753533346158,12:35:46.158,A/USDT:USDT,0.5757,88.0,0.5756,548.0,0.5759,301.0,0.576,260.0
1753533346551,12:35:46.551,A/USDT:USDT,0.5757,93.0,0.5756,548.0,0.5759,301.0,0.576,260.0
1753533346858,12:35:46.858,A/USDT:USDT,0.5757,88.0,0.5756,548.0,0.5759,301.0,0.576,260.0
1753533346923,12:35:46.923,A/USDT:USDT,0.5757,88.0,0.5756,548.0,0.5759,306.0,0.576,260.0
1753533347245,12:35:47.245,A/USDT:USDT,0.5757,93.0,0.5756,548.0,0.5759,301.0,0.576,260.0
1753533347374,12:35:47.374,A/USDT:USDT,0.5757,93.0,0.5756,548.0,0.5759,301.0,0.576,260.0
1753533347951,12:35:47.951,A/USDT:USDT,0.5757,88.0,0.5756,548.0,0.5759,311.0,0.576,260.0
1753533348188,12:35:48.188,A/USDT:USDT,0.5757,88.0,0.5756,548.0,0.5759,311.0,0.576,260.0
1753533348475,12:35:48.475,A/USDT:USDT,0.5757,98.0,0.5756,548.0,0.5759,301.0,0.576,260.0
1753533348572,12:35:48.572,A/USDT:USDT,0.5757,88.0,0.5756,548.0,0.5759,311.0,0.576,260.0
1753533348676,12:35:48.676,A/USDT:USDT,0.5757,88.0,0.5756,548.0,0.5759,311.0,0.576,260.0
1753533349460,12:35:49.460,A/USDT:USDT,0.5757,88.0,0.5756,548.0,0.5759,311.0,0.576,260.0
1753533349643,12:35:49.643,A/USDT:USDT,0.5757,93.0,0.5756,548.0,0.5759,301.0,0.576,260.0
1753533349744,12:35:49.744,A/USDT:USDT,0.5757,93.0,0.5756,548.0,0.5759,301.0,0.576,260.0
1753533350340,12:35:50.340,A/USDT:USDT,0.5757,93.0,0.5756,548.0,0.5759,301.0,0.576,260.0
1753533350384,12:35:50.384,A/USDT:USDT,0.5757,88.0,0.5756,548.0,0.5759,311.0,0.576,260.0
1753533350564,12:35:50.564,A/USDT:USDT,0.5757,367.0,0.5756,548.0,0.5759,301.0,0.576,260.0
1753533350669,12:35:50.669,A/USDT:USDT,0.5757,367.0,0.5756,548.0,0.5759,41.0,0.576,260.0
1753533350776,12:35:50.776,A/USDT:USDT,0.5757,367.0,0.5756,548.0,0.5759,298.0,0.576,272.0
1753533350993,12:35:50.993,A/USDT:USDT,0.5757,362.0,0.5756,548.0,0.5759,303.0,0.576,272.0
1753533351083,12:35:51.083,A/USDT:USDT,0.5757,362.0,0.5756,548.0,0.5759,303.0,0.576,272.0
1753533351236,12:35:51.236,A/USDT:USDT,0.5757,362.0,0.5756,548.0,0.5759,303.0,0.576,272.0
1753533351282,12:35:51.282,A/USDT:USDT,0.5757,362.0,0.5756,548.0,0.5759,298.0,0.576,272.0
1753533351517,12:35:51.517,A/USDT:USDT,0.5757,362.0,0.5756,548.0,0.5759,303.0,0.576,272.0
1753533351736,12:35:51.736,A/USDT:USDT,0.5757,362.0,0.5756,548.0,0.5759,303.0,0.576,272.0
1753533351857,12:35:51.857,A/USDT:USDT,0.5757,472.0,0.5756,548.0,0.5759,303.0,0.576,272.0
1753533352178,12:35:52.178,A/USDT:USDT,0.5757,472.0,0.5756,548.0,0.5759,303.0,0.576,272.0
1753533352301,12:35:52.301,A/USDT:USDT,0.5757,477.0,0.5756,548.0,0.5759,29.0,0.576,272.0
1753533352573,12:35:52.573,A/USDT:USDT,0.5759,132.0,0.5758,362.0,0.576,272.0,0.5761,2294.0
1753533352620,12:35:52.620,A/USDT:USDT,0.5759,132.0,0.5758,362.0,0.576,49.0,0.5761,2294.0
1753533352683,12:35:52.683,A/USDT:USDT,0.5759,132.0,0.5758,362.0,0.576,49.0,0.5761,2294.0
1753533353261,12:35:53.261,A/USDT:USDT,0.5759,132.0,0.5758,362.0,0.576,49.0,0.5761,1674.0
1753533353469,12:35:53.469,A/USDT:USDT,0.5759,132.0,0.5758,362.0,0.576,49.0,0.5761,258.0
1753533353486,12:35:53.486,A/USDT:USDT,0.5759,132.0,0.5758,362.0,0.576,37.0,0.5761,270.0
1753533354230,12:35:54.230,A/USDT:USDT,0.5759,132.0,0.5758,362.0,0.576,37.0,0.5761,270.0
1753533355155,12:35:55.155,A/USDT:USDT,0.5759,132.0,0.5758,362.0,0.5761,275.0,0.5762,4950.0
1753533355425,12:35:55.425,A/USDT:USDT,0.5759,132.0,0.5758,362.0,0.5761,304.0,0.5762,4950.0
1753533355823,12:35:55.823,A/USDT:USDT,0.5759,132.0,0.5758,362.0,0.5761,304.0,0.5762,4950.0
1753533356454,12:35:56.454,A/USDT:USDT,0.5759,132.0,0.5758,362.0,0.5761,304.0,0.5762,4950.0
1753533356527,12:35:56.527,A/USDT:USDT,0.5759,132.0,0.5758,362.0,0.5761,309.0,0.5762,4950.0
1753533356857,12:35:56.857,A/USDT:USDT,0.5759,132.0,0.5758,362.0,0.5761,309.0,0.5762,4950.0
1753533357078,12:35:57.078,A/USDT:USDT,0.5759,132.0,0.5758,357.0,0.5761,309.0,0.5762,4950.0
1753533358779,12:35:58.779,A/USDT:USDT,0.5759,132.0,0.5758,357.0,0.5761,309.0,0.5762,4950.0
1753533358796,12:35:58.796,A/USDT:USDT,0.5759,132.0,0.5758,357.0,0.5761,309.0,0.5762,4950.0
1753533359068,12:35:59.068,A/USDT:USDT,0.5759,132.0,0.5758,357.0,0.5761,304.0,0.5762,4950.0
1753533359107,12:35:59.107,A/USDT:USDT,0.5759,132.0,0.5758,357.0,0.5761,304.0,0.5762,4950.0
1753533359777,12:35:59.777,A/USDT:USDT,0.5759,132.0,0.5758,357.0,0.5761,304.0,0.5762,4950.0
1753533359845,12:35:59.845,A/USDT:USDT,0.5759,132.0,0.5758,357.0,0.5761,309.0,0.5762,4950.0
1753533360878,12:36:00.878,A/USDT:USDT,0.5759,392.0,0.5758,357.0,0.5761,299.0,0.5762,4595.0
1753533360963,12:36:00.963,A/USDT:USDT,0.576,88.0,0.5759,553.0,0.5761,270.0,0.5762,4595.0
1753533361071,12:36:01.071,A/USDT:USDT,0.576,88.0,0.5759,553.0,0.5761,270.0,0.5762,4595.0
1753533361397,12:36:01.397,A/USDT:USDT,0.576,88.0,0.5759,553.0,0.5761,270.0,0.5762,4595.0
1753533361774,12:36:01.774,A/USDT:USDT,0.576,353.0,0.5759,548.0,0.5761,12.0,0.5762,4595.0
1753533361858,12:36:01.858,A/USDT:USDT,0.576,468.0,0.5759,548.0,0.5761,12.0,0.5762,4595.0
1753533361912,12:36:01.912,A/USDT:USDT,0.576,468.0,0.5759,548.0,0.5761,12.0,0.5762,4595.0
1753533362049,12:36:02.049,A/USDT:USDT,0.576,468.0,0.5759,548.0,0.5761,12.0,0.5763,2485.0
1753533362167,12:36:02.167,A/USDT:USDT,0.5761,88.0,0.576,668.0,0.5762,12.0,0.5763,1127.0
1753533362266,12:36:02.266,A/USDT:USDT,0.5761,88.0,0.576,668.0,0.5762,12.0,0.5763,1127.0
1753533362298,12:36:02.298,A/USDT:USDT,0.5761,88.0,0.576,668.0,0.5762,12.0,0.5763,1127.0
1753533362445,12:36:02.445,A/USDT:USDT,0.5761,88.0,0.576,668.0,0.5762,12.0,0.5763,1127.0
1753533362598,12:36:02.598,A/USDT:USDT,0.5761,88.0,0.576,668.0,0.5762,12.0,0.5763,1127.0
1753533363003,12:36:03.003,A/USDT:USDT,0.5761,88.0,0.576,668.0,0.5762,12.0,0.5763,1127.0
1753533363176,12:36:03.176,A/USDT:USDT,0.5761,88.0,0.576,668.0,0.5762,12.0,0.5763,1127.0
1753533363379,12:36:03.379,A/USDT:USDT,0.5761,88.0,0.576,668.0,0.5762,12.0,0.5763,264.0
1753533363386,12:36:03.386,A/USDT:USDT,0.5761,88.0,0.576,668.0,0.5763,276.0,0.5764,4993.0
1753533363575,12:36:03.575,A/USDT:USDT,0.5761,93.0,0.576,658.0,0.5763,276.0,0.5764,4993.0
1753533363607,12:36:03.607,A/USDT:USDT,0.5761,88.0,0.576,658.0,0.5763,281.0,0.5764,4993.0
1753533363715,12:36:03.715,A/USDT:USDT,0.5761,88.0,0.576,658.0,0.5763,281.0,0.5764,4993.0
1753533363833,12:36:03.833,A/USDT:USDT,0.5761,88.0,0.576,658.0,0.5763,281.0,0.5764,4993.0
1753533363935,12:36:03.935,A/USDT:USDT,0.5761,88.0,0.576,658.0,0.5763,281.0,0.5764,4993.0
1753533364003,12:36:04.003,A/USDT:USDT,0.5761,88.0,0.576,658.0,0.5763,281.0,0.5764,4993.0
1753533364465,12:36:04.465,A/USDT:USDT,0.5761,88.0,0.576,658.0,0.5763,281.0,0.5764,5867.0
1753533364751,12:36:04.751,A/USDT:USDT,0.5761,88.0,0.576,658.0,0.5763,281.0,0.5764,5867.0
1753533364791,12:36:04.791,A/USDT:USDT,0.5761,88.0,0.576,658.0,0.5763,281.0,0.5764,5867.0
1753533364879,12:36:04.879,A/USDT:USDT,0.5761,88.0,0.576,658.0,0.5763,281.0,0.5764,5867.0
1753533365104,12:36:05.104,A/USDT:USDT,0.5761,88.0,0.576,658.0,0.5763,281.0,0.5764,5867.0
1753533365233,12:36:05.233,A/USDT:USDT,0.5761,88.0,0.576,658.0,0.5763,281.0,0.5764,5867.0
1753533365321,12:36:05.321,A/USDT:USDT,0.5761,88.0,0.576,658.0,0.5763,281.0,0.5764,5867.0
1753533365566,12:36:05.566,A/USDT:USDT,0.5761,88.0,0.576,658.0,0.5763,281.0,0.5764,5867.0
1753533365763,12:36:05.763,A/USDT:USDT,0.5761,88.0,0.576,658.0,0.5763,281.0,0.5764,5867.0
1753533365981,12:36:05.981,A/USDT:USDT,0.5761,88.0,0.576,658.0,0.5763,281.0,0.5764,5867.0
1753533366176,12:36:06.176,A/USDT:USDT,0.5761,88.0,0.576,658.0,0.5763,281.0,0.5764,5867.0
1753533366626,12:36:06.626,A/USDT:USDT,0.5761,88.0,0.576,658.0,0.5763,281.0,0.5764,5867.0
1753533366858,12:36:06.858,A/USDT:USDT,0.5761,88.0,0.576,548.0,0.5763,281.0,0.5764,5867.0
1753533367333,12:36:07.333,A/USDT:USDT,0.5761,88.0,0.576,548.0,0.5763,281.0,0.5764,5867.0
1753533367950,12:36:07.950,A/USDT:USDT,0.5761,88.0,0.576,548.0,0.5763,281.0,0.5764,5867.0
1753533368056,12:36:08.056,A/USDT:USDT,0.5762,88.0,0.5761,288.0,0.5763,281.0,0.5764,5867.0
1753533368162,12:36:08.162,A/USDT:USDT,0.5762,76.0,0.5761,288.0,0.5763,276.0,0.5764,5867.0
1753533368633,12:36:08.633,A/USDT:USDT,0.5762,76.0,0.5761,288.0,0.5763,281.0,0.5764,5867.0
1753533369061,12:36:09.061,A/USDT:USDT,0.5762,76.0,0.5761,288.0,0.5763,314.0,0.5764,5467.0
1753533369227,12:36:09.227,A/USDT:USDT,0.5762,76.0,0.5761,288.0,0.5763,314.0,0.5764,5467.0
1753533370025,12:36:10.025,A/USDT:USDT,0.5762,76.0,0.5761,288.0,0.5763,314.0,0.5764,5467.0
1753533370270,12:36:10.270,A/USDT:USDT,0.5762,76.0,0.5761,288.0,0.5763,309.0,0.5764,5467.0
1753533370354,12:36:10.354,A/USDT:USDT,0.5761,93.0,0.576,287.0,0.5763,309.0,0.5764,5467.0
1753533370456,12:36:10.456,A/USDT:USDT,0.5761,93.0,0.576,287.0,0.5763,297.0,0.5764,5467.0
1753533370485,12:36:10.485,A/USDT:USDT,0.5761,93.0,0.576,287.0,0.5763,302.0,0.5764,5467.0
1753533370654,12:36:10.654,A/USDT:USDT,0.5761,88.0,0.576,287.0,0.5763,302.0,0.5764,5467.0
1753533371078,12:36:11.078,A/USDT:USDT,0.5761,88.0,0.576,287.0,0.5763,302.0,0.5764,5467.0
1753533371082,12:36:11.082,A/USDT:USDT,0.5761,93.0,0.576,287.0,0.5763,297.0,0.5764,5467.0
1753533372277,12:36:12.277,A/USDT:USDT,0.5761,93.0,0.576,287.0,0.5763,297.0,0.5764,5467.0
1753533372321,12:36:12.321,A/USDT:USDT,0.5761,93.0,0.576,287.0,0.5763,297.0,0.5764,5467.0
1753533372504,12:36:12.504,A/USDT:USDT,0.5761,93.0,0.576,287.0,0.5763,302.0,0.5764,5467.0
1753533372583,12:36:12.583,A/USDT:USDT,0.5761,88.0,0.576,287.0,0.5763,302.0,0.5764,5467.0
1753533372955,12:36:12.955,A/USDT:USDT,0.5761,93.0,0.576,287.0,0.5763,297.0,0.5764,5467.0
1753533373174,12:36:13.174,A/USDT:USDT,0.5761,93.0,0.576,287.0,0.5763,302.0,0.5764,5467.0
1753533373466,12:36:13.466,A/USDT:USDT,0.5761,88.0,0.576,287.0,0.5763,302.0,0.5764,5467.0
1753533374442,12:36:14.442,A/USDT:USDT,0.5761,88.0,0.576,287.0,0.5763,302.0,0.5764,5467.0
1753533374564,12:36:14.564,A/USDT:USDT,0.5761,88.0,0.576,287.0,0.5763,307.0,0.5764,5467.0
1753533374925,12:36:14.925,A/USDT:USDT,0.5761,88.0,0.576,287.0,0.5763,302.0,0.5764,5467.0
1753533377891,12:36:17.891,A/USDT:USDT,0.5761,93.0,0.576,287.0,0.5763,297.0,0.5764,5467.0
1753533378068,12:36:18.068,A/USDT:USDT,0.5761,352.0,0.576,287.0,0.5763,302.0,0.5764,5467.0
1753533378168,12:36:18.168,A/USDT:USDT,0.5761,352.0,0.576,287.0,0.5763,302.0,0.5764,5467.0
1753533378263,12:36:18.263,A/USDT:USDT,0.5761,357.0,0.576,287.0,0.5763,302.0,0.5764,5467.0
1753533378456,12:36:18.456,A/USDT:USDT,0.5761,352.0,0.576,287.0,0.5763,302.0,0.5764,5467.0
1753533378494,12:36:18.494,A/USDT:USDT,0.5761,357.0,0.576,287.0,0.5763,302.0,0.5764,5467.0
1753533378582,12:36:18.582,A/USDT:USDT,0.5761,357.0,0.576,287.0,0.5763,297.0,0.5764,5467.0
1753533378776,12:36:18.776,A/USDT:USDT,0.5761,357.0,0.576,287.0,0.5763,302.0,0.5764,5467.0
1753533378877,12:36:18.877,A/USDT:USDT,0.5761,352.0,0.576,287.0,0.5763,302.0,0.5764,5467.0
1753533378943,12:36:18.943,A/USDT:USDT,0.5761,347.0,0.576,287.0,0.5763,302.0,0.5764,5467.0
1753533379030,12:36:19.030,A/USDT:USDT,0.5761,357.0,0.576,287.0,0.5763,302.0,0.5764,4593.0
1753533379127,12:36:19.127,A/USDT:USDT,0.5761,357.0,0.576,287.0,0.5763,297.0,0.5764,4593.0
1753533380276,12:36:20.276,A/USDT:USDT,0.5761,98.0,0.576,287.0,0.5763,297.0,0.5764,4593.0
1753533380324,12:36:20.324,A/USDT:USDT,0.5761,347.0,0.576,287.0,0.5763,297.0,0.5764,4593.0
1753533380526,12:36:20.526,A/USDT:USDT,0.5761,357.0,0.576,546.0,0.5763,297.0,0.5764,4593.0
1753533381271,12:36:21.271,A/USDT:USDT,0.5761,357.0,0.576,546.0,0.5763,297.0,0.5764,4593.0
1753533381566,12:36:21.566,A/USDT:USDT,0.5761,357.0,0.576,546.0,0.5763,297.0,0.5764,4593.0
1753533381677,12:36:21.677,A/USDT:USDT,0.5761,357.0,0.576,546.0,0.5763,297.0,0.5764,4593.0
1753533381772,12:36:21.772,A/USDT:USDT,0.5763,88.0,0.5762,88.0,0.5764,272.0,0.5765,974.0
1753533381872,12:36:21.872,A/USDT:USDT,0.5763,88.0,0.5762,287.0,0.5764,284.0,0.5765,5296.0
1753533382177,12:36:22.177,A/USDT:USDT,0.5763,88.0,0.5762,287.0,0.5764,313.0,0.5765,5296.0
1753533382555,12:36:22.555,A/USDT:USDT,0.5763,88.0,0.5762,287.0,0.5764,284.0,0.5765,5296.0
1753533382608,12:36:22.608,A/USDT:USDT,0.5762,88.0,0.5761,546.0,0.5764,289.0,0.5765,5296.0
1753533382726,12:36:22.726,A/USDT:USDT,0.5762,88.0,0.5761,546.0,0.5764,306.0,0.5765,5296.0
1753533382817,12:36:22.817,A/USDT:USDT,0.5762,88.0,0.5761,546.0,0.5764,306.0,0.5765,5296.0
1753533382930,12:36:22.930,A/USDT:USDT,0.5762,88.0,0.5761,546.0,0.5764,301.0,0.5765,5296.0
1753533383074,12:36:23.074,A/USDT:USDT,0.5762,88.0,0.5761,546.0,0.5764,301.0,0.5765,5296.0
1753533383082,12:36:23.082,A/USDT:USDT,0.5762,88.0,0.5761,546.0,0.5764,301.0,0.5765,5296.0
1753533384419,12:36:24.419,A/USDT:USDT,0.5762,93.0,0.5761,546.0,0.5764,301.0,0.5765,5296.0
1753533384637,12:36:24.637,A/USDT:USDT,0.5762,88.0,0.5761,546.0,0.5764,301.0,0.5765,5296.0
1753533385876,12:36:25.876,A/USDT:USDT,0.5762,93.0,0.5761,546.0,0.5764,301.0,0.5765,5296.0
1753533386273,12:36:26.273,A/USDT:USDT,0.5762,93.0,0.5761,546.0,0.5764,301.0,0.5765,5296.0
1753533386639,12:36:26.639,A/USDT:USDT,0.5762,93.0,0.5761,546.0,0.5764,301.0,0.5765,5296.0
1753533387757,12:36:27.757,A/USDT:USDT,0.5762,93.0,0.5761,546.0,0.5764,301.0,0.5765,5296.0
1753533387833,12:36:27.833,A/USDT:USDT,0.5762,93.0,0.5761,546.0,0.5764,301.0,0.5765,5296.0
1753533387892,12:36:27.892,A/USDT:USDT,0.5762,93.0,0.5761,546.0,0.5764,301.0,0.5765,5296.0
1753533388198,12:36:28.198,A/USDT:USDT,0.5762,93.0,0.5761,546.0,0.5764,301.0,0.5765,5296.0
1753533388384,12:36:28.384,A/USDT:USDT,0.5762,93.0,0.5761,546.0,0.5764,301.0,0.5765,5296.0
1753533388483,12:36:28.483,A/USDT:USDT,0.5762,88.0,0.5761,546.0,0.5764,301.0,0.5765,5296.0
1753533388702,12:36:28.702,A/USDT:USDT,0.5762,93.0,0.5761,546.0,0.5764,301.0,0.5765,5296.0
1753533389344,12:36:29.344,A/USDT:USDT,0.5762,88.0,0.5761,546.0,0.5764,301.0,0.5765,5296.0
1753533389522,12:36:29.522,A/USDT:USDT,0.5762,88.0,0.5761,546.0,0.5764,306.0,0.5765,5296.0
1753533390585,12:36:30.585,A/USDT:USDT,0.5762,88.0,0.5761,546.0,0.5764,301.0,0.5765,5296.0
1753533391822,12:36:31.822,A/USDT:USDT,0.5762,88.0,0.5761,546.0,0.5764,301.0,0.5765,5296.0
1753533391918,12:36:31.918,A/USDT:USDT,0.5762,88.0,0.5761,546.0,0.5764,306.0,0.5765,5296.0
1753533392052,12:36:32.052,A/USDT:USDT,0.5762,88.0,0.5761,546.0,0.5764,306.0,0.5765,5296.0
1753533392156,12:36:32.156,A/USDT:USDT,0.5762,88.0,0.5761,546.0,0.5764,306.0,0.5765,5296.0
1753533392342,12:36:32.342,A/USDT:USDT,0.5762,88.0,0.5761,546.0,0.5764,272.0,0.5765,5296.0
1753533392383,12:36:32.383,A/USDT:USDT,0.5762,88.0,0.5761,546.0,0.5764,277.0,0.5765,5296.0
1753533392631,12:36:32.631,A/USDT:USDT,0.5762,88.0,0.5761,546.0,0.5764,277.0,0.5765,5296.0
1753533393716,12:36:33.716,A/USDT:USDT,0.5762,88.0,0.5761,546.0,0.5764,277.0,0.5765,5296.0
1753533394898,12:36:34.898,A/USDT:USDT,0.5762,88.0,0.5761,546.0,0.5764,272.0,0.5765,5296.0
1753533395489,12:36:35.489,A/USDT:USDT,0.5762,93.0,0.5761,546.0,0.5764,272.0,0.5765,5296.0
1753533396450,12:36:36.450,A/USDT:USDT,0.5762,88.0,0.5761,546.0,0.5764,272.0,0.5765,5296.0
1753533396803,12:36:36.803,A/USDT:USDT,0.5762,93.0,0.5761,546.0,0.5764,743.0,0.5765,5296.0
1753533396883,12:36:36.883,A/USDT:USDT,0.5762,88.0,0.5761,546.0,0.5764,743.0,0.5765,5296.0
1753533397275,12:36:37.275,A/USDT:USDT,0.5762,88.0,0.5761,546.0,0.5764,743.0,0.5765,5296.0
1753533397447,12:36:37.447,A/USDT:USDT,0.5762,93.0,0.5761,546.0,0.5764,772.0,0.5765,5296.0
1753533397577,12:36:37.577,A/USDT:USDT,0.5762,93.0,0.5761,546.0,0.5764,301.0,0.5765,5296.0
1753533399108,12:36:39.108,A/USDT:USDT,0.5762,93.0,0.5761,546.0,0.5764,296.0,0.5765,5296.0
1753533399189,12:36:39.189,A/USDT:USDT,0.5762,93.0,0.5761,546.0,0.5764,301.0,0.5765,5296.0
1753533399283,12:36:39.283,A/USDT:USDT,0.5762,93.0,0.5761,546.0,0.5764,296.0,0.5765,5296.0
1753533399778,12:36:39.778,A/USDT:USDT,0.5762,88.0,0.5761,546.0,0.5763,266.0,0.5764,267.0
1753533399787,12:36:39.787,A/USDT:USDT,0.5762,88.0,0.5761,546.0,0.5763,278.0,0.5764,267.0
1753533399893,12:36:39.893,A/USDT:USDT,0.5762,88.0,0.5761,546.0,0.5763,278.0,0.5764,267.0
1753533401367,12:36:41.367,A/USDT:USDT,0.5762,88.0,0.5761,546.0,0.5763,12.0,0.5764,267.0
1753533401523,12:36:41.523,A/USDT:USDT,0.5762,88.0,0.5761,546.0,0.5763,12.0,0.5764,267.0
1753533402133,12:36:42.133,A/USDT:USDT,0.5762,88.0,0.5761,546.0,0.5763,12.0,0.5764,267.0
1753533402231,12:36:42.231,A/USDT:USDT,0.5762,88.0,0.5761,546.0,0.5763,12.0,0.5764,267.0
1753533405894,12:36:45.894,A/USDT:USDT,0.5762,88.0,0.5761,546.0,0.5763,66.0,0.5764,267.0
1753533407031,12:36:47.031,A/USDT:USDT,0.5762,88.0,0.5761,546.0,0.5763,66.0,0.5764,267.0
1753533407158,12:36:47.158,A/USDT:USDT,0.5762,88.0,0.5761,546.0,0.5763,66.0,0.5764,267.0
1753533407954,12:36:47.954,A/USDT:USDT,0.5762,88.0,0.5761,546.0,0.5763,66.0,0.5764,267.0
1753533408248,12:36:48.248,A/USDT:USDT,0.576,259.0,0.5759,641.0,0.5763,71.0,0.5764,267.0
1753533408372,12:36:48.372,A/USDT:USDT,0.576,259.0,0.5759,641.0,0.5763,329.0,0.5764,267.0
1753533408395,12:36:48.395,A/USDT:USDT,0.576,259.0,0.5759,641.0,0.5763,329.0,0.5764,267.0
1753533408492,12:36:48.492,A/USDT:USDT,0.576,259.0,0.5759,641.0,0.5763,329.0,0.5764,267.0
1753533408640,12:36:48.640,A/USDT:USDT,0.576,259.0,0.5759,641.0,0.5763,329.0,0.5764,267.0
1753533408785,12:36:48.785,A/USDT:USDT,0.576,259.0,0.5759,641.0,0.5763,329.0,0.5764,267.0
1753533408882,12:36:48.882,A/USDT:USDT,0.576,259.0,0.5759,641.0,0.5763,324.0,0.5764,267.0
1753533411832,12:36:51.832,A/USDT:USDT,0.576,259.0,0.5759,641.0,0.5763,324.0,0.5764,267.0
1753533412019,12:36:52.019,A/USDT:USDT,0.576,259.0,0.5759,641.0,0.5763,324.0,0.5764,267.0
1753533412158,12:36:52.158,A/USDT:USDT,0.576,259.0,0.5759,641.0,0.5763,324.0,0.5764,267.0
1753533412987,12:36:52.987,A/USDT:USDT,0.576,259.0,0.5759,641.0,0.5763,324.0,0.5764,267.0
1753533413236,12:36:53.236,A/USDT:USDT,0.576,259.0,0.5759,641.0,0.5763,324.0,0.5764,267.0
1753533415459,12:36:55.459,A/USDT:USDT,0.576,259.0,0.5759,641.0,0.5763,270.0,0.5764,267.0
1753533416632,12:36:56.632,A/USDT:USDT,0.576,259.0,0.5759,641.0,0.5763,270.0,0.5764,267.0
1753533416864,12:36:56.864,A/USDT:USDT,0.576,259.0,0.5759,641.0,0.5763,270.0,0.5764,267.0
1753533418161,12:36:58.161,A/USDT:USDT,0.576,259.0,0.5759,641.0,0.5763,328.0,0.5764,903.0
1753533418485,12:36:58.485,A/USDT:USDT,0.576,259.0,0.5759,641.0,0.5763,328.0,0.5764,903.0
1753533419938,12:36:59.938,A/USDT:USDT,0.576,259.0,0.5759,641.0,0.5763,70.0,0.5764,267.0
1753533420153,12:37:00.153,A/USDT:USDT,0.576,259.0,0.5759,641.0,0.5763,70.0,0.5764,267.0
1753533421368,12:37:01.368,A/USDT:USDT,0.5762,362.0,0.5761,286.0,0.5763,12.0,0.5765,4941.0
1753533421468,12:37:01.468,A/USDT:USDT,0.5763,88.0,0.5762,550.0,0.5764,12.0,0.5765,4941.0
1753533421578,12:37:01.578,A/USDT:USDT,0.5763,88.0,0.5762,550.0,0.5764,12.0,0.5765,4941.0
1753533421667,12:37:01.667,A/USDT:USDT,0.5763,88.0,0.5762,550.0,0.5764,12.0,0.5765,619.0
1753533421731,12:37:01.731,A/USDT:USDT,0.5763,88.0,0.5762,550.0,0.5764,12.0,0.5765,619.0
1753533422672,12:37:02.672,A/USDT:USDT,0.5763,88.0,0.5762,550.0,0.5764,17.0,0.5765,619.0
1753533422978,12:37:02.978,A/USDT:USDT,0.5763,88.0,0.5762,550.0,0.5764,12.0,0.5765,624.0
1753533422984,12:37:02.984,A/USDT:USDT,0.5763,88.0,0.5762,550.0,0.5764,38.0,0.5765,624.0
1753533424177,12:37:04.177,A/USDT:USDT,0.5763,88.0,0.5762,550.0,0.5764,307.0,0.5765,619.0
1753533424216,12:37:04.216,A/USDT:USDT,0.5763,88.0,0.5762,550.0,0.5764,307.0,0.5765,619.0
1753533424455,12:37:04.455,A/USDT:USDT,0.5763,88.0,0.5762,550.0,0.5764,302.0,0.5765,619.0
1753533424554,12:37:04.554,A/USDT:USDT,0.5763,88.0,0.5762,550.0,0.5764,302.0,0.5765,619.0
1753533424586,12:37:04.586,A/USDT:USDT,0.5763,88.0,0.5762,550.0,0.5764,302.0,0.5765,619.0
1753533425660,12:37:05.660,A/USDT:USDT,0.5763,88.0,0.5762,550.0,0.5764,302.0,0.5765,619.0
1753533425846,12:37:05.846,A/USDT:USDT,0.5763,88.0,0.5762,550.0,0.5764,302.0,0.5765,619.0
1753533426001,12:37:06.001,A/USDT:USDT,0.5763,88.0,0.5762,550.0,0.5764,302.0,0.5765,619.0
1753533426148,12:37:06.148,A/USDT:USDT,0.5763,88.0,0.5762,550.0,0.5764,38.0,0.5765,619.0
1753533426253,12:37:06.253,A/USDT:USDT,0.5763,362.0,0.5762,550.0,0.5764,38.0,0.5765,267.0
1753533426284,12:37:06.284,A/USDT:USDT,0.5763,357.0,0.5762,550.0,0.5764,38.0,0.5765,267.0
1753533426476,12:37:06.476,A/USDT:USDT,0.5763,357.0,0.5762,550.0,0.5764,38.0,0.5765,267.0
1753533426482,12:37:06.482,A/USDT:USDT,0.5763,362.0,0.5762,550.0,0.5764,38.0,0.5765,267.0
1753533426602,12:37:06.602,A/USDT:USDT,0.5763,362.0,0.5762,550.0,0.5764,38.0,0.5765,267.0
1753533427055,12:37:07.055,A/USDT:USDT,0.5763,357.0,0.5762,550.0,0.5764,38.0,0.5765,267.0
1753533427147,12:37:07.147,A/USDT:USDT,0.5763,352.0,0.5762,550.0,0.5764,38.0,0.5765,267.0
1753533427266,12:37:07.266,A/USDT:USDT,0.5763,357.0,0.5762,550.0,0.5764,38.0,0.5765,267.0
1753533427297,12:37:07.297,A/USDT:USDT,0.5763,352.0,0.5762,550.0,0.5764,38.0,0.5765,267.0
1753533427426,12:37:07.426,A/USDT:USDT,0.5763,352.0,0.5762,550.0,0.5764,38.0,0.5765,267.0
1753533427960,12:37:07.960,A/USDT:USDT,0.5763,352.0,0.5762,550.0,0.5764,38.0,0.5765,267.0
1753533428067,12:37:08.067,A/USDT:USDT,0.5763,352.0,0.5762,550.0,0.5764,38.0,0.5765,267.0
1753533428180,12:37:08.180,A/USDT:USDT,0.5763,352.0,0.5762,550.0,0.5764,38.0,0.5765,267.0
1753533428760,12:37:08.760,A/USDT:USDT,0.5763,357.0,0.5762,550.0,0.5764,38.0,0.5765,267.0
1753533428873,12:37:08.873,A/USDT:USDT,0.5763,352.0,0.5762,550.0,0.5764,38.0,0.5765,267.0
1753533428976,12:37:08.976,A/USDT:USDT,0.5763,352.0,0.5762,550.0,0.5764,38.0,0.5765,267.0
1753533429463,12:37:09.463,A/USDT:USDT,0.5763,352.0,0.5762,550.0,0.5764,38.0,0.5765,267.0
1753533429519,12:37:09.519,A/USDT:USDT,0.5763,88.0,0.5762,550.0,0.5764,38.0,0.5765,267.0
1753533429670,12:37:09.670,A/USDT:USDT,0.5763,88.0,0.5762,550.0,0.5764,38.0,0.5765,267.0
1753533430157,12:37:10.157,A/USDT:USDT,0.5763,88.0,0.5762,550.0,0.5764,38.0,0.5765,267.0
1753533430209,12:37:10.209,A/USDT:USDT,0.5763,88.0,0.5762,550.0,0.5764,38.0,0.5765,267.0
1753533430875,12:37:10.875,A/USDT:USDT,0.5763,346.0,0.5762,550.0,0.5764,38.0,0.5765,267.0
1753533430975,12:37:10.975,A/USDT:USDT,0.5763,351.0,0.5762,550.0,0.5764,38.0,0.5766,1599.0
1753533431043,12:37:11.043,A/USDT:USDT,0.5763,346.0,0.5762,550.0,0.5764,26.0,0.5765,12.0
1753533431156,12:37:11.156,A/USDT:USDT,0.5763,346.0,0.5762,550.0,0.5764,26.0,0.5765,12.0
1753533431272,12:37:11.272,A/USDT:USDT,0.5763,346.0,0.5762,550.0,0.5764,26.0,0.5765,12.0
1753533431569,12:37:11.569,A/USDT:USDT,0.5763,346.0,0.5762,550.0,0.5764,26.0,0.5765,12.0
1753533431715,12:37:11.715,A/USDT:USDT,0.5763,346.0,0.5762,550.0,0.5764,26.0,0.5765,12.0
1753533431874,12:37:11.874,A/USDT:USDT,0.5763,346.0,0.5762,550.0,0.5764,26.0,0.5765,12.0
1753533432002,12:37:12.002,A/USDT:USDT,0.5763,346.0,0.5762,550.0,0.5764,26.0,0.5765,12.0
1753533432365,12:37:12.365,A/USDT:USDT,0.5763,346.0,0.5762,550.0,0.5764,26.0,0.5765,12.0
1753533433149,12:37:13.149,A/USDT:USDT,0.5763,346.0,0.5762,550.0,0.5764,26.0,0.5765,12.0
1753533433727,12:37:13.727,A/USDT:USDT,0.5763,346.0,0.5762,550.0,0.5764,26.0,0.5765,12.0
1753533434069,12:37:14.069,A/USDT:USDT,0.5763,346.0,0.5762,550.0,0.5764,26.0,0.5765,12.0
1753533434222,12:37:14.222,A/USDT:USDT,0.5763,346.0,0.5762,550.0,0.5764,26.0,0.5765,12.0
1753533434316,12:37:14.316,A/USDT:USDT,0.5763,346.0,0.5762,550.0,0.5764,26.0,0.5765,12.0
1753533434613,12:37:14.613,A/USDT:USDT,0.5763,346.0,0.5762,550.0,0.5764,26.0,0.5765,12.0
1753533434867,12:37:14.867,A/USDT:USDT,0.5763,346.0,0.5762,550.0,0.5764,26.0,0.5765,12.0
1753533434897,12:37:14.897,A/USDT:USDT,0.5763,346.0,0.5762,550.0,0.5764,26.0,0.5765,12.0
1753533435123,12:37:15.123,A/USDT:USDT,0.5763,346.0,0.5762,550.0,0.5764,26.0,0.5765,12.0
1753533435859,12:37:15.859,A/USDT:USDT,0.5763,346.0,0.5762,550.0,0.5764,26.0,0.5765,12.0
1753533435941,12:37:15.941,A/USDT:USDT,0.5763,346.0,0.5762,550.0,0.5764,26.0,0.5765,12.0
1753533436175,12:37:16.175,A/USDT:USDT,0.5763,351.0,0.5762,550.0,0.5764,26.0,0.5765,12.0
1753533436185,12:37:16.185,A/USDT:USDT,0.5763,346.0,0.5762,550.0,0.5764,26.0,0.5765,12.0
1753533436700,12:37:16.700,A/USDT:USDT,0.5763,346.0,0.5762,550.0,0.5764,26.0,0.5765,12.0
1753533436827,12:37:16.827,A/USDT:USDT,0.5763,346.0,0.5762,550.0,0.5764,26.0,0.5765,12.0
1753533437257,12:37:17.257,A/USDT:USDT,0.5763,346.0,0.5762,550.0,0.5764,26.0,0.5765,12.0
1753533437564,12:37:17.564,A/USDT:USDT,0.5763,346.0,0.5762,550.0,0.5764,26.0,0.5765,12.0
1753533437595,12:37:17.595,A/USDT:USDT,0.5763,346.0,0.5762,550.0,0.5764,26.0,0.5765,12.0
1753533437779,12:37:17.779,A/USDT:USDT,0.5763,356.0,0.5762,550.0,0.5764,26.0,0.5765,12.0
1753533437839,12:37:17.839,A/USDT:USDT,0.5763,346.0,0.5762,550.0,0.5764,26.0,0.5765,12.0
1753533438162,12:37:18.162,A/USDT:USDT,0.5763,346.0,0.5762,550.0,0.5764,26.0,0.5765,12.0
1753533438467,12:37:18.467,A/USDT:USDT,0.5763,346.0,0.5762,550.0,0.5764,26.0,0.5765,12.0
1753533438782,12:37:18.782,A/USDT:USDT,0.5763,346.0,0.5762,550.0,0.5764,26.0,0.5765,12.0
1753533439075,12:37:19.075,A/USDT:USDT,0.5763,346.0,0.5762,550.0,0.5764,26.0,0.5765,12.0
1753533439436,12:37:19.436,A/USDT:USDT,0.5763,351.0,0.5762,550.0,0.5764,26.0,0.5765,12.0
1753533439574,12:37:19.574,A/USDT:USDT,0.5763,351.0,0.5762,550.0,0.5764,26.0,0.5765,12.0
1753533439975,12:37:19.975,A/USDT:USDT,0.5763,346.0,0.5762,550.0,0.5764,26.0,0.5765,12.0
1753533440633,12:37:20.633,A/USDT:USDT,0.5763,346.0,0.5762,550.0,0.5764,26.0,0.5765,12.0
1753533440756,12:37:20.756,A/USDT:USDT,0.5763,711.0,0.5762,550.0,0.5764,26.0,0.5765,12.0
1753533441263,12:37:21.263,A/USDT:USDT,0.5763,701.0,0.5762,550.0,0.5764,26.0,0.5765,12.0
1753533441656,12:37:21.656,A/USDT:USDT,0.5763,701.0,0.5762,550.0,0.5764,26.0,0.5765,12.0
1753533441742,12:37:21.742,A/USDT:USDT,0.5763,711.0,0.5762,550.0,0.5764,26.0,0.5765,12.0
1753533442114,12:37:22.114,A/USDT:USDT,0.5763,706.0,0.5762,550.0,0.5764,26.0,0.5765,12.0
1753533442500,12:37:22.500,A/USDT:USDT,0.5763,701.0,0.5762,550.0,0.5764,26.0,0.5765,12.0
1753533442633,12:37:22.633,A/USDT:USDT,0.5763,701.0,0.5762,550.0,0.5764,26.0,0.5765,12.0
1753533443267,12:37:23.267,A/USDT:USDT,0.5763,711.0,0.5762,550.0,0.5764,26.0,0.5765,12.0
1753533443320,12:37:23.320,A/USDT:USDT,0.5763,711.0,0.5762,550.0,0.5764,26.0,0.5765,12.0
1753533443417,12:37:23.417,A/USDT:USDT,0.5763,711.0,0.5762,550.0,0.5764,26.0,0.5765,12.0
1753533444152,12:37:24.152,A/USDT:USDT,0.5763,706.0,0.5762,550.0,0.5764,26.0,0.5765,12.0
1753533444272,12:37:24.272,A/USDT:USDT,0.5763,701.0,0.5762,550.0,0.5764,26.0,0.5765,12.0
1753533445454,12:37:25.454,A/USDT:USDT,0.5763,701.0,0.5762,550.0,0.5764,26.0,0.5765,12.0
1753533446274,12:37:26.274,A/USDT:USDT,0.5763,711.0,0.5762,550.0,0.5764,26.0,0.5765,12.0
1753533446877,12:37:26.877,A/USDT:USDT,0.5763,346.0,0.5762,550.0,0.5764,26.0,0.5765,12.0
1753533446978,12:37:26.978,A/USDT:USDT,0.5763,346.0,0.5762,905.0,0.5764,26.0,0.5765,12.0
1753533447046,12:37:27.046,A/USDT:USDT,0.5764,88.0,0.5763,543.0,0.5765,12.0,0.5766,1599.0
1753533447155,12:37:27.155,A/USDT:USDT,0.5764,88.0,0.5763,543.0,0.5765,281.0,0.5766,1599.0
1753533447242,12:37:27.242,A/USDT:USDT,0.5764,88.0,0.5763,543.0,0.5765,281.0,0.5766,1599.0
1753533447962,12:37:27.962,A/USDT:USDT,0.5764,88.0,0.5763,543.0,0.5765,276.0,0.5766,1599.0
1753533448075,12:37:28.075,A/USDT:USDT,0.5764,88.0,0.5763,543.0,0.5765,276.0,0.5766,1599.0
1753533448081,12:37:28.081,A/USDT:USDT,0.5764,88.0,0.5763,543.0,0.5765,276.0,0.5766,1599.0
1753533448899,12:37:28.899,A/USDT:USDT,0.5764,88.0,0.5763,543.0,0.5765,12.0,0.5766,1599.0
1753533449015,12:37:29.015,A/USDT:USDT,0.5764,88.0,0.5763,543.0,0.5765,48.0,0.5766,1599.0
1753533450242,12:37:30.242,A/USDT:USDT,0.5764,88.0,0.5763,543.0,0.5765,312.0,0.5766,1599.0
1753533450775,12:37:30.775,A/USDT:USDT,0.5764,88.0,0.5763,543.0,0.5765,312.0,0.5766,1599.0
1753533451167,12:37:31.167,A/USDT:USDT,0.5764,88.0,0.5763,543.0,0.5765,312.0,0.5766,1599.0
1753533451182,12:37:31.182,A/USDT:USDT,0.5764,88.0,0.5763,543.0,0.5765,312.0,0.5766,1599.0
1753533451282,12:37:31.282,A/USDT:USDT,0.5764,88.0,0.5763,543.0,0.5765,312.0,0.5766,1599.0
1753533454162,12:37:34.162,A/USDT:USDT,0.5764,88.0,0.5763,543.0,0.5765,302.0,0.5766,1599.0
1753533454296,12:37:34.296,A/USDT:USDT,0.5764,88.0,0.5763,543.0,0.5765,307.0,0.5766,1599.0
1753533455037,12:37:35.037,A/USDT:USDT,0.5764,88.0,0.5763,543.0,0.5765,302.0,0.5766,1599.0
1753533455814,12:37:35.814,A/USDT:USDT,0.5764,88.0,0.5763,543.0,0.5765,38.0,0.5766,1599.0
1753533456078,12:37:36.078,A/USDT:USDT,0.5764,352.0,0.5763,543.0,0.5765,38.0,0.5766,268.0
1753533456257,12:37:36.257,A/USDT:USDT,0.5764,357.0,0.5763,543.0,0.5765,38.0,0.5766,1643.0
1753533456350,12:37:36.350,A/USDT:USDT,0.5764,362.0,0.5763,543.0,0.5765,38.0,0.5767,268.0
1753533456388,12:37:36.388,A/USDT:USDT,0.5764,362.0,0.5763,543.0,0.5765,26.0,0.5766,12.0
1753533456522,12:37:36.522,A/USDT:USDT,0.5764,362.0,0.5763,543.0,0.5765,26.0,0.5766,12.0
1753533457464,12:37:37.464,A/USDT:USDT,0.5764,352.0,0.5763,543.0,0.5765,26.0,0.5766,12.0
1753533457633,12:37:37.633,A/USDT:USDT,0.5764,357.0,0.5763,543.0,0.5765,26.0,0.5766,12.0
1753533457722,12:37:37.722,A/USDT:USDT,0.5764,357.0,0.5763,543.0,0.5765,26.0,0.5766,12.0
1753533458110,12:37:38.110,A/USDT:USDT,0.5764,362.0,0.5763,543.0,0.5765,26.0,0.5766,12.0
1753533458251,12:37:38.251,A/USDT:USDT,0.5764,357.0,0.5763,543.0,0.5765,26.0,0.5766,12.0
1753533458641,12:37:38.641,A/USDT:USDT,0.5764,357.0,0.5763,543.0,0.5765,26.0,0.5766,12.0
1753533458969,12:37:38.969,A/USDT:USDT,0.5764,362.0,0.5763,543.0,0.5765,26.0,0.5766,12.0
1753533459067,12:37:39.067,A/USDT:USDT,0.5764,352.0,0.5763,543.0,0.5765,26.0,0.5766,12.0
1753533459179,12:37:39.179,A/USDT:USDT,0.5764,362.0,0.5763,543.0,0.5765,26.0,0.5766,12.0
1753533459214,12:37:39.214,A/USDT:USDT,0.5764,362.0,0.5763,543.0,0.5765,26.0,0.5766,12.0
1753533459833,12:37:39.833,A/USDT:USDT,0.5764,362.0,0.5763,543.0,0.5765,26.0,0.5766,12.0
1753533460547,12:37:40.547,A/USDT:USDT,0.5764,362.0,0.5763,543.0,0.5765,26.0,0.5766,12.0
1753533461270,12:37:41.270,A/USDT:USDT,0.5764,357.0,0.5763,543.0,0.5765,26.0,0.5766,12.0
1753533461372,12:37:41.372,A/USDT:USDT,0.5764,362.0,0.5763,543.0,0.5765,26.0,0.5766,12.0
1753533461430,12:37:41.430,A/USDT:USDT,0.5764,362.0,0.5763,543.0,0.5765,26.0,0.5766,12.0
1753533461868,12:37:41.868,A/USDT:USDT,0.5764,472.0,0.5763,543.0,0.5765,26.0,0.5766,12.0
