timestamp,time,symbol,bid1_price,bid1_volume,bid2_price,bid2_volume,ask1_price,ask1_volume,ask2_price,ask2_volume
1753533019000,12:30:19.000,BIO/USDT:USDT,0.06259,7.0,0.06258,32.0,0.06265,704.0,0.06266,736.0
1753533022745,12:30:22.745,BIO/USDT:USDT,0.06259,7.0,0.06258,32.0,0.06265,704.0,0.06266,736.0
1753533022859,12:30:22.859,BIO/USDT:USDT,0.06259,7.0,0.06258,32.0,0.06265,704.0,0.06266,736.0
1753533022963,12:30:22.963,BIO/USDT:USDT,0.06259,7.0,0.06258,32.0,0.06265,704.0,0.06266,736.0
1753533023879,12:30:23.879,BIO/USDT:USDT,0.06259,7.0,0.06258,32.0,0.06265,704.0,0.06266,736.0
1753533023997,12:30:23.997,BIO/USDT:USDT,0.06259,7.0,0.06258,32.0,0.06264,656.0,0.06265,704.0
1753533024025,12:30:24.025,BIO/USDT:USDT,0.06259,7.0,0.06258,32.0,0.06264,656.0,0.06265,704.0
1753533024204,12:30:24.204,BIO/USDT:USDT,0.06259,7.0,0.06258,32.0,0.06264,656.0,0.06265,704.0
1753533024302,12:30:24.302,BIO/USDT:USDT,0.06259,7.0,0.06258,32.0,0.06264,656.0,0.06265,704.0
1753533025413,12:30:25.413,BIO/USDT:USDT,0.06259,7.0,0.06258,32.0,0.06264,656.0,0.06265,704.0
1753533025828,12:30:25.828,BIO/USDT:USDT,0.06259,7.0,0.06258,32.0,0.06264,656.0,0.06265,704.0
1753533026343,12:30:26.343,BIO/USDT:USDT,0.06259,7.0,0.06258,32.0,0.06264,656.0,0.06265,704.0
1753533027810,12:30:27.810,BIO/USDT:USDT,0.06259,7.0,0.06258,32.0,0.06264,656.0,0.06265,704.0
1753533028307,12:30:28.307,BIO/USDT:USDT,0.06259,7.0,0.06258,32.0,0.06264,656.0,0.06265,704.0
1753533030301,12:30:30.301,BIO/USDT:USDT,0.06259,7.0,0.06258,32.0,0.06264,656.0,0.06265,704.0
1753533031306,12:30:31.306,BIO/USDT:USDT,0.06259,7.0,0.06258,32.0,0.06264,656.0,0.06265,704.0
1753533032933,12:30:32.933,BIO/USDT:USDT,0.06259,7.0,0.06258,32.0,0.06264,656.0,0.06265,704.0
1753533034659,12:30:34.659,BIO/USDT:USDT,0.06259,7.0,0.06258,32.0,0.06264,656.0,0.06265,704.0
1753533035583,12:30:35.583,BIO/USDT:USDT,0.06259,7.0,0.06258,32.0,0.06264,656.0,0.06265,704.0
1753533035691,12:30:35.691,BIO/USDT:USDT,0.06259,7.0,0.06258,32.0,0.06264,656.0,0.06265,704.0
1753533036255,12:30:36.255,BIO/USDT:USDT,0.06259,7.0,0.06258,32.0,0.06264,656.0,0.06265,704.0
1753533036685,12:30:36.685,BIO/USDT:USDT,0.06259,7.0,0.06258,32.0,0.06264,656.0,0.06265,704.0
1753533038511,12:30:38.511,BIO/USDT:USDT,0.06252,294.0,0.06251,679.0,0.06264,656.0,0.06265,704.0
1753533038592,12:30:38.592,BIO/USDT:USDT,0.06252,294.0,0.06251,679.0,0.06264,656.0,0.06265,704.0
1753533038702,12:30:38.702,BIO/USDT:USDT,0.06252,294.0,0.06251,679.0,0.06264,656.0,0.06265,704.0
1753533038803,12:30:38.803,BIO/USDT:USDT,0.06252,294.0,0.06251,679.0,0.06264,656.0,0.06265,704.0
1753533039192,12:30:39.192,BIO/USDT:USDT,0.06252,294.0,0.06251,679.0,0.06264,656.0,0.06265,704.0
1753533039354,12:30:39.354,BIO/USDT:USDT,0.06252,294.0,0.06251,679.0,0.06264,656.0,0.06265,704.0
1753533039417,12:30:39.417,BIO/USDT:USDT,0.06252,294.0,0.06251,679.0,0.06264,656.0,0.06265,704.0
1753533039601,12:30:39.601,BIO/USDT:USDT,0.06252,294.0,0.06251,679.0,0.06264,656.0,0.06265,704.0
1753533039702,12:30:39.702,BIO/USDT:USDT,0.06252,294.0,0.06251,679.0,0.06264,656.0,0.06265,704.0
1753533039805,12:30:39.805,BIO/USDT:USDT,0.06252,294.0,0.06251,679.0,0.06264,656.0,0.06265,704.0
1753533039835,12:30:39.835,BIO/USDT:USDT,0.06252,294.0,0.06251,679.0,0.06264,656.0,0.06265,704.0
1753533041692,12:30:41.692,BIO/USDT:USDT,0.06252,294.0,0.06251,679.0,0.06264,656.0,0.06265,704.0
1753533041847,12:30:41.847,BIO/USDT:USDT,0.06252,294.0,0.06251,679.0,0.06264,656.0,0.06265,704.0
1753533042708,12:30:42.708,BIO/USDT:USDT,0.06252,294.0,0.06251,679.0,0.06263,663.0,0.06264,656.0
1753533042859,12:30:42.859,BIO/USDT:USDT,0.06252,294.0,0.06251,679.0,0.06264,656.0,0.06265,704.0
1753533043610,12:30:43.610,BIO/USDT:USDT,0.06252,294.0,0.06251,679.0,0.06264,1596.0,0.06265,704.0
1753533043617,12:30:43.617,BIO/USDT:USDT,0.06252,349.0,0.06251,679.0,0.06263,663.0,0.06264,656.0
1753533043765,12:30:43.765,BIO/USDT:USDT,0.06252,349.0,0.06251,679.0,0.06264,656.0,0.06265,704.0
1753533044010,12:30:44.010,BIO/USDT:USDT,0.06252,349.0,0.06251,679.0,0.06264,656.0,0.06265,704.0
1753533044468,12:30:44.468,BIO/USDT:USDT,0.06252,349.0,0.06251,679.0,0.06264,656.0,0.06265,704.0
1753533045391,12:30:45.391,BIO/USDT:USDT,0.06252,349.0,0.06251,679.0,0.06263,663.0,0.06264,2268.0
1753533045440,12:30:45.440,BIO/USDT:USDT,0.06252,349.0,0.06251,679.0,0.06263,663.0,0.06264,2268.0
1753533046071,12:30:46.071,BIO/USDT:USDT,0.06252,349.0,0.06251,679.0,0.06263,663.0,0.06264,2268.0
1753533046144,12:30:46.144,BIO/USDT:USDT,0.06252,349.0,0.06251,679.0,0.06263,663.0,0.06264,2268.0
1753533047057,12:30:47.057,BIO/USDT:USDT,0.06252,349.0,0.06251,679.0,0.06263,663.0,0.06264,2268.0
1753533047559,12:30:47.559,BIO/USDT:USDT,0.06252,349.0,0.0625,319.0,0.06262,663.0,0.06263,7242.0
1753533047655,12:30:47.655,BIO/USDT:USDT,0.06252,55.0,0.06251,294.0,0.06262,663.0,0.06263,7242.0
1753533048095,12:30:48.095,BIO/USDT:USDT,0.06252,55.0,0.06251,294.0,0.06262,663.0,0.06263,7242.0
1753533048321,12:30:48.321,BIO/USDT:USDT,0.06252,55.0,0.06251,294.0,0.06262,663.0,0.06263,7242.0
1753533048684,12:30:48.684,BIO/USDT:USDT,0.06252,55.0,0.06251,294.0,0.06263,1858.0,0.06265,672.0
1753533049316,12:30:49.316,BIO/USDT:USDT,0.06252,55.0,0.06251,294.0,0.06263,1858.0,0.06265,672.0
1753533050066,12:30:50.066,BIO/USDT:USDT,0.06252,55.0,0.06251,294.0,0.06263,1858.0,0.06265,672.0
1753533050393,12:30:50.393,BIO/USDT:USDT,0.06252,55.0,0.06251,294.0,0.06263,3788.0,0.06265,672.0
1753533051024,12:30:51.024,BIO/USDT:USDT,0.06252,55.0,0.06251,294.0,0.06263,3788.0,0.06265,672.0
1753533051245,12:30:51.245,BIO/USDT:USDT,0.06252,55.0,0.06251,294.0,0.06263,3788.0,0.06265,672.0
1753533052369,12:30:52.369,BIO/USDT:USDT,0.06252,55.0,0.06251,294.0,0.06263,3788.0,0.06265,672.0
1753533052418,12:30:52.418,BIO/USDT:USDT,0.06252,55.0,0.06251,294.0,0.06263,3788.0,0.06265,672.0
1753533054735,12:30:54.735,BIO/USDT:USDT,0.06252,55.0,0.06251,294.0,0.06263,3788.0,0.06265,672.0
1753533055155,12:30:55.155,BIO/USDT:USDT,0.06252,55.0,0.06251,294.0,0.06263,3788.0,0.06265,672.0
1753533055300,12:30:55.300,BIO/USDT:USDT,0.06252,55.0,0.06251,294.0,0.06263,3798.0,0.06265,672.0
1753533055566,12:30:55.566,BIO/USDT:USDT,0.06252,55.0,0.06251,294.0,0.06263,3798.0,0.06265,672.0
1753533055973,12:30:55.973,BIO/USDT:USDT,0.06252,55.0,0.06251,294.0,0.06263,3798.0,0.06265,672.0
1753533056057,12:30:56.057,BIO/USDT:USDT,0.06252,55.0,0.06251,294.0,0.06263,3798.0,0.06265,672.0
1753533057109,12:30:57.109,BIO/USDT:USDT,0.06252,55.0,0.06251,294.0,0.06263,3798.0,0.06265,672.0
1753533059605,12:30:59.605,BIO/USDT:USDT,0.06252,55.0,0.06251,294.0,0.06262,656.0,0.06265,672.0
1753533059620,12:30:59.620,BIO/USDT:USDT,0.06252,55.0,0.0625,294.0,0.06262,656.0,0.06265,672.0
1753533059763,12:30:59.763,BIO/USDT:USDT,0.06252,55.0,0.0625,613.0,0.06264,656.0,0.06265,2820.0
1753533060172,12:31:00.172,BIO/USDT:USDT,0.06252,55.0,0.0625,613.0,0.06264,656.0,0.06265,2820.0
1753533060275,12:31:00.275,BIO/USDT:USDT,0.06252,55.0,0.0625,613.0,0.06263,656.0,0.06264,2804.0
1753533060488,12:31:00.488,BIO/USDT:USDT,0.06252,55.0,0.0625,613.0,0.06263,656.0,0.06264,9383.0
1753533060540,12:31:00.540,BIO/USDT:USDT,0.06252,55.0,0.0625,613.0,0.06263,656.0,0.06264,9383.0
1753533060654,12:31:00.654,BIO/USDT:USDT,0.06252,55.0,0.0625,613.0,0.06263,656.0,0.06264,9383.0
1753533060900,12:31:00.900,BIO/USDT:USDT,0.06252,55.0,0.0625,613.0,0.06263,656.0,0.06264,7235.0
1753533060964,12:31:00.964,BIO/USDT:USDT,0.06252,55.0,0.0625,294.0,0.06262,656.0,0.06263,2857.0
1753533061028,12:31:01.028,BIO/USDT:USDT,0.0625,294.0,0.06249,319.0,0.06262,656.0,0.06263,2857.0
1753533061164,12:31:01.164,BIO/USDT:USDT,0.0625,294.0,0.06249,319.0,0.06261,656.0,0.06262,2663.0
1753533061392,12:31:01.392,BIO/USDT:USDT,0.0625,294.0,0.06249,319.0,0.06261,656.0,0.06262,2663.0
1753533061524,12:31:01.524,BIO/USDT:USDT,0.0625,294.0,0.06249,319.0,0.06261,656.0,0.06262,2663.0
1753533061702,12:31:01.702,BIO/USDT:USDT,0.0625,294.0,0.06249,319.0,0.06261,865.0,0.06262,2663.0
1753533061757,12:31:01.757,BIO/USDT:USDT,0.0625,294.0,0.06249,319.0,0.06261,865.0,0.06262,2663.0
1753533062065,12:31:02.065,BIO/USDT:USDT,0.0625,294.0,0.06248,327.0,0.0626,656.0,0.06261,865.0
1753533062207,12:31:02.207,BIO/USDT:USDT,0.06249,294.0,0.06248,327.0,0.06262,656.0,0.06263,3849.0
1753533062214,12:31:02.214,BIO/USDT:USDT,0.06249,294.0,0.06248,327.0,0.06261,3025.0,0.06262,656.0
1753533062367,12:31:02.367,BIO/USDT:USDT,0.06249,294.0,0.06248,327.0,0.0626,656.0,0.06262,656.0
1753533062539,12:31:02.539,BIO/USDT:USDT,0.06249,434.0,0.06248,327.0,0.06261,656.0,0.06262,2876.0
1753533063195,12:31:03.195,BIO/USDT:USDT,0.06249,294.0,0.06248,327.0,0.06261,656.0,0.06262,2876.0
1753533063290,12:31:03.290,BIO/USDT:USDT,0.06249,294.0,0.06248,327.0,0.06261,656.0,0.06262,2876.0
1753533063442,12:31:03.442,BIO/USDT:USDT,0.06249,294.0,0.06248,327.0,0.06261,656.0,0.06262,2876.0
1753533064273,12:31:04.273,BIO/USDT:USDT,0.06249,294.0,0.06248,327.0,0.06261,656.0,0.06262,2876.0
1753533064518,12:31:04.518,BIO/USDT:USDT,0.06249,294.0,0.06248,327.0,0.06261,656.0,0.06262,2876.0
1753533064668,12:31:04.668,BIO/USDT:USDT,0.06249,294.0,0.06248,327.0,0.06261,656.0,0.06262,2876.0
1753533065292,12:31:05.292,BIO/USDT:USDT,0.06249,294.0,0.06248,327.0,0.06261,863.0,0.06262,2876.0
1753533065395,12:31:05.395,BIO/USDT:USDT,0.06249,294.0,0.06248,327.0,0.06261,711.0,0.06262,2876.0
1753533065558,12:31:05.558,BIO/USDT:USDT,0.06249,294.0,0.06248,327.0,0.06261,2240.0,0.06262,656.0
1753533067594,12:31:07.594,BIO/USDT:USDT,0.06249,294.0,0.06248,327.0,0.06261,2185.0,0.06262,656.0
1753533068326,12:31:08.326,BIO/USDT:USDT,0.06249,474.0,0.06248,327.0,0.06262,656.0,0.06263,3849.0
1753533068602,12:31:08.602,BIO/USDT:USDT,0.06249,294.0,0.06248,327.0,0.06262,846.0,0.06263,3849.0
1753533068627,12:31:08.627,BIO/USDT:USDT,0.06249,294.0,0.06248,327.0,0.06262,656.0,0.06263,3849.0
1753533069083,12:31:09.083,BIO/USDT:USDT,0.0625,673.0,0.06249,1286.0,0.06262,656.0,0.06263,3849.0
1753533069176,12:31:09.176,BIO/USDT:USDT,0.06251,294.0,0.0625,673.0,0.06263,656.0,0.06264,7235.0
1753533069263,12:31:09.263,BIO/USDT:USDT,0.06251,294.0,0.0625,673.0,0.06263,656.0,0.06264,7235.0
1753533069402,12:31:09.402,BIO/USDT:USDT,0.06251,294.0,0.0625,992.0,0.06264,656.0,0.06265,3865.0
1753533069502,12:31:09.502,BIO/USDT:USDT,0.06251,294.0,0.0625,992.0,0.06264,656.0,0.06265,3865.0
1753533069547,12:31:09.547,BIO/USDT:USDT,0.06251,294.0,0.0625,992.0,0.06264,656.0,0.06265,3865.0
1753533069665,12:31:09.665,BIO/USDT:USDT,0.06251,294.0,0.0625,992.0,0.06264,907.0,0.06265,3865.0
1753533069975,12:31:09.975,BIO/USDT:USDT,0.06251,294.0,0.0625,992.0,0.06264,907.0,0.06265,3865.0
1753533070099,12:31:10.099,BIO/USDT:USDT,0.06251,294.0,0.0625,992.0,0.06264,656.0,0.06265,3865.0
1753533070288,12:31:10.288,BIO/USDT:USDT,0.06251,294.0,0.0625,992.0,0.06264,907.0,0.06265,3865.0
1753533070410,12:31:10.410,BIO/USDT:USDT,0.06251,294.0,0.0625,992.0,0.06264,907.0,0.06265,3865.0
1753533074301,12:31:14.301,BIO/USDT:USDT,0.06251,294.0,0.0625,992.0,0.06264,656.0,0.06265,3865.0
1753533076669,12:31:16.669,BIO/USDT:USDT,0.06251,294.0,0.0625,992.0,0.06264,711.0,0.06265,3865.0
1753533077722,12:31:17.722,BIO/USDT:USDT,0.06251,294.0,0.0625,992.0,0.06264,711.0,0.06265,3865.0
1753533078000,12:31:18.000,BIO/USDT:USDT,0.06252,666.0,0.06251,960.0,0.06264,711.0,0.06265,3865.0
1753533078099,12:31:18.099,BIO/USDT:USDT,0.06252,666.0,0.06251,960.0,0.06265,3865.0,0.06266,672.0
1753533078206,12:31:18.206,BIO/USDT:USDT,0.06252,666.0,0.06251,960.0,0.06265,4000.0,0.06266,672.0
1753533078252,12:31:18.252,BIO/USDT:USDT,0.06252,666.0,0.06251,960.0,0.06265,4000.0,0.06266,672.0
1753533078496,12:31:18.496,BIO/USDT:USDT,0.06252,666.0,0.06251,960.0,0.06265,4000.0,0.06267,672.0
1753533078679,12:31:18.679,BIO/USDT:USDT,0.06252,666.0,0.06251,960.0,0.06265,3865.0,0.06267,672.0
1753533078763,12:31:18.763,BIO/USDT:USDT,0.06253,294.0,0.06252,985.0,0.06265,3865.0,0.06267,672.0
1753533078911,12:31:18.911,BIO/USDT:USDT,0.06253,294.0,0.06252,985.0,0.06265,3865.0,0.06267,672.0
1753533078912,12:31:18.912,BIO/USDT:USDT,0.06253,294.0,0.06252,985.0,0.06265,3865.0,0.06267,672.0
1753533079095,12:31:19.095,BIO/USDT:USDT,0.06253,613.0,0.06252,666.0,0.06266,666.0,0.06267,859.0
1753533079333,12:31:19.333,BIO/USDT:USDT,0.06253,613.0,0.06252,666.0,0.06266,666.0,0.06267,859.0
1753533080152,12:31:20.152,BIO/USDT:USDT,0.06253,613.0,0.06252,666.0,0.06266,666.0,0.06267,859.0
1753533080484,12:31:20.484,BIO/USDT:USDT,0.06253,613.0,0.06252,666.0,0.06266,666.0,0.06267,859.0
1753533080595,12:31:20.595,BIO/USDT:USDT,0.06253,613.0,0.06251,666.0,0.06266,666.0,0.06267,859.0
1753533080622,12:31:20.622,BIO/USDT:USDT,0.06253,294.0,0.06252,319.0,0.06266,666.0,0.06267,859.0
1753533081096,12:31:21.096,BIO/USDT:USDT,0.06253,294.0,0.06252,319.0,0.06266,666.0,0.06267,859.0
1753533081175,12:31:21.175,BIO/USDT:USDT,0.06253,294.0,0.06252,319.0,0.06266,666.0,0.06267,859.0
1753533082741,12:31:22.741,BIO/USDT:USDT,0.06253,294.0,0.06252,319.0,0.06266,666.0,0.06267,859.0
1753533083003,12:31:23.003,BIO/USDT:USDT,0.06253,294.0,0.06252,319.0,0.06266,666.0,0.06267,672.0
1753533083023,12:31:23.023,BIO/USDT:USDT,0.06253,613.0,0.0625,673.0,0.06267,672.0,0.06268,7251.0
1753533083176,12:31:23.176,BIO/USDT:USDT,0.06253,294.0,0.06251,319.0,0.06265,666.0,0.06266,666.0
1753533083219,12:31:23.219,BIO/USDT:USDT,0.06252,294.0,0.06251,319.0,0.06265,666.0,0.06266,666.0
1753533083393,12:31:23.393,BIO/USDT:USDT,0.06252,294.0,0.06251,319.0,0.06265,666.0,0.06266,666.0
1753533083496,12:31:23.496,BIO/USDT:USDT,0.06252,294.0,0.06251,319.0,0.06265,666.0,0.06266,1064.0
1753533083695,12:31:23.695,BIO/USDT:USDT,0.06252,294.0,0.06251,319.0,0.06265,666.0,0.06266,666.0
1753533083836,12:31:23.836,BIO/USDT:USDT,0.06252,294.0,0.06251,319.0,0.06265,666.0,0.06266,1064.0
1753533084260,12:31:24.260,BIO/USDT:USDT,0.06252,294.0,0.06251,319.0,0.06265,666.0,0.06266,666.0
1753533084412,12:31:24.412,BIO/USDT:USDT,0.06252,294.0,0.06251,319.0,0.06266,1144.0,0.06267,862.0
1753533084417,12:31:24.417,BIO/USDT:USDT,0.06252,294.0,0.06251,319.0,0.06265,666.0,0.06266,1144.0
1753533084597,12:31:24.597,BIO/USDT:USDT,0.06252,294.0,0.06251,319.0,0.06266,666.0,0.06267,862.0
1753533084662,12:31:24.662,BIO/USDT:USDT,0.06252,294.0,0.06251,319.0,0.06265,666.0,0.06266,666.0
1753533084806,12:31:24.806,BIO/USDT:USDT,0.06252,613.0,0.0625,673.0,0.06265,666.0,0.06266,1144.0
1753533084847,12:31:24.847,BIO/USDT:USDT,0.06252,294.0,0.06251,319.0,0.06265,666.0,0.06266,666.0
1753533084978,12:31:24.978,BIO/USDT:USDT,0.06252,294.0,0.06251,319.0,0.06265,666.0,0.06266,666.0
1753533085146,12:31:25.146,BIO/USDT:USDT,0.06252,613.0,0.06249,673.0,0.06265,666.0,0.06266,1144.0
1753533085310,12:31:25.310,BIO/USDT:USDT,0.06252,613.0,0.06249,673.0,0.06265,666.0,0.06266,666.0
1753533085316,12:31:25.316,BIO/USDT:USDT,0.06252,294.0,0.0625,319.0,0.06266,666.0,0.06267,862.0
1753533085435,12:31:25.435,BIO/USDT:USDT,0.06252,319.0,0.06251,294.0,0.06265,666.0,0.06266,2607.0
1753533085592,12:31:25.592,BIO/USDT:USDT,0.06253,294.0,0.0625,319.0,0.06266,2607.0,0.06267,862.0
1753533085622,12:31:25.622,BIO/USDT:USDT,0.06251,294.0,0.0625,319.0,0.06265,666.0,0.06266,666.0
1753533085775,12:31:25.775,BIO/USDT:USDT,0.06251,613.0,0.06249,673.0,0.06265,666.0,0.06266,2627.0
1753533085851,12:31:25.851,BIO/USDT:USDT,0.06251,613.0,0.06249,673.0,0.06265,666.0,0.06266,666.0
1753533085927,12:31:25.927,BIO/USDT:USDT,0.06251,613.0,0.06249,673.0,0.06266,666.0,0.06267,862.0
1753533086210,12:31:26.210,BIO/USDT:USDT,0.06251,613.0,0.06249,673.0,0.06266,760.0,0.06267,862.0
1753533086265,12:31:26.265,BIO/USDT:USDT,0.06251,613.0,0.06249,673.0,0.06265,666.0,0.06266,856.0
1753533086682,12:31:26.682,BIO/USDT:USDT,0.06251,613.0,0.06249,673.0,0.06265,666.0,0.06266,856.0
1753533087498,12:31:27.498,BIO/USDT:USDT,0.06251,613.0,0.06249,673.0,0.06265,666.0,0.06266,856.0
1753533089302,12:31:29.302,BIO/USDT:USDT,0.06251,613.0,0.06249,673.0,0.06267,672.0,0.06268,10444.0
1753533089491,12:31:29.491,BIO/USDT:USDT,0.06251,613.0,0.06249,673.0,0.06265,661.0,0.06266,190.0
1753533089519,12:31:29.519,BIO/USDT:USDT,0.06251,613.0,0.06249,673.0,0.06265,661.0,0.06266,190.0
1753533089931,12:31:29.931,BIO/USDT:USDT,0.06251,613.0,0.06249,673.0,0.06265,661.0,0.06266,190.0
1753533090363,12:31:30.363,BIO/USDT:USDT,0.06252,661.0,0.06251,613.0,0.06265,661.0,0.06266,190.0
1753533090422,12:31:30.422,BIO/USDT:USDT,0.06253,294.0,0.06252,661.0,0.06265,661.0,0.06266,190.0
1753533090755,12:31:30.755,BIO/USDT:USDT,0.06253,294.0,0.06252,661.0,0.06265,661.0,0.06266,190.0
1753533091186,12:31:31.186,BIO/USDT:USDT,0.06253,294.0,0.06252,661.0,0.06265,661.0,0.06266,190.0
1753533091355,12:31:31.355,BIO/USDT:USDT,0.06253,294.0,0.06252,661.0,0.06267,672.0,0.06268,10444.0
1753533091501,12:31:31.501,BIO/USDT:USDT,0.06253,294.0,0.06252,661.0,0.06265,190.0,0.06267,672.0
1753533091675,12:31:31.675,BIO/USDT:USDT,0.06253,613.0,0.06252,661.0,0.06266,661.0,0.06267,1150.0
1753533092289,12:31:32.289,BIO/USDT:USDT,0.06253,613.0,0.06252,661.0,0.06266,661.0,0.06267,1150.0
1753533092410,12:31:32.410,BIO/USDT:USDT,0.06253,668.0,0.06252,661.0,0.06266,661.0,0.06267,1150.0
1753533093496,12:31:33.496,BIO/USDT:USDT,0.06253,668.0,0.06252,661.0,0.06266,94.0,0.06267,672.0
1753533093697,12:31:33.697,BIO/USDT:USDT,0.06254,661.0,0.06253,668.0,0.06267,672.0,0.06268,10444.0
1753533093737,12:31:33.737,BIO/USDT:USDT,0.06255,294.0,0.06254,661.0,0.06267,1120.0,0.06268,10444.0
1753533093851,12:31:33.851,BIO/USDT:USDT,0.06255,294.0,0.06254,661.0,0.06267,1120.0,0.06268,10444.0
1753533094029,12:31:34.029,BIO/USDT:USDT,0.06255,294.0,0.06254,661.0,0.06267,1120.0,0.06268,10444.0
1753533094466,12:31:34.466,BIO/USDT:USDT,0.06255,294.0,0.06254,661.0,0.06267,1120.0,0.06268,10444.0
1753533095410,12:31:35.410,BIO/USDT:USDT,0.06255,294.0,0.06254,661.0,0.06267,672.0,0.06268,3865.0
1753533095505,12:31:35.505,BIO/USDT:USDT,0.06255,294.0,0.06254,661.0,0.06267,672.0,0.06268,3865.0
1753533095684,12:31:35.684,BIO/USDT:USDT,0.06255,294.0,0.06254,661.0,0.06267,672.0,0.06268,3865.0
1753533095758,12:31:35.758,BIO/USDT:USDT,0.06255,294.0,0.06254,661.0,0.06267,672.0,0.06268,3865.0
1753533095855,12:31:35.855,BIO/USDT:USDT,0.06255,294.0,0.06254,661.0,0.06267,672.0,0.06268,3865.0
1753533096286,12:31:36.286,BIO/USDT:USDT,0.06255,349.0,0.06254,661.0,0.06267,672.0,0.06268,3865.0
1753533096348,12:31:36.348,BIO/USDT:USDT,0.06255,349.0,0.06254,980.0,0.06268,672.0,0.06271,4513.0
1753533096500,12:31:36.500,BIO/USDT:USDT,0.06255,349.0,0.06254,980.0,0.06268,672.0,0.06271,4513.0
1753533096794,12:31:36.794,BIO/USDT:USDT,0.06255,1010.0,0.06254,980.0,0.06268,672.0,0.06271,4513.0
1753533096905,12:31:36.905,BIO/USDT:USDT,0.06256,661.0,0.06255,1010.0,0.06268,672.0,0.06271,4513.0
1753533096922,12:31:36.922,BIO/USDT:USDT,0.06257,294.0,0.06256,661.0,0.06268,672.0,0.06271,4513.0
1753533097318,12:31:37.318,BIO/USDT:USDT,0.06257,294.0,0.06256,661.0,0.06268,672.0,0.06271,4513.0
1753533097648,12:31:37.648,BIO/USDT:USDT,0.06257,294.0,0.06256,661.0,0.06268,672.0,0.0627,3193.0
1753533098136,12:31:38.136,BIO/USDT:USDT,0.06257,294.0,0.06256,661.0,0.06268,672.0,0.0627,3193.0
1753533099858,12:31:39.858,BIO/USDT:USDT,0.06257,294.0,0.06256,661.0,0.06268,672.0,0.0627,3193.0
1753533100675,12:31:40.675,BIO/USDT:USDT,0.06257,294.0,0.06256,661.0,0.06268,672.0,0.0627,3193.0
1753533101075,12:31:41.075,BIO/USDT:USDT,0.06257,294.0,0.06256,661.0,0.06268,672.0,0.0627,3193.0
1753533101675,12:31:41.675,BIO/USDT:USDT,0.06257,294.0,0.06256,661.0,0.06268,672.0,0.0627,3193.0
1753533102245,12:31:42.245,BIO/USDT:USDT,0.06257,294.0,0.06255,661.0,0.06268,672.0,0.0627,3193.0
1753533102405,12:31:42.405,BIO/USDT:USDT,0.06257,894.0,0.06256,294.0,0.0627,3193.0,0.06271,4513.0
1753533102500,12:31:42.500,BIO/USDT:USDT,0.06258,294.0,0.06257,894.0,0.0627,3193.0,0.06271,4513.0
1753533102606,12:31:42.606,BIO/USDT:USDT,0.06258,294.0,0.06257,681.0,0.0627,3193.0,0.06271,4513.0
1753533102696,12:31:42.696,BIO/USDT:USDT,0.06258,294.0,0.06257,681.0,0.0627,3193.0,0.06271,4513.0
1753533102755,12:31:42.755,BIO/USDT:USDT,0.06258,294.0,0.06257,681.0,0.0627,3193.0,0.06271,672.0
1753533103077,12:31:43.077,BIO/USDT:USDT,0.06258,294.0,0.06257,681.0,0.06269,681.0,0.0627,3193.0
1753533103404,12:31:43.404,BIO/USDT:USDT,0.06258,294.0,0.06257,681.0,0.06269,681.0,0.0627,3193.0
1753533103811,12:31:43.811,BIO/USDT:USDT,0.06258,294.0,0.06257,681.0,0.06269,681.0,0.0627,3193.0
1753533104404,12:31:44.404,BIO/USDT:USDT,0.06258,294.0,0.06257,681.0,0.06269,681.0,0.0627,3193.0
1753533104500,12:31:44.500,BIO/USDT:USDT,0.06258,294.0,0.06257,681.0,0.06269,681.0,0.0627,3193.0
1753533104591,12:31:44.591,BIO/USDT:USDT,0.06258,349.0,0.06257,681.0,0.06269,681.0,0.0627,3193.0
1753533105356,12:31:45.356,BIO/USDT:USDT,0.06258,349.0,0.06257,681.0,0.06271,672.0,0.06272,7245.0
1753533106243,12:31:46.243,BIO/USDT:USDT,0.06258,349.0,0.06257,681.0,0.06271,672.0,0.06272,7245.0
1753533107939,12:31:47.939,BIO/USDT:USDT,0.06258,349.0,0.06257,681.0,0.06271,672.0,0.06272,7245.0
1753533108047,12:31:48.047,BIO/USDT:USDT,0.06258,349.0,0.06257,681.0,0.06271,672.0,0.06272,7245.0
1753533108168,12:31:48.168,BIO/USDT:USDT,0.06258,349.0,0.06257,681.0,0.06271,672.0,0.06272,7245.0
1753533110306,12:31:50.306,BIO/USDT:USDT,0.06258,294.0,0.06257,681.0,0.06271,672.0,0.06272,7245.0
1753533111061,12:31:51.061,BIO/USDT:USDT,0.06258,294.0,0.06257,681.0,0.0627,687.0,0.06271,935.0
1753533111484,12:31:51.484,BIO/USDT:USDT,0.06258,294.0,0.06257,681.0,0.0627,687.0,0.06271,935.0
1753533112536,12:31:52.536,BIO/USDT:USDT,0.06258,294.0,0.06257,1000.0,0.0627,687.0,0.06271,935.0
1753533112994,12:31:52.994,BIO/USDT:USDT,0.06258,294.0,0.06257,1000.0,0.0627,687.0,0.06271,672.0
1753533113101,12:31:53.101,BIO/USDT:USDT,0.06258,294.0,0.06257,1000.0,0.06271,672.0,0.06272,10438.0
1753533113252,12:31:53.252,BIO/USDT:USDT,0.06258,294.0,0.06257,1000.0,0.0627,687.0,0.06271,1605.0
1753533113505,12:31:53.505,BIO/USDT:USDT,0.06258,294.0,0.06257,1000.0,0.0627,455.0,0.06271,672.0
1753533113518,12:31:53.518,BIO/USDT:USDT,0.06258,294.0,0.06257,1000.0,0.0627,455.0,0.06271,672.0
1753533114341,12:31:54.341,BIO/USDT:USDT,0.06258,294.0,0.06257,1000.0,0.0627,455.0,0.06271,672.0
1753533114494,12:31:54.494,BIO/USDT:USDT,0.06258,294.0,0.06257,681.0,0.06269,687.0,0.06271,672.0
1753533114547,12:31:54.547,BIO/USDT:USDT,0.06258,294.0,0.06257,681.0,0.06269,687.0,0.06271,672.0
1753533114659,12:31:54.659,BIO/USDT:USDT,0.06258,294.0,0.06257,1000.0,0.0627,687.0,0.06271,1127.0
1753533114761,12:31:54.761,BIO/USDT:USDT,0.06258,294.0,0.06257,1000.0,0.0627,687.0,0.06271,1127.0
1753533115193,12:31:55.193,BIO/USDT:USDT,0.06258,294.0,0.06257,1000.0,0.0627,687.0,0.06271,1127.0
1753533116523,12:31:56.523,BIO/USDT:USDT,0.06258,294.0,0.06257,1000.0,0.06269,687.0,0.0627,1620.0
1753533116834,12:31:56.834,BIO/USDT:USDT,0.06258,294.0,0.06257,681.0,0.06269,687.0,0.0627,1620.0
1753533117259,12:31:57.259,BIO/USDT:USDT,0.06258,294.0,0.06257,681.0,0.06269,687.0,0.0627,1620.0
1753533117842,12:31:57.842,BIO/USDT:USDT,0.06258,294.0,0.06257,681.0,0.06269,687.0,0.0627,1620.0
1753533118523,12:31:58.523,BIO/USDT:USDT,0.06258,294.0,0.06257,681.0,0.06269,1620.0,0.0627,1620.0
1753533119111,12:31:59.111,BIO/USDT:USDT,0.06258,294.0,0.06256,319.0,0.06268,667.0,0.06269,1620.0
1753533119209,12:31:59.209,BIO/USDT:USDT,0.06257,294.0,0.06256,319.0,0.06268,667.0,0.06269,1620.0
1753533119293,12:31:59.293,BIO/USDT:USDT,0.06257,434.0,0.06256,319.0,0.06268,667.0,0.06269,1620.0
1753533119374,12:31:59.374,BIO/USDT:USDT,0.06257,434.0,0.06256,319.0,0.06268,667.0,0.06269,1620.0
1753533119458,12:31:59.458,BIO/USDT:USDT,0.06257,294.0,0.06256,319.0,0.06268,667.0,0.06269,1620.0
1753533119591,12:31:59.591,BIO/USDT:USDT,0.06257,294.0,0.06256,319.0,0.06268,667.0,0.06269,1620.0
1753533119678,12:31:59.678,BIO/USDT:USDT,0.06257,294.0,0.06256,319.0,0.06267,667.0,0.06268,1621.0
1753533119786,12:31:59.786,BIO/USDT:USDT,0.06257,294.0,0.06255,980.0,0.06267,667.0,0.06268,667.0
1753533119910,12:31:59.910,BIO/USDT:USDT,0.06256,294.0,0.06255,980.0,0.06269,956.0,0.0627,687.0
1753533119920,12:31:59.920,BIO/USDT:USDT,0.06256,294.0,0.06255,980.0,0.06269,478.0,0.0627,687.0
1753533120052,12:32:00.052,BIO/USDT:USDT,0.06256,294.0,0.06255,980.0,0.06268,667.0,0.06269,478.0
1753533120115,12:32:00.115,BIO/USDT:USDT,0.06256,294.0,0.06255,980.0,0.06268,667.0,0.06269,478.0
1753533120303,12:32:00.303,BIO/USDT:USDT,0.06256,294.0,0.06255,980.0,0.06268,667.0,0.06269,478.0
1753533120540,12:32:00.540,BIO/USDT:USDT,0.06256,294.0,0.06255,980.0,0.06268,1145.0,0.06269,478.0
1753533121528,12:32:01.528,BIO/USDT:USDT,0.06256,294.0,0.06255,661.0,0.06267,667.0,0.06268,1145.0
1753533121680,12:32:01.680,BIO/USDT:USDT,0.06256,294.0,0.06255,661.0,0.06267,667.0,0.06268,1145.0
1753533121840,12:32:01.840,BIO/USDT:USDT,0.06256,294.0,0.06255,661.0,0.06267,667.0,0.06268,1145.0
1753533122559,12:32:02.559,BIO/USDT:USDT,0.06256,294.0,0.06255,661.0,0.06267,667.0,0.06268,1145.0
1753533123234,12:32:03.234,BIO/USDT:USDT,0.06256,294.0,0.06255,661.0,0.06267,667.0,0.06268,1145.0
1753533123332,12:32:03.332,BIO/USDT:USDT,0.06256,294.0,0.06255,661.0,0.06267,667.0,0.06268,1145.0
1753533123586,12:32:03.586,BIO/USDT:USDT,0.06256,294.0,0.06255,661.0,0.06267,4083.0,0.06268,667.0
1753533125093,12:32:05.093,BIO/USDT:USDT,0.06256,294.0,0.06255,661.0,0.06267,4083.0,0.06268,667.0
1753533125394,12:32:05.394,BIO/USDT:USDT,0.06256,294.0,0.06255,661.0,0.06267,4083.0,0.06268,667.0
1753533127305,12:32:07.305,BIO/USDT:USDT,0.06256,294.0,0.06255,661.0,0.06267,1621.0,0.06268,667.0
1753533128082,12:32:08.082,BIO/USDT:USDT,0.06256,294.0,0.06254,7559.0,0.06266,661.0,0.06267,1621.0
1753533128160,12:32:08.160,BIO/USDT:USDT,0.06255,294.0,0.06254,7240.0,0.06266,661.0,0.06267,1621.0
1753533128235,12:32:08.235,BIO/USDT:USDT,0.06255,294.0,0.06254,7240.0,0.06266,661.0,0.06267,1621.0
1753533128610,12:32:08.610,BIO/USDT:USDT,0.06255,294.0,0.06254,7240.0,0.06266,661.0,0.06267,1621.0
1753533128700,12:32:08.700,BIO/USDT:USDT,0.06255,294.0,0.06254,7240.0,0.06266,661.0,0.06267,1621.0
1753533128750,12:32:08.750,BIO/USDT:USDT,0.06255,294.0,0.06254,7240.0,0.06266,661.0,0.06267,1621.0
1753533129183,12:32:09.183,BIO/USDT:USDT,0.06255,294.0,0.06254,7240.0,0.06266,661.0,0.06267,1621.0
1753533129454,12:32:09.454,BIO/USDT:USDT,0.06255,294.0,0.06254,661.0,0.06266,661.0,0.06267,1621.0
1753533129561,12:32:09.561,BIO/USDT:USDT,0.06255,294.0,0.06253,319.0,0.06265,661.0,0.06266,661.0
1753533129675,12:32:09.675,BIO/USDT:USDT,0.06254,294.0,0.06253,319.0,0.06266,7240.0,0.06267,4814.0
1753533129761,12:32:09.761,BIO/USDT:USDT,0.06254,294.0,0.06253,319.0,0.06265,661.0,0.06266,7240.0
1753533129969,12:32:09.969,BIO/USDT:USDT,0.06254,294.0,0.06253,319.0,0.06265,661.0,0.06266,7240.0
1753533130267,12:32:10.267,BIO/USDT:USDT,0.06254,294.0,0.06253,319.0,0.06265,661.0,0.06266,7240.0
1753533130398,12:32:10.398,BIO/USDT:USDT,0.06254,294.0,0.06253,319.0,0.06265,661.0,0.06266,7240.0
1753533130469,12:32:10.469,BIO/USDT:USDT,0.06254,294.0,0.06253,319.0,0.06265,4205.0,0.06266,7240.0
1753533131221,12:32:11.221,BIO/USDT:USDT,0.06254,294.0,0.06253,319.0,0.06265,4205.0,0.06266,7240.0
1753533131708,12:32:11.708,BIO/USDT:USDT,0.06254,294.0,0.06253,319.0,0.06265,4205.0,0.06266,7240.0
1753533135900,12:32:15.900,BIO/USDT:USDT,0.06254,294.0,0.06253,319.0,0.06265,6984.0,0.06266,7240.0
1753533138275,12:32:18.275,BIO/USDT:USDT,0.06254,294.0,0.06252,980.0,0.06265,6984.0,0.06266,7240.0
1753533138320,12:32:18.320,BIO/USDT:USDT,0.06253,294.0,0.06252,980.0,0.06265,6984.0,0.06266,7240.0
1753533138870,12:32:18.870,BIO/USDT:USDT,0.06253,294.0,0.06252,980.0,0.06265,6984.0,0.06266,7240.0
1753533138996,12:32:18.996,BIO/USDT:USDT,0.06253,294.0,0.06252,980.0,0.06265,6984.0,0.06266,7240.0
1753533140278,12:32:20.278,BIO/USDT:USDT,0.06253,294.0,0.06252,980.0,0.06265,6984.0,0.06266,7240.0
1753533140518,12:32:20.518,BIO/USDT:USDT,0.06253,294.0,0.06252,980.0,0.06265,6984.0,0.06266,7240.0
1753533140756,12:32:20.756,BIO/USDT:USDT,0.06253,294.0,0.06252,980.0,0.06265,6984.0,0.06266,7240.0
1753533141775,12:32:21.775,BIO/USDT:USDT,0.06253,294.0,0.06252,980.0,0.06265,6984.0,0.06266,7240.0
1753533141996,12:32:21.996,BIO/USDT:USDT,0.06253,294.0,0.06252,980.0,0.06265,6984.0,0.06266,7240.0
1753533144124,12:32:24.124,BIO/USDT:USDT,0.06253,294.0,0.06252,980.0,0.06265,4812.0,0.06266,7240.0
1753533146239,12:32:26.239,BIO/USDT:USDT,0.06253,294.0,0.06252,980.0,0.06265,4812.0,0.06266,7240.0
1753533148692,12:32:28.692,BIO/USDT:USDT,0.06253,294.0,0.06252,980.0,0.06264,688.0,0.06265,3440.0
1753533149403,12:32:29.403,BIO/USDT:USDT,0.06253,294.0,0.06252,980.0,0.06264,688.0,0.06265,3440.0
1753533152290,12:32:32.290,BIO/USDT:USDT,0.06253,294.0,0.06252,980.0,0.06264,1001.0,0.06265,3440.0
1753533153057,12:32:33.057,BIO/USDT:USDT,0.06253,294.0,0.06252,980.0,0.06264,1770.0,0.06265,3440.0
1753533154142,12:32:34.142,BIO/USDT:USDT,0.06253,294.0,0.06251,319.0,0.06263,688.0,0.06264,1457.0
1753533154289,12:32:34.289,BIO/USDT:USDT,0.06252,294.0,0.06251,319.0,0.06263,688.0,0.06264,1457.0
1753533154428,12:32:34.428,BIO/USDT:USDT,0.06252,294.0,0.06251,319.0,0.06263,688.0,0.06264,1457.0
1753533154555,12:32:34.555,BIO/USDT:USDT,0.06252,294.0,0.06251,319.0,0.06264,688.0,0.06265,3440.0
1753533154712,12:32:34.712,BIO/USDT:USDT,0.06252,294.0,0.06251,319.0,0.06264,960.0,0.06265,3440.0
1753533154713,12:32:34.713,BIO/USDT:USDT,0.06252,294.0,0.06251,319.0,0.06263,688.0,0.06264,960.0
1753533155477,12:32:35.477,BIO/USDT:USDT,0.06252,294.0,0.06251,319.0,0.06264,688.0,0.06265,3440.0
1753533156274,12:32:36.274,BIO/USDT:USDT,0.06252,294.0,0.06251,319.0,0.06263,688.0,0.06264,688.0
1753533156398,12:32:36.398,BIO/USDT:USDT,0.06252,294.0,0.06251,319.0,0.06264,966.0,0.06265,3440.0
1753533156423,12:32:36.423,BIO/USDT:USDT,0.06252,294.0,0.06251,319.0,0.06263,688.0,0.06264,688.0
1753533156574,12:32:36.574,BIO/USDT:USDT,0.06252,294.0,0.06251,319.0,0.06264,966.0,0.06265,3440.0
1753533156658,12:32:36.658,BIO/USDT:USDT,0.06252,294.0,0.06251,319.0,0.06264,966.0,0.06265,3440.0
1753533157427,12:32:37.427,BIO/USDT:USDT,0.06252,294.0,0.06251,319.0,0.06264,966.0,0.06265,3440.0
1753533159616,12:32:39.616,BIO/USDT:USDT,0.06252,294.0,0.06251,982.0,0.06264,966.0,0.06265,3440.0
1753533162223,12:32:42.223,BIO/USDT:USDT,0.06252,294.0,0.06251,982.0,0.06263,663.0,0.06264,688.0
1753533162375,12:32:42.375,BIO/USDT:USDT,0.06252,294.0,0.06251,982.0,0.06264,978.0,0.06265,3440.0
1753533162458,12:32:42.458,BIO/USDT:USDT,0.06252,294.0,0.06251,982.0,0.06263,663.0,0.06264,688.0
1753533162605,12:32:42.605,BIO/USDT:USDT,0.06252,294.0,0.06251,982.0,0.06264,688.0,0.06265,3440.0
1753533162610,12:32:42.610,BIO/USDT:USDT,0.06252,294.0,0.06251,982.0,0.06264,978.0,0.06265,3440.0
1753533162777,12:32:42.777,BIO/USDT:USDT,0.06252,294.0,0.06251,982.0,0.06264,978.0,0.06265,3440.0
1753533162818,12:32:42.818,BIO/USDT:USDT,0.06252,294.0,0.06251,982.0,0.06263,663.0,0.06264,688.0
1753533162965,12:32:42.965,BIO/USDT:USDT,0.06252,294.0,0.06251,982.0,0.06264,688.0,0.06265,3440.0
1753533164070,12:32:44.070,BIO/USDT:USDT,0.06252,294.0,0.06251,982.0,0.06264,688.0,0.06265,3440.0
1753533165931,12:32:45.931,BIO/USDT:USDT,0.06252,294.0,0.06251,982.0,0.06264,688.0,0.06265,3440.0
1753533169203,12:32:49.203,BIO/USDT:USDT,0.06252,294.0,0.0625,6898.0,0.06262,665.0,0.06263,3766.0
1753533169298,12:32:49.298,BIO/USDT:USDT,0.06251,294.0,0.0625,6898.0,0.06262,665.0,0.06263,3766.0
1753533169506,12:32:49.506,BIO/USDT:USDT,0.06251,294.0,0.0625,6898.0,0.06262,665.0,0.06263,3766.0
1753533169526,12:32:49.526,BIO/USDT:USDT,0.06251,294.0,0.0625,6898.0,0.06262,665.0,0.06263,3766.0
1753533170283,12:32:50.283,BIO/USDT:USDT,0.06251,294.0,0.0625,6898.0,0.06262,665.0,0.06263,3766.0
1753533170367,12:32:50.367,BIO/USDT:USDT,0.06251,294.0,0.0625,6898.0,0.06262,665.0,0.06263,3766.0
1753533171110,12:32:51.110,BIO/USDT:USDT,0.06251,294.0,0.0625,6898.0,0.06262,665.0,0.06263,3766.0
1753533171193,12:32:51.193,BIO/USDT:USDT,0.06251,294.0,0.0625,6898.0,0.06261,665.0,0.06262,665.0
1753533171311,12:32:51.311,BIO/USDT:USDT,0.06251,294.0,0.0625,6898.0,0.06262,665.0,0.06263,3193.0
1753533171337,12:32:51.337,BIO/USDT:USDT,0.06251,294.0,0.0625,6898.0,0.06262,1717.0,0.06263,3193.0
1753533171485,12:32:51.485,BIO/USDT:USDT,0.06251,294.0,0.0625,6898.0,0.06262,1717.0,0.06263,3193.0
1753533171611,12:32:51.611,BIO/USDT:USDT,0.06251,294.0,0.0625,6898.0,0.06262,1717.0,0.06263,3193.0
1753533172447,12:32:52.447,BIO/USDT:USDT,0.06251,294.0,0.0625,6898.0,0.06262,1717.0,0.06263,3193.0
1753533172909,12:32:52.909,BIO/USDT:USDT,0.06251,294.0,0.0625,6898.0,0.06262,1717.0,0.06263,3193.0
1753533173207,12:32:53.207,BIO/USDT:USDT,0.06251,294.0,0.0625,6898.0,0.06261,665.0,0.06262,665.0
1753533173383,12:32:53.383,BIO/USDT:USDT,0.06251,294.0,0.0625,319.0,0.06261,665.0,0.06262,665.0
1753533173505,12:32:53.505,BIO/USDT:USDT,0.06251,294.0,0.0625,319.0,0.06261,665.0,0.06262,665.0
1753533173558,12:32:53.558,BIO/USDT:USDT,0.06251,294.0,0.0625,319.0,0.06261,665.0,0.06262,665.0
1753533173710,12:32:53.710,BIO/USDT:USDT,0.06251,294.0,0.0625,319.0,0.06262,1934.0,0.06263,3193.0
1753533173720,12:32:53.720,BIO/USDT:USDT,0.06251,294.0,0.0625,319.0,0.06261,665.0,0.06262,665.0
1753533173876,12:32:53.876,BIO/USDT:USDT,0.06251,294.0,0.0625,319.0,0.06261,665.0,0.06262,1934.0
1753533174502,12:32:54.502,BIO/USDT:USDT,0.06251,294.0,0.0625,319.0,0.06262,2074.0,0.06263,3193.0
1753533174670,12:32:54.670,BIO/USDT:USDT,0.06251,294.0,0.0625,319.0,0.06261,665.0,0.06262,665.0
1753533174785,12:32:54.785,BIO/USDT:USDT,0.06251,294.0,0.0625,319.0,0.06262,665.0,0.06263,3193.0
1753533174895,12:32:54.895,BIO/USDT:USDT,0.06251,294.0,0.0625,319.0,0.06262,665.0,0.06263,3193.0
1753533175313,12:32:55.313,BIO/USDT:USDT,0.06251,294.0,0.0625,319.0,0.06262,665.0,0.06263,3193.0
1753533178444,12:32:58.444,BIO/USDT:USDT,0.06251,294.0,0.0625,319.0,0.06261,672.0,0.06262,855.0
1753533179204,12:32:59.204,BIO/USDT:USDT,0.06251,294.0,0.0625,319.0,0.06261,672.0,0.06262,2198.0
1753533179282,12:32:59.282,BIO/USDT:USDT,0.06251,294.0,0.06249,992.0,0.06261,882.0,0.06262,665.0
1753533179404,12:32:59.404,BIO/USDT:USDT,0.0625,294.0,0.06249,992.0,0.06261,882.0,0.06262,665.0
1753533179757,12:32:59.757,BIO/USDT:USDT,0.0625,294.0,0.06249,992.0,0.06261,882.0,0.06262,665.0
1753533180096,12:33:00.096,BIO/USDT:USDT,0.0625,294.0,0.06249,992.0,0.06261,2460.0,0.06262,665.0
1753533180175,12:33:00.175,BIO/USDT:USDT,0.0625,294.0,0.06249,992.0,0.06261,4028.0,0.06262,665.0
1753533180595,12:33:00.595,BIO/USDT:USDT,0.0625,294.0,0.06249,992.0,0.06261,4028.0,0.06262,665.0
1753533180751,12:33:00.751,BIO/USDT:USDT,0.0625,294.0,0.06249,992.0,0.0626,672.0,0.06261,672.0
1753533180890,12:33:00.890,BIO/USDT:USDT,0.0625,294.0,0.06248,8.0,0.06259,672.0,0.0626,672.0
1753533180919,12:33:00.919,BIO/USDT:USDT,0.06248,302.0,0.06247,989.0,0.06259,672.0,0.0626,672.0
1753533181052,12:33:01.052,BIO/USDT:USDT,0.06248,302.0,0.06247,989.0,0.0626,1668.0,0.06261,672.0
1753533181189,12:33:01.189,BIO/USDT:USDT,0.06248,302.0,0.06247,989.0,0.0626,3326.0,0.06261,672.0
1753533181416,12:33:01.416,BIO/USDT:USDT,0.06248,302.0,0.06247,989.0,0.0626,3326.0,0.06261,672.0
1753533181796,12:33:01.796,BIO/USDT:USDT,0.06248,479.0,0.06247,989.0,0.06259,672.0,0.06261,672.0
1753533182000,12:33:02.000,BIO/USDT:USDT,0.06248,479.0,0.06247,989.0,0.0626,2210.0,0.06261,672.0
1753533182016,12:33:02.016,BIO/USDT:USDT,0.06248,479.0,0.06247,989.0,0.06259,672.0,0.0626,2210.0
1753533182290,12:33:02.290,BIO/USDT:USDT,0.06248,302.0,0.06247,989.0,0.06259,672.0,0.0626,2210.0
1753533183469,12:33:03.469,BIO/USDT:USDT,0.06248,302.0,0.06247,989.0,0.06259,672.0,0.0626,2210.0
1753533185072,12:33:05.072,BIO/USDT:USDT,0.06248,302.0,0.06247,989.0,0.06259,4676.0,0.0626,672.0
1753533185295,12:33:05.295,BIO/USDT:USDT,0.06248,492.0,0.06247,989.0,0.06259,4676.0,0.0626,672.0
1753533185345,12:33:05.345,BIO/USDT:USDT,0.06248,492.0,0.06247,989.0,0.06259,4676.0,0.0626,672.0
1753533185529,12:33:05.529,BIO/USDT:USDT,0.06248,492.0,0.06247,989.0,0.06259,4676.0,0.0626,672.0
1753533185992,12:33:05.992,BIO/USDT:USDT,0.06248,492.0,0.06247,989.0,0.06259,4676.0,0.0626,672.0
1753533186267,12:33:06.267,BIO/USDT:USDT,0.06248,492.0,0.06247,989.0,0.06259,4676.0,0.0626,672.0
1753533186442,12:33:06.442,BIO/USDT:USDT,0.06248,492.0,0.06247,989.0,0.06259,4676.0,0.06261,672.0
1753533187486,12:33:07.486,BIO/USDT:USDT,0.06248,492.0,0.06247,989.0,0.06259,4676.0,0.06261,672.0
1753533190410,12:33:10.410,BIO/USDT:USDT,0.06248,492.0,0.06247,989.0,0.06259,4676.0,0.06261,3865.0
1753533190755,12:33:10.755,BIO/USDT:USDT,0.06249,665.0,0.06248,302.0,0.06259,4004.0,0.06261,3865.0
1753533190901,12:33:10.901,BIO/USDT:USDT,0.0625,294.0,0.06249,665.0,0.06261,3865.0,0.06262,7244.0
1753533190985,12:33:10.985,BIO/USDT:USDT,0.0625,294.0,0.06249,665.0,0.06261,3865.0,0.06262,7244.0
1753533191526,12:33:11.526,BIO/USDT:USDT,0.0625,294.0,0.06249,665.0,0.06261,3865.0,0.06262,7244.0
1753533192295,12:33:12.295,BIO/USDT:USDT,0.0625,294.0,0.06249,665.0,0.0626,665.0,0.06261,3865.0
1753533192906,12:33:12.906,BIO/USDT:USDT,0.0625,294.0,0.06249,665.0,0.0626,665.0,0.06261,3865.0
1753533193048,12:33:13.048,BIO/USDT:USDT,0.0625,294.0,0.06249,665.0,0.0626,665.0,0.06261,3865.0
1753533193553,12:33:13.553,BIO/USDT:USDT,0.0625,294.0,0.06249,665.0,0.0626,665.0,0.06261,3865.0
1753533196037,12:33:16.037,BIO/USDT:USDT,0.0625,294.0,0.06249,665.0,0.0626,665.0,0.06261,3865.0
1753533196955,12:33:16.955,BIO/USDT:USDT,0.0625,294.0,0.06249,665.0,0.0626,665.0,0.06261,3865.0
1753533197045,12:33:17.045,BIO/USDT:USDT,0.0625,294.0,0.06249,665.0,0.0626,665.0,0.06261,3865.0
1753533207592,12:33:27.592,BIO/USDT:USDT,0.0625,294.0,0.06249,665.0,0.0626,665.0,0.06261,3865.0
1753533207705,12:33:27.705,BIO/USDT:USDT,0.0625,294.0,0.06249,665.0,0.0626,665.0,0.06261,3865.0
1753533208028,12:33:28.028,BIO/USDT:USDT,0.0625,294.0,0.06249,665.0,0.0626,665.0,0.06261,3865.0
1753533208419,12:33:28.419,BIO/USDT:USDT,0.0625,294.0,0.06249,665.0,0.0626,665.0,0.06261,3865.0
1753533208695,12:33:28.695,BIO/USDT:USDT,0.0625,294.0,0.06249,665.0,0.06261,3193.0,0.06264,688.0
1753533208804,12:33:28.804,BIO/USDT:USDT,0.06251,655.0,0.0625,294.0,0.06261,3193.0,0.06264,688.0
1753533208842,12:33:28.842,BIO/USDT:USDT,0.06252,294.0,0.06251,655.0,0.06261,3193.0,0.06264,688.0
1753533209005,12:33:29.005,BIO/USDT:USDT,0.06252,294.0,0.06251,655.0,0.06261,3193.0,0.06264,688.0
1753533209018,12:33:29.018,BIO/USDT:USDT,0.06252,294.0,0.06251,655.0,0.06261,3193.0,0.06264,688.0
1753533209254,12:33:29.254,BIO/USDT:USDT,0.06252,294.0,0.06251,655.0,0.06261,3193.0,0.06264,688.0
1753533209404,12:33:29.404,BIO/USDT:USDT,0.06252,294.0,0.06251,655.0,0.06264,688.0,0.06265,3440.0
1753533209423,12:33:29.423,BIO/USDT:USDT,0.06252,294.0,0.06251,974.0,0.06264,688.0,0.06265,7073.0
1753533209688,12:33:29.688,BIO/USDT:USDT,0.06252,294.0,0.06251,974.0,0.06264,688.0,0.06265,7073.0
1753533210520,12:33:30.520,BIO/USDT:USDT,0.06252,294.0,0.06251,974.0,0.06264,688.0,0.06265,7073.0
1753533210944,12:33:30.944,BIO/USDT:USDT,0.06252,294.0,0.06251,974.0,0.06264,688.0,0.06265,7073.0
1753533211833,12:33:31.833,BIO/USDT:USDT,0.06252,294.0,0.06251,974.0,0.06264,688.0,0.06265,7073.0
1753533215010,12:33:35.010,BIO/USDT:USDT,0.06252,294.0,0.06251,974.0,0.06264,688.0,0.06265,7073.0
1753533215013,12:33:35.013,BIO/USDT:USDT,0.06252,294.0,0.06251,974.0,0.06264,3881.0,0.06265,7073.0
1753533217386,12:33:37.386,BIO/USDT:USDT,0.06252,294.0,0.06251,655.0,0.06263,655.0,0.06264,3881.0
1753533218460,12:33:38.460,BIO/USDT:USDT,0.06252,294.0,0.0625,319.0,0.06262,655.0,0.06263,655.0
1753533218606,12:33:38.606,BIO/USDT:USDT,0.06251,294.0,0.0625,319.0,0.06263,655.0,0.06264,3881.0
1753533218619,12:33:38.619,BIO/USDT:USDT,0.06251,294.0,0.0625,319.0,0.06263,655.0,0.06264,3881.0
1753533219403,12:33:39.403,BIO/USDT:USDT,0.06251,294.0,0.06249,984.0,0.06261,655.0,0.06262,3193.0
1753533219428,12:33:39.428,BIO/USDT:USDT,0.0625,294.0,0.06249,984.0,0.06261,655.0,0.06262,3193.0
1753533219844,12:33:39.844,BIO/USDT:USDT,0.0625,294.0,0.06249,984.0,0.06261,655.0,0.06262,3193.0
1753533219976,12:33:39.976,BIO/USDT:USDT,0.0625,294.0,0.06249,984.0,0.06263,655.0,0.06264,3881.0
1753533220261,12:33:40.261,BIO/USDT:USDT,0.0625,294.0,0.06249,984.0,0.06263,655.0,0.06264,3881.0
1753533220679,12:33:40.679,BIO/USDT:USDT,0.0625,294.0,0.06249,984.0,0.06263,655.0,0.06264,3881.0
1753533227507,12:33:47.507,BIO/USDT:USDT,0.0625,294.0,0.06249,984.0,0.06263,655.0,0.06264,3881.0
1753533227535,12:33:47.535,BIO/USDT:USDT,0.0625,294.0,0.06249,984.0,0.06263,655.0,0.06264,3881.0
1753533227641,12:33:47.641,BIO/USDT:USDT,0.0625,294.0,0.06249,984.0,0.06263,655.0,0.06264,3881.0
1753533230715,12:33:50.715,BIO/USDT:USDT,0.0625,294.0,0.06249,984.0,0.06263,655.0,0.06264,3881.0
1753533230932,12:33:50.932,BIO/USDT:USDT,0.0625,294.0,0.06249,984.0,0.06263,655.0,0.06264,3881.0
1753533245380,12:34:05.380,BIO/USDT:USDT,0.0625,294.0,0.06249,984.0,0.06263,655.0,0.06264,3881.0
1753533253869,12:34:13.869,BIO/USDT:USDT,0.0625,294.0,0.06249,984.0,0.06263,655.0,0.06264,3881.0
1753533254034,12:34:14.034,BIO/USDT:USDT,0.0625,294.0,0.06249,984.0,0.06263,655.0,0.06264,3881.0
1753533254466,12:34:14.466,BIO/USDT:USDT,0.0625,294.0,0.06249,984.0,0.06263,655.0,0.06264,3881.0
1753533256520,12:34:16.520,BIO/USDT:USDT,0.0625,294.0,0.06249,984.0,0.06263,655.0,0.06264,3881.0
1753533258310,12:34:18.310,BIO/USDT:USDT,0.06251,677.0,0.0625,971.0,0.06262,677.0,0.06263,1923.0
1753533258362,12:34:18.362,BIO/USDT:USDT,0.06252,294.0,0.06251,677.0,0.06262,677.0,0.06263,1923.0
1753533258498,12:34:18.498,BIO/USDT:USDT,0.06252,294.0,0.06251,677.0,0.06263,735.0,0.06264,3881.0
1753533258610,12:34:18.610,BIO/USDT:USDT,0.06252,294.0,0.06251,677.0,0.06263,655.0,0.06264,3881.0
1753533259526,12:34:19.526,BIO/USDT:USDT,0.06252,294.0,0.06251,677.0,0.06263,655.0,0.06264,3881.0
1753533259806,12:34:19.806,BIO/USDT:USDT,0.06252,294.0,0.06251,677.0,0.06263,655.0,0.06264,3881.0
1753533260571,12:34:20.571,BIO/USDT:USDT,0.06252,294.0,0.06251,677.0,0.06263,655.0,0.06264,3881.0
1753533262127,12:34:22.127,BIO/USDT:USDT,0.06252,294.0,0.06251,677.0,0.06263,655.0,0.06264,3881.0
1753533262302,12:34:22.302,BIO/USDT:USDT,0.06252,294.0,0.06251,677.0,0.06263,655.0,0.06264,3881.0
1753533266777,12:34:26.777,BIO/USDT:USDT,0.06252,294.0,0.06251,677.0,0.06263,655.0,0.06264,3881.0
1753533267652,12:34:27.652,BIO/USDT:USDT,0.06252,294.0,0.06251,677.0,0.06262,677.0,0.06263,1873.0
1753533268329,12:34:28.329,BIO/USDT:USDT,0.06252,294.0,0.06251,677.0,0.06262,677.0,0.06263,1873.0
1753533268603,12:34:28.603,BIO/USDT:USDT,0.06252,294.0,0.06251,677.0,0.06262,677.0,0.06263,1873.0
1753533269110,12:34:29.110,BIO/USDT:USDT,0.06252,294.0,0.0625,996.0,0.06263,741.0,0.06264,3881.0
1753533269139,12:34:29.139,BIO/USDT:USDT,0.06252,294.0,0.0625,996.0,0.06262,656.0,0.06263,655.0
1753533269280,12:34:29.280,BIO/USDT:USDT,0.06251,294.0,0.0625,996.0,0.06262,656.0,0.06263,655.0
1753533269436,12:34:29.436,BIO/USDT:USDT,0.06251,294.0,0.0625,996.0,0.06262,656.0,0.06263,837.0
1753533271296,12:34:31.296,BIO/USDT:USDT,0.06251,294.0,0.0625,996.0,0.06262,656.0,0.06263,655.0
1753533271344,12:34:31.344,BIO/USDT:USDT,0.06251,294.0,0.0625,996.0,0.06262,846.0,0.06263,655.0
1753533271494,12:34:31.494,BIO/USDT:USDT,0.06251,294.0,0.0625,996.0,0.06263,999.0,0.06264,3881.0
1753533271522,12:34:31.522,BIO/USDT:USDT,0.06251,294.0,0.0625,996.0,0.06262,656.0,0.06263,655.0
1753533271702,12:34:31.702,BIO/USDT:USDT,0.06251,294.0,0.0625,996.0,0.06262,656.0,0.06263,655.0
1753533271879,12:34:31.879,BIO/USDT:USDT,0.06251,294.0,0.0625,996.0,0.06262,656.0,0.06263,655.0
1753533272036,12:34:32.036,BIO/USDT:USDT,0.06251,294.0,0.0625,996.0,0.06262,656.0,0.06263,809.0
1753533272479,12:34:32.479,BIO/USDT:USDT,0.06251,294.0,0.0625,996.0,0.06262,656.0,0.06263,655.0
1753533272649,12:34:32.649,BIO/USDT:USDT,0.06251,294.0,0.0625,996.0,0.06262,656.0,0.06263,809.0
1753533273295,12:34:33.295,BIO/USDT:USDT,0.06251,294.0,0.0625,996.0,0.06263,809.0,0.06264,3881.0
1753533273319,12:34:33.319,BIO/USDT:USDT,0.06251,294.0,0.0625,996.0,0.06262,656.0,0.06263,655.0
1753533273476,12:34:33.476,BIO/USDT:USDT,0.06251,294.0,0.0625,996.0,0.06262,656.0,0.06263,973.0
1753533274700,12:34:34.700,BIO/USDT:USDT,0.06251,294.0,0.0625,996.0,0.06262,656.0,0.06263,655.0
1753533274855,12:34:34.855,BIO/USDT:USDT,0.06251,294.0,0.0625,996.0,0.06262,656.0,0.06263,949.0
1753533277157,12:34:37.157,BIO/USDT:USDT,0.06251,294.0,0.0625,996.0,0.06263,655.0,0.06264,3881.0
1753533277496,12:34:37.496,BIO/USDT:USDT,0.06251,294.0,0.0625,996.0,0.06262,656.0,0.06263,693.0
1753533278705,12:34:38.705,BIO/USDT:USDT,0.06251,294.0,0.0625,996.0,0.06262,656.0,0.06263,693.0
1753533278759,12:34:38.759,BIO/USDT:USDT,0.06251,294.0,0.0625,677.0,0.06262,688.0,0.06263,655.0
1753533278908,12:34:38.908,BIO/USDT:USDT,0.06251,294.0,0.0625,677.0,0.06263,655.0,0.06264,3881.0
1753533278940,12:34:38.940,BIO/USDT:USDT,0.06251,294.0,0.0625,677.0,0.06262,688.0,0.06263,655.0
1753533279094,12:34:39.094,BIO/USDT:USDT,0.06251,294.0,0.0625,677.0,0.06263,693.0,0.06264,3881.0
1753533279126,12:34:39.126,BIO/USDT:USDT,0.06251,294.0,0.0625,677.0,0.06262,688.0,0.06263,655.0
1753533279302,12:34:39.302,BIO/USDT:USDT,0.06251,294.0,0.0625,677.0,0.06262,688.0,0.06263,655.0
1753533279480,12:34:39.480,BIO/USDT:USDT,0.06251,294.0,0.0625,677.0,0.06262,688.0,0.06263,655.0
1753533279540,12:34:39.540,BIO/USDT:USDT,0.06251,294.0,0.0625,677.0,0.06262,688.0,0.06263,655.0
1753533279660,12:34:39.660,BIO/USDT:USDT,0.06251,294.0,0.0625,677.0,0.06262,688.0,0.06263,655.0
1753533279809,12:34:39.809,BIO/USDT:USDT,0.06251,294.0,0.0625,677.0,0.06263,655.0,0.06264,3881.0
1753533279839,12:34:39.839,BIO/USDT:USDT,0.06251,294.0,0.0625,677.0,0.06262,688.0,0.06263,655.0
1753533279997,12:34:39.997,BIO/USDT:USDT,0.06251,294.0,0.0625,677.0,0.06263,883.0,0.06264,3881.0
1753533280021,12:34:40.021,BIO/USDT:USDT,0.06251,294.0,0.0625,677.0,0.06262,688.0,0.06263,655.0
1753533280200,12:34:40.200,BIO/USDT:USDT,0.06251,294.0,0.0625,677.0,0.06262,688.0,0.06263,655.0
1753533280378,12:34:40.378,BIO/USDT:USDT,0.06251,294.0,0.0625,677.0,0.06262,688.0,0.06263,655.0
1753533280568,12:34:40.568,BIO/USDT:USDT,0.06251,294.0,0.0625,677.0,0.06262,688.0,0.06263,655.0
1753533280708,12:34:40.708,BIO/USDT:USDT,0.06251,294.0,0.0625,677.0,0.06263,655.0,0.06264,3881.0
1753533280988,12:34:40.988,BIO/USDT:USDT,0.06251,294.0,0.06249,984.0,0.06262,688.0,0.06263,905.0
1753533281025,12:34:41.025,BIO/USDT:USDT,0.0625,294.0,0.06249,984.0,0.06262,688.0,0.06263,905.0
1753533281164,12:34:41.164,BIO/USDT:USDT,0.0625,294.0,0.06249,984.0,0.06262,688.0,0.06263,905.0
1753533281574,12:34:41.574,BIO/USDT:USDT,0.0625,294.0,0.06249,984.0,0.06262,688.0,0.06263,905.0
1753533281697,12:34:41.697,BIO/USDT:USDT,0.0625,294.0,0.06249,984.0,0.06261,688.0,0.06262,1167.0
1753533281993,12:34:41.993,BIO/USDT:USDT,0.0625,294.0,0.06249,984.0,0.06261,688.0,0.06262,688.0
1753533282016,12:34:42.016,BIO/USDT:USDT,0.0625,294.0,0.06249,984.0,0.06262,688.0,0.06263,905.0
1753533282283,12:34:42.283,BIO/USDT:USDT,0.0625,294.0,0.06249,984.0,0.06261,688.0,0.06262,688.0
1753533282403,12:34:42.403,BIO/USDT:USDT,0.0625,294.0,0.06249,984.0,0.06261,688.0,0.06262,688.0
1753533282428,12:34:42.428,BIO/USDT:USDT,0.0625,294.0,0.06249,984.0,0.06262,688.0,0.06263,905.0
1753533282822,12:34:42.822,BIO/USDT:USDT,0.0625,294.0,0.06249,984.0,0.06262,688.0,0.06263,905.0
1753533283073,12:34:43.073,BIO/USDT:USDT,0.0625,294.0,0.06249,984.0,0.06261,688.0,0.06262,1167.0
1753533283257,12:34:43.257,BIO/USDT:USDT,0.0625,294.0,0.06249,984.0,0.06262,688.0,0.06263,905.0
1753533283653,12:34:43.653,BIO/USDT:USDT,0.0625,294.0,0.06249,984.0,0.06262,688.0,0.06263,905.0
1753533284281,12:34:44.281,BIO/USDT:USDT,0.0625,294.0,0.06249,984.0,0.06261,688.0,0.06262,1167.0
1753533284367,12:34:44.367,BIO/USDT:USDT,0.0625,294.0,0.06249,665.0,0.0626,688.0,0.06261,688.0
1753533284510,12:34:44.510,BIO/USDT:USDT,0.0625,294.0,0.06249,665.0,0.06261,479.0,0.06262,688.0
1753533284706,12:34:44.706,BIO/USDT:USDT,0.0625,294.0,0.06249,665.0,0.0626,688.0,0.06262,688.0
1753533284832,12:34:44.832,BIO/USDT:USDT,0.0625,294.0,0.06249,984.0,0.06262,479.0,0.06263,655.0
1753533284988,12:34:44.988,BIO/USDT:USDT,0.0625,294.0,0.06249,984.0,0.06261,688.0,0.06262,479.0
1753533285867,12:34:45.867,BIO/USDT:USDT,0.0625,294.0,0.06249,665.0,0.0626,688.0,0.06261,688.0
1753533286004,12:34:46.004,BIO/USDT:USDT,0.0625,294.0,0.06249,984.0,0.06263,1613.0,0.06264,3881.0
1753533286089,12:34:46.089,BIO/USDT:USDT,0.0625,294.0,0.06249,984.0,0.06262,688.0,0.06263,1613.0
1753533286505,12:34:46.505,BIO/USDT:USDT,0.0625,294.0,0.06249,984.0,0.06262,688.0,0.06263,1613.0
1753533287355,12:34:47.355,BIO/USDT:USDT,0.0625,294.0,0.06249,984.0,0.06262,20.0,0.06263,655.0
1753533287511,12:34:47.511,BIO/USDT:USDT,0.0625,294.0,0.06249,984.0,0.06261,688.0,0.06263,655.0
1753533287523,12:34:47.523,BIO/USDT:USDT,0.0625,294.0,0.06249,665.0,0.06261,688.0,0.06263,655.0
1753533287676,12:34:47.676,BIO/USDT:USDT,0.0625,294.0,0.06249,665.0,0.06262,688.0,0.06263,675.0
1753533287724,12:34:47.724,BIO/USDT:USDT,0.0625,294.0,0.06249,665.0,0.06262,688.0,0.06263,675.0
1753533288957,12:34:48.957,BIO/USDT:USDT,0.0625,294.0,0.06249,665.0,0.06262,688.0,0.06263,675.0
1753533289107,12:34:49.107,BIO/USDT:USDT,0.06251,661.0,0.0625,294.0,0.06262,688.0,0.06263,675.0
1753533289503,12:34:49.503,BIO/USDT:USDT,0.06252,294.0,0.06251,661.0,0.06262,688.0,0.06263,675.0
1753533289712,12:34:49.712,BIO/USDT:USDT,0.06252,294.0,0.06251,661.0,0.06262,661.0,0.06263,655.0
1753533289745,12:34:49.745,BIO/USDT:USDT,0.06252,294.0,0.06251,661.0,0.06262,661.0,0.06263,655.0
1753533289862,12:34:49.862,BIO/USDT:USDT,0.06252,294.0,0.06251,661.0,0.06262,661.0,0.06263,655.0
1753533290041,12:34:50.041,BIO/USDT:USDT,0.06252,294.0,0.06251,661.0,0.06262,661.0,0.06263,655.0
1753533290197,12:34:50.197,BIO/USDT:USDT,0.06252,294.0,0.06251,661.0,0.06262,661.0,0.06263,675.0
1753533290606,12:34:50.606,BIO/USDT:USDT,0.06252,294.0,0.06251,661.0,0.06263,765.0,0.06264,3881.0
1753533290619,12:34:50.619,BIO/USDT:USDT,0.06252,294.0,0.06251,661.0,0.06262,661.0,0.06263,655.0
1753533290804,12:34:50.804,BIO/USDT:USDT,0.06252,294.0,0.06251,661.0,0.06262,661.0,0.06263,655.0
1753533290985,12:34:50.985,BIO/USDT:USDT,0.06252,294.0,0.06251,661.0,0.06262,661.0,0.06263,655.0
1753533291141,12:34:51.141,BIO/USDT:USDT,0.06252,294.0,0.06251,661.0,0.06262,661.0,0.06263,655.0
1753533291295,12:34:51.295,BIO/USDT:USDT,0.06252,294.0,0.06251,661.0,0.06262,661.0,0.06263,765.0
1753533291404,12:34:51.404,BIO/USDT:USDT,0.06252,294.0,0.06251,661.0,0.06262,661.0,0.06263,655.0
1753533291461,12:34:51.461,BIO/USDT:USDT,0.06252,294.0,0.06251,661.0,0.06262,661.0,0.06263,655.0
1753533291608,12:34:51.608,BIO/USDT:USDT,0.06252,294.0,0.06251,661.0,0.06263,655.0,0.06264,3881.0
1753533291639,12:34:51.639,BIO/USDT:USDT,0.06252,294.0,0.06251,661.0,0.06262,661.0,0.06263,655.0
1753533291795,12:34:51.795,BIO/USDT:USDT,0.06252,294.0,0.06251,661.0,0.06262,661.0,0.06263,765.0
1753533291819,12:34:51.819,BIO/USDT:USDT,0.06252,294.0,0.06251,661.0,0.06262,661.0,0.06263,655.0
1753533291979,12:34:51.979,BIO/USDT:USDT,0.06252,294.0,0.06251,661.0,0.06262,661.0,0.06263,655.0
1753533292160,12:34:52.160,BIO/USDT:USDT,0.06252,294.0,0.06251,661.0,0.06262,661.0,0.06263,655.0
1753533292309,12:34:52.309,BIO/USDT:USDT,0.06252,294.0,0.06251,661.0,0.06263,655.0,0.06264,3881.0
1753533292339,12:34:52.339,BIO/USDT:USDT,0.06252,294.0,0.06251,661.0,0.06262,661.0,0.06263,655.0
1753533292494,12:34:52.494,BIO/USDT:USDT,0.06252,294.0,0.06251,661.0,0.06263,946.0,0.06264,3881.0
1753533292519,12:34:52.519,BIO/USDT:USDT,0.06252,294.0,0.06251,661.0,0.06262,661.0,0.06263,655.0
1753533292681,12:34:52.681,BIO/USDT:USDT,0.06252,294.0,0.06251,661.0,0.06262,661.0,0.06263,655.0
1753533292859,12:34:52.859,BIO/USDT:USDT,0.06252,294.0,0.06251,661.0,0.06262,661.0,0.06263,655.0
1753533293008,12:34:53.008,BIO/USDT:USDT,0.06252,294.0,0.06251,661.0,0.06263,655.0,0.06264,3881.0
1753533293079,12:34:53.079,BIO/USDT:USDT,0.06252,294.0,0.06251,661.0,0.06262,661.0,0.06263,655.0
1753533293261,12:34:53.261,BIO/USDT:USDT,0.06252,294.0,0.06251,661.0,0.06262,661.0,0.06263,655.0
1753533293410,12:34:53.410,BIO/USDT:USDT,0.06252,294.0,0.06251,661.0,0.06263,710.0,0.06264,3881.0
1753533293488,12:34:53.488,BIO/USDT:USDT,0.06252,294.0,0.06251,661.0,0.06262,661.0,0.06263,655.0
1753533293575,12:34:53.575,BIO/USDT:USDT,0.06252,294.0,0.06251,661.0,0.06262,661.0,0.06263,946.0
1753533293872,12:34:53.872,BIO/USDT:USDT,0.06252,294.0,0.06251,661.0,0.06262,661.0,0.06263,710.0
1753533293935,12:34:53.935,BIO/USDT:USDT,0.06252,294.0,0.06251,661.0,0.06262,661.0,0.06263,655.0
1753533294039,12:34:54.039,BIO/USDT:USDT,0.06252,294.0,0.06251,661.0,0.06262,661.0,0.06263,655.0
1753533294194,12:34:54.194,BIO/USDT:USDT,0.06252,294.0,0.06251,661.0,0.06263,1001.0,0.06264,3881.0
1753533294298,12:34:54.298,BIO/USDT:USDT,0.06252,294.0,0.06251,661.0,0.06262,661.0,0.06263,655.0
1753533294378,12:34:54.378,BIO/USDT:USDT,0.06252,294.0,0.06251,661.0,0.06263,681.0,0.06264,3881.0
1753533294718,12:34:54.718,BIO/USDT:USDT,0.06252,294.0,0.06251,661.0,0.06263,917.0,0.06264,3881.0
1753533294982,12:34:54.982,BIO/USDT:USDT,0.06252,294.0,0.06251,661.0,0.06263,681.0,0.06264,3881.0
1753533295171,12:34:55.171,BIO/USDT:USDT,0.06253,661.0,0.06252,294.0,0.06263,681.0,0.06264,3881.0
1753533295223,12:34:55.223,BIO/USDT:USDT,0.06254,294.0,0.06253,661.0,0.06263,681.0,0.06264,3881.0
1753533295392,12:34:55.392,BIO/USDT:USDT,0.06254,294.0,0.06253,661.0,0.06263,872.0,0.06264,3881.0
1753533295594,12:34:55.594,BIO/USDT:USDT,0.06254,294.0,0.06253,661.0,0.06263,846.0,0.06264,3881.0
1753533296095,12:34:56.095,BIO/USDT:USDT,0.06254,294.0,0.06253,661.0,0.06263,846.0,0.06264,3881.0
1753533296397,12:34:56.397,BIO/USDT:USDT,0.06254,294.0,0.06253,661.0,0.06263,655.0,0.06264,3881.0
1753533296458,12:34:56.458,BIO/USDT:USDT,0.06254,294.0,0.06253,661.0,0.06263,655.0,0.06264,3881.0
1753533296603,12:34:56.603,BIO/USDT:USDT,0.06254,294.0,0.06253,661.0,0.06263,655.0,0.06264,3881.0
1753533296675,12:34:56.675,BIO/USDT:USDT,0.06254,294.0,0.06253,661.0,0.06264,688.0,0.06265,3440.0
1753533296796,12:34:56.796,BIO/USDT:USDT,0.06254,294.0,0.06253,661.0,0.06264,688.0,0.06265,3440.0
1753533297047,12:34:57.047,BIO/USDT:USDT,0.06254,294.0,0.06253,661.0,0.06264,688.0,0.06265,3440.0
1753533297309,12:34:57.309,BIO/USDT:USDT,0.06254,294.0,0.06253,661.0,0.06264,688.0,0.06265,3440.0
1753533297407,12:34:57.407,BIO/USDT:USDT,0.06254,294.0,0.06253,661.0,0.06264,688.0,0.06265,3440.0
1753533297484,12:34:57.484,BIO/USDT:USDT,0.06255,661.0,0.06254,294.0,0.06265,3440.0,0.06266,3440.0
1753533297593,12:34:57.593,BIO/USDT:USDT,0.06256,294.0,0.06255,661.0,0.06265,3440.0,0.06266,3440.0
1753533297665,12:34:57.665,BIO/USDT:USDT,0.06256,294.0,0.06255,661.0,0.06265,3440.0,0.06266,3440.0
1753533297714,12:34:57.714,BIO/USDT:USDT,0.06256,294.0,0.06255,661.0,0.06265,3440.0,0.06266,3440.0
1753533297987,12:34:57.987,BIO/USDT:USDT,0.06256,294.0,0.06255,661.0,0.06265,3440.0,0.06266,3440.0
1753533298804,12:34:58.804,BIO/USDT:USDT,0.06256,294.0,0.06255,661.0,0.06265,3440.0,0.06266,3440.0
1753533299220,12:34:59.220,BIO/USDT:USDT,0.06256,294.0,0.06255,661.0,0.06265,3440.0,0.06266,3440.0
1753533299492,12:34:59.492,BIO/USDT:USDT,0.06256,294.0,0.06255,661.0,0.06265,3440.0,0.06266,3440.0
1753533300303,12:35:00.303,BIO/USDT:USDT,0.06256,294.0,0.06253,980.0,0.06264,676.0,0.06265,3440.0
1753533300335,12:35:00.335,BIO/USDT:USDT,0.06254,294.0,0.06253,980.0,0.06264,676.0,0.06265,3440.0
1753533300456,12:35:00.456,BIO/USDT:USDT,0.06254,294.0,0.06253,661.0,0.06264,676.0,0.06265,3440.0
1753533301140,12:35:01.140,BIO/USDT:USDT,0.06254,294.0,0.06253,661.0,0.06264,819.0,0.06265,3440.0
1753533301263,12:35:01.263,BIO/USDT:USDT,0.06254,294.0,0.06253,661.0,0.06263,676.0,0.06264,819.0
1753533301673,12:35:01.673,BIO/USDT:USDT,0.06254,294.0,0.06253,661.0,0.06263,676.0,0.06264,819.0
1753533302095,12:35:02.095,BIO/USDT:USDT,0.06254,294.0,0.06253,661.0,0.06263,676.0,0.06264,819.0
1753533302285,12:35:02.285,BIO/USDT:USDT,0.06254,294.0,0.06253,661.0,0.06263,731.0,0.06264,676.0
1753533303108,12:35:03.108,BIO/USDT:USDT,0.06254,294.0,0.06253,661.0,0.06263,731.0,0.06264,676.0
1753533303490,12:35:03.490,BIO/USDT:USDT,0.06254,294.0,0.06253,661.0,0.06263,731.0,0.06264,676.0
1753533303579,12:35:03.579,BIO/USDT:USDT,0.06254,294.0,0.06253,661.0,0.06263,731.0,0.06264,676.0
1753533303753,12:35:03.753,BIO/USDT:USDT,0.06254,294.0,0.06253,661.0,0.06263,731.0,0.06264,676.0
1753533304626,12:35:04.626,BIO/USDT:USDT,0.06254,294.0,0.06253,661.0,0.06263,731.0,0.06264,676.0
1753533305064,12:35:05.064,BIO/USDT:USDT,0.06254,294.0,0.06253,661.0,0.06264,676.0,0.06265,3440.0
1753533305176,12:35:05.176,BIO/USDT:USDT,0.06255,676.0,0.06254,294.0,0.06265,3440.0,0.06266,3440.0
1753533305273,12:35:05.273,BIO/USDT:USDT,0.06256,294.0,0.06255,676.0,0.06265,3440.0,0.06266,3440.0
1753533305409,12:35:05.409,BIO/USDT:USDT,0.06255,676.0,0.06253,980.0,0.06265,3440.0,0.06266,3440.0
1753533305504,12:35:05.504,BIO/USDT:USDT,0.06256,294.0,0.06255,676.0,0.06265,3583.0,0.06266,3440.0
1753533307930,12:35:07.930,BIO/USDT:USDT,0.06256,294.0,0.06255,676.0,0.06265,3440.0,0.06266,3440.0
1753533308349,12:35:08.349,BIO/USDT:USDT,0.06256,294.0,0.06255,676.0,0.06265,3440.0,0.06266,3440.0
1753533308566,12:35:08.566,BIO/USDT:USDT,0.06256,294.0,0.06255,676.0,0.06265,3440.0,0.06266,3440.0
1753533312486,12:35:12.486,BIO/USDT:USDT,0.06256,294.0,0.06255,676.0,0.06264,660.0,0.06265,3440.0
1753533312867,12:35:12.867,BIO/USDT:USDT,0.06256,294.0,0.06255,676.0,0.06264,660.0,0.06265,3440.0
1753533312978,12:35:12.978,BIO/USDT:USDT,0.06256,294.0,0.06255,676.0,0.06264,660.0,0.06265,3440.0
1753533313654,12:35:13.654,BIO/USDT:USDT,0.06256,294.0,0.06255,676.0,0.06264,660.0,0.06265,3440.0
1753533315477,12:35:15.477,BIO/USDT:USDT,0.06256,294.0,0.06253,980.0,0.06264,660.0,0.06265,3440.0
1753533315525,12:35:15.525,BIO/USDT:USDT,0.06254,294.0,0.06253,661.0,0.06264,660.0,0.06265,3440.0
1753533315682,12:35:15.682,BIO/USDT:USDT,0.06254,294.0,0.06253,661.0,0.06264,660.0,0.06265,3440.0
1753533316512,12:35:16.512,BIO/USDT:USDT,0.06254,294.0,0.06253,661.0,0.06264,660.0,0.06265,3440.0
1753533316513,12:35:16.513,BIO/USDT:USDT,0.06254,294.0,0.06253,661.0,0.06264,660.0,0.06265,3440.0
1753533316933,12:35:16.933,BIO/USDT:USDT,0.06254,294.0,0.06253,661.0,0.06264,660.0,0.06265,3440.0
1753533318942,12:35:18.942,BIO/USDT:USDT,0.06254,294.0,0.06253,661.0,0.06264,660.0,0.06265,3440.0
1753533320275,12:35:20.275,BIO/USDT:USDT,0.06254,294.0,0.06253,661.0,0.06264,660.0,0.06265,3440.0
1753533320577,12:35:20.577,BIO/USDT:USDT,0.06254,294.0,0.06253,661.0,0.06264,660.0,0.06265,3440.0
1753533323753,12:35:23.753,BIO/USDT:USDT,0.06254,294.0,0.06253,661.0,0.06264,660.0,0.06265,3440.0
1753533323901,12:35:23.901,BIO/USDT:USDT,0.06254,294.0,0.06253,661.0,0.06264,660.0,0.06265,3440.0
1753533330785,12:35:30.785,BIO/USDT:USDT,0.06254,294.0,0.06253,661.0,0.06264,660.0,0.06265,3440.0
1753533330895,12:35:30.895,BIO/USDT:USDT,0.06254,294.0,0.06253,661.0,0.06264,660.0,0.06265,3440.0
1753533332687,12:35:32.687,BIO/USDT:USDT,0.06254,294.0,0.06253,661.0,0.06264,1222.0,0.06265,3440.0
1753533333326,12:35:33.326,BIO/USDT:USDT,0.06254,294.0,0.06253,661.0,0.06264,660.0,0.06265,3440.0
1753533333451,12:35:33.451,BIO/USDT:USDT,0.06254,294.0,0.06253,661.0,0.06264,660.0,0.06265,3440.0
1753533333974,12:35:33.974,BIO/USDT:USDT,0.06254,294.0,0.06253,661.0,0.06264,826.0,0.06265,3440.0
1753533335884,12:35:35.884,BIO/USDT:USDT,0.06254,294.0,0.06253,661.0,0.06264,826.0,0.06265,3440.0
1753533336958,12:35:36.958,BIO/USDT:USDT,0.06254,294.0,0.06253,661.0,0.06263,660.0,0.06264,660.0
1753533337105,12:35:37.105,BIO/USDT:USDT,0.06254,294.0,0.06253,661.0,0.06264,660.0,0.06265,3440.0
1753533337443,12:35:37.443,BIO/USDT:USDT,0.06254,294.0,0.06253,661.0,0.06264,660.0,0.06265,3440.0
1753533338295,12:35:38.295,BIO/USDT:USDT,0.06254,294.0,0.06253,661.0,0.06264,660.0,0.06265,3440.0
1753533338555,12:35:38.555,BIO/USDT:USDT,0.06255,674.0,0.06254,294.0,0.06264,660.0,0.06265,3440.0
1753533338666,12:35:38.666,BIO/USDT:USDT,0.06256,294.0,0.06255,674.0,0.06264,660.0,0.06265,3440.0
1753533339076,12:35:39.076,BIO/USDT:USDT,0.06256,294.0,0.06255,674.0,0.06264,660.0,0.06265,3440.0
1753533339496,12:35:39.496,BIO/USDT:USDT,0.06256,294.0,0.06255,674.0,0.06264,660.0,0.06265,3440.0
1753533341209,12:35:41.209,BIO/USDT:USDT,0.06256,294.0,0.06255,674.0,0.06264,660.0,0.06265,3440.0
1753533341433,12:35:41.433,BIO/USDT:USDT,0.06256,294.0,0.06255,674.0,0.06264,660.0,0.06265,3440.0
1753533342273,12:35:42.273,BIO/USDT:USDT,0.06256,294.0,0.06255,674.0,0.06264,660.0,0.06265,3440.0
1753533343082,12:35:43.082,BIO/USDT:USDT,0.06256,294.0,0.06255,674.0,0.06264,660.0,0.06265,3440.0
1753533344591,12:35:44.591,BIO/USDT:USDT,0.06256,294.0,0.06255,674.0,0.06264,660.0,0.06265,3440.0
1753533345377,12:35:45.377,BIO/USDT:USDT,0.06256,294.0,0.06255,674.0,0.06264,660.0,0.06265,3440.0
1753533345780,12:35:45.780,BIO/USDT:USDT,0.06256,294.0,0.06255,674.0,0.06267,667.0,0.06268,6579.0
1753533345981,12:35:45.981,BIO/USDT:USDT,0.06256,294.0,0.06255,674.0,0.06266,674.0,0.06267,767.0
1753533346350,12:35:46.350,BIO/USDT:USDT,0.06256,294.0,0.06255,674.0,0.06266,674.0,0.06267,767.0
1753533346459,12:35:46.459,BIO/USDT:USDT,0.06256,294.0,0.06255,674.0,0.06266,674.0,0.06267,767.0
1753533346597,12:35:46.597,BIO/USDT:USDT,0.06256,294.0,0.06255,674.0,0.06266,674.0,0.06267,3961.0
1753533346771,12:35:46.771,BIO/USDT:USDT,0.06256,294.0,0.06255,674.0,0.06266,674.0,0.06267,3961.0
1753533347603,12:35:47.603,BIO/USDT:USDT,0.06256,294.0,0.06255,674.0,0.06266,674.0,0.06267,3961.0
1753533348607,12:35:48.607,BIO/USDT:USDT,0.06256,294.0,0.06255,674.0,0.06266,674.0,0.06267,3961.0
1753533349186,12:35:49.186,BIO/USDT:USDT,0.06256,294.0,0.06255,674.0,0.06266,674.0,0.06267,3861.0
1753533349562,12:35:49.562,BIO/USDT:USDT,0.06256,294.0,0.06255,674.0,0.06266,674.0,0.06267,3861.0
1753533350599,12:35:50.599,BIO/USDT:USDT,0.06256,294.0,0.06255,674.0,0.06266,674.0,0.06267,3861.0
1753533350633,12:35:50.633,BIO/USDT:USDT,0.06256,294.0,0.06255,674.0,0.06266,674.0,0.06267,3861.0
1753533350736,12:35:50.736,BIO/USDT:USDT,0.06256,294.0,0.06255,674.0,0.06266,674.0,0.06267,3861.0
1753533350837,12:35:50.837,BIO/USDT:USDT,0.06256,294.0,0.06255,674.0,0.06266,674.0,0.06267,3861.0
1753533351399,12:35:51.399,BIO/USDT:USDT,0.06256,294.0,0.06255,674.0,0.06267,667.0,0.06268,6579.0
1753533351586,12:35:51.586,BIO/USDT:USDT,0.06256,294.0,0.06255,674.0,0.06266,679.0,0.06267,767.0
1753533351675,12:35:51.675,BIO/USDT:USDT,0.06256,294.0,0.06255,674.0,0.06266,679.0,0.06267,767.0
1753533352154,12:35:52.154,BIO/USDT:USDT,0.06256,294.0,0.06255,674.0,0.06266,679.0,0.06267,767.0
1753533352296,12:35:52.296,BIO/USDT:USDT,0.06256,294.0,0.06255,674.0,0.06266,679.0,0.06267,767.0
1753533352503,12:35:52.503,BIO/USDT:USDT,0.06257,679.0,0.06256,294.0,0.06267,667.0,0.06268,6579.0
1753533352596,12:35:52.596,BIO/USDT:USDT,0.06258,294.0,0.06257,679.0,0.06267,667.0,0.06269,3873.0
1753533352674,12:35:52.674,BIO/USDT:USDT,0.06258,294.0,0.06257,679.0,0.06267,667.0,0.06269,3873.0
1753533352804,12:35:52.804,BIO/USDT:USDT,0.06258,294.0,0.06257,679.0,0.06267,667.0,0.06269,3873.0
1753533352870,12:35:52.870,BIO/USDT:USDT,0.06258,294.0,0.06257,679.0,0.06267,667.0,0.06269,3873.0
1753533352939,12:35:52.939,BIO/USDT:USDT,0.06258,294.0,0.06257,679.0,0.06267,796.0,0.06269,3873.0
1753533353015,12:35:53.015,BIO/USDT:USDT,0.06258,294.0,0.06257,679.0,0.06267,796.0,0.06269,3873.0
1753533353703,12:35:53.703,BIO/USDT:USDT,0.06258,294.0,0.06257,679.0,0.06267,796.0,0.06269,3873.0
1753533353832,12:35:53.832,BIO/USDT:USDT,0.06258,294.0,0.06257,679.0,0.06267,796.0,0.06269,3873.0
1753533354955,12:35:54.955,BIO/USDT:USDT,0.06258,294.0,0.06257,679.0,0.06267,796.0,0.06269,679.0
1753533356601,12:35:56.601,BIO/USDT:USDT,0.06258,294.0,0.06257,679.0,0.06267,796.0,0.06269,679.0
1753533357831,12:35:57.831,BIO/USDT:USDT,0.06258,294.0,0.06257,679.0,0.06267,796.0,0.06269,679.0
1753533358558,12:35:58.558,BIO/USDT:USDT,0.06258,294.0,0.06257,679.0,0.06267,796.0,0.06269,679.0
1753533358831,12:35:58.831,BIO/USDT:USDT,0.06258,294.0,0.06257,679.0,0.06267,796.0,0.06269,679.0
1753533359116,12:35:59.116,BIO/USDT:USDT,0.06258,294.0,0.06257,679.0,0.06267,796.0,0.06269,679.0
1753533360214,12:36:00.214,BIO/USDT:USDT,0.06258,294.0,0.06257,679.0,0.06267,796.0,0.06269,679.0
1753533360405,12:36:00.405,BIO/USDT:USDT,0.06259,667.0,0.06258,294.0,0.06267,129.0,0.06269,679.0
1753533360436,12:36:00.436,BIO/USDT:USDT,0.0626,326.0,0.06259,667.0,0.06267,129.0,0.06269,679.0
1753533360513,12:36:00.513,BIO/USDT:USDT,0.0626,326.0,0.06259,667.0,0.06267,129.0,0.06269,679.0
1753533360671,12:36:00.671,BIO/USDT:USDT,0.0626,326.0,0.06259,667.0,0.06267,129.0,0.06269,679.0
1753533360904,12:36:00.904,BIO/USDT:USDT,0.0626,326.0,0.06259,667.0,0.06269,679.0,0.06271,6644.0
1753533360940,12:36:00.940,BIO/USDT:USDT,0.0626,326.0,0.06259,667.0,0.06269,679.0,0.06271,7706.0
1753533361085,12:36:01.085,BIO/USDT:USDT,0.0626,326.0,0.06259,667.0,0.06269,679.0,0.06271,4512.0
1753533361283,12:36:01.283,BIO/USDT:USDT,0.0626,326.0,0.06259,667.0,0.06269,679.0,0.06271,4512.0
1753533361765,12:36:01.765,BIO/USDT:USDT,0.0626,326.0,0.06259,667.0,0.06269,679.0,0.06271,4512.0
1753533361905,12:36:01.905,BIO/USDT:USDT,0.0626,326.0,0.06259,667.0,0.06269,679.0,0.06271,4512.0
1753533362390,12:36:02.390,BIO/USDT:USDT,0.0626,326.0,0.06259,667.0,0.06269,679.0,0.06271,4512.0
1753533362456,12:36:02.456,BIO/USDT:USDT,0.0626,326.0,0.06259,667.0,0.06271,672.0,0.06272,7245.0
1753533362723,12:36:02.723,BIO/USDT:USDT,0.0626,326.0,0.06259,667.0,0.06271,672.0,0.06272,7245.0
1753533362960,12:36:02.960,BIO/USDT:USDT,0.0626,326.0,0.06259,667.0,0.06271,672.0,0.06272,7245.0
1753533363177,12:36:03.177,BIO/USDT:USDT,0.0626,326.0,0.06259,986.0,0.06272,666.0,0.06273,9422.0
1753533363306,12:36:03.306,BIO/USDT:USDT,0.0626,993.0,0.06259,986.0,0.06272,7245.0,0.06273,9422.0
1753533363323,12:36:03.323,BIO/USDT:USDT,0.0626,993.0,0.06259,667.0,0.06271,667.0,0.06272,7245.0
1753533363702,12:36:03.702,BIO/USDT:USDT,0.06261,667.0,0.0626,993.0,0.06271,667.0,0.06272,7245.0
1753533363722,12:36:03.722,BIO/USDT:USDT,0.06262,294.0,0.06261,667.0,0.06271,667.0,0.06272,7245.0
1753533364527,12:36:04.527,BIO/USDT:USDT,0.06262,294.0,0.06261,667.0,0.06271,667.0,0.06272,7245.0
1753533364845,12:36:04.845,BIO/USDT:USDT,0.06262,294.0,0.06261,667.0,0.06271,667.0,0.06272,7245.0
1753533365460,12:36:05.460,BIO/USDT:USDT,0.06262,294.0,0.06261,667.0,0.06271,667.0,0.06272,7245.0
1753533365678,12:36:05.678,BIO/USDT:USDT,0.06262,294.0,0.06261,667.0,0.06271,667.0,0.06272,7245.0
1753533366254,12:36:06.254,BIO/USDT:USDT,0.06262,294.0,0.06261,667.0,0.06271,667.0,0.06272,7245.0
1753533367904,12:36:07.904,BIO/USDT:USDT,0.06262,294.0,0.06261,667.0,0.06271,667.0,0.06272,7245.0
1753533368204,12:36:08.204,BIO/USDT:USDT,0.06262,294.0,0.06261,667.0,0.06271,917.0,0.06272,7245.0
1753533368398,12:36:08.398,BIO/USDT:USDT,0.06262,294.0,0.06261,667.0,0.0627,666.0,0.06271,667.0
1753533368474,12:36:08.474,BIO/USDT:USDT,0.06262,294.0,0.06261,667.0,0.0627,666.0,0.06271,667.0
1753533368611,12:36:08.611,BIO/USDT:USDT,0.06262,294.0,0.06261,667.0,0.0627,666.0,0.06271,917.0
1753533368707,12:36:08.707,BIO/USDT:USDT,0.06262,294.0,0.06261,667.0,0.06271,667.0,0.06272,7245.0
1753533368740,12:36:08.740,BIO/USDT:USDT,0.06262,294.0,0.06261,667.0,0.0627,666.0,0.06271,667.0
1753533368888,12:36:08.888,BIO/USDT:USDT,0.06262,294.0,0.06261,667.0,0.06271,667.0,0.06272,7245.0
1753533369306,12:36:09.306,BIO/USDT:USDT,0.06262,294.0,0.06261,667.0,0.06271,667.0,0.06272,7245.0
1753533369724,12:36:09.724,BIO/USDT:USDT,0.06262,294.0,0.06261,667.0,0.06271,667.0,0.06272,7245.0
1753533369822,12:36:09.822,BIO/USDT:USDT,0.06262,294.0,0.0626,667.0,0.06271,667.0,0.06272,7245.0
1753533369919,12:36:09.919,BIO/USDT:USDT,0.06261,294.0,0.0626,667.0,0.06271,667.0,0.06272,7245.0
1753533370163,12:36:10.163,BIO/USDT:USDT,0.06261,294.0,0.0626,667.0,0.0627,666.0,0.06271,667.0
1753533370306,12:36:10.306,BIO/USDT:USDT,0.06261,294.0,0.0626,667.0,0.06271,667.0,0.06272,7245.0
1753533370323,12:36:10.323,BIO/USDT:USDT,0.06261,294.0,0.0626,667.0,0.06271,667.0,0.06272,7245.0
1753533370559,12:36:10.559,BIO/USDT:USDT,0.06261,294.0,0.0626,667.0,0.06271,667.0,0.06272,7245.0
1753533372305,12:36:12.305,BIO/USDT:USDT,0.06261,294.0,0.0626,667.0,0.0627,666.0,0.06271,750.0
1753533372462,12:36:12.462,BIO/USDT:USDT,0.06261,294.0,0.0626,667.0,0.06271,667.0,0.06272,7245.0
1753533375635,12:36:15.635,BIO/USDT:USDT,0.06261,294.0,0.0626,667.0,0.06271,667.0,0.06272,7245.0
1753533375985,12:36:15.985,BIO/USDT:USDT,0.06262,666.0,0.06261,294.0,0.06271,667.0,0.06272,7245.0
1753533376020,12:36:16.020,BIO/USDT:USDT,0.06263,294.0,0.06262,666.0,0.06271,667.0,0.06272,7245.0
1753533376201,12:36:16.201,BIO/USDT:USDT,0.06263,294.0,0.06262,666.0,0.06271,667.0,0.06272,7245.0
1753533376287,12:36:16.287,BIO/USDT:USDT,0.06263,294.0,0.0626,667.0,0.06271,667.0,0.06272,7245.0
1753533376325,12:36:16.325,BIO/USDT:USDT,0.06261,294.0,0.0626,667.0,0.06271,667.0,0.06272,7245.0
1753533378486,12:36:18.486,BIO/USDT:USDT,0.06261,977.0,0.0626,667.0,0.06272,666.0,0.06273,3868.0
1753533378644,12:36:18.644,BIO/USDT:USDT,0.06261,977.0,0.0626,667.0,0.06272,666.0,0.06273,3868.0
1753533379312,12:36:19.312,BIO/USDT:USDT,0.06262,683.0,0.06261,977.0,0.06272,666.0,0.06273,3868.0
1753533379407,12:36:19.407,BIO/USDT:USDT,0.06263,294.0,0.06262,683.0,0.06272,666.0,0.06273,3868.0
1753533379482,12:36:19.482,BIO/USDT:USDT,0.06263,294.0,0.06262,683.0,0.06272,666.0,0.06273,3868.0
1753533379523,12:36:19.523,BIO/USDT:USDT,0.06263,294.0,0.06262,683.0,0.06272,666.0,0.06273,3868.0
1753533379875,12:36:19.875,BIO/USDT:USDT,0.06263,294.0,0.06262,683.0,0.06272,666.0,0.06273,3868.0
1753533380608,12:36:20.608,BIO/USDT:USDT,0.06263,294.0,0.06261,683.0,0.06272,666.0,0.06273,3868.0
1753533380700,12:36:20.700,BIO/USDT:USDT,0.06262,294.0,0.06261,683.0,0.06272,666.0,0.06273,3868.0
1753533381075,12:36:21.075,BIO/USDT:USDT,0.06262,294.0,0.06261,683.0,0.06272,666.0,0.06273,3868.0
1753533381919,12:36:21.919,BIO/USDT:USDT,0.06262,294.0,0.06261,683.0,0.06272,666.0,0.06273,3868.0
1753533382335,12:36:22.335,BIO/USDT:USDT,0.06262,294.0,0.06261,683.0,0.06272,666.0,0.06273,3868.0
1753533382879,12:36:22.879,BIO/USDT:USDT,0.06262,294.0,0.06261,683.0,0.06272,666.0,0.06273,3868.0
1753533383311,12:36:23.311,BIO/USDT:USDT,0.06262,294.0,0.06261,683.0,0.06272,666.0,0.06273,3868.0
1753533383464,12:36:23.464,BIO/USDT:USDT,0.06262,294.0,0.06261,683.0,0.06272,666.0,0.06273,3868.0
1753533384901,12:36:24.901,BIO/USDT:USDT,0.06262,294.0,0.06261,683.0,0.06272,666.0,0.06273,3868.0
1753533384937,12:36:24.937,BIO/USDT:USDT,0.06262,294.0,0.06261,683.0,0.06272,666.0,0.06273,3868.0
1753533385018,12:36:25.018,BIO/USDT:USDT,0.06262,294.0,0.06261,683.0,0.06272,666.0,0.06273,3868.0
1753533386427,12:36:26.427,BIO/USDT:USDT,0.06262,294.0,0.06261,683.0,0.06272,666.0,0.06273,3868.0
1753533386630,12:36:26.630,BIO/USDT:USDT,0.06262,294.0,0.06261,683.0,0.06272,666.0,0.06273,3868.0
1753533386780,12:36:26.780,BIO/USDT:USDT,0.06263,683.0,0.06262,294.0,0.06272,666.0,0.06273,3868.0
1753533386902,12:36:26.902,BIO/USDT:USDT,0.06264,294.0,0.06263,683.0,0.06272,666.0,0.06273,3868.0
1753533387037,12:36:27.037,BIO/USDT:USDT,0.06264,294.0,0.06261,683.0,0.06272,666.0,0.06273,3868.0
1753533387176,12:36:27.176,BIO/USDT:USDT,0.06263,683.0,0.06262,294.0,0.06272,666.0,0.06273,3868.0
1753533387219,12:36:27.219,BIO/USDT:USDT,0.06264,294.0,0.06263,683.0,0.06272,666.0,0.06273,3868.0
1753533387584,12:36:27.584,BIO/USDT:USDT,0.06264,294.0,0.06263,683.0,0.06272,666.0,0.06273,3868.0
1753533388002,12:36:28.002,BIO/USDT:USDT,0.06264,294.0,0.06263,683.0,0.06272,666.0,0.06273,3868.0
1753533389168,12:36:29.168,BIO/USDT:USDT,0.06264,294.0,0.06261,683.0,0.06272,666.0,0.06273,3868.0
1753533389225,12:36:29.225,BIO/USDT:USDT,0.06262,294.0,0.06261,683.0,0.06272,666.0,0.06273,3868.0
1753533389628,12:36:29.628,BIO/USDT:USDT,0.06262,294.0,0.06261,683.0,0.06272,666.0,0.06273,3868.0
1753533396241,12:36:36.241,BIO/USDT:USDT,0.06262,294.0,0.06261,683.0,0.06272,666.0,0.06273,3868.0
1753533396470,12:36:36.470,BIO/USDT:USDT,0.06262,294.0,0.06261,683.0,0.06272,666.0,0.06273,3868.0
1753533397381,12:36:37.381,BIO/USDT:USDT,0.06262,294.0,0.06261,683.0,0.06272,666.0,0.06273,3868.0
1753533397703,12:36:37.703,BIO/USDT:USDT,0.06262,294.0,0.06261,683.0,0.06272,666.0,0.06273,3868.0
1753533399125,12:36:39.125,BIO/USDT:USDT,0.06262,294.0,0.06261,683.0,0.06272,666.0,0.06273,3868.0
1753533399258,12:36:39.258,BIO/USDT:USDT,0.06262,294.0,0.06261,683.0,0.06272,666.0,0.06273,3868.0
1753533405252,12:36:45.252,BIO/USDT:USDT,0.06262,294.0,0.06261,683.0,0.06272,666.0,0.06273,3868.0
1753533405413,12:36:45.413,BIO/USDT:USDT,0.06262,294.0,0.06261,683.0,0.06272,666.0,0.06273,3868.0
1753533405878,12:36:45.878,BIO/USDT:USDT,0.06262,294.0,0.06261,683.0,0.06272,666.0,0.06273,3868.0
1753533406420,12:36:46.420,BIO/USDT:USDT,0.06262,294.0,0.06261,683.0,0.06272,666.0,0.06273,3868.0
1753533409381,12:36:49.381,BIO/USDT:USDT,0.06262,294.0,0.06261,683.0,0.06272,666.0,0.06273,3868.0
1753533410209,12:36:50.209,BIO/USDT:USDT,0.06262,294.0,0.06261,683.0,0.06272,666.0,0.06273,3868.0
1753533411346,12:36:51.346,BIO/USDT:USDT,0.06262,294.0,0.06261,683.0,0.06272,666.0,0.06273,3868.0
1753533411493,12:36:51.493,BIO/USDT:USDT,0.06262,294.0,0.06261,683.0,0.06272,666.0,0.06273,3868.0
1753533411683,12:36:51.683,BIO/USDT:USDT,0.06262,294.0,0.06261,683.0,0.06272,666.0,0.06273,3868.0
1753533412035,12:36:52.035,BIO/USDT:USDT,0.06262,294.0,0.06261,683.0,0.06272,666.0,0.06273,3868.0
1753533412328,12:36:52.328,BIO/USDT:USDT,0.06262,294.0,0.06261,683.0,0.06272,666.0,0.06273,3868.0
1753533412770,12:36:52.770,BIO/USDT:USDT,0.06262,981.0,0.06261,683.0,0.06272,666.0,0.06273,3868.0
1753533412813,12:36:52.813,BIO/USDT:USDT,0.06263,687.0,0.06262,981.0,0.06272,666.0,0.06273,3868.0
1753533413004,12:36:53.004,BIO/USDT:USDT,0.06264,294.0,0.06263,687.0,0.06272,666.0,0.06273,3868.0
1753533413837,12:36:53.837,BIO/USDT:USDT,0.06264,294.0,0.06263,687.0,0.06272,666.0,0.06273,3868.0
1753533414265,12:36:54.265,BIO/USDT:USDT,0.06264,294.0,0.06263,687.0,0.06272,666.0,0.06273,3868.0
1753533415075,12:36:55.075,BIO/USDT:USDT,0.06264,294.0,0.06262,687.0,0.06272,666.0,0.06273,3868.0
1753533415120,12:36:55.120,BIO/USDT:USDT,0.06263,294.0,0.06262,687.0,0.06272,666.0,0.06273,3868.0
1753533415487,12:36:55.487,BIO/USDT:USDT,0.06263,294.0,0.06262,687.0,0.06272,666.0,0.06273,3868.0
1753533415902,12:36:55.902,BIO/USDT:USDT,0.06263,294.0,0.06262,687.0,0.06272,666.0,0.06273,3868.0
1753533417263,12:36:57.263,BIO/USDT:USDT,0.06263,294.0,0.06262,687.0,0.06272,666.0,0.06273,3868.0
1753533417715,12:36:57.715,BIO/USDT:USDT,0.06263,294.0,0.06262,687.0,0.06272,666.0,0.06273,3868.0
1753533417940,12:36:57.940,BIO/USDT:USDT,0.06263,294.0,0.06262,687.0,0.06272,666.0,0.06273,3868.0
1753533419428,12:36:59.428,BIO/USDT:USDT,0.06263,294.0,0.06261,683.0,0.06272,666.0,0.06273,3868.0
1753533419519,12:36:59.519,BIO/USDT:USDT,0.06262,294.0,0.06261,683.0,0.06272,666.0,0.06273,3868.0
1753533419897,12:36:59.897,BIO/USDT:USDT,0.06262,294.0,0.06261,683.0,0.06272,666.0,0.06273,3868.0
1753533419933,12:36:59.933,BIO/USDT:USDT,0.06262,294.0,0.06261,683.0,0.06272,666.0,0.06273,3868.0
1753533421137,12:37:01.137,BIO/USDT:USDT,0.06262,294.0,0.06261,683.0,0.06272,666.0,0.06273,3868.0
1753533421409,12:37:01.409,BIO/USDT:USDT,0.06264,294.0,0.06263,675.0,0.06273,3868.0,0.06274,665.0
1753533421511,12:37:01.511,BIO/USDT:USDT,0.06264,294.0,0.06263,675.0,0.06273,3194.0,0.06274,665.0
1753533421596,12:37:01.596,BIO/USDT:USDT,0.06265,675.0,0.06264,294.0,0.06273,3194.0,0.06275,661.0
1753533421636,12:37:01.636,BIO/USDT:USDT,0.06266,326.0,0.06265,675.0,0.06273,3194.0,0.06275,661.0
1753533421911,12:37:01.911,BIO/USDT:USDT,0.06266,326.0,0.06265,675.0,0.06273,3194.0,0.06275,661.0
1753533421997,12:37:01.997,BIO/USDT:USDT,0.06266,326.0,0.06265,675.0,0.06273,3194.0,0.06275,661.0
1753533422017,12:37:02.017,BIO/USDT:USDT,0.06266,358.0,0.06265,675.0,0.06273,3194.0,0.06275,661.0
1753533422263,12:37:02.263,BIO/USDT:USDT,0.06267,675.0,0.06266,358.0,0.06273,3194.0,0.06276,665.0
1753533422401,12:37:02.401,BIO/USDT:USDT,0.06268,358.0,0.06267,739.0,0.06273,3194.0,0.06276,665.0
1753533422430,12:37:02.430,BIO/USDT:USDT,0.06268,358.0,0.06267,739.0,0.06273,3194.0,0.06276,665.0
1753533422783,12:37:02.783,BIO/USDT:USDT,0.06268,358.0,0.06267,739.0,0.06273,3194.0,0.06276,665.0
1753533422851,12:37:02.851,BIO/USDT:USDT,0.06268,358.0,0.06267,739.0,0.06273,3194.0,0.06276,665.0
1753533423497,12:37:03.497,BIO/USDT:USDT,0.06268,358.0,0.06267,739.0,0.06273,3194.0,0.06276,665.0
1753533423698,12:37:03.698,BIO/USDT:USDT,0.06268,358.0,0.06267,739.0,0.06273,3194.0,0.06277,681.0
1753533424489,12:37:04.489,BIO/USDT:USDT,0.06268,358.0,0.06267,739.0,0.06277,681.0,0.06278,7.0
1753533424635,12:37:04.635,BIO/USDT:USDT,0.06268,358.0,0.06267,739.0,0.06277,681.0,0.06278,7.0
1753533424786,12:37:04.786,BIO/USDT:USDT,0.06268,358.0,0.06267,739.0,0.06277,681.0,0.06278,7.0
1753533424912,12:37:04.912,BIO/USDT:USDT,0.06268,358.0,0.06267,739.0,0.06277,681.0,0.06278,7.0
1753533424912,12:37:04.912,BIO/USDT:USDT,0.06268,358.0,0.06267,739.0,0.06277,681.0,0.06278,7.0
1753533425207,12:37:05.207,BIO/USDT:USDT,0.06268,358.0,0.06267,739.0,0.06277,681.0,0.06278,7.0
1753533425478,12:37:05.478,BIO/USDT:USDT,0.06268,358.0,0.06267,739.0,0.06277,681.0,0.06278,7.0
1753533425567,12:37:05.567,BIO/USDT:USDT,0.06268,358.0,0.06267,739.0,0.06277,681.0,0.06278,7.0
1753533425836,12:37:05.836,BIO/USDT:USDT,0.06268,326.0,0.06267,707.0,0.06277,681.0,0.06278,7.0
1753533426663,12:37:06.663,BIO/USDT:USDT,0.06268,326.0,0.06267,707.0,0.06277,681.0,0.06278,7.0
1753533426948,12:37:06.948,BIO/USDT:USDT,0.06268,326.0,0.06267,707.0,0.06277,681.0,0.06278,7.0
1753533427609,12:37:07.609,BIO/USDT:USDT,0.06268,326.0,0.06267,707.0,0.06277,681.0,0.06278,7.0
1753533427626,12:37:07.626,BIO/USDT:USDT,0.06268,326.0,0.06267,707.0,0.06277,681.0,0.06278,7.0
1753533427824,12:37:07.824,BIO/USDT:USDT,0.06268,326.0,0.06267,707.0,0.06277,681.0,0.06278,7.0
1753533428611,12:37:08.611,BIO/USDT:USDT,0.06268,326.0,0.06267,707.0,0.06277,781.0,0.06278,7.0
1753533428655,12:37:08.655,BIO/USDT:USDT,0.06268,326.0,0.06267,707.0,0.06277,781.0,0.06278,7.0
1753533428720,12:37:08.720,BIO/USDT:USDT,0.06268,326.0,0.06267,707.0,0.06277,781.0,0.06278,7.0
1753533428857,12:37:08.857,BIO/USDT:USDT,0.06268,326.0,0.06267,707.0,0.06277,781.0,0.06278,7.0
1753533429652,12:37:09.652,BIO/USDT:USDT,0.06268,326.0,0.06267,707.0,0.06277,781.0,0.06278,7.0
1753533429882,12:37:09.882,BIO/USDT:USDT,0.06268,326.0,0.06267,707.0,0.06277,781.0,0.06278,7.0
1753533430894,12:37:10.894,BIO/USDT:USDT,0.06269,660.0,0.06268,326.0,0.06278,7.0,0.06279,660.0
1753533431005,12:37:11.005,BIO/USDT:USDT,0.0627,294.0,0.06269,660.0,0.06278,7.0,0.06279,660.0
1753533431082,12:37:11.082,BIO/USDT:USDT,0.0627,294.0,0.06269,660.0,0.06278,7.0,0.06279,660.0
1753533431487,12:37:11.487,BIO/USDT:USDT,0.0627,294.0,0.06269,660.0,0.06278,7.0,0.06279,660.0
1753533431639,12:37:11.639,BIO/USDT:USDT,0.0627,294.0,0.06269,660.0,0.06278,7.0,0.06279,660.0
1753533431801,12:37:11.801,BIO/USDT:USDT,0.0627,294.0,0.06269,660.0,0.06278,7.0,0.06279,660.0
1753533431949,12:37:11.949,BIO/USDT:USDT,0.0627,294.0,0.06269,660.0,0.06278,7.0,0.06279,660.0
1753533432218,12:37:12.218,BIO/USDT:USDT,0.0627,294.0,0.06269,660.0,0.06278,7.0,0.06279,660.0
1753533432377,12:37:12.377,BIO/USDT:USDT,0.0627,294.0,0.06269,660.0,0.06278,7.0,0.06279,660.0
1753533432510,12:37:12.510,BIO/USDT:USDT,0.0627,294.0,0.06269,660.0,0.06278,7.0,0.06279,660.0
1753533432529,12:37:12.529,BIO/USDT:USDT,0.0627,294.0,0.06269,660.0,0.06278,7.0,0.06279,660.0
1753533432711,12:37:12.711,BIO/USDT:USDT,0.0627,294.0,0.06269,660.0,0.06278,7.0,0.06279,660.0
1753533432861,12:37:12.861,BIO/USDT:USDT,0.0627,294.0,0.06269,660.0,0.06278,7.0,0.06279,660.0
1753533434418,12:37:14.418,BIO/USDT:USDT,0.0627,294.0,0.06269,660.0,0.06278,7.0,0.0628,685.0
1753533434648,12:37:14.648,BIO/USDT:USDT,0.0627,294.0,0.06269,660.0,0.06278,7.0,0.0628,685.0
1753533434959,12:37:14.959,BIO/USDT:USDT,0.0627,294.0,0.06269,660.0,0.06278,7.0,0.0628,685.0
1753533435096,12:37:15.096,BIO/USDT:USDT,0.0627,294.0,0.06269,660.0,0.06278,7.0,0.0628,685.0
1753533435249,12:37:15.249,BIO/USDT:USDT,0.0627,294.0,0.06269,660.0,0.06278,7.0,0.0628,685.0
1753533435732,12:37:15.732,BIO/USDT:USDT,0.0627,294.0,0.06269,660.0,0.06278,7.0,0.0628,685.0
1753533435891,12:37:15.891,BIO/USDT:USDT,0.0627,294.0,0.06269,660.0,0.06278,7.0,0.0628,685.0
1753533436748,12:37:16.748,BIO/USDT:USDT,0.0627,294.0,0.06269,660.0,0.06278,667.0,0.0628,685.0
1753533437073,12:37:17.073,BIO/USDT:USDT,0.0627,294.0,0.06269,660.0,0.06278,667.0,0.0628,685.0
1753533442665,12:37:22.665,BIO/USDT:USDT,0.0627,294.0,0.06269,660.0,0.06278,667.0,0.0628,685.0
1753533443061,12:37:23.061,BIO/USDT:USDT,0.0627,294.0,0.06269,660.0,0.06278,667.0,0.0628,685.0
1753533443137,12:37:23.137,BIO/USDT:USDT,0.0627,294.0,0.06269,660.0,0.06278,667.0,0.0628,685.0
1753533450264,12:37:30.264,BIO/USDT:USDT,0.0627,294.0,0.06269,660.0,0.06278,667.0,0.0628,685.0
1753533450560,12:37:30.560,BIO/USDT:USDT,0.0627,294.0,0.06269,660.0,0.06278,667.0,0.0628,685.0
1753533452456,12:37:32.456,BIO/USDT:USDT,0.0627,294.0,0.06269,660.0,0.06278,667.0,0.0628,685.0
1753533452559,12:37:32.559,BIO/USDT:USDT,0.0627,294.0,0.06269,660.0,0.06278,667.0,0.0628,685.0
1753533453899,12:37:33.899,BIO/USDT:USDT,0.0627,294.0,0.06269,660.0,0.06278,667.0,0.0628,685.0
1753533455178,12:37:35.178,BIO/USDT:USDT,0.0627,294.0,0.06269,660.0,0.06278,667.0,0.0628,685.0
1753533455889,12:37:35.889,BIO/USDT:USDT,0.0627,294.0,0.06269,660.0,0.06278,7.0,0.0628,685.0
1753533455939,12:37:35.939,BIO/USDT:USDT,0.0627,294.0,0.06269,660.0,0.06278,7.0,0.0628,685.0
1753533456098,12:37:36.098,BIO/USDT:USDT,0.0627,294.0,0.06269,979.0,0.06278,7.0,0.06282,675.0
1753533456114,12:37:36.114,BIO/USDT:USDT,0.0627,294.0,0.06269,979.0,0.06278,7.0,0.06282,675.0
1753533456213,12:37:36.213,BIO/USDT:USDT,0.0627,294.0,0.06269,979.0,0.06278,7.0,0.06282,7254.0
1753533456483,12:37:36.483,BIO/USDT:USDT,0.0627,294.0,0.06269,979.0,0.06278,7.0,0.06282,7254.0
1753533456865,12:37:36.865,BIO/USDT:USDT,0.0627,294.0,0.06269,979.0,0.06278,7.0,0.06282,7254.0
1753533456984,12:37:36.984,BIO/USDT:USDT,0.06271,674.0,0.0627,968.0,0.06278,7.0,0.06282,7254.0
1753533457042,12:37:37.042,BIO/USDT:USDT,0.06272,358.0,0.06271,674.0,0.06278,7.0,0.06282,7254.0
1753533457696,12:37:37.696,BIO/USDT:USDT,0.06272,358.0,0.06271,674.0,0.06278,7.0,0.06282,7254.0
1753533458204,12:37:38.204,BIO/USDT:USDT,0.06272,358.0,0.0627,674.0,0.06278,7.0,0.06282,7254.0
1753533458261,12:37:38.261,BIO/USDT:USDT,0.06272,64.0,0.06271,294.0,0.06278,7.0,0.06282,7254.0
1753533458626,12:37:38.626,BIO/USDT:USDT,0.06272,64.0,0.06271,294.0,0.06278,7.0,0.06282,7254.0
1753533459058,12:37:39.058,BIO/USDT:USDT,0.06272,64.0,0.06271,294.0,0.06278,7.0,0.06282,7254.0
1753533459478,12:37:39.478,BIO/USDT:USDT,0.06272,64.0,0.06271,294.0,0.06278,7.0,0.06282,7254.0
1753533460370,12:37:40.370,BIO/USDT:USDT,0.06272,752.0,0.06271,294.0,0.06278,7.0,0.06282,675.0
1753533460482,12:37:40.482,BIO/USDT:USDT,0.06273,294.0,0.06272,752.0,0.06278,7.0,0.06282,675.0
1753533460587,12:37:40.587,BIO/USDT:USDT,0.06273,294.0,0.06272,752.0,0.06278,7.0,0.06282,675.0
1753533460711,12:37:40.711,BIO/USDT:USDT,0.06273,294.0,0.06272,752.0,0.06278,7.0,0.06282,675.0
1753533460802,12:37:40.802,BIO/USDT:USDT,0.06273,294.0,0.06272,752.0,0.06278,7.0,0.06282,675.0
1753533460860,12:37:40.860,BIO/USDT:USDT,0.06273,294.0,0.06272,752.0,0.06278,7.0,0.06282,675.0
1753533461247,12:37:41.247,BIO/USDT:USDT,0.06273,294.0,0.06272,752.0,0.06278,7.0,0.06282,675.0
1753533461498,12:37:41.498,BIO/USDT:USDT,0.06273,294.0,0.06272,752.0,0.06278,7.0,0.06282,675.0
1753533461554,12:37:41.554,BIO/USDT:USDT,0.06273,294.0,0.06272,752.0,0.06278,7.0,0.06282,675.0
1753533461989,12:37:41.989,BIO/USDT:USDT,0.06273,294.0,0.06272,752.0,0.06278,7.0,0.06282,675.0
1753533462263,12:37:42.263,BIO/USDT:USDT,0.06273,294.0,0.06272,752.0,0.06278,7.0,0.06282,675.0
1753533462498,12:37:42.498,BIO/USDT:USDT,0.06273,294.0,0.06272,752.0,0.06278,7.0,0.06284,668.0
1753533462823,12:37:42.823,BIO/USDT:USDT,0.06273,294.0,0.06272,752.0,0.06278,7.0,0.06284,668.0
1753533463236,12:37:43.236,BIO/USDT:USDT,0.06273,294.0,0.06272,752.0,0.06278,7.0,0.06284,668.0
1753533464670,12:37:44.670,BIO/USDT:USDT,0.06273,294.0,0.06272,752.0,0.06278,7.0,0.06284,668.0
1753533465211,12:37:45.211,BIO/USDT:USDT,0.06273,294.0,0.06272,752.0,0.06278,7.0,0.06284,668.0
1753533466202,12:37:46.202,BIO/USDT:USDT,0.06273,294.0,0.06272,752.0,0.06278,7.0,0.06284,668.0
1753533468680,12:37:48.680,BIO/USDT:USDT,0.06273,294.0,0.06272,752.0,0.06278,7.0,0.06284,668.0
1753533469239,12:37:49.239,BIO/USDT:USDT,0.06273,294.0,0.06272,752.0,0.06278,7.0,0.06284,668.0
1753533471122,12:37:51.122,BIO/USDT:USDT,0.06273,294.0,0.06272,752.0,0.06278,7.0,0.06284,668.0
1753533471429,12:37:51.429,BIO/USDT:USDT,0.06273,294.0,0.06272,752.0,0.06278,7.0,0.06284,668.0
1753533480346,12:38:00.346,BIO/USDT:USDT,0.06273,294.0,0.06272,752.0,0.06278,7.0,0.06279,32.0
1753533480790,12:38:00.790,BIO/USDT:USDT,0.06273,294.0,0.06272,720.0,0.06278,39.0,0.06279,32.0
1753533481002,12:38:01.002,BIO/USDT:USDT,0.06273,294.0,0.06272,720.0,0.06278,39.0,0.06279,32.0
1753533481087,12:38:01.087,BIO/USDT:USDT,0.06273,294.0,0.0627,993.0,0.06278,39.0,0.06279,32.0
1753533481124,12:38:01.124,BIO/USDT:USDT,0.06271,294.0,0.0627,993.0,0.06278,39.0,0.06279,32.0
1753533481502,12:38:01.502,BIO/USDT:USDT,0.06271,326.0,0.0627,993.0,0.06278,39.0,0.06279,32.0
1753533481691,12:38:01.691,BIO/USDT:USDT,0.06271,326.0,0.0627,993.0,0.06278,39.0,0.06279,32.0
1753533481841,12:38:01.841,BIO/USDT:USDT,0.06271,326.0,0.0627,993.0,0.06278,39.0,0.06279,32.0
1753533483668,12:38:03.668,BIO/USDT:USDT,0.06271,294.0,0.0627,993.0,0.06278,39.0,0.06279,32.0
1753533483897,12:38:03.897,BIO/USDT:USDT,0.06271,294.0,0.0627,993.0,0.06278,39.0,0.06279,32.0
1753533484003,12:38:04.003,BIO/USDT:USDT,0.06271,294.0,0.0627,993.0,0.06278,39.0,0.06279,32.0
1753533484038,12:38:04.038,BIO/USDT:USDT,0.06271,294.0,0.0627,993.0,0.06278,39.0,0.06279,32.0
1753533484196,12:38:04.196,BIO/USDT:USDT,0.06271,294.0,0.06267,319.0,0.06277,661.0,0.06278,700.0
1753533484311,12:38:04.311,BIO/USDT:USDT,0.06268,294.0,0.06266,319.0,0.06277,661.0,0.06278,700.0
1753533484349,12:38:04.349,BIO/USDT:USDT,0.06267,613.0,0.06265,675.0,0.06277,661.0,0.06278,700.0
1753533484480,12:38:04.480,BIO/USDT:USDT,0.06267,294.0,0.06265,994.0,0.06277,661.0,0.06278,700.0
1753533484604,12:38:04.604,BIO/USDT:USDT,0.06266,294.0,0.06265,994.0,0.06277,661.0,0.06278,700.0
1753533484694,12:38:04.694,BIO/USDT:USDT,0.06266,294.0,0.06265,675.0,0.06277,661.0,0.06278,700.0
1753533484922,12:38:04.922,BIO/USDT:USDT,0.06266,294.0,0.06265,675.0,0.06277,661.0,0.06278,700.0
1753533485356,12:38:05.356,BIO/USDT:USDT,0.06266,294.0,0.06265,675.0,0.06277,661.0,0.06278,700.0
1753533485608,12:38:05.608,BIO/USDT:USDT,0.06266,294.0,0.06265,675.0,0.06277,661.0,0.06278,700.0
1753533485663,12:38:05.663,BIO/USDT:USDT,0.06266,294.0,0.06263,319.0,0.06277,661.0,0.06278,700.0
1753533485809,12:38:05.809,BIO/USDT:USDT,0.06264,294.0,0.06263,319.0,0.06277,661.0,0.06278,700.0
1753533486240,12:38:06.240,BIO/USDT:USDT,0.06264,294.0,0.06263,319.0,0.06277,661.0,0.06278,700.0
1753533487063,12:38:07.063,BIO/USDT:USDT,0.06264,294.0,0.06263,319.0,0.06277,661.0,0.06278,700.0
1753533487130,12:38:07.130,BIO/USDT:USDT,0.06264,294.0,0.06263,319.0,0.06277,661.0,0.06278,700.0
1753533487430,12:38:07.430,BIO/USDT:USDT,0.06264,294.0,0.06263,319.0,0.06277,661.0,0.06278,700.0
1753533487539,12:38:07.539,BIO/USDT:USDT,0.06264,294.0,0.06263,319.0,0.06277,661.0,0.06278,700.0
1753533487803,12:38:07.803,BIO/USDT:USDT,0.06264,294.0,0.06262,6898.0,0.06275,661.0,0.06276,3194.0
1753533487897,12:38:07.897,BIO/USDT:USDT,0.06263,294.0,0.06262,6898.0,0.06275,661.0,0.06276,3194.0
1753533488311,12:38:08.311,BIO/USDT:USDT,0.06263,294.0,0.06262,6898.0,0.06275,661.0,0.06276,3194.0
1753533488404,12:38:08.404,BIO/USDT:USDT,0.06263,294.0,0.06262,6898.0,0.06275,661.0,0.06276,3194.0
1753533488687,12:38:08.687,BIO/USDT:USDT,0.06263,294.0,0.06262,6898.0,0.06275,661.0,0.06276,3194.0
1753533488728,12:38:08.728,BIO/USDT:USDT,0.06263,294.0,0.06262,6898.0,0.06275,661.0,0.06276,3194.0
1753533490255,12:38:10.255,BIO/USDT:USDT,0.06263,294.0,0.06262,6898.0,0.06275,661.0,0.06276,3194.0
1753533490355,12:38:10.355,BIO/USDT:USDT,0.06263,294.0,0.06262,6898.0,0.06275,661.0,0.06276,3194.0
1753533490433,12:38:10.433,BIO/USDT:USDT,0.06263,294.0,0.06262,6898.0,0.06275,661.0,0.06276,3194.0
1753533490699,12:38:10.699,BIO/USDT:USDT,0.06263,294.0,0.06262,6898.0,0.06275,661.0,0.06277,661.0
1753533490757,12:38:10.757,BIO/USDT:USDT,0.06263,613.0,0.06262,6579.0,0.06277,661.0,0.06278,668.0
1753533490910,12:38:10.910,BIO/USDT:USDT,0.06263,613.0,0.06262,6579.0,0.06276,662.0,0.06277,6209.0
1753533490963,12:38:10.963,BIO/USDT:USDT,0.06263,294.0,0.06262,6898.0,0.06275,662.0,0.06276,7241.0
1753533491171,12:38:11.171,BIO/USDT:USDT,0.06263,294.0,0.06262,6898.0,0.06275,662.0,0.06276,7241.0
1753533491855,12:38:11.855,BIO/USDT:USDT,0.06263,294.0,0.06262,6898.0,0.06275,662.0,0.06276,7241.0
1753533491988,12:38:11.988,BIO/USDT:USDT,0.06263,294.0,0.06262,6898.0,0.06275,662.0,0.06276,7241.0
1753533493586,12:38:13.586,BIO/USDT:USDT,0.06263,294.0,0.06262,6898.0,0.06275,662.0,0.06276,7241.0
1753533494376,12:38:14.376,BIO/USDT:USDT,0.06263,294.0,0.06262,6898.0,0.06275,662.0,0.06276,7241.0
1753533494702,12:38:14.702,BIO/USDT:USDT,0.06263,294.0,0.06262,6898.0,0.06275,662.0,0.06276,7241.0
1753533497695,12:38:17.695,BIO/USDT:USDT,0.06263,294.0,0.06262,6898.0,0.06275,662.0,0.06276,10435.0
1753533498026,12:38:18.026,BIO/USDT:USDT,0.06263,294.0,0.06262,6898.0,0.06275,662.0,0.06276,10435.0
1753533500570,12:38:20.570,BIO/USDT:USDT,0.06263,294.0,0.06262,6898.0,0.06275,662.0,0.06276,10435.0
1753533500726,12:38:20.726,BIO/USDT:USDT,0.06263,294.0,0.06262,6898.0,0.06275,662.0,0.06276,10435.0
1753533504439,12:38:24.439,BIO/USDT:USDT,0.06263,294.0,0.06262,6898.0,0.06275,662.0,0.06276,7241.0
1753533504711,12:38:24.711,BIO/USDT:USDT,0.06263,294.0,0.06262,6898.0,0.06275,662.0,0.06276,7241.0
1753533505585,12:38:25.585,BIO/USDT:USDT,0.06263,294.0,0.06262,6898.0,0.06275,662.0,0.06276,7241.0
1753533505674,12:38:25.674,BIO/USDT:USDT,0.06263,294.0,0.06262,6898.0,0.06275,662.0,0.06276,7241.0
1753533505902,12:38:25.902,BIO/USDT:USDT,0.06263,294.0,0.06262,6898.0,0.06275,662.0,0.06276,7241.0
1753533506155,12:38:26.155,BIO/USDT:USDT,0.06263,294.0,0.06262,6898.0,0.06275,662.0,0.06276,7241.0
1753533511511,12:38:31.511,BIO/USDT:USDT,0.06263,294.0,0.06262,6898.0,0.06275,662.0,0.06276,7241.0
1753533512909,12:38:32.909,BIO/USDT:USDT,0.06263,294.0,0.0626,319.0,0.06275,662.0,0.06276,7241.0
1753533513006,12:38:33.006,BIO/USDT:USDT,0.06261,956.0,0.0626,319.0,0.06274,662.0,0.06275,662.0
1753533513087,12:38:33.087,BIO/USDT:USDT,0.06261,956.0,0.0626,319.0,0.06275,662.0,0.06276,7241.0
1753533513143,12:38:33.143,BIO/USDT:USDT,0.06261,956.0,0.0626,319.0,0.06274,662.0,0.06275,662.0
1753533513308,12:38:33.308,BIO/USDT:USDT,0.06261,1465.0,0.06259,667.0,0.06274,662.0,0.06275,824.0
1753533513407,12:38:33.407,BIO/USDT:USDT,0.06261,1146.0,0.0626,319.0,0.06274,662.0,0.06275,662.0
1753533513484,12:38:33.484,BIO/USDT:USDT,0.06261,1146.0,0.0626,319.0,0.06274,662.0,0.06275,662.0
1753533513687,12:38:33.687,BIO/USDT:USDT,0.06261,1146.0,0.0626,319.0,0.06274,662.0,0.06275,662.0
1753533513804,12:38:33.804,BIO/USDT:USDT,0.06261,1146.0,0.0626,319.0,0.06275,824.0,0.06276,7241.0
1753533513862,12:38:33.862,BIO/USDT:USDT,0.06261,1146.0,0.0626,319.0,0.06274,662.0,0.06275,662.0
1753533513968,12:38:33.968,BIO/USDT:USDT,0.06262,662.0,0.06261,1465.0,0.06275,662.0,0.06276,7241.0
1753533514092,12:38:34.092,BIO/USDT:USDT,0.06263,294.0,0.06262,662.0,0.06274,662.0,0.06275,662.0
1753533514196,12:38:34.196,BIO/USDT:USDT,0.06263,294.0,0.06262,662.0,0.06275,824.0,0.06276,7241.0
1753533514240,12:38:34.240,BIO/USDT:USDT,0.06263,294.0,0.06262,662.0,0.06274,662.0,0.06275,662.0
1753533514401,12:38:34.401,BIO/USDT:USDT,0.06263,294.0,0.06262,662.0,0.06274,662.0,0.06275,662.0
1753533514591,12:38:34.591,BIO/USDT:USDT,0.06263,294.0,0.06262,662.0,0.06274,662.0,0.06275,662.0
1753533514761,12:38:34.761,BIO/USDT:USDT,0.06263,294.0,0.06262,662.0,0.06274,662.0,0.06275,662.0
1753533514908,12:38:34.908,BIO/USDT:USDT,0.06263,294.0,0.06262,662.0,0.06275,662.0,0.06276,7241.0
1753533514947,12:38:34.947,BIO/USDT:USDT,0.06263,294.0,0.06262,662.0,0.06274,662.0,0.06275,662.0
1753533515099,12:38:35.099,BIO/USDT:USDT,0.06263,294.0,0.06262,662.0,0.06275,824.0,0.06276,7241.0
1753533515157,12:38:35.157,BIO/USDT:USDT,0.06263,294.0,0.06262,662.0,0.06274,662.0,0.06275,662.0
1753533515276,12:38:35.276,BIO/USDT:USDT,0.06263,294.0,0.06262,662.0,0.06274,662.0,0.06275,824.0
1753533516501,12:38:36.501,BIO/USDT:USDT,0.06263,294.0,0.06262,662.0,0.06274,662.0,0.06275,662.0
1753533516516,12:38:36.516,BIO/USDT:USDT,0.06263,294.0,0.06262,662.0,0.06274,662.0,0.06275,662.0
1753533516679,12:38:36.679,BIO/USDT:USDT,0.06263,294.0,0.06262,662.0,0.06274,662.0,0.06275,662.0
1753533516838,12:38:36.838,BIO/USDT:USDT,0.06263,294.0,0.06262,662.0,0.06274,662.0,0.06275,810.0
1753533517500,12:38:37.500,BIO/USDT:USDT,0.06263,294.0,0.06262,662.0,0.06275,808.0,0.06276,7241.0
1753533517520,12:38:37.520,BIO/USDT:USDT,0.06263,294.0,0.06262,662.0,0.06274,662.0,0.06275,662.0
1753533517675,12:38:37.675,BIO/USDT:USDT,0.06263,294.0,0.06262,662.0,0.06274,662.0,0.06275,808.0
1753533520512,12:38:40.512,BIO/USDT:USDT,0.06263,294.0,0.06262,662.0,0.06274,662.0,0.06275,671.0
1753533520563,12:38:40.563,BIO/USDT:USDT,0.06263,294.0,0.06262,662.0,0.06275,804.0,0.06276,7241.0
1753533520789,12:38:40.789,BIO/USDT:USDT,0.06263,294.0,0.06262,662.0,0.06275,804.0,0.06276,7241.0
1753533521077,12:38:41.077,BIO/USDT:USDT,0.06263,294.0,0.06262,662.0,0.06274,675.0,0.06275,662.0
1753533521287,12:38:41.287,BIO/USDT:USDT,0.06263,294.0,0.06262,662.0,0.06274,675.0,0.06275,662.0
1753533521459,12:38:41.459,BIO/USDT:USDT,0.06263,294.0,0.06262,662.0,0.06274,675.0,0.06275,662.0
1753533521612,12:38:41.612,BIO/USDT:USDT,0.06263,294.0,0.06262,662.0,0.06275,732.0,0.06276,7241.0
1753533521615,12:38:41.615,BIO/USDT:USDT,0.06263,294.0,0.06262,662.0,0.06274,675.0,0.06275,802.0
1753533522010,12:38:42.010,BIO/USDT:USDT,0.06263,294.0,0.06262,662.0,0.06274,675.0,0.06275,662.0
1753533522040,12:38:42.040,BIO/USDT:USDT,0.06263,294.0,0.06262,662.0,0.06274,675.0,0.06275,662.0
1753533522193,12:38:42.193,BIO/USDT:USDT,0.06263,294.0,0.06262,662.0,0.06275,800.0,0.06276,7241.0
1753533522221,12:38:42.221,BIO/USDT:USDT,0.06263,294.0,0.06262,662.0,0.06274,675.0,0.06275,662.0
1753533522375,12:38:42.375,BIO/USDT:USDT,0.06263,294.0,0.06262,662.0,0.06274,675.0,0.06275,800.0
1753533522593,12:38:42.593,BIO/USDT:USDT,0.06263,294.0,0.06262,662.0,0.06274,675.0,0.06275,662.0
1753533522635,12:38:42.635,BIO/USDT:USDT,0.06263,294.0,0.06262,662.0,0.06274,675.0,0.06275,802.0
1753533522801,12:38:42.801,BIO/USDT:USDT,0.06263,294.0,0.06262,662.0,0.06275,802.0,0.06276,7241.0
1753533522819,12:38:42.819,BIO/USDT:USDT,0.06263,294.0,0.06262,662.0,0.06274,675.0,0.06275,662.0
1753533523002,12:38:43.002,BIO/USDT:USDT,0.06263,294.0,0.06262,662.0,0.06274,675.0,0.06275,662.0
1753533523156,12:38:43.156,BIO/USDT:USDT,0.06263,294.0,0.06262,662.0,0.06274,675.0,0.06275,802.0
1753533524709,12:38:44.709,BIO/USDT:USDT,0.06263,294.0,0.06262,662.0,0.06274,675.0,0.06275,662.0
1753533524739,12:38:44.739,BIO/USDT:USDT,0.06263,294.0,0.06262,981.0,0.06274,675.0,0.06275,662.0
1753533524902,12:38:44.902,BIO/USDT:USDT,0.06263,294.0,0.06262,981.0,0.06274,675.0,0.06275,662.0
1753533525056,12:38:45.056,BIO/USDT:USDT,0.06263,294.0,0.06262,981.0,0.06274,675.0,0.06275,732.0
1753533525211,12:38:45.211,BIO/USDT:USDT,0.06263,294.0,0.06262,662.0,0.06275,732.0,0.06276,7241.0
1753533525221,12:38:45.221,BIO/USDT:USDT,0.06263,294.0,0.06262,662.0,0.06274,675.0,0.06275,662.0
1753533525376,12:38:45.376,BIO/USDT:USDT,0.06263,294.0,0.06262,662.0,0.06274,675.0,0.06275,802.0
1753533526028,12:38:46.028,BIO/USDT:USDT,0.06263,294.0,0.06262,662.0,0.06274,675.0,0.06275,802.0
1753533526901,12:38:46.901,BIO/USDT:USDT,0.06263,294.0,0.06262,662.0,0.06274,675.0,0.06275,802.0
1753533526975,12:38:46.975,BIO/USDT:USDT,0.06263,294.0,0.06262,662.0,0.06274,675.0,0.06275,802.0
1753533527360,12:38:47.360,BIO/USDT:USDT,0.06263,294.0,0.0626,319.0,0.06273,675.0,0.06274,675.0
1753533527492,12:38:47.492,BIO/USDT:USDT,0.06261,294.0,0.0626,319.0,0.06274,1912.0,0.06275,662.0
1753533527521,12:38:47.521,BIO/USDT:USDT,0.06261,294.0,0.0626,319.0,0.06274,1912.0,0.06275,662.0
1753533527655,12:38:47.655,BIO/USDT:USDT,0.06261,294.0,0.0626,319.0,0.06273,675.0,0.06274,1912.0
1753533528076,12:38:48.076,BIO/USDT:USDT,0.06261,294.0,0.0626,319.0,0.06273,675.0,0.06274,1912.0
1753533530702,12:38:50.702,BIO/USDT:USDT,0.06261,294.0,0.0626,319.0,0.06273,1899.0,0.06275,662.0
1753533530722,12:38:50.722,BIO/USDT:USDT,0.06261,394.0,0.06259,986.0,0.06272,678.0,0.06273,675.0
1753533530908,12:38:50.908,BIO/USDT:USDT,0.06261,100.0,0.0626,294.0,0.06273,1224.0,0.06275,662.0
1753533531057,12:38:51.057,BIO/USDT:USDT,0.06261,100.0,0.0626,294.0,0.06272,678.0,0.06275,662.0
1753533531200,12:38:51.200,BIO/USDT:USDT,0.06261,100.0,0.0626,613.0,0.06274,1290.0,0.06275,1274.0
1753533531222,12:38:51.222,BIO/USDT:USDT,0.06261,100.0,0.0626,294.0,0.06273,678.0,0.06274,1290.0
1753533532136,12:38:52.136,BIO/USDT:USDT,0.06261,100.0,0.0626,294.0,0.06273,678.0,0.06274,1290.0
1753533533721,12:38:53.721,BIO/USDT:USDT,0.06261,100.0,0.0626,294.0,0.06273,678.0,0.06274,1290.0
1753533533851,12:38:53.851,BIO/USDT:USDT,0.06261,100.0,0.0626,294.0,0.06273,678.0,0.06274,1290.0
1753533534200,12:38:54.200,BIO/USDT:USDT,0.06262,678.0,0.06261,678.0,0.06273,678.0,0.06274,1290.0
1753533534288,12:38:54.288,BIO/USDT:USDT,0.06263,294.0,0.06262,678.0,0.06274,186.0,0.06275,662.0
1753533534384,12:38:54.384,BIO/USDT:USDT,0.06263,294.0,0.06262,678.0,0.06274,186.0,0.06275,662.0
1753533534419,12:38:54.419,BIO/USDT:USDT,0.06263,294.0,0.06262,678.0,0.06273,678.0,0.06275,662.0
1753533534566,12:38:54.566,BIO/USDT:USDT,0.06263,294.0,0.06262,678.0,0.06275,662.0,0.06276,7241.0
1753533534996,12:38:54.996,BIO/USDT:USDT,0.06263,294.0,0.06262,678.0,0.06274,678.0,0.06275,848.0
1753533535106,12:38:55.106,BIO/USDT:USDT,0.06263,294.0,0.06262,678.0,0.06274,678.0,0.06275,848.0
1753533535390,12:38:55.390,BIO/USDT:USDT,0.06263,294.0,0.06262,678.0,0.06274,678.0,0.06275,848.0
1753533535808,12:38:55.808,BIO/USDT:USDT,0.06263,294.0,0.06262,678.0,0.06274,678.0,0.06275,848.0
1753533536652,12:38:56.652,BIO/USDT:USDT,0.06263,294.0,0.06262,678.0,0.06274,678.0,0.06275,846.0
1753533536810,12:38:56.810,BIO/USDT:USDT,0.06263,294.0,0.06262,678.0,0.06275,846.0,0.06276,10435.0
1753533536819,12:38:56.819,BIO/USDT:USDT,0.06263,294.0,0.06262,678.0,0.06274,678.0,0.06275,662.0
1753533537003,12:38:57.003,BIO/USDT:USDT,0.06263,294.0,0.06262,678.0,0.06274,678.0,0.06275,662.0
1753533537180,12:38:57.180,BIO/USDT:USDT,0.06263,294.0,0.06262,678.0,0.06274,678.0,0.06275,662.0
1753533537359,12:38:57.359,BIO/USDT:USDT,0.06263,294.0,0.06262,678.0,0.06274,678.0,0.06275,662.0
1753533537512,12:38:57.512,BIO/USDT:USDT,0.06263,294.0,0.06262,678.0,0.06275,846.0,0.06276,10435.0
1753533537516,12:38:57.516,BIO/USDT:USDT,0.06263,294.0,0.06262,678.0,0.06274,678.0,0.06275,846.0
1753533537702,12:38:57.702,BIO/USDT:USDT,0.06263,294.0,0.06262,678.0,0.06275,870.0,0.06276,10435.0
1753533537719,12:38:57.719,BIO/USDT:USDT,0.06263,294.0,0.06262,678.0,0.06274,678.0,0.06275,662.0
1753533537883,12:38:57.883,BIO/USDT:USDT,0.06263,294.0,0.06262,678.0,0.06274,686.0,0.06275,662.0
1753533538059,12:38:58.059,BIO/USDT:USDT,0.06263,294.0,0.06262,678.0,0.06274,686.0,0.06275,662.0
