timestamp,time,symbol,bid1_price,bid1_volume,bid2_price,bid2_volume,ask1_price,ask1_volume,ask2_price,ask2_volume
1753533019000,12:30:19.000,BAT/USDT:USDT,0.16021,12.0,0.16015,50.0,0.16048,12.0,0.16049,6.0
1753533019933,12:30:19.933,BAT/USDT:USDT,0.16021,12.0,0.16015,50.0,0.16048,12.0,0.16049,6.0
1753533020142,12:30:20.142,BAT/USDT:USDT,0.16021,12.0,0.16015,50.0,0.16048,12.0,0.16049,6.0
1753533020833,12:30:20.833,BAT/USDT:USDT,0.16021,12.0,0.16015,50.0,0.16048,12.0,0.16049,6.0
1753533021862,12:30:21.862,BAT/USDT:USDT,0.16021,12.0,0.16015,50.0,0.16048,12.0,0.16049,6.0
1753533022169,12:30:22.169,BAT/USDT:USDT,0.16021,12.0,0.16015,50.0,0.16048,12.0,0.16049,6.0
1753533022866,12:30:22.866,BAT/USDT:USDT,0.16021,12.0,0.16015,50.0,0.16048,12.0,0.16049,6.0
1753533022998,12:30:22.998,BAT/USDT:USDT,0.16021,12.0,0.16015,50.0,0.16048,12.0,0.16049,6.0
1753533023439,12:30:23.439,BAT/USDT:USDT,0.16021,12.0,0.16015,50.0,0.16048,12.0,0.16049,6.0
1753533023768,12:30:23.768,BAT/USDT:USDT,0.16021,12.0,0.16015,50.0,0.16048,12.0,0.16049,6.0
1753533024195,12:30:24.195,BAT/USDT:USDT,0.16021,12.0,0.16015,50.0,0.16048,12.0,0.16049,6.0
1753533024610,12:30:24.610,BAT/USDT:USDT,0.16021,12.0,0.16015,50.0,0.16048,12.0,0.16049,6.0
1753533024769,12:30:24.769,BAT/USDT:USDT,0.16021,12.0,0.16015,50.0,0.16048,12.0,0.16049,6.0
1753533025427,12:30:25.427,BAT/USDT:USDT,0.16021,12.0,0.16015,50.0,0.16048,12.0,0.16049,6.0
1753533026762,12:30:26.762,BAT/USDT:USDT,0.16021,12.0,0.16015,50.0,0.16048,12.0,0.16049,6.0
1753533027047,12:30:27.047,BAT/USDT:USDT,0.16021,12.0,0.16015,50.0,0.16048,12.0,0.16049,6.0
1753533027343,12:30:27.343,BAT/USDT:USDT,0.16021,12.0,0.16015,50.0,0.16048,12.0,0.16049,6.0
1753533027461,12:30:27.461,BAT/USDT:USDT,0.16021,12.0,0.16015,50.0,0.16048,12.0,0.16049,6.0
1753533027735,12:30:27.735,BAT/USDT:USDT,0.16021,12.0,0.16015,50.0,0.16048,62.0,0.16049,6.0
1753533027899,12:30:27.899,BAT/USDT:USDT,0.16027,42.0,0.16026,30.0,0.16047,12.0,0.16048,50.0
1753533028000,12:30:28.000,BAT/USDT:USDT,0.16034,12.0,0.16033,30.0,0.16047,12.0,0.16048,50.0
1753533028051,12:30:28.051,BAT/USDT:USDT,0.16036,30.0,0.16034,12.0,0.16047,12.0,0.16048,50.0
1753533028295,12:30:28.295,BAT/USDT:USDT,0.16036,30.0,0.16034,12.0,0.16047,12.0,0.16048,50.0
1753533029300,12:30:29.300,BAT/USDT:USDT,0.16036,30.0,0.16034,12.0,0.16047,12.0,0.16048,50.0
1753533029490,12:30:29.490,BAT/USDT:USDT,0.16036,30.0,0.16032,12.0,0.16047,12.0,0.16048,50.0
1753533029514,12:30:29.514,BAT/USDT:USDT,0.16036,30.0,0.16032,12.0,0.16047,12.0,0.16048,50.0
1753533029702,12:30:29.702,BAT/USDT:USDT,0.16036,30.0,0.16032,12.0,0.16047,12.0,0.16048,50.0
1753533030493,12:30:30.493,BAT/USDT:USDT,0.16036,30.0,0.16032,12.0,0.16047,12.0,0.16048,50.0
1753533031495,12:30:31.495,BAT/USDT:USDT,0.16036,30.0,0.16032,12.0,0.16047,12.0,0.16048,50.0
1753533031570,12:30:31.570,BAT/USDT:USDT,0.16036,30.0,0.16032,12.0,0.16047,12.0,0.16048,50.0
1753533031680,12:30:31.680,BAT/USDT:USDT,0.16036,30.0,0.1603,12.0,0.16047,12.0,0.16048,50.0
1753533033884,12:30:33.884,BAT/USDT:USDT,0.16036,30.0,0.16028,12.0,0.16047,12.0,0.16048,50.0
1753533034365,12:30:34.365,BAT/USDT:USDT,0.16036,30.0,0.16028,12.0,0.16047,12.0,0.16048,50.0
1753533034647,12:30:34.647,BAT/USDT:USDT,0.16036,30.0,0.16028,12.0,0.16047,12.0,0.16048,50.0
1753533035650,12:30:35.650,BAT/USDT:USDT,0.16036,30.0,0.16028,12.0,0.16047,12.0,0.16048,50.0
1753533035871,12:30:35.871,BAT/USDT:USDT,0.16036,30.0,0.16028,12.0,0.16047,12.0,0.16048,50.0
1753533035984,12:30:35.984,BAT/USDT:USDT,0.16036,30.0,0.16021,12.0,0.16047,12.0,0.16048,50.0
1753533036706,12:30:36.706,BAT/USDT:USDT,0.16036,30.0,0.16021,12.0,0.16047,12.0,0.16048,50.0
1753533036793,12:30:36.793,BAT/USDT:USDT,0.16036,30.0,0.16021,12.0,0.16047,12.0,0.16048,50.0
1753533036849,12:30:36.849,BAT/USDT:USDT,0.16036,30.0,0.16021,12.0,0.16047,12.0,0.16048,50.0
1753533037903,12:30:37.903,BAT/USDT:USDT,0.16036,30.0,0.16021,12.0,0.16047,12.0,0.16048,50.0
1753533037960,12:30:37.960,BAT/USDT:USDT,0.16036,30.0,0.16021,12.0,0.16047,12.0,0.16048,50.0
1753533038143,12:30:38.143,BAT/USDT:USDT,0.16036,30.0,0.16021,12.0,0.16047,12.0,0.16048,50.0
1753533038419,12:30:38.419,BAT/USDT:USDT,0.16036,30.0,0.16021,12.0,0.16047,12.0,0.16048,50.0
1753533039146,12:30:39.146,BAT/USDT:USDT,0.16036,30.0,0.16021,12.0,0.16047,12.0,0.16048,50.0
1753533039237,12:30:39.237,BAT/USDT:USDT,0.16036,30.0,0.16021,12.0,0.16047,12.0,0.16048,50.0
1753533039666,12:30:39.666,BAT/USDT:USDT,0.16036,30.0,0.16021,12.0,0.16047,12.0,0.16048,50.0
1753533040055,12:30:40.055,BAT/USDT:USDT,0.16036,30.0,0.16021,12.0,0.16047,12.0,0.16048,50.0
1753533040291,12:30:40.291,BAT/USDT:USDT,0.16036,30.0,0.16021,12.0,0.16047,12.0,0.16048,50.0
1753533040484,12:30:40.484,BAT/USDT:USDT,0.16036,30.0,0.16021,12.0,0.16047,12.0,0.16048,50.0
1753533041318,12:30:41.318,BAT/USDT:USDT,0.16036,30.0,0.16021,12.0,0.16047,12.0,0.16048,50.0
1753533042534,12:30:42.534,BAT/USDT:USDT,0.16036,30.0,0.16021,12.0,0.16047,12.0,0.16048,50.0
1753533043198,12:30:43.198,BAT/USDT:USDT,0.16036,30.0,0.16021,12.0,0.16047,12.0,0.16048,50.0
1753533043345,12:30:43.345,BAT/USDT:USDT,0.16036,30.0,0.16021,12.0,0.16047,12.0,0.16048,50.0
1753533044306,12:30:44.306,BAT/USDT:USDT,0.16021,12.0,0.16015,50.0,0.16047,12.0,0.16048,50.0
1753533044397,12:30:44.397,BAT/USDT:USDT,0.16039,30.0,0.16038,30.0,0.16047,12.0,0.16048,50.0
1753533044418,12:30:44.418,BAT/USDT:USDT,0.16039,30.0,0.16037,11.0,0.16047,12.0,0.16048,50.0
1753533044567,12:30:44.567,BAT/USDT:USDT,0.16039,30.0,0.16037,11.0,0.16047,12.0,0.16048,50.0
1753533044641,12:30:44.641,BAT/USDT:USDT,0.16039,30.0,0.16035,11.0,0.16047,12.0,0.16048,50.0
1753533044965,12:30:44.965,BAT/USDT:USDT,0.16035,11.0,0.16033,24.0,0.16047,12.0,0.16048,50.0
1753533045023,12:30:45.023,BAT/USDT:USDT,0.16035,11.0,0.16033,24.0,0.16047,12.0,0.16048,50.0
1753533045455,12:30:45.455,BAT/USDT:USDT,0.16035,11.0,0.16033,24.0,0.16047,12.0,0.16048,50.0
1753533045893,12:30:45.893,BAT/USDT:USDT,0.16035,11.0,0.16033,24.0,0.16047,12.0,0.16048,50.0
1753533046325,12:30:46.325,BAT/USDT:USDT,0.16035,11.0,0.16033,24.0,0.16047,12.0,0.16048,50.0
1753533046786,12:30:46.786,BAT/USDT:USDT,0.16035,11.0,0.16033,24.0,0.16047,12.0,0.16048,50.0
1753533047630,12:30:47.630,BAT/USDT:USDT,0.16035,11.0,0.16033,24.0,0.16047,12.0,0.16048,50.0
1753533048886,12:30:48.886,BAT/USDT:USDT,0.16035,11.0,0.16033,24.0,0.16047,12.0,0.16048,50.0
1753533048944,12:30:48.944,BAT/USDT:USDT,0.16035,11.0,0.16033,24.0,0.16047,12.0,0.16048,50.0
1753533049634,12:30:49.634,BAT/USDT:USDT,0.16035,11.0,0.16033,24.0,0.16047,12.0,0.16048,50.0
1753533050367,12:30:50.367,BAT/USDT:USDT,0.16035,11.0,0.16033,24.0,0.16047,12.0,0.16048,50.0
1753533050687,12:30:50.687,BAT/USDT:USDT,0.16035,11.0,0.16033,24.0,0.16047,12.0,0.16048,50.0
1753533051093,12:30:51.093,BAT/USDT:USDT,0.16035,11.0,0.16033,24.0,0.16047,12.0,0.16048,50.0
1753533051593,12:30:51.593,BAT/USDT:USDT,0.16035,11.0,0.16033,24.0,0.16047,12.0,0.16048,50.0
1753533053620,12:30:53.620,BAT/USDT:USDT,0.16035,11.0,0.16033,24.0,0.16047,12.0,0.16048,50.0
1753533054661,12:30:54.661,BAT/USDT:USDT,0.16035,11.0,0.16033,24.0,0.16047,12.0,0.16048,50.0
1753533055239,12:30:55.239,BAT/USDT:USDT,0.16035,11.0,0.16033,24.0,0.16047,12.0,0.16048,50.0
1753533055691,12:30:55.691,BAT/USDT:USDT,0.16035,11.0,0.16033,24.0,0.16047,12.0,0.16048,50.0
1753533056466,12:30:56.466,BAT/USDT:USDT,0.16035,11.0,0.16033,24.0,0.16047,12.0,0.16048,50.0
1753533056814,12:30:56.814,BAT/USDT:USDT,0.16035,11.0,0.16033,24.0,0.16047,12.0,0.16048,50.0
1753533056900,12:30:56.900,BAT/USDT:USDT,0.16035,11.0,0.16033,24.0,0.16047,12.0,0.16048,50.0
1753533057061,12:30:57.061,BAT/USDT:USDT,0.16035,11.0,0.16033,24.0,0.16047,12.0,0.16048,50.0
1753533057660,12:30:57.660,BAT/USDT:USDT,0.16035,11.0,0.16033,24.0,0.16047,12.0,0.16048,50.0
1753533058701,12:30:58.701,BAT/USDT:USDT,0.16035,11.0,0.16033,24.0,0.16047,12.0,0.16048,50.0
1753533058714,12:30:58.714,BAT/USDT:USDT,0.16035,11.0,0.16033,24.0,0.16047,12.0,0.16048,50.0
1753533058916,12:30:58.916,BAT/USDT:USDT,0.16035,11.0,0.16033,24.0,0.16047,12.0,0.16048,50.0
1753533059597,12:30:59.597,BAT/USDT:USDT,0.16034,12.0,0.16033,24.0,0.16047,12.0,0.16048,50.0
1753533059657,12:30:59.657,BAT/USDT:USDT,0.16037,30.0,0.16034,12.0,0.16047,12.0,0.16048,50.0
1753533059736,12:30:59.736,BAT/USDT:USDT,0.16037,30.0,0.16034,12.0,0.16047,12.0,0.16048,50.0
1753533059828,12:30:59.828,BAT/USDT:USDT,0.16037,30.0,0.16034,12.0,0.16047,12.0,0.16048,50.0
1753533060154,12:31:00.154,BAT/USDT:USDT,0.16037,30.0,0.16034,12.0,0.16047,12.0,0.16048,50.0
1753533060574,12:31:00.574,BAT/USDT:USDT,0.16037,30.0,0.16034,12.0,0.16047,12.0,0.16048,50.0
1753533060774,12:31:00.774,BAT/USDT:USDT,0.16033,24.0,0.16021,12.0,0.16047,12.0,0.16048,50.0
1753533061007,12:31:01.007,BAT/USDT:USDT,0.16024,12.0,0.16023,30.0,0.16047,12.0,0.16048,50.0
1753533061017,12:31:01.017,BAT/USDT:USDT,0.16024,12.0,0.16022,12.0,0.16047,12.0,0.16048,50.0
1753533061159,12:31:01.159,BAT/USDT:USDT,0.16022,12.0,0.16015,50.0,0.16047,12.0,0.16048,50.0
1753533061301,12:31:01.301,BAT/USDT:USDT,0.16022,12.0,0.16015,50.0,0.16047,12.0,0.16048,50.0
1753533061319,12:31:01.319,BAT/USDT:USDT,0.16022,12.0,0.16015,50.0,0.16047,12.0,0.16048,50.0
1753533061432,12:31:01.432,BAT/USDT:USDT,0.16022,12.0,0.16015,50.0,0.16047,12.0,0.16048,50.0
1753533061999,12:31:01.999,BAT/USDT:USDT,0.16022,12.0,0.16015,50.0,0.16047,12.0,0.16048,50.0
1753533062266,12:31:02.266,BAT/USDT:USDT,0.16022,12.0,0.16015,50.0,0.16047,12.0,0.16048,50.0
1753533063496,12:31:03.496,BAT/USDT:USDT,0.16022,12.0,0.16015,50.0,0.16047,12.0,0.16048,50.0
1753533064002,12:31:04.002,BAT/USDT:USDT,0.16022,12.0,0.16015,50.0,0.16047,12.0,0.16048,50.0
1753533065039,12:31:05.039,BAT/USDT:USDT,0.16022,12.0,0.16015,50.0,0.16047,12.0,0.16048,50.0
1753533065299,12:31:05.299,BAT/USDT:USDT,0.16022,12.0,0.16015,50.0,0.16047,12.0,0.16048,50.0
1753533065327,12:31:05.327,BAT/USDT:USDT,0.16022,12.0,0.16015,50.0,0.16047,12.0,0.16048,50.0
1753533065598,12:31:05.598,BAT/USDT:USDT,0.16022,12.0,0.16015,50.0,0.16047,12.0,0.16048,50.0
1753533066222,12:31:06.222,BAT/USDT:USDT,0.16022,12.0,0.16015,50.0,0.16047,12.0,0.16048,50.0
1753533066388,12:31:06.388,BAT/USDT:USDT,0.16022,12.0,0.16015,50.0,0.16047,12.0,0.16048,50.0
1753533067617,12:31:07.617,BAT/USDT:USDT,0.16022,12.0,0.16015,50.0,0.16047,12.0,0.16048,50.0
1753533068299,12:31:08.299,BAT/USDT:USDT,0.16023,62.0,0.16022,12.0,0.16047,12.0,0.16048,50.0
1753533068371,12:31:08.371,BAT/USDT:USDT,0.16025,12.0,0.16024,12.0,0.16047,12.0,0.16048,50.0
1753533068474,12:31:08.474,BAT/USDT:USDT,0.16025,12.0,0.16023,50.0,0.16047,12.0,0.16048,50.0
1753533069300,12:31:09.300,BAT/USDT:USDT,0.16027,41.0,0.16026,11.0,0.16047,12.0,0.16048,50.0
1753533069382,12:31:09.382,BAT/USDT:USDT,0.16031,11.0,0.16029,11.0,0.16047,12.0,0.16048,50.0
1753533069483,12:31:09.483,BAT/USDT:USDT,0.16031,11.0,0.16029,11.0,0.16047,12.0,0.16048,50.0
1753533069559,12:31:09.559,BAT/USDT:USDT,0.16024,11.0,0.16023,50.0,0.16047,12.0,0.16048,50.0
1753533069687,12:31:09.687,BAT/USDT:USDT,0.16024,11.0,0.16023,50.0,0.16047,12.0,0.16048,50.0
1753533070306,12:31:10.306,BAT/USDT:USDT,0.16025,11.0,0.16023,50.0,0.16047,12.0,0.16048,50.0
1753533070511,12:31:10.511,BAT/USDT:USDT,0.16025,11.0,0.16023,50.0,0.16047,12.0,0.16048,50.0
1753533070676,12:31:10.676,BAT/USDT:USDT,0.16025,11.0,0.16023,50.0,0.16047,12.0,0.16048,50.0
1753533070738,12:31:10.738,BAT/USDT:USDT,0.16025,11.0,0.16023,50.0,0.16047,12.0,0.16048,50.0
1753533071340,12:31:11.340,BAT/USDT:USDT,0.16025,11.0,0.16023,50.0,0.16047,12.0,0.16048,50.0
1753533072570,12:31:12.570,BAT/USDT:USDT,0.16025,11.0,0.16023,50.0,0.16047,12.0,0.16048,50.0
1753533072680,12:31:12.680,BAT/USDT:USDT,0.16025,11.0,0.16023,50.0,0.16047,12.0,0.16048,50.0
1753533073392,12:31:13.392,BAT/USDT:USDT,0.16025,11.0,0.16023,50.0,0.16047,12.0,0.16048,50.0
1753533073683,12:31:13.683,BAT/USDT:USDT,0.16025,11.0,0.16023,50.0,0.16047,12.0,0.16048,50.0
1753533074704,12:31:14.704,BAT/USDT:USDT,0.16025,11.0,0.16023,50.0,0.16047,12.0,0.16048,50.0
1753533074836,12:31:14.836,BAT/USDT:USDT,0.16025,11.0,0.16023,50.0,0.16047,12.0,0.16048,50.0
1753533075422,12:31:15.422,BAT/USDT:USDT,0.16025,11.0,0.16023,50.0,0.16047,12.0,0.16048,50.0
1753533076638,12:31:16.638,BAT/USDT:USDT,0.16025,11.0,0.16023,50.0,0.16047,12.0,0.16048,50.0
1753533077863,12:31:17.863,BAT/USDT:USDT,0.16025,11.0,0.16023,50.0,0.16047,12.0,0.16048,50.0
1753533078001,12:31:18.001,BAT/USDT:USDT,0.16025,11.0,0.16023,50.0,0.16047,12.0,0.16048,50.0
1753533078288,12:31:18.288,BAT/USDT:USDT,0.16025,11.0,0.16023,50.0,0.16047,12.0,0.16048,50.0
1753533079529,12:31:19.529,BAT/USDT:USDT,0.16025,11.0,0.16023,50.0,0.16047,12.0,0.16048,50.0
1753533079799,12:31:19.799,BAT/USDT:USDT,0.16028,41.0,0.16027,30.0,0.16047,12.0,0.16048,50.0
1753533079877,12:31:19.877,BAT/USDT:USDT,0.16031,11.0,0.1603,11.0,0.16047,12.0,0.16048,50.0
1753533080010,12:31:20.010,BAT/USDT:USDT,0.16031,11.0,0.16025,11.0,0.16047,12.0,0.16048,50.0
1753533080019,12:31:20.019,BAT/USDT:USDT,0.16025,11.0,0.16023,50.0,0.16047,12.0,0.16048,50.0
1753533080391,12:31:20.391,BAT/USDT:USDT,0.16025,11.0,0.16023,50.0,0.16047,12.0,0.16048,50.0
1753533081310,12:31:21.310,BAT/USDT:USDT,0.16025,11.0,0.16023,50.0,0.16047,12.0,0.16048,50.0
1753533081634,12:31:21.634,BAT/USDT:USDT,0.16025,11.0,0.16023,50.0,0.16047,12.0,0.16048,50.0
1753533082380,12:31:22.380,BAT/USDT:USDT,0.16025,11.0,0.16023,50.0,0.16047,12.0,0.16048,50.0
1753533082445,12:31:22.445,BAT/USDT:USDT,0.16025,11.0,0.16023,50.0,0.16047,12.0,0.16048,50.0
1753533083444,12:31:23.444,BAT/USDT:USDT,0.16025,11.0,0.16023,50.0,0.16047,12.0,0.16048,50.0
1753533084479,12:31:24.479,BAT/USDT:USDT,0.16025,11.0,0.16023,50.0,0.16047,12.0,0.16048,50.0
1753533085299,12:31:25.299,BAT/USDT:USDT,0.16025,11.0,0.16023,50.0,0.16047,12.0,0.16048,50.0
1753533086383,12:31:26.383,BAT/USDT:USDT,0.16025,11.0,0.16023,50.0,0.16047,12.0,0.16048,50.0
1753533086458,12:31:26.458,BAT/USDT:USDT,0.16025,11.0,0.16023,50.0,0.16047,12.0,0.16048,50.0
1753533087357,12:31:27.357,BAT/USDT:USDT,0.16025,11.0,0.16023,50.0,0.16047,12.0,0.16048,50.0
1753533087801,12:31:27.801,BAT/USDT:USDT,0.16025,11.0,0.16023,50.0,0.16047,12.0,0.16048,50.0
1753533088045,12:31:28.045,BAT/USDT:USDT,0.16025,11.0,0.16023,50.0,0.16047,12.0,0.16048,50.0
1753533088544,12:31:28.544,BAT/USDT:USDT,0.16025,11.0,0.16023,50.0,0.16047,12.0,0.16048,50.0
1753533088805,12:31:28.805,BAT/USDT:USDT,0.16025,11.0,0.16023,50.0,0.16047,12.0,0.16048,50.0
1753533088820,12:31:28.820,BAT/USDT:USDT,0.16025,11.0,0.16023,50.0,0.16047,12.0,0.16048,50.0
1753533089977,12:31:29.977,BAT/USDT:USDT,0.16025,11.0,0.16023,50.0,0.16047,12.0,0.16048,50.0
1753533090115,12:31:30.115,BAT/USDT:USDT,0.16012,11.0,0.16008,308.0,0.16047,12.0,0.16048,50.0
1753533090198,12:31:30.198,BAT/USDT:USDT,0.16021,42.0,0.1602,42.0,0.16047,12.0,0.16048,50.0
1753533090300,12:31:30.300,BAT/USDT:USDT,0.16027,42.0,0.16026,30.0,0.16047,12.0,0.16048,50.0
1753533090410,12:31:30.410,BAT/USDT:USDT,0.16036,12.0,0.16035,30.0,0.16047,12.0,0.16048,50.0
1753533090420,12:31:30.420,BAT/USDT:USDT,0.16037,30.0,0.16036,12.0,0.16047,12.0,0.16048,50.0
1753533090596,12:31:30.596,BAT/USDT:USDT,0.16037,30.0,0.16036,12.0,0.16047,12.0,0.16048,50.0
1753533091493,12:31:31.493,BAT/USDT:USDT,0.16037,30.0,0.16021,12.0,0.16047,12.0,0.16048,50.0
1753533091831,12:31:31.831,BAT/USDT:USDT,0.16037,30.0,0.16021,12.0,0.16047,12.0,0.16048,50.0
1753533092167,12:31:32.167,BAT/USDT:USDT,0.16037,30.0,0.16014,12.0,0.16047,12.0,0.16048,50.0
1753533092655,12:31:32.655,BAT/USDT:USDT,0.16037,30.0,0.16014,12.0,0.16047,12.0,0.16048,50.0
1753533093642,12:31:33.642,BAT/USDT:USDT,0.16038,12.0,0.16014,12.0,0.16047,12.0,0.16048,50.0
1753533093792,12:31:33.792,BAT/USDT:USDT,0.16014,12.0,0.16013,187.0,0.16047,12.0,0.16048,50.0
1753533094001,12:31:34.001,BAT/USDT:USDT,0.16019,12.0,0.16017,12.0,0.16047,12.0,0.16048,50.0
1753533094098,12:31:34.098,BAT/USDT:USDT,0.16027,12.0,0.16026,30.0,0.16047,12.0,0.16048,50.0
1753533094157,12:31:34.157,BAT/USDT:USDT,0.16029,12.0,0.16027,12.0,0.16047,12.0,0.16048,50.0
1753533094305,12:31:34.305,BAT/USDT:USDT,0.16019,12.0,0.16017,12.0,0.16047,12.0,0.16048,50.0
1753533094397,12:31:34.397,BAT/USDT:USDT,0.16015,12.0,0.16013,187.0,0.16047,12.0,0.16048,50.0
1753533094598,12:31:34.598,BAT/USDT:USDT,0.1602,30.0,0.16019,12.0,0.16047,12.0,0.16048,50.0
1753533094705,12:31:34.705,BAT/USDT:USDT,0.16026,42.0,0.16025,30.0,0.16047,12.0,0.16048,50.0
1753533094802,12:31:34.802,BAT/USDT:USDT,0.16032,42.0,0.16031,30.0,0.16047,12.0,0.16048,50.0
1753533094841,12:31:34.841,BAT/USDT:USDT,0.16033,12.0,0.16024,12.0,0.16047,12.0,0.16048,50.0
1753533095003,12:31:35.003,BAT/USDT:USDT,0.16026,42.0,0.16025,30.0,0.16047,12.0,0.16048,50.0
1753533095097,12:31:35.097,BAT/USDT:USDT,0.1603,12.0,0.16016,12.0,0.16047,12.0,0.16048,50.0
1753533095229,12:31:35.229,BAT/USDT:USDT,0.16016,12.0,0.16013,187.0,0.16047,12.0,0.16048,50.0
1753533095528,12:31:35.528,BAT/USDT:USDT,0.16016,12.0,0.16013,187.0,0.16047,12.0,0.16048,50.0
1753533096234,12:31:36.234,BAT/USDT:USDT,0.16016,12.0,0.16013,187.0,0.16047,12.0,0.16048,50.0
1753533096450,12:31:36.450,BAT/USDT:USDT,0.16016,12.0,0.16013,187.0,0.16047,12.0,0.16048,50.0
1753533103859,12:31:43.859,BAT/USDT:USDT,0.16016,12.0,0.16015,402.0,0.16047,12.0,0.16048,50.0
1753533106113,12:31:46.113,BAT/USDT:USDT,0.16025,12.0,0.16024,92.0,0.16049,18.0,0.1605,10.0
1753533106190,12:31:46.190,BAT/USDT:USDT,0.16028,12.0,0.16027,50.0,0.16049,6.0,0.1605,10.0
1753533106313,12:31:46.313,BAT/USDT:USDT,0.16028,12.0,0.16027,50.0,0.16049,6.0,0.1605,10.0
1753533106396,12:31:46.396,BAT/USDT:USDT,0.16028,12.0,0.16027,50.0,0.16049,6.0,0.1605,10.0
1753533106552,12:31:46.552,BAT/USDT:USDT,0.16028,12.0,0.16027,50.0,0.16049,6.0,0.1605,10.0
1753533106843,12:31:46.843,BAT/USDT:USDT,0.16028,12.0,0.16027,50.0,0.16049,6.0,0.1605,10.0
1753533107278,12:31:47.278,BAT/USDT:USDT,0.16028,12.0,0.16027,50.0,0.16049,6.0,0.1605,10.0
1753533107705,12:31:47.705,BAT/USDT:USDT,0.16028,12.0,0.16027,50.0,0.16049,6.0,0.1605,10.0
1753533107812,12:31:47.812,BAT/USDT:USDT,0.16048,30.0,0.16033,199.0,0.16056,5.0,0.16058,10.0
1753533107897,12:31:47.897,BAT/USDT:USDT,0.16051,12.0,0.16049,12.0,0.16063,12.0,0.16064,5.0
1753533107993,12:31:47.993,BAT/USDT:USDT,0.16053,12.0,0.16051,12.0,0.16063,12.0,0.16064,5.0
1753533108110,12:31:48.110,BAT/USDT:USDT,0.16045,12.0,0.16033,199.0,0.16063,12.0,0.16064,5.0
1753533108177,12:31:48.177,BAT/USDT:USDT,0.16045,12.0,0.16033,199.0,0.16063,12.0,0.16064,5.0
1753533108307,12:31:48.307,BAT/USDT:USDT,0.16045,12.0,0.16033,199.0,0.16063,12.0,0.16064,5.0
1753533108363,12:31:48.363,BAT/USDT:USDT,0.16045,12.0,0.16033,199.0,0.16063,12.0,0.16064,5.0
1753533108574,12:31:48.574,BAT/USDT:USDT,0.16045,12.0,0.16033,199.0,0.16063,12.0,0.16064,5.0
1753533108812,12:31:48.812,BAT/USDT:USDT,0.16045,12.0,0.16033,199.0,0.16063,12.0,0.16064,5.0
1753533108849,12:31:48.849,BAT/USDT:USDT,0.16045,12.0,0.16033,199.0,0.16063,12.0,0.16064,5.0
1753533108997,12:31:48.997,BAT/USDT:USDT,0.16045,12.0,0.16033,199.0,0.16063,12.0,0.16064,5.0
1753533109310,12:31:49.310,BAT/USDT:USDT,0.16045,12.0,0.16033,199.0,0.16063,12.0,0.16064,5.0
1753533109395,12:31:49.395,BAT/USDT:USDT,0.16045,12.0,0.16033,199.0,0.16063,12.0,0.16064,5.0
1753533109482,12:31:49.482,BAT/USDT:USDT,0.16045,12.0,0.16033,199.0,0.16063,12.0,0.16064,5.0
1753533109799,12:31:49.799,BAT/USDT:USDT,0.16045,12.0,0.16033,199.0,0.16063,12.0,0.16064,5.0
1753533109873,12:31:49.873,BAT/USDT:USDT,0.16045,12.0,0.16033,199.0,0.16063,12.0,0.16064,5.0
1753533109919,12:31:49.919,BAT/USDT:USDT,0.16045,12.0,0.16033,199.0,0.16063,12.0,0.16064,5.0
1753533110209,12:31:50.209,BAT/USDT:USDT,0.16045,12.0,0.16033,199.0,0.16063,12.0,0.16064,5.0
1753533110232,12:31:50.232,BAT/USDT:USDT,0.16045,12.0,0.16033,199.0,0.16063,12.0,0.16064,5.0
1753533110379,12:31:50.379,BAT/USDT:USDT,0.16045,12.0,0.16033,199.0,0.16063,12.0,0.16064,5.0
1753533110648,12:31:50.648,BAT/USDT:USDT,0.16045,12.0,0.16033,199.0,0.16063,12.0,0.16064,5.0
1753533111053,12:31:51.053,BAT/USDT:USDT,0.16045,12.0,0.16033,199.0,0.16063,12.0,0.16064,5.0
1753533111129,12:31:51.129,BAT/USDT:USDT,0.16045,12.0,0.16033,199.0,0.16063,12.0,0.16064,5.0
1753533111486,12:31:51.486,BAT/USDT:USDT,0.16045,12.0,0.16033,199.0,0.16063,12.0,0.16064,5.0
1753533111651,12:31:51.651,BAT/USDT:USDT,0.16045,12.0,0.16033,199.0,0.16063,12.0,0.16064,5.0
1753533111905,12:31:51.905,BAT/USDT:USDT,0.16045,12.0,0.16033,199.0,0.16063,12.0,0.16064,5.0
1753533112315,12:31:52.315,BAT/USDT:USDT,0.1605,11.0,0.16048,11.0,0.16061,11.0,0.16062,374.0
1753533112411,12:31:52.411,BAT/USDT:USDT,0.1605,11.0,0.16048,11.0,0.16061,11.0,0.16062,374.0
1753533112455,12:31:52.455,BAT/USDT:USDT,0.16045,12.0,0.16033,199.0,0.16061,11.0,0.16062,374.0
1753533112733,12:31:52.733,BAT/USDT:USDT,0.16045,12.0,0.16033,199.0,0.16061,11.0,0.16062,374.0
1753533113146,12:31:53.146,BAT/USDT:USDT,0.16045,12.0,0.16033,199.0,0.16061,11.0,0.16062,374.0
1753533113222,12:31:53.222,BAT/USDT:USDT,0.16045,12.0,0.16033,199.0,0.16061,11.0,0.16062,374.0
1753533113599,12:31:53.599,BAT/USDT:USDT,0.16045,12.0,0.16033,199.0,0.16061,11.0,0.16062,374.0
1753533113618,12:31:53.618,BAT/USDT:USDT,0.16045,12.0,0.16033,199.0,0.16061,11.0,0.16062,374.0
1753533113889,12:31:53.889,BAT/USDT:USDT,0.16045,12.0,0.16033,199.0,0.16061,11.0,0.16062,374.0
1753533113989,12:31:53.989,BAT/USDT:USDT,0.16045,12.0,0.16033,199.0,0.16061,11.0,0.16062,374.0
1753533114408,12:31:54.408,BAT/USDT:USDT,0.16045,12.0,0.16033,199.0,0.16061,11.0,0.16062,374.0
1753533114453,12:31:54.453,BAT/USDT:USDT,0.16045,12.0,0.16033,199.0,0.16061,11.0,0.16062,374.0
1753533114515,12:31:54.515,BAT/USDT:USDT,0.16045,12.0,0.16033,199.0,0.16061,11.0,0.16062,374.0
1753533114800,12:31:54.800,BAT/USDT:USDT,0.16045,12.0,0.16033,199.0,0.16061,11.0,0.16062,374.0
1753533115680,12:31:55.680,BAT/USDT:USDT,0.16045,12.0,0.16033,199.0,0.16061,11.0,0.16062,374.0
1753533115771,12:31:55.771,BAT/USDT:USDT,0.16045,12.0,0.16033,199.0,0.16061,11.0,0.16062,374.0
1753533115872,12:31:55.872,BAT/USDT:USDT,0.16045,12.0,0.16033,199.0,0.16061,11.0,0.16062,374.0
1753533116066,12:31:56.066,BAT/USDT:USDT,0.16045,12.0,0.16033,199.0,0.16061,11.0,0.16062,374.0
1753533116499,12:31:56.499,BAT/USDT:USDT,0.16045,12.0,0.16033,199.0,0.16061,11.0,0.16062,374.0
1753533116587,12:31:56.587,BAT/USDT:USDT,0.16045,12.0,0.16033,199.0,0.16061,11.0,0.16062,374.0
1753533116771,12:31:56.771,BAT/USDT:USDT,0.16045,12.0,0.16033,199.0,0.16061,11.0,0.16062,374.0
1753533117489,12:31:57.489,BAT/USDT:USDT,0.16045,12.0,0.16036,157.0,0.16061,11.0,0.16062,374.0
1753533117714,12:31:57.714,BAT/USDT:USDT,0.16045,12.0,0.16036,157.0,0.16061,11.0,0.16062,374.0
1753533117785,12:31:57.785,BAT/USDT:USDT,0.16045,12.0,0.16036,157.0,0.16061,11.0,0.16062,374.0
1753533117866,12:31:57.866,BAT/USDT:USDT,0.16045,12.0,0.16036,157.0,0.16061,11.0,0.16062,374.0
1753533118212,12:31:58.212,BAT/USDT:USDT,0.16045,12.0,0.16036,157.0,0.16061,11.0,0.16062,374.0
1753533118304,12:31:58.304,BAT/USDT:USDT,0.16045,12.0,0.16036,157.0,0.16061,11.0,0.16063,12.0
1753533118413,12:31:58.413,BAT/USDT:USDT,0.16048,11.0,0.16045,12.0,0.16063,12.0,0.16064,5.0
1753533118504,12:31:58.504,BAT/USDT:USDT,0.16035,11.0,0.16033,199.0,0.16063,12.0,0.16064,5.0
1753533118591,12:31:58.591,BAT/USDT:USDT,0.16035,11.0,0.16033,199.0,0.16063,12.0,0.16064,5.0
1753533118710,12:31:58.710,BAT/USDT:USDT,0.16035,11.0,0.16033,199.0,0.16063,12.0,0.16064,5.0
1753533118738,12:31:58.738,BAT/USDT:USDT,0.16035,11.0,0.16033,199.0,0.16063,12.0,0.16064,5.0
1753533119392,12:31:59.392,BAT/USDT:USDT,0.16035,11.0,0.16033,199.0,0.16063,12.0,0.16064,5.0
1753533119426,12:31:59.426,BAT/USDT:USDT,0.16035,11.0,0.16033,199.0,0.16063,12.0,0.16064,5.0
1753533119699,12:31:59.699,BAT/USDT:USDT,0.16035,11.0,0.16033,199.0,0.16063,12.0,0.16064,5.0
1753533119809,12:31:59.809,BAT/USDT:USDT,0.16035,11.0,0.16033,199.0,0.16063,12.0,0.16064,5.0
1753533120374,12:32:00.374,BAT/USDT:USDT,0.16035,11.0,0.16033,199.0,0.16063,12.0,0.16064,5.0
1753533120451,12:32:00.451,BAT/USDT:USDT,0.16035,11.0,0.16033,199.0,0.16063,12.0,0.16064,5.0
1753533120698,12:32:00.698,BAT/USDT:USDT,0.16035,11.0,0.16033,199.0,0.16063,12.0,0.16064,5.0
1753533120784,12:32:00.784,BAT/USDT:USDT,0.16035,11.0,0.16033,199.0,0.16063,12.0,0.16064,5.0
1753533121095,12:32:01.095,BAT/USDT:USDT,0.16035,11.0,0.16033,199.0,0.16063,12.0,0.16064,5.0
1753533121171,12:32:01.171,BAT/USDT:USDT,0.16035,11.0,0.16033,199.0,0.16063,12.0,0.16064,5.0
1753533121217,12:32:01.217,BAT/USDT:USDT,0.16035,11.0,0.16033,199.0,0.16063,12.0,0.16064,5.0
1753533121411,12:32:01.411,BAT/USDT:USDT,0.16035,11.0,0.16033,199.0,0.16063,12.0,0.16064,5.0
1753533121459,12:32:01.459,BAT/USDT:USDT,0.16035,11.0,0.16033,199.0,0.16063,12.0,0.16064,5.0
1753533121572,12:32:01.572,BAT/USDT:USDT,0.16035,11.0,0.16033,199.0,0.16063,12.0,0.16064,5.0
1753533121685,12:32:01.685,BAT/USDT:USDT,0.16035,11.0,0.16033,199.0,0.16063,12.0,0.16064,5.0
1753533121813,12:32:01.813,BAT/USDT:USDT,0.16035,11.0,0.16033,199.0,0.16063,12.0,0.16064,5.0
1753533121835,12:32:01.835,BAT/USDT:USDT,0.16035,11.0,0.16033,199.0,0.16063,12.0,0.16064,5.0
1753533122494,12:32:02.494,BAT/USDT:USDT,0.16035,11.0,0.16033,199.0,0.16063,12.0,0.16064,5.0
1753533122567,12:32:02.567,BAT/USDT:USDT,0.16035,11.0,0.16033,199.0,0.16063,12.0,0.16064,5.0
1753533122792,12:32:02.792,BAT/USDT:USDT,0.16035,11.0,0.16033,199.0,0.16063,12.0,0.16064,5.0
1753533123207,12:32:03.207,BAT/USDT:USDT,0.16035,11.0,0.16033,199.0,0.16063,12.0,0.16064,5.0
1753533123239,12:32:03.239,BAT/USDT:USDT,0.16035,11.0,0.16033,199.0,0.16063,12.0,0.16064,5.0
1753533123395,12:32:03.395,BAT/USDT:USDT,0.16035,11.0,0.16033,199.0,0.16063,12.0,0.16064,5.0
1753533123460,12:32:03.460,BAT/USDT:USDT,0.16035,11.0,0.16033,199.0,0.16063,12.0,0.16064,5.0
1753533123677,12:32:03.677,BAT/USDT:USDT,0.16035,11.0,0.16033,199.0,0.16063,12.0,0.16064,5.0
1753533123800,12:32:03.800,BAT/USDT:USDT,0.16035,11.0,0.16033,199.0,0.16063,12.0,0.16064,5.0
1753533123909,12:32:03.909,BAT/USDT:USDT,0.16035,11.0,0.16033,199.0,0.16063,12.0,0.16064,5.0
1753533123999,12:32:03.999,BAT/USDT:USDT,0.16035,11.0,0.16033,199.0,0.16063,12.0,0.16064,5.0
1753533124064,12:32:04.064,BAT/USDT:USDT,0.16035,11.0,0.16033,199.0,0.16063,12.0,0.16064,5.0
1753533124467,12:32:04.467,BAT/USDT:USDT,0.16035,11.0,0.16033,199.0,0.16063,12.0,0.16064,5.0
1753533124653,12:32:04.653,BAT/USDT:USDT,0.16035,11.0,0.16033,199.0,0.16063,12.0,0.16064,5.0
1753533126806,12:32:06.806,BAT/USDT:USDT,0.16035,11.0,0.16033,199.0,0.16063,12.0,0.16064,5.0
1753533126894,12:32:06.894,BAT/USDT:USDT,0.16035,11.0,0.16033,199.0,0.16063,12.0,0.16064,5.0
1753533127303,12:32:07.303,BAT/USDT:USDT,0.16035,11.0,0.16033,199.0,0.16063,12.0,0.16064,5.0
1753533127336,12:32:07.336,BAT/USDT:USDT,0.16035,11.0,0.16033,199.0,0.16063,12.0,0.16064,5.0
1753533127632,12:32:07.632,BAT/USDT:USDT,0.16035,11.0,0.16033,199.0,0.16063,12.0,0.16064,5.0
1753533127802,12:32:07.802,BAT/USDT:USDT,0.16035,11.0,0.16033,199.0,0.16063,12.0,0.16064,5.0
1753533128174,12:32:08.174,BAT/USDT:USDT,0.16035,11.0,0.16033,199.0,0.16063,12.0,0.16064,5.0
1753533128573,12:32:08.573,BAT/USDT:USDT,0.16035,11.0,0.16033,199.0,0.16063,12.0,0.16064,5.0
1753533128999,12:32:08.999,BAT/USDT:USDT,0.16035,11.0,0.16033,199.0,0.16063,12.0,0.16064,5.0
1753533129139,12:32:09.139,BAT/USDT:USDT,0.16035,11.0,0.16033,199.0,0.16063,12.0,0.16064,5.0
1753533129235,12:32:09.235,BAT/USDT:USDT,0.16035,11.0,0.16033,199.0,0.16063,12.0,0.16064,5.0
1753533129316,12:32:09.316,BAT/USDT:USDT,0.16035,11.0,0.16033,199.0,0.16063,12.0,0.16064,5.0
1753533130004,12:32:10.004,BAT/USDT:USDT,0.16035,11.0,0.16033,199.0,0.16063,12.0,0.16064,5.0
1753533130030,12:32:10.030,BAT/USDT:USDT,0.16035,11.0,0.16033,199.0,0.16063,12.0,0.16064,5.0
1753533130208,12:32:10.208,BAT/USDT:USDT,0.16035,11.0,0.16033,199.0,0.16063,12.0,0.16064,5.0
1753533131156,12:32:11.156,BAT/USDT:USDT,0.16035,11.0,0.16033,199.0,0.16063,12.0,0.16064,5.0
1753533131501,12:32:11.501,BAT/USDT:USDT,0.16035,11.0,0.16033,199.0,0.16063,12.0,0.16064,5.0
1753533131534,12:32:11.534,BAT/USDT:USDT,0.16035,11.0,0.16033,199.0,0.16063,12.0,0.16064,5.0
1753533131845,12:32:11.845,BAT/USDT:USDT,0.16035,11.0,0.16033,199.0,0.16063,12.0,0.16064,5.0
1753533131917,12:32:11.917,BAT/USDT:USDT,0.16035,11.0,0.16033,199.0,0.16063,12.0,0.16064,5.0
1753533132297,12:32:12.297,BAT/USDT:USDT,0.16035,11.0,0.16033,199.0,0.16063,12.0,0.16064,5.0
1753533132330,12:32:12.330,BAT/USDT:USDT,0.16035,11.0,0.16033,199.0,0.16063,12.0,0.16064,5.0
1753533132711,12:32:12.711,BAT/USDT:USDT,0.16035,11.0,0.16033,199.0,0.16063,12.0,0.16064,5.0
1753533133112,12:32:13.112,BAT/USDT:USDT,0.16035,11.0,0.16033,199.0,0.16063,12.0,0.16064,5.0
1753533133199,12:32:13.199,BAT/USDT:USDT,0.16035,11.0,0.16033,199.0,0.16063,12.0,0.16064,5.0
1753533133297,12:32:13.297,BAT/USDT:USDT,0.16035,11.0,0.16033,199.0,0.16063,12.0,0.16064,5.0
1753533134213,12:32:14.213,BAT/USDT:USDT,0.16035,11.0,0.16033,199.0,0.16063,12.0,0.16064,5.0
1753533134245,12:32:14.245,BAT/USDT:USDT,0.16035,11.0,0.16033,199.0,0.16063,12.0,0.16064,5.0
1753533134358,12:32:14.358,BAT/USDT:USDT,0.16035,11.0,0.16033,199.0,0.16063,12.0,0.16064,5.0
1753533134797,12:32:14.797,BAT/USDT:USDT,0.16035,11.0,0.16033,199.0,0.16063,12.0,0.16064,5.0
1753533135161,12:32:15.161,BAT/USDT:USDT,0.16035,11.0,0.16033,199.0,0.16063,12.0,0.16064,5.0
1753533135304,12:32:15.304,BAT/USDT:USDT,0.16035,11.0,0.16033,199.0,0.16063,12.0,0.16064,5.0
1753533135359,12:32:15.359,BAT/USDT:USDT,0.16035,11.0,0.16033,199.0,0.16063,12.0,0.16064,5.0
1753533135469,12:32:15.469,BAT/USDT:USDT,0.16035,11.0,0.16033,199.0,0.16063,12.0,0.16064,5.0
1753533135570,12:32:15.570,BAT/USDT:USDT,0.16035,11.0,0.16033,199.0,0.16063,12.0,0.16064,5.0
1753533136387,12:32:16.387,BAT/USDT:USDT,0.16035,11.0,0.16033,199.0,0.16063,12.0,0.16064,5.0
1753533136801,12:32:16.801,BAT/USDT:USDT,0.16035,11.0,0.16033,199.0,0.16063,12.0,0.16064,5.0
1753533137641,12:32:17.641,BAT/USDT:USDT,0.16035,11.0,0.16033,199.0,0.16063,12.0,0.16064,5.0
1753533138440,12:32:18.440,BAT/USDT:USDT,0.16035,11.0,0.16033,199.0,0.16063,12.0,0.16064,5.0
1753533139498,12:32:19.498,BAT/USDT:USDT,0.16035,11.0,0.16033,199.0,0.16063,12.0,0.16064,5.0
1753533139610,12:32:19.610,BAT/USDT:USDT,0.16035,11.0,0.16033,199.0,0.16063,12.0,0.16064,5.0
1753533139660,12:32:19.660,BAT/USDT:USDT,0.16035,11.0,0.16033,199.0,0.16063,12.0,0.16064,5.0
1753533139803,12:32:19.803,BAT/USDT:USDT,0.16035,11.0,0.16033,199.0,0.16063,12.0,0.16064,5.0
1753533139897,12:32:19.897,BAT/USDT:USDT,0.16035,11.0,0.16033,199.0,0.16063,12.0,0.16064,5.0
1753533139919,12:32:19.919,BAT/USDT:USDT,0.16035,11.0,0.16033,199.0,0.16063,12.0,0.16064,5.0
1753533140901,12:32:20.901,BAT/USDT:USDT,0.16035,11.0,0.16033,199.0,0.16063,12.0,0.16064,5.0
1753533141904,12:32:21.904,BAT/USDT:USDT,0.16035,11.0,0.16033,199.0,0.16063,12.0,0.16064,5.0
1753533141986,12:32:21.986,BAT/USDT:USDT,0.16035,11.0,0.16033,199.0,0.16063,12.0,0.16064,5.0
1753533142495,12:32:22.495,BAT/USDT:USDT,0.16035,11.0,0.16033,199.0,0.16063,12.0,0.16064,5.0
1753533144498,12:32:24.498,BAT/USDT:USDT,0.16035,11.0,0.16033,199.0,0.16063,12.0,0.16064,5.0
1753533144979,12:32:24.979,BAT/USDT:USDT,0.16035,11.0,0.16033,199.0,0.16063,12.0,0.16064,5.0
1753533145310,12:32:25.310,BAT/USDT:USDT,0.16035,11.0,0.16033,199.0,0.16063,12.0,0.16064,5.0
1753533145612,12:32:25.612,BAT/USDT:USDT,0.16035,11.0,0.16033,199.0,0.16063,12.0,0.16064,5.0
1753533145722,12:32:25.722,BAT/USDT:USDT,0.16035,11.0,0.16033,199.0,0.16063,12.0,0.16064,5.0
1753533145983,12:32:25.983,BAT/USDT:USDT,0.16035,11.0,0.16033,199.0,0.16063,12.0,0.16064,5.0
1753533146054,12:32:26.054,BAT/USDT:USDT,0.16035,11.0,0.16033,199.0,0.16063,12.0,0.16064,5.0
1753533146124,12:32:26.124,BAT/USDT:USDT,0.16035,11.0,0.16033,199.0,0.16063,12.0,0.16064,5.0
1753533146366,12:32:26.366,BAT/USDT:USDT,0.16035,11.0,0.16033,199.0,0.16063,12.0,0.16064,5.0
1753533146614,12:32:26.614,BAT/USDT:USDT,0.16035,11.0,0.16033,199.0,0.16063,12.0,0.16064,5.0
1753533149305,12:32:29.305,BAT/USDT:USDT,0.16035,11.0,0.16033,199.0,0.16063,12.0,0.16064,5.0
1753533149396,12:32:29.396,BAT/USDT:USDT,0.16035,11.0,0.16033,199.0,0.16063,12.0,0.16064,5.0
1753533149611,12:32:29.611,BAT/USDT:USDT,0.16035,11.0,0.16033,199.0,0.16063,12.0,0.16064,5.0
1753533149765,12:32:29.765,BAT/USDT:USDT,0.16035,11.0,0.16033,199.0,0.16063,12.0,0.16064,5.0
1753533150675,12:32:30.675,BAT/USDT:USDT,0.16035,11.0,0.16033,199.0,0.16063,12.0,0.16064,5.0
1753533153423,12:32:33.423,BAT/USDT:USDT,0.16035,11.0,0.16033,199.0,0.16063,12.0,0.16064,5.0
1753533154611,12:32:34.611,BAT/USDT:USDT,0.16035,168.0,0.16033,199.0,0.16063,12.0,0.16064,5.0
1753533154698,12:32:34.698,BAT/USDT:USDT,0.16036,11.0,0.16035,157.0,0.16063,12.0,0.16064,5.0
1753533155007,12:32:35.007,BAT/USDT:USDT,0.16036,11.0,0.16033,199.0,0.16063,12.0,0.16064,5.0
1753533155113,12:32:35.113,BAT/USDT:USDT,0.16023,11.0,0.16022,187.0,0.16063,12.0,0.16064,5.0
1753533155198,12:32:35.198,BAT/USDT:USDT,0.1603,41.0,0.16029,30.0,0.16063,12.0,0.16064,5.0
1753533155314,12:32:35.314,BAT/USDT:USDT,0.16037,41.0,0.16036,30.0,0.16063,12.0,0.16064,5.0
1753533155401,12:32:35.401,BAT/USDT:USDT,0.16042,41.0,0.16041,30.0,0.16063,12.0,0.16064,5.0
1753533155437,12:32:35.437,BAT/USDT:USDT,0.16043,11.0,0.16035,11.0,0.16063,12.0,0.16064,5.0
1753533155579,12:32:35.579,BAT/USDT:USDT,0.16035,11.0,0.16034,50.0,0.16063,12.0,0.16064,5.0
1753533155659,12:32:35.659,BAT/USDT:USDT,0.16035,11.0,0.16034,50.0,0.16063,12.0,0.16064,5.0
1753533155879,12:32:35.879,BAT/USDT:USDT,0.16035,11.0,0.16034,50.0,0.16063,12.0,0.16064,5.0
1753533156280,12:32:36.280,BAT/USDT:USDT,0.16035,11.0,0.16034,50.0,0.16063,12.0,0.16064,5.0
1753533156922,12:32:36.922,BAT/USDT:USDT,0.16035,11.0,0.16034,50.0,0.16063,12.0,0.16064,5.0
1753533157110,12:32:37.110,BAT/USDT:USDT,0.16035,11.0,0.16034,50.0,0.16063,12.0,0.16064,5.0
1753533157159,12:32:37.159,BAT/USDT:USDT,0.16035,11.0,0.16034,50.0,0.16063,12.0,0.16064,5.0
1753533157265,12:32:37.265,BAT/USDT:USDT,0.16035,11.0,0.16034,50.0,0.16063,12.0,0.16064,5.0
1753533157410,12:32:37.410,BAT/USDT:USDT,0.16035,11.0,0.16034,50.0,0.16063,12.0,0.16064,5.0
1753533157520,12:32:37.520,BAT/USDT:USDT,0.16035,11.0,0.16034,50.0,0.16063,12.0,0.16064,5.0
1753533158500,12:32:38.500,BAT/USDT:USDT,0.16035,11.0,0.16034,50.0,0.16063,12.0,0.16064,5.0
1753533158781,12:32:38.781,BAT/USDT:USDT,0.16035,11.0,0.16034,50.0,0.16063,12.0,0.16064,5.0
1753533159311,12:32:39.311,BAT/USDT:USDT,0.16035,11.0,0.16034,50.0,0.16063,12.0,0.16064,5.0
1753533159332,12:32:39.332,BAT/USDT:USDT,0.16035,11.0,0.16034,50.0,0.16063,12.0,0.16064,5.0
1753533159563,12:32:39.563,BAT/USDT:USDT,0.16035,11.0,0.16034,50.0,0.16063,12.0,0.16064,5.0
1753533159966,12:32:39.966,BAT/USDT:USDT,0.16035,11.0,0.16034,50.0,0.16063,12.0,0.16064,5.0
1753533160113,12:32:40.113,BAT/USDT:USDT,0.16038,42.0,0.16037,30.0,0.16063,12.0,0.16064,5.0
1753533160208,12:32:40.208,BAT/USDT:USDT,0.16045,12.0,0.16044,12.0,0.16063,12.0,0.16064,5.0
1753533160230,12:32:40.230,BAT/USDT:USDT,0.16045,12.0,0.16044,12.0,0.16063,12.0,0.16064,5.0
1753533160398,12:32:40.398,BAT/USDT:USDT,0.16027,11.0,0.16024,50.0,0.16063,12.0,0.16064,5.0
1753533160437,12:32:40.437,BAT/USDT:USDT,0.16027,11.0,0.16024,50.0,0.16063,12.0,0.16064,5.0
1753533160798,12:32:40.798,BAT/USDT:USDT,0.16032,42.0,0.16031,30.0,0.16061,12.0,0.16062,374.0
1753533160899,12:32:40.899,BAT/USDT:USDT,0.16038,42.0,0.16037,92.0,0.16061,12.0,0.16062,374.0
1753533160998,12:32:40.998,BAT/USDT:USDT,0.16044,42.0,0.16043,30.0,0.16061,12.0,0.16062,374.0
1753533161105,12:32:41.105,BAT/USDT:USDT,0.16046,12.0,0.16045,12.0,0.16061,12.0,0.16062,374.0
1753533161206,12:32:41.206,BAT/USDT:USDT,0.1604,12.0,0.16038,50.0,0.16061,12.0,0.16062,374.0
1753533161503,12:32:41.503,BAT/USDT:USDT,0.1604,12.0,0.16038,50.0,0.16061,12.0,0.16062,374.0
1753533161629,12:32:41.629,BAT/USDT:USDT,0.1604,12.0,0.16038,50.0,0.16061,12.0,0.16062,374.0
1753533162111,12:32:42.111,BAT/USDT:USDT,0.1604,12.0,0.16038,50.0,0.16061,12.0,0.16062,374.0
1753533162212,12:32:42.212,BAT/USDT:USDT,0.1604,12.0,0.16038,50.0,0.16061,12.0,0.16062,374.0
1753533162234,12:32:42.234,BAT/USDT:USDT,0.1604,12.0,0.16038,50.0,0.16061,12.0,0.16062,374.0
1753533162592,12:32:42.592,BAT/USDT:USDT,0.1604,12.0,0.16038,50.0,0.16061,12.0,0.16062,374.0
1753533162698,12:32:42.698,BAT/USDT:USDT,0.16045,42.0,0.16044,30.0,0.16063,12.0,0.16064,5.0
1753533162757,12:32:42.757,BAT/USDT:USDT,0.16047,12.0,0.1604,12.0,0.16063,12.0,0.16064,5.0
1753533162912,12:32:42.912,BAT/USDT:USDT,0.1604,12.0,0.16038,50.0,0.16063,12.0,0.16064,5.0
1753533162949,12:32:42.949,BAT/USDT:USDT,0.1604,12.0,0.16038,50.0,0.16063,12.0,0.16064,5.0
1753533163379,12:32:43.379,BAT/USDT:USDT,0.1604,12.0,0.16038,50.0,0.16063,12.0,0.16064,5.0
1753533163675,12:32:43.675,BAT/USDT:USDT,0.1604,12.0,0.16038,50.0,0.16063,12.0,0.16064,5.0
1753533163814,12:32:43.814,BAT/USDT:USDT,0.1604,12.0,0.16038,50.0,0.16063,12.0,0.16064,5.0
1753533163814,12:32:43.814,BAT/USDT:USDT,0.1604,12.0,0.16038,50.0,0.16063,12.0,0.16064,5.0
1753533164208,12:32:44.208,BAT/USDT:USDT,0.16027,11.0,0.16023,11.0,0.16063,12.0,0.16064,5.0
1753533164313,12:32:44.313,BAT/USDT:USDT,0.16029,42.0,0.16027,12.0,0.16063,12.0,0.16064,5.0
1753533164412,12:32:44.412,BAT/USDT:USDT,0.16037,42.0,0.16036,30.0,0.16063,12.0,0.16064,5.0
1753533164499,12:32:44.499,BAT/USDT:USDT,0.16043,42.0,0.16042,42.0,0.16063,12.0,0.16064,5.0
1753533164600,12:32:44.600,BAT/USDT:USDT,0.16048,30.0,0.16047,12.0,0.16063,12.0,0.16064,5.0
1753533164661,12:32:44.661,BAT/USDT:USDT,0.16048,30.0,0.16047,12.0,0.16063,12.0,0.16064,5.0
1753533165049,12:32:45.049,BAT/USDT:USDT,0.16048,30.0,0.16047,12.0,0.16063,12.0,0.16064,5.0
1753533165207,12:32:45.207,BAT/USDT:USDT,0.16048,30.0,0.16047,12.0,0.16063,12.0,0.16064,5.0
1753533165513,12:32:45.513,BAT/USDT:USDT,0.16048,30.0,0.16047,12.0,0.16063,12.0,0.16064,5.0
1753533165614,12:32:45.614,BAT/USDT:USDT,0.16049,12.0,0.16048,30.0,0.16063,12.0,0.16064,5.0
1753533165644,12:32:45.644,BAT/USDT:USDT,0.1605,30.0,0.16047,12.0,0.16063,12.0,0.16064,5.0
1753533165813,12:32:45.813,BAT/USDT:USDT,0.1605,30.0,0.16045,12.0,0.16063,12.0,0.16064,5.0
1753533165899,12:32:45.899,BAT/USDT:USDT,0.1605,30.0,0.16045,12.0,0.16063,12.0,0.16064,5.0
1753533166006,12:32:46.006,BAT/USDT:USDT,0.1605,30.0,0.16045,12.0,0.16063,12.0,0.16064,5.0
1753533166313,12:32:46.313,BAT/USDT:USDT,0.1605,30.0,0.16045,12.0,0.16063,12.0,0.16064,5.0
1753533166345,12:32:46.345,BAT/USDT:USDT,0.1605,30.0,0.16045,12.0,0.16063,12.0,0.16064,5.0
1753533166736,12:32:46.736,BAT/USDT:USDT,0.1605,30.0,0.16045,12.0,0.16063,12.0,0.16064,5.0
1753533167178,12:32:47.178,BAT/USDT:USDT,0.1605,30.0,0.16045,12.0,0.16063,12.0,0.16064,5.0
1753533167567,12:32:47.567,BAT/USDT:USDT,0.1605,30.0,0.16045,12.0,0.16063,12.0,0.16064,5.0
1753533167630,12:32:47.630,BAT/USDT:USDT,0.1605,30.0,0.16045,12.0,0.16063,12.0,0.16064,5.0
1753533167986,12:32:47.986,BAT/USDT:USDT,0.1605,30.0,0.16042,12.0,0.16063,12.0,0.16064,5.0
1753533168397,12:32:48.397,BAT/USDT:USDT,0.1605,30.0,0.16042,12.0,0.16063,12.0,0.16064,5.0
1753533168419,12:32:48.419,BAT/USDT:USDT,0.1605,30.0,0.16042,12.0,0.16063,12.0,0.16064,5.0
1753533168576,12:32:48.576,BAT/USDT:USDT,0.1605,30.0,0.16042,12.0,0.16063,12.0,0.16064,5.0
1753533168703,12:32:48.703,BAT/USDT:USDT,0.1605,30.0,0.16042,12.0,0.16063,12.0,0.16064,5.0
1753533168809,12:32:48.809,BAT/USDT:USDT,0.1605,30.0,0.16042,12.0,0.16063,12.0,0.16064,5.0
1753533168866,12:32:48.866,BAT/USDT:USDT,0.1605,30.0,0.16042,12.0,0.16063,12.0,0.16064,5.0
1753533169287,12:32:49.287,BAT/USDT:USDT,0.1605,30.0,0.16042,12.0,0.16063,12.0,0.16064,5.0
1753533169668,12:32:49.668,BAT/USDT:USDT,0.1605,30.0,0.16042,12.0,0.16063,12.0,0.16064,5.0
1753533170094,12:32:50.094,BAT/USDT:USDT,0.1605,30.0,0.16042,12.0,0.16063,12.0,0.16064,5.0
1753533170136,12:32:50.136,BAT/USDT:USDT,0.1605,30.0,0.16042,12.0,0.16063,12.0,0.16064,5.0
1753533170681,12:32:50.681,BAT/USDT:USDT,0.1605,30.0,0.16042,12.0,0.16063,12.0,0.16064,5.0
1753533170908,12:32:50.908,BAT/USDT:USDT,0.1605,30.0,0.16042,12.0,0.16063,12.0,0.16064,5.0
1753533171008,12:32:51.008,BAT/USDT:USDT,0.1605,30.0,0.16042,12.0,0.16063,12.0,0.16064,5.0
1753533171109,12:32:51.109,BAT/USDT:USDT,0.1605,30.0,0.16042,12.0,0.16063,12.0,0.16064,5.0
1753533171144,12:32:51.144,BAT/USDT:USDT,0.1605,30.0,0.16042,12.0,0.16063,12.0,0.16064,5.0
1753533172309,12:32:52.309,BAT/USDT:USDT,0.1605,30.0,0.16033,12.0,0.16063,12.0,0.16064,5.0
1753533174306,12:32:54.306,BAT/USDT:USDT,0.1605,30.0,0.16033,12.0,0.16063,12.0,0.16064,5.0
1753533174367,12:32:54.367,BAT/USDT:USDT,0.1605,30.0,0.16033,12.0,0.16063,12.0,0.16064,5.0
1753533174476,12:32:54.476,BAT/USDT:USDT,0.1605,30.0,0.16033,12.0,0.16063,12.0,0.16064,5.0
1753533174614,12:32:54.614,BAT/USDT:USDT,0.1605,30.0,0.16033,12.0,0.16063,12.0,0.16064,5.0
1753533174662,12:32:54.662,BAT/USDT:USDT,0.1605,30.0,0.16033,12.0,0.16063,12.0,0.16064,5.0
1753533175092,12:32:55.092,BAT/USDT:USDT,0.1605,30.0,0.16033,12.0,0.16063,12.0,0.16064,5.0
1753533175139,12:32:55.139,BAT/USDT:USDT,0.1605,30.0,0.16033,12.0,0.16063,12.0,0.16064,5.0
1753533175379,12:32:55.379,BAT/USDT:USDT,0.1605,30.0,0.16033,12.0,0.16063,12.0,0.16064,5.0
1753533175807,12:32:55.807,BAT/USDT:USDT,0.1605,30.0,0.16033,12.0,0.16063,12.0,0.16064,5.0
1753533176195,12:32:56.195,BAT/USDT:USDT,0.1605,30.0,0.16033,12.0,0.16063,12.0,0.16064,5.0
1753533176223,12:32:56.223,BAT/USDT:USDT,0.1605,30.0,0.16033,12.0,0.16063,12.0,0.16064,5.0
1753533176609,12:32:56.609,BAT/USDT:USDT,0.1605,30.0,0.16033,12.0,0.16063,12.0,0.16064,5.0
1753533176708,12:32:56.708,BAT/USDT:USDT,0.1605,30.0,0.16029,12.0,0.16063,12.0,0.16064,5.0
1753533177063,12:32:57.063,BAT/USDT:USDT,0.1605,30.0,0.16029,12.0,0.16063,12.0,0.16064,5.0
1753533177447,12:32:57.447,BAT/USDT:USDT,0.1605,30.0,0.16029,12.0,0.16063,12.0,0.16064,5.0
1753533177863,12:32:57.863,BAT/USDT:USDT,0.1605,30.0,0.16029,12.0,0.16063,12.0,0.16064,5.0
1753533178297,12:32:58.297,BAT/USDT:USDT,0.1605,30.0,0.16029,12.0,0.16063,12.0,0.16064,5.0
1753533178910,12:32:58.910,BAT/USDT:USDT,0.1605,30.0,0.16027,12.0,0.16063,12.0,0.16064,5.0
1753533178965,12:32:58.965,BAT/USDT:USDT,0.1605,30.0,0.16027,12.0,0.16063,12.0,0.16064,5.0
1753533179099,12:32:59.099,BAT/USDT:USDT,0.1605,30.0,0.16027,12.0,0.16063,12.0,0.16064,5.0
1753533179403,12:32:59.403,BAT/USDT:USDT,0.1605,30.0,0.16027,12.0,0.16063,12.0,0.16064,5.0
1753533179510,12:32:59.510,BAT/USDT:USDT,0.1605,30.0,0.16027,12.0,0.16063,12.0,0.16064,5.0
1753533179518,12:32:59.518,BAT/USDT:USDT,0.1605,30.0,0.16027,12.0,0.16063,12.0,0.16064,5.0
1753533180007,12:33:00.007,BAT/USDT:USDT,0.1605,30.0,0.16027,12.0,0.16063,12.0,0.16064,5.0
1753533180043,12:33:00.043,BAT/USDT:USDT,0.1605,30.0,0.16027,12.0,0.16063,12.0,0.16064,5.0
1753533180413,12:33:00.413,BAT/USDT:USDT,0.1605,30.0,0.16027,12.0,0.16063,12.0,0.16064,5.0
1753533180766,12:33:00.766,BAT/USDT:USDT,0.1605,30.0,0.16027,12.0,0.16063,12.0,0.16064,5.0
1753533180878,12:33:00.878,BAT/USDT:USDT,0.1605,30.0,0.16027,12.0,0.16063,12.0,0.16064,5.0
1753533181007,12:33:01.007,BAT/USDT:USDT,0.1605,30.0,0.16024,12.0,0.16063,12.0,0.16064,5.0
1753533181030,12:33:01.030,BAT/USDT:USDT,0.1605,30.0,0.16024,12.0,0.16063,12.0,0.16064,5.0
1753533181202,12:33:01.202,BAT/USDT:USDT,0.1605,30.0,0.16024,12.0,0.16063,12.0,0.16064,5.0
1753533181243,12:33:01.243,BAT/USDT:USDT,0.1605,30.0,0.16024,12.0,0.16063,12.0,0.16064,5.0
1753533181465,12:33:01.465,BAT/USDT:USDT,0.1605,30.0,0.16024,12.0,0.16063,12.0,0.16064,5.0
1753533182004,12:33:02.004,BAT/USDT:USDT,0.1605,30.0,0.16024,12.0,0.16063,12.0,0.16064,5.0
1753533182047,12:33:02.047,BAT/USDT:USDT,0.1605,30.0,0.16024,12.0,0.16063,12.0,0.16064,5.0
1753533182271,12:33:02.271,BAT/USDT:USDT,0.1605,30.0,0.16024,12.0,0.16063,12.0,0.16064,5.0
1753533182469,12:33:02.469,BAT/USDT:USDT,0.1605,30.0,0.16024,12.0,0.16063,12.0,0.16064,5.0
1753533182889,12:33:02.889,BAT/USDT:USDT,0.1605,30.0,0.16024,12.0,0.16063,12.0,0.16064,5.0
1753533183137,12:33:03.137,BAT/USDT:USDT,0.1605,30.0,0.16024,12.0,0.16063,12.0,0.16064,5.0
1753533183282,12:33:03.282,BAT/USDT:USDT,0.1605,30.0,0.16024,12.0,0.16063,12.0,0.16064,5.0
1753533183968,12:33:03.968,BAT/USDT:USDT,0.1605,30.0,0.16024,12.0,0.16063,12.0,0.16064,5.0
1753533185307,12:33:05.307,BAT/USDT:USDT,0.1605,30.0,0.16024,12.0,0.16063,12.0,0.16064,5.0
1753533185386,12:33:05.386,BAT/USDT:USDT,0.1605,30.0,0.16024,12.0,0.16063,12.0,0.16064,5.0
1753533185455,12:33:05.455,BAT/USDT:USDT,0.1605,30.0,0.16024,12.0,0.16063,12.0,0.16064,5.0
1753533186262,12:33:06.262,BAT/USDT:USDT,0.1605,30.0,0.16024,12.0,0.16063,12.0,0.16064,5.0
1753533187466,12:33:07.466,BAT/USDT:USDT,0.1605,30.0,0.16024,12.0,0.16063,12.0,0.16064,5.0
1753533187768,12:33:07.768,BAT/USDT:USDT,0.1605,30.0,0.16024,12.0,0.16063,12.0,0.16064,5.0
1753533188338,12:33:08.338,BAT/USDT:USDT,0.1605,30.0,0.16024,12.0,0.16063,12.0,0.16064,5.0
1753533189652,12:33:09.652,BAT/USDT:USDT,0.1605,30.0,0.16024,12.0,0.16063,12.0,0.16064,5.0
1753533190532,12:33:10.532,BAT/USDT:USDT,0.1605,30.0,0.16024,12.0,0.16063,12.0,0.16064,5.0
1753533190738,12:33:10.738,BAT/USDT:USDT,0.1605,30.0,0.16024,12.0,0.16063,12.0,0.16064,5.0
1753533190886,12:33:10.886,BAT/USDT:USDT,0.1605,30.0,0.16024,12.0,0.16063,12.0,0.16064,5.0
1753533190995,12:33:10.995,BAT/USDT:USDT,0.1605,30.0,0.16024,12.0,0.16063,12.0,0.16064,5.0
1753533191015,12:33:11.015,BAT/USDT:USDT,0.1605,30.0,0.16024,12.0,0.16063,12.0,0.16064,5.0
1753533191805,12:33:11.805,BAT/USDT:USDT,0.1605,30.0,0.16024,12.0,0.16063,12.0,0.16064,5.0
1753533195997,12:33:15.997,BAT/USDT:USDT,0.1605,30.0,0.16025,157.0,0.16063,12.0,0.16064,5.0
1753533196064,12:33:16.064,BAT/USDT:USDT,0.1605,30.0,0.16048,12.0,0.16063,12.0,0.16064,5.0
1753533196127,12:33:16.127,BAT/USDT:USDT,0.1605,30.0,0.16048,12.0,0.16063,12.0,0.16064,5.0
1753533197297,12:33:17.297,BAT/USDT:USDT,0.16055,30.0,0.16054,30.0,0.16063,12.0,0.16064,5.0
1753533197376,12:33:17.376,BAT/USDT:USDT,0.16055,30.0,0.16051,12.0,0.16063,12.0,0.16064,5.0
1753533197506,12:33:17.506,BAT/USDT:USDT,0.16055,30.0,0.16051,12.0,0.16063,12.0,0.16064,5.0
1753533197584,12:33:17.584,BAT/USDT:USDT,0.16055,30.0,0.16051,12.0,0.16063,12.0,0.16064,5.0
1753533197852,12:33:17.852,BAT/USDT:USDT,0.16055,30.0,0.16051,12.0,0.16063,12.0,0.16064,5.0
1753533198024,12:33:18.024,BAT/USDT:USDT,0.16055,30.0,0.16051,12.0,0.16063,12.0,0.16064,5.0
1753533198310,12:33:18.310,BAT/USDT:USDT,0.16055,30.0,0.16048,12.0,0.16063,12.0,0.16064,5.0
1753533200679,12:33:20.679,BAT/USDT:USDT,0.16055,30.0,0.16048,12.0,0.16063,12.0,0.16064,5.0
1753533201397,12:33:21.397,BAT/USDT:USDT,0.16055,30.0,0.16048,12.0,0.16063,12.0,0.16064,5.0
1753533201502,12:33:21.502,BAT/USDT:USDT,0.16055,30.0,0.16048,12.0,0.16063,12.0,0.16064,5.0
1753533202691,12:33:22.691,BAT/USDT:USDT,0.16055,30.0,0.16048,12.0,0.16063,12.0,0.16064,5.0
1753533203095,12:33:23.095,BAT/USDT:USDT,0.16055,30.0,0.16048,12.0,0.16063,12.0,0.16064,5.0
1753533203127,12:33:23.127,BAT/USDT:USDT,0.16055,30.0,0.16048,12.0,0.16063,12.0,0.16064,5.0
1753533203610,12:33:23.610,BAT/USDT:USDT,0.16055,30.0,0.16048,12.0,0.16063,12.0,0.16064,5.0
1753533203992,12:33:23.992,BAT/USDT:USDT,0.16055,30.0,0.16048,12.0,0.16063,12.0,0.16064,5.0
1753533204404,12:33:24.404,BAT/USDT:USDT,0.16055,30.0,0.16048,12.0,0.16063,12.0,0.16064,5.0
1753533204799,12:33:24.799,BAT/USDT:USDT,0.16055,30.0,0.16048,12.0,0.16063,12.0,0.16064,5.0
1753533204881,12:33:24.881,BAT/USDT:USDT,0.16048,12.0,0.16029,402.0,0.16063,12.0,0.16064,5.0
1753533204999,12:33:24.999,BAT/USDT:USDT,0.16053,30.0,0.16052,30.0,0.16063,12.0,0.16064,5.0
1753533205084,12:33:25.084,BAT/USDT:USDT,0.16054,30.0,0.16028,12.0,0.16063,12.0,0.16064,5.0
1753533205226,12:33:25.226,BAT/USDT:USDT,0.16054,30.0,0.16028,12.0,0.16063,12.0,0.16064,5.0
1753533205362,12:33:25.362,BAT/USDT:USDT,0.16054,30.0,0.16028,12.0,0.16063,12.0,0.16064,5.0
1753533206072,12:33:26.072,BAT/USDT:USDT,0.16054,30.0,0.16028,12.0,0.16063,12.0,0.16064,5.0
1753533206452,12:33:26.452,BAT/USDT:USDT,0.16054,30.0,0.16028,12.0,0.16063,12.0,0.16064,5.0
1753533207102,12:33:27.102,BAT/USDT:USDT,0.16054,30.0,0.16024,12.0,0.16063,12.0,0.16064,5.0
1753533207170,12:33:27.170,BAT/USDT:USDT,0.16054,30.0,0.16024,12.0,0.16063,12.0,0.16064,5.0
1753533207279,12:33:27.279,BAT/USDT:USDT,0.16054,30.0,0.16024,12.0,0.16063,12.0,0.16064,5.0
1753533207612,12:33:27.612,BAT/USDT:USDT,0.16024,12.0,0.16023,187.0,0.16063,12.0,0.16064,5.0
1753533207688,12:33:27.688,BAT/USDT:USDT,0.16024,12.0,0.16023,187.0,0.16063,12.0,0.16064,5.0
1753533207799,12:33:27.799,BAT/USDT:USDT,0.16029,41.0,0.16028,30.0,0.16063,12.0,0.16064,5.0
1753533207902,12:33:27.902,BAT/USDT:USDT,0.16035,61.0,0.16034,50.0,0.16063,12.0,0.16064,5.0
1753533207942,12:33:27.942,BAT/USDT:USDT,0.16038,11.0,0.16037,50.0,0.16063,12.0,0.16064,5.0
1753533208110,12:33:28.110,BAT/USDT:USDT,0.16038,11.0,0.16037,50.0,0.16063,12.0,0.16064,5.0
1753533208116,12:33:28.116,BAT/USDT:USDT,0.16038,11.0,0.16037,50.0,0.16063,12.0,0.16064,5.0
1753533208537,12:33:28.537,BAT/USDT:USDT,0.16038,11.0,0.16037,50.0,0.16063,12.0,0.16064,5.0
1753533208695,12:33:28.695,BAT/USDT:USDT,0.16038,11.0,0.16037,50.0,0.16063,12.0,0.16064,5.0
1753533208719,12:33:28.719,BAT/USDT:USDT,0.16038,11.0,0.16037,50.0,0.16063,12.0,0.16064,5.0
1753533209185,12:33:29.185,BAT/USDT:USDT,0.16038,11.0,0.16037,50.0,0.16063,12.0,0.16064,5.0
1753533209598,12:33:29.598,BAT/USDT:USDT,0.16038,11.0,0.16037,50.0,0.16063,12.0,0.16064,5.0
1753533209685,12:33:29.685,BAT/USDT:USDT,0.16038,11.0,0.16037,50.0,0.16063,12.0,0.16064,5.0
1753533209762,12:33:29.762,BAT/USDT:USDT,0.16038,11.0,0.16037,50.0,0.16063,12.0,0.16064,5.0
1753533211370,12:33:31.370,BAT/USDT:USDT,0.16038,11.0,0.16037,50.0,0.16063,12.0,0.16064,5.0
1753533211652,12:33:31.652,BAT/USDT:USDT,0.16038,11.0,0.16037,50.0,0.16063,12.0,0.16064,5.0
1753533211785,12:33:31.785,BAT/USDT:USDT,0.16038,11.0,0.16037,50.0,0.16063,12.0,0.16064,5.0
1753533213568,12:33:33.568,BAT/USDT:USDT,0.16038,11.0,0.16037,50.0,0.16063,12.0,0.16064,5.0
1753533213665,12:33:33.665,BAT/USDT:USDT,0.16025,11.0,0.16023,198.0,0.16063,12.0,0.16064,5.0
1753533213809,12:33:33.809,BAT/USDT:USDT,0.16025,11.0,0.16023,198.0,0.16063,12.0,0.16064,5.0
1753533213857,12:33:33.857,BAT/USDT:USDT,0.16025,11.0,0.16023,198.0,0.16063,12.0,0.16064,5.0
1753533214700,12:33:34.700,BAT/USDT:USDT,0.16029,41.0,0.16028,30.0,0.16061,11.0,0.16062,50.0
1753533214797,12:33:34.797,BAT/USDT:USDT,0.16034,11.0,0.1603,11.0,0.16061,11.0,0.16062,50.0
1753533214933,12:33:34.933,BAT/USDT:USDT,0.16025,11.0,0.16023,198.0,0.16061,11.0,0.16062,50.0
1753533215037,12:33:35.037,BAT/USDT:USDT,0.16025,11.0,0.16023,198.0,0.16061,11.0,0.16062,50.0
1753533215698,12:33:35.698,BAT/USDT:USDT,0.16029,41.0,0.16028,30.0,0.1606,11.0,0.16061,50.0
1753533215798,12:33:35.798,BAT/USDT:USDT,0.16033,11.0,0.16027,11.0,0.1606,11.0,0.16061,50.0
1753533215861,12:33:35.861,BAT/USDT:USDT,0.16033,11.0,0.16027,11.0,0.1606,11.0,0.16061,50.0
1753533215932,12:33:35.932,BAT/USDT:USDT,0.16025,11.0,0.16023,198.0,0.1606,11.0,0.16061,50.0
1753533216280,12:33:36.280,BAT/USDT:USDT,0.16025,11.0,0.16023,198.0,0.1606,11.0,0.16061,50.0
1753533216596,12:33:36.596,BAT/USDT:USDT,0.16025,11.0,0.16023,198.0,0.1606,11.0,0.16061,50.0
1753533216646,12:33:36.646,BAT/USDT:USDT,0.16025,11.0,0.16023,198.0,0.1606,11.0,0.16061,50.0
1753533217598,12:33:37.598,BAT/USDT:USDT,0.16025,11.0,0.16023,198.0,0.16059,11.0,0.1606,50.0
1753533217712,12:33:37.712,BAT/USDT:USDT,0.16032,41.0,0.16031,30.0,0.16059,11.0,0.16061,50.0
1753533217757,12:33:37.757,BAT/USDT:USDT,0.16035,11.0,0.16025,11.0,0.16059,11.0,0.16061,50.0
1753533217896,12:33:37.896,BAT/USDT:USDT,0.16025,11.0,0.16023,198.0,0.16059,11.0,0.16061,50.0
1753533217968,12:33:37.968,BAT/USDT:USDT,0.16025,11.0,0.16023,198.0,0.16059,11.0,0.16061,50.0
1753533218099,12:33:38.099,BAT/USDT:USDT,0.16025,11.0,0.16023,198.0,0.16059,11.0,0.16061,50.0
1753533218129,12:33:38.129,BAT/USDT:USDT,0.16025,11.0,0.16023,198.0,0.16059,11.0,0.16061,50.0
1753533218312,12:33:38.312,BAT/USDT:USDT,0.16025,11.0,0.16023,198.0,0.16059,11.0,0.16061,50.0
1753533218598,12:33:38.598,BAT/USDT:USDT,0.16025,11.0,0.16023,198.0,0.16058,61.0,0.1606,11.0
1753533218698,12:33:38.698,BAT/USDT:USDT,0.1603,11.0,0.16029,30.0,0.16057,11.0,0.1606,11.0
1753533218798,12:33:38.798,BAT/USDT:USDT,0.16033,11.0,0.1603,11.0,0.16055,11.0,0.16056,4.0
1753533218894,12:33:38.894,BAT/USDT:USDT,0.16025,11.0,0.16023,198.0,0.16055,11.0,0.16056,4.0
1753533219145,12:33:39.145,BAT/USDT:USDT,0.16025,11.0,0.16023,198.0,0.16055,11.0,0.16056,4.0
1753533219964,12:33:39.964,BAT/USDT:USDT,0.16025,11.0,0.16023,198.0,0.16055,11.0,0.16056,4.0
1753533220082,12:33:40.082,BAT/USDT:USDT,0.16025,11.0,0.16023,198.0,0.16055,11.0,0.16056,4.0
1753533220381,12:33:40.381,BAT/USDT:USDT,0.16025,11.0,0.16023,198.0,0.16055,11.0,0.16056,4.0
1753533220562,12:33:40.562,BAT/USDT:USDT,0.16025,11.0,0.16023,198.0,0.16055,11.0,0.16056,4.0
1753533220641,12:33:40.641,BAT/USDT:USDT,0.16025,11.0,0.16023,198.0,0.16055,11.0,0.16056,4.0
1753533221113,12:33:41.113,BAT/USDT:USDT,0.16025,11.0,0.16023,198.0,0.16055,11.0,0.16056,4.0
1753533221204,12:33:41.204,BAT/USDT:USDT,0.16025,11.0,0.16023,198.0,0.16055,11.0,0.16056,4.0
1753533221620,12:33:41.620,BAT/USDT:USDT,0.16025,11.0,0.16023,198.0,0.16055,11.0,0.16056,4.0
1753533222158,12:33:42.158,BAT/USDT:USDT,0.16025,11.0,0.16023,198.0,0.16055,11.0,0.16056,4.0
1753533222284,12:33:42.284,BAT/USDT:USDT,0.16025,11.0,0.16023,198.0,0.16055,11.0,0.16056,4.0
1753533222436,12:33:42.436,BAT/USDT:USDT,0.16025,11.0,0.16023,198.0,0.16055,11.0,0.16056,4.0
1753533222539,12:33:42.539,BAT/USDT:USDT,0.16025,11.0,0.16023,198.0,0.16055,11.0,0.16056,4.0
1753533224512,12:33:44.512,BAT/USDT:USDT,0.16025,11.0,0.16023,198.0,0.16055,11.0,0.16056,4.0
1753533224773,12:33:44.773,BAT/USDT:USDT,0.16025,11.0,0.16023,198.0,0.16055,11.0,0.16056,4.0
1753533224910,12:33:44.910,BAT/USDT:USDT,0.16025,11.0,0.16023,198.0,0.16055,11.0,0.16056,4.0
1753533225285,12:33:45.285,BAT/USDT:USDT,0.16025,11.0,0.16023,198.0,0.16055,11.0,0.16056,4.0
1753533225496,12:33:45.496,BAT/USDT:USDT,0.16025,11.0,0.16023,198.0,0.16055,11.0,0.16056,4.0
1753533226696,12:33:46.696,BAT/USDT:USDT,0.16027,402.0,0.16025,11.0,0.16055,11.0,0.16056,4.0
1753533226800,12:33:46.800,BAT/USDT:USDT,0.16035,42.0,0.16034,30.0,0.16055,11.0,0.16056,4.0
1753533226912,12:33:46.912,BAT/USDT:USDT,0.16041,42.0,0.1604,42.0,0.16055,11.0,0.16056,4.0
1753533226990,12:33:46.990,BAT/USDT:USDT,0.16042,12.0,0.1604,12.0,0.16055,11.0,0.16056,4.0
1753533227070,12:33:47.070,BAT/USDT:USDT,0.1604,12.0,0.16037,62.0,0.16055,11.0,0.16056,4.0
1753533227498,12:33:47.498,BAT/USDT:USDT,0.16037,12.0,0.1603,50.0,0.16055,11.0,0.16056,4.0
1753533227533,12:33:47.533,BAT/USDT:USDT,0.16037,12.0,0.1603,50.0,0.16055,11.0,0.16056,4.0
1753533227728,12:33:47.728,BAT/USDT:USDT,0.16037,12.0,0.1603,50.0,0.16055,11.0,0.16056,4.0
1753533228144,12:33:48.144,BAT/USDT:USDT,0.16037,12.0,0.1603,50.0,0.16055,11.0,0.16056,4.0
1753533228501,12:33:48.501,BAT/USDT:USDT,0.1604,42.0,0.16039,30.0,0.16055,11.0,0.16056,4.0
1753533228598,12:33:48.598,BAT/USDT:USDT,0.16046,12.0,0.16045,30.0,0.16055,11.0,0.16056,4.0
1753533228618,12:33:48.618,BAT/USDT:USDT,0.16046,12.0,0.16043,12.0,0.16055,11.0,0.16056,4.0
1753533228783,12:33:48.783,BAT/USDT:USDT,0.16034,12.0,0.1603,50.0,0.16055,11.0,0.16056,4.0
1753533228903,12:33:48.903,BAT/USDT:USDT,0.16034,12.0,0.1603,50.0,0.16055,11.0,0.16056,4.0
1753533228971,12:33:48.971,BAT/USDT:USDT,0.16034,12.0,0.1603,50.0,0.16055,11.0,0.16056,4.0
1753533229348,12:33:49.348,BAT/USDT:USDT,0.16034,12.0,0.1603,50.0,0.16055,11.0,0.16056,4.0
1753533229480,12:33:49.480,BAT/USDT:USDT,0.16034,12.0,0.1603,50.0,0.16055,11.0,0.16056,4.0
1753533229524,12:33:49.524,BAT/USDT:USDT,0.16034,12.0,0.1603,50.0,0.16055,11.0,0.16056,4.0
1753533230462,12:33:50.462,BAT/USDT:USDT,0.16034,12.0,0.1603,50.0,0.16055,11.0,0.16056,4.0
1753533230898,12:33:50.898,BAT/USDT:USDT,0.16037,42.0,0.16036,30.0,0.16055,11.0,0.16056,4.0
1753533230996,12:33:50.996,BAT/USDT:USDT,0.16042,42.0,0.16041,30.0,0.16055,11.0,0.16056,4.0
1753533231089,12:33:51.089,BAT/USDT:USDT,0.16045,12.0,0.16039,12.0,0.16055,11.0,0.16056,4.0
1753533231210,12:33:51.210,BAT/USDT:USDT,0.16034,12.0,0.1603,50.0,0.16055,11.0,0.16056,4.0
1753533231404,12:33:51.404,BAT/USDT:USDT,0.16034,12.0,0.1603,50.0,0.16055,11.0,0.16056,4.0
1753533231439,12:33:51.439,BAT/USDT:USDT,0.16034,12.0,0.1603,50.0,0.16055,11.0,0.16056,4.0
1753533231860,12:33:51.860,BAT/USDT:USDT,0.16034,12.0,0.1603,50.0,0.16055,11.0,0.16056,4.0
1753533232865,12:33:52.865,BAT/USDT:USDT,0.16034,12.0,0.1603,50.0,0.16055,11.0,0.16056,4.0
1753533233215,12:33:53.215,BAT/USDT:USDT,0.16034,12.0,0.1603,50.0,0.16055,11.0,0.16056,4.0
1753533233406,12:33:53.406,BAT/USDT:USDT,0.16034,12.0,0.1603,50.0,0.16055,11.0,0.16056,4.0
1753533233882,12:33:53.882,BAT/USDT:USDT,0.16034,12.0,0.1603,50.0,0.16055,11.0,0.16056,4.0
1753533234406,12:33:54.406,BAT/USDT:USDT,0.16034,12.0,0.1603,50.0,0.16055,11.0,0.16056,4.0
1753533235384,12:33:55.384,BAT/USDT:USDT,0.16034,12.0,0.1603,50.0,0.16055,11.0,0.16056,4.0
1753533235415,12:33:55.415,BAT/USDT:USDT,0.16034,12.0,0.1603,50.0,0.16055,11.0,0.16056,4.0
1753533236373,12:33:56.373,BAT/USDT:USDT,0.16034,12.0,0.1603,50.0,0.16055,11.0,0.16056,4.0
1753533237450,12:33:57.450,BAT/USDT:USDT,0.16034,12.0,0.1603,50.0,0.16055,11.0,0.16056,4.0
1753533237632,12:33:57.632,BAT/USDT:USDT,0.16034,12.0,0.1603,50.0,0.16055,11.0,0.16056,4.0
1753533237903,12:33:57.903,BAT/USDT:USDT,0.16034,12.0,0.1603,50.0,0.16055,11.0,0.16056,4.0
1753533238722,12:33:58.722,BAT/USDT:USDT,0.16034,12.0,0.1603,50.0,0.16055,11.0,0.16056,4.0
1753533239671,12:33:59.671,BAT/USDT:USDT,0.16034,12.0,0.1603,50.0,0.16055,11.0,0.16056,4.0
1753533239822,12:33:59.822,BAT/USDT:USDT,0.16034,12.0,0.1603,50.0,0.16055,11.0,0.16056,4.0
1753533240511,12:34:00.511,BAT/USDT:USDT,0.16034,12.0,0.1603,50.0,0.16055,11.0,0.16056,4.0
1753533240584,12:34:00.584,BAT/USDT:USDT,0.16034,12.0,0.1603,50.0,0.16055,11.0,0.16056,4.0
1753533240653,12:34:00.653,BAT/USDT:USDT,0.16034,12.0,0.1603,50.0,0.16055,11.0,0.16056,4.0
1753533240746,12:34:00.746,BAT/USDT:USDT,0.16034,12.0,0.1603,50.0,0.16055,11.0,0.16056,4.0
1753533241412,12:34:01.412,BAT/USDT:USDT,0.16034,12.0,0.1603,50.0,0.16055,11.0,0.16056,4.0
1753533241419,12:34:01.419,BAT/USDT:USDT,0.16034,12.0,0.1603,50.0,0.16055,11.0,0.16056,4.0
1753533241586,12:34:01.586,BAT/USDT:USDT,0.16034,12.0,0.1603,50.0,0.16055,11.0,0.16056,4.0
1753533241967,12:34:01.967,BAT/USDT:USDT,0.16034,12.0,0.1603,50.0,0.16055,11.0,0.16056,4.0
1753533242311,12:34:02.311,BAT/USDT:USDT,0.16034,12.0,0.1603,50.0,0.16055,11.0,0.16056,4.0
1753533242318,12:34:02.318,BAT/USDT:USDT,0.16034,12.0,0.1603,50.0,0.16055,11.0,0.16056,4.0
1753533242797,12:34:02.797,BAT/USDT:USDT,0.16034,12.0,0.1603,50.0,0.16055,11.0,0.16056,4.0
1753533243299,12:34:03.299,BAT/USDT:USDT,0.16034,12.0,0.1603,50.0,0.16055,11.0,0.16056,4.0
1753533244158,12:34:04.158,BAT/USDT:USDT,0.16034,12.0,0.1603,50.0,0.16055,11.0,0.16056,4.0
1753533244288,12:34:04.288,BAT/USDT:USDT,0.16034,12.0,0.1603,50.0,0.16055,11.0,0.16056,4.0
1753533244823,12:34:04.823,BAT/USDT:USDT,0.16034,12.0,0.1603,50.0,0.16055,11.0,0.16056,4.0
1753533245649,12:34:05.649,BAT/USDT:USDT,0.16034,12.0,0.1603,50.0,0.16055,11.0,0.16056,4.0
1753533246289,12:34:06.289,BAT/USDT:USDT,0.16034,12.0,0.1603,50.0,0.16055,11.0,0.16056,4.0
1753533246869,12:34:06.869,BAT/USDT:USDT,0.16034,12.0,0.1603,50.0,0.16055,11.0,0.16056,4.0
1753533247297,12:34:07.297,BAT/USDT:USDT,0.16034,12.0,0.1603,50.0,0.16055,11.0,0.16056,4.0
1753533247689,12:34:07.689,BAT/USDT:USDT,0.16034,12.0,0.1603,50.0,0.16055,11.0,0.16056,4.0
1753533248477,12:34:08.477,BAT/USDT:USDT,0.16034,12.0,0.1603,50.0,0.16055,11.0,0.16056,4.0
1753533248908,12:34:08.908,BAT/USDT:USDT,0.16034,12.0,0.1603,50.0,0.16055,11.0,0.16056,4.0
1753533249726,12:34:09.726,BAT/USDT:USDT,0.16034,12.0,0.1603,50.0,0.16055,11.0,0.16056,4.0
1753533250676,12:34:10.676,BAT/USDT:USDT,0.16034,12.0,0.1603,50.0,0.16055,11.0,0.16056,4.0
1753533251755,12:34:11.755,BAT/USDT:USDT,0.16034,12.0,0.1603,50.0,0.16055,11.0,0.16056,4.0
1753533251902,12:34:11.902,BAT/USDT:USDT,0.16034,12.0,0.1603,50.0,0.16055,11.0,0.16056,4.0
1753533251983,12:34:11.983,BAT/USDT:USDT,0.16034,12.0,0.1603,50.0,0.16055,11.0,0.16056,4.0
1753533252074,12:34:12.074,BAT/USDT:USDT,0.16034,12.0,0.1603,50.0,0.16055,11.0,0.16056,4.0
1753533252673,12:34:12.673,BAT/USDT:USDT,0.16034,12.0,0.1603,50.0,0.16055,11.0,0.16056,4.0
1753533252847,12:34:12.847,BAT/USDT:USDT,0.16034,12.0,0.1603,50.0,0.16055,11.0,0.16056,4.0
1753533252983,12:34:12.983,BAT/USDT:USDT,0.16034,12.0,0.1603,50.0,0.16055,11.0,0.16056,4.0
1753533253808,12:34:13.808,BAT/USDT:USDT,0.16034,12.0,0.1603,50.0,0.16055,11.0,0.16056,4.0
1753533254289,12:34:14.289,BAT/USDT:USDT,0.16034,12.0,0.1603,50.0,0.16055,11.0,0.16056,4.0
1753533254384,12:34:14.384,BAT/USDT:USDT,0.16034,12.0,0.1603,50.0,0.16055,11.0,0.16056,4.0
1753533254629,12:34:14.629,BAT/USDT:USDT,0.16034,12.0,0.1603,50.0,0.16055,11.0,0.16056,4.0
1753533254759,12:34:14.759,BAT/USDT:USDT,0.16034,12.0,0.1603,50.0,0.16055,11.0,0.16056,4.0
1753533255000,12:34:15.000,BAT/USDT:USDT,0.16034,12.0,0.1603,50.0,0.16055,11.0,0.16056,4.0
1753533255028,12:34:15.028,BAT/USDT:USDT,0.16034,12.0,0.1603,50.0,0.16055,11.0,0.16056,4.0
1753533255180,12:34:15.180,BAT/USDT:USDT,0.16034,12.0,0.1603,50.0,0.16055,11.0,0.16056,4.0
1753533255858,12:34:15.858,BAT/USDT:USDT,0.16034,12.0,0.1603,50.0,0.16055,11.0,0.16056,4.0
1753533256279,12:34:16.279,BAT/USDT:USDT,0.16034,12.0,0.1603,50.0,0.16055,11.0,0.16056,4.0
1753533257184,12:34:17.184,BAT/USDT:USDT,0.16034,12.0,0.1603,50.0,0.16055,11.0,0.16056,4.0
1753533257909,12:34:17.909,BAT/USDT:USDT,0.16034,12.0,0.1603,50.0,0.16055,11.0,0.16056,4.0
1753533258188,12:34:18.188,BAT/USDT:USDT,0.16034,12.0,0.1603,50.0,0.16055,11.0,0.16056,4.0
1753533258742,12:34:18.742,BAT/USDT:USDT,0.16034,12.0,0.1603,50.0,0.16055,11.0,0.16056,4.0
1753533259965,12:34:19.965,BAT/USDT:USDT,0.16034,12.0,0.1603,50.0,0.16055,11.0,0.16056,4.0
1753533260178,12:34:20.178,BAT/USDT:USDT,0.16034,12.0,0.1603,50.0,0.16055,11.0,0.16056,4.0
1753533260700,12:34:20.700,BAT/USDT:USDT,0.16034,12.0,0.1603,50.0,0.16055,11.0,0.16056,4.0
1753533261490,12:34:21.490,BAT/USDT:USDT,0.16034,12.0,0.1603,50.0,0.16055,11.0,0.16056,4.0
1753533264002,12:34:24.002,BAT/USDT:USDT,0.16034,12.0,0.1603,50.0,0.16055,11.0,0.16056,4.0
1753533266027,12:34:26.027,BAT/USDT:USDT,0.16034,12.0,0.1603,50.0,0.16055,11.0,0.16056,4.0
1753533266838,12:34:26.838,BAT/USDT:USDT,0.16034,12.0,0.1603,50.0,0.16055,11.0,0.16056,4.0
1753533267842,12:34:27.842,BAT/USDT:USDT,0.16034,12.0,0.1603,50.0,0.16055,11.0,0.16056,4.0
1753533267980,12:34:27.980,BAT/USDT:USDT,0.16034,12.0,0.1603,50.0,0.16055,11.0,0.16056,4.0
1753533268044,12:34:28.044,BAT/USDT:USDT,0.16034,12.0,0.1603,50.0,0.16055,11.0,0.16056,4.0
1753533268197,12:34:28.197,BAT/USDT:USDT,0.16034,12.0,0.1603,50.0,0.16055,11.0,0.16056,4.0
1753533269005,12:34:29.005,BAT/USDT:USDT,0.16034,12.0,0.1603,50.0,0.16055,11.0,0.16056,4.0
1753533270084,12:34:30.084,BAT/USDT:USDT,0.16034,12.0,0.1603,50.0,0.16055,11.0,0.16056,4.0
1753533270196,12:34:30.196,BAT/USDT:USDT,0.16034,12.0,0.1603,50.0,0.16055,11.0,0.16056,4.0
1753533270650,12:34:30.650,BAT/USDT:USDT,0.16034,12.0,0.1603,50.0,0.16055,11.0,0.16056,4.0
1753533270764,12:34:30.764,BAT/USDT:USDT,0.16034,12.0,0.1603,50.0,0.16055,11.0,0.16056,4.0
1753533270879,12:34:30.879,BAT/USDT:USDT,0.16034,12.0,0.1603,50.0,0.16055,11.0,0.16056,4.0
1753533270957,12:34:30.957,BAT/USDT:USDT,0.16034,12.0,0.1603,50.0,0.16055,11.0,0.16056,4.0
1753533271739,12:34:31.739,BAT/USDT:USDT,0.16034,12.0,0.1603,50.0,0.16055,11.0,0.16056,4.0
1753533272105,12:34:32.105,BAT/USDT:USDT,0.16034,12.0,0.1603,50.0,0.16055,11.0,0.16056,4.0
1753533272355,12:34:32.355,BAT/USDT:USDT,0.16034,12.0,0.1603,50.0,0.16055,11.0,0.16056,4.0
1753533272934,12:34:32.934,BAT/USDT:USDT,0.16034,12.0,0.1603,50.0,0.16055,11.0,0.16056,4.0
1753533273362,12:34:33.362,BAT/USDT:USDT,0.16034,12.0,0.1603,50.0,0.16055,11.0,0.16056,4.0
1753533274006,12:34:34.006,BAT/USDT:USDT,0.16034,12.0,0.1603,50.0,0.16055,11.0,0.16056,4.0
1753533274091,12:34:34.091,BAT/USDT:USDT,0.16034,12.0,0.1603,50.0,0.16055,11.0,0.16056,4.0
1753533274550,12:34:34.550,BAT/USDT:USDT,0.16034,12.0,0.1603,50.0,0.16055,11.0,0.16056,4.0
1753533274782,12:34:34.782,BAT/USDT:USDT,0.16034,12.0,0.1603,50.0,0.16055,11.0,0.16056,4.0
1753533275007,12:34:35.007,BAT/USDT:USDT,0.16034,12.0,0.1603,50.0,0.16055,11.0,0.16056,4.0
1753533275416,12:34:35.416,BAT/USDT:USDT,0.16034,12.0,0.1603,50.0,0.16055,11.0,0.16056,4.0
1753533275852,12:34:35.852,BAT/USDT:USDT,0.16034,12.0,0.1603,50.0,0.16055,11.0,0.16056,4.0
1753533276669,12:34:36.669,BAT/USDT:USDT,0.16034,12.0,0.1603,50.0,0.16055,11.0,0.16056,4.0
1753533276790,12:34:36.790,BAT/USDT:USDT,0.16034,12.0,0.1603,50.0,0.16055,11.0,0.16056,4.0
1753533277787,12:34:37.787,BAT/USDT:USDT,0.16034,12.0,0.1603,50.0,0.16055,11.0,0.16056,4.0
1753533277890,12:34:37.890,BAT/USDT:USDT,0.16034,12.0,0.1603,50.0,0.16055,11.0,0.16056,4.0
1753533278928,12:34:38.928,BAT/USDT:USDT,0.16034,12.0,0.1603,50.0,0.16055,11.0,0.16056,4.0
1753533280012,12:34:40.012,BAT/USDT:USDT,0.16034,12.0,0.1603,50.0,0.16055,11.0,0.16056,4.0
1753533280094,12:34:40.094,BAT/USDT:USDT,0.16034,12.0,0.1603,50.0,0.16055,11.0,0.16056,4.0
1753533281090,12:34:41.090,BAT/USDT:USDT,0.16034,12.0,0.1603,50.0,0.16055,11.0,0.16056,4.0
1753533281524,12:34:41.524,BAT/USDT:USDT,0.16034,12.0,0.1603,50.0,0.16055,11.0,0.16056,4.0
1753533281942,12:34:41.942,BAT/USDT:USDT,0.16034,12.0,0.1603,50.0,0.16055,11.0,0.16056,4.0
1753533282384,12:34:42.384,BAT/USDT:USDT,0.16034,12.0,0.1603,50.0,0.16055,11.0,0.16056,4.0
1753533282487,12:34:42.487,BAT/USDT:USDT,0.16034,12.0,0.1603,50.0,0.16055,11.0,0.16056,4.0
1753533282599,12:34:42.599,BAT/USDT:USDT,0.16034,12.0,0.1603,50.0,0.16055,11.0,0.16056,4.0
1753533282700,12:34:42.700,BAT/USDT:USDT,0.16034,12.0,0.1603,50.0,0.16055,11.0,0.16056,4.0
1753533282735,12:34:42.735,BAT/USDT:USDT,0.16034,12.0,0.1603,50.0,0.16055,11.0,0.16056,4.0
1753533282955,12:34:42.955,BAT/USDT:USDT,0.16034,12.0,0.1603,50.0,0.16055,11.0,0.16056,4.0
1753533283295,12:34:43.295,BAT/USDT:USDT,0.16034,12.0,0.1603,50.0,0.16055,11.0,0.16056,4.0
1753533283809,12:34:43.809,BAT/USDT:USDT,0.16034,12.0,0.1603,50.0,0.16055,11.0,0.16056,4.0
1753533283841,12:34:43.841,BAT/USDT:USDT,0.16034,12.0,0.1603,50.0,0.16055,11.0,0.16056,4.0
1753533283974,12:34:43.974,BAT/USDT:USDT,0.16034,12.0,0.1603,50.0,0.16055,11.0,0.16056,4.0
1753533284029,12:34:44.029,BAT/USDT:USDT,0.16034,12.0,0.1603,50.0,0.16055,11.0,0.16056,4.0
1753533284792,12:34:44.792,BAT/USDT:USDT,0.16034,12.0,0.16025,11.0,0.16055,11.0,0.16056,4.0
1753533284882,12:34:44.882,BAT/USDT:USDT,0.16025,11.0,0.16023,335.0,0.16055,11.0,0.16056,4.0
1753533285000,12:34:45.000,BAT/USDT:USDT,0.16025,11.0,0.16023,335.0,0.16055,11.0,0.16056,4.0
1753533285073,12:34:45.073,BAT/USDT:USDT,0.16025,11.0,0.16023,335.0,0.16055,11.0,0.16056,4.0
1753533285301,12:34:45.301,BAT/USDT:USDT,0.16025,11.0,0.16023,335.0,0.16055,11.0,0.16056,4.0
1753533285489,12:34:45.489,BAT/USDT:USDT,0.16025,11.0,0.16023,335.0,0.16055,11.0,0.16056,4.0
1753533286010,12:34:46.010,BAT/USDT:USDT,0.16025,11.0,0.16023,335.0,0.16055,11.0,0.16056,4.0
1753533286417,12:34:46.417,BAT/USDT:USDT,0.16025,11.0,0.16023,335.0,0.16055,11.0,0.16056,4.0
1753533286554,12:34:46.554,BAT/USDT:USDT,0.16025,11.0,0.16023,335.0,0.16054,12.0,0.16055,209.0
1753533286664,12:34:46.664,BAT/USDT:USDT,0.16025,11.0,0.16023,335.0,0.16054,12.0,0.16055,209.0
1753533286834,12:34:46.834,BAT/USDT:USDT,0.16025,11.0,0.16023,335.0,0.16054,12.0,0.16055,209.0
1753533287684,12:34:47.684,BAT/USDT:USDT,0.16025,11.0,0.16023,335.0,0.16054,12.0,0.16055,209.0
1753533288061,12:34:48.061,BAT/USDT:USDT,0.16025,11.0,0.16023,335.0,0.16054,12.0,0.16055,209.0
1753533288553,12:34:48.553,BAT/USDT:USDT,0.16025,11.0,0.16023,335.0,0.16054,12.0,0.16055,209.0
1753533288793,12:34:48.793,BAT/USDT:USDT,0.16025,61.0,0.16024,50.0,0.16054,12.0,0.16055,209.0
1753533288880,12:34:48.880,BAT/USDT:USDT,0.16025,61.0,0.16024,50.0,0.16054,12.0,0.16055,209.0
1753533289606,12:34:49.606,BAT/USDT:USDT,0.16025,61.0,0.16024,50.0,0.16054,12.0,0.16056,4.0
1753533289714,12:34:49.714,BAT/USDT:USDT,0.16025,61.0,0.16024,50.0,0.16054,12.0,0.16056,4.0
1753533289882,12:34:49.882,BAT/USDT:USDT,0.16025,61.0,0.16024,50.0,0.16053,11.0,0.16054,259.0
1753533289962,12:34:49.962,BAT/USDT:USDT,0.16025,61.0,0.16024,50.0,0.16053,11.0,0.16054,259.0
1753533290141,12:34:50.141,BAT/USDT:USDT,0.16025,61.0,0.16024,50.0,0.16053,11.0,0.16054,259.0
1753533290550,12:34:50.550,BAT/USDT:USDT,0.16025,61.0,0.16024,50.0,0.16053,11.0,0.16054,259.0
1753533290780,12:34:50.780,BAT/USDT:USDT,0.16025,61.0,0.16024,50.0,0.16053,11.0,0.16054,259.0
1753533291132,12:34:51.132,BAT/USDT:USDT,0.16025,61.0,0.16024,50.0,0.16053,11.0,0.16054,259.0
1753533291374,12:34:51.374,BAT/USDT:USDT,0.16025,61.0,0.16024,50.0,0.16053,11.0,0.16054,259.0
1753533291792,12:34:51.792,BAT/USDT:USDT,0.16025,61.0,0.16024,50.0,0.16053,11.0,0.16054,259.0
1753533291826,12:34:51.826,BAT/USDT:USDT,0.16025,61.0,0.16024,50.0,0.16053,11.0,0.16054,259.0
1753533292008,12:34:52.008,BAT/USDT:USDT,0.16025,61.0,0.16024,50.0,0.16053,11.0,0.16054,259.0
1753533292209,12:34:52.209,BAT/USDT:USDT,0.16025,61.0,0.16024,50.0,0.16053,11.0,0.16054,259.0
1753533292758,12:34:52.758,BAT/USDT:USDT,0.16025,61.0,0.16024,50.0,0.16053,11.0,0.16054,259.0
1753533292914,12:34:52.914,BAT/USDT:USDT,0.16025,61.0,0.16024,50.0,0.16053,11.0,0.16056,4.0
1753533293178,12:34:53.178,BAT/USDT:USDT,0.16025,61.0,0.16024,50.0,0.16052,11.0,0.16053,284.0
1753533293228,12:34:53.228,BAT/USDT:USDT,0.16025,61.0,0.16024,50.0,0.16052,11.0,0.16053,284.0
1753533293498,12:34:53.498,BAT/USDT:USDT,0.16025,61.0,0.16024,50.0,0.16052,11.0,0.16053,284.0
1753533293538,12:34:53.538,BAT/USDT:USDT,0.16025,61.0,0.16024,50.0,0.16052,11.0,0.16053,284.0
1753533293778,12:34:53.778,BAT/USDT:USDT,0.16025,61.0,0.16024,50.0,0.16052,11.0,0.16053,284.0
1753533293925,12:34:53.925,BAT/USDT:USDT,0.16025,61.0,0.16024,50.0,0.16052,11.0,0.16053,284.0
1753533294177,12:34:54.177,BAT/USDT:USDT,0.16025,61.0,0.16024,50.0,0.16052,11.0,0.16053,284.0
1753533294245,12:34:54.245,BAT/USDT:USDT,0.16026,50.0,0.16025,11.0,0.16052,11.0,0.16053,284.0
1753533294344,12:34:54.344,BAT/USDT:USDT,0.16026,50.0,0.16025,11.0,0.16052,11.0,0.16053,284.0
1753533294715,12:34:54.715,BAT/USDT:USDT,0.16026,50.0,0.16025,11.0,0.16052,11.0,0.16053,284.0
1753533294758,12:34:54.758,BAT/USDT:USDT,0.16026,50.0,0.16025,11.0,0.16052,11.0,0.16053,284.0
1753533295704,12:34:55.704,BAT/USDT:USDT,0.16026,50.0,0.16025,11.0,0.16052,11.0,0.16053,284.0
1753533295717,12:34:55.717,BAT/USDT:USDT,0.16026,50.0,0.16025,11.0,0.16052,11.0,0.16053,284.0
1753533295940,12:34:55.940,BAT/USDT:USDT,0.16026,50.0,0.16025,11.0,0.16052,11.0,0.16053,284.0
1753533296021,12:34:56.021,BAT/USDT:USDT,0.16026,50.0,0.16025,11.0,0.16052,11.0,0.16053,284.0
1753533296145,12:34:56.145,BAT/USDT:USDT,0.16026,50.0,0.16025,11.0,0.16052,11.0,0.16056,4.0
1753533296274,12:34:56.274,BAT/USDT:USDT,0.16026,50.0,0.16025,11.0,0.16052,11.0,0.16056,4.0
1753533296413,12:34:56.413,BAT/USDT:USDT,0.16029,11.0,0.16027,11.0,0.16051,11.0,0.16052,284.0
1753533296483,12:34:56.483,BAT/USDT:USDT,0.16029,11.0,0.16027,11.0,0.1605,11.0,0.16051,4.0
1753533296545,12:34:56.545,BAT/USDT:USDT,0.16027,11.0,0.16026,50.0,0.1605,11.0,0.16051,4.0
1753533296789,12:34:56.789,BAT/USDT:USDT,0.16027,11.0,0.16026,50.0,0.1605,11.0,0.16051,4.0
1753533297207,12:34:57.207,BAT/USDT:USDT,0.16027,11.0,0.16026,50.0,0.1605,11.0,0.16051,4.0
1753533297410,12:34:57.410,BAT/USDT:USDT,0.16027,11.0,0.16026,50.0,0.16051,15.0,0.16052,284.0
1753533297493,12:34:57.493,BAT/USDT:USDT,0.16027,11.0,0.16026,50.0,0.16051,4.0,0.16052,284.0
1753533297611,12:34:57.611,BAT/USDT:USDT,0.16027,11.0,0.16026,50.0,0.16051,4.0,0.16052,284.0
1753533297697,12:34:57.697,BAT/USDT:USDT,0.16028,11.0,0.16027,50.0,0.16051,4.0,0.16052,284.0
1753533297782,12:34:57.782,BAT/USDT:USDT,0.16031,11.0,0.1603,11.0,0.16051,8.0,0.16052,284.0
1753533297938,12:34:57.938,BAT/USDT:USDT,0.16027,11.0,0.16026,50.0,0.16051,8.0,0.16052,284.0
1753533298029,12:34:58.029,BAT/USDT:USDT,0.16027,11.0,0.16026,50.0,0.16051,8.0,0.16052,284.0
1753533298462,12:34:58.462,BAT/USDT:USDT,0.16027,11.0,0.16026,50.0,0.16051,8.0,0.16052,284.0
1753533298698,12:34:58.698,BAT/USDT:USDT,0.16027,11.0,0.16026,50.0,0.16051,8.0,0.16052,284.0
1753533298824,12:34:58.824,BAT/USDT:USDT,0.16027,11.0,0.16026,50.0,0.16051,19.0,0.16052,284.0
1753533299084,12:34:59.084,BAT/USDT:USDT,0.16027,11.0,0.16026,50.0,0.16051,19.0,0.16052,284.0
1753533299210,12:34:59.210,BAT/USDT:USDT,0.16027,11.0,0.16026,50.0,0.16051,8.0,0.16052,284.0
1753533299250,12:34:59.250,BAT/USDT:USDT,0.16027,11.0,0.16026,50.0,0.16051,8.0,0.16052,284.0
1753533299415,12:34:59.415,BAT/USDT:USDT,0.16027,11.0,0.16026,50.0,0.16051,8.0,0.16055,11.0
1753533299416,12:34:59.416,BAT/USDT:USDT,0.16027,11.0,0.16026,50.0,0.16051,8.0,0.16055,11.0
1753533299704,12:34:59.704,BAT/USDT:USDT,0.16027,11.0,0.16026,50.0,0.16051,292.0,0.16055,11.0
1753533300082,12:35:00.082,BAT/USDT:USDT,0.16027,11.0,0.16026,50.0,0.16051,292.0,0.16055,11.0
1753533300301,12:35:00.301,BAT/USDT:USDT,0.16027,11.0,0.16026,50.0,0.1605,12.0,0.16051,292.0
1753533300504,12:35:00.504,BAT/USDT:USDT,0.16027,11.0,0.16026,50.0,0.1605,12.0,0.16051,292.0
1753533300660,12:35:00.660,BAT/USDT:USDT,0.16027,11.0,0.16026,50.0,0.1605,12.0,0.16051,292.0
1753533300927,12:35:00.927,BAT/USDT:USDT,0.16027,11.0,0.16026,50.0,0.1605,12.0,0.16051,292.0
1753533301758,12:35:01.758,BAT/USDT:USDT,0.16027,11.0,0.16026,50.0,0.1605,12.0,0.16051,292.0
1753533302705,12:35:02.705,BAT/USDT:USDT,0.16027,11.0,0.16026,50.0,0.1605,12.0,0.16051,8.0
1753533302740,12:35:02.740,BAT/USDT:USDT,0.16027,11.0,0.16026,50.0,0.1605,12.0,0.16051,8.0
1753533303011,12:35:03.011,BAT/USDT:USDT,0.16027,11.0,0.16026,50.0,0.1605,264.0,0.16051,8.0
1753533303044,12:35:03.044,BAT/USDT:USDT,0.16027,11.0,0.16026,50.0,0.1605,252.0,0.16051,8.0
1753533303396,12:35:03.396,BAT/USDT:USDT,0.16027,11.0,0.16026,50.0,0.1605,252.0,0.16051,8.0
1753533303696,12:35:03.696,BAT/USDT:USDT,0.16027,11.0,0.16026,50.0,0.1605,252.0,0.16051,8.0
1753533303991,12:35:03.991,BAT/USDT:USDT,0.16027,11.0,0.16026,50.0,0.1605,252.0,0.16051,8.0
1753533304479,12:35:04.479,BAT/USDT:USDT,0.16027,11.0,0.16026,50.0,0.1605,252.0,0.16051,8.0
1753533304877,12:35:04.877,BAT/USDT:USDT,0.16027,11.0,0.16026,50.0,0.1605,252.0,0.16051,8.0
1753533305833,12:35:05.833,BAT/USDT:USDT,0.16027,11.0,0.16026,50.0,0.1605,252.0,0.16051,8.0
1753533306015,12:35:06.015,BAT/USDT:USDT,0.16027,11.0,0.16026,50.0,0.16051,8.0,0.16055,11.0
1753533306212,12:35:06.212,BAT/USDT:USDT,0.16027,11.0,0.16026,50.0,0.1605,252.0,0.16051,8.0
1753533306215,12:35:06.215,BAT/USDT:USDT,0.16027,11.0,0.16026,50.0,0.1605,252.0,0.16051,8.0
1753533307059,12:35:07.059,BAT/USDT:USDT,0.16027,11.0,0.16026,50.0,0.1605,252.0,0.16051,8.0
1753533309080,12:35:09.080,BAT/USDT:USDT,0.16027,11.0,0.16026,50.0,0.1605,252.0,0.16051,8.0
1753533309214,12:35:09.214,BAT/USDT:USDT,0.16027,11.0,0.16026,50.0,0.16051,8.0,0.16055,11.0
1753533309238,12:35:09.238,BAT/USDT:USDT,0.16027,11.0,0.16026,50.0,0.16051,8.0,0.16055,11.0
1753533309334,12:35:09.334,BAT/USDT:USDT,0.16027,11.0,0.16026,50.0,0.16051,260.0,0.16055,11.0
1753533309899,12:35:09.899,BAT/USDT:USDT,0.16027,11.0,0.16026,50.0,0.16051,260.0,0.16055,11.0
1753533310614,12:35:10.614,BAT/USDT:USDT,0.16027,11.0,0.16026,50.0,0.16051,260.0,0.16055,11.0
1753533310615,12:35:10.615,BAT/USDT:USDT,0.16027,11.0,0.16026,50.0,0.1605,12.0,0.16051,260.0
1753533310722,12:35:10.722,BAT/USDT:USDT,0.16027,11.0,0.16026,50.0,0.1605,12.0,0.16051,260.0
1753533310816,12:35:10.816,BAT/USDT:USDT,0.16027,11.0,0.16026,50.0,0.16051,260.0,0.16055,11.0
1753533311344,12:35:11.344,BAT/USDT:USDT,0.16027,11.0,0.16026,50.0,0.16051,260.0,0.16055,11.0
1753533312338,12:35:12.338,BAT/USDT:USDT,0.16027,11.0,0.16026,50.0,0.16051,8.0,0.16055,11.0
1753533312488,12:35:12.488,BAT/USDT:USDT,0.16027,11.0,0.16026,50.0,0.1605,12.0,0.16051,260.0
1753533312761,12:35:12.761,BAT/USDT:USDT,0.16027,11.0,0.16026,50.0,0.1605,12.0,0.16051,260.0
1753533313500,12:35:13.500,BAT/USDT:USDT,0.16027,11.0,0.16026,50.0,0.1605,12.0,0.16051,260.0
1753533313578,12:35:13.578,BAT/USDT:USDT,0.16027,11.0,0.16026,50.0,0.1605,12.0,0.16051,260.0
1753533313994,12:35:13.994,BAT/USDT:USDT,0.16027,11.0,0.16026,50.0,0.1605,12.0,0.16051,260.0
1753533314525,12:35:14.525,BAT/USDT:USDT,0.16027,11.0,0.16026,50.0,0.1605,12.0,0.16051,260.0
1753533314812,12:35:14.812,BAT/USDT:USDT,0.16027,11.0,0.16026,50.0,0.1605,12.0,0.16051,260.0
1753533315461,12:35:15.461,BAT/USDT:USDT,0.16027,11.0,0.16026,50.0,0.1605,12.0,0.16051,8.0
1753533315611,12:35:15.611,BAT/USDT:USDT,0.16027,12.0,0.16023,385.0,0.16049,12.0,0.1605,252.0
1753533315664,12:35:15.664,BAT/USDT:USDT,0.16027,12.0,0.16023,385.0,0.16049,12.0,0.1605,252.0
1753533315914,12:35:15.914,BAT/USDT:USDT,0.16027,12.0,0.16023,385.0,0.16049,12.0,0.1605,252.0
1753533315918,12:35:15.918,BAT/USDT:USDT,0.16027,12.0,0.16023,385.0,0.16049,12.0,0.1605,252.0
1753533316053,12:35:16.053,BAT/USDT:USDT,0.16027,12.0,0.16023,385.0,0.16049,12.0,0.1605,252.0
1753533316470,12:35:16.470,BAT/USDT:USDT,0.16027,12.0,0.16023,385.0,0.16049,12.0,0.1605,252.0
1753533316876,12:35:16.876,BAT/USDT:USDT,0.16027,12.0,0.16023,385.0,0.16049,12.0,0.1605,252.0
1753533317474,12:35:17.474,BAT/USDT:USDT,0.16027,12.0,0.16023,385.0,0.16049,12.0,0.1605,252.0
1753533317859,12:35:17.859,BAT/USDT:USDT,0.16027,12.0,0.16023,385.0,0.16049,12.0,0.1605,252.0
1753533318580,12:35:18.580,BAT/USDT:USDT,0.16027,12.0,0.16023,385.0,0.16049,12.0,0.16051,8.0
1753533318698,12:35:18.698,BAT/USDT:USDT,0.16027,12.0,0.16023,385.0,0.16048,12.0,0.16049,252.0
1753533318767,12:35:18.767,BAT/USDT:USDT,0.16027,12.0,0.16023,385.0,0.16048,12.0,0.16049,252.0
1753533318903,12:35:18.903,BAT/USDT:USDT,0.16027,12.0,0.16023,385.0,0.16048,12.0,0.16049,252.0
1753533319997,12:35:19.997,BAT/USDT:USDT,0.16027,12.0,0.16023,385.0,0.16048,12.0,0.16049,252.0
1753533320208,12:35:20.208,BAT/USDT:USDT,0.16027,12.0,0.16023,385.0,0.16048,12.0,0.16049,252.0
1753533320428,12:35:20.428,BAT/USDT:USDT,0.16027,12.0,0.16023,385.0,0.16048,12.0,0.16049,252.0
1753533321700,12:35:21.700,BAT/USDT:USDT,0.16027,12.0,0.16023,385.0,0.16048,12.0,0.16051,8.0
1753533321760,12:35:21.760,BAT/USDT:USDT,0.16027,12.0,0.16023,385.0,0.16048,12.0,0.16051,8.0
1753533321820,12:35:21.820,BAT/USDT:USDT,0.16027,12.0,0.16023,385.0,0.16047,11.0,0.16048,252.0
1753533321977,12:35:21.977,BAT/USDT:USDT,0.16027,12.0,0.16023,385.0,0.16047,11.0,0.16048,252.0
1753533322102,12:35:22.102,BAT/USDT:USDT,0.16027,12.0,0.16023,385.0,0.16047,11.0,0.16048,252.0
1753533322172,12:35:22.172,BAT/USDT:USDT,0.16027,12.0,0.16023,385.0,0.16047,11.0,0.16048,252.0
1753533322239,12:35:22.239,BAT/USDT:USDT,0.16027,12.0,0.16023,385.0,0.16047,11.0,0.16048,252.0
1753533322407,12:35:22.407,BAT/USDT:USDT,0.16027,12.0,0.16023,385.0,0.16047,11.0,0.16048,252.0
1753533323408,12:35:23.408,BAT/USDT:USDT,0.16027,12.0,0.16023,385.0,0.16047,11.0,0.16048,252.0
1753533323787,12:35:23.787,BAT/USDT:USDT,0.16027,12.0,0.16023,385.0,0.16047,11.0,0.16048,252.0
1753533324039,12:35:24.039,BAT/USDT:USDT,0.16027,12.0,0.16023,385.0,0.16047,11.0,0.16048,252.0
1753533324328,12:35:24.328,BAT/USDT:USDT,0.16027,12.0,0.16023,385.0,0.16047,11.0,0.16048,252.0
1753533324839,12:35:24.839,BAT/USDT:USDT,0.16027,12.0,0.16023,385.0,0.16047,11.0,0.16051,4.0
1753533325008,12:35:25.008,BAT/USDT:USDT,0.16027,12.0,0.16023,385.0,0.16044,11.0,0.16045,5.0
1753533325020,12:35:25.020,BAT/USDT:USDT,0.16035,24.0,0.16027,12.0,0.16044,11.0,0.16045,5.0
1753533325380,12:35:25.380,BAT/USDT:USDT,0.16035,24.0,0.16027,12.0,0.16044,11.0,0.16045,5.0
1753533325424,12:35:25.424,BAT/USDT:USDT,0.16035,24.0,0.16027,12.0,0.16044,11.0,0.16045,5.0
1753533326328,12:35:26.328,BAT/USDT:USDT,0.16035,24.0,0.16027,12.0,0.16045,16.0,0.16046,5.0
1753533326528,12:35:26.528,BAT/USDT:USDT,0.16035,24.0,0.16027,12.0,0.16045,16.0,0.16046,5.0
1753533326648,12:35:26.648,BAT/USDT:USDT,0.16035,24.0,0.16027,12.0,0.16045,16.0,0.16046,5.0
1753533327152,12:35:27.152,BAT/USDT:USDT,0.16035,24.0,0.16027,12.0,0.16044,11.0,0.16045,5.0
1753533327475,12:35:27.475,BAT/USDT:USDT,0.16035,24.0,0.16027,12.0,0.16044,11.0,0.16045,5.0
1753533327530,12:35:27.530,BAT/USDT:USDT,0.16035,24.0,0.16027,12.0,0.16044,11.0,0.16045,5.0
1753533327886,12:35:27.886,BAT/USDT:USDT,0.16035,24.0,0.16027,12.0,0.16044,11.0,0.16045,5.0
1753533328004,12:35:28.004,BAT/USDT:USDT,0.16035,24.0,0.16027,12.0,0.16084,1845.0,0.16085,186.0
1753533328097,12:35:28.097,BAT/USDT:USDT,0.16035,24.0,0.16027,12.0,0.16044,257.0,0.16046,16.0
1753533328139,12:35:28.139,BAT/USDT:USDT,0.16027,12.0,0.16023,385.0,0.16044,257.0,0.16046,16.0
1753533328303,12:35:28.303,BAT/USDT:USDT,0.16027,12.0,0.16023,385.0,0.16044,257.0,0.16046,16.0
1753533328412,12:35:28.412,BAT/USDT:USDT,0.16027,12.0,0.16023,385.0,0.16044,257.0,0.16046,16.0
1753533328441,12:35:28.441,BAT/USDT:USDT,0.16027,12.0,0.16023,385.0,0.16044,257.0,0.16046,16.0
1753533328700,12:35:28.700,BAT/USDT:USDT,0.16027,12.0,0.16023,385.0,0.16044,257.0,0.16046,16.0
1753533328744,12:35:28.744,BAT/USDT:USDT,0.16027,12.0,0.16023,385.0,0.16044,257.0,0.16046,16.0
1753533328884,12:35:28.884,BAT/USDT:USDT,0.16027,12.0,0.16023,385.0,0.16043,17.0,0.16044,257.0
1753533328928,12:35:28.928,BAT/USDT:USDT,0.16027,12.0,0.16023,385.0,0.16043,17.0,0.16044,257.0
1753533329042,12:35:29.042,BAT/USDT:USDT,0.16027,12.0,0.16023,385.0,0.16043,17.0,0.16044,257.0
1753533329182,12:35:29.182,BAT/USDT:USDT,0.16027,12.0,0.16023,385.0,0.16042,12.0,0.16043,17.0
1753533329230,12:35:29.230,BAT/USDT:USDT,0.16027,12.0,0.16023,385.0,0.16042,12.0,0.16043,17.0
1753533329334,12:35:29.334,BAT/USDT:USDT,0.16027,12.0,0.16023,385.0,0.16042,12.0,0.16043,5.0
1753533329506,12:35:29.506,BAT/USDT:USDT,0.16027,12.0,0.16023,385.0,0.16043,17.0,0.16044,257.0
1753533329626,12:35:29.626,BAT/USDT:USDT,0.16027,12.0,0.16023,385.0,0.16042,12.0,0.16043,17.0
1753533329778,12:35:29.778,BAT/USDT:USDT,0.16027,12.0,0.16023,385.0,0.16042,12.0,0.16043,5.0
1753533329959,12:35:29.959,BAT/USDT:USDT,0.16027,12.0,0.16023,385.0,0.16042,12.0,0.16043,5.0
1753533330196,12:35:30.196,BAT/USDT:USDT,0.16027,12.0,0.16023,385.0,0.16042,12.0,0.16043,5.0
1753533330910,12:35:30.910,BAT/USDT:USDT,0.16027,12.0,0.16023,385.0,0.16042,12.0,0.16043,5.0
1753533331067,12:35:31.067,BAT/USDT:USDT,0.16027,12.0,0.16023,385.0,0.16042,12.0,0.16043,5.0
1753533331186,12:35:31.186,BAT/USDT:USDT,0.16027,12.0,0.16023,385.0,0.16042,264.0,0.16043,5.0
1753533332188,12:35:32.188,BAT/USDT:USDT,0.16027,12.0,0.16023,385.0,0.16042,264.0,0.16043,5.0
1753533332584,12:35:32.584,BAT/USDT:USDT,0.16027,12.0,0.16023,385.0,0.16042,252.0,0.16043,5.0
1753533332698,12:35:32.698,BAT/USDT:USDT,0.16027,12.0,0.16023,385.0,0.16042,252.0,0.16043,5.0
1753533333086,12:35:33.086,BAT/USDT:USDT,0.16027,12.0,0.16023,385.0,0.16042,252.0,0.16043,5.0
1753533334184,12:35:34.184,BAT/USDT:USDT,0.16027,12.0,0.16023,385.0,0.16043,5.0,0.16044,5.0
1753533334302,12:35:34.302,BAT/USDT:USDT,0.16027,12.0,0.16023,385.0,0.16043,257.0,0.16044,5.0
1753533334411,12:35:34.411,BAT/USDT:USDT,0.16027,12.0,0.16023,385.0,0.16043,257.0,0.16044,5.0
1753533334415,12:35:34.415,BAT/USDT:USDT,0.16027,12.0,0.16023,385.0,0.16043,257.0,0.16044,5.0
1753533335007,12:35:35.007,BAT/USDT:USDT,0.16027,12.0,0.16023,385.0,0.16043,257.0,0.16044,5.0
1753533335280,12:35:35.280,BAT/USDT:USDT,0.16027,12.0,0.16023,385.0,0.16043,257.0,0.16044,5.0
1753533335643,12:35:35.643,BAT/USDT:USDT,0.16027,12.0,0.16023,385.0,0.16043,257.0,0.16044,5.0
1753533336285,12:35:36.285,BAT/USDT:USDT,0.16027,12.0,0.16023,385.0,0.16043,257.0,0.16044,5.0
1753533337311,12:35:37.311,BAT/USDT:USDT,0.16027,12.0,0.16023,385.0,0.16043,17.0,0.16044,5.0
1753533337392,12:35:37.392,BAT/USDT:USDT,0.16027,12.0,0.16023,385.0,0.16043,17.0,0.16044,5.0
1753533337438,12:35:37.438,BAT/USDT:USDT,0.16027,12.0,0.16023,385.0,0.16043,269.0,0.16044,5.0
1753533337666,12:35:37.666,BAT/USDT:USDT,0.16027,12.0,0.16023,385.0,0.16043,269.0,0.16044,5.0
1753533338283,12:35:38.283,BAT/USDT:USDT,0.16027,12.0,0.16023,385.0,0.16043,257.0,0.16044,5.0
1753533339598,12:35:39.598,BAT/USDT:USDT,0.16027,12.0,0.16023,385.0,0.16043,257.0,0.16044,5.0
1753533339709,12:35:39.709,BAT/USDT:USDT,0.16027,12.0,0.16023,385.0,0.16043,257.0,0.16044,5.0
1753533341085,12:35:41.085,BAT/USDT:USDT,0.16027,12.0,0.16023,385.0,0.16043,257.0,0.16044,5.0
1753533342499,12:35:42.499,BAT/USDT:USDT,0.16027,12.0,0.16023,385.0,0.16043,257.0,0.16044,5.0
1753533342594,12:35:42.594,BAT/USDT:USDT,0.16027,12.0,0.16023,385.0,0.16043,257.0,0.16044,5.0
1753533342696,12:35:42.696,BAT/USDT:USDT,0.16027,12.0,0.16025,324.0,0.16043,257.0,0.16044,5.0
1753533342719,12:35:42.719,BAT/USDT:USDT,0.16027,12.0,0.16025,336.0,0.16043,257.0,0.16044,5.0
1753533343169,12:35:43.169,BAT/USDT:USDT,0.16027,12.0,0.16025,336.0,0.16043,257.0,0.16044,5.0
1753533343701,12:35:43.701,BAT/USDT:USDT,0.16027,12.0,0.16025,336.0,0.16043,257.0,0.16044,5.0
1753533343966,12:35:43.966,BAT/USDT:USDT,0.16027,12.0,0.16025,336.0,0.16043,257.0,0.16044,5.0
1753533344486,12:35:44.486,BAT/USDT:USDT,0.16027,12.0,0.16025,336.0,0.16043,5.0,0.16044,5.0
1753533344664,12:35:44.664,BAT/USDT:USDT,0.16027,12.0,0.16025,336.0,0.16043,257.0,0.16044,5.0
1753533344825,12:35:44.825,BAT/USDT:USDT,0.16027,12.0,0.16025,336.0,0.16043,257.0,0.16044,5.0
1753533345386,12:35:45.386,BAT/USDT:USDT,0.16027,12.0,0.16025,336.0,0.16043,257.0,0.16044,5.0
1753533346150,12:35:46.150,BAT/USDT:USDT,0.16027,12.0,0.16025,336.0,0.16043,257.0,0.16044,5.0
1753533347659,12:35:47.659,BAT/USDT:USDT,0.16027,12.0,0.16025,336.0,0.16043,5.0,0.16044,5.0
1753533347844,12:35:47.844,BAT/USDT:USDT,0.16027,12.0,0.16025,336.0,0.16043,257.0,0.16044,5.0
1753533348023,12:35:48.023,BAT/USDT:USDT,0.16027,12.0,0.16025,336.0,0.16043,257.0,0.16044,5.0
1753533348215,12:35:48.215,BAT/USDT:USDT,0.16027,12.0,0.16025,336.0,0.16043,257.0,0.16044,5.0
1753533348215,12:35:48.215,BAT/USDT:USDT,0.16027,12.0,0.16025,336.0,0.16043,257.0,0.16044,5.0
1753533350488,12:35:50.488,BAT/USDT:USDT,0.16027,12.0,0.16025,336.0,0.16043,257.0,0.16044,5.0
1753533350832,12:35:50.832,BAT/USDT:USDT,0.16027,12.0,0.16025,336.0,0.16043,5.0,0.16044,5.0
1753533351048,12:35:51.048,BAT/USDT:USDT,0.16027,12.0,0.16025,336.0,0.16043,257.0,0.16044,5.0
1753533351482,12:35:51.482,BAT/USDT:USDT,0.16027,12.0,0.16025,336.0,0.16043,257.0,0.16044,5.0
1753533352507,12:35:52.507,BAT/USDT:USDT,0.16033,187.0,0.16032,12.0,0.16078,198.0,0.16103,12.0
1753533352607,12:35:52.607,BAT/USDT:USDT,0.16033,187.0,0.16032,12.0,0.16077,12.0,0.16078,193.0
1753533352686,12:35:52.686,BAT/USDT:USDT,0.16033,187.0,0.16027,12.0,0.16077,12.0,0.16078,193.0
1753533352810,12:35:52.810,BAT/USDT:USDT,0.16033,187.0,0.16027,12.0,0.16077,12.0,0.16078,193.0
1753533352827,12:35:52.827,BAT/USDT:USDT,0.16033,187.0,0.16027,12.0,0.16077,12.0,0.16078,193.0
1753533353136,12:35:53.136,BAT/USDT:USDT,0.16033,187.0,0.16027,12.0,0.16077,12.0,0.16078,193.0
1753533353486,12:35:53.486,BAT/USDT:USDT,0.16033,187.0,0.16027,12.0,0.16077,12.0,0.16078,193.0
1753533353571,12:35:53.571,BAT/USDT:USDT,0.16033,187.0,0.16027,12.0,0.16077,12.0,0.16078,186.0
1753533353700,12:35:53.700,BAT/USDT:USDT,0.16033,187.0,0.16027,12.0,0.16077,12.0,0.16078,186.0
1753533353738,12:35:53.738,BAT/USDT:USDT,0.16033,187.0,0.16027,12.0,0.16077,12.0,0.16078,186.0
1753533353877,12:35:53.877,BAT/USDT:USDT,0.16033,187.0,0.16032,156.0,0.16077,12.0,0.16078,186.0
1753533353978,12:35:53.978,BAT/USDT:USDT,0.16033,187.0,0.16032,156.0,0.16077,12.0,0.16078,186.0
1753533354076,12:35:54.076,BAT/USDT:USDT,0.16033,187.0,0.16032,156.0,0.16077,12.0,0.16078,186.0
1753533354174,12:35:54.174,BAT/USDT:USDT,0.16033,187.0,0.16032,156.0,0.16077,12.0,0.16078,186.0
1753533354229,12:35:54.229,BAT/USDT:USDT,0.16033,187.0,0.16032,156.0,0.16077,12.0,0.16078,186.0
1753533354415,12:35:54.415,BAT/USDT:USDT,0.16033,187.0,0.16032,156.0,0.16077,12.0,0.16078,186.0
1753533354426,12:35:54.426,BAT/USDT:USDT,0.16033,187.0,0.16032,156.0,0.16077,12.0,0.16078,186.0
1753533354577,12:35:54.577,BAT/USDT:USDT,0.16033,187.0,0.16032,156.0,0.16077,12.0,0.16078,186.0
1753533354617,12:35:54.617,BAT/USDT:USDT,0.16033,187.0,0.16032,156.0,0.16077,12.0,0.16078,186.0
1753533354898,12:35:54.898,BAT/USDT:USDT,0.16037,30.0,0.16036,30.0,0.16076,12.0,0.16077,1.0
1753533354977,12:35:54.977,BAT/USDT:USDT,0.16041,30.0,0.16035,12.0,0.16076,12.0,0.16077,1.0
1753533355036,12:35:55.036,BAT/USDT:USDT,0.16041,30.0,0.16035,12.0,0.16076,12.0,0.16078,186.0
1753533355276,12:35:55.276,BAT/USDT:USDT,0.16041,30.0,0.16035,12.0,0.16076,12.0,0.16078,186.0
1753533355739,12:35:55.739,BAT/USDT:USDT,0.16041,30.0,0.16035,12.0,0.16075,12.0,0.16076,1.0
1753533355833,12:35:55.833,BAT/USDT:USDT,0.16041,30.0,0.16035,12.0,0.16075,12.0,0.16078,186.0
1753533356108,12:35:56.108,BAT/USDT:USDT,0.16041,30.0,0.16035,12.0,0.16075,12.0,0.16078,186.0
1753533356931,12:35:56.931,BAT/USDT:USDT,0.16041,30.0,0.16035,12.0,0.16075,12.0,0.16078,186.0
1753533357062,12:35:57.062,BAT/USDT:USDT,0.16041,30.0,0.16035,12.0,0.16075,12.0,0.16078,186.0
1753533358162,12:35:58.162,BAT/USDT:USDT,0.16041,30.0,0.16035,12.0,0.16075,12.0,0.16078,186.0
1753533358612,12:35:58.612,BAT/USDT:USDT,0.16041,30.0,0.16035,12.0,0.16075,12.0,0.16078,186.0
1753533358688,12:35:58.688,BAT/USDT:USDT,0.16041,30.0,0.16035,12.0,0.16075,12.0,0.16078,186.0
1753533358951,12:35:58.951,BAT/USDT:USDT,0.16041,30.0,0.16035,12.0,0.16075,12.0,0.16078,186.0
1753533359040,12:35:59.040,BAT/USDT:USDT,0.16041,30.0,0.16035,12.0,0.16075,12.0,0.16078,186.0
1753533359257,12:35:59.257,BAT/USDT:USDT,0.16041,30.0,0.16035,12.0,0.16075,12.0,0.16078,186.0
1753533359794,12:35:59.794,BAT/USDT:USDT,0.16041,30.0,0.16035,12.0,0.16075,12.0,0.16078,186.0
1753533361003,12:36:01.003,BAT/USDT:USDT,0.16042,30.0,0.16041,80.0,0.16074,62.0,0.16075,12.0
1753533361102,12:36:01.102,BAT/USDT:USDT,0.16048,30.0,0.16045,62.0,0.16073,17.0,0.16074,50.0
1753533361158,12:36:01.158,BAT/USDT:USDT,0.1605,30.0,0.16047,12.0,0.16071,12.0,0.16072,5.0
1753533361406,12:36:01.406,BAT/USDT:USDT,0.1605,30.0,0.16047,12.0,0.16071,12.0,0.16072,5.0
1753533361443,12:36:01.443,BAT/USDT:USDT,0.1605,30.0,0.16047,12.0,0.16071,12.0,0.16072,5.0
1753533361860,12:36:01.860,BAT/USDT:USDT,0.1605,30.0,0.16047,12.0,0.16071,12.0,0.16072,5.0
1753533361957,12:36:01.957,BAT/USDT:USDT,0.1605,30.0,0.16047,12.0,0.16071,12.0,0.16072,5.0
1753533362122,12:36:02.122,BAT/USDT:USDT,0.1605,30.0,0.16047,12.0,0.16071,12.0,0.16072,5.0
1753533362277,12:36:02.277,BAT/USDT:USDT,0.1605,30.0,0.16047,12.0,0.16071,12.0,0.16072,5.0
1753533362958,12:36:02.958,BAT/USDT:USDT,0.1605,30.0,0.16047,12.0,0.16071,12.0,0.16072,5.0
1753533363251,12:36:03.251,BAT/USDT:USDT,0.1605,30.0,0.16047,12.0,0.16071,12.0,0.16072,5.0
1753533363554,12:36:03.554,BAT/USDT:USDT,0.1605,30.0,0.16045,12.0,0.16071,12.0,0.16072,5.0
1753533363903,12:36:03.903,BAT/USDT:USDT,0.1605,30.0,0.16045,12.0,0.16071,12.0,0.16072,5.0
1753533363946,12:36:03.946,BAT/USDT:USDT,0.1605,30.0,0.16045,12.0,0.16071,12.0,0.16072,5.0
1753533364101,12:36:04.101,BAT/USDT:USDT,0.1605,30.0,0.16045,12.0,0.16071,12.0,0.16072,5.0
1753533365122,12:36:05.122,BAT/USDT:USDT,0.1605,30.0,0.16045,12.0,0.16071,12.0,0.16072,5.0
1753533367147,12:36:07.147,BAT/USDT:USDT,0.1605,30.0,0.16045,12.0,0.16071,12.0,0.16072,5.0
1753533369047,12:36:09.047,BAT/USDT:USDT,0.1605,30.0,0.16045,12.0,0.16071,12.0,0.16072,5.0
1753533369185,12:36:09.185,BAT/USDT:USDT,0.1605,30.0,0.16045,12.0,0.16071,12.0,0.16072,5.0
1753533369898,12:36:09.898,BAT/USDT:USDT,0.1605,30.0,0.16045,12.0,0.16071,12.0,0.16072,5.0
1753533370029,12:36:10.029,BAT/USDT:USDT,0.1605,30.0,0.16045,12.0,0.16071,12.0,0.16072,5.0
1753533370333,12:36:10.333,BAT/USDT:USDT,0.1605,30.0,0.16045,12.0,0.16071,12.0,0.16072,5.0
1753533370857,12:36:10.857,BAT/USDT:USDT,0.1605,30.0,0.16045,12.0,0.16071,12.0,0.16072,5.0
1753533371856,12:36:11.856,BAT/USDT:USDT,0.1605,30.0,0.16045,12.0,0.16071,12.0,0.16072,5.0
1753533372888,12:36:12.888,BAT/USDT:USDT,0.1605,30.0,0.16045,12.0,0.16071,12.0,0.16072,5.0
1753533374903,12:36:14.903,BAT/USDT:USDT,0.1605,30.0,0.16045,12.0,0.16071,12.0,0.16072,5.0
1753533375612,12:36:15.612,BAT/USDT:USDT,0.16054,12.0,0.16053,12.0,0.16071,12.0,0.16072,5.0
1753533375739,12:36:15.739,BAT/USDT:USDT,0.16045,12.0,0.16036,50.0,0.16071,12.0,0.16072,5.0
1753533376147,12:36:16.147,BAT/USDT:USDT,0.16045,12.0,0.16036,50.0,0.16071,12.0,0.16072,5.0
1753533376959,12:36:16.959,BAT/USDT:USDT,0.16045,12.0,0.16036,50.0,0.16071,12.0,0.16072,5.0
1753533380206,12:36:20.206,BAT/USDT:USDT,0.16045,12.0,0.16036,50.0,0.16071,12.0,0.16072,5.0
1753533381207,12:36:21.207,BAT/USDT:USDT,0.16046,30.0,0.16045,12.0,0.16071,12.0,0.16072,5.0
1753533381299,12:36:21.299,BAT/USDT:USDT,0.16047,11.0,0.16045,12.0,0.16071,12.0,0.16072,5.0
1753533381370,12:36:21.370,BAT/USDT:USDT,0.16045,12.0,0.16036,50.0,0.16071,12.0,0.16072,5.0
1753533381479,12:36:21.479,BAT/USDT:USDT,0.16045,12.0,0.16043,167.0,0.16071,12.0,0.16072,5.0
1753533381740,12:36:21.740,BAT/USDT:USDT,0.16045,12.0,0.16043,167.0,0.16071,12.0,0.16072,5.0
1753533382210,12:36:22.210,BAT/USDT:USDT,0.16045,12.0,0.16043,167.0,0.16071,12.0,0.16072,5.0
1753533382635,12:36:22.635,BAT/USDT:USDT,0.16045,12.0,0.16043,167.0,0.16071,12.0,0.16072,5.0
1753533382996,12:36:22.996,BAT/USDT:USDT,0.16045,12.0,0.16043,167.0,0.16071,12.0,0.16072,5.0
1753533383067,12:36:23.067,BAT/USDT:USDT,0.16045,12.0,0.16043,167.0,0.16071,12.0,0.16072,5.0
1753533383259,12:36:23.259,BAT/USDT:USDT,0.16045,12.0,0.16043,167.0,0.16071,12.0,0.16072,5.0
1753533383498,12:36:23.498,BAT/USDT:USDT,0.16045,12.0,0.16043,167.0,0.16071,12.0,0.16072,5.0
1753533383714,12:36:23.714,BAT/USDT:USDT,0.16045,12.0,0.16043,167.0,0.16071,12.0,0.16072,5.0
1753533383721,12:36:23.721,BAT/USDT:USDT,0.16045,12.0,0.16043,167.0,0.16071,12.0,0.16072,5.0
1753533383902,12:36:23.902,BAT/USDT:USDT,0.16045,12.0,0.16043,167.0,0.16071,12.0,0.16072,5.0
1753533385170,12:36:25.170,BAT/USDT:USDT,0.16045,12.0,0.16043,167.0,0.16071,12.0,0.16072,5.0
1753533385923,12:36:25.923,BAT/USDT:USDT,0.16045,12.0,0.16043,167.0,0.16071,12.0,0.16072,5.0
1753533386598,12:36:26.598,BAT/USDT:USDT,0.16052,41.0,0.16051,30.0,0.16071,12.0,0.16072,5.0
1753533386699,12:36:26.699,BAT/USDT:USDT,0.16058,41.0,0.16057,41.0,0.16071,12.0,0.16072,5.0
1753533386789,12:36:26.789,BAT/USDT:USDT,0.16061,11.0,0.16059,11.0,0.16071,12.0,0.16072,5.0
1753533386915,12:36:26.915,BAT/USDT:USDT,0.16059,11.0,0.16057,11.0,0.16071,12.0,0.16072,5.0
1753533386961,12:36:26.961,BAT/USDT:USDT,0.16045,12.0,0.16043,167.0,0.16071,12.0,0.16072,5.0
1753533387050,12:36:27.050,BAT/USDT:USDT,0.16045,12.0,0.16043,167.0,0.16071,12.0,0.16072,5.0
1753533387157,12:36:27.157,BAT/USDT:USDT,0.16045,12.0,0.16043,167.0,0.16071,12.0,0.16072,5.0
1753533387392,12:36:27.392,BAT/USDT:USDT,0.16045,12.0,0.16043,167.0,0.16071,12.0,0.16072,5.0
1753533387699,12:36:27.699,BAT/USDT:USDT,0.16045,12.0,0.16043,167.0,0.16071,12.0,0.16072,5.0
1753533387980,12:36:27.980,BAT/USDT:USDT,0.16045,12.0,0.16043,167.0,0.16071,12.0,0.16072,5.0
1753533388670,12:36:28.670,BAT/USDT:USDT,0.16045,12.0,0.16043,167.0,0.16071,12.0,0.16072,5.0
1753533389462,12:36:29.462,BAT/USDT:USDT,0.16045,12.0,0.16043,167.0,0.16071,12.0,0.16072,5.0
1753533389671,12:36:29.671,BAT/USDT:USDT,0.16045,12.0,0.16043,167.0,0.16071,12.0,0.16072,5.0
1753533390495,12:36:30.495,BAT/USDT:USDT,0.16045,12.0,0.16043,167.0,0.16071,12.0,0.16072,5.0
1753533390518,12:36:30.518,BAT/USDT:USDT,0.16045,12.0,0.16043,167.0,0.16071,12.0,0.16072,5.0
1753533390645,12:36:30.645,BAT/USDT:USDT,0.16045,12.0,0.16043,167.0,0.16071,12.0,0.16072,5.0
1753533391208,12:36:31.208,BAT/USDT:USDT,0.16045,12.0,0.16043,167.0,0.16071,12.0,0.16072,5.0
1753533391638,12:36:31.638,BAT/USDT:USDT,0.16045,12.0,0.16043,167.0,0.16071,12.0,0.16072,5.0
1753533392025,12:36:32.025,BAT/USDT:USDT,0.16045,12.0,0.16043,167.0,0.16071,12.0,0.16072,5.0
1753533392648,12:36:32.648,BAT/USDT:USDT,0.16045,12.0,0.16043,167.0,0.16071,12.0,0.16072,5.0
1753533393804,12:36:33.804,BAT/USDT:USDT,0.16045,12.0,0.16043,167.0,0.16071,12.0,0.16072,5.0
1753533394050,12:36:34.050,BAT/USDT:USDT,0.16045,12.0,0.16043,167.0,0.16071,12.0,0.16072,5.0
1753533394869,12:36:34.869,BAT/USDT:USDT,0.16045,12.0,0.16043,167.0,0.16071,12.0,0.16072,5.0
1753533396086,12:36:36.086,BAT/USDT:USDT,0.16045,12.0,0.16043,167.0,0.16071,12.0,0.16072,5.0
1753533398121,12:36:38.121,BAT/USDT:USDT,0.16045,12.0,0.16043,167.0,0.16071,12.0,0.16072,5.0
1753533399932,12:36:39.932,BAT/USDT:USDT,0.16045,12.0,0.16043,167.0,0.16071,12.0,0.16072,5.0
1753533400195,12:36:40.195,BAT/USDT:USDT,0.16045,12.0,0.16043,167.0,0.16071,12.0,0.16072,5.0
1753533400582,12:36:40.582,BAT/USDT:USDT,0.16045,12.0,0.16043,167.0,0.16071,12.0,0.16072,5.0
1753533400992,12:36:40.992,BAT/USDT:USDT,0.16045,12.0,0.16043,167.0,0.16071,12.0,0.16072,5.0
1753533401052,12:36:41.052,BAT/USDT:USDT,0.16045,12.0,0.16043,167.0,0.16071,12.0,0.16072,5.0
1753533401137,12:36:41.137,BAT/USDT:USDT,0.16045,12.0,0.16043,167.0,0.16071,12.0,0.16072,5.0
1753533402700,12:36:42.700,BAT/USDT:USDT,0.16045,12.0,0.16043,167.0,0.16071,12.0,0.16072,5.0
1753533402795,12:36:42.795,BAT/USDT:USDT,0.16045,12.0,0.16043,167.0,0.16071,12.0,0.16072,5.0
1753533403034,12:36:43.034,BAT/USDT:USDT,0.16045,12.0,0.16043,167.0,0.16071,12.0,0.16072,5.0
1753533403451,12:36:43.451,BAT/USDT:USDT,0.16045,12.0,0.16043,167.0,0.16071,12.0,0.16072,5.0
1753533403873,12:36:43.873,BAT/USDT:USDT,0.16045,12.0,0.16043,167.0,0.16071,12.0,0.16072,5.0
1753533404289,12:36:44.289,BAT/USDT:USDT,0.16045,12.0,0.16043,167.0,0.16071,12.0,0.16072,5.0
1753533404615,12:36:44.615,BAT/USDT:USDT,0.16045,12.0,0.16043,167.0,0.16071,12.0,0.16072,5.0
1753533404710,12:36:44.710,BAT/USDT:USDT,0.16045,12.0,0.16043,167.0,0.16071,12.0,0.16072,5.0
1753533405141,12:36:45.141,BAT/USDT:USDT,0.16045,12.0,0.16043,167.0,0.16071,12.0,0.16072,5.0
1753533405555,12:36:45.555,BAT/USDT:USDT,0.16045,12.0,0.16043,167.0,0.16071,12.0,0.16072,5.0
1753533405959,12:36:45.959,BAT/USDT:USDT,0.16045,12.0,0.16043,167.0,0.16071,12.0,0.16072,5.0
1753533406414,12:36:46.414,BAT/USDT:USDT,0.16045,12.0,0.16043,167.0,0.16071,12.0,0.16072,5.0
1753533406417,12:36:46.417,BAT/USDT:USDT,0.16045,12.0,0.16043,167.0,0.16071,12.0,0.16072,5.0
1753533406803,12:36:46.803,BAT/USDT:USDT,0.16045,12.0,0.16043,167.0,0.16071,12.0,0.16072,5.0
1753533406823,12:36:46.823,BAT/USDT:USDT,0.16045,12.0,0.16043,167.0,0.16071,12.0,0.16072,5.0
1753533409249,12:36:49.249,BAT/USDT:USDT,0.16045,12.0,0.16043,167.0,0.16071,12.0,0.16072,5.0
1753533409704,12:36:49.704,BAT/USDT:USDT,0.16045,12.0,0.16043,167.0,0.16071,12.0,0.16072,5.0
1753533410105,12:36:50.105,BAT/USDT:USDT,0.16045,12.0,0.16043,167.0,0.16071,12.0,0.16072,5.0
1753533410486,12:36:50.486,BAT/USDT:USDT,0.16045,12.0,0.16043,167.0,0.16071,12.0,0.16072,5.0
1753533410542,12:36:50.542,BAT/USDT:USDT,0.16045,12.0,0.16043,167.0,0.16071,12.0,0.16072,5.0
1753533410908,12:36:50.908,BAT/USDT:USDT,0.16045,12.0,0.16043,167.0,0.16071,12.0,0.16072,5.0
1753533411312,12:36:51.312,BAT/USDT:USDT,0.16045,12.0,0.16043,167.0,0.16071,12.0,0.16072,5.0
1753533411322,12:36:51.322,BAT/USDT:USDT,0.16045,12.0,0.16043,167.0,0.16071,12.0,0.16072,5.0
1753533411761,12:36:51.761,BAT/USDT:USDT,0.16045,12.0,0.16043,167.0,0.16071,12.0,0.16072,5.0
1753533412169,12:36:52.169,BAT/USDT:USDT,0.16045,12.0,0.16043,167.0,0.16071,12.0,0.16072,5.0
1753533412696,12:36:52.696,BAT/USDT:USDT,0.16045,12.0,0.16043,167.0,0.16071,12.0,0.16072,5.0
1753533413107,12:36:53.107,BAT/USDT:USDT,0.16045,12.0,0.16043,167.0,0.16071,12.0,0.16072,5.0
1753533413126,12:36:53.126,BAT/USDT:USDT,0.16045,12.0,0.16043,167.0,0.16071,12.0,0.16072,5.0
1753533413589,12:36:53.589,BAT/USDT:USDT,0.16045,12.0,0.16043,167.0,0.16071,12.0,0.16072,5.0
