timestamp,time,symbol,bid1_price,bid1_volume,bid2_price,bid2_volume,ask1_price,ask1_volume,ask2_price,ask2_volume
1753533019000,12:30:19.000,BSW/USDT:USDT,0.01801,16276.0,0.018,61588.0,0.01804,21269.0,0.01805,79883.0
1753533020678,12:30:20.678,BSW/USDT:USDT,0.01801,16276.0,0.018,61588.0,0.01804,21269.0,0.01805,79883.0
1753533025478,12:30:25.478,BSW/USDT:USDT,0.01801,16276.0,0.018,61588.0,0.01804,21269.0,0.01805,79883.0
1753533026715,12:30:26.715,BSW/USDT:USDT,0.01801,16276.0,0.018,61588.0,0.01804,21269.0,0.01805,79883.0
1753533028473,12:30:28.473,BSW/USDT:USDT,0.01801,16276.0,0.018,61588.0,0.01805,74883.0,0.01806,18369.0
1753533028498,12:30:28.498,BSW/USDT:USDT,0.01801,16276.0,0.018,61588.0,0.01805,74883.0,0.01806,18369.0
1753533029614,12:30:29.614,BSW/USDT:USDT,0.01801,16276.0,0.018,61588.0,0.01805,79883.0,0.01806,18369.0
1753533030278,12:30:30.278,BSW/USDT:USDT,0.01801,16276.0,0.018,61588.0,0.01805,79883.0,0.01806,18369.0
1753533034296,12:30:34.296,BSW/USDT:USDT,0.01801,16276.0,0.018,61588.0,0.01805,66180.0,0.01806,18369.0
1753533035078,12:30:35.078,BSW/USDT:USDT,0.01801,16276.0,0.018,61588.0,0.01805,66180.0,0.01806,18369.0
1753533036833,12:30:36.833,BSW/USDT:USDT,0.01804,5000.0,0.01803,14145.0,0.01807,18829.0,0.01808,18679.0
1753533036956,12:30:36.956,BSW/USDT:USDT,0.01804,5000.0,0.01803,48099.0,0.01807,15627.0,0.01808,18679.0
1753533037067,12:30:37.067,BSW/USDT:USDT,0.01804,5000.0,0.01803,48099.0,0.01807,15627.0,0.01808,18679.0
1753533037106,12:30:37.106,BSW/USDT:USDT,0.01804,5000.0,0.01803,48099.0,0.01807,15627.0,0.01808,18679.0
1753533037203,12:30:37.203,BSW/USDT:USDT,0.01804,5000.0,0.01803,48099.0,0.01807,15627.0,0.01808,18679.0
1753533037554,12:30:37.554,BSW/USDT:USDT,0.01803,19145.0,0.01802,96514.0,0.01807,76961.0,0.01808,18679.0
1753533037619,12:30:37.619,BSW/USDT:USDT,0.01803,19145.0,0.01802,96514.0,0.01807,76961.0,0.01808,18679.0
1753533037959,12:30:37.959,BSW/USDT:USDT,0.01802,30414.0,0.01801,16276.0,0.01806,19389.0,0.01807,76717.0
1753533038056,12:30:38.056,BSW/USDT:USDT,0.01802,14145.0,0.01801,5000.0,0.01806,74942.0,0.01807,106306.0
1753533038159,12:30:38.159,BSW/USDT:USDT,0.01801,16276.0,0.018,37587.0,0.01805,19098.0,0.01806,74698.0
1753533038238,12:30:38.238,BSW/USDT:USDT,0.01801,16276.0,0.018,61579.0,0.01805,19098.0,0.01806,74698.0
1753533038372,12:30:38.372,BSW/USDT:USDT,0.01801,16276.0,0.018,61579.0,0.01805,19098.0,0.01806,74698.0
1753533038449,12:30:38.449,BSW/USDT:USDT,0.01801,16276.0,0.018,61579.0,0.01805,19098.0,0.01806,74698.0
1753533042879,12:30:42.879,BSW/USDT:USDT,0.01801,16276.0,0.018,61579.0,0.01805,19098.0,0.01806,74698.0
1753533047678,12:30:47.678,BSW/USDT:USDT,0.01801,16276.0,0.018,61579.0,0.01805,19098.0,0.01806,74698.0
1753533052479,12:30:52.479,BSW/USDT:USDT,0.01801,16276.0,0.018,61579.0,0.01805,19098.0,0.01806,74698.0
1753533053656,12:30:53.656,BSW/USDT:USDT,0.018,21318.0,0.01799,79972.0,0.01804,18935.0,0.01805,18610.0
1753533053691,12:30:53.691,BSW/USDT:USDT,0.018,21318.0,0.01799,79972.0,0.01804,18935.0,0.01805,18610.0
1753533053974,12:30:53.974,BSW/USDT:USDT,0.018,37587.0,0.01799,79972.0,0.01804,18935.0,0.01805,18610.0
1753533053975,12:30:53.975,BSW/USDT:USDT,0.018,61579.0,0.01799,79972.0,0.01804,18935.0,0.01805,18610.0
1753533054155,12:30:54.155,BSW/USDT:USDT,0.018,49.0,0.01799,79972.0,0.01804,35204.0,0.01805,18610.0
1753533054237,12:30:54.237,BSW/USDT:USDT,0.018,49.0,0.01799,18822.0,0.01803,42835.0,0.01804,96304.0
1753533054583,12:30:54.583,BSW/USDT:USDT,0.018,49.0,0.01799,18822.0,0.01803,42835.0,0.01804,96304.0
1753533055092,12:30:55.092,BSW/USDT:USDT,0.018,16318.0,0.01799,18822.0,0.01803,42835.0,0.01804,96304.0
1753533055324,12:30:55.324,BSW/USDT:USDT,0.018,21318.0,0.01799,18822.0,0.01803,42835.0,0.01804,96304.0
1753533055399,12:30:55.399,BSW/USDT:USDT,0.018,21318.0,0.01799,18822.0,0.01803,42835.0,0.01804,96304.0
1753533057279,12:30:57.279,BSW/USDT:USDT,0.018,21318.0,0.01799,18822.0,0.01803,42835.0,0.01804,96304.0
1753533060063,12:31:00.063,BSW/USDT:USDT,0.018,5049.0,0.01799,18822.0,0.01803,42835.0,0.01804,96304.0
1753533060158,12:31:00.158,BSW/USDT:USDT,0.018,21318.0,0.01799,18822.0,0.01803,42835.0,0.01804,96304.0
1753533060322,12:31:00.322,BSW/USDT:USDT,0.018,37587.0,0.01799,18822.0,0.01803,5000.0,0.01804,80035.0
1753533060859,12:31:00.859,BSW/USDT:USDT,0.018,21318.0,0.01799,18822.0,0.01803,5000.0,0.01804,80035.0
1753533062079,12:31:02.079,BSW/USDT:USDT,0.018,21318.0,0.01799,18822.0,0.01803,5000.0,0.01804,80035.0
1753533062267,12:31:02.267,BSW/USDT:USDT,0.018,21318.0,0.01799,18822.0,0.01803,5000.0,0.01804,80035.0
1753533062521,12:31:02.521,BSW/USDT:USDT,0.018,21318.0,0.01799,18822.0,0.01803,5000.0,0.01804,80035.0
1753533064412,12:31:04.412,BSW/USDT:USDT,0.01801,19138.0,0.018,21318.0,0.01803,5000.0,0.01804,66100.0
1753533064690,12:31:04.690,BSW/USDT:USDT,0.01801,19138.0,0.018,21318.0,0.01803,5000.0,0.01804,66100.0
1753533066557,12:31:06.557,BSW/USDT:USDT,0.01801,19138.0,0.018,21318.0,0.01803,5000.0,0.01804,5000.0
1753533066710,12:31:06.710,BSW/USDT:USDT,0.01801,19138.0,0.018,21318.0,0.01803,5000.0,0.01804,5000.0
1753533066879,12:31:06.879,BSW/USDT:USDT,0.01801,19138.0,0.018,21318.0,0.01803,5000.0,0.01804,5000.0
1753533067190,12:31:07.190,BSW/USDT:USDT,0.01801,19138.0,0.018,21318.0,0.01804,5000.0,0.01805,37182.0
1753533067534,12:31:07.534,BSW/USDT:USDT,0.01801,19138.0,0.018,21318.0,0.01804,5000.0,0.01805,37182.0
1753533068145,12:31:08.145,BSW/USDT:USDT,0.01801,19138.0,0.018,21318.0,0.01804,5000.0,0.01805,37182.0
1753533068358,12:31:08.358,BSW/USDT:USDT,0.01801,19138.0,0.018,21318.0,0.01804,5000.0,0.01805,37182.0
1753533071673,12:31:11.673,BSW/USDT:USDT,0.01802,16269.0,0.01801,19138.0,0.01805,37182.0,0.01806,35414.0
1753533071716,12:31:11.716,BSW/USDT:USDT,0.01803,80119.0,0.01802,35258.0,0.01807,15627.0,0.01808,18679.0
1753533071835,12:31:11.835,BSW/USDT:USDT,0.01803,80119.0,0.01802,35258.0,0.01807,15627.0,0.01808,18679.0
1753533071973,12:31:11.973,BSW/USDT:USDT,0.01803,80119.0,0.01802,35258.0,0.01807,15627.0,0.01808,18679.0
1753533072012,12:31:12.012,BSW/USDT:USDT,0.01803,80119.0,0.01802,35258.0,0.01807,15627.0,0.01808,18679.0
1753533072137,12:31:12.137,BSW/USDT:USDT,0.01803,80119.0,0.01802,35258.0,0.01807,15627.0,0.01808,47848.0
1753533072497,12:31:12.497,BSW/USDT:USDT,0.01803,80119.0,0.01802,35258.0,0.01807,15627.0,0.01808,47848.0
1753533073093,12:31:13.093,BSW/USDT:USDT,0.01803,80119.0,0.01802,35258.0,0.01807,15627.0,0.01808,47848.0
1753533073203,12:31:13.203,BSW/USDT:USDT,0.01803,18989.0,0.01802,59435.0,0.01807,15627.0,0.01808,47848.0
1753533073462,12:31:13.462,BSW/USDT:USDT,0.01803,18989.0,0.01802,59435.0,0.01807,31896.0,0.01808,47848.0
1753533073534,12:31:13.534,BSW/USDT:USDT,0.01803,18989.0,0.01802,59435.0,0.01807,31896.0,0.01808,47848.0
1753533074639,12:31:14.639,BSW/USDT:USDT,0.01803,18989.0,0.01802,59435.0,0.01807,15627.0,0.01808,47848.0
1753533074676,12:31:14.676,BSW/USDT:USDT,0.01803,18989.0,0.01802,59435.0,0.01807,31896.0,0.01808,47848.0
1753533075268,12:31:15.268,BSW/USDT:USDT,0.01803,18989.0,0.01802,59435.0,0.01807,15627.0,0.01808,47848.0
1753533075439,12:31:15.439,BSW/USDT:USDT,0.01803,18989.0,0.01802,59435.0,0.01807,15627.0,0.01808,47848.0
1753533075655,12:31:15.655,BSW/USDT:USDT,0.01803,18989.0,0.01802,59435.0,0.01807,15627.0,0.01808,47848.0
1753533076667,12:31:16.667,BSW/USDT:USDT,0.01803,35258.0,0.01802,59435.0,0.01807,15627.0,0.01808,47848.0
1753533076929,12:31:16.929,BSW/USDT:USDT,0.01804,21269.0,0.01803,35258.0,0.01807,15627.0,0.01808,47848.0
1753533077227,12:31:17.227,BSW/USDT:USDT,0.01804,21269.0,0.01803,35258.0,0.01807,15627.0,0.01808,47848.0
1753533077868,12:31:17.868,BSW/USDT:USDT,0.01804,21269.0,0.01803,35258.0,0.01807,15627.0,0.01808,47848.0
1753533078050,12:31:18.050,BSW/USDT:USDT,0.01804,21269.0,0.01803,35258.0,0.01807,15627.0,0.01808,47848.0
1753533078119,12:31:18.119,BSW/USDT:USDT,0.01803,18989.0,0.01802,59435.0,0.01807,15627.0,0.01808,47848.0
1753533078253,12:31:18.253,BSW/USDT:USDT,0.01803,18989.0,0.01802,59435.0,0.01807,48165.0,0.01808,47848.0
1753533078466,12:31:18.466,BSW/USDT:USDT,0.01803,18989.0,0.01802,59435.0,0.01806,16366.0,0.01807,48165.0
1753533078828,12:31:18.828,BSW/USDT:USDT,0.01803,18989.0,0.01802,59435.0,0.01806,16366.0,0.01807,48165.0
1753533078990,12:31:18.990,BSW/USDT:USDT,0.01803,18989.0,0.01802,59435.0,0.01806,16366.0,0.01807,48165.0
1753533079131,12:31:19.131,BSW/USDT:USDT,0.01803,18989.0,0.01802,59435.0,0.01806,16366.0,0.01807,48165.0
1753533079282,12:31:19.282,BSW/USDT:USDT,0.01803,18989.0,0.01802,59435.0,0.01806,16366.0,0.01807,48165.0
1753533080279,12:31:20.279,BSW/USDT:USDT,0.01803,18989.0,0.01802,59435.0,0.01806,16366.0,0.01807,48165.0
1753533081835,12:31:21.835,BSW/USDT:USDT,0.01803,18989.0,0.01802,59435.0,0.01806,16366.0,0.01807,48165.0
1753533081884,12:31:21.884,BSW/USDT:USDT,0.01803,18989.0,0.01802,59435.0,0.01806,16366.0,0.01807,48165.0
1753533082104,12:31:22.104,BSW/USDT:USDT,0.01803,18989.0,0.01802,59435.0,0.01806,16366.0,0.01807,48165.0
1753533082482,12:31:22.482,BSW/USDT:USDT,0.01803,5000.0,0.01802,35258.0,0.01806,16366.0,0.01807,48165.0
1753533083816,12:31:23.816,BSW/USDT:USDT,0.01803,5000.0,0.01802,59435.0,0.01806,16366.0,0.01807,31896.0
1753533083884,12:31:23.884,BSW/USDT:USDT,0.01803,5000.0,0.01802,59435.0,0.01806,16366.0,0.01807,48165.0
1753533085081,12:31:25.081,BSW/USDT:USDT,0.01803,5000.0,0.01802,59435.0,0.01806,16366.0,0.01807,48165.0
1753533089879,12:31:29.879,BSW/USDT:USDT,0.01803,5000.0,0.01802,59435.0,0.01806,16366.0,0.01807,48165.0
1753533094696,12:31:34.696,BSW/USDT:USDT,0.01803,5000.0,0.01802,59435.0,0.01806,16366.0,0.01807,48165.0
1753533099479,12:31:39.479,BSW/USDT:USDT,0.01803,5000.0,0.01802,59435.0,0.01806,16366.0,0.01807,48165.0
1753533099578,12:31:39.578,BSW/USDT:USDT,0.01803,5000.0,0.01802,59435.0,0.01806,16366.0,0.01807,48165.0
1753533103661,12:31:43.661,BSW/USDT:USDT,0.01803,18712.0,0.01802,59435.0,0.01806,5000.0,0.01807,15627.0
1753533104279,12:31:44.279,BSW/USDT:USDT,0.01803,18712.0,0.01802,59435.0,0.01806,5000.0,0.01807,15627.0
1753533104450,12:31:44.450,BSW/USDT:USDT,0.01803,18712.0,0.01802,59435.0,0.01806,5000.0,0.01807,31896.0
1753533104781,12:31:44.781,BSW/USDT:USDT,0.01803,18712.0,0.01802,59435.0,0.01806,5000.0,0.01807,48165.0
1753533107767,12:31:47.767,BSW/USDT:USDT,0.01803,80402.0,0.01802,59435.0,0.01806,5000.0,0.01807,48165.0
1753533107777,12:31:47.777,BSW/USDT:USDT,0.01803,80402.0,0.01802,35258.0,0.01806,5000.0,0.01807,48165.0
1753533109079,12:31:49.079,BSW/USDT:USDT,0.01803,80402.0,0.01802,35258.0,0.01806,5000.0,0.01807,48165.0
1753533113897,12:31:53.897,BSW/USDT:USDT,0.01803,80402.0,0.01802,35258.0,0.01806,5000.0,0.01807,48165.0
1753533115602,12:31:55.602,BSW/USDT:USDT,0.01803,13712.0,0.01802,80459.0,0.01806,5000.0,0.01807,48165.0
1753533115734,12:31:55.734,BSW/USDT:USDT,0.01802,18989.0,0.01801,52463.0,0.01805,5488.0,0.01806,19125.0
1753533115856,12:31:55.856,BSW/USDT:USDT,0.01801,18650.0,0.018,99057.0,0.01805,35882.0,0.01806,95035.0
1753533119697,12:31:59.697,BSW/USDT:USDT,0.01801,44305.0,0.018,99057.0,0.01805,60058.0,0.01806,95035.0
1753533119776,12:31:59.776,BSW/USDT:USDT,0.01801,44305.0,0.018,99057.0,0.01805,60058.0,0.01806,95035.0
1753533124481,12:32:04.481,BSW/USDT:USDT,0.01801,44305.0,0.018,99057.0,0.01805,60058.0,0.01806,95035.0
1753533128151,12:32:08.151,BSW/USDT:USDT,0.01801,44305.0,0.018,99057.0,0.01805,60058.0,0.01806,95035.0
1753533129280,12:32:09.280,BSW/USDT:USDT,0.01801,44305.0,0.018,99057.0,0.01805,60058.0,0.01806,95035.0
1753533131327,12:32:11.327,BSW/USDT:USDT,0.01801,18650.0,0.018,99057.0,0.01805,60058.0,0.01806,95035.0
1753533131417,12:32:11.417,BSW/USDT:USDT,0.01801,29926.0,0.018,37587.0,0.01805,60058.0,0.01806,95035.0
1753533131477,12:32:11.477,BSW/USDT:USDT,0.01801,29926.0,0.018,61720.0,0.01805,60058.0,0.01806,95035.0
1753533134081,12:32:14.081,BSW/USDT:USDT,0.01801,29926.0,0.018,61720.0,0.01805,60058.0,0.01806,95035.0
1753533137214,12:32:17.214,BSW/USDT:USDT,0.01801,18650.0,0.018,61720.0,0.01805,60058.0,0.01806,95035.0
1753533138882,12:32:18.882,BSW/USDT:USDT,0.01801,18650.0,0.018,61720.0,0.01805,60058.0,0.01806,95035.0
1753533140521,12:32:20.521,BSW/USDT:USDT,0.01802,1.0,0.01801,18650.0,0.01805,60058.0,0.01806,95035.0
1753533143681,12:32:23.681,BSW/USDT:USDT,0.01802,1.0,0.01801,18650.0,0.01805,60058.0,0.01806,95035.0
1753533143821,12:32:23.821,BSW/USDT:USDT,0.01802,1.0,0.01801,18650.0,0.01805,60058.0,0.01806,95035.0
1753533146618,12:32:26.618,BSW/USDT:USDT,0.01801,18650.0,0.018,61720.0,0.01805,60058.0,0.01806,95035.0
1753533146723,12:32:26.723,BSW/USDT:USDT,0.01801,18650.0,0.018,61720.0,0.01805,60058.0,0.01806,95035.0
1753533148480,12:32:28.480,BSW/USDT:USDT,0.01801,18650.0,0.018,61720.0,0.01805,60058.0,0.01806,95035.0
1753533151661,12:32:31.661,BSW/USDT:USDT,0.01801,18650.0,0.018,61720.0,0.01805,43789.0,0.01806,95035.0
1753533153281,12:32:33.281,BSW/USDT:USDT,0.01801,18650.0,0.018,61720.0,0.01805,43789.0,0.01806,95035.0
1753533153549,12:32:33.549,BSW/USDT:USDT,0.01801,29926.0,0.018,61720.0,0.01805,43789.0,0.01806,95035.0
1753533153661,12:32:33.661,BSW/USDT:USDT,0.01801,29926.0,0.018,61720.0,0.01805,46559.0,0.01806,95035.0
1753533153745,12:32:33.745,BSW/USDT:USDT,0.01801,29926.0,0.018,61720.0,0.01805,43789.0,0.01806,95035.0
1753533153873,12:32:33.873,BSW/USDT:USDT,0.01801,18650.0,0.018,61720.0,0.01804,25630.0,0.01805,59570.0
1753533153935,12:32:33.935,BSW/USDT:USDT,0.01801,18650.0,0.018,37587.0,0.01804,19120.0,0.01805,59570.0
1753533154069,12:32:34.069,BSW/USDT:USDT,0.01801,18650.0,0.018,61720.0,0.01804,19120.0,0.01805,59570.0
1753533154105,12:32:34.105,BSW/USDT:USDT,0.01801,18650.0,0.018,61720.0,0.01804,19120.0,0.01805,59570.0
1753533156254,12:32:36.254,BSW/USDT:USDT,0.01801,18650.0,0.018,61720.0,0.01804,19120.0,0.01805,59570.0
1753533157206,12:32:37.206,BSW/USDT:USDT,0.01801,18650.0,0.018,61720.0,0.01804,5000.0,0.01805,59570.0
1753533158080,12:32:38.080,BSW/USDT:USDT,0.01801,18650.0,0.018,61720.0,0.01804,5000.0,0.01805,59570.0
1753533159615,12:32:39.615,BSW/USDT:USDT,0.01801,18650.0,0.018,61720.0,0.01804,5000.0,0.01805,43301.0
1753533159772,12:32:39.772,BSW/USDT:USDT,0.01801,18650.0,0.018,61720.0,0.01804,5000.0,0.01805,59570.0
1753533159777,12:32:39.777,BSW/USDT:USDT,0.01801,18650.0,0.018,61720.0,0.01804,5000.0,0.01805,35394.0
1753533159917,12:32:39.917,BSW/USDT:USDT,0.01801,18650.0,0.018,61720.0,0.01804,5000.0,0.01805,59495.0
1753533161068,12:32:41.068,BSW/USDT:USDT,0.01802,30879.0,0.01801,18650.0,0.01805,29101.0,0.01806,94785.0
1753533161131,12:32:41.131,BSW/USDT:USDT,0.01802,35879.0,0.01801,18650.0,0.01805,29101.0,0.01806,94785.0
1753533162880,12:32:42.880,BSW/USDT:USDT,0.01802,35879.0,0.01801,18650.0,0.01805,29101.0,0.01806,94785.0
1753533164473,12:32:44.473,BSW/USDT:USDT,0.01802,35879.0,0.01801,18650.0,0.01805,29101.0,0.01806,33575.0
1753533164477,12:32:44.477,BSW/USDT:USDT,0.01802,35879.0,0.01801,29926.0,0.01805,5000.0,0.01806,50131.0
1753533166356,12:32:46.356,BSW/USDT:USDT,0.01802,35391.0,0.01801,29926.0,0.01805,5000.0,0.01806,50131.0
1753533166439,12:32:46.439,BSW/USDT:USDT,0.01802,35391.0,0.01801,91116.0,0.01805,5000.0,0.01806,50131.0
1753533167681,12:32:47.681,BSW/USDT:USDT,0.01802,35391.0,0.01801,91116.0,0.01805,5000.0,0.01806,50131.0
1753533170567,12:32:50.567,BSW/USDT:USDT,0.01802,14122.0,0.01801,79840.0,0.01805,5000.0,0.01806,50131.0
1753533170670,12:32:50.670,BSW/USDT:USDT,0.01802,14122.0,0.01801,18650.0,0.01805,18738.0,0.01806,50131.0
1753533170714,12:32:50.714,BSW/USDT:USDT,0.01802,14122.0,0.01801,18650.0,0.01805,18738.0,0.01806,54753.0
1753533171001,12:32:51.001,BSW/USDT:USDT,0.01802,14122.0,0.01801,18650.0,0.01805,35007.0,0.01806,54753.0
1753533172481,12:32:52.481,BSW/USDT:USDT,0.01802,14122.0,0.01801,18650.0,0.01805,35007.0,0.01806,54753.0
1753533173726,12:32:53.726,BSW/USDT:USDT,0.01802,14122.0,0.01801,29926.0,0.01805,96187.0,0.01806,38197.0
1753533174656,12:32:54.656,BSW/USDT:USDT,0.01801,29926.0,0.018,61588.0,0.01804,16782.0,0.01805,96187.0
1753533177281,12:32:57.281,BSW/USDT:USDT,0.01801,29926.0,0.018,61588.0,0.01804,16782.0,0.01805,96187.0
1753533177521,12:32:57.521,BSW/USDT:USDT,0.01801,18650.0,0.018,61588.0,0.01804,32150.0,0.01805,96187.0
1753533180870,12:33:00.870,BSW/USDT:USDT,0.01801,18650.0,0.018,61588.0,0.01804,32150.0,0.01805,96187.0
1753533182081,12:33:02.081,BSW/USDT:USDT,0.01801,18650.0,0.018,61588.0,0.01804,32150.0,0.01805,96187.0
1753533186881,12:33:06.881,BSW/USDT:USDT,0.01801,18650.0,0.018,61588.0,0.01804,32150.0,0.01805,96187.0
1753533187772,12:33:07.772,BSW/USDT:USDT,0.01801,18650.0,0.018,61588.0,0.01804,32150.0,0.01805,35007.0
1753533187873,12:33:07.873,BSW/USDT:USDT,0.01801,18650.0,0.018,61588.0,0.01804,16782.0,0.01805,96197.0
1753533187877,12:33:07.877,BSW/USDT:USDT,0.01801,18650.0,0.018,61588.0,0.01804,32386.0,0.01805,96197.0
1753533191684,12:33:11.684,BSW/USDT:USDT,0.01801,18650.0,0.018,61588.0,0.01804,32386.0,0.01805,96197.0
1753533196496,12:33:16.496,BSW/USDT:USDT,0.01801,18650.0,0.018,61588.0,0.01804,32386.0,0.01805,96197.0
1753533201282,12:33:21.282,BSW/USDT:USDT,0.01801,18650.0,0.018,61588.0,0.01804,32386.0,0.01805,96197.0
1753533201487,12:33:21.487,BSW/USDT:USDT,0.01801,18650.0,0.018,37587.0,0.01804,32386.0,0.01805,96197.0
1753533206096,12:33:26.096,BSW/USDT:USDT,0.01801,18650.0,0.018,37587.0,0.01804,32386.0,0.01805,96197.0
1753533206734,12:33:26.734,BSW/USDT:USDT,0.01801,18650.0,0.018,37587.0,0.01804,32386.0,0.01805,96197.0
1753533210882,12:33:30.882,BSW/USDT:USDT,0.01801,18650.0,0.018,37587.0,0.01804,32386.0,0.01805,96197.0
1753533213474,12:33:33.474,BSW/USDT:USDT,0.018,37587.0,0.01799,80002.0,0.01804,40702.0,0.01805,96197.0
1753533213558,12:33:33.558,BSW/USDT:USDT,0.018,49.0,0.01799,18822.0,0.01803,80391.0,0.01804,16782.0
1753533213641,12:33:33.641,BSW/USDT:USDT,0.018,16318.0,0.01799,18822.0,0.01803,80391.0,0.01804,16782.0
1753533213725,12:33:33.725,BSW/USDT:USDT,0.018,49.0,0.01799,18822.0,0.01803,80391.0,0.01804,16782.0
1753533213870,12:33:33.870,BSW/USDT:USDT,0.018,16318.0,0.01799,18822.0,0.01803,80391.0,0.01804,16782.0
1753533213905,12:33:33.905,BSW/USDT:USDT,0.018,16318.0,0.01799,18822.0,0.01803,80391.0,0.01804,16782.0
1753533214072,12:33:34.072,BSW/USDT:USDT,0.018,49.0,0.01799,18822.0,0.01803,80391.0,0.01804,16782.0
1753533214106,12:33:34.106,BSW/USDT:USDT,0.018,49.0,0.01799,18822.0,0.01803,80391.0,0.01804,16782.0
1753533214231,12:33:34.231,BSW/USDT:USDT,0.018,49.0,0.01799,18822.0,0.01803,80391.0,0.01804,16782.0
1753533214348,12:33:34.348,BSW/USDT:USDT,0.018,49.0,0.01799,18822.0,0.01803,80391.0,0.01804,16782.0
1753533214451,12:33:34.451,BSW/USDT:USDT,0.018,49.0,0.01799,18822.0,0.01803,80391.0,0.01804,16782.0
1753533214551,12:33:34.551,BSW/USDT:USDT,0.018,16318.0,0.01799,18822.0,0.01803,80391.0,0.01804,16782.0
1753533214659,12:33:34.659,BSW/USDT:USDT,0.018,49.0,0.01799,18822.0,0.01803,80391.0,0.01804,16782.0
1753533214729,12:33:34.729,BSW/USDT:USDT,0.018,49.0,0.01799,18822.0,0.01803,80391.0,0.01804,16782.0
1753533214873,12:33:34.873,BSW/USDT:USDT,0.018,49.0,0.01799,18822.0,0.01803,80391.0,0.01804,16782.0
1753533214973,12:33:34.973,BSW/USDT:USDT,0.018,16318.0,0.01799,18822.0,0.01803,46733.0,0.01804,94211.0
1753533215040,12:33:35.040,BSW/USDT:USDT,0.018,49.0,0.01799,18822.0,0.01803,43960.0,0.01804,94211.0
1753533215164,12:33:35.164,BSW/USDT:USDT,0.018,49.0,0.01799,18822.0,0.01803,46733.0,0.01804,94211.0
1753533215268,12:33:35.268,BSW/USDT:USDT,0.018,16318.0,0.01799,18822.0,0.01803,43960.0,0.01804,94211.0
1753533215328,12:33:35.328,BSW/USDT:USDT,0.018,49.0,0.01799,18822.0,0.01803,43960.0,0.01804,94211.0
1753533215467,12:33:35.467,BSW/USDT:USDT,0.018,16318.0,0.01799,18822.0,0.01803,46733.0,0.01804,94211.0
1753533215487,12:33:35.487,BSW/USDT:USDT,0.018,16318.0,0.01799,18822.0,0.01803,43960.0,0.01804,94211.0
1753533215591,12:33:35.591,BSW/USDT:USDT,0.018,16318.0,0.01799,18822.0,0.01803,43960.0,0.01804,94211.0
1753533215762,12:33:35.762,BSW/USDT:USDT,0.018,49.0,0.01799,18822.0,0.01803,43960.0,0.01804,94211.0
1753533215866,12:33:35.866,BSW/USDT:USDT,0.018,49.0,0.01799,18822.0,0.01803,43960.0,0.01804,94211.0
1753533215953,12:33:35.953,BSW/USDT:USDT,0.018,49.0,0.01799,18822.0,0.01803,46733.0,0.01804,94211.0
1753533216073,12:33:36.073,BSW/USDT:USDT,0.018,49.0,0.01799,18822.0,0.01803,43960.0,0.01804,94211.0
1753533216146,12:33:36.146,BSW/USDT:USDT,0.018,16318.0,0.01799,18822.0,0.01803,43960.0,0.01804,94211.0
1753533216224,12:33:36.224,BSW/USDT:USDT,0.018,49.0,0.01799,18822.0,0.01803,43960.0,0.01804,94211.0
1753533216366,12:33:36.366,BSW/USDT:USDT,0.018,49.0,0.01799,18822.0,0.01803,43960.0,0.01804,94211.0
1753533216464,12:33:36.464,BSW/USDT:USDT,0.018,49.0,0.01799,18822.0,0.01803,46733.0,0.01804,94211.0
1753533216567,12:33:36.567,BSW/USDT:USDT,0.018,16318.0,0.01799,18822.0,0.01803,46733.0,0.01804,94211.0
1753533216580,12:33:36.580,BSW/USDT:USDT,0.018,16318.0,0.01799,18822.0,0.01803,43960.0,0.01804,94211.0
1753533216751,12:33:36.751,BSW/USDT:USDT,0.018,16318.0,0.01799,18822.0,0.01803,43960.0,0.01804,94211.0
1753533216871,12:33:36.871,BSW/USDT:USDT,0.018,16318.0,0.01799,18822.0,0.01803,46733.0,0.01804,94211.0
1753533216947,12:33:36.947,BSW/USDT:USDT,0.018,16318.0,0.01799,18822.0,0.01803,43960.0,0.01804,94211.0
1753533217072,12:33:37.072,BSW/USDT:USDT,0.018,16318.0,0.01799,18822.0,0.01803,46733.0,0.01804,94211.0
1753533217156,12:33:37.156,BSW/USDT:USDT,0.018,16318.0,0.01799,18822.0,0.01803,43960.0,0.01804,94211.0
1753533217261,12:33:37.261,BSW/USDT:USDT,0.018,49.0,0.01799,18822.0,0.01803,43960.0,0.01804,94211.0
1753533217365,12:33:37.365,BSW/USDT:USDT,0.018,49.0,0.01799,18822.0,0.01803,46733.0,0.01804,94211.0
1753533217378,12:33:37.378,BSW/USDT:USDT,0.018,49.0,0.01799,18822.0,0.01803,43960.0,0.01804,94211.0
1753533217558,12:33:37.558,BSW/USDT:USDT,0.018,49.0,0.01799,18822.0,0.01803,60229.0,0.01804,94211.0
1753533217609,12:33:37.609,BSW/USDT:USDT,0.018,49.0,0.01799,18822.0,0.01803,43960.0,0.01804,94211.0
1753533217820,12:33:37.820,BSW/USDT:USDT,0.018,49.0,0.01799,18822.0,0.01803,60229.0,0.01804,94211.0
1753533217947,12:33:37.947,BSW/USDT:USDT,0.018,49.0,0.01799,18822.0,0.01803,43960.0,0.01804,94211.0
1753533218039,12:33:38.039,BSW/USDT:USDT,0.018,49.0,0.01799,18822.0,0.01803,60229.0,0.01804,94211.0
1753533218107,12:33:38.107,BSW/USDT:USDT,0.018,49.0,0.01799,18822.0,0.01803,60229.0,0.01804,94211.0
1753533218252,12:33:38.252,BSW/USDT:USDT,0.018,49.0,0.01799,18822.0,0.01803,60229.0,0.01804,94211.0
1753533218326,12:33:38.326,BSW/USDT:USDT,0.018,49.0,0.01799,18822.0,0.01803,60229.0,0.01804,94211.0
1753533218436,12:33:38.436,BSW/USDT:USDT,0.018,49.0,0.01799,18822.0,0.01803,43960.0,0.01804,94211.0
1753533218484,12:33:38.484,BSW/USDT:USDT,0.018,49.0,0.01799,18822.0,0.01803,43960.0,0.01804,94211.0
1753533218641,12:33:38.641,BSW/USDT:USDT,0.018,49.0,0.01799,18822.0,0.01803,60229.0,0.01804,94211.0
1753533218761,12:33:38.761,BSW/USDT:USDT,0.018,49.0,0.01799,18822.0,0.01803,60229.0,0.01804,94211.0
1753533218872,12:33:38.872,BSW/USDT:USDT,0.018,49.0,0.01799,18822.0,0.01803,43960.0,0.01804,94211.0
1753533218948,12:33:38.948,BSW/USDT:USDT,0.018,49.0,0.01799,18822.0,0.01803,43960.0,0.01804,94211.0
1753533219025,12:33:39.025,BSW/USDT:USDT,0.018,49.0,0.01799,18822.0,0.01803,60229.0,0.01804,94211.0
1753533219131,12:33:39.131,BSW/USDT:USDT,0.018,49.0,0.01799,18822.0,0.01803,60229.0,0.01804,94211.0
1753533219557,12:33:39.557,BSW/USDT:USDT,0.018,49.0,0.01799,18822.0,0.01803,43960.0,0.01804,94211.0
1753533219725,12:33:39.725,BSW/USDT:USDT,0.018,49.0,0.01799,18822.0,0.01803,60229.0,0.01804,94211.0
1753533219853,12:33:39.853,BSW/USDT:USDT,0.018,49.0,0.01799,18822.0,0.01803,43960.0,0.01804,94211.0
1753533220135,12:33:40.135,BSW/USDT:USDT,0.018,49.0,0.01799,18822.0,0.01803,60229.0,0.01804,94211.0
1753533220227,12:33:40.227,BSW/USDT:USDT,0.018,49.0,0.01799,18822.0,0.01803,60229.0,0.01804,94211.0
1753533220482,12:33:40.482,BSW/USDT:USDT,0.018,49.0,0.01799,18822.0,0.01803,60229.0,0.01804,94211.0
1753533220984,12:33:40.984,BSW/USDT:USDT,0.018,49.0,0.01799,18822.0,0.01803,43960.0,0.01804,94211.0
1753533221206,12:33:41.206,BSW/USDT:USDT,0.018,49.0,0.01799,18822.0,0.01803,60229.0,0.01804,94211.0
1753533221452,12:33:41.452,BSW/USDT:USDT,0.018,49.0,0.01799,18822.0,0.01803,60229.0,0.01804,94211.0
1753533221518,12:33:41.518,BSW/USDT:USDT,0.018,49.0,0.01799,18822.0,0.01803,43960.0,0.01804,94211.0
1753533221644,12:33:41.644,BSW/USDT:USDT,0.018,49.0,0.01799,18822.0,0.01803,60229.0,0.01804,94211.0
1753533221866,12:33:41.866,BSW/USDT:USDT,0.018,49.0,0.01799,18822.0,0.01803,43960.0,0.01804,94211.0
1753533221961,12:33:41.961,BSW/USDT:USDT,0.018,49.0,0.01799,18822.0,0.01803,60229.0,0.01804,94211.0
1753533221981,12:33:41.981,BSW/USDT:USDT,0.018,49.0,0.01799,18822.0,0.01803,43960.0,0.01804,94211.0
1753533222147,12:33:42.147,BSW/USDT:USDT,0.018,49.0,0.01799,18822.0,0.01803,43960.0,0.01804,94211.0
1753533222229,12:33:42.229,BSW/USDT:USDT,0.018,49.0,0.01799,18822.0,0.01803,60229.0,0.01804,94211.0
1753533222464,12:33:42.464,BSW/USDT:USDT,0.018,49.0,0.01799,18822.0,0.01803,60229.0,0.01804,94211.0
1753533222711,12:33:42.711,BSW/USDT:USDT,0.018,49.0,0.01799,18822.0,0.01803,60229.0,0.01804,94211.0
1753533222859,12:33:42.859,BSW/USDT:USDT,0.018,49.0,0.01799,18822.0,0.01803,60229.0,0.01804,94211.0
1753533222970,12:33:42.970,BSW/USDT:USDT,0.018,49.0,0.01799,18822.0,0.01803,43960.0,0.01804,77942.0
1753533223013,12:33:43.013,BSW/USDT:USDT,0.018,49.0,0.01799,18822.0,0.01803,60229.0,0.01804,77942.0
1753533223164,12:33:43.164,BSW/USDT:USDT,0.018,49.0,0.01799,18822.0,0.01803,43960.0,0.01804,77942.0
1753533223200,12:33:43.200,BSW/USDT:USDT,0.018,16318.0,0.01799,18822.0,0.01803,43960.0,0.01804,77942.0
1753533223372,12:33:43.372,BSW/USDT:USDT,0.018,16318.0,0.01799,18822.0,0.01803,43960.0,0.01804,77942.0
1753533223411,12:33:43.411,BSW/USDT:USDT,0.018,16318.0,0.01799,18822.0,0.01803,43960.0,0.01804,77942.0
1753533223830,12:33:43.830,BSW/USDT:USDT,0.018,14117.0,0.01799,18822.0,0.01803,43960.0,0.01804,77942.0
1753533223972,12:33:43.972,BSW/USDT:USDT,0.018,14117.0,0.01799,18822.0,0.01803,43960.0,0.01804,77942.0
1753533224013,12:33:44.013,BSW/USDT:USDT,0.018,14117.0,0.01799,18822.0,0.01803,43960.0,0.01804,77942.0
1753533224169,12:33:44.169,BSW/USDT:USDT,0.018,30386.0,0.01799,18822.0,0.01803,43960.0,0.01804,77942.0
1753533224212,12:33:44.212,BSW/USDT:USDT,0.018,30386.0,0.01799,18822.0,0.01803,43960.0,0.01804,77942.0
1753533224325,12:33:44.325,BSW/USDT:USDT,0.018,14117.0,0.01799,18822.0,0.01803,43960.0,0.01804,77942.0
1753533224453,12:33:44.453,BSW/USDT:USDT,0.018,14117.0,0.01799,18822.0,0.01803,43960.0,0.01804,77942.0
1753533224523,12:33:44.523,BSW/USDT:USDT,0.018,30386.0,0.01799,18822.0,0.01803,43960.0,0.01804,77942.0
1753533224624,12:33:44.624,BSW/USDT:USDT,0.018,14117.0,0.01799,18822.0,0.01803,43960.0,0.01804,77942.0
1753533224729,12:33:44.729,BSW/USDT:USDT,0.018,30386.0,0.01799,18822.0,0.01803,43960.0,0.01804,77942.0
1753533225041,12:33:45.041,BSW/USDT:USDT,0.018,14117.0,0.01799,18822.0,0.01803,43960.0,0.01804,77942.0
1753533225141,12:33:45.141,BSW/USDT:USDT,0.018,30386.0,0.01799,18822.0,0.01803,43960.0,0.01804,77942.0
1753533225234,12:33:45.234,BSW/USDT:USDT,0.018,14117.0,0.01799,18822.0,0.01803,43960.0,0.01804,77942.0
1753533225331,12:33:45.331,BSW/USDT:USDT,0.018,30386.0,0.01799,18822.0,0.01803,43960.0,0.01804,77942.0
1753533225754,12:33:45.754,BSW/USDT:USDT,0.018,30386.0,0.01799,18822.0,0.01803,43960.0,0.01804,77942.0
1753533226058,12:33:46.058,BSW/USDT:USDT,0.018,14117.0,0.01799,18822.0,0.01803,43960.0,0.01804,77942.0
1753533226119,12:33:46.119,BSW/USDT:USDT,0.018,30386.0,0.01799,18822.0,0.01803,43960.0,0.01804,77942.0
1753533226238,12:33:46.238,BSW/USDT:USDT,0.018,14117.0,0.01799,18822.0,0.01803,43960.0,0.01804,77942.0
1753533226319,12:33:46.319,BSW/USDT:USDT,0.018,30386.0,0.01799,18822.0,0.01803,43960.0,0.01804,77942.0
1753533226472,12:33:46.472,BSW/USDT:USDT,0.018,14117.0,0.01799,18822.0,0.01803,43960.0,0.01804,77942.0
1753533226517,12:33:46.517,BSW/USDT:USDT,0.018,30386.0,0.01799,18822.0,0.01803,43960.0,0.01804,77942.0
1753533226715,12:33:46.715,BSW/USDT:USDT,0.018,30386.0,0.01799,18822.0,0.01803,43960.0,0.01804,77942.0
1753533226925,12:33:46.925,BSW/USDT:USDT,0.018,14117.0,0.01799,18822.0,0.01803,43960.0,0.01804,77942.0
1753533227021,12:33:47.021,BSW/USDT:USDT,0.018,30386.0,0.01799,18822.0,0.01803,43960.0,0.01804,77942.0
1753533227385,12:33:47.385,BSW/USDT:USDT,0.018,35386.0,0.01799,18822.0,0.01803,43960.0,0.01804,77942.0
1753533230082,12:33:50.082,BSW/USDT:USDT,0.018,35386.0,0.01799,18822.0,0.01803,43960.0,0.01804,77942.0
1753533232225,12:33:52.225,BSW/USDT:USDT,0.018,19117.0,0.01799,18822.0,0.01803,43960.0,0.01804,77942.0
1753533232327,12:33:52.327,BSW/USDT:USDT,0.018,35386.0,0.01799,18822.0,0.01803,43960.0,0.01804,77942.0
1753533234882,12:33:54.882,BSW/USDT:USDT,0.018,35386.0,0.01799,18822.0,0.01803,43960.0,0.01804,77942.0
1753533236772,12:33:56.772,BSW/USDT:USDT,0.018,35386.0,0.01799,18822.0,0.01803,43960.0,0.01804,16782.0
1753533236896,12:33:56.896,BSW/USDT:USDT,0.018,35386.0,0.01799,18822.0,0.01803,45343.0,0.01804,98823.0
1753533237240,12:33:57.240,BSW/USDT:USDT,0.018,35386.0,0.01799,18822.0,0.01803,45343.0,0.01804,82554.0
1753533237620,12:33:57.620,BSW/USDT:USDT,0.018,19117.0,0.01799,18822.0,0.01803,45343.0,0.01804,82554.0
1753533237721,12:33:57.721,BSW/USDT:USDT,0.018,35386.0,0.01799,18822.0,0.01803,45343.0,0.01804,82554.0
1753533238545,12:33:58.545,BSW/USDT:USDT,0.018,19117.0,0.01799,18822.0,0.01803,45343.0,0.01804,82554.0
1753533238620,12:33:58.620,BSW/USDT:USDT,0.018,35386.0,0.01799,18822.0,0.01803,45343.0,0.01804,82554.0
1753533238725,12:33:58.725,BSW/USDT:USDT,0.018,19117.0,0.01799,18822.0,0.01803,45343.0,0.01804,82554.0
1753533238827,12:33:58.827,BSW/USDT:USDT,0.018,35386.0,0.01799,18822.0,0.01803,45343.0,0.01804,82554.0
1753533239124,12:33:59.124,BSW/USDT:USDT,0.018,19117.0,0.01799,18822.0,0.01803,45343.0,0.01804,82554.0
1753533239222,12:33:59.222,BSW/USDT:USDT,0.018,35386.0,0.01799,18822.0,0.01803,45343.0,0.01804,82554.0
1753533239424,12:33:59.424,BSW/USDT:USDT,0.018,19117.0,0.01799,18822.0,0.01803,45343.0,0.01804,82554.0
1753533239521,12:33:59.521,BSW/USDT:USDT,0.018,35386.0,0.01799,18822.0,0.01803,45343.0,0.01804,82554.0
1753533239682,12:33:59.682,BSW/USDT:USDT,0.018,35386.0,0.01799,18822.0,0.01803,45343.0,0.01804,82554.0
1753533241073,12:34:01.073,BSW/USDT:USDT,0.018,35386.0,0.01799,18822.0,0.01803,45343.0,0.01804,82554.0
1753533241110,12:34:01.110,BSW/USDT:USDT,0.018,35386.0,0.01799,18822.0,0.01803,45343.0,0.01804,82554.0
1753533241873,12:34:01.873,BSW/USDT:USDT,0.018,35386.0,0.01799,18822.0,0.01803,19231.0,0.01804,32368.0
1753533244183,12:34:04.183,BSW/USDT:USDT,0.018,35386.0,0.01799,18822.0,0.01803,5000.0,0.01804,32368.0
1753533244526,12:34:04.526,BSW/USDT:USDT,0.018,35386.0,0.01799,18822.0,0.01803,5000.0,0.01804,32368.0
1753533244763,12:34:04.763,BSW/USDT:USDT,0.018,35386.0,0.01799,18822.0,0.01803,5000.0,0.01804,48637.0
1753533249282,12:34:09.282,BSW/USDT:USDT,0.018,35386.0,0.01799,18822.0,0.01803,5000.0,0.01804,48637.0
1753533251663,12:34:11.663,BSW/USDT:USDT,0.018,35386.0,0.01799,18822.0,0.01803,5000.0,0.01804,48637.0
1753533251979,12:34:11.979,BSW/USDT:USDT,0.018,19117.0,0.01799,18822.0,0.01803,5000.0,0.01804,48637.0
1753533252094,12:34:12.094,BSW/USDT:USDT,0.018,35386.0,0.01799,18822.0,0.01803,5000.0,0.01804,48637.0
1753533252193,12:34:12.193,BSW/USDT:USDT,0.018,19117.0,0.01799,18822.0,0.01803,5000.0,0.01804,48637.0
1753533252784,12:34:12.784,BSW/USDT:USDT,0.018,35386.0,0.01799,18822.0,0.01803,5000.0,0.01804,48637.0
1753533253508,12:34:13.508,BSW/USDT:USDT,0.018,19117.0,0.01799,18822.0,0.01803,5000.0,0.01804,48637.0
1753533254082,12:34:14.082,BSW/USDT:USDT,0.018,19117.0,0.01799,18822.0,0.01803,5000.0,0.01804,48637.0
1753533254924,12:34:14.924,BSW/USDT:USDT,0.018,35386.0,0.01799,18822.0,0.01803,5000.0,0.01804,48637.0
1753533258883,12:34:18.883,BSW/USDT:USDT,0.018,35386.0,0.01799,18822.0,0.01803,5000.0,0.01804,48637.0
1753533260419,12:34:20.419,BSW/USDT:USDT,0.018,35386.0,0.01799,18822.0,0.01803,5000.0,0.01804,53259.0
1753533261920,12:34:21.920,BSW/USDT:USDT,0.018,35386.0,0.01799,18822.0,0.01803,5001.0,0.01804,53259.0
1753533263683,12:34:23.683,BSW/USDT:USDT,0.018,35386.0,0.01799,18822.0,0.01803,5001.0,0.01804,53259.0
1753533268486,12:34:28.486,BSW/USDT:USDT,0.018,35386.0,0.01799,18822.0,0.01803,5001.0,0.01804,53259.0
1753533273283,12:34:33.283,BSW/USDT:USDT,0.018,35386.0,0.01799,18822.0,0.01803,5001.0,0.01804,53259.0
1753533275654,12:34:35.654,BSW/USDT:USDT,0.018,35386.0,0.01799,18822.0,0.01803,5001.0,0.01804,57221.0
1753533276018,12:34:36.018,BSW/USDT:USDT,0.018,35386.0,0.01799,18822.0,0.01803,5000.0,0.01804,57221.0
1753533278085,12:34:38.085,BSW/USDT:USDT,0.018,35386.0,0.01799,18822.0,0.01803,5000.0,0.01804,57221.0
1753533279330,12:34:39.330,BSW/USDT:USDT,0.018,35386.0,0.01799,18822.0,0.01803,5000.0,0.01804,53259.0
1753533282883,12:34:42.883,BSW/USDT:USDT,0.018,35386.0,0.01799,18822.0,0.01803,5000.0,0.01804,53259.0
1753533285772,12:34:45.772,BSW/USDT:USDT,0.018,35386.0,0.01799,18822.0,0.01803,5000.0,0.01804,53259.0
1753533285776,12:34:45.776,BSW/USDT:USDT,0.018,35386.0,0.01799,18822.0,0.01803,5000.0,0.01804,37673.0
1753533285896,12:34:45.896,BSW/USDT:USDT,0.018,35386.0,0.01799,18822.0,0.01803,5000.0,0.01804,53226.0
1753533287683,12:34:47.683,BSW/USDT:USDT,0.018,35386.0,0.01799,18822.0,0.01803,5000.0,0.01804,53226.0
1753533288921,12:34:48.921,BSW/USDT:USDT,0.018,19117.0,0.01799,18822.0,0.01803,21269.0,0.01804,53226.0
1753533289155,12:34:49.155,BSW/USDT:USDT,0.018,19117.0,0.01799,18822.0,0.01803,5000.0,0.01804,53226.0
1753533289264,12:34:49.264,BSW/USDT:USDT,0.018,19117.0,0.01799,18822.0,0.01803,5000.0,0.01804,53226.0
1753533289372,12:34:49.372,BSW/USDT:USDT,0.018,19117.0,0.01799,18822.0,0.01803,21269.0,0.01804,53226.0
1753533289397,12:34:49.397,BSW/USDT:USDT,0.018,19117.0,0.01799,18822.0,0.01803,5000.0,0.01804,53226.0
1753533289758,12:34:49.758,BSW/USDT:USDT,0.018,19117.0,0.01799,18822.0,0.01803,5000.0,0.01804,53226.0
1753533289813,12:34:49.813,BSW/USDT:USDT,0.018,19117.0,0.01799,18822.0,0.01803,19279.0,0.01804,53226.0
1753533289921,12:34:49.921,BSW/USDT:USDT,0.018,19117.0,0.01799,18822.0,0.01803,19279.0,0.01804,53226.0
1753533290020,12:34:50.020,BSW/USDT:USDT,0.018,19117.0,0.01799,18822.0,0.01803,19279.0,0.01804,53226.0
1753533290233,12:34:50.233,BSW/USDT:USDT,0.018,19117.0,0.01799,18822.0,0.01803,19279.0,0.01804,48604.0
1753533291336,12:34:51.336,BSW/USDT:USDT,0.018,19117.0,0.01799,18822.0,0.01803,35548.0,0.01804,48604.0
1753533291387,12:34:51.387,BSW/USDT:USDT,0.018,19117.0,0.01799,18822.0,0.01803,35548.0,0.01804,48604.0
1753533291661,12:34:51.661,BSW/USDT:USDT,0.018,19117.0,0.01799,18822.0,0.01803,19279.0,0.01804,48604.0
1753533291725,12:34:51.725,BSW/USDT:USDT,0.018,19117.0,0.01799,18822.0,0.01803,35548.0,0.01804,53226.0
1753533291828,12:34:51.828,BSW/USDT:USDT,0.018,19117.0,0.01799,18822.0,0.01803,35548.0,0.01804,53226.0
1753533292484,12:34:52.484,BSW/USDT:USDT,0.018,19117.0,0.01799,18822.0,0.01803,35548.0,0.01804,53226.0
1753533297283,12:34:57.283,BSW/USDT:USDT,0.018,19117.0,0.01799,18822.0,0.01803,35548.0,0.01804,53226.0
1753533302085,12:35:02.085,BSW/USDT:USDT,0.018,19117.0,0.01799,18822.0,0.01803,35548.0,0.01804,53226.0
1753533303271,12:35:03.271,BSW/USDT:USDT,0.018,19117.0,0.01799,18822.0,0.01803,35548.0,0.01804,48604.0
1753533306896,12:35:06.896,BSW/USDT:USDT,0.018,19117.0,0.01799,18822.0,0.01803,35548.0,0.01804,48604.0
1753533308182,12:35:08.182,BSW/USDT:USDT,0.018,19117.0,0.01799,18822.0,0.01803,35548.0,0.01804,48604.0
1753533309973,12:35:09.973,BSW/USDT:USDT,0.018,5497.0,0.01799,18822.0,0.01802,12042.0,0.01803,40140.0
1753533310017,12:35:10.017,BSW/USDT:USDT,0.018,5497.0,0.01799,18822.0,0.01802,23331.0,0.01803,101070.0
1753533310394,12:35:10.394,BSW/USDT:USDT,0.018,5497.0,0.01799,18822.0,0.01802,23331.0,0.01803,101070.0
1753533311684,12:35:11.684,BSW/USDT:USDT,0.018,5497.0,0.01799,18822.0,0.01802,23331.0,0.01803,101070.0
1753533312839,12:35:12.839,BSW/USDT:USDT,0.018,273.0,0.01799,18822.0,0.01802,23331.0,0.01803,101070.0
1753533312920,12:35:12.920,BSW/USDT:USDT,0.018,273.0,0.01799,18822.0,0.01802,23555.0,0.01803,101070.0
1753533313415,12:35:13.415,BSW/USDT:USDT,0.018,273.0,0.01799,18822.0,0.01802,28555.0,0.01803,101070.0
1753533314969,12:35:14.969,BSW/USDT:USDT,0.018,497.0,0.01799,18822.0,0.01802,28331.0,0.01803,101070.0
1753533314979,12:35:14.979,BSW/USDT:USDT,0.018,497.0,0.01799,18822.0,0.01802,28331.0,0.01803,101070.0
1753533315221,12:35:15.221,BSW/USDT:USDT,0.018,497.0,0.01799,18822.0,0.01802,28331.0,0.01803,101070.0
1753533316496,12:35:16.496,BSW/USDT:USDT,0.018,497.0,0.01799,18822.0,0.01802,28331.0,0.01803,101070.0
1753533321284,12:35:21.284,BSW/USDT:USDT,0.018,497.0,0.01799,18822.0,0.01802,28331.0,0.01803,101070.0
1753533326084,12:35:26.084,BSW/USDT:USDT,0.018,497.0,0.01799,18822.0,0.01802,28331.0,0.01803,101070.0
1753533326674,12:35:26.674,BSW/USDT:USDT,0.018,497.0,0.01799,18822.0,0.01802,28555.0,0.01803,101070.0
1753533326776,12:35:26.776,BSW/USDT:USDT,0.018,497.0,0.01799,18822.0,0.01802,28555.0,0.01803,101070.0
1753533330268,12:35:30.268,BSW/USDT:USDT,0.018,497.0,0.01799,18822.0,0.01802,28779.0,0.01803,101070.0
1753533330887,12:35:30.887,BSW/USDT:USDT,0.018,497.0,0.01799,18822.0,0.01802,28779.0,0.01803,101070.0
1753533334932,12:35:34.932,BSW/USDT:USDT,0.018,49.0,0.01799,18822.0,0.01802,28779.0,0.01803,101070.0
1753533335017,12:35:35.017,BSW/USDT:USDT,0.018,497.0,0.01799,18822.0,0.01802,28779.0,0.01803,101070.0
1753533337267,12:35:37.267,BSW/USDT:USDT,0.018,49.0,0.01799,18822.0,0.01802,28779.0,0.01803,101070.0
1753533337352,12:35:37.352,BSW/USDT:USDT,0.018,497.0,0.01799,18822.0,0.01802,28331.0,0.01803,101070.0
1753533337453,12:35:37.453,BSW/USDT:USDT,0.018,497.0,0.01799,18822.0,0.01802,28331.0,0.01803,96478.0
1753533337566,12:35:37.566,BSW/USDT:USDT,0.018,497.0,0.01799,18822.0,0.01802,28331.0,0.01803,80209.0
1753533337673,12:35:37.673,BSW/USDT:USDT,0.018,49.0,0.01799,18822.0,0.01802,28331.0,0.01803,80209.0
1753533337737,12:35:37.737,BSW/USDT:USDT,0.018,497.0,0.01799,18822.0,0.01802,28555.0,0.01803,80209.0
1753533339502,12:35:39.502,BSW/USDT:USDT,0.018,497.0,0.01799,18822.0,0.01802,28331.0,0.01803,80209.0
1753533341885,12:35:41.885,BSW/USDT:USDT,0.018,497.0,0.01799,18822.0,0.01802,28331.0,0.01803,80209.0
1753533345356,12:35:45.356,BSW/USDT:USDT,0.018,497.0,0.01799,18822.0,0.01802,28555.0,0.01803,80209.0
1753533346687,12:35:46.687,BSW/USDT:USDT,0.018,497.0,0.01799,18822.0,0.01802,28555.0,0.01803,80209.0
1753533346984,12:35:46.984,BSW/USDT:USDT,0.018,273.0,0.01799,18822.0,0.01802,28555.0,0.01803,80209.0
1753533349585,12:35:49.585,BSW/USDT:USDT,0.018,497.0,0.01799,18822.0,0.01802,28555.0,0.01803,80209.0
1753533350084,12:35:50.084,BSW/USDT:USDT,0.018,273.0,0.01799,18822.0,0.01802,28555.0,0.01803,80209.0
1753533351485,12:35:51.485,BSW/USDT:USDT,0.018,273.0,0.01799,18822.0,0.01802,28555.0,0.01803,80209.0
1753533351835,12:35:51.835,BSW/USDT:USDT,0.018,273.0,0.01799,18822.0,0.01802,28555.0,0.01803,80209.0
1753533353033,12:35:53.033,BSW/USDT:USDT,0.018,49.0,0.01799,18822.0,0.01802,28779.0,0.01803,80209.0
1753533353552,12:35:53.552,BSW/USDT:USDT,0.018,49.0,0.01799,18822.0,0.01802,45048.0,0.01803,80209.0
1753533353873,12:35:53.873,BSW/USDT:USDT,0.018,49.0,0.01799,18822.0,0.01801,61218.0,0.01802,44600.0
1753533353902,12:35:53.902,BSW/USDT:USDT,0.018,49.0,0.01799,18822.0,0.01801,61218.0,0.01802,21269.0
1753533354007,12:35:54.007,BSW/USDT:USDT,0.018,49.0,0.01799,18822.0,0.01801,61218.0,0.01802,21269.0
1753533354416,12:35:54.416,BSW/USDT:USDT,0.018,49.0,0.01799,18822.0,0.01801,61218.0,0.01802,21269.0
1753533356285,12:35:56.285,BSW/USDT:USDT,0.018,49.0,0.01799,18822.0,0.01801,61218.0,0.01802,21269.0
1753533357338,12:35:57.338,BSW/USDT:USDT,0.018,49.0,0.01799,18822.0,0.01801,60770.0,0.01802,18766.0
1753533358661,12:35:58.661,BSW/USDT:USDT,0.018,49.0,0.01799,18822.0,0.01802,18990.0,0.01803,35548.0
1753533358700,12:35:58.700,BSW/USDT:USDT,0.018,49.0,0.01799,18822.0,0.01801,60994.0,0.01802,18990.0
1753533358824,12:35:58.824,BSW/USDT:USDT,0.018,49.0,0.01799,18822.0,0.01801,60994.0,0.01802,18990.0
1753533361002,12:36:01.002,BSW/USDT:USDT,0.018,49.0,0.01799,18822.0,0.01801,60994.0,0.01802,18990.0
1753533361293,12:36:01.293,BSW/USDT:USDT,0.018,49.0,0.01799,18822.0,0.01801,60770.0,0.01802,18990.0
1753533361378,12:36:01.378,BSW/USDT:USDT,0.018,49.0,0.01799,18822.0,0.01801,60994.0,0.01802,18990.0
1753533362536,12:36:02.536,BSW/USDT:USDT,0.018,49.0,0.01799,18822.0,0.01801,60994.0,0.01802,18990.0
1753533370581,12:36:10.581,BSW/USDT:USDT,0.018,49.0,0.01799,18822.0,0.01801,60994.0,0.01802,18990.0
1753533374036,12:36:14.036,BSW/USDT:USDT,0.018,49.0,0.01799,18822.0,0.01801,60994.0,0.01802,18990.0
1753533378772,12:36:18.772,BSW/USDT:USDT,0.018,49.0,0.01799,18822.0,0.01801,60994.0,0.01802,18990.0
1753533378873,12:36:18.873,BSW/USDT:USDT,0.018,49.0,0.01799,18822.0,0.01801,60994.0,0.01802,18990.0
1753533378876,12:36:18.876,BSW/USDT:USDT,0.018,49.0,0.01799,18822.0,0.01801,60994.0,0.01802,18990.0
1753533380343,12:36:20.343,BSW/USDT:USDT,0.018,49.0,0.01799,18822.0,0.01801,61218.0,0.01802,18766.0
1753533382589,12:36:22.589,BSW/USDT:USDT,0.018,49.0,0.01799,18822.0,0.01801,60994.0,0.01802,18766.0
1753533382921,12:36:22.921,BSW/USDT:USDT,0.018,49.0,0.01799,18822.0,0.01801,60994.0,0.01802,18766.0
1753533383018,12:36:23.018,BSW/USDT:USDT,0.018,49.0,0.01799,18822.0,0.01801,60994.0,0.01802,18766.0
1753533384493,12:36:24.493,BSW/USDT:USDT,0.018,49.0,0.01799,18822.0,0.01801,60994.0,0.01802,18766.0
1753533386778,12:36:26.778,BSW/USDT:USDT,0.018,49.0,0.01799,18822.0,0.01801,60994.0,0.01802,18766.0
1753533387903,12:36:27.903,BSW/USDT:USDT,0.018,49.0,0.01799,18822.0,0.01801,60994.0,0.01802,18766.0
1753533392425,12:36:32.425,BSW/USDT:USDT,0.018,49.0,0.01799,18822.0,0.01801,61218.0,0.01802,18766.0
1753533392703,12:36:32.703,BSW/USDT:USDT,0.018,49.0,0.01799,18822.0,0.01801,61218.0,0.01802,18766.0
1753533393832,12:36:33.832,BSW/USDT:USDT,0.018,49.0,0.01799,18822.0,0.01801,60994.0,0.01802,18766.0
1753533393886,12:36:33.886,BSW/USDT:USDT,0.018,49.0,0.01799,18822.0,0.01801,61218.0,0.01802,18766.0
1753533394960,12:36:34.960,BSW/USDT:USDT,0.018,49.0,0.01799,18822.0,0.01801,60994.0,0.01802,18766.0
1753533395014,12:36:35.014,BSW/USDT:USDT,0.018,49.0,0.01799,18822.0,0.01801,61218.0,0.01802,18766.0
1753533395170,12:36:35.170,BSW/USDT:USDT,0.018,49.0,0.01799,18822.0,0.01801,61218.0,0.01802,18766.0
1753533395226,12:36:35.226,BSW/USDT:USDT,0.018,49.0,0.01799,18822.0,0.01801,61218.0,0.01802,18766.0
1753533395352,12:36:35.352,BSW/USDT:USDT,0.018,49.0,0.01799,18822.0,0.01801,60994.0,0.01802,18766.0
1753533395390,12:36:35.390,BSW/USDT:USDT,0.018,49.0,0.01799,18822.0,0.01801,61218.0,0.01802,18766.0
1753533395951,12:36:35.951,BSW/USDT:USDT,0.018,49.0,0.01799,18822.0,0.01801,60994.0,0.01802,18766.0
1753533395976,12:36:35.976,BSW/USDT:USDT,0.018,49.0,0.01799,18822.0,0.01801,61218.0,0.01802,18766.0
1753533396950,12:36:36.950,BSW/USDT:USDT,0.018,49.0,0.01799,18822.0,0.01801,60994.0,0.01802,18766.0
1753533396976,12:36:36.976,BSW/USDT:USDT,0.018,49.0,0.01799,18822.0,0.01801,61218.0,0.01802,18766.0
1753533397373,12:36:37.373,BSW/USDT:USDT,0.018,49.0,0.01799,18822.0,0.01801,61218.0,0.01802,18766.0
1753533397503,12:36:37.503,BSW/USDT:USDT,0.018,49.0,0.01799,18822.0,0.01801,61218.0,0.01802,18766.0
1753533397869,12:36:37.869,BSW/USDT:USDT,0.018,49.0,0.01799,18822.0,0.01801,60994.0,0.01802,18766.0
1753533397912,12:36:37.912,BSW/USDT:USDT,0.018,49.0,0.01799,18822.0,0.01801,61218.0,0.01802,18766.0
1753533398159,12:36:38.159,BSW/USDT:USDT,0.018,49.0,0.01799,18822.0,0.01801,60994.0,0.01802,18766.0
1753533398219,12:36:38.219,BSW/USDT:USDT,0.018,49.0,0.01799,18822.0,0.01801,61218.0,0.01802,18766.0
1753533398937,12:36:38.937,BSW/USDT:USDT,0.018,49.0,0.01799,18822.0,0.01801,60994.0,0.01802,18766.0
1753533398977,12:36:38.977,BSW/USDT:USDT,0.018,49.0,0.01799,18822.0,0.01801,61218.0,0.01802,18766.0
1753533399872,12:36:39.872,BSW/USDT:USDT,0.01798,19322.0,0.01797,21269.0,0.01801,60994.0,0.01802,18766.0
1753533399935,12:36:39.935,BSW/USDT:USDT,0.01798,5027.0,0.01797,21269.0,0.018,13673.0,0.01801,60770.0
1753533400053,12:36:40.053,BSW/USDT:USDT,0.01798,5027.0,0.01797,21269.0,0.018,26707.0,0.01801,60770.0
1753533400170,12:36:40.170,BSW/USDT:USDT,0.01798,5027.0,0.01797,21269.0,0.018,26707.0,0.01801,60770.0
1753533400434,12:36:40.434,BSW/USDT:USDT,0.01798,5027.0,0.01797,21269.0,0.018,26707.0,0.01801,60770.0
1753533400527,12:36:40.527,BSW/USDT:USDT,0.01798,5027.0,0.01797,21269.0,0.018,26707.0,0.01801,60770.0
1753533400771,12:36:40.771,BSW/USDT:USDT,0.01798,5027.0,0.01797,5000.0,0.018,26707.0,0.01801,60770.0
1753533400789,12:36:40.789,BSW/USDT:USDT,0.01798,5027.0,0.01797,34044.0,0.018,26707.0,0.01801,60770.0
1753533402303,12:36:42.303,BSW/USDT:USDT,0.01798,5027.0,0.01797,34044.0,0.018,26707.0,0.01801,60770.0
1753533404278,12:36:44.278,BSW/USDT:USDT,0.01798,5027.0,0.01797,34044.0,0.018,26707.0,0.01801,60770.0
1753533404431,12:36:44.431,BSW/USDT:USDT,0.01798,5027.0,0.01797,34044.0,0.018,26707.0,0.01801,60770.0
1753533406371,12:36:46.371,BSW/USDT:USDT,0.01798,5027.0,0.01797,34044.0,0.018,31707.0,0.01801,60770.0
1753533406558,12:36:46.558,BSW/USDT:USDT,0.01798,5027.0,0.01797,34044.0,0.018,31707.0,0.01801,60770.0
1753533407136,12:36:47.136,BSW/USDT:USDT,0.01798,5027.0,0.01797,34044.0,0.018,31707.0,0.01801,93308.0
1753533407199,12:36:47.199,BSW/USDT:USDT,0.01798,5027.0,0.01797,34044.0,0.018,31707.0,0.01801,77039.0
1753533408329,12:36:48.329,BSW/USDT:USDT,0.01798,5027.0,0.01797,34044.0,0.018,31707.0,0.01801,77039.0
1753533409621,12:36:49.621,BSW/USDT:USDT,0.01798,5027.0,0.01797,34044.0,0.018,31707.0,0.01801,93308.0
1753533409724,12:36:49.724,BSW/USDT:USDT,0.01798,5027.0,0.01797,34044.0,0.018,31707.0,0.01801,77039.0
1753533411904,12:36:51.904,BSW/USDT:USDT,0.01798,5027.0,0.01797,34044.0,0.018,31707.0,0.01801,77039.0
1753533415267,12:36:55.267,BSW/USDT:USDT,0.01798,5027.0,0.01797,34044.0,0.018,31707.0,0.01801,82039.0
1753533416705,12:36:56.705,BSW/USDT:USDT,0.01798,5027.0,0.01797,34044.0,0.018,31707.0,0.01801,82039.0
1753533421507,12:37:01.507,BSW/USDT:USDT,0.01798,5027.0,0.01797,34044.0,0.018,31707.0,0.01801,82039.0
1753533422546,12:37:02.546,BSW/USDT:USDT,0.01798,5027.0,0.01797,34044.0,0.018,31707.0,0.01801,82039.0
1753533426316,12:37:06.316,BSW/USDT:USDT,0.01798,5027.0,0.01797,34044.0,0.018,31707.0,0.01801,82039.0
1753533431104,12:37:11.104,BSW/USDT:USDT,0.01798,5027.0,0.01797,34044.0,0.018,31707.0,0.01801,82039.0
1753533435904,12:37:15.904,BSW/USDT:USDT,0.01798,5027.0,0.01797,34044.0,0.018,31707.0,0.01801,82039.0
1753533440704,12:37:20.704,BSW/USDT:USDT,0.01798,5027.0,0.01797,34044.0,0.018,31707.0,0.01801,82039.0
1753533443518,12:37:23.518,BSW/USDT:USDT,0.01798,5027.0,0.01797,34044.0,0.018,31707.0,0.01801,82039.0
1753533445143,12:37:25.143,BSW/USDT:USDT,0.01798,5027.0,0.01797,34044.0,0.018,31707.0,0.01801,82039.0
1753533445183,12:37:25.183,BSW/USDT:USDT,0.01798,5027.0,0.01797,34044.0,0.018,31707.0,0.01801,82039.0
1753533457501,12:37:37.501,BSW/USDT:USDT,0.01798,5027.0,0.01797,34044.0,0.018,31707.0,0.01801,82039.0
1753533466371,12:37:46.371,BSW/USDT:USDT,0.01798,5027.0,0.01797,34044.0,0.018,31707.0,0.01801,21269.0
1753533466376,12:37:46.376,BSW/USDT:USDT,0.01798,5027.0,0.01797,34044.0,0.018,18673.0,0.01801,21269.0
1753533466761,12:37:46.761,BSW/USDT:USDT,0.01798,5027.0,0.01797,34044.0,0.018,79103.0,0.01801,21269.0
1753533466777,12:37:46.777,BSW/USDT:USDT,0.01798,5027.0,0.01797,34044.0,0.018,79103.0,0.01801,21269.0
1753533470856,12:37:50.856,BSW/USDT:USDT,0.01798,5027.0,0.01797,34044.0,0.018,90364.0,0.01801,37538.0
1753533470917,12:37:50.917,BSW/USDT:USDT,0.01798,5027.0,0.01797,34044.0,0.018,90364.0,0.01801,37538.0
1753533471397,12:37:51.397,BSW/USDT:USDT,0.01798,5027.0,0.01797,34044.0,0.018,79103.0,0.01801,21269.0
1753533473191,12:37:53.191,BSW/USDT:USDT,0.01798,5027.0,0.01797,34044.0,0.018,79103.0,0.01801,21269.0
1753533477997,12:37:57.997,BSW/USDT:USDT,0.01798,5027.0,0.01797,34044.0,0.018,79103.0,0.01801,21269.0
1753533478372,12:37:58.372,BSW/USDT:USDT,0.01798,5027.0,0.01797,34044.0,0.018,79103.0,0.01801,21269.0
1753533483616,12:38:03.616,BSW/USDT:USDT,0.01798,27.0,0.01797,34044.0,0.018,79103.0,0.01801,21269.0
1753533484222,12:38:04.222,BSW/USDT:USDT,0.01798,27.0,0.01797,5000.0,0.018,79103.0,0.01801,21269.0
1753533484276,12:38:04.276,BSW/USDT:USDT,0.01798,27.0,0.01797,16852.0,0.018,79103.0,0.01801,21269.0
1753533484471,12:38:04.471,BSW/USDT:USDT,0.01798,27.0,0.01797,5000.0,0.018,79103.0,0.01801,21269.0
1753533484546,12:38:04.546,BSW/USDT:USDT,0.01798,27.0,0.01797,5000.0,0.018,90364.0,0.01801,37538.0
1753533484591,12:38:04.591,BSW/USDT:USDT,0.01798,27.0,0.01797,5000.0,0.01799,19332.0,0.018,90364.0
1753533484754,12:38:04.754,BSW/USDT:USDT,0.01798,27.0,0.01796,74988.0,0.01799,19556.0,0.018,90364.0
1753533484827,12:38:04.827,BSW/USDT:USDT,0.01798,27.0,0.01796,74988.0,0.01799,19780.0,0.018,90364.0
1753533484931,12:38:04.931,BSW/USDT:USDT,0.01798,27.0,0.01796,51235.0,0.01799,19556.0,0.018,90364.0
1753533484980,12:38:04.980,BSW/USDT:USDT,0.01798,27.0,0.01796,51235.0,0.01799,19780.0,0.018,90364.0
1753533485772,12:38:05.772,BSW/USDT:USDT,0.01798,27.0,0.01796,74988.0,0.01799,19332.0,0.018,90364.0
1753533485808,12:38:05.808,BSW/USDT:USDT,0.01798,27.0,0.01796,74988.0,0.01799,19556.0,0.018,90364.0
1753533485959,12:38:05.959,BSW/USDT:USDT,0.01798,27.0,0.01796,74988.0,0.01799,19556.0,0.018,90364.0
1753533486073,12:38:06.073,BSW/USDT:USDT,0.01798,27.0,0.01796,74988.0,0.01799,19556.0,0.018,90364.0
1753533486134,12:38:06.134,BSW/USDT:USDT,0.01798,27.0,0.01796,74988.0,0.01799,19332.0,0.018,90364.0
1753533486248,12:38:06.248,BSW/USDT:USDT,0.01798,27.0,0.01796,74988.0,0.01799,19332.0,0.018,90364.0
1753533486367,12:38:06.367,BSW/USDT:USDT,0.01798,27.0,0.01796,74988.0,0.01799,19332.0,0.018,79103.0
1753533486431,12:38:06.431,BSW/USDT:USDT,0.01798,27.0,0.01796,74988.0,0.01799,5000.0,0.018,79103.0
1753533486565,12:38:06.565,BSW/USDT:USDT,0.01798,27.0,0.01796,74988.0,0.01799,5000.0,0.018,79103.0
1753533486655,12:38:06.655,BSW/USDT:USDT,0.01798,27.0,0.01796,74988.0,0.01799,5000.0,0.018,90364.0
1753533486770,12:38:06.770,BSW/USDT:USDT,0.01798,27.0,0.01796,74988.0,0.01799,5000.0,0.018,90364.0
1753533486870,12:38:06.870,BSW/USDT:USDT,0.01798,251.0,0.01796,74988.0,0.01799,5000.0,0.018,90364.0
1753533486938,12:38:06.938,BSW/USDT:USDT,0.01798,27.0,0.01796,74988.0,0.01799,5000.0,0.018,90364.0
1753533487054,12:38:07.054,BSW/USDT:USDT,0.01798,27.0,0.01796,74988.0,0.01799,5000.0,0.018,90364.0
1753533487134,12:38:07.134,BSW/USDT:USDT,0.01798,27.0,0.01796,74988.0,0.01799,5000.0,0.018,90364.0
1753533487242,12:38:07.242,BSW/USDT:USDT,0.01798,27.0,0.01796,74988.0,0.01799,5000.0,0.018,90364.0
1753533487351,12:38:07.351,BSW/USDT:USDT,0.01798,27.0,0.01796,74988.0,0.01799,5000.0,0.018,90364.0
1753533487470,12:38:07.470,BSW/USDT:USDT,0.01798,251.0,0.01797,5000.0,0.01799,5000.0,0.018,90364.0
1753533487565,12:38:07.565,BSW/USDT:USDT,0.01798,27.0,0.01797,5000.0,0.01799,5000.0,0.018,90364.0
1753533487653,12:38:07.653,BSW/USDT:USDT,0.01798,27.0,0.01797,5000.0,0.01799,5000.0,0.018,90364.0
1753533487734,12:38:07.734,BSW/USDT:USDT,0.01798,27.0,0.01797,5000.0,0.01799,5000.0,0.018,90364.0
1753533487826,12:38:07.826,BSW/USDT:USDT,0.01798,27.0,0.01797,5000.0,0.01799,5000.0,0.018,90364.0
1753533487945,12:38:07.945,BSW/USDT:USDT,0.01798,251.0,0.01797,5000.0,0.01799,5000.0,0.018,90364.0
1753533488021,12:38:08.021,BSW/USDT:USDT,0.01798,27.0,0.01797,5000.0,0.01799,5000.0,0.018,90364.0
1753533488151,12:38:08.151,BSW/USDT:USDT,0.01798,27.0,0.01797,5000.0,0.01799,5000.0,0.018,90364.0
1753533488261,12:38:08.261,BSW/USDT:USDT,0.01798,27.0,0.01797,5000.0,0.01799,5000.0,0.018,90364.0
1753533488366,12:38:08.366,BSW/USDT:USDT,0.01798,27.0,0.01797,5000.0,0.01799,5000.0,0.018,90364.0
1753533488463,12:38:08.463,BSW/USDT:USDT,0.01798,27.0,0.01797,5000.0,0.01799,5000.0,0.018,90364.0
1753533488572,12:38:08.572,BSW/USDT:USDT,0.01798,27.0,0.01797,5000.0,0.01799,5000.0,0.018,90364.0
1753533488668,12:38:08.668,BSW/USDT:USDT,0.01798,27.0,0.01797,5000.0,0.01799,5000.0,0.018,90364.0
1753533488769,12:38:08.769,BSW/USDT:USDT,0.01798,27.0,0.01797,5000.0,0.01799,5000.0,0.018,90364.0
1753533488813,12:38:08.813,BSW/USDT:USDT,0.01798,27.0,0.01797,5000.0,0.01799,5000.0,0.018,90364.0
1753533488921,12:38:08.921,BSW/USDT:USDT,0.01798,251.0,0.01797,5000.0,0.01799,5000.0,0.018,90364.0
1753533489043,12:38:09.043,BSW/USDT:USDT,0.01798,251.0,0.01797,5000.0,0.01799,5000.0,0.018,90364.0
1753533489151,12:38:09.151,BSW/USDT:USDT,0.01798,251.0,0.01797,5000.0,0.01799,5000.0,0.018,90364.0
1753533489272,12:38:09.272,BSW/USDT:USDT,0.01798,27.0,0.01797,5000.0,0.01799,5000.0,0.018,90364.0
1753533489372,12:38:09.372,BSW/USDT:USDT,0.01798,251.0,0.01797,5000.0,0.01799,5000.0,0.018,90364.0
1753533489471,12:38:09.471,BSW/USDT:USDT,0.01798,27.0,0.01797,5000.0,0.01799,5000.0,0.018,90364.0
1753533489536,12:38:09.536,BSW/USDT:USDT,0.01798,27.0,0.01797,5000.0,0.01799,5000.0,0.018,90364.0
1753533489655,12:38:09.655,BSW/USDT:USDT,0.01798,27.0,0.01797,5000.0,0.01799,5000.0,0.018,90364.0
1753533489762,12:38:09.762,BSW/USDT:USDT,0.01798,251.0,0.01797,5000.0,0.01799,5224.0,0.018,90364.0
1753533489857,12:38:09.857,BSW/USDT:USDT,0.01798,27.0,0.01797,5000.0,0.01799,5000.0,0.018,90364.0
1753533489966,12:38:09.966,BSW/USDT:USDT,0.01798,27.0,0.01797,5000.0,0.01799,5000.0,0.018,90364.0
1753533490012,12:38:10.012,BSW/USDT:USDT,0.01798,27.0,0.01797,5000.0,0.01799,5000.0,0.018,90364.0
1753533490150,12:38:10.150,BSW/USDT:USDT,0.01798,27.0,0.01797,5000.0,0.01799,5000.0,0.018,90364.0
1753533490250,12:38:10.250,BSW/USDT:USDT,0.01798,251.0,0.01797,5000.0,0.01799,5224.0,0.018,90364.0
1753533490372,12:38:10.372,BSW/USDT:USDT,0.01798,251.0,0.01797,5000.0,0.01799,5224.0,0.018,90364.0
1753533490467,12:38:10.467,BSW/USDT:USDT,0.01798,251.0,0.01797,5000.0,0.01799,5448.0,0.018,90364.0
1753533490568,12:38:10.568,BSW/USDT:USDT,0.01798,251.0,0.01797,5000.0,0.01799,5448.0,0.018,90364.0
1753533490672,12:38:10.672,BSW/USDT:USDT,0.01798,251.0,0.01797,5000.0,0.01799,5448.0,0.018,90364.0
1753533490741,12:38:10.741,BSW/USDT:USDT,0.01798,27.0,0.01797,5000.0,0.01799,5000.0,0.018,90364.0
1753533490873,12:38:10.873,BSW/USDT:USDT,0.01798,27.0,0.01797,5000.0,0.01799,5000.0,0.018,90364.0
1753533490972,12:38:10.972,BSW/USDT:USDT,0.01798,251.0,0.01797,5000.0,0.01799,5448.0,0.018,90364.0
1753533491057,12:38:11.057,BSW/USDT:USDT,0.01798,27.0,0.01797,5000.0,0.01799,5000.0,0.018,90364.0
1753533491154,12:38:11.154,BSW/USDT:USDT,0.01798,27.0,0.01797,5000.0,0.01799,5000.0,0.018,90364.0
1753533491248,12:38:11.248,BSW/USDT:USDT,0.01798,27.0,0.01797,5000.0,0.01799,5000.0,0.018,90364.0
1753533491311,12:38:11.311,BSW/USDT:USDT,0.01798,27.0,0.01797,5000.0,0.01799,5000.0,0.018,90364.0
1753533491456,12:38:11.456,BSW/USDT:USDT,0.01798,27.0,0.01797,5000.0,0.01799,5000.0,0.018,79103.0
1753533491573,12:38:11.573,BSW/USDT:USDT,0.01798,27.0,0.01797,5000.0,0.01799,5224.0,0.018,90364.0
1753533491651,12:38:11.651,BSW/USDT:USDT,0.01798,27.0,0.01797,5000.0,0.01799,5000.0,0.018,90364.0
1753533491759,12:38:11.759,BSW/USDT:USDT,0.01798,27.0,0.01797,5000.0,0.01799,5000.0,0.018,90364.0
1753533491855,12:38:11.855,BSW/USDT:USDT,0.01798,27.0,0.01797,5000.0,0.01799,5000.0,0.018,90364.0
1753533491906,12:38:11.906,BSW/USDT:USDT,0.01798,27.0,0.01797,5000.0,0.01799,5000.0,0.018,90364.0
1753533492069,12:38:12.069,BSW/USDT:USDT,0.01798,27.0,0.01797,5000.0,0.01799,5000.0,0.018,90364.0
1753533492133,12:38:12.133,BSW/USDT:USDT,0.01798,27.0,0.01797,5000.0,0.01799,5000.0,0.018,90364.0
1753533492265,12:38:12.265,BSW/USDT:USDT,0.01798,27.0,0.01797,5000.0,0.01799,5000.0,0.018,90364.0
1753533492349,12:38:12.349,BSW/USDT:USDT,0.01798,251.0,0.01797,5000.0,0.01799,5224.0,0.018,90364.0
1753533492474,12:38:12.474,BSW/USDT:USDT,0.01798,27.0,0.01797,5000.0,0.01799,5000.0,0.018,90364.0
1753533492655,12:38:12.655,BSW/USDT:USDT,0.01798,27.0,0.01797,5000.0,0.01799,5000.0,0.018,90364.0
1753533492766,12:38:12.766,BSW/USDT:USDT,0.01798,27.0,0.01797,5000.0,0.01799,5000.0,0.018,90364.0
1753533492853,12:38:12.853,BSW/USDT:USDT,0.01798,27.0,0.01797,5000.0,0.01799,5000.0,0.018,90364.0
1753533492919,12:38:12.919,BSW/USDT:USDT,0.01798,27.0,0.01797,5000.0,0.01799,5000.0,0.018,90364.0
1753533493032,12:38:13.032,BSW/USDT:USDT,0.01798,27.0,0.01797,5000.0,0.01799,5000.0,0.018,90364.0
1753533493162,12:38:13.162,BSW/USDT:USDT,0.01798,27.0,0.01797,5000.0,0.01799,5000.0,0.018,90364.0
1753533493272,12:38:13.272,BSW/USDT:USDT,0.01798,27.0,0.01797,5000.0,0.01799,5000.0,0.018,90364.0
1753533493319,12:38:13.319,BSW/USDT:USDT,0.01798,27.0,0.01797,5000.0,0.01799,5000.0,0.018,90364.0
1753533493405,12:38:13.405,BSW/USDT:USDT,0.01798,27.0,0.01797,5000.0,0.01799,5000.0,0.018,90364.0
1753533493555,12:38:13.555,BSW/USDT:USDT,0.01798,27.0,0.01797,5000.0,0.01799,5000.0,0.018,90364.0
1753533493673,12:38:13.673,BSW/USDT:USDT,0.01798,251.0,0.01797,5000.0,0.01799,5000.0,0.018,90364.0
1753533493768,12:38:13.768,BSW/USDT:USDT,0.01798,251.0,0.01797,5000.0,0.01799,5448.0,0.018,90364.0
1753533493787,12:38:13.787,BSW/USDT:USDT,0.01798,27.0,0.01797,5000.0,0.01799,5000.0,0.018,90364.0
1753533493960,12:38:13.960,BSW/USDT:USDT,0.01798,27.0,0.01797,5000.0,0.01799,5000.0,0.018,90364.0
1753533494063,12:38:14.063,BSW/USDT:USDT,0.01798,27.0,0.01797,5000.0,0.01799,5000.0,0.018,90364.0
1753533494173,12:38:14.173,BSW/USDT:USDT,0.01798,27.0,0.01797,5000.0,0.01799,5448.0,0.018,90364.0
1753533494254,12:38:14.254,BSW/USDT:USDT,0.01798,27.0,0.01797,5000.0,0.01799,5000.0,0.018,90364.0
1753533494327,12:38:14.327,BSW/USDT:USDT,0.01798,27.0,0.01797,5000.0,0.01799,5000.0,0.018,90364.0
1753533494445,12:38:14.445,BSW/USDT:USDT,0.01798,27.0,0.01797,5000.0,0.01799,5000.0,0.018,90364.0
1753533494550,12:38:14.550,BSW/USDT:USDT,0.01798,27.0,0.01797,5000.0,0.01799,5000.0,0.018,90364.0
1753533494654,12:38:14.654,BSW/USDT:USDT,0.01798,27.0,0.01797,5000.0,0.01799,5000.0,0.018,90364.0
1753533494763,12:38:14.763,BSW/USDT:USDT,0.01798,27.0,0.01797,5000.0,0.01799,5000.0,0.018,90364.0
1753533494873,12:38:14.873,BSW/USDT:USDT,0.01798,27.0,0.01797,5000.0,0.01799,5000.0,0.018,90364.0
1753533494967,12:38:14.967,BSW/USDT:USDT,0.01798,251.0,0.01797,5000.0,0.01799,5000.0,0.018,90364.0
1753533495058,12:38:15.058,BSW/USDT:USDT,0.01798,27.0,0.01797,5000.0,0.01799,5000.0,0.018,90364.0
1753533495160,12:38:15.160,BSW/USDT:USDT,0.01798,251.0,0.01797,5000.0,0.01799,5000.0,0.018,90364.0
1753533495269,12:38:15.269,BSW/USDT:USDT,0.01798,27.0,0.01797,5000.0,0.01799,5224.0,0.018,90364.0
1753533495373,12:38:15.373,BSW/USDT:USDT,0.01798,27.0,0.01797,5000.0,0.01799,5224.0,0.018,90364.0
1753533495449,12:38:15.449,BSW/USDT:USDT,0.01798,27.0,0.01797,5000.0,0.01799,5000.0,0.018,90364.0
1753533495572,12:38:15.572,BSW/USDT:USDT,0.01798,27.0,0.01797,5000.0,0.01799,5448.0,0.018,90364.0
1753533495670,12:38:15.670,BSW/USDT:USDT,0.01798,27.0,0.01797,5000.0,0.01799,5448.0,0.018,90364.0
1753533495752,12:38:15.752,BSW/USDT:USDT,0.01798,27.0,0.01797,5000.0,0.01799,5000.0,0.018,90364.0
1753533495870,12:38:15.870,BSW/USDT:USDT,0.01798,27.0,0.01797,5000.0,0.01799,5224.0,0.018,90364.0
1753533495959,12:38:15.959,BSW/USDT:USDT,0.01798,27.0,0.01797,5000.0,0.01799,5000.0,0.018,90364.0
1753533496065,12:38:16.065,BSW/USDT:USDT,0.01798,27.0,0.01797,5000.0,0.01799,5000.0,0.018,90364.0
1753533496165,12:38:16.165,BSW/USDT:USDT,0.01798,27.0,0.01797,5000.0,0.01799,5000.0,0.018,90364.0
1753533496261,12:38:16.261,BSW/USDT:USDT,0.01798,27.0,0.01797,5000.0,0.01799,5000.0,0.018,90364.0
1753533496316,12:38:16.316,BSW/USDT:USDT,0.01798,27.0,0.01797,5000.0,0.01799,5000.0,0.018,90364.0
1753533496468,12:38:16.468,BSW/USDT:USDT,0.01798,27.0,0.01797,5000.0,0.01799,5448.0,0.018,90364.0
1753533496572,12:38:16.572,BSW/USDT:USDT,0.01798,27.0,0.01797,5000.0,0.01799,5000.0,0.018,90364.0
1753533496613,12:38:16.613,BSW/USDT:USDT,0.01798,27.0,0.01797,5000.0,0.01799,5000.0,0.018,90364.0
1753533496736,12:38:16.736,BSW/USDT:USDT,0.01798,27.0,0.01797,5000.0,0.01799,5000.0,0.018,90364.0
1753533496867,12:38:16.867,BSW/USDT:USDT,0.01798,27.0,0.01797,5000.0,0.01799,5224.0,0.018,90364.0
1753533496970,12:38:16.970,BSW/USDT:USDT,0.01798,27.0,0.01797,5000.0,0.01799,5224.0,0.018,90364.0
1753533497066,12:38:17.066,BSW/USDT:USDT,0.01798,27.0,0.01797,5000.0,0.01799,5000.0,0.018,90364.0
1753533497171,12:38:17.171,BSW/USDT:USDT,0.01798,27.0,0.01797,5000.0,0.01799,5000.0,0.018,90364.0
1753533497268,12:38:17.268,BSW/USDT:USDT,0.01798,27.0,0.01797,5000.0,0.01799,5000.0,0.018,90364.0
1753533497365,12:38:17.365,BSW/USDT:USDT,0.01798,27.0,0.01797,5000.0,0.01799,5224.0,0.018,90364.0
1753533497457,12:38:17.457,BSW/USDT:USDT,0.01798,27.0,0.01797,5000.0,0.01799,5000.0,0.018,90364.0
1753533497540,12:38:17.540,BSW/USDT:USDT,0.01798,27.0,0.01797,5000.0,0.01799,5000.0,0.018,90364.0
1753533497660,12:38:17.660,BSW/USDT:USDT,0.01798,27.0,0.01797,5000.0,0.01799,5000.0,0.018,90364.0
1753533497753,12:38:17.753,BSW/USDT:USDT,0.01798,27.0,0.01797,5000.0,0.01799,5000.0,0.018,90364.0
1753533497852,12:38:17.852,BSW/USDT:USDT,0.01798,27.0,0.01797,5000.0,0.01799,5000.0,0.018,90364.0
1753533497943,12:38:17.943,BSW/USDT:USDT,0.01798,27.0,0.01797,5000.0,0.01799,5000.0,0.018,90364.0
1753533498052,12:38:18.052,BSW/USDT:USDT,0.01798,27.0,0.01797,5000.0,0.01799,5000.0,0.018,90364.0
1753533498173,12:38:18.173,BSW/USDT:USDT,0.01798,27.0,0.01797,5000.0,0.01799,5000.0,0.018,90364.0
1753533498264,12:38:18.264,BSW/USDT:USDT,0.01798,27.0,0.01797,5000.0,0.01799,5448.0,0.018,90364.0
1753533498325,12:38:18.325,BSW/USDT:USDT,0.01798,27.0,0.01797,5000.0,0.01799,5224.0,0.018,90364.0
1753533498457,12:38:18.457,BSW/USDT:USDT,0.01798,27.0,0.01797,5000.0,0.01799,5000.0,0.018,90364.0
1753533498549,12:38:18.549,BSW/USDT:USDT,0.01798,27.0,0.01797,5000.0,0.01799,5000.0,0.018,90364.0
1753533498596,12:38:18.596,BSW/USDT:USDT,0.01798,27.0,0.01797,5000.0,0.01799,5000.0,0.018,90364.0
1753533498736,12:38:18.736,BSW/USDT:USDT,0.01798,27.0,0.01797,5000.0,0.01799,5000.0,0.018,90364.0
1753533498854,12:38:18.854,BSW/USDT:USDT,0.01798,27.0,0.01797,5000.0,0.01799,5224.0,0.018,90364.0
1753533498936,12:38:18.936,BSW/USDT:USDT,0.01798,27.0,0.01797,5000.0,0.01799,5000.0,0.018,90364.0
1753533499054,12:38:19.054,BSW/USDT:USDT,0.01798,27.0,0.01797,5000.0,0.01799,5448.0,0.018,90364.0
1753533499140,12:38:19.140,BSW/USDT:USDT,0.01798,27.0,0.01797,5000.0,0.01799,5000.0,0.018,90364.0
1753533499242,12:38:19.242,BSW/USDT:USDT,0.01798,27.0,0.01797,5000.0,0.01799,5000.0,0.018,90364.0
1753533499367,12:38:19.367,BSW/USDT:USDT,0.01798,27.0,0.01797,5000.0,0.01799,5000.0,0.018,90364.0
1753533499468,12:38:19.468,BSW/USDT:USDT,0.01798,27.0,0.01797,5000.0,0.01799,5000.0,0.018,90364.0
1753533499555,12:38:19.555,BSW/USDT:USDT,0.01798,27.0,0.01797,5000.0,0.01799,5000.0,0.018,90364.0
1753533499641,12:38:19.641,BSW/USDT:USDT,0.01798,27.0,0.01797,5000.0,0.01799,5000.0,0.018,90364.0
1753533499763,12:38:19.763,BSW/USDT:USDT,0.01798,27.0,0.01797,5000.0,0.01799,5448.0,0.018,90364.0
1753533499843,12:38:19.843,BSW/USDT:USDT,0.01798,27.0,0.01797,5000.0,0.01799,5000.0,0.018,90364.0
1753533499969,12:38:19.969,BSW/USDT:USDT,0.01798,27.0,0.01797,5000.0,0.01799,5000.0,0.018,90364.0
1753533500036,12:38:20.036,BSW/USDT:USDT,0.01798,27.0,0.01797,5000.0,0.01799,5000.0,0.018,90364.0
1753533500119,12:38:20.119,BSW/USDT:USDT,0.01798,27.0,0.01797,5000.0,0.01799,5000.0,0.018,90364.0
1753533500273,12:38:20.273,BSW/USDT:USDT,0.01798,27.0,0.01797,5000.0,0.01799,5000.0,0.018,90364.0
1753533500366,12:38:20.366,BSW/USDT:USDT,0.01798,27.0,0.01797,5000.0,0.01799,5000.0,0.018,90364.0
1753533500460,12:38:20.460,BSW/USDT:USDT,0.01798,27.0,0.01797,5000.0,0.01799,5000.0,0.018,90364.0
1753533500573,12:38:20.573,BSW/USDT:USDT,0.01798,27.0,0.01797,5000.0,0.01799,5448.0,0.018,90364.0
1753533500665,12:38:20.665,BSW/USDT:USDT,0.01798,27.0,0.01797,5000.0,0.01799,5000.0,0.018,90364.0
1753533500754,12:38:20.754,BSW/USDT:USDT,0.01798,27.0,0.01797,5000.0,0.01799,5000.0,0.018,90364.0
1753533500863,12:38:20.863,BSW/USDT:USDT,0.01798,27.0,0.01797,5000.0,0.01799,5224.0,0.018,90364.0
1753533500932,12:38:20.932,BSW/USDT:USDT,0.01798,27.0,0.01797,5000.0,0.01799,5000.0,0.018,90364.0
1753533501053,12:38:21.053,BSW/USDT:USDT,0.01798,27.0,0.01797,5000.0,0.01799,5000.0,0.018,90364.0
1753533501165,12:38:21.165,BSW/USDT:USDT,0.01798,27.0,0.01797,5000.0,0.01799,5448.0,0.018,90364.0
1753533501272,12:38:21.272,BSW/USDT:USDT,0.01798,27.0,0.01797,5000.0,0.01799,5000.0,0.018,90364.0
1753533501366,12:38:21.366,BSW/USDT:USDT,0.01798,27.0,0.01797,5000.0,0.01799,5000.0,0.018,90364.0
1753533501464,12:38:21.464,BSW/USDT:USDT,0.01798,27.0,0.01797,5000.0,0.01799,5000.0,0.018,90364.0
1753533501546,12:38:21.546,BSW/USDT:USDT,0.01798,27.0,0.01797,5000.0,0.01799,5000.0,0.018,90364.0
1753533501616,12:38:21.616,BSW/USDT:USDT,0.01798,27.0,0.01797,5000.0,0.01799,5000.0,0.018,90364.0
1753533501762,12:38:21.762,BSW/USDT:USDT,0.01798,27.0,0.01797,5000.0,0.01799,5000.0,0.018,90364.0
1753533501867,12:38:21.867,BSW/USDT:USDT,0.01798,27.0,0.01797,5000.0,0.01799,5000.0,0.018,90364.0
1753533501973,12:38:21.973,BSW/USDT:USDT,0.01798,27.0,0.01797,5000.0,0.01799,5000.0,0.018,90364.0
1753533502062,12:38:22.062,BSW/USDT:USDT,0.01798,27.0,0.01797,5000.0,0.01799,5448.0,0.018,90364.0
1753533502158,12:38:22.158,BSW/USDT:USDT,0.01798,27.0,0.01797,5000.0,0.01799,5448.0,0.018,90364.0
1753533502236,12:38:22.236,BSW/USDT:USDT,0.01798,27.0,0.01797,5000.0,0.01799,5000.0,0.018,90364.0
1753533502368,12:38:22.368,BSW/USDT:USDT,0.01798,27.0,0.01797,5000.0,0.01799,5224.0,0.018,90364.0
1753533502471,12:38:22.471,BSW/USDT:USDT,0.01798,27.0,0.01797,5000.0,0.01799,5224.0,0.018,90364.0
1753533502549,12:38:22.549,BSW/USDT:USDT,0.01798,27.0,0.01797,5000.0,0.01799,5448.0,0.018,90364.0
1753533502625,12:38:22.625,BSW/USDT:USDT,0.01798,27.0,0.01797,5000.0,0.01799,5448.0,0.018,90364.0
1753533502749,12:38:22.749,BSW/USDT:USDT,0.01798,27.0,0.01797,5000.0,0.01799,5448.0,0.018,90364.0
1753533502856,12:38:22.856,BSW/USDT:USDT,0.01798,27.0,0.01797,5000.0,0.01799,5000.0,0.018,90364.0
1753533502969,12:38:22.969,BSW/USDT:USDT,0.01798,27.0,0.01797,5000.0,0.01799,5448.0,0.018,90364.0
1753533503051,12:38:23.051,BSW/USDT:USDT,0.01798,27.0,0.01797,5000.0,0.01799,5000.0,0.018,90364.0
1753533503113,12:38:23.113,BSW/USDT:USDT,0.01798,27.0,0.01797,5000.0,0.01799,5000.0,0.018,90364.0
1753533503236,12:38:23.236,BSW/USDT:USDT,0.01798,27.0,0.01797,5000.0,0.01799,5000.0,0.018,90364.0
1753533503357,12:38:23.357,BSW/USDT:USDT,0.01798,27.0,0.01797,5000.0,0.01799,5000.0,0.018,90364.0
1753533503448,12:38:23.448,BSW/USDT:USDT,0.01798,27.0,0.01797,5000.0,0.01799,5224.0,0.018,90364.0
1753533503557,12:38:23.557,BSW/USDT:USDT,0.01798,27.0,0.01797,5000.0,0.01799,5224.0,0.018,90364.0
1753533503638,12:38:23.638,BSW/USDT:USDT,0.01798,27.0,0.01797,5000.0,0.01799,5000.0,0.018,90364.0
1753533503773,12:38:23.773,BSW/USDT:USDT,0.01798,27.0,0.01797,5000.0,0.01799,5000.0,0.018,90364.0
1753533503867,12:38:23.867,BSW/USDT:USDT,0.01798,27.0,0.01797,5000.0,0.01799,5000.0,0.018,90364.0
1753533503937,12:38:23.937,BSW/USDT:USDT,0.01798,27.0,0.01797,5000.0,0.01799,5000.0,0.018,90364.0
1753533504057,12:38:24.057,BSW/USDT:USDT,0.01798,27.0,0.01797,5000.0,0.01799,5000.0,0.018,90364.0
1753533504147,12:38:24.147,BSW/USDT:USDT,0.01798,27.0,0.01797,5000.0,0.01799,5448.0,0.018,90364.0
1753533504256,12:38:24.256,BSW/USDT:USDT,0.01798,27.0,0.01797,5000.0,0.01799,5224.0,0.018,90364.0
1753533504342,12:38:24.342,BSW/USDT:USDT,0.01798,27.0,0.01797,5000.0,0.01799,5000.0,0.018,90364.0
1753533504449,12:38:24.449,BSW/USDT:USDT,0.01798,27.0,0.01797,5000.0,0.01799,5000.0,0.018,90364.0
1753533504567,12:38:24.567,BSW/USDT:USDT,0.01798,27.0,0.01797,5000.0,0.01799,5224.0,0.018,90364.0
1753533504660,12:38:24.660,BSW/USDT:USDT,0.01798,27.0,0.01797,5000.0,0.01799,5448.0,0.018,90364.0
1753533504763,12:38:24.763,BSW/USDT:USDT,0.01798,27.0,0.01797,5000.0,0.01799,5448.0,0.018,90364.0
1753533504869,12:38:24.869,BSW/USDT:USDT,0.01798,27.0,0.01797,5000.0,0.01799,5448.0,0.018,90364.0
1753533504963,12:38:24.963,BSW/USDT:USDT,0.01798,27.0,0.01797,5000.0,0.01799,5448.0,0.018,90364.0
1753533505037,12:38:25.037,BSW/USDT:USDT,0.01798,27.0,0.01797,5000.0,0.01799,5000.0,0.018,90364.0
1753533505156,12:38:25.156,BSW/USDT:USDT,0.01798,27.0,0.01797,5000.0,0.01799,5000.0,0.018,90364.0
1753533505257,12:38:25.257,BSW/USDT:USDT,0.01798,27.0,0.01797,5000.0,0.01799,5224.0,0.018,90364.0
1753533505362,12:38:25.362,BSW/USDT:USDT,0.01798,27.0,0.01797,5000.0,0.01799,5448.0,0.018,90364.0
1753533505445,12:38:25.445,BSW/USDT:USDT,0.01798,27.0,0.01797,5000.0,0.01799,5000.0,0.018,90364.0
1753533505570,12:38:25.570,BSW/USDT:USDT,0.01798,27.0,0.01797,5000.0,0.01799,5224.0,0.018,90364.0
1753533505654,12:38:25.654,BSW/USDT:USDT,0.01798,27.0,0.01797,5000.0,0.01799,5000.0,0.018,90364.0
1753533505773,12:38:25.773,BSW/USDT:USDT,0.01798,27.0,0.01797,5000.0,0.01799,5224.0,0.018,90364.0
1753533505865,12:38:25.865,BSW/USDT:USDT,0.01798,27.0,0.01797,5000.0,0.01799,5224.0,0.018,90364.0
1753533505952,12:38:25.952,BSW/USDT:USDT,0.01798,27.0,0.01797,5000.0,0.01799,5000.0,0.018,90364.0
1753533506056,12:38:26.056,BSW/USDT:USDT,0.01798,27.0,0.01797,5000.0,0.01799,5000.0,0.018,90364.0
1753533506158,12:38:26.158,BSW/USDT:USDT,0.01798,27.0,0.01797,5000.0,0.01799,5000.0,0.018,90364.0
1753533506258,12:38:26.258,BSW/USDT:USDT,0.01798,27.0,0.01797,5000.0,0.01799,5000.0,0.018,90364.0
1753533506366,12:38:26.366,BSW/USDT:USDT,0.01798,27.0,0.01797,5000.0,0.01799,5224.0,0.018,90364.0
1753533506455,12:38:26.455,BSW/USDT:USDT,0.01798,27.0,0.01797,5000.0,0.01799,5000.0,0.018,90364.0
1753533506566,12:38:26.566,BSW/USDT:USDT,0.01798,27.0,0.01797,5000.0,0.01799,5224.0,0.018,90364.0
1753533506659,12:38:26.659,BSW/USDT:USDT,0.01798,27.0,0.01797,5000.0,0.01799,5000.0,0.018,90364.0
1753533506760,12:38:26.760,BSW/USDT:USDT,0.01798,27.0,0.01797,5000.0,0.01799,5000.0,0.018,90364.0
1753533506865,12:38:26.865,BSW/USDT:USDT,0.01798,27.0,0.01797,5000.0,0.01799,5224.0,0.018,90364.0
1753533506968,12:38:26.968,BSW/USDT:USDT,0.01798,27.0,0.01797,5000.0,0.01799,5000.0,0.018,90364.0
1753533507071,12:38:27.071,BSW/USDT:USDT,0.01798,27.0,0.01797,5000.0,0.01799,5000.0,0.018,90364.0
1753533507167,12:38:27.167,BSW/USDT:USDT,0.01798,27.0,0.01797,5000.0,0.01799,5448.0,0.018,90364.0
1753533507269,12:38:27.269,BSW/USDT:USDT,0.01798,27.0,0.01797,5000.0,0.01799,5448.0,0.018,90364.0
1753533507372,12:38:27.372,BSW/USDT:USDT,0.01798,27.0,0.01797,5000.0,0.01799,5224.0,0.018,90364.0
1753533507422,12:38:27.422,BSW/USDT:USDT,0.01798,27.0,0.01797,5000.0,0.01799,5224.0,0.018,90364.0
1753533507536,12:38:27.536,BSW/USDT:USDT,0.01798,27.0,0.01797,5000.0,0.01799,5000.0,0.018,90364.0
1753533507651,12:38:27.651,BSW/USDT:USDT,0.01798,27.0,0.01797,5000.0,0.01799,5000.0,0.018,90364.0
1753533507722,12:38:27.722,BSW/USDT:USDT,0.01798,27.0,0.01797,5000.0,0.01799,5224.0,0.018,90364.0
1753533507858,12:38:27.858,BSW/USDT:USDT,0.01798,27.0,0.01797,5000.0,0.01799,5448.0,0.018,90364.0
1753533507972,12:38:27.972,BSW/USDT:USDT,0.01798,27.0,0.01797,5000.0,0.01799,5000.0,0.018,90364.0
1753533508067,12:38:28.067,BSW/USDT:USDT,0.01798,27.0,0.01797,5000.0,0.01799,5224.0,0.018,90364.0
1753533508156,12:38:28.156,BSW/USDT:USDT,0.01798,27.0,0.01797,5000.0,0.01799,5000.0,0.018,90364.0
1753533508268,12:38:28.268,BSW/USDT:USDT,0.01798,27.0,0.01797,5000.0,0.01799,5000.0,0.018,90364.0
1753533508327,12:38:28.327,BSW/USDT:USDT,0.01798,27.0,0.01797,5000.0,0.01799,5448.0,0.018,90364.0
1753533508391,12:38:28.391,BSW/USDT:USDT,0.01798,27.0,0.01797,5000.0,0.01799,5448.0,0.018,90364.0
1753533509363,12:38:29.363,BSW/USDT:USDT,0.01798,27.0,0.01797,5000.0,0.01799,5448.0,0.018,90364.0
1753533509425,12:38:29.425,BSW/USDT:USDT,0.01798,27.0,0.01796,42450.0,0.01799,5448.0,0.018,90364.0
1753533509539,12:38:29.539,BSW/USDT:USDT,0.01798,27.0,0.01796,18697.0,0.01799,5448.0,0.018,90364.0
1753533509668,12:38:29.668,BSW/USDT:USDT,0.01798,27.0,0.01796,34966.0,0.01799,5448.0,0.018,90364.0
1753533510841,12:38:30.841,BSW/USDT:USDT,0.01796,5000.0,0.01795,18746.0,0.01798,65260.0,0.01799,19127.0
1753533510954,12:38:30.954,BSW/USDT:USDT,0.01796,5000.0,0.01795,18746.0,0.01798,71875.0,0.01799,19127.0
1753533511026,12:38:31.026,BSW/USDT:USDT,0.01796,5000.0,0.01795,18746.0,0.01798,91137.0,0.01799,19127.0
1753533511655,12:38:31.655,BSW/USDT:USDT,0.01796,5000.0,0.01795,18746.0,0.01798,91137.0,0.01799,19127.0
1753533512338,12:38:32.338,BSW/USDT:USDT,0.01796,21269.0,0.01795,18746.0,0.01798,91137.0,0.01799,18903.0
1753533512530,12:38:32.530,BSW/USDT:USDT,0.01796,5000.0,0.01795,18746.0,0.01798,91137.0,0.01799,18903.0
1753533512924,12:38:32.924,BSW/USDT:USDT,0.01796,5000.0,0.01795,18746.0,0.01798,91137.0,0.01799,18903.0
1753533513191,12:38:33.191,BSW/USDT:USDT,0.01796,5000.0,0.01795,18746.0,0.01798,91137.0,0.01799,18903.0
1753533514059,12:38:34.059,BSW/USDT:USDT,0.01796,5000.0,0.01795,18746.0,0.01798,84522.0,0.01799,18903.0
1753533514673,12:38:34.673,BSW/USDT:USDT,0.01796,21269.0,0.01795,18746.0,0.01798,65260.0,0.01799,18903.0
1753533514724,12:38:34.724,BSW/USDT:USDT,0.01796,5000.0,0.01795,18746.0,0.01798,65260.0,0.01799,18903.0
1753533514970,12:38:34.970,BSW/USDT:USDT,0.01796,21269.0,0.01795,18746.0,0.01798,65260.0,0.01799,18903.0
1753533515025,12:38:35.025,BSW/USDT:USDT,0.01796,5000.0,0.01795,18746.0,0.01798,65260.0,0.01799,18903.0
1753533516600,12:38:36.600,BSW/USDT:USDT,0.01796,21269.0,0.01795,18746.0,0.01798,65260.0,0.01799,18903.0
1753533516724,12:38:36.724,BSW/USDT:USDT,0.01796,5000.0,0.01795,18746.0,0.01798,65260.0,0.01799,18903.0
1753533517991,12:38:37.991,BSW/USDT:USDT,0.01796,5000.0,0.01795,18746.0,0.01798,65260.0,0.01799,18903.0
1753533519311,12:38:39.311,BSW/USDT:USDT,0.01796,5000.0,0.01795,18746.0,0.01798,65260.0,0.01799,18903.0
1753533522797,12:38:42.797,BSW/USDT:USDT,0.01796,5000.0,0.01795,18746.0,0.01798,65260.0,0.01799,18903.0
1753533524439,12:38:44.439,BSW/USDT:USDT,0.01796,5000.0,0.01795,18746.0,0.01798,65260.0,0.01799,18903.0
1753533527592,12:38:47.592,BSW/USDT:USDT,0.01796,5000.0,0.01795,18746.0,0.01798,65260.0,0.01799,18903.0
1753533531670,12:38:51.670,BSW/USDT:USDT,0.01796,5000.0,0.01795,18746.0,0.01798,65260.0,0.01799,18903.0
1753533532391,12:38:52.391,BSW/USDT:USDT,0.01796,5000.0,0.01795,18746.0,0.01798,65260.0,0.01799,18903.0
1753533537196,12:38:57.196,BSW/USDT:USDT,0.01796,5000.0,0.01795,18746.0,0.01798,65260.0,0.01799,35172.0
1753533541992,12:39:01.992,BSW/USDT:USDT,0.01796,5000.0,0.01795,18746.0,0.01798,65260.0,0.01799,35172.0
1753533542544,12:39:02.544,BSW/USDT:USDT,0.01796,5000.0,0.01795,18746.0,0.01798,65260.0,0.01799,35172.0
1753533546792,12:39:06.792,BSW/USDT:USDT,0.01796,5000.0,0.01795,18746.0,0.01798,65260.0,0.01799,35172.0
1753533547649,12:39:07.649,BSW/USDT:USDT,0.01796,5000.0,0.01795,18746.0,0.01798,65260.0,0.01799,18903.0
1753533548093,12:39:08.093,BSW/USDT:USDT,0.01796,5000.0,0.01795,18746.0,0.01798,65260.0,0.01799,35172.0
1753533548670,12:39:08.670,BSW/USDT:USDT,0.01796,5000.0,0.01795,18746.0,0.01798,65260.0,0.01799,18903.0
1753533548806,12:39:08.806,BSW/USDT:USDT,0.01796,5000.0,0.01795,18746.0,0.01798,65260.0,0.01799,35172.0
1753533564539,12:39:24.539,BSW/USDT:USDT,0.01796,5000.0,0.01795,18746.0,0.01798,65260.0,0.01799,35172.0
1753533570365,12:39:30.365,BSW/USDT:USDT,0.01795,5049.0,0.01794,58156.0,0.01798,65260.0,0.01799,35172.0
1753533570436,12:39:30.436,BSW/USDT:USDT,0.01795,5049.0,0.01794,58156.0,0.01798,65260.0,0.01799,35172.0
1753533570569,12:39:30.569,BSW/USDT:USDT,0.01795,5049.0,0.01794,58156.0,0.01798,65260.0,0.01799,35172.0
1753533570607,12:39:30.607,BSW/USDT:USDT,0.01795,5049.0,0.01794,58156.0,0.01798,65260.0,0.01799,35172.0
1753533572652,12:39:32.652,BSW/USDT:USDT,0.01795,5049.0,0.01794,58156.0,0.01798,65260.0,0.01799,35172.0
1753533573993,12:39:33.993,BSW/USDT:USDT,0.01795,5049.0,0.01794,58156.0,0.01798,65260.0,0.01799,35172.0
1753533574561,12:39:34.561,BSW/USDT:USDT,0.01795,5049.0,0.01794,58156.0,0.01798,65260.0,0.01799,35172.0
1753533578792,12:39:38.792,BSW/USDT:USDT,0.01795,5049.0,0.01794,58156.0,0.01798,65260.0,0.01799,35172.0
1753533580802,12:39:40.802,BSW/USDT:USDT,0.01795,5049.0,0.01794,58156.0,0.01798,65260.0,0.01799,35172.0
1753533583607,12:39:43.607,BSW/USDT:USDT,0.01795,5049.0,0.01794,58156.0,0.01798,65260.0,0.01799,35172.0
1753533586919,12:39:46.919,BSW/USDT:USDT,0.01795,5049.0,0.01794,58156.0,0.01798,65260.0,0.01799,35172.0
1753533588407,12:39:48.407,BSW/USDT:USDT,0.01795,5049.0,0.01794,58156.0,0.01798,65260.0,0.01799,64804.0
1753533592714,12:39:52.714,BSW/USDT:USDT,0.01795,5049.0,0.01794,58156.0,0.01798,65260.0,0.01799,64804.0
1753533593195,12:39:53.195,BSW/USDT:USDT,0.01795,5049.0,0.01794,58156.0,0.01798,65260.0,0.01799,64804.0
1753533593501,12:39:53.501,BSW/USDT:USDT,0.01795,5049.0,0.01794,58156.0,0.01798,65260.0,0.01799,64804.0
1753533597997,12:39:57.997,BSW/USDT:USDT,0.01795,5049.0,0.01794,58156.0,0.01798,65260.0,0.01799,64804.0
1753533602793,12:40:02.793,BSW/USDT:USDT,0.01795,5049.0,0.01794,58156.0,0.01798,65260.0,0.01799,64804.0
1753533603161,12:40:03.161,BSW/USDT:USDT,0.01796,46230.0,0.01795,18741.0,0.01799,29632.0,0.018,24934.0
1753533603256,12:40:03.256,BSW/USDT:USDT,0.01796,51230.0,0.01795,18741.0,0.018,13673.0,0.01801,5000.0
1753533603316,12:40:03.316,BSW/USDT:USDT,0.01796,51230.0,0.01795,18741.0,0.018,13673.0,0.01801,5000.0
1753533603469,12:40:03.469,BSW/USDT:USDT,0.01797,11381.0,0.01796,111220.0,0.018,13673.0,0.01801,21269.0
1753533603556,12:40:03.556,BSW/USDT:USDT,0.01797,11381.0,0.01796,111220.0,0.018,38051.0,0.01801,81259.0
1753533603589,12:40:03.589,BSW/USDT:USDT,0.01796,111220.0,0.01795,18741.0,0.018,38051.0,0.01801,81259.0
1753533604138,12:40:04.138,BSW/USDT:USDT,0.01796,111220.0,0.01795,18741.0,0.018,43051.0,0.01801,81259.0
1753533604176,12:40:04.176,BSW/USDT:USDT,0.01796,111220.0,0.01795,18741.0,0.018,43051.0,0.01801,81259.0
1753533605657,12:40:05.657,BSW/USDT:USDT,0.01797,15658.0,0.01796,94951.0,0.018,43051.0,0.01801,97528.0
1753533605698,12:40:05.698,BSW/USDT:USDT,0.01797,15658.0,0.01796,94951.0,0.018,43051.0,0.01801,97528.0
1753533605854,12:40:05.854,BSW/USDT:USDT,0.01796,94951.0,0.01795,18741.0,0.018,43051.0,0.01801,97528.0
1753533605891,12:40:05.891,BSW/USDT:USDT,0.01796,94951.0,0.01795,18741.0,0.018,43051.0,0.01801,97528.0
1753533608393,12:40:08.393,BSW/USDT:USDT,0.01796,94951.0,0.01795,18741.0,0.018,43051.0,0.01801,97528.0
1753533608482,12:40:08.482,BSW/USDT:USDT,0.01796,94951.0,0.01795,18741.0,0.018,43051.0,0.01801,97528.0
1753533608722,12:40:08.722,BSW/USDT:USDT,0.01796,94951.0,0.01795,18741.0,0.018,43051.0,0.01801,97528.0
1753533613215,12:40:13.215,BSW/USDT:USDT,0.01796,94951.0,0.01795,18741.0,0.018,43051.0,0.01801,97528.0
1753533617995,12:40:17.995,BSW/USDT:USDT,0.01796,94951.0,0.01795,18741.0,0.018,43051.0,0.01801,97528.0
1753533621467,12:40:21.467,BSW/USDT:USDT,0.01798,16679.0,0.01797,21269.0,0.018,13673.0,0.01801,5000.0
1753533621562,12:40:21.562,BSW/USDT:USDT,0.01798,16474.0,0.01797,21269.0,0.01801,5000.0,0.01802,42528.0
1753533621630,12:40:21.630,BSW/USDT:USDT,0.01798,16474.0,0.01797,49754.0,0.01801,5000.0,0.01802,42528.0
1753533621770,12:40:21.770,BSW/USDT:USDT,0.01798,16474.0,0.01797,49754.0,0.01801,5000.0,0.01802,42528.0
1753533621811,12:40:21.811,BSW/USDT:USDT,0.01798,16474.0,0.01797,49754.0,0.01801,5000.0,0.01802,42528.0
1753533623753,12:40:23.753,BSW/USDT:USDT,0.01798,16474.0,0.01797,49754.0,0.01801,5000.0,0.01802,42528.0
1753533625520,12:40:25.520,BSW/USDT:USDT,0.01798,16474.0,0.01797,49754.0,0.01801,5000.0,0.01802,42528.0
1753533625617,12:40:25.617,BSW/USDT:USDT,0.01798,16474.0,0.01797,49754.0,0.01801,5000.0,0.01802,42528.0
1753533626394,12:40:26.394,BSW/USDT:USDT,0.01798,16474.0,0.01797,49754.0,0.01801,5000.0,0.01802,42528.0
1753533628836,12:40:28.836,BSW/USDT:USDT,0.01798,16474.0,0.01797,49754.0,0.01801,19057.0,0.01802,42528.0
1753533631195,12:40:31.195,BSW/USDT:USDT,0.01798,16474.0,0.01797,49754.0,0.01801,19057.0,0.01802,42528.0
1753533633804,12:40:33.804,BSW/USDT:USDT,0.01798,21474.0,0.01797,49754.0,0.01801,19057.0,0.01802,42528.0
1753533635185,12:40:35.185,BSW/USDT:USDT,0.01798,21474.0,0.01797,49754.0,0.01801,19057.0,0.01802,42528.0
1753533635994,12:40:35.994,BSW/USDT:USDT,0.01798,21474.0,0.01797,49754.0,0.01801,19057.0,0.01802,42528.0
1753533640794,12:40:40.794,BSW/USDT:USDT,0.01798,21474.0,0.01797,49754.0,0.01801,19057.0,0.01802,42528.0
1753533644447,12:40:44.447,BSW/USDT:USDT,0.01798,21474.0,0.01797,49754.0,0.01801,19057.0,0.01802,42528.0
1753533645595,12:40:45.595,BSW/USDT:USDT,0.01798,21474.0,0.01797,49754.0,0.01801,19057.0,0.01802,42528.0
1753533650417,12:40:50.417,BSW/USDT:USDT,0.01798,21474.0,0.01797,49754.0,0.01801,19057.0,0.01802,42528.0
1753533655216,12:40:55.216,BSW/USDT:USDT,0.01798,21474.0,0.01797,49754.0,0.01801,19057.0,0.01802,42528.0
1753533655381,12:40:55.381,BSW/USDT:USDT,0.01798,21474.0,0.01797,49754.0,0.01801,19057.0,0.01802,42528.0
1753533659036,12:40:59.036,BSW/USDT:USDT,0.01798,21474.0,0.01797,49754.0,0.01801,19057.0,0.01802,18766.0
1753533659156,12:40:59.156,BSW/USDT:USDT,0.01798,21474.0,0.01797,49754.0,0.01801,19057.0,0.01802,47388.0
1753533660913,12:41:00.913,BSW/USDT:USDT,0.01798,21474.0,0.01797,49754.0,0.01801,19057.0,0.01802,47388.0
1753533662462,12:41:02.462,BSW/USDT:USDT,0.01798,5205.0,0.01797,49754.0,0.01801,19057.0,0.01802,47388.0
1753533662493,12:41:02.493,BSW/USDT:USDT,0.01798,5000.0,0.01797,49754.0,0.01801,19057.0,0.01802,47388.0
1753533663704,12:41:03.704,BSW/USDT:USDT,0.01798,21269.0,0.01797,49754.0,0.01801,19057.0,0.01802,47388.0
1753533664472,12:41:04.472,BSW/USDT:USDT,0.01798,21269.0,0.01797,49754.0,0.01801,19057.0,0.01802,47388.0
1753533664726,12:41:04.726,BSW/USDT:USDT,0.01798,21269.0,0.01797,49754.0,0.01801,19057.0,0.01802,47388.0
1753533664843,12:41:04.843,BSW/USDT:USDT,0.01798,21269.0,0.01797,49754.0,0.01801,19057.0,0.01802,47388.0
1753533664951,12:41:04.951,BSW/USDT:USDT,0.01798,21269.0,0.01797,49754.0,0.01801,19057.0,0.01802,47388.0
1753533665051,12:41:05.051,BSW/USDT:USDT,0.01798,21269.0,0.01797,49754.0,0.01801,19057.0,0.01802,47388.0
1753533665169,12:41:05.169,BSW/USDT:USDT,0.01798,21269.0,0.01797,49754.0,0.01801,19057.0,0.01802,47388.0
1753533665273,12:41:05.273,BSW/USDT:USDT,0.01798,21269.0,0.01797,49754.0,0.01801,19057.0,0.01802,47388.0
1753533665433,12:41:05.433,BSW/USDT:USDT,0.01798,21269.0,0.01797,49754.0,0.01801,19057.0,0.01802,47388.0
1753533665759,12:41:05.759,BSW/USDT:USDT,0.01798,21269.0,0.01797,49754.0,0.01801,19057.0,0.01802,47388.0
1753533665864,12:41:05.864,BSW/USDT:USDT,0.01798,21269.0,0.01797,49754.0,0.01801,19057.0,0.01802,47388.0
1753533665876,12:41:05.876,BSW/USDT:USDT,0.01798,21269.0,0.01797,49754.0,0.01801,19057.0,0.01802,18766.0
1753533666059,12:41:06.059,BSW/USDT:USDT,0.01798,21269.0,0.01797,49754.0,0.01801,42639.0,0.01802,78606.0
1753533666235,12:41:06.235,BSW/USDT:USDT,0.01798,5000.0,0.01797,49754.0,0.01801,42639.0,0.01802,78606.0
1753533666489,12:41:06.489,BSW/USDT:USDT,0.01798,21269.0,0.01797,49754.0,0.01801,42639.0,0.01802,78606.0
1753533666663,12:41:06.663,BSW/USDT:USDT,0.01798,5000.0,0.01797,49754.0,0.01801,42639.0,0.01802,78606.0
1753533666731,12:41:06.731,BSW/USDT:USDT,0.01798,21269.0,0.01797,49754.0,0.01801,42639.0,0.01802,78606.0
1753533666812,12:41:06.812,BSW/USDT:USDT,0.01798,21269.0,0.01797,49754.0,0.01801,42639.0,0.01802,78606.0
1753533666909,12:41:06.909,BSW/USDT:USDT,0.01798,21269.0,0.01797,49754.0,0.01801,42639.0,0.01802,78606.0
1753533667045,12:41:07.045,BSW/USDT:USDT,0.01798,5000.0,0.01797,49754.0,0.01801,42639.0,0.01802,78606.0
1753533667165,12:41:07.165,BSW/USDT:USDT,0.01798,5000.0,0.01797,49754.0,0.01801,42639.0,0.01802,78606.0
1753533667189,12:41:07.189,BSW/USDT:USDT,0.01798,21269.0,0.01797,49754.0,0.01801,42639.0,0.01802,78606.0
1753533667352,12:41:07.352,BSW/USDT:USDT,0.01798,21269.0,0.01797,49754.0,0.01801,42639.0,0.01802,78606.0
1753533667428,12:41:07.428,BSW/USDT:USDT,0.01798,21269.0,0.01797,49754.0,0.01801,42639.0,0.01802,78606.0
1753533667557,12:41:07.557,BSW/USDT:USDT,0.01797,15369.0,0.01796,51230.0,0.018,18675.0,0.01801,75177.0
1753533667656,12:41:07.656,BSW/USDT:USDT,0.01796,51230.0,0.01795,53293.0,0.018,18675.0,0.01801,75177.0
1753533667717,12:41:07.717,BSW/USDT:USDT,0.01796,74807.0,0.01795,113143.0,0.018,18675.0,0.01801,75177.0
1753533668259,12:41:08.259,BSW/USDT:USDT,0.01796,74807.0,0.01795,113143.0,0.018,18675.0,0.01801,75177.0
1753533668511,12:41:08.511,BSW/USDT:USDT,0.01796,74807.0,0.01795,113143.0,0.018,18675.0,0.01801,75177.0
1753533668770,12:41:08.770,BSW/USDT:USDT,0.01796,58538.0,0.01795,113143.0,0.018,18675.0,0.01801,75177.0
1753533669119,12:41:09.119,BSW/USDT:USDT,0.01796,74807.0,0.01795,113143.0,0.018,18675.0,0.01801,75177.0
1753533670217,12:41:10.217,BSW/USDT:USDT,0.01796,74807.0,0.01795,113143.0,0.018,18675.0,0.01801,75177.0
1753533674994,12:41:14.994,BSW/USDT:USDT,0.01796,74807.0,0.01795,113143.0,0.018,18675.0,0.01801,75177.0
1753533676296,12:41:16.296,BSW/USDT:USDT,0.01796,58538.0,0.01795,113143.0,0.018,18675.0,0.01801,75177.0
1753533677801,12:41:17.801,BSW/USDT:USDT,0.01796,74807.0,0.01795,113143.0,0.018,18675.0,0.01801,75177.0
1753533679795,12:41:19.795,BSW/USDT:USDT,0.01796,74807.0,0.01795,113143.0,0.018,18675.0,0.01801,75177.0
1753533684616,12:41:24.616,BSW/USDT:USDT,0.01796,74807.0,0.01795,78591.0,0.018,18675.0,0.01801,75177.0
1753533689395,12:41:29.395,BSW/USDT:USDT,0.01796,74807.0,0.01795,78591.0,0.018,18675.0,0.01801,75177.0
1753533694195,12:41:34.195,BSW/USDT:USDT,0.01796,74807.0,0.01795,78591.0,0.018,18675.0,0.01801,75177.0
1753533694470,12:41:34.470,BSW/USDT:USDT,0.01796,58538.0,0.01795,78591.0,0.018,18675.0,0.01801,75177.0
1753533694601,12:41:34.601,BSW/USDT:USDT,0.01796,74807.0,0.01795,78591.0,0.018,18675.0,0.01801,75177.0
1753533694900,12:41:34.900,BSW/USDT:USDT,0.01796,58538.0,0.01795,78591.0,0.018,18675.0,0.01801,75177.0
1753533695077,12:41:35.077,BSW/USDT:USDT,0.01796,74807.0,0.01795,78591.0,0.018,18675.0,0.01801,75177.0
1753533695195,12:41:35.195,BSW/USDT:USDT,0.01796,74807.0,0.01795,78591.0,0.018,18675.0,0.01801,75177.0
1753533696500,12:41:36.500,BSW/USDT:USDT,0.01796,58538.0,0.01795,78591.0,0.018,18675.0,0.01801,75177.0
1753533696807,12:41:36.807,BSW/USDT:USDT,0.01796,74807.0,0.01795,78591.0,0.018,18675.0,0.01801,75177.0
1753533697007,12:41:37.007,BSW/USDT:USDT,0.01796,58538.0,0.01795,78591.0,0.018,18675.0,0.01801,75177.0
1753533697857,12:41:37.857,BSW/USDT:USDT,0.01796,74807.0,0.01795,78591.0,0.018,18675.0,0.01801,75177.0
1753533698995,12:41:38.995,BSW/USDT:USDT,0.01796,74807.0,0.01795,78591.0,0.018,18675.0,0.01801,75177.0
1753533702861,12:41:42.861,BSW/USDT:USDT,0.01796,58538.0,0.01795,78591.0,0.018,18675.0,0.01801,75177.0
1753533703562,12:41:43.562,BSW/USDT:USDT,0.01796,74807.0,0.01795,78591.0,0.018,18675.0,0.01801,75177.0
1753533703631,12:41:43.631,BSW/USDT:USDT,0.01796,74807.0,0.01795,78591.0,0.018,18675.0,0.01801,75177.0
1753533703726,12:41:43.726,BSW/USDT:USDT,0.01796,58538.0,0.01795,78591.0,0.018,18675.0,0.01801,75177.0
1753533703795,12:41:43.795,BSW/USDT:USDT,0.01796,58538.0,0.01795,78591.0,0.018,18675.0,0.01801,75177.0
1753533703973,12:41:43.973,BSW/USDT:USDT,0.01796,58538.0,0.01795,78591.0,0.018,18675.0,0.01801,75177.0
1753533704049,12:41:44.049,BSW/USDT:USDT,0.01796,58538.0,0.01795,78591.0,0.018,18675.0,0.01801,75177.0
1753533704156,12:41:44.156,BSW/USDT:USDT,0.01796,58538.0,0.01795,78591.0,0.018,18675.0,0.01801,75177.0
1753533705439,12:41:45.439,BSW/USDT:USDT,0.01796,74807.0,0.01795,78591.0,0.018,18675.0,0.01801,75177.0
1753533710320,12:41:50.320,BSW/USDT:USDT,0.01796,74807.0,0.01795,78591.0,0.018,18675.0,0.01801,75177.0
1753533710381,12:41:50.381,BSW/USDT:USDT,0.01796,58538.0,0.01795,78591.0,0.018,18675.0,0.01801,75177.0
1753533710580,12:41:50.580,BSW/USDT:USDT,0.01796,74807.0,0.01795,78591.0,0.018,18675.0,0.01801,75177.0
1753533710833,12:41:50.833,BSW/USDT:USDT,0.01796,74807.0,0.01795,78591.0,0.018,18675.0,0.01801,75177.0
1753533714997,12:41:54.997,BSW/USDT:USDT,0.01796,74807.0,0.01795,78591.0,0.018,18675.0,0.01801,75177.0
1753533718436,12:41:58.436,BSW/USDT:USDT,0.01796,74807.0,0.01795,78591.0,0.018,18675.0,0.01801,58908.0
1753533718544,12:41:58.544,BSW/USDT:USDT,0.01797,33970.0,0.01796,74807.0,0.018,5000.0,0.01801,42639.0
1753533718613,12:41:58.613,BSW/USDT:USDT,0.01797,33970.0,0.01796,74807.0,0.018,5000.0,0.01801,42639.0
1753533718756,12:41:58.756,BSW/USDT:USDT,0.01797,93730.0,0.01796,51230.0,0.018,5000.0,0.01801,42639.0
1753533719237,12:41:59.237,BSW/USDT:USDT,0.01797,50154.0,0.01796,110990.0,0.018,5000.0,0.01801,42639.0
1753533719432,12:41:59.432,BSW/USDT:USDT,0.01797,50154.0,0.01796,110990.0,0.018,5000.0,0.01801,58908.0
1753533719795,12:41:59.795,BSW/USDT:USDT,0.01797,50154.0,0.01796,110990.0,0.018,5000.0,0.01801,58908.0
1753533724596,12:42:04.596,BSW/USDT:USDT,0.01797,50154.0,0.01796,110990.0,0.018,5000.0,0.01801,58908.0
1753533729041,12:42:09.041,BSW/USDT:USDT,0.01797,13758.0,0.01796,18692.0,0.018,20479.0,0.01801,75177.0
1753533729141,12:42:09.141,BSW/USDT:USDT,0.01797,13758.0,0.01796,58505.0,0.018,20479.0,0.01801,75177.0
1753533729236,12:42:09.236,BSW/USDT:USDT,0.01797,13758.0,0.01796,58505.0,0.018,20479.0,0.01801,75177.0
1753533729326,12:42:09.326,BSW/USDT:USDT,0.01797,13758.0,0.01796,74774.0,0.018,20479.0,0.01801,75177.0
1753533729396,12:42:09.396,BSW/USDT:USDT,0.01797,13758.0,0.01796,74774.0,0.018,20479.0,0.01801,75177.0
1753533734196,12:42:14.196,BSW/USDT:USDT,0.01797,13758.0,0.01796,74774.0,0.018,20479.0,0.01801,75177.0
1753533738629,12:42:18.629,BSW/USDT:USDT,0.01797,34127.0,0.01796,74774.0,0.018,20479.0,0.01801,75177.0
1753533738837,12:42:18.837,BSW/USDT:USDT,0.01797,34127.0,0.01796,74774.0,0.018,20479.0,0.01801,75177.0
1753533738996,12:42:18.996,BSW/USDT:USDT,0.01797,34127.0,0.01796,74774.0,0.018,20479.0,0.01801,75177.0
1753533739136,12:42:19.136,BSW/USDT:USDT,0.01797,34127.0,0.01796,74774.0,0.018,5000.0,0.01801,58908.0
1753533743280,12:42:23.280,BSW/USDT:USDT,0.01797,18758.0,0.01796,74774.0,0.018,5000.0,0.01801,58908.0
1753533743756,12:42:23.756,BSW/USDT:USDT,0.01797,30592.0,0.01796,74774.0,0.018,20479.0,0.01801,75177.0
1753533743797,12:42:23.797,BSW/USDT:USDT,0.01797,30592.0,0.01796,74774.0,0.018,20479.0,0.01801,75177.0
1753533745210,12:42:25.210,BSW/USDT:USDT,0.01797,18758.0,0.01796,74774.0,0.018,20479.0,0.01801,75177.0
1753533748636,12:42:28.636,BSW/USDT:USDT,0.01797,30592.0,0.01796,62940.0,0.018,20479.0,0.01801,75177.0
1753533748939,12:42:28.939,BSW/USDT:USDT,0.01797,30592.0,0.01796,62940.0,0.018,20479.0,0.01801,75177.0
1753533751871,12:42:31.871,BSW/USDT:USDT,0.01797,30592.0,0.01796,62940.0,0.018,20479.0,0.01801,58908.0
1753533751876,12:42:31.876,BSW/USDT:USDT,0.01797,30592.0,0.01796,62940.0,0.018,5000.0,0.01801,58908.0
1753533752417,12:42:32.417,BSW/USDT:USDT,0.01797,30592.0,0.01796,62940.0,0.018,20479.0,0.01801,75177.0
1753533753396,12:42:33.396,BSW/USDT:USDT,0.01797,30592.0,0.01796,62940.0,0.018,20479.0,0.01801,75177.0
1753533757481,12:42:37.481,BSW/USDT:USDT,0.01797,18758.0,0.01796,62940.0,0.018,20479.0,0.01801,75177.0
1753533757851,12:42:37.851,BSW/USDT:USDT,0.01797,18758.0,0.01796,62940.0,0.018,20479.0,0.01801,75177.0
1753533758197,12:42:38.197,BSW/USDT:USDT,0.01797,18758.0,0.01796,62940.0,0.018,20479.0,0.01801,75177.0
1753533759111,12:42:39.111,BSW/USDT:USDT,0.01797,18758.0,0.01796,62940.0,0.018,20479.0,0.01801,75177.0
1753533763017,12:42:43.017,BSW/USDT:USDT,0.01797,18758.0,0.01796,62940.0,0.018,20479.0,0.01801,75177.0
1753533767796,12:42:47.796,BSW/USDT:USDT,0.01797,18758.0,0.01796,62940.0,0.018,20479.0,0.01801,75177.0
1753533768418,12:42:48.418,BSW/USDT:USDT,0.01797,18758.0,0.01796,62940.0,0.018,20479.0,0.01801,75177.0
1753533768692,12:42:48.692,BSW/USDT:USDT,0.01797,18758.0,0.01796,62940.0,0.018,20479.0,0.01801,75177.0
1753533783730,12:43:03.730,BSW/USDT:USDT,0.01797,18758.0,0.01796,62940.0,0.018,20479.0,0.01801,75177.0
1753533785770,12:43:05.770,BSW/USDT:USDT,0.01797,5000.0,0.01796,46671.0,0.018,20479.0,0.01801,75177.0
1753533785788,12:43:05.788,BSW/USDT:USDT,0.01797,5000.0,0.01796,62940.0,0.018,20479.0,0.01801,75177.0
1753533785950,12:43:05.950,BSW/USDT:USDT,0.01797,5000.0,0.01796,46671.0,0.018,20479.0,0.01801,75177.0
1753533786019,12:43:06.019,BSW/USDT:USDT,0.01796,46671.0,0.01795,78481.0,0.01799,15344.0,0.018,81049.0
1753533786174,12:43:06.174,BSW/USDT:USDT,0.01796,46671.0,0.01795,78481.0,0.01799,15344.0,0.018,81049.0
1753533786687,12:43:06.687,BSW/USDT:USDT,0.01796,46671.0,0.01795,78481.0,0.01799,15344.0,0.018,81049.0
1753533787076,12:43:07.076,BSW/USDT:USDT,0.01796,46671.0,0.01795,78481.0,0.01799,20344.0,0.018,81049.0
1753533787197,12:43:07.197,BSW/USDT:USDT,0.01796,46671.0,0.01795,78481.0,0.01799,20344.0,0.018,81049.0
1753533787385,12:43:07.385,BSW/USDT:USDT,0.01796,46671.0,0.01795,78481.0,0.01799,20344.0,0.018,81049.0
1753533791529,12:43:11.529,BSW/USDT:USDT,0.01796,46671.0,0.01795,78481.0,0.01799,20344.0,0.018,81049.0
1753533792017,12:43:12.017,BSW/USDT:USDT,0.01796,46671.0,0.01795,78481.0,0.01799,20344.0,0.018,81049.0
1753533792458,12:43:12.458,BSW/USDT:USDT,0.01796,46671.0,0.01795,78481.0,0.01799,20344.0,0.018,81049.0
1753533792552,12:43:12.552,BSW/USDT:USDT,0.01796,46671.0,0.01795,78481.0,0.01799,20344.0,0.018,81049.0
1753533792656,12:43:12.656,BSW/USDT:USDT,0.01796,18692.0,0.01795,47452.0,0.01799,20344.0,0.018,81049.0
1753533792771,12:43:12.771,BSW/USDT:USDT,0.01796,46795.0,0.01795,35618.0,0.01799,20344.0,0.018,81049.0
1753533792852,12:43:12.852,BSW/USDT:USDT,0.01796,30526.0,0.01795,35618.0,0.01799,20344.0,0.018,81049.0
1753533792931,12:43:12.931,BSW/USDT:USDT,0.01796,30526.0,0.01795,35618.0,0.01799,20344.0,0.018,81049.0
1753533793067,12:43:13.067,BSW/USDT:USDT,0.01796,46795.0,0.01795,35618.0,0.01799,20344.0,0.018,81049.0
1753533793160,12:43:13.160,BSW/USDT:USDT,0.01796,30526.0,0.01795,35618.0,0.01799,20344.0,0.018,81049.0
1753533793239,12:43:13.239,BSW/USDT:USDT,0.01796,30526.0,0.01795,35618.0,0.01799,20344.0,0.018,81049.0
1753533793361,12:43:13.361,BSW/USDT:USDT,0.01796,30526.0,0.01795,35618.0,0.01799,20344.0,0.018,81049.0
1753533793461,12:43:13.461,BSW/USDT:USDT,0.01796,46795.0,0.01795,35618.0,0.01799,20344.0,0.018,81049.0
1753533793549,12:43:13.549,BSW/USDT:USDT,0.01796,46795.0,0.01795,35618.0,0.01799,20344.0,0.018,81049.0
1753533793633,12:43:13.633,BSW/USDT:USDT,0.01796,46795.0,0.01795,35618.0,0.01799,20344.0,0.018,81049.0
1753533793683,12:43:13.683,BSW/USDT:USDT,0.01796,18692.0,0.01795,35618.0,0.01799,20344.0,0.018,81049.0
1753533794130,12:43:14.130,BSW/USDT:USDT,0.01796,18692.0,0.01795,35618.0,0.01799,20344.0,0.018,81049.0
1753533794263,12:43:14.263,BSW/USDT:USDT,0.01796,34961.0,0.01795,35618.0,0.01799,20344.0,0.018,81049.0
1753533794285,12:43:14.285,BSW/USDT:USDT,0.01796,18692.0,0.01795,35618.0,0.01799,20344.0,0.018,81049.0
1753533794437,12:43:14.437,BSW/USDT:USDT,0.01796,34961.0,0.01795,35618.0,0.01799,20344.0,0.018,81049.0
1753533794567,12:43:14.567,BSW/USDT:USDT,0.01796,34961.0,0.01795,35618.0,0.01799,20344.0,0.018,81049.0
1753533794652,12:43:14.652,BSW/USDT:USDT,0.01796,18692.0,0.01795,35618.0,0.01799,20344.0,0.018,81049.0
1753533794772,12:43:14.772,BSW/USDT:USDT,0.01796,18692.0,0.01795,35618.0,0.01799,20344.0,0.018,20479.0
1753533794873,12:43:14.873,BSW/USDT:USDT,0.01796,18692.0,0.01795,35618.0,0.01799,5000.0,0.018,80939.0
1753533794949,12:43:14.949,BSW/USDT:USDT,0.01796,18692.0,0.01795,35618.0,0.01799,24638.0,0.018,80939.0
1753533795064,12:43:15.064,BSW/USDT:USDT,0.01796,18692.0,0.01795,35618.0,0.01799,24638.0,0.018,80939.0
1753533795110,12:43:15.110,BSW/USDT:USDT,0.01796,18692.0,0.01795,35618.0,0.01799,24638.0,0.018,80939.0
1753533795208,12:43:15.208,BSW/USDT:USDT,0.01796,18692.0,0.01795,35618.0,0.01799,24638.0,0.018,80939.0
1753533796797,12:43:16.797,BSW/USDT:USDT,0.01796,18692.0,0.01795,35618.0,0.01799,24638.0,0.018,80939.0
1753533798430,12:43:18.430,BSW/USDT:USDT,0.01796,34961.0,0.01795,35618.0,0.01799,24638.0,0.018,80939.0
1753533800047,12:43:20.047,BSW/USDT:USDT,0.01796,18692.0,0.01795,35618.0,0.01799,24638.0,0.018,80939.0
1753533800132,12:43:20.132,BSW/USDT:USDT,0.01796,18692.0,0.01795,35618.0,0.01799,24843.0,0.018,80939.0
1753533801637,12:43:21.637,BSW/USDT:USDT,0.01796,18692.0,0.01795,35618.0,0.01799,24843.0,0.018,80939.0
1753533805772,12:43:25.772,BSW/USDT:USDT,0.01796,18692.0,0.01795,35618.0,0.01799,24843.0,0.018,20479.0
1753533805873,12:43:25.873,BSW/USDT:USDT,0.01796,18692.0,0.01795,35618.0,0.01799,79897.0,0.018,34811.0
1753533806397,12:43:26.397,BSW/USDT:USDT,0.01796,18692.0,0.01795,35618.0,0.01799,19537.0,0.018,34811.0
1753533806479,12:43:26.479,BSW/USDT:USDT,0.01796,18692.0,0.01795,35618.0,0.01799,79897.0,0.018,34811.0
1753533811199,12:43:31.199,BSW/USDT:USDT,0.01796,18692.0,0.01795,35618.0,0.01799,79897.0,0.018,34811.0
1753533815998,12:43:35.998,BSW/USDT:USDT,0.01796,18692.0,0.01795,35618.0,0.01799,79897.0,0.018,34811.0
1753533817703,12:43:37.703,BSW/USDT:USDT,0.01796,34961.0,0.01795,35618.0,0.01799,79897.0,0.018,34811.0
1753533820818,12:43:40.818,BSW/USDT:USDT,0.01796,34961.0,0.01795,35618.0,0.01799,79897.0,0.018,34811.0
1753533824457,12:43:44.457,BSW/USDT:USDT,0.01796,34961.0,0.01795,35618.0,0.01799,79897.0,0.018,34811.0
1753533825599,12:43:45.599,BSW/USDT:USDT,0.01796,34961.0,0.01795,35618.0,0.01799,79897.0,0.018,34811.0
1753533830399,12:43:50.399,BSW/USDT:USDT,0.01796,34961.0,0.01795,35618.0,0.01799,79897.0,0.018,34811.0
1753533830848,12:43:50.848,BSW/USDT:USDT,0.01796,18692.0,0.01795,35618.0,0.01799,79897.0,0.018,34811.0
1753533831620,12:43:51.620,BSW/USDT:USDT,0.01796,34961.0,0.01795,35618.0,0.01799,79897.0,0.018,34811.0
1753533833320,12:43:53.320,BSW/USDT:USDT,0.01796,18692.0,0.01795,35618.0,0.01799,79897.0,0.018,34811.0
1753533835216,12:43:55.216,BSW/USDT:USDT,0.01796,18692.0,0.01795,35618.0,0.01799,79897.0,0.018,34811.0
1753533839114,12:43:59.114,BSW/USDT:USDT,0.01796,34961.0,0.01795,35618.0,0.01799,79692.0,0.018,34811.0
1753533839330,12:43:59.330,BSW/USDT:USDT,0.01796,18692.0,0.01795,35618.0,0.01799,79692.0,0.018,34811.0
1753533840053,12:44:00.053,BSW/USDT:USDT,0.01796,5205.0,0.01795,35618.0,0.01798,17928.0,0.01799,79692.0
1753533840120,12:44:00.120,BSW/USDT:USDT,0.01796,5205.0,0.01795,35618.0,0.01798,17928.0,0.01799,79692.0
1753533840270,12:44:00.270,BSW/USDT:USDT,0.01796,5205.0,0.01795,35618.0,0.01798,17928.0,0.01799,79692.0
1753533840299,12:44:00.299,BSW/USDT:USDT,0.01796,5205.0,0.01795,35618.0,0.01798,17928.0,0.01799,79692.0
1753533840987,12:44:00.987,BSW/USDT:USDT,0.01796,5410.0,0.01795,35618.0,0.01798,17723.0,0.01799,79692.0
1753533844802,12:44:04.802,BSW/USDT:USDT,0.01796,5410.0,0.01795,35618.0,0.01798,17723.0,0.01799,79692.0
1753533845249,12:44:05.249,BSW/USDT:USDT,0.01796,5000.0,0.01795,35618.0,0.01798,18133.0,0.01799,79692.0
1753533845373,12:44:05.373,BSW/USDT:USDT,0.01796,5205.0,0.01795,35618.0,0.01798,17928.0,0.01799,79692.0
1753533845469,12:44:05.469,BSW/USDT:USDT,0.01796,21474.0,0.01795,35618.0,0.01798,17723.0,0.01799,79692.0
1753533845567,12:44:05.567,BSW/USDT:USDT,0.01796,5205.0,0.01795,35618.0,0.01798,17928.0,0.01799,79692.0
1753533845651,12:44:05.651,BSW/USDT:USDT,0.01796,5205.0,0.01795,35618.0,0.01798,17723.0,0.01799,79692.0
1753533845772,12:44:05.772,BSW/USDT:USDT,0.01796,21269.0,0.01795,35618.0,0.01798,17723.0,0.01799,19332.0
1753533845873,12:44:05.873,BSW/USDT:USDT,0.01796,5000.0,0.01795,35618.0,0.01798,5000.0,0.01799,79352.0
1753533845877,12:44:05.877,BSW/USDT:USDT,0.01796,5000.0,0.01795,35618.0,0.01798,19987.0,0.01799,79352.0
1753533846269,12:44:06.269,BSW/USDT:USDT,0.01796,5000.0,0.01795,35618.0,0.01798,19987.0,0.01799,79352.0
1753533846303,12:44:06.303,BSW/USDT:USDT,0.01796,21269.0,0.01795,35618.0,0.01798,19987.0,0.01799,79352.0
