timestamp,time,symbol,bid1_price,bid1_volume,bid2_price,bid2_volume,ask1_price,ask1_volume,ask2_price,ask2_volume
1753533020000,12:30:20.000,BANANA/USDT:USDT,29.73,550.0,29.71,40.0,29.76,45.0,29.77,115.0
1753533020526,12:30:20.526,BANANA/USDT:USDT,29.73,550.0,29.71,40.0,29.76,45.0,29.77,115.0
1753533020927,12:30:20.927,BANANA/USDT:USDT,29.73,550.0,29.71,40.0,29.76,45.0,29.77,115.0
1753533021516,12:30:21.516,BANANA/USDT:USDT,29.71,589.0,29.7,178.0,29.76,45.0,29.77,115.0
1753533022129,12:30:22.129,BANANA/USDT:USDT,29.71,589.0,29.7,178.0,29.76,45.0,29.77,115.0
1753533022632,12:30:22.632,BANANA/USDT:USDT,29.71,589.0,29.7,178.0,29.76,45.0,29.77,214.0
1753533022687,12:30:22.687,BANANA/USDT:USDT,29.71,589.0,29.7,178.0,29.76,145.0,29.77,214.0
1753533022814,12:30:22.814,BANANA/USDT:USDT,29.71,589.0,29.7,178.0,29.76,238.0,29.77,384.0
1753533022947,12:30:22.947,BANANA/USDT:USDT,29.71,589.0,29.7,178.0,29.76,238.0,29.77,384.0
1753533023894,12:30:23.894,BANANA/USDT:USDT,29.7,178.0,29.69,782.0,29.76,391.0,29.77,933.0
1753533024016,12:30:24.016,BANANA/USDT:USDT,29.7,178.0,29.69,1331.0,29.75,140.0,29.76,287.0
1753533024169,12:30:24.169,BANANA/USDT:USDT,29.7,178.0,29.69,1331.0,29.75,140.0,29.76,287.0
1753533024610,12:30:24.610,BANANA/USDT:USDT,29.7,178.0,29.69,1331.0,29.74,40.0,29.75,140.0
1753533025012,12:30:25.012,BANANA/USDT:USDT,29.7,178.0,29.69,1331.0,29.74,40.0,29.75,140.0
1753533025427,12:30:25.427,BANANA/USDT:USDT,29.7,178.0,29.69,1331.0,29.74,40.0,29.75,140.0
1753533025727,12:30:25.727,BANANA/USDT:USDT,29.7,178.0,29.69,1331.0,29.74,40.0,29.75,140.0
1753533026675,12:30:26.675,BANANA/USDT:USDT,29.7,178.0,29.69,1331.0,29.74,40.0,29.75,140.0
1753533027836,12:30:27.836,BANANA/USDT:USDT,29.7,178.0,29.69,1331.0,29.74,40.0,29.75,140.0
1753533028494,12:30:28.494,BANANA/USDT:USDT,29.71,553.0,29.7,178.0,29.74,40.0,29.75,140.0
1753533028660,12:30:28.660,BANANA/USDT:USDT,29.71,553.0,29.7,178.0,29.74,40.0,29.75,140.0
1753533029659,12:30:29.659,BANANA/USDT:USDT,29.71,553.0,29.7,178.0,29.74,40.0,29.75,140.0
1753533029858,12:30:29.858,BANANA/USDT:USDT,29.71,553.0,29.7,178.0,29.74,42.0,29.75,140.0
1753533029906,12:30:29.906,BANANA/USDT:USDT,29.71,553.0,29.7,178.0,29.74,40.0,29.75,140.0
1753533030040,12:30:30.040,BANANA/USDT:USDT,29.71,553.0,29.7,178.0,29.74,40.0,29.75,140.0
1753533030543,12:30:30.543,BANANA/USDT:USDT,29.71,593.0,29.7,178.0,29.74,40.0,29.75,140.0
1753533034368,12:30:34.368,BANANA/USDT:USDT,29.71,593.0,29.7,178.0,29.74,42.0,29.75,140.0
1753533034374,12:30:34.374,BANANA/USDT:USDT,29.71,593.0,29.7,178.0,29.74,42.0,29.75,140.0
1753533035334,12:30:35.334,BANANA/USDT:USDT,29.71,593.0,29.7,178.0,29.74,42.0,29.75,140.0
1753533036267,12:30:36.267,BANANA/USDT:USDT,29.71,593.0,29.7,178.0,29.74,40.0,29.75,140.0
1753533040130,12:30:40.130,BANANA/USDT:USDT,29.71,593.0,29.7,178.0,29.74,40.0,29.75,140.0
1753533040847,12:30:40.847,BANANA/USDT:USDT,29.71,593.0,29.7,178.0,29.74,40.0,29.75,140.0
1753533041039,12:30:41.039,BANANA/USDT:USDT,29.71,593.0,29.7,178.0,29.74,40.0,29.75,140.0
1753533043050,12:30:43.050,BANANA/USDT:USDT,29.71,593.0,29.7,178.0,29.75,40.0,29.76,345.0
1753533043154,12:30:43.154,BANANA/USDT:USDT,29.71,593.0,29.7,178.0,29.75,40.0,29.76,345.0
1753533044928,12:30:44.928,BANANA/USDT:USDT,29.71,593.0,29.7,178.0,29.75,40.0,29.76,345.0
1753533047096,12:30:47.096,BANANA/USDT:USDT,29.71,593.0,29.7,178.0,29.75,40.0,29.76,345.0
1753533048470,12:30:48.470,BANANA/USDT:USDT,29.71,589.0,29.7,178.0,29.75,40.0,29.76,345.0
1753533049735,12:30:49.735,BANANA/USDT:USDT,29.71,589.0,29.7,178.0,29.75,40.0,29.76,345.0
1753533053054,12:30:53.054,BANANA/USDT:USDT,29.71,589.0,29.7,178.0,29.75,40.0,29.76,345.0
1753533053088,12:30:53.088,BANANA/USDT:USDT,29.71,589.0,29.7,178.0,29.75,40.0,29.76,345.0
1753533053859,12:30:53.859,BANANA/USDT:USDT,29.71,589.0,29.7,178.0,29.75,40.0,29.76,345.0
1753533054529,12:30:54.529,BANANA/USDT:USDT,29.71,589.0,29.7,178.0,29.75,40.0,29.76,345.0
1753533058971,12:30:58.971,BANANA/USDT:USDT,29.71,589.0,29.7,178.0,29.75,40.0,29.76,345.0
1753533058974,12:30:58.974,BANANA/USDT:USDT,29.71,589.0,29.7,178.0,29.75,40.0,29.76,264.0
1753533059328,12:30:59.328,BANANA/USDT:USDT,29.71,589.0,29.7,178.0,29.75,40.0,29.76,264.0
1753533059472,12:30:59.472,BANANA/USDT:USDT,29.71,589.0,29.7,178.0,29.75,139.0,29.76,264.0
1753533060611,12:31:00.611,BANANA/USDT:USDT,29.71,589.0,29.7,178.0,29.75,139.0,29.76,264.0
1753533061056,12:31:01.056,BANANA/USDT:USDT,29.69,421.0,29.68,40.0,29.75,139.0,29.76,264.0
1753533061225,12:31:01.225,BANANA/USDT:USDT,29.7,549.0,29.69,421.0,29.75,139.0,29.76,264.0
1753533061314,12:31:01.314,BANANA/USDT:USDT,29.7,549.0,29.69,421.0,29.75,139.0,29.76,264.0
1753533061395,12:31:01.395,BANANA/USDT:USDT,29.7,549.0,29.69,421.0,29.74,112.0,29.75,239.0
1753533061727,12:31:01.727,BANANA/USDT:USDT,29.7,549.0,29.69,421.0,29.74,112.0,29.75,239.0
1753533062055,12:31:02.055,BANANA/USDT:USDT,29.7,549.0,29.69,421.0,29.74,112.0,29.75,239.0
1753533062163,12:31:02.163,BANANA/USDT:USDT,29.7,549.0,29.69,421.0,29.74,112.0,29.75,239.0
1753533062178,12:31:02.178,BANANA/USDT:USDT,29.7,549.0,29.69,421.0,29.74,112.0,29.75,239.0
1753533063658,12:31:03.658,BANANA/USDT:USDT,29.7,549.0,29.69,421.0,29.74,112.0,29.75,239.0
1753533064158,12:31:04.158,BANANA/USDT:USDT,29.7,549.0,29.69,421.0,29.74,112.0,29.75,239.0
1753533066870,12:31:06.870,BANANA/USDT:USDT,29.7,549.0,29.69,421.0,29.74,112.0,29.75,239.0
1753533066888,12:31:06.888,BANANA/USDT:USDT,29.7,549.0,29.69,421.0,29.74,112.0,29.75,239.0
1753533067138,12:31:07.138,BANANA/USDT:USDT,29.7,683.0,29.69,421.0,29.74,112.0,29.75,239.0
1753533067617,12:31:07.617,BANANA/USDT:USDT,29.7,683.0,29.69,421.0,29.74,112.0,29.75,239.0
1753533068124,12:31:08.124,BANANA/USDT:USDT,29.71,44.0,29.7,683.0,29.74,112.0,29.75,239.0
1753533068188,12:31:08.188,BANANA/USDT:USDT,29.71,44.0,29.7,683.0,29.74,112.0,29.75,239.0
1753533068928,12:31:08.928,BANANA/USDT:USDT,29.71,44.0,29.7,683.0,29.74,112.0,29.75,239.0
1753533069116,12:31:09.116,BANANA/USDT:USDT,29.71,44.0,29.7,683.0,29.74,72.0,29.75,239.0
1753533069174,12:31:09.174,BANANA/USDT:USDT,29.71,142.0,29.7,683.0,29.74,72.0,29.75,239.0
1753533069362,12:31:09.362,BANANA/USDT:USDT,29.71,142.0,29.7,683.0,29.75,239.0,29.76,264.0
1753533069412,12:31:09.412,BANANA/USDT:USDT,29.71,142.0,29.7,683.0,29.75,239.0,29.76,264.0
1753533070099,12:31:10.099,BANANA/USDT:USDT,29.71,142.0,29.7,683.0,29.75,140.0,29.76,206.0
1753533070892,12:31:10.892,BANANA/USDT:USDT,29.71,142.0,29.7,683.0,29.75,40.0,29.76,206.0
1753533072094,12:31:12.094,BANANA/USDT:USDT,29.71,142.0,29.7,683.0,29.75,40.0,29.76,304.0
1753533073488,12:31:13.488,BANANA/USDT:USDT,29.71,142.0,29.7,683.0,29.75,40.0,29.76,304.0
1753533073728,12:31:13.728,BANANA/USDT:USDT,29.71,142.0,29.7,683.0,29.75,40.0,29.76,304.0
1753533078534,12:31:18.534,BANANA/USDT:USDT,29.71,142.0,29.7,683.0,29.75,40.0,29.76,304.0
1753533079052,12:31:19.052,BANANA/USDT:USDT,29.71,142.0,29.7,683.0,29.75,40.0,29.76,304.0
1753533079214,12:31:19.214,BANANA/USDT:USDT,29.71,142.0,29.7,683.0,29.75,40.0,29.76,139.0
1753533079882,12:31:19.882,BANANA/USDT:USDT,29.71,142.0,29.7,683.0,29.75,40.0,29.76,139.0
1753533080125,12:31:20.125,BANANA/USDT:USDT,29.71,142.0,29.7,683.0,29.75,40.0,29.76,139.0
1753533080614,12:31:20.614,BANANA/USDT:USDT,29.71,142.0,29.7,683.0,29.75,40.0,29.76,139.0
1753533081655,12:31:21.655,BANANA/USDT:USDT,29.71,142.0,29.7,683.0,29.75,40.0,29.76,139.0
1753533081964,12:31:21.964,BANANA/USDT:USDT,29.71,142.0,29.7,683.0,29.75,40.0,29.76,139.0
1753533082854,12:31:22.854,BANANA/USDT:USDT,29.71,142.0,29.7,683.0,29.75,40.0,29.76,139.0
1753533083329,12:31:23.329,BANANA/USDT:USDT,29.71,142.0,29.7,683.0,29.75,40.0,29.76,139.0
1753533085824,12:31:25.824,BANANA/USDT:USDT,29.71,243.0,29.7,683.0,29.76,41.0,29.77,192.0
1753533085935,12:31:25.935,BANANA/USDT:USDT,29.71,243.0,29.7,683.0,29.76,41.0,29.77,192.0
1753533086137,12:31:26.137,BANANA/USDT:USDT,29.72,364.0,29.71,138.0,29.76,41.0,29.77,192.0
1753533086233,12:31:26.233,BANANA/USDT:USDT,29.72,40.0,29.71,138.0,29.76,41.0,29.77,192.0
1753533086668,12:31:26.668,BANANA/USDT:USDT,29.72,40.0,29.71,138.0,29.76,41.0,29.77,192.0
1753533086750,12:31:26.750,BANANA/USDT:USDT,29.72,210.0,29.71,138.0,29.76,41.0,29.77,115.0
1753533088128,12:31:28.128,BANANA/USDT:USDT,29.72,210.0,29.71,138.0,29.76,41.0,29.77,115.0
1753533088358,12:31:28.358,BANANA/USDT:USDT,29.73,326.0,29.72,210.0,29.76,41.0,29.77,115.0
1753533088405,12:31:28.405,BANANA/USDT:USDT,29.73,2.0,29.72,210.0,29.76,41.0,29.77,115.0
1753533088793,12:31:28.793,BANANA/USDT:USDT,29.73,2.0,29.72,210.0,29.76,41.0,29.77,213.0
1753533088886,12:31:28.886,BANANA/USDT:USDT,29.73,42.0,29.72,210.0,29.76,41.0,29.77,213.0
1753533089317,12:31:29.317,BANANA/USDT:USDT,29.73,44.0,29.72,210.0,29.76,41.0,29.77,213.0
1753533089667,12:31:29.667,BANANA/USDT:USDT,29.73,44.0,29.72,210.0,29.76,41.0,29.77,213.0
1753533089697,12:31:29.697,BANANA/USDT:USDT,29.73,44.0,29.72,210.0,29.76,41.0,29.77,213.0
1753533090054,12:31:30.054,BANANA/USDT:USDT,29.73,44.0,29.72,210.0,29.76,45.0,29.77,115.0
1753533090134,12:31:30.134,BANANA/USDT:USDT,29.73,44.0,29.72,210.0,29.76,43.0,29.77,40.0
1753533090367,12:31:30.367,BANANA/USDT:USDT,29.73,44.0,29.72,210.0,29.76,1.0,29.77,40.0
1753533090466,12:31:30.466,BANANA/USDT:USDT,29.73,592.0,29.72,210.0,29.76,1.0,29.77,40.0
1753533090554,12:31:30.554,BANANA/USDT:USDT,29.73,592.0,29.72,210.0,29.76,1.0,29.77,40.0
1753533090863,12:31:30.863,BANANA/USDT:USDT,29.73,592.0,29.72,170.0,29.76,1.0,29.79,40.0
1753533092929,12:31:32.929,BANANA/USDT:USDT,29.73,592.0,29.72,170.0,29.76,1.0,29.79,40.0
1753533093230,12:31:33.230,BANANA/USDT:USDT,29.73,592.0,29.72,170.0,29.76,1.0,29.79,40.0
1753533093771,12:31:33.771,BANANA/USDT:USDT,29.74,175.0,29.73,588.0,29.76,1.0,29.79,140.0
1753533093857,12:31:33.857,BANANA/USDT:USDT,29.75,44.0,29.74,175.0,29.76,1.0,29.79,140.0
1753533093939,12:31:33.939,BANANA/USDT:USDT,29.75,44.0,29.74,175.0,29.76,1.0,29.79,140.0
1753533094066,12:31:34.066,BANANA/USDT:USDT,29.75,42.0,29.74,175.0,29.76,1.0,29.79,140.0
1753533094120,12:31:34.120,BANANA/USDT:USDT,29.75,40.0,29.74,175.0,29.76,1.0,29.79,140.0
1753533094174,12:31:34.174,BANANA/USDT:USDT,29.75,40.0,29.74,175.0,29.76,1.0,29.79,140.0
1753533094875,12:31:34.875,BANANA/USDT:USDT,29.75,40.0,29.74,175.0,29.76,1.0,29.79,140.0
1753533095105,12:31:35.105,BANANA/USDT:USDT,29.75,42.0,29.74,175.0,29.76,1.0,29.79,140.0
1753533095260,12:31:35.260,BANANA/USDT:USDT,29.75,42.0,29.74,175.0,29.76,1.0,29.79,140.0
1753533095458,12:31:35.458,BANANA/USDT:USDT,29.75,42.0,29.74,175.0,29.76,1.0,29.79,140.0
1753533095518,12:31:35.518,BANANA/USDT:USDT,29.75,40.0,29.74,175.0,29.76,1.0,29.79,140.0
1753533095807,12:31:35.807,BANANA/USDT:USDT,29.75,40.0,29.74,175.0,29.76,1.0,29.79,140.0
1753533096356,12:31:36.356,BANANA/USDT:USDT,29.75,40.0,29.74,175.0,29.76,1.0,29.79,140.0
1753533097736,12:31:37.736,BANANA/USDT:USDT,29.75,40.0,29.74,175.0,29.76,1.0,29.79,140.0
1753533098231,12:31:38.231,BANANA/USDT:USDT,29.75,40.0,29.74,175.0,29.76,1.0,29.79,140.0
1753533098731,12:31:38.731,BANANA/USDT:USDT,29.75,40.0,29.74,175.0,29.76,1.0,29.79,140.0
1753533102554,12:31:42.554,BANANA/USDT:USDT,29.75,40.0,29.74,175.0,29.76,1.0,29.79,140.0
1753533102575,12:31:42.575,BANANA/USDT:USDT,29.75,40.0,29.74,175.0,29.76,1.0,29.79,140.0
1753533103260,12:31:43.260,BANANA/USDT:USDT,29.75,587.0,29.74,44.0,29.76,1.0,29.79,140.0
1753533105885,12:31:45.885,BANANA/USDT:USDT,29.75,591.0,29.74,44.0,29.76,1.0,29.79,140.0
1753533106160,12:31:46.160,BANANA/USDT:USDT,29.75,591.0,29.74,44.0,29.76,1.0,29.79,140.0
1753533107329,12:31:47.329,BANANA/USDT:USDT,29.75,591.0,29.74,44.0,29.76,1.0,29.79,140.0
1753533107721,12:31:47.721,BANANA/USDT:USDT,29.75,591.0,29.74,44.0,29.76,1.0,29.79,140.0
1753533107839,12:31:47.839,BANANA/USDT:USDT,29.75,591.0,29.74,44.0,29.76,1.0,29.79,140.0
1753533107962,12:31:47.962,BANANA/USDT:USDT,29.75,591.0,29.74,44.0,29.76,1.0,29.79,140.0
1753533108300,12:31:48.300,BANANA/USDT:USDT,29.75,591.0,29.74,44.0,29.76,1.0,29.79,140.0
1753533109461,12:31:49.461,BANANA/USDT:USDT,29.75,589.0,29.74,44.0,29.76,1.0,29.79,140.0
1753533110262,12:31:50.262,BANANA/USDT:USDT,29.75,591.0,29.74,44.0,29.76,1.0,29.79,140.0
1753533112131,12:31:52.131,BANANA/USDT:USDT,29.75,591.0,29.74,44.0,29.76,1.0,29.79,140.0
1753533112319,12:31:52.319,BANANA/USDT:USDT,29.75,589.0,29.74,44.0,29.76,1.0,29.79,140.0
1753533112440,12:31:52.440,BANANA/USDT:USDT,29.75,589.0,29.74,42.0,29.76,1.0,29.79,140.0
1753533114078,12:31:54.078,BANANA/USDT:USDT,29.75,587.0,29.74,42.0,29.76,1.0,29.79,140.0
1753533115026,12:31:55.026,BANANA/USDT:USDT,29.75,589.0,29.74,44.0,29.76,1.0,29.79,140.0
1753533115608,12:31:55.608,BANANA/USDT:USDT,29.75,587.0,29.74,42.0,29.76,1.0,29.79,140.0
1753533116934,12:31:56.934,BANANA/USDT:USDT,29.75,587.0,29.74,42.0,29.76,1.0,29.79,140.0
1753533118425,12:31:58.425,BANANA/USDT:USDT,29.75,589.0,29.74,44.0,29.76,1.0,29.79,140.0
1753533118910,12:31:58.910,BANANA/USDT:USDT,29.75,589.0,29.74,44.0,29.76,1.0,29.79,140.0
1753533119516,12:31:59.516,BANANA/USDT:USDT,29.75,547.0,29.74,40.0,29.76,1.0,29.79,140.0
1753533119707,12:31:59.707,BANANA/USDT:USDT,29.75,547.0,29.74,40.0,29.76,1.0,29.79,140.0
1753533120015,12:32:00.015,BANANA/USDT:USDT,29.74,587.0,29.73,166.0,29.76,1.0,29.79,140.0
1753533120269,12:32:00.269,BANANA/USDT:USDT,29.74,587.0,29.73,166.0,29.76,1.0,29.79,140.0
1753533120469,12:32:00.469,BANANA/USDT:USDT,29.74,40.0,29.73,166.0,29.76,1.0,29.79,140.0
1753533120535,12:32:00.535,BANANA/USDT:USDT,29.74,40.0,29.73,40.0,29.76,5.0,29.77,40.0
1753533120604,12:32:00.604,BANANA/USDT:USDT,29.74,587.0,29.73,40.0,29.76,5.0,29.77,40.0
1753533120687,12:32:00.687,BANANA/USDT:USDT,29.74,587.0,29.73,40.0,29.76,5.0,29.77,40.0
1753533121411,12:32:01.411,BANANA/USDT:USDT,29.74,587.0,29.73,40.0,29.76,5.0,29.77,40.0
1753533121519,12:32:01.519,BANANA/USDT:USDT,29.73,40.0,29.72,210.0,29.76,45.0,29.77,115.0
1753533121661,12:32:01.661,BANANA/USDT:USDT,29.73,587.0,29.72,210.0,29.76,45.0,29.77,115.0
1753533121730,12:32:01.730,BANANA/USDT:USDT,29.73,587.0,29.72,210.0,29.76,45.0,29.77,115.0
1753533122534,12:32:02.534,BANANA/USDT:USDT,29.73,587.0,29.72,210.0,29.76,45.0,29.77,115.0
1753533122798,12:32:02.798,BANANA/USDT:USDT,29.73,40.0,29.72,210.0,29.76,45.0,29.77,115.0
1753533122918,12:32:02.918,BANANA/USDT:USDT,29.73,587.0,29.72,210.0,29.76,45.0,29.77,115.0
1753533123119,12:32:03.119,BANANA/USDT:USDT,29.73,587.0,29.72,210.0,29.76,45.0,29.77,115.0
1753533125234,12:32:05.234,BANANA/USDT:USDT,29.73,587.0,29.72,210.0,29.76,45.0,29.77,115.0
1753533126529,12:32:06.529,BANANA/USDT:USDT,29.73,587.0,29.72,210.0,29.76,45.0,29.77,115.0
1753533128559,12:32:08.559,BANANA/USDT:USDT,29.73,587.0,29.72,40.0,29.76,43.0,29.77,115.0
1753533128648,12:32:08.648,BANANA/USDT:USDT,29.72,40.0,29.71,430.0,29.76,43.0,29.77,115.0
1753533128755,12:32:08.755,BANANA/USDT:USDT,29.72,40.0,29.71,587.0,29.76,43.0,29.77,115.0
1753533128958,12:32:08.958,BANANA/USDT:USDT,29.72,40.0,29.71,40.0,29.76,43.0,29.77,115.0
1753533129058,12:32:09.058,BANANA/USDT:USDT,29.72,40.0,29.71,587.0,29.76,43.0,29.77,115.0
1753533129144,12:32:09.144,BANANA/USDT:USDT,29.72,40.0,29.71,587.0,29.76,43.0,29.77,115.0
1753533129429,12:32:09.429,BANANA/USDT:USDT,29.72,40.0,29.71,587.0,29.76,43.0,29.77,115.0
1753533129644,12:32:09.644,BANANA/USDT:USDT,29.72,40.0,29.71,587.0,29.76,43.0,29.77,213.0
1753533129971,12:32:09.971,BANANA/USDT:USDT,29.72,40.0,29.71,587.0,29.76,43.0,29.77,213.0
1753533130563,12:32:10.563,BANANA/USDT:USDT,29.72,40.0,29.71,587.0,29.76,43.0,29.77,213.0
1753533131925,12:32:11.925,BANANA/USDT:USDT,29.72,40.0,29.71,587.0,29.76,43.0,29.77,213.0
1753533132534,12:32:12.534,BANANA/USDT:USDT,29.72,40.0,29.71,587.0,29.76,43.0,29.77,213.0
1753533137334,12:32:17.334,BANANA/USDT:USDT,29.72,40.0,29.71,587.0,29.76,43.0,29.77,213.0
1753533141161,12:32:21.161,BANANA/USDT:USDT,29.72,40.0,29.71,587.0,29.76,43.0,29.77,213.0
1753533142130,12:32:22.130,BANANA/USDT:USDT,29.72,40.0,29.71,587.0,29.76,43.0,29.77,213.0
1753533146930,12:32:26.930,BANANA/USDT:USDT,29.72,40.0,29.71,587.0,29.76,43.0,29.77,213.0
1753533148368,12:32:28.368,BANANA/USDT:USDT,29.72,40.0,29.71,587.0,29.76,143.0,29.77,213.0
1753533148460,12:32:28.460,BANANA/USDT:USDT,29.72,40.0,29.71,587.0,29.76,143.0,29.77,213.0
1753533148554,12:32:28.554,BANANA/USDT:USDT,29.72,40.0,29.71,40.0,29.76,143.0,29.77,213.0
1753533149207,12:32:29.207,BANANA/USDT:USDT,29.71,40.0,29.7,319.0,29.76,143.0,29.77,213.0
1753533149448,12:32:29.448,BANANA/USDT:USDT,29.71,40.0,29.7,319.0,29.76,143.0,29.77,213.0
1753533149734,12:32:29.734,BANANA/USDT:USDT,29.71,40.0,29.7,319.0,29.76,143.0,29.77,213.0
1753533150376,12:32:30.376,BANANA/USDT:USDT,29.71,40.0,29.7,319.0,29.76,143.0,29.77,213.0
1753533150626,12:32:30.626,BANANA/USDT:USDT,29.71,40.0,29.7,319.0,29.76,143.0,29.77,213.0
1753533151200,12:32:31.200,BANANA/USDT:USDT,29.71,40.0,29.7,319.0,29.76,143.0,29.77,213.0
1753533151467,12:32:31.467,BANANA/USDT:USDT,29.71,40.0,29.7,319.0,29.75,140.0,29.76,41.0
1753533151542,12:32:31.542,BANANA/USDT:USDT,29.71,40.0,29.7,319.0,29.75,140.0,29.76,41.0
1753533151730,12:32:31.730,BANANA/USDT:USDT,29.71,40.0,29.7,319.0,29.75,140.0,29.76,41.0
1753533151854,12:32:31.854,BANANA/USDT:USDT,29.71,40.0,29.7,319.0,29.75,140.0,29.76,247.0
1753533151880,12:32:31.880,BANANA/USDT:USDT,29.71,40.0,29.7,319.0,29.75,140.0,29.76,247.0
1753533153851,12:32:33.851,BANANA/USDT:USDT,29.71,40.0,29.7,319.0,29.75,140.0,29.76,306.0
1753533154560,12:32:34.560,BANANA/USDT:USDT,29.7,40.0,29.69,968.0,29.75,140.0,29.76,306.0
1753533154659,12:32:34.659,BANANA/USDT:USDT,29.7,40.0,29.69,968.0,29.75,140.0,29.76,306.0
1753533154696,12:32:34.696,BANANA/USDT:USDT,29.7,40.0,29.69,968.0,29.75,140.0,29.76,306.0
1753533154771,12:32:34.771,BANANA/USDT:USDT,29.7,40.0,29.69,968.0,29.75,140.0,29.76,306.0
1753533154934,12:32:34.934,BANANA/USDT:USDT,29.7,40.0,29.69,421.0,29.75,140.0,29.76,306.0
1753533155141,12:32:35.141,BANANA/USDT:USDT,29.7,40.0,29.69,461.0,29.74,40.0,29.75,140.0
1753533155240,12:32:35.240,BANANA/USDT:USDT,29.7,40.0,29.69,461.0,29.74,140.0,29.75,40.0
1753533155365,12:32:35.365,BANANA/USDT:USDT,29.7,40.0,29.69,461.0,29.74,140.0,29.75,40.0
1753533155416,12:32:35.416,BANANA/USDT:USDT,29.7,40.0,29.69,461.0,29.74,140.0,29.75,40.0
1753533155608,12:32:35.608,BANANA/USDT:USDT,29.7,40.0,29.69,461.0,29.74,140.0,29.75,40.0
1753533156531,12:32:36.531,BANANA/USDT:USDT,29.7,40.0,29.69,461.0,29.74,140.0,29.75,40.0
1753533157116,12:32:37.116,BANANA/USDT:USDT,29.7,40.0,29.69,461.0,29.74,100.0,29.75,40.0
1753533157177,12:32:37.177,BANANA/USDT:USDT,29.7,40.0,29.69,461.0,29.74,100.0,29.75,40.0
1753533157941,12:32:37.941,BANANA/USDT:USDT,29.7,40.0,29.69,461.0,29.74,100.0,29.75,40.0
1753533158050,12:32:38.050,BANANA/USDT:USDT,29.7,40.0,29.69,461.0,29.74,100.0,29.75,40.0
1753533158106,12:32:38.106,BANANA/USDT:USDT,29.7,40.0,29.69,461.0,29.74,140.0,29.75,40.0
1753533160089,12:32:40.089,BANANA/USDT:USDT,29.7,40.0,29.69,461.0,29.74,100.0,29.75,40.0
1753533160887,12:32:40.887,BANANA/USDT:USDT,29.7,40.0,29.69,461.0,29.74,100.0,29.75,40.0
1753533161072,12:32:41.072,BANANA/USDT:USDT,29.7,40.0,29.69,461.0,29.74,140.0,29.75,40.0
1753533161332,12:32:41.332,BANANA/USDT:USDT,29.7,40.0,29.69,461.0,29.74,140.0,29.75,40.0
1753533161386,12:32:41.386,BANANA/USDT:USDT,29.7,40.0,29.69,461.0,29.74,140.0,29.75,138.0
1753533161682,12:32:41.682,BANANA/USDT:USDT,29.7,40.0,29.69,461.0,29.74,140.0,29.75,138.0
1753533166136,12:32:46.136,BANANA/USDT:USDT,29.7,40.0,29.69,461.0,29.74,140.0,29.75,138.0
1753533167823,12:32:47.823,BANANA/USDT:USDT,29.7,40.0,29.69,461.0,29.74,140.0,29.75,138.0
1753533170931,12:32:50.931,BANANA/USDT:USDT,29.7,40.0,29.69,461.0,29.74,140.0,29.75,138.0
1753533173752,12:32:53.752,BANANA/USDT:USDT,29.7,40.0,29.69,461.0,29.74,140.0,29.75,138.0
1753533174977,12:32:54.977,BANANA/USDT:USDT,29.7,40.0,29.69,461.0,29.74,140.0,29.75,138.0
1753533175734,12:32:55.734,BANANA/USDT:USDT,29.7,40.0,29.69,461.0,29.74,140.0,29.75,138.0
1753533175905,12:32:55.905,BANANA/USDT:USDT,29.7,40.0,29.69,461.0,29.74,140.0,29.75,138.0
1753533177533,12:32:57.533,BANANA/USDT:USDT,29.7,40.0,29.69,461.0,29.74,140.0,29.75,138.0
1753533177902,12:32:57.902,BANANA/USDT:USDT,29.7,40.0,29.69,461.0,29.73,42.0,29.74,140.0
1753533178234,12:32:58.234,BANANA/USDT:USDT,29.7,40.0,29.69,461.0,29.73,44.0,29.74,140.0
1753533179038,12:32:59.038,BANANA/USDT:USDT,29.7,40.0,29.69,461.0,29.73,44.0,29.74,140.0
1753533179452,12:32:59.452,BANANA/USDT:USDT,29.69,40.0,29.68,204.0,29.73,42.0,29.74,257.0
1753533179549,12:32:59.549,BANANA/USDT:USDT,29.69,40.0,29.68,204.0,29.73,42.0,29.74,257.0
1753533179617,12:32:59.617,BANANA/USDT:USDT,29.69,40.0,29.68,204.0,29.73,42.0,29.74,257.0
1753533179720,12:32:59.720,BANANA/USDT:USDT,29.69,40.0,29.68,204.0,29.73,42.0,29.74,257.0
1753533179834,12:32:59.834,BANANA/USDT:USDT,29.69,40.0,29.68,204.0,29.73,248.0,29.74,803.0
1753533180554,12:33:00.554,BANANA/USDT:USDT,29.69,40.0,29.68,40.0,29.73,248.0,29.74,803.0
1753533180672,12:33:00.672,BANANA/USDT:USDT,29.69,40.0,29.68,40.0,29.73,248.0,29.74,803.0
1753533180859,12:33:00.859,BANANA/USDT:USDT,29.68,111.0,29.67,713.0,29.73,248.0,29.74,803.0
1753533180874,12:33:00.874,BANANA/USDT:USDT,29.68,111.0,29.67,713.0,29.73,248.0,29.74,803.0
1753533181071,12:33:01.071,BANANA/USDT:USDT,29.68,111.0,29.67,713.0,29.73,348.0,29.74,703.0
1753533181093,12:33:01.093,BANANA/USDT:USDT,29.68,111.0,29.67,713.0,29.73,348.0,29.74,703.0
1753533181520,12:33:01.520,BANANA/USDT:USDT,29.68,111.0,29.67,713.0,29.73,348.0,29.74,703.0
1753533182882,12:33:02.882,BANANA/USDT:USDT,29.68,111.0,29.67,713.0,29.73,348.0,29.74,703.0
1753533183057,12:33:03.057,BANANA/USDT:USDT,29.68,111.0,29.67,713.0,29.73,348.0,29.74,703.0
1753533183110,12:33:03.110,BANANA/USDT:USDT,29.68,40.0,29.67,713.0,29.73,348.0,29.74,703.0
1753533183955,12:33:03.955,BANANA/USDT:USDT,29.68,40.0,29.67,713.0,29.73,348.0,29.74,703.0
1753533184479,12:33:04.479,BANANA/USDT:USDT,29.68,40.0,29.67,713.0,29.73,348.0,29.74,878.0
1753533185331,12:33:05.331,BANANA/USDT:USDT,29.68,40.0,29.67,713.0,29.73,348.0,29.74,878.0
1753533186434,12:33:06.434,BANANA/USDT:USDT,29.68,40.0,29.67,166.0,29.73,348.0,29.74,878.0
1753533186784,12:33:06.784,BANANA/USDT:USDT,29.68,40.0,29.67,166.0,29.73,348.0,29.74,878.0
1753533188310,12:33:08.310,BANANA/USDT:USDT,29.68,40.0,29.67,166.0,29.73,348.0,29.74,878.0
1753533189389,12:33:09.389,BANANA/USDT:USDT,29.68,40.0,29.67,166.0,29.73,348.0,29.74,878.0
1753533189571,12:33:09.571,BANANA/USDT:USDT,29.68,40.0,29.67,166.0,29.72,140.0,29.73,246.0
1753533189953,12:33:09.953,BANANA/USDT:USDT,29.68,40.0,29.67,166.0,29.72,140.0,29.73,246.0
1753533190132,12:33:10.132,BANANA/USDT:USDT,29.68,40.0,29.67,166.0,29.72,140.0,29.73,246.0
1753533190570,12:33:10.570,BANANA/USDT:USDT,29.68,40.0,29.67,166.0,29.72,140.0,29.73,246.0
1753533190594,12:33:10.594,BANANA/USDT:USDT,29.68,40.0,29.67,166.0,29.72,140.0,29.73,345.0
1753533190769,12:33:10.769,BANANA/USDT:USDT,29.68,40.0,29.67,166.0,29.72,140.0,29.73,345.0
1753533190889,12:33:10.889,BANANA/USDT:USDT,29.68,40.0,29.67,166.0,29.72,140.0,29.73,345.0
1753533191390,12:33:11.390,BANANA/USDT:USDT,29.68,40.0,29.67,166.0,29.72,140.0,29.73,345.0
1753533193552,12:33:13.552,BANANA/USDT:USDT,29.68,40.0,29.67,166.0,29.72,140.0,29.73,345.0
1753533193897,12:33:13.897,BANANA/USDT:USDT,29.68,40.0,29.67,166.0,29.72,140.0,29.73,345.0
1753533194638,12:33:14.638,BANANA/USDT:USDT,29.67,40.0,29.66,625.0,29.72,140.0,29.73,345.0
1753533194698,12:33:14.698,BANANA/USDT:USDT,29.67,40.0,29.66,625.0,29.71,40.0,29.72,140.0
1753533194813,12:33:14.813,BANANA/USDT:USDT,29.67,40.0,29.66,625.0,29.71,40.0,29.72,140.0
1753533194932,12:33:14.932,BANANA/USDT:USDT,29.67,40.0,29.66,625.0,29.71,40.0,29.72,140.0
1753533194990,12:33:14.990,BANANA/USDT:USDT,29.67,42.0,29.66,625.0,29.71,40.0,29.72,140.0
1753533196036,12:33:16.036,BANANA/USDT:USDT,29.67,40.0,29.66,625.0,29.71,40.0,29.72,140.0
1753533196646,12:33:16.646,BANANA/USDT:USDT,29.67,40.0,29.66,625.0,29.71,40.0,29.72,140.0
1753533198219,12:33:18.219,BANANA/USDT:USDT,29.67,174.0,29.66,625.0,29.71,40.0,29.72,140.0
1753533198444,12:33:18.444,BANANA/USDT:USDT,29.67,174.0,29.66,625.0,29.71,40.0,29.72,140.0
1753533199731,12:33:19.731,BANANA/USDT:USDT,29.67,174.0,29.66,625.0,29.71,40.0,29.72,140.0
1753533199775,12:33:19.775,BANANA/USDT:USDT,29.67,174.0,29.66,625.0,29.71,40.0,29.72,140.0
1753533200226,12:33:20.226,BANANA/USDT:USDT,29.67,174.0,29.66,625.0,29.71,40.0,29.72,140.0
1753533201006,12:33:21.006,BANANA/USDT:USDT,29.67,174.0,29.66,625.0,29.71,40.0,29.72,140.0
1753533204532,12:33:24.532,BANANA/USDT:USDT,29.67,174.0,29.66,625.0,29.71,40.0,29.72,140.0
1753533207803,12:33:27.803,BANANA/USDT:USDT,29.67,174.0,29.66,625.0,29.71,40.0,29.72,140.0
1753533208308,12:33:28.308,BANANA/USDT:USDT,29.67,174.0,29.66,625.0,29.71,142.0,29.72,140.0
1753533209332,12:33:29.332,BANANA/USDT:USDT,29.67,174.0,29.66,625.0,29.71,142.0,29.72,140.0
1753533213887,12:33:33.887,BANANA/USDT:USDT,29.67,174.0,29.66,625.0,29.71,142.0,29.72,140.0
1753533214132,12:33:34.132,BANANA/USDT:USDT,29.67,174.0,29.66,625.0,29.71,142.0,29.72,140.0
1753533218954,12:33:38.954,BANANA/USDT:USDT,29.67,174.0,29.66,625.0,29.71,142.0,29.72,140.0
1753533219080,12:33:39.080,BANANA/USDT:USDT,29.67,40.0,29.66,625.0,29.71,142.0,29.72,140.0
1753533219458,12:33:39.458,BANANA/USDT:USDT,29.67,40.0,29.66,210.0,29.7,117.0,29.71,329.0
1753533219536,12:33:39.536,BANANA/USDT:USDT,29.67,40.0,29.66,210.0,29.7,117.0,29.71,329.0
1753533219668,12:33:39.668,BANANA/USDT:USDT,29.67,40.0,29.66,298.0,29.7,117.0,29.71,329.0
1753533219708,12:33:39.708,BANANA/USDT:USDT,29.67,40.0,29.66,298.0,29.7,117.0,29.71,329.0
1753533219794,12:33:39.794,BANANA/USDT:USDT,29.67,40.0,29.66,298.0,29.7,117.0,29.71,329.0
1753533220406,12:33:40.406,BANANA/USDT:USDT,29.67,40.0,29.66,298.0,29.7,117.0,29.71,329.0
1753533220675,12:33:40.675,BANANA/USDT:USDT,29.67,40.0,29.66,298.0,29.7,117.0,29.71,329.0
1753533221279,12:33:41.279,BANANA/USDT:USDT,29.67,40.0,29.66,298.0,29.7,117.0,29.71,329.0
1753533223019,12:33:43.019,BANANA/USDT:USDT,29.67,40.0,29.66,298.0,29.7,117.0,29.71,329.0
1753533223098,12:33:43.098,BANANA/USDT:USDT,29.67,40.0,29.66,298.0,29.7,117.0,29.71,329.0
1753533223733,12:33:43.733,BANANA/USDT:USDT,29.67,40.0,29.66,298.0,29.7,117.0,29.71,329.0
1753533223925,12:33:43.925,BANANA/USDT:USDT,29.67,40.0,29.66,298.0,29.7,117.0,29.71,329.0
1753533224754,12:33:44.754,BANANA/USDT:USDT,29.67,42.0,29.66,617.0,29.7,115.0,29.71,329.0
1753533224860,12:33:44.860,BANANA/USDT:USDT,29.67,42.0,29.66,617.0,29.7,113.0,29.71,329.0
1753533226132,12:33:46.132,BANANA/USDT:USDT,29.67,40.0,29.66,617.0,29.7,115.0,29.71,329.0
1753533227850,12:33:47.850,BANANA/USDT:USDT,29.67,40.0,29.66,617.0,29.7,115.0,29.71,329.0
1753533228532,12:33:48.532,BANANA/USDT:USDT,29.67,40.0,29.66,617.0,29.7,113.0,29.71,329.0
1753533233334,12:33:53.334,BANANA/USDT:USDT,29.67,40.0,29.66,617.0,29.7,113.0,29.71,329.0
1753533238132,12:33:58.132,BANANA/USDT:USDT,29.67,40.0,29.66,617.0,29.7,113.0,29.71,329.0
1753533241494,12:34:01.494,BANANA/USDT:USDT,29.67,40.0,29.66,617.0,29.7,113.0,29.71,875.0
1753533242933,12:34:02.933,BANANA/USDT:USDT,29.67,40.0,29.66,617.0,29.7,113.0,29.71,875.0
1753533247768,12:34:07.768,BANANA/USDT:USDT,29.67,40.0,29.66,617.0,29.7,113.0,29.71,875.0
1753533248986,12:34:08.986,BANANA/USDT:USDT,29.67,40.0,29.66,617.0,29.7,113.0,29.71,875.0
1753533252533,12:34:12.533,BANANA/USDT:USDT,29.67,40.0,29.66,617.0,29.7,113.0,29.71,875.0
1753533253575,12:34:13.575,BANANA/USDT:USDT,29.67,40.0,29.66,617.0,29.7,113.0,29.71,875.0
1753533254930,12:34:14.930,BANANA/USDT:USDT,29.67,40.0,29.66,617.0,29.7,113.0,29.71,875.0
1753533257354,12:34:17.354,BANANA/USDT:USDT,29.67,40.0,29.66,617.0,29.7,213.0,29.71,875.0
1753533260644,12:34:20.644,BANANA/USDT:USDT,29.67,40.0,29.66,617.0,29.71,875.0,29.72,291.0
1753533260734,12:34:20.734,BANANA/USDT:USDT,29.67,40.0,29.66,617.0,29.71,788.0,29.72,40.0
1753533260832,12:34:20.832,BANANA/USDT:USDT,29.67,111.0,29.66,617.0,29.71,788.0,29.72,40.0
1753533260946,12:34:20.946,BANANA/USDT:USDT,29.67,111.0,29.66,617.0,29.71,748.0,29.72,40.0
1753533262133,12:34:22.133,BANANA/USDT:USDT,29.67,111.0,29.66,617.0,29.71,748.0,29.72,40.0
1753533266954,12:34:26.954,BANANA/USDT:USDT,29.67,111.0,29.66,617.0,29.71,748.0,29.72,40.0
1753533269852,12:34:29.852,BANANA/USDT:USDT,29.67,111.0,29.66,617.0,29.71,788.0,29.72,40.0
1753533271754,12:34:31.754,BANANA/USDT:USDT,29.67,111.0,29.66,617.0,29.71,788.0,29.72,40.0
1753533271823,12:34:31.823,BANANA/USDT:USDT,29.67,111.0,29.66,617.0,29.71,748.0,29.72,40.0
1753533272813,12:34:32.813,BANANA/USDT:USDT,29.67,111.0,29.66,617.0,29.71,788.0,29.72,40.0
1753533272927,12:34:32.927,BANANA/USDT:USDT,29.67,111.0,29.66,617.0,29.71,788.0,29.72,40.0
1753533274797,12:34:34.797,BANANA/USDT:USDT,29.67,111.0,29.66,617.0,29.71,748.0,29.72,40.0
1753533276534,12:34:36.534,BANANA/USDT:USDT,29.67,111.0,29.66,617.0,29.71,748.0,29.72,40.0
1753533277587,12:34:37.587,BANANA/USDT:USDT,29.67,111.0,29.66,617.0,29.71,748.0,29.72,40.0
1753533279490,12:34:39.490,BANANA/USDT:USDT,29.67,111.0,29.66,617.0,29.71,748.0,29.72,40.0
1753533281334,12:34:41.334,BANANA/USDT:USDT,29.67,111.0,29.66,617.0,29.71,748.0,29.72,40.0
1753533284066,12:34:44.066,BANANA/USDT:USDT,29.64,126.0,29.63,421.0,29.7,141.0,29.71,648.0
1753533284138,12:34:44.138,BANANA/USDT:USDT,29.64,126.0,29.63,509.0,29.69,585.0,29.7,141.0
1753533284214,12:34:44.214,BANANA/USDT:USDT,29.64,126.0,29.63,644.0,29.69,585.0,29.7,141.0
1753533284395,12:34:44.395,BANANA/USDT:USDT,29.64,126.0,29.63,644.0,29.69,585.0,29.7,141.0
1753533284694,12:34:44.694,BANANA/USDT:USDT,29.64,166.0,29.63,644.0,29.68,164.0,29.69,585.0
1753533284813,12:34:44.813,BANANA/USDT:USDT,29.64,166.0,29.63,644.0,29.68,164.0,29.69,585.0
1753533285207,12:34:45.207,BANANA/USDT:USDT,29.64,166.0,29.63,644.0,29.68,164.0,29.69,585.0
1753533285668,12:34:45.668,BANANA/USDT:USDT,29.64,166.0,29.63,644.0,29.68,204.0,29.69,585.0
1753533285752,12:34:45.752,BANANA/USDT:USDT,29.64,166.0,29.63,644.0,29.68,204.0,29.69,585.0
1753533286135,12:34:46.135,BANANA/USDT:USDT,29.64,166.0,29.63,644.0,29.68,40.0,29.69,585.0
1753533286670,12:34:46.670,BANANA/USDT:USDT,29.65,44.0,29.64,166.0,29.68,40.0,29.69,585.0
1753533286681,12:34:46.681,BANANA/USDT:USDT,29.65,44.0,29.64,166.0,29.68,40.0,29.69,585.0
1753533286859,12:34:46.859,BANANA/USDT:USDT,29.65,73.0,29.64,166.0,29.68,40.0,29.69,585.0
1753533287376,12:34:47.376,BANANA/USDT:USDT,29.65,73.0,29.64,166.0,29.68,40.0,29.69,585.0
1753533288002,12:34:48.002,BANANA/USDT:USDT,29.65,73.0,29.64,166.0,29.68,40.0,29.69,585.0
1753533288570,12:34:48.570,BANANA/USDT:USDT,29.67,40.0,29.66,210.0,29.73,82.0,29.74,410.0
1753533288644,12:34:48.644,BANANA/USDT:USDT,29.67,291.0,29.66,323.0,29.73,222.0,29.74,368.0
1753533288725,12:34:48.725,BANANA/USDT:USDT,29.67,291.0,29.66,410.0,29.73,140.0,29.74,193.0
1753533288865,12:34:48.865,BANANA/USDT:USDT,29.68,87.0,29.67,291.0,29.72,206.0,29.73,687.0
1753533288884,12:34:48.884,BANANA/USDT:USDT,29.68,127.0,29.67,291.0,29.72,206.0,29.73,789.0
1753533289049,12:34:49.049,BANANA/USDT:USDT,29.69,326.0,29.68,127.0,29.72,73.0,29.73,242.0
1753533289113,12:34:49.113,BANANA/USDT:USDT,29.69,4.0,29.68,127.0,29.72,73.0,29.73,789.0
1753533289303,12:34:49.303,BANANA/USDT:USDT,29.69,4.0,29.68,127.0,29.72,73.0,29.73,789.0
1753533289456,12:34:49.456,BANANA/USDT:USDT,29.68,127.0,29.67,291.0,29.72,170.0,29.73,789.0
1753533289623,12:34:49.623,BANANA/USDT:USDT,29.68,129.0,29.67,291.0,29.72,210.0,29.73,789.0
1753533289719,12:34:49.719,BANANA/USDT:USDT,29.68,129.0,29.67,291.0,29.72,210.0,29.73,789.0
1753533290936,12:34:50.936,BANANA/USDT:USDT,29.68,129.0,29.67,291.0,29.72,210.0,29.73,789.0
1753533291337,12:34:51.337,BANANA/USDT:USDT,29.68,129.0,29.67,291.0,29.72,210.0,29.73,789.0
1753533291861,12:34:51.861,BANANA/USDT:USDT,29.68,129.0,29.67,291.0,29.72,210.0,29.73,789.0
1753533292081,12:34:52.081,BANANA/USDT:USDT,29.68,129.0,29.67,291.0,29.72,208.0,29.73,789.0
1753533295368,12:34:55.368,BANANA/USDT:USDT,29.67,40.0,29.66,461.0,29.71,100.0,29.72,206.0
1753533295460,12:34:55.460,BANANA/USDT:USDT,29.67,40.0,29.66,1010.0,29.71,100.0,29.72,206.0
1753533295478,12:34:55.478,BANANA/USDT:USDT,29.67,141.0,29.66,1010.0,29.71,100.0,29.72,206.0
1753533295574,12:34:55.574,BANANA/USDT:USDT,29.67,270.0,29.66,1010.0,29.71,100.0,29.72,206.0
1753533295734,12:34:55.734,BANANA/USDT:USDT,29.67,270.0,29.66,1010.0,29.71,100.0,29.72,206.0
1753533295784,12:34:55.784,BANANA/USDT:USDT,29.67,270.0,29.66,1010.0,29.72,206.0,29.73,689.0
1753533296181,12:34:56.181,BANANA/USDT:USDT,29.67,270.0,29.66,1010.0,29.72,206.0,29.73,689.0
1753533296294,12:34:56.294,BANANA/USDT:USDT,29.67,270.0,29.66,1010.0,29.72,206.0,29.73,689.0
1753533296540,12:34:56.540,BANANA/USDT:USDT,29.67,40.0,29.66,1010.0,29.72,306.0,29.73,689.0
1753533296594,12:34:56.594,BANANA/USDT:USDT,29.67,40.0,29.66,1010.0,29.72,306.0,29.73,689.0
1753533297654,12:34:57.654,BANANA/USDT:USDT,29.67,40.0,29.66,1010.0,29.72,306.0,29.73,689.0
1753533297675,12:34:57.675,BANANA/USDT:USDT,29.67,343.0,29.66,1010.0,29.72,306.0,29.73,689.0
1753533297812,12:34:57.812,BANANA/USDT:USDT,29.67,343.0,29.66,1010.0,29.72,306.0,29.73,689.0
1753533300537,12:35:00.537,BANANA/USDT:USDT,29.67,343.0,29.66,1010.0,29.72,306.0,29.73,689.0
1753533301014,12:35:01.014,BANANA/USDT:USDT,29.67,343.0,29.66,1010.0,29.72,306.0,29.73,689.0
1753533302247,12:35:02.247,BANANA/USDT:USDT,29.67,343.0,29.66,1010.0,29.72,206.0,29.73,689.0
1753533302447,12:35:02.447,BANANA/USDT:USDT,29.67,343.0,29.66,1010.0,29.72,206.0,29.73,689.0
1753533302837,12:35:02.837,BANANA/USDT:USDT,29.67,343.0,29.66,1010.0,29.72,206.0,29.73,689.0
1753533302959,12:35:02.959,BANANA/USDT:USDT,29.67,444.0,29.66,1010.0,29.72,206.0,29.73,689.0
1753533303172,12:35:03.172,BANANA/USDT:USDT,29.67,343.0,29.66,1010.0,29.72,206.0,29.73,689.0
1753533303367,12:35:03.367,BANANA/USDT:USDT,29.68,73.0,29.67,545.0,29.72,40.0,29.73,587.0
1753533303467,12:35:03.467,BANANA/USDT:USDT,29.69,214.0,29.68,40.0,29.72,40.0,29.73,587.0
1753533303814,12:35:03.814,BANANA/USDT:USDT,29.69,214.0,29.68,40.0,29.72,40.0,29.73,587.0
1753533304330,12:35:04.330,BANANA/USDT:USDT,29.69,212.0,29.68,40.0,29.73,587.0,29.74,115.0
1753533304455,12:35:04.455,BANANA/USDT:USDT,29.69,172.0,29.68,40.0,29.73,587.0,29.74,115.0
1753533304567,12:35:04.567,BANANA/USDT:USDT,29.69,172.0,29.68,40.0,29.73,587.0,29.74,115.0
1753533304626,12:35:04.626,BANANA/USDT:USDT,29.69,172.0,29.68,40.0,29.73,587.0,29.74,115.0
1753533304684,12:35:04.684,BANANA/USDT:USDT,29.69,172.0,29.68,40.0,29.73,587.0,29.74,115.0
1753533304818,12:35:04.818,BANANA/USDT:USDT,29.69,172.0,29.68,40.0,29.73,587.0,29.74,215.0
1753533305150,12:35:05.150,BANANA/USDT:USDT,29.69,172.0,29.68,40.0,29.73,587.0,29.74,215.0
1753533305250,12:35:05.250,BANANA/USDT:USDT,29.69,172.0,29.68,40.0,29.74,115.0,29.75,630.0
1753533305335,12:35:05.335,BANANA/USDT:USDT,29.69,172.0,29.68,40.0,29.74,115.0,29.75,630.0
1753533305446,12:35:05.446,BANANA/USDT:USDT,29.69,212.0,29.68,40.0,29.74,115.0,29.75,630.0
1753533305494,12:35:05.494,BANANA/USDT:USDT,29.69,212.0,29.68,40.0,29.74,271.0,29.75,1179.0
1753533306263,12:35:06.263,BANANA/USDT:USDT,29.7,94.0,29.69,313.0,29.74,271.0,29.75,1179.0
1753533306372,12:35:06.372,BANANA/USDT:USDT,29.7,134.0,29.69,311.0,29.74,271.0,29.75,928.0
1753533306454,12:35:06.454,BANANA/USDT:USDT,29.7,134.0,29.69,271.0,29.74,195.0,29.75,928.0
1753533306717,12:35:06.717,BANANA/USDT:USDT,29.7,134.0,29.69,271.0,29.74,195.0,29.75,928.0
1753533307438,12:35:07.438,BANANA/USDT:USDT,29.7,134.0,29.69,271.0,29.74,195.0,29.75,928.0
1753533307730,12:35:07.730,BANANA/USDT:USDT,29.7,134.0,29.69,271.0,29.74,195.0,29.75,928.0
1753533307837,12:35:07.837,BANANA/USDT:USDT,29.7,134.0,29.69,271.0,29.74,40.0,29.75,928.0
1753533307954,12:35:07.954,BANANA/USDT:USDT,29.7,274.0,29.69,820.0,29.74,40.0,29.75,549.0
1753533307974,12:35:07.974,BANANA/USDT:USDT,29.7,274.0,29.69,820.0,29.74,40.0,29.75,549.0
1753533308074,12:35:08.074,BANANA/USDT:USDT,29.7,274.0,29.69,820.0,29.74,113.0,29.75,549.0
1753533308334,12:35:08.334,BANANA/USDT:USDT,29.7,274.0,29.69,820.0,29.74,113.0,29.75,549.0
1753533308458,12:35:08.458,BANANA/USDT:USDT,29.71,44.0,29.7,274.0,29.74,40.0,29.75,549.0
1753533308753,12:35:08.753,BANANA/USDT:USDT,29.71,44.0,29.7,274.0,29.74,40.0,29.75,549.0
1753533309021,12:35:09.021,BANANA/USDT:USDT,29.71,131.0,29.7,525.0,29.74,40.0,29.75,549.0
1753533309340,12:35:09.340,BANANA/USDT:USDT,29.71,127.0,29.7,525.0,29.74,44.0,29.75,549.0
1753533310034,12:35:10.034,BANANA/USDT:USDT,29.71,40.0,29.7,274.0,29.74,44.0,29.75,549.0
1753533310394,12:35:10.394,BANANA/USDT:USDT,29.71,40.0,29.7,274.0,29.74,221.0,29.75,589.0
1753533311338,12:35:11.338,BANANA/USDT:USDT,29.71,40.0,29.7,274.0,29.74,221.0,29.75,589.0
1753533313314,12:35:13.314,BANANA/USDT:USDT,29.71,40.0,29.7,134.0,29.74,221.0,29.75,589.0
1753533313452,12:35:13.452,BANANA/USDT:USDT,29.71,40.0,29.7,134.0,29.74,221.0,29.75,589.0
1753533314025,12:35:14.025,BANANA/USDT:USDT,29.71,40.0,29.7,134.0,29.74,221.0,29.75,589.0
1753533314946,12:35:14.946,BANANA/USDT:USDT,29.7,134.0,29.69,522.0,29.74,221.0,29.75,589.0
1753533315121,12:35:15.121,BANANA/USDT:USDT,29.7,40.0,29.69,522.0,29.74,221.0,29.75,589.0
1753533315260,12:35:15.260,BANANA/USDT:USDT,29.7,40.0,29.69,522.0,29.74,221.0,29.75,589.0
1753533316154,12:35:16.154,BANANA/USDT:USDT,29.7,40.0,29.69,522.0,29.74,221.0,29.75,589.0
1753533316322,12:35:16.322,BANANA/USDT:USDT,29.7,40.0,29.69,522.0,29.74,221.0,29.75,589.0
1753533316417,12:35:16.417,BANANA/USDT:USDT,29.7,40.0,29.69,522.0,29.74,221.0,29.75,589.0
1753533318510,12:35:18.510,BANANA/USDT:USDT,29.7,40.0,29.69,522.0,29.74,221.0,29.75,589.0
1753533319960,12:35:19.960,BANANA/USDT:USDT,29.7,139.0,29.69,522.0,29.74,221.0,29.75,589.0
1753533320432,12:35:20.432,BANANA/USDT:USDT,29.7,139.0,29.69,522.0,29.74,221.0,29.75,686.0
1753533320936,12:35:20.936,BANANA/USDT:USDT,29.7,139.0,29.69,522.0,29.74,221.0,29.75,686.0
1753533320976,12:35:20.976,BANANA/USDT:USDT,29.7,139.0,29.69,522.0,29.74,221.0,29.75,686.0
1753533321869,12:35:21.869,BANANA/USDT:USDT,29.7,139.0,29.69,522.0,29.74,221.0,29.75,686.0
1753533322255,12:35:22.255,BANANA/USDT:USDT,29.7,139.0,29.69,562.0,29.74,221.0,29.75,686.0
1753533325754,12:35:25.754,BANANA/USDT:USDT,29.7,139.0,29.69,562.0,29.74,221.0,29.75,686.0
1753533327288,12:35:27.288,BANANA/USDT:USDT,29.7,40.0,29.69,562.0,29.74,221.0,29.75,686.0
1753533329470,12:35:29.470,BANANA/USDT:USDT,29.7,40.0,29.69,562.0,29.74,221.0,29.75,686.0
1753533329715,12:35:29.715,BANANA/USDT:USDT,29.7,40.0,29.69,562.0,29.74,221.0,29.75,686.0
1753533330132,12:35:30.132,BANANA/USDT:USDT,29.7,40.0,29.69,562.0,29.74,221.0,29.75,686.0
1753533330326,12:35:30.326,BANANA/USDT:USDT,29.7,40.0,29.69,562.0,29.74,221.0,29.75,686.0
1753533330450,12:35:30.450,BANANA/USDT:USDT,29.7,40.0,29.69,562.0,29.74,221.0,29.75,686.0
1753533330536,12:35:30.536,BANANA/USDT:USDT,29.7,40.0,29.69,562.0,29.74,221.0,29.75,686.0
1753533330827,12:35:30.827,BANANA/USDT:USDT,29.7,40.0,29.69,562.0,29.74,221.0,29.75,686.0
1753533331593,12:35:31.593,BANANA/USDT:USDT,29.7,55.0,29.69,562.0,29.74,221.0,29.75,686.0
1753533333864,12:35:33.864,BANANA/USDT:USDT,29.7,55.0,29.69,562.0,29.74,223.0,29.75,686.0
1753533335336,12:35:35.336,BANANA/USDT:USDT,29.7,55.0,29.69,562.0,29.74,223.0,29.75,686.0
1753533335482,12:35:35.482,BANANA/USDT:USDT,29.7,55.0,29.69,461.0,29.74,221.0,29.75,686.0
1753533340044,12:35:40.044,BANANA/USDT:USDT,29.7,55.0,29.69,461.0,29.74,221.0,29.75,686.0
1753533340135,12:35:40.135,BANANA/USDT:USDT,29.7,55.0,29.69,461.0,29.74,221.0,29.75,686.0
1753533344082,12:35:44.082,BANANA/USDT:USDT,29.7,55.0,29.69,461.0,29.74,221.0,29.75,686.0
1753533344238,12:35:44.238,BANANA/USDT:USDT,29.7,55.0,29.69,461.0,29.74,221.0,29.75,686.0
1753533344936,12:35:44.936,BANANA/USDT:USDT,29.7,55.0,29.69,461.0,29.74,221.0,29.75,686.0
1753533345789,12:35:45.789,BANANA/USDT:USDT,29.7,55.0,29.69,461.0,29.74,221.0,29.75,686.0
1753533346083,12:35:46.083,BANANA/USDT:USDT,29.7,55.0,29.69,461.0,29.74,221.0,29.75,686.0
1753533349736,12:35:49.736,BANANA/USDT:USDT,29.7,193.0,29.69,461.0,29.74,221.0,29.75,686.0
1753533350585,12:35:50.585,BANANA/USDT:USDT,29.7,193.0,29.69,461.0,29.74,221.0,29.75,686.0
1753533353057,12:35:53.057,BANANA/USDT:USDT,29.7,193.0,29.69,461.0,29.74,221.0,29.75,686.0
1753533354545,12:35:54.545,BANANA/USDT:USDT,29.7,193.0,29.69,461.0,29.74,221.0,29.75,686.0
1753533359355,12:35:59.355,BANANA/USDT:USDT,29.7,193.0,29.69,461.0,29.74,221.0,29.75,686.0
1753533360054,12:36:00.054,BANANA/USDT:USDT,29.7,193.0,29.69,461.0,29.74,221.0,29.75,768.0
1753533362143,12:36:02.143,BANANA/USDT:USDT,29.7,294.0,29.69,461.0,29.74,40.0,29.75,768.0
1753533362546,12:36:02.546,BANANA/USDT:USDT,29.7,193.0,29.69,461.0,29.74,40.0,29.75,768.0
1753533364137,12:36:04.137,BANANA/USDT:USDT,29.7,193.0,29.69,461.0,29.74,40.0,29.75,768.0
1753533364592,12:36:04.592,BANANA/USDT:USDT,29.7,193.0,29.69,461.0,29.74,40.0,29.75,768.0
1753533366066,12:36:06.066,BANANA/USDT:USDT,29.7,193.0,29.69,461.0,29.74,40.0,29.75,768.0
1753533366075,12:36:06.075,BANANA/USDT:USDT,29.7,193.0,29.69,461.0,29.74,40.0,29.75,768.0
1753533368116,12:36:08.116,BANANA/USDT:USDT,29.7,193.0,29.69,461.0,29.74,40.0,29.75,671.0
1753533368261,12:36:08.261,BANANA/USDT:USDT,29.7,193.0,29.69,461.0,29.74,40.0,29.75,671.0
1753533368317,12:36:08.317,BANANA/USDT:USDT,29.7,193.0,29.69,461.0,29.74,40.0,29.75,671.0
1753533368936,12:36:08.936,BANANA/USDT:USDT,29.7,193.0,29.69,461.0,29.74,40.0,29.75,671.0
1753533369055,12:36:09.055,BANANA/USDT:USDT,29.7,193.0,29.69,461.0,29.75,671.0,29.76,318.0
1753533369106,12:36:09.106,BANANA/USDT:USDT,29.7,294.0,29.69,461.0,29.75,671.0,29.76,318.0
1753533369174,12:36:09.174,BANANA/USDT:USDT,29.7,294.0,29.69,461.0,29.75,671.0,29.76,318.0
1753533371254,12:36:11.254,BANANA/USDT:USDT,29.71,40.0,29.7,294.0,29.75,671.0,29.76,318.0
1753533373754,12:36:13.754,BANANA/USDT:USDT,29.71,40.0,29.7,294.0,29.75,671.0,29.76,318.0
1753533374664,12:36:14.664,BANANA/USDT:USDT,29.71,40.0,29.7,294.0,29.75,671.0,29.76,318.0
1753533375075,12:36:15.075,BANANA/USDT:USDT,29.71,40.0,29.7,294.0,29.75,671.0,29.76,318.0
1753533375794,12:36:15.794,BANANA/USDT:USDT,29.71,40.0,29.7,294.0,29.75,671.0,29.76,318.0
1753533376859,12:36:16.859,BANANA/USDT:USDT,29.71,40.0,29.7,294.0,29.75,671.0,29.76,318.0
1753533378537,12:36:18.537,BANANA/USDT:USDT,29.71,40.0,29.7,294.0,29.75,671.0,29.76,318.0
1753533378968,12:36:18.968,BANANA/USDT:USDT,29.71,40.0,29.7,294.0,29.75,671.0,29.76,318.0
1753533380062,12:36:20.062,BANANA/USDT:USDT,29.71,40.0,29.7,294.0,29.75,671.0,29.76,318.0
1753533380093,12:36:20.093,BANANA/USDT:USDT,29.71,40.0,29.7,294.0,29.75,671.0,29.76,318.0
1753533380175,12:36:20.175,BANANA/USDT:USDT,29.71,40.0,29.7,294.0,29.75,671.0,29.76,318.0
1753533380528,12:36:20.528,BANANA/USDT:USDT,29.71,40.0,29.7,294.0,29.75,671.0,29.76,318.0
1753533383337,12:36:23.337,BANANA/USDT:USDT,29.71,40.0,29.7,294.0,29.75,671.0,29.76,318.0
1753533384993,12:36:24.993,BANANA/USDT:USDT,29.71,40.0,29.7,294.0,29.75,589.0,29.76,318.0
1753533385627,12:36:25.627,BANANA/USDT:USDT,29.71,40.0,29.7,294.0,29.75,589.0,29.76,318.0
1753533385949,12:36:25.949,BANANA/USDT:USDT,29.71,40.0,29.7,294.0,29.75,590.0,29.76,318.0
1753533386233,12:36:26.233,BANANA/USDT:USDT,29.71,40.0,29.7,294.0,29.75,589.0,29.76,318.0
1753533386856,12:36:26.856,BANANA/USDT:USDT,29.72,170.0,29.71,40.0,29.75,549.0,29.76,318.0
1753533386924,12:36:26.924,BANANA/USDT:USDT,29.72,170.0,29.71,40.0,29.75,549.0,29.76,318.0
1753533387068,12:36:27.068,BANANA/USDT:USDT,29.72,170.0,29.71,40.0,29.75,549.0,29.76,318.0
1753533387104,12:36:27.104,BANANA/USDT:USDT,29.72,172.0,29.71,40.0,29.75,551.0,29.76,318.0
1753533387523,12:36:27.523,BANANA/USDT:USDT,29.72,212.0,29.71,40.0,29.75,551.0,29.76,318.0
1753533388137,12:36:28.137,BANANA/USDT:USDT,29.72,212.0,29.71,40.0,29.75,551.0,29.76,318.0
1753533388484,12:36:28.484,BANANA/USDT:USDT,29.72,212.0,29.71,40.0,29.75,553.0,29.76,318.0
1753533388815,12:36:28.815,BANANA/USDT:USDT,29.72,212.0,29.71,40.0,29.75,551.0,29.76,318.0
1753533389516,12:36:29.516,BANANA/USDT:USDT,29.72,172.0,29.71,40.0,29.75,551.0,29.76,318.0
1753533389606,12:36:29.606,BANANA/USDT:USDT,29.72,172.0,29.71,40.0,29.75,553.0,29.76,318.0
1753533390071,12:36:30.071,BANANA/USDT:USDT,29.72,172.0,29.71,40.0,29.75,551.0,29.76,318.0
1753533390193,12:36:30.193,BANANA/USDT:USDT,29.72,172.0,29.71,40.0,29.75,553.0,29.76,318.0
1753533392096,12:36:32.096,BANANA/USDT:USDT,29.72,172.0,29.71,40.0,29.75,553.0,29.76,318.0
1753533392954,12:36:32.954,BANANA/USDT:USDT,29.72,172.0,29.71,40.0,29.75,553.0,29.76,318.0
1753533395630,12:36:35.630,BANANA/USDT:USDT,29.72,172.0,29.71,40.0,29.75,4.0,29.76,862.0
1753533395765,12:36:35.765,BANANA/USDT:USDT,29.72,172.0,29.71,40.0,29.75,4.0,29.76,862.0
1753533396021,12:36:36.021,BANANA/USDT:USDT,29.72,172.0,29.71,40.0,29.75,4.0,29.76,862.0
1753533396436,12:36:36.436,BANANA/USDT:USDT,29.72,172.0,29.71,40.0,29.75,4.0,29.76,862.0
1753533397738,12:36:37.738,BANANA/USDT:USDT,29.72,172.0,29.71,40.0,29.75,4.0,29.76,862.0
1753533397823,12:36:37.823,BANANA/USDT:USDT,29.72,172.0,29.71,40.0,29.75,4.0,29.76,862.0
1753533398076,12:36:38.076,BANANA/USDT:USDT,29.72,172.0,29.71,40.0,29.75,4.0,29.76,862.0
1753533404270,12:36:44.270,BANANA/USDT:USDT,29.72,172.0,29.71,40.0,29.75,4.0,29.76,862.0
1753533404740,12:36:44.740,BANANA/USDT:USDT,29.71,40.0,29.7,294.0,29.75,4.0,29.76,862.0
1753533404881,12:36:44.881,BANANA/USDT:USDT,29.71,40.0,29.7,294.0,29.75,4.0,29.76,862.0
1753533405097,12:36:45.097,BANANA/USDT:USDT,29.71,40.0,29.7,294.0,29.75,4.0,29.76,862.0
1753533405361,12:36:45.361,BANANA/USDT:USDT,29.71,40.0,29.7,294.0,29.75,261.0,29.76,862.0
1753533405755,12:36:45.755,BANANA/USDT:USDT,29.72,212.0,29.71,40.0,29.75,40.0,29.76,216.0
1753533405866,12:36:45.866,BANANA/USDT:USDT,29.72,210.0,29.71,40.0,29.75,40.0,29.76,760.0
1753533405955,12:36:45.955,BANANA/USDT:USDT,29.72,210.0,29.71,40.0,29.75,42.0,29.76,760.0
1753533407301,12:36:47.301,BANANA/USDT:USDT,29.72,170.0,29.71,40.0,29.75,153.0,29.76,760.0
1753533407390,12:36:47.390,BANANA/USDT:USDT,29.72,170.0,29.71,40.0,29.75,153.0,29.76,760.0
1753533409137,12:36:49.137,BANANA/USDT:USDT,29.72,170.0,29.71,40.0,29.75,153.0,29.76,760.0
1753533409367,12:36:49.367,BANANA/USDT:USDT,29.72,170.0,29.71,40.0,29.75,153.0,29.76,760.0
1753533412018,12:36:52.018,BANANA/USDT:USDT,29.72,172.0,29.71,40.0,29.75,153.0,29.76,760.0
1753533412594,12:36:52.594,BANANA/USDT:USDT,29.72,172.0,29.71,40.0,29.75,42.0,29.76,216.0
1753533412694,12:36:52.694,BANANA/USDT:USDT,29.72,170.0,29.71,40.0,29.75,42.0,29.76,760.0
1753533415171,12:36:55.171,BANANA/USDT:USDT,29.72,170.0,29.71,40.0,29.75,40.0,29.76,760.0
1753533415208,12:36:55.208,BANANA/USDT:USDT,29.72,210.0,29.71,40.0,29.75,40.0,29.76,760.0
1753533415649,12:36:55.649,BANANA/USDT:USDT,29.72,210.0,29.71,40.0,29.75,40.0,29.76,760.0
1753533417192,12:36:57.192,BANANA/USDT:USDT,29.72,170.0,29.71,40.0,29.75,40.0,29.76,760.0
1753533418107,12:36:58.107,BANANA/USDT:USDT,29.72,170.0,29.71,40.0,29.75,40.0,29.76,760.0
1753533419163,12:36:59.163,BANANA/USDT:USDT,29.72,210.0,29.71,40.0,29.75,40.0,29.76,760.0
1753533419901,12:36:59.901,BANANA/USDT:USDT,29.72,210.0,29.71,40.0,29.75,40.0,29.76,760.0
1753533420139,12:37:00.139,BANANA/USDT:USDT,29.72,210.0,29.71,40.0,29.75,40.0,29.76,760.0
1753533421143,12:37:01.143,BANANA/USDT:USDT,29.72,170.0,29.71,40.0,29.75,152.0,29.76,760.0
1753533421522,12:37:01.522,BANANA/USDT:USDT,29.72,170.0,29.71,40.0,29.75,40.0,29.76,760.0
1753533422139,12:37:02.139,BANANA/USDT:USDT,29.72,210.0,29.71,40.0,29.75,40.0,29.76,760.0
1753533424107,12:37:04.107,BANANA/USDT:USDT,29.72,170.0,29.71,40.0,29.75,40.0,29.76,760.0
1753533424955,12:37:04.955,BANANA/USDT:USDT,29.72,170.0,29.71,40.0,29.75,40.0,29.76,760.0
1753533425097,12:37:05.097,BANANA/USDT:USDT,29.72,210.0,29.71,40.0,29.75,40.0,29.76,760.0
1753533427081,12:37:07.081,BANANA/USDT:USDT,29.72,170.0,29.71,40.0,29.75,40.0,29.76,760.0
1753533428366,12:37:08.366,BANANA/USDT:USDT,29.72,170.0,29.71,40.0,29.75,118.0,29.76,760.0
1753533428927,12:37:08.927,BANANA/USDT:USDT,29.72,170.0,29.71,40.0,29.76,760.0,29.77,213.0
1753533429052,12:37:09.052,BANANA/USDT:USDT,29.72,210.0,29.71,40.0,29.76,585.0,29.77,213.0
1753533429322,12:37:09.322,BANANA/USDT:USDT,29.72,210.0,29.71,40.0,29.76,585.0,29.77,213.0
1753533429741,12:37:09.741,BANANA/USDT:USDT,29.72,210.0,29.71,40.0,29.76,585.0,29.77,213.0
1753533429776,12:37:09.776,BANANA/USDT:USDT,29.72,210.0,29.71,40.0,29.76,585.0,29.77,213.0
1753533429963,12:37:09.963,BANANA/USDT:USDT,29.72,210.0,29.71,40.0,29.76,585.0,29.77,213.0
1753533429975,12:37:09.975,BANANA/USDT:USDT,29.72,210.0,29.71,250.0,29.76,585.0,29.77,213.0
1753533430153,12:37:10.153,BANANA/USDT:USDT,29.72,210.0,29.71,250.0,29.76,585.0,29.77,213.0
1753533430865,12:37:10.865,BANANA/USDT:USDT,29.72,210.0,29.71,250.0,29.76,585.0,29.77,213.0
1753533430876,12:37:10.876,BANANA/USDT:USDT,29.72,210.0,29.71,250.0,29.76,585.0,29.77,213.0
1753533431955,12:37:11.955,BANANA/USDT:USDT,29.72,210.0,29.71,250.0,29.76,585.0,29.77,213.0
1753533432156,12:37:12.156,BANANA/USDT:USDT,29.72,210.0,29.71,250.0,29.76,585.0,29.77,213.0
1753533432265,12:37:12.265,BANANA/USDT:USDT,29.73,40.0,29.72,461.0,29.76,1.0,29.77,115.0
1753533432339,12:37:12.339,BANANA/USDT:USDT,29.73,178.0,29.72,461.0,29.76,1.0,29.8,460.0
1753533432463,12:37:12.463,BANANA/USDT:USDT,29.73,279.0,29.72,461.0,29.76,1.0,29.78,544.0
1753533432534,12:37:12.534,BANANA/USDT:USDT,29.74,44.0,29.73,278.0,29.76,1.0,29.78,544.0
1753533432574,12:37:12.574,BANANA/USDT:USDT,29.74,44.0,29.73,278.0,29.76,1.0,29.78,544.0
1753533433468,12:37:13.468,BANANA/USDT:USDT,29.74,44.0,29.73,278.0,29.76,1.0,29.78,544.0
1753533433814,12:37:13.814,BANANA/USDT:USDT,29.74,44.0,29.73,278.0,29.76,1.0,29.78,544.0
1753533434538,12:37:14.538,BANANA/USDT:USDT,29.74,44.0,29.73,278.0,29.76,1.0,29.78,544.0
1753533434600,12:37:14.600,BANANA/USDT:USDT,29.74,44.0,29.73,278.0,29.76,1.0,29.78,544.0
1753533436867,12:37:16.867,BANANA/USDT:USDT,29.74,74.0,29.73,278.0,29.76,1.0,29.78,544.0
1753533436872,12:37:16.872,BANANA/USDT:USDT,29.74,74.0,29.73,278.0,29.76,1.0,29.78,544.0
1753533438817,12:37:18.817,BANANA/USDT:USDT,29.74,74.0,29.73,278.0,29.76,1.0,29.78,544.0
1753533438940,12:37:18.940,BANANA/USDT:USDT,29.74,74.0,29.73,278.0,29.76,1.0,29.78,544.0
1753533439259,12:37:19.259,BANANA/USDT:USDT,29.74,74.0,29.73,278.0,29.76,1.0,29.79,261.0
1753533439356,12:37:19.356,BANANA/USDT:USDT,29.74,74.0,29.73,278.0,29.76,1.0,29.79,261.0
1753533439479,12:37:19.479,BANANA/USDT:USDT,29.74,74.0,29.73,278.0,29.76,1.0,29.79,261.0
1753533439865,12:37:19.865,BANANA/USDT:USDT,29.74,72.0,29.73,278.0,29.76,1.0,29.79,261.0
1753533439934,12:37:19.934,BANANA/USDT:USDT,29.74,70.0,29.73,278.0,29.76,1.0,29.78,40.0
1753533440127,12:37:20.127,BANANA/USDT:USDT,29.74,72.0,29.73,278.0,29.76,1.0,29.78,40.0
1753533440278,12:37:20.278,BANANA/USDT:USDT,29.74,72.0,29.73,278.0,29.76,1.0,29.78,40.0
1753533440429,12:37:20.429,BANANA/USDT:USDT,29.74,74.0,29.73,278.0,29.76,1.0,29.78,40.0
1753533440697,12:37:20.697,BANANA/USDT:USDT,29.74,74.0,29.73,278.0,29.76,1.0,29.78,40.0
1753533443462,12:37:23.462,BANANA/USDT:USDT,29.74,70.0,29.73,278.0,29.76,1.0,29.78,40.0
1753533443930,12:37:23.930,BANANA/USDT:USDT,29.74,74.0,29.73,278.0,29.76,1.0,29.78,40.0
1753533444138,12:37:24.138,BANANA/USDT:USDT,29.74,74.0,29.73,278.0,29.76,1.0,29.78,40.0
1753533444663,12:37:24.663,BANANA/USDT:USDT,29.74,74.0,29.73,821.0,29.76,1.0,29.78,40.0
1753533444675,12:37:24.675,BANANA/USDT:USDT,29.74,279.0,29.73,821.0,29.76,1.0,29.78,40.0
1753533444873,12:37:24.873,BANANA/USDT:USDT,29.74,279.0,29.73,821.0,29.76,1.0,29.78,40.0
1753533445444,12:37:25.444,BANANA/USDT:USDT,29.74,279.0,29.73,821.0,29.76,1.0,29.78,40.0
1753533445647,12:37:25.647,BANANA/USDT:USDT,29.74,279.0,29.73,821.0,29.76,1.0,29.78,40.0
1753533448939,12:37:28.939,BANANA/USDT:USDT,29.74,279.0,29.73,821.0,29.76,1.0,29.78,40.0
1753533449858,12:37:29.858,BANANA/USDT:USDT,29.74,279.0,29.73,821.0,29.76,1.0,29.78,40.0
1753533450212,12:37:30.212,BANANA/USDT:USDT,29.74,277.0,29.73,821.0,29.76,1.0,29.78,40.0
1753533450939,12:37:30.939,BANANA/USDT:USDT,29.74,279.0,29.73,821.0,29.76,1.0,29.78,40.0
1753533453754,12:37:33.754,BANANA/USDT:USDT,29.74,277.0,29.73,821.0,29.76,1.0,29.78,40.0
1753533455992,12:37:35.992,BANANA/USDT:USDT,29.74,279.0,29.73,821.0,29.76,1.0,29.78,40.0
1753533456078,12:37:36.078,BANANA/USDT:USDT,29.74,279.0,29.73,821.0,29.76,1.0,29.79,301.0
1753533456695,12:37:36.695,BANANA/USDT:USDT,29.74,277.0,29.73,821.0,29.76,1.0,29.79,301.0
1753533456796,12:37:36.796,BANANA/USDT:USDT,29.74,277.0,29.73,821.0,29.76,1.0,29.79,301.0
1753533457054,12:37:37.054,BANANA/USDT:USDT,29.75,543.0,29.74,72.0,29.76,1.0,29.79,301.0
1753533457960,12:37:37.960,BANANA/USDT:USDT,29.75,543.0,29.74,72.0,29.76,1.0,29.79,301.0
1753533458028,12:37:38.028,BANANA/USDT:USDT,29.75,543.0,29.74,70.0,29.76,1.0,29.79,301.0
1753533458077,12:37:38.077,BANANA/USDT:USDT,29.75,543.0,29.74,70.0,29.76,1.0,29.79,301.0
1753533458190,12:37:38.190,BANANA/USDT:USDT,29.75,543.0,29.74,70.0,29.76,1.0,29.77,2.0
1753533458327,12:37:38.327,BANANA/USDT:USDT,29.74,613.0,29.73,278.0,29.76,1.0,29.77,2.0
1753533458539,12:37:38.539,BANANA/USDT:USDT,29.74,615.0,29.73,278.0,29.76,1.0,29.79,301.0
1753533458717,12:37:38.717,BANANA/USDT:USDT,29.74,615.0,29.73,278.0,29.76,1.0,29.78,40.0
1753533459231,12:37:39.231,BANANA/USDT:USDT,29.74,613.0,29.73,278.0,29.76,1.0,29.78,40.0
1753533459632,12:37:39.632,BANANA/USDT:USDT,29.74,613.0,29.73,278.0,29.76,1.0,29.78,40.0
1753533460946,12:37:40.946,BANANA/USDT:USDT,29.74,613.0,29.73,278.0,29.76,3.0,29.78,40.0
1753533461467,12:37:41.467,BANANA/USDT:USDT,29.74,617.0,29.73,278.0,29.76,1.0,29.78,40.0
1753533463354,12:37:43.354,BANANA/USDT:USDT,29.74,617.0,29.73,278.0,29.76,1.0,29.78,40.0
1753533463374,12:37:43.374,BANANA/USDT:USDT,29.74,617.0,29.73,278.0,29.76,1.0,29.78,40.0
1753533463662,12:37:43.662,BANANA/USDT:USDT,29.74,617.0,29.73,278.0,29.76,1.0,29.78,40.0
1753533464304,12:37:44.304,BANANA/USDT:USDT,29.74,617.0,29.73,278.0,29.76,1.0,29.78,40.0
1753533464374,12:37:44.374,BANANA/USDT:USDT,29.74,617.0,29.73,278.0,29.76,1.0,29.78,40.0
1753533465866,12:37:45.866,BANANA/USDT:USDT,29.74,617.0,29.73,278.0,29.76,1.0,29.78,40.0
1753533468139,12:37:48.139,BANANA/USDT:USDT,29.74,617.0,29.73,278.0,29.76,1.0,29.78,40.0
1753533470504,12:37:50.504,BANANA/USDT:USDT,29.74,615.0,29.73,278.0,29.76,1.0,29.78,40.0
1753533470785,12:37:50.785,BANANA/USDT:USDT,29.74,613.0,29.73,278.0,29.76,3.0,29.78,40.0
1753533471222,12:37:51.222,BANANA/USDT:USDT,29.74,613.0,29.73,278.0,29.76,1.0,29.78,40.0
1753533472939,12:37:52.939,BANANA/USDT:USDT,29.74,613.0,29.73,278.0,29.76,1.0,29.78,40.0
1753533475119,12:37:55.119,BANANA/USDT:USDT,29.74,613.0,29.73,278.0,29.76,3.0,29.78,40.0
1753533475191,12:37:55.191,BANANA/USDT:USDT,29.74,613.0,29.73,278.0,29.76,3.0,29.78,291.0
1753533477739,12:37:57.739,BANANA/USDT:USDT,29.74,613.0,29.73,278.0,29.76,3.0,29.78,291.0
1753533478183,12:37:58.183,BANANA/USDT:USDT,29.74,613.0,29.73,278.0,29.76,3.0,29.78,291.0
1753533480140,12:38:00.140,BANANA/USDT:USDT,29.74,613.0,29.73,278.0,29.76,3.0,29.78,291.0
1753533480193,12:38:00.193,BANANA/USDT:USDT,29.74,613.0,29.73,140.0,29.76,3.0,29.78,291.0
1753533480472,12:38:00.472,BANANA/USDT:USDT,29.74,613.0,29.73,140.0,29.76,3.0,29.78,291.0
1753533481068,12:38:01.068,BANANA/USDT:USDT,29.74,613.0,29.73,140.0,29.76,3.0,29.78,291.0
1753533481915,12:38:01.915,BANANA/USDT:USDT,29.74,583.0,29.73,140.0,29.76,5.0,29.77,87.0
1753533482463,12:38:02.463,BANANA/USDT:USDT,29.74,583.0,29.73,140.0,29.76,5.0,29.77,87.0
1753533482540,12:38:02.540,BANANA/USDT:USDT,29.74,583.0,29.73,140.0,29.76,5.0,29.77,87.0
1753533483007,12:38:03.007,BANANA/USDT:USDT,29.74,583.0,29.73,140.0,29.76,3.0,29.77,87.0
1753533483147,12:38:03.147,BANANA/USDT:USDT,29.74,583.0,29.73,40.0,29.76,5.0,29.77,87.0
1753533483439,12:38:03.439,BANANA/USDT:USDT,29.74,543.0,29.73,40.0,29.76,5.0,29.77,87.0
1753533483653,12:38:03.653,BANANA/USDT:USDT,29.73,583.0,29.72,210.0,29.76,5.0,29.77,87.0
1753533484224,12:38:04.224,BANANA/USDT:USDT,29.72,210.0,29.71,40.0,29.76,5.0,29.77,87.0
1753533484274,12:38:04.274,BANANA/USDT:USDT,29.72,210.0,29.71,40.0,29.76,5.0,29.77,87.0
1753533484428,12:38:04.428,BANANA/USDT:USDT,29.73,543.0,29.72,170.0,29.76,45.0,29.77,87.0
1753533484499,12:38:04.499,BANANA/USDT:USDT,29.73,543.0,29.72,170.0,29.76,45.0,29.77,87.0
1753533484659,12:38:04.659,BANANA/USDT:USDT,29.72,543.0,29.71,40.0,29.76,45.0,29.77,127.0
1753533484803,12:38:04.803,BANANA/USDT:USDT,29.72,543.0,29.71,40.0,29.76,45.0,29.77,127.0
1753533484908,12:38:04.908,BANANA/USDT:USDT,29.71,583.0,29.7,513.0,29.76,45.0,29.77,127.0
1753533485014,12:38:05.014,BANANA/USDT:USDT,29.71,583.0,29.7,513.0,29.76,45.0,29.77,127.0
1753533485134,12:38:05.134,BANANA/USDT:USDT,29.71,40.0,29.7,193.0,29.76,45.0,29.77,127.0
1753533485260,12:38:05.260,BANANA/USDT:USDT,29.71,40.0,29.7,193.0,29.74,44.0,29.75,216.0
1753533485279,12:38:05.279,BANANA/USDT:USDT,29.72,9.0,29.71,40.0,29.74,44.0,29.75,216.0
1753533485430,12:38:05.430,BANANA/USDT:USDT,29.72,9.0,29.71,40.0,29.74,44.0,29.75,216.0
1753533485565,12:38:05.565,BANANA/USDT:USDT,29.7,736.0,29.69,421.0,29.74,44.0,29.75,216.0
1753533485658,12:38:05.658,BANANA/USDT:USDT,29.7,193.0,29.69,421.0,29.74,131.0,29.75,467.0
1753533485765,12:38:05.765,BANANA/USDT:USDT,29.7,15.0,29.69,170.0,29.74,131.0,29.75,467.0
1753533485864,12:38:05.864,BANANA/USDT:USDT,29.7,15.0,29.69,170.0,29.74,231.0,29.75,467.0
1753533485874,12:38:05.874,BANANA/USDT:USDT,29.7,15.0,29.69,333.0,29.74,231.0,29.75,467.0
1753533486055,12:38:06.055,BANANA/USDT:USDT,29.7,15.0,29.69,333.0,29.74,231.0,29.75,467.0
1753533486076,12:38:06.076,BANANA/USDT:USDT,29.7,15.0,29.69,170.0,29.74,231.0,29.75,467.0
1753533486408,12:38:06.408,BANANA/USDT:USDT,29.7,15.0,29.69,170.0,29.74,231.0,29.75,467.0
1753533486667,12:38:06.667,BANANA/USDT:USDT,29.7,15.0,29.69,170.0,29.74,231.0,29.75,467.0
1753533487275,12:38:07.275,BANANA/USDT:USDT,29.7,15.0,29.69,170.0,29.74,231.0,29.75,467.0
1753533487529,12:38:07.529,BANANA/USDT:USDT,29.7,15.0,29.69,170.0,29.74,231.0,29.75,467.0
1753533489740,12:38:09.740,BANANA/USDT:USDT,29.7,15.0,29.69,170.0,29.74,231.0,29.75,467.0
1753533490858,12:38:10.858,BANANA/USDT:USDT,29.7,15.0,29.69,170.0,29.73,96.0,29.74,406.0
1753533490876,12:38:10.876,BANANA/USDT:USDT,29.7,15.0,29.69,170.0,29.73,140.0,29.74,402.0
1753533491125,12:38:11.125,BANANA/USDT:USDT,29.7,15.0,29.69,170.0,29.73,140.0,29.74,402.0
1753533491894,12:38:11.894,BANANA/USDT:USDT,29.7,15.0,29.69,170.0,29.73,140.0,29.74,402.0
1753533492299,12:38:12.299,BANANA/USDT:USDT,29.7,15.0,29.69,170.0,29.73,140.0,29.74,402.0
1753533492376,12:38:12.376,BANANA/USDT:USDT,29.7,15.0,29.69,170.0,29.73,140.0,29.74,402.0
1753533493506,12:38:13.506,BANANA/USDT:USDT,29.7,15.0,29.69,170.0,29.73,140.0,29.74,402.0
1753533494159,12:38:14.159,BANANA/USDT:USDT,29.7,15.0,29.69,170.0,29.73,683.0,29.74,402.0
1753533494174,12:38:14.174,BANANA/USDT:USDT,29.7,15.0,29.69,170.0,29.73,683.0,29.74,402.0
1753533494541,12:38:14.541,BANANA/USDT:USDT,29.7,15.0,29.69,170.0,29.73,683.0,29.74,402.0
1753533494759,12:38:14.759,BANANA/USDT:USDT,29.7,15.0,29.69,170.0,29.73,683.0,29.74,402.0
1753533495356,12:38:15.356,BANANA/USDT:USDT,29.7,15.0,29.69,170.0,29.73,683.0,29.74,402.0
1753533496162,12:38:16.162,BANANA/USDT:USDT,29.7,15.0,29.69,170.0,29.73,683.0,29.74,402.0
1753533497291,12:38:17.291,BANANA/USDT:USDT,29.7,15.0,29.69,170.0,29.72,44.0,29.73,679.0
1753533497375,12:38:17.375,BANANA/USDT:USDT,29.7,15.0,29.69,170.0,29.72,44.0,29.73,679.0
1753533497474,12:38:17.474,BANANA/USDT:USDT,29.7,15.0,29.69,170.0,29.72,126.0,29.73,679.0
1753533497875,12:38:17.875,BANANA/USDT:USDT,29.7,15.0,29.69,170.0,29.72,126.0,29.73,679.0
1753533499340,12:38:19.340,BANANA/USDT:USDT,29.7,15.0,29.69,170.0,29.72,126.0,29.73,679.0
1753533501661,12:38:21.661,BANANA/USDT:USDT,29.7,15.0,29.69,170.0,29.72,44.0,29.73,679.0
1753533504163,12:38:24.163,BANANA/USDT:USDT,29.7,15.0,29.69,170.0,29.72,44.0,29.73,679.0
1753533506078,12:38:26.078,BANANA/USDT:USDT,29.7,15.0,29.69,170.0,29.72,44.0,29.73,679.0
1753533506699,12:38:26.699,BANANA/USDT:USDT,29.7,15.0,29.69,170.0,29.72,44.0,29.73,679.0
1753533506780,12:38:26.780,BANANA/USDT:USDT,29.7,15.0,29.69,170.0,29.72,127.0,29.73,679.0
1753533506957,12:38:26.957,BANANA/USDT:USDT,29.7,15.0,29.69,170.0,29.72,127.0,29.73,679.0
1753533507045,12:38:27.045,BANANA/USDT:USDT,29.7,15.0,29.69,170.0,29.72,127.0,29.73,679.0
1753533507554,12:38:27.554,BANANA/USDT:USDT,29.7,15.0,29.69,170.0,29.72,127.0,29.73,679.0
1753533508044,12:38:28.044,BANANA/USDT:USDT,29.7,15.0,29.69,170.0,29.72,127.0,29.73,679.0
1753533508155,12:38:28.155,BANANA/USDT:USDT,29.7,15.0,29.69,170.0,29.71,547.0,29.72,40.0
1753533508498,12:38:28.498,BANANA/USDT:USDT,29.7,15.0,29.69,170.0,29.71,547.0,29.72,40.0
1753533508963,12:38:28.963,BANANA/USDT:USDT,29.7,15.0,29.69,170.0,29.71,547.0,29.72,40.0
1753533509172,12:38:29.172,BANANA/USDT:USDT,29.7,15.0,29.69,170.0,29.71,547.0,29.72,40.0
1753533509322,12:38:29.322,BANANA/USDT:USDT,29.7,15.0,29.69,170.0,29.71,547.0,29.72,40.0
1753533511541,12:38:31.541,BANANA/USDT:USDT,29.7,15.0,29.69,170.0,29.71,547.0,29.72,40.0
1753533512301,12:38:32.301,BANANA/USDT:USDT,29.7,15.0,29.69,170.0,29.71,547.0,29.72,40.0
1753533512830,12:38:32.830,BANANA/USDT:USDT,29.7,15.0,29.69,170.0,29.71,2.0,29.72,584.0
1753533512949,12:38:32.949,BANANA/USDT:USDT,29.7,15.0,29.67,126.0,29.71,4.0,29.72,584.0
1753533512974,12:38:32.974,BANANA/USDT:USDT,29.7,15.0,29.67,126.0,29.71,4.0,29.72,584.0
1753533513106,12:38:33.106,BANANA/USDT:USDT,29.7,15.0,29.68,40.0,29.71,4.0,29.72,584.0
1753533514093,12:38:34.093,BANANA/USDT:USDT,29.7,15.0,29.68,40.0,29.71,4.0,29.72,584.0
1753533514176,12:38:34.176,BANANA/USDT:USDT,29.7,15.0,29.68,40.0,29.71,4.0,29.72,584.0
1753533516357,12:38:36.357,BANANA/USDT:USDT,29.7,15.0,29.68,40.0,29.71,4.0,29.72,584.0
1753533517059,12:38:37.059,BANANA/USDT:USDT,29.7,15.0,29.68,40.0,29.71,4.0,29.72,584.0
1753533517494,12:38:37.494,BANANA/USDT:USDT,29.7,15.0,29.68,40.0,29.71,4.0,29.72,584.0
1753533521141,12:38:41.141,BANANA/USDT:USDT,29.7,15.0,29.68,40.0,29.71,4.0,29.72,584.0
1753533522159,12:38:42.159,BANANA/USDT:USDT,29.7,15.0,29.68,40.0,29.71,2.0,29.72,584.0
1753533522185,12:38:42.185,BANANA/USDT:USDT,29.7,15.0,29.68,40.0,29.71,2.0,29.72,584.0
1753533522643,12:38:42.643,BANANA/USDT:USDT,29.7,15.0,29.68,40.0,29.71,2.0,29.72,686.0
1753533525954,12:38:45.954,BANANA/USDT:USDT,29.7,15.0,29.68,40.0,29.71,4.0,29.72,686.0
1753533526139,12:38:46.139,BANANA/USDT:USDT,29.7,15.0,29.68,40.0,29.71,4.0,29.72,686.0
1753533527712,12:38:47.712,BANANA/USDT:USDT,29.7,15.0,29.68,40.0,29.71,4.0,29.72,686.0
1753533530320,12:38:50.320,BANANA/USDT:USDT,29.7,15.0,29.68,40.0,29.71,2.0,29.72,686.0
1753533530534,12:38:50.534,BANANA/USDT:USDT,29.68,40.0,29.67,166.0,29.71,2.0,29.72,686.0
1753533530639,12:38:50.639,BANANA/USDT:USDT,29.69,9.0,29.68,40.0,29.71,2.0,29.72,686.0
1753533530771,12:38:50.771,BANANA/USDT:USDT,29.69,9.0,29.68,40.0,29.71,71.0,29.72,686.0
1753533530827,12:38:50.827,BANANA/USDT:USDT,29.69,9.0,29.68,40.0,29.71,71.0,29.72,686.0
1753533530904,12:38:50.904,BANANA/USDT:USDT,29.69,9.0,29.68,40.0,29.71,111.0,29.72,686.0
1753533532037,12:38:52.037,BANANA/USDT:USDT,29.69,9.0,29.68,40.0,29.71,111.0,29.72,686.0
1753533532998,12:38:52.998,BANANA/USDT:USDT,29.69,9.0,29.68,40.0,29.71,111.0,29.72,686.0
1753533533937,12:38:53.937,BANANA/USDT:USDT,29.69,9.0,29.68,40.0,29.71,113.0,29.72,686.0
1753533534158,12:38:54.158,BANANA/USDT:USDT,29.69,9.0,29.68,40.0,29.71,44.0,29.72,686.0
1753533534244,12:38:54.244,BANANA/USDT:USDT,29.69,9.0,29.68,40.0,29.71,44.0,29.72,686.0
1753533535195,12:38:55.195,BANANA/USDT:USDT,29.69,9.0,29.68,40.0,29.71,44.0,29.72,686.0
1753533535541,12:38:55.541,BANANA/USDT:USDT,29.69,9.0,29.68,40.0,29.71,44.0,29.72,686.0
1753533535970,12:38:55.970,BANANA/USDT:USDT,29.69,11.0,29.68,40.0,29.71,40.0,29.72,686.0
1753533536224,12:38:56.224,BANANA/USDT:USDT,29.69,11.0,29.68,40.0,29.71,42.0,29.72,686.0
1753533536455,12:38:56.455,BANANA/USDT:USDT,29.69,9.0,29.68,40.0,29.71,42.0,29.72,686.0
1753533536814,12:38:56.814,BANANA/USDT:USDT,29.69,9.0,29.68,40.0,29.71,42.0,29.72,686.0
1753533538961,12:38:58.961,BANANA/USDT:USDT,29.69,9.0,29.68,40.0,29.71,42.0,29.72,686.0
1753533539273,12:38:59.273,BANANA/USDT:USDT,29.69,11.0,29.68,40.0,29.71,42.0,29.72,686.0
1753533539547,12:38:59.547,BANANA/USDT:USDT,29.69,9.0,29.68,40.0,29.71,44.0,29.72,686.0
1753533540347,12:39:00.347,BANANA/USDT:USDT,29.69,9.0,29.68,40.0,29.71,44.0,29.72,686.0
1753533541509,12:39:01.509,BANANA/USDT:USDT,29.69,11.0,29.68,40.0,29.71,42.0,29.72,686.0
1753533541675,12:39:01.675,BANANA/USDT:USDT,29.69,11.0,29.68,40.0,29.71,42.0,29.72,686.0
1753533542105,12:39:02.105,BANANA/USDT:USDT,29.69,9.0,29.68,40.0,29.71,44.0,29.72,686.0
1753533542468,12:39:02.468,BANANA/USDT:USDT,29.69,11.0,29.68,40.0,29.71,44.0,29.72,686.0
1753533542569,12:39:02.569,BANANA/USDT:USDT,29.69,9.0,29.68,40.0,29.71,44.0,29.72,686.0
1753533543496,12:39:03.496,BANANA/USDT:USDT,29.69,11.0,29.68,40.0,29.71,42.0,29.72,686.0
1753533543595,12:39:03.595,BANANA/USDT:USDT,29.69,11.0,29.68,40.0,29.71,44.0,29.72,686.0
1753533544154,12:39:04.154,BANANA/USDT:USDT,29.69,11.0,29.68,40.0,29.72,686.0,29.73,136.0
1753533544231,12:39:04.231,BANANA/USDT:USDT,29.69,2.0,29.68,40.0,29.72,40.0,29.73,136.0
1753533544355,12:39:04.355,BANANA/USDT:USDT,29.69,2.0,29.68,40.0,29.72,583.0,29.73,136.0
1753533544447,12:39:04.447,BANANA/USDT:USDT,29.69,2.0,29.68,40.0,29.72,583.0,29.73,136.0
1753533545032,12:39:05.032,BANANA/USDT:USDT,29.69,2.0,29.68,40.0,29.72,583.0,29.73,136.0
1753533545141,12:39:05.141,BANANA/USDT:USDT,29.69,2.0,29.68,40.0,29.72,583.0,29.73,136.0
1753533547720,12:39:07.720,BANANA/USDT:USDT,29.69,42.0,29.68,40.0,29.72,583.0,29.73,234.0
1753533548206,12:39:08.206,BANANA/USDT:USDT,29.69,42.0,29.68,40.0,29.72,583.0,29.73,234.0
1753533549693,12:39:09.693,BANANA/USDT:USDT,29.69,2.0,29.68,40.0,29.72,583.0,29.73,234.0
1753533549942,12:39:09.942,BANANA/USDT:USDT,29.69,2.0,29.68,40.0,29.72,583.0,29.73,234.0
1753533550953,12:39:10.953,BANANA/USDT:USDT,29.68,40.0,29.67,166.0,29.72,583.0,29.73,234.0
1753533552335,12:39:12.335,BANANA/USDT:USDT,29.68,40.0,29.67,166.0,29.72,583.0,29.73,234.0
1753533553546,12:39:13.546,BANANA/USDT:USDT,29.68,40.0,29.67,166.0,29.72,583.0,29.73,234.0
1753533554741,12:39:14.741,BANANA/USDT:USDT,29.68,40.0,29.67,166.0,29.72,583.0,29.73,234.0
1753533559554,12:39:19.554,BANANA/USDT:USDT,29.68,40.0,29.67,166.0,29.72,583.0,29.73,234.0
1753533559772,12:39:19.772,BANANA/USDT:USDT,29.68,40.0,29.67,166.0,29.72,583.0,29.73,234.0
1753533561218,12:39:21.218,BANANA/USDT:USDT,29.68,40.0,29.67,166.0,29.72,583.0,29.73,234.0
1753533564342,12:39:24.342,BANANA/USDT:USDT,29.68,40.0,29.67,166.0,29.72,583.0,29.73,234.0
1753533567561,12:39:27.561,BANANA/USDT:USDT,29.68,40.0,29.67,166.0,29.72,583.0,29.73,234.0
1753533567579,12:39:27.579,BANANA/USDT:USDT,29.68,40.0,29.67,166.0,29.72,583.0,29.73,234.0
1753533568065,12:39:28.065,BANANA/USDT:USDT,29.68,40.0,29.67,166.0,29.72,583.0,29.73,234.0
1753533568079,12:39:28.079,BANANA/USDT:USDT,29.68,40.0,29.67,166.0,29.72,583.0,29.73,234.0
1753533569155,12:39:29.155,BANANA/USDT:USDT,29.68,40.0,29.67,166.0,29.72,583.0,29.73,234.0
1753533571754,12:39:31.754,BANANA/USDT:USDT,29.69,170.0,29.68,40.0,29.72,583.0,29.73,234.0
1753533571861,12:39:31.861,BANANA/USDT:USDT,29.69,210.0,29.68,40.0,29.74,227.0,29.75,291.0
1753533571895,12:39:31.895,BANANA/USDT:USDT,29.69,210.0,29.68,40.0,29.73,123.0,29.74,770.0
1753533572016,12:39:32.016,BANANA/USDT:USDT,29.69,210.0,29.68,40.0,29.73,123.0,29.74,872.0
1753533573424,12:39:33.424,BANANA/USDT:USDT,29.69,170.0,29.68,40.0,29.73,123.0,29.74,872.0
1753533573635,12:39:33.635,BANANA/USDT:USDT,29.69,170.0,29.68,40.0,29.73,123.0,29.74,872.0
1753533573768,12:39:33.768,BANANA/USDT:USDT,29.69,170.0,29.68,40.0,29.73,123.0,29.74,872.0
1753533573790,12:39:33.790,BANANA/USDT:USDT,29.69,170.0,29.68,40.0,29.73,123.0,29.74,872.0
1753533573942,12:39:33.942,BANANA/USDT:USDT,29.69,170.0,29.68,40.0,29.74,872.0,29.75,291.0
1753533574048,12:39:34.048,BANANA/USDT:USDT,29.69,170.0,29.68,40.0,29.74,872.0,29.75,291.0
1753533574229,12:39:34.229,BANANA/USDT:USDT,29.69,170.0,29.68,40.0,29.74,872.0,29.75,291.0
1753533574413,12:39:34.413,BANANA/USDT:USDT,29.69,210.0,29.68,40.0,29.74,872.0,29.75,291.0
1753533574474,12:39:34.474,BANANA/USDT:USDT,29.69,210.0,29.68,40.0,29.74,872.0,29.75,291.0
1753533574863,12:39:34.863,BANANA/USDT:USDT,29.69,210.0,29.68,40.0,29.74,872.0,29.75,291.0
1753533576396,12:39:36.396,BANANA/USDT:USDT,29.69,170.0,29.68,40.0,29.74,872.0,29.75,291.0
1753533577380,12:39:37.380,BANANA/USDT:USDT,29.69,210.0,29.68,40.0,29.74,872.0,29.75,291.0
1753533578743,12:39:38.743,BANANA/USDT:USDT,29.69,210.0,29.68,40.0,29.74,872.0,29.75,291.0
1753533579359,12:39:39.359,BANANA/USDT:USDT,29.69,170.0,29.68,40.0,29.73,71.0,29.74,872.0
1753533579695,12:39:39.695,BANANA/USDT:USDT,29.69,170.0,29.68,40.0,29.73,71.0,29.74,872.0
1753533580347,12:39:40.347,BANANA/USDT:USDT,29.69,210.0,29.68,40.0,29.73,71.0,29.74,872.0
1753533580509,12:39:40.509,BANANA/USDT:USDT,29.69,210.0,29.68,40.0,29.73,71.0,29.74,872.0
1753533581016,12:39:41.016,BANANA/USDT:USDT,29.69,210.0,29.68,40.0,29.74,872.0,29.75,291.0
1753533581324,12:39:41.324,BANANA/USDT:USDT,29.69,210.0,29.68,40.0,29.74,872.0,29.75,291.0
1753533582324,12:39:42.324,BANANA/USDT:USDT,29.69,170.0,29.68,40.0,29.74,872.0,29.75,291.0
1753533582540,12:39:42.540,BANANA/USDT:USDT,29.69,170.0,29.68,40.0,29.74,872.0,29.75,291.0
1753533583313,12:39:43.313,BANANA/USDT:USDT,29.69,210.0,29.68,40.0,29.74,872.0,29.75,291.0
1753533583542,12:39:43.542,BANANA/USDT:USDT,29.69,210.0,29.68,40.0,29.74,872.0,29.75,291.0
1753533584164,12:39:44.164,BANANA/USDT:USDT,29.7,93.0,29.69,311.0,29.74,40.0,29.75,40.0
1753533584236,12:39:44.236,BANANA/USDT:USDT,29.7,40.0,29.69,210.0,29.74,40.0,29.75,582.0
1753533584302,12:39:44.302,BANANA/USDT:USDT,29.7,40.0,29.69,170.0,29.74,40.0,29.75,582.0
1753533584561,12:39:44.561,BANANA/USDT:USDT,29.7,40.0,29.69,170.0,29.74,40.0,29.75,582.0
1753533584992,12:39:44.992,BANANA/USDT:USDT,29.7,40.0,29.69,170.0,29.74,40.0,29.75,582.0
1753533585637,12:39:45.637,BANANA/USDT:USDT,29.7,40.0,29.69,170.0,29.74,40.0,29.75,682.0
1753533586137,12:39:46.137,BANANA/USDT:USDT,29.7,40.0,29.69,170.0,29.74,40.0,29.75,682.0
1753533587240,12:39:47.240,BANANA/USDT:USDT,29.7,40.0,29.69,170.0,29.74,40.0,29.75,682.0
1753533588343,12:39:48.343,BANANA/USDT:USDT,29.7,40.0,29.69,170.0,29.74,40.0,29.75,682.0
1753533593143,12:39:53.143,BANANA/USDT:USDT,29.7,40.0,29.69,170.0,29.74,40.0,29.75,682.0
1753533595419,12:39:55.419,BANANA/USDT:USDT,29.7,40.0,29.69,170.0,29.74,40.0,29.75,140.0
1753533595615,12:39:55.615,BANANA/USDT:USDT,29.7,40.0,29.69,170.0,29.73,121.0,29.74,582.0
1753533595908,12:39:55.908,BANANA/USDT:USDT,29.7,40.0,29.69,170.0,29.73,121.0,29.74,582.0
1753533596274,12:39:56.274,BANANA/USDT:USDT,29.7,40.0,29.69,170.0,29.73,123.0,29.74,582.0
1753533597943,12:39:57.943,BANANA/USDT:USDT,29.7,40.0,29.69,170.0,29.73,123.0,29.74,582.0
1753533598335,12:39:58.335,BANANA/USDT:USDT,29.7,40.0,29.69,170.0,29.73,123.0,29.74,582.0
1753533598728,12:39:58.728,BANANA/USDT:USDT,29.7,40.0,29.69,170.0,29.73,121.0,29.74,582.0
1753533599580,12:39:59.580,BANANA/USDT:USDT,29.7,40.0,29.69,170.0,29.73,40.0,29.74,582.0
1753533602654,12:40:02.654,BANANA/USDT:USDT,29.7,40.0,29.69,421.0,29.73,40.0,29.74,582.0
1753533602755,12:40:02.755,BANANA/USDT:USDT,29.7,166.0,29.69,421.0,29.73,40.0,29.74,582.0
1753533602773,12:40:02.773,BANANA/USDT:USDT,29.7,166.0,29.69,421.0,29.74,582.0,29.75,140.0
1753533603094,12:40:03.094,BANANA/USDT:USDT,29.7,166.0,29.69,461.0,29.74,582.0,29.75,140.0
1753533603188,12:40:03.188,BANANA/USDT:USDT,29.7,166.0,29.69,461.0,29.74,582.0,29.75,140.0
1753533605259,12:40:05.259,BANANA/USDT:USDT,29.7,368.0,29.69,461.0,29.75,40.0,29.76,390.0
1753533605359,12:40:05.359,BANANA/USDT:USDT,29.71,73.0,29.7,368.0,29.75,40.0,29.76,932.0
1753533605468,12:40:05.468,BANANA/USDT:USDT,29.72,99.0,29.71,324.0,29.75,40.0,29.76,932.0
1753533605554,12:40:05.554,BANANA/USDT:USDT,29.72,99.0,29.71,324.0,29.75,40.0,29.76,932.0
1753533605617,12:40:05.617,BANANA/USDT:USDT,29.72,99.0,29.71,324.0,29.75,40.0,29.76,932.0
1753533605754,12:40:05.754,BANANA/USDT:USDT,29.7,267.0,29.69,421.0,29.75,40.0,29.76,932.0
1753533606032,12:40:06.032,BANANA/USDT:USDT,29.7,267.0,29.69,421.0,29.75,40.0,29.76,932.0
1753533607554,12:40:07.554,BANANA/USDT:USDT,29.7,267.0,29.69,421.0,29.75,121.0,29.76,583.0
1753533607661,12:40:07.661,BANANA/USDT:USDT,29.7,267.0,29.69,421.0,29.75,121.0,29.76,583.0
1753533608034,12:40:08.034,BANANA/USDT:USDT,29.7,267.0,29.69,421.0,29.75,121.0,29.76,583.0
1753533608259,12:40:08.259,BANANA/USDT:USDT,29.71,73.0,29.7,368.0,29.75,121.0,29.76,583.0
1753533608339,12:40:08.339,BANANA/USDT:USDT,29.71,73.0,29.7,368.0,29.75,121.0,29.76,583.0
1753533608394,12:40:08.394,BANANA/USDT:USDT,29.7,267.0,29.69,421.0,29.75,121.0,29.76,583.0
1753533610209,12:40:10.209,BANANA/USDT:USDT,29.7,267.0,29.69,421.0,29.75,121.0,29.76,685.0
1753533612343,12:40:12.343,BANANA/USDT:USDT,29.7,267.0,29.69,421.0,29.75,121.0,29.76,685.0
1753533613254,12:40:13.254,BANANA/USDT:USDT,29.7,267.0,29.69,421.0,29.75,121.0,29.76,685.0
1753533615540,12:40:15.540,BANANA/USDT:USDT,29.7,267.0,29.69,421.0,29.75,235.0,29.76,685.0
1753533617143,12:40:17.143,BANANA/USDT:USDT,29.7,267.0,29.69,421.0,29.75,235.0,29.76,685.0
1753533617266,12:40:17.266,BANANA/USDT:USDT,29.7,267.0,29.69,421.0,29.75,235.0,29.76,685.0
1753533617339,12:40:17.339,BANANA/USDT:USDT,29.7,267.0,29.69,421.0,29.75,235.0,29.76,685.0
1753533618156,12:40:18.156,BANANA/USDT:USDT,29.7,267.0,29.69,421.0,29.75,235.0,29.76,685.0
1753533618690,12:40:18.690,BANANA/USDT:USDT,29.7,267.0,29.69,421.0,29.75,235.0,29.76,685.0
1753533619103,12:40:19.103,BANANA/USDT:USDT,29.7,267.0,29.69,421.0,29.75,235.0,29.76,583.0
1753533621944,12:40:21.944,BANANA/USDT:USDT,29.7,267.0,29.69,421.0,29.75,235.0,29.76,583.0
1753533624063,12:40:24.063,BANANA/USDT:USDT,29.75,140.0,29.74,170.0,29.8,1.0,29.83,40.0
1753533624170,12:40:24.170,BANANA/USDT:USDT,29.77,174.0,29.76,193.0,29.8,1.0,29.83,116.0
1753533624231,12:40:24.231,BANANA/USDT:USDT,29.78,5.0,29.77,174.0,29.8,1.0,29.83,116.0
1753533624367,12:40:24.367,BANANA/USDT:USDT,29.78,2.0,29.77,174.0,29.8,1.0,29.83,116.0
1753533624462,12:40:24.462,BANANA/USDT:USDT,29.78,2.0,29.77,174.0,29.8,1.0,29.83,116.0
1753533624554,12:40:24.554,BANANA/USDT:USDT,29.78,2.0,29.77,174.0,29.8,1.0,29.83,274.0
1753533624759,12:40:24.759,BANANA/USDT:USDT,29.78,2.0,29.77,174.0,29.8,1.0,29.83,274.0
1753533624845,12:40:24.845,BANANA/USDT:USDT,29.77,214.0,29.76,190.0,29.8,1.0,29.83,274.0
1753533625054,12:40:25.054,BANANA/USDT:USDT,29.77,214.0,29.76,190.0,29.8,1.0,29.83,274.0
1753533625131,12:40:25.131,BANANA/USDT:USDT,29.77,214.0,29.76,190.0,29.8,1.0,29.83,274.0
1753533625223,12:40:25.223,BANANA/USDT:USDT,29.77,214.0,29.76,190.0,29.8,1.0,29.83,274.0
1753533625309,12:40:25.309,BANANA/USDT:USDT,29.77,214.0,29.76,190.0,29.8,1.0,29.83,274.0
1753533625434,12:40:25.434,BANANA/USDT:USDT,29.77,214.0,29.76,190.0,29.8,1.0,29.83,274.0
1753533625702,12:40:25.702,BANANA/USDT:USDT,29.77,214.0,29.76,190.0,29.8,1.0,29.83,274.0
1753533625834,12:40:25.834,BANANA/USDT:USDT,29.78,134.0,29.77,314.0,29.8,1.0,29.83,274.0
1753533626103,12:40:26.103,BANANA/USDT:USDT,29.78,134.0,29.77,314.0,29.8,1.0,29.83,274.0
1753533626265,12:40:26.265,BANANA/USDT:USDT,29.78,134.0,29.77,314.0,29.8,1.0,29.83,274.0
1753533626871,12:40:26.871,BANANA/USDT:USDT,29.78,164.0,29.77,314.0,29.8,1.0,29.83,274.0
1753533627262,12:40:27.262,BANANA/USDT:USDT,29.78,415.0,29.77,314.0,29.8,1.0,29.83,274.0
1753533627415,12:40:27.415,BANANA/USDT:USDT,29.78,415.0,29.77,314.0,29.8,1.0,29.83,274.0
1753533627534,12:40:27.534,BANANA/USDT:USDT,29.78,415.0,29.77,314.0,29.8,1.0,29.83,116.0
1753533627654,12:40:27.654,BANANA/USDT:USDT,29.78,415.0,29.77,314.0,29.8,1.0,29.83,40.0
1753533628104,12:40:28.104,BANANA/USDT:USDT,29.78,415.0,29.77,314.0,29.8,1.0,29.83,40.0
1753533628514,12:40:28.514,BANANA/USDT:USDT,29.78,571.0,29.77,872.0,29.8,1.0,29.83,40.0
1753533628671,12:40:28.671,BANANA/USDT:USDT,29.78,571.0,29.77,872.0,29.8,1.0,29.83,40.0
1753533628674,12:40:28.674,BANANA/USDT:USDT,29.78,571.0,29.77,872.0,29.8,1.0,29.83,40.0
1753533629041,12:40:29.041,BANANA/USDT:USDT,29.78,573.0,29.77,872.0,29.8,1.0,29.83,40.0
1753533629253,12:40:29.253,BANANA/USDT:USDT,29.78,673.0,29.77,772.0,29.8,1.0,29.83,40.0
1753533629744,12:40:29.744,BANANA/USDT:USDT,29.78,673.0,29.77,772.0,29.8,1.0,29.83,40.0
1753533629834,12:40:29.834,BANANA/USDT:USDT,29.78,674.0,29.77,772.0,29.8,1.0,29.83,40.0
1753533629933,12:40:29.933,BANANA/USDT:USDT,29.78,673.0,29.77,772.0,29.8,1.0,29.83,40.0
1753533630036,12:40:30.036,BANANA/USDT:USDT,29.78,674.0,29.77,772.0,29.8,1.0,29.83,40.0
1753533630135,12:40:30.135,BANANA/USDT:USDT,29.78,673.0,29.77,772.0,29.8,1.0,29.83,40.0
1753533630314,12:40:30.314,BANANA/USDT:USDT,29.78,673.0,29.77,772.0,29.8,1.0,29.83,116.0
1753533630778,12:40:30.778,BANANA/USDT:USDT,29.78,673.0,29.77,772.0,29.8,1.0,29.83,116.0
1753533631114,12:40:31.114,BANANA/USDT:USDT,29.78,675.0,29.77,770.0,29.8,1.0,29.83,116.0
1753533631667,12:40:31.667,BANANA/USDT:USDT,29.78,673.0,29.77,770.0,29.8,1.0,29.83,116.0
1753533631806,12:40:31.806,BANANA/USDT:USDT,29.78,675.0,29.77,770.0,29.8,1.0,29.83,116.0
1753533632068,12:40:32.068,BANANA/USDT:USDT,29.78,675.0,29.77,770.0,29.8,1.0,29.83,116.0
1753533632088,12:40:32.088,BANANA/USDT:USDT,29.78,675.0,29.77,770.0,29.8,1.0,29.83,116.0
1753533632281,12:40:32.281,BANANA/USDT:USDT,29.78,673.0,29.77,768.0,29.8,1.0,29.83,116.0
1753533632402,12:40:32.402,BANANA/USDT:USDT,29.78,675.0,29.77,768.0,29.8,1.0,29.83,116.0
1753533632571,12:40:32.571,BANANA/USDT:USDT,29.78,675.0,29.77,768.0,29.8,1.0,29.84,252.0
1753533632664,12:40:32.664,BANANA/USDT:USDT,29.8,170.0,29.79,228.0,29.84,1.0,29.86,75.0
1753533632768,12:40:32.768,BANANA/USDT:USDT,29.8,801.0,29.79,109.0,29.84,1.0,29.86,75.0
1753533632822,12:40:32.822,BANANA/USDT:USDT,29.81,186.0,29.8,730.0,29.84,1.0,29.86,75.0
1753533632949,12:40:32.949,BANANA/USDT:USDT,29.81,186.0,29.8,730.0,29.84,3.0,29.86,75.0
1753533633153,12:40:33.153,BANANA/USDT:USDT,29.81,186.0,29.8,730.0,29.84,3.0,29.86,75.0
1753533633241,12:40:33.241,BANANA/USDT:USDT,29.81,188.0,29.8,730.0,29.84,3.0,29.86,75.0
1753533633399,12:40:33.399,BANANA/USDT:USDT,29.81,188.0,29.8,730.0,29.84,1.0,29.86,75.0
1753533633544,12:40:33.544,BANANA/USDT:USDT,29.81,188.0,29.8,730.0,29.84,1.0,29.86,75.0
1753533633597,12:40:33.597,BANANA/USDT:USDT,29.81,188.0,29.8,730.0,29.84,1.0,29.86,75.0
1753533633754,12:40:33.754,BANANA/USDT:USDT,29.81,188.0,29.8,730.0,29.84,1.0,29.86,75.0
1753533633780,12:40:33.780,BANANA/USDT:USDT,29.81,188.0,29.8,730.0,29.84,1.0,29.86,75.0
1753533633970,12:40:33.970,BANANA/USDT:USDT,29.81,539.0,29.8,730.0,29.88,168.0,29.9,75.0
1753533634063,12:40:34.063,BANANA/USDT:USDT,29.83,170.0,29.82,116.0,29.88,40.0,29.89,140.0
1753533634158,12:40:34.158,BANANA/USDT:USDT,29.83,170.0,29.82,116.0,29.88,40.0,29.89,222.0
1753533634264,12:40:34.264,BANANA/USDT:USDT,29.83,737.0,29.82,116.0,29.88,40.0,29.89,222.0
1753533634294,12:40:34.294,BANANA/USDT:USDT,29.83,737.0,29.82,116.0,29.88,40.0,29.89,140.0
1753533634458,12:40:34.458,BANANA/USDT:USDT,29.83,737.0,29.82,116.0,29.88,40.0,29.89,140.0
1753533634733,12:40:34.733,BANANA/USDT:USDT,29.83,739.0,29.82,116.0,29.88,40.0,29.89,140.0
1753533634828,12:40:34.828,BANANA/USDT:USDT,29.84,338.0,29.83,737.0,29.89,140.0,29.9,115.0
1753533634926,12:40:34.926,BANANA/USDT:USDT,29.84,470.0,29.83,737.0,29.89,142.0,29.9,115.0
1753533634974,12:40:34.974,BANANA/USDT:USDT,29.84,470.0,29.83,737.0,29.89,142.0,29.9,115.0
1753533635117,12:40:35.117,BANANA/USDT:USDT,29.84,472.0,29.83,737.0,29.89,142.0,29.9,115.0
1753533635213,12:40:35.213,BANANA/USDT:USDT,29.84,472.0,29.83,737.0,29.89,142.0,29.9,115.0
1753533635292,12:40:35.292,BANANA/USDT:USDT,29.84,472.0,29.83,737.0,29.89,142.0,29.9,115.0
1753533635722,12:40:35.722,BANANA/USDT:USDT,29.84,472.0,29.83,737.0,29.89,142.0,29.9,115.0
1753533636050,12:40:36.050,BANANA/USDT:USDT,29.84,472.0,29.83,737.0,29.89,142.0,29.9,115.0
1753533636110,12:40:36.110,BANANA/USDT:USDT,29.84,472.0,29.83,737.0,29.89,142.0,29.9,115.0
1753533636625,12:40:36.625,BANANA/USDT:USDT,29.84,472.0,29.83,737.0,29.89,142.0,29.9,115.0
1753533636875,12:40:36.875,BANANA/USDT:USDT,29.84,472.0,29.83,737.0,29.89,142.0,29.9,115.0
1753533637171,12:40:37.171,BANANA/USDT:USDT,29.84,472.0,29.83,737.0,29.89,142.0,29.9,115.0
1753533637182,12:40:37.182,BANANA/USDT:USDT,29.84,472.0,29.83,737.0,29.89,142.0,29.9,115.0
1753533637667,12:40:37.667,BANANA/USDT:USDT,29.84,470.0,29.83,737.0,29.89,142.0,29.9,115.0
1753533637672,12:40:37.672,BANANA/USDT:USDT,29.84,470.0,29.83,737.0,29.89,142.0,29.9,115.0
1753533637953,12:40:37.953,BANANA/USDT:USDT,29.84,470.0,29.83,737.0,29.89,144.0,29.9,115.0
1753533638188,12:40:38.188,BANANA/USDT:USDT,29.84,470.0,29.83,737.0,29.89,144.0,29.9,115.0
1753533639306,12:40:39.306,BANANA/USDT:USDT,29.84,470.0,29.83,737.0,29.89,144.0,29.9,115.0
1753533640011,12:40:40.011,BANANA/USDT:USDT,29.84,260.0,29.83,737.0,29.89,144.0,29.9,115.0
1753533640353,12:40:40.353,BANANA/USDT:USDT,29.84,378.0,29.83,737.0,29.89,144.0,29.9,115.0
1753533640547,12:40:40.547,BANANA/USDT:USDT,29.84,378.0,29.83,737.0,29.89,144.0,29.9,115.0
1753533640666,12:40:40.666,BANANA/USDT:USDT,29.84,378.0,29.83,737.0,29.88,40.0,29.89,144.0
1753533640967,12:40:40.967,BANANA/USDT:USDT,29.84,380.0,29.83,737.0,29.88,42.0,29.89,142.0
1753533641353,12:40:41.353,BANANA/USDT:USDT,29.84,380.0,29.83,737.0,29.88,42.0,29.89,142.0
1753533641898,12:40:41.898,BANANA/USDT:USDT,29.84,378.0,29.83,737.0,29.88,42.0,29.89,142.0
1753533642018,12:40:42.018,BANANA/USDT:USDT,29.84,380.0,29.83,737.0,29.88,42.0,29.89,142.0
1753533642512,12:40:42.512,BANANA/USDT:USDT,29.84,380.0,29.83,737.0,29.88,42.0,29.89,142.0
1753533644167,12:40:44.167,BANANA/USDT:USDT,29.84,380.0,29.83,737.0,29.88,42.0,29.89,142.0
1753533644246,12:40:44.246,BANANA/USDT:USDT,29.84,380.0,29.83,737.0,29.88,40.0,29.89,142.0
1753533644274,12:40:44.274,BANANA/USDT:USDT,29.84,451.0,29.83,737.0,29.88,40.0,29.89,142.0
1753533644428,12:40:44.428,BANANA/USDT:USDT,29.84,451.0,29.83,737.0,29.88,41.0,29.89,142.0
1753533644531,12:40:44.531,BANANA/USDT:USDT,29.84,9.0,29.81,351.0,29.88,141.0,29.89,42.0
1753533644671,12:40:44.671,BANANA/USDT:USDT,29.84,9.0,29.83,170.0,29.88,141.0,29.89,42.0
1753533644692,12:40:44.692,BANANA/USDT:USDT,29.84,9.0,29.83,170.0,29.88,141.0,29.89,42.0
1753533644834,12:40:44.834,BANANA/USDT:USDT,29.84,9.0,29.83,170.0,29.88,141.0,29.89,42.0
1753533645188,12:40:45.188,BANANA/USDT:USDT,29.84,9.0,29.83,170.0,29.88,141.0,29.89,40.0
1753533645362,12:40:45.362,BANANA/USDT:USDT,29.84,9.0,29.83,170.0,29.88,141.0,29.89,40.0
1753533645610,12:40:45.610,BANANA/USDT:USDT,29.84,9.0,29.83,170.0,29.88,101.0,29.89,40.0
1753533646606,12:40:46.606,BANANA/USDT:USDT,29.84,9.0,29.83,314.0,29.88,141.0,29.89,40.0
1753533646839,12:40:46.839,BANANA/USDT:USDT,29.84,9.0,29.83,314.0,29.88,141.0,29.89,40.0
1753533647194,12:40:47.194,BANANA/USDT:USDT,29.84,9.0,29.83,314.0,29.88,141.0,29.89,40.0
1753533647300,12:40:47.300,BANANA/USDT:USDT,29.84,9.0,29.83,314.0,29.88,141.0,29.89,215.0
1753533647604,12:40:47.604,BANANA/USDT:USDT,29.84,9.0,29.83,314.0,29.88,141.0,29.89,215.0
1753533647794,12:40:47.794,BANANA/USDT:USDT,29.84,9.0,29.83,314.0,29.88,223.0,29.89,273.0
1753533648219,12:40:48.219,BANANA/USDT:USDT,29.84,9.0,29.83,314.0,29.88,223.0,29.89,273.0
1753533650148,12:40:50.148,BANANA/USDT:USDT,29.84,9.0,29.83,314.0,29.88,223.0,29.89,273.0
1753533652287,12:40:52.287,BANANA/USDT:USDT,29.84,9.0,29.83,314.0,29.88,223.0,29.89,273.0
1753533653767,12:40:53.767,BANANA/USDT:USDT,29.84,9.0,29.83,314.0,29.88,223.0,29.89,273.0
1753533654169,12:40:54.169,BANANA/USDT:USDT,29.84,9.0,29.83,314.0,29.88,222.0,29.89,273.0
1753533654208,12:40:54.208,BANANA/USDT:USDT,29.84,9.0,29.83,314.0,29.88,222.0,29.89,215.0
1753533654294,12:40:54.294,BANANA/USDT:USDT,29.84,9.0,29.83,314.0,29.88,140.0,29.89,40.0
1753533654510,12:40:54.510,BANANA/USDT:USDT,29.84,9.0,29.83,314.0,29.88,100.0,29.89,40.0
1753533654673,12:40:54.673,BANANA/USDT:USDT,29.84,9.0,29.83,314.0,29.88,100.0,29.89,40.0
1753533654947,12:40:54.947,BANANA/USDT:USDT,29.84,9.0,29.83,314.0,29.88,100.0,29.89,40.0
1753533655071,12:40:55.071,BANANA/USDT:USDT,29.84,9.0,29.83,314.0,29.88,100.0,29.89,40.0
1753533656041,12:40:56.041,BANANA/USDT:USDT,29.84,9.0,29.83,314.0,29.88,102.0,29.89,40.0
1753533656662,12:40:56.662,BANANA/USDT:USDT,29.84,260.0,29.83,314.0,29.9,283.0,29.91,391.0
1753533656768,12:40:56.768,BANANA/USDT:USDT,29.84,260.0,29.83,314.0,29.9,283.0,29.91,956.0
1753533656800,12:40:56.800,BANANA/USDT:USDT,29.84,260.0,29.83,314.0,29.9,409.0,29.91,956.0
1753533656947,12:40:56.947,BANANA/USDT:USDT,29.86,324.0,29.85,78.0,29.9,410.0,29.91,956.0
1753533657035,12:40:57.035,BANANA/USDT:USDT,29.85,78.0,29.84,251.0,29.9,410.0,29.91,956.0
1753533657265,12:40:57.265,BANANA/USDT:USDT,29.85,78.0,29.84,251.0,29.9,410.0,29.91,956.0
1753533657275,12:40:57.275,BANANA/USDT:USDT,29.85,78.0,29.84,251.0,29.9,410.0,29.91,956.0
1753533657518,12:40:57.518,BANANA/USDT:USDT,29.85,78.0,29.84,251.0,29.9,410.0,29.91,956.0
1753533657869,12:40:57.869,BANANA/USDT:USDT,29.85,78.0,29.84,251.0,29.9,410.0,29.91,956.0
1753533659460,12:40:59.460,BANANA/USDT:USDT,29.85,78.0,29.84,251.0,29.89,40.0,29.9,410.0
1753533659542,12:40:59.542,BANANA/USDT:USDT,29.85,78.0,29.84,251.0,29.89,40.0,29.9,410.0
1753533659747,12:40:59.747,BANANA/USDT:USDT,29.85,78.0,29.84,251.0,29.89,40.0,29.9,410.0
1753533659835,12:40:59.835,BANANA/USDT:USDT,29.85,78.0,29.84,251.0,29.89,40.0,29.9,410.0
1753533659956,12:40:59.956,BANANA/USDT:USDT,29.85,78.0,29.84,251.0,29.89,40.0,29.9,410.0
1753533660134,12:41:00.134,BANANA/USDT:USDT,29.85,78.0,29.84,251.0,29.89,40.0,29.9,409.0
1753533660205,12:41:00.205,BANANA/USDT:USDT,29.84,251.0,29.83,314.0,29.89,40.0,29.9,409.0
1753533661948,12:41:01.948,BANANA/USDT:USDT,29.84,251.0,29.83,314.0,29.89,42.0,29.9,409.0
1753533662607,12:41:02.607,BANANA/USDT:USDT,29.84,251.0,29.83,314.0,29.89,42.0,29.9,409.0
1753533664191,12:41:04.191,BANANA/USDT:USDT,29.84,251.0,29.83,314.0,29.89,42.0,29.9,409.0
1753533664460,12:41:04.460,BANANA/USDT:USDT,29.84,251.0,29.83,314.0,29.89,42.0,29.9,409.0
1753533664554,12:41:04.554,BANANA/USDT:USDT,29.84,251.0,29.83,314.0,29.89,42.0,29.9,409.0
1753533664722,12:41:04.722,BANANA/USDT:USDT,29.84,251.0,29.83,314.0,29.89,40.0,29.9,409.0
1753533664960,12:41:04.960,BANANA/USDT:USDT,29.84,251.0,29.83,314.0,29.89,40.0,29.9,409.0
1753533665387,12:41:05.387,BANANA/USDT:USDT,29.84,251.0,29.83,314.0,29.89,40.0,29.9,409.0
1753533666974,12:41:06.974,BANANA/USDT:USDT,29.84,251.0,29.83,314.0,29.89,41.0,29.9,409.0
1753533667566,12:41:07.566,BANANA/USDT:USDT,29.85,75.0,29.84,351.0,29.89,1.0,29.9,283.0
1753533667615,12:41:07.615,BANANA/USDT:USDT,29.86,174.0,29.85,75.0,29.89,1.0,29.9,283.0
1753533667701,12:41:07.701,BANANA/USDT:USDT,29.86,174.0,29.85,75.0,29.89,1.0,29.9,283.0
1753533668154,12:41:08.154,BANANA/USDT:USDT,29.86,282.0,29.85,639.0,29.89,1.0,29.9,283.0
1753533668495,12:41:08.495,BANANA/USDT:USDT,29.86,282.0,29.85,639.0,29.89,1.0,29.9,283.0
1753533668646,12:41:08.646,BANANA/USDT:USDT,29.86,282.0,29.85,639.0,29.89,1.0,29.9,283.0
1753533669214,12:41:09.214,BANANA/USDT:USDT,29.86,282.0,29.85,639.0,29.89,1.0,29.9,140.0
1753533669347,12:41:09.347,BANANA/USDT:USDT,29.86,282.0,29.85,639.0,29.89,1.0,29.9,100.0
1753533669496,12:41:09.496,BANANA/USDT:USDT,29.86,282.0,29.85,639.0,29.89,1.0,29.9,100.0
1753533669620,12:41:09.620,BANANA/USDT:USDT,29.86,282.0,29.85,639.0,29.89,1.0,29.9,100.0
1753533669931,12:41:09.931,BANANA/USDT:USDT,29.86,282.0,29.85,639.0,29.89,1.0,29.9,100.0
1753533674148,12:41:14.148,BANANA/USDT:USDT,29.86,282.0,29.85,639.0,29.89,1.0,29.9,100.0
1753533674194,12:41:14.194,BANANA/USDT:USDT,29.86,282.0,29.85,639.0,29.89,1.0,29.91,40.0
1753533674318,12:41:14.318,BANANA/USDT:USDT,29.86,282.0,29.85,639.0,29.89,1.0,29.91,40.0
1753533675899,12:41:15.899,BANANA/USDT:USDT,29.86,282.0,29.85,639.0,29.89,1.0,29.91,40.0
1753533677184,12:41:17.184,BANANA/USDT:USDT,29.86,282.0,29.85,639.0,29.89,1.0,29.91,40.0
1753533677394,12:41:17.394,BANANA/USDT:USDT,29.86,282.0,29.85,639.0,29.89,1.0,29.91,40.0
1753533677894,12:41:17.894,BANANA/USDT:USDT,29.86,282.0,29.85,639.0,29.89,1.0,29.91,40.0
1753533678301,12:41:18.301,BANANA/USDT:USDT,29.86,282.0,29.85,639.0,29.89,1.0,29.91,40.0
1753533678955,12:41:18.955,BANANA/USDT:USDT,29.86,282.0,29.85,639.0,29.89,1.0,29.91,40.0
1753533680067,12:41:20.067,BANANA/USDT:USDT,29.86,282.0,29.85,639.0,29.89,1.0,29.91,40.0
1753533680088,12:41:20.088,BANANA/USDT:USDT,29.86,282.0,29.85,639.0,29.89,1.0,29.91,40.0
1753533680794,12:41:20.794,BANANA/USDT:USDT,29.86,282.0,29.85,639.0,29.89,1.0,29.91,40.0
1753533680904,12:41:20.904,BANANA/USDT:USDT,29.86,282.0,29.85,639.0,29.89,3.0,29.91,40.0
1753533681079,12:41:21.079,BANANA/USDT:USDT,29.86,282.0,29.85,639.0,29.89,1.0,29.91,40.0
1753533681751,12:41:21.751,BANANA/USDT:USDT,29.86,282.0,29.85,639.0,29.89,1.0,29.91,40.0
1753533683434,12:41:23.434,BANANA/USDT:USDT,29.87,893.0,29.86,270.0,29.92,3.0,29.93,75.0
1753533683554,12:41:23.554,BANANA/USDT:USDT,29.88,146.0,29.87,893.0,29.92,3.0,29.93,75.0
1753533683668,12:41:23.668,BANANA/USDT:USDT,29.88,146.0,29.87,893.0,29.92,3.0,29.93,75.0
1753533683769,12:41:23.769,BANANA/USDT:USDT,29.88,146.0,29.87,893.0,29.92,3.0,29.93,75.0
1753533683859,12:41:23.859,BANANA/USDT:USDT,29.88,146.0,29.87,893.0,29.92,3.0,29.93,75.0
1753533683951,12:41:23.951,BANANA/USDT:USDT,29.88,146.0,29.87,893.0,29.92,3.0,29.93,75.0
1753533684254,12:41:24.254,BANANA/USDT:USDT,29.88,146.0,29.87,893.0,29.92,3.0,29.93,75.0
1753533686128,12:41:26.128,BANANA/USDT:USDT,29.88,146.0,29.87,893.0,29.92,3.0,29.93,75.0
1753533686266,12:41:26.266,BANANA/USDT:USDT,29.88,146.0,29.87,893.0,29.92,3.0,29.93,75.0
1753533686349,12:41:26.349,BANANA/USDT:USDT,29.88,146.0,29.87,893.0,29.92,3.0,29.93,75.0
1753533686417,12:41:26.417,BANANA/USDT:USDT,29.88,146.0,29.87,893.0,29.92,3.0,29.93,75.0
1753533687150,12:41:27.150,BANANA/USDT:USDT,29.88,186.0,29.87,893.0,29.92,3.0,29.93,75.0
1753533687232,12:41:27.232,BANANA/USDT:USDT,29.88,186.0,29.87,893.0,29.92,3.0,29.93,75.0
1753533689055,12:41:29.055,BANANA/USDT:USDT,29.88,186.0,29.87,893.0,29.92,3.0,29.93,75.0
1753533689072,12:41:29.072,BANANA/USDT:USDT,29.88,186.0,29.87,893.0,29.92,3.0,29.93,75.0
1753533689304,12:41:29.304,BANANA/USDT:USDT,29.88,186.0,29.87,893.0,29.92,3.0,29.93,75.0
1753533691148,12:41:31.148,BANANA/USDT:USDT,29.88,186.0,29.87,893.0,29.92,3.0,29.93,75.0
1753533691175,12:41:31.175,BANANA/USDT:USDT,29.88,186.0,29.87,893.0,29.92,3.0,29.93,75.0
1753533691314,12:41:31.314,BANANA/USDT:USDT,29.88,186.0,29.87,893.0,29.92,3.0,29.93,75.0
1753533691810,12:41:31.810,BANANA/USDT:USDT,29.88,186.0,29.87,893.0,29.92,3.0,29.93,75.0
1753533692107,12:41:32.107,BANANA/USDT:USDT,29.88,186.0,29.87,893.0,29.92,3.0,29.93,75.0
1753533692290,12:41:32.290,BANANA/USDT:USDT,29.88,186.0,29.87,893.0,29.92,2.0,29.93,75.0
1753533692688,12:41:32.688,BANANA/USDT:USDT,29.88,186.0,29.87,893.0,29.92,2.0,29.93,75.0
1753533693394,12:41:33.394,BANANA/USDT:USDT,29.88,265.0,29.87,893.0,29.92,2.0,29.93,75.0
1753533694068,12:41:34.068,BANANA/USDT:USDT,29.89,40.0,29.88,265.0,29.92,4.0,29.93,75.0
1753533694079,12:41:34.079,BANANA/USDT:USDT,29.89,40.0,29.88,265.0,29.92,4.0,29.93,75.0
1753533694439,12:41:34.439,BANANA/USDT:USDT,29.89,40.0,29.88,265.0,29.92,3.0,29.93,75.0
1753533694659,12:41:34.659,BANANA/USDT:USDT,29.89,40.0,29.88,265.0,29.92,3.0,29.93,75.0
1753533695293,12:41:35.293,BANANA/USDT:USDT,29.89,40.0,29.88,265.0,29.92,3.0,29.93,75.0
1753533695948,12:41:35.948,BANANA/USDT:USDT,29.89,40.0,29.88,265.0,29.92,3.0,29.93,75.0
1753533696946,12:41:36.946,BANANA/USDT:USDT,29.89,42.0,29.88,265.0,29.92,3.0,29.93,75.0
1753533697043,12:41:37.043,BANANA/USDT:USDT,29.89,42.0,29.88,265.0,29.92,3.0,29.93,75.0
1753533697160,12:41:37.160,BANANA/USDT:USDT,29.89,42.0,29.88,265.0,29.92,3.0,29.93,75.0
1753533697554,12:41:37.554,BANANA/USDT:USDT,29.89,42.0,29.88,265.0,29.92,1.0,29.94,58.0
1753533697654,12:41:37.654,BANANA/USDT:USDT,29.89,40.0,29.88,119.0,29.92,7.0,29.94,58.0
1753533697714,12:41:37.714,BANANA/USDT:USDT,29.89,40.0,29.88,119.0,29.92,7.0,29.93,93.0
1753533697810,12:41:37.810,BANANA/USDT:USDT,29.89,40.0,29.88,119.0,29.92,7.0,29.93,93.0
1753533698020,12:41:38.020,BANANA/USDT:USDT,29.89,40.0,29.88,119.0,29.92,47.0,29.93,133.0
1753533698230,12:41:38.230,BANANA/USDT:USDT,29.89,40.0,29.88,119.0,29.92,45.0,29.93,133.0
1753533698341,12:41:38.341,BANANA/USDT:USDT,29.89,40.0,29.88,119.0,29.92,47.0,29.93,40.0
1753533698421,12:41:38.421,BANANA/USDT:USDT,29.89,40.0,29.88,119.0,29.92,47.0,29.93,40.0
1753533699009,12:41:39.009,BANANA/USDT:USDT,29.89,40.0,29.88,119.0,29.92,45.0,29.93,40.0
1753533699094,12:41:39.094,BANANA/USDT:USDT,29.89,40.0,29.88,199.0,29.92,45.0,29.93,40.0
1753533699193,12:41:39.193,BANANA/USDT:USDT,29.89,40.0,29.88,199.0,29.92,47.0,29.93,40.0
1753533699999,12:41:39.999,BANANA/USDT:USDT,29.89,40.0,29.88,199.0,29.92,5.0,29.93,40.0
1753533700235,12:41:40.235,BANANA/USDT:USDT,29.89,40.0,29.88,199.0,29.92,5.0,29.93,40.0
1753533700314,12:41:40.314,BANANA/USDT:USDT,29.89,40.0,29.88,199.0,29.92,7.0,29.93,40.0
1753533700499,12:41:40.499,BANANA/USDT:USDT,29.89,40.0,29.88,199.0,29.92,5.0,29.93,40.0
1753533700751,12:41:40.751,BANANA/USDT:USDT,29.89,40.0,29.88,199.0,29.92,5.0,29.93,40.0
1753533700775,12:41:40.775,BANANA/USDT:USDT,29.89,40.0,29.88,199.0,29.92,5.0,29.93,40.0
1753533702607,12:41:42.607,BANANA/USDT:USDT,29.89,42.0,29.88,199.0,29.92,3.0,29.93,40.0
1753533702675,12:41:42.675,BANANA/USDT:USDT,29.89,42.0,29.88,199.0,29.92,5.0,29.93,40.0
1753533702908,12:41:42.908,BANANA/USDT:USDT,29.89,40.0,29.88,199.0,29.92,5.0,29.93,40.0
1753533703302,12:41:43.302,BANANA/USDT:USDT,29.89,40.0,29.88,199.0,29.92,3.0,29.93,40.0
1753533703564,12:41:43.564,BANANA/USDT:USDT,29.89,40.0,29.88,199.0,29.92,3.0,29.93,40.0
1753533703595,12:41:43.595,BANANA/USDT:USDT,29.89,42.0,29.88,199.0,29.92,5.0,29.93,40.0
1753533705549,12:41:45.549,BANANA/USDT:USDT,29.89,42.0,29.88,199.0,29.92,5.0,29.93,40.0
1753533707654,12:41:47.654,BANANA/USDT:USDT,29.89,40.0,29.88,199.0,29.92,7.0,29.93,40.0
1753533707714,12:41:47.714,BANANA/USDT:USDT,29.89,40.0,29.88,199.0,29.92,7.0,29.93,145.0
1753533707861,12:41:47.861,BANANA/USDT:USDT,29.89,40.0,29.88,199.0,29.92,7.0,29.93,145.0
1753533707938,12:41:47.938,BANANA/USDT:USDT,29.89,40.0,29.88,199.0,29.92,7.0,29.93,145.0
1753533710363,12:41:50.363,BANANA/USDT:USDT,29.89,40.0,29.88,199.0,29.92,6.0,29.93,145.0
1753533715154,12:41:55.154,BANANA/USDT:USDT,29.89,40.0,29.88,199.0,29.92,6.0,29.93,145.0
1753533716402,12:41:56.402,BANANA/USDT:USDT,29.89,40.0,29.88,199.0,29.92,5.0,29.93,145.0
1753533716836,12:41:56.836,BANANA/USDT:USDT,29.89,40.0,29.88,199.0,29.92,7.0,29.93,145.0
1753533717325,12:41:57.325,BANANA/USDT:USDT,29.88,40.0,29.87,889.0,29.92,7.0,29.93,145.0
1753533717799,12:41:57.799,BANANA/USDT:USDT,29.88,40.0,29.87,889.0,29.92,47.0,29.93,145.0
1753533718258,12:41:58.258,BANANA/USDT:USDT,29.87,333.0,29.86,270.0,29.92,147.0,29.93,145.0
1753533718336,12:41:58.336,BANANA/USDT:USDT,29.87,251.0,29.86,469.0,29.92,147.0,29.93,145.0
1753533718745,12:41:58.745,BANANA/USDT:USDT,29.87,251.0,29.86,469.0,29.92,147.0,29.93,145.0
1753533719949,12:41:59.949,BANANA/USDT:USDT,29.87,251.0,29.86,469.0,29.92,147.0,29.93,145.0
1753533720460,12:42:00.460,BANANA/USDT:USDT,29.87,251.0,29.86,469.0,29.92,147.0,29.93,145.0
1753533720556,12:42:00.556,BANANA/USDT:USDT,29.87,251.0,29.86,369.0,29.92,147.0,29.93,145.0
1753533720971,12:42:00.971,BANANA/USDT:USDT,29.87,251.0,29.86,369.0,29.92,147.0,29.93,699.0
1753533720994,12:42:00.994,BANANA/USDT:USDT,29.87,251.0,29.86,369.0,29.92,325.0,29.93,699.0
1753533721685,12:42:01.685,BANANA/USDT:USDT,29.87,251.0,29.86,369.0,29.92,325.0,29.93,699.0
1753533721961,12:42:01.961,BANANA/USDT:USDT,29.87,251.0,29.86,369.0,29.92,325.0,29.93,699.0
1753533722471,12:42:02.471,BANANA/USDT:USDT,29.86,170.0,29.85,638.0,29.91,141.0,29.92,219.0
1753533722535,12:42:02.535,BANANA/USDT:USDT,29.86,170.0,29.85,638.0,29.91,140.0,29.92,219.0
1753533723274,12:42:03.274,BANANA/USDT:USDT,29.86,170.0,29.85,638.0,29.91,140.0,29.92,219.0
1753533723750,12:42:03.750,BANANA/USDT:USDT,29.86,170.0,29.85,638.0,29.9,42.0,29.91,140.0
1753533724098,12:42:04.098,BANANA/USDT:USDT,29.86,170.0,29.85,638.0,29.9,42.0,29.91,140.0
1753533724749,12:42:04.749,BANANA/USDT:USDT,29.86,170.0,29.85,638.0,29.9,42.0,29.91,140.0
1753533725714,12:42:05.714,BANANA/USDT:USDT,29.86,343.0,29.85,638.0,29.9,42.0,29.91,140.0
1753533727971,12:42:07.971,BANANA/USDT:USDT,29.86,343.0,29.85,638.0,29.9,42.0,29.91,40.0
1753533728046,12:42:08.046,BANANA/USDT:USDT,29.86,343.0,29.85,638.0,29.91,40.0,29.92,41.0
1753533728135,12:42:08.135,BANANA/USDT:USDT,29.86,343.0,29.85,638.0,29.91,40.0,29.92,219.0
1753533728319,12:42:08.319,BANANA/USDT:USDT,29.86,343.0,29.85,638.0,29.91,40.0,29.92,219.0
1753533729551,12:42:09.551,BANANA/USDT:USDT,29.86,343.0,29.85,638.0,29.91,40.0,29.92,219.0
1753533729663,12:42:09.663,BANANA/USDT:USDT,29.87,40.0,29.86,343.0,29.91,40.0,29.92,219.0
1753533729758,12:42:09.758,BANANA/USDT:USDT,29.87,40.0,29.86,343.0,29.91,40.0,29.92,219.0
1753533730337,12:42:10.337,BANANA/USDT:USDT,29.87,40.0,29.86,343.0,29.91,40.0,29.92,219.0
1753533732402,12:42:12.402,BANANA/USDT:USDT,29.87,40.0,29.86,343.0,29.91,40.0,29.92,219.0
1753533732597,12:42:12.597,BANANA/USDT:USDT,29.87,40.0,29.86,343.0,29.91,40.0,29.92,219.0
1753533734061,12:42:14.061,BANANA/USDT:USDT,29.87,291.0,29.86,343.0,29.91,40.0,29.92,219.0
1753533734075,12:42:14.075,BANANA/USDT:USDT,29.87,291.0,29.86,343.0,29.91,40.0,29.92,219.0
1753533734219,12:42:14.219,BANANA/USDT:USDT,29.87,291.0,29.86,343.0,29.91,40.0,29.92,219.0
1753533734351,12:42:14.351,BANANA/USDT:USDT,29.87,291.0,29.86,343.0,29.91,40.0,29.92,219.0
1753533738056,12:42:18.056,BANANA/USDT:USDT,29.87,291.0,29.86,343.0,29.91,40.0,29.92,41.0
1753533738171,12:42:18.171,BANANA/USDT:USDT,29.87,291.0,29.86,343.0,29.92,41.0,29.93,796.0
1753533738180,12:42:18.180,BANANA/USDT:USDT,29.87,291.0,29.86,343.0,29.92,151.0,29.93,796.0
1753533738275,12:42:18.275,BANANA/USDT:USDT,29.87,291.0,29.86,343.0,29.92,235.0,29.93,796.0
1753533738656,12:42:18.656,BANANA/USDT:USDT,29.87,291.0,29.86,343.0,29.92,235.0,29.93,796.0
1753533739150,12:42:19.150,BANANA/USDT:USDT,29.87,291.0,29.86,343.0,29.92,235.0,29.93,796.0
1753533739478,12:42:19.478,BANANA/USDT:USDT,29.87,291.0,29.86,343.0,29.92,235.0,29.93,796.0
1753533741045,12:42:21.045,BANANA/USDT:USDT,29.87,291.0,29.86,343.0,29.92,237.0,29.93,796.0
1753533741090,12:42:21.090,BANANA/USDT:USDT,29.87,291.0,29.86,343.0,29.92,237.0,29.93,796.0
1753533742555,12:42:22.555,BANANA/USDT:USDT,29.87,291.0,29.86,343.0,29.92,237.0,29.93,796.0
1753533742580,12:42:22.580,BANANA/USDT:USDT,29.88,121.0,29.87,291.0,29.92,237.0,29.93,796.0
1753533743288,12:42:23.288,BANANA/USDT:USDT,29.88,40.0,29.87,291.0,29.92,235.0,29.93,796.0
1753533743762,12:42:23.762,BANANA/USDT:USDT,29.88,127.0,29.87,291.0,29.92,237.0,29.93,796.0
1753533743950,12:42:23.950,BANANA/USDT:USDT,29.88,127.0,29.87,291.0,29.92,237.0,29.93,796.0
1753533744159,12:42:24.159,BANANA/USDT:USDT,29.88,127.0,29.87,291.0,29.92,235.0,29.93,699.0
1753533744835,12:42:24.835,BANANA/USDT:USDT,29.88,127.0,29.87,291.0,29.92,41.0,29.93,145.0
1753533745744,12:42:25.744,BANANA/USDT:USDT,29.88,127.0,29.87,291.0,29.92,41.0,29.93,145.0
1753533746061,12:42:26.061,BANANA/USDT:USDT,29.88,127.0,29.87,291.0,29.92,41.0,29.93,145.0
