timestamp,time,symbol,bid1_price,bid1_volume,bid2_price,bid2_volume,ask1_price,ask1_volume,ask2_price,ask2_volume
1753533020000,12:30:20.000,AR/USDT:USDT,7.603,3.0,7.602,25.0,7.606,7.0,7.607,1069.0
1753533020179,12:30:20.179,AR/USDT:USDT,7.603,3.0,7.602,25.0,7.606,7.0,7.607,1069.0
1753533020475,12:30:20.475,AR/USDT:USDT,7.603,3.0,7.602,48.0,7.606,7.0,7.607,1046.0
1753533020710,12:30:20.710,AR/USDT:USDT,7.603,3.0,7.602,48.0,7.606,7.0,7.607,1069.0
1753533020975,12:30:20.975,AR/USDT:USDT,7.603,3.0,7.602,48.0,7.606,7.0,7.607,1069.0
1753533021050,12:30:21.050,AR/USDT:USDT,7.603,3.0,7.602,48.0,7.606,7.0,7.607,1069.0
1753533021658,12:30:21.658,AR/USDT:USDT,7.603,3.0,7.602,48.0,7.606,7.0,7.607,1069.0
1753533022198,12:30:22.198,AR/USDT:USDT,7.603,3.0,7.602,48.0,7.606,7.0,7.607,1069.0
1753533022590,12:30:22.590,AR/USDT:USDT,7.603,3.0,7.602,48.0,7.606,7.0,7.607,1069.0
1753533022711,12:30:22.711,AR/USDT:USDT,7.603,3.0,7.602,48.0,7.606,7.0,7.607,1069.0
1753533022976,12:30:22.976,AR/USDT:USDT,7.603,3.0,7.602,493.0,7.606,7.0,7.607,1069.0
1753533023185,12:30:23.185,AR/USDT:USDT,7.603,3.0,7.602,493.0,7.606,7.0,7.607,1069.0
1753533023518,12:30:23.518,AR/USDT:USDT,7.603,3.0,7.602,48.0,7.606,7.0,7.607,1069.0
1753533023675,12:30:23.675,AR/USDT:USDT,7.603,3.0,7.602,48.0,7.606,7.0,7.607,1069.0
1753533023875,12:30:23.875,AR/USDT:USDT,7.603,3.0,7.602,25.0,7.606,7.0,7.607,1069.0
1753533025549,12:30:25.549,AR/USDT:USDT,7.603,3.0,7.602,25.0,7.606,7.0,7.607,1069.0
1753533026769,12:30:26.769,AR/USDT:USDT,7.603,3.0,7.602,25.0,7.606,7.0,7.607,1069.0
1753533027306,12:30:27.306,AR/USDT:USDT,7.603,3.0,7.602,25.0,7.606,7.0,7.607,1069.0
1753533028475,12:30:28.475,AR/USDT:USDT,7.603,3.0,7.602,25.0,7.606,7.0,7.607,1069.0
1753533028497,12:30:28.497,AR/USDT:USDT,7.603,3.0,7.601,1029.0,7.606,7.0,7.607,1069.0
1753533028605,12:30:28.605,AR/USDT:USDT,7.602,49.0,7.601,1029.0,7.606,7.0,7.607,1069.0
1753533028699,12:30:28.699,AR/USDT:USDT,7.602,48.0,7.601,1029.0,7.606,6.0,7.607,1069.0
1753533028832,12:30:28.832,AR/USDT:USDT,7.603,1.0,7.602,48.0,7.606,7.0,7.607,1069.0
1753533029858,12:30:29.858,AR/USDT:USDT,7.603,1.0,7.602,48.0,7.606,7.0,7.607,1069.0
1753533030415,12:30:30.415,AR/USDT:USDT,7.603,1.0,7.602,48.0,7.606,7.0,7.607,1069.0
1753533030873,12:30:30.873,AR/USDT:USDT,7.603,1.0,7.602,48.0,7.606,7.0,7.607,1069.0
1753533031355,12:30:31.355,AR/USDT:USDT,7.603,1.0,7.602,48.0,7.606,7.0,7.607,1069.0
1753533032041,12:30:32.041,AR/USDT:USDT,7.603,1.0,7.602,503.0,7.606,7.0,7.607,1069.0
1753533032390,12:30:32.390,AR/USDT:USDT,7.603,1.0,7.602,503.0,7.606,7.0,7.607,1069.0
1753533033275,12:30:33.275,AR/USDT:USDT,7.603,1.0,7.602,503.0,7.606,7.0,7.607,1069.0
1753533033681,12:30:33.681,AR/USDT:USDT,7.603,1.0,7.602,503.0,7.606,7.0,7.607,1069.0
1753533034090,12:30:34.090,AR/USDT:USDT,7.603,1.0,7.602,2.0,7.605,1069.0,7.606,53.0
1753533034100,12:30:34.100,AR/USDT:USDT,7.602,3.0,7.601,25.0,7.605,1069.0,7.606,46.0
1753533034268,12:30:34.268,AR/USDT:USDT,7.602,3.0,7.599,419.0,7.604,1.0,7.605,1069.0
1753533034336,12:30:34.336,AR/USDT:USDT,7.6,3.0,7.599,419.0,7.604,1030.0,7.605,46.0
1753533034688,12:30:34.688,AR/USDT:USDT,7.6,26.0,7.599,419.0,7.604,1030.0,7.605,46.0
1753533035242,12:30:35.242,AR/USDT:USDT,7.6,26.0,7.599,419.0,7.604,1030.0,7.605,46.0
1753533035538,12:30:35.538,AR/USDT:USDT,7.6,49.0,7.599,419.0,7.604,1030.0,7.605,46.0
1753533036292,12:30:36.292,AR/USDT:USDT,7.6,49.0,7.599,419.0,7.604,1030.0,7.605,46.0
1753533036292,12:30:36.292,AR/USDT:USDT,7.6,49.0,7.599,419.0,7.604,1030.0,7.605,46.0
1753533037274,12:30:37.274,AR/USDT:USDT,7.6,26.0,7.599,419.0,7.604,1030.0,7.605,46.0
1753533037349,12:30:37.349,AR/USDT:USDT,7.6,26.0,7.599,419.0,7.604,1030.0,7.605,46.0
1753533037683,12:30:37.683,AR/USDT:USDT,7.6,26.0,7.599,419.0,7.604,1030.0,7.605,46.0
1753533037701,12:30:37.701,AR/USDT:USDT,7.6,26.0,7.599,419.0,7.604,1030.0,7.605,46.0
1753533037879,12:30:37.879,AR/USDT:USDT,7.6,26.0,7.599,419.0,7.604,1030.0,7.605,46.0
1753533038075,12:30:38.075,AR/USDT:USDT,7.6,26.0,7.599,419.0,7.604,1030.0,7.605,46.0
1753533038271,12:30:38.271,AR/USDT:USDT,7.6,26.0,7.599,419.0,7.604,1030.0,7.605,46.0
1753533038671,12:30:38.671,AR/USDT:USDT,7.6,3.0,7.599,419.0,7.604,1030.0,7.605,46.0
1753533038702,12:30:38.702,AR/USDT:USDT,7.6,3.0,7.599,419.0,7.604,1030.0,7.605,46.0
1753533039880,12:30:39.880,AR/USDT:USDT,7.6,3.0,7.599,394.0,7.603,1069.0,7.604,30.0
1753533039933,12:30:39.933,AR/USDT:USDT,7.6,3.0,7.599,394.0,7.602,1.0,7.603,1069.0
1753533040015,12:30:40.015,AR/USDT:USDT,7.6,3.0,7.599,394.0,7.602,7.0,7.603,1069.0
1753533040351,12:30:40.351,AR/USDT:USDT,7.6,3.0,7.599,394.0,7.602,7.0,7.603,1069.0
1753533040407,12:30:40.407,AR/USDT:USDT,7.6,3.0,7.599,394.0,7.602,7.0,7.603,1069.0
1753533040562,12:30:40.562,AR/USDT:USDT,7.6,3.0,7.599,440.0,7.602,7.0,7.603,1046.0
1753533040690,12:30:40.690,AR/USDT:USDT,7.6,3.0,7.599,440.0,7.602,7.0,7.603,1046.0
1753533041259,12:30:41.259,AR/USDT:USDT,7.6,3.0,7.599,440.0,7.602,7.0,7.603,1069.0
1753533041483,12:30:41.483,AR/USDT:USDT,7.6,3.0,7.599,440.0,7.602,7.0,7.603,1069.0
1753533041567,12:30:41.567,AR/USDT:USDT,7.6,3.0,7.599,440.0,7.602,7.0,7.603,1069.0
1753533041699,12:30:41.699,AR/USDT:USDT,7.6,3.0,7.599,440.0,7.602,7.0,7.603,1069.0
1753533042076,12:30:42.076,AR/USDT:USDT,7.6,3.0,7.599,440.0,7.602,7.0,7.603,1069.0
1753533042206,12:30:42.206,AR/USDT:USDT,7.6,3.0,7.599,440.0,7.602,7.0,7.603,1069.0
1753533042562,12:30:42.562,AR/USDT:USDT,7.6,3.0,7.599,440.0,7.602,7.0,7.603,1046.0
1753533042785,12:30:42.785,AR/USDT:USDT,7.6,3.0,7.599,440.0,7.602,7.0,7.603,1046.0
1753533042875,12:30:42.875,AR/USDT:USDT,7.6,3.0,7.599,440.0,7.602,7.0,7.603,1046.0
1753533043325,12:30:43.325,AR/USDT:USDT,7.6,3.0,7.599,440.0,7.602,7.0,7.603,1069.0
1753533043427,12:30:43.427,AR/USDT:USDT,7.6,3.0,7.599,440.0,7.602,7.0,7.603,1069.0
1753533043550,12:30:43.550,AR/USDT:USDT,7.6,3.0,7.599,394.0,7.602,7.0,7.603,1069.0
1753533043784,12:30:43.784,AR/USDT:USDT,7.6,3.0,7.599,394.0,7.602,7.0,7.603,1069.0
1753533044140,12:30:44.140,AR/USDT:USDT,7.6,3.0,7.599,394.0,7.602,7.0,7.603,1069.0
1753533044255,12:30:44.255,AR/USDT:USDT,7.6,3.0,7.599,394.0,7.602,7.0,7.603,1069.0
1753533044432,12:30:44.432,AR/USDT:USDT,7.6,3.0,7.599,394.0,7.602,7.0,7.603,1069.0
1753533044770,12:30:44.770,AR/USDT:USDT,7.6,3.0,7.599,394.0,7.602,7.0,7.603,1069.0
1753533045384,12:30:45.384,AR/USDT:USDT,7.6,3.0,7.599,394.0,7.602,7.0,7.603,1069.0
1753533045835,12:30:45.835,AR/USDT:USDT,7.6,3.0,7.599,394.0,7.602,7.0,7.603,1069.0
1753533045929,12:30:45.929,AR/USDT:USDT,7.6,3.0,7.597,465.0,7.602,7.0,7.603,1069.0
1753533046007,12:30:46.007,AR/USDT:USDT,7.598,3.0,7.597,465.0,7.602,7.0,7.603,1069.0
1753533046116,12:30:46.116,AR/USDT:USDT,7.598,3.0,7.597,465.0,7.602,1030.0,7.603,46.0
1753533046195,12:30:46.195,AR/USDT:USDT,7.598,3.0,7.597,465.0,7.602,1030.0,7.603,46.0
1753533046416,12:30:46.416,AR/USDT:USDT,7.598,3.0,7.597,465.0,7.602,1030.0,7.603,46.0
1753533046833,12:30:46.833,AR/USDT:USDT,7.598,3.0,7.597,465.0,7.602,1030.0,7.603,46.0
1753533047346,12:30:47.346,AR/USDT:USDT,7.598,3.0,7.597,465.0,7.602,1030.0,7.603,46.0
1753533047676,12:30:47.676,AR/USDT:USDT,7.598,3.0,7.597,465.0,7.602,1030.0,7.603,46.0
1753533047852,12:30:47.852,AR/USDT:USDT,7.598,3.0,7.597,465.0,7.602,1030.0,7.603,46.0
1753533048315,12:30:48.315,AR/USDT:USDT,7.598,3.0,7.597,465.0,7.602,1030.0,7.603,46.0
1753533049592,12:30:49.592,AR/USDT:USDT,7.598,3.0,7.597,465.0,7.602,1030.0,7.603,46.0
1753533050063,12:30:50.063,AR/USDT:USDT,7.598,3.0,7.597,465.0,7.602,1030.0,7.603,46.0
1753533050266,12:30:50.266,AR/USDT:USDT,7.598,49.0,7.597,465.0,7.602,1030.0,7.603,46.0
1753533052812,12:30:52.812,AR/USDT:USDT,7.598,49.0,7.597,465.0,7.602,1030.0,7.603,23.0
1753533053275,12:30:53.275,AR/USDT:USDT,7.598,49.0,7.597,465.0,7.602,1030.0,7.603,23.0
1753533053659,12:30:53.659,AR/USDT:USDT,7.598,49.0,7.597,465.0,7.602,1053.0,7.603,23.0
1753533053709,12:30:53.709,AR/USDT:USDT,7.598,26.0,7.597,465.0,7.602,1053.0,7.603,23.0
1753533055090,12:30:55.090,AR/USDT:USDT,7.598,49.0,7.597,465.0,7.602,1053.0,7.603,23.0
1753533055096,12:30:55.096,AR/USDT:USDT,7.598,49.0,7.597,465.0,7.602,1053.0,7.603,23.0
1753533056438,12:30:56.438,AR/USDT:USDT,7.598,49.0,7.597,465.0,7.602,1053.0,7.603,23.0
1753533056681,12:30:56.681,AR/USDT:USDT,7.598,3.0,7.597,465.0,7.602,1053.0,7.603,23.0
1753533058075,12:30:58.075,AR/USDT:USDT,7.598,3.0,7.597,465.0,7.602,1053.0,7.603,23.0
1753533058854,12:30:58.854,AR/USDT:USDT,7.598,3.0,7.597,465.0,7.602,1053.0,7.603,23.0
1753533059938,12:30:59.938,AR/USDT:USDT,7.598,3.0,7.597,465.0,7.602,1053.0,7.603,23.0
1753533060177,12:31:00.177,AR/USDT:USDT,7.598,3.0,7.597,465.0,7.601,1046.0,7.602,30.0
1753533060226,12:31:00.226,AR/USDT:USDT,7.598,3.0,7.596,817.0,7.6,24.0,7.601,1069.0
1753533060348,12:31:00.348,AR/USDT:USDT,7.597,3.0,7.596,817.0,7.6,23.0,7.601,1069.0
1753533060475,12:31:00.475,AR/USDT:USDT,7.597,3.0,7.596,865.0,7.599,1.0,7.601,1046.0
1753533060582,12:31:00.582,AR/USDT:USDT,7.597,3.0,7.596,48.0,7.6,7.0,7.601,1069.0
1753533060640,12:31:00.640,AR/USDT:USDT,7.597,3.0,7.595,25.0,7.6,681.0,7.601,1069.0
1753533060785,12:31:00.785,AR/USDT:USDT,7.596,3.0,7.594,25.0,7.6,675.0,7.601,1069.0
1753533060875,12:31:00.875,AR/USDT:USDT,7.595,3.0,7.594,25.0,7.599,52.0,7.6,1698.0
1753533060962,12:31:00.962,AR/USDT:USDT,7.595,3.0,7.594,25.0,7.598,1.0,7.599,52.0
1753533061075,12:31:01.075,AR/USDT:USDT,7.595,3.0,7.593,1056.0,7.598,1024.0,7.599,52.0
1753533061133,12:31:01.133,AR/USDT:USDT,7.594,3.0,7.593,1056.0,7.598,1024.0,7.599,46.0
1753533061263,12:31:01.263,AR/USDT:USDT,7.594,3.0,7.593,1056.0,7.597,29.0,7.598,1047.0
1753533061311,12:31:01.311,AR/USDT:USDT,7.594,3.0,7.593,1056.0,7.596,1.0,7.597,23.0
1753533061486,12:31:01.486,AR/USDT:USDT,7.594,3.0,7.593,1031.0,7.596,1.0,7.597,23.0
1753533061496,12:31:01.496,AR/USDT:USDT,7.594,3.0,7.591,25.0,7.596,1.0,7.597,23.0
1753533061876,12:31:01.876,AR/USDT:USDT,7.592,1.0,7.591,48.0,7.596,7.0,7.597,23.0
1753533061900,12:31:01.900,AR/USDT:USDT,7.592,3.0,7.591,48.0,7.596,7.0,7.597,23.0
1753533062015,12:31:02.015,AR/USDT:USDT,7.592,3.0,7.591,48.0,7.596,7.0,7.597,23.0
1753533062276,12:31:02.276,AR/USDT:USDT,7.592,3.0,7.591,48.0,7.596,7.0,7.597,23.0
1753533062521,12:31:02.521,AR/USDT:USDT,7.592,510.0,7.591,23.0,7.596,7.0,7.597,23.0
1753533062875,12:31:02.875,AR/USDT:USDT,7.592,510.0,7.591,23.0,7.596,7.0,7.597,23.0
1753533062895,12:31:02.895,AR/USDT:USDT,7.592,510.0,7.591,23.0,7.596,7.0,7.597,23.0
1753533063011,12:31:03.011,AR/USDT:USDT,7.592,510.0,7.591,23.0,7.596,7.0,7.597,23.0
1753533063213,12:31:03.213,AR/USDT:USDT,7.592,510.0,7.591,23.0,7.596,7.0,7.597,23.0
1753533063565,12:31:03.565,AR/USDT:USDT,7.592,510.0,7.591,23.0,7.596,7.0,7.597,23.0
1753533064311,12:31:04.311,AR/USDT:USDT,7.592,510.0,7.591,23.0,7.596,7.0,7.597,23.0
1753533064460,12:31:04.460,AR/USDT:USDT,7.592,533.0,7.591,118.0,7.596,7.0,7.598,1023.0
1753533064501,12:31:04.501,AR/USDT:USDT,7.592,533.0,7.591,118.0,7.597,7.0,7.598,1023.0
1753533064703,12:31:04.703,AR/USDT:USDT,7.592,533.0,7.591,118.0,7.597,7.0,7.598,1023.0
1753533065538,12:31:05.538,AR/USDT:USDT,7.592,533.0,7.591,118.0,7.597,7.0,7.598,1023.0
1753533065668,12:31:05.668,AR/USDT:USDT,7.592,533.0,7.591,118.0,7.597,7.0,7.598,1023.0
1753533065968,12:31:05.968,AR/USDT:USDT,7.592,533.0,7.591,118.0,7.597,7.0,7.598,1023.0
1753533066115,12:31:06.115,AR/USDT:USDT,7.592,533.0,7.591,118.0,7.597,7.0,7.598,1023.0
1753533066400,12:31:06.400,AR/USDT:USDT,7.592,533.0,7.591,118.0,7.597,7.0,7.598,1023.0
1753533067014,12:31:07.014,AR/USDT:USDT,7.592,533.0,7.591,118.0,7.597,7.0,7.598,1023.0
1753533067471,12:31:07.471,AR/USDT:USDT,7.593,415.0,7.592,903.0,7.597,7.0,7.6,1023.0
1753533067591,12:31:07.591,AR/USDT:USDT,7.598,13.0,7.596,23.0,7.599,7.0,7.601,23.0
1753533067690,12:31:07.690,AR/USDT:USDT,7.598,13.0,7.597,3.0,7.6,7.0,7.601,46.0
1753533067775,12:31:07.775,AR/USDT:USDT,7.598,13.0,7.596,23.0,7.6,7.0,7.601,46.0
1753533067879,12:31:07.879,AR/USDT:USDT,7.598,13.0,7.596,26.0,7.6,7.0,7.601,46.0
1753533068085,12:31:08.085,AR/USDT:USDT,7.598,13.0,7.595,343.0,7.6,7.0,7.601,46.0
1753533068467,12:31:08.467,AR/USDT:USDT,7.598,13.0,7.596,72.0,7.6,7.0,7.602,46.0
1753533068521,12:31:08.521,AR/USDT:USDT,7.598,13.0,7.596,557.0,7.601,7.0,7.602,46.0
1753533068615,12:31:08.615,AR/USDT:USDT,7.599,1.0,7.598,13.0,7.601,7.0,7.602,46.0
1753533068700,12:31:08.700,AR/USDT:USDT,7.599,3.0,7.598,13.0,7.601,7.0,7.602,46.0
1753533068877,12:31:08.877,AR/USDT:USDT,7.599,3.0,7.598,13.0,7.601,7.0,7.602,46.0
1753533068968,12:31:08.968,AR/USDT:USDT,7.599,3.0,7.598,13.0,7.601,7.0,7.602,46.0
1753533069077,12:31:09.077,AR/USDT:USDT,7.599,3.0,7.598,13.0,7.601,7.0,7.602,46.0
1753533069298,12:31:09.298,AR/USDT:USDT,7.599,3.0,7.598,13.0,7.601,7.0,7.603,1023.0
1753533069428,12:31:09.428,AR/USDT:USDT,7.599,3.0,7.598,13.0,7.602,7.0,7.603,1046.0
1753533070211,12:31:10.211,AR/USDT:USDT,7.599,3.0,7.598,62.0,7.602,7.0,7.603,1069.0
1753533070488,12:31:10.488,AR/USDT:USDT,7.599,3.0,7.598,39.0,7.602,7.0,7.603,1069.0
1753533070540,12:31:10.540,AR/USDT:USDT,7.599,3.0,7.598,39.0,7.602,7.0,7.603,1069.0
1753533070909,12:31:10.909,AR/USDT:USDT,7.599,3.0,7.598,39.0,7.602,7.0,7.603,1069.0
1753533071057,12:31:11.057,AR/USDT:USDT,7.599,3.0,7.598,39.0,7.602,7.0,7.603,1069.0
1753533071334,12:31:11.334,AR/USDT:USDT,7.599,3.0,7.598,39.0,7.602,7.0,7.603,1069.0
1753533071886,12:31:11.886,AR/USDT:USDT,7.599,3.0,7.598,39.0,7.602,7.0,7.603,1069.0
1753533071895,12:31:11.895,AR/USDT:USDT,7.599,3.0,7.598,39.0,7.602,7.0,7.603,1069.0
1753533072114,12:31:12.114,AR/USDT:USDT,7.599,3.0,7.598,39.0,7.602,7.0,7.603,1069.0
1753533072476,12:31:12.476,AR/USDT:USDT,7.599,3.0,7.598,39.0,7.602,7.0,7.603,1069.0
1753533072821,12:31:12.821,AR/USDT:USDT,7.599,3.0,7.598,39.0,7.602,7.0,7.603,1069.0
1753533075410,12:31:15.410,AR/USDT:USDT,7.599,3.0,7.598,39.0,7.602,7.0,7.603,1069.0
1753533076056,12:31:16.056,AR/USDT:USDT,7.599,3.0,7.598,39.0,7.602,7.0,7.603,1069.0
1753533076310,12:31:16.310,AR/USDT:USDT,7.599,3.0,7.598,39.0,7.602,7.0,7.603,1069.0
1753533076511,12:31:16.511,AR/USDT:USDT,7.599,3.0,7.598,39.0,7.602,7.0,7.603,1069.0
1753533077276,12:31:17.276,AR/USDT:USDT,7.599,3.0,7.598,39.0,7.602,7.0,7.603,1069.0
1753533077295,12:31:17.295,AR/USDT:USDT,7.599,3.0,7.598,39.0,7.602,7.0,7.603,1069.0
1753533077786,12:31:17.786,AR/USDT:USDT,7.599,3.0,7.598,85.0,7.602,7.0,7.603,1069.0
1753533077810,12:31:17.810,AR/USDT:USDT,7.599,3.0,7.598,62.0,7.602,7.0,7.603,1069.0
1753533077989,12:31:17.989,AR/USDT:USDT,7.599,3.0,7.598,85.0,7.602,7.0,7.603,1023.0
1753533078091,12:31:18.091,AR/USDT:USDT,7.599,502.0,7.598,85.0,7.602,7.0,7.604,1023.0
1753533078177,12:31:18.177,AR/USDT:USDT,7.599,3.0,7.598,85.0,7.602,7.0,7.604,1023.0
1753533078238,12:31:18.238,AR/USDT:USDT,7.599,29.0,7.598,59.0,7.602,7.0,7.604,1023.0
1753533078420,12:31:18.420,AR/USDT:USDT,7.599,3.0,7.598,85.0,7.602,7.0,7.604,1023.0
1753533078742,12:31:18.742,AR/USDT:USDT,7.599,3.0,7.598,85.0,7.602,6.0,7.603,1.0
1753533078804,12:31:18.804,AR/USDT:USDT,7.599,3.0,7.598,85.0,7.603,7.0,7.604,1023.0
1753533078916,12:31:18.916,AR/USDT:USDT,7.599,3.0,7.598,85.0,7.603,7.0,7.604,1023.0
1753533079026,12:31:19.026,AR/USDT:USDT,7.599,3.0,7.598,85.0,7.603,7.0,7.604,1023.0
1753533080538,12:31:20.538,AR/USDT:USDT,7.599,3.0,7.598,85.0,7.603,7.0,7.604,1023.0
1753533081031,12:31:21.031,AR/USDT:USDT,7.599,3.0,7.598,85.0,7.603,7.0,7.604,1023.0
1753533081626,12:31:21.626,AR/USDT:USDT,7.599,3.0,7.598,85.0,7.603,7.0,7.604,1023.0
1753533082077,12:31:22.077,AR/USDT:USDT,7.599,3.0,7.598,85.0,7.603,7.0,7.604,1023.0
1753533082284,12:31:22.284,AR/USDT:USDT,7.599,3.0,7.598,39.0,7.603,53.0,7.604,1023.0
1753533082334,12:31:22.334,AR/USDT:USDT,7.599,3.0,7.598,39.0,7.603,53.0,7.604,1023.0
1753533082453,12:31:22.453,AR/USDT:USDT,7.599,3.0,7.598,39.0,7.603,53.0,7.604,1023.0
1753533082641,12:31:22.641,AR/USDT:USDT,7.599,3.0,7.598,39.0,7.603,53.0,7.604,1023.0
1753533082875,12:31:22.875,AR/USDT:USDT,7.599,3.0,7.598,39.0,7.603,53.0,7.604,1023.0
1753533083482,12:31:23.482,AR/USDT:USDT,7.599,3.0,7.598,39.0,7.603,53.0,7.604,1023.0
1753533084436,12:31:24.436,AR/USDT:USDT,7.599,3.0,7.598,39.0,7.603,53.0,7.604,1023.0
1753533084766,12:31:24.766,AR/USDT:USDT,7.599,52.0,7.598,13.0,7.603,7.0,7.604,1023.0
1753533084875,12:31:24.875,AR/USDT:USDT,7.599,75.0,7.598,13.0,7.603,7.0,7.604,1023.0
1753533084919,12:31:24.919,AR/USDT:USDT,7.599,75.0,7.598,13.0,7.603,7.0,7.604,1023.0
1753533086686,12:31:26.686,AR/USDT:USDT,7.599,75.0,7.598,13.0,7.603,1053.0,7.606,96.0
1753533086730,12:31:26.730,AR/USDT:USDT,7.599,75.0,7.598,13.0,7.603,7.0,7.605,1023.0
1753533086876,12:31:26.876,AR/USDT:USDT,7.599,75.0,7.598,13.0,7.604,7.0,7.605,1023.0
1753533086921,12:31:26.921,AR/USDT:USDT,7.599,75.0,7.598,13.0,7.604,53.0,7.605,1023.0
1753533087073,12:31:27.073,AR/USDT:USDT,7.599,75.0,7.598,13.0,7.604,53.0,7.605,1023.0
1753533088454,12:31:28.454,AR/USDT:USDT,7.599,75.0,7.598,13.0,7.604,53.0,7.605,1023.0
1753533088691,12:31:28.691,AR/USDT:USDT,7.599,75.0,7.598,13.0,7.604,53.0,7.605,1023.0
1753533088735,12:31:28.735,AR/USDT:USDT,7.599,75.0,7.598,13.0,7.604,53.0,7.605,1023.0
1753533089267,12:31:29.267,AR/USDT:USDT,7.599,29.0,7.598,13.0,7.604,53.0,7.605,1023.0
1753533091680,12:31:31.680,AR/USDT:USDT,7.599,29.0,7.598,13.0,7.604,53.0,7.605,1023.0
1753533091920,12:31:31.920,AR/USDT:USDT,7.599,29.0,7.598,13.0,7.604,53.0,7.605,1023.0
1753533092175,12:31:32.175,AR/USDT:USDT,7.599,29.0,7.598,13.0,7.604,1076.0,7.607,1845.0
1753533093672,12:31:33.672,AR/USDT:USDT,7.599,75.0,7.598,13.0,7.604,1053.0,7.607,1845.0
1753533093766,12:31:33.766,AR/USDT:USDT,7.599,75.0,7.598,13.0,7.604,1030.0,7.607,613.0
1753533093881,12:31:33.881,AR/USDT:USDT,7.599,172.0,7.598,13.0,7.61,1023.0,7.611,97.0
1753533093990,12:31:33.990,AR/USDT:USDT,7.6,6.0,7.599,172.0,7.608,674.0,7.609,462.0
1753533094090,12:31:34.090,AR/USDT:USDT,7.6,510.0,7.599,146.0,7.608,674.0,7.609,462.0
1753533094115,12:31:34.115,AR/USDT:USDT,7.601,3.0,7.6,510.0,7.608,674.0,7.609,462.0
1753533094375,12:31:34.375,AR/USDT:USDT,7.601,3.0,7.6,510.0,7.608,674.0,7.609,462.0
1753533094558,12:31:34.558,AR/USDT:USDT,7.601,3.0,7.6,510.0,7.608,674.0,7.61,1540.0
1753533095015,12:31:35.015,AR/USDT:USDT,7.601,3.0,7.6,510.0,7.608,674.0,7.61,1540.0
1753533095176,12:31:35.176,AR/USDT:USDT,7.601,3.0,7.6,510.0,7.608,674.0,7.61,1540.0
1753533095195,12:31:35.195,AR/USDT:USDT,7.601,3.0,7.6,510.0,7.608,674.0,7.61,1540.0
1753533095355,12:31:35.355,AR/USDT:USDT,7.601,3.0,7.6,510.0,7.608,674.0,7.61,1540.0
1753533095468,12:31:35.468,AR/USDT:USDT,7.601,3.0,7.6,510.0,7.608,674.0,7.61,1540.0
1753533096211,12:31:36.211,AR/USDT:USDT,7.601,3.0,7.6,510.0,7.608,674.0,7.61,1540.0
1753533097063,12:31:37.063,AR/USDT:USDT,7.601,3.0,7.6,510.0,7.608,674.0,7.61,1540.0
1753533097221,12:31:37.221,AR/USDT:USDT,7.601,3.0,7.6,510.0,7.608,674.0,7.61,1540.0
1753533097677,12:31:37.677,AR/USDT:USDT,7.601,3.0,7.6,510.0,7.608,674.0,7.61,1540.0
1753533097695,12:31:37.695,AR/USDT:USDT,7.601,3.0,7.6,510.0,7.608,674.0,7.61,1540.0
1753533098048,12:31:38.048,AR/USDT:USDT,7.601,3.0,7.6,510.0,7.608,674.0,7.61,1540.0
1753533098176,12:31:38.176,AR/USDT:USDT,7.601,3.0,7.6,510.0,7.608,674.0,7.61,1540.0
1753533099375,12:31:39.375,AR/USDT:USDT,7.601,3.0,7.6,510.0,7.608,674.0,7.61,1540.0
1753533099713,12:31:39.713,AR/USDT:USDT,7.601,3.0,7.6,510.0,7.608,674.0,7.61,1540.0
1753533100223,12:31:40.223,AR/USDT:USDT,7.601,3.0,7.6,510.0,7.608,674.0,7.61,1540.0
1753533101474,12:31:41.474,AR/USDT:USDT,7.601,3.0,7.6,510.0,7.608,674.0,7.61,1540.0
1753533102477,12:31:42.477,AR/USDT:USDT,7.601,3.0,7.6,510.0,7.608,674.0,7.61,1540.0
1753533102803,12:31:42.803,AR/USDT:USDT,7.601,3.0,7.6,510.0,7.608,674.0,7.61,1540.0
1753533102989,12:31:42.989,AR/USDT:USDT,7.601,3.0,7.6,510.0,7.608,674.0,7.61,1540.0
1753533103115,12:31:43.115,AR/USDT:USDT,7.601,3.0,7.6,510.0,7.608,674.0,7.61,1540.0
1753533105298,12:31:45.298,AR/USDT:USDT,7.601,3.0,7.6,510.0,7.608,674.0,7.61,1540.0
1753533105575,12:31:45.575,AR/USDT:USDT,7.602,486.0,7.601,95.0,7.611,1023.0,7.612,3431.0
1753533105678,12:31:45.678,AR/USDT:USDT,7.603,9.0,7.602,420.0,7.612,4454.0,7.613,517.0
1753533105755,12:31:45.755,AR/USDT:USDT,7.603,9.0,7.602,420.0,7.612,4454.0,7.613,517.0
1753533105892,12:31:45.892,AR/USDT:USDT,7.603,9.0,7.602,420.0,7.612,4454.0,7.613,517.0
1753533105919,12:31:45.919,AR/USDT:USDT,7.603,9.0,7.602,420.0,7.612,4454.0,7.613,517.0
1753533106232,12:31:46.232,AR/USDT:USDT,7.603,9.0,7.602,420.0,7.612,4454.0,7.613,517.0
1753533106535,12:31:46.535,AR/USDT:USDT,7.603,9.0,7.602,420.0,7.612,4454.0,7.613,517.0
1753533106689,12:31:46.689,AR/USDT:USDT,7.603,9.0,7.602,420.0,7.612,4454.0,7.613,609.0
1753533107007,12:31:47.007,AR/USDT:USDT,7.603,9.0,7.602,420.0,7.612,4454.0,7.613,609.0
1753533107277,12:31:47.277,AR/USDT:USDT,7.603,9.0,7.602,420.0,7.612,4454.0,7.613,609.0
1753533107484,12:31:47.484,AR/USDT:USDT,7.603,35.0,7.602,394.0,7.611,473.0,7.612,4454.0
1753533107578,12:31:47.578,AR/USDT:USDT,7.603,35.0,7.602,394.0,7.611,473.0,7.612,4454.0
1753533107655,12:31:47.655,AR/USDT:USDT,7.603,101.0,7.602,394.0,7.611,473.0,7.612,4454.0
1753533107718,12:31:47.718,AR/USDT:USDT,7.603,35.0,7.602,394.0,7.611,46.0,7.612,4454.0
1753533107860,12:31:47.860,AR/USDT:USDT,7.603,9.0,7.602,420.0,7.61,1023.0,7.611,563.0
1753533107976,12:31:47.976,AR/USDT:USDT,7.603,9.0,7.602,420.0,7.611,2031.0,7.612,3431.0
1753533108076,12:31:48.076,AR/USDT:USDT,7.603,9.0,7.602,420.0,7.611,2560.0,7.612,3431.0
1753533108157,12:31:48.157,AR/USDT:USDT,7.603,9.0,7.602,420.0,7.611,2560.0,7.612,3431.0
1753533108279,12:31:48.279,AR/USDT:USDT,7.603,9.0,7.602,420.0,7.611,2560.0,7.612,3431.0
1753533108342,12:31:48.342,AR/USDT:USDT,7.603,9.0,7.602,420.0,7.611,2560.0,7.612,3431.0
1753533108490,12:31:48.490,AR/USDT:USDT,7.603,9.0,7.602,420.0,7.611,2560.0,7.612,3431.0
1753533108686,12:31:48.686,AR/USDT:USDT,7.603,9.0,7.602,420.0,7.611,2560.0,7.612,3431.0
1753533108773,12:31:48.773,AR/USDT:USDT,7.603,9.0,7.602,420.0,7.611,2560.0,7.612,3431.0
1753533108820,12:31:48.820,AR/USDT:USDT,7.603,9.0,7.602,420.0,7.611,2560.0,7.612,3431.0
1753533109063,12:31:49.063,AR/USDT:USDT,7.603,9.0,7.602,420.0,7.611,2560.0,7.612,3431.0
1753533109094,12:31:49.094,AR/USDT:USDT,7.603,9.0,7.602,420.0,7.611,2560.0,7.612,3431.0
1753533109287,12:31:49.287,AR/USDT:USDT,7.603,9.0,7.602,420.0,7.611,2560.0,7.612,3431.0
1753533109391,12:31:49.391,AR/USDT:USDT,7.603,9.0,7.602,420.0,7.611,2560.0,7.612,3431.0
1753533109446,12:31:49.446,AR/USDT:USDT,7.603,9.0,7.602,420.0,7.611,2560.0,7.612,3431.0
1753533109679,12:31:49.679,AR/USDT:USDT,7.603,9.0,7.602,420.0,7.611,2560.0,7.612,3431.0
1753533109753,12:31:49.753,AR/USDT:USDT,7.603,9.0,7.602,420.0,7.611,2560.0,7.612,3431.0
1753533109936,12:31:49.936,AR/USDT:USDT,7.603,9.0,7.602,420.0,7.611,2560.0,7.612,3431.0
1753533110087,12:31:50.087,AR/USDT:USDT,7.603,9.0,7.602,420.0,7.611,2560.0,7.612,3431.0
1753533110207,12:31:50.207,AR/USDT:USDT,7.603,9.0,7.602,420.0,7.611,2560.0,7.612,3431.0
1753533110659,12:31:50.659,AR/USDT:USDT,7.603,9.0,7.602,420.0,7.611,2560.0,7.612,3431.0
1753533111164,12:31:51.164,AR/USDT:USDT,7.603,9.0,7.602,420.0,7.611,2560.0,7.612,3431.0
1753533111285,12:31:51.285,AR/USDT:USDT,7.603,9.0,7.602,420.0,7.61,1023.0,7.611,1537.0
1753533111389,12:31:51.389,AR/USDT:USDT,7.603,9.0,7.602,420.0,7.61,1023.0,7.611,1537.0
1753533111493,12:31:51.493,AR/USDT:USDT,7.603,9.0,7.602,420.0,7.61,1023.0,7.611,1537.0
1753533111535,12:31:51.535,AR/USDT:USDT,7.603,9.0,7.602,420.0,7.61,1023.0,7.611,1537.0
1753533111920,12:31:51.920,AR/USDT:USDT,7.603,9.0,7.602,420.0,7.61,1023.0,7.611,1537.0
1753533112077,12:31:52.077,AR/USDT:USDT,7.603,9.0,7.602,420.0,7.61,1023.0,7.611,1537.0
1753533112141,12:31:52.141,AR/USDT:USDT,7.603,9.0,7.602,420.0,7.61,1023.0,7.611,1537.0
1753533112213,12:31:52.213,AR/USDT:USDT,7.603,9.0,7.602,420.0,7.61,1023.0,7.611,1537.0
1753533113159,12:31:53.159,AR/USDT:USDT,7.603,9.0,7.602,420.0,7.61,1023.0,7.611,1537.0
1753533116284,12:31:56.284,AR/USDT:USDT,7.603,9.0,7.602,420.0,7.61,1023.0,7.611,1537.0
1753533116481,12:31:56.481,AR/USDT:USDT,7.603,9.0,7.602,394.0,7.608,720.0,7.609,23.0
1753533116498,12:31:56.498,AR/USDT:USDT,7.603,9.0,7.602,394.0,7.608,1743.0,7.609,23.0
1753533116621,12:31:56.621,AR/USDT:USDT,7.603,9.0,7.602,394.0,7.608,1743.0,7.609,23.0
1753533116878,12:31:56.878,AR/USDT:USDT,7.603,9.0,7.602,394.0,7.608,1743.0,7.609,23.0
1753533118917,12:31:58.917,AR/USDT:USDT,7.603,9.0,7.602,394.0,7.608,1743.0,7.609,23.0
1753533119056,12:31:59.056,AR/USDT:USDT,7.603,9.0,7.602,394.0,7.608,1743.0,7.609,23.0
1753533119536,12:31:59.536,AR/USDT:USDT,7.603,9.0,7.602,394.0,7.607,1023.0,7.608,720.0
1753533119677,12:31:59.677,AR/USDT:USDT,7.603,9.0,7.602,394.0,7.607,1540.0,7.608,720.0
1753533119775,12:31:59.775,AR/USDT:USDT,7.603,9.0,7.601,26.0,7.607,1540.0,7.608,720.0
1753533119878,12:31:59.878,AR/USDT:USDT,7.602,9.0,7.601,26.0,7.607,1540.0,7.608,720.0
1753533119944,12:31:59.944,AR/USDT:USDT,7.602,9.0,7.6,504.0,7.607,1540.0,7.608,720.0
1753533120007,12:32:00.007,AR/USDT:USDT,7.601,9.0,7.6,504.0,7.607,1540.0,7.608,720.0
1753533120174,12:32:00.174,AR/USDT:USDT,7.601,9.0,7.599,26.0,7.607,1540.0,7.608,720.0
1753533120203,12:32:00.203,AR/USDT:USDT,7.6,9.0,7.599,26.0,7.607,1540.0,7.608,720.0
1753533120296,12:32:00.296,AR/USDT:USDT,7.6,9.0,7.599,26.0,7.607,1540.0,7.608,720.0
1753533120616,12:32:00.616,AR/USDT:USDT,7.6,9.0,7.599,26.0,7.607,1540.0,7.608,720.0
1753533120715,12:32:00.715,AR/USDT:USDT,7.6,9.0,7.599,26.0,7.607,1540.0,7.608,720.0
1753533121136,12:32:01.136,AR/USDT:USDT,7.6,9.0,7.599,26.0,7.607,1540.0,7.608,720.0
1753533121578,12:32:01.578,AR/USDT:USDT,7.6,9.0,7.598,39.0,7.606,1069.0,7.607,612.0
1753533121677,12:32:01.677,AR/USDT:USDT,7.599,9.0,7.598,39.0,7.606,1069.0,7.607,612.0
1753533121697,12:32:01.697,AR/USDT:USDT,7.599,9.0,7.598,39.0,7.605,1023.0,7.606,46.0
1753533121835,12:32:01.835,AR/USDT:USDT,7.599,9.0,7.598,39.0,7.605,1023.0,7.606,46.0
1753533121954,12:32:01.954,AR/USDT:USDT,7.599,9.0,7.598,39.0,7.605,1023.0,7.606,46.0
1753533122478,12:32:02.478,AR/USDT:USDT,7.599,9.0,7.598,39.0,7.605,1023.0,7.606,46.0
1753533122497,12:32:02.497,AR/USDT:USDT,7.599,9.0,7.598,39.0,7.605,1023.0,7.606,46.0
1753533122778,12:32:02.778,AR/USDT:USDT,7.599,9.0,7.598,39.0,7.605,1023.0,7.606,46.0
1753533122904,12:32:02.904,AR/USDT:USDT,7.599,9.0,7.598,39.0,7.605,1023.0,7.606,141.0
1753533123263,12:32:03.263,AR/USDT:USDT,7.599,9.0,7.598,39.0,7.605,1023.0,7.606,141.0
1753533123676,12:32:03.676,AR/USDT:USDT,7.599,9.0,7.598,39.0,7.605,1023.0,7.606,141.0
1753533123876,12:32:03.876,AR/USDT:USDT,7.599,32.0,7.598,39.0,7.605,1023.0,7.606,141.0
1753533123963,12:32:03.963,AR/USDT:USDT,7.599,32.0,7.598,39.0,7.605,1023.0,7.606,141.0
1753533124079,12:32:04.079,AR/USDT:USDT,7.599,9.0,7.598,39.0,7.605,1023.0,7.606,141.0
1753533124188,12:32:04.188,AR/USDT:USDT,7.599,9.0,7.598,39.0,7.605,1023.0,7.606,141.0
1753533125063,12:32:05.063,AR/USDT:USDT,7.599,9.0,7.598,39.0,7.605,1023.0,7.606,141.0
1753533125217,12:32:05.217,AR/USDT:USDT,7.599,9.0,7.598,39.0,7.605,1023.0,7.606,141.0
1753533126031,12:32:06.031,AR/USDT:USDT,7.599,9.0,7.598,39.0,7.605,1023.0,7.606,141.0
1753533126477,12:32:06.477,AR/USDT:USDT,7.599,9.0,7.598,39.0,7.605,1023.0,7.606,141.0
1753533126502,12:32:06.502,AR/USDT:USDT,7.599,9.0,7.598,39.0,7.605,1023.0,7.606,141.0
1753533127272,12:32:07.272,AR/USDT:USDT,7.599,9.0,7.598,39.0,7.605,1023.0,7.606,141.0
1753533127784,12:32:07.784,AR/USDT:USDT,7.599,9.0,7.598,39.0,7.605,1023.0,7.606,141.0
1753533128294,12:32:08.294,AR/USDT:USDT,7.599,9.0,7.598,39.0,7.605,1023.0,7.606,141.0
1753533128576,12:32:08.576,AR/USDT:USDT,7.599,9.0,7.598,39.0,7.605,1540.0,7.606,1102.0
1753533131277,12:32:11.277,AR/USDT:USDT,7.599,9.0,7.598,39.0,7.605,1540.0,7.606,1102.0
1753533131663,12:32:11.663,AR/USDT:USDT,7.599,9.0,7.598,39.0,7.605,1540.0,7.606,1102.0
1753533131855,12:32:11.855,AR/USDT:USDT,7.599,9.0,7.598,39.0,7.605,1540.0,7.606,1102.0
1753533131895,12:32:11.895,AR/USDT:USDT,7.599,9.0,7.598,39.0,7.605,1540.0,7.606,1102.0
1753533133015,12:32:13.015,AR/USDT:USDT,7.599,9.0,7.598,39.0,7.605,1540.0,7.606,1102.0
1753533133279,12:32:13.279,AR/USDT:USDT,7.599,9.0,7.598,39.0,7.605,1540.0,7.606,1102.0
1753533134564,12:32:14.564,AR/USDT:USDT,7.599,9.0,7.598,39.0,7.605,1540.0,7.606,1102.0
1753533134636,12:32:14.636,AR/USDT:USDT,7.599,9.0,7.598,39.0,7.605,1540.0,7.606,1102.0
1753533134723,12:32:14.723,AR/USDT:USDT,7.599,9.0,7.598,39.0,7.605,1540.0,7.606,1102.0
1753533135007,12:32:15.007,AR/USDT:USDT,7.599,9.0,7.598,39.0,7.605,1540.0,7.606,1102.0
1753533135639,12:32:15.639,AR/USDT:USDT,7.599,9.0,7.598,13.0,7.604,1069.0,7.605,517.0
1753533135715,12:32:15.715,AR/USDT:USDT,7.599,9.0,7.598,13.0,7.603,1023.0,7.604,46.0
1753533135987,12:32:15.987,AR/USDT:USDT,7.599,9.0,7.598,13.0,7.603,1023.0,7.604,46.0
1753533136077,12:32:16.077,AR/USDT:USDT,7.599,9.0,7.598,36.0,7.603,1023.0,7.604,46.0
1753533136135,12:32:16.135,AR/USDT:USDT,7.599,9.0,7.598,36.0,7.603,1023.0,7.604,46.0
1753533136928,12:32:16.928,AR/USDT:USDT,7.599,9.0,7.598,13.0,7.603,1023.0,7.604,46.0
1753533137360,12:32:17.360,AR/USDT:USDT,7.599,9.0,7.598,13.0,7.603,1023.0,7.604,46.0
1753533138980,12:32:18.980,AR/USDT:USDT,7.599,9.0,7.598,59.0,7.603,1023.0,7.604,23.0
1753533138995,12:32:18.995,AR/USDT:USDT,7.599,9.0,7.598,59.0,7.603,1023.0,7.604,23.0
1753533139383,12:32:19.383,AR/USDT:USDT,7.599,9.0,7.598,59.0,7.603,1023.0,7.604,23.0
1753533140009,12:32:20.009,AR/USDT:USDT,7.599,9.0,7.598,59.0,7.603,1023.0,7.604,23.0
1753533140107,12:32:20.107,AR/USDT:USDT,7.599,9.0,7.598,59.0,7.603,1023.0,7.604,46.0
1753533140877,12:32:20.877,AR/USDT:USDT,7.599,9.0,7.598,59.0,7.603,1023.0,7.604,46.0
1753533140895,12:32:20.895,AR/USDT:USDT,7.599,9.0,7.598,59.0,7.603,1023.0,7.604,46.0
1753533141259,12:32:21.259,AR/USDT:USDT,7.599,9.0,7.598,13.0,7.603,1023.0,7.604,46.0
1753533141407,12:32:21.407,AR/USDT:USDT,7.599,9.0,7.598,13.0,7.603,1023.0,7.604,46.0
1753533142031,12:32:22.031,AR/USDT:USDT,7.599,9.0,7.598,13.0,7.603,1023.0,7.604,46.0
1753533142252,12:32:22.252,AR/USDT:USDT,7.599,9.0,7.598,13.0,7.603,1023.0,7.604,46.0
1753533143040,12:32:23.040,AR/USDT:USDT,7.599,9.0,7.598,13.0,7.603,1023.0,7.604,46.0
1753533143222,12:32:23.222,AR/USDT:USDT,7.599,9.0,7.598,13.0,7.603,1023.0,7.604,46.0
1753533143431,12:32:23.431,AR/USDT:USDT,7.599,9.0,7.598,13.0,7.603,1023.0,7.604,46.0
1753533144022,12:32:24.022,AR/USDT:USDT,7.599,9.0,7.598,13.0,7.603,1023.0,7.604,46.0
1753533144291,12:32:24.291,AR/USDT:USDT,7.599,9.0,7.598,13.0,7.603,1023.0,7.604,46.0
1753533144295,12:32:24.295,AR/USDT:USDT,7.599,9.0,7.598,13.0,7.603,1023.0,7.604,46.0
1753533145070,12:32:25.070,AR/USDT:USDT,7.599,9.0,7.598,13.0,7.603,1023.0,7.604,46.0
1753533145679,12:32:25.679,AR/USDT:USDT,7.599,9.0,7.598,13.0,7.603,1023.0,7.604,46.0
1753533146003,12:32:26.003,AR/USDT:USDT,7.599,9.0,7.598,13.0,7.603,1023.0,7.604,46.0
1753533147199,12:32:27.199,AR/USDT:USDT,7.599,9.0,7.598,13.0,7.603,1023.0,7.604,46.0
1753533148435,12:32:28.435,AR/USDT:USDT,7.599,9.0,7.598,13.0,7.603,1023.0,7.604,140.0
1753533148783,12:32:28.783,AR/USDT:USDT,7.599,9.0,7.598,13.0,7.601,720.0,7.602,46.0
1753533148798,12:32:28.798,AR/USDT:USDT,7.599,9.0,7.598,13.0,7.601,1743.0,7.602,46.0
1753533149075,12:32:29.075,AR/USDT:USDT,7.599,9.0,7.598,13.0,7.601,1743.0,7.602,46.0
1753533149496,12:32:29.496,AR/USDT:USDT,7.599,9.0,7.598,13.0,7.601,1069.0,7.602,46.0
1753533149936,12:32:29.936,AR/USDT:USDT,7.599,9.0,7.598,13.0,7.601,1069.0,7.602,46.0
1753533150253,12:32:30.253,AR/USDT:USDT,7.599,9.0,7.598,13.0,7.601,1023.0,7.603,3353.0
1753533150479,12:32:30.479,AR/USDT:USDT,7.599,9.0,7.598,13.0,7.601,1023.0,7.603,3353.0
1753533150741,12:32:30.741,AR/USDT:USDT,7.599,9.0,7.598,13.0,7.601,1023.0,7.602,23.0
1753533151948,12:32:31.948,AR/USDT:USDT,7.599,9.0,7.598,13.0,7.601,1046.0,7.602,46.0
1753533152488,12:32:32.488,AR/USDT:USDT,7.599,9.0,7.598,13.0,7.601,1046.0,7.602,46.0
1753533152495,12:32:32.495,AR/USDT:USDT,7.599,9.0,7.598,13.0,7.601,1046.0,7.602,46.0
1753533154290,12:32:34.290,AR/USDT:USDT,7.599,9.0,7.598,13.0,7.6,1023.0,7.601,23.0
1753533154320,12:32:34.320,AR/USDT:USDT,7.599,2.0,7.598,13.0,7.6,1046.0,7.601,46.0
1753533154675,12:32:34.675,AR/USDT:USDT,7.599,2.0,7.598,13.0,7.6,1046.0,7.601,46.0
1753533154700,12:32:34.700,AR/USDT:USDT,7.599,2.0,7.598,13.0,7.6,1046.0,7.601,46.0
1753533155008,12:32:35.008,AR/USDT:USDT,7.599,2.0,7.598,13.0,7.6,1046.0,7.601,46.0
1753533155283,12:32:35.283,AR/USDT:USDT,7.599,2.0,7.598,13.0,7.6,1046.0,7.601,46.0
1753533155576,12:32:35.576,AR/USDT:USDT,7.598,13.0,7.592,1603.0,7.6,1046.0,7.601,720.0
1753533155678,12:32:35.678,AR/USDT:USDT,7.598,13.0,7.592,1603.0,7.6,1046.0,7.601,720.0
1753533155887,12:32:35.887,AR/USDT:USDT,7.598,13.0,7.592,1603.0,7.6,1046.0,7.601,720.0
1753533155931,12:32:35.931,AR/USDT:USDT,7.598,13.0,7.592,1603.0,7.6,1046.0,7.601,720.0
1753533156330,12:32:36.330,AR/USDT:USDT,7.598,13.0,7.594,533.0,7.6,1046.0,7.601,720.0
1753533156427,12:32:36.427,AR/USDT:USDT,7.598,13.0,7.594,533.0,7.6,1023.0,7.601,674.0
1753533156545,12:32:36.545,AR/USDT:USDT,7.598,13.0,7.594,533.0,7.6,1023.0,7.601,697.0
1753533158550,12:32:38.550,AR/USDT:USDT,7.598,13.0,7.594,533.0,7.6,1023.0,7.601,720.0
1753533158737,12:32:38.737,AR/USDT:USDT,7.598,13.0,7.594,533.0,7.6,1023.0,7.601,720.0
1753533158837,12:32:38.837,AR/USDT:USDT,7.598,13.0,7.594,533.0,7.6,1023.0,7.601,720.0
1753533159237,12:32:39.237,AR/USDT:USDT,7.598,13.0,7.594,533.0,7.6,1023.0,7.601,720.0
1753533159743,12:32:39.743,AR/USDT:USDT,7.598,13.0,7.594,533.0,7.6,1023.0,7.601,720.0
1753533160079,12:32:40.079,AR/USDT:USDT,7.598,13.0,7.594,533.0,7.6,1023.0,7.601,720.0
1753533160521,12:32:40.521,AR/USDT:USDT,7.598,13.0,7.594,533.0,7.6,1023.0,7.601,720.0
1753533161587,12:32:41.587,AR/USDT:USDT,7.598,13.0,7.594,533.0,7.6,1023.0,7.601,720.0
1753533161692,12:32:41.692,AR/USDT:USDT,7.598,13.0,7.594,533.0,7.6,1023.0,7.601,720.0
1753533161693,12:32:41.693,AR/USDT:USDT,7.598,13.0,7.594,533.0,7.6,1023.0,7.601,720.0
1753533163255,12:32:43.255,AR/USDT:USDT,7.598,13.0,7.594,533.0,7.6,1023.0,7.601,720.0
1753533164084,12:32:44.084,AR/USDT:USDT,7.598,13.0,7.594,533.0,7.6,1023.0,7.601,720.0
1753533164878,12:32:44.878,AR/USDT:USDT,7.598,13.0,7.594,533.0,7.6,1023.0,7.601,720.0
1753533165006,12:32:45.006,AR/USDT:USDT,7.598,13.0,7.594,533.0,7.6,1023.0,7.601,720.0
1753533165327,12:32:45.327,AR/USDT:USDT,7.598,13.0,7.594,533.0,7.6,1023.0,7.601,720.0
1753533166023,12:32:46.023,AR/USDT:USDT,7.598,13.0,7.594,533.0,7.6,1023.0,7.601,720.0
1753533167162,12:32:47.162,AR/USDT:USDT,7.598,13.0,7.594,533.0,7.6,1023.0,7.601,720.0
1753533167321,12:32:47.321,AR/USDT:USDT,7.598,13.0,7.594,533.0,7.6,1023.0,7.601,720.0
1753533168702,12:32:48.702,AR/USDT:USDT,7.598,13.0,7.594,533.0,7.6,1023.0,7.601,720.0
1753533169678,12:32:49.678,AR/USDT:USDT,7.598,13.0,7.594,533.0,7.6,1023.0,7.601,720.0
1753533170375,12:32:50.375,AR/USDT:USDT,7.598,13.0,7.594,533.0,7.6,1023.0,7.601,720.0
1753533170437,12:32:50.437,AR/USDT:USDT,7.598,13.0,7.594,533.0,7.6,1023.0,7.601,720.0
1753533171692,12:32:51.692,AR/USDT:USDT,7.591,25.0,7.59,2477.0,7.6,1023.0,7.601,720.0
1753533171789,12:32:51.789,AR/USDT:USDT,7.595,49.0,7.593,25.0,7.599,48.0,7.6,1023.0
1753533171802,12:32:51.802,AR/USDT:USDT,7.596,7.0,7.595,49.0,7.598,1023.0,7.599,48.0
1753533171935,12:32:51.935,AR/USDT:USDT,7.596,7.0,7.595,49.0,7.598,1023.0,7.599,3375.0
1753533173533,12:32:53.533,AR/USDT:USDT,7.596,7.0,7.595,49.0,7.598,1023.0,7.599,3375.0
1753533173731,12:32:53.731,AR/USDT:USDT,7.596,7.0,7.595,49.0,7.598,1023.0,7.599,3375.0
1753533173817,12:32:53.817,AR/USDT:USDT,7.596,7.0,7.595,49.0,7.598,1023.0,7.599,3375.0
1753533173978,12:32:53.978,AR/USDT:USDT,7.596,7.0,7.595,49.0,7.598,1023.0,7.599,3375.0
1753533174236,12:32:54.236,AR/USDT:USDT,7.596,7.0,7.595,49.0,7.599,4398.0,7.601,674.0
1753533174299,12:32:54.299,AR/USDT:USDT,7.596,7.0,7.595,49.0,7.598,2.0,7.599,4398.0
1753533174479,12:32:54.479,AR/USDT:USDT,7.596,7.0,7.595,49.0,7.598,2.0,7.599,4398.0
1753533174495,12:32:54.495,AR/USDT:USDT,7.596,7.0,7.595,49.0,7.598,2.0,7.599,4398.0
1753533174650,12:32:54.650,AR/USDT:USDT,7.596,7.0,7.595,49.0,7.598,2.0,7.599,4398.0
1753533174743,12:32:54.743,AR/USDT:USDT,7.596,7.0,7.595,49.0,7.598,2.0,7.599,4398.0
1753533175064,12:32:55.064,AR/USDT:USDT,7.596,7.0,7.595,49.0,7.598,2.0,7.599,4398.0
1753533175348,12:32:55.348,AR/USDT:USDT,7.596,7.0,7.595,49.0,7.598,2.0,7.599,4398.0
1753533175471,12:32:55.471,AR/USDT:USDT,7.596,7.0,7.595,49.0,7.598,2.0,7.599,4398.0
1753533175692,12:32:55.692,AR/USDT:USDT,7.596,7.0,7.595,49.0,7.598,2.0,7.599,4398.0
1753533175844,12:32:55.844,AR/USDT:USDT,7.596,7.0,7.595,49.0,7.598,2.0,7.599,4398.0
1753533175922,12:32:55.922,AR/USDT:USDT,7.596,7.0,7.595,49.0,7.598,2.0,7.599,4398.0
1753533176839,12:32:56.839,AR/USDT:USDT,7.596,7.0,7.595,49.0,7.598,2.0,7.599,4398.0
1753533177321,12:32:57.321,AR/USDT:USDT,7.596,7.0,7.595,49.0,7.598,2.0,7.599,4398.0
1753533177815,12:32:57.815,AR/USDT:USDT,7.596,7.0,7.595,49.0,7.598,2.0,7.599,4398.0
1753533178045,12:32:58.045,AR/USDT:USDT,7.596,7.0,7.595,49.0,7.598,2.0,7.599,4398.0
1753533178821,12:32:58.821,AR/USDT:USDT,7.596,7.0,7.595,49.0,7.598,2.0,7.599,4398.0
1753533179069,12:32:59.069,AR/USDT:USDT,7.596,7.0,7.595,49.0,7.598,1025.0,7.599,3375.0
1753533179165,12:32:59.165,AR/USDT:USDT,7.596,7.0,7.595,49.0,7.598,1023.0,7.599,3375.0
1753533179279,12:32:59.279,AR/USDT:USDT,7.596,7.0,7.595,49.0,7.598,1023.0,7.599,3375.0
1753533179336,12:32:59.336,AR/USDT:USDT,7.596,7.0,7.595,49.0,7.598,1023.0,7.599,3375.0
1753533180926,12:33:00.926,AR/USDT:USDT,7.596,7.0,7.595,49.0,7.598,1023.0,7.599,3375.0
1753533181155,12:33:01.155,AR/USDT:USDT,7.596,7.0,7.595,49.0,7.598,1023.0,7.599,3375.0
1753533181369,12:33:01.369,AR/USDT:USDT,7.596,7.0,7.595,49.0,7.598,1023.0,7.599,3375.0
1753533182005,12:33:02.005,AR/USDT:USDT,7.596,7.0,7.595,49.0,7.598,1023.0,7.599,3375.0
1753533182337,12:33:02.337,AR/USDT:USDT,7.596,7.0,7.595,49.0,7.598,1023.0,7.599,3375.0
1753533182979,12:33:02.979,AR/USDT:USDT,7.595,49.0,7.593,523.0,7.598,1023.0,7.599,3375.0
1753533183079,12:33:03.079,AR/USDT:USDT,7.588,120.0,7.587,1230.0,7.597,25.0,7.598,1046.0
1753533183115,12:33:03.115,AR/USDT:USDT,7.589,1.0,7.588,120.0,7.596,1030.0,7.597,25.0
1753533183245,12:33:03.245,AR/USDT:USDT,7.589,24.0,7.588,120.0,7.595,2.0,7.596,1030.0
1753533183318,12:33:03.318,AR/USDT:USDT,7.589,1.0,7.588,120.0,7.595,2.0,7.596,4358.0
1753533183667,12:33:03.667,AR/USDT:USDT,7.589,1.0,7.588,120.0,7.595,2.0,7.596,4358.0
1753533183740,12:33:03.740,AR/USDT:USDT,7.589,1.0,7.588,120.0,7.595,2.0,7.596,4358.0
1753533184079,12:33:04.079,AR/USDT:USDT,7.589,1.0,7.588,120.0,7.595,2.0,7.596,4358.0
1753533184472,12:33:04.472,AR/USDT:USDT,7.589,24.0,7.588,120.0,7.595,2.0,7.596,4358.0
1753533184889,12:33:04.889,AR/USDT:USDT,7.589,24.0,7.588,120.0,7.595,2.0,7.596,4358.0
1753533184963,12:33:04.963,AR/USDT:USDT,7.589,24.0,7.588,120.0,7.595,2.0,7.596,4358.0
1753533185085,12:33:05.085,AR/USDT:USDT,7.589,120.0,7.588,120.0,7.595,2.0,7.596,4358.0
1753533185280,12:33:05.280,AR/USDT:USDT,7.589,97.0,7.588,120.0,7.595,2.0,7.596,4358.0
1753533185295,12:33:05.295,AR/USDT:USDT,7.589,97.0,7.588,120.0,7.595,2.0,7.596,4358.0
1753533185435,12:33:05.435,AR/USDT:USDT,7.589,97.0,7.588,120.0,7.595,2.0,7.596,4358.0
1753533185550,12:33:05.550,AR/USDT:USDT,7.589,636.0,7.588,120.0,7.595,2.0,7.596,4358.0
1753533185624,12:33:05.624,AR/USDT:USDT,7.589,659.0,7.588,120.0,7.595,2.0,7.596,4358.0
1753533185715,12:33:05.715,AR/USDT:USDT,7.589,659.0,7.588,120.0,7.595,2.0,7.596,4358.0
1753533186003,12:33:06.003,AR/USDT:USDT,7.589,659.0,7.588,120.0,7.595,2.0,7.596,4358.0
1753533186289,12:33:06.289,AR/USDT:USDT,7.59,514.0,7.589,659.0,7.595,2.0,7.596,1030.0
1753533186381,12:33:06.381,AR/USDT:USDT,7.591,50.0,7.59,537.0,7.595,2.0,7.596,7.0
1753533186482,12:33:06.482,AR/USDT:USDT,7.591,50.0,7.59,537.0,7.598,9.0,7.599,4351.0
1753533186534,12:33:06.534,AR/USDT:USDT,7.591,24.0,7.59,563.0,7.597,1023.0,7.598,9.0
1753533186622,12:33:06.622,AR/USDT:USDT,7.591,24.0,7.59,563.0,7.596,9.0,7.597,1023.0
1753533186954,12:33:06.954,AR/USDT:USDT,7.591,24.0,7.59,563.0,7.596,9.0,7.597,1023.0
1753533187009,12:33:07.009,AR/USDT:USDT,7.591,24.0,7.59,563.0,7.596,9.0,7.597,1023.0
1753533187471,12:33:07.471,AR/USDT:USDT,7.591,24.0,7.59,563.0,7.596,9.0,7.597,1023.0
1753533187536,12:33:07.536,AR/USDT:USDT,7.591,24.0,7.59,563.0,7.596,9.0,7.597,1023.0
1753533187769,12:33:07.769,AR/USDT:USDT,7.591,24.0,7.59,563.0,7.596,9.0,7.597,1023.0
1753533188788,12:33:08.788,AR/USDT:USDT,7.591,24.0,7.59,563.0,7.596,9.0,7.597,1023.0
1753533188881,12:33:08.881,AR/USDT:USDT,7.591,24.0,7.59,563.0,7.596,9.0,7.597,1023.0
1753533190680,12:33:10.680,AR/USDT:USDT,7.591,117.0,7.59,563.0,7.596,9.0,7.597,1023.0
1753533190780,12:33:10.780,AR/USDT:USDT,7.592,116.0,7.591,561.0,7.596,9.0,7.599,4351.0
1753533190953,12:33:10.953,AR/USDT:USDT,7.593,575.0,7.592,142.0,7.598,9.0,7.599,1023.0
1753533191076,12:33:11.076,AR/USDT:USDT,7.593,575.0,7.592,142.0,7.598,9.0,7.599,1023.0
1753533191115,12:33:11.115,AR/USDT:USDT,7.593,575.0,7.592,142.0,7.598,9.0,7.599,1023.0
1753533192005,12:33:12.005,AR/USDT:USDT,7.593,575.0,7.592,142.0,7.598,9.0,7.599,1023.0
1753533192315,12:33:12.315,AR/USDT:USDT,7.593,575.0,7.592,142.0,7.598,9.0,7.599,1023.0
1753533192417,12:33:12.417,AR/USDT:USDT,7.593,575.0,7.592,142.0,7.598,9.0,7.599,1023.0
1753533193012,12:33:13.012,AR/USDT:USDT,7.593,575.0,7.592,142.0,7.598,9.0,7.599,1023.0
1753533193681,12:33:13.681,AR/USDT:USDT,7.593,575.0,7.592,142.0,7.598,9.0,7.599,1023.0
1753533194629,12:33:14.629,AR/USDT:USDT,7.593,552.0,7.592,142.0,7.598,32.0,7.599,1023.0
1753533195036,12:33:15.036,AR/USDT:USDT,7.593,575.0,7.592,142.0,7.598,9.0,7.599,1023.0
1753533196278,12:33:16.278,AR/USDT:USDT,7.593,575.0,7.592,142.0,7.598,32.0,7.599,1023.0
1753533196295,12:33:16.295,AR/USDT:USDT,7.593,575.0,7.592,142.0,7.598,32.0,7.599,1023.0
1753533196948,12:33:16.948,AR/USDT:USDT,7.593,575.0,7.592,142.0,7.598,32.0,7.599,1023.0
1753533197115,12:33:17.115,AR/USDT:USDT,7.593,575.0,7.592,142.0,7.598,1055.0,7.601,1269.0
1753533197272,12:33:17.272,AR/USDT:USDT,7.593,575.0,7.592,142.0,7.598,9.0,7.6,1023.0
1753533197391,12:33:17.391,AR/USDT:USDT,7.593,575.0,7.592,142.0,7.598,1023.0,7.599,9.0
1753533197486,12:33:17.486,AR/USDT:USDT,7.593,575.0,7.592,142.0,7.597,9.0,7.598,1023.0
1753533198493,12:33:18.493,AR/USDT:USDT,7.593,575.0,7.592,142.0,7.597,9.0,7.598,1023.0
1753533198496,12:33:18.496,AR/USDT:USDT,7.593,575.0,7.592,142.0,7.597,9.0,7.598,1023.0
1753533198683,12:33:18.683,AR/USDT:USDT,7.593,575.0,7.592,142.0,7.597,9.0,7.598,1023.0
1753533199567,12:33:19.567,AR/USDT:USDT,7.593,575.0,7.592,142.0,7.597,9.0,7.598,1023.0
1753533201022,12:33:21.022,AR/USDT:USDT,7.593,575.0,7.592,116.0,7.597,9.0,7.598,1023.0
1753533201117,12:33:21.117,AR/USDT:USDT,7.593,575.0,7.592,116.0,7.597,9.0,7.598,1023.0
1753533201538,12:33:21.538,AR/USDT:USDT,7.593,575.0,7.592,116.0,7.597,9.0,7.598,1023.0
1753533202037,12:33:22.037,AR/USDT:USDT,7.593,575.0,7.592,116.0,7.597,9.0,7.598,1023.0
1753533203280,12:33:23.280,AR/USDT:USDT,7.593,575.0,7.592,116.0,7.597,9.0,7.598,1023.0
1753533204535,12:33:24.535,AR/USDT:USDT,7.593,575.0,7.592,116.0,7.597,9.0,7.6,1023.0
1753533204635,12:33:24.635,AR/USDT:USDT,7.593,601.0,7.592,116.0,7.599,1032.0,7.601,1269.0
1753533204752,12:33:24.752,AR/USDT:USDT,7.593,575.0,7.592,142.0,7.599,1032.0,7.601,1269.0
1753533206090,12:33:26.090,AR/USDT:USDT,7.593,575.0,7.592,142.0,7.599,1032.0,7.601,674.0
1753533206371,12:33:26.371,AR/USDT:USDT,7.593,575.0,7.592,142.0,7.599,1032.0,7.601,674.0
1753533206590,12:33:26.590,AR/USDT:USDT,7.593,575.0,7.592,142.0,7.599,1032.0,7.601,674.0
1753533207655,12:33:27.655,AR/USDT:USDT,7.593,575.0,7.592,142.0,7.599,1032.0,7.601,674.0
1753533207922,12:33:27.922,AR/USDT:USDT,7.593,575.0,7.592,142.0,7.599,1032.0,7.601,674.0
1753533208081,12:33:28.081,AR/USDT:USDT,7.593,575.0,7.592,142.0,7.599,1032.0,7.601,674.0
1753533208187,12:33:28.187,AR/USDT:USDT,7.593,575.0,7.592,142.0,7.599,1032.0,7.601,674.0
1753533208975,12:33:28.975,AR/USDT:USDT,7.593,575.0,7.592,142.0,7.599,1032.0,7.601,674.0
1753533209516,12:33:29.516,AR/USDT:USDT,7.593,575.0,7.592,142.0,7.599,1032.0,7.601,674.0
1753533209862,12:33:29.862,AR/USDT:USDT,7.593,575.0,7.592,142.0,7.599,1032.0,7.601,674.0
1753533210003,12:33:30.003,AR/USDT:USDT,7.593,575.0,7.592,142.0,7.599,1032.0,7.601,674.0
1753533210916,12:33:30.916,AR/USDT:USDT,7.593,575.0,7.592,142.0,7.599,1032.0,7.601,674.0
1753533211945,12:33:31.945,AR/USDT:USDT,7.593,575.0,7.592,142.0,7.599,1032.0,7.601,674.0
1753533212558,12:33:32.558,AR/USDT:USDT,7.593,575.0,7.592,142.0,7.599,1032.0,7.601,674.0
1753533212882,12:33:32.882,AR/USDT:USDT,7.593,575.0,7.592,142.0,7.599,1032.0,7.601,674.0
1753533212988,12:33:32.988,AR/USDT:USDT,7.593,575.0,7.592,142.0,7.599,1032.0,7.601,674.0
1753533213925,12:33:33.925,AR/USDT:USDT,7.593,575.0,7.592,142.0,7.599,1032.0,7.601,674.0
1753533214005,12:33:34.005,AR/USDT:USDT,7.593,575.0,7.592,142.0,7.599,1032.0,7.601,674.0
1753533214535,12:33:34.535,AR/USDT:USDT,7.593,575.0,7.592,142.0,7.599,1032.0,7.601,674.0
1753533214675,12:33:34.675,AR/USDT:USDT,7.593,575.0,7.592,142.0,7.599,1032.0,7.601,674.0
1753533215008,12:33:35.008,AR/USDT:USDT,7.593,575.0,7.592,142.0,7.599,1032.0,7.601,674.0
1753533215949,12:33:35.949,AR/USDT:USDT,7.593,575.0,7.592,142.0,7.599,1032.0,7.601,674.0
1753533216526,12:33:36.526,AR/USDT:USDT,7.593,575.0,7.592,142.0,7.599,1032.0,7.601,674.0
1753533217106,12:33:37.106,AR/USDT:USDT,7.593,575.0,7.592,142.0,7.599,1032.0,7.601,674.0
1753533217203,12:33:37.203,AR/USDT:USDT,7.593,575.0,7.592,142.0,7.599,1032.0,7.601,674.0
1753533217302,12:33:37.302,AR/USDT:USDT,7.593,575.0,7.592,142.0,7.599,1032.0,7.601,674.0
1753533217681,12:33:37.681,AR/USDT:USDT,7.593,575.0,7.592,142.0,7.599,1032.0,7.601,674.0
1753533217722,12:33:37.722,AR/USDT:USDT,7.593,575.0,7.592,142.0,7.599,1032.0,7.601,674.0
1753533218010,12:33:38.010,AR/USDT:USDT,7.593,575.0,7.592,142.0,7.599,1032.0,7.601,674.0
1753533218455,12:33:38.455,AR/USDT:USDT,7.593,552.0,7.592,142.0,7.599,1032.0,7.601,674.0
1753533218494,12:33:38.494,AR/USDT:USDT,7.593,552.0,7.592,142.0,7.599,1032.0,7.601,674.0
1753533218769,12:33:38.769,AR/USDT:USDT,7.593,552.0,7.592,142.0,7.599,1032.0,7.601,674.0
1753533219178,12:33:39.178,AR/USDT:USDT,7.593,552.0,7.592,142.0,7.599,1032.0,7.601,674.0
1753533219260,12:33:39.260,AR/USDT:USDT,7.593,552.0,7.592,142.0,7.599,1032.0,7.601,674.0
1753533219884,12:33:39.884,AR/USDT:USDT,7.593,552.0,7.592,142.0,7.599,1032.0,7.601,674.0
1753533220030,12:33:40.030,AR/USDT:USDT,7.593,552.0,7.592,142.0,7.599,1032.0,7.601,674.0
1753533220125,12:33:40.125,AR/USDT:USDT,7.593,552.0,7.592,142.0,7.599,1032.0,7.601,768.0
1753533220523,12:33:40.523,AR/USDT:USDT,7.593,552.0,7.592,142.0,7.599,1032.0,7.601,768.0
1753533222191,12:33:42.191,AR/USDT:USDT,7.593,552.0,7.592,142.0,7.599,1032.0,7.601,768.0
1753533222228,12:33:42.228,AR/USDT:USDT,7.593,552.0,7.592,142.0,7.599,1032.0,7.601,768.0
1753533222480,12:33:42.480,AR/USDT:USDT,7.593,552.0,7.592,142.0,7.599,1032.0,7.601,768.0
1753533222642,12:33:42.642,AR/USDT:USDT,7.593,552.0,7.592,142.0,7.599,1032.0,7.601,768.0
1753533223041,12:33:43.041,AR/USDT:USDT,7.593,552.0,7.592,142.0,7.599,1032.0,7.601,768.0
1753533224370,12:33:44.370,AR/USDT:USDT,7.593,552.0,7.592,142.0,7.599,1032.0,7.601,768.0
1753533224407,12:33:44.407,AR/USDT:USDT,7.593,552.0,7.592,142.0,7.599,1032.0,7.601,768.0
1753533224674,12:33:44.674,AR/USDT:USDT,7.593,552.0,7.592,142.0,7.599,1032.0,7.601,768.0
1753533224950,12:33:44.950,AR/USDT:USDT,7.593,552.0,7.592,142.0,7.599,1032.0,7.601,768.0
1753533225085,12:33:45.085,AR/USDT:USDT,7.593,552.0,7.592,142.0,7.599,1032.0,7.601,768.0
1753533225097,12:33:45.097,AR/USDT:USDT,7.593,552.0,7.592,142.0,7.599,1032.0,7.601,768.0
1753533225383,12:33:45.383,AR/USDT:USDT,7.593,552.0,7.592,142.0,7.599,1032.0,7.601,768.0
1753533225395,12:33:45.395,AR/USDT:USDT,7.593,552.0,7.592,142.0,7.599,1032.0,7.601,768.0
1753533225569,12:33:45.569,AR/USDT:USDT,7.593,552.0,7.592,142.0,7.599,1032.0,7.601,768.0
1753533226273,12:33:46.273,AR/USDT:USDT,7.593,618.0,7.592,142.0,7.599,1032.0,7.601,768.0
1753533226347,12:33:46.347,AR/USDT:USDT,7.593,552.0,7.592,142.0,7.599,1032.0,7.601,768.0
1753533226407,12:33:46.407,AR/USDT:USDT,7.593,552.0,7.592,142.0,7.599,1032.0,7.601,768.0
1753533226977,12:33:46.977,AR/USDT:USDT,7.593,552.0,7.592,142.0,7.599,1032.0,7.601,768.0
1753533227014,12:33:47.014,AR/USDT:USDT,7.593,552.0,7.592,142.0,7.599,1032.0,7.601,768.0
1753533227281,12:33:47.281,AR/USDT:USDT,7.593,552.0,7.592,142.0,7.599,1032.0,7.601,768.0
1753533227437,12:33:47.437,AR/USDT:USDT,7.593,552.0,7.592,142.0,7.599,1032.0,7.601,768.0
1753533229075,12:33:49.075,AR/USDT:USDT,7.593,552.0,7.592,142.0,7.599,1032.0,7.601,768.0
1753533229163,12:33:49.163,AR/USDT:USDT,7.593,578.0,7.592,116.0,7.599,9.0,7.601,768.0
1753533229220,12:33:49.220,AR/USDT:USDT,7.593,578.0,7.592,116.0,7.6,9.0,7.601,674.0
1753533229295,12:33:49.295,AR/USDT:USDT,7.593,578.0,7.592,116.0,7.6,9.0,7.601,674.0
1753533229484,12:33:49.484,AR/USDT:USDT,7.593,578.0,7.592,116.0,7.6,9.0,7.601,674.0
1753533229891,12:33:49.891,AR/USDT:USDT,7.593,578.0,7.592,116.0,7.6,9.0,7.601,674.0
1753533230008,12:33:50.008,AR/USDT:USDT,7.593,578.0,7.592,116.0,7.6,9.0,7.601,674.0
1753533230784,12:33:50.784,AR/USDT:USDT,7.593,578.0,7.592,116.0,7.6,9.0,7.601,674.0
1753533231220,12:33:51.220,AR/USDT:USDT,7.593,578.0,7.592,116.0,7.6,9.0,7.601,674.0
1753533231567,12:33:51.567,AR/USDT:USDT,7.593,578.0,7.592,116.0,7.6,9.0,7.601,674.0
1753533231615,12:33:51.615,AR/USDT:USDT,7.593,578.0,7.592,116.0,7.6,1032.0,7.601,674.0
1753533231724,12:33:51.724,AR/USDT:USDT,7.593,552.0,7.592,142.0,7.6,1032.0,7.601,674.0
1753533232090,12:33:52.090,AR/USDT:USDT,7.593,552.0,7.592,142.0,7.6,1032.0,7.601,674.0
1753533234209,12:33:54.209,AR/USDT:USDT,7.593,552.0,7.592,142.0,7.6,1032.0,7.601,674.0
1753533236882,12:33:56.882,AR/USDT:USDT,7.593,552.0,7.592,142.0,7.6,1032.0,7.601,674.0
1753533236975,12:33:56.975,AR/USDT:USDT,7.593,552.0,7.592,142.0,7.6,1032.0,7.601,674.0
1753533238591,12:33:58.591,AR/USDT:USDT,7.593,552.0,7.592,142.0,7.6,1032.0,7.601,674.0
1753533238594,12:33:58.594,AR/USDT:USDT,7.593,552.0,7.592,142.0,7.6,1032.0,7.601,674.0
1753533239046,12:33:59.046,AR/USDT:USDT,7.593,552.0,7.592,142.0,7.6,1032.0,7.601,674.0
1753533240212,12:34:00.212,AR/USDT:USDT,7.593,552.0,7.592,142.0,7.6,1032.0,7.601,674.0
1753533240535,12:34:00.535,AR/USDT:USDT,7.593,552.0,7.592,142.0,7.6,1032.0,7.601,674.0
1753533240746,12:34:00.746,AR/USDT:USDT,7.593,552.0,7.592,142.0,7.6,1032.0,7.601,674.0
1753533241520,12:34:01.520,AR/USDT:USDT,7.593,552.0,7.592,142.0,7.6,1032.0,7.601,674.0
1753533241681,12:34:01.681,AR/USDT:USDT,7.593,552.0,7.592,142.0,7.6,1032.0,7.601,674.0
1753533241695,12:34:01.695,AR/USDT:USDT,7.593,552.0,7.592,142.0,7.6,1032.0,7.601,674.0
1753533243437,12:34:03.437,AR/USDT:USDT,7.593,552.0,7.592,142.0,7.6,1032.0,7.601,674.0
1753533243802,12:34:03.802,AR/USDT:USDT,7.593,552.0,7.592,142.0,7.6,1032.0,7.601,674.0
1753533244032,12:34:04.032,AR/USDT:USDT,7.593,552.0,7.592,142.0,7.6,1032.0,7.601,674.0
1753533245578,12:34:05.578,AR/USDT:USDT,7.593,552.0,7.592,142.0,7.6,1032.0,7.601,674.0
1753533245676,12:34:05.676,AR/USDT:USDT,7.593,552.0,7.592,142.0,7.6,1032.0,7.601,674.0
1753533246481,12:34:06.481,AR/USDT:USDT,7.593,552.0,7.592,142.0,7.6,1032.0,7.601,674.0
1753533246626,12:34:06.626,AR/USDT:USDT,7.593,552.0,7.592,142.0,7.6,1032.0,7.601,674.0
1753533247695,12:34:07.695,AR/USDT:USDT,7.593,552.0,7.592,142.0,7.6,1032.0,7.601,674.0
1753533248696,12:34:08.696,AR/USDT:USDT,7.593,552.0,7.592,142.0,7.6,1032.0,7.601,674.0
1753533249185,12:34:09.185,AR/USDT:USDT,7.593,552.0,7.592,142.0,7.6,1032.0,7.601,674.0
1753533249234,12:34:09.234,AR/USDT:USDT,7.593,552.0,7.592,142.0,7.6,1032.0,7.601,674.0
1753533249318,12:34:09.318,AR/USDT:USDT,7.593,552.0,7.592,142.0,7.6,1032.0,7.601,674.0
1753533249668,12:34:09.668,AR/USDT:USDT,7.593,552.0,7.592,142.0,7.6,1032.0,7.601,674.0
1753533250446,12:34:10.446,AR/USDT:USDT,7.593,552.0,7.592,142.0,7.6,1032.0,7.601,674.0
1753533250556,12:34:10.556,AR/USDT:USDT,7.593,552.0,7.592,142.0,7.6,1032.0,7.601,674.0
1753533250858,12:34:10.858,AR/USDT:USDT,7.593,552.0,7.592,142.0,7.6,1032.0,7.601,674.0
1753533251004,12:34:11.004,AR/USDT:USDT,7.593,552.0,7.592,142.0,7.6,1032.0,7.601,674.0
1753533251180,12:34:11.180,AR/USDT:USDT,7.593,552.0,7.592,142.0,7.6,1032.0,7.601,674.0
1753533251281,12:34:11.281,AR/USDT:USDT,7.593,552.0,7.592,142.0,7.6,1032.0,7.601,674.0
1753533251446,12:34:11.446,AR/USDT:USDT,7.593,552.0,7.592,142.0,7.6,1032.0,7.601,674.0
1753533252009,12:34:12.009,AR/USDT:USDT,7.593,552.0,7.592,142.0,7.6,1032.0,7.601,674.0
1753533252840,12:34:12.840,AR/USDT:USDT,7.593,552.0,7.592,142.0,7.6,1032.0,7.601,674.0
1753533253747,12:34:13.747,AR/USDT:USDT,7.593,552.0,7.592,142.0,7.6,1032.0,7.601,674.0
1753533254310,12:34:14.310,AR/USDT:USDT,7.593,552.0,7.592,142.0,7.6,1032.0,7.601,674.0
1753533254670,12:34:14.670,AR/USDT:USDT,7.593,552.0,7.592,142.0,7.6,1032.0,7.601,674.0
1753533254853,12:34:14.853,AR/USDT:USDT,7.593,552.0,7.592,142.0,7.6,1032.0,7.601,674.0
1753533256082,12:34:16.082,AR/USDT:USDT,7.593,552.0,7.592,142.0,7.6,1032.0,7.601,674.0
1753533256223,12:34:16.223,AR/USDT:USDT,7.593,552.0,7.592,142.0,7.6,1032.0,7.601,674.0
1753533256852,12:34:16.852,AR/USDT:USDT,7.593,552.0,7.592,142.0,7.6,1032.0,7.601,674.0
1753533257096,12:34:17.096,AR/USDT:USDT,7.593,552.0,7.592,142.0,7.6,1032.0,7.601,674.0
1753533257373,12:34:17.373,AR/USDT:USDT,7.593,552.0,7.592,142.0,7.6,1032.0,7.601,674.0
1753533257892,12:34:17.892,AR/USDT:USDT,7.594,284.0,7.593,973.0,7.6,9.0,7.601,674.0
1753533257915,12:34:17.915,AR/USDT:USDT,7.595,1.0,7.594,284.0,7.6,55.0,7.601,674.0
1753533258005,12:34:18.005,AR/USDT:USDT,7.595,1.0,7.594,284.0,7.6,55.0,7.601,674.0
1753533258334,12:34:18.334,AR/USDT:USDT,7.595,1.0,7.594,284.0,7.6,55.0,7.601,674.0
1753533258470,12:34:18.470,AR/USDT:USDT,7.595,47.0,7.594,377.0,7.6,32.0,7.601,674.0
1753533258692,12:34:18.692,AR/USDT:USDT,7.595,24.0,7.594,377.0,7.6,55.0,7.601,674.0
1753533258695,12:34:18.695,AR/USDT:USDT,7.595,24.0,7.594,377.0,7.6,55.0,7.601,674.0
1753533259389,12:34:19.389,AR/USDT:USDT,7.595,47.0,7.594,377.0,7.6,55.0,7.601,674.0
1753533259408,12:34:19.408,AR/USDT:USDT,7.595,24.0,7.594,377.0,7.6,55.0,7.601,674.0
1753533259525,12:34:19.525,AR/USDT:USDT,7.595,1.0,7.594,377.0,7.6,55.0,7.601,674.0
1753533260178,12:34:20.178,AR/USDT:USDT,7.595,1.0,7.594,377.0,7.6,55.0,7.601,674.0
1753533260486,12:34:20.486,AR/USDT:USDT,7.595,1.0,7.594,377.0,7.6,55.0,7.601,674.0
1753533260554,12:34:20.554,AR/USDT:USDT,7.595,1.0,7.594,377.0,7.6,55.0,7.601,674.0
1753533260785,12:34:20.785,AR/USDT:USDT,7.595,24.0,7.594,377.0,7.6,55.0,7.601,674.0
1753533260881,12:34:20.881,AR/USDT:USDT,7.595,24.0,7.594,377.0,7.6,55.0,7.601,674.0
1753533260954,12:34:20.954,AR/USDT:USDT,7.595,1.0,7.594,377.0,7.6,55.0,7.601,674.0
1753533261120,12:34:21.120,AR/USDT:USDT,7.595,1.0,7.594,377.0,7.6,55.0,7.601,674.0
1753533261482,12:34:21.482,AR/USDT:USDT,7.595,1.0,7.594,377.0,7.6,55.0,7.601,674.0
1753533262006,12:34:22.006,AR/USDT:USDT,7.595,1.0,7.594,377.0,7.6,55.0,7.601,674.0
1753533263056,12:34:23.056,AR/USDT:USDT,7.595,1.0,7.594,377.0,7.6,55.0,7.601,674.0
1753533263109,12:34:23.109,AR/USDT:USDT,7.595,1.0,7.594,377.0,7.6,55.0,7.601,674.0
1753533264226,12:34:24.226,AR/USDT:USDT,7.595,1.0,7.594,377.0,7.6,55.0,7.601,674.0
1753533264587,12:34:24.587,AR/USDT:USDT,7.595,1.0,7.594,377.0,7.6,55.0,7.601,674.0
1753533264616,12:34:24.616,AR/USDT:USDT,7.595,49.0,7.594,377.0,7.599,1.0,7.6,55.0
1753533264912,12:34:24.912,AR/USDT:USDT,7.595,49.0,7.594,377.0,7.599,1.0,7.6,55.0
1753533265681,12:34:25.681,AR/USDT:USDT,7.595,49.0,7.594,377.0,7.599,1.0,7.6,55.0
1753533265728,12:34:25.728,AR/USDT:USDT,7.595,49.0,7.594,377.0,7.599,1.0,7.6,55.0
1753533266775,12:34:26.775,AR/USDT:USDT,7.595,49.0,7.594,377.0,7.599,1.0,7.6,55.0
1753533267590,12:34:27.590,AR/USDT:USDT,7.595,3.0,7.594,377.0,7.599,1.0,7.6,55.0
1753533267613,12:34:27.613,AR/USDT:USDT,7.595,3.0,7.594,284.0,7.599,1.0,7.6,55.0
1753533267803,12:34:27.803,AR/USDT:USDT,7.595,3.0,7.594,284.0,7.599,1.0,7.6,55.0
1753533268004,12:34:28.004,AR/USDT:USDT,7.595,3.0,7.594,284.0,7.599,1.0,7.6,55.0
1753533268331,12:34:28.331,AR/USDT:USDT,7.595,3.0,7.594,284.0,7.599,1.0,7.6,55.0
1753533269773,12:34:29.773,AR/USDT:USDT,7.595,3.0,7.594,284.0,7.599,1.0,7.6,55.0
1753533270481,12:34:30.481,AR/USDT:USDT,7.595,26.0,7.594,284.0,7.599,1.0,7.6,55.0
1753533270832,12:34:30.832,AR/USDT:USDT,7.595,3.0,7.594,284.0,7.599,1.0,7.6,55.0
1753533271735,12:34:31.735,AR/USDT:USDT,7.595,3.0,7.594,284.0,7.599,1.0,7.6,55.0
1753533272149,12:34:32.149,AR/USDT:USDT,7.595,3.0,7.594,284.0,7.599,1.0,7.6,55.0
1753533273145,12:34:33.145,AR/USDT:USDT,7.595,3.0,7.594,284.0,7.599,1.0,7.6,55.0
1753533273321,12:34:33.321,AR/USDT:USDT,7.595,26.0,7.594,284.0,7.599,1.0,7.6,55.0
1753533273789,12:34:33.789,AR/USDT:USDT,7.595,49.0,7.594,284.0,7.599,1.0,7.6,32.0
1753533273836,12:34:33.836,AR/USDT:USDT,7.595,49.0,7.594,284.0,7.599,1.0,7.6,32.0
1753533275282,12:34:35.282,AR/USDT:USDT,7.595,49.0,7.594,284.0,7.599,1.0,7.6,32.0
1753533275385,12:34:35.385,AR/USDT:USDT,7.595,49.0,7.594,284.0,7.599,1.0,7.6,32.0
1753533275491,12:34:35.491,AR/USDT:USDT,7.595,49.0,7.594,284.0,7.599,1.0,7.6,32.0
1753533275749,12:34:35.749,AR/USDT:USDT,7.595,49.0,7.594,407.0,7.599,1.0,7.6,9.0
1753533275847,12:34:35.847,AR/USDT:USDT,7.595,49.0,7.594,407.0,7.601,10.0,7.602,1023.0
1753533275959,12:34:35.959,AR/USDT:USDT,7.595,46.0,7.594,407.0,7.602,1023.0,7.604,96.0
1753533276016,12:34:36.016,AR/USDT:USDT,7.596,3.0,7.595,72.0,7.601,10.0,7.603,1023.0
1753533276191,12:34:36.191,AR/USDT:USDT,7.596,3.0,7.595,46.0,7.602,56.0,7.603,1023.0
1753533277536,12:34:37.536,AR/USDT:USDT,7.596,3.0,7.595,46.0,7.602,56.0,7.603,1023.0
1753533277624,12:34:37.624,AR/USDT:USDT,7.596,3.0,7.595,23.0,7.602,56.0,7.603,1023.0
1753533277824,12:34:37.824,AR/USDT:USDT,7.596,3.0,7.595,23.0,7.602,56.0,7.603,1023.0
1753533277970,12:34:37.970,AR/USDT:USDT,7.596,3.0,7.595,23.0,7.602,56.0,7.603,1023.0
1753533278854,12:34:38.854,AR/USDT:USDT,7.596,3.0,7.595,23.0,7.602,56.0,7.603,1023.0
1753533279015,12:34:39.015,AR/USDT:USDT,7.596,3.0,7.595,23.0,7.602,56.0,7.603,1023.0
1753533279676,12:34:39.676,AR/USDT:USDT,7.596,3.0,7.595,23.0,7.602,56.0,7.603,1023.0
1753533280082,12:34:40.082,AR/USDT:USDT,7.596,3.0,7.595,23.0,7.602,56.0,7.603,1023.0
1753533280380,12:34:40.380,AR/USDT:USDT,7.596,3.0,7.595,23.0,7.601,674.0,7.602,56.0
1753533280461,12:34:40.461,AR/USDT:USDT,7.596,3.0,7.595,46.0,7.6,56.0,7.601,1743.0
1753533280570,12:34:40.570,AR/USDT:USDT,7.596,3.0,7.595,46.0,7.6,33.0,7.601,1069.0
1753533280854,12:34:40.854,AR/USDT:USDT,7.596,3.0,7.594,381.0,7.6,33.0,7.601,1069.0
1753533280916,12:34:40.916,AR/USDT:USDT,7.595,3.0,7.594,284.0,7.6,1056.0,7.601,46.0
1753533281011,12:34:41.011,AR/USDT:USDT,7.595,3.0,7.594,284.0,7.6,1056.0,7.601,46.0
1753533281678,12:34:41.678,AR/USDT:USDT,7.595,26.0,7.594,284.0,7.6,1056.0,7.601,46.0
1753533281724,12:34:41.724,AR/USDT:USDT,7.595,49.0,7.594,284.0,7.6,1056.0,7.601,46.0
1753533281929,12:34:41.929,AR/USDT:USDT,7.595,3.0,7.594,284.0,7.6,1056.0,7.601,46.0
1753533282017,12:34:42.017,AR/USDT:USDT,7.595,3.0,7.594,284.0,7.6,1056.0,7.601,46.0
1753533282175,12:34:42.175,AR/USDT:USDT,7.595,26.0,7.594,284.0,7.6,1056.0,7.601,46.0
1753533282194,12:34:42.194,AR/USDT:USDT,7.595,3.0,7.594,284.0,7.6,1056.0,7.601,46.0
1753533282474,12:34:42.474,AR/USDT:USDT,7.595,3.0,7.594,284.0,7.6,1056.0,7.601,46.0
1753533282528,12:34:42.528,AR/USDT:USDT,7.595,3.0,7.594,284.0,7.6,1056.0,7.601,46.0
1753533282735,12:34:42.735,AR/USDT:USDT,7.595,3.0,7.594,284.0,7.6,1056.0,7.601,46.0
1753533283787,12:34:43.787,AR/USDT:USDT,7.595,49.0,7.594,284.0,7.6,1056.0,7.601,46.0
1753533283857,12:34:43.857,AR/USDT:USDT,7.595,49.0,7.594,284.0,7.6,1056.0,7.601,46.0
1753533283981,12:34:43.981,AR/USDT:USDT,7.595,3.0,7.594,284.0,7.6,1056.0,7.601,46.0
1753533284087,12:34:44.087,AR/USDT:USDT,7.595,3.0,7.594,284.0,7.6,1056.0,7.601,46.0
1753533284185,12:34:44.185,AR/USDT:USDT,7.595,26.0,7.594,284.0,7.6,1056.0,7.601,46.0
1753533284288,12:34:44.288,AR/USDT:USDT,7.595,26.0,7.594,284.0,7.6,1056.0,7.601,46.0
1753533284377,12:34:44.377,AR/USDT:USDT,7.595,26.0,7.594,284.0,7.6,1056.0,7.601,46.0
1753533284453,12:34:44.453,AR/USDT:USDT,7.595,49.0,7.594,284.0,7.6,1056.0,7.601,46.0
1753533284883,12:34:44.883,AR/USDT:USDT,7.595,26.0,7.594,284.0,7.6,1056.0,7.601,46.0
1753533284992,12:34:44.992,AR/USDT:USDT,7.595,26.0,7.594,284.0,7.6,1056.0,7.601,46.0
1753533285024,12:34:45.024,AR/USDT:USDT,7.595,49.0,7.594,284.0,7.6,1056.0,7.601,46.0
1753533285180,12:34:45.180,AR/USDT:USDT,7.595,26.0,7.594,284.0,7.6,1056.0,7.601,46.0
1753533285275,12:34:45.275,AR/USDT:USDT,7.595,26.0,7.594,284.0,7.6,1056.0,7.601,46.0
1753533285366,12:34:45.366,AR/USDT:USDT,7.595,26.0,7.594,284.0,7.6,1056.0,7.601,46.0
1753533285393,12:34:45.393,AR/USDT:USDT,7.595,49.0,7.594,284.0,7.6,1056.0,7.601,46.0
1753533287774,12:34:47.774,AR/USDT:USDT,7.595,49.0,7.594,284.0,7.6,1056.0,7.601,46.0
1753533287937,12:34:47.937,AR/USDT:USDT,7.595,26.0,7.594,284.0,7.6,1056.0,7.601,46.0
1753533288074,12:34:48.074,AR/USDT:USDT,7.595,49.0,7.594,284.0,7.6,1056.0,7.601,46.0
1753533288858,12:34:48.858,AR/USDT:USDT,7.595,49.0,7.594,284.0,7.6,1033.0,7.603,96.0
1753533288957,12:34:48.957,AR/USDT:USDT,7.595,49.0,7.594,406.0,7.6,10.0,7.602,1023.0
1753533289006,12:34:49.006,AR/USDT:USDT,7.595,145.0,7.594,406.0,7.6,10.0,7.602,1023.0
1753533289315,12:34:49.315,AR/USDT:USDT,7.595,145.0,7.594,406.0,7.6,10.0,7.602,1023.0
1753533289489,12:34:49.489,AR/USDT:USDT,7.595,145.0,7.594,406.0,7.601,10.0,7.602,1023.0
1753533289495,12:34:49.495,AR/USDT:USDT,7.595,145.0,7.594,406.0,7.601,10.0,7.602,1023.0
1753533289683,12:34:49.683,AR/USDT:USDT,7.595,145.0,7.594,406.0,7.601,10.0,7.602,1023.0
1753533290007,12:34:50.007,AR/USDT:USDT,7.595,145.0,7.594,406.0,7.601,10.0,7.602,1023.0
1753533291368,12:34:51.368,AR/USDT:USDT,7.595,145.0,7.594,406.0,7.601,10.0,7.602,1023.0
1753533291990,12:34:51.990,AR/USDT:USDT,7.595,145.0,7.594,406.0,7.601,10.0,7.602,1023.0
1753533291996,12:34:51.996,AR/USDT:USDT,7.595,145.0,7.594,406.0,7.601,10.0,7.602,1023.0
1753533292980,12:34:52.980,AR/USDT:USDT,7.595,145.0,7.594,406.0,7.601,10.0,7.602,1023.0
1753533293461,12:34:53.461,AR/USDT:USDT,7.595,145.0,7.594,406.0,7.601,10.0,7.602,1023.0
1753533293976,12:34:53.976,AR/USDT:USDT,7.595,145.0,7.594,406.0,7.601,10.0,7.602,1023.0
1753533294279,12:34:54.279,AR/USDT:USDT,7.596,97.0,7.595,145.0,7.601,10.0,7.602,1023.0
1753533294354,12:34:54.354,AR/USDT:USDT,7.597,26.0,7.596,97.0,7.601,33.0,7.602,1023.0
1753533294482,12:34:54.482,AR/USDT:USDT,7.597,26.0,7.596,97.0,7.601,56.0,7.602,1023.0
1753533294784,12:34:54.784,AR/USDT:USDT,7.6,261.0,7.597,26.0,7.601,33.0,7.602,1023.0
1753533294862,12:34:54.862,AR/USDT:USDT,7.6,261.0,7.597,52.0,7.601,10.0,7.602,1023.0
1753533295024,12:34:55.024,AR/USDT:USDT,7.6,261.0,7.599,23.0,7.601,10.0,7.604,1023.0
1753533295186,12:34:55.186,AR/USDT:USDT,7.6,264.0,7.598,569.0,7.603,33.0,7.604,1046.0
1753533295278,12:34:55.278,AR/USDT:USDT,7.6,264.0,7.598,569.0,7.603,33.0,7.604,1046.0
1753533295515,12:34:55.515,AR/USDT:USDT,7.6,264.0,7.598,569.0,7.603,33.0,7.604,1046.0
1753533295963,12:34:55.963,AR/USDT:USDT,7.602,261.0,7.6,3.0,7.603,33.0,7.604,1046.0
1753533296015,12:34:56.015,AR/USDT:USDT,7.602,261.0,7.599,3.0,7.603,33.0,7.604,1046.0
1753533296176,12:34:56.176,AR/USDT:USDT,7.602,261.0,7.599,3.0,7.603,33.0,7.604,1046.0
1753533296378,12:34:56.378,AR/USDT:USDT,7.602,261.0,7.599,3.0,7.603,33.0,7.604,1046.0
1753533296936,12:34:56.936,AR/USDT:USDT,7.602,261.0,7.599,3.0,7.603,33.0,7.604,1046.0
1753533297202,12:34:57.202,AR/USDT:USDT,7.602,261.0,7.599,3.0,7.603,33.0,7.604,1046.0
1753533297487,12:34:57.487,AR/USDT:USDT,7.602,261.0,7.599,3.0,7.603,33.0,7.604,1023.0
1753533297534,12:34:57.534,AR/USDT:USDT,7.602,261.0,7.599,29.0,7.603,10.0,7.604,1023.0
1753533297647,12:34:57.647,AR/USDT:USDT,7.602,261.0,7.601,23.0,7.603,10.0,7.604,1023.0
1753533297707,12:34:57.707,AR/USDT:USDT,7.602,264.0,7.601,23.0,7.603,10.0,7.604,1023.0
1753533298007,12:34:58.007,AR/USDT:USDT,7.602,264.0,7.601,23.0,7.603,10.0,7.604,1023.0
1753533298216,12:34:58.216,AR/USDT:USDT,7.602,264.0,7.601,23.0,7.603,10.0,7.604,1023.0
1753533298334,12:34:58.334,AR/USDT:USDT,7.602,264.0,7.601,23.0,7.603,10.0,7.604,1023.0
1753533298799,12:34:58.799,AR/USDT:USDT,7.602,264.0,7.599,26.0,7.603,10.0,7.604,1023.0
1753533298904,12:34:58.904,AR/USDT:USDT,7.602,261.0,7.6,3.0,7.603,10.0,7.604,1023.0
1753533299073,12:34:59.073,AR/USDT:USDT,7.602,261.0,7.6,3.0,7.603,10.0,7.604,1023.0
1753533299282,12:34:59.282,AR/USDT:USDT,7.602,261.0,7.601,46.0,7.603,10.0,7.604,1023.0
1753533299315,12:34:59.315,AR/USDT:USDT,7.602,264.0,7.601,46.0,7.603,10.0,7.604,1023.0
1753533300251,12:35:00.251,AR/USDT:USDT,7.602,264.0,7.599,26.0,7.603,10.0,7.604,1023.0
1753533300324,12:35:00.324,AR/USDT:USDT,7.602,261.0,7.6,3.0,7.603,51.0,7.604,1064.0
1753533300419,12:35:00.419,AR/USDT:USDT,7.602,261.0,7.597,3.0,7.603,51.0,7.604,1064.0
1753533300516,12:35:00.516,AR/USDT:USDT,7.602,261.0,7.597,3.0,7.603,51.0,7.604,1064.0
1753533300680,12:35:00.680,AR/USDT:USDT,7.602,261.0,7.598,26.0,7.603,51.0,7.604,1064.0
1753533300700,12:35:00.700,AR/USDT:USDT,7.602,261.0,7.599,3.0,7.603,51.0,7.604,1064.0
1753533301412,12:35:01.412,AR/USDT:USDT,7.599,3.0,7.597,482.0,7.603,51.0,7.604,1064.0
1753533301506,12:35:01.506,AR/USDT:USDT,7.598,3.0,7.597,482.0,7.603,51.0,7.604,1064.0
1753533301650,12:35:01.650,AR/USDT:USDT,7.598,3.0,7.597,482.0,7.603,51.0,7.604,1064.0
1753533302867,12:35:02.867,AR/USDT:USDT,7.598,3.0,7.596,1538.0,7.603,31.0,7.604,1044.0
1753533302934,12:35:02.934,AR/USDT:USDT,7.597,3.0,7.596,1512.0,7.603,31.0,7.604,1044.0
1753533303060,12:35:03.060,AR/USDT:USDT,7.597,490.0,7.595,1634.0,7.603,10.0,7.604,1023.0
1753533303121,12:35:03.121,AR/USDT:USDT,7.598,93.0,7.597,516.0,7.603,10.0,7.604,1023.0
1753533303277,12:35:03.277,AR/USDT:USDT,7.598,93.0,7.597,516.0,7.603,10.0,7.604,1023.0
1753533303691,12:35:03.691,AR/USDT:USDT,7.598,487.0,7.597,122.0,7.603,10.0,7.607,95.0
1753533303793,12:35:03.793,AR/USDT:USDT,7.6,487.0,7.599,122.0,7.607,10.0,7.608,674.0
1753533303875,12:35:03.875,AR/USDT:USDT,7.601,3.0,7.6,513.0,7.607,10.0,7.608,1697.0
1753533303915,12:35:03.915,AR/USDT:USDT,7.601,3.0,7.6,513.0,7.607,10.0,7.608,1697.0
1753533304086,12:35:04.086,AR/USDT:USDT,7.601,44.0,7.6,513.0,7.607,51.0,7.608,1697.0
1753533304131,12:35:04.131,AR/USDT:USDT,7.601,44.0,7.6,513.0,7.607,51.0,7.608,1697.0
1753533304275,12:35:04.275,AR/USDT:USDT,7.601,44.0,7.6,513.0,7.607,51.0,7.608,1697.0
1753533304367,12:35:04.367,AR/USDT:USDT,7.601,44.0,7.6,513.0,7.607,51.0,7.608,1697.0
1753533304487,12:35:04.487,AR/USDT:USDT,7.601,44.0,7.6,513.0,7.607,51.0,7.608,1697.0
1753533304515,12:35:04.515,AR/USDT:USDT,7.601,44.0,7.6,513.0,7.607,51.0,7.608,1697.0
1753533304635,12:35:04.635,AR/USDT:USDT,7.601,44.0,7.6,513.0,7.607,51.0,7.608,1697.0
1753533304708,12:35:04.708,AR/USDT:USDT,7.601,608.0,7.6,513.0,7.607,51.0,7.608,1697.0
1753533304939,12:35:04.939,AR/USDT:USDT,7.601,608.0,7.6,513.0,7.607,51.0,7.608,1697.0
1753533305015,12:35:05.015,AR/USDT:USDT,7.601,608.0,7.6,513.0,7.607,51.0,7.608,1697.0
1753533305353,12:35:05.353,AR/USDT:USDT,7.601,608.0,7.6,513.0,7.607,51.0,7.608,1697.0
1753533305465,12:35:05.465,AR/USDT:USDT,7.601,608.0,7.6,513.0,7.607,51.0,7.608,1697.0
1753533305727,12:35:05.727,AR/USDT:USDT,7.601,608.0,7.6,513.0,7.607,51.0,7.608,1697.0
1753533305882,12:35:05.882,AR/USDT:USDT,7.601,608.0,7.6,513.0,7.607,51.0,7.608,1697.0
1753533308107,12:35:08.107,AR/USDT:USDT,7.601,608.0,7.6,513.0,7.607,31.0,7.608,1023.0
1753533309375,12:35:09.375,AR/USDT:USDT,7.601,608.0,7.6,513.0,7.607,51.0,7.608,1023.0
1753533310476,12:35:10.476,AR/USDT:USDT,7.601,24.0,7.6,513.0,7.607,725.0,7.608,1023.0
1753533310591,12:35:10.591,AR/USDT:USDT,7.601,324.0,7.6,1095.0,7.607,725.0,7.608,1023.0
1753533310683,12:35:10.683,AR/USDT:USDT,7.601,324.0,7.6,1095.0,7.607,725.0,7.608,1023.0
1753533311355,12:35:11.355,AR/USDT:USDT,7.601,324.0,7.6,1095.0,7.607,725.0,7.609,93.0
1753533311904,12:35:11.904,AR/USDT:USDT,7.601,324.0,7.6,1095.0,7.607,725.0,7.609,93.0
1753533312024,12:35:12.024,AR/USDT:USDT,7.601,324.0,7.6,1095.0,7.607,725.0,7.609,93.0
1753533312224,12:35:12.224,AR/USDT:USDT,7.601,324.0,7.6,1095.0,7.607,725.0,7.609,93.0
1753533314048,12:35:14.048,AR/USDT:USDT,7.601,324.0,7.6,1095.0,7.607,725.0,7.609,93.0
1753533314656,12:35:14.656,AR/USDT:USDT,7.601,324.0,7.6,1095.0,7.607,725.0,7.609,93.0
1753533315483,12:35:15.483,AR/USDT:USDT,7.601,324.0,7.6,1002.0,7.607,725.0,7.609,93.0
1753533315934,12:35:15.934,AR/USDT:USDT,7.601,324.0,7.6,1002.0,7.607,705.0,7.609,93.0
1753533316024,12:35:16.024,AR/USDT:USDT,7.601,324.0,7.6,1002.0,7.607,31.0,7.609,93.0
1753533316102,12:35:16.102,AR/USDT:USDT,7.601,324.0,7.6,1002.0,7.607,21.0,7.609,103.0
1753533316539,12:35:16.539,AR/USDT:USDT,7.601,324.0,7.6,1002.0,7.607,21.0,7.609,103.0
1753533316616,12:35:16.616,AR/USDT:USDT,7.601,324.0,7.6,1002.0,7.607,21.0,7.609,103.0
1753533318346,12:35:18.346,AR/USDT:USDT,7.601,349.0,7.6,977.0,7.608,674.0,7.609,10.0
1753533318407,12:35:18.407,AR/USDT:USDT,7.601,324.0,7.6,1002.0,7.607,10.0,7.608,674.0
1753533318728,12:35:18.728,AR/USDT:USDT,7.601,324.0,7.6,1002.0,7.607,10.0,7.608,674.0
1753533319472,12:35:19.472,AR/USDT:USDT,7.601,324.0,7.6,1002.0,7.607,10.0,7.608,674.0
1753533320283,12:35:20.283,AR/USDT:USDT,7.601,324.0,7.6,1002.0,7.607,10.0,7.608,674.0
1753533320514,12:35:20.514,AR/USDT:USDT,7.601,390.0,7.6,1002.0,7.607,10.0,7.608,674.0
1753533320870,12:35:20.870,AR/USDT:USDT,7.601,324.0,7.6,1002.0,7.607,10.0,7.608,674.0
1753533320975,12:35:20.975,AR/USDT:USDT,7.601,324.0,7.6,1002.0,7.607,10.0,7.608,674.0
1753533321038,12:35:21.038,AR/USDT:USDT,7.601,324.0,7.6,1002.0,7.607,10.0,7.608,674.0
1753533321239,12:35:21.239,AR/USDT:USDT,7.601,324.0,7.6,1002.0,7.607,10.0,7.608,674.0
1753533321334,12:35:21.334,AR/USDT:USDT,7.601,324.0,7.6,1002.0,7.607,10.0,7.608,674.0
1753533321556,12:35:21.556,AR/USDT:USDT,7.601,324.0,7.6,1002.0,7.607,10.0,7.608,674.0
1753533321766,12:35:21.766,AR/USDT:USDT,7.601,324.0,7.6,1002.0,7.607,10.0,7.608,674.0
1753533321863,12:35:21.863,AR/USDT:USDT,7.601,324.0,7.6,1002.0,7.607,10.0,7.608,674.0
1753533321962,12:35:21.962,AR/USDT:USDT,7.601,324.0,7.6,1002.0,7.607,10.0,7.608,674.0
1753533322040,12:35:22.040,AR/USDT:USDT,7.601,324.0,7.6,1002.0,7.607,10.0,7.608,674.0
1753533322520,12:35:22.520,AR/USDT:USDT,7.601,324.0,7.6,1002.0,7.607,10.0,7.608,675.0
1753533322619,12:35:22.619,AR/USDT:USDT,7.601,324.0,7.6,1002.0,7.607,10.0,7.608,674.0
1753533322835,12:35:22.835,AR/USDT:USDT,7.601,324.0,7.6,1002.0,7.607,10.0,7.608,674.0
1753533322937,12:35:22.937,AR/USDT:USDT,7.601,324.0,7.6,1002.0,7.607,10.0,7.608,674.0
1753533323038,12:35:23.038,AR/USDT:USDT,7.601,324.0,7.6,1002.0,7.607,10.0,7.608,674.0
1753533323142,12:35:23.142,AR/USDT:USDT,7.601,324.0,7.6,1002.0,7.607,10.0,7.608,674.0
1753533323262,12:35:23.262,AR/USDT:USDT,7.601,324.0,7.6,1002.0,7.607,10.0,7.608,674.0
1753533323642,12:35:23.642,AR/USDT:USDT,7.601,324.0,7.6,1002.0,7.607,10.0,7.608,674.0
1753533324441,12:35:24.441,AR/USDT:USDT,7.601,324.0,7.6,1002.0,7.607,10.0,7.608,674.0
1753533325083,12:35:25.083,AR/USDT:USDT,7.601,324.0,7.6,1002.0,7.607,10.0,7.608,674.0
1753533326776,12:35:26.776,AR/USDT:USDT,7.601,324.0,7.6,1002.0,7.607,1033.0,7.608,674.0
1753533326983,12:35:26.983,AR/USDT:USDT,7.601,324.0,7.6,1002.0,7.607,1033.0,7.608,674.0
1753533329885,12:35:29.885,AR/USDT:USDT,7.601,324.0,7.6,1002.0,7.607,1033.0,7.608,674.0
1753533334683,12:35:34.683,AR/USDT:USDT,7.601,324.0,7.6,1002.0,7.607,1033.0,7.608,674.0
1753533335033,12:35:35.033,AR/USDT:USDT,7.601,324.0,7.6,1002.0,7.607,1033.0,7.608,674.0
1753533336880,12:35:36.880,AR/USDT:USDT,7.601,324.0,7.6,1002.0,7.607,10.0,7.608,674.0
1753533338375,12:35:38.375,AR/USDT:USDT,7.602,159.0,7.601,417.0,7.607,10.0,7.611,3670.0
1753533338455,12:35:38.455,AR/USDT:USDT,7.603,3.0,7.602,139.0,7.61,10.0,7.611,3670.0
1753533338566,12:35:38.566,AR/USDT:USDT,7.603,3.0,7.602,139.0,7.61,10.0,7.611,3670.0
1753533338774,12:35:38.774,AR/USDT:USDT,7.603,3.0,7.602,139.0,7.61,10.0,7.611,3670.0
1753533338830,12:35:38.830,AR/USDT:USDT,7.603,3.0,7.602,139.0,7.61,10.0,7.611,3670.0
1753533339485,12:35:39.485,AR/USDT:USDT,7.603,3.0,7.602,139.0,7.61,10.0,7.611,3670.0
1753533339651,12:35:39.651,AR/USDT:USDT,7.603,3.0,7.602,139.0,7.61,10.0,7.611,3670.0
1753533339951,12:35:39.951,AR/USDT:USDT,7.603,3.0,7.602,139.0,7.61,10.0,7.611,3670.0
1753533340136,12:35:40.136,AR/USDT:USDT,7.603,3.0,7.602,139.0,7.61,10.0,7.611,3670.0
1753533340241,12:35:40.241,AR/USDT:USDT,7.603,3.0,7.602,139.0,7.61,10.0,7.611,3670.0
1753533340431,12:35:40.431,AR/USDT:USDT,7.603,3.0,7.602,139.0,7.61,10.0,7.611,3670.0
1753533340515,12:35:40.515,AR/USDT:USDT,7.603,3.0,7.602,139.0,7.61,10.0,7.611,3670.0
1753533341009,12:35:41.009,AR/USDT:USDT,7.603,3.0,7.602,139.0,7.61,10.0,7.611,3670.0
1753533342104,12:35:42.104,AR/USDT:USDT,7.603,3.0,7.602,139.0,7.61,10.0,7.611,3670.0
1753533342632,12:35:42.632,AR/USDT:USDT,7.603,3.0,7.602,139.0,7.61,10.0,7.611,3670.0
1753533344136,12:35:44.136,AR/USDT:USDT,7.603,3.0,7.602,139.0,7.61,10.0,7.611,3670.0
1753533344284,12:35:44.284,AR/USDT:USDT,7.603,3.0,7.602,139.0,7.61,10.0,7.611,3670.0
1753533344295,12:35:44.295,AR/USDT:USDT,7.603,3.0,7.602,139.0,7.61,10.0,7.611,3670.0
1753533346415,12:35:46.415,AR/USDT:USDT,7.603,3.0,7.602,139.0,7.61,10.0,7.611,3670.0
1753533346518,12:35:46.518,AR/USDT:USDT,7.603,3.0,7.602,139.0,7.61,10.0,7.611,3670.0
1753533346604,12:35:46.604,AR/USDT:USDT,7.603,3.0,7.602,139.0,7.61,10.0,7.611,3670.0
1753533346860,12:35:46.860,AR/USDT:USDT,7.603,3.0,7.602,139.0,7.61,105.0,7.611,3670.0
1753533346983,12:35:46.983,AR/USDT:USDT,7.603,3.0,7.602,118.0,7.61,105.0,7.611,3670.0
1753533347085,12:35:47.085,AR/USDT:USDT,7.602,3.0,7.601,439.0,7.608,674.0,7.609,95.0
1753533347115,12:35:47.115,AR/USDT:USDT,7.602,3.0,7.601,321.0,7.607,10.0,7.608,715.0
1753533347215,12:35:47.215,AR/USDT:USDT,7.602,44.0,7.601,346.0,7.607,10.0,7.608,715.0
1753533347331,12:35:47.331,AR/USDT:USDT,7.602,44.0,7.601,346.0,7.607,10.0,7.608,715.0
1753533347440,12:35:47.440,AR/USDT:USDT,7.602,44.0,7.601,346.0,7.607,10.0,7.608,715.0
1753533347759,12:35:47.759,AR/USDT:USDT,7.602,44.0,7.601,346.0,7.607,10.0,7.608,715.0
1753533348475,12:35:48.475,AR/USDT:USDT,7.602,44.0,7.601,346.0,7.607,10.0,7.608,21.0
1753533348576,12:35:48.576,AR/USDT:USDT,7.602,44.0,7.601,441.0,7.608,41.0,7.609,10.0
1753533348621,12:35:48.621,AR/USDT:USDT,7.602,44.0,7.601,441.0,7.608,41.0,7.609,10.0
1753533349084,12:35:49.084,AR/USDT:USDT,7.602,44.0,7.601,441.0,7.608,41.0,7.609,10.0
1753533350590,12:35:50.590,AR/USDT:USDT,7.602,137.0,7.601,441.0,7.608,20.0,7.609,10.0
1753533350677,12:35:50.677,AR/USDT:USDT,7.603,93.0,7.602,137.0,7.609,10.0,7.611,4358.0
1753533350775,12:35:50.775,AR/USDT:USDT,7.603,93.0,7.602,137.0,7.61,10.0,7.611,1023.0
1753533350838,12:35:50.838,AR/USDT:USDT,7.603,93.0,7.602,162.0,7.61,1033.0,7.612,93.0
1753533350895,12:35:50.895,AR/USDT:USDT,7.603,93.0,7.602,162.0,7.61,1033.0,7.612,93.0
1753533351048,12:35:51.048,AR/USDT:USDT,7.603,93.0,7.602,162.0,7.61,1033.0,7.612,93.0
1753533351103,12:35:51.103,AR/USDT:USDT,7.603,93.0,7.602,162.0,7.61,1033.0,7.612,93.0
1753533352355,12:35:52.355,AR/USDT:USDT,7.604,134.0,7.603,512.0,7.61,1033.0,7.613,1278.0
1753533352405,12:35:52.405,AR/USDT:USDT,7.605,3.0,7.604,134.0,7.61,1033.0,7.613,1278.0
1753533352591,12:35:52.591,AR/USDT:USDT,7.605,1064.0,7.604,159.0,7.61,10.0,7.612,1023.0
1753533352672,12:35:52.672,AR/USDT:USDT,7.606,360.0,7.605,1130.0,7.611,10.0,7.612,1023.0
1753533352735,12:35:52.735,AR/USDT:USDT,7.607,3.0,7.606,360.0,7.611,30.0,7.612,1044.0
1753533352865,12:35:52.865,AR/USDT:USDT,7.607,3.0,7.606,360.0,7.611,30.0,7.612,1044.0
1753533353089,12:35:53.089,AR/USDT:USDT,7.607,3.0,7.606,360.0,7.611,30.0,7.612,1044.0
1753533353635,12:35:53.635,AR/USDT:USDT,7.607,3.0,7.606,360.0,7.611,30.0,7.612,1044.0
1753533353767,12:35:53.767,AR/USDT:USDT,7.607,3.0,7.606,360.0,7.611,10.0,7.612,1064.0
1753533353884,12:35:53.884,AR/USDT:USDT,7.607,3.0,7.606,360.0,7.611,10.0,7.612,1064.0
1753533354687,12:35:54.687,AR/USDT:USDT,7.607,3.0,7.606,360.0,7.611,10.0,7.612,1064.0
1753533354715,12:35:54.715,AR/USDT:USDT,7.607,3.0,7.606,385.0,7.611,10.0,7.612,1064.0
1753533355034,12:35:55.034,AR/USDT:USDT,7.607,3.0,7.606,365.0,7.611,10.0,7.612,1064.0
1753533355344,12:35:55.344,AR/USDT:USDT,7.607,3.0,7.606,365.0,7.611,10.0,7.612,1064.0
1753533355679,12:35:55.679,AR/USDT:USDT,7.607,3.0,7.606,385.0,7.611,10.0,7.612,1064.0
1753533356579,12:35:56.579,AR/USDT:USDT,7.607,3.0,7.606,385.0,7.611,10.0,7.612,1044.0
1753533356671,12:35:56.671,AR/USDT:USDT,7.607,3.0,7.606,385.0,7.611,10.0,7.612,1044.0
1753533357208,12:35:57.208,AR/USDT:USDT,7.607,3.0,7.606,385.0,7.611,10.0,7.612,1044.0
1753533357359,12:35:57.359,AR/USDT:USDT,7.607,3.0,7.606,385.0,7.611,10.0,7.612,1023.0
1753533357884,12:35:57.884,AR/USDT:USDT,7.607,121.0,7.606,453.0,7.611,10.0,7.613,1023.0
1753533357972,12:35:57.972,AR/USDT:USDT,7.607,121.0,7.606,453.0,7.612,10.0,7.613,1023.0
1753533358003,12:35:58.003,AR/USDT:USDT,7.607,121.0,7.606,453.0,7.612,10.0,7.613,1023.0
1753533358190,12:35:58.190,AR/USDT:USDT,7.607,121.0,7.606,453.0,7.612,10.0,7.613,1023.0
1753533358199,12:35:58.199,AR/USDT:USDT,7.607,121.0,7.606,453.0,7.612,10.0,7.613,1023.0
1753533359390,12:35:59.390,AR/USDT:USDT,7.607,121.0,7.606,453.0,7.612,10.0,7.613,1023.0
1753533359395,12:35:59.395,AR/USDT:USDT,7.607,121.0,7.606,453.0,7.612,10.0,7.613,1023.0
1753533360317,12:36:00.317,AR/USDT:USDT,7.607,121.0,7.606,453.0,7.612,10.0,7.613,1023.0
1753533360576,12:36:00.576,AR/USDT:USDT,7.607,121.0,7.606,453.0,7.612,10.0,7.615,674.0
1753533360600,12:36:00.600,AR/USDT:USDT,7.607,121.0,7.606,453.0,7.614,10.0,7.615,674.0
1753533360891,12:36:00.891,AR/USDT:USDT,7.609,66.0,7.608,97.0,7.614,10.0,7.617,93.0
1753533360956,12:36:00.956,AR/USDT:USDT,7.609,69.0,7.608,97.0,7.617,406.0,7.618,1010.0
1753533361020,12:36:01.020,AR/USDT:USDT,7.609,69.0,7.608,97.0,7.617,406.0,7.618,1010.0
1753533361150,12:36:01.150,AR/USDT:USDT,7.609,69.0,7.608,97.0,7.617,406.0,7.618,1010.0
1753533361258,12:36:01.258,AR/USDT:USDT,7.609,69.0,7.608,97.0,7.617,103.0,7.618,1010.0
1753533361345,12:36:01.345,AR/USDT:USDT,7.609,69.0,7.608,97.0,7.617,103.0,7.618,1010.0
1753533361448,12:36:01.448,AR/USDT:USDT,7.609,69.0,7.608,97.0,7.617,103.0,7.618,1010.0
1753533361537,12:36:01.537,AR/USDT:USDT,7.609,69.0,7.607,93.0,7.617,103.0,7.618,1010.0
1753533361599,12:36:01.599,AR/USDT:USDT,7.609,66.0,7.608,3.0,7.617,103.0,7.618,1010.0
1753533361762,12:36:01.762,AR/USDT:USDT,7.609,163.0,7.608,3.0,7.617,103.0,7.618,1010.0
1753533361840,12:36:01.840,AR/USDT:USDT,7.61,3.0,7.609,163.0,7.617,30.0,7.618,1010.0
1753533361973,12:36:01.973,AR/USDT:USDT,7.611,25.0,7.61,586.0,7.617,51.0,7.618,1010.0
1753533362063,12:36:02.063,AR/USDT:USDT,7.611,25.0,7.61,586.0,7.617,51.0,7.618,1010.0
1753533362187,12:36:02.187,AR/USDT:USDT,7.611,25.0,7.61,586.0,7.617,51.0,7.618,674.0
1753533362275,12:36:02.275,AR/USDT:USDT,7.611,25.0,7.61,586.0,7.617,51.0,7.618,674.0
1753533363220,12:36:03.220,AR/USDT:USDT,7.611,25.0,7.61,586.0,7.617,51.0,7.618,674.0
1753533363667,12:36:03.667,AR/USDT:USDT,7.611,25.0,7.61,586.0,7.617,51.0,7.618,674.0
1753533364011,12:36:04.011,AR/USDT:USDT,7.611,25.0,7.61,586.0,7.617,51.0,7.618,674.0
1753533364271,12:36:04.271,AR/USDT:USDT,7.611,66.0,7.61,586.0,7.617,51.0,7.618,674.0
1753533364783,12:36:04.783,AR/USDT:USDT,7.611,25.0,7.61,586.0,7.617,51.0,7.618,674.0
1753533365091,12:36:05.091,AR/USDT:USDT,7.611,25.0,7.61,586.0,7.617,51.0,7.618,674.0
1753533365095,12:36:05.095,AR/USDT:USDT,7.611,25.0,7.61,586.0,7.617,51.0,7.618,674.0
1753533365278,12:36:05.278,AR/USDT:USDT,7.611,66.0,7.61,586.0,7.617,51.0,7.618,674.0
1753533365380,12:36:05.380,AR/USDT:USDT,7.611,66.0,7.61,586.0,7.617,51.0,7.618,674.0
1753533365452,12:36:05.452,AR/USDT:USDT,7.611,46.0,7.61,586.0,7.617,51.0,7.618,674.0
1753533365590,12:36:05.590,AR/USDT:USDT,7.611,46.0,7.61,586.0,7.617,51.0,7.618,674.0
1753533365688,12:36:05.688,AR/USDT:USDT,7.611,46.0,7.61,586.0,7.617,51.0,7.618,674.0
1753533365792,12:36:05.792,AR/USDT:USDT,7.611,66.0,7.61,586.0,7.617,51.0,7.618,674.0
1753533365876,12:36:05.876,AR/USDT:USDT,7.611,46.0,7.61,586.0,7.617,1074.0,7.618,674.0
1753533365987,12:36:05.987,AR/USDT:USDT,7.611,25.0,7.61,586.0,7.617,1074.0,7.618,674.0
1753533366038,12:36:06.038,AR/USDT:USDT,7.611,25.0,7.61,586.0,7.617,1074.0,7.618,674.0
1753533366102,12:36:06.102,AR/USDT:USDT,7.611,25.0,7.61,586.0,7.617,1074.0,7.618,674.0
1753533366542,12:36:06.542,AR/USDT:USDT,7.611,25.0,7.61,586.0,7.617,1074.0,7.618,674.0
1753533366858,12:36:06.858,AR/USDT:USDT,7.611,25.0,7.61,586.0,7.617,1074.0,7.618,674.0
1753533366903,12:36:06.903,AR/USDT:USDT,7.611,46.0,7.61,586.0,7.617,1074.0,7.618,674.0
1753533367389,12:36:07.389,AR/USDT:USDT,7.611,460.0,7.61,586.0,7.617,10.0,7.619,771.0
1753533367476,12:36:07.476,AR/USDT:USDT,7.612,3.0,7.611,460.0,7.618,51.0,7.619,771.0
1753533367583,12:36:07.583,AR/USDT:USDT,7.612,3.0,7.611,460.0,7.618,51.0,7.619,771.0
1753533367679,12:36:07.679,AR/USDT:USDT,7.612,3.0,7.611,460.0,7.618,51.0,7.619,771.0
1753533367716,12:36:07.716,AR/USDT:USDT,7.612,3.0,7.611,460.0,7.618,51.0,7.619,771.0
1753533367949,12:36:07.949,AR/USDT:USDT,7.612,3.0,7.611,460.0,7.618,51.0,7.619,771.0
1753533368080,12:36:08.080,AR/USDT:USDT,7.612,3.0,7.611,460.0,7.618,51.0,7.619,771.0
1753533368190,12:36:08.190,AR/USDT:USDT,7.612,3.0,7.611,460.0,7.618,31.0,7.619,771.0
1753533368275,12:36:08.275,AR/USDT:USDT,7.612,3.0,7.611,460.0,7.618,31.0,7.619,771.0
1753533368347,12:36:08.347,AR/USDT:USDT,7.612,3.0,7.611,460.0,7.618,51.0,7.619,771.0
1753533368527,12:36:08.527,AR/USDT:USDT,7.612,3.0,7.611,460.0,7.618,51.0,7.619,771.0
1753533368656,12:36:08.656,AR/USDT:USDT,7.612,3.0,7.611,460.0,7.618,51.0,7.619,771.0
1753533369090,12:36:09.090,AR/USDT:USDT,7.613,26.0,7.612,494.0,7.618,10.0,7.619,674.0
1753533369188,12:36:09.188,AR/USDT:USDT,7.613,67.0,7.612,494.0,7.618,31.0,7.619,674.0
1753533369251,12:36:09.251,AR/USDT:USDT,7.613,26.0,7.612,494.0,7.618,51.0,7.619,674.0
1753533369316,12:36:09.316,AR/USDT:USDT,7.612,464.0,7.611,97.0,7.618,51.0,7.619,674.0
1753533369718,12:36:09.718,AR/USDT:USDT,7.612,464.0,7.611,97.0,7.618,51.0,7.619,674.0
1753533370120,12:36:10.120,AR/USDT:USDT,7.612,464.0,7.611,97.0,7.618,51.0,7.619,674.0
1753533370387,12:36:10.387,AR/USDT:USDT,7.612,464.0,7.611,97.0,7.618,30.0,7.619,674.0
1753533370455,12:36:10.455,AR/USDT:USDT,7.612,464.0,7.611,97.0,7.618,10.0,7.62,767.0
1753533370548,12:36:10.548,AR/USDT:USDT,7.612,464.0,7.611,97.0,7.619,10.0,7.62,767.0
1753533371022,12:36:11.022,AR/USDT:USDT,7.614,26.0,7.613,394.0,7.619,51.0,7.62,674.0
1753533371104,12:36:11.104,AR/USDT:USDT,7.614,3.0,7.613,420.0,7.619,51.0,7.62,674.0
1753533371195,12:36:11.195,AR/USDT:USDT,7.614,3.0,7.613,420.0,7.619,51.0,7.62,674.0
1753533371340,12:36:11.340,AR/USDT:USDT,7.614,3.0,7.613,420.0,7.619,51.0,7.62,674.0
1753533371590,12:36:11.590,AR/USDT:USDT,7.614,3.0,7.613,420.0,7.619,51.0,7.62,674.0
1753533371611,12:36:11.611,AR/USDT:USDT,7.614,3.0,7.613,420.0,7.619,51.0,7.62,674.0
1753533372070,12:36:12.070,AR/USDT:USDT,7.614,3.0,7.613,420.0,7.619,51.0,7.62,674.0
1753533372159,12:36:12.159,AR/USDT:USDT,7.614,3.0,7.613,420.0,7.619,51.0,7.62,674.0
1753533372275,12:36:12.275,AR/USDT:USDT,7.614,3.0,7.613,420.0,7.619,51.0,7.62,674.0
1753533372460,12:36:12.460,AR/USDT:USDT,7.614,3.0,7.613,420.0,7.619,1074.0,7.62,674.0
1753533372990,12:36:12.990,AR/USDT:USDT,7.614,3.0,7.613,420.0,7.619,1074.0,7.62,674.0
1753533373982,12:36:13.982,AR/USDT:USDT,7.614,44.0,7.613,420.0,7.619,1033.0,7.62,674.0
1753533374034,12:36:14.034,AR/USDT:USDT,7.614,70.0,7.613,394.0,7.619,10.0,7.62,1697.0
1753533374188,12:36:14.188,AR/USDT:USDT,7.614,70.0,7.613,394.0,7.619,31.0,7.62,1697.0
1753533374264,12:36:14.264,AR/USDT:USDT,7.614,70.0,7.613,394.0,7.619,51.0,7.62,1697.0
1753533374374,12:36:14.374,AR/USDT:USDT,7.614,70.0,7.613,394.0,7.619,31.0,7.62,1697.0
1753533374453,12:36:14.453,AR/USDT:USDT,7.614,70.0,7.613,394.0,7.619,51.0,7.62,1697.0
1753533374585,12:36:14.585,AR/USDT:USDT,7.614,70.0,7.613,394.0,7.619,31.0,7.62,1697.0
1753533374687,12:36:14.687,AR/USDT:USDT,7.614,464.0,7.611,97.0,7.619,10.0,7.621,95.0
1753533374736,12:36:14.736,AR/USDT:USDT,7.614,464.0,7.611,97.0,7.621,10.0,7.622,3439.0
1753533374815,12:36:14.815,AR/USDT:USDT,7.614,464.0,7.611,97.0,7.621,10.0,7.622,3439.0
1753533375037,12:36:15.037,AR/USDT:USDT,7.614,464.0,7.611,97.0,7.621,10.0,7.622,3439.0
1753533375096,12:36:15.096,AR/USDT:USDT,7.614,464.0,7.611,97.0,7.621,10.0,7.622,3775.0
1753533375678,12:36:15.678,AR/USDT:USDT,7.615,393.0,7.614,70.0,7.621,10.0,7.622,3682.0
1753533375756,12:36:15.756,AR/USDT:USDT,7.616,29.0,7.615,393.0,7.621,51.0,7.622,3682.0
1753533375875,12:36:15.875,AR/USDT:USDT,7.616,3.0,7.615,419.0,7.621,51.0,7.622,3682.0
1753533375976,12:36:15.976,AR/USDT:USDT,7.616,3.0,7.615,419.0,7.621,51.0,7.622,3682.0
1753533375995,12:36:15.995,AR/USDT:USDT,7.616,3.0,7.615,419.0,7.621,51.0,7.622,3682.0
1753533376186,12:36:16.186,AR/USDT:USDT,7.616,44.0,7.615,419.0,7.621,51.0,7.623,1120.0
1753533376270,12:36:16.270,AR/USDT:USDT,7.616,351.0,7.615,1023.0,7.621,21.0,7.622,10.0
1753533376562,12:36:16.562,AR/USDT:USDT,7.616,351.0,7.615,1023.0,7.621,21.0,7.622,10.0
1753533377089,12:36:17.089,AR/USDT:USDT,7.616,351.0,7.615,1023.0,7.621,21.0,7.622,10.0
1753533377455,12:36:17.455,AR/USDT:USDT,7.616,351.0,7.615,1023.0,7.621,21.0,7.622,10.0
1753533377509,12:36:17.509,AR/USDT:USDT,7.616,351.0,7.615,1023.0,7.621,21.0,7.622,10.0
1753533377717,12:36:17.717,AR/USDT:USDT,7.616,351.0,7.615,1023.0,7.621,41.0,7.622,10.0
1753533378071,12:36:18.071,AR/USDT:USDT,7.616,330.0,7.615,1023.0,7.621,41.0,7.622,10.0
1753533378339,12:36:18.339,AR/USDT:USDT,7.616,330.0,7.615,1023.0,7.621,41.0,7.622,10.0
1753533378497,12:36:18.497,AR/USDT:USDT,7.616,330.0,7.615,1023.0,7.621,41.0,7.622,10.0
1753533378736,12:36:18.736,AR/USDT:USDT,7.616,330.0,7.615,1023.0,7.621,41.0,7.622,10.0
1753533379390,12:36:19.390,AR/USDT:USDT,7.617,26.0,7.616,351.0,7.622,30.0,7.623,1023.0
1753533379482,12:36:19.482,AR/USDT:USDT,7.616,377.0,7.615,997.0,7.622,51.0,7.623,1023.0
1753533379560,12:36:19.560,AR/USDT:USDT,7.616,377.0,7.615,997.0,7.622,51.0,7.623,1023.0
1753533380389,12:36:20.389,AR/USDT:USDT,7.616,336.0,7.615,997.0,7.622,51.0,7.623,1023.0
1753533380501,12:36:20.501,AR/USDT:USDT,7.616,356.0,7.615,997.0,7.622,51.0,7.623,1023.0
1753533380870,12:36:20.870,AR/USDT:USDT,7.616,356.0,7.615,997.0,7.622,51.0,7.623,1023.0
1753533381015,12:36:21.015,AR/USDT:USDT,7.616,356.0,7.615,997.0,7.622,51.0,7.623,1023.0
1753533381250,12:36:21.250,AR/USDT:USDT,7.616,356.0,7.615,997.0,7.622,51.0,7.623,1023.0
1753533381669,12:36:21.669,AR/USDT:USDT,7.616,356.0,7.615,997.0,7.622,51.0,7.623,1023.0
1753533382034,12:36:22.034,AR/USDT:USDT,7.616,356.0,7.615,997.0,7.622,51.0,7.623,1023.0
1753533382920,12:36:22.920,AR/USDT:USDT,7.616,356.0,7.615,997.0,7.622,51.0,7.623,1024.0
1753533383018,12:36:23.018,AR/USDT:USDT,7.616,356.0,7.615,997.0,7.622,51.0,7.623,1023.0
1753533383297,12:36:23.297,AR/USDT:USDT,7.616,356.0,7.615,997.0,7.622,51.0,7.623,1023.0
1753533385262,12:36:25.262,AR/USDT:USDT,7.616,356.0,7.615,997.0,7.622,51.0,7.623,1023.0
1753533386010,12:36:26.010,AR/USDT:USDT,7.616,356.0,7.615,997.0,7.622,51.0,7.623,1023.0
1753533386417,12:36:26.417,AR/USDT:USDT,7.616,356.0,7.615,997.0,7.622,51.0,7.623,1023.0
1753533387070,12:36:27.070,AR/USDT:USDT,7.616,356.0,7.615,997.0,7.622,10.0,7.623,1023.0
1753533387970,12:36:27.970,AR/USDT:USDT,7.616,422.0,7.615,997.0,7.622,10.0,7.623,1023.0
1753533388087,12:36:28.087,AR/USDT:USDT,7.616,356.0,7.615,997.0,7.622,10.0,7.623,1023.0
1753533388190,12:36:28.190,AR/USDT:USDT,7.616,356.0,7.615,997.0,7.622,10.0,7.623,1023.0
1753533389303,12:36:29.303,AR/USDT:USDT,7.616,356.0,7.615,997.0,7.622,10.0,7.623,1023.0
1753533390122,12:36:30.122,AR/USDT:USDT,7.616,356.0,7.615,997.0,7.622,10.0,7.623,1023.0
1753533390475,12:36:30.475,AR/USDT:USDT,7.616,356.0,7.615,997.0,7.622,10.0,7.623,1023.0
1753533391339,12:36:31.339,AR/USDT:USDT,7.616,356.0,7.615,997.0,7.622,10.0,7.623,1023.0
1753533391635,12:36:31.635,AR/USDT:USDT,7.616,356.0,7.615,997.0,7.622,10.0,7.623,1023.0
1753533392158,12:36:32.158,AR/USDT:USDT,7.616,356.0,7.615,997.0,7.622,10.0,7.623,1023.0
1753533392897,12:36:32.897,AR/USDT:USDT,7.616,356.0,7.615,997.0,7.622,10.0,7.623,1023.0
1753533393185,12:36:33.185,AR/USDT:USDT,7.616,356.0,7.615,997.0,7.622,10.0,7.623,1023.0
1753533393379,12:36:33.379,AR/USDT:USDT,7.616,356.0,7.615,997.0,7.622,10.0,7.623,1023.0
1753533395404,12:36:35.404,AR/USDT:USDT,7.616,356.0,7.615,997.0,7.622,10.0,7.623,1023.0
1753533395862,12:36:35.862,AR/USDT:USDT,7.616,356.0,7.615,997.0,7.622,10.0,7.623,1023.0
1753533396306,12:36:36.306,AR/USDT:USDT,7.616,336.0,7.615,997.0,7.622,10.0,7.623,1023.0
1753533396576,12:36:36.576,AR/USDT:USDT,7.616,336.0,7.615,997.0,7.621,1064.0,7.622,10.0
1753533396684,12:36:36.684,AR/USDT:USDT,7.616,356.0,7.615,997.0,7.62,10.0,7.621,1064.0
1753533397003,12:36:37.003,AR/USDT:USDT,7.616,356.0,7.615,997.0,7.62,10.0,7.621,1064.0
1753533397096,12:36:37.096,AR/USDT:USDT,7.616,377.0,7.615,997.0,7.62,10.0,7.621,1064.0
1753533397237,12:36:37.237,AR/USDT:USDT,7.616,377.0,7.615,997.0,7.62,10.0,7.621,1064.0
1753533397697,12:36:37.697,AR/USDT:USDT,7.616,377.0,7.615,997.0,7.62,10.0,7.621,1064.0
1753533397907,12:36:37.907,AR/USDT:USDT,7.616,377.0,7.615,997.0,7.62,10.0,7.621,1064.0
1753533399127,12:36:39.127,AR/USDT:USDT,7.616,377.0,7.615,997.0,7.62,10.0,7.621,1064.0
1753533399805,12:36:39.805,AR/USDT:USDT,7.616,336.0,7.615,997.0,7.62,10.0,7.621,1064.0
1753533400016,12:36:40.016,AR/USDT:USDT,7.616,336.0,7.615,997.0,7.62,10.0,7.621,1064.0
1753533400661,12:36:40.661,AR/USDT:USDT,7.616,336.0,7.615,997.0,7.62,10.0,7.621,1064.0
1753533401214,12:36:41.214,AR/USDT:USDT,7.616,377.0,7.615,997.0,7.62,10.0,7.621,1064.0
1753533402055,12:36:42.055,AR/USDT:USDT,7.616,377.0,7.615,997.0,7.62,10.0,7.621,1064.0
1753533402498,12:36:42.498,AR/USDT:USDT,7.616,377.0,7.615,997.0,7.62,10.0,7.621,1064.0
1753533403403,12:36:43.403,AR/USDT:USDT,7.616,336.0,7.615,997.0,7.62,10.0,7.621,1064.0
1753533404110,12:36:44.110,AR/USDT:USDT,7.616,377.0,7.615,997.0,7.62,10.0,7.621,1064.0
1753533405458,12:36:45.458,AR/USDT:USDT,7.616,336.0,7.615,997.0,7.62,10.0,7.621,1064.0
1753533407034,12:36:47.034,AR/USDT:USDT,7.616,336.0,7.615,997.0,7.62,10.0,7.621,1064.0
1753533407297,12:36:47.297,AR/USDT:USDT,7.616,336.0,7.615,997.0,7.62,10.0,7.621,1064.0
1753533407859,12:36:47.859,AR/USDT:USDT,7.616,336.0,7.615,997.0,7.62,10.0,7.621,1064.0
1753533409007,12:36:49.007,AR/USDT:USDT,7.616,336.0,7.615,997.0,7.62,10.0,7.621,1064.0
1753533412099,12:36:52.099,AR/USDT:USDT,7.616,336.0,7.615,997.0,7.62,10.0,7.621,1064.0
1753533416424,12:36:56.424,AR/USDT:USDT,7.616,336.0,7.615,997.0,7.62,10.0,7.621,1064.0
1753533416899,12:36:56.899,AR/USDT:USDT,7.616,336.0,7.615,997.0,7.62,10.0,7.621,1064.0
1753533417240,12:36:57.240,AR/USDT:USDT,7.616,336.0,7.615,997.0,7.62,10.0,7.621,1064.0
1753533417999,12:36:57.999,AR/USDT:USDT,7.616,377.0,7.615,997.0,7.62,10.0,7.621,1064.0
1753533419287,12:36:59.287,AR/USDT:USDT,7.616,377.0,7.615,997.0,7.62,10.0,7.621,1064.0
1753533419915,12:36:59.915,AR/USDT:USDT,7.616,377.0,7.615,997.0,7.62,10.0,7.621,1044.0
1753533420145,12:37:00.145,AR/USDT:USDT,7.616,377.0,7.615,997.0,7.62,10.0,7.621,1044.0
1753533421079,12:37:01.079,AR/USDT:USDT,7.616,377.0,7.615,997.0,7.62,10.0,7.621,1023.0
1753533421155,12:37:01.155,AR/USDT:USDT,7.616,351.0,7.615,1023.0,7.62,31.0,7.622,1023.0
1753533421220,12:37:01.220,AR/USDT:USDT,7.616,351.0,7.615,1023.0,7.62,21.0,7.621,10.0
1753533421334,12:37:01.334,AR/USDT:USDT,7.616,351.0,7.615,1023.0,7.621,10.0,7.622,1023.0
1753533421455,12:37:01.455,AR/USDT:USDT,7.616,377.0,7.615,997.0,7.621,10.0,7.622,1023.0
1753533421540,12:37:01.540,AR/USDT:USDT,7.616,377.0,7.615,997.0,7.621,10.0,7.622,1023.0
1753533421655,12:37:01.655,AR/USDT:USDT,7.616,377.0,7.615,997.0,7.621,10.0,7.622,1023.0
1753533421787,12:37:01.787,AR/USDT:USDT,7.616,463.0,7.615,604.0,7.621,10.0,7.622,1023.0
1753533421875,12:37:01.875,AR/USDT:USDT,7.616,463.0,7.615,604.0,7.621,10.0,7.622,1023.0
1753533422045,12:37:02.045,AR/USDT:USDT,7.616,463.0,7.615,604.0,7.621,10.0,7.622,1023.0
1753533422095,12:37:02.095,AR/USDT:USDT,7.616,463.0,7.615,604.0,7.621,10.0,7.622,1023.0
1753533423006,12:37:03.006,AR/USDT:USDT,7.616,463.0,7.615,604.0,7.621,10.0,7.622,1023.0
1753533423095,12:37:03.095,AR/USDT:USDT,7.616,463.0,7.615,604.0,7.621,10.0,7.622,1023.0
1753533424515,12:37:04.515,AR/USDT:USDT,7.616,463.0,7.615,604.0,7.621,10.0,7.622,1023.0
1753533425215,12:37:05.215,AR/USDT:USDT,7.616,463.0,7.615,604.0,7.621,10.0,7.622,1023.0
1753533425377,12:37:05.377,AR/USDT:USDT,7.616,463.0,7.615,604.0,7.621,10.0,7.622,1023.0
1753533426076,12:37:06.076,AR/USDT:USDT,7.617,393.0,7.616,70.0,7.621,10.0,7.623,1023.0
1753533426115,12:37:06.115,AR/USDT:USDT,7.618,44.0,7.617,419.0,7.622,10.0,7.623,1023.0
1753533426241,12:37:06.241,AR/USDT:USDT,7.618,44.0,7.617,419.0,7.622,10.0,7.623,1023.0
1753533426498,12:37:06.498,AR/USDT:USDT,7.618,44.0,7.617,419.0,7.622,10.0,7.623,1023.0
1753533428015,12:37:08.015,AR/USDT:USDT,7.618,44.0,7.617,419.0,7.622,10.0,7.623,1023.0
1753533428223,12:37:08.223,AR/USDT:USDT,7.618,44.0,7.617,419.0,7.622,10.0,7.623,1023.0
1753533429878,12:37:09.878,AR/USDT:USDT,7.618,44.0,7.617,419.0,7.622,10.0,7.623,1023.0
1753533430013,12:37:10.013,AR/USDT:USDT,7.618,44.0,7.617,419.0,7.622,10.0,7.623,1023.0
1753533430153,12:37:10.153,AR/USDT:USDT,7.618,44.0,7.617,419.0,7.622,10.0,7.623,1023.0
1753533430589,12:37:10.589,AR/USDT:USDT,7.618,110.0,7.617,419.0,7.622,10.0,7.623,1023.0
1753533430594,12:37:10.594,AR/USDT:USDT,7.618,110.0,7.617,419.0,7.622,10.0,7.623,1023.0
1753533430884,12:37:10.884,AR/USDT:USDT,7.618,110.0,7.617,419.0,7.622,10.0,7.623,1023.0
1753533430976,12:37:10.976,AR/USDT:USDT,7.619,419.0,7.618,110.0,7.625,940.0,7.63,517.0
1753533431083,12:37:11.083,AR/USDT:USDT,7.62,80.0,7.619,393.0,7.625,940.0,7.63,517.0
1753533431176,12:37:11.176,AR/USDT:USDT,7.62,80.0,7.619,393.0,7.625,940.0,7.629,768.0
1753533431282,12:37:11.282,AR/USDT:USDT,7.62,80.0,7.619,393.0,7.625,940.0,7.629,768.0
1753533431355,12:37:11.355,AR/USDT:USDT,7.62,80.0,7.619,393.0,7.625,940.0,7.629,768.0
1753533431864,12:37:11.864,AR/USDT:USDT,7.62,80.0,7.619,393.0,7.625,940.0,7.629,768.0
1753533432591,12:37:12.591,AR/USDT:USDT,7.62,80.0,7.619,393.0,7.625,940.0,7.629,768.0
1753533432596,12:37:12.596,AR/USDT:USDT,7.62,80.0,7.619,393.0,7.625,940.0,7.629,768.0
1753533433081,12:37:13.081,AR/USDT:USDT,7.62,80.0,7.619,393.0,7.629,1697.0,7.63,611.0
1753533433115,12:37:13.115,AR/USDT:USDT,7.62,692.0,7.619,393.0,7.628,1023.0,7.629,674.0
1753533433692,12:37:13.692,AR/USDT:USDT,7.62,692.0,7.619,393.0,7.628,1023.0,7.629,674.0
1753533433897,12:37:13.897,AR/USDT:USDT,7.62,692.0,7.619,393.0,7.628,1023.0,7.629,674.0
1753533434239,12:37:14.239,AR/USDT:USDT,7.62,692.0,7.619,393.0,7.628,1023.0,7.629,674.0
1753533434766,12:37:14.766,AR/USDT:USDT,7.62,692.0,7.619,393.0,7.628,1023.0,7.629,674.0
1753533435668,12:37:15.668,AR/USDT:USDT,7.62,758.0,7.619,393.0,7.628,1023.0,7.629,674.0
1753533436830,12:37:16.830,AR/USDT:USDT,7.62,758.0,7.619,393.0,7.628,1023.0,7.629,674.0
1753533436899,12:37:16.899,AR/USDT:USDT,7.62,758.0,7.619,393.0,7.628,1023.0,7.629,674.0
1753533437145,12:37:17.145,AR/USDT:USDT,7.62,758.0,7.619,393.0,7.628,1023.0,7.629,674.0
1753533437898,12:37:17.898,AR/USDT:USDT,7.62,758.0,7.619,393.0,7.628,1023.0,7.629,674.0
1753533438361,12:37:18.361,AR/USDT:USDT,7.62,758.0,7.619,393.0,7.628,1023.0,7.629,674.0
1753533438560,12:37:18.560,AR/USDT:USDT,7.62,824.0,7.619,393.0,7.628,1023.0,7.629,674.0
1753533438955,12:37:18.955,AR/USDT:USDT,7.62,824.0,7.619,393.0,7.628,1023.0,7.629,674.0
1753533439183,12:37:19.183,AR/USDT:USDT,7.62,824.0,7.619,393.0,7.628,1023.0,7.629,674.0
1753533439485,12:37:19.485,AR/USDT:USDT,7.62,824.0,7.619,393.0,7.628,1023.0,7.629,674.0
1753533439667,12:37:19.667,AR/USDT:USDT,7.621,268.0,7.62,758.0,7.628,1023.0,7.629,674.0
1753533439757,12:37:19.757,AR/USDT:USDT,7.622,13.0,7.621,26.0,7.628,1043.0,7.629,674.0
1753533439799,12:37:19.799,AR/USDT:USDT,7.621,39.0,7.62,653.0,7.628,1043.0,7.629,674.0
1753533440004,12:37:20.004,AR/USDT:USDT,7.621,39.0,7.62,653.0,7.628,1043.0,7.629,674.0
1753533440421,12:37:20.421,AR/USDT:USDT,7.621,39.0,7.62,653.0,7.628,1043.0,7.629,674.0
1753533440789,12:37:20.789,AR/USDT:USDT,7.621,172.0,7.62,653.0,7.628,1043.0,7.629,674.0
1753533441014,12:37:21.014,AR/USDT:USDT,7.621,172.0,7.62,653.0,7.628,1043.0,7.629,674.0
1753533441878,12:37:21.878,AR/USDT:USDT,7.621,39.0,7.62,653.0,7.628,1043.0,7.629,674.0
1753533442067,12:37:22.067,AR/USDT:USDT,7.621,39.0,7.62,653.0,7.628,1043.0,7.629,674.0
1753533442481,12:37:22.481,AR/USDT:USDT,7.621,39.0,7.62,653.0,7.628,1043.0,7.629,674.0
1753533442698,12:37:22.698,AR/USDT:USDT,7.621,39.0,7.62,653.0,7.628,1043.0,7.629,674.0
1753533443302,12:37:23.302,AR/USDT:USDT,7.621,39.0,7.62,653.0,7.628,1043.0,7.629,674.0
1753533444117,12:37:24.117,AR/USDT:USDT,7.621,39.0,7.62,653.0,7.628,1043.0,7.629,674.0
1753533445043,12:37:25.043,AR/USDT:USDT,7.621,189.0,7.62,653.0,7.628,1043.0,7.629,674.0
1753533447059,12:37:27.059,AR/USDT:USDT,7.621,189.0,7.62,653.0,7.628,1043.0,7.629,674.0
1753533447515,12:37:27.515,AR/USDT:USDT,7.621,189.0,7.62,653.0,7.628,1043.0,7.629,674.0
1753533447733,12:37:27.733,AR/USDT:USDT,7.621,189.0,7.62,653.0,7.628,1043.0,7.629,674.0
1753533449358,12:37:29.358,AR/USDT:USDT,7.621,189.0,7.62,653.0,7.628,1043.0,7.629,674.0
1753533449902,12:37:29.902,AR/USDT:USDT,7.621,189.0,7.62,653.0,7.628,1043.0,7.629,674.0
1753533450071,12:37:30.071,AR/USDT:USDT,7.621,189.0,7.62,653.0,7.628,1043.0,7.629,674.0
1753533450419,12:37:30.419,AR/USDT:USDT,7.621,39.0,7.62,653.0,7.628,1043.0,7.629,674.0
1753533451380,12:37:31.380,AR/USDT:USDT,7.621,225.0,7.62,653.0,7.628,1043.0,7.629,674.0
1753533452004,12:37:32.004,AR/USDT:USDT,7.621,225.0,7.62,653.0,7.628,1043.0,7.629,674.0
1753533452298,12:37:32.298,AR/USDT:USDT,7.621,225.0,7.62,653.0,7.628,1043.0,7.629,674.0
1753533454240,12:37:34.240,AR/USDT:USDT,7.621,225.0,7.62,653.0,7.628,1043.0,7.629,674.0
1753533455876,12:37:35.876,AR/USDT:USDT,7.621,432.0,7.62,653.0,7.628,1023.0,7.629,674.0
1753533455984,12:37:35.984,AR/USDT:USDT,7.621,432.0,7.62,653.0,7.628,1023.0,7.63,674.0
1753533456075,12:37:36.075,AR/USDT:USDT,7.621,432.0,7.62,653.0,7.629,1023.0,7.63,674.0
1753533456573,12:37:36.573,AR/USDT:USDT,7.621,432.0,7.62,653.0,7.629,1023.0,7.63,674.0
1753533457099,12:37:37.099,AR/USDT:USDT,7.621,432.0,7.62,653.0,7.629,1023.0,7.63,674.0
1753533457469,12:37:37.469,AR/USDT:USDT,7.621,432.0,7.62,653.0,7.629,1023.0,7.63,674.0
1753533458259,12:37:38.259,AR/USDT:USDT,7.621,543.0,7.62,653.0,7.629,1023.0,7.63,674.0
1753533458439,12:37:38.439,AR/USDT:USDT,7.621,751.0,7.62,653.0,7.629,1023.0,7.63,674.0
1753533458617,12:37:38.617,AR/USDT:USDT,7.623,26.0,7.622,295.0,7.629,1023.0,7.63,674.0
1753533458715,12:37:38.715,AR/USDT:USDT,7.623,59.0,7.621,601.0,7.629,1023.0,7.63,674.0
1753533458800,12:37:38.800,AR/USDT:USDT,7.623,46.0,7.622,13.0,7.629,1023.0,7.63,674.0
1753533459008,12:37:39.008,AR/USDT:USDT,7.623,46.0,7.622,13.0,7.629,1023.0,7.63,674.0
1753533459125,12:37:39.125,AR/USDT:USDT,7.623,46.0,7.622,13.0,7.629,1023.0,7.631,375.0
1753533459383,12:37:39.383,AR/USDT:USDT,7.623,46.0,7.622,13.0,7.629,1023.0,7.631,375.0
1753533459415,12:37:39.415,AR/USDT:USDT,7.623,46.0,7.622,13.0,7.629,1023.0,7.631,375.0
1753533459987,12:37:39.987,AR/USDT:USDT,7.623,46.0,7.622,13.0,7.63,1023.0,7.631,375.0
1753533460015,12:37:40.015,AR/USDT:USDT,7.623,46.0,7.622,13.0,7.63,1023.0,7.631,375.0
1753533460181,12:37:40.181,AR/USDT:USDT,7.623,123.0,7.622,13.0,7.631,1023.0,7.633,94.0
