timestamp,time,symbol,bid1_price,bid1_volume,bid2_price,bid2_volume,ask1_price,ask1_volume,ask2_price,ask2_volume
1753533020000,12:30:20.000,DOGS/USDT:USDT,0.00014484,53971.0,0.00014482,13484.0,0.00014499,40135.0,0.00014502,6742.0
1753533020978,12:30:20.978,DOGS/USDT:USDT,0.00014484,53971.0,0.00014482,13484.0,0.00014499,40135.0,0.00014502,6742.0
1753533021123,12:30:21.123,DOGS/USDT:USDT,0.00014484,53971.0,0.00014482,13484.0,0.00014499,40135.0,0.00014502,6742.0
1753533022617,12:30:22.617,DOGS/USDT:USDT,0.00014484,53971.0,0.00014482,13484.0,0.00014499,40135.0,0.00014502,6742.0
1753533022750,12:30:22.750,DOGS/USDT:USDT,0.00014484,53971.0,0.00014482,13484.0,0.00014499,40135.0,0.00014502,6742.0
1753533023356,12:30:23.356,DOGS/USDT:USDT,0.00014484,13836.0,0.00014482,13484.0,0.00014498,47002.0,0.00014499,46877.0
1753533023396,12:30:23.396,DOGS/USDT:USDT,0.00014483,13836.0,0.00014482,13484.0,0.00014497,40260.0,0.00014498,47002.0
1753533023528,12:30:23.528,DOGS/USDT:USDT,0.00014483,13836.0,0.00014482,13484.0,0.00014497,40260.0,0.00014498,6742.0
1753533023575,12:30:23.575,DOGS/USDT:USDT,0.00014483,13836.0,0.00014482,13484.0,0.00014497,40260.0,0.00014498,6742.0
1753533023860,12:30:23.860,DOGS/USDT:USDT,0.00014483,13836.0,0.00014482,13484.0,0.00014496,40260.0,0.00014497,5720.0
1753533024018,12:30:24.018,DOGS/USDT:USDT,0.00014483,13836.0,0.00014482,13484.0,0.00014496,40260.0,0.00014497,5720.0
1753533024871,12:30:24.871,DOGS/USDT:USDT,0.00014483,13836.0,0.00014482,13484.0,0.00014496,40260.0,0.00014497,5720.0
1753533025779,12:30:25.779,DOGS/USDT:USDT,0.00014483,13836.0,0.00014482,13484.0,0.00014496,40260.0,0.00014497,5720.0
1753533026816,12:30:26.816,DOGS/USDT:USDT,0.00014483,13836.0,0.00014482,13484.0,0.00014495,40260.0,0.00014496,2380.0
1753533026926,12:30:26.926,DOGS/USDT:USDT,0.00014483,13836.0,0.00014482,13484.0,0.00014495,40260.0,0.00014496,2380.0
1753533027748,12:30:27.748,DOGS/USDT:USDT,0.00014483,13836.0,0.00014482,13484.0,0.00014495,40260.0,0.00014496,2380.0
1753533028760,12:30:28.760,DOGS/USDT:USDT,0.00014483,13836.0,0.00014482,13484.0,0.00014495,40260.0,0.00014496,2380.0
1753533029784,12:30:29.784,DOGS/USDT:USDT,0.00014483,13836.0,0.00014482,13484.0,0.00014495,40260.0,0.00014496,2380.0
1753533029962,12:30:29.962,DOGS/USDT:USDT,0.00014483,13836.0,0.00014482,13484.0,0.00014494,47002.0,0.00014495,47002.0
1753533030043,12:30:30.043,DOGS/USDT:USDT,0.00014483,13836.0,0.00014482,13484.0,0.00014493,40260.0,0.00014494,10585.0
1753533030076,12:30:30.076,DOGS/USDT:USDT,0.00014483,13836.0,0.00014482,13484.0,0.00014493,40260.0,0.00014494,10585.0
1753533030216,12:30:30.216,DOGS/USDT:USDT,0.00014483,13836.0,0.00014482,13484.0,0.00014493,40260.0,0.00014494,10585.0
1753533030578,12:30:30.578,DOGS/USDT:USDT,0.00014483,13836.0,0.00014482,13484.0,0.00014493,40260.0,0.00014494,10585.0
1753533031055,12:30:31.055,DOGS/USDT:USDT,0.00014483,13836.0,0.00014482,13484.0,0.00014493,40260.0,0.00014494,3843.0
1753533031455,12:30:31.455,DOGS/USDT:USDT,0.00014483,13836.0,0.00014482,13484.0,0.00014493,40260.0,0.00014494,3843.0
1753533032673,12:30:32.673,DOGS/USDT:USDT,0.00014483,13836.0,0.00014482,13484.0,0.00014493,40260.0,0.00014494,3843.0
1753533032680,12:30:32.680,DOGS/USDT:USDT,0.00014483,13836.0,0.00014482,13484.0,0.00014493,40260.0,0.00014494,3843.0
1753533032785,12:30:32.785,DOGS/USDT:USDT,0.00014483,13836.0,0.00014482,13484.0,0.00014493,40260.0,0.00014494,3843.0
1753533032955,12:30:32.955,DOGS/USDT:USDT,0.00014483,13836.0,0.00014482,13484.0,0.00014493,40260.0,0.00014494,3843.0
1753533033173,12:30:33.173,DOGS/USDT:USDT,0.00014483,13836.0,0.00014482,13484.0,0.00014493,40260.0,0.00014494,3843.0
1753533033486,12:30:33.486,DOGS/USDT:USDT,0.00014483,13836.0,0.00014482,13484.0,0.00014493,40260.0,0.00014494,3843.0
1753533033736,12:30:33.736,DOGS/USDT:USDT,0.00014483,13836.0,0.00014482,13484.0,0.00014495,40260.0,0.00014504,206839.0
1753533033917,12:30:33.917,DOGS/USDT:USDT,0.00014483,13836.0,0.00014482,13484.0,0.00014495,40260.0,0.00014504,206839.0
1753533034025,12:30:34.025,DOGS/USDT:USDT,0.00014483,13836.0,0.00014482,13484.0,0.00014494,41083.0,0.00014495,47002.0
1753533034100,12:30:34.100,DOGS/USDT:USDT,0.00014483,13836.0,0.00014482,13484.0,0.00014494,41083.0,0.00014495,47002.0
1753533034175,12:30:34.175,DOGS/USDT:USDT,0.00014483,13836.0,0.00014482,13484.0,0.00014494,41083.0,0.00014495,6742.0
1753533034340,12:30:34.340,DOGS/USDT:USDT,0.00014483,13836.0,0.00014482,13484.0,0.00014494,41083.0,0.00014495,6742.0
1753533034475,12:30:34.475,DOGS/USDT:USDT,0.00014483,13836.0,0.00014482,13484.0,0.00014494,41083.0,0.00014495,6742.0
1753533034760,12:30:34.760,DOGS/USDT:USDT,0.00014483,13836.0,0.00014482,13484.0,0.00014494,41083.0,0.00014495,6742.0
1753533034972,12:30:34.972,DOGS/USDT:USDT,0.00014483,13836.0,0.00014482,13484.0,0.00014494,45854.0,0.00014495,6742.0
1753533035070,12:30:35.070,DOGS/USDT:USDT,0.00014483,13836.0,0.00014482,13484.0,0.00014493,41083.0,0.00014494,4771.0
1753533035180,12:30:35.180,DOGS/USDT:USDT,0.00014483,13836.0,0.00014482,13484.0,0.00014493,41083.0,0.00014494,4771.0
1753533035378,12:30:35.378,DOGS/USDT:USDT,0.00014483,13836.0,0.00014482,13484.0,0.00014493,41083.0,0.00014494,4771.0
1753533035478,12:30:35.478,DOGS/USDT:USDT,0.00014483,13836.0,0.00014482,13484.0,0.00014493,41083.0,0.00014494,4771.0
1753533035865,12:30:35.865,DOGS/USDT:USDT,0.00014483,13836.0,0.00014482,13484.0,0.00014493,41083.0,0.00014494,4771.0
1753533036009,12:30:36.009,DOGS/USDT:USDT,0.00014483,13836.0,0.00014482,13484.0,0.00014493,41083.0,0.00014494,4771.0
1753533036708,12:30:36.708,DOGS/USDT:USDT,0.00014482,27320.0,0.00014479,41083.0,0.00014492,41083.0,0.00014493,41083.0
1753533036848,12:30:36.848,DOGS/USDT:USDT,0.00014482,27320.0,0.00014479,41083.0,0.00014492,41083.0,0.00014495,6742.0
1753533036909,12:30:36.909,DOGS/USDT:USDT,0.00014482,27320.0,0.00014479,41083.0,0.00014492,41083.0,0.00014504,206839.0
1753533037269,12:30:37.269,DOGS/USDT:USDT,0.00014482,27320.0,0.00014479,41083.0,0.00014492,41083.0,0.00014504,206839.0
1753533037700,12:30:37.700,DOGS/USDT:USDT,0.00014482,27320.0,0.00014479,41083.0,0.00014492,45982.0,0.00014504,206839.0
1753533037862,12:30:37.862,DOGS/USDT:USDT,0.00014482,27320.0,0.00014479,41083.0,0.00014491,41083.0,0.00014492,4899.0
1753533038102,12:30:38.102,DOGS/USDT:USDT,0.00014482,27320.0,0.00014479,41083.0,0.00014491,41083.0,0.00014504,206839.0
1753533038642,12:30:38.642,DOGS/USDT:USDT,0.00014482,27320.0,0.00014479,41083.0,0.00014491,41083.0,0.00014492,6742.0
1753533038697,12:30:38.697,DOGS/USDT:USDT,0.0001448,13836.0,0.00014478,50000.0,0.00014491,41083.0,0.00014492,6742.0
1753533038887,12:30:38.887,DOGS/USDT:USDT,0.0001448,27320.0,0.00014478,50000.0,0.00014491,41083.0,0.00014504,206839.0
1753533039032,12:30:39.032,DOGS/USDT:USDT,0.0001448,27320.0,0.00014478,50000.0,0.00014491,41083.0,0.00014504,206839.0
1753533039856,12:30:39.856,DOGS/USDT:USDT,0.0001448,27320.0,0.00014478,50000.0,0.00014491,41083.0,0.00014504,206839.0
1753533040215,12:30:40.215,DOGS/USDT:USDT,0.0001448,27320.0,0.00014478,50000.0,0.00014491,41083.0,0.00014504,206839.0
1753533040281,12:30:40.281,DOGS/USDT:USDT,0.0001448,27320.0,0.00014478,50000.0,0.00014491,41083.0,0.00014504,206839.0
1753533041397,12:30:41.397,DOGS/USDT:USDT,0.0001448,27320.0,0.00014478,50000.0,0.00014491,41083.0,0.00014503,50000.0
1753533041502,12:30:41.502,DOGS/USDT:USDT,0.0001448,27320.0,0.00014478,50000.0,0.00014491,41083.0,0.00014503,50000.0
1753533041918,12:30:41.918,DOGS/USDT:USDT,0.0001448,27320.0,0.00014478,50000.0,0.00014491,41083.0,0.00014503,50000.0
1753533042390,12:30:42.390,DOGS/USDT:USDT,0.0001448,27320.0,0.00014478,50000.0,0.00014491,41083.0,0.00014503,50000.0
1753533042740,12:30:42.740,DOGS/USDT:USDT,0.0001448,27320.0,0.00014478,50000.0,0.00014491,41083.0,0.00014503,50000.0
1753533043159,12:30:43.159,DOGS/USDT:USDT,0.0001448,27320.0,0.00014478,50000.0,0.00014491,41083.0,0.00014503,50000.0
1753533043374,12:30:43.374,DOGS/USDT:USDT,0.0001448,27320.0,0.00014478,50000.0,0.00014491,41083.0,0.00014503,50000.0
1753533044996,12:30:44.996,DOGS/USDT:USDT,0.0001448,27320.0,0.00014478,50000.0,0.00014491,41083.0,0.00014503,50000.0
1753533048251,12:30:48.251,DOGS/USDT:USDT,0.0001448,27320.0,0.00014478,50000.0,0.00014491,41083.0,0.00014503,50000.0
1753533049780,12:30:49.780,DOGS/USDT:USDT,0.0001448,27320.0,0.00014478,50000.0,0.00014491,41083.0,0.00014503,50000.0
1753533051417,12:30:51.417,DOGS/USDT:USDT,0.0001448,27320.0,0.00014478,50000.0,0.00014491,41083.0,0.00014503,50000.0
1753533053744,12:30:53.744,DOGS/USDT:USDT,0.0001448,27320.0,0.00014478,50000.0,0.00014491,41083.0,0.00014503,50000.0
1753533054579,12:30:54.579,DOGS/USDT:USDT,0.0001448,27320.0,0.00014478,50000.0,0.00014491,41083.0,0.00014503,50000.0
1753533055349,12:30:55.349,DOGS/USDT:USDT,0.0001448,27320.0,0.00014478,50000.0,0.00014491,41083.0,0.00014503,50000.0
1753533056347,12:30:56.347,DOGS/USDT:USDT,0.0001448,27320.0,0.00014478,50000.0,0.00014491,41083.0,0.00014503,50000.0
1753533057535,12:30:57.535,DOGS/USDT:USDT,0.0001448,27320.0,0.00014478,50000.0,0.00014491,41083.0,0.00014503,50000.0
1753533059380,12:30:59.380,DOGS/USDT:USDT,0.0001448,27320.0,0.00014478,50000.0,0.00014491,41083.0,0.00014503,50000.0
1753533059752,12:30:59.752,DOGS/USDT:USDT,0.0001448,27320.0,0.00014478,50000.0,0.00014491,41083.0,0.00014503,50000.0
1753533060150,12:31:00.150,DOGS/USDT:USDT,0.0001448,27320.0,0.00014478,50000.0,0.00014491,41083.0,0.00014503,50000.0
1753533060820,12:31:00.820,DOGS/USDT:USDT,0.0001448,27320.0,0.00014478,50000.0,0.00014491,41083.0,0.00014503,50000.0
1753533060963,12:31:00.963,DOGS/USDT:USDT,0.00014473,13836.0,0.00014472,50690.0,0.00014491,41083.0,0.00014501,147239.0
1753533061057,12:31:01.057,DOGS/USDT:USDT,0.00014473,13836.0,0.00014472,50690.0,0.0001449,39482.0,0.00014491,2381.0
1753533061163,12:31:01.163,DOGS/USDT:USDT,0.00014473,13836.0,0.00014472,50690.0,0.0001449,39482.0,0.00014491,2381.0
1753533061265,12:31:01.265,DOGS/USDT:USDT,0.00014473,13836.0,0.00014472,50690.0,0.0001449,39482.0,0.00014491,2381.0
1753533061316,12:31:01.316,DOGS/USDT:USDT,0.00014473,13836.0,0.00014472,50690.0,0.0001449,39482.0,0.00014491,2381.0
1753533061449,12:31:01.449,DOGS/USDT:USDT,0.00014473,13836.0,0.00014472,50690.0,0.0001449,39482.0,0.00014491,2381.0
1753533061849,12:31:01.849,DOGS/USDT:USDT,0.00014473,13836.0,0.00014472,50690.0,0.0001449,39482.0,0.00014491,2381.0
1753533061951,12:31:01.951,DOGS/USDT:USDT,0.00014473,13836.0,0.00014472,50690.0,0.0001449,39482.0,0.00014491,2381.0
1753533062156,12:31:02.156,DOGS/USDT:USDT,0.00014472,690.0,0.00014467,13836.0,0.0001449,39482.0,0.00014491,2381.0
1753533062193,12:31:02.193,DOGS/USDT:USDT,0.00014472,690.0,0.00014467,13836.0,0.0001449,39482.0,0.00014491,2381.0
1753533062350,12:31:02.350,DOGS/USDT:USDT,0.00014472,690.0,0.00014467,13836.0,0.0001449,39482.0,0.00014491,2381.0
1753533062647,12:31:02.647,DOGS/USDT:USDT,0.00014474,13836.0,0.00014473,2035703.0,0.0001449,39482.0,0.00014491,2381.0
1753533062690,12:31:02.690,DOGS/USDT:USDT,0.00014474,14668.0,0.00014473,2035703.0,0.0001449,39482.0,0.00014491,2381.0
1753533062793,12:31:02.793,DOGS/USDT:USDT,0.00014474,14668.0,0.00014472,690.0,0.0001449,39482.0,0.00014491,2381.0
1753533062889,12:31:02.889,DOGS/USDT:USDT,0.00014472,690.0,0.00014467,13836.0,0.0001449,39482.0,0.00014491,2381.0
1753533062979,12:31:02.979,DOGS/USDT:USDT,0.00014474,13836.0,0.00014473,2035703.0,0.0001449,39482.0,0.00014491,2381.0
1753533063132,12:31:03.132,DOGS/USDT:USDT,0.00014474,832.0,0.00014472,690.0,0.0001449,39482.0,0.00014491,2381.0
1753533063231,12:31:03.231,DOGS/USDT:USDT,0.00014473,13836.0,0.00014472,40172.0,0.0001449,39482.0,0.00014491,2381.0
1753533063322,12:31:03.322,DOGS/USDT:USDT,0.00014473,2049539.0,0.00014472,40172.0,0.0001449,39482.0,0.00014491,2381.0
1753533063469,12:31:03.469,DOGS/USDT:USDT,0.00014474,832.0,0.00014473,13836.0,0.0001449,39482.0,0.00014501,147239.0
1753533063487,12:31:03.487,DOGS/USDT:USDT,0.00014473,13836.0,0.00014472,40172.0,0.0001449,39482.0,0.00014501,147239.0
1753533063597,12:31:03.597,DOGS/USDT:USDT,0.00014473,13836.0,0.00014472,40172.0,0.0001449,39482.0,0.00014501,147239.0
1753533063743,12:31:03.743,DOGS/USDT:USDT,0.00014473,13836.0,0.00014472,40172.0,0.0001449,39482.0,0.00014501,147239.0
1753533064013,12:31:04.013,DOGS/USDT:USDT,0.00014473,13836.0,0.00014472,40172.0,0.0001449,39482.0,0.00014501,147239.0
1753533064181,12:31:04.181,DOGS/USDT:USDT,0.00014473,13836.0,0.00014472,40172.0,0.0001449,39482.0,0.00014501,147239.0
1753533065389,12:31:05.389,DOGS/USDT:USDT,0.00014473,53318.0,0.00014472,690.0,0.0001449,39482.0,0.00014501,147239.0
1753533066636,12:31:06.636,DOGS/USDT:USDT,0.00014472,690.0,0.00014467,13836.0,0.00014489,39482.0,0.0001449,2381.0
1753533066759,12:31:06.759,DOGS/USDT:USDT,0.00014472,690.0,0.00014467,13836.0,0.00014489,39482.0,0.0001449,2381.0
1753533066846,12:31:06.846,DOGS/USDT:USDT,0.00014472,690.0,0.00014467,13836.0,0.00014489,39482.0,0.0001449,2381.0
1753533067366,12:31:07.366,DOGS/USDT:USDT,0.00014472,690.0,0.00014467,13836.0,0.00014489,39482.0,0.00014501,147239.0
1753533067419,12:31:07.419,DOGS/USDT:USDT,0.00014473,53318.0,0.00014472,690.0,0.00014489,39482.0,0.00014501,147239.0
1753533067668,12:31:07.668,DOGS/USDT:USDT,0.00014473,53318.0,0.00014472,690.0,0.00014489,39482.0,0.00014501,147239.0
1753533067676,12:31:07.676,DOGS/USDT:USDT,0.00014473,53318.0,0.00014472,690.0,0.00014489,39482.0,0.00014503,50000.0
1753533068096,12:31:08.096,DOGS/USDT:USDT,0.00014473,53318.0,0.00014472,690.0,0.00014489,39482.0,0.00014503,50000.0
1753533068366,12:31:08.366,DOGS/USDT:USDT,0.00014474,39482.0,0.00014473,53318.0,0.00014489,39482.0,0.00014503,50000.0
1753533068397,12:31:08.397,DOGS/USDT:USDT,0.00014475,20578.0,0.00014474,39482.0,0.00014489,39482.0,0.00014503,50000.0
1753533068528,12:31:08.528,DOGS/USDT:USDT,0.00014475,20578.0,0.00014474,39482.0,0.00014489,39482.0,0.00014503,50000.0
1753533068953,12:31:08.953,DOGS/USDT:USDT,0.00014475,20578.0,0.00014474,39482.0,0.00014489,39482.0,0.00014503,50000.0
1753533068979,12:31:08.979,DOGS/USDT:USDT,0.00014475,20578.0,0.00014474,39482.0,0.00014489,39482.0,0.00014503,50000.0
1753533069278,12:31:09.278,DOGS/USDT:USDT,0.00014475,60060.0,0.00014472,40172.0,0.00014489,39482.0,0.00014503,50000.0
1753533069375,12:31:09.375,DOGS/USDT:USDT,0.00014475,60060.0,0.00014472,40172.0,0.00014489,39482.0,0.00014503,50000.0
1753533069794,12:31:09.794,DOGS/USDT:USDT,0.00014475,60060.0,0.00014472,40172.0,0.00014489,39482.0,0.00014503,50000.0
1753533071716,12:31:11.716,DOGS/USDT:USDT,0.00014475,60060.0,0.00014472,40172.0,0.00014489,39482.0,0.00014501,147239.0
1753533071826,12:31:11.826,DOGS/USDT:USDT,0.00014475,60060.0,0.00014472,40172.0,0.00014489,39482.0,0.00014501,147239.0
1753533071937,12:31:11.937,DOGS/USDT:USDT,0.00014475,60060.0,0.00014472,40172.0,0.00014489,39482.0,0.00014501,147239.0
1753533072052,12:31:12.052,DOGS/USDT:USDT,0.00014475,60060.0,0.00014472,40172.0,0.00014489,39482.0,0.000145,50000.0
1753533073060,12:31:13.060,DOGS/USDT:USDT,0.00014475,60060.0,0.00014472,40172.0,0.00014489,39482.0,0.000145,50000.0
1753533073780,12:31:13.780,DOGS/USDT:USDT,0.00014475,60060.0,0.00014472,40172.0,0.00014489,39482.0,0.000145,50000.0
1753533074018,12:31:14.018,DOGS/USDT:USDT,0.00014475,60060.0,0.00014472,40172.0,0.00014489,39482.0,0.000145,50000.0
1753533075060,12:31:15.060,DOGS/USDT:USDT,0.00014475,6742.0,0.00014473,13836.0,0.00014489,39482.0,0.000145,50000.0
1753533075293,12:31:15.293,DOGS/USDT:USDT,0.00014475,6742.0,0.00014473,13836.0,0.00014489,39482.0,0.000145,50000.0
1753533075904,12:31:15.904,DOGS/USDT:USDT,0.00014475,6742.0,0.00014473,13836.0,0.00014489,39482.0,0.000145,50000.0
1753533076009,12:31:16.009,DOGS/USDT:USDT,0.00014475,6742.0,0.00014473,13836.0,0.00014489,39482.0,0.00014499,50000.0
1753533076335,12:31:16.335,DOGS/USDT:USDT,0.00014475,6742.0,0.00014473,13836.0,0.00014489,39482.0,0.00014499,50000.0
1753533076724,12:31:16.724,DOGS/USDT:USDT,0.00014475,6742.0,0.00014473,13836.0,0.00014489,39482.0,0.00014499,50000.0
1753533076996,12:31:16.996,DOGS/USDT:USDT,0.00014475,6742.0,0.00014473,13836.0,0.00014489,39482.0,0.00014499,50000.0
1753533077960,12:31:17.960,DOGS/USDT:USDT,0.00014475,47198.0,0.00014473,13836.0,0.00014489,39482.0,0.00014499,50000.0
1753533078016,12:31:18.016,DOGS/USDT:USDT,0.00014476,20578.0,0.00014475,47198.0,0.00014489,39482.0,0.00014501,50000.0
1753533078268,12:31:18.268,DOGS/USDT:USDT,0.00014476,20578.0,0.00014475,47198.0,0.00014489,39482.0,0.00014501,50000.0
1753533078350,12:31:18.350,DOGS/USDT:USDT,0.00014476,20578.0,0.00014475,47198.0,0.00014489,39482.0,0.00014501,50000.0
1753533078667,12:31:18.667,DOGS/USDT:USDT,0.00014477,90456.0,0.00014476,20578.0,0.00014495,40456.0,0.00014501,50000.0
1753533078688,12:31:18.688,DOGS/USDT:USDT,0.00014478,54292.0,0.00014477,50000.0,0.00014495,40456.0,0.00014502,50000.0
1753533078774,12:31:18.774,DOGS/USDT:USDT,0.00014478,54292.0,0.00014477,50000.0,0.00014495,40456.0,0.00014502,50000.0
1753533078962,12:31:18.962,DOGS/USDT:USDT,0.00014478,54292.0,0.00014477,50000.0,0.00014495,40456.0,0.00014503,50000.0
1753533079210,12:31:19.210,DOGS/USDT:USDT,0.00014478,54292.0,0.00014477,50000.0,0.00014495,40456.0,0.00014503,50000.0
1753533079772,12:31:19.772,DOGS/USDT:USDT,0.00014478,54292.0,0.00014477,50000.0,0.00014495,40456.0,0.00014503,50000.0
1753533079962,12:31:19.962,DOGS/USDT:USDT,0.00014478,54292.0,0.00014477,50000.0,0.00014495,40456.0,0.00014503,50000.0
1753533080143,12:31:20.143,DOGS/USDT:USDT,0.00014478,54292.0,0.00014477,50000.0,0.00014495,40456.0,0.00014503,50000.0
1753533080951,12:31:20.951,DOGS/USDT:USDT,0.00014478,54292.0,0.00014477,50000.0,0.00014495,40456.0,0.00014503,50000.0
1753533082161,12:31:22.161,DOGS/USDT:USDT,0.00014478,54292.0,0.00014477,50000.0,0.00014495,40456.0,0.00014503,50000.0
1753533082219,12:31:22.219,DOGS/USDT:USDT,0.00014478,13836.0,0.00014477,50000.0,0.00014495,40456.0,0.00014503,50000.0
1753533083379,12:31:23.379,DOGS/USDT:USDT,0.00014478,13836.0,0.00014477,50000.0,0.00014495,40456.0,0.00014503,50000.0
1753533085466,12:31:25.466,DOGS/USDT:USDT,0.00014478,13836.0,0.00014477,50000.0,0.00014495,40456.0,0.00014503,50000.0
1753533088180,12:31:28.180,DOGS/USDT:USDT,0.00014478,13836.0,0.00014477,50000.0,0.00014495,40456.0,0.00014503,50000.0
1753533090371,12:31:30.371,DOGS/USDT:USDT,0.00014478,54949.0,0.00014477,50000.0,0.00014495,42836.0,0.00014503,50000.0
1753533090388,12:31:30.388,DOGS/USDT:USDT,0.00014478,54949.0,0.00014477,50000.0,0.00014494,41113.0,0.00014503,50000.0
1753533090635,12:31:30.635,DOGS/USDT:USDT,0.00014478,54949.0,0.00014477,50000.0,0.00014494,41113.0,0.00014503,50000.0
1753533091056,12:31:31.056,DOGS/USDT:USDT,0.00014478,54949.0,0.00014477,50000.0,0.00014494,41113.0,0.00014503,50000.0
1753533092469,12:31:32.469,DOGS/USDT:USDT,0.00014478,54949.0,0.00014477,50000.0,0.00014493,41113.0,0.00014494,2380.0
1753533092694,12:31:32.694,DOGS/USDT:USDT,0.00014478,54949.0,0.00014477,50000.0,0.00014493,41113.0,0.00014503,50000.0
1753533092981,12:31:32.981,DOGS/USDT:USDT,0.00014478,54949.0,0.00014477,50000.0,0.00014493,41113.0,0.00014503,50000.0
1753533093105,12:31:33.105,DOGS/USDT:USDT,0.00014478,54949.0,0.00014477,50000.0,0.00014493,41113.0,0.00014503,50000.0
1753533093656,12:31:33.656,DOGS/USDT:USDT,0.00014481,41113.0,0.0001448,13836.0,0.00014497,41113.0,0.00014503,50000.0
1753533093677,12:31:33.677,DOGS/USDT:USDT,0.00014481,41113.0,0.0001448,13836.0,0.00014497,41113.0,0.00014503,50000.0
1753533093848,12:31:33.848,DOGS/USDT:USDT,0.00014482,13836.0,0.00014481,41113.0,0.00014497,41113.0,0.00014503,50000.0
1753533093937,12:31:33.937,DOGS/USDT:USDT,0.00014482,13836.0,0.00014481,41113.0,0.00014497,41113.0,0.00014503,50000.0
1753533094264,12:31:34.264,DOGS/USDT:USDT,0.0001448,13836.0,0.00014479,41113.0,0.00014497,41113.0,0.00014503,50000.0
1753533094366,12:31:34.366,DOGS/USDT:USDT,0.00014482,13836.0,0.00014481,41113.0,0.00014496,41113.0,0.00014497,2380.0
1753533094382,12:31:34.382,DOGS/USDT:USDT,0.00014482,20503.0,0.00014481,41113.0,0.00014496,41113.0,0.00014497,2380.0
1753533094784,12:31:34.784,DOGS/USDT:USDT,0.00014482,20503.0,0.00014481,41113.0,0.00014496,41113.0,0.00014497,2380.0
1753533095207,12:31:35.207,DOGS/USDT:USDT,0.00014482,20503.0,0.00014481,41113.0,0.00014496,41113.0,0.00014497,2380.0
1753533095360,12:31:35.360,DOGS/USDT:USDT,0.00014484,13836.0,0.00014483,47780.0,0.00014496,41113.0,0.00014497,2380.0
1753533095425,12:31:35.425,DOGS/USDT:USDT,0.00014484,54949.0,0.00014483,6667.0,0.00014496,41113.0,0.00014497,2380.0
1753533095644,12:31:35.644,DOGS/USDT:USDT,0.00014484,54949.0,0.00014483,6667.0,0.00014496,41113.0,0.00014497,2380.0
1753533096066,12:31:36.066,DOGS/USDT:USDT,0.00014484,54949.0,0.00014483,6667.0,0.00014496,41113.0,0.00014497,2380.0
1753533096491,12:31:36.491,DOGS/USDT:USDT,0.00014484,54949.0,0.00014483,6667.0,0.00014496,41113.0,0.00014497,2380.0
1753533097365,12:31:37.365,DOGS/USDT:USDT,0.00014484,54949.0,0.00014483,6667.0,0.00014496,43493.0,0.00014503,50000.0
1753533097761,12:31:37.761,DOGS/USDT:USDT,0.00014486,13836.0,0.00014485,41113.0,0.00014496,2380.0,0.00014503,50000.0
1753533097861,12:31:37.861,DOGS/USDT:USDT,0.00014486,61616.0,0.00014485,6817.0,0.00014496,2380.0,0.00014503,50000.0
1753533098120,12:31:38.120,DOGS/USDT:USDT,0.00014486,61616.0,0.00014485,6817.0,0.00014496,2380.0,0.00014503,50000.0
1753533098522,12:31:38.522,DOGS/USDT:USDT,0.00014486,61616.0,0.00014485,6817.0,0.00014496,2380.0,0.00014503,50000.0
1753533098740,12:31:38.740,DOGS/USDT:USDT,0.00014486,61616.0,0.00014485,6817.0,0.00014496,2380.0,0.00014503,50000.0
1753533098958,12:31:38.958,DOGS/USDT:USDT,0.00014486,61616.0,0.00014485,6817.0,0.00014496,2380.0,0.00014503,50000.0
1753533099257,12:31:39.257,DOGS/USDT:USDT,0.00014486,61616.0,0.00014485,6817.0,0.00014496,2380.0,0.00014503,50000.0
1753533099739,12:31:39.739,DOGS/USDT:USDT,0.00014486,61616.0,0.00014485,6817.0,0.00014496,2380.0,0.00014503,50000.0
1753533100191,12:31:40.191,DOGS/USDT:USDT,0.00014486,61616.0,0.00014485,6817.0,0.00014496,2380.0,0.00014503,50000.0
1753533101916,12:31:41.916,DOGS/USDT:USDT,0.00014487,46866.0,0.00014486,27321.0,0.00014496,2380.0,0.00014503,50000.0
1753533102223,12:31:42.223,DOGS/USDT:USDT,0.00014488,13836.0,0.00014487,46866.0,0.00014496,2380.0,0.00014503,50000.0
1753533102344,12:31:42.344,DOGS/USDT:USDT,0.00014488,13836.0,0.00014487,46866.0,0.00014502,40199.0,0.00014503,50000.0
1753533102639,12:31:42.639,DOGS/USDT:USDT,0.00014488,13836.0,0.00014487,46866.0,0.00014502,40199.0,0.00014503,50000.0
1753533103063,12:31:43.063,DOGS/USDT:USDT,0.00014488,13836.0,0.00014487,46866.0,0.00014502,40199.0,0.00014503,50000.0
1753533103494,12:31:43.494,DOGS/USDT:USDT,0.00014488,13836.0,0.00014487,46866.0,0.00014502,40199.0,0.00014503,50000.0
1753533104733,12:31:44.733,DOGS/USDT:USDT,0.00014488,13836.0,0.00014487,46866.0,0.00014502,40199.0,0.00014503,50000.0
1753533105506,12:31:45.506,DOGS/USDT:USDT,0.00014488,54035.0,0.00014487,6667.0,0.00014502,40199.0,0.00014503,50000.0
1753533105791,12:31:45.791,DOGS/USDT:USDT,0.00014488,54035.0,0.00014487,6667.0,0.00014502,40199.0,0.00014503,50000.0
1753533106136,12:31:46.136,DOGS/USDT:USDT,0.00014488,54035.0,0.00014487,6667.0,0.00014502,40199.0,0.00014503,50000.0
1753533106332,12:31:46.332,DOGS/USDT:USDT,0.00014488,54035.0,0.00014487,6667.0,0.00014502,40199.0,0.00014503,50000.0
1753533107187,12:31:47.187,DOGS/USDT:USDT,0.00014488,54035.0,0.00014487,6667.0,0.00014502,40199.0,0.00014503,50000.0
1753533107380,12:31:47.380,DOGS/USDT:USDT,0.00014488,54035.0,0.00014487,6667.0,0.00014502,40199.0,0.00014503,50000.0
1753533107736,12:31:47.736,DOGS/USDT:USDT,0.0001449,20503.0,0.00014489,40199.0,0.00014503,50000.0,0.00014504,41113.0
1753533107856,12:31:47.856,DOGS/USDT:USDT,0.0001449,20503.0,0.00014489,40199.0,0.00014502,40199.0,0.00014503,50000.0
1753533108071,12:31:48.071,DOGS/USDT:USDT,0.0001449,20503.0,0.00014489,40199.0,0.00014502,40199.0,0.00014503,50000.0
1753533108148,12:31:48.148,DOGS/USDT:USDT,0.0001449,20503.0,0.00014489,40199.0,0.00014502,40199.0,0.00014503,50000.0
1753533108698,12:31:48.698,DOGS/USDT:USDT,0.0001449,20503.0,0.00014489,40199.0,0.00014502,46941.0,0.00014503,50000.0
1753533108775,12:31:48.775,DOGS/USDT:USDT,0.0001449,20503.0,0.00014489,40199.0,0.00014502,46941.0,0.00014503,50000.0
1753533108988,12:31:48.988,DOGS/USDT:USDT,0.0001449,20503.0,0.00014489,40199.0,0.00014502,46941.0,0.00014503,50000.0
1753533111862,12:31:51.862,DOGS/USDT:USDT,0.0001449,20503.0,0.00014489,40199.0,0.00014502,40199.0,0.00014503,50000.0
1753533112180,12:31:52.180,DOGS/USDT:USDT,0.0001449,20503.0,0.00014489,40199.0,0.00014502,40199.0,0.00014503,50000.0
1753533116742,12:31:56.742,DOGS/USDT:USDT,0.0001449,20503.0,0.00014489,40199.0,0.00014502,40199.0,0.00014503,50000.0
1753533116995,12:31:56.995,DOGS/USDT:USDT,0.0001449,20503.0,0.00014489,40199.0,0.00014502,40199.0,0.00014503,50000.0
1753533117540,12:31:57.540,DOGS/USDT:USDT,0.0001449,20503.0,0.00014489,40199.0,0.00014502,40199.0,0.00014503,50000.0
1753533118535,12:31:58.535,DOGS/USDT:USDT,0.0001449,20503.0,0.00014489,40199.0,0.00014502,40199.0,0.00014503,50000.0
1753533119136,12:31:59.136,DOGS/USDT:USDT,0.0001449,6667.0,0.00014488,13836.0,0.00014502,40199.0,0.00014503,50000.0
1753533119524,12:31:59.524,DOGS/USDT:USDT,0.0001449,6667.0,0.00014484,13836.0,0.00014502,40199.0,0.00014503,50000.0
1753533119626,12:31:59.626,DOGS/USDT:USDT,0.00014484,54799.0,0.00014482,40963.0,0.00014502,40199.0,0.00014503,50000.0
1753533119891,12:31:59.891,DOGS/USDT:USDT,0.00014484,54799.0,0.00014482,40963.0,0.00014502,40199.0,0.00014503,50000.0
1753533120014,12:32:00.014,DOGS/USDT:USDT,0.00014486,13836.0,0.00014485,40955.0,0.00014502,40199.0,0.00014503,50000.0
1753533120271,12:32:00.271,DOGS/USDT:USDT,0.00014486,13836.0,0.00014482,40963.0,0.00014502,40199.0,0.00014503,50000.0
1753533120302,12:32:00.302,DOGS/USDT:USDT,0.00014485,13836.0,0.00014484,40955.0,0.00014502,40199.0,0.00014503,50000.0
1753533121130,12:32:01.130,DOGS/USDT:USDT,0.00014485,13836.0,0.00014484,40955.0,0.00014502,40199.0,0.00014503,50000.0
1753533121552,12:32:01.552,DOGS/USDT:USDT,0.00014483,13836.0,0.00014482,40963.0,0.00014502,40199.0,0.00014503,50000.0
1753533121796,12:32:01.796,DOGS/USDT:USDT,0.00014483,13836.0,0.00014482,40963.0,0.00014502,40199.0,0.00014503,50000.0
1753533121947,12:32:01.947,DOGS/USDT:USDT,0.00014483,13836.0,0.00014482,40963.0,0.00014502,40199.0,0.00014503,50000.0
1753533122543,12:32:02.543,DOGS/USDT:USDT,0.0001448,54791.0,0.00014478,40955.0,0.000145,40955.0,0.00014503,50000.0
1753533122808,12:32:02.808,DOGS/USDT:USDT,0.0001448,54791.0,0.00014478,40955.0,0.000145,40955.0,0.00014503,50000.0
1753533123279,12:32:03.279,DOGS/USDT:USDT,0.0001448,54791.0,0.00014478,40955.0,0.000145,40955.0,0.00014503,50000.0
1753533123816,12:32:03.816,DOGS/USDT:USDT,0.00014482,13836.0,0.00014481,40955.0,0.000145,40955.0,0.00014503,50000.0
1753533124123,12:32:04.123,DOGS/USDT:USDT,0.00014482,13836.0,0.00014481,40955.0,0.000145,40955.0,0.00014503,50000.0
1753533124568,12:32:04.568,DOGS/USDT:USDT,0.00014481,13836.0,0.0001448,40955.0,0.000145,40955.0,0.00014503,50000.0
1753533124948,12:32:04.948,DOGS/USDT:USDT,0.00014481,13836.0,0.0001448,40955.0,0.000145,40955.0,0.00014503,50000.0
1753533125163,12:32:05.163,DOGS/USDT:USDT,0.00014483,13836.0,0.00014482,40955.0,0.000145,40955.0,0.00014503,50000.0
1753533125367,12:32:05.367,DOGS/USDT:USDT,0.00014483,13836.0,0.00014482,40955.0,0.000145,40955.0,0.00014503,50000.0
1753533126193,12:32:06.193,DOGS/USDT:USDT,0.00014483,13836.0,0.00014482,40955.0,0.000145,40955.0,0.00014503,50000.0
1753533126616,12:32:06.616,DOGS/USDT:USDT,0.00014483,13836.0,0.00014482,40955.0,0.000145,40955.0,0.00014503,50000.0
1753533126707,12:32:06.707,DOGS/USDT:USDT,0.00014481,13836.0,0.0001448,40955.0,0.000145,40955.0,0.00014503,50000.0
1753533126794,12:32:06.794,DOGS/USDT:USDT,0.00014481,13836.0,0.00014478,40955.0,0.000145,40955.0,0.00014503,50000.0
1753533127047,12:32:07.047,DOGS/USDT:USDT,0.00014481,40955.0,0.00014479,13836.0,0.000145,40955.0,0.00014503,50000.0
1753533128496,12:32:08.496,DOGS/USDT:USDT,0.00014482,13836.0,0.00014478,40955.0,0.000145,40955.0,0.00014503,50000.0
1753533128666,12:32:08.666,DOGS/USDT:USDT,0.00014482,13836.0,0.00014478,40955.0,0.000145,40955.0,0.00014503,50000.0
1753533128752,12:32:08.752,DOGS/USDT:USDT,0.00014479,13836.0,0.00014478,40955.0,0.000145,40955.0,0.00014503,50000.0
1753533129135,12:32:09.135,DOGS/USDT:USDT,0.00014479,13836.0,0.00014478,40955.0,0.000145,40955.0,0.00014503,50000.0
1753533129394,12:32:09.394,DOGS/USDT:USDT,0.00014479,13836.0,0.00014478,40955.0,0.000145,40955.0,0.00014503,50000.0
1753533129959,12:32:09.959,DOGS/USDT:USDT,0.00014479,13836.0,0.00014478,40955.0,0.000145,40955.0,0.00014503,50000.0
1753533130379,12:32:10.379,DOGS/USDT:USDT,0.00014479,13836.0,0.00014478,40955.0,0.000145,40955.0,0.00014503,50000.0
1753533131383,12:32:11.383,DOGS/USDT:USDT,0.00014479,63836.0,0.00014478,40955.0,0.000145,40955.0,0.00014503,50000.0
1753533131604,12:32:11.604,DOGS/USDT:USDT,0.00014479,63836.0,0.00014478,40955.0,0.000145,40955.0,0.00014503,50000.0
1753533131807,12:32:11.807,DOGS/USDT:USDT,0.00014479,63836.0,0.00014478,40955.0,0.000145,40955.0,0.00014503,50000.0
1753533133180,12:32:13.180,DOGS/USDT:USDT,0.00014479,63836.0,0.00014478,40955.0,0.000145,40955.0,0.00014503,50000.0
1753533136181,12:32:16.181,DOGS/USDT:USDT,0.00014479,63836.0,0.00014478,40955.0,0.000145,40955.0,0.00014503,50000.0
1753533138971,12:32:18.971,DOGS/USDT:USDT,0.00014481,13836.0,0.0001448,90342.0,0.000145,40955.0,0.00014503,50000.0
1753533138988,12:32:18.988,DOGS/USDT:USDT,0.00014481,13836.0,0.0001448,40342.0,0.000145,40955.0,0.00014503,50000.0
1753533139282,12:32:19.282,DOGS/USDT:USDT,0.00014481,13836.0,0.0001448,40342.0,0.000145,40955.0,0.00014503,50000.0
1753533139655,12:32:19.655,DOGS/USDT:USDT,0.00014481,13836.0,0.0001448,40342.0,0.000145,40955.0,0.00014503,50000.0
1753533139701,12:32:19.701,DOGS/USDT:USDT,0.00014481,13836.0,0.0001448,40342.0,0.000145,40955.0,0.00014503,50000.0
1753533139924,12:32:19.924,DOGS/USDT:USDT,0.00014481,13836.0,0.0001448,40342.0,0.000145,40955.0,0.00014503,50000.0
1753533140150,12:32:20.150,DOGS/USDT:USDT,0.00014481,53463.0,0.00014479,50000.0,0.000145,40955.0,0.00014503,50000.0
1753533140201,12:32:20.201,DOGS/USDT:USDT,0.00014483,13836.0,0.00014482,39627.0,0.000145,40955.0,0.00014503,50000.0
1753533140540,12:32:20.540,DOGS/USDT:USDT,0.00014483,13836.0,0.00014482,39627.0,0.000145,40955.0,0.00014503,50000.0
1753533140960,12:32:20.960,DOGS/USDT:USDT,0.00014483,13836.0,0.00014482,39627.0,0.000145,40955.0,0.00014503,50000.0
1753533140998,12:32:20.998,DOGS/USDT:USDT,0.00014483,13836.0,0.00014482,39627.0,0.000145,40955.0,0.00014503,50000.0
1753533141216,12:32:21.216,DOGS/USDT:USDT,0.00014481,13836.0,0.0001448,39627.0,0.000145,40955.0,0.00014503,50000.0
1753533141385,12:32:21.385,DOGS/USDT:USDT,0.00014481,13836.0,0.0001448,39627.0,0.000145,40955.0,0.00014503,50000.0
1753533142210,12:32:22.210,DOGS/USDT:USDT,0.00014481,13836.0,0.0001448,39627.0,0.000145,40955.0,0.00014503,50000.0
1753533145782,12:32:25.782,DOGS/USDT:USDT,0.00014481,13836.0,0.0001448,39627.0,0.000145,40955.0,0.00014503,50000.0
1753533148699,12:32:28.699,DOGS/USDT:USDT,0.00014481,13836.0,0.00014479,50000.0,0.000145,40955.0,0.00014503,50000.0
1753533149077,12:32:29.077,DOGS/USDT:USDT,0.00014481,13836.0,0.00014479,50000.0,0.000145,40955.0,0.00014503,50000.0
1753533149210,12:32:29.210,DOGS/USDT:USDT,0.00014481,13836.0,0.00014479,50000.0,0.00014499,39627.0,0.00014503,50000.0
1753533149495,12:32:29.495,DOGS/USDT:USDT,0.00014481,13836.0,0.00014479,50000.0,0.00014499,39627.0,0.00014503,50000.0
1753533150581,12:32:30.581,DOGS/USDT:USDT,0.00014481,13836.0,0.00014479,50000.0,0.00014499,39627.0,0.00014503,50000.0
1753533150718,12:32:30.718,DOGS/USDT:USDT,0.00014481,13836.0,0.00014479,50000.0,0.00014499,39627.0,0.00014503,50000.0
1753533155416,12:32:35.416,DOGS/USDT:USDT,0.0001448,13836.0,0.00014479,50000.0,0.00014498,39660.0,0.00014499,2379.0
1753533156034,12:32:36.034,DOGS/USDT:USDT,0.0001448,13836.0,0.00014479,50000.0,0.00014498,39660.0,0.00014503,50000.0
1753533157134,12:32:37.134,DOGS/USDT:USDT,0.0001448,53496.0,0.00014479,50000.0,0.00014498,39660.0,0.00014503,50000.0
1753533157256,12:32:37.256,DOGS/USDT:USDT,0.00014482,20025.0,0.00014481,39660.0,0.00014497,39660.0,0.00014498,42040.0
1753533157390,12:32:37.390,DOGS/USDT:USDT,0.00014482,20025.0,0.00014481,39660.0,0.00014497,39660.0,0.00014498,2380.0
1753533157672,12:32:37.672,DOGS/USDT:USDT,0.00014482,20025.0,0.00014481,39660.0,0.00014497,39660.0,0.00014498,2380.0
1753533157672,12:32:37.672,DOGS/USDT:USDT,0.00014482,20025.0,0.00014481,39660.0,0.00014497,39660.0,0.00014498,2380.0
1753533158093,12:32:38.093,DOGS/USDT:USDT,0.00014482,20025.0,0.00014481,39660.0,0.00014497,39660.0,0.00014498,2380.0
1753533160183,12:32:40.183,DOGS/USDT:USDT,0.00014482,20025.0,0.00014481,39660.0,0.00014497,39660.0,0.00014498,2380.0
1753533160528,12:32:40.528,DOGS/USDT:USDT,0.00014482,20025.0,0.00014481,39660.0,0.00014497,39660.0,0.00014498,2380.0
1753533162256,12:32:42.256,DOGS/USDT:USDT,0.00014482,6189.0,0.0001448,13836.0,0.00014497,39660.0,0.00014498,2380.0
1753533162558,12:32:42.558,DOGS/USDT:USDT,0.00014482,6189.0,0.0001448,13836.0,0.00014497,39660.0,0.00014503,50000.0
1753533162668,12:32:42.668,DOGS/USDT:USDT,0.00014482,6189.0,0.0001448,13836.0,0.00014496,39539.0,0.00014497,42040.0
1753533162821,12:32:42.821,DOGS/USDT:USDT,0.00014482,6189.0,0.0001448,13836.0,0.00014496,39539.0,0.00014497,2380.0
1753533162970,12:32:42.970,DOGS/USDT:USDT,0.00014482,6189.0,0.0001448,13836.0,0.00014496,39539.0,0.00014497,2380.0
1753533164982,12:32:44.982,DOGS/USDT:USDT,0.00014482,6189.0,0.0001448,13836.0,0.00014496,39539.0,0.00014497,2380.0
1753533165405,12:32:45.405,DOGS/USDT:USDT,0.00014482,6189.0,0.0001448,13836.0,0.00014496,39539.0,0.00014497,2380.0
1753533167709,12:32:47.709,DOGS/USDT:USDT,0.00014482,6189.0,0.0001448,13836.0,0.00014496,39539.0,0.00014497,2380.0
1753533167847,12:32:47.847,DOGS/USDT:USDT,0.00014482,6189.0,0.0001448,13836.0,0.00014496,39539.0,0.00014497,2380.0
1753533168293,12:32:48.293,DOGS/USDT:USDT,0.00014482,6189.0,0.0001448,13836.0,0.00014496,39539.0,0.00014497,2380.0
1753533168553,12:32:48.553,DOGS/USDT:USDT,0.00014482,6189.0,0.0001448,13836.0,0.00014496,39539.0,0.00014497,2380.0
1753533168959,12:32:48.959,DOGS/USDT:USDT,0.00014482,6189.0,0.0001448,13836.0,0.00014496,39539.0,0.00014497,2380.0
1753533169150,12:32:49.150,DOGS/USDT:USDT,0.00014482,6189.0,0.0001448,13836.0,0.00014496,39539.0,0.00014497,2380.0
1753533169175,12:32:49.175,DOGS/USDT:USDT,0.00014482,6189.0,0.0001448,13836.0,0.00014496,39539.0,0.00014503,50000.0
1753533169783,12:32:49.783,DOGS/USDT:USDT,0.00014482,6189.0,0.0001448,13836.0,0.00014496,39539.0,0.00014503,50000.0
1753533174272,12:32:54.272,DOGS/USDT:USDT,0.00014482,6189.0,0.0001448,13836.0,0.00014495,41297.0,0.00014496,9122.0
1753533174276,12:32:54.276,DOGS/USDT:USDT,0.00014482,12378.0,0.0001448,13836.0,0.00014495,41297.0,0.00014496,9122.0
1753533174461,12:32:54.461,DOGS/USDT:USDT,0.00014483,13836.0,0.00014482,12378.0,0.00014494,41297.0,0.00014495,6742.0
1753533174495,12:32:54.495,DOGS/USDT:USDT,0.00014483,13836.0,0.00014482,12378.0,0.00014494,41297.0,0.00014495,6742.0
1753533174582,12:32:54.582,DOGS/USDT:USDT,0.00014483,13836.0,0.00014482,12378.0,0.00014494,41297.0,0.00014495,6742.0
1753533175283,12:32:55.283,DOGS/USDT:USDT,0.00014483,13836.0,0.00014482,12378.0,0.00014494,41297.0,0.00014495,13484.0
1753533175719,12:32:55.719,DOGS/USDT:USDT,0.00014483,13836.0,0.00014482,12378.0,0.00014494,41297.0,0.00014495,13484.0
1753533177051,12:32:57.051,DOGS/USDT:USDT,0.00014483,13836.0,0.00014482,12378.0,0.00014494,41297.0,0.00014495,6742.0
1753533178452,12:32:58.452,DOGS/USDT:USDT,0.00014483,13836.0,0.00014482,12378.0,0.00014494,41297.0,0.00014495,6742.0
1753533179018,12:32:59.018,DOGS/USDT:USDT,0.00014483,13836.0,0.00014482,12378.0,0.00014493,41297.0,0.00014494,2380.0
1753533179362,12:32:59.362,DOGS/USDT:USDT,0.00014483,13836.0,0.00014482,12378.0,0.00014493,41297.0,0.00014494,2380.0
1753533179382,12:32:59.382,DOGS/USDT:USDT,0.00014483,13836.0,0.00014482,12378.0,0.00014493,41297.0,0.00014494,2380.0
1753533179570,12:32:59.570,DOGS/USDT:USDT,0.00014483,13836.0,0.00014479,50000.0,0.00014493,41297.0,0.00014494,9122.0
1753533179668,12:32:59.668,DOGS/USDT:USDT,0.00014477,13836.0,0.00014476,50000.0,0.00014493,41297.0,0.00014494,9122.0
1753533179676,12:32:59.676,DOGS/USDT:USDT,0.00014477,13836.0,0.00014476,50000.0,0.00014493,41297.0,0.00014494,9122.0
1753533179839,12:32:59.839,DOGS/USDT:USDT,0.00014477,13836.0,0.00014473,50000.0,0.00014493,41297.0,0.00014494,9122.0
1753533180224,12:33:00.224,DOGS/USDT:USDT,0.00014474,13836.0,0.00014473,50000.0,0.00014493,41297.0,0.00014494,9122.0
1753533180297,12:33:00.297,DOGS/USDT:USDT,0.00014474,13836.0,0.00014473,50000.0,0.00014493,41297.0,0.00014494,9122.0
1753533180659,12:33:00.659,DOGS/USDT:USDT,0.00014474,13836.0,0.00014473,50000.0,0.00014493,41297.0,0.00014494,9122.0
1753533180872,12:33:00.872,DOGS/USDT:USDT,0.00014474,13836.0,0.00014473,50000.0,0.00014491,39760.0,0.00014492,50000.0
1753533180875,12:33:00.875,DOGS/USDT:USDT,0.00014474,13836.0,0.00014473,50000.0,0.00014491,39760.0,0.00014492,50000.0
1753533181155,12:33:01.155,DOGS/USDT:USDT,0.00014474,13836.0,0.00014473,50000.0,0.00014491,39760.0,0.00014492,50000.0
1753533182072,12:33:02.072,DOGS/USDT:USDT,0.00014474,13836.0,0.00014473,50000.0,0.00014491,39760.0,0.00014492,50000.0
1753533182075,12:33:02.075,DOGS/USDT:USDT,0.00014474,13836.0,0.00014473,50000.0,0.00014491,39760.0,0.00014492,50000.0
1753533182437,12:33:02.437,DOGS/USDT:USDT,0.00014474,13836.0,0.00014473,50000.0,0.00014491,39760.0,0.00014492,50000.0
1753533182655,12:33:02.655,DOGS/USDT:USDT,0.00014474,13836.0,0.00014473,50000.0,0.00014489,39760.0,0.0001449,45288.0
1753533182680,12:33:02.680,DOGS/USDT:USDT,0.00014474,13836.0,0.00014473,50000.0,0.00014489,39760.0,0.0001449,45288.0
1753533182852,12:33:02.852,DOGS/USDT:USDT,0.00014474,13836.0,0.00014473,50000.0,0.00014489,39760.0,0.0001449,5528.0
1753533182956,12:33:02.956,DOGS/USDT:USDT,0.00014474,13836.0,0.00014473,50000.0,0.00014489,39760.0,0.0001449,5528.0
1753533183006,12:33:03.006,DOGS/USDT:USDT,0.00014474,13836.0,0.00014473,50000.0,0.00014489,39760.0,0.0001449,5528.0
1753533183158,12:33:03.158,DOGS/USDT:USDT,0.00014474,13836.0,0.00014473,50000.0,0.00014489,39760.0,0.0001449,5528.0
1753533183179,12:33:03.179,DOGS/USDT:USDT,0.00014474,13836.0,0.00014473,50000.0,0.00014489,39760.0,0.0001449,5528.0
1753533183290,12:33:03.290,DOGS/USDT:USDT,0.00014474,13836.0,0.00014473,50000.0,0.00014489,39760.0,0.0001449,5528.0
1753533183793,12:33:03.793,DOGS/USDT:USDT,0.00014474,13836.0,0.00014473,50000.0,0.00014489,39760.0,0.0001449,5528.0
1753533184120,12:33:04.120,DOGS/USDT:USDT,0.00014474,13836.0,0.00014473,50000.0,0.00014489,39760.0,0.0001449,5528.0
1753533184196,12:33:04.196,DOGS/USDT:USDT,0.00014474,13836.0,0.00014473,50000.0,0.00014489,39760.0,0.0001449,5528.0
1753533185043,12:33:05.043,DOGS/USDT:USDT,0.00014474,13836.0,0.00014473,50000.0,0.00014488,39760.0,0.00014489,2381.0
1753533185166,12:33:05.166,DOGS/USDT:USDT,0.00014474,13836.0,0.00014473,50000.0,0.00014488,39760.0,0.00014489,2381.0
1753533185369,12:33:05.369,DOGS/USDT:USDT,0.00014474,13836.0,0.00014473,50000.0,0.00014488,39760.0,0.00014489,2381.0
1753533185378,12:33:05.378,DOGS/USDT:USDT,0.00014474,13836.0,0.00014473,50000.0,0.00014488,39760.0,0.00014489,2381.0
1753533185775,12:33:05.775,DOGS/USDT:USDT,0.00014474,13836.0,0.00014473,50000.0,0.00014488,39760.0,0.00014489,2381.0
1753533186189,12:33:06.189,DOGS/USDT:USDT,0.00014474,13836.0,0.00014473,50000.0,0.00014488,39760.0,0.00014489,2381.0
1753533187330,12:33:07.330,DOGS/USDT:USDT,0.00014474,13836.0,0.00014473,50000.0,0.00014488,39760.0,0.00014489,2381.0
1753533188216,12:33:08.216,DOGS/USDT:USDT,0.00014474,13836.0,0.00014473,50000.0,0.00014488,39760.0,0.00014489,2381.0
1753533188968,12:33:08.968,DOGS/USDT:USDT,0.00014474,13836.0,0.00014473,50000.0,0.00014488,39760.0,0.000145,50000.0
1753533188990,12:33:08.990,DOGS/USDT:USDT,0.00014474,19821.0,0.00014473,50000.0,0.00014487,39760.0,0.00014488,2381.0
1753533189446,12:33:09.446,DOGS/USDT:USDT,0.00014474,19821.0,0.00014473,50000.0,0.00014487,39760.0,0.00014488,2381.0
1753533189514,12:33:09.514,DOGS/USDT:USDT,0.00014474,19821.0,0.00014473,50000.0,0.00014487,39760.0,0.00014488,2381.0
1753533190957,12:33:10.957,DOGS/USDT:USDT,0.00014475,46071.0,0.00014474,19821.0,0.00014487,39760.0,0.00014488,2381.0
1753533191067,12:33:11.067,DOGS/USDT:USDT,0.00014475,46071.0,0.00014474,19821.0,0.00014487,39760.0,0.00014488,2381.0
1753533191156,12:33:11.156,DOGS/USDT:USDT,0.00014476,13836.0,0.00014475,5985.0,0.00014487,39760.0,0.00014488,2381.0
1753533191307,12:33:11.307,DOGS/USDT:USDT,0.00014476,13836.0,0.00014475,5985.0,0.00014487,39760.0,0.00014488,2381.0
1753533191487,12:33:11.487,DOGS/USDT:USDT,0.00014476,13836.0,0.00014475,5985.0,0.00014487,39760.0,0.00014488,2381.0
1753533191705,12:33:11.705,DOGS/USDT:USDT,0.00014476,13836.0,0.00014475,5985.0,0.00014487,39760.0,0.00014488,2381.0
1753533191888,12:33:11.888,DOGS/USDT:USDT,0.00014476,13836.0,0.00014475,5985.0,0.00014487,39760.0,0.00014488,2381.0
1753533192340,12:33:12.340,DOGS/USDT:USDT,0.00014476,13836.0,0.00014475,5985.0,0.00014487,39760.0,0.000145,50000.0
1753533192803,12:33:12.803,DOGS/USDT:USDT,0.00014476,13836.0,0.00014475,5985.0,0.00014487,39760.0,0.000145,50000.0
1753533193220,12:33:13.220,DOGS/USDT:USDT,0.00014476,13836.0,0.00014475,5985.0,0.00014487,39760.0,0.000145,50000.0
1753533193819,12:33:13.819,DOGS/USDT:USDT,0.00014476,13836.0,0.00014475,5985.0,0.00014486,40086.0,0.00014487,11459.0
1753533193896,12:33:13.896,DOGS/USDT:USDT,0.00014476,13836.0,0.00014475,5985.0,0.00014486,40086.0,0.00014487,6742.0
1753533194042,12:33:14.042,DOGS/USDT:USDT,0.00014476,13836.0,0.00014475,5985.0,0.00014486,40086.0,0.00014487,6742.0
1753533194364,12:33:14.364,DOGS/USDT:USDT,0.00014476,13836.0,0.00014475,5985.0,0.00014486,40086.0,0.00014487,6742.0
1753533194858,12:33:14.858,DOGS/USDT:USDT,0.00014476,13836.0,0.00014475,5985.0,0.00014486,40086.0,0.000145,50000.0
1753533194876,12:33:14.876,DOGS/USDT:USDT,0.00014476,13836.0,0.00014475,5985.0,0.00014486,40086.0,0.000145,50000.0
1753533195271,12:33:15.271,DOGS/USDT:USDT,0.00014476,13836.0,0.00014475,5985.0,0.00014486,40086.0,0.000145,50000.0
1753533195658,12:33:15.658,DOGS/USDT:USDT,0.00014476,13836.0,0.00014475,5985.0,0.00014486,40086.0,0.000145,50000.0
1753533195995,12:33:15.995,DOGS/USDT:USDT,0.00014476,13836.0,0.00014475,5985.0,0.00014486,40086.0,0.000145,90086.0
1753533196650,12:33:16.650,DOGS/USDT:USDT,0.00014476,13836.0,0.00014475,5985.0,0.00014486,40086.0,0.00014499,50000.0
1753533197135,12:33:17.135,DOGS/USDT:USDT,0.00014476,13836.0,0.00014475,5985.0,0.00014485,40086.0,0.00014486,51374.0
1753533197272,12:33:17.272,DOGS/USDT:USDT,0.00014476,13836.0,0.00014475,5985.0,0.00014485,40086.0,0.00014486,11288.0
1753533197298,12:33:17.298,DOGS/USDT:USDT,0.00014475,19821.0,0.00014474,5985.0,0.00014485,40086.0,0.00014486,11288.0
1753533197401,12:33:17.401,DOGS/USDT:USDT,0.00014475,19821.0,0.00014474,5985.0,0.00014485,40086.0,0.00014486,11288.0
1753533197722,12:33:17.722,DOGS/USDT:USDT,0.00014475,19821.0,0.00014474,5985.0,0.00014485,40086.0,0.00014486,6742.0
1753533198141,12:33:18.141,DOGS/USDT:USDT,0.00014475,19821.0,0.00014474,5985.0,0.00014485,40086.0,0.00014486,6742.0
1753533198257,12:33:18.257,DOGS/USDT:USDT,0.00014475,19821.0,0.00014474,5985.0,0.00014485,40086.0,0.00014499,50000.0
1753533198563,12:33:18.563,DOGS/USDT:USDT,0.00014475,19821.0,0.00014474,5985.0,0.00014485,40086.0,0.00014499,50000.0
1753533198625,12:33:18.625,DOGS/USDT:USDT,0.00014475,19821.0,0.00014474,5985.0,0.00014485,40086.0,0.00014499,50000.0
1753533198692,12:33:18.692,DOGS/USDT:USDT,0.00014475,19821.0,0.00014474,5985.0,0.00014485,40086.0,0.00014499,50000.0
1753533199380,12:33:19.380,DOGS/USDT:USDT,0.00014475,19821.0,0.00014474,5985.0,0.00014485,40086.0,0.00014499,50000.0
1753533199602,12:33:19.602,DOGS/USDT:USDT,0.00014475,19821.0,0.00014474,5985.0,0.00014485,40086.0,0.00014499,50000.0
1753533200841,12:33:20.841,DOGS/USDT:USDT,0.00014475,19821.0,0.00014474,5985.0,0.00014485,45995.0,0.00014499,50000.0
1753533201042,12:33:21.042,DOGS/USDT:USDT,0.00014475,19821.0,0.00014474,5985.0,0.00014484,41240.0,0.00014485,5909.0
1753533201411,12:33:21.411,DOGS/USDT:USDT,0.00014475,5985.0,0.00014474,19821.0,0.00014484,41240.0,0.00014485,5909.0
1753533202228,12:33:22.228,DOGS/USDT:USDT,0.00014475,5985.0,0.00014474,19821.0,0.00014484,41240.0,0.00014485,5909.0
1753533202649,12:33:22.649,DOGS/USDT:USDT,0.00014475,5985.0,0.00014474,19821.0,0.00014484,41240.0,0.00014485,5909.0
1753533202818,12:33:22.818,DOGS/USDT:USDT,0.00014475,5985.0,0.00014474,19821.0,0.00014484,43622.0,0.00014499,50000.0
1753533203063,12:33:23.063,DOGS/USDT:USDT,0.00014475,5985.0,0.00014474,19821.0,0.00014484,43622.0,0.00014499,50000.0
1753533203383,12:33:23.383,DOGS/USDT:USDT,0.00014475,5985.0,0.00014474,19821.0,0.00014484,43622.0,0.00014499,50000.0
1753533206089,12:33:26.089,DOGS/USDT:USDT,0.00014475,47225.0,0.00014474,19821.0,0.00014484,2382.0,0.0001449,41240.0
1753533207116,12:33:27.116,DOGS/USDT:USDT,0.00014476,13836.0,0.00014475,5985.0,0.00014484,2382.0,0.0001449,41240.0
1753533207513,12:33:27.513,DOGS/USDT:USDT,0.00014476,13836.0,0.00014475,5985.0,0.00014484,2382.0,0.0001449,41240.0
1753533208183,12:33:28.183,DOGS/USDT:USDT,0.00014476,13836.0,0.00014475,5985.0,0.00014484,2382.0,0.0001449,41240.0
1753533208341,12:33:28.341,DOGS/USDT:USDT,0.00014476,13836.0,0.00014475,5985.0,0.00014484,2382.0,0.0001449,41240.0
1753533208876,12:33:28.876,DOGS/USDT:USDT,0.00014476,13836.0,0.00014475,5985.0,0.00014484,2382.0,0.0001449,41240.0
1753533209839,12:33:29.839,DOGS/USDT:USDT,0.00014476,13836.0,0.00014475,5985.0,0.00014484,2382.0,0.0001449,41240.0
1753533212995,12:33:32.995,DOGS/USDT:USDT,0.00014476,13836.0,0.00014475,5985.0,0.00014484,2382.0,0.0001449,41240.0
1753533214668,12:33:34.668,DOGS/USDT:USDT,0.00014476,13836.0,0.00014475,5985.0,0.0001449,41240.0,0.00014499,50000.0
1753533214818,12:33:34.818,DOGS/USDT:USDT,0.00014476,13836.0,0.00014475,5985.0,0.0001449,41240.0,0.00014499,50000.0
1753533215248,12:33:35.248,DOGS/USDT:USDT,0.00014476,13836.0,0.00014475,5985.0,0.0001449,41240.0,0.00014499,50000.0
1753533217217,12:33:37.217,DOGS/USDT:USDT,0.00014475,19821.0,0.00014474,47225.0,0.00014489,39324.0,0.0001449,2381.0
1753533217325,12:33:37.325,DOGS/USDT:USDT,0.00014475,19821.0,0.00014474,5985.0,0.00014489,39324.0,0.0001449,2381.0
1753533217721,12:33:37.721,DOGS/USDT:USDT,0.00014475,19821.0,0.00014474,5985.0,0.00014489,39324.0,0.0001449,2381.0
1753533217783,12:33:37.783,DOGS/USDT:USDT,0.00014475,19821.0,0.00014474,5985.0,0.00014489,39324.0,0.0001449,2381.0
1753533218142,12:33:38.142,DOGS/USDT:USDT,0.00014475,19821.0,0.00014474,5985.0,0.00014489,39324.0,0.0001449,2381.0
1753533219460,12:33:39.460,DOGS/USDT:USDT,0.00014475,19821.0,0.00014474,5985.0,0.00014489,39324.0,0.0001449,2381.0
1753533219781,12:33:39.781,DOGS/USDT:USDT,0.00014475,19821.0,0.00014474,5985.0,0.00014489,39324.0,0.0001449,2381.0
1753533220257,12:33:40.257,DOGS/USDT:USDT,0.00014475,19821.0,0.00014474,5985.0,0.00014489,39324.0,0.0001449,2381.0
1753533220642,12:33:40.642,DOGS/USDT:USDT,0.00014475,19821.0,0.00014474,5985.0,0.00014488,40174.0,0.00014489,2381.0
1753533220691,12:33:40.691,DOGS/USDT:USDT,0.00014475,19821.0,0.00014474,5985.0,0.00014488,40174.0,0.00014489,2381.0
1753533221142,12:33:41.142,DOGS/USDT:USDT,0.00014475,19821.0,0.00014474,5985.0,0.00014488,40174.0,0.00014489,2381.0
1753533221257,12:33:41.257,DOGS/USDT:USDT,0.00014475,19821.0,0.00014474,5985.0,0.00014488,40174.0,0.00014489,2381.0
1753533222585,12:33:42.585,DOGS/USDT:USDT,0.00014475,19821.0,0.00014474,5985.0,0.00014488,40174.0,0.00014489,2381.0
1753533224248,12:33:44.248,DOGS/USDT:USDT,0.00014475,19821.0,0.00014474,5985.0,0.00014488,40174.0,0.00014489,2381.0
1753533224568,12:33:44.568,DOGS/USDT:USDT,0.00014475,19821.0,0.00014474,5985.0,0.00014488,40174.0,0.00014499,50000.0
1753533224850,12:33:44.850,DOGS/USDT:USDT,0.00014475,19821.0,0.00014474,5985.0,0.00014488,40174.0,0.00014499,50000.0
1753533225210,12:33:45.210,DOGS/USDT:USDT,0.00014475,19821.0,0.00014474,5985.0,0.00014488,40174.0,0.00014499,50000.0
1753533225588,12:33:45.588,DOGS/USDT:USDT,0.00014475,19821.0,0.00014474,5985.0,0.00014487,40174.0,0.00014488,4030.0
1753533226033,12:33:46.033,DOGS/USDT:USDT,0.00014475,19821.0,0.00014474,5985.0,0.00014487,40174.0,0.00014488,4030.0
1753533226455,12:33:46.455,DOGS/USDT:USDT,0.00014475,19821.0,0.00014474,5985.0,0.00014487,40174.0,0.00014488,4030.0
1753533227416,12:33:47.416,DOGS/USDT:USDT,0.00014475,19821.0,0.00014474,5985.0,0.00014487,40174.0,0.00014488,4030.0
1753533229117,12:33:49.117,DOGS/USDT:USDT,0.00014475,19821.0,0.00014474,5985.0,0.00014487,40174.0,0.00014499,50000.0
1753533229541,12:33:49.541,DOGS/USDT:USDT,0.00014475,19821.0,0.00014474,5985.0,0.00014486,40174.0,0.00014487,2381.0
1753533229700,12:33:49.700,DOGS/USDT:USDT,0.00014475,19821.0,0.00014474,5985.0,0.00014486,40174.0,0.00014487,2381.0
1753533230112,12:33:50.112,DOGS/USDT:USDT,0.00014475,19821.0,0.00014474,5985.0,0.00014486,40174.0,0.00014487,2381.0
1753533231257,12:33:51.257,DOGS/USDT:USDT,0.00014475,25623.0,0.00014473,50000.0,0.00014485,40222.0,0.00014486,6742.0
1753533231335,12:33:51.335,DOGS/USDT:USDT,0.00014475,25623.0,0.00014473,50000.0,0.00014485,40222.0,0.00014486,6742.0
1753533232163,12:33:52.163,DOGS/USDT:USDT,0.00014475,25623.0,0.00014473,50000.0,0.00014485,40222.0,0.00014486,6742.0
1753533232185,12:33:52.185,DOGS/USDT:USDT,0.00014475,25623.0,0.00014473,50000.0,0.00014485,40222.0,0.00014486,6742.0
1753533232998,12:33:52.998,DOGS/USDT:USDT,0.00014475,25623.0,0.00014473,50000.0,0.00014484,40222.0,0.00014485,5178.0
1753533233466,12:33:53.466,DOGS/USDT:USDT,0.00014475,25623.0,0.00014473,50000.0,0.00014484,40222.0,0.00014499,50000.0
1753533233496,12:33:53.496,DOGS/USDT:USDT,0.00014475,25623.0,0.00014473,50000.0,0.00014483,40222.0,0.00014484,42604.0
1753533233627,12:33:53.627,DOGS/USDT:USDT,0.00014475,25623.0,0.00014473,50000.0,0.00014483,40222.0,0.00014484,2382.0
1753533233771,12:33:53.771,DOGS/USDT:USDT,0.00014475,25623.0,0.00014473,50000.0,0.00014483,40222.0,0.00014484,2382.0
1753533233828,12:33:53.828,DOGS/USDT:USDT,0.00014475,25623.0,0.00014473,50000.0,0.00014483,40222.0,0.00014484,2382.0
1753533234250,12:33:54.250,DOGS/USDT:USDT,0.00014475,25623.0,0.00014473,50000.0,0.00014483,40222.0,0.00014484,2382.0
1753533234675,12:33:54.675,DOGS/USDT:USDT,0.00014475,25623.0,0.00014473,50000.0,0.00014483,40222.0,0.00014484,2382.0
1753533235309,12:33:55.309,DOGS/USDT:USDT,0.00014475,25623.0,0.00014473,50000.0,0.00014483,40222.0,0.00014484,2382.0
1753533236984,12:33:56.984,DOGS/USDT:USDT,0.00014475,25623.0,0.00014473,50000.0,0.00014483,40222.0,0.00014484,2382.0
1753533237429,12:33:57.429,DOGS/USDT:USDT,0.00014475,25623.0,0.00014473,50000.0,0.00014483,42604.0,0.00014499,50000.0
1753533238322,12:33:58.322,DOGS/USDT:USDT,0.00014475,25623.0,0.00014473,50000.0,0.00014483,42604.0,0.00014499,50000.0
1753533241785,12:34:01.785,DOGS/USDT:USDT,0.00014475,25623.0,0.00014473,50000.0,0.00014483,42604.0,0.00014499,50000.0
1753533243890,12:34:03.890,DOGS/USDT:USDT,0.00014475,11787.0,0.00014474,13836.0,0.00014483,42604.0,0.00014499,50000.0
1753533244133,12:34:04.133,DOGS/USDT:USDT,0.00014475,11787.0,0.00014474,13836.0,0.00014483,2382.0,0.00014499,50000.0
1753533244376,12:34:04.376,DOGS/USDT:USDT,0.00014475,11787.0,0.00014474,13836.0,0.00014483,2382.0,0.00014499,50000.0
1753533245101,12:34:05.101,DOGS/USDT:USDT,0.00014475,11787.0,0.00014474,13836.0,0.00014483,2382.0,0.00014499,50000.0
1753533246459,12:34:06.459,DOGS/USDT:USDT,0.00014475,11787.0,0.00014474,13836.0,0.00014483,42217.0,0.00014499,50000.0
1753533246520,12:34:06.520,DOGS/USDT:USDT,0.00014475,11787.0,0.00014474,13836.0,0.00014482,39835.0,0.00014499,50000.0
1753533246584,12:34:06.584,DOGS/USDT:USDT,0.00014475,11787.0,0.00014474,13836.0,0.00014482,39835.0,0.00014499,50000.0
1753533246813,12:34:06.813,DOGS/USDT:USDT,0.00014475,11787.0,0.00014474,13836.0,0.00014482,39835.0,0.00014499,50000.0
1753533247079,12:34:07.079,DOGS/USDT:USDT,0.00014475,11787.0,0.00014474,13836.0,0.00014482,39835.0,0.00014499,50000.0
1753533247235,12:34:07.235,DOGS/USDT:USDT,0.00014475,11787.0,0.00014474,13836.0,0.00014482,39835.0,0.00014499,50000.0
1753533251384,12:34:11.384,DOGS/USDT:USDT,0.00014475,11787.0,0.00014474,13836.0,0.00014482,39835.0,0.00014499,50000.0
1753533251675,12:34:11.675,DOGS/USDT:USDT,0.00014475,11787.0,0.00014474,13836.0,0.00014482,39835.0,0.00014499,50000.0
1753533256266,12:34:16.266,DOGS/USDT:USDT,0.00014475,5985.0,0.00014474,13836.0,0.00014485,39562.0,0.00014486,41944.0
1753533256278,12:34:16.278,DOGS/USDT:USDT,0.00014475,11975.0,0.00014474,13836.0,0.00014485,39562.0,0.00014486,41944.0
1753533256423,12:34:16.423,DOGS/USDT:USDT,0.00014475,25811.0,0.00014473,50000.0,0.00014485,39562.0,0.00014486,2382.0
1753533256521,12:34:16.521,DOGS/USDT:USDT,0.00014475,25811.0,0.00014473,50000.0,0.00014485,39562.0,0.00014486,2382.0
1753533256956,12:34:16.956,DOGS/USDT:USDT,0.00014475,25811.0,0.00014473,50000.0,0.00014485,39562.0,0.00014486,2382.0
1753533257352,12:34:17.352,DOGS/USDT:USDT,0.00014475,25811.0,0.00014473,50000.0,0.00014485,39562.0,0.00014486,2382.0
1753533257785,12:34:17.785,DOGS/USDT:USDT,0.00014475,25811.0,0.00014473,50000.0,0.00014485,39562.0,0.00014486,2382.0
1753533259463,12:34:19.463,DOGS/USDT:USDT,0.00014475,25811.0,0.00014473,50000.0,0.00014485,39562.0,0.00014497,50000.0
1753533260215,12:34:20.215,DOGS/USDT:USDT,0.00014475,25811.0,0.00014473,50000.0,0.00014485,39562.0,0.00014497,50000.0
1753533260985,12:34:20.985,DOGS/USDT:USDT,0.00014475,25811.0,0.00014473,50000.0,0.00014485,39562.0,0.00014497,50000.0
1753533263151,12:34:23.151,DOGS/USDT:USDT,0.00014475,5985.0,0.00014474,13836.0,0.00014485,39562.0,0.00014497,50000.0
1753533263464,12:34:23.464,DOGS/USDT:USDT,0.00014475,5985.0,0.00014474,13836.0,0.00014485,39562.0,0.00014497,50000.0
1753533263528,12:34:23.528,DOGS/USDT:USDT,0.00014475,25811.0,0.00014473,50000.0,0.00014485,39562.0,0.00014497,50000.0
1753533264610,12:34:24.610,DOGS/USDT:USDT,0.00014475,5985.0,0.00014474,13836.0,0.00014485,41944.0,0.00014497,50000.0
1753533265498,12:34:25.498,DOGS/USDT:USDT,0.00014475,5985.0,0.00014474,13836.0,0.00014485,41944.0,0.00014497,50000.0
1753533265700,12:34:25.700,DOGS/USDT:USDT,0.00014475,5985.0,0.00014474,13836.0,0.00014485,41944.0,0.00014497,50000.0
1753533265798,12:34:25.798,DOGS/USDT:USDT,0.00014475,5985.0,0.00014474,13836.0,0.00014485,41944.0,0.00014497,50000.0
1753533265933,12:34:25.933,DOGS/USDT:USDT,0.00014475,5985.0,0.00014474,13836.0,0.00014485,41944.0,0.00014497,50000.0
1753533266170,12:34:26.170,DOGS/USDT:USDT,0.00014475,11975.0,0.00014474,13836.0,0.00014485,41944.0,0.00014497,50000.0
1753533266175,12:34:26.175,DOGS/USDT:USDT,0.00014475,25811.0,0.00014473,50000.0,0.00014485,41944.0,0.00014497,50000.0
1753533266385,12:34:26.385,DOGS/USDT:USDT,0.00014475,25811.0,0.00014473,50000.0,0.00014485,41944.0,0.00014497,50000.0
1753533266736,12:34:26.736,DOGS/USDT:USDT,0.00014475,5985.0,0.00014474,13836.0,0.00014485,41944.0,0.00014497,50000.0
1753533267546,12:34:27.546,DOGS/USDT:USDT,0.00014474,13836.0,0.00014473,50000.0,0.00014484,41205.0,0.00014485,9124.0
1753533267647,12:34:27.647,DOGS/USDT:USDT,0.00014474,13836.0,0.00014473,50000.0,0.00014484,41205.0,0.00014485,9124.0
1753533268067,12:34:28.067,DOGS/USDT:USDT,0.00014474,13836.0,0.00014473,50000.0,0.00014484,41205.0,0.00014485,6742.0
1753533268136,12:34:28.136,DOGS/USDT:USDT,0.00014474,19826.0,0.00014473,50000.0,0.00014484,41205.0,0.00014485,6742.0
1753533268512,12:34:28.512,DOGS/USDT:USDT,0.00014474,19826.0,0.00014473,50000.0,0.00014484,41205.0,0.00014485,6742.0
1753533270585,12:34:30.585,DOGS/USDT:USDT,0.00014474,19826.0,0.00014473,50000.0,0.00014484,41205.0,0.00014485,6742.0
1753533271594,12:34:31.594,DOGS/USDT:USDT,0.00014474,19826.0,0.00014473,50000.0,0.00014484,41205.0,0.00014485,6742.0
1753533274004,12:34:34.004,DOGS/USDT:USDT,0.00014474,19826.0,0.00014473,50000.0,0.00014483,40305.0,0.00014484,2382.0
1753533274207,12:34:34.207,DOGS/USDT:USDT,0.00014474,19826.0,0.00014473,50000.0,0.00014483,40305.0,0.00014484,2382.0
1753533275396,12:34:35.396,DOGS/USDT:USDT,0.00014474,19826.0,0.00014473,50000.0,0.00014483,40305.0,0.00014484,2382.0
1753533277144,12:34:37.144,DOGS/USDT:USDT,0.00014474,19826.0,0.00014473,50000.0,0.00014483,40305.0,0.00014485,6742.0
1753533278252,12:34:38.252,DOGS/USDT:USDT,0.00014474,5990.0,0.00014473,63836.0,0.00014483,40305.0,0.00014485,6742.0
1753533279947,12:34:39.947,DOGS/USDT:USDT,0.00014474,5990.0,0.00014473,63836.0,0.00014482,40305.0,0.00014483,42687.0
1753533280101,12:34:40.101,DOGS/USDT:USDT,0.00014474,5990.0,0.00014473,63836.0,0.00014482,40305.0,0.00014485,6742.0
1753533280185,12:34:40.185,DOGS/USDT:USDT,0.00014474,5990.0,0.00014473,63836.0,0.00014482,40305.0,0.00014485,6742.0
1753533280278,12:34:40.278,DOGS/USDT:USDT,0.00014474,5990.0,0.00014473,63836.0,0.00014482,40305.0,0.00014485,6742.0
1753533280771,12:34:40.771,DOGS/USDT:USDT,0.00014472,690.0,0.00014465,13810.0,0.00014477,40103.0,0.00014478,13813.0
1753533280873,12:34:40.873,DOGS/USDT:USDT,0.00014472,690.0,0.00014466,2.0,0.00014475,40103.0,0.00014476,13484.0
1753533280878,12:34:40.878,DOGS/USDT:USDT,0.00014472,690.0,0.00014466,2.0,0.00014475,40103.0,0.00014476,13484.0
1753533281004,12:34:41.004,DOGS/USDT:USDT,0.00014472,690.0,0.00014466,2.0,0.00014475,40103.0,0.00014476,13484.0
1753533281112,12:34:41.112,DOGS/USDT:USDT,0.00014472,690.0,0.00014466,2.0,0.00014475,40103.0,0.00014476,13484.0
1753533281569,12:34:41.569,DOGS/USDT:USDT,0.00014472,690.0,0.00014466,2.0,0.00014475,40103.0,0.00014476,13484.0
1753533281640,12:34:41.640,DOGS/USDT:USDT,0.00014472,690.0,0.00014466,2.0,0.00014475,40103.0,0.00014476,6742.0
1753533281732,12:34:41.732,DOGS/USDT:USDT,0.00014472,690.0,0.00014466,2.0,0.00014475,53916.0,0.00014476,13484.0
1753533281780,12:34:41.780,DOGS/USDT:USDT,0.00014472,690.0,0.00014464,2.0,0.00014475,53916.0,0.00014476,13484.0
1753533282096,12:34:42.096,DOGS/USDT:USDT,0.00014472,690.0,0.00014464,2.0,0.00014474,40103.0,0.00014475,13813.0
1753533282425,12:34:42.425,DOGS/USDT:USDT,0.00014472,690.0,0.00014464,2.0,0.00014474,40103.0,0.00014475,13813.0
1753533282677,12:34:42.677,DOGS/USDT:USDT,0.00014472,690.0,0.00014464,2.0,0.00014474,40103.0,0.00014475,13813.0
1753533283171,12:34:43.171,DOGS/USDT:USDT,0.00014472,690.0,0.00014464,2.0,0.00014474,40103.0,0.00014475,13813.0
1753533283242,12:34:43.242,DOGS/USDT:USDT,0.00014472,690.0,0.00014464,2.0,0.00014474,40103.0,0.00014475,13813.0
1753533283658,12:34:43.658,DOGS/USDT:USDT,0.00014472,690.0,0.00014464,2.0,0.00014473,13813.0,0.00014474,40103.0
1753533283757,12:34:43.757,DOGS/USDT:USDT,0.00014472,690.0,0.00014458,2.0,0.00014473,20555.0,0.00014474,46845.0
1753533284062,12:34:44.062,DOGS/USDT:USDT,0.00014472,690.0,0.00014458,2.0,0.00014473,20555.0,0.00014474,46845.0
1753533284479,12:34:44.479,DOGS/USDT:USDT,0.00014472,690.0,0.00014458,2.0,0.00014473,20555.0,0.00014474,46845.0
1753533284900,12:34:44.900,DOGS/USDT:USDT,0.00014472,690.0,0.00014458,2.0,0.00014473,20555.0,0.00014474,46845.0
1753533284996,12:34:44.996,DOGS/USDT:USDT,0.00014472,690.0,0.00014458,2.0,0.00014473,20555.0,0.00014474,46845.0
1753533285356,12:34:45.356,DOGS/USDT:USDT,0.00014472,690.0,0.00014458,2.0,0.00014473,20555.0,0.00014474,46845.0
1753533285420,12:34:45.420,DOGS/USDT:USDT,0.00014472,690.0,0.00014458,2.0,0.00014473,60658.0,0.00014474,6742.0
1753533287535,12:34:47.535,DOGS/USDT:USDT,0.00014472,690.0,0.00014458,2.0,0.00014473,60658.0,0.00014474,6742.0
1753533287870,12:34:47.870,DOGS/USDT:USDT,0.00014472,690.0,0.00014458,2.0,0.00014473,60658.0,0.00014474,6742.0
1753533288936,12:34:48.936,DOGS/USDT:USDT,0.00014472,690.0,0.00014458,2.0,0.00014473,13813.0,0.00014476,13484.0
1753533289020,12:34:49.020,DOGS/USDT:USDT,0.00014472,690.0,0.00014458,2.0,0.00014476,20555.0,0.00014477,46845.0
1753533289113,12:34:49.113,DOGS/USDT:USDT,0.00014472,690.0,0.00014458,2.0,0.00014476,60658.0,0.00014477,46845.0
1753533289264,12:34:49.264,DOGS/USDT:USDT,0.00014472,690.0,0.00014458,2.0,0.00014476,60658.0,0.00014477,6742.0
1753533289349,12:34:49.349,DOGS/USDT:USDT,0.00014472,690.0,0.00014458,2.0,0.00014476,60658.0,0.00014477,6742.0
1753533289456,12:34:49.456,DOGS/USDT:USDT,0.00014472,690.0,0.00014458,2.0,0.00014474,13813.0,0.00014475,40103.0
1753533289698,12:34:49.698,DOGS/USDT:USDT,0.00014472,690.0,0.00014458,2.0,0.00014474,13813.0,0.00014475,40103.0
1753533289785,12:34:49.785,DOGS/USDT:USDT,0.00014472,690.0,0.00014458,2.0,0.00014474,13813.0,0.00014475,40103.0
1753533290198,12:34:50.198,DOGS/USDT:USDT,0.00014472,690.0,0.00014458,2.0,0.00014474,13813.0,0.00014475,40103.0
1753533290622,12:34:50.622,DOGS/USDT:USDT,0.00014472,690.0,0.00014458,2.0,0.00014474,13813.0,0.00014475,40103.0
1753533294585,12:34:54.585,DOGS/USDT:USDT,0.00014472,690.0,0.00014458,2.0,0.00014474,13813.0,0.00014475,40103.0
1753533294973,12:34:54.973,DOGS/USDT:USDT,0.00014472,690.0,0.00014458,2.0,0.00014474,13813.0,0.00014476,6742.0
1753533294978,12:34:54.978,DOGS/USDT:USDT,0.00014472,690.0,0.00014458,2.0,0.00014476,20555.0,0.00014477,6742.0
1753533295256,12:34:55.256,DOGS/USDT:USDT,0.00014472,690.0,0.00014469,6742.0,0.00014473,13813.0,0.00014476,6742.0
1753533295352,12:34:55.352,DOGS/USDT:USDT,0.00014472,690.0,0.00014469,6744.0,0.00014476,6742.0,0.00014477,6742.0
1753533295471,12:34:55.471,DOGS/USDT:USDT,0.00014472,690.0,0.00014469,6744.0,0.00014476,6742.0,0.00014477,6742.0
1753533296113,12:34:56.113,DOGS/USDT:USDT,0.00014472,690.0,0.00014469,2.0,0.00014476,6742.0,0.00014477,6742.0
1753533296298,12:34:56.298,DOGS/USDT:USDT,0.00014472,690.0,0.00014469,2.0,0.00014476,20555.0,0.00014477,6742.0
1753533296381,12:34:56.381,DOGS/USDT:USDT,0.00014472,690.0,0.00014458,2.0,0.00014476,20555.0,0.00014477,6742.0
1753533296927,12:34:56.927,DOGS/USDT:USDT,0.00014472,690.0,0.00014468,20552.0,0.00014476,6742.0,0.00014477,6742.0
1753533296980,12:34:56.980,DOGS/USDT:USDT,0.00014472,690.0,0.00014469,2.0,0.00014476,6742.0,0.00014477,6742.0
1753533297560,12:34:57.560,DOGS/USDT:USDT,0.00014472,12662.0,0.00014471,28807.0,0.00014479,2383.0,0.00014481,40103.0
1753533297665,12:34:57.665,DOGS/USDT:USDT,0.00014473,2.0,0.00014472,12662.0,0.00014479,2383.0,0.00014485,39672.0
1753533297723,12:34:57.723,DOGS/USDT:USDT,0.00014473,13812.0,0.00014472,12662.0,0.00014479,2383.0,0.00014485,53485.0
1753533297952,12:34:57.952,DOGS/USDT:USDT,0.00014473,13812.0,0.00014472,12662.0,0.00014479,2383.0,0.00014485,53485.0
1753533298136,12:34:58.136,DOGS/USDT:USDT,0.00014473,13812.0,0.00014472,12662.0,0.00014484,39672.0,0.00014485,13813.0
1753533298412,12:34:58.412,DOGS/USDT:USDT,0.00014473,13812.0,0.00014472,12662.0,0.00014484,39672.0,0.00014485,13813.0
1753533298499,12:34:58.499,DOGS/USDT:USDT,0.00014473,13812.0,0.00014472,12662.0,0.00014484,39672.0,0.00014485,13813.0
1753533299298,12:34:59.298,DOGS/USDT:USDT,0.00014473,13812.0,0.00014472,12662.0,0.00014484,39672.0,0.00014485,13813.0
1753533299395,12:34:59.395,DOGS/USDT:USDT,0.00014473,13812.0,0.00014472,12662.0,0.00014484,39672.0,0.00014485,13813.0
1753533299727,12:34:59.727,DOGS/USDT:USDT,0.00014473,13812.0,0.00014472,12662.0,0.00014484,39672.0,0.00014485,13813.0
1753533300467,12:35:00.467,DOGS/USDT:USDT,0.00014473,13812.0,0.00014472,12662.0,0.00014483,40434.0,0.00014484,6742.0
1753533300550,12:35:00.550,DOGS/USDT:USDT,0.00014473,13812.0,0.00014472,12662.0,0.00014483,40434.0,0.00014484,6742.0
1753533300883,12:35:00.883,DOGS/USDT:USDT,0.00014473,13812.0,0.00014472,12662.0,0.00014483,40434.0,0.00014484,6742.0
1753533301373,12:35:01.373,DOGS/USDT:USDT,0.00014473,13812.0,0.00014472,12662.0,0.00014483,40434.0,0.00014484,6742.0
1753533301465,12:35:01.465,DOGS/USDT:USDT,0.00014473,13812.0,0.00014472,12662.0,0.00014483,40434.0,0.00014484,6742.0
1753533301476,12:35:01.476,DOGS/USDT:USDT,0.00014473,13812.0,0.00014472,12662.0,0.00014483,40434.0,0.00014484,6742.0
1753533301761,12:35:01.761,DOGS/USDT:USDT,0.00014473,2.0,0.00014472,20486.0,0.00014482,40434.0,0.00014483,19884.0
1753533301811,12:35:01.811,DOGS/USDT:USDT,0.00014473,2.0,0.00014472,20486.0,0.00014482,40434.0,0.00014483,19884.0
1753533302454,12:35:02.454,DOGS/USDT:USDT,0.00014473,2.0,0.00014472,20486.0,0.00014482,40434.0,0.00014483,19884.0
1753533302605,12:35:02.605,DOGS/USDT:USDT,0.00014473,2.0,0.00014472,20486.0,0.00014482,40434.0,0.00014483,19884.0
1753533303037,12:35:03.037,DOGS/USDT:USDT,0.00014473,2.0,0.00014472,20486.0,0.00014482,40434.0,0.00014483,19884.0
1753533303077,12:35:03.077,DOGS/USDT:USDT,0.00014473,2.0,0.00014472,20486.0,0.00014483,19884.0,0.00014484,6742.0
1753533303459,12:35:03.459,DOGS/USDT:USDT,0.00014473,2.0,0.00014472,20486.0,0.00014483,19884.0,0.00014484,6742.0
1753533303772,12:35:03.772,DOGS/USDT:USDT,0.00014474,54244.0,0.00014473,5804.0,0.00014485,13813.0,0.00014486,40434.0
1753533303796,12:35:03.796,DOGS/USDT:USDT,0.00014475,5804.0,0.00014474,54244.0,0.00014485,13813.0,0.00014486,40434.0
1753533303883,12:35:03.883,DOGS/USDT:USDT,0.00014475,5804.0,0.00014474,54244.0,0.00014485,13813.0,0.00014486,40434.0
1753533304259,12:35:04.259,DOGS/USDT:USDT,0.00014475,5804.0,0.00014474,54244.0,0.00014485,13813.0,0.00014486,40434.0
1753533304306,12:35:04.306,DOGS/USDT:USDT,0.00014475,5804.0,0.00014474,54244.0,0.00014485,13813.0,0.00014486,40434.0
1753533304557,12:35:04.557,DOGS/USDT:USDT,0.00014475,5804.0,0.00014474,54244.0,0.00014485,13813.0,0.00014486,40434.0
1753533304740,12:35:04.740,DOGS/USDT:USDT,0.00014475,5804.0,0.00014474,54244.0,0.00014485,13813.0,0.00014486,40434.0
1753533305421,12:35:05.421,DOGS/USDT:USDT,0.00014475,5804.0,0.00014474,54244.0,0.00014485,13813.0,0.00014486,40434.0
1753533305593,12:35:05.593,DOGS/USDT:USDT,0.00014475,5804.0,0.00014474,54244.0,0.00014485,13813.0,0.00014486,40434.0
1753533305991,12:35:05.991,DOGS/USDT:USDT,0.00014475,5804.0,0.00014474,54244.0,0.00014485,54247.0,0.00014486,40434.0
1753533306141,12:35:06.141,DOGS/USDT:USDT,0.00014475,5804.0,0.00014474,54244.0,0.00014485,40434.0,0.00014496,13813.0
1753533306309,12:35:06.309,DOGS/USDT:USDT,0.00014475,5804.0,0.00014474,54244.0,0.00014485,46505.0,0.00014496,13813.0
1753533306894,12:35:06.894,DOGS/USDT:USDT,0.00014475,5804.0,0.00014474,54244.0,0.00014485,46505.0,0.00014496,13813.0
1753533307744,12:35:07.744,DOGS/USDT:USDT,0.00014475,5804.0,0.00014474,54244.0,0.00014485,46505.0,0.00014496,13813.0
1753533308023,12:35:08.023,DOGS/USDT:USDT,0.00014475,5804.0,0.00014474,54244.0,0.00014485,40434.0,0.00014496,13813.0
1753533308985,12:35:08.985,DOGS/USDT:USDT,0.00014475,5804.0,0.00014474,54244.0,0.00014485,40434.0,0.00014496,13813.0
1753533309560,12:35:09.560,DOGS/USDT:USDT,0.00014475,5804.0,0.00014472,690.0,0.00014484,54247.0,0.00014485,12142.0
1753533309653,12:35:09.653,DOGS/USDT:USDT,0.00014475,5802.0,0.00014472,690.0,0.00014484,54247.0,0.00014485,12142.0
1753533309946,12:35:09.946,DOGS/USDT:USDT,0.00014472,6492.0,0.0001447,2.0,0.00014482,13813.0,0.00014483,40434.0
1753533310073,12:35:10.073,DOGS/USDT:USDT,0.00014472,6492.0,0.0001447,2.0,0.00014482,13813.0,0.00014483,40434.0
1753533310078,12:35:10.078,DOGS/USDT:USDT,0.00014472,6492.0,0.0001447,2.0,0.00014482,13813.0,0.00014483,40434.0
1753533310469,12:35:10.469,DOGS/USDT:USDT,0.00014472,6492.0,0.0001447,2.0,0.00014482,39772.0,0.00014485,6071.0
1753533310505,12:35:10.505,DOGS/USDT:USDT,0.00014472,6492.0,0.0001447,2.0,0.00014481,53585.0,0.00014482,6071.0
1753533311139,12:35:11.139,DOGS/USDT:USDT,0.00014472,6492.0,0.0001447,2.0,0.00014481,53585.0,0.00014497,50000.0
1753533311354,12:35:11.354,DOGS/USDT:USDT,0.00014472,6492.0,0.0001447,2.0,0.00014481,53585.0,0.00014497,50000.0
1753533312569,12:35:12.569,DOGS/USDT:USDT,0.00014472,6492.0,0.0001447,2.0,0.0001448,39772.0,0.00014481,13813.0
1753533312636,12:35:12.636,DOGS/USDT:USDT,0.00014472,6492.0,0.0001447,2.0,0.0001448,39772.0,0.00014481,13813.0
1753533312990,12:35:12.990,DOGS/USDT:USDT,0.00014472,6492.0,0.0001447,2.0,0.0001448,39772.0,0.00014481,13813.0
1753533313503,12:35:13.503,DOGS/USDT:USDT,0.00014472,6492.0,0.0001447,2.0,0.0001448,39772.0,0.00014481,13813.0
1753533313786,12:35:13.786,DOGS/USDT:USDT,0.00014472,6492.0,0.0001447,2.0,0.0001448,39772.0,0.00014481,13813.0
1753533313978,12:35:13.978,DOGS/USDT:USDT,0.00014472,6492.0,0.0001447,2.0,0.0001448,39772.0,0.00014481,13813.0
1753533315456,12:35:15.456,DOGS/USDT:USDT,0.00014472,690.0,0.0001447,2.0,0.00014477,13813.0,0.00014478,39772.0
1753533315490,12:35:15.490,DOGS/USDT:USDT,0.00014472,690.0,0.00014466,2.0,0.00014477,13813.0,0.00014478,39772.0
1753533315639,12:35:15.639,DOGS/USDT:USDT,0.00014472,690.0,0.0001447,6071.0,0.00014477,13813.0,0.00014478,39772.0
1753533316493,12:35:16.493,DOGS/USDT:USDT,0.00014472,690.0,0.0001447,6071.0,0.00014477,13813.0,0.00014478,39772.0
1753533316629,12:35:16.629,DOGS/USDT:USDT,0.00014472,690.0,0.00014466,2.0,0.00014477,13813.0,0.00014478,45843.0
1753533316922,12:35:16.922,DOGS/USDT:USDT,0.00014472,690.0,0.00014466,2.0,0.00014477,13813.0,0.00014478,45843.0
1753533317200,12:35:17.200,DOGS/USDT:USDT,0.00014472,690.0,0.00014466,2.0,0.00014477,13813.0,0.00014478,39772.0
1753533317350,12:35:17.350,DOGS/USDT:USDT,0.00014472,690.0,0.00014466,2.0,0.00014477,13813.0,0.00014478,39772.0
1753533318273,12:35:18.273,DOGS/USDT:USDT,0.00014472,690.0,0.00014466,2.0,0.00014477,13813.0,0.00014497,50000.0
1753533318336,12:35:18.336,DOGS/USDT:USDT,0.00014472,690.0,0.0001447,6071.0,0.00014481,39772.0,0.00014482,19884.0
1753533318446,12:35:18.446,DOGS/USDT:USDT,0.00014472,690.0,0.0001447,6071.0,0.0001448,59656.0,0.00014481,6071.0
1753533318586,12:35:18.586,DOGS/USDT:USDT,0.00014472,690.0,0.0001447,6071.0,0.0001448,59656.0,0.00014481,6071.0
1753533319410,12:35:19.410,DOGS/USDT:USDT,0.00014472,690.0,0.0001447,6071.0,0.0001448,59656.0,0.00014481,6071.0
1753533319703,12:35:19.703,DOGS/USDT:USDT,0.00014472,690.0,0.0001447,6071.0,0.0001448,59656.0,0.00014481,6071.0
1753533319836,12:35:19.836,DOGS/USDT:USDT,0.00014472,690.0,0.0001447,6071.0,0.0001448,59656.0,0.00014481,6071.0
1753533320711,12:35:20.711,DOGS/USDT:USDT,0.00014472,690.0,0.0001447,6071.0,0.0001448,53585.0,0.00014482,6071.0
1753533321248,12:35:21.248,DOGS/USDT:USDT,0.00014472,690.0,0.0001447,6071.0,0.0001448,53585.0,0.00014483,39772.0
1753533321468,12:35:21.468,DOGS/USDT:USDT,0.00014472,690.0,0.0001447,6071.0,0.0001448,53585.0,0.00014483,39772.0
1753533322222,12:35:22.222,DOGS/USDT:USDT,0.00014478,6.0,0.00014472,690.0,0.0001448,53585.0,0.00014482,6071.0
1753533322320,12:35:22.320,DOGS/USDT:USDT,0.00014472,690.0,0.0001447,6071.0,0.0001448,53585.0,0.00014483,39772.0
1753533322716,12:35:22.716,DOGS/USDT:USDT,0.00014472,690.0,0.0001447,6071.0,0.0001448,53585.0,0.00014483,39772.0
1753533323296,12:35:23.296,DOGS/USDT:USDT,0.00014472,690.0,0.0001447,6071.0,0.0001448,59656.0,0.00014481,6071.0
1753533323416,12:35:23.416,DOGS/USDT:USDT,0.00014472,690.0,0.0001447,6071.0,0.00014478,13813.0,0.00014479,41265.0
1753533323539,12:35:23.539,DOGS/USDT:USDT,0.00014472,690.0,0.0001447,6071.0,0.00014478,13813.0,0.00014479,41265.0
1753533323677,12:35:23.677,DOGS/USDT:USDT,0.00014472,690.0,0.0001447,6071.0,0.00014478,13813.0,0.00014479,41265.0
1753533324386,12:35:24.386,DOGS/USDT:USDT,0.00014472,690.0,0.0001447,6071.0,0.00014478,13813.0,0.00014479,41265.0
1753533324847,12:35:24.847,DOGS/USDT:USDT,0.00014472,690.0,0.0001447,6071.0,0.00014478,13813.0,0.00014479,41265.0
1753533327217,12:35:27.217,DOGS/USDT:USDT,0.00014472,690.0,0.0001447,6071.0,0.00014478,55078.0,0.0001448,6071.0
1753533328164,12:35:28.164,DOGS/USDT:USDT,0.00014472,690.0,0.0001447,6071.0,0.00014478,55078.0,0.0001448,6071.0
1753533328250,12:35:28.250,DOGS/USDT:USDT,0.00014472,690.0,0.00014466,2.0,0.00014478,55078.0,0.0001448,6071.0
1753533328553,12:35:28.553,DOGS/USDT:USDT,0.00014472,690.0,0.00014466,2.0,0.00014478,55078.0,0.0001448,6071.0
1753533329307,12:35:29.307,DOGS/USDT:USDT,0.00014472,690.0,0.0001447,6071.0,0.00014478,55078.0,0.00014483,39772.0
1753533329408,12:35:29.408,DOGS/USDT:USDT,0.00014472,690.0,0.0001447,6071.0,0.00014478,55078.0,0.00014483,39772.0
1753533330250,12:35:30.250,DOGS/USDT:USDT,0.00014472,690.0,0.0001447,6071.0,0.00014478,55078.0,0.00014483,39772.0
1753533332017,12:35:32.017,DOGS/USDT:USDT,0.00014472,690.0,0.0001447,6071.0,0.00014478,55078.0,0.0001448,6071.0
1753533332285,12:35:32.285,DOGS/USDT:USDT,0.00014472,690.0,0.0001447,6071.0,0.00014478,55078.0,0.0001448,6071.0
1753533332589,12:35:32.589,DOGS/USDT:USDT,0.00014472,690.0,0.0001447,6071.0,0.0001448,6071.0,0.00014482,13813.0
1753533332986,12:35:32.986,DOGS/USDT:USDT,0.00014472,690.0,0.0001447,6071.0,0.0001448,6071.0,0.00014482,13813.0
1753533333109,12:35:33.109,DOGS/USDT:USDT,0.00014472,690.0,0.0001447,6071.0,0.0001448,6071.0,0.00014482,13813.0
1753533333526,12:35:33.526,DOGS/USDT:USDT,0.00014472,690.0,0.0001447,6071.0,0.0001448,6071.0,0.00014482,13813.0
1753533334352,12:35:34.352,DOGS/USDT:USDT,0.00014472,690.0,0.00014466,2.0,0.0001448,6071.0,0.00014482,13813.0
1753533334753,12:35:34.753,DOGS/USDT:USDT,0.00014472,690.0,0.00014466,2.0,0.0001448,6071.0,0.00014482,13813.0
1753533335599,12:35:35.599,DOGS/USDT:USDT,0.00014472,690.0,0.00014466,2.0,0.0001448,6071.0,0.00014482,13813.0
1753533337787,12:35:37.787,DOGS/USDT:USDT,0.00014472,690.0,0.00014466,2.0,0.0001448,6071.0,0.00014482,13813.0
1753533338321,12:35:38.321,DOGS/USDT:USDT,0.00014473,46404.0,0.00014472,48753.0,0.00014482,13813.0,0.0001449,41162.0
1753533338458,12:35:38.458,DOGS/USDT:USDT,0.00014474,2.0,0.00014473,46404.0,0.00014482,13813.0,0.0001449,41162.0
1753533338512,12:35:38.512,DOGS/USDT:USDT,0.00014474,2.0,0.00014473,19052.0,0.0001449,41162.0,0.00014496,13813.0
1753533338860,12:35:38.860,DOGS/USDT:USDT,0.00014474,2.0,0.00014473,19052.0,0.0001449,41162.0,0.00014496,13813.0
1753533338952,12:35:38.952,DOGS/USDT:USDT,0.00014474,13812.0,0.00014473,5242.0,0.0001449,41162.0,0.00014496,13813.0
1753533339020,12:35:39.020,DOGS/USDT:USDT,0.00014474,2.0,0.00014473,19052.0,0.00014487,41162.0,0.00014489,13813.0
1753533339121,12:35:39.121,DOGS/USDT:USDT,0.00014474,2.0,0.00014473,19052.0,0.00014485,54975.0,0.00014486,6071.0
1753533339359,12:35:39.359,DOGS/USDT:USDT,0.00014474,2.0,0.00014473,19052.0,0.00014484,41162.0,0.00014485,13813.0
1753533339724,12:35:39.724,DOGS/USDT:USDT,0.00014474,2.0,0.00014473,19052.0,0.00014484,41162.0,0.00014485,13813.0
1753533339905,12:35:39.905,DOGS/USDT:USDT,0.00014474,2.0,0.00014473,19052.0,0.00014484,41162.0,0.00014485,13813.0
1753533340143,12:35:40.143,DOGS/USDT:USDT,0.00014474,2.0,0.00014473,19052.0,0.00014484,41162.0,0.00014485,13813.0
1753533340571,12:35:40.571,DOGS/USDT:USDT,0.00014474,2.0,0.00014473,19052.0,0.00014484,41162.0,0.00014485,13813.0
1753533341086,12:35:41.086,DOGS/USDT:USDT,0.00014474,54525.0,0.00014473,5242.0,0.00014485,13813.0,0.00014486,6071.0
1753533341426,12:35:41.426,DOGS/USDT:USDT,0.00014474,54525.0,0.00014473,5242.0,0.00014485,13813.0,0.00014486,6071.0
1753533342586,12:35:42.586,DOGS/USDT:USDT,0.00014474,54525.0,0.00014473,5242.0,0.00014485,13813.0,0.00014486,6071.0
1753533344668,12:35:44.668,DOGS/USDT:USDT,0.00014474,54525.0,0.00014473,5242.0,0.00014485,13813.0,0.00014486,6071.0
1753533345264,12:35:45.264,DOGS/USDT:USDT,0.00014474,54525.0,0.00014473,5242.0,0.00014484,40713.0,0.00014485,54526.0
1753533345283,12:35:45.283,DOGS/USDT:USDT,0.00014474,2.0,0.00014472,14500.0,0.00014484,60597.0,0.00014485,40713.0
1753533345413,12:35:45.413,DOGS/USDT:USDT,0.00014473,2.0,0.00014472,690.0,0.00014484,60597.0,0.00014486,6071.0
1753533345492,12:35:45.492,DOGS/USDT:USDT,0.00014472,690.0,0.00014466,2.0,0.00014484,60597.0,0.00014486,6071.0
1753533345746,12:35:45.746,DOGS/USDT:USDT,0.00014472,690.0,0.00014466,2.0,0.00014483,40713.0,0.00014484,19884.0
1753533346336,12:35:46.336,DOGS/USDT:USDT,0.00014472,690.0,0.00014466,2.0,0.00014482,19884.0,0.00014483,46784.0
1753533346740,12:35:46.740,DOGS/USDT:USDT,0.00014472,690.0,0.00014466,2.0,0.00014482,19884.0,0.00014483,46784.0
1753533346855,12:35:46.855,DOGS/USDT:USDT,0.00014472,690.0,0.00014466,2.0,0.00014481,40713.0,0.00014482,19884.0
1753533347164,12:35:47.164,DOGS/USDT:USDT,0.00014472,690.0,0.00014466,2.0,0.0001448,13813.0,0.00014481,40713.0
1753533347237,12:35:47.237,DOGS/USDT:USDT,0.00014472,690.0,0.0001447,6071.0,0.0001448,13813.0,0.00014481,40713.0
1753533347386,12:35:47.386,DOGS/USDT:USDT,0.00014472,690.0,0.0001447,6071.0,0.0001448,13813.0,0.00014481,40713.0
1753533347606,12:35:47.606,DOGS/USDT:USDT,0.00014472,690.0,0.0001447,6071.0,0.0001448,13813.0,0.00014481,40713.0
1753533348455,12:35:48.455,DOGS/USDT:USDT,0.00014472,690.0,0.0001447,6071.0,0.0001448,13813.0,0.00014481,40713.0
1753533348879,12:35:48.879,DOGS/USDT:USDT,0.00014472,690.0,0.0001447,6071.0,0.0001448,13813.0,0.00014481,40713.0
1753533350565,12:35:50.565,DOGS/USDT:USDT,0.00014472,40640.0,0.0001447,6071.0,0.00014482,19884.0,0.00014483,6071.0
1753533350627,12:35:50.627,DOGS/USDT:USDT,0.00014474,45192.0,0.00014473,20713.0,0.00014484,13813.0,0.0001449,41162.0
1753533350690,12:35:50.690,DOGS/USDT:USDT,0.00014475,2.0,0.00014474,45192.0,0.00014484,13813.0,0.0001449,41162.0
1753533350827,12:35:50.827,DOGS/USDT:USDT,0.00014475,13812.0,0.00014474,45192.0,0.00014488,39950.0,0.00014489,13813.0
1753533350914,12:35:50.914,DOGS/USDT:USDT,0.00014475,13812.0,0.00014474,45192.0,0.00014488,39950.0,0.00014489,13813.0
1753533351036,12:35:51.036,DOGS/USDT:USDT,0.00014475,13812.0,0.00014474,45192.0,0.00014485,39950.0,0.00014486,13813.0
1753533351363,12:35:51.363,DOGS/USDT:USDT,0.00014475,13812.0,0.00014474,45192.0,0.00014485,39950.0,0.00014486,13813.0
1753533352186,12:35:52.186,DOGS/USDT:USDT,0.00014475,13812.0,0.00014474,45192.0,0.00014485,39950.0,0.00014486,13813.0
1753533352369,12:35:52.369,DOGS/USDT:USDT,0.00014477,13810.0,0.00014476,39950.0,0.00014487,52092.0,0.00014489,13813.0
1753533352469,12:35:52.469,DOGS/USDT:USDT,0.00014478,5244.0,0.00014477,20711.0,0.00014489,13813.0,0.0001449,41162.0
1753533352566,12:35:52.566,DOGS/USDT:USDT,0.00014479,39950.0,0.00014478,5244.0,0.00014489,13813.0,0.00014493,39950.0
1753533352619,12:35:52.619,DOGS/USDT:USDT,0.0001448,45194.0,0.00014479,6900.0,0.00014486,13813.0,0.00014493,39950.0
1753533352763,12:35:52.763,DOGS/USDT:USDT,0.0001448,59004.0,0.00014479,6900.0,0.00014492,59834.0,0.00014497,89950.0
1753533353037,12:35:53.037,DOGS/USDT:USDT,0.0001448,59004.0,0.00014479,6900.0,0.00014492,59834.0,0.00014497,89950.0
1753533353273,12:35:53.273,DOGS/USDT:USDT,0.0001448,59004.0,0.00014479,6900.0,0.00014491,39950.0,0.00014492,19884.0
1753533353275,12:35:53.275,DOGS/USDT:USDT,0.0001448,53762.0,0.00014478,45192.0,0.00014491,39950.0,0.00014492,25955.0
1753533353467,12:35:53.467,DOGS/USDT:USDT,0.0001448,53762.0,0.00014478,45192.0,0.00014491,39950.0,0.00014492,25955.0
1753533353875,12:35:53.875,DOGS/USDT:USDT,0.0001448,53762.0,0.00014478,45192.0,0.00014491,39950.0,0.00014492,25955.0
1753533354116,12:35:54.116,DOGS/USDT:USDT,0.0001448,53762.0,0.00014479,6071.0,0.00014491,39950.0,0.00014492,25955.0
1753533354300,12:35:54.300,DOGS/USDT:USDT,0.0001448,53762.0,0.00014479,6071.0,0.00014491,39950.0,0.00014492,25955.0
1753533354539,12:35:54.539,DOGS/USDT:USDT,0.0001448,53762.0,0.00014478,45192.0,0.00014491,39950.0,0.00014492,25955.0
1753533354712,12:35:54.712,DOGS/USDT:USDT,0.0001448,53762.0,0.00014478,45192.0,0.00014491,39950.0,0.00014492,25955.0
1753533355528,12:35:55.528,DOGS/USDT:USDT,0.0001448,53762.0,0.00014478,45192.0,0.00014491,39950.0,0.00014492,25955.0
1753533356338,12:35:56.338,DOGS/USDT:USDT,0.0001448,13812.0,0.00014478,39950.0,0.00014491,39950.0,0.00014492,25955.0
1753533356556,12:35:56.556,DOGS/USDT:USDT,0.0001448,2.0,0.00014479,13810.0,0.00014491,53763.0,0.00014492,12142.0
1753533356576,12:35:56.576,DOGS/USDT:USDT,0.0001448,2.0,0.00014479,13810.0,0.0001449,39950.0,0.00014491,13813.0
1753533356749,12:35:56.749,DOGS/USDT:USDT,0.0001448,2.0,0.00014479,13810.0,0.0001449,39950.0,0.00014491,13813.0
1753533356897,12:35:56.897,DOGS/USDT:USDT,0.0001448,2.0,0.00014475,13810.0,0.00014489,13813.0,0.0001449,39950.0
1753533357058,12:35:57.058,DOGS/USDT:USDT,0.00014477,13810.0,0.00014476,39952.0,0.00014489,53763.0,0.00014492,12142.0
1753533357166,12:35:57.166,DOGS/USDT:USDT,0.00014478,2.0,0.00014477,13810.0,0.00014489,53763.0,0.00014492,12142.0
1753533357272,12:35:57.272,DOGS/USDT:USDT,0.00014478,2.0,0.00014477,13810.0,0.00014489,53763.0,0.00014492,12142.0
1753533357456,12:35:57.456,DOGS/USDT:USDT,0.00014478,2.0,0.00014477,13810.0,0.00014489,53763.0,0.00014492,12142.0
1753533357589,12:35:57.589,DOGS/USDT:USDT,0.00014478,2.0,0.00014477,13810.0,0.00014489,53763.0,0.00014492,12142.0
1753533357819,12:35:57.819,DOGS/USDT:USDT,0.00014478,2.0,0.00014477,13810.0,0.00014489,53763.0,0.00014492,12142.0
1753533358018,12:35:58.018,DOGS/USDT:USDT,0.00014478,2.0,0.00014477,13810.0,0.00014489,53763.0,0.00014492,12142.0
1753533359102,12:35:59.102,DOGS/USDT:USDT,0.00014478,13812.0,0.00014474,39950.0,0.00014489,53763.0,0.00014492,12142.0
1753533359663,12:35:59.663,DOGS/USDT:USDT,0.00014478,2.0,0.00014475,13810.0,0.00014489,53763.0,0.00014492,12142.0
1753533359720,12:35:59.720,DOGS/USDT:USDT,0.00014477,13810.0,0.00014476,39952.0,0.00014489,53763.0,0.00014492,12142.0
1753533359796,12:35:59.796,DOGS/USDT:USDT,0.00014478,2.0,0.00014477,13810.0,0.00014489,53763.0,0.00014492,12142.0
1753533360019,12:36:00.019,DOGS/USDT:USDT,0.00014478,4720.0,0.00014477,13810.0,0.00014489,53763.0,0.00014492,12142.0
1753533360496,12:36:00.496,DOGS/USDT:USDT,0.00014478,4720.0,0.00014477,13810.0,0.00014489,53763.0,0.00014492,12142.0
1753533360846,12:36:00.846,DOGS/USDT:USDT,0.00014479,53738.0,0.00014478,4720.0,0.00014491,13813.0,0.00014492,12142.0
1753533360930,12:36:00.930,DOGS/USDT:USDT,0.0001448,2.0,0.00014479,53738.0,0.00014491,53741.0,0.00014492,12142.0
1753533361267,12:36:01.267,DOGS/USDT:USDT,0.0001448,2.0,0.00014479,53738.0,0.00014491,53741.0,0.00014492,12142.0
1753533361349,12:36:01.349,DOGS/USDT:USDT,0.00014481,13810.0,0.0001448,44790.0,0.00014491,39928.0,0.00014492,25955.0
1753533361394,12:36:01.394,DOGS/USDT:USDT,0.00014482,2.0,0.00014481,13810.0,0.00014491,39928.0,0.00014492,25955.0
1753533361790,12:36:01.790,DOGS/USDT:USDT,0.00014482,4720.0,0.00014481,21235.0,0.00014491,39928.0,0.00014492,25955.0
1753533362263,12:36:02.263,DOGS/USDT:USDT,0.00014482,4720.0,0.00014481,21235.0,0.00014491,39928.0,0.00014492,25955.0
1753533362692,12:36:02.692,DOGS/USDT:USDT,0.00014482,4720.0,0.00014481,21235.0,0.00014491,39928.0,0.00014492,19884.0
1753533362867,12:36:02.867,DOGS/USDT:USDT,0.00014482,4720.0,0.00014481,21235.0,0.00014491,39928.0,0.00014492,19884.0
1753533363272,12:36:03.272,DOGS/USDT:USDT,0.00014482,44648.0,0.00014481,21235.0,0.00014493,39928.0,0.00014496,13813.0
1753533363337,12:36:03.337,DOGS/USDT:USDT,0.00014483,18670.0,0.00014482,51931.0,0.00014493,39928.0,0.00014496,13813.0
1753533363408,12:36:03.408,DOGS/USDT:USDT,0.00014484,2.0,0.00014483,18670.0,0.00014493,39928.0,0.00014494,19884.0
1753533363531,12:36:03.531,DOGS/USDT:USDT,0.00014484,2.0,0.00014483,18670.0,0.00014493,39928.0,0.00014494,13813.0
1753533363766,12:36:03.766,DOGS/USDT:USDT,0.00014484,2.0,0.00014483,18670.0,0.00014495,53741.0,0.00014497,89950.0
1753533363847,12:36:03.847,DOGS/USDT:USDT,0.00014484,2.0,0.00014483,18670.0,0.00014494,39928.0,0.00014495,59812.0
1753533363999,12:36:03.999,DOGS/USDT:USDT,0.00014484,2.0,0.00014483,18670.0,0.00014494,39928.0,0.00014495,19884.0
1753533364383,12:36:04.383,DOGS/USDT:USDT,0.00014484,2.0,0.00014483,18670.0,0.00014494,39928.0,0.00014495,19884.0
1753533365545,12:36:05.545,DOGS/USDT:USDT,0.00014484,2.0,0.00014483,18670.0,0.00014494,39928.0,0.00014495,19884.0
1753533366003,12:36:06.003,DOGS/USDT:USDT,0.00014484,2.0,0.00014483,18670.0,0.00014494,39928.0,0.00014495,19884.0
1753533366460,12:36:06.460,DOGS/USDT:USDT,0.00014484,2.0,0.00014483,13810.0,0.00014494,45999.0,0.00014495,19884.0
1753533366626,12:36:06.626,DOGS/USDT:USDT,0.00014484,2.0,0.00014483,13810.0,0.00014493,39928.0,0.00014494,6071.0
1753533366755,12:36:06.755,DOGS/USDT:USDT,0.00014484,2.0,0.00014482,18528.0,0.00014493,53741.0,0.00014494,6071.0
1753533366840,12:36:06.840,DOGS/USDT:USDT,0.00014483,2.0,0.00014482,18528.0,0.00014493,53741.0,0.00014494,6071.0
1753533367348,12:36:07.348,DOGS/USDT:USDT,0.00014483,58600.0,0.00014482,4718.0,0.00014493,39928.0,0.00014494,19884.0
1753533367658,12:36:07.658,DOGS/USDT:USDT,0.00014483,58600.0,0.00014482,4718.0,0.00014493,39928.0,0.00014494,19884.0
1753533367694,12:36:07.694,DOGS/USDT:USDT,0.00014483,58600.0,0.00014482,4718.0,0.00014493,39928.0,0.00014494,19884.0
1753533368160,12:36:08.160,DOGS/USDT:USDT,0.00014485,18528.0,0.00014484,39928.0,0.00014495,45999.0,0.00014497,103763.0
1753533368180,12:36:08.180,DOGS/USDT:USDT,0.00014486,2.0,0.00014485,18528.0,0.00014495,45999.0,0.00014497,103763.0
1753533368464,12:36:08.464,DOGS/USDT:USDT,0.00014486,2.0,0.00014475,13810.0,0.00014493,13813.0,0.00014494,39928.0
1753533368516,12:36:08.516,DOGS/USDT:USDT,0.00014479,39928.0,0.00014478,13810.0,0.00014493,13813.0,0.00014494,39928.0
1753533368601,12:36:08.601,DOGS/USDT:USDT,0.00014481,39928.0,0.0001448,13812.0,0.00014493,13813.0,0.00014494,39928.0
1753533368683,12:36:08.683,DOGS/USDT:USDT,0.00014482,13812.0,0.00014481,39928.0,0.00014494,53741.0,0.00014495,6071.0
1753533369029,12:36:09.029,DOGS/USDT:USDT,0.00014482,13812.0,0.00014477,39928.0,0.00014494,13813.0,0.00014495,6071.0
1753533369148,12:36:09.148,DOGS/USDT:USDT,0.00014482,4720.0,0.00014478,13810.0,0.00014495,45999.0,0.00014496,13813.0
1753533369270,12:36:09.270,DOGS/USDT:USDT,0.00014483,13810.0,0.00014482,44646.0,0.00014494,59812.0,0.00014495,6071.0
1753533369280,12:36:09.280,DOGS/USDT:USDT,0.00014484,2.0,0.00014483,13810.0,0.00014493,39928.0,0.00014494,19884.0
1753533369418,12:36:09.418,DOGS/USDT:USDT,0.00014484,2.0,0.00014483,13810.0,0.00014493,39928.0,0.00014494,19884.0
1753533369848,12:36:09.848,DOGS/USDT:USDT,0.00014484,2.0,0.00014483,13810.0,0.00014493,39928.0,0.00014494,19884.0
1753533370664,12:36:10.664,DOGS/USDT:USDT,0.00014484,2.0,0.00014483,13810.0,0.00014493,39928.0,0.00014494,19884.0
1753533371387,12:36:11.387,DOGS/USDT:USDT,0.00014484,2.0,0.00014483,13810.0,0.00014493,39928.0,0.00014494,19884.0
1753533375563,12:36:15.563,DOGS/USDT:USDT,0.00014484,44736.0,0.00014483,13810.0,0.00014494,13813.0,0.00014497,89950.0
1753533376064,12:36:16.064,DOGS/USDT:USDT,0.00014485,18528.0,0.00014484,39876.0,0.00014496,45945.0,0.00014497,63813.0
1753533376079,12:36:16.079,DOGS/USDT:USDT,0.00014486,2.0,0.00014485,18528.0,0.00014496,45945.0,0.00014497,63813.0
1753533376187,12:36:16.187,DOGS/USDT:USDT,0.00014486,2.0,0.00014485,18528.0,0.00014496,45945.0,0.00014497,63813.0
1753533376342,12:36:16.342,DOGS/USDT:USDT,0.00014486,2.0,0.00014485,18528.0,0.00014496,45945.0,0.00014497,63813.0
1753533376625,12:36:16.625,DOGS/USDT:USDT,0.00014486,2.0,0.00014485,4718.0,0.00014495,53687.0,0.00014496,6071.0
1753533376729,12:36:16.729,DOGS/USDT:USDT,0.00014485,4718.0,0.00014484,2.0,0.00014495,53687.0,0.00014496,6071.0
1753533377573,12:36:17.573,DOGS/USDT:USDT,0.00014485,4718.0,0.00014484,2.0,0.00014495,53687.0,0.00014496,6071.0
1753533378547,12:36:18.547,DOGS/USDT:USDT,0.00014485,4718.0,0.00014484,2.0,0.00014495,53687.0,0.00014496,6071.0
1753533378580,12:36:18.580,DOGS/USDT:USDT,0.00014485,4718.0,0.00014476,2.0,0.00014495,53687.0,0.00014496,6071.0
1753533379372,12:36:19.372,DOGS/USDT:USDT,0.00014487,39874.0,0.00014486,4860.0,0.00014495,13813.0,0.00014497,50000.0
1753533379447,12:36:19.447,DOGS/USDT:USDT,0.00014488,44594.0,0.00014487,21235.0,0.00014495,13813.0,0.00014497,50000.0
1753533379543,12:36:19.543,DOGS/USDT:USDT,0.00014488,44594.0,0.00014487,21235.0,0.00014497,50000.0,0.00014498,13813.0
1753533379628,12:36:19.628,DOGS/USDT:USDT,0.00014488,44594.0,0.00014487,21235.0,0.00014497,50000.0,0.00014498,13813.0
1753533379747,12:36:19.747,DOGS/USDT:USDT,0.00014488,44594.0,0.00014487,21235.0,0.00014497,50000.0,0.00014498,13813.0
1753533380114,12:36:20.114,DOGS/USDT:USDT,0.00014488,44594.0,0.00014487,21235.0,0.00014497,50000.0,0.00014498,13813.0
1753533380404,12:36:20.404,DOGS/USDT:USDT,0.00014488,44594.0,0.00014487,21235.0,0.00014497,56071.0,0.00014498,19884.0
1753533380568,12:36:20.568,DOGS/USDT:USDT,0.00014488,44594.0,0.00014487,21235.0,0.00014497,56071.0,0.00014498,19884.0
1753533380693,12:36:20.693,DOGS/USDT:USDT,0.00014488,44594.0,0.00014487,21235.0,0.00014497,56071.0,0.00014498,19884.0
1753533380988,12:36:20.988,DOGS/USDT:USDT,0.00014488,44594.0,0.00014487,21235.0,0.00014497,56071.0,0.00014498,19884.0
1753533381161,12:36:21.161,DOGS/USDT:USDT,0.00014488,44594.0,0.00014487,21235.0,0.00014497,56071.0,0.00014498,19884.0
1753533381426,12:36:21.426,DOGS/USDT:USDT,0.00014488,44594.0,0.00014487,21235.0,0.00014497,56071.0,0.00014498,19884.0
1753533381563,12:36:21.563,DOGS/USDT:USDT,0.00014488,58404.0,0.00014487,7425.0,0.00014497,56071.0,0.00014498,6071.0
1753533382700,12:36:22.700,DOGS/USDT:USDT,0.00014488,58404.0,0.00014487,7425.0,0.00014497,62142.0,0.00014498,6071.0
1753533383220,12:36:23.220,DOGS/USDT:USDT,0.00014493,6.0,0.00014488,58404.0,0.00014497,62142.0,0.00014498,6071.0
1753533383337,12:36:23.337,DOGS/USDT:USDT,0.00014493,6.0,0.00014488,58404.0,0.00014497,62142.0,0.00014498,6071.0
1753533383468,12:36:23.468,DOGS/USDT:USDT,0.00014493,6.0,0.00014488,58404.0,0.00014497,62142.0,0.00014498,6071.0
1753533383527,12:36:23.527,DOGS/USDT:USDT,0.00014493,6.0,0.00014488,58404.0,0.00014497,62142.0,0.00014498,6071.0
1753533383578,12:36:23.578,DOGS/USDT:USDT,0.00014493,6.0,0.00014488,58404.0,0.00014497,62142.0,0.00014498,6071.0
1753533385023,12:36:25.023,DOGS/USDT:USDT,0.00014493,6.0,0.00014488,58404.0,0.00014497,62142.0,0.00014498,6071.0
1753533385797,12:36:25.797,DOGS/USDT:USDT,0.00014493,6.0,0.00014488,58404.0,0.00014497,62142.0,0.00014498,6071.0
1753533386369,12:36:26.369,DOGS/USDT:USDT,0.00014493,6.0,0.00014488,58404.0,0.00014497,56071.0,0.00014498,6071.0
1753533386376,12:36:26.376,DOGS/USDT:USDT,0.00014493,6.0,0.00014492,6071.0,0.00014497,56071.0,0.00014498,6071.0
1753533386522,12:36:26.522,DOGS/USDT:USDT,0.00014493,6.0,0.00014492,6073.0,0.00014497,50000.0,0.000145,25955.0
1753533386964,12:36:26.964,DOGS/USDT:USDT,0.00014493,6.0,0.00014492,6073.0,0.00014497,50000.0,0.000145,13813.0
1753533387263,12:36:27.263,DOGS/USDT:USDT,0.00014493,6.0,0.00014492,19883.0,0.000145,13813.0,0.00014506,39835.0
1753533387356,12:36:27.356,DOGS/USDT:USDT,0.00014492,19883.0,0.00014491,12142.0,0.00014504,40565.0,0.00014505,13813.0
1753533387460,12:36:27.460,DOGS/USDT:USDT,0.00014492,19883.0,0.00014491,12142.0,0.00014503,40565.0,0.00014504,13813.0
1753533387562,12:36:27.562,DOGS/USDT:USDT,0.00014492,19883.0,0.00014491,12142.0,0.00014503,40565.0,0.00014504,13813.0
1753533388473,12:36:28.473,DOGS/USDT:USDT,0.00014492,19883.0,0.00014491,12142.0,0.00014503,40565.0,0.00014504,13813.0
1753533388491,12:36:28.491,DOGS/USDT:USDT,0.00014492,19883.0,0.00014491,12142.0,0.00014503,40565.0,0.00014504,13813.0
1753533388716,12:36:28.716,DOGS/USDT:USDT,0.00014492,19883.0,0.00014491,6071.0,0.00014503,40565.0,0.00014504,13813.0
1753533389313,12:36:29.313,DOGS/USDT:USDT,0.00014492,19883.0,0.00014491,6071.0,0.00014503,40565.0,0.00014504,13813.0
1753533389474,12:36:29.474,DOGS/USDT:USDT,0.00014492,19883.0,0.00014491,6071.0,0.00014503,40565.0,0.00014504,13813.0
1753533390136,12:36:30.136,DOGS/USDT:USDT,0.00014492,19883.0,0.00014491,6071.0,0.00014503,40565.0,0.00014504,13813.0
1753533390564,12:36:30.564,DOGS/USDT:USDT,0.00014492,19883.0,0.00014491,6071.0,0.00014503,40565.0,0.00014504,13813.0
1753533390636,12:36:30.636,DOGS/USDT:USDT,0.00014492,19883.0,0.00014491,6071.0,0.00014503,40565.0,0.00014504,13813.0
1753533391458,12:36:31.458,DOGS/USDT:USDT,0.00014492,19883.0,0.00014491,6071.0,0.00014503,40565.0,0.00014504,13813.0
1753533391730,12:36:31.730,DOGS/USDT:USDT,0.00014492,19883.0,0.00014491,6071.0,0.00014503,40565.0,0.00014504,13813.0
1753533391805,12:36:31.805,DOGS/USDT:USDT,0.00014492,19883.0,0.00014491,6071.0,0.00014503,40565.0,0.00014504,13813.0
1753533392019,12:36:32.019,DOGS/USDT:USDT,0.00014492,19883.0,0.00014491,6071.0,0.00014503,40565.0,0.00014504,13813.0
1753533392456,12:36:32.456,DOGS/USDT:USDT,0.00014492,19883.0,0.00014491,6071.0,0.00014503,40565.0,0.00014504,13813.0
1753533392478,12:36:32.478,DOGS/USDT:USDT,0.00014492,19883.0,0.00014491,6071.0,0.00014503,40565.0,0.00014504,13813.0
1753533392625,12:36:32.625,DOGS/USDT:USDT,0.00014492,19883.0,0.00014491,6071.0,0.00014503,40565.0,0.00014504,13813.0
1753533392847,12:36:32.847,DOGS/USDT:USDT,0.00014492,19883.0,0.00014491,6071.0,0.00014503,40565.0,0.00014504,13813.0
1753533393038,12:36:33.038,DOGS/USDT:USDT,0.00014492,19883.0,0.00014491,6071.0,0.00014503,40565.0,0.00014504,13813.0
1753533393454,12:36:33.454,DOGS/USDT:USDT,0.00014492,19883.0,0.00014491,6071.0,0.00014503,40565.0,0.00014504,13813.0
1753533394677,12:36:34.677,DOGS/USDT:USDT,0.00014492,19883.0,0.00014491,6071.0,0.00014503,40565.0,0.00014504,13813.0
1753533395389,12:36:35.389,DOGS/USDT:USDT,0.00014492,19883.0,0.00014491,6071.0,0.00014503,40565.0,0.00014504,13813.0
1753533395841,12:36:35.841,DOGS/USDT:USDT,0.00014492,19883.0,0.00014491,6071.0,0.00014503,40565.0,0.00014504,13813.0
1753533396020,12:36:36.020,DOGS/USDT:USDT,0.00014492,2.0,0.00014484,13810.0,0.000145,13813.0,0.00014501,40331.0
1753533396136,12:36:36.136,DOGS/USDT:USDT,0.00014488,40331.0,0.00014487,13810.0,0.000145,13813.0,0.00014501,40331.0
1753533396244,12:36:36.244,DOGS/USDT:USDT,0.00014489,18655.0,0.00014488,40331.0,0.00014499,40331.0,0.000145,40331.0
1753533396299,12:36:36.299,DOGS/USDT:USDT,0.00014489,18655.0,0.00014488,40331.0,0.00014499,40331.0,0.000145,40331.0
1753533396384,12:36:36.384,DOGS/USDT:USDT,0.00014489,18655.0,0.00014488,40331.0,0.00014499,40331.0,0.00014501,13813.0
1753533396726,12:36:36.726,DOGS/USDT:USDT,0.00014489,18655.0,0.00014488,40331.0,0.00014499,40331.0,0.00014501,13813.0
1753533397172,12:36:37.172,DOGS/USDT:USDT,0.00014489,18655.0,0.00014488,40331.0,0.00014499,46402.0,0.00014504,13813.0
1753533397567,12:36:37.567,DOGS/USDT:USDT,0.00014489,18655.0,0.00014488,40331.0,0.00014499,46402.0,0.00014504,13813.0
1753533397841,12:36:37.841,DOGS/USDT:USDT,0.00014489,18655.0,0.00014488,40331.0,0.00014499,40331.0,0.00014504,13813.0
1753533397999,12:36:37.999,DOGS/USDT:USDT,0.00014489,18655.0,0.00014486,40331.0,0.00014499,40331.0,0.00014503,13813.0
1753533398401,12:36:38.401,DOGS/USDT:USDT,0.00014489,18655.0,0.00014486,40331.0,0.00014499,40331.0,0.00014503,13813.0
1753533398570,12:36:38.570,DOGS/USDT:USDT,0.00014489,4845.0,0.00014487,13810.0,0.00014499,40331.0,0.00014503,13813.0
1753533398615,12:36:38.615,DOGS/USDT:USDT,0.00014489,4843.0,0.00014488,2.0,0.00014499,54144.0,0.00014505,50000.0
1753533398826,12:36:38.826,DOGS/USDT:USDT,0.00014489,9813.0,0.00014488,2.0,0.00014499,54144.0,0.00014505,50000.0
1753533398884,12:36:38.884,DOGS/USDT:USDT,0.0001449,2.0,0.00014489,23623.0,0.00014499,40331.0,0.00014504,13813.0
1753533399237,12:36:39.237,DOGS/USDT:USDT,0.0001449,2.0,0.00014489,23623.0,0.00014499,40331.0,0.00014503,13813.0
1753533399461,12:36:39.461,DOGS/USDT:USDT,0.0001449,2.0,0.00014489,4843.0,0.00014499,54144.0,0.00014505,50000.0
1753533399480,12:36:39.480,DOGS/USDT:USDT,0.00014489,4843.0,0.00014488,2.0,0.00014499,54144.0,0.00014505,50000.0
1753533399657,12:36:39.657,DOGS/USDT:USDT,0.00014489,4843.0,0.00014488,2.0,0.00014499,54144.0,0.00014505,50000.0
1753533399995,12:36:39.995,DOGS/USDT:USDT,0.00014489,4843.0,0.00014488,2.0,0.00014498,40331.0,0.00014499,25955.0
1753533400156,12:36:40.156,DOGS/USDT:USDT,0.00014489,4843.0,0.00014488,2.0,0.00014497,13813.0,0.00014498,40331.0
1753533400189,12:36:40.189,DOGS/USDT:USDT,0.00014489,4843.0,0.00014485,2.0,0.00014497,13813.0,0.00014498,40331.0
1753533400341,12:36:40.341,DOGS/USDT:USDT,0.00014489,4843.0,0.00014485,2.0,0.00014497,13813.0,0.00014498,40331.0
1753533400498,12:36:40.498,DOGS/USDT:USDT,0.00014489,4843.0,0.00014485,2.0,0.00014497,13813.0,0.00014498,40331.0
1753533400921,12:36:40.921,DOGS/USDT:USDT,0.00014489,4843.0,0.00014485,2.0,0.00014497,13813.0,0.00014498,40331.0
1753533401341,12:36:41.341,DOGS/USDT:USDT,0.00014489,4843.0,0.00014485,2.0,0.00014497,13813.0,0.00014498,40331.0
1753533401797,12:36:41.797,DOGS/USDT:USDT,0.00014489,4843.0,0.00014485,2.0,0.00014497,13813.0,0.00014498,40331.0
1753533402312,12:36:42.312,DOGS/USDT:USDT,0.00014489,4843.0,0.00014485,2.0,0.00014497,13813.0,0.00014498,40331.0
1753533402379,12:36:42.379,DOGS/USDT:USDT,0.00014489,4843.0,0.00014483,2.0,0.00014497,13813.0,0.00014498,40331.0
1753533402549,12:36:42.549,DOGS/USDT:USDT,0.00014489,4843.0,0.00014483,2.0,0.00014497,13813.0,0.00014498,40331.0
1753533402595,12:36:42.595,DOGS/USDT:USDT,0.00014489,4843.0,0.00014483,2.0,0.00014497,13813.0,0.00014498,40331.0
1753533403373,12:36:43.373,DOGS/USDT:USDT,0.00014489,4843.0,0.00014483,2.0,0.00014497,13813.0,0.00014498,40331.0
1753533403799,12:36:43.799,DOGS/USDT:USDT,0.00014489,4843.0,0.00014483,2.0,0.00014497,13813.0,0.00014498,40331.0
1753533404472,12:36:44.472,DOGS/USDT:USDT,0.00014489,4843.0,0.00014483,2.0,0.00014497,13813.0,0.00014498,40331.0
1753533404477,12:36:44.477,DOGS/USDT:USDT,0.00014489,4843.0,0.00014483,2.0,0.00014497,13813.0,0.00014498,40331.0
1753533404580,12:36:44.580,DOGS/USDT:USDT,0.00014489,4843.0,0.00014481,2.0,0.00014497,13813.0,0.00014498,40331.0
1753533404989,12:36:44.989,DOGS/USDT:USDT,0.00014489,4843.0,0.00014481,2.0,0.00014497,13813.0,0.00014498,40331.0
1753533405295,12:36:45.295,DOGS/USDT:USDT,0.00014489,4843.0,0.00014481,2.0,0.00014497,13813.0,0.00014498,40331.0
1753533405422,12:36:45.422,DOGS/USDT:USDT,0.00014489,4843.0,0.00014481,2.0,0.00014497,13813.0,0.00014498,40331.0
1753533406273,12:36:46.273,DOGS/USDT:USDT,0.00014489,4843.0,0.00014481,2.0,0.00014497,13813.0,0.00014498,40331.0
1753533406284,12:36:46.284,DOGS/USDT:USDT,0.00014489,4843.0,0.00014481,2.0,0.00014497,13813.0,0.00014498,40331.0
1753533406647,12:36:46.647,DOGS/USDT:USDT,0.00014489,4843.0,0.00014481,2.0,0.00014497,13813.0,0.00014498,40331.0
1753533407273,12:36:47.273,DOGS/USDT:USDT,0.00014481,2.0,0.0001448,63810.0,0.00014497,13813.0,0.00014498,40331.0
1753533407356,12:36:47.356,DOGS/USDT:USDT,0.00014487,13810.0,0.00014486,46133.0,0.00014498,54144.0,0.00014505,50000.0
1753533407463,12:36:47.463,DOGS/USDT:USDT,0.00014488,2.0,0.00014487,13810.0,0.00014498,54144.0,0.00014505,50000.0
1753533407490,12:36:47.490,DOGS/USDT:USDT,0.00014488,2.0,0.00014487,13810.0,0.00014498,54144.0,0.00014505,50000.0
1753533408262,12:36:48.262,DOGS/USDT:USDT,0.00014488,2.0,0.00014487,13810.0,0.00014498,54144.0,0.00014505,50000.0
1753533408714,12:36:48.714,DOGS/USDT:USDT,0.00014488,2.0,0.00014487,13810.0,0.00014498,54144.0,0.00014505,50000.0
1753533408815,12:36:48.815,DOGS/USDT:USDT,0.00014488,55102.0,0.00014486,46133.0,0.00014498,40331.0,0.00014504,13813.0
1753533409144,12:36:49.144,DOGS/USDT:USDT,0.00014488,55102.0,0.00014486,46133.0,0.00014498,40331.0,0.00014504,13813.0
1753533409559,12:36:49.559,DOGS/USDT:USDT,0.00014488,55102.0,0.00014486,46133.0,0.00014498,40331.0,0.00014504,13813.0
1753533409788,12:36:49.788,DOGS/USDT:USDT,0.00014488,55102.0,0.00014486,46133.0,0.00014498,40331.0,0.00014504,13813.0
1753533409976,12:36:49.976,DOGS/USDT:USDT,0.00014488,55102.0,0.00014486,46133.0,0.00014498,40331.0,0.00014504,13813.0
1753533410117,12:36:50.117,DOGS/USDT:USDT,0.00014488,55102.0,0.00014486,46133.0,0.00014498,40331.0,0.00014504,13813.0
1753533410256,12:36:50.256,DOGS/USDT:USDT,0.00014488,55102.0,0.00014486,46133.0,0.00014498,40331.0,0.00014504,13813.0
