timestamp,time,symbol,bid1_price,bid1_volume,bid2_price,bid2_volume,ask1_price,ask1_volume,ask2_price,ask2_volume
1753533020000,12:30:20.000,ARC/USDT:USDT,0.02467,4177.0,0.02466,5925.0,0.02469,26.0,0.0247,500.0
1753533025136,12:30:25.136,ARC/USDT:USDT,0.02467,4177.0,0.02466,5925.0,0.02469,26.0,0.0247,500.0
1753533025243,12:30:25.243,ARC/USDT:USDT,0.02467,4177.0,0.02466,5925.0,0.02469,67.0,0.0247,500.0
1753533025310,12:30:25.310,ARC/USDT:USDT,0.02467,4177.0,0.02466,5925.0,0.02469,41.0,0.0247,500.0
1753533025527,12:30:25.527,ARC/USDT:USDT,0.02467,4136.0,0.02466,5925.0,0.0247,500.0,0.02471,1490.0
1753533025614,12:30:25.614,ARC/USDT:USDT,0.02467,4177.0,0.02466,5925.0,0.02469,26.0,0.0247,500.0
1753533027548,12:30:27.548,ARC/USDT:USDT,0.02467,4177.0,0.02466,5925.0,0.02469,26.0,0.0247,500.0
1753533029661,12:30:29.661,ARC/USDT:USDT,0.02467,2645.0,0.02466,1802.0,0.02469,108.0,0.0247,500.0
1753533029710,12:30:29.710,ARC/USDT:USDT,0.02467,2645.0,0.02466,1802.0,0.02469,82.0,0.0247,500.0
1753533029922,12:30:29.922,ARC/USDT:USDT,0.02467,2727.0,0.02466,1802.0,0.0247,500.0,0.02471,5613.0
1753533030011,12:30:30.011,ARC/USDT:USDT,0.02467,2727.0,0.02466,1802.0,0.02469,26.0,0.0247,500.0
1753533032688,12:30:32.688,ARC/USDT:USDT,0.02467,2686.0,0.02466,1802.0,0.02469,67.0,0.0247,500.0
1753533032746,12:30:32.746,ARC/USDT:USDT,0.02468,818.0,0.02467,2645.0,0.0247,582.0,0.02471,5613.0
1753533032951,12:30:32.951,ARC/USDT:USDT,0.02467,2645.0,0.02466,1802.0,0.0247,582.0,0.02471,5613.0
1753533033014,12:30:33.014,ARC/USDT:USDT,0.02467,2686.0,0.02466,1802.0,0.02469,67.0,0.0247,541.0
1753533033123,12:30:33.123,ARC/USDT:USDT,0.02467,2645.0,0.02466,1802.0,0.0247,541.0,0.02471,5613.0
1753533033289,12:30:33.289,ARC/USDT:USDT,0.02467,2727.0,0.02466,1802.0,0.02469,26.0,0.0247,541.0
1753533034070,12:30:34.070,ARC/USDT:USDT,0.02467,2645.0,0.02466,1802.0,0.02469,26.0,0.0247,541.0
1753533034281,12:30:34.281,ARC/USDT:USDT,0.02467,2727.0,0.02466,1802.0,0.02469,26.0,0.0247,541.0
1753533034506,12:30:34.506,ARC/USDT:USDT,0.02467,2686.0,0.02466,1802.0,0.02469,26.0,0.0247,541.0
1753533035089,12:30:35.089,ARC/USDT:USDT,0.02467,4177.0,0.02466,5925.0,0.02469,26.0,0.0247,500.0
1753533040151,12:30:40.151,ARC/USDT:USDT,0.02467,4177.0,0.02466,5925.0,0.02469,26.0,0.0247,500.0
1753533040209,12:30:40.209,ARC/USDT:USDT,0.02467,4177.0,0.02466,5925.0,0.02469,26.0,0.0247,500.0
1753533041301,12:30:41.301,ARC/USDT:USDT,0.02467,4095.0,0.02466,1802.0,0.02469,26.0,0.0247,500.0
1753533041321,12:30:41.321,ARC/USDT:USDT,0.02467,2645.0,0.02466,1802.0,0.02469,26.0,0.0247,500.0
1753533042054,12:30:42.054,ARC/USDT:USDT,0.02467,2645.0,0.02466,1802.0,0.02469,67.0,0.0247,500.0
1753533042110,12:30:42.110,ARC/USDT:USDT,0.02467,2645.0,0.02466,1802.0,0.02469,41.0,0.0247,500.0
1753533042802,12:30:42.802,ARC/USDT:USDT,0.02467,2727.0,0.02466,1802.0,0.0247,500.0,0.02471,1490.0
1753533042810,12:30:42.810,ARC/USDT:USDT,0.02467,2727.0,0.02466,1802.0,0.02469,26.0,0.0247,500.0
1753533043378,12:30:43.378,ARC/USDT:USDT,0.02467,2727.0,0.02466,1802.0,0.02469,26.0,0.0247,500.0
1753533044492,12:30:44.492,ARC/USDT:USDT,0.02467,2645.0,0.02466,1802.0,0.02469,67.0,0.0247,500.0
1753533044510,12:30:44.510,ARC/USDT:USDT,0.02467,2645.0,0.02466,1802.0,0.02469,41.0,0.0247,500.0
1753533045563,12:30:45.563,ARC/USDT:USDT,0.02467,2686.0,0.02466,1802.0,0.0247,500.0,0.02471,1490.0
1753533045613,12:30:45.613,ARC/USDT:USDT,0.02467,2727.0,0.02466,1802.0,0.02469,26.0,0.0247,500.0
1753533046047,12:30:46.047,ARC/USDT:USDT,0.02467,2645.0,0.02466,1802.0,0.02469,108.0,0.0247,500.0
1753533046148,12:30:46.148,ARC/USDT:USDT,0.02467,2727.0,0.02466,1802.0,0.02469,41.0,0.0247,500.0
1753533047701,12:30:47.701,ARC/USDT:USDT,0.02467,2645.0,0.02466,1802.0,0.02469,82.0,0.0247,500.0
1753533048768,12:30:48.768,ARC/USDT:USDT,0.02467,2727.0,0.02466,1802.0,0.0247,500.0,0.02471,5613.0
1753533048810,12:30:48.810,ARC/USDT:USDT,0.02467,2727.0,0.02466,1802.0,0.02469,26.0,0.0247,500.0
1753533050036,12:30:50.036,ARC/USDT:USDT,0.02467,2604.0,0.02466,1720.0,0.02469,26.0,0.0247,500.0
1753533050661,12:30:50.661,ARC/USDT:USDT,0.02467,2604.0,0.02466,1720.0,0.02469,67.0,0.0247,500.0
1753533050782,12:30:50.782,ARC/USDT:USDT,0.02467,2563.0,0.02466,1720.0,0.02469,41.0,0.0247,500.0
1753533050959,12:30:50.959,ARC/USDT:USDT,0.02467,2645.0,0.02466,1720.0,0.0247,500.0,0.02471,5613.0
1753533051010,12:30:51.010,ARC/USDT:USDT,0.02467,2645.0,0.02466,1720.0,0.02469,26.0,0.0247,500.0
1753533052605,12:30:52.605,ARC/USDT:USDT,0.02467,2645.0,0.02466,1720.0,0.02469,26.0,0.0247,500.0
1753533052806,12:30:52.806,ARC/USDT:USDT,0.02467,2645.0,0.02466,1720.0,0.02469,26.0,0.0247,500.0
1753533053302,12:30:53.302,ARC/USDT:USDT,0.02467,2645.0,0.02466,1720.0,0.02469,26.0,0.0247,500.0
1753533053685,12:30:53.685,ARC/USDT:USDT,0.02467,2563.0,0.02466,1720.0,0.02469,67.0,0.0247,500.0
1753533053710,12:30:53.710,ARC/USDT:USDT,0.02467,2563.0,0.02466,1720.0,0.02469,41.0,0.0247,500.0
1753533053961,12:30:53.961,ARC/USDT:USDT,0.02467,2604.0,0.02466,1720.0,0.02469,41.0,0.0247,500.0
1753533054302,12:30:54.302,ARC/USDT:USDT,0.02467,2604.0,0.02466,1720.0,0.0247,500.0,0.02471,1490.0
1753533054349,12:30:54.349,ARC/USDT:USDT,0.02467,2645.0,0.02466,1720.0,0.02469,26.0,0.0247,500.0
1753533054826,12:30:54.826,ARC/USDT:USDT,0.02467,2645.0,0.02466,1720.0,0.02469,26.0,0.0247,500.0
1753533055287,12:30:55.287,ARC/USDT:USDT,0.02467,2645.0,0.02466,1720.0,0.02469,26.0,0.0247,500.0
1753533055454,12:30:55.454,ARC/USDT:USDT,0.02467,2645.0,0.02466,1720.0,0.02469,26.0,0.0247,500.0
1753533056463,12:30:56.463,ARC/USDT:USDT,0.02467,2563.0,0.02466,1720.0,0.02469,67.0,0.0247,500.0
1753533056511,12:30:56.511,ARC/USDT:USDT,0.02467,2645.0,0.02466,1720.0,0.02469,41.0,0.0247,500.0
1753533057503,12:30:57.503,ARC/USDT:USDT,0.02467,2604.0,0.02466,1720.0,0.0247,500.0,0.02471,5613.0
1753533057510,12:30:57.510,ARC/USDT:USDT,0.02467,2604.0,0.02466,1720.0,0.02469,26.0,0.0247,500.0
1753533057857,12:30:57.857,ARC/USDT:USDT,0.02467,2645.0,0.02466,1720.0,0.02469,26.0,0.0247,500.0
1753533059344,12:30:59.344,ARC/USDT:USDT,0.02467,2563.0,0.02466,1720.0,0.02469,67.0,0.0247,500.0
1753533059478,12:30:59.478,ARC/USDT:USDT,0.02467,2563.0,0.02466,1720.0,0.02469,82.0,0.0247,500.0
1753533059537,12:30:59.537,ARC/USDT:USDT,0.02467,2563.0,0.02466,1720.0,0.02469,82.0,0.0247,500.0
1753533059673,12:30:59.673,ARC/USDT:USDT,0.02467,2063.0,0.02466,1720.0,0.02469,82.0,0.0247,500.0
1753533059892,12:30:59.892,ARC/USDT:USDT,0.02467,2063.0,0.02466,1720.0,0.02469,82.0,0.0247,500.0
1753533060199,12:31:00.199,ARC/USDT:USDT,0.02467,2104.0,0.02466,1720.0,0.02469,41.0,0.0247,500.0
1753533060275,12:31:00.275,ARC/USDT:USDT,0.02467,2063.0,0.02466,1720.0,0.02469,82.0,0.0247,500.0
1753533060471,12:31:00.471,ARC/USDT:USDT,0.02467,2063.0,0.02466,1720.0,0.02469,82.0,0.0247,500.0
1753533060666,12:31:00.666,ARC/USDT:USDT,0.02467,2063.0,0.02466,1720.0,0.02469,82.0,0.0247,500.0
1753533060738,12:31:00.738,ARC/USDT:USDT,0.02467,2063.0,0.02466,1720.0,0.02469,82.0,0.0247,500.0
1753533060855,12:31:00.855,ARC/USDT:USDT,0.02467,2063.0,0.02466,1720.0,0.02469,82.0,0.0247,500.0
1753533061066,12:31:01.066,ARC/USDT:USDT,0.02467,2063.0,0.02466,1720.0,0.02469,82.0,0.0247,1520.0
1753533061203,12:31:01.203,ARC/USDT:USDT,0.02467,2.0,0.02465,2561.0,0.02468,1102.0,0.02469,1020.0
1753533061229,12:31:01.229,ARC/USDT:USDT,0.02467,2.0,0.02465,2561.0,0.02468,1128.0,0.02469,5143.0
1753533061392,12:31:01.392,ARC/USDT:USDT,0.02467,2.0,0.02465,2561.0,0.02468,1128.0,0.02469,5143.0
1753533061409,12:31:01.409,ARC/USDT:USDT,0.02467,2.0,0.02465,2561.0,0.02468,1128.0,0.02469,5143.0
1753533061515,12:31:01.515,ARC/USDT:USDT,0.02467,2.0,0.02465,2561.0,0.02468,1628.0,0.02469,5643.0
1753533061647,12:31:01.647,ARC/USDT:USDT,0.02467,2.0,0.02465,2561.0,0.02468,1628.0,0.02469,5643.0
1753533062000,12:31:02.000,ARC/USDT:USDT,0.02467,2.0,0.02465,2561.0,0.02468,1628.0,0.02469,5643.0
1753533062025,12:31:02.025,ARC/USDT:USDT,0.02467,2.0,0.02465,2561.0,0.02468,1628.0,0.02469,5643.0
1753533064173,12:31:04.173,ARC/USDT:USDT,0.02467,2.0,0.02465,2561.0,0.02468,1628.0,0.02469,5643.0
1753533065350,12:31:05.350,ARC/USDT:USDT,0.02467,2.0,0.02465,2561.0,0.02468,1628.0,0.02469,5643.0
1753533067390,12:31:07.390,ARC/USDT:USDT,0.02467,2.0,0.02465,500.0,0.02468,1628.0,0.02469,5643.0
1753533067504,12:31:07.504,ARC/USDT:USDT,0.02467,2.0,0.02465,500.0,0.02468,608.0,0.02469,5643.0
1753533067597,12:31:07.597,ARC/USDT:USDT,0.02467,2.0,0.02465,3581.0,0.02468,526.0,0.02469,500.0
1753533067666,12:31:07.666,ARC/USDT:USDT,0.02467,2.0,0.02465,3709.0,0.02468,526.0,0.02469,500.0
1753533067786,12:31:07.786,ARC/USDT:USDT,0.02467,2.0,0.02465,5159.0,0.02468,526.0,0.02469,500.0
1753533068437,12:31:08.437,ARC/USDT:USDT,0.02467,2.0,0.02465,5159.0,0.02468,26.0,0.02469,500.0
1753533068886,12:31:08.886,ARC/USDT:USDT,0.02467,2.0,0.02466,1113.0,0.02468,26.0,0.02469,500.0
1753533068981,12:31:08.981,ARC/USDT:USDT,0.02467,2.0,0.02466,1113.0,0.02468,26.0,0.02469,500.0
1753533069067,12:31:09.067,ARC/USDT:USDT,0.02467,2.0,0.02466,1113.0,0.02468,26.0,0.02469,500.0
1753533069141,12:31:09.141,ARC/USDT:USDT,0.02467,2.0,0.02466,1113.0,0.02468,26.0,0.02469,500.0
1753533069337,12:31:09.337,ARC/USDT:USDT,0.02467,2.0,0.02466,1113.0,0.02468,26.0,0.02469,500.0
1753533069938,12:31:09.938,ARC/USDT:USDT,0.02467,2.0,0.02466,1113.0,0.02468,26.0,0.02469,500.0
1753533070504,12:31:10.504,ARC/USDT:USDT,0.02467,2.0,0.02466,1113.0,0.02468,26.0,0.02469,500.0
1753533071179,12:31:11.179,ARC/USDT:USDT,0.02467,1573.0,0.02466,1241.0,0.0247,500.0,0.02471,5613.0
1753533071245,12:31:11.245,ARC/USDT:USDT,0.02468,24.0,0.02467,1532.0,0.02469,4.0,0.0247,541.0
1753533071311,12:31:11.311,ARC/USDT:USDT,0.02468,24.0,0.02467,1532.0,0.02469,4.0,0.0247,541.0
1753533071627,12:31:11.627,ARC/USDT:USDT,0.02468,24.0,0.02467,1491.0,0.02469,4.0,0.0247,541.0
1753533071988,12:31:11.988,ARC/USDT:USDT,0.02468,24.0,0.02467,3634.0,0.02469,4.0,0.0247,541.0
1753533072034,12:31:12.034,ARC/USDT:USDT,0.02468,65.0,0.02467,3634.0,0.02469,4.0,0.0247,500.0
1753533072170,12:31:12.170,ARC/USDT:USDT,0.02468,24.0,0.02467,3634.0,0.02469,4.0,0.0247,500.0
1753533073849,12:31:13.849,ARC/USDT:USDT,0.02468,24.0,0.02467,3634.0,0.02469,4.0,0.0247,500.0
1753533074273,12:31:14.273,ARC/USDT:USDT,0.02468,1210.0,0.02467,3634.0,0.0247,500.0,0.02471,500.0
1753533074372,12:31:14.372,ARC/USDT:USDT,0.02468,1145.0,0.02467,3634.0,0.02471,500.0,0.02472,3551.0
1753533074467,12:31:14.467,ARC/USDT:USDT,0.02469,26.0,0.02468,1090.0,0.02471,541.0,0.02472,3551.0
1753533074603,12:31:14.603,ARC/USDT:USDT,0.02469,26.0,0.02468,1090.0,0.02471,541.0,0.02472,3551.0
1753533074637,12:31:14.637,ARC/USDT:USDT,0.02469,26.0,0.02468,1090.0,0.02471,541.0,0.02472,3551.0
1753533075293,12:31:15.293,ARC/USDT:USDT,0.02469,26.0,0.02468,1090.0,0.02471,500.0,0.02472,3551.0
1753533075355,12:31:15.355,ARC/USDT:USDT,0.02469,26.0,0.02468,1090.0,0.02471,500.0,0.02472,3551.0
1753533075559,12:31:15.559,ARC/USDT:USDT,0.02469,26.0,0.02467,3552.0,0.02471,4664.0,0.02472,3551.0
1753533075626,12:31:15.626,ARC/USDT:USDT,0.02468,26.0,0.02467,2563.0,0.02471,4664.0,0.02472,3551.0
1753533075771,12:31:15.771,ARC/USDT:USDT,0.02468,26.0,0.02467,2563.0,0.02471,4664.0,0.02472,3551.0
1753533075814,12:31:15.814,ARC/USDT:USDT,0.02468,26.0,0.02467,2563.0,0.02471,4664.0,0.02472,3551.0
1753533076586,12:31:16.586,ARC/USDT:USDT,0.02468,26.0,0.02467,2563.0,0.02471,4664.0,0.02472,3551.0
1753533076658,12:31:16.658,ARC/USDT:USDT,0.02468,26.0,0.02467,2563.0,0.02471,4664.0,0.02472,3551.0
1753533077003,12:31:17.003,ARC/USDT:USDT,0.02468,26.0,0.02467,2563.0,0.02471,4664.0,0.02472,3551.0
1753533077993,12:31:17.993,ARC/USDT:USDT,0.02468,1015.0,0.02467,2563.0,0.02471,4623.0,0.02472,3551.0
1753533078067,12:31:18.067,ARC/USDT:USDT,0.02468,2355.0,0.02467,4197.0,0.02471,500.0,0.02472,1490.0
1753533078139,12:31:18.139,ARC/USDT:USDT,0.02468,2355.0,0.02467,4197.0,0.02471,500.0,0.02472,1490.0
1753533078364,12:31:18.364,ARC/USDT:USDT,0.02469,2061.0,0.02468,2355.0,0.02471,500.0,0.02472,1490.0
1753533078412,12:31:18.412,ARC/USDT:USDT,0.02469,2061.0,0.02468,2355.0,0.02471,500.0,0.02472,1490.0
1753533078602,12:31:18.602,ARC/USDT:USDT,0.02469,2102.0,0.02468,2355.0,0.02471,500.0,0.02472,1490.0
1753533078618,12:31:18.618,ARC/USDT:USDT,0.02469,2102.0,0.02468,2355.0,0.02471,500.0,0.02472,1490.0
1753533078735,12:31:18.735,ARC/USDT:USDT,0.02469,2102.0,0.02468,2329.0,0.02471,500.0,0.02472,1490.0
1753533078849,12:31:18.849,ARC/USDT:USDT,0.02469,2061.0,0.02468,2329.0,0.02471,500.0,0.02472,1490.0
1753533079287,12:31:19.287,ARC/USDT:USDT,0.02469,2061.0,0.02468,2329.0,0.02471,500.0,0.02472,1490.0
1753533079434,12:31:19.434,ARC/USDT:USDT,0.02469,2061.0,0.02468,2329.0,0.02471,500.0,0.02472,1490.0
1753533080421,12:31:20.421,ARC/USDT:USDT,0.02469,2061.0,0.02468,1902.0,0.02471,500.0,0.02472,1490.0
1753533080507,12:31:20.507,ARC/USDT:USDT,0.02469,2102.0,0.02468,1902.0,0.02471,500.0,0.02472,1490.0
1753533080623,12:31:20.623,ARC/USDT:USDT,0.02469,2061.0,0.02468,1902.0,0.02471,500.0,0.02472,1490.0
1753533081681,12:31:21.681,ARC/USDT:USDT,0.02469,2061.0,0.02468,1902.0,0.02471,500.0,0.02472,1490.0
1753533082344,12:31:22.344,ARC/USDT:USDT,0.02469,2061.0,0.02468,1902.0,0.02471,500.0,0.02472,1490.0
1753533082551,12:31:22.551,ARC/USDT:USDT,0.02469,2116.0,0.02468,1902.0,0.02471,500.0,0.02472,1490.0
1753533082747,12:31:22.747,ARC/USDT:USDT,0.02469,2157.0,0.02468,1902.0,0.02471,500.0,0.02472,1490.0
1753533083068,12:31:23.068,ARC/USDT:USDT,0.02469,2157.0,0.02468,1902.0,0.02471,500.0,0.02472,1490.0
1753533083318,12:31:23.318,ARC/USDT:USDT,0.02468,1902.0,0.02467,4197.0,0.02471,541.0,0.02472,3551.0
1753533083422,12:31:23.422,ARC/USDT:USDT,0.02469,26.0,0.02468,832.0,0.02471,541.0,0.02472,3551.0
1753533083516,12:31:23.516,ARC/USDT:USDT,0.02469,26.0,0.02468,832.0,0.02471,541.0,0.02472,3551.0
1753533083849,12:31:23.849,ARC/USDT:USDT,0.02469,26.0,0.02468,832.0,0.02471,541.0,0.02472,3551.0
1753533084290,12:31:24.290,ARC/USDT:USDT,0.02469,26.0,0.02468,832.0,0.02471,541.0,0.02472,1490.0
1753533084391,12:31:24.391,ARC/USDT:USDT,0.02469,26.0,0.02468,832.0,0.02471,500.0,0.02472,1490.0
1753533085103,12:31:25.103,ARC/USDT:USDT,0.02469,81.0,0.02468,832.0,0.02471,500.0,0.02472,1490.0
1753533085110,12:31:25.110,ARC/USDT:USDT,0.02469,55.0,0.02468,832.0,0.02471,500.0,0.02472,1490.0
1753533085266,12:31:25.266,ARC/USDT:USDT,0.02469,2157.0,0.02468,832.0,0.02471,500.0,0.02472,1490.0
1753533085667,12:31:25.667,ARC/USDT:USDT,0.02469,2061.0,0.02468,832.0,0.02471,500.0,0.02472,2487.0
1753533085788,12:31:25.788,ARC/USDT:USDT,0.02469,2157.0,0.02468,832.0,0.02471,500.0,0.02472,1490.0
1753533085893,12:31:25.893,ARC/USDT:USDT,0.02469,2157.0,0.02468,832.0,0.02471,500.0,0.02472,2487.0
1753533085998,12:31:25.998,ARC/USDT:USDT,0.02469,2157.0,0.02468,832.0,0.02471,500.0,0.02472,4548.0
1753533086089,12:31:26.089,ARC/USDT:USDT,0.02469,2061.0,0.02468,832.0,0.02471,541.0,0.02472,3551.0
1753533086202,12:31:26.202,ARC/USDT:USDT,0.02469,2157.0,0.02468,832.0,0.02471,541.0,0.02472,4548.0
1753533086242,12:31:26.242,ARC/USDT:USDT,0.02469,2061.0,0.02468,832.0,0.02471,541.0,0.02472,3551.0
1753533086327,12:31:26.327,ARC/USDT:USDT,0.02469,2061.0,0.02468,832.0,0.02471,541.0,0.02472,4548.0
1753533086627,12:31:26.627,ARC/USDT:USDT,0.02469,2157.0,0.02468,832.0,0.02471,541.0,0.02472,3551.0
1753533086733,12:31:26.733,ARC/USDT:USDT,0.02469,2157.0,0.02468,832.0,0.02471,500.0,0.02472,1490.0
1753533087627,12:31:27.627,ARC/USDT:USDT,0.02469,2157.0,0.02468,832.0,0.02471,500.0,0.02472,1490.0
1753533087729,12:31:27.729,ARC/USDT:USDT,0.02469,2157.0,0.02468,832.0,0.02471,500.0,0.02472,1490.0
1753533087867,12:31:27.867,ARC/USDT:USDT,0.02469,2157.0,0.02468,832.0,0.02471,500.0,0.02472,1490.0
1753533087987,12:31:27.987,ARC/USDT:USDT,0.02469,2157.0,0.02468,832.0,0.02471,500.0,0.02472,1490.0
1753533088095,12:31:28.095,ARC/USDT:USDT,0.0247,500.0,0.02469,2142.0,0.02472,500.0,0.02473,500.0
1753533088177,12:31:28.177,ARC/USDT:USDT,0.0247,596.0,0.02469,2642.0,0.02472,500.0,0.02473,500.0
1753533088227,12:31:28.227,ARC/USDT:USDT,0.0247,555.0,0.02469,2642.0,0.02473,500.0,0.02474,3542.0
1753533088368,12:31:28.368,ARC/USDT:USDT,0.02471,26.0,0.0247,555.0,0.02473,541.0,0.02474,3542.0
1753533088497,12:31:28.497,ARC/USDT:USDT,0.02471,26.0,0.0247,555.0,0.02473,541.0,0.02474,3542.0
1753533088602,12:31:28.602,ARC/USDT:USDT,0.02471,26.0,0.0247,500.0,0.02473,541.0,0.02474,3542.0
1753533088635,12:31:28.635,ARC/USDT:USDT,0.02471,26.0,0.0247,500.0,0.02473,541.0,0.02474,3542.0
1753533088748,12:31:28.748,ARC/USDT:USDT,0.02471,26.0,0.0247,500.0,0.02473,541.0,0.02474,3542.0
1753533089129,12:31:29.129,ARC/USDT:USDT,0.02471,26.0,0.0247,500.0,0.02473,582.0,0.02474,3542.0
1753533089261,12:31:29.261,ARC/USDT:USDT,0.02471,26.0,0.02469,2561.0,0.02473,4705.0,0.02474,3542.0
1753533089311,12:31:29.311,ARC/USDT:USDT,0.0247,26.0,0.02469,2561.0,0.02473,4705.0,0.02474,3542.0
1753533089573,12:31:29.573,ARC/USDT:USDT,0.0247,26.0,0.02469,2561.0,0.02473,4705.0,0.02474,3542.0
1753533090098,12:31:30.098,ARC/USDT:USDT,0.0247,26.0,0.02469,2561.0,0.02473,4705.0,0.02474,3542.0
1753533090386,12:31:30.386,ARC/USDT:USDT,0.0247,26.0,0.02469,2561.0,0.02473,4705.0,0.02474,3542.0
1753533090594,12:31:30.594,ARC/USDT:USDT,0.0247,26.0,0.02469,2561.0,0.02473,4705.0,0.02474,3542.0
1753533090608,12:31:30.608,ARC/USDT:USDT,0.0247,26.0,0.02469,2561.0,0.02473,4705.0,0.02474,3542.0
1753533091893,12:31:31.893,ARC/USDT:USDT,0.0247,26.0,0.02469,2561.0,0.02473,4705.0,0.02474,3542.0
1753533092086,12:31:32.086,ARC/USDT:USDT,0.0247,26.0,0.02469,2561.0,0.02473,4705.0,0.02474,3542.0
1753533092239,12:31:32.239,ARC/USDT:USDT,0.0247,26.0,0.02469,2561.0,0.02473,4705.0,0.02474,3542.0
1753533092422,12:31:32.422,ARC/USDT:USDT,0.0247,26.0,0.02469,2561.0,0.02473,4705.0,0.02474,3542.0
1753533093272,12:31:33.272,ARC/USDT:USDT,0.0247,26.0,0.02469,2561.0,0.02473,4705.0,0.02474,3542.0
1753533094514,12:31:34.514,ARC/USDT:USDT,0.0247,26.0,0.02469,2561.0,0.02473,4664.0,0.02474,3542.0
1753533095586,12:31:35.586,ARC/USDT:USDT,0.02471,2224.0,0.0247,2050.0,0.02473,500.0,0.02474,500.0
1753533095690,12:31:35.690,ARC/USDT:USDT,0.02471,2224.0,0.0247,2050.0,0.02473,500.0,0.02474,500.0
1753533095732,12:31:35.732,ARC/USDT:USDT,0.02471,2224.0,0.0247,2050.0,0.02473,500.0,0.02474,500.0
1753533096091,12:31:36.091,ARC/USDT:USDT,0.02471,2352.0,0.0247,2024.0,0.02473,500.0,0.02474,500.0
1753533096183,12:31:36.183,ARC/USDT:USDT,0.02471,2352.0,0.0247,2024.0,0.02474,500.0,0.02475,5618.0
1753533096224,12:31:36.224,ARC/USDT:USDT,0.02472,26.0,0.02471,2311.0,0.02474,541.0,0.02475,5618.0
1753533096309,12:31:36.309,ARC/USDT:USDT,0.02472,26.0,0.02471,2183.0,0.02474,541.0,0.02475,5618.0
1753533096477,12:31:36.477,ARC/USDT:USDT,0.02472,26.0,0.02471,2183.0,0.02474,541.0,0.02475,5618.0
1753533096527,12:31:36.527,ARC/USDT:USDT,0.02472,26.0,0.02471,2183.0,0.02474,541.0,0.02475,5618.0
1753533096795,12:31:36.795,ARC/USDT:USDT,0.02472,26.0,0.02471,2183.0,0.02474,500.0,0.02475,5618.0
1753533096892,12:31:36.892,ARC/USDT:USDT,0.02472,26.0,0.02471,2183.0,0.02474,500.0,0.02475,5618.0
1753533098286,12:31:38.286,ARC/USDT:USDT,0.02472,26.0,0.02471,2142.0,0.02474,500.0,0.02475,5618.0
1753533098311,12:31:38.311,ARC/USDT:USDT,0.02472,67.0,0.02471,2142.0,0.02474,500.0,0.02475,5618.0
1753533098696,12:31:38.696,ARC/USDT:USDT,0.02472,26.0,0.02471,2142.0,0.02474,500.0,0.02475,5618.0
1753533098732,12:31:38.732,ARC/USDT:USDT,0.02472,67.0,0.02471,2142.0,0.02474,500.0,0.02475,5618.0
1753533100358,12:31:40.358,ARC/USDT:USDT,0.02472,67.0,0.02471,2142.0,0.02474,500.0,0.02475,5618.0
1753533100516,12:31:40.516,ARC/USDT:USDT,0.02472,67.0,0.02471,2142.0,0.02474,500.0,0.02475,5618.0
1753533101166,12:31:41.166,ARC/USDT:USDT,0.02472,26.0,0.02471,2142.0,0.02474,541.0,0.02475,5618.0
1753533101543,12:31:41.543,ARC/USDT:USDT,0.02472,67.0,0.02471,2142.0,0.02474,500.0,0.02475,5618.0
1753533101609,12:31:41.609,ARC/USDT:USDT,0.02472,26.0,0.02471,2142.0,0.02474,541.0,0.02475,5618.0
1753533102286,12:31:42.286,ARC/USDT:USDT,0.02472,26.0,0.02471,2142.0,0.02474,500.0,0.02475,5618.0
1753533102599,12:31:42.599,ARC/USDT:USDT,0.02473,2143.0,0.02472,1271.0,0.02475,500.0,0.02476,500.0
1753533102666,12:31:42.666,ARC/USDT:USDT,0.02473,2143.0,0.02472,1245.0,0.02475,500.0,0.02476,500.0
1753533102802,12:31:42.802,ARC/USDT:USDT,0.02473,2143.0,0.02472,1245.0,0.02475,500.0,0.02476,500.0
1753533102840,12:31:42.840,ARC/USDT:USDT,0.02473,2143.0,0.02472,1245.0,0.02475,500.0,0.02476,500.0
1753533102943,12:31:42.943,ARC/USDT:USDT,0.02473,2143.0,0.02472,1245.0,0.02475,500.0,0.02476,500.0
1753533103052,12:31:43.052,ARC/USDT:USDT,0.02473,2143.0,0.02472,1745.0,0.02476,500.0,0.02477,5607.0
1753533103114,12:31:43.114,ARC/USDT:USDT,0.02474,26.0,0.02473,2102.0,0.02476,541.0,0.02477,5607.0
1753533103207,12:31:43.207,ARC/USDT:USDT,0.02474,26.0,0.02473,2102.0,0.02476,541.0,0.02477,5607.0
1753533103366,12:31:43.366,ARC/USDT:USDT,0.02474,26.0,0.02473,2102.0,0.02476,541.0,0.02477,5607.0
1753533103640,12:31:43.640,ARC/USDT:USDT,0.02474,26.0,0.02473,2102.0,0.02476,541.0,0.02477,5607.0
1753533103803,12:31:43.803,ARC/USDT:USDT,0.02474,26.0,0.02473,2102.0,0.02476,500.0,0.02477,5607.0
1753533104035,12:31:44.035,ARC/USDT:USDT,0.02474,26.0,0.02473,2102.0,0.02476,500.0,0.02477,5607.0
1753533104412,12:31:44.412,ARC/USDT:USDT,0.02474,26.0,0.02473,2102.0,0.02476,541.0,0.02477,5607.0
1753533104909,12:31:44.909,ARC/USDT:USDT,0.02474,26.0,0.02473,2102.0,0.02476,541.0,0.02477,5607.0
1753533107003,12:31:47.003,ARC/USDT:USDT,0.02474,26.0,0.02473,2102.0,0.02476,541.0,0.02477,5607.0
1753533107006,12:31:47.006,ARC/USDT:USDT,0.02474,26.0,0.02473,2102.0,0.02476,541.0,0.02477,5607.0
1753533107772,12:31:47.772,ARC/USDT:USDT,0.02474,26.0,0.02473,2102.0,0.02476,541.0,0.02477,5607.0
1753533108080,12:31:48.080,ARC/USDT:USDT,0.02474,26.0,0.02473,2102.0,0.02476,541.0,0.02477,5607.0
1753533108208,12:31:48.208,ARC/USDT:USDT,0.02474,26.0,0.02473,2102.0,0.02476,541.0,0.02477,5607.0
1753533109544,12:31:49.544,ARC/USDT:USDT,0.02474,26.0,0.02473,2102.0,0.02476,541.0,0.02477,5607.0
1753533114602,12:31:54.602,ARC/USDT:USDT,0.02474,26.0,0.02473,2102.0,0.02476,541.0,0.02477,5607.0
1753533114609,12:31:54.609,ARC/USDT:USDT,0.02474,26.0,0.02473,2102.0,0.02476,541.0,0.02477,5607.0
1753533115050,12:31:55.050,ARC/USDT:USDT,0.02474,26.0,0.02473,2061.0,0.02476,582.0,0.02477,5607.0
1753533115482,12:31:55.482,ARC/USDT:USDT,0.02474,26.0,0.02473,2061.0,0.02476,541.0,0.02477,1484.0
1753533115541,12:31:55.541,ARC/USDT:USDT,0.02474,26.0,0.02473,2061.0,0.02476,541.0,0.02477,5607.0
1753533116114,12:31:56.114,ARC/USDT:USDT,0.02474,26.0,0.02473,2061.0,0.02476,582.0,0.02477,5607.0
1753533118378,12:31:58.378,ARC/USDT:USDT,0.02474,26.0,0.02473,2061.0,0.02476,582.0,0.02477,5607.0
1753533118806,12:31:58.806,ARC/USDT:USDT,0.02474,26.0,0.02473,2061.0,0.02476,582.0,0.02477,5607.0
1753533119558,12:31:59.558,ARC/USDT:USDT,0.02474,26.0,0.02473,2061.0,0.02476,582.0,0.02477,5607.0
1753533119686,12:31:59.686,ARC/USDT:USDT,0.02474,26.0,0.02473,2061.0,0.02476,582.0,0.02477,5607.0
1753533120172,12:32:00.172,ARC/USDT:USDT,0.02474,26.0,0.02473,2061.0,0.02476,541.0,0.02477,5607.0
1753533120491,12:32:00.491,ARC/USDT:USDT,0.02474,26.0,0.02472,1331.0,0.02476,2643.0,0.02477,5735.0
1753533120572,12:32:00.572,ARC/USDT:USDT,0.02473,26.0,0.02472,1331.0,0.02476,2643.0,0.02477,5735.0
1753533120702,12:32:00.702,ARC/USDT:USDT,0.02473,26.0,0.02472,1331.0,0.02475,596.0,0.02476,2561.0
1753533120751,12:32:00.751,ARC/USDT:USDT,0.02473,26.0,0.02472,1331.0,0.02475,596.0,0.02476,2561.0
1753533121495,12:32:01.495,ARC/USDT:USDT,0.02473,26.0,0.02472,1331.0,0.02475,596.0,0.02476,2561.0
1753533122040,12:32:02.040,ARC/USDT:USDT,0.02473,26.0,0.02472,1331.0,0.02475,596.0,0.02476,2561.0
1753533122147,12:32:02.147,ARC/USDT:USDT,0.02473,26.0,0.02472,1331.0,0.02475,596.0,0.02476,2561.0
1753533122551,12:32:02.551,ARC/USDT:USDT,0.02473,26.0,0.02472,1331.0,0.02475,596.0,0.02476,2561.0
1753533123360,12:32:03.360,ARC/USDT:USDT,0.02473,26.0,0.02471,2061.0,0.02475,4719.0,0.02476,2770.0
1753533123426,12:32:03.426,ARC/USDT:USDT,0.02472,26.0,0.02471,2061.0,0.02475,4719.0,0.02476,2770.0
1753533123514,12:32:03.514,ARC/USDT:USDT,0.02472,26.0,0.02471,2061.0,0.02475,4719.0,0.02476,2770.0
1753533123744,12:32:03.744,ARC/USDT:USDT,0.02472,26.0,0.02471,2061.0,0.02475,4719.0,0.02476,2770.0
1753533124365,12:32:04.365,ARC/USDT:USDT,0.02472,26.0,0.02471,2061.0,0.02475,596.0,0.02476,2770.0
1753533124659,12:32:04.659,ARC/USDT:USDT,0.02472,26.0,0.02471,2061.0,0.02475,596.0,0.02476,2770.0
1753533124729,12:32:04.729,ARC/USDT:USDT,0.02472,26.0,0.02471,2061.0,0.02475,596.0,0.02476,2770.0
1753533126620,12:32:06.620,ARC/USDT:USDT,0.02472,26.0,0.02471,2061.0,0.02475,596.0,0.02476,2642.0
1753533128548,12:32:08.548,ARC/USDT:USDT,0.02472,26.0,0.02471,2061.0,0.02475,4719.0,0.02476,2770.0
1753533131101,12:32:11.101,ARC/USDT:USDT,0.02472,26.0,0.02471,2061.0,0.02475,555.0,0.02476,2689.0
1753533131231,12:32:11.231,ARC/USDT:USDT,0.02472,26.0,0.02471,2061.0,0.02475,4678.0,0.02476,2689.0
1753533131789,12:32:11.789,ARC/USDT:USDT,0.02472,26.0,0.02471,2061.0,0.02475,555.0,0.02476,2561.0
1753533132448,12:32:12.448,ARC/USDT:USDT,0.02472,26.0,0.02471,2061.0,0.02475,555.0,0.02476,2561.0
1753533135562,12:32:15.562,ARC/USDT:USDT,0.02472,26.0,0.02471,2061.0,0.02475,555.0,0.02476,2561.0
1753533138531,12:32:18.531,ARC/USDT:USDT,0.02472,26.0,0.02471,2061.0,0.02475,555.0,0.02476,2561.0
1753533139597,12:32:19.597,ARC/USDT:USDT,0.02472,26.0,0.02471,2061.0,0.02475,555.0,0.02476,2561.0
1753533140078,12:32:20.078,ARC/USDT:USDT,0.02472,26.0,0.02471,2061.0,0.02475,555.0,0.02476,2561.0
1753533140201,12:32:20.201,ARC/USDT:USDT,0.02472,26.0,0.02471,2061.0,0.02475,514.0,0.02476,2561.0
1753533140231,12:32:20.231,ARC/USDT:USDT,0.02472,526.0,0.02471,2061.0,0.02475,514.0,0.02476,2561.0
1753533140623,12:32:20.623,ARC/USDT:USDT,0.02472,526.0,0.02471,2561.0,0.02475,514.0,0.02476,2561.0
1753533145702,12:32:25.702,ARC/USDT:USDT,0.02472,526.0,0.02471,2561.0,0.02475,514.0,0.02476,2561.0
1753533145724,12:32:25.724,ARC/USDT:USDT,0.02472,526.0,0.02471,2561.0,0.02475,514.0,0.02476,2561.0
1753533148574,12:32:28.574,ARC/USDT:USDT,0.02472,526.0,0.02471,2561.0,0.02475,514.0,0.02476,2561.0
1753533152194,12:32:32.194,ARC/USDT:USDT,0.02472,526.0,0.02471,2561.0,0.02475,514.0,0.02476,2561.0
1753533152218,12:32:32.218,ARC/USDT:USDT,0.02472,526.0,0.02471,2561.0,0.02475,514.0,0.02476,2561.0
1753533152932,12:32:32.932,ARC/USDT:USDT,0.02472,526.0,0.02471,2561.0,0.02475,5634.0,0.02476,2561.0
1753533153047,12:32:33.047,ARC/USDT:USDT,0.02472,526.0,0.02471,2561.0,0.02475,5634.0,0.02476,2561.0
1753533153968,12:32:33.968,ARC/USDT:USDT,0.02472,526.0,0.02471,2561.0,0.02475,5634.0,0.02476,2561.0
1753533154503,12:32:34.503,ARC/USDT:USDT,0.02472,26.0,0.02471,2061.0,0.02474,997.0,0.02475,5634.0
1753533154591,12:32:34.591,ARC/USDT:USDT,0.02469,4579.0,0.02468,2460.0,0.02473,5120.0,0.02474,3599.0
1753533154701,12:32:34.701,ARC/USDT:USDT,0.0247,4.0,0.02469,2561.0,0.02472,1562.0,0.02473,5620.0
1753533154801,12:32:34.801,ARC/USDT:USDT,0.0247,4.0,0.02469,2561.0,0.02472,1497.0,0.02473,5620.0
1753533154887,12:32:34.887,ARC/USDT:USDT,0.0247,4.0,0.02469,500.0,0.02472,3640.0,0.02473,5620.0
1753533154964,12:32:34.964,ARC/USDT:USDT,0.0247,4.0,0.02469,500.0,0.02472,2811.0,0.02473,5620.0
1753533155064,12:32:35.064,ARC/USDT:USDT,0.0247,4.0,0.02469,500.0,0.02472,2811.0,0.02473,5620.0
1753533155277,12:32:35.277,ARC/USDT:USDT,0.0247,4.0,0.02469,500.0,0.02472,4872.0,0.02473,5620.0
1753533155313,12:32:35.313,ARC/USDT:USDT,0.0247,4.0,0.02469,500.0,0.02472,4872.0,0.02473,5620.0
1753533155699,12:32:35.699,ARC/USDT:USDT,0.0247,4.0,0.02469,500.0,0.02472,4872.0,0.02473,5620.0
1753533155758,12:32:35.758,ARC/USDT:USDT,0.0247,4.0,0.02469,500.0,0.02472,4872.0,0.02473,5620.0
1753533156071,12:32:36.071,ARC/USDT:USDT,0.0247,4.0,0.02469,500.0,0.02472,4872.0,0.02473,5620.0
1753533156144,12:32:36.144,ARC/USDT:USDT,0.0247,4.0,0.02469,500.0,0.02472,4872.0,0.02473,5620.0
1753533156286,12:32:36.286,ARC/USDT:USDT,0.0247,4.0,0.02469,500.0,0.02472,3640.0,0.02473,6852.0
1753533156383,12:32:36.383,ARC/USDT:USDT,0.0247,4.0,0.02469,500.0,0.02472,3640.0,0.02473,6852.0
1753533156456,12:32:36.456,ARC/USDT:USDT,0.0247,4.0,0.02469,500.0,0.02472,1579.0,0.02473,6852.0
1753533156570,12:32:36.570,ARC/USDT:USDT,0.0247,4.0,0.02469,500.0,0.02472,1579.0,0.02473,6852.0
1753533156625,12:32:36.625,ARC/USDT:USDT,0.0247,4.0,0.02469,500.0,0.02472,1579.0,0.02473,6852.0
1753533157000,12:32:37.000,ARC/USDT:USDT,0.0247,4.0,0.02469,500.0,0.02472,2811.0,0.02473,5620.0
1753533157116,12:32:37.116,ARC/USDT:USDT,0.0247,4.0,0.02469,500.0,0.02472,2770.0,0.02473,5620.0
1753533157281,12:32:37.281,ARC/USDT:USDT,0.0247,4.0,0.02469,500.0,0.02472,2770.0,0.02473,5620.0
1753533157348,12:32:37.348,ARC/USDT:USDT,0.0247,4.0,0.02469,500.0,0.02472,2770.0,0.02473,5620.0
1753533157500,12:32:37.500,ARC/USDT:USDT,0.0247,4.0,0.02469,500.0,0.02472,2770.0,0.02473,5620.0
1753533157600,12:32:37.600,ARC/USDT:USDT,0.0247,4.0,0.02469,500.0,0.02472,2770.0,0.02473,5620.0
1753533157659,12:32:37.659,ARC/USDT:USDT,0.0247,4.0,0.02469,500.0,0.02472,2770.0,0.02473,5620.0
1753533157763,12:32:37.763,ARC/USDT:USDT,0.0247,4.0,0.02469,500.0,0.02472,2770.0,0.02473,5620.0
1753533157882,12:32:37.882,ARC/USDT:USDT,0.0247,4.0,0.02469,500.0,0.02472,2770.0,0.02473,5620.0
1753533157948,12:32:37.948,ARC/USDT:USDT,0.0247,4.0,0.02469,500.0,0.02472,2770.0,0.02473,5620.0
1753533158176,12:32:38.176,ARC/USDT:USDT,0.0247,4.0,0.02469,500.0,0.02472,2770.0,0.02473,5620.0
1753533158250,12:32:38.250,ARC/USDT:USDT,0.0247,4.0,0.02469,500.0,0.02472,2770.0,0.02473,5620.0
1753533158380,12:32:38.380,ARC/USDT:USDT,0.0247,4.0,0.02469,500.0,0.02472,1579.0,0.02473,5620.0
1753533158425,12:32:38.425,ARC/USDT:USDT,0.0247,4.0,0.02469,500.0,0.02472,1579.0,0.02473,5620.0
1753533159061,12:32:39.061,ARC/USDT:USDT,0.0247,4.0,0.02469,500.0,0.02472,1538.0,0.02473,5620.0
1753533159125,12:32:39.125,ARC/USDT:USDT,0.0247,4.0,0.02469,500.0,0.02472,1538.0,0.02473,5620.0
1753533160794,12:32:40.794,ARC/USDT:USDT,0.0247,4.0,0.02469,500.0,0.02472,2811.0,0.02473,5620.0
1753533160894,12:32:40.894,ARC/USDT:USDT,0.0247,4.0,0.02469,500.0,0.02472,2811.0,0.02473,5620.0
1753533161599,12:32:41.599,ARC/USDT:USDT,0.0247,4.0,0.02469,500.0,0.02472,2811.0,0.02473,5620.0
1753533161697,12:32:41.697,ARC/USDT:USDT,0.0247,4.0,0.02469,500.0,0.02472,2811.0,0.02473,5620.0
1753533162168,12:32:42.168,ARC/USDT:USDT,0.0247,4.0,0.02469,500.0,0.02471,1232.0,0.02472,1579.0
1753533162252,12:32:42.252,ARC/USDT:USDT,0.0247,4.0,0.02469,500.0,0.02471,1256.0,0.02472,1538.0
1753533162306,12:32:42.306,ARC/USDT:USDT,0.0247,4.0,0.02469,500.0,0.02471,1256.0,0.02472,3599.0
1753533162700,12:32:42.700,ARC/USDT:USDT,0.0247,4.0,0.02469,500.0,0.02471,1297.0,0.02472,3599.0
1753533163650,12:32:43.650,ARC/USDT:USDT,0.0247,4.0,0.02469,500.0,0.02471,1338.0,0.02472,3558.0
1753533164356,12:32:44.356,ARC/USDT:USDT,0.0247,4.0,0.02469,500.0,0.02471,1838.0,0.02472,3558.0
1753533164501,12:32:44.501,ARC/USDT:USDT,0.0247,4.0,0.02468,1332.0,0.02471,1838.0,0.02472,3558.0
1753533164511,12:32:44.511,ARC/USDT:USDT,0.02469,4.0,0.02468,1332.0,0.02471,1838.0,0.02472,3558.0
1753533164664,12:32:44.664,ARC/USDT:USDT,0.02469,4.0,0.02468,1332.0,0.02471,1814.0,0.02472,3558.0
1753533165070,12:32:45.070,ARC/USDT:USDT,0.02469,4.0,0.02468,1332.0,0.02471,1814.0,0.02472,3558.0
1753533165484,12:32:45.484,ARC/USDT:USDT,0.02469,4.0,0.02468,1332.0,0.02471,1814.0,0.02472,3558.0
1753533166196,12:32:46.196,ARC/USDT:USDT,0.02469,4.0,0.02468,1332.0,0.02471,1814.0,0.02472,3639.0
1753533166300,12:32:46.300,ARC/USDT:USDT,0.02469,4.0,0.02468,1332.0,0.02471,1814.0,0.02472,3639.0
1753533166388,12:32:46.388,ARC/USDT:USDT,0.02469,4.0,0.02468,1332.0,0.02471,1814.0,0.02472,3639.0
1753533166589,12:32:46.589,ARC/USDT:USDT,0.02469,4.0,0.02468,1332.0,0.02471,5937.0,0.02472,3639.0
1753533166723,12:32:46.723,ARC/USDT:USDT,0.02469,4.0,0.02468,1332.0,0.02471,5937.0,0.02472,3639.0
1753533167189,12:32:47.189,ARC/USDT:USDT,0.02469,4.0,0.02468,1332.0,0.02471,5937.0,0.02472,3639.0
1753533168693,12:32:48.693,ARC/USDT:USDT,0.02469,4.0,0.02468,832.0,0.02471,5937.0,0.02472,3639.0
1753533168752,12:32:48.752,ARC/USDT:USDT,0.02469,4.0,0.02468,832.0,0.02471,5937.0,0.02472,3639.0
1753533168848,12:32:48.848,ARC/USDT:USDT,0.02469,4.0,0.02468,832.0,0.02471,5937.0,0.02472,3639.0
1753533169102,12:32:49.102,ARC/USDT:USDT,0.02469,4.0,0.02468,832.0,0.02471,5937.0,0.02472,3639.0
1753533169156,12:32:49.156,ARC/USDT:USDT,0.02469,4.0,0.02468,832.0,0.02471,5937.0,0.02472,3639.0
1753533169578,12:32:49.578,ARC/USDT:USDT,0.02469,4.0,0.02468,832.0,0.02471,5937.0,0.02472,3639.0
1753533169983,12:32:49.983,ARC/USDT:USDT,0.02469,4.0,0.02468,832.0,0.02471,5937.0,0.02472,3639.0
1753533170018,12:32:50.018,ARC/USDT:USDT,0.02469,4.0,0.02468,832.0,0.02471,5937.0,0.02472,3639.0
1753533170399,12:32:50.399,ARC/USDT:USDT,0.02469,4.0,0.02468,832.0,0.02471,5937.0,0.02472,3639.0
1753533170494,12:32:50.494,ARC/USDT:USDT,0.02469,4.0,0.02468,832.0,0.02471,5937.0,0.02472,3639.0
1753533170638,12:32:50.638,ARC/USDT:USDT,0.02469,4.0,0.02468,832.0,0.02471,5937.0,0.02472,3639.0
1753533170813,12:32:50.813,ARC/USDT:USDT,0.02469,4.0,0.02468,832.0,0.02471,5937.0,0.02472,3639.0
1753533171297,12:32:51.297,ARC/USDT:USDT,0.02469,4.0,0.02468,832.0,0.02471,5937.0,0.02472,3639.0
1753533171343,12:32:51.343,ARC/USDT:USDT,0.02469,4.0,0.02468,832.0,0.02471,5937.0,0.02472,3639.0
1753533171669,12:32:51.669,ARC/USDT:USDT,0.02469,4.0,0.02468,832.0,0.02471,5937.0,0.02472,3639.0
1753533172340,12:32:52.340,ARC/USDT:USDT,0.02469,4.0,0.02468,832.0,0.02471,5937.0,0.02472,3639.0
1753533172479,12:32:52.479,ARC/USDT:USDT,0.02469,4.0,0.02468,832.0,0.02471,5937.0,0.02472,3639.0
1753533172552,12:32:52.552,ARC/USDT:USDT,0.02469,4.0,0.02468,832.0,0.02471,5937.0,0.02472,3639.0
1753533172767,12:32:52.767,ARC/USDT:USDT,0.02469,4.0,0.02468,832.0,0.02471,5937.0,0.02472,3639.0
1753533172895,12:32:52.895,ARC/USDT:USDT,0.02469,4.0,0.02468,832.0,0.02471,4705.0,0.02472,4871.0
1753533173473,12:32:53.473,ARC/USDT:USDT,0.02469,4.0,0.02468,832.0,0.02471,5937.0,0.02472,3639.0
1753533173511,12:32:53.511,ARC/USDT:USDT,0.02469,4.0,0.02468,832.0,0.02471,5937.0,0.02472,3639.0
1753533173667,12:32:53.667,ARC/USDT:USDT,0.02469,4.0,0.02467,2563.0,0.02471,5937.0,0.02472,3639.0
1753533173766,12:32:53.766,ARC/USDT:USDT,0.02468,4.0,0.02467,2563.0,0.02471,4664.0,0.02472,4871.0
1753533173830,12:32:53.830,ARC/USDT:USDT,0.02468,45.0,0.02467,2563.0,0.0247,524.0,0.02471,4664.0
1753533173963,12:32:53.963,ARC/USDT:USDT,0.02468,4.0,0.02467,2563.0,0.0247,541.0,0.02471,4623.0
1753533174085,12:32:54.085,ARC/USDT:USDT,0.02468,4.0,0.02467,2563.0,0.0247,500.0,0.02471,4623.0
1753533174107,12:32:54.107,ARC/USDT:USDT,0.02468,45.0,0.02467,2563.0,0.0247,500.0,0.02471,4623.0
1753533174472,12:32:54.472,ARC/USDT:USDT,0.02468,4.0,0.02467,2563.0,0.0247,541.0,0.02471,4623.0
1753533174506,12:32:54.506,ARC/USDT:USDT,0.02468,4.0,0.02467,2563.0,0.0247,541.0,0.02471,4623.0
1753533174640,12:32:54.640,ARC/USDT:USDT,0.02468,4.0,0.02467,2563.0,0.0247,582.0,0.02471,4623.0
1753533174752,12:32:54.752,ARC/USDT:USDT,0.02468,4.0,0.02467,2563.0,0.0247,541.0,0.02471,4623.0
1753533174902,12:32:54.902,ARC/USDT:USDT,0.02468,4.0,0.02467,2563.0,0.0247,541.0,0.02471,4623.0
1753533175312,12:32:55.312,ARC/USDT:USDT,0.02468,45.0,0.02467,2563.0,0.0247,541.0,0.02471,4623.0
1753533175586,12:32:55.586,ARC/USDT:USDT,0.02468,4.0,0.02467,2563.0,0.0247,541.0,0.02471,4623.0
1753533175797,12:32:55.797,ARC/USDT:USDT,0.02468,4.0,0.02467,2563.0,0.0247,582.0,0.02471,4623.0
1753533175907,12:32:55.907,ARC/USDT:USDT,0.02468,4.0,0.02467,2563.0,0.0247,541.0,0.02471,4623.0
1753533176258,12:32:56.258,ARC/USDT:USDT,0.02468,4.0,0.02467,2563.0,0.0247,582.0,0.02471,4623.0
1753533177382,12:32:57.382,ARC/USDT:USDT,0.02468,4.0,0.02467,2563.0,0.0247,541.0,0.02471,4623.0
1753533177571,12:32:57.571,ARC/USDT:USDT,0.02468,45.0,0.02467,2563.0,0.0247,541.0,0.02471,4623.0
1753533177925,12:32:57.925,ARC/USDT:USDT,0.02468,86.0,0.02467,2563.0,0.0247,541.0,0.02471,4623.0
1753533179342,12:32:59.342,ARC/USDT:USDT,0.02468,4.0,0.02467,502.0,0.0247,582.0,0.02471,4623.0
1753533179483,12:32:59.483,ARC/USDT:USDT,0.02468,4.0,0.02467,502.0,0.0247,582.0,0.02471,4623.0
1753533179579,12:32:59.579,ARC/USDT:USDT,0.02468,4.0,0.02467,502.0,0.0247,582.0,0.02471,4623.0
1753533179605,12:32:59.605,ARC/USDT:USDT,0.02468,4.0,0.02467,502.0,0.0247,582.0,0.02471,4623.0
1753533179730,12:32:59.730,ARC/USDT:USDT,0.02468,4.0,0.02467,502.0,0.0247,582.0,0.02471,4623.0
1753533180183,12:33:00.183,ARC/USDT:USDT,0.02468,4.0,0.02467,502.0,0.0247,541.0,0.02471,4623.0
1753533180278,12:33:00.278,ARC/USDT:USDT,0.02468,4.0,0.02467,502.0,0.0247,582.0,0.02471,4623.0
1753533180342,12:33:00.342,ARC/USDT:USDT,0.02468,4.0,0.02467,502.0,0.0247,582.0,0.02471,4623.0
1753533180749,12:33:00.749,ARC/USDT:USDT,0.02468,4.0,0.02467,2.0,0.0247,2643.0,0.02471,4623.0
1753533180894,12:33:00.894,ARC/USDT:USDT,0.02467,6.0,0.02466,1574.0,0.0247,2643.0,0.02471,5983.0
1753533180959,12:33:00.959,ARC/USDT:USDT,0.02467,6.0,0.02466,1574.0,0.02469,565.0,0.0247,2602.0
1753533181069,12:33:01.069,ARC/USDT:USDT,0.02467,6.0,0.02466,1574.0,0.02469,4705.0,0.0247,2561.0
1753533181192,12:33:01.192,ARC/USDT:USDT,0.02467,6.0,0.02466,1574.0,0.02469,4705.0,0.0247,2561.0
1753533181251,12:33:01.251,ARC/USDT:USDT,0.02467,6.0,0.02466,1574.0,0.02469,4705.0,0.0247,2561.0
1753533181392,12:33:01.392,ARC/USDT:USDT,0.02467,6.0,0.02466,1574.0,0.02469,4623.0,0.0247,2561.0
1753533181498,12:33:01.498,ARC/USDT:USDT,0.02467,6.0,0.02466,1574.0,0.02469,4664.0,0.0247,2561.0
1753533181677,12:33:01.677,ARC/USDT:USDT,0.02467,6.0,0.02466,1574.0,0.02469,4664.0,0.0247,2561.0
1753533181761,12:33:01.761,ARC/USDT:USDT,0.02467,6.0,0.02466,1574.0,0.02469,4664.0,0.0247,2561.0
1753533181886,12:33:01.886,ARC/USDT:USDT,0.02467,6.0,0.02466,1574.0,0.02469,4664.0,0.0247,2561.0
1753533181995,12:33:01.995,ARC/USDT:USDT,0.02467,6.0,0.02466,1574.0,0.02469,4664.0,0.0247,2561.0
1753533182175,12:33:02.175,ARC/USDT:USDT,0.02467,6.0,0.02466,1574.0,0.02469,4664.0,0.0247,2561.0
1753533182227,12:33:02.227,ARC/USDT:USDT,0.02467,6.0,0.02466,1574.0,0.02469,4664.0,0.0247,2561.0
1753533182313,12:33:02.313,ARC/USDT:USDT,0.02467,6.0,0.02466,1574.0,0.02469,4664.0,0.0247,2561.0
1753533184396,12:33:04.396,ARC/USDT:USDT,0.02467,6.0,0.02466,1574.0,0.02469,4664.0,0.0247,2561.0
1753533184500,12:33:04.500,ARC/USDT:USDT,0.02467,6.0,0.02466,1574.0,0.02469,4623.0,0.0247,2561.0
1753533184601,12:33:04.601,ARC/USDT:USDT,0.02467,6.0,0.02466,1574.0,0.02469,4664.0,0.0247,2561.0
1753533184610,12:33:04.610,ARC/USDT:USDT,0.02467,6.0,0.02466,1574.0,0.02469,4664.0,0.0247,2561.0
1753533184788,12:33:04.788,ARC/USDT:USDT,0.02467,47.0,0.02466,1574.0,0.02469,4664.0,0.0247,2561.0
1753533184814,12:33:04.814,ARC/USDT:USDT,0.02467,6.0,0.02466,1574.0,0.02469,4664.0,0.0247,2561.0
1753533185892,12:33:05.892,ARC/USDT:USDT,0.02467,6.0,0.02466,1574.0,0.02469,4664.0,0.0247,2561.0
1753533186268,12:33:06.268,ARC/USDT:USDT,0.02467,6.0,0.02466,1574.0,0.02469,4664.0,0.0247,2561.0
1753533186486,12:33:06.486,ARC/USDT:USDT,0.02467,88.0,0.02466,1574.0,0.02469,500.0,0.0247,2561.0
1753533186600,12:33:06.600,ARC/USDT:USDT,0.02467,88.0,0.02466,1574.0,0.02469,500.0,0.0247,2561.0
1753533187688,12:33:07.688,ARC/USDT:USDT,0.02467,88.0,0.02466,1574.0,0.02469,500.0,0.0247,2561.0
1753533188784,12:33:08.784,ARC/USDT:USDT,0.02467,88.0,0.02466,1574.0,0.02469,500.0,0.0247,2561.0
1753533188888,12:33:08.888,ARC/USDT:USDT,0.02467,88.0,0.02466,1574.0,0.02469,500.0,0.0247,2561.0
1753533189594,12:33:09.594,ARC/USDT:USDT,0.02467,47.0,0.02466,1574.0,0.02469,541.0,0.0247,2561.0
1753533189635,12:33:09.635,ARC/USDT:USDT,0.02467,6.0,0.02466,1574.0,0.02469,541.0,0.0247,2561.0
1753533189724,12:33:09.724,ARC/USDT:USDT,0.02467,47.0,0.02466,1574.0,0.02469,541.0,0.0247,2561.0
1753533190802,12:33:10.802,ARC/USDT:USDT,0.02467,88.0,0.02466,1574.0,0.02469,500.0,0.0247,2561.0
1753533190894,12:33:10.894,ARC/USDT:USDT,0.02467,88.0,0.02466,1574.0,0.02469,500.0,0.0247,1732.0
1753533190952,12:33:10.952,ARC/USDT:USDT,0.02467,88.0,0.02466,1574.0,0.02469,500.0,0.0247,500.0
1753533191087,12:33:11.087,ARC/USDT:USDT,0.02467,588.0,0.02466,1702.0,0.0247,500.0,0.02471,4623.0
1753533191277,12:33:11.277,ARC/USDT:USDT,0.02467,584.0,0.02466,1702.0,0.02469,24.0,0.0247,500.0
1753533191501,12:33:11.501,ARC/USDT:USDT,0.02467,584.0,0.02466,1702.0,0.02469,24.0,0.0247,500.0
1753533191550,12:33:11.550,ARC/USDT:USDT,0.02467,584.0,0.02466,1702.0,0.02469,24.0,0.0247,500.0
1753533191622,12:33:11.622,ARC/USDT:USDT,0.02467,584.0,0.02466,1702.0,0.02469,24.0,0.0247,500.0
1753533191955,12:33:11.955,ARC/USDT:USDT,0.02467,543.0,0.02466,1574.0,0.02469,24.0,0.0247,500.0
1753533192376,12:33:12.376,ARC/USDT:USDT,0.02467,543.0,0.02466,1574.0,0.02469,24.0,0.0247,2561.0
1753533192407,12:33:12.407,ARC/USDT:USDT,0.02467,543.0,0.02466,1574.0,0.02469,24.0,0.0247,2561.0
1753533192509,12:33:12.509,ARC/USDT:USDT,0.02467,584.0,0.02466,1574.0,0.02469,24.0,0.0247,500.0
1753533192634,12:33:12.634,ARC/USDT:USDT,0.02467,584.0,0.02466,1574.0,0.02469,24.0,0.0247,500.0
1753533192789,12:33:12.789,ARC/USDT:USDT,0.02467,584.0,0.02466,1574.0,0.02469,24.0,0.0247,500.0
1753533193163,12:33:13.163,ARC/USDT:USDT,0.02467,584.0,0.02466,1574.0,0.02469,24.0,0.0247,500.0
1753533193234,12:33:13.234,ARC/USDT:USDT,0.02467,584.0,0.02466,1574.0,0.02469,24.0,0.0247,500.0
1753533197259,12:33:17.259,ARC/USDT:USDT,0.02467,584.0,0.02466,1702.0,0.02469,24.0,0.0247,500.0
1753533197320,12:33:17.320,ARC/USDT:USDT,0.02467,584.0,0.02466,1702.0,0.02469,24.0,0.0247,500.0
1753533200695,12:33:20.695,ARC/USDT:USDT,0.02467,584.0,0.02466,1702.0,0.02469,24.0,0.0247,500.0
1753533200766,12:33:20.766,ARC/USDT:USDT,0.02467,584.0,0.02466,1702.0,0.02469,24.0,0.0247,500.0
1753533200829,12:33:20.829,ARC/USDT:USDT,0.02467,584.0,0.02466,1702.0,0.02469,24.0,0.0247,500.0
1753533201233,12:33:21.233,ARC/USDT:USDT,0.02467,584.0,0.02466,1702.0,0.02469,24.0,0.0247,500.0
1753533201634,12:33:21.634,ARC/USDT:USDT,0.02467,584.0,0.02466,1702.0,0.02469,24.0,0.0247,500.0
1753533202150,12:33:22.150,ARC/USDT:USDT,0.02467,584.0,0.02466,1702.0,0.02469,24.0,0.0247,500.0
1753533202459,12:33:22.459,ARC/USDT:USDT,0.02467,584.0,0.02466,1702.0,0.02469,24.0,0.0247,500.0
1753533202867,12:33:22.867,ARC/USDT:USDT,0.02467,584.0,0.02466,1702.0,0.02469,24.0,0.0247,500.0
1753533202956,12:33:22.956,ARC/USDT:USDT,0.02467,584.0,0.02466,1702.0,0.02469,24.0,0.0247,500.0
1753533203279,12:33:23.279,ARC/USDT:USDT,0.02467,584.0,0.02466,1702.0,0.02469,24.0,0.0247,500.0
1753533203391,12:33:23.391,ARC/USDT:USDT,0.02467,584.0,0.02466,1702.0,0.02469,24.0,0.0247,500.0
1753533203603,12:33:23.603,ARC/USDT:USDT,0.02467,584.0,0.02466,1702.0,0.02469,65.0,0.0247,500.0
1753533203701,12:33:23.701,ARC/USDT:USDT,0.02467,584.0,0.02466,1702.0,0.02469,106.0,0.0247,500.0
1753533203887,12:33:23.887,ARC/USDT:USDT,0.02467,584.0,0.02466,1702.0,0.02469,106.0,0.0247,500.0
1753533204161,12:33:24.161,ARC/USDT:USDT,0.02467,584.0,0.02466,1702.0,0.02469,106.0,0.0247,500.0
1753533205595,12:33:25.595,ARC/USDT:USDT,0.02467,584.0,0.02466,1702.0,0.02469,65.0,0.0247,500.0
1753533205611,12:33:25.611,ARC/USDT:USDT,0.02467,584.0,0.02466,1702.0,0.02469,41.0,0.0247,500.0
1753533206077,12:33:26.077,ARC/USDT:USDT,0.02467,584.0,0.02466,1702.0,0.0247,500.0,0.02471,4623.0
1753533206116,12:33:26.116,ARC/USDT:USDT,0.02468,4.0,0.02467,543.0,0.02469,24.0,0.0247,582.0
1753533206739,12:33:26.739,ARC/USDT:USDT,0.02468,4.0,0.02467,543.0,0.02469,24.0,0.0247,582.0
1753533207370,12:33:27.370,ARC/USDT:USDT,0.02468,45.0,0.02467,2645.0,0.02469,24.0,0.0247,500.0
1753533207573,12:33:27.573,ARC/USDT:USDT,0.02468,586.0,0.02467,2645.0,0.0247,500.0,0.02471,4623.0
1753533207756,12:33:27.756,ARC/USDT:USDT,0.02468,591.0,0.02467,2645.0,0.0247,500.0,0.02471,4623.0
1753533207994,12:33:27.994,ARC/USDT:USDT,0.02468,541.0,0.02467,2645.0,0.0247,500.0,0.02471,4623.0
1753533208141,12:33:28.141,ARC/USDT:USDT,0.02468,541.0,0.02467,2645.0,0.0247,500.0,0.02471,4623.0
1753533208207,12:33:28.207,ARC/USDT:USDT,0.02468,541.0,0.02467,2645.0,0.0247,541.0,0.02471,4623.0
1753533208558,12:33:28.558,ARC/USDT:USDT,0.02468,582.0,0.02467,2645.0,0.0247,500.0,0.02471,4623.0
1753533209676,12:33:29.676,ARC/USDT:USDT,0.02468,582.0,0.02467,2645.0,0.0247,500.0,0.02471,4623.0
1753533209904,12:33:29.904,ARC/USDT:USDT,0.02468,582.0,0.02467,2645.0,0.0247,541.0,0.02471,4623.0
1753533211308,12:33:31.308,ARC/USDT:USDT,0.02468,541.0,0.02467,2645.0,0.0247,582.0,0.02471,4623.0
1753533211762,12:33:31.762,ARC/USDT:USDT,0.02468,541.0,0.02467,2645.0,0.0247,582.0,0.02471,4623.0
1753533213643,12:33:33.643,ARC/USDT:USDT,0.02468,541.0,0.02467,2645.0,0.0247,582.0,0.02471,4623.0
1753533213798,12:33:33.798,ARC/USDT:USDT,0.02468,582.0,0.02467,2645.0,0.0247,582.0,0.02471,4623.0
1753533216386,12:33:36.386,ARC/USDT:USDT,0.02468,541.0,0.02467,2645.0,0.0247,582.0,0.02471,4623.0
1753533216500,12:33:36.500,ARC/USDT:USDT,0.02467,2563.0,0.02466,1702.0,0.0247,582.0,0.02471,4623.0
1753533216593,12:33:36.593,ARC/USDT:USDT,0.02468,26.0,0.02467,2563.0,0.02469,42.0,0.0247,541.0
1753533216642,12:33:36.642,ARC/USDT:USDT,0.02468,26.0,0.02467,2563.0,0.02469,83.0,0.0247,1732.0
1753533216735,12:33:36.735,ARC/USDT:USDT,0.02468,26.0,0.02467,502.0,0.02469,83.0,0.0247,1732.0
1753533217307,12:33:37.307,ARC/USDT:USDT,0.02468,26.0,0.02467,502.0,0.02469,83.0,0.0247,1732.0
1753533217790,12:33:37.790,ARC/USDT:USDT,0.02468,26.0,0.02467,502.0,0.02469,83.0,0.0247,3793.0
1753533217829,12:33:37.829,ARC/USDT:USDT,0.02468,26.0,0.02467,502.0,0.02469,83.0,0.0247,3793.0
1753533217950,12:33:37.950,ARC/USDT:USDT,0.02468,26.0,0.02467,2.0,0.02469,83.0,0.0247,3793.0
1753533218031,12:33:38.031,ARC/USDT:USDT,0.02467,28.0,0.02466,1574.0,0.02469,83.0,0.0247,3793.0
1753533218123,12:33:38.123,ARC/USDT:USDT,0.02467,28.0,0.02466,1574.0,0.02469,82.0,0.0247,3793.0
1753533218551,12:33:38.551,ARC/USDT:USDT,0.02467,28.0,0.02466,1574.0,0.02469,82.0,0.0247,3793.0
1753533218742,12:33:38.742,ARC/USDT:USDT,0.02467,28.0,0.02466,1574.0,0.02469,582.0,0.0247,3793.0
1753533219372,12:33:39.372,ARC/USDT:USDT,0.02467,28.0,0.02466,1574.0,0.02469,582.0,0.0247,3793.0
1753533219881,12:33:39.881,ARC/USDT:USDT,0.02467,28.0,0.02466,1574.0,0.02469,582.0,0.0247,3793.0
1753533221172,12:33:41.172,ARC/USDT:USDT,0.02467,28.0,0.02466,1574.0,0.02469,582.0,0.0247,2561.0
1753533221975,12:33:41.975,ARC/USDT:USDT,0.02467,28.0,0.02466,1574.0,0.02469,582.0,0.0247,2561.0
1753533222415,12:33:42.415,ARC/USDT:USDT,0.02467,28.0,0.02466,1574.0,0.02469,582.0,0.0247,2561.0
1753533224179,12:33:44.179,ARC/USDT:USDT,0.02467,28.0,0.02466,1574.0,0.02469,582.0,0.0247,2561.0
1753533226654,12:33:46.654,ARC/USDT:USDT,0.02467,28.0,0.02466,1574.0,0.02469,582.0,0.0247,2561.0
1753533228780,12:33:48.780,ARC/USDT:USDT,0.02467,110.0,0.02466,1574.0,0.02469,541.0,0.0247,2561.0
1753533228889,12:33:48.889,ARC/USDT:USDT,0.02467,2.0,0.02466,1574.0,0.02469,582.0,0.0247,2561.0
1753533228932,12:33:48.932,ARC/USDT:USDT,0.02467,110.0,0.02466,1574.0,0.02469,500.0,0.0247,500.0
1753533229102,12:33:49.102,ARC/USDT:USDT,0.02467,84.0,0.02466,1574.0,0.02469,500.0,0.0247,500.0
1753533229619,12:33:49.619,ARC/USDT:USDT,0.02467,84.0,0.02466,1574.0,0.0247,500.0,0.02471,4623.0
1753533229713,12:33:49.713,ARC/USDT:USDT,0.02468,26.0,0.02467,43.0,0.02469,1.0,0.0247,582.0
1753533230057,12:33:50.057,ARC/USDT:USDT,0.02468,26.0,0.02467,43.0,0.02469,1.0,0.0247,582.0
1753533230975,12:33:50.975,ARC/USDT:USDT,0.02468,26.0,0.02467,2.0,0.02469,83.0,0.0247,2561.0
1753533231012,12:33:51.012,ARC/USDT:USDT,0.02467,28.0,0.02466,1574.0,0.02469,83.0,0.0247,2561.0
1753533231146,12:33:51.146,ARC/USDT:USDT,0.02467,28.0,0.02466,1574.0,0.0247,500.0,0.02471,4623.0
1753533231299,12:33:51.299,ARC/USDT:USDT,0.02467,28.0,0.02466,1574.0,0.02469,83.0,0.0247,2561.0
1753533231320,12:33:51.320,ARC/USDT:USDT,0.02467,28.0,0.02466,1574.0,0.02469,82.0,0.0247,2561.0
1753533231484,12:33:51.484,ARC/USDT:USDT,0.02467,28.0,0.02466,1574.0,0.02469,82.0,0.0247,500.0
1753533231597,12:33:51.597,ARC/USDT:USDT,0.02467,28.0,0.02466,1574.0,0.02469,582.0,0.0247,500.0
1753533231606,12:33:51.606,ARC/USDT:USDT,0.02467,28.0,0.02466,1574.0,0.02469,582.0,0.0247,2561.0
1753533232758,12:33:52.758,ARC/USDT:USDT,0.02467,28.0,0.02466,1574.0,0.02469,582.0,0.0247,2561.0
1753533233100,12:33:53.100,ARC/USDT:USDT,0.02467,28.0,0.02466,1574.0,0.02469,582.0,0.0247,2561.0
1753533236546,12:33:56.546,ARC/USDT:USDT,0.02467,28.0,0.02465,3581.0,0.02469,4705.0,0.0247,2561.0
1753533236613,12:33:56.613,ARC/USDT:USDT,0.02467,2.0,0.02466,26.0,0.02469,4705.0,0.0247,2561.0
1753533236724,12:33:56.724,ARC/USDT:USDT,0.02467,2.0,0.02466,26.0,0.02469,4705.0,0.0247,2561.0
1753533238896,12:33:58.896,ARC/USDT:USDT,0.02467,84.0,0.02466,1100.0,0.02469,500.0,0.0247,500.0
1753533238911,12:33:58.911,ARC/USDT:USDT,0.02467,84.0,0.02466,1074.0,0.02469,500.0,0.0247,2561.0
1753533239201,12:33:59.201,ARC/USDT:USDT,0.02467,43.0,0.02466,1074.0,0.02469,500.0,0.0247,2561.0
1753533239239,12:33:59.239,ARC/USDT:USDT,0.02467,84.0,0.02466,1074.0,0.02469,500.0,0.0247,2561.0
1753533239319,12:33:59.319,ARC/USDT:USDT,0.02467,84.0,0.02466,1074.0,0.02469,541.0,0.0247,2561.0
1753533239500,12:33:59.500,ARC/USDT:USDT,0.02467,84.0,0.02466,1074.0,0.02469,500.0,0.0247,2561.0
1753533239665,12:33:59.665,ARC/USDT:USDT,0.02467,84.0,0.02466,1074.0,0.02469,500.0,0.0247,2561.0
1753533239745,12:33:59.745,ARC/USDT:USDT,0.02467,84.0,0.02466,1074.0,0.02469,500.0,0.0247,2561.0
1753533240266,12:34:00.266,ARC/USDT:USDT,0.02467,2.0,0.02466,1074.0,0.02469,541.0,0.0247,2561.0
1753533240381,12:34:00.381,ARC/USDT:USDT,0.02467,69.0,0.02466,1074.0,0.02469,582.0,0.0247,500.0
1753533240462,12:34:00.462,ARC/USDT:USDT,0.02467,43.0,0.02466,1074.0,0.02469,582.0,0.0247,2561.0
1753533240641,12:34:00.641,ARC/USDT:USDT,0.02467,84.0,0.02466,1074.0,0.02469,500.0,0.0247,500.0
1753533241487,12:34:01.487,ARC/USDT:USDT,0.02467,43.0,0.02466,1074.0,0.0247,500.0,0.02471,4623.0
1753533241513,12:34:01.513,ARC/USDT:USDT,0.02468,26.0,0.02467,2.0,0.02469,1.0,0.0247,582.0
1753533241621,12:34:01.621,ARC/USDT:USDT,0.02467,110.0,0.02466,1074.0,0.02469,1.0,0.0247,582.0
1753533241710,12:34:01.710,ARC/USDT:USDT,0.02467,84.0,0.02466,1074.0,0.02469,1.0,0.0247,582.0
1753533241966,12:34:01.966,ARC/USDT:USDT,0.02467,84.0,0.02466,1074.0,0.02469,1.0,0.0247,582.0
1753533243981,12:34:03.981,ARC/USDT:USDT,0.02467,84.0,0.02466,1074.0,0.02469,1.0,0.0247,500.0
1753533244133,12:34:04.133,ARC/USDT:USDT,0.02467,84.0,0.02466,1074.0,0.02469,1.0,0.0247,500.0
1753533244392,12:34:04.392,ARC/USDT:USDT,0.02467,84.0,0.02466,1074.0,0.02469,1.0,0.0247,500.0
1753533244453,12:34:04.453,ARC/USDT:USDT,0.02467,584.0,0.02466,1074.0,0.02469,1.0,0.0247,500.0
1753533246426,12:34:06.426,ARC/USDT:USDT,0.02467,543.0,0.02466,1074.0,0.02469,1.0,0.0247,500.0
1753533246762,12:34:06.762,ARC/USDT:USDT,0.02467,502.0,0.02466,1074.0,0.02469,1.0,0.0247,500.0
1753533246806,12:34:06.806,ARC/USDT:USDT,0.02467,543.0,0.02466,1074.0,0.02469,1.0,0.0247,500.0
1753533247086,12:34:07.086,ARC/USDT:USDT,0.02467,584.0,0.02466,1074.0,0.02469,1.0,0.0247,500.0
1753533247472,12:34:07.472,ARC/USDT:USDT,0.02467,584.0,0.02466,1074.0,0.02469,1.0,0.0247,500.0
1753533250006,12:34:10.006,ARC/USDT:USDT,0.02467,543.0,0.02466,1074.0,0.02469,1.0,0.0247,500.0
1753533250328,12:34:10.328,ARC/USDT:USDT,0.02467,584.0,0.02466,1074.0,0.02469,1.0,0.0247,500.0
1753533252102,12:34:12.102,ARC/USDT:USDT,0.02467,2.0,0.02466,1074.0,0.02469,83.0,0.0247,2561.0
1753533252189,12:34:12.189,ARC/USDT:USDT,0.02467,28.0,0.02465,3581.0,0.02469,4205.0,0.0247,2561.0
1753533252223,12:34:12.223,ARC/USDT:USDT,0.02467,2.0,0.02466,26.0,0.02469,4205.0,0.0247,2561.0
1753533252677,12:34:12.677,ARC/USDT:USDT,0.02467,2.0,0.02466,26.0,0.02469,4205.0,0.0247,2561.0
1753533252801,12:34:12.801,ARC/USDT:USDT,0.02467,2.0,0.02466,26.0,0.0247,500.0,0.02471,5970.0
1753533252849,12:34:12.849,ARC/USDT:USDT,0.02467,2.0,0.02466,26.0,0.02469,583.0,0.0247,500.0
1753533252923,12:34:12.923,ARC/USDT:USDT,0.02467,84.0,0.02466,26.0,0.02469,541.0,0.0247,500.0
1753533253010,12:34:13.010,ARC/USDT:USDT,0.02467,84.0,0.02465,5142.0,0.02469,500.0,0.0247,500.0
1753533253166,12:34:13.166,ARC/USDT:USDT,0.02467,2.0,0.02466,1109.0,0.02469,582.0,0.0247,2561.0
1753533253246,12:34:13.246,ARC/USDT:USDT,0.02467,28.0,0.02466,1109.0,0.02469,4705.0,0.0247,2561.0
1753533256186,12:34:16.186,ARC/USDT:USDT,0.02467,28.0,0.02466,1109.0,0.02469,4705.0,0.0247,2561.0
1753533256381,12:34:16.381,ARC/USDT:USDT,0.02467,28.0,0.02466,1109.0,0.02469,541.0,0.0247,2561.0
1753533256469,12:34:16.469,ARC/USDT:USDT,0.02467,28.0,0.02466,1109.0,0.02469,582.0,0.0247,2561.0
1753533257045,12:34:17.045,ARC/USDT:USDT,0.02467,110.0,0.02466,1109.0,0.02469,500.0,0.0247,500.0
1753533257111,12:34:17.111,ARC/USDT:USDT,0.02467,84.0,0.02466,1109.0,0.02469,500.0,0.0247,500.0
1753533257226,12:34:17.226,ARC/USDT:USDT,0.02467,84.0,0.02466,1109.0,0.02469,500.0,0.0247,2561.0
1753533257345,12:34:17.345,ARC/USDT:USDT,0.02467,43.0,0.02466,1109.0,0.02469,500.0,0.0247,500.0
1753533257448,12:34:17.448,ARC/USDT:USDT,0.02467,84.0,0.02466,1109.0,0.02469,500.0,0.0247,500.0
1753533257567,12:34:17.567,ARC/USDT:USDT,0.02467,84.0,0.02466,1109.0,0.02469,500.0,0.0247,500.0
1753533257684,12:34:17.684,ARC/USDT:USDT,0.02467,84.0,0.02466,1109.0,0.02469,500.0,0.0247,500.0
1753533257947,12:34:17.947,ARC/USDT:USDT,0.02467,84.0,0.02466,1109.0,0.02469,500.0,0.0247,500.0
1753533258047,12:34:18.047,ARC/USDT:USDT,0.02467,84.0,0.02466,1109.0,0.02469,500.0,0.0247,500.0
1753533258190,12:34:18.190,ARC/USDT:USDT,0.02467,84.0,0.02466,1109.0,0.0247,500.0,0.02471,4623.0
1753533258301,12:34:18.301,ARC/USDT:USDT,0.02468,108.0,0.02467,502.0,0.02469,1.0,0.0247,500.0
1753533258345,12:34:18.345,ARC/USDT:USDT,0.02468,26.0,0.02467,502.0,0.02469,1.0,0.0247,500.0
1753533258540,12:34:18.540,ARC/USDT:USDT,0.02468,26.0,0.02467,502.0,0.02469,1.0,0.0247,500.0
1753533260911,12:34:20.911,ARC/USDT:USDT,0.02468,26.0,0.02467,502.0,0.02469,1.0,0.0247,500.0
1753533261626,12:34:21.626,ARC/USDT:USDT,0.02468,26.0,0.02467,502.0,0.02469,1.0,0.0247,2561.0
1753533262200,12:34:22.200,ARC/USDT:USDT,0.02468,26.0,0.02467,502.0,0.02469,1.0,0.0247,500.0
1753533263921,12:34:23.921,ARC/USDT:USDT,0.02468,26.0,0.02467,502.0,0.02469,1.0,0.0247,2561.0
1753533265688,12:34:25.688,ARC/USDT:USDT,0.02468,26.0,0.02467,502.0,0.02469,1.0,0.0247,2561.0
1753533265722,12:34:25.722,ARC/USDT:USDT,0.02468,15.0,0.02467,502.0,0.0247,2643.0,0.02471,4623.0
1753533266166,12:34:26.166,ARC/USDT:USDT,0.02468,15.0,0.02467,502.0,0.0247,582.0,0.02471,4623.0
1753533266949,12:34:26.949,ARC/USDT:USDT,0.02468,15.0,0.02467,502.0,0.0247,582.0,0.02471,4623.0
1753533267174,12:34:27.174,ARC/USDT:USDT,0.02468,15.0,0.02467,502.0,0.0247,2643.0,0.02471,4623.0
1753533267366,12:34:27.366,ARC/USDT:USDT,0.02468,15.0,0.02467,502.0,0.0247,2643.0,0.02471,4623.0
1753533267626,12:34:27.626,ARC/USDT:USDT,0.02468,15.0,0.02467,502.0,0.0247,2643.0,0.02471,4623.0
1753533268363,12:34:28.363,ARC/USDT:USDT,0.02468,15.0,0.02467,502.0,0.02469,4205.0,0.0247,3793.0
1753533268458,12:34:28.458,ARC/USDT:USDT,0.02468,15.0,0.02467,2.0,0.02469,4205.0,0.0247,3793.0
1753533268584,12:34:28.584,ARC/USDT:USDT,0.02467,10.0,0.02466,1109.0,0.02469,4205.0,0.0247,3793.0
1753533268904,12:34:28.904,ARC/USDT:USDT,0.02467,10.0,0.02465,2561.0,0.02469,5437.0,0.0247,2676.0
1753533268997,12:34:28.997,ARC/USDT:USDT,0.02467,10.0,0.02465,500.0,0.02468,1572.0,0.02469,4205.0
1753533269174,12:34:29.174,ARC/USDT:USDT,0.02467,10.0,0.02465,500.0,0.02468,1572.0,0.02469,4205.0
1753533269238,12:34:29.238,ARC/USDT:USDT,0.02467,2.0,0.02466,8.0,0.02468,1572.0,0.02469,4205.0
1753533269754,12:34:29.754,ARC/USDT:USDT,0.02467,2.0,0.02466,8.0,0.02468,1572.0,0.02469,4205.0
1753533269816,12:34:29.816,ARC/USDT:USDT,0.02467,2.0,0.02466,8.0,0.02468,1572.0,0.02469,4205.0
1753533270680,12:34:30.680,ARC/USDT:USDT,0.02467,2.0,0.02466,8.0,0.02468,1572.0,0.02469,4205.0
1753533275856,12:34:35.856,ARC/USDT:USDT,0.02467,2.0,0.02466,8.0,0.02468,1572.0,0.02469,4205.0
1753533275908,12:34:35.908,ARC/USDT:USDT,0.02467,2.0,0.02466,8.0,0.02468,1572.0,0.02469,4205.0
1753533278437,12:34:38.437,ARC/USDT:USDT,0.02467,2.0,0.02466,8.0,0.02468,1572.0,0.02469,4205.0
1753533278700,12:34:38.700,ARC/USDT:USDT,0.02467,2.0,0.02466,8.0,0.02468,1572.0,0.02469,4205.0
1753533279363,12:34:39.363,ARC/USDT:USDT,0.02467,2.0,0.02466,8.0,0.02468,1572.0,0.02469,4205.0
1753533279471,12:34:39.471,ARC/USDT:USDT,0.02467,2.0,0.02466,8.0,0.02468,1572.0,0.02469,4205.0
1753533280871,12:34:40.871,ARC/USDT:USDT,0.02467,2.0,0.02466,8.0,0.02468,3633.0,0.02469,4205.0
1753533280952,12:34:40.952,ARC/USDT:USDT,0.02467,2.0,0.02465,8.0,0.02468,3633.0,0.02469,4320.0
1753533281074,12:34:41.074,ARC/USDT:USDT,0.02467,2.0,0.02465,8.0,0.02468,3633.0,0.02469,4820.0
1753533281458,12:34:41.458,ARC/USDT:USDT,0.02467,2.0,0.02465,8.0,0.02468,3633.0,0.02469,4820.0
1753533281621,12:34:41.621,ARC/USDT:USDT,0.02467,2.0,0.02465,8.0,0.02468,3592.0,0.02469,4820.0
1753533281727,12:34:41.727,ARC/USDT:USDT,0.02467,2.0,0.02465,8.0,0.02468,3592.0,0.02469,4820.0
1753533281967,12:34:41.967,ARC/USDT:USDT,0.02467,2.0,0.02465,8.0,0.02468,3633.0,0.02469,4820.0
1753533282250,12:34:42.250,ARC/USDT:USDT,0.02467,2.0,0.02465,8.0,0.02468,3633.0,0.02469,4820.0
1753533282892,12:34:42.892,ARC/USDT:USDT,0.02465,8.0,0.02464,1426.0,0.02467,5814.0,0.02468,3592.0
1753533282997,12:34:42.997,ARC/USDT:USDT,0.02465,8.0,0.02464,1426.0,0.02467,16579.0,0.02468,3592.0
1753533283096,12:34:43.096,ARC/USDT:USDT,0.02465,8.0,0.02464,1426.0,0.02467,16579.0,0.02468,3592.0
1753533283181,12:34:43.181,ARC/USDT:USDT,0.02465,8.0,0.02464,1426.0,0.02467,20961.0,0.02468,3592.0
1753533283698,12:34:43.698,ARC/USDT:USDT,0.02465,8.0,0.02464,1426.0,0.02467,25343.0,0.02468,3592.0
1753533283713,12:34:43.713,ARC/USDT:USDT,0.02465,8.0,0.02464,1426.0,0.02467,21355.0,0.02468,3592.0
1753533284027,12:34:44.027,ARC/USDT:USDT,0.02465,8.0,0.02464,1426.0,0.02467,21355.0,0.02468,3592.0
1753533285053,12:34:45.053,ARC/USDT:USDT,0.02465,8.0,0.02464,1426.0,0.02467,21355.0,0.02468,3592.0
1753533285303,12:34:45.303,ARC/USDT:USDT,0.02465,49.0,0.02463,3200.0,0.02467,21396.0,0.02468,3551.0
1753533285365,12:34:45.365,ARC/USDT:USDT,0.02464,8.0,0.02463,1024.0,0.02467,21396.0,0.02468,3551.0
1753533285490,12:34:45.490,ARC/USDT:USDT,0.02464,8.0,0.02463,1024.0,0.02467,21396.0,0.02468,3551.0
1753533285514,12:34:45.514,ARC/USDT:USDT,0.02464,8.0,0.02463,1024.0,0.02467,21396.0,0.02468,3551.0
1753533286266,12:34:46.266,ARC/USDT:USDT,0.02464,8.0,0.02463,1024.0,0.02467,20602.0,0.02468,3551.0
1753533286359,12:34:46.359,ARC/USDT:USDT,0.02464,8.0,0.02463,1024.0,0.02467,20602.0,0.02468,3551.0
1753533286621,12:34:46.621,ARC/USDT:USDT,0.02464,8.0,0.02463,1024.0,0.02467,19411.0,0.02468,3551.0
1753533287408,12:34:47.408,ARC/USDT:USDT,0.02464,8.0,0.02463,3085.0,0.02467,19370.0,0.02468,3551.0
1753533289067,12:34:49.067,ARC/USDT:USDT,0.02464,934.0,0.02463,3085.0,0.02467,19370.0,0.02468,3551.0
1753533289562,12:34:49.562,ARC/USDT:USDT,0.02464,934.0,0.02463,3085.0,0.02467,13387.0,0.02468,3551.0
1753533290027,12:34:50.027,ARC/USDT:USDT,0.02464,934.0,0.02463,3085.0,0.02467,4623.0,0.02468,3551.0
1753533291527,12:34:51.527,ARC/USDT:USDT,0.02464,8.0,0.02463,3085.0,0.02467,4623.0,0.02468,3551.0
1753533291800,12:34:51.800,ARC/USDT:USDT,0.02464,8.0,0.02463,3085.0,0.02467,4623.0,0.02468,3551.0
1753533291903,12:34:51.903,ARC/USDT:USDT,0.02464,49.0,0.02463,3085.0,0.02466,2061.0,0.02467,4623.0
1753533291972,12:34:51.972,ARC/USDT:USDT,0.02464,49.0,0.02463,3085.0,0.02467,4623.0,0.02468,3551.0
1753533292028,12:34:52.028,ARC/USDT:USDT,0.02464,49.0,0.02463,3085.0,0.02466,2061.0,0.02467,4623.0
1753533292171,12:34:52.171,ARC/USDT:USDT,0.02464,49.0,0.02463,3085.0,0.02466,2061.0,0.02467,4623.0
1753533292299,12:34:52.299,ARC/USDT:USDT,0.02464,90.0,0.02463,3085.0,0.02466,2061.0,0.02467,4623.0
1753533292756,12:34:52.756,ARC/USDT:USDT,0.02464,90.0,0.02463,3085.0,0.02466,2061.0,0.02467,4623.0
1753533292826,12:34:52.826,ARC/USDT:USDT,0.02464,90.0,0.02463,3085.0,0.02466,2061.0,0.02467,4623.0
1753533293167,12:34:53.167,ARC/USDT:USDT,0.02464,90.0,0.02463,3085.0,0.02466,2061.0,0.02467,4623.0
1753533293580,12:34:53.580,ARC/USDT:USDT,0.02464,1016.0,0.02463,3085.0,0.02467,4623.0,0.02468,3551.0
1753533293750,12:34:53.750,ARC/USDT:USDT,0.02464,1016.0,0.02463,3200.0,0.02467,4623.0,0.02468,3551.0
1753533293995,12:34:53.995,ARC/USDT:USDT,0.02464,1016.0,0.02463,3200.0,0.02467,4623.0,0.02468,3551.0
1753533294276,12:34:54.276,ARC/USDT:USDT,0.02464,1098.0,0.02463,3282.0,0.02467,500.0,0.02468,3551.0
1753533294386,12:34:54.386,ARC/USDT:USDT,0.02464,1098.0,0.02463,4875.0,0.02467,500.0,0.02468,3551.0
1753533294487,12:34:54.487,ARC/USDT:USDT,0.02464,1098.0,0.02463,4875.0,0.02467,500.0,0.02468,3551.0
1753533294567,12:34:54.567,ARC/USDT:USDT,0.02464,1098.0,0.02463,3282.0,0.02467,4623.0,0.02468,4796.0
1753533294662,12:34:54.662,ARC/USDT:USDT,0.02464,1098.0,0.02463,3282.0,0.02467,4623.0,0.02468,4796.0
1753533294903,12:34:54.903,ARC/USDT:USDT,0.02464,1598.0,0.02463,3282.0,0.02467,500.0,0.02468,4796.0
1753533294984,12:34:54.984,ARC/USDT:USDT,0.02465,1096.0,0.02464,1516.0,0.02467,500.0,0.02468,3806.0
1753533295010,12:34:55.010,ARC/USDT:USDT,0.02465,1096.0,0.02464,1508.0,0.02467,500.0,0.02468,3806.0
1753533295163,12:34:55.163,ARC/USDT:USDT,0.02465,1096.0,0.02464,1623.0,0.02467,500.0,0.02468,3806.0
1753533295212,12:34:55.212,ARC/USDT:USDT,0.02465,1096.0,0.02464,1623.0,0.02467,500.0,0.02468,3806.0
1753533296021,12:34:56.021,ARC/USDT:USDT,0.02465,1096.0,0.02464,1623.0,0.02467,500.0,0.02468,3806.0
1753533296443,12:34:56.443,ARC/USDT:USDT,0.02465,1096.0,0.02464,1623.0,0.02467,500.0,0.02468,3806.0
1753533297187,12:34:57.187,ARC/USDT:USDT,0.02465,1055.0,0.02464,1426.0,0.02467,4623.0,0.02468,3806.0
1753533297362,12:34:57.362,ARC/USDT:USDT,0.02465,1096.0,0.02464,1426.0,0.02467,4623.0,0.02468,3806.0
1753533297571,12:34:57.571,ARC/USDT:USDT,0.02465,1096.0,0.02464,1426.0,0.02467,500.0,0.02468,3806.0
1753533297946,12:34:57.946,ARC/USDT:USDT,0.02465,1096.0,0.02464,1426.0,0.02467,500.0,0.02468,3806.0
1753533299687,12:34:59.687,ARC/USDT:USDT,0.02465,1096.0,0.02464,1426.0,0.02467,500.0,0.02468,3806.0
1753533300299,12:35:00.299,ARC/USDT:USDT,0.02465,41.0,0.02464,1426.0,0.02467,500.0,0.02468,3806.0
1753533300349,12:35:00.349,ARC/USDT:USDT,0.02465,88.0,0.02464,1426.0,0.02467,500.0,0.02468,3806.0
1753533300419,12:35:00.419,ARC/USDT:USDT,0.02465,88.0,0.02464,1426.0,0.02467,1745.0,0.02468,2561.0
1753533300505,12:35:00.505,ARC/USDT:USDT,0.02465,88.0,0.02464,1426.0,0.02467,1745.0,0.02468,2561.0
1753533300793,12:35:00.793,ARC/USDT:USDT,0.02465,48.0,0.02464,1426.0,0.02466,1245.0,0.02467,500.0
1753533300869,12:35:00.869,ARC/USDT:USDT,0.02465,48.0,0.02464,1426.0,0.02466,1245.0,0.02467,500.0
1753533301567,12:35:01.567,ARC/USDT:USDT,0.02465,8.0,0.02464,1426.0,0.02466,1245.0,0.02467,4623.0
1753533301810,12:35:01.810,ARC/USDT:USDT,0.02465,48.0,0.02464,1426.0,0.02466,1245.0,0.02467,4623.0
1753533302087,12:35:02.087,ARC/USDT:USDT,0.02465,48.0,0.02464,1426.0,0.02466,1245.0,0.02467,4623.0
1753533302186,12:35:02.186,ARC/USDT:USDT,0.02465,48.0,0.02464,1426.0,0.02466,1245.0,0.02467,4623.0
1753533302301,12:35:02.301,ARC/USDT:USDT,0.02465,88.0,0.02464,1426.0,0.02467,500.0,0.02468,2561.0
1753533302325,12:35:02.325,ARC/USDT:USDT,0.02465,88.0,0.02464,1426.0,0.02467,500.0,0.02468,2561.0
1753533302502,12:35:02.502,ARC/USDT:USDT,0.02465,88.0,0.02464,1426.0,0.02467,500.0,0.02468,2561.0
1753533302873,12:35:02.873,ARC/USDT:USDT,0.02465,88.0,0.02464,1426.0,0.02467,1545.0,0.02468,2561.0
1753533302915,12:35:02.915,ARC/USDT:USDT,0.02465,88.0,0.02464,1426.0,0.02467,1545.0,0.02468,2561.0
1753533303483,12:35:03.483,ARC/USDT:USDT,0.02465,88.0,0.02464,1426.0,0.02467,1545.0,0.02468,2561.0
1753533303718,12:35:03.718,ARC/USDT:USDT,0.02465,88.0,0.02464,1426.0,0.02467,500.0,0.02468,2561.0
1753533304773,12:35:04.773,ARC/USDT:USDT,0.02465,588.0,0.02464,1426.0,0.02467,500.0,0.02468,2561.0
1753533304810,12:35:04.810,ARC/USDT:USDT,0.02465,580.0,0.02464,1426.0,0.02467,500.0,0.02468,2561.0
1753533305487,12:35:05.487,ARC/USDT:USDT,0.02465,580.0,0.02464,1426.0,0.02467,500.0,0.02468,2561.0
1753533305945,12:35:05.945,ARC/USDT:USDT,0.02465,580.0,0.02464,1426.0,0.02467,500.0,0.02468,2561.0
1753533306564,12:35:06.564,ARC/USDT:USDT,0.02465,580.0,0.02464,1426.0,0.02467,500.0,0.02468,2561.0
1753533307329,12:35:07.329,ARC/USDT:USDT,0.02465,580.0,0.02464,1426.0,0.02467,500.0,0.02468,2561.0
1753533308388,12:35:08.388,ARC/USDT:USDT,0.02465,580.0,0.02464,1426.0,0.02467,1545.0,0.02468,2561.0
1753533308407,12:35:08.407,ARC/USDT:USDT,0.02465,580.0,0.02464,1426.0,0.02467,500.0,0.02468,3606.0
1753533308966,12:35:08.966,ARC/USDT:USDT,0.02465,580.0,0.02464,1426.0,0.02467,500.0,0.02468,3606.0
1753533309028,12:35:09.028,ARC/USDT:USDT,0.02465,580.0,0.02464,1541.0,0.02467,500.0,0.02468,2561.0
1753533309108,12:35:09.108,ARC/USDT:USDT,0.02465,580.0,0.02464,1541.0,0.02467,1545.0,0.02468,2561.0
1753533309359,12:35:09.359,ARC/USDT:USDT,0.02465,580.0,0.02464,1426.0,0.02467,500.0,0.02468,3606.0
1753533309642,12:35:09.642,ARC/USDT:USDT,0.02465,580.0,0.02464,1426.0,0.02467,500.0,0.02468,3606.0
1753533309716,12:35:09.716,ARC/USDT:USDT,0.02465,580.0,0.02464,1426.0,0.02467,500.0,0.02468,3606.0
1753533311325,12:35:11.325,ARC/USDT:USDT,0.02465,580.0,0.02464,1426.0,0.02467,1545.0,0.02468,2561.0
1753533311634,12:35:11.634,ARC/USDT:USDT,0.02465,580.0,0.02464,1426.0,0.02467,500.0,0.02468,2561.0
1753533311719,12:35:11.719,ARC/USDT:USDT,0.02465,580.0,0.02464,1426.0,0.02467,500.0,0.02468,2561.0
1753533312293,12:35:12.293,ARC/USDT:USDT,0.02465,580.0,0.02464,1426.0,0.02467,500.0,0.02468,2561.0
1753533312314,12:35:12.314,ARC/USDT:USDT,0.02465,580.0,0.02464,1426.0,0.02467,1545.0,0.02468,2561.0
1753533312425,12:35:12.425,ARC/USDT:USDT,0.02465,580.0,0.02464,1426.0,0.02467,1545.0,0.02468,2561.0
1753533313004,12:35:13.004,ARC/USDT:USDT,0.02464,1426.0,0.02463,3232.0,0.02467,5708.0,0.02468,2561.0
1753533313025,12:35:13.025,ARC/USDT:USDT,0.02465,8.0,0.02464,500.0,0.02466,2101.0,0.02467,4745.0
1753533313170,12:35:13.170,ARC/USDT:USDT,0.02465,8.0,0.02464,500.0,0.02466,2061.0,0.02467,4745.0
1753533313381,12:35:13.381,ARC/USDT:USDT,0.02465,8.0,0.02464,500.0,0.02467,4745.0,0.02468,2643.0
1753533314366,12:35:14.366,ARC/USDT:USDT,0.02465,8.0,0.02464,500.0,0.02467,4745.0,0.02468,2643.0
1753533314703,12:35:14.703,ARC/USDT:USDT,0.02465,8.0,0.02464,500.0,0.02467,4745.0,0.02468,2643.0
1753533314727,12:35:14.727,ARC/USDT:USDT,0.02465,48.0,0.02464,1610.0,0.02467,4705.0,0.02468,2643.0
1753533314952,12:35:14.952,ARC/USDT:USDT,0.02465,8.0,0.02464,1610.0,0.02467,4785.0,0.02468,2643.0
1753533315094,12:35:15.094,ARC/USDT:USDT,0.02465,8.0,0.02464,1610.0,0.02466,2101.0,0.02467,4745.0
1753533315126,12:35:15.126,ARC/USDT:USDT,0.02465,8.0,0.02464,500.0,0.02466,2101.0,0.02467,4745.0
1753533315371,12:35:15.371,ARC/USDT:USDT,0.02465,8.0,0.02464,500.0,0.02466,2101.0,0.02467,4745.0
1753533315567,12:35:15.567,ARC/USDT:USDT,0.02465,8.0,0.02464,500.0,0.02466,2101.0,0.02467,4745.0
1753533316370,12:35:16.370,ARC/USDT:USDT,0.02465,8.0,0.02464,500.0,0.02466,2141.0,0.02467,4705.0
1753533316644,12:35:16.644,ARC/USDT:USDT,0.02465,8.0,0.02464,500.0,0.02466,2641.0,0.02467,4705.0
1753533317466,12:35:17.466,ARC/USDT:USDT,0.02465,8.0,0.02464,500.0,0.02466,2561.0,0.02467,4705.0
1753533317737,12:35:17.737,ARC/USDT:USDT,0.02465,8.0,0.02464,500.0,0.02466,2561.0,0.02467,4705.0
1753533319969,12:35:19.969,ARC/USDT:USDT,0.02465,88.0,0.02464,1576.0,0.02466,500.0,0.02467,4623.0
1753533320196,12:35:20.196,ARC/USDT:USDT,0.02465,88.0,0.02464,1576.0,0.02466,500.0,0.02467,4623.0
1753533320447,12:35:20.447,ARC/USDT:USDT,0.02465,88.0,0.02464,1576.0,0.02466,500.0,0.02467,4623.0
1753533320624,12:35:20.624,ARC/USDT:USDT,0.02465,8.0,0.02464,1576.0,0.02466,500.0,0.02467,4623.0
1753533322708,12:35:22.708,ARC/USDT:USDT,0.02465,8.0,0.02464,1576.0,0.02466,500.0,0.02467,4623.0
1753533323301,12:35:23.301,ARC/USDT:USDT,0.02465,8.0,0.02464,500.0,0.02466,2601.0,0.02467,4623.0
1753533323372,12:35:23.372,ARC/USDT:USDT,0.02465,8.0,0.02464,500.0,0.02466,2641.0,0.02467,4623.0
1753533324261,12:35:24.261,ARC/USDT:USDT,0.02465,8.0,0.02464,500.0,0.02466,2601.0,0.02467,4623.0
1753533324625,12:35:24.625,ARC/USDT:USDT,0.02465,8.0,0.02464,500.0,0.02466,2601.0,0.02467,4623.0
1753533324837,12:35:24.837,ARC/USDT:USDT,0.02465,8.0,0.02464,500.0,0.02466,2601.0,0.02467,4623.0
1753533326657,12:35:26.657,ARC/USDT:USDT,0.02465,8.0,0.02464,500.0,0.02466,2601.0,0.02467,4623.0
1753533327147,12:35:27.147,ARC/USDT:USDT,0.02465,8.0,0.02463,1524.0,0.02466,2641.0,0.02467,4623.0
1753533327227,12:35:27.227,ARC/USDT:USDT,0.02464,8.0,0.02463,500.0,0.02466,2601.0,0.02467,4623.0
1753533328333,12:35:28.333,ARC/USDT:USDT,0.02464,8.0,0.02463,500.0,0.02466,2641.0,0.02467,4623.0
1753533330354,12:35:30.354,ARC/USDT:USDT,0.02464,8.0,0.02463,500.0,0.02466,2641.0,0.02467,4623.0
1753533330747,12:35:30.747,ARC/USDT:USDT,0.02464,8.0,0.02463,500.0,0.02466,2641.0,0.02467,4623.0
1753533330844,12:35:30.844,ARC/USDT:USDT,0.02464,8.0,0.02463,500.0,0.02466,2641.0,0.02467,4623.0
1753533332602,12:35:32.602,ARC/USDT:USDT,0.02464,88.0,0.02463,500.0,0.02466,2561.0,0.02467,4623.0
1753533332687,12:35:32.687,ARC/USDT:USDT,0.02464,88.0,0.02463,1524.0,0.02466,2561.0,0.02467,4623.0
1753533332981,12:35:32.981,ARC/USDT:USDT,0.02464,1164.0,0.02463,3667.0,0.02466,2561.0,0.02467,4623.0
1753533333009,12:35:33.009,ARC/USDT:USDT,0.02464,1156.0,0.02463,3667.0,0.02466,2561.0,0.02467,4623.0
1753533333285,12:35:33.285,ARC/USDT:USDT,0.02464,1156.0,0.02463,3667.0,0.02466,500.0,0.02467,4623.0
1753533333340,12:35:33.340,ARC/USDT:USDT,0.02464,1156.0,0.02463,3667.0,0.02466,500.0,0.02467,4623.0
1753533333428,12:35:33.428,ARC/USDT:USDT,0.02464,1156.0,0.02463,3667.0,0.02466,500.0,0.02467,4623.0
1753533334473,12:35:34.473,ARC/USDT:USDT,0.02464,1156.0,0.02463,3667.0,0.02466,500.0,0.02467,4623.0
1753533334679,12:35:34.679,ARC/USDT:USDT,0.02464,1156.0,0.02463,3667.0,0.02466,500.0,0.02467,4623.0
1753533335748,12:35:35.748,ARC/USDT:USDT,0.02464,1116.0,0.02463,3667.0,0.02466,2561.0,0.02467,4623.0
1753533335896,12:35:35.896,ARC/USDT:USDT,0.02464,1156.0,0.02463,3667.0,0.02466,2561.0,0.02467,4623.0
1753533335955,12:35:35.955,ARC/USDT:USDT,0.02463,1524.0,0.02462,2528.0,0.02466,2561.0,0.02467,4623.0
1753533336012,12:35:36.012,ARC/USDT:USDT,0.02464,8.0,0.02463,1524.0,0.02466,2561.0,0.02467,4623.0
1753533336292,12:35:36.292,ARC/USDT:USDT,0.02464,8.0,0.02463,1524.0,0.02466,2641.0,0.02467,4623.0
1753533337601,12:35:37.601,ARC/USDT:USDT,0.02464,8.0,0.02463,1524.0,0.02466,2641.0,0.02467,4623.0
1753533338283,12:35:38.283,ARC/USDT:USDT,0.02464,48.0,0.02463,1524.0,0.02466,2601.0,0.02467,4623.0
1753533338355,12:35:38.355,ARC/USDT:USDT,0.02464,88.0,0.02463,3585.0,0.02466,2561.0,0.02467,4623.0
1753533339169,12:35:39.169,ARC/USDT:USDT,0.02464,1164.0,0.02463,3585.0,0.02466,500.0,0.02467,4623.0
1753533339211,12:35:39.211,ARC/USDT:USDT,0.02464,1156.0,0.02463,3585.0,0.02466,500.0,0.02467,4623.0
1753533339304,12:35:39.304,ARC/USDT:USDT,0.02464,1156.0,0.02463,3585.0,0.02466,500.0,0.02467,4623.0
1753533339446,12:35:39.446,ARC/USDT:USDT,0.02464,80.0,0.02463,1524.0,0.02466,500.0,0.02467,4623.0
1753533339518,12:35:39.518,ARC/USDT:USDT,0.02464,88.0,0.02463,1524.0,0.02466,500.0,0.02467,4623.0
1753533339666,12:35:39.666,ARC/USDT:USDT,0.02464,1164.0,0.02463,3585.0,0.02466,500.0,0.02467,4623.0
1753533339709,12:35:39.709,ARC/USDT:USDT,0.02464,1156.0,0.02463,3585.0,0.02466,500.0,0.02467,4623.0
1753533341003,12:35:41.003,ARC/USDT:USDT,0.02464,1238.0,0.02463,3782.0,0.02466,500.0,0.02467,500.0
1753533341051,12:35:41.051,ARC/USDT:USDT,0.02464,1238.0,0.02463,3782.0,0.02466,500.0,0.02467,500.0
1753533341361,12:35:41.361,ARC/USDT:USDT,0.02464,1238.0,0.02463,3782.0,0.02467,500.0,0.02468,2561.0
1753533341421,12:35:41.421,ARC/USDT:USDT,0.02465,48.0,0.02464,1198.0,0.02467,500.0,0.02468,2561.0
1753533341537,12:35:41.537,ARC/USDT:USDT,0.02465,48.0,0.02464,1198.0,0.02467,500.0,0.02468,2561.0
1753533341949,12:35:41.949,ARC/USDT:USDT,0.02465,48.0,0.02464,1198.0,0.02467,500.0,0.02468,2561.0
1753533342221,12:35:42.221,ARC/USDT:USDT,0.02465,88.0,0.02464,1158.0,0.02467,500.0,0.02468,2561.0
1753533342370,12:35:42.370,ARC/USDT:USDT,0.02465,88.0,0.02464,1158.0,0.02467,500.0,0.02468,2561.0
1753533343085,12:35:43.085,ARC/USDT:USDT,0.02465,88.0,0.02464,1158.0,0.02467,500.0,0.02468,2561.0
1753533343107,12:35:43.107,ARC/USDT:USDT,0.02465,88.0,0.02464,1158.0,0.02467,500.0,0.02468,2561.0
1753533343385,12:35:43.385,ARC/USDT:USDT,0.02465,88.0,0.02464,1158.0,0.02467,500.0,0.02468,2561.0
1753533344132,12:35:44.132,ARC/USDT:USDT,0.02465,88.0,0.02464,1158.0,0.02467,500.0,0.02468,2561.0
1753533345365,12:35:45.365,ARC/USDT:USDT,0.02465,88.0,0.02464,1158.0,0.02467,500.0,0.02468,2561.0
1753533345593,12:35:45.593,ARC/USDT:USDT,0.02465,88.0,0.02464,1158.0,0.02467,500.0,0.02468,2561.0
1753533345616,12:35:45.616,ARC/USDT:USDT,0.02465,88.0,0.02464,1158.0,0.02467,500.0,0.02468,2561.0
1753533345875,12:35:45.875,ARC/USDT:USDT,0.02465,88.0,0.02464,1158.0,0.02467,500.0,0.02468,2561.0
1753533345988,12:35:45.988,ARC/USDT:USDT,0.02465,88.0,0.02464,1158.0,0.02467,500.0,0.02468,2561.0
1753533346366,12:35:46.366,ARC/USDT:USDT,0.02465,8.0,0.02464,1158.0,0.02467,580.0,0.02468,2561.0
1753533346418,12:35:46.418,ARC/USDT:USDT,0.02465,8.0,0.02464,1076.0,0.02467,4703.0,0.02468,2561.0
1753533346866,12:35:46.866,ARC/USDT:USDT,0.02465,8.0,0.02463,1524.0,0.02467,4703.0,0.02468,2561.0
1753533347066,12:35:47.066,ARC/USDT:USDT,0.02464,8.0,0.02463,1524.0,0.02466,2101.0,0.02467,4663.0
1753533347127,12:35:47.127,ARC/USDT:USDT,0.02464,8.0,0.02463,1524.0,0.02466,2101.0,0.02467,4663.0
1753533347205,12:35:47.205,ARC/USDT:USDT,0.02464,8.0,0.02463,1524.0,0.02466,2101.0,0.02467,4663.0
1753533348023,12:35:48.023,ARC/USDT:USDT,0.02464,8.0,0.02463,1524.0,0.02466,2101.0,0.02467,4663.0
1753533348369,12:35:48.369,ARC/USDT:USDT,0.02464,48.0,0.02463,1524.0,0.02466,2061.0,0.02467,4663.0
1753533348439,12:35:48.439,ARC/USDT:USDT,0.02464,1164.0,0.02463,3585.0,0.02466,2061.0,0.02467,4623.0
1753533348509,12:35:48.509,ARC/USDT:USDT,0.02464,1156.0,0.02463,3585.0,0.02466,2061.0,0.02467,4623.0
1753533348952,12:35:48.952,ARC/USDT:USDT,0.02464,1156.0,0.02463,3585.0,0.02466,2061.0,0.02467,4623.0
1753533349618,12:35:49.618,ARC/USDT:USDT,0.02464,1116.0,0.02463,3585.0,0.02466,2101.0,0.02467,4623.0
1753533350062,12:35:50.062,ARC/USDT:USDT,0.02464,1116.0,0.02463,3585.0,0.02466,2101.0,0.02467,4623.0
1753533350414,12:35:50.414,ARC/USDT:USDT,0.02464,1156.0,0.02463,3585.0,0.02466,2061.0,0.02467,4623.0
1753533350596,12:35:50.596,ARC/USDT:USDT,0.02464,1156.0,0.02463,3585.0,0.02467,4623.0,0.02468,2561.0
1753533350634,12:35:50.634,ARC/USDT:USDT,0.02465,88.0,0.02464,1076.0,0.02467,500.0,0.02468,2561.0
1753533350876,12:35:50.876,ARC/USDT:USDT,0.02465,88.0,0.02464,1076.0,0.02467,500.0,0.02468,2561.0
1753533350913,12:35:50.913,ARC/USDT:USDT,0.02465,88.0,0.02464,1076.0,0.02467,500.0,0.02468,2561.0
1753533351149,12:35:51.149,ARC/USDT:USDT,0.02465,88.0,0.02464,1076.0,0.02467,500.0,0.02468,2561.0
1753533351289,12:35:51.289,ARC/USDT:USDT,0.02465,88.0,0.02464,1076.0,0.02467,500.0,0.02468,2561.0
1753533351390,12:35:51.390,ARC/USDT:USDT,0.02465,88.0,0.02464,1076.0,0.02467,500.0,0.02468,2561.0
1753533351702,12:35:51.702,ARC/USDT:USDT,0.02465,88.0,0.02464,1076.0,0.02467,500.0,0.02468,2561.0
1753533352082,12:35:52.082,ARC/USDT:USDT,0.02465,88.0,0.02464,1076.0,0.02467,500.0,0.02468,2561.0
1753533352190,12:35:52.190,ARC/USDT:USDT,0.02465,88.0,0.02464,1076.0,0.02467,500.0,0.02468,2561.0
1753533352394,12:35:52.394,ARC/USDT:USDT,0.02465,1105.0,0.02464,1273.0,0.02468,500.0,0.02469,5668.0
1753533352499,12:35:52.499,ARC/USDT:USDT,0.02465,1105.0,0.02464,1273.0,0.02468,500.0,0.02469,4623.0
1753533352573,12:35:52.573,ARC/USDT:USDT,0.02465,1105.0,0.02464,1273.0,0.02468,2561.0,0.02469,4623.0
1753533354367,12:35:54.367,ARC/USDT:USDT,0.02465,1105.0,0.02464,1273.0,0.02468,2561.0,0.02469,4623.0
1753533354802,12:35:54.802,ARC/USDT:USDT,0.02466,1097.0,0.02465,1025.0,0.02468,2561.0,0.02469,4623.0
1753533354872,12:35:54.872,ARC/USDT:USDT,0.02466,1097.0,0.02465,1017.0,0.02468,500.0,0.02469,4623.0
1753533354995,12:35:54.995,ARC/USDT:USDT,0.02466,1097.0,0.02465,1017.0,0.02468,500.0,0.02469,4623.0
1753533355044,12:35:55.044,ARC/USDT:USDT,0.02466,1097.0,0.02465,1017.0,0.02468,500.0,0.02469,4623.0
1753533355113,12:35:55.113,ARC/USDT:USDT,0.02466,1097.0,0.02465,1017.0,0.02468,2561.0,0.02469,4623.0
1753533355208,12:35:55.208,ARC/USDT:USDT,0.02466,1097.0,0.02465,1017.0,0.02468,2561.0,0.02469,4623.0
1753533357101,12:35:57.101,ARC/USDT:USDT,0.02466,1017.0,0.02465,1017.0,0.02468,2601.0,0.02469,4623.0
1753533357107,12:35:57.107,ARC/USDT:USDT,0.02465,1017.0,0.02464,1273.0,0.02468,2601.0,0.02469,4623.0
1753533357210,12:35:57.210,ARC/USDT:USDT,0.02466,8.0,0.02465,1017.0,0.02468,2601.0,0.02469,4623.0
1753533358345,12:35:58.345,ARC/USDT:USDT,0.02466,48.0,0.02465,1017.0,0.02468,2601.0,0.02469,4623.0
1753533358426,12:35:58.426,ARC/USDT:USDT,0.02466,48.0,0.02465,1017.0,0.02468,2561.0,0.02469,4623.0
1753533358530,12:35:58.530,ARC/USDT:USDT,0.02466,48.0,0.02465,1017.0,0.02468,2561.0,0.02469,4623.0
1753533359341,12:35:59.341,ARC/USDT:USDT,0.02466,8.0,0.02465,1017.0,0.02468,2601.0,0.02469,4623.0
1753533359491,12:35:59.491,ARC/USDT:USDT,0.02466,48.0,0.02465,1017.0,0.02468,2601.0,0.02469,4623.0
1753533359986,12:35:59.986,ARC/USDT:USDT,0.02466,8.0,0.02465,1017.0,0.02468,2601.0,0.02469,4623.0
1753533360252,12:36:00.252,ARC/USDT:USDT,0.02466,48.0,0.02465,1017.0,0.02468,2561.0,0.02469,4623.0
1753533360396,12:36:00.396,ARC/USDT:USDT,0.02466,88.0,0.02465,1017.0,0.02468,500.0,0.02469,4623.0
1753533360488,12:36:00.488,ARC/USDT:USDT,0.02466,88.0,0.02465,1017.0,0.02468,500.0,0.02469,4623.0
1753533360728,12:36:00.728,ARC/USDT:USDT,0.02466,88.0,0.02465,1017.0,0.02468,500.0,0.02469,4623.0
1753533360948,12:36:00.948,ARC/USDT:USDT,0.02466,88.0,0.02465,1017.0,0.02468,500.0,0.02469,4623.0
1753533361070,12:36:01.070,ARC/USDT:USDT,0.02466,88.0,0.02465,1017.0,0.02468,500.0,0.02469,4623.0
1753533361270,12:36:01.270,ARC/USDT:USDT,0.02466,1011.0,0.02465,3193.0,0.02468,500.0,0.02469,500.0
1753533361347,12:36:01.347,ARC/USDT:USDT,0.02466,1003.0,0.02465,3193.0,0.02468,500.0,0.02469,500.0
1753533361488,12:36:01.488,ARC/USDT:USDT,0.02466,1003.0,0.02465,3193.0,0.02468,500.0,0.02469,500.0
1753533361607,12:36:01.607,ARC/USDT:USDT,0.02466,1003.0,0.02465,3193.0,0.02468,500.0,0.02469,500.0
1753533361748,12:36:01.748,ARC/USDT:USDT,0.02466,1003.0,0.02465,4464.0,0.02468,500.0,0.02469,500.0
1753533362067,12:36:02.067,ARC/USDT:USDT,0.02466,1003.0,0.02465,4464.0,0.02468,500.0,0.02469,500.0
1753533362126,12:36:02.126,ARC/USDT:USDT,0.02466,1503.0,0.02465,4464.0,0.02469,500.0,0.0247,2561.0
1753533362286,12:36:02.286,ARC/USDT:USDT,0.02467,88.0,0.02466,1423.0,0.02469,500.0,0.0247,3606.0
1753533362370,12:36:02.370,ARC/USDT:USDT,0.02467,88.0,0.02466,1423.0,0.02469,500.0,0.0247,2561.0
1753533362570,12:36:02.570,ARC/USDT:USDT,0.02467,88.0,0.02466,1423.0,0.02469,500.0,0.0247,2561.0
1753533362687,12:36:02.687,ARC/USDT:USDT,0.02467,88.0,0.02466,1423.0,0.02469,500.0,0.0247,2561.0
1753533362787,12:36:02.787,ARC/USDT:USDT,0.02467,88.0,0.02466,1423.0,0.02469,500.0,0.0247,2561.0
1753533362887,12:36:02.887,ARC/USDT:USDT,0.02467,88.0,0.02466,1423.0,0.02469,500.0,0.0247,2561.0
1753533362993,12:36:02.993,ARC/USDT:USDT,0.02467,88.0,0.02466,1423.0,0.02469,500.0,0.0247,2561.0
1753533363065,12:36:03.065,ARC/USDT:USDT,0.02467,88.0,0.02466,1423.0,0.02469,500.0,0.0247,3606.0
1753533363107,12:36:03.107,ARC/USDT:USDT,0.02467,88.0,0.02466,1423.0,0.02469,500.0,0.0247,2561.0
1753533363315,12:36:03.315,ARC/USDT:USDT,0.02467,88.0,0.02466,1423.0,0.02469,500.0,0.0247,3606.0
1753533363408,12:36:03.408,ARC/USDT:USDT,0.02467,88.0,0.02466,1423.0,0.02469,500.0,0.0247,2561.0
1753533363532,12:36:03.532,ARC/USDT:USDT,0.02467,8.0,0.02466,1423.0,0.02469,540.0,0.0247,2561.0
1753533363726,12:36:03.726,ARC/USDT:USDT,0.02467,48.0,0.02466,1423.0,0.02469,540.0,0.0247,2561.0
1753533364395,12:36:04.395,ARC/USDT:USDT,0.02467,88.0,0.02466,1423.0,0.02469,500.0,0.0247,2561.0
1753533364447,12:36:04.447,ARC/USDT:USDT,0.02467,88.0,0.02466,1423.0,0.02469,500.0,0.0247,2561.0
1753533364567,12:36:04.567,ARC/USDT:USDT,0.02467,88.0,0.02466,1423.0,0.02469,500.0,0.0247,2561.0
1753533364609,12:36:04.609,ARC/USDT:USDT,0.02467,88.0,0.02466,1423.0,0.02469,500.0,0.0247,2561.0
1753533364707,12:36:04.707,ARC/USDT:USDT,0.02467,88.0,0.02466,1423.0,0.02469,500.0,0.0247,2561.0
1753533365803,12:36:05.803,ARC/USDT:USDT,0.02467,88.0,0.02466,1423.0,0.02469,500.0,0.0247,2561.0
1753533365824,12:36:05.824,ARC/USDT:USDT,0.02467,88.0,0.02466,1423.0,0.02469,500.0,0.0247,2561.0
1753533367687,12:36:07.687,ARC/USDT:USDT,0.02467,88.0,0.02466,1423.0,0.02469,500.0,0.0247,2561.0
1753533367787,12:36:07.787,ARC/USDT:USDT,0.02467,88.0,0.02466,1423.0,0.02469,500.0,0.0247,2561.0
1753533369056,12:36:09.056,ARC/USDT:USDT,0.02467,1080.0,0.02466,1620.0,0.02469,500.0,0.0247,2561.0
1753533369110,12:36:09.110,ARC/USDT:USDT,0.02467,1072.0,0.02466,1620.0,0.02469,500.0,0.0247,2561.0
1753533369765,12:36:09.765,ARC/USDT:USDT,0.02467,1072.0,0.02466,1620.0,0.02469,500.0,0.0247,2561.0
1753533371996,12:36:11.996,ARC/USDT:USDT,0.02467,1072.0,0.02466,1620.0,0.02469,500.0,0.0247,2561.0
1753533375673,12:36:15.673,ARC/USDT:USDT,0.02467,1072.0,0.02466,1620.0,0.02469,500.0,0.0247,2561.0
1753533375970,12:36:15.970,ARC/USDT:USDT,0.02467,1572.0,0.02466,1620.0,0.02469,500.0,0.0247,2561.0
1753533378648,12:36:18.648,ARC/USDT:USDT,0.02467,1572.0,0.02466,1620.0,0.02469,500.0,0.0247,2561.0
1753533379702,12:36:19.702,ARC/USDT:USDT,0.02467,1572.0,0.02466,1620.0,0.0247,2561.0,0.02471,4705.0
1753533379791,12:36:19.791,ARC/USDT:USDT,0.02468,48.0,0.02467,1532.0,0.0247,2601.0,0.02471,4623.0
1753533379901,12:36:19.901,ARC/USDT:USDT,0.02468,48.0,0.02467,1532.0,0.0247,2601.0,0.02471,4623.0
1753533379996,12:36:19.996,ARC/USDT:USDT,0.02468,48.0,0.02467,1532.0,0.0247,2601.0,0.02471,4623.0
1753533380044,12:36:20.044,ARC/USDT:USDT,0.02468,48.0,0.02467,1532.0,0.0247,2601.0,0.02471,4623.0
1753533380162,12:36:20.162,ARC/USDT:USDT,0.02468,8.0,0.02467,1532.0,0.0247,2601.0,0.02471,4623.0
1753533380559,12:36:20.559,ARC/USDT:USDT,0.02468,8.0,0.02467,1532.0,0.0247,2641.0,0.02471,4623.0
1753533382161,12:36:22.161,ARC/USDT:USDT,0.02468,48.0,0.02467,1532.0,0.0247,2561.0,0.02471,4623.0
1753533382294,12:36:22.294,ARC/USDT:USDT,0.02468,8.0,0.02467,1532.0,0.0247,2601.0,0.02471,4623.0
1753533382787,12:36:22.787,ARC/USDT:USDT,0.02468,48.0,0.02467,1532.0,0.0247,2601.0,0.02471,4623.0
1753533382881,12:36:22.881,ARC/USDT:USDT,0.02468,48.0,0.02467,1532.0,0.0247,2561.0,0.02471,4623.0
1753533387186,12:36:27.186,ARC/USDT:USDT,0.02468,88.0,0.02467,1492.0,0.0247,2561.0,0.02471,4623.0
1753533387490,12:36:27.490,ARC/USDT:USDT,0.02468,1093.0,0.02467,1607.0,0.0247,500.0,0.02471,500.0
1753533387510,12:36:27.510,ARC/USDT:USDT,0.02468,1085.0,0.02467,1607.0,0.0247,500.0,0.02471,500.0
1753533387855,12:36:27.855,ARC/USDT:USDT,0.02468,1585.0,0.02467,1607.0,0.02471,500.0,0.02472,4603.0
1753533387931,12:36:27.931,ARC/USDT:USDT,0.02469,48.0,0.02468,1545.0,0.02471,500.0,0.02472,4603.0
1753533388089,12:36:28.089,ARC/USDT:USDT,0.02469,48.0,0.02468,1545.0,0.02471,500.0,0.02472,4603.0
1753533388188,12:36:28.188,ARC/USDT:USDT,0.02469,8.0,0.02468,1505.0,0.02471,4663.0,0.02472,4603.0
1753533388226,12:36:28.226,ARC/USDT:USDT,0.02469,8.0,0.02468,1505.0,0.02471,4703.0,0.02472,4603.0
1753533388347,12:36:28.347,ARC/USDT:USDT,0.02469,8.0,0.02468,1505.0,0.02471,4703.0,0.02472,4603.0
1753533388764,12:36:28.764,ARC/USDT:USDT,0.02469,8.0,0.02468,1505.0,0.02471,4703.0,0.02472,4603.0
1753533388929,12:36:28.929,ARC/USDT:USDT,0.02469,8.0,0.02468,1505.0,0.02471,4703.0,0.02472,4603.0
1753533389176,12:36:29.176,ARC/USDT:USDT,0.02469,8.0,0.02468,1505.0,0.02471,4663.0,0.02472,4603.0
1753533389208,12:36:29.208,ARC/USDT:USDT,0.02469,8.0,0.02468,1505.0,0.02471,4703.0,0.02472,4603.0
1753533389501,12:36:29.501,ARC/USDT:USDT,0.02469,8.0,0.02468,1505.0,0.02471,4663.0,0.02472,4603.0
1753533389795,12:36:29.795,ARC/USDT:USDT,0.02469,1178.0,0.02468,2801.0,0.02473,5620.0,0.02474,4105.0
1753533389892,12:36:29.892,ARC/USDT:USDT,0.0247,2641.0,0.02469,3774.0,0.02474,4105.0,0.02475,5235.0
1753533389984,12:36:29.984,ARC/USDT:USDT,0.02471,8.0,0.0247,2641.0,0.02474,3060.0,0.02475,5120.0
1753533390087,12:36:30.087,ARC/USDT:USDT,0.02471,48.0,0.0247,2641.0,0.02474,3060.0,0.02475,5120.0
1753533390200,12:36:30.200,ARC/USDT:USDT,0.02471,8.0,0.0247,2641.0,0.02474,3060.0,0.02475,5120.0
1753533390206,12:36:30.206,ARC/USDT:USDT,0.02471,8.0,0.0247,2641.0,0.02474,3060.0,0.02475,5120.0
1753533390403,12:36:30.403,ARC/USDT:USDT,0.02471,8.0,0.0247,2641.0,0.02474,3060.0,0.02475,5120.0
1753533390697,12:36:30.697,ARC/USDT:USDT,0.02471,48.0,0.0247,2641.0,0.02474,3060.0,0.02475,5120.0
1753533390818,12:36:30.818,ARC/USDT:USDT,0.02471,48.0,0.0247,2641.0,0.02474,3560.0,0.02475,5120.0
1753533390909,12:36:30.909,ARC/USDT:USDT,0.02471,88.0,0.0247,2641.0,0.02474,3600.0,0.02475,5120.0
1753533391576,12:36:31.576,ARC/USDT:USDT,0.02471,88.0,0.0247,2641.0,0.02474,3600.0,0.02475,5120.0
1753533391939,12:36:31.939,ARC/USDT:USDT,0.02471,88.0,0.0247,2641.0,0.02474,3560.0,0.02475,5120.0
1753533392184,12:36:32.184,ARC/USDT:USDT,0.02471,88.0,0.0247,2641.0,0.02474,3560.0,0.02475,5120.0
1753533392346,12:36:32.346,ARC/USDT:USDT,0.02471,48.0,0.0247,2641.0,0.02474,3560.0,0.02475,5120.0
1753533395793,12:36:35.793,ARC/USDT:USDT,0.02471,48.0,0.0247,2641.0,0.02474,3560.0,0.02475,5120.0
1753533396063,12:36:36.063,ARC/USDT:USDT,0.02471,8.0,0.0247,2641.0,0.02474,3560.0,0.02475,5120.0
1753533396201,12:36:36.201,ARC/USDT:USDT,0.02471,8.0,0.0247,2641.0,0.02474,3560.0,0.02475,5120.0
1753533396294,12:36:36.294,ARC/USDT:USDT,0.02471,8.0,0.0247,500.0,0.02472,500.0,0.02473,4663.0
1753533396306,12:36:36.306,ARC/USDT:USDT,0.02471,8.0,0.0247,1606.0,0.02472,500.0,0.02473,4663.0
1753533396526,12:36:36.526,ARC/USDT:USDT,0.02471,88.0,0.0247,1606.0,0.02472,500.0,0.02473,500.0
1753533397727,12:36:37.727,ARC/USDT:USDT,0.02471,88.0,0.0247,1606.0,0.02473,500.0,0.02474,3560.0
1753533399576,12:36:39.576,ARC/USDT:USDT,0.02471,88.0,0.0247,1606.0,0.02473,500.0,0.02474,3560.0
1753533400285,12:36:40.285,ARC/USDT:USDT,0.02471,88.0,0.0247,1606.0,0.02473,500.0,0.02474,1499.0
1753533400352,12:36:40.352,ARC/USDT:USDT,0.02471,88.0,0.0247,1606.0,0.02473,500.0,0.02474,3560.0
1753533401039,12:36:41.039,ARC/USDT:USDT,0.02471,88.0,0.0247,1606.0,0.02473,500.0,0.02474,3560.0
1753533402397,12:36:42.397,ARC/USDT:USDT,0.02471,2230.0,0.0247,1802.0,0.02474,502.0,0.02475,1497.0
1753533402497,12:36:42.497,ARC/USDT:USDT,0.02471,2230.0,0.0247,1802.0,0.02474,502.0,0.02475,1497.0
1753533402690,12:36:42.690,ARC/USDT:USDT,0.02472,899.0,0.02471,2650.0,0.02474,502.0,0.02475,1497.0
1753533402784,12:36:42.784,ARC/USDT:USDT,0.02472,899.0,0.02471,2642.0,0.02474,502.0,0.02475,1497.0
1753533402900,12:36:42.900,ARC/USDT:USDT,0.02472,899.0,0.02471,2642.0,0.02474,502.0,0.02475,1497.0
1753533403069,12:36:43.069,ARC/USDT:USDT,0.02472,899.0,0.02471,2642.0,0.02474,502.0,0.02475,1497.0
1753533403203,12:36:43.203,ARC/USDT:USDT,0.02472,899.0,0.02471,2642.0,0.02474,502.0,0.02475,1497.0
1753533403657,12:36:43.657,ARC/USDT:USDT,0.02472,899.0,0.02471,2642.0,0.02474,502.0,0.02475,1497.0
1753533404100,12:36:44.100,ARC/USDT:USDT,0.02472,899.0,0.02471,2642.0,0.02474,502.0,0.02475,1497.0
1753533405743,12:36:45.743,ARC/USDT:USDT,0.02472,899.0,0.02471,2642.0,0.02474,502.0,0.02475,1497.0
1753533406787,12:36:46.787,ARC/USDT:USDT,0.02472,899.0,0.02471,2642.0,0.02474,502.0,0.02475,1497.0
1753533406806,12:36:46.806,ARC/USDT:USDT,0.02472,899.0,0.02471,2642.0,0.02474,502.0,0.02475,1497.0
1753533408655,12:36:48.655,ARC/USDT:USDT,0.02472,899.0,0.02471,2642.0,0.02474,502.0,0.02475,1497.0
1753533408804,12:36:48.804,ARC/USDT:USDT,0.02472,899.0,0.02471,2642.0,0.02474,502.0,0.02475,1497.0
1753533408973,12:36:48.973,ARC/USDT:USDT,0.02472,899.0,0.02471,2642.0,0.02474,502.0,0.02475,1497.0
1753533411496,12:36:51.496,ARC/USDT:USDT,0.02472,899.0,0.02471,4203.0,0.02474,2.0,0.02475,500.0
1753533411577,12:36:51.577,ARC/USDT:USDT,0.02472,1399.0,0.02471,4203.0,0.02474,2.0,0.02475,500.0
1753533411761,12:36:51.761,ARC/USDT:USDT,0.02472,1399.0,0.02471,2757.0,0.02474,2.0,0.02475,500.0
1753533411832,12:36:51.832,ARC/USDT:USDT,0.02472,1399.0,0.02471,2757.0,0.02474,2.0,0.02475,500.0
1753533411910,12:36:51.910,ARC/USDT:USDT,0.02472,1399.0,0.02471,2757.0,0.02474,23.0,0.02475,500.0
1753533412561,12:36:52.561,ARC/USDT:USDT,0.02472,1399.0,0.02471,2757.0,0.02474,23.0,0.02475,500.0
1753533413103,12:36:53.103,ARC/USDT:USDT,0.02472,1399.0,0.02471,4203.0,0.02474,23.0,0.02476,2561.0
1753533413200,12:36:53.200,ARC/USDT:USDT,0.02472,580.0,0.02471,2757.0,0.02474,23.0,0.02476,3561.0
1753533415026,12:36:55.026,ARC/USDT:USDT,0.02472,580.0,0.02471,4097.0,0.02474,23.0,0.02476,3561.0
1753533415254,12:36:55.254,ARC/USDT:USDT,0.02472,580.0,0.02471,4097.0,0.02474,23.0,0.02476,3561.0
1753533417639,12:36:57.639,ARC/USDT:USDT,0.02472,580.0,0.02471,4097.0,0.02474,23.0,0.02476,3561.0
1753533417708,12:36:57.708,ARC/USDT:USDT,0.02472,580.0,0.02471,4097.0,0.02474,23.0,0.02476,3561.0
1753533418411,12:36:58.411,ARC/USDT:USDT,0.02472,540.0,0.02471,4097.0,0.02474,23.0,0.02476,3561.0
1753533419584,12:36:59.584,ARC/USDT:USDT,0.02472,580.0,0.02471,4097.0,0.02474,23.0,0.02476,3561.0
1753533419687,12:36:59.687,ARC/USDT:USDT,0.02472,580.0,0.02471,2676.0,0.02474,23.0,0.02475,4123.0
1753533420085,12:37:00.085,ARC/USDT:USDT,0.02472,580.0,0.02471,2676.0,0.02474,23.0,0.02475,4123.0
1753533420279,12:37:00.279,ARC/USDT:USDT,0.02472,540.0,0.02471,2676.0,0.02474,23.0,0.02475,4123.0
1753533420379,12:37:00.379,ARC/USDT:USDT,0.02472,500.0,0.02471,2676.0,0.02474,1074.0,0.02475,4123.0
1753533420741,12:37:00.741,ARC/USDT:USDT,0.02472,540.0,0.02471,2676.0,0.02474,1034.0,0.02475,4123.0
1753533421393,12:37:01.393,ARC/USDT:USDT,0.02472,580.0,0.02471,2676.0,0.02474,1034.0,0.02476,3561.0
1753533421408,12:37:01.408,ARC/USDT:USDT,0.02472,580.0,0.02471,4097.0,0.02474,1034.0,0.02476,3561.0
1753533421602,12:37:01.602,ARC/USDT:USDT,0.02472,1648.0,0.02471,4178.0,0.02474,1034.0,0.02476,3561.0
1753533421687,12:37:01.687,ARC/USDT:USDT,0.02472,1648.0,0.02471,2757.0,0.02474,23.0,0.02476,3561.0
1753533421746,12:37:01.746,ARC/USDT:USDT,0.02472,1648.0,0.02471,2757.0,0.02474,23.0,0.02476,1500.0
1753533421836,12:37:01.836,ARC/USDT:USDT,0.02472,1648.0,0.02471,2757.0,0.02474,23.0,0.02476,1500.0
1753533422110,12:37:02.110,ARC/USDT:USDT,0.02472,1648.0,0.02471,2757.0,0.02474,23.0,0.02476,3561.0
1753533422996,12:37:02.996,ARC/USDT:USDT,0.02472,1648.0,0.02471,4443.0,0.02474,23.0,0.02476,3561.0
1753533424390,12:37:04.390,ARC/USDT:USDT,0.02472,1648.0,0.02471,4362.0,0.02474,23.0,0.02476,3561.0
1753533424503,12:37:04.503,ARC/USDT:USDT,0.02472,1648.0,0.02471,4362.0,0.02474,23.0,0.02476,3561.0
1753533424645,12:37:04.645,ARC/USDT:USDT,0.02472,1648.0,0.02471,4362.0,0.02474,23.0,0.02476,3561.0
1753533424749,12:37:04.749,ARC/USDT:USDT,0.02472,1648.0,0.02471,4362.0,0.02474,23.0,0.02476,3561.0
1753533424883,12:37:04.883,ARC/USDT:USDT,0.02472,1648.0,0.02471,4362.0,0.02474,23.0,0.02476,3561.0
1753533425009,12:37:05.009,ARC/USDT:USDT,0.02472,1648.0,0.02471,4362.0,0.02474,23.0,0.02476,3561.0
1753533425289,12:37:05.289,ARC/USDT:USDT,0.02472,1648.0,0.02471,4362.0,0.02474,23.0,0.02476,3561.0
1753533425426,12:37:05.426,ARC/USDT:USDT,0.02472,1648.0,0.02471,4362.0,0.02474,23.0,0.02476,3561.0
1753533425699,12:37:05.699,ARC/USDT:USDT,0.02472,1648.0,0.02471,4362.0,0.02474,23.0,0.02476,3561.0
1753533425806,12:37:05.806,ARC/USDT:USDT,0.02472,1648.0,0.02471,4362.0,0.02474,23.0,0.02476,3561.0
1753533426182,12:37:06.182,ARC/USDT:USDT,0.02473,2141.0,0.02472,1568.0,0.02474,23.0,0.02476,3561.0
1753533426257,12:37:06.257,ARC/USDT:USDT,0.02473,2134.0,0.02472,1568.0,0.02474,23.0,0.02476,3561.0
1753533426401,12:37:06.401,ARC/USDT:USDT,0.02473,2134.0,0.02472,1568.0,0.02474,23.0,0.02476,1500.0
1753533426586,12:37:06.586,ARC/USDT:USDT,0.02473,2134.0,0.02472,1683.0,0.02474,23.0,0.02476,1500.0
1753533426646,12:37:06.646,ARC/USDT:USDT,0.02473,2134.0,0.02472,1683.0,0.02474,23.0,0.02476,1500.0
1753533427825,12:37:07.825,ARC/USDT:USDT,0.02473,2134.0,0.02472,1683.0,0.02474,23.0,0.02476,1500.0
1753533428201,12:37:08.201,ARC/USDT:USDT,0.02473,2134.0,0.02472,1683.0,0.02476,500.0,0.02477,6652.0
1753533428269,12:37:08.269,ARC/USDT:USDT,0.02473,2134.0,0.02472,1683.0,0.02476,500.0,0.02477,2529.0
1753533428402,12:37:08.402,ARC/USDT:USDT,0.02473,2634.0,0.02472,1683.0,0.02476,500.0,0.02477,2529.0
1753533428465,12:37:08.465,ARC/USDT:USDT,0.02473,2634.0,0.02472,1683.0,0.02476,500.0,0.02477,1484.0
1753533429301,12:37:09.301,ARC/USDT:USDT,0.02473,2634.0,0.02472,5806.0,0.02476,500.0,0.02477,1484.0
1753533429326,12:37:09.326,ARC/USDT:USDT,0.02473,4055.0,0.02472,5806.0,0.02476,500.0,0.02477,1484.0
1753533430889,12:37:10.889,ARC/USDT:USDT,0.02474,1482.0,0.02473,4090.0,0.02477,500.0,0.02478,3561.0
1753533430993,12:37:10.993,ARC/USDT:USDT,0.02475,8.0,0.02474,1482.0,0.02477,500.0,0.02478,3561.0
1753533431102,12:37:11.102,ARC/USDT:USDT,0.02475,8.0,0.02474,1482.0,0.02477,500.0,0.02478,1500.0
1753533431197,12:37:11.197,ARC/USDT:USDT,0.02475,8.0,0.02474,1482.0,0.02477,500.0,0.02478,3561.0
1753533431250,12:37:11.250,ARC/USDT:USDT,0.02475,8.0,0.02474,1482.0,0.02477,540.0,0.02478,3561.0
1753533431338,12:37:11.338,ARC/USDT:USDT,0.02475,8.0,0.02474,1482.0,0.02477,580.0,0.02478,3561.0
1753533431498,12:37:11.498,ARC/USDT:USDT,0.02475,8.0,0.02474,1482.0,0.02477,580.0,0.02478,3561.0
1753533431516,12:37:11.516,ARC/USDT:USDT,0.02475,8.0,0.02474,1482.0,0.02477,580.0,0.02478,3561.0
1753533432200,12:37:12.200,ARC/USDT:USDT,0.02475,8.0,0.02474,1482.0,0.02477,500.0,0.02478,1500.0
1753533432270,12:37:12.270,ARC/USDT:USDT,0.02475,8.0,0.02474,1482.0,0.02477,540.0,0.02478,3561.0
1753533432352,12:37:12.352,ARC/USDT:USDT,0.02475,8.0,0.02474,1482.0,0.02477,540.0,0.02478,3561.0
1753533432483,12:37:12.483,ARC/USDT:USDT,0.02475,8.0,0.02474,1482.0,0.02477,540.0,0.02478,3561.0
1753533433194,12:37:13.194,ARC/USDT:USDT,0.02475,48.0,0.02474,1482.0,0.02478,1500.0,0.02479,4625.0
1753533433302,12:37:13.302,ARC/USDT:USDT,0.02475,2109.0,0.02474,2501.0,0.02478,500.0,0.02479,4625.0
1753533433403,12:37:13.403,ARC/USDT:USDT,0.02475,2109.0,0.02474,2501.0,0.02478,500.0,0.02479,4625.0
1753533433452,12:37:13.452,ARC/USDT:USDT,0.02475,2109.0,0.02474,2501.0,0.02478,500.0,0.02479,4625.0
1753533433504,12:37:13.504,ARC/USDT:USDT,0.02475,2109.0,0.02474,2501.0,0.02478,500.0,0.02479,4625.0
1753533434821,12:37:14.821,ARC/USDT:USDT,0.02475,2109.0,0.02474,2501.0,0.02478,500.0,0.02479,4625.0
1753533435785,12:37:15.785,ARC/USDT:USDT,0.02475,2109.0,0.02474,2501.0,0.02478,500.0,0.02479,4625.0
1753533435809,12:37:15.809,ARC/USDT:USDT,0.02475,2109.0,0.02474,2501.0,0.02478,500.0,0.02479,4625.0
1753533436223,12:37:16.223,ARC/USDT:USDT,0.02475,2109.0,0.02474,2501.0,0.02478,500.0,0.02479,4625.0
1753533438291,12:37:18.291,ARC/USDT:USDT,0.02477,2061.0,0.02476,1597.0,0.0248,1045.0,0.02482,2185.0
1753533438378,12:37:18.378,ARC/USDT:USDT,0.02476,615.0,0.02475,4424.0,0.0248,2561.0,0.02481,5668.0
1753533438410,12:37:18.410,ARC/USDT:USDT,0.02476,615.0,0.02475,4416.0,0.0248,2561.0,0.02481,5668.0
1753533438593,12:37:18.593,ARC/USDT:USDT,0.02476,615.0,0.02475,4416.0,0.0248,2561.0,0.02481,5668.0
1753533439002,12:37:19.002,ARC/USDT:USDT,0.02476,615.0,0.02475,4416.0,0.0248,2561.0,0.02481,5668.0
1753533439161,12:37:19.161,ARC/USDT:USDT,0.02476,615.0,0.02475,4416.0,0.0248,2561.0,0.02481,5668.0
1753533440400,12:37:20.400,ARC/USDT:USDT,0.02476,615.0,0.02475,4416.0,0.0248,2561.0,0.02481,5668.0
1753533440781,12:37:20.781,ARC/USDT:USDT,0.02476,615.0,0.02475,4416.0,0.0248,2561.0,0.02481,5668.0
1753533442084,12:37:22.084,ARC/USDT:USDT,0.02476,615.0,0.02475,4416.0,0.0248,2561.0,0.02481,5668.0
1753533442492,12:37:22.492,ARC/USDT:USDT,0.02476,615.0,0.02475,4416.0,0.0248,3606.0,0.02481,4623.0
1753533443222,12:37:23.222,ARC/USDT:USDT,0.02476,615.0,0.02475,4416.0,0.0248,3606.0,0.02481,4623.0
1753533443321,12:37:23.321,ARC/USDT:USDT,0.02476,615.0,0.02475,4416.0,0.0248,3606.0,0.02481,4623.0
1753533443417,12:37:23.417,ARC/USDT:USDT,0.02476,615.0,0.02475,4416.0,0.0248,3606.0,0.02481,4623.0
1753533444253,12:37:24.253,ARC/USDT:USDT,0.02476,615.0,0.02475,4416.0,0.0248,3606.0,0.02481,4623.0
1753533445018,12:37:25.018,ARC/USDT:USDT,0.02476,615.0,0.02475,4416.0,0.0248,3606.0,0.02481,4623.0
1753533445363,12:37:25.363,ARC/USDT:USDT,0.02476,615.0,0.02475,4416.0,0.0248,2561.0,0.02481,5668.0
1753533445555,12:37:25.555,ARC/USDT:USDT,0.02476,615.0,0.02475,4416.0,0.0248,2561.0,0.02481,5668.0
1753533446778,12:37:26.778,ARC/USDT:USDT,0.02476,615.0,0.02475,4416.0,0.0248,2561.0,0.02481,5668.0
1753533447554,12:37:27.554,ARC/USDT:USDT,0.02476,615.0,0.02475,4416.0,0.0248,2561.0,0.02481,5668.0
1753533447694,12:37:27.694,ARC/USDT:USDT,0.02476,615.0,0.02475,4416.0,0.0248,3606.0,0.02481,4623.0
1753533447834,12:37:27.834,ARC/USDT:USDT,0.02476,615.0,0.02475,4416.0,0.0248,3606.0,0.02481,4623.0
1753533448847,12:37:28.847,ARC/USDT:USDT,0.02476,615.0,0.02475,4416.0,0.0248,3606.0,0.02481,4623.0
1753533452815,12:37:32.815,ARC/USDT:USDT,0.02476,615.0,0.02475,4416.0,0.0248,3606.0,0.02481,4623.0
1753533453202,12:37:33.202,ARC/USDT:USDT,0.02476,615.0,0.02475,4416.0,0.0248,3606.0,0.02481,4623.0
1753533454099,12:37:34.099,ARC/USDT:USDT,0.02476,615.0,0.02475,4416.0,0.02479,1045.0,0.0248,2561.0
1753533454109,12:37:34.109,ARC/USDT:USDT,0.02476,615.0,0.02475,4416.0,0.02479,1545.0,0.0248,2561.0
1753533454209,12:37:34.209,ARC/USDT:USDT,0.02476,615.0,0.02475,4416.0,0.02479,500.0,0.0248,2561.0
1753533454307,12:37:34.307,ARC/USDT:USDT,0.02476,615.0,0.02475,4416.0,0.02479,500.0,0.0248,2561.0
1753533454699,12:37:34.699,ARC/USDT:USDT,0.02476,615.0,0.02475,4416.0,0.02479,500.0,0.0248,2561.0
1753533454759,12:37:34.759,ARC/USDT:USDT,0.02476,615.0,0.02475,4416.0,0.02479,500.0,0.0248,2561.0
1753533455256,12:37:35.256,ARC/USDT:USDT,0.02476,615.0,0.02475,4416.0,0.02479,500.0,0.0248,2561.0
1753533456003,12:37:36.003,ARC/USDT:USDT,0.02476,615.0,0.02475,4416.0,0.02479,500.0,0.0248,2561.0
1753533456347,12:37:36.347,ARC/USDT:USDT,0.02478,1333.0,0.02477,4178.0,0.0248,500.0,0.02481,1545.0
1753533456481,12:37:36.481,ARC/USDT:USDT,0.02478,1333.0,0.02477,4178.0,0.0248,500.0,0.02481,500.0
1753533456575,12:37:36.575,ARC/USDT:USDT,0.02478,1333.0,0.02477,4178.0,0.0248,500.0,0.02481,500.0
1753533456899,12:37:36.899,ARC/USDT:USDT,0.02478,80.0,0.02477,4178.0,0.0248,500.0,0.02481,500.0
1753533456966,12:37:36.966,ARC/USDT:USDT,0.02478,1333.0,0.02477,4178.0,0.0248,500.0,0.02481,500.0
1753533457099,12:37:37.099,ARC/USDT:USDT,0.02478,1253.0,0.02477,4178.0,0.02481,540.0,0.02482,5426.0
1753533457106,12:37:37.106,ARC/USDT:USDT,0.02478,1253.0,0.02477,4178.0,0.02481,540.0,0.02482,5426.0
1753533460471,12:37:40.471,ARC/USDT:USDT,0.02478,942.0,0.02477,4178.0,0.02481,500.0,0.02482,5426.0
1753533460526,12:37:40.526,ARC/USDT:USDT,0.02478,942.0,0.02477,4178.0,0.02481,500.0,0.02482,5426.0
1753533460893,12:37:40.893,ARC/USDT:USDT,0.02479,615.0,0.02478,942.0,0.02482,4257.0,0.02483,5615.0
1753533460964,12:37:40.964,ARC/USDT:USDT,0.02479,615.0,0.02478,942.0,0.02482,4257.0,0.02483,5615.0
1753533461102,12:37:41.102,ARC/USDT:USDT,0.02479,615.0,0.02478,1442.0,0.02482,4257.0,0.02483,5615.0
1753533461141,12:37:41.141,ARC/USDT:USDT,0.02479,615.0,0.02478,1442.0,0.02482,4257.0,0.02483,5615.0
1753533461396,12:37:41.396,ARC/USDT:USDT,0.02479,615.0,0.02478,1442.0,0.02482,4257.0,0.02483,5615.0
1753533461425,12:37:41.425,ARC/USDT:USDT,0.02479,500.0,0.02478,1442.0,0.02482,4257.0,0.02483,5615.0
1753533461485,12:37:41.485,ARC/USDT:USDT,0.02479,500.0,0.02478,1442.0,0.02482,4257.0,0.02483,5615.0
