timestamp,time,symbol,bid1_price,bid1_volume,bid2_price,bid2_volume,ask1_price,ask1_volume,ask2_price,ask2_volume
1753533019000,12:30:19.000,AI/USDT:USDT,0.13393,25.0,0.13392,97.0,0.13399,99.0,0.134,46.0
1753533019914,12:30:19.914,AI/USDT:USDT,0.13393,25.0,0.13389,54.0,0.13399,99.0,0.134,46.0
1753533019955,12:30:19.955,AI/USDT:USDT,0.1339,25.0,0.13388,97.0,0.13398,97.0,0.13399,99.0
1753533020091,12:30:20.091,AI/USDT:USDT,0.13389,122.0,0.13387,54.0,0.13397,24.0,0.13398,143.0
1753533020235,12:30:20.235,AI/USDT:USDT,0.13389,122.0,0.13387,54.0,0.13397,24.0,0.13398,143.0
1753533020921,12:30:20.921,AI/USDT:USDT,0.13389,122.0,0.13387,54.0,0.13397,24.0,0.13398,143.0
1753533021075,12:30:21.075,AI/USDT:USDT,0.13389,122.0,0.13387,54.0,0.13397,24.0,0.13398,143.0
1753533022976,12:30:22.976,AI/USDT:USDT,0.13389,122.0,0.13387,108.0,0.13397,24.0,0.13398,143.0
1753533023118,12:30:23.118,AI/USDT:USDT,0.13389,122.0,0.13387,108.0,0.13397,24.0,0.13398,143.0
1753533023363,12:30:23.363,AI/USDT:USDT,0.13389,25.0,0.13387,108.0,0.13396,116.0,0.13397,70.0
1753533023777,12:30:23.777,AI/USDT:USDT,0.1339,94.0,0.13389,119.0,0.13396,22.0,0.13397,70.0
1753533023929,12:30:23.929,AI/USDT:USDT,0.13388,25.0,0.13387,108.0,0.13395,2.0,0.13396,116.0
1753533023976,12:30:23.976,AI/USDT:USDT,0.13388,25.0,0.13387,108.0,0.13395,96.0,0.13396,116.0
1753533024130,12:30:24.130,AI/USDT:USDT,0.13388,25.0,0.13387,108.0,0.13395,96.0,0.13396,22.0
1753533024166,12:30:24.166,AI/USDT:USDT,0.13388,119.0,0.13387,108.0,0.13395,2.0,0.13396,22.0
1753533024266,12:30:24.266,AI/USDT:USDT,0.13388,119.0,0.13387,108.0,0.13395,2.0,0.13396,22.0
1753533024357,12:30:24.357,AI/USDT:USDT,0.13388,119.0,0.13387,108.0,0.13395,2.0,0.13396,22.0
1753533025224,12:30:25.224,AI/USDT:USDT,0.13388,119.0,0.13387,108.0,0.13395,2.0,0.13396,22.0
1753533026655,12:30:26.655,AI/USDT:USDT,0.13389,94.0,0.13388,25.0,0.13395,2.0,0.13397,22.0
1753533026781,12:30:26.781,AI/USDT:USDT,0.1339,77.0,0.13389,226.0,0.13396,2.0,0.13404,97.0
1753533026854,12:30:26.854,AI/USDT:USDT,0.1339,231.0,0.13389,226.0,0.13402,94.0,0.13403,2.0
1753533026954,12:30:26.954,AI/USDT:USDT,0.1339,77.0,0.13389,380.0,0.134,94.0,0.13401,24.0
1753533027058,12:30:27.058,AI/USDT:USDT,0.1339,77.0,0.13389,226.0,0.13398,94.0,0.13399,2.0
1753533027199,12:30:27.199,AI/USDT:USDT,0.1339,77.0,0.13389,226.0,0.13397,2.0,0.13398,94.0
1753533027379,12:30:27.379,AI/USDT:USDT,0.1339,77.0,0.13389,226.0,0.13397,2.0,0.13398,94.0
1753533029562,12:30:29.562,AI/USDT:USDT,0.1339,77.0,0.13389,226.0,0.13397,2.0,0.13398,94.0
1753533029922,12:30:29.922,AI/USDT:USDT,0.13391,94.0,0.1339,77.0,0.13397,2.0,0.134,46.0
1753533030029,12:30:30.029,AI/USDT:USDT,0.13392,25.0,0.13391,94.0,0.13399,96.0,0.134,46.0
1753533030063,12:30:30.063,AI/USDT:USDT,0.13392,25.0,0.13391,94.0,0.13399,96.0,0.134,46.0
1753533031614,12:30:31.614,AI/USDT:USDT,0.13392,25.0,0.1339,206.0,0.13398,94.0,0.13399,2.0
1753533031722,12:30:31.722,AI/USDT:USDT,0.13391,25.0,0.1339,52.0,0.13397,2.0,0.13398,94.0
1753533032045,12:30:32.045,AI/USDT:USDT,0.13391,25.0,0.1339,52.0,0.13397,2.0,0.13398,94.0
1753533032347,12:30:32.347,AI/USDT:USDT,0.13391,25.0,0.1339,52.0,0.13397,2.0,0.13398,140.0
1753533032454,12:30:32.454,AI/USDT:USDT,0.13391,25.0,0.1339,52.0,0.13397,2.0,0.13398,140.0
1753533032628,12:30:32.628,AI/USDT:USDT,0.13391,25.0,0.1339,52.0,0.13397,96.0,0.13398,46.0
1753533032634,12:30:32.634,AI/USDT:USDT,0.13391,25.0,0.1339,52.0,0.13397,96.0,0.13398,46.0
1753533032816,12:30:32.816,AI/USDT:USDT,0.13391,25.0,0.1339,52.0,0.13397,2.0,0.13398,46.0
1753533032861,12:30:32.861,AI/USDT:USDT,0.13391,25.0,0.1339,52.0,0.13397,2.0,0.13398,46.0
1753533032966,12:30:32.966,AI/USDT:USDT,0.13391,25.0,0.1339,52.0,0.13397,2.0,0.13398,46.0
1753533033261,12:30:33.261,AI/USDT:USDT,0.13391,25.0,0.1339,52.0,0.13397,2.0,0.13398,46.0
1753533033361,12:30:33.361,AI/USDT:USDT,0.13391,119.0,0.1339,52.0,0.13397,2.0,0.134,46.0
1753533033460,12:30:33.460,AI/USDT:USDT,0.13391,119.0,0.1339,52.0,0.13399,2.0,0.13401,46.0
1753533033614,12:30:33.614,AI/USDT:USDT,0.13391,119.0,0.1339,206.0,0.134,96.0,0.13401,46.0
1753533033789,12:30:33.789,AI/USDT:USDT,0.13391,119.0,0.1339,52.0,0.134,96.0,0.13401,46.0
1753533033886,12:30:33.886,AI/USDT:USDT,0.13391,119.0,0.1339,52.0,0.134,96.0,0.13401,91.0
1753533034017,12:30:34.017,AI/USDT:USDT,0.13391,119.0,0.1339,52.0,0.13399,94.0,0.134,2.0
1753533034087,12:30:34.087,AI/USDT:USDT,0.13391,119.0,0.1339,52.0,0.13398,2.0,0.13399,94.0
1753533035063,12:30:35.063,AI/USDT:USDT,0.13391,119.0,0.1339,52.0,0.13398,2.0,0.13399,94.0
1753533035308,12:30:35.308,AI/USDT:USDT,0.13391,119.0,0.1339,52.0,0.13398,2.0,0.13399,94.0
1753533035419,12:30:35.419,AI/USDT:USDT,0.13391,119.0,0.1339,52.0,0.13398,2.0,0.13399,94.0
1753533035565,12:30:35.565,AI/USDT:USDT,0.13392,94.0,0.13391,25.0,0.13398,2.0,0.13401,91.0
1753533035723,12:30:35.723,AI/USDT:USDT,0.13393,25.0,0.13392,94.0,0.134,96.0,0.13401,91.0
1753533036022,12:30:36.022,AI/USDT:USDT,0.13393,25.0,0.13392,94.0,0.134,96.0,0.13401,91.0
1753533036201,12:30:36.201,AI/USDT:USDT,0.13393,25.0,0.13392,94.0,0.134,96.0,0.13401,91.0
1753533036538,12:30:36.538,AI/USDT:USDT,0.13393,25.0,0.13392,94.0,0.134,96.0,0.13401,91.0
1753533037721,12:30:37.721,AI/USDT:USDT,0.13393,25.0,0.1339,52.0,0.13399,94.0,0.134,2.0
1753533037739,12:30:37.739,AI/USDT:USDT,0.13391,25.0,0.1339,52.0,0.13398,2.0,0.13399,94.0
1753533037927,12:30:37.927,AI/USDT:USDT,0.13391,25.0,0.1339,52.0,0.13397,94.0,0.13398,25.0
1753533037939,12:30:37.939,AI/USDT:USDT,0.13391,25.0,0.1339,52.0,0.13396,2.0,0.13397,94.0
1753533038168,12:30:38.168,AI/USDT:USDT,0.13391,25.0,0.1339,52.0,0.13396,2.0,0.13397,94.0
1753533038307,12:30:38.307,AI/USDT:USDT,0.13391,25.0,0.1339,52.0,0.13396,2.0,0.13397,94.0
1753533038451,12:30:38.451,AI/USDT:USDT,0.13391,25.0,0.1339,52.0,0.13394,94.0,0.13396,2.0
1753533038603,12:30:38.603,AI/USDT:USDT,0.13391,25.0,0.1339,52.0,0.13397,94.0,0.13398,68.0
1753533038646,12:30:38.646,AI/USDT:USDT,0.13391,25.0,0.1339,52.0,0.13396,96.0,0.13398,162.0
1753533039118,12:30:39.118,AI/USDT:USDT,0.13391,25.0,0.1339,52.0,0.13396,96.0,0.13398,162.0
1753533039376,12:30:39.376,AI/USDT:USDT,0.13391,25.0,0.1339,52.0,0.13396,96.0,0.13398,162.0
1753533040307,12:30:40.307,AI/USDT:USDT,0.13391,25.0,0.1339,52.0,0.13395,95.0,0.13396,2.0
1753533040360,12:30:40.360,AI/USDT:USDT,0.13391,25.0,0.1339,26.0,0.13394,2.0,0.13395,95.0
1753533040622,12:30:40.622,AI/USDT:USDT,0.13391,25.0,0.13387,149.0,0.13394,2.0,0.13395,141.0
1753533040674,12:30:40.674,AI/USDT:USDT,0.13388,25.0,0.13387,149.0,0.13394,2.0,0.13395,46.0
1753533041008,12:30:41.008,AI/USDT:USDT,0.13388,25.0,0.13387,149.0,0.13394,2.0,0.13395,46.0
1753533041324,12:30:41.324,AI/USDT:USDT,0.13388,25.0,0.13382,95.0,0.13393,95.0,0.13394,2.0
1753533041428,12:30:41.428,AI/USDT:USDT,0.13383,168.0,0.13382,158.0,0.13392,120.0,0.13393,46.0
1753533041510,12:30:41.510,AI/USDT:USDT,0.13383,168.0,0.13382,63.0,0.13392,120.0,0.13393,46.0
1753533042125,12:30:42.125,AI/USDT:USDT,0.13383,168.0,0.13382,63.0,0.13391,95.0,0.13392,70.0
1753533042138,12:30:42.138,AI/USDT:USDT,0.13383,168.0,0.13382,63.0,0.1339,2.0,0.13391,95.0
1753533042525,12:30:42.525,AI/USDT:USDT,0.13384,95.0,0.13383,73.0,0.1339,2.0,0.13391,95.0
1753533042534,12:30:42.534,AI/USDT:USDT,0.13383,73.0,0.13382,63.0,0.1339,2.0,0.13391,95.0
1753533042660,12:30:42.660,AI/USDT:USDT,0.13383,73.0,0.13382,63.0,0.1339,2.0,0.13391,95.0
1753533042773,12:30:42.773,AI/USDT:USDT,0.13385,25.0,0.13383,48.0,0.1339,2.0,0.13392,68.0
1753533042844,12:30:42.844,AI/USDT:USDT,0.13384,25.0,0.13383,48.0,0.13391,2.0,0.13392,68.0
1753533042986,12:30:42.986,AI/USDT:USDT,0.13384,25.0,0.13383,48.0,0.13391,2.0,0.13392,68.0
1753533043085,12:30:43.085,AI/USDT:USDT,0.13384,25.0,0.13383,48.0,0.13391,2.0,0.13392,68.0
1753533043499,12:30:43.499,AI/USDT:USDT,0.13384,25.0,0.13383,48.0,0.13391,97.0,0.13392,68.0
1753533044304,12:30:44.304,AI/USDT:USDT,0.13384,25.0,0.13383,48.0,0.13391,97.0,0.13392,68.0
1753533044626,12:30:44.626,AI/USDT:USDT,0.13384,25.0,0.13383,48.0,0.13391,97.0,0.13392,68.0
1753533044722,12:30:44.722,AI/USDT:USDT,0.13384,25.0,0.13383,48.0,0.13391,97.0,0.13392,68.0
1753533045631,12:30:45.631,AI/USDT:USDT,0.13384,25.0,0.13383,48.0,0.13391,97.0,0.13392,68.0
1753533045634,12:30:45.634,AI/USDT:USDT,0.13384,25.0,0.13383,48.0,0.13391,97.0,0.13392,68.0
1753533045925,12:30:45.925,AI/USDT:USDT,0.13384,25.0,0.13383,48.0,0.1339,95.0,0.13391,2.0
1753533045948,12:30:45.948,AI/USDT:USDT,0.13384,25.0,0.13383,48.0,0.13389,2.0,0.1339,95.0
1753533046047,12:30:46.047,AI/USDT:USDT,0.13384,25.0,0.13383,48.0,0.13389,2.0,0.1339,95.0
1753533046361,12:30:46.361,AI/USDT:USDT,0.13384,25.0,0.13383,48.0,0.13389,2.0,0.1339,95.0
1753533046561,12:30:46.561,AI/USDT:USDT,0.13384,25.0,0.13383,48.0,0.13389,2.0,0.1339,95.0
1753533046774,12:30:46.774,AI/USDT:USDT,0.13384,25.0,0.13383,48.0,0.13389,2.0,0.1339,95.0
1753533046957,12:30:46.957,AI/USDT:USDT,0.13384,25.0,0.13383,48.0,0.13389,2.0,0.1339,95.0
1753533047185,12:30:47.185,AI/USDT:USDT,0.13384,25.0,0.13383,48.0,0.13389,2.0,0.1339,95.0
1753533048651,12:30:48.651,AI/USDT:USDT,0.13384,25.0,0.13383,48.0,0.13389,2.0,0.1339,95.0
1753533048940,12:30:48.940,AI/USDT:USDT,0.13384,25.0,0.13383,48.0,0.13389,2.0,0.1339,95.0
1753533049209,12:30:49.209,AI/USDT:USDT,0.13384,25.0,0.13383,48.0,0.13389,2.0,0.1339,95.0
1753533049659,12:30:49.659,AI/USDT:USDT,0.13384,25.0,0.13383,48.0,0.13389,2.0,0.1339,95.0
1753533050178,12:30:50.178,AI/USDT:USDT,0.13384,25.0,0.13383,48.0,0.13389,2.0,0.1339,95.0
1753533050425,12:30:50.425,AI/USDT:USDT,0.13384,25.0,0.13383,48.0,0.13389,2.0,0.1339,95.0
1753533050920,12:30:50.920,AI/USDT:USDT,0.13384,25.0,0.13383,48.0,0.13389,2.0,0.13392,68.0
1753533050991,12:30:50.991,AI/USDT:USDT,0.13384,25.0,0.13383,48.0,0.13391,2.0,0.13392,68.0
1753533051084,12:30:51.084,AI/USDT:USDT,0.13384,25.0,0.13383,48.0,0.13391,2.0,0.13392,68.0
1753533051252,12:30:51.252,AI/USDT:USDT,0.13384,25.0,0.13383,48.0,0.13391,2.0,0.13392,68.0
1753533051508,12:30:51.508,AI/USDT:USDT,0.13384,25.0,0.13383,48.0,0.13391,2.0,0.13392,68.0
1753533052079,12:30:52.079,AI/USDT:USDT,0.13384,25.0,0.13383,48.0,0.13391,2.0,0.13392,68.0
1753533052498,12:30:52.498,AI/USDT:USDT,0.13384,25.0,0.13383,48.0,0.13391,2.0,0.13392,68.0
1753533053320,12:30:53.320,AI/USDT:USDT,0.13384,25.0,0.13383,48.0,0.13391,2.0,0.13392,68.0
1753533053661,12:30:53.661,AI/USDT:USDT,0.13384,25.0,0.13383,48.0,0.13391,95.0,0.13392,68.0
1753533054138,12:30:54.138,AI/USDT:USDT,0.13384,25.0,0.13383,48.0,0.13391,95.0,0.13392,68.0
1753533055432,12:30:55.432,AI/USDT:USDT,0.13384,25.0,0.13383,48.0,0.13391,95.0,0.13392,68.0
1753533055584,12:30:55.584,AI/USDT:USDT,0.13384,25.0,0.13383,48.0,0.13391,95.0,0.13392,68.0
1753533056162,12:30:56.162,AI/USDT:USDT,0.13384,25.0,0.13383,48.0,0.13391,95.0,0.13392,68.0
1753533057601,12:30:57.601,AI/USDT:USDT,0.13384,25.0,0.13383,48.0,0.13391,95.0,0.13392,68.0
1753533058184,12:30:58.184,AI/USDT:USDT,0.13384,25.0,0.13383,48.0,0.13391,95.0,0.13392,68.0
1753533058447,12:30:58.447,AI/USDT:USDT,0.13384,25.0,0.13383,48.0,0.1339,93.0,0.13391,2.0
1753533058598,12:30:58.598,AI/USDT:USDT,0.13384,25.0,0.13383,48.0,0.13389,2.0,0.1339,93.0
1753533059011,12:30:59.011,AI/USDT:USDT,0.13384,25.0,0.13383,48.0,0.13389,2.0,0.1339,93.0
1753533059428,12:30:59.428,AI/USDT:USDT,0.13384,25.0,0.13383,48.0,0.13389,2.0,0.1339,93.0
1753533059513,12:30:59.513,AI/USDT:USDT,0.13384,25.0,0.13383,24.0,0.13389,95.0,0.13392,68.0
1753533059616,12:30:59.616,AI/USDT:USDT,0.13384,25.0,0.13383,24.0,0.13388,93.0,0.13389,2.0
1753533059716,12:30:59.716,AI/USDT:USDT,0.13384,25.0,0.13383,24.0,0.13387,2.0,0.13388,93.0
1753533059777,12:30:59.777,AI/USDT:USDT,0.13384,25.0,0.13383,24.0,0.13387,2.0,0.13388,93.0
1753533059847,12:30:59.847,AI/USDT:USDT,0.13384,25.0,0.13383,24.0,0.13387,2.0,0.13388,93.0
1753533060139,12:31:00.139,AI/USDT:USDT,0.13384,25.0,0.13383,24.0,0.13387,2.0,0.13388,93.0
1753533060276,12:31:00.276,AI/USDT:USDT,0.13384,25.0,0.13383,24.0,0.13387,2.0,0.13388,93.0
1753533060720,12:31:00.720,AI/USDT:USDT,0.13384,25.0,0.1338,54.0,0.13386,94.0,0.13387,2.0
1753533060738,12:31:00.738,AI/USDT:USDT,0.13381,25.0,0.1338,54.0,0.13386,94.0,0.13388,54.0
1753533060843,12:31:00.843,AI/USDT:USDT,0.13381,25.0,0.13377,54.0,0.13385,2.0,0.13386,138.0
1753533060968,12:31:00.968,AI/USDT:USDT,0.13378,25.0,0.13377,54.0,0.13385,23.0,0.13386,182.0
1753533061120,12:31:01.120,AI/USDT:USDT,0.13378,25.0,0.13377,54.0,0.13384,94.0,0.13385,23.0
1753533061154,12:31:01.154,AI/USDT:USDT,0.13378,25.0,0.13377,54.0,0.13383,2.0,0.13385,21.0
1753533061251,12:31:01.251,AI/USDT:USDT,0.13378,25.0,0.13377,54.0,0.13384,2.0,0.13385,21.0
1753533061560,12:31:01.560,AI/USDT:USDT,0.13378,25.0,0.13377,54.0,0.13384,2.0,0.13385,21.0
1753533061748,12:31:01.748,AI/USDT:USDT,0.13378,25.0,0.13377,54.0,0.13384,2.0,0.13386,138.0
1753533061898,12:31:01.898,AI/USDT:USDT,0.13378,25.0,0.13377,54.0,0.13385,2.0,0.13386,138.0
1753533061981,12:31:01.981,AI/USDT:USDT,0.13378,25.0,0.13377,54.0,0.13385,2.0,0.13386,138.0
1753533062330,12:31:02.330,AI/USDT:USDT,0.13378,25.0,0.13377,54.0,0.13385,2.0,0.13386,138.0
1753533062335,12:31:02.335,AI/USDT:USDT,0.13378,25.0,0.13377,54.0,0.13385,2.0,0.13386,138.0
1753533062480,12:31:02.480,AI/USDT:USDT,0.13378,119.0,0.13377,54.0,0.13385,2.0,0.13386,94.0
1753533062723,12:31:02.723,AI/USDT:USDT,0.13378,119.0,0.13377,54.0,0.13385,2.0,0.13386,94.0
1753533063202,12:31:03.202,AI/USDT:USDT,0.13378,119.0,0.13377,54.0,0.13385,2.0,0.13386,94.0
1753533064031,12:31:04.031,AI/USDT:USDT,0.13379,154.0,0.13378,119.0,0.13385,2.0,0.13404,97.0
1753533064130,12:31:04.130,AI/USDT:USDT,0.13381,154.0,0.1338,119.0,0.13399,94.0,0.134,2238.0
1753533064155,12:31:04.155,AI/USDT:USDT,0.13382,25.0,0.13381,154.0,0.13397,94.0,0.13398,2241.0
1753533064250,12:31:04.250,AI/USDT:USDT,0.13382,25.0,0.13381,154.0,0.13395,94.0,0.13396,2241.0
1753533064431,12:31:04.431,AI/USDT:USDT,0.13382,25.0,0.13379,22.0,0.13392,94.0,0.13393,2260.0
1753533064474,12:31:04.474,AI/USDT:USDT,0.1338,141.0,0.13379,22.0,0.1339,115.0,0.13391,46.0
1753533064538,12:31:04.538,AI/USDT:USDT,0.1338,141.0,0.13379,22.0,0.13389,2.0,0.1339,115.0
1753533064648,12:31:04.648,AI/USDT:USDT,0.1338,141.0,0.13379,22.0,0.13389,117.0,0.1339,65.0
1753533064861,12:31:04.861,AI/USDT:USDT,0.1338,141.0,0.13379,22.0,0.13389,117.0,0.1339,65.0
1753533065278,12:31:05.278,AI/USDT:USDT,0.1338,141.0,0.13379,22.0,0.13389,117.0,0.1339,65.0
1753533065384,12:31:05.384,AI/USDT:USDT,0.13381,94.0,0.1338,47.0,0.13389,23.0,0.1339,65.0
1753533065457,12:31:05.457,AI/USDT:USDT,0.13382,119.0,0.1338,22.0,0.13389,23.0,0.1339,65.0
1753533065591,12:31:05.591,AI/USDT:USDT,0.13382,119.0,0.1338,22.0,0.13389,2.0,0.13392,94.0
1753533065727,12:31:05.727,AI/USDT:USDT,0.13382,119.0,0.1338,176.0,0.13391,117.0,0.13392,182.0
1753533065852,12:31:05.852,AI/USDT:USDT,0.13382,119.0,0.1338,176.0,0.13391,117.0,0.13392,88.0
1753533066108,12:31:06.108,AI/USDT:USDT,0.13382,119.0,0.1338,176.0,0.13391,117.0,0.13392,88.0
1753533066164,12:31:06.164,AI/USDT:USDT,0.13382,119.0,0.1338,176.0,0.13391,117.0,0.13392,88.0
1753533066395,12:31:06.395,AI/USDT:USDT,0.13382,119.0,0.1338,176.0,0.13391,117.0,0.13392,88.0
1753533066523,12:31:06.523,AI/USDT:USDT,0.13382,119.0,0.1338,176.0,0.13391,117.0,0.13392,88.0
1753533066608,12:31:06.608,AI/USDT:USDT,0.13382,25.0,0.1338,176.0,0.1339,94.0,0.13391,23.0
1753533066721,12:31:06.721,AI/USDT:USDT,0.13381,25.0,0.13378,148.0,0.13388,115.0,0.13389,46.0
1753533066814,12:31:06.814,AI/USDT:USDT,0.13379,119.0,0.13378,54.0,0.13387,2.0,0.13388,115.0
1753533066863,12:31:06.863,AI/USDT:USDT,0.1338,94.0,0.13379,25.0,0.13387,2.0,0.13388,159.0
1753533066954,12:31:06.954,AI/USDT:USDT,0.13381,25.0,0.1338,94.0,0.13387,2.0,0.13388,65.0
1753533067192,12:31:07.192,AI/USDT:USDT,0.13381,25.0,0.1338,94.0,0.13387,2.0,0.13388,65.0
1753533067418,12:31:07.418,AI/USDT:USDT,0.13382,94.0,0.13381,25.0,0.13387,2.0,0.13388,65.0
1753533067467,12:31:07.467,AI/USDT:USDT,0.13384,94.0,0.13383,25.0,0.13387,2.0,0.13388,21.0
1753533067616,12:31:07.616,AI/USDT:USDT,0.13384,94.0,0.13382,54.0,0.13387,2.0,0.13392,202.0
1753533067722,12:31:07.722,AI/USDT:USDT,0.13384,94.0,0.13382,54.0,0.13391,2.0,0.13392,108.0
1753533067784,12:31:07.784,AI/USDT:USDT,0.13385,25.0,0.13384,94.0,0.13391,2.0,0.13392,108.0
1753533067865,12:31:07.865,AI/USDT:USDT,0.13385,25.0,0.13384,94.0,0.13391,2.0,0.13392,108.0
1753533068331,12:31:08.331,AI/USDT:USDT,0.13385,25.0,0.13384,94.0,0.13391,2.0,0.13392,108.0
1753533068636,12:31:08.636,AI/USDT:USDT,0.13385,119.0,0.13382,54.0,0.13391,2.0,0.13392,108.0
1753533069029,12:31:09.029,AI/USDT:USDT,0.13386,94.0,0.13385,25.0,0.13391,2.0,0.13392,108.0
1753533069124,12:31:09.124,AI/USDT:USDT,0.13388,94.0,0.13387,25.0,0.13391,2.0,0.13399,94.0
1753533069219,12:31:09.219,AI/USDT:USDT,0.13388,22.0,0.13386,208.0,0.13397,94.0,0.13398,96.0
1753533069284,12:31:09.284,AI/USDT:USDT,0.13389,119.0,0.13388,22.0,0.13396,2.0,0.13398,94.0
1753533069357,12:31:09.357,AI/USDT:USDT,0.13389,119.0,0.13388,22.0,0.13397,2.0,0.13398,94.0
1753533069450,12:31:09.450,AI/USDT:USDT,0.13389,119.0,0.13388,22.0,0.13397,2.0,0.13398,94.0
1753533069564,12:31:09.564,AI/USDT:USDT,0.13389,119.0,0.13388,176.0,0.13397,96.0,0.13399,42.0
1753533069775,12:31:09.775,AI/USDT:USDT,0.13389,119.0,0.13388,22.0,0.13397,96.0,0.13399,42.0
1753533069878,12:31:09.878,AI/USDT:USDT,0.13389,119.0,0.13388,22.0,0.13397,96.0,0.13399,42.0
1753533070028,12:31:10.028,AI/USDT:USDT,0.13389,119.0,0.13388,22.0,0.13397,96.0,0.13399,42.0
1753533070307,12:31:10.307,AI/USDT:USDT,0.13389,119.0,0.13388,22.0,0.13397,96.0,0.13399,42.0
1753533070357,12:31:10.357,AI/USDT:USDT,0.13389,119.0,0.13388,22.0,0.13397,96.0,0.13399,42.0
1753533070437,12:31:10.437,AI/USDT:USDT,0.13389,119.0,0.13388,22.0,0.13397,96.0,0.13399,42.0
1753533070814,12:31:10.814,AI/USDT:USDT,0.13389,119.0,0.13388,22.0,0.13397,96.0,0.13399,42.0
1753533070836,12:31:10.836,AI/USDT:USDT,0.13389,119.0,0.13388,22.0,0.13397,96.0,0.13399,42.0
1753533071017,12:31:11.017,AI/USDT:USDT,0.13389,119.0,0.13388,22.0,0.13397,96.0,0.13399,42.0
1753533071120,12:31:11.120,AI/USDT:USDT,0.13389,119.0,0.13388,22.0,0.13397,96.0,0.13399,42.0
1753533071317,12:31:11.317,AI/USDT:USDT,0.13389,273.0,0.13388,22.0,0.13396,92.0,0.13397,2.0
1753533071342,12:31:11.342,AI/USDT:USDT,0.13389,25.0,0.13388,22.0,0.13395,2.0,0.13396,92.0
1753533071464,12:31:11.464,AI/USDT:USDT,0.13389,25.0,0.13388,22.0,0.13395,2.0,0.13396,92.0
1753533071630,12:31:11.630,AI/USDT:USDT,0.13389,25.0,0.13386,54.0,0.13394,92.0,0.13395,23.0
1753533071727,12:31:11.727,AI/USDT:USDT,0.13387,25.0,0.13386,54.0,0.13392,92.0,0.13393,2.0
1753533071786,12:31:11.786,AI/USDT:USDT,0.13387,25.0,0.13386,54.0,0.13391,2.0,0.13392,92.0
1753533071863,12:31:11.863,AI/USDT:USDT,0.13387,25.0,0.13386,54.0,0.13391,2.0,0.13392,92.0
1753533072006,12:31:12.006,AI/USDT:USDT,0.13387,25.0,0.13386,54.0,0.13391,2.0,0.13392,92.0
1753533072399,12:31:12.399,AI/USDT:USDT,0.13387,25.0,0.13386,54.0,0.13391,2.0,0.13392,92.0
1753533072616,12:31:12.616,AI/USDT:USDT,0.13387,25.0,0.13386,54.0,0.13391,2.0,0.13392,92.0
1753533073016,12:31:13.016,AI/USDT:USDT,0.13387,25.0,0.13386,54.0,0.13391,2.0,0.13392,92.0
1753533073050,12:31:13.050,AI/USDT:USDT,0.13387,25.0,0.13386,54.0,0.13391,2.0,0.13395,65.0
1753533073219,12:31:13.219,AI/USDT:USDT,0.13387,25.0,0.13386,54.0,0.13394,2.0,0.13395,65.0
1753533073239,12:31:13.239,AI/USDT:USDT,0.13387,25.0,0.13386,54.0,0.13394,94.0,0.13395,65.0
1753533073643,12:31:13.643,AI/USDT:USDT,0.13387,25.0,0.13386,54.0,0.13394,94.0,0.13395,65.0
1753533074480,12:31:14.480,AI/USDT:USDT,0.13387,25.0,0.13386,54.0,0.13393,92.0,0.13394,2.0
1753533074539,12:31:14.539,AI/USDT:USDT,0.13387,25.0,0.13386,54.0,0.13392,2.0,0.13393,92.0
1753533074746,12:31:14.746,AI/USDT:USDT,0.13387,25.0,0.13386,54.0,0.13392,2.0,0.13393,92.0
1753533074865,12:31:14.865,AI/USDT:USDT,0.13387,25.0,0.13386,54.0,0.13392,2.0,0.13393,92.0
1753533075519,12:31:15.519,AI/USDT:USDT,0.13387,25.0,0.13386,54.0,0.13392,94.0,0.13393,92.0
1753533075682,12:31:15.682,AI/USDT:USDT,0.13387,25.0,0.13386,54.0,0.13392,94.0,0.13395,65.0
1753533076896,12:31:16.896,AI/USDT:USDT,0.13387,25.0,0.13386,54.0,0.13392,94.0,0.13395,65.0
1753533078017,12:31:18.017,AI/USDT:USDT,0.13388,92.0,0.13387,47.0,0.13392,2.0,0.13416,94.0
1753533078121,12:31:18.121,AI/USDT:USDT,0.13388,92.0,0.13387,47.0,0.13392,2.0,0.13416,94.0
1753533078222,12:31:18.222,AI/USDT:USDT,0.13388,92.0,0.13387,25.0,0.13416,94.0,0.1342,342.0
1753533078260,12:31:18.260,AI/USDT:USDT,0.13389,154.0,0.13388,92.0,0.13416,94.0,0.1342,342.0
1753533078361,12:31:18.361,AI/USDT:USDT,0.13389,154.0,0.13388,92.0,0.13415,92.0,0.13416,1.0
1753533078528,12:31:18.528,AI/USDT:USDT,0.1339,92.0,0.13389,154.0,0.13418,92.0,0.13419,2235.0
1753533078609,12:31:18.609,AI/USDT:USDT,0.1339,92.0,0.13389,154.0,0.13416,92.0,0.13417,2235.0
1753533078728,12:31:18.728,AI/USDT:USDT,0.13391,154.0,0.1339,92.0,0.13412,92.0,0.13413,2236.0
1753533078782,12:31:18.782,AI/USDT:USDT,0.13391,175.0,0.1339,93.0,0.13408,92.0,0.13409,2237.0
1753533078898,12:31:18.898,AI/USDT:USDT,0.13392,5.0,0.13391,175.0,0.13404,92.0,0.13405,2237.0
1753533079032,12:31:19.032,AI/USDT:USDT,0.13392,5.0,0.13391,21.0,0.13402,92.0,0.13403,2280.0
1753533079092,12:31:19.092,AI/USDT:USDT,0.13391,26.0,0.13387,208.0,0.134,92.0,0.13401,2238.0
1753533079218,12:31:19.218,AI/USDT:USDT,0.13388,118.0,0.13387,208.0,0.13399,92.0,0.134,373.0
1753533079468,12:31:19.468,AI/USDT:USDT,0.13388,118.0,0.13387,208.0,0.13399,92.0,0.134,373.0
1753533079684,12:31:19.684,AI/USDT:USDT,0.13389,92.0,0.13388,118.0,0.13399,92.0,0.134,373.0
1753533079802,12:31:19.802,AI/USDT:USDT,0.1339,26.0,0.13389,92.0,0.13399,92.0,0.13401,2238.0
1753533079918,12:31:19.918,AI/USDT:USDT,0.1339,26.0,0.13389,92.0,0.13399,92.0,0.13401,2238.0
1753533080223,12:31:20.223,AI/USDT:USDT,0.13396,1.0,0.1339,26.0,0.13399,92.0,0.13401,2238.0
1753533080237,12:31:20.237,AI/USDT:USDT,0.13396,1.0,0.13389,92.0,0.13399,92.0,0.13401,2238.0
1753533080334,12:31:20.334,AI/USDT:USDT,0.13389,92.0,0.13387,208.0,0.13399,92.0,0.13401,2238.0
1753533080440,12:31:20.440,AI/USDT:USDT,0.1339,26.0,0.13389,92.0,0.13399,92.0,0.13401,2238.0
1753533080808,12:31:20.808,AI/USDT:USDT,0.1339,26.0,0.13389,92.0,0.13399,92.0,0.13401,2238.0
1753533081230,12:31:21.230,AI/USDT:USDT,0.1339,26.0,0.13389,92.0,0.13399,92.0,0.13401,2238.0
1753533081656,12:31:21.656,AI/USDT:USDT,0.1339,26.0,0.13387,208.0,0.13399,92.0,0.13401,2238.0
1753533081755,12:31:21.755,AI/USDT:USDT,0.13388,26.0,0.13387,54.0,0.13399,92.0,0.13401,2238.0
1753533081862,12:31:21.862,AI/USDT:USDT,0.13388,26.0,0.13387,54.0,0.13399,92.0,0.13401,2238.0
1753533081973,12:31:21.973,AI/USDT:USDT,0.13388,26.0,0.13387,54.0,0.13399,92.0,0.13401,2238.0
1753533082080,12:31:22.080,AI/USDT:USDT,0.13388,26.0,0.13387,54.0,0.13398,94.0,0.13399,42.0
1753533082497,12:31:22.497,AI/USDT:USDT,0.13388,26.0,0.13387,54.0,0.13398,94.0,0.13399,42.0
1753533082911,12:31:22.911,AI/USDT:USDT,0.13388,26.0,0.13387,54.0,0.13398,94.0,0.13399,42.0
1753533083365,12:31:23.365,AI/USDT:USDT,0.13388,26.0,0.13387,54.0,0.13398,94.0,0.13399,42.0
1753533083872,12:31:23.872,AI/USDT:USDT,0.13388,26.0,0.13387,54.0,0.13397,94.0,0.13398,467.0
1753533084029,12:31:24.029,AI/USDT:USDT,0.13388,26.0,0.13387,54.0,0.13397,94.0,0.13399,42.0
1753533084141,12:31:24.141,AI/USDT:USDT,0.13388,26.0,0.13387,54.0,0.13397,94.0,0.13399,42.0
1753533085199,12:31:25.199,AI/USDT:USDT,0.13388,26.0,0.13387,54.0,0.13397,94.0,0.13399,42.0
1753533085376,12:31:25.376,AI/USDT:USDT,0.13388,26.0,0.13387,54.0,0.13397,94.0,0.13399,42.0
1753533085524,12:31:25.524,AI/USDT:USDT,0.13388,26.0,0.13387,54.0,0.13397,94.0,0.13399,42.0
1753533085727,12:31:25.727,AI/USDT:USDT,0.13388,26.0,0.13387,54.0,0.13397,94.0,0.13399,42.0
1753533087400,12:31:27.400,AI/USDT:USDT,0.13388,26.0,0.13387,54.0,0.13397,94.0,0.13399,42.0
1753533087591,12:31:27.591,AI/USDT:USDT,0.13388,120.0,0.13387,54.0,0.13397,94.0,0.13399,42.0
1753533087715,12:31:27.715,AI/USDT:USDT,0.13389,94.0,0.13388,26.0,0.13397,94.0,0.13399,42.0
1753533087817,12:31:27.817,AI/USDT:USDT,0.1339,26.0,0.13389,94.0,0.13397,94.0,0.13399,42.0
1753533088232,12:31:28.232,AI/USDT:USDT,0.1339,26.0,0.13389,94.0,0.13397,94.0,0.13399,42.0
1753533089049,12:31:29.049,AI/USDT:USDT,0.1339,26.0,0.13389,94.0,0.13397,94.0,0.13399,42.0
1753533089288,12:31:29.288,AI/USDT:USDT,0.1339,26.0,0.13387,54.0,0.13397,94.0,0.13399,42.0
1753533089342,12:31:29.342,AI/USDT:USDT,0.13388,26.0,0.13387,54.0,0.13397,94.0,0.13399,42.0
1753533089467,12:31:29.467,AI/USDT:USDT,0.13388,26.0,0.13387,54.0,0.13397,94.0,0.13399,42.0
1753533089890,12:31:29.890,AI/USDT:USDT,0.13388,26.0,0.13387,54.0,0.13397,94.0,0.13399,42.0
1753533090363,12:31:30.363,AI/USDT:USDT,0.13389,95.0,0.13388,26.0,0.13397,94.0,0.13399,42.0
1753533090442,12:31:30.442,AI/USDT:USDT,0.1339,26.0,0.13389,95.0,0.13397,94.0,0.13399,42.0
1753533090687,12:31:30.687,AI/USDT:USDT,0.1339,26.0,0.13389,95.0,0.13397,94.0,0.13399,42.0
1753533090960,12:31:30.960,AI/USDT:USDT,0.1339,26.0,0.13387,54.0,0.13397,94.0,0.13399,42.0
1753533091101,12:31:31.101,AI/USDT:USDT,0.13388,26.0,0.13387,54.0,0.13397,94.0,0.13399,42.0
1753533091514,12:31:31.514,AI/USDT:USDT,0.13388,26.0,0.13387,54.0,0.13397,94.0,0.13399,42.0
1753533092064,12:31:32.064,AI/USDT:USDT,0.13388,26.0,0.13387,54.0,0.13397,94.0,0.13399,42.0
1753533092331,12:31:32.331,AI/USDT:USDT,0.13388,26.0,0.13387,54.0,0.13397,94.0,0.13399,42.0
1753533093266,12:31:33.266,AI/USDT:USDT,0.13388,26.0,0.13387,54.0,0.13396,95.0,0.13397,373.0
1753533093625,12:31:33.625,AI/USDT:USDT,0.13389,95.0,0.13388,26.0,0.13399,42.0,0.134,182.0
1753533093702,12:31:33.702,AI/USDT:USDT,0.1339,80.0,0.13388,95.0,0.13398,95.0,0.13399,42.0
1753533093761,12:31:33.761,AI/USDT:USDT,0.1339,80.0,0.13388,95.0,0.13398,95.0,0.13399,42.0
1753533093965,12:31:33.965,AI/USDT:USDT,0.1339,80.0,0.13388,95.0,0.13398,95.0,0.13399,42.0
1753533094235,12:31:34.235,AI/USDT:USDT,0.1339,80.0,0.13388,95.0,0.13398,95.0,0.13399,42.0
1753533094384,12:31:34.384,AI/USDT:USDT,0.1339,80.0,0.13388,95.0,0.13398,95.0,0.13399,42.0
1753533094799,12:31:34.799,AI/USDT:USDT,0.1339,80.0,0.13388,95.0,0.13398,95.0,0.13399,42.0
1753533096218,12:31:36.218,AI/USDT:USDT,0.1339,80.0,0.13388,95.0,0.13397,95.0,0.13398,373.0
1753533096418,12:31:36.418,AI/USDT:USDT,0.1339,80.0,0.13388,95.0,0.13397,95.0,0.13398,373.0
1753533096728,12:31:36.728,AI/USDT:USDT,0.1339,80.0,0.13388,95.0,0.13397,95.0,0.13398,373.0
1753533097900,12:31:37.900,AI/USDT:USDT,0.1339,80.0,0.13388,95.0,0.13397,95.0,0.13398,373.0
1753533098525,12:31:38.525,AI/USDT:USDT,0.1339,80.0,0.13388,95.0,0.13397,95.0,0.13398,373.0
1753533099431,12:31:39.431,AI/USDT:USDT,0.1339,80.0,0.13388,95.0,0.13397,95.0,0.13398,373.0
1753533100415,12:31:40.415,AI/USDT:USDT,0.1339,80.0,0.13388,95.0,0.13397,95.0,0.13399,42.0
1753533100579,12:31:40.579,AI/USDT:USDT,0.1339,80.0,0.13388,249.0,0.13398,93.0,0.13399,2280.0
1753533100708,12:31:40.708,AI/USDT:USDT,0.1339,80.0,0.13388,95.0,0.13397,93.0,0.13398,679.0
1753533101337,12:31:41.337,AI/USDT:USDT,0.1339,26.0,0.13388,95.0,0.13397,93.0,0.13398,679.0
1753533101500,12:31:41.500,AI/USDT:USDT,0.13389,26.0,0.13388,149.0,0.13397,93.0,0.13398,679.0
1753533102070,12:31:42.070,AI/USDT:USDT,0.13389,26.0,0.13388,149.0,0.13397,93.0,0.13398,679.0
1753533102420,12:31:42.420,AI/USDT:USDT,0.13389,26.0,0.13388,54.0,0.13398,93.0,0.13399,2280.0
1753533102487,12:31:42.487,AI/USDT:USDT,0.13389,26.0,0.13388,54.0,0.13397,93.0,0.13398,1661.0
1753533102644,12:31:42.644,AI/USDT:USDT,0.13389,26.0,0.13388,54.0,0.13397,93.0,0.13398,989.0
1753533102867,12:31:42.867,AI/USDT:USDT,0.13389,26.0,0.13388,54.0,0.13397,93.0,0.13398,989.0
1753533103300,12:31:43.300,AI/USDT:USDT,0.13389,26.0,0.13388,54.0,0.13397,93.0,0.13398,989.0
1753533104117,12:31:44.117,AI/USDT:USDT,0.13389,26.0,0.13388,54.0,0.13397,93.0,0.13398,989.0
1753533105729,12:31:45.729,AI/USDT:USDT,0.13389,26.0,0.13388,54.0,0.13397,93.0,0.13399,2280.0
1753533106214,12:31:46.214,AI/USDT:USDT,0.13389,26.0,0.13388,54.0,0.13397,93.0,0.13399,2280.0
1753533106483,12:31:46.483,AI/USDT:USDT,0.13389,26.0,0.13388,54.0,0.13396,135.0,0.13397,180.0
1753533106615,12:31:46.615,AI/USDT:USDT,0.13389,26.0,0.13388,54.0,0.13395,93.0,0.13396,42.0
1753533106655,12:31:46.655,AI/USDT:USDT,0.13389,26.0,0.13388,54.0,0.13395,93.0,0.13396,42.0
1753533106776,12:31:46.776,AI/USDT:USDT,0.13389,26.0,0.13388,54.0,0.13395,93.0,0.13396,2615.0
1753533106971,12:31:46.971,AI/USDT:USDT,0.13389,26.0,0.13388,54.0,0.13395,93.0,0.13396,7011.0
1753533107088,12:31:47.088,AI/USDT:USDT,0.13389,26.0,0.13388,54.0,0.13395,93.0,0.13396,7011.0
1753533107163,12:31:47.163,AI/USDT:USDT,0.13389,26.0,0.13388,54.0,0.13395,93.0,0.13396,7011.0
1753533107238,12:31:47.238,AI/USDT:USDT,0.13389,26.0,0.13388,54.0,0.13395,93.0,0.13396,7011.0
1753533107884,12:31:47.884,AI/USDT:USDT,0.13389,26.0,0.13385,93.0,0.13395,93.0,0.13396,7011.0
1753533107940,12:31:47.940,AI/USDT:USDT,0.13386,26.0,0.13385,93.0,0.13395,93.0,0.13396,7011.0
1753533108193,12:31:48.193,AI/USDT:USDT,0.13386,26.0,0.13385,147.0,0.13395,93.0,0.13396,4438.0
1753533108332,12:31:48.332,AI/USDT:USDT,0.13386,26.0,0.13385,147.0,0.13395,93.0,0.13396,4438.0
1753533108393,12:31:48.393,AI/USDT:USDT,0.13386,26.0,0.13385,147.0,0.13395,93.0,0.13396,4438.0
1753533108651,12:31:48.651,AI/USDT:USDT,0.13386,26.0,0.13385,54.0,0.13395,93.0,0.13396,4438.0
1753533109215,12:31:49.215,AI/USDT:USDT,0.13386,26.0,0.13385,108.0,0.13395,93.0,0.13396,4438.0
1753533109312,12:31:49.312,AI/USDT:USDT,0.13386,26.0,0.13385,108.0,0.13395,93.0,0.13396,4438.0
1753533109609,12:31:49.609,AI/USDT:USDT,0.13386,26.0,0.13385,108.0,0.13394,93.0,0.13396,4438.0
1753533109802,12:31:49.802,AI/USDT:USDT,0.13386,26.0,0.13385,108.0,0.13394,93.0,0.13396,4438.0
1753533109997,12:31:49.997,AI/USDT:USDT,0.13386,26.0,0.13385,108.0,0.13394,93.0,0.13396,4438.0
1753533110430,12:31:50.430,AI/USDT:USDT,0.13386,26.0,0.13385,108.0,0.13394,93.0,0.13396,4438.0
1753533110432,12:31:50.432,AI/USDT:USDT,0.13386,26.0,0.13385,108.0,0.13394,93.0,0.13396,4438.0
1753533110822,12:31:50.822,AI/USDT:USDT,0.13386,26.0,0.13385,108.0,0.13393,93.0,0.13395,93.0
1753533110847,12:31:50.847,AI/USDT:USDT,0.13386,26.0,0.13385,108.0,0.13393,93.0,0.13395,93.0
1753533110946,12:31:50.946,AI/USDT:USDT,0.13386,26.0,0.13385,108.0,0.13395,93.0,0.13396,4438.0
1753533111261,12:31:51.261,AI/USDT:USDT,0.13386,26.0,0.13385,108.0,0.13395,93.0,0.13396,4438.0
1753533111339,12:31:51.339,AI/USDT:USDT,0.13386,26.0,0.13385,108.0,0.13394,93.0,0.13395,652.0
1753533111479,12:31:51.479,AI/USDT:USDT,0.13386,26.0,0.13385,108.0,0.13394,93.0,0.13395,652.0
1753533111562,12:31:51.562,AI/USDT:USDT,0.13386,26.0,0.13385,108.0,0.13394,93.0,0.13395,652.0
1753533111674,12:31:51.674,AI/USDT:USDT,0.13386,26.0,0.13385,108.0,0.13394,93.0,0.13395,652.0
1753533111892,12:31:51.892,AI/USDT:USDT,0.13386,26.0,0.13385,108.0,0.13394,93.0,0.13395,652.0
1753533112549,12:31:52.549,AI/USDT:USDT,0.13386,26.0,0.13385,108.0,0.13394,93.0,0.13395,652.0
1753533113479,12:31:53.479,AI/USDT:USDT,0.13386,26.0,0.13385,108.0,0.13394,93.0,0.13395,652.0
1753533113538,12:31:53.538,AI/USDT:USDT,0.13386,26.0,0.13385,108.0,0.13394,93.0,0.13395,652.0
1753533113653,12:31:53.653,AI/USDT:USDT,0.13386,26.0,0.13385,108.0,0.13394,93.0,0.13395,652.0
1753533113926,12:31:53.926,AI/USDT:USDT,0.13386,26.0,0.13385,108.0,0.13394,93.0,0.13395,652.0
1753533114526,12:31:54.526,AI/USDT:USDT,0.13386,26.0,0.13385,108.0,0.13394,93.0,0.13396,42.0
1753533114820,12:31:54.820,AI/USDT:USDT,0.13386,26.0,0.13385,108.0,0.13392,93.0,0.13393,65.0
1753533114904,12:31:54.904,AI/USDT:USDT,0.13386,26.0,0.13385,108.0,0.13392,93.0,0.13393,65.0
1753533115322,12:31:55.322,AI/USDT:USDT,0.13386,26.0,0.13385,108.0,0.13392,93.0,0.13393,65.0
1753533115697,12:31:55.697,AI/USDT:USDT,0.13387,93.0,0.13386,26.0,0.13397,93.0,0.13399,2238.0
1753533115825,12:31:55.825,AI/USDT:USDT,0.13388,68.0,0.13387,110.0,0.13396,93.0,0.13397,2281.0
1753533115861,12:31:55.861,AI/USDT:USDT,0.13388,68.0,0.13387,110.0,0.13396,93.0,0.13397,2281.0
1753533115994,12:31:55.994,AI/USDT:USDT,0.13388,68.0,0.13387,110.0,0.13396,93.0,0.13397,2281.0
1753533116156,12:31:56.156,AI/USDT:USDT,0.13388,68.0,0.13387,110.0,0.13396,93.0,0.13397,2281.0
1753533116511,12:31:56.511,AI/USDT:USDT,0.13388,68.0,0.13387,110.0,0.13396,93.0,0.13397,2281.0
1753533117020,12:31:57.020,AI/USDT:USDT,0.13373,154.0,0.13372,94.0,0.13392,93.0,0.13393,2239.0
1753533117132,12:31:57.132,AI/USDT:USDT,0.13378,93.0,0.13377,21.0,0.13389,93.0,0.1339,21.0
1753533117199,12:31:57.199,AI/USDT:USDT,0.13379,95.0,0.13378,42.0,0.13388,118.0,0.1339,21.0
1753533117264,12:31:57.264,AI/USDT:USDT,0.13379,95.0,0.13378,42.0,0.13388,118.0,0.1339,21.0
1753533117400,12:31:57.400,AI/USDT:USDT,0.1338,93.0,0.13379,95.0,0.13388,25.0,0.1339,21.0
1753533117520,12:31:57.520,AI/USDT:USDT,0.13381,65.0,0.1338,148.0,0.13389,25.0,0.1339,21.0
1753533117555,12:31:57.555,AI/USDT:USDT,0.13381,65.0,0.1338,148.0,0.13389,25.0,0.1339,21.0
1753533117653,12:31:57.653,AI/USDT:USDT,0.13381,65.0,0.1338,148.0,0.13389,118.0,0.1339,21.0
1753533117813,12:31:57.813,AI/USDT:USDT,0.13381,65.0,0.1338,148.0,0.13389,118.0,0.1339,21.0
1753533118016,12:31:58.016,AI/USDT:USDT,0.13381,65.0,0.1338,148.0,0.13389,118.0,0.1339,21.0
1753533118375,12:31:58.375,AI/USDT:USDT,0.13381,65.0,0.1338,55.0,0.13388,93.0,0.13389,25.0
1753533118482,12:31:58.482,AI/USDT:USDT,0.13381,65.0,0.1338,55.0,0.13387,25.0,0.13388,93.0
1753533118537,12:31:58.537,AI/USDT:USDT,0.13381,65.0,0.1338,55.0,0.13387,25.0,0.13388,93.0
1753533118638,12:31:58.638,AI/USDT:USDT,0.13381,65.0,0.1338,55.0,0.13387,25.0,0.13388,93.0
1753533119027,12:31:59.027,AI/USDT:USDT,0.13381,65.0,0.1338,55.0,0.13387,25.0,0.13388,93.0
1753533119123,12:31:59.123,AI/USDT:USDT,0.13381,65.0,0.1338,55.0,0.13387,118.0,0.1339,21.0
1753533119514,12:31:59.514,AI/USDT:USDT,0.13381,2.0,0.13377,54.0,0.13386,93.0,0.13387,25.0
1753533119617,12:31:59.617,AI/USDT:USDT,0.13381,2.0,0.13378,2.0,0.13384,93.0,0.13385,4.0
1753533119698,12:31:59.698,AI/USDT:USDT,0.13381,2.0,0.13372,248.0,0.13384,93.0,0.13385,21.0
1753533119825,12:31:59.825,AI/USDT:USDT,0.13373,93.0,0.13372,21.0,0.13383,21.0,0.13386,44.0
1753533119868,12:31:59.868,AI/USDT:USDT,0.13375,93.0,0.13374,44.0,0.13385,25.0,0.13386,44.0
1753533119980,12:31:59.980,AI/USDT:USDT,0.13377,93.0,0.13376,2.0,0.13385,25.0,0.13386,44.0
1753533120038,12:32:00.038,AI/USDT:USDT,0.13378,2.0,0.13377,93.0,0.13385,25.0,0.13386,44.0
1753533120163,12:32:00.163,AI/USDT:USDT,0.13378,2.0,0.13377,54.0,0.13385,25.0,0.13386,44.0
1753533120287,12:32:00.287,AI/USDT:USDT,0.13378,95.0,0.13377,54.0,0.13385,25.0,0.13386,44.0
1753533120628,12:32:00.628,AI/USDT:USDT,0.13378,95.0,0.13377,54.0,0.13385,25.0,0.13386,44.0
1753533120704,12:32:00.704,AI/USDT:USDT,0.13378,95.0,0.13377,54.0,0.13385,25.0,0.13386,44.0
1753533120836,12:32:00.836,AI/USDT:USDT,0.13378,95.0,0.13377,54.0,0.13385,25.0,0.13386,44.0
1753533121122,12:32:01.122,AI/USDT:USDT,0.13378,95.0,0.13377,54.0,0.13385,25.0,0.13386,44.0
1753533121426,12:32:01.426,AI/USDT:USDT,0.13379,96.0,0.13378,2.0,0.13385,25.0,0.13386,44.0
1753533121456,12:32:01.456,AI/USDT:USDT,0.1338,2.0,0.13378,42.0,0.13385,25.0,0.13386,44.0
1753533121551,12:32:01.551,AI/USDT:USDT,0.13379,2.0,0.13378,42.0,0.13385,25.0,0.13386,44.0
1753533121878,12:32:01.878,AI/USDT:USDT,0.13379,2.0,0.13378,42.0,0.13385,25.0,0.13386,44.0
1753533121967,12:32:01.967,AI/USDT:USDT,0.13379,2.0,0.13378,42.0,0.13385,25.0,0.13386,44.0
1753533122287,12:32:02.287,AI/USDT:USDT,0.13379,2.0,0.13378,42.0,0.13385,25.0,0.13386,44.0
1753533122445,12:32:02.445,AI/USDT:USDT,0.13379,2.0,0.13378,42.0,0.13385,25.0,0.13386,44.0
1753533122974,12:32:02.974,AI/USDT:USDT,0.13379,2.0,0.13378,42.0,0.13385,25.0,0.13386,44.0
1753533123204,12:32:03.204,AI/USDT:USDT,0.13379,2.0,0.13378,42.0,0.13385,25.0,0.13386,44.0
1753533123586,12:32:03.586,AI/USDT:USDT,0.13379,2.0,0.13378,42.0,0.13385,121.0,0.13386,44.0
1753533123974,12:32:03.974,AI/USDT:USDT,0.13379,2.0,0.13378,42.0,0.13385,121.0,0.13386,44.0
1753533124415,12:32:04.415,AI/USDT:USDT,0.13379,2.0,0.13378,42.0,0.13385,121.0,0.13386,44.0
1753533124459,12:32:04.459,AI/USDT:USDT,0.13379,2.0,0.13378,42.0,0.13385,121.0,0.13386,44.0
1753533124978,12:32:04.978,AI/USDT:USDT,0.13379,2.0,0.13378,42.0,0.13385,121.0,0.13386,44.0
1753533126036,12:32:06.036,AI/USDT:USDT,0.13379,2.0,0.13378,42.0,0.13385,121.0,0.13386,44.0
1753533126572,12:32:06.572,AI/USDT:USDT,0.13379,2.0,0.13378,42.0,0.13385,121.0,0.13386,44.0
1753533127055,12:32:07.055,AI/USDT:USDT,0.13379,2.0,0.13378,42.0,0.13385,121.0,0.13386,44.0
1753533128290,12:32:08.290,AI/USDT:USDT,0.13379,2.0,0.13378,42.0,0.13385,25.0,0.13386,44.0
1753533128512,12:32:08.512,AI/USDT:USDT,0.13379,2.0,0.13378,42.0,0.13385,121.0,0.13386,44.0
1753533128559,12:32:08.559,AI/USDT:USDT,0.13379,2.0,0.13377,54.0,0.13384,96.0,0.13385,25.0
1753533128644,12:32:08.644,AI/USDT:USDT,0.13378,2.0,0.13377,54.0,0.13383,25.0,0.13384,96.0
1753533128745,12:32:08.745,AI/USDT:USDT,0.13378,2.0,0.13377,54.0,0.13383,25.0,0.13384,96.0
1753533128846,12:32:08.846,AI/USDT:USDT,0.13378,2.0,0.13377,54.0,0.13383,25.0,0.13384,96.0
1753533129063,12:32:09.063,AI/USDT:USDT,0.13378,2.0,0.13377,54.0,0.13383,25.0,0.13384,96.0
1753533129316,12:32:09.316,AI/USDT:USDT,0.13378,2.0,0.13377,54.0,0.13383,25.0,0.13384,96.0
1753533129419,12:32:09.419,AI/USDT:USDT,0.13378,2.0,0.13377,54.0,0.13383,25.0,0.13384,96.0
1753533129727,12:32:09.727,AI/USDT:USDT,0.13378,2.0,0.13377,54.0,0.13383,121.0,0.13386,140.0
1753533129733,12:32:09.733,AI/USDT:USDT,0.13378,2.0,0.13377,54.0,0.13383,121.0,0.13386,140.0
1753533130149,12:32:10.149,AI/USDT:USDT,0.13378,2.0,0.13377,54.0,0.13383,121.0,0.13386,140.0
1753533130383,12:32:10.383,AI/USDT:USDT,0.13378,2.0,0.13377,54.0,0.13383,121.0,0.13386,140.0
1753533130878,12:32:10.878,AI/USDT:USDT,0.13378,2.0,0.13377,54.0,0.13383,121.0,0.13386,140.0
1753533131405,12:32:11.405,AI/USDT:USDT,0.13378,2.0,0.13377,54.0,0.13383,121.0,0.13386,140.0
1753533131783,12:32:11.783,AI/USDT:USDT,0.13378,2.0,0.13377,54.0,0.13383,25.0,0.13386,140.0
1753533131860,12:32:11.860,AI/USDT:USDT,0.13378,98.0,0.13377,54.0,0.13385,25.0,0.13386,140.0
1753533132098,12:32:12.098,AI/USDT:USDT,0.13378,98.0,0.13377,54.0,0.13385,25.0,0.13386,140.0
1753533132424,12:32:12.424,AI/USDT:USDT,0.13378,98.0,0.13377,54.0,0.13385,25.0,0.13386,140.0
1753533133027,12:32:13.027,AI/USDT:USDT,0.13379,138.0,0.13378,2.0,0.13385,25.0,0.13386,44.0
1753533133074,12:32:13.074,AI/USDT:USDT,0.1338,24.0,0.13379,193.0,0.13385,25.0,0.13386,44.0
1753533133314,12:32:13.314,AI/USDT:USDT,0.1338,24.0,0.13379,193.0,0.13385,25.0,0.13386,44.0
1753533133507,12:32:13.507,AI/USDT:USDT,0.1338,24.0,0.13379,193.0,0.13385,25.0,0.13386,44.0
1753533133729,12:32:13.729,AI/USDT:USDT,0.1338,24.0,0.13379,193.0,0.13385,25.0,0.13386,44.0
1753533133733,12:32:13.733,AI/USDT:USDT,0.1338,24.0,0.13379,193.0,0.13385,25.0,0.13386,44.0
1753533134387,12:32:14.387,AI/USDT:USDT,0.1338,24.0,0.13379,193.0,0.13385,25.0,0.13386,44.0
1753533134557,12:32:14.557,AI/USDT:USDT,0.1338,24.0,0.13379,193.0,0.13385,25.0,0.13386,44.0
1753533134999,12:32:14.999,AI/USDT:USDT,0.1338,24.0,0.13379,193.0,0.13385,25.0,0.13386,44.0
1753533135215,12:32:15.215,AI/USDT:USDT,0.1338,24.0,0.13379,193.0,0.13385,25.0,0.13386,44.0
1753533135293,12:32:15.293,AI/USDT:USDT,0.1338,24.0,0.13379,193.0,0.13385,25.0,0.13386,44.0
1753533136166,12:32:16.166,AI/USDT:USDT,0.1338,24.0,0.13379,193.0,0.13385,25.0,0.13386,44.0
1753533136516,12:32:16.516,AI/USDT:USDT,0.1338,24.0,0.13379,193.0,0.13385,25.0,0.13386,44.0
1753533137006,12:32:17.006,AI/USDT:USDT,0.1338,24.0,0.13379,193.0,0.13385,25.0,0.13386,44.0
1753533137362,12:32:17.362,AI/USDT:USDT,0.1338,24.0,0.13379,193.0,0.13385,25.0,0.13386,44.0
1753533138259,12:32:18.259,AI/USDT:USDT,0.1338,24.0,0.13379,193.0,0.13385,25.0,0.13386,44.0
1753533138988,12:32:18.988,AI/USDT:USDT,0.1338,120.0,0.13379,97.0,0.13385,25.0,0.13386,44.0
1753533139058,12:32:19.058,AI/USDT:USDT,0.1338,120.0,0.13379,97.0,0.13385,25.0,0.13386,44.0
1753533139567,12:32:19.567,AI/USDT:USDT,0.1338,120.0,0.13379,97.0,0.13385,25.0,0.13386,44.0
1753533140078,12:32:20.078,AI/USDT:USDT,0.1338,120.0,0.13379,97.0,0.13385,25.0,0.13386,44.0
1753533140204,12:32:20.204,AI/USDT:USDT,0.13381,96.0,0.1338,24.0,0.13385,25.0,0.13392,93.0
1753533140327,12:32:20.327,AI/USDT:USDT,0.13382,44.0,0.13381,96.0,0.1339,96.0,0.13391,45.0
1753533140342,12:32:20.342,AI/USDT:USDT,0.13382,44.0,0.13381,96.0,0.13389,25.0,0.1339,96.0
1753533140523,12:32:20.523,AI/USDT:USDT,0.13382,44.0,0.13381,96.0,0.13386,1.0,0.13389,25.0
1753533140628,12:32:20.628,AI/USDT:USDT,0.13382,44.0,0.13381,96.0,0.13385,4.0,0.13386,1.0
1753533140643,12:32:20.643,AI/USDT:USDT,0.13382,42.0,0.13381,96.0,0.13385,25.0,0.13386,1.0
1753533140816,12:32:20.816,AI/USDT:USDT,0.13382,42.0,0.13381,96.0,0.13385,25.0,0.13388,54.0
1753533140838,12:32:20.838,AI/USDT:USDT,0.13382,42.0,0.13381,96.0,0.13387,25.0,0.13388,54.0
1753533140937,12:32:20.937,AI/USDT:USDT,0.13383,2.0,0.13382,42.0,0.13387,25.0,0.13388,54.0
1753533141076,12:32:21.076,AI/USDT:USDT,0.13383,2.0,0.13382,42.0,0.13387,25.0,0.13388,54.0
1753533141227,12:32:21.227,AI/USDT:USDT,0.13383,2.0,0.13382,42.0,0.13387,25.0,0.13388,54.0
1753533141234,12:32:21.234,AI/USDT:USDT,0.13383,2.0,0.13382,42.0,0.13387,25.0,0.13388,54.0
1753533141464,12:32:21.464,AI/USDT:USDT,0.13383,2.0,0.13382,42.0,0.13387,25.0,0.13388,54.0
1753533141628,12:32:21.628,AI/USDT:USDT,0.13383,2.0,0.13382,42.0,0.13387,25.0,0.13388,54.0
1753533141697,12:32:21.697,AI/USDT:USDT,0.13383,2.0,0.13382,42.0,0.13387,25.0,0.13388,54.0
1753533142215,12:32:22.215,AI/USDT:USDT,0.13383,2.0,0.13382,42.0,0.13387,25.0,0.13388,54.0
1753533142281,12:32:22.281,AI/USDT:USDT,0.13383,2.0,0.13382,42.0,0.13387,25.0,0.13388,54.0
1753533142619,12:32:22.619,AI/USDT:USDT,0.13383,2.0,0.13382,42.0,0.13387,25.0,0.13388,54.0
1753533143157,12:32:23.157,AI/USDT:USDT,0.13383,2.0,0.13382,42.0,0.13387,25.0,0.13388,54.0
1753533143880,12:32:23.880,AI/USDT:USDT,0.13383,2.0,0.13382,42.0,0.13387,25.0,0.13388,54.0
1753533145332,12:32:25.332,AI/USDT:USDT,0.13383,2.0,0.13382,42.0,0.13387,25.0,0.13388,54.0
1753533145335,12:32:25.335,AI/USDT:USDT,0.13383,2.0,0.13382,42.0,0.13387,25.0,0.13388,54.0
1753533146073,12:32:26.073,AI/USDT:USDT,0.13383,2.0,0.13382,42.0,0.13387,25.0,0.13388,54.0
1753533146176,12:32:26.176,AI/USDT:USDT,0.13383,2.0,0.13382,42.0,0.13387,25.0,0.13388,54.0
1753533146428,12:32:26.428,AI/USDT:USDT,0.13383,95.0,0.1338,22.0,0.13387,25.0,0.13388,54.0
1753533146510,12:32:26.510,AI/USDT:USDT,0.13383,95.0,0.13381,42.0,0.13387,25.0,0.13388,54.0
1753533146934,12:32:26.934,AI/USDT:USDT,0.13383,95.0,0.13381,42.0,0.13387,25.0,0.13388,54.0
1753533147159,12:32:27.159,AI/USDT:USDT,0.13383,95.0,0.13381,42.0,0.13387,25.0,0.13388,54.0
1753533147442,12:32:27.442,AI/USDT:USDT,0.13383,95.0,0.13381,42.0,0.13387,25.0,0.13388,54.0
1753533147931,12:32:27.931,AI/USDT:USDT,0.13383,95.0,0.13381,42.0,0.13387,25.0,0.13388,54.0
1753533148030,12:32:28.030,AI/USDT:USDT,0.13383,95.0,0.13381,42.0,0.13387,25.0,0.13388,54.0
1753533148033,12:32:28.033,AI/USDT:USDT,0.13383,117.0,0.13382,55.0,0.13387,25.0,0.13392,96.0
1753533148174,12:32:28.174,AI/USDT:USDT,0.13383,117.0,0.13382,55.0,0.13391,25.0,0.13392,96.0
1753533148313,12:32:28.313,AI/USDT:USDT,0.13383,24.0,0.13382,55.0,0.13391,25.0,0.13394,96.0
1753533148408,12:32:28.408,AI/USDT:USDT,0.13383,24.0,0.13382,55.0,0.13391,93.0,0.13392,113.0
1753533148454,12:32:28.454,AI/USDT:USDT,0.13383,24.0,0.13382,55.0,0.1339,118.0,0.13392,113.0
1753533148717,12:32:28.717,AI/USDT:USDT,0.13383,2.0,0.13381,93.0,0.13389,113.0,0.1339,66.0
1753533148761,12:32:28.761,AI/USDT:USDT,0.13382,2.0,0.13377,96.0,0.13388,25.0,0.13389,113.0
1753533148875,12:32:28.875,AI/USDT:USDT,0.1338,93.0,0.13379,22.0,0.13388,25.0,0.13389,113.0
1753533148982,12:32:28.982,AI/USDT:USDT,0.13381,2.0,0.1338,93.0,0.13388,25.0,0.13389,113.0
1753533149219,12:32:29.219,AI/USDT:USDT,0.13381,95.0,0.13379,157.0,0.13388,25.0,0.13389,113.0
1753533149278,12:32:29.278,AI/USDT:USDT,0.13381,95.0,0.13379,157.0,0.13388,25.0,0.13389,113.0
1753533149449,12:32:29.449,AI/USDT:USDT,0.13382,93.0,0.13381,2.0,0.13388,25.0,0.13389,20.0
1753533149554,12:32:29.554,AI/USDT:USDT,0.13383,2.0,0.13382,115.0,0.13388,25.0,0.13389,20.0
1753533149707,12:32:29.707,AI/USDT:USDT,0.13383,2.0,0.13382,115.0,0.13388,25.0,0.13389,20.0
1753533150394,12:32:30.394,AI/USDT:USDT,0.13383,2.0,0.13382,157.0,0.13388,25.0,0.13389,20.0
1753533150568,12:32:30.568,AI/USDT:USDT,0.13383,2.0,0.13382,157.0,0.13388,25.0,0.13389,20.0
1753533152122,12:32:32.122,AI/USDT:USDT,0.13383,2.0,0.13382,157.0,0.13388,25.0,0.13389,20.0
1753533152175,12:32:32.175,AI/USDT:USDT,0.13383,2.0,0.13382,157.0,0.13388,25.0,0.13389,20.0
1753533152565,12:32:32.565,AI/USDT:USDT,0.13383,2.0,0.13382,157.0,0.13388,25.0,0.13389,20.0
1753533152771,12:32:32.771,AI/USDT:USDT,0.13383,2.0,0.13382,115.0,0.13388,25.0,0.13389,20.0
1753533152927,12:32:32.927,AI/USDT:USDT,0.13383,2.0,0.13382,22.0,0.13388,25.0,0.13389,20.0
1753533152932,12:32:32.932,AI/USDT:USDT,0.13383,2.0,0.13382,22.0,0.13388,25.0,0.13389,20.0
1753533154189,12:32:34.189,AI/USDT:USDT,0.13383,2.0,0.13382,22.0,0.13388,25.0,0.13389,20.0
1753533154428,12:32:34.428,AI/USDT:USDT,0.13383,2.0,0.13379,93.0,0.13388,120.0,0.13389,20.0
1753533154459,12:32:34.459,AI/USDT:USDT,0.1338,2.0,0.13379,188.0,0.13388,120.0,0.13389,20.0
1753533154703,12:32:34.703,AI/USDT:USDT,0.1338,2.0,0.13379,188.0,0.13388,120.0,0.13389,20.0
1753533154826,12:32:34.826,AI/USDT:USDT,0.1338,97.0,0.13379,95.0,0.13388,120.0,0.13389,20.0
1753533154875,12:32:34.875,AI/USDT:USDT,0.1338,97.0,0.13379,95.0,0.13388,120.0,0.13389,20.0
1753533156186,12:32:36.186,AI/USDT:USDT,0.1338,97.0,0.13379,95.0,0.13388,120.0,0.13389,20.0
1753533156494,12:32:36.494,AI/USDT:USDT,0.13381,95.0,0.1338,2.0,0.13388,25.0,0.13389,20.0
1753533156578,12:32:36.578,AI/USDT:USDT,0.13382,159.0,0.13381,148.0,0.13388,25.0,0.13394,96.0
1753533156718,12:32:36.718,AI/USDT:USDT,0.13382,159.0,0.13381,53.0,0.13392,95.0,0.13393,25.0
1753533156739,12:32:36.739,AI/USDT:USDT,0.13382,159.0,0.13381,53.0,0.13391,25.0,0.13392,95.0
1753533156856,12:32:36.856,AI/USDT:USDT,0.13382,159.0,0.13381,53.0,0.13391,120.0,0.13423,250.0
1753533157095,12:32:37.095,AI/USDT:USDT,0.13382,159.0,0.13381,53.0,0.13391,120.0,0.13423,250.0
1753533157230,12:32:37.230,AI/USDT:USDT,0.13385,95.0,0.13384,153.0,0.13419,95.0,0.1342,2384.0
1753533157321,12:32:37.321,AI/USDT:USDT,0.13386,25.0,0.13384,147.0,0.13411,95.0,0.13412,2236.0
1753533157408,12:32:37.408,AI/USDT:USDT,0.13385,25.0,0.13384,147.0,0.13407,95.0,0.13408,2237.0
1753533157526,12:32:37.526,AI/USDT:USDT,0.13385,25.0,0.13384,147.0,0.134,149.0,0.13401,2333.0
1753533157612,12:32:37.612,AI/USDT:USDT,0.13385,25.0,0.13383,95.0,0.13393,244.0,0.13395,95.0
1753533157669,12:32:37.669,AI/USDT:USDT,0.13384,25.0,0.13383,95.0,0.13392,115.0,0.13393,188.0
1753533157935,12:32:37.935,AI/USDT:USDT,0.13384,25.0,0.13383,95.0,0.13392,115.0,0.13393,188.0
1753533158211,12:32:38.211,AI/USDT:USDT,0.13384,25.0,0.13383,95.0,0.13391,95.0,0.13392,264.0
1753533158254,12:32:38.254,AI/USDT:USDT,0.13384,25.0,0.13383,95.0,0.1339,1.0,0.13391,95.0
1753533158369,12:32:38.369,AI/USDT:USDT,0.13384,25.0,0.13383,95.0,0.1339,1.0,0.13391,95.0
1753533159003,12:32:39.003,AI/USDT:USDT,0.13384,25.0,0.13383,95.0,0.1339,1.0,0.13391,95.0
1753533159461,12:32:39.461,AI/USDT:USDT,0.13384,25.0,0.13383,95.0,0.1339,1.0,0.13391,95.0
1753533159627,12:32:39.627,AI/USDT:USDT,0.13384,25.0,0.13383,95.0,0.1339,1.0,0.13391,95.0
1753533161013,12:32:41.013,AI/USDT:USDT,0.13384,25.0,0.13383,95.0,0.1339,1.0,0.13391,95.0
1753533161175,12:32:41.175,AI/USDT:USDT,0.13384,25.0,0.13383,95.0,0.1339,1.0,0.13391,95.0
1753533161975,12:32:41.975,AI/USDT:USDT,0.13384,25.0,0.13383,95.0,0.1339,1.0,0.13392,19.0
1753533162067,12:32:42.067,AI/USDT:USDT,0.13384,25.0,0.13383,95.0,0.13392,114.0,0.13393,188.0
1753533162148,12:32:42.148,AI/USDT:USDT,0.13384,25.0,0.13383,95.0,0.13391,94.0,0.13392,169.0
1753533162328,12:32:42.328,AI/USDT:USDT,0.13384,25.0,0.1338,95.0,0.1339,95.0,0.13391,94.0
1753533162416,12:32:42.416,AI/USDT:USDT,0.13382,94.0,0.13381,25.0,0.1339,95.0,0.13391,149.0
1753533162519,12:32:42.519,AI/USDT:USDT,0.13383,25.0,0.13382,94.0,0.1339,1.0,0.13391,149.0
1753533163198,12:32:43.198,AI/USDT:USDT,0.13383,25.0,0.13382,94.0,0.1339,95.0,0.13391,149.0
1753533163330,12:32:43.330,AI/USDT:USDT,0.13383,25.0,0.13382,94.0,0.1339,95.0,0.13391,149.0
1753533163415,12:32:43.415,AI/USDT:USDT,0.13383,25.0,0.13382,94.0,0.1339,95.0,0.13391,149.0
1753533163578,12:32:43.578,AI/USDT:USDT,0.13383,25.0,0.13382,94.0,0.1339,95.0,0.13391,149.0
1753533164414,12:32:44.414,AI/USDT:USDT,0.13383,25.0,0.13379,201.0,0.13389,94.0,0.1339,1.0
1753533164477,12:32:44.477,AI/USDT:USDT,0.1338,119.0,0.13379,54.0,0.13388,20.0,0.13389,282.0
1753533164558,12:32:44.558,AI/USDT:USDT,0.1338,119.0,0.13379,54.0,0.13388,20.0,0.13389,282.0
1753533164638,12:32:44.638,AI/USDT:USDT,0.1338,119.0,0.13379,54.0,0.13388,20.0,0.13389,282.0
1753533164739,12:32:44.739,AI/USDT:USDT,0.1338,119.0,0.13379,54.0,0.13388,20.0,0.13389,282.0
1753533164838,12:32:44.838,AI/USDT:USDT,0.1338,119.0,0.13379,54.0,0.13388,20.0,0.13389,282.0
1753533164939,12:32:44.939,AI/USDT:USDT,0.1338,119.0,0.13379,54.0,0.13388,20.0,0.13389,282.0
1753533165037,12:32:45.037,AI/USDT:USDT,0.1338,119.0,0.13379,54.0,0.13388,20.0,0.13389,282.0
1753533165139,12:32:45.139,AI/USDT:USDT,0.1338,119.0,0.13379,54.0,0.13388,20.0,0.13389,282.0
1753533165331,12:32:45.331,AI/USDT:USDT,0.1338,119.0,0.13379,54.0,0.13388,20.0,0.13389,282.0
1753533165339,12:32:45.339,AI/USDT:USDT,0.1338,119.0,0.13379,54.0,0.13388,20.0,0.13389,282.0
1753533165516,12:32:45.516,AI/USDT:USDT,0.1338,119.0,0.13379,54.0,0.13388,114.0,0.13389,188.0
1753533165680,12:32:45.680,AI/USDT:USDT,0.1338,25.0,0.13379,54.0,0.13387,94.0,0.13388,263.0
1753533165802,12:32:45.802,AI/USDT:USDT,0.13379,79.0,0.13378,42.0,0.13386,1.0,0.13387,94.0
1753533165884,12:32:45.884,AI/USDT:USDT,0.13379,79.0,0.13378,42.0,0.13386,95.0,0.13388,168.0
1753533166006,12:32:46.006,AI/USDT:USDT,0.13379,79.0,0.13378,42.0,0.13385,94.0,0.13386,95.0
1753533166102,12:32:46.102,AI/USDT:USDT,0.13379,79.0,0.13378,42.0,0.13384,1.0,0.13385,94.0
1753533166218,12:32:46.218,AI/USDT:USDT,0.13379,79.0,0.13378,42.0,0.13384,1.0,0.13385,94.0
1753533166242,12:32:46.242,AI/USDT:USDT,0.13379,79.0,0.13378,42.0,0.13384,1.0,0.13385,94.0
1753533166344,12:32:46.344,AI/USDT:USDT,0.13379,79.0,0.13378,42.0,0.13384,1.0,0.13385,94.0
1753533166442,12:32:46.442,AI/USDT:USDT,0.13379,79.0,0.13378,42.0,0.13384,1.0,0.13385,94.0
1753533166538,12:32:46.538,AI/USDT:USDT,0.13379,79.0,0.13378,42.0,0.13384,1.0,0.13385,94.0
1753533166662,12:32:46.662,AI/USDT:USDT,0.13379,79.0,0.13378,42.0,0.13384,1.0,0.13385,94.0
1753533166749,12:32:46.749,AI/USDT:USDT,0.13379,79.0,0.13378,42.0,0.13384,1.0,0.13385,94.0
1753533166838,12:32:46.838,AI/USDT:USDT,0.13379,79.0,0.13378,42.0,0.13384,1.0,0.13385,94.0
1753533167021,12:32:47.021,AI/USDT:USDT,0.13379,79.0,0.13378,42.0,0.13384,1.0,0.13388,19.0
1753533167062,12:32:47.062,AI/USDT:USDT,0.13379,79.0,0.13378,189.0,0.13387,94.0,0.13388,20.0
1753533167145,12:32:47.145,AI/USDT:USDT,0.13379,79.0,0.13378,42.0,0.13386,1.0,0.13387,94.0
1753533167239,12:32:47.239,AI/USDT:USDT,0.13379,79.0,0.13378,42.0,0.13386,1.0,0.13387,94.0
1753533167339,12:32:47.339,AI/USDT:USDT,0.13379,79.0,0.13378,42.0,0.13386,1.0,0.13387,94.0
1753533167475,12:32:47.475,AI/USDT:USDT,0.13379,79.0,0.13378,42.0,0.13386,1.0,0.13387,94.0
1753533167610,12:32:47.610,AI/USDT:USDT,0.13379,79.0,0.13378,42.0,0.13386,1.0,0.13387,94.0
1753533167674,12:32:47.674,AI/USDT:USDT,0.13379,79.0,0.13378,42.0,0.13386,1.0,0.13387,94.0
1753533167738,12:32:47.738,AI/USDT:USDT,0.13379,79.0,0.13378,42.0,0.13386,1.0,0.13387,94.0
1753533167889,12:32:47.889,AI/USDT:USDT,0.13379,79.0,0.13378,42.0,0.13386,1.0,0.13387,94.0
1753533167940,12:32:47.940,AI/USDT:USDT,0.13379,79.0,0.13378,42.0,0.13386,1.0,0.13387,94.0
1753533168038,12:32:48.038,AI/USDT:USDT,0.13379,79.0,0.13378,42.0,0.13386,1.0,0.13387,94.0
1753533168138,12:32:48.138,AI/USDT:USDT,0.13379,79.0,0.13378,42.0,0.13386,1.0,0.13387,94.0
1753533168301,12:32:48.301,AI/USDT:USDT,0.13379,79.0,0.13378,42.0,0.13386,1.0,0.13387,94.0
1753533168338,12:32:48.338,AI/USDT:USDT,0.13379,79.0,0.13378,42.0,0.13386,1.0,0.13387,94.0
1753533168437,12:32:48.437,AI/USDT:USDT,0.13379,79.0,0.13378,42.0,0.13386,1.0,0.13387,94.0
1753533168539,12:32:48.539,AI/USDT:USDT,0.13379,79.0,0.13378,42.0,0.13386,1.0,0.13387,94.0
1753533168699,12:32:48.699,AI/USDT:USDT,0.13379,79.0,0.13378,42.0,0.13386,95.0,0.13387,94.0
1753533168739,12:32:48.739,AI/USDT:USDT,0.13379,79.0,0.13378,42.0,0.13386,95.0,0.13387,94.0
1753533168850,12:32:48.850,AI/USDT:USDT,0.13379,79.0,0.13378,42.0,0.13386,95.0,0.13388,168.0
1753533168939,12:32:48.939,AI/USDT:USDT,0.13379,79.0,0.13378,42.0,0.13386,95.0,0.13388,168.0
1753533169039,12:32:49.039,AI/USDT:USDT,0.13379,79.0,0.13378,42.0,0.13386,95.0,0.13388,168.0
1753533169213,12:32:49.213,AI/USDT:USDT,0.13379,79.0,0.13378,42.0,0.13386,95.0,0.13388,168.0
1753533169238,12:32:49.238,AI/USDT:USDT,0.13379,79.0,0.13378,42.0,0.13386,95.0,0.13388,168.0
1753533169338,12:32:49.338,AI/USDT:USDT,0.13379,79.0,0.13378,42.0,0.13386,95.0,0.13388,168.0
1753533169519,12:32:49.519,AI/USDT:USDT,0.13379,79.0,0.13378,42.0,0.13386,95.0,0.13388,168.0
1753533169541,12:32:49.541,AI/USDT:USDT,0.13379,79.0,0.13378,42.0,0.13386,95.0,0.13388,168.0
1753533169639,12:32:49.639,AI/USDT:USDT,0.13379,79.0,0.13378,42.0,0.13386,95.0,0.13388,168.0
1753533169738,12:32:49.738,AI/USDT:USDT,0.13379,79.0,0.13378,42.0,0.13386,95.0,0.13388,168.0
1753533169914,12:32:49.914,AI/USDT:USDT,0.13379,79.0,0.13378,42.0,0.13386,95.0,0.13388,168.0
1753533170000,12:32:50.000,AI/USDT:USDT,0.13379,79.0,0.13378,42.0,0.13385,94.0,0.13386,1.0
1753533170040,12:32:50.040,AI/USDT:USDT,0.13379,79.0,0.13378,42.0,0.13384,1.0,0.13385,94.0
1753533170138,12:32:50.138,AI/USDT:USDT,0.13379,79.0,0.13378,42.0,0.13384,1.0,0.13385,94.0
1753533170242,12:32:50.242,AI/USDT:USDT,0.13379,79.0,0.13378,42.0,0.13384,1.0,0.13385,133.0
1753533170343,12:32:50.343,AI/USDT:USDT,0.13379,79.0,0.13378,42.0,0.13384,1.0,0.13385,133.0
1753533170438,12:32:50.438,AI/USDT:USDT,0.13379,79.0,0.13378,42.0,0.13384,1.0,0.13385,133.0
1753533170612,12:32:50.612,AI/USDT:USDT,0.13379,79.0,0.13378,42.0,0.13384,96.0,0.13385,39.0
1753533170669,12:32:50.669,AI/USDT:USDT,0.13379,25.0,0.13378,42.0,0.13384,96.0,0.13385,188.0
1753533170737,12:32:50.737,AI/USDT:USDT,0.13378,42.0,0.13377,25.0,0.13384,96.0,0.13385,188.0
1753533170891,12:32:50.891,AI/USDT:USDT,0.13378,42.0,0.13377,25.0,0.13384,96.0,0.13385,188.0
1753533171152,12:32:51.152,AI/USDT:USDT,0.13378,42.0,0.13377,25.0,0.13384,96.0,0.13385,188.0
1753533171680,12:32:51.680,AI/USDT:USDT,0.13378,42.0,0.13377,25.0,0.13384,96.0,0.13385,188.0
1753533171966,12:32:51.966,AI/USDT:USDT,0.13378,42.0,0.13377,25.0,0.13384,96.0,0.13385,188.0
1753533173113,12:32:53.113,AI/USDT:USDT,0.13378,42.0,0.13377,25.0,0.13383,95.0,0.13384,96.0
1753533173208,12:32:53.208,AI/USDT:USDT,0.13378,42.0,0.13377,25.0,0.13383,95.0,0.13384,96.0
1753533173324,12:32:53.324,AI/USDT:USDT,0.13378,42.0,0.13377,25.0,0.13382,1.0,0.13383,95.0
1753533173340,12:32:53.340,AI/USDT:USDT,0.13377,25.0,0.13376,54.0,0.13382,1.0,0.13385,188.0
1753533173444,12:32:53.444,AI/USDT:USDT,0.13376,79.0,0.13375,189.0,0.13384,1.0,0.13385,39.0
1753533173589,12:32:53.589,AI/USDT:USDT,0.13376,79.0,0.13375,189.0,0.13385,40.0,0.13386,314.0
1753533173639,12:32:53.639,AI/USDT:USDT,0.13376,79.0,0.13375,189.0,0.13385,40.0,0.13386,314.0
1753533173739,12:32:53.739,AI/USDT:USDT,0.13376,79.0,0.13375,189.0,0.13385,40.0,0.13386,314.0
1753533173913,12:32:53.913,AI/USDT:USDT,0.13377,95.0,0.13376,79.0,0.13385,40.0,0.13386,165.0
1753533174004,12:32:54.004,AI/USDT:USDT,0.13378,67.0,0.13377,95.0,0.13385,40.0,0.13386,165.0
1753533174040,12:32:54.040,AI/USDT:USDT,0.13378,67.0,0.13377,95.0,0.13385,40.0,0.13386,165.0
1753533174139,12:32:54.139,AI/USDT:USDT,0.13378,67.0,0.13377,95.0,0.13385,40.0,0.13386,165.0
1753533174242,12:32:54.242,AI/USDT:USDT,0.13378,67.0,0.13377,95.0,0.13385,40.0,0.13386,165.0
1753533174430,12:32:54.430,AI/USDT:USDT,0.13378,67.0,0.13377,95.0,0.13385,40.0,0.13386,165.0
1753533174439,12:32:54.439,AI/USDT:USDT,0.13378,67.0,0.13377,95.0,0.13385,40.0,0.13386,165.0
1753533174539,12:32:54.539,AI/USDT:USDT,0.13378,67.0,0.13377,95.0,0.13385,40.0,0.13386,165.0
1753533174639,12:32:54.639,AI/USDT:USDT,0.13378,67.0,0.13377,95.0,0.13385,40.0,0.13386,165.0
1753533174740,12:32:54.740,AI/USDT:USDT,0.13378,67.0,0.13377,95.0,0.13385,40.0,0.13386,165.0
1753533174837,12:32:54.837,AI/USDT:USDT,0.13378,67.0,0.13377,95.0,0.13385,40.0,0.13386,165.0
1753533174939,12:32:54.939,AI/USDT:USDT,0.13378,67.0,0.13377,95.0,0.13385,40.0,0.13386,165.0
1753533175041,12:32:55.041,AI/USDT:USDT,0.13378,67.0,0.13377,95.0,0.13385,40.0,0.13386,165.0
1753533175138,12:32:55.138,AI/USDT:USDT,0.13378,67.0,0.13377,95.0,0.13385,40.0,0.13386,165.0
1753533175259,12:32:55.259,AI/USDT:USDT,0.13378,67.0,0.13377,95.0,0.13385,40.0,0.13386,165.0
1753533175340,12:32:55.340,AI/USDT:USDT,0.13378,67.0,0.13377,95.0,0.13385,40.0,0.13386,165.0
1753533175501,12:32:55.501,AI/USDT:USDT,0.13378,162.0,0.13376,296.0,0.13385,40.0,0.13386,165.0
1753533175596,12:32:55.596,AI/USDT:USDT,0.13378,162.0,0.13376,296.0,0.13385,40.0,0.13386,165.0
1753533175638,12:32:55.638,AI/USDT:USDT,0.13378,162.0,0.13376,296.0,0.13385,40.0,0.13386,165.0
1753533175738,12:32:55.738,AI/USDT:USDT,0.13378,162.0,0.13376,296.0,0.13385,40.0,0.13386,165.0
1753533175838,12:32:55.838,AI/USDT:USDT,0.13378,162.0,0.13376,296.0,0.13385,40.0,0.13386,165.0
1753533175939,12:32:55.939,AI/USDT:USDT,0.13378,162.0,0.13376,296.0,0.13385,40.0,0.13386,165.0
1753533176070,12:32:56.070,AI/USDT:USDT,0.13378,162.0,0.13376,296.0,0.13385,40.0,0.13386,165.0
1753533176137,12:32:56.137,AI/USDT:USDT,0.13378,162.0,0.13376,296.0,0.13385,40.0,0.13386,165.0
1753533176302,12:32:56.302,AI/USDT:USDT,0.13378,162.0,0.13376,296.0,0.13385,40.0,0.13386,165.0
1753533176339,12:32:56.339,AI/USDT:USDT,0.13378,162.0,0.13376,296.0,0.13385,40.0,0.13386,165.0
1753533176482,12:32:56.482,AI/USDT:USDT,0.13378,162.0,0.13376,296.0,0.13385,40.0,0.13386,165.0
1753533176688,12:32:56.688,AI/USDT:USDT,0.13378,162.0,0.13376,296.0,0.13385,40.0,0.13386,165.0
1753533176738,12:32:56.738,AI/USDT:USDT,0.13378,162.0,0.13376,296.0,0.13385,40.0,0.13386,165.0
1753533176837,12:32:56.837,AI/USDT:USDT,0.13378,162.0,0.13376,296.0,0.13385,40.0,0.13386,165.0
1753533176938,12:32:56.938,AI/USDT:USDT,0.13378,162.0,0.13376,296.0,0.13385,40.0,0.13386,165.0
1753533177092,12:32:57.092,AI/USDT:USDT,0.13378,162.0,0.13376,296.0,0.13385,40.0,0.13386,203.0
1753533177137,12:32:57.137,AI/USDT:USDT,0.13378,162.0,0.13376,296.0,0.13385,40.0,0.13386,203.0
1753533177238,12:32:57.238,AI/USDT:USDT,0.13378,162.0,0.13376,296.0,0.13385,40.0,0.13386,203.0
1753533177346,12:32:57.346,AI/USDT:USDT,0.13378,162.0,0.13376,296.0,0.13385,40.0,0.13386,203.0
1753533177438,12:32:57.438,AI/USDT:USDT,0.13378,162.0,0.13376,296.0,0.13385,40.0,0.13386,203.0
1753533177539,12:32:57.539,AI/USDT:USDT,0.13378,162.0,0.13376,296.0,0.13385,40.0,0.13386,203.0
1753533177638,12:32:57.638,AI/USDT:USDT,0.13378,162.0,0.13376,296.0,0.13385,40.0,0.13386,203.0
1753533177737,12:32:57.737,AI/USDT:USDT,0.13378,162.0,0.13376,296.0,0.13385,40.0,0.13386,203.0
1753533177838,12:32:57.838,AI/USDT:USDT,0.13378,162.0,0.13376,296.0,0.13385,40.0,0.13386,203.0
1753533177938,12:32:57.938,AI/USDT:USDT,0.13378,162.0,0.13376,296.0,0.13385,40.0,0.13386,203.0
1753533178041,12:32:58.041,AI/USDT:USDT,0.13378,162.0,0.13376,296.0,0.13385,40.0,0.13386,203.0
1753533178138,12:32:58.138,AI/USDT:USDT,0.13378,162.0,0.13376,296.0,0.13385,40.0,0.13386,203.0
1753533178238,12:32:58.238,AI/USDT:USDT,0.13378,162.0,0.13376,296.0,0.13385,40.0,0.13386,203.0
1753533178339,12:32:58.339,AI/USDT:USDT,0.13378,162.0,0.13376,296.0,0.13385,40.0,0.13386,203.0
1753533178510,12:32:58.510,AI/USDT:USDT,0.13378,162.0,0.13376,296.0,0.13385,40.0,0.13386,203.0
1753533178538,12:32:58.538,AI/USDT:USDT,0.13378,162.0,0.13376,296.0,0.13385,40.0,0.13386,203.0
1753533178664,12:32:58.664,AI/USDT:USDT,0.13378,162.0,0.13376,296.0,0.13385,40.0,0.13386,203.0
1753533178740,12:32:58.740,AI/USDT:USDT,0.13378,162.0,0.13376,296.0,0.13385,40.0,0.13386,203.0
1753533178837,12:32:58.837,AI/USDT:USDT,0.13378,162.0,0.13376,296.0,0.13385,40.0,0.13386,203.0
1753533178939,12:32:58.939,AI/USDT:USDT,0.13378,162.0,0.13376,296.0,0.13385,40.0,0.13386,203.0
1753533179126,12:32:59.126,AI/USDT:USDT,0.13378,162.0,0.13376,296.0,0.13385,40.0,0.13386,203.0
1753533179140,12:32:59.140,AI/USDT:USDT,0.13378,162.0,0.13376,296.0,0.13385,40.0,0.13386,203.0
1753533179237,12:32:59.237,AI/USDT:USDT,0.13378,162.0,0.13376,296.0,0.13385,40.0,0.13386,203.0
1753533179340,12:32:59.340,AI/USDT:USDT,0.13378,162.0,0.13376,296.0,0.13385,40.0,0.13386,203.0
1753533179438,12:32:59.438,AI/USDT:USDT,0.13378,162.0,0.13376,296.0,0.13385,40.0,0.13386,203.0
1753533179537,12:32:59.537,AI/USDT:USDT,0.13378,162.0,0.13376,296.0,0.13385,40.0,0.13386,203.0
1753533179640,12:32:59.640,AI/USDT:USDT,0.13378,162.0,0.13376,296.0,0.13385,40.0,0.13386,203.0
1753533179739,12:32:59.739,AI/USDT:USDT,0.13378,162.0,0.13376,296.0,0.13385,40.0,0.13386,203.0
1753533179838,12:32:59.838,AI/USDT:USDT,0.13378,162.0,0.13376,296.0,0.13385,40.0,0.13386,203.0
1753533179941,12:32:59.941,AI/USDT:USDT,0.13378,162.0,0.13376,296.0,0.13385,40.0,0.13386,203.0
1753533180037,12:33:00.037,AI/USDT:USDT,0.13378,162.0,0.13376,296.0,0.13385,40.0,0.13386,203.0
1753533180137,12:33:00.137,AI/USDT:USDT,0.13378,162.0,0.13376,296.0,0.13385,40.0,0.13386,203.0
1753533180240,12:33:00.240,AI/USDT:USDT,0.13378,162.0,0.13376,296.0,0.13385,40.0,0.13386,203.0
1753533180340,12:33:00.340,AI/USDT:USDT,0.13378,162.0,0.13376,296.0,0.13385,40.0,0.13386,203.0
1753533180438,12:33:00.438,AI/USDT:USDT,0.13378,162.0,0.13376,296.0,0.13385,40.0,0.13386,203.0
1753533180539,12:33:00.539,AI/USDT:USDT,0.13378,162.0,0.13376,296.0,0.13385,40.0,0.13386,203.0
1753533180641,12:33:00.641,AI/USDT:USDT,0.13378,162.0,0.13376,296.0,0.13385,40.0,0.13386,203.0
1753533180756,12:33:00.756,AI/USDT:USDT,0.13378,162.0,0.13376,296.0,0.13385,40.0,0.13386,203.0
1753533180875,12:33:00.875,AI/USDT:USDT,0.13378,67.0,0.13376,149.0,0.13384,94.0,0.13385,40.0
1753533181016,12:33:01.016,AI/USDT:USDT,0.13377,25.0,0.13376,54.0,0.13383,113.0,0.13384,136.0
1753533181110,12:33:01.110,AI/USDT:USDT,0.13375,25.0,0.13374,94.0,0.13382,112.0,0.13383,210.0
1753533181190,12:33:01.190,AI/USDT:USDT,0.13375,25.0,0.13374,94.0,0.13381,1.0,0.13382,112.0
1753533181327,12:33:01.327,AI/USDT:USDT,0.13375,25.0,0.13374,94.0,0.13381,1.0,0.13382,112.0
1753533181425,12:33:01.425,AI/USDT:USDT,0.13375,25.0,0.13374,202.0,0.13381,1.0,0.13382,112.0
1753533181437,12:33:01.437,AI/USDT:USDT,0.13375,25.0,0.13374,202.0,0.13381,1.0,0.13382,112.0
1753533181549,12:33:01.549,AI/USDT:USDT,0.13375,25.0,0.13374,202.0,0.13381,1.0,0.13382,112.0
1753533181651,12:33:01.651,AI/USDT:USDT,0.13375,25.0,0.13374,202.0,0.13381,1.0,0.13382,112.0
1753533181829,12:33:01.829,AI/USDT:USDT,0.13375,25.0,0.13374,202.0,0.13381,1.0,0.13382,112.0
1753533182244,12:33:02.244,AI/USDT:USDT,0.13375,25.0,0.13374,202.0,0.13381,1.0,0.13382,112.0
1753533182664,12:33:02.664,AI/USDT:USDT,0.13375,25.0,0.13374,202.0,0.13381,1.0,0.13382,112.0
1753533182780,12:33:02.780,AI/USDT:USDT,0.13375,25.0,0.13374,202.0,0.13381,1.0,0.13382,112.0
1753533183070,12:33:03.070,AI/USDT:USDT,0.13375,25.0,0.13374,202.0,0.13381,1.0,0.13382,112.0
1753533183330,12:33:03.330,AI/USDT:USDT,0.13375,25.0,0.13374,202.0,0.13381,1.0,0.13382,112.0
1753533183345,12:33:03.345,AI/USDT:USDT,0.13375,25.0,0.13374,202.0,0.13381,1.0,0.13382,112.0
1753533183493,12:33:03.493,AI/USDT:USDT,0.13375,25.0,0.13374,202.0,0.13381,1.0,0.13382,112.0
1753533184222,12:33:04.222,AI/USDT:USDT,0.13375,25.0,0.13374,202.0,0.13381,1.0,0.13382,112.0
1753533184420,12:33:04.420,AI/USDT:USDT,0.13376,94.0,0.13375,25.0,0.13381,1.0,0.13383,18.0
1753533184454,12:33:04.454,AI/USDT:USDT,0.13377,47.0,0.13376,302.0,0.13383,18.0,0.13384,42.0
1753533184541,12:33:04.541,AI/USDT:USDT,0.13377,47.0,0.13376,302.0,0.13383,18.0,0.13384,42.0
1753533184711,12:33:04.711,AI/USDT:USDT,0.13377,47.0,0.13376,302.0,0.13383,18.0,0.13384,42.0
1753533184740,12:33:04.740,AI/USDT:USDT,0.13377,47.0,0.13376,302.0,0.13383,18.0,0.13384,42.0
1753533184901,12:33:04.901,AI/USDT:USDT,0.13377,47.0,0.13376,302.0,0.13383,18.0,0.13384,42.0
1753533184942,12:33:04.942,AI/USDT:USDT,0.13377,47.0,0.13376,302.0,0.13383,18.0,0.13384,42.0
1753533185041,12:33:05.041,AI/USDT:USDT,0.13377,47.0,0.13376,302.0,0.13383,18.0,0.13384,42.0
1753533185143,12:33:05.143,AI/USDT:USDT,0.13377,47.0,0.13376,302.0,0.13383,18.0,0.13384,42.0
1753533185290,12:33:05.290,AI/USDT:USDT,0.13377,141.0,0.13376,208.0,0.13395,94.0,0.13396,2333.0
1753533185422,12:33:05.422,AI/USDT:USDT,0.13377,47.0,0.13376,61.0,0.13386,149.0,0.13387,112.0
1753533185515,12:33:05.515,AI/USDT:USDT,0.13377,25.0,0.13374,241.0,0.13384,112.0,0.13385,192.0
1753533185574,12:33:05.574,AI/USDT:USDT,0.13375,25.0,0.13374,94.0,0.13383,19.0,0.13384,303.0
1753533185639,12:33:05.639,AI/USDT:USDT,0.13375,25.0,0.13374,94.0,0.13383,19.0,0.13384,303.0
1753533185805,12:33:05.805,AI/USDT:USDT,0.13375,25.0,0.13374,94.0,0.13383,19.0,0.13384,303.0
1753533185838,12:33:05.838,AI/USDT:USDT,0.13375,25.0,0.13374,94.0,0.13383,19.0,0.13384,303.0
1753533186004,12:33:06.004,AI/USDT:USDT,0.13375,119.0,0.13374,148.0,0.13383,19.0,0.13384,303.0
1753533186040,12:33:06.040,AI/USDT:USDT,0.13375,119.0,0.13374,148.0,0.13383,19.0,0.13384,303.0
1753533186157,12:33:06.157,AI/USDT:USDT,0.13375,119.0,0.13374,54.0,0.13383,19.0,0.13384,303.0
1753533186259,12:33:06.259,AI/USDT:USDT,0.13375,119.0,0.13374,54.0,0.13383,19.0,0.13384,303.0
1753533186337,12:33:06.337,AI/USDT:USDT,0.13375,119.0,0.13374,54.0,0.13383,19.0,0.13384,303.0
1753533186441,12:33:06.441,AI/USDT:USDT,0.13375,119.0,0.13374,54.0,0.13383,19.0,0.13384,303.0
1753533186538,12:33:06.538,AI/USDT:USDT,0.13375,119.0,0.13374,54.0,0.13383,19.0,0.13384,303.0
1753533186637,12:33:06.637,AI/USDT:USDT,0.13375,119.0,0.13374,54.0,0.13383,19.0,0.13384,303.0
1753533186792,12:33:06.792,AI/USDT:USDT,0.13375,119.0,0.13374,54.0,0.13383,19.0,0.13384,303.0
1753533186915,12:33:06.915,AI/USDT:USDT,0.13375,119.0,0.13374,54.0,0.13382,94.0,0.13383,19.0
1753533186979,12:33:06.979,AI/USDT:USDT,0.13375,119.0,0.13374,54.0,0.13381,1.0,0.13383,167.0
1753533187059,12:33:07.059,AI/USDT:USDT,0.13375,119.0,0.13374,54.0,0.13382,1.0,0.13383,18.0
1753533187231,12:33:07.231,AI/USDT:USDT,0.13375,119.0,0.13374,54.0,0.13383,113.0,0.13384,303.0
1753533187264,12:33:07.264,AI/USDT:USDT,0.13375,119.0,0.13374,54.0,0.13383,113.0,0.13384,303.0
1753533187384,12:33:07.384,AI/USDT:USDT,0.13375,119.0,0.13374,54.0,0.13383,113.0,0.13384,209.0
1753533187624,12:33:07.624,AI/USDT:USDT,0.13375,119.0,0.13374,54.0,0.13383,113.0,0.13384,209.0
1753533187664,12:33:07.664,AI/USDT:USDT,0.13375,119.0,0.13374,54.0,0.13383,113.0,0.13384,209.0
1753533187804,12:33:07.804,AI/USDT:USDT,0.13375,119.0,0.13374,54.0,0.13383,113.0,0.13384,209.0
1753533188155,12:33:08.155,AI/USDT:USDT,0.13375,119.0,0.13374,54.0,0.13383,113.0,0.13384,209.0
1753533188695,12:33:08.695,AI/USDT:USDT,0.13375,119.0,0.13374,54.0,0.13383,113.0,0.13384,209.0
1753533188828,12:33:08.828,AI/USDT:USDT,0.13375,119.0,0.13374,54.0,0.13383,113.0,0.13384,209.0
1753533188848,12:33:08.848,AI/USDT:USDT,0.13375,119.0,0.13374,54.0,0.13383,113.0,0.13384,209.0
1753533189217,12:33:09.217,AI/USDT:USDT,0.13375,119.0,0.13374,54.0,0.13383,113.0,0.13384,209.0
1753533189289,12:33:09.289,AI/USDT:USDT,0.13375,119.0,0.13374,54.0,0.13383,113.0,0.13384,209.0
1753533190082,12:33:10.082,AI/USDT:USDT,0.13375,119.0,0.13374,54.0,0.13383,113.0,0.13384,209.0
1753533190472,12:33:10.472,AI/USDT:USDT,0.13375,119.0,0.13374,54.0,0.13383,113.0,0.13384,209.0
1753533190544,12:33:10.544,AI/USDT:USDT,0.13375,119.0,0.13374,54.0,0.13383,113.0,0.13384,209.0
1753533190737,12:33:10.737,AI/USDT:USDT,0.13376,96.0,0.13375,25.0,0.13383,19.0,0.13384,209.0
1753533190916,12:33:10.916,AI/USDT:USDT,0.13378,96.0,0.13377,143.0,0.13383,1.0,0.13384,149.0
1753533191145,12:33:11.145,AI/USDT:USDT,0.13379,121.0,0.13377,265.0,0.13386,54.0,0.13387,42.0
1753533191320,12:33:11.320,AI/USDT:USDT,0.13381,96.0,0.1338,22.0,0.13386,1.0,0.13387,42.0
1753533191370,12:33:11.370,AI/USDT:USDT,0.13382,25.0,0.13381,96.0,0.13387,42.0,0.13388,55.0
1753533191676,12:33:11.676,AI/USDT:USDT,0.13382,25.0,0.13381,96.0,0.13387,42.0,0.13388,55.0
1753533191759,12:33:11.759,AI/USDT:USDT,0.13382,25.0,0.13381,96.0,0.13387,42.0,0.13388,55.0
1753533192283,12:33:12.283,AI/USDT:USDT,0.13382,25.0,0.13381,96.0,0.13387,42.0,0.13388,55.0
1753533192410,12:33:12.410,AI/USDT:USDT,0.13382,25.0,0.1338,22.0,0.13387,42.0,0.13388,55.0
1753533192443,12:33:12.443,AI/USDT:USDT,0.1338,47.0,0.13379,211.0,0.13387,42.0,0.13388,55.0
1753533192580,12:33:12.580,AI/USDT:USDT,0.1338,47.0,0.13379,211.0,0.13387,42.0,0.13388,55.0
1753533192646,12:33:12.646,AI/USDT:USDT,0.1338,47.0,0.13379,211.0,0.13387,42.0,0.13388,55.0
1753533192738,12:33:12.738,AI/USDT:USDT,0.1338,47.0,0.13379,211.0,0.13387,42.0,0.13388,55.0
1753533192838,12:33:12.838,AI/USDT:USDT,0.1338,47.0,0.13379,211.0,0.13387,42.0,0.13388,55.0
1753533192939,12:33:12.939,AI/USDT:USDT,0.1338,47.0,0.13379,211.0,0.13387,42.0,0.13388,55.0
1753533193040,12:33:13.040,AI/USDT:USDT,0.1338,47.0,0.13379,211.0,0.13387,42.0,0.13388,55.0
1753533193170,12:33:13.170,AI/USDT:USDT,0.1338,47.0,0.13379,211.0,0.13387,42.0,0.13388,55.0
1753533193241,12:33:13.241,AI/USDT:USDT,0.1338,47.0,0.13379,211.0,0.13387,42.0,0.13388,55.0
1753533193401,12:33:13.401,AI/USDT:USDT,0.1338,47.0,0.13379,211.0,0.13387,42.0,0.13388,55.0
1753533193521,12:33:13.521,AI/USDT:USDT,0.1338,47.0,0.13379,211.0,0.13387,42.0,0.13388,55.0
1753533193542,12:33:13.542,AI/USDT:USDT,0.1338,47.0,0.13379,211.0,0.13387,42.0,0.13388,55.0
1753533193653,12:33:13.653,AI/USDT:USDT,0.1338,47.0,0.13379,211.0,0.13387,42.0,0.13388,55.0
1753533193818,12:33:13.818,AI/USDT:USDT,0.1338,47.0,0.13379,115.0,0.13386,96.0,0.13387,191.0
1753533193854,12:33:13.854,AI/USDT:USDT,0.1338,47.0,0.13379,115.0,0.13385,1.0,0.13386,96.0
1753533193939,12:33:13.939,AI/USDT:USDT,0.1338,47.0,0.13379,115.0,0.13385,1.0,0.13386,96.0
1753533194038,12:33:14.038,AI/USDT:USDT,0.1338,47.0,0.13379,115.0,0.13385,1.0,0.13386,96.0
1753533194227,12:33:14.227,AI/USDT:USDT,0.1338,47.0,0.13379,115.0,0.13385,1.0,0.13386,96.0
1753533194330,12:33:14.330,AI/USDT:USDT,0.1338,25.0,0.13379,115.0,0.13385,1.0,0.13386,96.0
1753533194333,12:33:14.333,AI/USDT:USDT,0.1338,25.0,0.13377,96.0,0.13385,1.0,0.13386,96.0
1753533194518,12:33:14.518,AI/USDT:USDT,0.13378,25.0,0.13377,150.0,0.13385,1.0,0.13386,96.0
1753533194657,12:33:14.657,AI/USDT:USDT,0.13378,25.0,0.13377,150.0,0.13385,1.0,0.13386,96.0
1753533194826,12:33:14.826,AI/USDT:USDT,0.13378,25.0,0.13377,204.0,0.13385,1.0,0.13386,96.0
1753533194862,12:33:14.862,AI/USDT:USDT,0.13378,121.0,0.13377,108.0,0.13385,1.0,0.13386,96.0
1753533194940,12:33:14.940,AI/USDT:USDT,0.13379,96.0,0.13378,25.0,0.13385,1.0,0.13387,191.0
1753533195095,12:33:15.095,AI/USDT:USDT,0.1338,47.0,0.13379,157.0,0.13386,1.0,0.13387,42.0
1753533195142,12:33:15.142,AI/USDT:USDT,0.1338,47.0,0.13379,157.0,0.13387,43.0,0.13388,150.0
1753533195240,12:33:15.240,AI/USDT:USDT,0.1338,47.0,0.13379,157.0,0.13387,43.0,0.13388,150.0
1753533195338,12:33:15.338,AI/USDT:USDT,0.1338,47.0,0.13379,157.0,0.13387,43.0,0.13388,150.0
1753533195508,12:33:15.508,AI/USDT:USDT,0.1338,47.0,0.13379,157.0,0.13387,43.0,0.13388,150.0
1753533195539,12:33:15.539,AI/USDT:USDT,0.1338,47.0,0.13379,157.0,0.13387,43.0,0.13388,150.0
1753533195658,12:33:15.658,AI/USDT:USDT,0.1338,47.0,0.13379,157.0,0.13387,43.0,0.13388,150.0
1753533195742,12:33:15.742,AI/USDT:USDT,0.1338,47.0,0.13379,157.0,0.13387,43.0,0.13388,150.0
1753533195926,12:33:15.926,AI/USDT:USDT,0.1338,47.0,0.13379,157.0,0.13387,43.0,0.13388,150.0
1753533195943,12:33:15.943,AI/USDT:USDT,0.1338,47.0,0.13379,157.0,0.13387,43.0,0.13388,150.0
1753533196126,12:33:16.126,AI/USDT:USDT,0.1338,47.0,0.13379,157.0,0.13387,43.0,0.13388,150.0
1753533196142,12:33:16.142,AI/USDT:USDT,0.1338,47.0,0.13379,157.0,0.13387,43.0,0.13388,150.0
1753533196251,12:33:16.251,AI/USDT:USDT,0.1338,47.0,0.13379,157.0,0.13387,43.0,0.13388,150.0
1753533196344,12:33:16.344,AI/USDT:USDT,0.1338,47.0,0.13379,157.0,0.13387,43.0,0.13388,150.0
1753533196443,12:33:16.443,AI/USDT:USDT,0.1338,47.0,0.13379,157.0,0.13387,43.0,0.13388,150.0
1753533196538,12:33:16.538,AI/USDT:USDT,0.1338,47.0,0.13379,157.0,0.13387,43.0,0.13388,150.0
1753533196700,12:33:16.700,AI/USDT:USDT,0.1338,47.0,0.13379,157.0,0.13387,43.0,0.13388,150.0
1753533196759,12:33:16.759,AI/USDT:USDT,0.1338,47.0,0.13379,157.0,0.13387,43.0,0.13388,150.0
1753533196882,12:33:16.882,AI/USDT:USDT,0.1338,25.0,0.13379,96.0,0.13387,43.0,0.13388,150.0
1753533196938,12:33:16.938,AI/USDT:USDT,0.1338,25.0,0.13379,96.0,0.13387,43.0,0.13388,150.0
1753533197043,12:33:17.043,AI/USDT:USDT,0.1338,25.0,0.13379,96.0,0.13387,43.0,0.13388,150.0
1753533197230,12:33:17.230,AI/USDT:USDT,0.1338,121.0,0.13377,54.0,0.13387,192.0,0.13388,150.0
1753533197234,12:33:17.234,AI/USDT:USDT,0.1338,121.0,0.13379,54.0,0.13387,192.0,0.13388,150.0
1753533197585,12:33:17.585,AI/USDT:USDT,0.1338,121.0,0.13379,54.0,0.13387,43.0,0.13388,150.0
1753533197706,12:33:17.706,AI/USDT:USDT,0.1338,121.0,0.13379,54.0,0.13387,43.0,0.13388,150.0
1753533197820,12:33:17.820,AI/USDT:USDT,0.1338,121.0,0.13379,54.0,0.13387,43.0,0.13388,150.0
1753533197838,12:33:17.838,AI/USDT:USDT,0.1338,121.0,0.13379,54.0,0.13387,43.0,0.13388,150.0
1753533197939,12:33:17.939,AI/USDT:USDT,0.1338,121.0,0.13379,54.0,0.13387,43.0,0.13388,150.0
1753533198050,12:33:18.050,AI/USDT:USDT,0.1338,121.0,0.13379,54.0,0.13387,43.0,0.13388,150.0
1753533198138,12:33:18.138,AI/USDT:USDT,0.1338,121.0,0.13379,54.0,0.13387,43.0,0.13388,150.0
1753533198257,12:33:18.257,AI/USDT:USDT,0.1338,121.0,0.13379,54.0,0.13387,43.0,0.13388,150.0
1753533198339,12:33:18.339,AI/USDT:USDT,0.1338,121.0,0.13379,54.0,0.13387,43.0,0.13388,150.0
1753533198439,12:33:18.439,AI/USDT:USDT,0.1338,121.0,0.13379,54.0,0.13387,43.0,0.13388,150.0
1753533198580,12:33:18.580,AI/USDT:USDT,0.1338,121.0,0.13379,54.0,0.13387,43.0,0.13388,150.0
1753533198638,12:33:18.638,AI/USDT:USDT,0.1338,121.0,0.13379,54.0,0.13387,43.0,0.13388,150.0
1753533198738,12:33:18.738,AI/USDT:USDT,0.1338,121.0,0.13379,54.0,0.13387,43.0,0.13388,150.0
1753533198838,12:33:18.838,AI/USDT:USDT,0.1338,121.0,0.13379,54.0,0.13387,43.0,0.13388,150.0
1753533198938,12:33:18.938,AI/USDT:USDT,0.1338,121.0,0.13379,54.0,0.13387,43.0,0.13388,150.0
1753533199038,12:33:19.038,AI/USDT:USDT,0.1338,121.0,0.13379,54.0,0.13387,43.0,0.13388,150.0
1753533199137,12:33:19.137,AI/USDT:USDT,0.1338,121.0,0.13379,54.0,0.13387,43.0,0.13388,150.0
1753533199293,12:33:19.293,AI/USDT:USDT,0.1338,121.0,0.13379,54.0,0.13387,43.0,0.13388,150.0
1753533199338,12:33:19.338,AI/USDT:USDT,0.1338,121.0,0.13379,54.0,0.13387,43.0,0.13388,150.0
1753533199450,12:33:19.450,AI/USDT:USDT,0.1338,121.0,0.13379,54.0,0.13387,43.0,0.13388,150.0
1753533199537,12:33:19.537,AI/USDT:USDT,0.1338,121.0,0.13379,54.0,0.13387,43.0,0.13388,150.0
1753533199639,12:33:19.639,AI/USDT:USDT,0.1338,121.0,0.13379,54.0,0.13387,43.0,0.13388,150.0
1753533199738,12:33:19.738,AI/USDT:USDT,0.1338,121.0,0.13379,54.0,0.13387,43.0,0.13388,150.0
1753533199837,12:33:19.837,AI/USDT:USDT,0.1338,121.0,0.13379,54.0,0.13387,43.0,0.13388,150.0
1753533200020,12:33:20.020,AI/USDT:USDT,0.1338,143.0,0.13379,54.0,0.13387,43.0,0.13388,150.0
1753533200039,12:33:20.039,AI/USDT:USDT,0.1338,143.0,0.13379,54.0,0.13387,43.0,0.13388,150.0
1753533200137,12:33:20.137,AI/USDT:USDT,0.1338,143.0,0.13379,54.0,0.13387,43.0,0.13388,150.0
1753533200331,12:33:20.331,AI/USDT:USDT,0.1338,143.0,0.13379,54.0,0.13387,43.0,0.13388,150.0
1753533200340,12:33:20.340,AI/USDT:USDT,0.1338,143.0,0.13379,54.0,0.13387,43.0,0.13388,150.0
1753533200507,12:33:20.507,AI/USDT:USDT,0.1338,143.0,0.13379,54.0,0.13387,43.0,0.13388,150.0
1753533200537,12:33:20.537,AI/USDT:USDT,0.1338,143.0,0.13379,54.0,0.13387,43.0,0.13388,150.0
1753533200638,12:33:20.638,AI/USDT:USDT,0.1338,143.0,0.13379,54.0,0.13387,43.0,0.13388,150.0
1753533200737,12:33:20.737,AI/USDT:USDT,0.1338,143.0,0.13379,54.0,0.13387,43.0,0.13388,150.0
1753533200838,12:33:20.838,AI/USDT:USDT,0.1338,143.0,0.13379,54.0,0.13387,43.0,0.13388,150.0
1753533201025,12:33:21.025,AI/USDT:USDT,0.1338,47.0,0.13379,54.0,0.13384,1.0,0.13387,43.0
1753533201043,12:33:21.043,AI/USDT:USDT,0.1338,25.0,0.13379,54.0,0.13384,1.0,0.13385,42.0
1753533201154,12:33:21.154,AI/USDT:USDT,0.13379,79.0,0.13378,93.0,0.13384,1.0,0.13385,43.0
1753533201331,12:33:21.331,AI/USDT:USDT,0.13379,79.0,0.13378,93.0,0.13384,1.0,0.13385,43.0
1753533201341,12:33:21.341,AI/USDT:USDT,0.13379,79.0,0.13378,93.0,0.13384,1.0,0.13385,43.0
1753533201439,12:33:21.439,AI/USDT:USDT,0.13379,79.0,0.13378,93.0,0.13384,1.0,0.13385,43.0
1753533201546,12:33:21.546,AI/USDT:USDT,0.13379,79.0,0.13378,93.0,0.13384,1.0,0.13385,43.0
1753533201642,12:33:21.642,AI/USDT:USDT,0.13379,79.0,0.13378,93.0,0.13384,1.0,0.13385,43.0
1753533201770,12:33:21.770,AI/USDT:USDT,0.13379,79.0,0.13378,93.0,0.13384,1.0,0.13385,43.0
1753533201841,12:33:21.841,AI/USDT:USDT,0.13379,79.0,0.13378,93.0,0.13384,1.0,0.13385,43.0
1753533201937,12:33:21.937,AI/USDT:USDT,0.13379,79.0,0.13378,93.0,0.13384,1.0,0.13385,43.0
1753533202038,12:33:22.038,AI/USDT:USDT,0.13379,79.0,0.13378,93.0,0.13384,1.0,0.13385,43.0
1753533202213,12:33:22.213,AI/USDT:USDT,0.13379,79.0,0.13378,93.0,0.13384,1.0,0.13385,43.0
1753533202238,12:33:22.238,AI/USDT:USDT,0.13379,79.0,0.13378,93.0,0.13384,1.0,0.13385,43.0
1753533202343,12:33:22.343,AI/USDT:USDT,0.13379,79.0,0.13378,93.0,0.13384,1.0,0.13385,43.0
1753533202441,12:33:22.441,AI/USDT:USDT,0.13379,79.0,0.13378,93.0,0.13384,1.0,0.13385,43.0
1753533202543,12:33:22.543,AI/USDT:USDT,0.13379,79.0,0.13378,93.0,0.13384,1.0,0.13385,43.0
1753533202639,12:33:22.639,AI/USDT:USDT,0.13379,79.0,0.13378,93.0,0.13384,1.0,0.13385,43.0
1753533202739,12:33:22.739,AI/USDT:USDT,0.13379,79.0,0.13378,93.0,0.13384,1.0,0.13385,43.0
1753533202842,12:33:22.842,AI/USDT:USDT,0.13379,79.0,0.13378,93.0,0.13384,1.0,0.13385,43.0
1753533202938,12:33:22.938,AI/USDT:USDT,0.13379,79.0,0.13378,93.0,0.13384,1.0,0.13385,43.0
1753533203039,12:33:23.039,AI/USDT:USDT,0.13379,79.0,0.13378,93.0,0.13384,1.0,0.13385,43.0
1753533203139,12:33:23.139,AI/USDT:USDT,0.13379,79.0,0.13378,93.0,0.13384,1.0,0.13385,43.0
1753533203249,12:33:23.249,AI/USDT:USDT,0.13379,79.0,0.13378,93.0,0.13384,1.0,0.13385,43.0
1753533203342,12:33:23.342,AI/USDT:USDT,0.13379,79.0,0.13378,93.0,0.13384,1.0,0.13385,43.0
1753533203442,12:33:23.442,AI/USDT:USDT,0.13379,79.0,0.13378,93.0,0.13384,1.0,0.13385,43.0
1753533203541,12:33:23.541,AI/USDT:USDT,0.13379,79.0,0.13378,93.0,0.13384,1.0,0.13385,43.0
1753533203685,12:33:23.685,AI/USDT:USDT,0.13379,79.0,0.13378,93.0,0.13384,1.0,0.13385,43.0
1753533203739,12:33:23.739,AI/USDT:USDT,0.13379,79.0,0.13378,93.0,0.13384,1.0,0.13385,43.0
1753533203839,12:33:23.839,AI/USDT:USDT,0.13379,79.0,0.13378,93.0,0.13384,1.0,0.13385,43.0
1753533203942,12:33:23.942,AI/USDT:USDT,0.13379,79.0,0.13378,93.0,0.13384,1.0,0.13385,43.0
1753533204089,12:33:24.089,AI/USDT:USDT,0.13379,79.0,0.13378,93.0,0.13384,1.0,0.13385,43.0
1753533204152,12:33:24.152,AI/USDT:USDT,0.13379,79.0,0.13378,93.0,0.13384,1.0,0.13385,43.0
1753533204315,12:33:24.315,AI/USDT:USDT,0.13379,79.0,0.13378,93.0,0.13384,1.0,0.13385,43.0
1753533204342,12:33:24.342,AI/USDT:USDT,0.13379,79.0,0.13378,93.0,0.13384,1.0,0.13385,43.0
1753533204441,12:33:24.441,AI/USDT:USDT,0.13379,79.0,0.13378,93.0,0.13384,1.0,0.13385,43.0
1753533204538,12:33:24.538,AI/USDT:USDT,0.13379,79.0,0.13378,93.0,0.13384,1.0,0.13385,43.0
1753533204639,12:33:24.639,AI/USDT:USDT,0.13379,79.0,0.13378,93.0,0.13384,1.0,0.13385,43.0
1753533204738,12:33:24.738,AI/USDT:USDT,0.13379,79.0,0.13378,93.0,0.13384,1.0,0.13385,43.0
1753533204841,12:33:24.841,AI/USDT:USDT,0.13379,79.0,0.13378,93.0,0.13384,1.0,0.13385,43.0
1753533204938,12:33:24.938,AI/USDT:USDT,0.13379,79.0,0.13378,93.0,0.13384,1.0,0.13385,43.0
1753533205038,12:33:25.038,AI/USDT:USDT,0.13379,79.0,0.13378,93.0,0.13384,1.0,0.13385,43.0
1753533205138,12:33:25.138,AI/USDT:USDT,0.13379,79.0,0.13378,93.0,0.13384,1.0,0.13385,43.0
1753533205241,12:33:25.241,AI/USDT:USDT,0.13379,79.0,0.13378,93.0,0.13384,1.0,0.13385,43.0
1753533205348,12:33:25.348,AI/USDT:USDT,0.13379,79.0,0.13378,93.0,0.13384,1.0,0.13385,43.0
1753533205438,12:33:25.438,AI/USDT:USDT,0.13379,79.0,0.13378,93.0,0.13384,1.0,0.13385,43.0
1753533205538,12:33:25.538,AI/USDT:USDT,0.13379,79.0,0.13378,93.0,0.13384,1.0,0.13385,43.0
1753533205640,12:33:25.640,AI/USDT:USDT,0.13379,79.0,0.13378,93.0,0.13384,1.0,0.13385,43.0
1753533205741,12:33:25.741,AI/USDT:USDT,0.13379,79.0,0.13378,93.0,0.13384,1.0,0.13385,43.0
1753533205885,12:33:25.885,AI/USDT:USDT,0.13379,79.0,0.13378,93.0,0.13384,1.0,0.13385,43.0
1753533205942,12:33:25.942,AI/USDT:USDT,0.13379,79.0,0.13378,93.0,0.13384,1.0,0.13385,43.0
1753533206128,12:33:26.128,AI/USDT:USDT,0.13381,93.0,0.1338,22.0,0.13384,1.0,0.13385,1.0
1753533206220,12:33:26.220,AI/USDT:USDT,0.13382,21.0,0.13381,93.0,0.13389,1.0,0.1339,285.0
1753533206238,12:33:26.238,AI/USDT:USDT,0.13382,25.0,0.13381,93.0,0.13389,1.0,0.1339,285.0
1753533206495,12:33:26.495,AI/USDT:USDT,0.13382,25.0,0.13381,93.0,0.13389,94.0,0.1339,233.0
1753533207495,12:33:27.495,AI/USDT:USDT,0.13382,25.0,0.13381,93.0,0.13389,94.0,0.1339,233.0
1753533207626,12:33:27.626,AI/USDT:USDT,0.13383,93.0,0.13382,25.0,0.13389,1.0,0.1339,84.0
1753533207698,12:33:27.698,AI/USDT:USDT,0.13384,25.0,0.13383,93.0,0.13389,1.0,0.1339,84.0
1753533207859,12:33:27.859,AI/USDT:USDT,0.13384,25.0,0.13383,93.0,0.13389,1.0,0.1339,84.0
1753533207953,12:33:27.953,AI/USDT:USDT,0.13384,25.0,0.13383,93.0,0.13389,1.0,0.1339,84.0
1753533208295,12:33:28.295,AI/USDT:USDT,0.13384,25.0,0.13383,93.0,0.13389,1.0,0.1339,84.0
1753533208474,12:33:28.474,AI/USDT:USDT,0.13384,25.0,0.13383,147.0,0.13389,1.0,0.1339,84.0
1753533208587,12:33:28.587,AI/USDT:USDT,0.13384,25.0,0.13383,147.0,0.13389,1.0,0.1339,84.0
1753533209620,12:33:29.620,AI/USDT:USDT,0.13384,25.0,0.13383,147.0,0.13389,1.0,0.1339,84.0
1753533209653,12:33:29.653,AI/USDT:USDT,0.13384,25.0,0.13383,147.0,0.13389,1.0,0.1339,84.0
1753533210455,12:33:30.455,AI/USDT:USDT,0.13384,25.0,0.13383,147.0,0.13389,1.0,0.1339,84.0
1753533210673,12:33:30.673,AI/USDT:USDT,0.13384,25.0,0.13383,147.0,0.13389,1.0,0.1339,84.0
1753533210752,12:33:30.752,AI/USDT:USDT,0.13384,25.0,0.13383,147.0,0.13389,1.0,0.1339,84.0
1753533211077,12:33:31.077,AI/USDT:USDT,0.13384,25.0,0.13383,147.0,0.13389,1.0,0.1339,84.0
1753533211365,12:33:31.365,AI/USDT:USDT,0.13384,25.0,0.13383,147.0,0.13389,1.0,0.1339,84.0
1753533211435,12:33:31.435,AI/USDT:USDT,0.13384,25.0,0.13383,147.0,0.13389,1.0,0.1339,84.0
1753533211712,12:33:31.712,AI/USDT:USDT,0.13384,25.0,0.13383,147.0,0.13389,1.0,0.1339,84.0
1753533212913,12:33:32.913,AI/USDT:USDT,0.13384,25.0,0.13383,147.0,0.13389,1.0,0.1339,84.0
1753533214757,12:33:34.757,AI/USDT:USDT,0.13384,25.0,0.13383,147.0,0.13389,1.0,0.1339,84.0
1753533215095,12:33:35.095,AI/USDT:USDT,0.13384,25.0,0.13383,147.0,0.13389,1.0,0.1339,84.0
1753533215389,12:33:35.389,AI/USDT:USDT,0.13384,25.0,0.13383,147.0,0.13389,1.0,0.1339,84.0
1753533216308,12:33:36.308,AI/USDT:USDT,0.13384,25.0,0.13383,147.0,0.13389,1.0,0.1339,84.0
1753533216393,12:33:36.393,AI/USDT:USDT,0.13384,25.0,0.13383,147.0,0.13389,1.0,0.1339,84.0
1753533217294,12:33:37.294,AI/USDT:USDT,0.13384,25.0,0.13383,147.0,0.13389,1.0,0.1339,84.0
1753533217798,12:33:37.798,AI/USDT:USDT,0.13384,25.0,0.13383,147.0,0.13389,1.0,0.1339,84.0
1753533217928,12:33:37.928,AI/USDT:USDT,0.13384,25.0,0.13383,54.0,0.13389,1.0,0.1339,84.0
1753533217975,12:33:37.975,AI/USDT:USDT,0.13383,25.0,0.1338,93.0,0.13388,93.0,0.13389,150.0
1753533218087,12:33:38.087,AI/USDT:USDT,0.13381,25.0,0.1338,93.0,0.13387,126.0,0.13388,173.0
1753533218170,12:33:38.170,AI/USDT:USDT,0.13381,25.0,0.13366,147.0,0.13386,242.0,0.13387,33.0
1753533218320,12:33:38.320,AI/USDT:USDT,0.13373,147.0,0.13372,93.0,0.13385,1.0,0.13386,242.0
1753533218400,12:33:38.400,AI/USDT:USDT,0.13377,93.0,0.13376,21.0,0.13385,1.0,0.13386,242.0
1753533218454,12:33:38.454,AI/USDT:USDT,0.13378,46.0,0.13377,153.0,0.13385,1.0,0.13386,242.0
1753533218541,12:33:38.541,AI/USDT:USDT,0.13378,46.0,0.13377,153.0,0.13385,1.0,0.13386,242.0
1753533218641,12:33:38.641,AI/USDT:USDT,0.13378,46.0,0.13377,153.0,0.13385,1.0,0.13386,242.0
1753533218796,12:33:38.796,AI/USDT:USDT,0.13378,46.0,0.13377,153.0,0.13385,1.0,0.13386,242.0
1753533218865,12:33:38.865,AI/USDT:USDT,0.13378,46.0,0.13377,153.0,0.13385,1.0,0.13386,242.0
1753533218940,12:33:38.940,AI/USDT:USDT,0.13378,139.0,0.13377,60.0,0.13385,1.0,0.13386,242.0
1753533219241,12:33:39.241,AI/USDT:USDT,0.13378,139.0,0.13377,60.0,0.13385,1.0,0.13386,242.0
1753533219396,12:33:39.396,AI/USDT:USDT,0.13378,139.0,0.13377,60.0,0.13385,1.0,0.13386,242.0
1753533220337,12:33:40.337,AI/USDT:USDT,0.13378,139.0,0.13377,60.0,0.13385,1.0,0.13386,242.0
1753533220489,12:33:40.489,AI/USDT:USDT,0.13378,139.0,0.13377,60.0,0.13385,1.0,0.13386,242.0
1753533220868,12:33:40.868,AI/USDT:USDT,0.13378,139.0,0.13377,60.0,0.13385,1.0,0.13386,242.0
1753533221570,12:33:41.570,AI/USDT:USDT,0.13378,139.0,0.13377,60.0,0.13385,1.0,0.13386,242.0
1753533221732,12:33:41.732,AI/USDT:USDT,0.13378,139.0,0.13377,60.0,0.13385,1.0,0.13386,242.0
1753533223755,12:33:43.755,AI/USDT:USDT,0.13378,139.0,0.13377,60.0,0.13385,1.0,0.13386,242.0
1753533224154,12:33:44.154,AI/USDT:USDT,0.13378,139.0,0.13377,60.0,0.13385,1.0,0.13386,242.0
1753533224293,12:33:44.293,AI/USDT:USDT,0.13378,139.0,0.13377,60.0,0.13385,1.0,0.13386,242.0
1753533224569,12:33:44.569,AI/USDT:USDT,0.13378,139.0,0.13377,60.0,0.13385,1.0,0.13386,242.0
1753533224722,12:33:44.722,AI/USDT:USDT,0.13379,93.0,0.13378,46.0,0.13385,1.0,0.13386,149.0
1753533224754,12:33:44.754,AI/USDT:USDT,0.1338,25.0,0.13379,147.0,0.13385,1.0,0.13387,32.0
1753533224838,12:33:44.838,AI/USDT:USDT,0.1338,25.0,0.13379,147.0,0.13387,33.0,0.13388,173.0
1753533224944,12:33:44.944,AI/USDT:USDT,0.1338,25.0,0.13379,147.0,0.13387,33.0,0.13388,173.0
1753533225038,12:33:45.038,AI/USDT:USDT,0.1338,25.0,0.13379,147.0,0.13387,33.0,0.13388,173.0
1753533225137,12:33:45.137,AI/USDT:USDT,0.1338,25.0,0.13379,147.0,0.13387,33.0,0.13388,173.0
1753533225238,12:33:45.238,AI/USDT:USDT,0.1338,25.0,0.13379,147.0,0.13387,33.0,0.13388,173.0
1753533225339,12:33:45.339,AI/USDT:USDT,0.1338,25.0,0.13379,147.0,0.13387,33.0,0.13388,173.0
1753533225439,12:33:45.439,AI/USDT:USDT,0.1338,25.0,0.13379,147.0,0.13387,33.0,0.13388,173.0
1753533225538,12:33:45.538,AI/USDT:USDT,0.1338,25.0,0.13379,147.0,0.13387,33.0,0.13388,173.0
1753533225637,12:33:45.637,AI/USDT:USDT,0.1338,25.0,0.13379,147.0,0.13387,33.0,0.13388,173.0
1753533225780,12:33:45.780,AI/USDT:USDT,0.1338,25.0,0.13379,147.0,0.13387,126.0,0.13388,229.0
1753533225897,12:33:45.897,AI/USDT:USDT,0.1338,25.0,0.13379,54.0,0.13386,93.0,0.13387,33.0
1753533225952,12:33:45.952,AI/USDT:USDT,0.13379,79.0,0.13378,75.0,0.13385,1.0,0.13386,93.0
1753533226054,12:33:46.054,AI/USDT:USDT,0.13379,79.0,0.13378,75.0,0.13385,1.0,0.13386,93.0
1753533226189,12:33:46.189,AI/USDT:USDT,0.13379,79.0,0.13378,75.0,0.13385,1.0,0.13386,93.0
1753533226267,12:33:46.267,AI/USDT:USDT,0.13379,79.0,0.13378,75.0,0.13385,1.0,0.13386,93.0
1753533226341,12:33:46.341,AI/USDT:USDT,0.13379,79.0,0.13378,75.0,0.13385,1.0,0.13386,93.0
1753533226438,12:33:46.438,AI/USDT:USDT,0.13379,79.0,0.13378,75.0,0.13385,1.0,0.13386,93.0
1753533226538,12:33:46.538,AI/USDT:USDT,0.13379,79.0,0.13378,75.0,0.13385,1.0,0.13386,93.0
1753533226638,12:33:46.638,AI/USDT:USDT,0.13379,79.0,0.13378,75.0,0.13385,1.0,0.13386,93.0
1753533226738,12:33:46.738,AI/USDT:USDT,0.13379,79.0,0.13378,75.0,0.13385,1.0,0.13386,93.0
1753533226838,12:33:46.838,AI/USDT:USDT,0.13379,79.0,0.13378,75.0,0.13385,1.0,0.13386,93.0
1753533226938,12:33:46.938,AI/USDT:USDT,0.13379,79.0,0.13378,75.0,0.13385,1.0,0.13386,93.0
1753533227038,12:33:47.038,AI/USDT:USDT,0.13379,79.0,0.13378,75.0,0.13385,1.0,0.13386,93.0
1753533227147,12:33:47.147,AI/USDT:USDT,0.13379,79.0,0.13378,75.0,0.13385,1.0,0.13386,93.0
1753533227301,12:33:47.301,AI/USDT:USDT,0.13379,79.0,0.13378,75.0,0.13385,1.0,0.13387,32.0
1753533227419,12:33:47.419,AI/USDT:USDT,0.1338,93.0,0.13379,79.0,0.13387,33.0,0.13388,80.0
1753533227461,12:33:47.461,AI/USDT:USDT,0.13381,46.0,0.1338,153.0,0.13387,17.0,0.13388,40.0
1753533227626,12:33:47.626,AI/USDT:USDT,0.13382,93.0,0.13381,139.0,0.13389,1.0,0.1339,242.0
1753533227723,12:33:47.723,AI/USDT:USDT,0.13383,25.0,0.13382,114.0,0.13389,94.0,0.1339,189.0
1753533227794,12:33:47.794,AI/USDT:USDT,0.13383,25.0,0.13382,114.0,0.13389,94.0,0.1339,189.0
1753533227866,12:33:47.866,AI/USDT:USDT,0.13383,25.0,0.13382,114.0,0.13389,94.0,0.1339,189.0
1753533228127,12:33:48.127,AI/USDT:USDT,0.13383,25.0,0.13382,114.0,0.13389,94.0,0.1339,189.0
1753533228289,12:33:48.289,AI/USDT:USDT,0.13383,25.0,0.13382,114.0,0.13389,94.0,0.1339,189.0
1753533228560,12:33:48.560,AI/USDT:USDT,0.13383,25.0,0.13382,114.0,0.13389,94.0,0.1339,189.0
1753533228929,12:33:48.929,AI/USDT:USDT,0.13383,25.0,0.13382,114.0,0.13389,1.0,0.1339,189.0
1753533228961,12:33:48.961,AI/USDT:USDT,0.13383,25.0,0.13382,114.0,0.13389,1.0,0.1339,40.0
1753533229110,12:33:49.110,AI/USDT:USDT,0.13383,118.0,0.13382,21.0,0.1339,41.0,0.13391,2443.0
1753533229155,12:33:49.155,AI/USDT:USDT,0.13383,118.0,0.13382,21.0,0.1339,41.0,0.13391,2294.0
1753533229242,12:33:49.242,AI/USDT:USDT,0.13383,118.0,0.13382,21.0,0.1339,41.0,0.13391,2294.0
1753533229337,12:33:49.337,AI/USDT:USDT,0.13383,118.0,0.13382,21.0,0.1339,41.0,0.13391,2294.0
1753533229513,12:33:49.513,AI/USDT:USDT,0.13383,118.0,0.13382,21.0,0.1339,41.0,0.13391,2294.0
1753533229538,12:33:49.538,AI/USDT:USDT,0.13383,118.0,0.13382,21.0,0.1339,41.0,0.13391,2294.0
1753533229638,12:33:49.638,AI/USDT:USDT,0.13383,118.0,0.13382,21.0,0.1339,41.0,0.13391,2294.0
1753533229810,12:33:49.810,AI/USDT:USDT,0.13383,118.0,0.13382,21.0,0.1339,41.0,0.13391,2294.0
1753533229838,12:33:49.838,AI/USDT:USDT,0.13383,118.0,0.13382,21.0,0.1339,41.0,0.13391,2294.0
1753533229938,12:33:49.938,AI/USDT:USDT,0.13383,118.0,0.13382,21.0,0.1339,41.0,0.13391,2294.0
1753533230047,12:33:50.047,AI/USDT:USDT,0.13383,118.0,0.13382,21.0,0.1339,41.0,0.13391,2294.0
1753533230138,12:33:50.138,AI/USDT:USDT,0.13383,118.0,0.13382,21.0,0.1339,41.0,0.13391,2294.0
1753533230283,12:33:50.283,AI/USDT:USDT,0.13383,118.0,0.13382,21.0,0.1339,41.0,0.13391,2294.0
1753533230360,12:33:50.360,AI/USDT:USDT,0.13383,118.0,0.13382,21.0,0.1339,41.0,0.13391,2294.0
1753533230438,12:33:50.438,AI/USDT:USDT,0.13383,118.0,0.13382,21.0,0.1339,41.0,0.13391,2294.0
1753533230539,12:33:50.539,AI/USDT:USDT,0.13383,118.0,0.13382,21.0,0.1339,41.0,0.13391,2294.0
1753533230730,12:33:50.730,AI/USDT:USDT,0.13383,118.0,0.13382,21.0,0.1339,41.0,0.13391,2294.0
1753533230793,12:33:50.793,AI/USDT:USDT,0.13383,118.0,0.13382,21.0,0.1339,41.0,0.13391,2294.0
1753533230837,12:33:50.837,AI/USDT:USDT,0.13383,118.0,0.13382,21.0,0.1339,41.0,0.13391,2294.0
1753533230938,12:33:50.938,AI/USDT:USDT,0.13383,118.0,0.13382,21.0,0.1339,41.0,0.13391,2294.0
1753533231102,12:33:51.102,AI/USDT:USDT,0.13383,25.0,0.13382,21.0,0.1339,287.0,0.13391,2294.0
1753533231218,12:33:51.218,AI/USDT:USDT,0.13382,46.0,0.13381,79.0,0.1339,287.0,0.13391,2294.0
1753533231298,12:33:51.298,AI/USDT:USDT,0.13382,46.0,0.13381,79.0,0.1339,287.0,0.13391,2294.0
1753533231337,12:33:51.337,AI/USDT:USDT,0.13382,46.0,0.13381,79.0,0.1339,287.0,0.13391,2294.0
1753533231443,12:33:51.443,AI/USDT:USDT,0.13382,46.0,0.13381,79.0,0.1339,287.0,0.13391,2294.0
1753533231560,12:33:51.560,AI/USDT:USDT,0.13382,46.0,0.13381,79.0,0.13389,97.0,0.1339,190.0
1753533231690,12:33:51.690,AI/USDT:USDT,0.13382,25.0,0.13381,21.0,0.13387,97.0,0.13388,17.0
1753533231754,12:33:51.754,AI/USDT:USDT,0.13381,46.0,0.1338,153.0,0.13386,1.0,0.13387,137.0
1753533231839,12:33:51.839,AI/USDT:USDT,0.13381,46.0,0.1338,153.0,0.13386,1.0,0.13387,137.0
1753533231991,12:33:51.991,AI/USDT:USDT,0.13381,46.0,0.1338,153.0,0.13386,1.0,0.13387,137.0
1753533232055,12:33:52.055,AI/USDT:USDT,0.13381,46.0,0.1338,153.0,0.13386,1.0,0.13387,137.0
1753533232202,12:33:52.202,AI/USDT:USDT,0.13381,46.0,0.1338,153.0,0.13386,1.0,0.13387,137.0
1753533232238,12:33:52.238,AI/USDT:USDT,0.13381,46.0,0.1338,153.0,0.13386,1.0,0.13387,137.0
1753533232409,12:33:52.409,AI/USDT:USDT,0.13381,46.0,0.1338,153.0,0.13386,1.0,0.13387,137.0
1753533232440,12:33:52.440,AI/USDT:USDT,0.13381,46.0,0.1338,153.0,0.13386,1.0,0.13387,137.0
1753533232538,12:33:52.538,AI/USDT:USDT,0.13381,46.0,0.1338,153.0,0.13386,1.0,0.13387,137.0
1753533232637,12:33:52.637,AI/USDT:USDT,0.13381,46.0,0.1338,153.0,0.13386,1.0,0.13387,137.0
1753533232815,12:33:52.815,AI/USDT:USDT,0.13381,46.0,0.1338,153.0,0.13386,1.0,0.13387,137.0
1753533232873,12:33:52.873,AI/USDT:USDT,0.13381,46.0,0.1338,153.0,0.13386,1.0,0.13387,137.0
1753533232943,12:33:52.943,AI/USDT:USDT,0.13381,46.0,0.1338,153.0,0.13386,1.0,0.13387,137.0
1753533233124,12:33:53.124,AI/USDT:USDT,0.13381,46.0,0.1338,60.0,0.13386,98.0,0.13387,40.0
1753533233190,12:33:53.190,AI/USDT:USDT,0.13381,25.0,0.13379,54.0,0.13386,98.0,0.13387,40.0
1753533233276,12:33:53.276,AI/USDT:USDT,0.13379,79.0,0.13378,151.0,0.13386,98.0,0.13387,40.0
1753533233342,12:33:53.342,AI/USDT:USDT,0.13379,79.0,0.13378,151.0,0.13386,98.0,0.13387,40.0
1753533233438,12:33:53.438,AI/USDT:USDT,0.13379,79.0,0.13378,151.0,0.13386,98.0,0.13387,40.0
1753533233539,12:33:53.539,AI/USDT:USDT,0.13379,79.0,0.13378,151.0,0.13386,98.0,0.13387,40.0
1753533233639,12:33:53.639,AI/USDT:USDT,0.13379,79.0,0.13378,151.0,0.13386,98.0,0.13387,40.0
1753533233738,12:33:53.738,AI/USDT:USDT,0.13379,79.0,0.13378,151.0,0.13386,98.0,0.13387,40.0
1753533233909,12:33:53.909,AI/USDT:USDT,0.13379,79.0,0.13378,151.0,0.13386,98.0,0.13387,40.0
1753533233939,12:33:53.939,AI/USDT:USDT,0.13379,79.0,0.13378,151.0,0.13386,98.0,0.13387,40.0
1753533234038,12:33:54.038,AI/USDT:USDT,0.13379,79.0,0.13378,151.0,0.13386,98.0,0.13387,40.0
1753533234140,12:33:54.140,AI/USDT:USDT,0.13379,79.0,0.13378,151.0,0.13386,98.0,0.13387,40.0
1753533234240,12:33:54.240,AI/USDT:USDT,0.13379,79.0,0.13378,151.0,0.13386,98.0,0.13387,40.0
1753533234341,12:33:54.341,AI/USDT:USDT,0.13379,79.0,0.13378,151.0,0.13386,98.0,0.13387,40.0
1753533234474,12:33:54.474,AI/USDT:USDT,0.13379,79.0,0.13378,151.0,0.13386,98.0,0.13387,40.0
1753533234597,12:33:54.597,AI/USDT:USDT,0.13379,79.0,0.13378,151.0,0.13386,98.0,0.13387,40.0
1753533234637,12:33:54.637,AI/USDT:USDT,0.13379,79.0,0.13378,151.0,0.13386,98.0,0.13387,40.0
1753533234737,12:33:54.737,AI/USDT:USDT,0.13379,79.0,0.13378,151.0,0.13386,98.0,0.13387,40.0
1753533234838,12:33:54.838,AI/USDT:USDT,0.13379,79.0,0.13378,151.0,0.13386,98.0,0.13387,40.0
1753533234938,12:33:54.938,AI/USDT:USDT,0.13379,79.0,0.13378,151.0,0.13386,98.0,0.13387,40.0
1753533235038,12:33:55.038,AI/USDT:USDT,0.13379,79.0,0.13378,151.0,0.13386,98.0,0.13387,40.0
1753533235175,12:33:55.175,AI/USDT:USDT,0.13379,79.0,0.13378,151.0,0.13386,98.0,0.13387,40.0
1753533235239,12:33:55.239,AI/USDT:USDT,0.13379,79.0,0.13378,151.0,0.13386,98.0,0.13387,40.0
1753533235338,12:33:55.338,AI/USDT:USDT,0.13379,79.0,0.13378,151.0,0.13386,98.0,0.13387,40.0
1753533235452,12:33:55.452,AI/USDT:USDT,0.13379,79.0,0.13378,151.0,0.13386,98.0,0.13387,40.0
1753533235557,12:33:55.557,AI/USDT:USDT,0.1338,97.0,0.13379,79.0,0.13386,1.0,0.13387,40.0
1753533235711,12:33:55.711,AI/USDT:USDT,0.13381,25.0,0.1338,97.0,0.13387,41.0,0.13388,84.0
1753533235738,12:33:55.738,AI/USDT:USDT,0.13381,25.0,0.1338,97.0,0.13387,41.0,0.13388,84.0
1753533235924,12:33:55.924,AI/USDT:USDT,0.13381,25.0,0.1338,97.0,0.13387,41.0,0.13388,84.0
1753533235938,12:33:55.938,AI/USDT:USDT,0.13381,25.0,0.1338,97.0,0.13387,41.0,0.13388,84.0
1753533236128,12:33:56.128,AI/USDT:USDT,0.13381,25.0,0.1338,97.0,0.13387,41.0,0.13388,84.0
1753533236188,12:33:56.188,AI/USDT:USDT,0.13381,25.0,0.1338,97.0,0.13387,41.0,0.13388,84.0
1753533236239,12:33:56.239,AI/USDT:USDT,0.13381,25.0,0.1338,97.0,0.13387,41.0,0.13388,84.0
1753533236337,12:33:56.337,AI/USDT:USDT,0.13381,25.0,0.1338,97.0,0.13387,41.0,0.13388,84.0
1753533236439,12:33:56.439,AI/USDT:USDT,0.13381,25.0,0.1338,97.0,0.13387,41.0,0.13388,84.0
1753533236538,12:33:56.538,AI/USDT:USDT,0.13381,25.0,0.1338,97.0,0.13387,41.0,0.13388,84.0
1753533236638,12:33:56.638,AI/USDT:USDT,0.13381,25.0,0.1338,97.0,0.13387,41.0,0.13388,84.0
1753533236798,12:33:56.798,AI/USDT:USDT,0.13381,25.0,0.1338,97.0,0.13387,41.0,0.13388,84.0
1753533236838,12:33:56.838,AI/USDT:USDT,0.13381,25.0,0.1338,97.0,0.13387,41.0,0.13388,84.0
1753533236945,12:33:56.945,AI/USDT:USDT,0.13381,25.0,0.1338,97.0,0.13387,41.0,0.13388,84.0
1753533237038,12:33:57.038,AI/USDT:USDT,0.13381,25.0,0.1338,97.0,0.13387,41.0,0.13388,84.0
1753533237144,12:33:57.144,AI/USDT:USDT,0.13381,25.0,0.1338,97.0,0.13387,41.0,0.13388,84.0
1753533237239,12:33:57.239,AI/USDT:USDT,0.13381,25.0,0.1338,97.0,0.13387,41.0,0.13388,84.0
1753533237339,12:33:57.339,AI/USDT:USDT,0.13381,25.0,0.1338,97.0,0.13387,41.0,0.13388,84.0
1753533237439,12:33:57.439,AI/USDT:USDT,0.13381,25.0,0.1338,97.0,0.13387,41.0,0.13388,84.0
1753533237538,12:33:57.538,AI/USDT:USDT,0.13381,25.0,0.1338,97.0,0.13387,41.0,0.13388,84.0
1753533237638,12:33:57.638,AI/USDT:USDT,0.13381,25.0,0.1338,97.0,0.13387,41.0,0.13388,84.0
1753533237738,12:33:57.738,AI/USDT:USDT,0.13381,25.0,0.1338,97.0,0.13387,41.0,0.13388,84.0
1753533237837,12:33:57.837,AI/USDT:USDT,0.13381,25.0,0.1338,97.0,0.13387,41.0,0.13388,84.0
1753533237946,12:33:57.946,AI/USDT:USDT,0.13381,25.0,0.1338,97.0,0.13387,41.0,0.13388,84.0
1753533238038,12:33:58.038,AI/USDT:USDT,0.13381,25.0,0.1338,97.0,0.13387,41.0,0.13388,84.0
1753533238137,12:33:58.137,AI/USDT:USDT,0.13381,25.0,0.1338,97.0,0.13387,41.0,0.13388,84.0
1753533238239,12:33:58.239,AI/USDT:USDT,0.13381,25.0,0.1338,97.0,0.13387,41.0,0.13388,84.0
1753533238338,12:33:58.338,AI/USDT:USDT,0.13381,25.0,0.1338,97.0,0.13387,41.0,0.13388,84.0
1753533238437,12:33:58.437,AI/USDT:USDT,0.13381,25.0,0.1338,97.0,0.13387,41.0,0.13388,84.0
1753533238539,12:33:58.539,AI/USDT:USDT,0.13381,25.0,0.1338,97.0,0.13387,41.0,0.13388,84.0
1753533238637,12:33:58.637,AI/USDT:USDT,0.13381,25.0,0.1338,97.0,0.13387,41.0,0.13388,84.0
1753533238822,12:33:58.822,AI/USDT:USDT,0.13381,122.0,0.13379,54.0,0.13387,41.0,0.13388,84.0
1753533238916,12:33:58.916,AI/USDT:USDT,0.13381,46.0,0.1338,60.0,0.13387,41.0,0.13388,84.0
1753533238985,12:33:58.985,AI/USDT:USDT,0.13381,46.0,0.1338,60.0,0.13387,41.0,0.13388,84.0
1753533239122,12:33:59.122,AI/USDT:USDT,0.13381,46.0,0.1338,60.0,0.13387,41.0,0.13388,84.0
1753533239139,12:33:59.139,AI/USDT:USDT,0.13381,46.0,0.1338,60.0,0.13387,41.0,0.13388,84.0
1753533239242,12:33:59.242,AI/USDT:USDT,0.13381,46.0,0.1338,60.0,0.13387,41.0,0.13388,84.0
1753533239341,12:33:59.341,AI/USDT:USDT,0.13381,46.0,0.1338,60.0,0.13387,41.0,0.13388,84.0
1753533239438,12:33:59.438,AI/USDT:USDT,0.13381,46.0,0.1338,60.0,0.13387,41.0,0.13388,84.0
1753533239538,12:33:59.538,AI/USDT:USDT,0.13381,46.0,0.1338,60.0,0.13387,41.0,0.13388,84.0
1753533239638,12:33:59.638,AI/USDT:USDT,0.13381,46.0,0.1338,60.0,0.13387,41.0,0.13388,84.0
1753533239737,12:33:59.737,AI/USDT:USDT,0.13381,46.0,0.1338,60.0,0.13387,41.0,0.13388,84.0
1753533239838,12:33:59.838,AI/USDT:USDT,0.13381,46.0,0.1338,60.0,0.13387,41.0,0.13388,84.0
1753533239940,12:33:59.940,AI/USDT:USDT,0.13381,46.0,0.1338,60.0,0.13387,41.0,0.13388,84.0
1753533240111,12:34:00.111,AI/USDT:USDT,0.13381,46.0,0.1338,60.0,0.13387,41.0,0.13388,84.0
