timestamp,time,symbol,bid1_price,bid1_volume,bid2_price,bid2_volume,ask1_price,ask1_volume,ask2_price,ask2_volume
1753533020000,12:30:20.000,B/USDT:USDT,0.5406,15.0,0.5405,10.0,0.5416,68.0,0.5417,2.0
1753533020733,12:30:20.733,B/USDT:USDT,0.5406,15.0,0.5405,10.0,0.5416,68.0,0.5417,2.0
1753533020759,12:30:20.759,B/USDT:USDT,0.5406,15.0,0.5405,10.0,0.5416,68.0,0.5417,2.0
1753533021723,12:30:21.723,B/USDT:USDT,0.5406,5.0,0.5405,10.0,0.5416,68.0,0.5417,2.0
1753533021759,12:30:21.759,B/USDT:USDT,0.5406,5.0,0.5405,10.0,0.5416,68.0,0.5417,2.0
1753533022712,12:30:22.712,B/USDT:USDT,0.5406,15.0,0.5405,10.0,0.5416,68.0,0.5417,2.0
1753533022764,12:30:22.764,B/USDT:USDT,0.5406,15.0,0.5405,10.0,0.5416,68.0,0.5417,2.0
1753533023488,12:30:23.488,B/USDT:USDT,0.5406,15.0,0.5405,10.0,0.5416,72.0,0.5417,2.0
1753533023749,12:30:23.749,B/USDT:USDT,0.5406,15.0,0.5405,10.0,0.5416,72.0,0.5417,2.0
1753533023915,12:30:23.915,B/USDT:USDT,0.5406,15.0,0.5405,10.0,0.5416,81.0,0.5417,2.0
1753533023967,12:30:23.967,B/USDT:USDT,0.5406,15.0,0.5405,10.0,0.5416,81.0,0.5417,2.0
1753533024190,12:30:24.190,B/USDT:USDT,0.5406,15.0,0.5405,10.0,0.5416,90.0,0.5417,2.0
1753533024337,12:30:24.337,B/USDT:USDT,0.5408,15.0,0.5407,140.0,0.543,10.0,0.5434,164.0
1753533024430,12:30:24.430,B/USDT:USDT,0.5411,9.0,0.541,10.0,0.5429,10.0,0.543,3.0
1753533024548,12:30:24.548,B/USDT:USDT,0.5413,112.0,0.5412,110.0,0.5428,18.0,0.5429,10.0
1753533024634,12:30:24.634,B/USDT:USDT,0.5415,5.0,0.5414,47.0,0.5428,18.0,0.5429,10.0
1753533024689,12:30:24.689,B/USDT:USDT,0.5415,49.0,0.5414,3.0,0.5428,18.0,0.5429,10.0
1753533024850,12:30:24.850,B/USDT:USDT,0.5415,49.0,0.5414,3.0,0.5428,18.0,0.5429,10.0
1753533024925,12:30:24.925,B/USDT:USDT,0.5415,49.0,0.5414,3.0,0.5428,18.0,0.5429,10.0
1753533025043,12:30:25.043,B/USDT:USDT,0.5415,49.0,0.5414,3.0,0.5428,18.0,0.5429,10.0
1753533025138,12:30:25.138,B/USDT:USDT,0.5415,49.0,0.5414,3.0,0.5427,66.0,0.5428,18.0
1753533025216,12:30:25.216,B/USDT:USDT,0.5415,49.0,0.5414,3.0,0.5427,66.0,0.5428,18.0
1753533025314,12:30:25.314,B/USDT:USDT,0.5415,5.0,0.5414,48.0,0.5427,66.0,0.5428,18.0
1753533025413,12:30:25.413,B/USDT:USDT,0.5415,5.0,0.5414,48.0,0.5427,66.0,0.5428,18.0
1753533025679,12:30:25.679,B/USDT:USDT,0.5415,15.0,0.5414,58.0,0.5427,76.0,0.5428,18.0
1753533026567,12:30:26.567,B/USDT:USDT,0.5415,15.0,0.5414,58.0,0.5427,76.0,0.5428,21.0
1753533026811,12:30:26.811,B/USDT:USDT,0.5415,21.0,0.5414,58.0,0.5427,76.0,0.5428,21.0
1753533027214,12:30:27.214,B/USDT:USDT,0.5415,65.0,0.5414,13.0,0.5427,76.0,0.5428,21.0
1753533027268,12:30:27.268,B/USDT:USDT,0.5415,65.0,0.5414,13.0,0.5427,94.0,0.5428,3.0
1753533027614,12:30:27.614,B/USDT:USDT,0.5415,65.0,0.5414,13.0,0.5427,94.0,0.5432,107.0
1753533027749,12:30:27.749,B/USDT:USDT,0.5415,21.0,0.5414,57.0,0.5427,94.0,0.5432,107.0
1753533027760,12:30:27.760,B/USDT:USDT,0.5415,21.0,0.5414,57.0,0.5427,94.0,0.5432,107.0
1753533030037,12:30:30.037,B/USDT:USDT,0.5415,21.0,0.5414,57.0,0.5427,94.0,0.5432,107.0
1753533030061,12:30:30.061,B/USDT:USDT,0.5415,21.0,0.5414,57.0,0.5427,94.0,0.5432,107.0
1753533030234,12:30:30.234,B/USDT:USDT,0.5415,21.0,0.5414,57.0,0.5426,66.0,0.5427,20.0
1753533030295,12:30:30.295,B/USDT:USDT,0.5415,21.0,0.5414,57.0,0.5426,66.0,0.5427,20.0
1753533030440,12:30:30.440,B/USDT:USDT,0.5415,21.0,0.5414,57.0,0.5426,66.0,0.5427,20.0
1753533031457,12:30:31.457,B/USDT:USDT,0.5415,21.0,0.5414,57.0,0.5426,66.0,0.5427,20.0
1753533031611,12:30:31.611,B/USDT:USDT,0.5415,21.0,0.5414,57.0,0.5426,66.0,0.5427,18.0
1753533031922,12:30:31.922,B/USDT:USDT,0.5415,21.0,0.5414,57.0,0.5426,66.0,0.5427,18.0
1753533032020,12:30:32.020,B/USDT:USDT,0.5415,15.0,0.5414,57.0,0.5426,66.0,0.5427,18.0
1753533032745,12:30:32.745,B/USDT:USDT,0.5415,15.0,0.5414,57.0,0.5426,66.0,0.5427,18.0
1753533032763,12:30:32.763,B/USDT:USDT,0.5415,15.0,0.5414,57.0,0.5426,66.0,0.5427,18.0
1753533034042,12:30:34.042,B/USDT:USDT,0.5415,15.0,0.5414,13.0,0.5426,66.0,0.5427,18.0
1753533035428,12:30:35.428,B/USDT:USDT,0.5415,15.0,0.5414,13.0,0.5426,66.0,0.5427,18.0
1753533035499,12:30:35.499,B/USDT:USDT,0.5415,15.0,0.5414,13.0,0.5426,66.0,0.5427,18.0
1753533035831,12:30:35.831,B/USDT:USDT,0.5415,15.0,0.5414,13.0,0.5426,66.0,0.5427,18.0
1753533035929,12:30:35.929,B/USDT:USDT,0.5415,15.0,0.5414,10.0,0.5426,66.0,0.5427,18.0
1753533036556,12:30:36.556,B/USDT:USDT,0.5415,5.0,0.541,10.0,0.5426,66.0,0.5427,18.0
1753533036799,12:30:36.799,B/USDT:USDT,0.5411,15.0,0.541,10.0,0.5426,66.0,0.5427,18.0
1753533036856,12:30:36.856,B/USDT:USDT,0.5411,15.0,0.541,10.0,0.5426,66.0,0.5427,18.0
1753533037189,12:30:37.189,B/USDT:USDT,0.5411,15.0,0.541,10.0,0.5426,66.0,0.5427,18.0
1753533037544,12:30:37.544,B/USDT:USDT,0.5411,15.0,0.541,10.0,0.5426,76.0,0.5427,18.0
1753533038405,12:30:38.405,B/USDT:USDT,0.5411,15.0,0.541,10.0,0.5426,76.0,0.5427,18.0
1753533038533,12:30:38.533,B/USDT:USDT,0.5411,5.0,0.541,10.0,0.5426,76.0,0.5427,18.0
1753533038831,12:30:38.831,B/USDT:USDT,0.5411,5.0,0.541,10.0,0.5426,76.0,0.5427,18.0
1753533039522,12:30:39.522,B/USDT:USDT,0.5411,15.0,0.541,10.0,0.5426,94.0,0.5432,107.0
1753533039666,12:30:39.666,B/USDT:USDT,0.5411,15.0,0.541,10.0,0.5426,94.0,0.5432,107.0
1753533041499,12:30:41.499,B/USDT:USDT,0.5411,5.0,0.541,10.0,0.5426,94.0,0.5432,107.0
1753533042355,12:30:42.355,B/USDT:USDT,0.5411,5.0,0.541,10.0,0.5426,94.0,0.5432,107.0
1753533042494,12:30:42.494,B/USDT:USDT,0.5411,15.0,0.541,10.0,0.5426,103.0,0.5432,107.0
1753533043531,12:30:43.531,B/USDT:USDT,0.5411,59.0,0.541,10.0,0.5426,103.0,0.5432,107.0
1753533043606,12:30:43.606,B/USDT:USDT,0.5411,59.0,0.541,10.0,0.5426,112.0,0.5432,107.0
1753533043704,12:30:43.704,B/USDT:USDT,0.5411,59.0,0.541,10.0,0.5426,112.0,0.5432,107.0
1753533044536,12:30:44.536,B/USDT:USDT,0.5413,15.0,0.5412,117.0,0.5426,112.0,0.5432,107.0
1753533044558,12:30:44.558,B/USDT:USDT,0.5413,18.0,0.5412,117.0,0.5426,112.0,0.5432,107.0
1753533044937,12:30:44.937,B/USDT:USDT,0.5413,18.0,0.5412,117.0,0.5426,112.0,0.5432,107.0
1753533045455,12:30:45.455,B/USDT:USDT,0.5413,18.0,0.5412,117.0,0.5426,112.0,0.5432,107.0
1753533045795,12:30:45.795,B/USDT:USDT,0.5413,18.0,0.5412,117.0,0.5426,115.0,0.5432,107.0
1753533046807,12:30:46.807,B/USDT:USDT,0.5413,18.0,0.5412,117.0,0.5426,112.0,0.5432,107.0
1753533048076,12:30:48.076,B/USDT:USDT,0.5413,18.0,0.5412,117.0,0.5426,112.0,0.5432,107.0
1753533049483,12:30:49.483,B/USDT:USDT,0.5413,18.0,0.5412,117.0,0.5426,112.0,0.5432,107.0
1753533049870,12:30:49.870,B/USDT:USDT,0.5413,18.0,0.5412,10.0,0.5426,112.0,0.5432,107.0
1753533049958,12:30:49.958,B/USDT:USDT,0.5413,15.0,0.5412,10.0,0.5426,112.0,0.5432,107.0
1753533050427,12:30:50.427,B/USDT:USDT,0.5413,5.0,0.5412,10.0,0.5425,49.0,0.5426,112.0
1753533050549,12:30:50.549,B/USDT:USDT,0.5413,5.0,0.5412,10.0,0.5424,66.0,0.5425,10.0
1753533050634,12:30:50.634,B/USDT:USDT,0.5413,5.0,0.5412,10.0,0.5424,66.0,0.5425,10.0
1753533051139,12:30:51.139,B/USDT:USDT,0.5413,5.0,0.5412,10.0,0.5424,66.0,0.5425,10.0
1753533051249,12:30:51.249,B/USDT:USDT,0.5413,5.0,0.5412,10.0,0.5424,84.0,0.5425,10.0
1753533051258,12:30:51.258,B/USDT:USDT,0.5413,5.0,0.5412,10.0,0.5424,84.0,0.5425,10.0
1753533052848,12:30:52.848,B/USDT:USDT,0.5413,5.0,0.5412,10.0,0.5424,84.0,0.5425,28.0
1753533053084,12:30:53.084,B/USDT:USDT,0.5413,5.0,0.5412,10.0,0.5424,84.0,0.5425,28.0
1753533053366,12:30:53.366,B/USDT:USDT,0.5413,5.0,0.5412,10.0,0.5424,94.0,0.5425,28.0
1753533053524,12:30:53.524,B/USDT:USDT,0.5413,5.0,0.5412,10.0,0.5424,112.0,0.5425,28.0
1753533054355,12:30:54.355,B/USDT:USDT,0.5413,5.0,0.5412,10.0,0.5424,112.0,0.5425,18.0
1753533057220,12:30:57.220,B/USDT:USDT,0.5413,5.0,0.5412,10.0,0.5424,112.0,0.5425,18.0
1753533059074,12:30:59.074,B/USDT:USDT,0.5413,5.0,0.5412,117.0,0.5424,112.0,0.5425,18.0
1753533059158,12:30:59.158,B/USDT:USDT,0.5413,8.0,0.5412,117.0,0.5424,112.0,0.5425,18.0
1753533059624,12:30:59.624,B/USDT:USDT,0.5413,8.0,0.5412,117.0,0.5424,76.0,0.5425,18.0
1753533059654,12:30:59.654,B/USDT:USDT,0.5413,8.0,0.5412,117.0,0.5424,76.0,0.5425,18.0
1753533060026,12:31:00.026,B/USDT:USDT,0.5413,8.0,0.5412,117.0,0.5424,94.0,0.5425,18.0
1753533060118,12:31:00.118,B/USDT:USDT,0.5413,8.0,0.5412,10.0,0.5424,94.0,0.5425,18.0
1753533060161,12:31:00.161,B/USDT:USDT,0.5413,5.0,0.5412,10.0,0.5424,94.0,0.5425,18.0
1753533060328,12:31:00.328,B/USDT:USDT,0.541,15.0,0.5409,13.0,0.5424,103.0,0.5425,18.0
1753533060376,12:31:00.376,B/USDT:USDT,0.541,15.0,0.5409,13.0,0.5424,115.0,0.5425,18.0
1753533060934,12:31:00.934,B/USDT:USDT,0.541,15.0,0.5409,57.0,0.5424,115.0,0.5425,18.0
1753533061282,12:31:01.282,B/USDT:USDT,0.541,15.0,0.5409,57.0,0.5424,115.0,0.5425,18.0
1753533061428,12:31:01.428,B/USDT:USDT,0.541,15.0,0.5409,57.0,0.5424,112.0,0.5425,18.0
1753533061568,12:31:01.568,B/USDT:USDT,0.541,15.0,0.5409,57.0,0.5424,112.0,0.5425,18.0
1753533062131,12:31:02.131,B/USDT:USDT,0.541,15.0,0.5409,57.0,0.5424,112.0,0.5425,18.0
1753533063144,12:31:03.144,B/USDT:USDT,0.541,15.0,0.5409,57.0,0.5424,121.0,0.5425,18.0
1753533063166,12:31:03.166,B/USDT:USDT,0.541,15.0,0.5409,57.0,0.5424,121.0,0.5425,18.0
1753533063258,12:31:03.258,B/USDT:USDT,0.541,15.0,0.5409,57.0,0.5424,121.0,0.5425,18.0
1753533063523,12:31:03.523,B/USDT:USDT,0.541,14.0,0.5409,57.0,0.5424,121.0,0.5425,18.0
1753533063619,12:31:03.619,B/USDT:USDT,0.5412,5.0,0.5411,3.0,0.5423,118.0,0.5424,85.0
1753533063750,12:31:03.750,B/USDT:USDT,0.5414,5.0,0.5413,3.0,0.5421,4.0,0.5422,68.0
1753533063847,12:31:03.847,B/USDT:USDT,0.5415,3.0,0.5414,5.0,0.5421,4.0,0.5422,68.0
1753533063861,12:31:03.861,B/USDT:USDT,0.5416,5.0,0.5415,3.0,0.5421,4.0,0.5422,68.0
1753533064036,12:31:04.036,B/USDT:USDT,0.5418,5.0,0.5417,3.0,0.5421,7.0,0.5422,68.0
1753533064095,12:31:04.095,B/USDT:USDT,0.5411,5.0,0.541,10.0,0.5421,7.0,0.5422,68.0
1753533064182,12:31:04.182,B/USDT:USDT,0.5413,5.0,0.5412,5.0,0.5419,2.0,0.542,3.0
1753533064286,12:31:04.286,B/USDT:USDT,0.5414,1.0,0.5413,5.0,0.5417,2.0,0.5418,3.0
1753533064434,12:31:04.434,B/USDT:USDT,0.5414,1.0,0.5413,5.0,0.5415,2.0,0.5416,3.0
1753533064494,12:31:04.494,B/USDT:USDT,0.5414,1.0,0.5413,5.0,0.5419,4.0,0.542,5.0
1753533064558,12:31:04.558,B/USDT:USDT,0.5414,1.0,0.5413,5.0,0.5418,3.0,0.5419,4.0
1753533064846,12:31:04.846,B/USDT:USDT,0.5414,1.0,0.5413,5.0,0.5417,2.0,0.5418,3.0
1753533064869,12:31:04.869,B/USDT:USDT,0.5414,1.0,0.5413,5.0,0.5416,3.0,0.5417,2.0
1753533065001,12:31:05.001,B/USDT:USDT,0.5414,1.0,0.5413,5.0,0.5415,2.0,0.5416,3.0
1753533065074,12:31:05.074,B/USDT:USDT,0.5414,1.0,0.5413,5.0,0.5415,2.0,0.5418,3.0
1753533065167,12:31:05.167,B/USDT:USDT,0.5414,1.0,0.5413,5.0,0.5417,2.0,0.542,3.0
1753533065263,12:31:05.263,B/USDT:USDT,0.5414,1.0,0.5413,5.0,0.5416,3.0,0.542,2.0
1753533065363,12:31:05.363,B/USDT:USDT,0.5414,1.0,0.5413,5.0,0.5415,2.0,0.5419,3.0
1753533065474,12:31:05.474,B/USDT:USDT,0.5414,1.0,0.5413,5.0,0.542,7.0,0.5421,4.0
1753533065941,12:31:05.941,B/USDT:USDT,0.5414,1.0,0.5413,5.0,0.542,7.0,0.5421,4.0
1753533066840,12:31:06.840,B/USDT:USDT,0.5415,5.0,0.5414,7.0,0.542,73.0,0.5421,4.0
1753533066891,12:31:06.891,B/USDT:USDT,0.5416,1.0,0.5415,5.0,0.5418,2.0,0.5419,66.0
1753533066986,12:31:06.986,B/USDT:USDT,0.5416,1.0,0.5415,5.0,0.5418,4.0,0.5419,68.0
1753533067063,12:31:07.063,B/USDT:USDT,0.5416,1.0,0.5415,5.0,0.5418,4.0,0.5419,70.0
1753533067215,12:31:07.215,B/USDT:USDT,0.5416,1.0,0.5415,5.0,0.5418,4.0,0.5419,70.0
1753533067705,12:31:07.705,B/USDT:USDT,0.5416,1.0,0.5415,5.0,0.5418,4.0,0.5419,70.0
1753533067798,12:31:07.798,B/USDT:USDT,0.5414,6.0,0.5405,10.0,0.5418,4.0,0.5419,70.0
1753533067943,12:31:07.943,B/USDT:USDT,0.5414,6.0,0.5405,10.0,0.5417,3.0,0.5418,2.0
1753533068014,12:31:08.014,B/USDT:USDT,0.5414,6.0,0.5405,10.0,0.5416,5.0,0.5417,5.0
1753533068057,12:31:08.057,B/USDT:USDT,0.5414,6.0,0.5405,10.0,0.5416,5.0,0.5417,2.0
1753533068200,12:31:08.200,B/USDT:USDT,0.5414,6.0,0.5405,10.0,0.5416,5.0,0.5417,2.0
1753533068843,12:31:08.843,B/USDT:USDT,0.5405,10.0,0.5404,38.0,0.5416,5.0,0.5418,10.0
1753533068922,12:31:08.922,B/USDT:USDT,0.5405,10.0,0.5404,38.0,0.5417,8.0,0.5418,10.0
1753533068958,12:31:08.958,B/USDT:USDT,0.5405,10.0,0.5404,38.0,0.5417,74.0,0.5418,10.0
1753533069190,12:31:09.190,B/USDT:USDT,0.5405,10.0,0.5404,38.0,0.5417,74.0,0.5423,107.0
1753533069320,12:31:09.320,B/USDT:USDT,0.5405,10.0,0.5404,38.0,0.5417,74.0,0.5423,107.0
1753533069441,12:31:09.441,B/USDT:USDT,0.5405,10.0,0.5404,38.0,0.5417,74.0,0.5423,107.0
1753533069978,12:31:09.978,B/USDT:USDT,0.5405,10.0,0.5404,38.0,0.5417,74.0,0.5423,107.0
1753533070134,12:31:10.134,B/USDT:USDT,0.5405,10.0,0.5404,2.0,0.5417,74.0,0.5423,107.0
1753533070177,12:31:10.177,B/USDT:USDT,0.5405,10.0,0.5404,2.0,0.5417,74.0,0.5423,107.0
1753533070426,12:31:10.426,B/USDT:USDT,0.5405,10.0,0.5404,2.0,0.5417,74.0,0.5423,107.0
1753533070885,12:31:10.885,B/USDT:USDT,0.5405,10.0,0.5404,38.0,0.5417,74.0,0.5423,107.0
1753533071033,12:31:11.033,B/USDT:USDT,0.5405,46.0,0.5404,2.0,0.5417,74.0,0.5423,107.0
1753533071095,12:31:11.095,B/USDT:USDT,0.5406,46.0,0.5405,10.0,0.5417,74.0,0.5423,107.0
1753533071165,12:31:11.165,B/USDT:USDT,0.5406,10.0,0.5405,10.0,0.5417,74.0,0.5423,107.0
1753533071340,12:31:11.340,B/USDT:USDT,0.5406,46.0,0.5405,10.0,0.5417,74.0,0.5423,107.0
1753533071355,12:31:11.355,B/USDT:USDT,0.5406,10.0,0.5405,10.0,0.5417,74.0,0.5423,107.0
1753533071826,12:31:11.826,B/USDT:USDT,0.5406,16.0,0.5405,10.0,0.5417,74.0,0.5423,107.0
1753533072154,12:31:12.154,B/USDT:USDT,0.5406,6.0,0.5405,10.0,0.5417,74.0,0.5423,107.0
1753533072256,12:31:12.256,B/USDT:USDT,0.5406,42.0,0.5405,10.0,0.5417,74.0,0.5423,107.0
1753533072355,12:31:12.355,B/USDT:USDT,0.5406,6.0,0.5405,10.0,0.5417,74.0,0.5423,107.0
1753533072456,12:31:12.456,B/USDT:USDT,0.5406,6.0,0.5405,10.0,0.5417,74.0,0.5423,107.0
1753533072568,12:31:12.568,B/USDT:USDT,0.5406,6.0,0.5405,10.0,0.5417,74.0,0.5423,107.0
1753533073143,12:31:13.143,B/USDT:USDT,0.5406,16.0,0.5405,10.0,0.5417,74.0,0.5423,107.0
1753533073432,12:31:13.432,B/USDT:USDT,0.5406,16.0,0.5405,10.0,0.5416,66.0,0.5417,8.0
1753533073462,12:31:13.462,B/USDT:USDT,0.5406,16.0,0.5405,10.0,0.5415,8.0,0.5416,66.0
1753533073785,12:31:13.785,B/USDT:USDT,0.5406,16.0,0.5405,10.0,0.5415,8.0,0.5416,66.0
1753533074009,12:31:14.009,B/USDT:USDT,0.5406,16.0,0.5405,10.0,0.5415,8.0,0.5416,66.0
1753533074575,12:31:14.575,B/USDT:USDT,0.5406,16.0,0.5405,10.0,0.5415,8.0,0.5416,66.0
1753533075002,12:31:15.002,B/USDT:USDT,0.5406,16.0,0.5405,10.0,0.5415,8.0,0.5416,66.0
1753533075120,12:31:15.120,B/USDT:USDT,0.5406,6.0,0.5405,10.0,0.5415,8.0,0.5416,66.0
1753533076035,12:31:16.035,B/USDT:USDT,0.5406,6.0,0.5405,10.0,0.5415,8.0,0.5416,66.0
1753533076110,12:31:16.110,B/USDT:USDT,0.5406,16.0,0.5405,10.0,0.5415,8.0,0.5416,66.0
1753533077419,12:31:17.419,B/USDT:USDT,0.5406,16.0,0.5405,10.0,0.5415,8.0,0.5416,66.0
1753533078034,12:31:18.034,B/USDT:USDT,0.5406,16.0,0.5405,10.0,0.5415,8.0,0.5416,66.0
1753533078087,12:31:18.087,B/USDT:USDT,0.5406,6.0,0.5405,10.0,0.5415,8.0,0.5416,66.0
1753533078738,12:31:18.738,B/USDT:USDT,0.5406,6.0,0.5405,10.0,0.5415,8.0,0.5423,107.0
1753533078842,12:31:18.842,B/USDT:USDT,0.5408,10.0,0.5407,46.0,0.5421,15.0,0.5422,13.0
1753533078916,12:31:18.916,B/USDT:USDT,0.5408,117.0,0.5407,10.0,0.5419,5.0,0.542,87.0
1753533079049,12:31:19.049,B/USDT:USDT,0.5408,117.0,0.5407,10.0,0.5417,5.0,0.5418,66.0
1753533079130,12:31:19.130,B/USDT:USDT,0.5408,117.0,0.5407,10.0,0.5417,74.0,0.5421,10.0
1753533079159,12:31:19.159,B/USDT:USDT,0.5408,117.0,0.5407,10.0,0.5417,74.0,0.5421,10.0
1753533079472,12:31:19.472,B/USDT:USDT,0.5408,117.0,0.5407,10.0,0.5417,74.0,0.5421,10.0
1753533080068,12:31:20.068,B/USDT:USDT,0.5408,107.0,0.5407,10.0,0.5417,74.0,0.5422,10.0
1753533080302,12:31:20.302,B/USDT:USDT,0.5408,107.0,0.5407,10.0,0.5417,74.0,0.5422,10.0
1753533081054,12:31:21.054,B/USDT:USDT,0.5408,117.0,0.5407,10.0,0.5417,74.0,0.5422,10.0
1753533081845,12:31:21.845,B/USDT:USDT,0.5408,117.0,0.5407,10.0,0.5417,74.0,0.5422,10.0
1753533082043,12:31:22.043,B/USDT:USDT,0.5408,117.0,0.5405,10.0,0.5417,74.0,0.5422,10.0
1753533082847,12:31:22.847,B/USDT:USDT,0.5405,10.0,0.5404,78.0,0.5417,74.0,0.5422,10.0
1753533082874,12:31:22.874,B/USDT:USDT,0.5405,47.0,0.5404,124.0,0.5417,74.0,0.5422,10.0
1753533083148,12:31:23.148,B/USDT:USDT,0.5405,47.0,0.5404,124.0,0.5417,74.0,0.5422,10.0
1753533084040,12:31:24.040,B/USDT:USDT,0.5405,47.0,0.5404,124.0,0.5417,74.0,0.5422,10.0
1753533085194,12:31:25.194,B/USDT:USDT,0.5405,10.0,0.5404,78.0,0.5417,74.0,0.5422,10.0
1753533085578,12:31:25.578,B/USDT:USDT,0.5405,10.0,0.5404,78.0,0.5417,74.0,0.5422,10.0
1753533085998,12:31:25.998,B/USDT:USDT,0.5405,10.0,0.5404,78.0,0.5417,74.0,0.5422,10.0
1753533086381,12:31:26.381,B/USDT:USDT,0.5405,10.0,0.5404,114.0,0.5417,74.0,0.5422,10.0
1753533086511,12:31:26.511,B/USDT:USDT,0.5405,46.0,0.5404,78.0,0.5417,74.0,0.5422,10.0
1753533086804,12:31:26.804,B/USDT:USDT,0.5405,52.0,0.5404,78.0,0.5417,74.0,0.5422,10.0
1753533086941,12:31:26.941,B/USDT:USDT,0.5406,46.0,0.5405,16.0,0.5417,74.0,0.5422,10.0
1753533086987,12:31:26.987,B/USDT:USDT,0.5407,10.0,0.5406,46.0,0.5417,74.0,0.5422,10.0
1753533087220,12:31:27.220,B/USDT:USDT,0.5407,10.0,0.5406,46.0,0.5417,74.0,0.5422,10.0
1753533088208,12:31:28.208,B/USDT:USDT,0.5407,10.0,0.5406,10.0,0.5417,74.0,0.5422,10.0
1753533088339,12:31:28.339,B/USDT:USDT,0.5407,117.0,0.5406,46.0,0.5417,74.0,0.5422,10.0
1753533088438,12:31:28.438,B/USDT:USDT,0.5407,117.0,0.5406,10.0,0.5417,74.0,0.5422,10.0
1753533088965,12:31:28.965,B/USDT:USDT,0.5407,107.0,0.5406,10.0,0.5417,74.0,0.5422,10.0
1753533089954,12:31:29.954,B/USDT:USDT,0.5407,117.0,0.5406,10.0,0.5417,74.0,0.5422,10.0
1753533090062,12:31:30.062,B/USDT:USDT,0.5407,117.0,0.5406,10.0,0.5417,74.0,0.5422,10.0
1753533091151,12:31:31.151,B/USDT:USDT,0.5407,117.0,0.5406,10.0,0.5417,74.0,0.5422,10.0
1753533091276,12:31:31.276,B/USDT:USDT,0.5407,117.0,0.5406,10.0,0.5417,74.0,0.5422,10.0
1753533091802,12:31:31.802,B/USDT:USDT,0.5407,117.0,0.5406,10.0,0.5417,74.0,0.5422,10.0
1753533091931,12:31:31.931,B/USDT:USDT,0.5407,107.0,0.5405,10.0,0.5417,74.0,0.5422,10.0
1753533092161,12:31:32.161,B/USDT:USDT,0.5407,107.0,0.5405,10.0,0.5417,74.0,0.5422,10.0
1753533092923,12:31:32.923,B/USDT:USDT,0.5407,117.0,0.5405,10.0,0.5417,74.0,0.5422,10.0
1753533094292,12:31:34.292,B/USDT:USDT,0.5407,117.0,0.5405,10.0,0.5417,74.0,0.5422,10.0
1753533094388,12:31:34.388,B/USDT:USDT,0.5407,117.0,0.5405,10.0,0.5417,74.0,0.5422,10.0
1753533094539,12:31:34.539,B/USDT:USDT,0.5407,117.0,0.5405,10.0,0.5417,74.0,0.5422,10.0
1753533094898,12:31:34.898,B/USDT:USDT,0.5407,107.0,0.5405,10.0,0.5417,74.0,0.5422,10.0
1753533095224,12:31:35.224,B/USDT:USDT,0.5407,107.0,0.5405,10.0,0.5417,74.0,0.5422,10.0
1753533095364,12:31:35.364,B/USDT:USDT,0.5407,107.0,0.5405,10.0,0.5416,66.0,0.5417,8.0
1753533095491,12:31:35.491,B/USDT:USDT,0.5407,107.0,0.5405,10.0,0.5415,8.0,0.5416,66.0
1753533095558,12:31:35.558,B/USDT:USDT,0.5407,107.0,0.5405,10.0,0.5415,8.0,0.5416,66.0
1753533095702,12:31:35.702,B/USDT:USDT,0.5407,107.0,0.5405,10.0,0.5415,8.0,0.5416,66.0
1753533095887,12:31:35.887,B/USDT:USDT,0.5407,117.0,0.5405,10.0,0.5415,8.0,0.5416,66.0
1753533096816,12:31:36.816,B/USDT:USDT,0.5408,51.0,0.5407,113.0,0.5415,12.0,0.5416,66.0
1753533096934,12:31:36.934,B/USDT:USDT,0.5408,51.0,0.5407,113.0,0.5415,12.0,0.5416,66.0
1753533097115,12:31:37.115,B/USDT:USDT,0.5408,51.0,0.5407,113.0,0.5415,12.0,0.5416,66.0
1753533097214,12:31:37.214,B/USDT:USDT,0.5408,49.0,0.5407,113.0,0.5415,12.0,0.5416,66.0
1753533097290,12:31:37.290,B/USDT:USDT,0.5408,49.0,0.5407,113.0,0.5415,12.0,0.5416,66.0
1753533097438,12:31:37.438,B/USDT:USDT,0.5408,49.0,0.5407,113.0,0.5415,12.0,0.5416,66.0
1753533099747,12:31:39.747,B/USDT:USDT,0.5408,49.0,0.5407,6.0,0.5415,12.0,0.5416,66.0
1753533099843,12:31:39.843,B/USDT:USDT,0.5408,10.0,0.5407,6.0,0.5415,12.0,0.5416,66.0
1753533100178,12:31:40.178,B/USDT:USDT,0.5408,10.0,0.5407,6.0,0.5415,12.0,0.5416,66.0
1753533100943,12:31:40.943,B/USDT:USDT,0.5408,10.0,0.5407,6.0,0.5415,12.0,0.5416,66.0
1753533101107,12:31:41.107,B/USDT:USDT,0.5408,10.0,0.5407,6.0,0.5415,12.0,0.5416,66.0
1753533101206,12:31:41.206,B/USDT:USDT,0.5408,10.0,0.5407,6.0,0.5415,12.0,0.5416,66.0
1753533101281,12:31:41.281,B/USDT:USDT,0.5408,10.0,0.5407,6.0,0.5415,78.0,0.5422,57.0
1753533101650,12:31:41.650,B/USDT:USDT,0.5408,10.0,0.5407,6.0,0.5415,78.0,0.5422,10.0
1753533101751,12:31:41.751,B/USDT:USDT,0.5408,10.0,0.5407,6.0,0.5415,78.0,0.5422,10.0
1753533101850,12:31:41.850,B/USDT:USDT,0.5408,10.0,0.5405,10.0,0.5415,78.0,0.5422,10.0
1753533101939,12:31:41.939,B/USDT:USDT,0.5408,10.0,0.5405,10.0,0.5415,78.0,0.5422,10.0
1753533102047,12:31:42.047,B/USDT:USDT,0.5408,10.0,0.5405,10.0,0.5413,5.0,0.5414,66.0
1753533102115,12:31:42.115,B/USDT:USDT,0.5408,12.0,0.5405,10.0,0.5413,12.0,0.5414,66.0
1753533102246,12:31:42.246,B/USDT:USDT,0.5408,12.0,0.5405,10.0,0.5413,12.0,0.5414,66.0
1753533102541,12:31:42.541,B/USDT:USDT,0.5408,12.0,0.5405,10.0,0.5413,12.0,0.5414,66.0
1753533102604,12:31:42.604,B/USDT:USDT,0.5408,12.0,0.5405,10.0,0.5413,12.0,0.5414,66.0
1753533102714,12:31:42.714,B/USDT:USDT,0.5408,14.0,0.5405,10.0,0.5413,12.0,0.5414,66.0
1753533102809,12:31:42.809,B/USDT:USDT,0.5408,2.0,0.5405,10.0,0.5413,12.0,0.5414,66.0
1753533103173,12:31:43.173,B/USDT:USDT,0.5408,2.0,0.5405,10.0,0.5413,12.0,0.5414,66.0
1753533103338,12:31:43.338,B/USDT:USDT,0.5408,4.0,0.5405,10.0,0.5413,12.0,0.5414,66.0
1753533103438,12:31:43.438,B/USDT:USDT,0.5408,4.0,0.5405,10.0,0.5413,12.0,0.5414,66.0
1753533103544,12:31:43.544,B/USDT:USDT,0.5408,4.0,0.5405,10.0,0.5413,12.0,0.5414,66.0
1753533103575,12:31:43.575,B/USDT:USDT,0.5408,4.0,0.5405,10.0,0.5413,12.0,0.5414,66.0
1753533104294,12:31:44.294,B/USDT:USDT,0.5408,4.0,0.5405,10.0,0.5413,12.0,0.5414,66.0
1753533104547,12:31:44.547,B/USDT:USDT,0.5408,2.0,0.5405,10.0,0.5413,12.0,0.5414,66.0
1753533104637,12:31:44.637,B/USDT:USDT,0.5408,4.0,0.5405,10.0,0.5413,12.0,0.5414,66.0
1753533104751,12:31:44.751,B/USDT:USDT,0.5405,10.0,0.5404,12.0,0.5413,10.0,0.5414,66.0
1753533104835,12:31:44.835,B/USDT:USDT,0.5408,14.0,0.5405,10.0,0.5413,78.0,0.5422,57.0
1753533104915,12:31:44.915,B/USDT:USDT,0.5408,12.0,0.5405,10.0,0.5413,78.0,0.5422,57.0
1753533105047,12:31:45.047,B/USDT:USDT,0.5408,12.0,0.5405,10.0,0.5413,78.0,0.5422,57.0
1753533105085,12:31:45.085,B/USDT:USDT,0.5408,12.0,0.5405,10.0,0.5413,78.0,0.5422,57.0
1753533105215,12:31:45.215,B/USDT:USDT,0.5408,14.0,0.5405,10.0,0.5413,78.0,0.5422,57.0
1753533105256,12:31:45.256,B/USDT:USDT,0.5408,14.0,0.5405,10.0,0.5413,78.0,0.5422,57.0
1753533105563,12:31:45.563,B/USDT:USDT,0.5408,14.0,0.5405,10.0,0.5413,78.0,0.5422,57.0
1753533105674,12:31:45.674,B/USDT:USDT,0.5408,12.0,0.5405,10.0,0.5413,78.0,0.542,45.0
1753533105776,12:31:45.776,B/USDT:USDT,0.5408,12.0,0.5405,10.0,0.5413,78.0,0.542,45.0
1753533106236,12:31:46.236,B/USDT:USDT,0.5408,14.0,0.5405,10.0,0.5413,78.0,0.5422,10.0
1753533106315,12:31:46.315,B/USDT:USDT,0.5408,14.0,0.5405,10.0,0.5413,78.0,0.5419,107.0
1753533106436,12:31:46.436,B/USDT:USDT,0.5408,14.0,0.5405,10.0,0.5413,78.0,0.5419,107.0
1753533106541,12:31:46.541,B/USDT:USDT,0.5408,14.0,0.5405,10.0,0.5413,78.0,0.5419,107.0
1753533106648,12:31:46.648,B/USDT:USDT,0.5408,16.0,0.5405,10.0,0.5413,78.0,0.5419,107.0
1753533106741,12:31:46.741,B/USDT:USDT,0.5408,14.0,0.5405,10.0,0.5413,78.0,0.5419,107.0
1753533106804,12:31:46.804,B/USDT:USDT,0.5408,20.0,0.5405,10.0,0.5413,78.0,0.5419,107.0
1753533107145,12:31:47.145,B/USDT:USDT,0.5408,20.0,0.5405,10.0,0.5413,78.0,0.5419,107.0
1753533107238,12:31:47.238,B/USDT:USDT,0.5408,22.0,0.5405,10.0,0.5413,78.0,0.5419,107.0
1753533107347,12:31:47.347,B/USDT:USDT,0.5408,22.0,0.5405,10.0,0.5413,78.0,0.5419,107.0
1753533107400,12:31:47.400,B/USDT:USDT,0.5408,22.0,0.5405,10.0,0.5413,78.0,0.5419,107.0
1753533107522,12:31:47.522,B/USDT:USDT,0.5408,20.0,0.5405,10.0,0.5413,78.0,0.5419,107.0
1753533107647,12:31:47.647,B/USDT:USDT,0.5408,20.0,0.5405,10.0,0.5413,78.0,0.5419,107.0
1753533107694,12:31:47.694,B/USDT:USDT,0.5408,22.0,0.5405,10.0,0.5411,5.0,0.5412,66.0
1753533107843,12:31:47.843,B/USDT:USDT,0.5408,22.0,0.5405,10.0,0.5411,8.0,0.5412,66.0
1753533107911,12:31:47.911,B/USDT:USDT,0.5408,22.0,0.5405,10.0,0.5411,8.0,0.5412,66.0
1753533108148,12:31:48.148,B/USDT:USDT,0.5408,20.0,0.5405,10.0,0.5411,8.0,0.5412,66.0
1753533108255,12:31:48.255,B/USDT:USDT,0.5408,20.0,0.5405,10.0,0.5411,12.0,0.5412,66.0
1753533108401,12:31:48.401,B/USDT:USDT,0.5408,20.0,0.5405,10.0,0.5411,8.0,0.5412,66.0
1753533108458,12:31:48.458,B/USDT:USDT,0.5408,20.0,0.5405,10.0,0.5411,12.0,0.5412,66.0
1753533108603,12:31:48.603,B/USDT:USDT,0.5408,20.0,0.5405,10.0,0.5411,12.0,0.5412,66.0
1753533108743,12:31:48.743,B/USDT:USDT,0.5408,20.0,0.5405,10.0,0.5411,12.0,0.5412,66.0
1753533109151,12:31:49.151,B/USDT:USDT,0.5408,18.0,0.5405,10.0,0.5411,12.0,0.5412,66.0
1753533109204,12:31:49.204,B/USDT:USDT,0.5408,18.0,0.5405,10.0,0.5411,78.0,0.5413,3.0
1753533109481,12:31:49.481,B/USDT:USDT,0.5408,18.0,0.5405,10.0,0.5411,78.0,0.5418,10.0
1753533109742,12:31:49.742,B/USDT:USDT,0.5408,20.0,0.5405,10.0,0.5411,78.0,0.5418,10.0
1753533109810,12:31:49.810,B/USDT:USDT,0.5408,20.0,0.5405,10.0,0.5411,78.0,0.5413,3.0
1753533110154,12:31:50.154,B/USDT:USDT,0.5408,18.0,0.5405,10.0,0.5411,78.0,0.5413,3.0
1753533110590,12:31:50.590,B/USDT:USDT,0.5408,18.0,0.5405,10.0,0.5411,78.0,0.5413,3.0
1753533110848,12:31:50.848,B/USDT:USDT,0.5408,18.0,0.5405,10.0,0.5411,78.0,0.5418,10.0
1753533110860,12:31:50.860,B/USDT:USDT,0.5408,18.0,0.5405,10.0,0.5411,78.0,0.5418,10.0
1753533111519,12:31:51.519,B/USDT:USDT,0.5408,20.0,0.5405,10.0,0.5411,78.0,0.5418,10.0
1753533112761,12:31:52.761,B/USDT:USDT,0.5408,20.0,0.5405,10.0,0.5411,78.0,0.5418,10.0
1753533113703,12:31:53.703,B/USDT:USDT,0.5408,18.0,0.5405,10.0,0.5411,78.0,0.5418,10.0
1753533113908,12:31:53.908,B/USDT:USDT,0.5408,18.0,0.5405,10.0,0.5411,78.0,0.5418,10.0
1753533114014,12:31:54.014,B/USDT:USDT,0.5408,18.0,0.5405,10.0,0.5411,78.0,0.5418,10.0
1753533114073,12:31:54.073,B/USDT:USDT,0.5408,18.0,0.5405,10.0,0.5411,78.0,0.5418,10.0
1753533114737,12:31:54.737,B/USDT:USDT,0.5408,18.0,0.5405,10.0,0.541,73.0,0.5411,7.0
1753533114817,12:31:54.817,B/USDT:USDT,0.5408,18.0,0.5405,10.0,0.541,73.0,0.5411,4.0
1753533115141,12:31:55.141,B/USDT:USDT,0.5408,18.0,0.5405,10.0,0.541,75.0,0.5411,2.0
1753533115249,12:31:55.249,B/USDT:USDT,0.5408,18.0,0.5405,10.0,0.541,75.0,0.5411,2.0
1753533115274,12:31:55.274,B/USDT:USDT,0.5408,18.0,0.5405,10.0,0.541,75.0,0.5411,2.0
1753533115664,12:31:55.664,B/USDT:USDT,0.5408,18.0,0.5405,10.0,0.541,75.0,0.5411,2.0
1753533116039,12:31:56.039,B/USDT:USDT,0.5408,18.0,0.5405,10.0,0.541,75.0,0.5411,2.0
1753533116089,12:31:56.089,B/USDT:USDT,0.5408,18.0,0.5405,10.0,0.541,75.0,0.5411,2.0
1753533116240,12:31:56.240,B/USDT:USDT,0.5408,20.0,0.5405,10.0,0.5411,5.0,0.5412,66.0
1753533116258,12:31:56.258,B/USDT:USDT,0.5408,20.0,0.5405,10.0,0.5411,8.0,0.5412,66.0
1753533116376,12:31:56.376,B/USDT:USDT,0.5408,20.0,0.5405,10.0,0.5411,74.0,0.5418,10.0
1753533116482,12:31:56.482,B/USDT:USDT,0.5408,20.0,0.5405,10.0,0.5411,74.0,0.5418,10.0
1753533116944,12:31:56.944,B/USDT:USDT,0.5408,20.0,0.5405,10.0,0.5411,8.0,0.5412,66.0
1753533117010,12:31:57.010,B/USDT:USDT,0.5408,20.0,0.5405,10.0,0.5411,8.0,0.5412,66.0
1753533117319,12:31:57.319,B/USDT:USDT,0.5408,22.0,0.5405,10.0,0.5411,8.0,0.5412,66.0
1753533117365,12:31:57.365,B/USDT:USDT,0.5408,20.0,0.5405,10.0,0.5411,8.0,0.5412,66.0
1753533117642,12:31:57.642,B/USDT:USDT,0.5408,20.0,0.5405,10.0,0.5411,8.0,0.5412,66.0
1753533117704,12:31:57.704,B/USDT:USDT,0.5408,22.0,0.5405,10.0,0.5411,8.0,0.5412,66.0
1753533118631,12:31:58.631,B/USDT:USDT,0.5408,22.0,0.5405,10.0,0.5411,8.0,0.5412,66.0
1753533118820,12:31:58.820,B/USDT:USDT,0.5408,18.0,0.5405,10.0,0.5411,10.0,0.5412,66.0
1753533118900,12:31:58.900,B/USDT:USDT,0.5408,20.0,0.5405,10.0,0.5411,10.0,0.5412,66.0
1753533119235,12:31:59.235,B/USDT:USDT,0.5408,18.0,0.5405,10.0,0.5411,74.0,0.5418,10.0
1753533119255,12:31:59.255,B/USDT:USDT,0.5408,18.0,0.5405,10.0,0.5411,76.0,0.5418,10.0
1753533119588,12:31:59.588,B/USDT:USDT,0.5408,20.0,0.5405,10.0,0.5411,74.0,0.5418,10.0
1753533119655,12:31:59.655,B/USDT:USDT,0.5408,22.0,0.5405,10.0,0.5411,74.0,0.5418,10.0
1753533120350,12:32:00.350,B/USDT:USDT,0.5408,18.0,0.5405,10.0,0.541,75.0,0.5411,3.0
1753533120358,12:32:00.358,B/USDT:USDT,0.5408,18.0,0.5405,10.0,0.541,75.0,0.5418,10.0
1753533120534,12:32:00.534,B/USDT:USDT,0.5408,18.0,0.5405,10.0,0.541,75.0,0.5418,10.0
1753533120611,12:32:00.611,B/USDT:USDT,0.5408,18.0,0.5405,10.0,0.541,71.0,0.5418,10.0
1753533121257,12:32:01.257,B/USDT:USDT,0.5408,18.0,0.5405,10.0,0.541,75.0,0.5418,10.0
1753533121751,12:32:01.751,B/USDT:USDT,0.5408,18.0,0.5405,10.0,0.541,75.0,0.5418,10.0
1753533122047,12:32:02.047,B/USDT:USDT,0.5408,20.0,0.5405,10.0,0.541,71.0,0.5418,10.0
1753533122054,12:32:02.054,B/USDT:USDT,0.5408,22.0,0.5405,10.0,0.541,71.0,0.5418,10.0
1753533123047,12:32:03.047,B/USDT:USDT,0.5408,22.0,0.5405,10.0,0.541,71.0,0.5418,10.0
1753533124051,12:32:04.051,B/USDT:USDT,0.5408,18.0,0.5405,10.0,0.541,71.0,0.5418,10.0
1753533127277,12:32:07.277,B/USDT:USDT,0.5408,22.0,0.5405,10.0,0.541,71.0,0.5418,10.0
1753533128002,12:32:08.002,B/USDT:USDT,0.5408,20.0,0.5405,10.0,0.541,71.0,0.5418,10.0
1753533128716,12:32:08.716,B/USDT:USDT,0.5408,18.0,0.5405,10.0,0.541,73.0,0.5418,10.0
1753533129034,12:32:09.034,B/USDT:USDT,0.5408,18.0,0.5405,10.0,0.541,71.0,0.5418,10.0
1753533129428,12:32:09.428,B/USDT:USDT,0.5408,18.0,0.5405,10.0,0.541,73.0,0.5418,10.0
1753533129508,12:32:09.508,B/USDT:USDT,0.5408,18.0,0.5405,10.0,0.541,73.0,0.5418,10.0
1753533131670,12:32:11.670,B/USDT:USDT,0.5408,18.0,0.5405,10.0,0.541,71.0,0.5418,10.0
1753533132735,12:32:12.735,B/USDT:USDT,0.5408,18.0,0.5405,10.0,0.541,62.0,0.5418,10.0
1753533133050,12:32:13.050,B/USDT:USDT,0.5408,18.0,0.5405,10.0,0.541,64.0,0.5418,10.0
1753533133055,12:32:13.055,B/USDT:USDT,0.5408,18.0,0.5405,10.0,0.541,66.0,0.5418,10.0
1753533133153,12:32:13.153,B/USDT:USDT,0.5408,18.0,0.5405,10.0,0.541,66.0,0.5418,10.0
1753533133451,12:32:13.451,B/USDT:USDT,0.5408,18.0,0.5405,10.0,0.541,66.0,0.5418,10.0
1753533133548,12:32:13.548,B/USDT:USDT,0.5408,20.0,0.5405,10.0,0.541,62.0,0.5418,10.0
1753533133846,12:32:13.846,B/USDT:USDT,0.5408,18.0,0.5405,10.0,0.541,66.0,0.5418,55.0
1753533133951,12:32:13.951,B/USDT:USDT,0.5408,18.0,0.5405,10.0,0.541,66.0,0.5418,10.0
1753533134456,12:32:14.456,B/USDT:USDT,0.5408,18.0,0.5405,10.0,0.541,66.0,0.5418,10.0
1753533134604,12:32:14.604,B/USDT:USDT,0.5408,18.0,0.5405,10.0,0.541,64.0,0.5418,10.0
1753533136042,12:32:16.042,B/USDT:USDT,0.5408,18.0,0.5405,10.0,0.541,64.0,0.5418,55.0
1753533136258,12:32:16.258,B/USDT:USDT,0.5408,18.0,0.5405,10.0,0.541,64.0,0.5418,55.0
1753533136434,12:32:16.434,B/USDT:USDT,0.5408,18.0,0.5405,10.0,0.541,66.0,0.5417,10.0
1753533136505,12:32:16.505,B/USDT:USDT,0.5408,18.0,0.5405,10.0,0.541,66.0,0.5417,10.0
1753533136578,12:32:16.578,B/USDT:USDT,0.5408,18.0,0.5405,10.0,0.541,66.0,0.5417,10.0
1753533136739,12:32:16.739,B/USDT:USDT,0.5408,18.0,0.5405,10.0,0.541,64.0,0.5417,10.0
1753533136799,12:32:16.799,B/USDT:USDT,0.5408,12.0,0.5405,10.0,0.541,64.0,0.5417,10.0
1753533136948,12:32:16.948,B/USDT:USDT,0.5408,12.0,0.5405,10.0,0.541,64.0,0.5417,10.0
1753533137013,12:32:17.013,B/USDT:USDT,0.5408,12.0,0.5405,10.0,0.541,66.0,0.5417,10.0
1753533137096,12:32:17.096,B/USDT:USDT,0.5408,12.0,0.5405,10.0,0.541,66.0,0.5417,10.0
1753533137535,12:32:17.535,B/USDT:USDT,0.5408,12.0,0.5405,10.0,0.541,66.0,0.5417,10.0
1753533137571,12:32:17.571,B/USDT:USDT,0.5408,12.0,0.5405,10.0,0.541,66.0,0.5417,10.0
1753533137658,12:32:17.658,B/USDT:USDT,0.5408,12.0,0.5405,10.0,0.541,66.0,0.5417,10.0
1753533138015,12:32:18.015,B/USDT:USDT,0.5408,14.0,0.5405,10.0,0.541,62.0,0.5417,10.0
1753533138114,12:32:18.114,B/USDT:USDT,0.5408,12.0,0.5405,10.0,0.541,66.0,0.5417,10.0
1753533138202,12:32:18.202,B/USDT:USDT,0.5408,12.0,0.5405,10.0,0.541,66.0,0.5417,10.0
1753533138435,12:32:18.435,B/USDT:USDT,0.5408,12.0,0.5405,10.0,0.541,66.0,0.5417,10.0
1753533138513,12:32:18.513,B/USDT:USDT,0.5408,12.0,0.5405,10.0,0.541,66.0,0.5417,10.0
1753533138563,12:32:18.563,B/USDT:USDT,0.5408,12.0,0.5405,10.0,0.541,69.0,0.5417,10.0
1753533138719,12:32:18.719,B/USDT:USDT,0.5408,12.0,0.5405,10.0,0.541,69.0,0.5417,10.0
1753533139171,12:32:19.171,B/USDT:USDT,0.5408,12.0,0.5405,10.0,0.541,69.0,0.5417,10.0
1753533139396,12:32:19.396,B/USDT:USDT,0.5408,12.0,0.5405,10.0,0.541,69.0,0.5417,10.0
1753533139594,12:32:19.594,B/USDT:USDT,0.5408,12.0,0.5405,10.0,0.541,66.0,0.5417,10.0
1753533139792,12:32:19.792,B/USDT:USDT,0.5408,12.0,0.5405,10.0,0.541,66.0,0.5417,10.0
1753533141375,12:32:21.375,B/USDT:USDT,0.5408,12.0,0.5405,10.0,0.541,66.0,0.5417,10.0
1753533142239,12:32:22.239,B/USDT:USDT,0.5408,12.0,0.5405,10.0,0.541,66.0,0.5417,10.0
1753533143239,12:32:23.239,B/USDT:USDT,0.5408,12.0,0.5405,10.0,0.541,66.0,0.5417,10.0
1753533143351,12:32:23.351,B/USDT:USDT,0.5408,12.0,0.5405,10.0,0.541,66.0,0.5417,10.0
1753533144634,12:32:24.634,B/USDT:USDT,0.5408,12.0,0.5405,10.0,0.5409,66.0,0.541,5.0
1753533144715,12:32:24.715,B/USDT:USDT,0.5408,12.0,0.5405,10.0,0.5409,74.0,0.5417,10.0
1753533144758,12:32:24.758,B/USDT:USDT,0.5408,12.0,0.5405,10.0,0.5409,71.0,0.5416,3.0
1753533145736,12:32:25.736,B/USDT:USDT,0.5408,12.0,0.5405,10.0,0.5409,73.0,0.5416,3.0
1753533145839,12:32:25.839,B/USDT:USDT,0.5408,12.0,0.5405,10.0,0.5409,73.0,0.5416,3.0
1753533146318,12:32:26.318,B/USDT:USDT,0.5408,12.0,0.5405,10.0,0.5409,73.0,0.5416,3.0
1753533146612,12:32:26.612,B/USDT:USDT,0.5408,12.0,0.5405,10.0,0.5409,73.0,0.5416,3.0
1753533146800,12:32:26.800,B/USDT:USDT,0.5408,18.0,0.5405,10.0,0.5409,75.0,0.5416,3.0
1753533146854,12:32:26.854,B/USDT:USDT,0.5408,18.0,0.5405,10.0,0.5409,73.0,0.5416,3.0
1753533147521,12:32:27.521,B/USDT:USDT,0.5408,18.0,0.5405,10.0,0.5409,75.0,0.5416,3.0
1753533147617,12:32:27.617,B/USDT:USDT,0.5408,18.0,0.5405,10.0,0.5409,75.0,0.5416,3.0
1753533147658,12:32:27.658,B/USDT:USDT,0.5408,18.0,0.5405,10.0,0.5409,75.0,0.5416,3.0
1753533147966,12:32:27.966,B/USDT:USDT,0.5408,18.0,0.5405,10.0,0.5409,73.0,0.5416,3.0
1753533148179,12:32:28.179,B/USDT:USDT,0.5408,18.0,0.5405,10.0,0.5409,71.0,0.5416,3.0
1753533148322,12:32:28.322,B/USDT:USDT,0.5408,18.0,0.5405,10.0,0.5409,73.0,0.5416,3.0
1753533148640,12:32:28.640,B/USDT:USDT,0.5408,18.0,0.5405,10.0,0.5409,73.0,0.5416,3.0
1753533148711,12:32:28.711,B/USDT:USDT,0.5408,18.0,0.5405,10.0,0.5409,73.0,0.5416,3.0
1753533148762,12:32:28.762,B/USDT:USDT,0.5408,18.0,0.5405,10.0,0.5409,73.0,0.5416,3.0
1753533149236,12:32:29.236,B/USDT:USDT,0.5408,18.0,0.5405,10.0,0.5409,71.0,0.5416,3.0
1753533149415,12:32:29.415,B/USDT:USDT,0.5408,18.0,0.5405,10.0,0.5409,73.0,0.5416,3.0
1753533149610,12:32:29.610,B/USDT:USDT,0.5408,18.0,0.5405,10.0,0.5409,75.0,0.5416,3.0
1753533149661,12:32:29.661,B/USDT:USDT,0.5408,18.0,0.5405,10.0,0.5409,73.0,0.5416,3.0
1753533149836,12:32:29.836,B/USDT:USDT,0.5408,18.0,0.5405,10.0,0.5409,73.0,0.5416,3.0
1753533150178,12:32:30.178,B/USDT:USDT,0.5408,18.0,0.5405,10.0,0.5409,71.0,0.5416,3.0
1753533151839,12:32:31.839,B/USDT:USDT,0.5408,12.0,0.5405,10.0,0.5409,73.0,0.5416,3.0
1753533151942,12:32:31.942,B/USDT:USDT,0.5404,2.0,0.5402,10.0,0.5409,73.0,0.5416,3.0
1753533152030,12:32:32.030,B/USDT:USDT,0.5404,2.0,0.5402,10.0,0.5407,5.0,0.5408,3.0
1753533152128,12:32:32.128,B/USDT:USDT,0.5404,4.0,0.5402,10.0,0.5407,71.0,0.5408,3.0
1753533152251,12:32:32.251,B/USDT:USDT,0.5404,4.0,0.5398,10.0,0.5406,8.0,0.5407,66.0
1753533152255,12:32:32.255,B/USDT:USDT,0.5404,4.0,0.5398,10.0,0.5406,8.0,0.5407,66.0
1753533152426,12:32:32.426,B/USDT:USDT,0.5404,4.0,0.5398,10.0,0.5406,8.0,0.5407,66.0
1753533153242,12:32:33.242,B/USDT:USDT,0.5404,4.0,0.5398,10.0,0.5406,8.0,0.5407,66.0
1753533153617,12:32:33.617,B/USDT:USDT,0.5404,4.0,0.5398,10.0,0.5406,8.0,0.5407,66.0
1753533153674,12:32:33.674,B/USDT:USDT,0.5404,4.0,0.5398,10.0,0.5407,66.0,0.5414,10.0
1753533153777,12:32:33.777,B/USDT:USDT,0.5404,4.0,0.5399,8.0,0.5407,66.0,0.5414,10.0
1753533154033,12:32:34.033,B/USDT:USDT,0.5404,4.0,0.5399,8.0,0.5407,66.0,0.5414,10.0
1753533154136,12:32:34.136,B/USDT:USDT,0.5404,4.0,0.5399,8.0,0.5407,66.0,0.5414,10.0
1753533154229,12:32:34.229,B/USDT:USDT,0.5404,4.0,0.5399,8.0,0.5407,66.0,0.5414,10.0
1753533154501,12:32:34.501,B/USDT:USDT,0.5404,4.0,0.5399,43.0,0.5407,66.0,0.5414,10.0
1753533154851,12:32:34.851,B/USDT:USDT,0.5404,4.0,0.5399,43.0,0.5407,66.0,0.5414,10.0
1753533155124,12:32:35.124,B/USDT:USDT,0.5404,4.0,0.5399,43.0,0.5407,66.0,0.5414,10.0
1753533155218,12:32:35.218,B/USDT:USDT,0.5404,4.0,0.54,10.0,0.5407,66.0,0.5414,10.0
1753533155275,12:32:35.275,B/USDT:USDT,0.5404,6.0,0.5401,8.0,0.5407,66.0,0.5414,10.0
1753533156206,12:32:36.206,B/USDT:USDT,0.5404,6.0,0.5401,8.0,0.5407,66.0,0.5414,10.0
1753533156327,12:32:36.327,B/USDT:USDT,0.5405,5.0,0.5404,4.0,0.5413,66.0,0.5414,56.0
1753533156366,12:32:36.366,B/USDT:USDT,0.5405,5.0,0.5404,4.0,0.5413,84.0,0.5414,10.0
1753533156478,12:32:36.478,B/USDT:USDT,0.5405,5.0,0.5404,4.0,0.5413,84.0,0.5414,10.0
1753533156558,12:32:36.558,B/USDT:USDT,0.5405,5.0,0.5404,4.0,0.5413,84.0,0.5414,10.0
1753533156659,12:32:36.659,B/USDT:USDT,0.5405,5.0,0.5404,4.0,0.5413,84.0,0.5414,10.0
1753533156801,12:32:36.801,B/USDT:USDT,0.5405,11.0,0.5404,4.0,0.5413,84.0,0.5414,10.0
1753533157234,12:32:37.234,B/USDT:USDT,0.5405,11.0,0.5404,4.0,0.5413,84.0,0.5414,10.0
1753533157324,12:32:37.324,B/USDT:USDT,0.5405,11.0,0.5404,4.0,0.5413,84.0,0.5414,10.0
1753533158185,12:32:38.185,B/USDT:USDT,0.5405,11.0,0.5404,4.0,0.5413,84.0,0.5414,10.0
1753533159849,12:32:39.849,B/USDT:USDT,0.5405,11.0,0.5404,4.0,0.5413,84.0,0.5414,10.0
1753533160160,12:32:40.160,B/USDT:USDT,0.5405,11.0,0.5404,4.0,0.5413,84.0,0.5414,10.0
1753533161808,12:32:41.808,B/USDT:USDT,0.5405,5.0,0.5404,4.0,0.5413,84.0,0.5414,10.0
1753533162091,12:32:42.091,B/USDT:USDT,0.5405,5.0,0.5404,4.0,0.5413,93.0,0.5414,10.0
1753533163522,12:32:43.522,B/USDT:USDT,0.5405,5.0,0.5404,4.0,0.5413,102.0,0.5414,10.0
1753533165481,12:32:45.481,B/USDT:USDT,0.5405,5.0,0.5404,4.0,0.5413,102.0,0.5414,10.0
1753533165896,12:32:45.896,B/USDT:USDT,0.5405,5.0,0.5404,4.0,0.5413,84.0,0.5414,10.0
1753533166025,12:32:46.025,B/USDT:USDT,0.5405,5.0,0.5404,4.0,0.5413,84.0,0.5414,10.0
1753533166936,12:32:46.936,B/USDT:USDT,0.5405,5.0,0.5404,4.0,0.5413,93.0,0.5414,10.0
1753533168186,12:32:48.186,B/USDT:USDT,0.5405,5.0,0.5404,4.0,0.5413,102.0,0.5414,10.0
1753533169025,12:32:49.025,B/USDT:USDT,0.5405,5.0,0.5404,2.0,0.5412,18.0,0.5413,84.0
1753533169061,12:32:49.061,B/USDT:USDT,0.5405,5.0,0.5404,2.0,0.5411,66.0,0.5412,18.0
1753533169692,12:32:49.692,B/USDT:USDT,0.5405,5.0,0.5404,2.0,0.5411,66.0,0.5412,18.0
1753533173033,12:32:53.033,B/USDT:USDT,0.5405,5.0,0.5404,2.0,0.5411,66.0,0.5412,18.0
1753533173404,12:32:53.404,B/USDT:USDT,0.5405,5.0,0.5404,2.0,0.5411,66.0,0.5412,18.0
1753533173826,12:32:53.826,B/USDT:USDT,0.5405,5.0,0.5404,2.0,0.5411,66.0,0.5412,18.0
1753533174036,12:32:54.036,B/USDT:USDT,0.5405,5.0,0.5404,2.0,0.5411,66.0,0.5412,18.0
1753533177450,12:32:57.450,B/USDT:USDT,0.5405,5.0,0.5404,2.0,0.5411,66.0,0.5412,18.0
1753533177478,12:32:57.478,B/USDT:USDT,0.5405,5.0,0.5404,2.0,0.5411,66.0,0.5412,18.0
1753533182594,12:33:02.594,B/USDT:USDT,0.5405,5.0,0.5404,2.0,0.5412,18.0,0.5414,10.0
1753533182674,12:33:02.674,B/USDT:USDT,0.5405,5.0,0.5404,2.0,0.5411,66.0,0.5412,18.0
1753533182758,12:33:02.758,B/USDT:USDT,0.5405,5.0,0.5404,2.0,0.5411,66.0,0.5412,18.0
1753533183078,12:33:03.078,B/USDT:USDT,0.5405,5.0,0.5404,2.0,0.5411,66.0,0.5412,18.0
1753533183658,12:33:03.658,B/USDT:USDT,0.5405,5.0,0.5404,2.0,0.5411,68.0,0.5412,18.0
1753533183772,12:33:03.772,B/USDT:USDT,0.5405,5.0,0.5404,2.0,0.5411,68.0,0.5412,18.0
1753533187793,12:33:07.793,B/USDT:USDT,0.5405,5.0,0.5404,2.0,0.5411,68.0,0.5412,18.0
1753533192824,12:33:12.824,B/USDT:USDT,0.5405,5.0,0.5404,2.0,0.5411,2.0,0.5412,18.0
1753533192919,12:33:12.919,B/USDT:USDT,0.5405,7.0,0.5404,2.0,0.541,68.0,0.5411,2.0
1753533192974,12:33:12.974,B/USDT:USDT,0.5407,12.0,0.5405,7.0,0.541,68.0,0.5411,2.0
1753533193214,12:33:13.214,B/USDT:USDT,0.5407,12.0,0.5405,7.0,0.541,68.0,0.5411,2.0
1753533194775,12:33:14.775,B/USDT:USDT,0.5407,12.0,0.5405,7.0,0.541,68.0,0.5411,2.0
1753533195256,12:33:15.256,B/USDT:USDT,0.5407,12.0,0.5405,7.0,0.541,68.0,0.5411,2.0
1753533196645,12:33:16.645,B/USDT:USDT,0.5407,19.0,0.5406,4.0,0.5412,66.0,0.5414,10.0
1753533196749,12:33:16.749,B/USDT:USDT,0.5407,19.0,0.5406,4.0,0.5414,76.0,0.5415,18.0
1753533196814,12:33:16.814,B/USDT:USDT,0.5407,25.0,0.5406,4.0,0.5413,66.0,0.5414,10.0
1753533196903,12:33:16.903,B/USDT:USDT,0.5407,25.0,0.5406,4.0,0.5413,66.0,0.5414,10.0
1753533196977,12:33:16.977,B/USDT:USDT,0.5407,25.0,0.5406,4.0,0.5413,66.0,0.5414,10.0
1753533197738,12:33:17.738,B/USDT:USDT,0.5407,25.0,0.5406,4.0,0.5413,66.0,0.5414,10.0
1753533198125,12:33:18.125,B/USDT:USDT,0.5407,25.0,0.5406,4.0,0.5413,66.0,0.5414,10.0
1753533198774,12:33:18.774,B/USDT:USDT,0.5407,25.0,0.5406,4.0,0.5413,66.0,0.5414,10.0
1753533201911,12:33:21.911,B/USDT:USDT,0.5407,25.0,0.5406,4.0,0.5413,66.0,0.5414,10.0
1753533202292,12:33:22.292,B/USDT:USDT,0.5407,25.0,0.5406,4.0,0.5413,66.0,0.5414,10.0
1753533206937,12:33:26.937,B/USDT:USDT,0.5407,25.0,0.5406,4.0,0.5414,10.0,0.5415,18.0
1753533206983,12:33:26.983,B/USDT:USDT,0.5407,25.0,0.5406,4.0,0.5413,66.0,0.5414,10.0
1753533207628,12:33:27.628,B/USDT:USDT,0.5407,25.0,0.5406,4.0,0.5413,66.0,0.5414,10.0
1753533207813,12:33:27.813,B/USDT:USDT,0.5407,25.0,0.5406,4.0,0.5413,66.0,0.5414,10.0
1753533208634,12:33:28.634,B/USDT:USDT,0.5407,25.0,0.5406,4.0,0.5413,66.0,0.5414,10.0
1753533209004,12:33:29.004,B/USDT:USDT,0.5407,25.0,0.5406,4.0,0.5413,66.0,0.5414,10.0
1753533209605,12:33:29.605,B/USDT:USDT,0.5407,25.0,0.5406,4.0,0.5413,66.0,0.5414,10.0
1753533209659,12:33:29.659,B/USDT:USDT,0.5407,25.0,0.5406,4.0,0.5413,66.0,0.5414,10.0
1753533209837,12:33:29.837,B/USDT:USDT,0.5407,25.0,0.5406,4.0,0.5413,66.0,0.5414,10.0
1753533213014,12:33:33.014,B/USDT:USDT,0.5407,25.0,0.5406,4.0,0.5413,66.0,0.5414,10.0
1753533215295,12:33:35.295,B/USDT:USDT,0.5407,25.0,0.5406,4.0,0.5413,66.0,0.5414,10.0
1753533219312,12:33:39.312,B/USDT:USDT,0.5407,25.0,0.5406,4.0,0.5413,66.0,0.5414,10.0
1753533219364,12:33:39.364,B/USDT:USDT,0.5407,25.0,0.5406,4.0,0.5413,66.0,0.5414,10.0
1753533219458,12:33:39.458,B/USDT:USDT,0.5407,25.0,0.5406,4.0,0.5413,66.0,0.5414,10.0
1753533220975,12:33:40.975,B/USDT:USDT,0.5407,25.0,0.5406,4.0,0.5413,66.0,0.5414,10.0
1753533223735,12:33:43.735,B/USDT:USDT,0.5407,25.0,0.5406,4.0,0.5413,84.0,0.5414,10.0
1753533223963,12:33:43.963,B/USDT:USDT,0.5407,25.0,0.5406,4.0,0.5413,84.0,0.5414,10.0
1753533224437,12:33:44.437,B/USDT:USDT,0.5407,25.0,0.5406,4.0,0.5413,84.0,0.5418,56.0
1753533224453,12:33:44.453,B/USDT:USDT,0.5407,25.0,0.5406,4.0,0.5413,84.0,0.5418,56.0
1753533225915,12:33:45.915,B/USDT:USDT,0.5407,25.0,0.5406,4.0,0.5413,95.0,0.5418,56.0
1753533225996,12:33:45.996,B/USDT:USDT,0.5407,25.0,0.5406,4.0,0.5413,95.0,0.5418,56.0
1753533229526,12:33:49.526,B/USDT:USDT,0.5407,25.0,0.5406,4.0,0.5413,106.0,0.5418,56.0
1753533229571,12:33:49.571,B/USDT:USDT,0.5407,25.0,0.5406,4.0,0.5413,106.0,0.5418,56.0
1753533229657,12:33:49.657,B/USDT:USDT,0.5407,25.0,0.5406,4.0,0.5413,106.0,0.5418,56.0
1753533229767,12:33:49.767,B/USDT:USDT,0.5407,25.0,0.5406,4.0,0.5413,106.0,0.5418,56.0
1753533230733,12:33:50.733,B/USDT:USDT,0.5407,25.0,0.5406,4.0,0.5413,106.0,0.5418,56.0
1753533230846,12:33:50.846,B/USDT:USDT,0.5407,25.0,0.5406,4.0,0.5413,106.0,0.5418,56.0
1753533231403,12:33:51.403,B/USDT:USDT,0.5407,25.0,0.5406,4.0,0.5413,106.0,0.5418,56.0
1753533231614,12:33:51.614,B/USDT:USDT,0.5407,25.0,0.5406,4.0,0.5413,106.0,0.5418,56.0
1753533231861,12:33:51.861,B/USDT:USDT,0.5407,19.0,0.5406,4.0,0.5413,106.0,0.5418,56.0
1753533232013,12:33:52.013,B/USDT:USDT,0.5407,19.0,0.5406,4.0,0.5413,106.0,0.5418,56.0
1753533235897,12:33:55.897,B/USDT:USDT,0.5407,19.0,0.5406,4.0,0.5413,106.0,0.5418,56.0
1753533236037,12:33:56.037,B/USDT:USDT,0.5407,19.0,0.5406,4.0,0.5413,106.0,0.5418,56.0
1753533236129,12:33:56.129,B/USDT:USDT,0.5407,19.0,0.5406,4.0,0.5413,84.0,0.5418,56.0
1753533236304,12:33:56.304,B/USDT:USDT,0.5407,19.0,0.5406,4.0,0.5413,84.0,0.5418,56.0
1753533237103,12:33:57.103,B/USDT:USDT,0.5407,19.0,0.5406,4.0,0.5413,84.0,0.5418,56.0
1753533237290,12:33:57.290,B/USDT:USDT,0.5407,19.0,0.5406,4.0,0.5413,84.0,0.5418,56.0
1753533238428,12:33:58.428,B/USDT:USDT,0.5407,19.0,0.5406,4.0,0.5413,84.0,0.5418,56.0
1753533238514,12:33:58.514,B/USDT:USDT,0.5407,19.0,0.5406,4.0,0.5413,84.0,0.5418,56.0
1753533239626,12:33:59.626,B/USDT:USDT,0.5407,19.0,0.5406,4.0,0.5413,93.0,0.5418,56.0
1753533241716,12:34:01.716,B/USDT:USDT,0.5407,19.0,0.5406,4.0,0.5413,93.0,0.5418,56.0
1753533242624,12:34:02.624,B/USDT:USDT,0.5407,19.0,0.5406,4.0,0.5413,105.0,0.5418,56.0
1753533243244,12:34:03.244,B/USDT:USDT,0.5407,19.0,0.5406,4.0,0.5413,105.0,0.5418,56.0
1753533243309,12:34:03.309,B/USDT:USDT,0.5407,19.0,0.5406,4.0,0.5413,105.0,0.5418,56.0
1753533244773,12:34:04.773,B/USDT:USDT,0.5407,17.0,0.5404,2.0,0.5413,105.0,0.5418,56.0
1753533244870,12:34:04.870,B/USDT:USDT,0.5407,17.0,0.5404,2.0,0.5413,105.0,0.5418,56.0
1753533245205,12:34:05.205,B/USDT:USDT,0.5407,17.0,0.5404,2.0,0.5413,105.0,0.5418,56.0
1753533248875,12:34:08.875,B/USDT:USDT,0.5407,17.0,0.5404,2.0,0.5413,105.0,0.5418,56.0
1753533249814,12:34:09.814,B/USDT:USDT,0.5407,17.0,0.5404,2.0,0.5413,84.0,0.5418,56.0
1753533249865,12:34:09.865,B/USDT:USDT,0.5407,17.0,0.5404,2.0,0.5413,84.0,0.5418,56.0
1753533250040,12:34:10.040,B/USDT:USDT,0.5407,17.0,0.5404,2.0,0.5413,93.0,0.5418,56.0
1753533250208,12:34:10.208,B/USDT:USDT,0.5407,17.0,0.5404,2.0,0.5413,102.0,0.5418,56.0
1753533252548,12:34:12.548,B/USDT:USDT,0.5407,17.0,0.5404,2.0,0.5413,102.0,0.5418,56.0
1753533252943,12:34:12.943,B/USDT:USDT,0.5407,17.0,0.5404,2.0,0.5413,102.0,0.5418,56.0
1753533253055,12:34:13.055,B/USDT:USDT,0.5407,17.0,0.5404,2.0,0.5413,102.0,0.5418,56.0
1753533253476,12:34:13.476,B/USDT:USDT,0.5407,17.0,0.5404,2.0,0.5413,102.0,0.5418,56.0
1753533253615,12:34:13.615,B/USDT:USDT,0.5407,17.0,0.5404,2.0,0.5413,102.0,0.5418,56.0
1753533255835,12:34:15.835,B/USDT:USDT,0.5407,17.0,0.5404,2.0,0.5413,84.0,0.5418,56.0
1753533255943,12:34:15.943,B/USDT:USDT,0.5407,17.0,0.5404,2.0,0.5413,94.0,0.5418,56.0
1753533256440,12:34:16.440,B/USDT:USDT,0.5407,17.0,0.5404,2.0,0.5413,112.0,0.5418,56.0
1753533257318,12:34:17.318,B/USDT:USDT,0.5407,17.0,0.5404,2.0,0.5413,112.0,0.5418,56.0
1753533257686,12:34:17.686,B/USDT:USDT,0.5407,17.0,0.5404,2.0,0.5413,112.0,0.5418,56.0
1753533258078,12:34:18.078,B/USDT:USDT,0.5407,17.0,0.5404,2.0,0.5413,112.0,0.5418,56.0
1753533258169,12:34:18.169,B/USDT:USDT,0.5407,17.0,0.5404,2.0,0.5413,112.0,0.5418,56.0
1753533258343,12:34:18.343,B/USDT:USDT,0.5407,17.0,0.5404,2.0,0.5412,18.0,0.5413,84.0
1753533258443,12:34:18.443,B/USDT:USDT,0.5407,19.0,0.5404,2.0,0.5412,84.0,0.5418,56.0
1753533258735,12:34:18.735,B/USDT:USDT,0.5407,19.0,0.5404,2.0,0.5412,84.0,0.5418,56.0
1753533258773,12:34:18.773,B/USDT:USDT,0.5407,19.0,0.5404,2.0,0.5412,84.0,0.5418,56.0
1753533259048,12:34:19.048,B/USDT:USDT,0.5407,19.0,0.5404,2.0,0.5412,84.0,0.5418,56.0
1753533259115,12:34:19.115,B/USDT:USDT,0.5407,19.0,0.5404,2.0,0.5412,84.0,0.5418,56.0
1753533259782,12:34:19.782,B/USDT:USDT,0.5407,19.0,0.5404,2.0,0.5412,86.0,0.5418,56.0
1753533259896,12:34:19.896,B/USDT:USDT,0.5407,19.0,0.5404,2.0,0.5412,86.0,0.5418,56.0
1753533260755,12:34:20.755,B/USDT:USDT,0.5407,19.0,0.5404,2.0,0.5412,86.0,0.5418,56.0
1753533260995,12:34:20.995,B/USDT:USDT,0.5407,19.0,0.5404,2.0,0.5412,86.0,0.5418,56.0
1753533261415,12:34:21.415,B/USDT:USDT,0.5407,19.0,0.5404,2.0,0.5412,86.0,0.5418,56.0
1753533261741,12:34:21.741,B/USDT:USDT,0.5407,19.0,0.5404,2.0,0.5412,86.0,0.5418,56.0
1753533263449,12:34:23.449,B/USDT:USDT,0.5407,19.0,0.5404,2.0,0.5412,86.0,0.5418,56.0
1753533263832,12:34:23.832,B/USDT:USDT,0.5407,19.0,0.5404,2.0,0.5412,86.0,0.5418,56.0
1753533263932,12:34:23.932,B/USDT:USDT,0.5407,19.0,0.5404,2.0,0.5412,86.0,0.5418,56.0
1753533263956,12:34:23.956,B/USDT:USDT,0.5407,19.0,0.5404,2.0,0.5412,86.0,0.5418,56.0
1753533264121,12:34:24.121,B/USDT:USDT,0.5407,19.0,0.5404,2.0,0.5412,86.0,0.5418,56.0
1753533264215,12:34:24.215,B/USDT:USDT,0.5407,19.0,0.5404,2.0,0.5412,86.0,0.5418,56.0
1753533264534,12:34:24.534,B/USDT:USDT,0.5407,19.0,0.5404,2.0,0.5412,86.0,0.5418,56.0
1753533264735,12:34:24.735,B/USDT:USDT,0.5407,19.0,0.5404,2.0,0.5412,86.0,0.5418,56.0
1753533264796,12:34:24.796,B/USDT:USDT,0.5407,19.0,0.5404,2.0,0.5412,86.0,0.5418,56.0
1753533265801,12:34:25.801,B/USDT:USDT,0.5407,19.0,0.5404,2.0,0.5412,86.0,0.5418,56.0
1753533265876,12:34:25.876,B/USDT:USDT,0.5407,19.0,0.5404,2.0,0.5412,86.0,0.5418,56.0
1753533265993,12:34:25.993,B/USDT:USDT,0.5407,19.0,0.5404,2.0,0.5412,86.0,0.5418,56.0
1753533266303,12:34:26.303,B/USDT:USDT,0.5407,19.0,0.5404,2.0,0.5412,86.0,0.5418,56.0
1753533267335,12:34:27.335,B/USDT:USDT,0.5407,19.0,0.5404,2.0,0.5412,86.0,0.5418,56.0
1753533267734,12:34:27.734,B/USDT:USDT,0.5407,21.0,0.5404,2.0,0.5411,66.0,0.5412,18.0
1753533267846,12:34:27.846,B/USDT:USDT,0.5407,21.0,0.5404,2.0,0.5411,70.0,0.5412,18.0
1753533267942,12:34:27.942,B/USDT:USDT,0.5407,21.0,0.5404,2.0,0.5411,70.0,0.5412,18.0
1753533267981,12:34:27.981,B/USDT:USDT,0.5407,21.0,0.5404,2.0,0.5411,70.0,0.5412,18.0
1753533270814,12:34:30.814,B/USDT:USDT,0.5407,21.0,0.5404,2.0,0.5411,70.0,0.5412,18.0
1753533270915,12:34:30.915,B/USDT:USDT,0.5407,21.0,0.5404,2.0,0.5411,70.0,0.5412,18.0
1753533271146,12:34:31.146,B/USDT:USDT,0.5407,21.0,0.5404,2.0,0.5411,70.0,0.5412,18.0
1753533271232,12:34:31.232,B/USDT:USDT,0.5407,21.0,0.5404,2.0,0.5411,70.0,0.5412,18.0
1753533271427,12:34:31.427,B/USDT:USDT,0.5407,21.0,0.5404,2.0,0.5411,70.0,0.5412,18.0
1753533271739,12:34:31.739,B/USDT:USDT,0.5407,21.0,0.5404,2.0,0.5411,70.0,0.5412,18.0
1753533273173,12:34:33.173,B/USDT:USDT,0.5407,21.0,0.5404,2.0,0.5411,70.0,0.5412,18.0
1753533274333,12:34:34.333,B/USDT:USDT,0.5407,21.0,0.5404,2.0,0.5411,70.0,0.5412,18.0
1753533275440,12:34:35.440,B/USDT:USDT,0.5407,21.0,0.5404,2.0,0.5411,70.0,0.5412,18.0
1753533275975,12:34:35.975,B/USDT:USDT,0.5407,21.0,0.5404,2.0,0.5411,70.0,0.5412,18.0
1753533277413,12:34:37.413,B/USDT:USDT,0.5407,21.0,0.5404,2.0,0.5411,70.0,0.5412,18.0
1753533279945,12:34:39.945,B/USDT:USDT,0.5407,21.0,0.5404,2.0,0.5411,70.0,0.5412,18.0
1753533279961,12:34:39.961,B/USDT:USDT,0.5407,21.0,0.5404,2.0,0.5411,70.0,0.5412,18.0
1753533281346,12:34:41.346,B/USDT:USDT,0.5407,21.0,0.5404,2.0,0.5411,70.0,0.5412,18.0
1753533281366,12:34:41.366,B/USDT:USDT,0.5407,21.0,0.5404,2.0,0.5411,70.0,0.5412,18.0
1753533281458,12:34:41.458,B/USDT:USDT,0.5407,21.0,0.5404,2.0,0.5411,70.0,0.5412,18.0
1753533281634,12:34:41.634,B/USDT:USDT,0.5407,21.0,0.5404,2.0,0.5411,70.0,0.5412,18.0
1753533281791,12:34:41.791,B/USDT:USDT,0.5407,21.0,0.5404,2.0,0.5411,70.0,0.5412,18.0
1753533281872,12:34:41.872,B/USDT:USDT,0.5407,19.0,0.5404,2.0,0.5411,70.0,0.5412,18.0
1753533283137,12:34:43.137,B/USDT:USDT,0.5407,17.0,0.5404,2.0,0.5411,70.0,0.5412,18.0
1753533283236,12:34:43.236,B/USDT:USDT,0.5407,5.0,0.5404,2.0,0.541,5.0,0.5411,88.0
1753533283348,12:34:43.348,B/USDT:USDT,0.5405,5.0,0.5404,2.0,0.5408,5.0,0.5409,68.0
1753533283397,12:34:43.397,B/USDT:USDT,0.5405,5.0,0.5404,2.0,0.5408,5.0,0.5409,68.0
1753533283458,12:34:43.458,B/USDT:USDT,0.5405,5.0,0.5404,2.0,0.5408,5.0,0.5409,68.0
1753533283593,12:34:43.593,B/USDT:USDT,0.5405,5.0,0.5404,2.0,0.5408,5.0,0.5409,68.0
1753533283665,12:34:43.665,B/USDT:USDT,0.5405,7.0,0.5404,2.0,0.5408,5.0,0.5409,68.0
1753533283762,12:34:43.762,B/USDT:USDT,0.5405,7.0,0.5404,2.0,0.5408,5.0,0.5409,68.0
1753533284386,12:34:44.386,B/USDT:USDT,0.5405,5.0,0.5404,4.0,0.5408,7.0,0.5409,70.0
1753533284630,12:34:44.630,B/USDT:USDT,0.5405,5.0,0.5404,4.0,0.5408,7.0,0.5409,70.0
1753533284720,12:34:44.720,B/USDT:USDT,0.5405,7.0,0.5404,4.0,0.5408,5.0,0.5409,66.0
1753533284825,12:34:44.825,B/USDT:USDT,0.5405,10.0,0.5404,4.0,0.5408,5.0,0.5409,68.0
1753533285751,12:34:45.751,B/USDT:USDT,0.5405,10.0,0.5404,4.0,0.5408,5.0,0.5409,66.0
1753533286034,12:34:46.034,B/USDT:USDT,0.5405,10.0,0.5404,4.0,0.5408,5.0,0.5409,66.0
1753533286736,12:34:46.736,B/USDT:USDT,0.5405,10.0,0.5404,4.0,0.5408,5.0,0.5409,66.0
1753533286853,12:34:46.853,B/USDT:USDT,0.5405,10.0,0.5404,4.0,0.5408,5.0,0.5409,66.0
1753533286965,12:34:46.965,B/USDT:USDT,0.5405,10.0,0.5404,4.0,0.5408,5.0,0.5409,66.0
1753533287262,12:34:47.262,B/USDT:USDT,0.5405,10.0,0.5404,4.0,0.5408,5.0,0.5409,66.0
1753533288263,12:34:48.263,B/USDT:USDT,0.5405,10.0,0.5404,4.0,0.5408,5.0,0.5409,66.0
1753533290456,12:34:50.456,B/USDT:USDT,0.5405,10.0,0.5404,4.0,0.5408,71.0,0.5414,10.0
1753533290692,12:34:50.692,B/USDT:USDT,0.5405,10.0,0.5404,4.0,0.5408,71.0,0.5414,10.0
1753533290949,12:34:50.949,B/USDT:USDT,0.5405,10.0,0.5404,4.0,0.5408,71.0,0.5414,10.0
1753533291680,12:34:51.680,B/USDT:USDT,0.5405,10.0,0.5404,4.0,0.5408,71.0,0.5414,10.0
1753533292204,12:34:52.204,B/USDT:USDT,0.5405,10.0,0.5404,4.0,0.5408,71.0,0.5414,10.0
1753533295635,12:34:55.635,B/USDT:USDT,0.5405,10.0,0.5404,4.0,0.5408,71.0,0.5414,10.0
1753533297108,12:34:57.108,B/USDT:USDT,0.5405,10.0,0.5404,4.0,0.5408,71.0,0.5414,10.0
1753533297334,12:34:57.334,B/USDT:USDT,0.5405,10.0,0.5404,2.0,0.5413,66.0,0.5414,63.0
1753533297428,12:34:57.428,B/USDT:USDT,0.5405,7.0,0.5404,2.0,0.5411,18.0,0.5413,66.0
1753533297522,12:34:57.522,B/USDT:USDT,0.5405,7.0,0.5404,2.0,0.541,66.0,0.5411,18.0
1753533297755,12:34:57.755,B/USDT:USDT,0.5405,7.0,0.5404,2.0,0.541,66.0,0.5411,18.0
1753533297941,12:34:57.941,B/USDT:USDT,0.5405,7.0,0.5404,2.0,0.541,66.0,0.5411,18.0
1753533300286,12:35:00.286,B/USDT:USDT,0.5405,7.0,0.5404,2.0,0.541,68.0,0.5411,18.0
1753533300387,12:35:00.387,B/USDT:USDT,0.5405,7.0,0.5404,2.0,0.541,68.0,0.5411,18.0
1753533301159,12:35:01.159,B/USDT:USDT,0.5405,5.0,0.5404,2.0,0.541,68.0,0.5411,18.0
1753533301609,12:35:01.609,B/USDT:USDT,0.5405,5.0,0.5404,2.0,0.541,68.0,0.5411,18.0
1753533302010,12:35:02.010,B/USDT:USDT,0.5405,5.0,0.5404,2.0,0.541,68.0,0.5411,18.0
1753533302230,12:35:02.230,B/USDT:USDT,0.5405,11.0,0.5404,2.0,0.541,68.0,0.5411,18.0
1753533302821,12:35:02.821,B/USDT:USDT,0.5405,11.0,0.5404,2.0,0.541,68.0,0.5411,18.0
1753533305251,12:35:05.251,B/USDT:USDT,0.5405,11.0,0.5404,2.0,0.541,86.0,0.5413,53.0
1753533305677,12:35:05.677,B/USDT:USDT,0.5405,11.0,0.5404,2.0,0.541,86.0,0.5414,10.0
1753533306211,12:35:06.211,B/USDT:USDT,0.5405,11.0,0.5404,2.0,0.541,86.0,0.5414,10.0
1753533306745,12:35:06.745,B/USDT:USDT,0.5405,11.0,0.5404,2.0,0.541,66.0,0.5414,10.0
1753533306795,12:35:06.795,B/USDT:USDT,0.5405,11.0,0.5404,2.0,0.541,66.0,0.5414,10.0
1753533306866,12:35:06.866,B/USDT:USDT,0.5405,5.0,0.5404,2.0,0.541,66.0,0.5414,10.0
1753533307245,12:35:07.245,B/USDT:USDT,0.5405,5.0,0.5404,2.0,0.5413,66.0,0.5418,63.0
1753533307303,12:35:07.303,B/USDT:USDT,0.5405,5.0,0.5404,2.0,0.5413,66.0,0.5415,18.0
1753533307359,12:35:07.359,B/USDT:USDT,0.5405,5.0,0.5404,5.0,0.5413,66.0,0.5415,18.0
1753533307502,12:35:07.502,B/USDT:USDT,0.5405,15.0,0.5404,112.0,0.5413,66.0,0.5415,18.0
1753533307599,12:35:07.599,B/USDT:USDT,0.5405,15.0,0.5404,112.0,0.5413,66.0,0.5415,18.0
1753533307808,12:35:07.808,B/USDT:USDT,0.5405,15.0,0.5404,112.0,0.5413,66.0,0.5415,18.0
1753533308074,12:35:08.074,B/USDT:USDT,0.5405,15.0,0.5404,112.0,0.5413,66.0,0.5415,18.0
1753533309542,12:35:09.542,B/USDT:USDT,0.5405,15.0,0.5404,112.0,0.5413,66.0,0.5415,18.0
1753533309595,12:35:09.595,B/USDT:USDT,0.5405,15.0,0.5404,5.0,0.5413,66.0,0.5415,18.0
1753533309707,12:35:09.707,B/USDT:USDT,0.5405,15.0,0.5404,5.0,0.5413,66.0,0.5415,18.0
1753533311871,12:35:11.871,B/USDT:USDT,0.5405,21.0,0.5404,5.0,0.5413,66.0,0.5415,18.0
1753533312014,12:35:12.014,B/USDT:USDT,0.5405,21.0,0.5404,5.0,0.5413,66.0,0.5415,18.0
1753533312070,12:35:12.070,B/USDT:USDT,0.5405,21.0,0.5404,5.0,0.5413,66.0,0.5415,18.0
1753533312158,12:35:12.158,B/USDT:USDT,0.5405,21.0,0.5404,5.0,0.5413,66.0,0.5415,18.0
1753533312749,12:35:12.749,B/USDT:USDT,0.5405,21.0,0.5404,5.0,0.5413,66.0,0.5415,18.0
1753533312791,12:35:12.791,B/USDT:USDT,0.5405,21.0,0.5404,5.0,0.5413,66.0,0.5415,18.0
1753533312946,12:35:12.946,B/USDT:USDT,0.5405,21.0,0.5404,5.0,0.5413,66.0,0.5415,18.0
1753533313435,12:35:13.435,B/USDT:USDT,0.5405,21.0,0.5404,15.0,0.5413,66.0,0.5415,18.0
1753533318637,12:35:18.637,B/USDT:USDT,0.5405,21.0,0.5404,15.0,0.5415,18.0,0.5418,10.0
1753533318721,12:35:18.721,B/USDT:USDT,0.5405,21.0,0.5404,12.0,0.5414,66.0,0.5415,18.0
1753533318774,12:35:18.774,B/USDT:USDT,0.5405,21.0,0.5404,12.0,0.5414,66.0,0.5415,18.0
1753533318861,12:35:18.861,B/USDT:USDT,0.5405,21.0,0.5404,12.0,0.5414,66.0,0.5415,18.0
1753533318995,12:35:18.995,B/USDT:USDT,0.5405,21.0,0.5404,12.0,0.5414,66.0,0.5415,18.0
1753533319394,12:35:19.394,B/USDT:USDT,0.5405,21.0,0.5404,2.0,0.5414,66.0,0.5415,18.0
1753533321409,12:35:21.409,B/USDT:USDT,0.5405,21.0,0.5404,2.0,0.5414,66.0,0.5415,18.0
1753533321459,12:35:21.459,B/USDT:USDT,0.5405,21.0,0.5404,5.0,0.5414,66.0,0.5415,18.0
1753533321949,12:35:21.949,B/USDT:USDT,0.5405,21.0,0.5404,5.0,0.5414,66.0,0.5415,18.0
1753533321958,12:35:21.958,B/USDT:USDT,0.5405,21.0,0.5404,2.0,0.5414,66.0,0.5415,18.0
1753533323878,12:35:23.878,B/USDT:USDT,0.5405,21.0,0.5404,2.0,0.5414,66.0,0.5415,18.0
1753533325087,12:35:25.087,B/USDT:USDT,0.5405,21.0,0.5404,2.0,0.5414,66.0,0.5415,18.0
1753533327215,12:35:27.215,B/USDT:USDT,0.5405,21.0,0.5404,2.0,0.5414,66.0,0.5415,18.0
1753533327279,12:35:27.279,B/USDT:USDT,0.5405,21.0,0.5404,15.0,0.5414,66.0,0.5415,18.0
1753533328715,12:35:28.715,B/USDT:USDT,0.5405,87.0,0.5404,15.0,0.5414,66.0,0.5415,18.0
1753533328834,12:35:28.834,B/USDT:USDT,0.5407,5.0,0.5406,120.0,0.5415,66.0,0.5418,10.0
1753533329210,12:35:29.210,B/USDT:USDT,0.5407,5.0,0.5406,120.0,0.5415,66.0,0.5418,10.0
1753533329257,12:35:29.257,B/USDT:USDT,0.5407,15.0,0.5406,120.0,0.5415,66.0,0.5418,10.0
1753533330245,12:35:30.245,B/USDT:USDT,0.5407,15.0,0.5406,120.0,0.5415,66.0,0.5418,10.0
1753533331135,12:35:31.135,B/USDT:USDT,0.5407,15.0,0.5406,120.0,0.5415,66.0,0.5418,10.0
1753533331238,12:35:31.238,B/USDT:USDT,0.5407,81.0,0.5406,120.0,0.5418,76.0,0.5422,10.0
1753533331343,12:35:31.343,B/USDT:USDT,0.5409,15.0,0.5408,13.0,0.5418,76.0,0.5422,10.0
1753533331370,12:35:31.370,B/USDT:USDT,0.5409,15.0,0.5408,13.0,0.5418,76.0,0.5422,10.0
1753533331507,12:35:31.507,B/USDT:USDT,0.5409,15.0,0.5408,13.0,0.5418,76.0,0.5422,10.0
1753533331875,12:35:31.875,B/USDT:USDT,0.5409,15.0,0.5408,13.0,0.5418,76.0,0.5422,10.0
1753533332025,12:35:32.025,B/USDT:USDT,0.5409,15.0,0.5408,13.0,0.5418,76.0,0.5422,10.0
1753533332223,12:35:32.223,B/USDT:USDT,0.5409,15.0,0.5408,13.0,0.5418,66.0,0.5422,10.0
1753533332523,12:35:32.523,B/USDT:USDT,0.5409,15.0,0.5408,13.0,0.5418,66.0,0.5422,10.0
1753533333951,12:35:33.951,B/USDT:USDT,0.5409,15.0,0.5408,13.0,0.5418,66.0,0.5422,10.0
1753533334047,12:35:34.047,B/USDT:USDT,0.5411,15.0,0.541,76.0,0.5421,66.0,0.5426,10.0
1753533334146,12:35:34.146,B/USDT:USDT,0.5411,84.0,0.541,10.0,0.5425,76.0,0.5426,10.0
1753533334248,12:35:34.248,B/USDT:USDT,0.5414,15.0,0.5413,117.0,0.5425,76.0,0.5426,10.0
1753533334349,12:35:34.349,B/USDT:USDT,0.5414,84.0,0.5413,117.0,0.5425,76.0,0.5426,10.0
1753533334446,12:35:34.446,B/USDT:USDT,0.5414,84.0,0.5413,117.0,0.5425,76.0,0.5426,10.0
1753533334533,12:35:34.533,B/USDT:USDT,0.5416,5.0,0.5415,66.0,0.5427,66.0,0.5432,107.0
1753533334647,12:35:34.647,B/USDT:USDT,0.5417,66.0,0.5416,8.0,0.5431,76.0,0.5432,107.0
1753533334743,12:35:34.743,B/USDT:USDT,0.5418,115.0,0.5417,66.0,0.5431,94.0,0.5432,107.0
1753533334835,12:35:34.835,B/USDT:USDT,0.5418,115.0,0.5417,66.0,0.543,10.0,0.5431,76.0
1753533334939,12:35:34.939,B/USDT:USDT,0.5418,8.0,0.5416,66.0,0.5429,76.0,0.543,10.0
1753533335045,12:35:35.045,B/USDT:USDT,0.5419,5.0,0.5417,110.0,0.5429,76.0,0.543,10.0
1753533335117,12:35:35.117,B/USDT:USDT,0.542,5.0,0.5417,110.0,0.5429,78.0,0.543,10.0
1753533335217,12:35:35.217,B/USDT:USDT,0.5418,5.0,0.5417,110.0,0.5429,98.0,0.543,10.0
1753533335310,12:35:35.310,B/USDT:USDT,0.5418,5.0,0.5417,3.0,0.5429,107.0,0.543,10.0
1753533335444,12:35:35.444,B/USDT:USDT,0.5415,15.0,0.5414,13.0,0.5429,107.0,0.543,10.0
1753533335474,12:35:35.474,B/USDT:USDT,0.5415,15.0,0.5414,65.0,0.5429,116.0,0.543,10.0
1753533335635,12:35:35.635,B/USDT:USDT,0.5415,15.0,0.5414,65.0,0.5427,10.0,0.5428,48.0
1753533335734,12:35:35.734,B/USDT:USDT,0.5415,15.0,0.5414,65.0,0.5426,66.0,0.5427,117.0
1753533335758,12:35:35.758,B/USDT:USDT,0.5415,15.0,0.5414,13.0,0.5426,66.0,0.5427,117.0
1753533335948,12:35:35.948,B/USDT:USDT,0.5415,15.0,0.5414,13.0,0.5426,66.0,0.5427,117.0
1753533336049,12:35:36.049,B/USDT:USDT,0.5415,15.0,0.5414,13.0,0.5426,102.0,0.5427,117.0
1753533336113,12:35:36.113,B/USDT:USDT,0.5415,15.0,0.5414,10.0,0.5426,102.0,0.5427,117.0
1753533336203,12:35:36.203,B/USDT:USDT,0.5415,15.0,0.5409,10.0,0.5425,14.0,0.5426,94.0
1753533336336,12:35:36.336,B/USDT:USDT,0.5415,15.0,0.5409,10.0,0.5424,66.0,0.5425,14.0
1753533336448,12:35:36.448,B/USDT:USDT,0.5415,15.0,0.5409,10.0,0.5424,111.0,0.5425,14.0
1753533336505,12:35:36.505,B/USDT:USDT,0.5415,15.0,0.5409,10.0,0.5424,84.0,0.5425,14.0
1753533336615,12:35:36.615,B/USDT:USDT,0.5415,15.0,0.5409,10.0,0.5424,102.0,0.5425,14.0
1753533336721,12:35:36.721,B/USDT:USDT,0.5415,15.0,0.5409,10.0,0.5424,102.0,0.5425,14.0
1753533336927,12:35:36.927,B/USDT:USDT,0.5415,15.0,0.5409,10.0,0.5424,111.0,0.5425,14.0
1753533336979,12:35:36.979,B/USDT:USDT,0.5415,15.0,0.5409,10.0,0.5424,102.0,0.5425,14.0
1753533337129,12:35:37.129,B/USDT:USDT,0.5415,15.0,0.5409,10.0,0.5424,120.0,0.5425,14.0
1753533337183,12:35:37.183,B/USDT:USDT,0.5415,5.0,0.5408,10.0,0.5424,102.0,0.5425,14.0
1753533337409,12:35:37.409,B/USDT:USDT,0.5409,15.0,0.5408,10.0,0.5424,120.0,0.5425,4.0
1753533337530,12:35:37.530,B/USDT:USDT,0.5409,15.0,0.5408,76.0,0.5422,38.0,0.5423,125.0
1753533337632,12:35:37.632,B/USDT:USDT,0.5409,18.0,0.5408,76.0,0.5421,66.0,0.5422,56.0
1753533337751,12:35:37.751,B/USDT:USDT,0.5409,18.0,0.5408,76.0,0.5421,66.0,0.5422,56.0
1753533337850,12:35:37.850,B/USDT:USDT,0.5409,18.0,0.5408,76.0,0.5421,93.0,0.5422,56.0
1753533337863,12:35:37.863,B/USDT:USDT,0.5409,18.0,0.5408,76.0,0.5421,66.0,0.5422,56.0
1753533338095,12:35:38.095,B/USDT:USDT,0.5409,18.0,0.5408,76.0,0.5421,66.0,0.5422,56.0
1753533338161,12:35:38.161,B/USDT:USDT,0.5409,18.0,0.5408,66.0,0.5421,66.0,0.5422,56.0
1753533338669,12:35:38.669,B/USDT:USDT,0.5409,18.0,0.5408,66.0,0.5421,66.0,0.5422,56.0
1753533338791,12:35:38.791,B/USDT:USDT,0.5409,18.0,0.5408,66.0,0.5421,93.0,0.5422,56.0
1753533338976,12:35:38.976,B/USDT:USDT,0.5409,18.0,0.5408,66.0,0.5421,84.0,0.5422,56.0
1753533339195,12:35:39.195,B/USDT:USDT,0.5409,18.0,0.5408,66.0,0.5421,102.0,0.5422,38.0
1753533339413,12:35:39.413,B/USDT:USDT,0.5409,18.0,0.5407,10.0,0.5421,102.0,0.5422,38.0
1753533339468,12:35:39.468,B/USDT:USDT,0.5409,15.0,0.5407,13.0,0.5421,84.0,0.5422,38.0
1753533339774,12:35:39.774,B/USDT:USDT,0.5409,15.0,0.5407,79.0,0.5421,84.0,0.5422,38.0
1753533340038,12:35:40.038,B/USDT:USDT,0.5409,15.0,0.5407,79.0,0.5421,84.0,0.5422,38.0
1753533340133,12:35:40.133,B/USDT:USDT,0.5409,15.0,0.5407,79.0,0.5421,84.0,0.5422,38.0
1753533340708,12:35:40.708,B/USDT:USDT,0.5409,15.0,0.5407,79.0,0.5421,111.0,0.5422,38.0
1753533340762,12:35:40.762,B/USDT:USDT,0.5409,15.0,0.5407,79.0,0.5421,84.0,0.5422,38.0
1753533340941,12:35:40.941,B/USDT:USDT,0.5409,15.0,0.5407,79.0,0.5421,111.0,0.5422,38.0
1753533341016,12:35:41.016,B/USDT:USDT,0.5409,15.0,0.5407,13.0,0.5421,84.0,0.5422,38.0
1753533341915,12:35:41.915,B/USDT:USDT,0.5409,21.0,0.5407,13.0,0.5421,93.0,0.5422,38.0
1753533343112,12:35:43.112,B/USDT:USDT,0.5409,21.0,0.5407,13.0,0.5421,84.0,0.5422,38.0
1753533343676,12:35:43.676,B/USDT:USDT,0.5409,21.0,0.5407,13.0,0.5421,93.0,0.5422,38.0
1753533344231,12:35:44.231,B/USDT:USDT,0.5409,21.0,0.5407,13.0,0.5421,84.0,0.5422,38.0
1753533344461,12:35:44.461,B/USDT:USDT,0.5409,21.0,0.5407,13.0,0.5421,84.0,0.5422,38.0
1753533345044,12:35:45.044,B/USDT:USDT,0.5409,21.0,0.5407,13.0,0.5421,84.0,0.5422,38.0
1753533345055,12:35:45.055,B/USDT:USDT,0.5409,21.0,0.5407,13.0,0.5421,84.0,0.5422,38.0
1753533346469,12:35:46.469,B/USDT:USDT,0.5409,21.0,0.5407,13.0,0.5421,84.0,0.5422,38.0
1753533346802,12:35:46.802,B/USDT:USDT,0.5409,21.0,0.5407,13.0,0.5421,111.0,0.5422,38.0
1753533346862,12:35:46.862,B/USDT:USDT,0.5409,21.0,0.5407,13.0,0.5421,111.0,0.5422,38.0
1753533347233,12:35:47.233,B/USDT:USDT,0.5409,21.0,0.5407,13.0,0.5421,111.0,0.5422,38.0
1753533347762,12:35:47.762,B/USDT:USDT,0.5409,21.0,0.5407,13.0,0.5421,120.0,0.5422,38.0
1753533348496,12:35:48.496,B/USDT:USDT,0.5409,21.0,0.5407,13.0,0.5421,120.0,0.5422,38.0
1753533348816,12:35:48.816,B/USDT:USDT,0.5409,21.0,0.5407,13.0,0.5421,120.0,0.5422,38.0
1753533351874,12:35:51.874,B/USDT:USDT,0.5409,15.0,0.5407,13.0,0.5421,120.0,0.5422,38.0
1753533352057,12:35:52.057,B/USDT:USDT,0.5409,15.0,0.5407,13.0,0.5421,120.0,0.5422,38.0
1753533352395,12:35:52.395,B/USDT:USDT,0.5409,15.0,0.5407,13.0,0.5421,120.0,0.5422,38.0
1753533352515,12:35:52.515,B/USDT:USDT,0.5409,15.0,0.5407,13.0,0.5421,120.0,0.5422,38.0
1753533353744,12:35:53.744,B/USDT:USDT,0.5409,15.0,0.5407,13.0,0.5421,111.0,0.5422,38.0
1753533353835,12:35:53.835,B/USDT:USDT,0.5409,15.0,0.5407,13.0,0.5421,93.0,0.5422,38.0
1753533353978,12:35:53.978,B/USDT:USDT,0.5409,15.0,0.5408,10.0,0.5421,93.0,0.5422,38.0
1753533354251,12:35:54.251,B/USDT:USDT,0.5409,15.0,0.5408,76.0,0.5422,38.0,0.5423,107.0
1753533354304,12:35:54.304,B/USDT:USDT,0.5409,84.0,0.5408,10.0,0.5422,66.0,0.5426,10.0
1753533354995,12:35:54.995,B/USDT:USDT,0.5411,15.0,0.541,10.0,0.5422,66.0,0.5426,10.0
1753533355955,12:35:55.955,B/USDT:USDT,0.5411,15.0,0.541,10.0,0.5422,66.0,0.5426,10.0
1753533356255,12:35:56.255,B/USDT:USDT,0.5411,15.0,0.541,117.0,0.5422,66.0,0.5426,10.0
1753533356359,12:35:56.359,B/USDT:USDT,0.5411,18.0,0.541,117.0,0.5422,66.0,0.5426,10.0
1753533356872,12:35:56.872,B/USDT:USDT,0.5411,24.0,0.541,117.0,0.5422,66.0,0.5426,10.0
1753533357108,12:35:57.108,B/USDT:USDT,0.5411,24.0,0.541,117.0,0.5422,66.0,0.5426,10.0
1753533357227,12:35:57.227,B/USDT:USDT,0.5411,24.0,0.541,10.0,0.5422,84.0,0.5426,62.0
1753533357335,12:35:57.335,B/USDT:USDT,0.5411,21.0,0.541,10.0,0.5421,66.0,0.5426,62.0
1753533357380,12:35:57.380,B/USDT:USDT,0.5411,21.0,0.541,10.0,0.5421,66.0,0.5426,62.0
1753533357933,12:35:57.933,B/USDT:USDT,0.5411,11.0,0.541,10.0,0.5421,66.0,0.5426,62.0
1753533357958,12:35:57.958,B/USDT:USDT,0.5411,11.0,0.541,10.0,0.5421,66.0,0.5426,62.0
1753533358922,12:35:58.922,B/USDT:USDT,0.5411,21.0,0.5408,13.0,0.5421,66.0,0.5426,62.0
1753533360325,12:36:00.325,B/USDT:USDT,0.5411,21.0,0.5408,13.0,0.5421,66.0,0.5426,62.0
1753533360445,12:36:00.445,B/USDT:USDT,0.5411,21.0,0.5408,13.0,0.5421,66.0,0.5426,62.0
1753533360510,12:36:00.510,B/USDT:USDT,0.5411,21.0,0.5408,13.0,0.5421,66.0,0.5426,62.0
1753533360580,12:36:00.580,B/USDT:USDT,0.5411,21.0,0.5408,13.0,0.5421,66.0,0.5426,62.0
1753533360842,12:36:00.842,B/USDT:USDT,0.5411,21.0,0.5408,13.0,0.5421,66.0,0.5426,62.0
1753533360854,12:36:00.854,B/USDT:USDT,0.5411,21.0,0.5408,13.0,0.5421,66.0,0.5426,62.0
1753533361533,12:36:01.533,B/USDT:USDT,0.5411,21.0,0.5408,13.0,0.5421,66.0,0.5426,62.0
1753533361627,12:36:01.627,B/USDT:USDT,0.5411,21.0,0.5408,13.0,0.5421,66.0,0.5426,62.0
1753533362213,12:36:02.213,B/USDT:USDT,0.5411,21.0,0.5408,13.0,0.5421,66.0,0.5426,10.0
1753533366353,12:36:06.353,B/USDT:USDT,0.5411,21.0,0.5408,13.0,0.5421,66.0,0.5426,62.0
1753533367250,12:36:07.250,B/USDT:USDT,0.5411,21.0,0.5408,13.0,0.5421,66.0,0.5426,62.0
1753533367255,12:36:07.255,B/USDT:USDT,0.5411,21.0,0.5408,13.0,0.5421,66.0,0.5426,62.0
1753533367421,12:36:07.421,B/USDT:USDT,0.5411,21.0,0.5408,13.0,0.5421,66.0,0.5426,62.0
1753533367494,12:36:07.494,B/USDT:USDT,0.5411,21.0,0.5408,13.0,0.5421,66.0,0.5426,62.0
1753533368151,12:36:08.151,B/USDT:USDT,0.5411,21.0,0.5408,13.0,0.5421,66.0,0.5426,62.0
1753533368365,12:36:08.365,B/USDT:USDT,0.5411,21.0,0.5408,13.0,0.5421,66.0,0.5426,62.0
1753533368497,12:36:08.497,B/USDT:USDT,0.5411,21.0,0.5408,13.0,0.5421,66.0,0.5426,62.0
1753533368943,12:36:08.943,B/USDT:USDT,0.5411,21.0,0.5408,13.0,0.5421,18.0,0.5425,66.0
1753533368955,12:36:08.955,B/USDT:USDT,0.5411,21.0,0.5408,13.0,0.542,66.0,0.5421,22.0
1753533369127,12:36:09.127,B/USDT:USDT,0.5411,21.0,0.5408,13.0,0.542,66.0,0.5421,22.0
1753533370234,12:36:10.234,B/USDT:USDT,0.5411,21.0,0.5408,13.0,0.542,66.0,0.5421,22.0
1753533370344,12:36:10.344,B/USDT:USDT,0.5411,21.0,0.5408,13.0,0.542,66.0,0.5421,22.0
1753533370691,12:36:10.691,B/USDT:USDT,0.5411,21.0,0.5408,13.0,0.542,66.0,0.5421,22.0
1753533370828,12:36:10.828,B/USDT:USDT,0.5411,21.0,0.5408,13.0,0.542,66.0,0.5421,22.0
1753533370900,12:36:10.900,B/USDT:USDT,0.5411,21.0,0.5408,13.0,0.542,66.0,0.5421,22.0
1753533371045,12:36:11.045,B/USDT:USDT,0.5411,23.0,0.541,2.0,0.5415,1.0,0.542,66.0
1753533371143,12:36:11.143,B/USDT:USDT,0.5411,23.0,0.541,2.0,0.5415,1.0,0.542,66.0
1753533371164,12:36:11.164,B/USDT:USDT,0.5411,23.0,0.541,2.0,0.5415,1.0,0.542,66.0
1753533372143,12:36:12.143,B/USDT:USDT,0.5411,17.0,0.541,2.0,0.5415,1.0,0.542,66.0
1753533372391,12:36:12.391,B/USDT:USDT,0.5411,17.0,0.541,2.0,0.5415,1.0,0.542,66.0
1753533374313,12:36:14.313,B/USDT:USDT,0.5411,19.0,0.541,4.0,0.5415,1.0,0.542,66.0
1753533374416,12:36:14.416,B/USDT:USDT,0.5411,19.0,0.541,4.0,0.5415,1.0,0.542,66.0
1753533374486,12:36:14.486,B/USDT:USDT,0.5411,19.0,0.541,4.0,0.5415,1.0,0.542,66.0
1753533376416,12:36:16.416,B/USDT:USDT,0.5411,19.0,0.541,4.0,0.5415,1.0,0.542,66.0
1753533376464,12:36:16.464,B/USDT:USDT,0.5411,19.0,0.541,4.0,0.5415,1.0,0.542,66.0
1753533376558,12:36:16.558,B/USDT:USDT,0.5411,19.0,0.541,4.0,0.5415,1.0,0.542,66.0
1753533376753,12:36:16.753,B/USDT:USDT,0.5411,19.0,0.541,4.0,0.5415,1.0,0.542,66.0
1753533376869,12:36:16.869,B/USDT:USDT,0.5411,25.0,0.541,4.0,0.5415,1.0,0.542,66.0
1753533377097,12:36:17.097,B/USDT:USDT,0.5411,25.0,0.541,4.0,0.5415,1.0,0.542,66.0
1753533379514,12:36:19.514,B/USDT:USDT,0.5411,25.0,0.541,4.0,0.5415,1.0,0.542,66.0
1753533379800,12:36:19.800,B/USDT:USDT,0.5411,23.0,0.541,2.0,0.542,58.0,0.5421,2.0
1753533379925,12:36:19.925,B/USDT:USDT,0.5413,5.0,0.5412,3.0,0.542,60.0,0.5421,2.0
1753533379994,12:36:19.994,B/USDT:USDT,0.5415,5.0,0.5414,3.0,0.542,60.0,0.5421,2.0
1753533380093,12:36:20.093,B/USDT:USDT,0.5417,5.0,0.5416,3.0,0.542,60.0,0.5421,2.0
1753533380161,12:36:20.161,B/USDT:USDT,0.5418,3.0,0.5417,5.0,0.542,60.0,0.5421,2.0
1753533380349,12:36:20.349,B/USDT:USDT,0.5418,3.0,0.5417,5.0,0.542,60.0,0.5421,2.0
1753533380397,12:36:20.397,B/USDT:USDT,0.5412,5.0,0.5411,6.0,0.542,60.0,0.5421,2.0
1753533380462,12:36:20.462,B/USDT:USDT,0.5413,1.0,0.5412,5.0,0.5419,5.0,0.542,60.0
1753533380585,12:36:20.585,B/USDT:USDT,0.5413,1.0,0.5412,5.0,0.5419,5.0,0.542,60.0
1753533380673,12:36:20.673,B/USDT:USDT,0.5413,1.0,0.5412,5.0,0.5419,5.0,0.542,60.0
1753533381035,12:36:21.035,B/USDT:USDT,0.5413,1.0,0.5412,5.0,0.5419,5.0,0.542,60.0
1753533381886,12:36:21.886,B/USDT:USDT,0.5413,1.0,0.5409,5.0,0.5419,5.0,0.542,60.0
1753533381975,12:36:21.975,B/USDT:USDT,0.541,11.0,0.5409,5.0,0.5419,5.0,0.542,60.0
1753533382300,12:36:22.300,B/USDT:USDT,0.5411,10.0,0.541,1.0,0.5419,5.0,0.542,60.0
1753533382364,12:36:22.364,B/USDT:USDT,0.5412,6.0,0.5411,10.0,0.5419,5.0,0.542,60.0
1753533382689,12:36:22.689,B/USDT:USDT,0.5412,1.0,0.5409,5.0,0.5419,5.0,0.542,60.0
1753533382801,12:36:22.801,B/USDT:USDT,0.541,1.0,0.5409,5.0,0.5419,5.0,0.542,60.0
1753533383111,12:36:23.111,B/USDT:USDT,0.541,1.0,0.5409,5.0,0.5419,5.0,0.542,60.0
1753533383528,12:36:23.528,B/USDT:USDT,0.541,1.0,0.5409,5.0,0.5419,5.0,0.542,60.0
1753533384799,12:36:24.799,B/USDT:USDT,0.541,1.0,0.5409,5.0,0.5419,5.0,0.542,60.0
1753533385810,12:36:25.810,B/USDT:USDT,0.541,1.0,0.5409,5.0,0.5419,5.0,0.542,60.0
1753533386262,12:36:26.262,B/USDT:USDT,0.541,1.0,0.5409,5.0,0.5419,5.0,0.542,60.0
1753533386814,12:36:26.814,B/USDT:USDT,0.541,1.0,0.5409,5.0,0.5419,5.0,0.542,60.0
1753533386878,12:36:26.878,B/USDT:USDT,0.5411,5.0,0.541,7.0,0.5419,5.0,0.542,60.0
1753533386974,12:36:26.974,B/USDT:USDT,0.5412,3.0,0.5411,5.0,0.5419,5.0,0.542,60.0
1753533387248,12:36:27.248,B/USDT:USDT,0.5413,5.0,0.5412,3.0,0.5419,5.0,0.542,60.0
1753533387258,12:36:27.258,B/USDT:USDT,0.5414,1.0,0.5413,5.0,0.5419,5.0,0.542,60.0
1753533387581,12:36:27.581,B/USDT:USDT,0.5414,1.0,0.5413,5.0,0.5419,5.0,0.542,60.0
1753533388178,12:36:28.178,B/USDT:USDT,0.5414,1.0,0.5413,5.0,0.5419,5.0,0.542,60.0
1753533388397,12:36:28.397,B/USDT:USDT,0.5414,1.0,0.5413,5.0,0.5419,5.0,0.542,60.0
1753533388616,12:36:28.616,B/USDT:USDT,0.5414,1.0,0.5413,5.0,0.5419,5.0,0.542,60.0
1753533388700,12:36:28.700,B/USDT:USDT,0.5414,1.0,0.5411,5.0,0.5419,71.0,0.542,2.0
1753533388764,12:36:28.764,B/USDT:USDT,0.5413,5.0,0.5412,1.0,0.5419,71.0,0.542,2.0
1753533388929,12:36:28.929,B/USDT:USDT,0.5414,1.0,0.5411,5.0,0.5419,71.0,0.542,2.0
1753533389007,12:36:29.007,B/USDT:USDT,0.5412,1.0,0.5411,5.0,0.5419,71.0,0.542,2.0
1753533389219,12:36:29.219,B/USDT:USDT,0.5412,1.0,0.5411,5.0,0.5419,71.0,0.542,2.0
1753533389635,12:36:29.635,B/USDT:USDT,0.5412,1.0,0.5411,5.0,0.5419,71.0,0.542,2.0
1753533390208,12:36:30.208,B/USDT:USDT,0.5413,5.0,0.5412,3.0,0.5419,71.0,0.542,2.0
1753533390313,12:36:30.313,B/USDT:USDT,0.5414,1.0,0.5413,5.0,0.5419,71.0,0.542,2.0
1753533390481,12:36:30.481,B/USDT:USDT,0.5414,1.0,0.5413,5.0,0.5419,71.0,0.542,2.0
1753533390610,12:36:30.610,B/USDT:USDT,0.5414,1.0,0.5413,5.0,0.5419,71.0,0.542,2.0
1753533391868,12:36:31.868,B/USDT:USDT,0.5414,1.0,0.5413,5.0,0.5419,71.0,0.542,2.0
1753533395075,12:36:35.075,B/USDT:USDT,0.5414,1.0,0.5413,5.0,0.5419,71.0,0.542,2.0
1753533395155,12:36:35.155,B/USDT:USDT,0.5414,1.0,0.5413,5.0,0.5419,71.0,0.542,2.0
1753533396173,12:36:36.173,B/USDT:USDT,0.5414,1.0,0.5413,5.0,0.5419,71.0,0.542,2.0
1753533396274,12:36:36.274,B/USDT:USDT,0.5414,1.0,0.5413,5.0,0.5419,71.0,0.542,2.0
1753533397117,12:36:37.117,B/USDT:USDT,0.5414,1.0,0.5413,5.0,0.5419,71.0,0.542,2.0
1753533400114,12:36:40.114,B/USDT:USDT,0.5414,1.0,0.5413,5.0,0.5419,71.0,0.542,2.0
1753533402635,12:36:42.635,B/USDT:USDT,0.5415,5.0,0.5414,3.0,0.5419,71.0,0.542,2.0
1753533402696,12:36:42.696,B/USDT:USDT,0.5416,1.0,0.5415,5.0,0.5419,71.0,0.542,2.0
1753533402757,12:36:42.757,B/USDT:USDT,0.5416,1.0,0.5415,5.0,0.5419,71.0,0.542,2.0
1753533402858,12:36:42.858,B/USDT:USDT,0.5416,1.0,0.5415,5.0,0.5419,71.0,0.542,2.0
1753533402955,12:36:42.955,B/USDT:USDT,0.5416,1.0,0.5415,5.0,0.5419,71.0,0.542,2.0
1753533403496,12:36:43.496,B/USDT:USDT,0.5416,1.0,0.5415,5.0,0.5418,66.0,0.5419,5.0
1753533403559,12:36:43.559,B/USDT:USDT,0.5416,1.0,0.5415,5.0,0.5418,66.0,0.5419,2.0
1753533403676,12:36:43.676,B/USDT:USDT,0.5416,1.0,0.5415,5.0,0.5418,66.0,0.5419,2.0
1753533403772,12:36:43.772,B/USDT:USDT,0.5416,1.0,0.5415,5.0,0.5418,66.0,0.5419,2.0
1753533403933,12:36:43.933,B/USDT:USDT,0.5416,1.0,0.5415,5.0,0.5418,66.0,0.5419,2.0
1753533404409,12:36:44.409,B/USDT:USDT,0.5416,1.0,0.5415,5.0,0.5418,66.0,0.5419,2.0
1753533408365,12:36:48.365,B/USDT:USDT,0.5416,1.0,0.5415,5.0,0.5418,66.0,0.5419,2.0
1753533413373,12:36:53.373,B/USDT:USDT,0.5416,1.0,0.5415,5.0,0.5419,2.0,0.542,2.0
1753533413548,12:36:53.548,B/USDT:USDT,0.5416,1.0,0.5415,5.0,0.5418,69.0,0.5419,2.0
1753533413558,12:36:53.558,B/USDT:USDT,0.5416,1.0,0.5415,5.0,0.5418,66.0,0.5419,2.0
1753533413843,12:36:53.843,B/USDT:USDT,0.5416,1.0,0.5415,5.0,0.5418,66.0,0.5419,2.0
1753533414651,12:36:54.651,B/USDT:USDT,0.5416,1.0,0.5415,5.0,0.5418,66.0,0.5419,2.0
1753533415059,12:36:55.059,B/USDT:USDT,0.5416,1.0,0.5415,5.0,0.5418,66.0,0.5419,2.0
1753533416651,12:36:56.651,B/USDT:USDT,0.5416,1.0,0.5415,5.0,0.5418,66.0,0.5419,2.0
1753533416694,12:36:56.694,B/USDT:USDT,0.5416,1.0,0.5415,5.0,0.5418,66.0,0.5419,2.0
1753533417311,12:36:57.311,B/USDT:USDT,0.5416,1.0,0.5415,5.0,0.5418,66.0,0.5419,2.0
1753533417875,12:36:57.875,B/USDT:USDT,0.5416,1.0,0.5409,5.0,0.5418,66.0,0.5419,2.0
1753533417960,12:36:57.960,B/USDT:USDT,0.541,1.0,0.5409,5.0,0.5418,66.0,0.542,2.0
1753533418124,12:36:58.124,B/USDT:USDT,0.541,1.0,0.5409,5.0,0.5417,3.0,0.5418,66.0
1753533418198,12:36:58.198,B/USDT:USDT,0.541,1.0,0.5409,5.0,0.5417,69.0,0.542,2.0
1753533418290,12:36:58.290,B/USDT:USDT,0.541,1.0,0.5409,5.0,0.5417,69.0,0.542,2.0
1753533419007,12:36:59.007,B/USDT:USDT,0.541,1.0,0.5409,5.0,0.5416,66.0,0.5417,3.0
1753533419116,12:36:59.116,B/USDT:USDT,0.5411,5.0,0.541,3.0,0.5415,3.0,0.5416,66.0
1753533419216,12:36:59.216,B/USDT:USDT,0.5412,8.0,0.5411,2.0,0.5415,3.0,0.5416,66.0
1753533419537,12:36:59.537,B/USDT:USDT,0.5412,8.0,0.5411,2.0,0.5415,3.0,0.5416,66.0
1753533420239,12:37:00.239,B/USDT:USDT,0.5412,8.0,0.5411,2.0,0.5415,3.0,0.5416,66.0
1753533420386,12:37:00.386,B/USDT:USDT,0.5412,8.0,0.5411,2.0,0.5415,3.0,0.5416,66.0
1753533421089,12:37:01.089,B/USDT:USDT,0.5412,8.0,0.5411,2.0,0.5415,3.0,0.5416,66.0
1753533421618,12:37:01.618,B/USDT:USDT,0.5412,8.0,0.5411,2.0,0.5415,3.0,0.5416,66.0
1753533421688,12:37:01.688,B/USDT:USDT,0.5412,8.0,0.5411,4.0,0.5416,66.0,0.5426,10.0
1753533421792,12:37:01.792,B/USDT:USDT,0.5413,9.0,0.5412,5.0,0.5416,66.0,0.5426,10.0
1753533421872,12:37:01.872,B/USDT:USDT,0.5414,3.0,0.5413,11.0,0.5416,66.0,0.5426,10.0
1753533422012,12:37:02.012,B/USDT:USDT,0.5414,2.0,0.5413,9.0,0.5416,66.0,0.5426,10.0
1753533422084,12:37:02.084,B/USDT:USDT,0.5414,2.0,0.5413,9.0,0.5416,66.0,0.5426,10.0
1753533422220,12:37:02.220,B/USDT:USDT,0.5414,2.0,0.5413,9.0,0.5416,66.0,0.5426,10.0
1753533422317,12:37:02.317,B/USDT:USDT,0.5414,8.0,0.5413,9.0,0.5416,66.0,0.5426,10.0
1753533423198,12:37:03.198,B/USDT:USDT,0.5414,8.0,0.5413,9.0,0.5416,66.0,0.5426,10.0
1753533423615,12:37:03.615,B/USDT:USDT,0.5414,8.0,0.5413,9.0,0.5416,66.0,0.5426,10.0
1753533425412,12:37:05.412,B/USDT:USDT,0.5414,8.0,0.5413,9.0,0.5416,66.0,0.5426,10.0
1753533426164,12:37:06.164,B/USDT:USDT,0.5414,8.0,0.5413,9.0,0.5416,66.0,0.5426,10.0
1753533426523,12:37:06.523,B/USDT:USDT,0.5414,8.0,0.5413,9.0,0.5416,66.0,0.5426,10.0
1753533426849,12:37:06.849,B/USDT:USDT,0.5414,8.0,0.5413,9.0,0.5416,66.0,0.5426,10.0
1753533426851,12:37:06.851,B/USDT:USDT,0.5414,8.0,0.5413,9.0,0.5416,66.0,0.5426,10.0
1753533427153,12:37:07.153,B/USDT:USDT,0.5414,8.0,0.5413,9.0,0.5416,66.0,0.5426,10.0
1753533427549,12:37:07.549,B/USDT:USDT,0.5414,8.0,0.5413,9.0,0.5416,66.0,0.5426,10.0
1753533427554,12:37:07.554,B/USDT:USDT,0.5414,8.0,0.5413,9.0,0.5416,66.0,0.5426,10.0
1753533428141,12:37:08.141,B/USDT:USDT,0.5414,8.0,0.5413,9.0,0.5416,66.0,0.5426,10.0
1753533428153,12:37:08.153,B/USDT:USDT,0.5414,8.0,0.5413,9.0,0.5416,66.0,0.5426,10.0
1753533429135,12:37:09.135,B/USDT:USDT,0.5415,5.0,0.5414,8.0,0.5424,56.0,0.5425,66.0
1753533429220,12:37:09.220,B/USDT:USDT,0.5417,5.0,0.5416,3.0,0.5421,22.0,0.5422,111.0
1753533429292,12:37:09.292,B/USDT:USDT,0.5418,3.0,0.5415,5.0,0.542,66.0,0.5421,22.0
1753533429411,12:37:09.411,B/USDT:USDT,0.5416,8.0,0.5414,8.0,0.542,66.0,0.5421,22.0
1753533429459,12:37:09.459,B/USDT:USDT,0.5416,8.0,0.5414,8.0,0.542,66.0,0.5421,22.0
1753533429713,12:37:09.713,B/USDT:USDT,0.5416,8.0,0.5414,8.0,0.542,66.0,0.5421,22.0
1753533430322,12:37:10.322,B/USDT:USDT,0.5416,8.0,0.5414,8.0,0.542,66.0,0.5421,22.0
1753533430398,12:37:10.398,B/USDT:USDT,0.5416,8.0,0.5414,8.0,0.542,66.0,0.5421,22.0
1753533430535,12:37:10.535,B/USDT:USDT,0.5416,8.0,0.5414,8.0,0.542,66.0,0.5421,22.0
1753533431873,12:37:11.873,B/USDT:USDT,0.5416,8.0,0.5414,2.0,0.542,66.0,0.5421,22.0
1753533432116,12:37:12.116,B/USDT:USDT,0.5416,8.0,0.5414,2.0,0.542,66.0,0.5421,22.0
1753533433048,12:37:13.048,B/USDT:USDT,0.5416,8.0,0.5414,2.0,0.542,66.0,0.5421,22.0
1753533433086,12:37:13.086,B/USDT:USDT,0.5416,8.0,0.5414,2.0,0.542,66.0,0.5421,22.0
1753533433405,12:37:13.405,B/USDT:USDT,0.5416,8.0,0.5414,2.0,0.542,66.0,0.5421,22.0
1753533433729,12:37:13.729,B/USDT:USDT,0.5416,10.0,0.5409,10.0,0.542,66.0,0.5421,22.0
1753533433814,12:37:13.814,B/USDT:USDT,0.5416,10.0,0.5409,10.0,0.542,66.0,0.5421,4.0
1753533433937,12:37:13.937,B/USDT:USDT,0.5416,10.0,0.5409,10.0,0.542,66.0,0.5421,4.0
1753533434082,12:37:14.082,B/USDT:USDT,0.5416,10.0,0.5409,10.0,0.542,66.0,0.5421,4.0
1753533434215,12:37:14.215,B/USDT:USDT,0.5416,10.0,0.5409,10.0,0.542,66.0,0.5421,4.0
1753533435005,12:37:15.005,B/USDT:USDT,0.5416,10.0,0.5409,10.0,0.542,66.0,0.5421,4.0
1753533436879,12:37:16.879,B/USDT:USDT,0.5416,16.0,0.5409,10.0,0.542,66.0,0.5421,4.0
1753533440073,12:37:20.073,B/USDT:USDT,0.5416,16.0,0.5409,10.0,0.542,66.0,0.5421,4.0
1753533440833,12:37:20.833,B/USDT:USDT,0.5416,16.0,0.5409,10.0,0.542,66.0,0.5421,4.0
1753533441006,12:37:21.006,B/USDT:USDT,0.5416,16.0,0.5409,10.0,0.542,66.0,0.5421,4.0
1753533441475,12:37:21.475,B/USDT:USDT,0.5416,16.0,0.5409,10.0,0.542,66.0,0.5421,4.0
1753533441945,12:37:21.945,B/USDT:USDT,0.5416,16.0,0.5409,10.0,0.542,66.0,0.5421,4.0
1753533442321,12:37:22.321,B/USDT:USDT,0.5416,16.0,0.5409,10.0,0.542,66.0,0.5421,4.0
1753533445158,12:37:25.158,B/USDT:USDT,0.5416,16.0,0.5409,10.0,0.542,66.0,0.5421,4.0
1753533445293,12:37:25.293,B/USDT:USDT,0.5416,16.0,0.5409,10.0,0.542,66.0,0.5421,4.0
1753533445452,12:37:25.452,B/USDT:USDT,0.5416,16.0,0.5409,10.0,0.542,66.0,0.5421,4.0
1753533446874,12:37:26.874,B/USDT:USDT,0.5416,16.0,0.5409,10.0,0.542,66.0,0.5421,4.0
1753533447173,12:37:27.173,B/USDT:USDT,0.5416,16.0,0.5409,10.0,0.542,66.0,0.5421,4.0
1753533448173,12:37:28.173,B/USDT:USDT,0.5416,16.0,0.5409,10.0,0.542,66.0,0.5421,4.0
1753533450673,12:37:30.673,B/USDT:USDT,0.5416,16.0,0.5409,10.0,0.542,66.0,0.5421,4.0
1753533452153,12:37:32.153,B/USDT:USDT,0.5416,16.0,0.5409,10.0,0.542,66.0,0.5421,4.0
1753533453078,12:37:33.078,B/USDT:USDT,0.5416,16.0,0.5409,10.0,0.542,66.0,0.5421,4.0
1753533453173,12:37:33.173,B/USDT:USDT,0.5416,16.0,0.5409,10.0,0.542,66.0,0.5421,4.0
1753533455593,12:37:35.593,B/USDT:USDT,0.5416,16.0,0.5409,10.0,0.542,66.0,0.5421,4.0
1753533456879,12:37:36.879,B/USDT:USDT,0.5416,10.0,0.5409,10.0,0.542,66.0,0.5421,4.0
1753533458162,12:37:38.162,B/USDT:USDT,0.5416,10.0,0.5409,10.0,0.542,66.0,0.5421,4.0
1753533458951,12:37:38.951,B/USDT:USDT,0.5416,10.0,0.5409,10.0,0.542,66.0,0.5421,4.0
1753533459651,12:37:39.651,B/USDT:USDT,0.5416,10.0,0.5409,10.0,0.542,66.0,0.5421,4.0
1753533459695,12:37:39.695,B/USDT:USDT,0.5416,10.0,0.5409,10.0,0.542,84.0,0.5421,4.0
1753533461201,12:37:41.201,B/USDT:USDT,0.5416,8.0,0.5409,10.0,0.542,93.0,0.5421,4.0
1753533461306,12:37:41.306,B/USDT:USDT,0.5416,8.0,0.5409,10.0,0.542,93.0,0.5421,4.0
1753533461359,12:37:41.359,B/USDT:USDT,0.5416,8.0,0.5409,10.0,0.542,93.0,0.5421,4.0
1753533461606,12:37:41.606,B/USDT:USDT,0.5416,8.0,0.5409,10.0,0.542,93.0,0.5421,4.0
1753533463546,12:37:43.546,B/USDT:USDT,0.5416,8.0,0.5409,10.0,0.542,93.0,0.5421,22.0
1753533465933,12:37:45.933,B/USDT:USDT,0.5416,8.0,0.5409,10.0,0.542,93.0,0.5421,22.0
1753533466053,12:37:46.053,B/USDT:USDT,0.5416,8.0,0.5409,10.0,0.542,93.0,0.5421,22.0
1753533466488,12:37:46.488,B/USDT:USDT,0.5416,8.0,0.5409,10.0,0.542,75.0,0.5421,22.0
1753533469863,12:37:49.863,B/USDT:USDT,0.5416,8.0,0.5409,10.0,0.542,84.0,0.5421,22.0
1753533470035,12:37:50.035,B/USDT:USDT,0.5416,8.0,0.5409,10.0,0.542,93.0,0.5421,22.0
1753533470070,12:37:50.070,B/USDT:USDT,0.5416,8.0,0.5409,10.0,0.542,93.0,0.5421,22.0
1753533473752,12:37:53.752,B/USDT:USDT,0.5416,8.0,0.5409,10.0,0.542,93.0,0.5421,22.0
1753533474100,12:37:54.100,B/USDT:USDT,0.5416,8.0,0.5409,10.0,0.542,93.0,0.5421,22.0
1753533474393,12:37:54.393,B/USDT:USDT,0.5416,8.0,0.5409,10.0,0.542,93.0,0.5421,22.0
1753533474650,12:37:54.650,B/USDT:USDT,0.5416,8.0,0.5409,10.0,0.542,93.0,0.5421,22.0
1753533474919,12:37:54.919,B/USDT:USDT,0.5416,8.0,0.5409,10.0,0.542,93.0,0.5421,22.0
1753533475323,12:37:55.323,B/USDT:USDT,0.5416,8.0,0.5409,10.0,0.542,93.0,0.5421,22.0
1753533475383,12:37:55.383,B/USDT:USDT,0.5416,8.0,0.5409,10.0,0.542,93.0,0.5421,22.0
1753533475529,12:37:55.529,B/USDT:USDT,0.5416,8.0,0.5409,10.0,0.542,66.0,0.5421,22.0
1753533475645,12:37:55.645,B/USDT:USDT,0.541,15.0,0.5408,10.0,0.542,89.0,0.5421,4.0
1753533475734,12:37:55.734,B/USDT:USDT,0.541,15.0,0.5408,10.0,0.542,89.0,0.5421,4.0
1753533475809,12:37:55.809,B/USDT:USDT,0.5411,1.0,0.5409,5.0,0.5418,5.0,0.5419,3.0
1753533475948,12:37:55.948,B/USDT:USDT,0.541,1.0,0.5409,5.0,0.5416,5.0,0.5417,69.0
1753533476035,12:37:56.035,B/USDT:USDT,0.5411,5.0,0.541,3.0,0.5414,5.0,0.5415,3.0
1753533476115,12:37:56.115,B/USDT:USDT,0.5412,8.0,0.5411,2.0,0.5416,66.0,0.5421,10.0
1753533476234,12:37:56.234,B/USDT:USDT,0.5413,7.0,0.5412,3.0,0.5416,66.0,0.5421,10.0
1753533476274,12:37:56.274,B/USDT:USDT,0.5414,1.0,0.5413,7.0,0.5416,66.0,0.5421,10.0
1753533476357,12:37:56.357,B/USDT:USDT,0.5414,1.0,0.5413,7.0,0.5416,66.0,0.5421,10.0
1753533476459,12:37:56.459,B/USDT:USDT,0.5414,1.0,0.5413,7.0,0.5416,66.0,0.5421,10.0
1753533476596,12:37:56.596,B/USDT:USDT,0.5414,1.0,0.5413,7.0,0.5416,66.0,0.5421,10.0
1753533476655,12:37:56.655,B/USDT:USDT,0.5414,1.0,0.5413,7.0,0.5416,66.0,0.5421,10.0
1753533476876,12:37:56.876,B/USDT:USDT,0.5414,7.0,0.5413,7.0,0.5416,66.0,0.5421,10.0
1753533476961,12:37:56.961,B/USDT:USDT,0.5414,6.0,0.5413,5.0,0.5416,66.0,0.5421,10.0
1753533477584,12:37:57.584,B/USDT:USDT,0.5414,6.0,0.5413,5.0,0.5416,66.0,0.5421,10.0
1753533477879,12:37:57.879,B/USDT:USDT,0.5414,6.0,0.5413,5.0,0.5416,66.0,0.5421,10.0
1753533478910,12:37:58.910,B/USDT:USDT,0.5414,6.0,0.5413,5.0,0.5416,66.0,0.5421,10.0
1753533479572,12:37:59.572,B/USDT:USDT,0.5414,6.0,0.5413,5.0,0.5416,66.0,0.5421,10.0
1753533480062,12:38:00.062,B/USDT:USDT,0.5414,6.0,0.5413,5.0,0.5416,66.0,0.5421,10.0
1753533480551,12:38:00.551,B/USDT:USDT,0.5414,6.0,0.5413,5.0,0.5416,66.0,0.5421,10.0
1753533481183,12:38:01.183,B/USDT:USDT,0.5414,6.0,0.5413,5.0,0.5416,66.0,0.5417,4.0
1753533481414,12:38:01.414,B/USDT:USDT,0.5414,6.0,0.5413,5.0,0.5416,66.0,0.5417,2.0
1753533481506,12:38:01.506,B/USDT:USDT,0.5414,6.0,0.5413,5.0,0.5416,66.0,0.5417,2.0
1753533481665,12:38:01.665,B/USDT:USDT,0.5414,6.0,0.5413,5.0,0.5416,66.0,0.5417,2.0
1753533482529,12:38:02.529,B/USDT:USDT,0.5414,6.0,0.5413,5.0,0.5416,66.0,0.5417,2.0
1753533483313,12:38:03.313,B/USDT:USDT,0.5414,6.0,0.5413,5.0,0.5416,66.0,0.5417,2.0
1753533483521,12:38:03.521,B/USDT:USDT,0.5414,6.0,0.5413,5.0,0.5416,66.0,0.5417,2.0
1753533483847,12:38:03.847,B/USDT:USDT,0.5414,6.0,0.5413,5.0,0.5416,66.0,0.5417,2.0
1753533483978,12:38:03.978,B/USDT:USDT,0.5414,6.0,0.5413,5.0,0.5416,66.0,0.5417,2.0
1753533484433,12:38:04.433,B/USDT:USDT,0.5414,6.0,0.5413,5.0,0.5416,66.0,0.5417,2.0
1753533484507,12:38:04.507,B/USDT:USDT,0.5414,6.0,0.5413,5.0,0.5416,66.0,0.5417,2.0
1753533484577,12:38:04.577,B/USDT:USDT,0.5414,6.0,0.5413,5.0,0.5416,66.0,0.5417,2.0
1753533487166,12:38:07.166,B/USDT:USDT,0.5414,6.0,0.5413,5.0,0.5416,68.0,0.5417,4.0
1753533487276,12:38:07.276,B/USDT:USDT,0.5414,6.0,0.5413,5.0,0.5415,66.0,0.5416,94.0
1753533487378,12:38:07.378,B/USDT:USDT,0.5414,9.0,0.5413,5.0,0.5415,66.0,0.5416,94.0
1753533487598,12:38:07.598,B/USDT:USDT,0.5414,9.0,0.5413,5.0,0.5415,66.0,0.5416,94.0
1753533488343,12:38:08.343,B/USDT:USDT,0.5414,9.0,0.5413,5.0,0.5415,66.0,0.5416,94.0
1753533488423,12:38:08.423,B/USDT:USDT,0.5414,9.0,0.5413,5.0,0.5415,66.0,0.5416,94.0
1753533489451,12:38:09.451,B/USDT:USDT,0.5409,5.0,0.5408,10.0,0.5414,5.0,0.5415,68.0
1753533489506,12:38:09.506,B/USDT:USDT,0.5409,7.0,0.5408,10.0,0.5413,71.0,0.5414,3.0
1753533489575,12:38:09.575,B/USDT:USDT,0.5409,7.0,0.5408,10.0,0.5412,8.0,0.5413,66.0
1753533489717,12:38:09.717,B/USDT:USDT,0.5409,7.0,0.5408,10.0,0.5412,74.0,0.5415,2.0
1753533489785,12:38:09.785,B/USDT:USDT,0.5409,7.0,0.5406,1.0,0.5413,28.0,0.5414,38.0
1753533489858,12:38:09.858,B/USDT:USDT,0.5409,7.0,0.5405,10.0,0.5413,28.0,0.5414,38.0
1753533490084,12:38:10.084,B/USDT:USDT,0.5409,7.0,0.5405,10.0,0.5413,28.0,0.5414,38.0
1753533490215,12:38:10.215,B/USDT:USDT,0.5409,7.0,0.5405,10.0,0.5413,28.0,0.5414,38.0
1753533490336,12:38:10.336,B/USDT:USDT,0.5409,7.0,0.5405,10.0,0.5413,28.0,0.5414,38.0
1753533490411,12:38:10.411,B/USDT:USDT,0.5409,7.0,0.5405,10.0,0.5413,28.0,0.5414,38.0
1753533490687,12:38:10.687,B/USDT:USDT,0.5409,9.0,0.5405,10.0,0.5413,28.0,0.5414,38.0
1753533490755,12:38:10.755,B/USDT:USDT,0.5409,9.0,0.5405,10.0,0.5413,28.0,0.5414,38.0
1753533490901,12:38:10.901,B/USDT:USDT,0.5409,9.0,0.5405,10.0,0.5413,28.0,0.5414,38.0
1753533491823,12:38:11.823,B/USDT:USDT,0.5409,9.0,0.5405,10.0,0.5413,28.0,0.5414,38.0
1753533493172,12:38:13.172,B/USDT:USDT,0.5409,9.0,0.5405,117.0,0.5413,28.0,0.5414,38.0
1753533493328,12:38:13.328,B/USDT:USDT,0.5409,9.0,0.5406,3.0,0.5413,28.0,0.5414,38.0
1753533494225,12:38:14.225,B/USDT:USDT,0.5409,9.0,0.5406,3.0,0.5414,38.0,0.5415,28.0
1753533494561,12:38:14.561,B/USDT:USDT,0.5409,9.0,0.5406,3.0,0.5414,38.0,0.5415,28.0
1753533496367,12:38:16.367,B/USDT:USDT,0.5409,9.0,0.5407,66.0,0.5415,66.0,0.5416,92.0
1753533496458,12:38:16.458,B/USDT:USDT,0.5409,9.0,0.5408,3.0,0.5415,66.0,0.5416,92.0
1753533496600,12:38:16.600,B/USDT:USDT,0.5409,9.0,0.5408,3.0,0.5415,66.0,0.5416,92.0
1753533497174,12:38:17.174,B/USDT:USDT,0.5409,9.0,0.5408,3.0,0.5415,66.0,0.5416,92.0
1753533497320,12:38:17.320,B/USDT:USDT,0.5409,9.0,0.5408,3.0,0.5415,66.0,0.5416,92.0
1753533497361,12:38:17.361,B/USDT:USDT,0.5409,9.0,0.5408,3.0,0.5415,66.0,0.5416,92.0
1753533499240,12:38:19.240,B/USDT:USDT,0.5409,9.0,0.5408,3.0,0.5415,158.0,0.5422,58.0
1753533499433,12:38:19.433,B/USDT:USDT,0.5409,9.0,0.5408,3.0,0.5415,158.0,0.5422,58.0
1753533499476,12:38:19.476,B/USDT:USDT,0.5409,9.0,0.5408,3.0,0.5415,158.0,0.5422,58.0
1753533499882,12:38:19.882,B/USDT:USDT,0.5409,9.0,0.5408,3.0,0.5415,158.0,0.5422,58.0
1753533500255,12:38:20.255,B/USDT:USDT,0.5409,9.0,0.5408,3.0,0.5415,158.0,0.5422,58.0
1753533500659,12:38:20.659,B/USDT:USDT,0.5409,9.0,0.5408,3.0,0.5415,158.0,0.5422,58.0
1753533500757,12:38:20.757,B/USDT:USDT,0.5409,9.0,0.5408,3.0,0.5415,158.0,0.5422,58.0
1753533501379,12:38:21.379,B/USDT:USDT,0.5409,9.0,0.5408,3.0,0.5415,158.0,0.5422,58.0
1753533501715,12:38:21.715,B/USDT:USDT,0.5409,9.0,0.5408,3.0,0.5415,148.0,0.5422,58.0
1753533501770,12:38:21.770,B/USDT:USDT,0.5409,9.0,0.5408,3.0,0.5415,148.0,0.5422,58.0
1753533501856,12:38:21.856,B/USDT:USDT,0.5409,9.0,0.5408,3.0,0.5415,148.0,0.5422,58.0
1753533502435,12:38:22.435,B/USDT:USDT,0.5411,5.0,0.541,10.0,0.542,92.0,0.5421,129.0
1753533502536,12:38:22.536,B/USDT:USDT,0.5411,5.0,0.541,10.0,0.5419,66.0,0.542,102.0
1753533502570,12:38:22.570,B/USDT:USDT,0.5411,5.0,0.541,10.0,0.5419,66.0,0.542,102.0
1753533502687,12:38:22.687,B/USDT:USDT,0.5411,5.0,0.541,10.0,0.5419,66.0,0.542,102.0
1753533503339,12:38:23.339,B/USDT:USDT,0.5409,15.0,0.5408,10.0,0.5419,66.0,0.542,92.0
1753533503504,12:38:23.504,B/USDT:USDT,0.5409,15.0,0.5408,10.0,0.5419,66.0,0.542,92.0
1753533503923,12:38:23.923,B/USDT:USDT,0.5409,15.0,0.5408,10.0,0.5419,66.0,0.542,92.0
1753533504086,12:38:24.086,B/USDT:USDT,0.5409,15.0,0.5408,10.0,0.5419,66.0,0.542,92.0
1753533505274,12:38:25.274,B/USDT:USDT,0.5409,5.0,0.5408,10.0,0.5419,66.0,0.542,92.0
1753533506261,12:38:26.261,B/USDT:USDT,0.5409,15.0,0.5408,10.0,0.5419,66.0,0.542,92.0
1753533506872,12:38:26.872,B/USDT:USDT,0.5409,21.0,0.5408,10.0,0.5419,66.0,0.542,92.0
1753533507164,12:38:27.164,B/USDT:USDT,0.5409,21.0,0.5408,10.0,0.5419,66.0,0.542,92.0
1753533507682,12:38:27.682,B/USDT:USDT,0.5409,21.0,0.5408,10.0,0.5419,66.0,0.542,92.0
1753533508239,12:38:28.239,B/USDT:USDT,0.5409,11.0,0.5408,10.0,0.5419,66.0,0.542,92.0
1753533508381,12:38:28.381,B/USDT:USDT,0.5409,11.0,0.5408,10.0,0.5419,66.0,0.542,92.0
1753533509230,12:38:29.230,B/USDT:USDT,0.5409,21.0,0.5408,10.0,0.5419,66.0,0.542,92.0
1753533509965,12:38:29.965,B/USDT:USDT,0.5409,21.0,0.5408,10.0,0.5419,66.0,0.542,92.0
1753533510404,12:38:30.404,B/USDT:USDT,0.5409,21.0,0.5408,10.0,0.5419,66.0,0.542,92.0
1753533511115,12:38:31.115,B/USDT:USDT,0.5409,11.0,0.5408,10.0,0.5419,66.0,0.542,92.0
1753533511219,12:38:31.219,B/USDT:USDT,0.5409,21.0,0.5408,10.0,0.5419,66.0,0.542,92.0
1753533512045,12:38:32.045,B/USDT:USDT,0.5409,21.0,0.5408,10.0,0.5419,66.0,0.542,92.0
1753533512333,12:38:32.333,B/USDT:USDT,0.5409,21.0,0.5408,10.0,0.5419,173.0,0.542,92.0
1753533512436,12:38:32.436,B/USDT:USDT,0.5409,21.0,0.5408,10.0,0.5419,173.0,0.542,92.0
1753533512548,12:38:32.548,B/USDT:USDT,0.5409,21.0,0.5408,10.0,0.5419,66.0,0.542,92.0
1753533512636,12:38:32.636,B/USDT:USDT,0.5409,21.0,0.5408,10.0,0.5419,158.0,0.5422,63.0
1753533512797,12:38:32.797,B/USDT:USDT,0.5409,21.0,0.5408,10.0,0.5419,158.0,0.5422,63.0
1753533512896,12:38:32.896,B/USDT:USDT,0.5409,21.0,0.5408,10.0,0.5419,158.0,0.5422,63.0
1753533513183,12:38:33.183,B/USDT:USDT,0.5409,11.0,0.5408,10.0,0.5419,158.0,0.5422,63.0
1753533513415,12:38:33.415,B/USDT:USDT,0.5409,11.0,0.5408,10.0,0.5419,158.0,0.5421,18.0
1753533513653,12:38:33.653,B/USDT:USDT,0.5409,11.0,0.5408,10.0,0.5419,158.0,0.5421,18.0
1753533513876,12:38:33.876,B/USDT:USDT,0.5409,11.0,0.5408,10.0,0.5419,158.0,0.5422,10.0
1753533514172,12:38:34.172,B/USDT:USDT,0.5409,21.0,0.5408,10.0,0.5419,158.0,0.5422,10.0
1753533515318,12:38:35.318,B/USDT:USDT,0.5409,21.0,0.5408,10.0,0.5419,158.0,0.5422,10.0
1753533515675,12:38:35.675,B/USDT:USDT,0.5409,21.0,0.5408,10.0,0.5419,158.0,0.5422,10.0
1753533516153,12:38:36.153,B/USDT:USDT,0.5409,11.0,0.5408,10.0,0.5419,158.0,0.5422,10.0
1753533516996,12:38:36.996,B/USDT:USDT,0.5409,11.0,0.5408,10.0,0.5419,158.0,0.5422,10.0
1753533517139,12:38:37.139,B/USDT:USDT,0.5409,21.0,0.5408,10.0,0.5419,158.0,0.5422,10.0
1753533517294,12:38:37.294,B/USDT:USDT,0.5409,21.0,0.5408,10.0,0.5419,158.0,0.5422,10.0
1753533517445,12:38:37.445,B/USDT:USDT,0.5409,21.0,0.5408,10.0,0.5419,158.0,0.5422,10.0
1753533518617,12:38:38.617,B/USDT:USDT,0.5409,21.0,0.5408,10.0,0.5419,158.0,0.5422,10.0
1753533518734,12:38:38.734,B/USDT:USDT,0.5409,21.0,0.5408,10.0,0.5419,158.0,0.5422,10.0
1753533518915,12:38:38.915,B/USDT:USDT,0.5409,21.0,0.5408,10.0,0.5419,158.0,0.5422,10.0
1753533519116,12:38:39.116,B/USDT:USDT,0.5409,11.0,0.5408,10.0,0.5419,158.0,0.5422,10.0
1753533520105,12:38:40.105,B/USDT:USDT,0.5409,21.0,0.5408,10.0,0.5419,158.0,0.5422,10.0
1753533521751,12:38:41.751,B/USDT:USDT,0.5409,21.0,0.5408,10.0,0.5419,158.0,0.5422,10.0
1753533521752,12:38:41.752,B/USDT:USDT,0.5409,21.0,0.5408,10.0,0.5419,158.0,0.5422,10.0
1753533521939,12:38:41.939,B/USDT:USDT,0.5409,21.0,0.5408,10.0,0.5419,158.0,0.5422,10.0
1753533522151,12:38:42.151,B/USDT:USDT,0.5409,11.0,0.5408,10.0,0.5419,158.0,0.5422,10.0
1753533523266,12:38:43.266,B/USDT:USDT,0.5409,11.0,0.5408,10.0,0.5419,158.0,0.5422,10.0
1753533523411,12:38:43.411,B/USDT:USDT,0.5409,11.0,0.5408,10.0,0.5419,158.0,0.5422,63.0
1753533523575,12:38:43.575,B/USDT:USDT,0.5409,11.0,0.5408,10.0,0.5419,158.0,0.5422,63.0
1753533523673,12:38:43.673,B/USDT:USDT,0.5409,11.0,0.5408,10.0,0.5419,158.0,0.5422,63.0
1753533527409,12:38:47.409,B/USDT:USDT,0.5409,11.0,0.5408,10.0,0.5419,158.0,0.5422,63.0
1753533527464,12:38:47.464,B/USDT:USDT,0.5409,11.0,0.5408,10.0,0.5419,158.0,0.5422,63.0
1753533527558,12:38:47.558,B/USDT:USDT,0.5409,11.0,0.5408,10.0,0.5419,158.0,0.5422,63.0
1753533529313,12:38:49.313,B/USDT:USDT,0.5409,11.0,0.5408,10.0,0.5419,158.0,0.5422,63.0
1753533529359,12:38:49.359,B/USDT:USDT,0.5409,11.0,0.5408,10.0,0.5419,158.0,0.5422,63.0
1753533529993,12:38:49.993,B/USDT:USDT,0.5409,11.0,0.5406,10.0,0.5419,158.0,0.5422,63.0
1753533530059,12:38:50.059,B/USDT:USDT,0.5409,11.0,0.5406,10.0,0.5419,158.0,0.5422,63.0
1753533530983,12:38:50.983,B/USDT:USDT,0.5409,11.0,0.5406,10.0,0.5419,158.0,0.5422,63.0
1753533532276,12:38:52.276,B/USDT:USDT,0.5409,11.0,0.5406,10.0,0.5419,158.0,0.5422,63.0
1753533533404,12:38:53.404,B/USDT:USDT,0.5409,11.0,0.5406,10.0,0.5419,158.0,0.542,18.0
1753533534184,12:38:54.184,B/USDT:USDT,0.5409,11.0,0.5406,10.0,0.5419,92.0,0.542,84.0
1753533535934,12:38:55.934,B/USDT:USDT,0.5409,21.0,0.5406,10.0,0.5419,92.0,0.542,84.0
1753533536056,12:38:56.056,B/USDT:USDT,0.5409,21.0,0.5406,10.0,0.5419,92.0,0.542,66.0
1753533536249,12:38:56.249,B/USDT:USDT,0.5409,21.0,0.5406,10.0,0.5419,92.0,0.542,66.0
1753533537904,12:38:57.904,B/USDT:USDT,0.5409,11.0,0.5406,10.0,0.5419,92.0,0.542,66.0
1753533537971,12:38:57.971,B/USDT:USDT,0.5409,11.0,0.5406,10.0,0.5419,92.0,0.542,66.0
1753533538059,12:38:58.059,B/USDT:USDT,0.5409,11.0,0.5406,10.0,0.5419,92.0,0.542,66.0
1753533540313,12:39:00.313,B/USDT:USDT,0.5409,11.0,0.5406,10.0,0.5419,92.0,0.542,66.0
1753533540871,12:39:00.871,B/USDT:USDT,0.5409,21.0,0.5406,10.0,0.5419,92.0,0.542,66.0
1753533541795,12:39:01.795,B/USDT:USDT,0.5409,21.0,0.5406,10.0,0.5419,92.0,0.542,84.0
1753533542852,12:39:02.852,B/USDT:USDT,0.5409,11.0,0.5406,10.0,0.5419,92.0,0.542,84.0
1753533544323,12:39:04.323,B/USDT:USDT,0.5409,11.0,0.5406,10.0,0.5419,92.0,0.542,84.0
1753533544741,12:39:04.741,B/USDT:USDT,0.5409,11.0,0.5406,10.0,0.5419,92.0,0.542,84.0
1753533549276,12:39:09.276,B/USDT:USDT,0.5409,11.0,0.5406,10.0,0.5419,92.0,0.542,84.0
1753533549779,12:39:09.779,B/USDT:USDT,0.5409,21.0,0.5406,10.0,0.5419,101.0,0.542,84.0
1753533551026,12:39:11.026,B/USDT:USDT,0.5409,21.0,0.5406,10.0,0.5419,101.0,0.542,84.0
1753533551186,12:39:11.186,B/USDT:USDT,0.5409,21.0,0.5406,10.0,0.5419,101.0,0.542,84.0
1753533551748,12:39:11.748,B/USDT:USDT,0.5409,11.0,0.5406,10.0,0.5419,101.0,0.542,84.0
1753533551885,12:39:11.885,B/USDT:USDT,0.5409,11.0,0.5406,10.0,0.5419,110.0,0.542,84.0
1753533552739,12:39:12.739,B/USDT:USDT,0.5409,21.0,0.5406,10.0,0.5419,110.0,0.542,84.0
1753533553020,12:39:13.020,B/USDT:USDT,0.5409,21.0,0.5406,10.0,0.5419,110.0,0.542,84.0
1753533553440,12:39:13.440,B/USDT:USDT,0.5409,21.0,0.5406,10.0,0.5419,110.0,0.542,84.0
1753533554716,12:39:14.716,B/USDT:USDT,0.5409,11.0,0.5406,10.0,0.5419,110.0,0.542,84.0
1753533555546,12:39:15.546,B/USDT:USDT,0.5409,11.0,0.5406,10.0,0.5419,119.0,0.542,84.0
1753533555704,12:39:15.704,B/USDT:USDT,0.5409,11.0,0.5406,10.0,0.5419,129.0,0.542,84.0
1753533559566,12:39:19.566,B/USDT:USDT,0.5409,11.0,0.5406,10.0,0.5419,129.0,0.542,84.0
1753533559665,12:39:19.665,B/USDT:USDT,0.5409,11.0,0.5406,10.0,0.5419,129.0,0.542,84.0
1753533559759,12:39:19.759,B/USDT:USDT,0.5409,11.0,0.5406,10.0,0.5419,129.0,0.542,84.0
1753533560722,12:39:20.722,B/USDT:USDT,0.5409,11.0,0.5406,10.0,0.5419,111.0,0.542,84.0
1753533561014,12:39:21.014,B/USDT:USDT,0.5409,11.0,0.5406,10.0,0.5419,120.0,0.542,84.0
1753533562626,12:39:22.626,B/USDT:USDT,0.5409,21.0,0.5406,10.0,0.5419,120.0,0.542,18.0
1753533562803,12:39:22.803,B/USDT:USDT,0.5409,21.0,0.5406,10.0,0.5419,129.0,0.5422,58.0
1753533564607,12:39:24.607,B/USDT:USDT,0.5409,11.0,0.5406,10.0,0.5419,129.0,0.5422,58.0
1753533564947,12:39:24.947,B/USDT:USDT,0.5409,11.0,0.5406,10.0,0.5419,111.0,0.5422,58.0
1753533564952,12:39:24.952,B/USDT:USDT,0.5409,11.0,0.5406,10.0,0.5419,102.0,0.5422,58.0
1753533565609,12:39:25.609,B/USDT:USDT,0.5409,21.0,0.5406,10.0,0.5419,102.0,0.5422,58.0
1753533567198,12:39:27.198,B/USDT:USDT,0.5409,21.0,0.5406,10.0,0.5419,102.0,0.5422,58.0
1753533567570,12:39:27.570,B/USDT:USDT,0.5409,11.0,0.5406,10.0,0.5419,102.0,0.5422,58.0
1753533568559,12:39:28.559,B/USDT:USDT,0.5409,21.0,0.5406,10.0,0.5419,102.0,0.5422,58.0
1753533568716,12:39:28.716,B/USDT:USDT,0.5409,21.0,0.5406,10.0,0.5419,102.0,0.5422,58.0
1753533568775,12:39:28.775,B/USDT:USDT,0.5409,21.0,0.5406,10.0,0.5419,102.0,0.5422,58.0
1753533568955,12:39:28.955,B/USDT:USDT,0.5409,21.0,0.5406,10.0,0.5419,102.0,0.5421,66.0
1753533570536,12:39:30.536,B/USDT:USDT,0.5409,11.0,0.5406,10.0,0.5419,102.0,0.5421,66.0
1753533570564,12:39:30.564,B/USDT:USDT,0.5409,11.0,0.5406,10.0,0.5419,102.0,0.5421,66.0
1753533570658,12:39:30.658,B/USDT:USDT,0.5409,11.0,0.5406,10.0,0.5419,102.0,0.5421,66.0
1753533571526,12:39:31.526,B/USDT:USDT,0.5409,21.0,0.5406,10.0,0.5419,102.0,0.5421,66.0
1753533573383,12:39:33.383,B/USDT:USDT,0.5409,21.0,0.5406,10.0,0.5419,102.0,0.5421,66.0
