timestamp,time,symbol,bid1_price,bid1_volume,bid2_price,bid2_volume,ask1_price,ask1_volume,ask2_price,ask2_volume
1753533020000,12:30:20.000,AERGO/USDT:USDT,0.13302,103.0,0.13298,50.0,0.13308,184.0,0.13317,50.0
1753533020192,12:30:20.192,AERGO/USDT:USDT,0.13302,103.0,0.13298,50.0,0.13308,184.0,0.13317,50.0
1753533020322,12:30:20.322,AERGO/USDT:USDT,0.13302,103.0,0.13298,50.0,0.13308,184.0,0.13317,50.0
1753533020420,12:30:20.420,AERGO/USDT:USDT,0.13302,103.0,0.13298,50.0,0.13308,184.0,0.13317,50.0
1753533020491,12:30:20.491,AERGO/USDT:USDT,0.13302,103.0,0.13298,50.0,0.13308,184.0,0.13317,50.0
1753533021916,12:30:21.916,AERGO/USDT:USDT,0.13302,103.0,0.13298,50.0,0.13308,184.0,0.13317,50.0
1753533022525,12:30:22.525,AERGO/USDT:USDT,0.13303,152.0,0.13302,103.0,0.13317,222.0,0.13318,74.0
1753533022592,12:30:22.592,AERGO/USDT:USDT,0.13304,241.0,0.13303,152.0,0.13317,222.0,0.13318,74.0
1753533022722,12:30:22.722,AERGO/USDT:USDT,0.13304,241.0,0.13303,152.0,0.13317,222.0,0.13318,74.0
1753533023011,12:30:23.011,AERGO/USDT:USDT,0.13304,241.0,0.13303,152.0,0.13317,222.0,0.13318,74.0
1753533023141,12:30:23.141,AERGO/USDT:USDT,0.13304,241.0,0.13303,152.0,0.13317,222.0,0.13318,74.0
1753533023320,12:30:23.320,AERGO/USDT:USDT,0.13304,241.0,0.13303,152.0,0.13317,222.0,0.13318,74.0
1753533023809,12:30:23.809,AERGO/USDT:USDT,0.13304,241.0,0.13303,152.0,0.13317,222.0,0.13318,74.0
1753533023899,12:30:23.899,AERGO/USDT:USDT,0.13304,241.0,0.13303,152.0,0.13317,222.0,0.13318,74.0
1753533024035,12:30:24.035,AERGO/USDT:USDT,0.13304,241.0,0.13303,152.0,0.13317,222.0,0.13318,74.0
1753533026320,12:30:26.320,AERGO/USDT:USDT,0.13304,241.0,0.13303,152.0,0.13317,222.0,0.13318,74.0
1753533026421,12:30:26.421,AERGO/USDT:USDT,0.13304,241.0,0.13303,152.0,0.13317,222.0,0.13318,74.0
1753533026432,12:30:26.432,AERGO/USDT:USDT,0.13304,241.0,0.13303,152.0,0.13317,222.0,0.13318,74.0
1753533027311,12:30:27.311,AERGO/USDT:USDT,0.13304,241.0,0.13303,152.0,0.13317,222.0,0.13318,74.0
1753533028792,12:30:28.792,AERGO/USDT:USDT,0.13304,241.0,0.13303,152.0,0.13317,222.0,0.13318,74.0
1753533029157,12:30:29.157,AERGO/USDT:USDT,0.13304,241.0,0.13303,152.0,0.13317,222.0,0.13318,74.0
1753533032214,12:30:32.214,AERGO/USDT:USDT,0.13304,241.0,0.13303,152.0,0.13317,222.0,0.13318,74.0
1753533032231,12:30:32.231,AERGO/USDT:USDT,0.13304,241.0,0.13303,152.0,0.13317,222.0,0.13318,74.0
1753533033003,12:30:33.003,AERGO/USDT:USDT,0.13304,241.0,0.13303,152.0,0.13317,222.0,0.13318,74.0
1753533036929,12:30:36.929,AERGO/USDT:USDT,0.13304,241.0,0.13303,152.0,0.13317,222.0,0.13318,74.0
1753533038011,12:30:38.011,AERGO/USDT:USDT,0.13304,241.0,0.13303,152.0,0.13317,222.0,0.13318,74.0
1753533038102,12:30:38.102,AERGO/USDT:USDT,0.13304,12.0,0.13302,103.0,0.13317,222.0,0.13318,74.0
1753533038143,12:30:38.143,AERGO/USDT:USDT,0.13302,103.0,0.13299,12.0,0.13317,222.0,0.13318,74.0
1753533038448,12:30:38.448,AERGO/USDT:USDT,0.13302,103.0,0.13299,12.0,0.13317,222.0,0.13318,74.0
1753533038608,12:30:38.608,AERGO/USDT:USDT,0.13302,103.0,0.13299,12.0,0.13317,222.0,0.13318,74.0
1753533043514,12:30:43.514,AERGO/USDT:USDT,0.13302,103.0,0.13299,12.0,0.13317,222.0,0.13318,74.0
1753533043687,12:30:43.687,AERGO/USDT:USDT,0.13302,103.0,0.13299,12.0,0.13317,222.0,0.13318,74.0
1753533043816,12:30:43.816,AERGO/USDT:USDT,0.13302,103.0,0.13299,12.0,0.13316,172.0,0.13317,50.0
1753533045184,12:30:45.184,AERGO/USDT:USDT,0.13302,103.0,0.13299,12.0,0.13316,172.0,0.13317,50.0
1753533045313,12:30:45.313,AERGO/USDT:USDT,0.13302,103.0,0.13299,12.0,0.13316,172.0,0.13317,50.0
1753533045569,12:30:45.569,AERGO/USDT:USDT,0.13302,103.0,0.13299,12.0,0.13316,172.0,0.13317,50.0
1753533049612,12:30:49.612,AERGO/USDT:USDT,0.13302,103.0,0.13299,12.0,0.13316,172.0,0.13317,50.0
1753533052643,12:30:52.643,AERGO/USDT:USDT,0.13302,103.0,0.13299,12.0,0.13316,172.0,0.13317,50.0
1753533052746,12:30:52.746,AERGO/USDT:USDT,0.13302,103.0,0.13299,12.0,0.13316,172.0,0.13317,50.0
1753533052981,12:30:52.981,AERGO/USDT:USDT,0.13302,103.0,0.13299,12.0,0.13316,172.0,0.13317,50.0
1753533053115,12:30:53.115,AERGO/USDT:USDT,0.13302,103.0,0.13299,12.0,0.13316,172.0,0.13317,50.0
1753533053130,12:30:53.130,AERGO/USDT:USDT,0.13302,103.0,0.13299,12.0,0.13316,172.0,0.13317,50.0
1753533053406,12:30:53.406,AERGO/USDT:USDT,0.13302,103.0,0.13299,12.0,0.13316,172.0,0.13317,50.0
1753533053712,12:30:53.712,AERGO/USDT:USDT,0.13302,103.0,0.13299,12.0,0.13316,172.0,0.13317,50.0
1753533053915,12:30:53.915,AERGO/USDT:USDT,0.13302,103.0,0.13299,12.0,0.13316,172.0,0.13317,50.0
1753533055175,12:30:55.175,AERGO/USDT:USDT,0.13302,103.0,0.13299,12.0,0.13316,172.0,0.13317,50.0
1753533060394,12:31:00.394,AERGO/USDT:USDT,0.13302,103.0,0.13299,12.0,0.13316,172.0,0.13317,50.0
1753533060971,12:31:00.971,AERGO/USDT:USDT,0.13302,103.0,0.13299,12.0,0.13316,172.0,0.13317,50.0
1753533061316,12:31:01.316,AERGO/USDT:USDT,0.13302,103.0,0.13299,12.0,0.13316,172.0,0.13317,50.0
1753533061332,12:31:01.332,AERGO/USDT:USDT,0.13302,103.0,0.13299,12.0,0.13316,172.0,0.13317,50.0
1753533061447,12:31:01.447,AERGO/USDT:USDT,0.13302,103.0,0.13299,12.0,0.13316,172.0,0.13317,50.0
1753533063307,12:31:03.307,AERGO/USDT:USDT,0.13302,103.0,0.13299,12.0,0.13316,324.0,0.13317,50.0
1753533063463,12:31:03.463,AERGO/USDT:USDT,0.13302,103.0,0.13299,12.0,0.13316,324.0,0.13317,50.0
1753533067000,12:31:07.000,AERGO/USDT:USDT,0.13302,103.0,0.13299,12.0,0.13315,172.0,0.13316,152.0
1753533067108,12:31:07.108,AERGO/USDT:USDT,0.13302,103.0,0.13299,12.0,0.13315,172.0,0.13316,152.0
1753533072264,12:31:12.264,AERGO/USDT:USDT,0.13302,103.0,0.13299,12.0,0.13315,172.0,0.13317,50.0
1753533072771,12:31:12.771,AERGO/USDT:USDT,0.13302,103.0,0.13299,12.0,0.13316,172.0,0.13317,50.0
1753533073337,12:31:13.337,AERGO/USDT:USDT,0.13302,103.0,0.13299,12.0,0.13316,324.0,0.13317,50.0
1753533076817,12:31:16.817,AERGO/USDT:USDT,0.13302,103.0,0.13299,12.0,0.13316,324.0,0.13317,50.0
1753533077192,12:31:17.192,AERGO/USDT:USDT,0.13302,103.0,0.13299,12.0,0.13316,324.0,0.13317,50.0
1753533078519,12:31:18.519,AERGO/USDT:USDT,0.13302,28.0,0.13299,12.0,0.13316,324.0,0.13317,50.0
1753533078594,12:31:18.594,AERGO/USDT:USDT,0.13302,28.0,0.13299,12.0,0.13315,172.0,0.13316,152.0
1753533078728,12:31:18.728,AERGO/USDT:USDT,0.13302,28.0,0.13299,6.0,0.13315,172.0,0.13316,152.0
1753533078846,12:31:18.846,AERGO/USDT:USDT,0.13302,28.0,0.13299,6.0,0.13315,172.0,0.13316,152.0
1753533078935,12:31:18.935,AERGO/USDT:USDT,0.13302,28.0,0.13298,62.0,0.13315,172.0,0.13316,152.0
1753533079577,12:31:19.577,AERGO/USDT:USDT,0.13302,28.0,0.13298,62.0,0.13315,172.0,0.13316,152.0
1753533082591,12:31:22.591,AERGO/USDT:USDT,0.13302,28.0,0.13298,62.0,0.13315,172.0,0.13316,152.0
1753533082675,12:31:22.675,AERGO/USDT:USDT,0.13302,28.0,0.13298,62.0,0.13315,172.0,0.13316,152.0
1753533083967,12:31:23.967,AERGO/USDT:USDT,0.13302,28.0,0.13298,62.0,0.13315,172.0,0.13316,152.0
1753533084351,12:31:24.351,AERGO/USDT:USDT,0.13302,28.0,0.13298,62.0,0.13315,172.0,0.13316,152.0
1753533092571,12:31:32.571,AERGO/USDT:USDT,0.13302,28.0,0.13298,62.0,0.13315,172.0,0.13316,152.0
1753533092923,12:31:32.923,AERGO/USDT:USDT,0.13302,28.0,0.13298,62.0,0.13315,172.0,0.13316,152.0
1753533108284,12:31:48.284,AERGO/USDT:USDT,0.13302,28.0,0.13298,62.0,0.13315,172.0,0.13316,152.0
1753533108665,12:31:48.665,AERGO/USDT:USDT,0.13302,28.0,0.13298,62.0,0.13315,172.0,0.13316,152.0
1753533113161,12:31:53.161,AERGO/USDT:USDT,0.13302,28.0,0.13298,62.0,0.13315,172.0,0.13316,152.0
1753533113311,12:31:53.311,AERGO/USDT:USDT,0.13302,28.0,0.13298,62.0,0.13315,172.0,0.13316,152.0
1753533122609,12:32:02.609,AERGO/USDT:USDT,0.13302,28.0,0.13298,62.0,0.13315,172.0,0.13316,152.0
1753533122643,12:32:02.643,AERGO/USDT:USDT,0.13302,28.0,0.13298,62.0,0.13315,172.0,0.13316,152.0
1753533124044,12:32:04.044,AERGO/USDT:USDT,0.13302,28.0,0.13298,62.0,0.13315,172.0,0.13316,152.0
1753533124415,12:32:04.415,AERGO/USDT:USDT,0.13302,28.0,0.13298,62.0,0.13315,172.0,0.13316,152.0
1753533124893,12:32:04.893,AERGO/USDT:USDT,0.13302,28.0,0.13298,62.0,0.13315,172.0,0.13316,152.0
1753533130503,12:32:10.503,AERGO/USDT:USDT,0.13303,75.0,0.13302,28.0,0.13315,172.0,0.13317,50.0
1753533130621,12:32:10.621,AERGO/USDT:USDT,0.13303,75.0,0.13302,28.0,0.13315,172.0,0.13317,50.0
1753533130692,12:32:10.692,AERGO/USDT:USDT,0.13303,75.0,0.13302,28.0,0.13316,172.0,0.13317,50.0
1753533131631,12:32:11.631,AERGO/USDT:USDT,0.13303,75.0,0.13302,28.0,0.13316,172.0,0.13317,50.0
1753533138313,12:32:18.313,AERGO/USDT:USDT,0.13303,75.0,0.13302,28.0,0.13316,172.0,0.13317,50.0
1753533138352,12:32:18.352,AERGO/USDT:USDT,0.13303,75.0,0.13302,28.0,0.13316,172.0,0.13317,50.0
1753533138529,12:32:18.529,AERGO/USDT:USDT,0.13303,75.0,0.13302,28.0,0.13316,172.0,0.13317,50.0
1753533138543,12:32:18.543,AERGO/USDT:USDT,0.13303,75.0,0.13302,28.0,0.13316,172.0,0.13317,50.0
1753533140339,12:32:20.339,AERGO/USDT:USDT,0.13303,75.0,0.13302,28.0,0.13316,172.0,0.13317,50.0
1753533140741,12:32:20.741,AERGO/USDT:USDT,0.13303,75.0,0.13302,28.0,0.13316,172.0,0.13317,50.0
1753533142271,12:32:22.271,AERGO/USDT:USDT,0.13303,75.0,0.13302,28.0,0.13316,172.0,0.13317,50.0
1753533148057,12:32:28.057,AERGO/USDT:USDT,0.13303,75.0,0.13302,28.0,0.13316,172.0,0.13317,50.0
1753533153850,12:32:33.850,AERGO/USDT:USDT,0.13303,75.0,0.13302,28.0,0.13316,172.0,0.13317,50.0
1753533156096,12:32:36.096,AERGO/USDT:USDT,0.13303,75.0,0.13302,28.0,0.13316,172.0,0.13317,50.0
1753533156466,12:32:36.466,AERGO/USDT:USDT,0.13303,75.0,0.13302,28.0,0.13316,172.0,0.13317,50.0
1753533156772,12:32:36.772,AERGO/USDT:USDT,0.13303,75.0,0.13302,28.0,0.13316,172.0,0.13317,50.0
1753533156906,12:32:36.906,AERGO/USDT:USDT,0.13302,28.0,0.13298,62.0,0.13316,172.0,0.13317,50.0
1753533157005,12:32:37.005,AERGO/USDT:USDT,0.13303,75.0,0.13302,28.0,0.13316,172.0,0.13317,50.0
1753533159642,12:32:39.642,AERGO/USDT:USDT,0.13303,75.0,0.13302,28.0,0.13316,172.0,0.13317,50.0
1753533170694,12:32:50.694,AERGO/USDT:USDT,0.13298,62.0,0.13297,152.0,0.13316,324.0,0.13317,50.0
1753533170772,12:32:50.772,AERGO/USDT:USDT,0.13298,62.0,0.13297,152.0,0.13315,172.0,0.13316,152.0
1753533171507,12:32:51.507,AERGO/USDT:USDT,0.13298,62.0,0.13297,152.0,0.13315,172.0,0.13316,152.0
1753533171839,12:32:51.839,AERGO/USDT:USDT,0.13298,62.0,0.13297,152.0,0.13315,172.0,0.13316,152.0
1753533172208,12:32:52.208,AERGO/USDT:USDT,0.13298,62.0,0.13297,152.0,0.13315,172.0,0.13316,152.0
1753533173198,12:32:53.198,AERGO/USDT:USDT,0.13298,62.0,0.13297,152.0,0.13315,172.0,0.13316,152.0
1753533179909,12:32:59.909,AERGO/USDT:USDT,0.13298,62.0,0.13297,152.0,0.13315,172.0,0.13316,227.0
1753533180007,12:33:00.007,AERGO/USDT:USDT,0.13298,12.0,0.13294,304.0,0.13315,476.0,0.13316,227.0
1753533180118,12:33:00.118,AERGO/USDT:USDT,0.13295,12.0,0.13294,304.0,0.13315,476.0,0.13316,227.0
1753533180217,12:33:00.217,AERGO/USDT:USDT,0.13295,12.0,0.13294,304.0,0.1331,152.0,0.13314,222.0
1753533180307,12:33:00.307,AERGO/USDT:USDT,0.13295,12.0,0.13294,304.0,0.13309,172.0,0.1331,152.0
1753533180353,12:33:00.353,AERGO/USDT:USDT,0.13295,12.0,0.13294,304.0,0.13309,172.0,0.1331,152.0
1753533180525,12:33:00.525,AERGO/USDT:USDT,0.13295,12.0,0.13294,304.0,0.13309,172.0,0.1331,152.0
1753533180552,12:33:00.552,AERGO/USDT:USDT,0.13295,12.0,0.13294,304.0,0.13309,172.0,0.1331,152.0
1753533180785,12:33:00.785,AERGO/USDT:USDT,0.13295,12.0,0.13294,304.0,0.13309,172.0,0.1331,152.0
1753533181120,12:33:01.120,AERGO/USDT:USDT,0.13295,12.0,0.13294,304.0,0.13309,172.0,0.1331,152.0
1753533181209,12:33:01.209,AERGO/USDT:USDT,0.13295,12.0,0.13294,304.0,0.13309,172.0,0.1331,152.0
1753533181312,12:33:01.312,AERGO/USDT:USDT,0.13295,12.0,0.13294,304.0,0.13309,172.0,0.1331,152.0
1753533181331,12:33:01.331,AERGO/USDT:USDT,0.13295,12.0,0.13294,304.0,0.13309,172.0,0.1331,152.0
1753533184636,12:33:04.636,AERGO/USDT:USDT,0.13295,12.0,0.13294,304.0,0.13309,172.0,0.1331,152.0
1753533187593,12:33:07.593,AERGO/USDT:USDT,0.13295,12.0,0.13294,304.0,0.13309,172.0,0.1331,152.0
1753533187960,12:33:07.960,AERGO/USDT:USDT,0.13295,12.0,0.13294,304.0,0.13309,172.0,0.1331,152.0
1753533190611,12:33:10.611,AERGO/USDT:USDT,0.13295,12.0,0.13294,304.0,0.13309,172.0,0.1331,152.0
1753533190948,12:33:10.948,AERGO/USDT:USDT,0.13295,12.0,0.13294,304.0,0.13309,172.0,0.1331,152.0
1753533191512,12:33:11.512,AERGO/USDT:USDT,0.13295,12.0,0.13294,304.0,0.13309,172.0,0.1331,152.0
1753533191531,12:33:11.531,AERGO/USDT:USDT,0.13295,12.0,0.13294,304.0,0.13309,172.0,0.1331,152.0
1753533194004,12:33:14.004,AERGO/USDT:USDT,0.13295,12.0,0.13294,304.0,0.13309,172.0,0.1331,152.0
1753533197311,12:33:17.311,AERGO/USDT:USDT,0.13295,12.0,0.13294,304.0,0.13309,172.0,0.1331,152.0
1753533198409,12:33:18.409,AERGO/USDT:USDT,0.13295,12.0,0.13294,304.0,0.13309,172.0,0.1331,152.0
1753533198452,12:33:18.452,AERGO/USDT:USDT,0.13295,12.0,0.13294,304.0,0.13309,172.0,0.1331,152.0
1753533203111,12:33:23.111,AERGO/USDT:USDT,0.13295,12.0,0.13294,304.0,0.13309,172.0,0.1331,152.0
1753533203885,12:33:23.885,AERGO/USDT:USDT,0.13295,12.0,0.13294,304.0,0.13309,172.0,0.1331,152.0
1753533204309,12:33:24.309,AERGO/USDT:USDT,0.13295,12.0,0.13294,304.0,0.13309,172.0,0.1331,152.0
1753533206084,12:33:26.084,AERGO/USDT:USDT,0.13295,12.0,0.13294,304.0,0.13309,172.0,0.1331,152.0
1753533206152,12:33:26.152,AERGO/USDT:USDT,0.13295,12.0,0.13294,304.0,0.13309,172.0,0.1331,152.0
1753533206523,12:33:26.523,AERGO/USDT:USDT,0.13295,12.0,0.13294,304.0,0.13309,172.0,0.1331,152.0
1753533206831,12:33:26.831,AERGO/USDT:USDT,0.13295,12.0,0.13294,304.0,0.13309,172.0,0.1331,152.0
1753533219683,12:33:39.683,AERGO/USDT:USDT,0.13295,12.0,0.13294,304.0,0.13309,172.0,0.1331,152.0
1753533220069,12:33:40.069,AERGO/USDT:USDT,0.13295,12.0,0.13294,304.0,0.13309,172.0,0.1331,152.0
1753533220472,12:33:40.472,AERGO/USDT:USDT,0.13295,12.0,0.13294,304.0,0.13309,172.0,0.1331,152.0
1753533225439,12:33:45.439,AERGO/USDT:USDT,0.13295,12.0,0.13294,304.0,0.13309,172.0,0.1331,152.0
1753533225829,12:33:45.829,AERGO/USDT:USDT,0.13295,12.0,0.13294,304.0,0.13309,172.0,0.1331,152.0
1753533225831,12:33:45.831,AERGO/USDT:USDT,0.13295,12.0,0.13294,304.0,0.13309,172.0,0.1331,152.0
1753533226657,12:33:46.657,AERGO/USDT:USDT,0.13295,12.0,0.13294,304.0,0.13309,172.0,0.1331,152.0
1753533235442,12:33:55.442,AERGO/USDT:USDT,0.13295,12.0,0.13294,304.0,0.13309,172.0,0.1331,152.0
1753533235836,12:33:55.836,AERGO/USDT:USDT,0.13295,12.0,0.13294,304.0,0.13309,172.0,0.1331,152.0
1753533239306,12:33:59.306,AERGO/USDT:USDT,0.13295,12.0,0.13288,381.0,0.13309,172.0,0.1331,152.0
1753533239353,12:33:59.353,AERGO/USDT:USDT,0.13289,62.0,0.13288,381.0,0.13309,172.0,0.1331,152.0
1753533239488,12:33:59.488,AERGO/USDT:USDT,0.13291,152.0,0.13289,62.0,0.13309,172.0,0.1331,152.0
1753533239570,12:33:59.570,AERGO/USDT:USDT,0.13294,75.0,0.13292,12.0,0.13309,172.0,0.1331,152.0
1753533239739,12:33:59.739,AERGO/USDT:USDT,0.13294,75.0,0.13292,12.0,0.13309,172.0,0.1331,152.0
1753533240033,12:34:00.033,AERGO/USDT:USDT,0.13294,75.0,0.13292,12.0,0.13309,172.0,0.1331,152.0
1753533240729,12:34:00.729,AERGO/USDT:USDT,0.13294,75.0,0.13292,12.0,0.13309,172.0,0.1331,152.0
1753533250976,12:34:10.976,AERGO/USDT:USDT,0.13294,75.0,0.13292,12.0,0.13309,172.0,0.1331,152.0
1753533251227,12:34:11.227,AERGO/USDT:USDT,0.13294,75.0,0.13292,12.0,0.13309,172.0,0.1331,152.0
1753533251601,12:34:11.601,AERGO/USDT:USDT,0.13294,75.0,0.13292,12.0,0.13309,172.0,0.1331,152.0
1753533252102,12:34:12.102,AERGO/USDT:USDT,0.13294,75.0,0.13292,12.0,0.13309,172.0,0.1331,152.0
1753533252427,12:34:12.427,AERGO/USDT:USDT,0.13294,75.0,0.13292,12.0,0.13309,172.0,0.1331,152.0
1753533253891,12:34:13.891,AERGO/USDT:USDT,0.13294,75.0,0.13292,12.0,0.13309,172.0,0.1331,152.0
1753533256911,12:34:16.911,AERGO/USDT:USDT,0.13292,12.0,0.13291,152.0,0.13309,172.0,0.1331,152.0
1753533257005,12:34:17.005,AERGO/USDT:USDT,0.13292,12.0,0.13291,152.0,0.13308,75.0,0.13309,172.0
1753533257050,12:34:17.050,AERGO/USDT:USDT,0.13292,12.0,0.13291,152.0,0.13308,75.0,0.13309,172.0
1753533257215,12:34:17.215,AERGO/USDT:USDT,0.13292,12.0,0.13291,152.0,0.13307,172.0,0.13308,75.0
1753533257262,12:34:17.262,AERGO/USDT:USDT,0.13292,12.0,0.13291,152.0,0.13307,172.0,0.13308,75.0
1753533257646,12:34:17.646,AERGO/USDT:USDT,0.13292,12.0,0.13291,152.0,0.13307,172.0,0.13308,75.0
1753533257991,12:34:17.991,AERGO/USDT:USDT,0.13292,12.0,0.13291,152.0,0.13307,172.0,0.1331,152.0
1753533258065,12:34:18.065,AERGO/USDT:USDT,0.13292,12.0,0.13291,152.0,0.13307,172.0,0.1331,152.0
1753533258517,12:34:18.517,AERGO/USDT:USDT,0.13292,12.0,0.13291,152.0,0.13307,172.0,0.1331,543.0
1753533258552,12:34:18.552,AERGO/USDT:USDT,0.13292,12.0,0.13291,152.0,0.13307,172.0,0.13308,166.0
1753533259240,12:34:19.240,AERGO/USDT:USDT,0.13292,12.0,0.13291,152.0,0.13307,172.0,0.13308,166.0
1753533259824,12:34:19.824,AERGO/USDT:USDT,0.13292,12.0,0.13291,152.0,0.13307,172.0,0.13308,166.0
1753533259874,12:34:19.874,AERGO/USDT:USDT,0.13292,12.0,0.13291,152.0,0.13307,172.0,0.13309,75.0
1753533260407,12:34:20.407,AERGO/USDT:USDT,0.13292,12.0,0.13291,152.0,0.13307,172.0,0.1331,152.0
1753533261320,12:34:21.320,AERGO/USDT:USDT,0.13294,75.0,0.13292,12.0,0.13307,172.0,0.1331,152.0
1753533261333,12:34:21.333,AERGO/USDT:USDT,0.13294,75.0,0.13292,12.0,0.13307,172.0,0.1331,152.0
1753533261692,12:34:21.692,AERGO/USDT:USDT,0.13294,75.0,0.13292,12.0,0.13307,172.0,0.1331,152.0
1753533262108,12:34:22.108,AERGO/USDT:USDT,0.13294,75.0,0.13292,12.0,0.13307,172.0,0.1331,152.0
1753533266798,12:34:26.798,AERGO/USDT:USDT,0.13294,75.0,0.13292,12.0,0.13309,172.0,0.1331,152.0
1753533266839,12:34:26.839,AERGO/USDT:USDT,0.13294,75.0,0.13292,12.0,0.13309,172.0,0.1331,152.0
1753533266935,12:34:26.935,AERGO/USDT:USDT,0.13294,75.0,0.13292,12.0,0.13309,172.0,0.1331,152.0
1753533267756,12:34:27.756,AERGO/USDT:USDT,0.13294,75.0,0.13292,12.0,0.13309,172.0,0.1331,152.0
1753533267943,12:34:27.943,AERGO/USDT:USDT,0.13294,75.0,0.13292,12.0,0.13309,172.0,0.1331,152.0
1753533268318,12:34:28.318,AERGO/USDT:USDT,0.13294,75.0,0.13292,12.0,0.13309,172.0,0.1331,152.0
1753533278120,12:34:38.120,AERGO/USDT:USDT,0.13294,75.0,0.13292,12.0,0.13309,172.0,0.1331,152.0
1753533278140,12:34:38.140,AERGO/USDT:USDT,0.13294,75.0,0.13292,12.0,0.13309,172.0,0.1331,152.0
1753533281322,12:34:41.322,AERGO/USDT:USDT,0.13292,12.0,0.13287,50.0,0.13309,172.0,0.1331,152.0
1753533281336,12:34:41.336,AERGO/USDT:USDT,0.13287,62.0,0.13286,304.0,0.13309,172.0,0.1331,152.0
1753533281451,12:34:41.451,AERGO/USDT:USDT,0.13287,62.0,0.13286,304.0,0.13309,172.0,0.1331,152.0
1753533281531,12:34:41.531,AERGO/USDT:USDT,0.13287,62.0,0.13286,304.0,0.13309,172.0,0.1331,152.0
1753533281709,12:34:41.709,AERGO/USDT:USDT,0.13294,103.0,0.13291,152.0,0.13309,172.0,0.1331,152.0
1753533281740,12:34:41.740,AERGO/USDT:USDT,0.13294,103.0,0.13292,12.0,0.13309,172.0,0.1331,152.0
1753533281864,12:34:41.864,AERGO/USDT:USDT,0.13294,103.0,0.13292,12.0,0.13309,172.0,0.1331,152.0
1753533282684,12:34:42.684,AERGO/USDT:USDT,0.13294,103.0,0.13292,12.0,0.13309,172.0,0.1331,152.0
1753533283100,12:34:43.100,AERGO/USDT:USDT,0.13294,103.0,0.13292,12.0,0.13309,172.0,0.1331,152.0
1753533283688,12:34:43.688,AERGO/USDT:USDT,0.13294,103.0,0.13292,12.0,0.13309,172.0,0.1331,152.0
1753533284075,12:34:44.075,AERGO/USDT:USDT,0.13294,103.0,0.13292,12.0,0.13309,172.0,0.1331,152.0
1753533287008,12:34:47.008,AERGO/USDT:USDT,0.13294,103.0,0.13292,12.0,0.13309,172.0,0.1331,152.0
1753533287091,12:34:47.091,AERGO/USDT:USDT,0.13294,103.0,0.13292,12.0,0.13309,172.0,0.1331,152.0
1753533295122,12:34:55.122,AERGO/USDT:USDT,0.13294,103.0,0.13292,12.0,0.13309,172.0,0.1331,152.0
1753533295132,12:34:55.132,AERGO/USDT:USDT,0.13294,103.0,0.13292,12.0,0.13309,172.0,0.1331,152.0
1753533297571,12:34:57.571,AERGO/USDT:USDT,0.13294,103.0,0.13292,12.0,0.13309,172.0,0.1331,152.0
1753533298328,12:34:58.328,AERGO/USDT:USDT,0.13297,152.0,0.13294,103.0,0.13309,172.0,0.13314,125.0
1753533298366,12:34:58.366,AERGO/USDT:USDT,0.13298,241.0,0.13297,152.0,0.13313,172.0,0.13314,125.0
1753533298469,12:34:58.469,AERGO/USDT:USDT,0.13298,241.0,0.13297,152.0,0.13313,172.0,0.13314,125.0
1753533298781,12:34:58.781,AERGO/USDT:USDT,0.13298,241.0,0.13297,152.0,0.13313,172.0,0.13314,125.0
1753533299006,12:34:59.006,AERGO/USDT:USDT,0.13298,241.0,0.13297,152.0,0.13313,172.0,0.13314,50.0
1753533299194,12:34:59.194,AERGO/USDT:USDT,0.13298,241.0,0.13297,152.0,0.13313,172.0,0.13314,50.0
1753533299292,12:34:59.292,AERGO/USDT:USDT,0.13298,241.0,0.13297,152.0,0.13313,172.0,0.13314,50.0
1753533299356,12:34:59.356,AERGO/USDT:USDT,0.13298,241.0,0.13297,152.0,0.13313,172.0,0.13314,50.0
1753533299436,12:34:59.436,AERGO/USDT:USDT,0.13298,241.0,0.13297,152.0,0.13313,172.0,0.13314,50.0
1753533299808,12:34:59.808,AERGO/USDT:USDT,0.13298,241.0,0.13297,152.0,0.13313,172.0,0.13314,50.0
1753533300305,12:35:00.305,AERGO/USDT:USDT,0.13298,241.0,0.13297,152.0,0.13313,172.0,0.13314,50.0
1753533300343,12:35:00.343,AERGO/USDT:USDT,0.13298,241.0,0.13297,152.0,0.13313,172.0,0.13314,50.0
1753533300526,12:35:00.526,AERGO/USDT:USDT,0.13298,241.0,0.13297,152.0,0.13313,172.0,0.13314,50.0
1753533300542,12:35:00.542,AERGO/USDT:USDT,0.13298,241.0,0.13297,152.0,0.13313,172.0,0.13314,50.0
1753533302566,12:35:02.566,AERGO/USDT:USDT,0.13298,241.0,0.13297,152.0,0.13313,172.0,0.13314,50.0
1753533302657,12:35:02.657,AERGO/USDT:USDT,0.13298,241.0,0.13297,152.0,0.13313,172.0,0.13314,50.0
1753533302740,12:35:02.740,AERGO/USDT:USDT,0.13298,241.0,0.13297,152.0,0.13313,172.0,0.13314,50.0
1753533302834,12:35:02.834,AERGO/USDT:USDT,0.13298,241.0,0.13297,152.0,0.13313,172.0,0.13314,50.0
1753533304451,12:35:04.451,AERGO/USDT:USDT,0.13298,241.0,0.13297,152.0,0.13313,172.0,0.13314,50.0
1753533304864,12:35:04.864,AERGO/USDT:USDT,0.13298,241.0,0.13297,152.0,0.13313,172.0,0.13314,50.0
1753533306002,12:35:06.002,AERGO/USDT:USDT,0.13298,241.0,0.13297,152.0,0.13313,172.0,0.13314,50.0
1753533306843,12:35:06.843,AERGO/USDT:USDT,0.13298,241.0,0.13297,152.0,0.13313,172.0,0.13314,50.0
1753533307063,12:35:07.063,AERGO/USDT:USDT,0.13298,241.0,0.13297,152.0,0.13313,172.0,0.13314,50.0
1753533308628,12:35:08.628,AERGO/USDT:USDT,0.13298,241.0,0.13297,152.0,0.13313,172.0,0.13314,50.0
1753533308628,12:35:08.628,AERGO/USDT:USDT,0.13298,241.0,0.13297,152.0,0.13313,172.0,0.13314,50.0
1753533311512,12:35:11.512,AERGO/USDT:USDT,0.13298,241.0,0.13297,152.0,0.13313,172.0,0.13314,50.0
1753533311908,12:35:11.908,AERGO/USDT:USDT,0.13298,241.0,0.13297,152.0,0.13313,172.0,0.13314,50.0
1753533315104,12:35:15.104,AERGO/USDT:USDT,0.13298,12.0,0.13294,75.0,0.13313,172.0,0.13314,50.0
1753533315205,12:35:15.205,AERGO/USDT:USDT,0.13294,75.0,0.13292,12.0,0.13313,172.0,0.13314,50.0
1753533315312,12:35:15.312,AERGO/USDT:USDT,0.13294,75.0,0.13292,12.0,0.13313,172.0,0.13314,50.0
1753533315331,12:35:15.331,AERGO/USDT:USDT,0.13294,75.0,0.13292,12.0,0.13313,172.0,0.13314,50.0
1753533315607,12:35:15.607,AERGO/USDT:USDT,0.13294,75.0,0.13292,12.0,0.13313,172.0,0.13314,50.0
1753533317003,12:35:17.003,AERGO/USDT:USDT,0.13294,75.0,0.13292,12.0,0.13313,172.0,0.13314,125.0
1753533317174,12:35:17.174,AERGO/USDT:USDT,0.13294,75.0,0.13292,12.0,0.13313,172.0,0.13314,125.0
1753533317378,12:35:17.378,AERGO/USDT:USDT,0.13295,229.0,0.13294,75.0,0.13313,198.0,0.13314,125.0
1753533317438,12:35:17.438,AERGO/USDT:USDT,0.13296,12.0,0.13295,229.0,0.13313,198.0,0.13314,125.0
1753533320393,12:35:20.393,AERGO/USDT:USDT,0.13296,12.0,0.13295,229.0,0.13313,198.0,0.13314,125.0
1753533321161,12:35:21.161,AERGO/USDT:USDT,0.13296,12.0,0.13295,229.0,0.13313,198.0,0.13314,125.0
1753533321822,12:35:21.822,AERGO/USDT:USDT,0.13296,12.0,0.13295,229.0,0.13313,198.0,0.13314,125.0
1753533321831,12:35:21.831,AERGO/USDT:USDT,0.13296,12.0,0.13295,229.0,0.13313,198.0,0.13314,125.0
1753533322091,12:35:22.091,AERGO/USDT:USDT,0.13296,12.0,0.13295,229.0,0.13313,198.0,0.13314,125.0
1753533322960,12:35:22.960,AERGO/USDT:USDT,0.13296,12.0,0.13295,229.0,0.13313,198.0,0.13314,125.0
1753533323059,12:35:23.059,AERGO/USDT:USDT,0.13297,152.0,0.13296,12.0,0.13313,198.0,0.13314,125.0
1753533323136,12:35:23.136,AERGO/USDT:USDT,0.13298,12.0,0.13297,152.0,0.13313,198.0,0.13314,125.0
1753533323271,12:35:23.271,AERGO/USDT:USDT,0.13298,12.0,0.13297,152.0,0.13313,198.0,0.13314,125.0
1753533323379,12:35:23.379,AERGO/USDT:USDT,0.13298,12.0,0.13297,152.0,0.13313,198.0,0.13314,125.0
1753533323773,12:35:23.773,AERGO/USDT:USDT,0.13298,12.0,0.13297,152.0,0.13313,198.0,0.13314,125.0
1753533324170,12:35:24.170,AERGO/USDT:USDT,0.13298,12.0,0.13297,152.0,0.13313,198.0,0.13314,50.0
1753533326378,12:35:26.378,AERGO/USDT:USDT,0.13302,13.0,0.13298,12.0,0.13313,198.0,0.13314,50.0
1753533326993,12:35:26.993,AERGO/USDT:USDT,0.13302,13.0,0.13298,12.0,0.13313,198.0,0.13314,50.0
1753533328508,12:35:28.508,AERGO/USDT:USDT,0.13298,12.0,0.13297,152.0,0.13313,198.0,0.13314,50.0
1753533328552,12:35:28.552,AERGO/USDT:USDT,0.13298,12.0,0.13297,152.0,0.13313,198.0,0.13314,50.0
1753533329377,12:35:29.377,AERGO/USDT:USDT,0.13298,12.0,0.13297,152.0,0.13313,198.0,0.13314,50.0
1753533330985,12:35:30.985,AERGO/USDT:USDT,0.13298,12.0,0.13297,152.0,0.13313,198.0,0.13314,50.0
1753533331314,12:35:31.314,AERGO/USDT:USDT,0.13298,12.0,0.13297,152.0,0.13313,198.0,0.13314,50.0
1753533335382,12:35:35.382,AERGO/USDT:USDT,0.13298,12.0,0.13297,152.0,0.13313,198.0,0.13314,50.0
1753533338381,12:35:38.381,AERGO/USDT:USDT,0.13298,12.0,0.13297,152.0,0.13313,198.0,0.13314,50.0
1753533339212,12:35:39.212,AERGO/USDT:USDT,0.13298,12.0,0.13297,152.0,0.13313,198.0,0.13314,50.0
1753533341381,12:35:41.381,AERGO/USDT:USDT,0.13298,12.0,0.13297,152.0,0.13313,198.0,0.13314,50.0
1753533344381,12:35:44.381,AERGO/USDT:USDT,0.13305,13.0,0.13298,12.0,0.13313,198.0,0.13314,50.0
1753533344473,12:35:44.473,AERGO/USDT:USDT,0.13305,13.0,0.13298,12.0,0.13313,198.0,0.13314,50.0
1753533344700,12:35:44.700,AERGO/USDT:USDT,0.13305,13.0,0.13298,12.0,0.13313,198.0,0.13314,50.0
1753533345011,12:35:45.011,AERGO/USDT:USDT,0.13305,13.0,0.13298,12.0,0.13312,172.0,0.13313,26.0
1753533345132,12:35:45.132,AERGO/USDT:USDT,0.13305,13.0,0.13298,12.0,0.13312,172.0,0.13313,26.0
1753533345638,12:35:45.638,AERGO/USDT:USDT,0.13298,25.0,0.13297,152.0,0.13312,172.0,0.13313,13.0
1753533345752,12:35:45.752,AERGO/USDT:USDT,0.13298,25.0,0.13297,152.0,0.13312,172.0,0.13313,13.0
1753533345954,12:35:45.954,AERGO/USDT:USDT,0.13298,25.0,0.13297,152.0,0.13312,172.0,0.13313,13.0
1753533346045,12:35:46.045,AERGO/USDT:USDT,0.13298,38.0,0.13297,152.0,0.13312,172.0,0.13313,13.0
1753533346668,12:35:46.668,AERGO/USDT:USDT,0.13298,38.0,0.13297,152.0,0.13312,172.0,0.13313,13.0
1753533346780,12:35:46.780,AERGO/USDT:USDT,0.13298,38.0,0.13297,152.0,0.13312,172.0,0.13313,13.0
1753533347022,12:35:47.022,AERGO/USDT:USDT,0.13298,38.0,0.13297,152.0,0.13312,172.0,0.13313,13.0
1753533347377,12:35:47.377,AERGO/USDT:USDT,0.13298,38.0,0.13297,152.0,0.13312,172.0,0.13313,13.0
1753533347435,12:35:47.435,AERGO/USDT:USDT,0.13298,38.0,0.13297,152.0,0.13311,1.0,0.13312,172.0
1753533348001,12:35:48.001,AERGO/USDT:USDT,0.13298,38.0,0.13297,152.0,0.13311,1.0,0.13312,172.0
1753533350552,12:35:50.552,AERGO/USDT:USDT,0.13298,38.0,0.13297,152.0,0.13311,1.0,0.13312,172.0
1753533350792,12:35:50.792,AERGO/USDT:USDT,0.13298,38.0,0.13297,152.0,0.1331,172.0,0.13311,1.0
1753533350838,12:35:50.838,AERGO/USDT:USDT,0.13298,38.0,0.13297,152.0,0.13309,1.0,0.1331,172.0
1753533351245,12:35:51.245,AERGO/USDT:USDT,0.13298,38.0,0.13297,152.0,0.13309,1.0,0.1331,172.0
1753533352074,12:35:52.074,AERGO/USDT:USDT,0.13298,38.0,0.13297,152.0,0.13309,1.0,0.1331,172.0
1753533353379,12:35:53.379,AERGO/USDT:USDT,0.13298,38.0,0.13297,152.0,0.13309,1.0,0.1331,172.0
1753533356380,12:35:56.380,AERGO/USDT:USDT,0.13298,38.0,0.13297,152.0,0.13309,1.0,0.1331,172.0
1753533356591,12:35:56.591,AERGO/USDT:USDT,0.13298,38.0,0.13297,152.0,0.13308,172.0,0.13309,1.0
1753533356651,12:35:56.651,AERGO/USDT:USDT,0.13298,38.0,0.13297,152.0,0.13307,1.0,0.13308,172.0
1753533356897,12:35:56.897,AERGO/USDT:USDT,0.13298,38.0,0.13297,152.0,0.13307,1.0,0.13308,172.0
1753533357177,12:35:57.177,AERGO/USDT:USDT,0.13298,38.0,0.13295,229.0,0.13307,1.0,0.13308,172.0
1753533357241,12:35:57.241,AERGO/USDT:USDT,0.13298,26.0,0.13296,12.0,0.13307,1.0,0.13308,172.0
1753533358326,12:35:58.326,AERGO/USDT:USDT,0.13298,26.0,0.13296,12.0,0.13307,1.0,0.13308,172.0
1753533358408,12:35:58.408,AERGO/USDT:USDT,0.13298,26.0,0.13296,12.0,0.13307,1.0,0.13308,172.0
1753533358520,12:35:58.520,AERGO/USDT:USDT,0.13298,26.0,0.13296,12.0,0.13307,1.0,0.13308,172.0
1753533359379,12:35:59.379,AERGO/USDT:USDT,0.13298,26.0,0.13296,12.0,0.13307,1.0,0.13308,172.0
1753533360417,12:36:00.417,AERGO/USDT:USDT,0.13298,26.0,0.13296,12.0,0.13307,1.0,0.13308,172.0
1753533360452,12:36:00.452,AERGO/USDT:USDT,0.13298,26.0,0.13296,12.0,0.13307,1.0,0.13308,172.0
1753533360572,12:36:00.572,AERGO/USDT:USDT,0.13298,26.0,0.13296,12.0,0.13307,1.0,0.13308,172.0
1753533360822,12:36:00.822,AERGO/USDT:USDT,0.13298,26.0,0.13296,12.0,0.13307,1.0,0.13308,172.0
1753533360878,12:36:00.878,AERGO/USDT:USDT,0.13298,26.0,0.13296,12.0,0.13307,1.0,0.13308,172.0
1753533362392,12:36:02.392,AERGO/USDT:USDT,0.13298,26.0,0.13296,12.0,0.13306,172.0,0.13307,1.0
1753533362441,12:36:02.441,AERGO/USDT:USDT,0.13298,26.0,0.13296,12.0,0.13305,1.0,0.13306,172.0
1753533362551,12:36:02.551,AERGO/USDT:USDT,0.13298,26.0,0.13296,12.0,0.13305,1.0,0.13306,172.0
1753533362720,12:36:02.720,AERGO/USDT:USDT,0.13298,26.0,0.13296,12.0,0.13305,1.0,0.13306,172.0
1753533362811,12:36:02.811,AERGO/USDT:USDT,0.13298,26.0,0.13296,12.0,0.13305,1.0,0.13306,172.0
1753533362831,12:36:02.831,AERGO/USDT:USDT,0.13298,26.0,0.13296,12.0,0.13305,1.0,0.13306,172.0
1753533362975,12:36:02.975,AERGO/USDT:USDT,0.13299,152.0,0.13298,26.0,0.13305,1.0,0.13306,172.0
1753533363124,12:36:03.124,AERGO/USDT:USDT,0.133,12.0,0.13299,152.0,0.13305,1.0,0.13306,172.0
1753533363164,12:36:03.164,AERGO/USDT:USDT,0.133,12.0,0.13299,152.0,0.13305,1.0,0.13306,172.0
1753533363323,12:36:03.323,AERGO/USDT:USDT,0.133,12.0,0.13299,152.0,0.13305,1.0,0.13313,172.0
1753533363392,12:36:03.392,AERGO/USDT:USDT,0.133,12.0,0.13299,152.0,0.13312,1.0,0.13313,172.0
1753533363518,12:36:03.518,AERGO/USDT:USDT,0.133,12.0,0.13299,152.0,0.13312,1.0,0.13313,172.0
1753533363610,12:36:03.610,AERGO/USDT:USDT,0.133,12.0,0.13299,152.0,0.13312,1.0,0.13313,172.0
1753533363698,12:36:03.698,AERGO/USDT:USDT,0.13302,101.0,0.133,12.0,0.13312,1.0,0.13313,172.0
1753533363802,12:36:03.802,AERGO/USDT:USDT,0.13302,101.0,0.133,12.0,0.13312,1.0,0.13313,172.0
1753533363871,12:36:03.871,AERGO/USDT:USDT,0.13302,101.0,0.133,12.0,0.13312,1.0,0.13317,307.0
1753533364007,12:36:04.007,AERGO/USDT:USDT,0.13302,101.0,0.133,12.0,0.13316,1.0,0.13317,307.0
1753533364222,12:36:04.222,AERGO/USDT:USDT,0.13302,101.0,0.133,12.0,0.13316,1.0,0.13317,307.0
1753533364366,12:36:04.366,AERGO/USDT:USDT,0.13302,101.0,0.133,12.0,0.13316,1.0,0.13317,307.0
1753533365679,12:36:05.679,AERGO/USDT:USDT,0.13302,101.0,0.133,12.0,0.13316,1.0,0.13317,307.0
1753533365848,12:36:05.848,AERGO/USDT:USDT,0.13302,101.0,0.133,12.0,0.13316,1.0,0.13317,307.0
1753533366225,12:36:06.225,AERGO/USDT:USDT,0.13302,101.0,0.133,12.0,0.13316,1.0,0.13317,307.0
1753533366267,12:36:06.267,AERGO/USDT:USDT,0.13302,101.0,0.133,12.0,0.13316,1.0,0.13317,307.0
1753533367934,12:36:07.934,AERGO/USDT:USDT,0.13302,101.0,0.133,12.0,0.13316,1.0,0.13317,307.0
1753533368381,12:36:08.381,AERGO/USDT:USDT,0.13302,101.0,0.133,12.0,0.13316,1.0,0.13317,307.0
1753533369005,12:36:09.005,AERGO/USDT:USDT,0.13302,101.0,0.133,12.0,0.13316,1.0,0.13317,307.0
1753533369128,12:36:09.128,AERGO/USDT:USDT,0.13302,101.0,0.133,12.0,0.13316,1.0,0.13317,50.0
1753533369138,12:36:09.138,AERGO/USDT:USDT,0.13302,101.0,0.133,12.0,0.13317,51.0,0.13318,465.0
1753533369877,12:36:09.877,AERGO/USDT:USDT,0.13302,101.0,0.133,12.0,0.13317,51.0,0.13318,465.0
1753533371392,12:36:11.392,AERGO/USDT:USDT,0.13308,13.0,0.13307,26.0,0.13316,172.0,0.13317,51.0
1753533371497,12:36:11.497,AERGO/USDT:USDT,0.13308,13.0,0.13307,26.0,0.13315,1.0,0.13316,172.0
1753533371918,12:36:11.918,AERGO/USDT:USDT,0.13308,13.0,0.13307,26.0,0.13315,1.0,0.13316,172.0
1753533371929,12:36:11.929,AERGO/USDT:USDT,0.13308,13.0,0.13307,26.0,0.13315,1.0,0.13316,172.0
1753533373491,12:36:13.491,AERGO/USDT:USDT,0.13308,13.0,0.13307,26.0,0.13315,1.0,0.13316,172.0
1753533374392,12:36:14.392,AERGO/USDT:USDT,0.13308,13.0,0.13307,26.0,0.13315,1.0,0.13316,172.0
1753533375069,12:36:15.069,AERGO/USDT:USDT,0.13308,13.0,0.13307,26.0,0.13315,1.0,0.13316,172.0
1753533375148,12:36:15.148,AERGO/USDT:USDT,0.13308,13.0,0.13307,26.0,0.13315,1.0,0.13316,172.0
1753533375349,12:36:15.349,AERGO/USDT:USDT,0.13308,13.0,0.13307,26.0,0.13315,1.0,0.13316,172.0
1753533376294,12:36:16.294,AERGO/USDT:USDT,0.13302,75.0,0.133,12.0,0.13315,14.0,0.13316,185.0
1753533376370,12:36:16.370,AERGO/USDT:USDT,0.13302,75.0,0.133,12.0,0.13315,14.0,0.13316,185.0
1753533376499,12:36:16.499,AERGO/USDT:USDT,0.13302,75.0,0.133,12.0,0.13315,186.0,0.13316,13.0
1753533376791,12:36:16.791,AERGO/USDT:USDT,0.13302,75.0,0.133,12.0,0.13315,186.0,0.13316,13.0
1753533377214,12:36:17.214,AERGO/USDT:USDT,0.13302,75.0,0.133,12.0,0.13315,186.0,0.13316,13.0
1753533377252,12:36:17.252,AERGO/USDT:USDT,0.13302,75.0,0.133,12.0,0.13315,186.0,0.13316,13.0
1753533377376,12:36:17.376,AERGO/USDT:USDT,0.13302,75.0,0.133,12.0,0.13315,186.0,0.13316,13.0
1753533378105,12:36:18.105,AERGO/USDT:USDT,0.13302,75.0,0.133,12.0,0.13315,186.0,0.13316,13.0
1753533378464,12:36:18.464,AERGO/USDT:USDT,0.13302,75.0,0.133,12.0,0.13315,186.0,0.13316,13.0
1753533379753,12:36:19.753,AERGO/USDT:USDT,0.13302,75.0,0.133,12.0,0.13315,186.0,0.13316,13.0
1753533380380,12:36:20.380,AERGO/USDT:USDT,0.13302,75.0,0.133,12.0,0.13315,186.0,0.13316,13.0
1753533383376,12:36:23.376,AERGO/USDT:USDT,0.13302,75.0,0.133,12.0,0.13315,186.0,0.13316,13.0
1753533385551,12:36:25.551,AERGO/USDT:USDT,0.13302,75.0,0.133,12.0,0.13315,186.0,0.13316,13.0
1753533386375,12:36:26.375,AERGO/USDT:USDT,0.13302,75.0,0.133,12.0,0.13315,186.0,0.13316,13.0
1753533389380,12:36:29.380,AERGO/USDT:USDT,0.13302,75.0,0.133,12.0,0.13315,199.0,0.13316,26.0
1753533390274,12:36:30.274,AERGO/USDT:USDT,0.13302,75.0,0.133,12.0,0.13315,199.0,0.13316,26.0
1753533390395,12:36:30.395,AERGO/USDT:USDT,0.13302,75.0,0.133,12.0,0.13315,199.0,0.13316,26.0
1753533390476,12:36:30.476,AERGO/USDT:USDT,0.13302,75.0,0.133,12.0,0.13315,199.0,0.13316,26.0
1753533390898,12:36:30.898,AERGO/USDT:USDT,0.13302,75.0,0.133,12.0,0.13315,199.0,0.13316,26.0
1753533391352,12:36:31.352,AERGO/USDT:USDT,0.13302,75.0,0.133,12.0,0.13315,199.0,0.13316,26.0
1753533392379,12:36:32.379,AERGO/USDT:USDT,0.13302,75.0,0.133,12.0,0.13315,199.0,0.13316,26.0
1753533394170,12:36:34.170,AERGO/USDT:USDT,0.13302,75.0,0.133,12.0,0.13315,199.0,0.13316,26.0
1753533394557,12:36:34.557,AERGO/USDT:USDT,0.13302,75.0,0.133,12.0,0.13315,199.0,0.13316,26.0
1753533395381,12:36:35.381,AERGO/USDT:USDT,0.13302,75.0,0.133,12.0,0.13315,199.0,0.13316,26.0
1753533397123,12:36:37.123,AERGO/USDT:USDT,0.13302,75.0,0.133,12.0,0.13315,199.0,0.13316,26.0
1753533397131,12:36:37.131,AERGO/USDT:USDT,0.13302,75.0,0.133,12.0,0.13315,199.0,0.13316,26.0
1753533398377,12:36:38.377,AERGO/USDT:USDT,0.13302,75.0,0.133,12.0,0.13315,199.0,0.13316,26.0
1753533398874,12:36:38.874,AERGO/USDT:USDT,0.13302,75.0,0.133,12.0,0.13315,199.0,0.13316,26.0
1753533401388,12:36:41.388,AERGO/USDT:USDT,0.13302,75.0,0.133,12.0,0.13315,199.0,0.13316,26.0
1753533402912,12:36:42.912,AERGO/USDT:USDT,0.13302,75.0,0.133,12.0,0.13315,199.0,0.13316,26.0
1753533402931,12:36:42.931,AERGO/USDT:USDT,0.13302,75.0,0.133,12.0,0.13315,199.0,0.13316,26.0
1753533404003,12:36:44.003,AERGO/USDT:USDT,0.13302,75.0,0.133,12.0,0.13315,199.0,0.13316,26.0
1753533407379,12:36:47.379,AERGO/USDT:USDT,0.13302,75.0,0.133,12.0,0.13315,199.0,0.13316,26.0
1753533408711,12:36:48.711,AERGO/USDT:USDT,0.13302,75.0,0.133,12.0,0.13315,199.0,0.13316,26.0
1753533409424,12:36:49.424,AERGO/USDT:USDT,0.13302,75.0,0.133,12.0,0.13315,199.0,0.13316,26.0
1753533409467,12:36:49.467,AERGO/USDT:USDT,0.13302,75.0,0.133,12.0,0.13315,199.0,0.13316,26.0
1753533409945,12:36:49.945,AERGO/USDT:USDT,0.13302,75.0,0.133,12.0,0.13315,199.0,0.13316,26.0
1753533410324,12:36:50.324,AERGO/USDT:USDT,0.13302,75.0,0.133,12.0,0.13315,199.0,0.13316,26.0
1753533410571,12:36:50.571,AERGO/USDT:USDT,0.13302,75.0,0.133,12.0,0.13315,199.0,0.13316,26.0
1753533413383,12:36:53.383,AERGO/USDT:USDT,0.13302,75.0,0.133,12.0,0.13315,199.0,0.13316,26.0
1753533414511,12:36:54.511,AERGO/USDT:USDT,0.13302,75.0,0.133,12.0,0.13315,199.0,0.13316,26.0
1753533415314,12:36:55.314,AERGO/USDT:USDT,0.13302,75.0,0.133,12.0,0.13315,199.0,0.13316,26.0
1753533416377,12:36:56.377,AERGO/USDT:USDT,0.13302,75.0,0.133,12.0,0.13315,199.0,0.13316,26.0
1753533418227,12:36:58.227,AERGO/USDT:USDT,0.13302,75.0,0.133,12.0,0.13315,199.0,0.13316,26.0
1753533418232,12:36:58.232,AERGO/USDT:USDT,0.13302,75.0,0.133,12.0,0.13315,199.0,0.13316,26.0
1753533418335,12:36:58.335,AERGO/USDT:USDT,0.13302,75.0,0.133,12.0,0.13315,199.0,0.13316,26.0
1753533419381,12:36:59.381,AERGO/USDT:USDT,0.13302,75.0,0.133,12.0,0.13315,199.0,0.13316,26.0
1753533420312,12:37:00.312,AERGO/USDT:USDT,0.133,12.0,0.13299,152.0,0.13315,199.0,0.13316,26.0
1753533421043,12:37:01.043,AERGO/USDT:USDT,0.133,12.0,0.13299,152.0,0.13315,199.0,0.13316,26.0
1753533425394,12:37:05.394,AERGO/USDT:USDT,0.13306,13.0,0.133,12.0,0.13315,199.0,0.13316,26.0
1753533425452,12:37:05.452,AERGO/USDT:USDT,0.13306,13.0,0.133,12.0,0.13315,199.0,0.13316,26.0
1753533425677,12:37:05.677,AERGO/USDT:USDT,0.13306,13.0,0.133,12.0,0.13315,199.0,0.13316,26.0
1753533426064,12:37:06.064,AERGO/USDT:USDT,0.13306,13.0,0.133,12.0,0.13315,199.0,0.13316,26.0
1753533426297,12:37:06.297,AERGO/USDT:USDT,0.13306,13.0,0.133,12.0,0.13315,199.0,0.13316,26.0
1753533428391,12:37:08.391,AERGO/USDT:USDT,0.13306,13.0,0.133,62.0,0.13315,186.0,0.13316,13.0
1753533428991,12:37:08.991,AERGO/USDT:USDT,0.13306,13.0,0.133,62.0,0.13315,186.0,0.13316,13.0
1753533429200,12:37:09.200,AERGO/USDT:USDT,0.13306,13.0,0.133,62.0,0.13315,186.0,0.13316,13.0
1753533431380,12:37:11.380,AERGO/USDT:USDT,0.13306,13.0,0.133,62.0,0.13315,186.0,0.13316,13.0
1753533432663,12:37:12.663,AERGO/USDT:USDT,0.13306,13.0,0.13305,13.0,0.13315,186.0,0.13316,13.0
1753533433198,12:37:13.198,AERGO/USDT:USDT,0.13306,13.0,0.13305,13.0,0.13315,186.0,0.13316,13.0
1753533433526,12:37:13.526,AERGO/USDT:USDT,0.13306,13.0,0.13305,13.0,0.13315,186.0,0.13316,13.0
1753533434379,12:37:14.379,AERGO/USDT:USDT,0.13306,13.0,0.13305,13.0,0.13315,186.0,0.13316,13.0
1753533434791,12:37:14.791,AERGO/USDT:USDT,0.13306,13.0,0.13305,13.0,0.13315,186.0,0.13316,13.0
1753533436319,12:37:16.319,AERGO/USDT:USDT,0.13306,13.0,0.13305,13.0,0.13315,186.0,0.13316,13.0
1753533436579,12:37:16.579,AERGO/USDT:USDT,0.13306,13.0,0.13305,13.0,0.13315,186.0,0.13316,13.0
1753533436692,12:37:16.692,AERGO/USDT:USDT,0.13306,13.0,0.13305,13.0,0.13315,186.0,0.13316,13.0
1753533437381,12:37:17.381,AERGO/USDT:USDT,0.13306,13.0,0.13305,13.0,0.13315,186.0,0.13316,13.0
1753533441446,12:37:21.446,AERGO/USDT:USDT,0.13306,13.0,0.13305,13.0,0.13315,186.0,0.13316,13.0
1753533441812,12:37:21.812,AERGO/USDT:USDT,0.13306,13.0,0.13305,13.0,0.13315,199.0,0.13316,26.0
1753533442218,12:37:22.218,AERGO/USDT:USDT,0.13306,13.0,0.13305,13.0,0.13315,173.0,0.13317,50.0
1753533442236,12:37:22.236,AERGO/USDT:USDT,0.13306,13.0,0.13305,13.0,0.13315,173.0,0.13317,50.0
1753533443380,12:37:23.380,AERGO/USDT:USDT,0.1331,13.0,0.13309,26.0,0.13315,173.0,0.13317,50.0
1753533443433,12:37:23.433,AERGO/USDT:USDT,0.1331,13.0,0.13309,26.0,0.13315,173.0,0.13317,50.0
1753533444068,12:37:24.068,AERGO/USDT:USDT,0.1331,13.0,0.13309,26.0,0.13315,173.0,0.13317,50.0
1753533445016,12:37:25.016,AERGO/USDT:USDT,0.1331,13.0,0.13309,26.0,0.13315,173.0,0.13317,63.0
1753533445077,12:37:25.077,AERGO/USDT:USDT,0.1331,13.0,0.13309,26.0,0.13315,173.0,0.13317,63.0
1753533446380,12:37:26.380,AERGO/USDT:USDT,0.1331,13.0,0.13309,26.0,0.13315,173.0,0.13317,63.0
1753533449376,12:37:29.376,AERGO/USDT:USDT,0.1331,13.0,0.13309,26.0,0.13315,173.0,0.13317,63.0
1753533449459,12:37:29.459,AERGO/USDT:USDT,0.1331,13.0,0.13309,26.0,0.13315,172.0,0.13317,63.0
1753533450801,12:37:30.801,AERGO/USDT:USDT,0.1331,13.0,0.13309,26.0,0.13315,172.0,0.13317,63.0
1753533452392,12:37:32.392,AERGO/USDT:USDT,0.1331,13.0,0.13309,26.0,0.13315,172.0,0.13317,63.0
1753533453004,12:37:33.004,AERGO/USDT:USDT,0.1331,13.0,0.13309,26.0,0.13315,172.0,0.13317,63.0
1753533455043,12:37:35.043,AERGO/USDT:USDT,0.1331,13.0,0.13309,26.0,0.13316,172.0,0.13317,63.0
1753533455376,12:37:35.376,AERGO/USDT:USDT,0.1331,13.0,0.13309,26.0,0.13316,172.0,0.13317,63.0
1753533457182,12:37:37.182,AERGO/USDT:USDT,0.1331,13.0,0.13309,26.0,0.13316,172.0,0.13317,63.0
1753533457245,12:37:37.245,AERGO/USDT:USDT,0.1331,13.0,0.13309,26.0,0.13316,172.0,0.13317,63.0
1753533457554,12:37:37.554,AERGO/USDT:USDT,0.1331,13.0,0.13309,26.0,0.13316,172.0,0.13317,63.0
1753533460834,12:37:40.834,AERGO/USDT:USDT,0.1331,13.0,0.13309,26.0,0.13316,172.0,0.13317,63.0
1753533461385,12:37:41.385,AERGO/USDT:USDT,0.1331,13.0,0.13309,26.0,0.13316,172.0,0.13317,63.0
1753533463391,12:37:43.391,AERGO/USDT:USDT,0.1331,13.0,0.13309,26.0,0.13316,172.0,0.13317,63.0
1753533463541,12:37:43.541,AERGO/USDT:USDT,0.1331,13.0,0.13309,26.0,0.13316,172.0,0.13317,50.0
1753533464377,12:37:44.377,AERGO/USDT:USDT,0.1331,13.0,0.13309,26.0,0.13316,172.0,0.13317,50.0
1753533465328,12:37:45.328,AERGO/USDT:USDT,0.1331,13.0,0.13309,26.0,0.13316,172.0,0.13317,50.0
1753533465352,12:37:45.352,AERGO/USDT:USDT,0.1331,13.0,0.13309,26.0,0.13316,172.0,0.13317,50.0
1753533467008,12:37:47.008,AERGO/USDT:USDT,0.1331,13.0,0.13309,26.0,0.13316,172.0,0.13317,50.0
1753533467380,12:37:47.380,AERGO/USDT:USDT,0.1331,13.0,0.13309,26.0,0.13316,172.0,0.13317,50.0
1753533468101,12:37:48.101,AERGO/USDT:USDT,0.1331,13.0,0.13309,26.0,0.13316,172.0,0.13317,50.0
1753533469524,12:37:49.524,AERGO/USDT:USDT,0.1331,13.0,0.13309,26.0,0.13317,222.0,0.13318,74.0
1753533470377,12:37:50.377,AERGO/USDT:USDT,0.13312,13.0,0.13311,13.0,0.13317,222.0,0.13318,74.0
1753533470445,12:37:50.445,AERGO/USDT:USDT,0.13312,13.0,0.13311,13.0,0.13317,222.0,0.13318,74.0
1753533470599,12:37:50.599,AERGO/USDT:USDT,0.13312,13.0,0.13311,13.0,0.13317,222.0,0.13318,74.0
1753533470631,12:37:50.631,AERGO/USDT:USDT,0.13312,13.0,0.13311,13.0,0.13317,222.0,0.13318,74.0
1753533471003,12:37:51.003,AERGO/USDT:USDT,0.13312,13.0,0.13311,13.0,0.13317,222.0,0.13318,74.0
1753533472919,12:37:52.919,AERGO/USDT:USDT,0.13312,13.0,0.13311,13.0,0.13317,222.0,0.13318,74.0
1753533473286,12:37:53.286,AERGO/USDT:USDT,0.13312,13.0,0.13311,13.0,0.13317,222.0,0.13318,74.0
1753533473392,12:37:53.392,AERGO/USDT:USDT,0.13313,13.0,0.13312,26.0,0.13317,222.0,0.13318,74.0
1753533473486,12:37:53.486,AERGO/USDT:USDT,0.13313,13.0,0.13312,26.0,0.13317,222.0,0.13318,74.0
1753533473615,12:37:53.615,AERGO/USDT:USDT,0.13313,13.0,0.13312,26.0,0.13317,222.0,0.13318,74.0
1753533473691,12:37:53.691,AERGO/USDT:USDT,0.13313,13.0,0.13312,26.0,0.13317,222.0,0.13318,74.0
1753533473798,12:37:53.798,AERGO/USDT:USDT,0.13313,13.0,0.13312,26.0,0.13317,222.0,0.13318,74.0
1753533474212,12:37:54.212,AERGO/USDT:USDT,0.13313,13.0,0.13312,26.0,0.13317,222.0,0.13318,74.0
1753533474492,12:37:54.492,AERGO/USDT:USDT,0.13302,75.0,0.133,62.0,0.13317,222.0,0.13318,74.0
1753533474590,12:37:54.590,AERGO/USDT:USDT,0.13305,152.0,0.13302,75.0,0.13317,222.0,0.13318,74.0
1753533474637,12:37:54.637,AERGO/USDT:USDT,0.13306,12.0,0.13305,152.0,0.13317,222.0,0.13318,74.0
1753533474763,12:37:54.763,AERGO/USDT:USDT,0.13306,12.0,0.13305,152.0,0.13317,222.0,0.13318,74.0
1753533475003,12:37:55.003,AERGO/USDT:USDT,0.13306,12.0,0.13305,152.0,0.13317,222.0,0.13318,74.0
1753533475059,12:37:55.059,AERGO/USDT:USDT,0.13306,12.0,0.13305,152.0,0.13317,222.0,0.13318,74.0
1753533476377,12:37:56.377,AERGO/USDT:USDT,0.13306,12.0,0.13305,152.0,0.13317,235.0,0.13318,87.0
1753533476446,12:37:56.446,AERGO/USDT:USDT,0.13306,12.0,0.13305,152.0,0.13316,1.0,0.13317,222.0
1753533476689,12:37:56.689,AERGO/USDT:USDT,0.13306,25.0,0.13305,152.0,0.13316,1.0,0.13317,222.0
1753533478003,12:37:58.003,AERGO/USDT:USDT,0.13306,25.0,0.13305,152.0,0.13316,1.0,0.13317,222.0
1753533479427,12:37:59.427,AERGO/USDT:USDT,0.1331,13.0,0.13309,13.0,0.13316,1.0,0.13317,222.0
1753533479507,12:37:59.507,AERGO/USDT:USDT,0.1331,13.0,0.13309,13.0,0.13316,1.0,0.13317,222.0
1753533480256,12:38:00.256,AERGO/USDT:USDT,0.1331,13.0,0.13309,26.0,0.13316,1.0,0.13317,222.0
1753533480359,12:38:00.359,AERGO/USDT:USDT,0.1331,13.0,0.13309,26.0,0.13316,1.0,0.13317,222.0
1753533481188,12:38:01.188,AERGO/USDT:USDT,0.1331,13.0,0.13309,26.0,0.13316,1.0,0.13317,222.0
1753533482380,12:38:02.380,AERGO/USDT:USDT,0.1331,13.0,0.13309,26.0,0.13316,1.0,0.13317,222.0
1753533482941,12:38:02.941,AERGO/USDT:USDT,0.1331,13.0,0.13309,26.0,0.13316,1.0,0.13317,235.0
1753533483649,12:38:03.649,AERGO/USDT:USDT,0.13306,12.0,0.13305,152.0,0.13316,1.0,0.13317,235.0
1753533483825,12:38:03.825,AERGO/USDT:USDT,0.13306,25.0,0.13305,152.0,0.13315,172.0,0.13316,1.0
1753533483837,12:38:03.837,AERGO/USDT:USDT,0.13306,25.0,0.13305,152.0,0.13314,1.0,0.13315,172.0
1753533484035,12:38:04.035,AERGO/USDT:USDT,0.13306,25.0,0.13305,152.0,0.13314,1.0,0.13315,172.0
1753533484156,12:38:04.156,AERGO/USDT:USDT,0.13306,25.0,0.13305,152.0,0.13314,14.0,0.13315,172.0
1753533484264,12:38:04.264,AERGO/USDT:USDT,0.13306,25.0,0.13303,229.0,0.13314,27.0,0.13315,172.0
1753533484411,12:38:04.411,AERGO/USDT:USDT,0.13304,12.0,0.13303,229.0,0.13314,27.0,0.13315,172.0
1753533484467,12:38:04.467,AERGO/USDT:USDT,0.13304,12.0,0.13303,229.0,0.13314,27.0,0.13315,172.0
1753533484604,12:38:04.604,AERGO/USDT:USDT,0.13304,12.0,0.13303,229.0,0.13314,199.0,0.13317,50.0
1753533484754,12:38:04.754,AERGO/USDT:USDT,0.13304,12.0,0.13303,229.0,0.13314,199.0,0.13317,50.0
1753533484874,12:38:04.874,AERGO/USDT:USDT,0.13304,12.0,0.13303,229.0,0.13314,199.0,0.13317,50.0
1753533484952,12:38:04.952,AERGO/USDT:USDT,0.13304,12.0,0.13303,229.0,0.13314,199.0,0.13317,50.0
1753533485412,12:38:05.412,AERGO/USDT:USDT,0.13304,12.0,0.13303,229.0,0.13314,199.0,0.13317,50.0
1753533487009,12:38:07.009,AERGO/USDT:USDT,0.13304,12.0,0.13303,229.0,0.13314,199.0,0.13317,50.0
1753533488387,12:38:08.387,AERGO/USDT:USDT,0.13304,12.0,0.13303,229.0,0.13314,199.0,0.13317,50.0
1753533488674,12:38:08.674,AERGO/USDT:USDT,0.13304,12.0,0.13303,229.0,0.13314,199.0,0.13317,50.0
1753533489138,12:38:09.138,AERGO/USDT:USDT,0.13304,12.0,0.13303,229.0,0.13314,199.0,0.13317,50.0
1753533489811,12:38:09.811,AERGO/USDT:USDT,0.13304,12.0,0.13303,229.0,0.13314,199.0,0.13317,50.0
1753533491377,12:38:11.377,AERGO/USDT:USDT,0.13304,12.0,0.13303,229.0,0.13314,199.0,0.13317,50.0
1753533494392,12:38:14.392,AERGO/USDT:USDT,0.13304,12.0,0.13303,229.0,0.13314,199.0,0.13317,50.0
1753533496337,12:38:16.337,AERGO/USDT:USDT,0.13304,12.0,0.13303,229.0,0.13314,199.0,0.13317,50.0
1753533497377,12:38:17.377,AERGO/USDT:USDT,0.13304,12.0,0.13303,229.0,0.13314,199.0,0.13317,50.0
1753533500417,12:38:20.417,AERGO/USDT:USDT,0.13304,12.0,0.13303,229.0,0.13314,199.0,0.13317,50.0
1753533500832,12:38:20.832,AERGO/USDT:USDT,0.13304,12.0,0.13303,229.0,0.13314,199.0,0.13317,50.0
1753533504518,12:38:24.518,AERGO/USDT:USDT,0.13304,12.0,0.13303,229.0,0.13314,199.0,0.13317,50.0
1753533504908,12:38:24.908,AERGO/USDT:USDT,0.13304,12.0,0.13303,229.0,0.13314,199.0,0.13317,50.0
1753533505192,12:38:25.192,AERGO/USDT:USDT,0.13304,12.0,0.13303,229.0,0.13314,199.0,0.13317,50.0
1753533506112,12:38:26.112,AERGO/USDT:USDT,0.13304,12.0,0.13303,229.0,0.13314,199.0,0.13317,50.0
1753533506382,12:38:26.382,AERGO/USDT:USDT,0.13304,12.0,0.13303,229.0,0.13314,199.0,0.13317,50.0
1753533509377,12:38:29.377,AERGO/USDT:USDT,0.13304,12.0,0.13303,229.0,0.13314,199.0,0.13317,50.0
1753533512391,12:38:32.391,AERGO/USDT:USDT,0.13304,12.0,0.13303,229.0,0.13314,199.0,0.13317,50.0
1753533515377,12:38:35.377,AERGO/USDT:USDT,0.13304,12.0,0.13303,229.0,0.13314,199.0,0.13317,50.0
1753533518382,12:38:38.382,AERGO/USDT:USDT,0.13304,12.0,0.13303,229.0,0.13314,199.0,0.13317,50.0
1753533520287,12:38:40.287,AERGO/USDT:USDT,0.13304,12.0,0.13303,229.0,0.13314,199.0,0.13317,50.0
1753533520339,12:38:40.339,AERGO/USDT:USDT,0.13304,12.0,0.13303,229.0,0.13314,199.0,0.13317,50.0
1753533520622,12:38:40.622,AERGO/USDT:USDT,0.13304,12.0,0.13303,229.0,0.13314,199.0,0.13317,50.0
1753533521391,12:38:41.391,AERGO/USDT:USDT,0.13307,13.0,0.13306,13.0,0.13314,199.0,0.13317,50.0
1753533521452,12:38:41.452,AERGO/USDT:USDT,0.13307,13.0,0.13306,13.0,0.13314,199.0,0.13317,50.0
1753533521531,12:38:41.531,AERGO/USDT:USDT,0.13307,13.0,0.13306,13.0,0.13314,199.0,0.13317,50.0
1753533522121,12:38:42.121,AERGO/USDT:USDT,0.13306,13.0,0.13304,12.0,0.13314,199.0,0.13317,50.0
1753533522181,12:38:42.181,AERGO/USDT:USDT,0.13306,13.0,0.13304,12.0,0.13314,199.0,0.13317,50.0
1753533523427,12:38:43.427,AERGO/USDT:USDT,0.13306,13.0,0.13304,12.0,0.13314,199.0,0.13317,50.0
1753533523471,12:38:43.471,AERGO/USDT:USDT,0.13306,13.0,0.13304,12.0,0.13314,199.0,0.13317,50.0
1753533524608,12:38:44.608,AERGO/USDT:USDT,0.13304,12.0,0.13303,229.0,0.13313,172.0,0.13314,14.0
1753533524638,12:38:44.638,AERGO/USDT:USDT,0.13304,12.0,0.13303,229.0,0.13312,1.0,0.13313,172.0
1753533525034,12:38:45.034,AERGO/USDT:USDT,0.13304,12.0,0.13303,229.0,0.13312,1.0,0.13313,172.0
1753533525471,12:38:45.471,AERGO/USDT:USDT,0.13304,12.0,0.13303,229.0,0.13312,1.0,0.13313,172.0
1753533526822,12:38:46.822,AERGO/USDT:USDT,0.13304,25.0,0.133,50.0,0.13311,172.0,0.13312,1.0
1753533526841,12:38:46.841,AERGO/USDT:USDT,0.13304,13.0,0.133,62.0,0.1331,1.0,0.13311,172.0
1753533527003,12:38:47.003,AERGO/USDT:USDT,0.13304,13.0,0.133,62.0,0.1331,173.0,0.13314,13.0
1753533527074,12:38:47.074,AERGO/USDT:USDT,0.13304,13.0,0.133,62.0,0.1331,173.0,0.13314,13.0
1753533527389,12:38:47.389,AERGO/USDT:USDT,0.133,62.0,0.13299,152.0,0.1331,173.0,0.13311,13.0
1753533527497,12:38:47.497,AERGO/USDT:USDT,0.133,62.0,0.13299,152.0,0.1331,173.0,0.13311,13.0
1753533527603,12:38:47.603,AERGO/USDT:USDT,0.133,62.0,0.13295,229.0,0.1331,173.0,0.13311,13.0
1753533527636,12:38:47.636,AERGO/USDT:USDT,0.133,50.0,0.13296,12.0,0.1331,173.0,0.13311,13.0
1753533528212,12:38:48.212,AERGO/USDT:USDT,0.13299,152.0,0.13296,12.0,0.1331,173.0,0.13311,13.0
1753533528315,12:38:48.315,AERGO/USDT:USDT,0.133,12.0,0.13299,152.0,0.1331,173.0,0.13311,13.0
1753533528511,12:38:48.511,AERGO/USDT:USDT,0.133,12.0,0.13299,152.0,0.1331,173.0,0.13311,13.0
1753533528531,12:38:48.531,AERGO/USDT:USDT,0.133,12.0,0.13299,152.0,0.1331,173.0,0.13311,13.0
1753533528681,12:38:48.681,AERGO/USDT:USDT,0.133,12.0,0.13299,152.0,0.1331,173.0,0.13311,13.0
1753533528730,12:38:48.730,AERGO/USDT:USDT,0.133,12.0,0.13299,152.0,0.1331,173.0,0.13311,13.0
1753533529123,12:38:49.123,AERGO/USDT:USDT,0.133,25.0,0.13299,152.0,0.1331,173.0,0.13311,13.0
1753533529299,12:38:49.299,AERGO/USDT:USDT,0.133,25.0,0.13299,152.0,0.1331,173.0,0.13311,13.0
1753533529341,12:38:49.341,AERGO/USDT:USDT,0.133,25.0,0.13299,152.0,0.1331,173.0,0.13311,13.0
1753533529548,12:38:49.548,AERGO/USDT:USDT,0.133,25.0,0.13299,152.0,0.1331,173.0,0.13311,13.0
1753533530377,12:38:50.377,AERGO/USDT:USDT,0.133,25.0,0.13299,152.0,0.1331,173.0,0.13311,13.0
1753533531000,12:38:51.000,AERGO/USDT:USDT,0.133,25.0,0.13299,152.0,0.1331,173.0,0.13311,13.0
1753533533384,12:38:53.384,AERGO/USDT:USDT,0.133,25.0,0.13299,152.0,0.1331,173.0,0.13311,13.0
1753533533926,12:38:53.926,AERGO/USDT:USDT,0.133,25.0,0.13299,152.0,0.1331,173.0,0.13311,13.0
1753533536013,12:38:56.013,AERGO/USDT:USDT,0.133,25.0,0.13299,152.0,0.1331,173.0,0.13311,13.0
1753533536175,12:38:56.175,AERGO/USDT:USDT,0.133,25.0,0.13299,152.0,0.1331,173.0,0.13311,13.0
1753533536377,12:38:56.377,AERGO/USDT:USDT,0.133,25.0,0.13299,152.0,0.1331,173.0,0.13311,13.0
1753533537006,12:38:57.006,AERGO/USDT:USDT,0.133,25.0,0.13295,229.0,0.1331,173.0,0.13311,13.0
1753533537042,12:38:57.042,AERGO/USDT:USDT,0.133,13.0,0.13296,12.0,0.1331,173.0,0.13311,13.0
1753533537196,12:38:57.196,AERGO/USDT:USDT,0.133,13.0,0.13296,12.0,0.1331,173.0,0.13311,13.0
1753533538422,12:38:58.422,AERGO/USDT:USDT,0.133,13.0,0.13296,12.0,0.1331,173.0,0.13311,13.0
1753533539286,12:38:59.286,AERGO/USDT:USDT,0.133,13.0,0.13296,12.0,0.1331,186.0,0.13311,13.0
1753533539377,12:38:59.377,AERGO/USDT:USDT,0.133,13.0,0.13296,12.0,0.1331,186.0,0.13311,13.0
1753533540566,12:39:00.566,AERGO/USDT:USDT,0.133,13.0,0.13296,12.0,0.1331,186.0,0.13311,13.0
1753533540908,12:39:00.908,AERGO/USDT:USDT,0.133,13.0,0.13296,12.0,0.1331,186.0,0.13311,13.0
1753533545377,12:39:05.377,AERGO/USDT:USDT,0.133,13.0,0.13296,12.0,0.1331,186.0,0.13311,13.0
1753533545910,12:39:05.910,AERGO/USDT:USDT,0.133,13.0,0.13296,12.0,0.1331,186.0,0.13311,13.0
1753533547334,12:39:07.334,AERGO/USDT:USDT,0.133,26.0,0.13296,12.0,0.1331,186.0,0.13311,13.0
1753533547522,12:39:07.522,AERGO/USDT:USDT,0.133,26.0,0.13296,12.0,0.1331,186.0,0.13311,13.0
1753533547561,12:39:07.561,AERGO/USDT:USDT,0.133,26.0,0.13296,12.0,0.1331,186.0,0.13311,13.0
1753533548309,12:39:08.309,AERGO/USDT:USDT,0.133,26.0,0.13296,12.0,0.1331,186.0,0.13311,13.0
1753533548389,12:39:08.389,AERGO/USDT:USDT,0.133,26.0,0.13297,152.0,0.1331,186.0,0.13311,13.0
1753533548526,12:39:08.526,AERGO/USDT:USDT,0.133,26.0,0.13298,12.0,0.1331,186.0,0.13311,13.0
1753533548592,12:39:08.592,AERGO/USDT:USDT,0.133,26.0,0.13298,12.0,0.1331,186.0,0.13311,13.0
1753533549342,12:39:09.342,AERGO/USDT:USDT,0.133,26.0,0.13298,12.0,0.1331,186.0,0.13311,13.0
1753533549933,12:39:09.933,AERGO/USDT:USDT,0.133,26.0,0.13298,12.0,0.1331,173.0,0.13311,13.0
1753533550584,12:39:10.584,AERGO/USDT:USDT,0.133,26.0,0.13298,12.0,0.1331,173.0,0.13311,13.0
1753533550638,12:39:10.638,AERGO/USDT:USDT,0.133,26.0,0.13298,12.0,0.1331,173.0,0.13311,13.0
1753533551121,12:39:11.121,AERGO/USDT:USDT,0.133,26.0,0.13298,12.0,0.1331,173.0,0.13311,13.0
1753533551382,12:39:11.382,AERGO/USDT:USDT,0.133,26.0,0.13298,12.0,0.1331,173.0,0.13311,13.0
1753533551743,12:39:11.743,AERGO/USDT:USDT,0.133,26.0,0.13298,12.0,0.1331,173.0,0.13311,13.0
1753533552114,12:39:12.114,AERGO/USDT:USDT,0.133,26.0,0.13298,12.0,0.1331,173.0,0.13311,13.0
1753533554377,12:39:14.377,AERGO/USDT:USDT,0.133,26.0,0.13298,12.0,0.1331,173.0,0.13311,13.0
1753533555576,12:39:15.576,AERGO/USDT:USDT,0.133,26.0,0.13298,12.0,0.1331,173.0,0.13311,13.0
1753533557392,12:39:17.392,AERGO/USDT:USDT,0.13304,26.0,0.13303,26.0,0.1331,173.0,0.13311,13.0
1753533557788,12:39:17.788,AERGO/USDT:USDT,0.13304,26.0,0.13303,26.0,0.1331,173.0,0.13311,13.0
1753533558204,12:39:18.204,AERGO/USDT:USDT,0.13304,26.0,0.13303,26.0,0.1331,173.0,0.13311,13.0
1753533560385,12:39:20.385,AERGO/USDT:USDT,0.13304,26.0,0.13303,26.0,0.1331,173.0,0.13316,75.0
1753533560934,12:39:20.934,AERGO/USDT:USDT,0.13304,26.0,0.13303,26.0,0.1331,173.0,0.13312,13.0
1753533563010,12:39:23.010,AERGO/USDT:USDT,0.13304,26.0,0.13303,26.0,0.1331,186.0,0.13311,13.0
1753533563030,12:39:23.030,AERGO/USDT:USDT,0.13304,13.0,0.13303,13.0,0.1331,186.0,0.13311,13.0
1753533563450,12:39:23.450,AERGO/USDT:USDT,0.13304,13.0,0.13303,13.0,0.1331,186.0,0.13311,13.0
1753533564264,12:39:24.264,AERGO/USDT:USDT,0.13304,13.0,0.13303,13.0,0.1331,186.0,0.13311,13.0
1753533566378,12:39:26.378,AERGO/USDT:USDT,0.13304,13.0,0.13303,13.0,0.1331,186.0,0.13311,13.0
1753533567476,12:39:27.476,AERGO/USDT:USDT,0.13304,13.0,0.13303,13.0,0.1331,186.0,0.13311,13.0
1753533567842,12:39:27.842,AERGO/USDT:USDT,0.13304,13.0,0.13303,13.0,0.1331,186.0,0.13311,13.0
1753533569378,12:39:29.378,AERGO/USDT:USDT,0.13304,13.0,0.13303,13.0,0.1331,186.0,0.13311,13.0
1753533570596,12:39:30.596,AERGO/USDT:USDT,0.13304,13.0,0.13303,13.0,0.1331,186.0,0.13311,13.0
1753533570712,12:39:30.712,AERGO/USDT:USDT,0.13304,13.0,0.13303,13.0,0.1331,186.0,0.13311,13.0
1753533571206,12:39:31.206,AERGO/USDT:USDT,0.13304,13.0,0.13303,13.0,0.1331,186.0,0.13311,13.0
1753533576004,12:39:36.004,AERGO/USDT:USDT,0.13304,13.0,0.13303,13.0,0.1331,186.0,0.13311,13.0
1753533578383,12:39:38.383,AERGO/USDT:USDT,0.13304,13.0,0.13303,13.0,0.1331,186.0,0.13311,13.0
1753533581382,12:39:41.382,AERGO/USDT:USDT,0.13304,13.0,0.13303,13.0,0.1331,186.0,0.13311,13.0
1753533581727,12:39:41.727,AERGO/USDT:USDT,0.13304,13.0,0.13303,26.0,0.1331,173.0,0.13317,50.0
1753533581797,12:39:41.797,AERGO/USDT:USDT,0.13304,13.0,0.13303,26.0,0.1331,173.0,0.13317,50.0
1753533581845,12:39:41.845,AERGO/USDT:USDT,0.13304,13.0,0.13303,26.0,0.1331,173.0,0.13317,50.0
1753533582113,12:39:42.113,AERGO/USDT:USDT,0.13304,13.0,0.13303,26.0,0.1331,173.0,0.13317,50.0
1753533582271,12:39:42.271,AERGO/USDT:USDT,0.13304,13.0,0.13303,26.0,0.1331,173.0,0.13317,50.0
1753533582406,12:39:42.406,AERGO/USDT:USDT,0.13304,13.0,0.13303,26.0,0.1331,173.0,0.13317,50.0
1753533582671,12:39:42.671,AERGO/USDT:USDT,0.13304,13.0,0.13303,26.0,0.1331,173.0,0.13317,50.0
1753533582835,12:39:42.835,AERGO/USDT:USDT,0.13304,13.0,0.13303,26.0,0.1331,173.0,0.13317,50.0
1753533583004,12:39:43.004,AERGO/USDT:USDT,0.13304,13.0,0.13303,26.0,0.1331,173.0,0.13317,50.0
1753533583222,12:39:43.222,AERGO/USDT:USDT,0.13304,13.0,0.13303,26.0,0.1331,173.0,0.13317,50.0
1753533583276,12:39:43.276,AERGO/USDT:USDT,0.13304,13.0,0.13303,26.0,0.1331,172.0,0.13317,50.0
1753533583335,12:39:43.335,AERGO/USDT:USDT,0.13304,13.0,0.13303,26.0,0.1331,172.0,0.13317,50.0
1753533583452,12:39:43.452,AERGO/USDT:USDT,0.13304,13.0,0.13303,26.0,0.1331,172.0,0.13317,50.0
1753533583591,12:39:43.591,AERGO/USDT:USDT,0.13304,13.0,0.13303,26.0,0.1331,172.0,0.13317,50.0
1753533584383,12:39:44.383,AERGO/USDT:USDT,0.13306,13.0,0.13305,13.0,0.1331,172.0,0.13317,50.0
1753533584471,12:39:44.471,AERGO/USDT:USDT,0.13306,13.0,0.13305,13.0,0.13316,172.0,0.13317,50.0
1753533584552,12:39:44.552,AERGO/USDT:USDT,0.13306,13.0,0.13305,13.0,0.13316,172.0,0.13317,50.0
1753533584926,12:39:44.926,AERGO/USDT:USDT,0.13306,13.0,0.13305,13.0,0.13316,172.0,0.13317,50.0
1753533585345,12:39:45.345,AERGO/USDT:USDT,0.13306,13.0,0.13305,13.0,0.13316,172.0,0.13317,50.0
1753533585562,12:39:45.562,AERGO/USDT:USDT,0.13306,13.0,0.13305,13.0,0.13316,172.0,0.13317,50.0
1753533585763,12:39:45.763,AERGO/USDT:USDT,0.13306,13.0,0.13305,13.0,0.13316,172.0,0.13317,50.0
1753533586856,12:39:46.856,AERGO/USDT:USDT,0.13306,13.0,0.13305,13.0,0.13316,172.0,0.13317,50.0
1753533587382,12:39:47.382,AERGO/USDT:USDT,0.13309,26.0,0.13308,26.0,0.13316,172.0,0.13317,50.0
1753533588187,12:39:48.187,AERGO/USDT:USDT,0.13309,26.0,0.13308,26.0,0.13316,172.0,0.13317,50.0
1753533588267,12:39:48.267,AERGO/USDT:USDT,0.13309,26.0,0.13308,26.0,0.13316,172.0,0.13317,50.0
1753533589772,12:39:49.772,AERGO/USDT:USDT,0.13309,26.0,0.13308,26.0,0.13316,185.0,0.13317,63.0
1753533590317,12:39:50.317,AERGO/USDT:USDT,0.13298,62.0,0.13297,152.0,0.13316,198.0,0.13317,76.0
1753533590392,12:39:50.392,AERGO/USDT:USDT,0.13302,75.0,0.13298,62.0,0.13316,185.0,0.13317,63.0
1753533590435,12:39:50.435,AERGO/USDT:USDT,0.13302,75.0,0.13298,62.0,0.13316,185.0,0.13317,63.0
1753533590941,12:39:50.941,AERGO/USDT:USDT,0.13302,75.0,0.13298,62.0,0.13316,185.0,0.13317,63.0
1753533594072,12:39:54.072,AERGO/USDT:USDT,0.13302,75.0,0.13298,62.0,0.13316,185.0,0.13317,63.0
1753533596382,12:39:56.382,AERGO/USDT:USDT,0.13302,75.0,0.13298,62.0,0.13316,198.0,0.13317,63.0
1753533598241,12:39:58.241,AERGO/USDT:USDT,0.13298,62.0,0.13297,152.0,0.13316,198.0,0.13317,63.0
1753533598368,12:39:58.368,AERGO/USDT:USDT,0.13298,62.0,0.13297,152.0,0.13315,172.0,0.13316,26.0
1753533598445,12:39:58.445,AERGO/USDT:USDT,0.13298,62.0,0.13297,152.0,0.13315,172.0,0.13316,26.0
1753533598759,12:39:58.759,AERGO/USDT:USDT,0.13298,62.0,0.13297,152.0,0.13315,172.0,0.13316,26.0
1753533598956,12:39:58.956,AERGO/USDT:USDT,0.13298,62.0,0.13297,152.0,0.13315,172.0,0.13316,26.0
1753533599182,12:39:59.182,AERGO/USDT:USDT,0.13298,62.0,0.13297,152.0,0.13315,172.0,0.13316,26.0
1753533599317,12:39:59.317,AERGO/USDT:USDT,0.13298,62.0,0.13297,152.0,0.13315,172.0,0.13316,26.0
1753533599392,12:39:59.392,AERGO/USDT:USDT,0.13298,62.0,0.13297,152.0,0.13315,172.0,0.13316,26.0
1753533599599,12:39:59.599,AERGO/USDT:USDT,0.13298,62.0,0.13297,152.0,0.13315,172.0,0.13316,26.0
1753533602754,12:40:02.754,AERGO/USDT:USDT,0.13298,62.0,0.13297,152.0,0.13315,172.0,0.13316,26.0
1753533611007,12:40:11.007,AERGO/USDT:USDT,0.13298,62.0,0.13297,152.0,0.13315,172.0,0.13316,26.0
1753533611911,12:40:11.911,AERGO/USDT:USDT,0.13298,62.0,0.13297,152.0,0.13315,172.0,0.13316,26.0
1753533614352,12:40:14.352,AERGO/USDT:USDT,0.13298,62.0,0.13297,152.0,0.13315,172.0,0.13316,26.0
1753533614695,12:40:14.695,AERGO/USDT:USDT,0.13298,62.0,0.13297,152.0,0.13315,172.0,0.13316,26.0
1753533615083,12:40:15.083,AERGO/USDT:USDT,0.13298,62.0,0.13297,152.0,0.13315,172.0,0.13316,26.0
1753533615136,12:40:15.136,AERGO/USDT:USDT,0.13298,62.0,0.13297,152.0,0.13315,172.0,0.13316,26.0
1753533618311,12:40:18.311,AERGO/USDT:USDT,0.13298,62.0,0.13297,152.0,0.13315,172.0,0.13316,26.0
1753533624100,12:40:24.100,AERGO/USDT:USDT,0.13298,62.0,0.13297,152.0,0.13315,172.0,0.13316,26.0
1753533624152,12:40:24.152,AERGO/USDT:USDT,0.13298,62.0,0.13297,152.0,0.13315,172.0,0.13316,26.0
1753533625916,12:40:25.916,AERGO/USDT:USDT,0.13298,62.0,0.13297,152.0,0.13315,172.0,0.13316,26.0
1753533625932,12:40:25.932,AERGO/USDT:USDT,0.13298,62.0,0.13297,152.0,0.13315,172.0,0.13316,26.0
1753533630411,12:40:30.411,AERGO/USDT:USDT,0.13298,62.0,0.13297,152.0,0.13315,172.0,0.13316,26.0
1753533630780,12:40:30.780,AERGO/USDT:USDT,0.13298,62.0,0.13297,152.0,0.13315,172.0,0.13316,26.0
1753533631711,12:40:31.711,AERGO/USDT:USDT,0.13298,62.0,0.13297,152.0,0.13315,172.0,0.13316,26.0
1753533633883,12:40:33.883,AERGO/USDT:USDT,0.13298,62.0,0.13297,152.0,0.13315,172.0,0.13316,26.0
1753533637512,12:40:37.512,AERGO/USDT:USDT,0.13298,62.0,0.13297,152.0,0.13315,172.0,0.13316,26.0
1753533638077,12:40:38.077,AERGO/USDT:USDT,0.13298,62.0,0.13297,152.0,0.13315,172.0,0.13316,101.0
1753533640371,12:40:40.371,AERGO/USDT:USDT,0.13298,62.0,0.13297,152.0,0.13315,172.0,0.13316,101.0
1753533641792,12:40:41.792,AERGO/USDT:USDT,0.13298,62.0,0.13297,152.0,0.13315,172.0,0.13316,101.0
1753533641885,12:40:41.885,AERGO/USDT:USDT,0.13298,62.0,0.13297,152.0,0.13315,172.0,0.13316,101.0
1753533643420,12:40:43.420,AERGO/USDT:USDT,0.13298,62.0,0.13297,152.0,0.13315,172.0,0.13316,101.0
1753533643443,12:40:43.443,AERGO/USDT:USDT,0.13298,62.0,0.13297,152.0,0.13315,172.0,0.13316,101.0
1753533643842,12:40:43.842,AERGO/USDT:USDT,0.13298,62.0,0.13297,152.0,0.13315,172.0,0.13316,101.0
1753533644267,12:40:44.267,AERGO/USDT:USDT,0.13298,62.0,0.13297,152.0,0.13315,172.0,0.13316,101.0
1753533644427,12:40:44.427,AERGO/USDT:USDT,0.13298,62.0,0.13297,152.0,0.13315,172.0,0.13316,101.0
1753533644432,12:40:44.432,AERGO/USDT:USDT,0.13298,62.0,0.13297,152.0,0.13315,172.0,0.13316,101.0
1753533646150,12:40:46.150,AERGO/USDT:USDT,0.13298,62.0,0.13297,152.0,0.13315,172.0,0.13316,101.0
1753533646244,12:40:46.244,AERGO/USDT:USDT,0.13298,62.0,0.13297,152.0,0.13315,172.0,0.13316,101.0
1753533646539,12:40:46.539,AERGO/USDT:USDT,0.13298,62.0,0.13297,152.0,0.13315,172.0,0.13316,101.0
1753533646880,12:40:46.880,AERGO/USDT:USDT,0.13298,62.0,0.13297,152.0,0.13315,172.0,0.13316,101.0
1753533649953,12:40:49.953,AERGO/USDT:USDT,0.13298,62.0,0.13297,152.0,0.13315,172.0,0.13316,253.0
1753533652011,12:40:52.011,AERGO/USDT:USDT,0.13298,62.0,0.13297,152.0,0.13315,172.0,0.13316,253.0
1753533661889,12:41:01.889,AERGO/USDT:USDT,0.13298,62.0,0.13297,152.0,0.13315,172.0,0.13316,253.0
1753533662252,12:41:02.252,AERGO/USDT:USDT,0.13298,62.0,0.13297,152.0,0.13315,172.0,0.13316,253.0
1753533662421,12:41:02.421,AERGO/USDT:USDT,0.13298,62.0,0.13297,152.0,0.13315,172.0,0.13316,253.0
1753533662432,12:41:02.432,AERGO/USDT:USDT,0.13298,62.0,0.13297,152.0,0.13315,172.0,0.13316,253.0
1753533663808,12:41:03.808,AERGO/USDT:USDT,0.13298,62.0,0.13297,152.0,0.13315,172.0,0.13316,26.0
1753533663931,12:41:03.931,AERGO/USDT:USDT,0.13298,62.0,0.13297,152.0,0.13315,172.0,0.13316,101.0
1753533664992,12:41:04.992,AERGO/USDT:USDT,0.13298,62.0,0.13297,152.0,0.13315,172.0,0.13316,101.0
1753533665111,12:41:05.111,AERGO/USDT:USDT,0.13298,62.0,0.13297,152.0,0.13315,172.0,0.13316,253.0
1753533671112,12:41:11.112,AERGO/USDT:USDT,0.13298,62.0,0.13297,152.0,0.13315,172.0,0.13316,253.0
1753533676919,12:41:16.919,AERGO/USDT:USDT,0.13298,62.0,0.13297,152.0,0.13315,172.0,0.13316,253.0
1753533676943,12:41:16.943,AERGO/USDT:USDT,0.13298,62.0,0.13297,152.0,0.13315,172.0,0.13316,253.0
1753533677622,12:41:17.622,AERGO/USDT:USDT,0.13298,62.0,0.13297,152.0,0.13315,172.0,0.13316,253.0
1753533677986,12:41:17.986,AERGO/USDT:USDT,0.13298,62.0,0.13297,152.0,0.13315,172.0,0.13316,253.0
1753533680572,12:41:20.572,AERGO/USDT:USDT,0.13298,62.0,0.13297,152.0,0.13315,172.0,0.13316,253.0
1753533686752,12:41:26.752,AERGO/USDT:USDT,0.13298,62.0,0.13297,152.0,0.13315,172.0,0.13316,253.0
1753533690724,12:41:30.724,AERGO/USDT:USDT,0.13298,34.0,0.13297,152.0,0.13316,253.0,0.13317,63.0
1753533690775,12:41:30.775,AERGO/USDT:USDT,0.13298,36.0,0.13297,152.0,0.13315,11.0,0.13316,253.0
1753533690886,12:41:30.886,AERGO/USDT:USDT,0.13298,36.0,0.13297,152.0,0.13315,11.0,0.13316,253.0
1753533691722,12:41:31.722,AERGO/USDT:USDT,0.13298,36.0,0.13297,152.0,0.13315,11.0,0.13316,253.0
1753533693337,12:41:33.337,AERGO/USDT:USDT,0.13298,36.0,0.13297,152.0,0.13315,11.0,0.13316,253.0
1753533693710,12:41:33.710,AERGO/USDT:USDT,0.13298,36.0,0.13297,152.0,0.13315,11.0,0.13316,253.0
1753533693780,12:41:33.780,AERGO/USDT:USDT,0.13298,36.0,0.13297,152.0,0.13315,11.0,0.13316,253.0
1753533694728,12:41:34.728,AERGO/USDT:USDT,0.13298,36.0,0.13297,152.0,0.13315,11.0,0.13316,253.0
1753533694733,12:41:34.733,AERGO/USDT:USDT,0.13298,36.0,0.13297,152.0,0.13315,11.0,0.13316,253.0
1753533694997,12:41:34.997,AERGO/USDT:USDT,0.13298,36.0,0.13297,152.0,0.13315,11.0,0.13316,253.0
1753533695423,12:41:35.423,AERGO/USDT:USDT,0.13298,36.0,0.13297,152.0,0.13315,183.0,0.13316,253.0
1753533695483,12:41:35.483,AERGO/USDT:USDT,0.13298,36.0,0.13297,152.0,0.13315,183.0,0.13316,253.0
1753533696319,12:41:36.319,AERGO/USDT:USDT,0.13298,36.0,0.13297,152.0,0.13314,172.0,0.13315,11.0
1753533696338,12:41:36.338,AERGO/USDT:USDT,0.13298,36.0,0.13297,152.0,0.13313,11.0,0.13314,172.0
1753533696614,12:41:36.614,AERGO/USDT:USDT,0.13298,36.0,0.13297,152.0,0.13313,11.0,0.13314,172.0
1753533697451,12:41:37.451,AERGO/USDT:USDT,0.13298,36.0,0.13297,152.0,0.13313,11.0,0.13314,172.0
1753533697722,12:41:37.722,AERGO/USDT:USDT,0.13298,36.0,0.13297,152.0,0.13313,11.0,0.13314,172.0
1753533698028,12:41:38.028,AERGO/USDT:USDT,0.13298,36.0,0.13297,152.0,0.13312,172.0,0.13313,11.0
1753533698049,12:41:38.049,AERGO/USDT:USDT,0.13298,48.0,0.13297,152.0,0.13311,11.0,0.13312,172.0
1753533698243,12:41:38.243,AERGO/USDT:USDT,0.13298,48.0,0.13297,152.0,0.13311,11.0,0.13312,172.0
1753533700558,12:41:40.558,AERGO/USDT:USDT,0.13298,48.0,0.13297,152.0,0.13311,11.0,0.13312,172.0
1753533700723,12:41:40.723,AERGO/USDT:USDT,0.13298,48.0,0.13297,152.0,0.13311,11.0,0.13312,172.0
1753533701216,12:41:41.216,AERGO/USDT:USDT,0.13298,48.0,0.13297,152.0,0.1331,172.0,0.13311,11.0
1753533701251,12:41:41.251,AERGO/USDT:USDT,0.13298,60.0,0.13297,152.0,0.13309,11.0,0.1331,172.0
1753533701512,12:41:41.512,AERGO/USDT:USDT,0.13298,60.0,0.13297,152.0,0.13309,11.0,0.1331,172.0
1753533701531,12:41:41.531,AERGO/USDT:USDT,0.13298,60.0,0.13297,152.0,0.13309,11.0,0.1331,172.0
1753533702723,12:41:42.723,AERGO/USDT:USDT,0.13298,60.0,0.13297,152.0,0.13309,11.0,0.1331,172.0
1753533702754,12:41:42.754,AERGO/USDT:USDT,0.13298,60.0,0.13297,152.0,0.13309,11.0,0.1331,172.0
1753533703236,12:41:43.236,AERGO/USDT:USDT,0.13298,60.0,0.13297,152.0,0.13309,11.0,0.1331,172.0
1753533704466,12:41:44.466,AERGO/USDT:USDT,0.13298,60.0,0.13297,152.0,0.13309,11.0,0.1331,172.0
1753533707014,12:41:47.014,AERGO/USDT:USDT,0.13298,60.0,0.13297,152.0,0.13309,11.0,0.1331,172.0
1753533707031,12:41:47.031,AERGO/USDT:USDT,0.13298,60.0,0.13297,152.0,0.13309,11.0,0.1331,172.0
1753533707391,12:41:47.391,AERGO/USDT:USDT,0.13298,60.0,0.13297,152.0,0.13309,11.0,0.1331,172.0
1753533707672,12:41:47.672,AERGO/USDT:USDT,0.13298,60.0,0.13297,152.0,0.13309,11.0,0.1331,172.0
1753533709080,12:41:49.080,AERGO/USDT:USDT,0.13298,60.0,0.13297,152.0,0.13309,11.0,0.1331,172.0
1753533709452,12:41:49.452,AERGO/USDT:USDT,0.13298,60.0,0.13297,152.0,0.13309,11.0,0.1331,172.0
1753533709726,12:41:49.726,AERGO/USDT:USDT,0.13302,24.0,0.13301,24.0,0.13309,11.0,0.1331,172.0
1753533709731,12:41:49.731,AERGO/USDT:USDT,0.13302,24.0,0.13301,24.0,0.13309,11.0,0.1331,172.0
1753533709972,12:41:49.972,AERGO/USDT:USDT,0.13302,24.0,0.13301,24.0,0.13309,11.0,0.1331,172.0
1753533710390,12:41:50.390,AERGO/USDT:USDT,0.13302,24.0,0.13301,24.0,0.13309,11.0,0.1331,172.0
1753533710806,12:41:50.806,AERGO/USDT:USDT,0.13302,24.0,0.13301,24.0,0.13309,11.0,0.1331,172.0
1753533711151,12:41:51.151,AERGO/USDT:USDT,0.13302,24.0,0.13301,24.0,0.13309,11.0,0.1331,172.0
1753533711623,12:41:51.623,AERGO/USDT:USDT,0.13302,24.0,0.13301,24.0,0.13309,11.0,0.1331,172.0
1753533712723,12:41:52.723,AERGO/USDT:USDT,0.13302,24.0,0.13301,24.0,0.13309,11.0,0.1331,172.0
1753533715723,12:41:55.723,AERGO/USDT:USDT,0.13302,24.0,0.13301,24.0,0.13309,11.0,0.1331,172.0
1753533718722,12:41:58.722,AERGO/USDT:USDT,0.13302,24.0,0.13301,24.0,0.13309,11.0,0.1331,172.0
1753533718731,12:41:58.731,AERGO/USDT:USDT,0.13302,24.0,0.13301,24.0,0.13309,11.0,0.1331,172.0
1753533719949,12:41:59.949,AERGO/USDT:USDT,0.13302,24.0,0.13301,24.0,0.13309,23.0,0.1331,184.0
1753533720295,12:42:00.295,AERGO/USDT:USDT,0.13302,24.0,0.13301,24.0,0.13309,23.0,0.1331,184.0
1753533720391,12:42:00.391,AERGO/USDT:USDT,0.13302,24.0,0.13301,24.0,0.13309,11.0,0.1331,172.0
1753533720526,12:42:00.526,AERGO/USDT:USDT,0.13302,24.0,0.13301,24.0,0.13309,11.0,0.1331,184.0
1753533720532,12:42:00.532,AERGO/USDT:USDT,0.13302,24.0,0.13301,24.0,0.13309,11.0,0.1331,196.0
1753533721005,12:42:01.005,AERGO/USDT:USDT,0.13302,24.0,0.13301,24.0,0.13309,11.0,0.1331,196.0
1753533721512,12:42:01.512,AERGO/USDT:USDT,0.13302,24.0,0.13301,24.0,0.13309,11.0,0.1331,196.0
1753533721723,12:42:01.723,AERGO/USDT:USDT,0.13302,24.0,0.13301,24.0,0.13309,11.0,0.1331,196.0
1753533722921,12:42:02.921,AERGO/USDT:USDT,0.13302,12.0,0.13301,12.0,0.13309,11.0,0.1331,196.0
1753533722948,12:42:02.948,AERGO/USDT:USDT,0.13298,36.0,0.13297,152.0,0.13309,11.0,0.1331,184.0
1753533723292,12:42:03.292,AERGO/USDT:USDT,0.13298,36.0,0.13297,152.0,0.13309,11.0,0.1331,184.0
1753533723706,12:42:03.706,AERGO/USDT:USDT,0.13298,36.0,0.13297,152.0,0.13309,11.0,0.1331,184.0
1753533724726,12:42:04.726,AERGO/USDT:USDT,0.13298,36.0,0.13297,152.0,0.13309,11.0,0.1331,184.0
1753533724731,12:42:04.731,AERGO/USDT:USDT,0.13298,36.0,0.13297,152.0,0.13309,11.0,0.1331,184.0
1753533724921,12:42:04.921,AERGO/USDT:USDT,0.13298,36.0,0.13297,152.0,0.13309,11.0,0.1331,184.0
1753533725294,12:42:05.294,AERGO/USDT:USDT,0.13298,36.0,0.13297,152.0,0.13309,11.0,0.1331,184.0
1753533727429,12:42:07.429,AERGO/USDT:USDT,0.13298,36.0,0.13297,152.0,0.13309,11.0,0.1331,184.0
1753533733049,12:42:13.049,AERGO/USDT:USDT,0.13298,36.0,0.13297,152.0,0.13309,11.0,0.1331,184.0
1753533736005,12:42:16.005,AERGO/USDT:USDT,0.13298,36.0,0.13297,152.0,0.13309,11.0,0.1331,184.0
1753533736974,12:42:16.974,AERGO/USDT:USDT,0.13298,36.0,0.13297,152.0,0.13309,11.0,0.1331,184.0
1753533737453,12:42:17.453,AERGO/USDT:USDT,0.13298,36.0,0.13297,152.0,0.13309,11.0,0.1331,184.0
1753533737841,12:42:17.841,AERGO/USDT:USDT,0.13298,36.0,0.13297,152.0,0.13309,11.0,0.1331,184.0
1753533738380,12:42:18.380,AERGO/USDT:USDT,0.13298,36.0,0.13297,152.0,0.13309,11.0,0.1331,184.0
1753533738523,12:42:18.523,AERGO/USDT:USDT,0.13298,36.0,0.13297,152.0,0.13309,11.0,0.1331,184.0
1753533738664,12:42:18.664,AERGO/USDT:USDT,0.13298,36.0,0.13297,152.0,0.13309,11.0,0.1331,184.0
1753533739003,12:42:19.003,AERGO/USDT:USDT,0.13298,36.0,0.13297,152.0,0.13309,11.0,0.1331,184.0
1753533740057,12:42:20.057,AERGO/USDT:USDT,0.13298,36.0,0.13297,152.0,0.13309,11.0,0.1331,184.0
1753533740286,12:42:20.286,AERGO/USDT:USDT,0.13298,36.0,0.13297,152.0,0.13309,11.0,0.1331,184.0
1753533740677,12:42:20.677,AERGO/USDT:USDT,0.13298,36.0,0.13297,152.0,0.13309,11.0,0.1331,184.0
1753533741070,12:42:21.070,AERGO/USDT:USDT,0.13298,36.0,0.13297,152.0,0.13309,11.0,0.1331,184.0
1753533742721,12:42:22.721,AERGO/USDT:USDT,0.13298,36.0,0.13297,152.0,0.13309,11.0,0.1331,184.0
1753533743033,12:42:23.033,AERGO/USDT:USDT,0.13298,36.0,0.13297,152.0,0.13309,11.0,0.1331,184.0
1753533746111,12:42:26.111,AERGO/USDT:USDT,0.13298,36.0,0.13297,152.0,0.13309,11.0,0.1331,184.0
1753533746202,12:42:26.202,AERGO/USDT:USDT,0.13298,36.0,0.13297,152.0,0.13309,11.0,0.1331,172.0
1753533746275,12:42:26.275,AERGO/USDT:USDT,0.13298,36.0,0.13297,152.0,0.13309,11.0,0.1331,172.0
1753533746460,12:42:26.460,AERGO/USDT:USDT,0.13303,176.0,0.13302,24.0,0.13309,11.0,0.1331,172.0
1753533746552,12:42:26.552,AERGO/USDT:USDT,0.13304,2.0,0.13303,176.0,0.13309,11.0,0.1331,172.0
1753533747549,12:42:27.549,AERGO/USDT:USDT,0.13304,2.0,0.13303,176.0,0.13309,11.0,0.1331,172.0
1753533747690,12:42:27.690,AERGO/USDT:USDT,0.13304,2.0,0.13303,176.0,0.13309,11.0,0.1331,172.0
1753533747827,12:42:27.827,AERGO/USDT:USDT,0.13304,2.0,0.13303,176.0,0.13309,11.0,0.1331,172.0
1753533748222,12:42:28.222,AERGO/USDT:USDT,0.13304,2.0,0.13303,176.0,0.13309,11.0,0.1331,172.0
1753533750451,12:42:30.451,AERGO/USDT:USDT,0.13304,2.0,0.13303,176.0,0.13309,11.0,0.1331,172.0
1753533755613,12:42:35.613,AERGO/USDT:USDT,0.13304,2.0,0.13303,176.0,0.13309,11.0,0.1331,172.0
1753533755675,12:42:35.675,AERGO/USDT:USDT,0.13304,2.0,0.13303,176.0,0.13309,11.0,0.1331,172.0
1753533756047,12:42:36.047,AERGO/USDT:USDT,0.13304,2.0,0.13303,176.0,0.13309,11.0,0.1331,172.0
1753533756243,12:42:36.243,AERGO/USDT:USDT,0.13304,2.0,0.13303,176.0,0.13309,11.0,0.1331,172.0
1753533756458,12:42:36.458,AERGO/USDT:USDT,0.13304,2.0,0.13303,176.0,0.13309,11.0,0.1331,172.0
1753533756815,12:42:36.815,AERGO/USDT:USDT,0.13304,2.0,0.13303,176.0,0.13309,11.0,0.1331,172.0
1753533758120,12:42:38.120,AERGO/USDT:USDT,0.13304,2.0,0.13303,24.0,0.13309,11.0,0.1331,172.0
1753533758136,12:42:38.136,AERGO/USDT:USDT,0.13303,24.0,0.13302,24.0,0.13309,11.0,0.1331,172.0
1753533758446,12:42:38.446,AERGO/USDT:USDT,0.13303,24.0,0.13302,24.0,0.13309,11.0,0.1331,172.0
1753533759362,12:42:39.362,AERGO/USDT:USDT,0.13303,24.0,0.13302,24.0,0.13309,11.0,0.1331,184.0
1753533762052,12:42:42.052,AERGO/USDT:USDT,0.13303,24.0,0.13302,24.0,0.13309,11.0,0.1331,184.0
1753533762769,12:42:42.769,AERGO/USDT:USDT,0.13303,24.0,0.13302,24.0,0.13309,11.0,0.1331,184.0
1753533764178,12:42:44.178,AERGO/USDT:USDT,0.13303,24.0,0.13302,24.0,0.13309,11.0,0.1331,172.0
1753533764495,12:42:44.495,AERGO/USDT:USDT,0.13303,24.0,0.13302,24.0,0.13309,11.0,0.1331,172.0
1753533766411,12:42:46.411,AERGO/USDT:USDT,0.13303,24.0,0.13302,24.0,0.13309,11.0,0.1331,184.0
1753533766452,12:42:46.452,AERGO/USDT:USDT,0.13303,24.0,0.13302,24.0,0.13309,11.0,0.1331,184.0
1753533772200,12:42:52.200,AERGO/USDT:USDT,0.13303,24.0,0.13302,24.0,0.13309,11.0,0.1331,184.0
1753533772574,12:42:52.574,AERGO/USDT:USDT,0.13303,24.0,0.13302,24.0,0.13309,11.0,0.1331,184.0
1753533778606,12:42:58.606,AERGO/USDT:USDT,0.13304,152.0,0.13303,24.0,0.13309,11.0,0.1331,184.0
1753533778654,12:42:58.654,AERGO/USDT:USDT,0.13305,2.0,0.13303,24.0,0.13309,11.0,0.1331,184.0
1753533778735,12:42:58.735,AERGO/USDT:USDT,0.13303,24.0,0.13302,24.0,0.13309,11.0,0.1331,184.0
1753533779424,12:42:59.424,AERGO/USDT:USDT,0.13303,24.0,0.13302,24.0,0.13309,11.0,0.1331,184.0
1753533779451,12:42:59.451,AERGO/USDT:USDT,0.13303,24.0,0.13302,24.0,0.13309,11.0,0.1331,172.0
1753533779737,12:42:59.737,AERGO/USDT:USDT,0.13303,24.0,0.13302,24.0,0.13309,11.0,0.1331,172.0
1753533780322,12:43:00.322,AERGO/USDT:USDT,0.13304,152.0,0.13303,24.0,0.13309,11.0,0.1331,172.0
1753533780363,12:43:00.363,AERGO/USDT:USDT,0.13305,2.0,0.13304,152.0,0.13309,11.0,0.1331,172.0
1753533780471,12:43:00.471,AERGO/USDT:USDT,0.13305,2.0,0.13304,152.0,0.13309,11.0,0.13318,172.0
1753533780590,12:43:00.590,AERGO/USDT:USDT,0.13305,2.0,0.13304,152.0,0.13317,11.0,0.13318,172.0
1753533780724,12:43:00.724,AERGO/USDT:USDT,0.13305,2.0,0.13304,152.0,0.13316,172.0,0.13317,11.0
1753533780738,12:43:00.738,AERGO/USDT:USDT,0.13305,2.0,0.13304,152.0,0.13315,11.0,0.13316,172.0
1753533781002,12:43:01.002,AERGO/USDT:USDT,0.13305,2.0,0.13304,152.0,0.13314,57.0,0.13315,11.0
1753533781396,12:43:01.396,AERGO/USDT:USDT,0.13305,2.0,0.13304,152.0,0.13314,57.0,0.13315,11.0
1753533781810,12:43:01.810,AERGO/USDT:USDT,0.13305,2.0,0.13304,152.0,0.13314,57.0,0.13315,11.0
1753533782228,12:43:02.228,AERGO/USDT:USDT,0.13305,2.0,0.13304,152.0,0.13314,57.0,0.13315,11.0
1753533783319,12:43:03.319,AERGO/USDT:USDT,0.13305,2.0,0.13304,152.0,0.13314,57.0,0.13315,11.0
1753533783349,12:43:03.349,AERGO/USDT:USDT,0.13305,2.0,0.13304,152.0,0.13314,57.0,0.13315,11.0
1753533783664,12:43:03.664,AERGO/USDT:USDT,0.13305,2.0,0.13304,152.0,0.13314,69.0,0.13315,11.0
1753533783801,12:43:03.801,AERGO/USDT:USDT,0.13305,2.0,0.13304,152.0,0.13314,57.0,0.13315,11.0
1753533785460,12:43:05.460,AERGO/USDT:USDT,0.13305,2.0,0.13304,152.0,0.13314,57.0,0.13315,11.0
1753533788423,12:43:08.423,AERGO/USDT:USDT,0.13305,2.0,0.13304,152.0,0.13314,57.0,0.13315,11.0
1753533789323,12:43:09.323,AERGO/USDT:USDT,0.13305,2.0,0.13304,152.0,0.13314,57.0,0.13315,11.0
1753533789374,12:43:09.374,AERGO/USDT:USDT,0.13305,2.0,0.13304,152.0,0.13314,57.0,0.13315,11.0
1753533795113,12:43:15.113,AERGO/USDT:USDT,0.13305,2.0,0.13304,152.0,0.13314,57.0,0.13315,11.0
1753533795131,12:43:15.131,AERGO/USDT:USDT,0.13305,2.0,0.13304,152.0,0.13314,57.0,0.13315,11.0
1753533797011,12:43:17.011,AERGO/USDT:USDT,0.13305,2.0,0.13304,152.0,0.13314,57.0,0.13315,11.0
1753533802337,12:43:22.337,AERGO/USDT:USDT,0.13305,2.0,0.13304,152.0,0.13314,57.0,0.13315,11.0
1753533804328,12:43:24.328,AERGO/USDT:USDT,0.13305,2.0,0.13298,34.0,0.13314,69.0,0.13315,315.0
1753533804420,12:43:24.420,AERGO/USDT:USDT,0.13298,36.0,0.13297,152.0,0.13314,57.0,0.13315,315.0
1753533804454,12:43:24.454,AERGO/USDT:USDT,0.13298,36.0,0.13297,152.0,0.13314,57.0,0.13315,315.0
1753533804614,12:43:24.614,AERGO/USDT:USDT,0.13298,36.0,0.13297,152.0,0.13314,57.0,0.13315,315.0
1753533804690,12:43:24.690,AERGO/USDT:USDT,0.13298,36.0,0.13297,152.0,0.13314,57.0,0.13315,315.0
1753533804734,12:43:24.734,AERGO/USDT:USDT,0.13298,36.0,0.13297,152.0,0.13314,57.0,0.13315,315.0
1753533805046,12:43:25.046,AERGO/USDT:USDT,0.13298,36.0,0.13297,152.0,0.13314,57.0,0.13315,315.0
1753533806017,12:43:26.017,AERGO/USDT:USDT,0.13298,36.0,0.13297,152.0,0.13314,57.0,0.13315,315.0
1753533806032,12:43:26.032,AERGO/USDT:USDT,0.13298,36.0,0.13297,152.0,0.13314,57.0,0.13315,315.0
1753533806571,12:43:26.571,AERGO/USDT:USDT,0.13298,36.0,0.13297,152.0,0.13314,57.0,0.13315,315.0
1753533811291,12:43:31.291,AERGO/USDT:USDT,0.13298,36.0,0.13297,152.0,0.13314,57.0,0.13315,315.0
1753533815658,12:43:35.658,AERGO/USDT:USDT,0.13298,36.0,0.13297,152.0,0.13314,57.0,0.13315,315.0
1753533817072,12:43:37.072,AERGO/USDT:USDT,0.13298,36.0,0.13297,152.0,0.13314,57.0,0.13315,315.0
1753533820416,12:43:40.416,AERGO/USDT:USDT,0.13298,36.0,0.13297,152.0,0.13314,57.0,0.13315,315.0
1753533820781,12:43:40.781,AERGO/USDT:USDT,0.13298,36.0,0.13297,152.0,0.13314,57.0,0.13315,315.0
1753533822854,12:43:42.854,AERGO/USDT:USDT,0.13298,36.0,0.13297,152.0,0.13314,57.0,0.13315,315.0
1753533828647,12:43:48.647,AERGO/USDT:USDT,0.13298,36.0,0.13297,152.0,0.13314,57.0,0.13315,315.0
1753533834438,12:43:54.438,AERGO/USDT:USDT,0.13298,36.0,0.13297,152.0,0.13314,57.0,0.13315,315.0
1753533836139,12:43:56.139,AERGO/USDT:USDT,0.13298,36.0,0.13297,152.0,0.13314,57.0,0.13315,315.0
1753533836519,12:43:56.519,AERGO/USDT:USDT,0.13298,36.0,0.13297,152.0,0.13314,57.0,0.13315,315.0
1753533840140,12:44:00.140,AERGO/USDT:USDT,0.13298,36.0,0.13297,152.0,0.13314,57.0,0.13315,315.0
1753533840307,12:44:00.307,AERGO/USDT:USDT,0.13298,36.0,0.13297,152.0,0.13314,57.0,0.13315,11.0
1753533840408,12:44:00.408,AERGO/USDT:USDT,0.13303,152.0,0.13298,36.0,0.13314,57.0,0.13317,11.0
1753533840529,12:44:00.529,AERGO/USDT:USDT,0.13304,26.0,0.13303,152.0,0.13314,57.0,0.13317,5.0
1753533840535,12:44:00.535,AERGO/USDT:USDT,0.13304,26.0,0.13303,152.0,0.13314,57.0,0.13317,11.0
1753533840720,12:44:00.720,AERGO/USDT:USDT,0.13304,26.0,0.13303,152.0,0.13314,69.0,0.13317,11.0
1753533840812,12:44:00.812,AERGO/USDT:USDT,0.13304,26.0,0.13303,152.0,0.13314,69.0,0.13317,11.0
1753533841004,12:44:01.004,AERGO/USDT:USDT,0.13304,26.0,0.13303,152.0,0.13314,69.0,0.13317,11.0
1753533841158,12:44:01.158,AERGO/USDT:USDT,0.13304,26.0,0.13303,152.0,0.13314,69.0,0.13317,11.0
1753533841333,12:44:01.333,AERGO/USDT:USDT,0.13304,26.0,0.13303,152.0,0.13314,69.0,0.13317,11.0
1753533841718,12:44:01.718,AERGO/USDT:USDT,0.13304,26.0,0.13303,152.0,0.13314,69.0,0.13317,11.0
1753533841772,12:44:01.772,AERGO/USDT:USDT,0.13304,26.0,0.13303,152.0,0.13314,69.0,0.13317,11.0
1753533842329,12:44:02.329,AERGO/USDT:USDT,0.13304,26.0,0.13303,152.0,0.13314,81.0,0.13317,11.0
1753533843412,12:44:03.412,AERGO/USDT:USDT,0.13304,26.0,0.13303,152.0,0.13314,81.0,0.13317,11.0
1753533843432,12:44:03.432,AERGO/USDT:USDT,0.13304,26.0,0.13303,152.0,0.13314,81.0,0.13317,11.0
1753533845912,12:44:05.912,AERGO/USDT:USDT,0.13304,26.0,0.13303,152.0,0.13314,81.0,0.13317,11.0
1753533849403,12:44:09.403,AERGO/USDT:USDT,0.13304,26.0,0.13303,152.0,0.13314,81.0,0.13317,11.0
1753533849991,12:44:09.991,AERGO/USDT:USDT,0.13304,26.0,0.13303,152.0,0.13314,81.0,0.13317,11.0
1753533850272,12:44:10.272,AERGO/USDT:USDT,0.13304,26.0,0.13303,152.0,0.13314,81.0,0.13317,11.0
1753533851883,12:44:11.883,AERGO/USDT:USDT,0.13304,26.0,0.13303,152.0,0.13314,81.0,0.13317,11.0
1753533852256,12:44:12.256,AERGO/USDT:USDT,0.13304,26.0,0.13303,152.0,0.13314,81.0,0.13317,11.0
1753533854711,12:44:14.711,AERGO/USDT:USDT,0.13304,26.0,0.13303,152.0,0.13314,81.0,0.13317,11.0
1753533854731,12:44:14.731,AERGO/USDT:USDT,0.13304,26.0,0.13303,152.0,0.13314,81.0,0.13317,11.0
1753533855157,12:44:15.157,AERGO/USDT:USDT,0.13304,26.0,0.13303,152.0,0.13314,81.0,0.13317,11.0
1753533857001,12:44:17.001,AERGO/USDT:USDT,0.13304,26.0,0.13303,152.0,0.13314,81.0,0.13317,11.0
1753533857049,12:44:17.049,AERGO/USDT:USDT,0.13304,26.0,0.13303,152.0,0.13314,81.0,0.13317,11.0
1753533858968,12:44:18.968,AERGO/USDT:USDT,0.13304,26.0,0.13303,152.0,0.13314,81.0,0.13317,11.0
1753533860210,12:44:20.210,AERGO/USDT:USDT,0.13304,26.0,0.13298,34.0,0.13314,81.0,0.13317,11.0
1753533860237,12:44:20.237,AERGO/USDT:USDT,0.13304,24.0,0.13298,36.0,0.13314,81.0,0.13317,11.0
1753533860511,12:44:20.511,AERGO/USDT:USDT,0.13304,24.0,0.13298,36.0,0.13314,81.0,0.13317,11.0
1753533864462,12:44:24.462,AERGO/USDT:USDT,0.13304,12.0,0.13298,36.0,0.13314,81.0,0.13317,11.0
1753533864555,12:44:24.555,AERGO/USDT:USDT,0.13304,24.0,0.13298,36.0,0.13314,57.0,0.13317,11.0
1753533866312,12:44:26.312,AERGO/USDT:USDT,0.13304,24.0,0.13298,36.0,0.13314,57.0,0.13317,11.0
1753533867633,12:44:27.633,AERGO/USDT:USDT,0.13304,24.0,0.13298,36.0,0.13314,57.0,0.13317,11.0
1753533868010,12:44:28.010,AERGO/USDT:USDT,0.13304,24.0,0.13298,36.0,0.13314,69.0,0.13317,11.0
1753533872093,12:44:32.093,AERGO/USDT:USDT,0.13304,24.0,0.13298,36.0,0.13314,81.0,0.13317,11.0
1753533873661,12:44:33.661,AERGO/USDT:USDT,0.13304,12.0,0.13298,36.0,0.13314,81.0,0.13317,11.0
1753533874808,12:44:34.808,AERGO/USDT:USDT,0.13298,36.0,0.13297,152.0,0.13314,81.0,0.13317,11.0
1753533874852,12:44:34.852,AERGO/USDT:USDT,0.13298,36.0,0.13297,152.0,0.13314,81.0,0.13317,11.0
1753533883371,12:44:43.371,AERGO/USDT:USDT,0.13298,36.0,0.13297,152.0,0.13314,81.0,0.13317,11.0
1753533883720,12:44:43.720,AERGO/USDT:USDT,0.13298,36.0,0.13297,152.0,0.13314,81.0,0.13317,11.0
1753533888813,12:44:48.813,AERGO/USDT:USDT,0.13298,36.0,0.13297,152.0,0.13314,81.0,0.13317,11.0
1753533889007,12:44:49.007,AERGO/USDT:USDT,0.13298,36.0,0.13297,152.0,0.13314,81.0,0.13317,11.0
1753533889471,12:44:49.471,AERGO/USDT:USDT,0.13298,36.0,0.13297,152.0,0.13314,81.0,0.13317,11.0
1753533890004,12:44:50.004,AERGO/USDT:USDT,0.13298,36.0,0.13297,152.0,0.13314,81.0,0.13317,11.0
1753533896916,12:44:56.916,AERGO/USDT:USDT,0.13298,36.0,0.13297,152.0,0.13314,81.0,0.13317,11.0
1753533899087,12:44:59.087,AERGO/USDT:USDT,0.13298,36.0,0.13297,152.0,0.13314,81.0,0.13317,11.0
1753533899452,12:44:59.452,AERGO/USDT:USDT,0.13298,36.0,0.13297,152.0,0.13314,81.0,0.13317,11.0
1753533900136,12:45:00.136,AERGO/USDT:USDT,0.13298,36.0,0.13297,152.0,0.13314,81.0,0.13317,11.0
1753533900925,12:45:00.925,AERGO/USDT:USDT,0.13298,36.0,0.13297,152.0,0.13314,81.0,0.13317,11.0
1753533901072,12:45:01.072,AERGO/USDT:USDT,0.13298,36.0,0.13297,152.0,0.13314,81.0,0.13317,11.0
1753533901880,12:45:01.880,AERGO/USDT:USDT,0.13298,36.0,0.13297,152.0,0.13314,81.0,0.13317,11.0
1753533902159,12:45:02.159,AERGO/USDT:USDT,0.13298,36.0,0.13297,152.0,0.13314,81.0,0.13317,11.0
1753533903395,12:45:03.395,AERGO/USDT:USDT,0.13298,36.0,0.13297,152.0,0.13314,81.0,0.13317,11.0
1753533903513,12:45:03.513,AERGO/USDT:USDT,0.13298,36.0,0.13297,152.0,0.13314,81.0,0.13317,11.0
1753533904359,12:45:04.359,AERGO/USDT:USDT,0.13298,36.0,0.13297,152.0,0.13314,81.0,0.13317,11.0
1753533905418,12:45:05.418,AERGO/USDT:USDT,0.13298,36.0,0.13297,152.0,0.13314,81.0,0.13317,11.0
1753533908415,12:45:08.415,AERGO/USDT:USDT,0.13298,36.0,0.13297,152.0,0.13314,24.0,0.13316,75.0
1753533908429,12:45:08.429,AERGO/USDT:USDT,0.13298,36.0,0.13297,152.0,0.13314,24.0,0.13315,229.0
1753533908539,12:45:08.539,AERGO/USDT:USDT,0.13298,36.0,0.13297,152.0,0.13314,35.0,0.13315,229.0
1753533909741,12:45:09.741,AERGO/USDT:USDT,0.13298,36.0,0.13297,152.0,0.13314,35.0,0.13315,229.0
1753533911387,12:45:11.387,AERGO/USDT:USDT,0.13303,11.0,0.13298,36.0,0.13314,35.0,0.13315,229.0
1753533911433,12:45:11.433,AERGO/USDT:USDT,0.13303,11.0,0.13298,36.0,0.13314,35.0,0.13315,229.0
1753533911589,12:45:11.589,AERGO/USDT:USDT,0.13303,11.0,0.13298,36.0,0.13314,35.0,0.13315,229.0
1753533911860,12:45:11.860,AERGO/USDT:USDT,0.13303,11.0,0.13298,36.0,0.13314,35.0,0.13315,229.0
1753533914388,12:45:14.388,AERGO/USDT:USDT,0.13303,11.0,0.13298,36.0,0.13314,35.0,0.13315,229.0
1753533915212,12:45:15.212,AERGO/USDT:USDT,0.13303,11.0,0.13298,36.0,0.13314,35.0,0.13315,229.0
1753533915827,12:45:15.827,AERGO/USDT:USDT,0.13303,11.0,0.13298,36.0,0.13314,35.0,0.13315,229.0
1753533915951,12:45:15.951,AERGO/USDT:USDT,0.13303,11.0,0.13298,36.0,0.13314,35.0,0.13315,229.0
1753533917389,12:45:17.389,AERGO/USDT:USDT,0.13303,11.0,0.13298,36.0,0.13314,35.0,0.13315,229.0
1753533917905,12:45:17.905,AERGO/USDT:USDT,0.13303,22.0,0.13298,36.0,0.13314,35.0,0.13315,229.0
1753533918821,12:45:18.821,AERGO/USDT:USDT,0.13303,22.0,0.13298,36.0,0.13314,35.0,0.13315,229.0
1753533918835,12:45:18.835,AERGO/USDT:USDT,0.13303,22.0,0.13298,36.0,0.13314,35.0,0.13315,229.0
1753533919628,12:45:19.628,AERGO/USDT:USDT,0.13303,22.0,0.13298,36.0,0.13314,35.0,0.13315,229.0
1753533919651,12:45:19.651,AERGO/USDT:USDT,0.13303,22.0,0.13298,36.0,0.13314,35.0,0.13315,229.0
1753533920024,12:45:20.024,AERGO/USDT:USDT,0.13303,22.0,0.13298,36.0,0.13314,23.0,0.13315,229.0
1753533920388,12:45:20.388,AERGO/USDT:USDT,0.13303,22.0,0.13298,36.0,0.13314,11.0,0.13315,229.0
1753533921211,12:45:21.211,AERGO/USDT:USDT,0.13303,22.0,0.13298,36.0,0.13314,11.0,0.13315,229.0
1753533921397,12:45:21.397,AERGO/USDT:USDT,0.13303,22.0,0.13298,36.0,0.13314,11.0,0.13316,75.0
1753533921452,12:45:21.452,AERGO/USDT:USDT,0.13303,22.0,0.13298,36.0,0.13316,75.0,0.13317,11.0
1753533921591,12:45:21.591,AERGO/USDT:USDT,0.13303,22.0,0.13298,36.0,0.13316,75.0,0.13317,11.0
1753533921754,12:45:21.754,AERGO/USDT:USDT,0.13303,22.0,0.13298,36.0,0.13316,75.0,0.13317,11.0
1753533922010,12:45:22.010,AERGO/USDT:USDT,0.13303,22.0,0.13298,36.0,0.13316,75.0,0.13317,11.0
1753533923388,12:45:23.388,AERGO/USDT:USDT,0.13303,22.0,0.13298,36.0,0.13317,22.0,0.13318,183.0
1753533923793,12:45:23.793,AERGO/USDT:USDT,0.13303,22.0,0.13298,36.0,0.13317,22.0,0.13318,183.0
1753533926388,12:45:26.388,AERGO/USDT:USDT,0.13303,22.0,0.13298,36.0,0.13317,22.0,0.13318,183.0
1753533926881,12:45:26.881,AERGO/USDT:USDT,0.13303,22.0,0.13298,36.0,0.13317,22.0,0.13318,183.0
1753533926972,12:45:26.972,AERGO/USDT:USDT,0.13303,22.0,0.13298,36.0,0.13317,22.0,0.13318,183.0
1753533927035,12:45:27.035,AERGO/USDT:USDT,0.13303,22.0,0.13298,36.0,0.13317,22.0,0.13318,183.0
1753533927706,12:45:27.706,AERGO/USDT:USDT,0.13303,22.0,0.13298,36.0,0.13317,72.0,0.13318,183.0
1753533930014,12:45:30.014,AERGO/USDT:USDT,0.13303,22.0,0.13298,36.0,0.13317,72.0,0.13318,183.0
1753533930032,12:45:30.032,AERGO/USDT:USDT,0.13303,22.0,0.13298,36.0,0.13317,72.0,0.13318,183.0
1753533930272,12:45:30.272,AERGO/USDT:USDT,0.13303,22.0,0.13298,36.0,0.13317,72.0,0.13318,183.0
1753533930469,12:45:30.469,AERGO/USDT:USDT,0.13303,22.0,0.13298,36.0,0.13317,72.0,0.13318,183.0
1753533930641,12:45:30.641,AERGO/USDT:USDT,0.13303,22.0,0.13298,36.0,0.13317,72.0,0.13318,183.0
1753533931196,12:45:31.196,AERGO/USDT:USDT,0.13303,22.0,0.13298,36.0,0.13317,72.0,0.13318,183.0
1753533931247,12:45:31.247,AERGO/USDT:USDT,0.13303,22.0,0.13298,36.0,0.13317,72.0,0.13318,183.0
1753533931573,12:45:31.573,AERGO/USDT:USDT,0.13303,22.0,0.13298,36.0,0.13317,72.0,0.13318,183.0
1753533932388,12:45:32.388,AERGO/USDT:USDT,0.13307,11.0,0.13303,11.0,0.13317,72.0,0.13318,194.0
1753533932452,12:45:32.452,AERGO/USDT:USDT,0.13307,11.0,0.13303,11.0,0.13317,72.0,0.13318,194.0
1753533933071,12:45:33.071,AERGO/USDT:USDT,0.13307,11.0,0.13303,11.0,0.13317,72.0,0.13318,194.0
1753533934887,12:45:34.887,AERGO/USDT:USDT,0.13307,11.0,0.13303,11.0,0.13317,72.0,0.13318,194.0
1753533935812,12:45:35.812,AERGO/USDT:USDT,0.13307,11.0,0.13303,11.0,0.13317,72.0,0.13318,194.0
1753533938427,12:45:38.427,AERGO/USDT:USDT,0.13307,11.0,0.13298,36.0,0.13317,72.0,0.13318,194.0
1753533938435,12:45:38.435,AERGO/USDT:USDT,0.13307,11.0,0.13298,36.0,0.13317,72.0,0.13318,194.0
1753533938707,12:45:38.707,AERGO/USDT:USDT,0.13307,11.0,0.13298,36.0,0.13317,72.0,0.13318,194.0
1753533938793,12:45:38.793,AERGO/USDT:USDT,0.13307,11.0,0.13298,36.0,0.13317,72.0,0.13318,194.0
1753533940516,12:45:40.516,AERGO/USDT:USDT,0.13307,11.0,0.13306,11.0,0.13317,72.0,0.13318,183.0
1753533940728,12:45:40.728,AERGO/USDT:USDT,0.13307,11.0,0.13298,36.0,0.13317,72.0,0.13318,194.0
1753533940728,12:45:40.728,AERGO/USDT:USDT,0.13307,11.0,0.13298,36.0,0.13317,72.0,0.13318,194.0
1753533941385,12:45:41.385,AERGO/USDT:USDT,0.13298,36.0,0.13297,152.0,0.13317,72.0,0.13318,194.0
1753533941452,12:45:41.452,AERGO/USDT:USDT,0.13298,36.0,0.13297,152.0,0.13317,72.0,0.13318,194.0
1753533941595,12:45:41.595,AERGO/USDT:USDT,0.13298,36.0,0.13297,152.0,0.13317,72.0,0.13318,194.0
1753533942016,12:45:42.016,AERGO/USDT:USDT,0.13298,36.0,0.13297,152.0,0.13317,72.0,0.13318,194.0
1753533942794,12:45:42.794,AERGO/USDT:USDT,0.13298,36.0,0.13297,152.0,0.13317,72.0,0.13318,194.0
1753533944392,12:45:44.392,AERGO/USDT:USDT,0.13304,22.0,0.13298,36.0,0.13317,72.0,0.13318,183.0
1753533944438,12:45:44.438,AERGO/USDT:USDT,0.13304,22.0,0.13298,36.0,0.13317,72.0,0.13318,183.0
1753533944857,12:45:44.857,AERGO/USDT:USDT,0.13304,22.0,0.13298,36.0,0.13317,72.0,0.13318,183.0
1753533946936,12:45:46.936,AERGO/USDT:USDT,0.13304,22.0,0.13298,36.0,0.13317,72.0,0.13318,183.0
1753533947385,12:45:47.385,AERGO/USDT:USDT,0.13304,22.0,0.13298,36.0,0.13317,83.0,0.13318,183.0
1753533950388,12:45:50.388,AERGO/USDT:USDT,0.13304,22.0,0.13298,36.0,0.13317,83.0,0.13318,183.0
1753533953192,12:45:53.192,AERGO/USDT:USDT,0.13304,22.0,0.13298,36.0,0.13317,83.0,0.13318,183.0
1753533953298,12:45:53.298,AERGO/USDT:USDT,0.13304,22.0,0.13298,36.0,0.13317,83.0,0.13318,183.0
1753533953384,12:45:53.384,AERGO/USDT:USDT,0.13304,22.0,0.13298,36.0,0.13317,83.0,0.13318,183.0
1753533956388,12:45:56.388,AERGO/USDT:USDT,0.13304,22.0,0.13298,36.0,0.13317,83.0,0.13318,183.0
1753533958992,12:45:58.992,AERGO/USDT:USDT,0.13304,22.0,0.13298,36.0,0.13317,83.0,0.13318,183.0
1753533959385,12:45:59.385,AERGO/USDT:USDT,0.13304,22.0,0.13298,36.0,0.13317,83.0,0.13318,183.0
1753533960603,12:46:00.603,AERGO/USDT:USDT,0.13304,22.0,0.13298,36.0,0.13317,83.0,0.13318,183.0
1753533960646,12:46:00.646,AERGO/USDT:USDT,0.13304,22.0,0.13298,36.0,0.13317,83.0,0.13318,183.0
1753533961011,12:46:01.011,AERGO/USDT:USDT,0.13304,22.0,0.13298,36.0,0.13317,256.0,0.13318,575.0
1753533962385,12:46:02.385,AERGO/USDT:USDT,0.13304,11.0,0.13298,36.0,0.13317,256.0,0.13318,575.0
1753533962720,12:46:02.720,AERGO/USDT:USDT,0.13304,11.0,0.13298,36.0,0.13317,256.0,0.13318,575.0
1753533963098,12:46:03.098,AERGO/USDT:USDT,0.13304,11.0,0.13298,36.0,0.13317,256.0,0.13318,575.0
1753533963583,12:46:03.583,AERGO/USDT:USDT,0.13304,11.0,0.13298,36.0,0.13317,256.0,0.13318,967.0
1753533964772,12:46:04.772,AERGO/USDT:USDT,0.13304,11.0,0.13298,36.0,0.13317,256.0,0.13318,967.0
1753533965388,12:46:05.388,AERGO/USDT:USDT,0.13304,11.0,0.13298,36.0,0.13317,256.0,0.13318,967.0
1753533965445,12:46:05.445,AERGO/USDT:USDT,0.13304,11.0,0.13298,36.0,0.13317,256.0,0.13318,967.0
1753533966280,12:46:06.280,AERGO/USDT:USDT,0.13304,11.0,0.13298,36.0,0.13317,256.0,0.13318,967.0
1753533968383,12:46:08.383,AERGO/USDT:USDT,0.13304,11.0,0.13298,36.0,0.13317,256.0,0.13318,967.0
1753533970104,12:46:10.104,AERGO/USDT:USDT,0.13298,36.0,0.13297,152.0,0.13317,256.0,0.13318,967.0
1753533970151,12:46:10.151,AERGO/USDT:USDT,0.13298,36.0,0.13297,152.0,0.13317,256.0,0.13318,967.0
1753533970245,12:46:10.245,AERGO/USDT:USDT,0.13298,36.0,0.13297,152.0,0.13317,256.0,0.13318,967.0
1753533971062,12:46:11.062,AERGO/USDT:USDT,0.13298,36.0,0.13297,152.0,0.13317,256.0,0.13318,967.0
1753533971382,12:46:11.382,AERGO/USDT:USDT,0.13298,36.0,0.13297,152.0,0.13317,256.0,0.13318,967.0
1753533971478,12:46:11.478,AERGO/USDT:USDT,0.13298,36.0,0.13297,152.0,0.13317,256.0,0.13318,967.0
1753533975035,12:46:15.035,AERGO/USDT:USDT,0.13298,36.0,0.13297,152.0,0.13317,256.0,0.13318,967.0
1753533975219,12:46:15.219,AERGO/USDT:USDT,0.13298,36.0,0.13297,152.0,0.13317,256.0,0.13318,967.0
1753533977389,12:46:17.389,AERGO/USDT:USDT,0.13298,36.0,0.13297,152.0,0.13317,256.0,0.13318,967.0
1753533978475,12:46:18.475,AERGO/USDT:USDT,0.13298,36.0,0.13297,152.0,0.13317,256.0,0.13318,967.0
1753533978853,12:46:18.853,AERGO/USDT:USDT,0.13298,36.0,0.13297,152.0,0.13317,256.0,0.13318,967.0
1753533979271,12:46:19.271,AERGO/USDT:USDT,0.13298,36.0,0.13297,152.0,0.13317,256.0,0.13318,967.0
1753533980384,12:46:20.384,AERGO/USDT:USDT,0.13298,36.0,0.13297,152.0,0.13317,256.0,0.13318,967.0
1753533981119,12:46:21.119,AERGO/USDT:USDT,0.13298,36.0,0.13297,152.0,0.13317,256.0,0.13318,967.0
1753533981172,12:46:21.172,AERGO/USDT:USDT,0.13298,36.0,0.13297,152.0,0.13317,256.0,0.13318,967.0
1753533983390,12:46:23.390,AERGO/USDT:USDT,0.13298,36.0,0.13297,152.0,0.13317,256.0,0.13318,967.0
1753533983452,12:46:23.452,AERGO/USDT:USDT,0.13298,36.0,0.13297,152.0,0.13317,256.0,0.13318,967.0
1753533983539,12:46:23.539,AERGO/USDT:USDT,0.13298,36.0,0.13297,152.0,0.13317,256.0,0.13318,967.0
1753533983940,12:46:23.940,AERGO/USDT:USDT,0.13298,36.0,0.13297,152.0,0.13317,256.0,0.13318,967.0
1753533986389,12:46:26.389,AERGO/USDT:USDT,0.13306,22.0,0.13298,36.0,0.13317,256.0,0.13318,967.0
1753533986452,12:46:26.452,AERGO/USDT:USDT,0.13306,22.0,0.13298,36.0,0.13317,256.0,0.13318,967.0
1753533986778,12:46:26.778,AERGO/USDT:USDT,0.13306,22.0,0.13298,36.0,0.13317,256.0,0.13318,967.0
1753533989388,12:46:29.388,AERGO/USDT:USDT,0.13306,11.0,0.13298,36.0,0.13317,256.0,0.13318,967.0
1753533990828,12:46:30.828,AERGO/USDT:USDT,0.13306,11.0,0.13298,36.0,0.13317,256.0,0.13318,967.0
1753533990831,12:46:30.831,AERGO/USDT:USDT,0.13306,11.0,0.13298,36.0,0.13317,256.0,0.13318,967.0
1753533992386,12:46:32.386,AERGO/USDT:USDT,0.13306,11.0,0.13298,36.0,0.13317,256.0,0.13318,967.0
1753533994224,12:46:34.224,AERGO/USDT:USDT,0.13306,11.0,0.13298,36.0,0.13317,256.0,0.13318,967.0
1753533994599,12:46:34.599,AERGO/USDT:USDT,0.13306,11.0,0.13298,36.0,0.13317,256.0,0.13318,967.0
1753533994916,12:46:34.916,AERGO/USDT:USDT,0.13306,11.0,0.13298,36.0,0.13317,256.0,0.13318,967.0
1753533994930,12:46:34.930,AERGO/USDT:USDT,0.13306,11.0,0.13298,36.0,0.13317,256.0,0.13318,967.0
1753533995391,12:46:35.391,AERGO/USDT:USDT,0.13306,11.0,0.13298,36.0,0.13317,256.0,0.13318,967.0
1753533995817,12:46:35.817,AERGO/USDT:USDT,0.13298,36.0,0.13297,152.0,0.13317,245.0,0.13318,967.0
1753533995851,12:46:35.851,AERGO/USDT:USDT,0.13298,36.0,0.13297,152.0,0.13317,245.0,0.13318,967.0
1753533996036,12:46:36.036,AERGO/USDT:USDT,0.13298,36.0,0.13297,152.0,0.13317,245.0,0.13318,967.0
1753533996858,12:46:36.858,AERGO/USDT:USDT,0.13298,36.0,0.13297,152.0,0.13317,245.0,0.13318,967.0
1753533997275,12:46:37.275,AERGO/USDT:USDT,0.13298,36.0,0.13297,152.0,0.13317,245.0,0.13318,967.0
1753533998388,12:46:38.388,AERGO/USDT:USDT,0.13298,36.0,0.13297,152.0,0.13317,245.0,0.13318,967.0
1753533999518,12:46:39.518,AERGO/USDT:USDT,0.13298,36.0,0.13297,152.0,0.13317,245.0,0.13318,967.0
1753533999531,12:46:39.531,AERGO/USDT:USDT,0.13298,36.0,0.13297,152.0,0.13317,245.0,0.13318,967.0
1753534000307,12:46:40.307,AERGO/USDT:USDT,0.13298,36.0,0.13297,152.0,0.13317,245.0,0.13318,967.0
1753534000576,12:46:40.576,AERGO/USDT:USDT,0.13298,36.0,0.13297,152.0,0.13317,245.0,0.13318,967.0
1753534000630,12:46:40.630,AERGO/USDT:USDT,0.13298,36.0,0.13297,152.0,0.13317,245.0,0.13318,967.0
1753534001024,12:46:41.024,AERGO/USDT:USDT,0.13298,36.0,0.13297,152.0,0.13317,245.0,0.13318,967.0
1753534001383,12:46:41.383,AERGO/USDT:USDT,0.13298,36.0,0.13297,152.0,0.13317,245.0,0.13318,967.0
1753534004388,12:46:44.388,AERGO/USDT:USDT,0.13298,36.0,0.13297,152.0,0.13317,245.0,0.13318,967.0
1753534005312,12:46:45.312,AERGO/USDT:USDT,0.13298,36.0,0.13297,152.0,0.13317,245.0,0.13318,967.0
1753534005331,12:46:45.331,AERGO/USDT:USDT,0.13298,36.0,0.13297,152.0,0.13317,245.0,0.13318,967.0
1753534009959,12:46:49.959,AERGO/USDT:USDT,0.13298,36.0,0.13297,152.0,0.13317,245.0,0.13318,967.0
1753534010329,12:46:50.329,AERGO/USDT:USDT,0.13298,36.0,0.13297,152.0,0.13317,245.0,0.13318,967.0
1753534010389,12:46:50.389,AERGO/USDT:USDT,0.13298,36.0,0.13297,152.0,0.13317,245.0,0.13318,967.0
1753534011112,12:46:51.112,AERGO/USDT:USDT,0.13298,36.0,0.13297,152.0,0.13317,245.0,0.13318,967.0
1753534012113,12:46:52.113,AERGO/USDT:USDT,0.13303,237.0,0.13298,36.0,0.13317,256.0,0.13318,967.0
1753534012171,12:46:52.171,AERGO/USDT:USDT,0.13304,12.0,0.13303,10.0,0.13317,256.0,0.13318,967.0
1753534012239,12:46:52.239,AERGO/USDT:USDT,0.13304,10.0,0.13303,10.0,0.13317,256.0,0.13318,967.0
1753534012378,12:46:52.378,AERGO/USDT:USDT,0.13304,10.0,0.13303,10.0,0.13317,234.0,0.13318,956.0
1753534012522,12:46:52.522,AERGO/USDT:USDT,0.13304,10.0,0.13303,10.0,0.13317,234.0,0.13318,172.0
1753534012577,12:46:52.577,AERGO/USDT:USDT,0.13304,10.0,0.13303,10.0,0.13317,61.0,0.13318,172.0
1753534013006,12:46:53.006,AERGO/USDT:USDT,0.13304,10.0,0.13303,10.0,0.13317,61.0,0.13318,172.0
1753534013104,12:46:53.104,AERGO/USDT:USDT,0.13304,10.0,0.13303,10.0,0.13317,61.0,0.13318,172.0
1753534013723,12:46:53.723,AERGO/USDT:USDT,0.13304,10.0,0.13303,10.0,0.13317,61.0,0.13318,172.0
1753534013811,12:46:53.811,AERGO/USDT:USDT,0.13304,10.0,0.13303,10.0,0.13317,61.0,0.13318,172.0
1753534013838,12:46:53.838,AERGO/USDT:USDT,0.13304,10.0,0.13303,10.0,0.13317,61.0,0.13318,172.0
1753534015927,12:46:55.927,AERGO/USDT:USDT,0.13304,10.0,0.13303,10.0,0.13317,61.0,0.13318,172.0
1753534016006,12:46:56.006,AERGO/USDT:USDT,0.13304,10.0,0.13303,10.0,0.13317,61.0,0.13318,172.0
1753534016912,12:46:56.912,AERGO/USDT:USDT,0.13304,10.0,0.13303,10.0,0.13317,61.0,0.13319,300.0
