timestamp,time,symbol,bid1_price,bid1_volume,bid2_price,bid2_volume,ask1_price,ask1_volume,ask2_price,ask2_volume
1753533020000,12:30:20.000,CORE/USDT:USDT,0.5559,120.0,0.5558,106.0,0.5566,105.0,0.5567,250.0
1753533020441,12:30:20.441,CORE/USDT:USDT,0.5559,120.0,0.5558,106.0,0.5566,105.0,0.5567,250.0
1753533020778,12:30:20.778,CORE/USDT:USDT,0.5559,120.0,0.5556,105.0,0.5566,105.0,0.5567,250.0
1753533020915,12:30:20.915,CORE/USDT:USDT,0.5559,120.0,0.5556,105.0,0.5566,105.0,0.5567,250.0
1753533021010,12:30:21.010,CORE/USDT:USDT,0.5559,120.0,0.5556,105.0,0.5566,105.0,0.5567,250.0
1753533021086,12:30:21.086,CORE/USDT:USDT,0.5559,120.0,0.5556,105.0,0.5564,105.0,0.5565,1789.0
1753533021333,12:30:21.333,CORE/USDT:USDT,0.5559,120.0,0.5556,105.0,0.5564,105.0,0.5565,1789.0
1753533021630,12:30:21.630,CORE/USDT:USDT,0.5559,120.0,0.5556,105.0,0.5564,105.0,0.5565,1789.0
1753533021753,12:30:21.753,CORE/USDT:USDT,0.5559,120.0,0.5556,105.0,0.5564,105.0,0.5565,1789.0
1753533022948,12:30:22.948,CORE/USDT:USDT,0.5559,120.0,0.5555,102.0,0.5564,105.0,0.5565,1789.0
1753533023349,12:30:23.349,CORE/USDT:USDT,0.5559,14.0,0.5555,102.0,0.5564,105.0,0.5565,1789.0
1753533023772,12:30:23.772,CORE/USDT:USDT,0.5559,14.0,0.5555,102.0,0.5564,105.0,0.5565,1789.0
1753533023939,12:30:23.939,CORE/USDT:USDT,0.5557,105.0,0.5556,14.0,0.5564,105.0,0.5565,1789.0
1753533024107,12:30:24.107,CORE/USDT:USDT,0.5558,14.0,0.5557,105.0,0.5564,105.0,0.5565,1789.0
1753533024190,12:30:24.190,CORE/USDT:USDT,0.5558,14.0,0.5557,105.0,0.5564,105.0,0.5565,1789.0
1753533024282,12:30:24.282,CORE/USDT:USDT,0.5558,14.0,0.5557,105.0,0.5564,105.0,0.5565,1789.0
1753533024997,12:30:24.997,CORE/USDT:USDT,0.5558,119.0,0.5557,105.0,0.5564,105.0,0.5565,1789.0
1753533025093,12:30:25.093,CORE/USDT:USDT,0.5558,119.0,0.5555,102.0,0.5564,105.0,0.5565,1789.0
1753533025149,12:30:25.149,CORE/USDT:USDT,0.5558,119.0,0.5555,102.0,0.5564,105.0,0.5565,1789.0
1753533025239,12:30:25.239,CORE/USDT:USDT,0.5558,119.0,0.5555,102.0,0.5566,105.0,0.5567,250.0
1753533025352,12:30:25.352,CORE/USDT:USDT,0.5558,119.0,0.5555,102.0,0.5566,105.0,0.5567,250.0
1753533025809,12:30:25.809,CORE/USDT:USDT,0.5558,119.0,0.5555,102.0,0.5566,105.0,0.5567,250.0
1753533027005,12:30:27.005,CORE/USDT:USDT,0.5558,119.0,0.5555,102.0,0.5566,105.0,0.5567,250.0
1753533027233,12:30:27.233,CORE/USDT:USDT,0.5558,119.0,0.5555,102.0,0.5566,105.0,0.5567,250.0
1753533030045,12:30:30.045,CORE/USDT:USDT,0.5558,119.0,0.5555,102.0,0.5566,105.0,0.5567,250.0
1753533030135,12:30:30.135,CORE/USDT:USDT,0.5558,119.0,0.5555,102.0,0.5566,105.0,0.5567,250.0
1753533043488,12:30:43.488,CORE/USDT:USDT,0.5558,14.0,0.5555,102.0,0.5564,102.0,0.5565,1789.0
1753533043540,12:30:43.540,CORE/USDT:USDT,0.5557,102.0,0.5556,14.0,0.5564,102.0,0.5565,1789.0
1753533043623,12:30:43.623,CORE/USDT:USDT,0.5558,14.0,0.5557,102.0,0.5564,102.0,0.5565,1789.0
1753533044017,12:30:44.017,CORE/USDT:USDT,0.5558,116.0,0.5557,102.0,0.5565,1532.0,0.5566,105.0
1753533044095,12:30:44.095,CORE/USDT:USDT,0.5558,14.0,0.5557,102.0,0.5564,102.0,0.5566,105.0
1753533044175,12:30:44.175,CORE/USDT:USDT,0.5558,14.0,0.5557,102.0,0.5566,105.0,0.5567,250.0
1753533044326,12:30:44.326,CORE/USDT:USDT,0.5558,14.0,0.5557,102.0,0.5566,105.0,0.5567,250.0
1753533044481,12:30:44.481,CORE/USDT:USDT,0.5558,116.0,0.5557,102.0,0.5566,105.0,0.5567,250.0
1753533044603,12:30:44.603,CORE/USDT:USDT,0.5558,116.0,0.5555,102.0,0.5566,105.0,0.5567,250.0
1753533053779,12:30:53.779,CORE/USDT:USDT,0.5558,116.0,0.5555,102.0,0.5566,105.0,0.5567,250.0
1753533055557,12:30:55.557,CORE/USDT:USDT,0.5558,116.0,0.5555,102.0,0.5566,105.0,0.5567,250.0
1753533057242,12:30:57.242,CORE/USDT:USDT,0.5558,116.0,0.5555,102.0,0.5566,105.0,0.5567,250.0
1753533061112,12:31:01.112,CORE/USDT:USDT,0.5558,14.0,0.5555,102.0,0.5566,105.0,0.5567,106.0
1753533061213,12:31:01.213,CORE/USDT:USDT,0.5556,14.0,0.5554,106.0,0.556,1789.0,0.5563,461.0
1753533061293,12:31:01.293,CORE/USDT:USDT,0.5555,14.0,0.5554,106.0,0.5559,102.0,0.5563,461.0
1753533061361,12:31:01.361,CORE/USDT:USDT,0.5555,14.0,0.5554,106.0,0.5559,102.0,0.5563,461.0
1753533061512,12:31:01.512,CORE/USDT:USDT,0.5555,14.0,0.5554,106.0,0.5559,102.0,0.5563,461.0
1753533061564,12:31:01.564,CORE/USDT:USDT,0.5555,14.0,0.5554,106.0,0.5559,102.0,0.5562,1789.0
1753533061706,12:31:01.706,CORE/USDT:USDT,0.5555,14.0,0.5554,106.0,0.5559,102.0,0.5562,1789.0
1753533061913,12:31:01.913,CORE/USDT:USDT,0.5555,14.0,0.5553,105.0,0.5559,102.0,0.5562,1789.0
1753533061931,12:31:01.931,CORE/USDT:USDT,0.5554,14.0,0.5553,105.0,0.5559,102.0,0.5562,1789.0
1753533062105,12:31:02.105,CORE/USDT:USDT,0.5554,14.0,0.5553,105.0,0.5559,102.0,0.5562,1789.0
1753533062217,12:31:02.217,CORE/USDT:USDT,0.5554,14.0,0.5553,105.0,0.5559,102.0,0.5562,1789.0
1753533062316,12:31:02.316,CORE/USDT:USDT,0.5554,14.0,0.5553,105.0,0.5559,102.0,0.5562,1789.0
1753533062453,12:31:02.453,CORE/USDT:USDT,0.5554,14.0,0.5553,105.0,0.5559,102.0,0.5562,1789.0
1753533062652,12:31:02.652,CORE/USDT:USDT,0.5554,116.0,0.5553,105.0,0.5559,102.0,0.5562,1789.0
1753533063768,12:31:03.768,CORE/USDT:USDT,0.5554,116.0,0.5553,105.0,0.5559,102.0,0.5562,1789.0
1753533064044,12:31:04.044,CORE/USDT:USDT,0.5554,116.0,0.5552,106.0,0.5559,102.0,0.5562,1789.0
1753533065865,12:31:05.865,CORE/USDT:USDT,0.5554,116.0,0.5552,106.0,0.5559,102.0,0.5562,1789.0
1753533066188,12:31:06.188,CORE/USDT:USDT,0.5554,116.0,0.5551,102.0,0.5559,102.0,0.5562,1789.0
1753533066249,12:31:06.249,CORE/USDT:USDT,0.5554,116.0,0.5551,102.0,0.5559,102.0,0.5562,1789.0
1753533066522,12:31:06.522,CORE/USDT:USDT,0.5554,116.0,0.5551,102.0,0.5559,102.0,0.5562,1789.0
1753533066935,12:31:06.935,CORE/USDT:USDT,0.5554,116.0,0.5551,102.0,0.5559,102.0,0.5562,1789.0
1753533067355,12:31:07.355,CORE/USDT:USDT,0.5554,116.0,0.5551,102.0,0.5559,102.0,0.5562,1789.0
1753533067502,12:31:07.502,CORE/USDT:USDT,0.5555,102.0,0.5554,116.0,0.5559,102.0,0.5562,1789.0
1753533067578,12:31:07.578,CORE/USDT:USDT,0.5556,14.0,0.5555,102.0,0.5559,102.0,0.5562,1789.0
1753533067681,12:31:07.681,CORE/USDT:USDT,0.5556,14.0,0.5555,102.0,0.5563,102.0,0.5564,461.0
1753533067726,12:31:07.726,CORE/USDT:USDT,0.5556,14.0,0.5555,102.0,0.5562,102.0,0.5563,172.0
1753533067864,12:31:07.864,CORE/USDT:USDT,0.5556,14.0,0.5555,102.0,0.5562,102.0,0.5563,172.0
1753533067938,12:31:07.938,CORE/USDT:USDT,0.5556,14.0,0.5555,102.0,0.5562,102.0,0.5563,172.0
1753533068172,12:31:08.172,CORE/USDT:USDT,0.5556,14.0,0.5555,102.0,0.5562,102.0,0.5563,172.0
1753533068368,12:31:08.368,CORE/USDT:USDT,0.5556,14.0,0.5554,102.0,0.5562,102.0,0.5563,172.0
1753533068480,12:31:08.480,CORE/USDT:USDT,0.5555,14.0,0.5554,102.0,0.5562,102.0,0.5563,172.0
1753533068635,12:31:08.635,CORE/USDT:USDT,0.5555,14.0,0.5554,102.0,0.5562,102.0,0.5563,172.0
1753533068791,12:31:08.791,CORE/USDT:USDT,0.5555,14.0,0.5554,102.0,0.5562,102.0,0.5563,172.0
1753533069004,12:31:09.004,CORE/USDT:USDT,0.5555,14.0,0.5554,102.0,0.5562,102.0,0.5563,172.0
1753533069097,12:31:09.097,CORE/USDT:USDT,0.5556,102.0,0.5555,14.0,0.5562,102.0,0.5563,172.0
1753533069196,12:31:09.196,CORE/USDT:USDT,0.5557,14.0,0.5556,102.0,0.5562,102.0,0.5563,172.0
1753533069803,12:31:09.803,CORE/USDT:USDT,0.5557,14.0,0.5556,102.0,0.5562,102.0,0.5563,172.0
1753533070006,12:31:10.006,CORE/USDT:USDT,0.5557,14.0,0.5556,102.0,0.5562,102.0,0.5563,172.0
1753533070457,12:31:10.457,CORE/USDT:USDT,0.5557,14.0,0.5554,102.0,0.5562,102.0,0.5563,172.0
1753533070544,12:31:10.544,CORE/USDT:USDT,0.5555,14.0,0.5554,102.0,0.5562,102.0,0.5563,172.0
1753533070693,12:31:10.693,CORE/USDT:USDT,0.5556,104.0,0.5555,14.0,0.5562,102.0,0.5563,172.0
1753533070724,12:31:10.724,CORE/USDT:USDT,0.5557,14.0,0.5556,104.0,0.5562,102.0,0.5563,172.0
1753533072631,12:31:12.631,CORE/USDT:USDT,0.5557,14.0,0.5554,102.0,0.5562,102.0,0.5563,172.0
1753533072741,12:31:12.741,CORE/USDT:USDT,0.5555,14.0,0.5554,102.0,0.5562,102.0,0.5563,172.0
1753533072904,12:31:12.904,CORE/USDT:USDT,0.5556,104.0,0.5555,14.0,0.5562,102.0,0.5563,172.0
1753533072925,12:31:12.925,CORE/USDT:USDT,0.5557,14.0,0.5556,104.0,0.5562,102.0,0.5563,172.0
1753533073373,12:31:13.373,CORE/USDT:USDT,0.5557,14.0,0.5556,104.0,0.5562,102.0,0.5563,172.0
1753533074511,12:31:14.511,CORE/USDT:USDT,0.5557,14.0,0.5556,104.0,0.5562,102.0,0.5563,172.0
1753533074531,12:31:14.531,CORE/USDT:USDT,0.5557,14.0,0.5556,104.0,0.5562,102.0,0.5563,172.0
1753533074803,12:31:14.803,CORE/USDT:USDT,0.5557,14.0,0.5554,102.0,0.5562,102.0,0.5563,172.0
1753533074840,12:31:14.840,CORE/USDT:USDT,0.5555,14.0,0.5554,102.0,0.5562,102.0,0.5563,172.0
1753533075015,12:31:15.015,CORE/USDT:USDT,0.5556,104.0,0.5555,14.0,0.5562,102.0,0.5563,172.0
1753533075023,12:31:15.023,CORE/USDT:USDT,0.5557,14.0,0.5556,104.0,0.5562,102.0,0.5563,172.0
1753533075411,12:31:15.411,CORE/USDT:USDT,0.5557,14.0,0.5556,104.0,0.5562,102.0,0.5563,172.0
1753533075513,12:31:15.513,CORE/USDT:USDT,0.5557,14.0,0.5556,104.0,0.5562,102.0,0.5563,172.0
1753533075725,12:31:15.725,CORE/USDT:USDT,0.5557,14.0,0.5556,104.0,0.5562,102.0,0.5563,172.0
1753533076961,12:31:16.961,CORE/USDT:USDT,0.5557,14.0,0.5554,102.0,0.5562,102.0,0.5563,172.0
1753533077041,12:31:17.041,CORE/USDT:USDT,0.5555,14.0,0.5554,102.0,0.5562,102.0,0.5563,172.0
1753533077209,12:31:17.209,CORE/USDT:USDT,0.5555,14.0,0.5554,102.0,0.5562,102.0,0.5563,172.0
1753533077387,12:31:17.387,CORE/USDT:USDT,0.5555,14.0,0.5554,102.0,0.5562,102.0,0.5563,172.0
1753533077538,12:31:17.538,CORE/USDT:USDT,0.5555,14.0,0.5554,102.0,0.5562,102.0,0.5563,172.0
1753533077690,12:31:17.690,CORE/USDT:USDT,0.5555,14.0,0.5554,102.0,0.5562,102.0,0.5563,172.0
1753533077851,12:31:17.851,CORE/USDT:USDT,0.5555,14.0,0.5554,102.0,0.5562,102.0,0.5563,172.0
1753533078003,12:31:18.003,CORE/USDT:USDT,0.5556,104.0,0.5555,14.0,0.5562,102.0,0.5563,172.0
1753533079261,12:31:19.261,CORE/USDT:USDT,0.5556,104.0,0.5555,14.0,0.5562,102.0,0.5563,172.0
1753533079323,12:31:19.323,CORE/USDT:USDT,0.5557,14.0,0.5556,104.0,0.5562,102.0,0.5563,172.0
1753533081285,12:31:21.285,CORE/USDT:USDT,0.5557,14.0,0.5554,102.0,0.5562,102.0,0.5563,172.0
1753533081341,12:31:21.341,CORE/USDT:USDT,0.5555,14.0,0.5554,102.0,0.5562,102.0,0.5563,172.0
1753533081494,12:31:21.494,CORE/USDT:USDT,0.5555,14.0,0.5554,102.0,0.5562,102.0,0.5563,172.0
1753533081564,12:31:21.564,CORE/USDT:USDT,0.5555,14.0,0.5554,102.0,0.5562,102.0,0.5563,172.0
1753533081647,12:31:21.647,CORE/USDT:USDT,0.5555,14.0,0.5554,102.0,0.5562,102.0,0.5563,172.0
1753533081796,12:31:21.796,CORE/USDT:USDT,0.5555,121.0,0.5554,102.0,0.5562,102.0,0.5563,172.0
1753533082209,12:31:22.209,CORE/USDT:USDT,0.5555,121.0,0.5554,102.0,0.5562,102.0,0.5563,172.0
1753533082270,12:31:22.270,CORE/USDT:USDT,0.5555,121.0,0.5554,102.0,0.5562,102.0,0.5563,172.0
1753533083432,12:31:23.432,CORE/USDT:USDT,0.5555,121.0,0.5551,102.0,0.5562,102.0,0.5563,172.0
1753533083959,12:31:23.959,CORE/USDT:USDT,0.5555,121.0,0.5551,102.0,0.5562,102.0,0.5563,172.0
1753533085233,12:31:25.233,CORE/USDT:USDT,0.5555,14.0,0.5551,102.0,0.5562,102.0,0.5563,172.0
1753533085388,12:31:25.388,CORE/USDT:USDT,0.5553,107.0,0.5552,14.0,0.5562,102.0,0.5563,172.0
1753533085440,12:31:25.440,CORE/USDT:USDT,0.5554,121.0,0.5553,107.0,0.5562,102.0,0.5563,172.0
1753533085591,12:31:25.591,CORE/USDT:USDT,0.5554,121.0,0.5551,102.0,0.5562,102.0,0.5563,172.0
1753533088105,12:31:28.105,CORE/USDT:USDT,0.5554,121.0,0.5551,102.0,0.5563,102.0,0.5564,545.0
1753533088182,12:31:28.182,CORE/USDT:USDT,0.5554,121.0,0.5551,102.0,0.5563,102.0,0.5564,461.0
1753533088227,12:31:28.227,CORE/USDT:USDT,0.5554,121.0,0.5551,102.0,0.5562,107.0,0.5563,172.0
1753533088405,12:31:28.405,CORE/USDT:USDT,0.5554,121.0,0.5551,102.0,0.5562,107.0,0.5563,172.0
1753533090007,12:31:30.007,CORE/USDT:USDT,0.5554,121.0,0.5551,102.0,0.5562,107.0,0.5563,531.0
1753533090062,12:31:30.062,CORE/USDT:USDT,0.5554,121.0,0.5551,102.0,0.5562,107.0,0.5563,461.0
1753533090206,12:31:30.206,CORE/USDT:USDT,0.5554,121.0,0.5551,102.0,0.556,107.0,0.5561,76.0
1753533090240,12:31:30.240,CORE/USDT:USDT,0.5554,121.0,0.5551,102.0,0.5559,107.0,0.556,183.0
1753533092271,12:31:32.271,CORE/USDT:USDT,0.5554,121.0,0.5551,102.0,0.5559,107.0,0.556,183.0
1753533092483,12:31:32.483,CORE/USDT:USDT,0.5554,14.0,0.5551,102.0,0.5559,107.0,0.556,183.0
1753533092540,12:31:32.540,CORE/USDT:USDT,0.5553,104.0,0.5552,14.0,0.5559,107.0,0.556,183.0
1753533092625,12:31:32.625,CORE/USDT:USDT,0.5554,14.0,0.5553,104.0,0.5559,107.0,0.556,183.0
1753533093612,12:31:33.612,CORE/USDT:USDT,0.5554,14.0,0.5553,104.0,0.5559,107.0,0.556,183.0
1753533093757,12:31:33.757,CORE/USDT:USDT,0.5554,14.0,0.5553,104.0,0.5559,107.0,0.556,183.0
1753533093910,12:31:33.910,CORE/USDT:USDT,0.5554,14.0,0.5553,104.0,0.5559,107.0,0.556,183.0
1753533094006,12:31:34.006,CORE/USDT:USDT,0.5554,14.0,0.5553,104.0,0.5559,107.0,0.556,183.0
1753533094063,12:31:34.063,CORE/USDT:USDT,0.5554,14.0,0.5553,104.0,0.5559,107.0,0.556,183.0
1753533094217,12:31:34.217,CORE/USDT:USDT,0.5554,14.0,0.5553,104.0,0.5559,107.0,0.556,183.0
1753533094281,12:31:34.281,CORE/USDT:USDT,0.5554,14.0,0.5551,102.0,0.5559,107.0,0.556,183.0
1753533094340,12:31:34.340,CORE/USDT:USDT,0.5553,104.0,0.5552,14.0,0.5559,107.0,0.556,183.0
1753533094452,12:31:34.452,CORE/USDT:USDT,0.5554,14.0,0.5553,104.0,0.5559,107.0,0.556,183.0
1753533094606,12:31:34.606,CORE/USDT:USDT,0.5554,118.0,0.5553,104.0,0.5559,107.0,0.556,183.0
1753533095115,12:31:35.115,CORE/USDT:USDT,0.5554,118.0,0.5553,104.0,0.5559,107.0,0.556,107.0
1753533095148,12:31:35.148,CORE/USDT:USDT,0.5554,118.0,0.5553,104.0,0.5562,107.0,0.5563,605.0
1753533095314,12:31:35.314,CORE/USDT:USDT,0.5554,118.0,0.5553,104.0,0.5562,107.0,0.5563,605.0
1753533095422,12:31:35.422,CORE/USDT:USDT,0.5555,104.0,0.5554,118.0,0.5562,107.0,0.5563,605.0
1753533095524,12:31:35.524,CORE/USDT:USDT,0.5556,14.0,0.5555,104.0,0.5562,107.0,0.5563,605.0
1753533095764,12:31:35.764,CORE/USDT:USDT,0.5556,14.0,0.5555,104.0,0.5562,107.0,0.5563,605.0
1753533096417,12:31:36.417,CORE/USDT:USDT,0.5556,14.0,0.5554,104.0,0.5562,107.0,0.5563,605.0
1753533096424,12:31:36.424,CORE/USDT:USDT,0.5555,14.0,0.5554,104.0,0.5562,107.0,0.5563,605.0
1753533096595,12:31:36.595,CORE/USDT:USDT,0.5555,118.0,0.5554,104.0,0.5562,107.0,0.5563,605.0
1753533097002,12:31:37.002,CORE/USDT:USDT,0.5555,118.0,0.5554,104.0,0.5562,107.0,0.5563,605.0
1753533097469,12:31:37.469,CORE/USDT:USDT,0.5555,118.0,0.5554,104.0,0.5562,107.0,0.5563,246.0
1753533098223,12:31:38.223,CORE/USDT:USDT,0.5555,118.0,0.5554,104.0,0.5562,107.0,0.5563,605.0
1753533098581,12:31:38.581,CORE/USDT:USDT,0.5555,118.0,0.5553,104.0,0.5562,107.0,0.5563,605.0
1753533100310,12:31:40.310,CORE/USDT:USDT,0.5555,118.0,0.5553,104.0,0.5562,107.0,0.5563,246.0
1753533100766,12:31:40.766,CORE/USDT:USDT,0.5555,118.0,0.5551,102.0,0.5562,107.0,0.5563,246.0
1753533104011,12:31:44.011,CORE/USDT:USDT,0.5555,118.0,0.5551,102.0,0.5562,107.0,0.5563,605.0
1753533105282,12:31:45.282,CORE/USDT:USDT,0.5555,118.0,0.5551,102.0,0.5562,107.0,0.5563,605.0
1753533105595,12:31:45.595,CORE/USDT:USDT,0.5555,118.0,0.5551,102.0,0.5562,107.0,0.5563,246.0
1753533105674,12:31:45.674,CORE/USDT:USDT,0.5555,118.0,0.5551,102.0,0.5562,107.0,0.5563,246.0
1753533105734,12:31:45.734,CORE/USDT:USDT,0.5555,118.0,0.5551,102.0,0.5562,107.0,0.5563,246.0
1753533107738,12:31:47.738,CORE/USDT:USDT,0.5556,104.0,0.5555,118.0,0.5562,107.0,0.5563,246.0
1753533107839,12:31:47.839,CORE/USDT:USDT,0.5557,14.0,0.5555,104.0,0.5562,107.0,0.5563,246.0
1753533108010,12:31:48.010,CORE/USDT:USDT,0.5556,14.0,0.5555,104.0,0.5562,107.0,0.5563,605.0
1753533109400,12:31:49.400,CORE/USDT:USDT,0.5556,14.0,0.5551,102.0,0.5562,107.0,0.5563,605.0
1753533109440,12:31:49.440,CORE/USDT:USDT,0.5553,104.0,0.5552,14.0,0.5562,107.0,0.5563,605.0
1753533109541,12:31:49.541,CORE/USDT:USDT,0.5554,14.0,0.5553,104.0,0.5562,107.0,0.5563,605.0
1753533109701,12:31:49.701,CORE/USDT:USDT,0.5555,104.0,0.5554,14.0,0.5562,107.0,0.5563,605.0
1753533109725,12:31:49.725,CORE/USDT:USDT,0.5556,14.0,0.5555,104.0,0.5562,107.0,0.5563,605.0
1753533110807,12:31:50.807,CORE/USDT:USDT,0.5556,14.0,0.5555,104.0,0.5564,102.0,0.5565,1789.0
1753533110821,12:31:50.821,CORE/USDT:USDT,0.5556,14.0,0.5555,104.0,0.5564,102.0,0.5565,1789.0
1753533111005,12:31:51.005,CORE/USDT:USDT,0.5556,14.0,0.5555,104.0,0.5564,102.0,0.5565,1789.0
1753533111095,12:31:51.095,CORE/USDT:USDT,0.5556,118.0,0.5555,104.0,0.5564,102.0,0.5565,1789.0
1753533111599,12:31:51.599,CORE/USDT:USDT,0.5556,118.0,0.5553,104.0,0.5564,102.0,0.5565,1789.0
1753533111713,12:31:51.713,CORE/USDT:USDT,0.5556,118.0,0.5553,104.0,0.5564,102.0,0.5565,1789.0
1753533111930,12:31:51.930,CORE/USDT:USDT,0.5556,118.0,0.5553,104.0,0.5564,102.0,0.5565,1789.0
1753533114013,12:31:54.013,CORE/USDT:USDT,0.5556,118.0,0.5553,104.0,0.5564,102.0,0.5565,1789.0
1753533114032,12:31:54.032,CORE/USDT:USDT,0.5556,118.0,0.5553,104.0,0.5564,102.0,0.5565,1789.0
1753533115062,12:31:55.062,CORE/USDT:USDT,0.5556,14.0,0.5553,104.0,0.5563,104.0,0.5564,186.0
1753533115140,12:31:55.140,CORE/USDT:USDT,0.5555,104.0,0.5554,14.0,0.5563,104.0,0.5564,186.0
1753533115730,12:31:55.730,CORE/USDT:USDT,0.5556,14.0,0.5555,104.0,0.5563,104.0,0.5564,186.0
1753533115982,12:31:55.982,CORE/USDT:USDT,0.5556,14.0,0.5553,104.0,0.5563,104.0,0.5564,186.0
1753533116040,12:31:56.040,CORE/USDT:USDT,0.5555,104.0,0.5554,14.0,0.5563,104.0,0.5564,186.0
1753533116124,12:31:56.124,CORE/USDT:USDT,0.5556,14.0,0.5555,104.0,0.5563,104.0,0.5564,186.0
1753533117272,12:31:57.272,CORE/USDT:USDT,0.5556,14.0,0.5555,104.0,0.5563,104.0,0.5564,186.0
1753533118176,12:31:58.176,CORE/USDT:USDT,0.5556,14.0,0.5553,104.0,0.5563,104.0,0.5564,186.0
1753533118240,12:31:58.240,CORE/USDT:USDT,0.5555,104.0,0.5554,14.0,0.5563,104.0,0.5564,186.0
1753533118324,12:31:58.324,CORE/USDT:USDT,0.5556,14.0,0.5555,104.0,0.5563,104.0,0.5564,186.0
1753533119502,12:31:59.502,CORE/USDT:USDT,0.5556,14.0,0.5553,104.0,0.5563,104.0,0.5564,186.0
1753533119552,12:31:59.552,CORE/USDT:USDT,0.5556,14.0,0.5553,104.0,0.5563,84.0,0.5564,102.0
1753533119696,12:31:59.696,CORE/USDT:USDT,0.5556,8.0,0.5554,8.0,0.5562,104.0,0.5563,84.0
1753533119804,12:31:59.804,CORE/USDT:USDT,0.5556,8.0,0.5554,14.0,0.5562,104.0,0.5563,84.0
1753533119822,12:31:59.822,CORE/USDT:USDT,0.5554,14.0,0.5553,104.0,0.5562,104.0,0.5563,84.0
1753533120010,12:32:00.010,CORE/USDT:USDT,0.5554,118.0,0.5553,104.0,0.5562,104.0,0.5563,84.0
1753533121294,12:32:01.294,CORE/USDT:USDT,0.5554,118.0,0.5553,104.0,0.5562,104.0,0.5563,84.0
1753533121409,12:32:01.409,CORE/USDT:USDT,0.5554,118.0,0.5553,104.0,0.5562,104.0,0.5563,84.0
1753533121694,12:32:01.694,CORE/USDT:USDT,0.5554,118.0,0.5553,104.0,0.5562,104.0,0.5563,84.0
1753533122460,12:32:02.460,CORE/USDT:USDT,0.5554,118.0,0.5553,104.0,0.5562,104.0,0.5563,84.0
1753533128596,12:32:08.596,CORE/USDT:USDT,0.5554,118.0,0.5553,104.0,0.5562,104.0,0.5563,84.0
1753533132415,12:32:12.415,CORE/USDT:USDT,0.5554,118.0,0.5553,104.0,0.5562,104.0,0.5563,84.0
1753533133078,12:32:13.078,CORE/USDT:USDT,0.5554,118.0,0.5553,104.0,0.5562,104.0,0.5563,84.0
1753533135301,12:32:15.301,CORE/USDT:USDT,0.5554,118.0,0.5553,104.0,0.5562,104.0,0.5563,84.0
1753533136251,12:32:16.251,CORE/USDT:USDT,0.5554,118.0,0.5553,104.0,0.5562,104.0,0.5563,84.0
1753533141009,12:32:21.009,CORE/USDT:USDT,0.5554,118.0,0.5553,104.0,0.5562,104.0,0.5563,84.0
1753533141658,12:32:21.658,CORE/USDT:USDT,0.5554,118.0,0.5553,104.0,0.5562,104.0,0.5563,84.0
1753533141886,12:32:21.886,CORE/USDT:USDT,0.5554,118.0,0.5553,104.0,0.5562,104.0,0.5563,84.0
1753533148703,12:32:28.703,CORE/USDT:USDT,0.5554,14.0,0.5553,104.0,0.5562,104.0,0.5564,294.0
1753533148738,12:32:28.738,CORE/USDT:USDT,0.5554,14.0,0.5553,104.0,0.5561,102.0,0.5562,248.0
1753533148834,12:32:28.834,CORE/USDT:USDT,0.5554,14.0,0.5553,104.0,0.5561,102.0,0.5562,248.0
1753533148973,12:32:28.973,CORE/USDT:USDT,0.5554,14.0,0.5553,104.0,0.5561,102.0,0.5562,248.0
1753533149135,12:32:29.135,CORE/USDT:USDT,0.5554,14.0,0.5553,104.0,0.5561,102.0,0.5562,248.0
1753533150376,12:32:30.376,CORE/USDT:USDT,0.5554,14.0,0.5553,104.0,0.5561,102.0,0.5562,248.0
1753533150439,12:32:30.439,CORE/USDT:USDT,0.5554,14.0,0.5553,104.0,0.5561,102.0,0.5562,248.0
1753533150625,12:32:30.625,CORE/USDT:USDT,0.5554,14.0,0.5551,102.0,0.5561,102.0,0.5562,248.0
1753533150771,12:32:30.771,CORE/USDT:USDT,0.5552,14.0,0.5551,102.0,0.5561,102.0,0.5562,248.0
1753533150903,12:32:30.903,CORE/USDT:USDT,0.5553,104.0,0.5552,14.0,0.5561,102.0,0.5562,248.0
1753533151006,12:32:31.006,CORE/USDT:USDT,0.5554,14.0,0.5553,104.0,0.5561,102.0,0.5562,248.0
1753533151066,12:32:31.066,CORE/USDT:USDT,0.5554,14.0,0.5553,104.0,0.5561,102.0,0.5562,248.0
1753533151190,12:32:31.190,CORE/USDT:USDT,0.5554,14.0,0.5553,104.0,0.5561,102.0,0.5562,248.0
1753533152807,12:32:32.807,CORE/USDT:USDT,0.5554,14.0,0.5551,102.0,0.5561,102.0,0.5562,248.0
1753533152926,12:32:32.926,CORE/USDT:USDT,0.5554,14.0,0.5551,102.0,0.5561,102.0,0.5562,248.0
1753533153054,12:32:33.054,CORE/USDT:USDT,0.5554,14.0,0.5551,102.0,0.5561,102.0,0.5562,248.0
1753533153207,12:32:33.207,CORE/USDT:USDT,0.5554,14.0,0.5551,102.0,0.5562,248.0,0.5563,359.0
1753533153241,12:32:33.241,CORE/USDT:USDT,0.5552,14.0,0.5551,102.0,0.5561,104.0,0.5562,248.0
1753533153392,12:32:33.392,CORE/USDT:USDT,0.5552,14.0,0.5551,102.0,0.556,104.0,0.5561,188.0
1753533153545,12:32:33.545,CORE/USDT:USDT,0.5552,14.0,0.5551,102.0,0.556,104.0,0.5561,188.0
1753533153705,12:32:33.705,CORE/USDT:USDT,0.5552,14.0,0.5551,102.0,0.556,104.0,0.5561,188.0
1753533153866,12:32:33.866,CORE/USDT:USDT,0.5552,14.0,0.5551,102.0,0.556,104.0,0.5561,188.0
1753533154016,12:32:34.016,CORE/USDT:USDT,0.5552,14.0,0.5551,102.0,0.556,104.0,0.5561,547.0
1753533154036,12:32:34.036,CORE/USDT:USDT,0.5552,14.0,0.5551,102.0,0.556,104.0,0.5561,547.0
1753533154168,12:32:34.168,CORE/USDT:USDT,0.5552,118.0,0.5551,102.0,0.556,104.0,0.5561,547.0
1753533156457,12:32:36.457,CORE/USDT:USDT,0.5553,104.0,0.5552,118.0,0.556,104.0,0.5561,188.0
1753533156523,12:32:36.523,CORE/USDT:USDT,0.5554,14.0,0.5553,104.0,0.556,104.0,0.5561,188.0
1753533157087,12:32:37.087,CORE/USDT:USDT,0.5554,14.0,0.5552,104.0,0.556,104.0,0.5561,188.0
1753533157124,12:32:37.124,CORE/USDT:USDT,0.5553,14.0,0.5552,104.0,0.556,104.0,0.5561,188.0
1753533157306,12:32:37.306,CORE/USDT:USDT,0.5553,14.0,0.5552,104.0,0.556,104.0,0.5561,188.0
1753533157412,12:32:37.412,CORE/USDT:USDT,0.5553,14.0,0.5552,104.0,0.556,104.0,0.5561,188.0
1753533157425,12:32:37.425,CORE/USDT:USDT,0.5553,14.0,0.5552,104.0,0.556,104.0,0.5561,188.0
1753533157694,12:32:37.694,CORE/USDT:USDT,0.5553,14.0,0.5552,104.0,0.556,104.0,0.5561,188.0
1753533158094,12:32:38.094,CORE/USDT:USDT,0.5553,14.0,0.5552,104.0,0.556,104.0,0.5561,188.0
1753533158750,12:32:38.750,CORE/USDT:USDT,0.5553,14.0,0.5552,104.0,0.556,104.0,0.5561,188.0
1753533158900,12:32:38.900,CORE/USDT:USDT,0.5553,118.0,0.5552,104.0,0.556,104.0,0.5561,188.0
1753533159259,12:32:39.259,CORE/USDT:USDT,0.5553,118.0,0.5551,102.0,0.556,104.0,0.5561,188.0
1753533162352,12:32:42.352,CORE/USDT:USDT,0.5553,118.0,0.5551,102.0,0.556,104.0,0.5561,188.0
1753533163261,12:32:43.261,CORE/USDT:USDT,0.5553,118.0,0.5551,102.0,0.556,104.0,0.5561,188.0
1753533163334,12:32:43.334,CORE/USDT:USDT,0.5553,14.0,0.5551,102.0,0.556,104.0,0.5561,188.0
1753533163452,12:32:43.452,CORE/USDT:USDT,0.5552,14.0,0.5551,102.0,0.556,104.0,0.5561,188.0
1753533163605,12:32:43.605,CORE/USDT:USDT,0.5552,14.0,0.5551,102.0,0.556,104.0,0.5561,188.0
1753533163772,12:32:43.772,CORE/USDT:USDT,0.5552,117.0,0.5551,102.0,0.556,104.0,0.5561,188.0
1753533163993,12:32:43.993,CORE/USDT:USDT,0.5552,117.0,0.5551,102.0,0.556,104.0,0.5561,547.0
1753533164024,12:32:44.024,CORE/USDT:USDT,0.5552,117.0,0.5551,102.0,0.556,104.0,0.5561,188.0
1753533165845,12:32:45.845,CORE/USDT:USDT,0.5552,117.0,0.5551,102.0,0.556,104.0,0.5561,188.0
1753533166008,12:32:46.008,CORE/USDT:USDT,0.5552,117.0,0.5551,102.0,0.556,104.0,0.5561,547.0
1753533166096,12:32:46.096,CORE/USDT:USDT,0.5552,117.0,0.5551,102.0,0.556,104.0,0.5561,547.0
1753533167102,12:32:47.102,CORE/USDT:USDT,0.5552,117.0,0.5551,102.0,0.556,104.0,0.5561,188.0
1753533167204,12:32:47.204,CORE/USDT:USDT,0.5552,117.0,0.5551,102.0,0.556,104.0,0.5561,188.0
1753533167274,12:32:47.274,CORE/USDT:USDT,0.5552,117.0,0.5551,102.0,0.556,104.0,0.5561,188.0
1753533168007,12:32:48.007,CORE/USDT:USDT,0.5552,117.0,0.5551,102.0,0.556,104.0,0.5561,547.0
1753533168187,12:32:48.187,CORE/USDT:USDT,0.5552,117.0,0.5551,102.0,0.556,104.0,0.5561,188.0
1753533168278,12:32:48.278,CORE/USDT:USDT,0.5552,117.0,0.5551,102.0,0.556,104.0,0.5561,547.0
1753533168409,12:32:48.409,CORE/USDT:USDT,0.5552,117.0,0.5551,102.0,0.556,104.0,0.5561,188.0
1753533168511,12:32:48.511,CORE/USDT:USDT,0.5552,117.0,0.5551,102.0,0.556,104.0,0.5561,188.0
1753533169008,12:32:49.008,CORE/USDT:USDT,0.5552,117.0,0.5551,102.0,0.556,104.0,0.5561,547.0
1753533169082,12:32:49.082,CORE/USDT:USDT,0.5552,117.0,0.5551,102.0,0.556,104.0,0.5561,463.0
1753533169148,12:32:49.148,CORE/USDT:USDT,0.5552,117.0,0.5551,102.0,0.5561,104.0,0.5562,2037.0
1753533169240,12:32:49.240,CORE/USDT:USDT,0.5552,117.0,0.5551,102.0,0.556,103.0,0.5561,188.0
1753533170658,12:32:50.658,CORE/USDT:USDT,0.5552,117.0,0.5551,102.0,0.556,103.0,0.5561,547.0
1753533170855,12:32:50.855,CORE/USDT:USDT,0.5552,117.0,0.5551,102.0,0.556,103.0,0.5561,547.0
1753533171003,12:32:51.003,CORE/USDT:USDT,0.5552,117.0,0.5551,102.0,0.556,103.0,0.5561,188.0
1753533172006,12:32:52.006,CORE/USDT:USDT,0.5552,117.0,0.5551,102.0,0.556,103.0,0.5561,547.0
1753533173491,12:32:53.491,CORE/USDT:USDT,0.5552,117.0,0.5551,102.0,0.556,103.0,0.5561,547.0
1753533173606,12:32:53.606,CORE/USDT:USDT,0.5552,14.0,0.5551,102.0,0.556,103.0,0.5561,547.0
1753533173682,12:32:53.682,CORE/USDT:USDT,0.5552,14.0,0.5551,102.0,0.556,103.0,0.5561,463.0
1753533173725,12:32:53.725,CORE/USDT:USDT,0.5552,14.0,0.5551,102.0,0.5559,106.0,0.556,187.0
1753533175013,12:32:55.013,CORE/USDT:USDT,0.5552,14.0,0.5551,102.0,0.5559,106.0,0.556,187.0
1753533175105,12:32:55.105,CORE/USDT:USDT,0.5552,14.0,0.5551,102.0,0.556,240.0,0.5561,463.0
1753533175132,12:32:55.132,CORE/USDT:USDT,0.5552,14.0,0.5551,102.0,0.5559,106.0,0.556,240.0
1753533175391,12:32:55.391,CORE/USDT:USDT,0.5552,14.0,0.5551,102.0,0.5559,106.0,0.556,240.0
1753533177307,12:32:57.307,CORE/USDT:USDT,0.5552,14.0,0.5551,102.0,0.5559,106.0,0.556,240.0
1753533182154,12:33:02.154,CORE/USDT:USDT,0.5552,14.0,0.5551,102.0,0.5559,106.0,0.556,240.0
1753533183322,12:33:03.322,CORE/USDT:USDT,0.5552,14.0,0.5551,102.0,0.5559,106.0,0.556,240.0
1753533190314,12:33:10.314,CORE/USDT:USDT,0.5552,14.0,0.5551,102.0,0.5559,106.0,0.556,240.0
1753533190331,12:33:10.331,CORE/USDT:USDT,0.5552,14.0,0.5551,102.0,0.5559,106.0,0.556,240.0
1753533190770,12:33:10.770,CORE/USDT:USDT,0.5552,14.0,0.5551,102.0,0.5559,106.0,0.556,240.0
1753533191003,12:33:11.003,CORE/USDT:USDT,0.5552,14.0,0.5551,102.0,0.5559,106.0,0.556,240.0
1753533191045,12:33:11.045,CORE/USDT:USDT,0.5552,14.0,0.5551,102.0,0.5559,106.0,0.556,240.0
1753533191295,12:33:11.295,CORE/USDT:USDT,0.5552,118.0,0.5551,102.0,0.5559,106.0,0.556,240.0
1753533191734,12:33:11.734,CORE/USDT:USDT,0.5552,118.0,0.5551,102.0,0.5559,106.0,0.556,240.0
1753533192075,12:33:12.075,CORE/USDT:USDT,0.5552,118.0,0.5551,102.0,0.5559,106.0,0.556,240.0
1753533192382,12:33:12.382,CORE/USDT:USDT,0.5552,118.0,0.5551,102.0,0.5559,106.0,0.556,240.0
1753533193755,12:33:13.755,CORE/USDT:USDT,0.5552,14.0,0.5551,102.0,0.5559,106.0,0.556,240.0
1753533194097,12:33:14.097,CORE/USDT:USDT,0.5552,14.0,0.5551,102.0,0.5559,106.0,0.556,240.0
1753533195116,12:33:15.116,CORE/USDT:USDT,0.5552,14.0,0.5551,102.0,0.5559,106.0,0.556,240.0
1753533195119,12:33:15.119,CORE/USDT:USDT,0.5552,14.0,0.5551,102.0,0.5559,106.0,0.556,240.0
1753533195570,12:33:15.570,CORE/USDT:USDT,0.5552,14.0,0.5551,102.0,0.5559,106.0,0.556,240.0
1753533195945,12:33:15.945,CORE/USDT:USDT,0.5552,14.0,0.5551,102.0,0.5559,106.0,0.556,240.0
1753533196349,12:33:16.349,CORE/USDT:USDT,0.5552,14.0,0.5551,102.0,0.5559,106.0,0.556,240.0
1753533197214,12:33:17.214,CORE/USDT:USDT,0.5552,14.0,0.5551,102.0,0.5559,106.0,0.556,240.0
1753533197271,12:33:17.271,CORE/USDT:USDT,0.5552,14.0,0.5551,102.0,0.5559,106.0,0.556,240.0
1753533197322,12:33:17.322,CORE/USDT:USDT,0.5552,14.0,0.5551,102.0,0.5559,106.0,0.556,240.0
1753533199064,12:33:19.064,CORE/USDT:USDT,0.5552,14.0,0.5551,102.0,0.5559,106.0,0.556,240.0
1753533205133,12:33:25.133,CORE/USDT:USDT,0.5552,14.0,0.5551,102.0,0.5559,106.0,0.556,240.0
1753533206074,12:33:26.074,CORE/USDT:USDT,0.5552,14.0,0.5551,102.0,0.5559,106.0,0.556,240.0
1753533206226,12:33:26.226,CORE/USDT:USDT,0.5552,120.0,0.5551,102.0,0.5559,106.0,0.556,240.0
1753533208897,12:33:28.897,CORE/USDT:USDT,0.5553,106.0,0.5552,120.0,0.5559,106.0,0.556,240.0
1753533208924,12:33:28.924,CORE/USDT:USDT,0.5554,14.0,0.5553,106.0,0.5559,106.0,0.556,240.0
1753533209129,12:33:29.129,CORE/USDT:USDT,0.5554,14.0,0.5552,106.0,0.5559,106.0,0.556,240.0
1753533209273,12:33:29.273,CORE/USDT:USDT,0.5553,14.0,0.5552,106.0,0.5559,106.0,0.556,240.0
1753533211327,12:33:31.327,CORE/USDT:USDT,0.5553,14.0,0.5551,102.0,0.5559,106.0,0.556,240.0
1753533211485,12:33:31.485,CORE/USDT:USDT,0.5552,14.0,0.5551,102.0,0.5559,106.0,0.556,240.0
1753533211664,12:33:31.664,CORE/USDT:USDT,0.5552,120.0,0.5551,102.0,0.5559,106.0,0.556,240.0
1753533213352,12:33:33.352,CORE/USDT:USDT,0.5552,120.0,0.5551,102.0,0.5559,106.0,0.556,240.0
1753533214134,12:33:34.134,CORE/USDT:USDT,0.5552,120.0,0.5551,102.0,0.5559,106.0,0.556,240.0
1753533217011,12:33:37.011,CORE/USDT:USDT,0.5552,120.0,0.5551,102.0,0.5559,106.0,0.556,240.0
1753533221380,12:33:41.380,CORE/USDT:USDT,0.5552,120.0,0.5551,102.0,0.5559,106.0,0.556,240.0
1753533222007,12:33:42.007,CORE/USDT:USDT,0.5552,120.0,0.5551,102.0,0.5559,106.0,0.556,240.0
1753533222401,12:33:42.401,CORE/USDT:USDT,0.5552,120.0,0.5551,102.0,0.5559,106.0,0.556,240.0
1753533223010,12:33:43.010,CORE/USDT:USDT,0.5552,120.0,0.5551,102.0,0.5559,106.0,0.556,240.0
1753533223262,12:33:43.262,CORE/USDT:USDT,0.5552,120.0,0.5551,102.0,0.5559,106.0,0.556,240.0
1753533224011,12:33:44.011,CORE/USDT:USDT,0.5552,120.0,0.5551,102.0,0.5559,106.0,0.556,240.0
1753533226108,12:33:46.108,CORE/USDT:USDT,0.5552,120.0,0.5551,102.0,0.5559,106.0,0.556,240.0
1753533226122,12:33:46.122,CORE/USDT:USDT,0.5552,120.0,0.5551,102.0,0.5559,106.0,0.556,240.0
1753533230888,12:33:50.888,CORE/USDT:USDT,0.5552,120.0,0.5551,102.0,0.5559,106.0,0.556,240.0
1753533232008,12:33:52.008,CORE/USDT:USDT,0.5552,120.0,0.5551,102.0,0.5559,106.0,0.556,240.0
1753533232063,12:33:52.063,CORE/USDT:USDT,0.5552,120.0,0.5551,102.0,0.5559,106.0,0.556,240.0
1753533233163,12:33:53.163,CORE/USDT:USDT,0.5552,120.0,0.5551,102.0,0.5559,106.0,0.556,240.0
1753533233652,12:33:53.652,CORE/USDT:USDT,0.5552,120.0,0.5551,102.0,0.5559,106.0,0.556,240.0
1753533233746,12:33:53.746,CORE/USDT:USDT,0.5552,120.0,0.5551,102.0,0.5561,104.0,0.5562,1893.0
1753533234004,12:33:54.004,CORE/USDT:USDT,0.5552,120.0,0.5551,102.0,0.5561,104.0,0.5562,1893.0
1753533234214,12:33:54.214,CORE/USDT:USDT,0.5552,120.0,0.5551,102.0,0.5561,104.0,0.5562,1893.0
1753533235347,12:33:55.347,CORE/USDT:USDT,0.5552,120.0,0.5551,102.0,0.5561,104.0,0.5562,1893.0
1753533242192,12:34:02.192,CORE/USDT:USDT,0.5552,120.0,0.5551,102.0,0.5561,104.0,0.5562,1893.0
1753533251310,12:34:11.310,CORE/USDT:USDT,0.5552,120.0,0.5551,102.0,0.5561,104.0,0.5562,1893.0
1753533252439,12:34:12.439,CORE/USDT:USDT,0.5552,120.0,0.5551,102.0,0.5561,104.0,0.5562,1893.0
1753533253579,12:34:13.579,CORE/USDT:USDT,0.5552,14.0,0.5551,102.0,0.556,105.0,0.5561,463.0
1753533256206,12:34:16.206,CORE/USDT:USDT,0.5552,14.0,0.5551,102.0,0.556,105.0,0.5561,463.0
1753533257080,12:34:17.080,CORE/USDT:USDT,0.5552,119.0,0.5551,102.0,0.5561,104.0,0.5562,1893.0
1753533257194,12:34:17.194,CORE/USDT:USDT,0.5552,119.0,0.5551,102.0,0.5561,104.0,0.5562,1893.0
1753533258008,12:34:18.008,CORE/USDT:USDT,0.5552,119.0,0.5551,102.0,0.5561,104.0,0.5562,1893.0
1753533258449,12:34:18.449,CORE/USDT:USDT,0.5553,105.0,0.5552,119.0,0.5561,104.0,0.5562,1893.0
1753533258566,12:34:18.566,CORE/USDT:USDT,0.5554,14.0,0.5553,105.0,0.5561,104.0,0.5562,1893.0
1753533259282,12:34:19.282,CORE/USDT:USDT,0.5554,14.0,0.5552,105.0,0.5561,104.0,0.5562,1893.0
1753533259323,12:34:19.323,CORE/USDT:USDT,0.5553,14.0,0.5552,105.0,0.5561,104.0,0.5562,1893.0
1753533260433,12:34:20.433,CORE/USDT:USDT,0.5553,14.0,0.5552,105.0,0.5561,104.0,0.5562,1893.0
1753533261438,12:34:21.438,CORE/USDT:USDT,0.5553,14.0,0.5551,102.0,0.5561,104.0,0.5562,1893.0
1753533261605,12:34:21.605,CORE/USDT:USDT,0.5552,14.0,0.5551,102.0,0.5561,104.0,0.5562,1893.0
1753533261759,12:34:21.759,CORE/USDT:USDT,0.5552,14.0,0.5551,102.0,0.5561,104.0,0.5562,1893.0
1753533261913,12:34:21.913,CORE/USDT:USDT,0.5552,116.0,0.5551,102.0,0.5561,104.0,0.5562,1893.0
1753533267587,12:34:27.587,CORE/USDT:USDT,0.5552,116.0,0.5551,102.0,0.5561,104.0,0.5562,1893.0
1753533267647,12:34:27.647,CORE/USDT:USDT,0.5552,14.0,0.5551,102.0,0.556,102.0,0.5561,463.0
1753533271013,12:34:31.013,CORE/USDT:USDT,0.5552,14.0,0.5551,102.0,0.556,102.0,0.5561,463.0
1753533271081,12:34:31.081,CORE/USDT:USDT,0.5552,14.0,0.5551,102.0,0.556,102.0,0.5561,463.0
1753533271812,12:34:31.812,CORE/USDT:USDT,0.5552,14.0,0.5551,102.0,0.556,102.0,0.5561,463.0
1753533271832,12:34:31.832,CORE/USDT:USDT,0.5552,14.0,0.5551,102.0,0.556,102.0,0.5561,463.0
1753533272086,12:34:32.086,CORE/USDT:USDT,0.5552,14.0,0.5551,102.0,0.556,102.0,0.5561,463.0
1753533272660,12:34:32.660,CORE/USDT:USDT,0.5552,14.0,0.5551,102.0,0.5559,102.0,0.556,461.0
1753533273305,12:34:33.305,CORE/USDT:USDT,0.5552,14.0,0.5551,102.0,0.5559,102.0,0.556,461.0
1753533274367,12:34:34.367,CORE/USDT:USDT,0.5552,14.0,0.5551,102.0,0.5559,102.0,0.556,461.0
1753533277210,12:34:37.210,CORE/USDT:USDT,0.5552,14.0,0.5551,102.0,0.5559,102.0,0.556,102.0
1753533277222,12:34:37.222,CORE/USDT:USDT,0.5552,14.0,0.5551,102.0,0.556,102.0,0.5561,463.0
1753533277350,12:34:37.350,CORE/USDT:USDT,0.5552,14.0,0.5551,102.0,0.556,102.0,0.5561,463.0
1753533278052,12:34:38.052,CORE/USDT:USDT,0.5552,14.0,0.5551,102.0,0.556,102.0,0.5561,463.0
1753533278163,12:34:38.163,CORE/USDT:USDT,0.5552,14.0,0.5551,102.0,0.556,102.0,0.5561,463.0
1753533280910,12:34:40.910,CORE/USDT:USDT,0.5552,14.0,0.5551,102.0,0.556,102.0,0.5561,463.0
1753533282011,12:34:42.011,CORE/USDT:USDT,0.5552,14.0,0.5551,102.0,0.556,102.0,0.5561,463.0
1753533286151,12:34:46.151,CORE/USDT:USDT,0.5552,14.0,0.5551,102.0,0.556,102.0,0.5561,463.0
1753533289080,12:34:49.080,CORE/USDT:USDT,0.5552,14.0,0.5551,102.0,0.5561,104.0,0.5562,1893.0
1753533289160,12:34:49.160,CORE/USDT:USDT,0.5552,14.0,0.5551,102.0,0.556,104.0,0.5561,463.0
1753533289575,12:34:49.575,CORE/USDT:USDT,0.5552,14.0,0.5551,102.0,0.556,104.0,0.5561,463.0
1753533290911,12:34:50.911,CORE/USDT:USDT,0.5552,14.0,0.5551,102.0,0.556,104.0,0.5561,463.0
1753533290926,12:34:50.926,CORE/USDT:USDT,0.5552,14.0,0.5551,102.0,0.556,104.0,0.5561,463.0
1753533292381,12:34:52.381,CORE/USDT:USDT,0.5552,14.0,0.5551,102.0,0.5561,104.0,0.5562,1893.0
1753533292433,12:34:52.433,CORE/USDT:USDT,0.5552,14.0,0.5551,102.0,0.5561,104.0,0.5562,1893.0
1753533293014,12:34:53.014,CORE/USDT:USDT,0.5552,117.0,0.5551,102.0,0.5561,104.0,0.5562,1893.0
1753533295282,12:34:55.282,CORE/USDT:USDT,0.5552,117.0,0.5551,102.0,0.5561,104.0,0.5562,1893.0
1753533295319,12:34:55.319,CORE/USDT:USDT,0.5552,117.0,0.5551,102.0,0.5561,104.0,0.5562,1893.0
1753533296535,12:34:56.535,CORE/USDT:USDT,0.5553,103.0,0.5552,117.0,0.5561,104.0,0.5562,1893.0
1753533296623,12:34:56.623,CORE/USDT:USDT,0.5554,14.0,0.5553,103.0,0.5561,104.0,0.5562,1893.0
1753533297489,12:34:57.489,CORE/USDT:USDT,0.5554,14.0,0.5553,103.0,0.5561,104.0,0.5562,1893.0
1753533298393,12:34:58.393,CORE/USDT:USDT,0.5554,14.0,0.5552,103.0,0.5561,104.0,0.5562,1893.0
1753533298424,12:34:58.424,CORE/USDT:USDT,0.5553,14.0,0.5552,103.0,0.5561,104.0,0.5562,1893.0
1753533298546,12:34:58.546,CORE/USDT:USDT,0.5553,14.0,0.5552,103.0,0.5561,104.0,0.5562,1893.0
1753533298706,12:34:58.706,CORE/USDT:USDT,0.5553,117.0,0.5552,103.0,0.5561,104.0,0.5562,1893.0
1753533299515,12:34:59.515,CORE/USDT:USDT,0.5553,117.0,0.5552,103.0,0.5561,104.0,0.5562,1893.0
1753533299531,12:34:59.531,CORE/USDT:USDT,0.5553,117.0,0.5552,103.0,0.5561,104.0,0.5562,1893.0
1753533300383,12:35:00.383,CORE/USDT:USDT,0.5553,117.0,0.5552,103.0,0.5561,104.0,0.5562,1893.0
1753533300550,12:35:00.550,CORE/USDT:USDT,0.5553,117.0,0.5551,102.0,0.5561,104.0,0.5562,1893.0
1753533301468,12:35:01.468,CORE/USDT:USDT,0.5553,117.0,0.5551,102.0,0.5561,104.0,0.5562,1893.0
1753533302204,12:35:02.204,CORE/USDT:USDT,0.5553,117.0,0.5551,102.0,0.5561,104.0,0.5562,1893.0
1753533302915,12:35:02.915,CORE/USDT:USDT,0.5553,117.0,0.5551,102.0,0.5561,104.0,0.5562,1893.0
1753533303006,12:35:03.006,CORE/USDT:USDT,0.5553,117.0,0.5551,102.0,0.5562,104.0,0.5563,504.0
1753533303049,12:35:03.049,CORE/USDT:USDT,0.5554,107.0,0.5553,117.0,0.5562,104.0,0.5563,504.0
1753533303210,12:35:03.210,CORE/USDT:USDT,0.5555,14.0,0.5554,107.0,0.5562,104.0,0.5563,145.0
1753533303577,12:35:03.577,CORE/USDT:USDT,0.5555,121.0,0.5554,107.0,0.5562,104.0,0.5563,145.0
1753533303694,12:35:03.694,CORE/USDT:USDT,0.5555,121.0,0.5554,107.0,0.5562,104.0,0.5563,145.0
1753533304006,12:35:04.006,CORE/USDT:USDT,0.5555,121.0,0.5554,107.0,0.5562,104.0,0.5563,145.0
1753533304349,12:35:04.349,CORE/USDT:USDT,0.5555,121.0,0.5554,107.0,0.5562,104.0,0.5563,145.0
1753533304804,12:35:04.804,CORE/USDT:USDT,0.5555,121.0,0.5553,103.0,0.5562,104.0,0.5563,145.0
1753533304872,12:35:04.872,CORE/USDT:USDT,0.5555,121.0,0.5553,103.0,0.5562,104.0,0.5563,145.0
1753533306434,12:35:06.434,CORE/USDT:USDT,0.5555,121.0,0.5553,103.0,0.5562,104.0,0.5563,145.0
1753533306959,12:35:06.959,CORE/USDT:USDT,0.5555,121.0,0.5553,103.0,0.5562,104.0,0.5563,145.0
1753533310411,12:35:10.411,CORE/USDT:USDT,0.5555,121.0,0.5553,103.0,0.5562,104.0,0.5563,145.0
1753533313400,12:35:13.400,CORE/USDT:USDT,0.5555,121.0,0.5553,103.0,0.5562,104.0,0.5563,145.0
1753533324112,12:35:24.112,CORE/USDT:USDT,0.5555,121.0,0.5553,103.0,0.5562,104.0,0.5563,145.0
1753533324488,12:35:24.488,CORE/USDT:USDT,0.5555,121.0,0.5553,103.0,0.5562,104.0,0.5563,145.0
1753533325003,12:35:25.003,CORE/USDT:USDT,0.5555,121.0,0.5553,103.0,0.5562,104.0,0.5563,145.0
1753533325325,12:35:25.325,CORE/USDT:USDT,0.5555,121.0,0.5553,103.0,0.5562,104.0,0.5563,145.0
1753533338309,12:35:38.309,CORE/USDT:USDT,0.5556,104.0,0.5555,121.0,0.5562,104.0,0.5563,145.0
1753533338340,12:35:38.340,CORE/USDT:USDT,0.5557,14.0,0.5556,104.0,0.5562,104.0,0.5563,145.0
1753533339425,12:35:39.425,CORE/USDT:USDT,0.5557,14.0,0.5556,104.0,0.5562,104.0,0.5563,145.0
1753533339519,12:35:39.519,CORE/USDT:USDT,0.5557,14.0,0.5555,107.0,0.5562,104.0,0.5563,145.0
1753533339631,12:35:39.631,CORE/USDT:USDT,0.5556,14.0,0.5555,107.0,0.5562,104.0,0.5563,145.0
1753533340664,12:35:40.664,CORE/USDT:USDT,0.5556,14.0,0.5555,107.0,0.5562,104.0,0.5563,145.0
1753533341078,12:35:41.078,CORE/USDT:USDT,0.5556,14.0,0.5555,107.0,0.5562,104.0,0.5563,145.0
1753533341678,12:35:41.678,CORE/USDT:USDT,0.5556,14.0,0.5553,103.0,0.5562,104.0,0.5563,145.0
1753533341744,12:35:41.744,CORE/USDT:USDT,0.5555,105.0,0.5554,119.0,0.5562,104.0,0.5563,145.0
1753533341826,12:35:41.826,CORE/USDT:USDT,0.5556,14.0,0.5555,105.0,0.5562,104.0,0.5563,145.0
1753533342296,12:35:42.296,CORE/USDT:USDT,0.5556,14.0,0.5555,105.0,0.5562,104.0,0.5563,145.0
1753533343882,12:35:43.882,CORE/USDT:USDT,0.5556,14.0,0.5554,105.0,0.5562,104.0,0.5563,145.0
1753533343927,12:35:43.927,CORE/USDT:USDT,0.5555,14.0,0.5554,105.0,0.5562,104.0,0.5563,145.0
1753533344316,12:35:44.316,CORE/USDT:USDT,0.5555,14.0,0.5554,105.0,0.5562,104.0,0.5563,145.0
1753533344502,12:35:44.502,CORE/USDT:USDT,0.5555,14.0,0.5554,105.0,0.5562,104.0,0.5563,145.0
1753533344662,12:35:44.662,CORE/USDT:USDT,0.5555,119.0,0.5554,105.0,0.5562,104.0,0.5563,145.0
1753533346066,12:35:46.066,CORE/USDT:USDT,0.5555,119.0,0.5553,103.0,0.5562,104.0,0.5563,145.0
1753533346188,12:35:46.188,CORE/USDT:USDT,0.5555,119.0,0.5553,103.0,0.5562,104.0,0.5563,145.0
1753533346334,12:35:46.334,CORE/USDT:USDT,0.5555,119.0,0.5553,103.0,0.5562,104.0,0.5563,145.0
1753533348809,12:35:48.809,CORE/USDT:USDT,0.5555,14.0,0.5553,103.0,0.556,105.0,0.5561,192.0
1753533348842,12:35:48.842,CORE/USDT:USDT,0.5554,119.0,0.5553,103.0,0.556,105.0,0.5561,192.0
1753533349566,12:35:49.566,CORE/USDT:USDT,0.5554,119.0,0.5553,103.0,0.556,105.0,0.5561,192.0
1753533350421,12:35:50.421,CORE/USDT:USDT,0.5554,119.0,0.5553,103.0,0.556,105.0,0.5561,192.0
1753533352305,12:35:52.305,CORE/USDT:USDT,0.5555,105.0,0.5554,119.0,0.556,105.0,0.5561,192.0
1753533352324,12:35:52.324,CORE/USDT:USDT,0.5556,14.0,0.5555,105.0,0.556,105.0,0.5561,192.0
1753533352429,12:35:52.429,CORE/USDT:USDT,0.5556,14.0,0.5555,105.0,0.556,105.0,0.5561,192.0
1753533352581,12:35:52.581,CORE/USDT:USDT,0.5556,14.0,0.5554,105.0,0.556,105.0,0.5561,192.0
1753533352624,12:35:52.624,CORE/USDT:USDT,0.5555,14.0,0.5554,105.0,0.556,105.0,0.5561,192.0
1753533352739,12:35:52.739,CORE/USDT:USDT,0.5555,14.0,0.5554,105.0,0.556,105.0,0.5561,192.0
1753533353409,12:35:53.409,CORE/USDT:USDT,0.5555,119.0,0.5554,105.0,0.556,105.0,0.5561,192.0
1753533353607,12:35:53.607,CORE/USDT:USDT,0.5555,119.0,0.5554,105.0,0.556,105.0,0.5561,192.0
1753533353900,12:35:53.900,CORE/USDT:USDT,0.5555,119.0,0.5554,105.0,0.5563,105.0,0.5564,247.0
1753533353941,12:35:53.941,CORE/USDT:USDT,0.5555,14.0,0.5554,105.0,0.5562,105.0,0.5563,250.0
1753533354021,12:35:54.021,CORE/USDT:USDT,0.5555,14.0,0.5554,105.0,0.5562,105.0,0.5563,250.0
1753533354766,12:35:54.766,CORE/USDT:USDT,0.5555,14.0,0.5553,103.0,0.5562,105.0,0.5563,250.0
1753533354915,12:35:54.915,CORE/USDT:USDT,0.5554,14.0,0.5553,103.0,0.5562,105.0,0.5563,250.0
1753533355084,12:35:55.084,CORE/USDT:USDT,0.5554,14.0,0.5553,103.0,0.5562,105.0,0.5563,250.0
1753533355237,12:35:55.237,CORE/USDT:USDT,0.5554,14.0,0.5553,103.0,0.5562,105.0,0.5563,250.0
1753533355402,12:35:55.402,CORE/USDT:USDT,0.5554,14.0,0.5553,103.0,0.5562,105.0,0.5563,250.0
1753533355553,12:35:55.553,CORE/USDT:USDT,0.5554,14.0,0.5553,103.0,0.5562,105.0,0.5563,250.0
1753533355706,12:35:55.706,CORE/USDT:USDT,0.5554,14.0,0.5553,103.0,0.5562,105.0,0.5563,250.0
1753533355860,12:35:55.860,CORE/USDT:USDT,0.5554,119.0,0.5553,103.0,0.5562,105.0,0.5563,250.0
1753533360397,12:36:00.397,CORE/USDT:USDT,0.5554,119.0,0.5553,103.0,0.5562,105.0,0.5563,250.0
1753533360827,12:36:00.827,CORE/USDT:USDT,0.5555,107.0,0.5554,119.0,0.5562,105.0,0.5563,250.0
1753533360925,12:36:00.925,CORE/USDT:USDT,0.5556,14.0,0.5555,107.0,0.5562,105.0,0.5563,250.0
1753533361317,12:36:01.317,CORE/USDT:USDT,0.5556,14.0,0.5554,105.0,0.5562,105.0,0.5563,250.0
1753533361425,12:36:01.425,CORE/USDT:USDT,0.5555,14.0,0.5554,105.0,0.5562,105.0,0.5563,250.0
1753533361691,12:36:01.691,CORE/USDT:USDT,0.5555,14.0,0.5554,105.0,0.5562,105.0,0.5563,250.0
1753533361765,12:36:01.765,CORE/USDT:USDT,0.5555,14.0,0.5554,105.0,0.5562,105.0,0.5563,250.0
1753533362007,12:36:02.007,CORE/USDT:USDT,0.5555,121.0,0.5554,105.0,0.5563,107.0,0.5564,162.0
1753533362506,12:36:02.506,CORE/USDT:USDT,0.5555,121.0,0.5554,105.0,0.5563,107.0,0.5564,162.0
1753533362895,12:36:02.895,CORE/USDT:USDT,0.5555,121.0,0.5554,105.0,0.5563,107.0,0.5564,162.0
1753533362972,12:36:02.972,CORE/USDT:USDT,0.5555,121.0,0.5554,105.0,0.5563,107.0,0.5564,162.0
1753533363243,12:36:03.243,CORE/USDT:USDT,0.5555,121.0,0.5554,105.0,0.5563,107.0,0.5564,162.0
1753533363455,12:36:03.455,CORE/USDT:USDT,0.5555,121.0,0.5553,103.0,0.5563,107.0,0.5564,162.0
1753533364311,12:36:04.311,CORE/USDT:USDT,0.5555,121.0,0.5553,103.0,0.5563,107.0,0.5564,162.0
1753533364382,12:36:04.382,CORE/USDT:USDT,0.5555,121.0,0.5553,103.0,0.5563,107.0,0.5564,162.0
1753533364438,12:36:04.438,CORE/USDT:USDT,0.5555,121.0,0.5553,103.0,0.5563,107.0,0.5564,162.0
1753533364592,12:36:04.592,CORE/USDT:USDT,0.5555,121.0,0.5553,103.0,0.5563,107.0,0.5564,162.0
1753533364704,12:36:04.704,CORE/USDT:USDT,0.5555,121.0,0.5553,103.0,0.5563,107.0,0.5564,162.0
1753533365010,12:36:05.010,CORE/USDT:USDT,0.5555,121.0,0.5553,103.0,0.5563,107.0,0.5564,162.0
1753533365348,12:36:05.348,CORE/USDT:USDT,0.5555,121.0,0.5553,103.0,0.5563,107.0,0.5564,162.0
1753533365442,12:36:05.442,CORE/USDT:USDT,0.5555,121.0,0.5553,103.0,0.5563,107.0,0.5564,162.0
1753533365602,12:36:05.602,CORE/USDT:USDT,0.5555,121.0,0.5553,103.0,0.5563,107.0,0.5564,162.0
1753533366453,12:36:06.453,CORE/USDT:USDT,0.5555,121.0,0.5553,103.0,0.5563,107.0,0.5564,162.0
1753533367948,12:36:07.948,CORE/USDT:USDT,0.5555,121.0,0.5553,103.0,0.5563,107.0,0.5564,162.0
1753533369035,12:36:09.035,CORE/USDT:USDT,0.5556,107.0,0.5555,121.0,0.5563,107.0,0.5564,162.0
1753533369139,12:36:09.139,CORE/USDT:USDT,0.5557,14.0,0.5555,107.0,0.5563,107.0,0.5564,162.0
1753533369226,12:36:09.226,CORE/USDT:USDT,0.5556,14.0,0.5555,107.0,0.5563,107.0,0.5564,162.0
1753533369899,12:36:09.899,CORE/USDT:USDT,0.5556,14.0,0.5553,103.0,0.5563,107.0,0.5564,162.0
1753533369940,12:36:09.940,CORE/USDT:USDT,0.5554,14.0,0.5553,103.0,0.5563,107.0,0.5564,162.0
1753533370095,12:36:10.095,CORE/USDT:USDT,0.5554,14.0,0.5553,103.0,0.5563,107.0,0.5564,162.0
1753533370244,12:36:10.244,CORE/USDT:USDT,0.5554,14.0,0.5553,103.0,0.5563,107.0,0.5564,162.0
1753533370397,12:36:10.397,CORE/USDT:USDT,0.5554,14.0,0.5553,103.0,0.5563,107.0,0.5564,162.0
1753533370548,12:36:10.548,CORE/USDT:USDT,0.5554,14.0,0.5553,103.0,0.5563,107.0,0.5564,162.0
1753533370699,12:36:10.699,CORE/USDT:USDT,0.5554,117.0,0.5553,103.0,0.5563,107.0,0.5564,162.0
1753533371729,12:36:11.729,CORE/USDT:USDT,0.5555,103.0,0.5554,117.0,0.5563,107.0,0.5564,162.0
1753533371857,12:36:11.857,CORE/USDT:USDT,0.5556,14.0,0.5555,103.0,0.5563,107.0,0.5564,162.0
1753533372071,12:36:12.071,CORE/USDT:USDT,0.5556,14.0,0.5554,103.0,0.5563,107.0,0.5564,162.0
1753533372125,12:36:12.125,CORE/USDT:USDT,0.5555,14.0,0.5554,103.0,0.5563,107.0,0.5564,162.0
1753533372232,12:36:12.232,CORE/USDT:USDT,0.5555,14.0,0.5554,103.0,0.5563,107.0,0.5564,162.0
1753533372386,12:36:12.386,CORE/USDT:USDT,0.5555,117.0,0.5554,103.0,0.5563,107.0,0.5564,162.0
1753533373494,12:36:13.494,CORE/USDT:USDT,0.5555,117.0,0.5554,103.0,0.5563,107.0,0.5564,162.0
1753533374240,12:36:14.240,CORE/USDT:USDT,0.5555,117.0,0.5553,103.0,0.5563,107.0,0.5564,162.0
1753533378489,12:36:18.489,CORE/USDT:USDT,0.5555,117.0,0.5553,103.0,0.5563,107.0,0.5564,162.0
1753533380284,12:36:20.284,CORE/USDT:USDT,0.5555,14.0,0.5553,103.0,0.5563,107.0,0.5564,162.0
1753533380341,12:36:20.341,CORE/USDT:USDT,0.5554,14.0,0.5553,103.0,0.5563,107.0,0.5564,162.0
1753533380497,12:36:20.497,CORE/USDT:USDT,0.5554,117.0,0.5553,103.0,0.5563,107.0,0.5564,162.0
1753533382003,12:36:22.003,CORE/USDT:USDT,0.5554,117.0,0.5553,103.0,0.5563,107.0,0.5564,162.0
1753533384991,12:36:24.991,CORE/USDT:USDT,0.5555,103.0,0.5554,117.0,0.5563,107.0,0.5564,162.0
1753533385070,12:36:25.070,CORE/USDT:USDT,0.5556,14.0,0.5555,103.0,0.5563,107.0,0.5564,162.0
1753533387224,12:36:27.224,CORE/USDT:USDT,0.5556,14.0,0.5553,103.0,0.5563,107.0,0.5564,162.0
1753533387341,12:36:27.341,CORE/USDT:USDT,0.5554,14.0,0.5553,103.0,0.5563,107.0,0.5564,162.0
1753533387508,12:36:27.508,CORE/USDT:USDT,0.5555,103.0,0.5554,14.0,0.5563,107.0,0.5564,162.0
1753533387523,12:36:27.523,CORE/USDT:USDT,0.5556,14.0,0.5555,103.0,0.5563,107.0,0.5564,162.0
1753533389371,12:36:29.371,CORE/USDT:USDT,0.5556,14.0,0.5553,103.0,0.5563,107.0,0.5564,162.0
1753533389440,12:36:29.440,CORE/USDT:USDT,0.5554,14.0,0.5553,103.0,0.5563,107.0,0.5564,162.0
1753533389600,12:36:29.600,CORE/USDT:USDT,0.5555,103.0,0.5554,14.0,0.5563,107.0,0.5564,162.0
1753533389625,12:36:29.625,CORE/USDT:USDT,0.5556,14.0,0.5555,103.0,0.5563,107.0,0.5564,162.0
1753533390396,12:36:30.396,CORE/USDT:USDT,0.5556,14.0,0.5555,103.0,0.5563,107.0,0.5564,162.0
1753533391535,12:36:31.535,CORE/USDT:USDT,0.5556,14.0,0.5553,103.0,0.5563,107.0,0.5564,162.0
1753533391644,12:36:31.644,CORE/USDT:USDT,0.5555,105.0,0.5554,119.0,0.5563,107.0,0.5564,162.0
1753533391749,12:36:31.749,CORE/USDT:USDT,0.5556,14.0,0.5555,105.0,0.5563,107.0,0.5564,162.0
1753533393703,12:36:33.703,CORE/USDT:USDT,0.5556,14.0,0.5554,105.0,0.5563,107.0,0.5564,162.0
1753533393813,12:36:33.813,CORE/USDT:USDT,0.5555,14.0,0.5554,105.0,0.5562,105.0,0.5563,191.0
1753533393916,12:36:33.916,CORE/USDT:USDT,0.5555,14.0,0.5554,105.0,0.5562,105.0,0.5563,191.0
1753533394198,12:36:34.198,CORE/USDT:USDT,0.5555,14.0,0.5554,105.0,0.5562,105.0,0.5563,191.0
1753533394306,12:36:34.306,CORE/USDT:USDT,0.5555,119.0,0.5554,105.0,0.5562,105.0,0.5563,191.0
1753533394735,12:36:34.735,CORE/USDT:USDT,0.5555,119.0,0.5554,105.0,0.5562,105.0,0.5563,191.0
1753533395153,12:36:35.153,CORE/USDT:USDT,0.5555,119.0,0.5554,105.0,0.5564,102.0,0.5566,2148.0
1753533395228,12:36:35.228,CORE/USDT:USDT,0.5555,119.0,0.5554,105.0,0.5563,105.0,0.5564,230.0
1753533395567,12:36:35.567,CORE/USDT:USDT,0.5555,119.0,0.5554,105.0,0.5563,105.0,0.5564,230.0
1753533395892,12:36:35.892,CORE/USDT:USDT,0.5555,119.0,0.5553,103.0,0.5563,105.0,0.5564,230.0
1753533397910,12:36:37.910,CORE/USDT:USDT,0.5555,119.0,0.5553,103.0,0.5563,105.0,0.5564,230.0
1753533402318,12:36:42.318,CORE/USDT:USDT,0.5555,119.0,0.5553,103.0,0.5563,105.0,0.5564,230.0
1753533406206,12:36:46.206,CORE/USDT:USDT,0.5555,119.0,0.5553,103.0,0.5563,105.0,0.5564,230.0
1753533406269,12:36:46.269,CORE/USDT:USDT,0.5555,119.0,0.5553,2252.0,0.5563,105.0,0.5564,230.0
1753533406702,12:36:46.702,CORE/USDT:USDT,0.5555,119.0,0.5553,2252.0,0.5563,105.0,0.5564,230.0
1753533408097,12:36:48.097,CORE/USDT:USDT,0.5555,119.0,0.5553,2252.0,0.5563,105.0,0.5564,230.0
1753533408906,12:36:48.906,CORE/USDT:USDT,0.5555,119.0,0.5553,2252.0,0.5563,105.0,0.5564,230.0
1753533410208,12:36:50.208,CORE/USDT:USDT,0.5555,119.0,0.5553,1892.0,0.5563,105.0,0.5564,230.0
1753533412010,12:36:52.010,CORE/USDT:USDT,0.5555,119.0,0.5553,2252.0,0.5563,105.0,0.5564,230.0
1753533419669,12:36:59.669,CORE/USDT:USDT,0.5555,119.0,0.5553,2252.0,0.5563,105.0,0.5564,230.0
1753533419890,12:36:59.890,CORE/USDT:USDT,0.5556,106.0,0.5555,119.0,0.5563,105.0,0.5564,230.0
1753533420012,12:37:00.012,CORE/USDT:USDT,0.5557,14.0,0.5556,106.0,0.5563,105.0,0.5564,230.0
1753533420024,12:37:00.024,CORE/USDT:USDT,0.5557,14.0,0.5556,106.0,0.5563,105.0,0.5564,230.0
1753533420320,12:37:00.320,CORE/USDT:USDT,0.5557,14.0,0.5556,106.0,0.5563,105.0,0.5564,230.0
1753533421308,12:37:01.308,CORE/USDT:USDT,0.5557,14.0,0.5556,106.0,0.5563,105.0,0.5564,230.0
1753533421316,12:37:01.316,CORE/USDT:USDT,0.5557,14.0,0.5556,106.0,0.5563,105.0,0.5564,230.0
1753533421961,12:37:01.961,CORE/USDT:USDT,0.5557,14.0,0.5555,105.0,0.5563,105.0,0.5564,230.0
1753533422181,12:37:02.181,CORE/USDT:USDT,0.5556,14.0,0.5555,105.0,0.5563,105.0,0.5564,230.0
1753533422338,12:37:02.338,CORE/USDT:USDT,0.5556,14.0,0.5555,105.0,0.5563,105.0,0.5564,230.0
1753533422501,12:37:02.501,CORE/USDT:USDT,0.5558,1789.0,0.5557,107.0,0.5564,102.0,0.5567,359.0
1753533422576,12:37:02.576,CORE/USDT:USDT,0.5559,14.0,0.5557,107.0,0.5564,102.0,0.5567,359.0
1753533422623,12:37:02.623,CORE/USDT:USDT,0.5558,14.0,0.5557,107.0,0.5564,102.0,0.5567,359.0
1753533422917,12:37:02.917,CORE/USDT:USDT,0.5558,14.0,0.5557,107.0,0.5564,102.0,0.5567,359.0
1753533423014,12:37:03.014,CORE/USDT:USDT,0.5558,14.0,0.5557,107.0,0.5564,102.0,0.5568,461.0
1753533423543,12:37:03.543,CORE/USDT:USDT,0.5558,14.0,0.5557,107.0,0.5564,102.0,0.5568,461.0
1753533424151,12:37:04.151,CORE/USDT:USDT,0.5558,14.0,0.5557,107.0,0.5564,102.0,0.5568,461.0
1753533427417,12:37:07.417,CORE/USDT:USDT,0.5558,14.0,0.5557,107.0,0.5564,102.0,0.5568,102.0
1753533427500,12:37:07.500,CORE/USDT:USDT,0.5558,14.0,0.5557,107.0,0.5567,107.0,0.5568,247.0
1753533427584,12:37:07.584,CORE/USDT:USDT,0.5558,14.0,0.5557,107.0,0.5565,107.0,0.5566,145.0
1753533427804,12:37:07.804,CORE/USDT:USDT,0.5558,14.0,0.5557,107.0,0.5565,107.0,0.5566,145.0
1753533427852,12:37:07.852,CORE/USDT:USDT,0.5558,14.0,0.5557,107.0,0.5565,107.0,0.5566,145.0
1753533428004,12:37:08.004,CORE/USDT:USDT,0.5558,14.0,0.5557,107.0,0.5565,107.0,0.5566,145.0
1753533428200,12:37:08.200,CORE/USDT:USDT,0.5558,14.0,0.5557,107.0,0.5565,107.0,0.5566,145.0
1753533428287,12:37:08.287,CORE/USDT:USDT,0.5558,14.0,0.5557,107.0,0.5565,107.0,0.5566,145.0
1753533428410,12:37:08.410,CORE/USDT:USDT,0.5558,14.0,0.5557,107.0,0.5565,107.0,0.5566,145.0
1753533428445,12:37:08.445,CORE/USDT:USDT,0.5558,121.0,0.5557,107.0,0.5565,107.0,0.5566,145.0
1753533428545,12:37:08.545,CORE/USDT:USDT,0.5558,121.0,0.5557,107.0,0.5565,107.0,0.5566,145.0
1753533429763,12:37:09.763,CORE/USDT:USDT,0.5558,121.0,0.5557,107.0,0.5565,107.0,0.5566,145.0
1753533430494,12:37:10.494,CORE/USDT:USDT,0.5558,121.0,0.5557,107.0,0.5565,107.0,0.5566,145.0
1753533431112,12:37:11.112,CORE/USDT:USDT,0.5559,103.0,0.5558,121.0,0.5565,107.0,0.5566,145.0
1753533431201,12:37:11.201,CORE/USDT:USDT,0.556,14.0,0.5559,103.0,0.5565,107.0,0.5566,145.0
1753533431268,12:37:11.268,CORE/USDT:USDT,0.556,14.0,0.5559,103.0,0.5565,107.0,0.5566,145.0
1753533431408,12:37:11.408,CORE/USDT:USDT,0.556,14.0,0.5559,103.0,0.5565,107.0,0.5566,145.0
1753533431452,12:37:11.452,CORE/USDT:USDT,0.556,14.0,0.5559,103.0,0.5565,107.0,0.5566,145.0
1753533431815,12:37:11.815,CORE/USDT:USDT,0.556,14.0,0.5559,103.0,0.5565,107.0,0.5566,145.0
1753533431816,12:37:11.816,CORE/USDT:USDT,0.556,14.0,0.5559,103.0,0.5565,107.0,0.5566,145.0
1753533432691,12:37:12.691,CORE/USDT:USDT,0.556,14.0,0.5558,107.0,0.5565,107.0,0.5566,145.0
1753533432730,12:37:12.730,CORE/USDT:USDT,0.5559,14.0,0.5558,107.0,0.5565,107.0,0.5566,145.0
1753533433518,12:37:13.518,CORE/USDT:USDT,0.5559,14.0,0.5558,107.0,0.5565,107.0,0.5566,145.0
1753533434835,12:37:14.835,CORE/USDT:USDT,0.5559,14.0,0.5557,107.0,0.5565,107.0,0.5566,145.0
1753533434983,12:37:14.983,CORE/USDT:USDT,0.5558,14.0,0.5557,107.0,0.5565,107.0,0.5566,145.0
1753533435142,12:37:15.142,CORE/USDT:USDT,0.5558,14.0,0.5557,107.0,0.5565,107.0,0.5566,145.0
1753533435291,12:37:15.291,CORE/USDT:USDT,0.5558,14.0,0.5557,107.0,0.5565,107.0,0.5566,145.0
1753533435451,12:37:15.451,CORE/USDT:USDT,0.5558,117.0,0.5557,107.0,0.5565,107.0,0.5566,145.0
1753533435850,12:37:15.850,CORE/USDT:USDT,0.5558,117.0,0.5557,107.0,0.5565,107.0,0.5566,145.0
1753533436534,12:37:16.534,CORE/USDT:USDT,0.5558,117.0,0.5557,107.0,0.5565,107.0,0.5566,145.0
1753533438208,12:37:18.208,CORE/USDT:USDT,0.5559,1789.0,0.5558,117.0,0.5565,107.0,0.5566,145.0
1753533438286,12:37:18.286,CORE/USDT:USDT,0.556,14.0,0.5558,103.0,0.5565,107.0,0.5566,145.0
1753533438323,12:37:18.323,CORE/USDT:USDT,0.5559,14.0,0.5558,103.0,0.5565,107.0,0.5566,145.0
1753533438699,12:37:18.699,CORE/USDT:USDT,0.5559,14.0,0.5558,103.0,0.5565,107.0,0.5566,145.0
1753533439182,12:37:19.182,CORE/USDT:USDT,0.5559,14.0,0.5557,107.0,0.5565,107.0,0.5566,145.0
1753533439264,12:37:19.264,CORE/USDT:USDT,0.5558,14.0,0.5557,107.0,0.5565,107.0,0.5566,145.0
1753533439338,12:37:19.338,CORE/USDT:USDT,0.5558,14.0,0.5557,107.0,0.5565,107.0,0.5566,145.0
1753533439515,12:37:19.515,CORE/USDT:USDT,0.5558,14.0,0.5557,107.0,0.5565,107.0,0.5566,145.0
1753533439646,12:37:19.646,CORE/USDT:USDT,0.5558,14.0,0.5557,107.0,0.5565,107.0,0.5566,145.0
1753533439800,12:37:19.800,CORE/USDT:USDT,0.5558,117.0,0.5557,107.0,0.5565,107.0,0.5566,145.0
1753533440396,12:37:20.396,CORE/USDT:USDT,0.5558,117.0,0.5557,107.0,0.5565,107.0,0.5566,145.0
1753533440731,12:37:20.731,CORE/USDT:USDT,0.5558,117.0,0.5557,107.0,0.5565,107.0,0.5566,145.0
1753533447077,12:37:27.077,CORE/USDT:USDT,0.5559,106.0,0.5558,117.0,0.5565,107.0,0.5566,145.0
1753533447139,12:37:27.139,CORE/USDT:USDT,0.556,14.0,0.5558,103.0,0.5565,107.0,0.5566,145.0
1753533447224,12:37:27.224,CORE/USDT:USDT,0.5559,14.0,0.5558,103.0,0.5565,107.0,0.5566,145.0
1753533447880,12:37:27.880,CORE/USDT:USDT,0.5559,14.0,0.5557,107.0,0.5567,106.0,0.5568,247.0
1753533448003,12:37:28.003,CORE/USDT:USDT,0.5558,120.0,0.5557,107.0,0.5566,106.0,0.5567,176.0
1753533448816,12:37:28.816,CORE/USDT:USDT,0.5558,120.0,0.5557,107.0,0.5566,106.0,0.5567,176.0
1753533448901,12:37:28.901,CORE/USDT:USDT,0.5559,106.0,0.5558,120.0,0.5566,106.0,0.5567,176.0
1753533448924,12:37:28.924,CORE/USDT:USDT,0.556,14.0,0.5559,106.0,0.5566,106.0,0.5567,176.0
1753533449664,12:37:29.664,CORE/USDT:USDT,0.556,14.0,0.5559,106.0,0.5566,106.0,0.5567,176.0
1753533450010,12:37:30.010,CORE/USDT:USDT,0.556,14.0,0.5558,106.0,0.5566,106.0,0.5567,176.0
1753533450023,12:37:30.023,CORE/USDT:USDT,0.5559,14.0,0.5558,106.0,0.5566,106.0,0.5567,176.0
1753533450849,12:37:30.849,CORE/USDT:USDT,0.5559,14.0,0.5558,106.0,0.5566,106.0,0.5567,176.0
1753533452044,12:37:32.044,CORE/USDT:USDT,0.5559,14.0,0.5558,106.0,0.5566,106.0,0.5567,176.0
1753533452382,12:37:32.382,CORE/USDT:USDT,0.5559,14.0,0.5558,106.0,0.5566,106.0,0.5567,176.0
1753533452671,12:37:32.671,CORE/USDT:USDT,0.5559,14.0,0.5558,106.0,0.5566,106.0,0.5567,176.0
1753533452826,12:37:32.826,CORE/USDT:USDT,0.5559,14.0,0.5558,106.0,0.5566,106.0,0.5567,176.0
1753533452989,12:37:32.989,CORE/USDT:USDT,0.5559,120.0,0.5558,106.0,0.5566,106.0,0.5567,176.0
1753533454085,12:37:34.085,CORE/USDT:USDT,0.5559,120.0,0.5558,106.0,0.5566,106.0,0.5567,176.0
1753533454475,12:37:34.475,CORE/USDT:USDT,0.5559,120.0,0.5558,106.0,0.5566,106.0,0.5567,176.0
1753533455202,12:37:35.202,CORE/USDT:USDT,0.5559,120.0,0.5558,106.0,0.5566,106.0,0.5567,176.0
1753533455961,12:37:35.961,CORE/USDT:USDT,0.556,106.0,0.5559,120.0,0.5566,106.0,0.5567,176.0
1753533456094,12:37:36.094,CORE/USDT:USDT,0.5561,14.0,0.556,106.0,0.5566,106.0,0.5567,176.0
1753533456412,12:37:36.412,CORE/USDT:USDT,0.5561,14.0,0.556,106.0,0.5566,106.0,0.5567,176.0
1753533456502,12:37:36.502,CORE/USDT:USDT,0.5561,14.0,0.5559,106.0,0.5566,106.0,0.5567,176.0
1753533456529,12:37:36.529,CORE/USDT:USDT,0.556,14.0,0.5559,106.0,0.5566,106.0,0.5567,176.0
1753533456661,12:37:36.661,CORE/USDT:USDT,0.556,14.0,0.5559,106.0,0.5566,106.0,0.5567,176.0
1753533456811,12:37:36.811,CORE/USDT:USDT,0.556,120.0,0.5559,106.0,0.5566,106.0,0.5567,176.0
1753533457005,12:37:37.005,CORE/USDT:USDT,0.556,120.0,0.5559,106.0,0.5566,106.0,0.5567,176.0
1753533457113,12:37:37.113,CORE/USDT:USDT,0.556,120.0,0.5559,106.0,0.5566,106.0,0.5567,176.0
1753533457238,12:37:37.238,CORE/USDT:USDT,0.556,120.0,0.5559,106.0,0.5566,106.0,0.5567,176.0
1753533458012,12:37:38.012,CORE/USDT:USDT,0.556,120.0,0.5559,465.0,0.5566,106.0,0.5567,176.0
1753533460603,12:37:40.603,CORE/USDT:USDT,0.556,120.0,0.5559,465.0,0.5566,106.0,0.5567,106.0
1753533460648,12:37:40.648,CORE/USDT:USDT,0.5561,102.0,0.556,120.0,0.5568,102.0,0.5569,133.0
1753533460727,12:37:40.727,CORE/USDT:USDT,0.5562,14.0,0.5561,102.0,0.5568,102.0,0.5569,133.0
1753533460819,12:37:40.819,CORE/USDT:USDT,0.5562,14.0,0.556,106.0,0.5568,102.0,0.5569,133.0
1753533460997,12:37:40.997,CORE/USDT:USDT,0.5561,14.0,0.556,106.0,0.5568,102.0,0.5569,133.0
1753533461138,12:37:41.138,CORE/USDT:USDT,0.5561,14.0,0.556,106.0,0.5568,102.0,0.5569,133.0
1753533461312,12:37:41.312,CORE/USDT:USDT,0.5561,14.0,0.556,106.0,0.5568,102.0,0.5569,133.0
1753533461317,12:37:41.317,CORE/USDT:USDT,0.5561,14.0,0.556,106.0,0.5568,102.0,0.5569,133.0
1753533461485,12:37:41.485,CORE/USDT:USDT,0.5561,14.0,0.556,106.0,0.5568,102.0,0.5569,133.0
1753533461728,12:37:41.728,CORE/USDT:USDT,0.5561,14.0,0.556,106.0,0.5568,102.0,0.5569,133.0
1753533461984,12:37:41.984,CORE/USDT:USDT,0.5561,14.0,0.556,106.0,0.5568,102.0,0.5569,133.0
1753533462199,12:37:42.199,CORE/USDT:USDT,0.5561,14.0,0.556,675.0,0.5568,102.0,0.5569,133.0
1753533462220,12:37:42.220,CORE/USDT:USDT,0.5561,116.0,0.556,675.0,0.5568,102.0,0.5569,133.0
1753533463005,12:37:43.005,CORE/USDT:USDT,0.5561,116.0,0.556,675.0,0.5568,102.0,0.5569,133.0
1753533463208,12:37:43.208,CORE/USDT:USDT,0.5561,116.0,0.556,675.0,0.5568,102.0,0.5569,133.0
1753533463228,12:37:43.228,CORE/USDT:USDT,0.5561,116.0,0.556,675.0,0.5568,102.0,0.5569,133.0
1753533463451,12:37:43.451,CORE/USDT:USDT,0.5561,116.0,0.556,1034.0,0.5568,102.0,0.5569,133.0
1753533464198,12:37:44.198,CORE/USDT:USDT,0.5561,116.0,0.556,1034.0,0.5568,102.0,0.5569,133.0
1753533465013,12:37:45.013,CORE/USDT:USDT,0.5561,116.0,0.556,1034.0,0.5568,102.0,0.5569,133.0
1753533465019,12:37:45.019,CORE/USDT:USDT,0.5561,116.0,0.556,1034.0,0.5568,102.0,0.5569,133.0
1753533465853,12:37:45.853,CORE/USDT:USDT,0.5561,116.0,0.556,465.0,0.5568,102.0,0.5569,133.0
1753533466183,12:37:46.183,CORE/USDT:USDT,0.5561,116.0,0.556,465.0,0.5568,102.0,0.5569,133.0
1753533466259,12:37:46.259,CORE/USDT:USDT,0.5561,116.0,0.556,1034.0,0.5568,102.0,0.5569,133.0
1753533471705,12:37:51.705,CORE/USDT:USDT,0.5561,116.0,0.556,1034.0,0.5568,102.0,0.5569,133.0
1753533472701,12:37:52.701,CORE/USDT:USDT,0.5561,116.0,0.556,1034.0,0.5568,102.0,0.5569,133.0
1753533475462,12:37:55.462,CORE/USDT:USDT,0.5561,116.0,0.556,1034.0,0.5568,102.0,0.5569,133.0
1753533480042,12:38:00.042,CORE/USDT:USDT,0.5561,116.0,0.556,1034.0,0.5568,102.0,0.5569,133.0
1753533480121,12:38:00.121,CORE/USDT:USDT,0.5561,116.0,0.556,1034.0,0.5568,102.0,0.5569,133.0
1753533480676,12:38:00.676,CORE/USDT:USDT,0.5561,116.0,0.556,1034.0,0.5568,102.0,0.5569,133.0
1753533481212,12:38:01.212,CORE/USDT:USDT,0.5561,14.0,0.5557,107.0,0.5566,105.0,0.5567,1894.0
1753533481279,12:38:01.279,CORE/USDT:USDT,0.5558,14.0,0.5557,107.0,0.5566,105.0,0.5567,2253.0
1753533481339,12:38:01.339,CORE/USDT:USDT,0.5558,14.0,0.5557,107.0,0.5566,105.0,0.5567,2253.0
1753533481419,12:38:01.419,CORE/USDT:USDT,0.5558,14.0,0.5557,107.0,0.5566,105.0,0.5567,2253.0
1753533481536,12:38:01.536,CORE/USDT:USDT,0.5558,14.0,0.5557,107.0,0.5566,105.0,0.5567,2253.0
1753533481632,12:38:01.632,CORE/USDT:USDT,0.5558,119.0,0.5557,107.0,0.5566,105.0,0.5567,2253.0
1753533481972,12:38:01.972,CORE/USDT:USDT,0.5558,119.0,0.5557,107.0,0.5566,105.0,0.5567,2253.0
1753533482509,12:38:02.509,CORE/USDT:USDT,0.5558,119.0,0.5556,106.0,0.5566,105.0,0.5567,2253.0
1753533483059,12:38:03.059,CORE/USDT:USDT,0.5558,119.0,0.5556,106.0,0.5566,105.0,0.5567,2253.0
1753533483566,12:38:03.566,CORE/USDT:USDT,0.5558,119.0,0.5556,106.0,0.5566,105.0,0.5567,2253.0
1753533483634,12:38:03.634,CORE/USDT:USDT,0.5558,14.0,0.5556,106.0,0.5565,105.0,0.5566,189.0
1753533483761,12:38:03.761,CORE/USDT:USDT,0.5557,14.0,0.5556,106.0,0.5565,105.0,0.5566,189.0
1753533483852,12:38:03.852,CORE/USDT:USDT,0.5557,14.0,0.5556,106.0,0.5565,105.0,0.5566,189.0
1753533483982,12:38:03.982,CORE/USDT:USDT,0.5557,14.0,0.5556,106.0,0.5565,105.0,0.5566,189.0
1753533484250,12:38:04.250,CORE/USDT:USDT,0.5557,14.0,0.5556,106.0,0.5565,105.0,0.5566,189.0
1753533484320,12:38:04.320,CORE/USDT:USDT,0.5557,14.0,0.5556,106.0,0.5565,105.0,0.5566,189.0
1753533484503,12:38:04.503,CORE/USDT:USDT,0.5557,14.0,0.5556,106.0,0.5565,145.0,0.5566,105.0
1753533484593,12:38:04.593,CORE/USDT:USDT,0.5557,14.0,0.5556,106.0,0.5565,504.0,0.5566,105.0
1753533484658,12:38:04.658,CORE/USDT:USDT,0.5557,14.0,0.5555,106.0,0.5564,105.0,0.5565,504.0
1753533484740,12:38:04.740,CORE/USDT:USDT,0.5556,14.0,0.5555,106.0,0.5563,105.0,0.5564,189.0
1753533485008,12:38:05.008,CORE/USDT:USDT,0.5556,14.0,0.5555,106.0,0.5563,105.0,0.5564,189.0
1753533485119,12:38:05.119,CORE/USDT:USDT,0.5556,14.0,0.5555,106.0,0.5563,105.0,0.5564,189.0
1753533485558,12:38:05.558,CORE/USDT:USDT,0.5556,14.0,0.5555,106.0,0.5562,105.0,0.5563,189.0
1753533485797,12:38:05.797,CORE/USDT:USDT,0.5556,14.0,0.5555,106.0,0.5562,105.0,0.5563,189.0
1753533486018,12:38:06.018,CORE/USDT:USDT,0.5556,14.0,0.5555,106.0,0.5562,105.0,0.5563,189.0
1753533486299,12:38:06.299,CORE/USDT:USDT,0.5556,14.0,0.5555,106.0,0.5562,105.0,0.5563,189.0
1753533486853,12:38:06.853,CORE/USDT:USDT,0.5556,14.0,0.5555,106.0,0.5562,105.0,0.5563,189.0
1753533488006,12:38:08.006,CORE/USDT:USDT,0.5556,14.0,0.5555,106.0,0.5562,105.0,0.5563,189.0
1753533488028,12:38:08.028,CORE/USDT:USDT,0.5556,14.0,0.5555,106.0,0.5562,105.0,0.5563,189.0
1753533488293,12:38:08.293,CORE/USDT:USDT,0.5556,14.0,0.5555,106.0,0.5562,105.0,0.5563,189.0
1753533488510,12:38:08.510,CORE/USDT:USDT,0.5556,14.0,0.5555,106.0,0.5562,105.0,0.5563,189.0
1753533488525,12:38:08.525,CORE/USDT:USDT,0.5556,14.0,0.5555,106.0,0.5562,105.0,0.5563,189.0
1753533488878,12:38:08.878,CORE/USDT:USDT,0.5556,14.0,0.5555,106.0,0.5562,105.0,0.5563,189.0
1753533489261,12:38:09.261,CORE/USDT:USDT,0.5556,14.0,0.5555,106.0,0.5562,105.0,0.5563,189.0
1753533490010,12:38:10.010,CORE/USDT:USDT,0.5556,14.0,0.5555,106.0,0.5562,105.0,0.5563,189.0
1753533492294,12:38:12.294,CORE/USDT:USDT,0.5556,14.0,0.5555,106.0,0.5562,105.0,0.5563,189.0
1753533493282,12:38:13.282,CORE/USDT:USDT,0.5556,14.0,0.5555,106.0,0.5562,105.0,0.5563,189.0
1753533494011,12:38:14.011,CORE/USDT:USDT,0.5556,14.0,0.5555,106.0,0.5562,105.0,0.5563,189.0
1753533495547,12:38:15.547,CORE/USDT:USDT,0.5556,14.0,0.5555,106.0,0.5562,105.0,0.5563,189.0
1753533497404,12:38:17.404,CORE/USDT:USDT,0.5556,14.0,0.5555,106.0,0.5562,105.0,0.5563,189.0
1753533500003,12:38:20.003,CORE/USDT:USDT,0.5556,14.0,0.5555,106.0,0.5562,105.0,0.5563,189.0
1753533500397,12:38:20.397,CORE/USDT:USDT,0.5556,14.0,0.5555,106.0,0.5562,105.0,0.5563,189.0
1753533505311,12:38:25.311,CORE/USDT:USDT,0.5556,14.0,0.5555,106.0,0.5562,105.0,0.5563,189.0
1753533505339,12:38:25.339,CORE/USDT:USDT,0.5556,14.0,0.5555,106.0,0.5562,105.0,0.5563,189.0
1753533506010,12:38:26.010,CORE/USDT:USDT,0.5556,14.0,0.5555,106.0,0.5562,105.0,0.5563,189.0
1753533506515,12:38:26.515,CORE/USDT:USDT,0.5556,14.0,0.5555,106.0,0.5562,105.0,0.5563,189.0
1753533506527,12:38:26.527,CORE/USDT:USDT,0.5556,14.0,0.5555,106.0,0.5562,105.0,0.5563,189.0
1753533508007,12:38:28.007,CORE/USDT:USDT,0.5556,14.0,0.5555,106.0,0.5562,105.0,0.5563,189.0
1753533510103,12:38:30.103,CORE/USDT:USDT,0.5556,14.0,0.5555,106.0,0.5562,105.0,0.5563,189.0
1753533511004,12:38:31.004,CORE/USDT:USDT,0.5556,14.0,0.5555,106.0,0.5562,105.0,0.5563,189.0
1753533513294,12:38:33.294,CORE/USDT:USDT,0.5556,14.0,0.5555,106.0,0.5562,105.0,0.5563,189.0
1753533514004,12:38:34.004,CORE/USDT:USDT,0.5556,14.0,0.5555,106.0,0.5562,105.0,0.5563,189.0
1753533515310,12:38:35.310,CORE/USDT:USDT,0.5556,14.0,0.5555,106.0,0.5562,105.0,0.5563,189.0
1753533515414,12:38:35.414,CORE/USDT:USDT,0.5556,14.0,0.5555,106.0,0.5562,105.0,0.5563,189.0
1753533515768,12:38:35.768,CORE/USDT:USDT,0.5556,14.0,0.5555,106.0,0.5561,145.0,0.5562,105.0
1753533516003,12:38:36.003,CORE/USDT:USDT,0.5556,14.0,0.5555,106.0,0.556,106.0,0.5561,145.0
1753533516023,12:38:36.023,CORE/USDT:USDT,0.5556,14.0,0.5555,106.0,0.556,251.0,0.5562,105.0
1753533516639,12:38:36.639,CORE/USDT:USDT,0.5556,14.0,0.5555,106.0,0.556,251.0,0.5562,105.0
1753533517111,12:38:37.111,CORE/USDT:USDT,0.5556,14.0,0.5555,106.0,0.556,251.0,0.5563,105.0
1753533517134,12:38:37.134,CORE/USDT:USDT,0.5556,14.0,0.5554,969.0,0.5559,106.0,0.556,251.0
1753533517307,12:38:37.307,CORE/USDT:USDT,0.5555,14.0,0.5554,1328.0,0.5559,106.0,0.556,251.0
1753533517320,12:38:37.320,CORE/USDT:USDT,0.5555,14.0,0.5554,1328.0,0.5559,106.0,0.556,251.0
1753533517451,12:38:37.451,CORE/USDT:USDT,0.5555,14.0,0.5554,1328.0,0.5559,106.0,0.556,251.0
1753533517547,12:38:37.547,CORE/USDT:USDT,0.5555,14.0,0.5554,1328.0,0.5559,106.0,0.556,251.0
1753533519312,12:38:39.312,CORE/USDT:USDT,0.5555,14.0,0.5554,1328.0,0.5559,106.0,0.556,251.0
1753533519322,12:38:39.322,CORE/USDT:USDT,0.5555,14.0,0.5554,1328.0,0.5559,106.0,0.556,251.0
1753533519943,12:38:39.943,CORE/USDT:USDT,0.5555,14.0,0.5554,1328.0,0.5559,106.0,0.556,251.0
1753533520671,12:38:40.671,CORE/USDT:USDT,0.5555,14.0,0.5554,1328.0,0.5559,106.0,0.556,251.0
1753533520813,12:38:40.813,CORE/USDT:USDT,0.5555,14.0,0.5554,1328.0,0.556,106.0,0.5564,105.0
1753533520840,12:38:40.840,CORE/USDT:USDT,0.5555,14.0,0.5554,1328.0,0.5561,103.0,0.5562,84.0
1753533521082,12:38:41.082,CORE/USDT:USDT,0.5555,14.0,0.5554,1328.0,0.5561,103.0,0.5562,84.0
1753533521467,12:38:41.467,CORE/USDT:USDT,0.5555,14.0,0.5554,1328.0,0.5561,103.0,0.5562,84.0
1753533521561,12:38:41.561,CORE/USDT:USDT,0.5555,14.0,0.5554,1328.0,0.5561,103.0,0.5562,84.0
1753533521895,12:38:41.895,CORE/USDT:USDT,0.5555,14.0,0.5554,1328.0,0.5561,103.0,0.5562,84.0
1753533522083,12:38:42.083,CORE/USDT:USDT,0.5555,14.0,0.5554,1328.0,0.5561,103.0,0.5562,84.0
1753533522345,12:38:42.345,CORE/USDT:USDT,0.5555,14.0,0.5554,1328.0,0.5561,103.0,0.5562,84.0
1753533522508,12:38:42.508,CORE/USDT:USDT,0.5555,14.0,0.5554,969.0,0.5561,103.0,0.5562,84.0
1753533522605,12:38:42.605,CORE/USDT:USDT,0.5555,14.0,0.5554,969.0,0.5561,103.0,0.5562,84.0
1753533522793,12:38:42.793,CORE/USDT:USDT,0.5555,14.0,0.5554,106.0,0.5561,103.0,0.5562,84.0
1753533523004,12:38:43.004,CORE/USDT:USDT,0.5555,14.0,0.5554,106.0,0.5561,103.0,0.5562,84.0
1753533523022,12:38:43.022,CORE/USDT:USDT,0.5555,14.0,0.5554,106.0,0.5561,103.0,0.5564,188.0
1753533523142,12:38:43.142,CORE/USDT:USDT,0.5555,14.0,0.5553,2205.0,0.556,103.0,0.5561,187.0
1753533523315,12:38:43.315,CORE/USDT:USDT,0.5554,14.0,0.5553,1892.0,0.556,103.0,0.5561,187.0
1753533523610,12:38:43.610,CORE/USDT:USDT,0.5554,14.0,0.5552,106.0,0.556,103.0,0.5561,187.0
1753533523631,12:38:43.631,CORE/USDT:USDT,0.5553,14.0,0.5552,106.0,0.556,103.0,0.5561,187.0
1753533523760,12:38:43.760,CORE/USDT:USDT,0.5553,14.0,0.5552,106.0,0.556,103.0,0.5561,187.0
1753533524006,12:38:44.006,CORE/USDT:USDT,0.5553,14.0,0.5552,106.0,0.556,103.0,0.5561,187.0
1753533524393,12:38:44.393,CORE/USDT:USDT,0.5553,14.0,0.5552,106.0,0.556,103.0,0.5561,187.0
1753533525054,12:38:45.054,CORE/USDT:USDT,0.5553,14.0,0.5552,106.0,0.556,103.0,0.5561,187.0
1753533526612,12:38:46.612,CORE/USDT:USDT,0.5553,14.0,0.5552,106.0,0.556,103.0,0.5561,187.0
1753533526821,12:38:46.821,CORE/USDT:USDT,0.5553,14.0,0.5552,106.0,0.556,103.0,0.5561,187.0
1753533528205,12:38:48.205,CORE/USDT:USDT,0.5553,14.0,0.5552,106.0,0.556,103.0,0.5561,103.0
1753533528228,12:38:48.228,CORE/USDT:USDT,0.5553,14.0,0.5552,106.0,0.5561,103.0,0.5563,359.0
1753533528397,12:38:48.397,CORE/USDT:USDT,0.5553,14.0,0.5552,106.0,0.5559,103.0,0.556,84.0
1753533528472,12:38:48.472,CORE/USDT:USDT,0.5553,14.0,0.5552,106.0,0.5559,103.0,0.556,84.0
1753533528610,12:38:48.610,CORE/USDT:USDT,0.5553,14.0,0.5552,106.0,0.5559,103.0,0.556,84.0
1753533528711,12:38:48.711,CORE/USDT:USDT,0.5553,14.0,0.5552,106.0,0.5559,103.0,0.556,84.0
1753533528811,12:38:48.811,CORE/USDT:USDT,0.5553,14.0,0.5552,466.0,0.5559,103.0,0.556,84.0
1753533528860,12:38:48.860,CORE/USDT:USDT,0.5553,117.0,0.5552,466.0,0.556,103.0,0.5561,248.0
1753533529191,12:38:49.191,CORE/USDT:USDT,0.5553,477.0,0.5552,106.0,0.556,103.0,0.5561,248.0
1753533529275,12:38:49.275,CORE/USDT:USDT,0.5553,477.0,0.5552,106.0,0.556,103.0,0.5561,248.0
1753533529557,12:38:49.557,CORE/USDT:USDT,0.5553,477.0,0.5552,106.0,0.556,103.0,0.5561,248.0
1753533529675,12:38:49.675,CORE/USDT:USDT,0.5553,477.0,0.5552,106.0,0.556,103.0,0.5561,248.0
1753533530193,12:38:50.193,CORE/USDT:USDT,0.5553,477.0,0.5552,106.0,0.556,103.0,0.5561,248.0
1753533532606,12:38:52.606,CORE/USDT:USDT,0.5554,1789.0,0.5553,477.0,0.556,103.0,0.5561,248.0
1753533532624,12:38:52.624,CORE/USDT:USDT,0.5555,14.0,0.5554,1789.0,0.556,103.0,0.5561,248.0
1753533534575,12:38:54.575,CORE/USDT:USDT,0.5555,551.0,0.5554,1789.0,0.556,103.0,0.5561,248.0
1753533537953,12:38:57.953,CORE/USDT:USDT,0.5555,551.0,0.5554,1789.0,0.556,103.0,0.5561,248.0
1753533540305,12:39:00.305,CORE/USDT:USDT,0.5555,551.0,0.5554,1789.0,0.556,103.0,0.5561,248.0
1753533540397,12:39:00.397,CORE/USDT:USDT,0.5555,551.0,0.5554,1789.0,0.556,103.0,0.5561,248.0
1753533540840,12:39:00.840,CORE/USDT:USDT,0.5555,551.0,0.5554,1895.0,0.5561,103.0,0.5566,1032.0
1753533541598,12:39:01.598,CORE/USDT:USDT,0.5555,551.0,0.5554,1895.0,0.5561,103.0,0.5564,188.0
1753533547239,12:39:07.239,CORE/USDT:USDT,0.5556,106.0,0.5555,657.0,0.5561,103.0,0.5564,188.0
1753533547416,12:39:07.416,CORE/USDT:USDT,0.5557,14.0,0.5556,106.0,0.5561,103.0,0.5564,188.0
1753533547799,12:39:07.799,CORE/USDT:USDT,0.5557,14.0,0.5556,106.0,0.5561,103.0,0.5564,188.0
1753533547836,12:39:07.836,CORE/USDT:USDT,0.5557,14.0,0.5556,106.0,0.5561,103.0,0.5564,188.0
1753533552173,12:39:12.173,CORE/USDT:USDT,0.5557,14.0,0.5556,106.0,0.5561,103.0,0.5564,188.0
1753533553576,12:39:13.576,CORE/USDT:USDT,0.5557,14.0,0.5556,106.0,0.5561,103.0,0.5564,188.0
1753533554012,12:39:14.012,CORE/USDT:USDT,0.5557,14.0,0.5556,106.0,0.5561,103.0,0.5564,188.0
1753533556108,12:39:16.108,CORE/USDT:USDT,0.5557,14.0,0.5556,106.0,0.5561,103.0,0.5564,188.0
1753533560004,12:39:20.004,CORE/USDT:USDT,0.5557,14.0,0.5556,106.0,0.5561,103.0,0.5564,188.0
1753533560589,12:39:20.589,CORE/USDT:USDT,0.5557,14.0,0.5556,106.0,0.5561,103.0,0.5564,188.0
1753533563496,12:39:23.496,CORE/USDT:USDT,0.5557,14.0,0.5556,106.0,0.5561,103.0,0.5564,188.0
1753533565153,12:39:25.153,CORE/USDT:USDT,0.5557,14.0,0.5556,106.0,0.5561,103.0,0.5566,577.0
1753533567017,12:39:27.017,CORE/USDT:USDT,0.5557,14.0,0.5556,106.0,0.5561,103.0,0.5566,1124.0
1753533570611,12:39:30.611,CORE/USDT:USDT,0.5557,14.0,0.5556,106.0,0.5561,103.0,0.5566,765.0
1753533576424,12:39:36.424,CORE/USDT:USDT,0.5557,14.0,0.5556,106.0,0.5561,103.0,0.5566,765.0
1753533576753,12:39:36.753,CORE/USDT:USDT,0.5557,14.0,0.5556,106.0,0.5561,103.0,0.5566,765.0
1753533577009,12:39:37.009,CORE/USDT:USDT,0.5557,14.0,0.5556,106.0,0.5561,103.0,0.5566,1124.0
1753533578075,12:39:38.075,CORE/USDT:USDT,0.5557,14.0,0.5556,106.0,0.5561,103.0,0.5566,765.0
1753533580008,12:39:40.008,CORE/USDT:USDT,0.5557,14.0,0.5556,106.0,0.5561,103.0,0.5566,1124.0
1753533580757,12:39:40.757,CORE/USDT:USDT,0.5557,14.0,0.5556,106.0,0.5561,103.0,0.5566,765.0
1753533583005,12:39:43.005,CORE/USDT:USDT,0.5557,14.0,0.5556,106.0,0.5561,103.0,0.5566,1124.0
1753533583126,12:39:43.126,CORE/USDT:USDT,0.5557,14.0,0.5556,106.0,0.5561,103.0,0.5566,765.0
1753533583360,12:39:43.360,CORE/USDT:USDT,0.5557,14.0,0.5556,106.0,0.5561,103.0,0.5566,765.0
1753533585010,12:39:45.010,CORE/USDT:USDT,0.5557,14.0,0.5556,106.0,0.5561,103.0,0.5566,765.0
1753533588197,12:39:48.197,CORE/USDT:USDT,0.5557,14.0,0.5556,106.0,0.5561,103.0,0.5566,293.0
1753533588368,12:39:48.368,CORE/USDT:USDT,0.5557,14.0,0.5556,106.0,0.5561,103.0,0.5566,293.0
1753533589006,12:39:49.006,CORE/USDT:USDT,0.5557,14.0,0.5556,106.0,0.5561,103.0,0.5566,293.0
1753533590283,12:39:50.283,CORE/USDT:USDT,0.5557,14.0,0.5555,643.0,0.5561,103.0,0.5566,293.0
1753533590333,12:39:50.333,CORE/USDT:USDT,0.5556,14.0,0.5555,643.0,0.5561,103.0,0.5566,293.0
1753533590852,12:39:50.852,CORE/USDT:USDT,0.5556,14.0,0.5555,643.0,0.5561,103.0,0.5566,293.0
1753533593006,12:39:53.006,CORE/USDT:USDT,0.5556,14.0,0.5555,643.0,0.5561,103.0,0.5566,293.0
1753533593208,12:39:53.208,CORE/USDT:USDT,0.5556,14.0,0.5555,537.0,0.5561,103.0,0.5566,293.0
1753533593315,12:39:53.315,CORE/USDT:USDT,0.5556,14.0,0.5554,106.0,0.5563,105.0,0.5564,464.0
1753533593383,12:39:53.383,CORE/USDT:USDT,0.5555,14.0,0.5553,107.0,0.5561,105.0,0.5562,145.0
1753533593440,12:39:53.440,CORE/USDT:USDT,0.5554,14.0,0.5553,107.0,0.556,105.0,0.5561,189.0
1753533595243,12:39:55.243,CORE/USDT:USDT,0.5554,14.0,0.5553,107.0,0.556,105.0,0.5561,189.0
1753533597412,12:39:57.412,CORE/USDT:USDT,0.5554,14.0,0.5553,107.0,0.556,105.0,0.5561,189.0
1753533597641,12:39:57.641,CORE/USDT:USDT,0.5554,14.0,0.5553,107.0,0.556,105.0,0.5561,189.0
1753533597979,12:39:57.979,CORE/USDT:USDT,0.5554,14.0,0.5553,107.0,0.556,105.0,0.5561,189.0
1753533598625,12:39:58.625,CORE/USDT:USDT,0.5554,14.0,0.5553,107.0,0.556,105.0,0.5561,189.0
1753533598778,12:39:58.778,CORE/USDT:USDT,0.5554,14.0,0.5553,107.0,0.556,105.0,0.5561,189.0
1753533599009,12:39:59.009,CORE/USDT:USDT,0.5554,14.0,0.5553,107.0,0.556,105.0,0.5561,189.0
1753533599085,12:39:59.085,CORE/USDT:USDT,0.5554,14.0,0.5553,107.0,0.556,105.0,0.5561,189.0
1753533599243,12:39:59.243,CORE/USDT:USDT,0.5554,119.0,0.5553,107.0,0.556,105.0,0.5561,189.0
1753533599406,12:39:59.406,CORE/USDT:USDT,0.5554,119.0,0.5553,107.0,0.556,105.0,0.5561,189.0
1753533599608,12:39:59.608,CORE/USDT:USDT,0.5554,119.0,0.5553,107.0,0.556,105.0,0.5561,189.0
1753533600092,12:40:00.092,CORE/USDT:USDT,0.5554,119.0,0.5553,107.0,0.556,105.0,0.5561,189.0
1753533600316,12:40:00.316,CORE/USDT:USDT,0.5554,119.0,0.5553,467.0,0.556,105.0,0.5561,105.0
1753533600352,12:40:00.352,CORE/USDT:USDT,0.5555,105.0,0.5554,1908.0,0.5562,105.0,0.5563,134.0
1753533600480,12:40:00.480,CORE/USDT:USDT,0.5556,14.0,0.5555,673.0,0.5561,104.0,0.5562,250.0
1753533600706,12:40:00.706,CORE/USDT:USDT,0.5556,14.0,0.5555,105.0,0.5561,104.0,0.5562,250.0
1753533600894,12:40:00.894,CORE/USDT:USDT,0.5556,14.0,0.5555,105.0,0.5561,104.0,0.5562,250.0
1753533601004,12:40:01.004,CORE/USDT:USDT,0.5556,14.0,0.5555,105.0,0.5561,104.0,0.5562,250.0
1753533601206,12:40:01.206,CORE/USDT:USDT,0.5556,14.0,0.5555,105.0,0.5561,104.0,0.5562,250.0
1753533601240,12:40:01.240,CORE/USDT:USDT,0.5556,14.0,0.5555,105.0,0.5561,104.0,0.5562,250.0
1753533601596,12:40:01.596,CORE/USDT:USDT,0.5556,14.0,0.5555,105.0,0.5561,104.0,0.5562,250.0
1753533606005,12:40:06.005,CORE/USDT:USDT,0.5556,14.0,0.5555,105.0,0.5561,104.0,0.5562,250.0
1753533607451,12:40:07.451,CORE/USDT:USDT,0.5556,14.0,0.5555,105.0,0.5561,104.0,0.5562,250.0
1753533607910,12:40:07.910,CORE/USDT:USDT,0.5556,14.0,0.5555,105.0,0.5561,104.0,0.5562,250.0
1753533608011,12:40:08.011,CORE/USDT:USDT,0.5556,14.0,0.5555,105.0,0.5561,104.0,0.5562,250.0
1753533609560,12:40:09.560,CORE/USDT:USDT,0.5556,14.0,0.5555,105.0,0.5561,104.0,0.5562,250.0
1753533610008,12:40:10.008,CORE/USDT:USDT,0.5556,14.0,0.5555,105.0,0.5561,104.0,0.5562,250.0
1753533610087,12:40:10.087,CORE/USDT:USDT,0.5556,14.0,0.5555,105.0,0.5561,104.0,0.5562,250.0
1753533611428,12:40:11.428,CORE/USDT:USDT,0.5556,14.0,0.5555,105.0,0.5561,104.0,0.5562,250.0
1753533611527,12:40:11.527,CORE/USDT:USDT,0.5556,14.0,0.5555,105.0,0.5561,104.0,0.5562,250.0
1753533612621,12:40:12.621,CORE/USDT:USDT,0.5556,14.0,0.5555,105.0,0.5561,104.0,0.5562,250.0
1753533617222,12:40:17.222,CORE/USDT:USDT,0.5556,14.0,0.5555,105.0,0.5561,104.0,0.5562,250.0
1753533618009,12:40:18.009,CORE/USDT:USDT,0.5556,14.0,0.5555,105.0,0.5561,104.0,0.5562,250.0
1753533623013,12:40:23.013,CORE/USDT:USDT,0.5556,14.0,0.5555,105.0,0.5561,104.0,0.5562,105.0
1753533623105,12:40:23.105,CORE/USDT:USDT,0.5556,14.0,0.5555,105.0,0.5562,103.0,0.5563,145.0
1753533623195,12:40:23.195,CORE/USDT:USDT,0.5556,14.0,0.5555,105.0,0.5561,103.0,0.5562,173.0
1753533625944,12:40:25.944,CORE/USDT:USDT,0.5556,14.0,0.5555,105.0,0.5561,103.0,0.5562,173.0
1753533627786,12:40:27.786,CORE/USDT:USDT,0.5556,14.0,0.5554,674.0,0.5561,103.0,0.5562,173.0
1753533627829,12:40:27.829,CORE/USDT:USDT,0.5555,14.0,0.5554,674.0,0.5561,103.0,0.5562,173.0
1753533629596,12:40:29.596,CORE/USDT:USDT,0.5555,117.0,0.5554,674.0,0.5561,103.0,0.5562,173.0
1753533630407,12:40:30.407,CORE/USDT:USDT,0.5555,117.0,0.5554,1033.0,0.5561,103.0,0.5562,173.0
1753533631116,12:40:31.116,CORE/USDT:USDT,0.5556,103.0,0.5555,117.0,0.5561,103.0,0.5562,173.0
1753533631173,12:40:31.173,CORE/USDT:USDT,0.5557,14.0,0.5556,103.0,0.5561,103.0,0.5562,173.0
1753533631815,12:40:31.815,CORE/USDT:USDT,0.5557,14.0,0.5556,103.0,0.5563,103.0,0.5564,250.0
1753533631840,12:40:31.840,CORE/USDT:USDT,0.5557,14.0,0.5556,103.0,0.5562,103.0,0.5563,153.0
1753533632020,12:40:32.020,CORE/USDT:USDT,0.5557,14.0,0.5555,103.0,0.5562,103.0,0.5563,153.0
1753533632178,12:40:32.178,CORE/USDT:USDT,0.5556,14.0,0.5555,103.0,0.5562,103.0,0.5563,153.0
1753533632335,12:40:32.335,CORE/USDT:USDT,0.5556,117.0,0.5555,103.0,0.5562,103.0,0.5563,153.0
1753533633513,12:40:33.513,CORE/USDT:USDT,0.5556,117.0,0.5555,103.0,0.5562,103.0,0.5563,153.0
1753533633748,12:40:33.748,CORE/USDT:USDT,0.5557,103.0,0.5556,117.0,0.5562,103.0,0.5563,153.0
1753533633849,12:40:33.849,CORE/USDT:USDT,0.5558,14.0,0.5557,103.0,0.5562,103.0,0.5563,153.0
1753533634112,12:40:34.112,CORE/USDT:USDT,0.5558,14.0,0.5557,103.0,0.5562,103.0,0.5563,153.0
1753533634187,12:40:34.187,CORE/USDT:USDT,0.5558,14.0,0.5556,103.0,0.5562,103.0,0.5563,153.0
1753533634231,12:40:34.231,CORE/USDT:USDT,0.5557,14.0,0.5556,103.0,0.5562,103.0,0.5563,153.0
1753533634340,12:40:34.340,CORE/USDT:USDT,0.5557,14.0,0.5556,103.0,0.5562,103.0,0.5563,153.0
1753533634498,12:40:34.498,CORE/USDT:USDT,0.5557,117.0,0.5556,103.0,0.5562,103.0,0.5563,153.0
1753533634860,12:40:34.860,CORE/USDT:USDT,0.5557,117.0,0.5556,103.0,0.5562,103.0,0.5563,153.0
1753533635008,12:40:35.008,CORE/USDT:USDT,0.5557,117.0,0.5556,462.0,0.5562,103.0,0.5563,153.0
1753533635144,12:40:35.144,CORE/USDT:USDT,0.5557,117.0,0.5556,103.0,0.5562,103.0,0.5563,153.0
1753533636006,12:40:36.006,CORE/USDT:USDT,0.5557,117.0,0.5556,103.0,0.5562,103.0,0.5563,153.0
1753533636296,12:40:36.296,CORE/USDT:USDT,0.5557,117.0,0.5556,1892.0,0.5562,103.0,0.5563,153.0
1753533636355,12:40:36.355,CORE/USDT:USDT,0.5557,685.0,0.5556,1892.0,0.5562,103.0,0.5563,153.0
1753533637325,12:40:37.325,CORE/USDT:USDT,0.5557,582.0,0.5556,1892.0,0.5562,103.0,0.5563,153.0
1753533637612,12:40:37.612,CORE/USDT:USDT,0.5557,582.0,0.5556,1892.0,0.5562,103.0,0.5563,153.0
1753533638134,12:40:38.134,CORE/USDT:USDT,0.5557,582.0,0.5556,1892.0,0.5562,103.0,0.5563,153.0
1753533638395,12:40:38.395,CORE/USDT:USDT,0.5557,582.0,0.5556,1892.0,0.5562,103.0,0.5563,153.0
1753533639004,12:40:39.004,CORE/USDT:USDT,0.5557,582.0,0.5556,1892.0,0.5562,103.0,0.5563,153.0
1753533639034,12:40:39.034,CORE/USDT:USDT,0.5557,582.0,0.5556,1892.0,0.5562,103.0,0.5563,153.0
1753533639884,12:40:39.884,CORE/USDT:USDT,0.5557,582.0,0.5556,1892.0,0.5562,103.0,0.5563,153.0
1753533640012,12:40:40.012,CORE/USDT:USDT,0.5557,14.0,0.5556,1892.0,0.5562,103.0,0.5563,153.0
1753533640039,12:40:40.039,CORE/USDT:USDT,0.5557,14.0,0.5556,1892.0,0.5562,103.0,0.5563,153.0
1753533640120,12:40:40.120,CORE/USDT:USDT,0.5557,582.0,0.5556,1892.0,0.5562,103.0,0.5563,153.0
1753533641008,12:40:41.008,CORE/USDT:USDT,0.5557,582.0,0.5556,1892.0,0.5562,103.0,0.5563,153.0
1753533641150,12:40:41.150,CORE/USDT:USDT,0.5557,582.0,0.5556,1892.0,0.5562,103.0,0.5563,153.0
1753533643096,12:40:43.096,CORE/USDT:USDT,0.5557,582.0,0.5556,1892.0,0.5562,103.0,0.5563,153.0
1753533643377,12:40:43.377,CORE/USDT:USDT,0.5557,582.0,0.5556,1892.0,0.5562,103.0,0.5563,153.0
1753533644008,12:40:44.008,CORE/USDT:USDT,0.5557,582.0,0.5556,2251.0,0.5562,103.0,0.5563,153.0
1753533644981,12:40:44.981,CORE/USDT:USDT,0.5557,582.0,0.5556,2251.0,0.5562,103.0,0.5563,153.0
1753533646687,12:40:46.687,CORE/USDT:USDT,0.5557,582.0,0.5556,2251.0,0.5562,103.0,0.5563,153.0
1753533649283,12:40:49.283,CORE/USDT:USDT,0.5557,582.0,0.5556,2251.0,0.5562,103.0,0.5563,153.0
1753533650004,12:40:50.004,CORE/USDT:USDT,0.5557,582.0,0.5556,2251.0,0.5562,103.0,0.5563,103.0
1753533650094,12:40:50.094,CORE/USDT:USDT,0.5557,582.0,0.5556,2251.0,0.5563,103.0,0.5565,145.0
1753533650468,12:40:50.468,CORE/USDT:USDT,0.5557,582.0,0.5556,2251.0,0.5563,103.0,0.5565,145.0
1753533651639,12:40:51.639,CORE/USDT:USDT,0.5557,582.0,0.5556,2251.0,0.5563,103.0,0.5565,145.0
1753533658404,12:40:58.404,CORE/USDT:USDT,0.5557,582.0,0.5556,2251.0,0.5563,103.0,0.5565,145.0
1753533659512,12:40:59.512,CORE/USDT:USDT,0.5558,105.0,0.5557,687.0,0.5563,103.0,0.5565,145.0
1753533659542,12:40:59.542,CORE/USDT:USDT,0.5559,14.0,0.5558,105.0,0.5563,103.0,0.5565,145.0
1753533660014,12:41:00.014,CORE/USDT:USDT,0.5559,14.0,0.5558,105.0,0.5563,103.0,0.5565,145.0
1753533660120,12:41:00.120,CORE/USDT:USDT,0.5559,14.0,0.5558,105.0,0.5563,103.0,0.5565,145.0
1753533661503,12:41:01.503,CORE/USDT:USDT,0.5559,14.0,0.5558,105.0,0.5563,103.0,0.5565,145.0
1753533662256,12:41:02.256,CORE/USDT:USDT,0.5559,14.0,0.5557,673.0,0.5563,103.0,0.5565,145.0
1753533662373,12:41:02.373,CORE/USDT:USDT,0.5558,14.0,0.5557,673.0,0.5563,103.0,0.5565,145.0
1753533663201,12:41:03.201,CORE/USDT:USDT,0.5558,118.0,0.5557,673.0,0.5563,103.0,0.5565,145.0
1753533664006,12:41:04.006,CORE/USDT:USDT,0.5558,118.0,0.5557,673.0,0.5563,103.0,0.5565,145.0
1753533664417,12:41:04.417,CORE/USDT:USDT,0.5558,118.0,0.5557,673.0,0.5563,103.0,0.5565,145.0
1753533664426,12:41:04.426,CORE/USDT:USDT,0.5558,118.0,0.5557,673.0,0.5563,103.0,0.5565,145.0
1753533673204,12:41:13.204,CORE/USDT:USDT,0.5558,118.0,0.5557,673.0,0.5563,103.0,0.5565,145.0
1753533674006,12:41:14.006,CORE/USDT:USDT,0.5558,118.0,0.5557,673.0,0.5563,103.0,0.5565,145.0
1753533680004,12:41:20.004,CORE/USDT:USDT,0.5558,118.0,0.5557,673.0,0.5563,103.0,0.5566,293.0
1753533680030,12:41:20.030,CORE/USDT:USDT,0.5558,118.0,0.5557,673.0,0.5562,96.0,0.5563,103.0
1753533680128,12:41:20.128,CORE/USDT:USDT,0.5558,118.0,0.5557,673.0,0.5563,103.0,0.5565,145.0
1753533682485,12:41:22.485,CORE/USDT:USDT,0.5558,118.0,0.5557,673.0,0.5563,103.0,0.5565,145.0
1753533685173,12:41:25.173,CORE/USDT:USDT,0.5558,118.0,0.5557,673.0,0.5563,103.0,0.5565,145.0
1753533687004,12:41:27.004,CORE/USDT:USDT,0.5558,118.0,0.5557,673.0,0.5563,103.0,0.5565,145.0
1753533687826,12:41:27.826,CORE/USDT:USDT,0.5559,107.0,0.5558,118.0,0.5563,103.0,0.5565,145.0
1753533687959,12:41:27.959,CORE/USDT:USDT,0.556,14.0,0.5558,104.0,0.5563,103.0,0.5565,145.0
1753533688072,12:41:28.072,CORE/USDT:USDT,0.5559,14.0,0.5558,104.0,0.5563,103.0,0.5565,145.0
1753533688134,12:41:28.134,CORE/USDT:USDT,0.5559,14.0,0.5558,104.0,0.5563,103.0,0.5565,145.0
1753533688311,12:41:28.311,CORE/USDT:USDT,0.5559,14.0,0.5558,104.0,0.5563,103.0,0.5565,145.0
1753533689002,12:41:29.002,CORE/USDT:USDT,0.5559,14.0,0.5558,104.0,0.5563,103.0,0.5566,293.0
1753533689023,12:41:29.023,CORE/USDT:USDT,0.5559,14.0,0.5558,104.0,0.5563,210.0,0.5566,293.0
1753533689122,12:41:29.122,CORE/USDT:USDT,0.5559,14.0,0.5558,104.0,0.5563,103.0,0.5566,293.0
1753533690448,12:41:30.448,CORE/USDT:USDT,0.5559,14.0,0.5558,104.0,0.5563,103.0,0.5566,293.0
1753533690901,12:41:30.901,CORE/USDT:USDT,0.5559,14.0,0.5558,104.0,0.5563,103.0,0.5566,293.0
1753533691011,12:41:31.011,CORE/USDT:USDT,0.5559,14.0,0.5558,104.0,0.5563,103.0,0.5566,293.0
1753533694110,12:41:34.110,CORE/USDT:USDT,0.5559,14.0,0.5558,104.0,0.5563,103.0,0.5566,293.0
1753533694119,12:41:34.119,CORE/USDT:USDT,0.5559,14.0,0.5558,104.0,0.5563,103.0,0.5566,293.0
1753533694265,12:41:34.265,CORE/USDT:USDT,0.5559,14.0,0.5558,104.0,0.5563,103.0,0.5566,293.0
1753533694917,12:41:34.917,CORE/USDT:USDT,0.5559,14.0,0.5558,104.0,0.5563,103.0,0.5566,293.0
1753533695068,12:41:35.068,CORE/USDT:USDT,0.5559,120.0,0.5558,104.0,0.5563,103.0,0.5566,293.0
1753533697309,12:41:37.309,CORE/USDT:USDT,0.5559,120.0,0.5558,104.0,0.5563,103.0,0.5566,293.0
1753533697372,12:41:37.372,CORE/USDT:USDT,0.5559,120.0,0.5558,104.0,0.5563,103.0,0.5566,293.0
1753533698007,12:41:38.007,CORE/USDT:USDT,0.5559,120.0,0.5558,104.0,0.5563,103.0,0.5566,293.0
1753533700545,12:41:40.545,CORE/USDT:USDT,0.556,106.0,0.5559,120.0,0.5565,106.0,0.5566,293.0
1753533700645,12:41:40.645,CORE/USDT:USDT,0.5561,14.0,0.5559,106.0,0.5564,106.0,0.5565,176.0
1753533700725,12:41:40.725,CORE/USDT:USDT,0.556,14.0,0.5559,106.0,0.5564,106.0,0.5565,176.0
1753533701011,12:41:41.011,CORE/USDT:USDT,0.556,14.0,0.5559,106.0,0.5564,157.0,0.5565,106.0
1753533701156,12:41:41.156,CORE/USDT:USDT,0.556,14.0,0.5559,106.0,0.5564,157.0,0.5565,106.0
1753533701535,12:41:41.535,CORE/USDT:USDT,0.556,14.0,0.5559,106.0,0.5563,106.0,0.5564,157.0
1753533701730,12:41:41.730,CORE/USDT:USDT,0.556,14.0,0.5558,104.0,0.5563,106.0,0.5564,157.0
1753533701823,12:41:41.823,CORE/USDT:USDT,0.5559,14.0,0.5558,104.0,0.5563,106.0,0.5564,157.0
1753533702569,12:41:42.569,CORE/USDT:USDT,0.5559,14.0,0.5558,104.0,0.5564,157.0,0.5566,105.0
1753533702712,12:41:42.712,CORE/USDT:USDT,0.5559,14.0,0.5558,104.0,0.5564,157.0,0.5566,105.0
1753533702768,12:41:42.768,CORE/USDT:USDT,0.5559,14.0,0.5558,104.0,0.5564,157.0,0.5566,105.0
1753533702864,12:41:42.864,CORE/USDT:USDT,0.5559,14.0,0.5558,104.0,0.5564,157.0,0.5566,105.0
1753533703016,12:41:43.016,CORE/USDT:USDT,0.5559,14.0,0.5558,463.0,0.5568,247.0,0.5569,321.0
1753533703115,12:41:43.115,CORE/USDT:USDT,0.5559,14.0,0.5558,463.0,0.5567,106.0,0.5568,247.0
1753533703182,12:41:43.182,CORE/USDT:USDT,0.5559,120.0,0.5558,463.0,0.5565,106.0,0.5566,70.0
1753533703313,12:41:43.313,CORE/USDT:USDT,0.5559,479.0,0.5558,104.0,0.5565,106.0,0.5566,70.0
1753533703403,12:41:43.403,CORE/USDT:USDT,0.556,106.0,0.5559,479.0,0.5565,106.0,0.5566,70.0
1753533703425,12:41:43.425,CORE/USDT:USDT,0.5561,14.0,0.556,106.0,0.5565,106.0,0.5566,70.0
1753533703609,12:41:43.609,CORE/USDT:USDT,0.5561,14.0,0.556,106.0,0.5565,106.0,0.5566,70.0
1753533703661,12:41:43.661,CORE/USDT:USDT,0.5561,14.0,0.556,106.0,0.5565,106.0,0.5566,70.0
1753533703915,12:41:43.915,CORE/USDT:USDT,0.5561,14.0,0.556,106.0,0.5565,106.0,0.5566,70.0
1753533704023,12:41:44.023,CORE/USDT:USDT,0.5561,14.0,0.556,106.0,0.5565,106.0,0.5566,70.0
1753533704680,12:41:44.680,CORE/USDT:USDT,0.5561,14.0,0.556,106.0,0.5565,106.0,0.5566,70.0
1753533706756,12:41:46.756,CORE/USDT:USDT,0.5561,14.0,0.556,106.0,0.5565,106.0,0.5566,70.0
1753533706942,12:41:46.942,CORE/USDT:USDT,0.5561,14.0,0.556,106.0,0.5568,102.0,0.5569,321.0
1753533707036,12:41:47.036,CORE/USDT:USDT,0.5561,14.0,0.556,106.0,0.5567,106.0,0.5568,247.0
1753533707140,12:41:47.140,CORE/USDT:USDT,0.5561,14.0,0.556,106.0,0.5566,106.0,0.5567,176.0
1753533707313,12:41:47.313,CORE/USDT:USDT,0.5561,14.0,0.556,106.0,0.5566,106.0,0.5567,176.0
1753533707331,12:41:47.331,CORE/USDT:USDT,0.5561,14.0,0.556,106.0,0.5566,106.0,0.5567,176.0
1753533707631,12:41:47.631,CORE/USDT:USDT,0.5561,14.0,0.556,106.0,0.5566,106.0,0.5567,176.0
1753533710007,12:41:50.007,CORE/USDT:USDT,0.5561,14.0,0.556,465.0,0.5566,106.0,0.5567,176.0
1753533710399,12:41:50.399,CORE/USDT:USDT,0.5561,14.0,0.556,465.0,0.5566,106.0,0.5567,176.0
1753533710431,12:41:50.431,CORE/USDT:USDT,0.5561,14.0,0.556,106.0,0.5566,106.0,0.5567,176.0
1753533716107,12:41:56.107,CORE/USDT:USDT,0.5561,14.0,0.5559,359.0,0.5566,106.0,0.5567,176.0
1753533716216,12:41:56.216,CORE/USDT:USDT,0.5561,14.0,0.5558,104.0,0.5566,1789.0,0.5567,145.0
1753533716297,12:41:56.297,CORE/USDT:USDT,0.556,14.0,0.5558,104.0,0.5566,107.0,0.5567,1789.0
1753533716359,12:41:56.359,CORE/USDT:USDT,0.5559,14.0,0.5558,104.0,0.5565,107.0,0.5566,191.0
1753533716500,12:41:56.500,CORE/USDT:USDT,0.556,107.0,0.5559,14.0,0.5568,102.0,0.5569,492.0
1753533716546,12:41:56.546,CORE/USDT:USDT,0.5561,14.0,0.556,107.0,0.5566,107.0,0.5567,145.0
1753533716679,12:41:56.679,CORE/USDT:USDT,0.5561,14.0,0.556,107.0,0.5566,107.0,0.5567,145.0
1753533716720,12:41:56.720,CORE/USDT:USDT,0.5561,14.0,0.556,107.0,0.5566,107.0,0.5567,145.0
1753533716952,12:41:56.952,CORE/USDT:USDT,0.5561,14.0,0.5558,104.0,0.5566,107.0,0.5567,145.0
1753533717052,12:41:57.052,CORE/USDT:USDT,0.5559,14.0,0.5558,104.0,0.5566,107.0,0.5567,145.0
1753533717202,12:41:57.202,CORE/USDT:USDT,0.556,107.0,0.5559,14.0,0.5566,107.0,0.5567,145.0
1753533717257,12:41:57.257,CORE/USDT:USDT,0.5561,14.0,0.556,107.0,0.5566,107.0,0.5567,145.0
1753533718205,12:41:58.205,CORE/USDT:USDT,0.5561,14.0,0.556,107.0,0.5566,107.0,0.5567,145.0
1753533719121,12:41:59.121,CORE/USDT:USDT,0.5561,14.0,0.5558,104.0,0.5566,107.0,0.5567,145.0
1753533719240,12:41:59.240,CORE/USDT:USDT,0.5559,121.0,0.5558,104.0,0.5566,107.0,0.5567,145.0
1753533719414,12:41:59.414,CORE/USDT:USDT,0.556,107.0,0.5559,121.0,0.5566,107.0,0.5567,145.0
1753533719452,12:41:59.452,CORE/USDT:USDT,0.5561,14.0,0.556,107.0,0.5566,107.0,0.5567,145.0
1753533720010,12:42:00.010,CORE/USDT:USDT,0.5561,14.0,0.556,107.0,0.5566,107.0,0.5567,145.0
1753533721003,12:42:01.003,CORE/USDT:USDT,0.5561,14.0,0.5559,107.0,0.5566,107.0,0.5567,145.0
1753533721028,12:42:01.028,CORE/USDT:USDT,0.556,14.0,0.5559,107.0,0.5566,107.0,0.5567,145.0
1753533721268,12:42:01.268,CORE/USDT:USDT,0.556,14.0,0.5558,104.0,0.5566,107.0,0.5567,145.0
1753533721324,12:42:01.324,CORE/USDT:USDT,0.5559,14.0,0.5558,104.0,0.5566,107.0,0.5567,145.0
1753533721431,12:42:01.431,CORE/USDT:USDT,0.5559,14.0,0.5558,104.0,0.5566,107.0,0.5567,145.0
1753533721580,12:42:01.580,CORE/USDT:USDT,0.5559,117.0,0.5558,104.0,0.5566,107.0,0.5567,145.0
1753533722006,12:42:02.006,CORE/USDT:USDT,0.5559,117.0,0.5558,104.0,0.5566,107.0,0.5567,145.0
1753533722036,12:42:02.036,CORE/USDT:USDT,0.5559,117.0,0.5558,104.0,0.5566,107.0,0.5567,145.0
1753533722153,12:42:02.153,CORE/USDT:USDT,0.5559,117.0,0.5558,104.0,0.5566,107.0,0.5567,145.0
1753533722903,12:42:02.903,CORE/USDT:USDT,0.5559,117.0,0.5558,104.0,0.5568,102.0,0.5569,321.0
1753533722925,12:42:02.925,CORE/USDT:USDT,0.5559,117.0,0.5558,104.0,0.5566,103.0,0.5567,145.0
1753533723052,12:42:03.052,CORE/USDT:USDT,0.5559,117.0,0.5558,104.0,0.5565,103.0,0.5566,248.0
1753533723368,12:42:03.368,CORE/USDT:USDT,0.5559,117.0,0.5558,104.0,0.5565,103.0,0.5566,248.0
1753533725006,12:42:05.006,CORE/USDT:USDT,0.5559,117.0,0.5558,104.0,0.5565,103.0,0.5566,103.0
1753533725108,12:42:05.108,CORE/USDT:USDT,0.5559,117.0,0.5558,104.0,0.5566,103.0,0.5567,145.0
1753533725176,12:42:05.176,CORE/USDT:USDT,0.5559,117.0,0.5558,104.0,0.5565,103.0,0.5566,248.0
1753533726109,12:42:06.109,CORE/USDT:USDT,0.5559,117.0,0.5558,104.0,0.5565,103.0,0.5566,248.0
1753533726131,12:42:06.131,CORE/USDT:USDT,0.5559,117.0,0.5558,104.0,0.5565,103.0,0.5566,248.0
1753533727009,12:42:07.009,CORE/USDT:USDT,0.5559,117.0,0.5558,104.0,0.5565,103.0,0.5566,248.0
1753533727029,12:42:07.029,CORE/USDT:USDT,0.5559,117.0,0.5558,104.0,0.5565,103.0,0.5566,248.0
1753533728052,12:42:08.052,CORE/USDT:USDT,0.5559,117.0,0.5558,104.0,0.5565,103.0,0.5566,248.0
1753533729013,12:42:09.013,CORE/USDT:USDT,0.5559,117.0,0.5558,104.0,0.5565,103.0,0.5566,248.0
1753533729537,12:42:09.537,CORE/USDT:USDT,0.556,103.0,0.5559,117.0,0.5565,103.0,0.5566,248.0
1753533729694,12:42:09.694,CORE/USDT:USDT,0.5561,14.0,0.556,103.0,0.5565,103.0,0.5566,248.0
1753533729928,12:42:09.928,CORE/USDT:USDT,0.5561,14.0,0.5559,103.0,0.5565,103.0,0.5566,248.0
1753533730080,12:42:10.080,CORE/USDT:USDT,0.556,117.0,0.5559,103.0,0.5565,103.0,0.5566,248.0
1753533730249,12:42:10.249,CORE/USDT:USDT,0.556,117.0,0.5559,103.0,0.5565,103.0,0.5566,248.0
1753533732113,12:42:12.113,CORE/USDT:USDT,0.556,117.0,0.5558,104.0,0.5565,103.0,0.5566,248.0
1753533733133,12:42:13.133,CORE/USDT:USDT,0.556,117.0,0.5558,104.0,0.5565,103.0,0.5566,248.0
1753533736011,12:42:16.011,CORE/USDT:USDT,0.556,117.0,0.5558,463.0,0.5565,103.0,0.5566,248.0
1753533738093,12:42:18.093,CORE/USDT:USDT,0.5561,102.0,0.556,117.0,0.5566,248.0,0.5568,102.0
1753533738176,12:42:18.176,CORE/USDT:USDT,0.5562,14.0,0.5561,102.0,0.5566,248.0,0.5568,102.0
1753533738587,12:42:18.587,CORE/USDT:USDT,0.5562,14.0,0.5561,102.0,0.5568,102.0,0.5569,133.0
1753533738630,12:42:18.630,CORE/USDT:USDT,0.5562,14.0,0.5561,102.0,0.5567,102.0,0.5568,172.0
1753533739528,12:42:19.528,CORE/USDT:USDT,0.5562,14.0,0.5561,102.0,0.5567,102.0,0.5568,172.0
1753533740012,12:42:20.012,CORE/USDT:USDT,0.5562,14.0,0.5561,102.0,0.5567,102.0,0.5568,172.0
1753533740567,12:42:20.567,CORE/USDT:USDT,0.5562,14.0,0.5561,102.0,0.5567,102.0,0.5568,172.0
1753533740738,12:42:20.738,CORE/USDT:USDT,0.5562,14.0,0.5561,102.0,0.5567,102.0,0.5568,172.0
1753533741288,12:42:21.288,CORE/USDT:USDT,0.5562,14.0,0.5561,102.0,0.5567,102.0,0.5568,172.0
1753533741498,12:42:21.498,CORE/USDT:USDT,0.5562,117.0,0.5561,102.0,0.5567,102.0,0.5568,172.0
1753533742709,12:42:22.709,CORE/USDT:USDT,0.5562,117.0,0.5561,102.0,0.5567,102.0,0.5568,172.0
1753533743284,12:42:23.284,CORE/USDT:USDT,0.5562,14.0,0.5561,102.0,0.5567,102.0,0.5568,172.0
1753533743330,12:42:23.330,CORE/USDT:USDT,0.5562,14.0,0.5561,102.0,0.5567,102.0,0.5568,172.0
1753533745003,12:42:25.003,CORE/USDT:USDT,0.5562,14.0,0.5561,102.0,0.5567,102.0,0.5568,172.0
1753533745114,12:42:25.114,CORE/USDT:USDT,0.5562,14.0,0.5561,102.0,0.5567,102.0,0.5568,172.0
1753533745642,12:42:25.642,CORE/USDT:USDT,0.5562,14.0,0.5561,102.0,0.5567,102.0,0.5568,172.0
1753533746005,12:42:26.005,CORE/USDT:USDT,0.5562,14.0,0.5561,102.0,0.5567,102.0,0.5568,172.0
1753533746107,12:42:26.107,CORE/USDT:USDT,0.5562,117.0,0.5561,102.0,0.5567,102.0,0.5568,172.0
1753533746175,12:42:26.175,CORE/USDT:USDT,0.5562,14.0,0.5561,102.0,0.5568,172.0,0.5569,133.0
1753533746277,12:42:26.277,CORE/USDT:USDT,0.5562,14.0,0.5561,102.0,0.5567,103.0,0.5568,172.0
1753533746403,12:42:26.403,CORE/USDT:USDT,0.5562,14.0,0.5561,102.0,0.5567,103.0,0.5568,172.0
1753533746480,12:42:26.480,CORE/USDT:USDT,0.5562,14.0,0.5561,102.0,0.5567,103.0,0.5568,172.0
1753533746553,12:42:26.553,CORE/USDT:USDT,0.5562,14.0,0.5561,102.0,0.5567,103.0,0.5568,172.0
1753533746704,12:42:26.704,CORE/USDT:USDT,0.5562,117.0,0.5561,102.0,0.5567,103.0,0.5568,172.0
1753533748392,12:42:28.392,CORE/USDT:USDT,0.5562,117.0,0.5561,102.0,0.5567,103.0,0.5568,172.0
1753533748779,12:42:28.779,CORE/USDT:USDT,0.5562,117.0,0.5561,102.0,0.5567,103.0,0.5568,172.0
1753533749193,12:42:29.193,CORE/USDT:USDT,0.5562,117.0,0.5561,102.0,0.5567,103.0,0.5568,172.0
1753533750334,12:42:30.334,CORE/USDT:USDT,0.5563,103.0,0.5562,117.0,0.5567,103.0,0.5568,172.0
1753533750428,12:42:30.428,CORE/USDT:USDT,0.5564,14.0,0.5563,103.0,0.5567,103.0,0.5568,172.0
1753533751005,12:42:31.005,CORE/USDT:USDT,0.5564,14.0,0.5563,103.0,0.5567,103.0,0.5568,172.0
1753533751215,12:42:31.215,CORE/USDT:USDT,0.5564,14.0,0.5563,103.0,0.5567,103.0,0.5568,172.0
1753533751599,12:42:31.599,CORE/USDT:USDT,0.5564,14.0,0.5562,103.0,0.5567,103.0,0.5568,172.0
1753533751624,12:42:31.624,CORE/USDT:USDT,0.5563,14.0,0.5562,103.0,0.5567,103.0,0.5568,172.0
1753533752429,12:42:32.429,CORE/USDT:USDT,0.5563,14.0,0.5562,103.0,0.5567,103.0,0.5568,172.0
1753533753598,12:42:33.598,CORE/USDT:USDT,0.5563,14.0,0.5562,103.0,0.5567,103.0,0.5568,172.0
1753533753772,12:42:33.772,CORE/USDT:USDT,0.5563,14.0,0.5562,103.0,0.5567,103.0,0.5568,172.0
1753533756829,12:42:36.829,CORE/USDT:USDT,0.5563,14.0,0.5562,103.0,0.5567,103.0,0.5568,172.0
1753533757112,12:42:37.112,CORE/USDT:USDT,0.5563,14.0,0.5562,103.0,0.5567,103.0,0.5568,172.0
1753533758003,12:42:38.003,CORE/USDT:USDT,0.5563,14.0,0.5562,103.0,0.5567,103.0,0.5568,172.0
1753533758136,12:42:38.136,CORE/USDT:USDT,0.5563,14.0,0.5561,102.0,0.5567,103.0,0.5568,172.0
1753533758228,12:42:38.228,CORE/USDT:USDT,0.5562,14.0,0.5561,102.0,0.5567,103.0,0.5568,172.0
1753533759111,12:42:39.111,CORE/USDT:USDT,0.5562,14.0,0.5561,102.0,0.5567,103.0,0.5568,172.0
1753533759132,12:42:39.132,CORE/USDT:USDT,0.5562,14.0,0.5561,102.0,0.5567,103.0,0.5568,172.0
1753533759307,12:42:39.307,CORE/USDT:USDT,0.5562,14.0,0.5561,102.0,0.5567,103.0,0.5568,172.0
1753533759338,12:42:39.338,CORE/USDT:USDT,0.5562,14.0,0.5561,102.0,0.5567,103.0,0.5568,172.0
1753533760399,12:42:40.399,CORE/USDT:USDT,0.5562,14.0,0.5561,102.0,0.5567,103.0,0.5568,172.0
1753533760662,12:42:40.662,CORE/USDT:USDT,0.5562,14.0,0.5561,102.0,0.5567,103.0,0.5568,172.0
1753533762004,12:42:42.004,CORE/USDT:USDT,0.5562,14.0,0.5561,102.0,0.5567,103.0,0.5568,172.0
1753533763147,12:42:43.147,CORE/USDT:USDT,0.5562,117.0,0.5561,102.0,0.5567,103.0,0.5568,172.0
1753533767894,12:42:47.894,CORE/USDT:USDT,0.5562,117.0,0.5561,102.0,0.5567,103.0,0.5568,172.0
1753533768153,12:42:48.153,CORE/USDT:USDT,0.5562,117.0,0.5561,102.0,0.5567,103.0,0.5568,172.0
1753533769183,12:42:49.183,CORE/USDT:USDT,0.5562,117.0,0.5561,461.0,0.5567,103.0,0.5568,172.0
1753533771444,12:42:51.444,CORE/USDT:USDT,0.5562,117.0,0.5561,461.0,0.5567,103.0,0.5568,172.0
1753533773005,12:42:53.005,CORE/USDT:USDT,0.5562,117.0,0.5561,461.0,0.5567,103.0,0.5568,102.0
1753533773026,12:42:53.026,CORE/USDT:USDT,0.5562,117.0,0.5561,461.0,0.5567,101.0,0.5568,102.0
1753533773184,12:42:53.184,CORE/USDT:USDT,0.5562,117.0,0.5561,461.0,0.5567,101.0,0.5568,102.0
1753533773894,12:42:53.894,CORE/USDT:USDT,0.5562,117.0,0.5561,102.0,0.5567,101.0,0.5568,102.0
1753533774114,12:42:54.114,CORE/USDT:USDT,0.5562,117.0,0.5561,461.0,0.5567,101.0,0.5568,102.0
1753533774213,12:42:54.213,CORE/USDT:USDT,0.5562,117.0,0.5561,461.0,0.5567,203.0,0.5568,102.0
1753533774248,12:42:54.248,CORE/USDT:USDT,0.5562,117.0,0.5561,102.0,0.5567,203.0,0.5568,102.0
1753533775004,12:42:55.004,CORE/USDT:USDT,0.5562,117.0,0.5561,461.0,0.5567,203.0,0.5568,102.0
1753533775055,12:42:55.055,CORE/USDT:USDT,0.5562,117.0,0.5561,102.0,0.5567,203.0,0.5568,102.0
