timestamp,time,symbol,bid1_price,bid1_volume,bid2_price,bid2_volume,ask1_price,ask1_volume,ask2_price,ask2_volume
1753533019000,12:30:19.000,CROSS/USDT:USDT,0.29294,1.0,0.2929,26.0,0.29303,21.0,0.29304,26.0
1753533020181,12:30:20.181,CROSS/USDT:USDT,0.29294,1.0,0.29278,1.0,0.29303,21.0,0.29304,26.0
1753533020571,12:30:20.571,CROSS/USDT:USDT,0.29294,1.0,0.29278,1.0,0.29303,21.0,0.29304,26.0
1753533021082,12:30:21.082,CROSS/USDT:USDT,0.29294,27.0,0.29279,946.0,0.29304,26.0,0.29306,26.0
1753533021168,12:30:21.168,CROSS/USDT:USDT,0.29294,27.0,0.29284,40.0,0.29306,26.0,0.29308,26.0
1753533021382,12:30:21.382,CROSS/USDT:USDT,0.29294,27.0,0.29292,26.0,0.29306,26.0,0.29308,26.0
1753533021428,12:30:21.428,CROSS/USDT:USDT,0.29294,27.0,0.29292,26.0,0.29306,26.0,0.29308,26.0
1753533021585,12:30:21.585,CROSS/USDT:USDT,0.29294,27.0,0.29292,26.0,0.29306,26.0,0.29308,26.0
1753533021655,12:30:21.655,CROSS/USDT:USDT,0.29294,27.0,0.29292,26.0,0.29308,26.0,0.2931,26.0
1753533021866,12:30:21.866,CROSS/USDT:USDT,0.29294,27.0,0.29293,19.0,0.29314,26.0,0.29318,26.0
1753533021942,12:30:21.942,CROSS/USDT:USDT,0.29294,27.0,0.29293,23.0,0.29314,26.0,0.29316,26.0
1753533022288,12:30:22.288,CROSS/USDT:USDT,0.29294,27.0,0.29293,23.0,0.29314,26.0,0.29316,26.0
1753533022535,12:30:22.535,CROSS/USDT:USDT,0.29294,27.0,0.29293,23.0,0.29314,26.0,0.29316,26.0
1753533022677,12:30:22.677,CROSS/USDT:USDT,0.29294,27.0,0.29293,23.0,0.29314,26.0,0.29316,26.0
1753533022734,12:30:22.734,CROSS/USDT:USDT,0.29294,27.0,0.29293,23.0,0.29314,26.0,0.29316,26.0
1753533022880,12:30:22.880,CROSS/USDT:USDT,0.29294,27.0,0.29293,23.0,0.29314,26.0,0.29316,26.0
1753533023194,12:30:23.194,CROSS/USDT:USDT,0.29294,27.0,0.29293,23.0,0.29314,26.0,0.29315,21.0
1753533023335,12:30:23.335,CROSS/USDT:USDT,0.29294,27.0,0.29293,4.0,0.29314,26.0,0.29315,21.0
1753533023547,12:30:23.547,CROSS/USDT:USDT,0.29294,27.0,0.29293,4.0,0.29314,26.0,0.29315,21.0
1753533023964,12:30:23.964,CROSS/USDT:USDT,0.29294,27.0,0.29292,26.0,0.29314,26.0,0.29315,21.0
1753533024382,12:30:24.382,CROSS/USDT:USDT,0.29294,27.0,0.29292,26.0,0.29314,26.0,0.29315,21.0
1753533025299,12:30:25.299,CROSS/USDT:USDT,0.29294,27.0,0.29292,26.0,0.29314,26.0,0.29316,26.0
1753533025306,12:30:25.306,CROSS/USDT:USDT,0.29294,27.0,0.29292,26.0,0.29314,26.0,0.29316,26.0
1753533025717,12:30:25.717,CROSS/USDT:USDT,0.29294,27.0,0.29292,26.0,0.29314,26.0,0.29316,26.0
1753533026299,12:30:26.299,CROSS/USDT:USDT,0.29294,27.0,0.29292,26.0,0.29314,26.0,0.29316,26.0
1753533026633,12:30:26.633,CROSS/USDT:USDT,0.29294,27.0,0.29292,26.0,0.29314,26.0,0.29316,26.0
1753533026735,12:30:26.735,CROSS/USDT:USDT,0.29294,27.0,0.29292,26.0,0.29314,26.0,0.29316,26.0
1753533027237,12:30:27.237,CROSS/USDT:USDT,0.29294,1.0,0.29292,26.0,0.29314,30.0,0.29316,26.0
1753533027371,12:30:27.371,CROSS/USDT:USDT,0.29294,1.0,0.29292,26.0,0.29314,30.0,0.29316,26.0
1753533027535,12:30:27.535,CROSS/USDT:USDT,0.29294,1.0,0.29292,26.0,0.29314,30.0,0.29316,26.0
1753533028219,12:30:28.219,CROSS/USDT:USDT,0.29294,1.0,0.29292,26.0,0.29314,30.0,0.29316,26.0
1753533028788,12:30:28.788,CROSS/USDT:USDT,0.29294,1.0,0.2929,26.0,0.29314,30.0,0.29316,26.0
1753533028807,12:30:28.807,CROSS/USDT:USDT,0.29294,1.0,0.2929,26.0,0.29314,30.0,0.29316,26.0
1753533029183,12:30:29.183,CROSS/USDT:USDT,0.29294,1.0,0.2929,26.0,0.29314,30.0,0.29316,26.0
1753533029206,12:30:29.206,CROSS/USDT:USDT,0.29294,1.0,0.2929,26.0,0.29314,30.0,0.29316,26.0
1753533029456,12:30:29.456,CROSS/USDT:USDT,0.29294,1.0,0.2929,26.0,0.29314,30.0,0.29316,26.0
1753533030017,12:30:30.017,CROSS/USDT:USDT,0.29294,1.0,0.2929,26.0,0.29314,30.0,0.29316,26.0
1753533030457,12:30:30.457,CROSS/USDT:USDT,0.29294,1.0,0.2929,26.0,0.29314,30.0,0.29316,26.0
1753533031192,12:30:31.192,CROSS/USDT:USDT,0.29294,1.0,0.2929,26.0,0.29314,30.0,0.29316,26.0
1753533031202,12:30:31.202,CROSS/USDT:USDT,0.29294,1.0,0.2929,26.0,0.29314,30.0,0.29316,26.0
1753533031434,12:30:31.434,CROSS/USDT:USDT,0.29294,1.0,0.2929,26.0,0.29314,30.0,0.29316,26.0
1753533032149,12:30:32.149,CROSS/USDT:USDT,0.29294,1.0,0.2929,26.0,0.29314,30.0,0.29316,26.0
1753533032338,12:30:32.338,CROSS/USDT:USDT,0.29294,1.0,0.2929,26.0,0.29314,30.0,0.29316,26.0
1753533032699,12:30:32.699,CROSS/USDT:USDT,0.29294,1.0,0.29278,1.0,0.29314,30.0,0.29315,351.0
1753533032723,12:30:32.723,CROSS/USDT:USDT,0.29294,1.0,0.29278,1.0,0.29314,30.0,0.29315,351.0
1753533032892,12:30:32.892,CROSS/USDT:USDT,0.29294,1.0,0.29278,1.0,0.29302,26.0,0.29308,44.0
1753533032988,12:30:32.988,CROSS/USDT:USDT,0.29294,1.0,0.29278,1.0,0.29296,35.0,0.29298,42.0
1753533033184,12:30:33.184,CROSS/USDT:USDT,0.29294,1.0,0.29278,1.0,0.29296,40.0,0.29298,42.0
1753533033304,12:30:33.304,CROSS/USDT:USDT,0.29294,1.0,0.29278,1.0,0.29296,40.0,0.29298,42.0
1753533033412,12:30:33.412,CROSS/USDT:USDT,0.29294,1.0,0.29278,1.0,0.29296,40.0,0.29298,42.0
1753533033624,12:30:33.624,CROSS/USDT:USDT,0.29294,1.0,0.29278,1.0,0.29296,35.0,0.29298,42.0
1753533033725,12:30:33.725,CROSS/USDT:USDT,0.29294,1.0,0.29278,1.0,0.29296,40.0,0.29298,42.0
1753533034784,12:30:34.784,CROSS/USDT:USDT,0.29262,30.0,0.2926,26.0,0.29286,44.0,0.29288,68.0
1753533034884,12:30:34.884,CROSS/USDT:USDT,0.29268,33.0,0.29266,18.0,0.2929,26.0,0.29292,26.0
1753533034971,12:30:34.971,CROSS/USDT:USDT,0.29268,33.0,0.29266,18.0,0.2929,26.0,0.29292,26.0
1753533035098,12:30:35.098,CROSS/USDT:USDT,0.29268,33.0,0.29266,18.0,0.2929,26.0,0.29292,26.0
1753533035136,12:30:35.136,CROSS/USDT:USDT,0.29268,33.0,0.29266,18.0,0.2929,26.0,0.29292,26.0
1753533036052,12:30:36.052,CROSS/USDT:USDT,0.29268,33.0,0.29266,18.0,0.2929,26.0,0.29292,26.0
1753533036280,12:30:36.280,CROSS/USDT:USDT,0.29268,33.0,0.29266,18.0,0.2929,26.0,0.29292,26.0
1753533036382,12:30:36.382,CROSS/USDT:USDT,0.29268,33.0,0.29266,18.0,0.2929,26.0,0.29292,26.0
1753533037379,12:30:37.379,CROSS/USDT:USDT,0.29268,33.0,0.29266,18.0,0.2929,26.0,0.29292,26.0
1753533037422,12:30:37.422,CROSS/USDT:USDT,0.29268,26.0,0.29265,4.0,0.2929,26.0,0.29291,21.0
1753533037506,12:30:37.506,CROSS/USDT:USDT,0.29268,26.0,0.29264,7.0,0.2929,26.0,0.29291,21.0
1753533037650,12:30:37.650,CROSS/USDT:USDT,0.29268,33.0,0.29266,18.0,0.2929,26.0,0.29292,26.0
1753533037752,12:30:37.752,CROSS/USDT:USDT,0.29268,33.0,0.29266,18.0,0.2929,26.0,0.29292,26.0
1753533037827,12:30:37.827,CROSS/USDT:USDT,0.29268,33.0,0.29266,18.0,0.2929,26.0,0.29292,26.0
1753533038198,12:30:38.198,CROSS/USDT:USDT,0.29268,26.0,0.29266,26.0,0.2929,35.0,0.29292,47.0
1753533038275,12:30:38.275,CROSS/USDT:USDT,0.29263,4.0,0.29262,26.0,0.2929,35.0,0.29292,96.0
1753533038367,12:30:38.367,CROSS/USDT:USDT,0.29262,26.0,0.2926,26.0,0.2929,40.0,0.29292,96.0
1753533038405,12:30:38.405,CROSS/USDT:USDT,0.29262,26.0,0.2926,26.0,0.2929,40.0,0.29292,96.0
1753533038599,12:30:38.599,CROSS/USDT:USDT,0.29262,26.0,0.2926,26.0,0.29284,35.0,0.29289,418.0
1753533038676,12:30:38.676,CROSS/USDT:USDT,0.2926,26.0,0.29259,4.0,0.29284,51.0,0.29286,21.0
1753533038777,12:30:38.777,CROSS/USDT:USDT,0.2926,26.0,0.29258,26.0,0.29284,51.0,0.29286,21.0
1753533038959,12:30:38.959,CROSS/USDT:USDT,0.2926,26.0,0.29258,26.0,0.29284,51.0,0.29286,21.0
1753533039062,12:30:39.062,CROSS/USDT:USDT,0.29257,4.0,0.29231,20.0,0.29284,51.0,0.29286,21.0
1753533039123,12:30:39.123,CROSS/USDT:USDT,0.29236,26.0,0.29231,20.0,0.29284,51.0,0.29286,21.0
1753533039209,12:30:39.209,CROSS/USDT:USDT,0.29236,26.0,0.29232,3.0,0.29284,51.0,0.29286,21.0
1753533039378,12:30:39.378,CROSS/USDT:USDT,0.29236,26.0,0.29232,3.0,0.29284,51.0,0.29286,21.0
1753533039495,12:30:39.495,CROSS/USDT:USDT,0.29236,26.0,0.29232,3.0,0.29284,51.0,0.29286,21.0
1753533039592,12:30:39.592,CROSS/USDT:USDT,0.29236,26.0,0.29232,3.0,0.29284,51.0,0.29286,21.0
1753533039941,12:30:39.941,CROSS/USDT:USDT,0.29236,26.0,0.29232,3.0,0.29284,51.0,0.29286,21.0
1753533040073,12:30:40.073,CROSS/USDT:USDT,0.29236,26.0,0.29232,3.0,0.29284,51.0,0.29286,21.0
1753533040762,12:30:40.762,CROSS/USDT:USDT,0.29236,26.0,0.29232,3.0,0.29252,26.0,0.29254,26.0
1753533040870,12:30:40.870,CROSS/USDT:USDT,0.29236,26.0,0.29234,26.0,0.29252,26.0,0.29254,26.0
1753533040988,12:30:40.988,CROSS/USDT:USDT,0.29237,3.0,0.29236,26.0,0.29254,26.0,0.29256,26.0
1753533041079,12:30:41.079,CROSS/USDT:USDT,0.29237,3.0,0.29236,26.0,0.29254,26.0,0.29256,26.0
1753533041269,12:30:41.269,CROSS/USDT:USDT,0.29237,3.0,0.29236,26.0,0.29254,26.0,0.29256,26.0
1753533041348,12:30:41.348,CROSS/USDT:USDT,0.29237,3.0,0.29236,26.0,0.29254,26.0,0.29256,26.0
1753533041542,12:30:41.542,CROSS/USDT:USDT,0.29237,3.0,0.29236,26.0,0.29254,26.0,0.29256,26.0
1753533041791,12:30:41.791,CROSS/USDT:USDT,0.29237,3.0,0.29236,26.0,0.29258,26.0,0.29287,71.0
1753533041811,12:30:41.811,CROSS/USDT:USDT,0.29237,3.0,0.29236,26.0,0.29258,26.0,0.2926,26.0
1753533042022,12:30:42.022,CROSS/USDT:USDT,0.29237,3.0,0.29236,26.0,0.29258,26.0,0.2926,26.0
1753533042157,12:30:42.157,CROSS/USDT:USDT,0.2925,26.0,0.29244,33.0,0.29282,26.0,0.29293,68.0
1753533042240,12:30:42.240,CROSS/USDT:USDT,0.2925,26.0,0.29244,33.0,0.29282,26.0,0.29293,68.0
1753533042353,12:30:42.353,CROSS/USDT:USDT,0.2925,46.0,0.29245,20.0,0.29282,26.0,0.29293,68.0
1753533042442,12:30:42.442,CROSS/USDT:USDT,0.2925,46.0,0.29245,20.0,0.29282,26.0,0.29293,68.0
1753533042546,12:30:42.546,CROSS/USDT:USDT,0.2925,46.0,0.29245,20.0,0.29282,26.0,0.29293,68.0
1753533042617,12:30:42.617,CROSS/USDT:USDT,0.2925,46.0,0.29245,20.0,0.29282,26.0,0.29293,68.0
1753533042799,12:30:42.799,CROSS/USDT:USDT,0.29251,5.0,0.2925,46.0,0.29282,26.0,0.29293,68.0
1753533042802,12:30:42.802,CROSS/USDT:USDT,0.29251,5.0,0.2925,26.0,0.29282,26.0,0.29293,68.0
1753533043063,12:30:43.063,CROSS/USDT:USDT,0.29251,5.0,0.2925,26.0,0.29282,26.0,0.29293,68.0
1753533043290,12:30:43.290,CROSS/USDT:USDT,0.29251,5.0,0.2925,26.0,0.29282,26.0,0.29293,68.0
1753533043424,12:30:43.424,CROSS/USDT:USDT,0.29251,5.0,0.2925,26.0,0.29282,26.0,0.29293,68.0
1753533043684,12:30:43.684,CROSS/USDT:USDT,0.29251,5.0,0.2925,26.0,0.29282,26.0,0.29293,68.0
1753533044149,12:30:44.149,CROSS/USDT:USDT,0.29251,5.0,0.2925,26.0,0.29282,26.0,0.29293,68.0
1753533044491,12:30:44.491,CROSS/USDT:USDT,0.29251,5.0,0.2925,26.0,0.29282,26.0,0.29312,351.0
1753533044764,12:30:44.764,CROSS/USDT:USDT,0.29251,5.0,0.2925,26.0,0.29282,35.0,0.29284,40.0
1753533044866,12:30:44.866,CROSS/USDT:USDT,0.29251,5.0,0.2925,26.0,0.29282,35.0,0.29284,40.0
1753533044962,12:30:44.962,CROSS/USDT:USDT,0.29251,5.0,0.2925,26.0,0.29282,35.0,0.29284,40.0
1753533045153,12:30:45.153,CROSS/USDT:USDT,0.29251,5.0,0.2925,26.0,0.29282,35.0,0.29284,40.0
1753533045278,12:30:45.278,CROSS/USDT:USDT,0.29251,5.0,0.2925,26.0,0.29282,35.0,0.29284,40.0
1753533045504,12:30:45.504,CROSS/USDT:USDT,0.29251,5.0,0.2925,26.0,0.29282,35.0,0.29284,40.0
1753533045641,12:30:45.641,CROSS/USDT:USDT,0.29251,5.0,0.2925,26.0,0.29282,35.0,0.29283,68.0
1753533045781,12:30:45.781,CROSS/USDT:USDT,0.29251,5.0,0.2925,26.0,0.29282,35.0,0.29284,40.0
1753533045838,12:30:45.838,CROSS/USDT:USDT,0.29251,5.0,0.2925,26.0,0.29282,35.0,0.29284,40.0
1753533046597,12:30:46.597,CROSS/USDT:USDT,0.29251,5.0,0.2925,26.0,0.29276,26.0,0.29281,68.0
1753533046692,12:30:46.692,CROSS/USDT:USDT,0.29251,5.0,0.2925,26.0,0.29276,26.0,0.29281,68.0
1753533046745,12:30:46.745,CROSS/USDT:USDT,0.29251,5.0,0.2925,26.0,0.2927,21.0,0.29271,21.0
1753533046804,12:30:46.804,CROSS/USDT:USDT,0.29251,5.0,0.2925,26.0,0.2927,21.0,0.29271,21.0
1753533046938,12:30:46.938,CROSS/USDT:USDT,0.29251,5.0,0.2925,26.0,0.2927,47.0,0.29271,21.0
1753533047190,12:30:47.190,CROSS/USDT:USDT,0.29251,5.0,0.2925,26.0,0.2927,47.0,0.29271,21.0
1753533047334,12:30:47.334,CROSS/USDT:USDT,0.29251,5.0,0.2925,26.0,0.2927,47.0,0.29271,21.0
1753533047649,12:30:47.649,CROSS/USDT:USDT,0.29251,5.0,0.2925,26.0,0.2927,47.0,0.29271,21.0
1753533047983,12:30:47.983,CROSS/USDT:USDT,0.29251,5.0,0.2925,26.0,0.2927,47.0,0.29271,21.0
1753533048013,12:30:48.013,CROSS/USDT:USDT,0.29251,5.0,0.2925,26.0,0.2927,47.0,0.29271,21.0
1753533048397,12:30:48.397,CROSS/USDT:USDT,0.29251,5.0,0.29245,4.0,0.2927,47.0,0.29271,21.0
1753533048480,12:30:48.480,CROSS/USDT:USDT,0.29251,5.0,0.29246,26.0,0.2927,47.0,0.29271,21.0
1753533048526,12:30:48.526,CROSS/USDT:USDT,0.29251,5.0,0.29246,26.0,0.2927,47.0,0.29271,21.0
1753533048760,12:30:48.760,CROSS/USDT:USDT,0.29251,5.0,0.29246,26.0,0.2927,47.0,0.29271,21.0
1753533048830,12:30:48.830,CROSS/USDT:USDT,0.29251,5.0,0.29246,26.0,0.2927,47.0,0.29271,21.0
1753533049086,12:30:49.086,CROSS/USDT:USDT,0.29251,5.0,0.29246,26.0,0.2927,47.0,0.29271,21.0
1753533049218,12:30:49.218,CROSS/USDT:USDT,0.29251,5.0,0.29246,26.0,0.2927,47.0,0.29271,21.0
1753533049303,12:30:49.303,CROSS/USDT:USDT,0.29251,5.0,0.29246,26.0,0.2927,47.0,0.29271,21.0
1753533049535,12:30:49.535,CROSS/USDT:USDT,0.29251,5.0,0.29246,26.0,0.2927,47.0,0.29271,21.0
1753533050284,12:30:50.284,CROSS/USDT:USDT,0.29251,5.0,0.2925,26.0,0.2927,26.0,0.29272,26.0
1753533050352,12:30:50.352,CROSS/USDT:USDT,0.29251,5.0,0.2925,26.0,0.2927,26.0,0.29272,26.0
1753533050460,12:30:50.460,CROSS/USDT:USDT,0.29251,5.0,0.2925,26.0,0.2927,26.0,0.29272,26.0
1753533050520,12:30:50.520,CROSS/USDT:USDT,0.29251,5.0,0.2925,26.0,0.2927,26.0,0.29272,26.0
1753533050653,12:30:50.653,CROSS/USDT:USDT,0.29251,5.0,0.2925,26.0,0.2927,26.0,0.29272,26.0
1753533050795,12:30:50.795,CROSS/USDT:USDT,0.29251,5.0,0.2925,26.0,0.2927,26.0,0.29272,26.0
1753533050961,12:30:50.961,CROSS/USDT:USDT,0.29251,5.0,0.2925,26.0,0.2927,26.0,0.29272,26.0
1753533051274,12:30:51.274,CROSS/USDT:USDT,0.29251,5.0,0.2925,26.0,0.2927,26.0,0.29272,26.0
1753533051503,12:30:51.503,CROSS/USDT:USDT,0.29251,5.0,0.2925,26.0,0.2927,26.0,0.29272,26.0
1753533051686,12:30:51.686,CROSS/USDT:USDT,0.29251,5.0,0.2925,26.0,0.2927,26.0,0.29272,26.0
1753533052042,12:30:52.042,CROSS/USDT:USDT,0.29251,5.0,0.2925,26.0,0.2927,26.0,0.29272,26.0
1753533052192,12:30:52.192,CROSS/USDT:USDT,0.29251,5.0,0.2925,26.0,0.2927,35.0,0.29271,21.0
1753533052203,12:30:52.203,CROSS/USDT:USDT,0.29251,5.0,0.2925,26.0,0.2927,26.0,0.29271,21.0
1753533052322,12:30:52.322,CROSS/USDT:USDT,0.29251,5.0,0.2925,26.0,0.2927,26.0,0.29271,21.0
1753533052551,12:30:52.551,CROSS/USDT:USDT,0.29251,5.0,0.2925,26.0,0.2927,26.0,0.29272,26.0
1753533052916,12:30:52.916,CROSS/USDT:USDT,0.29251,5.0,0.2925,26.0,0.2927,26.0,0.29272,26.0
1753533053780,12:30:53.780,CROSS/USDT:USDT,0.29251,5.0,0.2925,26.0,0.2927,26.0,0.29272,26.0
1753533054151,12:30:54.151,CROSS/USDT:USDT,0.29251,5.0,0.2925,26.0,0.2927,26.0,0.29272,26.0
1753533054337,12:30:54.337,CROSS/USDT:USDT,0.29251,5.0,0.2925,26.0,0.2927,26.0,0.29272,26.0
1753533054569,12:30:54.569,CROSS/USDT:USDT,0.29256,26.0,0.29254,26.0,0.2927,26.0,0.29272,26.0
1753533054644,12:30:54.644,CROSS/USDT:USDT,0.29256,26.0,0.29254,26.0,0.29276,26.0,0.29278,26.0
1753533054708,12:30:54.708,CROSS/USDT:USDT,0.29256,26.0,0.29254,26.0,0.29276,26.0,0.29278,26.0
1753533054845,12:30:54.845,CROSS/USDT:USDT,0.29256,26.0,0.29254,26.0,0.29276,26.0,0.29278,26.0
1753533054986,12:30:54.986,CROSS/USDT:USDT,0.29256,26.0,0.29254,26.0,0.29276,26.0,0.29278,26.0
1753533055348,12:30:55.348,CROSS/USDT:USDT,0.29256,26.0,0.29254,26.0,0.29276,26.0,0.29278,26.0
1753533055499,12:30:55.499,CROSS/USDT:USDT,0.29256,26.0,0.29254,26.0,0.29278,26.0,0.2928,26.0
1753533055504,12:30:55.504,CROSS/USDT:USDT,0.29256,26.0,0.29254,26.0,0.29278,26.0,0.2928,26.0
1753533055643,12:30:55.643,CROSS/USDT:USDT,0.29256,26.0,0.29254,26.0,0.29278,26.0,0.2928,26.0
1753533055789,12:30:55.789,CROSS/USDT:USDT,0.29256,26.0,0.29254,26.0,0.29278,26.0,0.2928,26.0
1753533056150,12:30:56.150,CROSS/USDT:USDT,0.29256,26.0,0.29254,26.0,0.29278,26.0,0.2928,26.0
1753533057293,12:30:57.293,CROSS/USDT:USDT,0.29264,26.0,0.29258,78.0,0.29278,26.0,0.2928,26.0
1753533057316,12:30:57.316,CROSS/USDT:USDT,0.29264,26.0,0.29259,4.0,0.29278,26.0,0.2928,26.0
1753533057491,12:30:57.491,CROSS/USDT:USDT,0.29264,26.0,0.29259,4.0,0.29278,26.0,0.2928,26.0
1753533058290,12:30:58.290,CROSS/USDT:USDT,0.29264,26.0,0.29262,26.0,0.29278,26.0,0.2928,26.0
1753533059135,12:30:59.135,CROSS/USDT:USDT,0.29264,26.0,0.29262,26.0,0.29278,26.0,0.2928,26.0
1753533059470,12:30:59.470,CROSS/USDT:USDT,0.29264,26.0,0.29262,26.0,0.29278,26.0,0.2928,26.0
1753533059681,12:30:59.681,CROSS/USDT:USDT,0.29264,26.0,0.29262,26.0,0.29278,26.0,0.2928,26.0
1753533059706,12:30:59.706,CROSS/USDT:USDT,0.29264,26.0,0.29262,26.0,0.29278,26.0,0.2928,26.0
1753533060081,12:31:00.081,CROSS/USDT:USDT,0.29264,26.0,0.29262,26.0,0.29278,26.0,0.2928,26.0
1753533060286,12:31:00.286,CROSS/USDT:USDT,0.29264,26.0,0.29262,26.0,0.29278,26.0,0.2928,26.0
1753533060394,12:31:00.394,CROSS/USDT:USDT,0.29264,26.0,0.29262,26.0,0.29278,26.0,0.2928,26.0
1753533060417,12:31:00.417,CROSS/USDT:USDT,0.29264,26.0,0.29262,26.0,0.29278,26.0,0.2928,26.0
1753533060618,12:31:00.618,CROSS/USDT:USDT,0.29262,26.0,0.29261,4.0,0.29278,26.0,0.2928,26.0
1753533060727,12:31:00.727,CROSS/USDT:USDT,0.29262,26.0,0.2926,26.0,0.29278,26.0,0.2928,26.0
1753533061062,12:31:01.062,CROSS/USDT:USDT,0.29262,26.0,0.2926,26.0,0.29278,26.0,0.2928,26.0
1753533061195,12:31:01.195,CROSS/USDT:USDT,0.29262,26.0,0.2926,26.0,0.29278,30.0,0.2928,26.0
1753533061237,12:31:01.237,CROSS/USDT:USDT,0.29262,26.0,0.2926,26.0,0.29278,30.0,0.2928,26.0
1753533061492,12:31:01.492,CROSS/USDT:USDT,0.29262,26.0,0.2926,26.0,0.29278,30.0,0.2928,26.0
1753533061640,12:31:01.640,CROSS/USDT:USDT,0.29262,26.0,0.2926,26.0,0.29278,26.0,0.2928,26.0
1753533061795,12:31:01.795,CROSS/USDT:USDT,0.29262,26.0,0.2926,26.0,0.29278,26.0,0.2928,26.0
1753533061803,12:31:01.803,CROSS/USDT:USDT,0.29262,26.0,0.2926,26.0,0.29278,26.0,0.2928,26.0
1753533062163,12:31:02.163,CROSS/USDT:USDT,0.29262,26.0,0.2926,26.0,0.29278,26.0,0.2928,26.0
1753533062896,12:31:02.896,CROSS/USDT:USDT,0.29262,26.0,0.2926,26.0,0.29278,26.0,0.2928,26.0
1753533063935,12:31:03.935,CROSS/USDT:USDT,0.29262,26.0,0.2926,26.0,0.29278,26.0,0.2928,26.0
1753533064403,12:31:04.403,CROSS/USDT:USDT,0.29262,26.0,0.2926,26.0,0.29278,26.0,0.2928,26.0
1753533065378,12:31:05.378,CROSS/USDT:USDT,0.29262,26.0,0.2926,26.0,0.29278,26.0,0.2928,26.0
1753533067194,12:31:07.194,CROSS/USDT:USDT,0.29262,26.0,0.2926,26.0,0.29304,26.0,0.2931,419.0
1753533067287,12:31:07.287,CROSS/USDT:USDT,0.29262,26.0,0.2926,26.0,0.29298,26.0,0.29304,26.0
1753533067307,12:31:07.307,CROSS/USDT:USDT,0.29262,26.0,0.2926,26.0,0.29298,26.0,0.29304,26.0
1753533067467,12:31:07.467,CROSS/USDT:USDT,0.29262,26.0,0.2926,26.0,0.29298,26.0,0.29304,26.0
1753533067599,12:31:07.599,CROSS/USDT:USDT,0.29262,26.0,0.2926,26.0,0.29292,26.0,0.29298,26.0
1753533067695,12:31:07.695,CROSS/USDT:USDT,0.29262,26.0,0.2926,26.0,0.29292,36.0,0.29298,26.0
1753533067790,12:31:07.790,CROSS/USDT:USDT,0.29262,26.0,0.2926,26.0,0.29292,45.0,0.29298,26.0
1753533067837,12:31:07.837,CROSS/USDT:USDT,0.29262,26.0,0.2926,26.0,0.29292,36.0,0.29298,26.0
1753533067985,12:31:07.985,CROSS/USDT:USDT,0.29262,26.0,0.2926,26.0,0.29292,45.0,0.29298,26.0
1753533068063,12:31:08.063,CROSS/USDT:USDT,0.29262,26.0,0.2926,26.0,0.29286,33.0,0.29291,77.0
1753533068180,12:31:08.180,CROSS/USDT:USDT,0.29262,26.0,0.2926,26.0,0.29286,33.0,0.29291,77.0
1753533068295,12:31:08.295,CROSS/USDT:USDT,0.29262,26.0,0.2926,26.0,0.29286,33.0,0.29291,77.0
1753533068394,12:31:08.394,CROSS/USDT:USDT,0.29262,26.0,0.2926,26.0,0.29286,33.0,0.29291,77.0
1753533068497,12:31:08.497,CROSS/USDT:USDT,0.29252,26.0,0.2925,26.0,0.29268,35.0,0.29269,20.0
1753533068587,12:31:08.587,CROSS/USDT:USDT,0.29253,4.0,0.29244,26.0,0.29258,26.0,0.29259,20.0
1753533068687,12:31:08.687,CROSS/USDT:USDT,0.2924,3.0,0.29238,26.0,0.29252,26.0,0.29254,26.0
1753533068766,12:31:08.766,CROSS/USDT:USDT,0.2924,3.0,0.29238,26.0,0.29251,15.0,0.29252,26.0
1753533068848,12:31:08.848,CROSS/USDT:USDT,0.2924,3.0,0.29238,26.0,0.29251,4.0,0.29252,28.0
1753533068990,12:31:08.990,CROSS/USDT:USDT,0.2924,3.0,0.29238,26.0,0.29251,4.0,0.29252,26.0
1753533069037,12:31:09.037,CROSS/USDT:USDT,0.2924,3.0,0.29238,26.0,0.29251,6.0,0.29252,26.0
1753533069422,12:31:09.422,CROSS/USDT:USDT,0.2924,3.0,0.29238,26.0,0.29251,6.0,0.29252,26.0
1753533069689,12:31:09.689,CROSS/USDT:USDT,0.2924,3.0,0.29238,26.0,0.29251,6.0,0.29252,26.0
1753533069736,12:31:09.736,CROSS/USDT:USDT,0.2924,3.0,0.29238,26.0,0.29251,4.0,0.29252,26.0
1753533069931,12:31:09.931,CROSS/USDT:USDT,0.2924,3.0,0.29238,26.0,0.29251,4.0,0.29252,26.0
1753533070461,12:31:10.461,CROSS/USDT:USDT,0.2924,3.0,0.29238,26.0,0.29251,4.0,0.29252,26.0
1753533070749,12:31:10.749,CROSS/USDT:USDT,0.2924,3.0,0.29238,26.0,0.29251,4.0,0.29252,26.0
1753533071596,12:31:11.596,CROSS/USDT:USDT,0.2924,3.0,0.29238,26.0,0.29251,4.0,0.29252,26.0
1753533071693,12:31:11.693,CROSS/USDT:USDT,0.2924,29.0,0.29238,26.0,0.29251,4.0,0.29258,26.0
1753533071786,12:31:11.786,CROSS/USDT:USDT,0.2924,29.0,0.29239,17.0,0.29257,4.0,0.29258,26.0
1753533071831,12:31:11.831,CROSS/USDT:USDT,0.2924,29.0,0.29239,17.0,0.29257,4.0,0.29258,26.0
1753533071960,12:31:11.960,CROSS/USDT:USDT,0.2924,29.0,0.29239,17.0,0.29257,4.0,0.2926,26.0
1753533072006,12:31:12.006,CROSS/USDT:USDT,0.2924,29.0,0.29239,17.0,0.29259,4.0,0.2926,26.0
1753533072203,12:31:12.203,CROSS/USDT:USDT,0.2924,29.0,0.29239,17.0,0.29259,4.0,0.2926,26.0
1753533072385,12:31:12.385,CROSS/USDT:USDT,0.2924,29.0,0.29239,17.0,0.29259,4.0,0.2926,26.0
1753533073539,12:31:13.539,CROSS/USDT:USDT,0.2924,29.0,0.29239,17.0,0.29259,4.0,0.2926,26.0
1753533073850,12:31:13.850,CROSS/USDT:USDT,0.2924,29.0,0.29239,17.0,0.29259,4.0,0.2926,26.0
1753533074029,12:31:14.029,CROSS/USDT:USDT,0.2924,29.0,0.29239,17.0,0.29259,4.0,0.2926,26.0
1753533074258,12:31:14.258,CROSS/USDT:USDT,0.2924,29.0,0.29239,17.0,0.29259,4.0,0.2926,26.0
1753533074338,12:31:14.338,CROSS/USDT:USDT,0.2924,29.0,0.29239,17.0,0.29259,4.0,0.2926,26.0
1753533076083,12:31:16.083,CROSS/USDT:USDT,0.2924,29.0,0.29239,17.0,0.29259,4.0,0.2926,26.0
1753533076297,12:31:16.297,CROSS/USDT:USDT,0.2924,29.0,0.29239,17.0,0.29259,4.0,0.2926,26.0
1753533076896,12:31:16.896,CROSS/USDT:USDT,0.2924,29.0,0.29239,17.0,0.29259,4.0,0.2926,26.0
1753533077049,12:31:17.049,CROSS/USDT:USDT,0.2924,29.0,0.29239,17.0,0.29259,4.0,0.2926,26.0
1753533077201,12:31:17.201,CROSS/USDT:USDT,0.2924,29.0,0.29239,17.0,0.29259,4.0,0.2926,26.0
1753533077306,12:31:17.306,CROSS/USDT:USDT,0.29241,11.0,0.2924,29.0,0.29259,4.0,0.2926,26.0
1753533077518,12:31:17.518,CROSS/USDT:USDT,0.29241,11.0,0.2924,29.0,0.29259,4.0,0.2926,26.0
1753533077782,12:31:17.782,CROSS/USDT:USDT,0.29241,11.0,0.2924,29.0,0.29259,4.0,0.2926,26.0
1753533077908,12:31:17.908,CROSS/USDT:USDT,0.29241,11.0,0.2924,29.0,0.29259,4.0,0.2926,26.0
1753533078394,12:31:18.394,CROSS/USDT:USDT,0.29241,11.0,0.2924,29.0,0.29259,4.0,0.2926,26.0
1753533078464,12:31:18.464,CROSS/USDT:USDT,0.29241,11.0,0.2924,29.0,0.29259,4.0,0.2926,26.0
1753533078633,12:31:18.633,CROSS/USDT:USDT,0.29241,11.0,0.2924,29.0,0.29259,4.0,0.2926,26.0
1753533078730,12:31:18.730,CROSS/USDT:USDT,0.29241,11.0,0.2924,29.0,0.29259,4.0,0.2926,26.0
1753533079539,12:31:19.539,CROSS/USDT:USDT,0.29241,11.0,0.2924,29.0,0.29259,4.0,0.29262,26.0
1753533079622,12:31:19.622,CROSS/USDT:USDT,0.29241,11.0,0.2924,29.0,0.29261,4.0,0.29262,26.0
1753533079883,12:31:19.883,CROSS/USDT:USDT,0.29241,11.0,0.2924,29.0,0.29261,4.0,0.29262,26.0
1753533079957,12:31:19.957,CROSS/USDT:USDT,0.29241,11.0,0.2924,29.0,0.29261,4.0,0.29262,26.0
1753533080151,12:31:20.151,CROSS/USDT:USDT,0.29241,11.0,0.2924,29.0,0.29248,1.0,0.29261,4.0
1753533080219,12:31:20.219,CROSS/USDT:USDT,0.29241,11.0,0.2924,29.0,0.29247,2.0,0.29261,2.0
1753533080396,12:31:20.396,CROSS/USDT:USDT,0.29241,11.0,0.2924,29.0,0.29261,4.0,0.29262,26.0
1753533080496,12:31:20.496,CROSS/USDT:USDT,0.29241,11.0,0.2924,29.0,0.29261,4.0,0.29262,26.0
1753533080804,12:31:20.804,CROSS/USDT:USDT,0.29241,11.0,0.2924,29.0,0.29261,4.0,0.29262,26.0
1753533081226,12:31:21.226,CROSS/USDT:USDT,0.29241,11.0,0.2924,29.0,0.29261,4.0,0.29262,26.0
1753533082158,12:31:22.158,CROSS/USDT:USDT,0.29241,11.0,0.2924,29.0,0.29261,4.0,0.29262,26.0
1753533082466,12:31:22.466,CROSS/USDT:USDT,0.29241,11.0,0.2924,29.0,0.29261,4.0,0.29262,26.0
1753533083136,12:31:23.136,CROSS/USDT:USDT,0.29241,11.0,0.2924,29.0,0.29261,4.0,0.29262,26.0
1753533083279,12:31:23.279,CROSS/USDT:USDT,0.29241,11.0,0.2924,26.0,0.29261,4.0,0.29262,26.0
1753533083302,12:31:23.302,CROSS/USDT:USDT,0.29241,11.0,0.2924,26.0,0.29261,4.0,0.29262,26.0
1753533084021,12:31:24.021,CROSS/USDT:USDT,0.29241,11.0,0.2924,26.0,0.29261,4.0,0.29264,26.0
1753533084107,12:31:24.107,CROSS/USDT:USDT,0.29241,11.0,0.2924,26.0,0.29263,4.0,0.29264,26.0
1753533084229,12:31:24.229,CROSS/USDT:USDT,0.29246,33.0,0.29244,17.0,0.29263,4.0,0.29264,26.0
1753533084385,12:31:24.385,CROSS/USDT:USDT,0.29247,11.0,0.29246,33.0,0.29263,4.0,0.29264,26.0
1753533084405,12:31:24.405,CROSS/USDT:USDT,0.29246,33.0,0.29244,17.0,0.29263,4.0,0.29264,26.0
1753533084506,12:31:24.506,CROSS/USDT:USDT,0.29246,33.0,0.29244,17.0,0.29263,4.0,0.29264,26.0
1753533084948,12:31:24.948,CROSS/USDT:USDT,0.29246,33.0,0.29244,17.0,0.29263,4.0,0.29264,26.0
1753533087936,12:31:27.936,CROSS/USDT:USDT,0.29246,33.0,0.29244,17.0,0.29263,4.0,0.29264,26.0
1753533088134,12:31:28.134,CROSS/USDT:USDT,0.29246,33.0,0.29244,17.0,0.29263,4.0,0.29264,26.0
1753533088364,12:31:28.364,CROSS/USDT:USDT,0.29246,33.0,0.29244,17.0,0.29263,4.0,0.29266,26.0
1753533088463,12:31:28.463,CROSS/USDT:USDT,0.29252,26.0,0.29246,406.0,0.29265,4.0,0.29268,26.0
1753533088580,12:31:28.580,CROSS/USDT:USDT,0.29252,26.0,0.29247,373.0,0.29267,4.0,0.29268,26.0
1753533088801,12:31:28.801,CROSS/USDT:USDT,0.29252,26.0,0.29247,373.0,0.29267,4.0,0.29268,26.0
1753533088975,12:31:28.975,CROSS/USDT:USDT,0.29252,26.0,0.29247,373.0,0.29267,4.0,0.29268,26.0
1753533089394,12:31:29.394,CROSS/USDT:USDT,0.29252,26.0,0.29247,373.0,0.29267,4.0,0.29268,26.0
1753533090497,12:31:30.497,CROSS/USDT:USDT,0.29264,26.0,0.29259,71.0,0.29306,30.0,0.29312,351.0
1753533090591,12:31:30.591,CROSS/USDT:USDT,0.29265,4.0,0.29264,26.0,0.293,26.0,0.29306,26.0
1753533090627,12:31:30.627,CROSS/USDT:USDT,0.29265,4.0,0.29264,26.0,0.293,26.0,0.29306,26.0
1753533090788,12:31:30.788,CROSS/USDT:USDT,0.29265,4.0,0.29264,26.0,0.293,26.0,0.29306,26.0
1753533090814,12:31:30.814,CROSS/USDT:USDT,0.29265,4.0,0.29264,26.0,0.293,26.0,0.29306,26.0
1753533091093,12:31:31.093,CROSS/USDT:USDT,0.29265,11.0,0.29264,26.0,0.293,30.0,0.29306,26.0
1753533091198,12:31:31.198,CROSS/USDT:USDT,0.29265,11.0,0.29264,26.0,0.293,26.0,0.29301,40.0
1753533091263,12:31:31.263,CROSS/USDT:USDT,0.29265,11.0,0.29264,26.0,0.293,26.0,0.29301,40.0
1753533091368,12:31:31.368,CROSS/USDT:USDT,0.29265,11.0,0.29264,26.0,0.293,26.0,0.29301,40.0
1753533091408,12:31:31.408,CROSS/USDT:USDT,0.29265,11.0,0.29264,26.0,0.293,26.0,0.29301,40.0
1753533091549,12:31:31.549,CROSS/USDT:USDT,0.29265,11.0,0.29264,26.0,0.293,26.0,0.29301,40.0
1753533091893,12:31:31.893,CROSS/USDT:USDT,0.29265,11.0,0.29264,26.0,0.293,26.0,0.29301,40.0
1753533092151,12:31:32.151,CROSS/USDT:USDT,0.29265,11.0,0.29264,26.0,0.293,26.0,0.29301,40.0
1753533092469,12:31:32.469,CROSS/USDT:USDT,0.29265,11.0,0.29264,26.0,0.293,26.0,0.29301,40.0
1753533093025,12:31:33.025,CROSS/USDT:USDT,0.29265,11.0,0.29264,26.0,0.293,26.0,0.29301,40.0
1753533093153,12:31:33.153,CROSS/USDT:USDT,0.29265,11.0,0.29264,26.0,0.293,26.0,0.29301,40.0
1753533093742,12:31:33.742,CROSS/USDT:USDT,0.29265,11.0,0.29264,26.0,0.293,26.0,0.29301,40.0
1753533094136,12:31:34.136,CROSS/USDT:USDT,0.29265,11.0,0.29264,26.0,0.293,26.0,0.29301,40.0
1753533094289,12:31:34.289,CROSS/USDT:USDT,0.29265,11.0,0.29264,26.0,0.293,26.0,0.29301,40.0
1753533094330,12:31:34.330,CROSS/USDT:USDT,0.29265,11.0,0.29264,26.0,0.293,26.0,0.29301,40.0
1753533094454,12:31:34.454,CROSS/USDT:USDT,0.29265,11.0,0.29264,26.0,0.293,26.0,0.29301,40.0
1753533094734,12:31:34.734,CROSS/USDT:USDT,0.29265,11.0,0.29264,26.0,0.293,27.0,0.29301,40.0
1753533094835,12:31:34.835,CROSS/USDT:USDT,0.29265,11.0,0.29264,26.0,0.293,26.0,0.29301,40.0
1753533094942,12:31:34.942,CROSS/USDT:USDT,0.29265,11.0,0.29264,26.0,0.293,27.0,0.29301,40.0
1753533095036,12:31:35.036,CROSS/USDT:USDT,0.29265,11.0,0.29264,26.0,0.293,26.0,0.29301,40.0
1753533095137,12:31:35.137,CROSS/USDT:USDT,0.29265,11.0,0.29264,26.0,0.293,27.0,0.29301,40.0
1753533095235,12:31:35.235,CROSS/USDT:USDT,0.29265,11.0,0.29264,26.0,0.293,26.0,0.29301,40.0
1753533096385,12:31:36.385,CROSS/USDT:USDT,0.29265,11.0,0.29264,26.0,0.293,26.0,0.29301,40.0
1753533096982,12:31:36.982,CROSS/USDT:USDT,0.29265,4.0,0.29264,26.0,0.293,26.0,0.29301,40.0
1753533097058,12:31:37.058,CROSS/USDT:USDT,0.29265,4.0,0.29264,26.0,0.293,26.0,0.29301,40.0
1753533097161,12:31:37.161,CROSS/USDT:USDT,0.29265,4.0,0.29264,26.0,0.293,32.0,0.29301,40.0
1753533097341,12:31:37.341,CROSS/USDT:USDT,0.29265,4.0,0.29264,26.0,0.293,32.0,0.29301,40.0
1753533097448,12:31:37.448,CROSS/USDT:USDT,0.29265,4.0,0.29264,26.0,0.293,32.0,0.29301,40.0
1753533097587,12:31:37.587,CROSS/USDT:USDT,0.29265,4.0,0.29264,26.0,0.293,32.0,0.29301,40.0
1753533098134,12:31:38.134,CROSS/USDT:USDT,0.29265,4.0,0.29264,26.0,0.293,31.0,0.29301,40.0
1753533098937,12:31:38.937,CROSS/USDT:USDT,0.29265,4.0,0.29264,26.0,0.293,31.0,0.29301,40.0
1753533099189,12:31:39.189,CROSS/USDT:USDT,0.29265,4.0,0.29264,26.0,0.293,31.0,0.29301,40.0
1753533099280,12:31:39.280,CROSS/USDT:USDT,0.29265,4.0,0.29264,26.0,0.293,31.0,0.29301,40.0
1753533100335,12:31:40.335,CROSS/USDT:USDT,0.29265,4.0,0.29264,26.0,0.293,32.0,0.29301,40.0
1753533100953,12:31:40.953,CROSS/USDT:USDT,0.29265,4.0,0.29264,26.0,0.293,31.0,0.29301,40.0
1753533101334,12:31:41.334,CROSS/USDT:USDT,0.29265,4.0,0.29264,26.0,0.293,32.0,0.29301,40.0
1753533101564,12:31:41.564,CROSS/USDT:USDT,0.29265,4.0,0.29264,26.0,0.293,32.0,0.29301,40.0
1753533101668,12:31:41.668,CROSS/USDT:USDT,0.29265,4.0,0.29264,26.0,0.293,32.0,0.29301,40.0
1753533101735,12:31:41.735,CROSS/USDT:USDT,0.29265,4.0,0.29264,26.0,0.293,31.0,0.29301,40.0
1753533102351,12:31:42.351,CROSS/USDT:USDT,0.29265,11.0,0.29264,26.0,0.293,31.0,0.29301,40.0
1753533102418,12:31:42.418,CROSS/USDT:USDT,0.29265,11.0,0.29264,26.0,0.293,26.0,0.29301,40.0
1753533102538,12:31:42.538,CROSS/USDT:USDT,0.29265,11.0,0.29264,26.0,0.293,26.0,0.29301,40.0
1753533102672,12:31:42.672,CROSS/USDT:USDT,0.29265,11.0,0.29264,26.0,0.293,26.0,0.29301,40.0
1753533102825,12:31:42.825,CROSS/USDT:USDT,0.29265,11.0,0.29264,26.0,0.293,26.0,0.29301,40.0
1753533103353,12:31:43.353,CROSS/USDT:USDT,0.29265,11.0,0.29264,26.0,0.293,32.0,0.29301,40.0
1753533103425,12:31:43.425,CROSS/USDT:USDT,0.29265,11.0,0.29264,26.0,0.293,32.0,0.29301,40.0
1753533103736,12:31:43.736,CROSS/USDT:USDT,0.29265,11.0,0.29264,26.0,0.293,32.0,0.29301,40.0
1753533104012,12:31:44.012,CROSS/USDT:USDT,0.29265,11.0,0.29264,26.0,0.293,32.0,0.29301,40.0
1753533104151,12:31:44.151,CROSS/USDT:USDT,0.29265,11.0,0.29264,26.0,0.293,32.0,0.29301,40.0
1753533104382,12:31:44.382,CROSS/USDT:USDT,0.29265,11.0,0.29264,26.0,0.293,26.0,0.29301,40.0
1753533104530,12:31:44.530,CROSS/USDT:USDT,0.29265,11.0,0.29264,26.0,0.293,26.0,0.29301,40.0
1753533104764,12:31:44.764,CROSS/USDT:USDT,0.29265,11.0,0.29264,26.0,0.293,26.0,0.29306,26.0
1753533104838,12:31:44.838,CROSS/USDT:USDT,0.29265,11.0,0.29264,26.0,0.293,26.0,0.29306,26.0
1753533105249,12:31:45.249,CROSS/USDT:USDT,0.29265,11.0,0.29264,26.0,0.293,26.0,0.29306,26.0
1753533106091,12:31:46.091,CROSS/USDT:USDT,0.29265,11.0,0.29264,26.0,0.293,26.0,0.29302,26.0
1753533106191,12:31:46.191,CROSS/USDT:USDT,0.29272,26.0,0.29267,20.0,0.293,26.0,0.29302,26.0
1753533106240,12:31:46.240,CROSS/USDT:USDT,0.29273,18.0,0.29272,26.0,0.293,26.0,0.29302,26.0
1753533106313,12:31:46.313,CROSS/USDT:USDT,0.29273,18.0,0.29272,26.0,0.293,26.0,0.29302,26.0
1753533106476,12:31:46.476,CROSS/USDT:USDT,0.29273,18.0,0.29272,26.0,0.293,26.0,0.29302,26.0
1753533106590,12:31:46.590,CROSS/USDT:USDT,0.29273,18.0,0.29272,26.0,0.293,26.0,0.29302,26.0
1753533106726,12:31:46.726,CROSS/USDT:USDT,0.29273,18.0,0.29272,26.0,0.293,26.0,0.29302,26.0
1753533106892,12:31:46.892,CROSS/USDT:USDT,0.29273,18.0,0.29272,26.0,0.293,26.0,0.29302,26.0
1753533106982,12:31:46.982,CROSS/USDT:USDT,0.29278,33.0,0.29276,28.0,0.293,26.0,0.29302,26.0
1753533107043,12:31:47.043,CROSS/USDT:USDT,0.29279,16.0,0.29278,33.0,0.293,26.0,0.29302,26.0
1753533107140,12:31:47.140,CROSS/USDT:USDT,0.29279,16.0,0.29278,33.0,0.29302,26.0,0.29304,26.0
1753533107209,12:31:47.209,CROSS/USDT:USDT,0.29279,16.0,0.29278,33.0,0.29302,26.0,0.29304,26.0
1753533107323,12:31:47.323,CROSS/USDT:USDT,0.29279,16.0,0.29278,33.0,0.29302,26.0,0.29304,26.0
1753533107576,12:31:47.576,CROSS/USDT:USDT,0.29279,16.0,0.29278,33.0,0.29302,26.0,0.29304,26.0
1753533107794,12:31:47.794,CROSS/USDT:USDT,0.29279,16.0,0.29278,33.0,0.29302,26.0,0.29304,26.0
1753533107898,12:31:47.898,CROSS/USDT:USDT,0.29279,16.0,0.29278,33.0,0.29302,26.0,0.29304,26.0
1753533108228,12:31:48.228,CROSS/USDT:USDT,0.29279,16.0,0.29278,33.0,0.29302,26.0,0.29304,26.0
1753533108414,12:31:48.414,CROSS/USDT:USDT,0.29279,16.0,0.29278,33.0,0.29302,26.0,0.29304,26.0
1753533108556,12:31:48.556,CROSS/USDT:USDT,0.29279,16.0,0.29278,33.0,0.29302,26.0,0.29304,26.0
1753533109073,12:31:49.073,CROSS/USDT:USDT,0.29279,16.0,0.29278,33.0,0.29302,26.0,0.29304,26.0
1753533109430,12:31:49.430,CROSS/USDT:USDT,0.29279,16.0,0.29278,33.0,0.29302,26.0,0.29304,26.0
1753533109780,12:31:49.780,CROSS/USDT:USDT,0.29279,16.0,0.29278,33.0,0.29302,26.0,0.29304,26.0
1753533113336,12:31:53.336,CROSS/USDT:USDT,0.29279,16.0,0.29278,33.0,0.29302,26.0,0.29304,26.0
1753533113483,12:31:53.483,CROSS/USDT:USDT,0.29279,16.0,0.29278,33.0,0.29304,26.0,0.29306,26.0
1753533113593,12:31:53.593,CROSS/USDT:USDT,0.29279,16.0,0.29278,33.0,0.29306,26.0,0.29308,26.0
1753533113719,12:31:53.719,CROSS/USDT:USDT,0.29279,16.0,0.29278,33.0,0.29306,26.0,0.29308,26.0
1753533113821,12:31:53.821,CROSS/USDT:USDT,0.29279,16.0,0.29278,33.0,0.29306,26.0,0.29308,26.0
1753533115287,12:31:55.287,CROSS/USDT:USDT,0.29279,16.0,0.29278,33.0,0.29306,26.0,0.29308,26.0
1753533115302,12:31:55.302,CROSS/USDT:USDT,0.29279,16.0,0.29278,33.0,0.29306,26.0,0.29308,26.0
1753533115441,12:31:55.441,CROSS/USDT:USDT,0.29279,16.0,0.29278,33.0,0.29306,26.0,0.29308,26.0
1753533116152,12:31:56.152,CROSS/USDT:USDT,0.29279,16.0,0.29278,33.0,0.29306,26.0,0.29308,26.0
1753533118137,12:31:58.137,CROSS/USDT:USDT,0.29279,16.0,0.29278,33.0,0.29306,26.0,0.29308,26.0
1753533119508,12:31:59.508,CROSS/USDT:USDT,0.29279,16.0,0.29278,33.0,0.29306,26.0,0.29308,26.0
1753533119879,12:31:59.879,CROSS/USDT:USDT,0.29279,16.0,0.29278,33.0,0.29306,26.0,0.29308,26.0
1753533120483,12:32:00.483,CROSS/USDT:USDT,0.29279,16.0,0.29278,33.0,0.29306,26.0,0.29308,26.0
1753533120534,12:32:00.534,CROSS/USDT:USDT,0.29279,16.0,0.29278,33.0,0.29306,26.0,0.29308,26.0
1753533120708,12:32:00.708,CROSS/USDT:USDT,0.29279,16.0,0.29278,33.0,0.29306,26.0,0.29308,26.0
1753533122136,12:32:02.136,CROSS/USDT:USDT,0.29279,16.0,0.29278,33.0,0.29306,26.0,0.29308,26.0
1753533122662,12:32:02.662,CROSS/USDT:USDT,0.29284,26.0,0.29279,389.0,0.29306,26.0,0.29308,26.0
1753533122735,12:32:02.735,CROSS/USDT:USDT,0.29285,4.0,0.29284,26.0,0.29306,26.0,0.29308,26.0
1753533122810,12:32:02.810,CROSS/USDT:USDT,0.29285,4.0,0.29284,26.0,0.29306,26.0,0.29308,26.0
1753533122937,12:32:02.937,CROSS/USDT:USDT,0.29285,4.0,0.29284,26.0,0.29306,26.0,0.29308,26.0
1753533123150,12:32:03.150,CROSS/USDT:USDT,0.29285,4.0,0.29284,26.0,0.29306,26.0,0.29308,26.0
1753533123298,12:32:03.298,CROSS/USDT:USDT,0.29285,4.0,0.29284,26.0,0.29308,26.0,0.2931,26.0
1753533123392,12:32:03.392,CROSS/USDT:USDT,0.293,26.0,0.29298,26.0,0.2933,26.0,0.29332,26.0
1753533123475,12:32:03.475,CROSS/USDT:USDT,0.29301,4.0,0.293,26.0,0.2933,26.0,0.29332,26.0
1753533123583,12:32:03.583,CROSS/USDT:USDT,0.29306,33.0,0.29304,26.0,0.2933,26.0,0.29332,26.0
1753533123608,12:32:03.608,CROSS/USDT:USDT,0.29307,18.0,0.29306,33.0,0.2933,26.0,0.29332,26.0
1753533123781,12:32:03.781,CROSS/USDT:USDT,0.29307,18.0,0.29306,33.0,0.2933,26.0,0.29332,26.0
1753533123891,12:32:03.891,CROSS/USDT:USDT,0.29307,18.0,0.29306,33.0,0.2933,26.0,0.29332,26.0
1753533123936,12:32:03.936,CROSS/USDT:USDT,0.29307,18.0,0.29306,33.0,0.2933,26.0,0.29332,26.0
1753533124024,12:32:04.024,CROSS/USDT:USDT,0.29307,18.0,0.29306,33.0,0.2933,26.0,0.29332,26.0
1753533124389,12:32:04.389,CROSS/USDT:USDT,0.29312,26.0,0.29308,373.0,0.29362,26.0,0.29367,1.0
1753533124495,12:32:04.495,CROSS/USDT:USDT,0.29318,26.0,0.29313,389.0,0.29362,26.0,0.29367,1.0
1753533124513,12:32:04.513,CROSS/USDT:USDT,0.29319,4.0,0.29318,26.0,0.29362,26.0,0.29367,1.0
1753533124602,12:32:04.602,CROSS/USDT:USDT,0.29319,4.0,0.29318,26.0,0.29362,26.0,0.29367,1.0
1753533124716,12:32:04.716,CROSS/USDT:USDT,0.29319,4.0,0.29318,26.0,0.29362,26.0,0.29367,1.0
1753533124880,12:32:04.880,CROSS/USDT:USDT,0.29319,4.0,0.29318,26.0,0.29362,26.0,0.29367,1.0
1753533124975,12:32:04.975,CROSS/USDT:USDT,0.29332,26.0,0.29331,71.0,0.29362,26.0,0.29365,40.0
1753533125007,12:32:05.007,CROSS/USDT:USDT,0.29333,4.0,0.29332,26.0,0.29362,26.0,0.29365,40.0
1753533125175,12:32:05.175,CROSS/USDT:USDT,0.29333,4.0,0.29332,26.0,0.29362,26.0,0.29365,40.0
1753533125378,12:32:05.378,CROSS/USDT:USDT,0.29333,4.0,0.29332,26.0,0.29362,26.0,0.29365,40.0
1753533126614,12:32:06.614,CROSS/USDT:USDT,0.29333,4.0,0.29332,26.0,0.29362,26.0,0.29365,40.0
1753533126736,12:32:06.736,CROSS/USDT:USDT,0.29333,4.0,0.29332,26.0,0.29362,26.0,0.29365,40.0
1753533126944,12:32:06.944,CROSS/USDT:USDT,0.29333,4.0,0.29332,26.0,0.29362,26.0,0.29365,40.0
1753533127752,12:32:07.752,CROSS/USDT:USDT,0.29333,4.0,0.29332,26.0,0.29362,26.0,0.29367,1.0
1753533127822,12:32:07.822,CROSS/USDT:USDT,0.29333,4.0,0.29332,26.0,0.29362,26.0,0.29364,26.0
1753533128152,12:32:08.152,CROSS/USDT:USDT,0.29333,4.0,0.29332,26.0,0.29362,26.0,0.29364,26.0
1753533128278,12:32:08.278,CROSS/USDT:USDT,0.29333,4.0,0.29332,26.0,0.29362,26.0,0.29364,26.0
1753533128385,12:32:08.385,CROSS/USDT:USDT,0.29338,26.0,0.29333,4.0,0.29362,26.0,0.29364,26.0
1753533128479,12:32:08.479,CROSS/USDT:USDT,0.29339,4.0,0.29338,26.0,0.29362,26.0,0.29364,26.0
1753533128569,12:32:08.569,CROSS/USDT:USDT,0.29339,2.0,0.29338,26.0,0.29372,26.0,0.29376,26.0
1753533128633,12:32:08.633,CROSS/USDT:USDT,0.29338,26.0,0.29333,4.0,0.29372,26.0,0.29376,26.0
1753533128736,12:32:08.736,CROSS/USDT:USDT,0.29338,26.0,0.29333,4.0,0.29372,26.0,0.29376,26.0
1753533128822,12:32:08.822,CROSS/USDT:USDT,0.29338,26.0,0.29333,377.0,0.29372,26.0,0.29376,26.0
1753533129231,12:32:09.231,CROSS/USDT:USDT,0.29338,26.0,0.29333,377.0,0.29372,26.0,0.29376,26.0
1753533129373,12:32:09.373,CROSS/USDT:USDT,0.29338,26.0,0.29334,373.0,0.29372,26.0,0.29376,26.0
1753533129444,12:32:09.444,CROSS/USDT:USDT,0.29338,26.0,0.29335,4.0,0.29372,26.0,0.29376,26.0
1753533130383,12:32:10.383,CROSS/USDT:USDT,0.29344,33.0,0.29341,73.0,0.29372,26.0,0.29374,26.0
1753533130444,12:32:10.444,CROSS/USDT:USDT,0.29344,33.0,0.29342,377.0,0.29372,26.0,0.29374,26.0
1753533130590,12:32:10.590,CROSS/USDT:USDT,0.29344,33.0,0.29342,377.0,0.29372,26.0,0.29374,26.0
1753533130889,12:32:10.889,CROSS/USDT:USDT,0.29344,33.0,0.29342,377.0,0.29372,26.0,0.29374,26.0
1753533131283,12:32:11.283,CROSS/USDT:USDT,0.2935,26.0,0.29344,406.0,0.29372,26.0,0.29374,26.0
1753533131353,12:32:11.353,CROSS/USDT:USDT,0.2935,26.0,0.29346,3.0,0.29372,26.0,0.29374,26.0
1753533131412,12:32:11.412,CROSS/USDT:USDT,0.2935,26.0,0.29346,3.0,0.29372,26.0,0.29374,26.0
1753533132386,12:32:12.386,CROSS/USDT:USDT,0.29372,26.0,0.29371,71.0,0.29406,46.0,0.29417,351.0
1753533132489,12:32:12.489,CROSS/USDT:USDT,0.29372,30.0,0.2937,26.0,0.29388,26.0,0.29392,54.0
1753533132592,12:32:12.592,CROSS/USDT:USDT,0.29372,26.0,0.2937,30.0,0.29388,26.0,0.2939,26.0
1753533132697,12:32:12.697,CROSS/USDT:USDT,0.29372,26.0,0.2937,30.0,0.29388,26.0,0.2939,26.0
1753533132723,12:32:12.723,CROSS/USDT:USDT,0.29372,26.0,0.2937,30.0,0.29388,26.0,0.2939,26.0
1753533133033,12:32:13.033,CROSS/USDT:USDT,0.29372,26.0,0.2937,30.0,0.29388,26.0,0.2939,26.0
1753533133118,12:32:13.118,CROSS/USDT:USDT,0.29372,26.0,0.2937,30.0,0.29388,26.0,0.2939,26.0
1753533133297,12:32:13.297,CROSS/USDT:USDT,0.29372,26.0,0.2937,30.0,0.29388,26.0,0.2939,26.0
1753533134799,12:32:14.799,CROSS/USDT:USDT,0.29372,26.0,0.2937,30.0,0.29388,26.0,0.2939,26.0
1753533134803,12:32:14.803,CROSS/USDT:USDT,0.29372,26.0,0.2937,30.0,0.29388,26.0,0.2939,26.0
1753533134969,12:32:14.969,CROSS/USDT:USDT,0.29372,26.0,0.2937,30.0,0.29388,26.0,0.2939,26.0
1753533135035,12:32:15.035,CROSS/USDT:USDT,0.29372,26.0,0.2937,30.0,0.29388,26.0,0.2939,26.0
1753533135114,12:32:15.114,CROSS/USDT:USDT,0.29372,26.0,0.2937,30.0,0.29388,26.0,0.2939,26.0
1753533135344,12:32:15.344,CROSS/USDT:USDT,0.29372,26.0,0.2937,30.0,0.29388,26.0,0.2939,26.0
1753533135445,12:32:15.445,CROSS/USDT:USDT,0.29372,26.0,0.2937,30.0,0.2939,26.0,0.29392,54.0
1753533135514,12:32:15.514,CROSS/USDT:USDT,0.29372,26.0,0.2937,30.0,0.2939,26.0,0.29392,54.0
1753533135851,12:32:15.851,CROSS/USDT:USDT,0.29372,26.0,0.2937,30.0,0.2939,26.0,0.29392,54.0
1753533135924,12:32:15.924,CROSS/USDT:USDT,0.29372,26.0,0.2937,30.0,0.2939,26.0,0.29392,54.0
1753533136265,12:32:16.265,CROSS/USDT:USDT,0.29372,26.0,0.2937,30.0,0.2939,26.0,0.29392,54.0
1753533136393,12:32:16.393,CROSS/USDT:USDT,0.29372,26.0,0.2937,30.0,0.2939,26.0,0.29392,54.0
1753533136406,12:32:16.406,CROSS/USDT:USDT,0.29373,14.0,0.29372,26.0,0.2939,26.0,0.29392,54.0
1753533136679,12:32:16.679,CROSS/USDT:USDT,0.29373,14.0,0.29372,26.0,0.2939,26.0,0.29392,54.0
1753533136937,12:32:16.937,CROSS/USDT:USDT,0.29373,14.0,0.29372,26.0,0.2939,26.0,0.29392,54.0
1753533137093,12:32:17.093,CROSS/USDT:USDT,0.29373,14.0,0.29372,26.0,0.2939,26.0,0.29392,54.0
1753533137396,12:32:17.396,CROSS/USDT:USDT,0.29373,14.0,0.2937,4.0,0.2939,34.0,0.29392,92.0
1753533137478,12:32:17.478,CROSS/USDT:USDT,0.29352,26.0,0.2935,26.0,0.2939,34.0,0.29392,92.0
1753533137587,12:32:17.587,CROSS/USDT:USDT,0.29352,26.0,0.2935,26.0,0.2939,34.0,0.29391,4.0
1753533137686,12:32:17.686,CROSS/USDT:USDT,0.29352,26.0,0.2935,26.0,0.29384,68.0,0.2939,34.0
1753533137716,12:32:17.716,CROSS/USDT:USDT,0.29352,26.0,0.2935,26.0,0.29383,20.0,0.29384,68.0
1753533137810,12:32:17.810,CROSS/USDT:USDT,0.29352,26.0,0.2935,26.0,0.29383,24.0,0.29384,68.0
1753533137917,12:32:17.917,CROSS/USDT:USDT,0.29352,26.0,0.2935,26.0,0.29383,24.0,0.29384,68.0
1753533138174,12:32:18.174,CROSS/USDT:USDT,0.29352,26.0,0.2935,26.0,0.29383,24.0,0.29384,68.0
1753533138231,12:32:18.231,CROSS/USDT:USDT,0.29352,26.0,0.2935,26.0,0.29383,24.0,0.29384,68.0
1753533138361,12:32:18.361,CROSS/USDT:USDT,0.29352,26.0,0.2935,26.0,0.29383,24.0,0.29384,68.0
1753533138475,12:32:18.475,CROSS/USDT:USDT,0.29352,26.0,0.2935,26.0,0.29383,24.0,0.29384,68.0
1753533138790,12:32:18.790,CROSS/USDT:USDT,0.29352,26.0,0.2935,26.0,0.29383,32.0,0.29384,68.0
1753533140153,12:32:20.153,CROSS/USDT:USDT,0.29352,26.0,0.2935,26.0,0.29383,32.0,0.29384,68.0
1753533140201,12:32:20.201,CROSS/USDT:USDT,0.29352,26.0,0.2935,26.0,0.29383,32.0,0.29384,68.0
1753533140424,12:32:20.424,CROSS/USDT:USDT,0.29352,26.0,0.2935,26.0,0.29383,32.0,0.29384,68.0
1753533140822,12:32:20.822,CROSS/USDT:USDT,0.29352,26.0,0.2935,26.0,0.29357,1.0,0.29383,32.0
1753533140907,12:32:20.907,CROSS/USDT:USDT,0.29352,26.0,0.2935,26.0,0.29357,1.0,0.29383,32.0
1753533141024,12:32:21.024,CROSS/USDT:USDT,0.29352,26.0,0.2935,26.0,0.29383,40.0,0.29384,68.0
1753533141197,12:32:21.197,CROSS/USDT:USDT,0.29352,26.0,0.2935,26.0,0.29383,40.0,0.29384,68.0
1753533141209,12:32:21.209,CROSS/USDT:USDT,0.29352,26.0,0.2935,26.0,0.29383,40.0,0.29384,68.0
1753533141738,12:32:21.738,CROSS/USDT:USDT,0.29352,26.0,0.2935,26.0,0.29383,40.0,0.29384,68.0
1753533141821,12:32:21.821,CROSS/USDT:USDT,0.29352,26.0,0.2935,26.0,0.29383,40.0,0.29386,142.0
1753533141905,12:32:21.905,CROSS/USDT:USDT,0.29352,26.0,0.2935,26.0,0.29383,36.0,0.29385,4.0
1753533142186,12:32:22.186,CROSS/USDT:USDT,0.29352,26.0,0.2935,26.0,0.29383,16.0,0.29385,4.0
1753533142680,12:32:22.680,CROSS/USDT:USDT,0.29352,26.0,0.2935,26.0,0.29383,16.0,0.29384,68.0
1753533142706,12:32:22.706,CROSS/USDT:USDT,0.29352,26.0,0.2935,26.0,0.29383,20.0,0.29384,68.0
1753533142847,12:32:22.847,CROSS/USDT:USDT,0.29352,26.0,0.2935,26.0,0.29383,20.0,0.29384,68.0
1753533142924,12:32:22.924,CROSS/USDT:USDT,0.29352,26.0,0.2935,26.0,0.29383,20.0,0.29384,68.0
1753533143479,12:32:23.479,CROSS/USDT:USDT,0.29352,26.0,0.2935,26.0,0.29383,20.0,0.29384,68.0
1753533144735,12:32:24.735,CROSS/USDT:USDT,0.29352,26.0,0.2935,26.0,0.29383,21.0,0.29384,68.0
1753533145035,12:32:25.035,CROSS/USDT:USDT,0.29352,26.0,0.2935,26.0,0.29383,20.0,0.29384,68.0
1753533145539,12:32:25.539,CROSS/USDT:USDT,0.29352,26.0,0.2935,26.0,0.29383,21.0,0.29384,68.0
1753533145634,12:32:25.634,CROSS/USDT:USDT,0.29352,26.0,0.2935,26.0,0.29383,20.0,0.29384,68.0
1753533145735,12:32:25.735,CROSS/USDT:USDT,0.29352,26.0,0.2935,26.0,0.29383,21.0,0.29384,68.0
1753533146034,12:32:26.034,CROSS/USDT:USDT,0.29352,26.0,0.2935,26.0,0.29383,20.0,0.29384,68.0
1753533146537,12:32:26.537,CROSS/USDT:USDT,0.29352,26.0,0.2935,26.0,0.29383,20.0,0.29384,68.0
1753533146734,12:32:26.734,CROSS/USDT:USDT,0.29352,26.0,0.2935,26.0,0.29383,21.0,0.29384,68.0
1753533147054,12:32:27.054,CROSS/USDT:USDT,0.29352,26.0,0.2935,26.0,0.29383,20.0,0.29384,68.0
1753533147288,12:32:27.288,CROSS/USDT:USDT,0.29352,26.0,0.2935,26.0,0.29383,20.0,0.29384,68.0
1753533147344,12:32:27.344,CROSS/USDT:USDT,0.29352,26.0,0.2935,26.0,0.29383,20.0,0.29384,68.0
1753533148466,12:32:28.466,CROSS/USDT:USDT,0.29352,26.0,0.2935,26.0,0.29383,20.0,0.29384,68.0
1753533150587,12:32:30.587,CROSS/USDT:USDT,0.29352,33.0,0.2935,26.0,0.29383,4.0,0.29392,28.0
1753533150634,12:32:30.634,CROSS/USDT:USDT,0.29352,33.0,0.2935,26.0,0.29392,28.0,0.29408,4.0
1753533150737,12:32:30.737,CROSS/USDT:USDT,0.29352,33.0,0.2935,26.0,0.29392,28.0,0.29408,4.0
1753533150917,12:32:30.917,CROSS/USDT:USDT,0.29352,33.0,0.2935,26.0,0.29392,28.0,0.29408,4.0
1753533151097,12:32:31.097,CROSS/USDT:USDT,0.29352,33.0,0.2935,26.0,0.29392,28.0,0.29407,20.0
1753533151117,12:32:31.117,CROSS/USDT:USDT,0.29352,33.0,0.2935,26.0,0.29392,28.0,0.29407,20.0
1753533151299,12:32:31.299,CROSS/USDT:USDT,0.29352,33.0,0.2935,26.0,0.29392,36.0,0.29407,20.0
1753533151362,12:32:31.362,CROSS/USDT:USDT,0.29352,33.0,0.2935,26.0,0.29392,36.0,0.29407,20.0
1753533152086,12:32:32.086,CROSS/USDT:USDT,0.29352,33.0,0.2935,26.0,0.29392,36.0,0.29407,20.0
1753533152154,12:32:32.154,CROSS/USDT:USDT,0.29352,33.0,0.2935,26.0,0.29392,36.0,0.29407,20.0
1753533152217,12:32:32.217,CROSS/USDT:USDT,0.29352,33.0,0.2935,26.0,0.29392,36.0,0.29407,20.0
1753533152389,12:32:32.389,CROSS/USDT:USDT,0.29352,33.0,0.2935,26.0,0.29392,36.0,0.29407,20.0
1753533152561,12:32:32.561,CROSS/USDT:USDT,0.29352,33.0,0.2935,26.0,0.29392,36.0,0.29407,20.0
1753533153074,12:32:33.074,CROSS/USDT:USDT,0.29352,33.0,0.2935,26.0,0.29392,36.0,0.29407,20.0
1753533153848,12:32:33.848,CROSS/USDT:USDT,0.29352,33.0,0.2935,26.0,0.29392,36.0,0.29407,20.0
1753533154156,12:32:34.156,CROSS/USDT:USDT,0.29352,33.0,0.2935,26.0,0.29392,36.0,0.29407,20.0
1753533155099,12:32:35.099,CROSS/USDT:USDT,0.29352,26.0,0.2935,26.0,0.29387,76.0,0.29392,36.0
1753533155181,12:32:35.181,CROSS/USDT:USDT,0.29352,26.0,0.2935,26.0,0.29386,4.0,0.29387,76.0
1753533155273,12:32:35.273,CROSS/USDT:USDT,0.29352,26.0,0.2935,26.0,0.29386,4.0,0.29387,76.0
1753533155578,12:32:35.578,CROSS/USDT:USDT,0.29352,26.0,0.2935,26.0,0.29386,4.0,0.29387,76.0
1753533156030,12:32:36.030,CROSS/USDT:USDT,0.29352,26.0,0.2935,26.0,0.29386,4.0,0.29387,76.0
1753533156138,12:32:36.138,CROSS/USDT:USDT,0.29352,26.0,0.2935,26.0,0.29386,4.0,0.29387,76.0
1753533156326,12:32:36.326,CROSS/USDT:USDT,0.29352,26.0,0.2935,26.0,0.29386,4.0,0.29387,76.0
1753533156460,12:32:36.460,CROSS/USDT:USDT,0.29352,26.0,0.2935,26.0,0.29386,4.0,0.29387,76.0
1753533157462,12:32:37.462,CROSS/USDT:USDT,0.29352,33.0,0.2935,26.0,0.29386,4.0,0.29387,8.0
1753533157548,12:32:37.548,CROSS/USDT:USDT,0.29352,33.0,0.2935,26.0,0.29387,8.0,0.29392,36.0
1753533157756,12:32:37.756,CROSS/USDT:USDT,0.29352,33.0,0.2935,26.0,0.29387,8.0,0.29392,36.0
1753533158019,12:32:38.019,CROSS/USDT:USDT,0.29352,33.0,0.2935,26.0,0.29387,8.0,0.29392,36.0
1753533159342,12:32:39.342,CROSS/USDT:USDT,0.29352,33.0,0.2935,26.0,0.29387,8.0,0.29392,36.0
1753533159412,12:32:39.412,CROSS/USDT:USDT,0.29352,33.0,0.2935,26.0,0.29387,8.0,0.29392,36.0
1753533160051,12:32:40.051,CROSS/USDT:USDT,0.29352,33.0,0.2935,26.0,0.29387,8.0,0.29392,36.0
1753533160105,12:32:40.105,CROSS/USDT:USDT,0.29352,33.0,0.2935,26.0,0.29387,8.0,0.29392,36.0
1753533160842,12:32:40.842,CROSS/USDT:USDT,0.29352,26.0,0.2935,26.0,0.29386,68.0,0.29387,8.0
1753533160974,12:32:40.974,CROSS/USDT:USDT,0.29352,26.0,0.2935,26.0,0.29386,72.0,0.29387,8.0
1753533161020,12:32:41.020,CROSS/USDT:USDT,0.29352,26.0,0.2935,26.0,0.29386,72.0,0.29387,8.0
1753533161175,12:32:41.175,CROSS/USDT:USDT,0.29352,26.0,0.2935,26.0,0.29386,72.0,0.29387,8.0
1753533162462,12:32:42.462,CROSS/USDT:USDT,0.29352,26.0,0.2935,26.0,0.29386,72.0,0.29387,8.0
1753533162805,12:32:42.805,CROSS/USDT:USDT,0.29352,26.0,0.2935,26.0,0.29386,72.0,0.29387,8.0
1753533163804,12:32:43.804,CROSS/USDT:USDT,0.29352,26.0,0.2935,26.0,0.29386,72.0,0.29387,8.0
1753533164154,12:32:44.154,CROSS/USDT:USDT,0.29352,26.0,0.2935,26.0,0.29386,72.0,0.29387,8.0
1753533164991,12:32:44.991,CROSS/USDT:USDT,0.29352,26.0,0.2935,26.0,0.29386,72.0,0.29387,8.0
1753533165155,12:32:45.155,CROSS/USDT:USDT,0.29352,26.0,0.2935,26.0,0.29386,72.0,0.29387,8.0
1753533165740,12:32:45.740,CROSS/USDT:USDT,0.29352,26.0,0.2935,26.0,0.29386,72.0,0.29387,8.0
1753533167199,12:32:47.199,CROSS/USDT:USDT,0.29304,26.0,0.29296,64.0,0.29338,26.0,0.29342,26.0
1753533167300,12:32:47.300,CROSS/USDT:USDT,0.29302,26.0,0.29298,26.0,0.2932,34.0,0.29322,81.0
1753533167383,12:32:47.383,CROSS/USDT:USDT,0.29296,26.0,0.29294,27.0,0.29319,9.0,0.2932,34.0
1753533167488,12:32:47.488,CROSS/USDT:USDT,0.29296,26.0,0.29294,27.0,0.29319,9.0,0.2932,34.0
1753533167597,12:32:47.597,CROSS/USDT:USDT,0.29294,27.0,0.29292,26.0,0.29319,9.0,0.2932,34.0
1753533167619,12:32:47.619,CROSS/USDT:USDT,0.29294,1.0,0.29292,26.0,0.29319,9.0,0.2932,38.0
1753533167772,12:32:47.772,CROSS/USDT:USDT,0.29294,1.0,0.29292,26.0,0.29319,9.0,0.2932,38.0
1753533167813,12:32:47.813,CROSS/USDT:USDT,0.29294,1.0,0.29292,26.0,0.29319,9.0,0.2932,38.0
1753533167939,12:32:47.939,CROSS/USDT:USDT,0.29278,1.0,0.29261,20.0,0.29319,10.0,0.2932,38.0
1753533168039,12:32:48.039,CROSS/USDT:USDT,0.2928,26.0,0.29278,1.0,0.29319,9.0,0.2932,38.0
1753533168134,12:32:48.134,CROSS/USDT:USDT,0.2928,26.0,0.29278,1.0,0.29319,10.0,0.2932,38.0
1753533168234,12:32:48.234,CROSS/USDT:USDT,0.2928,26.0,0.29278,1.0,0.29319,9.0,0.2932,38.0
1753533168330,12:32:48.330,CROSS/USDT:USDT,0.2928,26.0,0.29278,1.0,0.29319,9.0,0.2932,38.0
1753533168453,12:32:48.453,CROSS/USDT:USDT,0.2928,26.0,0.29278,1.0,0.29319,9.0,0.2932,38.0
1753533168641,12:32:48.641,CROSS/USDT:USDT,0.2928,26.0,0.29278,1.0,0.29319,9.0,0.2932,38.0
1753533168898,12:32:48.898,CROSS/USDT:USDT,0.2928,26.0,0.29278,1.0,0.29319,29.0,0.2932,58.0
1753533168982,12:32:48.982,CROSS/USDT:USDT,0.2928,26.0,0.29278,27.0,0.293,26.0,0.29306,79.0
1753533169045,12:32:49.045,CROSS/USDT:USDT,0.2928,26.0,0.29278,27.0,0.293,26.0,0.29306,79.0
1753533169107,12:32:49.107,CROSS/USDT:USDT,0.2928,26.0,0.29278,27.0,0.293,26.0,0.29306,79.0
1753533169283,12:32:49.283,CROSS/USDT:USDT,0.2928,26.0,0.29278,27.0,0.293,26.0,0.29306,79.0
1753533169473,12:32:49.473,CROSS/USDT:USDT,0.2928,26.0,0.29278,27.0,0.293,26.0,0.29306,79.0
1753533169596,12:32:49.596,CROSS/USDT:USDT,0.2928,26.0,0.29278,27.0,0.293,26.0,0.29306,79.0
1753533169607,12:32:49.607,CROSS/USDT:USDT,0.2928,26.0,0.29278,27.0,0.293,26.0,0.29306,79.0
1753533169885,12:32:49.885,CROSS/USDT:USDT,0.2928,26.0,0.29278,27.0,0.293,26.0,0.29306,79.0
1753533170402,12:32:50.402,CROSS/USDT:USDT,0.2928,26.0,0.29278,27.0,0.293,26.0,0.29302,26.0
1753533170849,12:32:50.849,CROSS/USDT:USDT,0.2928,26.0,0.29278,27.0,0.293,26.0,0.29302,26.0
1753533171343,12:32:51.343,CROSS/USDT:USDT,0.2928,26.0,0.29278,27.0,0.293,26.0,0.29302,26.0
1753533171902,12:32:51.902,CROSS/USDT:USDT,0.2928,26.0,0.29278,27.0,0.293,26.0,0.29302,26.0
1753533172283,12:32:52.283,CROSS/USDT:USDT,0.2928,26.0,0.29278,27.0,0.293,26.0,0.29302,26.0
1753533173087,12:32:53.087,CROSS/USDT:USDT,0.2928,26.0,0.29278,27.0,0.293,26.0,0.29302,26.0
1753533173092,12:32:53.092,CROSS/USDT:USDT,0.2928,26.0,0.29278,27.0,0.293,26.0,0.29302,26.0
1753533173226,12:32:53.226,CROSS/USDT:USDT,0.2928,26.0,0.29278,27.0,0.293,26.0,0.29302,26.0
1753533173512,12:32:53.512,CROSS/USDT:USDT,0.2928,26.0,0.29278,27.0,0.293,26.0,0.29302,26.0
1753533173882,12:32:53.882,CROSS/USDT:USDT,0.29272,26.0,0.29268,26.0,0.293,26.0,0.29302,26.0
1753533173996,12:32:53.996,CROSS/USDT:USDT,0.29272,26.0,0.2927,26.0,0.293,26.0,0.29302,26.0
1753533174090,12:32:54.090,CROSS/USDT:USDT,0.29268,26.0,0.29266,26.0,0.29284,367.0,0.29286,38.0
1753533174197,12:32:54.197,CROSS/USDT:USDT,0.2923,3.0,0.29229,946.0,0.29282,26.0,0.29283,109.0
1753533174286,12:32:54.286,CROSS/USDT:USDT,0.2923,376.0,0.29222,68.0,0.29282,26.0,0.29283,4.0
1753533174396,12:32:54.396,CROSS/USDT:USDT,0.2923,376.0,0.29223,71.0,0.29282,26.0,0.29283,4.0
1753533174425,12:32:54.425,CROSS/USDT:USDT,0.2923,376.0,0.29223,71.0,0.29282,26.0,0.29283,4.0
1753533174696,12:32:54.696,CROSS/USDT:USDT,0.2923,376.0,0.29223,71.0,0.29282,26.0,0.29283,4.0
1753533174830,12:32:54.830,CROSS/USDT:USDT,0.2923,376.0,0.29223,71.0,0.29282,46.0,0.29283,4.0
1753533175179,12:32:55.179,CROSS/USDT:USDT,0.2923,376.0,0.29223,71.0,0.29282,46.0,0.29283,4.0
1753533175471,12:32:55.471,CROSS/USDT:USDT,0.2923,376.0,0.29222,68.0,0.29282,46.0,0.29283,4.0
1753533175610,12:32:55.610,CROSS/USDT:USDT,0.2923,376.0,0.29222,68.0,0.29282,46.0,0.29283,4.0
1753533175807,12:32:55.807,CROSS/USDT:USDT,0.2923,376.0,0.29222,68.0,0.29282,46.0,0.29283,4.0
1753533176154,12:32:56.154,CROSS/USDT:USDT,0.2923,376.0,0.29222,68.0,0.29282,46.0,0.29283,4.0
1753533176367,12:32:56.367,CROSS/USDT:USDT,0.2923,383.0,0.29222,68.0,0.29266,26.0,0.29269,71.0
1753533176409,12:32:56.409,CROSS/USDT:USDT,0.2923,10.0,0.29223,373.0,0.29266,26.0,0.29269,71.0
1753533176532,12:32:56.532,CROSS/USDT:USDT,0.2923,10.0,0.29222,68.0,0.29266,26.0,0.29269,71.0
1753533177099,12:32:57.099,CROSS/USDT:USDT,0.2923,3.0,0.29218,68.0,0.29258,26.0,0.29263,20.0
1753533177153,12:32:57.153,CROSS/USDT:USDT,0.2923,3.0,0.29218,68.0,0.29258,26.0,0.29263,24.0
1753533177263,12:32:57.263,CROSS/USDT:USDT,0.2923,3.0,0.29218,68.0,0.29258,26.0,0.29263,24.0
1753533177347,12:32:57.347,CROSS/USDT:USDT,0.2923,3.0,0.29218,68.0,0.29258,26.0,0.29263,24.0
1753533177491,12:32:57.491,CROSS/USDT:USDT,0.2923,3.0,0.29218,68.0,0.29258,26.0,0.29263,24.0
1753533177599,12:32:57.599,CROSS/USDT:USDT,0.2923,3.0,0.29225,29.0,0.29258,26.0,0.2926,26.0
1753533177691,12:32:57.691,CROSS/USDT:USDT,0.2923,3.0,0.29225,29.0,0.29258,26.0,0.2926,26.0
1753533177721,12:32:57.721,CROSS/USDT:USDT,0.2923,3.0,0.29225,29.0,0.29258,26.0,0.2926,26.0
1753533177796,12:32:57.796,CROSS/USDT:USDT,0.2923,3.0,0.29225,29.0,0.29258,26.0,0.2926,26.0
1753533177992,12:32:57.992,CROSS/USDT:USDT,0.2923,3.0,0.29225,29.0,0.29258,26.0,0.2926,26.0
1753533178095,12:32:58.095,CROSS/USDT:USDT,0.2923,3.0,0.29225,29.0,0.29258,26.0,0.2926,26.0
1753533178192,12:32:58.192,CROSS/USDT:USDT,0.2923,3.0,0.29225,29.0,0.29258,26.0,0.2926,26.0
1753533178784,12:32:58.784,CROSS/USDT:USDT,0.2923,3.0,0.29225,29.0,0.29258,26.0,0.2926,26.0
1753533178982,12:32:58.982,CROSS/USDT:USDT,0.2923,3.0,0.29225,29.0,0.2925,26.0,0.29253,19.0
1753533179008,12:32:59.008,CROSS/USDT:USDT,0.2923,3.0,0.29219,20.0,0.2925,26.0,0.29253,19.0
1753533179108,12:32:59.108,CROSS/USDT:USDT,0.2923,3.0,0.29219,20.0,0.2925,26.0,0.29253,19.0
1753533179201,12:32:59.201,CROSS/USDT:USDT,0.2923,3.0,0.29219,20.0,0.2925,26.0,0.29253,19.0
1753533179414,12:32:59.414,CROSS/USDT:USDT,0.2923,3.0,0.29219,20.0,0.2925,26.0,0.29253,19.0
1753533179501,12:32:59.501,CROSS/USDT:USDT,0.2923,3.0,0.2922,29.0,0.2925,26.0,0.29253,19.0
1753533179763,12:32:59.763,CROSS/USDT:USDT,0.2923,3.0,0.2922,29.0,0.2925,26.0,0.29253,19.0
1753533179982,12:32:59.982,CROSS/USDT:USDT,0.2923,3.0,0.2922,29.0,0.2925,26.0,0.29252,26.0
1753533180062,12:33:00.062,CROSS/USDT:USDT,0.2923,3.0,0.2922,29.0,0.2925,26.0,0.29252,26.0
1753533180106,12:33:00.106,CROSS/USDT:USDT,0.2923,3.0,0.2922,29.0,0.2925,26.0,0.29252,26.0
1753533180278,12:33:00.278,CROSS/USDT:USDT,0.2923,3.0,0.2922,29.0,0.2925,26.0,0.29252,26.0
1753533180689,12:33:00.689,CROSS/USDT:USDT,0.29231,6.0,0.2923,3.0,0.29262,26.0,0.29264,26.0
1753533180733,12:33:00.733,CROSS/USDT:USDT,0.29231,6.0,0.2923,3.0,0.29247,29.0,0.29252,26.0
1753533180819,12:33:00.819,CROSS/USDT:USDT,0.29231,6.0,0.2923,3.0,0.29247,29.0,0.2925,26.0
1753533181259,12:33:01.259,CROSS/USDT:USDT,0.29231,6.0,0.2923,3.0,0.29247,29.0,0.2925,26.0
1753533181341,12:33:01.341,CROSS/USDT:USDT,0.29231,6.0,0.2923,3.0,0.29247,29.0,0.2925,26.0
1753533181752,12:33:01.752,CROSS/USDT:USDT,0.29231,6.0,0.2923,3.0,0.29247,29.0,0.2925,26.0
1753533181845,12:33:01.845,CROSS/USDT:USDT,0.29231,6.0,0.2923,3.0,0.29247,29.0,0.2925,26.0
1753533182494,12:33:02.494,CROSS/USDT:USDT,0.29231,6.0,0.2923,3.0,0.29262,26.0,0.29264,26.0
1753533182578,12:33:02.578,CROSS/USDT:USDT,0.29231,6.0,0.2923,3.0,0.29262,26.0,0.29264,26.0
1753533182684,12:33:02.684,CROSS/USDT:USDT,0.29231,6.0,0.2923,3.0,0.29262,26.0,0.29264,26.0
1753533182778,12:33:02.778,CROSS/USDT:USDT,0.29231,6.0,0.2923,3.0,0.29262,26.0,0.29264,26.0
1753533182872,12:33:02.872,CROSS/USDT:USDT,0.29231,6.0,0.2923,3.0,0.29262,26.0,0.29264,26.0
1753533182924,12:33:02.924,CROSS/USDT:USDT,0.29231,6.0,0.2923,3.0,0.29262,26.0,0.29264,26.0
1753533183093,12:33:03.093,CROSS/USDT:USDT,0.29231,6.0,0.2923,3.0,0.29262,26.0,0.29264,26.0
1753533183141,12:33:03.141,CROSS/USDT:USDT,0.29231,6.0,0.2923,3.0,0.29262,26.0,0.29264,26.0
1753533183343,12:33:03.343,CROSS/USDT:USDT,0.29231,6.0,0.2923,3.0,0.29262,26.0,0.29264,26.0
1753533183450,12:33:03.450,CROSS/USDT:USDT,0.29231,6.0,0.2923,3.0,0.29262,26.0,0.29264,26.0
1753533183597,12:33:03.597,CROSS/USDT:USDT,0.29231,6.0,0.2923,3.0,0.29262,26.0,0.29264,26.0
1753533183638,12:33:03.638,CROSS/USDT:USDT,0.29231,6.0,0.2923,3.0,0.29262,26.0,0.29264,26.0
1753533183729,12:33:03.729,CROSS/USDT:USDT,0.29231,6.0,0.2923,3.0,0.29262,26.0,0.29264,26.0
1753533183966,12:33:03.966,CROSS/USDT:USDT,0.29231,6.0,0.2923,3.0,0.29262,26.0,0.29264,26.0
1753533184007,12:33:04.007,CROSS/USDT:USDT,0.29231,6.0,0.2923,3.0,0.29262,26.0,0.29264,26.0
1753533184154,12:33:04.154,CROSS/USDT:USDT,0.29231,6.0,0.2923,3.0,0.29262,26.0,0.29264,26.0
1753533184204,12:33:04.204,CROSS/USDT:USDT,0.29231,6.0,0.2923,3.0,0.29262,26.0,0.29264,26.0
1753533184311,12:33:04.311,CROSS/USDT:USDT,0.29231,6.0,0.2923,3.0,0.29262,26.0,0.29264,26.0
1753533184727,12:33:04.727,CROSS/USDT:USDT,0.29231,6.0,0.2923,3.0,0.29262,26.0,0.29264,26.0
1753533187942,12:33:07.942,CROSS/USDT:USDT,0.29231,6.0,0.2923,3.0,0.29262,26.0,0.29264,26.0
1753533188159,12:33:08.159,CROSS/USDT:USDT,0.29231,6.0,0.2923,3.0,0.29262,26.0,0.29264,26.0
1753533188283,12:33:08.283,CROSS/USDT:USDT,0.29231,6.0,0.2923,3.0,0.29262,26.0,0.29264,26.0
1753533188362,12:33:08.362,CROSS/USDT:USDT,0.29231,6.0,0.2923,3.0,0.29262,26.0,0.29264,26.0
1753533189299,12:33:09.299,CROSS/USDT:USDT,0.29228,51.0,0.29227,3.0,0.29262,34.0,0.29264,26.0
1753533189381,12:33:09.381,CROSS/USDT:USDT,0.29228,51.0,0.29227,3.0,0.29262,34.0,0.29264,26.0
1753533189484,12:33:09.484,CROSS/USDT:USDT,0.29219,68.0,0.29214,3.0,0.29262,34.0,0.29264,26.0
1753533189586,12:33:09.586,CROSS/USDT:USDT,0.29218,68.0,0.29214,3.0,0.29262,34.0,0.29264,26.0
1753533189651,12:33:09.651,CROSS/USDT:USDT,0.29218,68.0,0.29214,3.0,0.29262,34.0,0.29264,26.0
1753533189763,12:33:09.763,CROSS/USDT:USDT,0.29218,68.0,0.29214,3.0,0.29262,34.0,0.29264,26.0
1753533190063,12:33:10.063,CROSS/USDT:USDT,0.29218,68.0,0.29214,3.0,0.29262,34.0,0.29264,26.0
1753533190400,12:33:10.400,CROSS/USDT:USDT,0.29218,68.0,0.29214,3.0,0.29262,26.0,0.29264,26.0
1753533190401,12:33:10.401,CROSS/USDT:USDT,0.29218,68.0,0.29214,3.0,0.29262,26.0,0.29264,26.0
1753533190577,12:33:10.577,CROSS/USDT:USDT,0.29222,20.0,0.29219,109.0,0.29262,26.0,0.29264,26.0
1753533190635,12:33:10.635,CROSS/USDT:USDT,0.29222,20.0,0.29219,109.0,0.29262,26.0,0.29264,26.0
1753533191041,12:33:11.041,CROSS/USDT:USDT,0.29222,20.0,0.2922,71.0,0.29262,26.0,0.29264,26.0
1753533191639,12:33:11.639,CROSS/USDT:USDT,0.29222,20.0,0.2922,71.0,0.29262,26.0,0.29264,26.0
1753533191864,12:33:11.864,CROSS/USDT:USDT,0.29222,20.0,0.2922,71.0,0.29262,26.0,0.29264,26.0
1753533191960,12:33:11.960,CROSS/USDT:USDT,0.29222,20.0,0.2922,71.0,0.29262,26.0,0.29264,26.0
1753533192741,12:33:12.741,CROSS/USDT:USDT,0.29222,20.0,0.2922,71.0,0.29262,26.0,0.29264,26.0
1753533194080,12:33:14.080,CROSS/USDT:USDT,0.29222,20.0,0.2922,71.0,0.29262,26.0,0.29264,26.0
1753533194279,12:33:14.279,CROSS/USDT:USDT,0.29222,20.0,0.2922,71.0,0.29262,26.0,0.29264,26.0
1753533194521,12:33:14.521,CROSS/USDT:USDT,0.29223,87.0,0.2922,71.0,0.29262,26.0,0.29264,26.0
1753533194691,12:33:14.691,CROSS/USDT:USDT,0.29223,87.0,0.2922,71.0,0.29262,26.0,0.29264,26.0
1753533194794,12:33:14.794,CROSS/USDT:USDT,0.29223,87.0,0.2922,71.0,0.29262,26.0,0.29264,26.0
1753533195220,12:33:15.220,CROSS/USDT:USDT,0.29223,87.0,0.2922,71.0,0.29262,26.0,0.29264,26.0
1753533195344,12:33:15.344,CROSS/USDT:USDT,0.29223,87.0,0.2922,71.0,0.29262,26.0,0.29264,26.0
1753533195584,12:33:15.584,CROSS/USDT:USDT,0.29223,87.0,0.2922,71.0,0.29262,26.0,0.29264,26.0
1753533196220,12:33:16.220,CROSS/USDT:USDT,0.29223,87.0,0.2922,71.0,0.29262,26.0,0.29264,26.0
1753533197397,12:33:17.397,CROSS/USDT:USDT,0.29223,87.0,0.2922,71.0,0.29262,26.0,0.29264,26.0
1753533197411,12:33:17.411,CROSS/USDT:USDT,0.29223,87.0,0.2922,71.0,0.29262,26.0,0.29264,26.0
1753533197542,12:33:17.542,CROSS/USDT:USDT,0.29223,87.0,0.2922,71.0,0.29262,26.0,0.29264,26.0
1753533197699,12:33:17.699,CROSS/USDT:USDT,0.29223,87.0,0.2922,71.0,0.29262,26.0,0.29264,26.0
1753533198321,12:33:18.321,CROSS/USDT:USDT,0.29223,87.0,0.2922,71.0,0.29262,26.0,0.29264,26.0
1753533199509,12:33:19.509,CROSS/USDT:USDT,0.29223,87.0,0.2922,71.0,0.29262,26.0,0.29264,26.0
1753533200156,12:33:20.156,CROSS/USDT:USDT,0.29223,87.0,0.2922,71.0,0.29262,26.0,0.29264,26.0
1753533200399,12:33:20.399,CROSS/USDT:USDT,0.29223,87.0,0.2922,71.0,0.29262,26.0,0.29264,26.0
1753533200400,12:33:20.400,CROSS/USDT:USDT,0.29223,87.0,0.2922,71.0,0.29262,26.0,0.29264,26.0
1753533200593,12:33:20.593,CROSS/USDT:USDT,0.29224,20.0,0.29223,87.0,0.29262,26.0,0.29264,26.0
1753533200622,12:33:20.622,CROSS/USDT:USDT,0.29225,93.0,0.2922,71.0,0.29262,26.0,0.29264,26.0
1753533200849,12:33:20.849,CROSS/USDT:USDT,0.29225,93.0,0.2922,71.0,0.29262,26.0,0.29264,26.0
1753533200994,12:33:20.994,CROSS/USDT:USDT,0.29225,93.0,0.2922,71.0,0.29262,26.0,0.29264,26.0
1753533201098,12:33:21.098,CROSS/USDT:USDT,0.29225,93.0,0.29221,351.0,0.29262,26.0,0.29264,26.0
1753533201133,12:33:21.133,CROSS/USDT:USDT,0.29225,93.0,0.29221,351.0,0.29262,26.0,0.29264,26.0
1753533201285,12:33:21.285,CROSS/USDT:USDT,0.29226,20.0,0.29225,93.0,0.29278,26.0,0.29284,26.0
1753533201346,12:33:21.346,CROSS/USDT:USDT,0.29227,111.0,0.29226,20.0,0.29278,26.0,0.29284,26.0
1753533201454,12:33:21.454,CROSS/USDT:USDT,0.29227,111.0,0.29226,20.0,0.29278,26.0,0.29284,26.0
1753533201841,12:33:21.841,CROSS/USDT:USDT,0.29227,111.0,0.29226,20.0,0.29278,26.0,0.29284,26.0
1753533202032,12:33:22.032,CROSS/USDT:USDT,0.29227,111.0,0.29226,20.0,0.29278,26.0,0.29284,26.0
1753533202294,12:33:22.294,CROSS/USDT:USDT,0.29264,26.0,0.29258,71.0,0.29304,30.0,0.29321,351.0
1753533202392,12:33:22.392,CROSS/USDT:USDT,0.2927,32.0,0.29267,60.0,0.29304,26.0,0.2932,4.0
1753533202494,12:33:22.494,CROSS/USDT:USDT,0.2927,32.0,0.29267,60.0,0.29304,26.0,0.2933,3.0
1753533202569,12:33:22.569,CROSS/USDT:USDT,0.2927,32.0,0.29267,60.0,0.29304,26.0,0.2931,33.0
1753533202679,12:33:22.679,CROSS/USDT:USDT,0.2927,32.0,0.29267,60.0,0.29304,26.0,0.2931,33.0
1753533202725,12:33:22.725,CROSS/USDT:USDT,0.2927,32.0,0.29267,60.0,0.29304,26.0,0.2931,33.0
1753533203159,12:33:23.159,CROSS/USDT:USDT,0.2927,32.0,0.29267,60.0,0.29304,26.0,0.2931,33.0
1753533203292,12:33:23.292,CROSS/USDT:USDT,0.2927,32.0,0.29267,60.0,0.29304,26.0,0.2931,33.0
1753533203302,12:33:23.302,CROSS/USDT:USDT,0.2927,32.0,0.29267,60.0,0.29304,26.0,0.2931,33.0
1753533203495,12:33:23.495,CROSS/USDT:USDT,0.2927,32.0,0.29267,60.0,0.29304,26.0,0.2931,33.0
1753533203571,12:33:23.571,CROSS/USDT:USDT,0.2927,32.0,0.29267,60.0,0.29304,26.0,0.2931,33.0
1753533204287,12:33:24.287,CROSS/USDT:USDT,0.2927,32.0,0.29267,60.0,0.29304,26.0,0.2931,33.0
1753533204370,12:33:24.370,CROSS/USDT:USDT,0.2927,26.0,0.29266,3.0,0.29304,26.0,0.2931,33.0
1753533204495,12:33:24.495,CROSS/USDT:USDT,0.2927,26.0,0.29264,26.0,0.29304,26.0,0.2931,33.0
1753533204579,12:33:24.579,CROSS/USDT:USDT,0.2927,26.0,0.29264,26.0,0.29304,26.0,0.2931,33.0
1753533204666,12:33:24.666,CROSS/USDT:USDT,0.2927,26.0,0.29264,26.0,0.29304,26.0,0.2931,33.0
1753533205396,12:33:25.396,CROSS/USDT:USDT,0.2927,26.0,0.29268,26.0,0.29298,34.0,0.29301,58.0
1753533205479,12:33:25.479,CROSS/USDT:USDT,0.2927,26.0,0.29268,26.0,0.29298,34.0,0.29301,58.0
1753533205506,12:33:25.506,CROSS/USDT:USDT,0.2927,26.0,0.29268,26.0,0.29298,34.0,0.29301,58.0
1753533205670,12:33:25.670,CROSS/USDT:USDT,0.2927,26.0,0.29268,26.0,0.29298,34.0,0.29301,58.0
1753533205996,12:33:25.996,CROSS/USDT:USDT,0.29246,26.0,0.29244,26.0,0.29282,34.0,0.29285,58.0
1753533206060,12:33:26.060,CROSS/USDT:USDT,0.2924,26.0,0.2923,26.0,0.29282,40.0,0.29285,58.0
1753533206159,12:33:26.159,CROSS/USDT:USDT,0.2924,26.0,0.2923,26.0,0.29272,26.0,0.29277,359.0
1753533206283,12:33:26.283,CROSS/USDT:USDT,0.2924,26.0,0.2923,26.0,0.29272,26.0,0.29276,4.0
1753533206484,12:33:26.484,CROSS/USDT:USDT,0.2924,26.0,0.2923,26.0,0.29272,46.0,0.29276,4.0
1753533206546,12:33:26.546,CROSS/USDT:USDT,0.2924,26.0,0.2923,26.0,0.29266,34.0,0.29269,54.0
1753533206614,12:33:26.614,CROSS/USDT:USDT,0.2924,26.0,0.2923,26.0,0.29266,34.0,0.29269,54.0
1753533206709,12:33:26.709,CROSS/USDT:USDT,0.2924,26.0,0.2923,26.0,0.29266,34.0,0.29269,54.0
1753533206903,12:33:26.903,CROSS/USDT:USDT,0.2924,26.0,0.2923,26.0,0.29266,34.0,0.29269,54.0
1753533207047,12:33:27.047,CROSS/USDT:USDT,0.2924,26.0,0.2923,26.0,0.29266,34.0,0.29269,54.0
1753533207298,12:33:27.298,CROSS/USDT:USDT,0.2924,26.0,0.2923,26.0,0.29266,34.0,0.29269,54.0
1753533207344,12:33:27.344,CROSS/USDT:USDT,0.2924,26.0,0.2923,26.0,0.29266,34.0,0.29269,54.0
1753533207450,12:33:27.450,CROSS/USDT:USDT,0.2924,26.0,0.2923,26.0,0.29266,34.0,0.29269,54.0
1753533207798,12:33:27.798,CROSS/USDT:USDT,0.2924,26.0,0.2923,26.0,0.29266,34.0,0.29269,54.0
1753533207872,12:33:27.872,CROSS/USDT:USDT,0.2924,26.0,0.2923,26.0,0.29266,34.0,0.29269,54.0
1753533207985,12:33:27.985,CROSS/USDT:USDT,0.2924,26.0,0.2923,26.0,0.2926,34.0,0.29263,87.0
1753533208092,12:33:28.092,CROSS/USDT:USDT,0.2923,26.0,0.29225,946.0,0.2926,34.0,0.29263,87.0
1753533208108,12:33:28.108,CROSS/USDT:USDT,0.2923,26.0,0.2921,946.0,0.2926,34.0,0.29263,87.0
1753533208298,12:33:28.298,CROSS/USDT:USDT,0.2923,26.0,0.2921,946.0,0.2926,34.0,0.29263,87.0
1753533208300,12:33:28.300,CROSS/USDT:USDT,0.2923,26.0,0.2921,946.0,0.2926,34.0,0.29263,87.0
1753533208532,12:33:28.532,CROSS/USDT:USDT,0.2923,26.0,0.2921,946.0,0.2926,34.0,0.29263,87.0
1753533210334,12:33:30.334,CROSS/USDT:USDT,0.2923,26.0,0.2921,946.0,0.2926,35.0,0.29263,87.0
1753533210464,12:33:30.464,CROSS/USDT:USDT,0.2923,26.0,0.2921,946.0,0.2926,34.0,0.29263,87.0
1753533210535,12:33:30.535,CROSS/USDT:USDT,0.2923,26.0,0.2921,946.0,0.2926,35.0,0.29263,87.0
1753533210833,12:33:30.833,CROSS/USDT:USDT,0.2923,26.0,0.2921,946.0,0.2926,34.0,0.29263,87.0
1753533210935,12:33:30.935,CROSS/USDT:USDT,0.2923,26.0,0.2921,946.0,0.2926,35.0,0.29263,87.0
1753533211039,12:33:31.039,CROSS/USDT:USDT,0.2923,26.0,0.2921,946.0,0.2926,34.0,0.29263,87.0
1753533211264,12:33:31.264,CROSS/USDT:USDT,0.2923,26.0,0.29225,31.0,0.2926,35.0,0.29263,19.0
1753533211354,12:33:31.354,CROSS/USDT:USDT,0.2923,26.0,0.29225,31.0,0.2926,35.0,0.29263,19.0
1753533211436,12:33:31.436,CROSS/USDT:USDT,0.2923,26.0,0.29225,31.0,0.2926,34.0,0.29263,19.0
1753533211658,12:33:31.658,CROSS/USDT:USDT,0.2923,26.0,0.29225,31.0,0.2926,34.0,0.29263,19.0
1753533211965,12:33:31.965,CROSS/USDT:USDT,0.2923,26.0,0.29225,31.0,0.2926,34.0,0.29263,19.0
1753533212942,12:33:32.942,CROSS/USDT:USDT,0.2923,26.0,0.29225,31.0,0.2926,34.0,0.29263,19.0
1753533215076,12:33:35.076,CROSS/USDT:USDT,0.2923,26.0,0.29225,31.0,0.2926,34.0,0.29263,19.0
1753533215228,12:33:35.228,CROSS/USDT:USDT,0.2923,26.0,0.29225,31.0,0.2926,34.0,0.29263,19.0
1753533215783,12:33:35.783,CROSS/USDT:USDT,0.2923,26.0,0.29211,20.0,0.2926,34.0,0.29263,19.0
1753533215810,12:33:35.810,CROSS/USDT:USDT,0.2923,26.0,0.29211,20.0,0.2926,34.0,0.29263,19.0
1753533216382,12:33:36.382,CROSS/USDT:USDT,0.2923,26.0,0.29211,20.0,0.2926,34.0,0.29263,19.0
1753533216479,12:33:36.479,CROSS/USDT:USDT,0.29211,20.0,0.29208,1.0,0.2926,38.0,0.29263,19.0
1753533216539,12:33:36.539,CROSS/USDT:USDT,0.29211,20.0,0.29208,1.0,0.2926,38.0,0.29263,23.0
1753533216634,12:33:36.634,CROSS/USDT:USDT,0.29211,20.0,0.29208,1.0,0.2926,39.0,0.29263,23.0
1753533216734,12:33:36.734,CROSS/USDT:USDT,0.29211,20.0,0.29208,1.0,0.2926,38.0,0.29263,23.0
1753533217096,12:33:37.096,CROSS/USDT:USDT,0.29211,20.0,0.29208,1.0,0.2926,34.0,0.29263,23.0
1753533217112,12:33:37.112,CROSS/USDT:USDT,0.29211,20.0,0.29208,1.0,0.2926,34.0,0.29263,23.0
1753533217290,12:33:37.290,CROSS/USDT:USDT,0.29211,20.0,0.29208,1.0,0.2926,38.0,0.29263,23.0
1753533217377,12:33:37.377,CROSS/USDT:USDT,0.29208,1.0,0.29207,3.0,0.29254,26.0,0.29259,20.0
1753533217487,12:33:37.487,CROSS/USDT:USDT,0.29208,1.0,0.29207,3.0,0.29254,26.0,0.29259,20.0
1753533217699,12:33:37.699,CROSS/USDT:USDT,0.29208,1.0,0.29207,3.0,0.29254,26.0,0.29259,20.0
1753533217765,12:33:37.765,CROSS/USDT:USDT,0.29208,1.0,0.29207,3.0,0.29254,26.0,0.29259,20.0
1753533217887,12:33:37.887,CROSS/USDT:USDT,0.29208,1.0,0.29207,3.0,0.29254,26.0,0.29259,20.0
1753533220638,12:33:40.638,CROSS/USDT:USDT,0.29208,1.0,0.29207,3.0,0.29254,27.0,0.29259,20.0
1753533220868,12:33:40.868,CROSS/USDT:USDT,0.29208,1.0,0.29207,3.0,0.29254,27.0,0.29259,20.0
1753533220936,12:33:40.936,CROSS/USDT:USDT,0.29208,1.0,0.29207,3.0,0.29254,26.0,0.29259,20.0
1753533221345,12:33:41.345,CROSS/USDT:USDT,0.29208,1.0,0.29207,3.0,0.29254,26.0,0.29259,20.0
1753533221538,12:33:41.538,CROSS/USDT:USDT,0.29208,1.0,0.29207,3.0,0.29254,26.0,0.29259,20.0
1753533221635,12:33:41.635,CROSS/USDT:USDT,0.29208,1.0,0.29207,3.0,0.29254,27.0,0.29259,20.0
1753533221987,12:33:41.987,CROSS/USDT:USDT,0.29208,1.0,0.29207,3.0,0.29254,27.0,0.29259,20.0
1753533222295,12:33:42.295,CROSS/USDT:USDT,0.29208,1.0,0.29207,3.0,0.29254,27.0,0.29259,20.0
1753533222303,12:33:42.303,CROSS/USDT:USDT,0.29208,1.0,0.29207,3.0,0.29254,27.0,0.29259,20.0
1753533222542,12:33:42.542,CROSS/USDT:USDT,0.29208,1.0,0.29207,3.0,0.29254,27.0,0.29259,20.0
1753533222667,12:33:42.667,CROSS/USDT:USDT,0.29208,1.0,0.29207,3.0,0.29254,27.0,0.29259,20.0
1753533222933,12:33:42.933,CROSS/USDT:USDT,0.29208,1.0,0.29207,3.0,0.29254,27.0,0.29259,20.0
1753533223299,12:33:43.299,CROSS/USDT:USDT,0.29208,1.0,0.29207,3.0,0.29254,27.0,0.29259,20.0
1753533223328,12:33:43.328,CROSS/USDT:USDT,0.29208,1.0,0.29207,3.0,0.29254,27.0,0.29259,20.0
1753533224297,12:33:44.297,CROSS/USDT:USDT,0.29208,1.0,0.29207,3.0,0.29254,27.0,0.29259,20.0
1753533224391,12:33:44.391,CROSS/USDT:USDT,0.29208,1.0,0.29207,3.0,0.29254,27.0,0.29259,20.0
1753533224413,12:33:44.413,CROSS/USDT:USDT,0.29208,1.0,0.29207,3.0,0.29254,27.0,0.29259,20.0
1753533225396,12:33:45.396,CROSS/USDT:USDT,0.29208,1.0,0.29203,590.0,0.29254,27.0,0.29259,20.0
1753533225429,12:33:45.429,CROSS/USDT:USDT,0.29208,1.0,0.29203,590.0,0.29254,27.0,0.29259,20.0
1753533227382,12:33:47.382,CROSS/USDT:USDT,0.29208,1.0,0.29203,590.0,0.29254,27.0,0.29259,20.0
1753533227434,12:33:47.434,CROSS/USDT:USDT,0.29208,1.0,0.29203,590.0,0.29254,26.0,0.29259,20.0
1753533227536,12:33:47.536,CROSS/USDT:USDT,0.29208,1.0,0.29203,590.0,0.29254,27.0,0.29259,20.0
1753533227669,12:33:47.669,CROSS/USDT:USDT,0.29208,1.0,0.29203,590.0,0.29254,27.0,0.29259,20.0
1753533227775,12:33:47.775,CROSS/USDT:USDT,0.29208,1.0,0.29203,590.0,0.29254,27.0,0.29259,20.0
1753533228496,12:33:48.496,CROSS/USDT:USDT,0.29208,1.0,0.2919,946.0,0.29238,26.0,0.29243,367.0
1753533228596,12:33:48.596,CROSS/USDT:USDT,0.29208,1.0,0.2919,946.0,0.29238,30.0,0.29242,4.0
1753533228644,12:33:48.644,CROSS/USDT:USDT,0.29208,1.0,0.2919,946.0,0.29238,30.0,0.29242,4.0
1753533228779,12:33:48.779,CROSS/USDT:USDT,0.29208,1.0,0.2919,946.0,0.29238,30.0,0.29242,4.0
1753533228886,12:33:48.886,CROSS/USDT:USDT,0.29208,1.0,0.29189,1.0,0.29238,30.0,0.29242,4.0
1753533228955,12:33:48.955,CROSS/USDT:USDT,0.29208,1.0,0.29189,1.0,0.29238,30.0,0.29242,4.0
1753533229046,12:33:49.046,CROSS/USDT:USDT,0.29208,1.0,0.29189,1.0,0.29238,30.0,0.29242,4.0
1753533229251,12:33:49.251,CROSS/USDT:USDT,0.29208,1.0,0.29189,1.0,0.29224,26.0,0.29229,87.0
1753533229309,12:33:49.309,CROSS/USDT:USDT,0.29208,1.0,0.29189,1.0,0.29224,26.0,0.29229,87.0
1753533230194,12:33:50.194,CROSS/USDT:USDT,0.29208,1.0,0.29189,1.0,0.29224,26.0,0.29229,87.0
1753533230598,12:33:50.598,CROSS/USDT:USDT,0.29208,1.0,0.29189,1.0,0.29224,26.0,0.29229,87.0
1753533230618,12:33:50.618,CROSS/USDT:USDT,0.29208,1.0,0.29189,1.0,0.29224,26.0,0.29229,87.0
1753533230719,12:33:50.719,CROSS/USDT:USDT,0.29208,1.0,0.29189,1.0,0.29224,26.0,0.29229,87.0
1753533231183,12:33:51.183,CROSS/USDT:USDT,0.29208,1.0,0.29189,1.0,0.29224,26.0,0.29229,87.0
1753533231299,12:33:51.299,CROSS/USDT:USDT,0.29208,1.0,0.29189,1.0,0.29224,26.0,0.29228,68.0
1753533231382,12:33:51.382,CROSS/USDT:USDT,0.29208,1.0,0.29189,1.0,0.29224,26.0,0.29229,87.0
1753533231421,12:33:51.421,CROSS/USDT:USDT,0.29208,1.0,0.29189,1.0,0.29224,26.0,0.29229,87.0
1753533231968,12:33:51.968,CROSS/USDT:USDT,0.29208,1.0,0.29189,1.0,0.29224,26.0,0.29229,16.0
1753533232007,12:33:52.007,CROSS/USDT:USDT,0.29208,1.0,0.29189,1.0,0.29224,26.0,0.29229,16.0
1753533232182,12:33:52.182,CROSS/USDT:USDT,0.29208,1.0,0.29189,1.0,0.29224,26.0,0.29229,16.0
1753533232955,12:33:52.955,CROSS/USDT:USDT,0.29208,1.0,0.29189,1.0,0.29224,26.0,0.29229,16.0
1753533233023,12:33:53.023,CROSS/USDT:USDT,0.29208,1.0,0.29189,1.0,0.29224,26.0,0.29229,16.0
1753533233160,12:33:53.160,CROSS/USDT:USDT,0.29208,1.0,0.29189,1.0,0.29224,26.0,0.29229,16.0
1753533233363,12:33:53.363,CROSS/USDT:USDT,0.29208,1.0,0.29189,1.0,0.29224,26.0,0.29229,16.0
1753533233425,12:33:53.425,CROSS/USDT:USDT,0.29208,1.0,0.29189,1.0,0.29224,26.0,0.29229,16.0
1753533233586,12:33:53.586,CROSS/USDT:USDT,0.29208,1.0,0.29189,1.0,0.29224,26.0,0.29229,16.0
1753533233680,12:33:53.680,CROSS/USDT:USDT,0.29208,1.0,0.29189,1.0,0.29224,26.0,0.29229,16.0
1753533233988,12:33:53.988,CROSS/USDT:USDT,0.29208,1.0,0.29189,1.0,0.29224,26.0,0.29229,16.0
1753533234410,12:33:54.410,CROSS/USDT:USDT,0.29208,1.0,0.29189,1.0,0.29224,26.0,0.29229,16.0
1753533234550,12:33:54.550,CROSS/USDT:USDT,0.29208,1.0,0.29189,1.0,0.29224,26.0,0.29229,16.0
1753533235152,12:33:55.152,CROSS/USDT:USDT,0.29208,1.0,0.29189,1.0,0.29224,26.0,0.29229,16.0
1753533236786,12:33:56.786,CROSS/USDT:USDT,0.29208,1.0,0.29189,1.0,0.29216,42.0,0.29218,42.0
1753533236869,12:33:56.869,CROSS/USDT:USDT,0.29208,1.0,0.29189,1.0,0.29216,42.0,0.29218,42.0
1753533236989,12:33:56.989,CROSS/USDT:USDT,0.29208,1.0,0.29189,1.0,0.29216,42.0,0.29218,42.0
1753533237116,12:33:57.116,CROSS/USDT:USDT,0.29208,1.0,0.29189,1.0,0.29216,42.0,0.29218,42.0
1753533237345,12:33:57.345,CROSS/USDT:USDT,0.29208,1.0,0.29189,1.0,0.29216,42.0,0.29218,42.0
1753533237822,12:33:57.822,CROSS/USDT:USDT,0.29208,1.0,0.29189,1.0,0.29216,42.0,0.29218,42.0
1753533237982,12:33:57.982,CROSS/USDT:USDT,0.29208,1.0,0.29189,1.0,0.29216,42.0,0.29218,42.0
1753533238006,12:33:58.006,CROSS/USDT:USDT,0.29208,1.0,0.29189,1.0,0.29215,6.0,0.29216,42.0
1753533238116,12:33:58.116,CROSS/USDT:USDT,0.29208,1.0,0.29189,1.0,0.29215,6.0,0.29216,42.0
1753533239039,12:33:59.039,CROSS/USDT:USDT,0.29208,1.0,0.29189,1.0,0.29215,6.0,0.29216,42.0
1753533239199,12:33:59.199,CROSS/USDT:USDT,0.29208,1.0,0.29189,1.0,0.29215,6.0,0.29216,42.0
1753533240069,12:34:00.069,CROSS/USDT:USDT,0.29208,1.0,0.29189,1.0,0.2921,26.0,0.29215,6.0
1753533240194,12:34:00.194,CROSS/USDT:USDT,0.29208,1.0,0.29189,1.0,0.2921,26.0,0.29216,42.0
1753533240217,12:34:00.217,CROSS/USDT:USDT,0.29208,1.0,0.29189,1.0,0.2921,30.0,0.29215,351.0
1753533240360,12:34:00.360,CROSS/USDT:USDT,0.29208,1.0,0.29189,1.0,0.2921,30.0,0.29214,4.0
1753533240411,12:34:00.411,CROSS/USDT:USDT,0.29208,1.0,0.29189,1.0,0.2921,26.0,0.29214,4.0
1753533240520,12:34:00.520,CROSS/USDT:USDT,0.29208,1.0,0.29189,1.0,0.2921,26.0,0.29214,4.0
1753533240607,12:34:00.607,CROSS/USDT:USDT,0.29208,1.0,0.29189,1.0,0.2921,26.0,0.29216,42.0
1753533240935,12:34:00.935,CROSS/USDT:USDT,0.29208,1.0,0.29189,1.0,0.2921,26.0,0.29216,42.0
1753533241083,12:34:01.083,CROSS/USDT:USDT,0.29208,1.0,0.29189,1.0,0.2921,26.0,0.29216,42.0
1753533241106,12:34:01.106,CROSS/USDT:USDT,0.29208,1.0,0.29189,1.0,0.2921,26.0,0.29216,46.0
1753533241561,12:34:01.561,CROSS/USDT:USDT,0.29208,1.0,0.29189,1.0,0.2921,26.0,0.29212,26.0
1753533241630,12:34:01.630,CROSS/USDT:USDT,0.29208,1.0,0.29189,1.0,0.2921,26.0,0.29212,26.0
1753533241770,12:34:01.770,CROSS/USDT:USDT,0.29208,1.0,0.29189,1.0,0.2921,26.0,0.29212,26.0
1753533241819,12:34:01.819,CROSS/USDT:USDT,0.29208,1.0,0.29189,1.0,0.2921,26.0,0.29212,26.0
1753533242060,12:34:02.060,CROSS/USDT:USDT,0.29208,1.0,0.29189,1.0,0.2921,26.0,0.29212,26.0
1753533242361,12:34:02.361,CROSS/USDT:USDT,0.29208,1.0,0.29189,1.0,0.2921,26.0,0.29212,26.0
1753533242793,12:34:02.793,CROSS/USDT:USDT,0.29208,1.0,0.29189,1.0,0.2921,26.0,0.29212,26.0
1753533243325,12:34:03.325,CROSS/USDT:USDT,0.29208,1.0,0.29189,1.0,0.2921,26.0,0.29212,26.0
1753533243406,12:34:03.406,CROSS/USDT:USDT,0.29208,1.0,0.29189,1.0,0.2921,26.0,0.29212,26.0
1753533243966,12:34:03.966,CROSS/USDT:USDT,0.29208,1.0,0.29189,1.0,0.2921,26.0,0.29212,26.0
1753533244513,12:34:04.513,CROSS/USDT:USDT,0.29208,1.0,0.29189,1.0,0.2921,26.0,0.29212,26.0
1753533244820,12:34:04.820,CROSS/USDT:USDT,0.29208,1.0,0.29189,1.0,0.2921,26.0,0.29212,26.0
1753533245181,12:34:05.181,CROSS/USDT:USDT,0.29208,1.0,0.29194,31.0,0.29214,26.0,0.29216,26.0
1753533245222,12:34:05.222,CROSS/USDT:USDT,0.29208,1.0,0.29194,31.0,0.29214,26.0,0.29216,26.0
1753533245394,12:34:05.394,CROSS/USDT:USDT,0.29208,1.0,0.29194,31.0,0.29214,26.0,0.29216,46.0
1753533245421,12:34:05.421,CROSS/USDT:USDT,0.29208,1.0,0.29189,1.0,0.29214,26.0,0.29216,46.0
1753533245510,12:34:05.510,CROSS/USDT:USDT,0.29208,1.0,0.29189,1.0,0.29214,26.0,0.29216,46.0
1753533245685,12:34:05.685,CROSS/USDT:USDT,0.29208,1.0,0.29189,1.0,0.29214,26.0,0.29216,46.0
1753533245958,12:34:05.958,CROSS/USDT:USDT,0.29208,1.0,0.29189,1.0,0.29214,26.0,0.29216,46.0
1753533246041,12:34:06.041,CROSS/USDT:USDT,0.29208,1.0,0.29189,1.0,0.29214,26.0,0.29216,46.0
1753533246267,12:34:06.267,CROSS/USDT:USDT,0.29208,1.0,0.29189,1.0,0.29214,26.0,0.29216,46.0
1753533246576,12:34:06.576,CROSS/USDT:USDT,0.29208,1.0,0.29189,1.0,0.29214,26.0,0.29216,46.0
1753533247143,12:34:07.143,CROSS/USDT:USDT,0.29208,1.0,0.29189,1.0,0.29214,26.0,0.29216,46.0
1753533247347,12:34:07.347,CROSS/USDT:USDT,0.29208,1.0,0.29189,1.0,0.29214,26.0,0.29216,46.0
1753533247562,12:34:07.562,CROSS/USDT:USDT,0.29208,1.0,0.29189,1.0,0.29214,26.0,0.29216,46.0
1753533247698,12:34:07.698,CROSS/USDT:USDT,0.29189,1.0,0.29174,946.0,0.29214,26.0,0.29216,46.0
1753533247773,12:34:07.773,CROSS/USDT:USDT,0.29189,1.0,0.29167,946.0,0.29213,8.0,0.29214,26.0
1753533247899,12:34:07.899,CROSS/USDT:USDT,0.29189,1.0,0.29146,68.0,0.292,367.0,0.29202,40.0
1753533247979,12:34:07.979,CROSS/USDT:USDT,0.29189,1.0,0.29146,68.0,0.29194,26.0,0.29199,4.0
1753533248097,12:34:08.097,CROSS/USDT:USDT,0.29189,1.0,0.29147,20.0,0.29193,8.0,0.29194,26.0
1753533248181,12:34:08.181,CROSS/USDT:USDT,0.29189,1.0,0.29147,20.0,0.29193,11.0,0.29194,26.0
1753533248288,12:34:08.288,CROSS/USDT:USDT,0.29189,1.0,0.29147,20.0,0.29193,8.0,0.29194,26.0
1753533248316,12:34:08.316,CROSS/USDT:USDT,0.29189,1.0,0.29147,20.0,0.29193,10.0,0.29194,26.0
1753533248534,12:34:08.534,CROSS/USDT:USDT,0.29189,1.0,0.29147,20.0,0.29193,11.0,0.29194,26.0
1753533248633,12:34:08.633,CROSS/USDT:USDT,0.29189,1.0,0.29147,20.0,0.29193,8.0,0.29194,26.0
1753533248707,12:34:08.707,CROSS/USDT:USDT,0.29189,1.0,0.29147,20.0,0.29193,10.0,0.29194,26.0
1753533248993,12:34:08.993,CROSS/USDT:USDT,0.29189,1.0,0.29147,20.0,0.29193,10.0,0.29194,26.0
1753533249189,12:34:09.189,CROSS/USDT:USDT,0.29189,1.0,0.29147,20.0,0.29193,14.0,0.29194,26.0
1753533249326,12:34:09.326,CROSS/USDT:USDT,0.29189,1.0,0.29147,20.0,0.29193,12.0,0.29194,26.0
1753533249419,12:34:09.419,CROSS/USDT:USDT,0.29189,1.0,0.29147,20.0,0.29193,12.0,0.29194,26.0
1753533249534,12:34:09.534,CROSS/USDT:USDT,0.29189,1.0,0.29147,20.0,0.29193,13.0,0.29194,26.0
1753533249734,12:34:09.734,CROSS/USDT:USDT,0.29189,1.0,0.29147,20.0,0.29193,12.0,0.29194,26.0
1753533249859,12:34:09.859,CROSS/USDT:USDT,0.29189,1.0,0.29147,20.0,0.29193,12.0,0.29194,26.0
1753533249971,12:34:09.971,CROSS/USDT:USDT,0.29189,1.0,0.29145,20.0,0.29193,12.0,0.29194,26.0
1753533250398,12:34:10.398,CROSS/USDT:USDT,0.29189,1.0,0.29145,20.0,0.29193,12.0,0.29194,26.0
1753533250476,12:34:10.476,CROSS/USDT:USDT,0.29189,1.0,0.29145,20.0,0.29193,12.0,0.29194,26.0
1753533250587,12:34:10.587,CROSS/USDT:USDT,0.29189,1.0,0.29145,20.0,0.29193,13.0,0.29194,26.0
1753533250633,12:34:10.633,CROSS/USDT:USDT,0.29189,1.0,0.29145,20.0,0.29193,12.0,0.29194,26.0
1753533250798,12:34:10.798,CROSS/USDT:USDT,0.29189,1.0,0.29146,68.0,0.29193,8.0,0.29194,26.0
1753533250883,12:34:10.883,CROSS/USDT:USDT,0.29189,1.0,0.29146,68.0,0.29193,14.0,0.29194,26.0
1753533250996,12:34:10.996,CROSS/USDT:USDT,0.29189,1.0,0.29147,20.0,0.29193,12.0,0.29194,26.0
1753533251094,12:34:11.094,CROSS/USDT:USDT,0.29189,1.0,0.29147,20.0,0.29193,12.0,0.29194,26.0
1753533251198,12:34:11.198,CROSS/USDT:USDT,0.29189,1.0,0.29147,20.0,0.29193,8.0,0.29194,26.0
1753533251299,12:34:11.299,CROSS/USDT:USDT,0.29189,1.0,0.29147,20.0,0.29193,10.0,0.29194,26.0
1753533251397,12:34:11.397,CROSS/USDT:USDT,0.29189,1.0,0.29147,20.0,0.29193,10.0,0.29194,26.0
1753533251484,12:34:11.484,CROSS/USDT:USDT,0.29189,1.0,0.29147,20.0,0.29193,10.0,0.29194,26.0
1753533251548,12:34:11.548,CROSS/USDT:USDT,0.29189,1.0,0.29147,20.0,0.29193,10.0,0.29194,26.0
1753533251866,12:34:11.866,CROSS/USDT:USDT,0.29189,1.0,0.29147,20.0,0.29193,10.0,0.29194,26.0
1753533251964,12:34:11.964,CROSS/USDT:USDT,0.29189,1.0,0.29147,20.0,0.29193,10.0,0.29194,26.0
1753533252410,12:34:12.410,CROSS/USDT:USDT,0.29189,1.0,0.29147,20.0,0.29193,10.0,0.29194,26.0
1753533252609,12:34:12.609,CROSS/USDT:USDT,0.29189,1.0,0.29147,20.0,0.29193,10.0,0.29194,26.0
1753533252711,12:34:12.711,CROSS/USDT:USDT,0.29189,1.0,0.29147,20.0,0.29193,10.0,0.29194,26.0
1753533252938,12:34:12.938,CROSS/USDT:USDT,0.29189,1.0,0.29147,20.0,0.29193,10.0,0.29194,26.0
1753533255451,12:34:15.451,CROSS/USDT:USDT,0.29189,1.0,0.29173,30.0,0.29193,10.0,0.29198,26.0
1753533255506,12:34:15.506,CROSS/USDT:USDT,0.29189,1.0,0.29173,30.0,0.29193,8.0,0.29197,4.0
1753533255635,12:34:15.635,CROSS/USDT:USDT,0.29189,1.0,0.29173,30.0,0.29193,8.0,0.29197,4.0
1753533255904,12:34:15.904,CROSS/USDT:USDT,0.29189,1.0,0.29173,30.0,0.29193,8.0,0.29197,4.0
1753533256088,12:34:16.088,CROSS/USDT:USDT,0.29189,1.0,0.29147,20.0,0.29193,8.0,0.29194,46.0
1753533256107,12:34:16.107,CROSS/USDT:USDT,0.29189,1.0,0.29147,20.0,0.29193,10.0,0.29194,46.0
1753533256285,12:34:16.285,CROSS/USDT:USDT,0.29189,1.0,0.29147,20.0,0.29193,10.0,0.29194,46.0
1753533256694,12:34:16.694,CROSS/USDT:USDT,0.29189,1.0,0.29147,20.0,0.29193,10.0,0.29194,46.0
1753533256743,12:34:16.743,CROSS/USDT:USDT,0.29189,1.0,0.29147,20.0,0.29193,10.0,0.29194,46.0
1753533257261,12:34:17.261,CROSS/USDT:USDT,0.29189,1.0,0.29147,20.0,0.29193,10.0,0.29196,26.0
1753533257310,12:34:17.310,CROSS/USDT:USDT,0.29189,1.0,0.29147,20.0,0.29193,8.0,0.29195,4.0
1753533257893,12:34:17.893,CROSS/USDT:USDT,0.29189,1.0,0.29147,20.0,0.29193,8.0,0.29195,4.0
1753533258108,12:34:18.108,CROSS/USDT:USDT,0.29189,1.0,0.29147,20.0,0.29193,8.0,0.29195,4.0
1753533258594,12:34:18.594,CROSS/USDT:USDT,0.29189,1.0,0.29175,30.0,0.29193,8.0,0.29195,4.0
1753533258610,12:34:18.610,CROSS/USDT:USDT,0.29189,1.0,0.29175,30.0,0.29193,8.0,0.29197,4.0
1753533258871,12:34:18.871,CROSS/USDT:USDT,0.29189,1.0,0.29175,30.0,0.29193,8.0,0.29197,4.0
1753533259010,12:34:19.010,CROSS/USDT:USDT,0.29189,1.0,0.29175,30.0,0.29193,8.0,0.29197,4.0
1753533259355,12:34:19.355,CROSS/USDT:USDT,0.29189,1.0,0.29175,30.0,0.29193,8.0,0.29197,4.0
1753533259704,12:34:19.704,CROSS/USDT:USDT,0.29189,1.0,0.29175,30.0,0.29193,8.0,0.29197,4.0
1753533259871,12:34:19.871,CROSS/USDT:USDT,0.29189,1.0,0.29175,30.0,0.29193,8.0,0.29197,4.0
1753533260493,12:34:20.493,CROSS/USDT:USDT,0.29189,1.0,0.29175,976.0,0.29193,8.0,0.29197,4.0
1753533260575,12:34:20.575,CROSS/USDT:USDT,0.29189,1.0,0.29185,30.0,0.29193,8.0,0.29197,4.0
1753533260621,12:34:20.621,CROSS/USDT:USDT,0.29189,1.0,0.29185,30.0,0.29193,8.0,0.29213,4.0
1753533260774,12:34:20.774,CROSS/USDT:USDT,0.29189,1.0,0.29185,30.0,0.29193,4.0,0.29213,4.0
1753533260849,12:34:20.849,CROSS/USDT:USDT,0.29189,1.0,0.29185,30.0,0.29193,4.0,0.29213,4.0
1753533260989,12:34:20.989,CROSS/USDT:USDT,0.29189,1.0,0.29185,30.0,0.29193,4.0,0.29213,4.0
1753533261543,12:34:21.543,CROSS/USDT:USDT,0.29189,1.0,0.29185,30.0,0.29193,4.0,0.29213,4.0
1753533262013,12:34:22.013,CROSS/USDT:USDT,0.29189,1.0,0.29185,30.0,0.29193,4.0,0.29213,4.0
1753533262282,12:34:22.282,CROSS/USDT:USDT,0.29189,1.0,0.29173,30.0,0.29193,4.0,0.29206,30.0
1753533262394,12:34:22.394,CROSS/USDT:USDT,0.29189,1.0,0.2917,946.0,0.29193,4.0,0.29196,26.0
1753533262498,12:34:22.498,CROSS/USDT:USDT,0.29189,1.0,0.2917,946.0,0.29193,4.0,0.29195,4.0
1753533262594,12:34:22.594,CROSS/USDT:USDT,0.29189,1.0,0.29185,30.0,0.29193,4.0,0.29195,4.0
1753533262606,12:34:22.606,CROSS/USDT:USDT,0.29189,1.0,0.29185,30.0,0.29193,4.0,0.29213,4.0
1753533263193,12:34:23.193,CROSS/USDT:USDT,0.29189,1.0,0.29185,30.0,0.29193,4.0,0.29213,4.0
1753533263239,12:34:23.239,CROSS/USDT:USDT,0.29189,1.0,0.29185,30.0,0.29193,4.0,0.29213,4.0
1753533263374,12:34:23.374,CROSS/USDT:USDT,0.29189,1.0,0.29185,30.0,0.29193,4.0,0.29213,4.0
1753533264097,12:34:24.097,CROSS/USDT:USDT,0.29189,1.0,0.29185,30.0,0.29193,4.0,0.29213,4.0
1753533264400,12:34:24.400,CROSS/USDT:USDT,0.29189,1.0,0.29185,30.0,0.29193,4.0,0.29213,4.0
1753533264511,12:34:24.511,CROSS/USDT:USDT,0.29189,1.0,0.29185,30.0,0.29193,4.0,0.29214,26.0
1753533265276,12:34:25.276,CROSS/USDT:USDT,0.29189,1.0,0.29185,30.0,0.29193,4.0,0.29214,26.0
1753533265383,12:34:25.383,CROSS/USDT:USDT,0.29189,1.0,0.29185,30.0,0.29193,4.0,0.29214,26.0
1753533265551,12:34:25.551,CROSS/USDT:USDT,0.29189,1.0,0.29185,30.0,0.29193,4.0,0.29214,26.0
1753533265728,12:34:25.728,CROSS/USDT:USDT,0.29189,1.0,0.29185,30.0,0.29193,4.0,0.29214,26.0
1753533266373,12:34:26.373,CROSS/USDT:USDT,0.29189,1.0,0.29185,30.0,0.29193,4.0,0.29214,26.0
1753533266585,12:34:26.585,CROSS/USDT:USDT,0.29189,1.0,0.29185,30.0,0.29193,4.0,0.29214,26.0
1753533266760,12:34:26.760,CROSS/USDT:USDT,0.29189,1.0,0.29185,30.0,0.29193,4.0,0.29214,26.0
1753533267222,12:34:27.222,CROSS/USDT:USDT,0.29189,1.0,0.2917,946.0,0.29193,4.0,0.29214,26.0
1753533267302,12:34:27.302,CROSS/USDT:USDT,0.29189,1.0,0.2917,946.0,0.29193,4.0,0.29214,26.0
1753533267871,12:34:27.871,CROSS/USDT:USDT,0.29189,1.0,0.2917,946.0,0.29193,4.0,0.29214,26.0
1753533268175,12:34:28.175,CROSS/USDT:USDT,0.29189,1.0,0.2917,946.0,0.29193,4.0,0.29214,26.0
1753533268255,12:34:28.255,CROSS/USDT:USDT,0.29189,1.0,0.2917,946.0,0.29192,26.0,0.29193,24.0
1753533268360,12:34:28.360,CROSS/USDT:USDT,0.29189,1.0,0.2917,946.0,0.29192,26.0,0.29193,20.0
1753533268472,12:34:28.472,CROSS/USDT:USDT,0.29189,1.0,0.2917,946.0,0.29192,26.0,0.29193,20.0
1753533270213,12:34:30.213,CROSS/USDT:USDT,0.29189,1.0,0.2917,946.0,0.29192,26.0,0.29193,20.0
1753533270495,12:34:30.495,CROSS/USDT:USDT,0.29189,1.0,0.29166,946.0,0.29192,26.0,0.29193,20.0
1753533270551,12:34:30.551,CROSS/USDT:USDT,0.29189,1.0,0.29166,946.0,0.29192,26.0,0.29193,20.0
1753533270665,12:34:30.665,CROSS/USDT:USDT,0.29189,1.0,0.29166,946.0,0.29192,26.0,0.29193,20.0
1753533271098,12:34:31.098,CROSS/USDT:USDT,0.29146,68.0,0.29144,71.0,0.29166,312.0,0.29189,71.0
1753533271196,12:34:31.196,CROSS/USDT:USDT,0.29135,84.0,0.29131,3.0,0.2916,26.0,0.29162,26.0
1753533271286,12:34:31.286,CROSS/USDT:USDT,0.29135,84.0,0.29131,3.0,0.2916,26.0,0.29162,26.0
1753533271398,12:34:31.398,CROSS/USDT:USDT,0.29136,26.0,0.29131,3.0,0.29156,26.0,0.29159,26.0
1753533271467,12:34:31.467,CROSS/USDT:USDT,0.29136,26.0,0.29131,3.0,0.29156,26.0,0.29158,26.0
1753533271591,12:34:31.591,CROSS/USDT:USDT,0.29136,26.0,0.29131,3.0,0.29156,26.0,0.29158,26.0
1753533271695,12:34:31.695,CROSS/USDT:USDT,0.29136,26.0,0.29131,3.0,0.29156,26.0,0.29158,26.0
1753533271753,12:34:31.753,CROSS/USDT:USDT,0.29136,26.0,0.29131,3.0,0.29156,26.0,0.29158,26.0
1753533271870,12:34:31.870,CROSS/USDT:USDT,0.29136,26.0,0.29131,3.0,0.29156,26.0,0.29158,26.0
1753533272436,12:34:32.436,CROSS/USDT:USDT,0.29136,26.0,0.29133,40.0,0.29156,26.0,0.29158,26.0
1753533272743,12:34:32.743,CROSS/USDT:USDT,0.29136,26.0,0.29133,40.0,0.29156,26.0,0.29158,26.0
1753533272961,12:34:32.961,CROSS/USDT:USDT,0.29132,26.0,0.2913,24.0,0.29156,26.0,0.29158,26.0
1753533273175,12:34:33.175,CROSS/USDT:USDT,0.29132,26.0,0.2913,24.0,0.29156,26.0,0.29158,26.0
1753533273218,12:34:33.218,CROSS/USDT:USDT,0.29132,26.0,0.2913,24.0,0.29156,26.0,0.29158,26.0
1753533273476,12:34:33.476,CROSS/USDT:USDT,0.29132,26.0,0.2913,24.0,0.29156,26.0,0.29158,26.0
1753533273599,12:34:33.599,CROSS/USDT:USDT,0.29132,26.0,0.2913,24.0,0.29156,26.0,0.29158,26.0
1753533273603,12:34:33.603,CROSS/USDT:USDT,0.29132,26.0,0.2913,24.0,0.29156,26.0,0.29158,26.0
1753533274365,12:34:34.365,CROSS/USDT:USDT,0.29132,26.0,0.2913,24.0,0.29156,26.0,0.29158,26.0
1753533274711,12:34:34.711,CROSS/USDT:USDT,0.29132,26.0,0.2913,24.0,0.29156,26.0,0.29158,26.0
1753533274808,12:34:34.808,CROSS/USDT:USDT,0.29132,26.0,0.2913,24.0,0.29156,26.0,0.29158,26.0
1753533275692,12:34:35.692,CROSS/USDT:USDT,0.29132,26.0,0.2913,24.0,0.29156,26.0,0.29158,26.0
1753533275793,12:34:35.793,CROSS/USDT:USDT,0.29132,26.0,0.2913,24.0,0.29156,26.0,0.29158,26.0
1753533275972,12:34:35.972,CROSS/USDT:USDT,0.29132,26.0,0.2913,24.0,0.29156,26.0,0.29158,26.0
1753533276075,12:34:36.075,CROSS/USDT:USDT,0.29132,26.0,0.2913,24.0,0.29156,26.0,0.29158,26.0
1753533276465,12:34:36.465,CROSS/USDT:USDT,0.29132,26.0,0.2913,24.0,0.29156,26.0,0.29158,26.0
1753533276543,12:34:36.543,CROSS/USDT:USDT,0.29132,26.0,0.2913,24.0,0.29156,26.0,0.29158,26.0
1753533276670,12:34:36.670,CROSS/USDT:USDT,0.29132,26.0,0.2913,24.0,0.29156,26.0,0.29158,26.0
1753533277998,12:34:37.998,CROSS/USDT:USDT,0.29132,26.0,0.2913,24.0,0.29156,26.0,0.29158,26.0
1753533278107,12:34:38.107,CROSS/USDT:USDT,0.29132,26.0,0.2913,24.0,0.29156,26.0,0.29158,26.0
1753533278572,12:34:38.572,CROSS/USDT:USDT,0.29132,26.0,0.2913,24.0,0.29156,26.0,0.29158,26.0
1753533278855,12:34:38.855,CROSS/USDT:USDT,0.29132,26.0,0.2913,24.0,0.29156,26.0,0.29158,26.0
1753533279956,12:34:39.956,CROSS/USDT:USDT,0.29132,26.0,0.2913,24.0,0.29156,26.0,0.29158,26.0
1753533280099,12:34:40.099,CROSS/USDT:USDT,0.29132,26.0,0.2913,24.0,0.29156,26.0,0.29158,26.0
1753533280101,12:34:40.101,CROSS/USDT:USDT,0.29132,26.0,0.2913,24.0,0.29156,26.0,0.29158,26.0
1753533281137,12:34:41.137,CROSS/USDT:USDT,0.29132,26.0,0.2913,24.0,0.29156,26.0,0.29158,26.0
1753533281389,12:34:41.389,CROSS/USDT:USDT,0.29132,26.0,0.2913,24.0,0.29156,26.0,0.29158,26.0
1753533281454,12:34:41.454,CROSS/USDT:USDT,0.29132,26.0,0.2913,24.0,0.29156,26.0,0.29158,26.0
1753533281588,12:34:41.588,CROSS/USDT:USDT,0.29132,26.0,0.2913,24.0,0.29156,26.0,0.29158,26.0
1753533282298,12:34:42.298,CROSS/USDT:USDT,0.29132,110.0,0.2913,24.0,0.29156,26.0,0.29158,26.0
1753533282506,12:34:42.506,CROSS/USDT:USDT,0.29133,84.0,0.29132,26.0,0.29156,26.0,0.29158,26.0
1753533284098,12:34:44.098,CROSS/USDT:USDT,0.29133,84.0,0.29132,26.0,0.29156,26.0,0.29158,26.0
1753533284187,12:34:44.187,CROSS/USDT:USDT,0.29133,84.0,0.29132,26.0,0.29155,190.0,0.29156,26.0
1753533284224,12:34:44.224,CROSS/USDT:USDT,0.29133,84.0,0.29132,26.0,0.29155,190.0,0.29156,26.0
1753533284398,12:34:44.398,CROSS/USDT:USDT,0.29143,76.0,0.29141,69.0,0.29156,26.0,0.2916,26.0
1753533284480,12:34:44.480,CROSS/USDT:USDT,0.29143,76.0,0.29141,69.0,0.29176,26.0,0.29182,190.0
1753533284588,12:34:44.588,CROSS/USDT:USDT,0.29143,76.0,0.29141,69.0,0.29166,26.0,0.29169,190.0
1753533284674,12:34:44.674,CROSS/USDT:USDT,0.29143,76.0,0.29141,69.0,0.29166,26.0,0.29169,190.0
1753533284777,12:34:44.777,CROSS/USDT:USDT,0.29144,152.0,0.29143,76.0,0.29166,26.0,0.29168,26.0
1753533284806,12:34:44.806,CROSS/USDT:USDT,0.29145,5.0,0.29144,152.0,0.29166,26.0,0.29168,26.0
1753533284903,12:34:44.903,CROSS/USDT:USDT,0.29146,84.0,0.29145,5.0,0.29166,26.0,0.29168,26.0
1753533285048,12:34:45.048,CROSS/USDT:USDT,0.29147,5.0,0.29146,84.0,0.29166,26.0,0.29168,26.0
1753533285105,12:34:45.105,CROSS/USDT:USDT,0.29148,84.0,0.29147,5.0,0.29166,26.0,0.29168,26.0
1753533285206,12:34:45.206,CROSS/USDT:USDT,0.29149,5.0,0.29148,84.0,0.29166,26.0,0.29168,26.0
1753533285303,12:34:45.303,CROSS/USDT:USDT,0.2915,84.0,0.29149,5.0,0.29166,26.0,0.29168,26.0
1753533285473,12:34:45.473,CROSS/USDT:USDT,0.29151,5.0,0.2915,84.0,0.29166,26.0,0.29168,26.0
1753533285521,12:34:45.521,CROSS/USDT:USDT,0.29152,84.0,0.29151,10.0,0.29166,26.0,0.29168,26.0
1753533285607,12:34:45.607,CROSS/USDT:USDT,0.29153,5.0,0.29152,84.0,0.29166,26.0,0.29168,26.0
1753533285707,12:34:45.707,CROSS/USDT:USDT,0.29153,5.0,0.29152,84.0,0.29166,26.0,0.29168,26.0
1753533285984,12:34:45.984,CROSS/USDT:USDT,0.29153,5.0,0.29152,84.0,0.29166,26.0,0.29168,26.0
1753533286059,12:34:46.059,CROSS/USDT:USDT,0.29153,5.0,0.29144,84.0,0.29166,26.0,0.29168,26.0
1753533286144,12:34:46.144,CROSS/USDT:USDT,0.29153,89.0,0.29143,71.0,0.29166,26.0,0.29168,26.0
1753533286205,12:34:46.205,CROSS/USDT:USDT,0.29153,5.0,0.29143,71.0,0.29166,26.0,0.29168,26.0
1753533286336,12:34:46.336,CROSS/USDT:USDT,0.29154,84.0,0.29153,5.0,0.29166,26.0,0.29168,26.0
1753533286405,12:34:46.405,CROSS/USDT:USDT,0.29149,40.0,0.29147,40.0,0.29166,26.0,0.29168,26.0
1753533286504,12:34:46.504,CROSS/USDT:USDT,0.2915,84.0,0.29149,40.0,0.29166,26.0,0.29168,26.0
1753533286606,12:34:46.606,CROSS/USDT:USDT,0.29151,5.0,0.2915,84.0,0.29166,26.0,0.29168,26.0
1753533286757,12:34:46.757,CROSS/USDT:USDT,0.29151,5.0,0.2915,84.0,0.29166,26.0,0.29168,26.0
1753533287380,12:34:47.380,CROSS/USDT:USDT,0.29151,5.0,0.2915,84.0,0.29166,26.0,0.29168,26.0
1753533287577,12:34:47.577,CROSS/USDT:USDT,0.29151,5.0,0.2915,84.0,0.29166,26.0,0.29168,26.0
1753533287771,12:34:47.771,CROSS/USDT:USDT,0.29151,5.0,0.2915,84.0,0.29166,26.0,0.29168,26.0
1753533288226,12:34:48.226,CROSS/USDT:USDT,0.29151,5.0,0.2915,84.0,0.29166,26.0,0.29168,26.0
1753533288750,12:34:48.750,CROSS/USDT:USDT,0.29151,5.0,0.29149,40.0,0.29166,26.0,0.29168,26.0
1753533288856,12:34:48.856,CROSS/USDT:USDT,0.29151,89.0,0.29149,40.0,0.29166,26.0,0.29168,26.0
1753533288980,12:34:48.980,CROSS/USDT:USDT,0.29151,89.0,0.29149,40.0,0.29166,26.0,0.29168,26.0
1753533289040,12:34:49.040,CROSS/USDT:USDT,0.29151,5.0,0.29149,40.0,0.29166,26.0,0.29168,26.0
1753533289140,12:34:49.140,CROSS/USDT:USDT,0.29151,89.0,0.29149,40.0,0.29165,190.0,0.29166,26.0
1753533289216,12:34:49.216,CROSS/USDT:USDT,0.29151,89.0,0.29149,40.0,0.29165,190.0,0.29166,26.0
1753533289696,12:34:49.696,CROSS/USDT:USDT,0.29156,31.0,0.29154,95.0,0.29166,190.0,0.29176,26.0
1753533289706,12:34:49.706,CROSS/USDT:USDT,0.29156,31.0,0.29154,95.0,0.29166,190.0,0.29176,26.0
1753533289855,12:34:49.855,CROSS/USDT:USDT,0.29156,31.0,0.29154,95.0,0.29175,190.0,0.29176,26.0
1753533289922,12:34:49.922,CROSS/USDT:USDT,0.29156,31.0,0.29154,95.0,0.29174,26.0,0.29175,190.0
1753533290063,12:34:50.063,CROSS/USDT:USDT,0.29156,31.0,0.29154,95.0,0.29174,26.0,0.29175,190.0
1753533290162,12:34:50.162,CROSS/USDT:USDT,0.29156,31.0,0.29154,95.0,0.29174,26.0,0.29175,190.0
1753533290946,12:34:50.946,CROSS/USDT:USDT,0.29156,31.0,0.29154,95.0,0.29174,26.0,0.29175,190.0
1753533291382,12:34:51.382,CROSS/USDT:USDT,0.29156,31.0,0.29154,95.0,0.29174,26.0,0.29175,190.0
1753533293089,12:34:53.089,CROSS/USDT:USDT,0.29156,31.0,0.29154,95.0,0.29173,190.0,0.29174,26.0
1753533293122,12:34:53.122,CROSS/USDT:USDT,0.29156,31.0,0.29154,95.0,0.29172,26.0,0.29173,190.0
1753533293492,12:34:53.492,CROSS/USDT:USDT,0.29156,31.0,0.29154,95.0,0.29172,26.0,0.29173,190.0
1753533293776,12:34:53.776,CROSS/USDT:USDT,0.29156,31.0,0.29154,95.0,0.29172,26.0,0.29173,190.0
1753533294226,12:34:54.226,CROSS/USDT:USDT,0.29156,31.0,0.29154,95.0,0.29172,26.0,0.29173,190.0
1753533294330,12:34:54.330,CROSS/USDT:USDT,0.29156,31.0,0.29154,95.0,0.29172,26.0,0.29173,190.0
1753533294620,12:34:54.620,CROSS/USDT:USDT,0.29156,31.0,0.29154,95.0,0.29172,26.0,0.29173,190.0
1753533295044,12:34:55.044,CROSS/USDT:USDT,0.29156,31.0,0.29154,95.0,0.29172,26.0,0.29173,190.0
1753533295294,12:34:55.294,CROSS/USDT:USDT,0.29156,31.0,0.29154,95.0,0.29171,190.0,0.29172,26.0
1753533295302,12:34:55.302,CROSS/USDT:USDT,0.29156,31.0,0.29154,95.0,0.29171,190.0,0.29172,26.0
1753533295451,12:34:55.451,CROSS/USDT:USDT,0.29156,31.0,0.29154,95.0,0.29171,190.0,0.29172,26.0
1753533295744,12:34:55.744,CROSS/USDT:USDT,0.29156,31.0,0.29154,95.0,0.29171,190.0,0.29172,26.0
1753533296262,12:34:56.262,CROSS/USDT:USDT,0.29156,31.0,0.29154,95.0,0.29171,190.0,0.29172,26.0
1753533296905,12:34:56.905,CROSS/USDT:USDT,0.29156,31.0,0.29154,95.0,0.29171,190.0,0.29172,26.0
1753533297024,12:34:57.024,CROSS/USDT:USDT,0.29156,31.0,0.29154,95.0,0.29171,190.0,0.29172,26.0
1753533297698,12:34:57.698,CROSS/USDT:USDT,0.29156,31.0,0.29154,95.0,0.29171,190.0,0.29172,26.0
1753533297728,12:34:57.728,CROSS/USDT:USDT,0.29156,31.0,0.29154,95.0,0.29171,190.0,0.29172,26.0
1753533298732,12:34:58.732,CROSS/USDT:USDT,0.29156,31.0,0.29154,95.0,0.29171,190.0,0.29172,26.0
1753533299181,12:34:59.181,CROSS/USDT:USDT,0.29156,31.0,0.29154,95.0,0.29171,190.0,0.29172,26.0
1753533299414,12:34:59.414,CROSS/USDT:USDT,0.29156,31.0,0.29154,95.0,0.29171,190.0,0.29172,26.0
1753533300279,12:35:00.279,CROSS/USDT:USDT,0.29156,31.0,0.29154,95.0,0.29171,190.0,0.29172,26.0
1753533300382,12:35:00.382,CROSS/USDT:USDT,0.29152,3.0,0.29148,26.0,0.29166,39.0,0.29168,50.0
1753533300478,12:35:00.478,CROSS/USDT:USDT,0.29148,26.0,0.29146,26.0,0.29166,39.0,0.29168,50.0
1753533300562,12:35:00.562,CROSS/USDT:USDT,0.29148,26.0,0.29146,26.0,0.2916,39.0,0.29162,50.0
1753533300692,12:35:00.692,CROSS/USDT:USDT,0.29142,26.0,0.29138,26.0,0.29154,39.0,0.29156,24.0
1753533300796,12:35:00.796,CROSS/USDT:USDT,0.29123,1.0,0.29122,26.0,0.29144,39.0,0.29148,39.0
1753533300898,12:35:00.898,CROSS/USDT:USDT,0.29123,1.0,0.29122,26.0,0.29137,190.0,0.29138,26.0
1753533300999,12:35:00.999,CROSS/USDT:USDT,0.29123,1.0,0.29122,26.0,0.29136,26.0,0.29137,190.0
1753533301182,12:35:01.182,CROSS/USDT:USDT,0.29123,1.0,0.29118,26.0,0.29131,203.0,0.29132,26.0
1753533301293,12:35:01.293,CROSS/USDT:USDT,0.29123,1.0,0.29106,1.0,0.2913,26.0,0.29131,216.0
1753533301327,12:35:01.327,CROSS/USDT:USDT,0.29123,1.0,0.29106,1.0,0.29128,26.0,0.2913,216.0
1753533301473,12:35:01.473,CROSS/USDT:USDT,0.29123,1.0,0.29106,1.0,0.29124,26.0,0.29128,216.0
1753533301575,12:35:01.575,CROSS/USDT:USDT,0.29123,1.0,0.29106,1.0,0.29124,216.0,0.29128,26.0
