timestamp,time,symbol,bid1_price,bid1_volume,bid2_price,bid2_volume,ask1_price,ask1_volume,ask2_price,ask2_volume
1753533020000,12:30:20.000,AVAAI/USDT:USDT,0.03508,5.0,0.03505,3.0,0.0351,1437.0,0.03511,1059.0
1753533020261,12:30:20.261,AVAAI/USDT:USDT,0.03508,5.0,0.03505,3.0,0.0351,1413.0,0.03511,1059.0
1753533021049,12:30:21.049,AVAAI/USDT:USDT,0.03508,5.0,0.03505,3.0,0.0351,1437.0,0.03511,1059.0
1753533021735,12:30:21.735,AVAAI/USDT:USDT,0.03508,5.0,0.03505,3.0,0.0351,1413.0,0.03511,1059.0
1753533023024,12:30:23.024,AVAAI/USDT:USDT,0.03508,5.0,0.03505,3.0,0.0351,1437.0,0.03511,1059.0
1753533023035,12:30:23.035,AVAAI/USDT:USDT,0.03508,5.0,0.03505,3.0,0.0351,1413.0,0.03511,1059.0
1753533023137,12:30:23.137,AVAAI/USDT:USDT,0.03508,5.0,0.03505,3.0,0.0351,1437.0,0.03511,1059.0
1753533023407,12:30:23.407,AVAAI/USDT:USDT,0.03508,5.0,0.03505,3.0,0.03509,280.0,0.0351,1437.0
1753533023596,12:30:23.596,AVAAI/USDT:USDT,0.03508,5.0,0.03505,3.0,0.03509,280.0,0.0351,1437.0
1753533023995,12:30:23.995,AVAAI/USDT:USDT,0.03508,5.0,0.03505,3.0,0.03509,1694.0,0.0351,1437.0
1753533030031,12:30:30.031,AVAAI/USDT:USDT,0.03508,5.0,0.03505,3.0,0.03509,1694.0,0.0351,1437.0
1753533030040,12:30:30.040,AVAAI/USDT:USDT,0.03508,5.0,0.03505,3.0,0.03509,1694.0,0.0351,1437.0
1753533031276,12:30:31.276,AVAAI/USDT:USDT,0.03508,5.0,0.03505,3.0,0.03509,1694.0,0.0351,1437.0
1753533040455,12:30:40.455,AVAAI/USDT:USDT,0.03508,5.0,0.03505,3.0,0.03509,1694.0,0.0351,1413.0
1753533040887,12:30:40.887,AVAAI/USDT:USDT,0.03508,5.0,0.03505,3.0,0.03509,1694.0,0.0351,1437.0
1753533044057,12:30:44.057,AVAAI/USDT:USDT,0.03508,5.0,0.03505,3.0,0.03509,1694.0,0.0351,1413.0
1753533044293,12:30:44.293,AVAAI/USDT:USDT,0.03508,5.0,0.03505,3.0,0.03509,1694.0,0.0351,1413.0
1753533044483,12:30:44.483,AVAAI/USDT:USDT,0.03508,5.0,0.03505,3.0,0.03509,1694.0,0.0351,1437.0
1753533045513,12:30:45.513,AVAAI/USDT:USDT,0.03508,5.0,0.03505,3.0,0.03509,1694.0,0.0351,1413.0
1753533046245,12:30:46.245,AVAAI/USDT:USDT,0.03508,5.0,0.03505,3.0,0.03509,1694.0,0.0351,1413.0
1753533047026,12:30:47.026,AVAAI/USDT:USDT,0.03508,5.0,0.03505,3.0,0.03509,1694.0,0.0351,1437.0
1753533048815,12:30:48.815,AVAAI/USDT:USDT,0.03508,5.0,0.03505,3.0,0.03509,1694.0,0.0351,1389.0
1753533048855,12:30:48.855,AVAAI/USDT:USDT,0.03508,5.0,0.03507,24.0,0.03509,1694.0,0.0351,1389.0
1753533049320,12:30:49.320,AVAAI/USDT:USDT,0.03508,5.0,0.03505,3.0,0.03509,1694.0,0.0351,1437.0
1753533050137,12:30:50.137,AVAAI/USDT:USDT,0.03508,5.0,0.03505,3.0,0.03509,1694.0,0.0351,1437.0
1753533050508,12:30:50.508,AVAAI/USDT:USDT,0.03508,5.0,0.03505,3.0,0.03509,1694.0,0.0351,1389.0
1753533050915,12:30:50.915,AVAAI/USDT:USDT,0.03508,5.0,0.03505,3.0,0.03509,1694.0,0.0351,1437.0
1753533052323,12:30:52.323,AVAAI/USDT:USDT,0.03508,5.0,0.03507,24.0,0.03509,1694.0,0.0351,1437.0
1753533053370,12:30:53.370,AVAAI/USDT:USDT,0.03508,5.0,0.03505,3.0,0.03509,1694.0,0.0351,1413.0
1753533054184,12:30:54.184,AVAAI/USDT:USDT,0.03508,5.0,0.03505,3.0,0.03509,1694.0,0.0351,1413.0
1753533055096,12:30:55.096,AVAAI/USDT:USDT,0.03508,5.0,0.03507,48.0,0.03509,25.0,0.0351,1389.0
1753533055211,12:30:55.211,AVAAI/USDT:USDT,0.03508,6.0,0.03507,24.0,0.03509,25.0,0.0351,1389.0
1753533055244,12:30:55.244,AVAAI/USDT:USDT,0.03508,5.0,0.03507,24.0,0.03509,25.0,0.0351,1389.0
1753533055408,12:30:55.408,AVAAI/USDT:USDT,0.03508,5.0,0.03507,24.0,0.03509,25.0,0.0351,1413.0
1753533055521,12:30:55.521,AVAAI/USDT:USDT,0.03508,5.0,0.03505,3.0,0.03509,25.0,0.0351,1437.0
1753533056195,12:30:56.195,AVAAI/USDT:USDT,0.03508,5.0,0.03505,3.0,0.03509,305.0,0.0351,1437.0
1753533057305,12:30:57.305,AVAAI/USDT:USDT,0.03508,5.0,0.03505,3.0,0.03509,305.0,0.0351,1437.0
1753533057535,12:30:57.535,AVAAI/USDT:USDT,0.03508,5.0,0.03505,3.0,0.03509,25.0,0.0351,1437.0
1753533059497,12:30:59.497,AVAAI/USDT:USDT,0.03508,5.0,0.03505,3.0,0.03509,305.0,0.0351,1437.0
1753533059722,12:30:59.722,AVAAI/USDT:USDT,0.03508,5.0,0.03505,3.0,0.03509,1718.0,0.0351,1437.0
1753533059735,12:30:59.735,AVAAI/USDT:USDT,0.03508,5.0,0.03505,3.0,0.03509,1694.0,0.0351,1437.0
1753533060615,12:31:00.615,AVAAI/USDT:USDT,0.03508,5.0,0.03505,3.0,0.03509,1742.0,0.0351,2174.0
1753533060641,12:31:00.641,AVAAI/USDT:USDT,0.03508,5.0,0.03503,2796.0,0.03509,1742.0,0.0351,2174.0
1753533061037,12:31:01.037,AVAAI/USDT:USDT,0.03508,5.0,0.03503,2796.0,0.03509,1742.0,0.0351,2174.0
1753533061307,12:31:01.307,AVAAI/USDT:USDT,0.03502,2793.0,0.035,3807.0,0.03507,280.0,0.03508,739.0
1753533061428,12:31:01.428,AVAAI/USDT:USDT,0.03502,2793.0,0.03501,5.0,0.03507,1019.0,0.03508,1725.0
1753533061533,12:31:01.533,AVAAI/USDT:USDT,0.03502,2793.0,0.03501,5.0,0.03507,1019.0,0.03508,1725.0
1753533061630,12:31:01.630,AVAAI/USDT:USDT,0.03502,2793.0,0.03501,5.0,0.03507,1019.0,0.03508,1725.0
1753533061636,12:31:01.636,AVAAI/USDT:USDT,0.03502,2793.0,0.03501,5.0,0.03507,1019.0,0.03508,1725.0
1753533061830,12:31:01.830,AVAAI/USDT:USDT,0.03501,5.0,0.035,3807.0,0.03506,766.0,0.03507,1019.0
1753533061838,12:31:01.838,AVAAI/USDT:USDT,0.03501,5.0,0.035,3807.0,0.03506,766.0,0.03507,1019.0
1753533062006,12:31:02.006,AVAAI/USDT:USDT,0.03502,2793.0,0.03501,5.0,0.03506,766.0,0.03507,1019.0
1753533062081,12:31:02.081,AVAAI/USDT:USDT,0.03502,2841.0,0.03501,5.0,0.03506,766.0,0.03507,1019.0
1753533062162,12:31:02.162,AVAAI/USDT:USDT,0.03502,2841.0,0.03501,5.0,0.03506,766.0,0.03507,1019.0
1753533062256,12:31:02.256,AVAAI/USDT:USDT,0.03502,2841.0,0.03501,5.0,0.03506,766.0,0.03507,1019.0
1753533062427,12:31:02.427,AVAAI/USDT:USDT,0.03502,2841.0,0.03501,5.0,0.03506,766.0,0.03507,1019.0
1753533062460,12:31:02.460,AVAAI/USDT:USDT,0.03502,48.0,0.03501,5.0,0.03506,766.0,0.03507,1019.0
1753533062581,12:31:02.581,AVAAI/USDT:USDT,0.03502,48.0,0.03501,5.0,0.03506,766.0,0.03507,1019.0
1753533062648,12:31:02.648,AVAAI/USDT:USDT,0.03502,48.0,0.03501,5.0,0.03506,766.0,0.03507,1019.0
1753533062817,12:31:02.817,AVAAI/USDT:USDT,0.03502,24.0,0.03501,5.0,0.03506,2155.0,0.03507,1019.0
1753533063209,12:31:03.209,AVAAI/USDT:USDT,0.03502,24.0,0.03501,5.0,0.03506,2179.0,0.03507,1019.0
1753533063929,12:31:03.929,AVAAI/USDT:USDT,0.03502,24.0,0.03501,5.0,0.03506,2179.0,0.03507,1019.0
1753533064420,12:31:04.420,AVAAI/USDT:USDT,0.03502,48.0,0.03501,5.0,0.03506,790.0,0.03507,1019.0
1753533064691,12:31:04.691,AVAAI/USDT:USDT,0.03502,48.0,0.03501,5.0,0.03506,790.0,0.03507,1019.0
1753533067414,12:31:07.414,AVAAI/USDT:USDT,0.03502,48.0,0.03501,5.0,0.03506,766.0,0.03507,1019.0
1753533067517,12:31:07.517,AVAAI/USDT:USDT,0.03502,787.0,0.03501,5.0,0.03506,27.0,0.03507,280.0
1753533067540,12:31:07.540,AVAAI/USDT:USDT,0.03502,787.0,0.03501,5.0,0.03506,27.0,0.03508,739.0
1753533067708,12:31:07.708,AVAAI/USDT:USDT,0.03502,787.0,0.03501,5.0,0.03507,27.0,0.03508,739.0
1753533067890,12:31:07.890,AVAAI/USDT:USDT,0.03502,787.0,0.03501,5.0,0.03507,27.0,0.03508,739.0
1753533068303,12:31:08.303,AVAAI/USDT:USDT,0.03502,787.0,0.03501,5.0,0.03507,27.0,0.03508,739.0
1753533068392,12:31:08.392,AVAAI/USDT:USDT,0.03502,787.0,0.03501,5.0,0.03507,27.0,0.03508,739.0
1753533068679,12:31:08.679,AVAAI/USDT:USDT,0.03503,280.0,0.03502,787.0,0.03507,27.0,0.03508,739.0
1753533068903,12:31:08.903,AVAAI/USDT:USDT,0.03503,2408.0,0.03502,3580.0,0.03507,27.0,0.03509,1669.0
1753533068940,12:31:08.940,AVAAI/USDT:USDT,0.03503,2408.0,0.03502,3580.0,0.03508,27.0,0.03509,1669.0
1753533069066,12:31:09.066,AVAAI/USDT:USDT,0.03504,787.0,0.03503,2408.0,0.03508,27.0,0.03509,280.0
1753533070316,12:31:10.316,AVAAI/USDT:USDT,0.03504,787.0,0.03503,2408.0,0.03508,27.0,0.03509,280.0
1753533071190,12:31:11.190,AVAAI/USDT:USDT,0.03504,3580.0,0.03503,2408.0,0.03508,27.0,0.03509,280.0
1753533071826,12:31:11.826,AVAAI/USDT:USDT,0.03504,3580.0,0.03503,2408.0,0.03508,27.0,0.03509,280.0
1753533075354,12:31:15.354,AVAAI/USDT:USDT,0.03504,787.0,0.03503,2408.0,0.03508,27.0,0.03509,280.0
1753533075518,12:31:15.518,AVAAI/USDT:USDT,0.03504,787.0,0.03503,2408.0,0.03508,27.0,0.03509,1669.0
1753533075588,12:31:15.588,AVAAI/USDT:USDT,0.03504,48.0,0.03503,2408.0,0.03508,75.0,0.03509,1669.0
1753533077999,12:31:17.999,AVAAI/USDT:USDT,0.03504,3605.0,0.03503,2408.0,0.03508,27.0,0.03509,280.0
1753533078080,12:31:18.080,AVAAI/USDT:USDT,0.03504,3605.0,0.03503,2408.0,0.03508,27.0,0.0351,2126.0
1753533078226,12:31:18.226,AVAAI/USDT:USDT,0.03504,812.0,0.03503,2408.0,0.03508,27.0,0.03509,280.0
1753533078722,12:31:18.722,AVAAI/USDT:USDT,0.03504,812.0,0.03503,2408.0,0.03508,13.0,0.03509,280.0
1753533078875,12:31:18.875,AVAAI/USDT:USDT,0.03504,812.0,0.03503,2408.0,0.03508,13.0,0.03509,294.0
1753533088165,12:31:28.165,AVAAI/USDT:USDT,0.03504,812.0,0.03503,2408.0,0.03508,13.0,0.03509,14.0
1753533088300,12:31:28.300,AVAAI/USDT:USDT,0.03505,280.0,0.03504,3605.0,0.03509,27.0,0.0351,1389.0
1753533089135,12:31:29.135,AVAAI/USDT:USDT,0.03505,280.0,0.03504,3605.0,0.03509,27.0,0.03511,3828.0
1753533089250,12:31:29.250,AVAAI/USDT:USDT,0.03505,280.0,0.03504,3605.0,0.0351,27.0,0.03511,3828.0
1753533090377,12:31:30.377,AVAAI/USDT:USDT,0.03505,2429.0,0.03504,3605.0,0.0351,27.0,0.03511,1035.0
1753533090602,12:31:30.602,AVAAI/USDT:USDT,0.03505,1040.0,0.03504,3605.0,0.0351,27.0,0.03511,1035.0
1753533092232,12:31:32.232,AVAAI/USDT:USDT,0.03505,1040.0,0.03504,2201.0,0.03509,24.0,0.0351,27.0
1753533092256,12:31:32.256,AVAAI/USDT:USDT,0.03505,1040.0,0.03504,2201.0,0.03508,27.0,0.03509,24.0
1753533093707,12:31:33.707,AVAAI/USDT:USDT,0.03506,793.0,0.03505,5270.0,0.03508,27.0,0.03511,280.0
1753533093818,12:31:33.818,AVAAI/USDT:USDT,0.03506,793.0,0.03505,5270.0,0.0351,27.0,0.03511,280.0
1753533093900,12:31:33.900,AVAAI/USDT:USDT,0.03506,793.0,0.03505,5270.0,0.0351,27.0,0.03511,280.0
1753533094028,12:31:34.028,AVAAI/USDT:USDT,0.03506,793.0,0.03505,5270.0,0.0351,27.0,0.03511,280.0
1753533094083,12:31:34.083,AVAAI/USDT:USDT,0.03506,793.0,0.03505,5270.0,0.0351,27.0,0.03511,280.0
1753533094421,12:31:34.421,AVAAI/USDT:USDT,0.03506,793.0,0.03505,5270.0,0.0351,27.0,0.03511,280.0
1753533095399,12:31:35.399,AVAAI/USDT:USDT,0.03507,280.0,0.03506,793.0,0.0351,27.0,0.03512,1389.0
1753533095500,12:31:35.500,AVAAI/USDT:USDT,0.03507,280.0,0.03506,793.0,0.03511,27.0,0.03512,1389.0
1753533095618,12:31:35.618,AVAAI/USDT:USDT,0.03507,280.0,0.03506,793.0,0.03511,27.0,0.03512,1389.0
1753533096330,12:31:36.330,AVAAI/USDT:USDT,0.03507,280.0,0.03506,793.0,0.03511,27.0,0.03512,1389.0
1753533096441,12:31:36.441,AVAAI/USDT:USDT,0.03507,280.0,0.03506,793.0,0.03511,27.0,0.03512,1389.0
1753533102346,12:31:42.346,AVAAI/USDT:USDT,0.03507,1029.0,0.03506,793.0,0.03511,27.0,0.03513,280.0
1753533102448,12:31:42.448,AVAAI/USDT:USDT,0.03507,1029.0,0.03506,793.0,0.03512,27.0,0.03513,280.0
1753533102762,12:31:42.762,AVAAI/USDT:USDT,0.03507,2418.0,0.03506,793.0,0.03512,27.0,0.03513,280.0
1753533105858,12:31:45.858,AVAAI/USDT:USDT,0.03507,2418.0,0.03506,793.0,0.03512,27.0,0.03513,280.0
1753533106473,12:31:46.473,AVAAI/USDT:USDT,0.03507,2418.0,0.03506,793.0,0.03512,27.0,0.03513,280.0
1753533107375,12:31:47.375,AVAAI/USDT:USDT,0.03507,2418.0,0.03506,793.0,0.03512,27.0,0.03513,280.0
1753533107942,12:31:47.942,AVAAI/USDT:USDT,0.03507,1029.0,0.03506,793.0,0.03512,27.0,0.03513,280.0
1753533109342,12:31:49.342,AVAAI/USDT:USDT,0.03507,1029.0,0.03506,793.0,0.03512,27.0,0.03513,280.0
1753533118396,12:31:58.396,AVAAI/USDT:USDT,0.03507,1029.0,0.03506,793.0,0.03512,1416.0,0.03513,3073.0
1753533118757,12:31:58.757,AVAAI/USDT:USDT,0.03507,1029.0,0.03506,793.0,0.03512,27.0,0.03513,280.0
1753533119497,12:31:59.497,AVAAI/USDT:USDT,0.03507,280.0,0.03506,793.0,0.03512,766.0,0.03513,280.0
1753533119706,12:31:59.706,AVAAI/USDT:USDT,0.03506,793.0,0.03505,5270.0,0.03511,280.0,0.03512,766.0
1753533119772,12:31:59.772,AVAAI/USDT:USDT,0.03506,793.0,0.03505,5270.0,0.0351,27.0,0.03511,280.0
1753533119899,12:31:59.899,AVAAI/USDT:USDT,0.03506,793.0,0.03505,5270.0,0.0351,27.0,0.03511,280.0
1753533120316,12:32:00.316,AVAAI/USDT:USDT,0.03506,793.0,0.03505,5270.0,0.0351,27.0,0.03511,280.0
1753533120430,12:32:00.430,AVAAI/USDT:USDT,0.03504,2153.0,0.03503,1019.0,0.0351,1464.0,0.03511,1669.0
1753533120454,12:32:00.454,AVAAI/USDT:USDT,0.03505,280.0,0.03504,2153.0,0.0351,1464.0,0.03511,1669.0
1753533121533,12:32:01.533,AVAAI/USDT:USDT,0.03505,3073.0,0.03504,2153.0,0.0351,1464.0,0.03511,1669.0
1753533121569,12:32:01.569,AVAAI/USDT:USDT,0.03505,280.0,0.03504,2153.0,0.0351,1464.0,0.03511,1669.0
1753533122354,12:32:02.354,AVAAI/USDT:USDT,0.03505,280.0,0.03504,2153.0,0.0351,1464.0,0.03511,1669.0
1753533122823,12:32:02.823,AVAAI/USDT:USDT,0.03504,2153.0,0.03503,1019.0,0.0351,1464.0,0.03511,1669.0
1753533122895,12:32:02.895,AVAAI/USDT:USDT,0.03503,1019.0,0.03502,3532.0,0.03509,1036.0,0.0351,1464.0
1753533122956,12:32:02.956,AVAAI/USDT:USDT,0.03503,2408.0,0.03502,3532.0,0.03508,27.0,0.03509,1036.0
1753533123210,12:32:03.210,AVAAI/USDT:USDT,0.03503,2408.0,0.03502,3532.0,0.03508,27.0,0.03509,1036.0
1753533123315,12:32:03.315,AVAAI/USDT:USDT,0.03503,1019.0,0.03502,3532.0,0.03508,27.0,0.03509,1036.0
1753533128547,12:32:08.547,AVAAI/USDT:USDT,0.03503,1019.0,0.03502,3532.0,0.03508,783.0,0.03509,1036.0
1753533131792,12:32:11.792,AVAAI/USDT:USDT,0.03503,2408.0,0.03502,3532.0,0.03508,783.0,0.03509,1036.0
1753533135365,12:32:15.365,AVAAI/USDT:USDT,0.03503,2408.0,0.03502,3532.0,0.03508,783.0,0.03509,1036.0
1753533139001,12:32:19.001,AVAAI/USDT:USDT,0.03505,304.0,0.03504,771.0,0.03508,27.0,0.0351,1389.0
1753533139041,12:32:19.041,AVAAI/USDT:USDT,0.03505,304.0,0.03504,771.0,0.03509,27.0,0.0351,1389.0
1753533139543,12:32:19.543,AVAAI/USDT:USDT,0.03505,304.0,0.03504,771.0,0.03509,27.0,0.0351,4182.0
1753533141282,12:32:21.282,AVAAI/USDT:USDT,0.03505,24.0,0.03504,771.0,0.03509,355.0,0.0351,4182.0
1753533141640,12:32:21.640,AVAAI/USDT:USDT,0.03505,24.0,0.03504,771.0,0.03509,355.0,0.0351,4182.0
1753533142011,12:32:22.011,AVAAI/USDT:USDT,0.03505,24.0,0.03504,3564.0,0.03509,355.0,0.0351,1389.0
1753533143365,12:32:23.365,AVAAI/USDT:USDT,0.03505,24.0,0.03504,771.0,0.03509,355.0,0.0351,1389.0
1753533144136,12:32:24.136,AVAAI/USDT:USDT,0.03505,24.0,0.03504,3564.0,0.03509,355.0,0.0351,1389.0
1753533145230,12:32:25.230,AVAAI/USDT:USDT,0.03505,24.0,0.03504,771.0,0.03509,355.0,0.0351,1389.0
1753533145561,12:32:25.561,AVAAI/USDT:USDT,0.03505,24.0,0.03504,771.0,0.03509,355.0,0.0351,1389.0
1753533148376,12:32:28.376,AVAAI/USDT:USDT,0.03505,24.0,0.03504,771.0,0.03509,355.0,0.0351,1389.0
1753533150227,12:32:30.227,AVAAI/USDT:USDT,0.03505,24.0,0.03504,3564.0,0.03509,75.0,0.0351,1389.0
1753533151313,12:32:31.313,AVAAI/USDT:USDT,0.03505,24.0,0.03504,3564.0,0.03509,355.0,0.0351,1389.0
1753533151765,12:32:31.765,AVAAI/USDT:USDT,0.03505,24.0,0.03504,771.0,0.03509,355.0,0.0351,1389.0
1753533152933,12:32:32.933,AVAAI/USDT:USDT,0.03504,771.0,0.03503,2408.0,0.03509,355.0,0.0351,1389.0
1753533153294,12:32:33.294,AVAAI/USDT:USDT,0.03504,771.0,0.03503,2408.0,0.03509,355.0,0.0351,1389.0
1753533154129,12:32:34.129,AVAAI/USDT:USDT,0.03502,739.0,0.03501,5.0,0.03507,280.0,0.03508,2122.0
1753533154198,12:32:34.198,AVAAI/USDT:USDT,0.03502,280.0,0.03501,738.0,0.03506,27.0,0.03507,1013.0
1753533154400,12:32:34.400,AVAAI/USDT:USDT,0.03502,280.0,0.03501,738.0,0.03506,27.0,0.03507,1013.0
1753533154842,12:32:34.842,AVAAI/USDT:USDT,0.03502,280.0,0.03501,738.0,0.03506,27.0,0.03507,1013.0
1753533155084,12:32:35.084,AVAAI/USDT:USDT,0.03502,280.0,0.03501,738.0,0.03506,75.0,0.03507,1013.0
1753533155327,12:32:35.327,AVAAI/USDT:USDT,0.03501,738.0,0.035,3807.0,0.03506,75.0,0.03507,1013.0
1753533155398,12:32:35.398,AVAAI/USDT:USDT,0.03501,738.0,0.035,3807.0,0.03506,75.0,0.03507,1013.0
1753533155527,12:32:35.527,AVAAI/USDT:USDT,0.03501,738.0,0.035,3807.0,0.03506,75.0,0.03507,1013.0
1753533155564,12:32:35.564,AVAAI/USDT:USDT,0.03501,738.0,0.035,3807.0,0.03506,75.0,0.03507,1013.0
1753533155960,12:32:35.960,AVAAI/USDT:USDT,0.03501,738.0,0.035,3807.0,0.03506,75.0,0.03507,1013.0
1753533156390,12:32:36.390,AVAAI/USDT:USDT,0.03501,738.0,0.035,3807.0,0.03506,75.0,0.03507,3806.0
1753533157255,12:32:37.255,AVAAI/USDT:USDT,0.03502,280.0,0.03501,738.0,0.03506,75.0,0.03507,3806.0
1753533157433,12:32:37.433,AVAAI/USDT:USDT,0.03502,304.0,0.03501,738.0,0.03506,75.0,0.03507,1013.0
1753533160503,12:32:40.503,AVAAI/USDT:USDT,0.03502,328.0,0.03501,738.0,0.03506,75.0,0.03507,1013.0
1753533160710,12:32:40.710,AVAAI/USDT:USDT,0.03502,48.0,0.03501,738.0,0.03506,75.0,0.03507,1013.0
1753533161005,12:32:41.005,AVAAI/USDT:USDT,0.03502,328.0,0.03501,738.0,0.03506,75.0,0.03507,1013.0
1753533161387,12:32:41.387,AVAAI/USDT:USDT,0.03502,328.0,0.03501,738.0,0.03506,75.0,0.03507,1013.0
1753533164798,12:32:44.798,AVAAI/USDT:USDT,0.03502,328.0,0.03501,738.0,0.03506,75.0,0.03507,1013.0
1753533165354,12:32:45.354,AVAAI/USDT:USDT,0.03502,328.0,0.03501,738.0,0.03506,75.0,0.03507,1013.0
1753533172475,12:32:52.475,AVAAI/USDT:USDT,0.03502,304.0,0.03501,738.0,0.03506,75.0,0.03507,1013.0
1753533173209,12:32:53.209,AVAAI/USDT:USDT,0.03501,738.0,0.035,3807.0,0.03506,827.0,0.03507,3806.0
1753533173433,12:32:53.433,AVAAI/USDT:USDT,0.03501,5.0,0.035,1014.0,0.03505,1669.0,0.03506,827.0
1753533173471,12:32:53.471,AVAAI/USDT:USDT,0.03501,5.0,0.035,1014.0,0.03504,75.0,0.03505,280.0
1753533173542,12:32:53.542,AVAAI/USDT:USDT,0.03501,5.0,0.035,1014.0,0.03504,48.0,0.03505,280.0
1753533173647,12:32:53.647,AVAAI/USDT:USDT,0.03501,5.0,0.035,1014.0,0.03504,24.0,0.03505,1669.0
1753533173995,12:32:53.995,AVAAI/USDT:USDT,0.03501,5.0,0.035,1014.0,0.03504,48.0,0.03505,1669.0
1753533174074,12:32:54.074,AVAAI/USDT:USDT,0.03501,5.0,0.035,734.0,0.03504,48.0,0.03505,1669.0
1753533174228,12:32:54.228,AVAAI/USDT:USDT,0.03501,5.0,0.035,734.0,0.03504,48.0,0.03505,1669.0
1753533174398,12:32:54.398,AVAAI/USDT:USDT,0.03501,5.0,0.035,734.0,0.03504,48.0,0.03505,1669.0
1753533175294,12:32:55.294,AVAAI/USDT:USDT,0.03501,5.0,0.035,1014.0,0.03504,48.0,0.03505,1669.0
1753533176266,12:32:56.266,AVAAI/USDT:USDT,0.03501,5.0,0.035,1014.0,0.03504,48.0,0.03505,1669.0
1753533177119,12:32:57.119,AVAAI/USDT:USDT,0.03501,29.0,0.035,1014.0,0.03504,48.0,0.03505,1669.0
1753533177140,12:32:57.140,AVAAI/USDT:USDT,0.03501,29.0,0.035,1014.0,0.03505,1669.0,0.03506,752.0
1753533177242,12:32:57.242,AVAAI/USDT:USDT,0.03501,29.0,0.035,1014.0,0.03504,27.0,0.03505,1669.0
1753533179405,12:32:59.405,AVAAI/USDT:USDT,0.03501,5.0,0.035,734.0,0.03504,75.0,0.03505,1669.0
1753533179464,12:32:59.464,AVAAI/USDT:USDT,0.03501,5.0,0.03499,752.0,0.03504,1437.0,0.03505,1669.0
1753533179564,12:32:59.564,AVAAI/USDT:USDT,0.03501,5.0,0.03499,752.0,0.03504,1437.0,0.03505,1669.0
1753533180725,12:33:00.725,AVAAI/USDT:USDT,0.03501,5.0,0.03499,752.0,0.03504,1437.0,0.03505,1669.0
1753533180742,12:33:00.742,AVAAI/USDT:USDT,0.03501,5.0,0.03499,752.0,0.03504,1437.0,0.03505,1669.0
1753533180849,12:33:00.849,AVAAI/USDT:USDT,0.03501,5.0,0.03499,752.0,0.03504,1437.0,0.03505,1669.0
1753533181109,12:33:01.109,AVAAI/USDT:USDT,0.03501,5.0,0.03498,1030.0,0.03504,1437.0,0.03505,1669.0
1753533181514,12:33:01.514,AVAAI/USDT:USDT,0.03501,5.0,0.03498,1030.0,0.03504,1437.0,0.03505,1669.0
1753533181670,12:33:01.670,AVAAI/USDT:USDT,0.03501,5.0,0.03498,280.0,0.03503,790.0,0.03504,1413.0
1753533181910,12:33:01.910,AVAAI/USDT:USDT,0.03501,5.0,0.03498,280.0,0.03503,1070.0,0.03504,1413.0
1753533182504,12:33:02.504,AVAAI/USDT:USDT,0.03501,5.0,0.03498,3073.0,0.03503,1070.0,0.03504,1413.0
1753533187233,12:33:07.233,AVAAI/USDT:USDT,0.03501,5.0,0.03498,3073.0,0.03503,1070.0,0.03504,1413.0
1753533187287,12:33:07.287,AVAAI/USDT:USDT,0.03501,5.0,0.03498,3073.0,0.03503,1070.0,0.03504,1413.0
1753533187346,12:33:07.346,AVAAI/USDT:USDT,0.03501,5.0,0.03498,3073.0,0.03503,1070.0,0.03504,1413.0
1753533190748,12:33:10.748,AVAAI/USDT:USDT,0.03501,5.0,0.03498,3073.0,0.03503,304.0,0.03504,1413.0
1753533191010,12:33:11.010,AVAAI/USDT:USDT,0.03501,5.0,0.03498,3073.0,0.03504,1437.0,0.03505,1669.0
1753533191151,12:33:11.151,AVAAI/USDT:USDT,0.03501,5.0,0.03498,3073.0,0.03504,48.0,0.03505,1669.0
1753533191313,12:33:11.313,AVAAI/USDT:USDT,0.03501,29.0,0.03498,3073.0,0.03504,48.0,0.03505,1669.0
1753533191366,12:33:11.366,AVAAI/USDT:USDT,0.03501,29.0,0.03499,1389.0,0.03504,48.0,0.03505,1669.0
1753533191568,12:33:11.568,AVAAI/USDT:USDT,0.03501,29.0,0.03499,1389.0,0.03504,48.0,0.03505,1669.0
1753533191903,12:33:11.903,AVAAI/USDT:USDT,0.03501,29.0,0.03498,3073.0,0.03504,48.0,0.03505,1669.0
1753533191941,12:33:11.941,AVAAI/USDT:USDT,0.03501,29.0,0.03498,3073.0,0.03504,1437.0,0.03505,1669.0
1753533192307,12:33:12.307,AVAAI/USDT:USDT,0.03501,5.0,0.03498,3073.0,0.03504,1437.0,0.03505,1669.0
1753533193153,12:33:13.153,AVAAI/USDT:USDT,0.03501,5.0,0.03498,3073.0,0.03504,1437.0,0.03505,1669.0
1753533193587,12:33:13.587,AVAAI/USDT:USDT,0.03501,5.0,0.03498,3073.0,0.03504,1437.0,0.03505,1669.0
1753533193977,12:33:13.977,AVAAI/USDT:USDT,0.03501,5.0,0.03498,3073.0,0.03503,280.0,0.03504,1437.0
1753533194403,12:33:14.403,AVAAI/USDT:USDT,0.03501,5.0,0.03498,3073.0,0.03503,280.0,0.03504,1437.0
1753533194819,12:33:14.819,AVAAI/USDT:USDT,0.03501,5.0,0.03498,3073.0,0.03503,280.0,0.03504,1437.0
1753533197220,12:33:17.220,AVAAI/USDT:USDT,0.03501,5.0,0.03498,3073.0,0.03504,48.0,0.03505,1669.0
1753533197630,12:33:17.630,AVAAI/USDT:USDT,0.03501,5.0,0.03498,3073.0,0.03504,1437.0,0.03505,1669.0
1753533197645,12:33:17.645,AVAAI/USDT:USDT,0.03501,5.0,0.03498,3073.0,0.03504,1437.0,0.03505,1669.0
1753533200417,12:33:20.417,AVAAI/USDT:USDT,0.03501,5.0,0.03498,3073.0,0.03504,1437.0,0.03505,1669.0
1753533200467,12:33:20.467,AVAAI/USDT:USDT,0.03501,5.0,0.03498,3073.0,0.03504,1437.0,0.03505,1669.0
1753533203076,12:33:23.076,AVAAI/USDT:USDT,0.03501,5.0,0.03498,3073.0,0.03503,280.0,0.03504,1437.0
1753533204135,12:33:24.135,AVAAI/USDT:USDT,0.03501,5.0,0.03498,3073.0,0.03503,304.0,0.03504,1437.0
1753533206093,12:33:26.093,AVAAI/USDT:USDT,0.03501,5.0,0.03498,3073.0,0.03503,280.0,0.03504,1437.0
1753533206161,12:33:26.161,AVAAI/USDT:USDT,0.03501,5.0,0.03498,3073.0,0.03504,1437.0,0.03505,1669.0
1753533206504,12:33:26.504,AVAAI/USDT:USDT,0.03501,5.0,0.03498,3073.0,0.03504,1437.0,0.03505,1669.0
1753533207605,12:33:27.605,AVAAI/USDT:USDT,0.03501,29.0,0.035,2793.0,0.03505,1669.0,0.03506,752.0
1753533207718,12:33:27.718,AVAAI/USDT:USDT,0.03501,53.0,0.035,2793.0,0.03504,27.0,0.03505,1669.0
1753533208124,12:33:28.124,AVAAI/USDT:USDT,0.03501,53.0,0.035,2793.0,0.03504,27.0,0.03505,1669.0
1753533208343,12:33:28.343,AVAAI/USDT:USDT,0.03501,53.0,0.03499,2778.0,0.03504,27.0,0.03505,1669.0
1753533209475,12:33:29.475,AVAAI/USDT:USDT,0.03501,53.0,0.03499,1389.0,0.03504,27.0,0.03505,1669.0
1753533209563,12:33:29.563,AVAAI/USDT:USDT,0.03501,53.0,0.03499,1389.0,0.03504,51.0,0.03505,1669.0
1753533209640,12:33:29.640,AVAAI/USDT:USDT,0.03501,53.0,0.03499,1389.0,0.03504,24.0,0.03505,1669.0
1753533209755,12:33:29.755,AVAAI/USDT:USDT,0.03501,53.0,0.03498,3073.0,0.03504,24.0,0.03505,1669.0
1753533210485,12:33:30.485,AVAAI/USDT:USDT,0.03501,53.0,0.03498,3073.0,0.03504,48.0,0.03505,1669.0
1753533215253,12:33:35.253,AVAAI/USDT:USDT,0.03501,29.0,0.03498,3073.0,0.03504,48.0,0.03505,1669.0
1753533215411,12:33:35.411,AVAAI/USDT:USDT,0.03501,29.0,0.03498,3073.0,0.03504,1437.0,0.03505,1669.0
1753533215687,12:33:35.687,AVAAI/USDT:USDT,0.03501,5.0,0.03498,3073.0,0.03504,1437.0,0.03505,1669.0
1753533218031,12:33:38.031,AVAAI/USDT:USDT,0.03501,5.0,0.03497,750.0,0.03502,1437.0,0.03503,1071.0
1753533218116,12:33:38.116,AVAAI/USDT:USDT,0.03501,5.0,0.03497,3543.0,0.03502,48.0,0.03503,1071.0
1753533218192,12:33:38.192,AVAAI/USDT:USDT,0.03501,5.0,0.03497,3543.0,0.03502,48.0,0.03503,1071.0
1753533218493,12:33:38.493,AVAAI/USDT:USDT,0.03501,5.0,0.03497,3543.0,0.03502,1437.0,0.03503,1071.0
1753533218607,12:33:38.607,AVAAI/USDT:USDT,0.03501,5.0,0.03497,3543.0,0.03502,1437.0,0.03503,1071.0
1753533219967,12:33:39.967,AVAAI/USDT:USDT,0.03501,5.0,0.03497,3543.0,0.03502,1437.0,0.03503,1071.0
1753533221250,12:33:41.250,AVAAI/USDT:USDT,0.03501,5.0,0.03497,3543.0,0.03502,1413.0,0.03503,1071.0
1753533221498,12:33:41.498,AVAAI/USDT:USDT,0.03501,5.0,0.03497,3543.0,0.03502,1437.0,0.03503,1071.0
1753533222478,12:33:42.478,AVAAI/USDT:USDT,0.03501,5.0,0.03497,3543.0,0.03502,1437.0,0.03503,1071.0
1753533224108,12:33:44.108,AVAAI/USDT:USDT,0.03501,5.0,0.03497,3543.0,0.03502,1413.0,0.03503,1071.0
1753533225656,12:33:45.656,AVAAI/USDT:USDT,0.03501,5.0,0.03497,3543.0,0.03502,1437.0,0.03503,1071.0
1753533226451,12:33:46.451,AVAAI/USDT:USDT,0.03501,5.0,0.03497,3543.0,0.03502,1413.0,0.03503,1071.0
1753533226537,12:33:46.537,AVAAI/USDT:USDT,0.03501,5.0,0.03497,3543.0,0.03502,1437.0,0.03503,1071.0
1753533226696,12:33:46.696,AVAAI/USDT:USDT,0.03501,5.0,0.03497,3543.0,0.03502,1413.0,0.03503,1071.0
1753533227728,12:33:47.728,AVAAI/USDT:USDT,0.03501,5.0,0.03497,3543.0,0.03502,1437.0,0.03503,1071.0
1753533227747,12:33:47.747,AVAAI/USDT:USDT,0.03501,5.0,0.03497,3543.0,0.03502,1413.0,0.03503,1071.0
1753533228065,12:33:48.065,AVAAI/USDT:USDT,0.03501,5.0,0.03497,3543.0,0.03502,1413.0,0.03503,1071.0
1753533232311,12:33:52.311,AVAAI/USDT:USDT,0.03501,5.0,0.03497,3543.0,0.03502,1437.0,0.03503,1071.0
1753533233032,12:33:53.032,AVAAI/USDT:USDT,0.03501,5.0,0.03497,3543.0,0.03502,1413.0,0.03503,1071.0
1753533233120,12:33:53.120,AVAAI/USDT:USDT,0.03501,5.0,0.03497,2793.0,0.03502,1437.0,0.03503,1071.0
1753533233235,12:33:53.235,AVAAI/USDT:USDT,0.03501,5.0,0.03497,2793.0,0.03502,1413.0,0.03503,1071.0
1753533235998,12:33:55.998,AVAAI/USDT:USDT,0.03501,5.0,0.03497,2793.0,0.03502,1389.0,0.03503,1071.0
1753533236533,12:33:56.533,AVAAI/USDT:USDT,0.03495,3551.0,0.03494,1038.0,0.035,280.0,0.03502,1437.0
1753533236631,12:33:56.631,AVAAI/USDT:USDT,0.03495,3551.0,0.03494,1043.0,0.03499,27.0,0.035,280.0
1753533236726,12:33:56.726,AVAAI/USDT:USDT,0.03495,3551.0,0.03494,1043.0,0.03499,27.0,0.035,280.0
1753533236826,12:33:56.826,AVAAI/USDT:USDT,0.03495,3551.0,0.03494,1043.0,0.03499,27.0,0.035,280.0
1753533236858,12:33:56.858,AVAAI/USDT:USDT,0.03495,3551.0,0.03494,1043.0,0.03499,27.0,0.035,280.0
1753533237085,12:33:57.085,AVAAI/USDT:USDT,0.03495,3599.0,0.03494,1043.0,0.03499,27.0,0.035,280.0
1753533237230,12:33:57.230,AVAAI/USDT:USDT,0.03497,2841.0,0.03496,1067.0,0.03499,27.0,0.03501,739.0
1753533237255,12:33:57.255,AVAAI/USDT:USDT,0.03497,48.0,0.03496,1067.0,0.035,27.0,0.03502,1389.0
1753533237344,12:33:57.344,AVAAI/USDT:USDT,0.03497,48.0,0.03496,1067.0,0.03501,27.0,0.03502,1389.0
1753533237618,12:33:57.618,AVAAI/USDT:USDT,0.03497,48.0,0.03496,1067.0,0.03501,27.0,0.03502,1389.0
1753533238401,12:33:58.401,AVAAI/USDT:USDT,0.03497,48.0,0.03496,1067.0,0.03501,27.0,0.03502,1389.0
1753533239126,12:33:59.126,AVAAI/USDT:USDT,0.03497,48.0,0.03496,2456.0,0.03501,27.0,0.03502,1389.0
1753533239241,12:33:59.241,AVAAI/USDT:USDT,0.03497,48.0,0.03496,2456.0,0.03501,27.0,0.03502,1389.0
1753533239451,12:33:59.451,AVAAI/USDT:USDT,0.03497,48.0,0.03496,2456.0,0.03501,27.0,0.03502,1389.0
1753533240866,12:34:00.866,AVAAI/USDT:USDT,0.03497,48.0,0.03496,1067.0,0.03501,27.0,0.03502,1389.0
1753533242180,12:34:02.180,AVAAI/USDT:USDT,0.03497,48.0,0.03496,1067.0,0.03501,27.0,0.03502,1389.0
1753533244110,12:34:04.110,AVAAI/USDT:USDT,0.03497,3592.0,0.03496,2456.0,0.03501,27.0,0.03503,1023.0
1753533244184,12:34:04.184,AVAAI/USDT:USDT,0.03497,799.0,0.03496,2456.0,0.03502,1416.0,0.03503,1023.0
1753533244433,12:34:04.433,AVAAI/USDT:USDT,0.03497,799.0,0.03496,2456.0,0.03502,1416.0,0.03503,1023.0
1753533244451,12:34:04.451,AVAAI/USDT:USDT,0.03497,3592.0,0.03496,2456.0,0.03502,27.0,0.03503,1023.0
1753533244586,12:34:04.586,AVAAI/USDT:USDT,0.03497,799.0,0.03496,2456.0,0.03502,1416.0,0.03503,1023.0
1753533246619,12:34:06.619,AVAAI/USDT:USDT,0.03497,799.0,0.03496,1067.0,0.03502,1416.0,0.03503,1023.0
1753533246858,12:34:06.858,AVAAI/USDT:USDT,0.03497,799.0,0.03496,1067.0,0.03502,1416.0,0.03503,1023.0
1753533249593,12:34:09.593,AVAAI/USDT:USDT,0.03497,799.0,0.03496,2456.0,0.03502,1416.0,0.03503,1023.0
1753533252215,12:34:12.215,AVAAI/USDT:USDT,0.03497,48.0,0.03496,1067.0,0.03501,280.0,0.03502,1416.0
1753533252277,12:34:12.277,AVAAI/USDT:USDT,0.03495,758.0,0.03494,1043.0,0.035,75.0,0.03501,280.0
1753533252418,12:34:12.418,AVAAI/USDT:USDT,0.03495,758.0,0.03494,1043.0,0.035,75.0,0.03501,1018.0
1753533252488,12:34:12.488,AVAAI/USDT:USDT,0.03495,758.0,0.03494,1043.0,0.035,75.0,0.03501,1018.0
1753533252555,12:34:12.555,AVAAI/USDT:USDT,0.03495,3551.0,0.03494,1043.0,0.035,75.0,0.03501,1018.0
1753533253710,12:34:13.710,AVAAI/USDT:USDT,0.03495,3551.0,0.03494,1043.0,0.035,75.0,0.03501,1018.0
1753533254124,12:34:14.124,AVAAI/USDT:USDT,0.03495,3551.0,0.03494,1043.0,0.035,75.0,0.03501,1018.0
1753533256217,12:34:16.217,AVAAI/USDT:USDT,0.03496,786.0,0.03495,3551.0,0.035,27.0,0.03501,1018.0
1753533256294,12:34:16.294,AVAAI/USDT:USDT,0.03496,1066.0,0.03495,3551.0,0.035,27.0,0.03501,1018.0
1753533257036,12:34:17.036,AVAAI/USDT:USDT,0.03496,1066.0,0.03495,3551.0,0.035,27.0,0.03501,280.0
1753533258312,12:34:18.312,AVAAI/USDT:USDT,0.03497,738.0,0.03496,1066.0,0.035,27.0,0.03501,280.0
1753533258392,12:34:18.392,AVAAI/USDT:USDT,0.03497,738.0,0.03496,1066.0,0.035,27.0,0.03502,1389.0
1753533258511,12:34:18.511,AVAAI/USDT:USDT,0.03497,738.0,0.03496,1066.0,0.035,14.0,0.03501,27.0
1753533258558,12:34:18.558,AVAAI/USDT:USDT,0.03497,738.0,0.03496,1066.0,0.03499,27.0,0.03502,1389.0
1753533258642,12:34:18.642,AVAAI/USDT:USDT,0.03497,738.0,0.03496,1066.0,0.03501,27.0,0.03502,1389.0
1753533258976,12:34:18.976,AVAAI/USDT:USDT,0.03497,738.0,0.03496,1066.0,0.03501,27.0,0.03502,1389.0
1753533259210,12:34:19.210,AVAAI/USDT:USDT,0.03497,738.0,0.03496,1066.0,0.03501,27.0,0.03502,1389.0
1753533259390,12:34:19.390,AVAAI/USDT:USDT,0.03497,738.0,0.03496,1066.0,0.03501,27.0,0.03502,1389.0
1753533259815,12:34:19.815,AVAAI/USDT:USDT,0.03497,738.0,0.03496,1066.0,0.03501,27.0,0.03502,1389.0
1753533260420,12:34:20.420,AVAAI/USDT:USDT,0.03497,738.0,0.03496,1066.0,0.03501,307.0,0.03502,1389.0
1753533260617,12:34:20.617,AVAAI/USDT:USDT,0.03497,738.0,0.03496,2455.0,0.03501,27.0,0.03502,1389.0
1753533260786,12:34:20.786,AVAAI/USDT:USDT,0.03497,738.0,0.03496,1066.0,0.03501,27.0,0.03502,1389.0
1753533262826,12:34:22.826,AVAAI/USDT:USDT,0.03497,738.0,0.03496,1066.0,0.03501,51.0,0.03502,1389.0
1753533262849,12:34:22.849,AVAAI/USDT:USDT,0.03497,738.0,0.03496,1066.0,0.03501,51.0,0.03502,1389.0
1753533263092,12:34:23.092,AVAAI/USDT:USDT,0.03497,738.0,0.03496,2455.0,0.03501,27.0,0.03502,1389.0
1753533263196,12:34:23.196,AVAAI/USDT:USDT,0.03497,738.0,0.03496,2455.0,0.03501,27.0,0.03502,1389.0
1753533266027,12:34:26.027,AVAAI/USDT:USDT,0.03497,738.0,0.03496,2431.0,0.03501,27.0,0.03502,1389.0
1753533266068,12:34:26.068,AVAAI/USDT:USDT,0.03498,27.0,0.03497,738.0,0.03501,29.0,0.03502,1389.0
1753533266174,12:34:26.174,AVAAI/USDT:USDT,0.03498,51.0,0.03497,738.0,0.03501,29.0,0.03502,1389.0
1753533266647,12:34:26.647,AVAAI/USDT:USDT,0.03498,51.0,0.03497,738.0,0.03501,29.0,0.03502,1389.0
1753533267519,12:34:27.519,AVAAI/USDT:USDT,0.03498,27.0,0.03497,738.0,0.03501,29.0,0.03502,1389.0
1753533267626,12:34:27.626,AVAAI/USDT:USDT,0.03498,3.0,0.03496,1018.0,0.03501,77.0,0.03502,1389.0
1753533267669,12:34:27.669,AVAAI/USDT:USDT,0.03497,3.0,0.03496,1018.0,0.03501,357.0,0.03502,1389.0
1753533268668,12:34:28.668,AVAAI/USDT:USDT,0.03497,3.0,0.03496,1018.0,0.03501,357.0,0.03502,1389.0
1753533268789,12:34:28.789,AVAAI/USDT:USDT,0.03497,3.0,0.03495,3551.0,0.03501,1124.0,0.03502,1389.0
1753533269267,12:34:29.267,AVAAI/USDT:USDT,0.03496,3.0,0.03495,3551.0,0.03501,1124.0,0.03502,1389.0
1753533270314,12:34:30.314,AVAAI/USDT:USDT,0.03496,3.0,0.03495,3551.0,0.03501,1124.0,0.03502,1389.0
1753533270993,12:34:30.993,AVAAI/USDT:USDT,0.03496,3.0,0.03495,3551.0,0.035,767.0,0.03501,1124.0
1753533271044,12:34:31.044,AVAAI/USDT:USDT,0.03496,3.0,0.03495,3551.0,0.03499,77.0,0.03501,1047.0
1753533271493,12:34:31.493,AVAAI/USDT:USDT,0.03496,3.0,0.03495,3551.0,0.03499,77.0,0.03501,1047.0
1753533271906,12:34:31.906,AVAAI/USDT:USDT,0.03496,3.0,0.03495,3551.0,0.03499,77.0,0.03501,1047.0
1753533274990,12:34:34.990,AVAAI/USDT:USDT,0.03496,3.0,0.03495,3551.0,0.03499,77.0,0.03501,1047.0
1753533275250,12:34:35.250,AVAAI/USDT:USDT,0.03496,27.0,0.03495,3551.0,0.03499,77.0,0.03501,1047.0
1753533275611,12:34:35.611,AVAAI/USDT:USDT,0.03496,27.0,0.03495,758.0,0.03499,77.0,0.03501,3840.0
1753533277525,12:34:37.525,AVAAI/USDT:USDT,0.03496,3.0,0.03495,758.0,0.03499,77.0,0.03501,3840.0
1753533277559,12:34:37.559,AVAAI/USDT:USDT,0.03496,3.0,0.03495,758.0,0.03499,77.0,0.03501,3840.0
1753533277970,12:34:37.970,AVAAI/USDT:USDT,0.03496,3.0,0.03495,758.0,0.03499,77.0,0.03501,3840.0
1753533278206,12:34:38.206,AVAAI/USDT:USDT,0.03496,27.0,0.03495,758.0,0.03499,53.0,0.03501,3840.0
1753533278401,12:34:38.401,AVAAI/USDT:USDT,0.03496,3.0,0.03495,758.0,0.03499,77.0,0.03501,3840.0
1753533278502,12:34:38.502,AVAAI/USDT:USDT,0.03496,3.0,0.03495,758.0,0.03499,77.0,0.03501,3840.0
1753533278598,12:34:38.598,AVAAI/USDT:USDT,0.03496,3.0,0.03495,758.0,0.03499,77.0,0.03501,3840.0
1753533280098,12:34:40.098,AVAAI/USDT:USDT,0.03496,3.0,0.03495,758.0,0.03499,53.0,0.03501,3840.0
1753533280371,12:34:40.371,AVAAI/USDT:USDT,0.03496,27.0,0.03495,758.0,0.03499,53.0,0.03501,3840.0
1753533280455,12:34:40.455,AVAAI/USDT:USDT,0.03496,3.0,0.03495,758.0,0.03499,77.0,0.03501,3840.0
1753533280914,12:34:40.914,AVAAI/USDT:USDT,0.03496,3.0,0.03494,5.0,0.03498,328.0,0.03499,796.0
1753533280960,12:34:40.960,AVAAI/USDT:USDT,0.03495,3.0,0.03494,5.0,0.03498,328.0,0.03499,767.0
1753533281131,12:34:41.131,AVAAI/USDT:USDT,0.03495,3.0,0.03494,5.0,0.03497,53.0,0.03498,304.0
1753533281168,12:34:41.168,AVAAI/USDT:USDT,0.03495,3.0,0.03494,5.0,0.03497,24.0,0.03498,304.0
1753533281598,12:34:41.598,AVAAI/USDT:USDT,0.03495,3.0,0.03494,5.0,0.03497,24.0,0.03498,304.0
1753533282255,12:34:42.255,AVAAI/USDT:USDT,0.03495,3.0,0.03494,5.0,0.03497,48.0,0.03498,304.0
1753533282399,12:34:42.399,AVAAI/USDT:USDT,0.03495,3.0,0.03494,5.0,0.03497,24.0,0.03498,304.0
1753533283135,12:34:43.135,AVAAI/USDT:USDT,0.03495,3.0,0.03494,5.0,0.03497,48.0,0.03498,304.0
1753533284120,12:34:44.120,AVAAI/USDT:USDT,0.03495,3.0,0.03494,5.0,0.03497,24.0,0.03498,304.0
1753533286386,12:34:46.386,AVAAI/USDT:USDT,0.03495,3.0,0.03494,5.0,0.03497,48.0,0.03498,304.0
1753533287571,12:34:47.571,AVAAI/USDT:USDT,0.03495,3.0,0.03494,5.0,0.03497,24.0,0.03498,304.0
1753533288155,12:34:48.155,AVAAI/USDT:USDT,0.03495,3.0,0.03494,5.0,0.03497,48.0,0.03498,304.0
1753533289032,12:34:49.032,AVAAI/USDT:USDT,0.03495,27.0,0.03494,285.0,0.035,743.0,0.03501,3840.0
1753533289114,12:34:49.114,AVAAI/USDT:USDT,0.03495,51.0,0.03494,1028.0,0.03499,1389.0,0.03501,3840.0
1753533289240,12:34:49.240,AVAAI/USDT:USDT,0.03495,51.0,0.03494,1028.0,0.03499,1389.0,0.03501,3840.0
1753533289471,12:34:49.471,AVAAI/USDT:USDT,0.03495,51.0,0.03494,1028.0,0.03499,1442.0,0.03501,3840.0
1753533289655,12:34:49.655,AVAAI/USDT:USDT,0.03495,51.0,0.03494,1028.0,0.03499,1442.0,0.03501,3840.0
1753533289788,12:34:49.788,AVAAI/USDT:USDT,0.03495,51.0,0.03494,1028.0,0.03499,1466.0,0.03501,3840.0
1753533291473,12:34:51.473,AVAAI/USDT:USDT,0.03495,51.0,0.03494,1028.0,0.03499,1466.0,0.03501,3840.0
1753533293398,12:34:53.398,AVAAI/USDT:USDT,0.03495,27.0,0.03494,1028.0,0.03499,1466.0,0.035,736.0
1753533293440,12:34:53.440,AVAAI/USDT:USDT,0.03495,27.0,0.03494,1028.0,0.03499,1746.0,0.035,736.0
1753533295133,12:34:55.133,AVAAI/USDT:USDT,0.03495,51.0,0.03494,1028.0,0.03499,1746.0,0.035,736.0
1753533295165,12:34:55.165,AVAAI/USDT:USDT,0.03495,3580.0,0.03494,3806.0,0.03499,29.0,0.03501,1047.0
1753533295249,12:34:55.249,AVAAI/USDT:USDT,0.03495,3580.0,0.03494,3806.0,0.035,29.0,0.03501,1047.0
1753533295418,12:34:55.418,AVAAI/USDT:USDT,0.03495,787.0,0.03494,3806.0,0.035,29.0,0.03501,1047.0
1753533295478,12:34:55.478,AVAAI/USDT:USDT,0.03495,787.0,0.03494,2417.0,0.035,29.0,0.03501,3840.0
1753533295692,12:34:55.692,AVAAI/USDT:USDT,0.03495,787.0,0.03494,2417.0,0.035,29.0,0.03501,3840.0
1753533297523,12:34:57.523,AVAAI/USDT:USDT,0.03496,736.0,0.03495,787.0,0.035,29.0,0.03501,280.0
1753533297633,12:34:57.633,AVAAI/USDT:USDT,0.03497,51.0,0.03496,1016.0,0.035,29.0,0.03501,280.0
1753533297655,12:34:57.655,AVAAI/USDT:USDT,0.03497,51.0,0.03496,1016.0,0.035,29.0,0.03501,280.0
1753533298517,12:34:58.517,AVAAI/USDT:USDT,0.03497,51.0,0.03496,1016.0,0.035,29.0,0.03501,280.0
1753533300056,12:35:00.056,AVAAI/USDT:USDT,0.03497,51.0,0.03496,1016.0,0.035,29.0,0.03502,1389.0
1753533300167,12:35:00.167,AVAAI/USDT:USDT,0.03497,51.0,0.03496,1016.0,0.03501,29.0,0.03502,1389.0
1753533300425,12:35:00.425,AVAAI/USDT:USDT,0.03497,51.0,0.03496,1016.0,0.03501,331.0,0.03502,1389.0
1753533300969,12:35:00.969,AVAAI/USDT:USDT,0.03497,51.0,0.03496,1016.0,0.03501,331.0,0.03502,1389.0
1753533302140,12:35:02.140,AVAAI/USDT:USDT,0.03497,51.0,0.03496,1016.0,0.03501,51.0,0.03502,1389.0
1753533302479,12:35:02.479,AVAAI/USDT:USDT,0.03497,808.0,0.03496,1016.0,0.03501,29.0,0.03502,1389.0
1753533303766,12:35:03.766,AVAAI/USDT:USDT,0.03498,757.0,0.03497,808.0,0.03501,29.0,0.03502,1389.0
1753533303850,12:35:03.850,AVAAI/USDT:USDT,0.03499,25.0,0.03498,757.0,0.03501,29.0,0.03502,1389.0
1753533303999,12:35:03.999,AVAAI/USDT:USDT,0.03499,22.0,0.03498,779.0,0.03501,29.0,0.03502,1389.0
1753533304128,12:35:04.128,AVAAI/USDT:USDT,0.03499,22.0,0.03498,779.0,0.03501,29.0,0.03502,1389.0
1753533304170,12:35:04.170,AVAAI/USDT:USDT,0.03499,22.0,0.03498,779.0,0.03501,29.0,0.03502,1389.0
1753533304305,12:35:04.305,AVAAI/USDT:USDT,0.03499,22.0,0.03498,779.0,0.03501,29.0,0.03502,1389.0
1753533304494,12:35:04.494,AVAAI/USDT:USDT,0.03499,44.0,0.03498,779.0,0.03501,29.0,0.03502,1389.0
1753533304577,12:35:04.577,AVAAI/USDT:USDT,0.03499,44.0,0.03498,779.0,0.03501,29.0,0.03502,1389.0
1753533307315,12:35:07.315,AVAAI/USDT:USDT,0.03499,44.0,0.03498,1059.0,0.03501,29.0,0.03502,1389.0
1753533307385,12:35:07.385,AVAAI/USDT:USDT,0.03499,44.0,0.03498,1059.0,0.03501,29.0,0.03503,280.0
1753533307447,12:35:07.447,AVAAI/USDT:USDT,0.03499,44.0,0.03498,1059.0,0.03502,29.0,0.03503,280.0
1753533307620,12:35:07.620,AVAAI/USDT:USDT,0.035,3.0,0.03499,22.0,0.03502,29.0,0.03503,280.0
1753533307804,12:35:07.804,AVAAI/USDT:USDT,0.035,3.0,0.03499,22.0,0.03502,29.0,0.03503,280.0
1753533310516,12:35:10.516,AVAAI/USDT:USDT,0.035,3.0,0.03498,757.0,0.03502,51.0,0.03503,280.0
1753533310618,12:35:10.618,AVAAI/USDT:USDT,0.03499,3.0,0.03498,757.0,0.03502,44.0,0.03503,280.0
1753533310677,12:35:10.677,AVAAI/USDT:USDT,0.03499,3.0,0.03497,757.0,0.03501,51.0,0.03502,44.0
1753533310750,12:35:10.750,AVAAI/USDT:USDT,0.03498,47.0,0.03497,757.0,0.03502,22.0,0.03503,280.0
1753533310843,12:35:10.843,AVAAI/USDT:USDT,0.03498,47.0,0.03497,757.0,0.03501,29.0,0.03503,280.0
1753533310941,12:35:10.941,AVAAI/USDT:USDT,0.03498,47.0,0.03497,757.0,0.03502,29.0,0.03503,280.0
1753533311055,12:35:11.055,AVAAI/USDT:USDT,0.03498,47.0,0.03497,757.0,0.03502,51.0,0.03503,280.0
1753533311213,12:35:11.213,AVAAI/USDT:USDT,0.03498,47.0,0.03497,757.0,0.03502,29.0,0.03503,280.0
1753533311431,12:35:11.431,AVAAI/USDT:USDT,0.03498,47.0,0.03497,757.0,0.03502,29.0,0.03503,280.0
1753533312583,12:35:12.583,AVAAI/USDT:USDT,0.03498,25.0,0.03497,757.0,0.03502,51.0,0.03503,280.0
1753533312655,12:35:12.655,AVAAI/USDT:USDT,0.03498,25.0,0.03497,757.0,0.03502,51.0,0.03503,280.0
1753533315433,12:35:15.433,AVAAI/USDT:USDT,0.03498,25.0,0.03497,757.0,0.03502,1440.0,0.03503,1022.0
1753533316310,12:35:16.310,AVAAI/USDT:USDT,0.03498,3.0,0.03496,736.0,0.03501,324.0,0.03502,1418.0
1753533316359,12:35:16.359,AVAAI/USDT:USDT,0.03497,3.0,0.03496,736.0,0.035,73.0,0.03501,280.0
1753533316702,12:35:16.702,AVAAI/USDT:USDT,0.03497,25.0,0.03496,1016.0,0.035,29.0,0.03501,280.0
1753533316794,12:35:16.794,AVAAI/USDT:USDT,0.03497,47.0,0.03496,1016.0,0.035,29.0,0.03501,280.0
1753533317043,12:35:17.043,AVAAI/USDT:USDT,0.03497,789.0,0.03496,1016.0,0.035,29.0,0.03501,280.0
1753533317295,12:35:17.295,AVAAI/USDT:USDT,0.03497,789.0,0.03496,1016.0,0.035,29.0,0.03502,1389.0
1753533317364,12:35:17.364,AVAAI/USDT:USDT,0.03497,789.0,0.03496,1016.0,0.03501,29.0,0.03502,1389.0
1753533317504,12:35:17.504,AVAAI/USDT:USDT,0.03497,789.0,0.03496,1016.0,0.03501,29.0,0.03502,1389.0
1753533318373,12:35:18.373,AVAAI/USDT:USDT,0.03497,789.0,0.03496,1016.0,0.03501,29.0,0.03503,280.0
1753533318440,12:35:18.440,AVAAI/USDT:USDT,0.03497,789.0,0.03496,1016.0,0.03502,29.0,0.03503,280.0
1753533321067,12:35:21.067,AVAAI/USDT:USDT,0.03497,789.0,0.03496,1016.0,0.03502,29.0,0.03503,280.0
1753533328150,12:35:28.150,AVAAI/USDT:USDT,0.03497,25.0,0.03496,1016.0,0.03501,1669.0,0.03502,29.0
1753533328242,12:35:28.242,AVAAI/USDT:USDT,0.03497,25.0,0.03496,1016.0,0.035,29.0,0.03501,1669.0
1753533328464,12:35:28.464,AVAAI/USDT:USDT,0.03497,47.0,0.03496,1016.0,0.035,29.0,0.03501,1669.0
1753533328770,12:35:28.770,AVAAI/USDT:USDT,0.03497,25.0,0.03496,1016.0,0.035,29.0,0.03501,1669.0
1753533329424,12:35:29.424,AVAAI/USDT:USDT,0.03497,47.0,0.03496,1016.0,0.035,29.0,0.03501,1669.0
1753533329580,12:35:29.580,AVAAI/USDT:USDT,0.03497,47.0,0.03496,1016.0,0.035,29.0,0.03501,1669.0
1753533331172,12:35:31.172,AVAAI/USDT:USDT,0.03497,47.0,0.03496,1016.0,0.035,29.0,0.03501,1669.0
1753533332672,12:35:32.672,AVAAI/USDT:USDT,0.03497,796.0,0.03496,1016.0,0.035,29.0,0.03503,280.0
1753533332817,12:35:32.817,AVAAI/USDT:USDT,0.03498,749.0,0.03497,752.0,0.03502,29.0,0.03503,280.0
1753533332843,12:35:32.843,AVAAI/USDT:USDT,0.03499,17.0,0.03498,749.0,0.03502,29.0,0.03503,280.0
1753533332950,12:35:32.950,AVAAI/USDT:USDT,0.03499,17.0,0.03498,749.0,0.03502,51.0,0.03503,280.0
1753533333275,12:35:33.275,AVAAI/USDT:USDT,0.03499,39.0,0.03497,749.0,0.03502,51.0,0.03503,280.0
1753533335445,12:35:35.445,AVAAI/USDT:USDT,0.03499,17.0,0.03497,749.0,0.03502,73.0,0.03503,280.0
1753533335558,12:35:35.558,AVAAI/USDT:USDT,0.03498,17.0,0.03497,749.0,0.03502,51.0,0.03503,280.0
1753533336030,12:35:36.030,AVAAI/USDT:USDT,0.03498,17.0,0.03497,749.0,0.03502,51.0,0.03503,280.0
1753533336050,12:35:36.050,AVAAI/USDT:USDT,0.03498,39.0,0.03497,749.0,0.03502,73.0,0.03503,280.0
1753533337448,12:35:37.448,AVAAI/USDT:USDT,0.03498,17.0,0.03497,749.0,0.03502,73.0,0.03503,280.0
1753533338320,12:35:38.320,AVAAI/USDT:USDT,0.03498,297.0,0.03497,3542.0,0.03502,29.0,0.03503,280.0
1753533338348,12:35:38.348,AVAAI/USDT:USDT,0.03498,297.0,0.03497,3542.0,0.03502,29.0,0.03503,280.0
1753533338521,12:35:38.521,AVAAI/USDT:USDT,0.03498,297.0,0.03497,3542.0,0.03502,29.0,0.03503,280.0
1753533338556,12:35:38.556,AVAAI/USDT:USDT,0.03498,297.0,0.03497,749.0,0.03502,29.0,0.03503,280.0
1753533341095,12:35:41.095,AVAAI/USDT:USDT,0.03498,297.0,0.03497,4931.0,0.03502,29.0,0.03504,1389.0
1753533341232,12:35:41.232,AVAAI/USDT:USDT,0.03499,761.0,0.03498,297.0,0.03503,16.0,0.03504,1389.0
1753533341262,12:35:41.262,AVAAI/USDT:USDT,0.035,61.0,0.03499,761.0,0.03503,16.0,0.03505,1669.0
1753533341350,12:35:41.350,AVAAI/USDT:USDT,0.035,39.0,0.03499,761.0,0.03504,16.0,0.03505,1669.0
1753533341733,12:35:41.733,AVAAI/USDT:USDT,0.035,39.0,0.03499,761.0,0.03504,16.0,0.03505,1669.0
1753533342083,12:35:42.083,AVAAI/USDT:USDT,0.035,39.0,0.03499,761.0,0.03504,16.0,0.03505,1669.0
1753533342501,12:35:42.501,AVAAI/USDT:USDT,0.035,39.0,0.03499,761.0,0.03504,16.0,0.03505,1669.0
1753533342715,12:35:42.715,AVAAI/USDT:USDT,0.035,822.0,0.03499,761.0,0.03504,16.0,0.03505,1669.0
1753533342762,12:35:42.762,AVAAI/USDT:USDT,0.035,822.0,0.03499,761.0,0.03504,16.0,0.03505,1669.0
1753533342914,12:35:42.914,AVAAI/USDT:USDT,0.035,822.0,0.03499,761.0,0.03504,16.0,0.03505,1669.0
1753533343005,12:35:43.005,AVAAI/USDT:USDT,0.035,61.0,0.03499,761.0,0.03504,38.0,0.03505,1669.0
1753533343503,12:35:43.503,AVAAI/USDT:USDT,0.035,61.0,0.03499,761.0,0.03504,38.0,0.03505,1669.0
1753533345459,12:35:45.459,AVAAI/USDT:USDT,0.035,341.0,0.03499,3554.0,0.03504,38.0,0.03505,1669.0
1753533346470,12:35:46.470,AVAAI/USDT:USDT,0.035,61.0,0.03499,761.0,0.03504,1449.0,0.03505,1669.0
1753533346555,12:35:46.555,AVAAI/USDT:USDT,0.035,61.0,0.03499,761.0,0.03504,1449.0,0.03505,1669.0
1753533346693,12:35:46.693,AVAAI/USDT:USDT,0.035,39.0,0.03499,761.0,0.03504,1449.0,0.03505,1669.0
1753533346744,12:35:46.744,AVAAI/USDT:USDT,0.035,39.0,0.03499,761.0,0.03504,1449.0,0.03505,1669.0
1753533347030,12:35:47.030,AVAAI/USDT:USDT,0.035,17.0,0.03497,3542.0,0.03503,280.0,0.03504,4242.0
1753533347090,12:35:47.090,AVAAI/USDT:USDT,0.03498,39.0,0.03497,3542.0,0.03502,60.0,0.03503,280.0
1753533347197,12:35:47.197,AVAAI/USDT:USDT,0.03498,61.0,0.03497,3542.0,0.03502,60.0,0.03503,280.0
1753533348085,12:35:48.085,AVAAI/USDT:USDT,0.03498,341.0,0.03497,3542.0,0.03502,60.0,0.03503,280.0
1753533349587,12:35:49.587,AVAAI/USDT:USDT,0.03498,341.0,0.03497,3542.0,0.03502,38.0,0.03503,280.0
1753533349675,12:35:49.675,AVAAI/USDT:USDT,0.03498,341.0,0.03497,3542.0,0.03502,16.0,0.03503,280.0
1753533350611,12:35:50.611,AVAAI/USDT:USDT,0.03499,761.0,0.03498,1102.0,0.03502,16.0,0.03503,280.0
1753533350708,12:35:50.708,AVAAI/USDT:USDT,0.035,61.0,0.03499,783.0,0.03502,16.0,0.03504,1389.0
1753533350743,12:35:50.743,AVAAI/USDT:USDT,0.035,44.0,0.03499,783.0,0.03503,16.0,0.03504,1389.0
1753533350896,12:35:50.896,AVAAI/USDT:USDT,0.03501,17.0,0.035,44.0,0.03503,16.0,0.03504,1411.0
1753533350982,12:35:50.982,AVAAI/USDT:USDT,0.03501,17.0,0.035,22.0,0.03503,16.0,0.03504,1411.0
1753533351080,12:35:51.080,AVAAI/USDT:USDT,0.03501,17.0,0.035,22.0,0.03503,16.0,0.03504,1433.0
1753533351459,12:35:51.459,AVAAI/USDT:USDT,0.03501,17.0,0.035,22.0,0.03503,16.0,0.03504,1433.0
1753533351798,12:35:51.798,AVAAI/USDT:USDT,0.03501,17.0,0.035,22.0,0.03503,16.0,0.03504,1433.0
1753533352214,12:35:52.214,AVAAI/USDT:USDT,0.03501,17.0,0.035,44.0,0.03503,16.0,0.03504,1433.0
1753533352510,12:35:52.510,AVAAI/USDT:USDT,0.03501,17.0,0.035,44.0,0.03503,16.0,0.03504,1433.0
1753533353411,12:35:53.411,AVAAI/USDT:USDT,0.03501,17.0,0.035,1074.0,0.03503,16.0,0.03504,22.0
1753533353434,12:35:53.434,AVAAI/USDT:USDT,0.03501,17.0,0.035,794.0,0.03503,16.0,0.03504,22.0
1753533353631,12:35:53.631,AVAAI/USDT:USDT,0.03501,17.0,0.035,2183.0,0.03503,16.0,0.03504,22.0
1753533353695,12:35:53.695,AVAAI/USDT:USDT,0.03501,17.0,0.035,2183.0,0.03503,16.0,0.03504,22.0
1753533353863,12:35:53.863,AVAAI/USDT:USDT,0.03501,17.0,0.035,2463.0,0.03503,16.0,0.03505,280.0
1753533353964,12:35:53.964,AVAAI/USDT:USDT,0.03501,17.0,0.035,2463.0,0.03504,16.0,0.03505,280.0
1753533354236,12:35:54.236,AVAAI/USDT:USDT,0.03501,17.0,0.035,2463.0,0.03504,16.0,0.03505,280.0
1753533354653,12:35:54.653,AVAAI/USDT:USDT,0.03501,17.0,0.035,2463.0,0.03504,16.0,0.03505,280.0
1753533355076,12:35:55.076,AVAAI/USDT:USDT,0.03501,61.0,0.035,2419.0,0.03504,16.0,0.03505,280.0
1753533355380,12:35:55.380,AVAAI/USDT:USDT,0.03501,61.0,0.035,2419.0,0.03504,16.0,0.03507,3806.0
1753533355441,12:35:55.441,AVAAI/USDT:USDT,0.03501,61.0,0.035,2419.0,0.03506,16.0,0.03507,3806.0
1753533355670,12:35:55.670,AVAAI/USDT:USDT,0.03501,61.0,0.035,2419.0,0.03506,16.0,0.03507,3806.0
1753533356515,12:35:56.515,AVAAI/USDT:USDT,0.03501,61.0,0.035,2419.0,0.03506,16.0,0.03507,3806.0
1753533356686,12:35:56.686,AVAAI/USDT:USDT,0.03501,61.0,0.035,2419.0,0.03506,16.0,0.03507,3806.0
1753533357404,12:35:57.404,AVAAI/USDT:USDT,0.03501,811.0,0.035,2419.0,0.03506,16.0,0.03507,3806.0
1753533358124,12:35:58.124,AVAAI/USDT:USDT,0.03501,4993.0,0.035,2419.0,0.03506,16.0,0.03507,1013.0
1753533358437,12:35:58.437,AVAAI/USDT:USDT,0.03501,2200.0,0.035,2419.0,0.03506,16.0,0.03507,3806.0
1753533360900,12:36:00.900,AVAAI/USDT:USDT,0.03502,750.0,0.03501,2200.0,0.03506,38.0,0.03507,280.0
1753533361024,12:36:01.024,AVAAI/USDT:USDT,0.03503,17.0,0.03502,750.0,0.03506,38.0,0.03507,280.0
1753533361038,12:36:01.038,AVAAI/USDT:USDT,0.03503,17.0,0.03502,750.0,0.03506,16.0,0.03507,280.0
1753533361223,12:36:01.223,AVAAI/USDT:USDT,0.03503,17.0,0.03502,750.0,0.03506,16.0,0.03507,280.0
1753533361263,12:36:01.263,AVAAI/USDT:USDT,0.03503,17.0,0.03502,750.0,0.03506,60.0,0.03507,280.0
1753533361392,12:36:01.392,AVAAI/USDT:USDT,0.03503,61.0,0.03502,750.0,0.03506,60.0,0.03507,280.0
1753533361533,12:36:01.533,AVAAI/USDT:USDT,0.03503,61.0,0.03502,750.0,0.03506,60.0,0.03507,280.0
1753533361851,12:36:01.851,AVAAI/USDT:USDT,0.03503,61.0,0.03502,750.0,0.03506,16.0,0.03507,280.0
1753533362006,12:36:02.006,AVAAI/USDT:USDT,0.03503,61.0,0.03502,1030.0,0.03506,16.0,0.03507,280.0
1753533366085,12:36:06.085,AVAAI/USDT:USDT,0.03503,61.0,0.03502,1030.0,0.03506,16.0,0.03508,2122.0
1753533366232,12:36:06.232,AVAAI/USDT:USDT,0.03503,806.0,0.03502,1030.0,0.03507,16.0,0.03509,1013.0
1753533366311,12:36:06.311,AVAAI/USDT:USDT,0.03503,784.0,0.03502,1030.0,0.03508,16.0,0.03509,3806.0
1753533366389,12:36:06.389,AVAAI/USDT:USDT,0.03503,784.0,0.03502,1030.0,0.03508,16.0,0.03509,3806.0
1753533366599,12:36:06.599,AVAAI/USDT:USDT,0.03503,784.0,0.03502,1030.0,0.03508,1405.0,0.03509,3806.0
1753533366805,12:36:06.805,AVAAI/USDT:USDT,0.03503,784.0,0.03502,1030.0,0.03508,1405.0,0.03509,3806.0
1753533367018,12:36:07.018,AVAAI/USDT:USDT,0.03503,784.0,0.03502,1030.0,0.03508,16.0,0.03509,1013.0
1753533367036,12:36:07.036,AVAAI/USDT:USDT,0.03503,784.0,0.03502,1030.0,0.03508,16.0,0.03509,1013.0
1753533367355,12:36:07.355,AVAAI/USDT:USDT,0.03504,767.0,0.03503,784.0,0.03508,16.0,0.03509,280.0
1753533367504,12:36:07.504,AVAAI/USDT:USDT,0.03505,39.0,0.03504,767.0,0.03508,16.0,0.03509,280.0
1753533367622,12:36:07.622,AVAAI/USDT:USDT,0.03505,39.0,0.03504,767.0,0.03508,16.0,0.03509,280.0
1753533367945,12:36:07.945,AVAAI/USDT:USDT,0.03505,39.0,0.03504,1047.0,0.03508,16.0,0.03509,280.0
1753533368841,12:36:08.841,AVAAI/USDT:USDT,0.03505,39.0,0.03504,1047.0,0.03508,16.0,0.03509,280.0
1753533369036,12:36:09.036,AVAAI/USDT:USDT,0.03505,39.0,0.03504,1047.0,0.03508,16.0,0.03509,280.0
1753533369255,12:36:09.255,AVAAI/USDT:USDT,0.03505,39.0,0.03504,745.0,0.03508,60.0,0.03509,280.0
1753533369528,12:36:09.528,AVAAI/USDT:USDT,0.03505,39.0,0.03504,745.0,0.03508,60.0,0.03509,280.0
1753533370947,12:36:10.947,AVAAI/USDT:USDT,0.03505,39.0,0.03503,745.0,0.03508,60.0,0.03509,280.0
1753533371044,12:36:11.044,AVAAI/USDT:USDT,0.03505,17.0,0.03503,745.0,0.03508,60.0,0.03509,280.0
1753533371165,12:36:11.165,AVAAI/USDT:USDT,0.03504,17.0,0.03503,745.0,0.03508,60.0,0.03509,280.0
1753533371869,12:36:11.869,AVAAI/USDT:USDT,0.03504,17.0,0.03503,745.0,0.03508,60.0,0.03509,280.0
1753533373243,12:36:13.243,AVAAI/USDT:USDT,0.03504,39.0,0.03503,745.0,0.03508,60.0,0.03509,280.0
1753533374235,12:36:14.235,AVAAI/USDT:USDT,0.03504,39.0,0.03503,745.0,0.03508,38.0,0.03509,280.0
1753533375574,12:36:15.574,AVAAI/USDT:USDT,0.03504,319.0,0.03503,3538.0,0.03508,16.0,0.03509,280.0
1753533379229,12:36:19.229,AVAAI/USDT:USDT,0.03504,1079.0,0.03503,3538.0,0.03508,16.0,0.03509,280.0
1753533379256,12:36:19.256,AVAAI/USDT:USDT,0.03505,804.0,0.03504,2446.0,0.03508,16.0,0.03509,280.0
1753533379363,12:36:19.363,AVAAI/USDT:USDT,0.03506,39.0,0.03505,782.0,0.03508,16.0,0.0351,1389.0
1753533379445,12:36:19.445,AVAAI/USDT:USDT,0.03506,44.0,0.03505,782.0,0.03509,16.0,0.03511,1669.0
1753533379628,12:36:19.628,AVAAI/USDT:USDT,0.03507,17.0,0.03506,22.0,0.0351,38.0,0.03511,1669.0
1753533379714,12:36:19.714,AVAAI/USDT:USDT,0.03507,17.0,0.03506,22.0,0.0351,38.0,0.03511,1669.0
1753533379829,12:36:19.829,AVAAI/USDT:USDT,0.03507,17.0,0.03506,22.0,0.0351,60.0,0.03511,1669.0
1753533379871,12:36:19.871,AVAAI/USDT:USDT,0.03507,17.0,0.03506,22.0,0.0351,60.0,0.03511,1669.0
1753533380128,12:36:20.128,AVAAI/USDT:USDT,0.03507,17.0,0.03506,22.0,0.0351,60.0,0.03511,1669.0
1753533380292,12:36:20.292,AVAAI/USDT:USDT,0.03507,17.0,0.03505,760.0,0.0351,1449.0,0.03511,1669.0
1753533380377,12:36:20.377,AVAAI/USDT:USDT,0.03506,39.0,0.03505,760.0,0.03509,280.0,0.0351,1449.0
1753533380450,12:36:20.450,AVAAI/USDT:USDT,0.03506,39.0,0.03505,782.0,0.03508,16.0,0.03509,280.0
1753533380544,12:36:20.544,AVAAI/USDT:USDT,0.03506,22.0,0.03505,782.0,0.03508,16.0,0.03509,280.0
1753533380805,12:36:20.805,AVAAI/USDT:USDT,0.03506,22.0,0.03505,782.0,0.03508,16.0,0.0351,1433.0
1753533380843,12:36:20.843,AVAAI/USDT:USDT,0.03506,22.0,0.03505,782.0,0.03509,16.0,0.0351,1433.0
1753533380957,12:36:20.957,AVAAI/USDT:USDT,0.03507,17.0,0.03506,22.0,0.03509,16.0,0.0351,1433.0
1753533381779,12:36:21.779,AVAAI/USDT:USDT,0.03507,17.0,0.03506,22.0,0.03509,16.0,0.0351,1433.0
1753533382198,12:36:22.198,AVAAI/USDT:USDT,0.03507,17.0,0.03506,22.0,0.03509,16.0,0.0351,1433.0
1753533382540,12:36:22.540,AVAAI/USDT:USDT,0.03507,17.0,0.03506,22.0,0.03509,16.0,0.0351,1433.0
1753533382936,12:36:22.936,AVAAI/USDT:USDT,0.03507,17.0,0.03506,22.0,0.03509,296.0,0.0351,1433.0
1753533383040,12:36:23.040,AVAAI/USDT:USDT,0.03507,17.0,0.03506,22.0,0.03509,280.0,0.0351,1433.0
1753533384708,12:36:24.708,AVAAI/USDT:USDT,0.03507,17.0,0.03506,22.0,0.03509,280.0,0.0351,1433.0
1753533384776,12:36:24.776,AVAAI/USDT:USDT,0.03507,17.0,0.03506,22.0,0.03509,280.0,0.0351,1433.0
1753533385616,12:36:25.616,AVAAI/USDT:USDT,0.03507,17.0,0.03506,22.0,0.03509,302.0,0.0351,1433.0
1753533385636,12:36:25.636,AVAAI/USDT:USDT,0.03507,17.0,0.03505,760.0,0.03509,302.0,0.0351,1433.0
1753533386111,12:36:26.111,AVAAI/USDT:USDT,0.03506,24.0,0.03505,760.0,0.03509,302.0,0.0351,1433.0
1753533386229,12:36:26.229,AVAAI/USDT:USDT,0.03507,15.0,0.03506,24.0,0.03508,16.0,0.03509,302.0
1753533386252,12:36:26.252,AVAAI/USDT:USDT,0.03507,15.0,0.03506,46.0,0.03508,16.0,0.03509,280.0
1753533386380,12:36:26.380,AVAAI/USDT:USDT,0.03507,15.0,0.03506,24.0,0.03508,16.0,0.03509,324.0
1753533386487,12:36:26.487,AVAAI/USDT:USDT,0.03507,15.0,0.03506,24.0,0.03508,16.0,0.03509,302.0
1753533386641,12:36:26.641,AVAAI/USDT:USDT,0.03507,15.0,0.03506,24.0,0.03508,16.0,0.03509,302.0
1753533387033,12:36:27.033,AVAAI/USDT:USDT,0.03507,15.0,0.03506,24.0,0.03508,16.0,0.03509,324.0
1753533388316,12:36:28.316,AVAAI/USDT:USDT,0.03507,15.0,0.03506,2.0,0.03508,16.0,0.03509,324.0
1753533388344,12:36:28.344,AVAAI/USDT:USDT,0.03506,39.0,0.03505,760.0,0.03508,16.0,0.03509,324.0
1753533388519,12:36:28.519,AVAAI/USDT:USDT,0.03504,2429.0,0.03503,3538.0,0.03508,16.0,0.03509,280.0
1753533388544,12:36:28.544,AVAAI/USDT:USDT,0.03505,39.0,0.03504,2429.0,0.03508,38.0,0.03509,280.0
1753533388707,12:36:28.707,AVAAI/USDT:USDT,0.03505,39.0,0.03504,2429.0,0.03508,16.0,0.03509,280.0
1753533389458,12:36:29.458,AVAAI/USDT:USDT,0.03505,61.0,0.03504,2429.0,0.03508,16.0,0.03509,280.0
1753533389895,12:36:29.895,AVAAI/USDT:USDT,0.03505,61.0,0.03504,2429.0,0.03508,16.0,0.03509,280.0
1753533391003,12:36:31.003,AVAAI/USDT:USDT,0.03505,39.0,0.03504,2429.0,0.03508,16.0,0.03509,280.0
1753533391574,12:36:31.574,AVAAI/USDT:USDT,0.03505,39.0,0.03504,2429.0,0.03508,16.0,0.03509,280.0
1753533391723,12:36:31.723,AVAAI/USDT:USDT,0.03505,61.0,0.03504,2429.0,0.03508,16.0,0.03509,280.0
1753533392366,12:36:32.366,AVAAI/USDT:USDT,0.03505,39.0,0.03504,2429.0,0.03508,16.0,0.03509,280.0
1753533392437,12:36:32.437,AVAAI/USDT:USDT,0.03505,61.0,0.03504,2429.0,0.03508,16.0,0.03509,280.0
1753533393001,12:36:33.001,AVAAI/USDT:USDT,0.03505,827.0,0.03504,2429.0,0.03508,16.0,0.03511,3073.0
1753533393042,12:36:33.042,AVAAI/USDT:USDT,0.03505,827.0,0.03504,2429.0,0.0351,16.0,0.03511,3073.0
1753533393524,12:36:33.524,AVAAI/USDT:USDT,0.03505,827.0,0.03504,2429.0,0.0351,16.0,0.03511,3073.0
1753533393932,12:36:33.932,AVAAI/USDT:USDT,0.03505,827.0,0.03504,2429.0,0.0351,16.0,0.03511,3073.0
1753533395552,12:36:35.552,AVAAI/USDT:USDT,0.03505,827.0,0.03504,2429.0,0.0351,16.0,0.03511,3073.0
1753533395976,12:36:35.976,AVAAI/USDT:USDT,0.03505,827.0,0.03504,2429.0,0.0351,1405.0,0.03511,3073.0
1753533396228,12:36:36.228,AVAAI/USDT:USDT,0.03505,805.0,0.03504,2429.0,0.0351,1405.0,0.03511,3073.0
1753533396257,12:36:36.257,AVAAI/USDT:USDT,0.03505,17.0,0.03504,2429.0,0.03509,280.0,0.0351,1405.0
1753533396341,12:36:36.341,AVAAI/USDT:USDT,0.03505,17.0,0.03504,2429.0,0.03508,16.0,0.03509,280.0
1753533396801,12:36:36.801,AVAAI/USDT:USDT,0.03505,39.0,0.03504,2429.0,0.03508,38.0,0.03509,280.0
1753533397190,12:36:37.190,AVAAI/USDT:USDT,0.03505,61.0,0.03504,2429.0,0.03508,38.0,0.03509,280.0
1753533398533,12:36:38.533,AVAAI/USDT:USDT,0.03505,39.0,0.03504,2429.0,0.03508,16.0,0.03509,280.0
1753533398538,12:36:38.538,AVAAI/USDT:USDT,0.03505,39.0,0.03504,2429.0,0.03508,16.0,0.03509,280.0
1753533399240,12:36:39.240,AVAAI/USDT:USDT,0.03505,39.0,0.03504,2429.0,0.03508,38.0,0.03509,280.0
1753533399455,12:36:39.455,AVAAI/USDT:USDT,0.03505,39.0,0.03504,2429.0,0.03508,38.0,0.03509,280.0
1753533399544,12:36:39.544,AVAAI/USDT:USDT,0.03505,39.0,0.03504,2429.0,0.03508,60.0,0.03509,280.0
1753533399796,12:36:39.796,AVAAI/USDT:USDT,0.03505,39.0,0.03504,2429.0,0.03508,16.0,0.03509,280.0
1753533399867,12:36:39.867,AVAAI/USDT:USDT,0.03505,17.0,0.03504,2429.0,0.03508,60.0,0.03509,280.0
1753533400213,12:36:40.213,AVAAI/USDT:USDT,0.03505,39.0,0.03504,2429.0,0.03508,60.0,0.03509,280.0
1753533400256,12:36:40.256,AVAAI/USDT:USDT,0.03505,39.0,0.03504,2429.0,0.03508,16.0,0.03509,280.0
1753533400417,12:36:40.417,AVAAI/USDT:USDT,0.03505,61.0,0.03504,2429.0,0.03508,16.0,0.03509,280.0
1753533402526,12:36:42.526,AVAAI/USDT:USDT,0.03505,798.0,0.03504,2429.0,0.03508,16.0,0.0351,1389.0
1753533402541,12:36:42.541,AVAAI/USDT:USDT,0.03505,798.0,0.03504,2429.0,0.03509,16.0,0.03511,3073.0
1753533402642,12:36:42.642,AVAAI/USDT:USDT,0.03505,798.0,0.03504,2429.0,0.0351,16.0,0.03511,3073.0
1753533402810,12:36:42.810,AVAAI/USDT:USDT,0.03505,798.0,0.03504,2429.0,0.0351,16.0,0.03511,3073.0
1753533404348,12:36:44.348,AVAAI/USDT:USDT,0.03505,776.0,0.03504,2429.0,0.0351,1405.0,0.03511,3073.0
1753533409720,12:36:49.720,AVAAI/USDT:USDT,0.03505,776.0,0.03504,2429.0,0.0351,1405.0,0.03511,280.0
1753533410111,12:36:50.111,AVAAI/USDT:USDT,0.03505,776.0,0.03504,2429.0,0.0351,1405.0,0.03511,3073.0
1753533412975,12:36:52.975,AVAAI/USDT:USDT,0.03505,776.0,0.03504,2429.0,0.0351,1405.0,0.03511,3073.0
1753533413233,12:36:53.233,AVAAI/USDT:USDT,0.03506,280.0,0.03505,3569.0,0.0351,16.0,0.03511,280.0
1753533413267,12:36:53.267,AVAAI/USDT:USDT,0.03507,61.0,0.03506,2401.0,0.0351,16.0,0.03512,5.0
1753533413413,12:36:53.413,AVAAI/USDT:USDT,0.03507,793.0,0.03506,2401.0,0.03511,16.0,0.03512,5.0
1753533413677,12:36:53.677,AVAAI/USDT:USDT,0.03507,793.0,0.03506,2401.0,0.03511,16.0,0.03512,1394.0
1753533419914,12:36:59.914,AVAAI/USDT:USDT,0.03507,793.0,0.03506,2401.0,0.03511,16.0,0.03512,1394.0
1753533419996,12:36:59.996,AVAAI/USDT:USDT,0.03507,2182.0,0.03506,2401.0,0.03511,16.0,0.03512,5.0
1753533420133,12:37:00.133,AVAAI/USDT:USDT,0.03507,2182.0,0.03506,2401.0,0.03511,16.0,0.03512,5.0
1753533420187,12:37:00.187,AVAAI/USDT:USDT,0.03507,2182.0,0.03506,2401.0,0.03511,16.0,0.03512,5.0
1753533421332,12:37:01.332,AVAAI/USDT:USDT,0.03508,1056.0,0.03507,2138.0,0.03511,16.0,0.03512,5.0
1753533421426,12:37:01.426,AVAAI/USDT:USDT,0.03509,61.0,0.03508,1034.0,0.03511,16.0,0.03512,5.0
1753533421516,12:37:01.516,AVAAI/USDT:USDT,0.03509,44.0,0.03508,1034.0,0.03511,16.0,0.03512,5.0
1753533421624,12:37:01.624,AVAAI/USDT:USDT,0.03509,44.0,0.03508,1034.0,0.03511,16.0,0.03512,5.0
1753533421666,12:37:01.666,AVAAI/USDT:USDT,0.03509,44.0,0.03508,1034.0,0.03511,16.0,0.03512,5.0
1753533421767,12:37:01.767,AVAAI/USDT:USDT,0.03509,44.0,0.03508,1034.0,0.03511,16.0,0.03512,5.0
1753533422220,12:37:02.220,AVAAI/USDT:USDT,0.03509,776.0,0.03508,1034.0,0.03511,16.0,0.03512,5.0
1753533422364,12:37:02.364,AVAAI/USDT:USDT,0.03509,776.0,0.03508,1034.0,0.03511,16.0,0.03512,5.0
1753533424148,12:37:04.148,AVAAI/USDT:USDT,0.03509,776.0,0.03508,1034.0,0.03511,16.0,0.03512,5.0
1753533424306,12:37:04.306,AVAAI/USDT:USDT,0.03509,776.0,0.03508,1034.0,0.03511,16.0,0.03512,5.0
1753533425500,12:37:05.500,AVAAI/USDT:USDT,0.03509,776.0,0.03508,1034.0,0.03511,16.0,0.03512,5.0
1753533425805,12:37:05.805,AVAAI/USDT:USDT,0.03509,776.0,0.03508,1034.0,0.03511,16.0,0.03512,5.0
1753533436466,12:37:16.466,AVAAI/USDT:USDT,0.03509,732.0,0.03508,1034.0,0.03511,16.0,0.03512,5.0
1753533436841,12:37:16.841,AVAAI/USDT:USDT,0.03509,732.0,0.03508,1034.0,0.03511,16.0,0.03512,5.0
1753533437057,12:37:17.057,AVAAI/USDT:USDT,0.03509,754.0,0.03508,1034.0,0.03511,16.0,0.03512,5.0
1753533437392,12:37:17.392,AVAAI/USDT:USDT,0.03509,776.0,0.03508,1034.0,0.03511,16.0,0.03512,5.0
1753533443315,12:37:23.315,AVAAI/USDT:USDT,0.03509,1056.0,0.03508,754.0,0.03511,16.0,0.03512,5.0
1753533443361,12:37:23.361,AVAAI/USDT:USDT,0.03509,1056.0,0.03508,754.0,0.03511,16.0,0.03512,5.0
1753533444350,12:37:24.350,AVAAI/USDT:USDT,0.03509,1056.0,0.03508,754.0,0.03511,16.0,0.03512,5.0
1753533446713,12:37:26.713,AVAAI/USDT:USDT,0.03509,1034.0,0.03508,754.0,0.03511,16.0,0.03512,5.0
1753533446760,12:37:26.760,AVAAI/USDT:USDT,0.03509,1012.0,0.03508,754.0,0.03511,16.0,0.03512,5.0
1753533447057,12:37:27.057,AVAAI/USDT:USDT,0.03509,1056.0,0.03508,754.0,0.03511,16.0,0.03512,5.0
1753533451346,12:37:31.346,AVAAI/USDT:USDT,0.03509,1056.0,0.03508,754.0,0.03511,16.0,0.03512,5.0
1753533455922,12:37:35.922,AVAAI/USDT:USDT,0.0351,2172.0,0.03509,1056.0,0.03511,16.0,0.03512,5.0
1753533455941,12:37:35.941,AVAAI/USDT:USDT,0.0351,2189.0,0.03509,1056.0,0.03511,16.0,0.03512,5.0
1753533456507,12:37:36.507,AVAAI/USDT:USDT,0.0351,2211.0,0.03509,1056.0,0.03511,16.0,0.03512,5.0
1753533456618,12:37:36.618,AVAAI/USDT:USDT,0.0351,2211.0,0.03509,1056.0,0.03511,16.0,0.03512,5.0
1753533456637,12:37:36.637,AVAAI/USDT:USDT,0.0351,2211.0,0.03509,1056.0,0.03511,16.0,0.03512,5.0
1753533456772,12:37:36.772,AVAAI/USDT:USDT,0.0351,2211.0,0.03509,1056.0,0.03511,16.0,0.03512,5.0
1753533457336,12:37:37.336,AVAAI/USDT:USDT,0.0351,2211.0,0.03509,1056.0,0.03511,16.0,0.03512,5.0
1753533458812,12:37:38.812,AVAAI/USDT:USDT,0.0351,2189.0,0.03509,1056.0,0.03511,16.0,0.03512,5.0
1753533460116,12:37:40.116,AVAAI/USDT:USDT,0.0351,2189.0,0.03509,1056.0,0.03511,16.0,0.03512,5.0
1753533460325,12:37:40.325,AVAAI/USDT:USDT,0.0351,2211.0,0.03509,1056.0,0.03511,16.0,0.03512,5.0
1753533460430,12:37:40.430,AVAAI/USDT:USDT,0.03511,280.0,0.0351,2211.0,0.03512,5.0,0.03517,3821.0
1753533460500,12:37:40.500,AVAAI/USDT:USDT,0.03511,1085.0,0.0351,2211.0,0.03512,5.0,0.03516,16.0
1753533460594,12:37:40.594,AVAAI/USDT:USDT,0.03511,1098.0,0.0351,2211.0,0.03512,5.0,0.03516,14.0
1753533466861,12:37:46.861,AVAAI/USDT:USDT,0.03511,1098.0,0.0351,2211.0,0.03512,5.0,0.03516,14.0
1753533466987,12:37:46.987,AVAAI/USDT:USDT,0.03511,1098.0,0.0351,2211.0,0.03512,5.0,0.03516,14.0
1753533471231,12:37:51.231,AVAAI/USDT:USDT,0.03511,1054.0,0.0351,2211.0,0.03512,5.0,0.03516,14.0
1753533471236,12:37:51.236,AVAAI/USDT:USDT,0.03511,1054.0,0.0351,2211.0,0.03512,5.0,0.03516,14.0
1753533473609,12:37:53.609,AVAAI/USDT:USDT,0.03511,1054.0,0.0351,2211.0,0.03512,5.0,0.03516,14.0
1753533473679,12:37:53.679,AVAAI/USDT:USDT,0.03511,1054.0,0.0351,2189.0,0.03512,5.0,0.03516,14.0
1753533473816,12:37:53.816,AVAAI/USDT:USDT,0.03511,774.0,0.0351,2167.0,0.03512,27.0,0.03513,44.0
1753533473885,12:37:53.885,AVAAI/USDT:USDT,0.03511,13.0,0.0351,2167.0,0.03513,44.0,0.03515,2793.0
1753533474001,12:37:54.001,AVAAI/USDT:USDT,0.03511,14.0,0.0351,2167.0,0.03513,44.0,0.03515,2793.0
1753533474133,12:37:54.133,AVAAI/USDT:USDT,0.03511,14.0,0.0351,2167.0,0.03513,22.0,0.03515,2793.0
1753533474167,12:37:54.167,AVAAI/USDT:USDT,0.03511,294.0,0.0351,2167.0,0.03513,22.0,0.03515,2793.0
1753533474241,12:37:54.241,AVAAI/USDT:USDT,0.03511,280.0,0.0351,2150.0,0.03513,22.0,0.03515,2793.0
1753533474348,12:37:54.348,AVAAI/USDT:USDT,0.03511,280.0,0.0351,2150.0,0.03513,22.0,0.03515,2793.0
1753533474778,12:37:54.778,AVAAI/USDT:USDT,0.0351,2150.0,0.03509,1012.0,0.03513,22.0,0.03515,2793.0
1753533474841,12:37:54.841,AVAAI/USDT:USDT,0.03511,31.0,0.0351,2150.0,0.03513,22.0,0.03515,2793.0
1753533475066,12:37:55.066,AVAAI/USDT:USDT,0.03511,31.0,0.0351,2150.0,0.03513,22.0,0.03515,2793.0
1753533475887,12:37:55.887,AVAAI/USDT:USDT,0.03511,31.0,0.0351,2150.0,0.03513,22.0,0.03515,2793.0
1753533476320,12:37:56.320,AVAAI/USDT:USDT,0.03511,31.0,0.0351,2150.0,0.03513,22.0,0.03515,3073.0
1753533476407,12:37:56.407,AVAAI/USDT:USDT,0.03511,31.0,0.0351,2150.0,0.03513,22.0,0.03515,3073.0
1753533477164,12:37:57.164,AVAAI/USDT:USDT,0.03511,31.0,0.0351,2150.0,0.03513,22.0,0.03515,3073.0
1753533479606,12:37:59.606,AVAAI/USDT:USDT,0.03511,311.0,0.0351,2150.0,0.03517,3073.0,0.03518,2139.0
1753533479654,12:37:59.654,AVAAI/USDT:USDT,0.03511,311.0,0.0351,2150.0,0.03517,3073.0,0.03518,2139.0
1753533479929,12:37:59.929,AVAAI/USDT:USDT,0.03511,311.0,0.0351,2150.0,0.03517,3073.0,0.03518,2139.0
1753533480026,12:38:00.026,AVAAI/USDT:USDT,0.03511,311.0,0.0351,2150.0,0.03516,1389.0,0.03517,3073.0
1753533480106,12:38:00.106,AVAAI/USDT:USDT,0.03511,31.0,0.0351,2150.0,0.03516,1389.0,0.03517,3073.0
1753533480216,12:38:00.216,AVAAI/USDT:USDT,0.03511,31.0,0.03509,1012.0,0.03515,3073.0,0.03516,1389.0
1753533480261,12:38:00.261,AVAAI/USDT:USDT,0.0351,31.0,0.03509,1012.0,0.03515,3095.0,0.03516,1389.0
1753533480767,12:38:00.767,AVAAI/USDT:USDT,0.0351,31.0,0.03509,1012.0,0.03515,302.0,0.03516,1389.0
1753533480866,12:38:00.866,AVAAI/USDT:USDT,0.0351,31.0,0.03509,1012.0,0.03515,3095.0,0.03516,1389.0
1753533481002,12:38:01.002,AVAAI/USDT:USDT,0.0351,31.0,0.03509,1012.0,0.03515,4484.0,0.03516,1389.0
1753533481172,12:38:01.172,AVAAI/USDT:USDT,0.0351,31.0,0.03509,732.0,0.03515,4484.0,0.03516,1389.0
1753533482184,12:38:02.184,AVAAI/USDT:USDT,0.0351,31.0,0.03509,732.0,0.03515,4484.0,0.03516,1389.0
1753533482433,12:38:02.433,AVAAI/USDT:USDT,0.03511,3534.0,0.0351,1700.0,0.03517,302.0,0.03518,741.0
1753533482459,12:38:02.459,AVAAI/USDT:USDT,0.03512,31.0,0.03511,3534.0,0.03517,302.0,0.03518,741.0
1753533482570,12:38:02.570,AVAAI/USDT:USDT,0.03512,31.0,0.03511,741.0,0.03517,302.0,0.03518,741.0
1753533482727,12:38:02.727,AVAAI/USDT:USDT,0.03512,31.0,0.03511,741.0,0.03517,302.0,0.03518,741.0
1753533482777,12:38:02.777,AVAAI/USDT:USDT,0.03512,31.0,0.03511,741.0,0.03517,302.0,0.03518,741.0
1753533483242,12:38:03.242,AVAAI/USDT:USDT,0.03512,31.0,0.03511,741.0,0.03517,302.0,0.03518,741.0
1753533483632,12:38:03.632,AVAAI/USDT:USDT,0.03512,31.0,0.03511,741.0,0.03517,3095.0,0.03518,741.0
1753533483677,12:38:03.677,AVAAI/USDT:USDT,0.03512,31.0,0.0351,1669.0,0.03516,1411.0,0.03517,3095.0
1753533483826,12:38:03.826,AVAAI/USDT:USDT,0.03511,31.0,0.0351,1669.0,0.03516,22.0,0.03517,3095.0
1753533483862,12:38:03.862,AVAAI/USDT:USDT,0.03511,31.0,0.0351,1669.0,0.03516,22.0,0.03517,3095.0
1753533484144,12:38:04.144,AVAAI/USDT:USDT,0.03511,31.0,0.0351,1669.0,0.03516,1411.0,0.03517,3095.0
1753533484306,12:38:04.306,AVAAI/USDT:USDT,0.03511,31.0,0.0351,1669.0,0.03515,280.0,0.03516,1411.0
1753533484413,12:38:04.413,AVAAI/USDT:USDT,0.03511,31.0,0.0351,1669.0,0.03515,280.0,0.03516,1411.0
1753533484617,12:38:04.617,AVAAI/USDT:USDT,0.03511,31.0,0.03508,280.0,0.03514,763.0,0.03515,3814.0
1753533484704,12:38:04.704,AVAAI/USDT:USDT,0.03509,31.0,0.03508,280.0,0.03514,785.0,0.03515,3814.0
1753533484870,12:38:04.870,AVAAI/USDT:USDT,0.03509,31.0,0.03508,280.0,0.03514,785.0,0.03515,3814.0
1753533485111,12:38:05.111,AVAAI/USDT:USDT,0.03509,31.0,0.03508,280.0,0.03514,785.0,0.03515,3814.0
1753533485516,12:38:05.516,AVAAI/USDT:USDT,0.03509,31.0,0.03508,280.0,0.03513,280.0,0.03514,785.0
1753533485737,12:38:05.737,AVAAI/USDT:USDT,0.03509,31.0,0.03508,280.0,0.03513,280.0,0.03514,785.0
1753533486216,12:38:06.216,AVAAI/USDT:USDT,0.03509,31.0,0.03508,280.0,0.03514,785.0,0.03515,3814.0
1753533487315,12:38:07.315,AVAAI/USDT:USDT,0.03509,31.0,0.03508,280.0,0.03513,280.0,0.03514,785.0
1753533494401,12:38:14.401,AVAAI/USDT:USDT,0.03509,31.0,0.03508,280.0,0.03514,44.0,0.03515,3814.0
1753533494696,12:38:14.696,AVAAI/USDT:USDT,0.03509,31.0,0.03508,1033.0,0.03514,44.0,0.03515,3814.0
1753533496063,12:38:16.063,AVAAI/USDT:USDT,0.03509,31.0,0.03508,1033.0,0.03513,280.0,0.03514,44.0
1753533497523,12:38:17.523,AVAAI/USDT:USDT,0.03509,31.0,0.03508,1033.0,0.03513,280.0,0.03514,797.0
1753533498627,12:38:18.627,AVAAI/USDT:USDT,0.03509,31.0,0.03508,1033.0,0.03514,797.0,0.03515,3814.0
1753533499624,12:38:19.624,AVAAI/USDT:USDT,0.03509,31.0,0.03508,1033.0,0.03514,797.0,0.03515,3814.0
1753533506577,12:38:26.577,AVAAI/USDT:USDT,0.03509,31.0,0.03508,280.0,0.03513,280.0,0.03514,797.0
1753533507097,12:38:27.097,AVAAI/USDT:USDT,0.03509,31.0,0.03508,280.0,0.03513,280.0,0.03514,797.0
1753533507150,12:38:27.150,AVAAI/USDT:USDT,0.03509,31.0,0.03508,280.0,0.03513,280.0,0.03514,797.0
1753533516562,12:38:36.562,AVAAI/USDT:USDT,0.03509,31.0,0.03508,280.0,0.03513,280.0,0.03514,797.0
1753533518213,12:38:38.213,AVAAI/USDT:USDT,0.03509,31.0,0.03508,280.0,0.03513,280.0,0.03514,797.0
1753533518796,12:38:38.796,AVAAI/USDT:USDT,0.03509,53.0,0.03508,280.0,0.03513,280.0,0.03514,797.0
1753533519427,12:38:39.427,AVAAI/USDT:USDT,0.03509,53.0,0.03508,280.0,0.03513,280.0,0.03514,775.0
1753533525642,12:38:45.642,AVAAI/USDT:USDT,0.03509,53.0,0.03508,280.0,0.03513,280.0,0.03514,775.0
1753533528108,12:38:48.108,AVAAI/USDT:USDT,0.03509,31.0,0.03508,280.0,0.03513,280.0,0.03514,775.0
1753533528134,12:38:48.134,AVAAI/USDT:USDT,0.03509,31.0,0.03508,280.0,0.03513,280.0,0.03514,775.0
1753533530994,12:38:50.994,AVAAI/USDT:USDT,0.03509,31.0,0.03508,280.0,0.03513,280.0,0.03514,775.0
1753533531243,12:38:51.243,AVAAI/USDT:USDT,0.03509,31.0,0.03508,280.0,0.03513,280.0,0.03514,775.0
1753533532061,12:38:52.061,AVAAI/USDT:USDT,0.03509,31.0,0.03508,280.0,0.03513,280.0,0.03514,775.0
1753533533600,12:38:53.600,AVAAI/USDT:USDT,0.03509,31.0,0.03508,3073.0,0.03514,775.0,0.03515,2410.0
1753533535258,12:38:55.258,AVAAI/USDT:USDT,0.03509,53.0,0.03508,280.0,0.03513,280.0,0.03514,775.0
1753533535554,12:38:55.554,AVAAI/USDT:USDT,0.03509,53.0,0.03508,280.0,0.03514,775.0,0.03515,2410.0
1753533535727,12:38:55.727,AVAAI/USDT:USDT,0.03509,53.0,0.03508,280.0,0.03513,280.0,0.03514,775.0
1753533535744,12:38:55.744,AVAAI/USDT:USDT,0.03509,53.0,0.03508,280.0,0.03513,280.0,0.03514,775.0
1753533536048,12:38:56.048,AVAAI/USDT:USDT,0.03509,53.0,0.03508,280.0,0.03514,775.0,0.03515,2410.0
1753533538158,12:38:58.158,AVAAI/USDT:USDT,0.03509,53.0,0.03508,280.0,0.03514,775.0,0.03515,2410.0
1753533538656,12:38:58.656,AVAAI/USDT:USDT,0.03509,53.0,0.03508,280.0,0.03514,775.0,0.03515,2410.0
1753533540431,12:39:00.431,AVAAI/USDT:USDT,0.03509,2846.0,0.03508,1023.0,0.03514,775.0,0.03515,2410.0
1753533540476,12:39:00.476,AVAAI/USDT:USDT,0.03509,2846.0,0.03508,1023.0,0.03514,775.0,0.03515,2410.0
1753533540555,12:39:00.555,AVAAI/USDT:USDT,0.03509,53.0,0.03508,1023.0,0.03514,775.0,0.03515,2410.0
1753533541484,12:39:01.484,AVAAI/USDT:USDT,0.0351,1669.0,0.03509,3578.0,0.03516,1389.0,0.03517,280.0
1753533541551,12:39:01.551,AVAAI/USDT:USDT,0.03511,31.0,0.0351,1669.0,0.03517,280.0,0.03518,2130.0
1753533541786,12:39:01.786,AVAAI/USDT:USDT,0.03511,31.0,0.0351,1669.0,0.03517,3073.0,0.03518,2130.0
1753533541845,12:39:01.845,AVAAI/USDT:USDT,0.03511,31.0,0.0351,1669.0,0.03517,3073.0,0.03518,2130.0
1753533542155,12:39:02.155,AVAAI/USDT:USDT,0.03511,31.0,0.0351,1669.0,0.03517,3073.0,0.03518,2130.0
1753533542479,12:39:02.479,AVAAI/USDT:USDT,0.03511,2824.0,0.0351,1669.0,0.03517,280.0,0.03518,2130.0
1753533542977,12:39:02.977,AVAAI/USDT:USDT,0.03511,2824.0,0.0351,1669.0,0.03517,280.0,0.03518,2130.0
1753533544157,12:39:04.157,AVAAI/USDT:USDT,0.03511,31.0,0.0351,1669.0,0.03517,3073.0,0.03518,2130.0
1753533544631,12:39:04.631,AVAAI/USDT:USDT,0.03511,2824.0,0.0351,1669.0,0.03517,280.0,0.03518,2130.0
1753533544663,12:39:04.663,AVAAI/USDT:USDT,0.03512,280.0,0.03511,2824.0,0.03517,280.0,0.03518,2130.0
1753533544751,12:39:04.751,AVAAI/USDT:USDT,0.03513,31.0,0.03512,280.0,0.03517,324.0,0.03518,2130.0
1753533544997,12:39:04.997,AVAAI/USDT:USDT,0.03513,31.0,0.03512,280.0,0.03517,324.0,0.03518,2130.0
1753533545813,12:39:05.813,AVAAI/USDT:USDT,0.03513,31.0,0.03512,280.0,0.03517,324.0,0.03518,2130.0
1753533547295,12:39:07.295,AVAAI/USDT:USDT,0.03513,75.0,0.03512,280.0,0.03517,324.0,0.03518,2130.0
1753533548164,12:39:08.164,AVAAI/USDT:USDT,0.03513,75.0,0.03512,280.0,0.03517,324.0,0.03518,2130.0
1753533548330,12:39:08.330,AVAAI/USDT:USDT,0.03513,75.0,0.03512,1669.0,0.03517,22.0,0.03518,741.0
1753533550177,12:39:10.177,AVAAI/USDT:USDT,0.03513,75.0,0.03512,1669.0,0.03517,302.0,0.03518,741.0
1753533550591,12:39:10.591,AVAAI/USDT:USDT,0.03513,75.0,0.03512,1669.0,0.03517,22.0,0.03518,741.0
1753533550635,12:39:10.635,AVAAI/USDT:USDT,0.03513,75.0,0.03512,1669.0,0.03517,22.0,0.03518,741.0
1753533551668,12:39:11.668,AVAAI/USDT:USDT,0.03513,75.0,0.03512,1669.0,0.03517,22.0,0.03518,741.0
1753533552578,12:39:12.578,AVAAI/USDT:USDT,0.03513,75.0,0.03512,1669.0,0.03519,285.0,0.0352,752.0
1753533552687,12:39:12.687,AVAAI/USDT:USDT,0.03513,1464.0,0.03512,1669.0,0.03519,285.0,0.0352,752.0
1753533552831,12:39:12.831,AVAAI/USDT:USDT,0.03513,1464.0,0.03512,1669.0,0.03519,285.0,0.0352,752.0
1753533552888,12:39:12.888,AVAAI/USDT:USDT,0.03513,1464.0,0.03512,1669.0,0.03519,285.0,0.0352,752.0
1753533552947,12:39:12.947,AVAAI/USDT:USDT,0.03513,1464.0,0.03512,1669.0,0.03519,285.0,0.0352,752.0
1753533553069,12:39:13.069,AVAAI/USDT:USDT,0.03513,1464.0,0.03512,1669.0,0.03519,285.0,0.0352,752.0
1753533553891,12:39:13.891,AVAAI/USDT:USDT,0.03513,1464.0,0.03512,1669.0,0.03519,285.0,0.0352,752.0
1753533553963,12:39:13.963,AVAAI/USDT:USDT,0.03513,1464.0,0.03512,1669.0,0.03519,285.0,0.0352,752.0
1753533554310,12:39:14.310,AVAAI/USDT:USDT,0.03513,1464.0,0.03512,1669.0,0.03519,285.0,0.0352,752.0
1753533555231,12:39:15.231,AVAAI/USDT:USDT,0.03513,75.0,0.03512,280.0,0.03519,285.0,0.0352,752.0
1753533555261,12:39:15.261,AVAAI/USDT:USDT,0.03513,53.0,0.03512,280.0,0.03517,324.0,0.03518,2150.0
1753533555335,12:39:15.335,AVAAI/USDT:USDT,0.03513,53.0,0.03512,280.0,0.03517,324.0,0.03518,2150.0
1753533555529,12:39:15.529,AVAAI/USDT:USDT,0.03513,53.0,0.03512,280.0,0.03517,324.0,0.03518,2150.0
1753533555950,12:39:15.950,AVAAI/USDT:USDT,0.03513,75.0,0.03512,280.0,0.03517,324.0,0.03518,2150.0
1753533556729,12:39:16.729,AVAAI/USDT:USDT,0.03514,761.0,0.03513,5018.0,0.03519,285.0,0.03521,5214.0
1753533556813,12:39:16.813,AVAAI/USDT:USDT,0.03515,75.0,0.03514,1041.0,0.03519,285.0,0.03521,5214.0
1753533557487,12:39:17.487,AVAAI/USDT:USDT,0.03515,75.0,0.03514,1041.0,0.03519,307.0,0.03521,5214.0
1753533558270,12:39:18.270,AVAAI/USDT:USDT,0.03515,75.0,0.03514,1041.0,0.03519,329.0,0.03521,5214.0
1753533558388,12:39:18.388,AVAAI/USDT:USDT,0.03515,75.0,0.03514,1041.0,0.03519,329.0,0.03521,5214.0
1753533559932,12:39:19.932,AVAAI/USDT:USDT,0.03515,75.0,0.03514,1041.0,0.03519,49.0,0.03521,5214.0
1753533560857,12:39:20.857,AVAAI/USDT:USDT,0.03515,75.0,0.03514,1041.0,0.03519,49.0,0.03521,5214.0
1753533561088,12:39:21.088,AVAAI/USDT:USDT,0.03515,75.0,0.03514,1041.0,0.03519,49.0,0.03521,5214.0
1753533561372,12:39:21.372,AVAAI/USDT:USDT,0.03515,31.0,0.03514,280.0,0.03519,49.0,0.03521,5214.0
1753533561441,12:39:21.441,AVAAI/USDT:USDT,0.03515,31.0,0.03514,280.0,0.03519,786.0,0.03521,5214.0
1753533564391,12:39:24.391,AVAAI/USDT:USDT,0.03515,31.0,0.03513,4182.0,0.03518,280.0,0.03519,786.0
1753533564470,12:39:24.470,AVAAI/USDT:USDT,0.03514,31.0,0.03512,2430.0,0.03518,280.0,0.03519,786.0
1753533564541,12:39:24.541,AVAAI/USDT:USDT,0.03513,31.0,0.03512,2430.0,0.03518,280.0,0.03519,786.0
1753533564681,12:39:24.681,AVAAI/USDT:USDT,0.03513,31.0,0.03512,2430.0,0.03518,280.0,0.03519,786.0
1753533564826,12:39:24.826,AVAAI/USDT:USDT,0.03513,31.0,0.03512,2430.0,0.03518,280.0,0.03519,786.0
1753533565026,12:39:25.026,AVAAI/USDT:USDT,0.03513,4213.0,0.03512,2430.0,0.03518,280.0,0.03519,786.0
1753533566895,12:39:26.895,AVAAI/USDT:USDT,0.03513,1420.0,0.03512,2430.0,0.03518,280.0,0.03519,786.0
1753533567276,12:39:27.276,AVAAI/USDT:USDT,0.03513,1420.0,0.03512,2430.0,0.03518,280.0,0.03519,786.0
1753533568562,12:39:28.562,AVAAI/USDT:USDT,0.03513,1420.0,0.03512,2430.0,0.03518,280.0,0.03519,786.0
1753533568713,12:39:28.713,AVAAI/USDT:USDT,0.03513,31.0,0.03512,2430.0,0.03518,280.0,0.03519,786.0
1753533568751,12:39:28.751,AVAAI/USDT:USDT,0.03513,31.0,0.03512,2430.0,0.03518,280.0,0.03519,786.0
1753533570035,12:39:30.035,AVAAI/USDT:USDT,0.03513,31.0,0.03512,2430.0,0.03518,281.0,0.03519,786.0
1753533570288,12:39:30.288,AVAAI/USDT:USDT,0.03513,31.0,0.03512,1041.0,0.03518,1017.0,0.03519,786.0
1753533570621,12:39:30.621,AVAAI/USDT:USDT,0.03513,31.0,0.03512,2430.0,0.03518,1017.0,0.03519,786.0
1753533571655,12:39:31.655,AVAAI/USDT:USDT,0.03513,1420.0,0.03512,2430.0,0.03518,1017.0,0.03519,786.0
1753533577385,12:39:37.385,AVAAI/USDT:USDT,0.03513,31.0,0.03512,2430.0,0.03518,1017.0,0.03519,786.0
1753533577875,12:39:37.875,AVAAI/USDT:USDT,0.03513,1420.0,0.03512,2430.0,0.03518,1017.0,0.03519,786.0
1753533581006,12:39:41.006,AVAAI/USDT:USDT,0.03513,4213.0,0.03512,2430.0,0.03518,1017.0,0.03519,786.0
1753533581722,12:39:41.722,AVAAI/USDT:USDT,0.03513,4213.0,0.03512,2430.0,0.03518,280.0,0.03519,786.0
1753533581757,12:39:41.757,AVAAI/USDT:USDT,0.03514,280.0,0.03513,4213.0,0.03519,27.0,0.03521,5214.0
1753533581850,12:39:41.850,AVAAI/USDT:USDT,0.03515,53.0,0.03514,280.0,0.03519,27.0,0.03521,5214.0
1753533582025,12:39:42.025,AVAAI/USDT:USDT,0.03515,53.0,0.03514,280.0,0.03519,49.0,0.03521,5214.0
1753533582079,12:39:42.079,AVAAI/USDT:USDT,0.03515,75.0,0.03514,280.0,0.03519,49.0,0.03521,5214.0
1753533582399,12:39:42.399,AVAAI/USDT:USDT,0.03515,75.0,0.03513,4182.0,0.03518,280.0,0.03519,49.0
1753533582943,12:39:42.943,AVAAI/USDT:USDT,0.03515,75.0,0.03513,4182.0,0.03518,280.0,0.03519,49.0
1753533584162,12:39:44.162,AVAAI/USDT:USDT,0.03515,75.0,0.03514,280.0,0.03518,280.0,0.03519,49.0
1753533584962,12:39:44.962,AVAAI/USDT:USDT,0.03515,75.0,0.03514,280.0,0.03518,280.0,0.03519,49.0
1753533585251,12:39:45.251,AVAAI/USDT:USDT,0.03515,75.0,0.03514,280.0,0.03519,329.0,0.0352,735.0
1753533586133,12:39:46.133,AVAAI/USDT:USDT,0.03515,53.0,0.03514,280.0,0.03519,329.0,0.0352,735.0
1753533586180,12:39:46.180,AVAAI/USDT:USDT,0.03515,53.0,0.03514,280.0,0.03519,329.0,0.0352,735.0
1753533588450,12:39:48.450,AVAAI/USDT:USDT,0.03515,31.0,0.03513,4182.0,0.03519,329.0,0.0352,735.0
1753533588541,12:39:48.541,AVAAI/USDT:USDT,0.03514,31.0,0.03513,4182.0,0.03519,329.0,0.0352,735.0
1753533588887,12:39:48.887,AVAAI/USDT:USDT,0.03514,31.0,0.03513,4182.0,0.03519,329.0,0.0352,735.0
1753533589007,12:39:49.007,AVAAI/USDT:USDT,0.03514,31.0,0.03513,4182.0,0.03519,329.0,0.0352,735.0
1753533589304,12:39:49.304,AVAAI/USDT:USDT,0.03514,31.0,0.03513,1389.0,0.03519,329.0,0.0352,735.0
1753533589525,12:39:49.525,AVAAI/USDT:USDT,0.03514,31.0,0.03513,4182.0,0.03519,329.0,0.0352,735.0
1753533590289,12:39:50.289,AVAAI/USDT:USDT,0.03514,31.0,0.03513,4182.0,0.03519,329.0,0.0352,735.0
1753533590430,12:39:50.430,AVAAI/USDT:USDT,0.03514,31.0,0.03512,280.0,0.03517,280.0,0.03518,735.0
1753533590451,12:39:50.451,AVAAI/USDT:USDT,0.03513,31.0,0.03512,280.0,0.03517,324.0,0.03518,735.0
1753533590695,12:39:50.695,AVAAI/USDT:USDT,0.03513,31.0,0.03512,280.0,0.03517,324.0,0.03518,735.0
1753533591832,12:39:51.832,AVAAI/USDT:USDT,0.03513,31.0,0.03511,2793.0,0.03517,324.0,0.03518,735.0
1753533591842,12:39:51.842,AVAAI/USDT:USDT,0.03512,31.0,0.03511,2793.0,0.03517,324.0,0.03518,735.0
1753533592333,12:39:52.333,AVAAI/USDT:USDT,0.03512,31.0,0.03511,2793.0,0.03517,324.0,0.03518,735.0
1753533592335,12:39:52.335,AVAAI/USDT:USDT,0.03512,31.0,0.0351,1669.0,0.03517,324.0,0.03518,735.0
1753533592491,12:39:52.491,AVAAI/USDT:USDT,0.03511,31.0,0.0351,1669.0,0.03516,1389.0,0.03517,324.0
1753533592686,12:39:52.686,AVAAI/USDT:USDT,0.03511,2824.0,0.0351,1669.0,0.03516,1389.0,0.03517,324.0
1753533594097,12:39:54.097,AVAAI/USDT:USDT,0.03511,31.0,0.0351,1669.0,0.03516,1389.0,0.03517,1713.0
1753533594145,12:39:54.145,AVAAI/USDT:USDT,0.03511,31.0,0.0351,1669.0,0.03516,1389.0,0.03517,1713.0
1753533594466,12:39:54.466,AVAAI/USDT:USDT,0.03511,31.0,0.0351,1669.0,0.03515,324.0,0.03516,1389.0
1753533594927,12:39:54.927,AVAAI/USDT:USDT,0.03511,31.0,0.03508,1023.0,0.03515,1056.0,0.03516,4182.0
1753533594995,12:39:54.995,AVAAI/USDT:USDT,0.03509,2824.0,0.03508,1023.0,0.03515,1056.0,0.03516,4182.0
1753533595040,12:39:55.040,AVAAI/USDT:USDT,0.03509,2824.0,0.03508,1023.0,0.03515,1056.0,0.03516,4182.0
1753533595871,12:39:55.871,AVAAI/USDT:USDT,0.03509,2824.0,0.03508,1023.0,0.03515,1056.0,0.03516,4182.0
1753533598806,12:39:58.806,AVAAI/USDT:USDT,0.03509,2824.0,0.03508,1023.0,0.03515,1056.0,0.03516,1389.0
1753533598846,12:39:58.846,AVAAI/USDT:USDT,0.0351,280.0,0.03509,2824.0,0.03515,324.0,0.03516,1389.0
1753533599016,12:39:59.016,AVAAI/USDT:USDT,0.03511,31.0,0.0351,280.0,0.03515,324.0,0.03516,4182.0
1753533599132,12:39:59.132,AVAAI/USDT:USDT,0.03511,53.0,0.0351,1669.0,0.03515,324.0,0.03516,1389.0
1753533599231,12:39:59.231,AVAAI/USDT:USDT,0.03511,75.0,0.0351,1669.0,0.03516,1389.0,0.03517,1669.0
1753533599287,12:39:59.287,AVAAI/USDT:USDT,0.03511,75.0,0.0351,1669.0,0.03516,1389.0,0.03517,1669.0
1753533599800,12:39:59.800,AVAAI/USDT:USDT,0.03511,53.0,0.0351,1669.0,0.03515,324.0,0.03516,1389.0
1753533599865,12:39:59.865,AVAAI/USDT:USDT,0.03511,31.0,0.0351,1669.0,0.03515,324.0,0.03516,1389.0
1753533600302,12:40:00.302,AVAAI/USDT:USDT,0.03511,31.0,0.0351,1669.0,0.03515,324.0,0.03516,1389.0
1753533600466,12:40:00.466,AVAAI/USDT:USDT,0.03511,31.0,0.0351,1669.0,0.03515,324.0,0.03516,1389.0
1753533600716,12:40:00.716,AVAAI/USDT:USDT,0.03511,31.0,0.0351,1669.0,0.03515,324.0,0.03516,1389.0
1753533601131,12:40:01.131,AVAAI/USDT:USDT,0.03511,31.0,0.0351,1669.0,0.03515,324.0,0.03516,1389.0
1753533601546,12:40:01.546,AVAAI/USDT:USDT,0.03511,31.0,0.0351,1669.0,0.03515,324.0,0.03516,1389.0
1753533602718,12:40:02.718,AVAAI/USDT:USDT,0.03511,2864.0,0.0351,1669.0,0.03517,280.0,0.03518,2124.0
1753533602799,12:40:02.799,AVAAI/USDT:USDT,0.03511,2864.0,0.0351,1669.0,0.03517,280.0,0.03518,2124.0
1753533602907,12:40:02.907,AVAAI/USDT:USDT,0.03511,2864.0,0.0351,1669.0,0.03517,280.0,0.03518,2124.0
1753533603169,12:40:03.169,AVAAI/USDT:USDT,0.03511,2864.0,0.0351,1669.0,0.03517,280.0,0.03518,2124.0
1753533603262,12:40:03.262,AVAAI/USDT:USDT,0.03511,71.0,0.0351,1669.0,0.03517,3073.0,0.03518,2124.0
1753533603858,12:40:03.858,AVAAI/USDT:USDT,0.03511,2864.0,0.0351,1669.0,0.03517,280.0,0.03518,2124.0
1753533604091,12:40:04.091,AVAAI/USDT:USDT,0.03511,2864.0,0.0351,1669.0,0.03517,280.0,0.03518,2124.0
1753533604834,12:40:04.834,AVAAI/USDT:USDT,0.03511,2864.0,0.0351,1669.0,0.03517,281.0,0.03518,2124.0
1753533605019,12:40:05.019,AVAAI/USDT:USDT,0.03511,71.0,0.0351,1669.0,0.03517,281.0,0.03518,2124.0
1753533605071,12:40:05.071,AVAAI/USDT:USDT,0.03511,71.0,0.0351,1669.0,0.03516,1389.0,0.03517,280.0
1753533605295,12:40:05.295,AVAAI/USDT:USDT,0.03511,71.0,0.0351,1669.0,0.03516,1389.0,0.03517,1042.0
1753533605993,12:40:05.993,AVAAI/USDT:USDT,0.03511,71.0,0.0351,1669.0,0.03516,1389.0,0.03517,1042.0
1753533606676,12:40:06.676,AVAAI/USDT:USDT,0.03511,71.0,0.0351,1669.0,0.03517,1042.0,0.03518,2124.0
1753533606833,12:40:06.833,AVAAI/USDT:USDT,0.03511,71.0,0.0351,1669.0,0.03517,1043.0,0.03518,2124.0
1753533606975,12:40:06.975,AVAAI/USDT:USDT,0.03511,71.0,0.0351,1669.0,0.03516,1389.0,0.03517,1043.0
1753533607036,12:40:07.036,AVAAI/USDT:USDT,0.03511,71.0,0.0351,1669.0,0.03516,1389.0,0.03517,1042.0
1753533607230,12:40:07.230,AVAAI/USDT:USDT,0.03511,2864.0,0.0351,1669.0,0.03515,20.0,0.03517,1042.0
1753533607237,12:40:07.237,AVAAI/USDT:USDT,0.03511,2864.0,0.0351,1669.0,0.03517,1042.0,0.03518,2124.0
1753533607434,12:40:07.434,AVAAI/USDT:USDT,0.03511,2864.0,0.0351,1669.0,0.03517,1043.0,0.03518,2124.0
1753533608235,12:40:08.235,AVAAI/USDT:USDT,0.03511,2864.0,0.0351,1669.0,0.03517,1042.0,0.03518,2124.0
1753533608337,12:40:08.337,AVAAI/USDT:USDT,0.03511,2864.0,0.0351,1669.0,0.03517,1043.0,0.03518,2124.0
1753533609020,12:40:09.020,AVAAI/USDT:USDT,0.03511,71.0,0.0351,1669.0,0.03515,20.0,0.03516,1389.0
1753533609133,12:40:09.133,AVAAI/USDT:USDT,0.03511,71.0,0.0351,1669.0,0.03515,20.0,0.03516,1389.0
1753533609180,12:40:09.180,AVAAI/USDT:USDT,0.03511,71.0,0.0351,1669.0,0.03515,20.0,0.03516,1389.0
1753533609665,12:40:09.665,AVAAI/USDT:USDT,0.03511,71.0,0.0351,1669.0,0.03515,20.0,0.03516,1389.0
1753533610046,12:40:10.046,AVAAI/USDT:USDT,0.03511,71.0,0.0351,1669.0,0.03515,20.0,0.03516,1389.0
1753533612018,12:40:12.018,AVAAI/USDT:USDT,0.03511,71.0,0.0351,1669.0,0.03515,40.0,0.03516,1389.0
1753533613716,12:40:13.716,AVAAI/USDT:USDT,0.03511,2864.0,0.0351,1669.0,0.03517,280.0,0.03518,2124.0
1753533613833,12:40:13.833,AVAAI/USDT:USDT,0.03511,2864.0,0.0351,1669.0,0.03517,281.0,0.03518,2124.0
1753533614031,12:40:14.031,AVAAI/USDT:USDT,0.03511,71.0,0.0351,280.0,0.03515,280.0,0.03517,3074.0
1753533614129,12:40:14.129,AVAAI/USDT:USDT,0.03511,71.0,0.0351,1669.0,0.03516,1389.0,0.03517,281.0
1753533614135,12:40:14.135,AVAAI/USDT:USDT,0.03511,71.0,0.0351,1669.0,0.03516,1389.0,0.03517,280.0
1753533614344,12:40:14.344,AVAAI/USDT:USDT,0.03511,2864.0,0.0351,1669.0,0.03517,280.0,0.03518,2124.0
1753533614624,12:40:14.624,AVAAI/USDT:USDT,0.03511,2864.0,0.0351,1669.0,0.03517,280.0,0.03518,2124.0
1753533614634,12:40:14.634,AVAAI/USDT:USDT,0.03511,2864.0,0.0351,1669.0,0.03517,281.0,0.03518,2124.0
1753533615135,12:40:15.135,AVAAI/USDT:USDT,0.03511,2864.0,0.0351,1669.0,0.03517,280.0,0.03518,2124.0
1753533615434,12:40:15.434,AVAAI/USDT:USDT,0.03511,2864.0,0.0351,1669.0,0.03517,281.0,0.03518,2124.0
1753533616240,12:40:16.240,AVAAI/USDT:USDT,0.03511,2864.0,0.0351,1669.0,0.03517,280.0,0.03518,2124.0
1753533616534,12:40:16.534,AVAAI/USDT:USDT,0.03511,2864.0,0.0351,1669.0,0.03517,281.0,0.03518,2124.0
1753533618234,12:40:18.234,AVAAI/USDT:USDT,0.03511,2864.0,0.0351,1669.0,0.03517,280.0,0.03518,2124.0
1753533618434,12:40:18.434,AVAAI/USDT:USDT,0.03511,2864.0,0.0351,1669.0,0.03517,281.0,0.03518,2124.0
1753533624132,12:40:24.132,AVAAI/USDT:USDT,0.03512,280.0,0.03511,2864.0,0.03517,280.0,0.03518,735.0
1753533624213,12:40:24.213,AVAAI/USDT:USDT,0.03513,4213.0,0.03512,2405.0,0.03519,285.0,0.0352,735.0
1753533624335,12:40:24.335,AVAAI/USDT:USDT,0.03513,4213.0,0.03512,2405.0,0.03519,286.0,0.0352,735.0
1753533624594,12:40:24.594,AVAAI/USDT:USDT,0.03513,1420.0,0.03512,2405.0,0.03519,285.0,0.0352,735.0
1753533624833,12:40:24.833,AVAAI/USDT:USDT,0.03513,1420.0,0.03512,2405.0,0.03519,285.0,0.0352,735.0
1753533625013,12:40:25.013,AVAAI/USDT:USDT,0.03513,4213.0,0.03512,2405.0,0.03519,286.0,0.0352,735.0
1753533625358,12:40:25.358,AVAAI/USDT:USDT,0.03513,4213.0,0.03512,2405.0,0.03519,286.0,0.0352,735.0
1753533625475,12:40:25.475,AVAAI/USDT:USDT,0.03513,1420.0,0.03512,2405.0,0.03519,286.0,0.0352,735.0
1753533625954,12:40:25.954,AVAAI/USDT:USDT,0.03513,4213.0,0.03512,2405.0,0.03519,286.0,0.0352,735.0
1753533626735,12:40:26.735,AVAAI/USDT:USDT,0.03513,4213.0,0.03512,2405.0,0.03519,285.0,0.0352,735.0
1753533627133,12:40:27.133,AVAAI/USDT:USDT,0.03513,4213.0,0.03512,2405.0,0.03519,286.0,0.0352,735.0
1753533627233,12:40:27.233,AVAAI/USDT:USDT,0.03513,4213.0,0.03512,2405.0,0.03519,285.0,0.0352,735.0
1753533627635,12:40:27.635,AVAAI/USDT:USDT,0.03513,4213.0,0.03512,2405.0,0.03519,286.0,0.0352,735.0
1753533627834,12:40:27.834,AVAAI/USDT:USDT,0.03513,4213.0,0.03512,2405.0,0.03519,286.0,0.0352,735.0
1753533628033,12:40:28.033,AVAAI/USDT:USDT,0.03513,4213.0,0.03512,2405.0,0.03519,286.0,0.0352,735.0
1753533628058,12:40:28.058,AVAAI/USDT:USDT,0.03513,51.0,0.03512,280.0,0.03517,320.0,0.03518,736.0
1753533628238,12:40:28.238,AVAAI/USDT:USDT,0.03513,51.0,0.03512,280.0,0.03517,320.0,0.03518,736.0
1753533629054,12:40:29.054,AVAAI/USDT:USDT,0.03513,51.0,0.03512,280.0,0.03517,320.0,0.03518,736.0
1753533629468,12:40:29.468,AVAAI/USDT:USDT,0.03513,51.0,0.03512,280.0,0.03517,320.0,0.03518,736.0
1753533629731,12:40:29.731,AVAAI/USDT:USDT,0.03513,71.0,0.03512,1669.0,0.03517,40.0,0.03518,736.0
1753533630647,12:40:30.647,AVAAI/USDT:USDT,0.03513,1460.0,0.03512,1669.0,0.03517,20.0,0.03518,736.0
1753533631018,12:40:31.018,AVAAI/USDT:USDT,0.03513,1460.0,0.03512,1669.0,0.03519,285.0,0.0352,735.0
1753533631085,12:40:31.085,AVAAI/USDT:USDT,0.03513,1460.0,0.03512,1669.0,0.03519,285.0,0.0352,735.0
1753533631186,12:40:31.186,AVAAI/USDT:USDT,0.03513,4253.0,0.03512,1669.0,0.03519,286.0,0.0352,735.0
1753533631535,12:40:31.535,AVAAI/USDT:USDT,0.03513,4253.0,0.03512,1669.0,0.03519,285.0,0.0352,735.0
1753533631634,12:40:31.634,AVAAI/USDT:USDT,0.03513,4253.0,0.03512,1669.0,0.03519,286.0,0.0352,735.0
1753533632303,12:40:32.303,AVAAI/USDT:USDT,0.03513,4253.0,0.03512,1669.0,0.03519,286.0,0.0352,735.0
1753533632866,12:40:32.866,AVAAI/USDT:USDT,0.03513,4253.0,0.03512,1669.0,0.03519,286.0,0.0352,735.0
1753533632951,12:40:32.951,AVAAI/USDT:USDT,0.03513,4253.0,0.03512,1669.0,0.03519,286.0,0.0352,735.0
1753533633110,12:40:33.110,AVAAI/USDT:USDT,0.03513,4253.0,0.03512,1669.0,0.03519,286.0,0.0352,735.0
1753533633433,12:40:33.433,AVAAI/USDT:USDT,0.03513,4253.0,0.03512,1669.0,0.03519,285.0,0.0352,735.0
1753533633438,12:40:33.438,AVAAI/USDT:USDT,0.03513,4253.0,0.03512,1669.0,0.03519,285.0,0.0352,735.0
1753533633820,12:40:33.820,AVAAI/USDT:USDT,0.03514,1025.0,0.03513,4253.0,0.03519,5.0,0.0352,735.0
1753533633922,12:40:33.922,AVAAI/USDT:USDT,0.03515,71.0,0.03514,1025.0,0.03519,5.0,0.03521,2421.0
1753533633982,12:40:33.982,AVAAI/USDT:USDT,0.03515,71.0,0.03514,1025.0,0.03519,5.0,0.03521,2421.0
1753533634050,12:40:34.050,AVAAI/USDT:USDT,0.03515,71.0,0.03514,1025.0,0.03519,5.0,0.03521,2421.0
1753533634426,12:40:34.426,AVAAI/USDT:USDT,0.03515,71.0,0.03514,1025.0,0.03519,5.0,0.03521,2421.0
1753533634511,12:40:34.511,AVAAI/USDT:USDT,0.03516,1669.0,0.03515,3609.0,0.03519,5.0,0.03522,2144.0
1753533634603,12:40:34.603,AVAAI/USDT:USDT,0.03517,71.0,0.03516,1709.0,0.03519,5.0,0.03522,2144.0
1753533634640,12:40:34.640,AVAAI/USDT:USDT,0.03517,40.0,0.03516,1709.0,0.03519,5.0,0.03522,2144.0
1753533634845,12:40:34.845,AVAAI/USDT:USDT,0.03517,40.0,0.03516,1709.0,0.03519,5.0,0.03522,2144.0
1753533635144,12:40:35.144,AVAAI/USDT:USDT,0.03517,40.0,0.03516,1709.0,0.03519,5.0,0.03522,2144.0
1753533635873,12:40:35.873,AVAAI/USDT:USDT,0.03517,40.0,0.03516,1709.0,0.03519,5.0,0.03521,280.0
1753533636996,12:40:36.996,AVAAI/USDT:USDT,0.03517,40.0,0.03516,320.0,0.03519,5.0,0.03521,280.0
1753533637089,12:40:37.089,AVAAI/USDT:USDT,0.03515,2833.0,0.03514,1025.0,0.03519,5.0,0.0352,20.0
1753533637145,12:40:37.145,AVAAI/USDT:USDT,0.03516,31.0,0.03515,2833.0,0.03519,5.0,0.0352,20.0
1753533637692,12:40:37.692,AVAAI/USDT:USDT,0.03516,31.0,0.03515,40.0,0.03519,25.0,0.0352,20.0
1753533638023,12:40:38.023,AVAAI/USDT:USDT,0.03516,31.0,0.03515,40.0,0.03519,25.0,0.0352,20.0
1753533638726,12:40:38.726,AVAAI/USDT:USDT,0.03516,31.0,0.03515,2833.0,0.03519,25.0,0.0352,20.0
1753533640033,12:40:40.033,AVAAI/USDT:USDT,0.03516,31.0,0.03515,40.0,0.03519,25.0,0.0352,20.0
1753533642726,12:40:42.726,AVAAI/USDT:USDT,0.03516,31.0,0.03515,40.0,0.03519,25.0,0.0352,20.0
1753533642876,12:40:42.876,AVAAI/USDT:USDT,0.03516,31.0,0.03515,2833.0,0.03519,25.0,0.0352,20.0
1753533643060,12:40:43.060,AVAAI/USDT:USDT,0.03516,31.0,0.03515,2833.0,0.03519,25.0,0.0352,20.0
1753533644015,12:40:44.015,AVAAI/USDT:USDT,0.03516,31.0,0.03515,2833.0,0.03519,25.0,0.0352,20.0
1753533644119,12:40:44.119,AVAAI/USDT:USDT,0.03516,31.0,0.03515,2833.0,0.03519,5.0,0.0352,20.0
1753533644215,12:40:44.215,AVAAI/USDT:USDT,0.03516,1700.0,0.03515,2833.0,0.03519,5.0,0.03521,280.0
1753533644282,12:40:44.282,AVAAI/USDT:USDT,0.03516,1700.0,0.03515,2833.0,0.03519,5.0,0.03522,2144.0
1753533644431,12:40:44.431,AVAAI/USDT:USDT,0.03516,1700.0,0.03515,2833.0,0.03519,5.0,0.03522,755.0
1753533644990,12:40:44.990,AVAAI/USDT:USDT,0.03516,1700.0,0.03515,2833.0,0.03519,5.0,0.03521,280.0
1753533646162,12:40:46.162,AVAAI/USDT:USDT,0.03516,1700.0,0.03515,2833.0,0.03519,5.0,0.03521,280.0
1753533651124,12:40:51.124,AVAAI/USDT:USDT,0.03516,1700.0,0.03515,2833.0,0.03519,5.0,0.03521,280.0
1753533651144,12:40:51.144,AVAAI/USDT:USDT,0.03516,1700.0,0.03515,2833.0,0.03519,5.0,0.03521,280.0
1753533655735,12:40:55.735,AVAAI/USDT:USDT,0.03516,1700.0,0.03515,2833.0,0.03519,5.0,0.03521,280.0
1753533662326,12:41:02.326,AVAAI/USDT:USDT,0.03516,1700.0,0.03515,40.0,0.03519,5.0,0.03521,280.0
1753533662338,12:41:02.338,AVAAI/USDT:USDT,0.03516,1700.0,0.03515,40.0,0.03519,45.0,0.03521,280.0
1753533662460,12:41:02.460,AVAAI/USDT:USDT,0.03516,1700.0,0.03515,793.0,0.03519,45.0,0.03521,280.0
1753533664293,12:41:04.293,AVAAI/USDT:USDT,0.03516,31.0,0.03515,773.0,0.03519,45.0,0.03521,3073.0
1753533664737,12:41:04.737,AVAAI/USDT:USDT,0.03516,31.0,0.03515,773.0,0.03519,45.0,0.03521,3073.0
1753533666185,12:41:06.185,AVAAI/USDT:USDT,0.03516,31.0,0.03515,773.0,0.03519,45.0,0.03521,4462.0
1753533666811,12:41:06.811,AVAAI/USDT:USDT,0.03516,31.0,0.03514,1025.0,0.03519,45.0,0.03521,4462.0
1753533666842,12:41:06.842,AVAAI/USDT:USDT,0.03515,31.0,0.03514,1025.0,0.03519,45.0,0.03521,4462.0
1753533667435,12:41:07.435,AVAAI/USDT:USDT,0.03515,31.0,0.03514,1025.0,0.03519,45.0,0.03521,1669.0
1753533667671,12:41:07.671,AVAAI/USDT:USDT,0.03515,31.0,0.03514,1025.0,0.03519,45.0,0.03521,4462.0
1753533668746,12:41:08.746,AVAAI/USDT:USDT,0.03515,31.0,0.03514,1025.0,0.03519,45.0,0.03521,4462.0
1753533673287,12:41:13.287,AVAAI/USDT:USDT,0.03515,31.0,0.03514,1025.0,0.03519,45.0,0.03521,4462.0
1753533674471,12:41:14.471,AVAAI/USDT:USDT,0.03515,51.0,0.03514,1025.0,0.03519,45.0,0.03521,3073.0
1753533677964,12:41:17.964,AVAAI/USDT:USDT,0.03515,51.0,0.03514,1025.0,0.03519,45.0,0.03521,3073.0
1753533682332,12:41:22.332,AVAAI/USDT:USDT,0.03515,31.0,0.03514,1025.0,0.03519,45.0,0.03521,4462.0
1753533682373,12:41:22.373,AVAAI/USDT:USDT,0.03515,31.0,0.03513,1389.0,0.03519,45.0,0.03521,4462.0
1753533682515,12:41:22.515,AVAAI/USDT:USDT,0.03514,31.0,0.03513,4182.0,0.03519,45.0,0.03521,4462.0
1753533682831,12:41:22.831,AVAAI/USDT:USDT,0.03514,311.0,0.03513,4182.0,0.03519,45.0,0.03521,4462.0
1753533684719,12:41:24.719,AVAAI/USDT:USDT,0.03514,1058.0,0.03513,4182.0,0.03519,25.0,0.03521,280.0
1753533684818,12:41:24.818,AVAAI/USDT:USDT,0.03514,1058.0,0.03513,4182.0,0.03519,5.0,0.03521,280.0
1753533685011,12:41:25.011,AVAAI/USDT:USDT,0.03514,1058.0,0.03513,4182.0,0.03519,5.0,0.03521,4462.0
1753533685067,12:41:25.067,AVAAI/USDT:USDT,0.03514,1058.0,0.03513,4182.0,0.03519,5.0,0.03521,3073.0
1753533687822,12:41:27.822,AVAAI/USDT:USDT,0.03515,767.0,0.03514,1058.0,0.03519,45.0,0.03521,3073.0
1753533687841,12:41:27.841,AVAAI/USDT:USDT,0.03516,31.0,0.03515,767.0,0.03519,45.0,0.03521,3073.0
1753533688216,12:41:28.216,AVAAI/USDT:USDT,0.03516,31.0,0.03515,767.0,0.03519,45.0,0.03521,3073.0
1753533694332,12:41:34.332,AVAAI/USDT:USDT,0.03516,31.0,0.03513,2793.0,0.03519,784.0,0.0352,1669.0
1753533694411,12:41:34.411,AVAAI/USDT:USDT,0.03508,1023.0,0.03507,4914.0,0.03515,739.0,0.03516,2408.0
1753533694498,12:41:34.498,AVAAI/USDT:USDT,0.03509,4.0,0.03508,1023.0,0.03514,29.0,0.03515,739.0
1753533694600,12:41:34.600,AVAAI/USDT:USDT,0.03509,4.0,0.03508,1023.0,0.03514,29.0,0.03515,740.0
1753533694723,12:41:34.723,AVAAI/USDT:USDT,0.03509,4.0,0.03508,1023.0,0.03514,29.0,0.03515,739.0
1753533694765,12:41:34.765,AVAAI/USDT:USDT,0.03509,4.0,0.03508,1023.0,0.03514,29.0,0.03515,739.0
1753533694859,12:41:34.859,AVAAI/USDT:USDT,0.03509,2797.0,0.03508,1023.0,0.03514,29.0,0.03515,739.0
1753533695120,12:41:35.120,AVAAI/USDT:USDT,0.03509,2817.0,0.03508,1023.0,0.03514,69.0,0.03515,739.0
1753533696413,12:41:36.413,AVAAI/USDT:USDT,0.03509,44.0,0.03508,1023.0,0.03514,349.0,0.03515,739.0
1753533696435,12:41:36.435,AVAAI/USDT:USDT,0.03509,44.0,0.03508,1023.0,0.03514,69.0,0.03515,739.0
1753533696735,12:41:36.735,AVAAI/USDT:USDT,0.03509,44.0,0.03508,1023.0,0.03514,69.0,0.03515,739.0
1753533697256,12:41:37.256,AVAAI/USDT:USDT,0.0351,280.0,0.03509,2837.0,0.03514,69.0,0.03516,2408.0
1753533697340,12:41:37.340,AVAAI/USDT:USDT,0.03511,4.0,0.0351,280.0,0.03514,69.0,0.03516,2408.0
1753533698362,12:41:38.362,AVAAI/USDT:USDT,0.03511,4.0,0.0351,280.0,0.03514,69.0,0.03516,2408.0
1753533700572,12:41:40.572,AVAAI/USDT:USDT,0.03511,44.0,0.0351,280.0,0.03514,29.0,0.03516,2408.0
1753533700650,12:41:40.650,AVAAI/USDT:USDT,0.03511,44.0,0.0351,280.0,0.03515,69.0,0.03516,2408.0
1753533701182,12:41:41.182,AVAAI/USDT:USDT,0.03511,24.0,0.0351,280.0,0.03515,69.0,0.03516,2408.0
1753533702605,12:41:42.605,AVAAI/USDT:USDT,0.03511,808.0,0.0351,1044.0,0.03515,29.0,0.03516,1669.0
1753533702665,12:41:42.665,AVAAI/USDT:USDT,0.03511,808.0,0.0351,1044.0,0.03515,29.0,0.03517,1389.0
1753533702753,12:41:42.753,AVAAI/USDT:USDT,0.03511,808.0,0.0351,1044.0,0.03516,309.0,0.03517,1389.0
1753533702878,12:41:42.878,AVAAI/USDT:USDT,0.03511,788.0,0.0351,1044.0,0.03516,1698.0,0.03517,1389.0
1753533703213,12:41:43.213,AVAAI/USDT:USDT,0.03511,788.0,0.0351,1044.0,0.03516,1698.0,0.03517,1389.0
1753533703934,12:41:43.934,AVAAI/USDT:USDT,0.03511,788.0,0.0351,1044.0,0.03516,1699.0,0.03517,1389.0
1753533704037,12:41:44.037,AVAAI/USDT:USDT,0.03511,788.0,0.0351,1044.0,0.03516,1698.0,0.03517,1389.0
1753533704636,12:41:44.636,AVAAI/USDT:USDT,0.03511,788.0,0.0351,1044.0,0.03516,1699.0,0.03517,1389.0
1753533705134,12:41:45.134,AVAAI/USDT:USDT,0.03511,788.0,0.0351,1044.0,0.03516,1698.0,0.03517,1389.0
1753533705770,12:41:45.770,AVAAI/USDT:USDT,0.03511,788.0,0.0351,1044.0,0.03516,309.0,0.03517,1389.0
1753533705958,12:41:45.958,AVAAI/USDT:USDT,0.03511,788.0,0.0351,1044.0,0.03516,309.0,0.03517,1389.0
1753533707776,12:41:47.776,AVAAI/USDT:USDT,0.03511,788.0,0.0351,1044.0,0.03516,309.0,0.03517,1389.0
1753533710379,12:41:50.379,AVAAI/USDT:USDT,0.03511,788.0,0.0351,1044.0,0.03516,309.0,0.03517,1389.0
1753533710741,12:41:50.741,AVAAI/USDT:USDT,0.03511,788.0,0.0351,1044.0,0.03516,310.0,0.03517,1389.0
1753533710933,12:41:50.933,AVAAI/USDT:USDT,0.03511,788.0,0.0351,1044.0,0.03516,309.0,0.03517,1389.0
1753533711836,12:41:51.836,AVAAI/USDT:USDT,0.03511,788.0,0.0351,1044.0,0.03516,310.0,0.03517,1389.0
1753533711934,12:41:51.934,AVAAI/USDT:USDT,0.03511,788.0,0.0351,1044.0,0.03516,309.0,0.03517,1389.0
1753533712835,12:41:52.835,AVAAI/USDT:USDT,0.03511,788.0,0.0351,1044.0,0.03516,310.0,0.03517,1389.0
1753533712946,12:41:52.946,AVAAI/USDT:USDT,0.03511,788.0,0.0351,1044.0,0.03516,309.0,0.03517,1389.0
1753533713735,12:41:53.735,AVAAI/USDT:USDT,0.03511,788.0,0.0351,1044.0,0.03516,310.0,0.03517,1389.0
1753533713934,12:41:53.934,AVAAI/USDT:USDT,0.03511,788.0,0.0351,1044.0,0.03516,309.0,0.03517,1389.0
1753533714735,12:41:54.735,AVAAI/USDT:USDT,0.03511,788.0,0.0351,1044.0,0.03516,310.0,0.03517,1389.0
1753533715333,12:41:55.333,AVAAI/USDT:USDT,0.03511,788.0,0.0351,1044.0,0.03516,309.0,0.03517,1389.0
1753533715635,12:41:55.635,AVAAI/USDT:USDT,0.03511,788.0,0.0351,1044.0,0.03516,310.0,0.03517,1389.0
1753533715999,12:41:55.999,AVAAI/USDT:USDT,0.03511,788.0,0.0351,1044.0,0.03516,1699.0,0.03517,1389.0
1753533716437,12:41:56.437,AVAAI/USDT:USDT,0.03511,788.0,0.0351,1044.0,0.03516,1698.0,0.03517,1389.0
1753533716537,12:41:56.537,AVAAI/USDT:USDT,0.03511,788.0,0.0351,1044.0,0.03516,1699.0,0.03517,1389.0
1753533717146,12:41:57.146,AVAAI/USDT:USDT,0.03511,788.0,0.0351,1044.0,0.03516,1698.0,0.03517,1389.0
1753533717498,12:41:57.498,AVAAI/USDT:USDT,0.03511,788.0,0.0351,1044.0,0.03516,309.0,0.03517,1389.0
1753533717650,12:41:57.650,AVAAI/USDT:USDT,0.03512,300.0,0.03511,3581.0,0.03516,29.0,0.03517,1389.0
1753533717813,12:41:57.813,AVAAI/USDT:USDT,0.03513,4.0,0.03512,20.0,0.03516,70.0,0.03517,1389.0
1753533717834,12:41:57.834,AVAAI/USDT:USDT,0.03513,4.0,0.03512,20.0,0.03516,69.0,0.03517,1389.0
1753533718118,12:41:58.118,AVAAI/USDT:USDT,0.03513,4.0,0.03512,20.0,0.03516,69.0,0.03517,1389.0
1753533719926,12:41:59.926,AVAAI/USDT:USDT,0.03513,4.0,0.03512,20.0,0.03516,69.0,0.03517,1389.0
1753533720286,12:42:00.286,AVAAI/USDT:USDT,0.03513,4.0,0.03511,3577.0,0.03516,349.0,0.03517,1389.0
1753533720341,12:42:00.341,AVAAI/USDT:USDT,0.03512,4.0,0.03511,3577.0,0.03516,349.0,0.03517,1389.0
1753533720542,12:42:00.542,AVAAI/USDT:USDT,0.03512,4.0,0.03511,3577.0,0.03516,349.0,0.03517,1389.0
1753533720721,12:42:00.721,AVAAI/USDT:USDT,0.03512,4.0,0.03511,784.0,0.03516,1738.0,0.03517,1389.0
1753533720735,12:42:00.735,AVAAI/USDT:USDT,0.03512,4.0,0.03511,764.0,0.03516,1738.0,0.03517,1389.0
