timestamp,time,symbol,bid1_price,bid1_volume,bid2_price,bid2_volume,ask1_price,ask1_volume,ask2_price,ask2_volume
1753533019000,12:30:19.000,BANK/USDT:USDT,0.05883,3.0,0.05882,8.0,0.05898,3.0,0.05899,11.0
1753533019969,12:30:19.969,BANK/USDT:USDT,0.05883,3.0,0.05882,8.0,0.05898,3.0,0.05899,11.0
1753533020235,12:30:20.235,BANK/USDT:USDT,0.05883,3.0,0.05882,8.0,0.05897,3.0,0.05898,42.0
1753533020292,12:30:20.292,BANK/USDT:USDT,0.05883,3.0,0.05882,8.0,0.05896,3.0,0.05897,5.0
1753533020789,12:30:20.789,BANK/USDT:USDT,0.05883,3.0,0.05882,8.0,0.05896,3.0,0.05897,5.0
1753533021230,12:30:21.230,BANK/USDT:USDT,0.05883,3.0,0.05882,8.0,0.05895,4.0,0.05896,16.0
1753533021286,12:30:21.286,BANK/USDT:USDT,0.05883,3.0,0.05882,8.0,0.05894,4.0,0.05895,6.0
1753533021443,12:30:21.443,BANK/USDT:USDT,0.05883,3.0,0.05882,8.0,0.05896,3.0,0.05897,5.0
1753533021505,12:30:21.505,BANK/USDT:USDT,0.05883,3.0,0.05882,8.0,0.05896,4.0,0.05897,39.0
1753533021658,12:30:21.658,BANK/USDT:USDT,0.05883,3.0,0.05882,8.0,0.05895,4.0,0.05896,6.0
1753533021677,12:30:21.677,BANK/USDT:USDT,0.05883,3.0,0.05882,8.0,0.05895,4.0,0.05896,4.0
1753533021802,12:30:21.802,BANK/USDT:USDT,0.05883,3.0,0.05882,8.0,0.05896,9.0,0.05897,3.0
1753533021958,12:30:21.958,BANK/USDT:USDT,0.05883,3.0,0.05882,8.0,0.05895,4.0,0.05897,3.0
1753533022128,12:30:22.128,BANK/USDT:USDT,0.05883,3.0,0.05882,8.0,0.05896,4.0,0.05897,12.0
1753533022830,12:30:22.830,BANK/USDT:USDT,0.05883,3.0,0.05882,8.0,0.05895,4.0,0.05896,20.0
1753533022887,12:30:22.887,BANK/USDT:USDT,0.05883,3.0,0.05882,8.0,0.05894,4.0,0.05895,6.0
1753533023044,12:30:23.044,BANK/USDT:USDT,0.05883,3.0,0.05882,8.0,0.05896,20.0,0.05897,5.0
1753533023140,12:30:23.140,BANK/USDT:USDT,0.05883,3.0,0.05882,8.0,0.05894,4.0,0.05895,6.0
1753533023172,12:30:23.172,BANK/USDT:USDT,0.05883,3.0,0.05882,8.0,0.05894,4.0,0.05895,4.0
1753533023296,12:30:23.296,BANK/USDT:USDT,0.05883,3.0,0.05882,8.0,0.05896,4.0,0.05897,5.0
1753533023387,12:30:23.387,BANK/USDT:USDT,0.05883,3.0,0.05882,8.0,0.05897,3.0,0.05898,5.0
1753533023616,12:30:23.616,BANK/USDT:USDT,0.05883,3.0,0.05882,8.0,0.05897,3.0,0.05898,5.0
1753533023946,12:30:23.946,BANK/USDT:USDT,0.05883,3.0,0.05882,8.0,0.05897,3.0,0.05898,3.0
1753533023993,12:30:23.993,BANK/USDT:USDT,0.05883,3.0,0.05882,8.0,0.05897,12.0,0.05898,11.0
1753533024131,12:30:24.131,BANK/USDT:USDT,0.05883,3.0,0.05882,8.0,0.05896,4.0,0.05897,22.0
1753533024334,12:30:24.334,BANK/USDT:USDT,0.05883,3.0,0.05882,8.0,0.05896,4.0,0.05897,22.0
1753533024838,12:30:24.838,BANK/USDT:USDT,0.05883,3.0,0.05882,8.0,0.05896,4.0,0.05897,22.0
1753533027105,12:30:27.105,BANK/USDT:USDT,0.05883,3.0,0.05882,8.0,0.05895,4.0,0.05896,4.0
1753533027243,12:30:27.243,BANK/USDT:USDT,0.05883,3.0,0.05882,8.0,0.05896,8.0,0.05897,4.0
1753533027398,12:30:27.398,BANK/USDT:USDT,0.05883,3.0,0.05882,8.0,0.05895,4.0,0.05897,4.0
1753533027546,12:30:27.546,BANK/USDT:USDT,0.05883,3.0,0.05882,8.0,0.05897,4.0,0.05898,5.0
1753533027663,12:30:27.663,BANK/USDT:USDT,0.05883,3.0,0.05882,8.0,0.05898,3.0,0.05899,11.0
1753533027665,12:30:27.665,BANK/USDT:USDT,0.05883,3.0,0.05882,8.0,0.05898,3.0,0.05899,11.0
1753533028884,12:30:28.884,BANK/USDT:USDT,0.05883,3.0,0.05882,8.0,0.05898,3.0,0.05899,11.0
1753533029135,12:30:29.135,BANK/USDT:USDT,0.05883,3.0,0.05882,8.0,0.05898,3.0,0.05899,11.0
1753533030025,12:30:30.025,BANK/USDT:USDT,0.05883,3.0,0.05882,8.0,0.05898,3.0,0.05899,11.0
1753533030111,12:30:30.111,BANK/USDT:USDT,0.05883,3.0,0.05882,8.0,0.05897,4.0,0.05898,3.0
1753533030248,12:30:30.248,BANK/USDT:USDT,0.05883,3.0,0.05882,8.0,0.05898,3.0,0.05899,11.0
1753533033934,12:30:33.934,BANK/USDT:USDT,0.05883,3.0,0.05882,8.0,0.05898,3.0,0.05899,11.0
1753533038281,12:30:38.281,BANK/USDT:USDT,0.05883,3.0,0.05882,8.0,0.05898,3.0,0.05899,11.0
1753533038735,12:30:38.735,BANK/USDT:USDT,0.05883,3.0,0.05882,8.0,0.05898,3.0,0.05899,11.0
1753533041866,12:30:41.866,BANK/USDT:USDT,0.05883,3.0,0.05882,8.0,0.05898,3.0,0.05899,11.0
1753533043535,12:30:43.535,BANK/USDT:USDT,0.05883,3.0,0.05882,8.0,0.05898,3.0,0.05899,11.0
1753533044646,12:30:44.646,BANK/USDT:USDT,0.05883,3.0,0.05882,8.0,0.05898,3.0,0.05899,11.0
1753533046723,12:30:46.723,BANK/USDT:USDT,0.05883,3.0,0.05882,8.0,0.05898,3.0,0.05899,11.0
1753533048347,12:30:48.347,BANK/USDT:USDT,0.05883,3.0,0.05882,8.0,0.05898,3.0,0.05899,11.0
1753533048510,12:30:48.510,BANK/USDT:USDT,0.05883,3.0,0.05882,8.0,0.05898,3.0,0.05899,11.0
1753533050323,12:30:50.323,BANK/USDT:USDT,0.05883,3.0,0.05882,8.0,0.05898,3.0,0.05899,11.0
1753533053139,12:30:53.139,BANK/USDT:USDT,0.05883,3.0,0.05882,8.0,0.05898,3.0,0.05899,11.0
1753533054877,12:30:54.877,BANK/USDT:USDT,0.05883,3.0,0.05882,8.0,0.05898,3.0,0.05899,11.0
1753533057935,12:30:57.935,BANK/USDT:USDT,0.05883,3.0,0.05882,8.0,0.05898,3.0,0.05899,11.0
1753533059415,12:30:59.415,BANK/USDT:USDT,0.05883,3.0,0.05882,8.0,0.05898,3.0,0.05899,11.0
1753533062737,12:31:02.737,BANK/USDT:USDT,0.05883,3.0,0.05882,8.0,0.05898,3.0,0.05899,11.0
1753533063060,12:31:03.060,BANK/USDT:USDT,0.05883,3.0,0.05882,8.0,0.05898,3.0,0.05899,11.0
1753533067536,12:31:07.536,BANK/USDT:USDT,0.05883,3.0,0.05882,8.0,0.05898,3.0,0.05899,11.0
1753533067596,12:31:07.596,BANK/USDT:USDT,0.05883,3.0,0.05882,8.0,0.05896,3.0,0.05897,14.0
1753533067742,12:31:07.742,BANK/USDT:USDT,0.05883,3.0,0.05882,8.0,0.05893,3.0,0.05894,189.0
1753533067822,12:31:07.822,BANK/USDT:USDT,0.05882,8.0,0.05881,3.0,0.05892,3.0,0.05893,5.0
1753533067888,12:31:07.888,BANK/USDT:USDT,0.05882,8.0,0.05881,3.0,0.05892,3.0,0.05893,5.0
1753533068055,12:31:08.055,BANK/USDT:USDT,0.05882,8.0,0.05881,3.0,0.05892,3.0,0.05893,5.0
1753533068068,12:31:08.068,BANK/USDT:USDT,0.05882,8.0,0.05881,3.0,0.05892,3.0,0.05893,5.0
1753533068372,12:31:08.372,BANK/USDT:USDT,0.05882,8.0,0.05881,3.0,0.05892,3.0,0.05893,5.0
1753533068683,12:31:08.683,BANK/USDT:USDT,0.05882,8.0,0.05881,3.0,0.05892,3.0,0.05893,5.0
1753533069158,12:31:09.158,BANK/USDT:USDT,0.05883,3.0,0.05882,8.0,0.05892,3.0,0.05893,5.0
1753533070500,12:31:10.500,BANK/USDT:USDT,0.05883,3.0,0.05882,8.0,0.05892,3.0,0.05893,5.0
1753533070718,12:31:10.718,BANK/USDT:USDT,0.05883,3.0,0.05882,8.0,0.05892,3.0,0.05893,5.0
1753533072335,12:31:12.335,BANK/USDT:USDT,0.05883,3.0,0.05882,8.0,0.05892,3.0,0.05893,5.0
1753533077136,12:31:17.136,BANK/USDT:USDT,0.05883,3.0,0.05882,8.0,0.05892,3.0,0.05893,5.0
1753533077562,12:31:17.562,BANK/USDT:USDT,0.05882,8.0,0.05881,3.0,0.05892,3.0,0.05893,5.0
1753533077568,12:31:17.568,BANK/USDT:USDT,0.05882,8.0,0.05881,3.0,0.05892,3.0,0.05893,5.0
1753533077707,12:31:17.707,BANK/USDT:USDT,0.05882,8.0,0.05881,3.0,0.05892,3.0,0.05893,5.0
1753533078002,12:31:18.002,BANK/USDT:USDT,0.05883,4.0,0.05882,8.0,0.05892,3.0,0.05893,5.0
1753533079171,12:31:19.171,BANK/USDT:USDT,0.05883,4.0,0.05882,8.0,0.05892,3.0,0.05893,5.0
1753533080901,12:31:20.901,BANK/USDT:USDT,0.05883,4.0,0.05882,8.0,0.05892,3.0,0.05893,5.0
1753533081018,12:31:21.018,BANK/USDT:USDT,0.05883,4.0,0.05882,8.0,0.05892,3.0,0.05893,5.0
1753533081329,12:31:21.329,BANK/USDT:USDT,0.05883,4.0,0.05882,8.0,0.05892,3.0,0.05893,5.0
1753533081935,12:31:21.935,BANK/USDT:USDT,0.05883,4.0,0.05882,8.0,0.05892,3.0,0.05893,5.0
1753533085269,12:31:25.269,BANK/USDT:USDT,0.05882,8.0,0.05881,3.0,0.05892,3.0,0.05893,5.0
1753533086737,12:31:26.737,BANK/USDT:USDT,0.05882,8.0,0.05881,3.0,0.05892,3.0,0.05893,5.0
1753533091559,12:31:31.559,BANK/USDT:USDT,0.05882,8.0,0.05881,3.0,0.05892,3.0,0.05893,5.0
1753533093660,12:31:33.660,BANK/USDT:USDT,0.05883,4.0,0.05882,8.0,0.05892,3.0,0.05893,5.0
1753533093669,12:31:33.669,BANK/USDT:USDT,0.05883,4.0,0.05882,8.0,0.05892,3.0,0.05893,5.0
1753533096337,12:31:36.337,BANK/USDT:USDT,0.05883,4.0,0.05882,8.0,0.05892,3.0,0.05893,5.0
1753533098342,12:31:38.342,BANK/USDT:USDT,0.05882,8.0,0.05881,3.0,0.05891,4.0,0.05892,3.0
1753533098448,12:31:38.448,BANK/USDT:USDT,0.05882,8.0,0.05881,3.0,0.05892,3.0,0.05893,5.0
1753533098565,12:31:38.565,BANK/USDT:USDT,0.05883,4.0,0.05882,8.0,0.05892,3.0,0.05893,5.0
1753533101136,12:31:41.136,BANK/USDT:USDT,0.05883,4.0,0.05882,8.0,0.05892,3.0,0.05893,5.0
1753533102069,12:31:42.069,BANK/USDT:USDT,0.05883,4.0,0.05882,8.0,0.05892,3.0,0.05893,5.0
1753533102974,12:31:42.974,BANK/USDT:USDT,0.05883,4.0,0.05882,8.0,0.05892,3.0,0.05893,5.0
1753533103136,12:31:43.136,BANK/USDT:USDT,0.05883,4.0,0.05882,8.0,0.05892,3.0,0.05893,5.0
1753533105936,12:31:45.936,BANK/USDT:USDT,0.05883,4.0,0.05882,8.0,0.05892,3.0,0.05893,5.0
1753533110739,12:31:50.739,BANK/USDT:USDT,0.05883,4.0,0.05882,8.0,0.05892,3.0,0.05893,5.0
1753533114947,12:31:54.947,BANK/USDT:USDT,0.05883,4.0,0.05882,8.0,0.05892,3.0,0.05893,5.0
1753533115537,12:31:55.537,BANK/USDT:USDT,0.05883,4.0,0.05882,8.0,0.05892,3.0,0.05893,5.0
1753533119559,12:31:59.559,BANK/USDT:USDT,0.05882,5.0,0.05881,3.0,0.05891,4.0,0.05892,3.0
1753533119678,12:31:59.678,BANK/USDT:USDT,0.05882,5.0,0.05881,3.0,0.05892,3.0,0.05893,5.0
1753533119770,12:31:59.770,BANK/USDT:USDT,0.05882,5.0,0.05881,3.0,0.05892,3.0,0.05893,5.0
1753533120337,12:32:00.337,BANK/USDT:USDT,0.05882,5.0,0.05881,3.0,0.05892,3.0,0.05893,5.0
1753533121019,12:32:01.019,BANK/USDT:USDT,0.05882,5.0,0.05881,3.0,0.05891,3.0,0.05892,3.0
1753533121139,12:32:01.139,BANK/USDT:USDT,0.05882,5.0,0.05881,3.0,0.05892,3.0,0.05893,5.0
1753533121718,12:32:01.718,BANK/USDT:USDT,0.05882,5.0,0.05881,3.0,0.05891,3.0,0.05892,11.0
1753533123048,12:32:03.048,BANK/USDT:USDT,0.05882,5.0,0.05881,3.0,0.05891,3.0,0.05892,11.0
1753533123106,12:32:03.106,BANK/USDT:USDT,0.05882,5.0,0.05881,3.0,0.05892,3.0,0.05893,5.0
1753533123190,12:32:03.190,BANK/USDT:USDT,0.05882,5.0,0.05881,3.0,0.05891,3.0,0.05892,11.0
1753533126128,12:32:06.128,BANK/USDT:USDT,0.05882,5.0,0.05881,3.0,0.05892,3.0,0.05893,5.0
1753533127101,12:32:07.101,BANK/USDT:USDT,0.05882,5.0,0.05881,3.0,0.05891,3.0,0.05892,27.0
1753533127206,12:32:07.206,BANK/USDT:USDT,0.05882,5.0,0.05881,3.0,0.0589,3.0,0.05891,5.0
1753533127349,12:32:07.349,BANK/USDT:USDT,0.05882,5.0,0.05881,3.0,0.05891,8.0,0.05893,3.0
1753533127372,12:32:07.372,BANK/USDT:USDT,0.05882,5.0,0.05881,3.0,0.05891,8.0,0.05893,5.0
1753533127501,12:32:07.501,BANK/USDT:USDT,0.05882,5.0,0.05881,3.0,0.0589,3.0,0.05893,5.0
1753533133106,12:32:13.106,BANK/USDT:USDT,0.05883,4.0,0.05882,5.0,0.0589,3.0,0.05893,5.0
1753533133208,12:32:13.208,BANK/USDT:USDT,0.05883,4.0,0.05882,5.0,0.0589,3.0,0.05893,5.0
1753533133952,12:32:13.952,BANK/USDT:USDT,0.05883,4.0,0.05882,5.0,0.0589,3.0,0.05893,5.0
1753533136737,12:32:16.737,BANK/USDT:USDT,0.05883,4.0,0.05882,5.0,0.0589,3.0,0.05893,5.0
1753533141539,12:32:21.539,BANK/USDT:USDT,0.05883,4.0,0.05882,5.0,0.0589,3.0,0.05893,5.0
1753533141579,12:32:21.579,BANK/USDT:USDT,0.05883,4.0,0.05882,5.0,0.05889,1.0,0.0589,3.0
1753533141732,12:32:21.732,BANK/USDT:USDT,0.05883,4.0,0.05882,5.0,0.05889,1.0,0.0589,3.0
1753533141885,12:32:21.885,BANK/USDT:USDT,0.05883,4.0,0.05882,5.0,0.05889,4.0,0.0589,3.0
1753533142034,12:32:22.034,BANK/USDT:USDT,0.05883,4.0,0.05882,5.0,0.05889,4.0,0.0589,3.0
1753533142077,12:32:22.077,BANK/USDT:USDT,0.05883,4.0,0.05882,5.0,0.05889,4.0,0.0589,3.0
1753533146352,12:32:26.352,BANK/USDT:USDT,0.05883,4.0,0.05882,5.0,0.05889,4.0,0.0589,3.0
1753533148433,12:32:28.433,BANK/USDT:USDT,0.05883,4.0,0.05882,5.0,0.05888,3.0,0.05889,4.0
1753533148525,12:32:28.525,BANK/USDT:USDT,0.05883,4.0,0.05882,5.0,0.05888,3.0,0.0589,3.0
1753533148576,12:32:28.576,BANK/USDT:USDT,0.05883,4.0,0.05882,5.0,0.0589,3.0,0.05893,5.0
1753533148942,12:32:28.942,BANK/USDT:USDT,0.05883,4.0,0.05882,5.0,0.0589,3.0,0.05893,5.0
1753533151138,12:32:31.138,BANK/USDT:USDT,0.05883,4.0,0.05882,5.0,0.0589,3.0,0.05893,5.0
1753533155939,12:32:35.939,BANK/USDT:USDT,0.05883,4.0,0.05882,5.0,0.0589,3.0,0.05893,5.0
1753533160737,12:32:40.737,BANK/USDT:USDT,0.05883,4.0,0.05882,5.0,0.0589,3.0,0.05893,5.0
1753533164872,12:32:44.872,BANK/USDT:USDT,0.05883,4.0,0.05882,5.0,0.0589,3.0,0.05893,5.0
1753533165060,12:32:45.060,BANK/USDT:USDT,0.05883,4.0,0.05882,5.0,0.0589,3.0,0.05893,5.0
1753533165538,12:32:45.538,BANK/USDT:USDT,0.05883,4.0,0.05882,5.0,0.0589,3.0,0.05893,5.0
1753533168850,12:32:48.850,BANK/USDT:USDT,0.05879,2.0,0.05877,4.0,0.0589,3.0,0.05893,91.0
1753533168955,12:32:48.955,BANK/USDT:USDT,0.05879,4.0,0.05878,2.0,0.05888,4.0,0.05889,2.0
1753533169049,12:32:49.049,BANK/USDT:USDT,0.0588,2.0,0.05879,4.0,0.05886,4.0,0.05887,2.0
1753533169102,12:32:49.102,BANK/USDT:USDT,0.0588,2.0,0.05879,4.0,0.05884,4.0,0.05885,2.0
1753533169208,12:32:49.208,BANK/USDT:USDT,0.0588,2.0,0.05879,4.0,0.05883,2.0,0.05884,4.0
1753533169347,12:32:49.347,BANK/USDT:USDT,0.0588,2.0,0.05879,4.0,0.05883,2.0,0.05884,4.0
1753533169463,12:32:49.463,BANK/USDT:USDT,0.0588,2.0,0.05879,4.0,0.05883,2.0,0.05884,4.0
1753533169534,12:32:49.534,BANK/USDT:USDT,0.0588,2.0,0.05879,4.0,0.05883,2.0,0.05884,4.0
1753533169662,12:32:49.662,BANK/USDT:USDT,0.0588,2.0,0.05879,4.0,0.05883,2.0,0.05884,4.0
1753533169686,12:32:49.686,BANK/USDT:USDT,0.0588,2.0,0.05879,4.0,0.05883,2.0,0.05884,4.0
1753533169813,12:32:49.813,BANK/USDT:USDT,0.0588,2.0,0.05879,4.0,0.05883,6.0,0.05884,4.0
1753533169921,12:32:49.921,BANK/USDT:USDT,0.0588,2.0,0.05877,4.0,0.05882,4.0,0.05883,6.0
1753533169994,12:32:49.994,BANK/USDT:USDT,0.05878,2.0,0.05877,4.0,0.05882,4.0,0.05883,4.0
1753533170153,12:32:50.153,BANK/USDT:USDT,0.05878,2.0,0.05875,4.0,0.05881,2.0,0.05884,4.0
1753533170186,12:32:50.186,BANK/USDT:USDT,0.05877,4.0,0.05876,2.0,0.05883,2.0,0.05884,4.0
1753533170359,12:32:50.359,BANK/USDT:USDT,0.05878,2.0,0.05877,4.0,0.05882,4.0,0.05883,2.0
1753533170452,12:32:50.452,BANK/USDT:USDT,0.05878,2.0,0.05877,4.0,0.05881,2.0,0.05882,4.0
1753533170607,12:32:50.607,BANK/USDT:USDT,0.05878,2.0,0.05877,4.0,0.05881,2.0,0.05882,4.0
1753533170763,12:32:50.763,BANK/USDT:USDT,0.05878,2.0,0.05877,4.0,0.05881,2.0,0.05882,4.0
1753533170857,12:32:50.857,BANK/USDT:USDT,0.05878,2.0,0.05877,4.0,0.05881,2.0,0.05882,4.0
1753533170918,12:32:50.918,BANK/USDT:USDT,0.05878,2.0,0.05877,4.0,0.05881,2.0,0.05882,4.0
1753533171282,12:32:51.282,BANK/USDT:USDT,0.05878,2.0,0.05877,4.0,0.05881,2.0,0.05882,4.0
1753533171692,12:32:51.692,BANK/USDT:USDT,0.05878,2.0,0.05877,4.0,0.05881,2.0,0.05882,4.0
1753533171928,12:32:51.928,BANK/USDT:USDT,0.05878,2.0,0.05877,4.0,0.05881,2.0,0.05882,4.0
1753533172180,12:32:52.180,BANK/USDT:USDT,0.05878,2.0,0.05877,4.0,0.05881,2.0,0.05882,4.0
1753533172338,12:32:52.338,BANK/USDT:USDT,0.05878,5.0,0.05875,4.0,0.05881,2.0,0.05884,4.0
1753533172389,12:32:52.389,BANK/USDT:USDT,0.05879,3.0,0.05878,5.0,0.05883,2.0,0.05884,4.0
1753533172551,12:32:52.551,BANK/USDT:USDT,0.0588,2.0,0.05879,3.0,0.05883,5.0,0.05884,4.0
1753533172954,12:32:52.954,BANK/USDT:USDT,0.0588,2.0,0.05879,3.0,0.05883,5.0,0.05884,4.0
1753533173261,12:32:53.261,BANK/USDT:USDT,0.0588,2.0,0.05879,3.0,0.05883,5.0,0.05884,4.0
1753533174463,12:32:54.463,BANK/USDT:USDT,0.0588,2.0,0.05878,3.0,0.05883,5.0,0.05886,4.0
1753533174470,12:32:54.470,BANK/USDT:USDT,0.05879,2.0,0.05878,3.0,0.05883,5.0,0.05886,4.0
1753533174621,12:32:54.621,BANK/USDT:USDT,0.05879,2.0,0.05878,3.0,0.05883,5.0,0.05886,4.0
1753533174775,12:32:54.775,BANK/USDT:USDT,0.05879,2.0,0.05878,3.0,0.05883,5.0,0.05886,4.0
1753533174930,12:32:54.930,BANK/USDT:USDT,0.05879,2.0,0.05878,3.0,0.05883,5.0,0.05886,4.0
1753533175023,12:32:55.023,BANK/USDT:USDT,0.05879,2.0,0.05878,3.0,0.05883,5.0,0.05886,4.0
1753533175096,12:32:55.096,BANK/USDT:USDT,0.05879,2.0,0.05878,3.0,0.05883,5.0,0.05886,4.0
1753533176651,12:32:56.651,BANK/USDT:USDT,0.05879,5.0,0.05875,4.0,0.05883,5.0,0.05888,4.0
1753533177057,12:32:57.057,BANK/USDT:USDT,0.05879,5.0,0.05875,4.0,0.05883,5.0,0.05888,4.0
1753533177139,12:32:57.139,BANK/USDT:USDT,0.05879,5.0,0.05875,4.0,0.05883,5.0,0.05888,4.0
1753533177263,12:32:57.263,BANK/USDT:USDT,0.05879,2.0,0.05875,4.0,0.05882,3.0,0.05883,5.0
1753533177287,12:32:57.287,BANK/USDT:USDT,0.05877,3.0,0.05876,2.0,0.05881,2.0,0.05882,3.0
1753533177393,12:32:57.393,BANK/USDT:USDT,0.05878,2.0,0.05877,3.0,0.05881,2.0,0.05882,3.0
1753533177550,12:32:57.550,BANK/USDT:USDT,0.05878,2.0,0.05877,3.0,0.05881,2.0,0.05882,3.0
1753533177904,12:32:57.904,BANK/USDT:USDT,0.05878,2.0,0.05877,3.0,0.05881,2.0,0.05882,3.0
1753533178057,12:32:58.057,BANK/USDT:USDT,0.05878,2.0,0.05877,3.0,0.05881,2.0,0.05882,3.0
1753533178337,12:32:58.337,BANK/USDT:USDT,0.05878,5.0,0.05877,3.0,0.05881,2.0,0.05882,3.0
1753533178844,12:32:58.844,BANK/USDT:USDT,0.05878,5.0,0.05875,4.0,0.05881,2.0,0.05883,3.0
1753533178870,12:32:58.870,BANK/USDT:USDT,0.05878,5.0,0.05875,4.0,0.05882,2.0,0.05883,3.0
1753533179003,12:32:59.003,BANK/USDT:USDT,0.05878,5.0,0.05875,4.0,0.05882,2.0,0.05883,3.0
1753533179310,12:32:59.310,BANK/USDT:USDT,0.05878,5.0,0.05875,4.0,0.05882,2.0,0.05883,3.0
1753533179971,12:32:59.971,BANK/USDT:USDT,0.05878,5.0,0.05875,4.0,0.05882,2.0,0.05883,3.0
1753533181009,12:33:01.009,BANK/USDT:USDT,0.05878,5.0,0.0587,4.0,0.05882,2.0,0.05888,4.0
1753533181087,12:33:01.087,BANK/USDT:USDT,0.05878,5.0,0.0587,7.0,0.05886,3.0,0.05887,2.0
1753533181211,12:33:01.211,BANK/USDT:USDT,0.05878,5.0,0.0587,4.0,0.05884,3.0,0.05885,2.0
1753533181288,12:33:01.288,BANK/USDT:USDT,0.05878,5.0,0.0587,4.0,0.05883,2.0,0.05884,3.0
1753533181447,12:33:01.447,BANK/USDT:USDT,0.05878,5.0,0.0587,4.0,0.05882,3.0,0.05883,2.0
1753533181515,12:33:01.515,BANK/USDT:USDT,0.05878,5.0,0.0587,4.0,0.05881,2.0,0.05882,3.0
1753533181628,12:33:01.628,BANK/USDT:USDT,0.05878,5.0,0.0587,4.0,0.05881,2.0,0.05882,3.0
1753533181939,12:33:01.939,BANK/USDT:USDT,0.05878,5.0,0.0587,4.0,0.05881,2.0,0.05882,3.0
1753533182055,12:33:02.055,BANK/USDT:USDT,0.05878,5.0,0.0587,4.0,0.05881,2.0,0.05882,3.0
1753533182250,12:33:02.250,BANK/USDT:USDT,0.05878,5.0,0.0587,4.0,0.05881,2.0,0.05882,3.0
1753533182485,12:33:02.485,BANK/USDT:USDT,0.05878,5.0,0.0587,4.0,0.05881,2.0,0.05882,3.0
1753533183125,12:33:03.125,BANK/USDT:USDT,0.05878,5.0,0.05869,4.0,0.05881,2.0,0.05884,3.0
1753533183187,12:33:03.187,BANK/USDT:USDT,0.05878,5.0,0.05869,7.0,0.05882,3.0,0.05883,2.0
1753533183276,12:33:03.276,BANK/USDT:USDT,0.05878,5.0,0.05869,4.0,0.05881,2.0,0.05882,3.0
1753533184103,12:33:04.103,BANK/USDT:USDT,0.05878,5.0,0.05869,4.0,0.05881,2.0,0.05882,3.0
1753533185268,12:33:05.268,BANK/USDT:USDT,0.05878,5.0,0.05869,4.0,0.05881,2.0,0.05884,3.0
1753533185387,12:33:05.387,BANK/USDT:USDT,0.05878,5.0,0.05869,7.0,0.05882,3.0,0.05883,2.0
1753533185514,12:33:05.514,BANK/USDT:USDT,0.05878,5.0,0.05869,4.0,0.05881,2.0,0.05882,3.0
1753533186535,12:33:06.535,BANK/USDT:USDT,0.05878,5.0,0.05869,4.0,0.05881,2.0,0.05882,3.0
1753533186739,12:33:06.739,BANK/USDT:USDT,0.05878,5.0,0.05869,4.0,0.05881,2.0,0.05882,3.0
1753533187449,12:33:07.449,BANK/USDT:USDT,0.05878,5.0,0.05869,4.0,0.05881,2.0,0.05884,3.0
1753533187552,12:33:07.552,BANK/USDT:USDT,0.05878,5.0,0.05869,7.0,0.05883,2.0,0.05884,3.0
1753533187567,12:33:07.567,BANK/USDT:USDT,0.05878,5.0,0.05869,7.0,0.05883,2.0,0.05884,3.0
1753533187751,12:33:07.751,BANK/USDT:USDT,0.05878,5.0,0.05869,4.0,0.05882,3.0,0.05883,2.0
1753533187770,12:33:07.770,BANK/USDT:USDT,0.05878,5.0,0.05869,4.0,0.05881,2.0,0.05882,3.0
1753533188168,12:33:08.168,BANK/USDT:USDT,0.05878,5.0,0.05869,4.0,0.05881,2.0,0.05882,3.0
1753533188993,12:33:08.993,BANK/USDT:USDT,0.05878,5.0,0.05869,4.0,0.05881,2.0,0.05882,3.0
1753533189412,12:33:09.412,BANK/USDT:USDT,0.05878,5.0,0.05869,4.0,0.05881,2.0,0.05882,3.0
1753533189632,12:33:09.632,BANK/USDT:USDT,0.05878,5.0,0.05869,4.0,0.05881,2.0,0.05884,3.0
1753533189687,12:33:09.687,BANK/USDT:USDT,0.05878,5.0,0.05869,4.0,0.05883,2.0,0.05884,3.0
1753533189850,12:33:09.850,BANK/USDT:USDT,0.05878,5.0,0.05869,4.0,0.05882,3.0,0.05883,2.0
1753533189871,12:33:09.871,BANK/USDT:USDT,0.05878,5.0,0.05869,4.0,0.05881,2.0,0.05882,3.0
1753533190264,12:33:10.264,BANK/USDT:USDT,0.05878,5.0,0.05869,4.0,0.05881,2.0,0.05882,3.0
1753533191094,12:33:11.094,BANK/USDT:USDT,0.05878,5.0,0.05869,4.0,0.05881,2.0,0.05882,3.0
1753533191539,12:33:11.539,BANK/USDT:USDT,0.05878,5.0,0.05869,4.0,0.05881,2.0,0.05882,3.0
1753533191786,12:33:11.786,BANK/USDT:USDT,0.05878,5.0,0.05869,4.0,0.05881,2.0,0.05884,3.0
1753533192263,12:33:12.263,BANK/USDT:USDT,0.05878,5.0,0.05869,4.0,0.05881,1.0,0.05883,2.0
1753533192323,12:33:12.323,BANK/USDT:USDT,0.05878,5.0,0.05869,4.0,0.05883,2.0,0.05884,3.0
1753533192474,12:33:12.474,BANK/USDT:USDT,0.05878,5.0,0.05869,4.0,0.05882,4.0,0.05883,2.0
1753533192616,12:33:12.616,BANK/USDT:USDT,0.05878,5.0,0.05869,4.0,0.05881,2.0,0.05882,4.0
1753533192739,12:33:12.739,BANK/USDT:USDT,0.05878,5.0,0.05869,4.0,0.05881,2.0,0.05882,4.0
1753533193945,12:33:13.945,BANK/USDT:USDT,0.05878,5.0,0.05869,4.0,0.05881,2.0,0.05884,3.0
1753533193987,12:33:13.987,BANK/USDT:USDT,0.05878,5.0,0.05869,4.0,0.05883,2.0,0.05884,3.0
1753533194139,12:33:14.139,BANK/USDT:USDT,0.05878,5.0,0.05869,4.0,0.05882,4.0,0.05883,2.0
1753533194171,12:33:14.171,BANK/USDT:USDT,0.05878,5.0,0.05869,4.0,0.05881,2.0,0.05882,4.0
1753533196105,12:33:16.105,BANK/USDT:USDT,0.05878,5.0,0.05869,4.0,0.05881,2.0,0.05884,3.0
1753533196185,12:33:16.185,BANK/USDT:USDT,0.05878,5.0,0.05869,4.0,0.05883,2.0,0.05884,3.0
1753533196341,12:33:16.341,BANK/USDT:USDT,0.05878,5.0,0.05869,4.0,0.05882,4.0,0.05883,2.0
1753533196374,12:33:16.374,BANK/USDT:USDT,0.05878,5.0,0.05869,7.0,0.05881,2.0,0.05882,4.0
1753533196789,12:33:16.789,BANK/USDT:USDT,0.05878,5.0,0.05869,7.0,0.05881,2.0,0.05882,4.0
1753533198302,12:33:18.302,BANK/USDT:USDT,0.05878,5.0,0.05869,4.0,0.05881,2.0,0.05884,3.0
1753533198411,12:33:18.411,BANK/USDT:USDT,0.05878,5.0,0.05869,4.0,0.05883,2.0,0.05884,3.0
1753533198548,12:33:18.548,BANK/USDT:USDT,0.05878,5.0,0.05869,7.0,0.05882,4.0,0.05883,2.0
1753533198570,12:33:18.570,BANK/USDT:USDT,0.05878,5.0,0.05869,7.0,0.05881,2.0,0.05882,4.0
1753533198826,12:33:18.826,BANK/USDT:USDT,0.05878,5.0,0.05869,7.0,0.05881,2.0,0.05882,4.0
1753533200490,12:33:20.490,BANK/USDT:USDT,0.05878,5.0,0.05869,4.0,0.05881,2.0,0.05884,3.0
1753533200586,12:33:20.586,BANK/USDT:USDT,0.05878,5.0,0.05869,4.0,0.05882,3.0,0.05883,2.0
1753533200686,12:33:20.686,BANK/USDT:USDT,0.05878,2.0,0.05869,7.0,0.05881,2.0,0.05882,3.0
1753533200791,12:33:20.791,BANK/USDT:USDT,0.05871,3.0,0.0587,2.0,0.05881,2.0,0.05882,3.0
1753533200886,12:33:20.886,BANK/USDT:USDT,0.05873,3.0,0.05872,2.0,0.05881,5.0,0.05882,3.0
1753533200989,12:33:20.989,BANK/USDT:USDT,0.05875,3.0,0.05874,2.0,0.05881,2.0,0.05882,3.0
1753533201145,12:33:21.145,BANK/USDT:USDT,0.05877,3.0,0.05876,2.0,0.05881,2.0,0.05882,3.0
1753533201170,12:33:21.170,BANK/USDT:USDT,0.05878,2.0,0.05877,3.0,0.05881,2.0,0.05882,3.0
1753533202067,12:33:22.067,BANK/USDT:USDT,0.05878,2.0,0.05877,3.0,0.05881,2.0,0.05882,3.0
1753533202671,12:33:22.671,BANK/USDT:USDT,0.05878,2.0,0.05875,3.0,0.05881,2.0,0.05884,3.0
1753533202787,12:33:22.787,BANK/USDT:USDT,0.05877,3.0,0.05876,2.0,0.05882,3.0,0.05883,2.0
1753533202903,12:33:22.903,BANK/USDT:USDT,0.05878,2.0,0.05877,3.0,0.05881,2.0,0.05882,3.0
1753533203324,12:33:23.324,BANK/USDT:USDT,0.05878,2.0,0.05877,3.0,0.05881,2.0,0.05882,3.0
1753533204148,12:33:24.148,BANK/USDT:USDT,0.05878,2.0,0.05877,3.0,0.05881,2.0,0.05882,3.0
1753533204855,12:33:24.855,BANK/USDT:USDT,0.05878,2.0,0.05875,3.0,0.05881,2.0,0.05884,3.0
1753533204886,12:33:24.886,BANK/USDT:USDT,0.05877,3.0,0.05876,2.0,0.05882,3.0,0.05883,2.0
1753533204974,12:33:24.974,BANK/USDT:USDT,0.05878,2.0,0.05877,3.0,0.05881,2.0,0.05882,3.0
1753533205385,12:33:25.385,BANK/USDT:USDT,0.05878,2.0,0.05877,3.0,0.05881,2.0,0.05882,3.0
1753533205939,12:33:25.939,BANK/USDT:USDT,0.05878,2.0,0.05877,3.0,0.05881,2.0,0.05882,3.0
1753533206082,12:33:26.082,BANK/USDT:USDT,0.05878,2.0,0.05877,3.0,0.05881,2.0,0.05882,3.0
1753533207022,12:33:27.022,BANK/USDT:USDT,0.05878,2.0,0.05875,3.0,0.05881,2.0,0.05884,3.0
1753533207088,12:33:27.088,BANK/USDT:USDT,0.05877,3.0,0.05876,2.0,0.05883,2.0,0.05884,3.0
1753533207241,12:33:27.241,BANK/USDT:USDT,0.05877,3.0,0.05876,2.0,0.05882,3.0,0.05883,2.0
1753533207404,12:33:27.404,BANK/USDT:USDT,0.05877,3.0,0.05876,2.0,0.05882,3.0,0.05883,2.0
1753533207813,12:33:27.813,BANK/USDT:USDT,0.05878,2.0,0.05877,3.0,0.05882,3.0,0.05883,1.0
1753533207953,12:33:27.953,BANK/USDT:USDT,0.05878,2.0,0.05877,3.0,0.05881,2.0,0.05882,3.0
1753533208223,12:33:28.223,BANK/USDT:USDT,0.05878,2.0,0.05877,3.0,0.05881,2.0,0.05882,3.0
1753533208903,12:33:28.903,BANK/USDT:USDT,0.05878,2.0,0.05877,3.0,0.05881,2.0,0.05882,3.0
1753533209048,12:33:29.048,BANK/USDT:USDT,0.05878,2.0,0.05877,3.0,0.05881,2.0,0.05882,3.0
1753533209171,12:33:29.171,BANK/USDT:USDT,0.05878,2.0,0.05875,3.0,0.05881,2.0,0.05884,3.0
1753533209287,12:33:29.287,BANK/USDT:USDT,0.05877,3.0,0.05876,2.0,0.05883,2.0,0.05884,3.0
1753533209438,12:33:29.438,BANK/USDT:USDT,0.05878,2.0,0.05877,3.0,0.05882,3.0,0.05883,2.0
1753533209472,12:33:29.472,BANK/USDT:USDT,0.05878,2.0,0.05877,3.0,0.05881,2.0,0.05882,3.0
1753533209879,12:33:29.879,BANK/USDT:USDT,0.05878,2.0,0.05877,3.0,0.05881,2.0,0.05882,3.0
1753533210739,12:33:30.739,BANK/USDT:USDT,0.05878,2.0,0.05877,3.0,0.05881,2.0,0.05882,3.0
1753533210767,12:33:30.767,BANK/USDT:USDT,0.05878,2.0,0.05877,3.0,0.05881,2.0,0.05882,3.0
1753533211102,12:33:31.102,BANK/USDT:USDT,0.05878,2.0,0.05877,3.0,0.05881,2.0,0.05882,3.0
1753533211370,12:33:31.370,BANK/USDT:USDT,0.05878,2.0,0.05875,3.0,0.05881,2.0,0.05884,3.0
1753533211520,12:33:31.520,BANK/USDT:USDT,0.05877,4.0,0.05876,2.0,0.05882,4.0,0.05883,6.0
1753533211572,12:33:31.572,BANK/USDT:USDT,0.05878,2.0,0.05877,4.0,0.05881,2.0,0.05882,4.0
1753533211933,12:33:31.933,BANK/USDT:USDT,0.05878,2.0,0.05877,4.0,0.05881,2.0,0.05882,4.0
1753533213567,12:33:33.567,BANK/USDT:USDT,0.05878,2.0,0.05875,3.0,0.05881,2.0,0.05883,4.0
1753533213727,12:33:33.727,BANK/USDT:USDT,0.05877,4.0,0.05876,2.0,0.05882,6.0,0.05883,4.0
1753533213771,12:33:33.771,BANK/USDT:USDT,0.05878,2.0,0.05877,4.0,0.05882,6.0,0.05883,4.0
1753533213963,12:33:33.963,BANK/USDT:USDT,0.05878,2.0,0.05877,4.0,0.05882,6.0,0.05883,4.0
1753533213963,12:33:33.963,BANK/USDT:USDT,0.05878,2.0,0.05877,4.0,0.05882,6.0,0.05883,4.0
1753533214127,12:33:34.127,BANK/USDT:USDT,0.05878,2.0,0.05877,4.0,0.05882,6.0,0.05883,4.0
1753533215541,12:33:35.541,BANK/USDT:USDT,0.05878,2.0,0.05877,4.0,0.05882,6.0,0.05883,4.0
1753533215594,12:33:35.594,BANK/USDT:USDT,0.05878,2.0,0.05877,4.0,0.05882,6.0,0.05883,4.0
1753533215762,12:33:35.762,BANK/USDT:USDT,0.05878,2.0,0.05875,3.0,0.05882,6.0,0.05884,3.0
1753533215786,12:33:35.786,BANK/USDT:USDT,0.05877,4.0,0.05876,2.0,0.05882,6.0,0.05884,3.0
1753533215871,12:33:35.871,BANK/USDT:USDT,0.05878,2.0,0.05877,4.0,0.05882,6.0,0.05884,3.0
1753533216015,12:33:36.015,BANK/USDT:USDT,0.05878,2.0,0.05877,4.0,0.05882,6.0,0.05884,3.0
1753533217246,12:33:37.246,BANK/USDT:USDT,0.05878,2.0,0.05877,4.0,0.05882,6.0,0.05884,3.0
1753533217931,12:33:37.931,BANK/USDT:USDT,0.05878,2.0,0.05875,3.0,0.05882,6.0,0.05886,3.0
1753533217987,12:33:37.987,BANK/USDT:USDT,0.05877,4.0,0.05876,2.0,0.05882,6.0,0.05886,3.0
1753533218085,12:33:38.085,BANK/USDT:USDT,0.05878,2.0,0.05877,4.0,0.05882,6.0,0.05886,3.0
1753533218874,12:33:38.874,BANK/USDT:USDT,0.05878,2.0,0.05877,4.0,0.05882,6.0,0.05886,3.0
1753533220083,12:33:40.083,BANK/USDT:USDT,0.05878,2.0,0.05875,3.0,0.05882,6.0,0.05888,4.0
1753533220187,12:33:40.187,BANK/USDT:USDT,0.05877,4.0,0.05876,2.0,0.05882,6.0,0.05888,4.0
1753533220340,12:33:40.340,BANK/USDT:USDT,0.05878,2.0,0.05877,4.0,0.05882,6.0,0.05888,4.0
1753533220898,12:33:40.898,BANK/USDT:USDT,0.05878,2.0,0.05877,4.0,0.05882,6.0,0.05888,4.0
1753533221960,12:33:41.960,BANK/USDT:USDT,0.05878,2.0,0.05877,4.0,0.05882,6.0,0.05888,4.0
1753533222134,12:33:42.134,BANK/USDT:USDT,0.05878,2.0,0.05877,4.0,0.05882,6.0,0.05888,4.0
1753533222291,12:33:42.291,BANK/USDT:USDT,0.05878,2.0,0.05875,3.0,0.05882,6.0,0.0589,3.0
1753533222386,12:33:42.386,BANK/USDT:USDT,0.05877,3.0,0.05876,2.0,0.05882,6.0,0.0589,3.0
1753533222474,12:33:42.474,BANK/USDT:USDT,0.05878,2.0,0.05877,3.0,0.05882,6.0,0.0589,3.0
1753533222957,12:33:42.957,BANK/USDT:USDT,0.05878,2.0,0.05877,3.0,0.05882,6.0,0.0589,3.0
1753533223832,12:33:43.832,BANK/USDT:USDT,0.05878,2.0,0.05877,3.0,0.05882,6.0,0.0589,3.0
1753533224524,12:33:44.524,BANK/USDT:USDT,0.05878,5.0,0.05875,3.0,0.05882,6.0,0.0589,3.0
1753533224983,12:33:44.983,BANK/USDT:USDT,0.05878,5.0,0.05875,3.0,0.05882,6.0,0.0589,3.0
1753533225139,12:33:45.139,BANK/USDT:USDT,0.05878,5.0,0.05875,3.0,0.05882,6.0,0.0589,3.0
1753533226700,12:33:46.700,BANK/USDT:USDT,0.05878,5.0,0.05873,3.0,0.05882,6.0,0.0589,3.0
1753533227007,12:33:47.007,BANK/USDT:USDT,0.05878,5.0,0.05873,3.0,0.05882,6.0,0.0589,3.0
1753533228878,12:33:48.878,BANK/USDT:USDT,0.05878,5.0,0.05871,3.0,0.05882,6.0,0.0589,3.0
1753533229354,12:33:49.354,BANK/USDT:USDT,0.05878,5.0,0.05871,3.0,0.05882,6.0,0.0589,3.0
1753533229940,12:33:49.940,BANK/USDT:USDT,0.05878,5.0,0.05871,3.0,0.05882,6.0,0.0589,3.0
1753533230025,12:33:50.025,BANK/USDT:USDT,0.05878,5.0,0.05871,3.0,0.05882,6.0,0.0589,3.0
1753533230263,12:33:50.263,BANK/USDT:USDT,0.05878,5.0,0.05871,3.0,0.05882,6.0,0.0589,3.0
1753533230265,12:33:50.265,BANK/USDT:USDT,0.05878,5.0,0.05871,3.0,0.05882,6.0,0.0589,3.0
1753533234740,12:33:54.740,BANK/USDT:USDT,0.05878,5.0,0.05871,3.0,0.05882,6.0,0.0589,3.0
1753533235128,12:33:55.128,BANK/USDT:USDT,0.05878,5.0,0.05871,3.0,0.05882,6.0,0.0589,3.0
1753533239540,12:33:59.540,BANK/USDT:USDT,0.05878,5.0,0.05871,3.0,0.05882,6.0,0.0589,3.0
1753533244331,12:34:04.331,BANK/USDT:USDT,0.05878,5.0,0.05871,3.0,0.05882,2.0,0.0589,3.0
1753533244445,12:34:04.445,BANK/USDT:USDT,0.05878,5.0,0.05871,6.0,0.05888,3.0,0.05889,2.0
1753533244495,12:34:04.495,BANK/USDT:USDT,0.05878,5.0,0.05871,3.0,0.05886,3.0,0.05887,2.0
1753533244596,12:34:04.596,BANK/USDT:USDT,0.05878,5.0,0.05871,3.0,0.05884,3.0,0.05885,5.0
1753533244688,12:34:04.688,BANK/USDT:USDT,0.05878,2.0,0.05871,3.0,0.05883,2.0,0.05884,3.0
1753533244853,12:34:04.853,BANK/USDT:USDT,0.05873,3.0,0.05872,2.0,0.05882,3.0,0.05883,5.0
1753533244901,12:34:04.901,BANK/USDT:USDT,0.05875,3.0,0.05874,2.0,0.05881,2.0,0.05882,3.0
1753533244988,12:34:04.988,BANK/USDT:USDT,0.05876,2.0,0.05875,3.0,0.05881,2.0,0.05882,3.0
1753533245149,12:34:05.149,BANK/USDT:USDT,0.05877,3.0,0.05876,2.0,0.05881,2.0,0.05882,3.0
1753533245206,12:34:05.206,BANK/USDT:USDT,0.05878,2.0,0.05877,3.0,0.05881,2.0,0.05882,3.0
1753533246045,12:34:06.045,BANK/USDT:USDT,0.05878,2.0,0.05877,3.0,0.05881,2.0,0.05882,3.0
1753533246291,12:34:06.291,BANK/USDT:USDT,0.05878,2.0,0.05875,3.0,0.05881,2.0,0.05883,3.0
1753533246391,12:34:06.391,BANK/USDT:USDT,0.05876,2.0,0.05875,3.0,0.05882,2.0,0.05883,3.0
1753533246544,12:34:06.544,BANK/USDT:USDT,0.05877,3.0,0.05876,2.0,0.05882,2.0,0.05883,3.0
1753533246571,12:34:06.571,BANK/USDT:USDT,0.05878,2.0,0.05877,3.0,0.05882,2.0,0.05883,3.0
1753533247310,12:34:07.310,BANK/USDT:USDT,0.05878,2.0,0.05877,3.0,0.05882,2.0,0.05883,3.0
1753533247729,12:34:07.729,BANK/USDT:USDT,0.05878,2.0,0.05877,3.0,0.05882,2.0,0.05883,3.0
1753533248470,12:34:08.470,BANK/USDT:USDT,0.05878,2.0,0.05875,3.0,0.05882,2.0,0.05884,3.0
1753533248624,12:34:08.624,BANK/USDT:USDT,0.05877,3.0,0.05876,5.0,0.05883,2.0,0.05884,3.0
1753533248674,12:34:08.674,BANK/USDT:USDT,0.05878,2.0,0.05877,3.0,0.05883,2.0,0.05884,3.0
1753533248782,12:34:08.782,BANK/USDT:USDT,0.05878,2.0,0.05877,3.0,0.05883,2.0,0.05884,3.0
1753533248954,12:34:08.954,BANK/USDT:USDT,0.05878,2.0,0.05877,3.0,0.05883,2.0,0.05884,3.0
1753533249095,12:34:09.095,BANK/USDT:USDT,0.05878,2.0,0.05877,3.0,0.05883,5.0,0.05884,3.0
1753533249455,12:34:09.455,BANK/USDT:USDT,0.05878,2.0,0.05877,3.0,0.05883,5.0,0.05884,3.0
1753533250668,12:34:10.668,BANK/USDT:USDT,0.05878,2.0,0.05876,3.0,0.05883,5.0,0.05886,3.0
1753533250821,12:34:10.821,BANK/USDT:USDT,0.05877,2.0,0.05876,3.0,0.05883,5.0,0.05886,3.0
1753533250984,12:34:10.984,BANK/USDT:USDT,0.05877,6.0,0.05876,3.0,0.05883,5.0,0.05886,3.0
1753533252847,12:34:12.847,BANK/USDT:USDT,0.05877,6.0,0.05875,3.0,0.05883,5.0,0.05888,3.0
1753533253018,12:34:13.018,BANK/USDT:USDT,0.05877,6.0,0.05875,3.0,0.05883,5.0,0.05888,3.0
1753533254141,12:34:14.141,BANK/USDT:USDT,0.05877,6.0,0.05875,3.0,0.05883,5.0,0.05888,3.0
1753533255000,12:34:15.000,BANK/USDT:USDT,0.05877,6.0,0.05873,3.0,0.05883,5.0,0.0589,3.0
1753533256121,12:34:16.121,BANK/USDT:USDT,0.05878,4.0,0.05877,6.0,0.05883,5.0,0.0589,3.0
1753533256253,12:34:16.253,BANK/USDT:USDT,0.05879,2.0,0.05878,4.0,0.05883,5.0,0.0589,3.0
1753533257086,12:34:17.086,BANK/USDT:USDT,0.05879,2.0,0.05878,4.0,0.05883,5.0,0.0589,3.0
1753533257179,12:34:17.179,BANK/USDT:USDT,0.05879,2.0,0.05877,4.0,0.05883,5.0,0.0589,3.0
1753533257333,12:34:17.333,BANK/USDT:USDT,0.05878,2.0,0.05877,4.0,0.05883,5.0,0.0589,3.0
1753533257493,12:34:17.493,BANK/USDT:USDT,0.05878,2.0,0.05877,4.0,0.05883,5.0,0.0589,3.0
1753533257650,12:34:17.650,BANK/USDT:USDT,0.05878,2.0,0.05877,4.0,0.05883,5.0,0.0589,3.0
1753533257802,12:34:17.802,BANK/USDT:USDT,0.05878,2.0,0.05877,4.0,0.05883,5.0,0.0589,3.0
1753533257973,12:34:17.973,BANK/USDT:USDT,0.05878,2.0,0.05877,4.0,0.05883,5.0,0.0589,3.0
1753533258146,12:34:18.146,BANK/USDT:USDT,0.05878,2.0,0.05877,4.0,0.05883,5.0,0.0589,3.0
1753533258297,12:34:18.297,BANK/USDT:USDT,0.05878,2.0,0.05877,4.0,0.05883,5.0,0.0589,3.0
1753533258449,12:34:18.449,BANK/USDT:USDT,0.05879,4.0,0.05878,2.0,0.05883,2.0,0.0589,3.0
1753533258545,12:34:18.545,BANK/USDT:USDT,0.0588,1.0,0.05879,4.0,0.05888,4.0,0.05889,1.0
1753533258586,12:34:18.586,BANK/USDT:USDT,0.0588,1.0,0.05879,4.0,0.05886,4.0,0.05887,1.0
1753533258746,12:34:18.746,BANK/USDT:USDT,0.0588,1.0,0.05877,4.0,0.05884,4.0,0.05885,1.0
1753533258852,12:34:18.852,BANK/USDT:USDT,0.05878,1.0,0.05877,4.0,0.05883,2.0,0.05884,4.0
1753533258951,12:34:18.951,BANK/USDT:USDT,0.05878,1.0,0.05877,4.0,0.05883,2.0,0.05884,4.0
1753533258991,12:34:18.991,BANK/USDT:USDT,0.05878,1.0,0.05877,4.0,0.05883,2.0,0.05884,4.0
1753533259110,12:34:19.110,BANK/USDT:USDT,0.05878,1.0,0.05877,4.0,0.05883,2.0,0.05884,4.0
1753533259263,12:34:19.263,BANK/USDT:USDT,0.05878,5.0,0.05877,4.0,0.05883,2.0,0.05884,4.0
1753533259326,12:34:19.326,BANK/USDT:USDT,0.05878,1.0,0.05873,3.0,0.05883,2.0,0.05886,4.0
1753533259387,12:34:19.387,BANK/USDT:USDT,0.05875,4.0,0.05874,1.0,0.05884,4.0,0.05885,2.0
1753533259497,12:34:19.497,BANK/USDT:USDT,0.0588,1.0,0.05877,4.0,0.05883,2.0,0.05884,4.0
1753533259592,12:34:19.592,BANK/USDT:USDT,0.05878,2.0,0.05877,4.0,0.05883,2.0,0.05884,4.0
1753533259742,12:34:19.742,BANK/USDT:USDT,0.05878,6.0,0.05877,4.0,0.05883,2.0,0.05884,4.0
1753533260038,12:34:20.038,BANK/USDT:USDT,0.05878,6.0,0.05877,4.0,0.05883,2.0,0.05884,4.0
1753533261231,12:34:21.231,BANK/USDT:USDT,0.05878,6.0,0.05877,4.0,0.05883,2.0,0.05884,4.0
1753533261482,12:34:21.482,BANK/USDT:USDT,0.05878,6.0,0.05875,4.0,0.05883,5.0,0.05886,4.0
1753533262071,12:34:22.071,BANK/USDT:USDT,0.05878,6.0,0.05875,4.0,0.05883,5.0,0.05886,4.0
1753533263662,12:34:23.662,BANK/USDT:USDT,0.05878,6.0,0.05873,3.0,0.05883,5.0,0.05888,4.0
1753533264106,12:34:24.106,BANK/USDT:USDT,0.05878,6.0,0.05873,3.0,0.05883,5.0,0.05888,4.0
1753533265861,12:34:25.861,BANK/USDT:USDT,0.05878,6.0,0.05871,3.0,0.05883,5.0,0.0589,3.0
1753533266134,12:34:26.134,BANK/USDT:USDT,0.05878,6.0,0.05871,3.0,0.05883,5.0,0.0589,3.0
1753533266302,12:34:26.302,BANK/USDT:USDT,0.05878,6.0,0.05871,3.0,0.05883,5.0,0.0589,3.0
1753533270542,12:34:30.542,BANK/USDT:USDT,0.05878,6.0,0.05871,3.0,0.05883,5.0,0.0589,3.0
1753533275342,12:34:35.342,BANK/USDT:USDT,0.05878,6.0,0.05871,3.0,0.05883,5.0,0.0589,3.0
1753533280141,12:34:40.141,BANK/USDT:USDT,0.05878,6.0,0.05871,3.0,0.05883,5.0,0.0589,3.0
1753533294503,12:34:54.503,BANK/USDT:USDT,0.05878,6.0,0.05871,3.0,0.05883,5.0,0.0589,3.0
1753533297071,12:34:57.071,BANK/USDT:USDT,0.05879,4.0,0.05878,6.0,0.05883,2.0,0.0589,3.0
1753533297218,12:34:57.218,BANK/USDT:USDT,0.0588,2.0,0.05879,4.0,0.05888,4.0,0.05889,2.0
1753533297286,12:34:57.286,BANK/USDT:USDT,0.0588,2.0,0.05879,4.0,0.05886,4.0,0.05887,2.0
1753533297387,12:34:57.387,BANK/USDT:USDT,0.0588,2.0,0.05879,4.0,0.05885,2.0,0.05886,4.0
1753533297540,12:34:57.540,BANK/USDT:USDT,0.0588,2.0,0.05879,4.0,0.05885,2.0,0.05886,4.0
1753533297914,12:34:57.914,BANK/USDT:USDT,0.0588,2.0,0.05879,4.0,0.05885,2.0,0.05886,4.0
1753533298142,12:34:58.142,BANK/USDT:USDT,0.0588,2.0,0.05879,4.0,0.05885,2.0,0.05886,4.0
1753533298253,12:34:58.253,BANK/USDT:USDT,0.0588,2.0,0.05879,4.0,0.05884,4.0,0.05885,6.0
1753533298343,12:34:58.343,BANK/USDT:USDT,0.0588,2.0,0.05879,4.0,0.05883,2.0,0.05884,4.0
1753533298438,12:34:58.438,BANK/USDT:USDT,0.0588,2.0,0.05878,4.0,0.05883,2.0,0.05885,4.0
1753533298477,12:34:58.477,BANK/USDT:USDT,0.05879,2.0,0.05878,4.0,0.05884,2.0,0.05885,4.0
1753533298711,12:34:58.711,BANK/USDT:USDT,0.05879,2.0,0.05878,4.0,0.05884,2.0,0.05885,4.0
1753533298772,12:34:58.772,BANK/USDT:USDT,0.05879,2.0,0.05878,4.0,0.05884,2.0,0.05885,4.0
1753533298868,12:34:58.868,BANK/USDT:USDT,0.05879,2.0,0.05878,4.0,0.05884,2.0,0.05885,4.0
1753533299192,12:34:59.192,BANK/USDT:USDT,0.05879,2.0,0.05878,4.0,0.05884,2.0,0.05885,4.0
1753533299345,12:34:59.345,BANK/USDT:USDT,0.05879,2.0,0.05878,4.0,0.05884,2.0,0.05885,4.0
1753533299605,12:34:59.605,BANK/USDT:USDT,0.05879,2.0,0.05878,4.0,0.05884,2.0,0.05885,4.0
1753533299763,12:34:59.763,BANK/USDT:USDT,0.05879,2.0,0.05878,4.0,0.05884,6.0,0.05885,4.0
1753533299764,12:34:59.764,BANK/USDT:USDT,0.05879,2.0,0.05878,4.0,0.05884,2.0,0.05885,4.0
1753533299932,12:34:59.932,BANK/USDT:USDT,0.05879,2.0,0.05878,4.0,0.05884,2.0,0.05885,4.0
1753533300091,12:35:00.091,BANK/USDT:USDT,0.05879,2.0,0.05878,4.0,0.05884,2.0,0.05885,4.0
1753533300242,12:35:00.242,BANK/USDT:USDT,0.05879,2.0,0.05878,4.0,0.05884,6.0,0.05885,4.0
1753533300594,12:35:00.594,BANK/USDT:USDT,0.05879,2.0,0.05878,4.0,0.05884,6.0,0.05886,4.0
1753533301221,12:35:01.221,BANK/USDT:USDT,0.05879,2.0,0.05878,4.0,0.05884,6.0,0.05886,4.0
1753533301972,12:35:01.972,BANK/USDT:USDT,0.05879,2.0,0.05878,4.0,0.05884,6.0,0.05886,4.0
1753533302715,12:35:02.715,BANK/USDT:USDT,0.05879,2.0,0.05878,4.0,0.05884,6.0,0.05888,4.0
1753533302941,12:35:02.941,BANK/USDT:USDT,0.05879,2.0,0.05878,4.0,0.05884,6.0,0.05888,4.0
1753533303251,12:35:03.251,BANK/USDT:USDT,0.05879,2.0,0.05878,4.0,0.05884,6.0,0.05888,4.0
1753533304847,12:35:04.847,BANK/USDT:USDT,0.05879,2.0,0.05878,4.0,0.05884,6.0,0.0589,3.0
1753533305283,12:35:05.283,BANK/USDT:USDT,0.05879,2.0,0.05878,4.0,0.05884,6.0,0.0589,3.0
1753533307742,12:35:07.742,BANK/USDT:USDT,0.05879,2.0,0.05878,4.0,0.05884,6.0,0.0589,3.0
1753533308247,12:35:08.247,BANK/USDT:USDT,0.05879,2.0,0.05878,4.0,0.05884,6.0,0.0589,3.0
1753533311336,12:35:11.336,BANK/USDT:USDT,0.05879,2.0,0.05878,4.0,0.05884,6.0,0.0589,3.0
1753533311737,12:35:11.737,BANK/USDT:USDT,0.05879,2.0,0.05878,4.0,0.05884,6.0,0.0589,3.0
1753533312542,12:35:12.542,BANK/USDT:USDT,0.05879,2.0,0.05878,4.0,0.05884,6.0,0.0589,3.0
1753533313006,12:35:13.006,BANK/USDT:USDT,0.05879,2.0,0.05878,4.0,0.05883,4.0,0.05884,6.0
1753533313070,12:35:13.070,BANK/USDT:USDT,0.05879,2.0,0.05878,4.0,0.05882,2.0,0.05883,4.0
1753533313369,12:35:13.369,BANK/USDT:USDT,0.05879,2.0,0.05878,4.0,0.05882,2.0,0.05883,4.0
1753533313496,12:35:13.496,BANK/USDT:USDT,0.05879,2.0,0.05878,4.0,0.05882,2.0,0.05884,4.0
1753533313574,12:35:13.574,BANK/USDT:USDT,0.05879,2.0,0.05878,4.0,0.05883,2.0,0.05884,4.0
1753533313789,12:35:13.789,BANK/USDT:USDT,0.05879,2.0,0.05878,4.0,0.05883,2.0,0.05884,4.0
1753533314207,12:35:14.207,BANK/USDT:USDT,0.05879,2.0,0.05878,4.0,0.05883,2.0,0.05884,4.0
1753533314984,12:35:14.984,BANK/USDT:USDT,0.05879,2.0,0.05878,4.0,0.05883,2.0,0.05884,4.0
1753533315641,12:35:15.641,BANK/USDT:USDT,0.05879,2.0,0.05878,4.0,0.05883,2.0,0.0589,3.0
1753533315686,12:35:15.686,BANK/USDT:USDT,0.05879,2.0,0.05878,4.0,0.05888,4.0,0.05889,2.0
1753533315826,12:35:15.826,BANK/USDT:USDT,0.05879,2.0,0.05878,4.0,0.05886,4.0,0.05887,2.0
1753533315886,12:35:15.886,BANK/USDT:USDT,0.05879,2.0,0.05878,4.0,0.05884,4.0,0.05885,5.0
1753533315974,12:35:15.974,BANK/USDT:USDT,0.05879,2.0,0.05878,4.0,0.05883,2.0,0.05884,4.0
1753533316248,12:35:16.248,BANK/USDT:USDT,0.05879,2.0,0.05878,4.0,0.05883,2.0,0.05884,4.0
1753533317081,12:35:17.081,BANK/USDT:USDT,0.05879,2.0,0.05878,4.0,0.05883,2.0,0.05884,4.0
1753533317342,12:35:17.342,BANK/USDT:USDT,0.05879,2.0,0.05878,4.0,0.05883,2.0,0.05884,4.0
1753533317491,12:35:17.491,BANK/USDT:USDT,0.05879,2.0,0.05878,4.0,0.05883,6.0,0.05884,4.0
1753533317793,12:35:17.793,BANK/USDT:USDT,0.05879,2.0,0.05878,4.0,0.05883,6.0,0.05886,4.0
1753533319974,12:35:19.974,BANK/USDT:USDT,0.05879,2.0,0.05878,4.0,0.05883,6.0,0.05888,4.0
1753533321116,12:35:21.116,BANK/USDT:USDT,0.05879,2.0,0.05878,4.0,0.05883,6.0,0.05888,4.0
1753533322153,12:35:22.153,BANK/USDT:USDT,0.05879,2.0,0.05878,4.0,0.05883,6.0,0.0589,3.0
1753533323147,12:35:23.147,BANK/USDT:USDT,0.05879,2.0,0.05878,4.0,0.05883,6.0,0.0589,3.0
1753533326943,12:35:26.943,BANK/USDT:USDT,0.05879,2.0,0.05878,4.0,0.05883,6.0,0.0589,3.0
1753533331742,12:35:31.742,BANK/USDT:USDT,0.05879,2.0,0.05878,4.0,0.05883,6.0,0.0589,3.0
1753533336542,12:35:36.542,BANK/USDT:USDT,0.05879,2.0,0.05878,4.0,0.05883,6.0,0.0589,3.0
1753533347831,12:35:47.831,BANK/USDT:USDT,0.05879,2.0,0.05878,4.0,0.05883,6.0,0.0589,3.0
1753533350630,12:35:50.630,BANK/USDT:USDT,0.05879,2.0,0.05878,4.0,0.05883,2.0,0.0589,3.0
1753533350706,12:35:50.706,BANK/USDT:USDT,0.05879,2.0,0.05878,4.0,0.05888,4.0,0.05889,2.0
1753533350786,12:35:50.786,BANK/USDT:USDT,0.05879,2.0,0.05878,4.0,0.05886,4.0,0.05887,2.0
1753533350933,12:35:50.933,BANK/USDT:USDT,0.05879,2.0,0.05878,4.0,0.05884,4.0,0.05885,2.0
1753533350978,12:35:50.978,BANK/USDT:USDT,0.05879,2.0,0.05878,4.0,0.05883,2.0,0.05884,4.0
1753533351355,12:35:51.355,BANK/USDT:USDT,0.05879,2.0,0.05878,4.0,0.05883,2.0,0.05884,4.0
1753533352624,12:35:52.624,BANK/USDT:USDT,0.05879,2.0,0.05878,4.0,0.05883,2.0,0.05886,4.0
1753533352687,12:35:52.687,BANK/USDT:USDT,0.05879,2.0,0.05878,4.0,0.05884,4.0,0.05885,2.0
1753533352777,12:35:52.777,BANK/USDT:USDT,0.05879,2.0,0.05878,4.0,0.05883,2.0,0.05884,4.0
1753533352891,12:35:52.891,BANK/USDT:USDT,0.05879,2.0,0.05878,4.0,0.05883,2.0,0.05884,4.0
1753533354006,12:35:54.006,BANK/USDT:USDT,0.05879,2.0,0.05878,4.0,0.05883,2.0,0.05884,4.0
1753533354068,12:35:54.068,BANK/USDT:USDT,0.05879,2.0,0.05878,4.0,0.05883,2.0,0.05884,4.0
1753533354808,12:35:54.808,BANK/USDT:USDT,0.05879,2.0,0.05878,4.0,0.05883,2.0,0.05886,4.0
1753533354886,12:35:54.886,BANK/USDT:USDT,0.05879,2.0,0.05878,4.0,0.05884,4.0,0.05885,2.0
1753533354991,12:35:54.991,BANK/USDT:USDT,0.05879,2.0,0.05878,4.0,0.05883,2.0,0.05884,4.0
1753533355403,12:35:55.403,BANK/USDT:USDT,0.05879,2.0,0.05878,4.0,0.05883,2.0,0.05884,4.0
1753533357005,12:35:57.005,BANK/USDT:USDT,0.05879,2.0,0.05878,4.0,0.05883,2.0,0.05886,4.0
1753533357086,12:35:57.086,BANK/USDT:USDT,0.05879,2.0,0.05878,4.0,0.05884,4.0,0.05885,2.0
1753533357174,12:35:57.174,BANK/USDT:USDT,0.05879,2.0,0.05878,4.0,0.05883,2.0,0.05884,4.0
1753533357391,12:35:57.391,BANK/USDT:USDT,0.05879,2.0,0.05878,4.0,0.05883,2.0,0.05884,4.0
1753533359196,12:35:59.196,BANK/USDT:USDT,0.05879,2.0,0.05878,4.0,0.05883,2.0,0.05886,4.0
1753533359286,12:35:59.286,BANK/USDT:USDT,0.05879,2.0,0.05878,4.0,0.05884,4.0,0.05885,2.0
1753533359431,12:35:59.431,BANK/USDT:USDT,0.05879,2.0,0.05878,4.0,0.05883,2.0,0.05884,4.0
1753533359846,12:35:59.846,BANK/USDT:USDT,0.05879,2.0,0.05878,4.0,0.05883,2.0,0.05884,4.0
1753533360016,12:36:00.016,BANK/USDT:USDT,0.05879,6.0,0.05878,4.0,0.05883,2.0,0.05884,4.0
1753533361359,12:36:01.359,BANK/USDT:USDT,0.0588,4.0,0.05879,6.0,0.05883,2.0,0.05888,4.0
1753533361390,12:36:01.390,BANK/USDT:USDT,0.05881,2.0,0.0588,4.0,0.05887,2.0,0.05888,4.0
1753533361540,12:36:01.540,BANK/USDT:USDT,0.05881,2.0,0.0588,4.0,0.05886,4.0,0.05887,2.0
1753533361577,12:36:01.577,BANK/USDT:USDT,0.05881,2.0,0.0588,4.0,0.05885,2.0,0.05886,4.0
1753533361941,12:36:01.941,BANK/USDT:USDT,0.05881,2.0,0.0588,4.0,0.05885,2.0,0.05886,4.0
1753533362153,12:36:02.153,BANK/USDT:USDT,0.05881,2.0,0.0588,4.0,0.05885,2.0,0.05886,4.0
1753533362338,12:36:02.338,BANK/USDT:USDT,0.05881,2.0,0.0588,4.0,0.05885,2.0,0.05886,4.0
1753533363498,12:36:03.498,BANK/USDT:USDT,0.05881,2.0,0.05879,4.0,0.05885,2.0,0.05888,4.0
1753533363658,12:36:03.658,BANK/USDT:USDT,0.0588,2.0,0.05879,4.0,0.05886,4.0,0.05887,2.0
1753533363671,12:36:03.671,BANK/USDT:USDT,0.0588,2.0,0.05879,4.0,0.05885,2.0,0.05886,4.0
1753533363811,12:36:03.811,BANK/USDT:USDT,0.0588,2.0,0.05879,4.0,0.05885,2.0,0.05886,4.0
1753533363877,12:36:03.877,BANK/USDT:USDT,0.0588,2.0,0.05879,4.0,0.05885,2.0,0.05886,4.0
1753533363978,12:36:03.978,BANK/USDT:USDT,0.0588,2.0,0.05879,4.0,0.05885,2.0,0.05886,4.0
1753533364404,12:36:04.404,BANK/USDT:USDT,0.0588,2.0,0.05879,4.0,0.05885,2.0,0.05886,4.0
1753533364580,12:36:04.580,BANK/USDT:USDT,0.0588,2.0,0.05879,4.0,0.05885,6.0,0.05886,4.0
1753533364831,12:36:04.831,BANK/USDT:USDT,0.0588,2.0,0.05879,4.0,0.05885,6.0,0.05886,4.0
1753533364896,12:36:04.896,BANK/USDT:USDT,0.0588,2.0,0.05879,4.0,0.05885,6.0,0.05886,4.0
1753533365330,12:36:05.330,BANK/USDT:USDT,0.0588,2.0,0.05879,4.0,0.05885,6.0,0.05886,4.0
1753533365657,12:36:05.657,BANK/USDT:USDT,0.0588,2.0,0.05878,4.0,0.05885,6.0,0.05888,4.0
1753533365759,12:36:05.759,BANK/USDT:USDT,0.05879,2.0,0.05878,4.0,0.05885,6.0,0.05888,4.0
1753533365794,12:36:05.794,BANK/USDT:USDT,0.05879,2.0,0.05878,4.0,0.05885,6.0,0.05888,4.0
1753533365866,12:36:05.866,BANK/USDT:USDT,0.05879,2.0,0.05878,4.0,0.05884,4.0,0.05885,6.0
1753533365973,12:36:05.973,BANK/USDT:USDT,0.05879,2.0,0.05878,4.0,0.05883,2.0,0.05884,4.0
1753533366205,12:36:06.205,BANK/USDT:USDT,0.05879,2.0,0.05878,4.0,0.05883,2.0,0.05884,4.0
1753533366625,12:36:06.625,BANK/USDT:USDT,0.05879,2.0,0.05878,4.0,0.05883,2.0,0.05884,4.0
1753533366953,12:36:06.953,BANK/USDT:USDT,0.05879,2.0,0.05878,4.0,0.05883,2.0,0.05884,4.0
1753533367042,12:36:07.042,BANK/USDT:USDT,0.05879,2.0,0.05878,4.0,0.05883,2.0,0.05884,4.0
1753533367463,12:36:07.463,BANK/USDT:USDT,0.05879,2.0,0.05878,4.0,0.05883,2.0,0.05884,4.0
1753533367464,12:36:07.464,BANK/USDT:USDT,0.05879,2.0,0.05878,4.0,0.05883,2.0,0.05884,4.0
1753533367788,12:36:07.788,BANK/USDT:USDT,0.05879,2.0,0.05878,4.0,0.05883,2.0,0.05885,4.0
1753533367942,12:36:07.942,BANK/USDT:USDT,0.05879,2.0,0.05878,4.0,0.05884,2.0,0.05885,4.0
1753533368117,12:36:08.117,BANK/USDT:USDT,0.05879,2.0,0.05878,4.0,0.05884,2.0,0.05885,4.0
1753533368297,12:36:08.297,BANK/USDT:USDT,0.05879,2.0,0.05878,4.0,0.05884,2.0,0.05885,4.0
1753533369027,12:36:09.027,BANK/USDT:USDT,0.05879,2.0,0.05878,4.0,0.05884,2.0,0.05885,4.0
1753533369944,12:36:09.944,BANK/USDT:USDT,0.05879,2.0,0.05878,4.0,0.05884,2.0,0.05888,4.0
1753533370052,12:36:10.052,BANK/USDT:USDT,0.05879,2.0,0.05878,4.0,0.05886,4.0,0.05887,2.0
1753533370096,12:36:10.096,BANK/USDT:USDT,0.05879,2.0,0.05878,4.0,0.05885,2.0,0.05886,4.0
1753533370252,12:36:10.252,BANK/USDT:USDT,0.05879,2.0,0.05878,4.0,0.05885,2.0,0.05886,4.0
1753533370334,12:36:10.334,BANK/USDT:USDT,0.05879,2.0,0.05878,4.0,0.05885,2.0,0.05886,4.0
1753533370398,12:36:10.398,BANK/USDT:USDT,0.05879,6.0,0.05878,4.0,0.05885,2.0,0.05886,4.0
1753533370551,12:36:10.551,BANK/USDT:USDT,0.05879,6.0,0.05878,4.0,0.05885,2.0,0.05886,4.0
1753533371172,12:36:11.172,BANK/USDT:USDT,0.05879,6.0,0.05878,4.0,0.05885,2.0,0.05886,4.0
1753533371333,12:36:11.333,BANK/USDT:USDT,0.05879,6.0,0.05878,4.0,0.05885,2.0,0.05886,4.0
1753533371651,12:36:11.651,BANK/USDT:USDT,0.05879,6.0,0.05878,4.0,0.05885,6.0,0.05886,4.0
1753533371754,12:36:11.754,BANK/USDT:USDT,0.05879,6.0,0.05878,4.0,0.05885,6.0,0.05886,4.0
1753533372116,12:36:12.116,BANK/USDT:USDT,0.05879,6.0,0.05878,4.0,0.05885,6.0,0.05888,4.0
1753533373268,12:36:13.268,BANK/USDT:USDT,0.05879,6.0,0.05878,4.0,0.05885,6.0,0.05888,4.0
1753533374285,12:36:14.285,BANK/USDT:USDT,0.05879,6.0,0.05878,4.0,0.05885,6.0,0.0589,3.0
1753533375297,12:36:15.297,BANK/USDT:USDT,0.05879,6.0,0.05878,4.0,0.05885,6.0,0.0589,3.0
1753533376553,12:36:16.553,BANK/USDT:USDT,0.05879,6.0,0.05878,4.0,0.05885,6.0,0.0589,3.0
1753533380032,12:36:20.032,BANK/USDT:USDT,0.05879,6.0,0.05878,4.0,0.05885,6.0,0.0589,3.0
1753533381353,12:36:21.353,BANK/USDT:USDT,0.05879,6.0,0.05878,4.0,0.05885,6.0,0.0589,3.0
1753533382823,12:36:22.823,BANK/USDT:USDT,0.05879,6.0,0.05878,4.0,0.05884,4.0,0.05885,6.0
1753533382954,12:36:22.954,BANK/USDT:USDT,0.05879,6.0,0.05878,4.0,0.05883,2.0,0.05884,4.0
1753533383086,12:36:23.086,BANK/USDT:USDT,0.05879,6.0,0.05878,4.0,0.05883,2.0,0.05884,4.0
1753533383388,12:36:23.388,BANK/USDT:USDT,0.05879,6.0,0.05878,4.0,0.05883,2.0,0.05884,4.0
1753533384552,12:36:24.552,BANK/USDT:USDT,0.0588,4.0,0.05879,6.0,0.05883,2.0,0.0589,3.0
1753533384632,12:36:24.632,BANK/USDT:USDT,0.05881,2.0,0.0588,4.0,0.05888,4.0,0.05889,2.0
1753533384687,12:36:24.687,BANK/USDT:USDT,0.05881,2.0,0.0588,4.0,0.05886,4.0,0.05887,2.0
1753533384775,12:36:24.775,BANK/USDT:USDT,0.05881,2.0,0.0588,4.0,0.05885,2.0,0.05886,4.0
1753533384942,12:36:24.942,BANK/USDT:USDT,0.05881,2.0,0.0588,4.0,0.05885,2.0,0.05886,4.0
1753533385062,12:36:25.062,BANK/USDT:USDT,0.05881,2.0,0.0588,4.0,0.05885,2.0,0.05886,4.0
1753533385117,12:36:25.117,BANK/USDT:USDT,0.05881,2.0,0.05879,4.0,0.05885,2.0,0.05888,4.0
1753533385245,12:36:25.245,BANK/USDT:USDT,0.0588,2.0,0.05879,4.0,0.05886,4.0,0.05887,2.0
1753533385288,12:36:25.288,BANK/USDT:USDT,0.0588,2.0,0.05879,4.0,0.05885,2.0,0.05886,4.0
1753533385402,12:36:25.402,BANK/USDT:USDT,0.0588,2.0,0.05879,4.0,0.05885,2.0,0.05886,4.0
1753533385481,12:36:25.481,BANK/USDT:USDT,0.0588,2.0,0.05879,4.0,0.05885,2.0,0.05886,4.0
1753533386159,12:36:26.159,BANK/USDT:USDT,0.0588,2.0,0.05879,4.0,0.05885,2.0,0.05886,4.0
1753533386310,12:36:26.310,BANK/USDT:USDT,0.0588,2.0,0.05879,4.0,0.05885,2.0,0.05886,4.0
1753533386470,12:36:26.470,BANK/USDT:USDT,0.0588,2.0,0.05879,4.0,0.05885,2.0,0.05886,4.0
1753533387270,12:36:27.270,BANK/USDT:USDT,0.0588,2.0,0.05878,4.0,0.05885,6.0,0.05888,4.0
1753533387420,12:36:27.420,BANK/USDT:USDT,0.05879,2.0,0.05878,4.0,0.05885,6.0,0.05888,4.0
1753533387574,12:36:27.574,BANK/USDT:USDT,0.05879,2.0,0.05878,4.0,0.05885,6.0,0.05888,4.0
1753533387729,12:36:27.729,BANK/USDT:USDT,0.05879,2.0,0.05878,4.0,0.05885,6.0,0.05888,4.0
1753533387887,12:36:27.887,BANK/USDT:USDT,0.05879,6.0,0.05878,4.0,0.05885,6.0,0.05888,4.0
1753533388332,12:36:28.332,BANK/USDT:USDT,0.05879,6.0,0.05878,4.0,0.05885,6.0,0.05888,4.0
1753533389408,12:36:29.408,BANK/USDT:USDT,0.05879,6.0,0.05878,4.0,0.05885,6.0,0.0589,3.0
1753533390362,12:36:30.362,BANK/USDT:USDT,0.05879,6.0,0.05878,4.0,0.05885,6.0,0.0589,3.0
1753533390954,12:36:30.954,BANK/USDT:USDT,0.05879,6.0,0.05878,4.0,0.05885,6.0,0.0589,3.0
1753533395754,12:36:35.754,BANK/USDT:USDT,0.05879,6.0,0.05878,4.0,0.05885,6.0,0.0589,3.0
1753533400554,12:36:40.554,BANK/USDT:USDT,0.05879,6.0,0.05878,4.0,0.05885,6.0,0.0589,3.0
1753533407356,12:36:47.356,BANK/USDT:USDT,0.05879,6.0,0.05878,4.0,0.05884,3.0,0.05885,6.0
1753533407377,12:36:47.377,BANK/USDT:USDT,0.05879,6.0,0.05878,4.0,0.05883,2.0,0.05884,3.0
1753533407672,12:36:47.672,BANK/USDT:USDT,0.05879,6.0,0.05878,4.0,0.05883,2.0,0.05884,3.0
1753533407803,12:36:47.803,BANK/USDT:USDT,0.05879,6.0,0.05878,4.0,0.05883,2.0,0.05884,3.0
1753533408103,12:36:48.103,BANK/USDT:USDT,0.05879,6.0,0.05878,4.0,0.05883,2.0,0.05884,3.0
1753533408518,12:36:48.518,BANK/USDT:USDT,0.05879,6.0,0.05878,4.0,0.05883,2.0,0.05884,3.0
1753533408946,12:36:48.946,BANK/USDT:USDT,0.05879,6.0,0.05878,4.0,0.05883,2.0,0.05885,4.0
1753533408970,12:36:48.970,BANK/USDT:USDT,0.05879,6.0,0.05878,4.0,0.05884,2.0,0.05885,4.0
1753533409376,12:36:49.376,BANK/USDT:USDT,0.05879,6.0,0.05878,4.0,0.05884,2.0,0.05885,4.0
1753533411088,12:36:51.088,BANK/USDT:USDT,0.05879,6.0,0.05878,4.0,0.05884,2.0,0.0589,3.0
1753533411208,12:36:51.208,BANK/USDT:USDT,0.05879,6.0,0.05878,4.0,0.05888,3.0,0.05889,2.0
1753533411286,12:36:51.286,BANK/USDT:USDT,0.05879,6.0,0.05878,4.0,0.05886,3.0,0.05887,2.0
1753533411416,12:36:51.416,BANK/USDT:USDT,0.05879,6.0,0.05878,4.0,0.05885,2.0,0.05886,3.0
1753533411506,12:36:51.506,BANK/USDT:USDT,0.05879,6.0,0.05878,4.0,0.05885,2.0,0.05886,3.0
1753533411575,12:36:51.575,BANK/USDT:USDT,0.05879,6.0,0.05878,4.0,0.05885,2.0,0.05886,3.0
1753533411728,12:36:51.728,BANK/USDT:USDT,0.05879,6.0,0.05878,4.0,0.05884,3.0,0.05885,2.0
1753533411829,12:36:51.829,BANK/USDT:USDT,0.05879,6.0,0.05878,4.0,0.05883,2.0,0.05884,3.0
1753533411896,12:36:51.896,BANK/USDT:USDT,0.05879,6.0,0.05878,4.0,0.05883,2.0,0.05884,3.0
1753533412258,12:36:52.258,BANK/USDT:USDT,0.05879,6.0,0.05878,4.0,0.05883,2.0,0.05884,3.0
1753533412683,12:36:52.683,BANK/USDT:USDT,0.05879,6.0,0.05878,4.0,0.05883,2.0,0.05884,3.0
1753533413247,12:36:53.247,BANK/USDT:USDT,0.05879,6.0,0.05878,4.0,0.05883,2.0,0.05886,3.0
1753533413288,12:36:53.288,BANK/USDT:USDT,0.05879,6.0,0.05878,4.0,0.05885,2.0,0.05886,3.0
1753533413437,12:36:53.437,BANK/USDT:USDT,0.05879,6.0,0.05878,4.0,0.05884,3.0,0.05885,2.0
1753533413494,12:36:53.494,BANK/USDT:USDT,0.05879,6.0,0.05878,4.0,0.05883,2.0,0.05884,3.0
1753533413906,12:36:53.906,BANK/USDT:USDT,0.05879,6.0,0.05878,4.0,0.05883,2.0,0.05884,3.0
1753533414962,12:36:54.962,BANK/USDT:USDT,0.05879,6.0,0.05878,4.0,0.05883,2.0,0.05884,3.0
1753533415009,12:36:55.009,BANK/USDT:USDT,0.05879,6.0,0.05878,4.0,0.05883,2.0,0.05884,3.0
1753533415136,12:36:55.136,BANK/USDT:USDT,0.05879,6.0,0.05878,4.0,0.05883,2.0,0.05884,3.0
1753533415447,12:36:55.447,BANK/USDT:USDT,0.05879,6.0,0.05878,4.0,0.05883,2.0,0.05886,3.0
1753533415555,12:36:55.555,BANK/USDT:USDT,0.05879,6.0,0.05878,4.0,0.05885,2.0,0.05886,3.0
1753533415638,12:36:55.638,BANK/USDT:USDT,0.05879,6.0,0.05878,4.0,0.05884,3.0,0.05885,2.0
1753533415672,12:36:55.672,BANK/USDT:USDT,0.05879,6.0,0.05878,4.0,0.05883,2.0,0.05884,3.0
1753533415970,12:36:55.970,BANK/USDT:USDT,0.05879,6.0,0.05878,4.0,0.05883,2.0,0.05884,3.0
1753533417640,12:36:57.640,BANK/USDT:USDT,0.05879,6.0,0.05878,4.0,0.05883,2.0,0.05886,3.0
1753533417687,12:36:57.687,BANK/USDT:USDT,0.05879,6.0,0.05878,4.0,0.05885,2.0,0.05886,3.0
1753533417848,12:36:57.848,BANK/USDT:USDT,0.05879,6.0,0.05878,4.0,0.05884,3.0,0.05885,2.0
1753533417871,12:36:57.871,BANK/USDT:USDT,0.05879,6.0,0.05878,4.0,0.05883,2.0,0.05884,3.0
1753533419856,12:36:59.856,BANK/USDT:USDT,0.05879,6.0,0.05878,4.0,0.05883,2.0,0.05886,3.0
1753533419887,12:36:59.887,BANK/USDT:USDT,0.05879,6.0,0.05878,4.0,0.05885,2.0,0.05886,3.0
1753533420041,12:37:00.041,BANK/USDT:USDT,0.05879,6.0,0.05878,4.0,0.05885,2.0,0.05886,3.0
1753533420163,12:37:00.163,BANK/USDT:USDT,0.0588,3.0,0.05879,6.0,0.05885,5.0,0.05886,3.0
1753533420170,12:37:00.170,BANK/USDT:USDT,0.05881,2.0,0.0588,3.0,0.05885,5.0,0.05886,3.0
1753533420426,12:37:00.426,BANK/USDT:USDT,0.05881,2.0,0.0588,3.0,0.05885,5.0,0.05886,3.0
1753533421356,12:37:01.356,BANK/USDT:USDT,0.05881,2.0,0.0588,3.0,0.05885,5.0,0.05886,3.0
1753533421701,12:37:01.701,BANK/USDT:USDT,0.05881,2.0,0.0588,3.0,0.05885,5.0,0.05886,3.0
1753533422005,12:37:02.005,BANK/USDT:USDT,0.05881,2.0,0.05879,4.0,0.05885,5.0,0.05888,3.0
1753533422072,12:37:02.072,BANK/USDT:USDT,0.0588,2.0,0.05879,4.0,0.05885,3.0,0.05887,2.0
1753533422170,12:37:02.170,BANK/USDT:USDT,0.0588,2.0,0.05879,4.0,0.05885,3.0,0.05887,2.0
1753533422609,12:37:02.609,BANK/USDT:USDT,0.0588,2.0,0.05879,4.0,0.05885,3.0,0.05887,2.0
1753533422769,12:37:02.769,BANK/USDT:USDT,0.0588,2.0,0.05879,4.0,0.05885,3.0,0.05887,2.0
1753533424153,12:37:04.153,BANK/USDT:USDT,0.0588,5.0,0.05878,4.0,0.05885,3.0,0.05886,3.0
1753533424185,12:37:04.185,BANK/USDT:USDT,0.0588,5.0,0.05878,4.0,0.05885,5.0,0.05886,3.0
1753533424643,12:37:04.643,BANK/USDT:USDT,0.0588,5.0,0.05878,4.0,0.05885,5.0,0.05886,3.0
1753533425460,12:37:05.460,BANK/USDT:USDT,0.0588,5.0,0.05878,4.0,0.05885,5.0,0.05886,3.0
1753533426155,12:37:06.155,BANK/USDT:USDT,0.0588,5.0,0.05878,4.0,0.05885,5.0,0.05886,3.0
1753533426291,12:37:06.291,BANK/USDT:USDT,0.0588,5.0,0.05878,4.0,0.05885,5.0,0.0589,3.0
1753533426378,12:37:06.378,BANK/USDT:USDT,0.0588,5.0,0.05878,4.0,0.05885,6.0,0.05889,2.0
1753533426476,12:37:06.476,BANK/USDT:USDT,0.0588,5.0,0.05878,4.0,0.05884,2.0,0.05885,6.0
1753533426569,12:37:06.569,BANK/USDT:USDT,0.0588,5.0,0.05878,4.0,0.05884,2.0,0.05885,3.0
1753533426681,12:37:06.681,BANK/USDT:USDT,0.0588,5.0,0.05878,4.0,0.05884,2.0,0.05885,3.0
1753533427499,12:37:07.499,BANK/USDT:USDT,0.0588,5.0,0.05878,4.0,0.05884,2.0,0.05885,3.0
1753533428439,12:37:08.439,BANK/USDT:USDT,0.0588,5.0,0.05878,4.0,0.05884,2.0,0.0589,3.0
1753533428494,12:37:08.494,BANK/USDT:USDT,0.0588,5.0,0.05878,4.0,0.05888,3.0,0.05889,2.0
1753533428600,12:37:08.600,BANK/USDT:USDT,0.0588,5.0,0.05878,4.0,0.05886,3.0,0.05887,2.0
1753533428745,12:37:08.745,BANK/USDT:USDT,0.0588,5.0,0.05878,4.0,0.05885,5.0,0.05886,3.0
1753533428793,12:37:08.793,BANK/USDT:USDT,0.0588,5.0,0.05878,4.0,0.05885,5.0,0.05886,3.0
1753533429179,12:37:09.179,BANK/USDT:USDT,0.0588,5.0,0.05878,4.0,0.05885,5.0,0.05886,3.0
1753533429608,12:37:09.608,BANK/USDT:USDT,0.0588,5.0,0.05878,4.0,0.05885,5.0,0.05886,3.0
1753533430042,12:37:10.042,BANK/USDT:USDT,0.0588,5.0,0.05878,4.0,0.05885,5.0,0.05886,3.0
1753533430587,12:37:10.587,BANK/USDT:USDT,0.0588,5.0,0.05878,4.0,0.05885,5.0,0.05888,3.0
1753533430955,12:37:10.955,BANK/USDT:USDT,0.0588,5.0,0.05878,4.0,0.05885,5.0,0.05888,3.0
1753533431275,12:37:11.275,BANK/USDT:USDT,0.0588,5.0,0.05878,4.0,0.05885,5.0,0.05888,3.0
1753533432053,12:37:12.053,BANK/USDT:USDT,0.0588,5.0,0.05878,4.0,0.05885,5.0,0.05888,3.0
1753533432730,12:37:12.730,BANK/USDT:USDT,0.0588,5.0,0.05878,4.0,0.05885,5.0,0.0589,3.0
1753533433297,12:37:13.297,BANK/USDT:USDT,0.0588,5.0,0.05878,4.0,0.05885,5.0,0.0589,3.0
1753533435755,12:37:15.755,BANK/USDT:USDT,0.0588,5.0,0.05878,4.0,0.05885,5.0,0.0589,3.0
1753533440557,12:37:20.557,BANK/USDT:USDT,0.0588,5.0,0.05878,4.0,0.05885,5.0,0.0589,3.0
1753533445356,12:37:25.356,BANK/USDT:USDT,0.0588,5.0,0.05878,4.0,0.05885,5.0,0.0589,3.0
1753533447054,12:37:27.054,BANK/USDT:USDT,0.05881,3.0,0.0588,5.0,0.05885,5.0,0.0589,3.0
1753533447162,12:37:27.162,BANK/USDT:USDT,0.05882,2.0,0.05881,3.0,0.05885,2.0,0.0589,3.0
1753533447258,12:37:27.258,BANK/USDT:USDT,0.05882,2.0,0.05881,3.0,0.05888,3.0,0.05889,2.0
1753533447337,12:37:27.337,BANK/USDT:USDT,0.05882,2.0,0.05881,3.0,0.05887,2.0,0.05888,3.0
1753533447445,12:37:27.445,BANK/USDT:USDT,0.05882,2.0,0.05881,3.0,0.05886,3.0,0.05887,5.0
1753533447471,12:37:27.471,BANK/USDT:USDT,0.05882,2.0,0.05881,3.0,0.05885,2.0,0.05886,3.0
1753533447758,12:37:27.758,BANK/USDT:USDT,0.05882,2.0,0.05881,3.0,0.05885,2.0,0.05886,3.0
1753533447770,12:37:27.770,BANK/USDT:USDT,0.05882,2.0,0.05881,3.0,0.05885,2.0,0.05886,3.0
1753533447892,12:37:27.892,BANK/USDT:USDT,0.05882,2.0,0.0588,3.0,0.05885,2.0,0.05888,3.0
1753533448041,12:37:28.041,BANK/USDT:USDT,0.05881,2.0,0.0588,3.0,0.05886,3.0,0.05887,2.0
1753533448114,12:37:28.114,BANK/USDT:USDT,0.05881,2.0,0.0588,3.0,0.05885,2.0,0.05886,3.0
1753533448199,12:37:28.199,BANK/USDT:USDT,0.05881,2.0,0.0588,3.0,0.05885,2.0,0.05886,3.0
1753533448619,12:37:28.619,BANK/USDT:USDT,0.05881,2.0,0.0588,3.0,0.05885,2.0,0.05886,3.0
1753533448779,12:37:28.779,BANK/USDT:USDT,0.05881,2.0,0.0588,3.0,0.05885,2.0,0.05886,3.0
1753533450056,12:37:30.056,BANK/USDT:USDT,0.05881,5.0,0.05878,4.0,0.05885,2.0,0.05888,3.0
1753533450155,12:37:30.155,BANK/USDT:USDT,0.05881,5.0,0.05878,4.0,0.05887,2.0,0.05888,3.0
1753533450244,12:37:30.244,BANK/USDT:USDT,0.05881,5.0,0.05878,4.0,0.05886,3.0,0.05887,2.0
1753533450286,12:37:30.286,BANK/USDT:USDT,0.05881,5.0,0.05878,4.0,0.05885,2.0,0.05886,3.0
1753533450419,12:37:30.419,BANK/USDT:USDT,0.05881,5.0,0.05878,4.0,0.05885,2.0,0.05886,3.0
1753533450662,12:37:30.662,BANK/USDT:USDT,0.05881,5.0,0.05878,4.0,0.05885,2.0,0.05886,3.0
1753533451486,12:37:31.486,BANK/USDT:USDT,0.05881,5.0,0.05878,4.0,0.05885,2.0,0.05886,3.0
1753533452210,12:37:32.210,BANK/USDT:USDT,0.05881,5.0,0.05878,4.0,0.05885,2.0,0.05888,3.0
1753533452345,12:37:32.345,BANK/USDT:USDT,0.05881,5.0,0.05878,4.0,0.05886,3.0,0.05887,2.0
1753533452381,12:37:32.381,BANK/USDT:USDT,0.05881,5.0,0.05878,4.0,0.05885,2.0,0.05886,3.0
1753533452486,12:37:32.486,BANK/USDT:USDT,0.05881,5.0,0.05878,4.0,0.05885,2.0,0.05886,3.0
1753533452717,12:37:32.717,BANK/USDT:USDT,0.05881,5.0,0.05878,4.0,0.05885,2.0,0.05886,3.0
1753533453532,12:37:33.532,BANK/USDT:USDT,0.05881,5.0,0.05878,4.0,0.05885,2.0,0.05886,3.0
1753533454391,12:37:34.391,BANK/USDT:USDT,0.05881,5.0,0.05878,4.0,0.05885,2.0,0.05888,3.0
1753533454486,12:37:34.486,BANK/USDT:USDT,0.05881,5.0,0.05878,4.0,0.05886,3.0,0.05887,2.0
1753533454619,12:37:34.619,BANK/USDT:USDT,0.05881,5.0,0.05878,4.0,0.05885,2.0,0.05886,3.0
1753533454749,12:37:34.749,BANK/USDT:USDT,0.05881,5.0,0.05878,4.0,0.05885,2.0,0.05886,3.0
1753533454955,12:37:34.955,BANK/USDT:USDT,0.05881,5.0,0.05878,4.0,0.05885,2.0,0.05886,3.0
1753533455217,12:37:35.217,BANK/USDT:USDT,0.05881,5.0,0.05878,4.0,0.05885,2.0,0.05886,3.0
1753533456546,12:37:36.546,BANK/USDT:USDT,0.05881,5.0,0.05878,4.0,0.05885,2.0,0.05888,3.0
1753533456641,12:37:36.641,BANK/USDT:USDT,0.05882,3.0,0.05881,5.0,0.05887,2.0,0.05888,3.0
1753533456677,12:37:36.677,BANK/USDT:USDT,0.05883,2.0,0.05882,3.0,0.05887,2.0,0.05888,3.0
1753533456857,12:37:36.857,BANK/USDT:USDT,0.05883,2.0,0.05882,3.0,0.05887,2.0,0.05888,3.0
1753533456881,12:37:36.881,BANK/USDT:USDT,0.05883,2.0,0.05882,3.0,0.05887,2.0,0.05888,3.0
1753533457261,12:37:37.261,BANK/USDT:USDT,0.05883,2.0,0.05882,3.0,0.05887,5.0,0.05888,3.0
1753533457687,12:37:37.687,BANK/USDT:USDT,0.05883,2.0,0.05882,3.0,0.05887,5.0,0.05888,3.0
1753533458116,12:37:38.116,BANK/USDT:USDT,0.05883,2.0,0.05882,3.0,0.05887,5.0,0.05888,3.0
1753533458701,12:37:38.701,BANK/USDT:USDT,0.05883,2.0,0.05881,3.0,0.05887,5.0,0.0589,3.0
1753533458852,12:37:38.852,BANK/USDT:USDT,0.05882,2.0,0.05881,3.0,0.05887,5.0,0.0589,3.0
1753533459016,12:37:39.016,BANK/USDT:USDT,0.05882,2.0,0.05881,3.0,0.05887,5.0,0.0589,3.0
1753533459170,12:37:39.170,BANK/USDT:USDT,0.05882,5.0,0.05881,3.0,0.05887,5.0,0.0589,3.0
1753533459343,12:37:39.343,BANK/USDT:USDT,0.05882,5.0,0.05881,3.0,0.05887,5.0,0.0589,3.0
1753533459755,12:37:39.755,BANK/USDT:USDT,0.05882,5.0,0.05881,3.0,0.05887,5.0,0.0589,3.0
1753533460861,12:37:40.861,BANK/USDT:USDT,0.05882,5.0,0.05878,4.0,0.05887,5.0,0.0589,3.0
1753533461370,12:37:41.370,BANK/USDT:USDT,0.05882,5.0,0.05878,4.0,0.05887,5.0,0.0589,3.0
1753533464555,12:37:44.555,BANK/USDT:USDT,0.05882,5.0,0.05878,4.0,0.05887,5.0,0.0589,3.0
1753533469356,12:37:49.356,BANK/USDT:USDT,0.05882,5.0,0.05878,4.0,0.05887,5.0,0.0589,3.0
1753533469539,12:37:49.539,BANK/USDT:USDT,0.05883,3.0,0.05882,5.0,0.05887,5.0,0.0589,3.0
1753533469613,12:37:49.613,BANK/USDT:USDT,0.05884,2.0,0.05883,3.0,0.05887,2.0,0.0589,3.0
1753533469751,12:37:49.751,BANK/USDT:USDT,0.05884,2.0,0.05883,3.0,0.05888,3.0,0.05889,2.0
1753533469847,12:37:49.847,BANK/USDT:USDT,0.05884,2.0,0.05883,3.0,0.05887,2.0,0.05888,3.0
1753533470019,12:37:50.019,BANK/USDT:USDT,0.05884,2.0,0.05883,3.0,0.05887,2.0,0.05888,3.0
1753533470237,12:37:50.237,BANK/USDT:USDT,0.05884,2.0,0.05883,3.0,0.05887,2.0,0.05888,3.0
1753533470327,12:37:50.327,BANK/USDT:USDT,0.05884,2.0,0.05883,3.0,0.05887,2.0,0.05888,3.0
1753533470656,12:37:50.656,BANK/USDT:USDT,0.05884,2.0,0.05883,3.0,0.05887,2.0,0.05888,3.0
1753533470692,12:37:50.692,BANK/USDT:USDT,0.05884,2.0,0.05883,3.0,0.05887,2.0,0.05888,3.0
1753533471104,12:37:51.104,BANK/USDT:USDT,0.05884,2.0,0.05883,3.0,0.05887,2.0,0.05888,3.0
1753533471673,12:37:51.673,BANK/USDT:USDT,0.05884,2.0,0.05882,3.0,0.05887,2.0,0.0589,3.0
1753533471787,12:37:51.787,BANK/USDT:USDT,0.05883,2.0,0.05882,3.0,0.05888,4.0,0.05889,2.0
1753533471930,12:37:51.930,BANK/USDT:USDT,0.05883,2.0,0.05882,3.0,0.05887,6.0,0.05888,4.0
1753533472082,12:37:52.082,BANK/USDT:USDT,0.05883,2.0,0.05882,3.0,0.05887,2.0,0.05888,4.0
1753533472241,12:37:52.241,BANK/USDT:USDT,0.05883,2.0,0.05882,3.0,0.05887,2.0,0.05888,4.0
1753533472347,12:37:52.347,BANK/USDT:USDT,0.05883,2.0,0.05882,3.0,0.05887,2.0,0.05888,4.0
1753533472420,12:37:52.420,BANK/USDT:USDT,0.05883,2.0,0.05882,3.0,0.05887,2.0,0.05888,4.0
1753533473848,12:37:53.848,BANK/USDT:USDT,0.05883,2.0,0.05878,4.0,0.05887,2.0,0.0589,3.0
1753533473940,12:37:53.940,BANK/USDT:USDT,0.0588,4.0,0.05879,2.0,0.05888,4.0,0.05889,2.0
1753533473987,12:37:53.987,BANK/USDT:USDT,0.05882,4.0,0.05881,2.0,0.05887,2.0,0.05888,4.0
1753533474156,12:37:54.156,BANK/USDT:USDT,0.05883,2.0,0.05882,4.0,0.05887,2.0,0.05888,4.0
1753533474255,12:37:54.255,BANK/USDT:USDT,0.05883,2.0,0.05882,4.0,0.05887,2.0,0.05888,4.0
1753533474391,12:37:54.391,BANK/USDT:USDT,0.05883,2.0,0.05882,4.0,0.05887,2.0,0.05888,4.0
1753533475028,12:37:55.028,BANK/USDT:USDT,0.05883,2.0,0.05882,4.0,0.05887,2.0,0.05888,4.0
1753533475216,12:37:55.216,BANK/USDT:USDT,0.05883,2.0,0.05882,4.0,0.05887,2.0,0.05888,4.0
1753533475688,12:37:55.688,BANK/USDT:USDT,0.05883,2.0,0.05882,4.0,0.05887,2.0,0.05888,4.0
1753533476051,12:37:56.051,BANK/USDT:USDT,0.05883,2.0,0.0588,4.0,0.05887,2.0,0.0589,3.0
1753533476086,12:37:56.086,BANK/USDT:USDT,0.05883,4.0,0.05881,2.0,0.05888,4.0,0.05889,2.0
1753533476170,12:37:56.170,BANK/USDT:USDT,0.05884,2.0,0.05883,4.0,0.05887,2.0,0.05888,4.0
1753533476438,12:37:56.438,BANK/USDT:USDT,0.05884,2.0,0.05883,4.0,0.05887,2.0,0.05888,4.0
1753533478253,12:37:58.253,BANK/USDT:USDT,0.05884,2.0,0.0588,4.0,0.05887,2.0,0.0589,3.0
1753533478287,12:37:58.287,BANK/USDT:USDT,0.05882,4.0,0.05881,2.0,0.05888,4.0,0.05889,5.0
1753533478414,12:37:58.414,BANK/USDT:USDT,0.05883,2.0,0.05882,4.0,0.05887,5.0,0.05888,4.0
1753533478466,12:37:58.466,BANK/USDT:USDT,0.05883,2.0,0.05882,4.0,0.05887,5.0,0.05888,4.0
1753533478574,12:37:58.574,BANK/USDT:USDT,0.05883,2.0,0.05882,4.0,0.05887,5.0,0.05888,4.0
1753533478956,12:37:58.956,BANK/USDT:USDT,0.05883,2.0,0.05882,4.0,0.05887,5.0,0.05888,4.0
1753533479158,12:37:59.158,BANK/USDT:USDT,0.05883,2.0,0.05882,4.0,0.05887,5.0,0.05888,4.0
1753533479692,12:37:59.692,BANK/USDT:USDT,0.05883,2.0,0.05882,4.0,0.05887,5.0,0.05888,4.0
1753533480106,12:38:00.106,BANK/USDT:USDT,0.05883,2.0,0.05882,4.0,0.05887,5.0,0.05888,4.0
1753533480427,12:38:00.427,BANK/USDT:USDT,0.05883,2.0,0.0588,4.0,0.05887,5.0,0.0589,3.0
1753533480547,12:38:00.547,BANK/USDT:USDT,0.05882,4.0,0.05881,2.0,0.05887,3.0,0.05889,2.0
1753533480618,12:38:00.618,BANK/USDT:USDT,0.05883,2.0,0.05882,4.0,0.05887,3.0,0.05889,2.0
1753533480728,12:38:00.728,BANK/USDT:USDT,0.05883,2.0,0.05882,4.0,0.05887,3.0,0.05889,2.0
1753533480774,12:38:00.774,BANK/USDT:USDT,0.05883,2.0,0.05882,4.0,0.05887,3.0,0.05889,2.0
1753533480937,12:38:00.937,BANK/USDT:USDT,0.05883,2.0,0.05882,4.0,0.05887,3.0,0.05889,2.0
1753533481041,12:38:01.041,BANK/USDT:USDT,0.05883,2.0,0.05882,4.0,0.05887,7.0,0.05889,2.0
1753533481077,12:38:01.077,BANK/USDT:USDT,0.05883,2.0,0.05882,4.0,0.05886,2.0,0.05887,7.0
1753533481176,12:38:01.176,BANK/USDT:USDT,0.05883,2.0,0.05882,4.0,0.05886,2.0,0.05887,4.0
1753533481355,12:38:01.355,BANK/USDT:USDT,0.05883,2.0,0.05882,4.0,0.05886,2.0,0.05887,4.0
1753533482552,12:38:02.552,BANK/USDT:USDT,0.05883,2.0,0.0588,4.0,0.05886,2.0,0.0589,3.0
1753533482586,12:38:02.586,BANK/USDT:USDT,0.05882,4.0,0.05881,2.0,0.05888,4.0,0.05889,2.0
1753533482726,12:38:02.726,BANK/USDT:USDT,0.05883,2.0,0.05882,4.0,0.05887,2.0,0.05888,4.0
1753533482881,12:38:02.881,BANK/USDT:USDT,0.05883,2.0,0.05882,4.0,0.05887,2.0,0.05888,4.0
1753533483031,12:38:03.031,BANK/USDT:USDT,0.05883,2.0,0.05882,4.0,0.05887,2.0,0.05888,4.0
1753533483181,12:38:03.181,BANK/USDT:USDT,0.05883,2.0,0.05882,4.0,0.05887,6.0,0.05888,4.0
1753533483383,12:38:03.383,BANK/USDT:USDT,0.05883,2.0,0.05882,4.0,0.05887,6.0,0.05888,4.0
1753533483759,12:38:03.759,BANK/USDT:USDT,0.05883,2.0,0.05882,4.0,0.05887,6.0,0.05888,4.0
1753533483826,12:38:03.826,BANK/USDT:USDT,0.05883,2.0,0.05882,4.0,0.05886,4.0,0.05887,6.0
1753533483877,12:38:03.877,BANK/USDT:USDT,0.05883,2.0,0.05882,4.0,0.05885,2.0,0.05886,4.0
1753533484120,12:38:04.120,BANK/USDT:USDT,0.05883,2.0,0.05882,4.0,0.05885,2.0,0.05886,4.0
1753533484208,12:38:04.208,BANK/USDT:USDT,0.05883,2.0,0.05882,4.0,0.05885,2.0,0.05886,4.0
1753533484315,12:38:04.315,BANK/USDT:USDT,0.05883,2.0,0.05882,4.0,0.05885,2.0,0.05886,4.0
1753533484594,12:38:04.594,BANK/USDT:USDT,0.05883,2.0,0.0588,4.0,0.05885,2.0,0.05886,4.0
1753533484759,12:38:04.759,BANK/USDT:USDT,0.05881,6.0,0.05878,4.0,0.05885,2.0,0.05887,4.0
1753533484795,12:38:04.795,BANK/USDT:USDT,0.05881,6.0,0.05878,4.0,0.05886,2.0,0.05887,4.0
1753533484909,12:38:04.909,BANK/USDT:USDT,0.05881,6.0,0.05878,4.0,0.05886,2.0,0.05887,4.0
1753533485221,12:38:05.221,BANK/USDT:USDT,0.05881,6.0,0.05878,4.0,0.05886,2.0,0.05887,4.0
1753533485368,12:38:05.368,BANK/USDT:USDT,0.05881,6.0,0.05878,4.0,0.05886,2.0,0.05887,4.0
1753533485612,12:38:05.612,BANK/USDT:USDT,0.05881,6.0,0.05878,4.0,0.05885,4.0,0.05886,2.0
1753533485689,12:38:05.689,BANK/USDT:USDT,0.05881,6.0,0.05878,4.0,0.05884,2.0,0.05885,4.0
1753533486135,12:38:06.135,BANK/USDT:USDT,0.05881,6.0,0.05878,4.0,0.05884,2.0,0.05885,4.0
1753533486214,12:38:06.214,BANK/USDT:USDT,0.05881,6.0,0.05878,4.0,0.05884,2.0,0.05885,4.0
1753533486564,12:38:06.564,BANK/USDT:USDT,0.05881,6.0,0.05878,4.0,0.05884,2.0,0.05885,4.0
1753533486566,12:38:06.566,BANK/USDT:USDT,0.05881,6.0,0.05878,4.0,0.05884,2.0,0.05885,4.0
1753533486888,12:38:06.888,BANK/USDT:USDT,0.05881,6.0,0.05878,4.0,0.05884,2.0,0.05887,4.0
1753533486990,12:38:06.990,BANK/USDT:USDT,0.05881,6.0,0.05878,4.0,0.05885,4.0,0.05886,6.0
1753533487078,12:38:07.078,BANK/USDT:USDT,0.05881,6.0,0.05878,4.0,0.05884,2.0,0.05885,4.0
1753533488556,12:38:08.556,BANK/USDT:USDT,0.05881,6.0,0.05878,4.0,0.05884,2.0,0.05885,4.0
1753533488617,12:38:08.617,BANK/USDT:USDT,0.05881,6.0,0.05878,4.0,0.05884,2.0,0.05885,4.0
1753533489020,12:38:09.020,BANK/USDT:USDT,0.05881,6.0,0.05878,4.0,0.05884,2.0,0.05886,4.0
1753533489072,12:38:09.072,BANK/USDT:USDT,0.05881,6.0,0.05878,4.0,0.05885,2.0,0.05886,4.0
1753533489189,12:38:09.189,BANK/USDT:USDT,0.05881,6.0,0.05878,4.0,0.05885,2.0,0.05886,4.0
1753533489454,12:38:09.454,BANK/USDT:USDT,0.05881,6.0,0.05878,4.0,0.05885,2.0,0.05886,4.0
1753533489651,12:38:09.651,BANK/USDT:USDT,0.05881,6.0,0.05878,4.0,0.05885,2.0,0.05886,4.0
1753533489879,12:38:09.879,BANK/USDT:USDT,0.05881,6.0,0.05878,4.0,0.05885,6.0,0.05886,4.0
1753533491159,12:38:11.159,BANK/USDT:USDT,0.05881,6.0,0.05878,4.0,0.05885,6.0,0.05887,4.0
1753533491166,12:38:11.166,BANK/USDT:USDT,0.05881,6.0,0.05878,4.0,0.05885,6.0,0.05887,4.0
1753533493356,12:38:13.356,BANK/USDT:USDT,0.05881,6.0,0.05878,4.0,0.05885,6.0,0.05888,4.0
1753533493508,12:38:13.508,BANK/USDT:USDT,0.05881,6.0,0.05878,4.0,0.05885,6.0,0.05888,4.0
1753533495458,12:38:15.458,BANK/USDT:USDT,0.05881,6.0,0.05878,4.0,0.05885,6.0,0.0589,3.0
1753533496739,12:38:16.739,BANK/USDT:USDT,0.05881,6.0,0.05878,4.0,0.05885,6.0,0.0589,3.0
1753533497137,12:38:17.137,BANK/USDT:USDT,0.05881,6.0,0.05878,4.0,0.05885,6.0,0.0589,3.0
1753533498157,12:38:18.157,BANK/USDT:USDT,0.05881,6.0,0.05878,4.0,0.05885,6.0,0.0589,3.0
1753533502957,12:38:22.957,BANK/USDT:USDT,0.05881,6.0,0.05878,4.0,0.05885,6.0,0.0589,3.0
1753533507757,12:38:27.757,BANK/USDT:USDT,0.05881,6.0,0.05878,4.0,0.05885,6.0,0.0589,3.0
1753533507788,12:38:27.788,BANK/USDT:USDT,0.05881,6.0,0.05878,4.0,0.05885,6.0,0.0589,3.0
1753533511295,12:38:31.295,BANK/USDT:USDT,0.05881,6.0,0.05878,4.0,0.05885,6.0,0.0589,3.0
1753533512559,12:38:32.559,BANK/USDT:USDT,0.05881,6.0,0.05878,4.0,0.05885,6.0,0.0589,3.0
1753533515161,12:38:35.161,BANK/USDT:USDT,0.05881,6.0,0.05878,4.0,0.05885,6.0,0.0589,3.0
1753533515234,12:38:35.234,BANK/USDT:USDT,0.05881,6.0,0.05878,4.0,0.05885,6.0,0.0589,3.0
1753533515314,12:38:35.314,BANK/USDT:USDT,0.05881,2.0,0.05878,4.0,0.05884,4.0,0.05885,6.0
1753533515387,12:38:35.387,BANK/USDT:USDT,0.05879,2.0,0.05878,4.0,0.05883,2.0,0.05884,4.0
1753533515470,12:38:35.470,BANK/USDT:USDT,0.05879,1.0,0.05878,4.0,0.05883,1.0,0.05884,4.0
1753533515650,12:38:35.650,BANK/USDT:USDT,0.0588,4.0,0.05879,2.0,0.05883,2.0,0.05884,4.0
1753533515670,12:38:35.670,BANK/USDT:USDT,0.05881,2.0,0.0588,4.0,0.05883,2.0,0.05884,4.0
1753533516069,12:38:36.069,BANK/USDT:USDT,0.05881,2.0,0.0588,4.0,0.05883,2.0,0.05884,4.0
1753533516487,12:38:36.487,BANK/USDT:USDT,0.05881,2.0,0.0588,4.0,0.05883,2.0,0.05884,4.0
1753533516904,12:38:36.904,BANK/USDT:USDT,0.05881,2.0,0.0588,4.0,0.05883,2.0,0.05884,4.0
1753533517155,12:38:37.155,BANK/USDT:USDT,0.05881,2.0,0.05878,4.0,0.05883,2.0,0.05885,4.0
1753533517186,12:38:37.186,BANK/USDT:USDT,0.0588,4.0,0.05879,2.0,0.05884,2.0,0.05885,4.0
1753533517357,12:38:37.357,BANK/USDT:USDT,0.05881,2.0,0.0588,4.0,0.05884,2.0,0.05885,4.0
1753533517738,12:38:37.738,BANK/USDT:USDT,0.05881,2.0,0.0588,4.0,0.05884,2.0,0.05885,4.0
1753533518153,12:38:38.153,BANK/USDT:USDT,0.05881,2.0,0.0588,4.0,0.05884,2.0,0.05885,4.0
1753533519333,12:38:39.333,BANK/USDT:USDT,0.05881,2.0,0.05878,4.0,0.05884,2.0,0.0589,3.0
1753533519386,12:38:39.386,BANK/USDT:USDT,0.0588,4.0,0.05879,2.0,0.05888,4.0,0.05889,2.0
1753533519486,12:38:39.486,BANK/USDT:USDT,0.05881,2.0,0.0588,4.0,0.05886,4.0,0.05887,2.0
1753533519588,12:38:39.588,BANK/USDT:USDT,0.05881,2.0,0.0588,4.0,0.05885,2.0,0.05886,4.0
1753533519749,12:38:39.749,BANK/USDT:USDT,0.05881,2.0,0.0588,4.0,0.05885,6.0,0.05886,4.0
1753533519769,12:38:39.769,BANK/USDT:USDT,0.05881,2.0,0.0588,4.0,0.05885,6.0,0.05886,4.0
1753533520584,12:38:40.584,BANK/USDT:USDT,0.05881,2.0,0.0588,4.0,0.05885,6.0,0.05886,4.0
1753533520997,12:38:40.997,BANK/USDT:USDT,0.05881,2.0,0.0588,4.0,0.05885,6.0,0.05886,4.0
1753533521534,12:38:41.534,BANK/USDT:USDT,0.05881,2.0,0.05878,4.0,0.05884,4.0,0.05885,6.0
1753533521607,12:38:41.607,BANK/USDT:USDT,0.05879,2.0,0.05878,4.0,0.05883,2.0,0.05884,4.0
1753533521758,12:38:41.758,BANK/USDT:USDT,0.0588,4.0,0.05879,2.0,0.05883,2.0,0.05884,4.0
1753533521813,12:38:41.813,BANK/USDT:USDT,0.05881,2.0,0.0588,4.0,0.05883,2.0,0.05884,4.0
1753533522158,12:38:42.158,BANK/USDT:USDT,0.05881,2.0,0.0588,4.0,0.05883,2.0,0.05884,4.0
1753533522641,12:38:42.641,BANK/USDT:USDT,0.05881,2.0,0.0588,4.0,0.05883,2.0,0.05884,4.0
1753533523150,12:38:43.150,BANK/USDT:USDT,0.05881,2.0,0.0588,4.0,0.05883,2.0,0.05884,4.0
1753533523650,12:38:43.650,BANK/USDT:USDT,0.05881,2.0,0.05878,4.0,0.05883,2.0,0.05885,4.0
1753533523688,12:38:43.688,BANK/USDT:USDT,0.05879,2.0,0.05878,4.0,0.05884,2.0,0.05885,4.0
1753533523851,12:38:43.851,BANK/USDT:USDT,0.0588,4.0,0.05879,2.0,0.05884,2.0,0.05885,4.0
1753533523870,12:38:43.870,BANK/USDT:USDT,0.05881,2.0,0.0588,4.0,0.05884,2.0,0.05885,4.0
1753533524687,12:38:44.687,BANK/USDT:USDT,0.05881,2.0,0.0588,4.0,0.05884,2.0,0.05885,4.0
1753533525103,12:38:45.103,BANK/USDT:USDT,0.05881,2.0,0.0588,4.0,0.05884,2.0,0.05885,4.0
1753533525427,12:38:45.427,BANK/USDT:USDT,0.05881,2.0,0.0588,4.0,0.05884,2.0,0.05885,4.0
1753533525533,12:38:45.533,BANK/USDT:USDT,0.05881,2.0,0.0588,4.0,0.05884,2.0,0.05885,4.0
1753533525838,12:38:45.838,BANK/USDT:USDT,0.05881,2.0,0.05878,4.0,0.05884,2.0,0.05888,4.0
1753533525931,12:38:45.931,BANK/USDT:USDT,0.0588,4.0,0.05879,2.0,0.05886,4.0,0.05887,2.0
1753533525989,12:38:45.989,BANK/USDT:USDT,0.05881,2.0,0.0588,4.0,0.05885,2.0,0.05886,4.0
1753533526138,12:38:46.138,BANK/USDT:USDT,0.05881,2.0,0.0588,4.0,0.05885,6.0,0.05886,4.0
1753533526565,12:38:46.565,BANK/USDT:USDT,0.05881,2.0,0.0588,4.0,0.05885,6.0,0.05886,4.0
1753533526758,12:38:46.758,BANK/USDT:USDT,0.05881,2.0,0.0588,4.0,0.05885,6.0,0.05886,4.0
1753533526957,12:38:46.957,BANK/USDT:USDT,0.05881,2.0,0.0588,4.0,0.05885,6.0,0.05886,4.0
1753533527177,12:38:47.177,BANK/USDT:USDT,0.05881,2.0,0.0588,4.0,0.05885,6.0,0.05886,4.0
1753533527590,12:38:47.590,BANK/USDT:USDT,0.05881,2.0,0.0588,4.0,0.05885,6.0,0.05886,4.0
1753533528005,12:38:48.005,BANK/USDT:USDT,0.05881,2.0,0.05878,4.0,0.05885,6.0,0.05888,4.0
1753533528086,12:38:48.086,BANK/USDT:USDT,0.0588,4.0,0.05879,2.0,0.05885,6.0,0.05888,4.0
1753533528170,12:38:48.170,BANK/USDT:USDT,0.05881,2.0,0.0588,4.0,0.05885,6.0,0.05888,4.0
1753533528755,12:38:48.755,BANK/USDT:USDT,0.05881,6.0,0.0588,4.0,0.05885,6.0,0.05888,4.0
1753533528822,12:38:48.822,BANK/USDT:USDT,0.05881,6.0,0.0588,4.0,0.05885,6.0,0.05888,4.0
1753533529229,12:38:49.229,BANK/USDT:USDT,0.05881,6.0,0.0588,4.0,0.05885,6.0,0.05888,4.0
1753533530175,12:38:50.175,BANK/USDT:USDT,0.05881,6.0,0.05878,4.0,0.05885,6.0,0.0589,3.0
1753533530464,12:38:50.464,BANK/USDT:USDT,0.05881,6.0,0.05878,4.0,0.05885,6.0,0.0589,3.0
1753533531757,12:38:51.757,BANK/USDT:USDT,0.05881,6.0,0.05878,4.0,0.05885,6.0,0.0589,3.0
1753533536161,12:38:56.161,BANK/USDT:USDT,0.05881,6.0,0.05878,4.0,0.05885,6.0,0.0589,3.0
1753533536558,12:38:56.558,BANK/USDT:USDT,0.05881,6.0,0.05878,4.0,0.05885,6.0,0.0589,3.0
1753533541358,12:39:01.358,BANK/USDT:USDT,0.05881,6.0,0.05878,4.0,0.05885,6.0,0.0589,3.0
1753533545787,12:39:05.787,BANK/USDT:USDT,0.05881,6.0,0.05878,4.0,0.05885,6.0,0.0589,3.0
1753533545912,12:39:05.912,BANK/USDT:USDT,0.05881,6.0,0.05878,4.0,0.05885,6.0,0.0589,3.0
1753533546059,12:39:06.059,BANK/USDT:USDT,0.05882,4.0,0.05881,6.0,0.05885,6.0,0.0589,3.0
1753533546158,12:39:06.158,BANK/USDT:USDT,0.05883,2.0,0.05882,4.0,0.05885,2.0,0.0589,3.0
1753533546218,12:39:06.218,BANK/USDT:USDT,0.05883,2.0,0.05882,4.0,0.05888,4.0,0.05889,2.0
1753533546286,12:39:06.286,BANK/USDT:USDT,0.05883,2.0,0.05882,4.0,0.05886,4.0,0.05887,2.0
1753533546372,12:39:06.372,BANK/USDT:USDT,0.05883,2.0,0.05882,4.0,0.05885,2.0,0.05886,4.0
1753533546663,12:39:06.663,BANK/USDT:USDT,0.05883,2.0,0.05882,4.0,0.05885,2.0,0.05886,4.0
1753533546665,12:39:06.665,BANK/USDT:USDT,0.05883,2.0,0.05882,4.0,0.05885,2.0,0.05886,4.0
1753533547500,12:39:07.500,BANK/USDT:USDT,0.05883,2.0,0.05881,4.0,0.05885,2.0,0.05888,4.0
1753533547586,12:39:07.586,BANK/USDT:USDT,0.05882,2.0,0.05881,4.0,0.05886,4.0,0.05887,2.0
1753533547672,12:39:07.672,BANK/USDT:USDT,0.05882,2.0,0.05881,4.0,0.05885,2.0,0.05886,4.0
1753533547924,12:39:07.924,BANK/USDT:USDT,0.05882,2.0,0.05881,4.0,0.05885,2.0,0.05886,4.0
1753533548207,12:39:08.207,BANK/USDT:USDT,0.05882,2.0,0.05881,4.0,0.05885,2.0,0.05886,4.0
1753533548773,12:39:08.773,BANK/USDT:USDT,0.05882,2.0,0.05881,4.0,0.05885,2.0,0.05886,4.0
1753533549647,12:39:09.647,BANK/USDT:USDT,0.05882,2.0,0.05878,4.0,0.05885,2.0,0.05888,4.0
1753533549686,12:39:09.686,BANK/USDT:USDT,0.0588,4.0,0.05879,2.0,0.05886,4.0,0.05887,2.0
1753533549803,12:39:09.803,BANK/USDT:USDT,0.05882,4.0,0.05881,2.0,0.05885,2.0,0.05886,4.0
1753533549871,12:39:09.871,BANK/USDT:USDT,0.05883,2.0,0.05882,4.0,0.05885,2.0,0.05886,4.0
1753533550134,12:39:10.134,BANK/USDT:USDT,0.05883,2.0,0.05882,4.0,0.05885,2.0,0.05886,4.0
1753533550863,12:39:10.863,BANK/USDT:USDT,0.05883,2.0,0.05882,4.0,0.05885,2.0,0.05886,4.0
1753533550958,12:39:10.958,BANK/USDT:USDT,0.05883,2.0,0.05882,4.0,0.05885,2.0,0.05886,4.0
1753533551302,12:39:11.302,BANK/USDT:USDT,0.05883,2.0,0.05882,4.0,0.05885,2.0,0.05886,4.0
1753533551805,12:39:11.805,BANK/USDT:USDT,0.05883,2.0,0.0588,4.0,0.05885,2.0,0.05888,4.0
1753533551888,12:39:11.888,BANK/USDT:USDT,0.05881,2.0,0.0588,4.0,0.05886,3.0,0.05887,2.0
1753533552043,12:39:12.043,BANK/USDT:USDT,0.05882,3.0,0.05881,2.0,0.05885,2.0,0.05886,3.0
1753533552072,12:39:12.072,BANK/USDT:USDT,0.05883,2.0,0.05882,3.0,0.05885,2.0,0.05886,3.0
1753533553956,12:39:13.956,BANK/USDT:USDT,0.05883,2.0,0.0588,4.0,0.05885,2.0,0.05888,4.0
1753533553987,12:39:13.987,BANK/USDT:USDT,0.05882,3.0,0.05881,2.0,0.05887,2.0,0.05888,4.0
1753533554142,12:39:14.142,BANK/USDT:USDT,0.05883,2.0,0.05882,3.0,0.05886,3.0,0.05887,2.0
1753533554170,12:39:14.170,BANK/USDT:USDT,0.05883,2.0,0.05882,3.0,0.05885,2.0,0.05886,3.0
1753533555758,12:39:15.758,BANK/USDT:USDT,0.05883,2.0,0.05882,3.0,0.05885,2.0,0.05886,3.0
1753533556136,12:39:16.136,BANK/USDT:USDT,0.05883,2.0,0.0588,4.0,0.05885,2.0,0.05888,4.0
1753533556188,12:39:16.188,BANK/USDT:USDT,0.05881,2.0,0.0588,4.0,0.05886,3.0,0.05887,2.0
1753533556348,12:39:16.348,BANK/USDT:USDT,0.05882,3.0,0.05881,2.0,0.05885,2.0,0.05886,3.0
1753533556371,12:39:16.371,BANK/USDT:USDT,0.05883,2.0,0.05882,3.0,0.05885,2.0,0.05886,3.0
1753533558302,12:39:18.302,BANK/USDT:USDT,0.05883,2.0,0.0588,4.0,0.05885,2.0,0.05888,4.0
1753533558387,12:39:18.387,BANK/USDT:USDT,0.05881,2.0,0.0588,4.0,0.05886,3.0,0.05887,2.0
1753533558562,12:39:18.562,BANK/USDT:USDT,0.05882,3.0,0.05881,2.0,0.05885,2.0,0.05886,3.0
1753533558570,12:39:18.570,BANK/USDT:USDT,0.05883,2.0,0.05882,3.0,0.05885,2.0,0.05886,3.0
1753533559813,12:39:19.813,BANK/USDT:USDT,0.05883,2.0,0.05882,3.0,0.05885,2.0,0.05886,3.0
1753533560557,12:39:20.557,BANK/USDT:USDT,0.05883,2.0,0.0588,4.0,0.05885,2.0,0.05888,4.0
1753533560587,12:39:20.587,BANK/USDT:USDT,0.05881,2.0,0.0588,4.0,0.05886,3.0,0.05887,2.0
1753533560743,12:39:20.743,BANK/USDT:USDT,0.05882,3.0,0.05881,2.0,0.05885,2.0,0.05886,3.0
1753533560771,12:39:20.771,BANK/USDT:USDT,0.05883,2.0,0.05882,3.0,0.05885,2.0,0.05886,3.0
1753533562666,12:39:22.666,BANK/USDT:USDT,0.05883,2.0,0.0588,4.0,0.05885,2.0,0.05888,4.0
1753533562787,12:39:22.787,BANK/USDT:USDT,0.05881,2.0,0.0588,4.0,0.05886,3.0,0.05887,2.0
1753533562938,12:39:22.938,BANK/USDT:USDT,0.05882,3.0,0.05881,2.0,0.05885,2.0,0.05886,3.0
1753533562974,12:39:22.974,BANK/USDT:USDT,0.05883,2.0,0.05882,3.0,0.05885,2.0,0.05886,3.0
1753533564849,12:39:24.849,BANK/USDT:USDT,0.05883,2.0,0.0588,4.0,0.05885,2.0,0.05888,4.0
1753533564887,12:39:24.887,BANK/USDT:USDT,0.05881,2.0,0.0588,4.0,0.05886,3.0,0.05887,2.0
1753533565046,12:39:25.046,BANK/USDT:USDT,0.05882,3.0,0.05881,2.0,0.05885,2.0,0.05886,3.0
1753533565071,12:39:25.071,BANK/USDT:USDT,0.05883,2.0,0.05882,3.0,0.05885,2.0,0.05886,3.0
1753533565359,12:39:25.359,BANK/USDT:USDT,0.05883,2.0,0.05882,3.0,0.05885,2.0,0.05886,3.0
1753533567013,12:39:27.013,BANK/USDT:USDT,0.05883,2.0,0.0588,4.0,0.05885,2.0,0.05888,4.0
1753533567106,12:39:27.106,BANK/USDT:USDT,0.05882,3.0,0.05881,5.0,0.05886,3.0,0.05887,2.0
1753533567171,12:39:27.171,BANK/USDT:USDT,0.05883,2.0,0.05882,3.0,0.05885,2.0,0.05886,3.0
1753533567911,12:39:27.911,BANK/USDT:USDT,0.05883,2.0,0.05882,3.0,0.05885,2.0,0.05886,3.0
1753533569206,12:39:29.206,BANK/USDT:USDT,0.05883,2.0,0.05881,3.0,0.05885,2.0,0.05888,4.0
1753533569361,12:39:29.361,BANK/USDT:USDT,0.05882,2.0,0.05881,3.0,0.05886,3.0,0.05887,2.0
1753533569373,12:39:29.373,BANK/USDT:USDT,0.05882,2.0,0.05881,3.0,0.05885,2.0,0.05886,3.0
1753533569555,12:39:29.555,BANK/USDT:USDT,0.05882,5.0,0.05881,3.0,0.05885,2.0,0.05886,3.0
1753533570159,12:39:30.159,BANK/USDT:USDT,0.05882,5.0,0.05881,3.0,0.05885,2.0,0.05886,3.0
1753533571357,12:39:31.357,BANK/USDT:USDT,0.05882,5.0,0.0588,4.0,0.05885,2.0,0.05888,4.0
1753533571387,12:39:31.387,BANK/USDT:USDT,0.05882,5.0,0.0588,4.0,0.05887,2.0,0.05888,4.0
1753533571588,12:39:31.588,BANK/USDT:USDT,0.05882,5.0,0.0588,4.0,0.05886,3.0,0.05887,2.0
1753533571686,12:39:31.686,BANK/USDT:USDT,0.05882,5.0,0.0588,4.0,0.05885,2.0,0.05886,3.0
1753533573531,12:39:33.531,BANK/USDT:USDT,0.05882,5.0,0.05878,4.0,0.05885,2.0,0.05888,4.0
1753533573588,12:39:33.588,BANK/USDT:USDT,0.05882,5.0,0.05878,4.0,0.05886,3.0,0.05887,2.0
1753533573670,12:39:33.670,BANK/USDT:USDT,0.05882,5.0,0.05878,4.0,0.05885,2.0,0.05886,3.0
1753533574828,12:39:34.828,BANK/USDT:USDT,0.05882,5.0,0.05878,4.0,0.05885,2.0,0.05886,3.0
1753533574958,12:39:34.958,BANK/USDT:USDT,0.05882,5.0,0.05878,4.0,0.05885,2.0,0.05886,3.0
1753533575736,12:39:35.736,BANK/USDT:USDT,0.05882,5.0,0.05878,4.0,0.05885,2.0,0.05888,4.0
1753533575847,12:39:35.847,BANK/USDT:USDT,0.05882,5.0,0.05878,4.0,0.05886,3.0,0.05887,2.0
1753533575871,12:39:35.871,BANK/USDT:USDT,0.05882,5.0,0.05878,4.0,0.05885,2.0,0.05886,3.0
1753533577923,12:39:37.923,BANK/USDT:USDT,0.05882,5.0,0.05878,4.0,0.05885,2.0,0.05888,4.0
1753533577987,12:39:37.987,BANK/USDT:USDT,0.05882,5.0,0.05878,4.0,0.05886,3.0,0.05887,2.0
1753533578070,12:39:38.070,BANK/USDT:USDT,0.05882,5.0,0.05878,4.0,0.05885,2.0,0.05886,3.0
1753533579076,12:39:39.076,BANK/USDT:USDT,0.05882,5.0,0.05878,4.0,0.05885,2.0,0.05886,3.0
1753533579760,12:39:39.760,BANK/USDT:USDT,0.05882,5.0,0.05878,4.0,0.05885,2.0,0.05886,3.0
1753533580133,12:39:40.133,BANK/USDT:USDT,0.05882,5.0,0.05878,4.0,0.05885,2.0,0.05888,4.0
1753533580192,12:39:40.192,BANK/USDT:USDT,0.05882,5.0,0.05878,4.0,0.05886,3.0,0.05887,2.0
1753533580271,12:39:40.271,BANK/USDT:USDT,0.05882,5.0,0.05878,4.0,0.05885,2.0,0.05886,3.0
1753533582279,12:39:42.279,BANK/USDT:USDT,0.05882,5.0,0.05878,4.0,0.05885,2.0,0.05888,4.0
1753533582386,12:39:42.386,BANK/USDT:USDT,0.05882,5.0,0.05878,4.0,0.05886,3.0,0.05887,2.0
1753533582472,12:39:42.472,BANK/USDT:USDT,0.05882,5.0,0.05878,4.0,0.05885,2.0,0.05886,3.0
1753533582875,12:39:42.875,BANK/USDT:USDT,0.05882,5.0,0.05878,4.0,0.05885,2.0,0.05886,3.0
1753533583697,12:39:43.697,BANK/USDT:USDT,0.05882,5.0,0.05878,4.0,0.05885,2.0,0.05886,3.0
1753533584461,12:39:44.461,BANK/USDT:USDT,0.05882,5.0,0.05878,4.0,0.05885,2.0,0.05888,4.0
1753533584559,12:39:44.559,BANK/USDT:USDT,0.05882,5.0,0.05878,4.0,0.05886,3.0,0.05887,2.0
1753533584573,12:39:44.573,BANK/USDT:USDT,0.05882,5.0,0.05878,4.0,0.05885,2.0,0.05886,3.0
1753533584918,12:39:44.918,BANK/USDT:USDT,0.05882,5.0,0.05878,4.0,0.05885,2.0,0.05886,3.0
1753533585735,12:39:45.735,BANK/USDT:USDT,0.05882,5.0,0.05878,4.0,0.05885,2.0,0.05886,3.0
1753533586000,12:39:46.000,BANK/USDT:USDT,0.05882,2.0,0.05878,4.0,0.05885,2.0,0.05886,3.0
1753533586152,12:39:46.152,BANK/USDT:USDT,0.0588,3.0,0.05879,2.0,0.05885,2.0,0.05886,3.0
1753533586175,12:39:46.175,BANK/USDT:USDT,0.05881,2.0,0.0588,3.0,0.05885,2.0,0.05886,3.0
1753533586327,12:39:46.327,BANK/USDT:USDT,0.05881,2.0,0.0588,3.0,0.05885,2.0,0.05886,3.0
1753533586463,12:39:46.463,BANK/USDT:USDT,0.05881,2.0,0.0588,3.0,0.05885,2.0,0.05886,3.0
1753533586551,12:39:46.551,BANK/USDT:USDT,0.05881,2.0,0.0588,3.0,0.05885,2.0,0.05886,3.0
1753533586639,12:39:46.639,BANK/USDT:USDT,0.05881,5.0,0.05878,4.0,0.05885,2.0,0.05888,4.0
1753533586686,12:39:46.686,BANK/USDT:USDT,0.05881,5.0,0.05878,4.0,0.05886,3.0,0.05887,2.0
1753533586787,12:39:46.787,BANK/USDT:USDT,0.05881,5.0,0.05878,4.0,0.05885,2.0,0.05886,3.0
1753533586939,12:39:46.939,BANK/USDT:USDT,0.05881,5.0,0.05878,4.0,0.05885,2.0,0.05886,3.0
1753533587090,12:39:47.090,BANK/USDT:USDT,0.05881,5.0,0.05878,4.0,0.05885,2.0,0.05886,3.0
1753533587242,12:39:47.242,BANK/USDT:USDT,0.05876,3.0,0.05873,7.0,0.05884,3.0,0.05885,2.0
1753533587287,12:39:47.287,BANK/USDT:USDT,0.05876,3.0,0.05873,7.0,0.05882,3.0,0.05883,2.0
1753533587413,12:39:47.413,BANK/USDT:USDT,0.05876,3.0,0.05873,7.0,0.05881,5.0,0.05882,3.0
1753533587526,12:39:47.526,BANK/USDT:USDT,0.05873,4.0,0.05872,8.0,0.0588,3.0,0.05881,5.0
1753533587637,12:39:47.637,BANK/USDT:USDT,0.05873,4.0,0.05872,8.0,0.05879,2.0,0.0588,3.0
1753533587687,12:39:47.687,BANK/USDT:USDT,0.05875,3.0,0.05874,3.0,0.05879,2.0,0.0588,3.0
1753533587810,12:39:47.810,BANK/USDT:USDT,0.05877,3.0,0.05876,3.0,0.05879,2.0,0.05881,3.0
1753533587872,12:39:47.872,BANK/USDT:USDT,0.05877,6.0,0.05875,3.0,0.0588,2.0,0.05881,3.0
1753533588160,12:39:48.160,BANK/USDT:USDT,0.05877,6.0,0.05875,3.0,0.0588,2.0,0.05881,3.0
1753533588259,12:39:48.259,BANK/USDT:USDT,0.05877,6.0,0.05875,3.0,0.0588,2.0,0.05881,3.0
1753533588707,12:39:48.707,BANK/USDT:USDT,0.05877,6.0,0.05875,3.0,0.0588,2.0,0.05881,3.0
1753533588790,12:39:48.790,BANK/USDT:USDT,0.05877,6.0,0.05873,4.0,0.0588,2.0,0.05882,3.0
1753533588952,12:39:48.952,BANK/USDT:USDT,0.05877,6.0,0.05873,4.0,0.05881,2.0,0.05882,3.0
1753533589129,12:39:49.129,BANK/USDT:USDT,0.05877,6.0,0.05873,4.0,0.05881,2.0,0.05882,3.0
1753533589361,12:39:49.361,BANK/USDT:USDT,0.05877,6.0,0.05873,4.0,0.05881,2.0,0.05882,3.0
1753533589420,12:39:49.420,BANK/USDT:USDT,0.05877,6.0,0.05873,4.0,0.05881,2.0,0.05882,3.0
1753533589548,12:39:49.548,BANK/USDT:USDT,0.05877,6.0,0.05873,4.0,0.05881,2.0,0.05882,3.0
1753533589598,12:39:49.598,BANK/USDT:USDT,0.05877,6.0,0.05873,4.0,0.05881,2.0,0.05882,3.0
1753533590961,12:39:50.961,BANK/USDT:USDT,0.05877,6.0,0.05873,4.0,0.05881,2.0,0.05884,3.0
1753533590973,12:39:50.973,BANK/USDT:USDT,0.05877,6.0,0.05873,4.0,0.05881,4.0,0.05883,2.0
1753533591073,12:39:51.073,BANK/USDT:USDT,0.05877,6.0,0.05873,4.0,0.0588,2.0,0.05881,4.0
1753533591180,12:39:51.180,BANK/USDT:USDT,0.05877,6.0,0.05873,4.0,0.0588,2.0,0.05881,4.0
1753533591608,12:39:51.608,BANK/USDT:USDT,0.05877,6.0,0.05873,4.0,0.0588,2.0,0.05881,4.0
1753533592062,12:39:52.062,BANK/USDT:USDT,0.05877,6.0,0.05873,4.0,0.0588,2.0,0.05881,4.0
1753533592444,12:39:52.444,BANK/USDT:USDT,0.05877,6.0,0.05873,4.0,0.0588,2.0,0.05881,4.0
1753533592874,12:39:52.874,BANK/USDT:USDT,0.05877,6.0,0.05873,4.0,0.0588,2.0,0.05881,4.0
1753533593105,12:39:53.105,BANK/USDT:USDT,0.05877,6.0,0.05873,4.0,0.0588,2.0,0.05884,3.0
1753533593246,12:39:53.246,BANK/USDT:USDT,0.05877,6.0,0.05873,4.0,0.05882,4.0,0.05883,2.0
1753533593287,12:39:53.287,BANK/USDT:USDT,0.05877,6.0,0.05873,4.0,0.05881,2.0,0.05882,4.0
1753533593442,12:39:53.442,BANK/USDT:USDT,0.05877,6.0,0.05873,4.0,0.05881,2.0,0.05882,4.0
1753533593601,12:39:53.601,BANK/USDT:USDT,0.05877,6.0,0.05873,4.0,0.05881,6.0,0.05882,4.0
1753533594159,12:39:54.159,BANK/USDT:USDT,0.05877,6.0,0.05873,4.0,0.05881,6.0,0.05882,4.0
1753533594968,12:39:54.968,BANK/USDT:USDT,0.05877,6.0,0.05873,4.0,0.0588,4.0,0.05881,6.0
1753533595261,12:39:55.261,BANK/USDT:USDT,0.05877,3.0,0.05873,4.0,0.0588,4.0,0.05881,6.0
1753533595488,12:39:55.488,BANK/USDT:USDT,0.05877,3.0,0.05873,4.0,0.05879,2.0,0.0588,4.0
1753533595645,12:39:55.645,BANK/USDT:USDT,0.05877,3.0,0.05873,4.0,0.05879,6.0,0.0588,4.0
1753533595671,12:39:55.671,BANK/USDT:USDT,0.05877,3.0,0.05873,4.0,0.05879,4.0,0.0588,4.0
1753533595848,12:39:55.848,BANK/USDT:USDT,0.05877,3.0,0.05876,4.0,0.0589,3.0,0.05892,9.0
1753533595875,12:39:55.875,BANK/USDT:USDT,0.05877,3.0,0.05876,4.0,0.05888,4.0,0.05889,2.0
1753533595995,12:39:55.995,BANK/USDT:USDT,0.05877,3.0,0.05876,4.0,0.05886,4.0,0.05887,2.0
1753533596086,12:39:56.086,BANK/USDT:USDT,0.05877,3.0,0.05876,4.0,0.05884,4.0,0.05885,2.0
1753533596186,12:39:56.186,BANK/USDT:USDT,0.05877,3.0,0.05876,4.0,0.05882,4.0,0.05883,2.0
1753533596292,12:39:56.292,BANK/USDT:USDT,0.05877,3.0,0.05876,4.0,0.0588,4.0,0.05881,2.0
1753533596443,12:39:56.443,BANK/USDT:USDT,0.05877,3.0,0.05876,4.0,0.05879,2.0,0.0588,4.0
1753533596934,12:39:56.934,BANK/USDT:USDT,0.05877,3.0,0.05876,4.0,0.05879,2.0,0.0588,4.0
1753533597433,12:39:57.433,BANK/USDT:USDT,0.05877,3.0,0.05873,4.0,0.05879,2.0,0.05882,4.0
1753533597487,12:39:57.487,BANK/USDT:USDT,0.05877,3.0,0.05873,4.0,0.0588,4.0,0.05881,2.0
1753533597571,12:39:57.571,BANK/USDT:USDT,0.05877,3.0,0.05873,4.0,0.05879,2.0,0.0588,4.0
1753533597766,12:39:57.766,BANK/USDT:USDT,0.05877,3.0,0.05873,4.0,0.05879,2.0,0.0588,4.0
1753533598591,12:39:58.591,BANK/USDT:USDT,0.05877,3.0,0.05873,4.0,0.05879,2.0,0.0588,4.0
1753533598960,12:39:58.960,BANK/USDT:USDT,0.05877,3.0,0.05873,4.0,0.05879,2.0,0.0588,4.0
1753533599588,12:39:59.588,BANK/USDT:USDT,0.05877,3.0,0.05873,4.0,0.05879,2.0,0.05882,4.0
1753533599687,12:39:59.687,BANK/USDT:USDT,0.05877,3.0,0.05873,4.0,0.0588,4.0,0.05881,2.0
1753533599773,12:39:59.773,BANK/USDT:USDT,0.05877,3.0,0.05873,4.0,0.05879,2.0,0.0588,4.0
1753533601721,12:40:01.721,BANK/USDT:USDT,0.05877,3.0,0.05873,4.0,0.05879,2.0,0.05882,4.0
1753533601786,12:40:01.786,BANK/USDT:USDT,0.05877,3.0,0.05873,4.0,0.0588,3.0,0.05881,2.0
1753533601871,12:40:01.871,BANK/USDT:USDT,0.05877,3.0,0.05873,4.0,0.05879,2.0,0.0588,3.0
1753533603759,12:40:03.759,BANK/USDT:USDT,0.05877,3.0,0.05873,4.0,0.05879,2.0,0.0588,3.0
1753533603858,12:40:03.858,BANK/USDT:USDT,0.05877,3.0,0.05873,4.0,0.05879,2.0,0.05882,4.0
1753533603886,12:40:03.886,BANK/USDT:USDT,0.05877,3.0,0.05873,4.0,0.0588,3.0,0.05881,2.0
1753533603971,12:40:03.971,BANK/USDT:USDT,0.05877,3.0,0.05873,4.0,0.05879,2.0,0.0588,3.0
1753533604676,12:40:04.676,BANK/USDT:USDT,0.05877,3.0,0.05873,4.0,0.05879,2.0,0.0588,3.0
1753533604815,12:40:04.815,BANK/USDT:USDT,0.05877,3.0,0.05873,4.0,0.05879,2.0,0.0588,3.0
1753533605418,12:40:05.418,BANK/USDT:USDT,0.05877,3.0,0.05873,4.0,0.05879,2.0,0.0588,3.0
1753533605493,12:40:05.493,BANK/USDT:USDT,0.05877,3.0,0.05873,4.0,0.05879,2.0,0.0588,3.0
1753533605569,12:40:05.569,BANK/USDT:USDT,0.05877,3.0,0.05873,4.0,0.05879,2.0,0.0588,3.0
1753533605912,12:40:05.912,BANK/USDT:USDT,0.05877,3.0,0.05873,4.0,0.05879,2.0,0.0588,3.0
1753533605991,12:40:05.991,BANK/USDT:USDT,0.05877,3.0,0.05873,4.0,0.05879,2.0,0.05884,4.0
1753533606107,12:40:06.107,BANK/USDT:USDT,0.05877,3.0,0.05873,4.0,0.05882,3.0,0.05883,2.0
1753533606187,12:40:06.187,BANK/USDT:USDT,0.05877,3.0,0.05873,4.0,0.0588,3.0,0.05881,2.0
1753533606344,12:40:06.344,BANK/USDT:USDT,0.05877,3.0,0.05873,4.0,0.05879,2.0,0.0588,3.0
1753533606432,12:40:06.432,BANK/USDT:USDT,0.05877,3.0,0.05873,4.0,0.05879,2.0,0.0588,3.0
1753533606778,12:40:06.778,BANK/USDT:USDT,0.05877,3.0,0.05873,4.0,0.05879,2.0,0.0588,3.0
1753533606930,12:40:06.930,BANK/USDT:USDT,0.05877,3.0,0.05873,4.0,0.05879,2.0,0.0588,3.0
1753533607036,12:40:07.036,BANK/USDT:USDT,0.05877,3.0,0.05873,4.0,0.05879,2.0,0.0588,3.0
1753533607113,12:40:07.113,BANK/USDT:USDT,0.05877,3.0,0.05873,4.0,0.05879,5.0,0.0588,3.0
1753533607170,12:40:07.170,BANK/USDT:USDT,0.05877,3.0,0.05873,4.0,0.05879,3.0,0.0588,3.0
1753533607329,12:40:07.329,BANK/USDT:USDT,0.05877,3.0,0.05876,3.0,0.0589,3.0,0.05892,9.0
1753533607374,12:40:07.374,BANK/USDT:USDT,0.05877,3.0,0.05876,3.0,0.05888,3.0,0.05889,2.0
1753533607486,12:40:07.486,BANK/USDT:USDT,0.05877,3.0,0.05876,3.0,0.05886,3.0,0.05887,2.0
1753533607617,12:40:07.617,BANK/USDT:USDT,0.05877,3.0,0.05876,3.0,0.05884,3.0,0.05885,2.0
1753533607686,12:40:07.686,BANK/USDT:USDT,0.05877,3.0,0.05876,3.0,0.05882,3.0,0.05883,2.0
1753533607792,12:40:07.792,BANK/USDT:USDT,0.05877,3.0,0.05876,3.0,0.0588,3.0,0.05881,2.0
1753533607871,12:40:07.871,BANK/USDT:USDT,0.05877,3.0,0.05876,3.0,0.05879,2.0,0.0588,3.0
1753533608136,12:40:08.136,BANK/USDT:USDT,0.05877,3.0,0.05873,4.0,0.05879,2.0,0.05882,3.0
1753533608186,12:40:08.186,BANK/USDT:USDT,0.05877,3.0,0.05873,4.0,0.0588,3.0,0.05881,2.0
1753533608277,12:40:08.277,BANK/USDT:USDT,0.05877,3.0,0.05873,4.0,0.05879,2.0,0.0588,3.0
1753533608559,12:40:08.559,BANK/USDT:USDT,0.05877,3.0,0.05873,4.0,0.05879,2.0,0.0588,3.0
1753533608564,12:40:08.564,BANK/USDT:USDT,0.05877,3.0,0.05873,4.0,0.05879,2.0,0.0588,3.0
1753533608914,12:40:08.914,BANK/USDT:USDT,0.05877,3.0,0.05873,4.0,0.05879,2.0,0.0588,3.0
1753533609478,12:40:09.478,BANK/USDT:USDT,0.05877,3.0,0.05873,4.0,0.05879,2.0,0.0588,3.0
1753533609758,12:40:09.758,BANK/USDT:USDT,0.05877,3.0,0.05873,4.0,0.05879,2.0,0.0588,3.0
1753533609939,12:40:09.939,BANK/USDT:USDT,0.05877,3.0,0.05873,4.0,0.05879,5.0,0.0588,3.0
1753533609970,12:40:09.970,BANK/USDT:USDT,0.05877,3.0,0.05873,4.0,0.05879,3.0,0.0588,3.0
1753533610154,12:40:10.154,BANK/USDT:USDT,0.05877,3.0,0.05873,7.0,0.0589,3.0,0.05892,254.0
1753533610186,12:40:10.186,BANK/USDT:USDT,0.05877,3.0,0.05876,3.0,0.05888,3.0,0.05889,2.0
1753533610276,12:40:10.276,BANK/USDT:USDT,0.05877,3.0,0.05876,3.0,0.05886,3.0,0.05887,2.0
1753533610387,12:40:10.387,BANK/USDT:USDT,0.05877,3.0,0.05876,3.0,0.05884,3.0,0.05885,2.0
1753533610486,12:40:10.486,BANK/USDT:USDT,0.05877,3.0,0.05876,3.0,0.05882,4.0,0.05883,2.0
1753533610616,12:40:10.616,BANK/USDT:USDT,0.05877,3.0,0.05876,3.0,0.0588,4.0,0.05881,2.0
1753533610677,12:40:10.677,BANK/USDT:USDT,0.05877,3.0,0.05876,3.0,0.05879,2.0,0.0588,4.0
1753533611040,12:40:11.040,BANK/USDT:USDT,0.05877,3.0,0.05876,3.0,0.05879,2.0,0.0588,4.0
1753533611866,12:40:11.866,BANK/USDT:USDT,0.05877,3.0,0.05876,3.0,0.05879,2.0,0.0588,4.0
1753533612296,12:40:12.296,BANK/USDT:USDT,0.05877,3.0,0.05876,3.0,0.05879,2.0,0.0588,4.0
1753533612496,12:40:12.496,BANK/USDT:USDT,0.05877,3.0,0.05873,4.0,0.05879,2.0,0.05882,4.0
1753533612586,12:40:12.586,BANK/USDT:USDT,0.05877,3.0,0.05873,4.0,0.0588,4.0,0.05881,2.0
1753533612722,12:40:12.722,BANK/USDT:USDT,0.05877,3.0,0.05873,4.0,0.05879,2.0,0.0588,4.0
1753533613135,12:40:13.135,BANK/USDT:USDT,0.05877,3.0,0.05873,4.0,0.05879,2.0,0.0588,4.0
1753533613360,12:40:13.360,BANK/USDT:USDT,0.05877,3.0,0.05873,4.0,0.05879,2.0,0.0588,4.0
1753533613957,12:40:13.957,BANK/USDT:USDT,0.05877,3.0,0.05873,4.0,0.05879,2.0,0.0588,4.0
1753533614666,12:40:14.666,BANK/USDT:USDT,0.05877,3.0,0.05873,4.0,0.05879,2.0,0.05882,4.0
1753533614786,12:40:14.786,BANK/USDT:USDT,0.05877,3.0,0.05873,4.0,0.0588,4.0,0.05881,2.0
1753533614870,12:40:14.870,BANK/USDT:USDT,0.05877,3.0,0.05873,4.0,0.05879,2.0,0.0588,4.0
1753533616833,12:40:16.833,BANK/USDT:USDT,0.05877,3.0,0.05873,4.0,0.05879,2.0,0.05882,4.0
1753533616887,12:40:16.887,BANK/USDT:USDT,0.05877,3.0,0.05873,4.0,0.0588,4.0,0.05881,2.0
1753533616977,12:40:16.977,BANK/USDT:USDT,0.05877,3.0,0.05873,4.0,0.05879,2.0,0.0588,4.0
1753533618161,12:40:18.161,BANK/USDT:USDT,0.05877,3.0,0.05873,4.0,0.05879,2.0,0.0588,4.0
1753533619026,12:40:19.026,BANK/USDT:USDT,0.05877,3.0,0.05873,4.0,0.05879,2.0,0.05882,4.0
1753533619087,12:40:19.087,BANK/USDT:USDT,0.05877,3.0,0.05873,4.0,0.0588,4.0,0.05881,2.0
1753533619216,12:40:19.216,BANK/USDT:USDT,0.05877,3.0,0.05873,4.0,0.05879,2.0,0.0588,4.0
1753533619626,12:40:19.626,BANK/USDT:USDT,0.05877,3.0,0.05873,4.0,0.05879,2.0,0.0588,4.0
1753533621201,12:40:21.201,BANK/USDT:USDT,0.05877,3.0,0.05873,4.0,0.05879,2.0,0.05882,4.0
1753533621301,12:40:21.301,BANK/USDT:USDT,0.05877,3.0,0.05873,4.0,0.0588,4.0,0.05881,2.0
1753533621392,12:40:21.392,BANK/USDT:USDT,0.05877,3.0,0.05873,4.0,0.05879,2.0,0.0588,4.0
1753533622961,12:40:22.961,BANK/USDT:USDT,0.05877,3.0,0.05873,4.0,0.05879,2.0,0.0588,4.0
1753533622964,12:40:22.964,BANK/USDT:USDT,0.05877,3.0,0.05873,4.0,0.05879,2.0,0.0588,4.0
1753533623384,12:40:23.384,BANK/USDT:USDT,0.05877,3.0,0.05873,4.0,0.05879,2.0,0.05882,4.0
1753533623539,12:40:23.539,BANK/USDT:USDT,0.05877,3.0,0.05873,4.0,0.0588,4.0,0.05881,2.0
1753533623658,12:40:23.658,BANK/USDT:USDT,0.05877,3.0,0.05873,4.0,0.05879,2.0,0.0588,4.0
1753533623742,12:40:23.742,BANK/USDT:USDT,0.05877,3.0,0.05873,4.0,0.05879,2.0,0.0588,4.0
1753533624262,12:40:24.262,BANK/USDT:USDT,0.05877,3.0,0.05873,4.0,0.05879,2.0,0.0588,4.0
1753533624286,12:40:24.286,BANK/USDT:USDT,0.05877,3.0,0.05873,4.0,0.05879,2.0,0.0588,4.0
1753533624480,12:40:24.480,BANK/USDT:USDT,0.05877,3.0,0.05873,4.0,0.05879,6.0,0.0588,4.0
1753533624662,12:40:24.662,BANK/USDT:USDT,0.05877,3.0,0.05873,4.0,0.05888,3.0,0.0589,3.0
1753533624699,12:40:24.699,BANK/USDT:USDT,0.05877,3.0,0.05876,4.0,0.05886,4.0,0.05887,2.0
1753533624786,12:40:24.786,BANK/USDT:USDT,0.05877,3.0,0.05876,4.0,0.05884,4.0,0.05885,5.0
1753533624951,12:40:24.951,BANK/USDT:USDT,0.05877,3.0,0.05876,4.0,0.05882,4.0,0.05883,2.0
1753533624987,12:40:24.987,BANK/USDT:USDT,0.05877,3.0,0.05876,4.0,0.0588,4.0,0.05881,2.0
1753533625070,12:40:25.070,BANK/USDT:USDT,0.05877,3.0,0.05876,4.0,0.05879,2.0,0.0588,4.0
1753533625384,12:40:25.384,BANK/USDT:USDT,0.05877,3.0,0.05876,4.0,0.05879,2.0,0.0588,4.0
1753533625563,12:40:25.563,BANK/USDT:USDT,0.05877,3.0,0.05873,4.0,0.05879,2.0,0.05882,4.0
1753533625587,12:40:25.587,BANK/USDT:USDT,0.05877,3.0,0.05873,4.0,0.0588,4.0,0.05881,2.0
1753533625671,12:40:25.671,BANK/USDT:USDT,0.05877,3.0,0.05873,4.0,0.05879,2.0,0.0588,4.0
1753533625810,12:40:25.810,BANK/USDT:USDT,0.05877,3.0,0.05873,4.0,0.05879,2.0,0.0588,4.0
1753533626638,12:40:26.638,BANK/USDT:USDT,0.05877,3.0,0.05873,4.0,0.05879,2.0,0.0588,4.0
1753533627761,12:40:27.761,BANK/USDT:USDT,0.05877,3.0,0.05873,4.0,0.05879,2.0,0.05882,4.0
1753533627862,12:40:27.862,BANK/USDT:USDT,0.05877,3.0,0.05873,4.0,0.0588,4.0,0.05881,2.0
1753533627871,12:40:27.871,BANK/USDT:USDT,0.05877,3.0,0.05873,4.0,0.05879,2.0,0.0588,4.0
1753533628057,12:40:28.057,BANK/USDT:USDT,0.05877,3.0,0.05873,4.0,0.05879,2.0,0.0588,4.0
1753533628217,12:40:28.217,BANK/USDT:USDT,0.05877,3.0,0.05873,4.0,0.05879,2.0,0.0588,4.0
1753533628280,12:40:28.280,BANK/USDT:USDT,0.05877,3.0,0.05873,4.0,0.05879,2.0,0.0588,4.0
1753533628371,12:40:28.371,BANK/USDT:USDT,0.05877,3.0,0.05873,4.0,0.05879,2.0,0.0588,4.0
1753533628705,12:40:28.705,BANK/USDT:USDT,0.05877,3.0,0.05873,4.0,0.05879,2.0,0.0588,4.0
1753533629891,12:40:29.891,BANK/USDT:USDT,0.05877,3.0,0.05873,4.0,0.05879,2.0,0.05884,4.0
