timestamp,time,symbol,bid1_price,bid1_volume,bid2_price,bid2_volume,ask1_price,ask1_volume,ask2_price,ask2_volume
1753533020000,12:30:20.000,BSV/USDT:USDT,29.28,16.0,29.27,2104.0,29.3,19475.0,29.31,100771.0
1753533020755,12:30:20.755,BSV/USDT:USDT,29.28,16.0,29.27,2104.0,29.3,19475.0,29.31,96247.0
1753533022172,12:30:22.172,BSV/USDT:USDT,29.28,16.0,29.27,2104.0,29.3,19495.0,29.31,96227.0
1753533023897,12:30:23.897,BSV/USDT:USDT,29.28,16.0,29.27,2104.0,29.3,19515.0,29.31,96227.0
1753533024579,12:30:24.579,BSV/USDT:USDT,29.28,16.0,29.27,1026.0,29.3,19515.0,29.31,96227.0
1753533025534,12:30:25.534,BSV/USDT:USDT,29.28,16.0,29.27,1026.0,29.3,19475.0,29.31,96227.0
1753533025613,12:30:25.613,BSV/USDT:USDT,29.28,16.0,29.27,1026.0,29.3,19515.0,29.31,101411.0
1753533025780,12:30:25.780,BSV/USDT:USDT,29.28,36.0,29.27,1026.0,29.3,19475.0,29.31,96227.0
1753533025933,12:30:25.933,BSV/USDT:USDT,29.28,36.0,29.27,1026.0,29.3,19475.0,29.31,96227.0
1753533025939,12:30:25.939,BSV/USDT:USDT,29.28,36.0,29.27,2104.0,29.3,19475.0,29.31,96227.0
1753533026715,12:30:26.715,BSV/USDT:USDT,29.28,16.0,29.27,2104.0,29.3,19475.0,29.31,96227.0
1753533027108,12:30:27.108,BSV/USDT:USDT,29.28,1057.0,29.27,2104.0,29.3,19475.0,29.31,96227.0
1753533027181,12:30:27.181,BSV/USDT:USDT,29.28,1041.0,29.27,2104.0,29.3,19475.0,29.31,96227.0
1753533029634,12:30:29.634,BSV/USDT:USDT,29.28,1041.0,29.27,2104.0,29.3,19495.0,29.31,96227.0
1753533029713,12:30:29.713,BSV/USDT:USDT,29.28,1081.0,29.27,2104.0,29.3,19475.0,29.31,96227.0
1753533030034,12:30:30.034,BSV/USDT:USDT,29.28,1081.0,29.27,2104.0,29.3,19475.0,29.31,96762.0
1753533030041,12:30:30.041,BSV/USDT:USDT,29.28,1081.0,29.27,2104.0,29.3,19475.0,29.31,96762.0
1753533034025,12:30:34.025,BSV/USDT:USDT,29.28,1041.0,29.27,2104.0,29.3,19495.0,29.31,96762.0
1753533034710,12:30:34.710,BSV/USDT:USDT,29.28,1081.0,29.27,2104.0,29.3,19475.0,29.31,96762.0
1753533036957,12:30:36.957,BSV/USDT:USDT,29.28,1041.0,29.27,2104.0,29.3,19495.0,29.31,96762.0
1753533040220,12:30:40.220,BSV/USDT:USDT,29.28,1041.0,29.27,2104.0,29.3,19495.0,29.31,96762.0
1753533040282,12:30:40.282,BSV/USDT:USDT,29.28,1041.0,29.27,2104.0,29.3,19495.0,29.31,96762.0
1753533040411,12:30:40.411,BSV/USDT:USDT,29.28,1041.0,29.27,2104.0,29.3,19495.0,29.31,96762.0
1753533043550,12:30:43.550,BSV/USDT:USDT,29.27,2104.0,29.26,29323.0,29.3,19495.0,29.31,96762.0
1753533043645,12:30:43.645,BSV/USDT:USDT,29.28,16.0,29.27,2104.0,29.3,19495.0,29.31,96762.0
1753533045928,12:30:45.928,BSV/USDT:USDT,29.28,16.0,29.27,2104.0,29.3,19515.0,29.31,96762.0
1753533045954,12:30:45.954,BSV/USDT:USDT,29.28,16.0,29.27,2104.0,29.3,19515.0,29.31,96762.0
1753533049405,12:30:49.405,BSV/USDT:USDT,29.28,16.0,29.27,2104.0,29.3,19495.0,29.31,96762.0
1753533050010,12:30:50.010,BSV/USDT:USDT,29.28,1127.0,29.27,24765.0,29.3,19475.0,29.31,96762.0
1753533050044,12:30:50.044,BSV/USDT:USDT,29.28,1111.0,29.27,24765.0,29.3,19475.0,29.31,96762.0
1753533051821,12:30:51.821,BSV/USDT:USDT,29.28,1111.0,29.27,24765.0,29.3,19475.0,29.31,96762.0
1753533055019,12:30:55.019,BSV/USDT:USDT,29.28,1111.0,29.27,24765.0,29.3,19475.0,29.31,96762.0
1753533055852,12:30:55.852,BSV/USDT:USDT,29.28,1071.0,29.27,24765.0,29.3,19475.0,29.31,96762.0
1753533055946,12:30:55.946,BSV/USDT:USDT,29.28,1111.0,29.27,24765.0,29.3,19475.0,29.31,96762.0
1753533056585,12:30:56.585,BSV/USDT:USDT,29.28,1071.0,29.27,24765.0,29.3,19495.0,29.31,96762.0
1753533056642,12:30:56.642,BSV/USDT:USDT,29.28,1111.0,29.27,24765.0,29.3,19475.0,29.31,96762.0
1753533061618,12:31:01.618,BSV/USDT:USDT,29.28,1111.0,29.27,24765.0,29.3,19475.0,29.31,96762.0
1753533061642,12:31:01.642,BSV/USDT:USDT,29.28,1111.0,29.27,24765.0,29.3,19475.0,29.31,96762.0
1753533062333,12:31:02.333,BSV/USDT:USDT,29.28,1111.0,29.27,24765.0,29.3,19475.0,29.31,96762.0
1753533062610,12:31:02.610,BSV/USDT:USDT,29.28,1111.0,29.27,24765.0,29.3,19495.0,29.31,96762.0
1753533062640,12:31:02.640,BSV/USDT:USDT,29.28,1111.0,29.27,24765.0,29.3,19475.0,29.31,96762.0
1753533063086,12:31:03.086,BSV/USDT:USDT,29.28,2745.0,29.27,24765.0,29.31,24074.0,29.32,86393.0
1753533063148,12:31:03.148,BSV/USDT:USDT,29.29,16.0,29.28,2745.0,29.31,24114.0,29.32,86393.0
1753533063284,12:31:03.284,BSV/USDT:USDT,29.29,16.0,29.28,2745.0,29.31,24114.0,29.32,86393.0
1753533064464,12:31:04.464,BSV/USDT:USDT,29.29,16.0,29.28,2745.0,29.31,24094.0,29.32,86393.0
1753533064910,12:31:04.910,BSV/USDT:USDT,29.29,16.0,29.28,2745.0,29.31,24094.0,29.32,86393.0
1753533069480,12:31:09.480,BSV/USDT:USDT,29.29,36.0,29.28,2725.0,29.31,24094.0,29.32,86393.0
1753533069546,12:31:09.546,BSV/USDT:USDT,29.29,36.0,29.28,2725.0,29.31,24094.0,29.32,86393.0
1753533069860,12:31:09.860,BSV/USDT:USDT,29.29,56.0,29.28,2705.0,29.31,24074.0,29.32,86393.0
1753533069985,12:31:09.985,BSV/USDT:USDT,29.29,20.0,29.28,2705.0,29.31,24094.0,29.32,86393.0
1753533070043,12:31:10.043,BSV/USDT:USDT,29.29,47.0,29.28,2705.0,29.31,24094.0,29.32,86393.0
1753533070143,12:31:10.143,BSV/USDT:USDT,29.29,40.0,29.28,2705.0,29.31,24094.0,29.32,86393.0
1753533070284,12:31:10.284,BSV/USDT:USDT,29.29,40.0,29.28,2705.0,29.31,24074.0,29.32,86393.0
1753533070606,12:31:10.606,BSV/USDT:USDT,29.29,40.0,29.28,2705.0,29.31,24094.0,29.32,86393.0
1753533070705,12:31:10.705,BSV/USDT:USDT,29.29,20.0,29.28,2705.0,29.31,24094.0,29.32,86393.0
1753533070746,12:31:10.746,BSV/USDT:USDT,29.29,36.0,29.28,2705.0,29.31,24094.0,29.32,86393.0
1753533070925,12:31:10.925,BSV/USDT:USDT,29.29,56.0,29.28,2705.0,29.31,24094.0,29.32,86393.0
1753533070944,12:31:10.944,BSV/USDT:USDT,29.29,20.0,29.28,2705.0,29.31,24094.0,29.32,86393.0
1753533071044,12:31:11.044,BSV/USDT:USDT,29.29,36.0,29.28,2705.0,29.31,24094.0,29.32,86393.0
1753533072064,12:31:12.064,BSV/USDT:USDT,29.29,36.0,29.28,2705.0,29.31,24074.0,29.32,86393.0
1753533072190,12:31:12.190,BSV/USDT:USDT,29.29,56.0,29.28,2705.0,29.31,24094.0,29.32,86393.0
1753533072318,12:31:12.318,BSV/USDT:USDT,29.28,2705.0,29.27,24765.0,29.31,24094.0,29.32,86393.0
1753533072355,12:31:12.355,BSV/USDT:USDT,29.29,16.0,29.28,2705.0,29.31,24094.0,29.32,86393.0
1753533072572,12:31:12.572,BSV/USDT:USDT,29.29,16.0,29.28,2705.0,29.31,24094.0,29.32,86393.0
1753533077387,12:31:17.387,BSV/USDT:USDT,29.29,16.0,29.28,2705.0,29.31,24094.0,29.32,86393.0
1753533077441,12:31:17.441,BSV/USDT:USDT,29.29,16.0,29.28,2705.0,29.31,24094.0,29.32,86393.0
1753533078012,12:31:18.012,BSV/USDT:USDT,29.29,1082.0,29.28,2705.0,29.31,535.0,29.32,86393.0
1753533078135,12:31:18.135,BSV/USDT:USDT,29.29,1062.0,29.28,2705.0,29.32,5700.0,29.33,10525.0
1753533078219,12:31:18.219,BSV/USDT:USDT,29.29,1062.0,29.28,29364.0,29.32,26743.0,29.33,85955.0
1753533078748,12:31:18.748,BSV/USDT:USDT,29.29,2137.0,29.28,29364.0,29.32,26743.0,29.33,85955.0
1753533078855,12:31:18.855,BSV/USDT:USDT,29.3,9.0,29.29,2137.0,29.32,26743.0,29.33,85955.0
1753533078972,12:31:18.972,BSV/USDT:USDT,29.3,16.0,29.29,2137.0,29.32,26763.0,29.33,85955.0
1753533079047,12:31:19.047,BSV/USDT:USDT,29.3,16.0,29.29,2137.0,29.32,26763.0,29.33,85955.0
1753533079820,12:31:19.820,BSV/USDT:USDT,29.3,16.0,29.29,2137.0,29.32,26763.0,29.33,85955.0
1753533079865,12:31:19.865,BSV/USDT:USDT,29.3,16.0,29.29,2137.0,29.32,26763.0,29.33,85955.0
1753533081369,12:31:21.369,BSV/USDT:USDT,29.3,16.0,29.29,2137.0,29.32,26763.0,29.33,85955.0
1753533081716,12:31:21.716,BSV/USDT:USDT,29.3,16.0,29.29,1046.0,29.32,26763.0,29.33,85955.0
1753533081979,12:31:21.979,BSV/USDT:USDT,29.3,16.0,29.29,1046.0,29.32,26763.0,29.33,85955.0
1753533082225,12:31:22.225,BSV/USDT:USDT,29.3,16.0,29.29,1046.0,29.32,26763.0,29.33,85955.0
1753533082309,12:31:22.309,BSV/USDT:USDT,29.3,16.0,29.29,1046.0,29.31,1061.0,29.32,26763.0
1753533085859,12:31:25.859,BSV/USDT:USDT,29.3,16.0,29.29,1046.0,29.31,1061.0,29.32,26763.0
1753533086311,12:31:26.311,BSV/USDT:USDT,29.3,16.0,29.29,1046.0,29.31,1061.0,29.32,26763.0
1753533086800,12:31:26.800,BSV/USDT:USDT,29.3,16.0,29.29,1046.0,29.31,1061.0,29.32,26763.0
1753533086889,12:31:26.889,BSV/USDT:USDT,29.3,16.0,29.29,1046.0,29.31,1061.0,29.32,26763.0
1753533087465,12:31:27.465,BSV/USDT:USDT,29.3,16.0,29.29,1046.0,29.31,1061.0,29.32,26763.0
1753533087560,12:31:27.560,BSV/USDT:USDT,29.3,16.0,29.29,1046.0,29.31,1061.0,29.32,26763.0
1753533088227,12:31:28.227,BSV/USDT:USDT,29.3,16.0,29.29,1046.0,29.31,1061.0,29.32,26763.0
1753533088251,12:31:28.251,BSV/USDT:USDT,29.3,16.0,29.29,1046.0,29.31,1061.0,29.32,26763.0
1753533089969,12:31:29.969,BSV/USDT:USDT,29.3,16.0,29.29,1046.0,29.31,1061.0,29.32,26763.0
1753533090086,12:31:30.086,BSV/USDT:USDT,29.3,16.0,29.29,1046.0,29.31,1061.0,29.32,26763.0
1753533090172,12:31:30.172,BSV/USDT:USDT,29.3,16.0,29.29,1046.0,29.31,1061.0,29.32,26763.0
1753533090432,12:31:30.432,BSV/USDT:USDT,29.3,16.0,29.29,1046.0,29.31,1061.0,29.32,26763.0
1753533093634,12:31:33.634,BSV/USDT:USDT,29.3,16.0,29.29,1046.0,29.32,26763.0,29.33,85955.0
1753533093646,12:31:33.646,BSV/USDT:USDT,29.3,56.0,29.29,1026.0,29.32,26763.0,29.33,85955.0
1753533093800,12:31:33.800,BSV/USDT:USDT,29.3,40.0,29.29,1026.0,29.32,26763.0,29.33,85955.0
1753533093867,12:31:33.867,BSV/USDT:USDT,29.3,40.0,29.29,1026.0,29.32,26763.0,29.33,85955.0
1753533093980,12:31:33.980,BSV/USDT:USDT,29.3,40.0,29.29,1026.0,29.32,26763.0,29.33,85955.0
1753533098717,12:31:38.717,BSV/USDT:USDT,29.29,1026.0,29.28,29364.0,29.32,26743.0,29.33,85955.0
1753533098822,12:31:38.822,BSV/USDT:USDT,29.3,16.0,29.29,1026.0,29.32,26783.0,29.33,85955.0
1753533100019,12:31:40.019,BSV/USDT:USDT,29.3,56.0,29.29,1026.0,29.32,26743.0,29.33,85955.0
1753533100043,12:31:40.043,BSV/USDT:USDT,29.3,40.0,29.29,1026.0,29.32,26743.0,29.33,85955.0
1753533100446,12:31:40.446,BSV/USDT:USDT,29.3,40.0,29.29,1026.0,29.32,26743.0,29.33,85955.0
1753533101031,12:31:41.031,BSV/USDT:USDT,29.29,2117.0,29.28,29364.0,29.32,26763.0,29.33,85955.0
1753533101064,12:31:41.064,BSV/USDT:USDT,29.3,56.0,29.29,2117.0,29.32,26743.0,29.33,85955.0
1753533101146,12:31:41.146,BSV/USDT:USDT,29.3,40.0,29.29,2117.0,29.32,26763.0,29.33,85955.0
1753533101264,12:31:41.264,BSV/USDT:USDT,29.3,40.0,29.29,2117.0,29.32,26763.0,29.33,85955.0
1753533102712,12:31:42.712,BSV/USDT:USDT,29.3,40.0,29.29,2117.0,29.32,26743.0,29.33,85955.0
1753533103729,12:31:43.729,BSV/USDT:USDT,29.3,40.0,29.29,2117.0,29.32,26743.0,29.33,85955.0
1753533103855,12:31:43.855,BSV/USDT:USDT,29.3,40.0,29.29,2117.0,29.32,26743.0,29.33,85955.0
1753533105519,12:31:45.519,BSV/USDT:USDT,29.3,40.0,29.29,2117.0,29.32,26743.0,29.33,85955.0
1753533105636,12:31:45.636,BSV/USDT:USDT,29.3,40.0,29.29,2117.0,29.32,26743.0,29.33,85955.0
1753533106697,12:31:46.697,BSV/USDT:USDT,29.3,40.0,29.29,2117.0,29.32,26743.0,29.33,85955.0
1753533106789,12:31:46.789,BSV/USDT:USDT,29.3,40.0,29.29,2117.0,29.32,26743.0,29.33,85955.0
1753533108033,12:31:48.033,BSV/USDT:USDT,29.3,40.0,29.29,2117.0,29.32,26743.0,29.33,85955.0
1753533108139,12:31:48.139,BSV/USDT:USDT,29.3,40.0,29.29,2117.0,29.32,26743.0,29.33,85955.0
1753533108280,12:31:48.280,BSV/USDT:USDT,29.3,40.0,29.29,2117.0,29.32,26743.0,29.33,85955.0
1753533108918,12:31:48.918,BSV/USDT:USDT,29.3,40.0,29.29,2117.0,29.32,26743.0,29.33,85955.0
1753533110509,12:31:50.509,BSV/USDT:USDT,29.3,40.0,29.29,2117.0,29.32,26743.0,29.33,85955.0
1753533111192,12:31:51.192,BSV/USDT:USDT,29.3,40.0,29.29,2117.0,29.32,26743.0,29.33,85955.0
1753533111951,12:31:51.951,BSV/USDT:USDT,29.3,40.0,29.29,2117.0,29.32,26763.0,29.33,85955.0
1753533113058,12:31:53.058,BSV/USDT:USDT,29.3,20.0,29.29,2117.0,29.32,26783.0,29.33,85955.0
1753533113144,12:31:53.144,BSV/USDT:USDT,29.3,36.0,29.29,2117.0,29.32,26783.0,29.33,85955.0
1753533113363,12:31:53.363,BSV/USDT:USDT,29.3,56.0,29.29,1026.0,29.32,26783.0,29.33,85955.0
1753533113445,12:31:53.445,BSV/USDT:USDT,29.3,20.0,29.29,1026.0,29.32,26783.0,29.33,85955.0
1753533113544,12:31:53.544,BSV/USDT:USDT,29.3,36.0,29.29,1026.0,29.32,26783.0,29.33,85955.0
1753533114027,12:31:54.027,BSV/USDT:USDT,29.3,16.0,29.29,1026.0,29.32,26783.0,29.33,85955.0
1753533114292,12:31:54.292,BSV/USDT:USDT,29.3,16.0,29.29,1026.0,29.32,26783.0,29.33,85955.0
1753533114636,12:31:54.636,BSV/USDT:USDT,29.3,36.0,29.29,1026.0,29.32,26783.0,29.33,85955.0
1753533114664,12:31:54.664,BSV/USDT:USDT,29.3,16.0,29.29,1026.0,29.32,26783.0,29.33,85955.0
1753533114768,12:31:54.768,BSV/USDT:USDT,29.3,56.0,29.29,1026.0,29.32,26783.0,29.33,85955.0
1753533114849,12:31:54.849,BSV/USDT:USDT,29.3,20.0,29.29,1026.0,29.32,26783.0,29.33,85955.0
1753533114944,12:31:54.944,BSV/USDT:USDT,29.3,36.0,29.29,1026.0,29.32,26783.0,29.33,85955.0
1753533115525,12:31:55.525,BSV/USDT:USDT,29.3,36.0,29.29,1026.0,29.32,26783.0,29.33,85955.0
1753533115824,12:31:55.824,BSV/USDT:USDT,29.3,16.0,29.29,1026.0,29.32,26783.0,29.33,85955.0
1753533116432,12:31:56.432,BSV/USDT:USDT,29.3,16.0,29.29,1026.0,29.31,1084.0,29.32,26763.0
1753533116448,12:31:56.448,BSV/USDT:USDT,29.3,16.0,29.28,26798.0,29.31,1084.0,29.32,26763.0
1753533116590,12:31:56.590,BSV/USDT:USDT,29.29,16.0,29.28,26798.0,29.31,22493.0,29.32,84100.0
1753533117549,12:31:57.549,BSV/USDT:USDT,29.29,56.0,29.28,26798.0,29.31,22493.0,29.32,84100.0
1753533117643,12:31:57.643,BSV/USDT:USDT,29.29,40.0,29.28,26798.0,29.31,22493.0,29.32,84100.0
1753533118076,12:31:58.076,BSV/USDT:USDT,29.29,40.0,29.28,26798.0,29.31,22493.0,29.32,84100.0
1753533118428,12:31:58.428,BSV/USDT:USDT,29.28,1071.0,29.27,8738.0,29.31,22473.0,29.32,84100.0
1753533118452,12:31:58.452,BSV/USDT:USDT,29.29,16.0,29.28,1071.0,29.31,22493.0,29.32,84100.0
1753533118619,12:31:58.619,BSV/USDT:USDT,29.29,16.0,29.28,2705.0,29.31,22473.0,29.32,84100.0
1753533118649,12:31:58.649,BSV/USDT:USDT,29.29,36.0,29.28,2705.0,29.31,22473.0,29.32,84100.0
1753533118742,12:31:58.742,BSV/USDT:USDT,29.29,56.0,29.28,2705.0,29.31,22473.0,29.32,84100.0
1753533118847,12:31:58.847,BSV/USDT:USDT,29.29,20.0,29.28,2705.0,29.31,22473.0,29.32,84100.0
1753533119007,12:31:59.007,BSV/USDT:USDT,29.29,36.0,29.28,2705.0,29.31,22493.0,29.32,84100.0
1753533119062,12:31:59.062,BSV/USDT:USDT,29.29,16.0,29.28,2705.0,29.31,22493.0,29.32,84100.0
1753533119291,12:31:59.291,BSV/USDT:USDT,29.29,16.0,29.28,1071.0,29.31,22493.0,29.32,84100.0
1753533120411,12:32:00.411,BSV/USDT:USDT,29.29,16.0,29.28,1071.0,29.31,22493.0,29.32,84100.0
1753533120978,12:32:00.978,BSV/USDT:USDT,29.29,16.0,29.28,1071.0,29.31,22493.0,29.32,84100.0
1753533121314,12:32:01.314,BSV/USDT:USDT,29.29,16.0,29.28,1071.0,29.31,22473.0,29.32,84100.0
1753533121422,12:32:01.422,BSV/USDT:USDT,29.29,16.0,29.28,1071.0,29.31,22473.0,29.32,84100.0
1753533121520,12:32:01.520,BSV/USDT:USDT,29.29,16.0,29.28,1071.0,29.31,22473.0,29.32,84100.0
1753533121620,12:32:01.620,BSV/USDT:USDT,29.29,16.0,29.28,1071.0,29.31,22473.0,29.32,84100.0
1753533122122,12:32:02.122,BSV/USDT:USDT,29.29,36.0,29.28,1071.0,29.31,22473.0,29.32,84100.0
1753533122167,12:32:02.167,BSV/USDT:USDT,29.29,16.0,29.28,1071.0,29.31,22473.0,29.32,84100.0
1753533122273,12:32:02.273,BSV/USDT:USDT,29.29,16.0,29.28,1071.0,29.31,22473.0,29.32,84100.0
1753533122597,12:32:02.597,BSV/USDT:USDT,29.29,16.0,29.28,1071.0,29.31,22473.0,29.32,84100.0
1753533122686,12:32:02.686,BSV/USDT:USDT,29.29,56.0,29.28,1071.0,29.31,22473.0,29.32,84100.0
1753533122743,12:32:02.743,BSV/USDT:USDT,29.29,40.0,29.28,1071.0,29.31,22473.0,29.32,84100.0
1753533122854,12:32:02.854,BSV/USDT:USDT,29.29,20.0,29.28,1071.0,29.31,22473.0,29.32,84100.0
1753533122959,12:32:02.959,BSV/USDT:USDT,29.29,36.0,29.28,1071.0,29.31,22473.0,29.32,84100.0
1753533123243,12:32:03.243,BSV/USDT:USDT,29.29,36.0,29.28,1071.0,29.31,22473.0,29.32,84100.0
1753533123348,12:32:03.348,BSV/USDT:USDT,29.29,56.0,29.28,2705.0,29.31,22473.0,29.32,84100.0
1753533123447,12:32:03.447,BSV/USDT:USDT,29.29,40.0,29.28,2705.0,29.31,22473.0,29.32,84100.0
1753533123625,12:32:03.625,BSV/USDT:USDT,29.29,20.0,29.28,2705.0,29.31,22493.0,29.32,84100.0
1753533123726,12:32:03.726,BSV/USDT:USDT,29.29,56.0,29.28,2705.0,29.31,22473.0,29.32,84100.0
1753533123748,12:32:03.748,BSV/USDT:USDT,29.29,40.0,29.28,2705.0,29.31,22473.0,29.32,84100.0
1753533123900,12:32:03.900,BSV/USDT:USDT,29.29,40.0,29.28,2705.0,29.31,22473.0,29.32,84100.0
1753533124191,12:32:04.191,BSV/USDT:USDT,29.29,40.0,29.28,2705.0,29.31,22473.0,29.32,84100.0
1753533124335,12:32:04.335,BSV/USDT:USDT,29.29,20.0,29.28,2705.0,29.31,22493.0,29.32,84100.0
1753533124364,12:32:04.364,BSV/USDT:USDT,29.29,16.0,29.28,2705.0,29.31,22493.0,29.32,84100.0
1753533124611,12:32:04.611,BSV/USDT:USDT,29.29,16.0,29.28,1071.0,29.31,22493.0,29.32,84100.0
1753533125236,12:32:05.236,BSV/USDT:USDT,29.29,16.0,29.28,1071.0,29.31,22493.0,29.32,84100.0
1753533125237,12:32:05.237,BSV/USDT:USDT,29.29,16.0,29.28,1071.0,29.31,22493.0,29.32,84100.0
1753533125862,12:32:05.862,BSV/USDT:USDT,29.29,16.0,29.28,1071.0,29.31,22473.0,29.32,84100.0
1753533127627,12:32:07.627,BSV/USDT:USDT,29.29,56.0,29.28,1071.0,29.31,22473.0,29.32,84100.0
1753533127643,12:32:07.643,BSV/USDT:USDT,29.29,40.0,29.28,1071.0,29.31,22453.0,29.32,84100.0
1753533128423,12:32:08.423,BSV/USDT:USDT,29.29,40.0,29.28,1071.0,29.31,22473.0,29.32,84100.0
1753533128464,12:32:08.464,BSV/USDT:USDT,29.29,40.0,29.28,1071.0,29.31,22453.0,29.32,84100.0
1753533128541,12:32:08.541,BSV/USDT:USDT,29.29,40.0,29.28,1071.0,29.31,22473.0,29.32,84100.0
1753533128649,12:32:08.649,BSV/USDT:USDT,29.29,20.0,29.28,2705.0,29.31,22453.0,29.32,84100.0
1753533128747,12:32:08.747,BSV/USDT:USDT,29.29,56.0,29.28,2705.0,29.31,22453.0,29.32,84100.0
1753533128845,12:32:08.845,BSV/USDT:USDT,29.29,40.0,29.28,2705.0,29.31,22453.0,29.32,84100.0
1753533128954,12:32:08.954,BSV/USDT:USDT,29.29,40.0,29.28,2705.0,29.31,22453.0,29.32,84100.0
1753533129316,12:32:09.316,BSV/USDT:USDT,29.29,40.0,29.28,2705.0,29.31,22473.0,29.32,84100.0
1753533129485,12:32:09.485,BSV/USDT:USDT,29.29,1092.0,29.28,2705.0,29.31,22453.0,29.32,89180.0
1753533129599,12:32:09.599,BSV/USDT:USDT,29.29,1092.0,29.28,2705.0,29.31,22453.0,29.32,89180.0
1753533129816,12:32:09.816,BSV/USDT:USDT,29.29,1092.0,29.28,2705.0,29.31,22453.0,29.32,89180.0
1753533130586,12:32:10.586,BSV/USDT:USDT,29.29,1092.0,29.28,2705.0,29.31,22453.0,29.32,84100.0
1753533131965,12:32:11.965,BSV/USDT:USDT,29.29,1092.0,29.28,2705.0,29.31,22453.0,29.32,84100.0
1753533132086,12:32:12.086,BSV/USDT:USDT,29.29,1092.0,29.28,27572.0,29.31,1064.0,29.32,84100.0
1753533132146,12:32:12.146,BSV/USDT:USDT,29.29,1092.0,29.28,27572.0,29.31,1064.0,29.32,84100.0
1753533132268,12:32:12.268,BSV/USDT:USDT,29.29,1092.0,29.28,27572.0,29.31,1064.0,29.32,84100.0
1753533136100,12:32:16.100,BSV/USDT:USDT,29.29,1052.0,29.28,27572.0,29.31,21151.0,29.32,84100.0
1753533137809,12:32:17.809,BSV/USDT:USDT,29.28,27572.0,29.27,90650.0,29.31,21151.0,29.32,84100.0
1753533137852,12:32:17.852,BSV/USDT:USDT,29.29,16.0,29.28,27572.0,29.31,21151.0,29.32,84100.0
1753533137954,12:32:17.954,BSV/USDT:USDT,29.29,16.0,29.28,27572.0,29.31,21151.0,29.32,84100.0
1753533142736,12:32:22.736,BSV/USDT:USDT,29.29,1093.0,29.28,27572.0,29.31,21151.0,29.32,84100.0
1753533142810,12:32:22.810,BSV/USDT:USDT,29.29,1077.0,29.28,27572.0,29.31,19423.0,29.32,84100.0
1753533142843,12:32:22.843,BSV/USDT:USDT,29.29,1086.0,29.28,27572.0,29.31,19423.0,29.32,84100.0
1753533142982,12:32:22.982,BSV/USDT:USDT,29.29,1086.0,29.28,27572.0,29.31,19443.0,29.32,84100.0
1753533143303,12:32:23.303,BSV/USDT:USDT,29.29,1046.0,29.28,27572.0,29.31,19443.0,29.32,84100.0
1753533143431,12:32:23.431,BSV/USDT:USDT,29.3,1057.0,29.29,1066.0,29.32,554.0,29.33,2676.0
1753533143527,12:32:23.527,BSV/USDT:USDT,29.31,1037.0,29.3,1037.0,29.33,85149.0,29.34,5313.0
1753533143627,12:32:23.627,BSV/USDT:USDT,29.3,1037.0,29.29,2644.0,29.33,85149.0,29.34,5313.0
1753533143669,12:32:23.669,BSV/USDT:USDT,29.3,1077.0,29.29,2644.0,29.32,6678.0,29.33,85129.0
1753533143825,12:32:23.825,BSV/USDT:USDT,29.3,1077.0,29.29,2644.0,29.32,6678.0,29.33,85129.0
1753533143922,12:32:23.922,BSV/USDT:USDT,29.3,1077.0,29.29,2644.0,29.32,6678.0,29.33,85129.0
1753533143969,12:32:23.969,BSV/USDT:USDT,29.3,1077.0,29.29,2644.0,29.32,6678.0,29.33,85129.0
1753533144044,12:32:24.044,BSV/USDT:USDT,29.3,1077.0,29.29,2644.0,29.32,6678.0,29.33,85129.0
1753533146723,12:32:26.723,BSV/USDT:USDT,29.3,1077.0,29.29,2644.0,29.32,6678.0,29.33,85129.0
1753533146893,12:32:26.893,BSV/USDT:USDT,29.3,1077.0,29.29,2644.0,29.32,6678.0,29.33,85129.0
1753533148331,12:32:28.331,BSV/USDT:USDT,29.3,1077.0,29.29,2644.0,29.32,6698.0,29.33,85109.0
1753533148432,12:32:28.432,BSV/USDT:USDT,29.3,1037.0,29.29,2644.0,29.32,6698.0,29.33,85109.0
1753533148528,12:32:28.528,BSV/USDT:USDT,29.3,1057.0,29.29,2644.0,29.32,6698.0,29.33,85109.0
1753533148554,12:32:28.554,BSV/USDT:USDT,29.3,1037.0,29.29,2644.0,29.32,18738.0,29.33,85109.0
1753533148685,12:32:28.685,BSV/USDT:USDT,29.3,1037.0,29.29,2644.0,29.32,18758.0,29.33,85109.0
1753533149983,12:32:29.983,BSV/USDT:USDT,29.3,1037.0,29.29,2644.0,29.32,18758.0,29.33,85109.0
1753533153304,12:32:33.304,BSV/USDT:USDT,29.3,1037.0,29.29,1553.0,29.32,18758.0,29.33,85109.0
1753533154212,12:32:34.212,BSV/USDT:USDT,29.3,1057.0,29.29,1553.0,29.32,18738.0,29.33,85109.0
1753533154539,12:32:34.539,BSV/USDT:USDT,29.3,1057.0,29.29,1553.0,29.32,18738.0,29.33,85109.0
1753533154888,12:32:34.888,BSV/USDT:USDT,29.3,1057.0,29.29,1553.0,29.32,17032.0,29.33,85109.0
1753533155014,12:32:35.014,BSV/USDT:USDT,29.3,1037.0,29.29,1553.0,29.32,17052.0,29.33,85109.0
1753533156771,12:32:36.771,BSV/USDT:USDT,29.3,1057.0,29.29,1553.0,29.32,15306.0,29.33,85109.0
1753533157102,12:32:37.102,BSV/USDT:USDT,29.3,1057.0,29.29,1553.0,29.32,11892.0,29.33,85109.0
1753533157576,12:32:37.576,BSV/USDT:USDT,29.3,1057.0,29.29,1553.0,29.32,10184.0,29.33,85109.0
1753533159635,12:32:39.635,BSV/USDT:USDT,29.3,1057.0,29.29,1553.0,29.32,10184.0,29.33,85109.0
1753533160030,12:32:40.030,BSV/USDT:USDT,29.3,1057.0,29.29,1553.0,29.32,9073.0,29.33,85109.0
1753533160167,12:32:40.167,BSV/USDT:USDT,29.3,1057.0,29.29,2644.0,29.32,9073.0,29.33,85109.0
1753533160314,12:32:40.314,BSV/USDT:USDT,29.3,1037.0,29.29,2644.0,29.32,7365.0,29.33,85109.0
1753533160455,12:32:40.455,BSV/USDT:USDT,29.3,1037.0,29.29,2644.0,29.32,6254.0,29.33,85109.0
1753533160767,12:32:40.767,BSV/USDT:USDT,29.3,1037.0,29.29,2644.0,29.32,6254.0,29.33,85109.0
1753533161382,12:32:41.382,BSV/USDT:USDT,29.3,1037.0,29.29,2644.0,29.32,6254.0,29.33,85109.0
1753533161638,12:32:41.638,BSV/USDT:USDT,29.3,1037.0,29.29,2644.0,29.32,6254.0,29.33,85109.0
1753533161647,12:32:41.647,BSV/USDT:USDT,29.3,1037.0,29.29,2644.0,29.32,6254.0,29.33,85109.0
1753533161741,12:32:41.741,BSV/USDT:USDT,29.3,1037.0,29.29,2644.0,29.32,6254.0,29.33,85109.0
1753533161887,12:32:41.887,BSV/USDT:USDT,29.3,1037.0,29.29,2644.0,29.32,6254.0,29.33,85109.0
1753533162003,12:32:42.003,BSV/USDT:USDT,29.3,1037.0,29.29,2644.0,29.32,6254.0,29.33,85109.0
1753533162349,12:32:42.349,BSV/USDT:USDT,29.3,1037.0,29.29,2644.0,29.32,6254.0,29.33,85109.0
1753533162448,12:32:42.448,BSV/USDT:USDT,29.3,1037.0,29.29,2644.0,29.32,6254.0,29.33,85109.0
1753533162558,12:32:42.558,BSV/USDT:USDT,29.3,1037.0,29.29,2644.0,29.32,6254.0,29.33,85109.0
1753533163035,12:32:43.035,BSV/USDT:USDT,29.3,1037.0,29.29,2644.0,29.32,6254.0,29.33,85109.0
1753533163129,12:32:43.129,BSV/USDT:USDT,29.3,1037.0,29.29,2644.0,29.32,6254.0,29.33,85109.0
1753533163235,12:32:43.235,BSV/USDT:USDT,29.3,1037.0,29.29,2644.0,29.32,6254.0,29.33,85109.0
1753533163660,12:32:43.660,BSV/USDT:USDT,29.3,1037.0,29.29,2644.0,29.32,6254.0,29.33,85109.0
1753533163767,12:32:43.767,BSV/USDT:USDT,29.3,1037.0,29.29,2644.0,29.32,6254.0,29.33,85109.0
1753533163886,12:32:43.886,BSV/USDT:USDT,29.3,1037.0,29.29,2644.0,29.32,14640.0,29.33,85109.0
1753533163970,12:32:43.970,BSV/USDT:USDT,29.3,1037.0,29.29,2644.0,29.32,14640.0,29.33,85109.0
1753533164103,12:32:44.103,BSV/USDT:USDT,29.3,1037.0,29.29,2644.0,29.32,14640.0,29.33,85109.0
1753533164234,12:32:44.234,BSV/USDT:USDT,29.3,1037.0,29.29,2644.0,29.32,14640.0,29.33,85109.0
1753533164337,12:32:44.337,BSV/USDT:USDT,29.3,1037.0,29.29,2644.0,29.32,14640.0,29.33,85109.0
1753533164534,12:32:44.534,BSV/USDT:USDT,29.3,1037.0,29.29,2644.0,29.32,14640.0,29.33,85109.0
1753533164634,12:32:44.634,BSV/USDT:USDT,29.3,1037.0,29.29,2644.0,29.32,14640.0,29.33,85109.0
1753533164640,12:32:44.640,BSV/USDT:USDT,29.3,1037.0,29.29,2644.0,29.32,14640.0,29.33,85109.0
1753533164784,12:32:44.784,BSV/USDT:USDT,29.3,1037.0,29.29,2644.0,29.32,14640.0,29.33,85109.0
1753533165662,12:32:45.662,BSV/USDT:USDT,29.29,2644.0,29.28,30138.0,29.32,14640.0,29.33,85109.0
1753533165759,12:32:45.759,BSV/USDT:USDT,29.29,1553.0,29.28,27572.0,29.32,14640.0,29.33,85109.0
1753533165840,12:32:45.840,BSV/USDT:USDT,29.29,1553.0,29.28,27572.0,29.32,23213.0,29.33,85109.0
1753533165993,12:32:45.993,BSV/USDT:USDT,29.29,1053.0,29.28,27572.0,29.32,23213.0,29.33,85109.0
1753533166053,12:32:46.053,BSV/USDT:USDT,29.29,1053.0,29.28,27572.0,29.32,23213.0,29.33,85109.0
1753533166329,12:32:46.329,BSV/USDT:USDT,29.29,1053.0,29.28,27572.0,29.32,23213.0,29.33,85109.0
1753533170942,12:32:50.942,BSV/USDT:USDT,29.29,1053.0,29.28,27572.0,29.32,23213.0,29.33,85109.0
1753533171060,12:32:51.060,BSV/USDT:USDT,29.29,1053.0,29.28,27572.0,29.32,23213.0,29.33,85109.0
1753533171207,12:32:51.207,BSV/USDT:USDT,29.29,1053.0,29.28,27572.0,29.32,23213.0,29.33,85109.0
1753533171412,12:32:51.412,BSV/USDT:USDT,29.29,1053.0,29.28,27572.0,29.32,23213.0,29.33,85109.0
1753533172294,12:32:52.294,BSV/USDT:USDT,29.29,1053.0,29.28,27572.0,29.32,21505.0,29.33,85109.0
1753533177107,12:32:57.107,BSV/USDT:USDT,29.29,1053.0,29.28,27572.0,29.32,21505.0,29.33,85109.0
1753533182151,12:33:02.151,BSV/USDT:USDT,29.29,1053.0,29.28,27572.0,29.32,21505.0,29.33,85109.0
1753533182241,12:33:02.241,BSV/USDT:USDT,29.29,1053.0,29.28,27572.0,29.32,21505.0,29.33,85109.0
1753533187296,12:33:07.296,BSV/USDT:USDT,29.29,1053.0,29.28,27572.0,29.32,21505.0,29.33,85109.0
1753533187341,12:33:07.341,BSV/USDT:USDT,29.29,1053.0,29.28,27572.0,29.32,21505.0,29.33,85109.0
1753533189212,12:33:09.212,BSV/USDT:USDT,29.29,1053.0,29.28,27572.0,29.32,21505.0,29.33,85109.0
1753533189432,12:33:09.432,BSV/USDT:USDT,29.29,1053.0,29.28,27572.0,29.32,21505.0,29.33,85109.0
1753533189536,12:33:09.536,BSV/USDT:USDT,29.29,1053.0,29.28,27572.0,29.32,21505.0,29.33,85109.0
1753533189536,12:33:09.536,BSV/USDT:USDT,29.29,1053.0,29.28,27572.0,29.32,21505.0,29.33,85109.0
1753533191004,12:33:11.004,BSV/USDT:USDT,29.3,1085.0,29.29,1053.0,29.32,20667.0,29.33,85109.0
1753533191060,12:33:11.060,BSV/USDT:USDT,29.3,1085.0,29.29,1053.0,29.32,20667.0,29.33,85109.0
1753533191183,12:33:11.183,BSV/USDT:USDT,29.3,1085.0,29.29,1053.0,29.32,20667.0,29.33,85109.0
1753533191551,12:33:11.551,BSV/USDT:USDT,29.3,1085.0,29.29,1053.0,29.32,18960.0,29.33,85109.0
1753533191686,12:33:11.686,BSV/USDT:USDT,29.3,1085.0,29.29,1053.0,29.32,18960.0,29.33,85109.0
1753533191757,12:33:11.757,BSV/USDT:USDT,29.3,1085.0,29.29,1053.0,29.32,18960.0,29.33,85109.0
1753533192026,12:33:12.026,BSV/USDT:USDT,29.3,1065.0,29.29,1053.0,29.32,18960.0,29.33,85109.0
1753533192229,12:33:12.229,BSV/USDT:USDT,29.3,1085.0,29.29,1053.0,29.32,18960.0,29.33,85109.0
1753533192334,12:33:12.334,BSV/USDT:USDT,29.3,1085.0,29.29,1053.0,29.32,18960.0,29.33,85109.0
1753533192338,12:33:12.338,BSV/USDT:USDT,29.3,1065.0,29.29,1053.0,29.32,18960.0,29.33,85109.0
1753533192518,12:33:12.518,BSV/USDT:USDT,29.3,1065.0,29.29,1053.0,29.32,17284.0,29.33,85109.0
1753533192615,12:33:12.615,BSV/USDT:USDT,29.3,1065.0,29.29,1053.0,29.32,11880.0,29.33,85109.0
1753533192731,12:33:12.731,BSV/USDT:USDT,29.3,1065.0,29.29,1053.0,29.32,11880.0,29.33,85109.0
1753533192816,12:33:12.816,BSV/USDT:USDT,29.3,1065.0,29.29,1053.0,29.32,11880.0,29.33,85109.0
1753533193505,12:33:13.505,BSV/USDT:USDT,29.3,1085.0,29.29,1053.0,29.32,11042.0,29.33,85109.0
1753533193712,12:33:13.712,BSV/USDT:USDT,29.3,1085.0,29.29,1053.0,29.32,11062.0,29.33,85109.0
1753533194493,12:33:14.493,BSV/USDT:USDT,29.3,1085.0,29.29,1053.0,29.32,10523.0,29.33,85109.0
1753533194634,12:33:14.634,BSV/USDT:USDT,29.3,1085.0,29.29,1053.0,29.32,10543.0,29.33,85109.0
1753533194699,12:33:14.699,BSV/USDT:USDT,29.3,1065.0,29.29,1053.0,29.32,10523.0,29.33,85109.0
1753533198988,12:33:18.988,BSV/USDT:USDT,29.3,1065.0,29.29,1053.0,29.32,8995.0,29.33,85109.0
1753533199185,12:33:19.185,BSV/USDT:USDT,29.3,1065.0,29.29,1053.0,29.32,8995.0,29.33,85109.0
1753533199779,12:33:19.779,BSV/USDT:USDT,29.3,1085.0,29.29,1053.0,29.32,8995.0,29.33,85109.0
1753533201523,12:33:21.523,BSV/USDT:USDT,29.3,1085.0,29.29,1053.0,29.32,8995.0,29.33,85109.0
1753533201617,12:33:21.617,BSV/USDT:USDT,29.3,1085.0,29.29,1053.0,29.32,8995.0,29.33,85109.0
1753533202483,12:33:22.483,BSV/USDT:USDT,29.3,1065.0,29.29,1053.0,29.32,8995.0,29.33,85109.0
1753533202544,12:33:22.544,BSV/USDT:USDT,29.3,1045.0,29.29,1053.0,29.32,9015.0,29.33,85109.0
1753533203621,12:33:23.621,BSV/USDT:USDT,29.3,1045.0,29.29,1053.0,29.32,23938.0,29.33,85109.0
1753533204001,12:33:24.001,BSV/USDT:USDT,29.3,1045.0,29.29,1053.0,29.32,22231.0,29.33,85109.0
1753533204097,12:33:24.097,BSV/USDT:USDT,29.3,1045.0,29.29,1053.0,29.32,21393.0,29.33,85109.0
1753533204271,12:33:24.271,BSV/USDT:USDT,29.3,1045.0,29.29,1053.0,29.32,21393.0,29.33,85109.0
1753533205529,12:33:25.529,BSV/USDT:USDT,29.3,1045.0,29.29,1053.0,29.32,21393.0,29.33,85109.0
1753533206110,12:33:26.110,BSV/USDT:USDT,29.3,1045.0,29.29,1053.0,29.32,21393.0,29.33,85768.0
1753533206894,12:33:26.894,BSV/USDT:USDT,29.3,1045.0,29.29,1053.0,29.32,21393.0,29.33,85768.0
1753533207116,12:33:27.116,BSV/USDT:USDT,29.3,1045.0,29.29,1053.0,29.32,21393.0,29.33,85768.0
1753533207588,12:33:27.588,BSV/USDT:USDT,29.3,1045.0,29.29,1053.0,29.32,21393.0,29.33,85768.0
1753533212611,12:33:32.611,BSV/USDT:USDT,29.3,1045.0,29.29,1053.0,29.32,21393.0,29.33,85768.0
1753533212641,12:33:32.641,BSV/USDT:USDT,29.3,1045.0,29.29,1053.0,29.32,21393.0,29.33,85768.0
1753533217386,12:33:37.386,BSV/USDT:USDT,29.3,1045.0,29.29,1053.0,29.32,11131.0,29.33,85768.0
1753533217629,12:33:37.629,BSV/USDT:USDT,29.3,1045.0,29.29,1053.0,29.32,10626.0,29.33,85768.0
1753533217642,12:33:37.642,BSV/USDT:USDT,29.3,1045.0,29.29,1053.0,29.32,9089.0,29.33,85768.0
1753533218325,12:33:38.325,BSV/USDT:USDT,29.3,1045.0,29.29,1053.0,29.32,9089.0,29.33,85768.0
1753533218385,12:33:38.385,BSV/USDT:USDT,29.3,1045.0,29.29,1053.0,29.32,9089.0,29.33,85768.0
1753533218498,12:33:38.498,BSV/USDT:USDT,29.3,1045.0,29.29,1053.0,29.32,9089.0,29.33,85768.0
1753533218691,12:33:38.691,BSV/USDT:USDT,29.3,1045.0,29.29,1053.0,29.32,9089.0,29.33,85768.0
1753533219135,12:33:39.135,BSV/USDT:USDT,29.3,1045.0,29.29,1053.0,29.32,9089.0,29.33,85768.0
1753533219225,12:33:39.225,BSV/USDT:USDT,29.3,1045.0,29.29,1053.0,29.32,9089.0,29.33,85768.0
1753533220172,12:33:40.172,BSV/USDT:USDT,29.3,1045.0,29.29,1053.0,29.32,9089.0,29.33,85768.0
1753533220504,12:33:40.504,BSV/USDT:USDT,29.3,1045.0,29.29,1053.0,29.32,9089.0,29.33,85768.0
1753533221027,12:33:41.027,BSV/USDT:USDT,29.3,1045.0,29.29,1053.0,29.32,9089.0,29.33,85768.0
1753533221041,12:33:41.041,BSV/USDT:USDT,29.3,1045.0,29.29,1053.0,29.32,9089.0,29.33,85768.0
1753533221174,12:33:41.174,BSV/USDT:USDT,29.3,1045.0,29.29,1053.0,29.32,9089.0,29.33,85768.0
1753533221413,12:33:41.413,BSV/USDT:USDT,29.3,1045.0,29.29,1053.0,29.32,9089.0,29.33,85768.0
1753533221817,12:33:41.817,BSV/USDT:USDT,29.3,1045.0,29.29,1053.0,29.32,9089.0,29.33,85768.0
1753533222274,12:33:42.274,BSV/USDT:USDT,29.3,1045.0,29.29,1053.0,29.32,9089.0,29.33,85768.0
1753533222341,12:33:42.341,BSV/USDT:USDT,29.3,1045.0,29.29,1053.0,29.32,9089.0,29.33,85768.0
1753533222510,12:33:42.510,BSV/USDT:USDT,29.3,1045.0,29.29,1053.0,29.32,9089.0,29.33,85768.0
1753533224304,12:33:44.304,BSV/USDT:USDT,29.3,1045.0,29.29,1053.0,29.32,9089.0,29.33,85768.0
1753533224340,12:33:44.340,BSV/USDT:USDT,29.3,1045.0,29.29,1053.0,29.32,9089.0,29.33,85768.0
1753533227508,12:33:47.508,BSV/USDT:USDT,29.3,1045.0,29.29,1053.0,29.32,9089.0,29.33,85768.0
1753533230130,12:33:50.130,BSV/USDT:USDT,29.3,1045.0,29.29,1053.0,29.32,7382.0,29.33,85768.0
1753533230225,12:33:50.225,BSV/USDT:USDT,29.3,1045.0,29.29,1053.0,29.32,5675.0,29.33,85768.0
1753533231630,12:33:51.630,BSV/USDT:USDT,29.3,1045.0,29.29,1053.0,29.32,5675.0,29.33,85768.0
1753533233510,12:33:53.510,BSV/USDT:USDT,29.3,1045.0,29.29,1053.0,29.32,3968.0,29.33,85768.0
1753533233559,12:33:53.559,BSV/USDT:USDT,29.3,1045.0,29.29,1053.0,29.32,3968.0,29.33,85768.0
1753533233705,12:33:53.705,BSV/USDT:USDT,29.3,1045.0,29.29,1053.0,29.32,3968.0,29.33,85768.0
1753533233768,12:33:53.768,BSV/USDT:USDT,29.3,1045.0,29.29,1053.0,29.32,3968.0,29.33,85768.0
1753533234026,12:33:54.026,BSV/USDT:USDT,29.3,1045.0,29.29,1053.0,29.32,2261.0,29.33,85768.0
1753533234881,12:33:54.881,BSV/USDT:USDT,29.3,1045.0,29.29,1053.0,29.32,2261.0,29.33,85768.0
1753533235368,12:33:55.368,BSV/USDT:USDT,29.3,1045.0,29.29,1053.0,29.32,2261.0,29.33,85768.0
1753533235550,12:33:55.550,BSV/USDT:USDT,29.3,1045.0,29.29,1053.0,29.32,2261.0,29.33,85768.0
1753533236025,12:33:56.025,BSV/USDT:USDT,29.3,1045.0,29.29,1053.0,29.32,2261.0,29.33,85768.0
1753533236091,12:33:56.091,BSV/USDT:USDT,29.3,1045.0,29.29,1053.0,29.32,554.0,29.33,85768.0
1753533236911,12:33:56.911,BSV/USDT:USDT,29.3,1045.0,29.29,1053.0,29.32,554.0,29.33,85768.0
1753533237106,12:33:57.106,BSV/USDT:USDT,29.3,1045.0,29.29,1053.0,29.32,554.0,29.33,85768.0
1753533238304,12:33:58.304,BSV/USDT:USDT,29.3,1045.0,29.29,1053.0,29.32,554.0,29.33,85768.0
1753533238535,12:33:58.535,BSV/USDT:USDT,29.3,1045.0,29.29,1053.0,29.33,84615.0,29.34,7278.0
1753533238560,12:33:58.560,BSV/USDT:USDT,29.3,1045.0,29.29,1053.0,29.33,83167.0,29.34,6219.0
1753533238727,12:33:58.727,BSV/USDT:USDT,29.3,1045.0,29.29,1053.0,29.33,83167.0,29.34,6219.0
1753533238771,12:33:58.771,BSV/USDT:USDT,29.3,1045.0,29.29,1053.0,29.33,83167.0,29.34,5493.0
1753533238875,12:33:58.875,BSV/USDT:USDT,29.3,1045.0,29.29,1053.0,29.33,83167.0,29.34,5493.0
1753533239221,12:33:59.221,BSV/USDT:USDT,29.3,1085.0,29.29,1053.0,29.32,114.0,29.33,83167.0
1753533239329,12:33:59.329,BSV/USDT:USDT,29.3,1085.0,29.29,1053.0,29.32,114.0,29.33,83167.0
1753533239473,12:33:59.473,BSV/USDT:USDT,29.3,1085.0,29.29,1053.0,29.32,114.0,29.33,83167.0
1753533239559,12:33:59.559,BSV/USDT:USDT,29.3,1085.0,29.29,1053.0,29.32,114.0,29.33,83167.0
1753533239706,12:33:59.706,BSV/USDT:USDT,29.3,1085.0,29.29,1053.0,29.32,114.0,29.33,83167.0
1753533239768,12:33:59.768,BSV/USDT:USDT,29.3,1065.0,29.29,1053.0,29.33,83167.0,29.34,5493.0
1753533239971,12:33:59.971,BSV/USDT:USDT,29.3,1065.0,29.29,1053.0,29.33,83167.0,29.34,5493.0
1753533240430,12:34:00.430,BSV/USDT:USDT,29.3,1065.0,29.29,1553.0,29.33,83167.0,29.34,5493.0
1753533240794,12:34:00.794,BSV/USDT:USDT,29.3,1065.0,29.29,1553.0,29.33,83167.0,29.34,5493.0
1753533241489,12:34:01.489,BSV/USDT:USDT,29.3,1045.0,29.29,1553.0,29.33,83167.0,29.34,5493.0
1753533241545,12:34:01.545,BSV/USDT:USDT,29.3,1045.0,29.29,1553.0,29.33,83167.0,29.34,5493.0
1753533242000,12:34:02.000,BSV/USDT:USDT,29.3,1045.0,29.29,1553.0,29.32,154.0,29.33,83167.0
1753533242225,12:34:02.225,BSV/USDT:USDT,29.3,1045.0,29.29,1553.0,29.32,40.0,29.33,83167.0
1753533243566,12:34:03.566,BSV/USDT:USDT,29.3,1045.0,29.29,1553.0,29.33,83071.0,29.34,5493.0
1753533244069,12:34:04.069,BSV/USDT:USDT,29.3,1045.0,29.29,1553.0,29.33,81991.0,29.34,5493.0
1753533245580,12:34:05.580,BSV/USDT:USDT,29.3,1045.0,29.29,1553.0,29.33,81991.0,29.34,5493.0
1753533245791,12:34:05.791,BSV/USDT:USDT,29.3,1045.0,29.29,1553.0,29.33,81991.0,29.34,5493.0
1753533245930,12:34:05.930,BSV/USDT:USDT,29.3,1045.0,29.29,1553.0,29.33,81991.0,29.34,5493.0
1753533246537,12:34:06.537,BSV/USDT:USDT,29.3,1045.0,29.29,1553.0,29.33,81991.0,29.34,5493.0
1753533246705,12:34:06.705,BSV/USDT:USDT,29.3,1045.0,29.29,1553.0,29.33,81991.0,29.34,5493.0
1753533246955,12:34:06.955,BSV/USDT:USDT,29.3,1045.0,29.29,1553.0,29.33,81991.0,29.34,5493.0
1753533249018,12:34:09.018,BSV/USDT:USDT,29.3,1045.0,29.29,1553.0,29.33,80284.0,29.34,5493.0
1753533249506,12:34:09.506,BSV/USDT:USDT,29.3,1045.0,29.29,1553.0,29.33,80284.0,29.34,5493.0
1753533250795,12:34:10.795,BSV/USDT:USDT,29.3,1045.0,29.29,1553.0,29.33,78577.0,29.34,5493.0
1753533253040,12:34:13.040,BSV/USDT:USDT,29.3,1045.0,29.29,1553.0,29.33,76870.0,29.34,5493.0
1753533253160,12:34:13.160,BSV/USDT:USDT,29.3,1045.0,29.29,1553.0,29.33,73456.0,29.34,5493.0
1753533255320,12:34:15.320,BSV/USDT:USDT,29.3,1045.0,29.29,1553.0,29.33,73456.0,29.34,6152.0
1753533256145,12:34:16.145,BSV/USDT:USDT,29.3,1045.0,29.29,1553.0,29.33,73456.0,29.34,6152.0
1753533256520,12:34:16.520,BSV/USDT:USDT,29.3,1045.0,29.29,1553.0,29.33,73456.0,29.34,6152.0
1753533257055,12:34:17.055,BSV/USDT:USDT,29.3,1045.0,29.29,1553.0,29.33,73456.0,29.34,6152.0
1753533257789,12:34:17.789,BSV/USDT:USDT,29.3,1045.0,29.29,1553.0,29.33,73456.0,29.34,6152.0
1753533258404,12:34:18.404,BSV/USDT:USDT,29.3,1045.0,29.29,1553.0,29.33,73456.0,29.34,6152.0
1753533258623,12:34:18.623,BSV/USDT:USDT,29.3,1045.0,29.29,1553.0,29.33,71749.0,29.34,6152.0
1753533259073,12:34:19.073,BSV/USDT:USDT,29.3,1045.0,29.29,1553.0,29.33,70042.0,29.34,6152.0
1753533260159,12:34:20.159,BSV/USDT:USDT,29.3,1045.0,29.29,1553.0,29.33,70042.0,29.34,7626.0
1753533263649,12:34:23.649,BSV/USDT:USDT,29.3,1045.0,29.29,1553.0,29.33,68335.0,29.34,7626.0
1753533263872,12:34:23.872,BSV/USDT:USDT,29.3,1045.0,29.29,1553.0,29.33,68530.0,29.34,7626.0
1753533264095,12:34:24.095,BSV/USDT:USDT,29.3,1045.0,29.29,1553.0,29.33,66823.0,29.34,7626.0
1753533264284,12:34:24.284,BSV/USDT:USDT,29.3,1045.0,29.29,1553.0,29.33,66823.0,29.34,7626.0
1753533265079,12:34:25.079,BSV/USDT:USDT,29.3,1045.0,29.29,1553.0,29.33,66823.0,29.34,6152.0
1753533265166,12:34:25.166,BSV/USDT:USDT,29.3,1065.0,29.29,1563.0,29.32,9.0,29.33,65933.0
1753533266756,12:34:26.756,BSV/USDT:USDT,29.3,1065.0,29.29,1563.0,29.32,9.0,29.33,65933.0
1753533267031,12:34:27.031,BSV/USDT:USDT,29.3,1065.0,29.29,1563.0,29.32,9.0,29.33,65933.0
1753533270716,12:34:30.716,BSV/USDT:USDT,29.3,1085.0,29.29,1563.0,29.32,9.0,29.33,65933.0
1753533272087,12:34:32.087,BSV/USDT:USDT,29.3,1085.0,29.29,1563.0,29.32,9.0,29.33,65933.0
1753533272166,12:34:32.166,BSV/USDT:USDT,29.3,1085.0,29.29,1563.0,29.32,9.0,29.33,65933.0
1753533277090,12:34:37.090,BSV/USDT:USDT,29.3,1085.0,29.29,1563.0,29.32,9.0,29.33,65933.0
1753533277146,12:34:37.146,BSV/USDT:USDT,29.3,1085.0,29.29,1563.0,29.32,9.0,29.33,65933.0
1753533279167,12:34:39.167,BSV/USDT:USDT,29.3,1085.0,29.29,1563.0,29.32,9.0,29.33,65933.0
1753533279339,12:34:39.339,BSV/USDT:USDT,29.3,1085.0,29.29,1563.0,29.32,29.0,29.33,65933.0
1753533279791,12:34:39.791,BSV/USDT:USDT,29.3,1085.0,29.29,1563.0,29.32,49.0,29.33,65933.0
1753533279939,12:34:39.939,BSV/USDT:USDT,29.3,1085.0,29.29,1563.0,29.32,49.0,29.33,65933.0
1753533280820,12:34:40.820,BSV/USDT:USDT,29.3,1045.0,29.29,1563.0,29.32,49.0,29.33,65933.0
1753533280882,12:34:40.882,BSV/USDT:USDT,29.3,1045.0,29.29,1563.0,29.32,1114.0,29.33,65933.0
1753533283704,12:34:43.704,BSV/USDT:USDT,29.3,1065.0,29.29,1563.0,29.33,64328.0,29.34,5493.0
1753533283809,12:34:43.809,BSV/USDT:USDT,29.3,1045.0,29.29,1569.0,29.33,64328.0,29.34,5493.0
1753533284027,12:34:44.027,BSV/USDT:USDT,29.3,1045.0,29.29,1569.0,29.33,64328.0,29.34,5493.0
1753533284118,12:34:44.118,BSV/USDT:USDT,29.3,1045.0,29.29,1569.0,29.33,64328.0,29.34,5493.0
1753533288725,12:34:48.725,BSV/USDT:USDT,29.3,1045.0,29.29,1569.0,29.33,64328.0,29.34,5493.0
1753533288741,12:34:48.741,BSV/USDT:USDT,29.3,1045.0,29.29,1569.0,29.33,64328.0,29.34,5493.0
1753533289034,12:34:49.034,BSV/USDT:USDT,29.3,1045.0,29.29,1569.0,29.33,64328.0,29.34,7494.0
1753533293719,12:34:53.719,BSV/USDT:USDT,29.3,1045.0,29.29,1569.0,29.33,62621.0,29.34,7723.0
1753533293759,12:34:53.759,BSV/USDT:USDT,29.3,1045.0,29.29,1569.0,29.33,62621.0,29.34,5493.0
1753533294117,12:34:54.117,BSV/USDT:USDT,29.3,1045.0,29.29,1569.0,29.33,60914.0,29.34,5493.0
1753533294831,12:34:54.831,BSV/USDT:USDT,29.3,1045.0,29.29,5081.0,29.33,60914.0,29.34,5493.0
1753533296533,12:34:56.533,BSV/USDT:USDT,29.3,1045.0,29.29,5081.0,29.33,60914.0,29.34,5493.0
1753533296614,12:34:56.614,BSV/USDT:USDT,29.3,1045.0,29.29,5081.0,29.33,60914.0,29.34,5493.0
1753533296689,12:34:56.689,BSV/USDT:USDT,29.3,1045.0,29.29,5081.0,29.33,60914.0,29.34,5493.0
1753533296773,12:34:56.773,BSV/USDT:USDT,29.3,1045.0,29.29,5081.0,29.33,60914.0,29.34,5493.0
1753533297414,12:34:57.414,BSV/USDT:USDT,29.3,1045.0,29.29,5081.0,29.33,60914.0,29.34,5493.0
1753533297522,12:34:57.522,BSV/USDT:USDT,29.3,1045.0,29.29,5081.0,29.33,59207.0,29.34,5493.0
1753533297605,12:34:57.605,BSV/USDT:USDT,29.3,1045.0,29.29,5081.0,29.33,59207.0,29.34,7121.0
1753533299133,12:34:59.133,BSV/USDT:USDT,29.3,1045.0,29.29,5081.0,29.33,57500.0,29.34,7121.0
1753533300800,12:35:00.800,BSV/USDT:USDT,29.3,1045.0,29.29,5081.0,29.33,57500.0,29.34,7121.0
1753533301300,12:35:01.300,BSV/USDT:USDT,29.3,1045.0,29.29,5081.0,29.33,57500.0,29.34,7121.0
1753533301635,12:35:01.635,BSV/USDT:USDT,29.3,1045.0,29.29,5081.0,29.33,57500.0,29.34,7121.0
1753533301659,12:35:01.659,BSV/USDT:USDT,29.3,1045.0,29.29,6172.0,29.33,57500.0,29.34,7121.0
1753533302555,12:35:02.555,BSV/USDT:USDT,29.3,1045.0,29.29,5081.0,29.33,57500.0,29.34,7121.0
1753533302699,12:35:02.699,BSV/USDT:USDT,29.3,1045.0,29.29,5081.0,29.33,57500.0,29.34,7121.0
1753533302821,12:35:02.821,BSV/USDT:USDT,29.3,1045.0,29.29,4581.0,29.33,57500.0,29.34,7780.0
1753533302919,12:35:02.919,BSV/USDT:USDT,29.3,1045.0,29.29,4549.0,29.33,57500.0,29.34,7780.0
1753533303199,12:35:03.199,BSV/USDT:USDT,29.3,1045.0,29.29,4549.0,29.33,56805.0,29.34,6152.0
1753533303719,12:35:03.719,BSV/USDT:USDT,29.3,1045.0,29.29,4549.0,29.33,56805.0,29.34,6152.0
1753533303745,12:35:03.745,BSV/USDT:USDT,29.3,1045.0,29.29,4549.0,29.33,56805.0,29.34,6152.0
1753533303860,12:35:03.860,BSV/USDT:USDT,29.3,1045.0,29.29,4549.0,29.33,56805.0,29.34,6152.0
1753533303957,12:35:03.957,BSV/USDT:USDT,29.3,1045.0,29.29,4549.0,29.33,56805.0,29.34,6152.0
1753533305219,12:35:05.219,BSV/USDT:USDT,29.3,1045.0,29.29,4549.0,29.33,56805.0,29.34,6152.0
1753533305360,12:35:05.360,BSV/USDT:USDT,29.3,1045.0,29.29,4549.0,29.33,56805.0,29.34,6152.0
1753533305455,12:35:05.455,BSV/USDT:USDT,29.3,1045.0,29.29,4549.0,29.33,56805.0,29.34,6152.0
1753533306357,12:35:06.357,BSV/USDT:USDT,29.3,1045.0,29.29,4549.0,29.33,56805.0,29.34,6152.0
1753533311528,12:35:11.528,BSV/USDT:USDT,29.3,1045.0,29.29,4549.0,29.33,56805.0,29.34,6152.0
1753533311541,12:35:11.541,BSV/USDT:USDT,29.3,1045.0,29.29,4549.0,29.33,56805.0,29.34,6152.0
1753533316579,12:35:16.579,BSV/USDT:USDT,29.3,1045.0,29.29,4549.0,29.33,56805.0,29.34,6152.0
1753533316641,12:35:16.641,BSV/USDT:USDT,29.3,1045.0,29.29,4549.0,29.33,56805.0,29.34,6152.0
1753533317172,12:35:17.172,BSV/USDT:USDT,29.3,1125.0,29.29,4549.0,29.32,194.0,29.33,56805.0
1753533318735,12:35:18.735,BSV/USDT:USDT,29.3,1125.0,29.29,4549.0,29.33,56337.0,29.34,6152.0
1753533318789,12:35:18.789,BSV/USDT:USDT,29.3,1085.0,29.29,4549.0,29.33,55249.0,29.34,6219.0
1753533318931,12:35:18.931,BSV/USDT:USDT,29.3,1125.0,29.29,4549.0,29.32,166.0,29.33,54630.0
1753533318940,12:35:18.940,BSV/USDT:USDT,29.3,1125.0,29.29,4549.0,29.32,166.0,29.33,54630.0
1753533319105,12:35:19.105,BSV/USDT:USDT,29.3,1125.0,29.29,4549.0,29.32,40.0,29.33,54630.0
1753533319639,12:35:19.639,BSV/USDT:USDT,29.3,1125.0,29.29,4549.0,29.32,80.0,29.33,54630.0
1753533320183,12:35:20.183,BSV/USDT:USDT,29.3,1125.0,29.29,4549.0,29.32,40.0,29.33,54630.0
1753533320311,12:35:20.311,BSV/USDT:USDT,29.3,1125.0,29.29,4549.0,29.32,40.0,29.33,54630.0
1753533322320,12:35:22.320,BSV/USDT:USDT,29.3,1125.0,29.29,4549.0,29.32,40.0,29.33,54631.0
1753533322669,12:35:22.669,BSV/USDT:USDT,29.3,1085.0,29.29,4549.0,29.33,54399.0,29.34,5493.0
1753533322818,12:35:22.818,BSV/USDT:USDT,29.3,1085.0,29.29,4549.0,29.33,54398.0,29.34,5493.0
1753533323011,12:35:23.011,BSV/USDT:USDT,29.3,1085.0,29.29,4549.0,29.33,52691.0,29.34,5493.0
1753533325948,12:35:25.948,BSV/USDT:USDT,29.3,1085.0,29.29,4549.0,29.33,52691.0,29.34,5493.0
1753533326369,12:35:26.369,BSV/USDT:USDT,29.3,1085.0,29.29,4549.0,29.33,52691.0,29.34,5493.0
1753533326775,12:35:26.775,BSV/USDT:USDT,29.3,1085.0,29.29,4549.0,29.33,52691.0,29.34,5493.0
1753533326914,12:35:26.914,BSV/USDT:USDT,29.3,1085.0,29.29,4549.0,29.33,52691.0,29.34,5493.0
1753533330331,12:35:30.331,BSV/USDT:USDT,29.3,1085.0,29.29,4549.0,29.33,52691.0,29.34,5493.0
1753533330404,12:35:30.404,BSV/USDT:USDT,29.3,1085.0,29.29,4549.0,29.33,52691.0,29.34,5493.0
1753533332090,12:35:32.090,BSV/USDT:USDT,29.3,1085.0,29.29,4549.0,29.33,52691.0,29.34,5493.0
1753533333894,12:35:33.894,BSV/USDT:USDT,29.3,1085.0,29.29,4549.0,29.33,51682.0,29.34,5493.0
1753533333952,12:35:33.952,BSV/USDT:USDT,29.3,1117.0,29.29,4549.0,29.33,49975.0,29.34,5493.0
1753533334045,12:35:34.045,BSV/USDT:USDT,29.3,1085.0,29.29,4581.0,29.33,49975.0,29.34,5493.0
1753533334899,12:35:34.899,BSV/USDT:USDT,29.3,1085.0,29.29,4581.0,29.32,40.0,29.33,49975.0
1753533335259,12:35:35.259,BSV/USDT:USDT,29.3,1085.0,29.29,4581.0,29.32,40.0,29.33,49975.0
1753533335963,12:35:35.963,BSV/USDT:USDT,29.3,1085.0,29.29,4581.0,29.33,49743.0,29.34,5493.0
1753533336074,12:35:36.074,BSV/USDT:USDT,29.3,1085.0,29.29,4581.0,29.33,49743.0,29.34,5493.0
1753533336383,12:35:36.383,BSV/USDT:USDT,29.3,1045.0,29.29,4581.0,29.33,49743.0,29.34,5493.0
1753533336492,12:35:36.492,BSV/USDT:USDT,29.3,1045.0,29.29,4581.0,29.32,40.0,29.33,49743.0
1753533337505,12:35:37.505,BSV/USDT:USDT,29.3,1045.0,29.29,4581.0,29.33,49183.0,29.34,5493.0
1753533338778,12:35:38.778,BSV/USDT:USDT,29.3,1045.0,29.29,4581.0,29.33,49183.0,29.34,5493.0
1753533341849,12:35:41.849,BSV/USDT:USDT,29.3,1045.0,29.29,4581.0,29.33,49183.0,29.34,5493.0
1753533342923,12:35:42.923,BSV/USDT:USDT,29.29,1069.0,29.28,1071.0,29.33,49183.0,29.34,5493.0
1753533342984,12:35:42.984,BSV/USDT:USDT,29.3,1105.0,29.29,1037.0,29.32,534.0,29.33,51280.0
1753533343048,12:35:43.048,BSV/USDT:USDT,29.3,1145.0,29.29,1037.0,29.32,534.0,29.33,48634.0
1753533343229,12:35:43.229,BSV/USDT:USDT,29.3,1105.0,29.29,1037.0,29.32,534.0,29.33,48634.0
1753533343329,12:35:43.329,BSV/USDT:USDT,29.29,1037.0,29.28,2964.0,29.32,550.0,29.33,45754.0
1753533343380,12:35:43.380,BSV/USDT:USDT,29.29,1037.0,29.28,2964.0,29.33,43426.0,29.34,5493.0
1753533343495,12:35:43.495,BSV/USDT:USDT,29.29,1037.0,29.28,2964.0,29.33,43426.0,29.34,5493.0
1753533343742,12:35:43.742,BSV/USDT:USDT,29.29,1037.0,29.28,2964.0,29.33,43426.0,29.34,5493.0
1753533344319,12:35:44.319,BSV/USDT:USDT,29.29,1037.0,29.28,2964.0,29.33,43426.0,29.34,5493.0
1753533344759,12:35:44.759,BSV/USDT:USDT,29.29,1037.0,29.28,2964.0,29.33,43426.0,29.34,5493.0
1753533346863,12:35:46.863,BSV/USDT:USDT,29.29,1037.0,29.28,2964.0,29.32,1065.0,29.33,43426.0
1753533347019,12:35:47.019,BSV/USDT:USDT,29.29,1037.0,29.28,2964.0,29.32,1065.0,29.33,43426.0
1753533347102,12:35:47.102,BSV/USDT:USDT,29.29,1037.0,29.28,2964.0,29.32,1065.0,29.33,43426.0
1753533347515,12:35:47.515,BSV/USDT:USDT,29.29,1037.0,29.28,2964.0,29.33,43360.0,29.34,5493.0
1753533347806,12:35:47.806,BSV/USDT:USDT,29.29,1037.0,29.28,2964.0,29.33,42784.0,29.34,5493.0
1753533348607,12:35:48.607,BSV/USDT:USDT,29.29,1037.0,29.28,2964.0,29.33,42784.0,29.34,5493.0
1753533349042,12:35:49.042,BSV/USDT:USDT,29.29,1037.0,29.28,2964.0,29.33,42784.0,29.34,5493.0
1753533349786,12:35:49.786,BSV/USDT:USDT,29.29,1037.0,29.28,2964.0,29.32,581.0,29.33,47431.0
1753533349860,12:35:49.860,BSV/USDT:USDT,29.29,1037.0,29.28,2964.0,29.32,581.0,29.33,47431.0
1753533350611,12:35:50.611,BSV/USDT:USDT,29.29,1037.0,29.28,2964.0,29.32,581.0,29.33,47431.0
1753533350663,12:35:50.663,BSV/USDT:USDT,29.29,1037.0,29.28,2932.0,29.32,581.0,29.33,47431.0
1753533350779,12:35:50.779,BSV/USDT:USDT,29.29,1037.0,29.28,2932.0,29.32,581.0,29.33,47431.0
1753533350859,12:35:50.859,BSV/USDT:USDT,29.29,1037.0,29.28,2932.0,29.32,581.0,29.33,47431.0
1753533353664,12:35:53.664,BSV/USDT:USDT,29.29,1037.0,29.28,2932.0,29.32,581.0,29.33,42784.0
1753533353801,12:35:53.801,BSV/USDT:USDT,29.29,1037.0,29.28,2932.0,29.33,42784.0,29.34,5493.0
1753533353893,12:35:53.893,BSV/USDT:USDT,29.29,1037.0,29.28,2932.0,29.33,42784.0,29.34,5493.0
1753533354068,12:35:54.068,BSV/USDT:USDT,29.29,1037.0,29.28,2932.0,29.33,42784.0,29.34,7671.0
1753533354930,12:35:54.930,BSV/USDT:USDT,29.29,1037.0,29.28,2932.0,29.33,42784.0,29.34,7671.0
1753533355035,12:35:55.035,BSV/USDT:USDT,29.29,1037.0,29.28,2932.0,29.33,42784.0,29.34,7671.0
1753533355115,12:35:55.115,BSV/USDT:USDT,29.29,1037.0,29.28,2932.0,29.33,42784.0,29.34,7671.0
1753533355394,12:35:55.394,BSV/USDT:USDT,29.29,1037.0,29.28,2932.0,29.33,42784.0,29.34,7671.0
1753533355448,12:35:55.448,BSV/USDT:USDT,29.29,1037.0,29.28,2932.0,29.33,42784.0,29.34,7671.0
1753533358827,12:35:58.827,BSV/USDT:USDT,29.29,1037.0,29.28,2932.0,29.33,42784.0,29.34,5493.0
1753533359187,12:35:59.187,BSV/USDT:USDT,29.29,1037.0,29.28,2932.0,29.33,42784.0,29.34,7572.0
1753533359281,12:35:59.281,BSV/USDT:USDT,29.29,1037.0,29.28,2932.0,29.32,577.0,29.33,42784.0
1753533359376,12:35:59.376,BSV/USDT:USDT,29.29,1037.0,29.28,2932.0,29.33,42784.0,29.34,7572.0
1753533360129,12:36:00.129,BSV/USDT:USDT,29.29,1037.0,29.28,2932.0,29.33,42784.0,29.34,7572.0
1753533360211,12:36:00.211,BSV/USDT:USDT,29.29,1037.0,29.28,2932.0,29.33,42784.0,29.34,7572.0
1753533360407,12:36:00.407,BSV/USDT:USDT,29.29,1037.0,29.28,2932.0,29.33,42784.0,29.34,7572.0
1753533360708,12:36:00.708,BSV/USDT:USDT,29.29,1037.0,29.28,2932.0,29.33,42784.0,29.34,7572.0
1753533360741,12:36:00.741,BSV/USDT:USDT,29.29,1037.0,29.28,2932.0,29.33,42784.0,29.34,7572.0
1753533361432,12:36:01.432,BSV/USDT:USDT,29.29,1037.0,29.28,2932.0,29.33,42784.0,29.34,7572.0
1753533361438,12:36:01.438,BSV/USDT:USDT,29.29,1037.0,29.28,2932.0,29.33,42784.0,29.34,7572.0
1753533361784,12:36:01.784,BSV/USDT:USDT,29.29,1037.0,29.28,2932.0,29.33,42784.0,29.34,7572.0
1753533362590,12:36:02.590,BSV/USDT:USDT,29.3,1040.0,29.29,4549.0,29.33,42784.0,29.34,5493.0
1753533362720,12:36:02.720,BSV/USDT:USDT,29.3,1040.0,29.29,4581.0,29.33,42784.0,29.34,5493.0
1753533362786,12:36:02.786,BSV/USDT:USDT,29.3,1040.0,29.29,4581.0,29.33,42784.0,29.34,5493.0
1753533362926,12:36:02.926,BSV/USDT:USDT,29.3,1040.0,29.29,4581.0,29.33,41408.0,29.34,5493.0
1753533364327,12:36:04.327,BSV/USDT:USDT,29.3,1040.0,29.29,4581.0,29.33,41408.0,29.34,5493.0
1753533364340,12:36:04.340,BSV/USDT:USDT,29.3,1040.0,29.29,4581.0,29.33,41408.0,29.34,7178.0
1753533368260,12:36:08.260,BSV/USDT:USDT,29.3,1040.0,29.29,4581.0,29.33,41408.0,29.34,7837.0
1753533373292,12:36:13.292,BSV/USDT:USDT,29.3,1040.0,29.29,4581.0,29.33,41408.0,29.34,7837.0
1753533373342,12:36:13.342,BSV/USDT:USDT,29.3,1040.0,29.29,4581.0,29.33,41408.0,29.34,7837.0
1753533378335,12:36:18.335,BSV/USDT:USDT,29.3,1040.0,29.29,4581.0,29.33,41408.0,29.34,7837.0
1753533378342,12:36:18.342,BSV/USDT:USDT,29.3,1040.0,29.29,4581.0,29.33,41408.0,29.34,7837.0
1753533378745,12:36:18.745,BSV/USDT:USDT,29.3,1040.0,29.29,4581.0,29.33,41408.0,29.34,7837.0
1753533379164,12:36:19.164,BSV/USDT:USDT,29.3,1040.0,29.29,4581.0,29.33,41408.0,29.34,7837.0
1753533379272,12:36:19.272,BSV/USDT:USDT,29.3,1040.0,29.29,4581.0,29.33,41408.0,29.34,7837.0
1753533382918,12:36:22.918,BSV/USDT:USDT,29.3,1040.0,29.29,4582.0,29.33,41408.0,29.34,7837.0
1753533383320,12:36:23.320,BSV/USDT:USDT,29.3,1040.0,29.29,4582.0,29.33,41408.0,29.34,7837.0
1753533386935,12:36:26.935,BSV/USDT:USDT,29.3,1040.0,29.29,4582.0,29.33,41412.0,29.34,6222.0
1753533387029,12:36:27.029,BSV/USDT:USDT,29.3,1040.0,29.29,4550.0,29.33,41412.0,29.34,6222.0
1753533387059,12:36:27.059,BSV/USDT:USDT,29.3,1040.0,29.29,4550.0,29.33,41412.0,29.34,6222.0
1753533387151,12:36:27.151,BSV/USDT:USDT,29.3,1040.0,29.29,4550.0,29.33,41412.0,29.34,6222.0
1753533388715,12:36:28.715,BSV/USDT:USDT,29.3,1040.0,29.29,4550.0,29.33,41412.0,29.34,5563.0
1753533388819,12:36:28.819,BSV/USDT:USDT,29.3,1040.0,29.29,1038.0,29.33,41412.0,29.34,5563.0
1753533388886,12:36:28.886,BSV/USDT:USDT,29.3,1040.0,29.29,1038.0,29.33,41412.0,29.34,5563.0
1753533389002,12:36:29.002,BSV/USDT:USDT,29.3,1040.0,29.29,1038.0,29.33,41412.0,29.34,5563.0
1753533389424,12:36:29.424,BSV/USDT:USDT,29.3,1040.0,29.29,1038.0,29.33,41412.0,29.34,5563.0
1753533389441,12:36:29.441,BSV/USDT:USDT,29.3,1040.0,29.29,1038.0,29.33,41412.0,29.34,5563.0
1753533389673,12:36:29.673,BSV/USDT:USDT,29.3,1040.0,29.29,1038.0,29.33,41412.0,29.34,5563.0
1753533390353,12:36:30.353,BSV/USDT:USDT,29.3,1040.0,29.29,1038.0,29.33,41412.0,29.34,5563.0
1753533390917,12:36:30.917,BSV/USDT:USDT,29.3,1040.0,29.29,1038.0,29.33,41412.0,29.34,5563.0
1753533390941,12:36:30.941,BSV/USDT:USDT,29.3,1040.0,29.29,1038.0,29.33,41412.0,29.34,5563.0
1753533394317,12:36:34.317,BSV/USDT:USDT,29.3,1040.0,29.29,1037.0,29.33,41412.0,29.34,5563.0
1753533394365,12:36:34.365,BSV/USDT:USDT,29.29,1037.0,29.28,3235.0,29.33,41412.0,29.34,5563.0
1753533394597,12:36:34.597,BSV/USDT:USDT,29.29,1037.0,29.28,3235.0,29.33,41412.0,29.34,5563.0
1753533399505,12:36:39.505,BSV/USDT:USDT,29.29,1037.0,29.28,3235.0,29.33,42071.0,29.34,5563.0
1753533399620,12:36:39.620,BSV/USDT:USDT,29.29,1037.0,29.28,1603.0,29.33,43447.0,29.34,5563.0
1753533404430,12:36:44.430,BSV/USDT:USDT,29.29,1037.0,29.28,1603.0,29.33,43447.0,29.34,5563.0
1753533407483,12:36:47.483,BSV/USDT:USDT,29.29,1037.0,29.28,1603.0,29.32,1037.0,29.33,43447.0
1753533407891,12:36:47.891,BSV/USDT:USDT,29.29,1037.0,29.28,1603.0,29.32,1037.0,29.33,43447.0
1753533409189,12:36:49.189,BSV/USDT:USDT,29.29,1037.0,29.28,1603.0,29.32,676.0,29.33,42788.0
1753533409277,12:36:49.277,BSV/USDT:USDT,29.3,32.0,29.29,1037.0,29.32,756.0,29.33,42788.0
1753533409513,12:36:49.513,BSV/USDT:USDT,29.3,32.0,29.29,1037.0,29.32,756.0,29.33,42788.0
1753533414298,12:36:54.298,BSV/USDT:USDT,29.3,32.0,29.29,1037.0,29.32,756.0,29.33,42788.0
1753533414401,12:36:54.401,BSV/USDT:USDT,29.3,32.0,29.29,1037.0,29.32,756.0,29.33,42788.0
1753533417002,12:36:57.002,BSV/USDT:USDT,29.3,72.0,29.29,4549.0,29.33,42788.0,29.34,5563.0
1753533417134,12:36:57.134,BSV/USDT:USDT,29.3,1142.0,29.29,10606.0,29.33,42788.0,29.34,5563.0
1753533417230,12:36:57.230,BSV/USDT:USDT,29.3,1142.0,29.29,10606.0,29.33,42788.0,29.34,5563.0
1753533417433,12:36:57.433,BSV/USDT:USDT,29.3,1142.0,29.29,10606.0,29.33,42788.0,29.34,5563.0
1753533417631,12:36:57.631,BSV/USDT:USDT,29.3,1142.0,29.29,10606.0,29.33,42788.0,29.34,5563.0
1753533417677,12:36:57.677,BSV/USDT:USDT,29.3,1142.0,29.29,10606.0,29.33,42788.0,29.34,5563.0
1753533417783,12:36:57.783,BSV/USDT:USDT,29.3,1142.0,29.29,10606.0,29.33,42788.0,29.34,5563.0
1753533417879,12:36:57.879,BSV/USDT:USDT,29.3,1142.0,29.29,4549.0,29.33,42788.0,29.34,5563.0
1753533417963,12:36:57.963,BSV/USDT:USDT,29.3,1142.0,29.29,4549.0,29.33,43163.0,29.34,5563.0
1753533421467,12:37:01.467,BSV/USDT:USDT,29.31,1030.0,29.3,1142.0,29.33,43203.0,29.34,5563.0
1753533421551,12:37:01.551,BSV/USDT:USDT,29.31,1030.0,29.3,1110.0,29.33,43203.0,29.34,5563.0
1753533421668,12:37:01.668,BSV/USDT:USDT,29.31,1030.0,29.3,1110.0,29.33,43203.0,29.34,5563.0
1753533421925,12:37:01.925,BSV/USDT:USDT,29.32,1110.0,29.31,1030.0,29.34,1624.0,29.35,1056.0
1753533422021,12:37:02.021,BSV/USDT:USDT,29.32,1070.0,29.31,1030.0,29.34,1705.0,29.35,82884.0
1753533422114,12:37:02.114,BSV/USDT:USDT,29.32,1110.0,29.31,1030.0,29.34,630.0,29.35,82884.0
1753533422189,12:37:02.189,BSV/USDT:USDT,29.31,1030.0,29.3,1602.0,29.34,4857.0,29.35,82884.0
1753533422535,12:37:02.535,BSV/USDT:USDT,29.31,1030.0,29.3,10475.0,29.34,4857.0,29.35,82884.0
1753533422567,12:37:02.567,BSV/USDT:USDT,29.31,1030.0,29.3,10475.0,29.34,670.0,29.35,82884.0
1753533422911,12:37:02.911,BSV/USDT:USDT,29.31,1030.0,29.3,10475.0,29.34,630.0,29.35,82884.0
1753533423494,12:37:03.494,BSV/USDT:USDT,29.31,1030.0,29.3,10475.0,29.34,630.0,29.35,82884.0
1753533426234,12:37:06.234,BSV/USDT:USDT,29.31,1030.0,29.3,3234.0,29.34,630.0,29.35,87588.0
1753533426240,12:37:06.240,BSV/USDT:USDT,29.31,1030.0,29.3,3234.0,29.34,630.0,29.35,87588.0
1753533427923,12:37:07.923,BSV/USDT:USDT,29.31,1030.0,29.3,3234.0,29.34,630.0,29.35,87588.0
1753533428021,12:37:08.021,BSV/USDT:USDT,29.31,1030.0,29.3,3234.0,29.34,630.0,29.35,87588.0
1753533428121,12:37:08.121,BSV/USDT:USDT,29.31,1030.0,29.3,3234.0,29.34,630.0,29.35,87588.0
1753533428221,12:37:08.221,BSV/USDT:USDT,29.31,1030.0,29.3,3234.0,29.34,630.0,29.35,87588.0
1753533428363,12:37:08.363,BSV/USDT:USDT,29.31,1030.0,29.3,3234.0,29.34,630.0,29.35,87588.0
1753533428523,12:37:08.523,BSV/USDT:USDT,29.31,1030.0,29.3,3234.0,29.34,630.0,29.35,87588.0
1753533428575,12:37:08.575,BSV/USDT:USDT,29.31,1030.0,29.3,3234.0,29.34,630.0,29.35,87588.0
1753533428733,12:37:08.733,BSV/USDT:USDT,29.31,1030.0,29.3,3234.0,29.34,630.0,29.35,87588.0
1753533428834,12:37:08.834,BSV/USDT:USDT,29.31,1030.0,29.3,3234.0,29.34,630.0,29.35,87588.0
1753533428897,12:37:08.897,BSV/USDT:USDT,29.31,1030.0,29.3,3234.0,29.34,630.0,29.35,87588.0
1753533429020,12:37:09.020,BSV/USDT:USDT,29.31,1030.0,29.3,3234.0,29.34,630.0,29.35,87588.0
1753533431425,12:37:11.425,BSV/USDT:USDT,29.31,1030.0,29.3,3234.0,29.34,630.0,29.35,82884.0
1753533432210,12:37:12.210,BSV/USDT:USDT,29.31,1030.0,29.3,3234.0,29.34,630.0,29.35,82884.0
1753533434502,12:37:14.502,BSV/USDT:USDT,29.31,1030.0,29.3,1602.0,29.34,630.0,29.35,87834.0
1753533434897,12:37:14.897,BSV/USDT:USDT,29.31,1030.0,29.3,1602.0,29.34,630.0,29.35,90480.0
1753533436422,12:37:16.422,BSV/USDT:USDT,29.31,1030.0,29.3,1602.0,29.34,1692.0,29.35,90480.0
1753533439926,12:37:19.926,BSV/USDT:USDT,29.31,1030.0,29.3,1602.0,29.34,1692.0,29.35,90480.0
1753533442413,12:37:22.413,BSV/USDT:USDT,29.31,1030.0,29.3,1602.0,29.34,1692.0,29.35,90480.0
1753533442613,12:37:22.613,BSV/USDT:USDT,29.31,1030.0,29.3,1602.0,29.34,1692.0,29.35,90480.0
1753533444526,12:37:24.526,BSV/USDT:USDT,29.31,1030.0,29.3,1602.0,29.34,1692.0,29.35,87834.0
1753533446836,12:37:26.836,BSV/USDT:USDT,29.31,1030.0,29.3,1602.0,29.34,1692.0,29.35,87834.0
1753533447107,12:37:27.107,BSV/USDT:USDT,29.31,1030.0,29.3,1602.0,29.34,1692.0,29.35,87834.0
1753533451839,12:37:31.839,BSV/USDT:USDT,29.31,1030.0,29.3,1602.0,29.34,1692.0,29.35,87834.0
1753533451942,12:37:31.942,BSV/USDT:USDT,29.31,1030.0,29.3,1602.0,29.34,1692.0,29.35,87834.0
1753533452129,12:37:32.129,BSV/USDT:USDT,29.31,1030.0,29.3,1602.0,29.34,1692.0,29.35,3702.0
1753533452137,12:37:32.137,BSV/USDT:USDT,29.31,1030.0,29.3,1602.0,29.34,1692.0,29.35,3702.0
1753533452319,12:37:32.319,BSV/USDT:USDT,29.31,1030.0,29.3,1602.0,29.34,1692.0,29.35,85544.0
1753533452341,12:37:32.341,BSV/USDT:USDT,29.31,1030.0,29.3,1602.0,29.34,1692.0,29.35,85544.0
1753533453756,12:37:33.756,BSV/USDT:USDT,29.31,1030.0,29.3,1602.0,29.34,1692.0,29.35,85544.0
1753533454380,12:37:34.380,BSV/USDT:USDT,29.31,1030.0,29.3,1602.0,29.34,1692.0,29.35,85544.0
1753533454450,12:37:34.450,BSV/USDT:USDT,29.31,1030.0,29.3,1602.0,29.34,1692.0,29.35,85544.0
1753533454810,12:37:34.810,BSV/USDT:USDT,29.31,1030.0,29.3,1602.0,29.34,1692.0,29.35,85544.0
1753533455226,12:37:35.226,BSV/USDT:USDT,29.31,1030.0,29.3,1602.0,29.34,1692.0,29.35,85544.0
1753533457487,12:37:37.487,BSV/USDT:USDT,29.31,1030.0,29.3,1602.0,29.34,1692.0,29.35,90872.0
1753533460409,12:37:40.409,BSV/USDT:USDT,29.31,1030.0,29.3,1602.0,29.34,1692.0,29.35,90872.0
1753533460440,12:37:40.440,BSV/USDT:USDT,29.31,1030.0,29.3,1602.0,29.34,1692.0,29.35,90872.0
1753533460630,12:37:40.630,BSV/USDT:USDT,29.31,1030.0,29.3,1602.0,29.34,1692.0,29.35,90872.0
1753533460718,12:37:40.718,BSV/USDT:USDT,29.31,1030.0,29.3,1602.0,29.34,1692.0,29.35,90872.0
1753533460815,12:37:40.815,BSV/USDT:USDT,29.31,1030.0,29.3,1602.0,29.34,1692.0,29.35,90872.0
1753533461088,12:37:41.088,BSV/USDT:USDT,29.31,1030.0,29.3,1602.0,29.34,1692.0,29.35,90872.0
1753533461163,12:37:41.163,BSV/USDT:USDT,29.31,1030.0,29.3,1602.0,29.34,1692.0,29.35,90872.0
1753533462392,12:37:42.392,BSV/USDT:USDT,29.31,1030.0,29.3,1602.0,29.34,1692.0,29.35,90872.0
1753533462900,12:37:42.900,BSV/USDT:USDT,29.31,1030.0,29.3,1602.0,29.34,1692.0,29.35,90872.0
1753533463015,12:37:43.015,BSV/USDT:USDT,29.31,1030.0,29.3,1602.0,29.34,1692.0,29.35,90872.0
1753533463836,12:37:43.836,BSV/USDT:USDT,29.31,1030.0,29.3,1602.0,29.34,1692.0,29.35,90872.0
1753533463841,12:37:43.841,BSV/USDT:USDT,29.31,1030.0,29.3,1602.0,29.34,1692.0,29.35,90872.0
1753533463944,12:37:43.944,BSV/USDT:USDT,29.31,1030.0,29.3,1602.0,29.34,1692.0,29.35,90872.0
1753533464419,12:37:44.419,BSV/USDT:USDT,29.31,1030.0,29.3,1602.0,29.34,1692.0,29.35,90872.0
1753533464436,12:37:44.436,BSV/USDT:USDT,29.31,1030.0,29.3,1602.0,29.34,1692.0,29.35,90872.0
1753533464586,12:37:44.586,BSV/USDT:USDT,29.31,1030.0,29.3,1602.0,29.34,1692.0,29.35,90872.0
1753533464662,12:37:44.662,BSV/USDT:USDT,29.31,1030.0,29.3,1602.0,29.34,1692.0,29.35,90872.0
1753533465731,12:37:45.731,BSV/USDT:USDT,29.31,1030.0,29.3,1602.0,29.34,1692.0,29.35,90872.0
1753533465924,12:37:45.924,BSV/USDT:USDT,29.31,1030.0,29.3,1602.0,29.34,1692.0,29.35,90872.0
1753533465947,12:37:45.947,BSV/USDT:USDT,29.31,1030.0,29.3,1602.0,29.34,1692.0,29.35,90872.0
1753533466109,12:37:46.109,BSV/USDT:USDT,29.31,1030.0,29.3,1602.0,29.34,1692.0,29.35,90872.0
1753533466219,12:37:46.219,BSV/USDT:USDT,29.31,1030.0,29.3,1602.0,29.34,1692.0,29.35,90872.0
1753533467229,12:37:47.229,BSV/USDT:USDT,29.31,1030.0,29.3,1602.0,29.34,1692.0,29.35,90872.0
1753533467322,12:37:47.322,BSV/USDT:USDT,29.31,1030.0,29.3,1602.0,29.34,1692.0,29.35,90872.0
1753533467459,12:37:47.459,BSV/USDT:USDT,29.31,1030.0,29.3,1602.0,29.34,1692.0,29.35,90872.0
1753533467573,12:37:47.573,BSV/USDT:USDT,29.31,1030.0,29.3,1602.0,29.34,1692.0,29.35,90872.0
1753533467836,12:37:47.836,BSV/USDT:USDT,29.31,1030.0,29.3,1602.0,29.34,1692.0,29.35,90872.0
1753533468487,12:37:48.487,BSV/USDT:USDT,29.31,1030.0,29.3,1602.0,29.34,1692.0,29.35,90872.0
1753533468582,12:37:48.582,BSV/USDT:USDT,29.31,1030.0,29.3,1602.0,29.34,1692.0,29.35,90872.0
1753533468908,12:37:48.908,BSV/USDT:USDT,29.31,1030.0,29.3,1602.0,29.34,1692.0,29.35,90872.0
1753533469031,12:37:49.031,BSV/USDT:USDT,29.31,1030.0,29.3,1602.0,29.34,1692.0,29.35,90872.0
1753533469370,12:37:49.370,BSV/USDT:USDT,29.31,1030.0,29.3,1602.0,29.34,1692.0,29.35,90872.0
1753533469591,12:37:49.591,BSV/USDT:USDT,29.31,1030.0,29.3,1602.0,29.34,1692.0,29.35,90872.0
1753533474616,12:37:54.616,BSV/USDT:USDT,29.31,1030.0,29.3,1602.0,29.34,1692.0,29.35,90872.0
1753533474641,12:37:54.641,BSV/USDT:USDT,29.31,1030.0,29.3,1602.0,29.34,1692.0,29.35,90872.0
1753533476236,12:37:56.236,BSV/USDT:USDT,29.31,1030.0,29.3,1602.0,29.34,1692.0,29.35,90872.0
1753533476286,12:37:56.286,BSV/USDT:USDT,29.31,1030.0,29.3,1602.0,29.34,1692.0,29.35,90872.0
1753533476404,12:37:56.404,BSV/USDT:USDT,29.31,1030.0,29.3,1602.0,29.34,1692.0,29.35,90872.0
1753533476501,12:37:56.501,BSV/USDT:USDT,29.31,1030.0,29.3,1602.0,29.34,1692.0,29.35,90872.0
1753533476867,12:37:56.867,BSV/USDT:USDT,29.31,1030.0,29.3,1602.0,29.34,1692.0,29.35,90872.0
1753533476991,12:37:56.991,BSV/USDT:USDT,29.31,1030.0,29.3,1602.0,29.34,1692.0,29.35,90872.0
1753533479270,12:37:59.270,BSV/USDT:USDT,29.31,1030.0,29.3,1602.0,29.34,1692.0,29.35,90872.0
1753533483823,12:38:03.823,BSV/USDT:USDT,29.31,1030.0,29.3,1602.0,29.34,1692.0,29.35,90872.0
1753533484055,12:38:04.055,BSV/USDT:USDT,29.31,1030.0,29.3,1602.0,29.34,1692.0,29.35,90872.0
1753533484189,12:38:04.189,BSV/USDT:USDT,29.31,1030.0,29.3,1602.0,29.34,1692.0,29.35,90872.0
1753533484306,12:38:04.306,BSV/USDT:USDT,29.31,1030.0,29.3,1570.0,29.34,1692.0,29.35,90872.0
1753533484399,12:38:04.399,BSV/USDT:USDT,29.31,1030.0,29.3,1570.0,29.34,1692.0,29.35,90872.0
1753533484529,12:38:04.529,BSV/USDT:USDT,29.31,1030.0,29.3,1070.0,29.33,1055.0,29.34,1692.0
1753533484622,12:38:04.622,BSV/USDT:USDT,29.3,1070.0,29.29,5958.0,29.33,1055.0,29.34,5204.0
1753533484713,12:38:04.713,BSV/USDT:USDT,29.3,1070.0,29.29,4549.0,29.33,1055.0,29.34,87733.0
1753533484884,12:38:04.884,BSV/USDT:USDT,29.3,1070.0,29.29,4549.0,29.33,1055.0,29.34,87733.0
1753533485018,12:38:05.018,BSV/USDT:USDT,29.3,1070.0,29.29,4549.0,29.33,1055.0,29.34,87733.0
1753533485065,12:38:05.065,BSV/USDT:USDT,29.3,1070.0,29.29,4549.0,29.33,1055.0,29.34,87733.0
1753533487198,12:38:07.198,BSV/USDT:USDT,29.3,1070.0,29.29,4549.0,29.33,1055.0,29.34,87733.0
1753533487298,12:38:07.298,BSV/USDT:USDT,29.3,1070.0,29.29,4549.0,29.33,1055.0,29.34,87733.0
1753533487366,12:38:07.366,BSV/USDT:USDT,29.3,1070.0,29.29,4549.0,29.33,1055.0,29.34,87733.0
1753533490978,12:38:10.978,BSV/USDT:USDT,29.3,1070.0,29.29,4549.0,29.33,1055.0,29.34,87733.0
1753533493699,12:38:13.699,BSV/USDT:USDT,29.3,1070.0,29.29,4549.0,29.33,1055.0,29.34,87733.0
1753533498718,12:38:18.718,BSV/USDT:USDT,29.3,1070.0,29.29,4549.0,29.33,1055.0,29.34,87733.0
1753533498741,12:38:18.741,BSV/USDT:USDT,29.3,1070.0,29.29,4549.0,29.33,1055.0,29.34,87733.0
1753533502686,12:38:22.686,BSV/USDT:USDT,29.3,1070.0,29.29,4549.0,29.33,1055.0,29.34,94002.0
1753533503688,12:38:23.688,BSV/USDT:USDT,29.3,1070.0,29.29,4549.0,29.33,1055.0,29.34,94002.0
1753533504021,12:38:24.021,BSV/USDT:USDT,29.3,1070.0,29.29,4549.0,29.33,1055.0,29.34,94002.0
1753533504116,12:38:24.116,BSV/USDT:USDT,29.3,1070.0,29.29,4549.0,29.33,1055.0,29.34,94002.0
1753533506629,12:38:26.629,BSV/USDT:USDT,29.3,1070.0,29.29,4549.0,29.33,1055.0,29.34,94002.0
1753533507248,12:38:27.248,BSV/USDT:USDT,29.3,1070.0,29.29,4549.0,29.33,1055.0,29.34,94002.0
1753533508064,12:38:28.064,BSV/USDT:USDT,29.3,1070.0,29.29,4549.0,29.33,1055.0,29.34,94002.0
1753533513383,12:38:33.383,BSV/USDT:USDT,29.3,1070.0,29.29,4549.0,29.33,1055.0,29.34,94002.0
1753533513441,12:38:33.441,BSV/USDT:USDT,29.3,1070.0,29.29,4549.0,29.33,1055.0,29.34,94002.0
1753533513784,12:38:33.784,BSV/USDT:USDT,29.3,1070.0,29.29,4549.0,29.33,1055.0,29.34,94002.0
1753533518455,12:38:38.455,BSV/USDT:USDT,29.3,1070.0,29.29,4549.0,29.33,1055.0,29.34,94002.0
1753533518541,12:38:38.541,BSV/USDT:USDT,29.3,1070.0,29.29,4549.0,29.33,1055.0,29.34,94002.0
1753533523465,12:38:43.465,BSV/USDT:USDT,29.3,1070.0,29.29,4549.0,29.33,1055.0,29.34,94002.0
1753533523621,12:38:43.621,BSV/USDT:USDT,29.3,1070.0,29.29,4549.0,29.33,1055.0,29.34,94002.0
1753533525131,12:38:45.131,BSV/USDT:USDT,29.3,1070.0,29.29,4549.0,29.33,1055.0,29.34,94002.0
1753533525141,12:38:45.141,BSV/USDT:USDT,29.3,1070.0,29.29,4549.0,29.33,1055.0,29.34,94002.0
1753533528269,12:38:48.269,BSV/USDT:USDT,29.3,1070.0,29.29,4549.0,29.33,1055.0,29.34,94002.0
1753533529974,12:38:49.974,BSV/USDT:USDT,29.3,1070.0,29.29,4549.0,29.33,1055.0,29.34,94002.0
1753533530724,12:38:50.724,BSV/USDT:USDT,29.3,1070.0,29.29,4549.0,29.33,1055.0,29.34,94002.0
1753533530829,12:38:50.829,BSV/USDT:USDT,29.3,1070.0,29.29,4549.0,29.33,1055.0,29.34,94002.0
1753533531826,12:38:51.826,BSV/USDT:USDT,29.29,1037.0,29.28,1603.0,29.32,1040.0,29.33,82939.0
1753533531920,12:38:51.920,BSV/USDT:USDT,29.29,1037.0,29.28,1571.0,29.32,5211.0,29.33,83485.0
1753533531980,12:38:51.980,BSV/USDT:USDT,29.29,1037.0,29.28,1571.0,29.32,6155.0,29.33,83485.0
1753533532123,12:38:52.123,BSV/USDT:USDT,29.29,1037.0,29.28,1571.0,29.32,6155.0,29.33,83485.0
1753533532225,12:38:52.225,BSV/USDT:USDT,29.29,1037.0,29.28,1571.0,29.32,6155.0,29.33,83485.0
1753533533779,12:38:53.779,BSV/USDT:USDT,29.29,1037.0,29.28,1571.0,29.32,6155.0,29.33,88397.0
1753533534100,12:38:54.100,BSV/USDT:USDT,29.29,1037.0,29.28,1571.0,29.32,6155.0,29.33,88397.0
1753533534236,12:38:54.236,BSV/USDT:USDT,29.29,1037.0,29.28,1571.0,29.32,4552.0,29.33,88397.0
1753533534263,12:38:54.263,BSV/USDT:USDT,29.29,1037.0,29.28,1571.0,29.32,1040.0,29.33,88397.0
1753533534366,12:38:54.366,BSV/USDT:USDT,29.29,1037.0,29.28,1571.0,29.32,1040.0,29.33,88397.0
1753533535925,12:38:55.925,BSV/USDT:USDT,29.29,1037.0,29.28,1571.0,29.32,1040.0,29.33,88397.0
1753533535940,12:38:55.940,BSV/USDT:USDT,29.29,1037.0,29.28,3094.0,29.32,1040.0,29.33,88397.0
1753533536099,12:38:56.099,BSV/USDT:USDT,29.29,1037.0,29.28,8371.0,29.32,1040.0,29.33,88397.0
1753533536281,12:38:56.281,BSV/USDT:USDT,29.29,1037.0,29.28,8371.0,29.32,1040.0,29.33,88397.0
1753533536475,12:38:56.475,BSV/USDT:USDT,29.29,1037.0,29.28,8403.0,29.32,1040.0,29.33,88397.0
1753533538634,12:38:58.634,BSV/USDT:USDT,29.29,1037.0,29.28,3126.0,29.32,6881.0,29.33,88397.0
1753533538690,12:38:58.690,BSV/USDT:USDT,29.29,1037.0,29.28,3126.0,29.32,6881.0,29.33,88397.0
1753533539119,12:38:59.119,BSV/USDT:USDT,29.29,1037.0,29.28,3126.0,29.32,6881.0,29.33,88397.0
1753533539216,12:38:59.216,BSV/USDT:USDT,29.29,1037.0,29.28,3126.0,29.32,6881.0,29.33,88397.0
1753533539635,12:38:59.635,BSV/USDT:USDT,29.29,1037.0,29.28,3126.0,29.32,6881.0,29.33,88397.0
1753533539904,12:38:59.904,BSV/USDT:USDT,29.29,1037.0,29.28,3126.0,29.32,1040.0,29.33,83485.0
1753533541246,12:39:01.246,BSV/USDT:USDT,29.29,1037.0,29.28,3126.0,29.32,1040.0,29.33,83485.0
1753533541420,12:39:01.420,BSV/USDT:USDT,29.29,1037.0,29.28,3126.0,29.32,1040.0,29.33,83485.0
1753533541553,12:39:01.553,BSV/USDT:USDT,29.29,1037.0,29.28,3126.0,29.32,1040.0,29.33,83485.0
1753533541726,12:39:01.726,BSV/USDT:USDT,29.29,1037.0,29.28,3126.0,29.32,1040.0,29.33,83485.0
1753533542495,12:39:02.495,BSV/USDT:USDT,29.29,1037.0,29.28,3126.0,29.32,1040.0,29.33,83485.0
1753533542590,12:39:02.590,BSV/USDT:USDT,29.29,1037.0,29.28,3126.0,29.32,1040.0,29.33,83485.0
1753533543591,12:39:03.591,BSV/USDT:USDT,29.29,1037.0,29.28,3126.0,29.32,1040.0,29.33,83485.0
1753533543785,12:39:03.785,BSV/USDT:USDT,29.29,1037.0,29.28,3126.0,29.32,1040.0,29.33,83485.0
1753533544644,12:39:04.644,BSV/USDT:USDT,29.29,1037.0,29.28,3126.0,29.32,1040.0,29.33,83485.0
1753533544919,12:39:04.919,BSV/USDT:USDT,29.29,1037.0,29.28,3126.0,29.32,1040.0,29.33,83485.0
1753533545070,12:39:05.070,BSV/USDT:USDT,29.29,1037.0,29.28,3126.0,29.32,1040.0,29.33,83485.0
1753533545705,12:39:05.705,BSV/USDT:USDT,29.29,1037.0,29.28,3126.0,29.32,1040.0,29.33,83485.0
1753533545788,12:39:05.788,BSV/USDT:USDT,29.29,1037.0,29.28,3126.0,29.32,1040.0,29.33,83485.0
1753533546856,12:39:06.856,BSV/USDT:USDT,29.29,1037.0,29.28,3126.0,29.32,1040.0,29.33,83485.0
1753533546939,12:39:06.939,BSV/USDT:USDT,29.29,1037.0,29.28,3126.0,29.32,1040.0,29.33,83485.0
1753533547910,12:39:07.910,BSV/USDT:USDT,29.29,1037.0,29.28,3126.0,29.32,1040.0,29.33,83485.0
1753533547970,12:39:07.970,BSV/USDT:USDT,29.29,1037.0,29.28,3126.0,29.32,1040.0,29.33,83485.0
1753533548967,12:39:08.967,BSV/USDT:USDT,29.29,1037.0,29.28,3126.0,29.32,1040.0,29.33,83485.0
1753533550182,12:39:10.182,BSV/USDT:USDT,29.29,1037.0,29.28,3126.0,29.32,1040.0,29.33,83485.0
1753533550239,12:39:10.239,BSV/USDT:USDT,29.29,1037.0,29.28,3126.0,29.32,1040.0,29.33,83485.0
1753533550596,12:39:10.596,BSV/USDT:USDT,29.29,1037.0,29.28,3126.0,29.32,1040.0,29.33,83485.0
1753533551575,12:39:11.575,BSV/USDT:USDT,29.29,1037.0,29.28,3126.0,29.32,1040.0,29.33,83485.0
1753533551707,12:39:11.707,BSV/USDT:USDT,29.29,1037.0,29.28,3126.0,29.32,1040.0,29.33,88870.0
1753533552105,12:39:12.105,BSV/USDT:USDT,29.29,1037.0,29.28,3126.0,29.32,1040.0,29.33,83485.0
1753533552921,12:39:12.921,BSV/USDT:USDT,29.29,1037.0,29.28,3126.0,29.32,1040.0,29.33,83485.0
1753533553901,12:39:13.901,BSV/USDT:USDT,29.29,1037.0,29.28,3126.0,29.32,1040.0,29.33,83485.0
1753533554854,12:39:14.854,BSV/USDT:USDT,29.29,1037.0,29.28,3126.0,29.32,1040.0,29.33,83485.0
1753533555055,12:39:15.055,BSV/USDT:USDT,29.29,1037.0,29.28,3126.0,29.32,1040.0,29.33,83485.0
1753533556581,12:39:16.581,BSV/USDT:USDT,29.29,1037.0,29.28,3126.0,29.32,1040.0,29.33,83485.0
1753533556654,12:39:16.654,BSV/USDT:USDT,29.29,1037.0,29.28,3126.0,29.32,1040.0,29.33,83485.0
1753533557670,12:39:17.670,BSV/USDT:USDT,29.29,1037.0,29.28,3126.0,29.32,1040.0,29.33,83485.0
1753533557750,12:39:17.750,BSV/USDT:USDT,29.29,1037.0,29.28,3126.0,29.32,1040.0,29.33,83485.0
1753533558689,12:39:18.689,BSV/USDT:USDT,29.29,1037.0,29.28,3126.0,29.32,1040.0,29.33,83485.0
1753533558799,12:39:18.799,BSV/USDT:USDT,29.29,1037.0,29.28,3126.0,29.32,1040.0,29.33,83485.0
1753533559725,12:39:19.725,BSV/USDT:USDT,29.29,1037.0,29.28,3126.0,29.32,1040.0,29.33,83485.0
1753533559806,12:39:19.806,BSV/USDT:USDT,29.29,1037.0,29.28,3126.0,29.32,1040.0,29.33,83485.0
1753533560753,12:39:20.753,BSV/USDT:USDT,29.29,1037.0,29.28,3126.0,29.32,1040.0,29.33,83485.0
1753533560938,12:39:20.938,BSV/USDT:USDT,29.29,1037.0,29.28,3126.0,29.32,1040.0,29.33,83485.0
1753533561615,12:39:21.615,BSV/USDT:USDT,29.29,1037.0,29.28,3126.0,29.32,1040.0,29.33,83485.0
1753533561877,12:39:21.877,BSV/USDT:USDT,29.29,1711.0,29.28,3126.0,29.32,1040.0,29.33,83485.0
1753533562070,12:39:22.070,BSV/USDT:USDT,29.29,1711.0,29.28,3126.0,29.32,1040.0,29.33,83485.0
1753533562152,12:39:22.152,BSV/USDT:USDT,29.29,1711.0,29.28,3126.0,29.32,1040.0,29.33,83485.0
1753533563339,12:39:23.339,BSV/USDT:USDT,29.29,1711.0,29.28,3126.0,29.32,1040.0,29.33,83485.0
1753533563443,12:39:23.443,BSV/USDT:USDT,29.29,1711.0,29.28,3126.0,29.32,1040.0,29.33,83485.0
1753533564623,12:39:24.623,BSV/USDT:USDT,29.29,1711.0,29.28,3126.0,29.32,1040.0,29.33,83485.0
1753533564728,12:39:24.728,BSV/USDT:USDT,29.29,1711.0,29.28,3126.0,29.32,1040.0,29.33,83485.0
1753533564806,12:39:24.806,BSV/USDT:USDT,29.29,1711.0,29.28,3126.0,29.32,1040.0,29.33,83485.0
1753533565823,12:39:25.823,BSV/USDT:USDT,29.29,1711.0,29.28,3126.0,29.32,1040.0,29.33,83485.0
1753533566236,12:39:26.236,BSV/USDT:USDT,29.29,1711.0,29.28,3126.0,29.32,1040.0,29.33,83485.0
1753533566933,12:39:26.933,BSV/USDT:USDT,29.29,1037.0,29.28,3126.0,29.32,1040.0,29.33,83485.0
1753533567092,12:39:27.092,BSV/USDT:USDT,29.29,1037.0,29.28,3126.0,29.32,1040.0,29.33,83485.0
1753533567141,12:39:27.141,BSV/USDT:USDT,29.29,1037.0,29.28,3126.0,29.32,1040.0,29.33,83485.0
1753533568106,12:39:28.106,BSV/USDT:USDT,29.29,1037.0,29.28,3126.0,29.32,1040.0,29.33,83485.0
1753533568189,12:39:28.189,BSV/USDT:USDT,29.29,1037.0,29.28,3126.0,29.32,1040.0,29.33,83485.0
1753533569124,12:39:29.124,BSV/USDT:USDT,29.29,1037.0,29.28,3126.0,29.32,1040.0,29.33,83485.0
1753533569209,12:39:29.209,BSV/USDT:USDT,29.29,1037.0,29.28,3126.0,29.32,1040.0,29.33,83485.0
1753533571299,12:39:31.299,BSV/USDT:USDT,29.29,1037.0,29.28,3126.0,29.32,1040.0,29.33,83485.0
1753533571382,12:39:31.382,BSV/USDT:USDT,29.29,1037.0,29.28,3126.0,29.32,1040.0,29.33,83485.0
1753533572301,12:39:32.301,BSV/USDT:USDT,29.29,1037.0,29.28,3126.0,29.32,1040.0,29.33,83485.0
1753533572872,12:39:32.872,BSV/USDT:USDT,29.29,1037.0,29.28,3126.0,29.32,1040.0,29.33,83485.0
1753533573506,12:39:33.506,BSV/USDT:USDT,29.29,1037.0,29.28,3126.0,29.32,1040.0,29.33,83485.0
1753533573592,12:39:33.592,BSV/USDT:USDT,29.29,1037.0,29.28,3126.0,29.32,1040.0,29.33,83485.0
1753533574303,12:39:34.303,BSV/USDT:USDT,29.29,1037.0,29.28,3126.0,29.32,1040.0,29.33,83485.0
1753533574409,12:39:34.409,BSV/USDT:USDT,29.29,1037.0,29.28,3126.0,29.32,1040.0,29.33,83485.0
1753533574512,12:39:34.512,BSV/USDT:USDT,29.29,1037.0,29.28,3126.0,29.32,1040.0,29.33,83485.0
1753533574604,12:39:34.604,BSV/USDT:USDT,29.29,1037.0,29.28,3126.0,29.32,1040.0,29.33,83485.0
1753533575604,12:39:35.604,BSV/USDT:USDT,29.29,1037.0,29.28,3126.0,29.32,1040.0,29.33,83485.0
1753533576328,12:39:36.328,BSV/USDT:USDT,29.29,1037.0,29.28,3126.0,29.32,1040.0,29.33,83485.0
1753533576339,12:39:36.339,BSV/USDT:USDT,29.29,1037.0,29.28,3126.0,29.32,1040.0,29.33,83485.0
1753533576661,12:39:36.661,BSV/USDT:USDT,29.29,1037.0,29.28,3126.0,29.32,1040.0,29.33,83485.0
1753533576752,12:39:36.752,BSV/USDT:USDT,29.29,1037.0,29.28,3126.0,29.32,1040.0,29.33,83485.0
1753533576876,12:39:36.876,BSV/USDT:USDT,29.29,1711.0,29.28,3126.0,29.32,1040.0,29.33,83485.0
1753533577708,12:39:37.708,BSV/USDT:USDT,29.29,1711.0,29.28,3126.0,29.32,1040.0,29.33,83485.0
1753533578055,12:39:38.055,BSV/USDT:USDT,29.29,1711.0,29.28,3126.0,29.32,1040.0,29.33,83485.0
1753533578892,12:39:38.892,BSV/USDT:USDT,29.29,1711.0,29.28,3126.0,29.32,1040.0,29.33,83485.0
1753533578969,12:39:38.969,BSV/USDT:USDT,29.29,1711.0,29.28,3126.0,29.32,1040.0,29.33,83485.0
1753533580825,12:39:40.825,BSV/USDT:USDT,29.3,1070.0,29.29,1711.0,29.32,40.0,29.33,83485.0
1753533580931,12:39:40.931,BSV/USDT:USDT,29.3,1110.0,29.29,1711.0,29.32,1110.0,29.33,83485.0
1753533580990,12:39:40.990,BSV/USDT:USDT,29.3,1070.0,29.29,1711.0,29.32,1150.0,29.33,83485.0
1753533581064,12:39:41.064,BSV/USDT:USDT,29.3,1070.0,29.29,1711.0,29.32,1150.0,29.33,83485.0
1753533581176,12:39:41.176,BSV/USDT:USDT,29.29,1711.0,29.28,1603.0,29.32,1110.0,29.33,83485.0
1753533581722,12:39:41.722,BSV/USDT:USDT,29.29,1711.0,29.28,1603.0,29.32,1070.0,29.33,83485.0
1753533581740,12:39:41.740,BSV/USDT:USDT,29.29,1711.0,29.28,3126.0,29.32,1070.0,29.33,83485.0
1753533581838,12:39:41.838,BSV/USDT:USDT,29.29,1711.0,29.28,3126.0,29.32,1070.0,29.33,83485.0
1753533581963,12:39:41.963,BSV/USDT:USDT,29.29,1711.0,29.28,3126.0,29.32,1070.0,29.33,83485.0
1753533582127,12:39:42.127,BSV/USDT:USDT,29.29,1037.0,29.28,3126.0,29.32,1070.0,29.33,83485.0
1753533582302,12:39:42.302,BSV/USDT:USDT,29.29,1037.0,29.28,3126.0,29.32,1070.0,29.33,83485.0
1753533587141,12:39:47.141,BSV/USDT:USDT,29.29,1037.0,29.28,3126.0,29.32,1070.0,29.33,83485.0
1753533587247,12:39:47.247,BSV/USDT:USDT,29.29,1037.0,29.28,3126.0,29.32,1070.0,29.33,83485.0
1753533590308,12:39:50.308,BSV/USDT:USDT,29.29,1037.0,29.28,3126.0,29.32,1070.0,29.33,83485.0
1753533590435,12:39:50.435,BSV/USDT:USDT,29.29,1037.0,29.28,3126.0,29.32,1729.0,29.33,89812.0
1753533590472,12:39:50.472,BSV/USDT:USDT,29.29,1037.0,29.28,3126.0,29.31,1114.0,29.32,1729.0
1753533590605,12:39:50.605,BSV/USDT:USDT,29.29,1037.0,29.28,1603.0,29.31,1154.0,29.32,83641.0
1753533590659,12:39:50.659,BSV/USDT:USDT,29.29,1037.0,29.28,1603.0,29.31,1154.0,29.32,83641.0
1753533590771,12:39:50.771,BSV/USDT:USDT,29.29,1037.0,29.28,1603.0,29.31,1154.0,29.32,83641.0
1753533591608,12:39:51.608,BSV/USDT:USDT,29.29,1037.0,29.28,1603.0,29.31,1154.0,29.32,83641.0
1753533591824,12:39:51.824,BSV/USDT:USDT,29.29,1037.0,29.28,1603.0,29.31,1114.0,29.32,83641.0
1753533592124,12:39:52.124,BSV/USDT:USDT,29.29,1037.0,29.28,1603.0,29.31,1154.0,29.32,83641.0
1753533592786,12:39:52.786,BSV/USDT:USDT,29.29,1037.0,29.28,1603.0,29.31,1154.0,29.32,83641.0
1753533593236,12:39:53.236,BSV/USDT:USDT,29.29,1037.0,29.28,1603.0,29.31,1154.0,29.32,83641.0
1753533597354,12:39:57.354,BSV/USDT:USDT,29.29,1037.0,29.28,1603.0,29.31,1154.0,29.32,83641.0
1753533598025,12:39:58.025,BSV/USDT:USDT,29.29,1037.0,29.28,1603.0,29.31,1114.0,29.32,83641.0
1753533598038,12:39:58.038,BSV/USDT:USDT,29.29,1037.0,29.28,1603.0,29.31,1114.0,29.32,83641.0
1753533598585,12:39:58.585,BSV/USDT:USDT,29.29,1037.0,29.28,1603.0,29.31,1154.0,29.32,83641.0
1753533599084,12:39:59.084,BSV/USDT:USDT,29.29,1077.0,29.28,1603.0,29.31,1114.0,29.32,83641.0
1753533599285,12:39:59.285,BSV/USDT:USDT,29.29,1077.0,29.28,1603.0,29.31,1114.0,29.32,83641.0
1753533599909,12:39:59.909,BSV/USDT:USDT,29.29,1037.0,29.28,1603.0,29.31,1154.0,29.32,83641.0
1753533600026,12:40:00.026,BSV/USDT:USDT,29.29,1077.0,29.28,1603.0,29.31,1154.0,29.32,83641.0
1753533600864,12:40:00.864,BSV/USDT:USDT,29.29,1077.0,29.28,1603.0,29.31,1114.0,29.32,83641.0
1753533602050,12:40:02.050,BSV/USDT:USDT,29.29,1128.0,29.28,1603.0,29.31,1114.0,29.32,83641.0
1753533602713,12:40:02.713,BSV/USDT:USDT,29.29,1128.0,29.28,1603.0,29.31,1074.0,29.32,83641.0
1753533602789,12:40:02.789,BSV/USDT:USDT,29.29,1128.0,29.28,1603.0,29.31,1125.0,29.32,83641.0
1753533603017,12:40:03.017,BSV/USDT:USDT,29.29,1128.0,29.28,1603.0,29.31,1125.0,29.32,83641.0
1753533603825,12:40:03.825,BSV/USDT:USDT,29.29,1077.0,29.28,1603.0,29.31,1176.0,29.32,83641.0
1753533604132,12:40:04.132,BSV/USDT:USDT,29.29,1077.0,29.28,1603.0,29.32,1070.0,29.33,90485.0
1753533604203,12:40:04.203,BSV/USDT:USDT,29.3,1124.0,29.29,1037.0,29.33,90485.0,29.34,17935.0
1753533604259,12:40:04.259,BSV/USDT:USDT,29.3,1124.0,29.29,1037.0,29.33,90485.0,29.34,16303.0
1753533604340,12:40:04.340,BSV/USDT:USDT,29.3,1124.0,29.29,1037.0,29.33,90485.0,29.34,16303.0
1753533604476,12:40:04.476,BSV/USDT:USDT,29.3,1124.0,29.29,1037.0,29.33,90485.0,29.34,16303.0
1753533605131,12:40:05.131,BSV/USDT:USDT,29.29,1037.0,29.28,3235.0,29.33,90485.0,29.34,11053.0
1753533605229,12:40:05.229,BSV/USDT:USDT,29.29,1037.0,29.28,3235.0,29.33,90485.0,29.34,11053.0
1753533605292,12:40:05.292,BSV/USDT:USDT,29.29,1037.0,29.28,3235.0,29.33,90485.0,29.34,11053.0
1753533605910,12:40:05.910,BSV/USDT:USDT,29.29,1037.0,29.28,3235.0,29.33,90485.0,29.34,11053.0
1753533606084,12:40:06.084,BSV/USDT:USDT,29.29,1037.0,29.28,3235.0,29.32,1073.0,29.33,90485.0
1753533606193,12:40:06.193,BSV/USDT:USDT,29.29,1037.0,29.28,3235.0,29.32,1073.0,29.33,90485.0
1753533607407,12:40:07.407,BSV/USDT:USDT,29.29,1037.0,29.28,3235.0,29.32,1073.0,29.33,90485.0
1753533608416,12:40:08.416,BSV/USDT:USDT,29.29,1037.0,29.28,3235.0,29.32,1073.0,29.33,90485.0
1753533609633,12:40:09.633,BSV/USDT:USDT,29.29,1037.0,29.28,3235.0,29.32,1073.0,29.33,90485.0
1753533610630,12:40:10.630,BSV/USDT:USDT,29.29,1037.0,29.28,3235.0,29.32,1073.0,29.33,90485.0
1753533610714,12:40:10.714,BSV/USDT:USDT,29.29,1037.0,29.28,3235.0,29.32,1073.0,29.33,90485.0
1753533611830,12:40:11.830,BSV/USDT:USDT,29.29,1037.0,29.28,3235.0,29.32,1073.0,29.33,90485.0
1753533612783,12:40:12.783,BSV/USDT:USDT,29.29,1037.0,29.28,3235.0,29.32,1073.0,29.33,90485.0
1753533612875,12:40:12.875,BSV/USDT:USDT,29.29,1037.0,29.28,3235.0,29.32,1073.0,29.33,90485.0
1753533613853,12:40:13.853,BSV/USDT:USDT,29.29,1037.0,29.28,3235.0,29.32,1073.0,29.33,90485.0
1753533613971,12:40:13.971,BSV/USDT:USDT,29.29,1037.0,29.28,3235.0,29.32,1073.0,29.33,90485.0
1753533614834,12:40:14.834,BSV/USDT:USDT,29.29,1037.0,29.28,3235.0,29.32,1073.0,29.33,90485.0
1753533614877,12:40:14.877,BSV/USDT:USDT,29.29,1037.0,29.28,3235.0,29.32,1073.0,29.33,90485.0
1753533615567,12:40:15.567,BSV/USDT:USDT,29.29,1037.0,29.28,3235.0,29.32,1073.0,29.33,90485.0
1753533616022,12:40:16.022,BSV/USDT:USDT,29.29,1037.0,29.28,3235.0,29.32,1073.0,29.33,90485.0
1753533616997,12:40:16.997,BSV/USDT:USDT,29.29,1037.0,29.28,3235.0,29.32,1073.0,29.33,90485.0
1753533617053,12:40:17.053,BSV/USDT:USDT,29.29,1037.0,29.28,3235.0,29.32,1073.0,29.33,90485.0
1753533618105,12:40:18.105,BSV/USDT:USDT,29.29,1037.0,29.28,3235.0,29.32,1073.0,29.33,95924.0
1753533618283,12:40:18.283,BSV/USDT:USDT,29.29,1037.0,29.28,3235.0,29.32,1073.0,29.33,95924.0
1753533618380,12:40:18.380,BSV/USDT:USDT,29.29,1037.0,29.28,3235.0,29.32,1073.0,29.33,95924.0
1753533619415,12:40:19.415,BSV/USDT:USDT,29.29,1037.0,29.28,3235.0,29.32,1073.0,29.33,95924.0
1753533619512,12:40:19.512,BSV/USDT:USDT,29.29,1037.0,29.28,3235.0,29.32,1073.0,29.33,95924.0
1753533623119,12:40:23.119,BSV/USDT:USDT,29.29,1037.0,29.28,3235.0,29.32,1073.0,29.33,95924.0
1753533626935,12:40:26.935,BSV/USDT:USDT,29.29,1037.0,29.28,3235.0,29.32,1073.0,29.33,95924.0
1753533631948,12:40:31.948,BSV/USDT:USDT,29.29,1037.0,29.28,3235.0,29.32,1073.0,29.33,95924.0
1753533632041,12:40:32.041,BSV/USDT:USDT,29.29,1037.0,29.28,3235.0,29.32,1073.0,29.33,95924.0
1753533633731,12:40:33.731,BSV/USDT:USDT,29.29,1037.0,29.28,3235.0,29.32,1073.0,29.33,95924.0
1753533633816,12:40:33.816,BSV/USDT:USDT,29.29,1037.0,29.28,3235.0,29.32,1073.0,29.33,95924.0
1753533635509,12:40:35.509,BSV/USDT:USDT,29.29,1037.0,29.28,3235.0,29.32,1073.0,29.33,95924.0
1753533635925,12:40:35.925,BSV/USDT:USDT,29.29,1037.0,29.28,3235.0,29.32,1073.0,29.33,90485.0
1753533637585,12:40:37.585,BSV/USDT:USDT,29.29,1037.0,29.28,3235.0,29.32,1073.0,29.33,90485.0
1753533637668,12:40:37.668,BSV/USDT:USDT,29.29,1037.0,29.28,3235.0,29.32,1073.0,29.33,90485.0
1753533638289,12:40:38.289,BSV/USDT:USDT,29.29,1037.0,29.28,3235.0,29.32,1073.0,29.33,90485.0
1753533638490,12:40:38.490,BSV/USDT:USDT,29.29,1037.0,29.28,3235.0,29.32,1073.0,29.33,90485.0
1753533638615,12:40:38.615,BSV/USDT:USDT,29.29,1037.0,29.28,3235.0,29.32,1073.0,29.33,90485.0
1753533638781,12:40:38.781,BSV/USDT:USDT,29.29,1037.0,29.28,3235.0,29.32,1073.0,29.33,90485.0
1753533638897,12:40:38.897,BSV/USDT:USDT,29.29,1037.0,29.28,3235.0,29.32,1073.0,29.33,90485.0
1753533639108,12:40:39.108,BSV/USDT:USDT,29.29,1037.0,29.28,3235.0,29.32,4585.0,29.33,90485.0
1753533639517,12:40:39.517,BSV/USDT:USDT,29.29,1037.0,29.28,3235.0,29.32,4585.0,29.33,90485.0
1753533639827,12:40:39.827,BSV/USDT:USDT,29.29,1037.0,29.28,1603.0,29.32,4585.0,29.33,90485.0
1753533639839,12:40:39.839,BSV/USDT:USDT,29.29,1037.0,29.28,1603.0,29.32,4585.0,29.33,90485.0
1753533640017,12:40:40.017,BSV/USDT:USDT,29.29,1037.0,29.28,1603.0,29.32,4585.0,29.33,90485.0
1753533640105,12:40:40.105,BSV/USDT:USDT,29.29,1037.0,29.28,1571.0,29.32,4585.0,29.33,93130.0
1753533640181,12:40:40.181,BSV/USDT:USDT,29.29,1037.0,29.28,1571.0,29.32,4585.0,29.33,93130.0
1753533640329,12:40:40.329,BSV/USDT:USDT,29.29,1037.0,29.28,1571.0,29.32,4585.0,29.33,90485.0
1753533640419,12:40:40.419,BSV/USDT:USDT,29.29,1037.0,29.28,1571.0,29.32,4585.0,29.33,90485.0
1753533640439,12:40:40.439,BSV/USDT:USDT,29.29,1037.0,29.28,1571.0,29.32,4585.0,29.33,90485.0
1753533640543,12:40:40.543,BSV/USDT:USDT,29.29,1037.0,29.28,1603.0,29.32,4585.0,29.33,90485.0
1753533642375,12:40:42.375,BSV/USDT:USDT,29.29,1037.0,29.28,1603.0,29.32,4585.0,29.33,90485.0
1753533642822,12:40:42.822,BSV/USDT:USDT,29.29,1037.0,29.28,1603.0,29.32,4585.0,29.33,90485.0
1753533642841,12:40:42.841,BSV/USDT:USDT,29.29,1037.0,29.28,1603.0,29.32,4585.0,29.33,90485.0
1753533643150,12:40:43.150,BSV/USDT:USDT,29.29,1037.0,29.28,1603.0,29.32,4585.0,29.33,90485.0
1753533643248,12:40:43.248,BSV/USDT:USDT,29.29,1037.0,29.28,1603.0,29.32,4585.0,29.33,90485.0
1753533644159,12:40:44.159,BSV/USDT:USDT,29.29,1037.0,29.28,1603.0,29.32,4585.0,29.33,90485.0
1753533644238,12:40:44.238,BSV/USDT:USDT,29.29,1037.0,29.28,1603.0,29.32,4585.0,29.33,90485.0
1753533645175,12:40:45.175,BSV/USDT:USDT,29.29,1037.0,29.28,1603.0,29.32,4585.0,29.33,90485.0
1753533645239,12:40:45.239,BSV/USDT:USDT,29.29,1037.0,29.28,1603.0,29.32,4585.0,29.33,90485.0
1753533646299,12:40:46.299,BSV/USDT:USDT,29.29,1037.0,29.28,1603.0,29.32,4585.0,29.33,90485.0
1753533647322,12:40:47.322,BSV/USDT:USDT,29.29,1037.0,29.28,1603.0,29.32,4585.0,29.33,90485.0
1753533647348,12:40:47.348,BSV/USDT:USDT,29.29,1037.0,29.28,1603.0,29.32,4585.0,29.33,90485.0
1753533648544,12:40:48.544,BSV/USDT:USDT,29.29,1037.0,29.28,1603.0,29.32,4585.0,29.33,90485.0
1753533648726,12:40:48.726,BSV/USDT:USDT,29.29,1037.0,29.28,1603.0,29.32,4585.0,29.33,90485.0
1753533648792,12:40:48.792,BSV/USDT:USDT,29.29,1037.0,29.28,1603.0,29.32,4585.0,29.33,90485.0
1753533649196,12:40:49.196,BSV/USDT:USDT,29.29,1037.0,29.28,1603.0,29.32,4585.0,29.33,90485.0
1753533649509,12:40:49.509,BSV/USDT:USDT,29.29,1037.0,29.28,1603.0,29.32,4585.0,29.33,90485.0
1753533650476,12:40:50.476,BSV/USDT:USDT,29.29,1037.0,29.28,1603.0,29.32,4585.0,29.33,90485.0
1753533650539,12:40:50.539,BSV/USDT:USDT,29.29,1037.0,29.28,1603.0,29.32,4585.0,29.33,90485.0
1753533651637,12:40:51.637,BSV/USDT:USDT,29.29,1037.0,29.28,1603.0,29.32,4585.0,29.33,90485.0
1753533652675,12:40:52.675,BSV/USDT:USDT,29.29,1037.0,29.28,1603.0,29.32,4585.0,29.33,90485.0
1753533652752,12:40:52.752,BSV/USDT:USDT,29.29,1037.0,29.28,1603.0,29.32,4585.0,29.33,90485.0
1753533653698,12:40:53.698,BSV/USDT:USDT,29.29,1037.0,29.28,1603.0,29.32,4585.0,29.33,90485.0
1753533653756,12:40:53.756,BSV/USDT:USDT,29.29,1037.0,29.28,1603.0,29.32,4585.0,29.33,90485.0
1753533654831,12:40:54.831,BSV/USDT:USDT,29.29,1037.0,29.28,1603.0,29.32,4585.0,29.33,90485.0
1753533656312,12:40:56.312,BSV/USDT:USDT,29.29,1037.0,29.28,1603.0,29.32,4585.0,29.33,90485.0
1753533656387,12:40:56.387,BSV/USDT:USDT,29.29,1037.0,29.28,1603.0,29.32,4585.0,29.33,90485.0
1753533657597,12:40:57.597,BSV/USDT:USDT,29.29,1037.0,29.28,1603.0,29.32,4585.0,29.33,90485.0
1753533657666,12:40:57.666,BSV/USDT:USDT,29.29,1037.0,29.28,1603.0,29.32,4585.0,29.33,96092.0
1753533658696,12:40:58.696,BSV/USDT:USDT,29.29,1037.0,29.28,1603.0,29.32,4585.0,29.33,96092.0
1753533658757,12:40:58.757,BSV/USDT:USDT,29.29,1037.0,29.28,1603.0,29.32,4585.0,29.33,96092.0
1753533659526,12:40:59.526,BSV/USDT:USDT,29.29,1037.0,29.28,1603.0,29.32,1073.0,29.33,96092.0
1753533659545,12:40:59.545,BSV/USDT:USDT,29.29,1037.0,29.28,1603.0,29.32,1073.0,29.33,89765.0
1753533659728,12:40:59.728,BSV/USDT:USDT,29.29,1037.0,29.28,3126.0,29.32,1073.0,29.33,89765.0
1753533659786,12:40:59.786,BSV/USDT:USDT,29.29,1037.0,29.28,3126.0,29.32,1073.0,29.33,89765.0
1753533661004,12:41:01.004,BSV/USDT:USDT,29.29,1037.0,29.28,3126.0,29.33,83499.0,29.34,6287.0
1753533661079,12:41:01.079,BSV/USDT:USDT,29.29,1037.0,29.28,27478.0,29.33,83499.0,29.34,6287.0
1753533661192,12:41:01.192,BSV/USDT:USDT,29.3,1067.0,29.29,1069.0,29.33,83499.0,29.34,6287.0
1753533661308,12:41:01.308,BSV/USDT:USDT,29.3,1067.0,29.29,1069.0,29.33,83499.0,29.34,6287.0
1753533662322,12:41:02.322,BSV/USDT:USDT,29.3,1067.0,29.29,1069.0,29.33,83499.0,29.34,6287.0
1753533667247,12:41:07.247,BSV/USDT:USDT,29.3,1067.0,29.29,1069.0,29.33,83499.0,29.34,6287.0
1753533667353,12:41:07.353,BSV/USDT:USDT,29.3,1067.0,29.29,1069.0,29.33,83499.0,29.34,6287.0
1753533667930,12:41:07.930,BSV/USDT:USDT,29.3,1067.0,29.29,1069.0,29.33,83499.0,29.34,6287.0
1753533668555,12:41:08.555,BSV/USDT:USDT,29.3,1067.0,29.29,1069.0,29.33,83499.0,29.34,6287.0
1753533669444,12:41:09.444,BSV/USDT:USDT,29.3,1067.0,29.29,1069.0,29.33,84158.0,29.34,6287.0
1753533669763,12:41:09.763,BSV/USDT:USDT,29.3,1067.0,29.29,1069.0,29.33,84158.0,29.34,6287.0
1753533670460,12:41:10.460,BSV/USDT:USDT,29.3,1067.0,29.29,1069.0,29.33,84158.0,29.34,6287.0
1753533671055,12:41:11.055,BSV/USDT:USDT,29.3,1067.0,29.29,1069.0,29.33,84158.0,29.34,6287.0
1753533671753,12:41:11.753,BSV/USDT:USDT,29.3,1067.0,29.29,1069.0,29.33,84158.0,29.34,6287.0
1753533676770,12:41:16.770,BSV/USDT:USDT,29.3,1067.0,29.29,1069.0,29.33,84158.0,29.34,6287.0
1753533676843,12:41:16.843,BSV/USDT:USDT,29.3,1067.0,29.29,1069.0,29.33,84158.0,29.34,6287.0
1753533681773,12:41:21.773,BSV/USDT:USDT,29.3,1067.0,29.29,1069.0,29.33,84158.0,29.34,6287.0
1753533681841,12:41:21.841,BSV/USDT:USDT,29.3,1067.0,29.29,1069.0,29.33,84158.0,29.34,6287.0
1753533683119,12:41:23.119,BSV/USDT:USDT,29.3,1067.0,29.29,1069.0,29.33,84158.0,29.34,6287.0
1753533683212,12:41:23.212,BSV/USDT:USDT,29.3,1067.0,29.29,1069.0,29.33,84158.0,29.34,6287.0
1753533683318,12:41:23.318,BSV/USDT:USDT,29.3,1067.0,29.29,1069.0,29.33,84158.0,29.34,6287.0
1753533683929,12:41:23.929,BSV/USDT:USDT,29.3,1067.0,29.29,1069.0,29.33,84158.0,29.34,6287.0
1753533684029,12:41:24.029,BSV/USDT:USDT,29.3,1067.0,29.29,1069.0,29.33,84158.0,29.34,6287.0
1753533684689,12:41:24.689,BSV/USDT:USDT,29.3,1067.0,29.29,4581.0,29.33,84158.0,29.34,6287.0
1753533684740,12:41:24.740,BSV/USDT:USDT,29.3,1067.0,29.29,4581.0,29.33,84158.0,29.34,6287.0
1753533685461,12:41:25.461,BSV/USDT:USDT,29.3,1067.0,29.29,4581.0,29.33,84158.0,29.34,6287.0
1753533686024,12:41:26.024,BSV/USDT:USDT,29.3,1067.0,29.29,4581.0,29.33,84158.0,29.34,6287.0
1753533686134,12:41:26.134,BSV/USDT:USDT,29.3,1067.0,29.29,4581.0,29.33,84158.0,29.34,6287.0
1753533686233,12:41:26.233,BSV/USDT:USDT,29.3,1067.0,29.29,4581.0,29.33,84158.0,29.34,6287.0
1753533686361,12:41:26.361,BSV/USDT:USDT,29.3,1067.0,29.29,4581.0,29.33,84158.0,29.34,6287.0
1753533687331,12:41:27.331,BSV/USDT:USDT,29.3,1067.0,29.29,4581.0,29.33,84158.0,29.34,6287.0
1753533689458,12:41:29.458,BSV/USDT:USDT,29.3,1067.0,29.29,4581.0,29.33,84158.0,29.34,6287.0
1753533690954,12:41:30.954,BSV/USDT:USDT,29.3,1067.0,29.29,4581.0,29.33,84158.0,29.34,6287.0
1753533691100,12:41:31.100,BSV/USDT:USDT,29.3,1067.0,29.29,4581.0,29.33,84158.0,29.34,6287.0
1753533691205,12:41:31.205,BSV/USDT:USDT,29.3,1067.0,29.29,4581.0,29.33,84158.0,29.34,6287.0
1753533692173,12:41:32.173,BSV/USDT:USDT,29.3,1067.0,29.29,4581.0,29.33,84158.0,29.34,6287.0
1753533692852,12:41:32.852,BSV/USDT:USDT,29.3,1067.0,29.29,4581.0,29.33,84158.0,29.34,6287.0
1753533693834,12:41:33.834,BSV/USDT:USDT,29.3,1067.0,29.29,4581.0,29.33,84158.0,29.34,6287.0
1753533696718,12:41:36.718,BSV/USDT:USDT,29.3,1067.0,29.29,4581.0,29.33,84158.0,29.34,6287.0
1753533697415,12:41:37.415,BSV/USDT:USDT,29.3,1067.0,29.29,4581.0,29.33,84158.0,29.34,6287.0
1753533697474,12:41:37.474,BSV/USDT:USDT,29.3,1067.0,29.29,4581.0,29.33,84158.0,29.34,6287.0
1753533697567,12:41:37.567,BSV/USDT:USDT,29.3,1067.0,29.29,4581.0,29.33,84158.0,29.34,6287.0
1753533698435,12:41:38.435,BSV/USDT:USDT,29.3,1067.0,29.29,4581.0,29.33,84158.0,29.34,6287.0
1753533698437,12:41:38.437,BSV/USDT:USDT,29.3,1067.0,29.29,4581.0,29.33,84158.0,29.34,6287.0
1753533698637,12:41:38.637,BSV/USDT:USDT,29.3,1067.0,29.29,4581.0,29.33,84158.0,29.34,6287.0
1753533698726,12:41:38.726,BSV/USDT:USDT,29.3,1067.0,29.29,4581.0,29.33,84158.0,29.34,6287.0
1753533699667,12:41:39.667,BSV/USDT:USDT,29.3,1067.0,29.29,4581.0,29.33,84158.0,29.34,6287.0
1753533700220,12:41:40.220,BSV/USDT:USDT,29.3,1067.0,29.29,4581.0,29.33,84158.0,29.34,6287.0
1753533700605,12:41:40.605,BSV/USDT:USDT,29.3,1067.0,29.29,4581.0,29.33,84158.0,29.34,6287.0
1753533700691,12:41:40.691,BSV/USDT:USDT,29.3,1067.0,29.29,4581.0,29.33,84158.0,29.34,6287.0
1753533700748,12:41:40.748,BSV/USDT:USDT,29.3,1067.0,29.29,4581.0,29.33,84158.0,29.34,6287.0
1753533701320,12:41:41.320,BSV/USDT:USDT,29.3,1067.0,29.29,4581.0,29.33,84158.0,29.34,6287.0
1753533702634,12:41:42.634,BSV/USDT:USDT,29.3,1067.0,29.29,5822.0,29.33,83499.0,29.34,5314.0
1753533702680,12:41:42.680,BSV/USDT:USDT,29.3,1067.0,29.29,5822.0,29.33,83499.0,29.34,5314.0
1753533702759,12:41:42.759,BSV/USDT:USDT,29.3,1067.0,29.29,5822.0,29.33,83499.0,29.34,5314.0
1753533703032,12:41:43.032,BSV/USDT:USDT,29.3,1067.0,29.29,5822.0,29.33,83499.0,29.34,5314.0
1753533703205,12:41:43.205,BSV/USDT:USDT,29.3,1067.0,29.29,1069.0,29.33,83499.0,29.34,5314.0
1753533703325,12:41:43.325,BSV/USDT:USDT,29.3,1067.0,29.29,1069.0,29.33,83499.0,29.34,5314.0
1753533703597,12:41:43.597,BSV/USDT:USDT,29.3,1067.0,29.29,1069.0,29.33,83499.0,29.34,5314.0
1753533704042,12:41:44.042,BSV/USDT:USDT,29.3,1067.0,29.29,1069.0,29.33,83499.0,29.34,5314.0
1753533704213,12:41:44.213,BSV/USDT:USDT,29.3,1067.0,29.29,1069.0,29.32,1127.0,29.33,83499.0
1753533705244,12:41:45.244,BSV/USDT:USDT,29.3,1067.0,29.29,1069.0,29.32,1076.0,29.33,83499.0
1753533705602,12:41:45.602,BSV/USDT:USDT,29.3,1067.0,29.29,1069.0,29.32,1076.0,29.33,83499.0
1753533706145,12:41:46.145,BSV/USDT:USDT,29.3,1067.0,29.29,1069.0,29.32,1127.0,29.33,83499.0
1753533706690,12:41:46.690,BSV/USDT:USDT,29.3,1067.0,29.29,1069.0,29.32,1076.0,29.33,83499.0
1753533706986,12:41:46.986,BSV/USDT:USDT,29.3,1067.0,29.29,1069.0,29.32,1127.0,29.33,83499.0
1753533707804,12:41:47.804,BSV/USDT:USDT,29.3,1067.0,29.29,1069.0,29.32,1076.0,29.33,83499.0
1753533707925,12:41:47.925,BSV/USDT:USDT,29.3,1067.0,29.29,1069.0,29.32,1127.0,29.33,83499.0
1753533709227,12:41:49.227,BSV/USDT:USDT,29.3,1067.0,29.29,1069.0,29.32,1127.0,29.33,83499.0
1753533709333,12:41:49.333,BSV/USDT:USDT,29.3,1067.0,29.29,1069.0,29.32,1127.0,29.33,83499.0
1753533709430,12:41:49.430,BSV/USDT:USDT,29.3,1067.0,29.29,1069.0,29.32,1127.0,29.33,83499.0
1753533709699,12:41:49.699,BSV/USDT:USDT,29.3,1067.0,29.29,1069.0,29.32,1127.0,29.33,83499.0
1753533714716,12:41:54.716,BSV/USDT:USDT,29.3,1067.0,29.29,1069.0,29.32,1127.0,29.33,83499.0
1753533714745,12:41:54.745,BSV/USDT:USDT,29.3,1067.0,29.29,1069.0,29.32,1127.0,29.33,83499.0
1753533717272,12:41:57.272,BSV/USDT:USDT,29.3,1067.0,29.29,1069.0,29.32,1127.0,29.33,83499.0
1753533717385,12:41:57.385,BSV/USDT:USDT,29.29,1037.0,29.28,3094.0,29.32,1127.0,29.33,83499.0
1753533717479,12:41:57.479,BSV/USDT:USDT,29.29,1037.0,29.28,3094.0,29.32,1127.0,29.33,83499.0
1753533717719,12:41:57.719,BSV/USDT:USDT,29.29,1037.0,29.28,3094.0,29.32,1127.0,29.33,83499.0
1753533721457,12:42:01.457,BSV/USDT:USDT,29.29,1037.0,29.28,3094.0,29.32,1025.0,29.33,83499.0
1753533721766,12:42:01.766,BSV/USDT:USDT,29.29,1037.0,29.28,3094.0,29.32,1025.0,29.33,83499.0
1753533724681,12:42:04.681,BSV/USDT:USDT,29.29,416.0,29.28,3094.0,29.32,1025.0,29.33,83499.0
1753533724751,12:42:04.751,BSV/USDT:USDT,29.3,32.0,29.29,416.0,29.32,1127.0,29.33,83499.0
1753533724850,12:42:04.850,BSV/USDT:USDT,29.3,32.0,29.29,416.0,29.32,1786.0,29.33,83499.0
1753533724994,12:42:04.994,BSV/USDT:USDT,29.3,32.0,29.29,416.0,29.32,1786.0,29.33,83499.0
1753533725907,12:42:05.907,BSV/USDT:USDT,29.3,32.0,29.29,416.0,29.32,1786.0,29.33,83499.0
1753533726214,12:42:06.214,BSV/USDT:USDT,29.3,32.0,29.29,416.0,29.32,1786.0,29.33,83499.0
1753533729513,12:42:09.513,BSV/USDT:USDT,29.3,1060.0,29.29,416.0,29.32,1786.0,29.33,83499.0
1753533729598,12:42:09.598,BSV/USDT:USDT,29.3,1028.0,29.29,416.0,29.32,1735.0,29.33,83499.0
1753533729665,12:42:09.665,BSV/USDT:USDT,29.29,416.0,29.28,3094.0,29.32,1735.0,29.33,83499.0
1753533729752,12:42:09.752,BSV/USDT:USDT,29.3,32.0,29.29,416.0,29.32,1786.0,29.33,83499.0
1753533729901,12:42:09.901,BSV/USDT:USDT,29.3,32.0,29.29,416.0,29.32,1735.0,29.33,83499.0
1753533730053,12:42:10.053,BSV/USDT:USDT,29.3,1060.0,29.29,416.0,29.32,1735.0,29.33,83499.0
1753533730205,12:42:10.205,BSV/USDT:USDT,29.29,416.0,29.28,3094.0,29.32,1735.0,29.33,83499.0
1753533730245,12:42:10.245,BSV/USDT:USDT,29.3,32.0,29.29,416.0,29.32,1735.0,29.33,83499.0
1753533730655,12:42:10.655,BSV/USDT:USDT,29.3,32.0,29.29,416.0,29.32,1735.0,29.33,83499.0
1753533732035,12:42:12.035,BSV/USDT:USDT,29.3,32.0,29.29,416.0,29.32,1735.0,29.33,83499.0
1753533734205,12:42:14.205,BSV/USDT:USDT,29.3,32.0,29.29,416.0,29.32,1786.0,29.33,83499.0
1753533734354,12:42:14.354,BSV/USDT:USDT,29.3,32.0,29.29,416.0,29.32,1786.0,29.33,83499.0
1753533735607,12:42:15.607,BSV/USDT:USDT,29.3,32.0,29.29,416.0,29.32,1786.0,29.33,83499.0
1753533736905,12:42:16.905,BSV/USDT:USDT,29.3,32.0,29.29,416.0,29.32,1786.0,29.33,83499.0
1753533738119,12:42:18.119,BSV/USDT:USDT,29.3,32.0,29.29,416.0,29.33,84158.0,29.34,4655.0
1753533738216,12:42:18.216,BSV/USDT:USDT,29.3,32.0,29.29,416.0,29.33,84158.0,29.34,4655.0
1753533738335,12:42:18.335,BSV/USDT:USDT,29.3,32.0,29.29,416.0,29.32,51.0,29.33,84158.0
1753533738368,12:42:18.368,BSV/USDT:USDT,29.3,32.0,29.29,416.0,29.33,84158.0,29.34,4655.0
1753533738521,12:42:18.521,BSV/USDT:USDT,29.3,32.0,29.29,416.0,29.33,84158.0,29.34,4655.0
1753533738580,12:42:18.580,BSV/USDT:USDT,29.3,32.0,29.29,416.0,29.33,84158.0,29.34,4655.0
1753533738673,12:42:18.673,BSV/USDT:USDT,29.3,32.0,29.29,416.0,29.33,84158.0,29.34,4655.0
1753533743313,12:42:23.313,BSV/USDT:USDT,29.3,32.0,29.29,416.0,29.33,84158.0,29.34,4655.0
1753533743519,12:42:23.519,BSV/USDT:USDT,29.3,1075.0,29.29,416.0,29.33,84158.0,29.34,4655.0
1753533743539,12:42:23.539,BSV/USDT:USDT,29.3,1075.0,29.29,416.0,29.33,84158.0,29.34,4655.0
1753533745318,12:42:25.318,BSV/USDT:USDT,29.3,1075.0,29.29,416.0,29.33,84158.0,29.34,4655.0
1753533745341,12:42:25.341,BSV/USDT:USDT,29.3,1075.0,29.29,416.0,29.33,84158.0,29.34,4655.0
1753533746124,12:42:26.124,BSV/USDT:USDT,29.3,1075.0,29.29,416.0,29.33,2260.0,29.34,4655.0
1753533746230,12:42:26.230,BSV/USDT:USDT,29.31,51.0,29.3,1075.0,29.33,2260.0,29.34,4655.0
1753533746432,12:42:26.432,BSV/USDT:USDT,29.3,1075.0,29.29,4428.0,29.33,2260.0,29.34,4655.0
1753533746513,12:42:26.513,BSV/USDT:USDT,29.3,1075.0,29.29,10764.0,29.33,2260.0,29.34,86525.0
1753533746594,12:42:26.594,BSV/USDT:USDT,29.3,1075.0,29.29,10764.0,29.33,2260.0,29.34,86525.0
1753533746824,12:42:26.824,BSV/USDT:USDT,29.3,1075.0,29.29,10764.0,29.33,2260.0,29.34,86525.0
1753533746938,12:42:26.938,BSV/USDT:USDT,29.3,1075.0,29.29,10764.0,29.33,2260.0,29.34,86525.0
1753533747526,12:42:27.526,BSV/USDT:USDT,29.3,1075.0,29.29,10764.0,29.33,2260.0,29.34,86525.0
1753533747625,12:42:27.625,BSV/USDT:USDT,29.3,1075.0,29.29,4428.0,29.33,2260.0,29.34,89836.0
1753533748123,12:42:28.123,BSV/USDT:USDT,29.3,1075.0,29.29,4428.0,29.33,2430.0,29.34,89836.0
1753533748154,12:42:28.154,BSV/USDT:USDT,29.3,1075.0,29.29,4428.0,29.33,2430.0,29.34,89836.0
1753533748271,12:42:28.271,BSV/USDT:USDT,29.3,1075.0,29.29,4428.0,29.33,2430.0,29.34,89836.0
1753533748398,12:42:28.398,BSV/USDT:USDT,29.3,1075.0,29.29,4428.0,29.33,2430.0,29.34,89836.0
1753533748518,12:42:28.518,BSV/USDT:USDT,29.3,1075.0,29.29,4428.0,29.33,2430.0,29.34,89836.0
