timestamp,time,symbol,bid1_price,bid1_volume,bid2_price,bid2_volume,ask1_price,ask1_volume,ask2_price,ask2_volume
1753533019000,12:30:19.000,ANIME/USDT:USDT,0.019677,1433.0,0.019671,5330.0,0.019698,1899.0,0.019699,2028.0
1753533020100,12:30:20.100,ANIME/USDT:USDT,0.019677,1433.0,0.019671,5330.0,0.019698,1899.0,0.019699,2028.0
1753533020109,12:30:20.109,ANIME/USDT:USDT,0.019677,1433.0,0.019671,5330.0,0.019698,1899.0,0.019699,2028.0
1753533021215,12:30:21.215,ANIME/USDT:USDT,0.019677,1433.0,0.019671,5330.0,0.019698,1899.0,0.019699,2028.0
1753533021368,12:30:21.368,ANIME/USDT:USDT,0.019677,1433.0,0.019671,5330.0,0.019698,1899.0,0.019699,2028.0
1753533022812,12:30:22.812,ANIME/USDT:USDT,0.019677,1433.0,0.019671,5330.0,0.019698,1899.0,0.019699,2028.0
1753533022854,12:30:22.854,ANIME/USDT:USDT,0.019677,1433.0,0.019671,5330.0,0.019698,1899.0,0.019699,2028.0
1753533023207,12:30:23.207,ANIME/USDT:USDT,0.019677,1433.0,0.019671,5330.0,0.019698,1899.0,0.019699,2028.0
1753533023385,12:30:23.385,ANIME/USDT:USDT,0.019677,1433.0,0.019671,5330.0,0.019696,1885.0,0.019698,500.0
1753533023442,12:30:23.442,ANIME/USDT:USDT,0.019677,1433.0,0.019671,5330.0,0.019696,1885.0,0.019698,500.0
1753533023892,12:30:23.892,ANIME/USDT:USDT,0.019677,1433.0,0.019671,5330.0,0.019695,1385.0,0.019698,500.0
1753533024207,12:30:24.207,ANIME/USDT:USDT,0.019677,1433.0,0.019671,5330.0,0.019695,1385.0,0.019698,500.0
1753533024619,12:30:24.619,ANIME/USDT:USDT,0.019677,1433.0,0.019671,5330.0,0.019695,1385.0,0.019698,500.0
1753533025853,12:30:25.853,ANIME/USDT:USDT,0.019677,1433.0,0.019671,5330.0,0.019695,1385.0,0.019698,500.0
1753533025945,12:30:25.945,ANIME/USDT:USDT,0.019677,1433.0,0.019671,5330.0,0.019697,1385.0,0.019698,1885.0
1753533026087,12:30:26.087,ANIME/USDT:USDT,0.019677,1433.0,0.019671,5330.0,0.019697,1385.0,0.019698,500.0
1753533026126,12:30:26.126,ANIME/USDT:USDT,0.019677,1433.0,0.019671,5330.0,0.019697,1385.0,0.019698,500.0
1753533026240,12:30:26.240,ANIME/USDT:USDT,0.019677,1433.0,0.019671,5330.0,0.019697,1385.0,0.019698,500.0
1753533026654,12:30:26.654,ANIME/USDT:USDT,0.019677,1433.0,0.019671,5330.0,0.019697,1385.0,0.019698,500.0
1753533027613,12:30:27.613,ANIME/USDT:USDT,0.019677,1433.0,0.019671,5330.0,0.019697,1385.0,0.019698,500.0
1753533027872,12:30:27.872,ANIME/USDT:USDT,0.019677,1433.0,0.019671,5330.0,0.019697,1385.0,0.019698,500.0
1753533028857,12:30:28.857,ANIME/USDT:USDT,0.019677,1433.0,0.019671,5330.0,0.019697,1385.0,0.019698,500.0
1753533029001,12:30:29.001,ANIME/USDT:USDT,0.019677,1433.0,0.019671,5330.0,0.019697,1385.0,0.019698,500.0
1753533030042,12:30:30.042,ANIME/USDT:USDT,0.019677,1433.0,0.019671,5330.0,0.019697,1385.0,0.019698,500.0
1753533032415,12:30:32.415,ANIME/USDT:USDT,0.019677,1433.0,0.019671,5330.0,0.019697,1385.0,0.019698,500.0
1753533033239,12:30:33.239,ANIME/USDT:USDT,0.019677,1433.0,0.019671,5330.0,0.019697,1885.0,0.019698,500.0
1753533034013,12:30:34.013,ANIME/USDT:USDT,0.019677,1433.0,0.019671,5330.0,0.019696,1890.0,0.019698,500.0
1753533034044,12:30:34.044,ANIME/USDT:USDT,0.019677,1433.0,0.019671,5330.0,0.019695,1390.0,0.019698,500.0
1753533034362,12:30:34.362,ANIME/USDT:USDT,0.019677,1433.0,0.019671,5330.0,0.019695,1390.0,0.019698,500.0
1753533034783,12:30:34.783,ANIME/USDT:USDT,0.019677,1433.0,0.019671,5330.0,0.019695,1390.0,0.019698,500.0
1753533036459,12:30:36.459,ANIME/USDT:USDT,0.019677,1433.0,0.019671,5330.0,0.019695,1390.0,0.019698,500.0
1753533036781,12:30:36.781,ANIME/USDT:USDT,0.019677,1433.0,0.019671,5330.0,0.019695,1390.0,0.019698,500.0
1753533037212,12:30:37.212,ANIME/USDT:USDT,0.019677,1433.0,0.019671,5330.0,0.019695,1390.0,0.019698,500.0
1753533037855,12:30:37.855,ANIME/USDT:USDT,0.019677,1433.0,0.019671,5330.0,0.019695,1390.0,0.019698,500.0
1753533040896,12:30:40.896,ANIME/USDT:USDT,0.019673,1374.0,0.019671,5330.0,0.019695,1390.0,0.019698,500.0
1753533040987,12:30:40.987,ANIME/USDT:USDT,0.019673,1374.0,0.019671,5330.0,0.019695,1390.0,0.019698,500.0
1753533041117,12:30:41.117,ANIME/USDT:USDT,0.019673,1374.0,0.019671,5330.0,0.019695,1390.0,0.019698,500.0
1753533041188,12:30:41.188,ANIME/USDT:USDT,0.019673,1374.0,0.019671,5330.0,0.019695,1390.0,0.019698,500.0
1753533041225,12:30:41.225,ANIME/USDT:USDT,0.019673,1374.0,0.019671,5330.0,0.019695,1390.0,0.019698,500.0
1753533041645,12:30:41.645,ANIME/USDT:USDT,0.019673,1374.0,0.019671,5330.0,0.019695,1390.0,0.019698,500.0
1753533042013,12:30:42.013,ANIME/USDT:USDT,0.019673,1374.0,0.019671,5330.0,0.019695,1390.0,0.019698,500.0
1753533042162,12:30:42.162,ANIME/USDT:USDT,0.019673,1374.0,0.019671,5330.0,0.019694,1374.0,0.019698,500.0
1753533043782,12:30:43.782,ANIME/USDT:USDT,0.019674,1374.0,0.019673,1441.0,0.019694,1374.0,0.019698,500.0
1753533043881,12:30:43.881,ANIME/USDT:USDT,0.019674,1374.0,0.019673,1441.0,0.019694,1374.0,0.019698,500.0
1753533043935,12:30:43.935,ANIME/USDT:USDT,0.019674,1374.0,0.019673,67.0,0.019694,1374.0,0.019698,500.0
1753533044070,12:30:44.070,ANIME/USDT:USDT,0.019674,1374.0,0.019673,67.0,0.019694,1374.0,0.019698,500.0
1753533044496,12:30:44.496,ANIME/USDT:USDT,0.019674,1374.0,0.019673,67.0,0.019694,1374.0,0.019698,500.0
1753533046017,12:30:46.017,ANIME/USDT:USDT,0.019673,67.0,0.019671,77.0,0.019687,6202.0,0.019688,167.0
1753533046093,12:30:46.093,ANIME/USDT:USDT,0.019667,1397.0,0.019666,77.0,0.019687,6369.0,0.019688,334.0
1753533046206,12:30:46.206,ANIME/USDT:USDT,0.019666,1374.0,0.019665,3861.0,0.019687,6202.0,0.019688,167.0
1753533046303,12:30:46.303,ANIME/USDT:USDT,0.019666,1374.0,0.019665,3938.0,0.019687,6202.0,0.019688,167.0
1753533046342,12:30:46.342,ANIME/USDT:USDT,0.019666,1374.0,0.019665,3938.0,0.019687,6202.0,0.019688,167.0
1753533046665,12:30:46.665,ANIME/USDT:USDT,0.019666,1374.0,0.019665,3938.0,0.019687,6202.0,0.019688,167.0
1753533046862,12:30:46.862,ANIME/USDT:USDT,0.019666,1374.0,0.019665,3938.0,0.019686,500.0,0.019687,6202.0
1753533047012,12:30:47.012,ANIME/USDT:USDT,0.019666,1374.0,0.019665,3938.0,0.019686,500.0,0.019687,6202.0
1753533047084,12:30:47.084,ANIME/USDT:USDT,0.019666,1374.0,0.019665,3938.0,0.019686,500.0,0.019687,6202.0
1753533047142,12:30:47.142,ANIME/USDT:USDT,0.019666,1374.0,0.019665,3938.0,0.019686,500.0,0.019687,6202.0
1753533047490,12:30:47.490,ANIME/USDT:USDT,0.019666,1374.0,0.019665,3938.0,0.019686,500.0,0.019687,6202.0
1753533048009,12:30:48.009,ANIME/USDT:USDT,0.019666,1374.0,0.019665,3938.0,0.019686,500.0,0.019687,6202.0
1753533048105,12:30:48.105,ANIME/USDT:USDT,0.019666,1374.0,0.019665,3938.0,0.019686,500.0,0.019687,6202.0
1753533048310,12:30:48.310,ANIME/USDT:USDT,0.019666,1374.0,0.019665,3938.0,0.019686,500.0,0.019687,6202.0
1753533048413,12:30:48.413,ANIME/USDT:USDT,0.019666,1374.0,0.019665,3938.0,0.019686,500.0,0.019687,6202.0
1753533048919,12:30:48.919,ANIME/USDT:USDT,0.019666,1374.0,0.019665,3938.0,0.019686,500.0,0.019687,6202.0
1753533048930,12:30:48.930,ANIME/USDT:USDT,0.019666,1374.0,0.019665,3938.0,0.019686,500.0,0.019687,6202.0
1753533049044,12:30:49.044,ANIME/USDT:USDT,0.019666,1374.0,0.019665,3938.0,0.019686,500.0,0.019687,6202.0
1753533049162,12:30:49.162,ANIME/USDT:USDT,0.019666,1374.0,0.019665,3938.0,0.019686,500.0,0.019687,6202.0
1753533049262,12:30:49.262,ANIME/USDT:USDT,0.019666,1374.0,0.019665,3938.0,0.019686,500.0,0.019687,6202.0
1753533049877,12:30:49.877,ANIME/USDT:USDT,0.019666,1374.0,0.019665,3938.0,0.019686,500.0,0.019687,6202.0
1753533049984,12:30:49.984,ANIME/USDT:USDT,0.019666,1374.0,0.019665,3938.0,0.019685,1374.0,0.019686,500.0
1753533050352,12:30:50.352,ANIME/USDT:USDT,0.019666,1374.0,0.019665,3938.0,0.019685,1374.0,0.019686,500.0
1753533050745,12:30:50.745,ANIME/USDT:USDT,0.019666,1374.0,0.019665,3938.0,0.019685,1374.0,0.019686,500.0
1753533051083,12:30:51.083,ANIME/USDT:USDT,0.019666,1374.0,0.019665,3938.0,0.019685,1374.0,0.019686,500.0
1753533052886,12:30:52.886,ANIME/USDT:USDT,0.019666,1374.0,0.019665,3938.0,0.019686,500.0,0.019687,6202.0
1753533053213,12:30:53.213,ANIME/USDT:USDT,0.019666,1374.0,0.019665,3938.0,0.019686,500.0,0.019687,6202.0
1753533053587,12:30:53.587,ANIME/USDT:USDT,0.019666,1374.0,0.019665,3938.0,0.019686,500.0,0.019687,6202.0
1753533054041,12:30:54.041,ANIME/USDT:USDT,0.019666,1374.0,0.019665,3938.0,0.019686,500.0,0.019687,6202.0
1753533055901,12:30:55.901,ANIME/USDT:USDT,0.019666,1374.0,0.019665,3938.0,0.019686,500.0,0.019687,6202.0
1753533056982,12:30:56.982,ANIME/USDT:USDT,0.019666,1374.0,0.019665,3938.0,0.019686,500.0,0.019687,6202.0
1753533057067,12:30:57.067,ANIME/USDT:USDT,0.019666,1374.0,0.019665,3938.0,0.019686,500.0,0.019687,6202.0
1753533058013,12:30:58.013,ANIME/USDT:USDT,0.019666,1374.0,0.019665,3938.0,0.019686,500.0,0.019687,6202.0
1753533058858,12:30:58.858,ANIME/USDT:USDT,0.019666,1374.0,0.019665,3938.0,0.019686,500.0,0.019687,6202.0
1753533058940,12:30:58.940,ANIME/USDT:USDT,0.019666,1374.0,0.019665,3938.0,0.019686,500.0,0.019687,6202.0
1753533059600,12:30:59.600,ANIME/USDT:USDT,0.019665,77.0,0.019664,12869.0,0.019685,5435.0,0.019686,500.0
1753533059641,12:30:59.641,ANIME/USDT:USDT,0.019665,77.0,0.019664,12869.0,0.019683,1412.0,0.019684,1207.0
1753533059941,12:30:59.941,ANIME/USDT:USDT,0.019665,77.0,0.019663,1374.0,0.019683,1412.0,0.019684,1207.0
1753533060063,12:31:00.063,ANIME/USDT:USDT,0.019663,1374.0,0.01966,3937.0,0.019683,1412.0,0.019684,1207.0
1753533060152,12:31:00.152,ANIME/USDT:USDT,0.019663,1374.0,0.01966,3937.0,0.019683,1412.0,0.019684,1207.0
1753533060484,12:31:00.484,ANIME/USDT:USDT,0.019663,1374.0,0.01966,3937.0,0.019683,1412.0,0.019684,1207.0
1753533060842,12:31:00.842,ANIME/USDT:USDT,0.019663,1374.0,0.01966,3937.0,0.019683,1412.0,0.019684,1207.0
1753533061082,12:31:01.082,ANIME/USDT:USDT,0.019659,12867.0,0.019656,1376.0,0.019683,1412.0,0.019684,1207.0
1753533061187,12:31:01.187,ANIME/USDT:USDT,0.01966,10.0,0.019659,12867.0,0.019682,1415.0,0.019683,72.0
1753533061317,12:31:01.317,ANIME/USDT:USDT,0.01966,3870.0,0.019659,12867.0,0.019675,6202.0,0.019682,1415.0
1753533061414,12:31:01.414,ANIME/USDT:USDT,0.01966,10.0,0.019656,1376.0,0.019675,167.0,0.019682,1415.0
1753533061422,12:31:01.422,ANIME/USDT:USDT,0.01966,10.0,0.019656,1376.0,0.019675,167.0,0.019682,1415.0
1753533061744,12:31:01.744,ANIME/USDT:USDT,0.01966,10.0,0.019656,1376.0,0.019675,167.0,0.019682,1415.0
1753533061893,12:31:01.893,ANIME/USDT:USDT,0.019656,1376.0,0.019655,10.0,0.019674,72.0,0.019675,167.0
1753533062009,12:31:02.009,ANIME/USDT:USDT,0.019656,1376.0,0.019655,10.0,0.019675,167.0,0.019682,1415.0
1753533062092,12:31:02.092,ANIME/USDT:USDT,0.019656,1376.0,0.019655,10.0,0.019674,6035.0,0.019675,167.0
1753533062129,12:31:02.129,ANIME/USDT:USDT,0.019656,1376.0,0.019655,10.0,0.019673,72.0,0.019674,6035.0
1753533062242,12:31:02.242,ANIME/USDT:USDT,0.019656,1543.0,0.019655,10.0,0.019673,72.0,0.019674,6035.0
1753533062663,12:31:02.663,ANIME/USDT:USDT,0.019656,1543.0,0.019655,10.0,0.019673,72.0,0.019674,6035.0
1753533062813,12:31:02.813,ANIME/USDT:USDT,0.019656,1543.0,0.019655,10.0,0.019673,72.0,0.019674,6035.0
1753533063211,12:31:03.211,ANIME/USDT:USDT,0.019656,1543.0,0.019655,10.0,0.019673,72.0,0.019674,6035.0
1753533063242,12:31:03.242,ANIME/USDT:USDT,0.019656,1543.0,0.019655,10.0,0.019673,72.0,0.019674,6035.0
1753533063491,12:31:03.491,ANIME/USDT:USDT,0.019656,1543.0,0.019655,10.0,0.019673,72.0,0.019674,6035.0
1753533064026,12:31:04.026,ANIME/USDT:USDT,0.019656,1543.0,0.019655,10.0,0.019673,72.0,0.019674,6035.0
1753533064858,12:31:04.858,ANIME/USDT:USDT,0.019656,1543.0,0.019655,10.0,0.019673,72.0,0.019674,6035.0
1753533065195,12:31:05.195,ANIME/USDT:USDT,0.019656,1710.0,0.019655,10.0,0.019673,72.0,0.019674,6035.0
1753533065597,12:31:05.597,ANIME/USDT:USDT,0.019656,1543.0,0.019655,10.0,0.019673,72.0,0.019674,6035.0
1753533066003,12:31:06.003,ANIME/USDT:USDT,0.019656,1543.0,0.019655,10.0,0.019673,72.0,0.019674,6035.0
1753533066112,12:31:06.112,ANIME/USDT:USDT,0.019656,1543.0,0.019655,10.0,0.019673,72.0,0.019674,6035.0
1753533066165,12:31:06.165,ANIME/USDT:USDT,0.019656,1543.0,0.019655,10.0,0.019673,72.0,0.019674,6035.0
1753533066241,12:31:06.241,ANIME/USDT:USDT,0.019656,1543.0,0.019655,10.0,0.019673,72.0,0.019674,6035.0
1753533066643,12:31:06.643,ANIME/USDT:USDT,0.019656,1543.0,0.019655,10.0,0.019673,72.0,0.019674,6035.0
1753533066732,12:31:06.732,ANIME/USDT:USDT,0.019656,1543.0,0.019655,10.0,0.019673,72.0,0.019674,6035.0
1753533067065,12:31:07.065,ANIME/USDT:USDT,0.019656,1543.0,0.019655,10.0,0.019673,72.0,0.019674,6035.0
1753533067410,12:31:07.410,ANIME/USDT:USDT,0.019657,1415.0,0.019656,334.0,0.019673,72.0,0.019674,6035.0
1753533067553,12:31:07.553,ANIME/USDT:USDT,0.019657,1415.0,0.019656,334.0,0.019673,72.0,0.019674,6035.0
1753533067848,12:31:07.848,ANIME/USDT:USDT,0.019657,1415.0,0.019656,334.0,0.019673,72.0,0.019674,6035.0
1753533067985,12:31:07.985,ANIME/USDT:USDT,0.019657,1415.0,0.019656,334.0,0.019673,72.0,0.019674,6035.0
1753533068413,12:31:08.413,ANIME/USDT:USDT,0.019657,1415.0,0.019656,334.0,0.019673,72.0,0.019674,6035.0
1753533068786,12:31:08.786,ANIME/USDT:USDT,0.019657,1415.0,0.019656,334.0,0.019673,72.0,0.019674,6035.0
1753533069319,12:31:09.319,ANIME/USDT:USDT,0.019657,1415.0,0.019656,334.0,0.019673,72.0,0.019682,1415.0
1753533069328,12:31:09.328,ANIME/USDT:USDT,0.019657,1415.0,0.019656,334.0,0.019682,1415.0,0.019683,72.0
1753533069610,12:31:09.610,ANIME/USDT:USDT,0.019657,1415.0,0.019656,334.0,0.019682,1415.0,0.019683,72.0
1753533069724,12:31:09.724,ANIME/USDT:USDT,0.019657,1415.0,0.019656,334.0,0.019682,1415.0,0.019683,72.0
1753533069848,12:31:09.848,ANIME/USDT:USDT,0.019659,1415.0,0.019658,500.0,0.019682,1415.0,0.019683,72.0
1753533069942,12:31:09.942,ANIME/USDT:USDT,0.019659,1415.0,0.019658,500.0,0.019682,1415.0,0.019683,72.0
1753533070021,12:31:10.021,ANIME/USDT:USDT,0.019659,1415.0,0.019658,500.0,0.019682,1415.0,0.019683,72.0
1753533070234,12:31:10.234,ANIME/USDT:USDT,0.01966,1415.0,0.019659,1415.0,0.019682,1415.0,0.019683,72.0
1753533070345,12:31:10.345,ANIME/USDT:USDT,0.019661,1370.0,0.01966,10.0,0.019682,1415.0,0.019683,72.0
1753533070438,12:31:10.438,ANIME/USDT:USDT,0.019661,1370.0,0.01966,10.0,0.019682,1415.0,0.019683,72.0
1753533070799,12:31:10.799,ANIME/USDT:USDT,0.019661,1370.0,0.01966,10.0,0.019682,1415.0,0.019683,72.0
1753533070851,12:31:10.851,ANIME/USDT:USDT,0.019661,1370.0,0.01966,10.0,0.019682,1415.0,0.019683,72.0
1753533071668,12:31:11.668,ANIME/USDT:USDT,0.019661,1370.0,0.01966,10.0,0.019682,1415.0,0.019683,72.0
1753533072473,12:31:12.473,ANIME/USDT:USDT,0.019661,1370.0,0.01966,10.0,0.019682,1415.0,0.019683,72.0
1753533073103,12:31:13.103,ANIME/USDT:USDT,0.019661,1370.0,0.01966,10.0,0.019681,1370.0,0.019682,18.0
1753533073216,12:31:13.216,ANIME/USDT:USDT,0.019661,1370.0,0.01966,10.0,0.019681,1370.0,0.019682,18.0
1753533073850,12:31:13.850,ANIME/USDT:USDT,0.019661,334.0,0.01966,344.0,0.019681,1370.0,0.019683,72.0
1753533073926,12:31:13.926,ANIME/USDT:USDT,0.019661,334.0,0.01966,334.0,0.019681,1370.0,0.019683,72.0
1753533074093,12:31:14.093,ANIME/USDT:USDT,0.019661,334.0,0.01966,334.0,0.019681,1370.0,0.019683,72.0
1753533074506,12:31:14.506,ANIME/USDT:USDT,0.019661,334.0,0.01966,334.0,0.019681,1370.0,0.019683,72.0
1753533075097,12:31:15.097,ANIME/USDT:USDT,0.019661,167.0,0.01966,167.0,0.019675,6202.0,0.019676,167.0
1753533075159,12:31:15.159,ANIME/USDT:USDT,0.019661,167.0,0.01966,167.0,0.019674,72.0,0.019675,6202.0
1753533075256,12:31:15.256,ANIME/USDT:USDT,0.019657,1370.0,0.019655,10.0,0.019674,239.0,0.019675,6369.0
1753533075342,12:31:15.342,ANIME/USDT:USDT,0.019657,1370.0,0.019655,10.0,0.019674,239.0,0.019675,6369.0
1753533075780,12:31:15.780,ANIME/USDT:USDT,0.019657,1370.0,0.019655,10.0,0.019674,239.0,0.019675,6369.0
1753533076761,12:31:16.761,ANIME/USDT:USDT,0.019657,1704.0,0.019655,10.0,0.019674,239.0,0.019675,6369.0
1753533077010,12:31:17.010,ANIME/USDT:USDT,0.019657,334.0,0.019655,10.0,0.019674,239.0,0.019675,6369.0
1753533077511,12:31:17.511,ANIME/USDT:USDT,0.019655,10.0,0.019654,1374.0,0.019674,2694.0,0.019675,334.0
1753533077542,12:31:17.542,ANIME/USDT:USDT,0.019655,1573.0,0.019654,5244.0,0.019674,1609.0,0.019675,334.0
1753533077658,12:31:17.658,ANIME/USDT:USDT,0.019655,1573.0,0.019654,5244.0,0.019674,1370.0,0.019675,167.0
1753533077840,12:31:17.840,ANIME/USDT:USDT,0.019655,1573.0,0.019654,5244.0,0.019674,1370.0,0.019675,167.0
1753533078014,12:31:18.014,ANIME/USDT:USDT,0.019657,500.0,0.019656,1870.0,0.01968,72.0,0.019681,1370.0
1753533078109,12:31:18.109,ANIME/USDT:USDT,0.019659,1370.0,0.019658,500.0,0.01968,1442.0,0.019684,1207.0
1753533078150,12:31:18.150,ANIME/USDT:USDT,0.019659,1704.0,0.019658,667.0,0.019675,6202.0,0.01968,1442.0
1753533078315,12:31:18.315,ANIME/USDT:USDT,0.019659,1704.0,0.019658,667.0,0.019675,6202.0,0.01968,1442.0
1753533078771,12:31:18.771,ANIME/USDT:USDT,0.019659,1704.0,0.019658,667.0,0.019675,6202.0,0.01968,1370.0
1753533078886,12:31:18.886,ANIME/USDT:USDT,0.019659,334.0,0.019658,677.0,0.019674,72.0,0.019675,6202.0
1753533078930,12:31:18.930,ANIME/USDT:USDT,0.019659,334.0,0.019658,667.0,0.019674,72.0,0.019675,6202.0
1753533079192,12:31:19.192,ANIME/USDT:USDT,0.019659,334.0,0.019658,667.0,0.019674,72.0,0.019675,6202.0
1753533079699,12:31:19.699,ANIME/USDT:USDT,0.019659,334.0,0.019658,167.0,0.019674,72.0,0.019675,6202.0
1753533079888,12:31:19.888,ANIME/USDT:USDT,0.019659,334.0,0.019658,167.0,0.019674,72.0,0.019675,6202.0
1753533079935,12:31:19.935,ANIME/USDT:USDT,0.019659,334.0,0.019658,167.0,0.019674,72.0,0.019675,6202.0
1753533080118,12:31:20.118,ANIME/USDT:USDT,0.019659,334.0,0.019658,167.0,0.019666,1.0,0.019674,72.0
1753533080217,12:31:20.217,ANIME/USDT:USDT,0.019659,334.0,0.019658,167.0,0.019674,72.0,0.019675,6202.0
1753533080256,12:31:20.256,ANIME/USDT:USDT,0.019659,334.0,0.019658,167.0,0.019674,72.0,0.019675,6202.0
1753533080411,12:31:20.411,ANIME/USDT:USDT,0.019659,334.0,0.019658,167.0,0.019674,72.0,0.019675,6202.0
1753533080442,12:31:20.442,ANIME/USDT:USDT,0.019659,334.0,0.019658,167.0,0.019674,72.0,0.019675,6202.0
1753533082178,12:31:22.178,ANIME/USDT:USDT,0.019659,334.0,0.019658,167.0,0.019674,72.0,0.019675,6369.0
1753533082248,12:31:22.248,ANIME/USDT:USDT,0.019659,167.0,0.019658,167.0,0.019673,1367.0,0.019674,72.0
1753533082444,12:31:22.444,ANIME/USDT:USDT,0.019659,334.0,0.019658,334.0,0.019673,1367.0,0.019674,72.0
1753533082565,12:31:22.565,ANIME/USDT:USDT,0.019659,334.0,0.019658,334.0,0.019673,1367.0,0.019674,72.0
1753533082814,12:31:22.814,ANIME/USDT:USDT,0.019659,334.0,0.019658,334.0,0.019673,1367.0,0.019674,72.0
1753533082854,12:31:22.854,ANIME/USDT:USDT,0.019659,334.0,0.019658,334.0,0.019673,1367.0,0.019674,72.0
1753533083207,12:31:23.207,ANIME/USDT:USDT,0.019659,334.0,0.019658,334.0,0.019673,1367.0,0.019674,72.0
1753533083246,12:31:23.246,ANIME/USDT:USDT,0.019659,334.0,0.019658,334.0,0.019673,1367.0,0.019674,72.0
1753533084069,12:31:24.069,ANIME/USDT:USDT,0.019659,334.0,0.019658,334.0,0.019673,1367.0,0.019674,72.0
1753533084126,12:31:24.126,ANIME/USDT:USDT,0.019659,334.0,0.019658,334.0,0.019673,1367.0,0.019675,167.0
1753533084464,12:31:24.464,ANIME/USDT:USDT,0.019659,334.0,0.019658,334.0,0.019673,1367.0,0.019675,167.0
1753533084728,12:31:24.728,ANIME/USDT:USDT,0.019659,334.0,0.019658,334.0,0.019675,167.0,0.019679,72.0
1753533084879,12:31:24.879,ANIME/USDT:USDT,0.019659,334.0,0.019658,334.0,0.019675,167.0,0.01968,1370.0
1753533085184,12:31:25.184,ANIME/USDT:USDT,0.019659,334.0,0.019658,334.0,0.019675,167.0,0.01968,1370.0
1753533085696,12:31:25.696,ANIME/USDT:USDT,0.019659,334.0,0.019658,334.0,0.019675,167.0,0.01968,1370.0
1753533085854,12:31:25.854,ANIME/USDT:USDT,0.019659,334.0,0.019658,334.0,0.019675,167.0,0.01968,1370.0
1753533086111,12:31:26.111,ANIME/USDT:USDT,0.019659,334.0,0.019658,334.0,0.019675,167.0,0.01968,1370.0
1753533086130,12:31:26.130,ANIME/USDT:USDT,0.019659,334.0,0.019658,334.0,0.019675,167.0,0.01968,1370.0
1753533087615,12:31:27.615,ANIME/USDT:USDT,0.019659,334.0,0.019658,334.0,0.019675,167.0,0.01968,1370.0
1753533087622,12:31:27.622,ANIME/USDT:USDT,0.019659,334.0,0.019658,334.0,0.019675,167.0,0.01968,1370.0
1753533088867,12:31:28.867,ANIME/USDT:USDT,0.019659,334.0,0.019658,334.0,0.019675,167.0,0.01968,1370.0
1753533091862,12:31:31.862,ANIME/USDT:USDT,0.019659,334.0,0.019658,334.0,0.019675,167.0,0.01968,1370.0
1753533091924,12:31:31.924,ANIME/USDT:USDT,0.019659,334.0,0.019658,334.0,0.019675,167.0,0.01968,1370.0
1753533092414,12:31:32.414,ANIME/USDT:USDT,0.019659,334.0,0.019658,334.0,0.019675,167.0,0.01968,1370.0
1753533092616,12:31:32.616,ANIME/USDT:USDT,0.019659,334.0,0.019658,334.0,0.019675,167.0,0.01968,1370.0
1753533092622,12:31:32.622,ANIME/USDT:USDT,0.019659,334.0,0.019658,334.0,0.019675,167.0,0.01968,1370.0
1753533093003,12:31:33.003,ANIME/USDT:USDT,0.019659,334.0,0.019658,334.0,0.019675,167.0,0.01968,1370.0
1753533093089,12:31:33.089,ANIME/USDT:USDT,0.019659,334.0,0.019658,334.0,0.019675,167.0,0.01968,1370.0
1753533093642,12:31:33.642,ANIME/USDT:USDT,0.01966,1379.0,0.019659,334.0,0.019675,167.0,0.019683,72.0
1753533093727,12:31:33.727,ANIME/USDT:USDT,0.01966,1379.0,0.019659,334.0,0.019675,167.0,0.019684,1279.0
1753533094007,12:31:34.007,ANIME/USDT:USDT,0.01966,1379.0,0.019659,334.0,0.019675,167.0,0.019684,1279.0
1753533094552,12:31:34.552,ANIME/USDT:USDT,0.01966,1379.0,0.019659,334.0,0.019675,167.0,0.019684,1279.0
1753533094802,12:31:34.802,ANIME/USDT:USDT,0.01966,1379.0,0.019659,334.0,0.019684,72.0,0.019686,2361.0
1753533094919,12:31:34.919,ANIME/USDT:USDT,0.019664,1379.0,0.019663,500.0,0.019686,572.0,0.019687,6035.0
1753533095003,12:31:35.003,ANIME/USDT:USDT,0.019664,1379.0,0.019663,510.0,0.019686,572.0,0.019687,6035.0
1753533095126,12:31:35.126,ANIME/USDT:USDT,0.019664,1379.0,0.019663,510.0,0.019686,572.0,0.019688,1374.0
1753533095227,12:31:35.227,ANIME/USDT:USDT,0.019664,1379.0,0.019663,510.0,0.019686,500.0,0.019688,1374.0
1753533095400,12:31:35.400,ANIME/USDT:USDT,0.019664,1379.0,0.019663,510.0,0.019686,500.0,0.019688,1374.0
1753533095503,12:31:35.503,ANIME/USDT:USDT,0.019668,1379.0,0.019667,2703.0,0.019686,500.0,0.019693,72.0
1753533095609,12:31:35.609,ANIME/USDT:USDT,0.019669,1379.0,0.019668,167.0,0.019688,6035.0,0.019693,1451.0
1753533095825,12:31:35.825,ANIME/USDT:USDT,0.019669,1379.0,0.019668,167.0,0.019688,6035.0,0.019693,1451.0
1753533096009,12:31:36.009,ANIME/USDT:USDT,0.019669,1379.0,0.019668,167.0,0.019688,6035.0,0.019693,1451.0
1753533096092,12:31:36.092,ANIME/USDT:USDT,0.019669,1379.0,0.019668,177.0,0.019687,38.0,0.019688,6035.0
1753533096134,12:31:36.134,ANIME/USDT:USDT,0.019669,1379.0,0.019668,177.0,0.019687,90.0,0.019693,1379.0
1753533096227,12:31:36.227,ANIME/USDT:USDT,0.019669,1379.0,0.019668,177.0,0.019687,18.0,0.019693,1379.0
1753533096501,12:31:36.501,ANIME/USDT:USDT,0.019669,1379.0,0.019668,177.0,0.019693,1379.0,0.019695,72.0
1753533096567,12:31:36.567,ANIME/USDT:USDT,0.019669,1379.0,0.019668,177.0,0.019692,500.0,0.019693,1379.0
1753533096658,12:31:36.658,ANIME/USDT:USDT,0.019669,1379.0,0.019668,177.0,0.019692,500.0,0.019693,1379.0
1753533096727,12:31:36.727,ANIME/USDT:USDT,0.019669,1379.0,0.019668,177.0,0.019687,6035.0,0.019692,500.0
1753533096842,12:31:36.842,ANIME/USDT:USDT,0.019669,1379.0,0.019668,177.0,0.019686,72.0,0.019692,500.0
1753533096978,12:31:36.978,ANIME/USDT:USDT,0.019669,1379.0,0.019668,177.0,0.019692,500.0,0.019693,1379.0
1753533097041,12:31:37.041,ANIME/USDT:USDT,0.019669,1379.0,0.019668,177.0,0.019692,500.0,0.019693,1379.0
1753533097214,12:31:37.214,ANIME/USDT:USDT,0.019669,1379.0,0.019668,177.0,0.019692,500.0,0.019693,1379.0
1753533097222,12:31:37.222,ANIME/USDT:USDT,0.019669,1379.0,0.019668,177.0,0.019692,500.0,0.019693,1379.0
1753533097514,12:31:37.514,ANIME/USDT:USDT,0.019669,1379.0,0.019668,177.0,0.019692,500.0,0.019693,1379.0
1753533097852,12:31:37.852,ANIME/USDT:USDT,0.019669,1379.0,0.019668,177.0,0.019692,500.0,0.019693,1379.0
1753533098257,12:31:38.257,ANIME/USDT:USDT,0.019669,1379.0,0.019668,177.0,0.019692,500.0,0.019693,1379.0
1753533098487,12:31:38.487,ANIME/USDT:USDT,0.019669,1379.0,0.019668,177.0,0.019692,500.0,0.019693,1379.0
1753533098524,12:31:38.524,ANIME/USDT:USDT,0.019669,1379.0,0.019668,177.0,0.019692,500.0,0.019693,1379.0
1753533099131,12:31:39.131,ANIME/USDT:USDT,0.019669,1379.0,0.019668,177.0,0.019692,500.0,0.019693,1379.0
1753533099413,12:31:39.413,ANIME/USDT:USDT,0.019671,2726.0,0.01967,4490.0,0.019692,500.0,0.019693,1379.0
1753533099504,12:31:39.504,ANIME/USDT:USDT,0.019672,1389.0,0.019669,1379.0,0.019692,500.0,0.019693,1379.0
1753533099616,12:31:39.616,ANIME/USDT:USDT,0.019672,1379.0,0.01967,10.0,0.019692,500.0,0.019693,1379.0
1753533099950,12:31:39.950,ANIME/USDT:USDT,0.019672,1379.0,0.01967,10.0,0.019692,500.0,0.019693,1379.0
1753533100154,12:31:40.154,ANIME/USDT:USDT,0.019672,1379.0,0.01967,10.0,0.019692,500.0,0.019698,572.0
1753533100302,12:31:40.302,ANIME/USDT:USDT,0.019672,1379.0,0.01967,10.0,0.019692,500.0,0.019698,500.0
1753533100381,12:31:40.381,ANIME/USDT:USDT,0.019672,1379.0,0.01967,10.0,0.019692,500.0,0.019698,500.0
1753533100476,12:31:40.476,ANIME/USDT:USDT,0.019672,1379.0,0.01967,10.0,0.019698,500.0,0.019699,2100.0
1753533100801,12:31:40.801,ANIME/USDT:USDT,0.019672,1379.0,0.01967,10.0,0.019698,500.0,0.019699,2100.0
1753533100869,12:31:40.869,ANIME/USDT:USDT,0.019673,1428.0,0.019672,1379.0,0.019698,500.0,0.019699,2100.0
1753533101019,12:31:41.019,ANIME/USDT:USDT,0.019674,1428.0,0.019673,1438.0,0.019698,500.0,0.019699,2100.0
1753533101103,12:31:41.103,ANIME/USDT:USDT,0.019674,1428.0,0.019673,10.0,0.019698,500.0,0.019699,2100.0
1753533101126,12:31:41.126,ANIME/USDT:USDT,0.019674,1428.0,0.01967,10.0,0.019698,500.0,0.019699,2100.0
1753533101317,12:31:41.317,ANIME/USDT:USDT,0.019674,1428.0,0.01967,10.0,0.019698,500.0,0.019699,2100.0
1753533101323,12:31:41.323,ANIME/USDT:USDT,0.019674,1428.0,0.01967,10.0,0.019698,500.0,0.019699,2100.0
1753533101482,12:31:41.482,ANIME/USDT:USDT,0.019674,1428.0,0.01967,10.0,0.019698,500.0,0.019699,2100.0
1753533101658,12:31:41.658,ANIME/USDT:USDT,0.019674,1428.0,0.01967,10.0,0.019698,500.0,0.019699,2100.0
1753533102006,12:31:42.006,ANIME/USDT:USDT,0.019674,1428.0,0.01967,10.0,0.019698,500.0,0.019699,2100.0
1753533102453,12:31:42.453,ANIME/USDT:USDT,0.019674,1428.0,0.01967,10.0,0.019698,500.0,0.019699,2100.0
1753533103415,12:31:43.415,ANIME/USDT:USDT,0.019674,1428.0,0.01967,10.0,0.019698,500.0,0.019699,2100.0
1753533103890,12:31:43.890,ANIME/USDT:USDT,0.019674,1428.0,0.01967,10.0,0.019698,500.0,0.019699,2100.0
1753533103947,12:31:43.947,ANIME/USDT:USDT,0.019674,1428.0,0.01967,10.0,0.019698,500.0,0.019699,2100.0
1753533104161,12:31:44.161,ANIME/USDT:USDT,0.019674,1428.0,0.01967,10.0,0.019698,500.0,0.019699,2100.0
1753533104302,12:31:44.302,ANIME/USDT:USDT,0.019674,1428.0,0.01967,10.0,0.019698,500.0,0.019699,2100.0
1753533104402,12:31:44.402,ANIME/USDT:USDT,0.019674,1428.0,0.01967,10.0,0.019698,500.0,0.019699,2100.0
1753533104762,12:31:44.762,ANIME/USDT:USDT,0.019674,1428.0,0.01967,10.0,0.019698,500.0,0.019699,2100.0
1753533105024,12:31:45.024,ANIME/USDT:USDT,0.019674,1428.0,0.01967,10.0,0.019698,500.0,0.019699,2100.0
1753533106014,12:31:46.014,ANIME/USDT:USDT,0.019674,1428.0,0.01967,10.0,0.019698,500.0,0.019699,2100.0
1753533106102,12:31:46.102,ANIME/USDT:USDT,0.019674,1428.0,0.01967,10.0,0.019698,500.0,0.019699,2100.0
1753533106866,12:31:46.866,ANIME/USDT:USDT,0.019674,1428.0,0.01967,10.0,0.019698,500.0,0.019699,2100.0
1753533107425,12:31:47.425,ANIME/USDT:USDT,0.019674,1428.0,0.01967,10.0,0.019698,500.0,0.019699,2100.0
1753533107741,12:31:47.741,ANIME/USDT:USDT,0.019674,1428.0,0.01967,10.0,0.019698,500.0,0.019699,2100.0
1753533108216,12:31:48.216,ANIME/USDT:USDT,0.019674,1428.0,0.01967,10.0,0.019698,500.0,0.019699,2100.0
1753533108598,12:31:48.598,ANIME/USDT:USDT,0.019674,1428.0,0.01967,10.0,0.019698,500.0,0.019699,2100.0
1753533109000,12:31:49.000,ANIME/USDT:USDT,0.019674,1428.0,0.01967,10.0,0.019698,500.0,0.019699,2100.0
1753533109225,12:31:49.225,ANIME/USDT:USDT,0.019674,1428.0,0.01967,10.0,0.019698,500.0,0.019699,2100.0
1753533109383,12:31:49.383,ANIME/USDT:USDT,0.019675,1428.0,0.01967,10.0,0.019698,500.0,0.019699,2100.0
1753533109797,12:31:49.797,ANIME/USDT:USDT,0.019675,1428.0,0.01967,10.0,0.019698,500.0,0.019699,2100.0
1753533109877,12:31:49.877,ANIME/USDT:USDT,0.019675,1428.0,0.01967,10.0,0.019698,500.0,0.019699,2100.0
1753533110007,12:31:50.007,ANIME/USDT:USDT,0.019675,1428.0,0.01967,10.0,0.019698,500.0,0.019699,2100.0
1753533110051,12:31:50.051,ANIME/USDT:USDT,0.019675,1428.0,0.01967,10.0,0.019698,500.0,0.019699,2100.0
1753533110214,12:31:50.214,ANIME/USDT:USDT,0.019675,1428.0,0.01967,10.0,0.019698,500.0,0.019699,2100.0
1753533110298,12:31:50.298,ANIME/USDT:USDT,0.019675,1428.0,0.01967,10.0,0.019698,500.0,0.019699,2100.0
1753533110751,12:31:50.751,ANIME/USDT:USDT,0.019675,1428.0,0.01967,10.0,0.019698,500.0,0.019699,2100.0
1753533111062,12:31:51.062,ANIME/USDT:USDT,0.019675,1428.0,0.01967,10.0,0.019698,500.0,0.019699,572.0
1753533111181,12:31:51.181,ANIME/USDT:USDT,0.019675,1428.0,0.01967,10.0,0.019698,500.0,0.019699,572.0
1753533111604,12:31:51.604,ANIME/USDT:USDT,0.019675,1428.0,0.01967,10.0,0.019698,500.0,0.019699,3283.0
1753533111621,12:31:51.621,ANIME/USDT:USDT,0.019675,1428.0,0.01967,10.0,0.019698,500.0,0.019699,3283.0
1753533113015,12:31:53.015,ANIME/USDT:USDT,0.019675,1428.0,0.01967,10.0,0.019698,500.0,0.019699,3283.0
1753533114608,12:31:54.608,ANIME/USDT:USDT,0.019675,1428.0,0.01967,10.0,0.019698,500.0,0.019699,3283.0
1753533115089,12:31:55.089,ANIME/USDT:USDT,0.019675,1428.0,0.01967,10.0,0.019698,500.0,0.019699,3283.0
1753533116759,12:31:56.759,ANIME/USDT:USDT,0.019675,1428.0,0.01967,10.0,0.019698,500.0,0.019699,3283.0
1753533117815,12:31:57.815,ANIME/USDT:USDT,0.019675,1428.0,0.01967,10.0,0.019698,500.0,0.019699,3283.0
1753533118801,12:31:58.801,ANIME/USDT:USDT,0.019675,1428.0,0.01967,10.0,0.019698,500.0,0.019699,3283.0
1753533118862,12:31:58.862,ANIME/USDT:USDT,0.019675,1428.0,0.01967,10.0,0.019697,1908.0,0.019698,1908.0
1753533119006,12:31:59.006,ANIME/USDT:USDT,0.019675,1428.0,0.01967,10.0,0.019697,1980.0,0.019698,500.0
1753533119116,12:31:59.116,ANIME/USDT:USDT,0.019675,1428.0,0.01967,10.0,0.019697,1908.0,0.019698,572.0
1753533119508,12:31:59.508,ANIME/USDT:USDT,0.01967,10.0,0.019669,1379.0,0.019695,1908.0,0.019696,500.0
1753533119585,12:31:59.585,ANIME/USDT:USDT,0.01967,10.0,0.019669,1379.0,0.019694,1908.0,0.019695,500.0
1753533119684,12:31:59.684,ANIME/USDT:USDT,0.01967,5.0,0.019669,1379.0,0.019694,1908.0,0.019695,500.0
1753533119819,12:31:59.819,ANIME/USDT:USDT,0.01967,1413.0,0.019669,1379.0,0.019694,1908.0,0.019695,500.0
1753533119847,12:31:59.847,ANIME/USDT:USDT,0.01967,1413.0,0.019669,1384.0,0.019694,1908.0,0.019695,500.0
1753533119970,12:31:59.970,ANIME/USDT:USDT,0.01967,1413.0,0.019669,5.0,0.019694,1908.0,0.019695,500.0
1753533120083,12:32:00.083,ANIME/USDT:USDT,0.01967,1413.0,0.019668,2229.0,0.019694,1908.0,0.019695,500.0
1753533120394,12:32:00.394,ANIME/USDT:USDT,0.019671,1366.0,0.01967,5.0,0.019694,1908.0,0.019695,500.0
1753533120505,12:32:00.505,ANIME/USDT:USDT,0.019671,1366.0,0.01967,5.0,0.019694,1908.0,0.019695,500.0
1753533120579,12:32:00.579,ANIME/USDT:USDT,0.019671,1366.0,0.019669,5.0,0.019694,1908.0,0.019695,500.0
1753533120921,12:32:00.921,ANIME/USDT:USDT,0.019671,1366.0,0.019669,5.0,0.019694,1908.0,0.019695,500.0
1753533121242,12:32:01.242,ANIME/USDT:USDT,0.019671,1366.0,0.019669,5.0,0.019694,1908.0,0.019695,500.0
1753533121335,12:32:01.335,ANIME/USDT:USDT,0.019671,1366.0,0.019669,5.0,0.019694,1908.0,0.019695,500.0
1753533121574,12:32:01.574,ANIME/USDT:USDT,0.019669,5.0,0.019668,2229.0,0.019693,1866.0,0.019695,500.0
1753533121645,12:32:01.645,ANIME/USDT:USDT,0.019669,1424.0,0.019668,2234.0,0.019693,1866.0,0.019695,500.0
1753533121752,12:32:01.752,ANIME/USDT:USDT,0.019669,1424.0,0.019668,2234.0,0.019693,1866.0,0.019695,500.0
1753533121886,12:32:01.886,ANIME/USDT:USDT,0.01967,1866.0,0.019669,558.0,0.019693,1366.0,0.019695,500.0
1753533121926,12:32:01.926,ANIME/USDT:USDT,0.01967,1866.0,0.019669,558.0,0.019693,1366.0,0.019695,500.0
1753533122220,12:32:02.220,ANIME/USDT:USDT,0.01967,1866.0,0.019669,558.0,0.019693,1366.0,0.019698,572.0
1753533122230,12:32:02.230,ANIME/USDT:USDT,0.01967,1866.0,0.019669,558.0,0.019693,1866.0,0.019698,572.0
1753533122507,12:32:02.507,ANIME/USDT:USDT,0.01967,500.0,0.019669,500.0,0.019691,1366.0,0.019692,500.0
1753533122615,12:32:02.615,ANIME/USDT:USDT,0.01967,500.0,0.019669,500.0,0.019687,6202.0,0.019691,1366.0
1753533122642,12:32:02.642,ANIME/USDT:USDT,0.01967,500.0,0.019669,667.0,0.019686,72.0,0.019687,6202.0
1753533122900,12:32:02.900,ANIME/USDT:USDT,0.01967,500.0,0.019669,667.0,0.019686,72.0,0.019687,6202.0
1753533123014,12:32:03.014,ANIME/USDT:USDT,0.01967,500.0,0.019669,834.0,0.019686,72.0,0.019687,6202.0
1753533123058,12:32:03.058,ANIME/USDT:USDT,0.01967,500.0,0.019669,834.0,0.019686,72.0,0.019687,6202.0
1753533123209,12:32:03.209,ANIME/USDT:USDT,0.01967,500.0,0.019669,334.0,0.019686,72.0,0.019687,6202.0
1753533123812,12:32:03.812,ANIME/USDT:USDT,0.019671,1366.0,0.01967,500.0,0.019686,72.0,0.019698,1866.0
1753533123882,12:32:03.882,ANIME/USDT:USDT,0.019671,1366.0,0.01967,500.0,0.019697,1866.0,0.019698,572.0
1753533124009,12:32:04.009,ANIME/USDT:USDT,0.019671,1366.0,0.01967,500.0,0.019696,1866.0,0.019697,500.0
1753533124331,12:32:04.331,ANIME/USDT:USDT,0.019671,1366.0,0.01967,500.0,0.019696,1866.0,0.019697,500.0
1753533124766,12:32:04.766,ANIME/USDT:USDT,0.019671,1366.0,0.01967,500.0,0.019696,1866.0,0.019697,500.0
1753533124906,12:32:04.906,ANIME/USDT:USDT,0.019671,1366.0,0.01967,500.0,0.019696,1866.0,0.019697,500.0
1753533125205,12:32:05.205,ANIME/USDT:USDT,0.019672,1366.0,0.01967,500.0,0.019696,1866.0,0.019697,500.0
1753533125614,12:32:05.614,ANIME/USDT:USDT,0.019672,1366.0,0.01967,500.0,0.019696,1866.0,0.019697,500.0
1753533126669,12:32:06.669,ANIME/USDT:USDT,0.019672,1366.0,0.01967,500.0,0.019696,1866.0,0.019697,500.0
1753533126850,12:32:06.850,ANIME/USDT:USDT,0.019672,1366.0,0.01967,500.0,0.019696,1866.0,0.019697,500.0
1753533127174,12:32:07.174,ANIME/USDT:USDT,0.019672,1366.0,0.01967,500.0,0.019696,1866.0,0.019697,500.0
1753533127415,12:32:07.415,ANIME/USDT:USDT,0.019672,1366.0,0.01967,500.0,0.019696,1866.0,0.019697,500.0
1753533127465,12:32:07.465,ANIME/USDT:USDT,0.019672,1366.0,0.01967,500.0,0.019696,1866.0,0.019697,500.0
1753533127577,12:32:07.577,ANIME/USDT:USDT,0.019672,1366.0,0.01967,500.0,0.019696,1866.0,0.019697,500.0
1753533127706,12:32:07.706,ANIME/USDT:USDT,0.01967,1866.0,0.019669,344.0,0.019694,1866.0,0.019695,18.0
1753533127726,12:32:07.726,ANIME/USDT:USDT,0.01967,1866.0,0.019669,334.0,0.019694,1866.0,0.019695,18.0
1753533127862,12:32:07.862,ANIME/USDT:USDT,0.01967,1866.0,0.019669,334.0,0.019694,1866.0,0.019697,500.0
1753533128070,12:32:08.070,ANIME/USDT:USDT,0.01967,1866.0,0.019669,334.0,0.019694,1866.0,0.019697,500.0
1753533128502,12:32:08.502,ANIME/USDT:USDT,0.01967,1866.0,0.019669,334.0,0.019694,1866.0,0.019697,500.0
1753533128585,12:32:08.585,ANIME/USDT:USDT,0.01967,500.0,0.019669,167.0,0.019688,6869.0,0.01969,1366.0
1753533128710,12:32:08.710,ANIME/USDT:USDT,0.01967,500.0,0.019669,167.0,0.019687,72.0,0.019688,6369.0
1753533128893,12:32:08.893,ANIME/USDT:USDT,0.01967,500.0,0.019669,167.0,0.019687,72.0,0.019688,6369.0
1753533129062,12:32:09.062,ANIME/USDT:USDT,0.01967,500.0,0.019669,334.0,0.019687,72.0,0.019688,6369.0
1753533129153,12:32:09.153,ANIME/USDT:USDT,0.01967,500.0,0.019669,334.0,0.019687,72.0,0.019688,6369.0
1753533129772,12:32:09.772,ANIME/USDT:USDT,0.01967,500.0,0.019669,334.0,0.019687,72.0,0.019688,6369.0
1753533130066,12:32:10.066,ANIME/USDT:USDT,0.01967,500.0,0.019669,334.0,0.019687,72.0,0.019688,6369.0
1753533130851,12:32:10.851,ANIME/USDT:USDT,0.01967,500.0,0.019669,334.0,0.019687,72.0,0.019688,6369.0
1753533131075,12:32:11.075,ANIME/USDT:USDT,0.01967,500.0,0.019669,334.0,0.019687,72.0,0.019688,6369.0
1753533131942,12:32:11.942,ANIME/USDT:USDT,0.01967,500.0,0.019669,334.0,0.019687,72.0,0.019688,6369.0
1753533132217,12:32:12.217,ANIME/USDT:USDT,0.01967,500.0,0.019669,334.0,0.019687,72.0,0.019688,6369.0
1753533132950,12:32:12.950,ANIME/USDT:USDT,0.01967,500.0,0.019669,334.0,0.019687,72.0,0.019688,6369.0
1753533133242,12:32:13.242,ANIME/USDT:USDT,0.01967,500.0,0.019669,334.0,0.019687,72.0,0.019688,6369.0
1753533133321,12:32:13.321,ANIME/USDT:USDT,0.01967,500.0,0.019669,334.0,0.019687,72.0,0.019688,6369.0
1753533133877,12:32:13.877,ANIME/USDT:USDT,0.01967,500.0,0.019669,334.0,0.019687,572.0,0.019688,6369.0
1753533133952,12:32:13.952,ANIME/USDT:USDT,0.01967,500.0,0.019669,334.0,0.019687,572.0,0.019688,6369.0
1753533136884,12:32:16.884,ANIME/USDT:USDT,0.01967,500.0,0.019669,334.0,0.019687,572.0,0.019688,6369.0
1753533137015,12:32:17.015,ANIME/USDT:USDT,0.01967,500.0,0.019669,334.0,0.019687,572.0,0.019688,6369.0
1753533139041,12:32:19.041,ANIME/USDT:USDT,0.01967,500.0,0.019669,334.0,0.019687,572.0,0.019688,6369.0
1753533139402,12:32:19.402,ANIME/USDT:USDT,0.019672,1399.0,0.019671,1399.0,0.019687,72.0,0.01969,3000.0
1753533139462,12:32:19.462,ANIME/USDT:USDT,0.019673,1399.0,0.019672,1409.0,0.019689,72.0,0.019698,500.0
1753533139600,12:32:19.600,ANIME/USDT:USDT,0.019673,1399.0,0.019672,10.0,0.019698,572.0,0.019699,3710.0
1753533139641,12:32:19.641,ANIME/USDT:USDT,0.019673,1399.0,0.01967,500.0,0.019698,572.0,0.019699,3710.0
1753533139914,12:32:19.914,ANIME/USDT:USDT,0.019673,1399.0,0.01967,500.0,0.019698,572.0,0.019699,500.0
1753533140007,12:32:20.007,ANIME/USDT:USDT,0.019673,1399.0,0.01967,500.0,0.019698,500.0,0.019699,572.0
1753533140089,12:32:20.089,ANIME/USDT:USDT,0.019675,1399.0,0.01967,500.0,0.019698,500.0,0.019699,572.0
1753533140189,12:32:20.189,ANIME/USDT:USDT,0.019675,1399.0,0.01967,500.0,0.019698,500.0,0.019699,572.0
1753533140310,12:32:20.310,ANIME/USDT:USDT,0.019675,1399.0,0.01967,500.0,0.019698,500.0,0.019699,500.0
1753533140420,12:32:20.420,ANIME/USDT:USDT,0.019675,1399.0,0.01967,500.0,0.019698,500.0,0.019699,500.0
1753533140680,12:32:20.680,ANIME/USDT:USDT,0.019675,1399.0,0.01967,500.0,0.019698,500.0,0.019699,500.0
1753533140738,12:32:20.738,ANIME/USDT:USDT,0.019675,1399.0,0.01967,500.0,0.019698,500.0,0.019699,500.0
1753533141019,12:32:21.019,ANIME/USDT:USDT,0.019675,1899.0,0.01967,500.0,0.019701,500.0,0.019708,572.0
1753533141106,12:32:21.106,ANIME/USDT:USDT,0.019678,1903.0,0.01967,500.0,0.019701,500.0,0.019708,500.0
1753533141203,12:32:21.203,ANIME/USDT:USDT,0.019681,1403.0,0.01968,167.0,0.019701,500.0,0.019708,500.0
1753533141226,12:32:21.226,ANIME/USDT:USDT,0.019681,1403.0,0.01968,167.0,0.019701,500.0,0.019708,500.0
1753533141580,12:32:21.580,ANIME/USDT:USDT,0.019681,1403.0,0.01968,167.0,0.019701,500.0,0.019708,500.0
1753533141815,12:32:21.815,ANIME/USDT:USDT,0.019681,1403.0,0.01968,167.0,0.019701,500.0,0.019708,500.0
1753533142007,12:32:22.007,ANIME/USDT:USDT,0.019681,1403.0,0.01968,167.0,0.019708,500.0,0.019709,1961.0
1753533142064,12:32:22.064,ANIME/USDT:USDT,0.019681,1403.0,0.01968,167.0,0.019708,1903.0,0.019709,572.0
1753533142126,12:32:22.126,ANIME/USDT:USDT,0.019681,1403.0,0.01968,167.0,0.019708,1961.0,0.019709,572.0
1753533142395,12:32:22.395,ANIME/USDT:USDT,0.019681,1403.0,0.01968,167.0,0.019707,1903.0,0.019708,500.0
1753533142862,12:32:22.862,ANIME/USDT:USDT,0.019681,1403.0,0.01968,167.0,0.019706,500.0,0.019707,1403.0
1753533143272,12:32:23.272,ANIME/USDT:USDT,0.019681,1403.0,0.01968,167.0,0.019706,500.0,0.019707,1403.0
1753533143614,12:32:23.614,ANIME/USDT:USDT,0.019681,1403.0,0.01968,167.0,0.019706,500.0,0.019707,1403.0
1753533143883,12:32:23.883,ANIME/USDT:USDT,0.019681,1403.0,0.01968,167.0,0.019706,500.0,0.019707,1403.0
1753533143986,12:32:23.986,ANIME/USDT:USDT,0.019681,1403.0,0.01968,167.0,0.019706,500.0,0.019707,1403.0
1753533144471,12:32:24.471,ANIME/USDT:USDT,0.019681,1403.0,0.01968,167.0,0.019706,500.0,0.019707,1403.0
1753533144987,12:32:24.987,ANIME/USDT:USDT,0.019681,1403.0,0.01968,167.0,0.019706,500.0,0.019707,1403.0
1753533145024,12:32:25.024,ANIME/USDT:USDT,0.019681,1403.0,0.01968,167.0,0.019706,500.0,0.019707,1403.0
1753533145145,12:32:25.145,ANIME/USDT:USDT,0.019681,1403.0,0.01968,167.0,0.019706,500.0,0.019707,1403.0
1753533145897,12:32:25.897,ANIME/USDT:USDT,0.019681,1403.0,0.01968,167.0,0.019706,500.0,0.019707,1403.0
1753533146035,12:32:26.035,ANIME/USDT:USDT,0.019681,1403.0,0.01968,167.0,0.019706,500.0,0.019707,1403.0
1753533146615,12:32:26.615,ANIME/USDT:USDT,0.019681,1403.0,0.01968,167.0,0.019706,500.0,0.019707,1403.0
1753533148314,12:32:28.314,ANIME/USDT:USDT,0.019681,1403.0,0.01968,167.0,0.019706,1903.0,0.019708,500.0
1753533148342,12:32:28.342,ANIME/USDT:USDT,0.019681,1403.0,0.01968,167.0,0.019705,1903.0,0.019708,500.0
1753533148429,12:32:28.429,ANIME/USDT:USDT,0.01968,167.0,0.019677,1403.0,0.0197,6202.0,0.019704,1403.0
1753533148562,12:32:28.562,ANIME/USDT:USDT,0.01968,334.0,0.019677,1403.0,0.019699,72.0,0.0197,6202.0
1753533148897,12:32:28.897,ANIME/USDT:USDT,0.01968,334.0,0.019677,1403.0,0.019699,572.0,0.0197,6202.0
1753533149674,12:32:29.674,ANIME/USDT:USDT,0.01968,334.0,0.019677,1403.0,0.019699,572.0,0.0197,6202.0
1753533150691,12:32:30.691,ANIME/USDT:USDT,0.01968,334.0,0.019677,1403.0,0.019699,572.0,0.0197,6202.0
1753533151418,12:32:31.418,ANIME/USDT:USDT,0.01968,334.0,0.019677,1403.0,0.019699,572.0,0.0197,6202.0
1753533151901,12:32:31.901,ANIME/USDT:USDT,0.01968,334.0,0.019678,500.0,0.019699,572.0,0.0197,6202.0
1753533152101,12:32:32.101,ANIME/USDT:USDT,0.01968,334.0,0.019678,500.0,0.019699,572.0,0.0197,6202.0
1753533154214,12:32:34.214,ANIME/USDT:USDT,0.019678,500.0,0.019671,10.0,0.019697,1907.0,0.019698,500.0
1753533154228,12:32:34.228,ANIME/USDT:USDT,0.019678,500.0,0.01967,1407.0,0.019697,1907.0,0.019698,500.0
1753533154524,12:32:34.524,ANIME/USDT:USDT,0.019678,500.0,0.01967,1407.0,0.019697,1907.0,0.019698,500.0
1753533154865,12:32:34.865,ANIME/USDT:USDT,0.019671,500.0,0.01967,1407.0,0.019697,1907.0,0.019698,500.0
1753533154979,12:32:34.979,ANIME/USDT:USDT,0.019671,1907.0,0.019669,510.0,0.019697,1907.0,0.019698,500.0
1753533155104,12:32:35.104,ANIME/USDT:USDT,0.019672,1907.0,0.019669,510.0,0.019697,1907.0,0.019698,500.0
1753533155391,12:32:35.391,ANIME/USDT:USDT,0.019672,1907.0,0.019669,510.0,0.019697,1907.0,0.019698,500.0
1753533155448,12:32:35.448,ANIME/USDT:USDT,0.019673,1907.0,0.019669,510.0,0.019697,1907.0,0.019698,500.0
1753533155856,12:32:35.856,ANIME/USDT:USDT,0.019673,1907.0,0.019669,510.0,0.019697,1907.0,0.019698,500.0
1753533156007,12:32:36.007,ANIME/USDT:USDT,0.019673,1907.0,0.019669,510.0,0.019697,1907.0,0.019698,500.0
1753533156216,12:32:36.216,ANIME/USDT:USDT,0.019673,1907.0,0.019669,510.0,0.019697,1907.0,0.019698,500.0
1753533156406,12:32:36.406,ANIME/USDT:USDT,0.019674,1407.0,0.019673,500.0,0.019697,1907.0,0.019698,500.0
1753533156459,12:32:36.459,ANIME/USDT:USDT,0.019675,1407.0,0.019674,1407.0,0.019697,500.0,0.019698,500.0
1753533156608,12:32:36.608,ANIME/USDT:USDT,0.019675,1417.0,0.019669,500.0,0.019697,500.0,0.019698,500.0
1753533156627,12:32:36.627,ANIME/USDT:USDT,0.019675,1407.0,0.019669,510.0,0.019697,500.0,0.019698,500.0
1753533156840,12:32:36.840,ANIME/USDT:USDT,0.019675,1407.0,0.019669,510.0,0.019697,500.0,0.019698,500.0
1753533157206,12:32:37.206,ANIME/USDT:USDT,0.019675,1407.0,0.019669,510.0,0.019697,500.0,0.019698,500.0
1753533157818,12:32:37.818,ANIME/USDT:USDT,0.019675,1407.0,0.019669,510.0,0.019698,500.0,0.019699,572.0
1753533157919,12:32:37.919,ANIME/USDT:USDT,0.019676,1407.0,0.019669,510.0,0.019698,500.0,0.019699,572.0
1753533157953,12:32:37.953,ANIME/USDT:USDT,0.019676,1407.0,0.019669,510.0,0.019698,500.0,0.019699,572.0
1753533158158,12:32:38.158,ANIME/USDT:USDT,0.019676,1407.0,0.019669,510.0,0.019698,500.0,0.019699,572.0
1753533158244,12:32:38.244,ANIME/USDT:USDT,0.019676,1407.0,0.019669,510.0,0.019698,500.0,0.019699,572.0
1753533158324,12:32:38.324,ANIME/USDT:USDT,0.019676,1407.0,0.019669,510.0,0.019698,500.0,0.019699,572.0
1753533158830,12:32:38.830,ANIME/USDT:USDT,0.019676,1407.0,0.019669,510.0,0.019698,500.0,0.019699,572.0
1753533159145,12:32:39.145,ANIME/USDT:USDT,0.019676,1407.0,0.019669,510.0,0.019698,500.0,0.019699,572.0
1753533159271,12:32:39.271,ANIME/USDT:USDT,0.019676,1407.0,0.019669,510.0,0.019698,500.0,0.019699,572.0
1753533159659,12:32:39.659,ANIME/USDT:USDT,0.019676,1407.0,0.019669,510.0,0.019698,500.0,0.019699,572.0
1753533161017,12:32:41.017,ANIME/USDT:USDT,0.019676,1407.0,0.019669,510.0,0.019698,500.0,0.019699,572.0
1753533161022,12:32:41.022,ANIME/USDT:USDT,0.019676,1407.0,0.019669,510.0,0.019698,500.0,0.019699,572.0
1753533161968,12:32:41.968,ANIME/USDT:USDT,0.019676,1407.0,0.019669,510.0,0.019698,500.0,0.019699,572.0
1753533162201,12:32:42.201,ANIME/USDT:USDT,0.019676,1407.0,0.019669,510.0,0.019698,500.0,0.019699,572.0
1753533162222,12:32:42.222,ANIME/USDT:USDT,0.019676,1407.0,0.019669,510.0,0.019698,500.0,0.019699,572.0
1753533164004,12:32:44.004,ANIME/USDT:USDT,0.019676,1407.0,0.019669,510.0,0.019698,500.0,0.019699,572.0
1753533164108,12:32:44.108,ANIME/USDT:USDT,0.019676,1407.0,0.019669,510.0,0.019697,1420.0,0.019698,500.0
1753533164202,12:32:44.202,ANIME/USDT:USDT,0.019672,1920.0,0.019671,500.0,0.019697,1920.0,0.019698,500.0
1753533164226,12:32:44.226,ANIME/USDT:USDT,0.019672,1920.0,0.019671,510.0,0.019697,1920.0,0.019698,500.0
1753533164518,12:32:44.518,ANIME/USDT:USDT,0.019673,1420.0,0.019672,1920.0,0.019697,1920.0,0.019698,500.0
1753533164607,12:32:44.607,ANIME/USDT:USDT,0.019673,1430.0,0.019672,500.0,0.019697,1920.0,0.019698,500.0
1753533164626,12:32:44.626,ANIME/USDT:USDT,0.019673,1420.0,0.019672,500.0,0.019697,1920.0,0.019698,500.0
1753533164950,12:32:44.950,ANIME/USDT:USDT,0.019673,1420.0,0.019672,500.0,0.019697,1920.0,0.019698,500.0
1753533165817,12:32:45.817,ANIME/USDT:USDT,0.019673,1420.0,0.019672,500.0,0.019697,1920.0,0.019698,500.0
1753533166194,12:32:46.194,ANIME/USDT:USDT,0.019673,1420.0,0.019672,500.0,0.019697,1920.0,0.019698,500.0
1753533166861,12:32:46.861,ANIME/USDT:USDT,0.019673,1754.0,0.019672,834.0,0.019696,500.0,0.019697,1420.0
1753533167013,12:32:47.013,ANIME/USDT:USDT,0.019673,1764.0,0.019672,834.0,0.019696,500.0,0.019697,1420.0
1753533167041,12:32:47.041,ANIME/USDT:USDT,0.019674,1420.0,0.019673,344.0,0.019696,500.0,0.019698,500.0
1753533167430,12:32:47.430,ANIME/USDT:USDT,0.019674,1420.0,0.019673,344.0,0.019696,500.0,0.019698,500.0
1753533167844,12:32:47.844,ANIME/USDT:USDT,0.019674,1420.0,0.019673,344.0,0.019696,500.0,0.019698,500.0
1753533168002,12:32:48.002,ANIME/USDT:USDT,0.019674,1420.0,0.019673,344.0,0.019696,500.0,0.019698,500.0
1753533168257,12:32:48.257,ANIME/USDT:USDT,0.019674,1420.0,0.019673,344.0,0.019696,500.0,0.019698,500.0
1753533168708,12:32:48.708,ANIME/USDT:USDT,0.019674,1420.0,0.019673,344.0,0.019698,500.0,0.019699,3333.0
1753533169076,12:32:49.076,ANIME/USDT:USDT,0.019674,1420.0,0.019673,344.0,0.019698,500.0,0.019699,3333.0
1753533169331,12:32:49.331,ANIME/USDT:USDT,0.019674,1420.0,0.019673,344.0,0.019698,500.0,0.019699,3333.0
1753533169490,12:32:49.490,ANIME/USDT:USDT,0.019674,1420.0,0.019673,344.0,0.019698,500.0,0.019699,3333.0
1753533169912,12:32:49.912,ANIME/USDT:USDT,0.019674,1420.0,0.019673,344.0,0.019698,1920.0,0.019699,3333.0
1753533169923,12:32:49.923,ANIME/USDT:USDT,0.019674,1420.0,0.019673,344.0,0.019697,1920.0,0.019698,500.0
1753533170320,12:32:50.320,ANIME/USDT:USDT,0.019674,1420.0,0.019673,344.0,0.019697,1920.0,0.019698,500.0
1753533170617,12:32:50.617,ANIME/USDT:USDT,0.019674,1420.0,0.019673,344.0,0.019697,1920.0,0.019698,500.0
1753533170732,12:32:50.732,ANIME/USDT:USDT,0.019674,1420.0,0.019673,344.0,0.019697,1920.0,0.019698,500.0
1753533171016,12:32:51.016,ANIME/USDT:USDT,0.019674,1420.0,0.019673,344.0,0.019697,1920.0,0.019698,500.0
1753533171673,12:32:51.673,ANIME/USDT:USDT,0.019674,1420.0,0.019673,344.0,0.019697,1920.0,0.019698,500.0
1753533171794,12:32:51.794,ANIME/USDT:USDT,0.019674,1420.0,0.019673,344.0,0.019697,1920.0,0.019698,500.0
1753533172010,12:32:52.010,ANIME/USDT:USDT,0.019674,1420.0,0.019673,344.0,0.019697,1920.0,0.019698,500.0
1753533172861,12:32:52.861,ANIME/USDT:USDT,0.019674,1420.0,0.019673,344.0,0.019696,500.0,0.019697,1420.0
1753533172945,12:32:52.945,ANIME/USDT:USDT,0.019674,1420.0,0.019673,344.0,0.019696,500.0,0.019697,1420.0
1753533173802,12:32:53.802,ANIME/USDT:USDT,0.019674,1420.0,0.019673,344.0,0.019696,500.0,0.019697,1420.0
1753533173959,12:32:53.959,ANIME/USDT:USDT,0.019674,1420.0,0.019673,344.0,0.019696,500.0,0.019697,1420.0
1753533174697,12:32:54.697,ANIME/USDT:USDT,0.019674,1420.0,0.019673,344.0,0.019696,500.0,0.019697,1420.0
1753533175417,12:32:55.417,ANIME/USDT:USDT,0.019674,1420.0,0.019673,344.0,0.019696,500.0,0.019697,1420.0
1753533175888,12:32:55.888,ANIME/USDT:USDT,0.019673,344.0,0.019672,834.0,0.019696,500.0,0.019697,1420.0
1753533175984,12:32:55.984,ANIME/USDT:USDT,0.019673,334.0,0.019672,834.0,0.019696,500.0,0.019697,1420.0
1753533176817,12:32:56.817,ANIME/USDT:USDT,0.019673,334.0,0.019672,834.0,0.019696,500.0,0.019697,1420.0
1753533177262,12:32:57.262,ANIME/USDT:USDT,0.019673,334.0,0.019672,834.0,0.019695,1876.0,0.019696,500.0
1753533177330,12:32:57.330,ANIME/USDT:USDT,0.019673,334.0,0.019672,834.0,0.019695,1876.0,0.019696,572.0
1753533177595,12:32:57.595,ANIME/USDT:USDT,0.019673,334.0,0.019672,834.0,0.019695,1876.0,0.019696,572.0
1753533177649,12:32:57.649,ANIME/USDT:USDT,0.019673,334.0,0.019672,834.0,0.019695,1876.0,0.019696,572.0
1753533178862,12:32:58.862,ANIME/USDT:USDT,0.019673,167.0,0.019672,667.0,0.019694,500.0,0.019695,1876.0
1753533178942,12:32:58.942,ANIME/USDT:USDT,0.019673,167.0,0.019672,667.0,0.019694,500.0,0.019695,1876.0
1753533179267,12:32:59.267,ANIME/USDT:USDT,0.019673,167.0,0.019672,667.0,0.019694,500.0,0.019695,1876.0
1753533179354,12:32:59.354,ANIME/USDT:USDT,0.019673,167.0,0.019672,667.0,0.019694,1876.0,0.019695,500.0
1753533179573,12:32:59.573,ANIME/USDT:USDT,0.019673,167.0,0.019672,667.0,0.019694,1876.0,0.019695,500.0
1753533180216,12:33:00.216,ANIME/USDT:USDT,0.019673,167.0,0.019672,667.0,0.019694,1876.0,0.019695,500.0
1753533180223,12:33:00.223,ANIME/USDT:USDT,0.019673,167.0,0.019672,667.0,0.019694,1876.0,0.019695,500.0
1753533180575,12:33:00.575,ANIME/USDT:USDT,0.019673,167.0,0.019672,667.0,0.019694,1876.0,0.019695,500.0
1753533180726,12:33:00.726,ANIME/USDT:USDT,0.019673,167.0,0.019672,667.0,0.019694,1876.0,0.019695,500.0
1753533181131,12:33:01.131,ANIME/USDT:USDT,0.019673,167.0,0.019672,667.0,0.019694,1876.0,0.019695,500.0
1753533181862,12:33:01.862,ANIME/USDT:USDT,0.019673,167.0,0.019672,667.0,0.019693,500.0,0.019694,1376.0
1753533181926,12:33:01.926,ANIME/USDT:USDT,0.019673,167.0,0.019672,667.0,0.019693,500.0,0.019694,1376.0
1753533182102,12:33:02.102,ANIME/USDT:USDT,0.019673,167.0,0.019672,667.0,0.019693,667.0,0.019694,1376.0
1753533182126,12:33:02.126,ANIME/USDT:USDT,0.019673,167.0,0.019672,667.0,0.019693,667.0,0.019694,1448.0
1753533182481,12:33:02.481,ANIME/USDT:USDT,0.019673,167.0,0.019672,667.0,0.019693,667.0,0.019694,1448.0
1753533182540,12:33:02.540,ANIME/USDT:USDT,0.019673,167.0,0.019672,667.0,0.019693,667.0,0.019694,1448.0
1753533182626,12:33:02.626,ANIME/USDT:USDT,0.019673,167.0,0.019672,667.0,0.019693,667.0,0.019694,1376.0
1753533183133,12:33:03.133,ANIME/USDT:USDT,0.019673,167.0,0.019672,667.0,0.019692,1918.0,0.019693,667.0
1753533183226,12:33:03.226,ANIME/USDT:USDT,0.019673,167.0,0.019672,667.0,0.019692,1990.0,0.019693,667.0
1753533183320,12:33:03.320,ANIME/USDT:USDT,0.019673,167.0,0.019672,667.0,0.019692,1990.0,0.019693,667.0
1753533183735,12:33:03.735,ANIME/USDT:USDT,0.019673,167.0,0.019672,667.0,0.019692,1990.0,0.019693,667.0
1753533184071,12:33:04.071,ANIME/USDT:USDT,0.019673,210.0,0.019672,667.0,0.019692,1990.0,0.019693,667.0
1753533184174,12:33:04.174,ANIME/USDT:USDT,0.019673,210.0,0.019672,667.0,0.019692,1990.0,0.019693,667.0
1753533184231,12:33:04.231,ANIME/USDT:USDT,0.019673,210.0,0.019672,667.0,0.019692,1990.0,0.019693,667.0
1753533184549,12:33:04.549,ANIME/USDT:USDT,0.019673,210.0,0.019672,667.0,0.019692,1990.0,0.019693,667.0
1753533184675,12:33:04.675,ANIME/USDT:USDT,0.019673,167.0,0.019672,667.0,0.019692,1990.0,0.019693,667.0
1753533185017,12:33:05.017,ANIME/USDT:USDT,0.019673,167.0,0.019672,667.0,0.019692,1990.0,0.019693,667.0
1753533187868,12:33:07.868,ANIME/USDT:USDT,0.019673,167.0,0.019672,667.0,0.019692,572.0,0.019693,667.0
1753533187970,12:33:07.970,ANIME/USDT:USDT,0.019673,167.0,0.019672,667.0,0.019692,500.0,0.019693,739.0
1753533188025,12:33:08.025,ANIME/USDT:USDT,0.019673,167.0,0.019672,667.0,0.019692,500.0,0.019693,667.0
1753533188193,12:33:08.193,ANIME/USDT:USDT,0.019673,167.0,0.019672,667.0,0.019692,500.0,0.019693,572.0
1753533188227,12:33:08.227,ANIME/USDT:USDT,0.019673,167.0,0.019672,667.0,0.019692,500.0,0.019693,500.0
1753533188484,12:33:08.484,ANIME/USDT:USDT,0.019673,167.0,0.019672,667.0,0.019695,72.0,0.019696,500.0
1753533188591,12:33:08.591,ANIME/USDT:USDT,0.019673,167.0,0.019672,677.0,0.019696,500.0,0.019697,1420.0
1753533189012,12:33:09.012,ANIME/USDT:USDT,0.019673,167.0,0.019672,677.0,0.019696,500.0,0.019697,1420.0
1753533189430,12:33:09.430,ANIME/USDT:USDT,0.019673,167.0,0.019672,677.0,0.019696,500.0,0.019697,1420.0
1753533189817,12:33:09.817,ANIME/USDT:USDT,0.019673,167.0,0.019672,677.0,0.019696,500.0,0.019697,1420.0
1753533190747,12:33:10.747,ANIME/USDT:USDT,0.019674,1410.0,0.019673,167.0,0.019696,500.0,0.019698,572.0
1753533190853,12:33:10.853,ANIME/USDT:USDT,0.019674,1410.0,0.019673,167.0,0.019698,572.0,0.019699,3261.0
1753533191057,12:33:11.057,ANIME/USDT:USDT,0.019674,1410.0,0.019673,167.0,0.019698,572.0,0.019699,3261.0
1753533191909,12:33:11.909,ANIME/USDT:USDT,0.019674,1410.0,0.019673,167.0,0.019698,572.0,0.019699,3261.0
1753533192202,12:33:12.202,ANIME/USDT:USDT,0.019674,1410.0,0.019673,167.0,0.019697,1910.0,0.019698,572.0
1753533192342,12:33:12.342,ANIME/USDT:USDT,0.019673,167.0,0.019672,677.0,0.019696,1910.0,0.019697,1910.0
1753533192480,12:33:12.480,ANIME/USDT:USDT,0.019673,167.0,0.019672,677.0,0.019696,1982.0,0.019697,500.0
1753533192532,12:33:12.532,ANIME/USDT:USDT,0.019673,167.0,0.019672,677.0,0.019696,1910.0,0.019697,572.0
1753533192746,12:33:12.746,ANIME/USDT:USDT,0.019673,167.0,0.019672,677.0,0.019696,1910.0,0.019697,572.0
1753533193417,12:33:13.417,ANIME/USDT:USDT,0.019673,167.0,0.019672,677.0,0.019696,1910.0,0.019697,72.0
1753533193426,12:33:13.426,ANIME/USDT:USDT,0.019673,167.0,0.019672,677.0,0.019696,1910.0,0.019698,572.0
1753533193565,12:33:13.565,ANIME/USDT:USDT,0.019673,167.0,0.019672,677.0,0.019696,1910.0,0.019698,572.0
1753533193858,12:33:13.858,ANIME/USDT:USDT,0.019673,167.0,0.019672,677.0,0.019695,500.0,0.019696,1410.0
1753533193982,12:33:13.982,ANIME/USDT:USDT,0.019673,167.0,0.019672,677.0,0.019695,500.0,0.019696,1410.0
1753533194034,12:33:14.034,ANIME/USDT:USDT,0.019673,167.0,0.019672,677.0,0.019695,500.0,0.019696,1410.0
1753533194617,12:33:14.617,ANIME/USDT:USDT,0.019673,167.0,0.019672,677.0,0.019695,500.0,0.019696,1410.0
1753533194622,12:33:14.622,ANIME/USDT:USDT,0.019673,167.0,0.019672,677.0,0.019695,500.0,0.019696,1410.0
1753533194799,12:33:14.799,ANIME/USDT:USDT,0.019673,167.0,0.019672,677.0,0.019695,500.0,0.019696,1410.0
1753533196892,12:33:16.892,ANIME/USDT:USDT,0.019673,167.0,0.019672,677.0,0.019695,500.0,0.019696,1410.0
1753533196963,12:33:16.963,ANIME/USDT:USDT,0.019673,167.0,0.019672,677.0,0.019695,500.0,0.019696,1410.0
1753533197383,12:33:17.383,ANIME/USDT:USDT,0.019673,167.0,0.019672,677.0,0.019695,500.0,0.019696,1410.0
1753533197819,12:33:17.819,ANIME/USDT:USDT,0.019673,167.0,0.019672,677.0,0.019695,500.0,0.019696,1410.0
1753533199066,12:33:19.066,ANIME/USDT:USDT,0.019673,218.0,0.019672,677.0,0.019695,500.0,0.019696,1410.0
1753533199417,12:33:19.417,ANIME/USDT:USDT,0.019673,218.0,0.019672,677.0,0.019695,500.0,0.019696,1410.0
1753533199849,12:33:19.849,ANIME/USDT:USDT,0.019673,218.0,0.019672,677.0,0.019695,500.0,0.019696,1410.0
1753533199996,12:33:19.996,ANIME/USDT:USDT,0.019673,218.0,0.019672,677.0,0.019695,500.0,0.019696,1410.0
1753533201668,12:33:21.668,ANIME/USDT:USDT,0.019673,167.0,0.019672,677.0,0.019695,500.0,0.019696,1410.0
1753533201965,12:33:21.965,ANIME/USDT:USDT,0.019673,167.0,0.019672,677.0,0.019695,500.0,0.019696,1410.0
1753533202919,12:33:22.919,ANIME/USDT:USDT,0.019672,10.0,0.019656,2221.0,0.019685,500.0,0.019686,6369.0
1753533203003,12:33:23.003,ANIME/USDT:USDT,0.019656,10.0,0.019655,1367.0,0.019682,1379.0,0.019683,1601.0
1753533203113,12:33:23.113,ANIME/USDT:USDT,0.019655,1367.0,0.019651,10.0,0.019681,1379.0,0.019682,72.0
1753533203209,12:33:23.209,ANIME/USDT:USDT,0.019655,1534.0,0.019651,10.0,0.019674,6202.0,0.019681,1379.0
1753533203311,12:33:23.311,ANIME/USDT:USDT,0.019655,1534.0,0.019654,167.0,0.019673,72.0,0.019674,6202.0
1753533203401,12:33:23.401,ANIME/USDT:USDT,0.019655,1534.0,0.019654,167.0,0.019673,72.0,0.019674,167.0
1753533203515,12:33:23.515,ANIME/USDT:USDT,0.019655,1534.0,0.019654,167.0,0.019674,167.0,0.019681,1379.0
1753533203547,12:33:23.547,ANIME/USDT:USDT,0.019655,1534.0,0.019654,167.0,0.019674,167.0,0.019681,1379.0
1753533203724,12:33:23.724,ANIME/USDT:USDT,0.019655,1534.0,0.019654,167.0,0.019674,167.0,0.019681,1379.0
1753533203938,12:33:23.938,ANIME/USDT:USDT,0.019655,1534.0,0.019654,167.0,0.019674,167.0,0.019681,1379.0
1753533204022,12:33:24.022,ANIME/USDT:USDT,0.019655,1534.0,0.019654,167.0,0.019674,167.0,0.019681,1379.0
1753533204157,12:33:24.157,ANIME/USDT:USDT,0.019655,1534.0,0.019654,167.0,0.019674,167.0,0.019681,1379.0
1753533204307,12:33:24.307,ANIME/USDT:USDT,0.019655,1534.0,0.019654,167.0,0.019674,167.0,0.01968,500.0
1753533205817,12:33:25.817,ANIME/USDT:USDT,0.019655,1534.0,0.019654,167.0,0.019674,167.0,0.01968,500.0
1753533205896,12:33:25.896,ANIME/USDT:USDT,0.019655,1534.0,0.019654,167.0,0.019674,167.0,0.01968,500.0
1753533206004,12:33:26.004,ANIME/USDT:USDT,0.019655,1534.0,0.019654,167.0,0.019674,167.0,0.01968,500.0
1753533206076,12:33:26.076,ANIME/USDT:USDT,0.019656,1379.0,0.019655,167.0,0.019674,167.0,0.01968,500.0
1753533206205,12:33:26.205,ANIME/USDT:USDT,0.019656,1379.0,0.019655,167.0,0.019674,167.0,0.01968,500.0
1753533206284,12:33:26.284,ANIME/USDT:USDT,0.019656,1379.0,0.019655,167.0,0.019674,167.0,0.01968,500.0
1753533206326,12:33:26.326,ANIME/USDT:USDT,0.019656,1379.0,0.019655,167.0,0.019674,167.0,0.01968,500.0
1753533206446,12:33:26.446,ANIME/USDT:USDT,0.019656,1379.0,0.019655,167.0,0.019674,167.0,0.01968,500.0
1753533207003,12:33:27.003,ANIME/USDT:USDT,0.019656,1379.0,0.019655,167.0,0.019674,167.0,0.01968,500.0
1753533207021,12:33:27.021,ANIME/USDT:USDT,0.019656,1379.0,0.019655,167.0,0.019674,167.0,0.01968,500.0
1753533207159,12:33:27.159,ANIME/USDT:USDT,0.019656,1379.0,0.019655,167.0,0.019674,167.0,0.01968,500.0
1753533207435,12:33:27.435,ANIME/USDT:USDT,0.019656,1379.0,0.019655,167.0,0.019674,167.0,0.01968,500.0
1753533208162,12:33:28.162,ANIME/USDT:USDT,0.019656,1379.0,0.019655,167.0,0.019674,167.0,0.01968,500.0
1753533208222,12:33:28.222,ANIME/USDT:USDT,0.019656,1379.0,0.019655,167.0,0.019674,167.0,0.01968,500.0
1753533208855,12:33:28.855,ANIME/USDT:USDT,0.019656,1379.0,0.019655,167.0,0.019674,167.0,0.01968,500.0
1753533210217,12:33:30.217,ANIME/USDT:USDT,0.019656,1379.0,0.019655,167.0,0.019674,167.0,0.01968,500.0
1753533210618,12:33:30.618,ANIME/USDT:USDT,0.019656,1379.0,0.019655,167.0,0.019674,167.0,0.01968,500.0
1753533210714,12:33:30.714,ANIME/USDT:USDT,0.019656,1379.0,0.019655,167.0,0.019674,167.0,0.01968,500.0
1753533210747,12:33:30.747,ANIME/USDT:USDT,0.019656,1379.0,0.019655,167.0,0.019674,167.0,0.01968,500.0
1753533211216,12:33:31.216,ANIME/USDT:USDT,0.019656,1379.0,0.019655,167.0,0.019674,167.0,0.01968,500.0
1753533211879,12:33:31.879,ANIME/USDT:USDT,0.019656,1379.0,0.019655,167.0,0.019674,167.0,0.01968,500.0
1753533212078,12:33:32.078,ANIME/USDT:USDT,0.019656,1379.0,0.019655,167.0,0.019674,167.0,0.01968,500.0
1753533215418,12:33:35.418,ANIME/USDT:USDT,0.019656,1379.0,0.019655,167.0,0.019674,167.0,0.01968,500.0
1753533215422,12:33:35.422,ANIME/USDT:USDT,0.019656,1379.0,0.019655,167.0,0.019674,167.0,0.01968,500.0
1753533217261,12:33:37.261,ANIME/USDT:USDT,0.019656,1379.0,0.019655,167.0,0.019674,167.0,0.01968,500.0
1753533218640,12:33:38.640,ANIME/USDT:USDT,0.019656,1379.0,0.019655,167.0,0.019674,334.0,0.01968,500.0
1753533220219,12:33:40.219,ANIME/USDT:USDT,0.019656,1379.0,0.019655,167.0,0.019674,334.0,0.01968,500.0
1753533220911,12:33:40.911,ANIME/USDT:USDT,0.019656,1379.0,0.019655,167.0,0.019674,334.0,0.01968,500.0
1753533220927,12:33:40.927,ANIME/USDT:USDT,0.019656,1379.0,0.019655,167.0,0.019674,334.0,0.01968,572.0
1753533221105,12:33:41.105,ANIME/USDT:USDT,0.019656,1379.0,0.019655,167.0,0.019674,334.0,0.01968,572.0
1753533221126,12:33:41.126,ANIME/USDT:USDT,0.019656,1379.0,0.019655,167.0,0.019674,334.0,0.01968,500.0
1753533221571,12:33:41.571,ANIME/USDT:USDT,0.019656,1379.0,0.019655,167.0,0.019674,334.0,0.01968,500.0
1753533223019,12:33:43.019,ANIME/USDT:USDT,0.019656,1379.0,0.019655,167.0,0.019674,334.0,0.01968,500.0
1753533223067,12:33:43.067,ANIME/USDT:USDT,0.019656,1429.0,0.019655,167.0,0.019674,334.0,0.01968,500.0
1753533224663,12:33:44.663,ANIME/USDT:USDT,0.019656,1429.0,0.019655,167.0,0.019674,167.0,0.01968,500.0
1753533224914,12:33:44.914,ANIME/USDT:USDT,0.019656,1379.0,0.019655,167.0,0.019674,167.0,0.01968,500.0
1753533225018,12:33:45.018,ANIME/USDT:USDT,0.019656,1379.0,0.019655,167.0,0.019674,167.0,0.01968,500.0
1753533226850,12:33:46.850,ANIME/USDT:USDT,0.019656,1379.0,0.019655,167.0,0.019674,167.0,0.01968,500.0
1753533226959,12:33:46.959,ANIME/USDT:USDT,0.019656,1379.0,0.019655,167.0,0.019674,167.0,0.01968,572.0
1753533227038,12:33:47.038,ANIME/USDT:USDT,0.019656,1379.0,0.019655,167.0,0.019674,167.0,0.01968,572.0
1753533227147,12:33:47.147,ANIME/USDT:USDT,0.019656,1379.0,0.019655,167.0,0.019674,167.0,0.01968,500.0
1753533227274,12:33:47.274,ANIME/USDT:USDT,0.019656,1379.0,0.019655,167.0,0.019674,167.0,0.01968,500.0
1753533229816,12:33:49.816,ANIME/USDT:USDT,0.019656,1379.0,0.019655,167.0,0.019674,167.0,0.01968,500.0
1753533229861,12:33:49.861,ANIME/USDT:USDT,0.019656,1379.0,0.019655,167.0,0.01968,500.0,0.019681,1379.0
1753533229980,12:33:49.980,ANIME/USDT:USDT,0.019656,1379.0,0.019655,167.0,0.01968,500.0,0.019681,1379.0
1753533230643,12:33:50.643,ANIME/USDT:USDT,0.019656,1379.0,0.019655,167.0,0.01968,500.0,0.019681,1379.0
1753533230806,12:33:50.806,ANIME/USDT:USDT,0.019656,1379.0,0.019655,167.0,0.01968,500.0,0.019681,1379.0
1753533232254,12:33:52.254,ANIME/USDT:USDT,0.019657,1421.0,0.019656,57.0,0.01968,500.0,0.019681,1379.0
1753533232431,12:33:52.431,ANIME/USDT:USDT,0.019657,1421.0,0.019656,57.0,0.01968,500.0,0.019681,1379.0
1753533232876,12:33:52.876,ANIME/USDT:USDT,0.019657,1421.0,0.019656,57.0,0.01968,500.0,0.019681,1379.0
1753533232982,12:33:52.982,ANIME/USDT:USDT,0.019657,1421.0,0.019656,57.0,0.01968,500.0,0.019681,1379.0
1753533234618,12:33:54.618,ANIME/USDT:USDT,0.019657,1421.0,0.019656,57.0,0.01968,500.0,0.019681,1379.0
1753533234623,12:33:54.623,ANIME/USDT:USDT,0.019657,1421.0,0.019656,57.0,0.01968,500.0,0.019681,1379.0
1753533234875,12:33:54.875,ANIME/USDT:USDT,0.019657,1421.0,0.019656,57.0,0.01968,500.0,0.019681,1379.0
1753533235264,12:33:55.264,ANIME/USDT:USDT,0.019657,1421.0,0.019655,167.0,0.01968,500.0,0.019681,1379.0
1753533235851,12:33:55.851,ANIME/USDT:USDT,0.019657,1479.0,0.019655,167.0,0.01968,500.0,0.019681,1379.0
1753533237313,12:33:57.313,ANIME/USDT:USDT,0.019657,1479.0,0.019655,167.0,0.01968,1921.0,0.019682,500.0
1753533237915,12:33:57.915,ANIME/USDT:USDT,0.019657,1479.0,0.019655,167.0,0.01968,1421.0,0.019682,500.0
1753533237927,12:33:57.927,ANIME/USDT:USDT,0.019657,1479.0,0.019655,167.0,0.01968,1921.0,0.019682,500.0
1753533238881,12:33:58.881,ANIME/USDT:USDT,0.019657,1479.0,0.019655,167.0,0.019679,500.0,0.01968,1421.0
1753533238933,12:33:58.933,ANIME/USDT:USDT,0.019657,1479.0,0.019655,167.0,0.019679,500.0,0.01968,1421.0
1753533239418,12:33:59.418,ANIME/USDT:USDT,0.019657,1479.0,0.019655,167.0,0.019679,500.0,0.01968,1421.0
1753533239749,12:33:59.749,ANIME/USDT:USDT,0.019657,1479.0,0.019655,167.0,0.019679,500.0,0.01968,1421.0
1753533240512,12:34:00.512,ANIME/USDT:USDT,0.019658,1366.0,0.019655,167.0,0.019679,500.0,0.019682,500.0
1753533240602,12:34:00.602,ANIME/USDT:USDT,0.019658,1366.0,0.019655,167.0,0.019679,500.0,0.019682,500.0
1753533240622,12:34:00.622,ANIME/USDT:USDT,0.019658,1366.0,0.019655,167.0,0.019679,500.0,0.019682,500.0
1753533240893,12:34:00.893,ANIME/USDT:USDT,0.019658,1366.0,0.019655,167.0,0.019682,500.0,0.019683,572.0
1753533240983,12:34:00.983,ANIME/USDT:USDT,0.019658,1366.0,0.019655,167.0,0.019682,500.0,0.019683,572.0
1753533241820,12:34:01.820,ANIME/USDT:USDT,0.019658,1366.0,0.019655,167.0,0.019681,1366.0,0.019682,1866.0
1753533241871,12:34:01.871,ANIME/USDT:USDT,0.019653,1434.0,0.01965,1374.0,0.019672,500.0,0.019673,6369.0
1753533242019,12:34:02.019,ANIME/USDT:USDT,0.019653,1758.0,0.019651,10.0,0.019672,572.0,0.019673,334.0
1753533242050,12:34:02.050,ANIME/USDT:USDT,0.019654,1366.0,0.019653,392.0,0.019672,500.0,0.019673,167.0
1753533242129,12:34:02.129,ANIME/USDT:USDT,0.019654,1366.0,0.019653,344.0,0.019672,500.0,0.019673,167.0
1753533242237,12:34:02.237,ANIME/USDT:USDT,0.019654,1366.0,0.019653,344.0,0.019672,500.0,0.019673,167.0
1753533242870,12:34:02.870,ANIME/USDT:USDT,0.019654,1366.0,0.019653,344.0,0.019672,500.0,0.019673,167.0
1753533242935,12:34:02.935,ANIME/USDT:USDT,0.019654,1366.0,0.019653,344.0,0.019672,500.0,0.019673,167.0
1753533243086,12:34:03.086,ANIME/USDT:USDT,0.019654,1366.0,0.019653,344.0,0.019672,500.0,0.019673,167.0
1753533243849,12:34:03.849,ANIME/USDT:USDT,0.019654,1366.0,0.019653,344.0,0.019672,500.0,0.019673,167.0
1753533244219,12:34:04.219,ANIME/USDT:USDT,0.019654,1366.0,0.019653,344.0,0.019672,500.0,0.019678,500.0
1753533244846,12:34:04.846,ANIME/USDT:USDT,0.019654,1366.0,0.019653,344.0,0.019678,500.0,0.019679,1366.0
1753533244942,12:34:04.942,ANIME/USDT:USDT,0.019654,1366.0,0.019653,344.0,0.019678,500.0,0.019679,1366.0
1753533245157,12:34:05.157,ANIME/USDT:USDT,0.019654,1366.0,0.019653,344.0,0.019678,500.0,0.019679,1366.0
1753533245979,12:34:05.979,ANIME/USDT:USDT,0.019654,1366.0,0.019653,344.0,0.019678,500.0,0.019679,1366.0
1753533246402,12:34:06.402,ANIME/USDT:USDT,0.019654,1366.0,0.019653,344.0,0.019678,500.0,0.019679,1366.0
1753533247062,12:34:07.062,ANIME/USDT:USDT,0.019654,1366.0,0.019653,344.0,0.019678,500.0,0.019679,1366.0
1753533247201,12:34:07.201,ANIME/USDT:USDT,0.019651,10.0,0.01965,1374.0,0.019673,1866.0,0.019674,6035.0
1753533247308,12:34:07.308,ANIME/USDT:USDT,0.019652,6035.0,0.01965,1374.0,0.019673,572.0,0.019677,1366.0
1753533247327,12:34:07.327,ANIME/USDT:USDT,0.019653,1821.0,0.019652,6035.0,0.019673,500.0,0.019677,1366.0
1753533247567,12:34:07.567,ANIME/USDT:USDT,0.019653,1821.0,0.019652,6035.0,0.019673,500.0,0.019677,1366.0
1753533247658,12:34:07.658,ANIME/USDT:USDT,0.019653,1821.0,0.019652,6035.0,0.019673,500.0,0.019677,1366.0
1753533247845,12:34:07.845,ANIME/USDT:USDT,0.019653,10.0,0.01965,1374.0,0.019673,500.0,0.019677,1366.0
1753533247926,12:34:07.926,ANIME/USDT:USDT,0.01965,1374.0,0.019648,10.0,0.019673,500.0,0.019677,1366.0
1753533248085,12:34:08.085,ANIME/USDT:USDT,0.01965,1374.0,0.019648,10.0,0.019673,500.0,0.019677,1366.0
1753533248430,12:34:08.430,ANIME/USDT:USDT,0.01965,1374.0,0.019648,10.0,0.019673,500.0,0.019677,1366.0
1753533248570,12:34:08.570,ANIME/USDT:USDT,0.01965,1374.0,0.019648,10.0,0.019673,500.0,0.019677,1366.0
1753533248681,12:34:08.681,ANIME/USDT:USDT,0.01965,1374.0,0.019648,10.0,0.019673,500.0,0.019677,1366.0
1753533248805,12:34:08.805,ANIME/USDT:USDT,0.01965,1874.0,0.019648,10.0,0.019673,500.0,0.019676,500.0
1753533248842,12:34:08.842,ANIME/USDT:USDT,0.019652,1366.0,0.019651,58.0,0.019673,500.0,0.019676,500.0
1753533249018,12:34:09.018,ANIME/USDT:USDT,0.01965,1374.0,0.019648,10.0,0.019673,500.0,0.019676,500.0
1753533249022,12:34:09.022,ANIME/USDT:USDT,0.01965,1374.0,0.019648,10.0,0.019673,500.0,0.019676,500.0
1753533249122,12:34:09.122,ANIME/USDT:USDT,0.01965,1374.0,0.019648,10.0,0.019673,500.0,0.019676,500.0
1753533249358,12:34:09.358,ANIME/USDT:USDT,0.019651,1434.0,0.019647,3837.0,0.019673,500.0,0.019676,500.0
1753533249434,12:34:09.434,ANIME/USDT:USDT,0.019651,1424.0,0.019648,10.0,0.019673,500.0,0.019676,500.0
1753533249790,12:34:09.790,ANIME/USDT:USDT,0.019652,1366.0,0.019651,58.0,0.019676,500.0,0.019677,1366.0
1753533249873,12:34:09.873,ANIME/USDT:USDT,0.019652,1366.0,0.019648,10.0,0.019676,500.0,0.019677,1366.0
1753533250883,12:34:10.883,ANIME/USDT:USDT,0.019652,1366.0,0.019648,10.0,0.019676,500.0,0.019677,1366.0
1753533250922,12:34:10.922,ANIME/USDT:USDT,0.019652,1366.0,0.019648,10.0,0.019676,500.0,0.019677,1366.0
1753533251214,12:34:11.214,ANIME/USDT:USDT,0.019652,1366.0,0.019648,10.0,0.019673,6035.0,0.019676,500.0
1753533251278,12:34:11.278,ANIME/USDT:USDT,0.019652,1533.0,0.019648,10.0,0.019672,572.0,0.019676,500.0
1753533251326,12:34:11.326,ANIME/USDT:USDT,0.019652,1533.0,0.019648,10.0,0.019672,500.0,0.019676,500.0
1753533251610,12:34:11.610,ANIME/USDT:USDT,0.019652,1533.0,0.019648,10.0,0.019672,500.0,0.019676,500.0
1753533252006,12:34:12.006,ANIME/USDT:USDT,0.019652,1533.0,0.019648,10.0,0.019672,500.0,0.019676,500.0
1753533252111,12:34:12.111,ANIME/USDT:USDT,0.019652,1533.0,0.019648,10.0,0.019672,667.0,0.019676,500.0
1753533252146,12:34:12.146,ANIME/USDT:USDT,0.019652,1533.0,0.019648,10.0,0.019672,667.0,0.019676,500.0
1753533252302,12:34:12.302,ANIME/USDT:USDT,0.019652,1533.0,0.019648,10.0,0.019672,667.0,0.019676,500.0
1753533252468,12:34:12.468,ANIME/USDT:USDT,0.019652,1533.0,0.019648,10.0,0.019672,667.0,0.019676,500.0
1753533252759,12:34:12.759,ANIME/USDT:USDT,0.019652,1533.0,0.019648,10.0,0.019672,667.0,0.019676,500.0
1753533253819,12:34:13.819,ANIME/USDT:USDT,0.019652,1533.0,0.019648,10.0,0.019672,667.0,0.019676,500.0
1753533254067,12:34:14.067,ANIME/USDT:USDT,0.019652,1533.0,0.019648,10.0,0.019672,667.0,0.019676,500.0
1753533254726,12:34:14.726,ANIME/USDT:USDT,0.019652,1533.0,0.019648,10.0,0.019672,167.0,0.019676,500.0
1753533254882,12:34:14.882,ANIME/USDT:USDT,0.019652,1533.0,0.019648,10.0,0.019672,167.0,0.019676,500.0
1753533255466,12:34:15.466,ANIME/USDT:USDT,0.019652,1533.0,0.019648,10.0,0.019672,167.0,0.019676,500.0
1753533256219,12:34:16.219,ANIME/USDT:USDT,0.019653,6035.0,0.019652,1533.0,0.019676,500.0,0.019677,1366.0
1753533256252,12:34:16.252,ANIME/USDT:USDT,0.019654,3225.0,0.019653,6035.0,0.019676,500.0,0.019677,1366.0
1753533256504,12:34:16.504,ANIME/USDT:USDT,0.019654,1414.0,0.019652,167.0,0.019676,500.0,0.019677,1366.0
1753533256530,12:34:16.530,ANIME/USDT:USDT,0.019654,1404.0,0.019652,167.0,0.019676,500.0,0.019677,1366.0
1753533256853,12:34:16.853,ANIME/USDT:USDT,0.019654,1404.0,0.019652,167.0,0.019676,500.0,0.019677,1366.0
1753533256949,12:34:16.949,ANIME/USDT:USDT,0.019654,1404.0,0.019652,167.0,0.019676,500.0,0.019677,1366.0
1753533257431,12:34:17.431,ANIME/USDT:USDT,0.019654,1404.0,0.019652,167.0,0.019676,500.0,0.019677,1366.0
1753533257853,12:34:17.853,ANIME/USDT:USDT,0.019654,1404.0,0.019652,167.0,0.019676,500.0,0.019677,1366.0
1753533258617,12:34:18.617,ANIME/USDT:USDT,0.019654,1404.0,0.019652,167.0,0.019676,500.0,0.019677,1366.0
1753533258619,12:34:18.619,ANIME/USDT:USDT,0.019654,1404.0,0.019652,167.0,0.019676,500.0,0.019677,1366.0
1753533259007,12:34:19.007,ANIME/USDT:USDT,0.019654,1404.0,0.019652,167.0,0.019676,500.0,0.019677,1366.0
1753533260113,12:34:20.113,ANIME/USDT:USDT,0.019656,1811.0,0.019654,1404.0,0.019676,500.0,0.019678,572.0
1753533260136,12:34:20.136,ANIME/USDT:USDT,0.019655,10.0,0.019654,1404.0,0.019676,500.0,0.019678,500.0
1753533260280,12:34:20.280,ANIME/USDT:USDT,0.019654,1404.0,0.019652,167.0,0.019676,500.0,0.019678,500.0
1753533260702,12:34:20.702,ANIME/USDT:USDT,0.019655,1414.0,0.019652,167.0,0.019678,500.0,0.019679,72.0
1753533260728,12:34:20.728,ANIME/USDT:USDT,0.019655,1414.0,0.019652,167.0,0.019678,500.0,0.01968,500.0
1753533261101,12:34:21.101,ANIME/USDT:USDT,0.019655,1414.0,0.019652,167.0,0.019678,500.0,0.01968,500.0
1753533261648,12:34:21.648,ANIME/USDT:USDT,0.019655,1414.0,0.019652,167.0,0.01968,500.0,0.019681,1366.0
1753533261726,12:34:21.726,ANIME/USDT:USDT,0.019655,1414.0,0.019652,167.0,0.01968,500.0,0.019681,1366.0
1753533261921,12:34:21.921,ANIME/USDT:USDT,0.019655,1414.0,0.019652,167.0,0.01968,500.0,0.019681,1366.0
1753533262877,12:34:22.877,ANIME/USDT:USDT,0.019656,1414.0,0.019655,167.0,0.01968,500.0,0.019681,1366.0
1753533263145,12:34:23.145,ANIME/USDT:USDT,0.019656,1414.0,0.019655,167.0,0.01968,500.0,0.019681,1366.0
1753533263419,12:34:23.419,ANIME/USDT:USDT,0.019656,1414.0,0.019655,167.0,0.01968,500.0,0.019681,1366.0
1753533263422,12:34:23.422,ANIME/USDT:USDT,0.019656,1414.0,0.019655,167.0,0.01968,500.0,0.019681,1366.0
1753533263963,12:34:23.963,ANIME/USDT:USDT,0.019656,1414.0,0.019655,167.0,0.01968,500.0,0.019681,1366.0
1753533266502,12:34:26.502,ANIME/USDT:USDT,0.019656,1414.0,0.019655,167.0,0.01968,500.0,0.019681,1366.0
1753533266522,12:34:26.522,ANIME/USDT:USDT,0.019656,1414.0,0.019655,167.0,0.01968,500.0,0.019681,1366.0
1753533267031,12:34:27.031,ANIME/USDT:USDT,0.019656,1414.0,0.019655,167.0,0.01968,500.0,0.019681,1366.0
1753533267126,12:34:27.126,ANIME/USDT:USDT,0.019656,1414.0,0.019655,167.0,0.01968,500.0,0.019681,1366.0
1753533267608,12:34:27.608,ANIME/USDT:USDT,0.019656,1414.0,0.019655,167.0,0.019679,1414.0,0.01968,1914.0
1753533267645,12:34:27.645,ANIME/USDT:USDT,0.019655,167.0,0.019654,167.0,0.019678,1914.0,0.019679,572.0
1753533267756,12:34:27.756,ANIME/USDT:USDT,0.019655,167.0,0.019654,167.0,0.019678,1914.0,0.019679,572.0
1753533267998,12:34:27.998,ANIME/USDT:USDT,0.019655,167.0,0.019654,167.0,0.019678,1914.0,0.019679,572.0
1753533268219,12:34:28.219,ANIME/USDT:USDT,0.019655,167.0,0.019654,167.0,0.019678,1914.0,0.019679,572.0
1753533268570,12:34:28.570,ANIME/USDT:USDT,0.019655,167.0,0.019654,167.0,0.019678,1914.0,0.019679,572.0
1753533268806,12:34:28.806,ANIME/USDT:USDT,0.019655,167.0,0.019654,167.0,0.019677,1914.0,0.019678,500.0
1753533268865,12:34:28.865,ANIME/USDT:USDT,0.019655,167.0,0.019654,167.0,0.019676,500.0,0.019677,1414.0
1753533268964,12:34:28.964,ANIME/USDT:USDT,0.019655,167.0,0.019654,167.0,0.019676,1914.0,0.019678,500.0
1753533269299,12:34:29.299,ANIME/USDT:USDT,0.019655,167.0,0.019654,167.0,0.019674,6202.0,0.019676,1914.0
1753533269343,12:34:29.343,ANIME/USDT:USDT,0.019655,167.0,0.019654,167.0,0.019673,739.0,0.019674,6202.0
1753533269441,12:34:29.441,ANIME/USDT:USDT,0.019655,167.0,0.019654,167.0,0.019673,739.0,0.019674,6202.0
1753533269559,12:34:29.559,ANIME/USDT:USDT,0.019655,167.0,0.019654,167.0,0.019673,739.0,0.019674,6202.0
1753533269644,12:34:29.644,ANIME/USDT:USDT,0.019655,167.0,0.019654,167.0,0.019673,739.0,0.019674,6202.0
1753533270065,12:34:30.065,ANIME/USDT:USDT,0.019655,167.0,0.019654,167.0,0.019673,739.0,0.019674,6202.0
1753533270485,12:34:30.485,ANIME/USDT:USDT,0.019655,167.0,0.019654,167.0,0.019673,739.0,0.019676,1414.0
1753533270530,12:34:30.530,ANIME/USDT:USDT,0.019655,167.0,0.019654,167.0,0.019673,667.0,0.019676,1414.0
1753533271051,12:34:31.051,ANIME/USDT:USDT,0.019655,167.0,0.019654,167.0,0.019673,834.0,0.019676,1414.0
1753533273019,12:34:33.019,ANIME/USDT:USDT,0.019655,167.0,0.019654,167.0,0.019673,834.0,0.019676,1414.0
1753533273022,12:34:33.022,ANIME/USDT:USDT,0.019655,167.0,0.019654,167.0,0.019673,834.0,0.019676,1414.0
1753533273311,12:34:33.311,ANIME/USDT:USDT,0.019655,167.0,0.019654,167.0,0.019673,834.0,0.019676,1414.0
1753533277819,12:34:37.819,ANIME/USDT:USDT,0.019655,167.0,0.019654,167.0,0.019673,834.0,0.019676,1414.0
1753533280941,12:34:40.941,ANIME/USDT:USDT,0.019655,167.0,0.019654,167.0,0.019673,834.0,0.019676,1414.0
1753533282618,12:34:42.618,ANIME/USDT:USDT,0.019655,167.0,0.019654,167.0,0.019673,834.0,0.019676,1414.0
1753533282645,12:34:42.645,ANIME/USDT:USDT,0.019655,167.0,0.019654,167.0,0.019673,834.0,0.019676,1414.0
1753533284004,12:34:44.004,ANIME/USDT:USDT,0.019655,167.0,0.019654,167.0,0.019672,6035.0,0.019673,334.0
1753533284047,12:34:44.047,ANIME/USDT:USDT,0.019655,167.0,0.019654,167.0,0.019671,72.0,0.019673,334.0
1753533284203,12:34:44.203,ANIME/USDT:USDT,0.019655,167.0,0.019654,167.0,0.019673,334.0,0.019676,1414.0
1753533284622,12:34:44.622,ANIME/USDT:USDT,0.019655,167.0,0.019654,167.0,0.019673,334.0,0.019676,1414.0
1753533287418,12:34:47.418,ANIME/USDT:USDT,0.019655,167.0,0.019654,167.0,0.019673,334.0,0.019676,1414.0
1753533287455,12:34:47.455,ANIME/USDT:USDT,0.019655,167.0,0.019654,167.0,0.019673,334.0,0.019676,1414.0
1753533288768,12:34:48.768,ANIME/USDT:USDT,0.019655,167.0,0.019654,167.0,0.019673,167.0,0.019676,1414.0
1753533288981,12:34:48.981,ANIME/USDT:USDT,0.019656,1424.0,0.019655,167.0,0.019679,572.0,0.01968,1414.0
1753533289084,12:34:49.084,ANIME/USDT:USDT,0.019656,1424.0,0.019655,167.0,0.019679,572.0,0.01968,1414.0
1753533289479,12:34:49.479,ANIME/USDT:USDT,0.019656,1424.0,0.019655,167.0,0.019679,500.0,0.01968,1414.0
1753533289908,12:34:49.908,ANIME/USDT:USDT,0.019656,1424.0,0.019655,167.0,0.019679,500.0,0.01968,1414.0
1753533290350,12:34:50.350,ANIME/USDT:USDT,0.019656,1424.0,0.019655,167.0,0.019679,500.0,0.01968,1414.0
1753533291325,12:34:51.325,ANIME/USDT:USDT,0.019656,1424.0,0.019655,167.0,0.019679,500.0,0.01968,1414.0
1753533292220,12:34:52.220,ANIME/USDT:USDT,0.019656,1424.0,0.019655,167.0,0.019679,500.0,0.01968,1414.0
1753533295733,12:34:55.733,ANIME/USDT:USDT,0.019655,167.0,0.019654,167.0,0.019672,6202.0,0.019679,1894.0
1753533295918,12:34:55.918,ANIME/USDT:USDT,0.019655,167.0,0.019654,167.0,0.019671,72.0,0.019672,167.0
1753533295980,12:34:55.980,ANIME/USDT:USDT,0.019655,167.0,0.019654,167.0,0.019672,167.0,0.019679,1894.0
1753533296258,12:34:56.258,ANIME/USDT:USDT,0.019655,167.0,0.019654,167.0,0.019672,167.0,0.019679,1394.0
1753533296413,12:34:56.413,ANIME/USDT:USDT,0.019655,167.0,0.019654,167.0,0.019672,167.0,0.019679,1394.0
1753533296763,12:34:56.763,ANIME/USDT:USDT,0.019655,1561.0,0.019654,167.0,0.019672,167.0,0.019679,1394.0
1753533296833,12:34:56.833,ANIME/USDT:USDT,0.019655,1561.0,0.019654,167.0,0.019672,167.0,0.019679,1394.0
1753533297018,12:34:57.018,ANIME/USDT:USDT,0.019655,1561.0,0.019654,167.0,0.019672,167.0,0.019679,1394.0
1753533297042,12:34:57.042,ANIME/USDT:USDT,0.019655,1561.0,0.019654,167.0,0.019672,167.0,0.019679,1394.0
1753533297314,12:34:57.314,ANIME/USDT:USDT,0.019656,1394.0,0.019655,167.0,0.019679,1394.0,0.019683,572.0
1753533297399,12:34:57.399,ANIME/USDT:USDT,0.019656,1394.0,0.019655,167.0,0.019679,1394.0,0.019683,572.0
1753533297719,12:34:57.719,ANIME/USDT:USDT,0.019656,1394.0,0.019655,167.0,0.019679,1394.0,0.019683,572.0
1753533297722,12:34:57.722,ANIME/USDT:USDT,0.019656,1394.0,0.019655,167.0,0.019679,1394.0,0.019683,572.0
1753533297868,12:34:57.868,ANIME/USDT:USDT,0.019656,1394.0,0.019655,167.0,0.019679,1394.0,0.019683,572.0
1753533298171,12:34:58.171,ANIME/USDT:USDT,0.019656,1394.0,0.019655,167.0,0.019679,1394.0,0.019683,572.0
1753533298246,12:34:58.246,ANIME/USDT:USDT,0.019656,1394.0,0.019655,167.0,0.019679,1894.0,0.019683,572.0
1753533300582,12:35:00.582,ANIME/USDT:USDT,0.019655,167.0,0.019654,167.0,0.019674,6379.0,0.019679,1394.0
1753533300689,12:35:00.689,ANIME/USDT:USDT,0.019655,167.0,0.019654,167.0,0.019673,572.0,0.019674,6379.0
1753533301010,12:35:01.010,ANIME/USDT:USDT,0.019655,167.0,0.019654,167.0,0.019673,572.0,0.019674,6379.0
1753533301131,12:35:01.131,ANIME/USDT:USDT,0.019655,167.0,0.019654,167.0,0.019673,572.0,0.019674,6379.0
1753533301524,12:35:01.524,ANIME/USDT:USDT,0.019655,167.0,0.019654,167.0,0.019673,572.0,0.019674,6379.0
1753533301819,12:35:01.819,ANIME/USDT:USDT,0.019655,167.0,0.019654,167.0,0.019673,572.0,0.019674,6379.0
1753533301980,12:35:01.980,ANIME/USDT:USDT,0.019655,167.0,0.019654,167.0,0.019673,572.0,0.019674,6379.0
1753533303006,12:35:03.006,ANIME/USDT:USDT,0.019655,167.0,0.019654,167.0,0.019673,572.0,0.019674,6379.0
1753533303086,12:35:03.086,ANIME/USDT:USDT,0.019656,1405.0,0.019655,1572.0,0.019673,572.0,0.019674,172.0
1753533303180,12:35:03.180,ANIME/USDT:USDT,0.019656,1415.0,0.019655,1572.0,0.019673,500.0,0.019674,172.0
1753533303229,12:35:03.229,ANIME/USDT:USDT,0.019656,1415.0,0.019655,167.0,0.019673,500.0,0.019674,172.0
1753533303391,12:35:03.391,ANIME/USDT:USDT,0.019656,1405.0,0.019655,167.0,0.019673,500.0,0.019674,172.0
1753533303680,12:35:03.680,ANIME/USDT:USDT,0.019656,1405.0,0.019655,167.0,0.019673,500.0,0.019681,1405.0
1753533304179,12:35:04.179,ANIME/USDT:USDT,0.019656,1405.0,0.019655,167.0,0.019673,500.0,0.01968,500.0
1753533304242,12:35:04.242,ANIME/USDT:USDT,0.019656,1405.0,0.019655,167.0,0.019673,672.0,0.01968,500.0
1753533304326,12:35:04.326,ANIME/USDT:USDT,0.019656,1405.0,0.019655,167.0,0.019673,672.0,0.01968,572.0
1753533304458,12:35:04.458,ANIME/USDT:USDT,0.019656,1405.0,0.019655,167.0,0.019673,672.0,0.01968,572.0
1753533304800,12:35:04.800,ANIME/USDT:USDT,0.019656,1423.0,0.019655,167.0,0.019673,844.0,0.01968,572.0
1753533305042,12:35:05.042,ANIME/USDT:USDT,0.019656,1405.0,0.019655,167.0,0.019673,844.0,0.01968,572.0
1753533306618,12:35:06.618,ANIME/USDT:USDT,0.019656,1405.0,0.019655,167.0,0.019673,844.0,0.01968,572.0
1753533306621,12:35:06.621,ANIME/USDT:USDT,0.019656,1405.0,0.019655,167.0,0.019673,844.0,0.01968,572.0
1753533306837,12:35:06.837,ANIME/USDT:USDT,0.019656,1405.0,0.019655,167.0,0.019673,672.0,0.01968,572.0
1753533307636,12:35:07.636,ANIME/USDT:USDT,0.019656,1405.0,0.019655,167.0,0.019673,500.0,0.01968,572.0
1753533307726,12:35:07.726,ANIME/USDT:USDT,0.019656,1405.0,0.019655,167.0,0.019673,500.0,0.01968,500.0
1753533308104,12:35:08.104,ANIME/USDT:USDT,0.019656,1405.0,0.019655,167.0,0.019673,500.0,0.01968,500.0
1753533308124,12:35:08.124,ANIME/USDT:USDT,0.019656,1405.0,0.019655,167.0,0.01968,500.0,0.019681,1405.0
1753533308229,12:35:08.229,ANIME/USDT:USDT,0.019656,1405.0,0.019655,167.0,0.01968,500.0,0.019681,1405.0
1753533308516,12:35:08.516,ANIME/USDT:USDT,0.019656,1405.0,0.019655,167.0,0.01968,500.0,0.019681,1405.0
1753533308998,12:35:08.998,ANIME/USDT:USDT,0.019656,1405.0,0.019655,167.0,0.01968,500.0,0.019681,1405.0
1753533309362,12:35:09.362,ANIME/USDT:USDT,0.019656,1405.0,0.019655,167.0,0.01968,500.0,0.019681,1405.0
1753533309503,12:35:09.503,ANIME/USDT:USDT,0.019656,1405.0,0.019655,167.0,0.01968,1905.0,0.019683,572.0
1753533310181,12:35:10.181,ANIME/USDT:USDT,0.019656,1405.0,0.019655,167.0,0.019679,1905.0,0.01968,1905.0
1753533310227,12:35:10.227,ANIME/USDT:USDT,0.019656,1405.0,0.019655,167.0,0.019679,1977.0,0.01968,1905.0
1753533310331,12:35:10.331,ANIME/USDT:USDT,0.019656,1405.0,0.019655,167.0,0.019679,1977.0,0.01968,500.0
1753533310506,12:35:10.506,ANIME/USDT:USDT,0.019655,167.0,0.019654,167.0,0.019678,1900.0,0.01968,500.0
1753533310599,12:35:10.599,ANIME/USDT:USDT,0.019655,167.0,0.019654,167.0,0.019678,1900.0,0.01968,500.0
1753533311018,12:35:11.018,ANIME/USDT:USDT,0.019655,167.0,0.019654,167.0,0.019678,1900.0,0.01968,500.0
1753533311091,12:35:11.091,ANIME/USDT:USDT,0.019655,167.0,0.019654,167.0,0.019678,1900.0,0.019682,72.0
1753533311126,12:35:11.126,ANIME/USDT:USDT,0.019655,167.0,0.019654,167.0,0.019678,1900.0,0.019683,572.0
1753533311419,12:35:11.419,ANIME/USDT:USDT,0.019655,167.0,0.019654,167.0,0.019678,1900.0,0.019683,572.0
1753533311441,12:35:11.441,ANIME/USDT:USDT,0.019655,167.0,0.019654,167.0,0.019678,1900.0,0.019683,572.0
1753533311838,12:35:11.838,ANIME/USDT:USDT,0.019655,167.0,0.019654,167.0,0.019678,1900.0,0.019683,572.0
1753533312255,12:35:12.255,ANIME/USDT:USDT,0.019655,167.0,0.019654,167.0,0.019678,1900.0,0.019683,572.0
1753533312347,12:35:12.347,ANIME/USDT:USDT,0.019655,167.0,0.019654,167.0,0.019678,1900.0,0.019683,572.0
1753533312557,12:35:12.557,ANIME/USDT:USDT,0.019655,167.0,0.019654,167.0,0.019677,1900.0,0.019683,572.0
1753533312668,12:35:12.668,ANIME/USDT:USDT,0.019655,167.0,0.019654,167.0,0.019677,1900.0,0.019683,572.0
1753533315502,12:35:15.502,ANIME/USDT:USDT,0.019655,167.0,0.019654,167.0,0.019674,6035.0,0.019677,1400.0
1753533315543,12:35:15.543,ANIME/USDT:USDT,0.019655,167.0,0.019654,167.0,0.019673,244.0,0.019674,6035.0
1753533315826,12:35:15.826,ANIME/USDT:USDT,0.019655,167.0,0.019654,167.0,0.019673,244.0,0.019677,1400.0
1753533315939,12:35:15.939,ANIME/USDT:USDT,0.019655,167.0,0.019654,167.0,0.019673,172.0,0.019677,1400.0
1753533316219,12:35:16.219,ANIME/USDT:USDT,0.019655,167.0,0.019654,167.0,0.019673,172.0,0.019677,1400.0
1753533316220,12:35:16.220,ANIME/USDT:USDT,0.019655,167.0,0.019654,167.0,0.019673,172.0,0.019677,1400.0
1753533318257,12:35:18.257,ANIME/USDT:USDT,0.019655,167.0,0.019654,167.0,0.019673,172.0,0.019677,1400.0
1753533318372,12:35:18.372,ANIME/USDT:USDT,0.019655,167.0,0.019654,167.0,0.019673,172.0,0.019677,1400.0
1753533318603,12:35:18.603,ANIME/USDT:USDT,0.019655,167.0,0.019654,167.0,0.019673,172.0,0.019677,1400.0
1753533321020,12:35:21.020,ANIME/USDT:USDT,0.019655,167.0,0.019654,167.0,0.019673,172.0,0.019677,1400.0
1753533322016,12:35:22.016,ANIME/USDT:USDT,0.019655,167.0,0.019654,167.0,0.019677,1900.0,0.019683,572.0
1753533322518,12:35:22.518,ANIME/USDT:USDT,0.019675,1.0,0.019655,167.0,0.019677,1900.0,0.019683,572.0
1753533322619,12:35:22.619,ANIME/USDT:USDT,0.019655,167.0,0.019654,167.0,0.019677,2072.0,0.019678,344.0
1753533322628,12:35:22.628,ANIME/USDT:USDT,0.019655,167.0,0.019654,167.0,0.019677,2072.0,0.019678,416.0
1753533322900,12:35:22.900,ANIME/USDT:USDT,0.019655,167.0,0.019654,167.0,0.019677,2072.0,0.019678,416.0
1753533322975,12:35:22.975,ANIME/USDT:USDT,0.019655,167.0,0.019654,167.0,0.019677,2072.0,0.019678,416.0
1753533323147,12:35:23.147,ANIME/USDT:USDT,0.019655,167.0,0.019654,167.0,0.019677,2072.0,0.019678,416.0
1753533323362,12:35:23.362,ANIME/USDT:USDT,0.019655,167.0,0.019654,339.0,0.019674,6035.0,0.019677,2072.0
1753533323426,12:35:23.426,ANIME/USDT:USDT,0.019655,167.0,0.019654,339.0,0.019673,72.0,0.019674,6035.0
1753533323758,12:35:23.758,ANIME/USDT:USDT,0.019655,167.0,0.019654,339.0,0.019673,72.0,0.019674,6035.0
1753533323961,12:35:23.961,ANIME/USDT:USDT,0.019655,167.0,0.019654,339.0,0.019673,72.0,0.019674,6035.0
1753533324195,12:35:24.195,ANIME/USDT:USDT,0.019655,167.0,0.019654,339.0,0.019673,72.0,0.019674,6035.0
1753533325819,12:35:25.819,ANIME/USDT:USDT,0.019655,167.0,0.019654,339.0,0.019673,72.0,0.019674,6035.0
1753533325820,12:35:25.820,ANIME/USDT:USDT,0.019655,167.0,0.019654,339.0,0.019673,72.0,0.019674,6035.0
1753533326479,12:35:26.479,ANIME/USDT:USDT,0.019655,167.0,0.019654,339.0,0.019673,244.0,0.019674,6035.0
1753533327161,12:35:27.161,ANIME/USDT:USDT,0.019655,167.0,0.019654,339.0,0.019673,1629.0,0.019674,6035.0
1753533327390,12:35:27.390,ANIME/USDT:USDT,0.019655,167.0,0.019654,339.0,0.019673,1629.0,0.019674,6035.0
1753533327912,12:35:27.912,ANIME/USDT:USDT,0.019655,167.0,0.019654,339.0,0.019673,2129.0,0.019674,6035.0
1753533328243,12:35:28.243,ANIME/USDT:USDT,0.019655,167.0,0.019654,339.0,0.019673,2129.0,0.019674,6035.0
1753533328963,12:35:28.963,ANIME/USDT:USDT,0.019655,167.0,0.019654,339.0,0.019673,2129.0,0.019674,6035.0
1753533329607,12:35:29.607,ANIME/USDT:USDT,0.019655,167.0,0.019654,339.0,0.019673,2129.0,0.019674,6035.0
1753533329998,12:35:29.998,ANIME/USDT:USDT,0.019655,167.0,0.019654,339.0,0.019673,2129.0,0.019674,6035.0
1753533330081,12:35:30.081,ANIME/USDT:USDT,0.019655,167.0,0.019654,339.0,0.019673,2129.0,0.019674,6035.0
1753533330619,12:35:30.619,ANIME/USDT:USDT,0.019655,167.0,0.019654,339.0,0.019673,2129.0,0.019674,6035.0
1753533330621,12:35:30.621,ANIME/USDT:USDT,0.019655,167.0,0.019654,339.0,0.019673,2129.0,0.019674,6035.0
1753533330868,12:35:30.868,ANIME/USDT:USDT,0.019655,167.0,0.019654,339.0,0.019673,2129.0,0.019674,6035.0
1753533331092,12:35:31.092,ANIME/USDT:USDT,0.019655,167.0,0.019654,339.0,0.019673,2129.0,0.019674,6035.0
1753533332704,12:35:32.704,ANIME/USDT:USDT,0.019655,167.0,0.019654,339.0,0.019673,744.0,0.019675,1386.0
1753533332730,12:35:32.730,ANIME/USDT:USDT,0.019655,167.0,0.019654,339.0,0.019673,672.0,0.019675,1386.0
1753533332995,12:35:32.995,ANIME/USDT:USDT,0.019655,167.0,0.019654,339.0,0.019676,72.0,0.019677,1572.0
1753533333099,12:35:33.099,ANIME/USDT:USDT,0.019655,167.0,0.019654,339.0,0.019677,1572.0,0.019683,572.0
1753533333124,12:35:33.124,ANIME/USDT:USDT,0.019655,167.0,0.019654,339.0,0.019677,1572.0,0.019683,572.0
1753533333549,12:35:33.549,ANIME/USDT:USDT,0.019655,167.0,0.019654,339.0,0.019677,1572.0,0.019683,572.0
1753533333877,12:35:33.877,ANIME/USDT:USDT,0.019655,167.0,0.019654,339.0,0.019674,6207.0,0.019677,1572.0
1753533333968,12:35:33.968,ANIME/USDT:USDT,0.019655,167.0,0.019654,339.0,0.019673,72.0,0.019674,6207.0
1753533334388,12:35:34.388,ANIME/USDT:USDT,0.019655,167.0,0.019654,339.0,0.019673,72.0,0.019674,6207.0
1753533334512,12:35:34.512,ANIME/USDT:USDT,0.019655,1570.0,0.019654,339.0,0.019673,72.0,0.019674,6207.0
1753533334526,12:35:34.526,ANIME/USDT:USDT,0.019655,1570.0,0.019654,349.0,0.019673,72.0,0.019674,6207.0
1753533335205,12:35:35.205,ANIME/USDT:USDT,0.019655,1570.0,0.019654,349.0,0.019673,72.0,0.019674,6207.0
1753533335419,12:35:35.419,ANIME/USDT:USDT,0.019655,1619.0,0.019654,349.0,0.019673,72.0,0.019674,6035.0
1753533335502,12:35:35.502,ANIME/USDT:USDT,0.019655,1570.0,0.019654,349.0,0.019673,72.0,0.019674,6035.0
1753533335633,12:35:35.633,ANIME/USDT:USDT,0.019655,1570.0,0.019654,349.0,0.019673,72.0,0.019674,6035.0
1753533335998,12:35:35.998,ANIME/USDT:USDT,0.019655,1570.0,0.019654,349.0,0.019673,72.0,0.019674,6035.0
1753533336167,12:35:36.167,ANIME/USDT:USDT,0.019655,1570.0,0.019654,349.0,0.019673,72.0,0.019677,1572.0
1753533336226,12:35:36.226,ANIME/USDT:USDT,0.019655,1570.0,0.019654,349.0,0.019677,1572.0,0.019683,572.0
1753533336460,12:35:36.460,ANIME/USDT:USDT,0.019655,1570.0,0.019654,349.0,0.019677,1572.0,0.019683,572.0
1753533336818,12:35:36.818,ANIME/USDT:USDT,0.019655,1570.0,0.019654,349.0,0.019677,2072.0,0.019683,572.0
1753533337282,12:35:37.282,ANIME/USDT:USDT,0.019655,1570.0,0.019654,349.0,0.019677,2072.0,0.019683,572.0
1753533338311,12:35:38.311,ANIME/USDT:USDT,0.019656,1403.0,0.019655,167.0,0.019677,672.0,0.019683,572.0
1753533338532,12:35:38.532,ANIME/USDT:USDT,0.019656,1403.0,0.019655,167.0,0.019677,672.0,0.019681,1403.0
1753533338790,12:35:38.790,ANIME/USDT:USDT,0.019656,1403.0,0.019655,167.0,0.019677,672.0,0.01968,500.0
1753533338828,12:35:38.828,ANIME/USDT:USDT,0.019656,1403.0,0.019655,167.0,0.019677,672.0,0.01968,572.0
1753533339317,12:35:39.317,ANIME/USDT:USDT,0.019656,1403.0,0.019655,167.0,0.019677,672.0,0.01968,572.0
1753533339323,12:35:39.323,ANIME/USDT:USDT,0.019656,1403.0,0.019655,167.0,0.019677,672.0,0.01968,572.0
1753533340219,12:35:40.219,ANIME/USDT:USDT,0.019656,1403.0,0.019655,167.0,0.019677,672.0,0.01968,572.0
1753533340234,12:35:40.234,ANIME/USDT:USDT,0.019656,1403.0,0.019655,167.0,0.019677,672.0,0.01968,572.0
1753533343546,12:35:43.546,ANIME/USDT:USDT,0.019656,1403.0,0.019655,167.0,0.019674,6207.0,0.019677,172.0
1753533343625,12:35:43.625,ANIME/USDT:USDT,0.019656,1403.0,0.019655,167.0,0.019673,72.0,0.019674,6207.0
1753533343753,12:35:43.753,ANIME/USDT:USDT,0.019656,1403.0,0.019655,167.0,0.019673,72.0,0.019674,6207.0
1753533343861,12:35:43.861,ANIME/USDT:USDT,0.019656,1403.0,0.019655,167.0,0.019673,72.0,0.019674,6207.0
1753533344173,12:35:44.173,ANIME/USDT:USDT,0.019656,1403.0,0.019655,167.0,0.019673,72.0,0.019674,6207.0
1753533344662,12:35:44.662,ANIME/USDT:USDT,0.019656,1403.0,0.019655,167.0,0.019673,72.0,0.019674,6207.0
1753533344721,12:35:44.721,ANIME/USDT:USDT,0.019656,1403.0,0.019655,167.0,0.019673,72.0,0.019674,6207.0
1753533345019,12:35:45.019,ANIME/USDT:USDT,0.019656,1403.0,0.019655,167.0,0.019673,72.0,0.019674,6207.0
1753533345021,12:35:45.021,ANIME/USDT:USDT,0.019656,1403.0,0.019655,167.0,0.019673,72.0,0.019674,6207.0
1753533345813,12:35:45.813,ANIME/USDT:USDT,0.019656,1461.0,0.019655,167.0,0.019673,72.0,0.019674,6207.0
1753533345825,12:35:45.825,ANIME/USDT:USDT,0.019656,1461.0,0.019655,167.0,0.019673,72.0,0.019674,6207.0
1753533345992,12:35:45.992,ANIME/USDT:USDT,0.019656,1461.0,0.019655,167.0,0.019673,72.0,0.019674,6207.0
1753533346219,12:35:46.219,ANIME/USDT:USDT,0.019656,1403.0,0.019655,167.0,0.019673,72.0,0.019674,6207.0
1753533346241,12:35:46.241,ANIME/USDT:USDT,0.019656,1403.0,0.019655,167.0,0.019673,72.0,0.019674,6207.0
1753533346541,12:35:46.541,ANIME/USDT:USDT,0.019656,1403.0,0.019655,167.0,0.019673,72.0,0.019674,6207.0
1753533346841,12:35:46.841,ANIME/USDT:USDT,0.019656,1403.0,0.019655,167.0,0.019673,72.0,0.019674,6207.0
1753533346942,12:35:46.942,ANIME/USDT:USDT,0.019656,1403.0,0.019655,167.0,0.019673,72.0,0.019674,6207.0
1753533347070,12:35:47.070,ANIME/USDT:USDT,0.019656,1403.0,0.019655,167.0,0.019673,72.0,0.019674,172.0
1753533347141,12:35:47.141,ANIME/USDT:USDT,0.019655,167.0,0.019654,349.0,0.019674,172.0,0.019677,172.0
1753533347228,12:35:47.228,ANIME/USDT:USDT,0.019655,167.0,0.019654,339.0,0.019674,172.0,0.019677,172.0
1753533347990,12:35:47.990,ANIME/USDT:USDT,0.019655,167.0,0.019654,339.0,0.019674,172.0,0.019677,172.0
1753533348311,12:35:48.311,ANIME/USDT:USDT,0.019655,167.0,0.019654,339.0,0.019674,172.0,0.019677,172.0
1753533349133,12:35:49.133,ANIME/USDT:USDT,0.019655,167.0,0.019654,339.0,0.019674,172.0,0.019677,172.0
1753533349363,12:35:49.363,ANIME/USDT:USDT,0.019655,167.0,0.019654,339.0,0.019674,172.0,0.019677,172.0
1753533349820,12:35:49.820,ANIME/USDT:USDT,0.019655,167.0,0.019654,339.0,0.019674,172.0,0.019677,172.0
1753533349822,12:35:49.822,ANIME/USDT:USDT,0.019655,167.0,0.019654,339.0,0.019674,172.0,0.019677,172.0
1753533350606,12:35:50.606,ANIME/USDT:USDT,0.019656,1380.0,0.019655,167.0,0.019677,172.0,0.01968,500.0
1753533350676,12:35:50.676,ANIME/USDT:USDT,0.019656,1380.0,0.019655,167.0,0.019677,172.0,0.01968,500.0
1753533350774,12:35:50.774,ANIME/USDT:USDT,0.019656,1380.0,0.019655,167.0,0.019677,172.0,0.01968,500.0
1753533350824,12:35:50.824,ANIME/USDT:USDT,0.019656,1380.0,0.019655,167.0,0.019677,172.0,0.01968,500.0
1753533351228,12:35:51.228,ANIME/USDT:USDT,0.019656,1380.0,0.019655,167.0,0.019677,172.0,0.01968,500.0
1753533351583,12:35:51.583,ANIME/USDT:USDT,0.019656,1380.0,0.019655,167.0,0.019674,6035.0,0.019677,172.0
1753533351702,12:35:51.702,ANIME/USDT:USDT,0.019656,1380.0,0.019655,167.0,0.019673,72.0,0.019674,6035.0
1753533351779,12:35:51.779,ANIME/USDT:USDT,0.019656,1380.0,0.019655,167.0,0.019673,72.0,0.019674,6035.0
1753533352108,12:35:52.108,ANIME/USDT:USDT,0.019656,1380.0,0.019655,167.0,0.019673,72.0,0.019674,6035.0
1753533353122,12:35:53.122,ANIME/USDT:USDT,0.019656,1380.0,0.019655,167.0,0.019673,72.0,0.019677,172.0
1753533353245,12:35:53.245,ANIME/USDT:USDT,0.019656,1380.0,0.019655,167.0,0.019677,172.0,0.01968,500.0
1753533353349,12:35:53.349,ANIME/USDT:USDT,0.019656,1380.0,0.019655,167.0,0.019677,172.0,0.01968,500.0
1753533354177,12:35:54.177,ANIME/USDT:USDT,0.019656,1380.0,0.019655,167.0,0.019677,172.0,0.01968,500.0
1753533354620,12:35:54.620,ANIME/USDT:USDT,0.019656,1380.0,0.019655,167.0,0.019677,172.0,0.01968,500.0
1753533354652,12:35:54.652,ANIME/USDT:USDT,0.019656,1380.0,0.019655,167.0,0.019677,172.0,0.01968,500.0
1753533356346,12:35:56.346,ANIME/USDT:USDT,0.019656,1380.0,0.019655,167.0,0.019677,172.0,0.01968,500.0
1753533359427,12:35:59.427,ANIME/USDT:USDT,0.019656,1380.0,0.019655,167.0,0.019677,172.0,0.01968,500.0
1753533362716,12:36:02.716,ANIME/USDT:USDT,0.019657,1126.0,0.019656,1380.0,0.01968,500.0,0.019682,72.0
1753533362801,12:36:02.801,ANIME/USDT:USDT,0.019663,1589.0,0.019662,172.0,0.01968,500.0,0.019683,572.0
1753533362879,12:36:02.879,ANIME/USDT:USDT,0.019663,1589.0,0.019662,172.0,0.01968,500.0,0.019683,500.0
1753533363006,12:36:03.006,ANIME/USDT:USDT,0.019663,1589.0,0.019662,172.0,0.01968,500.0,0.019683,500.0
1753533363116,12:36:03.116,ANIME/USDT:USDT,0.019663,1589.0,0.019662,172.0,0.01968,500.0,0.019683,500.0
1753533363514,12:36:03.514,ANIME/USDT:USDT,0.019663,1589.0,0.019662,172.0,0.019684,500.0,0.019685,572.0
1753533363751,12:36:03.751,ANIME/USDT:USDT,0.019663,1589.0,0.019662,172.0,0.019684,500.0,0.019685,572.0
1753533363962,12:36:03.962,ANIME/USDT:USDT,0.019663,1589.0,0.019662,172.0,0.019684,500.0,0.019685,572.0
1753533364222,12:36:04.222,ANIME/USDT:USDT,0.019663,1589.0,0.019662,172.0,0.019684,500.0,0.019685,572.0
1753533364375,12:36:04.375,ANIME/USDT:USDT,0.019663,1589.0,0.019662,172.0,0.019684,500.0,0.019685,572.0
1753533364503,12:36:04.503,ANIME/USDT:USDT,0.019663,1589.0,0.019662,172.0,0.019684,500.0,0.019685,572.0
1753533364523,12:36:04.523,ANIME/USDT:USDT,0.019663,1589.0,0.019662,172.0,0.019684,500.0,0.019685,572.0
1753533365007,12:36:05.007,ANIME/USDT:USDT,0.019663,1589.0,0.019662,172.0,0.019684,500.0,0.019685,572.0
1753533365058,12:36:05.058,ANIME/USDT:USDT,0.019663,1589.0,0.019662,172.0,0.019684,500.0,0.019685,572.0
1753533365200,12:36:05.200,ANIME/USDT:USDT,0.019663,1589.0,0.019662,172.0,0.019684,500.0,0.019685,572.0
1753533366108,12:36:06.108,ANIME/USDT:USDT,0.019663,1589.0,0.019662,172.0,0.019684,500.0,0.019685,572.0
1753533366126,12:36:06.126,ANIME/USDT:USDT,0.019663,1589.0,0.019662,172.0,0.019684,500.0,0.019685,572.0
1753533366256,12:36:06.256,ANIME/USDT:USDT,0.019663,1589.0,0.019662,172.0,0.019684,500.0,0.019685,572.0
1753533366431,12:36:06.431,ANIME/USDT:USDT,0.019663,1589.0,0.019662,172.0,0.019684,500.0,0.019685,572.0
1753533366821,12:36:06.821,ANIME/USDT:USDT,0.019663,1589.0,0.019662,172.0,0.019684,500.0,0.019685,572.0
1753533367260,12:36:07.260,ANIME/USDT:USDT,0.019663,1589.0,0.019662,172.0,0.019684,500.0,0.019685,572.0
1753533367399,12:36:07.399,ANIME/USDT:USDT,0.019664,1417.0,0.019663,172.0,0.019684,500.0,0.019685,572.0
1753533367682,12:36:07.682,ANIME/USDT:USDT,0.019664,1417.0,0.019663,172.0,0.019684,500.0,0.019685,572.0
1753533367842,12:36:07.842,ANIME/USDT:USDT,0.019664,1417.0,0.019663,172.0,0.019684,500.0,0.019685,572.0
1753533368103,12:36:08.103,ANIME/USDT:USDT,0.019664,1417.0,0.019663,172.0,0.019684,500.0,0.019685,572.0
1753533368216,12:36:08.216,ANIME/USDT:USDT,0.019664,1417.0,0.019663,172.0,0.019684,1917.0,0.019685,572.0
1753533368315,12:36:08.315,ANIME/USDT:USDT,0.019663,172.0,0.019654,10.0,0.019682,1417.0,0.019683,500.0
1753533368364,12:36:08.364,ANIME/USDT:USDT,0.019663,172.0,0.019653,1403.0,0.019681,1761.0,0.019684,500.0
1753533368518,12:36:08.518,ANIME/USDT:USDT,0.019663,172.0,0.019654,500.0,0.01968,1417.0,0.019681,344.0
1753533368528,12:36:08.528,ANIME/USDT:USDT,0.019663,172.0,0.019654,500.0,0.01968,1417.0,0.019681,344.0
1753533369003,12:36:09.003,ANIME/USDT:USDT,0.019663,172.0,0.019654,500.0,0.01968,1417.0,0.019681,344.0
1753533369089,12:36:09.089,ANIME/USDT:USDT,0.019663,172.0,0.019654,500.0,0.01968,1417.0,0.019681,344.0
1753533369122,12:36:09.122,ANIME/USDT:USDT,0.019663,172.0,0.019654,500.0,0.01968,1417.0,0.019681,344.0
1753533369312,12:36:09.312,ANIME/USDT:USDT,0.019655,1917.0,0.019654,500.0,0.019679,1917.0,0.01968,1417.0
1753533369362,12:36:09.362,ANIME/USDT:USDT,0.019655,1917.0,0.019654,510.0,0.019679,1989.0,0.01968,1417.0
1753533369460,12:36:09.460,ANIME/USDT:USDT,0.019655,1917.0,0.019654,510.0,0.019679,1989.0,0.019681,344.0
1753533369526,12:36:09.526,ANIME/USDT:USDT,0.019655,1917.0,0.019654,510.0,0.019679,1917.0,0.019681,416.0
1753533369798,12:36:09.798,ANIME/USDT:USDT,0.019655,1917.0,0.019654,510.0,0.019679,1917.0,0.019681,416.0
1753533370092,12:36:10.092,ANIME/USDT:USDT,0.019655,1917.0,0.019654,510.0,0.019679,1917.0,0.019681,416.0
1753533370314,12:36:10.314,ANIME/USDT:USDT,0.019656,1381.0,0.019655,500.0,0.019679,1917.0,0.019681,416.0
1753533370433,12:36:10.433,ANIME/USDT:USDT,0.019656,1381.0,0.019655,500.0,0.019679,1917.0,0.019681,416.0
1753533370641,12:36:10.641,ANIME/USDT:USDT,0.019656,1381.0,0.019655,500.0,0.019679,1917.0,0.019681,416.0
