timestamp,time,symbol,bid1_price,bid1_volume,bid2_price,bid2_volume,ask1_price,ask1_volume,ask2_price,ask2_volume
1753533022000,12:30:22.000,BMT/USDT:USDT,0.08647,10.0,0.08646,182.0,0.08652,291.0,0.08653,8.0
1753533024228,12:30:24.228,BMT/USDT:USDT,0.08647,10.0,0.08646,182.0,0.08652,291.0,0.08653,8.0
1753533024657,12:30:24.657,BMT/USDT:USDT,0.08648,16.0,0.08647,78.0,0.08652,291.0,0.08653,8.0
1753533024706,12:30:24.706,BMT/USDT:USDT,0.08649,10.0,0.08648,16.0,0.08652,291.0,0.08653,8.0
1753533024777,12:30:24.777,BMT/USDT:USDT,0.08649,10.0,0.08648,16.0,0.08652,290.0,0.08653,8.0
1753533025201,12:30:25.201,BMT/USDT:USDT,0.08649,10.0,0.08648,16.0,0.08652,290.0,0.08653,8.0
1753533027474,12:30:27.474,BMT/USDT:USDT,0.08649,10.0,0.08648,16.0,0.08652,290.0,0.08653,8.0
1753533030064,12:30:30.064,BMT/USDT:USDT,0.08649,10.0,0.08648,16.0,0.08652,290.0,0.08653,8.0
1753533030088,12:30:30.088,BMT/USDT:USDT,0.08649,10.0,0.08648,16.0,0.08652,290.0,0.08653,8.0
1753533030706,12:30:30.706,BMT/USDT:USDT,0.08649,10.0,0.08648,16.0,0.08652,290.0,0.08653,8.0
1753533032067,12:30:32.067,BMT/USDT:USDT,0.08649,10.0,0.08648,16.0,0.08652,290.0,0.08653,8.0
1753533032294,12:30:32.294,BMT/USDT:USDT,0.08649,10.0,0.08648,16.0,0.08652,290.0,0.08653,8.0
1753533034871,12:30:34.871,BMT/USDT:USDT,0.08649,10.0,0.08648,16.0,0.08652,290.0,0.08653,8.0
1753533034878,12:30:34.878,BMT/USDT:USDT,0.08649,10.0,0.08648,16.0,0.08652,290.0,0.08653,8.0
1753533037094,12:30:37.094,BMT/USDT:USDT,0.08649,10.0,0.08648,16.0,0.08652,290.0,0.08653,8.0
1753533037750,12:30:37.750,BMT/USDT:USDT,0.08649,10.0,0.08648,16.0,0.08652,290.0,0.08653,8.0
1753533038534,12:30:38.534,BMT/USDT:USDT,0.08649,10.0,0.08648,16.0,0.08652,290.0,0.08653,8.0
1753533041879,12:30:41.879,BMT/USDT:USDT,0.08649,10.0,0.08648,16.0,0.08652,290.0,0.08653,8.0
1753533043907,12:30:43.907,BMT/USDT:USDT,0.08649,10.0,0.08648,8.0,0.08652,290.0,0.08653,8.0
1753533044406,12:30:44.406,BMT/USDT:USDT,0.08649,10.0,0.08648,8.0,0.08652,290.0,0.08653,8.0
1753533045927,12:30:45.927,BMT/USDT:USDT,0.08649,10.0,0.08648,8.0,0.08652,298.0,0.08653,8.0
1753533046674,12:30:46.674,BMT/USDT:USDT,0.08649,10.0,0.08648,8.0,0.08652,298.0,0.08653,8.0
1753533047406,12:30:47.406,BMT/USDT:USDT,0.08649,10.0,0.08648,8.0,0.08651,295.0,0.08652,298.0
1753533047494,12:30:47.494,BMT/USDT:USDT,0.08649,10.0,0.08648,8.0,0.08651,295.0,0.08652,298.0
1753533047747,12:30:47.747,BMT/USDT:USDT,0.08649,10.0,0.08648,8.0,0.08651,295.0,0.08652,298.0
1753533048209,12:30:48.209,BMT/USDT:USDT,0.08649,10.0,0.08648,8.0,0.08651,295.0,0.08652,298.0
1753533051494,12:30:51.494,BMT/USDT:USDT,0.08649,10.0,0.08648,8.0,0.08651,295.0,0.08652,298.0
1753533052254,12:30:52.254,BMT/USDT:USDT,0.08649,10.0,0.08648,8.0,0.08651,295.0,0.08652,298.0
1753533056274,12:30:56.274,BMT/USDT:USDT,0.08649,10.0,0.08648,8.0,0.08651,295.0,0.08652,298.0
1753533061083,12:31:01.083,BMT/USDT:USDT,0.08649,10.0,0.08647,68.0,0.08651,295.0,0.08652,298.0
1753533061214,12:31:01.214,BMT/USDT:USDT,0.08648,10.0,0.08646,249.0,0.0865,300.0,0.08651,303.0
1753533061354,12:31:01.354,BMT/USDT:USDT,0.08648,57.0,0.08647,10.0,0.0865,308.0,0.08651,303.0
1753533061509,12:31:01.509,BMT/USDT:USDT,0.08648,57.0,0.08647,10.0,0.0865,308.0,0.08651,303.0
1753533061840,12:31:01.840,BMT/USDT:USDT,0.08648,57.0,0.08646,249.0,0.0865,308.0,0.08651,303.0
1753533062367,12:31:02.367,BMT/USDT:USDT,0.08648,57.0,0.08646,249.0,0.0865,308.0,0.08651,303.0
1753533062382,12:31:02.382,BMT/USDT:USDT,0.08648,57.0,0.08646,249.0,0.0865,308.0,0.08651,303.0
1753533062800,12:31:02.800,BMT/USDT:USDT,0.08648,57.0,0.08646,249.0,0.0865,308.0,0.08651,303.0
1753533062954,12:31:02.954,BMT/USDT:USDT,0.08648,57.0,0.08646,249.0,0.0865,308.0,0.08651,303.0
1753533063219,12:31:03.219,BMT/USDT:USDT,0.08648,57.0,0.08646,249.0,0.0865,308.0,0.08651,303.0
1753533065516,12:31:05.516,BMT/USDT:USDT,0.08648,57.0,0.08646,249.0,0.0865,308.0,0.08651,303.0
1753533065875,12:31:05.875,BMT/USDT:USDT,0.08648,57.0,0.08646,249.0,0.0865,308.0,0.08651,303.0
1753533067422,12:31:07.422,BMT/USDT:USDT,0.08648,57.0,0.08646,249.0,0.08651,303.0,0.08654,288.0
1753533067532,12:31:07.532,BMT/USDT:USDT,0.08648,57.0,0.08646,249.0,0.08651,303.0,0.08654,288.0
1753533067663,12:31:07.663,BMT/USDT:USDT,0.08648,57.0,0.08646,249.0,0.08651,303.0,0.08654,288.0
1753533067752,12:31:07.752,BMT/USDT:USDT,0.08648,57.0,0.08646,249.0,0.08651,303.0,0.08654,288.0
1753533068499,12:31:08.499,BMT/USDT:USDT,0.08648,65.0,0.08646,249.0,0.08651,303.0,0.08654,288.0
1753533069284,12:31:09.284,BMT/USDT:USDT,0.08648,73.0,0.08646,249.0,0.08654,288.0,0.08655,335.0
1753533069443,12:31:09.443,BMT/USDT:USDT,0.0865,57.0,0.08649,10.0,0.08653,9.0,0.08654,288.0
1753533069551,12:31:09.551,BMT/USDT:USDT,0.0865,57.0,0.08648,16.0,0.08653,8.0,0.08654,288.0
1753533069754,12:31:09.754,BMT/USDT:USDT,0.0865,57.0,0.08648,16.0,0.08653,8.0,0.08654,288.0
1753533069914,12:31:09.914,BMT/USDT:USDT,0.0865,57.0,0.08648,16.0,0.08653,308.0,0.08654,288.0
1753533070539,12:31:10.539,BMT/USDT:USDT,0.0865,57.0,0.08648,8.0,0.08653,308.0,0.08654,288.0
1753533070646,12:31:10.646,BMT/USDT:USDT,0.08649,57.0,0.08648,8.0,0.08652,300.0,0.08653,308.0
1753533070693,12:31:10.693,BMT/USDT:USDT,0.08649,57.0,0.08648,8.0,0.08652,300.0,0.08653,308.0
1753533070955,12:31:10.955,BMT/USDT:USDT,0.08649,57.0,0.08648,8.0,0.08652,300.0,0.08653,308.0
1753533071314,12:31:11.314,BMT/USDT:USDT,0.08649,57.0,0.08648,8.0,0.08652,300.0,0.08653,316.0
1753533071387,12:31:11.387,BMT/USDT:USDT,0.08649,57.0,0.08648,8.0,0.08652,300.0,0.08653,316.0
1753533071494,12:31:11.494,BMT/USDT:USDT,0.08649,57.0,0.08648,8.0,0.08652,300.0,0.08653,316.0
1753533075443,12:31:15.443,BMT/USDT:USDT,0.0865,57.0,0.08648,8.0,0.08652,300.0,0.08653,308.0
1753533075493,12:31:15.493,BMT/USDT:USDT,0.0865,57.0,0.08648,8.0,0.08652,300.0,0.08653,308.0
1753533075857,12:31:15.857,BMT/USDT:USDT,0.0865,57.0,0.08648,8.0,0.08652,300.0,0.08653,308.0
1753533076274,12:31:16.274,BMT/USDT:USDT,0.0865,57.0,0.08648,8.0,0.08652,300.0,0.08653,308.0
1753533077960,12:31:17.960,BMT/USDT:USDT,0.0865,57.0,0.08648,8.0,0.08652,300.0,0.08653,308.0
1753533078058,12:31:18.058,BMT/USDT:USDT,0.08651,57.0,0.08649,8.0,0.08654,296.0,0.08655,335.0
1753533078091,12:31:18.091,BMT/USDT:USDT,0.08651,57.0,0.08649,8.0,0.08653,300.0,0.08654,296.0
1753533078316,12:31:18.316,BMT/USDT:USDT,0.08647,67.0,0.08646,182.0,0.08653,300.0,0.08654,296.0
1753533078375,12:31:18.375,BMT/USDT:USDT,0.08647,67.0,0.08646,182.0,0.08653,300.0,0.08654,296.0
1753533078553,12:31:18.553,BMT/USDT:USDT,0.08647,67.0,0.08646,182.0,0.08653,300.0,0.08654,296.0
1753533078752,12:31:18.752,BMT/USDT:USDT,0.08648,26.0,0.08646,182.0,0.08652,1.0,0.08653,300.0
1753533078815,12:31:18.815,BMT/USDT:USDT,0.08648,26.0,0.08646,174.0,0.08652,9.0,0.08653,300.0
1753533078969,12:31:18.969,BMT/USDT:USDT,0.08649,57.0,0.08648,34.0,0.08652,9.0,0.08653,300.0
1753533079022,12:31:19.022,BMT/USDT:USDT,0.0865,57.0,0.08648,16.0,0.08652,8.0,0.08653,300.0
1753533079127,12:31:19.127,BMT/USDT:USDT,0.0865,57.0,0.08648,16.0,0.08652,8.0,0.08653,300.0
1753533079184,12:31:19.184,BMT/USDT:USDT,0.0865,57.0,0.08648,16.0,0.08652,8.0,0.08653,300.0
1753533079351,12:31:19.351,BMT/USDT:USDT,0.0865,57.0,0.08648,16.0,0.08652,8.0,0.08653,300.0
1753533080130,12:31:20.130,BMT/USDT:USDT,0.0865,57.0,0.08648,16.0,0.08652,8.0,0.08654,288.0
1753533080276,12:31:20.276,BMT/USDT:USDT,0.0865,57.0,0.08648,16.0,0.08652,8.0,0.08654,288.0
1753533081213,12:31:21.213,BMT/USDT:USDT,0.0865,57.0,0.08648,16.0,0.08652,8.0,0.08654,288.0
1753533081617,12:31:21.617,BMT/USDT:USDT,0.0865,57.0,0.08648,16.0,0.08652,8.0,0.08654,288.0
1753533082249,12:31:22.249,BMT/USDT:USDT,0.08647,8.0,0.08646,174.0,0.08652,8.0,0.08653,8.0
1753533082297,12:31:22.297,BMT/USDT:USDT,0.08647,18.0,0.08646,174.0,0.08651,292.0,0.08652,8.0
1753533082437,12:31:22.437,BMT/USDT:USDT,0.08647,18.0,0.08646,174.0,0.08651,292.0,0.08652,8.0
1753533082563,12:31:22.563,BMT/USDT:USDT,0.08647,18.0,0.08646,174.0,0.08651,292.0,0.08652,8.0
1753533085164,12:31:25.164,BMT/USDT:USDT,0.08648,57.0,0.08647,26.0,0.08651,292.0,0.08652,8.0
1753533085264,12:31:25.264,BMT/USDT:USDT,0.08648,57.0,0.08647,24.0,0.08651,291.0,0.08652,8.0
1753533085458,12:31:25.458,BMT/USDT:USDT,0.08648,57.0,0.08647,24.0,0.08651,291.0,0.08652,8.0
1753533086486,12:31:26.486,BMT/USDT:USDT,0.08648,57.0,0.08647,24.0,0.08651,291.0,0.08652,8.0
1753533087000,12:31:27.000,BMT/USDT:USDT,0.08648,57.0,0.08647,24.0,0.08651,291.0,0.08652,8.0
1753533089893,12:31:29.893,BMT/USDT:USDT,0.08648,57.0,0.08647,24.0,0.08651,291.0,0.08652,8.0
1753533090362,12:31:30.362,BMT/USDT:USDT,0.08649,57.0,0.08648,57.0,0.08654,288.0,0.08655,335.0
1753533090464,12:31:30.464,BMT/USDT:USDT,0.0865,67.0,0.08647,83.0,0.08653,9.0,0.08654,288.0
1753533090571,12:31:30.571,BMT/USDT:USDT,0.0865,57.0,0.08647,83.0,0.08652,289.0,0.08653,8.0
1753533090765,12:31:30.765,BMT/USDT:USDT,0.0865,57.0,0.08649,8.0,0.08652,289.0,0.08653,8.0
1753533091354,12:31:31.354,BMT/USDT:USDT,0.0865,57.0,0.08649,8.0,0.08652,289.0,0.08653,8.0
1753533091471,12:31:31.471,BMT/USDT:USDT,0.0865,57.0,0.08649,16.0,0.08652,289.0,0.08653,8.0
1753533091504,12:31:31.504,BMT/USDT:USDT,0.08649,16.0,0.08647,75.0,0.08652,289.0,0.08653,8.0
1753533091774,12:31:31.774,BMT/USDT:USDT,0.08649,16.0,0.08647,75.0,0.08652,289.0,0.08653,8.0
1753533092226,12:31:32.226,BMT/USDT:USDT,0.08649,16.0,0.08647,75.0,0.08652,289.0,0.08653,8.0
1753533093665,12:31:33.665,BMT/USDT:USDT,0.08651,57.0,0.0865,57.0,0.08654,288.0,0.08655,22.0
1753533093688,12:31:33.688,BMT/USDT:USDT,0.08651,57.0,0.08649,91.0,0.08654,288.0,0.08655,22.0
1753533093823,12:31:33.823,BMT/USDT:USDT,0.08651,57.0,0.08649,91.0,0.08654,288.0,0.08655,22.0
1753533094253,12:31:34.253,BMT/USDT:USDT,0.08651,57.0,0.08649,91.0,0.08654,288.0,0.08655,22.0
1753533094677,12:31:34.677,BMT/USDT:USDT,0.08651,57.0,0.08649,91.0,0.08654,288.0,0.08655,22.0
1753533095293,12:31:35.293,BMT/USDT:USDT,0.08651,57.0,0.08649,91.0,0.08654,288.0,0.08655,22.0
1753533095382,12:31:35.382,BMT/USDT:USDT,0.08651,57.0,0.08649,83.0,0.08654,288.0,0.08655,22.0
1753533095702,12:31:35.702,BMT/USDT:USDT,0.08651,57.0,0.08649,83.0,0.08654,288.0,0.08655,22.0
1753533095880,12:31:35.880,BMT/USDT:USDT,0.08651,57.0,0.08649,83.0,0.08654,288.0,0.08655,22.0
1753533096241,12:31:36.241,BMT/USDT:USDT,0.08649,83.0,0.08648,8.0,0.08654,296.0,0.08655,22.0
1753533096315,12:31:36.315,BMT/USDT:USDT,0.08651,57.0,0.0865,10.0,0.08653,1.0,0.08654,296.0
1753533096398,12:31:36.398,BMT/USDT:USDT,0.08651,57.0,0.08649,83.0,0.08653,1.0,0.08654,296.0
1753533096714,12:31:36.714,BMT/USDT:USDT,0.08651,57.0,0.08649,83.0,0.08653,1.0,0.08654,296.0
1753533097129,12:31:37.129,BMT/USDT:USDT,0.08651,57.0,0.08649,83.0,0.08653,1.0,0.08654,296.0
1753533097551,12:31:37.551,BMT/USDT:USDT,0.08651,57.0,0.08649,83.0,0.08653,1.0,0.08654,296.0
1753533097755,12:31:37.755,BMT/USDT:USDT,0.08651,57.0,0.08649,83.0,0.08653,1.0,0.08654,296.0
1753533097854,12:31:37.854,BMT/USDT:USDT,0.08649,83.0,0.08648,297.0,0.08653,1.0,0.08654,296.0
1753533097881,12:31:37.881,BMT/USDT:USDT,0.0865,10.0,0.08649,16.0,0.08653,1.0,0.08654,296.0
1753533097972,12:31:37.972,BMT/USDT:USDT,0.0865,10.0,0.08649,16.0,0.08653,1.0,0.08654,296.0
1753533098390,12:31:38.390,BMT/USDT:USDT,0.0865,10.0,0.08649,16.0,0.08653,1.0,0.08654,296.0
1753533099476,12:31:39.476,BMT/USDT:USDT,0.0865,10.0,0.08649,16.0,0.08653,1.0,0.08654,296.0
1753533099608,12:31:39.608,BMT/USDT:USDT,0.0865,10.0,0.08649,16.0,0.08653,1.0,0.08654,296.0
1753533102240,12:31:42.240,BMT/USDT:USDT,0.0865,10.0,0.08649,16.0,0.08653,1.0,0.08654,296.0
1753533103082,12:31:43.082,BMT/USDT:USDT,0.0865,10.0,0.08649,16.0,0.08653,300.0,0.08654,296.0
1753533103179,12:31:43.179,BMT/USDT:USDT,0.0865,10.0,0.08649,16.0,0.08653,299.0,0.08654,296.0
1753533104276,12:31:44.276,BMT/USDT:USDT,0.0865,10.0,0.08649,16.0,0.08653,299.0,0.08654,296.0
1753533106371,12:31:46.371,BMT/USDT:USDT,0.0865,10.0,0.08649,16.0,0.08653,299.0,0.08654,296.0
1753533106463,12:31:46.463,BMT/USDT:USDT,0.0865,10.0,0.08649,16.0,0.08653,299.0,0.08654,296.0
1753533106665,12:31:46.665,BMT/USDT:USDT,0.0865,10.0,0.08649,16.0,0.08653,299.0,0.08654,288.0
1753533106714,12:31:46.714,BMT/USDT:USDT,0.08651,65.0,0.0865,10.0,0.08654,288.0,0.08655,22.0
1753533106798,12:31:46.798,BMT/USDT:USDT,0.08651,65.0,0.08649,75.0,0.08654,288.0,0.08655,22.0
1753533106886,12:31:46.886,BMT/USDT:USDT,0.08651,65.0,0.08649,75.0,0.08654,288.0,0.08655,22.0
1753533107272,12:31:47.272,BMT/USDT:USDT,0.08651,65.0,0.08649,75.0,0.08654,288.0,0.08655,22.0
1753533107305,12:31:47.305,BMT/USDT:USDT,0.08651,65.0,0.08649,75.0,0.08654,288.0,0.08655,22.0
1753533108530,12:31:48.530,BMT/USDT:USDT,0.08651,65.0,0.08649,75.0,0.08654,288.0,0.08655,22.0
1753533108946,12:31:48.946,BMT/USDT:USDT,0.08651,65.0,0.08649,75.0,0.08654,296.0,0.08655,22.0
1753533109080,12:31:49.080,BMT/USDT:USDT,0.08651,65.0,0.08649,75.0,0.08654,296.0,0.08655,22.0
1753533111996,12:31:51.996,BMT/USDT:USDT,0.08651,65.0,0.08649,75.0,0.08654,296.0,0.08655,22.0
1753533113683,12:31:53.683,BMT/USDT:USDT,0.08651,65.0,0.08649,75.0,0.08654,296.0,0.08655,22.0
1753533113877,12:31:53.877,BMT/USDT:USDT,0.08651,65.0,0.08649,75.0,0.08654,296.0,0.08655,22.0
1753533116660,12:31:56.660,BMT/USDT:USDT,0.08653,57.0,0.08651,73.0,0.08656,289.0,0.08658,313.0
1753533116758,12:31:56.758,BMT/USDT:USDT,0.08651,65.0,0.0865,298.0,0.08656,319.0,0.08658,313.0
1753533116854,12:31:56.854,BMT/USDT:USDT,0.08652,10.0,0.08651,24.0,0.08655,1.0,0.08656,319.0
1753533116930,12:31:56.930,BMT/USDT:USDT,0.08652,10.0,0.08651,24.0,0.08655,1.0,0.08656,319.0
1753533117005,12:31:57.005,BMT/USDT:USDT,0.08652,10.0,0.08651,24.0,0.08655,1.0,0.08656,319.0
1753533117123,12:31:57.123,BMT/USDT:USDT,0.08652,10.0,0.08651,24.0,0.08655,1.0,0.08656,319.0
1753533117427,12:31:57.427,BMT/USDT:USDT,0.08652,10.0,0.08651,24.0,0.08655,1.0,0.08656,319.0
1753533118694,12:31:58.694,BMT/USDT:USDT,0.08652,10.0,0.08651,24.0,0.08655,1.0,0.08656,319.0
1753533119055,12:31:59.055,BMT/USDT:USDT,0.08652,10.0,0.08651,24.0,0.08655,1.0,0.08656,319.0
1753533119120,12:31:59.120,BMT/USDT:USDT,0.08652,10.0,0.08651,16.0,0.08655,302.0,0.08656,319.0
1753533119179,12:31:59.179,BMT/USDT:USDT,0.08652,10.0,0.08651,16.0,0.08655,301.0,0.08656,319.0
1753533119454,12:31:59.454,BMT/USDT:USDT,0.08652,10.0,0.08651,16.0,0.08655,301.0,0.08656,319.0
1753533119565,12:31:59.565,BMT/USDT:USDT,0.08652,10.0,0.08651,8.0,0.08655,301.0,0.08656,319.0
1753533119574,12:31:59.574,BMT/USDT:USDT,0.08652,10.0,0.08651,8.0,0.08655,301.0,0.08656,319.0
1753533120276,12:32:00.276,BMT/USDT:USDT,0.08652,10.0,0.08651,8.0,0.08655,301.0,0.08656,319.0
1753533121753,12:32:01.753,BMT/USDT:USDT,0.08652,10.0,0.08651,8.0,0.08655,301.0,0.08656,319.0
1753533121774,12:32:01.774,BMT/USDT:USDT,0.08652,10.0,0.08651,8.0,0.08655,301.0,0.08656,319.0
1753533123494,12:32:03.494,BMT/USDT:USDT,0.08652,10.0,0.08651,8.0,0.08655,301.0,0.08656,319.0
1753533125497,12:32:05.497,BMT/USDT:USDT,0.08652,10.0,0.08651,8.0,0.08655,301.0,0.08656,319.0
1753533127067,12:32:07.067,BMT/USDT:USDT,0.08652,10.0,0.08651,8.0,0.08655,301.0,0.08656,319.0
1753533127680,12:32:07.680,BMT/USDT:USDT,0.08652,10.0,0.08651,8.0,0.08655,301.0,0.08656,319.0
1753533128278,12:32:08.278,BMT/USDT:USDT,0.08652,10.0,0.08651,8.0,0.08655,301.0,0.08656,319.0
1753533129814,12:32:09.814,BMT/USDT:USDT,0.08652,10.0,0.08651,8.0,0.08655,301.0,0.08656,319.0
1753533133078,12:32:13.078,BMT/USDT:USDT,0.08652,10.0,0.08651,8.0,0.08655,301.0,0.08656,319.0
1753533134326,12:32:14.326,BMT/USDT:USDT,0.08652,10.0,0.08651,8.0,0.08655,301.0,0.08656,319.0
1753533134427,12:32:14.427,BMT/USDT:USDT,0.08652,10.0,0.08651,8.0,0.08655,301.0,0.08656,319.0
1753533137877,12:32:17.877,BMT/USDT:USDT,0.08652,10.0,0.08651,8.0,0.08655,301.0,0.08656,319.0
1753533142681,12:32:22.681,BMT/USDT:USDT,0.08652,10.0,0.08651,8.0,0.08655,301.0,0.08656,319.0
1753533147494,12:32:27.494,BMT/USDT:USDT,0.08652,10.0,0.0865,67.0,0.08655,301.0,0.08656,319.0
1753533147649,12:32:27.649,BMT/USDT:USDT,0.08651,10.0,0.08649,67.0,0.08655,301.0,0.08656,319.0
1753533147729,12:32:27.729,BMT/USDT:USDT,0.08651,57.0,0.0865,18.0,0.08654,1.0,0.08655,301.0
1753533147853,12:32:27.853,BMT/USDT:USDT,0.08651,57.0,0.0865,8.0,0.08654,1.0,0.08655,301.0
1753533148022,12:32:28.022,BMT/USDT:USDT,0.08651,57.0,0.0865,8.0,0.08654,289.0,0.08655,301.0
1753533148161,12:32:28.161,BMT/USDT:USDT,0.08651,57.0,0.0865,8.0,0.08655,309.0,0.08656,319.0
1753533148248,12:32:28.248,BMT/USDT:USDT,0.08652,10.0,0.08649,67.0,0.08654,297.0,0.08655,317.0
1753533148355,12:32:28.355,BMT/USDT:USDT,0.08651,57.0,0.0865,10.0,0.08654,296.0,0.08655,317.0
1753533148469,12:32:28.469,BMT/USDT:USDT,0.08651,57.0,0.08649,67.0,0.08654,296.0,0.08655,317.0
1753533148655,12:32:28.655,BMT/USDT:USDT,0.08651,65.0,0.0865,16.0,0.08653,288.0,0.08654,288.0
1753533148817,12:32:28.817,BMT/USDT:USDT,0.08652,57.0,0.08651,8.0,0.08655,301.0,0.08656,311.0
1753533148930,12:32:28.930,BMT/USDT:USDT,0.08652,57.0,0.08651,8.0,0.08655,301.0,0.08656,311.0
1753533149034,12:32:29.034,BMT/USDT:USDT,0.08652,57.0,0.08651,8.0,0.08655,301.0,0.08656,311.0
1753533149357,12:32:29.357,BMT/USDT:USDT,0.08651,57.0,0.0865,57.0,0.08654,300.0,0.08655,323.0
1753533149449,12:32:29.449,BMT/USDT:USDT,0.08651,57.0,0.08649,67.0,0.08654,300.0,0.08655,323.0
1753533149725,12:32:29.725,BMT/USDT:USDT,0.08651,57.0,0.08649,67.0,0.08654,300.0,0.08655,323.0
1753533151069,12:32:31.069,BMT/USDT:USDT,0.08652,57.0,0.08649,67.0,0.08654,300.0,0.08655,323.0
1753533151168,12:32:31.168,BMT/USDT:USDT,0.08652,57.0,0.0865,67.0,0.08654,300.0,0.08655,323.0
1753533151220,12:32:31.220,BMT/USDT:USDT,0.08652,57.0,0.0865,67.0,0.08654,300.0,0.08655,323.0
1753533151348,12:32:31.348,BMT/USDT:USDT,0.08652,57.0,0.0865,67.0,0.08654,300.0,0.08655,323.0
1753533152056,12:32:32.056,BMT/USDT:USDT,0.0865,67.0,0.08648,8.0,0.08654,300.0,0.08655,323.0
1753533152165,12:32:32.165,BMT/USDT:USDT,0.08651,10.0,0.08649,67.0,0.08653,1.0,0.08654,300.0
1753533152259,12:32:32.259,BMT/USDT:USDT,0.08651,57.0,0.0865,10.0,0.08653,1.0,0.08654,300.0
1753533152363,12:32:32.363,BMT/USDT:USDT,0.08651,57.0,0.08649,83.0,0.08653,1.0,0.08654,300.0
1753533152583,12:32:32.583,BMT/USDT:USDT,0.08651,57.0,0.08649,83.0,0.08653,1.0,0.08654,300.0
1753533152853,12:32:32.853,BMT/USDT:USDT,0.08649,83.0,0.08648,8.0,0.08653,1.0,0.08654,300.0
1753533153001,12:32:33.001,BMT/USDT:USDT,0.08649,83.0,0.08648,8.0,0.08653,301.0,0.08654,300.0
1753533153254,12:32:33.254,BMT/USDT:USDT,0.0865,10.0,0.08648,8.0,0.08653,301.0,0.08654,300.0
1753533153365,12:32:33.365,BMT/USDT:USDT,0.08649,57.0,0.08648,26.0,0.08653,300.0,0.08654,308.0
1753533153422,12:32:33.422,BMT/USDT:USDT,0.0865,10.0,0.08648,16.0,0.08652,1.0,0.08653,300.0
1753533153508,12:32:33.508,BMT/USDT:USDT,0.0865,57.0,0.08649,10.0,0.08652,1.0,0.08653,300.0
1753533153614,12:32:33.614,BMT/USDT:USDT,0.0865,57.0,0.08648,16.0,0.08652,1.0,0.08653,300.0
1753533154649,12:32:34.649,BMT/USDT:USDT,0.0865,57.0,0.08648,16.0,0.08652,1.0,0.08653,300.0
1753533155066,12:32:35.066,BMT/USDT:USDT,0.0865,57.0,0.08648,16.0,0.08652,1.0,0.08653,300.0
1753533156466,12:32:36.466,BMT/USDT:USDT,0.08648,16.0,0.08647,289.0,0.08652,1.0,0.08653,300.0
1753533156495,12:32:36.495,BMT/USDT:USDT,0.08649,10.0,0.08648,16.0,0.08652,1.0,0.08653,308.0
1753533157080,12:32:37.080,BMT/USDT:USDT,0.08649,10.0,0.08648,16.0,0.08652,1.0,0.08653,308.0
1753533157514,12:32:37.514,BMT/USDT:USDT,0.08649,10.0,0.08648,16.0,0.08652,1.0,0.08653,308.0
1753533157761,12:32:37.761,BMT/USDT:USDT,0.08649,10.0,0.08648,16.0,0.08652,1.0,0.08653,308.0
1753533157919,12:32:37.919,BMT/USDT:USDT,0.08649,10.0,0.08648,16.0,0.08652,1.0,0.08653,308.0
1753533158706,12:32:38.706,BMT/USDT:USDT,0.08649,10.0,0.08648,16.0,0.08652,1.0,0.08653,308.0
1753533159558,12:32:39.558,BMT/USDT:USDT,0.08649,18.0,0.08648,24.0,0.08652,1.0,0.08653,308.0
1753533159582,12:32:39.582,BMT/USDT:USDT,0.0865,57.0,0.08649,8.0,0.08652,1.0,0.08653,308.0
1753533161879,12:32:41.879,BMT/USDT:USDT,0.0865,57.0,0.08649,8.0,0.08652,1.0,0.08653,308.0
1753533162299,12:32:42.299,BMT/USDT:USDT,0.0865,57.0,0.08649,8.0,0.08652,1.0,0.08653,308.0
1753533163763,12:32:43.763,BMT/USDT:USDT,0.0865,57.0,0.08649,8.0,0.08652,1.0,0.08653,308.0
1753533165400,12:32:45.400,BMT/USDT:USDT,0.08649,8.0,0.08648,24.0,0.08652,1.0,0.08653,308.0
1753533165634,12:32:45.634,BMT/USDT:USDT,0.08649,57.0,0.08648,24.0,0.08652,297.0,0.08653,308.0
1753533165738,12:32:45.738,BMT/USDT:USDT,0.08649,57.0,0.08648,24.0,0.08652,304.0,0.08653,308.0
1753533165791,12:32:45.791,BMT/USDT:USDT,0.08649,57.0,0.08648,24.0,0.08652,304.0,0.08653,308.0
1753533166726,12:32:46.726,BMT/USDT:USDT,0.08648,24.0,0.08646,475.0,0.08652,304.0,0.08653,308.0
1753533166832,12:32:46.832,BMT/USDT:USDT,0.08649,10.0,0.08648,16.0,0.08651,1.0,0.08652,304.0
1753533166936,12:32:46.936,BMT/USDT:USDT,0.08649,10.0,0.08648,16.0,0.08651,1.0,0.08652,304.0
1753533167175,12:32:47.175,BMT/USDT:USDT,0.08649,10.0,0.08648,16.0,0.08651,1.0,0.08652,304.0
1753533167592,12:32:47.592,BMT/USDT:USDT,0.08649,10.0,0.08648,16.0,0.08651,1.0,0.08652,304.0
1753533168682,12:32:48.682,BMT/USDT:USDT,0.08649,10.0,0.08648,16.0,0.08651,1.0,0.08652,304.0
1753533168822,12:32:48.822,BMT/USDT:USDT,0.08649,10.0,0.08648,16.0,0.08651,1.0,0.08652,304.0
1753533170987,12:32:50.987,BMT/USDT:USDT,0.08649,10.0,0.08648,16.0,0.08651,1.0,0.08652,304.0
1753533171154,12:32:51.154,BMT/USDT:USDT,0.08649,10.0,0.08647,8.0,0.0865,292.0,0.08651,301.0
1753533171257,12:32:51.257,BMT/USDT:USDT,0.08647,10.0,0.08646,8.0,0.0865,8.0,0.08651,300.0
1753533171362,12:32:51.362,BMT/USDT:USDT,0.08646,18.0,0.08645,174.0,0.0865,8.0,0.08651,292.0
1753533171414,12:32:51.414,BMT/USDT:USDT,0.08647,57.0,0.08646,10.0,0.08649,1.0,0.0865,8.0
1753533171493,12:32:51.493,BMT/USDT:USDT,0.08647,57.0,0.08645,249.0,0.08649,1.0,0.0865,8.0
1753533171663,12:32:51.663,BMT/USDT:USDT,0.08647,57.0,0.08646,8.0,0.08649,1.0,0.0865,8.0
1753533172515,12:32:52.515,BMT/USDT:USDT,0.08647,57.0,0.08646,8.0,0.08649,1.0,0.08651,292.0
1753533172580,12:32:52.580,BMT/USDT:USDT,0.08647,57.0,0.08646,8.0,0.0865,1.0,0.08651,16.0
1753533172915,12:32:52.915,BMT/USDT:USDT,0.08647,57.0,0.08646,8.0,0.0865,1.0,0.08651,16.0
1753533173093,12:32:53.093,BMT/USDT:USDT,0.08647,57.0,0.08646,8.0,0.0865,1.0,0.08651,8.0
1753533173339,12:32:53.339,BMT/USDT:USDT,0.08647,57.0,0.08646,8.0,0.0865,1.0,0.08651,8.0
1753533175239,12:32:55.239,BMT/USDT:USDT,0.08647,57.0,0.08646,8.0,0.0865,1.0,0.08651,8.0
1753533175314,12:32:55.314,BMT/USDT:USDT,0.08647,57.0,0.08646,8.0,0.0865,1.0,0.08651,8.0
1753533176293,12:32:56.293,BMT/USDT:USDT,0.08647,57.0,0.08646,8.0,0.0865,1.0,0.08651,8.0
1753533176779,12:32:56.779,BMT/USDT:USDT,0.08647,57.0,0.08646,8.0,0.0865,1.0,0.08651,8.0
1753533177174,12:32:57.174,BMT/USDT:USDT,0.08647,57.0,0.08646,8.0,0.0865,1.0,0.08651,8.0
1753533180334,12:33:00.334,BMT/USDT:USDT,0.08645,182.0,0.08644,301.0,0.0865,306.0,0.08651,8.0
1753533180455,12:33:00.455,BMT/USDT:USDT,0.08646,10.0,0.08645,182.0,0.08649,305.0,0.0865,306.0
1753533180504,12:33:00.504,BMT/USDT:USDT,0.08646,10.0,0.08645,182.0,0.08649,305.0,0.0865,305.0
1753533180633,12:33:00.633,BMT/USDT:USDT,0.08646,10.0,0.08645,182.0,0.08649,305.0,0.0865,305.0
1753533181094,12:33:01.094,BMT/USDT:USDT,0.08646,10.0,0.08645,182.0,0.08649,305.0,0.0865,305.0
1753533181408,12:33:01.408,BMT/USDT:USDT,0.08646,10.0,0.08645,182.0,0.08649,305.0,0.0865,305.0
1753533181737,12:33:01.737,BMT/USDT:USDT,0.08646,10.0,0.08645,182.0,0.08649,305.0,0.0865,305.0
1753533181826,12:33:01.826,BMT/USDT:USDT,0.08646,10.0,0.08645,182.0,0.08649,305.0,0.0865,305.0
1753533182647,12:33:02.647,BMT/USDT:USDT,0.08646,10.0,0.08645,182.0,0.08649,305.0,0.0865,305.0
1753533184053,12:33:04.053,BMT/USDT:USDT,0.08646,10.0,0.08645,182.0,0.08649,305.0,0.0865,305.0
1753533184078,12:33:04.078,BMT/USDT:USDT,0.08646,10.0,0.08645,174.0,0.08649,305.0,0.0865,305.0
1753533184271,12:33:04.271,BMT/USDT:USDT,0.08646,10.0,0.08645,174.0,0.08649,305.0,0.0865,305.0
1753533184317,12:33:04.317,BMT/USDT:USDT,0.08646,10.0,0.08645,174.0,0.08649,305.0,0.0865,305.0
1753533184416,12:33:04.416,BMT/USDT:USDT,0.08646,10.0,0.08645,174.0,0.08649,305.0,0.0865,305.0
1753533184818,12:33:04.818,BMT/USDT:USDT,0.08646,10.0,0.08645,174.0,0.08649,305.0,0.0865,305.0
1753533185880,12:33:05.880,BMT/USDT:USDT,0.08646,10.0,0.08645,174.0,0.08649,305.0,0.0865,305.0
1753533187294,12:33:07.294,BMT/USDT:USDT,0.08646,10.0,0.08645,174.0,0.08649,305.0,0.0865,305.0
1753533189123,12:33:09.123,BMT/USDT:USDT,0.08646,10.0,0.08645,174.0,0.08649,305.0,0.0865,305.0
1753533189666,12:33:09.666,BMT/USDT:USDT,0.08646,10.0,0.08645,174.0,0.08649,305.0,0.0865,305.0
1753533189675,12:33:09.675,BMT/USDT:USDT,0.08646,10.0,0.08645,174.0,0.08649,305.0,0.0865,305.0
1753533190364,12:33:10.364,BMT/USDT:USDT,0.08646,10.0,0.08645,174.0,0.08649,305.0,0.0865,305.0
1753533190455,12:33:10.455,BMT/USDT:USDT,0.08647,57.0,0.08646,10.0,0.0865,296.0,0.08651,30.0
1753533190485,12:33:10.485,BMT/USDT:USDT,0.08647,57.0,0.08646,8.0,0.0865,302.0,0.08651,30.0
1753533190580,12:33:10.580,BMT/USDT:USDT,0.08647,57.0,0.08646,8.0,0.08649,296.0,0.0865,296.0
1753533190726,12:33:10.726,BMT/USDT:USDT,0.08647,57.0,0.08646,8.0,0.0865,296.0,0.08651,30.0
1753533191130,12:33:11.130,BMT/USDT:USDT,0.08647,57.0,0.08646,8.0,0.0865,296.0,0.08651,30.0
1753533191551,12:33:11.551,BMT/USDT:USDT,0.08647,57.0,0.08646,8.0,0.0865,296.0,0.08651,30.0
1753533191974,12:33:11.974,BMT/USDT:USDT,0.08647,57.0,0.08646,8.0,0.0865,296.0,0.08651,30.0
1753533192454,12:33:12.454,BMT/USDT:USDT,0.08646,8.0,0.08645,174.0,0.0865,296.0,0.08651,30.0
1753533192517,12:33:12.517,BMT/USDT:USDT,0.08646,10.0,0.08645,174.0,0.08649,1.0,0.0865,296.0
1753533192722,12:33:12.722,BMT/USDT:USDT,0.08646,10.0,0.08645,174.0,0.08649,9.0,0.0865,296.0
1753533192793,12:33:12.793,BMT/USDT:USDT,0.08646,10.0,0.08645,174.0,0.08649,8.0,0.0865,296.0
1753533192880,12:33:12.880,BMT/USDT:USDT,0.08646,10.0,0.08645,174.0,0.08649,8.0,0.0865,296.0
1753533193164,12:33:13.164,BMT/USDT:USDT,0.08647,57.0,0.08646,10.0,0.08654,300.0,0.08655,614.0
1753533193265,12:33:13.265,BMT/USDT:USDT,0.08648,10.0,0.08646,66.0,0.0865,304.0,0.08651,326.0
1753533193371,12:33:13.371,BMT/USDT:USDT,0.08647,10.0,0.08646,8.0,0.0865,304.0,0.08651,334.0
1753533193421,12:33:13.421,BMT/USDT:USDT,0.08646,18.0,0.08645,174.0,0.0865,304.0,0.08651,334.0
1753533193497,12:33:13.497,BMT/USDT:USDT,0.08646,10.0,0.08645,182.0,0.08649,305.0,0.0865,312.0
1753533193612,12:33:13.612,BMT/USDT:USDT,0.08646,10.0,0.08645,182.0,0.08649,304.0,0.0865,312.0
1753533193694,12:33:13.694,BMT/USDT:USDT,0.08646,10.0,0.08645,182.0,0.08649,304.0,0.0865,312.0
1753533194536,12:33:14.536,BMT/USDT:USDT,0.08646,10.0,0.08645,190.0,0.08649,304.0,0.0865,312.0
1753533194640,12:33:14.640,BMT/USDT:USDT,0.08646,10.0,0.08645,190.0,0.08649,304.0,0.0865,312.0
1753533194824,12:33:14.824,BMT/USDT:USDT,0.08646,10.0,0.08645,190.0,0.08649,296.0,0.0865,312.0
1753533194958,12:33:14.958,BMT/USDT:USDT,0.08646,10.0,0.08645,190.0,0.08649,296.0,0.0865,312.0
1753533195377,12:33:15.377,BMT/USDT:USDT,0.08646,10.0,0.08645,190.0,0.08649,296.0,0.0865,312.0
1753533195482,12:33:15.482,BMT/USDT:USDT,0.08646,10.0,0.08645,190.0,0.08649,296.0,0.0865,312.0
1753533196351,12:33:16.351,BMT/USDT:USDT,0.08646,10.0,0.08645,190.0,0.08649,296.0,0.0865,304.0
1753533196760,12:33:16.760,BMT/USDT:USDT,0.08647,57.0,0.08646,10.0,0.0865,302.0,0.08651,318.0
1753533196811,12:33:16.811,BMT/USDT:USDT,0.08647,57.0,0.08645,256.0,0.0865,302.0,0.08651,318.0
1753533196996,12:33:16.996,BMT/USDT:USDT,0.08647,57.0,0.08645,256.0,0.0865,302.0,0.08651,318.0
1753533197416,12:33:17.416,BMT/USDT:USDT,0.08647,57.0,0.08645,256.0,0.0865,302.0,0.08651,318.0
1753533198984,12:33:18.984,BMT/USDT:USDT,0.08647,57.0,0.08645,256.0,0.0865,302.0,0.08651,318.0
1753533199098,12:33:19.098,BMT/USDT:USDT,0.08646,57.0,0.08645,190.0,0.08649,289.0,0.0865,304.0
1753533199447,12:33:19.447,BMT/USDT:USDT,0.08646,57.0,0.08645,190.0,0.08649,289.0,0.0865,304.0
1753533200280,12:33:20.280,BMT/USDT:USDT,0.08646,57.0,0.08645,190.0,0.08649,289.0,0.0865,304.0
1753533200459,12:33:20.459,BMT/USDT:USDT,0.08646,57.0,0.08645,190.0,0.08649,289.0,0.0865,304.0
1753533200666,12:33:20.666,BMT/USDT:USDT,0.08646,57.0,0.08645,190.0,0.08649,289.0,0.0865,304.0
1753533203265,12:33:23.265,BMT/USDT:USDT,0.08645,182.0,0.0864,288.0,0.08649,297.0,0.0865,304.0
1753533203353,12:33:23.353,BMT/USDT:USDT,0.08646,10.0,0.08642,66.0,0.08647,297.0,0.08648,306.0
1753533203433,12:33:23.433,BMT/USDT:USDT,0.08643,10.0,0.08641,8.0,0.08646,297.0,0.08647,303.0
1753533203561,12:33:23.561,BMT/USDT:USDT,0.08641,18.0,0.0864,288.0,0.08646,297.0,0.08647,303.0
1753533203769,12:33:23.769,BMT/USDT:USDT,0.08642,57.0,0.08641,18.0,0.08645,1.0,0.08646,297.0
1753533203845,12:33:23.845,BMT/USDT:USDT,0.08642,57.0,0.08641,8.0,0.08645,1.0,0.08646,297.0
1753533203936,12:33:23.936,BMT/USDT:USDT,0.08642,57.0,0.08641,8.0,0.08645,1.0,0.08646,297.0
1753533204369,12:33:24.369,BMT/USDT:USDT,0.08642,57.0,0.08641,8.0,0.08645,1.0,0.08646,297.0
1753533204514,12:33:24.514,BMT/USDT:USDT,0.08642,57.0,0.08641,182.0,0.08645,1.0,0.08646,297.0
1753533204810,12:33:24.810,BMT/USDT:USDT,0.08642,57.0,0.08641,182.0,0.08645,1.0,0.08646,297.0
1753533205081,12:33:25.081,BMT/USDT:USDT,0.08642,57.0,0.08641,182.0,0.08645,1.0,0.08646,297.0
1753533205641,12:33:25.641,BMT/USDT:USDT,0.08644,57.0,0.08642,66.0,0.08645,1.0,0.08646,297.0
1753533205703,12:33:25.703,BMT/USDT:USDT,0.08643,10.0,0.08641,190.0,0.08646,297.0,0.08647,297.0
1753533205849,12:33:25.849,BMT/USDT:USDT,0.08642,10.0,0.08641,198.0,0.08646,297.0,0.08647,297.0
1753533205878,12:33:25.878,BMT/USDT:USDT,0.08642,10.0,0.08641,198.0,0.08645,1.0,0.08646,297.0
1753533206045,12:33:26.045,BMT/USDT:USDT,0.08642,10.0,0.08641,198.0,0.08645,1.0,0.08646,297.0
1753533206079,12:33:26.079,BMT/USDT:USDT,0.08642,10.0,0.08641,198.0,0.08645,1.0,0.08646,289.0
1753533207079,12:33:27.079,BMT/USDT:USDT,0.08642,10.0,0.08641,198.0,0.08645,1.0,0.08646,289.0
1753533207264,12:33:27.264,BMT/USDT:USDT,0.08642,10.0,0.08641,198.0,0.08645,1.0,0.08646,289.0
1753533207620,12:33:27.620,BMT/USDT:USDT,0.08644,57.0,0.08643,16.0,0.08645,1.0,0.08648,289.0
1753533207681,12:33:27.681,BMT/USDT:USDT,0.08644,57.0,0.08643,16.0,0.08645,1.0,0.08648,289.0
1753533207818,12:33:27.818,BMT/USDT:USDT,0.08644,67.0,0.08643,24.0,0.08647,1.0,0.08649,289.0
1753533207965,12:33:27.965,BMT/USDT:USDT,0.08644,57.0,0.08643,24.0,0.08648,1.0,0.08649,289.0
1753533208036,12:33:28.036,BMT/USDT:USDT,0.08645,10.0,0.08643,82.0,0.08648,1.0,0.08649,297.0
1753533208137,12:33:28.137,BMT/USDT:USDT,0.08644,10.0,0.08643,16.0,0.08648,290.0,0.08649,297.0
1753533208347,12:33:28.347,BMT/USDT:USDT,0.08644,10.0,0.08643,16.0,0.08647,289.0,0.08648,290.0
1753533208377,12:33:28.377,BMT/USDT:USDT,0.08644,10.0,0.08643,16.0,0.08647,289.0,0.08648,289.0
1753533208517,12:33:28.517,BMT/USDT:USDT,0.08644,10.0,0.08643,16.0,0.08648,289.0,0.08649,297.0
1753533208662,12:33:28.662,BMT/USDT:USDT,0.08644,10.0,0.08643,24.0,0.08647,1.0,0.08648,289.0
1753533208935,12:33:28.935,BMT/USDT:USDT,0.08644,10.0,0.08643,24.0,0.08647,1.0,0.08648,289.0
1753533209358,12:33:29.358,BMT/USDT:USDT,0.08644,10.0,0.08643,24.0,0.08647,1.0,0.08648,289.0
1753533209727,12:33:29.727,BMT/USDT:USDT,0.08644,10.0,0.08643,24.0,0.08647,1.0,0.08648,289.0
1753533209778,12:33:29.778,BMT/USDT:USDT,0.08644,10.0,0.08643,24.0,0.08647,1.0,0.08648,289.0
1753533209893,12:33:29.893,BMT/USDT:USDT,0.08644,10.0,0.08643,24.0,0.08647,1.0,0.08648,289.0
1753533210028,12:33:30.028,BMT/USDT:USDT,0.08644,10.0,0.08643,24.0,0.08647,1.0,0.08648,289.0
1753533210436,12:33:30.436,BMT/USDT:USDT,0.08644,10.0,0.08643,24.0,0.08647,1.0,0.08648,289.0
1753533210603,12:33:30.603,BMT/USDT:USDT,0.08644,10.0,0.08643,24.0,0.08647,1.0,0.08648,289.0
1753533211304,12:33:31.304,BMT/USDT:USDT,0.08644,10.0,0.08643,24.0,0.08647,1.0,0.08648,289.0
1753533211898,12:33:31.898,BMT/USDT:USDT,0.08644,10.0,0.08643,24.0,0.08647,1.0,0.08648,289.0
1753533212245,12:33:32.245,BMT/USDT:USDT,0.08644,10.0,0.08643,24.0,0.08647,1.0,0.08648,289.0
1753533214681,12:33:34.681,BMT/USDT:USDT,0.08644,10.0,0.08643,24.0,0.08647,1.0,0.08648,289.0
1753533216762,12:33:36.762,BMT/USDT:USDT,0.08644,10.0,0.08643,24.0,0.08647,1.0,0.08648,289.0
1753533217054,12:33:37.054,BMT/USDT:USDT,0.08644,10.0,0.08643,24.0,0.08647,1.0,0.08648,289.0
1753533217330,12:33:37.330,BMT/USDT:USDT,0.08644,10.0,0.08643,16.0,0.08647,9.0,0.08648,297.0
1753533217380,12:33:37.380,BMT/USDT:USDT,0.08644,10.0,0.08643,16.0,0.08647,8.0,0.08648,297.0
1753533217536,12:33:37.536,BMT/USDT:USDT,0.08644,10.0,0.08643,16.0,0.08647,296.0,0.08648,297.0
1753533218035,12:33:38.035,BMT/USDT:USDT,0.08644,10.0,0.08643,8.0,0.08646,296.0,0.08647,304.0
1753533218083,12:33:38.083,BMT/USDT:USDT,0.08643,10.0,0.08642,8.0,0.08646,296.0,0.08647,304.0
1753533218178,12:33:38.178,BMT/USDT:USDT,0.08642,10.0,0.08641,174.0,0.08646,296.0,0.08647,304.0
1753533218364,12:33:38.364,BMT/USDT:USDT,0.08642,10.0,0.08641,174.0,0.08645,1.0,0.08646,288.0
1753533218396,12:33:38.396,BMT/USDT:USDT,0.08642,10.0,0.08641,174.0,0.08645,1.0,0.08646,288.0
1753533219514,12:33:39.514,BMT/USDT:USDT,0.08642,10.0,0.08641,174.0,0.08645,1.0,0.08646,288.0
1753533219587,12:33:39.587,BMT/USDT:USDT,0.08642,10.0,0.08641,174.0,0.08645,1.0,0.08646,288.0
1753533220254,12:33:40.254,BMT/USDT:USDT,0.08642,10.0,0.08641,182.0,0.08645,1.0,0.08646,288.0
1753533220556,12:33:40.556,BMT/USDT:USDT,0.08642,10.0,0.08641,182.0,0.08645,1.0,0.08646,288.0
1753533220574,12:33:40.574,BMT/USDT:USDT,0.08642,10.0,0.08641,182.0,0.08645,1.0,0.08646,288.0
1753533220954,12:33:40.954,BMT/USDT:USDT,0.08645,227.0,0.08643,57.0,0.08646,288.0,0.08647,296.0
1753533221041,12:33:41.041,BMT/USDT:USDT,0.08645,227.0,0.08644,10.0,0.08646,288.0,0.08647,296.0
1753533221083,12:33:41.083,BMT/USDT:USDT,0.08645,227.0,0.08644,10.0,0.08646,288.0,0.08647,296.0
1753533221209,12:33:41.209,BMT/USDT:USDT,0.08645,227.0,0.08644,10.0,0.08646,288.0,0.08647,296.0
1753533221624,12:33:41.624,BMT/USDT:USDT,0.08645,227.0,0.08644,10.0,0.08646,288.0,0.08647,296.0
1753533222737,12:33:42.737,BMT/USDT:USDT,0.08645,227.0,0.08644,10.0,0.08646,288.0,0.08647,296.0
1753533222970,12:33:42.970,BMT/USDT:USDT,0.08644,10.0,0.08642,8.0,0.08647,296.0,0.08648,8.0
1753533223015,12:33:43.015,BMT/USDT:USDT,0.08641,182.0,0.0864,298.0,0.08647,296.0,0.08648,8.0
1753533223079,12:33:43.079,BMT/USDT:USDT,0.08641,200.0,0.0864,298.0,0.08647,296.0,0.08648,8.0
1753533223252,12:33:43.252,BMT/USDT:USDT,0.08641,200.0,0.0864,298.0,0.08647,296.0,0.08648,8.0
1753533223296,12:33:43.296,BMT/USDT:USDT,0.08641,200.0,0.0864,298.0,0.08647,296.0,0.08648,8.0
1753533223386,12:33:43.386,BMT/USDT:USDT,0.08641,200.0,0.0864,298.0,0.08647,296.0,0.08648,8.0
1753533223675,12:33:43.675,BMT/USDT:USDT,0.08641,200.0,0.0864,298.0,0.08647,296.0,0.08648,8.0
1753533224281,12:33:44.281,BMT/USDT:USDT,0.08641,200.0,0.0864,298.0,0.08647,296.0,0.08648,8.0
1753533224505,12:33:44.505,BMT/USDT:USDT,0.08641,200.0,0.0864,298.0,0.08647,296.0,0.08648,8.0
1753533226033,12:33:46.033,BMT/USDT:USDT,0.08641,200.0,0.0864,298.0,0.08647,296.0,0.08648,8.0
1753533229086,12:33:49.086,BMT/USDT:USDT,0.08641,200.0,0.0864,298.0,0.08647,296.0,0.08648,8.0
1753533231023,12:33:51.023,BMT/USDT:USDT,0.08641,200.0,0.0864,298.0,0.08647,296.0,0.08648,8.0
1753533231155,12:33:51.155,BMT/USDT:USDT,0.08645,57.0,0.08644,57.0,0.0865,318.0,0.08651,296.0
1753533231235,12:33:51.235,BMT/USDT:USDT,0.08645,57.0,0.08643,92.0,0.0865,326.0,0.08651,296.0
1753533231344,12:33:51.344,BMT/USDT:USDT,0.08645,57.0,0.08643,92.0,0.0865,326.0,0.08651,296.0
1753533231771,12:33:51.771,BMT/USDT:USDT,0.08645,57.0,0.08643,92.0,0.0865,326.0,0.08651,296.0
1753533231774,12:33:51.774,BMT/USDT:USDT,0.08645,57.0,0.08643,92.0,0.0865,326.0,0.08651,296.0
1753533232084,12:33:52.084,BMT/USDT:USDT,0.08645,57.0,0.08643,92.0,0.0865,334.0,0.08651,296.0
1753533233066,12:33:53.066,BMT/USDT:USDT,0.08645,57.0,0.08643,84.0,0.0865,334.0,0.08651,296.0
1753533233174,12:33:53.174,BMT/USDT:USDT,0.08645,57.0,0.08643,84.0,0.0865,334.0,0.08651,296.0
1753533233881,12:33:53.881,BMT/USDT:USDT,0.08645,57.0,0.08643,84.0,0.0865,334.0,0.08651,296.0
1753533235306,12:33:55.306,BMT/USDT:USDT,0.08645,57.0,0.08643,84.0,0.0865,334.0,0.08651,296.0
1753533238682,12:33:58.682,BMT/USDT:USDT,0.08645,57.0,0.08643,84.0,0.0865,334.0,0.08651,296.0
1753533239659,12:33:59.659,BMT/USDT:USDT,0.08645,57.0,0.08643,84.0,0.0865,334.0,0.08651,296.0
1753533243494,12:34:03.494,BMT/USDT:USDT,0.08645,57.0,0.08643,84.0,0.0865,334.0,0.08651,296.0
1753533244191,12:34:04.191,BMT/USDT:USDT,0.08645,57.0,0.08644,293.0,0.0865,334.0,0.08651,296.0
1753533244301,12:34:04.301,BMT/USDT:USDT,0.08645,83.0,0.08644,293.0,0.0865,334.0,0.08651,296.0
1753533248282,12:34:08.282,BMT/USDT:USDT,0.08645,83.0,0.08644,293.0,0.0865,334.0,0.08651,296.0
1753533249096,12:34:09.096,BMT/USDT:USDT,0.08645,83.0,0.08644,293.0,0.0865,338.0,0.08651,296.0
1753533251657,12:34:11.657,BMT/USDT:USDT,0.08645,83.0,0.08643,66.0,0.0865,338.0,0.08651,296.0
1753533251679,12:34:11.679,BMT/USDT:USDT,0.08645,65.0,0.08643,84.0,0.0865,338.0,0.08651,296.0
1753533253095,12:34:13.095,BMT/USDT:USDT,0.08645,65.0,0.08643,84.0,0.0865,338.0,0.08651,296.0
1753533258405,12:34:18.405,BMT/USDT:USDT,0.08645,65.0,0.08644,293.0,0.0865,330.0,0.08651,296.0
1753533258566,12:34:18.566,BMT/USDT:USDT,0.08645,83.0,0.08644,293.0,0.0865,330.0,0.08651,296.0
1753533258926,12:34:18.926,BMT/USDT:USDT,0.08645,26.0,0.08644,293.0,0.0865,330.0,0.08651,296.0
1753533259270,12:34:19.270,BMT/USDT:USDT,0.08645,18.0,0.08644,293.0,0.0865,330.0,0.08651,296.0
1753533260917,12:34:20.917,BMT/USDT:USDT,0.08645,18.0,0.08643,66.0,0.0865,330.0,0.08651,296.0
1753533260994,12:34:20.994,BMT/USDT:USDT,0.08643,84.0,0.08642,288.0,0.0865,330.0,0.08651,296.0
1753533261157,12:34:21.157,BMT/USDT:USDT,0.08643,84.0,0.08642,288.0,0.0865,330.0,0.08651,296.0
1753533261575,12:34:21.575,BMT/USDT:USDT,0.08643,84.0,0.08642,288.0,0.0865,330.0,0.08651,296.0
1753533265102,12:34:25.102,BMT/USDT:USDT,0.08643,84.0,0.08642,288.0,0.0865,330.0,0.08651,296.0
1753533265209,12:34:25.209,BMT/USDT:USDT,0.08643,84.0,0.08642,288.0,0.0865,330.0,0.08651,296.0
1753533266170,12:34:26.170,BMT/USDT:USDT,0.08643,84.0,0.08642,288.0,0.0865,330.0,0.08651,296.0
1753533266170,12:34:26.170,BMT/USDT:USDT,0.08643,84.0,0.08642,288.0,0.0865,330.0,0.08651,296.0
1753533268756,12:34:28.756,BMT/USDT:USDT,0.08653,57.0,0.0865,85.0,0.08654,298.0,0.08655,22.0
1753533268860,12:34:28.860,BMT/USDT:USDT,0.08652,57.0,0.08651,8.0,0.08653,57.0,0.08654,298.0
1753533268962,12:34:28.962,BMT/USDT:USDT,0.08652,57.0,0.08651,8.0,0.08653,57.0,0.08654,298.0
1753533269062,12:34:29.062,BMT/USDT:USDT,0.08652,57.0,0.08651,8.0,0.08653,57.0,0.08654,298.0
1753533269171,12:34:29.171,BMT/USDT:USDT,0.08652,57.0,0.08651,8.0,0.08653,355.0,0.08654,298.0
1753533269250,12:34:29.250,BMT/USDT:USDT,0.08652,57.0,0.08651,8.0,0.08653,57.0,0.08654,298.0
1753533269351,12:34:29.351,BMT/USDT:USDT,0.08652,57.0,0.08651,8.0,0.08653,57.0,0.08654,298.0
1753533269558,12:34:29.558,BMT/USDT:USDT,0.0865,85.0,0.08649,18.0,0.08652,749.0,0.08653,355.0
1753533269632,12:34:29.632,BMT/USDT:USDT,0.0865,85.0,0.08649,18.0,0.08652,371.0,0.08653,371.0
1753533269703,12:34:29.703,BMT/USDT:USDT,0.0865,85.0,0.08649,18.0,0.08652,371.0,0.08653,371.0
1753533269883,12:34:29.883,BMT/USDT:USDT,0.0865,85.0,0.08649,18.0,0.08652,371.0,0.08653,371.0
1753533270014,12:34:30.014,BMT/USDT:USDT,0.0865,85.0,0.08649,18.0,0.08652,371.0,0.08653,371.0
1753533270133,12:34:30.133,BMT/USDT:USDT,0.0865,85.0,0.08649,18.0,0.08652,371.0,0.08653,371.0
1753533270333,12:34:30.333,BMT/USDT:USDT,0.0865,85.0,0.08649,18.0,0.08652,371.0,0.08653,371.0
1753533270552,12:34:30.552,BMT/USDT:USDT,0.0865,85.0,0.08649,18.0,0.08652,371.0,0.08653,371.0
1753533270652,12:34:30.652,BMT/USDT:USDT,0.0865,85.0,0.08649,18.0,0.08652,355.0,0.08653,363.0
1753533270934,12:34:30.934,BMT/USDT:USDT,0.0865,85.0,0.08649,18.0,0.08652,355.0,0.08653,371.0
1753533270979,12:34:30.979,BMT/USDT:USDT,0.0865,85.0,0.08649,18.0,0.08652,355.0,0.08653,371.0
1753533271372,12:34:31.372,BMT/USDT:USDT,0.0865,85.0,0.08649,18.0,0.08652,355.0,0.08653,371.0
1753533272259,12:34:32.259,BMT/USDT:USDT,0.0865,85.0,0.08649,18.0,0.08652,355.0,0.08653,371.0
1753533272490,12:34:32.490,BMT/USDT:USDT,0.0865,85.0,0.08649,18.0,0.08652,355.0,0.08653,371.0
1753533273013,12:34:33.013,BMT/USDT:USDT,0.0865,85.0,0.08649,18.0,0.08652,355.0,0.08653,371.0
1753533273513,12:34:33.513,BMT/USDT:USDT,0.0865,85.0,0.08649,18.0,0.08652,355.0,0.08653,371.0
1753533273661,12:34:33.661,BMT/USDT:USDT,0.08651,57.0,0.0865,85.0,0.08652,355.0,0.08653,363.0
1753533273706,12:34:33.706,BMT/USDT:USDT,0.08651,57.0,0.08649,92.0,0.08652,355.0,0.08653,355.0
1753533273812,12:34:33.812,BMT/USDT:USDT,0.08651,57.0,0.08649,92.0,0.08652,355.0,0.08653,355.0
1753533274637,12:34:34.637,BMT/USDT:USDT,0.08651,57.0,0.08649,92.0,0.08652,355.0,0.08653,355.0
1753533274683,12:34:34.683,BMT/USDT:USDT,0.08651,57.0,0.08649,92.0,0.08652,355.0,0.08653,355.0
1753533275059,12:34:35.059,BMT/USDT:USDT,0.08651,57.0,0.08649,92.0,0.08652,355.0,0.08653,355.0
1753533275467,12:34:35.467,BMT/USDT:USDT,0.08651,57.0,0.08649,92.0,0.08652,355.0,0.08653,355.0
1753533278225,12:34:38.225,BMT/USDT:USDT,0.08651,57.0,0.08649,92.0,0.08652,355.0,0.08653,363.0
1753533278958,12:34:38.958,BMT/USDT:USDT,0.08651,57.0,0.08649,92.0,0.08652,355.0,0.08653,363.0
1753533279484,12:34:39.484,BMT/USDT:USDT,0.08651,57.0,0.08649,92.0,0.08652,355.0,0.08653,363.0
1753533279658,12:34:39.658,BMT/USDT:USDT,0.08651,57.0,0.08649,84.0,0.08652,355.0,0.08653,363.0
1753533279675,12:34:39.675,BMT/USDT:USDT,0.08651,57.0,0.08649,84.0,0.08652,355.0,0.08653,371.0
1753533280248,12:34:40.248,BMT/USDT:USDT,0.08651,65.0,0.0865,16.0,0.08652,298.0,0.08653,355.0
1753533280346,12:34:40.346,BMT/USDT:USDT,0.08651,57.0,0.0865,16.0,0.08652,298.0,0.08653,355.0
1753533280696,12:34:40.696,BMT/USDT:USDT,0.08651,57.0,0.0865,16.0,0.08652,298.0,0.08653,355.0
1753533280908,12:34:40.908,BMT/USDT:USDT,0.08651,57.0,0.08649,84.0,0.08652,298.0,0.08653,355.0
1753533281045,12:34:41.045,BMT/USDT:USDT,0.08651,57.0,0.0865,8.0,0.08652,298.0,0.08653,355.0
1753533281666,12:34:41.666,BMT/USDT:USDT,0.08649,26.0,0.08648,174.0,0.08652,298.0,0.08653,355.0
1753533281682,12:34:41.682,BMT/USDT:USDT,0.08649,8.0,0.08648,192.0,0.08652,298.0,0.08653,355.0
1753533281919,12:34:41.919,BMT/USDT:USDT,0.08648,192.0,0.08642,288.0,0.08652,298.0,0.08653,355.0
1753533282056,12:34:42.056,BMT/USDT:USDT,0.08648,182.0,0.08646,66.0,0.08652,298.0,0.08653,355.0
1753533282079,12:34:42.079,BMT/USDT:USDT,0.08648,182.0,0.08647,18.0,0.08652,298.0,0.08653,355.0
1753533282337,12:34:42.337,BMT/USDT:USDT,0.08648,182.0,0.08647,18.0,0.08652,298.0,0.08653,355.0
1753533282764,12:34:42.764,BMT/USDT:USDT,0.08648,182.0,0.08647,18.0,0.08652,298.0,0.08653,355.0
1753533283067,12:34:43.067,BMT/USDT:USDT,0.08651,57.0,0.0865,8.0,0.08652,298.0,0.08653,355.0
1753533283079,12:34:43.079,BMT/USDT:USDT,0.08651,57.0,0.08649,84.0,0.08652,298.0,0.08653,355.0
1753533283192,12:34:43.192,BMT/USDT:USDT,0.08651,57.0,0.08649,84.0,0.08652,298.0,0.08653,355.0
1753533283371,12:34:43.371,BMT/USDT:USDT,0.08651,57.0,0.0865,8.0,0.08652,298.0,0.08653,355.0
1753533283425,12:34:43.425,BMT/USDT:USDT,0.08651,57.0,0.08649,84.0,0.08652,298.0,0.08653,355.0
1753533283613,12:34:43.613,BMT/USDT:USDT,0.08651,57.0,0.08649,84.0,0.08652,298.0,0.08653,355.0
1753533283785,12:34:43.785,BMT/USDT:USDT,0.08651,57.0,0.0865,8.0,0.08652,298.0,0.08653,355.0
1753533283954,12:34:43.954,BMT/USDT:USDT,0.08651,57.0,0.0865,8.0,0.08652,298.0,0.08653,355.0
1753533284234,12:34:44.234,BMT/USDT:USDT,0.08649,18.0,0.08648,174.0,0.08652,306.0,0.08653,355.0
1753533284364,12:34:44.364,BMT/USDT:USDT,0.08648,192.0,0.08646,66.0,0.08652,306.0,0.08653,355.0
1753533284437,12:34:44.437,BMT/USDT:USDT,0.08648,174.0,0.08647,18.0,0.08652,298.0,0.08653,355.0
1753533284857,12:34:44.857,BMT/USDT:USDT,0.08648,174.0,0.08647,18.0,0.08652,298.0,0.08653,355.0
1753533285057,12:34:45.057,BMT/USDT:USDT,0.08648,182.0,0.08647,18.0,0.08652,298.0,0.08653,355.0
1753533285684,12:34:45.684,BMT/USDT:USDT,0.08648,182.0,0.08647,18.0,0.08652,298.0,0.08653,355.0
1753533286099,12:34:46.099,BMT/USDT:USDT,0.08648,182.0,0.08647,18.0,0.08652,298.0,0.08653,355.0
1753533288068,12:34:48.068,BMT/USDT:USDT,0.08648,182.0,0.08647,18.0,0.08652,306.0,0.08653,355.0
1753533288073,12:34:48.073,BMT/USDT:USDT,0.08648,182.0,0.08647,18.0,0.08652,298.0,0.08653,355.0
1753533288483,12:34:48.483,BMT/USDT:USDT,0.08648,182.0,0.08647,18.0,0.08652,298.0,0.08653,355.0
1753533289088,12:34:49.088,BMT/USDT:USDT,0.08648,182.0,0.08647,18.0,0.08652,298.0,0.08653,355.0
1753533289754,12:34:49.754,BMT/USDT:USDT,0.08648,182.0,0.08647,18.0,0.08652,298.0,0.08653,355.0
1753533289826,12:34:49.826,BMT/USDT:USDT,0.08648,182.0,0.08647,18.0,0.08652,298.0,0.08653,355.0
1753533290538,12:34:50.538,BMT/USDT:USDT,0.08648,182.0,0.08647,18.0,0.08652,298.0,0.08653,355.0
1753533290955,12:34:50.955,BMT/USDT:USDT,0.08648,182.0,0.08647,18.0,0.08652,298.0,0.08653,355.0
1753533291990,12:34:51.990,BMT/USDT:USDT,0.08648,182.0,0.08647,18.0,0.08652,298.0,0.08653,355.0
1753533293185,12:34:53.185,BMT/USDT:USDT,0.08648,182.0,0.08647,18.0,0.08652,298.0,0.08653,355.0
1753533293894,12:34:53.894,BMT/USDT:USDT,0.08648,182.0,0.08647,18.0,0.08652,298.0,0.08653,355.0
1753533294940,12:34:54.940,BMT/USDT:USDT,0.08648,182.0,0.08647,319.0,0.08652,298.0,0.08653,355.0
1753533294990,12:34:54.990,BMT/USDT:USDT,0.08648,182.0,0.08647,319.0,0.08652,298.0,0.08653,355.0
1753533295534,12:34:55.534,BMT/USDT:USDT,0.08648,182.0,0.08647,319.0,0.08652,298.0,0.08653,355.0
1753533296288,12:34:56.288,BMT/USDT:USDT,0.08648,182.0,0.08647,319.0,0.08652,298.0,0.08653,355.0
1753533296618,12:34:56.618,BMT/USDT:USDT,0.08648,182.0,0.08647,319.0,0.08652,298.0,0.08653,355.0
1753533297696,12:34:57.696,BMT/USDT:USDT,0.08648,182.0,0.08647,319.0,0.08652,298.0,0.08653,355.0
1753533298169,12:34:58.169,BMT/USDT:USDT,0.08648,182.0,0.08647,319.0,0.08652,298.0,0.08653,355.0
1753533298685,12:34:58.685,BMT/USDT:USDT,0.08648,182.0,0.08647,319.0,0.08652,298.0,0.08653,355.0
1753533301554,12:35:01.554,BMT/USDT:USDT,0.08648,182.0,0.08647,18.0,0.08652,298.0,0.08653,355.0
1753533301856,12:35:01.856,BMT/USDT:USDT,0.08648,182.0,0.08647,18.0,0.08652,298.0,0.08653,355.0
1753533303067,12:35:03.067,BMT/USDT:USDT,0.08648,182.0,0.08647,315.0,0.08652,298.0,0.08653,355.0
1753533303142,12:35:03.142,BMT/USDT:USDT,0.08649,57.0,0.08648,182.0,0.08653,355.0,0.08654,298.0
1753533303185,12:35:03.185,BMT/USDT:USDT,0.08649,75.0,0.08648,182.0,0.08653,355.0,0.08654,298.0
1753533303359,12:35:03.359,BMT/USDT:USDT,0.08649,75.0,0.08648,182.0,0.08653,355.0,0.08654,298.0
1753533303485,12:35:03.485,BMT/USDT:USDT,0.08649,75.0,0.08648,182.0,0.08653,355.0,0.08654,298.0
1753533303899,12:35:03.899,BMT/USDT:USDT,0.08649,75.0,0.08648,182.0,0.08653,355.0,0.08654,298.0
1753533304816,12:35:04.816,BMT/USDT:USDT,0.08649,83.0,0.08648,182.0,0.08653,355.0,0.08654,298.0
1753533305126,12:35:05.126,BMT/USDT:USDT,0.08649,83.0,0.08648,182.0,0.08653,355.0,0.08654,298.0
1753533306094,12:35:06.094,BMT/USDT:USDT,0.08649,83.0,0.08648,182.0,0.08653,359.0,0.08654,298.0
1753533307271,12:35:07.271,BMT/USDT:USDT,0.0865,57.0,0.08649,83.0,0.08653,359.0,0.08654,298.0
1753533307316,12:35:07.316,BMT/USDT:USDT,0.08652,57.0,0.0865,57.0,0.08653,363.0,0.08654,298.0
1753533307570,12:35:07.570,BMT/USDT:USDT,0.08652,57.0,0.0865,57.0,0.08653,363.0,0.08654,298.0
1753533308043,12:35:08.043,BMT/USDT:USDT,0.0865,57.0,0.08649,26.0,0.08653,363.0,0.08654,298.0
1753533308077,12:35:08.077,BMT/USDT:USDT,0.0865,57.0,0.08649,26.0,0.08653,363.0,0.08654,298.0
1753533308284,12:35:08.284,BMT/USDT:USDT,0.0865,57.0,0.08649,26.0,0.08653,363.0,0.08654,298.0
1753533308405,12:35:08.405,BMT/USDT:USDT,0.0865,57.0,0.08649,26.0,0.08653,363.0,0.08654,298.0
1753533308829,12:35:08.829,BMT/USDT:USDT,0.0865,57.0,0.08649,26.0,0.08653,363.0,0.08654,298.0
1753533309110,12:35:09.110,BMT/USDT:USDT,0.0865,57.0,0.08649,26.0,0.08653,363.0,0.08654,298.0
1753533309657,12:35:09.657,BMT/USDT:USDT,0.0865,57.0,0.08649,26.0,0.08653,363.0,0.08654,298.0
1753533310446,12:35:10.446,BMT/USDT:USDT,0.08649,26.0,0.08648,174.0,0.08653,363.0,0.08654,298.0
1753533310484,12:35:10.484,BMT/USDT:USDT,0.08649,8.0,0.08648,192.0,0.08653,363.0,0.08654,298.0
1753533310898,12:35:10.898,BMT/USDT:USDT,0.08649,8.0,0.08648,192.0,0.08653,363.0,0.08654,298.0
1753533311086,12:35:11.086,BMT/USDT:USDT,0.08649,8.0,0.08648,192.0,0.08653,363.0,0.08654,298.0
1753533311246,12:35:11.246,BMT/USDT:USDT,0.08649,8.0,0.08648,192.0,0.08653,363.0,0.08654,298.0
1753533311318,12:35:11.318,BMT/USDT:USDT,0.08649,8.0,0.08648,192.0,0.08653,363.0,0.08654,298.0
1753533311735,12:35:11.735,BMT/USDT:USDT,0.08649,8.0,0.08648,192.0,0.08653,363.0,0.08654,298.0
1753533312914,12:35:12.914,BMT/USDT:USDT,0.08649,8.0,0.08648,192.0,0.08653,363.0,0.08654,298.0
1753533313085,12:35:13.085,BMT/USDT:USDT,0.08649,8.0,0.08648,192.0,0.08653,363.0,0.08654,298.0
1753533313497,12:35:13.497,BMT/USDT:USDT,0.0865,57.0,0.08649,8.0,0.08653,363.0,0.08654,298.0
1753533313768,12:35:13.768,BMT/USDT:USDT,0.0865,57.0,0.08649,8.0,0.08653,363.0,0.08654,298.0
1753533314595,12:35:14.595,BMT/USDT:USDT,0.0865,57.0,0.08649,8.0,0.08653,363.0,0.08654,298.0
1753533315015,12:35:15.015,BMT/USDT:USDT,0.0865,57.0,0.08649,8.0,0.08653,363.0,0.08654,298.0
1753533315363,12:35:15.363,BMT/USDT:USDT,0.0865,57.0,0.08649,8.0,0.08653,363.0,0.08654,298.0
1753533315913,12:35:15.913,BMT/USDT:USDT,0.0865,57.0,0.08649,8.0,0.08653,371.0,0.08654,298.0
1753533316240,12:35:16.240,BMT/USDT:USDT,0.0865,57.0,0.08649,8.0,0.08653,371.0,0.08654,298.0
1753533317062,12:35:17.062,BMT/USDT:USDT,0.08652,57.0,0.0865,66.0,0.08653,363.0,0.08654,298.0
1753533317101,12:35:17.101,BMT/USDT:USDT,0.08652,57.0,0.0865,66.0,0.08653,363.0,0.08654,298.0
1753533317406,12:35:17.406,BMT/USDT:USDT,0.08652,57.0,0.0865,66.0,0.08653,363.0,0.08654,306.0
1753533317482,12:35:17.482,BMT/USDT:USDT,0.08652,57.0,0.0865,66.0,0.08653,363.0,0.08654,306.0
1753533317674,12:35:17.674,BMT/USDT:USDT,0.08652,57.0,0.0865,66.0,0.08653,363.0,0.08654,306.0
1753533317913,12:35:17.913,BMT/USDT:USDT,0.08652,57.0,0.0865,66.0,0.08653,363.0,0.08654,306.0
1753533318141,12:35:18.141,BMT/USDT:USDT,0.0865,66.0,0.08649,8.0,0.08653,363.0,0.08654,306.0
1753533318175,12:35:18.175,BMT/USDT:USDT,0.0865,66.0,0.08649,8.0,0.08653,363.0,0.08654,306.0
1753533318343,12:35:18.343,BMT/USDT:USDT,0.0865,66.0,0.08649,8.0,0.08653,363.0,0.08654,306.0
1753533318560,12:35:18.560,BMT/USDT:USDT,0.08652,57.0,0.0865,74.0,0.08653,57.0,0.08654,298.0
1753533318664,12:35:18.664,BMT/USDT:USDT,0.08652,57.0,0.0865,74.0,0.08653,57.0,0.08654,306.0
1753533318705,12:35:18.705,BMT/USDT:USDT,0.08652,57.0,0.0865,66.0,0.08653,57.0,0.08654,306.0
1753533318774,12:35:18.774,BMT/USDT:USDT,0.08652,57.0,0.0865,66.0,0.08653,57.0,0.08654,306.0
1753533319609,12:35:19.609,BMT/USDT:USDT,0.08652,57.0,0.0865,66.0,0.08653,57.0,0.08654,306.0
1753533320028,12:35:20.028,BMT/USDT:USDT,0.08652,57.0,0.0865,66.0,0.08653,57.0,0.08654,306.0
1753533321557,12:35:21.557,BMT/USDT:USDT,0.08648,192.0,0.08646,66.0,0.08653,356.0,0.08654,298.0
1753533321654,12:35:21.654,BMT/USDT:USDT,0.08648,174.0,0.08647,317.0,0.08653,356.0,0.08654,298.0
1753533322685,12:35:22.685,BMT/USDT:USDT,0.08648,174.0,0.08647,317.0,0.08653,356.0,0.08654,298.0
1753533322884,12:35:22.884,BMT/USDT:USDT,0.08648,174.0,0.08647,317.0,0.08653,356.0,0.08654,298.0
1753533324460,12:35:24.460,BMT/USDT:USDT,0.08652,57.0,0.08649,73.0,0.08653,356.0,0.08654,298.0
1753533324513,12:35:24.513,BMT/USDT:USDT,0.08652,57.0,0.0865,66.0,0.08653,356.0,0.08654,298.0
1753533324593,12:35:24.593,BMT/USDT:USDT,0.08652,57.0,0.0865,66.0,0.08653,356.0,0.08654,298.0
1753533324857,12:35:24.857,BMT/USDT:USDT,0.08652,57.0,0.0865,66.0,0.08653,356.0,0.08654,306.0
1753533324939,12:35:24.939,BMT/USDT:USDT,0.08652,57.0,0.0865,66.0,0.08653,356.0,0.08654,306.0
1753533325317,12:35:25.317,BMT/USDT:USDT,0.0865,66.0,0.08649,26.0,0.08653,356.0,0.08654,314.0
1753533325797,12:35:25.797,BMT/USDT:USDT,0.0865,66.0,0.08649,26.0,0.08653,356.0,0.08654,314.0
1753533326226,12:35:26.226,BMT/USDT:USDT,0.0865,66.0,0.08649,26.0,0.08653,356.0,0.08654,314.0
1753533326288,12:35:26.288,BMT/USDT:USDT,0.08649,26.0,0.08648,174.0,0.08653,356.0,0.08654,314.0
1753533326431,12:35:26.431,BMT/USDT:USDT,0.08649,8.0,0.08648,192.0,0.08653,356.0,0.08654,314.0
1753533327501,12:35:27.501,BMT/USDT:USDT,0.08649,8.0,0.08648,192.0,0.08653,356.0,0.08654,314.0
1753533329898,12:35:29.898,BMT/USDT:USDT,0.08649,8.0,0.08648,192.0,0.08652,288.0,0.08653,356.0
1753533329984,12:35:29.984,BMT/USDT:USDT,0.08649,8.0,0.08648,192.0,0.08652,296.0,0.08653,356.0
1753533330271,12:35:30.271,BMT/USDT:USDT,0.08649,8.0,0.08648,192.0,0.08652,296.0,0.08653,356.0
1753533330644,12:35:30.644,BMT/USDT:USDT,0.08649,8.0,0.08648,192.0,0.08652,296.0,0.08653,356.0
1753533330690,12:35:30.690,BMT/USDT:USDT,0.08649,8.0,0.08648,192.0,0.08652,296.0,0.08653,356.0
1753533331956,12:35:31.956,BMT/USDT:USDT,0.08651,57.0,0.08649,8.0,0.08653,356.0,0.08654,306.0
1753533332023,12:35:32.023,BMT/USDT:USDT,0.08651,57.0,0.08649,74.0,0.08653,356.0,0.08654,314.0
1753533332075,12:35:32.075,BMT/USDT:USDT,0.08651,57.0,0.08649,74.0,0.08653,356.0,0.08654,314.0
1753533332287,12:35:32.287,BMT/USDT:USDT,0.08651,57.0,0.08649,74.0,0.08653,356.0,0.08654,314.0
1753533332747,12:35:32.747,BMT/USDT:USDT,0.08651,57.0,0.08649,74.0,0.08653,356.0,0.08654,314.0
1753533332825,12:35:32.825,BMT/USDT:USDT,0.08651,57.0,0.08649,74.0,0.08653,356.0,0.08654,314.0
1753533333588,12:35:33.588,BMT/USDT:USDT,0.08651,57.0,0.08649,74.0,0.08653,356.0,0.08654,314.0
1753533333954,12:35:33.954,BMT/USDT:USDT,0.08649,82.0,0.08648,192.0,0.08653,356.0,0.08654,314.0
1753533334012,12:35:34.012,BMT/USDT:USDT,0.08649,82.0,0.08648,192.0,0.08653,356.0,0.08654,314.0
1753533334831,12:35:34.831,BMT/USDT:USDT,0.08649,82.0,0.08648,192.0,0.08653,356.0,0.08654,314.0
1753533335245,12:35:35.245,BMT/USDT:USDT,0.08649,82.0,0.08648,192.0,0.08653,356.0,0.08654,314.0
1753533336063,12:35:36.063,BMT/USDT:USDT,0.08649,82.0,0.08648,192.0,0.08653,356.0,0.08654,314.0
1753533336076,12:35:36.076,BMT/USDT:USDT,0.08649,82.0,0.08648,192.0,0.08653,356.0,0.08654,314.0
1753533336869,12:35:36.869,BMT/USDT:USDT,0.08649,82.0,0.08648,192.0,0.08653,356.0,0.08654,314.0
1753533337086,12:35:37.086,BMT/USDT:USDT,0.08649,82.0,0.08648,192.0,0.08653,356.0,0.08654,314.0
1753533337784,12:35:37.784,BMT/USDT:USDT,0.08649,82.0,0.08648,192.0,0.08653,356.0,0.08654,314.0
1753533340512,12:35:40.512,BMT/USDT:USDT,0.08649,82.0,0.08648,192.0,0.08653,356.0,0.08654,314.0
1753533341894,12:35:41.894,BMT/USDT:USDT,0.08649,82.0,0.08648,192.0,0.08653,356.0,0.08654,314.0
1753533346693,12:35:46.693,BMT/USDT:USDT,0.08649,82.0,0.08648,192.0,0.08653,356.0,0.08654,314.0
1753533346861,12:35:46.861,BMT/USDT:USDT,0.0865,57.0,0.08649,82.0,0.08652,298.0,0.08653,356.0
1753533346935,12:35:46.935,BMT/USDT:USDT,0.0865,57.0,0.08649,8.0,0.08652,298.0,0.08653,356.0
1753533347086,12:35:47.086,BMT/USDT:USDT,0.0865,57.0,0.08648,192.0,0.08652,298.0,0.08653,356.0
1753533347654,12:35:47.654,BMT/USDT:USDT,0.0865,57.0,0.08648,192.0,0.08652,298.0,0.08653,356.0
1753533347757,12:35:47.757,BMT/USDT:USDT,0.0865,57.0,0.08648,192.0,0.08652,298.0,0.08653,356.0
1753533347914,12:35:47.914,BMT/USDT:USDT,0.08651,57.0,0.08648,192.0,0.08652,8.0,0.08653,356.0
1753533347982,12:35:47.982,BMT/USDT:USDT,0.08651,57.0,0.08649,66.0,0.08652,8.0,0.08653,356.0
1753533348087,12:35:48.087,BMT/USDT:USDT,0.08651,57.0,0.08649,66.0,0.08652,8.0,0.08653,356.0
1753533348177,12:35:48.177,BMT/USDT:USDT,0.08651,57.0,0.08649,66.0,0.08652,8.0,0.08653,356.0
1753533348605,12:35:48.605,BMT/USDT:USDT,0.08651,57.0,0.08649,66.0,0.08652,8.0,0.08653,356.0
1753533349311,12:35:49.311,BMT/USDT:USDT,0.08651,57.0,0.08649,66.0,0.08652,8.0,0.08653,356.0
1753533349703,12:35:49.703,BMT/USDT:USDT,0.08651,57.0,0.08649,66.0,0.08652,8.0,0.08653,356.0
1753533350154,12:35:50.154,BMT/USDT:USDT,0.08651,57.0,0.08649,66.0,0.08653,65.0,0.08654,306.0
1753533350249,12:35:50.249,BMT/USDT:USDT,0.08651,57.0,0.08649,66.0,0.08653,65.0,0.08654,306.0
1753533350690,12:35:50.690,BMT/USDT:USDT,0.08651,57.0,0.08649,66.0,0.08653,65.0,0.08654,306.0
1753533351112,12:35:51.112,BMT/USDT:USDT,0.08651,57.0,0.08649,66.0,0.08653,65.0,0.08654,306.0
1753533351198,12:35:51.198,BMT/USDT:USDT,0.08651,57.0,0.08649,66.0,0.08653,65.0,0.08654,298.0
1753533351488,12:35:51.488,BMT/USDT:USDT,0.08651,57.0,0.08649,66.0,0.08653,65.0,0.08654,298.0
1753533352334,12:35:52.334,BMT/USDT:USDT,0.08651,57.0,0.08649,364.0,0.08653,57.0,0.08654,298.0
1753533352394,12:35:52.394,BMT/USDT:USDT,0.08651,57.0,0.0865,18.0,0.08653,57.0,0.08654,298.0
1753533352535,12:35:52.535,BMT/USDT:USDT,0.08652,57.0,0.0865,18.0,0.08656,289.0,0.08658,611.0
1753533352578,12:35:52.578,BMT/USDT:USDT,0.08652,57.0,0.0865,18.0,0.08656,289.0,0.08658,611.0
1753533352735,12:35:52.735,BMT/USDT:USDT,0.08652,57.0,0.0865,18.0,0.08656,289.0,0.08658,611.0
1753533352773,12:35:52.773,BMT/USDT:USDT,0.08652,57.0,0.0865,84.0,0.08656,289.0,0.08658,611.0
1753533352934,12:35:52.934,BMT/USDT:USDT,0.08652,57.0,0.0865,84.0,0.08656,298.0,0.08658,22.0
1753533353067,12:35:53.067,BMT/USDT:USDT,0.08652,57.0,0.0865,84.0,0.08655,298.0,0.08656,306.0
1753533353717,12:35:53.717,BMT/USDT:USDT,0.0865,18.0,0.08649,298.0,0.08655,298.0,0.08656,306.0
1753533353957,12:35:53.957,BMT/USDT:USDT,0.0865,18.0,0.08649,298.0,0.08655,298.0,0.08656,306.0
1753533354852,12:35:54.852,BMT/USDT:USDT,0.08652,57.0,0.08651,8.0,0.08655,298.0,0.08656,306.0
1753533354957,12:35:54.957,BMT/USDT:USDT,0.08652,57.0,0.08651,8.0,0.08655,298.0,0.08656,306.0
1753533355212,12:35:55.212,BMT/USDT:USDT,0.08652,57.0,0.08651,8.0,0.08655,298.0,0.08656,306.0
1753533355330,12:35:55.330,BMT/USDT:USDT,0.08652,57.0,0.08651,8.0,0.08655,298.0,0.08656,306.0
1753533355640,12:35:55.640,BMT/USDT:USDT,0.08652,57.0,0.08651,8.0,0.08655,298.0,0.08656,306.0
1753533355941,12:35:55.941,BMT/USDT:USDT,0.08651,8.0,0.0865,18.0,0.08655,298.0,0.08656,306.0
1753533356071,12:35:56.071,BMT/USDT:USDT,0.08651,8.0,0.0865,18.0,0.08655,298.0,0.08656,306.0
1753533356354,12:35:56.354,BMT/USDT:USDT,0.08651,8.0,0.0865,18.0,0.08655,298.0,0.08656,306.0
1753533356414,12:35:56.414,BMT/USDT:USDT,0.08651,8.0,0.0865,18.0,0.08655,298.0,0.08656,306.0
1753533356896,12:35:56.896,BMT/USDT:USDT,0.08651,8.0,0.0865,18.0,0.08655,298.0,0.08656,306.0
1753533358225,12:35:58.225,BMT/USDT:USDT,0.08652,57.0,0.08651,8.0,0.08655,298.0,0.08656,306.0
1753533358278,12:35:58.278,BMT/USDT:USDT,0.08652,57.0,0.08651,8.0,0.08655,298.0,0.08656,306.0
1753533358517,12:35:58.517,BMT/USDT:USDT,0.08652,57.0,0.08651,8.0,0.08655,298.0,0.08656,306.0
1753533358937,12:35:58.937,BMT/USDT:USDT,0.08652,57.0,0.08651,8.0,0.08655,298.0,0.08656,306.0
1753533359919,12:35:59.919,BMT/USDT:USDT,0.08651,8.0,0.0865,18.0,0.08655,298.0,0.08656,306.0
1753533359989,12:35:59.989,BMT/USDT:USDT,0.08651,8.0,0.0865,18.0,0.08655,298.0,0.08656,306.0
1753533360158,12:36:00.158,BMT/USDT:USDT,0.08651,8.0,0.0865,18.0,0.08655,298.0,0.08656,306.0
1753533360988,12:36:00.988,BMT/USDT:USDT,0.08651,8.0,0.0865,18.0,0.08655,298.0,0.08656,306.0
1753533361089,12:36:01.089,BMT/USDT:USDT,0.08651,8.0,0.0865,18.0,0.08655,298.0,0.08656,306.0
1753533362134,12:36:02.134,BMT/USDT:USDT,0.08651,8.0,0.0865,18.0,0.08655,298.0,0.08656,306.0
1753533364160,12:36:04.160,BMT/USDT:USDT,0.08651,8.0,0.0865,18.0,0.08655,298.0,0.08656,306.0
1753533364662,12:36:04.662,BMT/USDT:USDT,0.08651,8.0,0.0865,18.0,0.08655,298.0,0.08656,306.0
1753533365887,12:36:05.887,BMT/USDT:USDT,0.08651,8.0,0.0865,18.0,0.08655,298.0,0.08656,306.0
1753533366064,12:36:06.064,BMT/USDT:USDT,0.08651,8.0,0.0865,18.0,0.08655,298.0,0.08656,306.0
1753533366350,12:36:06.350,BMT/USDT:USDT,0.0865,18.0,0.08649,298.0,0.08655,298.0,0.08656,306.0
1753533366644,12:36:06.644,BMT/USDT:USDT,0.0865,18.0,0.08649,298.0,0.08655,298.0,0.08656,306.0
1753533367941,12:36:07.941,BMT/USDT:USDT,0.0865,18.0,0.08649,298.0,0.08655,298.0,0.08656,306.0
1753533368275,12:36:08.275,BMT/USDT:USDT,0.0865,18.0,0.08649,298.0,0.08655,298.0,0.08656,306.0
1753533369029,12:36:09.029,BMT/USDT:USDT,0.08654,57.0,0.08651,65.0,0.08656,306.0,0.08658,22.0
1753533369123,12:36:09.123,BMT/USDT:USDT,0.08651,73.0,0.0865,18.0,0.08656,306.0,0.08658,22.0
1753533369228,12:36:09.228,BMT/USDT:USDT,0.08651,73.0,0.0865,18.0,0.08655,301.0,0.08656,306.0
1753533369425,12:36:09.425,BMT/USDT:USDT,0.08651,73.0,0.0865,18.0,0.08655,301.0,0.08656,306.0
1753533369545,12:36:09.545,BMT/USDT:USDT,0.08651,73.0,0.0865,18.0,0.08655,301.0,0.08656,306.0
1753533369975,12:36:09.975,BMT/USDT:USDT,0.08651,73.0,0.0865,18.0,0.08655,301.0,0.08656,306.0
1753533370687,12:36:10.687,BMT/USDT:USDT,0.08651,73.0,0.0865,18.0,0.08655,301.0,0.08656,306.0
1753533370808,12:36:10.808,BMT/USDT:USDT,0.08651,73.0,0.0865,18.0,0.08655,301.0,0.08656,306.0
1753533372734,12:36:12.734,BMT/USDT:USDT,0.0865,18.0,0.08648,174.0,0.08655,301.0,0.08656,306.0
1753533372856,12:36:12.856,BMT/USDT:USDT,0.08648,192.0,0.08647,288.0,0.08655,301.0,0.08656,306.0
1753533372894,12:36:12.894,BMT/USDT:USDT,0.08648,192.0,0.08647,288.0,0.08655,301.0,0.08656,306.0
1753533373660,12:36:13.660,BMT/USDT:USDT,0.08648,192.0,0.08647,288.0,0.08655,301.0,0.08656,306.0
1753533375561,12:36:15.561,BMT/USDT:USDT,0.0865,57.0,0.08649,301.0,0.08655,301.0,0.08656,306.0
1753533375665,12:36:15.665,BMT/USDT:USDT,0.08651,57.0,0.0865,34.0,0.08655,301.0,0.08656,306.0
1753533375701,12:36:15.701,BMT/USDT:USDT,0.08651,57.0,0.0865,34.0,0.08655,301.0,0.08656,306.0
1753533376931,12:36:16.931,BMT/USDT:USDT,0.08651,57.0,0.0865,34.0,0.08655,301.0,0.08656,306.0
1753533377346,12:36:17.346,BMT/USDT:USDT,0.08651,57.0,0.0865,34.0,0.08655,301.0,0.08656,306.0
1753533377968,12:36:17.968,BMT/USDT:USDT,0.08653,57.0,0.08652,73.0,0.08656,298.0,0.08658,22.0
1753533378056,12:36:18.056,BMT/USDT:USDT,0.08653,57.0,0.08652,16.0,0.08656,298.0,0.08658,22.0
1753533378168,12:36:18.168,BMT/USDT:USDT,0.08653,57.0,0.08652,16.0,0.08656,1159.0,0.08658,22.0
1753533378589,12:36:18.589,BMT/USDT:USDT,0.08653,57.0,0.08652,16.0,0.08656,1159.0,0.08658,22.0
1753533379005,12:36:19.005,BMT/USDT:USDT,0.08653,57.0,0.08652,16.0,0.08656,1159.0,0.08658,22.0
1753533379425,12:36:19.425,BMT/USDT:USDT,0.08653,57.0,0.08652,16.0,0.08656,1159.0,0.08658,22.0
1753533379515,12:36:19.515,BMT/USDT:USDT,0.08653,57.0,0.08652,16.0,0.08656,1159.0,0.08658,22.0
1753533380301,12:36:20.301,BMT/USDT:USDT,0.08653,57.0,0.08652,16.0,0.08656,1159.0,0.08658,22.0
1753533380869,12:36:20.869,BMT/USDT:USDT,0.08653,57.0,0.08652,16.0,0.08656,1159.0,0.08658,22.0
1753533380872,12:36:20.872,BMT/USDT:USDT,0.08653,57.0,0.08652,16.0,0.08656,1159.0,0.08658,22.0
1753533380978,12:36:20.978,BMT/USDT:USDT,0.08653,57.0,0.08652,34.0,0.08656,1159.0,0.08658,22.0
1753533382914,12:36:22.914,BMT/USDT:USDT,0.08653,57.0,0.08652,34.0,0.08656,1159.0,0.08658,22.0
1753533384169,12:36:24.169,BMT/USDT:USDT,0.08652,34.0,0.08651,16.0,0.08656,1159.0,0.08658,22.0
1753533384258,12:36:24.258,BMT/USDT:USDT,0.08652,8.0,0.08651,26.0,0.08655,294.0,0.08656,1167.0
1753533384353,12:36:24.353,BMT/USDT:USDT,0.08652,8.0,0.08651,26.0,0.08655,294.0,0.08656,1167.0
1753533384405,12:36:24.405,BMT/USDT:USDT,0.08652,8.0,0.08651,26.0,0.08655,533.0,0.08656,1167.0
1753533384670,12:36:24.670,BMT/USDT:USDT,0.08652,8.0,0.08651,26.0,0.08655,533.0,0.08656,1167.0
1753533385088,12:36:25.088,BMT/USDT:USDT,0.08652,8.0,0.08651,26.0,0.08655,533.0,0.08656,1167.0
1753533386965,12:36:26.965,BMT/USDT:USDT,0.08652,8.0,0.08651,26.0,0.08655,239.0,0.08656,1167.0
1753533387039,12:36:27.039,BMT/USDT:USDT,0.08652,8.0,0.08651,26.0,0.08656,1167.0,0.08658,22.0
1753533387093,12:36:27.093,BMT/USDT:USDT,0.08652,8.0,0.08651,26.0,0.08656,1167.0,0.08658,22.0
1753533387912,12:36:27.912,BMT/USDT:USDT,0.08652,8.0,0.08651,26.0,0.08656,1167.0,0.08658,22.0
1753533388768,12:36:28.768,BMT/USDT:USDT,0.08653,57.0,0.08652,8.0,0.08656,1159.0,0.08658,22.0
1753533388806,12:36:28.806,BMT/USDT:USDT,0.08653,57.0,0.08652,8.0,0.08656,1159.0,0.08658,22.0
1753533389133,12:36:29.133,BMT/USDT:USDT,0.08652,8.0,0.08651,26.0,0.08656,1159.0,0.08658,22.0
1753533389888,12:36:29.888,BMT/USDT:USDT,0.08652,8.0,0.08651,26.0,0.08656,1159.0,0.08658,22.0
1753533391124,12:36:31.124,BMT/USDT:USDT,0.08652,16.0,0.08651,26.0,0.08656,1159.0,0.08658,22.0
1753533392261,12:36:32.261,BMT/USDT:USDT,0.08652,16.0,0.08651,26.0,0.08656,1167.0,0.08658,22.0
1753533393128,12:36:33.128,BMT/USDT:USDT,0.08653,57.0,0.08652,16.0,0.08656,1167.0,0.08658,22.0
1753533393485,12:36:33.485,BMT/USDT:USDT,0.08653,57.0,0.08652,16.0,0.08656,1159.0,0.08658,22.0
1753533393969,12:36:33.969,BMT/USDT:USDT,0.08653,57.0,0.08652,16.0,0.08656,1159.0,0.08658,22.0
1753533393972,12:36:33.972,BMT/USDT:USDT,0.08653,57.0,0.08652,16.0,0.08656,1159.0,0.08658,22.0
1753533394693,12:36:34.693,BMT/USDT:USDT,0.08653,57.0,0.08652,16.0,0.08656,1159.0,0.08658,22.0
1753533394859,12:36:34.859,BMT/USDT:USDT,0.08652,16.0,0.08651,320.0,0.08656,1159.0,0.08658,22.0
1753533395996,12:36:35.996,BMT/USDT:USDT,0.08652,16.0,0.08651,320.0,0.08656,1159.0,0.08658,22.0
1753533396362,12:36:36.362,BMT/USDT:USDT,0.08652,16.0,0.08651,320.0,0.08656,1159.0,0.08658,22.0
1753533396669,12:36:36.669,BMT/USDT:USDT,0.08652,16.0,0.08651,26.0,0.08655,294.0,0.08656,1159.0
1753533396674,12:36:36.674,BMT/USDT:USDT,0.08653,57.0,0.08652,16.0,0.08655,294.0,0.08656,1159.0
1753533397771,12:36:37.771,BMT/USDT:USDT,0.08652,16.0,0.08651,26.0,0.08655,294.0,0.08656,1159.0
1753533397774,12:36:37.774,BMT/USDT:USDT,0.08652,16.0,0.08651,26.0,0.08655,294.0,0.08656,1159.0
1753533398020,12:36:38.020,BMT/USDT:USDT,0.08652,16.0,0.08651,26.0,0.08655,294.0,0.08656,1159.0
1753533398237,12:36:38.237,BMT/USDT:USDT,0.08652,16.0,0.08651,26.0,0.08655,294.0,0.08656,1159.0
1753533398342,12:36:38.342,BMT/USDT:USDT,0.08652,16.0,0.08651,26.0,0.08655,294.0,0.08656,1159.0
1753533398446,12:36:38.446,BMT/USDT:USDT,0.08652,16.0,0.08651,26.0,0.08655,294.0,0.08656,1159.0
1753533398552,12:36:38.552,BMT/USDT:USDT,0.08652,16.0,0.08651,26.0,0.08655,294.0,0.08656,1159.0
1753533398844,12:36:38.844,BMT/USDT:USDT,0.08652,16.0,0.08651,26.0,0.08655,294.0,0.08656,1159.0
1753533399488,12:36:39.488,BMT/USDT:USDT,0.08652,16.0,0.08651,26.0,0.08655,294.0,0.08656,1159.0
1753533400861,12:36:40.861,BMT/USDT:USDT,0.08652,8.0,0.08651,18.0,0.08655,302.0,0.08656,1159.0
1753533401358,12:36:41.358,BMT/USDT:USDT,0.08651,18.0,0.08649,66.0,0.08654,297.0,0.08655,626.0
1753533401410,12:36:41.410,BMT/USDT:USDT,0.08649,84.0,0.08648,174.0,0.08654,297.0,0.08655,626.0
1753533401671,12:36:41.671,BMT/USDT:USDT,0.08649,84.0,0.08648,471.0,0.08654,319.0,0.08655,604.0
1753533401696,12:36:41.696,BMT/USDT:USDT,0.08649,84.0,0.08648,471.0,0.08654,319.0,0.08655,604.0
1753533402119,12:36:42.119,BMT/USDT:USDT,0.08649,84.0,0.08648,471.0,0.08654,319.0,0.08655,604.0
1753533402265,12:36:42.265,BMT/USDT:USDT,0.08649,84.0,0.08648,471.0,0.08654,319.0,0.08655,604.0
1753533402562,12:36:42.562,BMT/USDT:USDT,0.08649,84.0,0.08648,471.0,0.08654,319.0,0.08655,604.0
1753533403060,12:36:43.060,BMT/USDT:USDT,0.08649,84.0,0.08648,471.0,0.08654,319.0,0.08655,604.0
1753533404289,12:36:44.289,BMT/USDT:USDT,0.08649,84.0,0.08648,471.0,0.08654,319.0,0.08655,604.0
1753533404955,12:36:44.955,BMT/USDT:USDT,0.08654,57.0,0.0865,65.0,0.08655,302.0,0.08656,1159.0
1753533405002,12:36:45.002,BMT/USDT:USDT,0.08654,57.0,0.08652,66.0,0.08655,302.0,0.08656,1159.0
1753533405156,12:36:45.156,BMT/USDT:USDT,0.08652,66.0,0.0865,74.0,0.08655,650.0,0.08656,1159.0
1753533405234,12:36:45.234,BMT/USDT:USDT,0.0865,74.0,0.08649,315.0,0.08655,680.0,0.08656,1159.0
1753533405294,12:36:45.294,BMT/USDT:USDT,0.0865,74.0,0.08649,315.0,0.08655,680.0,0.08656,1159.0
1753533405423,12:36:45.423,BMT/USDT:USDT,0.0865,74.0,0.08649,315.0,0.08655,680.0,0.08656,1159.0
1753533405858,12:36:45.858,BMT/USDT:USDT,0.0865,74.0,0.08649,315.0,0.08655,680.0,0.08656,1159.0
1753533405893,12:36:45.893,BMT/USDT:USDT,0.0865,74.0,0.08649,315.0,0.08655,680.0,0.08656,1159.0
1753533407162,12:36:47.162,BMT/USDT:USDT,0.08651,57.0,0.0865,74.0,0.08654,297.0,0.08655,680.0
1753533407214,12:36:47.214,BMT/USDT:USDT,0.08652,57.0,0.0865,74.0,0.08654,297.0,0.08655,680.0
1753533407287,12:36:47.287,BMT/USDT:USDT,0.08652,57.0,0.0865,74.0,0.08654,297.0,0.08655,680.0
1753533407495,12:36:47.495,BMT/USDT:USDT,0.08652,57.0,0.0865,74.0,0.08654,297.0,0.08655,680.0
1753533407940,12:36:47.940,BMT/USDT:USDT,0.08652,57.0,0.0865,74.0,0.08654,297.0,0.08655,680.0
1753533407997,12:36:47.997,BMT/USDT:USDT,0.0865,74.0,0.08649,315.0,0.08654,297.0,0.08655,680.0
1753533408465,12:36:48.465,BMT/USDT:USDT,0.0865,74.0,0.08649,315.0,0.08654,297.0,0.08655,680.0
1753533408474,12:36:48.474,BMT/USDT:USDT,0.0865,74.0,0.08649,315.0,0.08654,297.0,0.08655,680.0
1753533408871,12:36:48.871,BMT/USDT:USDT,0.0865,8.0,0.08649,315.0,0.08654,297.0,0.08655,680.0
1753533408948,12:36:48.948,BMT/USDT:USDT,0.08649,331.0,0.08648,471.0,0.08654,297.0,0.08655,680.0
1753533409088,12:36:49.088,BMT/USDT:USDT,0.08649,331.0,0.08648,471.0,0.08654,297.0,0.08655,680.0
1753533409211,12:36:49.211,BMT/USDT:USDT,0.08649,331.0,0.08648,471.0,0.08654,297.0,0.08655,680.0
1753533409287,12:36:49.287,BMT/USDT:USDT,0.08649,331.0,0.08648,471.0,0.08654,297.0,0.08655,680.0
1753533409711,12:36:49.711,BMT/USDT:USDT,0.08649,331.0,0.08648,471.0,0.08654,297.0,0.08655,680.0
1753533410133,12:36:50.133,BMT/USDT:USDT,0.08649,331.0,0.08648,471.0,0.08654,297.0,0.08655,680.0
1753533412559,12:36:52.559,BMT/USDT:USDT,0.0865,57.0,0.08649,331.0,0.08654,297.0,0.08655,672.0
1753533412980,12:36:52.980,BMT/USDT:USDT,0.0865,57.0,0.08649,331.0,0.08654,297.0,0.08655,672.0
1753533413889,12:36:53.889,BMT/USDT:USDT,0.0865,57.0,0.08649,331.0,0.08654,297.0,0.08655,672.0
1753533414257,12:36:54.257,BMT/USDT:USDT,0.0865,57.0,0.08649,331.0,0.08654,297.0,0.08655,672.0
1753533415342,12:36:55.342,BMT/USDT:USDT,0.08654,57.0,0.08652,66.0,0.08655,302.0,0.08656,1159.0
1753533415414,12:36:55.414,BMT/USDT:USDT,0.08652,66.0,0.08651,8.0,0.08655,650.0,0.08656,1159.0
1753533415657,12:36:55.657,BMT/USDT:USDT,0.08653,57.0,0.08651,16.0,0.08655,650.0,0.08656,1159.0
1753533415674,12:36:55.674,BMT/USDT:USDT,0.08653,57.0,0.08651,8.0,0.08655,650.0,0.08656,1159.0
1753533415838,12:36:55.838,BMT/USDT:USDT,0.08653,57.0,0.08651,8.0,0.08655,650.0,0.08656,1159.0
1753533416357,12:36:56.357,BMT/USDT:USDT,0.08651,16.0,0.08649,315.0,0.08655,650.0,0.08656,1159.0
1753533416466,12:36:56.466,BMT/USDT:USDT,0.08651,16.0,0.08649,381.0,0.08655,642.0,0.08656,1159.0
1753533416675,12:36:56.675,BMT/USDT:USDT,0.08651,16.0,0.08649,381.0,0.08655,642.0,0.08656,1159.0
1753533417110,12:36:57.110,BMT/USDT:USDT,0.08651,16.0,0.08649,381.0,0.08655,642.0,0.08656,1159.0
1753533418689,12:36:58.689,BMT/USDT:USDT,0.08651,16.0,0.08649,381.0,0.08655,642.0,0.08656,1159.0
1753533418855,12:36:58.855,BMT/USDT:USDT,0.08649,18.0,0.08648,471.0,0.08654,298.0,0.08655,658.0
1753533418876,12:36:58.876,BMT/USDT:USDT,0.08649,18.0,0.08648,471.0,0.08654,298.0,0.08655,658.0
1753533419130,12:36:59.130,BMT/USDT:USDT,0.08651,57.0,0.08649,92.0,0.08654,298.0,0.08655,658.0
1753533419966,12:36:59.966,BMT/USDT:USDT,0.08651,57.0,0.08649,92.0,0.08654,298.0,0.08655,658.0
1753533420397,12:37:00.397,BMT/USDT:USDT,0.08651,57.0,0.08649,92.0,0.08654,298.0,0.08655,658.0
1753533421439,12:37:01.439,BMT/USDT:USDT,0.08651,57.0,0.08649,390.0,0.08654,298.0,0.08655,658.0
1753533422946,12:37:02.946,BMT/USDT:USDT,0.08651,57.0,0.08649,390.0,0.08654,298.0,0.08655,658.0
1753533423057,12:37:03.057,BMT/USDT:USDT,0.08654,57.0,0.08653,57.0,0.08655,658.0,0.08656,1159.0
1753533423145,12:37:03.145,BMT/USDT:USDT,0.08654,57.0,0.08652,66.0,0.08655,302.0,0.08656,1167.0
1753533423253,12:37:03.253,BMT/USDT:USDT,0.08652,66.0,0.08651,26.0,0.08655,652.0,0.08656,1167.0
1753533423275,12:37:03.275,BMT/USDT:USDT,0.08652,66.0,0.08651,26.0,0.08655,652.0,0.08656,1167.0
1753533423491,12:37:03.491,BMT/USDT:USDT,0.08652,66.0,0.08651,26.0,0.08655,652.0,0.08656,1167.0
1753533423659,12:37:03.659,BMT/USDT:USDT,0.08651,26.0,0.0865,298.0,0.08655,652.0,0.08656,1167.0
1753533423718,12:37:03.718,BMT/USDT:USDT,0.08651,26.0,0.0865,298.0,0.08655,652.0,0.08656,1167.0
1753533424093,12:37:04.093,BMT/USDT:USDT,0.08651,26.0,0.0865,298.0,0.08655,652.0,0.08656,1167.0
1753533424522,12:37:04.522,BMT/USDT:USDT,0.08651,26.0,0.0865,298.0,0.08655,652.0,0.08656,1167.0
1753533425489,12:37:05.489,BMT/USDT:USDT,0.08651,34.0,0.0865,298.0,0.08655,652.0,0.08656,1159.0
1753533425765,12:37:05.765,BMT/USDT:USDT,0.08651,34.0,0.0865,298.0,0.08655,644.0,0.08656,1159.0
1753533426425,12:37:06.425,BMT/USDT:USDT,0.08651,18.0,0.08649,298.0,0.08654,298.0,0.08655,660.0
1753533426545,12:37:06.545,BMT/USDT:USDT,0.0865,26.0,0.08649,298.0,0.08654,298.0,0.08655,660.0
1753533426792,12:37:06.792,BMT/USDT:USDT,0.0865,34.0,0.08649,298.0,0.08654,298.0,0.08655,652.0
1753533426969,12:37:06.969,BMT/USDT:USDT,0.0865,34.0,0.08649,298.0,0.08654,298.0,0.08655,652.0
1753533426971,12:37:06.971,BMT/USDT:USDT,0.0865,34.0,0.08649,298.0,0.08654,298.0,0.08655,652.0
1753533428289,12:37:08.289,BMT/USDT:USDT,0.0865,34.0,0.08649,298.0,0.08654,298.0,0.08655,652.0
1753533431638,12:37:11.638,BMT/USDT:USDT,0.0865,34.0,0.08649,298.0,0.08654,298.0,0.08655,652.0
1753533433089,12:37:13.089,BMT/USDT:USDT,0.0865,34.0,0.08649,298.0,0.08654,298.0,0.08655,652.0
1753533433638,12:37:13.638,BMT/USDT:USDT,0.0865,34.0,0.08649,298.0,0.08654,298.0,0.08655,652.0
1753533436159,12:37:16.159,BMT/USDT:USDT,0.08652,66.0,0.0865,26.0,0.08655,650.0,0.08656,1159.0
1753533436246,12:37:16.246,BMT/USDT:USDT,0.08652,66.0,0.0865,92.0,0.08655,650.0,0.08656,1159.0
1753533437073,12:37:17.073,BMT/USDT:USDT,0.08652,66.0,0.0865,92.0,0.08655,650.0,0.08656,1159.0
1753533437427,12:37:17.427,BMT/USDT:USDT,0.08652,66.0,0.0865,92.0,0.08655,650.0,0.08656,1159.0
1753533437911,12:37:17.911,BMT/USDT:USDT,0.08652,66.0,0.0865,92.0,0.08655,650.0,0.08656,1159.0
1753533439294,12:37:19.294,BMT/USDT:USDT,0.0865,26.0,0.08649,298.0,0.08655,650.0,0.08656,1159.0
1753533439424,12:37:19.424,BMT/USDT:USDT,0.0865,26.0,0.08649,298.0,0.08655,650.0,0.08656,1159.0
1753533439534,12:37:19.534,BMT/USDT:USDT,0.0865,26.0,0.08649,298.0,0.08655,650.0,0.08656,1159.0
1753533439962,12:37:19.962,BMT/USDT:USDT,0.0865,26.0,0.08649,298.0,0.08655,650.0,0.08656,1159.0
1753533442694,12:37:22.694,BMT/USDT:USDT,0.0865,26.0,0.08649,298.0,0.08655,650.0,0.08656,1159.0
1753533445484,12:37:25.484,BMT/USDT:USDT,0.0865,34.0,0.08649,298.0,0.08654,291.0,0.08655,650.0
1753533445623,12:37:25.623,BMT/USDT:USDT,0.0865,34.0,0.08649,298.0,0.08654,291.0,0.08655,650.0
1753533445827,12:37:25.827,BMT/USDT:USDT,0.0865,34.0,0.08649,298.0,0.08655,642.0,0.08656,1159.0
1753533446052,12:37:26.052,BMT/USDT:USDT,0.0865,34.0,0.08649,298.0,0.08655,642.0,0.08656,1159.0
1753533446128,12:37:26.128,BMT/USDT:USDT,0.0865,325.0,0.08649,298.0,0.08655,642.0,0.08656,1159.0
1753533446703,12:37:26.703,BMT/USDT:USDT,0.0865,325.0,0.08649,298.0,0.08655,642.0,0.08656,1159.0
1753533446888,12:37:26.888,BMT/USDT:USDT,0.0865,325.0,0.08649,298.0,0.08655,642.0,0.08656,1159.0
1753533447119,12:37:27.119,BMT/USDT:USDT,0.0865,325.0,0.08649,298.0,0.08655,642.0,0.08656,1159.0
1753533447357,12:37:27.357,BMT/USDT:USDT,0.08652,82.0,0.0865,309.0,0.08656,1159.0,0.08659,558.0
1753533447412,12:37:27.412,BMT/USDT:USDT,0.08652,82.0,0.0865,309.0,0.08655,264.0,0.08656,1159.0
1753533447538,12:37:27.538,BMT/USDT:USDT,0.08652,82.0,0.0865,375.0,0.08655,264.0,0.08656,1159.0
1753533447735,12:37:27.735,BMT/USDT:USDT,0.08652,82.0,0.08651,291.0,0.08655,264.0,0.08656,1159.0
1753533447779,12:37:27.779,BMT/USDT:USDT,0.08652,100.0,0.08651,291.0,0.08655,264.0,0.08656,1159.0
1753533448166,12:37:28.166,BMT/USDT:USDT,0.08652,100.0,0.08651,291.0,0.08655,264.0,0.08656,298.0
1753533448262,12:37:28.262,BMT/USDT:USDT,0.08653,57.0,0.08652,34.0,0.08656,298.0,0.08659,558.0
1753533448601,12:37:28.601,BMT/USDT:USDT,0.08653,57.0,0.08652,34.0,0.08656,298.0,0.08659,558.0
1753533449021,12:37:29.021,BMT/USDT:USDT,0.08653,57.0,0.08652,34.0,0.08656,298.0,0.08659,558.0
1753533449441,12:37:29.441,BMT/USDT:USDT,0.08653,57.0,0.08652,34.0,0.08656,298.0,0.08659,558.0
1753533449501,12:37:29.501,BMT/USDT:USDT,0.08652,34.0,0.08651,291.0,0.08656,306.0,0.08659,558.0
1753533449617,12:37:29.617,BMT/USDT:USDT,0.08652,34.0,0.08651,291.0,0.08656,306.0,0.08659,558.0
1753533449721,12:37:29.721,BMT/USDT:USDT,0.08652,34.0,0.08651,291.0,0.08656,306.0,0.08659,558.0
1753533449858,12:37:29.858,BMT/USDT:USDT,0.08652,34.0,0.08651,291.0,0.08656,306.0,0.08659,558.0
1753533450447,12:37:30.447,BMT/USDT:USDT,0.08652,34.0,0.08651,291.0,0.08656,306.0,0.08659,558.0
1753533452270,12:37:32.270,BMT/USDT:USDT,0.08652,26.0,0.08651,291.0,0.08656,306.0,0.08659,558.0
1753533452290,12:37:32.290,BMT/USDT:USDT,0.08652,26.0,0.08651,291.0,0.08656,306.0,0.08659,558.0
1753533454772,12:37:34.772,BMT/USDT:USDT,0.08655,57.0,0.08653,57.0,0.08657,291.0,0.08659,558.0
1753533454816,12:37:34.816,BMT/USDT:USDT,0.08653,65.0,0.08652,317.0,0.08657,291.0,0.08659,558.0
1753533454874,12:37:34.874,BMT/USDT:USDT,0.08653,65.0,0.08652,317.0,0.08657,291.0,0.08659,558.0
1753533454999,12:37:34.999,BMT/USDT:USDT,0.08653,65.0,0.08652,317.0,0.08657,291.0,0.08659,558.0
1753533455097,12:37:35.097,BMT/USDT:USDT,0.08653,65.0,0.08652,317.0,0.08657,291.0,0.08659,558.0
1753533455729,12:37:35.729,BMT/USDT:USDT,0.08653,65.0,0.08652,317.0,0.08657,291.0,0.08659,558.0
1753533455778,12:37:35.778,BMT/USDT:USDT,0.08653,65.0,0.08652,317.0,0.08657,291.0,0.08659,558.0
1753533455952,12:37:35.952,BMT/USDT:USDT,0.08654,57.0,0.08653,65.0,0.08658,291.0,0.08659,558.0
1753533456029,12:37:36.029,BMT/USDT:USDT,0.08655,65.0,0.08654,8.0,0.08658,291.0,0.08659,566.0
1753533456167,12:37:36.167,BMT/USDT:USDT,0.08655,65.0,0.08654,8.0,0.08658,291.0,0.08659,566.0
1753533456190,12:37:36.190,BMT/USDT:USDT,0.08655,57.0,0.08654,8.0,0.08658,291.0,0.08659,566.0
1753533456272,12:37:36.272,BMT/USDT:USDT,0.08655,57.0,0.08654,8.0,0.08658,291.0,0.08659,566.0
1753533456386,12:37:36.386,BMT/USDT:USDT,0.08655,57.0,0.08654,8.0,0.08658,291.0,0.08659,566.0
1753533456807,12:37:36.807,BMT/USDT:USDT,0.08655,57.0,0.08654,8.0,0.08658,291.0,0.08659,566.0
1753533457090,12:37:37.090,BMT/USDT:USDT,0.08655,57.0,0.08654,8.0,0.08658,291.0,0.08659,566.0
1753533457225,12:37:37.225,BMT/USDT:USDT,0.08655,57.0,0.08654,8.0,0.08658,291.0,0.08659,566.0
1753533457541,12:37:37.541,BMT/USDT:USDT,0.08655,57.0,0.08654,8.0,0.08658,291.0,0.08659,566.0
1753533457868,12:37:37.868,BMT/USDT:USDT,0.08655,57.0,0.08654,8.0,0.08658,291.0,0.08659,566.0
1753533458037,12:37:38.037,BMT/USDT:USDT,0.08655,57.0,0.08654,8.0,0.08658,291.0,0.08659,566.0
1753533458353,12:37:38.353,BMT/USDT:USDT,0.08652,309.0,0.0865,291.0,0.08658,291.0,0.08659,566.0
1753533458458,12:37:38.458,BMT/USDT:USDT,0.08652,309.0,0.0865,291.0,0.08658,291.0,0.08659,566.0
1753533458769,12:37:38.769,BMT/USDT:USDT,0.08652,18.0,0.0865,357.0,0.08656,292.0,0.08657,300.0
1753533458859,12:37:38.859,BMT/USDT:USDT,0.08651,18.0,0.0865,291.0,0.08656,300.0,0.08657,300.0
1753533458874,12:37:38.874,BMT/USDT:USDT,0.08651,18.0,0.0865,291.0,0.08656,300.0,0.08657,300.0
1753533460098,12:37:40.098,BMT/USDT:USDT,0.08651,18.0,0.0865,291.0,0.08656,300.0,0.08657,300.0
1753533461162,12:37:41.162,BMT/USDT:USDT,0.08651,26.0,0.0865,291.0,0.08656,300.0,0.08657,300.0
1753533461890,12:37:41.890,BMT/USDT:USDT,0.08651,26.0,0.0865,291.0,0.08656,300.0,0.08657,300.0
1753533463491,12:37:43.491,BMT/USDT:USDT,0.08651,26.0,0.0865,291.0,0.08656,300.0,0.08657,300.0
1753533464444,12:37:44.444,BMT/USDT:USDT,0.08651,26.0,0.0865,291.0,0.08656,300.0,0.08657,300.0
1753533465203,12:37:45.203,BMT/USDT:USDT,0.08651,26.0,0.0865,291.0,0.08656,300.0,0.08657,300.0
1753533465853,12:37:45.853,BMT/USDT:USDT,0.08653,57.0,0.08651,18.0,0.08656,300.0,0.08657,300.0
1753533465882,12:37:45.882,BMT/USDT:USDT,0.08653,57.0,0.08651,18.0,0.08656,300.0,0.08657,300.0
1753533466155,12:37:46.155,BMT/USDT:USDT,0.08653,57.0,0.08651,18.0,0.08656,300.0,0.08657,300.0
1753533466691,12:37:46.691,BMT/USDT:USDT,0.08653,57.0,0.08651,18.0,0.08656,300.0,0.08657,300.0
1753533466869,12:37:46.869,BMT/USDT:USDT,0.08655,57.0,0.08653,57.0,0.08656,300.0,0.08657,300.0
1753533466892,12:37:46.892,BMT/USDT:USDT,0.08655,57.0,0.08653,57.0,0.08656,8.0,0.08657,300.0
1753533467031,12:37:47.031,BMT/USDT:USDT,0.08653,57.0,0.08652,8.0,0.08656,8.0,0.08657,300.0
1753533467401,12:37:47.401,BMT/USDT:USDT,0.08653,57.0,0.08652,8.0,0.08656,8.0,0.08657,300.0
1753533467819,12:37:47.819,BMT/USDT:USDT,0.08653,57.0,0.08652,8.0,0.08656,8.0,0.08657,300.0
1753533468036,12:37:48.036,BMT/USDT:USDT,0.08654,57.0,0.08653,8.0,0.08656,8.0,0.08657,300.0
1753533468087,12:37:48.087,BMT/USDT:USDT,0.08654,57.0,0.08653,8.0,0.08656,8.0,0.08657,300.0
1753533468237,12:37:48.237,BMT/USDT:USDT,0.08654,57.0,0.08653,8.0,0.08656,8.0,0.08657,300.0
1753533468639,12:37:48.639,BMT/USDT:USDT,0.08654,57.0,0.08653,8.0,0.08656,8.0,0.08657,300.0
1753533468870,12:37:48.870,BMT/USDT:USDT,0.08653,8.0,0.08652,74.0,0.08656,8.0,0.08657,300.0
1753533468894,12:37:48.894,BMT/USDT:USDT,0.08653,8.0,0.08652,8.0,0.08656,8.0,0.08657,300.0
1753533469062,12:37:49.062,BMT/USDT:USDT,0.08653,8.0,0.08652,8.0,0.08656,8.0,0.08657,300.0
1753533469885,12:37:49.885,BMT/USDT:USDT,0.08653,8.0,0.08652,8.0,0.08656,8.0,0.08657,300.0
1753533470567,12:37:50.567,BMT/USDT:USDT,0.08651,310.0,0.08649,364.0,0.08655,296.0,0.08656,304.0
1753533470577,12:37:50.577,BMT/USDT:USDT,0.08651,18.0,0.08649,364.0,0.08655,296.0,0.08656,304.0
1753533470714,12:37:50.714,BMT/USDT:USDT,0.0865,18.0,0.08649,298.0,0.08655,296.0,0.08656,304.0
1753533471057,12:37:51.057,BMT/USDT:USDT,0.08652,57.0,0.0865,322.0,0.08655,296.0,0.08656,304.0
1753533471159,12:37:51.159,BMT/USDT:USDT,0.08652,57.0,0.0865,388.0,0.08655,296.0,0.08656,304.0
1753533471491,12:37:51.491,BMT/USDT:USDT,0.08652,57.0,0.0865,388.0,0.08655,296.0,0.08656,304.0
1753533471938,12:37:51.938,BMT/USDT:USDT,0.08652,57.0,0.0865,388.0,0.08655,296.0,0.08656,304.0
1753533472304,12:37:52.304,BMT/USDT:USDT,0.08652,57.0,0.0865,388.0,0.08655,1043.0,0.08656,304.0
1753533472751,12:37:52.751,BMT/USDT:USDT,0.08652,57.0,0.0865,388.0,0.08655,1043.0,0.08656,304.0
1753533473250,12:37:53.250,BMT/USDT:USDT,0.08652,57.0,0.0865,388.0,0.08655,1043.0,0.08656,304.0
1753533474222,12:37:54.222,BMT/USDT:USDT,0.08652,57.0,0.0865,388.0,0.08655,747.0,0.08656,304.0
1753533474274,12:37:54.274,BMT/USDT:USDT,0.08652,65.0,0.0865,380.0,0.08655,747.0,0.08656,304.0
1753533475094,12:37:55.094,BMT/USDT:USDT,0.08652,65.0,0.0865,380.0,0.08655,747.0,0.08656,304.0
1753533476291,12:37:56.291,BMT/USDT:USDT,0.08652,65.0,0.0865,380.0,0.08655,747.0,0.08656,304.0
1753533477971,12:37:57.971,BMT/USDT:USDT,0.0865,18.0,0.08649,298.0,0.08655,755.0,0.08656,304.0
1753533478021,12:37:58.021,BMT/USDT:USDT,0.0865,18.0,0.08649,298.0,0.08655,755.0,0.08656,304.0
1753533478201,12:37:58.201,BMT/USDT:USDT,0.0865,18.0,0.08649,298.0,0.08654,304.0,0.08655,755.0
1753533478399,12:37:58.399,BMT/USDT:USDT,0.0865,18.0,0.08649,298.0,0.08654,304.0,0.08655,755.0
1753533478814,12:37:58.814,BMT/USDT:USDT,0.0865,18.0,0.08649,298.0,0.08654,304.0,0.08655,755.0
1753533479452,12:37:59.452,BMT/USDT:USDT,0.0865,18.0,0.08649,298.0,0.08654,304.0,0.08655,755.0
1753533479479,12:37:59.479,BMT/USDT:USDT,0.0865,18.0,0.08649,298.0,0.08654,304.0,0.08655,755.0
1753533479669,12:37:59.669,BMT/USDT:USDT,0.0865,34.0,0.08649,298.0,0.08654,296.0,0.08655,747.0
1753533479677,12:37:59.677,BMT/USDT:USDT,0.0865,34.0,0.08649,298.0,0.08654,296.0,0.08655,747.0
1753533481094,12:38:01.094,BMT/USDT:USDT,0.0865,26.0,0.08649,298.0,0.08654,296.0,0.08655,747.0
1753533481504,12:38:01.504,BMT/USDT:USDT,0.0865,26.0,0.08649,298.0,0.08654,296.0,0.08655,747.0
1753533482247,12:38:02.247,BMT/USDT:USDT,0.0865,26.0,0.08649,298.0,0.08654,304.0,0.08655,747.0
1753533482456,12:38:02.456,BMT/USDT:USDT,0.0865,18.0,0.08649,298.0,0.08654,304.0,0.08655,747.0
1753533483569,12:38:03.569,BMT/USDT:USDT,0.0865,18.0,0.08649,298.0,0.08654,304.0,0.08655,747.0
1753533483657,12:38:03.657,BMT/USDT:USDT,0.0865,18.0,0.08649,298.0,0.08654,304.0,0.08655,747.0
1753533483674,12:38:03.674,BMT/USDT:USDT,0.0865,18.0,0.08649,298.0,0.08654,304.0,0.08655,747.0
1753533483856,12:38:03.856,BMT/USDT:USDT,0.0865,18.0,0.08648,471.0,0.08653,292.0,0.08654,304.0
1753533483969,12:38:03.969,BMT/USDT:USDT,0.08651,57.0,0.08649,92.0,0.08653,292.0,0.08654,304.0
1753533483982,12:38:03.982,BMT/USDT:USDT,0.08651,57.0,0.08649,92.0,0.08653,292.0,0.08654,304.0
1753533484079,12:38:04.079,BMT/USDT:USDT,0.08651,57.0,0.08649,92.0,0.08653,292.0,0.08654,304.0
1753533484506,12:38:04.506,BMT/USDT:USDT,0.08649,92.0,0.08648,174.0,0.08653,292.0,0.08654,304.0
1753533484578,12:38:04.578,BMT/USDT:USDT,0.08649,18.0,0.08648,174.0,0.08653,292.0,0.08654,304.0
1753533484758,12:38:04.758,BMT/USDT:USDT,0.08648,192.0,0.08647,288.0,0.08653,292.0,0.08654,304.0
1753533484822,12:38:04.822,BMT/USDT:USDT,0.08648,192.0,0.08647,288.0,0.08653,292.0,0.08654,304.0
1753533484969,12:38:04.969,BMT/USDT:USDT,0.08648,192.0,0.08647,288.0,0.08653,292.0,0.08654,304.0
1753533485056,12:38:05.056,BMT/USDT:USDT,0.08648,192.0,0.08647,288.0,0.08652,300.0,0.08653,300.0
1753533485451,12:38:05.451,BMT/USDT:USDT,0.08648,192.0,0.08647,288.0,0.08652,300.0,0.08653,300.0
1753533485754,12:38:05.754,BMT/USDT:USDT,0.08648,192.0,0.08646,66.0,0.08651,300.0,0.08652,308.0
1753533485786,12:38:05.786,BMT/USDT:USDT,0.08648,174.0,0.08647,18.0,0.08651,300.0,0.08652,308.0
1753533485966,12:38:05.966,BMT/USDT:USDT,0.08648,174.0,0.08647,18.0,0.08651,300.0,0.08652,308.0
1753533486009,12:38:06.009,BMT/USDT:USDT,0.08648,174.0,0.08647,18.0,0.08651,292.0,0.08652,300.0
1753533486306,12:38:06.306,BMT/USDT:USDT,0.08648,174.0,0.08647,18.0,0.08651,292.0,0.08652,300.0
1753533486396,12:38:06.396,BMT/USDT:USDT,0.08648,174.0,0.08647,18.0,0.08651,292.0,0.08652,308.0
1753533487127,12:38:07.127,BMT/USDT:USDT,0.08648,174.0,0.08647,18.0,0.08651,292.0,0.08652,308.0
1753533487539,12:38:07.539,BMT/USDT:USDT,0.08648,174.0,0.08647,18.0,0.08651,292.0,0.08652,308.0
1753533487794,12:38:07.794,BMT/USDT:USDT,0.08648,174.0,0.08647,18.0,0.08651,292.0,0.08652,308.0
1753533488092,12:38:08.092,BMT/USDT:USDT,0.08648,174.0,0.08647,18.0,0.08651,292.0,0.08652,308.0
1753533488261,12:38:08.261,BMT/USDT:USDT,0.08648,174.0,0.08647,18.0,0.08651,292.0,0.08652,308.0
1753533488368,12:38:08.368,BMT/USDT:USDT,0.08649,57.0,0.08648,182.0,0.08652,300.0,0.08657,292.0
1753533488471,12:38:08.471,BMT/USDT:USDT,0.08649,75.0,0.08648,182.0,0.08652,300.0,0.08657,292.0
1753533489253,12:38:09.253,BMT/USDT:USDT,0.08649,75.0,0.08648,182.0,0.08652,300.0,0.08657,292.0
1753533489409,12:38:09.409,BMT/USDT:USDT,0.08649,18.0,0.08648,182.0,0.08652,300.0,0.08657,292.0
1753533489566,12:38:09.566,BMT/USDT:USDT,0.08648,200.0,0.08647,292.0,0.08652,300.0,0.08657,292.0
1753533489607,12:38:09.607,BMT/USDT:USDT,0.08648,200.0,0.08647,292.0,0.08652,300.0,0.08657,292.0
1753533490026,12:38:10.026,BMT/USDT:USDT,0.08648,200.0,0.08647,292.0,0.08652,300.0,0.08657,292.0
1753533490216,12:38:10.216,BMT/USDT:USDT,0.08648,200.0,0.08647,292.0,0.08652,300.0,0.08657,292.0
1753533490713,12:38:10.713,BMT/USDT:USDT,0.08648,200.0,0.08647,292.0,0.08652,300.0,0.08657,292.0
1753533490845,12:38:10.845,BMT/USDT:USDT,0.08648,200.0,0.08647,292.0,0.08652,300.0,0.08657,292.0
1753533492365,12:38:12.365,BMT/USDT:USDT,0.08648,192.0,0.08645,299.0,0.08651,299.0,0.08652,308.0
1753533492444,12:38:12.444,BMT/USDT:USDT,0.08648,174.0,0.08646,18.0,0.08651,299.0,0.08652,308.0
1753533492535,12:38:12.535,BMT/USDT:USDT,0.08648,174.0,0.08646,18.0,0.08651,299.0,0.08652,308.0
1753533492956,12:38:12.956,BMT/USDT:USDT,0.08648,174.0,0.08646,18.0,0.08651,299.0,0.08652,308.0
1753533493056,12:38:13.056,BMT/USDT:USDT,0.08648,174.0,0.08646,84.0,0.08651,299.0,0.08652,308.0
1753533494504,12:38:14.504,BMT/USDT:USDT,0.08648,174.0,0.08646,84.0,0.08651,299.0,0.08652,308.0
1753533494767,12:38:14.767,BMT/USDT:USDT,0.08648,174.0,0.08646,84.0,0.08651,299.0,0.08652,308.0
1753533494954,12:38:14.954,BMT/USDT:USDT,0.08648,174.0,0.08646,84.0,0.08651,299.0,0.08652,308.0
1753533494986,12:38:14.986,BMT/USDT:USDT,0.08648,174.0,0.08646,84.0,0.08651,299.0,0.08652,308.0
1753533495493,12:38:15.493,BMT/USDT:USDT,0.08648,174.0,0.08646,84.0,0.08651,299.0,0.08652,308.0
1753533496582,12:38:16.582,BMT/USDT:USDT,0.08648,174.0,0.08646,84.0,0.08651,299.0,0.08652,308.0
1753533497160,12:38:17.160,BMT/USDT:USDT,0.08648,174.0,0.08646,84.0,0.08651,299.0,0.08652,308.0
1753533497295,12:38:17.295,BMT/USDT:USDT,0.08648,174.0,0.08646,84.0,0.08651,299.0,0.08652,308.0
1753533498223,12:38:18.223,BMT/USDT:USDT,0.08648,174.0,0.08646,84.0,0.08651,299.0,0.08652,308.0
1753533500292,12:38:20.292,BMT/USDT:USDT,0.08648,174.0,0.08646,84.0,0.08651,299.0,0.08652,308.0
1753533500953,12:38:20.953,BMT/USDT:USDT,0.08648,174.0,0.08646,18.0,0.08651,299.0,0.08652,308.0
1753533500982,12:38:20.982,BMT/USDT:USDT,0.08648,174.0,0.08643,18.0,0.08651,299.0,0.08652,308.0
1753533501178,12:38:21.178,BMT/USDT:USDT,0.08648,174.0,0.08645,66.0,0.08651,299.0,0.08652,308.0
1753533501278,12:38:21.278,BMT/USDT:USDT,0.08648,174.0,0.08646,18.0,0.08651,299.0,0.08652,308.0
1753533501594,12:38:21.594,BMT/USDT:USDT,0.08648,174.0,0.08646,84.0,0.08651,299.0,0.08652,308.0
1753533501700,12:38:21.700,BMT/USDT:USDT,0.08648,174.0,0.08646,84.0,0.08651,299.0,0.08652,308.0
1753533502955,12:38:22.955,BMT/USDT:USDT,0.08648,174.0,0.08646,84.0,0.08651,299.0,0.08652,308.0
1753533503093,12:38:23.093,BMT/USDT:USDT,0.08648,174.0,0.08646,84.0,0.08651,299.0,0.08652,308.0
1753533504438,12:38:24.438,BMT/USDT:USDT,0.08648,174.0,0.08646,84.0,0.08651,299.0,0.08652,308.0
1753533504711,12:38:24.711,BMT/USDT:USDT,0.08648,174.0,0.08646,84.0,0.08651,299.0,0.08652,308.0
1753533505093,12:38:25.093,BMT/USDT:USDT,0.08648,174.0,0.08646,84.0,0.08651,299.0,0.08652,308.0
1753533506187,12:38:26.187,BMT/USDT:USDT,0.08648,182.0,0.08646,84.0,0.08651,299.0,0.08652,300.0
1753533507421,12:38:27.421,BMT/USDT:USDT,0.08648,182.0,0.08646,84.0,0.08651,299.0,0.08652,300.0
1753533509523,12:38:29.523,BMT/USDT:USDT,0.08646,18.0,0.08644,297.0,0.0865,305.0,0.08651,307.0
1753533509602,12:38:29.602,BMT/USDT:USDT,0.08645,18.0,0.08644,297.0,0.0865,305.0,0.08651,307.0
1753533509917,12:38:29.917,BMT/USDT:USDT,0.08645,18.0,0.08644,297.0,0.0865,305.0,0.08651,307.0
1753533510108,12:38:30.108,BMT/USDT:USDT,0.08645,18.0,0.08644,297.0,0.0865,305.0,0.08651,307.0
1753533510654,12:38:30.654,BMT/USDT:USDT,0.08647,57.0,0.08645,84.0,0.0865,305.0,0.08651,307.0
1753533510747,12:38:30.747,BMT/USDT:USDT,0.08647,57.0,0.08645,84.0,0.0865,305.0,0.08651,307.0
1753533511715,12:38:31.715,BMT/USDT:USDT,0.08645,84.0,0.08644,297.0,0.0865,305.0,0.08651,307.0
1753533511967,12:38:31.967,BMT/USDT:USDT,0.08645,84.0,0.08644,297.0,0.0865,305.0,0.08651,299.0
1753533513654,12:38:33.654,BMT/USDT:USDT,0.08646,57.0,0.08645,84.0,0.08657,292.0,0.08658,626.0
1753533513755,12:38:33.755,BMT/USDT:USDT,0.08647,57.0,0.08645,84.0,0.08651,305.0,0.08652,319.0
1753533513808,12:38:33.808,BMT/USDT:USDT,0.08647,57.0,0.08645,84.0,0.0865,297.0,0.08651,305.0
1753533513954,12:38:33.954,BMT/USDT:USDT,0.08645,84.0,0.08644,297.0,0.0865,297.0,0.08651,305.0
1753533513989,12:38:33.989,BMT/USDT:USDT,0.08645,84.0,0.08644,297.0,0.0865,297.0,0.08651,305.0
1753533514124,12:38:34.124,BMT/USDT:USDT,0.08645,100.0,0.08644,297.0,0.0865,297.0,0.08651,305.0
1753533514695,12:38:34.695,BMT/USDT:USDT,0.08645,100.0,0.08644,297.0,0.0865,297.0,0.08651,305.0
1753533514807,12:38:34.807,BMT/USDT:USDT,0.08645,100.0,0.08644,297.0,0.0865,297.0,0.08651,305.0
1753533514979,12:38:34.979,BMT/USDT:USDT,0.08645,100.0,0.08644,297.0,0.0865,297.0,0.08651,305.0
1753533515223,12:38:35.223,BMT/USDT:USDT,0.08645,100.0,0.08644,297.0,0.0865,297.0,0.08651,305.0
1753533515275,12:38:35.275,BMT/USDT:USDT,0.08645,92.0,0.08644,297.0,0.0865,305.0,0.08651,305.0
1753533517153,12:38:37.153,BMT/USDT:USDT,0.08646,57.0,0.08645,34.0,0.08649,297.0,0.0865,305.0
1753533517252,12:38:37.252,BMT/USDT:USDT,0.08646,57.0,0.08645,34.0,0.08649,297.0,0.0865,305.0
1753533518129,12:38:38.129,BMT/USDT:USDT,0.08646,57.0,0.08645,34.0,0.08649,297.0,0.0865,305.0
1753533519493,12:38:39.493,BMT/USDT:USDT,0.08646,57.0,0.08645,34.0,0.08649,297.0,0.0865,305.0
1753533522597,12:38:42.597,BMT/USDT:USDT,0.08646,57.0,0.08645,34.0,0.08649,297.0,0.0865,305.0
1753533524313,12:38:44.313,BMT/USDT:USDT,0.08646,57.0,0.08645,34.0,0.08649,297.0,0.0865,305.0
1753533524439,12:38:44.439,BMT/USDT:USDT,0.08646,57.0,0.08645,34.0,0.08649,297.0,0.0865,305.0
1753533524801,12:38:44.801,BMT/USDT:USDT,0.08646,57.0,0.08645,34.0,0.08649,297.0,0.0865,305.0
1753533526738,12:38:46.738,BMT/USDT:USDT,0.08645,18.0,0.08643,66.0,0.08648,307.0,0.08649,305.0
1753533526794,12:38:46.794,BMT/USDT:USDT,0.08643,84.0,0.08642,288.0,0.08648,299.0,0.08649,305.0
1753533527019,12:38:47.019,BMT/USDT:USDT,0.08643,84.0,0.08642,288.0,0.08648,299.0,0.08649,305.0
1753533527565,12:38:47.565,BMT/USDT:USDT,0.08647,57.0,0.08644,57.0,0.08649,313.0,0.0865,8.0
1753533527597,12:38:47.597,BMT/USDT:USDT,0.08648,57.0,0.08644,356.0,0.08649,313.0,0.0865,8.0
1753533527695,12:38:47.695,BMT/USDT:USDT,0.08648,57.0,0.08646,66.0,0.08649,313.0,0.0865,8.0
1753533527851,12:38:47.851,BMT/USDT:USDT,0.08648,57.0,0.08646,66.0,0.08649,313.0,0.0865,8.0
1753533528289,12:38:48.289,BMT/USDT:USDT,0.08648,57.0,0.08646,66.0,0.08649,313.0,0.0865,8.0
1753533529160,12:38:49.160,BMT/USDT:USDT,0.08648,57.0,0.08647,57.0,0.0865,301.0,0.08651,305.0
1753533529241,12:38:49.241,BMT/USDT:USDT,0.08646,66.0,0.08645,18.0,0.0865,301.0,0.08651,305.0
1753533529275,12:38:49.275,BMT/USDT:USDT,0.08646,66.0,0.08645,18.0,0.0865,301.0,0.08651,305.0
1753533529524,12:38:49.524,BMT/USDT:USDT,0.08646,66.0,0.08645,18.0,0.0865,301.0,0.08651,305.0
1753533529950,12:38:49.950,BMT/USDT:USDT,0.08646,66.0,0.08645,18.0,0.0865,301.0,0.08651,305.0
1753533530094,12:38:50.094,BMT/USDT:USDT,0.08646,66.0,0.08645,26.0,0.08649,301.0,0.0865,309.0
1753533530414,12:38:50.414,BMT/USDT:USDT,0.08645,34.0,0.08644,299.0,0.08649,301.0,0.0865,309.0
1753533530477,12:38:50.477,BMT/USDT:USDT,0.08645,34.0,0.08644,299.0,0.08649,301.0,0.0865,309.0
1753533530771,12:38:50.771,BMT/USDT:USDT,0.08645,34.0,0.08644,299.0,0.08649,301.0,0.0865,309.0
1753533530772,12:38:50.772,BMT/USDT:USDT,0.08645,34.0,0.08644,299.0,0.08649,301.0,0.0865,309.0
1753533531057,12:38:51.057,BMT/USDT:USDT,0.08645,34.0,0.08644,299.0,0.08649,301.0,0.0865,309.0
1753533531190,12:38:51.190,BMT/USDT:USDT,0.08645,34.0,0.08644,299.0,0.08649,301.0,0.0865,309.0
1753533531770,12:38:51.770,BMT/USDT:USDT,0.08648,57.0,0.08646,57.0,0.0865,8.0,0.08651,297.0
1753533531812,12:38:51.812,BMT/USDT:USDT,0.08646,57.0,0.08645,34.0,0.08651,297.0,0.08652,335.0
1753533532065,12:38:52.065,BMT/USDT:USDT,0.08646,57.0,0.08645,34.0,0.08651,297.0,0.08652,335.0
1753533532430,12:38:52.430,BMT/USDT:USDT,0.08646,57.0,0.08645,34.0,0.08651,297.0,0.08652,335.0
1753533533256,12:38:53.256,BMT/USDT:USDT,0.08646,57.0,0.08645,34.0,0.08651,297.0,0.08652,335.0
1753533533680,12:38:53.680,BMT/USDT:USDT,0.08646,57.0,0.08645,34.0,0.08651,297.0,0.08652,335.0
1753533533894,12:38:53.894,BMT/USDT:USDT,0.08646,57.0,0.08645,34.0,0.08651,297.0,0.08652,335.0
1753533534156,12:38:54.156,BMT/USDT:USDT,0.08646,350.0,0.08645,34.0,0.08651,297.0,0.08652,297.0
1753533534263,12:38:54.263,BMT/USDT:USDT,0.08649,57.0,0.08647,192.0,0.08652,297.0,0.08653,8.0
1753533534288,12:38:54.288,BMT/USDT:USDT,0.08649,57.0,0.08647,192.0,0.08652,297.0,0.08653,8.0
1753533534496,12:38:54.496,BMT/USDT:USDT,0.08649,57.0,0.08647,192.0,0.08652,297.0,0.08653,8.0
1753533534644,12:38:54.644,BMT/USDT:USDT,0.08649,57.0,0.08647,258.0,0.08652,297.0,0.08653,8.0
1753533534938,12:38:54.938,BMT/USDT:USDT,0.08649,57.0,0.08647,258.0,0.08652,297.0,0.08653,8.0
1753533535620,12:38:55.620,BMT/USDT:USDT,0.08649,57.0,0.08647,258.0,0.08652,297.0,0.08653,8.0
1753533535762,12:38:55.762,BMT/USDT:USDT,0.08649,57.0,0.08647,258.0,0.08652,297.0,0.08653,8.0
1753533535853,12:38:55.853,BMT/USDT:USDT,0.08649,57.0,0.08647,258.0,0.08652,297.0,0.08653,16.0
1753533536181,12:38:56.181,BMT/USDT:USDT,0.08649,57.0,0.08647,258.0,0.08652,297.0,0.08653,16.0
1753533536275,12:38:56.275,BMT/USDT:USDT,0.08649,65.0,0.08648,8.0,0.08652,297.0,0.08653,8.0
1753533536780,12:38:56.780,BMT/USDT:USDT,0.08649,65.0,0.08648,8.0,0.08652,297.0,0.08653,8.0
1753533536999,12:38:56.999,BMT/USDT:USDT,0.08649,65.0,0.08648,8.0,0.08652,297.0,0.08653,8.0
1753533537777,12:38:57.777,BMT/USDT:USDT,0.08649,65.0,0.08648,8.0,0.08652,297.0,0.08653,8.0
1753533537969,12:38:57.969,BMT/USDT:USDT,0.08652,57.0,0.0865,57.0,0.08653,293.0,0.08657,313.0
1753533538041,12:38:58.041,BMT/USDT:USDT,0.0865,57.0,0.08649,26.0,0.08653,293.0,0.08657,313.0
1753533538082,12:38:58.082,BMT/USDT:USDT,0.0865,57.0,0.08649,26.0,0.08653,293.0,0.08657,313.0
1753533538226,12:38:58.226,BMT/USDT:USDT,0.0865,57.0,0.08649,26.0,0.08653,293.0,0.08657,313.0
1753533538693,12:38:58.693,BMT/USDT:USDT,0.0865,57.0,0.08649,26.0,0.08653,293.0,0.08657,313.0
1753533539050,12:38:59.050,BMT/USDT:USDT,0.0865,57.0,0.08649,26.0,0.08653,293.0,0.08657,313.0
1753533539145,12:38:59.145,BMT/USDT:USDT,0.0865,65.0,0.08649,26.0,0.08653,293.0,0.08657,313.0
1753533539471,12:38:59.471,BMT/USDT:USDT,0.0865,65.0,0.08649,26.0,0.08653,293.0,0.08657,313.0
1753533540589,12:39:00.589,BMT/USDT:USDT,0.0865,65.0,0.08649,26.0,0.08653,293.0,0.08657,313.0
1753533541235,12:39:01.235,BMT/USDT:USDT,0.08649,26.0,0.08648,293.0,0.08653,293.0,0.08657,313.0
1753533541352,12:39:01.352,BMT/USDT:USDT,0.08649,34.0,0.08648,293.0,0.08653,293.0,0.08657,313.0
1753533541405,12:39:01.405,BMT/USDT:USDT,0.08649,34.0,0.08648,293.0,0.08653,293.0,0.08657,313.0
1753533541503,12:39:01.503,BMT/USDT:USDT,0.08649,34.0,0.08648,293.0,0.08653,293.0,0.08657,313.0
1753533542326,12:39:02.326,BMT/USDT:USDT,0.08649,34.0,0.08648,293.0,0.08653,293.0,0.08657,313.0
1753533542721,12:39:02.721,BMT/USDT:USDT,0.08649,34.0,0.08648,293.0,0.08653,301.0,0.08657,313.0
1753533543144,12:39:03.144,BMT/USDT:USDT,0.0865,57.0,0.08649,34.0,0.08653,293.0,0.08657,313.0
1753533543553,12:39:03.553,BMT/USDT:USDT,0.0865,57.0,0.08649,34.0,0.08653,293.0,0.08657,313.0
1753533543969,12:39:03.969,BMT/USDT:USDT,0.0865,57.0,0.08649,34.0,0.08653,293.0,0.08657,313.0
1753533544679,12:39:04.679,BMT/USDT:USDT,0.0865,57.0,0.08649,26.0,0.08653,309.0,0.08657,313.0
1753533547271,12:39:07.271,BMT/USDT:USDT,0.08652,57.0,0.0865,65.0,0.08658,291.0,0.08659,558.0
1753533547369,12:39:07.369,BMT/USDT:USDT,0.08653,75.0,0.0865,57.0,0.08656,289.0,0.08657,30.0
1753533547377,12:39:07.377,BMT/USDT:USDT,0.08653,65.0,0.0865,57.0,0.08656,289.0,0.08657,30.0
1753533547604,12:39:07.604,BMT/USDT:USDT,0.08653,65.0,0.0865,57.0,0.08656,289.0,0.08657,30.0
1753533548037,12:39:08.037,BMT/USDT:USDT,0.08653,65.0,0.0865,57.0,0.08656,289.0,0.08657,30.0
1753533548221,12:39:08.221,BMT/USDT:USDT,0.08653,65.0,0.0865,57.0,0.08656,289.0,0.08657,30.0
1753533548296,12:39:08.296,BMT/USDT:USDT,0.08653,65.0,0.0865,57.0,0.08656,289.0,0.08657,30.0
1753533548464,12:39:08.464,BMT/USDT:USDT,0.08653,65.0,0.0865,57.0,0.08656,289.0,0.08657,30.0
1753533548516,12:39:08.516,BMT/USDT:USDT,0.08653,65.0,0.0865,57.0,0.08656,289.0,0.08657,30.0
1753533548612,12:39:08.612,BMT/USDT:USDT,0.08653,65.0,0.0865,57.0,0.08656,289.0,0.08657,30.0
1753533550378,12:39:10.378,BMT/USDT:USDT,0.08653,65.0,0.0865,57.0,0.08656,289.0,0.08657,30.0
1753533550921,12:39:10.921,BMT/USDT:USDT,0.08653,8.0,0.08648,359.0,0.08656,289.0,0.08657,30.0
1753533551024,12:39:11.024,BMT/USDT:USDT,0.08649,18.0,0.08648,293.0,0.08656,289.0,0.08657,37.0
1753533551076,12:39:11.076,BMT/USDT:USDT,0.08649,18.0,0.08648,293.0,0.08656,289.0,0.08657,37.0
1753533551202,12:39:11.202,BMT/USDT:USDT,0.0865,57.0,0.08649,18.0,0.08656,289.0,0.08657,37.0
1753533551314,12:39:11.314,BMT/USDT:USDT,0.08651,18.0,0.08649,66.0,0.08656,289.0,0.08657,37.0
1753533551439,12:39:11.439,BMT/USDT:USDT,0.0865,18.0,0.08648,293.0,0.08656,289.0,0.08657,37.0
1753533551517,12:39:11.517,BMT/USDT:USDT,0.08651,57.0,0.08649,18.0,0.08656,289.0,0.08657,37.0
