timestamp,time,symbol,bid1_price,bid1_volume,bid2_price,bid2_volume,ask1_price,ask1_volume,ask2_price,ask2_volume
1753533019000,12:30:19.000,CELO/USDT:USDT,0.3523,250.0,0.3522,353.0,0.3525,85.0,0.3526,297.0
1753533020515,12:30:20.515,CELO/USDT:USDT,0.3523,250.0,0.3522,353.0,0.3525,85.0,0.3526,297.0
1753533023341,12:30:23.341,CELO/USDT:USDT,0.3523,250.0,0.3522,353.0,0.3525,85.0,0.3526,297.0
1753533024511,12:30:24.511,CELO/USDT:USDT,0.3523,250.0,0.3522,353.0,0.3525,1787.0,0.3526,297.0
1753533024585,12:30:24.585,CELO/USDT:USDT,0.3523,250.0,0.3522,306.0,0.3525,1787.0,0.3526,297.0
1753533024961,12:30:24.961,CELO/USDT:USDT,0.3523,250.0,0.3522,306.0,0.3525,1787.0,0.3526,297.0
1753533027340,12:30:27.340,CELO/USDT:USDT,0.3523,250.0,0.3522,306.0,0.3525,1787.0,0.3526,297.0
1753533027463,12:30:27.463,CELO/USDT:USDT,0.3522,250.0,0.3521,914.0,0.3525,1787.0,0.3526,353.0
1753533027483,12:30:27.483,CELO/USDT:USDT,0.3522,250.0,0.3521,858.0,0.3524,86.0,0.3525,1747.0
1753533028062,12:30:28.062,CELO/USDT:USDT,0.3522,250.0,0.3521,858.0,0.3524,86.0,0.3525,1747.0
1753533028415,12:30:28.415,CELO/USDT:USDT,0.3522,250.0,0.3521,858.0,0.3524,86.0,0.3525,1747.0
1753533028600,12:30:28.600,CELO/USDT:USDT,0.3522,250.0,0.3521,858.0,0.3524,86.0,0.3525,1747.0
1753533029608,12:30:29.608,CELO/USDT:USDT,0.3522,250.0,0.3521,858.0,0.3524,86.0,0.3525,1747.0
1753533034625,12:30:34.625,CELO/USDT:USDT,0.3522,250.0,0.3521,297.0,0.3524,86.0,0.3525,1747.0
1753533035070,12:30:35.070,CELO/USDT:USDT,0.3522,250.0,0.3521,297.0,0.3524,86.0,0.3525,1747.0
1753533035079,12:30:35.079,CELO/USDT:USDT,0.3522,250.0,0.3521,297.0,0.3524,86.0,0.3525,1747.0
1753533035459,12:30:35.459,CELO/USDT:USDT,0.3522,250.0,0.3521,297.0,0.3524,86.0,0.3525,1747.0
1753533035599,12:30:35.599,CELO/USDT:USDT,0.3522,250.0,0.3521,297.0,0.3524,86.0,0.3525,1747.0
1753533035811,12:30:35.811,CELO/USDT:USDT,0.3522,250.0,0.3521,297.0,0.3524,86.0,0.3525,1747.0
1753533036168,12:30:36.168,CELO/USDT:USDT,0.3522,250.0,0.3521,297.0,0.3524,86.0,0.3525,1747.0
1753533036285,12:30:36.285,CELO/USDT:USDT,0.3522,250.0,0.3521,297.0,0.3524,86.0,0.3525,1747.0
1753533037464,12:30:37.464,CELO/USDT:USDT,0.3521,250.0,0.352,858.0,0.3523,48.0,0.3524,66.0
1753533037510,12:30:37.510,CELO/USDT:USDT,0.3521,250.0,0.352,858.0,0.3523,68.0,0.3524,66.0
1753533037638,12:30:37.638,CELO/USDT:USDT,0.3521,250.0,0.352,858.0,0.3523,48.0,0.3524,66.0
1753533038114,12:30:38.114,CELO/USDT:USDT,0.3521,250.0,0.352,858.0,0.3523,48.0,0.3524,66.0
1753533038331,12:30:38.331,CELO/USDT:USDT,0.3521,250.0,0.352,858.0,0.3523,48.0,0.3524,66.0
1753533038770,12:30:38.770,CELO/USDT:USDT,0.3521,250.0,0.352,858.0,0.3523,88.0,0.3524,46.0
1753533039541,12:30:39.541,CELO/USDT:USDT,0.3521,250.0,0.352,858.0,0.3523,88.0,0.3524,46.0
1753533039766,12:30:39.766,CELO/USDT:USDT,0.3521,250.0,0.352,914.0,0.3524,46.0,0.3525,1803.0
1753533041577,12:30:41.577,CELO/USDT:USDT,0.3521,250.0,0.352,914.0,0.3524,46.0,0.3525,1803.0
1753533042270,12:30:42.270,CELO/USDT:USDT,0.3521,250.0,0.352,914.0,0.3524,46.0,0.3525,1803.0
1753533042471,12:30:42.471,CELO/USDT:USDT,0.3521,250.0,0.352,353.0,0.3524,46.0,0.3525,1803.0
1753533044419,12:30:44.419,CELO/USDT:USDT,0.3521,250.0,0.352,353.0,0.3524,46.0,0.3525,1803.0
1753533046045,12:30:46.045,CELO/USDT:USDT,0.3521,250.0,0.352,353.0,0.3524,46.0,0.3525,1803.0
1753533046443,12:30:46.443,CELO/USDT:USDT,0.3521,250.0,0.352,353.0,0.3524,46.0,0.3525,1803.0
1753533047266,12:30:47.266,CELO/USDT:USDT,0.3521,250.0,0.352,353.0,0.3524,46.0,0.3525,1803.0
1753533049291,12:30:49.291,CELO/USDT:USDT,0.3521,250.0,0.352,353.0,0.3524,46.0,0.3525,1803.0
1753533050533,12:30:50.533,CELO/USDT:USDT,0.3521,250.0,0.352,353.0,0.3524,46.0,0.3525,1803.0
1753533050686,12:30:50.686,CELO/USDT:USDT,0.3521,250.0,0.352,353.0,0.3524,46.0,0.3525,1803.0
1753533051353,12:30:51.353,CELO/USDT:USDT,0.3521,250.0,0.352,353.0,0.3524,46.0,0.3525,1803.0
1753533051785,12:30:51.785,CELO/USDT:USDT,0.3521,250.0,0.352,353.0,0.3524,46.0,0.3525,1803.0
1753533052573,12:30:52.573,CELO/USDT:USDT,0.3521,250.0,0.352,353.0,0.3524,46.0,0.3525,1803.0
1753533052737,12:30:52.737,CELO/USDT:USDT,0.3521,250.0,0.352,914.0,0.3524,46.0,0.3525,1803.0
1753533053787,12:30:53.787,CELO/USDT:USDT,0.3521,250.0,0.352,914.0,0.3524,46.0,0.3525,1803.0
1753533054305,12:30:54.305,CELO/USDT:USDT,0.3521,250.0,0.352,353.0,0.3524,46.0,0.3525,1803.0
1753533054600,12:30:54.600,CELO/USDT:USDT,0.3521,250.0,0.352,353.0,0.3524,46.0,0.3525,1803.0
1753533054779,12:30:54.779,CELO/USDT:USDT,0.3521,250.0,0.352,353.0,0.3524,46.0,0.3525,1803.0
1753533054874,12:30:54.874,CELO/USDT:USDT,0.3521,250.0,0.352,353.0,0.3524,46.0,0.3525,1803.0
1753533055418,12:30:55.418,CELO/USDT:USDT,0.3521,250.0,0.352,353.0,0.3524,46.0,0.3525,1803.0
1753533057439,12:30:57.439,CELO/USDT:USDT,0.3521,250.0,0.352,353.0,0.3524,46.0,0.3525,1803.0
1753533058258,12:30:58.258,CELO/USDT:USDT,0.3521,250.0,0.352,353.0,0.3524,46.0,0.3525,1803.0
1753533058757,12:30:58.757,CELO/USDT:USDT,0.3521,250.0,0.352,353.0,0.3524,1748.0,0.3525,101.0
1753533058857,12:30:58.857,CELO/USDT:USDT,0.3521,270.0,0.352,306.0,0.3523,46.0,0.3524,46.0
1753533058944,12:30:58.944,CELO/USDT:USDT,0.3521,250.0,0.352,306.0,0.3523,46.0,0.3524,1748.0
1753533059069,12:30:59.069,CELO/USDT:USDT,0.3521,250.0,0.352,306.0,0.3523,66.0,0.3524,1748.0
1753533059111,12:30:59.111,CELO/USDT:USDT,0.3521,250.0,0.352,306.0,0.3523,66.0,0.3524,1748.0
1753533059444,12:30:59.444,CELO/USDT:USDT,0.3521,250.0,0.352,250.0,0.3522,46.0,0.3523,66.0
1753533059480,12:30:59.480,CELO/USDT:USDT,0.3521,250.0,0.352,250.0,0.3522,46.0,0.3523,66.0
1753533059606,12:30:59.606,CELO/USDT:USDT,0.352,270.0,0.3519,811.0,0.3522,46.0,0.3523,66.0
1753533059913,12:30:59.913,CELO/USDT:USDT,0.352,270.0,0.3519,811.0,0.3522,46.0,0.3523,66.0
1753533060070,12:31:00.070,CELO/USDT:USDT,0.352,270.0,0.3519,811.0,0.3522,46.0,0.3523,66.0
1753533060139,12:31:00.139,CELO/USDT:USDT,0.352,270.0,0.3519,250.0,0.3522,46.0,0.3523,66.0
1753533060244,12:31:00.244,CELO/USDT:USDT,0.352,270.0,0.3519,306.0,0.3523,46.0,0.3524,102.0
1753533060315,12:31:00.315,CELO/USDT:USDT,0.352,270.0,0.3519,306.0,0.3523,46.0,0.3524,102.0
1753533060653,12:31:00.653,CELO/USDT:USDT,0.352,270.0,0.3519,306.0,0.3523,46.0,0.3524,102.0
1753533061062,12:31:01.062,CELO/USDT:USDT,0.352,250.0,0.3519,306.0,0.3522,46.0,0.3523,296.0
1753533061143,12:31:01.143,CELO/USDT:USDT,0.352,250.0,0.3519,250.0,0.3522,46.0,0.3523,296.0
1753533061175,12:31:01.175,CELO/USDT:USDT,0.352,250.0,0.3519,250.0,0.3522,46.0,0.3523,296.0
1753533061403,12:31:01.403,CELO/USDT:USDT,0.352,250.0,0.3519,250.0,0.3522,46.0,0.3523,296.0
1753533061570,12:31:01.570,CELO/USDT:USDT,0.352,250.0,0.3519,250.0,0.3522,46.0,0.3523,296.0
1753533061575,12:31:01.575,CELO/USDT:USDT,0.352,250.0,0.3519,250.0,0.3522,46.0,0.3523,296.0
1753533061768,12:31:01.768,CELO/USDT:USDT,0.352,270.0,0.3519,250.0,0.3522,46.0,0.3523,296.0
1753533061863,12:31:01.863,CELO/USDT:USDT,0.352,20.0,0.3519,250.0,0.3522,46.0,0.3523,352.0
1753533062170,12:31:02.170,CELO/USDT:USDT,0.3519,250.0,0.3518,353.0,0.3522,46.0,0.3523,352.0
1753533062180,12:31:02.180,CELO/USDT:USDT,0.3519,250.0,0.3518,353.0,0.3522,46.0,0.3523,352.0
1753533062406,12:31:02.406,CELO/USDT:USDT,0.3519,250.0,0.3518,353.0,0.3522,46.0,0.3523,352.0
1753533062651,12:31:02.651,CELO/USDT:USDT,0.3519,250.0,0.3518,353.0,0.3522,46.0,0.3523,352.0
1753533062712,12:31:02.712,CELO/USDT:USDT,0.3519,250.0,0.3518,353.0,0.3522,46.0,0.3523,352.0
1753533063037,12:31:03.037,CELO/USDT:USDT,0.3519,250.0,0.3518,353.0,0.3522,46.0,0.3523,102.0
1753533063265,12:31:03.265,CELO/USDT:USDT,0.3519,250.0,0.3518,353.0,0.3522,46.0,0.3523,102.0
1753533063790,12:31:03.790,CELO/USDT:USDT,0.3519,250.0,0.3518,353.0,0.3522,46.0,0.3523,102.0
1753533064041,12:31:04.041,CELO/USDT:USDT,0.3519,250.0,0.3518,353.0,0.3522,46.0,0.3523,102.0
1753533064304,12:31:04.304,CELO/USDT:USDT,0.3519,250.0,0.3518,353.0,0.3522,46.0,0.3523,102.0
1753533065436,12:31:05.436,CELO/USDT:USDT,0.3519,250.0,0.3518,353.0,0.3522,46.0,0.3523,102.0
1753533067567,12:31:07.567,CELO/USDT:USDT,0.352,46.0,0.3519,306.0,0.3523,46.0,0.3524,46.0
1753533067664,12:31:07.664,CELO/USDT:USDT,0.352,46.0,0.3519,306.0,0.3523,46.0,0.3524,102.0
1753533068154,12:31:08.154,CELO/USDT:USDT,0.352,66.0,0.3519,306.0,0.3523,46.0,0.3524,102.0
1753533069154,12:31:09.154,CELO/USDT:USDT,0.352,66.0,0.3519,306.0,0.3524,46.0,0.3525,101.0
1753533069268,12:31:09.268,CELO/USDT:USDT,0.352,66.0,0.3519,306.0,0.3524,46.0,0.3525,101.0
1753533069958,12:31:09.958,CELO/USDT:USDT,0.352,316.0,0.3519,306.0,0.3524,46.0,0.3525,101.0
1753533070358,12:31:10.358,CELO/USDT:USDT,0.352,316.0,0.3519,306.0,0.3524,46.0,0.3525,101.0
1753533070492,12:31:10.492,CELO/USDT:USDT,0.352,316.0,0.3519,306.0,0.3524,46.0,0.3525,101.0
1753533070849,12:31:10.849,CELO/USDT:USDT,0.352,316.0,0.3519,306.0,0.3524,46.0,0.3525,101.0
1753533070882,12:31:10.882,CELO/USDT:USDT,0.352,316.0,0.3519,306.0,0.3524,46.0,0.3525,101.0
1753533071328,12:31:11.328,CELO/USDT:USDT,0.352,316.0,0.3519,306.0,0.3524,46.0,0.3525,101.0
1753533074113,12:31:14.113,CELO/USDT:USDT,0.352,316.0,0.3519,306.0,0.3524,46.0,0.3525,101.0
1753533074373,12:31:14.373,CELO/USDT:USDT,0.352,316.0,0.3519,306.0,0.3524,46.0,0.3525,101.0
1753533074645,12:31:14.645,CELO/USDT:USDT,0.352,316.0,0.3519,306.0,0.3524,46.0,0.3525,101.0
1753533075181,12:31:15.181,CELO/USDT:USDT,0.352,316.0,0.3519,306.0,0.3524,46.0,0.3525,101.0
1753533075896,12:31:15.896,CELO/USDT:USDT,0.352,316.0,0.3519,306.0,0.3524,296.0,0.3525,101.0
1753533076556,12:31:16.556,CELO/USDT:USDT,0.352,296.0,0.3519,306.0,0.3524,296.0,0.3525,101.0
1753533077961,12:31:17.961,CELO/USDT:USDT,0.3521,46.0,0.352,296.0,0.3524,296.0,0.3525,101.0
1753533078037,12:31:18.037,CELO/USDT:USDT,0.3521,66.0,0.352,352.0,0.3524,296.0,0.3525,101.0
1753533078534,12:31:18.534,CELO/USDT:USDT,0.3521,66.0,0.352,352.0,0.3524,316.0,0.3525,101.0
1753533078700,12:31:18.700,CELO/USDT:USDT,0.3521,66.0,0.352,352.0,0.3524,296.0,0.3525,101.0
1753533078847,12:31:18.847,CELO/USDT:USDT,0.3521,66.0,0.352,102.0,0.3524,296.0,0.3525,101.0
1753533079489,12:31:19.489,CELO/USDT:USDT,0.3521,66.0,0.352,102.0,0.3524,296.0,0.3525,101.0
1753533079771,12:31:19.771,CELO/USDT:USDT,0.3521,66.0,0.352,102.0,0.3524,296.0,0.3525,101.0
1753533079846,12:31:19.846,CELO/USDT:USDT,0.3521,66.0,0.352,102.0,0.3524,296.0,0.3525,101.0
1753533079876,12:31:19.876,CELO/USDT:USDT,0.3521,66.0,0.352,102.0,0.3524,296.0,0.3525,101.0
1753533080835,12:31:20.835,CELO/USDT:USDT,0.3521,66.0,0.352,102.0,0.3524,296.0,0.3525,101.0
1753533082223,12:31:22.223,CELO/USDT:USDT,0.352,46.0,0.3519,306.0,0.3524,296.0,0.3525,101.0
1753533084400,12:31:24.400,CELO/USDT:USDT,0.352,46.0,0.3519,306.0,0.3524,296.0,0.3525,101.0
1753533084685,12:31:24.685,CELO/USDT:USDT,0.352,46.0,0.3519,306.0,0.3524,296.0,0.3525,101.0
1753533084780,12:31:24.780,CELO/USDT:USDT,0.352,46.0,0.3519,306.0,0.3524,296.0,0.3525,101.0
1753533084898,12:31:24.898,CELO/USDT:USDT,0.352,46.0,0.3519,306.0,0.3524,296.0,0.3525,101.0
1753533085682,12:31:25.682,CELO/USDT:USDT,0.352,46.0,0.3519,306.0,0.3524,296.0,0.3525,101.0
1753533086740,12:31:26.740,CELO/USDT:USDT,0.352,46.0,0.3519,306.0,0.3524,296.0,0.3525,101.0
1753533087334,12:31:27.334,CELO/USDT:USDT,0.352,46.0,0.3519,306.0,0.3524,296.0,0.3525,101.0
1753533090741,12:31:30.741,CELO/USDT:USDT,0.352,46.0,0.3519,306.0,0.3524,296.0,0.3525,101.0
1753533091801,12:31:31.801,CELO/USDT:USDT,0.352,46.0,0.3519,306.0,0.3524,296.0,0.3525,101.0
1753533092701,12:31:32.701,CELO/USDT:USDT,0.352,46.0,0.3519,306.0,0.3524,296.0,0.3525,101.0
1753533093726,12:31:33.726,CELO/USDT:USDT,0.3521,67.0,0.352,352.0,0.3524,250.0,0.3525,101.0
1753533093865,12:31:33.865,CELO/USDT:USDT,0.3522,47.0,0.3521,47.0,0.3524,250.0,0.3525,101.0
1753533094043,12:31:34.043,CELO/USDT:USDT,0.3521,67.0,0.352,102.0,0.3524,250.0,0.3525,101.0
1753533094363,12:31:34.363,CELO/USDT:USDT,0.3521,67.0,0.352,102.0,0.3524,250.0,0.3525,101.0
1753533094374,12:31:34.374,CELO/USDT:USDT,0.3521,87.0,0.352,102.0,0.3524,250.0,0.3525,101.0
1753533095120,12:31:35.120,CELO/USDT:USDT,0.3521,87.0,0.352,102.0,0.3524,250.0,0.3525,101.0
1753533095344,12:31:35.344,CELO/USDT:USDT,0.3521,87.0,0.352,102.0,0.3524,250.0,0.3525,101.0
1753533095406,12:31:35.406,CELO/USDT:USDT,0.3522,47.0,0.3521,67.0,0.3524,250.0,0.3525,56.0
1753533095503,12:31:35.503,CELO/USDT:USDT,0.3522,47.0,0.3521,67.0,0.3524,250.0,0.3525,56.0
1753533095577,12:31:35.577,CELO/USDT:USDT,0.3522,67.0,0.3521,47.0,0.3524,250.0,0.3525,56.0
1753533095759,12:31:35.759,CELO/USDT:USDT,0.3522,47.0,0.3521,47.0,0.3524,250.0,0.3525,56.0
1753533095796,12:31:35.796,CELO/USDT:USDT,0.3522,67.0,0.3521,67.0,0.3524,250.0,0.3525,56.0
1753533095914,12:31:35.914,CELO/USDT:USDT,0.3522,67.0,0.3521,67.0,0.3524,250.0,0.3525,56.0
1753533096123,12:31:36.123,CELO/USDT:USDT,0.3522,67.0,0.3521,67.0,0.3524,250.0,0.3525,56.0
1753533096319,12:31:36.319,CELO/USDT:USDT,0.3522,67.0,0.3521,67.0,0.3524,250.0,0.3525,56.0
1753533096646,12:31:36.646,CELO/USDT:USDT,0.3522,67.0,0.3521,67.0,0.3524,250.0,0.3525,56.0
1753533096912,12:31:36.912,CELO/USDT:USDT,0.3522,67.0,0.3521,67.0,0.3524,250.0,0.3525,56.0
1753533097152,12:31:37.152,CELO/USDT:USDT,0.3522,67.0,0.3521,67.0,0.3524,250.0,0.3525,56.0
1753533097932,12:31:37.932,CELO/USDT:USDT,0.3522,47.0,0.3521,67.0,0.3524,250.0,0.3525,56.0
1753533100310,12:31:40.310,CELO/USDT:USDT,0.3522,67.0,0.3521,67.0,0.3524,250.0,0.3525,56.0
1753533100560,12:31:40.560,CELO/USDT:USDT,0.3522,67.0,0.3521,67.0,0.3524,250.0,0.3525,56.0
1753533100635,12:31:40.635,CELO/USDT:USDT,0.3521,47.0,0.352,102.0,0.3524,250.0,0.3525,56.0
1753533100752,12:31:40.752,CELO/USDT:USDT,0.3521,47.0,0.352,102.0,0.3524,250.0,0.3525,56.0
1753533101061,12:31:41.061,CELO/USDT:USDT,0.3522,47.0,0.3521,67.0,0.3524,250.0,0.3525,56.0
1753533101081,12:31:41.081,CELO/USDT:USDT,0.3522,47.0,0.3521,67.0,0.3524,250.0,0.3525,56.0
1753533102474,12:31:42.474,CELO/USDT:USDT,0.3522,47.0,0.3521,67.0,0.3524,250.0,0.3525,56.0
1753533102715,12:31:42.715,CELO/USDT:USDT,0.3522,47.0,0.3521,67.0,0.3524,250.0,0.3525,56.0
1753533103077,12:31:43.077,CELO/USDT:USDT,0.3522,67.0,0.3521,67.0,0.3524,250.0,0.3525,56.0
1753533105265,12:31:45.265,CELO/USDT:USDT,0.3522,67.0,0.3521,67.0,0.3524,250.0,0.3525,56.0
1753533105321,12:31:45.321,CELO/USDT:USDT,0.3522,67.0,0.3521,67.0,0.3524,270.0,0.3526,353.0
1753533105570,12:31:45.570,CELO/USDT:USDT,0.3522,67.0,0.3521,67.0,0.3524,250.0,0.3526,353.0
1753533105758,12:31:45.758,CELO/USDT:USDT,0.3522,47.0,0.3521,67.0,0.3524,270.0,0.3526,353.0
1753533105954,12:31:45.954,CELO/USDT:USDT,0.3521,47.0,0.352,102.0,0.3524,250.0,0.3526,353.0
1753533105990,12:31:45.990,CELO/USDT:USDT,0.3521,47.0,0.352,102.0,0.3524,250.0,0.3526,353.0
1753533106554,12:31:46.554,CELO/USDT:USDT,0.3522,47.0,0.3521,297.0,0.3524,290.0,0.3526,353.0
1753533106585,12:31:46.585,CELO/USDT:USDT,0.3522,47.0,0.3521,297.0,0.3524,290.0,0.3526,353.0
1753533106823,12:31:46.823,CELO/USDT:USDT,0.3522,47.0,0.3521,297.0,0.3524,290.0,0.3526,353.0
1753533107349,12:31:47.349,CELO/USDT:USDT,0.3522,47.0,0.3521,858.0,0.3524,290.0,0.3526,353.0
1753533107538,12:31:47.538,CELO/USDT:USDT,0.3522,47.0,0.3521,858.0,0.3524,290.0,0.3526,353.0
1753533108349,12:31:48.349,CELO/USDT:USDT,0.3522,47.0,0.3521,297.0,0.3524,290.0,0.3526,353.0
1753533108862,12:31:48.862,CELO/USDT:USDT,0.3522,47.0,0.3521,858.0,0.3524,290.0,0.3526,353.0
1753533113926,12:31:53.926,CELO/USDT:USDT,0.3522,47.0,0.3521,297.0,0.3524,290.0,0.3526,353.0
1753533114436,12:31:54.436,CELO/USDT:USDT,0.3522,47.0,0.3521,858.0,0.3524,290.0,0.3526,353.0
1753533114560,12:31:54.560,CELO/USDT:USDT,0.3522,47.0,0.3521,858.0,0.3524,290.0,0.3525,46.0
1753533114946,12:31:54.946,CELO/USDT:USDT,0.3522,47.0,0.3521,858.0,0.3524,290.0,0.3525,46.0
1753533115434,12:31:55.434,CELO/USDT:USDT,0.3522,47.0,0.3521,858.0,0.3524,290.0,0.3525,46.0
1753533118412,12:31:58.412,CELO/USDT:USDT,0.3522,47.0,0.3521,858.0,0.3524,290.0,0.3525,46.0
1753533119536,12:31:59.536,CELO/USDT:USDT,0.3521,858.0,0.352,102.0,0.3524,290.0,0.3525,102.0
1753533119575,12:31:59.575,CELO/USDT:USDT,0.3521,858.0,0.352,102.0,0.3524,290.0,0.3525,102.0
1753533119689,12:31:59.689,CELO/USDT:USDT,0.3521,858.0,0.352,102.0,0.3524,290.0,0.3525,102.0
1753533119810,12:31:59.810,CELO/USDT:USDT,0.3521,297.0,0.352,663.0,0.3524,290.0,0.3525,102.0
1753533121886,12:32:01.886,CELO/USDT:USDT,0.3521,858.0,0.352,102.0,0.3524,290.0,0.3525,102.0
1753533122552,12:32:02.552,CELO/USDT:USDT,0.3521,811.0,0.352,102.0,0.3524,290.0,0.3525,102.0
1753533122921,12:32:02.921,CELO/USDT:USDT,0.3521,250.0,0.352,663.0,0.3524,290.0,0.3525,102.0
1753533123427,12:32:03.427,CELO/USDT:USDT,0.3521,811.0,0.352,102.0,0.3524,290.0,0.3525,102.0
1753533124458,12:32:04.458,CELO/USDT:USDT,0.3521,250.0,0.352,663.0,0.3524,290.0,0.3525,102.0
1753533125045,12:32:05.045,CELO/USDT:USDT,0.3521,811.0,0.352,102.0,0.3524,290.0,0.3525,102.0
1753533125355,12:32:05.355,CELO/USDT:USDT,0.3521,811.0,0.352,102.0,0.3524,290.0,0.3525,102.0
1753533125522,12:32:05.522,CELO/USDT:USDT,0.3521,811.0,0.352,102.0,0.3524,290.0,0.3525,102.0
1753533126323,12:32:06.323,CELO/USDT:USDT,0.3521,811.0,0.352,102.0,0.3524,290.0,0.3525,102.0
1753533128034,12:32:08.034,CELO/USDT:USDT,0.3521,250.0,0.352,663.0,0.3524,290.0,0.3525,102.0
1753533128086,12:32:08.086,CELO/USDT:USDT,0.3521,250.0,0.352,663.0,0.3524,290.0,0.3525,102.0
1753533128534,12:32:08.534,CELO/USDT:USDT,0.3521,250.0,0.352,102.0,0.3524,290.0,0.3525,102.0
1753533129720,12:32:09.720,CELO/USDT:USDT,0.3521,250.0,0.352,663.0,0.3524,290.0,0.3525,102.0
1753533135940,12:32:15.940,CELO/USDT:USDT,0.3521,250.0,0.352,663.0,0.3524,250.0,0.3525,102.0
1753533140078,12:32:20.078,CELO/USDT:USDT,0.3521,250.0,0.352,102.0,0.3524,250.0,0.3525,102.0
1753533140591,12:32:20.591,CELO/USDT:USDT,0.3521,250.0,0.352,663.0,0.3524,250.0,0.3525,102.0
1753533148004,12:32:28.004,CELO/USDT:USDT,0.3521,250.0,0.352,663.0,0.3524,250.0,0.3525,102.0
1753533148449,12:32:28.449,CELO/USDT:USDT,0.3521,250.0,0.352,663.0,0.3524,250.0,0.3525,102.0
1753533148710,12:32:28.710,CELO/USDT:USDT,0.3521,250.0,0.352,617.0,0.3523,86.0,0.3524,250.0
1753533148980,12:32:28.980,CELO/USDT:USDT,0.3521,250.0,0.352,56.0,0.3523,86.0,0.3524,250.0
1753533149497,12:32:29.497,CELO/USDT:USDT,0.3521,250.0,0.352,617.0,0.3523,86.0,0.3524,250.0
1753533149863,12:32:29.863,CELO/USDT:USDT,0.3521,270.0,0.352,617.0,0.3523,66.0,0.3524,250.0
1753533150036,12:32:30.036,CELO/USDT:USDT,0.3521,270.0,0.352,617.0,0.3523,66.0,0.3524,250.0
1753533150465,12:32:30.465,CELO/USDT:USDT,0.3521,290.0,0.352,561.0,0.3523,46.0,0.3524,250.0
1753533153040,12:32:33.040,CELO/USDT:USDT,0.3521,270.0,0.352,561.0,0.3523,86.0,0.3524,250.0
1753533153347,12:32:33.347,CELO/USDT:USDT,0.3521,250.0,0.352,561.0,0.3523,86.0,0.3524,250.0
1753533153641,12:32:33.641,CELO/USDT:USDT,0.3521,250.0,0.3519,913.0,0.3523,86.0,0.3524,250.0
1753533154010,12:32:34.010,CELO/USDT:USDT,0.3521,250.0,0.3519,913.0,0.3523,86.0,0.3524,250.0
1753533154269,12:32:34.269,CELO/USDT:USDT,0.352,561.0,0.3519,352.0,0.3523,66.0,0.3524,250.0
1753533154350,12:32:34.350,CELO/USDT:USDT,0.352,561.0,0.3519,352.0,0.3523,66.0,0.3524,306.0
1753533154999,12:32:34.999,CELO/USDT:USDT,0.352,561.0,0.3519,352.0,0.3523,46.0,0.3524,306.0
1753533156704,12:32:36.704,CELO/USDT:USDT,0.3519,913.0,0.3518,297.0,0.3523,46.0,0.3524,306.0
1753533156936,12:32:36.936,CELO/USDT:USDT,0.3519,913.0,0.3518,297.0,0.3523,46.0,0.3524,306.0
1753533157163,12:32:37.163,CELO/USDT:USDT,0.352,46.0,0.3519,913.0,0.3524,250.0,0.3525,102.0
1753533157241,12:32:37.241,CELO/USDT:USDT,0.352,607.0,0.3519,352.0,0.3524,250.0,0.3525,102.0
1753533157728,12:32:37.728,CELO/USDT:USDT,0.352,607.0,0.3519,352.0,0.3524,250.0,0.3525,102.0
1753533157966,12:32:37.966,CELO/USDT:USDT,0.352,857.0,0.3519,352.0,0.3524,250.0,0.3525,102.0
1753533158211,12:32:38.211,CELO/USDT:USDT,0.352,857.0,0.3519,352.0,0.3524,250.0,0.3525,102.0
1753533162323,12:32:42.323,CELO/USDT:USDT,0.352,811.0,0.3519,352.0,0.3523,46.0,0.3524,306.0
1753533163040,12:32:43.040,CELO/USDT:USDT,0.352,250.0,0.3519,913.0,0.3523,46.0,0.3524,306.0
1753533166610,12:32:46.610,CELO/USDT:USDT,0.352,250.0,0.3519,913.0,0.3523,46.0,0.3524,306.0
1753533166694,12:32:46.694,CELO/USDT:USDT,0.352,811.0,0.3519,352.0,0.3523,46.0,0.3524,306.0
1753533167611,12:32:47.611,CELO/USDT:USDT,0.352,811.0,0.3519,352.0,0.3523,46.0,0.3524,306.0
1753533167923,12:32:47.923,CELO/USDT:USDT,0.352,811.0,0.3519,352.0,0.3523,46.0,0.3524,306.0
1753533168145,12:32:48.145,CELO/USDT:USDT,0.352,811.0,0.3519,352.0,0.3523,46.0,0.3524,306.0
1753533168723,12:32:48.723,CELO/USDT:USDT,0.3521,561.0,0.352,250.0,0.3523,46.0,0.3524,250.0
1753533168778,12:32:48.778,CELO/USDT:USDT,0.3521,581.0,0.352,250.0,0.3523,46.0,0.3524,250.0
1753533168908,12:32:48.908,CELO/USDT:USDT,0.3521,601.0,0.352,250.0,0.3523,46.0,0.3524,250.0
1753533169250,12:32:49.250,CELO/USDT:USDT,0.3521,20.0,0.352,250.0,0.3523,46.0,0.3524,306.0
1753533169743,12:32:49.743,CELO/USDT:USDT,0.3521,601.0,0.352,250.0,0.3523,46.0,0.3524,250.0
1753533170165,12:32:50.165,CELO/USDT:USDT,0.352,811.0,0.3519,352.0,0.3523,46.0,0.3524,250.0
1753533170202,12:32:50.202,CELO/USDT:USDT,0.352,811.0,0.3519,352.0,0.3523,46.0,0.3524,306.0
1753533170408,12:32:50.408,CELO/USDT:USDT,0.352,811.0,0.3519,352.0,0.3523,46.0,0.3524,306.0
1753533170821,12:32:50.821,CELO/USDT:USDT,0.352,811.0,0.3519,352.0,0.3523,46.0,0.3524,306.0
1753533171224,12:32:51.224,CELO/USDT:USDT,0.352,811.0,0.3519,352.0,0.3523,46.0,0.3524,306.0
1753533172799,12:32:52.799,CELO/USDT:USDT,0.352,811.0,0.3519,352.0,0.3523,46.0,0.3524,306.0
1753533173759,12:32:53.759,CELO/USDT:USDT,0.3521,561.0,0.352,250.0,0.3523,46.0,0.3524,306.0
1753533173782,12:32:53.782,CELO/USDT:USDT,0.3521,601.0,0.352,250.0,0.3523,46.0,0.3524,250.0
1753533174095,12:32:54.095,CELO/USDT:USDT,0.3521,601.0,0.352,250.0,0.3523,46.0,0.3524,250.0
1753533174510,12:32:54.510,CELO/USDT:USDT,0.3521,601.0,0.352,250.0,0.3523,46.0,0.3524,250.0
1753533176532,12:32:56.532,CELO/USDT:USDT,0.3521,40.0,0.352,811.0,0.3523,46.0,0.3524,250.0
1753533177055,12:32:57.055,CELO/USDT:USDT,0.3521,40.0,0.352,811.0,0.3523,46.0,0.3524,250.0
1753533179565,12:32:59.565,CELO/USDT:USDT,0.3521,40.0,0.352,250.0,0.3523,46.0,0.3524,250.0
1753533179643,12:32:59.643,CELO/USDT:USDT,0.352,250.0,0.3519,913.0,0.3523,46.0,0.3524,306.0
1753533179744,12:32:59.744,CELO/USDT:USDT,0.352,250.0,0.3519,913.0,0.3523,46.0,0.3524,306.0
1753533180119,12:33:00.119,CELO/USDT:USDT,0.352,811.0,0.3519,352.0,0.3523,46.0,0.3524,306.0
1753533181170,12:33:01.170,CELO/USDT:USDT,0.352,811.0,0.3519,306.0,0.3523,46.0,0.3524,306.0
1753533181199,12:33:01.199,CELO/USDT:USDT,0.352,811.0,0.3519,306.0,0.3523,46.0,0.3524,306.0
1753533181370,12:33:01.370,CELO/USDT:USDT,0.352,831.0,0.3519,306.0,0.3522,48.0,0.3523,60.0
1753533181698,12:33:01.698,CELO/USDT:USDT,0.352,250.0,0.3519,867.0,0.3522,48.0,0.3523,60.0
1753533181859,12:33:01.859,CELO/USDT:USDT,0.352,270.0,0.3519,867.0,0.3522,48.0,0.3523,60.0
1753533182264,12:33:02.264,CELO/USDT:USDT,0.352,270.0,0.3519,867.0,0.3523,46.0,0.3524,306.0
1753533182410,12:33:02.410,CELO/USDT:USDT,0.352,270.0,0.3519,867.0,0.3522,48.0,0.3523,70.0
1753533182607,12:33:02.607,CELO/USDT:USDT,0.352,270.0,0.3519,867.0,0.3523,46.0,0.3524,306.0
1753533182689,12:33:02.689,CELO/USDT:USDT,0.352,270.0,0.3519,867.0,0.3522,48.0,0.3523,296.0
1753533182998,12:33:02.998,CELO/USDT:USDT,0.352,270.0,0.3519,867.0,0.3522,48.0,0.3523,296.0
1753533183709,12:33:03.709,CELO/USDT:USDT,0.352,270.0,0.3519,306.0,0.3522,48.0,0.3523,296.0
1753533183814,12:33:03.814,CELO/USDT:USDT,0.352,270.0,0.3519,306.0,0.3522,48.0,0.3523,296.0
1753533184841,12:33:04.841,CELO/USDT:USDT,0.352,250.0,0.3519,306.0,0.3522,48.0,0.3523,296.0
1753533185262,12:33:05.262,CELO/USDT:USDT,0.352,270.0,0.3519,867.0,0.3522,48.0,0.3523,296.0
1753533185279,12:33:05.279,CELO/USDT:USDT,0.352,290.0,0.3519,867.0,0.3522,48.0,0.3523,296.0
1753533185432,12:33:05.432,CELO/USDT:USDT,0.352,270.0,0.3519,867.0,0.3522,48.0,0.3523,296.0
1753533186225,12:33:06.225,CELO/USDT:USDT,0.352,290.0,0.3519,867.0,0.3522,48.0,0.3523,296.0
1753533186833,12:33:06.833,CELO/USDT:USDT,0.352,290.0,0.3519,867.0,0.3522,48.0,0.3523,296.0
1753533187621,12:33:07.621,CELO/USDT:USDT,0.352,290.0,0.3519,867.0,0.3522,48.0,0.3523,296.0
1753533190254,12:33:10.254,CELO/USDT:USDT,0.352,290.0,0.3519,811.0,0.3522,48.0,0.3523,296.0
1753533191071,12:33:11.071,CELO/USDT:USDT,0.352,290.0,0.3519,250.0,0.3522,48.0,0.3523,296.0
1753533191303,12:33:11.303,CELO/USDT:USDT,0.352,290.0,0.3519,298.0,0.3522,48.0,0.3523,296.0
1753533191658,12:33:11.658,CELO/USDT:USDT,0.352,290.0,0.3519,859.0,0.3522,48.0,0.3523,296.0
1753533192020,12:33:12.020,CELO/USDT:USDT,0.352,270.0,0.3519,859.0,0.3522,48.0,0.3523,296.0
1753533192325,12:33:12.325,CELO/USDT:USDT,0.352,270.0,0.3519,811.0,0.3522,48.0,0.3523,296.0
1753533192388,12:33:12.388,CELO/USDT:USDT,0.352,831.0,0.3519,250.0,0.3522,48.0,0.3523,296.0
1753533192567,12:33:12.567,CELO/USDT:USDT,0.352,581.0,0.3519,250.0,0.3522,48.0,0.3523,296.0
1753533192658,12:33:12.658,CELO/USDT:USDT,0.3519,811.0,0.3518,353.0,0.3522,48.0,0.3523,352.0
1753533193171,12:33:13.171,CELO/USDT:USDT,0.3519,811.0,0.3518,353.0,0.3522,48.0,0.3523,352.0
1753533193565,12:33:13.565,CELO/USDT:USDT,0.3519,811.0,0.3518,353.0,0.3522,48.0,0.3523,102.0
1753533193884,12:33:13.884,CELO/USDT:USDT,0.3519,811.0,0.3518,353.0,0.3522,48.0,0.3523,102.0
1753533194650,12:33:14.650,CELO/USDT:USDT,0.3519,250.0,0.3518,914.0,0.3522,48.0,0.3523,102.0
1753533195228,12:33:15.228,CELO/USDT:USDT,0.3519,811.0,0.3518,353.0,0.3522,48.0,0.3523,102.0
1753533196699,12:33:16.699,CELO/USDT:USDT,0.3519,811.0,0.3518,353.0,0.3522,48.0,0.3523,102.0
1753533197706,12:33:17.706,CELO/USDT:USDT,0.3519,811.0,0.3518,353.0,0.3522,48.0,0.3523,102.0
1753533201259,12:33:21.259,CELO/USDT:USDT,0.3519,250.0,0.3518,914.0,0.3522,48.0,0.3523,102.0
1753533201551,12:33:21.551,CELO/USDT:USDT,0.3519,250.0,0.3518,914.0,0.3522,48.0,0.3523,102.0
1753533202266,12:33:22.266,CELO/USDT:USDT,0.3519,250.0,0.3518,914.0,0.3522,48.0,0.3523,102.0
1753533202766,12:33:22.766,CELO/USDT:USDT,0.3519,250.0,0.3518,914.0,0.3522,48.0,0.3523,102.0
1753533203518,12:33:23.518,CELO/USDT:USDT,0.3519,250.0,0.3518,914.0,0.3522,48.0,0.3523,102.0
1753533205876,12:33:25.876,CELO/USDT:USDT,0.3519,250.0,0.3518,914.0,0.3522,48.0,0.3523,102.0
1753533206840,12:33:26.840,CELO/USDT:USDT,0.3519,250.0,0.3518,914.0,0.3522,48.0,0.3523,102.0
1753533207394,12:33:27.394,CELO/USDT:USDT,0.3519,811.0,0.3518,353.0,0.3522,48.0,0.3523,102.0
1753533209152,12:33:29.152,CELO/USDT:USDT,0.3519,811.0,0.3518,353.0,0.3522,48.0,0.3523,102.0
1753533209654,12:33:29.654,CELO/USDT:USDT,0.3519,250.0,0.3518,914.0,0.3522,48.0,0.3523,102.0
1753533211195,12:33:31.195,CELO/USDT:USDT,0.3519,811.0,0.3518,353.0,0.3522,48.0,0.3523,102.0
1753533213725,12:33:33.725,CELO/USDT:USDT,0.3519,811.0,0.3518,353.0,0.3522,48.0,0.3523,102.0
1753533218069,12:33:38.069,CELO/USDT:USDT,0.3518,307.0,0.3517,250.0,0.3522,298.0,0.3523,102.0
1753533218170,12:33:38.170,CELO/USDT:USDT,0.3518,1.0,0.3517,250.0,0.352,67.0,0.3521,353.0
1753533218238,12:33:38.238,CELO/USDT:USDT,0.3518,1.0,0.3517,250.0,0.352,67.0,0.3521,353.0
1753533218368,12:33:38.368,CELO/USDT:USDT,0.3518,1.0,0.3517,250.0,0.352,67.0,0.3521,353.0
1753533218440,12:33:38.440,CELO/USDT:USDT,0.3518,1.0,0.3517,250.0,0.352,67.0,0.3521,353.0
1753533218508,12:33:38.508,CELO/USDT:USDT,0.3518,1.0,0.3517,250.0,0.352,67.0,0.3521,353.0
1753533218683,12:33:38.683,CELO/USDT:USDT,0.3518,1.0,0.3517,250.0,0.352,67.0,0.3521,353.0
1753533218809,12:33:38.809,CELO/USDT:USDT,0.3518,1.0,0.3517,250.0,0.352,67.0,0.3521,353.0
1753533218936,12:33:38.936,CELO/USDT:USDT,0.3518,1.0,0.3517,250.0,0.352,67.0,0.3521,353.0
1753533219066,12:33:39.066,CELO/USDT:USDT,0.3518,1.0,0.3517,250.0,0.352,47.0,0.3521,353.0
1753533219098,12:33:39.098,CELO/USDT:USDT,0.3518,1.0,0.3517,250.0,0.352,47.0,0.3521,353.0
1753533219261,12:33:39.261,CELO/USDT:USDT,0.3518,41.0,0.3517,250.0,0.352,47.0,0.3521,297.0
1753533219834,12:33:39.834,CELO/USDT:USDT,0.3518,41.0,0.3517,250.0,0.352,47.0,0.3521,297.0
1753533220332,12:33:40.332,CELO/USDT:USDT,0.3518,41.0,0.3517,250.0,0.352,47.0,0.3521,297.0
1753533221253,12:33:41.253,CELO/USDT:USDT,0.3518,41.0,0.3517,250.0,0.352,47.0,0.3521,297.0
1753533221463,12:33:41.463,CELO/USDT:USDT,0.3518,41.0,0.3517,352.0,0.3521,297.0,0.3522,2058.0
1753533222241,12:33:42.241,CELO/USDT:USDT,0.3518,41.0,0.3517,352.0,0.3521,297.0,0.3522,2058.0
1753533223107,12:33:43.107,CELO/USDT:USDT,0.3518,41.0,0.3517,352.0,0.3521,297.0,0.3522,2058.0
1753533223266,12:33:43.266,CELO/USDT:USDT,0.3518,41.0,0.3517,352.0,0.3521,297.0,0.3522,1206.0
1753533223429,12:33:43.429,CELO/USDT:USDT,0.3518,41.0,0.3517,352.0,0.3521,297.0,0.3522,1206.0
1753533224252,12:33:44.252,CELO/USDT:USDT,0.3518,41.0,0.3517,352.0,0.3521,297.0,0.3522,1206.0
1753533224657,12:33:44.657,CELO/USDT:USDT,0.3518,41.0,0.3517,352.0,0.3521,297.0,0.3522,1206.0
1753533225955,12:33:45.955,CELO/USDT:USDT,0.3518,41.0,0.3517,352.0,0.3521,297.0,0.3522,1206.0
1753533226714,12:33:46.714,CELO/USDT:USDT,0.3518,41.0,0.3517,352.0,0.3521,297.0,0.3522,1206.0
1753533227226,12:33:47.226,CELO/USDT:USDT,0.3518,41.0,0.3517,352.0,0.3521,297.0,0.3522,1206.0
1753533227423,12:33:47.423,CELO/USDT:USDT,0.3518,87.0,0.3517,352.0,0.3521,297.0,0.3522,1206.0
1753533228665,12:33:48.665,CELO/USDT:USDT,0.3518,87.0,0.3517,352.0,0.3521,297.0,0.3522,1206.0
1753533229313,12:33:49.313,CELO/USDT:USDT,0.3518,87.0,0.3517,352.0,0.3521,297.0,0.3522,1206.0
1753533230662,12:33:50.662,CELO/USDT:USDT,0.3518,87.0,0.3517,352.0,0.3521,297.0,0.3522,1206.0
1753533231351,12:33:51.351,CELO/USDT:USDT,0.3518,87.0,0.3517,352.0,0.3521,297.0,0.3522,1206.0
1753533231414,12:33:51.414,CELO/USDT:USDT,0.3518,87.0,0.3517,352.0,0.3521,297.0,0.3522,1206.0
1753533232917,12:33:52.917,CELO/USDT:USDT,0.3518,87.0,0.3517,352.0,0.3521,297.0,0.3522,1206.0
1753533233104,12:33:53.104,CELO/USDT:USDT,0.3518,41.0,0.3517,352.0,0.3521,297.0,0.3522,1206.0
1753533234171,12:33:54.171,CELO/USDT:USDT,0.3518,41.0,0.3517,352.0,0.3521,297.0,0.3522,1206.0
1753533234336,12:33:54.336,CELO/USDT:USDT,0.3518,41.0,0.3517,352.0,0.3521,297.0,0.3522,1206.0
1753533234755,12:33:54.755,CELO/USDT:USDT,0.3518,41.0,0.3517,352.0,0.3521,297.0,0.3522,1206.0
1753533235086,12:33:55.086,CELO/USDT:USDT,0.3518,41.0,0.3517,352.0,0.3521,297.0,0.3522,1206.0
1753533236100,12:33:56.100,CELO/USDT:USDT,0.3518,41.0,0.3517,352.0,0.3521,297.0,0.3522,1206.0
1753533237174,12:33:57.174,CELO/USDT:USDT,0.3518,41.0,0.3517,352.0,0.3521,297.0,0.3522,1206.0
1753533240809,12:34:00.809,CELO/USDT:USDT,0.3518,41.0,0.3517,352.0,0.3521,297.0,0.3522,1206.0
1753533242353,12:34:02.353,CELO/USDT:USDT,0.3518,1.0,0.3517,352.0,0.3521,297.0,0.3522,1206.0
1753533242893,12:34:02.893,CELO/USDT:USDT,0.3518,1.0,0.3517,352.0,0.3521,297.0,0.3522,1206.0
1753533243970,12:34:03.970,CELO/USDT:USDT,0.3518,47.0,0.3517,352.0,0.3521,297.0,0.3522,1206.0
1753533245833,12:34:05.833,CELO/USDT:USDT,0.3518,47.0,0.3517,352.0,0.3521,297.0,0.3522,1206.0
1753533246346,12:34:06.346,CELO/USDT:USDT,0.3518,47.0,0.3517,352.0,0.3521,297.0,0.3522,1206.0
1753533252104,12:34:12.104,CELO/USDT:USDT,0.3518,1.0,0.3517,352.0,0.3521,297.0,0.3522,1206.0
1753533253027,12:34:13.027,CELO/USDT:USDT,0.3518,1.0,0.3517,352.0,0.3521,297.0,0.3522,1206.0
1753533253400,12:34:13.400,CELO/USDT:USDT,0.3518,1.0,0.3517,352.0,0.3521,297.0,0.3522,1206.0
1753533254563,12:34:14.563,CELO/USDT:USDT,0.3518,1.0,0.3517,296.0,0.3521,297.0,0.3522,1206.0
1753533254597,12:34:14.597,CELO/USDT:USDT,0.3518,1.0,0.3517,296.0,0.3521,297.0,0.3522,1206.0
1753533255015,12:34:15.015,CELO/USDT:USDT,0.3518,1.0,0.3517,296.0,0.3521,1149.0,0.3522,354.0
1753533256252,12:34:16.252,CELO/USDT:USDT,0.3518,1.0,0.3517,296.0,0.3521,1149.0,0.3522,354.0
1753533256298,12:34:16.298,CELO/USDT:USDT,0.3518,1.0,0.3517,296.0,0.3521,2001.0,0.3522,354.0
1753533256759,12:34:16.759,CELO/USDT:USDT,0.3518,1.0,0.3517,296.0,0.3521,2001.0,0.3522,354.0
1753533257185,12:34:17.185,CELO/USDT:USDT,0.3518,1.0,0.3517,296.0,0.3521,2001.0,0.3522,354.0
1753533257376,12:34:17.376,CELO/USDT:USDT,0.3518,1.0,0.3517,296.0,0.3521,2001.0,0.3522,354.0
1753533257878,12:34:17.878,CELO/USDT:USDT,0.3518,1.0,0.3517,296.0,0.3521,2001.0,0.3522,354.0
1753533258364,12:34:18.364,CELO/USDT:USDT,0.3518,48.0,0.3517,296.0,0.3521,2001.0,0.3522,354.0
1753533258385,12:34:18.385,CELO/USDT:USDT,0.3518,48.0,0.3517,352.0,0.3521,2001.0,0.3522,354.0
1753533258865,12:34:18.865,CELO/USDT:USDT,0.3518,48.0,0.3517,352.0,0.3521,2001.0,0.3522,354.0
1753533263565,12:34:23.565,CELO/USDT:USDT,0.3518,48.0,0.3517,352.0,0.3521,2001.0,0.3522,354.0
1753533263637,12:34:23.637,CELO/USDT:USDT,0.3518,48.0,0.3517,352.0,0.3521,2001.0,0.3522,354.0
1753533263688,12:34:23.688,CELO/USDT:USDT,0.3518,48.0,0.3517,352.0,0.3521,2001.0,0.3522,354.0
1753533263967,12:34:23.967,CELO/USDT:USDT,0.3518,48.0,0.3517,352.0,0.3521,2001.0,0.3522,354.0
1753533263974,12:34:23.974,CELO/USDT:USDT,0.3518,48.0,0.3517,352.0,0.3521,2001.0,0.3522,354.0
1753533264369,12:34:24.369,CELO/USDT:USDT,0.3518,48.0,0.3517,352.0,0.3521,2001.0,0.3522,354.0
1753533264375,12:34:24.375,CELO/USDT:USDT,0.3518,48.0,0.3517,352.0,0.3521,2001.0,0.3522,354.0
1753533264487,12:34:24.487,CELO/USDT:USDT,0.3518,48.0,0.3517,352.0,0.3521,2001.0,0.3522,354.0
1753533264857,12:34:24.857,CELO/USDT:USDT,0.3518,48.0,0.3517,352.0,0.3521,2001.0,0.3522,354.0
1753533264877,12:34:24.877,CELO/USDT:USDT,0.3518,48.0,0.3517,352.0,0.3521,2001.0,0.3522,354.0
1753533265202,12:34:25.202,CELO/USDT:USDT,0.3518,48.0,0.3517,352.0,0.3521,2001.0,0.3522,354.0
1753533265618,12:34:25.618,CELO/USDT:USDT,0.3518,48.0,0.3517,352.0,0.3521,2001.0,0.3522,354.0
1753533265712,12:34:25.712,CELO/USDT:USDT,0.3518,48.0,0.3517,352.0,0.3521,2001.0,0.3522,354.0
1753533265852,12:34:25.852,CELO/USDT:USDT,0.3518,48.0,0.3517,352.0,0.3521,2001.0,0.3522,354.0
1753533266027,12:34:26.027,CELO/USDT:USDT,0.3518,48.0,0.3517,352.0,0.3521,2001.0,0.3522,354.0
1753533266128,12:34:26.128,CELO/USDT:USDT,0.3518,48.0,0.3517,352.0,0.3521,2001.0,0.3522,354.0
1753533266450,12:34:26.450,CELO/USDT:USDT,0.3518,48.0,0.3517,352.0,0.3521,2001.0,0.3522,354.0
1753533266502,12:34:26.502,CELO/USDT:USDT,0.3518,48.0,0.3517,352.0,0.3521,2001.0,0.3522,354.0
1753533266858,12:34:26.858,CELO/USDT:USDT,0.3518,48.0,0.3517,352.0,0.3521,2001.0,0.3522,354.0
1753533266897,12:34:26.897,CELO/USDT:USDT,0.3518,48.0,0.3517,352.0,0.3521,2001.0,0.3522,354.0
1753533267271,12:34:27.271,CELO/USDT:USDT,0.3518,48.0,0.3517,352.0,0.3521,2001.0,0.3522,354.0
1753533267359,12:34:27.359,CELO/USDT:USDT,0.3518,48.0,0.3517,352.0,0.3521,2001.0,0.3522,354.0
1753533267746,12:34:27.746,CELO/USDT:USDT,0.3518,1.0,0.3517,296.0,0.3521,2001.0,0.3522,354.0
1753533267791,12:34:27.791,CELO/USDT:USDT,0.3518,1.0,0.3517,296.0,0.3521,2001.0,0.3522,354.0
1753533268153,12:34:28.153,CELO/USDT:USDT,0.3518,1.0,0.3517,296.0,0.3521,2001.0,0.3522,354.0
1753533268176,12:34:28.176,CELO/USDT:USDT,0.3518,1.0,0.3517,296.0,0.3521,2001.0,0.3522,354.0
1753533268567,12:34:28.567,CELO/USDT:USDT,0.3518,1.0,0.3517,296.0,0.3521,2001.0,0.3522,354.0
1753533268657,12:34:28.657,CELO/USDT:USDT,0.3518,1.0,0.3517,296.0,0.3521,2021.0,0.3522,354.0
1753533268682,12:34:28.682,CELO/USDT:USDT,0.3518,1.0,0.3517,296.0,0.3521,2021.0,0.3522,354.0
1753533268963,12:34:28.963,CELO/USDT:USDT,0.3518,1.0,0.3517,296.0,0.352,46.0,0.3521,2021.0
1753533269020,12:34:29.020,CELO/USDT:USDT,0.3518,1.0,0.3517,250.0,0.352,46.0,0.3521,353.0
1753533269141,12:34:29.141,CELO/USDT:USDT,0.3518,1.0,0.3517,250.0,0.352,46.0,0.3521,353.0
1753533269340,12:34:29.340,CELO/USDT:USDT,0.3518,1.0,0.3517,250.0,0.352,46.0,0.3521,353.0
1753533269413,12:34:29.413,CELO/USDT:USDT,0.3518,1.0,0.3517,250.0,0.352,46.0,0.3521,353.0
1753533270008,12:34:30.008,CELO/USDT:USDT,0.3518,1.0,0.3517,296.0,0.352,46.0,0.3521,353.0
1753533270160,12:34:30.160,CELO/USDT:USDT,0.3518,1.0,0.3517,296.0,0.352,46.0,0.3521,353.0
1753533270438,12:34:30.438,CELO/USDT:USDT,0.3518,1.0,0.3517,296.0,0.352,46.0,0.3521,353.0
1753533270606,12:34:30.606,CELO/USDT:USDT,0.3518,1.0,0.3517,296.0,0.352,46.0,0.3521,353.0
1753533270866,12:34:30.866,CELO/USDT:USDT,0.3518,1.0,0.3517,296.0,0.352,46.0,0.3521,353.0
1753533271909,12:34:31.909,CELO/USDT:USDT,0.3518,1.0,0.3517,296.0,0.352,46.0,0.3521,353.0
1753533273400,12:34:33.400,CELO/USDT:USDT,0.3518,1.0,0.3517,296.0,0.352,46.0,0.3521,353.0
1753533273994,12:34:33.994,CELO/USDT:USDT,0.3518,21.0,0.3517,296.0,0.352,46.0,0.3521,353.0
1753533274212,12:34:34.212,CELO/USDT:USDT,0.3518,21.0,0.3517,296.0,0.352,46.0,0.3521,353.0
1753533275559,12:34:35.559,CELO/USDT:USDT,0.3518,21.0,0.3517,296.0,0.352,46.0,0.3521,353.0
1753533276226,12:34:36.226,CELO/USDT:USDT,0.3518,21.0,0.3517,296.0,0.352,46.0,0.3521,297.0
1753533278615,12:34:38.615,CELO/USDT:USDT,0.3518,21.0,0.3517,296.0,0.352,46.0,0.3521,297.0
1753533279117,12:34:39.117,CELO/USDT:USDT,0.3518,21.0,0.3517,296.0,0.352,46.0,0.3521,297.0
1753533280099,12:34:40.099,CELO/USDT:USDT,0.3518,41.0,0.3517,296.0,0.352,46.0,0.3521,297.0
1753533280370,12:34:40.370,CELO/USDT:USDT,0.3518,21.0,0.3517,296.0,0.352,46.0,0.3521,297.0
1753533280382,12:34:40.382,CELO/USDT:USDT,0.3518,21.0,0.3517,296.0,0.352,46.0,0.3521,353.0
1753533280880,12:34:40.880,CELO/USDT:USDT,0.3518,1.0,0.3517,250.0,0.352,46.0,0.3521,353.0
1753533281017,12:34:41.017,CELO/USDT:USDT,0.3518,1.0,0.3517,250.0,0.352,66.0,0.3521,353.0
1753533281145,12:34:41.145,CELO/USDT:USDT,0.3518,1.0,0.3517,250.0,0.352,86.0,0.3521,353.0
1753533281185,12:34:41.185,CELO/USDT:USDT,0.3518,1.0,0.3517,250.0,0.352,66.0,0.3521,353.0
1753533282088,12:34:42.088,CELO/USDT:USDT,0.3518,1.0,0.3517,250.0,0.352,46.0,0.3521,353.0
1753533282172,12:34:42.172,CELO/USDT:USDT,0.3518,1.0,0.3517,250.0,0.352,66.0,0.3521,353.0
1753533282540,12:34:42.540,CELO/USDT:USDT,0.3518,1.0,0.3517,250.0,0.352,46.0,0.3521,353.0
1753533282637,12:34:42.637,CELO/USDT:USDT,0.3518,1.0,0.3517,250.0,0.352,66.0,0.3521,353.0
1753533288774,12:34:48.774,CELO/USDT:USDT,0.3518,1.0,0.3517,296.0,0.352,66.0,0.3521,353.0
1753533289054,12:34:49.054,CELO/USDT:USDT,0.3518,1.0,0.3517,296.0,0.3521,2021.0,0.3522,354.0
1753533290115,12:34:50.115,CELO/USDT:USDT,0.3518,1.0,0.3517,296.0,0.3521,2021.0,0.3522,354.0
1753533290269,12:34:50.269,CELO/USDT:USDT,0.3518,1.0,0.3517,296.0,0.3521,2021.0,0.3522,354.0
1753533290350,12:34:50.350,CELO/USDT:USDT,0.3518,1.0,0.3517,296.0,0.3521,2021.0,0.3522,354.0
1753533291112,12:34:51.112,CELO/USDT:USDT,0.3518,1.0,0.3517,296.0,0.3521,2021.0,0.3522,354.0
1753533293664,12:34:53.664,CELO/USDT:USDT,0.3518,1.0,0.3517,296.0,0.3521,2021.0,0.3522,354.0
1753533293863,12:34:53.863,CELO/USDT:USDT,0.3518,47.0,0.3517,352.0,0.3521,2021.0,0.3522,354.0
1753533294277,12:34:54.277,CELO/USDT:USDT,0.3518,47.0,0.3517,352.0,0.3521,2001.0,0.3522,354.0
1753533295039,12:34:55.039,CELO/USDT:USDT,0.3518,47.0,0.3517,352.0,0.3521,1954.0,0.3522,354.0
1753533295116,12:34:55.116,CELO/USDT:USDT,0.3519,46.0,0.3518,67.0,0.3521,270.0,0.3522,354.0
1753533295238,12:34:55.238,CELO/USDT:USDT,0.3519,46.0,0.3518,67.0,0.3521,270.0,0.3522,354.0
1753533295334,12:34:55.334,CELO/USDT:USDT,0.3519,86.0,0.3518,47.0,0.3521,250.0,0.3522,354.0
1753533295419,12:34:55.419,CELO/USDT:USDT,0.3519,86.0,0.3518,47.0,0.3521,250.0,0.3522,354.0
1753533295560,12:34:55.560,CELO/USDT:USDT,0.3519,66.0,0.3518,47.0,0.3521,250.0,0.3522,354.0
1753533295577,12:34:55.577,CELO/USDT:USDT,0.3519,46.0,0.3518,47.0,0.3521,250.0,0.3522,354.0
1753533295704,12:34:55.704,CELO/USDT:USDT,0.3519,86.0,0.3518,47.0,0.3521,250.0,0.3522,354.0
1753533296405,12:34:56.405,CELO/USDT:USDT,0.3519,86.0,0.3518,47.0,0.3521,250.0,0.3522,354.0
1753533296701,12:34:56.701,CELO/USDT:USDT,0.3519,86.0,0.3518,47.0,0.3521,250.0,0.3522,354.0
1753533297022,12:34:57.022,CELO/USDT:USDT,0.3519,86.0,0.3518,47.0,0.3521,250.0,0.3522,354.0
1753533297500,12:34:57.500,CELO/USDT:USDT,0.3519,86.0,0.3518,47.0,0.3521,250.0,0.3522,306.0
1753533298349,12:34:58.349,CELO/USDT:USDT,0.3519,86.0,0.3518,47.0,0.3521,250.0,0.3522,306.0
1753533299762,12:34:59.762,CELO/USDT:USDT,0.3519,46.0,0.3518,47.0,0.3521,290.0,0.3522,306.0
1753533300022,12:35:00.022,CELO/USDT:USDT,0.3519,65.0,0.3518,47.0,0.3521,250.0,0.3522,306.0
1753533300408,12:35:00.408,CELO/USDT:USDT,0.3519,46.0,0.3518,47.0,0.3521,288.0,0.3522,306.0
1753533300797,12:35:00.797,CELO/USDT:USDT,0.3519,46.0,0.3518,47.0,0.3521,250.0,0.3522,306.0
1753533301462,12:35:01.462,CELO/USDT:USDT,0.3518,47.0,0.3517,352.0,0.3521,250.0,0.3522,306.0
1753533301801,12:35:01.801,CELO/USDT:USDT,0.3518,47.0,0.3517,352.0,0.3521,250.0,0.3522,306.0
1753533302757,12:35:02.757,CELO/USDT:USDT,0.3519,83.0,0.3518,47.0,0.3521,269.0,0.3522,306.0
1753533302861,12:35:02.861,CELO/USDT:USDT,0.3519,83.0,0.3518,47.0,0.3521,250.0,0.3522,306.0
1753533303218,12:35:03.218,CELO/USDT:USDT,0.3519,83.0,0.3518,47.0,0.3521,250.0,0.3522,306.0
1753533303769,12:35:03.769,CELO/USDT:USDT,0.352,45.0,0.3519,83.0,0.3521,250.0,0.3522,306.0
1753533303826,12:35:03.826,CELO/USDT:USDT,0.352,45.0,0.3519,83.0,0.3521,250.0,0.3522,250.0
1753533303955,12:35:03.955,CELO/USDT:USDT,0.3519,45.0,0.3518,47.0,0.3521,250.0,0.3522,250.0
1753533304036,12:35:04.036,CELO/USDT:USDT,0.3519,45.0,0.3518,47.0,0.3521,250.0,0.3522,250.0
1753533304322,12:35:04.322,CELO/USDT:USDT,0.3519,45.0,0.3518,103.0,0.3522,250.0,0.3523,102.0
1753533307110,12:35:07.110,CELO/USDT:USDT,0.3519,45.0,0.3518,103.0,0.3522,250.0,0.3523,102.0
1753533309437,12:35:09.437,CELO/USDT:USDT,0.3519,45.0,0.3518,103.0,0.3522,250.0,0.3523,102.0
1753533310437,12:35:10.437,CELO/USDT:USDT,0.3519,45.0,0.3518,103.0,0.3522,250.0,0.3523,102.0
1753533311135,12:35:11.135,CELO/USDT:USDT,0.3519,45.0,0.3518,103.0,0.3522,250.0,0.3523,102.0
1753533311209,12:35:11.209,CELO/USDT:USDT,0.3519,45.0,0.3518,103.0,0.3522,250.0,0.3523,102.0
1753533311548,12:35:11.548,CELO/USDT:USDT,0.3519,45.0,0.3518,103.0,0.3522,250.0,0.3523,102.0
1753533322317,12:35:22.317,CELO/USDT:USDT,0.3519,45.0,0.3518,103.0,0.3522,250.0,0.3523,102.0
1753533322417,12:35:22.417,CELO/USDT:USDT,0.3519,45.0,0.3518,103.0,0.3522,250.0,0.3523,102.0
1753533324736,12:35:24.736,CELO/USDT:USDT,0.3519,45.0,0.3518,103.0,0.3522,250.0,0.3523,102.0
1753533325169,12:35:25.169,CELO/USDT:USDT,0.3519,45.0,0.3518,103.0,0.3522,250.0,0.3523,102.0
1753533326763,12:35:26.763,CELO/USDT:USDT,0.3519,45.0,0.3518,103.0,0.3522,250.0,0.3523,102.0
1753533328502,12:35:28.502,CELO/USDT:USDT,0.3519,45.0,0.3518,103.0,0.3522,250.0,0.3523,102.0
1753533328923,12:35:28.923,CELO/USDT:USDT,0.3519,45.0,0.3518,103.0,0.3522,250.0,0.3523,102.0
1753533329971,12:35:29.971,CELO/USDT:USDT,0.3519,45.0,0.3518,103.0,0.3522,250.0,0.3523,102.0
1753533333698,12:35:33.698,CELO/USDT:USDT,0.3519,45.0,0.3518,103.0,0.3522,250.0,0.3523,102.0
1753533334197,12:35:34.197,CELO/USDT:USDT,0.3519,45.0,0.3518,103.0,0.3522,250.0,0.3523,102.0
1753533338795,12:35:38.795,CELO/USDT:USDT,0.3519,45.0,0.3518,103.0,0.3522,250.0,0.3523,102.0
1753533341606,12:35:41.606,CELO/USDT:USDT,0.3519,45.0,0.3518,103.0,0.3522,250.0,0.3523,102.0
1753533345448,12:35:45.448,CELO/USDT:USDT,0.3519,45.0,0.3518,103.0,0.3522,250.0,0.3523,102.0
1753533347698,12:35:47.698,CELO/USDT:USDT,0.3519,45.0,0.3518,103.0,0.3522,250.0,0.3523,102.0
1753533348319,12:35:48.319,CELO/USDT:USDT,0.3519,45.0,0.3518,103.0,0.3522,250.0,0.3523,102.0
1753533351343,12:35:51.343,CELO/USDT:USDT,0.3519,45.0,0.3518,103.0,0.3522,250.0,0.3523,102.0
1753533352214,12:35:52.214,CELO/USDT:USDT,0.3519,45.0,0.3518,103.0,0.3522,250.0,0.3523,102.0
1753533352294,12:35:52.294,CELO/USDT:USDT,0.3519,45.0,0.3518,103.0,0.3522,250.0,0.3523,56.0
1753533352372,12:35:52.372,CELO/USDT:USDT,0.3519,45.0,0.3518,103.0,0.3522,250.0,0.3523,56.0
1753533352771,12:35:52.771,CELO/USDT:USDT,0.3519,295.0,0.3518,103.0,0.3522,250.0,0.3523,56.0
1753533352780,12:35:52.780,CELO/USDT:USDT,0.352,47.0,0.3519,295.0,0.3522,269.0,0.3523,56.0
1753533352901,12:35:52.901,CELO/USDT:USDT,0.352,47.0,0.3519,295.0,0.3522,288.0,0.3523,56.0
1753533353084,12:35:53.084,CELO/USDT:USDT,0.352,47.0,0.3519,295.0,0.3522,288.0,0.3523,56.0
1753533355069,12:35:55.069,CELO/USDT:USDT,0.352,47.0,0.3519,295.0,0.3522,288.0,0.3523,56.0
1753533355151,12:35:55.151,CELO/USDT:USDT,0.352,47.0,0.3519,295.0,0.3522,269.0,0.3523,56.0
1753533355235,12:35:55.235,CELO/USDT:USDT,0.352,47.0,0.3519,295.0,0.3522,269.0,0.3523,56.0
1753533355333,12:35:55.333,CELO/USDT:USDT,0.352,47.0,0.3519,295.0,0.3522,269.0,0.3523,56.0
1753533355622,12:35:55.622,CELO/USDT:USDT,0.352,47.0,0.3519,295.0,0.3522,288.0,0.3524,352.0
1753533355763,12:35:55.763,CELO/USDT:USDT,0.352,47.0,0.3519,295.0,0.3522,269.0,0.3524,352.0
1753533355773,12:35:55.773,CELO/USDT:USDT,0.352,47.0,0.3519,295.0,0.3522,269.0,0.3524,352.0
1753533356814,12:35:56.814,CELO/USDT:USDT,0.352,47.0,0.3519,295.0,0.3522,269.0,0.3524,352.0
1753533357428,12:35:57.428,CELO/USDT:USDT,0.352,66.0,0.3519,295.0,0.3522,269.0,0.3524,352.0
1753533357631,12:35:57.631,CELO/USDT:USDT,0.3521,47.0,0.352,66.0,0.3522,250.0,0.3524,352.0
1753533357715,12:35:57.715,CELO/USDT:USDT,0.3521,47.0,0.352,66.0,0.3522,250.0,0.3524,352.0
1753533357918,12:35:57.918,CELO/USDT:USDT,0.3521,47.0,0.352,66.0,0.3522,250.0,0.3524,352.0
1753533358335,12:35:58.335,CELO/USDT:USDT,0.3521,47.0,0.352,66.0,0.3522,250.0,0.3524,352.0
1753533358564,12:35:58.564,CELO/USDT:USDT,0.3521,47.0,0.352,122.0,0.3524,250.0,0.3525,352.0
1753533358662,12:35:58.662,CELO/USDT:USDT,0.3521,47.0,0.352,122.0,0.3524,250.0,0.3525,352.0
1753533358703,12:35:58.703,CELO/USDT:USDT,0.3521,47.0,0.352,122.0,0.3524,250.0,0.3525,352.0
1753533358865,12:35:58.865,CELO/USDT:USDT,0.3521,47.0,0.352,122.0,0.3524,250.0,0.3525,352.0
1753533358881,12:35:58.881,CELO/USDT:USDT,0.3521,47.0,0.352,122.0,0.3524,250.0,0.3525,352.0
1753533359758,12:35:59.758,CELO/USDT:USDT,0.3521,47.0,0.352,122.0,0.3524,250.0,0.3525,352.0
1753533359868,12:35:59.868,CELO/USDT:USDT,0.3521,47.0,0.352,103.0,0.3524,250.0,0.3525,352.0
1753533359966,12:35:59.966,CELO/USDT:USDT,0.3521,47.0,0.352,103.0,0.3524,250.0,0.3525,352.0
1753533360670,12:36:00.670,CELO/USDT:USDT,0.3521,47.0,0.352,103.0,0.3524,250.0,0.3525,352.0
1753533360709,12:36:00.709,CELO/USDT:USDT,0.3521,47.0,0.352,103.0,0.3524,250.0,0.3525,352.0
1753533361576,12:36:01.576,CELO/USDT:USDT,0.3521,47.0,0.352,103.0,0.3524,250.0,0.3525,352.0
1753533361921,12:36:01.921,CELO/USDT:USDT,0.3521,47.0,0.352,103.0,0.3524,250.0,0.3525,352.0
1753533362018,12:36:02.018,CELO/USDT:USDT,0.3521,47.0,0.352,103.0,0.3524,250.0,0.3525,352.0
1753533362547,12:36:02.547,CELO/USDT:USDT,0.3521,47.0,0.352,103.0,0.3524,250.0,0.3525,352.0
1753533363101,12:36:03.101,CELO/USDT:USDT,0.3521,47.0,0.352,103.0,0.3524,250.0,0.3525,352.0
1753533363443,12:36:03.443,CELO/USDT:USDT,0.3521,47.0,0.352,103.0,0.3524,250.0,0.3525,352.0
1753533364821,12:36:04.821,CELO/USDT:USDT,0.3521,47.0,0.352,103.0,0.3524,250.0,0.3525,352.0
1753533365136,12:36:05.136,CELO/USDT:USDT,0.3521,47.0,0.352,103.0,0.3524,250.0,0.3525,352.0
1753533365465,12:36:05.465,CELO/USDT:USDT,0.3521,47.0,0.352,103.0,0.3524,250.0,0.3525,352.0
1753533365835,12:36:05.835,CELO/USDT:USDT,0.3521,47.0,0.352,103.0,0.3524,250.0,0.3525,352.0
1753533367362,12:36:07.362,CELO/USDT:USDT,0.3521,47.0,0.352,103.0,0.3524,250.0,0.3525,352.0
1753533368415,12:36:08.415,CELO/USDT:USDT,0.3521,47.0,0.352,103.0,0.3524,250.0,0.3525,352.0
1753533369152,12:36:09.152,CELO/USDT:USDT,0.3521,47.0,0.352,103.0,0.3525,306.0,0.3526,297.0
1753533369337,12:36:09.337,CELO/USDT:USDT,0.3521,47.0,0.352,103.0,0.3525,306.0,0.3526,297.0
1753533369633,12:36:09.633,CELO/USDT:USDT,0.3522,46.0,0.3521,353.0,0.3525,250.0,0.3526,353.0
1753533369835,12:36:09.835,CELO/USDT:USDT,0.3522,46.0,0.3521,353.0,0.3525,250.0,0.3526,353.0
1753533370061,12:36:10.061,CELO/USDT:USDT,0.3522,65.0,0.3521,353.0,0.3525,250.0,0.3526,353.0
1753533371221,12:36:11.221,CELO/USDT:USDT,0.3522,65.0,0.3521,353.0,0.3525,250.0,0.3526,353.0
1753533371526,12:36:11.526,CELO/USDT:USDT,0.3522,65.0,0.3521,353.0,0.3525,250.0,0.3526,353.0
1753533374556,12:36:14.556,CELO/USDT:USDT,0.3522,65.0,0.3521,353.0,0.3525,250.0,0.3526,353.0
1753533375296,12:36:15.296,CELO/USDT:USDT,0.3522,46.0,0.3521,353.0,0.3525,250.0,0.3526,353.0
1753533376797,12:36:16.797,CELO/USDT:USDT,0.3522,46.0,0.3521,353.0,0.3525,250.0,0.3526,353.0
1753533377065,12:36:17.065,CELO/USDT:USDT,0.3522,46.0,0.3521,353.0,0.3525,250.0,0.3526,353.0
1753533377278,12:36:17.278,CELO/USDT:USDT,0.3522,46.0,0.3521,353.0,0.3525,250.0,0.3526,353.0
1753533378606,12:36:18.606,CELO/USDT:USDT,0.3522,46.0,0.3521,353.0,0.3525,250.0,0.3526,353.0
1753533379364,12:36:19.364,CELO/USDT:USDT,0.3522,46.0,0.3521,353.0,0.3525,250.0,0.3526,353.0
1753533379591,12:36:19.591,CELO/USDT:USDT,0.3522,46.0,0.3521,353.0,0.3525,250.0,0.3526,353.0
1753533379874,12:36:19.874,CELO/USDT:USDT,0.3522,46.0,0.3521,353.0,0.3525,250.0,0.3526,353.0
1753533380240,12:36:20.240,CELO/USDT:USDT,0.3522,46.0,0.3521,353.0,0.3525,250.0,0.3526,353.0
1753533380360,12:36:20.360,CELO/USDT:USDT,0.3522,46.0,0.3521,353.0,0.3525,250.0,0.3526,353.0
1753533380450,12:36:20.450,CELO/USDT:USDT,0.3522,46.0,0.3521,353.0,0.3525,250.0,0.3526,353.0
1753533380871,12:36:20.871,CELO/USDT:USDT,0.3522,46.0,0.3521,353.0,0.3525,250.0,0.3526,353.0
1753533380941,12:36:20.941,CELO/USDT:USDT,0.3522,46.0,0.3521,353.0,0.3525,250.0,0.3526,353.0
1753533381353,12:36:21.353,CELO/USDT:USDT,0.3522,46.0,0.3521,353.0,0.3525,250.0,0.3526,353.0
1753533381474,12:36:21.474,CELO/USDT:USDT,0.3522,46.0,0.3521,353.0,0.3525,250.0,0.3526,353.0
1753533382454,12:36:22.454,CELO/USDT:USDT,0.3522,46.0,0.3521,353.0,0.3525,250.0,0.3526,353.0
1753533382475,12:36:22.475,CELO/USDT:USDT,0.3522,46.0,0.3521,353.0,0.3525,250.0,0.3526,353.0
1753533382631,12:36:22.631,CELO/USDT:USDT,0.3522,46.0,0.3521,353.0,0.3525,250.0,0.3526,353.0
1753533383062,12:36:23.062,CELO/USDT:USDT,0.3522,46.0,0.3521,353.0,0.3525,250.0,0.3526,353.0
1753533383110,12:36:23.110,CELO/USDT:USDT,0.3522,46.0,0.3521,353.0,0.3525,250.0,0.3526,353.0
1753533383462,12:36:23.462,CELO/USDT:USDT,0.3522,46.0,0.3521,353.0,0.3525,250.0,0.3526,353.0
1753533383638,12:36:23.638,CELO/USDT:USDT,0.3522,46.0,0.3521,353.0,0.3525,250.0,0.3526,353.0
1753533383887,12:36:23.887,CELO/USDT:USDT,0.3522,46.0,0.3521,353.0,0.3525,250.0,0.3526,353.0
1753533383981,12:36:23.981,CELO/USDT:USDT,0.3522,46.0,0.3521,353.0,0.3525,250.0,0.3526,353.0
1753533384492,12:36:24.492,CELO/USDT:USDT,0.3522,46.0,0.3521,353.0,0.3525,250.0,0.3526,353.0
1753533385413,12:36:25.413,CELO/USDT:USDT,0.3522,46.0,0.3521,353.0,0.3525,250.0,0.3526,353.0
1753533385495,12:36:25.495,CELO/USDT:USDT,0.3522,46.0,0.3521,353.0,0.3525,250.0,0.3526,353.0
1753533386566,12:36:26.566,CELO/USDT:USDT,0.3522,46.0,0.3521,353.0,0.3525,250.0,0.3526,353.0
1753533386768,12:36:26.768,CELO/USDT:USDT,0.3522,46.0,0.3521,353.0,0.3525,250.0,0.3526,306.0
1753533387093,12:36:27.093,CELO/USDT:USDT,0.3522,46.0,0.3521,353.0,0.3525,250.0,0.3526,306.0
1753533387231,12:36:27.231,CELO/USDT:USDT,0.3522,46.0,0.3521,353.0,0.3525,250.0,0.3526,306.0
1753533387334,12:36:27.334,CELO/USDT:USDT,0.3522,46.0,0.3521,353.0,0.3525,250.0,0.3526,306.0
1753533387421,12:36:27.421,CELO/USDT:USDT,0.3523,47.0,0.3522,296.0,0.3525,269.0,0.3526,306.0
1753533387516,12:36:27.516,CELO/USDT:USDT,0.3523,47.0,0.3522,296.0,0.3525,269.0,0.3526,306.0
1753533387617,12:36:27.617,CELO/USDT:USDT,0.3523,47.0,0.3522,296.0,0.3525,269.0,0.3526,306.0
1753533387700,12:36:27.700,CELO/USDT:USDT,0.3523,47.0,0.3522,296.0,0.3525,288.0,0.3526,306.0
1753533387772,12:36:27.772,CELO/USDT:USDT,0.3523,47.0,0.3522,296.0,0.3525,288.0,0.3526,306.0
1753533388140,12:36:28.140,CELO/USDT:USDT,0.3523,47.0,0.3522,296.0,0.3525,269.0,0.3526,306.0
1753533388834,12:36:28.834,CELO/USDT:USDT,0.3523,47.0,0.3522,296.0,0.3525,288.0,0.3526,306.0
1753533388957,12:36:28.957,CELO/USDT:USDT,0.3523,47.0,0.3522,296.0,0.3525,288.0,0.3526,306.0
1753533389360,12:36:29.360,CELO/USDT:USDT,0.3523,47.0,0.3522,296.0,0.3525,269.0,0.3526,306.0
1753533389425,12:36:29.425,CELO/USDT:USDT,0.3523,47.0,0.3522,296.0,0.3525,269.0,0.3526,306.0
1753533389922,12:36:29.922,CELO/USDT:USDT,0.3523,66.0,0.3522,296.0,0.3525,250.0,0.3526,250.0
1753533390263,12:36:30.263,CELO/USDT:USDT,0.3523,47.0,0.3522,296.0,0.3525,269.0,0.3526,250.0
1753533390363,12:36:30.363,CELO/USDT:USDT,0.3523,66.0,0.3522,352.0,0.3526,250.0,0.3527,352.0
1753533390443,12:36:30.443,CELO/USDT:USDT,0.3523,66.0,0.3522,352.0,0.3526,250.0,0.3527,352.0
1753533393916,12:36:33.916,CELO/USDT:USDT,0.3523,47.0,0.3522,352.0,0.3526,250.0,0.3527,352.0
1753533397514,12:36:37.514,CELO/USDT:USDT,0.3523,47.0,0.3522,352.0,0.3526,250.0,0.3527,352.0
1753533398014,12:36:38.014,CELO/USDT:USDT,0.3523,47.0,0.3522,352.0,0.3526,250.0,0.3527,352.0
1753533398576,12:36:38.576,CELO/USDT:USDT,0.3523,47.0,0.3522,352.0,0.3526,250.0,0.3527,352.0
1753533400258,12:36:40.258,CELO/USDT:USDT,0.3523,47.0,0.3522,352.0,0.3526,250.0,0.3527,352.0
1753533400822,12:36:40.822,CELO/USDT:USDT,0.3523,47.0,0.3522,352.0,0.3526,250.0,0.3527,352.0
1753533401224,12:36:41.224,CELO/USDT:USDT,0.3523,47.0,0.3522,352.0,0.3526,250.0,0.3527,352.0
1753533401278,12:36:41.278,CELO/USDT:USDT,0.3523,47.0,0.3522,352.0,0.3526,250.0,0.3527,352.0
1753533403633,12:36:43.633,CELO/USDT:USDT,0.3523,47.0,0.3522,352.0,0.3526,250.0,0.3527,352.0
1753533404378,12:36:44.378,CELO/USDT:USDT,0.3523,47.0,0.3522,352.0,0.3526,250.0,0.3527,352.0
1753533404815,12:36:44.815,CELO/USDT:USDT,0.3523,47.0,0.3522,352.0,0.3526,250.0,0.3527,352.0
1753533407142,12:36:47.142,CELO/USDT:USDT,0.3523,47.0,0.3522,352.0,0.3526,250.0,0.3527,352.0
1753533407321,12:36:47.321,CELO/USDT:USDT,0.3523,47.0,0.3522,352.0,0.3526,250.0,0.3527,352.0
1753533409476,12:36:49.476,CELO/USDT:USDT,0.3523,47.0,0.3522,352.0,0.3526,250.0,0.3527,352.0
1753533410671,12:36:50.671,CELO/USDT:USDT,0.3523,47.0,0.3522,352.0,0.3526,250.0,0.3527,352.0
1753533410672,12:36:50.672,CELO/USDT:USDT,0.3523,47.0,0.3522,352.0,0.3526,250.0,0.3527,352.0
1753533411110,12:36:51.110,CELO/USDT:USDT,0.3523,47.0,0.3522,352.0,0.3526,250.0,0.3527,352.0
1753533415105,12:36:55.105,CELO/USDT:USDT,0.3523,47.0,0.3522,352.0,0.3526,250.0,0.3527,352.0
1753533415209,12:36:55.209,CELO/USDT:USDT,0.3523,47.0,0.3522,352.0,0.3526,250.0,0.3527,352.0
1753533415705,12:36:55.705,CELO/USDT:USDT,0.3523,47.0,0.3522,352.0,0.3526,250.0,0.3527,352.0
1753533416465,12:36:56.465,CELO/USDT:USDT,0.3523,47.0,0.3522,352.0,0.3526,250.0,0.3527,352.0
1753533416627,12:36:56.627,CELO/USDT:USDT,0.3523,47.0,0.3522,352.0,0.3526,250.0,0.3527,352.0
1753533416903,12:36:56.903,CELO/USDT:USDT,0.3523,47.0,0.3522,352.0,0.3526,250.0,0.3527,352.0
1753533420822,12:37:00.822,CELO/USDT:USDT,0.3523,47.0,0.3522,352.0,0.3526,250.0,0.3527,352.0
1753533421409,12:37:01.409,CELO/USDT:USDT,0.3523,47.0,0.3522,352.0,0.3527,250.0,0.3528,352.0
1753533421798,12:37:01.798,CELO/USDT:USDT,0.3523,47.0,0.3522,352.0,0.3527,250.0,0.3528,352.0
1753533422033,12:37:02.033,CELO/USDT:USDT,0.3524,46.0,0.3523,353.0,0.3527,250.0,0.3528,352.0
1753533422370,12:37:02.370,CELO/USDT:USDT,0.3524,46.0,0.3523,353.0,0.3527,250.0,0.3528,352.0
1753533422372,12:37:02.372,CELO/USDT:USDT,0.3524,46.0,0.3523,353.0,0.3527,250.0,0.3528,352.0
1753533422969,12:37:02.969,CELO/USDT:USDT,0.3524,46.0,0.3523,353.0,0.3527,250.0,0.3528,352.0
1753533423094,12:37:03.094,CELO/USDT:USDT,0.3524,46.0,0.3523,353.0,0.3527,250.0,0.3528,352.0
1753533423934,12:37:03.934,CELO/USDT:USDT,0.3524,46.0,0.3523,353.0,0.3527,250.0,0.3528,352.0
1753533424015,12:37:04.015,CELO/USDT:USDT,0.3524,46.0,0.3523,353.0,0.3527,250.0,0.3528,352.0
1753533424471,12:37:04.471,CELO/USDT:USDT,0.3524,46.0,0.3523,353.0,0.3527,250.0,0.3528,352.0
1753533424519,12:37:04.519,CELO/USDT:USDT,0.3524,46.0,0.3523,353.0,0.3527,250.0,0.3528,352.0
1753533424759,12:37:04.759,CELO/USDT:USDT,0.3524,46.0,0.3523,353.0,0.3527,250.0,0.3528,352.0
1753533425206,12:37:05.206,CELO/USDT:USDT,0.3524,46.0,0.3523,353.0,0.3527,250.0,0.3528,352.0
1753533425731,12:37:05.731,CELO/USDT:USDT,0.3524,46.0,0.3523,353.0,0.3527,250.0,0.3528,352.0
1753533426757,12:37:06.757,CELO/USDT:USDT,0.3524,46.0,0.3523,353.0,0.3527,250.0,0.3528,352.0
1753533427492,12:37:07.492,CELO/USDT:USDT,0.3524,46.0,0.3523,353.0,0.3527,250.0,0.3528,352.0
1753533430660,12:37:10.660,CELO/USDT:USDT,0.3524,46.0,0.3523,353.0,0.3527,250.0,0.3528,352.0
1753533431028,12:37:11.028,CELO/USDT:USDT,0.3524,46.0,0.3523,353.0,0.3527,250.0,0.3528,352.0
1753533431382,12:37:11.382,CELO/USDT:USDT,0.3524,46.0,0.3523,353.0,0.3527,250.0,0.3528,352.0
1753533431868,12:37:11.868,CELO/USDT:USDT,0.3524,46.0,0.3523,353.0,0.3527,250.0,0.3528,352.0
1753533432618,12:37:12.618,CELO/USDT:USDT,0.3524,46.0,0.3523,353.0,0.3527,250.0,0.3528,352.0
1753533433185,12:37:13.185,CELO/USDT:USDT,0.3524,46.0,0.3523,353.0,0.3527,250.0,0.3528,352.0
1753533433361,12:37:13.361,CELO/USDT:USDT,0.3524,46.0,0.3523,353.0,0.3528,352.0,0.3529,296.0
1753533433463,12:37:13.463,CELO/USDT:USDT,0.3524,46.0,0.3523,353.0,0.3528,352.0,0.3529,296.0
1753533433544,12:37:13.544,CELO/USDT:USDT,0.3524,46.0,0.3523,353.0,0.3528,352.0,0.3529,296.0
1753533433657,12:37:13.657,CELO/USDT:USDT,0.3524,46.0,0.3523,353.0,0.3528,352.0,0.3529,296.0
1753533433856,12:37:13.856,CELO/USDT:USDT,0.3524,296.0,0.3523,353.0,0.3528,352.0,0.3529,296.0
1753533433928,12:37:13.928,CELO/USDT:USDT,0.3525,65.0,0.3524,352.0,0.3528,250.0,0.3529,352.0
1753533434071,12:37:14.071,CELO/USDT:USDT,0.3525,84.0,0.3524,352.0,0.3528,250.0,0.3529,352.0
1753533434171,12:37:14.171,CELO/USDT:USDT,0.3525,84.0,0.3524,352.0,0.3528,250.0,0.3529,352.0
1753533434854,12:37:14.854,CELO/USDT:USDT,0.3525,84.0,0.3524,352.0,0.3528,250.0,0.3529,352.0
1753533434889,12:37:14.889,CELO/USDT:USDT,0.3525,84.0,0.3524,352.0,0.3528,250.0,0.3529,352.0
1753533435132,12:37:15.132,CELO/USDT:USDT,0.3525,84.0,0.3524,352.0,0.3528,250.0,0.3529,352.0
1753533435834,12:37:15.834,CELO/USDT:USDT,0.3525,84.0,0.3524,352.0,0.3528,250.0,0.3529,352.0
1753533436393,12:37:16.393,CELO/USDT:USDT,0.3525,84.0,0.3524,352.0,0.3528,250.0,0.3529,352.0
1753533436702,12:37:16.702,CELO/USDT:USDT,0.3525,84.0,0.3524,352.0,0.3528,250.0,0.3529,352.0
1753533437715,12:37:17.715,CELO/USDT:USDT,0.3525,84.0,0.3524,352.0,0.3528,250.0,0.3529,352.0
1753533437975,12:37:17.975,CELO/USDT:USDT,0.3525,84.0,0.3524,352.0,0.3528,250.0,0.3529,352.0
1753533438095,12:37:18.095,CELO/USDT:USDT,0.3525,84.0,0.3524,352.0,0.3528,250.0,0.3529,352.0
1753533438745,12:37:18.745,CELO/USDT:USDT,0.3525,84.0,0.3524,352.0,0.3528,250.0,0.3529,352.0
1753533438882,12:37:18.882,CELO/USDT:USDT,0.3525,84.0,0.3524,352.0,0.3528,250.0,0.3529,352.0
1753533439121,12:37:19.121,CELO/USDT:USDT,0.3525,84.0,0.3524,352.0,0.3528,250.0,0.3529,352.0
1753533439278,12:37:19.278,CELO/USDT:USDT,0.3525,84.0,0.3524,352.0,0.3528,250.0,0.3529,352.0
1753533440503,12:37:20.503,CELO/USDT:USDT,0.3525,84.0,0.3524,352.0,0.3528,250.0,0.3529,352.0
1753533443319,12:37:23.319,CELO/USDT:USDT,0.3525,84.0,0.3524,352.0,0.3528,250.0,0.3529,352.0
1753533443417,12:37:23.417,CELO/USDT:USDT,0.3525,84.0,0.3524,352.0,0.3528,250.0,0.3529,352.0
1753533444869,12:37:24.869,CELO/USDT:USDT,0.3525,84.0,0.3524,352.0,0.3528,250.0,0.3529,352.0
1753533445290,12:37:25.290,CELO/USDT:USDT,0.3525,84.0,0.3524,352.0,0.3528,250.0,0.3529,352.0
1753533445645,12:37:25.645,CELO/USDT:USDT,0.3525,84.0,0.3524,352.0,0.3528,250.0,0.3529,352.0
1753533445881,12:37:25.881,CELO/USDT:USDT,0.3525,84.0,0.3524,352.0,0.3528,250.0,0.3529,352.0
1753533447194,12:37:27.194,CELO/USDT:USDT,0.3525,84.0,0.3524,352.0,0.3528,250.0,0.3529,352.0
1753533447657,12:37:27.657,CELO/USDT:USDT,0.3525,84.0,0.3524,352.0,0.3528,250.0,0.3529,352.0
1753533449229,12:37:29.229,CELO/USDT:USDT,0.3525,84.0,0.3524,352.0,0.3528,250.0,0.3529,352.0
1753533449628,12:37:29.628,CELO/USDT:USDT,0.3525,65.0,0.3524,352.0,0.3528,250.0,0.3529,352.0
1753533449692,12:37:29.692,CELO/USDT:USDT,0.3525,65.0,0.3524,352.0,0.3528,250.0,0.3529,352.0
1753533449882,12:37:29.882,CELO/USDT:USDT,0.3525,65.0,0.3524,352.0,0.3528,250.0,0.3529,352.0
1753533452730,12:37:32.730,CELO/USDT:USDT,0.3525,65.0,0.3524,352.0,0.3528,250.0,0.3529,352.0
1753533452842,12:37:32.842,CELO/USDT:USDT,0.3525,65.0,0.3524,352.0,0.3528,250.0,0.3529,352.0
1753533452890,12:37:32.890,CELO/USDT:USDT,0.3525,65.0,0.3524,352.0,0.3528,250.0,0.3529,352.0
1753533453189,12:37:33.189,CELO/USDT:USDT,0.3525,65.0,0.3524,352.0,0.3528,250.0,0.3529,352.0
1753533454242,12:37:34.242,CELO/USDT:USDT,0.3525,65.0,0.3524,352.0,0.3528,250.0,0.3529,352.0
1753533454435,12:37:34.435,CELO/USDT:USDT,0.3525,65.0,0.3524,352.0,0.3528,250.0,0.3529,352.0
1753533454891,12:37:34.891,CELO/USDT:USDT,0.3525,65.0,0.3524,352.0,0.3528,250.0,0.3529,352.0
1753533455148,12:37:35.148,CELO/USDT:USDT,0.3525,65.0,0.3524,352.0,0.3528,250.0,0.3529,352.0
1753533455202,12:37:35.202,CELO/USDT:USDT,0.3525,65.0,0.3524,352.0,0.3528,250.0,0.3529,352.0
1753533455445,12:37:35.445,CELO/USDT:USDT,0.3525,65.0,0.3524,352.0,0.3528,250.0,0.3529,352.0
1753533455949,12:37:35.949,CELO/USDT:USDT,0.3526,65.0,0.3525,46.0,0.3528,250.0,0.3529,352.0
1753533456238,12:37:36.238,CELO/USDT:USDT,0.3526,65.0,0.3525,46.0,0.3528,250.0,0.3529,352.0
1753533456308,12:37:36.308,CELO/USDT:USDT,0.3526,65.0,0.3525,46.0,0.3528,250.0,0.3529,352.0
1753533456589,12:37:36.589,CELO/USDT:USDT,0.3526,65.0,0.3525,46.0,0.3528,250.0,0.3529,352.0
1753533456883,12:37:36.883,CELO/USDT:USDT,0.3526,65.0,0.3525,46.0,0.3528,250.0,0.3529,352.0
1753533457071,12:37:37.071,CELO/USDT:USDT,0.3526,65.0,0.3525,46.0,0.3528,250.0,0.3529,352.0
1753533457077,12:37:37.077,CELO/USDT:USDT,0.3526,65.0,0.3525,46.0,0.3528,250.0,0.3529,352.0
1753533457336,12:37:37.336,CELO/USDT:USDT,0.3526,65.0,0.3525,46.0,0.3528,250.0,0.3529,352.0
1753533457392,12:37:37.392,CELO/USDT:USDT,0.3525,46.0,0.3524,352.0,0.3528,250.0,0.3529,352.0
1753533457535,12:37:37.535,CELO/USDT:USDT,0.3525,46.0,0.3524,352.0,0.3528,250.0,0.3529,352.0
1753533461947,12:37:41.947,CELO/USDT:USDT,0.3525,46.0,0.3524,352.0,0.3528,250.0,0.3529,352.0
1753533462339,12:37:42.339,CELO/USDT:USDT,0.3525,46.0,0.3524,352.0,0.3528,250.0,0.3529,352.0
1753533462906,12:37:42.906,CELO/USDT:USDT,0.3525,46.0,0.3524,352.0,0.3528,250.0,0.3529,352.0
1753533481067,12:38:01.067,CELO/USDT:USDT,0.3525,46.0,0.3524,352.0,0.3528,250.0,0.3529,352.0
1753533481498,12:38:01.498,CELO/USDT:USDT,0.3525,46.0,0.3524,352.0,0.3528,250.0,0.3529,352.0
1753533481670,12:38:01.670,CELO/USDT:USDT,0.3525,46.0,0.3524,352.0,0.3528,250.0,0.3529,352.0
1753533481918,12:38:01.918,CELO/USDT:USDT,0.3525,46.0,0.3524,352.0,0.3528,250.0,0.3529,352.0
1753533482780,12:38:02.780,CELO/USDT:USDT,0.3525,46.0,0.3524,352.0,0.3528,250.0,0.3529,352.0
1753533483358,12:38:03.358,CELO/USDT:USDT,0.3525,46.0,0.3524,352.0,0.3528,250.0,0.3529,352.0
1753533483380,12:38:03.380,CELO/USDT:USDT,0.3525,46.0,0.3524,352.0,0.3528,250.0,0.3529,352.0
1753533483626,12:38:03.626,CELO/USDT:USDT,0.3524,352.0,0.3523,297.0,0.3528,250.0,0.3529,352.0
1753533483696,12:38:03.696,CELO/USDT:USDT,0.3524,352.0,0.3523,297.0,0.3528,250.0,0.3529,352.0
1753533483845,12:38:03.845,CELO/USDT:USDT,0.3524,296.0,0.3523,353.0,0.3527,47.0,0.3528,306.0
1753533484161,12:38:04.161,CELO/USDT:USDT,0.3524,250.0,0.3523,353.0,0.3527,47.0,0.3528,306.0
1753533484351,12:38:04.351,CELO/USDT:USDT,0.3524,250.0,0.3523,353.0,0.3527,297.0,0.3528,306.0
1753533484465,12:38:04.465,CELO/USDT:USDT,0.3524,250.0,0.3523,297.0,0.3526,47.0,0.3527,297.0
1753533484525,12:38:04.525,CELO/USDT:USDT,0.3523,250.0,0.3522,352.0,0.3526,47.0,0.3527,297.0
1753533484663,12:38:04.663,CELO/USDT:USDT,0.3523,250.0,0.3522,352.0,0.3526,47.0,0.3527,353.0
1753533485108,12:38:05.108,CELO/USDT:USDT,0.3523,288.0,0.3522,352.0,0.3526,47.0,0.3527,353.0
1753533485266,12:38:05.266,CELO/USDT:USDT,0.3523,288.0,0.3522,352.0,0.3526,47.0,0.3527,103.0
1753533485331,12:38:05.331,CELO/USDT:USDT,0.3523,288.0,0.3522,352.0,0.3526,297.0,0.3527,103.0
1753533485466,12:38:05.466,CELO/USDT:USDT,0.3523,288.0,0.3522,352.0,0.3526,297.0,0.3527,103.0
1753533485701,12:38:05.701,CELO/USDT:USDT,0.3523,269.0,0.3522,352.0,0.3526,297.0,0.3527,103.0
1753533485868,12:38:05.868,CELO/USDT:USDT,0.3523,19.0,0.3522,352.0,0.3525,47.0,0.3526,297.0
1753533485970,12:38:05.970,CELO/USDT:USDT,0.3523,19.0,0.3522,296.0,0.3526,353.0,0.3527,47.0
1753533486064,12:38:06.064,CELO/USDT:USDT,0.3523,19.0,0.3522,296.0,0.3526,297.0,0.3527,103.0
1753533486287,12:38:06.287,CELO/USDT:USDT,0.3523,19.0,0.3522,296.0,0.3526,297.0,0.3527,103.0
1753533486615,12:38:06.615,CELO/USDT:USDT,0.3523,19.0,0.3522,296.0,0.3526,297.0,0.3527,103.0
1753533486722,12:38:06.722,CELO/USDT:USDT,0.3523,19.0,0.3522,296.0,0.3526,297.0,0.3527,103.0
1753533487487,12:38:07.487,CELO/USDT:USDT,0.3523,19.0,0.3522,296.0,0.3526,316.0,0.3527,103.0
1753533487954,12:38:07.954,CELO/USDT:USDT,0.3523,19.0,0.3522,296.0,0.3526,297.0,0.3527,103.0
1753533488142,12:38:08.142,CELO/USDT:USDT,0.3523,19.0,0.3522,296.0,0.3526,297.0,0.3527,103.0
1753533488183,12:38:08.183,CELO/USDT:USDT,0.3523,38.0,0.3522,352.0,0.3526,297.0,0.3527,103.0
1753533488293,12:38:08.293,CELO/USDT:USDT,0.3523,85.0,0.3522,352.0,0.3526,297.0,0.3527,103.0
1753533488438,12:38:08.438,CELO/USDT:USDT,0.3523,85.0,0.3522,352.0,0.3526,297.0,0.3527,103.0
1753533488741,12:38:08.741,CELO/USDT:USDT,0.3523,85.0,0.3522,352.0,0.3526,297.0,0.3527,103.0
1753533488981,12:38:08.981,CELO/USDT:USDT,0.3523,85.0,0.3522,352.0,0.3526,297.0,0.3527,103.0
1753533489143,12:38:09.143,CELO/USDT:USDT,0.3523,85.0,0.3522,352.0,0.3526,297.0,0.3527,103.0
1753533491271,12:38:11.271,CELO/USDT:USDT,0.3523,85.0,0.3522,352.0,0.3526,297.0,0.3527,103.0
1753533493103,12:38:13.103,CELO/USDT:USDT,0.3523,85.0,0.3522,352.0,0.3526,297.0,0.3527,103.0
1753533494316,12:38:14.316,CELO/USDT:USDT,0.3523,85.0,0.3522,352.0,0.3526,297.0,0.3527,103.0
1753533495159,12:38:15.159,CELO/USDT:USDT,0.3523,85.0,0.3522,352.0,0.3526,297.0,0.3527,103.0
1753533495368,12:38:15.368,CELO/USDT:USDT,0.3523,85.0,0.3522,352.0,0.3526,297.0,0.3527,103.0
1753533495866,12:38:15.866,CELO/USDT:USDT,0.3523,19.0,0.3522,352.0,0.3526,297.0,0.3527,103.0
1753533495902,12:38:15.902,CELO/USDT:USDT,0.3523,19.0,0.3522,296.0,0.3526,297.0,0.3527,103.0
1753533497070,12:38:17.070,CELO/USDT:USDT,0.3523,19.0,0.3522,296.0,0.3526,297.0,0.3527,103.0
1753533497306,12:38:17.306,CELO/USDT:USDT,0.3523,19.0,0.3522,296.0,0.3525,46.0,0.3526,353.0
1753533497966,12:38:17.966,CELO/USDT:USDT,0.3523,19.0,0.3522,296.0,0.3525,46.0,0.3526,353.0
1753533499064,12:38:19.064,CELO/USDT:USDT,0.3522,315.0,0.3521,353.0,0.3526,297.0,0.3527,103.0
1753533499141,12:38:19.141,CELO/USDT:USDT,0.3522,315.0,0.3521,353.0,0.3526,297.0,0.3527,103.0
1753533499439,12:38:19.439,CELO/USDT:USDT,0.3522,315.0,0.3521,353.0,0.3526,297.0,0.3527,103.0
1753533501087,12:38:21.087,CELO/USDT:USDT,0.3522,315.0,0.3521,353.0,0.3526,297.0,0.3527,103.0
1753533503757,12:38:23.757,CELO/USDT:USDT,0.3522,315.0,0.3521,353.0,0.3526,297.0,0.3527,103.0
1753533507168,12:38:27.168,CELO/USDT:USDT,0.3522,315.0,0.3521,353.0,0.3526,297.0,0.3527,103.0
1753533508163,12:38:28.163,CELO/USDT:USDT,0.3522,315.0,0.3521,353.0,0.3526,297.0,0.3527,103.0
1753533508211,12:38:28.211,CELO/USDT:USDT,0.3522,315.0,0.3521,353.0,0.3526,297.0,0.3527,103.0
1753533508682,12:38:28.682,CELO/USDT:USDT,0.3522,315.0,0.3521,353.0,0.3526,297.0,0.3527,103.0
1753533512487,12:38:32.487,CELO/USDT:USDT,0.3522,315.0,0.3521,353.0,0.3526,297.0,0.3527,103.0
1753533512742,12:38:32.742,CELO/USDT:USDT,0.3522,315.0,0.3521,353.0,0.3526,297.0,0.3527,103.0
1753533513994,12:38:33.994,CELO/USDT:USDT,0.3522,315.0,0.3521,353.0,0.3526,297.0,0.3527,103.0
1753533515014,12:38:35.014,CELO/USDT:USDT,0.3522,315.0,0.3521,353.0,0.3526,297.0,0.3527,103.0
1753533515248,12:38:35.248,CELO/USDT:USDT,0.3522,315.0,0.3521,353.0,0.3526,297.0,0.3527,103.0
1753533518998,12:38:38.998,CELO/USDT:USDT,0.3522,315.0,0.3521,353.0,0.3526,297.0,0.3527,103.0
1753533521094,12:38:41.094,CELO/USDT:USDT,0.3522,315.0,0.3521,353.0,0.3526,297.0,0.3527,103.0
1753533521626,12:38:41.626,CELO/USDT:USDT,0.3522,315.0,0.3521,353.0,0.3526,297.0,0.3527,103.0
1753533521902,12:38:41.902,CELO/USDT:USDT,0.3522,315.0,0.3521,353.0,0.3525,48.0,0.3526,353.0
1753533522121,12:38:42.121,CELO/USDT:USDT,0.3522,315.0,0.3521,353.0,0.3525,67.0,0.3526,353.0
1753533522347,12:38:42.347,CELO/USDT:USDT,0.3522,315.0,0.3521,353.0,0.3525,67.0,0.3526,353.0
1753533522548,12:38:42.548,CELO/USDT:USDT,0.3522,315.0,0.3521,353.0,0.3525,67.0,0.3526,353.0
1753533522821,12:38:42.821,CELO/USDT:USDT,0.3522,315.0,0.3521,353.0,0.3525,67.0,0.3526,353.0
1753533523054,12:38:43.054,CELO/USDT:USDT,0.3522,315.0,0.3521,353.0,0.3525,67.0,0.3526,353.0
1753533524359,12:38:44.359,CELO/USDT:USDT,0.3522,315.0,0.3521,353.0,0.3525,67.0,0.3526,353.0
1753533524562,12:38:44.562,CELO/USDT:USDT,0.3522,315.0,0.3521,353.0,0.3525,67.0,0.3526,353.0
1753533524860,12:38:44.860,CELO/USDT:USDT,0.3522,315.0,0.3521,353.0,0.3525,67.0,0.3526,353.0
1753533525079,12:38:45.079,CELO/USDT:USDT,0.3522,315.0,0.3521,353.0,0.3525,67.0,0.3526,353.0
1753533525382,12:38:45.382,CELO/USDT:USDT,0.3522,315.0,0.3521,353.0,0.3525,67.0,0.3526,353.0
1753533528770,12:38:48.770,CELO/USDT:USDT,0.3522,315.0,0.3521,353.0,0.3525,67.0,0.3526,353.0
1753533529032,12:38:49.032,CELO/USDT:USDT,0.3522,315.0,0.3521,353.0,0.3525,67.0,0.3526,353.0
1753533533533,12:38:53.533,CELO/USDT:USDT,0.3522,315.0,0.3521,353.0,0.3525,67.0,0.3526,353.0
1753533534546,12:38:54.546,CELO/USDT:USDT,0.3522,315.0,0.3521,353.0,0.3525,67.0,0.3526,353.0
1753533535710,12:38:55.710,CELO/USDT:USDT,0.3522,315.0,0.3521,353.0,0.3525,19.0,0.3526,353.0
1753533536968,12:38:56.968,CELO/USDT:USDT,0.3522,315.0,0.3521,353.0,0.3525,19.0,0.3526,353.0
1753533537196,12:38:57.196,CELO/USDT:USDT,0.3522,315.0,0.3521,353.0,0.3525,19.0,0.3526,353.0
1753533537292,12:38:57.292,CELO/USDT:USDT,0.3522,315.0,0.3521,353.0,0.3526,353.0,0.3527,47.0
1753533538545,12:38:58.545,CELO/USDT:USDT,0.3523,46.0,0.3522,352.0,0.3526,250.0,0.3527,103.0
1753533538574,12:38:58.574,CELO/USDT:USDT,0.3523,46.0,0.3522,352.0,0.3526,269.0,0.3527,103.0
1753533541761,12:39:01.761,CELO/USDT:USDT,0.3523,46.0,0.3522,352.0,0.3526,269.0,0.3527,103.0
1753533542249,12:39:02.249,CELO/USDT:USDT,0.3523,46.0,0.3522,352.0,0.3526,269.0,0.3527,103.0
1753533542289,12:39:02.289,CELO/USDT:USDT,0.3523,46.0,0.3522,352.0,0.3526,269.0,0.3527,103.0
1753533542624,12:39:02.624,CELO/USDT:USDT,0.3523,46.0,0.3522,352.0,0.3526,250.0,0.3527,103.0
1753533542732,12:39:02.732,CELO/USDT:USDT,0.3523,46.0,0.3522,352.0,0.3526,250.0,0.3527,103.0
1753533543184,12:39:03.184,CELO/USDT:USDT,0.3523,46.0,0.3522,352.0,0.3526,269.0,0.3527,103.0
1753533546606,12:39:06.606,CELO/USDT:USDT,0.3523,46.0,0.3522,352.0,0.3526,269.0,0.3527,103.0
1753533547011,12:39:07.011,CELO/USDT:USDT,0.3523,46.0,0.3522,352.0,0.3526,269.0,0.3527,103.0
1753533547606,12:39:07.606,CELO/USDT:USDT,0.3524,48.0,0.3523,296.0,0.3526,288.0,0.3527,47.0
1753533547904,12:39:07.904,CELO/USDT:USDT,0.3524,48.0,0.3523,296.0,0.3526,288.0,0.3527,47.0
1753533548116,12:39:08.116,CELO/USDT:USDT,0.3524,48.0,0.3523,296.0,0.3526,288.0,0.3527,47.0
1753533548342,12:39:08.342,CELO/USDT:USDT,0.3524,48.0,0.3523,296.0,0.3526,288.0,0.3528,353.0
1753533548410,12:39:08.410,CELO/USDT:USDT,0.3524,48.0,0.3523,296.0,0.3526,288.0,0.3528,353.0
1753533548563,12:39:08.563,CELO/USDT:USDT,0.3524,48.0,0.3523,296.0,0.3526,250.0,0.3528,353.0
1753533548596,12:39:08.596,CELO/USDT:USDT,0.3524,48.0,0.3523,296.0,0.3526,250.0,0.3528,353.0
1753533548701,12:39:08.701,CELO/USDT:USDT,0.3524,48.0,0.3523,296.0,0.3526,288.0,0.3528,353.0
1753533549137,12:39:09.137,CELO/USDT:USDT,0.3524,48.0,0.3523,296.0,0.3526,288.0,0.3528,353.0
1753533549552,12:39:09.552,CELO/USDT:USDT,0.3524,48.0,0.3523,296.0,0.3526,288.0,0.3528,353.0
1753533550170,12:39:10.170,CELO/USDT:USDT,0.3524,48.0,0.3523,296.0,0.3526,269.0,0.3528,353.0
1753533550601,12:39:10.601,CELO/USDT:USDT,0.3524,48.0,0.3523,296.0,0.3526,288.0,0.3527,48.0
1753533550677,12:39:10.677,CELO/USDT:USDT,0.3524,48.0,0.3523,296.0,0.3526,288.0,0.3527,48.0
1753533552142,12:39:12.142,CELO/USDT:USDT,0.3524,48.0,0.3523,296.0,0.3526,250.0,0.3528,353.0
1753533552412,12:39:12.412,CELO/USDT:USDT,0.3524,48.0,0.3523,296.0,0.3526,288.0,0.3528,353.0
1753533552725,12:39:12.725,CELO/USDT:USDT,0.3524,48.0,0.3523,296.0,0.3526,269.0,0.3528,353.0
1753533552824,12:39:12.824,CELO/USDT:USDT,0.3524,48.0,0.3523,296.0,0.3526,288.0,0.3528,353.0
1753533555226,12:39:15.226,CELO/USDT:USDT,0.3524,48.0,0.3523,296.0,0.3526,288.0,0.3527,46.0
1753533555335,12:39:15.335,CELO/USDT:USDT,0.3524,48.0,0.3523,296.0,0.3526,288.0,0.3527,46.0
1753533555533,12:39:15.533,CELO/USDT:USDT,0.3524,48.0,0.3523,296.0,0.3526,288.0,0.3527,46.0
1753533555858,12:39:15.858,CELO/USDT:USDT,0.3524,48.0,0.3523,296.0,0.3526,288.0,0.3527,46.0
1753533555934,12:39:15.934,CELO/USDT:USDT,0.3524,48.0,0.3523,296.0,0.3526,288.0,0.3527,46.0
1753533556422,12:39:16.422,CELO/USDT:USDT,0.3524,48.0,0.3523,296.0,0.3526,288.0,0.3527,46.0
1753533556837,12:39:16.837,CELO/USDT:USDT,0.3524,48.0,0.3523,296.0,0.3526,288.0,0.3527,46.0
1753533557437,12:39:17.437,CELO/USDT:USDT,0.3524,48.0,0.3523,296.0,0.3526,250.0,0.3527,46.0
1753533559130,12:39:19.130,CELO/USDT:USDT,0.3524,48.0,0.3523,296.0,0.3526,250.0,0.3527,46.0
1753533559409,12:39:19.409,CELO/USDT:USDT,0.3524,67.0,0.3523,296.0,0.3526,250.0,0.3527,46.0
1753533559713,12:39:19.713,CELO/USDT:USDT,0.3524,48.0,0.3523,296.0,0.3526,250.0,0.3527,46.0
1753533560242,12:39:20.242,CELO/USDT:USDT,0.3524,48.0,0.3523,296.0,0.3526,288.0,0.3527,46.0
1753533560609,12:39:20.609,CELO/USDT:USDT,0.3524,48.0,0.3523,296.0,0.3526,288.0,0.3527,46.0
1753533560942,12:39:20.942,CELO/USDT:USDT,0.3524,48.0,0.3523,296.0,0.3526,288.0,0.3527,46.0
1753533562662,12:39:22.662,CELO/USDT:USDT,0.3524,48.0,0.3523,296.0,0.3526,288.0,0.3527,46.0
1753533563385,12:39:23.385,CELO/USDT:USDT,0.3524,48.0,0.3523,296.0,0.3526,288.0,0.3527,46.0
1753533569847,12:39:29.847,CELO/USDT:USDT,0.3524,48.0,0.3523,296.0,0.3526,288.0,0.3527,46.0
1753533570835,12:39:30.835,CELO/USDT:USDT,0.3524,48.0,0.3523,296.0,0.3526,288.0,0.3527,46.0
1753533571217,12:39:31.217,CELO/USDT:USDT,0.3524,48.0,0.3523,296.0,0.3526,288.0,0.3527,46.0
1753533571402,12:39:31.402,CELO/USDT:USDT,0.3524,48.0,0.3523,296.0,0.3526,288.0,0.3527,46.0
1753533575444,12:39:35.444,CELO/USDT:USDT,0.3524,67.0,0.3523,296.0,0.3526,288.0,0.3527,46.0
1753533577423,12:39:37.423,CELO/USDT:USDT,0.3524,48.0,0.3523,296.0,0.3526,288.0,0.3527,46.0
1753533577675,12:39:37.675,CELO/USDT:USDT,0.3524,67.0,0.3523,296.0,0.3526,288.0,0.3527,46.0
1753533580495,12:39:40.495,CELO/USDT:USDT,0.3524,48.0,0.3523,296.0,0.3526,288.0,0.3527,46.0
1753533580574,12:39:40.574,CELO/USDT:USDT,0.3524,67.0,0.3523,296.0,0.3526,288.0,0.3527,46.0
1753533580997,12:39:40.997,CELO/USDT:USDT,0.3524,86.0,0.3523,296.0,0.3526,250.0,0.3527,46.0
1753533583660,12:39:43.660,CELO/USDT:USDT,0.3524,86.0,0.3523,296.0,0.3526,250.0,0.3527,46.0
1753533585382,12:39:45.382,CELO/USDT:USDT,0.3524,86.0,0.3523,296.0,0.3526,250.0,0.3527,46.0
1753533585826,12:39:45.826,CELO/USDT:USDT,0.3524,86.0,0.3523,296.0,0.3526,250.0,0.3527,46.0
1753533587154,12:39:47.154,CELO/USDT:USDT,0.3524,86.0,0.3523,296.0,0.3526,269.0,0.3527,46.0
1753533588062,12:39:48.062,CELO/USDT:USDT,0.3523,296.0,0.3522,352.0,0.3526,269.0,0.3527,102.0
1753533588151,12:39:48.151,CELO/USDT:USDT,0.3523,296.0,0.3522,352.0,0.3526,269.0,0.3527,102.0
1753533588191,12:39:48.191,CELO/USDT:USDT,0.3523,296.0,0.3522,352.0,0.3526,269.0,0.3527,102.0
1753533588291,12:39:48.291,CELO/USDT:USDT,0.3523,296.0,0.3522,352.0,0.3526,250.0,0.3527,102.0
1753533588604,12:39:48.604,CELO/USDT:USDT,0.3523,296.0,0.3522,352.0,0.3526,250.0,0.3527,102.0
1753533588928,12:39:48.928,CELO/USDT:USDT,0.3523,296.0,0.3522,352.0,0.3526,250.0,0.3527,102.0
1753533590165,12:39:50.165,CELO/USDT:USDT,0.3523,296.0,0.3522,352.0,0.3526,250.0,0.3527,102.0
1753533590580,12:39:50.580,CELO/USDT:USDT,0.3523,296.0,0.3522,352.0,0.3526,250.0,0.3527,102.0
1753533591201,12:39:51.201,CELO/USDT:USDT,0.3523,296.0,0.3522,352.0,0.3526,250.0,0.3527,102.0
1753533591368,12:39:51.368,CELO/USDT:USDT,0.3523,250.0,0.3522,352.0,0.3526,250.0,0.3527,102.0
1753533591565,12:39:51.565,CELO/USDT:USDT,0.3523,250.0,0.3522,352.0,0.3526,250.0,0.3527,102.0
1753533592074,12:39:52.074,CELO/USDT:USDT,0.3523,250.0,0.3522,352.0,0.3526,250.0,0.3527,102.0
1753533593155,12:39:53.155,CELO/USDT:USDT,0.3523,269.0,0.3522,352.0,0.3525,48.0,0.3526,250.0
1753533593235,12:39:53.235,CELO/USDT:USDT,0.3523,269.0,0.3522,352.0,0.3525,48.0,0.3526,250.0
1753533593361,12:39:53.361,CELO/USDT:USDT,0.3523,269.0,0.3522,352.0,0.3525,48.0,0.3526,250.0
1753533594478,12:39:54.478,CELO/USDT:USDT,0.3523,269.0,0.3522,352.0,0.3525,48.0,0.3526,250.0
1753533594654,12:39:54.654,CELO/USDT:USDT,0.3523,288.0,0.3522,352.0,0.3525,48.0,0.3526,250.0
1753533594832,12:39:54.832,CELO/USDT:USDT,0.3523,288.0,0.3522,352.0,0.3525,48.0,0.3526,250.0
1753533594964,12:39:54.964,CELO/USDT:USDT,0.3522,250.0,0.3521,353.0,0.3525,48.0,0.3526,306.0
1753533595541,12:39:55.541,CELO/USDT:USDT,0.3522,250.0,0.3521,353.0,0.3525,48.0,0.3526,306.0
1753533598804,12:39:58.804,CELO/USDT:USDT,0.3522,250.0,0.3521,353.0,0.3526,250.0,0.3527,102.0
1753533599488,12:39:59.488,CELO/USDT:USDT,0.3522,250.0,0.3521,353.0,0.3526,250.0,0.3527,102.0
1753533599621,12:39:59.621,CELO/USDT:USDT,0.3523,48.0,0.3522,306.0,0.3526,250.0,0.3527,102.0
1753533599795,12:39:59.795,CELO/USDT:USDT,0.3523,48.0,0.3522,306.0,0.3526,250.0,0.3527,102.0
1753533599992,12:39:59.992,CELO/USDT:USDT,0.3523,48.0,0.3522,306.0,0.3526,250.0,0.3527,102.0
1753533600234,12:40:00.234,CELO/USDT:USDT,0.3523,48.0,0.3522,306.0,0.3526,250.0,0.3527,102.0
1753533602004,12:40:02.004,CELO/USDT:USDT,0.3523,48.0,0.3522,306.0,0.3526,250.0,0.3527,102.0
1753533603794,12:40:03.794,CELO/USDT:USDT,0.3523,48.0,0.3522,306.0,0.3526,250.0,0.3527,102.0
1753533604684,12:40:04.684,CELO/USDT:USDT,0.3523,48.0,0.3522,306.0,0.3526,250.0,0.3527,102.0
1753533608525,12:40:08.525,CELO/USDT:USDT,0.3523,48.0,0.3522,306.0,0.3526,250.0,0.3527,102.0
1753533608868,12:40:08.868,CELO/USDT:USDT,0.3523,48.0,0.3522,306.0,0.3526,250.0,0.3527,102.0
1753533609164,12:40:09.164,CELO/USDT:USDT,0.3523,48.0,0.3522,306.0,0.3526,250.0,0.3527,102.0
1753533615106,12:40:15.106,CELO/USDT:USDT,0.3523,48.0,0.3522,306.0,0.3526,250.0,0.3527,102.0
1753533615591,12:40:15.591,CELO/USDT:USDT,0.3523,48.0,0.3522,306.0,0.3526,250.0,0.3527,102.0
1753533615903,12:40:15.903,CELO/USDT:USDT,0.3523,48.0,0.3522,306.0,0.3526,250.0,0.3527,102.0
1753533616426,12:40:16.426,CELO/USDT:USDT,0.3523,48.0,0.3522,306.0,0.3526,250.0,0.3527,102.0
1753533617251,12:40:17.251,CELO/USDT:USDT,0.3523,48.0,0.3522,306.0,0.3526,250.0,0.3527,102.0
1753533620475,12:40:20.475,CELO/USDT:USDT,0.3523,48.0,0.3522,306.0,0.3526,250.0,0.3527,102.0
1753533620955,12:40:20.955,CELO/USDT:USDT,0.3523,48.0,0.3522,306.0,0.3526,250.0,0.3527,102.0
1753533621207,12:40:21.207,CELO/USDT:USDT,0.3523,48.0,0.3522,306.0,0.3526,250.0,0.3527,102.0
1753533624567,12:40:24.567,CELO/USDT:USDT,0.3523,48.0,0.3522,306.0,0.3526,250.0,0.3527,102.0
1753533627251,12:40:27.251,CELO/USDT:USDT,0.3523,48.0,0.3522,306.0,0.3526,250.0,0.3527,102.0
1753533628556,12:40:28.556,CELO/USDT:USDT,0.3523,48.0,0.3522,306.0,0.3526,250.0,0.3527,102.0
1753533628784,12:40:28.784,CELO/USDT:USDT,0.3523,48.0,0.3522,306.0,0.3526,250.0,0.3527,102.0
1753533631157,12:40:31.157,CELO/USDT:USDT,0.3523,48.0,0.3522,306.0,0.3526,250.0,0.3527,102.0
1753533632628,12:40:32.628,CELO/USDT:USDT,0.3523,48.0,0.3522,306.0,0.3526,250.0,0.3527,102.0
1753533634169,12:40:34.169,CELO/USDT:USDT,0.3523,48.0,0.3522,306.0,0.3526,250.0,0.3527,102.0
1753533634634,12:40:34.634,CELO/USDT:USDT,0.3524,64.0,0.3523,298.0,0.3526,250.0,0.3527,102.0
1753533635286,12:40:35.286,CELO/USDT:USDT,0.3524,47.0,0.3523,298.0,0.3526,267.0,0.3527,102.0
1753533635572,12:40:35.572,CELO/USDT:USDT,0.3524,47.0,0.3523,298.0,0.3526,267.0,0.3527,102.0
1753533635683,12:40:35.683,CELO/USDT:USDT,0.3524,47.0,0.3523,298.0,0.3526,267.0,0.3527,102.0
1753533636241,12:40:36.241,CELO/USDT:USDT,0.3524,47.0,0.3523,298.0,0.3526,250.0,0.3527,102.0
1753533636360,12:40:36.360,CELO/USDT:USDT,0.3524,47.0,0.3523,298.0,0.3526,267.0,0.3527,102.0
1753533637146,12:40:37.146,CELO/USDT:USDT,0.3524,47.0,0.3523,298.0,0.3526,250.0,0.3527,102.0
1753533637176,12:40:37.176,CELO/USDT:USDT,0.3524,47.0,0.3523,298.0,0.3526,284.0,0.3527,102.0
1753533637447,12:40:37.447,CELO/USDT:USDT,0.3524,47.0,0.3523,298.0,0.3526,267.0,0.3527,102.0
1753533637491,12:40:37.491,CELO/USDT:USDT,0.3524,47.0,0.3523,298.0,0.3526,267.0,0.3527,46.0
1753533637735,12:40:37.735,CELO/USDT:USDT,0.3524,47.0,0.3523,298.0,0.3526,267.0,0.3527,46.0
1753533638109,12:40:38.109,CELO/USDT:USDT,0.3523,298.0,0.3522,306.0,0.3526,267.0,0.3527,102.0
1753533638267,12:40:38.267,CELO/USDT:USDT,0.3523,298.0,0.3522,306.0,0.3526,250.0,0.3527,102.0
1753533638308,12:40:38.308,CELO/USDT:USDT,0.3523,298.0,0.3522,306.0,0.3526,250.0,0.3527,102.0
1753533639981,12:40:39.981,CELO/USDT:USDT,0.3523,298.0,0.3522,306.0,0.3526,250.0,0.3527,102.0
1753533640134,12:40:40.134,CELO/USDT:USDT,0.3523,298.0,0.3522,306.0,0.3526,250.0,0.3527,102.0
1753533640580,12:40:40.580,CELO/USDT:USDT,0.3523,298.0,0.3522,306.0,0.3526,250.0,0.3527,102.0
1753533640909,12:40:40.909,CELO/USDT:USDT,0.3523,298.0,0.3522,306.0,0.3526,250.0,0.3527,102.0
1753533641152,12:40:41.152,CELO/USDT:USDT,0.3523,298.0,0.3522,306.0,0.3526,250.0,0.3527,102.0
1753533641584,12:40:41.584,CELO/USDT:USDT,0.3523,298.0,0.3522,306.0,0.3526,250.0,0.3527,102.0
1753533642056,12:40:42.056,CELO/USDT:USDT,0.3523,298.0,0.3522,306.0,0.3526,250.0,0.3527,102.0
1753533642696,12:40:42.696,CELO/USDT:USDT,0.3523,298.0,0.3522,306.0,0.3526,250.0,0.3527,102.0
1753533642854,12:40:42.854,CELO/USDT:USDT,0.3523,298.0,0.3522,306.0,0.3526,250.0,0.3527,102.0
1753533642950,12:40:42.950,CELO/USDT:USDT,0.3523,298.0,0.3522,306.0,0.3526,250.0,0.3527,102.0
1753533643496,12:40:43.496,CELO/USDT:USDT,0.3523,298.0,0.3522,306.0,0.3526,250.0,0.3527,102.0
1753533644038,12:40:44.038,CELO/USDT:USDT,0.3523,298.0,0.3522,306.0,0.3526,250.0,0.3527,102.0
1753533644143,12:40:44.143,CELO/USDT:USDT,0.3523,298.0,0.3522,306.0,0.3526,250.0,0.3527,102.0
1753533644250,12:40:44.250,CELO/USDT:USDT,0.3523,298.0,0.3522,306.0,0.3526,250.0,0.3527,102.0
1753533644551,12:40:44.551,CELO/USDT:USDT,0.3523,298.0,0.3522,306.0,0.3526,250.0,0.3527,102.0
1753533644611,12:40:44.611,CELO/USDT:USDT,0.3523,298.0,0.3522,306.0,0.3526,250.0,0.3527,102.0
1753533644690,12:40:44.690,CELO/USDT:USDT,0.3523,298.0,0.3522,306.0,0.3526,250.0,0.3527,102.0
1753533645184,12:40:45.184,CELO/USDT:USDT,0.3523,298.0,0.3522,306.0,0.3526,250.0,0.3527,102.0
1753533645614,12:40:45.614,CELO/USDT:USDT,0.3523,298.0,0.3522,306.0,0.3526,250.0,0.3527,102.0
1753533648629,12:40:48.629,CELO/USDT:USDT,0.3523,298.0,0.3522,306.0,0.3526,250.0,0.3527,102.0
1753533648748,12:40:48.748,CELO/USDT:USDT,0.3523,298.0,0.3522,306.0,0.3526,250.0,0.3527,102.0
1753533648862,12:40:48.862,CELO/USDT:USDT,0.3523,298.0,0.3522,306.0,0.3526,250.0,0.3527,102.0
1753533649462,12:40:49.462,CELO/USDT:USDT,0.3523,298.0,0.3522,306.0,0.3526,250.0,0.3527,102.0
1753533650415,12:40:50.415,CELO/USDT:USDT,0.3523,298.0,0.3522,306.0,0.3526,250.0,0.3527,102.0
1753533651261,12:40:51.261,CELO/USDT:USDT,0.3523,298.0,0.3522,306.0,0.3526,250.0,0.3527,102.0
1753533651766,12:40:51.766,CELO/USDT:USDT,0.3523,298.0,0.3522,306.0,0.3526,250.0,0.3527,102.0
1753533653281,12:40:53.281,CELO/USDT:USDT,0.3523,298.0,0.3522,306.0,0.3526,250.0,0.3527,102.0
1753533654571,12:40:54.571,CELO/USDT:USDT,0.3523,298.0,0.3522,306.0,0.3526,250.0,0.3527,102.0
1753533655354,12:40:55.354,CELO/USDT:USDT,0.3523,298.0,0.3522,306.0,0.3526,250.0,0.3527,102.0
1753533655568,12:40:55.568,CELO/USDT:USDT,0.3523,298.0,0.3522,306.0,0.3526,250.0,0.3527,102.0
1753533655758,12:40:55.758,CELO/USDT:USDT,0.3523,298.0,0.3522,306.0,0.3526,250.0,0.3527,102.0
1753533655815,12:40:55.815,CELO/USDT:USDT,0.3524,46.0,0.3523,298.0,0.3526,284.0,0.3527,102.0
1753533656469,12:40:56.469,CELO/USDT:USDT,0.3524,63.0,0.3523,298.0,0.3526,284.0,0.3527,102.0
1753533656514,12:40:56.514,CELO/USDT:USDT,0.3524,80.0,0.3523,298.0,0.3526,267.0,0.3527,102.0
1753533656899,12:40:56.899,CELO/USDT:USDT,0.3524,80.0,0.3523,298.0,0.3526,250.0,0.3527,102.0
1753533657107,12:40:57.107,CELO/USDT:USDT,0.3524,80.0,0.3523,298.0,0.3526,250.0,0.3527,102.0
1753533657642,12:40:57.642,CELO/USDT:USDT,0.3524,80.0,0.3523,298.0,0.3526,250.0,0.3527,102.0
1753533658096,12:40:58.096,CELO/USDT:USDT,0.3524,80.0,0.3523,298.0,0.3526,250.0,0.3527,102.0
1753533658496,12:40:58.496,CELO/USDT:USDT,0.3524,80.0,0.3523,298.0,0.3526,250.0,0.3527,102.0
1753533661234,12:41:01.234,CELO/USDT:USDT,0.3524,80.0,0.3523,298.0,0.3526,250.0,0.3527,46.0
1753533662257,12:41:02.257,CELO/USDT:USDT,0.3524,34.0,0.3523,298.0,0.3526,250.0,0.3527,46.0
1753533662296,12:41:02.296,CELO/USDT:USDT,0.3524,17.0,0.3523,298.0,0.3526,267.0,0.3527,102.0
1753533663240,12:41:03.240,CELO/USDT:USDT,0.3523,298.0,0.3522,306.0,0.3526,250.0,0.3527,102.0
1753533663562,12:41:03.562,CELO/USDT:USDT,0.3523,298.0,0.3522,306.0,0.3526,250.0,0.3527,102.0
1753533663974,12:41:03.974,CELO/USDT:USDT,0.3523,298.0,0.3522,306.0,0.3526,250.0,0.3527,102.0
1753533665290,12:41:05.290,CELO/USDT:USDT,0.3523,298.0,0.3522,306.0,0.3526,250.0,0.3527,102.0
1753533666511,12:41:06.511,CELO/USDT:USDT,0.3523,298.0,0.3522,306.0,0.3526,250.0,0.3527,102.0
1753533666844,12:41:06.844,CELO/USDT:USDT,0.3523,298.0,0.3522,306.0,0.3526,250.0,0.3527,102.0
1753533667257,12:41:07.257,CELO/USDT:USDT,0.3523,298.0,0.3522,306.0,0.3526,250.0,0.3527,102.0
1753533667508,12:41:07.508,CELO/USDT:USDT,0.3523,298.0,0.3522,306.0,0.3526,250.0,0.3527,102.0
1753533668012,12:41:08.012,CELO/USDT:USDT,0.3523,298.0,0.3522,306.0,0.3526,250.0,0.3527,102.0
1753533668244,12:41:08.244,CELO/USDT:USDT,0.3523,298.0,0.3522,306.0,0.3526,250.0,0.3527,102.0
1753533668368,12:41:08.368,CELO/USDT:USDT,0.3523,298.0,0.3522,306.0,0.3526,250.0,0.3527,102.0
1753533668626,12:41:08.626,CELO/USDT:USDT,0.3523,298.0,0.3522,306.0,0.3526,250.0,0.3527,102.0
1753533672588,12:41:12.588,CELO/USDT:USDT,0.3523,298.0,0.3522,306.0,0.3526,250.0,0.3527,102.0
1753533673108,12:41:13.108,CELO/USDT:USDT,0.3523,298.0,0.3522,306.0,0.3526,250.0,0.3527,102.0
1753533678584,12:41:18.584,CELO/USDT:USDT,0.3523,298.0,0.3522,306.0,0.3526,250.0,0.3527,102.0
1753533678940,12:41:18.940,CELO/USDT:USDT,0.3523,298.0,0.3522,306.0,0.3526,250.0,0.3527,102.0
1753533680216,12:41:20.216,CELO/USDT:USDT,0.3523,298.0,0.3522,306.0,0.3526,250.0,0.3527,102.0
1753533680711,12:41:20.711,CELO/USDT:USDT,0.3523,298.0,0.3522,306.0,0.3526,250.0,0.3527,102.0
1753533680869,12:41:20.869,CELO/USDT:USDT,0.3523,298.0,0.3522,306.0,0.3526,250.0,0.3527,102.0
1753533681195,12:41:21.195,CELO/USDT:USDT,0.3523,298.0,0.3522,306.0,0.3526,250.0,0.3527,102.0
1753533683753,12:41:23.753,CELO/USDT:USDT,0.3523,298.0,0.3522,306.0,0.3526,250.0,0.3527,102.0
1753533684440,12:41:24.440,CELO/USDT:USDT,0.3523,298.0,0.3522,306.0,0.3526,250.0,0.3527,102.0
1753533684725,12:41:24.725,CELO/USDT:USDT,0.3524,80.0,0.3523,298.0,0.3526,250.0,0.3527,102.0
1753533684794,12:41:24.794,CELO/USDT:USDT,0.3524,80.0,0.3523,298.0,0.3526,250.0,0.3527,102.0
1753533684914,12:41:24.914,CELO/USDT:USDT,0.3524,80.0,0.3523,298.0,0.3526,250.0,0.3527,102.0
1753533685162,12:41:25.162,CELO/USDT:USDT,0.3524,80.0,0.3523,298.0,0.3526,250.0,0.3527,102.0
1753533685455,12:41:25.455,CELO/USDT:USDT,0.3524,80.0,0.3523,298.0,0.3526,250.0,0.3527,102.0
1753533685917,12:41:25.917,CELO/USDT:USDT,0.3524,80.0,0.3523,298.0,0.3526,250.0,0.3527,102.0
1753533686021,12:41:26.021,CELO/USDT:USDT,0.3524,80.0,0.3523,298.0,0.3526,250.0,0.3527,102.0
1753533686180,12:41:26.180,CELO/USDT:USDT,0.3524,80.0,0.3523,298.0,0.3526,250.0,0.3527,102.0
1753533686342,12:41:26.342,CELO/USDT:USDT,0.3524,80.0,0.3523,298.0,0.3526,267.0,0.3527,102.0
1753533686465,12:41:26.465,CELO/USDT:USDT,0.3524,80.0,0.3523,298.0,0.3526,250.0,0.3527,102.0
1753533686523,12:41:26.523,CELO/USDT:USDT,0.3524,80.0,0.3523,298.0,0.3526,267.0,0.3527,102.0
1753533686735,12:41:26.735,CELO/USDT:USDT,0.3524,80.0,0.3523,298.0,0.3526,250.0,0.3527,102.0
1753533686823,12:41:26.823,CELO/USDT:USDT,0.3524,80.0,0.3523,298.0,0.3526,267.0,0.3527,102.0
1753533686944,12:41:26.944,CELO/USDT:USDT,0.3524,80.0,0.3523,298.0,0.3526,267.0,0.3527,102.0
1753533687025,12:41:27.025,CELO/USDT:USDT,0.3524,80.0,0.3523,298.0,0.3526,250.0,0.3527,102.0
1753533687214,12:41:27.214,CELO/USDT:USDT,0.3524,80.0,0.3523,298.0,0.3526,250.0,0.3527,102.0
1753533687424,12:41:27.424,CELO/USDT:USDT,0.3524,80.0,0.3523,298.0,0.3526,267.0,0.3527,102.0
1753533688026,12:41:28.026,CELO/USDT:USDT,0.3524,80.0,0.3523,298.0,0.3526,250.0,0.3527,102.0
1753533689753,12:41:29.753,CELO/USDT:USDT,0.3524,80.0,0.3523,298.0,0.3526,250.0,0.3527,102.0
1753533691248,12:41:31.248,CELO/USDT:USDT,0.3524,80.0,0.3523,298.0,0.3526,267.0,0.3527,102.0
1753533691427,12:41:31.427,CELO/USDT:USDT,0.3524,46.0,0.3523,298.0,0.3526,284.0,0.3527,102.0
1753533692234,12:41:32.234,CELO/USDT:USDT,0.3524,80.0,0.3523,298.0,0.3526,250.0,0.3527,102.0
1753533692426,12:41:32.426,CELO/USDT:USDT,0.3524,80.0,0.3523,298.0,0.3526,267.0,0.3527,102.0
1753533693125,12:41:33.125,CELO/USDT:USDT,0.3524,80.0,0.3523,298.0,0.3526,250.0,0.3527,102.0
1753533693277,12:41:33.277,CELO/USDT:USDT,0.3524,80.0,0.3523,298.0,0.3526,284.0,0.3527,102.0
1753533694170,12:41:34.170,CELO/USDT:USDT,0.3524,80.0,0.3523,298.0,0.3526,267.0,0.3527,46.0
1753533694258,12:41:34.258,CELO/USDT:USDT,0.3524,63.0,0.3523,298.0,0.3526,267.0,0.3527,46.0
1753533694425,12:41:34.425,CELO/USDT:USDT,0.3524,63.0,0.3523,298.0,0.3526,284.0,0.3527,46.0
1753533694506,12:41:34.506,CELO/USDT:USDT,0.3524,80.0,0.3523,298.0,0.3526,250.0,0.3527,46.0
1753533694575,12:41:34.575,CELO/USDT:USDT,0.3524,80.0,0.3523,298.0,0.3526,267.0,0.3527,46.0
1753533694768,12:41:34.768,CELO/USDT:USDT,0.3524,80.0,0.3523,298.0,0.3526,267.0,0.3527,46.0
1753533694775,12:41:34.775,CELO/USDT:USDT,0.3524,80.0,0.3523,298.0,0.3526,284.0,0.3527,46.0
1753533694959,12:41:34.959,CELO/USDT:USDT,0.3524,80.0,0.3523,298.0,0.3526,267.0,0.3527,46.0
1753533695049,12:41:35.049,CELO/USDT:USDT,0.3525,45.0,0.3524,63.0,0.3526,250.0,0.3527,46.0
1753533695370,12:41:35.370,CELO/USDT:USDT,0.3525,45.0,0.3524,63.0,0.3526,250.0,0.3527,46.0
1753533695558,12:41:35.558,CELO/USDT:USDT,0.3524,80.0,0.3523,298.0,0.3526,250.0,0.3527,46.0
1753533695734,12:41:35.734,CELO/USDT:USDT,0.3524,80.0,0.3523,298.0,0.3526,250.0,0.3527,46.0
1753533695833,12:41:35.833,CELO/USDT:USDT,0.3524,80.0,0.3523,298.0,0.3526,250.0,0.3527,46.0
1753533695924,12:41:35.924,CELO/USDT:USDT,0.3524,80.0,0.3523,298.0,0.3526,284.0,0.3527,46.0
1753533696122,12:41:36.122,CELO/USDT:USDT,0.3524,80.0,0.3523,298.0,0.3526,250.0,0.3527,46.0
1753533696434,12:41:36.434,CELO/USDT:USDT,0.3524,80.0,0.3523,298.0,0.3526,284.0,0.3527,46.0
1753533696610,12:41:36.610,CELO/USDT:USDT,0.3524,80.0,0.3523,298.0,0.3526,284.0,0.3527,46.0
1753533697123,12:41:37.123,CELO/USDT:USDT,0.3524,80.0,0.3523,298.0,0.3526,250.0,0.3527,46.0
1753533697434,12:41:37.434,CELO/USDT:USDT,0.3524,80.0,0.3523,298.0,0.3526,284.0,0.3527,46.0
1753533697820,12:41:37.820,CELO/USDT:USDT,0.3524,80.0,0.3523,298.0,0.3526,250.0,0.3527,46.0
1753533697941,12:41:37.941,CELO/USDT:USDT,0.3524,80.0,0.3523,298.0,0.3526,267.0,0.3527,46.0
1753533698024,12:41:38.024,CELO/USDT:USDT,0.3524,80.0,0.3523,298.0,0.3526,250.0,0.3527,46.0
1753533698300,12:41:38.300,CELO/USDT:USDT,0.3524,80.0,0.3523,298.0,0.3526,267.0,0.3527,46.0
1753533698450,12:41:38.450,CELO/USDT:USDT,0.3524,80.0,0.3523,298.0,0.3526,267.0,0.3527,46.0
1753533698472,12:41:38.472,CELO/USDT:USDT,0.3524,80.0,0.3523,298.0,0.3526,250.0,0.3527,46.0
1753533698831,12:41:38.831,CELO/USDT:USDT,0.3524,80.0,0.3523,298.0,0.3526,250.0,0.3527,46.0
1753533700202,12:41:40.202,CELO/USDT:USDT,0.3524,80.0,0.3523,298.0,0.3526,267.0,0.3527,46.0
1753533700352,12:41:40.352,CELO/USDT:USDT,0.3524,80.0,0.3523,298.0,0.3526,284.0,0.3527,46.0
1753533700455,12:41:40.455,CELO/USDT:USDT,0.3524,80.0,0.3523,298.0,0.3526,284.0,0.3527,46.0
1753533700558,12:41:40.558,CELO/USDT:USDT,0.3525,45.0,0.3524,63.0,0.3526,250.0,0.3527,46.0
1753533700662,12:41:40.662,CELO/USDT:USDT,0.3524,80.0,0.3523,298.0,0.3526,250.0,0.3527,46.0
1753533700782,12:41:40.782,CELO/USDT:USDT,0.3524,80.0,0.3523,298.0,0.3526,284.0,0.3527,46.0
1753533701031,12:41:41.031,CELO/USDT:USDT,0.3524,80.0,0.3523,298.0,0.3526,250.0,0.3527,46.0
1753533702567,12:41:42.567,CELO/USDT:USDT,0.3525,48.0,0.3524,80.0,0.3527,46.0,0.3528,353.0
1753533702613,12:41:42.613,CELO/USDT:USDT,0.3525,65.0,0.3524,102.0,0.3528,297.0,0.3529,352.0
1753533702748,12:41:42.748,CELO/USDT:USDT,0.3526,48.0,0.3525,48.0,0.3528,250.0,0.3529,296.0
1753533702868,12:41:42.868,CELO/USDT:USDT,0.3525,48.0,0.3524,102.0,0.3528,250.0,0.3529,296.0
1753533702888,12:41:42.888,CELO/USDT:USDT,0.3525,48.0,0.3524,102.0,0.3528,250.0,0.3529,352.0
1753533703141,12:41:43.141,CELO/USDT:USDT,0.3525,48.0,0.3524,102.0,0.3528,250.0,0.3529,352.0
1753533703202,12:41:43.202,CELO/USDT:USDT,0.3525,48.0,0.3524,102.0,0.3528,250.0,0.3529,352.0
1753533703436,12:41:43.436,CELO/USDT:USDT,0.3525,48.0,0.3524,102.0,0.3528,250.0,0.3529,352.0
1753533703865,12:41:43.865,CELO/USDT:USDT,0.3525,48.0,0.3524,102.0,0.3528,250.0,0.3529,352.0
1753533703959,12:41:43.959,CELO/USDT:USDT,0.3525,48.0,0.3524,102.0,0.3528,250.0,0.3529,352.0
1753533704121,12:41:44.121,CELO/USDT:USDT,0.3525,48.0,0.3524,102.0,0.3528,250.0,0.3529,352.0
1753533704526,12:41:44.526,CELO/USDT:USDT,0.3525,48.0,0.3524,102.0,0.3528,250.0,0.3529,352.0
1753533706062,12:41:46.062,CELO/USDT:USDT,0.3525,48.0,0.3524,102.0,0.3528,250.0,0.3529,352.0
1753533706141,12:41:46.141,CELO/USDT:USDT,0.3525,48.0,0.3524,102.0,0.3528,250.0,0.3529,352.0
1753533706455,12:41:46.455,CELO/USDT:USDT,0.3525,48.0,0.3524,102.0,0.3528,250.0,0.3529,352.0
1753533706550,12:41:46.550,CELO/USDT:USDT,0.3525,48.0,0.3524,102.0,0.3528,250.0,0.3529,352.0
1753533707246,12:41:47.246,CELO/USDT:USDT,0.3525,48.0,0.3524,102.0,0.3528,250.0,0.3529,352.0
1753533707338,12:41:47.338,CELO/USDT:USDT,0.3525,48.0,0.3524,102.0,0.3528,250.0,0.3529,352.0
1753533707448,12:41:47.448,CELO/USDT:USDT,0.3525,48.0,0.3524,102.0,0.3528,250.0,0.3529,352.0
1753533707657,12:41:47.657,CELO/USDT:USDT,0.3525,48.0,0.3524,102.0,0.3528,250.0,0.3529,352.0
1753533708955,12:41:48.955,CELO/USDT:USDT,0.3525,48.0,0.3524,102.0,0.3528,250.0,0.3529,352.0
1753533711233,12:41:51.233,CELO/USDT:USDT,0.3525,48.0,0.3524,102.0,0.3528,250.0,0.3529,352.0
1753533711562,12:41:51.562,CELO/USDT:USDT,0.3525,48.0,0.3524,102.0,0.3528,250.0,0.3529,352.0
1753533711953,12:41:51.953,CELO/USDT:USDT,0.3525,48.0,0.3524,102.0,0.3528,250.0,0.3529,352.0
1753533716069,12:41:56.069,CELO/USDT:USDT,0.3525,17.0,0.3524,102.0,0.3527,46.0,0.3528,296.0
1753533716086,12:41:56.086,CELO/USDT:USDT,0.3524,46.0,0.3523,104.0,0.3527,46.0,0.3528,352.0
1753533716668,12:41:56.668,CELO/USDT:USDT,0.3524,46.0,0.3523,104.0,0.3527,46.0,0.3528,352.0
1753533716994,12:41:56.994,CELO/USDT:USDT,0.3524,46.0,0.3523,104.0,0.3527,46.0,0.3528,352.0
1753533718071,12:41:58.071,CELO/USDT:USDT,0.3524,46.0,0.3523,104.0,0.3527,46.0,0.3528,352.0
1753533719014,12:41:59.014,CELO/USDT:USDT,0.3524,46.0,0.3523,104.0,0.3527,46.0,0.3528,352.0
1753533719273,12:41:59.273,CELO/USDT:USDT,0.3524,46.0,0.3523,104.0,0.3527,46.0,0.3528,352.0
1753533720097,12:42:00.097,CELO/USDT:USDT,0.3524,46.0,0.3523,104.0,0.3527,46.0,0.3528,352.0
1753533720256,12:42:00.256,CELO/USDT:USDT,0.3524,46.0,0.3523,104.0,0.3527,46.0,0.3528,352.0
1753533720557,12:42:00.557,CELO/USDT:USDT,0.3524,46.0,0.3523,104.0,0.3527,46.0,0.3528,352.0
1753533720758,12:42:00.758,CELO/USDT:USDT,0.3524,46.0,0.3523,104.0,0.3527,46.0,0.3528,352.0
1753533721542,12:42:01.542,CELO/USDT:USDT,0.3524,46.0,0.3523,104.0,0.3527,46.0,0.3528,352.0
1753533721794,12:42:01.794,CELO/USDT:USDT,0.3524,46.0,0.3523,104.0,0.3527,46.0,0.3528,352.0
1753533721942,12:42:01.942,CELO/USDT:USDT,0.3524,46.0,0.3523,104.0,0.3527,46.0,0.3528,352.0
1753533722042,12:42:02.042,CELO/USDT:USDT,0.3524,46.0,0.3523,104.0,0.3527,46.0,0.3528,352.0
1753533722087,12:42:02.087,CELO/USDT:USDT,0.3524,46.0,0.3523,104.0,0.3527,46.0,0.3528,352.0
1753533722281,12:42:02.281,CELO/USDT:USDT,0.3524,46.0,0.3523,104.0,0.3527,46.0,0.3528,352.0
1753533722906,12:42:02.906,CELO/USDT:USDT,0.3524,46.0,0.3523,104.0,0.3527,46.0,0.3528,352.0
1753533723242,12:42:03.242,CELO/USDT:USDT,0.3524,46.0,0.3523,104.0,0.3527,46.0,0.3528,352.0
1753533723461,12:42:03.461,CELO/USDT:USDT,0.3524,46.0,0.3523,104.0,0.3527,46.0,0.3528,352.0
1753533723513,12:42:03.513,CELO/USDT:USDT,0.3524,46.0,0.3523,104.0,0.3527,46.0,0.3528,352.0
1753533723592,12:42:03.592,CELO/USDT:USDT,0.3524,46.0,0.3523,104.0,0.3527,46.0,0.3528,352.0
1753533724488,12:42:04.488,CELO/USDT:USDT,0.3524,46.0,0.3523,104.0,0.3527,46.0,0.3528,352.0
1753533724823,12:42:04.823,CELO/USDT:USDT,0.3524,46.0,0.3523,104.0,0.3527,46.0,0.3528,352.0
1753533725095,12:42:05.095,CELO/USDT:USDT,0.3524,46.0,0.3523,104.0,0.3527,46.0,0.3528,352.0
1753533727031,12:42:07.031,CELO/USDT:USDT,0.3524,46.0,0.3523,104.0,0.3527,46.0,0.3528,352.0
1753533727346,12:42:07.346,CELO/USDT:USDT,0.3524,46.0,0.3523,104.0,0.3527,46.0,0.3528,352.0
1753533727479,12:42:07.479,CELO/USDT:USDT,0.3524,46.0,0.3523,104.0,0.3527,46.0,0.3528,352.0
1753533729698,12:42:09.698,CELO/USDT:USDT,0.3524,46.0,0.3523,104.0,0.3528,352.0,0.3529,296.0
1753533733481,12:42:13.481,CELO/USDT:USDT,0.3524,46.0,0.3523,104.0,0.3527,47.0,0.3528,352.0
1753533738128,12:42:18.128,CELO/USDT:USDT,0.3524,46.0,0.3523,104.0,0.3528,352.0,0.3529,296.0
1753533738183,12:42:18.183,CELO/USDT:USDT,0.3524,46.0,0.3523,104.0,0.3528,296.0,0.3529,352.0
1753533738442,12:42:18.442,CELO/USDT:USDT,0.3525,47.0,0.3524,352.0,0.3528,296.0,0.3529,352.0
1753533738784,12:42:18.784,CELO/USDT:USDT,0.3525,47.0,0.3524,296.0,0.3527,47.0,0.3528,296.0
1753533739062,12:42:19.062,CELO/USDT:USDT,0.3525,47.0,0.3524,352.0,0.3528,296.0,0.3529,352.0
1753533739519,12:42:19.519,CELO/USDT:USDT,0.3525,47.0,0.3524,352.0,0.3528,296.0,0.3529,352.0
1753533739941,12:42:19.941,CELO/USDT:USDT,0.3525,47.0,0.3524,352.0,0.3528,296.0,0.3529,352.0
1753533743334,12:42:23.334,CELO/USDT:USDT,0.3525,46.0,0.3524,296.0,0.3527,46.0,0.3528,352.0
1753533745454,12:42:25.454,CELO/USDT:USDT,0.3525,63.0,0.3524,296.0,0.3527,46.0,0.3528,296.0
1753533746153,12:42:26.153,CELO/USDT:USDT,0.3526,46.0,0.3525,80.0,0.3528,296.0,0.3529,352.0
1753533746261,12:42:26.261,CELO/USDT:USDT,0.3526,46.0,0.3525,46.0,0.3528,267.0,0.3529,296.0
1753533746356,12:42:26.356,CELO/USDT:USDT,0.3525,46.0,0.3524,352.0,0.3528,267.0,0.3529,352.0
1753533746620,12:42:26.620,CELO/USDT:USDT,0.3525,46.0,0.3524,352.0,0.3528,267.0,0.3529,352.0
1753533747254,12:42:27.254,CELO/USDT:USDT,0.3525,46.0,0.3524,352.0,0.3528,267.0,0.3529,352.0
1753533748904,12:42:28.904,CELO/USDT:USDT,0.3525,46.0,0.3524,352.0,0.3528,267.0,0.3529,352.0
1753533756746,12:42:36.746,CELO/USDT:USDT,0.3524,296.0,0.3523,104.0,0.3527,46.0,0.3528,352.0
1753533757063,12:42:37.063,CELO/USDT:USDT,0.3525,63.0,0.3524,296.0,0.3527,63.0,0.3528,296.0
1753533757074,12:42:37.074,CELO/USDT:USDT,0.3525,63.0,0.3524,296.0,0.3527,46.0,0.3528,296.0
1753533757581,12:42:37.581,CELO/USDT:USDT,0.3525,80.0,0.3524,296.0,0.3527,46.0,0.3528,296.0
1753533758749,12:42:38.749,CELO/USDT:USDT,0.3525,80.0,0.3524,296.0,0.3527,46.0,0.3528,296.0
1753533759003,12:42:39.003,CELO/USDT:USDT,0.3525,80.0,0.3524,296.0,0.3527,46.0,0.3528,296.0
1753533759268,12:42:39.268,CELO/USDT:USDT,0.3525,80.0,0.3524,296.0,0.3527,46.0,0.3528,296.0
1753533759362,12:42:39.362,CELO/USDT:USDT,0.3524,296.0,0.3523,104.0,0.3527,46.0,0.3528,352.0
1753533759408,12:42:39.408,CELO/USDT:USDT,0.3524,296.0,0.3523,104.0,0.3527,46.0,0.3528,352.0
1753533759761,12:42:39.761,CELO/USDT:USDT,0.3524,296.0,0.3523,104.0,0.3527,46.0,0.3528,352.0
1753533760178,12:42:40.178,CELO/USDT:USDT,0.3524,296.0,0.3523,104.0,0.3527,46.0,0.3528,352.0
1753533760609,12:42:40.609,CELO/USDT:USDT,0.3525,80.0,0.3524,296.0,0.3527,46.0,0.3528,296.0
1753533764580,12:42:44.580,CELO/USDT:USDT,0.3525,80.0,0.3524,296.0,0.3527,46.0,0.3528,296.0
1753533764992,12:42:44.992,CELO/USDT:USDT,0.3525,80.0,0.3524,296.0,0.3527,46.0,0.3528,296.0
1753533767605,12:42:47.605,CELO/USDT:USDT,0.3525,63.0,0.3524,296.0,0.3527,46.0,0.3528,296.0
