timestamp,time,symbol,bid1_price,bid1_volume,bid2_price,bid2_volume,ask1_price,ask1_volume,ask2_price,ask2_volume
1753533020000,12:30:20.000,BNT/USDT:USDT,0.7768,97.0,0.7767,105.0,0.7771,3.0,0.7772,97.0
1753533022198,12:30:22.198,BNT/USDT:USDT,0.7768,97.0,0.7767,105.0,0.7771,3.0,0.7772,97.0
1753533022976,12:30:22.976,BNT/USDT:USDT,0.7768,97.0,0.7767,105.0,0.7771,3.0,0.7772,97.0
1753533023407,12:30:23.407,BNT/USDT:USDT,0.7768,8.0,0.7767,105.0,0.7771,3.0,0.7772,97.0
1753533023502,12:30:23.502,BNT/USDT:USDT,0.7768,8.0,0.7767,105.0,0.7771,3.0,0.7772,97.0
1753533023888,12:30:23.888,BNT/USDT:USDT,0.7767,97.0,0.7766,97.0,0.7771,100.0,0.7772,105.0
1753533024063,12:30:24.063,BNT/USDT:USDT,0.7767,97.0,0.7766,97.0,0.7771,100.0,0.7772,105.0
1753533024485,12:30:24.485,BNT/USDT:USDT,0.7767,97.0,0.7766,97.0,0.7771,100.0,0.7772,105.0
1753533024507,12:30:24.507,BNT/USDT:USDT,0.7767,97.0,0.7766,97.0,0.7771,100.0,0.7772,105.0
1753533024881,12:30:24.881,BNT/USDT:USDT,0.7767,97.0,0.7766,97.0,0.7771,100.0,0.7772,105.0
1753533024998,12:30:24.998,BNT/USDT:USDT,0.7767,97.0,0.7766,97.0,0.7771,100.0,0.7772,105.0
1753533025110,12:30:25.110,BNT/USDT:USDT,0.7767,97.0,0.7766,97.0,0.7771,100.0,0.7772,105.0
1753533027551,12:30:27.551,BNT/USDT:USDT,0.7767,105.0,0.7766,97.0,0.7771,100.0,0.7772,105.0
1753533028324,12:30:28.324,BNT/USDT:USDT,0.7767,105.0,0.7766,97.0,0.7771,100.0,0.7772,105.0
1753533029203,12:30:29.203,BNT/USDT:USDT,0.7767,105.0,0.7766,97.0,0.7771,100.0,0.7772,105.0
1753533029814,12:30:29.814,BNT/USDT:USDT,0.7767,16.0,0.7766,97.0,0.7771,100.0,0.7772,105.0
1753533030069,12:30:30.069,BNT/USDT:USDT,0.7767,16.0,0.7766,97.0,0.7771,100.0,0.7772,105.0
1753533030276,12:30:30.276,BNT/USDT:USDT,0.7767,16.0,0.7766,97.0,0.7771,100.0,0.7772,105.0
1753533030571,12:30:30.571,BNT/USDT:USDT,0.7767,16.0,0.7766,97.0,0.7771,100.0,0.7772,105.0
1753533030828,12:30:30.828,BNT/USDT:USDT,0.7767,16.0,0.7766,97.0,0.7771,100.0,0.7772,105.0
1753533033164,12:30:33.164,BNT/USDT:USDT,0.7767,16.0,0.7766,97.0,0.7771,100.0,0.7772,105.0
1753533034029,12:30:34.029,BNT/USDT:USDT,0.7763,89.0,0.7762,386.0,0.777,97.0,0.7771,108.0
1753533034155,12:30:34.155,BNT/USDT:USDT,0.7763,89.0,0.7762,386.0,0.7769,3.0,0.777,97.0
1753533034366,12:30:34.366,BNT/USDT:USDT,0.776,91.0,0.7758,345.0,0.7769,92.0,0.777,97.0
1753533034577,12:30:34.577,BNT/USDT:USDT,0.776,91.0,0.7758,345.0,0.7769,92.0,0.777,97.0
1753533035135,12:30:35.135,BNT/USDT:USDT,0.776,91.0,0.7758,345.0,0.7769,3.0,0.777,97.0
1753533035247,12:30:35.247,BNT/USDT:USDT,0.7761,89.0,0.776,155.0,0.7769,3.0,0.777,97.0
1753533035390,12:30:35.390,BNT/USDT:USDT,0.7761,89.0,0.776,155.0,0.7769,3.0,0.777,97.0
1753533035477,12:30:35.477,BNT/USDT:USDT,0.7761,89.0,0.776,155.0,0.7769,3.0,0.777,97.0
1753533035536,12:30:35.536,BNT/USDT:USDT,0.7762,89.0,0.7761,153.0,0.7769,3.0,0.777,97.0
1753533035805,12:30:35.805,BNT/USDT:USDT,0.7762,89.0,0.7761,153.0,0.7769,3.0,0.777,97.0
1753533035905,12:30:35.905,BNT/USDT:USDT,0.7762,89.0,0.7761,153.0,0.7769,3.0,0.777,97.0
1753533037565,12:30:37.565,BNT/USDT:USDT,0.7762,89.0,0.7761,153.0,0.7769,3.0,0.777,97.0
1753533037828,12:30:37.828,BNT/USDT:USDT,0.7762,89.0,0.7761,153.0,0.7769,3.0,0.777,97.0
1753533038061,12:30:38.061,BNT/USDT:USDT,0.7762,89.0,0.7761,153.0,0.7769,3.0,0.777,97.0
1753533038198,12:30:38.198,BNT/USDT:USDT,0.7762,89.0,0.7761,153.0,0.7769,3.0,0.777,97.0
1753533038593,12:30:38.593,BNT/USDT:USDT,0.7763,99.0,0.7762,153.0,0.7769,3.0,0.777,97.0
1753533038644,12:30:38.644,BNT/USDT:USDT,0.7765,99.0,0.7764,107.0,0.7769,3.0,0.777,97.0
1753533039094,12:30:39.094,BNT/USDT:USDT,0.7765,99.0,0.7764,107.0,0.7769,3.0,0.777,97.0
1753533039167,12:30:39.167,BNT/USDT:USDT,0.7765,99.0,0.7764,107.0,0.7769,3.0,0.777,97.0
1753533039321,12:30:39.321,BNT/USDT:USDT,0.7766,99.0,0.7765,107.0,0.7769,3.0,0.777,97.0
1753533039462,12:30:39.462,BNT/USDT:USDT,0.7766,99.0,0.7765,107.0,0.7769,3.0,0.777,97.0
1753533040199,12:30:40.199,BNT/USDT:USDT,0.7766,99.0,0.7765,107.0,0.7769,3.0,0.777,97.0
1753533040279,12:30:40.279,BNT/USDT:USDT,0.7766,99.0,0.7765,107.0,0.7769,3.0,0.777,97.0
1753533040402,12:30:40.402,BNT/USDT:USDT,0.7766,99.0,0.7765,107.0,0.7769,3.0,0.777,97.0
1753533040858,12:30:40.858,BNT/USDT:USDT,0.7766,99.0,0.7765,107.0,0.7769,3.0,0.777,97.0
1753533041366,12:30:41.366,BNT/USDT:USDT,0.7766,99.0,0.7765,107.0,0.7769,3.0,0.777,97.0
1753533042350,12:30:42.350,BNT/USDT:USDT,0.7766,99.0,0.7765,107.0,0.7769,3.0,0.777,97.0
1753533044517,12:30:44.517,BNT/USDT:USDT,0.7766,99.0,0.7765,107.0,0.7769,3.0,0.777,97.0
1753533044707,12:30:44.707,BNT/USDT:USDT,0.7766,99.0,0.7765,107.0,0.7769,3.0,0.777,97.0
1753533045444,12:30:45.444,BNT/USDT:USDT,0.7766,8.0,0.7765,107.0,0.7769,3.0,0.777,105.0
1753533046270,12:30:46.270,BNT/USDT:USDT,0.7766,8.0,0.7765,107.0,0.7769,3.0,0.777,105.0
1753533046667,12:30:46.667,BNT/USDT:USDT,0.7766,8.0,0.7765,107.0,0.7769,3.0,0.777,105.0
1753533047187,12:30:47.187,BNT/USDT:USDT,0.7766,8.0,0.7765,107.0,0.7769,3.0,0.777,105.0
1753533049362,12:30:49.362,BNT/USDT:USDT,0.7765,99.0,0.7764,99.0,0.7769,3.0,0.777,105.0
1753533049982,12:30:49.982,BNT/USDT:USDT,0.7766,90.0,0.7765,107.0,0.7769,3.0,0.777,105.0
1753533050249,12:30:50.249,BNT/USDT:USDT,0.7766,90.0,0.7765,107.0,0.7769,3.0,0.777,105.0
1753533050343,12:30:50.343,BNT/USDT:USDT,0.7766,90.0,0.7765,107.0,0.7769,3.0,0.777,105.0
1753533050452,12:30:50.452,BNT/USDT:USDT,0.7766,90.0,0.7765,107.0,0.7769,3.0,0.777,105.0
1753533050758,12:30:50.758,BNT/USDT:USDT,0.7766,90.0,0.7765,107.0,0.7769,3.0,0.777,105.0
1753533052496,12:30:52.496,BNT/USDT:USDT,0.7766,90.0,0.7765,107.0,0.7769,3.0,0.777,105.0
1753533052527,12:30:52.527,BNT/USDT:USDT,0.7766,90.0,0.7765,107.0,0.7769,3.0,0.777,105.0
1753533053138,12:30:53.138,BNT/USDT:USDT,0.7766,90.0,0.7765,107.0,0.7769,3.0,0.777,105.0
1753533054819,12:30:54.819,BNT/USDT:USDT,0.7766,90.0,0.7765,107.0,0.7769,3.0,0.777,105.0
1753533055192,12:30:55.192,BNT/USDT:USDT,0.7766,90.0,0.7765,107.0,0.7769,3.0,0.777,105.0
1753533058099,12:30:58.099,BNT/USDT:USDT,0.7766,90.0,0.7765,107.0,0.7769,3.0,0.777,105.0
1753533058839,12:30:58.839,BNT/USDT:USDT,0.7766,90.0,0.7765,107.0,0.7769,3.0,0.777,105.0
1753533059039,12:30:59.039,BNT/USDT:USDT,0.7766,90.0,0.7765,107.0,0.7769,3.0,0.777,105.0
1753533059288,12:30:59.288,BNT/USDT:USDT,0.7766,90.0,0.7765,107.0,0.7769,3.0,0.777,105.0
1753533059493,12:30:59.493,BNT/USDT:USDT,0.7757,475.0,0.7756,346.0,0.7769,92.0,0.777,105.0
1753533059596,12:30:59.596,BNT/USDT:USDT,0.7759,89.0,0.7758,102.0,0.7769,92.0,0.777,105.0
1753533059610,12:30:59.610,BNT/USDT:USDT,0.7759,89.0,0.7758,89.0,0.7769,92.0,0.777,105.0
1753533059765,12:30:59.765,BNT/USDT:USDT,0.776,89.0,0.7759,153.0,0.7769,92.0,0.777,105.0
1753533060086,12:31:00.086,BNT/USDT:USDT,0.7761,89.0,0.776,153.0,0.7769,92.0,0.777,105.0
1753533060123,12:31:00.123,BNT/USDT:USDT,0.7762,89.0,0.7761,153.0,0.7769,92.0,0.777,105.0
1753533060230,12:31:00.230,BNT/USDT:USDT,0.7762,89.0,0.7761,217.0,0.7769,92.0,0.777,105.0
1753533060390,12:31:00.390,BNT/USDT:USDT,0.7762,89.0,0.7761,217.0,0.7769,92.0,0.777,105.0
1753533060498,12:31:00.498,BNT/USDT:USDT,0.7764,89.0,0.7763,169.0,0.7769,92.0,0.777,105.0
1753533060522,12:31:00.522,BNT/USDT:USDT,0.7764,89.0,0.7763,105.0,0.7769,92.0,0.777,105.0
1753533060627,12:31:00.627,BNT/USDT:USDT,0.7764,89.0,0.7763,105.0,0.7769,92.0,0.777,105.0
1753533061067,12:31:01.067,BNT/USDT:USDT,0.7764,89.0,0.7763,105.0,0.7768,105.0,0.7769,108.0
1753533061152,12:31:01.152,BNT/USDT:USDT,0.7764,89.0,0.7763,105.0,0.7767,3.0,0.7768,105.0
1753533061248,12:31:01.248,BNT/USDT:USDT,0.7764,89.0,0.7763,105.0,0.7767,3.0,0.7768,105.0
1753533061491,12:31:01.491,BNT/USDT:USDT,0.7764,89.0,0.7763,105.0,0.7767,3.0,0.7768,105.0
1753533061679,12:31:01.679,BNT/USDT:USDT,0.7764,89.0,0.7763,105.0,0.7767,3.0,0.7768,105.0
1753533061793,12:31:01.793,BNT/USDT:USDT,0.7764,89.0,0.7763,105.0,0.7767,3.0,0.7768,105.0
1753533062568,12:31:02.568,BNT/USDT:USDT,0.7764,89.0,0.7763,105.0,0.7767,3.0,0.7768,105.0
1753533062727,12:31:02.727,BNT/USDT:USDT,0.7764,89.0,0.7763,105.0,0.7767,3.0,0.7768,105.0
1753533063920,12:31:03.920,BNT/USDT:USDT,0.7764,89.0,0.7763,105.0,0.7767,3.0,0.7768,105.0
1753533064421,12:31:04.421,BNT/USDT:USDT,0.7764,89.0,0.7763,105.0,0.7767,3.0,0.7768,105.0
1753533064627,12:31:04.627,BNT/USDT:USDT,0.7764,89.0,0.7763,105.0,0.7767,3.0,0.7768,105.0
1753533064976,12:31:04.976,BNT/USDT:USDT,0.7764,89.0,0.7763,105.0,0.7767,3.0,0.7768,105.0
1753533065592,12:31:05.592,BNT/USDT:USDT,0.7764,89.0,0.7763,105.0,0.7767,3.0,0.7768,105.0
1753533066058,12:31:06.058,BNT/USDT:USDT,0.7764,89.0,0.7763,105.0,0.7767,3.0,0.7768,105.0
1753533066297,12:31:06.297,BNT/USDT:USDT,0.7764,89.0,0.7763,105.0,0.7767,3.0,0.7768,105.0
1753533067143,12:31:07.143,BNT/USDT:USDT,0.7764,89.0,0.7763,105.0,0.7767,3.0,0.7768,105.0
1753533067398,12:31:07.398,BNT/USDT:USDT,0.7764,89.0,0.7763,105.0,0.7767,3.0,0.7768,16.0
1753533067431,12:31:07.431,BNT/USDT:USDT,0.7764,89.0,0.7763,105.0,0.7767,3.0,0.7769,89.0
1753533067526,12:31:07.526,BNT/USDT:USDT,0.7764,89.0,0.7763,105.0,0.7768,3.0,0.7771,89.0
1753533067685,12:31:07.685,BNT/USDT:USDT,0.7764,89.0,0.7763,105.0,0.777,3.0,0.7771,89.0
1753533067799,12:31:07.799,BNT/USDT:USDT,0.7765,90.0,0.7764,153.0,0.777,3.0,0.7771,89.0
1753533067812,12:31:07.812,BNT/USDT:USDT,0.7765,106.0,0.7764,89.0,0.777,3.0,0.7771,89.0
1753533067939,12:31:07.939,BNT/USDT:USDT,0.7765,106.0,0.7764,89.0,0.777,11.0,0.7771,89.0
1753533068087,12:31:08.087,BNT/USDT:USDT,0.7765,106.0,0.7764,89.0,0.777,11.0,0.7771,89.0
1753533068198,12:31:08.198,BNT/USDT:USDT,0.7765,106.0,0.7763,89.0,0.777,11.0,0.7771,89.0
1753533068254,12:31:08.254,BNT/USDT:USDT,0.7765,106.0,0.7763,89.0,0.777,11.0,0.7771,89.0
1753533068400,12:31:08.400,BNT/USDT:USDT,0.7765,106.0,0.7763,89.0,0.777,19.0,0.7771,89.0
1753533068565,12:31:08.565,BNT/USDT:USDT,0.7765,106.0,0.7763,89.0,0.777,19.0,0.7771,89.0
1753533068701,12:31:08.701,BNT/USDT:USDT,0.7765,106.0,0.7763,89.0,0.777,19.0,0.7771,89.0
1753533068771,12:31:08.771,BNT/USDT:USDT,0.7766,90.0,0.7765,106.0,0.777,109.0,0.7771,89.0
1753533068987,12:31:08.987,BNT/USDT:USDT,0.7766,90.0,0.7765,106.0,0.777,109.0,0.7771,89.0
1753533069122,12:31:09.122,BNT/USDT:USDT,0.7766,90.0,0.7765,106.0,0.777,19.0,0.7771,89.0
1753533069802,12:31:09.802,BNT/USDT:USDT,0.7766,90.0,0.7765,106.0,0.777,19.0,0.7771,89.0
1753533069830,12:31:09.830,BNT/USDT:USDT,0.7766,90.0,0.7765,106.0,0.777,19.0,0.7771,89.0
1753533070332,12:31:10.332,BNT/USDT:USDT,0.7766,90.0,0.7765,106.0,0.777,19.0,0.7771,89.0
1753533070807,12:31:10.807,BNT/USDT:USDT,0.7766,90.0,0.7765,106.0,0.777,19.0,0.7771,89.0
1753533071021,12:31:11.021,BNT/USDT:USDT,0.7766,90.0,0.7765,106.0,0.777,19.0,0.7771,89.0
1753533071397,12:31:11.397,BNT/USDT:USDT,0.7766,90.0,0.7765,106.0,0.777,19.0,0.7771,89.0
1753533077992,12:31:17.992,BNT/USDT:USDT,0.7766,90.0,0.7765,106.0,0.777,3.0,0.7773,90.0
1753533078038,12:31:18.038,BNT/USDT:USDT,0.7766,90.0,0.7765,106.0,0.777,3.0,0.7773,90.0
1753533078266,12:31:18.266,BNT/USDT:USDT,0.7766,90.0,0.7765,106.0,0.777,3.0,0.7773,90.0
1753533078365,12:31:18.365,BNT/USDT:USDT,0.7766,90.0,0.7765,106.0,0.777,3.0,0.7773,90.0
1753533078676,12:31:18.676,BNT/USDT:USDT,0.7766,90.0,0.7765,106.0,0.777,3.0,0.7773,90.0
1753533078747,12:31:18.747,BNT/USDT:USDT,0.7766,90.0,0.7765,106.0,0.7772,3.0,0.7773,90.0
1753533078974,12:31:18.974,BNT/USDT:USDT,0.7766,90.0,0.7765,106.0,0.7772,3.0,0.7773,90.0
1753533079101,12:31:19.101,BNT/USDT:USDT,0.7766,90.0,0.7765,106.0,0.7772,3.0,0.7773,90.0
1753533079302,12:31:19.302,BNT/USDT:USDT,0.7766,90.0,0.7765,106.0,0.7772,3.0,0.7773,90.0
1753533079362,12:31:19.362,BNT/USDT:USDT,0.7766,90.0,0.7765,106.0,0.7772,3.0,0.7773,90.0
1753533079532,12:31:19.532,BNT/USDT:USDT,0.7766,90.0,0.7765,106.0,0.7771,106.0,0.7772,3.0
1753533079633,12:31:19.633,BNT/USDT:USDT,0.7766,90.0,0.7765,106.0,0.777,3.0,0.7771,106.0
1753533079955,12:31:19.955,BNT/USDT:USDT,0.7766,90.0,0.7765,106.0,0.777,3.0,0.7771,106.0
1753533080065,12:31:20.065,BNT/USDT:USDT,0.7766,90.0,0.7765,106.0,0.777,3.0,0.7771,106.0
1753533080146,12:31:20.146,BNT/USDT:USDT,0.7766,90.0,0.7765,106.0,0.777,3.0,0.7771,106.0
1753533080374,12:31:20.374,BNT/USDT:USDT,0.7766,90.0,0.7765,106.0,0.777,3.0,0.7771,106.0
1753533081125,12:31:21.125,BNT/USDT:USDT,0.7766,90.0,0.7765,106.0,0.777,3.0,0.7771,106.0
1753533081658,12:31:21.658,BNT/USDT:USDT,0.7766,90.0,0.7765,106.0,0.777,93.0,0.7771,106.0
1753533082000,12:31:22.000,BNT/USDT:USDT,0.7766,90.0,0.7765,106.0,0.777,93.0,0.7771,106.0
1753533082345,12:31:22.345,BNT/USDT:USDT,0.7766,90.0,0.7765,106.0,0.777,93.0,0.7771,106.0
1753533082848,12:31:22.848,BNT/USDT:USDT,0.7766,90.0,0.7765,106.0,0.777,93.0,0.7771,106.0
1753533082918,12:31:22.918,BNT/USDT:USDT,0.7766,90.0,0.7765,106.0,0.777,93.0,0.7771,106.0
1753533083418,12:31:23.418,BNT/USDT:USDT,0.7766,90.0,0.7765,106.0,0.777,93.0,0.7771,106.0
1753533084446,12:31:24.446,BNT/USDT:USDT,0.7766,90.0,0.7765,106.0,0.777,93.0,0.7771,106.0
1753533084876,12:31:24.876,BNT/USDT:USDT,0.7766,90.0,0.7765,106.0,0.777,93.0,0.7771,106.0
1753533090356,12:31:30.356,BNT/USDT:USDT,0.7766,90.0,0.7765,106.0,0.777,3.0,0.7771,106.0
1753533090487,12:31:30.487,BNT/USDT:USDT,0.7766,90.0,0.7765,106.0,0.777,3.0,0.7771,106.0
1753533090506,12:31:30.506,BNT/USDT:USDT,0.7766,90.0,0.7765,106.0,0.777,91.0,0.7771,106.0
1753533091156,12:31:31.156,BNT/USDT:USDT,0.7766,90.0,0.7765,106.0,0.777,91.0,0.7771,106.0
1753533092267,12:31:32.267,BNT/USDT:USDT,0.7766,90.0,0.7765,106.0,0.777,91.0,0.7771,106.0
1753533092509,12:31:32.509,BNT/USDT:USDT,0.7766,90.0,0.7765,106.0,0.777,91.0,0.7771,106.0
1753533093647,12:31:33.647,BNT/USDT:USDT,0.7766,90.0,0.7765,106.0,0.777,3.0,0.7771,106.0
1753533093765,12:31:33.765,BNT/USDT:USDT,0.7766,90.0,0.7765,106.0,0.777,3.0,0.7771,106.0
1753533094333,12:31:34.333,BNT/USDT:USDT,0.7766,90.0,0.7765,106.0,0.777,3.0,0.7771,106.0
1753533095454,12:31:35.454,BNT/USDT:USDT,0.7766,90.0,0.7765,106.0,0.777,3.0,0.7771,8.0
1753533095878,12:31:35.878,BNT/USDT:USDT,0.7766,90.0,0.7765,106.0,0.777,3.0,0.7771,8.0
1753533096280,12:31:36.280,BNT/USDT:USDT,0.7766,90.0,0.7765,106.0,0.777,3.0,0.7771,8.0
1753533096371,12:31:36.371,BNT/USDT:USDT,0.7766,90.0,0.7765,106.0,0.777,3.0,0.7771,8.0
1753533098432,12:31:38.432,BNT/USDT:USDT,0.7766,90.0,0.7765,106.0,0.777,3.0,0.7771,8.0
1753533098572,12:31:38.572,BNT/USDT:USDT,0.7766,90.0,0.7765,106.0,0.777,3.0,0.7771,8.0
1753533098666,12:31:38.666,BNT/USDT:USDT,0.7766,90.0,0.7765,106.0,0.777,3.0,0.7771,8.0
1753533100612,12:31:40.612,BNT/USDT:USDT,0.7766,90.0,0.7765,106.0,0.777,3.0,0.7771,8.0
1753533100994,12:31:40.994,BNT/USDT:USDT,0.7766,90.0,0.7765,106.0,0.777,3.0,0.7771,8.0
1753533101275,12:31:41.275,BNT/USDT:USDT,0.7766,90.0,0.7765,106.0,0.777,3.0,0.7771,8.0
1753533101635,12:31:41.635,BNT/USDT:USDT,0.7766,90.0,0.7765,106.0,0.777,3.0,0.7771,8.0
1753533101810,12:31:41.810,BNT/USDT:USDT,0.7766,90.0,0.7765,106.0,0.777,3.0,0.7771,8.0
1753533102782,12:31:42.782,BNT/USDT:USDT,0.7766,90.0,0.7765,106.0,0.777,3.0,0.7771,8.0
1753533104294,12:31:44.294,BNT/USDT:USDT,0.7768,88.0,0.7767,104.0,0.777,3.0,0.7773,90.0
1753533104313,12:31:44.313,BNT/USDT:USDT,0.7768,88.0,0.7767,104.0,0.7772,3.0,0.7773,98.0
1753533104698,12:31:44.698,BNT/USDT:USDT,0.7768,88.0,0.7767,104.0,0.7772,91.0,0.7773,98.0
1753533105527,12:31:45.527,BNT/USDT:USDT,0.7768,88.0,0.7767,104.0,0.7772,3.0,0.7773,98.0
1753533106025,12:31:46.025,BNT/USDT:USDT,0.7768,88.0,0.7767,104.0,0.7772,3.0,0.7773,98.0
1753533106225,12:31:46.225,BNT/USDT:USDT,0.7768,88.0,0.7767,104.0,0.7772,3.0,0.7773,98.0
1753533106781,12:31:46.781,BNT/USDT:USDT,0.7768,88.0,0.7767,104.0,0.7772,3.0,0.7773,98.0
1753533107084,12:31:47.084,BNT/USDT:USDT,0.7768,88.0,0.7767,104.0,0.7772,3.0,0.7773,98.0
1753533107151,12:31:47.151,BNT/USDT:USDT,0.7768,88.0,0.7767,104.0,0.7772,3.0,0.7773,98.0
1753533107208,12:31:47.208,BNT/USDT:USDT,0.7768,88.0,0.7767,104.0,0.7772,3.0,0.7773,98.0
1753533107712,12:31:47.712,BNT/USDT:USDT,0.7768,88.0,0.7767,104.0,0.7772,3.0,0.7773,8.0
1753533108062,12:31:48.062,BNT/USDT:USDT,0.7769,89.0,0.7768,88.0,0.7772,3.0,0.7773,8.0
1753533108213,12:31:48.213,BNT/USDT:USDT,0.7768,88.0,0.7767,104.0,0.7772,3.0,0.7773,8.0
1753533109984,12:31:49.984,BNT/USDT:USDT,0.7768,88.0,0.7767,104.0,0.7772,3.0,0.7773,8.0
1753533118966,12:31:58.966,BNT/USDT:USDT,0.7768,88.0,0.7767,104.0,0.7772,94.0,0.7773,8.0
1753533119493,12:31:59.493,BNT/USDT:USDT,0.7767,88.0,0.7766,98.0,0.7771,99.0,0.7772,102.0
1753533119600,12:31:59.600,BNT/USDT:USDT,0.7765,90.0,0.7761,349.0,0.777,94.0,0.7771,99.0
1753533119686,12:31:59.686,BNT/USDT:USDT,0.7765,90.0,0.7761,349.0,0.777,94.0,0.7771,99.0
1753533119791,12:31:59.791,BNT/USDT:USDT,0.7765,90.0,0.7761,90.0,0.777,94.0,0.7771,99.0
1753533119809,12:31:59.809,BNT/USDT:USDT,0.7765,8.0,0.7761,90.0,0.777,3.0,0.7771,99.0
1753533119961,12:31:59.961,BNT/USDT:USDT,0.7766,91.0,0.7765,8.0,0.777,11.0,0.7771,99.0
1753533120094,12:32:00.094,BNT/USDT:USDT,0.7766,91.0,0.7765,8.0,0.777,11.0,0.7771,99.0
1753533121184,12:32:01.184,BNT/USDT:USDT,0.7766,91.0,0.7765,8.0,0.777,11.0,0.7771,99.0
1753533121206,12:32:01.206,BNT/USDT:USDT,0.7766,91.0,0.7765,8.0,0.777,11.0,0.7771,99.0
1753533121346,12:32:01.346,BNT/USDT:USDT,0.7766,91.0,0.7765,8.0,0.777,11.0,0.7771,99.0
1753533121680,12:32:01.680,BNT/USDT:USDT,0.7766,91.0,0.7765,8.0,0.777,11.0,0.7771,99.0
1753533121886,12:32:01.886,BNT/USDT:USDT,0.7766,91.0,0.7765,8.0,0.777,11.0,0.7771,99.0
1753533122221,12:32:02.221,BNT/USDT:USDT,0.7766,91.0,0.7765,8.0,0.777,11.0,0.7771,99.0
1753533122501,12:32:02.501,BNT/USDT:USDT,0.7766,91.0,0.7765,8.0,0.777,102.0,0.7771,99.0
1753533122563,12:32:02.563,BNT/USDT:USDT,0.7766,10.0,0.7759,91.0,0.777,102.0,0.7771,99.0
1753533122666,12:32:02.666,BNT/USDT:USDT,0.776,91.0,0.7759,487.0,0.777,102.0,0.7771,99.0
1753533122746,12:32:02.746,BNT/USDT:USDT,0.7761,91.0,0.776,101.0,0.777,102.0,0.7771,99.0
1753533122899,12:32:02.899,BNT/USDT:USDT,0.7761,91.0,0.776,111.0,0.777,102.0,0.7771,99.0
1753533122998,12:32:02.998,BNT/USDT:USDT,0.7762,91.0,0.7761,155.0,0.777,102.0,0.7771,99.0
1753533123056,12:32:03.056,BNT/USDT:USDT,0.7762,91.0,0.7761,219.0,0.777,102.0,0.7771,99.0
1753533123872,12:32:03.872,BNT/USDT:USDT,0.7763,91.0,0.7762,155.0,0.777,102.0,0.7771,99.0
1753533123948,12:32:03.948,BNT/USDT:USDT,0.7765,91.0,0.7764,107.0,0.777,102.0,0.7771,99.0
1753533124347,12:32:04.347,BNT/USDT:USDT,0.7765,91.0,0.7764,107.0,0.777,102.0,0.7771,99.0
1753533125798,12:32:05.798,BNT/USDT:USDT,0.7766,107.0,0.7765,99.0,0.777,3.0,0.7771,99.0
1753533125808,12:32:05.808,BNT/USDT:USDT,0.7766,107.0,0.7765,99.0,0.777,3.0,0.7771,99.0
1753533126061,12:32:06.061,BNT/USDT:USDT,0.7766,107.0,0.7765,99.0,0.777,3.0,0.7771,99.0
1753533126514,12:32:06.514,BNT/USDT:USDT,0.7766,107.0,0.7765,99.0,0.777,3.0,0.7771,99.0
1753533127146,12:32:07.146,BNT/USDT:USDT,0.7766,107.0,0.7765,99.0,0.777,3.0,0.7771,99.0
1753533127976,12:32:07.976,BNT/USDT:USDT,0.7766,171.0,0.7765,99.0,0.777,3.0,0.7771,99.0
1753533128097,12:32:08.097,BNT/USDT:USDT,0.7766,171.0,0.7765,99.0,0.777,3.0,0.7771,99.0
1753533128485,12:32:08.485,BNT/USDT:USDT,0.7766,171.0,0.7765,99.0,0.777,92.0,0.7771,99.0
1753533128586,12:32:08.586,BNT/USDT:USDT,0.7766,99.0,0.7765,91.0,0.777,100.0,0.7771,99.0
1753533128685,12:32:08.685,BNT/USDT:USDT,0.7766,99.0,0.7763,91.0,0.777,100.0,0.7771,99.0
1753533128899,12:32:08.899,BNT/USDT:USDT,0.7766,99.0,0.7763,91.0,0.777,100.0,0.7771,99.0
1753533129107,12:32:09.107,BNT/USDT:USDT,0.7766,99.0,0.7763,91.0,0.777,100.0,0.7771,99.0
1753533130326,12:32:10.326,BNT/USDT:USDT,0.7766,99.0,0.7763,91.0,0.777,100.0,0.7771,99.0
1753533130524,12:32:10.524,BNT/USDT:USDT,0.7766,99.0,0.7763,91.0,0.777,100.0,0.7771,99.0
1753533130818,12:32:10.818,BNT/USDT:USDT,0.7766,99.0,0.7761,91.0,0.777,100.0,0.7771,99.0
1753533131887,12:32:11.887,BNT/USDT:USDT,0.7766,99.0,0.7761,91.0,0.777,100.0,0.7771,99.0
1753533132032,12:32:12.032,BNT/USDT:USDT,0.7766,171.0,0.7761,91.0,0.777,100.0,0.7771,99.0
1753533132971,12:32:12.971,BNT/USDT:USDT,0.7766,171.0,0.776,91.0,0.777,100.0,0.7771,99.0
1753533134290,12:32:14.290,BNT/USDT:USDT,0.7766,171.0,0.776,91.0,0.777,100.0,0.7771,99.0
1753533138962,12:32:18.962,BNT/USDT:USDT,0.7766,171.0,0.776,91.0,0.777,11.0,0.7771,99.0
1753533139115,12:32:19.115,BNT/USDT:USDT,0.7766,171.0,0.776,91.0,0.777,11.0,0.7771,99.0
1753533139648,12:32:19.648,BNT/USDT:USDT,0.7766,171.0,0.776,91.0,0.777,11.0,0.7771,99.0
1753533140186,12:32:20.186,BNT/USDT:USDT,0.7767,90.0,0.7766,107.0,0.777,3.0,0.7771,99.0
1753533140209,12:32:20.209,BNT/USDT:USDT,0.7767,90.0,0.7766,107.0,0.777,3.0,0.7771,99.0
1753533140594,12:32:20.594,BNT/USDT:USDT,0.7767,90.0,0.7766,107.0,0.777,3.0,0.7771,99.0
1753533140609,12:32:20.609,BNT/USDT:USDT,0.7767,90.0,0.7766,107.0,0.777,3.0,0.7771,99.0
1753533141640,12:32:21.640,BNT/USDT:USDT,0.7767,90.0,0.7766,107.0,0.777,3.0,0.7771,99.0
1753533148433,12:32:28.433,BNT/USDT:USDT,0.7766,107.0,0.776,91.0,0.777,99.0,0.7771,99.0
1753533148754,12:32:28.754,BNT/USDT:USDT,0.7766,99.0,0.776,91.0,0.777,99.0,0.7771,99.0
1753533148971,12:32:28.971,BNT/USDT:USDT,0.7766,163.0,0.776,91.0,0.777,99.0,0.7771,99.0
1753533149258,12:32:29.258,BNT/USDT:USDT,0.7766,163.0,0.776,91.0,0.777,99.0,0.7771,99.0
1753533149456,12:32:29.456,BNT/USDT:USDT,0.7766,171.0,0.776,91.0,0.777,99.0,0.7771,99.0
1753533149533,12:32:29.533,BNT/USDT:USDT,0.7766,171.0,0.776,91.0,0.777,99.0,0.7771,99.0
1753533149613,12:32:29.613,BNT/USDT:USDT,0.7766,171.0,0.776,91.0,0.777,99.0,0.7771,99.0
1753533149863,12:32:29.863,BNT/USDT:USDT,0.7766,171.0,0.776,91.0,0.777,99.0,0.7771,99.0
1753533151488,12:32:31.488,BNT/USDT:USDT,0.7767,88.0,0.7766,171.0,0.777,11.0,0.7771,99.0
1753533151529,12:32:31.529,BNT/USDT:USDT,0.7767,88.0,0.7766,107.0,0.777,8.0,0.7771,99.0
1753533151749,12:32:31.749,BNT/USDT:USDT,0.7767,88.0,0.7766,107.0,0.777,8.0,0.7771,99.0
1753533151891,12:32:31.891,BNT/USDT:USDT,0.7767,88.0,0.7766,107.0,0.777,8.0,0.7771,99.0
1753533152216,12:32:32.216,BNT/USDT:USDT,0.7767,88.0,0.7766,107.0,0.777,8.0,0.7771,99.0
1753533152511,12:32:32.511,BNT/USDT:USDT,0.7767,88.0,0.7766,107.0,0.777,8.0,0.7771,99.0
1753533152695,12:32:32.695,BNT/USDT:USDT,0.7767,88.0,0.7766,107.0,0.777,8.0,0.7771,99.0
1753533152960,12:32:32.960,BNT/USDT:USDT,0.7766,99.0,0.776,91.0,0.777,96.0,0.7771,99.0
1753533153267,12:32:33.267,BNT/USDT:USDT,0.7766,163.0,0.7765,8.0,0.7769,11.0,0.777,104.0
1753533153326,12:32:33.326,BNT/USDT:USDT,0.7766,163.0,0.7765,8.0,0.7769,8.0,0.777,104.0
1753533153576,12:32:33.576,BNT/USDT:USDT,0.7766,163.0,0.7765,8.0,0.7769,8.0,0.777,104.0
1753533153648,12:32:33.648,BNT/USDT:USDT,0.7766,163.0,0.7765,8.0,0.7769,8.0,0.777,104.0
1753533153935,12:32:33.935,BNT/USDT:USDT,0.7766,163.0,0.7765,8.0,0.7769,8.0,0.777,104.0
1753533154652,12:32:34.652,BNT/USDT:USDT,0.7766,163.0,0.7765,8.0,0.7769,8.0,0.777,104.0
1753533155567,12:32:35.567,BNT/USDT:USDT,0.7766,64.0,0.7765,8.0,0.7769,96.0,0.777,104.0
1753533155786,12:32:35.786,BNT/USDT:USDT,0.7766,64.0,0.7765,8.0,0.7769,8.0,0.777,104.0
1753533155808,12:32:35.808,BNT/USDT:USDT,0.7766,64.0,0.7765,8.0,0.7769,8.0,0.777,104.0
1753533155960,12:32:35.960,BNT/USDT:USDT,0.7766,64.0,0.7765,8.0,0.7769,8.0,0.777,104.0
1753533156181,12:32:36.181,BNT/USDT:USDT,0.7766,64.0,0.7765,8.0,0.7769,8.0,0.777,104.0
1753533156565,12:32:36.565,BNT/USDT:USDT,0.7766,72.0,0.7765,8.0,0.7769,8.0,0.777,104.0
1753533157162,12:32:37.162,BNT/USDT:USDT,0.7767,88.0,0.7766,8.0,0.7774,89.0,0.7777,140.0
1753533157265,12:32:37.265,BNT/USDT:USDT,0.7767,88.0,0.7766,8.0,0.7772,90.0,0.7773,3.0
1753533157402,12:32:37.402,BNT/USDT:USDT,0.7767,8.0,0.7766,162.0,0.7771,19.0,0.7772,90.0
1753533157502,12:32:37.502,BNT/USDT:USDT,0.7766,98.0,0.776,91.0,0.7771,19.0,0.7772,90.0
1753533157601,12:32:37.601,BNT/USDT:USDT,0.7766,162.0,0.776,91.0,0.7771,19.0,0.7772,90.0
1753533157632,12:32:37.632,BNT/USDT:USDT,0.7767,98.0,0.7766,98.0,0.7771,109.0,0.7772,90.0
1753533157760,12:32:37.760,BNT/USDT:USDT,0.7767,98.0,0.7766,98.0,0.7771,109.0,0.7772,90.0
1753533157978,12:32:37.978,BNT/USDT:USDT,0.7767,98.0,0.7766,98.0,0.7771,109.0,0.7772,90.0
1753533158090,12:32:38.090,BNT/USDT:USDT,0.7767,98.0,0.7766,98.0,0.7771,109.0,0.7772,90.0
1753533158953,12:32:38.953,BNT/USDT:USDT,0.7767,98.0,0.7766,98.0,0.7771,109.0,0.7774,89.0
1753533159092,12:32:39.092,BNT/USDT:USDT,0.7767,98.0,0.7766,98.0,0.7771,109.0,0.7774,89.0
1753533159202,12:32:39.202,BNT/USDT:USDT,0.7767,98.0,0.7766,98.0,0.7771,109.0,0.7774,89.0
1753533160250,12:32:40.250,BNT/USDT:USDT,0.7767,98.0,0.7766,98.0,0.7771,109.0,0.7774,89.0
1753533160399,12:32:40.399,BNT/USDT:USDT,0.7767,98.0,0.7766,98.0,0.7771,109.0,0.7774,89.0
1753533160624,12:32:40.624,BNT/USDT:USDT,0.7767,98.0,0.7766,98.0,0.7771,109.0,0.7774,89.0
1753533161128,12:32:41.128,BNT/USDT:USDT,0.7767,98.0,0.7766,98.0,0.7771,109.0,0.7774,89.0
1753533161462,12:32:41.462,BNT/USDT:USDT,0.7767,98.0,0.7766,98.0,0.7771,109.0,0.7774,89.0
1753533162228,12:32:42.228,BNT/USDT:USDT,0.7767,98.0,0.7766,98.0,0.7771,109.0,0.7774,89.0
1753533163360,12:32:43.360,BNT/USDT:USDT,0.7767,98.0,0.7766,98.0,0.7771,109.0,0.7774,89.0
1753533163468,12:32:43.468,BNT/USDT:USDT,0.7767,98.0,0.7766,98.0,0.7771,109.0,0.7774,89.0
1753533163603,12:32:43.603,BNT/USDT:USDT,0.7767,98.0,0.7766,98.0,0.7771,109.0,0.7774,89.0
1753533163808,12:32:43.808,BNT/USDT:USDT,0.7767,98.0,0.7766,98.0,0.7771,109.0,0.7774,89.0
1753533164325,12:32:44.325,BNT/USDT:USDT,0.7767,98.0,0.7766,98.0,0.7771,109.0,0.7774,89.0
1753533164784,12:32:44.784,BNT/USDT:USDT,0.7767,98.0,0.7766,98.0,0.7771,109.0,0.7774,89.0
1753533165458,12:32:45.458,BNT/USDT:USDT,0.7767,98.0,0.7766,98.0,0.7771,109.0,0.7774,89.0
1753533165853,12:32:45.853,BNT/USDT:USDT,0.7767,98.0,0.7766,98.0,0.7771,109.0,0.7774,89.0
1753533166063,12:32:46.063,BNT/USDT:USDT,0.7767,98.0,0.7766,98.0,0.7771,109.0,0.7774,89.0
1753533166117,12:32:46.117,BNT/USDT:USDT,0.7767,98.0,0.7766,98.0,0.7771,109.0,0.7774,89.0
1753533166368,12:32:46.368,BNT/USDT:USDT,0.7767,98.0,0.7766,98.0,0.7771,109.0,0.7774,89.0
1753533167067,12:32:47.067,BNT/USDT:USDT,0.7767,98.0,0.7766,98.0,0.7771,109.0,0.7774,89.0
1753533167848,12:32:47.848,BNT/USDT:USDT,0.7767,98.0,0.7766,98.0,0.7771,109.0,0.7774,89.0
1753533168418,12:32:48.418,BNT/USDT:USDT,0.7767,98.0,0.7766,98.0,0.7771,109.0,0.7774,89.0
1753533168788,12:32:48.788,BNT/USDT:USDT,0.7767,98.0,0.7766,98.0,0.7771,109.0,0.7774,89.0
1753533169970,12:32:49.970,BNT/USDT:USDT,0.7767,98.0,0.7766,98.0,0.7771,109.0,0.7774,89.0
1753533170162,12:32:50.162,BNT/USDT:USDT,0.7767,98.0,0.7766,98.0,0.7771,109.0,0.7774,89.0
1753533170255,12:32:50.255,BNT/USDT:USDT,0.7767,98.0,0.7766,98.0,0.7771,109.0,0.7774,89.0
1753533170665,12:32:50.665,BNT/USDT:USDT,0.7767,98.0,0.7766,98.0,0.7771,109.0,0.7774,89.0
1753533170993,12:32:50.993,BNT/USDT:USDT,0.7767,98.0,0.7766,98.0,0.7771,109.0,0.7774,89.0
1753533171228,12:32:51.228,BNT/USDT:USDT,0.7767,98.0,0.7766,98.0,0.7771,109.0,0.7774,89.0
1753533171412,12:32:51.412,BNT/USDT:USDT,0.7767,98.0,0.7766,98.0,0.7771,109.0,0.7774,89.0
1753533172398,12:32:52.398,BNT/USDT:USDT,0.7767,98.0,0.7766,98.0,0.7771,109.0,0.7774,89.0
1753533172408,12:32:52.408,BNT/USDT:USDT,0.7767,98.0,0.7766,98.0,0.7771,109.0,0.7774,89.0
1753533173199,12:32:53.199,BNT/USDT:USDT,0.7767,8.0,0.7766,98.0,0.777,88.0,0.7771,109.0
1753533173214,12:32:53.214,BNT/USDT:USDT,0.7766,162.0,0.776,91.0,0.777,88.0,0.7771,109.0
1753533173325,12:32:53.325,BNT/USDT:USDT,0.7766,162.0,0.776,91.0,0.7769,11.0,0.777,88.0
1753533173409,12:32:53.409,BNT/USDT:USDT,0.7766,162.0,0.776,91.0,0.7769,8.0,0.777,88.0
1753533174693,12:32:54.693,BNT/USDT:USDT,0.7766,98.0,0.776,91.0,0.7769,16.0,0.777,88.0
1753533174786,12:32:54.786,BNT/USDT:USDT,0.7761,88.0,0.776,541.0,0.7769,16.0,0.777,88.0
1753533174876,12:32:54.876,BNT/USDT:USDT,0.7762,88.0,0.7761,152.0,0.7768,3.0,0.7769,16.0
1753533175278,12:32:55.278,BNT/USDT:USDT,0.7762,88.0,0.7761,152.0,0.7768,3.0,0.7769,16.0
1753533176265,12:32:56.265,BNT/USDT:USDT,0.7762,88.0,0.7761,152.0,0.7768,3.0,0.7769,16.0
1753533176389,12:32:56.389,BNT/USDT:USDT,0.7764,88.0,0.7763,104.0,0.7768,3.0,0.7769,16.0
1753533176487,12:32:56.487,BNT/USDT:USDT,0.7764,88.0,0.7763,168.0,0.7768,3.0,0.7769,16.0
1753533176505,12:32:56.505,BNT/USDT:USDT,0.7764,88.0,0.7763,168.0,0.7768,3.0,0.7769,16.0
1753533176886,12:32:56.886,BNT/USDT:USDT,0.7766,88.0,0.7765,16.0,0.7768,3.0,0.7771,90.0
1753533176988,12:32:56.988,BNT/USDT:USDT,0.7766,152.0,0.7765,16.0,0.777,3.0,0.7771,16.0
1753533177385,12:32:57.385,BNT/USDT:USDT,0.7766,152.0,0.7765,16.0,0.777,3.0,0.7771,16.0
1753533177698,12:32:57.698,BNT/USDT:USDT,0.7766,152.0,0.7765,16.0,0.777,3.0,0.7771,16.0
1753533177807,12:32:57.807,BNT/USDT:USDT,0.7766,152.0,0.7765,16.0,0.777,3.0,0.7771,16.0
1753533178458,12:32:58.458,BNT/USDT:USDT,0.7766,152.0,0.7765,16.0,0.777,95.0,0.7771,16.0
1753533178971,12:32:58.971,BNT/USDT:USDT,0.7766,88.0,0.7765,16.0,0.777,95.0,0.7771,16.0
1753533180609,12:33:00.609,BNT/USDT:USDT,0.7766,88.0,0.7765,16.0,0.777,95.0,0.7771,16.0
1753533181144,12:33:01.144,BNT/USDT:USDT,0.7765,100.0,0.7764,96.0,0.7769,108.0,0.777,111.0
1753533181225,12:33:01.225,BNT/USDT:USDT,0.7765,100.0,0.7764,104.0,0.7768,3.0,0.7769,108.0
1753533181402,12:33:01.402,BNT/USDT:USDT,0.7765,292.0,0.7764,104.0,0.7768,3.0,0.7769,108.0
1753533181486,12:33:01.486,BNT/USDT:USDT,0.7765,292.0,0.7764,104.0,0.7768,3.0,0.7769,108.0
1753533181536,12:33:01.536,BNT/USDT:USDT,0.7765,228.0,0.7764,104.0,0.7768,3.0,0.7769,108.0
1753533182586,12:33:02.586,BNT/USDT:USDT,0.7765,356.0,0.7764,104.0,0.7768,3.0,0.7769,108.0
1753533182669,12:33:02.669,BNT/USDT:USDT,0.7765,356.0,0.7764,104.0,0.7768,3.0,0.7769,108.0
1753533182774,12:33:02.774,BNT/USDT:USDT,0.7765,412.0,0.7764,104.0,0.7768,3.0,0.7769,108.0
1753533189089,12:33:09.089,BNT/USDT:USDT,0.7765,348.0,0.7764,104.0,0.7768,3.0,0.7769,108.0
1753533190667,12:33:10.667,BNT/USDT:USDT,0.7765,412.0,0.7764,104.0,0.7768,3.0,0.7769,108.0
1753533190744,12:33:10.744,BNT/USDT:USDT,0.7766,90.0,0.7765,284.0,0.7768,3.0,0.777,92.0
1753533190826,12:33:10.826,BNT/USDT:USDT,0.7766,98.0,0.7765,236.0,0.7769,3.0,0.777,92.0
1753533190992,12:33:10.992,BNT/USDT:USDT,0.7767,98.0,0.7766,106.0,0.7769,3.0,0.7774,89.0
1753533191049,12:33:11.049,BNT/USDT:USDT,0.7767,8.0,0.7766,106.0,0.7771,90.0,0.7772,106.0
1753533191145,12:33:11.145,BNT/USDT:USDT,0.7766,98.0,0.7765,100.0,0.777,101.0,0.7771,90.0
1753533191339,12:33:11.339,BNT/USDT:USDT,0.7766,98.0,0.7765,100.0,0.777,101.0,0.7771,90.0
1753533191471,12:33:11.471,BNT/USDT:USDT,0.7766,162.0,0.7765,100.0,0.777,101.0,0.7771,90.0
1753533191572,12:33:11.572,BNT/USDT:USDT,0.7766,170.0,0.7765,100.0,0.777,101.0,0.7771,90.0
1753533191680,12:33:11.680,BNT/USDT:USDT,0.7766,106.0,0.7765,100.0,0.777,101.0,0.7771,90.0
1753533191778,12:33:11.778,BNT/USDT:USDT,0.7766,298.0,0.7765,100.0,0.777,101.0,0.7771,90.0
1753533191870,12:33:11.870,BNT/USDT:USDT,0.7766,298.0,0.7765,100.0,0.777,101.0,0.7771,90.0
1753533191981,12:33:11.981,BNT/USDT:USDT,0.7766,234.0,0.7765,100.0,0.777,101.0,0.7771,90.0
1753533192189,12:33:12.189,BNT/USDT:USDT,0.7766,234.0,0.7765,100.0,0.777,101.0,0.7771,90.0
1753533192258,12:33:12.258,BNT/USDT:USDT,0.7766,106.0,0.7765,100.0,0.777,101.0,0.7771,90.0
1753533192387,12:33:12.387,BNT/USDT:USDT,0.7766,90.0,0.7765,92.0,0.777,109.0,0.7771,90.0
1753533192498,12:33:12.498,BNT/USDT:USDT,0.7765,128.0,0.7761,88.0,0.777,109.0,0.7771,90.0
1753533192570,12:33:12.570,BNT/USDT:USDT,0.7766,90.0,0.7765,64.0,0.777,109.0,0.7771,90.0
1753533192858,12:33:12.858,BNT/USDT:USDT,0.7766,90.0,0.7765,64.0,0.777,109.0,0.7771,90.0
1753533193498,12:33:13.498,BNT/USDT:USDT,0.7766,154.0,0.7765,72.0,0.777,109.0,0.7772,90.0
1753533193538,12:33:13.538,BNT/USDT:USDT,0.7766,90.0,0.7765,8.0,0.777,109.0,0.7772,90.0
1753533194786,12:33:14.786,BNT/USDT:USDT,0.7766,90.0,0.7765,8.0,0.777,109.0,0.7772,90.0
1753533194827,12:33:14.827,BNT/USDT:USDT,0.7766,90.0,0.7765,8.0,0.777,109.0,0.7772,90.0
1753533195674,12:33:15.674,BNT/USDT:USDT,0.7766,90.0,0.7765,8.0,0.777,109.0,0.7774,89.0
1753533195969,12:33:15.969,BNT/USDT:USDT,0.7766,98.0,0.7765,8.0,0.777,109.0,0.7774,89.0
1753533196471,12:33:16.471,BNT/USDT:USDT,0.7766,226.0,0.7765,8.0,0.777,109.0,0.7774,89.0
1753533196522,12:33:16.522,BNT/USDT:USDT,0.7766,98.0,0.7765,8.0,0.777,109.0,0.7774,89.0
1753533196665,12:33:16.665,BNT/USDT:USDT,0.7766,98.0,0.7765,8.0,0.777,109.0,0.7774,89.0
1753533196872,12:33:16.872,BNT/USDT:USDT,0.7766,98.0,0.7765,8.0,0.777,109.0,0.7774,89.0
1753533203322,12:33:23.322,BNT/USDT:USDT,0.7766,98.0,0.7765,8.0,0.777,109.0,0.7774,89.0
1753533204815,12:33:24.815,BNT/USDT:USDT,0.7766,98.0,0.7765,8.0,0.777,109.0,0.7774,89.0
1753533206095,12:33:26.095,BNT/USDT:USDT,0.7767,97.0,0.7766,98.0,0.777,3.0,0.7774,89.0
1753533206147,12:33:26.147,BNT/USDT:USDT,0.7767,97.0,0.7766,98.0,0.7772,89.0,0.7773,3.0
1753533206226,12:33:26.226,BNT/USDT:USDT,0.7767,97.0,0.7766,98.0,0.7771,19.0,0.7772,89.0
1753533206380,12:33:26.380,BNT/USDT:USDT,0.7767,97.0,0.7766,98.0,0.7771,19.0,0.7772,89.0
1753533206442,12:33:26.442,BNT/USDT:USDT,0.7767,97.0,0.7766,98.0,0.7771,19.0,0.7774,89.0
1753533206534,12:33:26.534,BNT/USDT:USDT,0.7767,97.0,0.7766,98.0,0.7771,19.0,0.7774,89.0
1753533206912,12:33:26.912,BNT/USDT:USDT,0.7766,98.0,0.7761,88.0,0.777,89.0,0.7771,19.0
1753533207054,12:33:27.054,BNT/USDT:USDT,0.7766,106.0,0.7761,88.0,0.7769,11.0,0.777,89.0
1753533207109,12:33:27.109,BNT/USDT:USDT,0.7766,106.0,0.7761,88.0,0.7769,8.0,0.777,89.0
1753533207267,12:33:27.267,BNT/USDT:USDT,0.7766,106.0,0.7761,88.0,0.7769,8.0,0.777,89.0
1753533207392,12:33:27.392,BNT/USDT:USDT,0.7766,106.0,0.7761,88.0,0.7769,8.0,0.777,89.0
1753533207597,12:33:27.597,BNT/USDT:USDT,0.7767,88.0,0.7766,106.0,0.7774,89.0,0.7777,140.0
1753533207658,12:33:27.658,BNT/USDT:USDT,0.7767,88.0,0.7766,106.0,0.7774,89.0,0.7777,140.0
1753533207801,12:33:27.801,BNT/USDT:USDT,0.7767,152.0,0.7766,106.0,0.7772,88.0,0.7773,3.0
1753533207816,12:33:27.816,BNT/USDT:USDT,0.7767,152.0,0.7766,106.0,0.7771,91.0,0.7772,104.0
1753533208430,12:33:28.430,BNT/USDT:USDT,0.7767,152.0,0.7766,106.0,0.7771,91.0,0.7772,104.0
1753533208582,12:33:28.582,BNT/USDT:USDT,0.7767,152.0,0.7766,106.0,0.7771,91.0,0.7772,104.0
1753533208893,12:33:28.893,BNT/USDT:USDT,0.7768,88.0,0.7767,152.0,0.7771,3.0,0.7772,104.0
1753533209013,12:33:29.013,BNT/USDT:USDT,0.7768,96.0,0.7767,96.0,0.7771,3.0,0.7772,104.0
1753533209293,12:33:29.293,BNT/USDT:USDT,0.7768,96.0,0.7767,96.0,0.7771,3.0,0.7772,104.0
1753533209582,12:33:29.582,BNT/USDT:USDT,0.7768,96.0,0.7767,96.0,0.7771,3.0,0.7772,104.0
1753533209685,12:33:29.685,BNT/USDT:USDT,0.7768,96.0,0.7767,96.0,0.7771,3.0,0.7772,104.0
1753533209706,12:33:29.706,BNT/USDT:USDT,0.7768,96.0,0.7767,96.0,0.7771,3.0,0.7772,104.0
1753533210025,12:33:30.025,BNT/USDT:USDT,0.7768,96.0,0.7767,96.0,0.7771,3.0,0.7772,104.0
1753533211203,12:33:31.203,BNT/USDT:USDT,0.7768,96.0,0.7767,96.0,0.7771,3.0,0.7772,104.0
1753533211250,12:33:31.250,BNT/USDT:USDT,0.7768,96.0,0.7767,96.0,0.7771,3.0,0.7772,104.0
1753533211311,12:33:31.311,BNT/USDT:USDT,0.7768,96.0,0.7767,96.0,0.7771,91.0,0.7772,104.0
1753533211409,12:33:31.409,BNT/USDT:USDT,0.7768,96.0,0.7767,96.0,0.7771,88.0,0.7772,104.0
1753533211529,12:33:31.529,BNT/USDT:USDT,0.7768,96.0,0.7767,96.0,0.7771,88.0,0.7772,104.0
1753533211860,12:33:31.860,BNT/USDT:USDT,0.7768,96.0,0.7767,96.0,0.7771,88.0,0.7772,104.0
1753533212901,12:33:32.901,BNT/USDT:USDT,0.7768,96.0,0.7767,96.0,0.7771,88.0,0.7772,104.0
1753533212904,12:33:32.904,BNT/USDT:USDT,0.7768,96.0,0.7767,96.0,0.7771,88.0,0.7772,104.0
1753533215073,12:33:35.073,BNT/USDT:USDT,0.7768,96.0,0.7767,96.0,0.7771,88.0,0.7772,104.0
1753533215493,12:33:35.493,BNT/USDT:USDT,0.7768,8.0,0.7767,96.0,0.7771,88.0,0.7772,104.0
1753533217248,12:33:37.248,BNT/USDT:USDT,0.7768,8.0,0.7767,96.0,0.7771,88.0,0.7772,104.0
1753533217349,12:33:37.349,BNT/USDT:USDT,0.7768,8.0,0.7767,96.0,0.7771,88.0,0.7772,104.0
1753533218470,12:33:38.470,BNT/USDT:USDT,0.7767,88.0,0.7766,98.0,0.7771,88.0,0.7772,104.0
1753533218557,12:33:38.557,BNT/USDT:USDT,0.7767,88.0,0.7766,98.0,0.777,19.0,0.7771,88.0
1753533218609,12:33:38.609,BNT/USDT:USDT,0.7767,88.0,0.7766,98.0,0.777,16.0,0.7771,88.0
1753533218882,12:33:38.882,BNT/USDT:USDT,0.7767,88.0,0.7766,98.0,0.777,16.0,0.7771,88.0
1753533219389,12:33:39.389,BNT/USDT:USDT,0.7767,88.0,0.7766,98.0,0.777,16.0,0.7772,88.0
1753533221570,12:33:41.570,BNT/USDT:USDT,0.7767,96.0,0.7766,98.0,0.777,8.0,0.7774,89.0
1753533225702,12:33:45.702,BNT/USDT:USDT,0.7767,96.0,0.7766,98.0,0.7774,89.0,0.7777,140.0
1753533225711,12:33:45.711,BNT/USDT:USDT,0.7767,96.0,0.7766,98.0,0.7772,89.0,0.7773,3.0
1753533225826,12:33:45.826,BNT/USDT:USDT,0.7767,96.0,0.7766,98.0,0.7771,11.0,0.7772,89.0
1753533225992,12:33:45.992,BNT/USDT:USDT,0.7767,96.0,0.7766,98.0,0.7771,11.0,0.7774,89.0
1753533226142,12:33:46.142,BNT/USDT:USDT,0.7767,96.0,0.7766,98.0,0.7771,11.0,0.7774,89.0
1753533226295,12:33:46.295,BNT/USDT:USDT,0.7767,96.0,0.7766,98.0,0.7771,11.0,0.7774,89.0
1753533226452,12:33:46.452,BNT/USDT:USDT,0.7767,96.0,0.7766,98.0,0.7771,11.0,0.7774,89.0
1753533226604,12:33:46.604,BNT/USDT:USDT,0.7767,96.0,0.7766,98.0,0.7771,11.0,0.7774,89.0
1753533226759,12:33:46.759,BNT/USDT:USDT,0.7767,96.0,0.7766,98.0,0.7771,11.0,0.7774,89.0
1753533226911,12:33:46.911,BNT/USDT:USDT,0.7767,96.0,0.7766,98.0,0.7771,11.0,0.7774,89.0
1753533227072,12:33:47.072,BNT/USDT:USDT,0.7767,96.0,0.7766,98.0,0.7771,11.0,0.7774,89.0
1753533227224,12:33:47.224,BNT/USDT:USDT,0.7767,96.0,0.7766,98.0,0.7771,11.0,0.7774,89.0
1753533228467,12:33:48.467,BNT/USDT:USDT,0.7767,96.0,0.7766,98.0,0.7771,11.0,0.7774,89.0
1753533228516,12:33:48.516,BNT/USDT:USDT,0.7768,99.0,0.7767,96.0,0.7771,11.0,0.7774,89.0
1753533228674,12:33:48.674,BNT/USDT:USDT,0.7768,99.0,0.7767,96.0,0.7774,89.0,0.7777,140.0
1753533228726,12:33:48.726,BNT/USDT:USDT,0.7768,99.0,0.7767,96.0,0.7772,91.0,0.7773,11.0
1753533228809,12:33:48.809,BNT/USDT:USDT,0.7768,99.0,0.7767,96.0,0.7771,3.0,0.7772,91.0
1753533229005,12:33:49.005,BNT/USDT:USDT,0.7768,99.0,0.7767,96.0,0.7771,3.0,0.7772,91.0
1753533229171,12:33:49.171,BNT/USDT:USDT,0.7768,99.0,0.7767,96.0,0.7771,3.0,0.7772,99.0
1753533229489,12:33:49.489,BNT/USDT:USDT,0.7768,99.0,0.7767,96.0,0.7771,3.0,0.7772,99.0
1753533229692,12:33:49.692,BNT/USDT:USDT,0.7768,99.0,0.7767,96.0,0.7771,3.0,0.7772,99.0
1753533229897,12:33:49.897,BNT/USDT:USDT,0.7768,99.0,0.7767,96.0,0.7771,3.0,0.7772,99.0
1753533230287,12:33:50.287,BNT/USDT:USDT,0.7768,99.0,0.7767,96.0,0.7771,11.0,0.7772,107.0
1753533230314,12:33:50.314,BNT/USDT:USDT,0.7768,99.0,0.7767,96.0,0.7771,8.0,0.7772,107.0
1753533230817,12:33:50.817,BNT/USDT:USDT,0.7768,99.0,0.7767,96.0,0.7771,8.0,0.7772,107.0
1753533230949,12:33:50.949,BNT/USDT:USDT,0.7768,99.0,0.7767,96.0,0.7771,8.0,0.7772,107.0
1753533231595,12:33:51.595,BNT/USDT:USDT,0.7768,91.0,0.7767,96.0,0.7771,99.0,0.7772,107.0
1753533231646,12:33:51.646,BNT/USDT:USDT,0.7767,96.0,0.7761,88.0,0.7771,99.0,0.7772,107.0
1753533231715,12:33:51.715,BNT/USDT:USDT,0.7767,88.0,0.7766,8.0,0.777,11.0,0.7771,99.0
1753533231839,12:33:51.839,BNT/USDT:USDT,0.7767,88.0,0.7766,8.0,0.777,8.0,0.7771,99.0
1753533232266,12:33:52.266,BNT/USDT:USDT,0.7767,88.0,0.7766,8.0,0.777,8.0,0.7771,99.0
1753533234066,12:33:54.066,BNT/USDT:USDT,0.7767,88.0,0.7766,8.0,0.777,8.0,0.7771,99.0
1753533235588,12:33:55.588,BNT/USDT:USDT,0.7767,88.0,0.7766,8.0,0.777,8.0,0.7771,99.0
1753533235655,12:33:55.655,BNT/USDT:USDT,0.7767,88.0,0.7766,8.0,0.777,8.0,0.7771,99.0
1753533236785,12:33:56.785,BNT/USDT:USDT,0.7767,88.0,0.7766,8.0,0.777,8.0,0.7771,99.0
1753533236807,12:33:56.807,BNT/USDT:USDT,0.7767,88.0,0.7766,8.0,0.777,8.0,0.7771,99.0
1753533237086,12:33:57.086,BNT/USDT:USDT,0.7767,88.0,0.7766,8.0,0.777,8.0,0.7771,99.0
1753533238966,12:33:58.966,BNT/USDT:USDT,0.7767,88.0,0.7766,8.0,0.777,8.0,0.7771,99.0
1753533240100,12:34:00.100,BNT/USDT:USDT,0.7767,88.0,0.7766,8.0,0.777,8.0,0.7771,99.0
1753533240178,12:34:00.178,BNT/USDT:USDT,0.7767,88.0,0.7766,8.0,0.777,8.0,0.7771,99.0
1753533241128,12:34:01.128,BNT/USDT:USDT,0.7767,88.0,0.7766,8.0,0.777,8.0,0.7771,99.0
1753533241294,12:34:01.294,BNT/USDT:USDT,0.7767,88.0,0.7766,8.0,0.777,8.0,0.7771,99.0
1753533241611,12:34:01.611,BNT/USDT:USDT,0.7767,88.0,0.7766,8.0,0.777,8.0,0.7771,99.0
1753533242052,12:34:02.052,BNT/USDT:USDT,0.7767,88.0,0.7766,8.0,0.777,8.0,0.7771,99.0
1753533242374,12:34:02.374,BNT/USDT:USDT,0.7767,88.0,0.7766,8.0,0.777,8.0,0.7771,99.0
1753533242810,12:34:02.810,BNT/USDT:USDT,0.7767,88.0,0.7766,8.0,0.777,8.0,0.7771,99.0
1753533243261,12:34:03.261,BNT/USDT:USDT,0.7767,88.0,0.7766,8.0,0.777,8.0,0.7771,99.0
1753533244027,12:34:04.027,BNT/USDT:USDT,0.7767,88.0,0.7766,8.0,0.777,8.0,0.7771,99.0
1753533244187,12:34:04.187,BNT/USDT:USDT,0.7767,96.0,0.7766,8.0,0.777,8.0,0.7771,99.0
1753533244245,12:34:04.245,BNT/USDT:USDT,0.7768,97.0,0.7767,96.0,0.7771,8.0,0.7772,99.0
1753533244369,12:34:04.369,BNT/USDT:USDT,0.7768,97.0,0.7767,96.0,0.7771,8.0,0.7772,99.0
1753533244566,12:34:04.566,BNT/USDT:USDT,0.7768,97.0,0.7767,96.0,0.7771,16.0,0.7772,99.0
1753533244840,12:34:04.840,BNT/USDT:USDT,0.7768,97.0,0.7767,96.0,0.7771,16.0,0.7772,99.0
1753533245399,12:34:05.399,BNT/USDT:USDT,0.7768,97.0,0.7767,96.0,0.7771,16.0,0.7772,99.0
1753533245406,12:34:05.406,BNT/USDT:USDT,0.7768,97.0,0.7767,96.0,0.7771,16.0,0.7772,99.0
1753533245577,12:34:05.577,BNT/USDT:USDT,0.7768,97.0,0.7767,96.0,0.7771,16.0,0.7772,99.0
1753533246545,12:34:06.545,BNT/USDT:USDT,0.7767,96.0,0.7761,88.0,0.7771,105.0,0.7772,99.0
1753533246610,12:34:06.610,BNT/USDT:USDT,0.7767,96.0,0.7761,88.0,0.777,3.0,0.7771,105.0
1753533246779,12:34:06.779,BNT/USDT:USDT,0.7767,96.0,0.7761,88.0,0.777,3.0,0.7771,105.0
1753533247173,12:34:07.173,BNT/USDT:USDT,0.7767,96.0,0.7761,88.0,0.777,3.0,0.7771,105.0
1753533247554,12:34:07.554,BNT/USDT:USDT,0.7767,96.0,0.7761,88.0,0.777,3.0,0.7771,105.0
1753533247645,12:34:07.645,BNT/USDT:USDT,0.7767,96.0,0.7761,88.0,0.777,3.0,0.7771,105.0
1753533247927,12:34:07.927,BNT/USDT:USDT,0.7767,96.0,0.7761,88.0,0.777,3.0,0.7771,105.0
1753533248342,12:34:08.342,BNT/USDT:USDT,0.7767,96.0,0.7761,88.0,0.777,3.0,0.7771,105.0
1753533252100,12:34:12.100,BNT/USDT:USDT,0.7767,96.0,0.7761,88.0,0.777,92.0,0.7771,105.0
1753533252162,12:34:12.162,BNT/USDT:USDT,0.7762,89.0,0.7761,152.0,0.777,89.0,0.7771,105.0
1753533252268,12:34:12.268,BNT/USDT:USDT,0.7762,89.0,0.7761,152.0,0.7769,3.0,0.777,89.0
1753533252433,12:34:12.433,BNT/USDT:USDT,0.7762,89.0,0.7761,152.0,0.7769,3.0,0.777,89.0
1753533253085,12:34:13.085,BNT/USDT:USDT,0.7763,89.0,0.7762,217.0,0.7769,3.0,0.777,89.0
1753533253108,12:34:13.108,BNT/USDT:USDT,0.7763,89.0,0.7762,217.0,0.7769,3.0,0.777,89.0
1753533253267,12:34:13.267,BNT/USDT:USDT,0.7763,89.0,0.7762,217.0,0.7769,3.0,0.777,89.0
1753533253386,12:34:13.386,BNT/USDT:USDT,0.7765,89.0,0.7764,105.0,0.7769,19.0,0.777,89.0
1753533253690,12:34:13.690,BNT/USDT:USDT,0.7765,89.0,0.7764,105.0,0.7769,19.0,0.777,89.0
1753533254056,12:34:14.056,BNT/USDT:USDT,0.7765,89.0,0.7764,105.0,0.7769,19.0,0.7771,89.0
1753533255103,12:34:15.103,BNT/USDT:USDT,0.7766,89.0,0.7765,153.0,0.7769,11.0,0.7771,89.0
1753533255133,12:34:15.133,BNT/USDT:USDT,0.7767,89.0,0.7766,105.0,0.7774,89.0,0.7777,140.0
1753533255282,12:34:15.282,BNT/USDT:USDT,0.7767,89.0,0.7766,105.0,0.7771,89.0,0.7772,105.0
1753533255311,12:34:15.311,BNT/USDT:USDT,0.7767,89.0,0.7766,105.0,0.777,3.0,0.7771,89.0
1753533256235,12:34:16.235,BNT/USDT:USDT,0.7767,89.0,0.7766,105.0,0.777,3.0,0.7771,89.0
1753533256529,12:34:16.529,BNT/USDT:USDT,0.7767,89.0,0.7766,105.0,0.777,3.0,0.7771,89.0
1753533257090,12:34:17.090,BNT/USDT:USDT,0.7767,89.0,0.7766,105.0,0.777,3.0,0.7771,89.0
1753533257144,12:34:17.144,BNT/USDT:USDT,0.7767,89.0,0.7766,105.0,0.777,3.0,0.7771,89.0
1753533257616,12:34:17.616,BNT/USDT:USDT,0.7767,89.0,0.7766,105.0,0.777,3.0,0.7771,89.0
1753533258217,12:34:18.217,BNT/USDT:USDT,0.7767,89.0,0.7766,105.0,0.777,3.0,0.7771,89.0
1753533258376,12:34:18.376,BNT/USDT:USDT,0.7767,89.0,0.7766,105.0,0.777,3.0,0.7772,105.0
1753533258495,12:34:18.495,BNT/USDT:USDT,0.7767,89.0,0.7766,105.0,0.7771,3.0,0.7772,105.0
1753533258787,12:34:18.787,BNT/USDT:USDT,0.7768,107.0,0.7767,105.0,0.7771,3.0,0.7772,105.0
1753533258954,12:34:18.954,BNT/USDT:USDT,0.7768,107.0,0.7767,105.0,0.7771,3.0,0.7772,105.0
1753533259345,12:34:19.345,BNT/USDT:USDT,0.7768,107.0,0.7767,105.0,0.7771,3.0,0.7772,105.0
1753533259529,12:34:19.529,BNT/USDT:USDT,0.7768,107.0,0.7767,105.0,0.7771,3.0,0.7772,105.0
1753533259970,12:34:19.970,BNT/USDT:USDT,0.7768,107.0,0.7767,105.0,0.7771,3.0,0.7772,105.0
1753533260308,12:34:20.308,BNT/USDT:USDT,0.7768,107.0,0.7767,105.0,0.7771,3.0,0.7772,105.0
1753533260518,12:34:20.518,BNT/USDT:USDT,0.7768,107.0,0.7767,105.0,0.7771,3.0,0.7772,105.0
1753533260714,12:34:20.714,BNT/USDT:USDT,0.7768,107.0,0.7767,105.0,0.7771,3.0,0.7772,105.0
1753533262186,12:34:22.186,BNT/USDT:USDT,0.7768,107.0,0.7767,105.0,0.7771,3.0,0.7772,105.0
1753533262249,12:34:22.249,BNT/USDT:USDT,0.7768,107.0,0.7767,105.0,0.7771,3.0,0.7772,105.0
1753533262328,12:34:22.328,BNT/USDT:USDT,0.7768,107.0,0.7767,105.0,0.7771,3.0,0.7772,105.0
1753533262451,12:34:22.451,BNT/USDT:USDT,0.7768,107.0,0.7767,105.0,0.7771,3.0,0.7772,105.0
1753533262681,12:34:22.681,BNT/USDT:USDT,0.7768,107.0,0.7767,105.0,0.7771,3.0,0.7772,105.0
1753533263602,12:34:23.602,BNT/USDT:USDT,0.7768,107.0,0.7767,105.0,0.7771,3.0,0.7772,105.0
1753533264856,12:34:24.856,BNT/USDT:USDT,0.7768,107.0,0.7767,105.0,0.7771,3.0,0.7772,105.0
1753533264914,12:34:24.914,BNT/USDT:USDT,0.7768,107.0,0.7767,105.0,0.7771,4.0,0.7772,105.0
1753533267021,12:34:27.021,BNT/USDT:USDT,0.7768,107.0,0.7767,105.0,0.7771,4.0,0.7772,105.0
1753533267664,12:34:27.664,BNT/USDT:USDT,0.7762,90.0,0.7761,474.0,0.7771,94.0,0.7772,105.0
1753533267803,12:34:27.803,BNT/USDT:USDT,0.7762,90.0,0.7761,538.0,0.7771,94.0,0.7772,105.0
1753533267842,12:34:27.842,BNT/USDT:USDT,0.7763,90.0,0.7762,330.0,0.7771,94.0,0.7772,105.0
1753533268229,12:34:28.229,BNT/USDT:USDT,0.7763,90.0,0.7762,330.0,0.7771,94.0,0.7772,105.0
1753533268649,12:34:28.649,BNT/USDT:USDT,0.7763,90.0,0.7762,330.0,0.7771,94.0,0.7772,105.0
1753533268802,12:34:28.802,BNT/USDT:USDT,0.7763,154.0,0.7762,330.0,0.777,90.0,0.7771,94.0
1753533268811,12:34:28.811,BNT/USDT:USDT,0.7764,90.0,0.7763,202.0,0.777,90.0,0.7771,94.0
1753533269100,12:34:29.100,BNT/USDT:USDT,0.7765,90.0,0.7764,266.0,0.777,90.0,0.7771,94.0
1753533269168,12:34:29.168,BNT/USDT:USDT,0.7766,90.0,0.7765,106.0,0.7771,94.0,0.7774,89.0
1753533269245,12:34:29.245,BNT/USDT:USDT,0.7766,90.0,0.7765,106.0,0.7769,4.0,0.7771,90.0
1753533269313,12:34:29.313,BNT/USDT:USDT,0.7766,90.0,0.7765,106.0,0.777,4.0,0.7774,89.0
1753533269425,12:34:29.425,BNT/USDT:USDT,0.7766,90.0,0.7765,106.0,0.7772,90.0,0.7773,4.0
1753533269526,12:34:29.526,BNT/USDT:USDT,0.7766,90.0,0.7765,106.0,0.7771,4.0,0.7772,90.0
1753533269680,12:34:29.680,BNT/USDT:USDT,0.7766,90.0,0.7765,106.0,0.7771,20.0,0.7772,90.0
1753533269790,12:34:29.790,BNT/USDT:USDT,0.7767,106.0,0.7766,90.0,0.7771,20.0,0.7772,90.0
1753533269841,12:34:29.841,BNT/USDT:USDT,0.7767,106.0,0.7766,90.0,0.7771,110.0,0.7772,90.0
1753533269940,12:34:29.940,BNT/USDT:USDT,0.7767,106.0,0.7766,90.0,0.7771,110.0,0.7772,90.0
1753533270100,12:34:30.100,BNT/USDT:USDT,0.7768,90.0,0.7767,106.0,0.7771,4.0,0.7772,98.0
1753533270265,12:34:30.265,BNT/USDT:USDT,0.7768,90.0,0.7767,106.0,0.7771,94.0,0.7772,106.0
1753533270354,12:34:30.354,BNT/USDT:USDT,0.7768,90.0,0.7767,106.0,0.7771,90.0,0.7772,106.0
1753533270677,12:34:30.677,BNT/USDT:USDT,0.7768,90.0,0.7767,106.0,0.7771,90.0,0.7772,106.0
1753533270938,12:34:30.938,BNT/USDT:USDT,0.7767,106.0,0.7766,90.0,0.7771,90.0,0.7772,106.0
1753533271009,12:34:31.009,BNT/USDT:USDT,0.7767,106.0,0.7766,90.0,0.777,4.0,0.7771,90.0
1753533271169,12:34:31.169,BNT/USDT:USDT,0.7767,106.0,0.7766,90.0,0.777,4.0,0.7771,90.0
1753533271306,12:34:31.306,BNT/USDT:USDT,0.7767,106.0,0.7765,90.0,0.777,4.0,0.7771,90.0
1753533271970,12:34:31.970,BNT/USDT:USDT,0.7767,106.0,0.7765,90.0,0.777,4.0,0.7771,90.0
1753533272365,12:34:32.365,BNT/USDT:USDT,0.7767,106.0,0.7765,90.0,0.777,4.0,0.7771,90.0
1753533273187,12:34:33.187,BNT/USDT:USDT,0.7767,106.0,0.7765,90.0,0.777,4.0,0.7771,90.0
1753533273475,12:34:33.475,BNT/USDT:USDT,0.7767,106.0,0.7764,90.0,0.777,4.0,0.7771,90.0
1753533273697,12:34:33.697,BNT/USDT:USDT,0.7767,106.0,0.7764,90.0,0.777,4.0,0.7771,90.0
1753533273763,12:34:33.763,BNT/USDT:USDT,0.7767,106.0,0.7764,90.0,0.777,4.0,0.7771,90.0
1753533273861,12:34:33.861,BNT/USDT:USDT,0.7767,106.0,0.7764,90.0,0.777,4.0,0.7771,90.0
1753533274577,12:34:34.577,BNT/USDT:USDT,0.7767,106.0,0.7764,90.0,0.777,12.0,0.7771,98.0
1753533274610,12:34:34.610,BNT/USDT:USDT,0.7767,106.0,0.7764,90.0,0.777,8.0,0.7771,98.0
1753533275659,12:34:35.659,BNT/USDT:USDT,0.7767,106.0,0.7763,90.0,0.777,8.0,0.7771,98.0
1753533276237,12:34:36.237,BNT/USDT:USDT,0.7767,106.0,0.7763,90.0,0.777,8.0,0.7771,98.0
1753533276656,12:34:36.656,BNT/USDT:USDT,0.7767,106.0,0.7763,90.0,0.777,8.0,0.7771,98.0
1753533277844,12:34:37.844,BNT/USDT:USDT,0.7767,106.0,0.7762,90.0,0.777,8.0,0.7771,98.0
1753533280874,12:34:40.874,BNT/USDT:USDT,0.7767,8.0,0.7762,90.0,0.777,107.0,0.7771,98.0
1753533280931,12:34:40.931,BNT/USDT:USDT,0.7762,90.0,0.7761,474.0,0.777,107.0,0.7771,98.0
1753533281025,12:34:41.025,BNT/USDT:USDT,0.7763,91.0,0.7762,183.0,0.7769,4.0,0.777,107.0
1753533281234,12:34:41.234,BNT/USDT:USDT,0.7763,91.0,0.7762,183.0,0.7769,4.0,0.777,107.0
1753533281615,12:34:41.615,BNT/USDT:USDT,0.7763,91.0,0.7762,183.0,0.7769,4.0,0.777,16.0
1753533281770,12:34:41.770,BNT/USDT:USDT,0.7765,91.0,0.7764,107.0,0.7769,4.0,0.777,16.0
1753533282065,12:34:42.065,BNT/USDT:USDT,0.7767,91.0,0.7766,107.0,0.7769,4.0,0.777,16.0
1753533282191,12:34:42.191,BNT/USDT:USDT,0.7767,91.0,0.7766,107.0,0.7769,4.0,0.7771,90.0
1753533282217,12:34:42.217,BNT/USDT:USDT,0.7767,91.0,0.7766,107.0,0.777,4.0,0.7774,89.0
1753533282346,12:34:42.346,BNT/USDT:USDT,0.7767,91.0,0.7766,107.0,0.7771,91.0,0.7772,107.0
1753533282479,12:34:42.479,BNT/USDT:USDT,0.7767,91.0,0.7766,107.0,0.777,4.0,0.7771,91.0
1753533282780,12:34:42.780,BNT/USDT:USDT,0.7767,91.0,0.7766,107.0,0.777,4.0,0.7771,91.0
1753533282975,12:34:42.975,BNT/USDT:USDT,0.7767,91.0,0.7766,107.0,0.777,4.0,0.7771,91.0
1753533283319,12:34:43.319,BNT/USDT:USDT,0.7767,91.0,0.7766,107.0,0.777,4.0,0.7771,91.0
1753533283698,12:34:43.698,BNT/USDT:USDT,0.7767,91.0,0.7766,107.0,0.777,4.0,0.7771,91.0
1753533283715,12:34:43.715,BNT/USDT:USDT,0.7767,91.0,0.7766,107.0,0.777,4.0,0.7771,91.0
1753533283981,12:34:43.981,BNT/USDT:USDT,0.7767,91.0,0.7766,107.0,0.777,4.0,0.7771,91.0
1753533284330,12:34:44.330,BNT/USDT:USDT,0.7767,91.0,0.7766,107.0,0.777,4.0,0.7771,91.0
1753533289002,12:34:49.002,BNT/USDT:USDT,0.7767,91.0,0.7766,107.0,0.777,4.0,0.7772,107.0
1753533289372,12:34:49.372,BNT/USDT:USDT,0.7767,91.0,0.7766,107.0,0.777,4.0,0.7772,107.0
1753533289486,12:34:49.486,BNT/USDT:USDT,0.7767,91.0,0.7766,107.0,0.7771,4.0,0.7772,107.0
1753533289948,12:34:49.948,BNT/USDT:USDT,0.7767,91.0,0.7766,107.0,0.7771,91.0,0.7772,107.0
1753533290098,12:34:50.098,BNT/USDT:USDT,0.7767,91.0,0.7766,107.0,0.7771,91.0,0.7772,107.0
1753533290185,12:34:50.185,BNT/USDT:USDT,0.7767,91.0,0.7766,107.0,0.7771,91.0,0.7772,107.0
1753533290285,12:34:50.285,BNT/USDT:USDT,0.7767,91.0,0.7766,107.0,0.7771,91.0,0.7772,107.0
1753533290805,12:34:50.805,BNT/USDT:USDT,0.7767,91.0,0.7766,107.0,0.7771,91.0,0.7772,107.0
1753533291625,12:34:51.625,BNT/USDT:USDT,0.7767,91.0,0.7766,107.0,0.7771,91.0,0.7772,107.0
1753533291746,12:34:51.746,BNT/USDT:USDT,0.7767,91.0,0.7766,107.0,0.7771,91.0,0.7772,107.0
1753533293839,12:34:53.839,BNT/USDT:USDT,0.7767,91.0,0.7766,107.0,0.7771,4.0,0.7772,107.0
1753533294400,12:34:54.400,BNT/USDT:USDT,0.7767,91.0,0.7766,107.0,0.7771,4.0,0.7772,107.0
1753533294426,12:34:54.426,BNT/USDT:USDT,0.7767,91.0,0.7766,107.0,0.7771,4.0,0.7772,107.0
1753533294765,12:34:54.765,BNT/USDT:USDT,0.7767,91.0,0.7766,107.0,0.7771,4.0,0.7772,107.0
1753533295090,12:34:55.090,BNT/USDT:USDT,0.7767,91.0,0.7766,107.0,0.7771,4.0,0.7772,107.0
1753533295107,12:34:55.107,BNT/USDT:USDT,0.7767,91.0,0.7766,107.0,0.7771,4.0,0.7772,107.0
1753533295275,12:34:55.275,BNT/USDT:USDT,0.7767,91.0,0.7766,107.0,0.7771,4.0,0.7772,107.0
1753533295376,12:34:55.376,BNT/USDT:USDT,0.7767,91.0,0.7766,107.0,0.7771,4.0,0.7772,107.0
1753533296447,12:34:56.447,BNT/USDT:USDT,0.7767,91.0,0.7766,107.0,0.7771,4.0,0.7772,107.0
1753533296532,12:34:56.532,BNT/USDT:USDT,0.7767,91.0,0.7766,107.0,0.7771,4.0,0.7772,16.0
1753533297253,12:34:57.253,BNT/USDT:USDT,0.7767,91.0,0.7766,107.0,0.7771,4.0,0.7772,16.0
1753533297490,12:34:57.490,BNT/USDT:USDT,0.7768,104.0,0.7767,91.0,0.7771,4.0,0.7772,8.0
1753533297524,12:34:57.524,BNT/USDT:USDT,0.7769,88.0,0.7768,104.0,0.7771,4.0,0.7774,89.0
1753533297619,12:34:57.619,BNT/USDT:USDT,0.7769,88.0,0.7768,104.0,0.7773,4.0,0.7774,89.0
1753533297799,12:34:57.799,BNT/USDT:USDT,0.7769,88.0,0.7768,104.0,0.7773,4.0,0.7774,89.0
1753533297875,12:34:57.875,BNT/USDT:USDT,0.7769,88.0,0.7768,104.0,0.7773,12.0,0.7774,89.0
1753533298057,12:34:58.057,BNT/USDT:USDT,0.7769,88.0,0.7768,104.0,0.7773,12.0,0.7774,89.0
1753533299027,12:34:59.027,BNT/USDT:USDT,0.7769,88.0,0.7768,104.0,0.7773,12.0,0.7774,89.0
1753533299386,12:34:59.386,BNT/USDT:USDT,0.7769,88.0,0.7768,104.0,0.7773,12.0,0.7774,89.0
1753533299441,12:34:59.441,BNT/USDT:USDT,0.7769,88.0,0.7768,104.0,0.7773,12.0,0.7774,89.0
1753533299842,12:34:59.842,BNT/USDT:USDT,0.7769,88.0,0.7768,104.0,0.7773,100.0,0.7774,89.0
1753533300035,12:35:00.035,BNT/USDT:USDT,0.7769,88.0,0.7768,104.0,0.7773,100.0,0.7774,89.0
1753533300196,12:35:00.196,BNT/USDT:USDT,0.7769,88.0,0.7768,104.0,0.7773,108.0,0.7774,89.0
1753533300291,12:35:00.291,BNT/USDT:USDT,0.7769,88.0,0.7768,104.0,0.7772,88.0,0.7773,108.0
1753533300316,12:35:00.316,BNT/USDT:USDT,0.7769,88.0,0.7768,104.0,0.7772,88.0,0.7773,104.0
1753533300457,12:35:00.457,BNT/USDT:USDT,0.7768,104.0,0.7766,91.0,0.7772,88.0,0.7773,104.0
1753533300526,12:35:00.526,BNT/USDT:USDT,0.7768,96.0,0.7766,91.0,0.7771,20.0,0.7772,96.0
1753533300682,12:35:00.682,BNT/USDT:USDT,0.7768,96.0,0.7766,91.0,0.7771,16.0,0.7772,96.0
1753533300706,12:35:00.706,BNT/USDT:USDT,0.7768,96.0,0.7766,91.0,0.7771,16.0,0.7772,96.0
1753533301023,12:35:01.023,BNT/USDT:USDT,0.7768,96.0,0.7766,91.0,0.7771,16.0,0.7772,96.0
1753533301310,12:35:01.310,BNT/USDT:USDT,0.7768,96.0,0.7767,8.0,0.7771,16.0,0.7772,96.0
1753533301517,12:35:01.517,BNT/USDT:USDT,0.7768,96.0,0.7767,8.0,0.7771,16.0,0.7772,96.0
1753533301908,12:35:01.908,BNT/USDT:USDT,0.7768,96.0,0.7767,8.0,0.7771,16.0,0.7772,96.0
1753533303086,12:35:03.086,BNT/USDT:USDT,0.7769,96.0,0.7768,96.0,0.7774,89.0,0.7777,140.0
1753533303119,12:35:03.119,BNT/USDT:USDT,0.7769,96.0,0.7768,96.0,0.7773,4.0,0.7774,89.0
1753533303275,12:35:03.275,BNT/USDT:USDT,0.7769,96.0,0.7768,96.0,0.7773,12.0,0.7774,89.0
1753533303433,12:35:03.433,BNT/USDT:USDT,0.7769,96.0,0.7768,96.0,0.7773,20.0,0.7774,89.0
1753533303593,12:35:03.593,BNT/USDT:USDT,0.7769,96.0,0.7768,96.0,0.7773,108.0,0.7774,89.0
1753533303674,12:35:03.674,BNT/USDT:USDT,0.777,88.0,0.7769,96.0,0.7773,108.0,0.7774,89.0
1753533303718,12:35:03.718,BNT/USDT:USDT,0.777,88.0,0.7769,96.0,0.7773,104.0,0.7774,89.0
1753533303878,12:35:03.878,BNT/USDT:USDT,0.777,96.0,0.7769,96.0,0.7773,104.0,0.7774,89.0
1753533303991,12:35:03.991,BNT/USDT:USDT,0.777,96.0,0.7769,96.0,0.7773,104.0,0.7774,89.0
1753533304016,12:35:04.016,BNT/USDT:USDT,0.777,96.0,0.7769,96.0,0.7773,104.0,0.7774,89.0
1753533304444,12:35:04.444,BNT/USDT:USDT,0.777,96.0,0.7769,96.0,0.7773,104.0,0.7774,89.0
1753533304798,12:35:04.798,BNT/USDT:USDT,0.777,96.0,0.7769,96.0,0.7773,104.0,0.7774,89.0
1753533304951,12:35:04.951,BNT/USDT:USDT,0.777,96.0,0.7769,96.0,0.7773,104.0,0.7774,89.0
1753533305297,12:35:05.297,BNT/USDT:USDT,0.777,96.0,0.7769,96.0,0.7773,104.0,0.7774,89.0
1753533305730,12:35:05.730,BNT/USDT:USDT,0.777,96.0,0.7769,96.0,0.7773,104.0,0.7774,89.0
1753533306141,12:35:06.141,BNT/USDT:USDT,0.777,8.0,0.7769,96.0,0.7773,104.0,0.7774,89.0
1753533308691,12:35:08.691,BNT/USDT:USDT,0.777,8.0,0.7769,96.0,0.7773,104.0,0.7774,89.0
1753533309717,12:35:09.717,BNT/USDT:USDT,0.777,8.0,0.7769,96.0,0.7773,104.0,0.7774,89.0
1753533310089,12:35:10.089,BNT/USDT:USDT,0.777,8.0,0.7769,96.0,0.7773,104.0,0.7774,89.0
1753533310485,12:35:10.485,BNT/USDT:USDT,0.7769,96.0,0.7768,88.0,0.7773,104.0,0.7774,89.0
1753533310514,12:35:10.514,BNT/USDT:USDT,0.7769,104.0,0.7768,88.0,0.7772,4.0,0.7773,104.0
1753533310612,12:35:10.612,BNT/USDT:USDT,0.7769,104.0,0.7768,88.0,0.7772,93.0,0.7773,104.0
1753533310757,12:35:10.757,BNT/USDT:USDT,0.7769,104.0,0.7768,88.0,0.7772,89.0,0.7773,104.0
1753533311139,12:35:11.139,BNT/USDT:USDT,0.7769,104.0,0.7768,88.0,0.7772,89.0,0.7773,104.0
1753533311211,12:35:11.211,BNT/USDT:USDT,0.7769,104.0,0.7768,88.0,0.7772,89.0,0.7773,104.0
1753533312211,12:35:12.211,BNT/USDT:USDT,0.7769,104.0,0.7764,89.0,0.7772,89.0,0.7773,104.0
1753533312525,12:35:12.525,BNT/USDT:USDT,0.7764,89.0,0.7763,257.0,0.7772,89.0,0.7773,104.0
1753533312615,12:35:12.615,BNT/USDT:USDT,0.7764,89.0,0.7763,257.0,0.7771,4.0,0.7772,89.0
1753533312775,12:35:12.775,BNT/USDT:USDT,0.7764,89.0,0.7763,257.0,0.7771,4.0,0.7772,89.0
1753533313249,12:35:13.249,BNT/USDT:USDT,0.7764,89.0,0.7762,347.0,0.7771,4.0,0.7772,89.0
1753533313372,12:35:13.372,BNT/USDT:USDT,0.7764,89.0,0.7762,347.0,0.7771,93.0,0.7772,89.0
1753533313598,12:35:13.598,BNT/USDT:USDT,0.7764,89.0,0.7762,347.0,0.7771,93.0,0.7772,89.0
1753533314354,12:35:14.354,BNT/USDT:USDT,0.7764,89.0,0.7762,347.0,0.7771,93.0,0.7773,88.0
1753533315258,12:35:15.258,BNT/USDT:USDT,0.7764,89.0,0.7762,347.0,0.7771,93.0,0.7773,88.0
1753533316493,12:35:16.493,BNT/USDT:USDT,0.7764,89.0,0.7762,347.0,0.7771,93.0,0.7774,89.0
1753533316946,12:35:16.946,BNT/USDT:USDT,0.7765,89.0,0.7764,153.0,0.7771,4.0,0.7774,89.0
1753533317052,12:35:17.052,BNT/USDT:USDT,0.7767,89.0,0.7766,105.0,0.7772,105.0,0.7773,4.0
1753533317113,12:35:17.113,BNT/USDT:USDT,0.7767,89.0,0.7766,105.0,0.7771,4.0,0.7772,105.0
1753533317230,12:35:17.230,BNT/USDT:USDT,0.7767,89.0,0.7766,105.0,0.7771,4.0,0.7772,105.0
1753533318645,12:35:18.645,BNT/USDT:USDT,0.7767,89.0,0.7766,105.0,0.7771,4.0,0.7772,105.0
1753533318857,12:35:18.857,BNT/USDT:USDT,0.7767,89.0,0.7766,105.0,0.7771,4.0,0.7772,105.0
1753533325292,12:35:25.292,BNT/USDT:USDT,0.7767,89.0,0.7766,105.0,0.7771,4.0,0.7772,105.0
1753533326002,12:35:26.002,BNT/USDT:USDT,0.7767,194.0,0.7766,105.0,0.7771,92.0,0.7772,105.0
1753533326011,12:35:26.011,BNT/USDT:USDT,0.7768,88.0,0.7767,89.0,0.7771,4.0,0.7772,105.0
1753533326191,12:35:26.191,BNT/USDT:USDT,0.7768,104.0,0.7767,105.0,0.7771,4.0,0.7772,105.0
1753533326499,12:35:26.499,BNT/USDT:USDT,0.7768,104.0,0.7767,105.0,0.7771,4.0,0.7772,105.0
1753533327125,12:35:27.125,BNT/USDT:USDT,0.7768,104.0,0.7767,105.0,0.7771,92.0,0.7772,105.0
1753533327282,12:35:27.282,BNT/USDT:USDT,0.7768,104.0,0.7767,105.0,0.7771,88.0,0.7772,105.0
1753533332594,12:35:32.594,BNT/USDT:USDT,0.7769,91.0,0.7768,104.0,0.7772,105.0,0.7774,89.0
1753533333335,12:35:33.335,BNT/USDT:USDT,0.7769,91.0,0.7768,104.0,0.7772,105.0,0.7774,89.0
1753533333792,12:35:33.792,BNT/USDT:USDT,0.7769,91.0,0.7768,104.0,0.7772,105.0,0.7774,89.0
1753533335320,12:35:35.320,BNT/USDT:USDT,0.7769,91.0,0.7768,104.0,0.7772,105.0,0.7774,89.0
1753533336860,12:35:36.860,BNT/USDT:USDT,0.7769,91.0,0.7768,104.0,0.7772,105.0,0.7774,89.0
1753533337265,12:35:37.265,BNT/USDT:USDT,0.7769,91.0,0.7768,104.0,0.7772,105.0,0.7774,89.0
1753533337644,12:35:37.644,BNT/USDT:USDT,0.7768,104.0,0.7767,105.0,0.7772,105.0,0.7774,89.0
1753533337751,12:35:37.751,BNT/USDT:USDT,0.7768,104.0,0.7767,105.0,0.7771,4.0,0.7772,105.0
1753533338162,12:35:38.162,BNT/USDT:USDT,0.7768,104.0,0.7767,105.0,0.7771,4.0,0.7772,105.0
1753533338298,12:35:38.298,BNT/USDT:USDT,0.7769,92.0,0.7768,104.0,0.7771,4.0,0.7772,16.0
1753533338365,12:35:38.365,BNT/USDT:USDT,0.7769,92.0,0.7768,104.0,0.7771,4.0,0.7772,8.0
1753533338578,12:35:38.578,BNT/USDT:USDT,0.7769,92.0,0.7768,104.0,0.7771,4.0,0.7772,8.0
1753533338785,12:35:38.785,BNT/USDT:USDT,0.7769,92.0,0.7768,104.0,0.7771,4.0,0.7772,8.0
1753533338991,12:35:38.991,BNT/USDT:USDT,0.7769,92.0,0.7768,104.0,0.7771,4.0,0.7772,8.0
1753533339073,12:35:39.073,BNT/USDT:USDT,0.7769,92.0,0.7768,104.0,0.7771,4.0,0.7772,8.0
1753533340249,12:35:40.249,BNT/USDT:USDT,0.7769,92.0,0.7768,104.0,0.7771,4.0,0.7772,8.0
1753533340600,12:35:40.600,BNT/USDT:USDT,0.7769,92.0,0.7768,104.0,0.7771,4.0,0.7772,8.0
1753533347076,12:35:47.076,BNT/USDT:USDT,0.7768,104.0,0.7767,105.0,0.7771,4.0,0.7772,8.0
1753533347446,12:35:47.446,BNT/USDT:USDT,0.7768,104.0,0.7767,105.0,0.7771,4.0,0.7772,8.0
1753533347524,12:35:47.524,BNT/USDT:USDT,0.7768,104.0,0.7767,105.0,0.7771,4.0,0.7772,8.0
1753533347690,12:35:47.690,BNT/USDT:USDT,0.7768,104.0,0.7767,105.0,0.7771,101.0,0.7772,8.0
1753533347708,12:35:47.708,BNT/USDT:USDT,0.7768,104.0,0.7767,105.0,0.7771,97.0,0.7772,8.0
1753533347969,12:35:47.969,BNT/USDT:USDT,0.7768,104.0,0.7767,105.0,0.7771,97.0,0.7772,8.0
1753533348261,12:35:48.261,BNT/USDT:USDT,0.7768,104.0,0.7767,105.0,0.7771,8.0,0.7772,8.0
1753533348666,12:35:48.666,BNT/USDT:USDT,0.7768,104.0,0.7767,105.0,0.7771,8.0,0.7772,8.0
1753533348837,12:35:48.837,BNT/USDT:USDT,0.7768,104.0,0.7767,105.0,0.7771,8.0,0.7772,8.0
1753533350546,12:35:50.546,BNT/USDT:USDT,0.7769,89.0,0.7768,104.0,0.7771,8.0,0.7772,8.0
1753533350686,12:35:50.686,BNT/USDT:USDT,0.7769,89.0,0.7768,104.0,0.7772,8.0,0.7774,89.0
1753533351102,12:35:51.102,BNT/USDT:USDT,0.7769,89.0,0.7768,104.0,0.7772,8.0,0.7774,89.0
1753533351102,12:35:51.102,BNT/USDT:USDT,0.7769,89.0,0.7768,104.0,0.7772,8.0,0.7774,89.0
1753533352844,12:35:52.844,BNT/USDT:USDT,0.7769,89.0,0.7768,104.0,0.7772,8.0,0.7774,89.0
1753533352964,12:35:52.964,BNT/USDT:USDT,0.7769,89.0,0.7768,104.0,0.7772,8.0,0.7774,89.0
1753533353122,12:35:53.122,BNT/USDT:USDT,0.7769,89.0,0.7768,104.0,0.7772,8.0,0.7774,89.0
1753533353382,12:35:53.382,BNT/USDT:USDT,0.7769,89.0,0.7768,104.0,0.7772,8.0,0.7774,89.0
1753533353746,12:35:53.746,BNT/USDT:USDT,0.7769,89.0,0.7768,104.0,0.7772,8.0,0.7774,89.0
1753533354126,12:35:54.126,BNT/USDT:USDT,0.7769,89.0,0.7768,104.0,0.7772,8.0,0.7774,89.0
1753533354339,12:35:54.339,BNT/USDT:USDT,0.7769,89.0,0.7768,104.0,0.7772,8.0,0.7774,89.0
1753533358244,12:35:58.244,BNT/USDT:USDT,0.7769,89.0,0.7768,104.0,0.7772,8.0,0.7774,89.0
1753533358391,12:35:58.391,BNT/USDT:USDT,0.7769,89.0,0.7768,104.0,0.7772,8.0,0.7774,89.0
1753533360893,12:36:00.893,BNT/USDT:USDT,0.7769,89.0,0.7768,104.0,0.7774,89.0,0.7777,140.0
1753533360926,12:36:00.926,BNT/USDT:USDT,0.7769,89.0,0.7768,104.0,0.7773,12.0,0.7774,89.0
1753533361535,12:36:01.535,BNT/USDT:USDT,0.7769,89.0,0.7768,104.0,0.7773,12.0,0.7774,89.0
1753533361795,12:36:01.795,BNT/USDT:USDT,0.7769,89.0,0.7768,104.0,0.7773,12.0,0.7774,89.0
1753533361878,12:36:01.878,BNT/USDT:USDT,0.7769,89.0,0.7768,104.0,0.7773,12.0,0.7774,89.0
1753533361905,12:36:01.905,BNT/USDT:USDT,0.7769,89.0,0.7768,104.0,0.7773,12.0,0.7774,89.0
1753533362333,12:36:02.333,BNT/USDT:USDT,0.7769,89.0,0.7768,104.0,0.7773,12.0,0.7774,89.0
1753533362845,12:36:02.845,BNT/USDT:USDT,0.7769,89.0,0.7768,104.0,0.7773,12.0,0.7774,89.0
1753533363175,12:36:03.175,BNT/USDT:USDT,0.7769,89.0,0.7768,104.0,0.7773,12.0,0.7774,89.0
1753533363321,12:36:03.321,BNT/USDT:USDT,0.7769,89.0,0.7768,104.0,0.7773,12.0,0.7774,89.0
1753533363431,12:36:03.431,BNT/USDT:USDT,0.7769,89.0,0.7768,104.0,0.7773,20.0,0.7774,89.0
1753533363966,12:36:03.966,BNT/USDT:USDT,0.7769,89.0,0.7768,104.0,0.7773,20.0,0.7774,89.0
1753533364101,12:36:04.101,BNT/USDT:USDT,0.7769,165.0,0.7768,104.0,0.7773,20.0,0.7774,89.0
1753533364126,12:36:04.126,BNT/USDT:USDT,0.7771,90.0,0.777,106.0,0.7773,12.0,0.7775,90.0
1753533364212,12:36:04.212,BNT/USDT:USDT,0.7771,90.0,0.777,106.0,0.7775,90.0,0.7777,140.0
1753533364313,12:36:04.313,BNT/USDT:USDT,0.7771,90.0,0.777,106.0,0.7774,4.0,0.7775,90.0
1753533364826,12:36:04.826,BNT/USDT:USDT,0.7771,90.0,0.777,106.0,0.7774,12.0,0.7775,90.0
1753533364915,12:36:04.915,BNT/USDT:USDT,0.7771,90.0,0.777,106.0,0.7774,8.0,0.7775,90.0
1753533365301,12:36:05.301,BNT/USDT:USDT,0.7771,90.0,0.777,106.0,0.7774,8.0,0.7775,90.0
1753533365359,12:36:05.359,BNT/USDT:USDT,0.7771,90.0,0.777,106.0,0.7774,8.0,0.7775,90.0
1753533366107,12:36:06.107,BNT/USDT:USDT,0.7771,90.0,0.777,106.0,0.7774,8.0,0.7775,90.0
1753533366233,12:36:06.233,BNT/USDT:USDT,0.7771,90.0,0.777,106.0,0.7774,8.0,0.7775,90.0
1753533366421,12:36:06.421,BNT/USDT:USDT,0.7771,90.0,0.777,106.0,0.7774,8.0,0.7775,90.0
1753533366974,12:36:06.974,BNT/USDT:USDT,0.7771,90.0,0.777,106.0,0.7774,8.0,0.7775,90.0
1753533367029,12:36:07.029,BNT/USDT:USDT,0.7771,90.0,0.777,106.0,0.7774,8.0,0.7775,90.0
1753533367426,12:36:07.426,BNT/USDT:USDT,0.7771,90.0,0.777,106.0,0.7774,8.0,0.7775,90.0
1753533367755,12:36:07.755,BNT/USDT:USDT,0.7771,90.0,0.777,106.0,0.7774,8.0,0.7775,90.0
1753533368242,12:36:08.242,BNT/USDT:USDT,0.7771,90.0,0.777,106.0,0.7774,8.0,0.7775,90.0
1753533369048,12:36:09.048,BNT/USDT:USDT,0.7771,90.0,0.777,106.0,0.7776,89.0,0.7777,140.0
1753533369145,12:36:09.145,BNT/USDT:USDT,0.7771,90.0,0.777,106.0,0.7775,20.0,0.7776,89.0
1753533369245,12:36:09.245,BNT/USDT:USDT,0.7771,90.0,0.777,106.0,0.7775,20.0,0.7776,89.0
1753533369435,12:36:09.435,BNT/USDT:USDT,0.7771,90.0,0.777,106.0,0.7775,20.0,0.7776,89.0
1753533369740,12:36:09.740,BNT/USDT:USDT,0.7771,90.0,0.777,106.0,0.7775,20.0,0.7776,89.0
1753533369874,12:36:09.874,BNT/USDT:USDT,0.7771,90.0,0.777,106.0,0.7775,20.0,0.7776,89.0
1753533370085,12:36:10.085,BNT/USDT:USDT,0.7771,90.0,0.777,106.0,0.7775,20.0,0.7776,89.0
1753533370191,12:36:10.191,BNT/USDT:USDT,0.7772,97.0,0.7771,90.0,0.7775,20.0,0.7776,89.0
1753533370258,12:36:10.258,BNT/USDT:USDT,0.7772,97.0,0.7771,90.0,0.7775,16.0,0.7776,89.0
1753533370389,12:36:10.389,BNT/USDT:USDT,0.7772,97.0,0.7771,90.0,0.7775,16.0,0.7776,89.0
1753533370492,12:36:10.492,BNT/USDT:USDT,0.7772,97.0,0.7771,90.0,0.7775,16.0,0.7776,89.0
1753533370978,12:36:10.978,BNT/USDT:USDT,0.7772,97.0,0.7771,90.0,0.7775,16.0,0.7776,89.0
1753533371987,12:36:11.987,BNT/USDT:USDT,0.7772,97.0,0.7771,90.0,0.7775,16.0,0.7776,89.0
1753533372136,12:36:12.136,BNT/USDT:USDT,0.7772,97.0,0.7771,90.0,0.7775,16.0,0.7776,89.0
1753533372268,12:36:12.268,BNT/USDT:USDT,0.7772,97.0,0.7771,90.0,0.7775,16.0,0.7776,89.0
1753533372542,12:36:12.542,BNT/USDT:USDT,0.7772,97.0,0.7771,90.0,0.7775,16.0,0.7776,89.0
1753533372789,12:36:12.789,BNT/USDT:USDT,0.7772,97.0,0.7771,90.0,0.7775,16.0,0.7776,89.0
1753533375890,12:36:15.890,BNT/USDT:USDT,0.7772,105.0,0.7771,90.0,0.7775,16.0,0.7776,89.0
1753533375971,12:36:15.971,BNT/USDT:USDT,0.7773,89.0,0.7772,105.0,0.7775,8.0,0.7776,89.0
1753533376061,12:36:16.061,BNT/USDT:USDT,0.7773,89.0,0.7772,105.0,0.7775,8.0,0.7776,89.0
1753533376170,12:36:16.170,BNT/USDT:USDT,0.7773,89.0,0.7772,105.0,0.7775,8.0,0.7776,89.0
1753533376666,12:36:16.666,BNT/USDT:USDT,0.7773,89.0,0.7772,105.0,0.7775,8.0,0.7776,89.0
1753533376771,12:36:16.771,BNT/USDT:USDT,0.7773,89.0,0.7772,105.0,0.7775,8.0,0.7776,97.0
1753533376859,12:36:16.859,BNT/USDT:USDT,0.7773,89.0,0.7772,105.0,0.7775,8.0,0.7776,97.0
1753533377398,12:36:17.398,BNT/USDT:USDT,0.7773,89.0,0.7772,105.0,0.7775,8.0,0.7776,97.0
1753533377407,12:36:17.407,BNT/USDT:USDT,0.7773,89.0,0.7772,105.0,0.7775,8.0,0.7776,97.0
1753533377789,12:36:17.789,BNT/USDT:USDT,0.7773,89.0,0.7772,105.0,0.7775,8.0,0.7776,97.0
1753533379032,12:36:19.032,BNT/USDT:USDT,0.7773,89.0,0.7772,105.0,0.7775,8.0,0.7776,97.0
1753533379127,12:36:19.127,BNT/USDT:USDT,0.7773,89.0,0.7772,105.0,0.7775,8.0,0.7776,97.0
1753533379591,12:36:19.591,BNT/USDT:USDT,0.7773,89.0,0.7772,105.0,0.7775,8.0,0.7776,97.0
1753533379888,12:36:19.888,BNT/USDT:USDT,0.7773,89.0,0.7772,105.0,0.7775,8.0,0.7776,97.0
1753533380481,12:36:20.481,BNT/USDT:USDT,0.7772,105.0,0.7767,89.0,0.7775,8.0,0.7776,97.0
1753533380613,12:36:20.613,BNT/USDT:USDT,0.7772,105.0,0.7767,89.0,0.7775,8.0,0.7776,97.0
1753533380726,12:36:20.726,BNT/USDT:USDT,0.7773,88.0,0.7772,105.0,0.7775,8.0,0.7776,97.0
1753533380870,12:36:20.870,BNT/USDT:USDT,0.7773,88.0,0.7772,105.0,0.7775,8.0,0.7776,97.0
1753533381028,12:36:21.028,BNT/USDT:USDT,0.7773,88.0,0.7772,105.0,0.7775,8.0,0.7776,97.0
1753533381163,12:36:21.163,BNT/USDT:USDT,0.7773,88.0,0.7772,105.0,0.7775,8.0,0.7776,97.0
1753533381352,12:36:21.352,BNT/USDT:USDT,0.7773,88.0,0.7772,105.0,0.7775,8.0,0.7776,97.0
1753533381921,12:36:21.921,BNT/USDT:USDT,0.7773,88.0,0.7772,105.0,0.7775,8.0,0.7776,97.0
1753533382246,12:36:22.246,BNT/USDT:USDT,0.7773,88.0,0.7772,105.0,0.7775,8.0,0.7776,97.0
1753533384893,12:36:24.893,BNT/USDT:USDT,0.7773,88.0,0.7772,105.0,0.7775,8.0,0.7776,97.0
1753533385070,12:36:25.070,BNT/USDT:USDT,0.7773,88.0,0.7772,105.0,0.7775,8.0,0.7776,97.0
1753533385507,12:36:25.507,BNT/USDT:USDT,0.7773,88.0,0.7772,105.0,0.7775,8.0,0.7776,97.0
1753533386692,12:36:26.692,BNT/USDT:USDT,0.7773,88.0,0.7772,105.0,0.7775,8.0,0.7776,97.0
1753533386725,12:36:26.725,BNT/USDT:USDT,0.7773,88.0,0.7772,105.0,0.7775,8.0,0.7776,97.0
1753533387548,12:36:27.548,BNT/USDT:USDT,0.7773,88.0,0.7772,105.0,0.7775,8.0,0.7776,97.0
1753533387691,12:36:27.691,BNT/USDT:USDT,0.7773,88.0,0.7772,105.0,0.7775,8.0,0.7776,97.0
1753533388172,12:36:28.172,BNT/USDT:USDT,0.7773,88.0,0.7772,105.0,0.7775,8.0,0.7776,97.0
1753533388481,12:36:28.481,BNT/USDT:USDT,0.7772,105.0,0.7767,348.0,0.7775,8.0,0.7776,97.0
1753533388599,12:36:28.599,BNT/USDT:USDT,0.7772,105.0,0.7767,348.0,0.7775,8.0,0.7776,97.0
1753533388637,12:36:28.637,BNT/USDT:USDT,0.7772,105.0,0.7767,348.0,0.7775,8.0,0.7776,97.0
1753533389085,12:36:29.085,BNT/USDT:USDT,0.7772,105.0,0.7767,348.0,0.7775,8.0,0.7776,97.0
1753533389174,12:36:29.174,BNT/USDT:USDT,0.7773,90.0,0.7772,105.0,0.7775,8.0,0.7776,97.0
1753533389741,12:36:29.741,BNT/USDT:USDT,0.7773,90.0,0.7772,105.0,0.7775,8.0,0.7776,97.0
1753533391694,12:36:31.694,BNT/USDT:USDT,0.7772,105.0,0.7767,348.0,0.7775,8.0,0.7776,97.0
1753533394652,12:36:34.652,BNT/USDT:USDT,0.7772,105.0,0.7768,259.0,0.7775,8.0,0.7776,97.0
1753533395126,12:36:35.126,BNT/USDT:USDT,0.7772,105.0,0.7768,259.0,0.7775,8.0,0.7776,97.0
1753533395381,12:36:35.381,BNT/USDT:USDT,0.7772,105.0,0.7768,259.0,0.7775,8.0,0.7776,97.0
1753533395475,12:36:35.475,BNT/USDT:USDT,0.7772,105.0,0.7767,348.0,0.7775,8.0,0.7776,97.0
1753533396238,12:36:36.238,BNT/USDT:USDT,0.7772,89.0,0.7767,348.0,0.7775,98.0,0.7776,97.0
1753533397216,12:36:37.216,BNT/USDT:USDT,0.7772,89.0,0.7767,348.0,0.7775,98.0,0.7776,97.0
1753533397551,12:36:37.551,BNT/USDT:USDT,0.7772,89.0,0.7767,348.0,0.7775,98.0,0.7776,97.0
1753533397969,12:36:37.969,BNT/USDT:USDT,0.7772,89.0,0.7767,348.0,0.7775,98.0,0.7776,97.0
1753533399843,12:36:39.843,BNT/USDT:USDT,0.7771,92.0,0.7767,412.0,0.7775,98.0,0.7776,97.0
1753533399995,12:36:39.995,BNT/USDT:USDT,0.7771,92.0,0.7767,412.0,0.7774,12.0,0.7775,98.0
1753533400026,12:36:40.026,BNT/USDT:USDT,0.7771,164.0,0.7767,412.0,0.7774,8.0,0.7775,98.0
1753533400409,12:36:40.409,BNT/USDT:USDT,0.7771,164.0,0.7767,412.0,0.7774,8.0,0.7775,98.0
1753533400524,12:36:40.524,BNT/USDT:USDT,0.7771,164.0,0.7767,412.0,0.7774,8.0,0.7775,98.0
1753533400899,12:36:40.899,BNT/USDT:USDT,0.7771,164.0,0.7767,412.0,0.7774,8.0,0.7775,98.0
1753533401085,12:36:41.085,BNT/USDT:USDT,0.7772,92.0,0.7771,172.0,0.7774,8.0,0.7775,98.0
1753533401129,12:36:41.129,BNT/USDT:USDT,0.7772,92.0,0.7771,108.0,0.7774,8.0,0.7775,98.0
1753533401232,12:36:41.232,BNT/USDT:USDT,0.7772,92.0,0.7771,108.0,0.7774,8.0,0.7775,98.0
1753533401649,12:36:41.649,BNT/USDT:USDT,0.7772,92.0,0.7771,108.0,0.7774,8.0,0.7775,98.0
1753533403069,12:36:43.069,BNT/USDT:USDT,0.7772,92.0,0.7771,108.0,0.7774,8.0,0.7775,98.0
1753533403275,12:36:43.275,BNT/USDT:USDT,0.7772,92.0,0.7771,108.0,0.7774,8.0,0.7775,98.0
1753533403628,12:36:43.628,BNT/USDT:USDT,0.7772,92.0,0.7771,108.0,0.7774,8.0,0.7775,98.0
1753533405699,12:36:45.699,BNT/USDT:USDT,0.7771,108.0,0.7767,348.0,0.7774,8.0,0.7775,98.0
1753533405828,12:36:45.828,BNT/USDT:USDT,0.7771,108.0,0.7767,348.0,0.7774,8.0,0.7775,98.0
1753533406103,12:36:46.103,BNT/USDT:USDT,0.7771,108.0,0.7767,348.0,0.7774,8.0,0.7775,98.0
1753533406103,12:36:46.103,BNT/USDT:USDT,0.7771,108.0,0.7767,348.0,0.7774,8.0,0.7775,98.0
1753533406391,12:36:46.391,BNT/USDT:USDT,0.7771,108.0,0.7767,348.0,0.7774,8.0,0.7775,98.0
1753533406466,12:36:46.466,BNT/USDT:USDT,0.7771,172.0,0.7767,348.0,0.7774,8.0,0.7775,98.0
1753533406519,12:36:46.519,BNT/USDT:USDT,0.7771,172.0,0.7767,348.0,0.7774,8.0,0.7775,98.0
1753533406663,12:36:46.663,BNT/USDT:USDT,0.7771,172.0,0.7767,348.0,0.7774,8.0,0.7775,98.0
1753533407299,12:36:47.299,BNT/USDT:USDT,0.7771,275.0,0.7767,348.0,0.7774,8.0,0.7775,98.0
1753533407484,12:36:47.484,BNT/USDT:USDT,0.7771,275.0,0.7767,348.0,0.7774,8.0,0.7775,98.0
1753533407586,12:36:47.586,BNT/USDT:USDT,0.7771,211.0,0.7767,348.0,0.7774,8.0,0.7775,98.0
1753533407715,12:36:47.715,BNT/USDT:USDT,0.7771,211.0,0.7767,89.0,0.7774,8.0,0.7775,98.0
1753533408260,12:36:48.260,BNT/USDT:USDT,0.7771,211.0,0.7767,89.0,0.7774,8.0,0.7775,98.0
1753533409172,12:36:49.172,BNT/USDT:USDT,0.7771,211.0,0.7767,89.0,0.7774,8.0,0.7775,98.0
1753533409307,12:36:49.307,BNT/USDT:USDT,0.7771,211.0,0.7767,89.0,0.7774,8.0,0.7775,98.0
1753533409758,12:36:49.758,BNT/USDT:USDT,0.7771,211.0,0.7767,348.0,0.7774,8.0,0.7775,98.0
1753533411093,12:36:51.093,BNT/USDT:USDT,0.7771,211.0,0.7767,348.0,0.7774,8.0,0.7775,98.0
1753533411114,12:36:51.114,BNT/USDT:USDT,0.7772,91.0,0.7771,211.0,0.7774,8.0,0.7775,98.0
1753533412597,12:36:52.597,BNT/USDT:USDT,0.7772,91.0,0.7771,108.0,0.7774,8.0,0.7775,98.0
1753533417058,12:36:57.058,BNT/USDT:USDT,0.7772,91.0,0.7771,108.0,0.7774,8.0,0.7775,98.0
1753533417896,12:36:57.896,BNT/USDT:USDT,0.7772,91.0,0.7771,108.0,0.7774,8.0,0.7775,98.0
1753533417908,12:36:57.908,BNT/USDT:USDT,0.7772,91.0,0.7771,108.0,0.7774,8.0,0.7775,98.0
1753533419146,12:36:59.146,BNT/USDT:USDT,0.7772,91.0,0.7771,108.0,0.7774,8.0,0.7775,8.0
1753533419703,12:36:59.703,BNT/USDT:USDT,0.7772,91.0,0.7771,108.0,0.7774,8.0,0.7775,8.0
1753533420025,12:37:00.025,BNT/USDT:USDT,0.7772,91.0,0.7771,108.0,0.7775,8.0,0.7776,89.0
1753533420190,12:37:00.190,BNT/USDT:USDT,0.7772,91.0,0.7771,108.0,0.7775,8.0,0.7776,89.0
1753533420599,12:37:00.599,BNT/USDT:USDT,0.7772,91.0,0.7771,108.0,0.7775,8.0,0.7776,89.0
1753533420675,12:37:00.675,BNT/USDT:USDT,0.7772,91.0,0.7771,108.0,0.7775,8.0,0.7776,89.0
1753533420789,12:37:00.789,BNT/USDT:USDT,0.7772,91.0,0.7771,108.0,0.7775,8.0,0.7776,89.0
1753533421389,12:37:01.389,BNT/USDT:USDT,0.7772,91.0,0.7771,108.0,0.7775,8.0,0.7777,50.0
1753533421501,12:37:01.501,BNT/USDT:USDT,0.7772,91.0,0.7771,108.0,0.7777,50.0,0.7778,141.0
1753533421595,12:37:01.595,BNT/USDT:USDT,0.7772,91.0,0.7771,108.0,0.7776,4.0,0.7778,50.0
1753533421611,12:37:01.611,BNT/USDT:USDT,0.7772,91.0,0.7771,108.0,0.7777,4.0,0.7778,50.0
1753533421826,12:37:01.826,BNT/USDT:USDT,0.7772,91.0,0.7771,108.0,0.7777,4.0,0.7778,50.0
1753533422166,12:37:02.166,BNT/USDT:USDT,0.7772,91.0,0.7771,108.0,0.7777,4.0,0.7778,50.0
1753533422346,12:37:02.346,BNT/USDT:USDT,0.7774,87.0,0.7773,103.0,0.7777,4.0,0.7779,141.0
1753533422430,12:37:02.430,BNT/USDT:USDT,0.7774,87.0,0.7773,103.0,0.7778,20.0,0.7779,141.0
1753533422652,12:37:02.652,BNT/USDT:USDT,0.7774,87.0,0.7773,103.0,0.7778,20.0,0.7779,141.0
1753533422821,12:37:02.821,BNT/USDT:USDT,0.7774,87.0,0.7773,103.0,0.7778,20.0,0.7779,141.0
1753533423385,12:37:03.385,BNT/USDT:USDT,0.7774,87.0,0.7773,103.0,0.7778,20.0,0.7779,141.0
1753533423644,12:37:03.644,BNT/USDT:USDT,0.7774,87.0,0.7773,103.0,0.7778,20.0,0.7779,141.0
1753533423883,12:37:03.883,BNT/USDT:USDT,0.7774,87.0,0.7773,103.0,0.7778,20.0,0.7779,141.0
1753533424176,12:37:04.176,BNT/USDT:USDT,0.7774,87.0,0.7773,103.0,0.7778,107.0,0.7779,141.0
1753533424300,12:37:04.300,BNT/USDT:USDT,0.7774,87.0,0.7773,103.0,0.7778,107.0,0.7779,141.0
1753533424444,12:37:04.444,BNT/USDT:USDT,0.7774,87.0,0.7773,103.0,0.7778,20.0,0.7779,141.0
1753533424630,12:37:04.630,BNT/USDT:USDT,0.7774,87.0,0.7773,103.0,0.7778,20.0,0.7779,141.0
1753533424760,12:37:04.760,BNT/USDT:USDT,0.7774,87.0,0.7773,103.0,0.7778,20.0,0.7779,141.0
1753533425399,12:37:05.399,BNT/USDT:USDT,0.7774,87.0,0.7773,103.0,0.7778,20.0,0.7779,141.0
1753533425440,12:37:05.440,BNT/USDT:USDT,0.7774,87.0,0.7773,103.0,0.7778,20.0,0.7779,141.0
1753533425797,12:37:05.797,BNT/USDT:USDT,0.7775,95.0,0.7774,87.0,0.7778,20.0,0.7779,141.0
1753533425882,12:37:05.882,BNT/USDT:USDT,0.7775,95.0,0.7774,87.0,0.7778,16.0,0.7779,141.0
1753533426137,12:37:06.137,BNT/USDT:USDT,0.7776,87.0,0.7775,103.0,0.7779,50.0,0.778,89.0
1753533426281,12:37:06.281,BNT/USDT:USDT,0.7776,87.0,0.7775,103.0,0.7779,50.0,0.778,89.0
1753533426497,12:37:06.497,BNT/USDT:USDT,0.7776,87.0,0.7775,103.0,0.7779,50.0,0.778,89.0
1753533426608,12:37:06.608,BNT/USDT:USDT,0.7776,87.0,0.7775,103.0,0.7779,50.0,0.778,89.0
1753533426752,12:37:06.752,BNT/USDT:USDT,0.7776,87.0,0.7775,103.0,0.7779,50.0,0.778,89.0
1753533427744,12:37:07.744,BNT/USDT:USDT,0.7776,87.0,0.7775,103.0,0.7779,50.0,0.778,89.0
1753533427928,12:37:07.928,BNT/USDT:USDT,0.7776,87.0,0.7775,103.0,0.7779,50.0,0.778,89.0
1753533428600,12:37:08.600,BNT/USDT:USDT,0.7776,87.0,0.7775,103.0,0.7779,50.0,0.7786,90.0
1753533430037,12:37:10.037,BNT/USDT:USDT,0.7776,87.0,0.7775,103.0,0.7779,50.0,0.7786,90.0
1753533430151,12:37:10.151,BNT/USDT:USDT,0.7776,87.0,0.7775,103.0,0.7779,50.0,0.7786,90.0
1753533430368,12:37:10.368,BNT/USDT:USDT,0.7776,87.0,0.7775,103.0,0.7779,50.0,0.7786,90.0
1753533430746,12:37:10.746,BNT/USDT:USDT,0.7776,87.0,0.7775,103.0,0.7779,50.0,0.778,88.0
1753533430883,12:37:10.883,BNT/USDT:USDT,0.7776,87.0,0.7775,103.0,0.7779,50.0,0.778,88.0
1753533431134,12:37:11.134,BNT/USDT:USDT,0.7776,87.0,0.7775,103.0,0.7791,87.0,0.7793,50.0
1753533431297,12:37:11.297,BNT/USDT:USDT,0.7777,88.0,0.7776,87.0,0.7787,88.0,0.7788,90.0
1753533431389,12:37:11.389,BNT/USDT:USDT,0.7776,87.0,0.7775,87.0,0.7785,88.0,0.7786,4.0
1753533431425,12:37:11.425,BNT/USDT:USDT,0.7772,91.0,0.7771,351.0,0.7783,88.0,0.7784,4.0
1753533431601,12:37:11.601,BNT/USDT:USDT,0.7772,91.0,0.7771,351.0,0.7781,88.0,0.7782,4.0
1753533431614,12:37:11.614,BNT/USDT:USDT,0.7772,91.0,0.7771,351.0,0.778,4.0,0.7781,88.0
1753533431765,12:37:11.765,BNT/USDT:USDT,0.7772,91.0,0.7771,351.0,0.7779,88.0,0.778,4.0
1753533431813,12:37:11.813,BNT/USDT:USDT,0.7772,91.0,0.7771,351.0,0.7778,4.0,0.7779,88.0
1753533432098,12:37:12.098,BNT/USDT:USDT,0.7775,88.0,0.7774,160.0,0.7778,12.0,0.7779,88.0
1753533432171,12:37:12.171,BNT/USDT:USDT,0.7775,88.0,0.7774,160.0,0.7778,8.0,0.7779,88.0
1753533432455,12:37:12.455,BNT/USDT:USDT,0.7775,88.0,0.7774,160.0,0.7778,8.0,0.7779,88.0
1753533432541,12:37:12.541,BNT/USDT:USDT,0.7775,88.0,0.7774,160.0,0.7778,8.0,0.7779,88.0
1753533432891,12:37:12.891,BNT/USDT:USDT,0.7775,88.0,0.7774,160.0,0.7779,88.0,0.778,16.0
1753533432910,12:37:12.910,BNT/USDT:USDT,0.7775,88.0,0.7774,160.0,0.7778,4.0,0.7779,88.0
1753533433177,12:37:13.177,BNT/USDT:USDT,0.7775,88.0,0.7774,160.0,0.7778,4.0,0.7779,88.0
1753533433966,12:37:13.966,BNT/USDT:USDT,0.7775,88.0,0.7774,160.0,0.7778,4.0,0.7779,88.0
1753533434171,12:37:14.171,BNT/USDT:USDT,0.7775,88.0,0.7774,160.0,0.7778,4.0,0.7779,88.0
1753533435077,12:37:15.077,BNT/USDT:USDT,0.7775,88.0,0.7774,96.0,0.7778,4.0,0.7779,88.0
1753533435203,12:37:15.203,BNT/USDT:USDT,0.7775,88.0,0.7774,96.0,0.7778,4.0,0.7779,88.0
1753533435287,12:37:15.287,BNT/USDT:USDT,0.7776,88.0,0.7775,96.0,0.7778,4.0,0.778,8.0
1753533435312,12:37:15.312,BNT/USDT:USDT,0.7776,96.0,0.7775,96.0,0.7779,4.0,0.7785,88.0
1753533435426,12:37:15.426,BNT/USDT:USDT,0.7776,96.0,0.7775,96.0,0.7783,88.0,0.7784,4.0
1753533435531,12:37:15.531,BNT/USDT:USDT,0.7776,160.0,0.7775,96.0,0.7781,88.0,0.7782,20.0
1753533435629,12:37:15.629,BNT/USDT:USDT,0.7776,160.0,0.7775,96.0,0.778,12.0,0.7781,96.0
1753533435777,12:37:15.777,BNT/USDT:USDT,0.7776,160.0,0.7775,96.0,0.778,100.0,0.7781,96.0
1753533436124,12:37:16.124,BNT/USDT:USDT,0.7776,152.0,0.7775,96.0,0.778,100.0,0.7781,96.0
1753533436479,12:37:16.479,BNT/USDT:USDT,0.7776,88.0,0.7775,104.0,0.778,108.0,0.7781,104.0
1753533436536,12:37:16.536,BNT/USDT:USDT,0.7776,88.0,0.7775,104.0,0.778,108.0,0.7781,104.0
1753533437188,12:37:17.188,BNT/USDT:USDT,0.7776,88.0,0.7775,104.0,0.778,108.0,0.7781,104.0
1753533437208,12:37:17.208,BNT/USDT:USDT,0.7776,88.0,0.7775,104.0,0.778,108.0,0.7781,104.0
1753533439358,12:37:19.358,BNT/USDT:USDT,0.7776,88.0,0.7775,104.0,0.778,108.0,0.7781,104.0
1753533439484,12:37:19.484,BNT/USDT:USDT,0.7776,152.0,0.7775,104.0,0.778,108.0,0.7781,104.0
1753533439765,12:37:19.765,BNT/USDT:USDT,0.7776,152.0,0.7775,104.0,0.778,108.0,0.7781,104.0
1753533440116,12:37:20.116,BNT/USDT:USDT,0.7776,88.0,0.7775,104.0,0.778,108.0,0.7781,104.0
1753533440696,12:37:20.696,BNT/USDT:USDT,0.7777,90.0,0.7776,216.0,0.778,108.0,0.7781,104.0
1753533440728,12:37:20.728,BNT/USDT:USDT,0.7777,98.0,0.7776,88.0,0.7787,88.0,0.7788,90.0
1753533440899,12:37:20.899,BNT/USDT:USDT,0.7777,98.0,0.7776,88.0,0.7785,90.0,0.7786,4.0
1753533440991,12:37:20.991,BNT/USDT:USDT,0.7777,98.0,0.7776,88.0,0.7783,90.0,0.7784,4.0
1753533441025,12:37:21.025,BNT/USDT:USDT,0.7777,98.0,0.7776,88.0,0.7781,90.0,0.7782,20.0
1753533441165,12:37:21.165,BNT/USDT:USDT,0.7774,8.0,0.7772,91.0,0.778,110.0,0.7781,98.0
1753533441350,12:37:21.350,BNT/USDT:USDT,0.7775,90.0,0.7774,8.0,0.778,110.0,0.7781,98.0
1753533441421,12:37:21.421,BNT/USDT:USDT,0.7775,90.0,0.7774,8.0,0.778,110.0,0.7781,98.0
1753533441506,12:37:21.506,BNT/USDT:USDT,0.7775,90.0,0.7774,8.0,0.778,110.0,0.7781,98.0
1753533441986,12:37:21.986,BNT/USDT:USDT,0.7776,90.0,0.7775,98.0,0.778,110.0,0.7781,98.0
1753533442246,12:37:22.246,BNT/USDT:USDT,0.7776,90.0,0.7775,98.0,0.778,110.0,0.7781,98.0
1753533442340,12:37:22.340,BNT/USDT:USDT,0.7776,154.0,0.7775,98.0,0.778,110.0,0.7781,98.0
1753533443678,12:37:23.678,BNT/USDT:USDT,0.7776,154.0,0.7775,98.0,0.778,110.0,0.7781,98.0
1753533443919,12:37:23.919,BNT/USDT:USDT,0.7776,154.0,0.7775,98.0,0.778,110.0,0.7781,98.0
1753533444187,12:37:24.187,BNT/USDT:USDT,0.7776,218.0,0.7775,98.0,0.778,110.0,0.7781,98.0
1753533444334,12:37:24.334,BNT/USDT:USDT,0.7776,218.0,0.7775,98.0,0.778,110.0,0.7781,98.0
1753533445844,12:37:25.844,BNT/USDT:USDT,0.7776,218.0,0.7775,98.0,0.778,110.0,0.7781,98.0
1753533445950,12:37:25.950,BNT/USDT:USDT,0.7776,218.0,0.7775,98.0,0.778,110.0,0.7781,98.0
1753533446553,12:37:26.553,BNT/USDT:USDT,0.7776,226.0,0.7775,98.0,0.778,110.0,0.7781,98.0
1753533446766,12:37:26.766,BNT/USDT:USDT,0.7776,226.0,0.7775,98.0,0.7779,90.0,0.778,110.0
1753533446814,12:37:26.814,BNT/USDT:USDT,0.7776,154.0,0.7775,98.0,0.7779,90.0,0.778,106.0
1753533447000,12:37:27.000,BNT/USDT:USDT,0.7776,154.0,0.7775,98.0,0.778,106.0,0.7781,98.0
1753533447067,12:37:27.067,BNT/USDT:USDT,0.7777,90.0,0.7776,90.0,0.7779,4.0,0.778,8.0
1753533447195,12:37:27.195,BNT/USDT:USDT,0.7776,90.0,0.7775,106.0,0.7779,4.0,0.778,8.0
1753533447300,12:37:27.300,BNT/USDT:USDT,0.7776,218.0,0.7775,106.0,0.7779,4.0,0.778,8.0
1753533447324,12:37:27.324,BNT/USDT:USDT,0.7776,282.0,0.7775,106.0,0.7779,4.0,0.778,8.0
1753533447594,12:37:27.594,BNT/USDT:USDT,0.7776,282.0,0.7775,106.0,0.7779,4.0,0.778,8.0
1753533448097,12:37:28.097,BNT/USDT:USDT,0.7776,90.0,0.7775,106.0,0.7779,4.0,0.778,8.0
1753533448276,12:37:28.276,BNT/USDT:USDT,0.7776,282.0,0.7775,106.0,0.7779,4.0,0.778,8.0
1753533448374,12:37:28.374,BNT/USDT:USDT,0.7776,90.0,0.7775,106.0,0.7779,4.0,0.778,8.0
1753533448478,12:37:28.478,BNT/USDT:USDT,0.7776,282.0,0.7775,106.0,0.7779,4.0,0.778,8.0
1753533448900,12:37:28.900,BNT/USDT:USDT,0.7777,92.0,0.7776,282.0,0.7779,4.0,0.778,8.0
1753533448909,12:37:28.909,BNT/USDT:USDT,0.7777,92.0,0.7776,90.0,0.7779,4.0,0.7787,88.0
1753533449056,12:37:29.056,BNT/USDT:USDT,0.7775,90.0,0.7772,350.0,0.7785,92.0,0.7786,4.0
1753533449126,12:37:29.126,BNT/USDT:USDT,0.7775,90.0,0.7772,350.0,0.7783,92.0,0.7784,4.0
1753533449231,12:37:29.231,BNT/USDT:USDT,0.7775,90.0,0.7772,350.0,0.7781,92.0,0.7782,20.0
1753533449332,12:37:29.332,BNT/USDT:USDT,0.7776,92.0,0.7775,226.0,0.778,20.0,0.7781,92.0
1753533449658,12:37:29.658,BNT/USDT:USDT,0.7776,92.0,0.7775,226.0,0.778,20.0,0.7781,92.0
1753533449930,12:37:29.930,BNT/USDT:USDT,0.7776,92.0,0.7775,226.0,0.778,20.0,0.7781,92.0
1753533450186,12:37:30.186,BNT/USDT:USDT,0.7776,92.0,0.7775,226.0,0.778,20.0,0.7783,92.0
1753533450476,12:37:30.476,BNT/USDT:USDT,0.7776,92.0,0.7775,226.0,0.778,20.0,0.7783,92.0
1753533450697,12:37:30.697,BNT/USDT:USDT,0.7776,156.0,0.7775,234.0,0.778,20.0,0.7783,92.0
1753533450993,12:37:30.993,BNT/USDT:USDT,0.7777,92.0,0.7776,156.0,0.778,4.0,0.7782,16.0
1753533451025,12:37:31.025,BNT/USDT:USDT,0.7777,92.0,0.7776,156.0,0.7781,96.0,0.7782,16.0
1753533451293,12:37:31.293,BNT/USDT:USDT,0.7777,92.0,0.7776,156.0,0.7781,96.0,0.7782,16.0
1753533451707,12:37:31.707,BNT/USDT:USDT,0.7777,92.0,0.7776,156.0,0.7781,96.0,0.7782,16.0
1753533452085,12:37:32.085,BNT/USDT:USDT,0.7777,156.0,0.7776,156.0,0.7781,96.0,0.7782,16.0
1753533452352,12:37:32.352,BNT/USDT:USDT,0.7777,156.0,0.7776,156.0,0.7781,96.0,0.7782,16.0
1753533453192,12:37:33.192,BNT/USDT:USDT,0.7776,156.0,0.7775,106.0,0.7781,96.0,0.7782,16.0
1753533453269,12:37:33.269,BNT/USDT:USDT,0.7777,156.0,0.7776,92.0,0.7781,96.0,0.7782,16.0
1753533453441,12:37:33.441,BNT/USDT:USDT,0.7777,156.0,0.7776,92.0,0.7781,96.0,0.7782,16.0
1753533454046,12:37:34.046,BNT/USDT:USDT,0.7778,92.0,0.7777,108.0,0.7781,4.0,0.7782,16.0
1753533454308,12:37:34.308,BNT/USDT:USDT,0.7778,92.0,0.7777,108.0,0.7781,4.0,0.7782,16.0
1753533454526,12:37:34.526,BNT/USDT:USDT,0.7778,92.0,0.7777,108.0,0.7781,4.0,0.7782,16.0
1753533454932,12:37:34.932,BNT/USDT:USDT,0.7778,92.0,0.7777,108.0,0.7781,4.0,0.7782,16.0
1753533455266,12:37:35.266,BNT/USDT:USDT,0.7778,92.0,0.7777,108.0,0.7781,4.0,0.7782,16.0
1753533455387,12:37:35.387,BNT/USDT:USDT,0.7778,92.0,0.7777,108.0,0.7781,4.0,0.7782,16.0
1753533455494,12:37:35.494,BNT/USDT:USDT,0.7778,92.0,0.7777,108.0,0.7781,4.0,0.7782,16.0
1753533455597,12:37:35.597,BNT/USDT:USDT,0.7778,92.0,0.7777,108.0,0.7781,4.0,0.7782,16.0
1753533455669,12:37:35.669,BNT/USDT:USDT,0.7778,156.0,0.7777,108.0,0.7781,4.0,0.7782,8.0
1753533455782,12:37:35.782,BNT/USDT:USDT,0.7778,156.0,0.7777,108.0,0.7781,4.0,0.7782,8.0
1753533455899,12:37:35.899,BNT/USDT:USDT,0.7779,92.0,0.7778,156.0,0.7781,4.0,0.7787,88.0
1753533455972,12:37:35.972,BNT/USDT:USDT,0.7779,92.0,0.7778,92.0,0.7783,92.0,0.7784,100.0
1753533456066,12:37:36.066,BNT/USDT:USDT,0.7778,92.0,0.7777,100.0,0.7782,12.0,0.7783,108.0
1753533456289,12:37:36.289,BNT/USDT:USDT,0.7778,92.0,0.7777,100.0,0.7782,12.0,0.7783,108.0
1753533456327,12:37:36.327,BNT/USDT:USDT,0.7778,92.0,0.7777,100.0,0.7782,12.0,0.7783,108.0
1753533456682,12:37:36.682,BNT/USDT:USDT,0.7779,92.0,0.7778,100.0,0.7782,12.0,0.7783,108.0
1753533456734,12:37:36.734,BNT/USDT:USDT,0.7779,92.0,0.7778,100.0,0.7782,8.0,0.7783,108.0
1753533456803,12:37:36.803,BNT/USDT:USDT,0.7779,92.0,0.7778,100.0,0.7782,8.0,0.7783,108.0
1753533456980,12:37:36.980,BNT/USDT:USDT,0.7779,92.0,0.7778,100.0,0.7782,8.0,0.7783,108.0
1753533457646,12:37:37.646,BNT/USDT:USDT,0.7779,92.0,0.7778,100.0,0.7782,8.0,0.7783,108.0
1753533458359,12:37:38.359,BNT/USDT:USDT,0.7779,92.0,0.7778,100.0,0.7782,8.0,0.7783,108.0
1753533458827,12:37:38.827,BNT/USDT:USDT,0.7779,92.0,0.7778,100.0,0.7782,8.0,0.7783,108.0
1753533459335,12:37:39.335,BNT/USDT:USDT,0.7779,92.0,0.7778,100.0,0.7782,8.0,0.7783,108.0
1753533459843,12:37:39.843,BNT/USDT:USDT,0.7779,92.0,0.7778,100.0,0.7782,8.0,0.7783,108.0
1753533460974,12:37:40.974,BNT/USDT:USDT,0.7779,92.0,0.7778,100.0,0.7782,8.0,0.7783,108.0
1753533463126,12:37:43.126,BNT/USDT:USDT,0.7779,92.0,0.7778,100.0,0.7782,8.0,0.7783,108.0
1753533463420,12:37:43.420,BNT/USDT:USDT,0.7779,92.0,0.7778,100.0,0.7782,8.0,0.7783,108.0
1753533464459,12:37:44.459,BNT/USDT:USDT,0.7779,92.0,0.7778,100.0,0.7782,8.0,0.7783,108.0
1753533465291,12:37:45.291,BNT/USDT:USDT,0.7779,92.0,0.7778,100.0,0.7782,8.0,0.7783,108.0
1753533465457,12:37:45.457,BNT/USDT:USDT,0.7779,92.0,0.7778,100.0,0.7782,8.0,0.7783,108.0
1753533466713,12:37:46.713,BNT/USDT:USDT,0.7779,92.0,0.7778,100.0,0.7782,8.0,0.7783,108.0
1753533466964,12:37:46.964,BNT/USDT:USDT,0.7779,92.0,0.7778,100.0,0.7782,8.0,0.7783,108.0
1753533467443,12:37:47.443,BNT/USDT:USDT,0.7779,92.0,0.7778,100.0,0.7782,8.0,0.7783,108.0
1753533467986,12:37:47.986,BNT/USDT:USDT,0.7779,92.0,0.7778,100.0,0.7782,98.0,0.7783,108.0
1753533469086,12:37:49.086,BNT/USDT:USDT,0.7779,100.0,0.7778,108.0,0.7783,100.0,0.7787,88.0
1753533469109,12:37:49.109,BNT/USDT:USDT,0.7779,100.0,0.7778,108.0,0.7782,4.0,0.7783,100.0
1753533469587,12:37:49.587,BNT/USDT:USDT,0.7779,100.0,0.7778,108.0,0.7782,4.0,0.7783,100.0
1753533470282,12:37:50.282,BNT/USDT:USDT,0.7779,100.0,0.7778,108.0,0.7782,4.0,0.7783,100.0
1753533470445,12:37:50.445,BNT/USDT:USDT,0.778,98.0,0.7779,108.0,0.7782,4.0,0.7787,88.0
1753533470570,12:37:50.570,BNT/USDT:USDT,0.778,98.0,0.7779,108.0,0.7784,98.0,0.7785,98.0
1753533470663,12:37:50.663,BNT/USDT:USDT,0.778,98.0,0.7779,108.0,0.7783,4.0,0.7784,98.0
1753533471077,12:37:51.077,BNT/USDT:USDT,0.778,98.0,0.7779,108.0,0.7783,4.0,0.7784,98.0
1753533471488,12:37:51.488,BNT/USDT:USDT,0.778,98.0,0.7779,108.0,0.7783,4.0,0.7784,98.0
1753533471746,12:37:51.746,BNT/USDT:USDT,0.778,98.0,0.7779,108.0,0.7783,4.0,0.7784,98.0
1753533471968,12:37:51.968,BNT/USDT:USDT,0.778,98.0,0.7779,108.0,0.7783,4.0,0.7784,98.0
1753533473379,12:37:53.379,BNT/USDT:USDT,0.778,98.0,0.7779,108.0,0.7783,102.0,0.7784,106.0
1753533473409,12:37:53.409,BNT/USDT:USDT,0.778,98.0,0.7779,108.0,0.7783,98.0,0.7784,106.0
1753533473604,12:37:53.604,BNT/USDT:USDT,0.778,8.0,0.7779,108.0,0.7783,98.0,0.7784,106.0
1753533473725,12:37:53.725,BNT/USDT:USDT,0.778,8.0,0.7779,108.0,0.7783,98.0,0.7784,106.0
1753533473913,12:37:53.913,BNT/USDT:USDT,0.778,8.0,0.7779,108.0,0.7783,98.0,0.7784,106.0
1753533474021,12:37:54.021,BNT/USDT:USDT,0.778,8.0,0.7779,108.0,0.7783,98.0,0.7784,106.0
1753533474385,12:37:54.385,BNT/USDT:USDT,0.778,8.0,0.7779,108.0,0.7783,98.0,0.7784,106.0
1753533474408,12:37:54.408,BNT/USDT:USDT,0.778,8.0,0.7779,108.0,0.7783,98.0,0.7784,106.0
1753533474707,12:37:54.707,BNT/USDT:USDT,0.778,8.0,0.7779,108.0,0.7783,98.0,0.7784,106.0
1753533475416,12:37:55.416,BNT/USDT:USDT,0.778,8.0,0.7779,108.0,0.7783,98.0,0.7784,106.0
1753533476102,12:37:56.102,BNT/USDT:USDT,0.778,8.0,0.7779,108.0,0.7783,98.0,0.7784,106.0
1753533476327,12:37:56.327,BNT/USDT:USDT,0.778,8.0,0.7779,108.0,0.7783,98.0,0.7784,106.0
1753533476448,12:37:56.448,BNT/USDT:USDT,0.778,8.0,0.7779,108.0,0.7783,98.0,0.7784,106.0
1753533476738,12:37:56.738,BNT/USDT:USDT,0.778,8.0,0.7779,108.0,0.7783,98.0,0.7784,106.0
1753533476910,12:37:56.910,BNT/USDT:USDT,0.778,8.0,0.7779,108.0,0.7783,98.0,0.7784,106.0
1753533477040,12:37:57.040,BNT/USDT:USDT,0.778,8.0,0.7779,108.0,0.7783,98.0,0.7784,106.0
1753533477245,12:37:57.245,BNT/USDT:USDT,0.778,8.0,0.7779,108.0,0.7783,98.0,0.7784,106.0
1753533477435,12:37:57.435,BNT/USDT:USDT,0.778,8.0,0.7779,108.0,0.7783,98.0,0.7784,106.0
1753533477554,12:37:57.554,BNT/USDT:USDT,0.778,8.0,0.7779,108.0,0.7783,98.0,0.7784,106.0
1753533477973,12:37:57.973,BNT/USDT:USDT,0.778,8.0,0.7779,108.0,0.7783,98.0,0.7784,106.0
1753533478630,12:37:58.630,BNT/USDT:USDT,0.778,8.0,0.7779,108.0,0.7783,98.0,0.7784,106.0
1753533479594,12:37:59.594,BNT/USDT:USDT,0.778,8.0,0.7779,108.0,0.7783,98.0,0.7784,106.0
1753533479645,12:37:59.645,BNT/USDT:USDT,0.778,8.0,0.7779,108.0,0.7783,98.0,0.7784,106.0
1753533479924,12:37:59.924,BNT/USDT:USDT,0.778,8.0,0.7779,108.0,0.7783,98.0,0.7784,106.0
1753533480093,12:38:00.093,BNT/USDT:USDT,0.7778,92.0,0.7777,92.0,0.7782,100.0,0.7783,98.0
1753533480143,12:38:00.143,BNT/USDT:USDT,0.7778,92.0,0.7777,108.0,0.7781,12.0,0.7782,100.0
1753533480217,12:38:00.217,BNT/USDT:USDT,0.7778,92.0,0.7777,108.0,0.7781,8.0,0.7782,100.0
1753533480424,12:38:00.424,BNT/USDT:USDT,0.7778,92.0,0.7777,108.0,0.7781,8.0,0.7782,100.0
1753533481059,12:38:01.059,BNT/USDT:USDT,0.7778,92.0,0.7777,108.0,0.7781,8.0,0.7782,100.0
1753533481236,12:38:01.236,BNT/USDT:USDT,0.7778,92.0,0.7777,108.0,0.7781,8.0,0.7782,100.0
1753533481528,12:38:01.528,BNT/USDT:USDT,0.7778,92.0,0.7777,108.0,0.7781,8.0,0.7782,100.0
1753533482549,12:38:02.549,BNT/USDT:USDT,0.7778,92.0,0.7777,108.0,0.7781,8.0,0.7782,100.0
1753533482603,12:38:02.603,BNT/USDT:USDT,0.7778,92.0,0.7777,108.0,0.7781,8.0,0.7782,100.0
1753533483786,12:38:03.786,BNT/USDT:USDT,0.7777,108.0,0.7773,259.0,0.7781,100.0,0.7782,100.0
1753533483846,12:38:03.846,BNT/USDT:USDT,0.7777,92.0,0.7773,259.0,0.778,12.0,0.7781,100.0
1753533483939,12:38:03.939,BNT/USDT:USDT,0.7777,92.0,0.7773,259.0,0.778,8.0,0.7781,100.0
1753533484051,12:38:04.051,BNT/USDT:USDT,0.7777,92.0,0.7772,350.0,0.778,8.0,0.7781,100.0
1753533484199,12:38:04.199,BNT/USDT:USDT,0.7773,92.0,0.7772,350.0,0.7779,92.0,0.778,100.0
1753533484259,12:38:04.259,BNT/USDT:USDT,0.7773,92.0,0.7772,350.0,0.7778,4.0,0.7779,92.0
1753533484387,12:38:04.387,BNT/USDT:USDT,0.7773,92.0,0.7772,350.0,0.7778,4.0,0.7779,92.0
1753533484546,12:38:04.546,BNT/USDT:USDT,0.7773,92.0,0.7772,350.0,0.7778,4.0,0.7779,92.0
1753533484614,12:38:04.614,BNT/USDT:USDT,0.7774,92.0,0.7773,156.0,0.7778,4.0,0.7779,92.0
1753533484796,12:38:04.796,BNT/USDT:USDT,0.7774,92.0,0.7773,156.0,0.7778,4.0,0.7779,92.0
1753533484988,12:38:04.988,BNT/USDT:USDT,0.7773,92.0,0.7772,350.0,0.7778,112.0,0.7779,92.0
1753533485189,12:38:05.189,BNT/USDT:USDT,0.7772,91.0,0.7771,259.0,0.7778,112.0,0.7779,92.0
1753533485562,12:38:05.562,BNT/USDT:USDT,0.7772,91.0,0.7771,259.0,0.7777,92.0,0.7778,112.0
1753533485679,12:38:05.679,BNT/USDT:USDT,0.7772,91.0,0.7771,259.0,0.7776,12.0,0.7777,92.0
1753533485940,12:38:05.940,BNT/USDT:USDT,0.7772,91.0,0.7771,259.0,0.7776,12.0,0.7777,92.0
1753533486341,12:38:06.341,BNT/USDT:USDT,0.7772,91.0,0.7771,259.0,0.7776,12.0,0.7777,92.0
1753533486588,12:38:06.588,BNT/USDT:USDT,0.777,92.0,0.7769,680.0,0.7776,12.0,0.7777,92.0
1753533486885,12:38:06.885,BNT/USDT:USDT,0.777,92.0,0.7769,680.0,0.7776,12.0,0.7778,92.0
1753533486989,12:38:06.989,BNT/USDT:USDT,0.7773,100.0,0.7772,164.0,0.7776,4.0,0.7778,92.0
1753533487056,12:38:07.056,BNT/USDT:USDT,0.7773,164.0,0.7772,100.0,0.7777,4.0,0.7778,92.0
1753533487185,12:38:07.185,BNT/USDT:USDT,0.7774,92.0,0.7773,172.0,0.7777,4.0,0.7778,100.0
1753533487470,12:38:07.470,BNT/USDT:USDT,0.7774,176.0,0.7773,172.0,0.7777,4.0,0.7778,100.0
1753533487527,12:38:07.527,BNT/USDT:USDT,0.7774,218.0,0.7773,172.0,0.7777,4.0,0.7778,100.0
1753533488287,12:38:08.287,BNT/USDT:USDT,0.7774,218.0,0.7773,108.0,0.7777,4.0,0.7778,100.0
1753533488366,12:38:08.366,BNT/USDT:USDT,0.7774,218.0,0.7773,108.0,0.7777,4.0,0.7778,108.0
1753533488525,12:38:08.525,BNT/USDT:USDT,0.7774,218.0,0.7773,108.0,0.7777,4.0,0.7778,108.0
1753533488693,12:38:08.693,BNT/USDT:USDT,0.7774,218.0,0.7773,108.0,0.7777,4.0,0.7778,108.0
1753533488897,12:38:08.897,BNT/USDT:USDT,0.7774,282.0,0.7773,108.0,0.7777,4.0,0.7778,108.0
1753533488989,12:38:08.989,BNT/USDT:USDT,0.7774,474.0,0.7773,108.0,0.7777,4.0,0.7778,108.0
1753533489014,12:38:09.014,BNT/USDT:USDT,0.7774,218.0,0.7773,108.0,0.7777,4.0,0.7778,108.0
1753533489198,12:38:09.198,BNT/USDT:USDT,0.7774,282.0,0.7773,108.0,0.7777,4.0,0.7778,108.0
1753533489296,12:38:09.296,BNT/USDT:USDT,0.7774,218.0,0.7773,108.0,0.7777,4.0,0.7778,108.0
1753533489446,12:38:09.446,BNT/USDT:USDT,0.7774,218.0,0.7773,108.0,0.7777,4.0,0.7778,108.0
1753533489708,12:38:09.708,BNT/USDT:USDT,0.7774,218.0,0.7773,108.0,0.7777,4.0,0.7778,108.0
1753533489895,12:38:09.895,BNT/USDT:USDT,0.7774,218.0,0.7773,108.0,0.7777,4.0,0.7778,108.0
1753533491153,12:38:11.153,BNT/USDT:USDT,0.7774,218.0,0.7773,108.0,0.7777,4.0,0.7778,108.0
1753533493103,12:38:13.103,BNT/USDT:USDT,0.7774,218.0,0.7773,108.0,0.7777,4.0,0.7778,108.0
1753533493287,12:38:13.287,BNT/USDT:USDT,0.7774,218.0,0.7773,108.0,0.7777,4.0,0.7778,108.0
1753533493498,12:38:13.498,BNT/USDT:USDT,0.7774,218.0,0.7773,108.0,0.7777,4.0,0.7778,108.0
1753533493594,12:38:13.594,BNT/USDT:USDT,0.7774,282.0,0.7773,108.0,0.7777,4.0,0.7778,108.0
1753533493610,12:38:13.610,BNT/USDT:USDT,0.7774,282.0,0.7773,108.0,0.7777,4.0,0.7778,108.0
1753533493866,12:38:13.866,BNT/USDT:USDT,0.7774,282.0,0.7773,108.0,0.7777,4.0,0.7778,108.0
1753533494625,12:38:14.625,BNT/USDT:USDT,0.7774,282.0,0.7773,108.0,0.7777,4.0,0.7778,108.0
1753533495446,12:38:15.446,BNT/USDT:USDT,0.7774,282.0,0.7773,108.0,0.7777,4.0,0.7778,108.0
1753533495552,12:38:15.552,BNT/USDT:USDT,0.7774,218.0,0.7773,108.0,0.7777,4.0,0.7778,108.0
1753533495612,12:38:15.612,BNT/USDT:USDT,0.7774,218.0,0.7773,108.0,0.7777,4.0,0.7778,108.0
1753533495728,12:38:15.728,BNT/USDT:USDT,0.7774,218.0,0.7773,108.0,0.7777,4.0,0.7778,108.0
1753533495828,12:38:15.828,BNT/USDT:USDT,0.7774,218.0,0.7773,108.0,0.7777,4.0,0.7778,108.0
1753533496817,12:38:16.817,BNT/USDT:USDT,0.7774,218.0,0.7773,108.0,0.7777,4.0,0.7778,108.0
1753533497292,12:38:17.292,BNT/USDT:USDT,0.7774,126.0,0.7773,108.0,0.7777,94.0,0.7778,108.0
1753533497397,12:38:17.397,BNT/USDT:USDT,0.7773,108.0,0.7772,100.0,0.7777,90.0,0.7778,108.0
1753533497426,12:38:17.426,BNT/USDT:USDT,0.7773,108.0,0.7772,100.0,0.7776,4.0,0.7777,90.0
1753533497595,12:38:17.595,BNT/USDT:USDT,0.7773,108.0,0.7772,100.0,0.7776,12.0,0.7777,90.0
1753533497628,12:38:17.628,BNT/USDT:USDT,0.7773,108.0,0.7772,100.0,0.7776,8.0,0.7777,90.0
1753533497733,12:38:17.733,BNT/USDT:USDT,0.7773,108.0,0.7772,100.0,0.7776,8.0,0.7777,90.0
1753533497866,12:38:17.866,BNT/USDT:USDT,0.7773,108.0,0.7772,100.0,0.7776,8.0,0.7777,90.0
1753533498471,12:38:18.471,BNT/USDT:USDT,0.7773,108.0,0.7772,100.0,0.7776,8.0,0.7777,90.0
1753533499498,12:38:19.498,BNT/USDT:USDT,0.7773,16.0,0.7772,100.0,0.7776,8.0,0.7777,90.0
1753533499565,12:38:19.565,BNT/USDT:USDT,0.7773,16.0,0.7772,100.0,0.7776,8.0,0.7777,90.0
1753533499726,12:38:19.726,BNT/USDT:USDT,0.7773,16.0,0.7772,100.0,0.7776,8.0,0.7777,90.0
1753533500472,12:38:20.472,BNT/USDT:USDT,0.7773,8.0,0.7772,100.0,0.7776,16.0,0.7777,90.0
1753533500507,12:38:20.507,BNT/USDT:USDT,0.7773,98.0,0.7772,100.0,0.7776,16.0,0.7777,90.0
1753533500767,12:38:20.767,BNT/USDT:USDT,0.7773,98.0,0.7772,100.0,0.7776,16.0,0.7777,90.0
1753533501584,12:38:21.584,BNT/USDT:USDT,0.7773,98.0,0.7772,100.0,0.7776,16.0,0.7777,90.0
1753533501866,12:38:21.866,BNT/USDT:USDT,0.7773,98.0,0.7772,100.0,0.7776,16.0,0.7778,92.0
1753533502631,12:38:22.631,BNT/USDT:USDT,0.7773,106.0,0.7772,100.0,0.7776,16.0,0.7778,92.0
1753533502800,12:38:22.800,BNT/USDT:USDT,0.7773,106.0,0.7772,100.0,0.7776,16.0,0.7778,92.0
1753533504026,12:38:24.026,BNT/USDT:USDT,0.7773,106.0,0.7772,100.0,0.7782,92.0,0.7786,140.0
1753533504112,12:38:24.112,BNT/USDT:USDT,0.7773,106.0,0.7772,100.0,0.778,90.0,0.7781,4.0
1753533504244,12:38:24.244,BNT/USDT:USDT,0.7773,106.0,0.7772,100.0,0.7778,90.0,0.7779,12.0
1753533504312,12:38:24.312,BNT/USDT:USDT,0.7773,106.0,0.7772,100.0,0.7777,20.0,0.7778,90.0
1753533504422,12:38:24.422,BNT/USDT:USDT,0.7773,106.0,0.7772,100.0,0.7777,20.0,0.7778,90.0
1753533506188,12:38:26.188,BNT/USDT:USDT,0.7773,106.0,0.7772,100.0,0.7777,20.0,0.778,90.0
1753533506447,12:38:26.447,BNT/USDT:USDT,0.7773,106.0,0.7772,100.0,0.7777,20.0,0.778,90.0
1753533506585,12:38:26.585,BNT/USDT:USDT,0.7769,90.0,0.7768,259.0,0.7777,20.0,0.778,90.0
1753533506627,12:38:26.627,BNT/USDT:USDT,0.777,90.0,0.7769,123.0,0.7777,20.0,0.778,90.0
1753533507037,12:38:27.037,BNT/USDT:USDT,0.7771,90.0,0.777,154.0,0.7777,20.0,0.778,90.0
1753533507196,12:38:27.196,BNT/USDT:USDT,0.7773,97.0,0.7772,106.0,0.7777,12.0,0.778,90.0
1753533508345,12:38:28.345,BNT/USDT:USDT,0.7773,97.0,0.7772,106.0,0.7777,4.0,0.7782,92.0
1753533508469,12:38:28.469,BNT/USDT:USDT,0.7773,97.0,0.7772,106.0,0.778,89.0,0.7781,4.0
1753533508527,12:38:28.527,BNT/USDT:USDT,0.7773,97.0,0.7772,106.0,0.7778,97.0,0.7779,12.0
1753533508690,12:38:28.690,BNT/USDT:USDT,0.7773,97.0,0.7772,106.0,0.7777,12.0,0.7778,105.0
1753533510517,12:38:30.517,BNT/USDT:USDT,0.7773,97.0,0.7772,106.0,0.7777,12.0,0.7778,105.0
1753533511484,12:38:31.484,BNT/USDT:USDT,0.7773,97.0,0.7772,106.0,0.7777,101.0,0.7778,105.0
