timestamp,time,symbol,bid1_price,bid1_volume,bid2_price,bid2_volume,ask1_price,ask1_volume,ask2_price,ask2_volume
1753533019000,12:30:19.000,DEGEN/USDT:USDT,0.003698,393.0,0.003697,111.0,0.003702,109.0,0.003703,121.0
1753533020201,12:30:20.201,DEGEN/USDT:USDT,0.003698,393.0,0.003697,111.0,0.003702,109.0,0.003703,121.0
1753533021013,12:30:21.013,DEGEN/USDT:USDT,0.003698,393.0,0.003697,111.0,0.003702,109.0,0.003703,121.0
1753533024031,12:30:24.031,DEGEN/USDT:USDT,0.003697,111.0,0.003696,113.0,0.003702,109.0,0.003703,112.0
1753533024102,12:30:24.102,DEGEN/USDT:USDT,0.003697,111.0,0.003696,113.0,0.003703,112.0,0.003704,528.0
1753533027868,12:30:27.868,DEGEN/USDT:USDT,0.003697,111.0,0.003696,113.0,0.003703,112.0,0.003704,528.0
1753533028036,12:30:28.036,DEGEN/USDT:USDT,0.003697,111.0,0.003696,113.0,0.003702,109.0,0.003703,121.0
1753533028039,12:30:28.039,DEGEN/USDT:USDT,0.003697,111.0,0.003696,113.0,0.003702,109.0,0.003703,112.0
1753533028187,12:30:28.187,DEGEN/USDT:USDT,0.003697,111.0,0.003696,113.0,0.003703,112.0,0.003704,528.0
1753533029928,12:30:29.928,DEGEN/USDT:USDT,0.003699,112.0,0.003698,393.0,0.003703,112.0,0.003704,528.0
1753533030035,12:30:30.035,DEGEN/USDT:USDT,0.003699,112.0,0.003698,393.0,0.003703,112.0,0.003704,528.0
1753533030042,12:30:30.042,DEGEN/USDT:USDT,0.003699,112.0,0.003698,393.0,0.003703,112.0,0.003704,528.0
1753533031222,12:30:31.222,DEGEN/USDT:USDT,0.003699,112.0,0.003697,111.0,0.003703,112.0,0.003704,528.0
1753533031323,12:30:31.323,DEGEN/USDT:USDT,0.003698,393.0,0.003697,111.0,0.003703,112.0,0.003704,528.0
1753533032191,12:30:32.191,DEGEN/USDT:USDT,0.003699,112.0,0.003698,393.0,0.003703,112.0,0.003704,528.0
1753533033021,12:30:33.021,DEGEN/USDT:USDT,0.003699,112.0,0.003697,111.0,0.003703,112.0,0.003704,528.0
1753533033041,12:30:33.041,DEGEN/USDT:USDT,0.003697,111.0,0.003696,113.0,0.003703,112.0,0.003704,528.0
1753533033161,12:30:33.161,DEGEN/USDT:USDT,0.003697,111.0,0.003696,113.0,0.003702,112.0,0.003703,390.0
1753533033242,12:30:33.242,DEGEN/USDT:USDT,0.003697,111.0,0.003696,113.0,0.003702,390.0,0.003703,112.0
1753533033622,12:30:33.622,DEGEN/USDT:USDT,0.003698,393.0,0.003697,111.0,0.003702,390.0,0.003703,112.0
1753533033720,12:30:33.720,DEGEN/USDT:USDT,0.003697,111.0,0.003696,113.0,0.003701,112.0,0.003702,390.0
1753533034013,12:30:34.013,DEGEN/USDT:USDT,0.003697,111.0,0.003696,113.0,0.003701,390.0,0.003702,253.0
1753533034121,12:30:34.121,DEGEN/USDT:USDT,0.003697,111.0,0.003696,113.0,0.0037,112.0,0.003701,112.0
1753533034266,12:30:34.266,DEGEN/USDT:USDT,0.003697,111.0,0.003696,113.0,0.0037,112.0,0.003701,112.0
1753533034420,12:30:34.420,DEGEN/USDT:USDT,0.003697,111.0,0.003696,113.0,0.003701,121.0,0.003702,531.0
1753533034442,12:30:34.442,DEGEN/USDT:USDT,0.003697,111.0,0.003696,113.0,0.0037,112.0,0.003701,121.0
1753533034601,12:30:34.601,DEGEN/USDT:USDT,0.003697,111.0,0.003696,113.0,0.003701,121.0,0.003702,531.0
1753533034642,12:30:34.642,DEGEN/USDT:USDT,0.003697,111.0,0.003696,113.0,0.003701,121.0,0.003702,531.0
1753533035003,12:30:35.003,DEGEN/USDT:USDT,0.003697,111.0,0.003696,113.0,0.003701,121.0,0.003702,531.0
1753533035621,12:30:35.621,DEGEN/USDT:USDT,0.003697,111.0,0.003696,113.0,0.003701,121.0,0.003702,531.0
1753533035732,12:30:35.732,DEGEN/USDT:USDT,0.003697,111.0,0.003696,113.0,0.003701,121.0,0.003702,531.0
1753533035924,12:30:35.924,DEGEN/USDT:USDT,0.003697,111.0,0.003696,113.0,0.003701,121.0,0.003702,531.0
1753533036025,12:30:36.025,DEGEN/USDT:USDT,0.003697,111.0,0.003696,113.0,0.003701,121.0,0.003702,531.0
1753533036127,12:30:36.127,DEGEN/USDT:USDT,0.003697,111.0,0.003696,113.0,0.003701,121.0,0.003702,531.0
1753533036228,12:30:36.228,DEGEN/USDT:USDT,0.003697,111.0,0.003696,113.0,0.003701,121.0,0.003702,531.0
1753533036299,12:30:36.299,DEGEN/USDT:USDT,0.003697,111.0,0.003696,113.0,0.003701,121.0,0.003702,531.0
1753533036420,12:30:36.420,DEGEN/USDT:USDT,0.003697,111.0,0.003696,113.0,0.003701,121.0,0.003702,531.0
1753533036614,12:30:36.614,DEGEN/USDT:USDT,0.003697,111.0,0.003696,113.0,0.003701,121.0,0.003702,531.0
1753533037057,12:30:37.057,DEGEN/USDT:USDT,0.003697,111.0,0.003696,113.0,0.003701,121.0,0.003702,531.0
1753533037230,12:30:37.230,DEGEN/USDT:USDT,0.003697,111.0,0.003696,113.0,0.0037,112.0,0.003701,112.0
1753533037271,12:30:37.271,DEGEN/USDT:USDT,0.003697,111.0,0.003696,113.0,0.0037,112.0,0.003701,112.0
1753533037377,12:30:37.377,DEGEN/USDT:USDT,0.003697,111.0,0.003696,113.0,0.003701,112.0,0.003702,531.0
1753533037464,12:30:37.464,DEGEN/USDT:USDT,0.003697,111.0,0.003696,113.0,0.003701,112.0,0.003702,531.0
1753533038591,12:30:38.591,DEGEN/USDT:USDT,0.003697,111.0,0.003696,113.0,0.003701,112.0,0.003702,531.0
1753533041329,12:30:41.329,DEGEN/USDT:USDT,0.003697,109.0,0.003696,113.0,0.0037,109.0,0.003701,121.0
1753533041344,12:30:41.344,DEGEN/USDT:USDT,0.003697,109.0,0.003696,113.0,0.0037,109.0,0.003701,112.0
1753533041508,12:30:41.508,DEGEN/USDT:USDT,0.003697,109.0,0.003696,113.0,0.0037,109.0,0.003701,112.0
1753533041656,12:30:41.656,DEGEN/USDT:USDT,0.003697,109.0,0.003696,113.0,0.003701,112.0,0.003702,531.0
1753533041927,12:30:41.927,DEGEN/USDT:USDT,0.003697,109.0,0.003696,113.0,0.003701,112.0,0.003702,531.0
1753533042008,12:30:42.008,DEGEN/USDT:USDT,0.003697,109.0,0.003696,113.0,0.003701,112.0,0.003702,531.0
1753533043832,12:30:43.832,DEGEN/USDT:USDT,0.003696,113.0,0.003695,504.0,0.0037,109.0,0.003701,121.0
1753533043861,12:30:43.861,DEGEN/USDT:USDT,0.003696,113.0,0.003695,504.0,0.003699,109.0,0.0037,387.0
1753533044029,12:30:44.029,DEGEN/USDT:USDT,0.003696,113.0,0.003695,504.0,0.003699,109.0,0.0037,387.0
1753533044115,12:30:44.115,DEGEN/USDT:USDT,0.003697,109.0,0.003696,113.0,0.0037,387.0,0.003701,112.0
1753533044375,12:30:44.375,DEGEN/USDT:USDT,0.003697,109.0,0.003696,113.0,0.0037,387.0,0.003701,112.0
1753533045445,12:30:45.445,DEGEN/USDT:USDT,0.003696,113.0,0.003695,504.0,0.003699,109.0,0.0037,387.0
1753533046230,12:30:46.230,DEGEN/USDT:USDT,0.003696,113.0,0.003695,504.0,0.003699,109.0,0.0037,387.0
1753533046240,12:30:46.240,DEGEN/USDT:USDT,0.003696,113.0,0.003695,504.0,0.003699,109.0,0.0037,387.0
1753533047529,12:30:47.529,DEGEN/USDT:USDT,0.003696,113.0,0.003695,504.0,0.003699,109.0,0.0037,387.0
1753533047622,12:30:47.622,DEGEN/USDT:USDT,0.003696,113.0,0.003695,504.0,0.003699,109.0,0.0037,387.0
1753533048029,12:30:48.029,DEGEN/USDT:USDT,0.003696,113.0,0.003695,504.0,0.003699,109.0,0.0037,387.0
1753533050033,12:30:50.033,DEGEN/USDT:USDT,0.003697,109.0,0.003696,113.0,0.0037,387.0,0.003701,112.0
1753533050211,12:30:50.211,DEGEN/USDT:USDT,0.003696,113.0,0.003695,504.0,0.003699,109.0,0.0037,387.0
1753533050242,12:30:50.242,DEGEN/USDT:USDT,0.003696,113.0,0.003695,504.0,0.003699,109.0,0.0037,387.0
1753533050410,12:30:50.410,DEGEN/USDT:USDT,0.003696,113.0,0.003695,504.0,0.003699,109.0,0.0037,387.0
1753533050532,12:30:50.532,DEGEN/USDT:USDT,0.003696,113.0,0.003695,504.0,0.003699,109.0,0.0037,387.0
1753533050793,12:30:50.793,DEGEN/USDT:USDT,0.003696,113.0,0.003695,504.0,0.003699,109.0,0.0037,387.0
1753533051612,12:30:51.612,DEGEN/USDT:USDT,0.003696,113.0,0.003695,504.0,0.003699,109.0,0.0037,387.0
1753533051908,12:30:51.908,DEGEN/USDT:USDT,0.003696,113.0,0.003695,504.0,0.003699,109.0,0.0037,387.0
1753533052026,12:30:52.026,DEGEN/USDT:USDT,0.003696,113.0,0.003695,504.0,0.003699,109.0,0.0037,387.0
1753533052560,12:30:52.560,DEGEN/USDT:USDT,0.003697,109.0,0.003696,113.0,0.0037,387.0,0.003701,112.0
1753533052642,12:30:52.642,DEGEN/USDT:USDT,0.003697,109.0,0.003696,113.0,0.0037,387.0,0.003701,112.0
1753533053927,12:30:53.927,DEGEN/USDT:USDT,0.003696,113.0,0.003695,504.0,0.003699,109.0,0.0037,387.0
1753533054020,12:30:54.020,DEGEN/USDT:USDT,0.003696,113.0,0.003695,504.0,0.003699,387.0,0.0037,250.0
1753533055917,12:30:55.917,DEGEN/USDT:USDT,0.003696,113.0,0.003695,504.0,0.003699,387.0,0.0037,250.0
1753533058093,12:30:58.093,DEGEN/USDT:USDT,0.003696,113.0,0.003695,504.0,0.003699,387.0,0.0037,250.0
1753533059304,12:30:59.304,DEGEN/USDT:USDT,0.003696,113.0,0.003695,504.0,0.003699,387.0,0.0037,250.0
1753533059681,12:30:59.681,DEGEN/USDT:USDT,0.003696,113.0,0.003695,504.0,0.003699,387.0,0.0037,250.0
1753533060027,12:31:00.027,DEGEN/USDT:USDT,0.003696,2.0,0.003695,111.0,0.003698,113.0,0.003699,109.0
1753533060120,12:31:00.120,DEGEN/USDT:USDT,0.003696,2.0,0.003695,111.0,0.003699,109.0,0.0037,250.0
1753533060233,12:31:00.233,DEGEN/USDT:USDT,0.003696,2.0,0.003695,111.0,0.003698,113.0,0.003699,109.0
1753533060258,12:31:00.258,DEGEN/USDT:USDT,0.003696,2.0,0.003695,111.0,0.003698,113.0,0.003699,109.0
1753533060352,12:31:00.352,DEGEN/USDT:USDT,0.003696,2.0,0.003695,111.0,0.003699,109.0,0.0037,528.0
1753533060486,12:31:00.486,DEGEN/USDT:USDT,0.003696,2.0,0.003695,111.0,0.003699,109.0,0.0037,528.0
1753533060603,12:31:00.603,DEGEN/USDT:USDT,0.003696,2.0,0.003695,111.0,0.003699,109.0,0.0037,528.0
1753533061007,12:31:01.007,DEGEN/USDT:USDT,0.003696,2.0,0.003695,111.0,0.003699,109.0,0.0037,528.0
1753533061132,12:31:01.132,DEGEN/USDT:USDT,0.003696,2.0,0.003695,111.0,0.003699,109.0,0.0037,528.0
1753533061288,12:31:01.288,DEGEN/USDT:USDT,0.003696,115.0,0.003695,111.0,0.003699,109.0,0.0037,528.0
1753533061880,12:31:01.880,DEGEN/USDT:USDT,0.003696,115.0,0.003695,111.0,0.003699,109.0,0.0037,528.0
1753533062029,12:31:02.029,DEGEN/USDT:USDT,0.003696,115.0,0.003695,111.0,0.003699,109.0,0.0037,528.0
1753533062130,12:31:02.130,DEGEN/USDT:USDT,0.003696,115.0,0.003695,111.0,0.003699,109.0,0.0037,528.0
1753533062150,12:31:02.150,DEGEN/USDT:USDT,0.003696,115.0,0.003695,111.0,0.003699,109.0,0.0037,528.0
1753533063229,12:31:03.229,DEGEN/USDT:USDT,0.003696,115.0,0.003695,111.0,0.003699,109.0,0.0037,528.0
1753533064377,12:31:04.377,DEGEN/USDT:USDT,0.003697,113.0,0.003696,115.0,0.0037,528.0,0.003702,393.0
1753533065407,12:31:05.407,DEGEN/USDT:USDT,0.003697,113.0,0.003696,115.0,0.0037,528.0,0.003702,393.0
1753533065646,12:31:05.646,DEGEN/USDT:USDT,0.003697,113.0,0.003696,115.0,0.0037,528.0,0.003702,393.0
1753533067430,12:31:07.430,DEGEN/USDT:USDT,0.003697,113.0,0.003696,115.0,0.0037,419.0,0.003701,113.0
1753533068158,12:31:08.158,DEGEN/USDT:USDT,0.003697,113.0,0.003696,115.0,0.0037,419.0,0.003701,113.0
1753533069107,12:31:09.107,DEGEN/USDT:USDT,0.003697,113.0,0.003696,115.0,0.0037,419.0,0.003701,113.0
1753533069306,12:31:09.306,DEGEN/USDT:USDT,0.003697,113.0,0.003696,508.0,0.003701,278.0,0.003702,141.0
1753533069411,12:31:09.411,DEGEN/USDT:USDT,0.003697,113.0,0.003696,508.0,0.003702,278.0,0.003703,253.0
1753533070006,12:31:10.006,DEGEN/USDT:USDT,0.003697,113.0,0.003696,508.0,0.003702,278.0,0.003703,253.0
1753533071270,12:31:11.270,DEGEN/USDT:USDT,0.003697,113.0,0.003696,508.0,0.003701,111.0,0.003702,278.0
1753533072326,12:31:12.326,DEGEN/USDT:USDT,0.003697,113.0,0.003696,115.0,0.003701,246.0,0.003702,278.0
1753533072377,12:31:12.377,DEGEN/USDT:USDT,0.003697,113.0,0.003696,115.0,0.0037,111.0,0.003701,111.0
1753533072525,12:31:12.525,DEGEN/USDT:USDT,0.003697,113.0,0.003696,115.0,0.003701,111.0,0.003702,2438.0
1753533073022,12:31:13.022,DEGEN/USDT:USDT,0.003697,113.0,0.003696,115.0,0.003701,111.0,0.003702,2438.0
1753533073063,12:31:13.063,DEGEN/USDT:USDT,0.003697,113.0,0.003696,115.0,0.003701,111.0,0.003702,2438.0
1753533074561,12:31:14.561,DEGEN/USDT:USDT,0.003697,113.0,0.003696,115.0,0.003701,111.0,0.003702,2438.0
1753533075736,12:31:15.736,DEGEN/USDT:USDT,0.003697,113.0,0.003696,115.0,0.003701,129.0,0.003702,2438.0
1753533075767,12:31:15.767,DEGEN/USDT:USDT,0.003697,113.0,0.003696,115.0,0.0037,111.0,0.003701,530.0
1753533075842,12:31:15.842,DEGEN/USDT:USDT,0.003697,113.0,0.003696,115.0,0.0037,111.0,0.003701,530.0
1753533077998,12:31:17.998,DEGEN/USDT:USDT,0.003697,113.0,0.003696,115.0,0.003701,530.0,0.003703,112.0
1753533078092,12:31:18.092,DEGEN/USDT:USDT,0.003697,113.0,0.003696,115.0,0.0037,111.0,0.003701,530.0
1753533078670,12:31:18.670,DEGEN/USDT:USDT,0.003697,113.0,0.003696,115.0,0.003701,530.0,0.003703,112.0
1753533078742,12:31:18.742,DEGEN/USDT:USDT,0.003697,113.0,0.003696,115.0,0.003701,530.0,0.003703,112.0
1753533080972,12:31:20.972,DEGEN/USDT:USDT,0.003697,113.0,0.003696,115.0,0.0037,111.0,0.003701,530.0
1753533081718,12:31:21.718,DEGEN/USDT:USDT,0.003696,115.0,0.003695,504.0,0.0037,111.0,0.003701,530.0
1753533081786,12:31:21.786,DEGEN/USDT:USDT,0.003696,115.0,0.003695,504.0,0.0037,111.0,0.003701,530.0
1753533082225,12:31:22.225,DEGEN/USDT:USDT,0.003696,2.0,0.003695,504.0,0.003699,111.0,0.0037,389.0
1753533082301,12:31:22.301,DEGEN/USDT:USDT,0.003696,2.0,0.003695,111.0,0.003699,111.0,0.0037,389.0
1753533082823,12:31:22.823,DEGEN/USDT:USDT,0.003696,2.0,0.003695,111.0,0.003699,111.0,0.0037,389.0
1753533084821,12:31:24.821,DEGEN/USDT:USDT,0.003696,113.0,0.003695,504.0,0.003699,111.0,0.0037,389.0
1753533085267,12:31:25.267,DEGEN/USDT:USDT,0.003696,113.0,0.003695,504.0,0.003699,111.0,0.0037,389.0
1753533090368,12:31:30.368,DEGEN/USDT:USDT,0.003697,114.0,0.003696,113.0,0.0037,389.0,0.003701,252.0
1753533090442,12:31:30.442,DEGEN/USDT:USDT,0.003697,114.0,0.003696,113.0,0.0037,389.0,0.003701,252.0
1753533091427,12:31:31.427,DEGEN/USDT:USDT,0.003697,114.0,0.003696,113.0,0.003699,278.0,0.0037,111.0
1753533091442,12:31:31.442,DEGEN/USDT:USDT,0.003696,113.0,0.003695,504.0,0.0037,389.0,0.003701,252.0
1753533091543,12:31:31.543,DEGEN/USDT:USDT,0.003696,113.0,0.003695,504.0,0.0037,389.0,0.003701,252.0
1753533092097,12:31:32.097,DEGEN/USDT:USDT,0.003697,114.0,0.003696,113.0,0.0037,389.0,0.003701,252.0
1753533093630,12:31:33.630,DEGEN/USDT:USDT,0.003697,114.0,0.003696,113.0,0.0037,278.0,0.003701,252.0
1753533096232,12:31:36.232,DEGEN/USDT:USDT,0.003697,114.0,0.003696,113.0,0.003701,419.0,0.003703,112.0
1753533096287,12:31:36.287,DEGEN/USDT:USDT,0.003697,114.0,0.003696,113.0,0.003701,278.0,0.003702,141.0
1753533096387,12:31:36.387,DEGEN/USDT:USDT,0.003697,114.0,0.003696,113.0,0.003701,278.0,0.003702,141.0
1753533097008,12:31:37.008,DEGEN/USDT:USDT,0.003697,114.0,0.003696,113.0,0.003701,278.0,0.003702,141.0
1753533098011,12:31:38.011,DEGEN/USDT:USDT,0.003697,114.0,0.003696,113.0,0.003701,278.0,0.003702,141.0
1753533098277,12:31:38.277,DEGEN/USDT:USDT,0.003697,114.0,0.003696,113.0,0.003701,278.0,0.003702,141.0
1753533099004,12:31:39.004,DEGEN/USDT:USDT,0.003697,114.0,0.003696,113.0,0.003701,278.0,0.003702,141.0
1753533101247,12:31:41.247,DEGEN/USDT:USDT,0.003697,114.0,0.003696,113.0,0.003701,278.0,0.003702,141.0
1753533101615,12:31:41.615,DEGEN/USDT:USDT,0.003697,114.0,0.003696,113.0,0.003701,278.0,0.003702,141.0
1753533101671,12:31:41.671,DEGEN/USDT:USDT,0.003697,114.0,0.003696,113.0,0.003701,278.0,0.003702,141.0
1753533105206,12:31:45.206,DEGEN/USDT:USDT,0.003697,114.0,0.003696,113.0,0.003702,110.0,0.003703,390.0
1753533105262,12:31:45.262,DEGEN/USDT:USDT,0.003697,114.0,0.003696,113.0,0.003702,110.0,0.003703,390.0
1753533105430,12:31:45.430,DEGEN/USDT:USDT,0.003697,114.0,0.003696,113.0,0.003702,110.0,0.003703,390.0
1753533105515,12:31:45.515,DEGEN/USDT:USDT,0.003697,114.0,0.003696,113.0,0.003703,390.0,0.003704,250.0
1753533105679,12:31:45.679,DEGEN/USDT:USDT,0.003697,114.0,0.003696,113.0,0.003703,390.0,0.003704,250.0
1753533105987,12:31:45.987,DEGEN/USDT:USDT,0.003697,114.0,0.003696,113.0,0.003702,110.0,0.003703,390.0
1753533106526,12:31:46.526,DEGEN/USDT:USDT,0.003697,114.0,0.003696,113.0,0.003702,110.0,0.003703,390.0
1753533106617,12:31:46.617,DEGEN/USDT:USDT,0.003697,114.0,0.003696,113.0,0.003702,110.0,0.003703,390.0
1753533107013,12:31:47.013,DEGEN/USDT:USDT,0.003697,114.0,0.003696,113.0,0.003702,110.0,0.003703,390.0
1753533107509,12:31:47.509,DEGEN/USDT:USDT,0.003697,114.0,0.003696,113.0,0.003702,110.0,0.003703,390.0
1753533108131,12:31:48.131,DEGEN/USDT:USDT,0.003697,114.0,0.003696,113.0,0.003702,110.0,0.003703,390.0
1753533108212,12:31:48.212,DEGEN/USDT:USDT,0.003697,114.0,0.003696,113.0,0.003702,110.0,0.003703,390.0
1753533108737,12:31:48.737,DEGEN/USDT:USDT,0.003697,114.0,0.003696,113.0,0.003702,110.0,0.003703,390.0
1753533108746,12:31:48.746,DEGEN/USDT:USDT,0.003697,114.0,0.003696,113.0,0.003702,110.0,0.003703,390.0
1753533110510,12:31:50.510,DEGEN/USDT:USDT,0.003697,114.0,0.003696,113.0,0.003702,110.0,0.003703,390.0
1753533111306,12:31:51.306,DEGEN/USDT:USDT,0.003697,114.0,0.003696,113.0,0.003702,110.0,0.003703,390.0
1753533112311,12:31:52.311,DEGEN/USDT:USDT,0.003697,114.0,0.003696,113.0,0.003702,119.0,0.003703,390.0
1753533114330,12:31:54.330,DEGEN/USDT:USDT,0.003697,114.0,0.003696,113.0,0.003702,397.0,0.003703,112.0
1753533114351,12:31:54.351,DEGEN/USDT:USDT,0.003697,114.0,0.003696,113.0,0.003702,397.0,0.003703,112.0
1753533115425,12:31:55.425,DEGEN/USDT:USDT,0.003697,114.0,0.003696,113.0,0.003701,113.0,0.003702,397.0
1753533115461,12:31:55.461,DEGEN/USDT:USDT,0.003697,114.0,0.003696,113.0,0.003701,122.0,0.003702,388.0
1753533115562,12:31:55.562,DEGEN/USDT:USDT,0.003697,114.0,0.003696,113.0,0.003701,122.0,0.003702,388.0
1753533115653,12:31:55.653,DEGEN/USDT:USDT,0.003697,114.0,0.003696,113.0,0.003701,122.0,0.003702,388.0
1753533119123,12:31:59.123,DEGEN/USDT:USDT,0.003697,114.0,0.003696,113.0,0.003701,400.0,0.003702,251.0
1753533119194,12:31:59.194,DEGEN/USDT:USDT,0.003697,114.0,0.003696,113.0,0.003701,400.0,0.003702,251.0
1753533119511,12:31:59.511,DEGEN/USDT:USDT,0.003697,114.0,0.003696,113.0,0.0037,113.0,0.003701,400.0
1753533119629,12:31:59.629,DEGEN/USDT:USDT,0.003697,114.0,0.003696,113.0,0.0037,113.0,0.003701,391.0
1753533119805,12:31:59.805,DEGEN/USDT:USDT,0.003697,114.0,0.003696,113.0,0.003701,391.0,0.003702,251.0
1753533119880,12:31:59.880,DEGEN/USDT:USDT,0.003697,114.0,0.003696,113.0,0.003701,391.0,0.003702,251.0
1753533120066,12:32:00.066,DEGEN/USDT:USDT,0.003697,114.0,0.003696,113.0,0.003701,391.0,0.003702,251.0
1753533120507,12:32:00.507,DEGEN/USDT:USDT,0.003697,114.0,0.003696,113.0,0.0037,121.0,0.003701,391.0
1753533120553,12:32:00.553,DEGEN/USDT:USDT,0.003697,114.0,0.003696,113.0,0.0037,121.0,0.003701,391.0
1753533120922,12:32:00.922,DEGEN/USDT:USDT,0.003697,114.0,0.003696,113.0,0.0037,9.0,0.003701,391.0
1753533121521,12:32:01.521,DEGEN/USDT:USDT,0.003697,114.0,0.003696,113.0,0.0037,121.0,0.003701,391.0
1753533121749,12:32:01.749,DEGEN/USDT:USDT,0.003697,114.0,0.003696,113.0,0.0037,121.0,0.003701,391.0
1753533122404,12:32:02.404,DEGEN/USDT:USDT,0.003697,114.0,0.003696,113.0,0.0037,399.0,0.003701,113.0
1753533122509,12:32:02.509,DEGEN/USDT:USDT,0.003697,114.0,0.003696,113.0,0.0037,121.0,0.003701,391.0
1753533122928,12:32:02.928,DEGEN/USDT:USDT,0.003697,114.0,0.003696,113.0,0.0037,121.0,0.003701,391.0
1753533123004,12:32:03.004,DEGEN/USDT:USDT,0.003697,114.0,0.003696,113.0,0.0037,121.0,0.003701,391.0
1753533124327,12:32:04.327,DEGEN/USDT:USDT,0.003697,114.0,0.003696,113.0,0.0037,121.0,0.003701,391.0
1753533124341,12:32:04.341,DEGEN/USDT:USDT,0.003697,114.0,0.003696,113.0,0.0037,121.0,0.003701,391.0
1753533128025,12:32:08.025,DEGEN/USDT:USDT,0.003697,114.0,0.003696,113.0,0.0037,121.0,0.003701,391.0
1753533128628,12:32:08.628,DEGEN/USDT:USDT,0.003696,113.0,0.003695,504.0,0.003699,112.0,0.0037,121.0
1753533128716,12:32:08.716,DEGEN/USDT:USDT,0.003696,113.0,0.003695,504.0,0.003699,390.0,0.0037,262.0
1753533128779,12:32:08.779,DEGEN/USDT:USDT,0.003696,113.0,0.003695,504.0,0.003699,390.0,0.0037,262.0
1753533128888,12:32:08.888,DEGEN/USDT:USDT,0.003696,113.0,0.003695,504.0,0.003699,390.0,0.0037,262.0
1753533128989,12:32:08.989,DEGEN/USDT:USDT,0.003696,113.0,0.003695,504.0,0.003699,390.0,0.0037,262.0
1753533129040,12:32:09.040,DEGEN/USDT:USDT,0.003696,113.0,0.003695,504.0,0.003699,390.0,0.0037,262.0
1753533129297,12:32:09.297,DEGEN/USDT:USDT,0.003696,113.0,0.003695,504.0,0.003699,390.0,0.0037,262.0
1753533129407,12:32:09.407,DEGEN/USDT:USDT,0.003696,113.0,0.003695,504.0,0.003699,390.0,0.0037,262.0
1753533131444,12:32:11.444,DEGEN/USDT:USDT,0.003696,113.0,0.003695,504.0,0.003699,390.0,0.0037,262.0
1753533131843,12:32:11.843,DEGEN/USDT:USDT,0.003696,113.0,0.003695,504.0,0.003699,390.0,0.0037,253.0
1753533133628,12:32:13.628,DEGEN/USDT:USDT,0.003696,113.0,0.003695,504.0,0.003699,390.0,0.0037,253.0
1753533137500,12:32:17.500,DEGEN/USDT:USDT,0.003696,113.0,0.003695,504.0,0.003699,390.0,0.0037,253.0
1753533137653,12:32:17.653,DEGEN/USDT:USDT,0.003696,113.0,0.003695,504.0,0.003699,390.0,0.0037,253.0
1753533138020,12:32:18.020,DEGEN/USDT:USDT,0.003696,113.0,0.003695,504.0,0.003699,390.0,0.0037,253.0
1753533143291,12:32:23.291,DEGEN/USDT:USDT,0.003696,113.0,0.003695,504.0,0.003699,390.0,0.0037,253.0
1753533148423,12:32:28.423,DEGEN/USDT:USDT,0.003696,2.0,0.003695,504.0,0.003698,111.0,0.003699,390.0
1753533148505,12:32:28.505,DEGEN/USDT:USDT,0.003696,2.0,0.003695,111.0,0.003698,111.0,0.003699,390.0
1753533148588,12:32:28.588,DEGEN/USDT:USDT,0.003696,2.0,0.003695,111.0,0.003698,111.0,0.003699,390.0
1753533148722,12:32:28.722,DEGEN/USDT:USDT,0.003696,2.0,0.003695,111.0,0.003698,111.0,0.003699,390.0
1753533149536,12:32:29.536,DEGEN/USDT:USDT,0.003696,2.0,0.003695,111.0,0.003698,120.0,0.003699,390.0
1753533149945,12:32:29.945,DEGEN/USDT:USDT,0.003696,2.0,0.003695,111.0,0.003698,120.0,0.003699,390.0
1753533150371,12:32:30.371,DEGEN/USDT:USDT,0.003696,2.0,0.003695,111.0,0.003698,120.0,0.003699,390.0
1753533151846,12:32:31.846,DEGEN/USDT:USDT,0.003696,2.0,0.003695,111.0,0.003698,120.0,0.003699,390.0
1753533151980,12:32:31.980,DEGEN/USDT:USDT,0.003696,2.0,0.003695,111.0,0.003698,120.0,0.003699,390.0
1753533153608,12:32:33.608,DEGEN/USDT:USDT,0.003696,2.0,0.003695,111.0,0.003698,120.0,0.003699,390.0
1753533154332,12:32:34.332,DEGEN/USDT:USDT,0.003696,2.0,0.003693,1472.0,0.003697,110.0,0.003698,398.0
1753533154392,12:32:34.392,DEGEN/USDT:USDT,0.003696,2.0,0.003693,1472.0,0.003697,110.0,0.003698,389.0
1753533154482,12:32:34.482,DEGEN/USDT:USDT,0.003696,2.0,0.003693,1472.0,0.003697,110.0,0.003698,389.0
1753533155006,12:32:35.006,DEGEN/USDT:USDT,0.003696,2.0,0.003693,1472.0,0.003697,110.0,0.003698,389.0
1753533155196,12:32:35.196,DEGEN/USDT:USDT,0.003696,2.0,0.003693,1472.0,0.003697,110.0,0.003698,389.0
1753533155252,12:32:35.252,DEGEN/USDT:USDT,0.003696,2.0,0.003693,1472.0,0.003697,110.0,0.003698,389.0
1753533156412,12:32:36.412,DEGEN/USDT:USDT,0.003696,2.0,0.003693,1472.0,0.003698,389.0,0.003699,112.0
1753533156827,12:32:36.827,DEGEN/USDT:USDT,0.003696,2.0,0.003693,1472.0,0.003698,389.0,0.003699,112.0
1753533157231,12:32:37.231,DEGEN/USDT:USDT,0.003696,2.0,0.003693,1472.0,0.003698,389.0,0.003699,112.0
1753533157332,12:32:37.332,DEGEN/USDT:USDT,0.003696,2.0,0.003693,1472.0,0.003698,389.0,0.003699,112.0
1753533157423,12:32:37.423,DEGEN/USDT:USDT,0.003696,2.0,0.003693,1472.0,0.003698,389.0,0.003699,112.0
1753533157454,12:32:37.454,DEGEN/USDT:USDT,0.003696,2.0,0.003693,1472.0,0.003698,389.0,0.003699,112.0
1753533158013,12:32:38.013,DEGEN/USDT:USDT,0.003696,2.0,0.003693,1472.0,0.003698,389.0,0.003699,112.0
1753533158233,12:32:38.233,DEGEN/USDT:USDT,0.003696,2.0,0.003693,1472.0,0.003698,389.0,0.003699,112.0
1753533158247,12:32:38.247,DEGEN/USDT:USDT,0.003696,2.0,0.003693,1472.0,0.003698,389.0,0.003699,112.0
1753533159035,12:32:39.035,DEGEN/USDT:USDT,0.003696,2.0,0.003693,1472.0,0.003698,389.0,0.003699,112.0
1753533159613,12:32:39.613,DEGEN/USDT:USDT,0.003696,2.0,0.003693,1472.0,0.003698,389.0,0.003699,112.0
1753533159643,12:32:39.643,DEGEN/USDT:USDT,0.003696,2.0,0.003693,1472.0,0.003698,389.0,0.003699,112.0
1753533160005,12:32:40.005,DEGEN/USDT:USDT,0.003696,2.0,0.003693,1472.0,0.003698,389.0,0.003699,112.0
1753533160113,12:32:40.113,DEGEN/USDT:USDT,0.003696,2.0,0.003693,1472.0,0.003698,389.0,0.003699,112.0
1753533160199,12:32:40.199,DEGEN/USDT:USDT,0.003696,2.0,0.003693,1472.0,0.003698,389.0,0.003699,112.0
1753533160669,12:32:40.669,DEGEN/USDT:USDT,0.003696,2.0,0.003693,1472.0,0.003698,389.0,0.003699,112.0
1753533161009,12:32:41.009,DEGEN/USDT:USDT,0.003696,2.0,0.003693,1472.0,0.003698,389.0,0.003699,112.0
1753533161300,12:32:41.300,DEGEN/USDT:USDT,0.003696,2.0,0.003693,1472.0,0.003698,389.0,0.003699,112.0
1753533162238,12:32:42.238,DEGEN/USDT:USDT,0.003696,2.0,0.003693,1472.0,0.003697,113.0,0.003698,389.0
1753533162470,12:32:42.470,DEGEN/USDT:USDT,0.003696,2.0,0.003693,1472.0,0.003697,113.0,0.003698,389.0
1753533162883,12:32:42.883,DEGEN/USDT:USDT,0.003696,2.0,0.003693,1472.0,0.003697,113.0,0.003698,389.0
1753533163383,12:32:43.383,DEGEN/USDT:USDT,0.003696,2.0,0.003693,1472.0,0.003697,113.0,0.003698,389.0
1753533163466,12:32:43.466,DEGEN/USDT:USDT,0.003696,2.0,0.003693,1472.0,0.003697,122.0,0.003698,389.0
1753533165332,12:32:45.332,DEGEN/USDT:USDT,0.003696,2.0,0.003693,1472.0,0.003697,122.0,0.003698,389.0
1753533165620,12:32:45.620,DEGEN/USDT:USDT,0.003696,2.0,0.003693,1472.0,0.003698,389.0,0.003699,112.0
1753533165708,12:32:45.708,DEGEN/USDT:USDT,0.003696,2.0,0.003693,1472.0,0.003698,389.0,0.003699,112.0
1753533165808,12:32:45.808,DEGEN/USDT:USDT,0.003696,2.0,0.003693,1472.0,0.003698,389.0,0.003699,112.0
1753533166093,12:32:46.093,DEGEN/USDT:USDT,0.003696,2.0,0.003693,1472.0,0.003698,389.0,0.003699,112.0
1753533167798,12:32:47.798,DEGEN/USDT:USDT,0.003696,2.0,0.003693,1472.0,0.003698,389.0,0.003699,112.0
1753533167935,12:32:47.935,DEGEN/USDT:USDT,0.003696,2.0,0.003693,1472.0,0.003698,389.0,0.003699,112.0
1753533168131,12:32:48.131,DEGEN/USDT:USDT,0.003696,2.0,0.003693,1472.0,0.003698,389.0,0.003699,112.0
1753533168690,12:32:48.690,DEGEN/USDT:USDT,0.003696,2.0,0.003693,1472.0,0.003697,113.0,0.003698,389.0
1753533168808,12:32:48.808,DEGEN/USDT:USDT,0.003694,113.0,0.003693,111.0,0.003697,113.0,0.003698,389.0
1753533168909,12:32:48.909,DEGEN/USDT:USDT,0.003693,111.0,0.003692,3794.0,0.003697,113.0,0.003698,389.0
1753533168974,12:32:48.974,DEGEN/USDT:USDT,0.003693,111.0,0.003692,504.0,0.003697,122.0,0.003698,389.0
1753533169130,12:32:49.130,DEGEN/USDT:USDT,0.003693,111.0,0.003692,504.0,0.003697,122.0,0.003698,389.0
1753533169162,12:32:49.162,DEGEN/USDT:USDT,0.003693,111.0,0.003692,504.0,0.003697,122.0,0.003698,389.0
1753533170690,12:32:50.690,DEGEN/USDT:USDT,0.003693,111.0,0.003692,504.0,0.003696,114.0,0.003697,122.0
1753533170800,12:32:50.800,DEGEN/USDT:USDT,0.003693,111.0,0.003692,504.0,0.003696,114.0,0.003697,113.0
1753533170888,12:32:50.888,DEGEN/USDT:USDT,0.003693,111.0,0.003692,504.0,0.003697,113.0,0.003698,389.0
1753533170967,12:32:50.967,DEGEN/USDT:USDT,0.003693,111.0,0.003692,504.0,0.003697,113.0,0.003698,389.0
1753533171292,12:32:51.292,DEGEN/USDT:USDT,0.003693,111.0,0.003692,504.0,0.003697,124.0,0.003698,389.0
1753533173305,12:32:53.305,DEGEN/USDT:USDT,0.003693,111.0,0.003692,504.0,0.003697,122.0,0.003698,389.0
1753533173401,12:32:53.401,DEGEN/USDT:USDT,0.003693,111.0,0.003692,504.0,0.003697,122.0,0.003698,389.0
1753533173735,12:32:53.735,DEGEN/USDT:USDT,0.003693,111.0,0.003692,504.0,0.003697,122.0,0.003698,389.0
1753533174348,12:32:54.348,DEGEN/USDT:USDT,0.003693,111.0,0.003692,504.0,0.003697,122.0,0.003698,389.0
1753533175321,12:32:55.321,DEGEN/USDT:USDT,0.003693,111.0,0.003692,504.0,0.003698,389.0,0.003699,112.0
1753533176414,12:32:56.414,DEGEN/USDT:USDT,0.003693,111.0,0.003692,504.0,0.003698,389.0,0.003699,112.0
1753533177824,12:32:57.824,DEGEN/USDT:USDT,0.003693,111.0,0.003692,504.0,0.003697,123.0,0.003698,389.0
1753533178086,12:32:58.086,DEGEN/USDT:USDT,0.003693,111.0,0.003692,504.0,0.003697,114.0,0.003698,389.0
1753533178357,12:32:58.357,DEGEN/USDT:USDT,0.003693,111.0,0.003692,504.0,0.003697,114.0,0.003698,389.0
1753533178547,12:32:58.547,DEGEN/USDT:USDT,0.003693,111.0,0.003692,504.0,0.003697,114.0,0.003698,389.0
1753533180192,12:33:00.192,DEGEN/USDT:USDT,0.003693,111.0,0.003692,504.0,0.003697,123.0,0.003698,389.0
1753533180469,12:33:00.469,DEGEN/USDT:USDT,0.003693,111.0,0.003692,504.0,0.003697,123.0,0.003698,389.0
1753533180935,12:33:00.935,DEGEN/USDT:USDT,0.003693,111.0,0.003692,504.0,0.003696,112.0,0.003697,123.0
1753533181029,12:33:01.029,DEGEN/USDT:USDT,0.003693,111.0,0.003692,504.0,0.003697,403.0,0.003698,111.0
1753533181235,12:33:01.235,DEGEN/USDT:USDT,0.003693,111.0,0.003692,504.0,0.003697,403.0,0.003699,112.0
1753533184401,12:33:04.401,DEGEN/USDT:USDT,0.003693,111.0,0.003692,504.0,0.003697,289.0,0.003699,112.0
1753533186731,12:33:06.731,DEGEN/USDT:USDT,0.003693,111.0,0.003692,504.0,0.003697,289.0,0.003699,112.0
1753533186751,12:33:06.751,DEGEN/USDT:USDT,0.003693,111.0,0.003692,504.0,0.003697,289.0,0.003699,112.0
1753533187103,12:33:07.103,DEGEN/USDT:USDT,0.003693,111.0,0.003692,504.0,0.003697,278.0,0.003699,112.0
1753533187232,12:33:07.232,DEGEN/USDT:USDT,0.003693,111.0,0.003692,504.0,0.003699,399.0,0.0037,253.0
1753533187242,12:33:07.242,DEGEN/USDT:USDT,0.003693,111.0,0.003692,504.0,0.003698,112.0,0.003699,399.0
1753533187342,12:33:07.342,DEGEN/USDT:USDT,0.003693,111.0,0.003692,504.0,0.003698,390.0,0.003699,121.0
1753533189433,12:33:09.433,DEGEN/USDT:USDT,0.003693,111.0,0.003692,504.0,0.003698,390.0,0.003699,121.0
1753533189441,12:33:09.441,DEGEN/USDT:USDT,0.003693,111.0,0.003692,504.0,0.003698,390.0,0.003699,121.0
1753533190734,12:33:10.734,DEGEN/USDT:USDT,0.003693,111.0,0.003692,504.0,0.003698,390.0,0.003699,121.0
1753533190998,12:33:10.998,DEGEN/USDT:USDT,0.003693,111.0,0.003692,504.0,0.003698,278.0,0.003699,112.0
1753533191126,12:33:11.126,DEGEN/USDT:USDT,0.003693,111.0,0.003692,504.0,0.003698,114.0,0.003699,390.0
1753533191213,12:33:11.213,DEGEN/USDT:USDT,0.003693,111.0,0.003692,504.0,0.003698,114.0,0.003699,390.0
1753533191625,12:33:11.625,DEGEN/USDT:USDT,0.003693,111.0,0.003692,504.0,0.003698,114.0,0.003699,390.0
1753533191666,12:33:11.666,DEGEN/USDT:USDT,0.003693,111.0,0.003692,504.0,0.003698,114.0,0.003699,390.0
1753533192364,12:33:12.364,DEGEN/USDT:USDT,0.003693,111.0,0.003692,504.0,0.003697,114.0,0.003698,392.0
1753533192467,12:33:12.467,DEGEN/USDT:USDT,0.003693,111.0,0.003692,504.0,0.003697,114.0,0.003698,392.0
1753533192729,12:33:12.729,DEGEN/USDT:USDT,0.003693,111.0,0.003692,504.0,0.003697,114.0,0.003698,392.0
1753533192811,12:33:12.811,DEGEN/USDT:USDT,0.003693,111.0,0.003692,504.0,0.003697,114.0,0.003698,392.0
1753533192963,12:33:12.963,DEGEN/USDT:USDT,0.003693,111.0,0.003692,504.0,0.003697,114.0,0.003698,392.0
1753533193083,12:33:13.083,DEGEN/USDT:USDT,0.003693,111.0,0.003692,504.0,0.003697,114.0,0.003698,392.0
1753533193326,12:33:13.326,DEGEN/USDT:USDT,0.003693,111.0,0.003692,504.0,0.003697,114.0,0.003698,392.0
1753533193357,12:33:13.357,DEGEN/USDT:USDT,0.003693,111.0,0.003692,504.0,0.003697,114.0,0.003698,392.0
1753533193792,12:33:13.792,DEGEN/USDT:USDT,0.003693,111.0,0.003692,504.0,0.003697,114.0,0.003698,392.0
1753533194136,12:33:14.136,DEGEN/USDT:USDT,0.003693,111.0,0.003692,504.0,0.003697,114.0,0.003698,392.0
1753533194147,12:33:14.147,DEGEN/USDT:USDT,0.003693,111.0,0.003692,504.0,0.003697,114.0,0.003698,392.0
1753533194318,12:33:14.318,DEGEN/USDT:USDT,0.003693,111.0,0.003692,504.0,0.003697,114.0,0.003698,392.0
1753533194350,12:33:14.350,DEGEN/USDT:USDT,0.003693,111.0,0.003692,504.0,0.003697,114.0,0.003698,392.0
1753533194481,12:33:14.481,DEGEN/USDT:USDT,0.003693,111.0,0.003692,504.0,0.003697,114.0,0.003698,392.0
1753533194622,12:33:14.622,DEGEN/USDT:USDT,0.003693,111.0,0.003692,504.0,0.003697,114.0,0.003698,392.0
1753533194754,12:33:14.754,DEGEN/USDT:USDT,0.003693,111.0,0.003692,504.0,0.003697,114.0,0.003698,392.0
1753533194875,12:33:14.875,DEGEN/USDT:USDT,0.003693,111.0,0.003692,504.0,0.003697,114.0,0.003698,392.0
1753533196010,12:33:16.010,DEGEN/USDT:USDT,0.003693,111.0,0.003692,504.0,0.003697,114.0,0.003698,392.0
1753533196415,12:33:16.415,DEGEN/USDT:USDT,0.003693,111.0,0.003692,504.0,0.003697,114.0,0.003698,392.0
1753533197013,12:33:17.013,DEGEN/USDT:USDT,0.003693,111.0,0.003692,504.0,0.003697,114.0,0.003698,392.0
1753533197212,12:33:17.212,DEGEN/USDT:USDT,0.003693,111.0,0.003692,504.0,0.003698,392.0,0.003699,112.0
1753533197242,12:33:17.242,DEGEN/USDT:USDT,0.003693,111.0,0.003692,504.0,0.003698,392.0,0.003699,112.0
1753533197629,12:33:17.629,DEGEN/USDT:USDT,0.003693,111.0,0.003692,504.0,0.003698,392.0,0.003699,112.0
1753533197718,12:33:17.718,DEGEN/USDT:USDT,0.003693,111.0,0.003692,504.0,0.003698,392.0,0.003699,112.0
1753533197748,12:33:17.748,DEGEN/USDT:USDT,0.003693,111.0,0.003692,504.0,0.003698,392.0,0.003699,112.0
1753533197880,12:33:17.880,DEGEN/USDT:USDT,0.003695,393.0,0.003693,111.0,0.003699,112.0,0.0037,390.0
1753533198023,12:33:18.023,DEGEN/USDT:USDT,0.003696,114.0,0.003695,393.0,0.003699,112.0,0.0037,390.0
1753533198042,12:33:18.042,DEGEN/USDT:USDT,0.003696,114.0,0.003695,393.0,0.003699,112.0,0.0037,390.0
1753533198194,12:33:18.194,DEGEN/USDT:USDT,0.003696,114.0,0.003695,393.0,0.003699,112.0,0.0037,390.0
1753533198387,12:33:18.387,DEGEN/USDT:USDT,0.003696,114.0,0.003695,393.0,0.003699,112.0,0.0037,390.0
1753533202473,12:33:22.473,DEGEN/USDT:USDT,0.003696,114.0,0.003695,393.0,0.003699,112.0,0.0037,390.0
1753533206104,12:33:26.104,DEGEN/USDT:USDT,0.003696,114.0,0.003695,393.0,0.0037,390.0,0.003702,393.0
1753533206883,12:33:26.883,DEGEN/USDT:USDT,0.003696,114.0,0.003695,393.0,0.0037,399.0,0.003702,393.0
1753533207026,12:33:27.026,DEGEN/USDT:USDT,0.003696,114.0,0.003695,393.0,0.0037,399.0,0.003702,393.0
1753533208005,12:33:28.005,DEGEN/USDT:USDT,0.003696,114.0,0.003695,393.0,0.0037,399.0,0.003702,393.0
1753533215500,12:33:35.500,DEGEN/USDT:USDT,0.003696,114.0,0.003695,393.0,0.0037,399.0,0.003702,393.0
1753533215736,12:33:35.736,DEGEN/USDT:USDT,0.003696,114.0,0.003695,393.0,0.0037,399.0,0.003702,393.0
1753533215750,12:33:35.750,DEGEN/USDT:USDT,0.003696,114.0,0.003695,393.0,0.0037,399.0,0.003702,393.0
1753533217078,12:33:37.078,DEGEN/USDT:USDT,0.003696,114.0,0.003695,393.0,0.0037,390.0,0.003702,393.0
1753533217467,12:33:37.467,DEGEN/USDT:USDT,0.003696,114.0,0.003695,393.0,0.003699,110.0,0.0037,390.0
1753533219993,12:33:39.993,DEGEN/USDT:USDT,0.003696,114.0,0.003695,393.0,0.003699,109.0,0.0037,390.0
1753533221106,12:33:41.106,DEGEN/USDT:USDT,0.003694,109.0,0.003693,3401.0,0.003699,109.0,0.0037,390.0
1753533221192,12:33:41.192,DEGEN/USDT:USDT,0.003694,109.0,0.003693,111.0,0.003698,109.0,0.003699,387.0
1753533221327,12:33:41.327,DEGEN/USDT:USDT,0.003693,111.0,0.003692,504.0,0.003698,109.0,0.003699,387.0
1753533221470,12:33:41.470,DEGEN/USDT:USDT,0.003693,111.0,0.003692,504.0,0.003698,109.0,0.003699,387.0
1753533221630,12:33:41.630,DEGEN/USDT:USDT,0.003693,111.0,0.003692,504.0,0.003698,109.0,0.003699,387.0
1753533221671,12:33:41.671,DEGEN/USDT:USDT,0.003693,111.0,0.003692,504.0,0.003698,109.0,0.003699,387.0
1753533221782,12:33:41.782,DEGEN/USDT:USDT,0.003693,111.0,0.003692,504.0,0.003698,109.0,0.003699,387.0
1753533222005,12:33:42.005,DEGEN/USDT:USDT,0.003693,111.0,0.003692,504.0,0.003698,109.0,0.003699,387.0
1753533225791,12:33:45.791,DEGEN/USDT:USDT,0.003693,111.0,0.003692,504.0,0.003698,109.0,0.003699,387.0
1753533226003,12:33:46.003,DEGEN/USDT:USDT,0.003693,111.0,0.003692,504.0,0.003698,109.0,0.003699,387.0
1753533227107,12:33:47.107,DEGEN/USDT:USDT,0.003693,111.0,0.003692,504.0,0.003697,109.0,0.003698,387.0
1753533227168,12:33:47.168,DEGEN/USDT:USDT,0.003693,111.0,0.003692,504.0,0.003697,109.0,0.003698,387.0
1753533227421,12:33:47.421,DEGEN/USDT:USDT,0.003693,111.0,0.003692,504.0,0.003698,387.0,0.003699,109.0
1753533227472,12:33:47.472,DEGEN/USDT:USDT,0.003693,111.0,0.003692,504.0,0.003698,387.0,0.003699,109.0
1753533227722,12:33:47.722,DEGEN/USDT:USDT,0.003693,111.0,0.003692,504.0,0.003698,387.0,0.003699,109.0
1753533227993,12:33:47.993,DEGEN/USDT:USDT,0.003693,111.0,0.003692,504.0,0.003697,109.0,0.003698,387.0
1753533228134,12:33:48.134,DEGEN/USDT:USDT,0.003693,111.0,0.003692,504.0,0.003697,109.0,0.003698,387.0
1753533228526,12:33:48.526,DEGEN/USDT:USDT,0.003693,111.0,0.003692,504.0,0.003697,109.0,0.003698,387.0
1753533228759,12:33:48.759,DEGEN/USDT:USDT,0.003693,111.0,0.003692,504.0,0.003697,109.0,0.003698,387.0
1753533228858,12:33:48.858,DEGEN/USDT:USDT,0.003693,111.0,0.003692,504.0,0.003697,109.0,0.003698,387.0
1753533229272,12:33:49.272,DEGEN/USDT:USDT,0.003693,111.0,0.003692,504.0,0.003697,109.0,0.003698,387.0
1753533231631,12:33:51.631,DEGEN/USDT:USDT,0.003693,111.0,0.003692,504.0,0.003697,109.0,0.003698,387.0
1753533235984,12:33:55.984,DEGEN/USDT:USDT,0.003693,111.0,0.003692,504.0,0.003697,109.0,0.003698,387.0
1753533239537,12:33:59.537,DEGEN/USDT:USDT,0.003693,111.0,0.003692,504.0,0.003697,109.0,0.003698,387.0
1753533239583,12:33:59.583,DEGEN/USDT:USDT,0.003693,111.0,0.003692,504.0,0.003697,109.0,0.003698,387.0
1753533239714,12:33:59.714,DEGEN/USDT:USDT,0.003693,111.0,0.003692,504.0,0.003698,387.0,0.0037,112.0
1753533239796,12:33:59.796,DEGEN/USDT:USDT,0.003693,111.0,0.003692,504.0,0.003698,387.0,0.0037,112.0
1753533240010,12:34:00.010,DEGEN/USDT:USDT,0.003693,111.0,0.003692,504.0,0.003698,387.0,0.0037,112.0
1753533240838,12:34:00.838,DEGEN/USDT:USDT,0.003693,111.0,0.003692,504.0,0.003698,387.0,0.0037,112.0
1753533241001,12:34:01.001,DEGEN/USDT:USDT,0.003693,111.0,0.003692,504.0,0.003698,387.0,0.0037,112.0
1753533241132,12:34:01.132,DEGEN/USDT:USDT,0.003693,111.0,0.003692,504.0,0.003698,387.0,0.0037,112.0
1753533241152,12:34:01.152,DEGEN/USDT:USDT,0.003693,111.0,0.003692,504.0,0.003698,387.0,0.0037,112.0
1753533241264,12:34:01.264,DEGEN/USDT:USDT,0.003693,111.0,0.003692,504.0,0.003698,109.0,0.003699,278.0
1753533241546,12:34:01.546,DEGEN/USDT:USDT,0.003693,111.0,0.003692,504.0,0.003698,109.0,0.003699,278.0
1753533241775,12:34:01.775,DEGEN/USDT:USDT,0.003693,111.0,0.003692,504.0,0.003699,278.0,0.0037,112.0
1753533241860,12:34:01.860,DEGEN/USDT:USDT,0.003693,111.0,0.003692,504.0,0.003699,111.0,0.0037,390.0
1753533242004,12:34:02.004,DEGEN/USDT:USDT,0.003693,111.0,0.003692,504.0,0.003699,111.0,0.0037,390.0
1753533243493,12:34:03.493,DEGEN/USDT:USDT,0.003695,111.0,0.003694,98.0,0.003699,111.0,0.0037,390.0
1753533244104,12:34:04.104,DEGEN/USDT:USDT,0.003693,111.0,0.003692,504.0,0.0037,112.0,0.003701,278.0
1753533244200,12:34:04.200,DEGEN/USDT:USDT,0.003695,393.0,0.003694,111.0,0.0037,112.0,0.003701,278.0
1753533244272,12:34:04.272,DEGEN/USDT:USDT,0.003696,111.0,0.003695,393.0,0.0037,112.0,0.003701,278.0
1753533244624,12:34:04.624,DEGEN/USDT:USDT,0.003696,111.0,0.003695,393.0,0.0037,112.0,0.003701,278.0
1753533245043,12:34:05.043,DEGEN/USDT:USDT,0.003696,111.0,0.003695,393.0,0.0037,112.0,0.003701,278.0
1753533245450,12:34:05.450,DEGEN/USDT:USDT,0.003696,111.0,0.003695,393.0,0.0037,112.0,0.003701,278.0
1753533246005,12:34:06.005,DEGEN/USDT:USDT,0.003696,111.0,0.003695,393.0,0.0037,112.0,0.003701,278.0
1753533246510,12:34:06.510,DEGEN/USDT:USDT,0.003696,111.0,0.003695,393.0,0.0037,112.0,0.003701,278.0
1753533247216,12:34:07.216,DEGEN/USDT:USDT,0.003696,111.0,0.003695,393.0,0.0037,112.0,0.003701,278.0
1753533248213,12:34:08.213,DEGEN/USDT:USDT,0.003696,111.0,0.003695,393.0,0.0037,112.0,0.003701,278.0
1753533250012,12:34:10.012,DEGEN/USDT:USDT,0.003694,109.0,0.003693,111.0,0.003698,278.0,0.003699,109.0
1753533250134,12:34:10.134,DEGEN/USDT:USDT,0.003693,111.0,0.003692,1944.0,0.003698,109.0,0.003699,387.0
1753533250144,12:34:10.144,DEGEN/USDT:USDT,0.003693,111.0,0.003692,583.0,0.003698,109.0,0.003699,387.0
1753533250719,12:34:10.719,DEGEN/USDT:USDT,0.003693,111.0,0.003692,583.0,0.003698,118.0,0.003699,387.0
1753533252136,12:34:12.136,DEGEN/USDT:USDT,0.003693,111.0,0.003692,504.0,0.003697,387.0,0.003698,109.0
1753533252183,12:34:12.183,DEGEN/USDT:USDT,0.003693,111.0,0.003692,504.0,0.003697,387.0,0.003698,109.0
1753533252264,12:34:12.264,DEGEN/USDT:USDT,0.003693,111.0,0.003692,504.0,0.003697,387.0,0.003698,109.0
1753533252488,12:34:12.488,DEGEN/USDT:USDT,0.003693,111.0,0.003692,504.0,0.003697,387.0,0.003698,109.0
1753533252553,12:34:12.553,DEGEN/USDT:USDT,0.003693,111.0,0.003692,504.0,0.003697,387.0,0.003699,109.0
1753533254027,12:34:14.027,DEGEN/USDT:USDT,0.003693,111.0,0.003692,504.0,0.003697,387.0,0.003699,109.0
1753533254167,12:34:14.167,DEGEN/USDT:USDT,0.003693,111.0,0.003692,504.0,0.003697,387.0,0.003699,109.0
1753533254559,12:34:14.559,DEGEN/USDT:USDT,0.003693,111.0,0.003692,504.0,0.003697,387.0,0.003699,109.0
1753533254707,12:34:14.707,DEGEN/USDT:USDT,0.003693,111.0,0.003692,504.0,0.003697,387.0,0.0037,112.0
1753533254989,12:34:14.989,DEGEN/USDT:USDT,0.003693,111.0,0.003692,504.0,0.003697,387.0,0.0037,112.0
1753533255140,12:34:15.140,DEGEN/USDT:USDT,0.003693,111.0,0.003692,504.0,0.003697,387.0,0.0037,112.0
1753533256214,12:34:16.214,DEGEN/USDT:USDT,0.003693,111.0,0.003692,504.0,0.003697,278.0,0.0037,112.0
1753533256525,12:34:16.525,DEGEN/USDT:USDT,0.003693,111.0,0.003692,504.0,0.003697,278.0,0.0037,112.0
1753533257003,12:34:17.003,DEGEN/USDT:USDT,0.003693,111.0,0.003692,504.0,0.003697,278.0,0.0037,112.0
1753533257046,12:34:17.046,DEGEN/USDT:USDT,0.003693,111.0,0.003692,504.0,0.003697,278.0,0.0037,112.0
1753533257261,12:34:17.261,DEGEN/USDT:USDT,0.003693,111.0,0.003692,504.0,0.003699,109.0,0.0037,399.0
1753533257360,12:34:17.360,DEGEN/USDT:USDT,0.003693,111.0,0.003692,504.0,0.003698,109.0,0.003699,387.0
1753533258335,12:34:18.335,DEGEN/USDT:USDT,0.003693,111.0,0.003692,504.0,0.003699,387.0,0.0037,112.0
1753533258388,12:34:18.388,DEGEN/USDT:USDT,0.003693,111.0,0.003692,504.0,0.003699,387.0,0.0037,112.0
1753533258518,12:34:18.518,DEGEN/USDT:USDT,0.003693,111.0,0.003692,504.0,0.003699,278.0,0.0037,112.0
1753533258629,12:34:18.629,DEGEN/USDT:USDT,0.003696,109.0,0.003695,393.0,0.0037,390.0,0.003702,393.0
1753533258735,12:34:18.735,DEGEN/USDT:USDT,0.003696,109.0,0.003695,393.0,0.0037,390.0,0.003702,393.0
1753533258926,12:34:18.926,DEGEN/USDT:USDT,0.003696,109.0,0.003695,393.0,0.003699,387.0,0.0037,112.0
1753533259004,12:34:19.004,DEGEN/USDT:USDT,0.003696,109.0,0.003695,393.0,0.003699,387.0,0.0037,112.0
1753533259077,12:34:19.077,DEGEN/USDT:USDT,0.003696,109.0,0.003695,393.0,0.0037,390.0,0.003702,393.0
1753533259307,12:34:19.307,DEGEN/USDT:USDT,0.003696,109.0,0.003695,393.0,0.003699,387.0,0.0037,112.0
1753533259342,12:34:19.342,DEGEN/USDT:USDT,0.003696,109.0,0.003695,393.0,0.003699,109.0,0.0037,390.0
1753533259531,12:34:19.531,DEGEN/USDT:USDT,0.003696,109.0,0.003695,393.0,0.003699,109.0,0.0037,390.0
1753533259824,12:34:19.824,DEGEN/USDT:USDT,0.003696,109.0,0.003695,393.0,0.003699,387.0,0.0037,112.0
1753533259853,12:34:19.853,DEGEN/USDT:USDT,0.003696,109.0,0.003695,393.0,0.003699,387.0,0.0037,112.0
1753533260012,12:34:20.012,DEGEN/USDT:USDT,0.003696,109.0,0.003695,393.0,0.003698,278.0,0.0037,112.0
1753533260060,12:34:20.060,DEGEN/USDT:USDT,0.003696,109.0,0.003695,393.0,0.003699,111.0,0.0037,390.0
1753533260143,12:34:20.143,DEGEN/USDT:USDT,0.003696,109.0,0.003695,393.0,0.003699,389.0,0.0037,112.0
1753533260633,12:34:20.633,DEGEN/USDT:USDT,0.003696,109.0,0.003695,393.0,0.003699,278.0,0.0037,112.0
1753533261514,12:34:21.514,DEGEN/USDT:USDT,0.003696,109.0,0.003695,393.0,0.003699,278.0,0.0037,112.0
1753533264934,12:34:24.934,DEGEN/USDT:USDT,0.003696,109.0,0.003695,393.0,0.0037,390.0,0.003701,141.0
1753533264942,12:34:24.942,DEGEN/USDT:USDT,0.003696,109.0,0.003695,393.0,0.003699,278.0,0.0037,112.0
1753533265042,12:34:25.042,DEGEN/USDT:USDT,0.003696,109.0,0.003695,393.0,0.0037,390.0,0.003701,141.0
1753533267636,12:34:27.636,DEGEN/USDT:USDT,0.003695,393.0,0.003694,1361.0,0.003699,111.0,0.0037,390.0
1753533267731,12:34:27.731,DEGEN/USDT:USDT,0.003694,111.0,0.003693,1472.0,0.003698,111.0,0.003699,389.0
1753533267813,12:34:27.813,DEGEN/USDT:USDT,0.003693,111.0,0.003692,3794.0,0.003698,111.0,0.003699,389.0
1753533267847,12:34:27.847,DEGEN/USDT:USDT,0.003693,111.0,0.003692,504.0,0.003698,111.0,0.003699,389.0
1753533269015,12:34:29.015,DEGEN/USDT:USDT,0.003693,111.0,0.003692,504.0,0.003698,111.0,0.003699,389.0
1753533276192,12:34:36.192,DEGEN/USDT:USDT,0.003693,111.0,0.003692,504.0,0.003698,111.0,0.003699,389.0
1753533276243,12:34:36.243,DEGEN/USDT:USDT,0.003693,111.0,0.003692,504.0,0.003698,111.0,0.003699,389.0
1753533280617,12:34:40.617,DEGEN/USDT:USDT,0.003693,111.0,0.003692,504.0,0.003698,111.0,0.003699,389.0
1753533281020,12:34:41.020,DEGEN/USDT:USDT,0.003693,111.0,0.003692,504.0,0.003697,114.0,0.003698,389.0
1753533281129,12:34:41.129,DEGEN/USDT:USDT,0.003693,111.0,0.003692,504.0,0.003697,114.0,0.003698,389.0
1753533281229,12:34:41.229,DEGEN/USDT:USDT,0.003693,111.0,0.003692,504.0,0.003697,114.0,0.003698,389.0
1753533281413,12:34:41.413,DEGEN/USDT:USDT,0.003693,111.0,0.003692,504.0,0.003697,114.0,0.003698,389.0
1753533281496,12:34:41.496,DEGEN/USDT:USDT,0.003693,111.0,0.003692,504.0,0.003697,114.0,0.003698,389.0
1753533281615,12:34:41.615,DEGEN/USDT:USDT,0.003693,111.0,0.003692,504.0,0.003698,389.0,0.003699,111.0
1753533281666,12:34:41.666,DEGEN/USDT:USDT,0.003693,111.0,0.003692,504.0,0.003698,389.0,0.003699,111.0
1753533282172,12:34:42.172,DEGEN/USDT:USDT,0.003693,111.0,0.003692,504.0,0.003698,389.0,0.003699,111.0
1753533282834,12:34:42.834,DEGEN/USDT:USDT,0.003693,111.0,0.003692,504.0,0.003698,389.0,0.0037,112.0
1753533283003,12:34:43.003,DEGEN/USDT:USDT,0.003693,111.0,0.003692,504.0,0.003698,389.0,0.0037,112.0
1753533283287,12:34:43.287,DEGEN/USDT:USDT,0.003693,111.0,0.003692,504.0,0.003698,389.0,0.0037,112.0
1753533284030,12:34:44.030,DEGEN/USDT:USDT,0.003693,111.0,0.003692,504.0,0.003698,389.0,0.0037,112.0
1753533284046,12:34:44.046,DEGEN/USDT:USDT,0.003693,111.0,0.003692,504.0,0.003698,389.0,0.0037,112.0
1753533285008,12:34:45.008,DEGEN/USDT:USDT,0.003693,111.0,0.003692,504.0,0.003698,389.0,0.0037,112.0
1753533285108,12:34:45.108,DEGEN/USDT:USDT,0.003693,111.0,0.003692,504.0,0.003698,389.0,0.0037,112.0
1753533288098,12:34:48.098,DEGEN/USDT:USDT,0.003693,111.0,0.003692,504.0,0.003698,389.0,0.0037,112.0
1753533288794,12:34:48.794,DEGEN/USDT:USDT,0.003693,111.0,0.003692,504.0,0.003698,389.0,0.0037,112.0
1753533288846,12:34:48.846,DEGEN/USDT:USDT,0.003693,111.0,0.003692,504.0,0.003698,389.0,0.0037,112.0
1753533289018,12:34:49.018,DEGEN/USDT:USDT,0.003693,111.0,0.003692,504.0,0.003698,389.0,0.0037,112.0
1753533289129,12:34:49.129,DEGEN/USDT:USDT,0.003693,111.0,0.003692,504.0,0.003698,389.0,0.0037,112.0
1753533289220,12:34:49.220,DEGEN/USDT:USDT,0.003693,111.0,0.003692,504.0,0.003698,389.0,0.0037,112.0
1753533289267,12:34:49.267,DEGEN/USDT:USDT,0.003693,111.0,0.003692,504.0,0.003698,389.0,0.0037,112.0
1753533290354,12:34:50.354,DEGEN/USDT:USDT,0.003693,111.0,0.003692,504.0,0.003698,389.0,0.0037,112.0
1753533292296,12:34:52.296,DEGEN/USDT:USDT,0.003693,111.0,0.003692,504.0,0.003698,278.0,0.0037,112.0
1753533293629,12:34:53.629,DEGEN/USDT:USDT,0.003693,111.0,0.003692,504.0,0.003698,278.0,0.0037,112.0
1753533293901,12:34:53.901,DEGEN/USDT:USDT,0.003693,111.0,0.003692,504.0,0.003699,111.0,0.0037,390.0
1753533293942,12:34:53.942,DEGEN/USDT:USDT,0.003693,111.0,0.003692,504.0,0.003699,389.0,0.0037,112.0
1753533297523,12:34:57.523,DEGEN/USDT:USDT,0.003693,111.0,0.003692,504.0,0.003699,278.0,0.0037,112.0
1753533297621,12:34:57.621,DEGEN/USDT:USDT,0.003696,111.0,0.003695,393.0,0.0037,390.0,0.003702,393.0
1753533297734,12:34:57.734,DEGEN/USDT:USDT,0.003696,111.0,0.003695,393.0,0.0037,390.0,0.003702,393.0
1753533297817,12:34:57.817,DEGEN/USDT:USDT,0.003696,111.0,0.003695,393.0,0.0037,390.0,0.003702,393.0
1753533298003,12:34:58.003,DEGEN/USDT:USDT,0.003696,111.0,0.003695,393.0,0.0037,390.0,0.003702,393.0
1753533298124,12:34:58.124,DEGEN/USDT:USDT,0.003696,111.0,0.003695,393.0,0.0037,278.0,0.003701,111.0
1753533300292,12:35:00.292,DEGEN/USDT:USDT,0.003696,111.0,0.003695,393.0,0.0037,278.0,0.003701,111.0
1753533300557,12:35:00.557,DEGEN/USDT:USDT,0.003696,111.0,0.003695,393.0,0.003699,111.0,0.0037,278.0
1753533301248,12:35:01.248,DEGEN/USDT:USDT,0.003696,111.0,0.003695,393.0,0.0037,278.0,0.003701,111.0
1753533301430,12:35:01.430,DEGEN/USDT:USDT,0.003696,111.0,0.003695,393.0,0.0037,111.0,0.003701,389.0
1753533301439,12:35:01.439,DEGEN/USDT:USDT,0.003696,111.0,0.003695,393.0,0.0037,111.0,0.003701,389.0
1753533301634,12:35:01.634,DEGEN/USDT:USDT,0.003696,111.0,0.003695,393.0,0.0037,111.0,0.003701,389.0
1753533301663,12:35:01.663,DEGEN/USDT:USDT,0.003696,111.0,0.003695,393.0,0.0037,111.0,0.003701,389.0
1753533302003,12:35:02.003,DEGEN/USDT:USDT,0.003696,111.0,0.003695,393.0,0.0037,111.0,0.003701,389.0
1753533303006,12:35:03.006,DEGEN/USDT:USDT,0.003696,111.0,0.003695,393.0,0.0037,111.0,0.003701,389.0
1753533303077,12:35:03.077,DEGEN/USDT:USDT,0.003696,111.0,0.003695,393.0,0.003701,389.0,0.003703,141.0
1753533303144,12:35:03.144,DEGEN/USDT:USDT,0.003696,111.0,0.003695,393.0,0.0037,278.0,0.003701,111.0
1753533303242,12:35:03.242,DEGEN/USDT:USDT,0.003696,111.0,0.003695,393.0,0.003701,389.0,0.003703,141.0
1753533305737,12:35:05.737,DEGEN/USDT:USDT,0.003696,111.0,0.003695,393.0,0.003701,389.0,0.003703,141.0
1753533306660,12:35:06.660,DEGEN/USDT:USDT,0.003696,111.0,0.003695,393.0,0.003701,389.0,0.003703,141.0
1753533307003,12:35:07.003,DEGEN/USDT:USDT,0.003696,111.0,0.003695,393.0,0.003701,389.0,0.003703,141.0
1753533308368,12:35:08.368,DEGEN/USDT:USDT,0.003696,111.0,0.003695,393.0,0.003701,389.0,0.003703,141.0
1753533309894,12:35:09.894,DEGEN/USDT:USDT,0.003696,111.0,0.003695,393.0,0.0037,111.0,0.003701,389.0
1753533309945,12:35:09.945,DEGEN/USDT:USDT,0.003696,111.0,0.003695,393.0,0.0037,389.0,0.003701,111.0
1753533312533,12:35:12.533,DEGEN/USDT:USDT,0.003696,111.0,0.003695,393.0,0.003699,111.0,0.0037,389.0
1753533312699,12:35:12.699,DEGEN/USDT:USDT,0.003696,111.0,0.003695,393.0,0.0037,389.0,0.003701,111.0
1753533315432,12:35:15.432,DEGEN/USDT:USDT,0.003696,111.0,0.003695,393.0,0.003699,111.0,0.0037,389.0
1753533315479,12:35:15.479,DEGEN/USDT:USDT,0.003696,111.0,0.003695,393.0,0.003699,111.0,0.0037,389.0
1753533315618,12:35:15.618,DEGEN/USDT:USDT,0.003696,111.0,0.003695,393.0,0.003699,111.0,0.0037,389.0
1753533315746,12:35:15.746,DEGEN/USDT:USDT,0.003696,111.0,0.003695,393.0,0.003699,111.0,0.0037,389.0
1753533316006,12:35:16.006,DEGEN/USDT:USDT,0.003696,111.0,0.003695,393.0,0.003699,111.0,0.0037,389.0
1753533316523,12:35:16.523,DEGEN/USDT:USDT,0.003696,111.0,0.003695,393.0,0.003699,111.0,0.0037,389.0
1753533316829,12:35:16.829,DEGEN/USDT:USDT,0.003696,111.0,0.003695,393.0,0.003699,389.0,0.0037,111.0
1753533316926,12:35:16.926,DEGEN/USDT:USDT,0.003696,111.0,0.003695,393.0,0.003699,389.0,0.0037,111.0
1753533317171,12:35:17.171,DEGEN/USDT:USDT,0.003696,111.0,0.003695,393.0,0.003699,389.0,0.003701,111.0
1753533317327,12:35:17.327,DEGEN/USDT:USDT,0.003696,111.0,0.003695,393.0,0.003699,278.0,0.003701,111.0
1753533317423,12:35:17.423,DEGEN/USDT:USDT,0.003696,111.0,0.003695,393.0,0.003701,111.0,0.003702,278.0
1753533323015,12:35:23.015,DEGEN/USDT:USDT,0.003696,111.0,0.003695,393.0,0.003701,111.0,0.003702,278.0
1753533327228,12:35:27.228,DEGEN/USDT:USDT,0.003696,111.0,0.003695,393.0,0.003701,111.0,0.003702,278.0
1753533328250,12:35:28.250,DEGEN/USDT:USDT,0.003696,111.0,0.003695,393.0,0.003701,111.0,0.003702,278.0
1753533331538,12:35:31.538,DEGEN/USDT:USDT,0.003696,111.0,0.003695,393.0,0.003701,389.0,0.003703,141.0
1753533331562,12:35:31.562,DEGEN/USDT:USDT,0.003696,111.0,0.003695,393.0,0.0037,113.0,0.003701,389.0
1753533331677,12:35:31.677,DEGEN/USDT:USDT,0.003696,111.0,0.003695,393.0,0.003699,113.0,0.0037,391.0
1753533332701,12:35:32.701,DEGEN/USDT:USDT,0.003696,111.0,0.003695,393.0,0.0037,391.0,0.003701,111.0
1753533335636,12:35:35.636,DEGEN/USDT:USDT,0.003696,111.0,0.003695,393.0,0.0037,391.0,0.003701,111.0
1753533336966,12:35:36.966,DEGEN/USDT:USDT,0.003696,111.0,0.003695,393.0,0.003699,113.0,0.0037,391.0
1753533338284,12:35:38.284,DEGEN/USDT:USDT,0.003696,111.0,0.003695,393.0,0.0037,391.0,0.003701,111.0
1753533341755,12:35:41.755,DEGEN/USDT:USDT,0.003696,111.0,0.003695,393.0,0.0037,391.0,0.003701,111.0
1753533343628,12:35:43.628,DEGEN/USDT:USDT,0.003696,111.0,0.003695,393.0,0.0037,278.0,0.003701,111.0
1753533343739,12:35:43.739,DEGEN/USDT:USDT,0.003696,111.0,0.003695,393.0,0.0037,278.0,0.003701,111.0
1753533345713,12:35:45.713,DEGEN/USDT:USDT,0.003696,111.0,0.003695,393.0,0.0037,278.0,0.003701,111.0
1753533346397,12:35:46.397,DEGEN/USDT:USDT,0.003696,111.0,0.003695,393.0,0.0037,278.0,0.003701,111.0
1753533346503,12:35:46.503,DEGEN/USDT:USDT,0.003696,111.0,0.003695,393.0,0.0037,278.0,0.003701,111.0
1753533348142,12:35:48.142,DEGEN/USDT:USDT,0.003696,111.0,0.003695,393.0,0.0037,278.0,0.003701,111.0
1753533348360,12:35:48.360,DEGEN/USDT:USDT,0.003696,111.0,0.003695,393.0,0.0037,111.0,0.003701,389.0
1753533348508,12:35:48.508,DEGEN/USDT:USDT,0.003696,111.0,0.003695,393.0,0.0037,389.0,0.003701,111.0
1753533350597,12:35:50.597,DEGEN/USDT:USDT,0.003696,111.0,0.003695,393.0,0.0037,278.0,0.003701,111.0
1753533351811,12:35:51.811,DEGEN/USDT:USDT,0.003696,111.0,0.003695,393.0,0.003701,389.0,0.003703,141.0
1753533351844,12:35:51.844,DEGEN/USDT:USDT,0.003696,111.0,0.003695,393.0,0.0037,278.0,0.003701,111.0
1753533351942,12:35:51.942,DEGEN/USDT:USDT,0.003696,111.0,0.003695,393.0,0.003701,389.0,0.003703,141.0
1753533352042,12:35:52.042,DEGEN/USDT:USDT,0.003696,111.0,0.003695,393.0,0.003701,389.0,0.003703,141.0
1753533353004,12:35:53.004,DEGEN/USDT:USDT,0.003696,111.0,0.003695,393.0,0.003701,389.0,0.003703,141.0
1753533354319,12:35:54.319,DEGEN/USDT:USDT,0.003696,111.0,0.003695,393.0,0.003701,389.0,0.003703,141.0
1753533354350,12:35:54.350,DEGEN/USDT:USDT,0.003696,111.0,0.003695,393.0,0.003701,389.0,0.003703,141.0
1753533355553,12:35:55.553,DEGEN/USDT:USDT,0.003696,111.0,0.003695,393.0,0.003701,398.0,0.003703,141.0
1753533355891,12:35:55.891,DEGEN/USDT:USDT,0.003696,111.0,0.003695,393.0,0.003701,398.0,0.003703,141.0
1753533357625,12:35:57.625,DEGEN/USDT:USDT,0.003696,111.0,0.003695,393.0,0.003701,398.0,0.003703,141.0
1753533360310,12:36:00.310,DEGEN/USDT:USDT,0.003696,111.0,0.003695,393.0,0.0037,278.0,0.003701,111.0
1753533360366,12:36:00.366,DEGEN/USDT:USDT,0.003696,111.0,0.003695,393.0,0.003701,412.0,0.003703,141.0
1753533360554,12:36:00.554,DEGEN/USDT:USDT,0.003696,111.0,0.003695,393.0,0.003701,412.0,0.003703,141.0
1753533360895,12:36:00.895,DEGEN/USDT:USDT,0.003696,111.0,0.003695,393.0,0.003701,278.0,0.003702,110.0
1753533361035,12:36:01.035,DEGEN/USDT:USDT,0.003696,111.0,0.003695,393.0,0.003702,412.0,0.003703,141.0
1753533362132,12:36:02.132,DEGEN/USDT:USDT,0.003696,111.0,0.003695,393.0,0.003702,388.0,0.003703,141.0
1753533363008,12:36:03.008,DEGEN/USDT:USDT,0.003696,111.0,0.003695,393.0,0.003702,388.0,0.003703,141.0
1753533366312,12:36:06.312,DEGEN/USDT:USDT,0.003696,111.0,0.003695,393.0,0.003702,388.0,0.003703,141.0
1753533366980,12:36:06.980,DEGEN/USDT:USDT,0.003696,111.0,0.003695,393.0,0.003702,397.0,0.003703,141.0
1753533367634,12:36:07.634,DEGEN/USDT:USDT,0.003699,110.0,0.003698,393.0,0.003702,287.0,0.003704,250.0
1753533367650,12:36:07.650,DEGEN/USDT:USDT,0.003699,110.0,0.003698,393.0,0.003702,287.0,0.003704,250.0
1753533367963,12:36:07.963,DEGEN/USDT:USDT,0.003699,110.0,0.003698,393.0,0.003702,287.0,0.003704,250.0
1753533368131,12:36:08.131,DEGEN/USDT:USDT,0.003699,110.0,0.003698,393.0,0.003702,278.0,0.003704,250.0
1753533368492,12:36:08.492,DEGEN/USDT:USDT,0.003699,110.0,0.003698,393.0,0.003703,110.0,0.003704,549.0
1753533368557,12:36:08.557,DEGEN/USDT:USDT,0.003699,110.0,0.003698,393.0,0.003702,110.0,0.003703,388.0
1753533368914,12:36:08.914,DEGEN/USDT:USDT,0.003699,110.0,0.003698,393.0,0.003702,119.0,0.003703,388.0
1753533369036,12:36:09.036,DEGEN/USDT:USDT,0.003699,110.0,0.003698,393.0,0.003703,388.0,0.003704,250.0
1753533369062,12:36:09.062,DEGEN/USDT:USDT,0.003699,110.0,0.003698,393.0,0.003703,110.0,0.003704,387.0
1753533369326,12:36:09.326,DEGEN/USDT:USDT,0.003699,110.0,0.003698,393.0,0.003703,110.0,0.003704,387.0
1753533372089,12:36:12.089,DEGEN/USDT:USDT,0.003699,110.0,0.003698,393.0,0.003703,110.0,0.003704,387.0
1753533372202,12:36:12.202,DEGEN/USDT:USDT,0.003699,110.0,0.003698,393.0,0.003703,110.0,0.003704,387.0
1753533372431,12:36:12.431,DEGEN/USDT:USDT,0.003699,110.0,0.003698,393.0,0.003703,110.0,0.003704,387.0
1753533372566,12:36:12.566,DEGEN/USDT:USDT,0.003699,110.0,0.003698,393.0,0.003703,110.0,0.003704,387.0
1753533375589,12:36:15.589,DEGEN/USDT:USDT,0.003699,110.0,0.003698,393.0,0.003703,388.0,0.003704,109.0
1753533375793,12:36:15.793,DEGEN/USDT:USDT,0.003699,110.0,0.003698,393.0,0.003703,388.0,0.003704,109.0
1753533376667,12:36:16.667,DEGEN/USDT:USDT,0.003699,110.0,0.003698,393.0,0.003703,397.0,0.003704,109.0
1753533382942,12:36:22.942,DEGEN/USDT:USDT,0.003699,110.0,0.003698,393.0,0.003703,388.0,0.003704,109.0
1753533383245,12:36:23.245,DEGEN/USDT:USDT,0.003699,110.0,0.003698,393.0,0.003703,388.0,0.003704,109.0
1753533383608,12:36:23.608,DEGEN/USDT:USDT,0.003699,110.0,0.003698,393.0,0.003703,388.0,0.003704,109.0
1753533384015,12:36:24.015,DEGEN/USDT:USDT,0.003699,110.0,0.003698,393.0,0.003703,388.0,0.003705,112.0
1753533384432,12:36:24.432,DEGEN/USDT:USDT,0.003699,110.0,0.003698,393.0,0.003703,388.0,0.003705,112.0
1753533384504,12:36:24.504,DEGEN/USDT:USDT,0.003699,110.0,0.003698,393.0,0.003703,388.0,0.003705,112.0
1753533386226,12:36:26.226,DEGEN/USDT:USDT,0.003699,110.0,0.003698,393.0,0.003703,278.0,0.003705,112.0
1753533386293,12:36:26.293,DEGEN/USDT:USDT,0.003699,110.0,0.003698,393.0,0.003703,278.0,0.003705,112.0
1753533386419,12:36:26.419,DEGEN/USDT:USDT,0.003699,110.0,0.003698,393.0,0.003703,278.0,0.003705,112.0
1753533386725,12:36:26.725,DEGEN/USDT:USDT,0.003699,110.0,0.003698,393.0,0.003703,278.0,0.003705,112.0
1753533386827,12:36:26.827,DEGEN/USDT:USDT,0.003699,110.0,0.003698,393.0,0.003704,121.0,0.003705,390.0
1753533386913,12:36:26.913,DEGEN/USDT:USDT,0.0037,112.0,0.003699,110.0,0.003704,121.0,0.003705,390.0
1753533387034,12:36:27.034,DEGEN/USDT:USDT,0.0037,53.0,0.003699,110.0,0.003704,121.0,0.003705,390.0
1753533387126,12:36:27.126,DEGEN/USDT:USDT,0.003699,110.0,0.003698,393.0,0.003704,121.0,0.003705,390.0
1753533387174,12:36:27.174,DEGEN/USDT:USDT,0.003699,110.0,0.003698,393.0,0.003704,121.0,0.003705,390.0
1753533387522,12:36:27.522,DEGEN/USDT:USDT,0.003699,110.0,0.003698,393.0,0.003704,121.0,0.003705,390.0
1753533387730,12:36:27.730,DEGEN/USDT:USDT,0.003699,110.0,0.003698,393.0,0.003703,112.0,0.003704,112.0
1753533387933,12:36:27.933,DEGEN/USDT:USDT,0.003699,110.0,0.003698,393.0,0.003703,112.0,0.003704,121.0
1753533388009,12:36:28.009,DEGEN/USDT:USDT,0.003699,110.0,0.003698,393.0,0.003703,112.0,0.003704,121.0
1753533389775,12:36:29.775,DEGEN/USDT:USDT,0.003699,110.0,0.003698,393.0,0.003703,112.0,0.003704,121.0
1753533390433,12:36:30.433,DEGEN/USDT:USDT,0.003699,110.0,0.003698,393.0,0.003703,112.0,0.003704,121.0
1753533391132,12:36:31.132,DEGEN/USDT:USDT,0.003699,110.0,0.003698,393.0,0.003704,112.0,0.003705,390.0
1753533391199,12:36:31.199,DEGEN/USDT:USDT,0.003699,110.0,0.003698,393.0,0.003704,112.0,0.003705,390.0
1753533391297,12:36:31.297,DEGEN/USDT:USDT,0.003699,110.0,0.003698,393.0,0.003704,112.0,0.003705,390.0
1753533391355,12:36:31.355,DEGEN/USDT:USDT,0.003699,110.0,0.003698,393.0,0.003704,112.0,0.003705,390.0
1753533391632,12:36:31.632,DEGEN/USDT:USDT,0.003699,110.0,0.003698,393.0,0.003704,112.0,0.003705,390.0
1753533391642,12:36:31.642,DEGEN/USDT:USDT,0.003699,110.0,0.003698,393.0,0.003704,112.0,0.003705,390.0
1753533392003,12:36:32.003,DEGEN/USDT:USDT,0.003699,110.0,0.003698,393.0,0.003704,112.0,0.003705,390.0
1753533392432,12:36:32.432,DEGEN/USDT:USDT,0.003699,110.0,0.003698,393.0,0.003704,112.0,0.003705,390.0
1753533392493,12:36:32.493,DEGEN/USDT:USDT,0.003699,110.0,0.003698,393.0,0.003704,112.0,0.003705,390.0
1753533392863,12:36:32.863,DEGEN/USDT:USDT,0.003699,110.0,0.003698,393.0,0.003704,112.0,0.003705,390.0
1753533393044,12:36:33.044,DEGEN/USDT:USDT,0.003699,110.0,0.003698,393.0,0.003704,112.0,0.003705,390.0
1753533393637,12:36:33.637,DEGEN/USDT:USDT,0.003699,110.0,0.003698,393.0,0.003704,112.0,0.003705,390.0
1753533393707,12:36:33.707,DEGEN/USDT:USDT,0.003699,110.0,0.003698,393.0,0.003704,112.0,0.003705,390.0
1753533393770,12:36:33.770,DEGEN/USDT:USDT,0.003699,110.0,0.003698,393.0,0.003704,112.0,0.003705,390.0
1753533394096,12:36:34.096,DEGEN/USDT:USDT,0.003699,110.0,0.003698,393.0,0.003704,112.0,0.003705,390.0
1753533394164,12:36:34.164,DEGEN/USDT:USDT,0.003699,110.0,0.003698,393.0,0.003704,112.0,0.003705,390.0
1753533394520,12:36:34.520,DEGEN/USDT:USDT,0.003699,110.0,0.003698,393.0,0.003704,112.0,0.003705,390.0
1753533394584,12:36:34.584,DEGEN/USDT:USDT,0.003699,110.0,0.003698,393.0,0.003704,112.0,0.003705,390.0
1753533394933,12:36:34.933,DEGEN/USDT:USDT,0.003699,110.0,0.003698,393.0,0.003704,112.0,0.003705,390.0
1753533394941,12:36:34.941,DEGEN/USDT:USDT,0.003699,110.0,0.003698,393.0,0.003704,112.0,0.003705,390.0
1753533395095,12:36:35.095,DEGEN/USDT:USDT,0.003699,110.0,0.003698,393.0,0.003704,112.0,0.003705,390.0
1753533395331,12:36:35.331,DEGEN/USDT:USDT,0.003699,110.0,0.003698,393.0,0.003704,112.0,0.003705,390.0
1753533395416,12:36:35.416,DEGEN/USDT:USDT,0.003699,110.0,0.003698,393.0,0.003704,112.0,0.003705,390.0
1753533397027,12:36:37.027,DEGEN/USDT:USDT,0.003699,110.0,0.003698,393.0,0.003703,114.0,0.003704,121.0
1753533397093,12:36:37.093,DEGEN/USDT:USDT,0.003699,110.0,0.003698,393.0,0.003702,114.0,0.003703,392.0
1753533397330,12:36:37.330,DEGEN/USDT:USDT,0.003699,110.0,0.003698,393.0,0.003702,114.0,0.003703,392.0
1753533398462,12:36:38.462,DEGEN/USDT:USDT,0.003699,110.0,0.003698,393.0,0.003702,114.0,0.003703,392.0
1753533398949,12:36:38.949,DEGEN/USDT:USDT,0.003699,110.0,0.003698,393.0,0.003702,114.0,0.003703,392.0
1753533399788,12:36:39.788,DEGEN/USDT:USDT,0.003699,110.0,0.003698,393.0,0.003702,114.0,0.003703,392.0
1753533400420,12:36:40.420,DEGEN/USDT:USDT,0.003699,110.0,0.003698,393.0,0.003702,114.0,0.003703,392.0
1753533400843,12:36:40.843,DEGEN/USDT:USDT,0.003699,110.0,0.003698,393.0,0.003702,123.0,0.003703,392.0
1753533401218,12:36:41.218,DEGEN/USDT:USDT,0.003699,110.0,0.003698,393.0,0.003702,123.0,0.003703,392.0
1753533402689,12:36:42.689,DEGEN/USDT:USDT,0.003699,110.0,0.003698,393.0,0.003702,123.0,0.003703,392.0
1753533403381,12:36:43.381,DEGEN/USDT:USDT,0.003699,110.0,0.003698,393.0,0.003702,123.0,0.003703,392.0
1753533405376,12:36:45.376,DEGEN/USDT:USDT,0.003699,110.0,0.003698,393.0,0.003701,114.0,0.003702,114.0
1753533405528,12:36:45.528,DEGEN/USDT:USDT,0.003699,110.0,0.003698,393.0,0.003702,123.0,0.003703,392.0
1753533405545,12:36:45.545,DEGEN/USDT:USDT,0.003699,110.0,0.003698,393.0,0.003701,114.0,0.003702,114.0
1753533405692,12:36:45.692,DEGEN/USDT:USDT,0.003699,110.0,0.003698,393.0,0.003702,114.0,0.003703,392.0
1753533405994,12:36:45.994,DEGEN/USDT:USDT,0.003699,110.0,0.003698,393.0,0.003702,114.0,0.003703,392.0
1753533406924,12:36:46.924,DEGEN/USDT:USDT,0.003696,111.0,0.003695,393.0,0.003701,392.0,0.003702,114.0
1753533407025,12:36:47.025,DEGEN/USDT:USDT,0.003696,111.0,0.003695,393.0,0.0037,114.0,0.003701,392.0
1753533407127,12:36:47.127,DEGEN/USDT:USDT,0.003696,111.0,0.003695,393.0,0.0037,114.0,0.003701,392.0
1753533407227,12:36:47.227,DEGEN/USDT:USDT,0.003696,111.0,0.003695,393.0,0.0037,114.0,0.003701,392.0
1753533407698,12:36:47.698,DEGEN/USDT:USDT,0.003696,111.0,0.003695,393.0,0.0037,114.0,0.003701,392.0
1753533408215,12:36:48.215,DEGEN/USDT:USDT,0.003696,111.0,0.003695,393.0,0.0037,114.0,0.003701,392.0
1753533408637,12:36:48.637,DEGEN/USDT:USDT,0.003693,111.0,0.003692,2669.0,0.0037,114.0,0.003701,392.0
1753533408717,12:36:48.717,DEGEN/USDT:USDT,0.003693,111.0,0.003692,504.0,0.003701,114.0,0.003702,393.0
1753533408741,12:36:48.741,DEGEN/USDT:USDT,0.003693,111.0,0.003692,504.0,0.003701,114.0,0.003702,393.0
1753533408936,12:36:48.936,DEGEN/USDT:USDT,0.003693,111.0,0.003692,504.0,0.003701,114.0,0.003702,393.0
1753533408959,12:36:48.959,DEGEN/USDT:USDT,0.003693,111.0,0.003692,504.0,0.003701,114.0,0.003702,393.0
1753533410005,12:36:50.005,DEGEN/USDT:USDT,0.003693,111.0,0.003692,504.0,0.003701,114.0,0.003702,393.0
1753533410201,12:36:50.201,DEGEN/USDT:USDT,0.003693,111.0,0.003692,504.0,0.0037,112.0,0.003701,123.0
1753533410288,12:36:50.288,DEGEN/USDT:USDT,0.003693,111.0,0.003692,504.0,0.0037,112.0,0.003701,401.0
1753533410423,12:36:50.423,DEGEN/USDT:USDT,0.003693,111.0,0.003692,504.0,0.0037,112.0,0.003701,401.0
1753533411490,12:36:51.490,DEGEN/USDT:USDT,0.003693,111.0,0.003692,504.0,0.0037,112.0,0.003701,401.0
1753533413299,12:36:53.299,DEGEN/USDT:USDT,0.003693,111.0,0.003692,504.0,0.0037,112.0,0.003701,392.0
1753533413787,12:36:53.787,DEGEN/USDT:USDT,0.003693,111.0,0.003692,504.0,0.0037,112.0,0.003701,392.0
1753533415521,12:36:55.521,DEGEN/USDT:USDT,0.003696,112.0,0.003695,393.0,0.0037,112.0,0.003701,392.0
1753533415570,12:36:55.570,DEGEN/USDT:USDT,0.003696,112.0,0.003695,393.0,0.0037,112.0,0.003701,392.0
1753533415863,12:36:55.863,DEGEN/USDT:USDT,0.003696,112.0,0.003695,393.0,0.0037,112.0,0.003701,392.0
1753533416007,12:36:56.007,DEGEN/USDT:USDT,0.003696,112.0,0.003695,393.0,0.0037,132.0,0.003701,392.0
1753533416304,12:36:56.304,DEGEN/USDT:USDT,0.003696,112.0,0.003695,393.0,0.0037,112.0,0.003701,392.0
1753533417011,12:36:57.011,DEGEN/USDT:USDT,0.003696,112.0,0.003695,393.0,0.0037,112.0,0.003701,392.0
1753533417086,12:36:57.086,DEGEN/USDT:USDT,0.003696,112.0,0.003695,393.0,0.0037,112.0,0.003701,392.0
1753533419933,12:36:59.933,DEGEN/USDT:USDT,0.003696,112.0,0.003695,393.0,0.003701,392.0,0.003703,114.0
1753533420065,12:37:00.065,DEGEN/USDT:USDT,0.003696,112.0,0.003695,393.0,0.003701,392.0,0.003703,114.0
1753533420218,12:37:00.218,DEGEN/USDT:USDT,0.003696,112.0,0.003695,393.0,0.0037,109.0,0.003701,392.0
1753533420334,12:37:00.334,DEGEN/USDT:USDT,0.003696,112.0,0.003695,393.0,0.0037,118.0,0.003701,392.0
1753533420636,12:37:00.636,DEGEN/USDT:USDT,0.003696,112.0,0.003695,393.0,0.003699,109.0,0.0037,396.0
1753533421025,12:37:01.025,DEGEN/USDT:USDT,0.003696,112.0,0.003695,393.0,0.0037,396.0,0.003701,114.0
1753533421334,12:37:01.334,DEGEN/USDT:USDT,0.003696,112.0,0.003695,393.0,0.0037,287.0,0.003701,114.0
1753533421428,12:37:01.428,DEGEN/USDT:USDT,0.003696,112.0,0.003695,393.0,0.003701,114.0,0.003702,278.0
1753533421483,12:37:01.483,DEGEN/USDT:USDT,0.003696,112.0,0.003695,393.0,0.003701,114.0,0.003702,278.0
1753533421608,12:37:01.608,DEGEN/USDT:USDT,0.003696,112.0,0.003695,393.0,0.003701,114.0,0.003702,278.0
1753533421815,12:37:01.815,DEGEN/USDT:USDT,0.003696,112.0,0.003695,393.0,0.003701,114.0,0.003702,278.0
1753533422414,12:37:02.414,DEGEN/USDT:USDT,0.003696,112.0,0.003695,393.0,0.003701,392.0,0.003703,114.0
1753533422486,12:37:02.486,DEGEN/USDT:USDT,0.003696,112.0,0.003695,393.0,0.003701,401.0,0.003703,114.0
1753533422628,12:37:02.628,DEGEN/USDT:USDT,0.003696,112.0,0.003695,393.0,0.0037,109.0,0.003701,392.0
1753533422676,12:37:02.676,DEGEN/USDT:USDT,0.003696,112.0,0.003695,393.0,0.0037,109.0,0.003701,392.0
1753533422780,12:37:02.780,DEGEN/USDT:USDT,0.003696,112.0,0.003695,393.0,0.0037,109.0,0.003701,392.0
1753533422923,12:37:02.923,DEGEN/USDT:USDT,0.003696,112.0,0.003695,393.0,0.0037,109.0,0.003701,392.0
1753533423192,12:37:03.192,DEGEN/USDT:USDT,0.003696,112.0,0.003695,393.0,0.0037,109.0,0.003701,392.0
1753533424007,12:37:04.007,DEGEN/USDT:USDT,0.003696,112.0,0.003695,393.0,0.0037,109.0,0.003701,392.0
1753533424418,12:37:04.418,DEGEN/USDT:USDT,0.003696,112.0,0.003695,393.0,0.0037,109.0,0.003701,392.0
1753533424518,12:37:04.518,DEGEN/USDT:USDT,0.003696,112.0,0.003695,393.0,0.0037,109.0,0.003701,392.0
1753533427110,12:37:07.110,DEGEN/USDT:USDT,0.003696,112.0,0.003695,393.0,0.0037,387.0,0.003701,114.0
1753533430829,12:37:10.829,DEGEN/USDT:USDT,0.003696,112.0,0.003695,393.0,0.003699,278.0,0.0037,109.0
1753533430881,12:37:10.881,DEGEN/USDT:USDT,0.003696,112.0,0.003695,393.0,0.0037,387.0,0.003701,114.0
1753533431259,12:37:11.259,DEGEN/USDT:USDT,0.003696,112.0,0.003695,393.0,0.0037,387.0,0.003701,114.0
1753533432003,12:37:12.003,DEGEN/USDT:USDT,0.003696,112.0,0.003695,393.0,0.0037,387.0,0.003701,114.0
1753533432074,12:37:12.074,DEGEN/USDT:USDT,0.003696,112.0,0.003695,393.0,0.0037,387.0,0.003701,114.0
1753533433431,12:37:13.431,DEGEN/USDT:USDT,0.003696,112.0,0.003695,393.0,0.003699,278.0,0.003701,114.0
1753533433460,12:37:13.460,DEGEN/USDT:USDT,0.003696,112.0,0.003695,393.0,0.0037,113.0,0.003701,392.0
1753533433542,12:37:13.542,DEGEN/USDT:USDT,0.003696,112.0,0.003695,393.0,0.0037,391.0,0.003701,114.0
1753533433697,12:37:13.697,DEGEN/USDT:USDT,0.003696,112.0,0.003695,393.0,0.0037,391.0,0.003701,114.0
1753533435715,12:37:15.715,DEGEN/USDT:USDT,0.003696,112.0,0.003695,393.0,0.0037,400.0,0.003701,114.0
1753533436123,12:37:16.123,DEGEN/USDT:USDT,0.003696,112.0,0.003695,393.0,0.0037,400.0,0.003701,114.0
1753533436423,12:37:16.423,DEGEN/USDT:USDT,0.003696,112.0,0.003695,393.0,0.003699,278.0,0.0037,113.0
1753533436535,12:37:16.535,DEGEN/USDT:USDT,0.003696,112.0,0.003695,393.0,0.003699,278.0,0.0037,113.0
1753533436550,12:37:16.550,DEGEN/USDT:USDT,0.003696,112.0,0.003695,393.0,0.0037,278.0,0.003701,114.0
1753533436643,12:37:16.643,DEGEN/USDT:USDT,0.003696,112.0,0.003695,393.0,0.003701,392.0,0.003702,141.0
1753533436955,12:37:16.955,DEGEN/USDT:USDT,0.003696,112.0,0.003695,393.0,0.003701,413.0,0.003702,141.0
1753533437234,12:37:17.234,DEGEN/USDT:USDT,0.003696,112.0,0.003695,393.0,0.003701,413.0,0.003702,141.0
1753533439545,12:37:19.545,DEGEN/USDT:USDT,0.003696,112.0,0.003695,393.0,0.003701,392.0,0.003702,141.0
1753533440694,12:37:20.694,DEGEN/USDT:USDT,0.003696,112.0,0.003695,393.0,0.0037,278.0,0.003702,141.0
1753533440751,12:37:20.751,DEGEN/USDT:USDT,0.003696,112.0,0.003695,393.0,0.003702,529.0,0.003703,114.0
1753533440908,12:37:20.908,DEGEN/USDT:USDT,0.003696,112.0,0.003695,393.0,0.003702,529.0,0.003703,114.0
1753533441005,12:37:21.005,DEGEN/USDT:USDT,0.003696,112.0,0.003695,393.0,0.003702,529.0,0.003703,114.0
1753533442039,12:37:22.039,DEGEN/USDT:USDT,0.003696,112.0,0.003695,393.0,0.003701,110.0,0.003702,529.0
1753533442142,12:37:22.142,DEGEN/USDT:USDT,0.003696,112.0,0.003695,393.0,0.003701,388.0,0.003702,251.0
1753533442342,12:37:22.342,DEGEN/USDT:USDT,0.003696,112.0,0.003695,393.0,0.003701,388.0,0.003702,251.0
1753533443637,12:37:23.637,DEGEN/USDT:USDT,0.003701,110.0,0.003696,212.0,0.003704,110.0,0.003705,112.0
1753533443730,12:37:23.730,DEGEN/USDT:USDT,0.003699,110.0,0.003698,393.0,0.003704,110.0,0.003705,112.0
1753533443818,12:37:23.818,DEGEN/USDT:USDT,0.003699,110.0,0.003698,393.0,0.003705,112.0,0.003707,2273.0
1753533443911,12:37:23.911,DEGEN/USDT:USDT,0.003699,110.0,0.003698,393.0,0.003705,112.0,0.003707,2273.0
1753533444036,12:37:24.036,DEGEN/USDT:USDT,0.003699,110.0,0.003698,393.0,0.003705,112.0,0.003707,2273.0
1753533444124,12:37:24.124,DEGEN/USDT:USDT,0.003699,110.0,0.003698,393.0,0.003705,112.0,0.003707,2273.0
1753533445330,12:37:25.330,DEGEN/USDT:USDT,0.003699,110.0,0.003698,393.0,0.003705,112.0,0.003707,2273.0
1753533445427,12:37:25.427,DEGEN/USDT:USDT,0.003699,110.0,0.003698,393.0,0.003705,112.0,0.003706,278.0
1753533445580,12:37:25.580,DEGEN/USDT:USDT,0.003699,110.0,0.003698,393.0,0.003704,110.0,0.003705,124.0
1753533445833,12:37:25.833,DEGEN/USDT:USDT,0.003699,110.0,0.003698,393.0,0.003704,110.0,0.003705,124.0
1753533446786,12:37:26.786,DEGEN/USDT:USDT,0.003699,110.0,0.003698,393.0,0.003704,110.0,0.003705,124.0
1753533446842,12:37:26.842,DEGEN/USDT:USDT,0.003699,110.0,0.003698,393.0,0.003704,110.0,0.003705,124.0
1753533447133,12:37:27.133,DEGEN/USDT:USDT,0.003699,110.0,0.003698,393.0,0.003704,110.0,0.003705,124.0
1753533447658,12:37:27.658,DEGEN/USDT:USDT,0.003699,110.0,0.003698,393.0,0.003704,110.0,0.003705,124.0
1753533447784,12:37:27.784,DEGEN/USDT:USDT,0.003699,110.0,0.003698,393.0,0.003704,110.0,0.003705,124.0
1753533448489,12:37:28.489,DEGEN/USDT:USDT,0.003699,110.0,0.003698,393.0,0.003704,110.0,0.003705,124.0
1753533448601,12:37:28.601,DEGEN/USDT:USDT,0.003699,110.0,0.003698,393.0,0.003704,110.0,0.003705,124.0
1753533448675,12:37:28.675,DEGEN/USDT:USDT,0.003699,110.0,0.003698,393.0,0.003704,110.0,0.003705,124.0
1753533448833,12:37:28.833,DEGEN/USDT:USDT,0.003699,110.0,0.003698,393.0,0.003704,278.0,0.003705,112.0
1753533448927,12:37:28.927,DEGEN/USDT:USDT,0.003699,110.0,0.003698,393.0,0.003704,291.0,0.003705,112.0
1753533449004,12:37:29.004,DEGEN/USDT:USDT,0.003699,110.0,0.003698,393.0,0.003703,110.0,0.003704,291.0
1753533449136,12:37:29.136,DEGEN/USDT:USDT,0.003699,110.0,0.003698,393.0,0.003703,110.0,0.003704,291.0
1753533449804,12:37:29.804,DEGEN/USDT:USDT,0.003699,110.0,0.003698,393.0,0.003703,110.0,0.003704,291.0
1753533449868,12:37:29.868,DEGEN/USDT:USDT,0.003699,110.0,0.003698,393.0,0.003703,110.0,0.003704,291.0
1753533450243,12:37:30.243,DEGEN/USDT:USDT,0.003699,110.0,0.003698,393.0,0.003703,110.0,0.003704,291.0
1753533450343,12:37:30.343,DEGEN/USDT:USDT,0.003699,110.0,0.003698,393.0,0.003703,110.0,0.003704,291.0
1753533450533,12:37:30.533,DEGEN/USDT:USDT,0.003699,110.0,0.003698,393.0,0.003703,110.0,0.003704,291.0
1753533450608,12:37:30.608,DEGEN/USDT:USDT,0.003699,110.0,0.003698,393.0,0.003703,110.0,0.003704,291.0
1753533451206,12:37:31.206,DEGEN/USDT:USDT,0.003699,110.0,0.003698,393.0,0.003703,110.0,0.003704,291.0
1753533451515,12:37:31.515,DEGEN/USDT:USDT,0.003699,110.0,0.003698,393.0,0.003703,110.0,0.003704,291.0
1753533451708,12:37:31.708,DEGEN/USDT:USDT,0.003699,110.0,0.003698,393.0,0.003703,110.0,0.003704,291.0
1753533451834,12:37:31.834,DEGEN/USDT:USDT,0.003699,110.0,0.003698,393.0,0.003703,110.0,0.003704,291.0
1753533451934,12:37:31.934,DEGEN/USDT:USDT,0.003699,110.0,0.003698,393.0,0.003703,110.0,0.003704,291.0
1753533452034,12:37:32.034,DEGEN/USDT:USDT,0.003699,110.0,0.003698,393.0,0.003703,110.0,0.003704,291.0
1753533452106,12:37:32.106,DEGEN/USDT:USDT,0.003699,110.0,0.003698,393.0,0.003703,110.0,0.003704,291.0
1753533452181,12:37:32.181,DEGEN/USDT:USDT,0.003699,110.0,0.003698,393.0,0.003703,110.0,0.003704,291.0
1753533452526,12:37:32.526,DEGEN/USDT:USDT,0.003699,110.0,0.003698,393.0,0.003703,110.0,0.003704,291.0
1753533452597,12:37:32.597,DEGEN/USDT:USDT,0.003699,110.0,0.003698,393.0,0.003703,110.0,0.003704,291.0
1753533452762,12:37:32.762,DEGEN/USDT:USDT,0.003699,110.0,0.003698,393.0,0.003703,110.0,0.003704,291.0
1753533452994,12:37:32.994,DEGEN/USDT:USDT,0.003699,110.0,0.003698,393.0,0.003703,110.0,0.003704,278.0
1753533453097,12:37:33.097,DEGEN/USDT:USDT,0.003699,110.0,0.003698,393.0,0.003703,123.0,0.003704,278.0
1753533453179,12:37:33.179,DEGEN/USDT:USDT,0.003699,110.0,0.003698,393.0,0.003703,123.0,0.003704,278.0
1753533453597,12:37:33.597,DEGEN/USDT:USDT,0.003699,110.0,0.003698,393.0,0.003703,123.0,0.003704,278.0
1753533453725,12:37:33.725,DEGEN/USDT:USDT,0.003699,110.0,0.003698,393.0,0.003703,123.0,0.003704,278.0
1753533453755,12:37:33.755,DEGEN/USDT:USDT,0.003699,110.0,0.003698,393.0,0.003703,123.0,0.003704,278.0
1753533454027,12:37:34.027,DEGEN/USDT:USDT,0.003699,110.0,0.003698,393.0,0.003703,401.0,0.003704,141.0
1753533454130,12:37:34.130,DEGEN/USDT:USDT,0.003699,110.0,0.003698,393.0,0.003703,401.0,0.003705,112.0
1753533454221,12:37:34.221,DEGEN/USDT:USDT,0.003699,110.0,0.003698,393.0,0.003703,401.0,0.003705,112.0
1753533454437,12:37:34.437,DEGEN/USDT:USDT,0.003699,110.0,0.003698,393.0,0.003703,401.0,0.003705,112.0
1753533454486,12:37:34.486,DEGEN/USDT:USDT,0.003699,110.0,0.003698,393.0,0.003703,401.0,0.003705,112.0
1753533454541,12:37:34.541,DEGEN/USDT:USDT,0.003699,110.0,0.003698,393.0,0.003703,401.0,0.003705,112.0
1753533454725,12:37:34.725,DEGEN/USDT:USDT,0.003699,110.0,0.003698,393.0,0.003702,278.0,0.003703,123.0
1753533454787,12:37:34.787,DEGEN/USDT:USDT,0.003699,110.0,0.003698,393.0,0.003703,401.0,0.003705,112.0
1753533454859,12:37:34.859,DEGEN/USDT:USDT,0.003699,110.0,0.003698,393.0,0.003703,401.0,0.003705,112.0
1753533455132,12:37:35.132,DEGEN/USDT:USDT,0.003699,110.0,0.003698,393.0,0.003702,278.0,0.003703,123.0
1753533455211,12:37:35.211,DEGEN/USDT:USDT,0.003699,110.0,0.003698,393.0,0.003703,401.0,0.003705,112.0
1753533455289,12:37:35.289,DEGEN/USDT:USDT,0.003699,110.0,0.003698,393.0,0.003703,401.0,0.003705,112.0
1753533455356,12:37:35.356,DEGEN/USDT:USDT,0.003699,110.0,0.003698,393.0,0.003703,401.0,0.003705,112.0
1753533455827,12:37:35.827,DEGEN/USDT:USDT,0.003699,110.0,0.003698,393.0,0.003702,278.0,0.003703,123.0
1753533455895,12:37:35.895,DEGEN/USDT:USDT,0.003699,110.0,0.003698,393.0,0.003703,401.0,0.003705,112.0
1753533456007,12:37:36.007,DEGEN/USDT:USDT,0.003699,110.0,0.003698,393.0,0.003704,278.0,0.003705,112.0
1753533456112,12:37:36.112,DEGEN/USDT:USDT,0.003702,109.0,0.003701,393.0,0.003704,109.0,0.003705,390.0
1753533456233,12:37:36.233,DEGEN/USDT:USDT,0.003702,109.0,0.003701,393.0,0.003704,109.0,0.003705,390.0
1753533456610,12:37:36.610,DEGEN/USDT:USDT,0.003702,109.0,0.003701,393.0,0.003705,390.0,0.003707,257.0
1753533456935,12:37:36.935,DEGEN/USDT:USDT,0.003702,109.0,0.003701,393.0,0.003705,390.0,0.003707,257.0
1753533457036,12:37:37.036,DEGEN/USDT:USDT,0.003702,109.0,0.003701,393.0,0.003705,390.0,0.003707,257.0
1753533457098,12:37:37.098,DEGEN/USDT:USDT,0.003702,109.0,0.003701,393.0,0.003705,390.0,0.003707,257.0
1753533457226,12:37:37.226,DEGEN/USDT:USDT,0.003702,109.0,0.003701,393.0,0.003704,109.0,0.003705,390.0
1753533457318,12:37:37.318,DEGEN/USDT:USDT,0.003702,109.0,0.003701,393.0,0.003704,109.0,0.003705,390.0
1753533457388,12:37:37.388,DEGEN/USDT:USDT,0.003702,109.0,0.003701,393.0,0.003704,109.0,0.003705,390.0
1753533460435,12:37:40.435,DEGEN/USDT:USDT,0.003702,109.0,0.003701,393.0,0.003705,390.0,0.003707,257.0
1753533460448,12:37:40.448,DEGEN/USDT:USDT,0.003702,109.0,0.003701,393.0,0.003705,390.0,0.003707,257.0
1753533460589,12:37:40.589,DEGEN/USDT:USDT,0.003702,109.0,0.003701,393.0,0.003705,390.0,0.003707,257.0
1753533460656,12:37:40.656,DEGEN/USDT:USDT,0.003702,109.0,0.003701,393.0,0.003705,390.0,0.003707,257.0
1753533460894,12:37:40.894,DEGEN/USDT:USDT,0.003702,109.0,0.003701,393.0,0.003705,390.0,0.003707,257.0
1753533461031,12:37:41.031,DEGEN/USDT:USDT,0.003702,109.0,0.003701,393.0,0.003705,399.0,0.003707,257.0
1753533461108,12:37:41.108,DEGEN/USDT:USDT,0.003702,109.0,0.003701,393.0,0.003705,399.0,0.003707,3356.0
1753533461239,12:37:41.239,DEGEN/USDT:USDT,0.003702,109.0,0.003701,393.0,0.003705,399.0,0.003707,3356.0
1753533461474,12:37:41.474,DEGEN/USDT:USDT,0.003702,113.0,0.003701,393.0,0.003705,390.0,0.003707,3356.0
1753533461671,12:37:41.671,DEGEN/USDT:USDT,0.003702,113.0,0.003701,393.0,0.003703,278.0,0.003705,112.0
1753533461824,12:37:41.824,DEGEN/USDT:USDT,0.003702,113.0,0.003701,393.0,0.003704,113.0,0.003705,390.0
1753533461842,12:37:41.842,DEGEN/USDT:USDT,0.003702,113.0,0.003701,393.0,0.003704,391.0,0.003705,112.0
1753533462021,12:37:42.021,DEGEN/USDT:USDT,0.003702,113.0,0.003701,393.0,0.003704,391.0,0.003705,112.0
1753533462052,12:37:42.052,DEGEN/USDT:USDT,0.003702,113.0,0.003701,393.0,0.003704,391.0,0.003705,112.0
1753533463269,12:37:43.269,DEGEN/USDT:USDT,0.003702,113.0,0.003701,393.0,0.003704,391.0,0.003705,112.0
1753533463574,12:37:43.574,DEGEN/USDT:USDT,0.003702,113.0,0.003701,393.0,0.003704,391.0,0.003705,112.0
1753533464102,12:37:44.102,DEGEN/USDT:USDT,0.003701,393.0,0.003699,110.0,0.003704,391.0,0.003705,112.0
1753533464246,12:37:44.246,DEGEN/USDT:USDT,0.003701,393.0,0.003699,110.0,0.003704,391.0,0.003705,112.0
1753533465064,12:37:45.064,DEGEN/USDT:USDT,0.003702,113.0,0.003701,393.0,0.003704,391.0,0.003705,112.0
1753533465713,12:37:45.713,DEGEN/USDT:USDT,0.003702,113.0,0.003701,393.0,0.003704,391.0,0.003705,112.0
1753533465831,12:37:45.831,DEGEN/USDT:USDT,0.003701,393.0,0.003699,110.0,0.003704,391.0,0.003705,112.0
1753533465880,12:37:45.880,DEGEN/USDT:USDT,0.003701,393.0,0.003699,110.0,0.003704,391.0,0.003705,112.0
1753533468023,12:37:48.023,DEGEN/USDT:USDT,0.003701,393.0,0.003699,110.0,0.003704,391.0,0.003705,112.0
1753533468303,12:37:48.303,DEGEN/USDT:USDT,0.003701,393.0,0.003699,110.0,0.003704,391.0,0.003705,112.0
1753533468730,12:37:48.730,DEGEN/USDT:USDT,0.003702,113.0,0.003701,393.0,0.003704,122.0,0.003705,390.0
1753533469032,12:37:49.032,DEGEN/USDT:USDT,0.003702,113.0,0.003701,393.0,0.003704,122.0,0.003705,390.0
1753533469129,12:37:49.129,DEGEN/USDT:USDT,0.003702,113.0,0.003701,393.0,0.003704,122.0,0.003705,390.0
1753533470454,12:37:50.454,DEGEN/USDT:USDT,0.003702,113.0,0.003701,393.0,0.003704,122.0,0.003705,390.0
1753533471450,12:37:51.450,DEGEN/USDT:USDT,0.003702,113.0,0.003701,393.0,0.003704,122.0,0.003705,390.0
1753533473711,12:37:53.711,DEGEN/USDT:USDT,0.003701,393.0,0.003699,110.0,0.003704,122.0,0.003705,390.0
1753533473825,12:37:53.825,DEGEN/USDT:USDT,0.003701,393.0,0.003699,110.0,0.003704,122.0,0.003705,390.0
1753533476585,12:37:56.585,DEGEN/USDT:USDT,0.003701,393.0,0.003699,110.0,0.003704,122.0,0.003705,390.0
1753533479237,12:37:59.237,DEGEN/USDT:USDT,0.003701,393.0,0.003699,110.0,0.003704,122.0,0.003705,390.0
1753533480124,12:38:00.124,DEGEN/USDT:USDT,0.003701,393.0,0.003699,110.0,0.003704,391.0,0.003705,112.0
1753533480168,12:38:00.168,DEGEN/USDT:USDT,0.003701,393.0,0.003699,110.0,0.003703,111.0,0.003704,391.0
1753533480320,12:38:00.320,DEGEN/USDT:USDT,0.003699,110.0,0.003698,393.0,0.003703,111.0,0.003704,391.0
1753533480397,12:38:00.397,DEGEN/USDT:USDT,0.003699,110.0,0.003698,393.0,0.003703,111.0,0.003704,391.0
1753533480505,12:38:00.505,DEGEN/USDT:USDT,0.003699,110.0,0.003698,393.0,0.003703,111.0,0.003704,391.0
1753533480635,12:38:00.635,DEGEN/USDT:USDT,0.003699,110.0,0.003698,393.0,0.003703,111.0,0.003704,391.0
1753533480702,12:38:00.702,DEGEN/USDT:USDT,0.003699,110.0,0.003698,393.0,0.003703,111.0,0.003704,391.0
1753533480817,12:38:00.817,DEGEN/USDT:USDT,0.003699,110.0,0.003698,393.0,0.003703,111.0,0.003704,391.0
1753533480920,12:38:00.920,DEGEN/USDT:USDT,0.003699,110.0,0.003698,393.0,0.003703,111.0,0.003704,391.0
1753533481004,12:38:01.004,DEGEN/USDT:USDT,0.003699,110.0,0.003698,393.0,0.003703,111.0,0.003704,391.0
1753533481120,12:38:01.120,DEGEN/USDT:USDT,0.003699,110.0,0.003698,393.0,0.003703,111.0,0.003704,391.0
1753533481206,12:38:01.206,DEGEN/USDT:USDT,0.003699,110.0,0.003698,393.0,0.003703,120.0,0.003704,391.0
1753533481272,12:38:01.272,DEGEN/USDT:USDT,0.003701,393.0,0.003699,110.0,0.003703,111.0,0.003704,391.0
1753533481398,12:38:01.398,DEGEN/USDT:USDT,0.003701,393.0,0.003699,110.0,0.003703,111.0,0.003704,391.0
1753533481633,12:38:01.633,DEGEN/USDT:USDT,0.003701,393.0,0.003699,110.0,0.003703,111.0,0.003704,391.0
1753533481659,12:38:01.659,DEGEN/USDT:USDT,0.003701,393.0,0.003699,110.0,0.003704,400.0,0.003705,112.0
1753533482019,12:38:02.019,DEGEN/USDT:USDT,0.003702,111.0,0.003701,393.0,0.003704,400.0,0.003705,112.0
1753533482074,12:38:02.074,DEGEN/USDT:USDT,0.003702,111.0,0.003701,393.0,0.003704,400.0,0.003705,112.0
1753533482236,12:38:02.236,DEGEN/USDT:USDT,0.003702,111.0,0.003701,393.0,0.003705,112.0,0.003706,278.0
1753533482243,12:38:02.243,DEGEN/USDT:USDT,0.003702,111.0,0.003701,393.0,0.003705,112.0,0.003706,278.0
1753533482466,12:38:02.466,DEGEN/USDT:USDT,0.003702,111.0,0.003701,393.0,0.003705,112.0,0.003706,278.0
1753533482881,12:38:02.881,DEGEN/USDT:USDT,0.003702,111.0,0.003701,393.0,0.003705,112.0,0.003706,278.0
1753533483637,12:38:03.637,DEGEN/USDT:USDT,0.003702,111.0,0.003701,393.0,0.003705,112.0,0.003706,278.0
1753533483877,12:38:03.877,DEGEN/USDT:USDT,0.003701,393.0,0.003699,110.0,0.003705,112.0,0.003706,278.0
1753533483944,12:38:03.944,DEGEN/USDT:USDT,0.003701,393.0,0.003699,110.0,0.003705,112.0,0.003706,278.0
1753533484109,12:38:04.109,DEGEN/USDT:USDT,0.003701,393.0,0.003699,110.0,0.003705,112.0,0.003706,278.0
1753533484313,12:38:04.313,DEGEN/USDT:USDT,0.003701,393.0,0.003699,110.0,0.003703,111.0,0.003704,120.0
1753533484395,12:38:04.395,DEGEN/USDT:USDT,0.003701,393.0,0.003699,110.0,0.003703,111.0,0.003704,120.0
1753533484533,12:38:04.533,DEGEN/USDT:USDT,0.003701,393.0,0.003699,110.0,0.003702,111.0,0.003703,389.0
1753533484542,12:38:04.542,DEGEN/USDT:USDT,0.003701,393.0,0.003699,110.0,0.003702,111.0,0.003703,389.0
1753533484744,12:38:04.744,DEGEN/USDT:USDT,0.003701,393.0,0.003699,110.0,0.003702,111.0,0.003703,389.0
1753533485007,12:38:05.007,DEGEN/USDT:USDT,0.003701,393.0,0.003699,110.0,0.003702,111.0,0.003703,389.0
1753533485058,12:38:05.058,DEGEN/USDT:USDT,0.003701,393.0,0.003699,110.0,0.003703,389.0,0.003704,120.0
1753533485477,12:38:05.477,DEGEN/USDT:USDT,0.003701,393.0,0.003699,110.0,0.003702,111.0,0.003703,389.0
1753533485628,12:38:05.628,DEGEN/USDT:USDT,0.003701,393.0,0.003699,110.0,0.003702,111.0,0.003703,389.0
1753533485729,12:38:05.729,DEGEN/USDT:USDT,0.003699,110.0,0.003698,393.0,0.003702,111.0,0.003703,389.0
1753533485804,12:38:05.804,DEGEN/USDT:USDT,0.003699,110.0,0.003698,393.0,0.003703,111.0,0.003704,398.0
1753533485902,12:38:05.902,DEGEN/USDT:USDT,0.003699,110.0,0.003698,393.0,0.003703,111.0,0.003704,398.0
1753533486358,12:38:06.358,DEGEN/USDT:USDT,0.003699,110.0,0.003698,393.0,0.003703,111.0,0.003704,398.0
1753533486734,12:38:06.734,DEGEN/USDT:USDT,0.003699,110.0,0.003698,393.0,0.003703,111.0,0.003704,398.0
1753533487008,12:38:07.008,DEGEN/USDT:USDT,0.003699,110.0,0.003698,393.0,0.003703,111.0,0.003704,398.0
1753533487161,12:38:07.161,DEGEN/USDT:USDT,0.003699,110.0,0.003698,393.0,0.003703,111.0,0.003704,398.0
1753533488380,12:38:08.380,DEGEN/USDT:USDT,0.003699,110.0,0.003698,393.0,0.003703,111.0,0.003704,389.0
1753533489596,12:38:09.596,DEGEN/USDT:USDT,0.003699,110.0,0.003698,393.0,0.003703,111.0,0.003704,389.0
1753533491125,12:38:11.125,DEGEN/USDT:USDT,0.003699,110.0,0.003698,393.0,0.003703,111.0,0.003704,389.0
1753533491269,12:38:11.269,DEGEN/USDT:USDT,0.003699,110.0,0.003698,393.0,0.003703,111.0,0.003704,389.0
1753533492026,12:38:12.026,DEGEN/USDT:USDT,0.003699,110.0,0.003698,393.0,0.003703,111.0,0.003704,389.0
1753533493035,12:38:13.035,DEGEN/USDT:USDT,0.003699,110.0,0.003698,393.0,0.003703,111.0,0.003704,389.0
1753533493049,12:38:13.049,DEGEN/USDT:USDT,0.003699,110.0,0.003698,393.0,0.003703,111.0,0.003704,389.0
1753533493721,12:38:13.721,DEGEN/USDT:USDT,0.003699,110.0,0.003698,393.0,0.003703,278.0,0.003704,252.0
1753533493879,12:38:13.879,DEGEN/USDT:USDT,0.003699,110.0,0.003698,393.0,0.003702,118.0,0.003703,278.0
1753533493942,12:38:13.942,DEGEN/USDT:USDT,0.003699,110.0,0.003698,393.0,0.003702,118.0,0.003703,278.0
1753533497229,12:38:17.229,DEGEN/USDT:USDT,0.003699,110.0,0.003698,393.0,0.003701,109.0,0.003702,109.0
1753533497334,12:38:17.334,DEGEN/USDT:USDT,0.003699,110.0,0.003698,393.0,0.003702,109.0,0.003703,278.0
1753533497645,12:38:17.645,DEGEN/USDT:USDT,0.003699,110.0,0.003698,393.0,0.003702,109.0,0.003703,278.0
1753533499914,12:38:19.914,DEGEN/USDT:USDT,0.003699,110.0,0.003698,393.0,0.003704,111.0,0.003705,390.0
1753533500032,12:38:20.032,DEGEN/USDT:USDT,0.003699,110.0,0.003698,393.0,0.003704,111.0,0.003705,390.0
1753533500066,12:38:20.066,DEGEN/USDT:USDT,0.003699,110.0,0.003698,393.0,0.003704,111.0,0.003705,390.0
1753533500547,12:38:20.547,DEGEN/USDT:USDT,0.003699,110.0,0.003698,393.0,0.003704,111.0,0.003705,390.0
1753533501003,12:38:21.003,DEGEN/USDT:USDT,0.003699,110.0,0.003698,393.0,0.003703,109.0,0.003704,130.0
1753533501042,12:38:21.042,DEGEN/USDT:USDT,0.003699,110.0,0.003698,393.0,0.003703,109.0,0.003704,130.0
1753533502625,12:38:22.625,DEGEN/USDT:USDT,0.003699,110.0,0.003698,393.0,0.003703,109.0,0.003704,130.0
1753533503939,12:38:23.939,DEGEN/USDT:USDT,0.003699,110.0,0.003698,393.0,0.003703,109.0,0.003704,130.0
1753533504324,12:38:24.324,DEGEN/USDT:USDT,0.003699,110.0,0.003698,393.0,0.003703,109.0,0.003704,130.0
1753533504418,12:38:24.418,DEGEN/USDT:USDT,0.003699,110.0,0.003698,393.0,0.003703,109.0,0.003704,130.0
1753533505122,12:38:25.122,DEGEN/USDT:USDT,0.003699,110.0,0.003698,393.0,0.003704,111.0,0.003705,390.0
1753533505163,12:38:25.163,DEGEN/USDT:USDT,0.003699,110.0,0.003698,393.0,0.003703,278.0,0.003704,111.0
1753533505274,12:38:25.274,DEGEN/USDT:USDT,0.003699,110.0,0.003698,393.0,0.003702,109.0,0.003703,278.0
1753533506003,12:38:26.003,DEGEN/USDT:USDT,0.003699,110.0,0.003698,393.0,0.003702,109.0,0.003703,278.0
1753533506532,12:38:26.532,DEGEN/USDT:USDT,0.003699,110.0,0.003698,393.0,0.003701,109.0,0.003702,129.0
1753533506902,12:38:26.902,DEGEN/USDT:USDT,0.003699,110.0,0.003698,393.0,0.003701,109.0,0.003702,129.0
1753533507718,12:38:27.718,DEGEN/USDT:USDT,0.003699,110.0,0.003698,393.0,0.003702,129.0,0.003703,278.0
1753533508009,12:38:28.009,DEGEN/USDT:USDT,0.003699,110.0,0.003698,393.0,0.003702,129.0,0.003703,278.0
1753533508131,12:38:28.131,DEGEN/USDT:USDT,0.003699,110.0,0.003698,393.0,0.003702,129.0,0.003703,278.0
1753533510434,12:38:30.434,DEGEN/USDT:USDT,0.003699,110.0,0.003698,393.0,0.003702,407.0,0.003705,112.0
1753533511007,12:38:31.007,DEGEN/USDT:USDT,0.003699,110.0,0.003698,393.0,0.003702,407.0,0.003705,112.0
1753533512169,12:38:32.169,DEGEN/USDT:USDT,0.003699,110.0,0.003698,393.0,0.003702,407.0,0.003705,112.0
1753533513201,12:38:33.201,DEGEN/USDT:USDT,0.003699,110.0,0.003698,393.0,0.003702,407.0,0.003705,112.0
1753533514038,12:38:34.038,DEGEN/USDT:USDT,0.003699,110.0,0.003698,393.0,0.003702,407.0,0.003705,112.0
1753533514467,12:38:34.467,DEGEN/USDT:USDT,0.003699,110.0,0.003698,393.0,0.003702,407.0,0.003705,112.0
1753533515635,12:38:35.635,DEGEN/USDT:USDT,0.003699,110.0,0.003698,393.0,0.003702,407.0,0.003705,112.0
1753533515651,12:38:35.651,DEGEN/USDT:USDT,0.003699,110.0,0.003698,393.0,0.003702,407.0,0.003705,112.0
1753533516891,12:38:36.891,DEGEN/USDT:USDT,0.003699,110.0,0.003698,393.0,0.003702,407.0,0.003704,141.0
1753533517135,12:38:37.135,DEGEN/USDT:USDT,0.003699,110.0,0.003698,393.0,0.003702,387.0,0.003704,141.0
1753533519370,12:38:39.370,DEGEN/USDT:USDT,0.003699,110.0,0.003698,393.0,0.003702,387.0,0.003704,141.0
1753533519938,12:38:39.938,DEGEN/USDT:USDT,0.003699,110.0,0.003698,393.0,0.003702,407.0,0.003704,141.0
1753533521032,12:38:41.032,DEGEN/USDT:USDT,0.003699,110.0,0.003698,393.0,0.003702,132.0,0.003703,278.0
1753533521127,12:38:41.127,DEGEN/USDT:USDT,0.003699,110.0,0.003698,393.0,0.003702,410.0,0.003705,112.0
1753533521211,12:38:41.211,DEGEN/USDT:USDT,0.003699,110.0,0.003698,393.0,0.003702,410.0,0.003705,112.0
1753533521411,12:38:41.411,DEGEN/USDT:USDT,0.003699,110.0,0.003698,393.0,0.003702,9.0,0.003703,278.0
1753533522012,12:38:42.012,DEGEN/USDT:USDT,0.003699,110.0,0.003698,393.0,0.003702,9.0,0.003703,278.0
1753533522325,12:38:42.325,DEGEN/USDT:USDT,0.003699,110.0,0.003698,393.0,0.003702,9.0,0.003703,278.0
1753533522808,12:38:42.808,DEGEN/USDT:USDT,0.003699,110.0,0.003698,393.0,0.003702,121.0,0.003703,278.0
1753533522932,12:38:42.932,DEGEN/USDT:USDT,0.003699,110.0,0.003698,393.0,0.003702,390.0,0.003705,112.0
1753533522938,12:38:42.938,DEGEN/USDT:USDT,0.003699,110.0,0.003698,393.0,0.003702,410.0,0.003705,112.0
1753533524006,12:38:44.006,DEGEN/USDT:USDT,0.003699,110.0,0.003698,393.0,0.003702,410.0,0.003705,112.0
1753533527011,12:38:47.011,DEGEN/USDT:USDT,0.003699,110.0,0.003698,393.0,0.003702,410.0,0.003705,112.0
1753533528213,12:38:48.213,DEGEN/USDT:USDT,0.003699,110.0,0.003698,393.0,0.003701,112.0,0.003702,390.0
1753533528284,12:38:48.284,DEGEN/USDT:USDT,0.003699,110.0,0.003698,393.0,0.003701,112.0,0.003702,390.0
1753533528676,12:38:48.676,DEGEN/USDT:USDT,0.003699,110.0,0.003698,393.0,0.003701,112.0,0.003702,390.0
1753533529015,12:38:49.015,DEGEN/USDT:USDT,0.003699,110.0,0.003698,393.0,0.003701,112.0,0.003702,390.0
1753533529326,12:38:49.326,DEGEN/USDT:USDT,0.003699,110.0,0.003698,393.0,0.003701,132.0,0.003702,390.0
1753533530526,12:38:50.526,DEGEN/USDT:USDT,0.003699,110.0,0.003698,393.0,0.003701,125.0,0.003702,390.0
1753533531098,12:38:51.098,DEGEN/USDT:USDT,0.003699,110.0,0.003698,393.0,0.003701,13.0,0.003702,390.0
1753533531432,12:38:51.432,DEGEN/USDT:USDT,0.003699,110.0,0.003698,393.0,0.003701,13.0,0.003702,390.0
1753533531473,12:38:51.473,DEGEN/USDT:USDT,0.003699,110.0,0.003698,393.0,0.003701,13.0,0.003702,390.0
1753533531637,12:38:51.637,DEGEN/USDT:USDT,0.003699,110.0,0.003698,393.0,0.003703,278.0,0.003705,112.0
1753533531680,12:38:51.680,DEGEN/USDT:USDT,0.003699,110.0,0.003698,393.0,0.003703,114.0,0.003704,123.0
1753533531882,12:38:51.882,DEGEN/USDT:USDT,0.003699,110.0,0.003698,393.0,0.003703,114.0,0.003704,123.0
1753533532531,12:38:52.531,DEGEN/USDT:USDT,0.003699,110.0,0.003698,393.0,0.003703,392.0,0.003704,123.0
1753533532546,12:38:52.546,DEGEN/USDT:USDT,0.003699,110.0,0.003698,393.0,0.003702,114.0,0.003703,392.0
1753533532642,12:38:52.642,DEGEN/USDT:USDT,0.003699,110.0,0.003698,393.0,0.003702,392.0,0.003703,114.0
1753533533011,12:38:53.011,DEGEN/USDT:USDT,0.003699,110.0,0.003698,393.0,0.003702,392.0,0.003703,114.0
1753533533050,12:38:53.050,DEGEN/USDT:USDT,0.003699,110.0,0.003698,393.0,0.003703,114.0,0.003704,123.0
1753533533229,12:38:53.229,DEGEN/USDT:USDT,0.003699,110.0,0.003698,393.0,0.003703,114.0,0.003704,123.0
1753533533326,12:38:53.326,DEGEN/USDT:USDT,0.003699,110.0,0.003698,393.0,0.003703,114.0,0.003704,401.0
1753533534155,12:38:54.155,DEGEN/USDT:USDT,0.003699,110.0,0.003698,393.0,0.003703,114.0,0.003704,401.0
1753533534725,12:38:54.725,DEGEN/USDT:USDT,0.003699,110.0,0.003698,393.0,0.003703,114.0,0.003704,392.0
1753533535301,12:38:55.301,DEGEN/USDT:USDT,0.003699,110.0,0.003698,393.0,0.003703,126.0,0.003704,392.0
1753533537010,12:38:57.010,DEGEN/USDT:USDT,0.003699,110.0,0.003698,393.0,0.003703,126.0,0.003704,392.0
1753533540975,12:39:00.975,DEGEN/USDT:USDT,0.003699,110.0,0.003698,393.0,0.003703,12.0,0.003704,392.0
1753533541134,12:39:01.134,DEGEN/USDT:USDT,0.003701,393.0,0.003699,110.0,0.003703,12.0,0.003704,392.0
1753533541142,12:39:01.142,DEGEN/USDT:USDT,0.003701,393.0,0.003699,110.0,0.003703,12.0,0.003704,392.0
1753533541387,12:39:01.387,DEGEN/USDT:USDT,0.003701,393.0,0.003699,110.0,0.003703,12.0,0.003704,392.0
1753533541705,12:39:01.705,DEGEN/USDT:USDT,0.003701,393.0,0.003699,110.0,0.003703,12.0,0.003704,392.0
1753533541832,12:39:01.832,DEGEN/USDT:USDT,0.003702,113.0,0.003701,393.0,0.003703,12.0,0.003704,392.0
1753533541931,12:39:01.931,DEGEN/USDT:USDT,0.003702,113.0,0.003701,393.0,0.003703,12.0,0.003704,392.0
1753533542029,12:39:02.029,DEGEN/USDT:USDT,0.003702,113.0,0.003701,393.0,0.003703,12.0,0.003704,392.0
1753533542379,12:39:02.379,DEGEN/USDT:USDT,0.003702,113.0,0.003701,393.0,0.003703,12.0,0.003704,392.0
1753533543008,12:39:03.008,DEGEN/USDT:USDT,0.003702,113.0,0.003701,393.0,0.003703,12.0,0.003704,392.0
1753533543699,12:39:03.699,DEGEN/USDT:USDT,0.003702,113.0,0.003701,393.0,0.003703,12.0,0.003704,392.0
1753533544010,12:39:04.010,DEGEN/USDT:USDT,0.003702,113.0,0.003701,393.0,0.003703,12.0,0.003704,392.0
1753533545851,12:39:05.851,DEGEN/USDT:USDT,0.003702,113.0,0.003701,393.0,0.003703,12.0,0.003704,392.0
1753533546011,12:39:06.011,DEGEN/USDT:USDT,0.003702,113.0,0.003701,393.0,0.003703,12.0,0.003704,392.0
1753533547232,12:39:07.232,DEGEN/USDT:USDT,0.003702,113.0,0.003701,393.0,0.003704,278.0,0.003705,112.0
1753533547635,12:39:07.635,DEGEN/USDT:USDT,0.003702,113.0,0.003701,393.0,0.003704,278.0,0.003705,112.0
1753533547638,12:39:07.638,DEGEN/USDT:USDT,0.003702,113.0,0.003701,393.0,0.003704,278.0,0.003705,112.0
1753533551012,12:39:11.012,DEGEN/USDT:USDT,0.003702,113.0,0.003701,393.0,0.003704,278.0,0.003705,112.0
1753533551221,12:39:11.221,DEGEN/USDT:USDT,0.003702,113.0,0.003701,393.0,0.003704,278.0,0.003705,112.0
1753533551709,12:39:11.709,DEGEN/USDT:USDT,0.003702,113.0,0.003701,393.0,0.003704,278.0,0.003705,112.0
1753533551918,12:39:11.918,DEGEN/USDT:USDT,0.003702,113.0,0.003701,393.0,0.003704,278.0,0.003705,112.0
1753533552006,12:39:12.006,DEGEN/USDT:USDT,0.003702,113.0,0.003701,393.0,0.003704,278.0,0.003705,112.0
1753533552098,12:39:12.098,DEGEN/USDT:USDT,0.003702,113.0,0.003701,393.0,0.003704,278.0,0.003705,112.0
1753533552273,12:39:12.273,DEGEN/USDT:USDT,0.003702,113.0,0.003701,393.0,0.003704,278.0,0.003705,112.0
1753533552776,12:39:12.776,DEGEN/USDT:USDT,0.003702,113.0,0.003701,393.0,0.003704,278.0,0.003705,112.0
1753533553010,12:39:13.010,DEGEN/USDT:USDT,0.003702,113.0,0.003701,393.0,0.003704,278.0,0.003705,112.0
1753533553546,12:39:13.546,DEGEN/USDT:USDT,0.003702,113.0,0.003701,393.0,0.003704,278.0,0.003705,112.0
1753533554733,12:39:14.733,DEGEN/USDT:USDT,0.003702,113.0,0.003701,393.0,0.003704,278.0,0.003705,112.0
1753533555230,12:39:15.230,DEGEN/USDT:USDT,0.003702,113.0,0.003701,393.0,0.003704,278.0,0.003705,112.0
1753533555300,12:39:15.300,DEGEN/USDT:USDT,0.003702,113.0,0.003701,393.0,0.003704,278.0,0.003705,112.0
1753533556643,12:39:16.643,DEGEN/USDT:USDT,0.003702,113.0,0.003701,393.0,0.003704,278.0,0.003705,112.0
1753533557880,12:39:17.880,DEGEN/USDT:USDT,0.003702,113.0,0.003701,393.0,0.003704,278.0,0.003705,112.0
1753533558391,12:39:18.391,DEGEN/USDT:USDT,0.003702,113.0,0.003701,393.0,0.003704,278.0,0.003705,112.0
1753533560268,12:39:20.268,DEGEN/USDT:USDT,0.003702,113.0,0.003701,393.0,0.003704,278.0,0.003705,112.0
1753533561012,12:39:21.012,DEGEN/USDT:USDT,0.003702,113.0,0.003701,393.0,0.003704,278.0,0.003705,112.0
1753533561093,12:39:21.093,DEGEN/USDT:USDT,0.003702,113.0,0.003701,393.0,0.003704,278.0,0.003705,112.0
1753533561347,12:39:21.347,DEGEN/USDT:USDT,0.003702,113.0,0.003701,393.0,0.003704,278.0,0.003705,112.0
1753533562005,12:39:22.005,DEGEN/USDT:USDT,0.003702,113.0,0.003701,393.0,0.003704,278.0,0.003705,112.0
1753533567744,12:39:27.744,DEGEN/USDT:USDT,0.003702,113.0,0.003701,393.0,0.003704,278.0,0.003705,112.0
1753533570669,12:39:30.669,DEGEN/USDT:USDT,0.003702,113.0,0.003701,393.0,0.003704,278.0,0.003705,112.0
1753533572006,12:39:32.006,DEGEN/USDT:USDT,0.003702,113.0,0.003701,393.0,0.003704,278.0,0.003705,112.0
1753533578700,12:39:38.700,DEGEN/USDT:USDT,0.003702,113.0,0.003701,393.0,0.003704,278.0,0.003705,112.0
1753533579003,12:39:39.003,DEGEN/USDT:USDT,0.003702,113.0,0.003701,393.0,0.003704,278.0,0.003705,112.0
1753533580624,12:39:40.624,DEGEN/USDT:USDT,0.003702,113.0,0.003701,393.0,0.003704,278.0,0.003705,112.0
1753533580740,12:39:40.740,DEGEN/USDT:USDT,0.003702,113.0,0.003701,393.0,0.003704,278.0,0.003706,141.0
1753533580924,12:39:40.924,DEGEN/USDT:USDT,0.003702,113.0,0.003701,393.0,0.003706,278.0,0.003707,116.0
1753533581026,12:39:41.026,DEGEN/USDT:USDT,0.003702,113.0,0.003701,393.0,0.003706,278.0,0.003707,116.0
1753533581100,12:39:41.100,DEGEN/USDT:USDT,0.003702,113.0,0.003701,393.0,0.003706,278.0,0.003707,116.0
1753533581390,12:39:41.390,DEGEN/USDT:USDT,0.003702,113.0,0.003701,393.0,0.003706,278.0,0.003707,116.0
1753533581895,12:39:41.895,DEGEN/USDT:USDT,0.003702,113.0,0.003701,393.0,0.003706,278.0,0.003707,116.0
1753533582234,12:39:42.234,DEGEN/USDT:USDT,0.003702,113.0,0.003701,393.0,0.003706,278.0,0.003707,116.0
1753533582456,12:39:42.456,DEGEN/USDT:USDT,0.003702,113.0,0.003701,393.0,0.003706,287.0,0.003707,116.0
1753533582762,12:39:42.762,DEGEN/USDT:USDT,0.003702,113.0,0.003701,393.0,0.003706,287.0,0.003707,116.0
1753533585194,12:39:45.194,DEGEN/USDT:USDT,0.003702,113.0,0.003701,393.0,0.003706,287.0,0.003707,116.0
1753533585435,12:39:45.435,DEGEN/USDT:USDT,0.003702,113.0,0.003701,393.0,0.003706,287.0,0.003707,116.0
1753533586458,12:39:46.458,DEGEN/USDT:USDT,0.003702,113.0,0.003701,393.0,0.003706,287.0,0.003707,116.0
1753533586579,12:39:46.579,DEGEN/USDT:USDT,0.003702,113.0,0.003701,393.0,0.003706,287.0,0.003707,116.0
1753533586716,12:39:46.716,DEGEN/USDT:USDT,0.003704,393.0,0.003702,113.0,0.003706,110.0,0.003707,112.0
1753533586806,12:39:46.806,DEGEN/USDT:USDT,0.003704,393.0,0.003702,113.0,0.003706,110.0,0.003707,112.0
1753533586927,12:39:46.927,DEGEN/USDT:USDT,0.003702,113.0,0.003701,393.0,0.003706,119.0,0.003707,112.0
1753533587019,12:39:47.019,DEGEN/USDT:USDT,0.003702,113.0,0.003701,393.0,0.003706,119.0,0.003707,112.0
1753533587136,12:39:47.136,DEGEN/USDT:USDT,0.003702,113.0,0.003701,393.0,0.003706,119.0,0.003707,112.0
1753533587419,12:39:47.419,DEGEN/USDT:USDT,0.003702,113.0,0.003701,393.0,0.003706,119.0,0.003707,112.0
1753533587500,12:39:47.500,DEGEN/USDT:USDT,0.003702,113.0,0.003701,393.0,0.003706,119.0,0.003707,112.0
1753533587546,12:39:47.546,DEGEN/USDT:USDT,0.003702,113.0,0.003701,393.0,0.003706,119.0,0.003707,112.0
1753533587725,12:39:47.725,DEGEN/USDT:USDT,0.003704,393.0,0.003702,113.0,0.003706,119.0,0.003707,112.0
