timestamp,time,symbol,bid1_price,bid1_volume,bid2_price,bid2_volume,ask1_price,ask1_volume,ask2_price,ask2_volume
1753533020000,12:30:20.000,ALT/USDT:USDT,0.03408,40.0,0.03407,6056.0,0.03411,1651.0,0.03412,6056.0
1753533020678,12:30:20.678,ALT/USDT:USDT,0.03408,40.0,0.03407,6056.0,0.03411,1651.0,0.03412,6056.0
1753533021684,12:30:21.684,ALT/USDT:USDT,0.03408,40.0,0.03407,6056.0,0.03411,1651.0,0.03412,6056.0
1753533022019,12:30:22.019,ALT/USDT:USDT,0.03408,40.0,0.03407,6056.0,0.03411,1651.0,0.03412,6056.0
1753533022974,12:30:22.974,ALT/USDT:USDT,0.03408,40.0,0.03407,6056.0,0.03411,1651.0,0.03412,6056.0
1753533023429,12:30:23.429,ALT/USDT:USDT,0.03408,40.0,0.03407,6056.0,0.03411,1651.0,0.03412,6056.0
1753533023992,12:30:23.992,ALT/USDT:USDT,0.03408,40.0,0.03407,6056.0,0.03411,1651.0,0.03414,72589.0
1753533024470,12:30:24.470,ALT/USDT:USDT,0.03408,40.0,0.03407,6056.0,0.03411,1651.0,0.03414,72589.0
1753533025402,12:30:25.402,ALT/USDT:USDT,0.03408,40.0,0.03407,6056.0,0.03411,1651.0,0.03414,72589.0
1753533026000,12:30:26.000,ALT/USDT:USDT,0.03408,40.0,0.03407,6056.0,0.03411,1651.0,0.03414,72589.0
1753533026376,12:30:26.376,ALT/USDT:USDT,0.03408,40.0,0.03407,6056.0,0.03411,702.0,0.03414,72589.0
1753533026419,12:30:26.419,ALT/USDT:USDT,0.03408,40.0,0.03407,6056.0,0.03413,702.0,0.03414,72589.0
1753533026519,12:30:26.519,ALT/USDT:USDT,0.03408,40.0,0.03407,6056.0,0.03413,1323.0,0.03414,72589.0
1753533026708,12:30:26.708,ALT/USDT:USDT,0.03408,40.0,0.03407,6056.0,0.03413,4050.0,0.03414,72589.0
1753533026773,12:30:26.773,ALT/USDT:USDT,0.03408,40.0,0.03407,6056.0,0.03413,4050.0,0.03414,72589.0
1753533026825,12:30:26.825,ALT/USDT:USDT,0.03408,40.0,0.03407,6056.0,0.03413,4050.0,0.03414,72589.0
1753533027497,12:30:27.497,ALT/USDT:USDT,0.03408,40.0,0.03407,6056.0,0.03413,3429.0,0.03414,72589.0
1753533027562,12:30:27.562,ALT/USDT:USDT,0.03408,40.0,0.03407,6056.0,0.03413,3932.0,0.03414,72589.0
1753533027738,12:30:27.738,ALT/USDT:USDT,0.03408,40.0,0.03407,6056.0,0.03413,3932.0,0.03414,72589.0
1753533027999,12:30:27.999,ALT/USDT:USDT,0.03408,40.0,0.03407,6056.0,0.03413,3932.0,0.03414,72589.0
1753533028410,12:30:28.410,ALT/USDT:USDT,0.03408,40.0,0.03407,6056.0,0.03413,3932.0,0.03414,72589.0
1753533029142,12:30:29.142,ALT/USDT:USDT,0.03408,40.0,0.03407,6056.0,0.03413,3932.0,0.03414,72589.0
1753533029261,12:30:29.261,ALT/USDT:USDT,0.03408,40.0,0.03407,6056.0,0.03413,3932.0,0.03414,72589.0
1753533030036,12:30:30.036,ALT/USDT:USDT,0.03408,40.0,0.03407,6056.0,0.03413,3932.0,0.03414,72589.0
1753533030174,12:30:30.174,ALT/USDT:USDT,0.03408,40.0,0.03407,6056.0,0.03413,3932.0,0.03414,72589.0
1753533030262,12:30:30.262,ALT/USDT:USDT,0.03408,40.0,0.03407,6056.0,0.03413,3932.0,0.03414,72589.0
1753533030433,12:30:30.433,ALT/USDT:USDT,0.03408,40.0,0.03407,6056.0,0.03413,2408.0,0.03414,72589.0
1753533031270,12:30:31.270,ALT/USDT:USDT,0.03408,40.0,0.03407,6056.0,0.03413,2408.0,0.03414,72589.0
1753533031621,12:30:31.621,ALT/USDT:USDT,0.03408,40.0,0.03407,6056.0,0.03413,2408.0,0.03414,72589.0
1753533032448,12:30:32.448,ALT/USDT:USDT,0.03408,40.0,0.03407,6056.0,0.03413,2408.0,0.03414,72589.0
1753533032538,12:30:32.538,ALT/USDT:USDT,0.03408,40.0,0.03407,6056.0,0.03413,2408.0,0.03414,72589.0
1753533033032,12:30:33.032,ALT/USDT:USDT,0.03408,40.0,0.03407,6056.0,0.03413,2408.0,0.03414,72589.0
1753533033345,12:30:33.345,ALT/USDT:USDT,0.03408,40.0,0.03407,6056.0,0.03413,2408.0,0.03414,72589.0
1753533034200,12:30:34.200,ALT/USDT:USDT,0.03408,40.0,0.03407,6056.0,0.03413,2408.0,0.03414,72589.0
1753533034909,12:30:34.909,ALT/USDT:USDT,0.03408,40.0,0.03407,6056.0,0.03413,2408.0,0.03414,72589.0
1753533035747,12:30:35.747,ALT/USDT:USDT,0.03408,40.0,0.03407,6056.0,0.03413,2408.0,0.03414,72589.0
1753533036009,12:30:36.009,ALT/USDT:USDT,0.03408,40.0,0.03407,6056.0,0.03413,2408.0,0.03414,72589.0
1753533036098,12:30:36.098,ALT/USDT:USDT,0.03408,40.0,0.03407,6056.0,0.03413,2408.0,0.03414,72589.0
1753533036605,12:30:36.605,ALT/USDT:USDT,0.03408,40.0,0.03407,6056.0,0.03413,2408.0,0.03414,72589.0
1753533037122,12:30:37.122,ALT/USDT:USDT,0.03408,40.0,0.03407,6056.0,0.03413,2408.0,0.03414,72589.0
1753533037302,12:30:37.302,ALT/USDT:USDT,0.03408,40.0,0.03407,6056.0,0.03412,6056.0,0.03413,1205.0
1753533037338,12:30:37.338,ALT/USDT:USDT,0.03408,40.0,0.03407,6056.0,0.03411,702.0,0.03414,72589.0
1753533037471,12:30:37.471,ALT/USDT:USDT,0.03408,40.0,0.03407,6056.0,0.03413,1205.0,0.03414,72589.0
1753533037642,12:30:37.642,ALT/USDT:USDT,0.03408,40.0,0.03407,6056.0,0.03413,1205.0,0.03414,72589.0
1753533038138,12:30:38.138,ALT/USDT:USDT,0.03408,40.0,0.03407,6056.0,0.03413,1205.0,0.03414,72589.0
1753533038473,12:30:38.473,ALT/USDT:USDT,0.03408,40.0,0.03407,6056.0,0.03413,3531.0,0.03414,72589.0
1753533040099,12:30:40.099,ALT/USDT:USDT,0.03408,40.0,0.03407,6056.0,0.03413,3531.0,0.03414,72589.0
1753533040463,12:30:40.463,ALT/USDT:USDT,0.03408,40.0,0.03407,6056.0,0.03413,3531.0,0.03414,72589.0
1753533041167,12:30:41.167,ALT/USDT:USDT,0.03408,40.0,0.03407,6056.0,0.03413,3531.0,0.03414,72589.0
1753533041219,12:30:41.219,ALT/USDT:USDT,0.03408,40.0,0.03407,6056.0,0.03413,3531.0,0.03414,72589.0
1753533042184,12:30:42.184,ALT/USDT:USDT,0.03408,40.0,0.03407,6056.0,0.03413,3531.0,0.03414,31198.0
1753533042299,12:30:42.299,ALT/USDT:USDT,0.03408,40.0,0.03407,6056.0,0.03413,3531.0,0.03414,31198.0
1753533042367,12:30:42.367,ALT/USDT:USDT,0.03408,40.0,0.03407,6056.0,0.03413,3531.0,0.03414,31198.0
1753533042684,12:30:42.684,ALT/USDT:USDT,0.03408,40.0,0.03407,6056.0,0.03413,3531.0,0.03414,31198.0
1753533043004,12:30:43.004,ALT/USDT:USDT,0.03408,40.0,0.03407,6056.0,0.03413,3531.0,0.03414,31198.0
1753533043065,12:30:43.065,ALT/USDT:USDT,0.03408,40.0,0.03407,6056.0,0.03413,3531.0,0.03414,31198.0
1753533046153,12:30:46.153,ALT/USDT:USDT,0.03408,40.0,0.03407,6056.0,0.03413,3531.0,0.03414,31198.0
1753533046865,12:30:46.865,ALT/USDT:USDT,0.03408,40.0,0.03407,6056.0,0.03413,3531.0,0.03414,31198.0
1753533046938,12:30:46.938,ALT/USDT:USDT,0.03408,40.0,0.03407,6056.0,0.03413,3531.0,0.03414,31198.0
1753533047429,12:30:47.429,ALT/USDT:USDT,0.03408,40.0,0.03407,6056.0,0.03413,3028.0,0.03414,31198.0
1753533047752,12:30:47.752,ALT/USDT:USDT,0.03408,40.0,0.03407,6056.0,0.03412,6056.0,0.03413,702.0
1753533047839,12:30:47.839,ALT/USDT:USDT,0.03408,40.0,0.03407,6056.0,0.03411,702.0,0.03412,6056.0
1753533048005,12:30:48.005,ALT/USDT:USDT,0.03408,40.0,0.03407,6056.0,0.03411,702.0,0.03412,6056.0
1753533048758,12:30:48.758,ALT/USDT:USDT,0.03408,40.0,0.03407,6056.0,0.03411,702.0,0.03412,6056.0
1753533050160,12:30:50.160,ALT/USDT:USDT,0.03408,40.0,0.03407,6056.0,0.03411,702.0,0.03412,6056.0
1753533050446,12:30:50.446,ALT/USDT:USDT,0.03408,40.0,0.03407,6056.0,0.03411,702.0,0.03412,6056.0
1753533050775,12:30:50.775,ALT/USDT:USDT,0.03408,40.0,0.03407,6056.0,0.03411,702.0,0.03412,6056.0
1753533051010,12:30:51.010,ALT/USDT:USDT,0.03408,40.0,0.03407,6056.0,0.03411,702.0,0.03412,6056.0
1753533051010,12:30:51.010,ALT/USDT:USDT,0.03408,40.0,0.03407,6056.0,0.03411,702.0,0.03412,6056.0
1753533051255,12:30:51.255,ALT/USDT:USDT,0.03408,40.0,0.03407,6056.0,0.03411,702.0,0.03412,6056.0
1753533051738,12:30:51.738,ALT/USDT:USDT,0.03408,40.0,0.03407,6056.0,0.03411,702.0,0.03412,6056.0
1753533051856,12:30:51.856,ALT/USDT:USDT,0.03408,40.0,0.03407,6056.0,0.03411,702.0,0.03412,6056.0
1753533052198,12:30:52.198,ALT/USDT:USDT,0.03408,40.0,0.03407,6056.0,0.03411,702.0,0.03412,6056.0
1753533052866,12:30:52.866,ALT/USDT:USDT,0.03408,40.0,0.03407,6056.0,0.03411,702.0,0.03412,6056.0
1753533053212,12:30:53.212,ALT/USDT:USDT,0.03408,40.0,0.03407,6056.0,0.03411,702.0,0.03412,6056.0
1753533053724,12:30:53.724,ALT/USDT:USDT,0.03408,40.0,0.03407,6056.0,0.03411,702.0,0.03412,6056.0
1753533053894,12:30:53.894,ALT/USDT:USDT,0.03408,40.0,0.03407,6056.0,0.03411,702.0,0.03412,6056.0
1753533054005,12:30:54.005,ALT/USDT:USDT,0.03408,40.0,0.03407,6056.0,0.03411,702.0,0.03412,6056.0
1753533055007,12:30:55.007,ALT/USDT:USDT,0.03408,40.0,0.03407,6056.0,0.03411,702.0,0.03412,6056.0
1753533055033,12:30:55.033,ALT/USDT:USDT,0.03408,40.0,0.03407,6056.0,0.03411,702.0,0.03414,31198.0
1753533055122,12:30:55.122,ALT/USDT:USDT,0.03408,40.0,0.03407,6056.0,0.03413,702.0,0.03414,31198.0
1753533055486,12:30:55.486,ALT/USDT:USDT,0.03408,40.0,0.03407,6056.0,0.03413,2424.0,0.03414,31198.0
1753533055542,12:30:55.542,ALT/USDT:USDT,0.03408,40.0,0.03407,6056.0,0.03413,5518.0,0.03414,31198.0
1753533055674,12:30:55.674,ALT/USDT:USDT,0.03408,40.0,0.03407,6056.0,0.03413,5518.0,0.03414,31198.0
1753533055790,12:30:55.790,ALT/USDT:USDT,0.03408,40.0,0.03407,6056.0,0.03413,5518.0,0.03414,31198.0
1753533056006,12:30:56.006,ALT/USDT:USDT,0.03408,40.0,0.03407,6056.0,0.03413,5518.0,0.03414,31198.0
1753533056538,12:30:56.538,ALT/USDT:USDT,0.03408,40.0,0.03407,6056.0,0.03413,5518.0,0.03414,31198.0
1753533056633,12:30:56.633,ALT/USDT:USDT,0.03408,40.0,0.03407,6056.0,0.03413,5518.0,0.03414,31198.0
1753533056748,12:30:56.748,ALT/USDT:USDT,0.03408,40.0,0.03407,6056.0,0.03413,5518.0,0.03414,31198.0
1753533057382,12:30:57.382,ALT/USDT:USDT,0.03408,40.0,0.03407,6056.0,0.03413,5518.0,0.03414,31198.0
1753533057782,12:30:57.782,ALT/USDT:USDT,0.03408,40.0,0.03407,6056.0,0.03413,5518.0,0.03414,31198.0
1753533057845,12:30:57.845,ALT/USDT:USDT,0.03408,40.0,0.03407,6056.0,0.03413,5518.0,0.03414,31198.0
1753533060334,12:31:00.334,ALT/USDT:USDT,0.03408,40.0,0.03407,6056.0,0.03413,11087.0,0.03414,31198.0
1753533061007,12:31:01.007,ALT/USDT:USDT,0.03408,40.0,0.03407,6056.0,0.03413,11087.0,0.03414,31198.0
1753533061018,12:31:01.018,ALT/USDT:USDT,0.03408,40.0,0.03407,6056.0,0.03413,11087.0,0.03414,31198.0
1753533061339,12:31:01.339,ALT/USDT:USDT,0.03408,40.0,0.03407,6056.0,0.03413,11087.0,0.03414,31198.0
1753533061770,12:31:01.770,ALT/USDT:USDT,0.03408,40.0,0.03407,6056.0,0.03413,11087.0,0.03414,31198.0
1753533062008,12:31:02.008,ALT/USDT:USDT,0.03408,40.0,0.03407,6056.0,0.03413,11087.0,0.03414,31198.0
1753533062158,12:31:02.158,ALT/USDT:USDT,0.03408,40.0,0.03407,6056.0,0.03413,11087.0,0.03414,31198.0
1753533063111,12:31:03.111,ALT/USDT:USDT,0.03408,40.0,0.03407,6056.0,0.03413,11087.0,0.03414,40282.0
1753533063236,12:31:03.236,ALT/USDT:USDT,0.03408,40.0,0.03407,6056.0,0.03413,11087.0,0.03414,40282.0
1753533063408,12:31:03.408,ALT/USDT:USDT,0.03408,40.0,0.03407,6056.0,0.03413,11087.0,0.03414,31198.0
1753533065355,12:31:05.355,ALT/USDT:USDT,0.03408,40.0,0.03407,6056.0,0.03413,5518.0,0.03414,31198.0
1753533065916,12:31:05.916,ALT/USDT:USDT,0.03408,40.0,0.03407,6056.0,0.03413,5518.0,0.03414,31198.0
1753533066202,12:31:06.202,ALT/USDT:USDT,0.03408,40.0,0.03407,6056.0,0.03413,5518.0,0.03414,31198.0
1753533066633,12:31:06.633,ALT/USDT:USDT,0.03408,40.0,0.03407,6056.0,0.03413,5518.0,0.03414,31198.0
1753533067088,12:31:07.088,ALT/USDT:USDT,0.03408,40.0,0.03407,6056.0,0.03413,11087.0,0.03414,31198.0
1753533067206,12:31:07.206,ALT/USDT:USDT,0.03408,40.0,0.03407,6056.0,0.03413,11087.0,0.03414,31198.0
1753533067643,12:31:07.643,ALT/USDT:USDT,0.03408,40.0,0.03407,6056.0,0.03413,11087.0,0.03414,31198.0
1753533068265,12:31:08.265,ALT/USDT:USDT,0.03408,40.0,0.03407,6056.0,0.03413,11087.0,0.03414,31198.0
1753533068888,12:31:08.888,ALT/USDT:USDT,0.03408,40.0,0.03407,6056.0,0.03413,11087.0,0.03414,31198.0
1753533068920,12:31:08.920,ALT/USDT:USDT,0.03408,40.0,0.03407,6056.0,0.03413,11087.0,0.03414,31198.0
1753533069022,12:31:09.022,ALT/USDT:USDT,0.03408,40.0,0.03407,6056.0,0.03413,11087.0,0.03414,31198.0
1753533069191,12:31:09.191,ALT/USDT:USDT,0.03408,40.0,0.03407,6056.0,0.03413,7993.0,0.03414,31198.0
1753533069270,12:31:09.270,ALT/USDT:USDT,0.03408,40.0,0.03407,6056.0,0.03413,7993.0,0.03414,31198.0
1753533069437,12:31:09.437,ALT/USDT:USDT,0.03408,40.0,0.03407,6056.0,0.03413,14358.0,0.03414,31198.0
1753533069633,12:31:09.633,ALT/USDT:USDT,0.03408,40.0,0.03407,6056.0,0.03413,14358.0,0.03414,31198.0
1753533069981,12:31:09.981,ALT/USDT:USDT,0.03408,40.0,0.03407,6056.0,0.03413,14358.0,0.03414,31198.0
1753533070492,12:31:10.492,ALT/USDT:USDT,0.03408,40.0,0.03407,6056.0,0.03413,14087.0,0.03414,31198.0
1753533071002,12:31:11.002,ALT/USDT:USDT,0.03408,40.0,0.03407,6056.0,0.03413,14087.0,0.03414,31198.0
1753533071037,12:31:11.037,ALT/USDT:USDT,0.03408,40.0,0.03407,6056.0,0.03413,14087.0,0.03414,31198.0
1753533071187,12:31:11.187,ALT/USDT:USDT,0.03408,40.0,0.03407,6056.0,0.03413,14087.0,0.03414,31198.0
1753533072285,12:31:12.285,ALT/USDT:USDT,0.03408,40.0,0.03407,6056.0,0.03413,14087.0,0.03414,31198.0
1753533074618,12:31:14.618,ALT/USDT:USDT,0.03408,40.0,0.03407,6056.0,0.03413,14087.0,0.03414,31198.0
1753533075003,12:31:15.003,ALT/USDT:USDT,0.03408,40.0,0.03407,6056.0,0.03413,14087.0,0.03414,31198.0
1753533075157,12:31:15.157,ALT/USDT:USDT,0.03408,40.0,0.03407,6056.0,0.03413,14087.0,0.03414,31198.0
1753533075739,12:31:15.739,ALT/USDT:USDT,0.03408,40.0,0.03407,6056.0,0.03413,14087.0,0.03414,31198.0
1753533075876,12:31:15.876,ALT/USDT:USDT,0.03408,40.0,0.03407,6056.0,0.03413,14087.0,0.03414,31198.0
1753533076005,12:31:16.005,ALT/USDT:USDT,0.03408,40.0,0.03407,6056.0,0.03413,14087.0,0.03414,31198.0
1753533076274,12:31:16.274,ALT/USDT:USDT,0.03408,40.0,0.03407,6056.0,0.03413,8811.0,0.03414,31198.0
1753533076645,12:31:16.645,ALT/USDT:USDT,0.03408,40.0,0.03407,6056.0,0.03413,8811.0,0.03414,31198.0
1753533076925,12:31:16.925,ALT/USDT:USDT,0.03408,40.0,0.03407,6056.0,0.03413,11630.0,0.03414,31198.0
1753533077434,12:31:17.434,ALT/USDT:USDT,0.03408,40.0,0.03407,6056.0,0.03413,11630.0,0.03414,31198.0
1753533077599,12:31:17.599,ALT/USDT:USDT,0.03408,40.0,0.03407,6056.0,0.03413,11630.0,0.03414,31198.0
1753533078007,12:31:18.007,ALT/USDT:USDT,0.03408,40.0,0.03407,6056.0,0.03413,11337.0,0.03414,31198.0
1753533078100,12:31:18.100,ALT/USDT:USDT,0.03408,40.0,0.03407,6056.0,0.03413,11337.0,0.03414,31198.0
1753533078672,12:31:18.672,ALT/USDT:USDT,0.03408,40.0,0.03407,6056.0,0.03413,11337.0,0.03414,31198.0
1753533079543,12:31:19.543,ALT/USDT:USDT,0.03408,40.0,0.03407,6056.0,0.03413,11337.0,0.03414,31198.0
1753533081631,12:31:21.631,ALT/USDT:USDT,0.03408,40.0,0.03407,6056.0,0.03413,11337.0,0.03414,31198.0
1753533082437,12:31:22.437,ALT/USDT:USDT,0.03408,40.0,0.03407,6056.0,0.03413,11337.0,0.03414,31198.0
1753533083046,12:31:23.046,ALT/USDT:USDT,0.03408,40.0,0.03407,6056.0,0.03413,11337.0,0.03414,31198.0
1753533083223,12:31:23.223,ALT/USDT:USDT,0.03408,40.0,0.03407,6056.0,0.03413,11337.0,0.03414,31198.0
1753533083470,12:31:23.470,ALT/USDT:USDT,0.03408,40.0,0.03407,6056.0,0.03413,8518.0,0.03414,31198.0
1753533084265,12:31:24.265,ALT/USDT:USDT,0.03408,40.0,0.03407,6056.0,0.03413,8518.0,0.03414,31198.0
1753533085496,12:31:25.496,ALT/USDT:USDT,0.03408,40.0,0.03407,6056.0,0.03413,7067.0,0.03414,31198.0
1753533085664,12:31:25.664,ALT/USDT:USDT,0.03408,40.0,0.03407,6056.0,0.03413,8788.0,0.03414,31198.0
1753533086356,12:31:26.356,ALT/USDT:USDT,0.03408,40.0,0.03407,6056.0,0.03413,8788.0,0.03414,31198.0
1753533086642,12:31:26.642,ALT/USDT:USDT,0.03408,40.0,0.03407,6056.0,0.03413,8788.0,0.03414,31198.0
1753533086807,12:31:26.807,ALT/USDT:USDT,0.03408,40.0,0.03407,6056.0,0.03413,8788.0,0.03414,31198.0
1753533087494,12:31:27.494,ALT/USDT:USDT,0.03408,40.0,0.03407,6056.0,0.03413,14359.0,0.03414,31198.0
1753533090539,12:31:30.539,ALT/USDT:USDT,0.03408,40.0,0.03407,6056.0,0.03413,14359.0,0.03414,31198.0
1753533091660,12:31:31.660,ALT/USDT:USDT,0.03408,40.0,0.03407,6056.0,0.03413,14359.0,0.03414,31198.0
1753533091964,12:31:31.964,ALT/USDT:USDT,0.03408,40.0,0.03407,6056.0,0.03413,14359.0,0.03414,31198.0
1753533093027,12:31:33.027,ALT/USDT:USDT,0.03408,40.0,0.03407,6056.0,0.03413,14359.0,0.03414,31198.0
1753533093161,12:31:33.161,ALT/USDT:USDT,0.03408,40.0,0.03407,6056.0,0.03413,8788.0,0.03414,31198.0
1753533093297,12:31:33.297,ALT/USDT:USDT,0.03408,40.0,0.03407,6056.0,0.03413,8788.0,0.03414,31198.0
1753533093578,12:31:33.578,ALT/USDT:USDT,0.03408,40.0,0.03407,6056.0,0.03413,14359.0,0.03414,31198.0
1753533094405,12:31:34.405,ALT/USDT:USDT,0.03408,40.0,0.03407,6056.0,0.03413,14359.0,0.03414,31198.0
1753533094796,12:31:34.796,ALT/USDT:USDT,0.03408,40.0,0.03407,6056.0,0.03413,14359.0,0.03414,31198.0
1753533095271,12:31:35.271,ALT/USDT:USDT,0.03408,40.0,0.03407,6056.0,0.03413,7994.0,0.03414,31198.0
1753533095340,12:31:35.340,ALT/USDT:USDT,0.03408,40.0,0.03407,6056.0,0.03413,7994.0,0.03414,31198.0
1753533095441,12:31:35.441,ALT/USDT:USDT,0.03408,40.0,0.03407,6056.0,0.03413,7994.0,0.03414,31198.0
1753533095588,12:31:35.588,ALT/USDT:USDT,0.03408,40.0,0.03407,6056.0,0.03413,7994.0,0.03414,31198.0
1753533096784,12:31:36.784,ALT/USDT:USDT,0.03408,40.0,0.03407,6056.0,0.03413,7994.0,0.03414,31198.0
1753533096971,12:31:36.971,ALT/USDT:USDT,0.03408,40.0,0.03407,6056.0,0.03413,7994.0,0.03414,31198.0
1753533098218,12:31:38.218,ALT/USDT:USDT,0.03408,40.0,0.03407,6056.0,0.03413,7994.0,0.03414,31198.0
1753533098334,12:31:38.334,ALT/USDT:USDT,0.03408,40.0,0.03407,6056.0,0.03413,7994.0,0.03414,31198.0
1753533099402,12:31:39.402,ALT/USDT:USDT,0.03408,40.0,0.03407,6056.0,0.03413,7994.0,0.03414,31198.0
1753533100140,12:31:40.140,ALT/USDT:USDT,0.03408,40.0,0.03407,6056.0,0.03413,7994.0,0.03414,31198.0
1753533100476,12:31:40.476,ALT/USDT:USDT,0.03408,40.0,0.03407,6056.0,0.03413,2423.0,0.03414,31198.0
1753533100665,12:31:40.665,ALT/USDT:USDT,0.03408,40.0,0.03407,6056.0,0.03413,7412.0,0.03414,31198.0
1753533104106,12:31:44.106,ALT/USDT:USDT,0.03408,40.0,0.03407,6056.0,0.03413,1841.0,0.03414,31198.0
1753533104281,12:31:44.281,ALT/USDT:USDT,0.03408,40.0,0.03407,6056.0,0.03413,4536.0,0.03414,31198.0
1753533104953,12:31:44.953,ALT/USDT:USDT,0.03408,40.0,0.03407,6056.0,0.03413,4536.0,0.03414,31198.0
1753533107458,12:31:47.458,ALT/USDT:USDT,0.03408,40.0,0.03407,6056.0,0.03413,4536.0,0.03414,31198.0
1753533109482,12:31:49.482,ALT/USDT:USDT,0.03408,40.0,0.03407,6056.0,0.03413,1841.0,0.03414,31198.0
1753533109740,12:31:49.740,ALT/USDT:USDT,0.03408,40.0,0.03407,6056.0,0.03413,1841.0,0.03414,31198.0
1753533111686,12:31:51.686,ALT/USDT:USDT,0.03408,40.0,0.03407,6056.0,0.03413,6115.0,0.03414,31198.0
1753533113577,12:31:53.577,ALT/USDT:USDT,0.03408,40.0,0.03407,6056.0,0.03413,6115.0,0.03414,31198.0
1753533113791,12:31:53.791,ALT/USDT:USDT,0.03408,40.0,0.03407,6056.0,0.03413,6115.0,0.03414,31198.0
1753533114540,12:31:54.540,ALT/USDT:USDT,0.03408,40.0,0.03407,6056.0,0.03413,6115.0,0.03414,31198.0
1753533114799,12:31:54.799,ALT/USDT:USDT,0.03408,40.0,0.03407,6056.0,0.03413,6115.0,0.03414,31198.0
1753533115048,12:31:55.048,ALT/USDT:USDT,0.03408,40.0,0.03407,6056.0,0.03413,6115.0,0.03414,31198.0
1753533115672,12:31:55.672,ALT/USDT:USDT,0.03408,40.0,0.03407,6056.0,0.03413,4976.0,0.03414,31198.0
1753533115812,12:31:55.812,ALT/USDT:USDT,0.03408,40.0,0.03407,6056.0,0.03413,6281.0,0.03414,31198.0
1753533116009,12:31:56.009,ALT/USDT:USDT,0.03408,40.0,0.03407,6056.0,0.03413,6281.0,0.03414,31198.0
1753533116233,12:31:56.233,ALT/USDT:USDT,0.03408,40.0,0.03407,6056.0,0.03413,6281.0,0.03414,31198.0
1753533118255,12:31:58.255,ALT/USDT:USDT,0.03408,40.0,0.03407,6056.0,0.03413,6281.0,0.03414,31198.0
1753533118451,12:31:58.451,ALT/USDT:USDT,0.03408,40.0,0.03407,6056.0,0.03413,6281.0,0.03414,31198.0
1753533119508,12:31:59.508,ALT/USDT:USDT,0.03408,40.0,0.03407,6056.0,0.03413,6281.0,0.03414,31198.0
1753533119638,12:31:59.638,ALT/USDT:USDT,0.03408,40.0,0.03407,6056.0,0.03413,6281.0,0.03414,31198.0
1753533119733,12:31:59.733,ALT/USDT:USDT,0.03408,40.0,0.03407,6056.0,0.03413,6281.0,0.03414,31198.0
1753533120475,12:32:00.475,ALT/USDT:USDT,0.03408,40.0,0.03407,6056.0,0.03413,6281.0,0.03414,31198.0
1753533120841,12:32:00.841,ALT/USDT:USDT,0.03408,40.0,0.03407,6056.0,0.03413,2007.0,0.03414,31198.0
1753533121006,12:32:01.006,ALT/USDT:USDT,0.03408,40.0,0.03407,6056.0,0.03413,7578.0,0.03414,31198.0
1753533122712,12:32:02.712,ALT/USDT:USDT,0.03408,40.0,0.03407,6056.0,0.03413,6273.0,0.03414,31198.0
1753533123023,12:32:03.023,ALT/USDT:USDT,0.03408,40.0,0.03407,6056.0,0.03413,6273.0,0.03414,31198.0
1753533123327,12:32:03.327,ALT/USDT:USDT,0.03408,40.0,0.03407,6056.0,0.03413,6273.0,0.03414,31198.0
1753533123562,12:32:03.562,ALT/USDT:USDT,0.03408,40.0,0.03407,6056.0,0.03413,6273.0,0.03414,31198.0
1753533124340,12:32:04.340,ALT/USDT:USDT,0.03408,40.0,0.03407,6056.0,0.03413,6273.0,0.03414,31198.0
1753533125583,12:32:05.583,ALT/USDT:USDT,0.03408,40.0,0.03407,6056.0,0.03413,6273.0,0.03414,31198.0
1753533126022,12:32:06.022,ALT/USDT:USDT,0.03408,40.0,0.03407,6056.0,0.03413,6273.0,0.03414,31198.0
1753533126584,12:32:06.584,ALT/USDT:USDT,0.03408,40.0,0.03407,6056.0,0.03413,6273.0,0.03414,31198.0
1753533127033,12:32:07.033,ALT/USDT:USDT,0.03408,40.0,0.03407,6056.0,0.03413,6273.0,0.03414,31198.0
1753533127828,12:32:07.828,ALT/USDT:USDT,0.03408,40.0,0.03407,6056.0,0.03413,6273.0,0.03414,31198.0
1753533128345,12:32:08.345,ALT/USDT:USDT,0.03408,40.0,0.03407,6056.0,0.03413,6273.0,0.03414,31198.0
1753533128545,12:32:08.545,ALT/USDT:USDT,0.03408,40.0,0.03407,6056.0,0.03413,702.0,0.03414,31198.0
1753533128897,12:32:08.897,ALT/USDT:USDT,0.03408,40.0,0.03407,6056.0,0.03413,702.0,0.03414,31198.0
1753533129040,12:32:09.040,ALT/USDT:USDT,0.03408,40.0,0.03407,6056.0,0.03413,702.0,0.03414,31198.0
1753533129203,12:32:09.203,ALT/USDT:USDT,0.03408,40.0,0.03404,6056.0,0.03411,23925.0,0.03412,88541.0
1753533129295,12:32:09.295,ALT/USDT:USDT,0.03408,29.0,0.03405,11.0,0.0341,702.0,0.03411,23925.0
1753533129375,12:32:09.375,ALT/USDT:USDT,0.03408,29.0,0.03405,11.0,0.0341,292.0,0.03411,23925.0
1753533129418,12:32:09.418,ALT/USDT:USDT,0.03408,29.0,0.03405,11.0,0.0341,702.0,0.03411,23925.0
1753533130004,12:32:10.004,ALT/USDT:USDT,0.03408,29.0,0.03405,11.0,0.0341,702.0,0.03411,23925.0
1753533130277,12:32:10.277,ALT/USDT:USDT,0.03408,29.0,0.03405,11.0,0.0341,702.0,0.03411,23925.0
1753533130660,12:32:10.660,ALT/USDT:USDT,0.03408,29.0,0.03405,11.0,0.0341,702.0,0.03411,23925.0
1753533130793,12:32:10.793,ALT/USDT:USDT,0.03408,29.0,0.03405,11.0,0.0341,702.0,0.03411,23925.0
1753533130872,12:32:10.872,ALT/USDT:USDT,0.03408,29.0,0.03405,11.0,0.0341,702.0,0.03411,23925.0
1753533131593,12:32:11.593,ALT/USDT:USDT,0.03408,29.0,0.03405,9095.0,0.0341,702.0,0.03411,23925.0
1753533131613,12:32:11.613,ALT/USDT:USDT,0.03408,29.0,0.03405,9095.0,0.0341,702.0,0.03411,23925.0
1753533131831,12:32:11.831,ALT/USDT:USDT,0.03408,29.0,0.03405,9095.0,0.0341,702.0,0.03411,23925.0
1753533132002,12:32:12.002,ALT/USDT:USDT,0.03408,29.0,0.03405,9095.0,0.0341,702.0,0.03411,23925.0
1753533132043,12:32:12.043,ALT/USDT:USDT,0.03408,29.0,0.03405,9095.0,0.0341,702.0,0.03411,23925.0
1753533132249,12:32:12.249,ALT/USDT:USDT,0.03408,29.0,0.03405,9095.0,0.0341,702.0,0.03411,23925.0
1753533133198,12:32:13.198,ALT/USDT:USDT,0.03408,29.0,0.03405,9095.0,0.0341,702.0,0.03411,23925.0
1753533133213,12:32:13.213,ALT/USDT:USDT,0.03408,29.0,0.03405,9095.0,0.0341,702.0,0.03411,23925.0
1753533133940,12:32:13.940,ALT/USDT:USDT,0.03408,29.0,0.03405,9095.0,0.0341,702.0,0.03411,23925.0
1753533134234,12:32:14.234,ALT/USDT:USDT,0.03408,29.0,0.03405,9095.0,0.0341,702.0,0.03411,23925.0
1753533134327,12:32:14.327,ALT/USDT:USDT,0.03408,29.0,0.03405,9095.0,0.0341,702.0,0.03411,23925.0
1753533134609,12:32:14.609,ALT/USDT:USDT,0.03408,29.0,0.03405,9095.0,0.0341,702.0,0.03411,23925.0
1753533135381,12:32:15.381,ALT/USDT:USDT,0.03408,29.0,0.03405,9095.0,0.0341,702.0,0.03411,23925.0
1753533135417,12:32:15.417,ALT/USDT:USDT,0.03408,29.0,0.03405,9095.0,0.0341,702.0,0.03411,23925.0
1753533136646,12:32:16.646,ALT/USDT:USDT,0.03408,29.0,0.03405,9095.0,0.0341,702.0,0.03411,23925.0
1753533137649,12:32:17.649,ALT/USDT:USDT,0.03408,29.0,0.03405,9095.0,0.0341,702.0,0.03411,23925.0
1753533137826,12:32:17.826,ALT/USDT:USDT,0.03408,29.0,0.03405,9095.0,0.0341,702.0,0.03411,23925.0
1753533138741,12:32:18.741,ALT/USDT:USDT,0.03408,29.0,0.03405,9095.0,0.0341,702.0,0.03411,23925.0
1753533138945,12:32:18.945,ALT/USDT:USDT,0.03408,29.0,0.03405,9095.0,0.0341,702.0,0.03411,23925.0
1753533139234,12:32:19.234,ALT/USDT:USDT,0.03408,29.0,0.03407,6056.0,0.0341,702.0,0.03411,23925.0
1753533139411,12:32:19.411,ALT/USDT:USDT,0.03408,40.0,0.03407,6056.0,0.0341,702.0,0.03411,23925.0
1753533139416,12:32:19.416,ALT/USDT:USDT,0.03408,40.0,0.03407,6056.0,0.0341,702.0,0.03411,23925.0
1753533139798,12:32:19.798,ALT/USDT:USDT,0.03408,40.0,0.03407,6056.0,0.0341,702.0,0.03411,23925.0
1753533139970,12:32:19.970,ALT/USDT:USDT,0.03408,40.0,0.03407,6056.0,0.0341,702.0,0.03411,23925.0
1753533140020,12:32:20.020,ALT/USDT:USDT,0.03408,40.0,0.03407,6056.0,0.0341,702.0,0.03411,23925.0
1753533140151,12:32:20.151,ALT/USDT:USDT,0.03408,40.0,0.03407,6056.0,0.0341,702.0,0.03411,23925.0
1753533140619,12:32:20.619,ALT/USDT:USDT,0.03408,40.0,0.03407,6056.0,0.0341,702.0,0.03411,23925.0
1753533140717,12:32:20.717,ALT/USDT:USDT,0.03408,40.0,0.03407,6056.0,0.0341,702.0,0.03411,23925.0
1753533141021,12:32:21.021,ALT/USDT:USDT,0.03408,40.0,0.03407,6056.0,0.0341,702.0,0.03411,23925.0
1753533141665,12:32:21.665,ALT/USDT:USDT,0.03408,40.0,0.03407,6056.0,0.0341,702.0,0.03411,23925.0
1753533142026,12:32:22.026,ALT/USDT:USDT,0.03408,40.0,0.03407,6056.0,0.0341,702.0,0.03411,23925.0
1753533142206,12:32:22.206,ALT/USDT:USDT,0.03408,40.0,0.03407,6056.0,0.0341,702.0,0.03411,23925.0
1753533143057,12:32:23.057,ALT/USDT:USDT,0.03408,40.0,0.03407,6056.0,0.0341,702.0,0.03411,23925.0
1753533143226,12:32:23.226,ALT/USDT:USDT,0.03408,40.0,0.03407,6056.0,0.0341,702.0,0.03411,23925.0
1753533143541,12:32:23.541,ALT/USDT:USDT,0.03408,40.0,0.03407,6056.0,0.0341,702.0,0.03411,23925.0
1753533144199,12:32:24.199,ALT/USDT:USDT,0.03408,40.0,0.03407,6056.0,0.0341,702.0,0.03411,23925.0
1753533144504,12:32:24.504,ALT/USDT:USDT,0.03408,40.0,0.03407,6056.0,0.0341,702.0,0.03411,23925.0
1753533145222,12:32:25.222,ALT/USDT:USDT,0.03408,40.0,0.03407,6056.0,0.0341,702.0,0.03411,23925.0
1753533145626,12:32:25.626,ALT/USDT:USDT,0.03408,40.0,0.03407,6056.0,0.0341,702.0,0.03411,23925.0
1753533146409,12:32:26.409,ALT/USDT:USDT,0.03408,40.0,0.03407,6056.0,0.0341,702.0,0.03411,23925.0
1753533146814,12:32:26.814,ALT/USDT:USDT,0.03408,40.0,0.03407,6056.0,0.0341,702.0,0.03411,23925.0
1753533147408,12:32:27.408,ALT/USDT:USDT,0.03408,40.0,0.03407,6056.0,0.0341,702.0,0.03411,23925.0
1753533147607,12:32:27.607,ALT/USDT:USDT,0.03408,40.0,0.03407,6056.0,0.0341,702.0,0.03411,23925.0
1753533148341,12:32:28.341,ALT/USDT:USDT,0.03408,40.0,0.03407,6056.0,0.0341,702.0,0.03411,23925.0
1753533148750,12:32:28.750,ALT/USDT:USDT,0.03408,40.0,0.03407,6056.0,0.0341,702.0,0.03411,23925.0
1753533149015,12:32:29.015,ALT/USDT:USDT,0.03408,40.0,0.03407,6056.0,0.0341,702.0,0.03411,23925.0
1753533150105,12:32:30.105,ALT/USDT:USDT,0.03408,40.0,0.03407,6056.0,0.0341,702.0,0.03411,23925.0
1753533150114,12:32:30.114,ALT/USDT:USDT,0.03408,40.0,0.03407,6056.0,0.0341,702.0,0.03411,23925.0
1753533153140,12:32:33.140,ALT/USDT:USDT,0.03408,40.0,0.03407,6056.0,0.0341,702.0,0.03411,23925.0
1753533156253,12:32:36.253,ALT/USDT:USDT,0.03408,40.0,0.03407,6056.0,0.0341,702.0,0.03411,23925.0
1753533156423,12:32:36.423,ALT/USDT:USDT,0.03408,40.0,0.03407,6056.0,0.0341,702.0,0.03411,23925.0
1753533157303,12:32:37.303,ALT/USDT:USDT,0.03408,40.0,0.03407,6056.0,0.0341,702.0,0.03411,23925.0
1753533157694,12:32:37.694,ALT/USDT:USDT,0.03408,40.0,0.03407,6056.0,0.0341,702.0,0.03411,23925.0
1753533157954,12:32:37.954,ALT/USDT:USDT,0.03408,40.0,0.03407,6056.0,0.0341,702.0,0.03411,23925.0
1753533160788,12:32:40.788,ALT/USDT:USDT,0.03408,40.0,0.03407,6056.0,0.0341,702.0,0.03411,23925.0
1753533162754,12:32:42.754,ALT/USDT:USDT,0.03408,40.0,0.03407,6056.0,0.0341,702.0,0.03411,23925.0
1753533164170,12:32:44.170,ALT/USDT:USDT,0.03408,40.0,0.03407,6056.0,0.0341,702.0,0.03411,23925.0
1753533165652,12:32:45.652,ALT/USDT:USDT,0.03408,40.0,0.03407,6056.0,0.0341,702.0,0.03411,23925.0
1753533167543,12:32:47.543,ALT/USDT:USDT,0.03408,40.0,0.03407,6056.0,0.0341,702.0,0.03411,23925.0
1753533169828,12:32:49.828,ALT/USDT:USDT,0.03408,40.0,0.03407,6056.0,0.0341,702.0,0.03411,23925.0
1753533170674,12:32:50.674,ALT/USDT:USDT,0.03408,40.0,0.03406,15275.0,0.0341,702.0,0.03411,23925.0
1753533170789,12:32:50.789,ALT/USDT:USDT,0.03408,29.0,0.03407,11.0,0.0341,702.0,0.03411,23925.0
1753533170822,12:32:50.822,ALT/USDT:USDT,0.03408,29.0,0.03405,11.0,0.0341,702.0,0.03411,23925.0
1753533172003,12:32:52.003,ALT/USDT:USDT,0.03408,29.0,0.03405,11.0,0.0341,702.0,0.03411,23925.0
1753533172246,12:32:52.246,ALT/USDT:USDT,0.03408,29.0,0.03405,11.0,0.0341,702.0,0.03411,23925.0
1753533172343,12:32:52.343,ALT/USDT:USDT,0.03408,29.0,0.03405,11.0,0.0341,702.0,0.03411,23925.0
1753533173283,12:32:53.283,ALT/USDT:USDT,0.03408,29.0,0.03405,11.0,0.0341,702.0,0.03411,23925.0
1753533176563,12:32:56.563,ALT/USDT:USDT,0.03408,29.0,0.03405,11.0,0.0341,702.0,0.03411,23925.0
1753533176661,12:32:56.661,ALT/USDT:USDT,0.03408,29.0,0.03405,11.0,0.0341,702.0,0.03411,23925.0
1753533177142,12:32:57.142,ALT/USDT:USDT,0.03408,29.0,0.03405,11.0,0.0341,702.0,0.03411,23925.0
1753533177970,12:32:57.970,ALT/USDT:USDT,0.03408,29.0,0.03405,11.0,0.0341,702.0,0.03411,23925.0
1753533178436,12:32:58.436,ALT/USDT:USDT,0.03408,29.0,0.03405,11.0,0.0341,702.0,0.03411,23925.0
1753533179003,12:32:59.003,ALT/USDT:USDT,0.03408,29.0,0.03405,11.0,0.0341,702.0,0.03411,23925.0
1753533179194,12:32:59.194,ALT/USDT:USDT,0.03408,29.0,0.03405,11.0,0.0341,702.0,0.03411,23925.0
1753533179628,12:32:59.628,ALT/USDT:USDT,0.03408,29.0,0.03405,11.0,0.0341,3406.0,0.03411,23925.0
1753533180215,12:33:00.215,ALT/USDT:USDT,0.03408,29.0,0.03405,11.0,0.0341,3406.0,0.03411,23925.0
1753533180962,12:33:00.962,ALT/USDT:USDT,0.03408,29.0,0.03405,11.0,0.0341,3700.0,0.03411,23925.0
1753533181034,12:33:01.034,ALT/USDT:USDT,0.03408,29.0,0.03405,11.0,0.0341,3700.0,0.03411,23925.0
1753533181941,12:33:01.941,ALT/USDT:USDT,0.03408,29.0,0.03405,11.0,0.0341,3700.0,0.03411,23925.0
1753533182166,12:33:02.166,ALT/USDT:USDT,0.03408,29.0,0.03405,11.0,0.0341,3406.0,0.03411,23925.0
1753533182305,12:33:02.305,ALT/USDT:USDT,0.03408,29.0,0.03405,11.0,0.0341,3406.0,0.03411,23925.0
1753533182603,12:33:02.603,ALT/USDT:USDT,0.03408,29.0,0.03405,11.0,0.0341,3406.0,0.03411,23925.0
1753533182616,12:33:02.616,ALT/USDT:USDT,0.03408,29.0,0.03405,11.0,0.0341,3406.0,0.03411,23925.0
1753533183201,12:33:03.201,ALT/USDT:USDT,0.03408,29.0,0.03405,11.0,0.0341,3700.0,0.03411,23925.0
1753533183500,12:33:03.500,ALT/USDT:USDT,0.03408,29.0,0.03405,11.0,0.0341,3406.0,0.03411,23925.0
1753533183515,12:33:03.515,ALT/USDT:USDT,0.03408,29.0,0.03405,11.0,0.0341,3406.0,0.03411,23925.0
1753533183655,12:33:03.655,ALT/USDT:USDT,0.03408,29.0,0.03405,11.0,0.0341,3406.0,0.03411,23925.0
1753533183798,12:33:03.798,ALT/USDT:USDT,0.03408,29.0,0.03405,11.0,0.0341,3700.0,0.03411,23925.0
1753533184107,12:33:04.107,ALT/USDT:USDT,0.03408,29.0,0.03405,11.0,0.0341,3700.0,0.03411,23925.0
1753533184112,12:33:04.112,ALT/USDT:USDT,0.03408,29.0,0.03405,11.0,0.0341,3406.0,0.03411,23925.0
1753533184255,12:33:04.255,ALT/USDT:USDT,0.03408,29.0,0.03405,11.0,0.0341,3406.0,0.03411,23925.0
1753533184409,12:33:04.409,ALT/USDT:USDT,0.03408,29.0,0.03405,11.0,0.0341,3406.0,0.03411,23925.0
1753533184412,12:33:04.412,ALT/USDT:USDT,0.03408,29.0,0.03405,11.0,0.0341,702.0,0.03411,23925.0
1753533184709,12:33:04.709,ALT/USDT:USDT,0.03408,29.0,0.03405,11.0,0.0341,702.0,0.03411,23925.0
1753533185301,12:33:05.301,ALT/USDT:USDT,0.03408,29.0,0.03405,11.0,0.0341,996.0,0.03411,23925.0
1753533185310,12:33:05.310,ALT/USDT:USDT,0.03408,29.0,0.03405,11.0,0.0341,702.0,0.03411,23925.0
1753533185607,12:33:05.607,ALT/USDT:USDT,0.03408,29.0,0.03405,11.0,0.0341,702.0,0.03411,23925.0
1753533186508,12:33:06.508,ALT/USDT:USDT,0.03408,29.0,0.03405,11.0,0.0341,702.0,0.03411,23925.0
1753533186651,12:33:06.651,ALT/USDT:USDT,0.03408,29.0,0.03405,11.0,0.0341,996.0,0.03411,23925.0
1753533186743,12:33:06.743,ALT/USDT:USDT,0.03408,29.0,0.03405,11.0,0.0341,996.0,0.03411,23925.0
1753533187026,12:33:07.026,ALT/USDT:USDT,0.03408,29.0,0.03405,11.0,0.0341,996.0,0.03411,23925.0
1753533188812,12:33:08.812,ALT/USDT:USDT,0.03408,29.0,0.03405,11.0,0.0341,996.0,0.03411,23925.0
1753533189205,12:33:09.205,ALT/USDT:USDT,0.03408,29.0,0.03405,11.0,0.0341,996.0,0.03411,23925.0
1753533189782,12:33:09.782,ALT/USDT:USDT,0.03408,29.0,0.03405,11.0,0.0341,996.0,0.03411,23925.0
1753533190251,12:33:10.251,ALT/USDT:USDT,0.03408,29.0,0.03405,11.0,0.0341,996.0,0.03411,23925.0
1753533190341,12:33:10.341,ALT/USDT:USDT,0.03408,29.0,0.03405,11.0,0.0341,996.0,0.03411,23925.0
1753533190869,12:33:10.869,ALT/USDT:USDT,0.03408,29.0,0.03405,11.0,0.0341,702.0,0.03411,23925.0
1753533191020,12:33:11.020,ALT/USDT:USDT,0.03408,29.0,0.03405,11.0,0.0341,702.0,0.03411,23925.0
1753533191166,12:33:11.166,ALT/USDT:USDT,0.03408,29.0,0.03405,11.0,0.0341,702.0,0.03411,23925.0
1753533191316,12:33:11.316,ALT/USDT:USDT,0.03408,29.0,0.03405,11.0,0.0341,702.0,0.03411,23925.0
1753533191458,12:33:11.458,ALT/USDT:USDT,0.03408,29.0,0.03405,11.0,0.0341,702.0,0.03411,23925.0
1753533191605,12:33:11.605,ALT/USDT:USDT,0.03408,29.0,0.03405,11.0,0.0341,996.0,0.03411,23925.0
1753533191633,12:33:11.633,ALT/USDT:USDT,0.03408,29.0,0.03405,11.0,0.0341,702.0,0.03411,23925.0
1753533191758,12:33:11.758,ALT/USDT:USDT,0.03408,29.0,0.03405,11.0,0.0341,702.0,0.03411,23925.0
1753533191906,12:33:11.906,ALT/USDT:USDT,0.03408,29.0,0.03405,11.0,0.0341,996.0,0.03411,23925.0
1753533191911,12:33:11.911,ALT/USDT:USDT,0.03408,29.0,0.03405,11.0,0.0341,702.0,0.03411,23925.0
1753533192060,12:33:12.060,ALT/USDT:USDT,0.03408,29.0,0.03405,11.0,0.0341,702.0,0.03411,23925.0
1753533192360,12:33:12.360,ALT/USDT:USDT,0.03408,29.0,0.03405,11.0,0.0341,702.0,0.03411,23925.0
1753533192508,12:33:12.508,ALT/USDT:USDT,0.03408,29.0,0.03405,11.0,0.0341,702.0,0.03411,23925.0
1753533192810,12:33:12.810,ALT/USDT:USDT,0.03408,29.0,0.03405,11.0,0.0341,702.0,0.03411,23925.0
1753533192826,12:33:12.826,ALT/USDT:USDT,0.03408,29.0,0.03405,11.0,0.0341,702.0,0.03411,23925.0
1753533192935,12:33:12.935,ALT/USDT:USDT,0.03408,29.0,0.03405,11.0,0.0341,702.0,0.03411,23925.0
1753533193109,12:33:13.109,ALT/USDT:USDT,0.03408,29.0,0.03405,11.0,0.0341,702.0,0.03411,23925.0
1753533193124,12:33:13.124,ALT/USDT:USDT,0.03408,29.0,0.03405,11.0,0.0341,702.0,0.03411,23925.0
1753533193274,12:33:13.274,ALT/USDT:USDT,0.03408,29.0,0.03405,11.0,0.0341,702.0,0.03411,23925.0
1753533193982,12:33:13.982,ALT/USDT:USDT,0.03408,29.0,0.03405,11.0,0.0341,702.0,0.03411,23925.0
1753533194307,12:33:14.307,ALT/USDT:USDT,0.03408,29.0,0.03405,11.0,0.0341,996.0,0.03411,23925.0
1753533194313,12:33:14.313,ALT/USDT:USDT,0.03408,29.0,0.03405,11.0,0.0341,702.0,0.03411,23925.0
1753533194473,12:33:14.473,ALT/USDT:USDT,0.03408,29.0,0.03405,11.0,0.0341,702.0,0.03411,23925.0
1753533194609,12:33:14.609,ALT/USDT:USDT,0.03408,29.0,0.03405,11.0,0.0341,702.0,0.03411,23925.0
1753533194623,12:33:14.623,ALT/USDT:USDT,0.03408,29.0,0.03405,11.0,0.0341,702.0,0.03411,23925.0
1753533194762,12:33:14.762,ALT/USDT:USDT,0.03408,29.0,0.03405,11.0,0.0341,702.0,0.03411,23925.0
1753533194905,12:33:14.905,ALT/USDT:USDT,0.03408,29.0,0.03405,11.0,0.0341,996.0,0.03411,23925.0
1753533194924,12:33:14.924,ALT/USDT:USDT,0.03408,29.0,0.03405,11.0,0.0341,702.0,0.03411,23925.0
1753533195062,12:33:15.062,ALT/USDT:USDT,0.03408,29.0,0.03405,11.0,0.0341,702.0,0.03411,23925.0
1753533195210,12:33:15.210,ALT/USDT:USDT,0.03408,29.0,0.03405,11.0,0.0341,702.0,0.03411,23925.0
1753533195222,12:33:15.222,ALT/USDT:USDT,0.03408,29.0,0.03405,11.0,0.0341,702.0,0.03411,23925.0
1753533195376,12:33:15.376,ALT/USDT:USDT,0.03408,29.0,0.03405,11.0,0.0341,702.0,0.03411,23925.0
1753533196231,12:33:16.231,ALT/USDT:USDT,0.03408,29.0,0.03405,11.0,0.0341,702.0,0.03411,23925.0
1753533196411,12:33:16.411,ALT/USDT:USDT,0.03408,29.0,0.03405,11.0,0.0341,996.0,0.03411,23925.0
1753533196466,12:33:16.466,ALT/USDT:USDT,0.03408,29.0,0.03405,11.0,0.0341,702.0,0.03411,23925.0
1753533196556,12:33:16.556,ALT/USDT:USDT,0.03408,29.0,0.03405,11.0,0.0341,996.0,0.03411,23925.0
1753533197471,12:33:17.471,ALT/USDT:USDT,0.03408,29.0,0.03405,11.0,0.0341,702.0,0.03411,23925.0
1753533197624,12:33:17.624,ALT/USDT:USDT,0.03408,29.0,0.03405,11.0,0.0341,702.0,0.03411,23925.0
1753533197805,12:33:17.805,ALT/USDT:USDT,0.03408,29.0,0.03405,11.0,0.0341,702.0,0.03411,23925.0
1753533198206,12:33:18.206,ALT/USDT:USDT,0.03408,29.0,0.03405,11.0,0.0341,996.0,0.03411,23925.0
1753533198224,12:33:18.224,ALT/USDT:USDT,0.03408,29.0,0.03405,11.0,0.0341,702.0,0.03411,23925.0
1753533198368,12:33:18.368,ALT/USDT:USDT,0.03408,29.0,0.03405,11.0,0.0341,702.0,0.03411,23925.0
1753533198675,12:33:18.675,ALT/USDT:USDT,0.03408,29.0,0.03405,11.0,0.0341,702.0,0.03411,23925.0
1753533198817,12:33:18.817,ALT/USDT:USDT,0.03408,29.0,0.03405,11.0,0.0341,702.0,0.03411,23925.0
1753533198963,12:33:18.963,ALT/USDT:USDT,0.03408,29.0,0.03405,11.0,0.0341,702.0,0.03411,23925.0
1753533199267,12:33:19.267,ALT/USDT:USDT,0.03408,29.0,0.03405,11.0,0.0341,702.0,0.03411,23925.0
1753533199416,12:33:19.416,ALT/USDT:USDT,0.03408,29.0,0.03405,11.0,0.0341,702.0,0.03411,23925.0
1753533199565,12:33:19.565,ALT/USDT:USDT,0.03408,29.0,0.03405,11.0,0.0341,702.0,0.03411,23925.0
1753533200009,12:33:20.009,ALT/USDT:USDT,0.03408,29.0,0.03405,11.0,0.0341,996.0,0.03411,23925.0
1753533200014,12:33:20.014,ALT/USDT:USDT,0.03408,29.0,0.03405,11.0,0.0341,702.0,0.03411,23925.0
1753533200166,12:33:20.166,ALT/USDT:USDT,0.03408,29.0,0.03405,11.0,0.0341,702.0,0.03411,23925.0
1753533200610,12:33:20.610,ALT/USDT:USDT,0.03408,29.0,0.03405,11.0,0.0341,996.0,0.03411,23925.0
1753533200615,12:33:20.615,ALT/USDT:USDT,0.03408,29.0,0.03405,11.0,0.0341,702.0,0.03411,23925.0
1753533200764,12:33:20.764,ALT/USDT:USDT,0.03408,29.0,0.03405,11.0,0.0341,702.0,0.03411,23925.0
1753533201065,12:33:21.065,ALT/USDT:USDT,0.03408,29.0,0.03405,11.0,0.0341,702.0,0.03411,23925.0
1753533201142,12:33:21.142,ALT/USDT:USDT,0.03408,29.0,0.03405,11.0,0.0341,702.0,0.03411,23925.0
1753533201217,12:33:21.217,ALT/USDT:USDT,0.03408,29.0,0.03405,11.0,0.0341,702.0,0.03411,23925.0
1753533201365,12:33:21.365,ALT/USDT:USDT,0.03408,29.0,0.03405,11.0,0.0341,702.0,0.03411,23925.0
1753533201520,12:33:21.520,ALT/USDT:USDT,0.03408,29.0,0.03405,11.0,0.0341,702.0,0.03411,23925.0
1753533201664,12:33:21.664,ALT/USDT:USDT,0.03408,29.0,0.03405,11.0,0.0341,702.0,0.03411,23925.0
1753533201816,12:33:21.816,ALT/USDT:USDT,0.03408,29.0,0.03405,11.0,0.0341,702.0,0.03411,23925.0
1753533202128,12:33:22.128,ALT/USDT:USDT,0.03408,29.0,0.03405,11.0,0.0341,702.0,0.03411,23925.0
1753533202280,12:33:22.280,ALT/USDT:USDT,0.03408,29.0,0.03405,11.0,0.0341,702.0,0.03411,23925.0
1753533202410,12:33:22.410,ALT/USDT:USDT,0.03408,29.0,0.03405,11.0,0.0341,996.0,0.03411,23925.0
1753533202416,12:33:22.416,ALT/USDT:USDT,0.03408,29.0,0.03405,11.0,0.0341,702.0,0.03411,23925.0
1753533202567,12:33:22.567,ALT/USDT:USDT,0.03408,29.0,0.03405,11.0,0.0341,702.0,0.03411,23925.0
1753533202722,12:33:22.722,ALT/USDT:USDT,0.03408,29.0,0.03405,11.0,0.0341,702.0,0.03411,23925.0
1753533202878,12:33:22.878,ALT/USDT:USDT,0.03408,29.0,0.03405,11.0,0.0341,702.0,0.03411,23925.0
1753533203016,12:33:23.016,ALT/USDT:USDT,0.03408,29.0,0.03405,11.0,0.0341,702.0,0.03411,23925.0
1753533203315,12:33:23.315,ALT/USDT:USDT,0.03408,29.0,0.03405,11.0,0.0341,702.0,0.03411,23925.0
1753533203619,12:33:23.619,ALT/USDT:USDT,0.03408,29.0,0.03405,11.0,0.0341,702.0,0.03411,23925.0
1753533203769,12:33:23.769,ALT/USDT:USDT,0.03408,29.0,0.03405,11.0,0.0341,702.0,0.03411,23925.0
1753533203920,12:33:23.920,ALT/USDT:USDT,0.03408,29.0,0.03405,11.0,0.0341,702.0,0.03411,23925.0
1753533204066,12:33:24.066,ALT/USDT:USDT,0.03408,29.0,0.03405,11.0,0.0341,702.0,0.03411,23925.0
1753533204228,12:33:24.228,ALT/USDT:USDT,0.03408,29.0,0.03405,11.0,0.0341,702.0,0.03411,23925.0
1753533204367,12:33:24.367,ALT/USDT:USDT,0.03408,29.0,0.03405,11.0,0.0341,702.0,0.03411,23925.0
1753533204528,12:33:24.528,ALT/USDT:USDT,0.03408,29.0,0.03405,11.0,0.0341,702.0,0.03411,23925.0
1753533204670,12:33:24.670,ALT/USDT:USDT,0.03408,29.0,0.03405,11.0,0.0341,702.0,0.03411,23925.0
1753533205271,12:33:25.271,ALT/USDT:USDT,0.03408,29.0,0.03405,11.0,0.0341,702.0,0.03411,23925.0
1753533205417,12:33:25.417,ALT/USDT:USDT,0.03408,29.0,0.03405,11.0,0.0341,702.0,0.03411,23925.0
1753533205573,12:33:25.573,ALT/USDT:USDT,0.03408,29.0,0.03405,11.0,0.0341,702.0,0.03411,23925.0
1753533205654,12:33:25.654,ALT/USDT:USDT,0.03408,29.0,0.03405,11.0,0.0341,702.0,0.03411,23925.0
1753533205721,12:33:25.721,ALT/USDT:USDT,0.03408,29.0,0.03405,11.0,0.0341,702.0,0.03411,23925.0
1753533205880,12:33:25.880,ALT/USDT:USDT,0.03408,29.0,0.03405,11.0,0.0341,702.0,0.03411,23925.0
1753533205961,12:33:25.961,ALT/USDT:USDT,0.03408,29.0,0.03405,11.0,0.0341,702.0,0.03411,23925.0
1753533206087,12:33:26.087,ALT/USDT:USDT,0.03408,29.0,0.03405,9095.0,0.0341,702.0,0.03411,23925.0
1753533206194,12:33:26.194,ALT/USDT:USDT,0.03408,29.0,0.03405,9095.0,0.0341,702.0,0.03411,23925.0
1753533206444,12:33:26.444,ALT/USDT:USDT,0.03408,29.0,0.03405,9095.0,0.0341,702.0,0.03411,23925.0
1753533206579,12:33:26.579,ALT/USDT:USDT,0.03408,29.0,0.03405,9095.0,0.0341,702.0,0.03411,23925.0
1753533206637,12:33:26.637,ALT/USDT:USDT,0.03408,29.0,0.03405,9095.0,0.0341,702.0,0.03411,23925.0
1753533207007,12:33:27.007,ALT/USDT:USDT,0.03408,29.0,0.03405,9095.0,0.0341,702.0,0.03411,23925.0
1753533207397,12:33:27.397,ALT/USDT:USDT,0.03408,29.0,0.03405,9095.0,0.0341,702.0,0.03411,23925.0
1753533207527,12:33:27.527,ALT/USDT:USDT,0.03408,29.0,0.03405,9095.0,0.0341,702.0,0.03411,23925.0
1753533208240,12:33:28.240,ALT/USDT:USDT,0.03408,29.0,0.03405,9095.0,0.0341,702.0,0.03411,23925.0
1753533208377,12:33:28.377,ALT/USDT:USDT,0.03408,29.0,0.03405,9095.0,0.0341,702.0,0.03411,23925.0
1753533209435,12:33:29.435,ALT/USDT:USDT,0.03408,29.0,0.03405,9095.0,0.0341,702.0,0.03411,23925.0
1753533210001,12:33:30.001,ALT/USDT:USDT,0.03408,29.0,0.03405,9095.0,0.0341,702.0,0.03411,23925.0
1753533210743,12:33:30.743,ALT/USDT:USDT,0.03408,29.0,0.03405,9095.0,0.0341,702.0,0.03411,23925.0
1753533214883,12:33:34.883,ALT/USDT:USDT,0.03408,29.0,0.03405,11.0,0.0341,702.0,0.03411,23925.0
1753533215003,12:33:35.003,ALT/USDT:USDT,0.03408,29.0,0.03405,11.0,0.0341,702.0,0.03411,23925.0
1753533215086,12:33:35.086,ALT/USDT:USDT,0.03408,29.0,0.03405,11.0,0.0341,1767.0,0.03411,23925.0
1753533215157,12:33:35.157,ALT/USDT:USDT,0.03408,29.0,0.03405,11.0,0.0341,15778.0,0.03411,23925.0
1753533215544,12:33:35.544,ALT/USDT:USDT,0.03408,29.0,0.03405,11.0,0.0341,15778.0,0.03411,23925.0
1753533216491,12:33:36.491,ALT/USDT:USDT,0.03408,29.0,0.03405,11.0,0.0341,15778.0,0.03411,23925.0
1753533217422,12:33:37.422,ALT/USDT:USDT,0.03408,29.0,0.03405,11.0,0.0341,15778.0,0.03411,23925.0
1753533217520,12:33:37.520,ALT/USDT:USDT,0.03408,29.0,0.03405,11.0,0.0341,15778.0,0.03411,23925.0
1753533217832,12:33:37.832,ALT/USDT:USDT,0.03408,29.0,0.03405,11.0,0.0341,15778.0,0.03411,23925.0
1753533218997,12:33:38.997,ALT/USDT:USDT,0.03408,29.0,0.03405,11.0,0.0341,15778.0,0.03411,23925.0
1753533219390,12:33:39.390,ALT/USDT:USDT,0.03408,29.0,0.03405,11.0,0.0341,15778.0,0.03411,23925.0
1753533220094,12:33:40.094,ALT/USDT:USDT,0.03408,29.0,0.03405,11.0,0.0341,15778.0,0.03411,23925.0
1753533220279,12:33:40.279,ALT/USDT:USDT,0.03408,29.0,0.03405,11.0,0.0341,15778.0,0.03411,23925.0
1753533220345,12:33:40.345,ALT/USDT:USDT,0.03408,29.0,0.03405,11.0,0.0341,15778.0,0.03411,23925.0
1753533221282,12:33:41.282,ALT/USDT:USDT,0.03408,29.0,0.03405,11.0,0.0341,15778.0,0.03411,23925.0
1753533222602,12:33:42.602,ALT/USDT:USDT,0.03408,29.0,0.03405,11.0,0.0341,89256.0,0.03411,23925.0
1753533222613,12:33:42.613,ALT/USDT:USDT,0.03408,29.0,0.03405,11.0,0.0341,89256.0,0.03411,12912.0
1753533223022,12:33:43.022,ALT/USDT:USDT,0.03408,29.0,0.03405,11.0,0.0341,89256.0,0.03411,12912.0
1753533223409,12:33:43.409,ALT/USDT:USDT,0.03408,29.0,0.03405,11.0,0.0341,89256.0,0.03411,12912.0
1753533223961,12:33:43.961,ALT/USDT:USDT,0.03408,29.0,0.03405,11.0,0.0341,88191.0,0.03411,12912.0
1753533224031,12:33:44.031,ALT/USDT:USDT,0.03408,29.0,0.03405,11.0,0.0341,88191.0,0.03411,12912.0
1753533224170,12:33:44.170,ALT/USDT:USDT,0.03408,29.0,0.03405,11.0,0.0341,89609.0,0.03411,12912.0
1753533224273,12:33:44.273,ALT/USDT:USDT,0.03408,29.0,0.03405,11.0,0.0341,89609.0,0.03411,12912.0
1753533225165,12:33:45.165,ALT/USDT:USDT,0.03408,29.0,0.03405,11.0,0.0341,89609.0,0.03411,12912.0
1753533225400,12:33:45.400,ALT/USDT:USDT,0.03408,29.0,0.03405,11.0,0.0341,89609.0,0.03411,12912.0
1753533225571,12:33:45.571,ALT/USDT:USDT,0.03408,29.0,0.03405,11.0,0.0341,89609.0,0.03411,12912.0
1753533226416,12:33:46.416,ALT/USDT:USDT,0.03408,29.0,0.03405,11.0,0.0341,89609.0,0.03411,12912.0
1753533226575,12:33:46.575,ALT/USDT:USDT,0.03408,29.0,0.03405,11.0,0.0341,89609.0,0.03411,12912.0
1753533227425,12:33:47.425,ALT/USDT:USDT,0.03408,29.0,0.03405,11.0,0.0341,88191.0,0.03411,12912.0
1753533227629,12:33:47.629,ALT/USDT:USDT,0.03408,29.0,0.03405,11.0,0.0341,89493.0,0.03411,12912.0
1753533227786,12:33:47.786,ALT/USDT:USDT,0.03408,29.0,0.03405,11.0,0.0341,89493.0,0.03411,12912.0
1753533229001,12:33:49.001,ALT/USDT:USDT,0.03408,29.0,0.03405,11.0,0.0341,89493.0,0.03411,12912.0
1753533229076,12:33:49.076,ALT/USDT:USDT,0.03408,29.0,0.03405,11.0,0.0341,89493.0,0.03411,12912.0
1753533229943,12:33:49.943,ALT/USDT:USDT,0.03408,29.0,0.03405,11.0,0.0341,89493.0,0.03411,12912.0
1753533231100,12:33:51.100,ALT/USDT:USDT,0.03408,29.0,0.03405,11.0,0.0341,89493.0,0.03411,12912.0
1753533231195,12:33:51.195,ALT/USDT:USDT,0.03408,29.0,0.03405,11.0,0.0341,89493.0,0.03411,12912.0
1753533231272,12:33:51.272,ALT/USDT:USDT,0.03408,29.0,0.03405,11.0,0.0341,89493.0,0.03411,12912.0
1753533234743,12:33:54.743,ALT/USDT:USDT,0.03408,29.0,0.03405,11.0,0.0341,89493.0,0.03411,12912.0
1753533239543,12:33:59.543,ALT/USDT:USDT,0.03408,29.0,0.03405,11.0,0.0341,89493.0,0.03411,12912.0
1753533240167,12:34:00.167,ALT/USDT:USDT,0.03408,29.0,0.03405,11.0,0.0341,88191.0,0.03411,12912.0
1753533240231,12:34:00.231,ALT/USDT:USDT,0.03408,29.0,0.03405,11.0,0.0341,89608.0,0.03411,12912.0
1753533242672,12:34:02.672,ALT/USDT:USDT,0.03408,29.0,0.03405,11.0,0.0341,88191.0,0.03411,12912.0
1753533242781,12:34:02.781,ALT/USDT:USDT,0.03408,29.0,0.03405,11.0,0.0341,89747.0,0.03411,12912.0
1753533243847,12:34:03.847,ALT/USDT:USDT,0.03408,29.0,0.03405,11.0,0.0341,89747.0,0.03411,12912.0
1753533244357,12:34:04.357,ALT/USDT:USDT,0.03408,29.0,0.03405,11.0,0.0341,89747.0,0.03411,12912.0
1753533249154,12:34:09.154,ALT/USDT:USDT,0.03408,29.0,0.03405,11.0,0.0341,89747.0,0.03411,12912.0
1753533252304,12:34:12.304,ALT/USDT:USDT,0.03408,29.0,0.03405,11.0,0.0341,89747.0,0.03411,12912.0
1753533252395,12:34:12.395,ALT/USDT:USDT,0.03408,29.0,0.03405,11.0,0.0341,92977.0,0.03411,12912.0
1753533252457,12:34:12.457,ALT/USDT:USDT,0.03408,29.0,0.03405,11.0,0.0341,92977.0,0.03411,12912.0
1753533252985,12:34:12.985,ALT/USDT:USDT,0.03408,29.0,0.03405,11.0,0.0341,98546.0,0.03411,12912.0
1753533253613,12:34:13.613,ALT/USDT:USDT,0.03408,29.0,0.03405,11.0,0.0341,98546.0,0.03411,12912.0
1753533253943,12:34:13.943,ALT/USDT:USDT,0.03408,29.0,0.03405,11.0,0.0341,98546.0,0.03411,12912.0
1753533254071,12:34:14.071,ALT/USDT:USDT,0.03408,29.0,0.03405,11.0,0.0341,98546.0,0.03411,12912.0
1753533254654,12:34:14.654,ALT/USDT:USDT,0.03408,29.0,0.03405,11.0,0.0341,96719.0,0.03411,12912.0
1753533255016,12:34:15.016,ALT/USDT:USDT,0.03408,29.0,0.03405,11.0,0.0341,96719.0,0.03411,12912.0
1753533255238,12:34:15.238,ALT/USDT:USDT,0.03408,29.0,0.03405,11.0,0.0341,96719.0,0.03411,12912.0
1753533256239,12:34:16.239,ALT/USDT:USDT,0.03408,29.0,0.03405,11.0,0.0341,96115.0,0.03411,12912.0
1753533256394,12:34:16.394,ALT/USDT:USDT,0.03408,29.0,0.03405,11.0,0.0341,96115.0,0.03411,12912.0
1753533256462,12:34:16.462,ALT/USDT:USDT,0.03408,29.0,0.03405,11.0,0.0341,96115.0,0.03411,12912.0
1753533256859,12:34:16.859,ALT/USDT:USDT,0.03408,29.0,0.03405,11.0,0.0341,96115.0,0.03411,12912.0
1753533257004,12:34:17.004,ALT/USDT:USDT,0.03408,29.0,0.03405,11.0,0.0341,96115.0,0.03411,12912.0
1753533257794,12:34:17.794,ALT/USDT:USDT,0.03408,29.0,0.03405,11.0,0.0341,96561.0,0.03411,12912.0
1753533257904,12:34:17.904,ALT/USDT:USDT,0.03408,29.0,0.03405,11.0,0.0341,96561.0,0.03411,12912.0
1753533258218,12:34:18.218,ALT/USDT:USDT,0.03408,29.0,0.03405,11.0,0.0341,90193.0,0.03411,12912.0
1753533258744,12:34:18.744,ALT/USDT:USDT,0.03408,29.0,0.03405,11.0,0.0341,90193.0,0.03411,12912.0
1753533260195,12:34:20.195,ALT/USDT:USDT,0.03408,29.0,0.03405,11.0,0.0341,88191.0,0.03411,12912.0
1753533260492,12:34:20.492,ALT/USDT:USDT,0.03408,29.0,0.03405,11.0,0.0341,89806.0,0.03411,12912.0
1753533262206,12:34:22.206,ALT/USDT:USDT,0.03408,29.0,0.03405,11.0,0.0341,89806.0,0.03411,12912.0
1753533262361,12:34:22.361,ALT/USDT:USDT,0.03408,29.0,0.03405,11.0,0.0341,89806.0,0.03411,12912.0
1753533263295,12:34:23.295,ALT/USDT:USDT,0.03408,29.0,0.03405,11.0,0.0341,89806.0,0.03411,12912.0
1753533263451,12:34:23.451,ALT/USDT:USDT,0.03408,29.0,0.03405,11.0,0.0341,89806.0,0.03411,12912.0
1753533263546,12:34:23.546,ALT/USDT:USDT,0.03408,29.0,0.03405,11.0,0.0341,89806.0,0.03411,12912.0
1753533264396,12:34:24.396,ALT/USDT:USDT,0.03408,29.0,0.03405,11.0,0.0341,89806.0,0.03411,12912.0
1753533264506,12:34:24.506,ALT/USDT:USDT,0.03408,29.0,0.03405,11.0,0.0341,89806.0,0.03411,12912.0
1753533265609,12:34:25.609,ALT/USDT:USDT,0.03408,29.0,0.03405,11.0,0.0341,89806.0,0.03411,12912.0
1753533265728,12:34:25.728,ALT/USDT:USDT,0.03408,29.0,0.03405,11.0,0.0341,89806.0,0.03411,12912.0
1753533266810,12:34:26.810,ALT/USDT:USDT,0.03408,29.0,0.03405,11.0,0.0341,89806.0,0.03411,12912.0
1753533266936,12:34:26.936,ALT/USDT:USDT,0.03408,29.0,0.03405,11.0,0.0341,89806.0,0.03411,12912.0
1753533267658,12:34:27.658,ALT/USDT:USDT,0.03408,29.0,0.03405,11.0,0.0341,90425.0,0.03411,12912.0
1753533267740,12:34:27.740,ALT/USDT:USDT,0.03408,29.0,0.03405,11.0,0.0341,95994.0,0.03411,12912.0
1753533268162,12:34:28.162,ALT/USDT:USDT,0.03408,29.0,0.03405,11.0,0.0341,95994.0,0.03411,12912.0
1753533268295,12:34:28.295,ALT/USDT:USDT,0.03408,29.0,0.03405,11.0,0.0341,95994.0,0.03411,12912.0
1753533268344,12:34:28.344,ALT/USDT:USDT,0.03408,29.0,0.03405,11.0,0.0341,95994.0,0.03411,12912.0
1753533269225,12:34:29.225,ALT/USDT:USDT,0.03408,29.0,0.03405,11.0,0.0341,95994.0,0.03411,12912.0
1753533269408,12:34:29.408,ALT/USDT:USDT,0.03408,29.0,0.03405,11.0,0.0341,95994.0,0.03411,12912.0
1753533270412,12:34:30.412,ALT/USDT:USDT,0.03408,29.0,0.03405,11.0,0.0341,95994.0,0.03411,12912.0
1753533270803,12:34:30.803,ALT/USDT:USDT,0.03408,29.0,0.03405,11.0,0.0341,95994.0,0.03411,12912.0
1753533271008,12:34:31.008,ALT/USDT:USDT,0.03408,29.0,0.03405,11.0,0.0341,95994.0,0.03411,12912.0
1753533271418,12:34:31.418,ALT/USDT:USDT,0.03408,29.0,0.03405,11.0,0.0341,95994.0,0.03411,12912.0
1753533271570,12:34:31.570,ALT/USDT:USDT,0.03408,29.0,0.03405,11.0,0.0341,95994.0,0.03411,12912.0
1753533271837,12:34:31.837,ALT/USDT:USDT,0.03408,29.0,0.03405,11.0,0.0341,95994.0,0.03411,12912.0
1753533272106,12:34:32.106,ALT/USDT:USDT,0.03408,29.0,0.03405,11.0,0.0341,95994.0,0.03411,12912.0
1753533272138,12:34:32.138,ALT/USDT:USDT,0.03408,29.0,0.03405,11.0,0.0341,95994.0,0.03411,12912.0
1753533272679,12:34:32.679,ALT/USDT:USDT,0.03408,29.0,0.03405,11.0,0.0341,95994.0,0.03411,12912.0
1753533272782,12:34:32.782,ALT/USDT:USDT,0.03408,29.0,0.03405,11.0,0.0341,95994.0,0.03411,12912.0
1753533273005,12:34:33.005,ALT/USDT:USDT,0.03408,29.0,0.03405,11.0,0.0341,95994.0,0.03411,12912.0
1753533273105,12:34:33.105,ALT/USDT:USDT,0.03408,29.0,0.03405,11.0,0.0341,95994.0,0.03411,12912.0
1753533273144,12:34:33.144,ALT/USDT:USDT,0.03408,29.0,0.03405,11.0,0.0341,95994.0,0.03411,12912.0
1753533273807,12:34:33.807,ALT/USDT:USDT,0.03408,29.0,0.03405,11.0,0.0341,95994.0,0.03411,12912.0
1753533273907,12:34:33.907,ALT/USDT:USDT,0.03408,29.0,0.03405,11.0,0.0341,95994.0,0.03411,12912.0
1753533274821,12:34:34.821,ALT/USDT:USDT,0.03408,29.0,0.03405,11.0,0.0341,95994.0,0.03411,12912.0
1753533274939,12:34:34.939,ALT/USDT:USDT,0.03408,29.0,0.03405,11.0,0.0341,95994.0,0.03411,12912.0
1753533277151,12:34:37.151,ALT/USDT:USDT,0.03408,29.0,0.03405,11.0,0.0341,94379.0,0.03411,12912.0
1753533277454,12:34:37.454,ALT/USDT:USDT,0.03408,29.0,0.03405,11.0,0.0341,96650.0,0.03411,12912.0
1753533277945,12:34:37.945,ALT/USDT:USDT,0.03408,29.0,0.03405,11.0,0.0341,96650.0,0.03411,12912.0
1753533279709,12:34:39.709,ALT/USDT:USDT,0.03408,29.0,0.03405,11.0,0.0341,93760.0,0.03411,12912.0
1753533279852,12:34:39.852,ALT/USDT:USDT,0.03408,29.0,0.03405,11.0,0.0341,96031.0,0.03411,12912.0
1753533280851,12:34:40.851,ALT/USDT:USDT,0.03408,29.0,0.03405,11.0,0.0341,100375.0,0.03411,12912.0
1753533282124,12:34:42.124,ALT/USDT:USDT,0.03408,29.0,0.03405,11.0,0.0341,100375.0,0.03411,12912.0
1753533282753,12:34:42.753,ALT/USDT:USDT,0.03408,29.0,0.03405,11.0,0.0341,100375.0,0.03411,12912.0
1753533284626,12:34:44.626,ALT/USDT:USDT,0.03408,29.0,0.03405,11.0,0.0341,100375.0,0.03411,12912.0
1753533284784,12:34:44.784,ALT/USDT:USDT,0.03408,29.0,0.03405,11.0,0.0341,100375.0,0.03411,12912.0
1753533285570,12:34:45.570,ALT/USDT:USDT,0.03408,29.0,0.03405,11.0,0.0341,100375.0,0.03411,21996.0
1753533285943,12:34:45.943,ALT/USDT:USDT,0.03408,29.0,0.03405,11.0,0.0341,94806.0,0.03411,21996.0
1753533287442,12:34:47.442,ALT/USDT:USDT,0.03408,29.0,0.03405,11.0,0.0341,100375.0,0.03411,21996.0
1753533287545,12:34:47.545,ALT/USDT:USDT,0.03408,29.0,0.03405,11.0,0.0341,100375.0,0.03411,21996.0
1753533289003,12:34:49.003,ALT/USDT:USDT,0.03408,29.0,0.03405,11.0,0.0341,100375.0,0.03411,21996.0
1753533291209,12:34:51.209,ALT/USDT:USDT,0.03408,29.0,0.03405,11.0,0.0341,100375.0,0.03411,21996.0
1753533291230,12:34:51.230,ALT/USDT:USDT,0.03408,29.0,0.03405,11.0,0.0341,109172.0,0.03411,21996.0
1753533291392,12:34:51.392,ALT/USDT:USDT,0.03408,29.0,0.03405,11.0,0.0341,109172.0,0.03411,21996.0
1753533291863,12:34:51.863,ALT/USDT:USDT,0.03408,29.0,0.03405,11.0,0.0341,103603.0,0.03411,21996.0
1753533292344,12:34:52.344,ALT/USDT:USDT,0.03408,29.0,0.03405,11.0,0.0341,103603.0,0.03411,21996.0
1753533292506,12:34:52.506,ALT/USDT:USDT,0.03408,29.0,0.03405,11.0,0.0341,105069.0,0.03411,21996.0
1753533292608,12:34:52.608,ALT/USDT:USDT,0.03408,29.0,0.03405,11.0,0.0341,105069.0,0.03411,21996.0
1753533292685,12:34:52.685,ALT/USDT:USDT,0.03408,29.0,0.03405,11.0,0.0341,105069.0,0.03411,21996.0
1753533293696,12:34:53.696,ALT/USDT:USDT,0.03408,29.0,0.03405,11.0,0.0341,105069.0,0.03411,21996.0
1753533293797,12:34:53.797,ALT/USDT:USDT,0.03408,29.0,0.03405,11.0,0.0341,105069.0,0.03411,21996.0
1753533293869,12:34:53.869,ALT/USDT:USDT,0.03408,29.0,0.03405,11.0,0.0341,105069.0,0.03411,21996.0
1753533294227,12:34:54.227,ALT/USDT:USDT,0.03408,29.0,0.03405,11.0,0.0341,105069.0,0.03411,21996.0
1753533294804,12:34:54.804,ALT/USDT:USDT,0.03408,29.0,0.03405,11.0,0.0341,105069.0,0.03411,21996.0
1753533294892,12:34:54.892,ALT/USDT:USDT,0.03408,29.0,0.03405,11.0,0.0341,110221.0,0.03411,21996.0
1753533295875,12:34:55.875,ALT/USDT:USDT,0.03408,29.0,0.03405,11.0,0.0341,105877.0,0.03411,21996.0
1753533296048,12:34:56.048,ALT/USDT:USDT,0.03408,29.0,0.03405,11.0,0.0341,110221.0,0.03411,21996.0
1753533296167,12:34:56.167,ALT/USDT:USDT,0.03408,29.0,0.03405,11.0,0.0341,110221.0,0.03411,21996.0
1753533296455,12:34:56.455,ALT/USDT:USDT,0.03408,29.0,0.03405,11.0,0.0341,110221.0,0.03411,21996.0
1753533297201,12:34:57.201,ALT/USDT:USDT,0.03408,29.0,0.03405,11.0,0.0341,110221.0,0.03411,21996.0
1753533297532,12:34:57.532,ALT/USDT:USDT,0.03408,29.0,0.03405,11.0,0.0341,36743.0,0.03411,21996.0
1753533297692,12:34:57.692,ALT/USDT:USDT,0.03408,29.0,0.03405,11.0,0.03409,73325.0,0.0341,9499.0
1753533297717,12:34:57.717,ALT/USDT:USDT,0.03408,29.0,0.03405,11.0,0.03409,74692.0,0.0341,9499.0
1753533298003,12:34:58.003,ALT/USDT:USDT,0.03408,29.0,0.03405,11.0,0.03409,74692.0,0.0341,9499.0
1753533298614,12:34:58.614,ALT/USDT:USDT,0.03408,29.0,0.03405,11.0,0.03409,74692.0,0.0341,9499.0
1753533299004,12:34:59.004,ALT/USDT:USDT,0.03408,29.0,0.03405,11.0,0.03409,74692.0,0.0341,9499.0
1753533299986,12:34:59.986,ALT/USDT:USDT,0.03408,29.0,0.03405,11.0,0.03409,74692.0,0.0341,9499.0
1753533300392,12:35:00.392,ALT/USDT:USDT,0.03408,29.0,0.03405,11.0,0.03409,75311.0,0.0341,9499.0
1753533300494,12:35:00.494,ALT/USDT:USDT,0.03408,29.0,0.03405,11.0,0.03409,74986.0,0.0341,9499.0
1753533301166,12:35:01.166,ALT/USDT:USDT,0.03408,29.0,0.03405,11.0,0.03409,74986.0,0.0341,9499.0
1753533301269,12:35:01.269,ALT/USDT:USDT,0.03408,29.0,0.03405,11.0,0.03409,74986.0,0.0341,9499.0
1753533301415,12:35:01.415,ALT/USDT:USDT,0.03408,29.0,0.03405,11.0,0.03409,74986.0,0.0341,9499.0
1753533301525,12:35:01.525,ALT/USDT:USDT,0.03408,29.0,0.03405,11.0,0.03409,74986.0,0.0341,9499.0
1753533302004,12:35:02.004,ALT/USDT:USDT,0.03408,29.0,0.03405,11.0,0.03409,74986.0,0.0341,9499.0
1753533302079,12:35:02.079,ALT/USDT:USDT,0.03408,29.0,0.03405,11.0,0.03409,80555.0,0.0341,9499.0
1753533302494,12:35:02.494,ALT/USDT:USDT,0.03408,29.0,0.03405,11.0,0.03409,80555.0,0.0341,9499.0
1753533302587,12:35:02.587,ALT/USDT:USDT,0.03408,29.0,0.03405,11.0,0.03409,80555.0,0.0341,9499.0
1753533302616,12:35:02.616,ALT/USDT:USDT,0.03408,29.0,0.03405,11.0,0.03409,106603.0,0.0341,9499.0
1753533303082,12:35:03.082,ALT/USDT:USDT,0.03408,29.0,0.03405,11.0,0.03409,80261.0,0.0341,9499.0
1753533303169,12:35:03.169,ALT/USDT:USDT,0.03408,29.0,0.03405,11.0,0.03409,74692.0,0.0341,9499.0
1753533303582,12:35:03.582,ALT/USDT:USDT,0.03408,29.0,0.03405,11.0,0.03409,74692.0,0.0341,9499.0
1753533304004,12:35:04.004,ALT/USDT:USDT,0.03408,29.0,0.03405,11.0,0.03409,74692.0,0.0341,9499.0
1753533304473,12:35:04.473,ALT/USDT:USDT,0.03408,29.0,0.03405,11.0,0.03409,74692.0,0.0341,9499.0
1753533304977,12:35:04.977,ALT/USDT:USDT,0.03408,29.0,0.03405,11.0,0.03409,74692.0,0.0341,9499.0
1753533306029,12:35:06.029,ALT/USDT:USDT,0.03408,29.0,0.03405,11.0,0.03409,74692.0,0.0341,9499.0
1753533306390,12:35:06.390,ALT/USDT:USDT,0.03408,29.0,0.03405,11.0,0.03409,74692.0,0.0341,9499.0
1753533306744,12:35:06.744,ALT/USDT:USDT,0.03408,29.0,0.03405,11.0,0.03409,74692.0,0.0341,9499.0
1753533307409,12:35:07.409,ALT/USDT:USDT,0.03408,29.0,0.03405,11.0,0.03409,74692.0,0.0341,9499.0
1753533308442,12:35:08.442,ALT/USDT:USDT,0.03408,29.0,0.03405,11.0,0.03409,74692.0,0.0341,9499.0
1753533308886,12:35:08.886,ALT/USDT:USDT,0.03408,29.0,0.03405,11.0,0.03409,74692.0,0.0341,9499.0
1753533309036,12:35:09.036,ALT/USDT:USDT,0.03408,29.0,0.03405,11.0,0.03409,74692.0,0.0341,9499.0
1753533310014,12:35:10.014,ALT/USDT:USDT,0.03408,29.0,0.03405,11.0,0.03409,74692.0,0.0341,9499.0
1753533310265,12:35:10.265,ALT/USDT:USDT,0.03408,29.0,0.03405,11.0,0.03409,74692.0,0.0341,9499.0
1753533311031,12:35:11.031,ALT/USDT:USDT,0.03408,29.0,0.03405,11.0,0.03409,74692.0,0.0341,9499.0
1753533311450,12:35:11.450,ALT/USDT:USDT,0.03408,29.0,0.03405,11.0,0.03409,74692.0,0.0341,9499.0
1753533312641,12:35:12.641,ALT/USDT:USDT,0.03408,29.0,0.03405,11.0,0.03409,74692.0,0.0341,9499.0
1753533312731,12:35:12.731,ALT/USDT:USDT,0.03408,29.0,0.03405,11.0,0.03409,74693.0,0.0341,9499.0
1753533313000,12:35:13.000,ALT/USDT:USDT,0.03408,29.0,0.03405,11.0,0.03409,74693.0,0.0341,9499.0
1753533313831,12:35:13.831,ALT/USDT:USDT,0.03408,29.0,0.03405,11.0,0.03409,74693.0,0.0341,9499.0
1753533313986,12:35:13.986,ALT/USDT:USDT,0.03408,29.0,0.03405,11.0,0.03409,74693.0,0.0341,9499.0
1753533314082,12:35:14.082,ALT/USDT:USDT,0.03408,29.0,0.03405,11.0,0.03409,111230.0,0.0341,9499.0
1753533314229,12:35:14.229,ALT/USDT:USDT,0.03408,29.0,0.03405,11.0,0.03409,78897.0,0.0341,9499.0
1753533315032,12:35:15.032,ALT/USDT:USDT,0.03408,29.0,0.03405,11.0,0.03409,78897.0,0.0341,9499.0
1753533315292,12:35:15.292,ALT/USDT:USDT,0.03408,29.0,0.03405,11.0,0.03409,78897.0,0.0341,9499.0
1753533315915,12:35:15.915,ALT/USDT:USDT,0.03408,29.0,0.03405,11.0,0.03409,78897.0,0.0341,9499.0
1753533317423,12:35:17.423,ALT/USDT:USDT,0.03408,29.0,0.03405,11.0,0.03409,78897.0,0.0341,9499.0
1753533317686,12:35:17.686,ALT/USDT:USDT,0.03408,29.0,0.03405,11.0,0.03409,78897.0,0.0341,9499.0
1753533318002,12:35:18.002,ALT/USDT:USDT,0.03408,29.0,0.03405,11.0,0.03409,78897.0,0.0341,9499.0
1753533318106,12:35:18.106,ALT/USDT:USDT,0.03408,29.0,0.03405,11.0,0.03409,133205.0,0.0341,9499.0
1753533319745,12:35:19.745,ALT/USDT:USDT,0.03408,29.0,0.03405,11.0,0.03409,133205.0,0.0341,9499.0
1753533321897,12:35:21.897,ALT/USDT:USDT,0.03408,29.0,0.03405,11.0,0.03409,133205.0,0.0341,9499.0
1753533322217,12:35:22.217,ALT/USDT:USDT,0.03408,29.0,0.03405,11.0,0.03409,133205.0,0.0341,9499.0
1753533322317,12:35:22.317,ALT/USDT:USDT,0.03408,29.0,0.03405,11.0,0.03409,133205.0,0.0341,9499.0
1753533322531,12:35:22.531,ALT/USDT:USDT,0.03408,29.0,0.03405,11.0,0.03409,78897.0,0.0341,9499.0
1753533324339,12:35:24.339,ALT/USDT:USDT,0.03408,29.0,0.03405,11.0,0.03409,78897.0,0.0341,9499.0
1753533324534,12:35:24.534,ALT/USDT:USDT,0.03408,29.0,0.03405,11.0,0.03409,78897.0,0.0341,9499.0
1753533324692,12:35:24.692,ALT/USDT:USDT,0.03408,29.0,0.03405,11.0,0.03409,132823.0,0.0341,9499.0
1753533324736,12:35:24.736,ALT/USDT:USDT,0.03408,29.0,0.03405,11.0,0.03409,132823.0,0.0341,9499.0
1753533326882,12:35:26.882,ALT/USDT:USDT,0.03408,29.0,0.03405,11.0,0.03409,132823.0,0.0341,9499.0
1753533327736,12:35:27.736,ALT/USDT:USDT,0.03408,29.0,0.03405,11.0,0.03409,131455.0,0.0341,9499.0
1753533328028,12:35:28.028,ALT/USDT:USDT,0.03408,29.0,0.03405,11.0,0.03409,133041.0,0.0341,9499.0
1753533329106,12:35:29.106,ALT/USDT:USDT,0.03408,29.0,0.03405,11.0,0.03409,136470.0,0.0341,9499.0
1753533329546,12:35:29.546,ALT/USDT:USDT,0.03408,29.0,0.03405,11.0,0.03409,136470.0,0.0341,9499.0
1753533330310,12:35:30.310,ALT/USDT:USDT,0.03408,29.0,0.03405,11.0,0.03409,136470.0,0.0341,9499.0
1753533331006,12:35:31.006,ALT/USDT:USDT,0.03408,29.0,0.03405,11.0,0.03409,136470.0,0.0341,9499.0
1753533332675,12:35:32.675,ALT/USDT:USDT,0.03408,29.0,0.03405,11.0,0.03409,136470.0,0.0341,9499.0
1753533332826,12:35:32.826,ALT/USDT:USDT,0.03408,29.0,0.03405,11.0,0.03409,136470.0,0.0341,9499.0
1753533333004,12:35:33.004,ALT/USDT:USDT,0.03408,29.0,0.03405,11.0,0.03409,136470.0,0.0341,9499.0
1753533334364,12:35:34.364,ALT/USDT:USDT,0.03408,29.0,0.03405,11.0,0.03409,133181.0,0.0341,9499.0
1753533335312,12:35:35.312,ALT/USDT:USDT,0.03408,29.0,0.03405,11.0,0.03409,138750.0,0.0341,9499.0
1753533336105,12:35:36.105,ALT/USDT:USDT,0.03408,29.0,0.03405,11.0,0.03409,134406.0,0.0341,9499.0
1753533336113,12:35:36.113,ALT/USDT:USDT,0.03408,29.0,0.03405,11.0,0.03409,138750.0,0.0341,9499.0
1753533338300,12:35:38.300,ALT/USDT:USDT,0.03408,29.0,0.03405,11.0,0.03409,138750.0,0.0341,9499.0
1753533338561,12:35:38.561,ALT/USDT:USDT,0.03408,29.0,0.03405,11.0,0.03409,138750.0,0.0341,9499.0
1753533339002,12:35:39.002,ALT/USDT:USDT,0.03408,29.0,0.03405,11.0,0.03409,138750.0,0.0341,9499.0
1753533339148,12:35:39.148,ALT/USDT:USDT,0.03408,29.0,0.03405,11.0,0.03409,138750.0,0.0341,9499.0
1753533343037,12:35:43.037,ALT/USDT:USDT,0.03408,29.0,0.03405,11.0,0.03409,137164.0,0.0341,9499.0
1753533343188,12:35:43.188,ALT/USDT:USDT,0.03408,29.0,0.03405,11.0,0.03409,139320.0,0.0341,9499.0
1753533343946,12:35:43.946,ALT/USDT:USDT,0.03408,29.0,0.03405,11.0,0.03409,139320.0,0.0341,9499.0
1753533344533,12:35:44.533,ALT/USDT:USDT,0.03408,29.0,0.03405,11.0,0.03409,139320.0,0.0341,16807.0
1753533346031,12:35:46.031,ALT/USDT:USDT,0.03408,29.0,0.03405,11.0,0.03409,139320.0,0.0341,16807.0
1753533346190,12:35:46.190,ALT/USDT:USDT,0.03408,29.0,0.03405,11.0,0.03409,139320.0,0.0341,16807.0
1753533346389,12:35:46.389,ALT/USDT:USDT,0.03408,29.0,0.03405,11.0,0.03409,139320.0,0.0341,16807.0
1753533347102,12:35:47.102,ALT/USDT:USDT,0.03408,29.0,0.03405,11.0,0.03409,139320.0,0.0341,16807.0
1753533347203,12:35:47.203,ALT/USDT:USDT,0.03405,11.0,0.03404,6056.0,0.03407,73234.0,0.03409,8800.0
1753533347291,12:35:47.291,ALT/USDT:USDT,0.03405,12.0,0.03404,6056.0,0.03407,73234.0,0.03409,8800.0
1753533347400,12:35:47.400,ALT/USDT:USDT,0.03405,12.0,0.03404,6056.0,0.03407,73234.0,0.03409,8800.0
1753533347501,12:35:47.501,ALT/USDT:USDT,0.03405,12.0,0.03404,6056.0,0.03407,73234.0,0.03409,8800.0
1753533347550,12:35:47.550,ALT/USDT:USDT,0.03405,12.0,0.03404,6056.0,0.03407,73234.0,0.03409,8800.0
1753533348006,12:35:48.006,ALT/USDT:USDT,0.03405,12.0,0.03404,6056.0,0.03407,73234.0,0.03409,8800.0
1753533348296,12:35:48.296,ALT/USDT:USDT,0.03405,12.0,0.03404,6056.0,0.03407,73234.0,0.03409,8800.0
1753533348389,12:35:48.389,ALT/USDT:USDT,0.03405,12.0,0.03404,6056.0,0.03407,68656.0,0.03409,8800.0
1753533348745,12:35:48.745,ALT/USDT:USDT,0.03405,12.0,0.03404,6056.0,0.03407,68656.0,0.03409,8800.0
1753533349293,12:35:49.293,ALT/USDT:USDT,0.03405,12.0,0.03404,6056.0,0.03407,68656.0,0.03409,8800.0
1753533349646,12:35:49.646,ALT/USDT:USDT,0.03405,12.0,0.03404,6056.0,0.03407,68656.0,0.03409,8800.0
1753533350602,12:35:50.602,ALT/USDT:USDT,0.03405,12.0,0.03404,6056.0,0.03407,68656.0,0.03409,8800.0
1753533350794,12:35:50.794,ALT/USDT:USDT,0.03405,12.0,0.03404,6056.0,0.03407,68656.0,0.03409,8800.0
1753533351240,12:35:51.240,ALT/USDT:USDT,0.03405,41.0,0.03404,6056.0,0.03407,68656.0,0.03409,8800.0
1753533352396,12:35:52.396,ALT/USDT:USDT,0.03405,41.0,0.03404,6056.0,0.03409,8800.0,0.0341,7308.0
1753533352466,12:35:52.466,ALT/USDT:USDT,0.03405,41.0,0.03404,6056.0,0.03407,22178.0,0.03408,73926.0
1753533352579,12:35:52.579,ALT/USDT:USDT,0.03405,41.0,0.03404,21334.0,0.03407,22178.0,0.03408,73224.0
1753533352841,12:35:52.841,ALT/USDT:USDT,0.03405,41.0,0.03404,21334.0,0.03407,22178.0,0.03408,73224.0
1753533353359,12:35:53.359,ALT/USDT:USDT,0.03405,41.0,0.03404,6056.0,0.03407,22178.0,0.03408,73224.0
1753533353546,12:35:53.546,ALT/USDT:USDT,0.03405,41.0,0.03404,6056.0,0.03407,22178.0,0.03408,73224.0
1753533353689,12:35:53.689,ALT/USDT:USDT,0.03405,41.0,0.03404,6056.0,0.03407,22178.0,0.03408,73224.0
1753533354019,12:35:54.019,ALT/USDT:USDT,0.03405,41.0,0.03404,6056.0,0.03407,22178.0,0.03408,73224.0
1753533354704,12:35:54.704,ALT/USDT:USDT,0.03405,41.0,0.03404,6056.0,0.03407,22178.0,0.03408,73224.0
1753533355014,12:35:55.014,ALT/USDT:USDT,0.03405,41.0,0.03404,6056.0,0.03407,22178.0,0.03408,73224.0
1753533355823,12:35:55.823,ALT/USDT:USDT,0.03405,41.0,0.03404,6056.0,0.03407,22178.0,0.03408,73224.0
1753533355965,12:35:55.965,ALT/USDT:USDT,0.03405,41.0,0.03404,6056.0,0.03407,22178.0,0.03408,73224.0
1753533356998,12:35:56.998,ALT/USDT:USDT,0.03405,41.0,0.03404,6056.0,0.03407,22178.0,0.03408,73224.0
1753533357597,12:35:57.597,ALT/USDT:USDT,0.03405,41.0,0.03404,6056.0,0.03407,22178.0,0.03408,73224.0
1753533358011,12:35:58.011,ALT/USDT:USDT,0.03405,41.0,0.03404,6056.0,0.03407,22178.0,0.03408,73224.0
1753533358347,12:35:58.347,ALT/USDT:USDT,0.03405,41.0,0.03404,6056.0,0.03407,22178.0,0.03408,73224.0
1753533358682,12:35:58.682,ALT/USDT:USDT,0.03405,41.0,0.03404,6056.0,0.03407,22178.0,0.03408,73224.0
1753533359044,12:35:59.044,ALT/USDT:USDT,0.03405,41.0,0.03404,6056.0,0.03407,22178.0,0.03408,73224.0
1753533359602,12:35:59.602,ALT/USDT:USDT,0.03405,41.0,0.03404,6056.0,0.03407,22178.0,0.03408,73224.0
1753533360576,12:36:00.576,ALT/USDT:USDT,0.03405,41.0,0.03404,6056.0,0.03407,22178.0,0.03408,73224.0
1753533360827,12:36:00.827,ALT/USDT:USDT,0.03405,41.0,0.03404,6056.0,0.03407,22178.0,0.03408,73224.0
1753533361106,12:36:01.106,ALT/USDT:USDT,0.03405,41.0,0.03404,6056.0,0.03407,22178.0,0.03408,73224.0
1753533361267,12:36:01.267,ALT/USDT:USDT,0.03405,41.0,0.03404,6056.0,0.03407,22178.0,0.03408,73224.0
1753533361806,12:36:01.806,ALT/USDT:USDT,0.03405,41.0,0.03404,6056.0,0.03407,22178.0,0.03408,73224.0
1753533362005,12:36:02.005,ALT/USDT:USDT,0.03405,41.0,0.03404,6056.0,0.03407,22178.0,0.03408,73224.0
1753533363146,12:36:03.146,ALT/USDT:USDT,0.03405,41.0,0.03404,6056.0,0.03407,22178.0,0.03408,73224.0
1753533363606,12:36:03.606,ALT/USDT:USDT,0.03405,41.0,0.03404,6056.0,0.03407,22178.0,0.03408,73224.0
1753533363838,12:36:03.838,ALT/USDT:USDT,0.03405,41.0,0.03404,6056.0,0.03407,22178.0,0.03408,73224.0
1753533364647,12:36:04.647,ALT/USDT:USDT,0.03405,41.0,0.03404,6056.0,0.03407,22178.0,0.03408,73224.0
1753533364765,12:36:04.765,ALT/USDT:USDT,0.03405,41.0,0.03404,6056.0,0.03407,22178.0,0.03408,73224.0
1753533365808,12:36:05.808,ALT/USDT:USDT,0.03405,41.0,0.03404,6056.0,0.03408,73224.0,0.03409,8800.0
1753533365818,12:36:05.818,ALT/USDT:USDT,0.03405,41.0,0.03404,6056.0,0.03407,702.0,0.03408,73224.0
1753533365913,12:36:05.913,ALT/USDT:USDT,0.03405,41.0,0.03404,6056.0,0.03407,22669.0,0.03408,73224.0
1753533366017,12:36:06.017,ALT/USDT:USDT,0.03405,41.0,0.03404,6056.0,0.03407,21967.0,0.03408,73224.0
1753533366212,12:36:06.212,ALT/USDT:USDT,0.03405,41.0,0.03404,6056.0,0.03407,21967.0,0.03408,73224.0
1753533366433,12:36:06.433,ALT/USDT:USDT,0.03405,41.0,0.03404,6056.0,0.03407,21967.0,0.03408,73224.0
1753533366845,12:36:06.845,ALT/USDT:USDT,0.03405,41.0,0.03404,6056.0,0.03407,21967.0,0.03408,73224.0
1753533367337,12:36:07.337,ALT/USDT:USDT,0.03405,41.0,0.03404,6056.0,0.03408,73224.0,0.03409,8800.0
1753533367428,12:36:07.428,ALT/USDT:USDT,0.03405,41.0,0.03404,6056.0,0.03407,702.0,0.03408,73224.0
1753533367513,12:36:07.513,ALT/USDT:USDT,0.03405,41.0,0.03404,6056.0,0.03407,22669.0,0.03408,73224.0
1753533367618,12:36:07.618,ALT/USDT:USDT,0.03405,41.0,0.03404,6056.0,0.03407,21967.0,0.03408,73224.0
1753533367809,12:36:07.809,ALT/USDT:USDT,0.03405,41.0,0.03404,6056.0,0.03407,21967.0,0.03408,73224.0
1753533367946,12:36:07.946,ALT/USDT:USDT,0.03405,41.0,0.03404,6056.0,0.03407,21967.0,0.03408,73224.0
1753533368109,12:36:08.109,ALT/USDT:USDT,0.03405,41.0,0.03404,6056.0,0.03408,73224.0,0.03409,8800.0
1753533368197,12:36:08.197,ALT/USDT:USDT,0.03405,41.0,0.03404,6056.0,0.03407,702.0,0.03408,73224.0
1753533368249,12:36:08.249,ALT/USDT:USDT,0.03405,41.0,0.03404,6056.0,0.03407,22669.0,0.03408,73224.0
1753533368317,12:36:08.317,ALT/USDT:USDT,0.03405,41.0,0.03404,6056.0,0.03407,21967.0,0.03408,73224.0
1753533369041,12:36:09.041,ALT/USDT:USDT,0.03405,41.0,0.03404,6056.0,0.03408,73224.0,0.03409,8800.0
1753533369133,12:36:09.133,ALT/USDT:USDT,0.03405,41.0,0.03404,6056.0,0.03407,22669.0,0.03408,73224.0
1753533369220,12:36:09.220,ALT/USDT:USDT,0.03405,41.0,0.03404,6056.0,0.03407,21967.0,0.03408,73224.0
1753533369403,12:36:09.403,ALT/USDT:USDT,0.03405,41.0,0.03404,6056.0,0.03407,21967.0,0.03408,73224.0
1753533369464,12:36:09.464,ALT/USDT:USDT,0.03405,41.0,0.03404,6056.0,0.03407,21967.0,0.03408,73224.0
1753533370193,12:36:10.193,ALT/USDT:USDT,0.03405,41.0,0.03404,6056.0,0.03407,21967.0,0.03408,73224.0
1753533370641,12:36:10.641,ALT/USDT:USDT,0.03405,41.0,0.03404,6056.0,0.03407,21967.0,0.03408,73224.0
1753533371574,12:36:11.574,ALT/USDT:USDT,0.03405,41.0,0.03404,6056.0,0.03408,73224.0,0.03411,28777.0
1753533371618,12:36:11.618,ALT/USDT:USDT,0.03405,41.0,0.03404,6056.0,0.03407,702.0,0.03408,73224.0
1753533371754,12:36:11.754,ALT/USDT:USDT,0.03405,41.0,0.03404,6056.0,0.03407,702.0,0.03408,73224.0
1753533371884,12:36:11.884,ALT/USDT:USDT,0.03405,41.0,0.03404,6056.0,0.03407,702.0,0.03408,73224.0
1753533372692,12:36:12.692,ALT/USDT:USDT,0.03405,41.0,0.03404,6056.0,0.03407,702.0,0.03408,73224.0
1753533372748,12:36:12.748,ALT/USDT:USDT,0.03405,41.0,0.03404,6056.0,0.03407,702.0,0.03408,73224.0
1753533373096,12:36:13.096,ALT/USDT:USDT,0.03405,41.0,0.03404,6056.0,0.03407,702.0,0.03408,73224.0
1753533375476,12:36:15.476,ALT/USDT:USDT,0.03405,41.0,0.03404,6056.0,0.03407,702.0,0.03408,73224.0
1753533375817,12:36:15.817,ALT/USDT:USDT,0.03405,41.0,0.03404,6056.0,0.03407,702.0,0.03408,73224.0
1753533376811,12:36:16.811,ALT/USDT:USDT,0.03405,41.0,0.03404,6056.0,0.03407,702.0,0.03408,73224.0
1753533377195,12:36:17.195,ALT/USDT:USDT,0.03405,41.0,0.03404,6056.0,0.03407,702.0,0.03408,73224.0
1753533377549,12:36:17.549,ALT/USDT:USDT,0.03405,41.0,0.03404,6056.0,0.03407,702.0,0.03408,73224.0
1753533377818,12:36:17.818,ALT/USDT:USDT,0.03405,41.0,0.03404,6056.0,0.03407,702.0,0.03408,73224.0
1753533378206,12:36:18.206,ALT/USDT:USDT,0.03405,41.0,0.03404,6056.0,0.03407,702.0,0.03408,73224.0
1753533378829,12:36:18.829,ALT/USDT:USDT,0.03405,41.0,0.03404,6056.0,0.03407,702.0,0.03408,73224.0
1753533379493,12:36:19.493,ALT/USDT:USDT,0.03405,41.0,0.03404,6056.0,0.03407,702.0,0.03411,15865.0
1753533379578,12:36:19.578,ALT/USDT:USDT,0.03405,41.0,0.03404,6056.0,0.0341,23534.0,0.03411,73154.0
1753533379698,12:36:19.698,ALT/USDT:USDT,0.03405,41.0,0.03404,6056.0,0.0341,23534.0,0.03411,73154.0
1753533379774,12:36:19.774,ALT/USDT:USDT,0.03405,41.0,0.03404,6056.0,0.0341,23534.0,0.03411,73154.0
1753533380013,12:36:20.013,ALT/USDT:USDT,0.03405,41.0,0.03404,6056.0,0.0341,23534.0,0.03411,73154.0
1753533380394,12:36:20.394,ALT/USDT:USDT,0.03405,41.0,0.03404,6056.0,0.0341,23534.0,0.03411,73154.0
1753533382346,12:36:22.346,ALT/USDT:USDT,0.03405,41.0,0.03404,6056.0,0.0341,23534.0,0.03411,73154.0
1753533382745,12:36:22.745,ALT/USDT:USDT,0.03405,41.0,0.03404,6056.0,0.0341,23534.0,0.03411,73154.0
1753533383226,12:36:23.226,ALT/USDT:USDT,0.03405,41.0,0.03404,6056.0,0.0341,23534.0,0.03411,73154.0
1753533383573,12:36:23.573,ALT/USDT:USDT,0.03405,41.0,0.03404,6056.0,0.0341,23534.0,0.03411,73154.0
1753533383755,12:36:23.755,ALT/USDT:USDT,0.03405,41.0,0.03404,6056.0,0.0341,23534.0,0.03411,73154.0
1753533384244,12:36:24.244,ALT/USDT:USDT,0.03405,41.0,0.03404,6056.0,0.0341,23534.0,0.03411,73154.0
1753533384515,12:36:24.515,ALT/USDT:USDT,0.03405,41.0,0.03404,6056.0,0.0341,23534.0,0.03411,73154.0
1753533385657,12:36:25.657,ALT/USDT:USDT,0.03405,41.0,0.03404,6056.0,0.0341,23534.0,0.03411,73154.0
1753533386025,12:36:26.025,ALT/USDT:USDT,0.03405,41.0,0.03404,6056.0,0.0341,23534.0,0.03411,73154.0
1753533386933,12:36:26.933,ALT/USDT:USDT,0.03405,41.0,0.03404,6056.0,0.0341,23534.0,0.03411,73154.0
1753533387146,12:36:27.146,ALT/USDT:USDT,0.03405,41.0,0.03404,6056.0,0.0341,23534.0,0.03411,73154.0
1753533391304,12:36:31.304,ALT/USDT:USDT,0.03405,41.0,0.03404,6056.0,0.0341,23534.0,0.03411,73154.0
1753533391478,12:36:31.478,ALT/USDT:USDT,0.03405,41.0,0.03404,6056.0,0.0341,23534.0,0.03411,73154.0
1753533391947,12:36:31.947,ALT/USDT:USDT,0.03405,41.0,0.03404,6056.0,0.0341,23534.0,0.03411,73154.0
1753533392594,12:36:32.594,ALT/USDT:USDT,0.03405,41.0,0.03404,6056.0,0.0341,23534.0,0.03411,73154.0
1753533393026,12:36:33.026,ALT/USDT:USDT,0.03405,41.0,0.03404,6056.0,0.0341,23534.0,0.03411,73154.0
1753533393713,12:36:33.713,ALT/USDT:USDT,0.03405,41.0,0.03404,6056.0,0.0341,23534.0,0.03411,73154.0
1753533394233,12:36:34.233,ALT/USDT:USDT,0.03405,41.0,0.03404,6056.0,0.0341,23534.0,0.03411,73154.0
1753533394874,12:36:34.874,ALT/USDT:USDT,0.03405,41.0,0.03404,6056.0,0.0341,23534.0,0.03411,73154.0
1753533394969,12:36:34.969,ALT/USDT:USDT,0.03405,41.0,0.03404,6056.0,0.0341,23534.0,0.03411,73154.0
1753533395582,12:36:35.582,ALT/USDT:USDT,0.03405,41.0,0.03404,6056.0,0.0341,23534.0,0.03411,73154.0
1753533396754,12:36:36.754,ALT/USDT:USDT,0.03405,41.0,0.03404,6056.0,0.0341,23534.0,0.03411,73154.0
1753533399245,12:36:39.245,ALT/USDT:USDT,0.03405,41.0,0.03404,6056.0,0.0341,23534.0,0.03411,73154.0
1753533399339,12:36:39.339,ALT/USDT:USDT,0.03405,41.0,0.03404,6056.0,0.0341,23534.0,0.03411,73154.0
1753533401547,12:36:41.547,ALT/USDT:USDT,0.03405,41.0,0.03404,6056.0,0.0341,23534.0,0.03411,73154.0
1753533404670,12:36:44.670,ALT/USDT:USDT,0.03405,41.0,0.03404,6056.0,0.0341,23534.0,0.03411,73154.0
1753533404994,12:36:44.994,ALT/USDT:USDT,0.03405,41.0,0.03404,6056.0,0.0341,23534.0,0.03411,73154.0
1753533405774,12:36:45.774,ALT/USDT:USDT,0.03405,41.0,0.03404,6056.0,0.0341,23534.0,0.03411,73154.0
1753533406200,12:36:46.200,ALT/USDT:USDT,0.03405,41.0,0.03404,6056.0,0.0341,23534.0,0.03411,73154.0
1753533406353,12:36:46.353,ALT/USDT:USDT,0.03405,41.0,0.03404,6056.0,0.0341,23534.0,0.03411,73154.0
1753533406909,12:36:46.909,ALT/USDT:USDT,0.03405,41.0,0.03404,6056.0,0.0341,23534.0,0.03411,73154.0
1753533410406,12:36:50.406,ALT/USDT:USDT,0.03405,41.0,0.03404,6056.0,0.0341,23534.0,0.03411,73154.0
1753533410659,12:36:50.659,ALT/USDT:USDT,0.03405,41.0,0.03404,6056.0,0.0341,23534.0,0.03411,73154.0
1753533411153,12:36:51.153,ALT/USDT:USDT,0.03405,41.0,0.03404,6056.0,0.0341,23534.0,0.03411,73154.0
1753533412040,12:36:52.040,ALT/USDT:USDT,0.03405,41.0,0.03404,6056.0,0.0341,23534.0,0.03411,73154.0
1753533413452,12:36:53.452,ALT/USDT:USDT,0.03405,41.0,0.03404,6056.0,0.0341,23534.0,0.03411,73154.0
1753533415253,12:36:55.253,ALT/USDT:USDT,0.03405,41.0,0.03404,6056.0,0.0341,23534.0,0.03411,73154.0
1753533415845,12:36:55.845,ALT/USDT:USDT,0.03405,41.0,0.03404,6056.0,0.0341,23534.0,0.03411,73154.0
1753533415947,12:36:55.947,ALT/USDT:USDT,0.03405,41.0,0.03404,6056.0,0.0341,23534.0,0.03411,73154.0
1753533420748,12:37:00.748,ALT/USDT:USDT,0.03405,41.0,0.03404,6056.0,0.0341,23534.0,0.03411,73154.0
1753533421332,12:37:01.332,ALT/USDT:USDT,0.03405,41.0,0.03404,6056.0,0.0341,23534.0,0.03411,73154.0
1753533421486,12:37:01.486,ALT/USDT:USDT,0.03405,9125.0,0.03404,7156.0,0.0341,702.0,0.03412,28144.0
1753533421600,12:37:01.600,ALT/USDT:USDT,0.03405,9125.0,0.03404,7156.0,0.03411,702.0,0.03412,28144.0
1753533421677,12:37:01.677,ALT/USDT:USDT,0.03405,9125.0,0.03404,7156.0,0.03411,702.0,0.03412,28144.0
1753533421797,12:37:01.797,ALT/USDT:USDT,0.03405,9125.0,0.03404,7156.0,0.03411,702.0,0.03412,28144.0
1753533421879,12:37:01.879,ALT/USDT:USDT,0.03405,9125.0,0.03404,7156.0,0.03411,702.0,0.03412,28144.0
1753533422006,12:37:02.006,ALT/USDT:USDT,0.03405,9125.0,0.03404,7156.0,0.03411,702.0,0.03412,28144.0
1753533422093,12:37:02.093,ALT/USDT:USDT,0.03405,9125.0,0.03404,7156.0,0.03411,702.0,0.03412,28144.0
1753533422186,12:37:02.186,ALT/USDT:USDT,0.03405,9125.0,0.03404,7156.0,0.03411,702.0,0.03412,28144.0
1753533422304,12:37:02.304,ALT/USDT:USDT,0.03405,9125.0,0.03404,7156.0,0.03411,702.0,0.03412,28144.0
1753533422385,12:37:02.385,ALT/USDT:USDT,0.03405,9125.0,0.03404,7156.0,0.03411,702.0,0.03412,28144.0
1753533422807,12:37:02.807,ALT/USDT:USDT,0.03405,9125.0,0.03404,7156.0,0.03411,702.0,0.03412,28144.0
1753533422824,12:37:02.824,ALT/USDT:USDT,0.03405,9125.0,0.03404,7156.0,0.03411,702.0,0.03412,28144.0
1753533423158,12:37:03.158,ALT/USDT:USDT,0.03405,9125.0,0.03404,7156.0,0.03411,702.0,0.03412,28144.0
1753533423299,12:37:03.299,ALT/USDT:USDT,0.03405,9125.0,0.03404,7156.0,0.03411,702.0,0.03412,28144.0
1753533423599,12:37:03.599,ALT/USDT:USDT,0.03405,9125.0,0.03404,7156.0,0.03411,702.0,0.03412,28144.0
1753533423689,12:37:03.689,ALT/USDT:USDT,0.03405,9125.0,0.03404,7156.0,0.03411,702.0,0.03412,28144.0
1753533424107,12:37:04.107,ALT/USDT:USDT,0.03405,9125.0,0.03404,7156.0,0.03411,702.0,0.03412,28144.0
1753533424190,12:37:04.190,ALT/USDT:USDT,0.03405,9125.0,0.03404,7156.0,0.03411,702.0,0.03412,28144.0
1753533424490,12:37:04.490,ALT/USDT:USDT,0.03405,9125.0,0.03404,7156.0,0.03411,702.0,0.03412,28144.0
1753533424895,12:37:04.895,ALT/USDT:USDT,0.03405,9125.0,0.03404,7156.0,0.03411,702.0,0.03412,28144.0
1753533424960,12:37:04.960,ALT/USDT:USDT,0.03405,9125.0,0.03404,7156.0,0.03411,702.0,0.03412,28144.0
1753533425025,12:37:05.025,ALT/USDT:USDT,0.03405,9125.0,0.03404,7156.0,0.03411,702.0,0.03412,28144.0
1753533425307,12:37:05.307,ALT/USDT:USDT,0.03405,9125.0,0.03404,7156.0,0.03411,702.0,0.03412,28144.0
1753533425328,12:37:05.328,ALT/USDT:USDT,0.03405,9125.0,0.03404,7156.0,0.03411,702.0,0.03412,28144.0
1753533425602,12:37:05.602,ALT/USDT:USDT,0.03405,9125.0,0.03404,7156.0,0.03411,702.0,0.03412,28144.0
1753533425696,12:37:05.696,ALT/USDT:USDT,0.03405,9125.0,0.03404,7156.0,0.03411,702.0,0.03412,28144.0
1753533425779,12:37:05.779,ALT/USDT:USDT,0.03405,9125.0,0.03404,7156.0,0.03411,702.0,0.03412,28144.0
1753533426192,12:37:06.192,ALT/USDT:USDT,0.03405,9125.0,0.03404,7156.0,0.03411,702.0,0.03412,28144.0
1753533426274,12:37:06.274,ALT/USDT:USDT,0.03405,9125.0,0.03404,7156.0,0.03411,702.0,0.03412,28144.0
1753533426581,12:37:06.581,ALT/USDT:USDT,0.03405,9125.0,0.03404,7156.0,0.03411,702.0,0.03412,28144.0
1753533426677,12:37:06.677,ALT/USDT:USDT,0.03405,9125.0,0.03404,7156.0,0.03411,702.0,0.03412,28144.0
1753533426947,12:37:06.947,ALT/USDT:USDT,0.03405,9125.0,0.03404,7156.0,0.03411,702.0,0.03412,28144.0
1753533427068,12:37:07.068,ALT/USDT:USDT,0.03405,9125.0,0.03404,7156.0,0.03411,702.0,0.03412,28144.0
1753533427387,12:37:07.387,ALT/USDT:USDT,0.03405,9125.0,0.03404,7156.0,0.03411,702.0,0.03412,28144.0
1753533427432,12:37:07.432,ALT/USDT:USDT,0.03405,9125.0,0.03404,7156.0,0.03411,702.0,0.03412,28144.0
1753533427789,12:37:07.789,ALT/USDT:USDT,0.03405,9125.0,0.03404,7156.0,0.03411,702.0,0.03412,28144.0
1753533427859,12:37:07.859,ALT/USDT:USDT,0.03405,9125.0,0.03404,7156.0,0.03411,702.0,0.03412,28144.0
1753533428195,12:37:08.195,ALT/USDT:USDT,0.03405,9125.0,0.03404,7156.0,0.03411,702.0,0.03412,28144.0
1753533428291,12:37:08.291,ALT/USDT:USDT,0.03405,9125.0,0.03404,7156.0,0.03411,702.0,0.03412,28144.0
1753533428676,12:37:08.676,ALT/USDT:USDT,0.03405,9125.0,0.03404,7156.0,0.03411,702.0,0.03412,28144.0
1753533429087,12:37:09.087,ALT/USDT:USDT,0.03405,9125.0,0.03404,7156.0,0.03411,702.0,0.03412,28144.0
1753533429449,12:37:09.449,ALT/USDT:USDT,0.03405,9125.0,0.03404,7156.0,0.03411,702.0,0.03412,28144.0
1753533429538,12:37:09.538,ALT/USDT:USDT,0.03405,9125.0,0.03404,7156.0,0.03411,702.0,0.03412,28144.0
1753533429859,12:37:09.859,ALT/USDT:USDT,0.03405,9125.0,0.03404,7156.0,0.03411,702.0,0.03412,28144.0
1753533429936,12:37:09.936,ALT/USDT:USDT,0.03405,9125.0,0.03404,7156.0,0.03411,702.0,0.03412,28144.0
1753533430032,12:37:10.032,ALT/USDT:USDT,0.03405,9125.0,0.03404,7156.0,0.03411,702.0,0.03412,28144.0
1753533430277,12:37:10.277,ALT/USDT:USDT,0.03405,9125.0,0.03404,7156.0,0.03411,702.0,0.03412,28144.0
1753533430381,12:37:10.381,ALT/USDT:USDT,0.03405,9125.0,0.03404,7156.0,0.03411,702.0,0.03412,28144.0
1753533430697,12:37:10.697,ALT/USDT:USDT,0.03405,9125.0,0.03404,7156.0,0.03411,702.0,0.03412,28144.0
1753533430768,12:37:10.768,ALT/USDT:USDT,0.03405,9125.0,0.03404,7156.0,0.03411,702.0,0.03412,28144.0
1753533431194,12:37:11.194,ALT/USDT:USDT,0.03405,9125.0,0.03404,7156.0,0.03411,702.0,0.03412,28144.0
1753533431540,12:37:11.540,ALT/USDT:USDT,0.03405,9125.0,0.03404,7156.0,0.03411,702.0,0.03412,28144.0
1753533431669,12:37:11.669,ALT/USDT:USDT,0.03405,9125.0,0.03404,7156.0,0.03411,702.0,0.03412,28144.0
1753533431957,12:37:11.957,ALT/USDT:USDT,0.03405,9125.0,0.03404,7156.0,0.03411,702.0,0.03412,28144.0
1753533432035,12:37:12.035,ALT/USDT:USDT,0.03405,9125.0,0.03404,7156.0,0.03411,702.0,0.03412,28144.0
1753533432409,12:37:12.409,ALT/USDT:USDT,0.03405,9125.0,0.03404,7156.0,0.03411,702.0,0.03412,28144.0
1753533432451,12:37:12.451,ALT/USDT:USDT,0.03405,9125.0,0.03404,7156.0,0.03411,702.0,0.03412,28144.0
1753533432792,12:37:12.792,ALT/USDT:USDT,0.03405,9125.0,0.03404,7156.0,0.03411,702.0,0.03412,28144.0
1753533432824,12:37:12.824,ALT/USDT:USDT,0.03405,9125.0,0.03404,7156.0,0.03411,702.0,0.03412,28144.0
1753533433210,12:37:13.210,ALT/USDT:USDT,0.03407,6056.0,0.03405,19035.0,0.03411,702.0,0.03412,28144.0
1753533433307,12:37:13.307,ALT/USDT:USDT,0.03408,12.0,0.03407,6056.0,0.03411,702.0,0.03412,22088.0
1753533433393,12:37:13.393,ALT/USDT:USDT,0.03408,12.0,0.03405,19023.0,0.03411,702.0,0.03412,28144.0
1753533433509,12:37:13.509,ALT/USDT:USDT,0.03406,12.0,0.03405,19023.0,0.03411,702.0,0.03412,28144.0
1753533433574,12:37:13.574,ALT/USDT:USDT,0.03407,6056.0,0.03406,12.0,0.03411,702.0,0.03412,6056.0
1753533433665,12:37:13.665,ALT/USDT:USDT,0.03408,12.0,0.03407,6056.0,0.03411,702.0,0.03412,6056.0
1753533433909,12:37:13.909,ALT/USDT:USDT,0.03408,12.0,0.03407,6056.0,0.03411,702.0,0.03412,6056.0
1753533433922,12:37:13.922,ALT/USDT:USDT,0.03408,12.0,0.03407,6056.0,0.03411,702.0,0.03412,6056.0
1753533434051,12:37:14.051,ALT/USDT:USDT,0.03408,12.0,0.03407,6056.0,0.03411,702.0,0.03412,6056.0
1753533436168,12:37:16.168,ALT/USDT:USDT,0.03408,12.0,0.03407,6056.0,0.03411,702.0,0.03412,6056.0
1753533436579,12:37:16.579,ALT/USDT:USDT,0.03408,12.0,0.03407,6056.0,0.03411,702.0,0.03412,6056.0
1753533436634,12:37:16.634,ALT/USDT:USDT,0.03408,12.0,0.03407,6056.0,0.03411,702.0,0.03412,6056.0
1753533439217,12:37:19.217,ALT/USDT:USDT,0.03408,12.0,0.03407,6056.0,0.03411,702.0,0.03412,6056.0
1753533441349,12:37:21.349,ALT/USDT:USDT,0.03408,12.0,0.03407,6056.0,0.03411,702.0,0.03412,6056.0
1753533442204,12:37:22.204,ALT/USDT:USDT,0.03408,12.0,0.03407,6056.0,0.03411,702.0,0.03412,6056.0
1753533443000,12:37:23.000,ALT/USDT:USDT,0.03408,12.0,0.03407,6056.0,0.03411,702.0,0.03412,6056.0
1753533443446,12:37:23.446,ALT/USDT:USDT,0.03408,12.0,0.03407,6056.0,0.03411,702.0,0.03412,6056.0
1753533443621,12:37:23.621,ALT/USDT:USDT,0.03408,12.0,0.03407,6056.0,0.03411,702.0,0.03412,6056.0
1753533445206,12:37:25.206,ALT/USDT:USDT,0.03408,12.0,0.03407,6056.0,0.03411,702.0,0.03412,6056.0
1753533445231,12:37:25.231,ALT/USDT:USDT,0.03408,12.0,0.03407,6056.0,0.03411,702.0,0.03412,6056.0
1753533445625,12:37:25.625,ALT/USDT:USDT,0.03408,12.0,0.03407,6056.0,0.03411,702.0,0.03412,6056.0
1753533446148,12:37:26.148,ALT/USDT:USDT,0.03408,12.0,0.03407,6056.0,0.03411,702.0,0.03412,6056.0
1753533446656,12:37:26.656,ALT/USDT:USDT,0.03408,12.0,0.03407,6056.0,0.03411,702.0,0.03412,6056.0
1753533447060,12:37:27.060,ALT/USDT:USDT,0.03408,12.0,0.03407,6056.0,0.03411,702.0,0.03412,6056.0
1753533447211,12:37:27.211,ALT/USDT:USDT,0.03408,12.0,0.03407,6056.0,0.03411,702.0,0.03412,6056.0
1753533447934,12:37:27.934,ALT/USDT:USDT,0.03408,12.0,0.03407,6056.0,0.03411,702.0,0.03412,6056.0
1753533449400,12:37:29.400,ALT/USDT:USDT,0.03408,12.0,0.03407,6056.0,0.03411,702.0,0.03412,6056.0
1753533449461,12:37:29.461,ALT/USDT:USDT,0.03408,12.0,0.03407,6056.0,0.03411,702.0,0.03412,6056.0
1753533450002,12:37:30.002,ALT/USDT:USDT,0.03408,12.0,0.03407,6056.0,0.03411,702.0,0.03412,6056.0
1753533450430,12:37:30.430,ALT/USDT:USDT,0.03408,12.0,0.03407,6056.0,0.03411,702.0,0.03412,6056.0
1753533450948,12:37:30.948,ALT/USDT:USDT,0.03408,12.0,0.03407,6056.0,0.03411,702.0,0.03412,6056.0
1753533452430,12:37:32.430,ALT/USDT:USDT,0.03408,12.0,0.03407,6056.0,0.03411,702.0,0.03412,6056.0
1753533453227,12:37:33.227,ALT/USDT:USDT,0.03408,12.0,0.03407,6056.0,0.03411,702.0,0.03412,6056.0
1753533453643,12:37:33.643,ALT/USDT:USDT,0.03408,12.0,0.03407,6056.0,0.03411,702.0,0.03412,6056.0
1753533454227,12:37:34.227,ALT/USDT:USDT,0.03408,12.0,0.03407,6056.0,0.03411,702.0,0.03412,6056.0
1753533455792,12:37:35.792,ALT/USDT:USDT,0.03408,12.0,0.03407,6056.0,0.03411,702.0,0.03412,6056.0
1753533456103,12:37:36.103,ALT/USDT:USDT,0.03408,12.0,0.03407,6056.0,0.03411,702.0,0.03414,27461.0
1753533456173,12:37:36.173,ALT/USDT:USDT,0.03408,12.0,0.03407,6056.0,0.03413,702.0,0.03414,27461.0
1753533456219,12:37:36.219,ALT/USDT:USDT,0.03408,12.0,0.03407,6056.0,0.03413,702.0,0.03414,27461.0
1753533457240,12:37:37.240,ALT/USDT:USDT,0.03408,12.0,0.03407,6056.0,0.03412,6056.0,0.03413,702.0
1753533457321,12:37:37.321,ALT/USDT:USDT,0.03408,12.0,0.03407,6056.0,0.03411,702.0,0.03412,6056.0
1753533457639,12:37:37.639,ALT/USDT:USDT,0.03408,12.0,0.03407,6056.0,0.03411,702.0,0.03412,6056.0
1753533458635,12:37:38.635,ALT/USDT:USDT,0.03408,12.0,0.03407,6056.0,0.03411,702.0,0.03412,6056.0
1753533459254,12:37:39.254,ALT/USDT:USDT,0.03408,12.0,0.03407,6056.0,0.03411,702.0,0.03412,6056.0
1753533460574,12:37:40.574,ALT/USDT:USDT,0.03408,12.0,0.03407,6056.0,0.03411,702.0,0.03412,6056.0
1753533462269,12:37:42.269,ALT/USDT:USDT,0.03408,12.0,0.03407,6056.0,0.03411,702.0,0.03414,27461.0
1753533462321,12:37:42.321,ALT/USDT:USDT,0.03408,12.0,0.03407,6056.0,0.03413,702.0,0.03414,27461.0
1753533462613,12:37:42.613,ALT/USDT:USDT,0.03408,12.0,0.03407,6056.0,0.03413,702.0,0.03414,27461.0
1753533462920,12:37:42.920,ALT/USDT:USDT,0.03408,12.0,0.03407,6056.0,0.03413,702.0,0.03414,27461.0
1753533464193,12:37:44.193,ALT/USDT:USDT,0.03408,12.0,0.03407,6056.0,0.03413,702.0,0.03414,27461.0
1753533464722,12:37:44.722,ALT/USDT:USDT,0.03408,12.0,0.03407,6056.0,0.03413,702.0,0.03414,27461.0
1753533464958,12:37:44.958,ALT/USDT:USDT,0.03408,12.0,0.03407,6056.0,0.03413,702.0,0.03414,27461.0
1753533465349,12:37:45.349,ALT/USDT:USDT,0.03408,12.0,0.03407,6056.0,0.03413,702.0,0.03414,27461.0
1753533467647,12:37:47.647,ALT/USDT:USDT,0.03408,12.0,0.03407,6056.0,0.03413,702.0,0.03414,27461.0
1753533469388,12:37:49.388,ALT/USDT:USDT,0.03408,12.0,0.03407,6056.0,0.03412,6056.0,0.03413,702.0
1753533469488,12:37:49.488,ALT/USDT:USDT,0.03408,12.0,0.03407,6056.0,0.03411,702.0,0.03412,6056.0
1753533469548,12:37:49.548,ALT/USDT:USDT,0.03407,6056.0,0.03405,78609.0,0.03412,6056.0,0.03414,27461.0
1753533469618,12:37:49.618,ALT/USDT:USDT,0.03408,12.0,0.03407,6056.0,0.03411,702.0,0.03412,6056.0
1753533469775,12:37:49.775,ALT/USDT:USDT,0.03408,12.0,0.03407,6056.0,0.03411,702.0,0.03412,6056.0
1753533469959,12:37:49.959,ALT/USDT:USDT,0.03408,12.0,0.03407,6056.0,0.03411,702.0,0.03412,6056.0
1753533470149,12:37:50.149,ALT/USDT:USDT,0.03408,12.0,0.03407,6056.0,0.03411,702.0,0.03412,6056.0
1753533470395,12:37:50.395,ALT/USDT:USDT,0.03408,12.0,0.03407,6056.0,0.03411,702.0,0.03414,27461.0
1753533470418,12:37:50.418,ALT/USDT:USDT,0.03408,12.0,0.03407,6056.0,0.03413,702.0,0.03414,27461.0
1753533470785,12:37:50.785,ALT/USDT:USDT,0.03408,12.0,0.03407,6056.0,0.03413,702.0,0.03414,27461.0
1753533470994,12:37:50.994,ALT/USDT:USDT,0.03408,12.0,0.03407,6056.0,0.03413,702.0,0.03414,27461.0
1753533471013,12:37:51.013,ALT/USDT:USDT,0.03408,12.0,0.03407,6056.0,0.03413,702.0,0.03414,27461.0
1753533471321,12:37:51.321,ALT/USDT:USDT,0.03408,12.0,0.03407,6056.0,0.03412,6056.0,0.03413,702.0
1753533471417,12:37:51.417,ALT/USDT:USDT,0.03408,12.0,0.03407,6056.0,0.03411,702.0,0.03412,6056.0
1753533472376,12:37:52.376,ALT/USDT:USDT,0.03408,12.0,0.03407,6056.0,0.03411,702.0,0.03414,27461.0
1753533472418,12:37:52.418,ALT/USDT:USDT,0.03408,12.0,0.03407,6056.0,0.03413,702.0,0.03414,27461.0
1753533474955,12:37:54.955,ALT/USDT:USDT,0.03408,12.0,0.03407,6056.0,0.03413,702.0,0.03414,27461.0
1753533478185,12:37:58.185,ALT/USDT:USDT,0.03408,12.0,0.03407,6056.0,0.03413,702.0,0.03414,27461.0
1753533478967,12:37:58.967,ALT/USDT:USDT,0.03408,12.0,0.03407,6056.0,0.03413,702.0,0.03414,27461.0
1753533479152,12:37:59.152,ALT/USDT:USDT,0.03408,12.0,0.03407,6056.0,0.03413,702.0,0.03414,27461.0
1753533479749,12:37:59.749,ALT/USDT:USDT,0.03408,12.0,0.03407,6056.0,0.03413,702.0,0.03414,27461.0
1753533480079,12:38:00.079,ALT/USDT:USDT,0.03408,12.0,0.03407,6056.0,0.03413,702.0,0.03414,27461.0
1753533483665,12:38:03.665,ALT/USDT:USDT,0.03408,12.0,0.03407,6056.0,0.03412,6056.0,0.03413,702.0
1753533483798,12:38:03.798,ALT/USDT:USDT,0.03408,12.0,0.03407,6056.0,0.03411,702.0,0.03412,6056.0
1753533483846,12:38:03.846,ALT/USDT:USDT,0.03408,12.0,0.03407,6056.0,0.03411,702.0,0.03412,6056.0
1753533483933,12:38:03.933,ALT/USDT:USDT,0.03408,12.0,0.03407,6056.0,0.03411,702.0,0.03412,6056.0
1753533484207,12:38:04.207,ALT/USDT:USDT,0.03408,12.0,0.03407,6056.0,0.03411,702.0,0.03412,6056.0
1753533484497,12:38:04.497,ALT/USDT:USDT,0.03408,12.0,0.03406,5865.0,0.03411,702.0,0.03412,6056.0
1753533484560,12:38:04.560,ALT/USDT:USDT,0.03407,12.0,0.03406,5865.0,0.03411,702.0,0.03412,6056.0
1753533484761,12:38:04.761,ALT/USDT:USDT,0.03407,6068.0,0.03406,5865.0,0.03411,702.0,0.03412,6056.0
1753533485007,12:38:05.007,ALT/USDT:USDT,0.03407,6068.0,0.03406,5865.0,0.03411,702.0,0.03412,6056.0
1753533485104,12:38:05.104,ALT/USDT:USDT,0.03407,6068.0,0.03406,5865.0,0.03411,702.0,0.03412,6056.0
1753533485156,12:38:05.156,ALT/USDT:USDT,0.03407,12.0,0.03406,5865.0,0.03411,702.0,0.03412,6056.0
1753533485691,12:38:05.691,ALT/USDT:USDT,0.03407,12.0,0.03405,68425.0,0.03411,702.0,0.03412,6056.0
1753533485722,12:38:05.722,ALT/USDT:USDT,0.03406,12.0,0.03405,68425.0,0.03411,702.0,0.03412,6056.0
1753533485826,12:38:05.826,ALT/USDT:USDT,0.03406,12.0,0.03405,68425.0,0.03411,702.0,0.03412,6056.0
1753533486003,12:38:06.003,ALT/USDT:USDT,0.03406,12.0,0.03405,68425.0,0.03411,702.0,0.03412,6056.0
1753533486059,12:38:06.059,ALT/USDT:USDT,0.03406,12.0,0.03405,68425.0,0.03411,702.0,0.03412,6056.0
1753533486222,12:38:06.222,ALT/USDT:USDT,0.03406,12.0,0.03405,68425.0,0.03411,702.0,0.03412,6056.0
1753533486374,12:38:06.374,ALT/USDT:USDT,0.03406,12.0,0.03405,68425.0,0.03411,702.0,0.03412,6056.0
1753533486528,12:38:06.528,ALT/USDT:USDT,0.03406,12.0,0.03405,68425.0,0.03411,702.0,0.03412,6056.0
1753533486686,12:38:06.686,ALT/USDT:USDT,0.03406,12.0,0.03405,68425.0,0.03411,702.0,0.03412,6056.0
1753533486897,12:38:06.897,ALT/USDT:USDT,0.03406,12.0,0.03405,68425.0,0.03411,3233.0,0.03412,6056.0
1753533486974,12:38:06.974,ALT/USDT:USDT,0.03406,12.0,0.03405,68425.0,0.03411,3233.0,0.03412,6056.0
1753533487130,12:38:07.130,ALT/USDT:USDT,0.03406,12.0,0.03405,68425.0,0.03411,3233.0,0.03412,6056.0
1753533487284,12:38:07.284,ALT/USDT:USDT,0.03406,12.0,0.03405,68425.0,0.03411,3233.0,0.03412,6056.0
1753533487496,12:38:07.496,ALT/USDT:USDT,0.03406,12.0,0.03405,77509.0,0.03411,702.0,0.03412,6056.0
1753533487832,12:38:07.832,ALT/USDT:USDT,0.03406,12.0,0.03405,77509.0,0.03411,702.0,0.03412,6056.0
1753533488302,12:38:08.302,ALT/USDT:USDT,0.03406,12.0,0.03405,77509.0,0.03411,702.0,0.03412,6056.0
1753533488315,12:38:08.315,ALT/USDT:USDT,0.03406,12.0,0.03405,77509.0,0.03411,702.0,0.03412,6056.0
1753533489003,12:38:09.003,ALT/USDT:USDT,0.03406,12.0,0.03405,77509.0,0.03411,702.0,0.03412,6056.0
1753533489047,12:38:09.047,ALT/USDT:USDT,0.03406,12.0,0.03405,77509.0,0.03411,702.0,0.03412,6056.0
1753533489114,12:38:09.114,ALT/USDT:USDT,0.03406,12.0,0.03405,77509.0,0.03411,702.0,0.03412,6056.0
1753533489349,12:38:09.349,ALT/USDT:USDT,0.03406,12.0,0.03405,77509.0,0.03411,702.0,0.03412,6056.0
1753533490006,12:38:10.006,ALT/USDT:USDT,0.03406,12.0,0.03405,77509.0,0.03411,702.0,0.03412,6056.0
1753533490688,12:38:10.688,ALT/USDT:USDT,0.03406,12.0,0.03405,77509.0,0.03411,702.0,0.03412,6056.0
1753533490821,12:38:10.821,ALT/USDT:USDT,0.03406,12.0,0.03405,77509.0,0.03411,702.0,0.03412,6056.0
1753533490980,12:38:10.980,ALT/USDT:USDT,0.03406,12.0,0.03405,77509.0,0.03411,702.0,0.03412,6056.0
1753533491076,12:38:11.076,ALT/USDT:USDT,0.03406,12.0,0.03405,77509.0,0.03411,702.0,0.03412,6056.0
1753533491125,12:38:11.125,ALT/USDT:USDT,0.03406,12.0,0.03405,77509.0,0.03411,702.0,0.03412,6056.0
1753533491659,12:38:11.659,ALT/USDT:USDT,0.03406,12.0,0.03405,77509.0,0.03411,702.0,0.03412,6056.0
1753533491822,12:38:11.822,ALT/USDT:USDT,0.03406,12.0,0.03405,77509.0,0.03411,702.0,0.03412,6056.0
1753533492005,12:38:12.005,ALT/USDT:USDT,0.03406,12.0,0.03405,77509.0,0.03411,702.0,0.03412,6056.0
1753533492034,12:38:12.034,ALT/USDT:USDT,0.03406,12.0,0.03405,77509.0,0.03411,702.0,0.03412,6056.0
1753533493037,12:38:13.037,ALT/USDT:USDT,0.03406,12.0,0.03405,77509.0,0.03411,702.0,0.03412,6056.0
1753533493215,12:38:13.215,ALT/USDT:USDT,0.03406,12.0,0.03405,77509.0,0.03411,702.0,0.03412,6056.0
1753533493771,12:38:13.771,ALT/USDT:USDT,0.03406,12.0,0.03405,77509.0,0.03411,702.0,0.03412,6056.0
1753533494165,12:38:14.165,ALT/USDT:USDT,0.03406,12.0,0.03405,77509.0,0.03411,702.0,0.03412,6056.0
1753533494230,12:38:14.230,ALT/USDT:USDT,0.03406,12.0,0.03405,77509.0,0.03411,702.0,0.03412,6056.0
1753533494439,12:38:14.439,ALT/USDT:USDT,0.03406,12.0,0.03405,68425.0,0.03411,702.0,0.03412,6056.0
1753533495445,12:38:15.445,ALT/USDT:USDT,0.03406,12.0,0.03405,68425.0,0.03411,702.0,0.03412,6056.0
1753533495634,12:38:15.634,ALT/USDT:USDT,0.03406,12.0,0.03405,68425.0,0.03411,702.0,0.03412,6056.0
1753533496459,12:38:16.459,ALT/USDT:USDT,0.03406,12.0,0.03405,68425.0,0.03411,702.0,0.03412,6056.0
1753533496629,12:38:16.629,ALT/USDT:USDT,0.03406,12.0,0.03405,68425.0,0.03411,702.0,0.03412,6056.0
1753533497335,12:38:17.335,ALT/USDT:USDT,0.03406,12.0,0.03405,68425.0,0.03411,702.0,0.03412,6056.0
1753533497474,12:38:17.474,ALT/USDT:USDT,0.03406,12.0,0.03405,68425.0,0.03411,996.0,0.03412,6056.0
1753533497670,12:38:17.670,ALT/USDT:USDT,0.03406,12.0,0.03405,68425.0,0.03411,996.0,0.03412,6056.0
1753533497813,12:38:17.813,ALT/USDT:USDT,0.03406,12.0,0.03405,68425.0,0.03411,996.0,0.03412,6056.0
1753533498005,12:38:18.005,ALT/USDT:USDT,0.03406,12.0,0.03405,68425.0,0.03411,996.0,0.03412,6056.0
1753533498688,12:38:18.688,ALT/USDT:USDT,0.03406,12.0,0.03405,68425.0,0.03411,3406.0,0.03412,6056.0
1753533498834,12:38:18.834,ALT/USDT:USDT,0.03406,12.0,0.03405,68425.0,0.03411,3406.0,0.03412,6056.0
1753533499007,12:38:19.007,ALT/USDT:USDT,0.03406,12.0,0.03405,68425.0,0.03411,3406.0,0.03412,6056.0
1753533499132,12:38:19.132,ALT/USDT:USDT,0.03406,12.0,0.03405,68425.0,0.03411,3406.0,0.03412,6056.0
1753533499284,12:38:19.284,ALT/USDT:USDT,0.03406,12.0,0.03405,68425.0,0.03411,3406.0,0.03412,6056.0
1753533499433,12:38:19.433,ALT/USDT:USDT,0.03406,12.0,0.03405,68425.0,0.03411,3406.0,0.03412,6056.0
1753533499584,12:38:19.584,ALT/USDT:USDT,0.03406,12.0,0.03405,68425.0,0.03411,3406.0,0.03412,6056.0
1753533499745,12:38:19.745,ALT/USDT:USDT,0.03406,12.0,0.03405,68425.0,0.03411,3406.0,0.03412,6056.0
1753533500193,12:38:20.193,ALT/USDT:USDT,0.03406,12.0,0.03405,68425.0,0.03411,3406.0,0.03412,6056.0
1753533500332,12:38:20.332,ALT/USDT:USDT,0.03406,12.0,0.03405,68425.0,0.03411,3406.0,0.03412,6056.0
1753533500482,12:38:20.482,ALT/USDT:USDT,0.03406,12.0,0.03405,68425.0,0.03411,702.0,0.03412,6056.0
1753533500640,12:38:20.640,ALT/USDT:USDT,0.03406,12.0,0.03405,68425.0,0.03411,702.0,0.03412,6056.0
1753533500781,12:38:20.781,ALT/USDT:USDT,0.03406,12.0,0.03405,68425.0,0.03411,702.0,0.03412,6056.0
1753533501005,12:38:21.005,ALT/USDT:USDT,0.03406,12.0,0.03405,68425.0,0.03411,702.0,0.03412,6056.0
1753533501248,12:38:21.248,ALT/USDT:USDT,0.03406,12.0,0.03405,68425.0,0.03411,702.0,0.03412,6056.0
1753533501395,12:38:21.395,ALT/USDT:USDT,0.03406,12.0,0.03405,68425.0,0.03411,702.0,0.03412,6056.0
1753533501475,12:38:21.475,ALT/USDT:USDT,0.03406,12.0,0.03405,68425.0,0.03411,702.0,0.03412,6056.0
1753533501537,12:38:21.537,ALT/USDT:USDT,0.03406,12.0,0.03405,68425.0,0.03411,702.0,0.03412,6056.0
1753533501681,12:38:21.681,ALT/USDT:USDT,0.03406,12.0,0.03405,68425.0,0.03411,702.0,0.03412,6056.0
1753533501809,12:38:21.809,ALT/USDT:USDT,0.03406,12.0,0.03405,68425.0,0.03411,702.0,0.03412,6056.0
1753533501891,12:38:21.891,ALT/USDT:USDT,0.03406,12.0,0.03405,68396.0,0.03411,702.0,0.03412,6056.0
1753533502193,12:38:22.193,ALT/USDT:USDT,0.03406,12.0,0.03405,141271.0,0.03411,702.0,0.03412,6056.0
1753533502444,12:38:22.444,ALT/USDT:USDT,0.03406,12.0,0.03405,141271.0,0.03411,702.0,0.03412,6056.0
1753533502593,12:38:22.593,ALT/USDT:USDT,0.03406,12.0,0.03405,141271.0,0.03411,702.0,0.03412,6056.0
1753533502806,12:38:22.806,ALT/USDT:USDT,0.03406,12.0,0.03405,141271.0,0.03411,702.0,0.03412,6056.0
1753533502893,12:38:22.893,ALT/USDT:USDT,0.03406,12.0,0.03405,141271.0,0.03411,702.0,0.03412,6056.0
1753533502912,12:38:22.912,ALT/USDT:USDT,0.03406,12.0,0.03405,141271.0,0.03411,702.0,0.03412,6056.0
1753533503038,12:38:23.038,ALT/USDT:USDT,0.03406,12.0,0.03405,141271.0,0.03411,702.0,0.03412,6056.0
1753533503483,12:38:23.483,ALT/USDT:USDT,0.03406,12.0,0.03405,141271.0,0.03411,702.0,0.03412,6056.0
1753533503669,12:38:23.669,ALT/USDT:USDT,0.03406,12.0,0.03405,141271.0,0.03411,702.0,0.03412,6056.0
1753533503784,12:38:23.784,ALT/USDT:USDT,0.03406,12.0,0.03405,87867.0,0.03411,702.0,0.03412,6056.0
1753533503936,12:38:23.936,ALT/USDT:USDT,0.03406,12.0,0.03405,87867.0,0.03411,702.0,0.03412,6056.0
1753533504085,12:38:24.085,ALT/USDT:USDT,0.03406,12.0,0.03405,87867.0,0.03411,702.0,0.03412,6056.0
1753533504579,12:38:24.579,ALT/USDT:USDT,0.03406,12.0,0.03405,87867.0,0.03411,702.0,0.03412,6056.0
1753533505031,12:38:25.031,ALT/USDT:USDT,0.03406,12.0,0.03405,87867.0,0.03411,702.0,0.03412,6056.0
1753533505448,12:38:25.448,ALT/USDT:USDT,0.03406,12.0,0.03405,87867.0,0.03411,702.0,0.03412,6056.0
1753533505589,12:38:25.589,ALT/USDT:USDT,0.03406,12.0,0.03405,87867.0,0.03411,702.0,0.03412,6056.0
