timestamp,time,symbol,bid1_price,bid1_volume,bid2_price,bid2_volume,ask1_price,ask1_volume,ask2_price,ask2_volume
1753533024000,12:30:24.000,DRIFT/USDT:USDT,0.6146,54.0,0.6144,4.0,0.6154,36.0,0.6155,4.0
1753533024628,12:30:24.628,DRIFT/USDT:USDT,0.6146,54.0,0.6144,4.0,0.6154,36.0,0.6155,4.0
1753533024661,12:30:24.661,DRIFT/USDT:USDT,0.6146,54.0,0.6144,4.0,0.6154,36.0,0.6155,4.0
1753533028719,12:30:28.719,DRIFT/USDT:USDT,0.6146,54.0,0.6144,4.0,0.6154,36.0,0.6155,4.0
1753533029332,12:30:29.332,DRIFT/USDT:USDT,0.6146,54.0,0.6144,4.0,0.6154,36.0,0.6155,4.0
1753533029504,12:30:29.504,DRIFT/USDT:USDT,0.6146,9.0,0.6144,4.0,0.6153,4.0,0.6154,40.0
1753533029553,12:30:29.553,DRIFT/USDT:USDT,0.6144,4.0,0.6143,44.0,0.6153,4.0,0.6154,40.0
1753533029749,12:30:29.749,DRIFT/USDT:USDT,0.6144,4.0,0.6143,44.0,0.6153,4.0,0.6154,40.0
1753533029776,12:30:29.776,DRIFT/USDT:USDT,0.6144,4.0,0.6143,44.0,0.6153,4.0,0.6154,40.0
1753533030022,12:30:30.022,DRIFT/USDT:USDT,0.6144,4.0,0.6143,44.0,0.6153,4.0,0.6154,40.0
1753533030076,12:30:30.076,DRIFT/USDT:USDT,0.6144,4.0,0.6143,44.0,0.6153,4.0,0.6154,40.0
1753533030168,12:30:30.168,DRIFT/USDT:USDT,0.6144,4.0,0.6143,44.0,0.6153,4.0,0.6154,40.0
1753533030779,12:30:30.779,DRIFT/USDT:USDT,0.6146,40.0,0.6144,4.0,0.6154,40.0,0.6155,4.0
1753533030963,12:30:30.963,DRIFT/USDT:USDT,0.6144,4.0,0.6143,44.0,0.6154,40.0,0.6155,4.0
1753533032014,12:30:32.014,DRIFT/USDT:USDT,0.6146,48.0,0.6144,4.0,0.6154,40.0,0.6155,4.0
1753533032200,12:30:32.200,DRIFT/USDT:USDT,0.6146,48.0,0.6144,4.0,0.6154,40.0,0.6155,4.0
1753533033025,12:30:33.025,DRIFT/USDT:USDT,0.6146,48.0,0.6144,4.0,0.6154,40.0,0.6155,4.0
1753533033519,12:30:33.519,DRIFT/USDT:USDT,0.6146,48.0,0.6144,4.0,0.6154,40.0,0.6155,4.0
1753533036169,12:30:36.169,DRIFT/USDT:USDT,0.6146,48.0,0.6144,4.0,0.6154,40.0,0.6155,4.0
1753533038319,12:30:38.319,DRIFT/USDT:USDT,0.6146,48.0,0.6144,4.0,0.6154,40.0,0.6155,4.0
1753533040271,12:30:40.271,DRIFT/USDT:USDT,0.6146,48.0,0.6144,4.0,0.6154,40.0,0.6155,4.0
1753533040793,12:30:40.793,DRIFT/USDT:USDT,0.6146,48.0,0.6144,4.0,0.6154,40.0,0.6155,4.0
1753533043121,12:30:43.121,DRIFT/USDT:USDT,0.6146,48.0,0.6144,4.0,0.6154,40.0,0.6155,4.0
1753533045935,12:30:45.935,DRIFT/USDT:USDT,0.6146,48.0,0.6144,4.0,0.6153,5.0,0.6154,40.0
1753533046321,12:30:46.321,DRIFT/USDT:USDT,0.6146,40.0,0.6144,4.0,0.6153,5.0,0.6154,40.0
1753533047919,12:30:47.919,DRIFT/USDT:USDT,0.6146,40.0,0.6144,4.0,0.6153,5.0,0.6154,40.0
1753533048180,12:30:48.180,DRIFT/USDT:USDT,0.6146,40.0,0.6144,4.0,0.6153,5.0,0.6154,40.0
1753533048364,12:30:48.364,DRIFT/USDT:USDT,0.6146,40.0,0.6144,4.0,0.6153,5.0,0.6154,40.0
1753533048745,12:30:48.745,DRIFT/USDT:USDT,0.6146,40.0,0.6144,4.0,0.6153,5.0,0.6154,40.0
1753533052734,12:30:52.734,DRIFT/USDT:USDT,0.6146,40.0,0.6144,4.0,0.6153,5.0,0.6154,40.0
1753533053866,12:30:53.866,DRIFT/USDT:USDT,0.6146,40.0,0.6144,4.0,0.6153,5.0,0.6154,40.0
1753533054679,12:30:54.679,DRIFT/USDT:USDT,0.6144,4.0,0.6143,44.0,0.6153,5.0,0.6154,40.0
1753533054801,12:30:54.801,DRIFT/USDT:USDT,0.6144,4.0,0.6143,44.0,0.6153,5.0,0.6154,40.0
1753533055283,12:30:55.283,DRIFT/USDT:USDT,0.6144,4.0,0.6143,44.0,0.6153,5.0,0.6154,40.0
1753533057237,12:30:57.237,DRIFT/USDT:USDT,0.6144,4.0,0.6143,44.0,0.6153,5.0,0.6154,40.0
1753533057519,12:30:57.519,DRIFT/USDT:USDT,0.6144,4.0,0.6143,44.0,0.6153,5.0,0.6154,40.0
1753533059682,12:30:59.682,DRIFT/USDT:USDT,0.6144,4.0,0.6143,44.0,0.6153,5.0,0.6154,40.0
1753533060060,12:31:00.060,DRIFT/USDT:USDT,0.6144,4.0,0.6143,44.0,0.6153,5.0,0.6154,40.0
1753533060339,12:31:00.339,DRIFT/USDT:USDT,0.6144,4.0,0.6143,44.0,0.6153,15.0,0.6154,40.0
1753533060784,12:31:00.784,DRIFT/USDT:USDT,0.6144,4.0,0.6143,44.0,0.6153,15.0,0.6154,87.0
1753533061286,12:31:01.286,DRIFT/USDT:USDT,0.6144,4.0,0.6143,44.0,0.6153,15.0,0.6154,87.0
1753533061843,12:31:01.843,DRIFT/USDT:USDT,0.6143,44.0,0.6141,4.0,0.6152,5.0,0.6153,15.0
1753533061925,12:31:01.925,DRIFT/USDT:USDT,0.6143,44.0,0.6141,4.0,0.6152,5.0,0.6153,15.0
1753533061989,12:31:01.989,DRIFT/USDT:USDT,0.6143,44.0,0.6141,4.0,0.6152,5.0,0.6153,15.0
1753533062107,12:31:02.107,DRIFT/USDT:USDT,0.6143,44.0,0.6141,4.0,0.6152,5.0,0.6153,15.0
1753533062320,12:31:02.320,DRIFT/USDT:USDT,0.6143,44.0,0.6141,4.0,0.6152,15.0,0.6153,15.0
1753533063212,12:31:03.212,DRIFT/USDT:USDT,0.6143,44.0,0.6141,4.0,0.6152,15.0,0.6153,15.0
1753533063342,12:31:03.342,DRIFT/USDT:USDT,0.6143,44.0,0.6141,4.0,0.6152,15.0,0.6153,15.0
1753533064250,12:31:04.250,DRIFT/USDT:USDT,0.6144,13.0,0.6143,44.0,0.6152,15.0,0.6153,15.0
1753533064250,12:31:04.250,DRIFT/USDT:USDT,0.6144,13.0,0.6143,44.0,0.6152,28.0,0.6153,15.0
1753533065416,12:31:05.416,DRIFT/USDT:USDT,0.6144,13.0,0.6143,44.0,0.6152,28.0,0.6153,15.0
1753533065879,12:31:05.879,DRIFT/USDT:USDT,0.6144,13.0,0.6143,44.0,0.6152,28.0,0.6153,15.0
1753533066876,12:31:06.876,DRIFT/USDT:USDT,0.6144,13.0,0.6143,44.0,0.6152,28.0,0.6153,15.0
1753533067120,12:31:07.120,DRIFT/USDT:USDT,0.6144,13.0,0.6143,44.0,0.6152,28.0,0.6153,15.0
1753533067448,12:31:07.448,DRIFT/USDT:USDT,0.6145,5.0,0.6144,13.0,0.6152,28.0,0.6153,15.0
1753533067464,12:31:07.464,DRIFT/USDT:USDT,0.6145,13.0,0.6144,13.0,0.6152,36.0,0.6153,15.0
1753533068247,12:31:08.247,DRIFT/USDT:USDT,0.6145,13.0,0.6144,13.0,0.6152,36.0,0.6153,15.0
1753533069063,12:31:09.063,DRIFT/USDT:USDT,0.6145,13.0,0.6144,13.0,0.6152,36.0,0.6153,15.0
1753533071127,12:31:11.127,DRIFT/USDT:USDT,0.6145,13.0,0.6144,13.0,0.6152,36.0,0.6153,15.0
1753533071922,12:31:11.922,DRIFT/USDT:USDT,0.6145,13.0,0.6144,13.0,0.6152,36.0,0.6153,15.0
1753533073214,12:31:13.214,DRIFT/USDT:USDT,0.6145,13.0,0.6144,13.0,0.6152,36.0,0.6153,15.0
1753533073274,12:31:13.274,DRIFT/USDT:USDT,0.6146,40.0,0.6145,13.0,0.6152,36.0,0.6153,15.0
1753533073510,12:31:13.510,DRIFT/USDT:USDT,0.6145,13.0,0.6144,13.0,0.6152,36.0,0.6153,15.0
1753533074441,12:31:14.441,DRIFT/USDT:USDT,0.6145,13.0,0.6144,13.0,0.6152,36.0,0.6153,15.0
1753533074775,12:31:14.775,DRIFT/USDT:USDT,0.6146,40.0,0.6145,13.0,0.6152,36.0,0.6153,15.0
1753533074913,12:31:14.913,DRIFT/USDT:USDT,0.6146,40.0,0.6145,13.0,0.6152,36.0,0.6153,15.0
1753533075054,12:31:15.054,DRIFT/USDT:USDT,0.6145,13.0,0.6144,13.0,0.6152,36.0,0.6153,15.0
1753533076720,12:31:16.720,DRIFT/USDT:USDT,0.6145,13.0,0.6144,13.0,0.6152,36.0,0.6153,15.0
1753533077261,12:31:17.261,DRIFT/USDT:USDT,0.6145,13.0,0.6144,13.0,0.6152,36.0,0.6153,15.0
1753533078015,12:31:18.015,DRIFT/USDT:USDT,0.6146,4.0,0.6145,13.0,0.6152,36.0,0.6153,10.0
1753533078137,12:31:18.137,DRIFT/USDT:USDT,0.6146,4.0,0.6145,13.0,0.6152,26.0,0.6153,10.0
1753533078362,12:31:18.362,DRIFT/USDT:USDT,0.6146,4.0,0.6145,13.0,0.6152,26.0,0.6153,14.0
1753533079887,12:31:19.887,DRIFT/USDT:USDT,0.6146,4.0,0.6145,13.0,0.6152,26.0,0.6153,14.0
1753533081521,12:31:21.521,DRIFT/USDT:USDT,0.6146,4.0,0.6145,13.0,0.6152,26.0,0.6153,14.0
1753533081647,12:31:21.647,DRIFT/USDT:USDT,0.6145,8.0,0.6144,13.0,0.6152,26.0,0.6153,14.0
1753533081777,12:31:21.777,DRIFT/USDT:USDT,0.6145,8.0,0.6144,13.0,0.6152,26.0,0.6153,14.0
1753533082207,12:31:22.207,DRIFT/USDT:USDT,0.6145,8.0,0.6144,13.0,0.6152,30.0,0.6153,14.0
1753533086320,12:31:26.320,DRIFT/USDT:USDT,0.6145,8.0,0.6144,13.0,0.6152,30.0,0.6153,14.0
1753533088999,12:31:28.999,DRIFT/USDT:USDT,0.6144,5.0,0.6143,44.0,0.6152,30.0,0.6153,14.0
1753533089077,12:31:29.077,DRIFT/USDT:USDT,0.6144,5.0,0.6143,44.0,0.6152,30.0,0.6153,14.0
1753533089630,12:31:29.630,DRIFT/USDT:USDT,0.6144,5.0,0.6143,44.0,0.6152,30.0,0.6153,14.0
1753533089663,12:31:29.663,DRIFT/USDT:USDT,0.6144,5.0,0.6143,44.0,0.6152,30.0,0.6153,14.0
1753533091149,12:31:31.149,DRIFT/USDT:USDT,0.6144,5.0,0.6143,44.0,0.6152,30.0,0.6153,14.0
1753533092897,12:31:32.897,DRIFT/USDT:USDT,0.6144,5.0,0.6143,44.0,0.6152,30.0,0.6153,14.0
1753533095921,12:31:35.921,DRIFT/USDT:USDT,0.6144,5.0,0.6143,44.0,0.6152,30.0,0.6153,14.0
1753533096093,12:31:36.093,DRIFT/USDT:USDT,0.6144,5.0,0.6143,44.0,0.6153,10.0,0.6154,61.0
1753533096335,12:31:36.335,DRIFT/USDT:USDT,0.6144,5.0,0.6143,44.0,0.6153,10.0,0.6154,61.0
1753533097214,12:31:37.214,DRIFT/USDT:USDT,0.6144,5.0,0.6143,44.0,0.6153,10.0,0.6154,61.0
1753533097448,12:31:37.448,DRIFT/USDT:USDT,0.6144,5.0,0.6143,44.0,0.6153,10.0,0.6154,61.0
1753533098243,12:31:38.243,DRIFT/USDT:USDT,0.6144,5.0,0.6143,44.0,0.6153,15.0,0.6154,61.0
1753533099749,12:31:39.749,DRIFT/USDT:USDT,0.6147,5.0,0.6146,54.0,0.6153,10.0,0.6154,10.0
1753533099843,12:31:39.843,DRIFT/USDT:USDT,0.6147,5.0,0.6146,54.0,0.6153,10.0,0.6154,10.0
1753533099951,12:31:39.951,DRIFT/USDT:USDT,0.6149,40.0,0.6148,26.0,0.6154,10.0,0.6155,4.0
1753533100017,12:31:40.017,DRIFT/USDT:USDT,0.6148,26.0,0.6147,5.0,0.6154,10.0,0.6155,4.0
1753533100107,12:31:40.107,DRIFT/USDT:USDT,0.6148,26.0,0.6147,5.0,0.6154,10.0,0.6155,17.0
1753533100374,12:31:40.374,DRIFT/USDT:USDT,0.6148,26.0,0.6147,5.0,0.6154,10.0,0.6155,17.0
1753533100734,12:31:40.734,DRIFT/USDT:USDT,0.6148,13.0,0.6147,5.0,0.6154,23.0,0.6155,17.0
1753533101100,12:31:41.100,DRIFT/USDT:USDT,0.6147,5.0,0.6146,40.0,0.6154,23.0,0.6155,17.0
1753533101194,12:31:41.194,DRIFT/USDT:USDT,0.6147,12.0,0.6146,40.0,0.6154,23.0,0.6155,17.0
1753533101562,12:31:41.562,DRIFT/USDT:USDT,0.6147,12.0,0.6146,40.0,0.6154,27.0,0.6155,17.0
1753533102227,12:31:42.227,DRIFT/USDT:USDT,0.6147,12.0,0.6146,40.0,0.6154,27.0,0.6155,17.0
1753533102854,12:31:42.854,DRIFT/USDT:USDT,0.6147,12.0,0.6146,40.0,0.6154,27.0,0.6155,17.0
1753533105521,12:31:45.521,DRIFT/USDT:USDT,0.6147,12.0,0.6146,40.0,0.6154,27.0,0.6155,17.0
1753533105908,12:31:45.908,DRIFT/USDT:USDT,0.6147,12.0,0.6146,40.0,0.6154,27.0,0.6155,17.0
1753533106875,12:31:46.875,DRIFT/USDT:USDT,0.6147,19.0,0.6146,40.0,0.6154,27.0,0.6155,17.0
1753533106961,12:31:46.961,DRIFT/USDT:USDT,0.6147,19.0,0.6146,40.0,0.6154,27.0,0.6155,17.0
1753533107313,12:31:47.313,DRIFT/USDT:USDT,0.6147,19.0,0.6146,40.0,0.6154,27.0,0.6155,17.0
1753533110321,12:31:50.321,DRIFT/USDT:USDT,0.6147,19.0,0.6146,40.0,0.6154,27.0,0.6155,17.0
1753533110807,12:31:50.807,DRIFT/USDT:USDT,0.6147,19.0,0.6146,40.0,0.6154,27.0,0.6155,17.0
1753533111307,12:31:51.307,DRIFT/USDT:USDT,0.6147,19.0,0.6146,40.0,0.6154,27.0,0.6155,17.0
1753533115126,12:31:55.126,DRIFT/USDT:USDT,0.6147,7.0,0.6146,40.0,0.6153,18.0,0.6154,27.0
1753533115159,12:31:55.159,DRIFT/USDT:USDT,0.6144,5.0,0.6143,44.0,0.6152,18.0,0.6153,31.0
1753533115264,12:31:55.264,DRIFT/USDT:USDT,0.6144,5.0,0.6143,44.0,0.6152,18.0,0.6153,31.0
1753533115377,12:31:55.377,DRIFT/USDT:USDT,0.6144,5.0,0.6143,44.0,0.6152,18.0,0.6153,31.0
1753533116393,12:31:56.393,DRIFT/USDT:USDT,0.6144,5.0,0.6143,44.0,0.6152,18.0,0.6153,31.0
1753533116599,12:31:56.599,DRIFT/USDT:USDT,0.6144,5.0,0.6143,44.0,0.6152,18.0,0.6153,31.0
1753533117315,12:31:57.315,DRIFT/USDT:USDT,0.6144,5.0,0.6143,44.0,0.6152,18.0,0.6153,31.0
1753533118919,12:31:58.919,DRIFT/USDT:USDT,0.6144,5.0,0.6143,44.0,0.6152,18.0,0.6153,31.0
1753533119020,12:31:59.020,DRIFT/USDT:USDT,0.6144,5.0,0.6143,44.0,0.6152,18.0,0.6153,31.0
1753533119129,12:31:59.129,DRIFT/USDT:USDT,0.6144,12.0,0.6143,44.0,0.6151,18.0,0.6152,18.0
1753533119163,12:31:59.163,DRIFT/USDT:USDT,0.6144,12.0,0.6143,44.0,0.6151,18.0,0.6152,18.0
1753533119439,12:31:59.439,DRIFT/USDT:USDT,0.6143,40.0,0.6141,4.0,0.6149,18.0,0.615,18.0
1753533119735,12:31:59.735,DRIFT/USDT:USDT,0.6143,40.0,0.6141,4.0,0.6149,18.0,0.615,18.0
1753533119921,12:31:59.921,DRIFT/USDT:USDT,0.6143,40.0,0.6141,4.0,0.6149,18.0,0.615,18.0
1753533120227,12:32:00.227,DRIFT/USDT:USDT,0.6143,40.0,0.6141,4.0,0.6149,18.0,0.615,18.0
1753533120301,12:32:00.301,DRIFT/USDT:USDT,0.6143,40.0,0.6141,4.0,0.6149,18.0,0.615,18.0
1753533120890,12:32:00.890,DRIFT/USDT:USDT,0.6143,40.0,0.6141,4.0,0.6149,18.0,0.615,18.0
1753533121038,12:32:01.038,DRIFT/USDT:USDT,0.6143,40.0,0.6141,4.0,0.6149,18.0,0.615,18.0
1753533122016,12:32:02.016,DRIFT/USDT:USDT,0.6143,40.0,0.6141,4.0,0.6149,18.0,0.615,18.0
1753533122056,12:32:02.056,DRIFT/USDT:USDT,0.6143,40.0,0.6141,4.0,0.6149,18.0,0.615,18.0
1753533123794,12:32:03.794,DRIFT/USDT:USDT,0.6143,40.0,0.6141,4.0,0.6149,18.0,0.615,18.0
1753533124723,12:32:04.723,DRIFT/USDT:USDT,0.6143,40.0,0.6141,4.0,0.6149,18.0,0.615,18.0
1753533126869,12:32:06.869,DRIFT/USDT:USDT,0.6143,40.0,0.6141,4.0,0.6149,18.0,0.615,18.0
1753533127389,12:32:07.389,DRIFT/USDT:USDT,0.6143,40.0,0.6141,4.0,0.6149,18.0,0.615,18.0
1753533128604,12:32:08.604,DRIFT/USDT:USDT,0.6143,40.0,0.6141,4.0,0.6148,17.0,0.6149,32.0
1753533129522,12:32:09.522,DRIFT/USDT:USDT,0.6143,40.0,0.6141,4.0,0.6148,17.0,0.6149,32.0
1753533129585,12:32:09.585,DRIFT/USDT:USDT,0.6143,40.0,0.6141,4.0,0.6148,17.0,0.6149,32.0
1753533130091,12:32:10.091,DRIFT/USDT:USDT,0.6143,40.0,0.6141,4.0,0.6148,17.0,0.6149,32.0
1753533130581,12:32:10.581,DRIFT/USDT:USDT,0.6143,40.0,0.6141,4.0,0.6148,17.0,0.6149,32.0
1753533131043,12:32:11.043,DRIFT/USDT:USDT,0.6143,40.0,0.6141,4.0,0.6148,17.0,0.6149,32.0
1753533131932,12:32:11.932,DRIFT/USDT:USDT,0.6143,40.0,0.6141,4.0,0.6148,17.0,0.6149,32.0
1753533132020,12:32:12.020,DRIFT/USDT:USDT,0.6143,40.0,0.6141,4.0,0.6148,17.0,0.6149,32.0
1753533132435,12:32:12.435,DRIFT/USDT:USDT,0.6141,4.0,0.614,44.0,0.6148,17.0,0.6149,32.0
1753533133144,12:32:13.144,DRIFT/USDT:USDT,0.6144,13.0,0.6143,45.0,0.6151,5.0,0.6153,5.0
1753533133241,12:32:13.241,DRIFT/USDT:USDT,0.6144,21.0,0.6143,45.0,0.6153,5.0,0.6154,61.0
1753533133258,12:32:13.258,DRIFT/USDT:USDT,0.6144,21.0,0.6143,45.0,0.6153,5.0,0.6154,61.0
1753533133676,12:32:13.676,DRIFT/USDT:USDT,0.6144,21.0,0.6143,45.0,0.6153,5.0,0.6154,61.0
1753533134322,12:32:14.322,DRIFT/USDT:USDT,0.6144,21.0,0.6143,45.0,0.6153,5.0,0.6154,61.0
1753533134497,12:32:14.497,DRIFT/USDT:USDT,0.6144,21.0,0.6143,45.0,0.6153,5.0,0.6154,61.0
1753533137669,12:32:17.669,DRIFT/USDT:USDT,0.6144,13.0,0.6143,45.0,0.6153,5.0,0.6154,61.0
1753533138141,12:32:18.141,DRIFT/USDT:USDT,0.6144,13.0,0.6143,45.0,0.6153,5.0,0.6154,61.0
1753533138460,12:32:18.460,DRIFT/USDT:USDT,0.6144,13.0,0.6143,45.0,0.6152,5.0,0.6153,15.0
1753533138930,12:32:18.930,DRIFT/USDT:USDT,0.6144,13.0,0.6143,45.0,0.6152,5.0,0.6153,15.0
1753533139122,12:32:19.122,DRIFT/USDT:USDT,0.6144,13.0,0.6143,45.0,0.6152,5.0,0.6153,15.0
1753533139345,12:32:19.345,DRIFT/USDT:USDT,0.6144,13.0,0.6143,45.0,0.6152,5.0,0.6153,15.0
1753533139958,12:32:19.958,DRIFT/USDT:USDT,0.6144,13.0,0.6143,45.0,0.6152,5.0,0.6153,15.0
1753533143140,12:32:23.140,DRIFT/USDT:USDT,0.6146,40.0,0.6145,5.0,0.6152,5.0,0.6153,15.0
1753533143217,12:32:23.217,DRIFT/USDT:USDT,0.6146,56.0,0.6145,5.0,0.6152,5.0,0.6153,15.0
1753533143395,12:32:23.395,DRIFT/USDT:USDT,0.6146,56.0,0.6145,5.0,0.6152,5.0,0.6153,15.0
1753533143548,12:32:23.548,DRIFT/USDT:USDT,0.6136,4.0,0.6135,5.0,0.6148,40.0,0.6152,55.0
1753533143643,12:32:23.643,DRIFT/USDT:USDT,0.613,7.0,0.6129,109.0,0.6136,144.0,0.614,40.0
1753533143729,12:32:23.729,DRIFT/USDT:USDT,0.613,7.0,0.6129,114.0,0.6136,144.0,0.6138,5.0
1753533143851,12:32:23.851,DRIFT/USDT:USDT,0.613,17.0,0.6129,98.0,0.6143,5.0,0.6144,40.0
1753533143924,12:32:23.924,DRIFT/USDT:USDT,0.613,17.0,0.6129,98.0,0.6143,5.0,0.6144,40.0
1753533144038,12:32:24.038,DRIFT/USDT:USDT,0.613,57.0,0.6129,98.0,0.6143,5.0,0.6144,40.0
1753533144135,12:32:24.135,DRIFT/USDT:USDT,0.613,57.0,0.6129,98.0,0.6143,5.0,0.6144,40.0
1753533144194,12:32:24.194,DRIFT/USDT:USDT,0.613,33.0,0.6129,98.0,0.6141,64.0,0.6143,5.0
1753533144322,12:32:24.322,DRIFT/USDT:USDT,0.613,33.0,0.6129,98.0,0.6141,29.0,0.6143,5.0
1753533144390,12:32:24.390,DRIFT/USDT:USDT,0.613,33.0,0.6129,98.0,0.6141,29.0,0.6143,5.0
1753533144626,12:32:24.626,DRIFT/USDT:USDT,0.613,33.0,0.6129,98.0,0.6141,17.0,0.6143,5.0
1753533144700,12:32:24.700,DRIFT/USDT:USDT,0.613,73.0,0.6129,98.0,0.6141,17.0,0.6143,5.0
1753533144943,12:32:24.943,DRIFT/USDT:USDT,0.613,73.0,0.6129,98.0,0.6141,17.0,0.6143,5.0
1753533145544,12:32:25.544,DRIFT/USDT:USDT,0.613,73.0,0.6129,98.0,0.6141,17.0,0.6143,5.0
1753533145962,12:32:25.962,DRIFT/USDT:USDT,0.613,73.0,0.6129,98.0,0.6141,17.0,0.6143,5.0
1753533146073,12:32:26.073,DRIFT/USDT:USDT,0.613,73.0,0.6129,98.0,0.6141,17.0,0.6143,5.0
1753533146375,12:32:26.375,DRIFT/USDT:USDT,0.613,33.0,0.6129,98.0,0.6141,17.0,0.6143,5.0
1753533146467,12:32:26.467,DRIFT/USDT:USDT,0.613,33.0,0.6129,98.0,0.614,5.0,0.6141,17.0
1753533146662,12:32:26.662,DRIFT/USDT:USDT,0.613,33.0,0.6129,98.0,0.614,5.0,0.6141,17.0
1753533146781,12:32:26.781,DRIFT/USDT:USDT,0.613,33.0,0.6129,98.0,0.614,5.0,0.6141,17.0
1753533147173,12:32:27.173,DRIFT/USDT:USDT,0.613,33.0,0.6129,98.0,0.614,5.0,0.6141,17.0
1753533147642,12:32:27.642,DRIFT/USDT:USDT,0.613,33.0,0.6129,98.0,0.614,5.0,0.6141,17.0
1753533148434,12:32:28.434,DRIFT/USDT:USDT,0.613,33.0,0.6129,98.0,0.6139,5.0,0.614,17.0
1753533148515,12:32:28.515,DRIFT/USDT:USDT,0.613,33.0,0.6129,98.0,0.6139,5.0,0.614,17.0
1753533149123,12:32:29.123,DRIFT/USDT:USDT,0.613,33.0,0.6129,98.0,0.6139,5.0,0.614,17.0
1753533149334,12:32:29.334,DRIFT/USDT:USDT,0.613,33.0,0.6129,98.0,0.6139,5.0,0.614,17.0
1753533149353,12:32:29.353,DRIFT/USDT:USDT,0.613,33.0,0.6129,98.0,0.6139,5.0,0.614,17.0
1753533149928,12:32:29.928,DRIFT/USDT:USDT,0.613,33.0,0.6129,98.0,0.6139,5.0,0.614,17.0
1753533150022,12:32:30.022,DRIFT/USDT:USDT,0.613,33.0,0.6129,98.0,0.6139,5.0,0.614,17.0
1753533150059,12:32:30.059,DRIFT/USDT:USDT,0.613,33.0,0.6129,98.0,0.6139,5.0,0.614,17.0
1753533150446,12:32:30.446,DRIFT/USDT:USDT,0.613,33.0,0.6129,98.0,0.6139,5.0,0.614,17.0
1753533150602,12:32:30.602,DRIFT/USDT:USDT,0.613,33.0,0.6129,98.0,0.6139,5.0,0.614,17.0
1753533151420,12:32:31.420,DRIFT/USDT:USDT,0.613,33.0,0.6129,98.0,0.6139,5.0,0.614,17.0
1753533153006,12:32:33.006,DRIFT/USDT:USDT,0.613,33.0,0.6129,98.0,0.6139,5.0,0.614,17.0
1753533153472,12:32:33.472,DRIFT/USDT:USDT,0.613,33.0,0.6129,98.0,0.6139,5.0,0.614,17.0
1753533153734,12:32:33.734,DRIFT/USDT:USDT,0.613,25.0,0.6129,98.0,0.6139,5.0,0.614,17.0
1753533153936,12:32:33.936,DRIFT/USDT:USDT,0.613,25.0,0.6129,98.0,0.6139,5.0,0.614,17.0
1753533154027,12:32:34.027,DRIFT/USDT:USDT,0.613,65.0,0.6129,98.0,0.6141,12.0,0.6143,15.0
1753533154138,12:32:34.138,DRIFT/USDT:USDT,0.6133,44.0,0.613,57.0,0.6143,10.0,0.6144,40.0
1753533154288,12:32:34.288,DRIFT/USDT:USDT,0.6133,4.0,0.613,57.0,0.6143,10.0,0.6144,40.0
1753533154788,12:32:34.788,DRIFT/USDT:USDT,0.6133,4.0,0.613,57.0,0.6143,14.0,0.6144,40.0
1753533155016,12:32:35.016,DRIFT/USDT:USDT,0.6134,52.0,0.6133,4.0,0.6143,25.0,0.6144,40.0
1753533155113,12:32:35.113,DRIFT/USDT:USDT,0.6134,60.0,0.6133,4.0,0.6143,36.0,0.6145,4.0
1753533155268,12:32:35.268,DRIFT/USDT:USDT,0.6134,60.0,0.6133,4.0,0.6143,26.0,0.6145,4.0
1753533155507,12:32:35.507,DRIFT/USDT:USDT,0.6134,60.0,0.6133,4.0,0.6143,26.0,0.6145,4.0
1753533155790,12:32:35.790,DRIFT/USDT:USDT,0.6134,60.0,0.6133,4.0,0.6143,26.0,0.6145,4.0
1753533157516,12:32:37.516,DRIFT/USDT:USDT,0.6134,60.0,0.6133,4.0,0.6143,26.0,0.6145,4.0
1753533157954,12:32:37.954,DRIFT/USDT:USDT,0.6134,60.0,0.6133,4.0,0.6143,26.0,0.6145,4.0
1753533158723,12:32:38.723,DRIFT/USDT:USDT,0.6134,60.0,0.6133,4.0,0.6143,26.0,0.6145,4.0
1753533158758,12:32:38.758,DRIFT/USDT:USDT,0.6134,60.0,0.6133,4.0,0.6143,26.0,0.6145,4.0
1753533159543,12:32:39.543,DRIFT/USDT:USDT,0.6134,60.0,0.6133,4.0,0.6143,26.0,0.6145,4.0
1753533159897,12:32:39.897,DRIFT/USDT:USDT,0.6134,60.0,0.6133,4.0,0.6143,26.0,0.6145,4.0
1753533160187,12:32:40.187,DRIFT/USDT:USDT,0.6134,60.0,0.6133,4.0,0.6143,26.0,0.6145,4.0
1753533160355,12:32:40.355,DRIFT/USDT:USDT,0.6134,60.0,0.6133,4.0,0.6143,26.0,0.6145,4.0
1753533162391,12:32:42.391,DRIFT/USDT:USDT,0.6134,60.0,0.6133,4.0,0.6143,26.0,0.6145,4.0
1753533162771,12:32:42.771,DRIFT/USDT:USDT,0.6134,60.0,0.6133,4.0,0.6143,26.0,0.6145,4.0
1753533163524,12:32:43.524,DRIFT/USDT:USDT,0.6134,60.0,0.6133,4.0,0.6143,26.0,0.6145,4.0
1753533163847,12:32:43.847,DRIFT/USDT:USDT,0.6134,20.0,0.6133,4.0,0.6142,5.0,0.6143,26.0
1753533163999,12:32:43.999,DRIFT/USDT:USDT,0.6134,20.0,0.6133,4.0,0.6142,5.0,0.6143,26.0
1753533164409,12:32:44.409,DRIFT/USDT:USDT,0.6134,20.0,0.6133,4.0,0.6142,5.0,0.6143,26.0
1753533164967,12:32:44.967,DRIFT/USDT:USDT,0.6134,20.0,0.6133,4.0,0.6142,5.0,0.6143,26.0
1753533165466,12:32:45.466,DRIFT/USDT:USDT,0.6134,20.0,0.6133,4.0,0.6142,5.0,0.6143,26.0
1753533168323,12:32:48.323,DRIFT/USDT:USDT,0.6134,20.0,0.6133,4.0,0.6142,5.0,0.6143,26.0
1753533169282,12:32:49.282,DRIFT/USDT:USDT,0.6134,20.0,0.6133,4.0,0.6142,5.0,0.6143,26.0
1753533169646,12:32:49.646,DRIFT/USDT:USDT,0.6134,20.0,0.6133,4.0,0.6142,5.0,0.6143,26.0
1753533173123,12:32:53.123,DRIFT/USDT:USDT,0.6134,20.0,0.6133,4.0,0.6142,5.0,0.6143,26.0
1753533173672,12:32:53.672,DRIFT/USDT:USDT,0.6134,20.0,0.6133,4.0,0.6142,5.0,0.6143,26.0
1753533173850,12:32:53.850,DRIFT/USDT:USDT,0.6133,4.0,0.613,57.0,0.6142,5.0,0.6143,26.0
1753533173929,12:32:53.929,DRIFT/USDT:USDT,0.6133,4.0,0.613,57.0,0.6142,5.0,0.6143,26.0
1753533174060,12:32:54.060,DRIFT/USDT:USDT,0.6133,4.0,0.613,57.0,0.6141,5.0,0.6142,15.0
1753533174300,12:32:54.300,DRIFT/USDT:USDT,0.6133,20.0,0.613,57.0,0.6141,5.0,0.6142,15.0
1753533175022,12:32:55.022,DRIFT/USDT:USDT,0.6133,12.0,0.613,57.0,0.6141,5.0,0.6142,15.0
1753533175161,12:32:55.161,DRIFT/USDT:USDT,0.6133,20.0,0.613,57.0,0.6141,5.0,0.6142,15.0
1753533176608,12:32:56.608,DRIFT/USDT:USDT,0.6133,20.0,0.613,57.0,0.6141,5.0,0.6142,15.0
1753533177923,12:32:57.923,DRIFT/USDT:USDT,0.6133,20.0,0.613,57.0,0.6141,5.0,0.6142,15.0
1753533179715,12:32:59.715,DRIFT/USDT:USDT,0.6133,20.0,0.613,57.0,0.6141,5.0,0.6142,15.0
1753533179780,12:32:59.780,DRIFT/USDT:USDT,0.6133,20.0,0.613,57.0,0.6141,5.0,0.6142,15.0
1753533180481,12:33:00.481,DRIFT/USDT:USDT,0.6134,45.0,0.6133,20.0,0.6142,15.0,0.6143,26.0
1753533180590,12:33:00.590,DRIFT/USDT:USDT,0.6134,45.0,0.6133,20.0,0.6142,10.0,0.6143,26.0
1753533181891,12:33:01.891,DRIFT/USDT:USDT,0.6134,45.0,0.6133,20.0,0.6142,10.0,0.6143,26.0
1753533182724,12:33:02.724,DRIFT/USDT:USDT,0.6134,45.0,0.6133,20.0,0.6142,10.0,0.6143,26.0
1753533183966,12:33:03.966,DRIFT/USDT:USDT,0.6134,45.0,0.6133,20.0,0.6142,10.0,0.6143,26.0
1753533187217,12:33:07.217,DRIFT/USDT:USDT,0.6134,45.0,0.6133,20.0,0.6142,14.0,0.6143,26.0
1753533187524,12:33:07.524,DRIFT/USDT:USDT,0.6134,45.0,0.6133,20.0,0.6142,14.0,0.6143,26.0
1753533187763,12:33:07.763,DRIFT/USDT:USDT,0.6134,45.0,0.6133,20.0,0.6142,14.0,0.6143,26.0
1753533190939,12:33:10.939,DRIFT/USDT:USDT,0.6134,45.0,0.6133,20.0,0.6142,10.0,0.6143,26.0
1753533191759,12:33:11.759,DRIFT/USDT:USDT,0.6134,45.0,0.6133,20.0,0.6142,10.0,0.6143,26.0
1753533192324,12:33:12.324,DRIFT/USDT:USDT,0.6134,45.0,0.6133,20.0,0.6142,10.0,0.6143,26.0
1753533194076,12:33:14.076,DRIFT/USDT:USDT,0.6134,5.0,0.6133,20.0,0.6142,10.0,0.6143,26.0
1753533196977,12:33:16.977,DRIFT/USDT:USDT,0.6134,5.0,0.6133,20.0,0.6142,10.0,0.6143,26.0
1753533197123,12:33:17.123,DRIFT/USDT:USDT,0.6134,5.0,0.6133,20.0,0.6142,10.0,0.6143,26.0
1753533201924,12:33:21.924,DRIFT/USDT:USDT,0.6134,5.0,0.6133,20.0,0.6142,10.0,0.6143,26.0
1753533202119,12:33:22.119,DRIFT/USDT:USDT,0.6134,5.0,0.6133,20.0,0.6142,10.0,0.6143,26.0
1753533202633,12:33:22.633,DRIFT/USDT:USDT,0.6134,45.0,0.6133,20.0,0.6142,10.0,0.6143,26.0
1753533203634,12:33:23.634,DRIFT/USDT:USDT,0.6135,4.0,0.6134,45.0,0.6142,10.0,0.6143,26.0
1753533203716,12:33:23.716,DRIFT/USDT:USDT,0.6135,4.0,0.6134,45.0,0.6142,10.0,0.6143,26.0
1753533203764,12:33:23.764,DRIFT/USDT:USDT,0.6135,4.0,0.6134,45.0,0.6142,10.0,0.6143,26.0
1753533203866,12:33:23.866,DRIFT/USDT:USDT,0.6135,4.0,0.6134,45.0,0.6142,10.0,0.6143,26.0
1753533205116,12:33:25.116,DRIFT/USDT:USDT,0.6135,4.0,0.6134,45.0,0.6142,10.0,0.6143,26.0
1753533205835,12:33:25.835,DRIFT/USDT:USDT,0.6134,5.0,0.6133,12.0,0.6142,14.0,0.6143,26.0
1753533205895,12:33:25.895,DRIFT/USDT:USDT,0.6134,5.0,0.6133,12.0,0.6142,14.0,0.6143,26.0
1753533206724,12:33:26.724,DRIFT/USDT:USDT,0.6134,5.0,0.6133,12.0,0.6142,14.0,0.6143,26.0
1753533207754,12:33:27.754,DRIFT/USDT:USDT,0.6134,5.0,0.6133,12.0,0.6142,14.0,0.6143,26.0
1753533207904,12:33:27.904,DRIFT/USDT:USDT,0.6134,13.0,0.6133,12.0,0.6142,14.0,0.6143,26.0
1753533208648,12:33:28.648,DRIFT/USDT:USDT,0.6135,12.0,0.6134,5.0,0.6142,10.0,0.6143,15.0
1753533208694,12:33:28.694,DRIFT/USDT:USDT,0.6136,12.0,0.6135,31.0,0.6142,10.0,0.6143,11.0
1753533208812,12:33:28.812,DRIFT/USDT:USDT,0.6136,52.0,0.6135,31.0,0.6142,10.0,0.6143,11.0
1753533208949,12:33:28.949,DRIFT/USDT:USDT,0.6136,12.0,0.6135,31.0,0.6142,10.0,0.6143,11.0
1753533208997,12:33:28.997,DRIFT/USDT:USDT,0.6136,12.0,0.6135,31.0,0.6142,10.0,0.6143,11.0
1753533209889,12:33:29.889,DRIFT/USDT:USDT,0.6136,12.0,0.6135,31.0,0.6142,10.0,0.6143,11.0
1753533210090,12:33:30.090,DRIFT/USDT:USDT,0.6136,12.0,0.6135,31.0,0.6142,10.0,0.6143,11.0
1753533211524,12:33:31.524,DRIFT/USDT:USDT,0.6136,12.0,0.6135,31.0,0.6142,10.0,0.6143,11.0
1753533211646,12:33:31.646,DRIFT/USDT:USDT,0.6136,12.0,0.6135,31.0,0.6142,10.0,0.6143,11.0
1753533211743,12:33:31.743,DRIFT/USDT:USDT,0.6137,5.0,0.6136,52.0,0.6143,20.0,0.6145,4.0
1753533211765,12:33:31.765,DRIFT/USDT:USDT,0.6137,5.0,0.6136,52.0,0.6143,20.0,0.6145,4.0
1753533211915,12:33:31.915,DRIFT/USDT:USDT,0.6137,12.0,0.6136,71.0,0.6146,10.0,0.6147,62.0
1753533212054,12:33:32.054,DRIFT/USDT:USDT,0.6137,12.0,0.6136,71.0,0.6146,10.0,0.6147,62.0
1753533212344,12:33:32.344,DRIFT/USDT:USDT,0.6138,5.0,0.6137,12.0,0.6146,28.0,0.6147,62.0
1753533214140,12:33:34.140,DRIFT/USDT:USDT,0.6138,5.0,0.6137,12.0,0.6146,28.0,0.6147,62.0
1753533214642,12:33:34.642,DRIFT/USDT:USDT,0.6138,5.0,0.6137,12.0,0.6146,28.0,0.6147,62.0
1753533215816,12:33:35.816,DRIFT/USDT:USDT,0.6138,5.0,0.6137,12.0,0.6146,28.0,0.6147,62.0
1753533216324,12:33:36.324,DRIFT/USDT:USDT,0.6138,5.0,0.6137,12.0,0.6146,28.0,0.6147,62.0
1753533217937,12:33:37.937,DRIFT/USDT:USDT,0.6138,5.0,0.6137,12.0,0.6146,33.0,0.6147,62.0
1753533219030,12:33:39.030,DRIFT/USDT:USDT,0.6138,5.0,0.6137,5.0,0.6146,33.0,0.6147,62.0
1753533219068,12:33:39.068,DRIFT/USDT:USDT,0.6137,5.0,0.6136,52.0,0.6146,33.0,0.6147,62.0
1753533221125,12:33:41.125,DRIFT/USDT:USDT,0.6137,5.0,0.6136,52.0,0.6146,33.0,0.6147,62.0
1753533222984,12:33:42.984,DRIFT/USDT:USDT,0.6137,5.0,0.6136,52.0,0.6146,33.0,0.6147,62.0
1753533224087,12:33:44.087,DRIFT/USDT:USDT,0.6137,5.0,0.6136,52.0,0.6146,33.0,0.6147,62.0
1753533224587,12:33:44.587,DRIFT/USDT:USDT,0.6137,5.0,0.6136,52.0,0.6146,33.0,0.6147,62.0
1753533225924,12:33:45.924,DRIFT/USDT:USDT,0.6137,5.0,0.6136,52.0,0.6146,33.0,0.6147,62.0
1753533230724,12:33:50.724,DRIFT/USDT:USDT,0.6137,5.0,0.6136,52.0,0.6146,33.0,0.6147,62.0
1753533235524,12:33:55.524,DRIFT/USDT:USDT,0.6137,5.0,0.6136,52.0,0.6146,33.0,0.6147,62.0
1753533235788,12:33:55.788,DRIFT/USDT:USDT,0.6137,5.0,0.6136,52.0,0.6146,33.0,0.6147,62.0
1753533237992,12:33:57.992,DRIFT/USDT:USDT,0.6137,5.0,0.6136,52.0,0.6146,33.0,0.6147,62.0
1753533240325,12:34:00.325,DRIFT/USDT:USDT,0.6137,5.0,0.6136,52.0,0.6146,33.0,0.6147,62.0
1753533242539,12:34:02.539,DRIFT/USDT:USDT,0.6137,5.0,0.6136,52.0,0.6146,33.0,0.6147,62.0
1753533242575,12:34:02.575,DRIFT/USDT:USDT,0.6137,5.0,0.6136,52.0,0.6146,33.0,0.6147,62.0
1753533242801,12:34:02.801,DRIFT/USDT:USDT,0.6137,5.0,0.6136,52.0,0.6146,33.0,0.6147,62.0
1753533243223,12:34:03.223,DRIFT/USDT:USDT,0.6137,5.0,0.6136,52.0,0.6146,28.0,0.6147,62.0
1753533243295,12:34:03.295,DRIFT/USDT:USDT,0.6137,5.0,0.6136,52.0,0.6146,28.0,0.6147,15.0
1753533243479,12:34:03.479,DRIFT/USDT:USDT,0.6137,5.0,0.6136,52.0,0.6146,28.0,0.6147,15.0
1753533244285,12:34:04.285,DRIFT/USDT:USDT,0.6137,5.0,0.6136,52.0,0.6146,10.0,0.6147,15.0
1753533244650,12:34:04.650,DRIFT/USDT:USDT,0.6137,5.0,0.6136,52.0,0.6146,10.0,0.6147,15.0
1753533245125,12:34:05.125,DRIFT/USDT:USDT,0.6137,5.0,0.6136,52.0,0.6146,10.0,0.6147,15.0
1753533246245,12:34:06.245,DRIFT/USDT:USDT,0.6137,5.0,0.6136,52.0,0.6146,10.0,0.6147,15.0
1753533246295,12:34:06.295,DRIFT/USDT:USDT,0.6137,5.0,0.6136,52.0,0.6146,10.0,0.6147,15.0
1753533248285,12:34:08.285,DRIFT/USDT:USDT,0.6137,5.0,0.6136,52.0,0.6146,10.0,0.6147,15.0
1753533249925,12:34:09.925,DRIFT/USDT:USDT,0.6137,5.0,0.6136,52.0,0.6146,10.0,0.6147,15.0
1753533250260,12:34:10.260,DRIFT/USDT:USDT,0.6137,5.0,0.6136,52.0,0.6146,10.0,0.6147,15.0
1753533251914,12:34:11.914,DRIFT/USDT:USDT,0.6137,5.0,0.6136,52.0,0.6146,10.0,0.6147,15.0
1753533252268,12:34:12.268,DRIFT/USDT:USDT,0.6137,5.0,0.6136,52.0,0.6146,10.0,0.6147,15.0
1753533253576,12:34:13.576,DRIFT/USDT:USDT,0.6137,5.0,0.6136,52.0,0.6146,10.0,0.6147,15.0
1753533253861,12:34:13.861,DRIFT/USDT:USDT,0.6137,5.0,0.6136,52.0,0.6146,10.0,0.6147,15.0
1753533254299,12:34:14.299,DRIFT/USDT:USDT,0.6137,5.0,0.6136,52.0,0.6146,10.0,0.6147,15.0
1753533254725,12:34:14.725,DRIFT/USDT:USDT,0.6137,5.0,0.6136,52.0,0.6146,10.0,0.6147,15.0
1753533256280,12:34:16.280,DRIFT/USDT:USDT,0.6138,4.0,0.6137,15.0,0.6146,19.0,0.6147,10.0
1753533257138,12:34:17.138,DRIFT/USDT:USDT,0.6139,11.0,0.6138,11.0,0.6146,9.0,0.6147,10.0
1753533257405,12:34:17.405,DRIFT/USDT:USDT,0.6139,11.0,0.6138,11.0,0.6146,9.0,0.6147,10.0
1753533258296,12:34:18.296,DRIFT/USDT:USDT,0.614,4.0,0.6139,11.0,0.6146,9.0,0.6147,10.0
1753533258373,12:34:18.373,DRIFT/USDT:USDT,0.614,4.0,0.6139,11.0,0.6146,9.0,0.6147,10.0
1753533258531,12:34:18.531,DRIFT/USDT:USDT,0.614,4.0,0.6139,51.0,0.6148,10.0,0.6149,265.0
1753533258620,12:34:18.620,DRIFT/USDT:USDT,0.614,4.0,0.6139,51.0,0.6148,10.0,0.6149,265.0
1753533258750,12:34:18.750,DRIFT/USDT:USDT,0.614,4.0,0.6139,51.0,0.6148,10.0,0.6151,5.0
1753533258794,12:34:18.794,DRIFT/USDT:USDT,0.614,4.0,0.6139,51.0,0.6148,10.0,0.6151,5.0
1753533259101,12:34:19.101,DRIFT/USDT:USDT,0.614,4.0,0.6139,51.0,0.6151,53.0,0.6152,45.0
1753533259219,12:34:19.219,DRIFT/USDT:USDT,0.614,4.0,0.6139,51.0,0.6151,53.0,0.6152,45.0
1753533259350,12:34:19.350,DRIFT/USDT:USDT,0.614,4.0,0.6139,51.0,0.6151,53.0,0.6152,45.0
1753533259401,12:34:19.401,DRIFT/USDT:USDT,0.614,4.0,0.6139,51.0,0.6151,53.0,0.6152,45.0
1753533259527,12:34:19.527,DRIFT/USDT:USDT,0.614,4.0,0.6139,51.0,0.6151,53.0,0.6152,45.0
1753533259786,12:34:19.786,DRIFT/USDT:USDT,0.614,4.0,0.6139,51.0,0.6151,53.0,0.6152,45.0
1753533260183,12:34:20.183,DRIFT/USDT:USDT,0.614,4.0,0.6139,51.0,0.6151,53.0,0.6152,45.0
1753533260265,12:34:20.265,DRIFT/USDT:USDT,0.614,4.0,0.6139,51.0,0.6151,53.0,0.6152,45.0
1753533262001,12:34:22.001,DRIFT/USDT:USDT,0.614,4.0,0.6139,51.0,0.6151,53.0,0.6152,45.0
1753533263904,12:34:23.904,DRIFT/USDT:USDT,0.614,4.0,0.6139,51.0,0.6151,53.0,0.6152,45.0
1753533264325,12:34:24.325,DRIFT/USDT:USDT,0.614,4.0,0.6139,51.0,0.6151,53.0,0.6152,45.0
1753533265891,12:34:25.891,DRIFT/USDT:USDT,0.614,4.0,0.6139,51.0,0.6151,53.0,0.6152,45.0
1753533267533,12:34:27.533,DRIFT/USDT:USDT,0.614,4.0,0.6139,51.0,0.615,14.0,0.6151,53.0
1753533267663,12:34:27.663,DRIFT/USDT:USDT,0.614,4.0,0.6139,51.0,0.6149,4.0,0.615,14.0
1753533268037,12:34:28.037,DRIFT/USDT:USDT,0.614,4.0,0.6139,51.0,0.6149,4.0,0.615,14.0
1753533268246,12:34:28.246,DRIFT/USDT:USDT,0.6143,4.0,0.6142,44.0,0.6156,5.0,0.6157,90.0
1753533268323,12:34:28.323,DRIFT/USDT:USDT,0.6142,63.0,0.614,4.0,0.6155,14.0,0.6156,269.0
1753533268444,12:34:28.444,DRIFT/USDT:USDT,0.6142,63.0,0.614,4.0,0.6152,4.0,0.6153,12.0
1753533268490,12:34:28.490,DRIFT/USDT:USDT,0.6142,63.0,0.614,4.0,0.6152,4.0,0.6153,12.0
1753533268673,12:34:28.673,DRIFT/USDT:USDT,0.6142,23.0,0.614,4.0,0.6152,4.0,0.6153,12.0
1753533268872,12:34:28.872,DRIFT/USDT:USDT,0.6142,23.0,0.614,4.0,0.6152,4.0,0.6153,12.0
1753533269021,12:34:29.021,DRIFT/USDT:USDT,0.6142,23.0,0.614,4.0,0.6151,4.0,0.6152,14.0
1753533269109,12:34:29.109,DRIFT/USDT:USDT,0.6142,23.0,0.614,4.0,0.6149,4.0,0.615,13.0
1753533269156,12:34:29.156,DRIFT/USDT:USDT,0.614,4.0,0.6139,44.0,0.6149,4.0,0.615,13.0
1753533269294,12:34:29.294,DRIFT/USDT:USDT,0.6142,40.0,0.614,4.0,0.6149,4.0,0.615,13.0
1753533269659,12:34:29.659,DRIFT/USDT:USDT,0.614,4.0,0.6139,44.0,0.6149,4.0,0.615,13.0
1753533270037,12:34:30.037,DRIFT/USDT:USDT,0.614,11.0,0.6139,44.0,0.6149,4.0,0.615,13.0
1753533270287,12:34:30.287,DRIFT/USDT:USDT,0.614,11.0,0.6139,44.0,0.6149,4.0,0.615,13.0
1753533270734,12:34:30.734,DRIFT/USDT:USDT,0.614,17.0,0.6139,44.0,0.6149,4.0,0.615,13.0
1753533272891,12:34:32.891,DRIFT/USDT:USDT,0.614,17.0,0.6139,44.0,0.6149,4.0,0.615,13.0
1753533273290,12:34:33.290,DRIFT/USDT:USDT,0.614,17.0,0.6139,44.0,0.6149,4.0,0.615,13.0
1753533273574,12:34:33.574,DRIFT/USDT:USDT,0.6142,40.0,0.614,17.0,0.6149,4.0,0.615,13.0
1753533273722,12:34:33.722,DRIFT/USDT:USDT,0.614,17.0,0.6139,44.0,0.6149,4.0,0.615,13.0
1753533275526,12:34:35.526,DRIFT/USDT:USDT,0.614,17.0,0.6139,44.0,0.6149,4.0,0.615,13.0
1753533275744,12:34:35.744,DRIFT/USDT:USDT,0.614,17.0,0.6139,44.0,0.6149,4.0,0.615,13.0
1753533276070,12:34:36.070,DRIFT/USDT:USDT,0.614,11.0,0.6139,44.0,0.6149,4.0,0.615,13.0
1753533276775,12:34:36.775,DRIFT/USDT:USDT,0.614,11.0,0.6139,44.0,0.6149,4.0,0.615,13.0
1753533277017,12:34:37.017,DRIFT/USDT:USDT,0.614,11.0,0.6139,44.0,0.6149,4.0,0.615,13.0
1753533277074,12:34:37.074,DRIFT/USDT:USDT,0.614,11.0,0.6139,44.0,0.6149,4.0,0.615,13.0
1753533278402,12:34:38.402,DRIFT/USDT:USDT,0.614,11.0,0.6139,44.0,0.6149,4.0,0.615,13.0
1753533278839,12:34:38.839,DRIFT/USDT:USDT,0.614,11.0,0.6139,44.0,0.6149,4.0,0.615,13.0
1753533279038,12:34:39.038,DRIFT/USDT:USDT,0.614,11.0,0.6139,44.0,0.6149,4.0,0.615,13.0
1753533279340,12:34:39.340,DRIFT/USDT:USDT,0.614,11.0,0.6139,44.0,0.6149,4.0,0.615,61.0
1753533280327,12:34:40.327,DRIFT/USDT:USDT,0.614,11.0,0.6139,44.0,0.6149,4.0,0.615,61.0
1753533280655,12:34:40.655,DRIFT/USDT:USDT,0.614,11.0,0.6139,44.0,0.6149,4.0,0.615,61.0
1753533280885,12:34:40.885,DRIFT/USDT:USDT,0.614,7.0,0.6139,44.0,0.6149,4.0,0.615,61.0
1753533281070,12:34:41.070,DRIFT/USDT:USDT,0.614,7.0,0.6139,44.0,0.6149,4.0,0.615,61.0
1753533284562,12:34:44.562,DRIFT/USDT:USDT,0.614,7.0,0.6139,44.0,0.6149,4.0,0.615,61.0
1753533285126,12:34:45.126,DRIFT/USDT:USDT,0.614,7.0,0.6139,44.0,0.6149,4.0,0.615,61.0
1753533285835,12:34:45.835,DRIFT/USDT:USDT,0.614,7.0,0.6139,40.0,0.6147,14.0,0.6148,14.0
1753533285857,12:34:45.857,DRIFT/USDT:USDT,0.6141,24.0,0.614,7.0,0.6147,14.0,0.6148,14.0
1753533287817,12:34:47.817,DRIFT/USDT:USDT,0.6141,24.0,0.614,7.0,0.6147,14.0,0.6148,14.0
1753533288496,12:34:48.496,DRIFT/USDT:USDT,0.6141,24.0,0.614,7.0,0.6147,14.0,0.6148,14.0
1753533289926,12:34:49.926,DRIFT/USDT:USDT,0.6141,24.0,0.614,7.0,0.6147,14.0,0.6148,14.0
1753533294727,12:34:54.727,DRIFT/USDT:USDT,0.6141,24.0,0.614,7.0,0.6147,14.0,0.6148,14.0
1753533295148,12:34:55.148,DRIFT/USDT:USDT,0.6141,24.0,0.614,11.0,0.6147,14.0,0.6148,14.0
1753533297211,12:34:57.211,DRIFT/USDT:USDT,0.6141,30.0,0.614,31.0,0.6147,14.0,0.6148,14.0
1753533297357,12:34:57.357,DRIFT/USDT:USDT,0.6141,30.0,0.614,31.0,0.6147,14.0,0.6148,14.0
1753533297656,12:34:57.656,DRIFT/USDT:USDT,0.6141,30.0,0.614,31.0,0.6147,14.0,0.6148,14.0
1753533298075,12:34:58.075,DRIFT/USDT:USDT,0.6141,30.0,0.614,31.0,0.6147,14.0,0.6148,14.0
1753533298892,12:34:58.892,DRIFT/USDT:USDT,0.6141,30.0,0.614,31.0,0.6147,14.0,0.6148,14.0
1753533299220,12:34:59.220,DRIFT/USDT:USDT,0.6141,30.0,0.614,31.0,0.6147,9.0,0.6148,14.0
1753533299527,12:34:59.527,DRIFT/USDT:USDT,0.6141,30.0,0.614,31.0,0.6147,9.0,0.6148,14.0
1753533299949,12:34:59.949,DRIFT/USDT:USDT,0.6141,34.0,0.614,31.0,0.6148,9.0,0.6149,14.0
1753533300032,12:35:00.032,DRIFT/USDT:USDT,0.6141,34.0,0.614,31.0,0.6149,10.0,0.615,52.0
1753533300107,12:35:00.107,DRIFT/USDT:USDT,0.6141,10.0,0.614,31.0,0.6149,10.0,0.615,52.0
1753533300175,12:35:00.175,DRIFT/USDT:USDT,0.6142,40.0,0.6141,10.0,0.6149,10.0,0.615,52.0
1753533300337,12:35:00.337,DRIFT/USDT:USDT,0.6142,40.0,0.6141,10.0,0.6149,26.0,0.615,52.0
1753533300424,12:35:00.424,DRIFT/USDT:USDT,0.6141,10.0,0.614,31.0,0.6149,30.0,0.615,52.0
1753533300921,12:35:00.921,DRIFT/USDT:USDT,0.6141,10.0,0.614,31.0,0.6149,30.0,0.615,52.0
1753533302574,12:35:02.574,DRIFT/USDT:USDT,0.6142,40.0,0.6141,10.0,0.6149,30.0,0.615,52.0
1753533302794,12:35:02.794,DRIFT/USDT:USDT,0.6142,40.0,0.6141,10.0,0.6149,30.0,0.615,52.0
1753533302947,12:35:02.947,DRIFT/USDT:USDT,0.6141,6.0,0.614,31.0,0.6149,30.0,0.615,52.0
1753533303756,12:35:03.756,DRIFT/USDT:USDT,0.6141,10.0,0.614,31.0,0.6149,30.0,0.615,52.0
1753533304326,12:35:04.326,DRIFT/USDT:USDT,0.6141,10.0,0.614,31.0,0.6149,30.0,0.615,52.0
1753533304981,12:35:04.981,DRIFT/USDT:USDT,0.6141,10.0,0.614,31.0,0.6149,30.0,0.615,52.0
1753533305797,12:35:05.797,DRIFT/USDT:USDT,0.6141,6.0,0.614,31.0,0.6149,30.0,0.615,52.0
1753533307017,12:35:07.017,DRIFT/USDT:USDT,0.6141,6.0,0.614,31.0,0.6149,30.0,0.615,52.0
1753533307432,12:35:07.432,DRIFT/USDT:USDT,0.6141,6.0,0.614,31.0,0.6149,30.0,0.615,52.0
1753533309135,12:35:09.135,DRIFT/USDT:USDT,0.6141,6.0,0.614,31.0,0.6149,30.0,0.615,52.0
1753533309657,12:35:09.657,DRIFT/USDT:USDT,0.6141,6.0,0.614,31.0,0.6149,30.0,0.615,52.0
1753533310463,12:35:10.463,DRIFT/USDT:USDT,0.6141,6.0,0.614,31.0,0.6148,4.0,0.6149,30.0
1753533310652,12:35:10.652,DRIFT/USDT:USDT,0.6141,6.0,0.614,31.0,0.6148,4.0,0.6149,30.0
1753533311355,12:35:11.355,DRIFT/USDT:USDT,0.6141,6.0,0.614,31.0,0.6148,4.0,0.6149,30.0
1753533313075,12:35:13.075,DRIFT/USDT:USDT,0.6141,6.0,0.614,31.0,0.6148,4.0,0.6149,30.0
1753533313927,12:35:13.927,DRIFT/USDT:USDT,0.6141,6.0,0.614,31.0,0.6148,4.0,0.6149,30.0
1753533314217,12:35:14.217,DRIFT/USDT:USDT,0.6141,6.0,0.614,31.0,0.6148,4.0,0.6149,30.0
1753533314251,12:35:14.251,DRIFT/USDT:USDT,0.6141,6.0,0.614,31.0,0.6148,4.0,0.6149,30.0
1753533314701,12:35:14.701,DRIFT/USDT:USDT,0.6141,6.0,0.614,31.0,0.6148,4.0,0.6149,30.0
1753533315114,12:35:15.114,DRIFT/USDT:USDT,0.6141,6.0,0.614,31.0,0.6148,4.0,0.6149,30.0
1753533316273,12:35:16.273,DRIFT/USDT:USDT,0.6141,6.0,0.614,31.0,0.6148,4.0,0.6149,30.0
1753533316739,12:35:16.739,DRIFT/USDT:USDT,0.6141,6.0,0.614,31.0,0.6148,4.0,0.6149,30.0
1753533317794,12:35:17.794,DRIFT/USDT:USDT,0.6141,6.0,0.614,31.0,0.6148,4.0,0.6149,30.0
1753533317972,12:35:17.972,DRIFT/USDT:USDT,0.6141,6.0,0.614,31.0,0.6148,4.0,0.6149,30.0
1753533318727,12:35:18.727,DRIFT/USDT:USDT,0.6141,6.0,0.614,31.0,0.6148,4.0,0.6149,30.0
1753533318812,12:35:18.812,DRIFT/USDT:USDT,0.6141,6.0,0.614,31.0,0.6148,4.0,0.6149,30.0
1753533318890,12:35:18.890,DRIFT/USDT:USDT,0.6141,6.0,0.614,31.0,0.6148,4.0,0.6149,30.0
1753533319177,12:35:19.177,DRIFT/USDT:USDT,0.6141,6.0,0.614,31.0,0.6148,4.0,0.6149,30.0
1753533319519,12:35:19.519,DRIFT/USDT:USDT,0.6141,6.0,0.614,31.0,0.6148,4.0,0.6149,30.0
1753533319936,12:35:19.936,DRIFT/USDT:USDT,0.6141,6.0,0.614,31.0,0.6148,4.0,0.6149,30.0
1753533319968,12:35:19.968,DRIFT/USDT:USDT,0.6141,6.0,0.614,31.0,0.6148,4.0,0.6149,30.0
1753533320810,12:35:20.810,DRIFT/USDT:USDT,0.6141,6.0,0.614,31.0,0.6148,4.0,0.6149,30.0
1753533322244,12:35:22.244,DRIFT/USDT:USDT,0.6141,6.0,0.614,31.0,0.6148,4.0,0.6149,30.0
1753533322816,12:35:22.816,DRIFT/USDT:USDT,0.6141,6.0,0.614,31.0,0.6148,4.0,0.6149,30.0
1753533323804,12:35:23.804,DRIFT/USDT:USDT,0.6141,6.0,0.614,31.0,0.6148,4.0,0.6149,30.0
1753533323942,12:35:23.942,DRIFT/USDT:USDT,0.6141,6.0,0.614,31.0,0.6148,4.0,0.6149,30.0
1753533323976,12:35:23.976,DRIFT/USDT:USDT,0.6141,6.0,0.614,31.0,0.6148,4.0,0.6149,30.0
1753533324698,12:35:24.698,DRIFT/USDT:USDT,0.6141,6.0,0.614,31.0,0.6148,4.0,0.6149,30.0
1753533326846,12:35:26.846,DRIFT/USDT:USDT,0.614,7.0,0.6139,40.0,0.6145,12.0,0.6146,24.0
1753533326863,12:35:26.863,DRIFT/USDT:USDT,0.6141,25.0,0.614,7.0,0.6145,12.0,0.6146,24.0
1753533327025,12:35:27.025,DRIFT/USDT:USDT,0.6141,25.0,0.614,7.0,0.6145,12.0,0.6146,24.0
1753533327137,12:35:27.137,DRIFT/USDT:USDT,0.6141,25.0,0.614,7.0,0.6145,12.0,0.6146,24.0
1753533327273,12:35:27.273,DRIFT/USDT:USDT,0.6141,25.0,0.614,7.0,0.6145,12.0,0.6146,24.0
1753533327904,12:35:27.904,DRIFT/USDT:USDT,0.6141,25.0,0.614,7.0,0.6145,12.0,0.6146,24.0
1753533328243,12:35:28.243,DRIFT/USDT:USDT,0.6141,25.0,0.614,7.0,0.6145,12.0,0.6146,24.0
1753533328513,12:35:28.513,DRIFT/USDT:USDT,0.6141,25.0,0.614,7.0,0.6145,12.0,0.6146,24.0
1753533328927,12:35:28.927,DRIFT/USDT:USDT,0.6141,25.0,0.614,7.0,0.6145,12.0,0.6146,24.0
1753533329215,12:35:29.215,DRIFT/USDT:USDT,0.6141,25.0,0.614,7.0,0.6145,12.0,0.6146,24.0
1753533329806,12:35:29.806,DRIFT/USDT:USDT,0.6141,25.0,0.614,7.0,0.6145,12.0,0.6146,24.0
1753533330144,12:35:30.144,DRIFT/USDT:USDT,0.6141,25.0,0.614,7.0,0.6145,12.0,0.6146,24.0
1753533330321,12:35:30.321,DRIFT/USDT:USDT,0.6141,25.0,0.614,7.0,0.6145,12.0,0.6146,24.0
1753533330352,12:35:30.352,DRIFT/USDT:USDT,0.6141,25.0,0.614,7.0,0.6145,12.0,0.6146,24.0
1753533332817,12:35:32.817,DRIFT/USDT:USDT,0.6141,25.0,0.614,7.0,0.6145,12.0,0.6146,24.0
1753533333731,12:35:33.731,DRIFT/USDT:USDT,0.6141,25.0,0.614,7.0,0.6145,12.0,0.6146,24.0
1753533334175,12:35:34.175,DRIFT/USDT:USDT,0.6141,25.0,0.614,7.0,0.6145,12.0,0.6146,24.0
1753533335819,12:35:35.819,DRIFT/USDT:USDT,0.6141,25.0,0.614,7.0,0.6145,12.0,0.6146,24.0
1753533336196,12:35:36.196,DRIFT/USDT:USDT,0.6141,25.0,0.614,7.0,0.6145,12.0,0.6146,24.0
1753533336375,12:35:36.375,DRIFT/USDT:USDT,0.6141,25.0,0.614,7.0,0.6145,12.0,0.6146,24.0
1753533338305,12:35:38.305,DRIFT/USDT:USDT,0.6141,25.0,0.614,11.0,0.6145,12.0,0.6146,24.0
1753533338530,12:35:38.530,DRIFT/USDT:USDT,0.6141,25.0,0.614,11.0,0.6145,12.0,0.6146,24.0
1753533338795,12:35:38.795,DRIFT/USDT:USDT,0.6141,25.0,0.614,11.0,0.6145,12.0,0.6146,24.0
1753533339043,12:35:39.043,DRIFT/USDT:USDT,0.6141,25.0,0.614,11.0,0.6145,12.0,0.6146,24.0
1753533339548,12:35:39.548,DRIFT/USDT:USDT,0.6141,25.0,0.614,11.0,0.6145,12.0,0.6146,24.0
1753533340038,12:35:40.038,DRIFT/USDT:USDT,0.6141,25.0,0.614,11.0,0.6145,12.0,0.6146,24.0
1753533341088,12:35:41.088,DRIFT/USDT:USDT,0.6141,25.0,0.614,11.0,0.6145,12.0,0.6146,24.0
1753533341795,12:35:41.795,DRIFT/USDT:USDT,0.6141,25.0,0.614,11.0,0.6145,12.0,0.6146,24.0
1753533341996,12:35:41.996,DRIFT/USDT:USDT,0.6141,25.0,0.614,11.0,0.6145,12.0,0.6146,24.0
1753533342409,12:35:42.409,DRIFT/USDT:USDT,0.6141,25.0,0.614,11.0,0.6145,12.0,0.6146,24.0
1753533343331,12:35:43.331,DRIFT/USDT:USDT,0.6141,25.0,0.614,11.0,0.6145,12.0,0.6146,24.0
1753533344054,12:35:44.054,DRIFT/USDT:USDT,0.6141,25.0,0.614,11.0,0.6145,12.0,0.6146,24.0
1753533344250,12:35:44.250,DRIFT/USDT:USDT,0.6141,25.0,0.614,11.0,0.6145,12.0,0.6146,24.0
1753533344254,12:35:44.254,DRIFT/USDT:USDT,0.6141,25.0,0.614,4.0,0.6145,12.0,0.6146,24.0
1753533344797,12:35:44.797,DRIFT/USDT:USDT,0.6141,25.0,0.6139,40.0,0.6145,12.0,0.6146,24.0
1753533345085,12:35:45.085,DRIFT/USDT:USDT,0.6141,25.0,0.6139,40.0,0.6145,12.0,0.6146,24.0
1753533345817,12:35:45.817,DRIFT/USDT:USDT,0.6141,25.0,0.6139,40.0,0.6145,12.0,0.6146,24.0
1753533347804,12:35:47.804,DRIFT/USDT:USDT,0.6141,25.0,0.614,12.0,0.6145,12.0,0.6146,24.0
1753533348130,12:35:48.130,DRIFT/USDT:USDT,0.6141,25.0,0.614,12.0,0.6145,12.0,0.6146,24.0
1753533350080,12:35:50.080,DRIFT/USDT:USDT,0.6141,25.0,0.614,12.0,0.6145,12.0,0.6146,24.0
1753533350804,12:35:50.804,DRIFT/USDT:USDT,0.6141,25.0,0.614,12.0,0.6145,12.0,0.6146,24.0
1753533350860,12:35:50.860,DRIFT/USDT:USDT,0.6141,25.0,0.614,12.0,0.6145,12.0,0.6146,24.0
1753533351132,12:35:51.132,DRIFT/USDT:USDT,0.6141,25.0,0.614,12.0,0.6145,12.0,0.6146,24.0
1753533352296,12:35:52.296,DRIFT/USDT:USDT,0.6141,25.0,0.614,17.0,0.6145,12.0,0.6146,24.0
1753533352930,12:35:52.930,DRIFT/USDT:USDT,0.6141,25.0,0.614,17.0,0.6145,12.0,0.6146,24.0
1753533353049,12:35:53.049,DRIFT/USDT:USDT,0.6141,25.0,0.614,17.0,0.6145,12.0,0.6146,24.0
1753533354510,12:35:54.510,DRIFT/USDT:USDT,0.6141,25.0,0.614,17.0,0.6145,12.0,0.6146,24.0
1753533357001,12:35:57.001,DRIFT/USDT:USDT,0.6141,25.0,0.614,17.0,0.6145,12.0,0.6146,24.0
1753533357731,12:35:57.731,DRIFT/USDT:USDT,0.6141,25.0,0.614,17.0,0.6145,12.0,0.6146,24.0
1753533359804,12:35:59.804,DRIFT/USDT:USDT,0.6141,25.0,0.614,17.0,0.6145,12.0,0.6146,24.0
1753533360177,12:36:00.177,DRIFT/USDT:USDT,0.6141,25.0,0.614,17.0,0.6145,12.0,0.6146,24.0
1753533361224,12:36:01.224,DRIFT/USDT:USDT,0.6141,25.0,0.614,17.0,0.6145,12.0,0.6146,24.0
1753533361601,12:36:01.601,DRIFT/USDT:USDT,0.6141,25.0,0.614,17.0,0.6145,12.0,0.6146,24.0
1753533362531,12:36:02.531,DRIFT/USDT:USDT,0.6141,25.0,0.614,17.0,0.6145,12.0,0.6146,24.0
1753533362804,12:36:02.804,DRIFT/USDT:USDT,0.6141,25.0,0.614,17.0,0.6144,12.0,0.6145,12.0
1753533362980,12:36:02.980,DRIFT/USDT:USDT,0.6141,25.0,0.614,17.0,0.6144,12.0,0.6145,12.0
1753533363163,12:36:03.163,DRIFT/USDT:USDT,0.6144,24.0,0.6141,25.0,0.6145,12.0,0.6146,29.0
1753533363269,12:36:03.269,DRIFT/USDT:USDT,0.6144,24.0,0.614,17.0,0.6145,12.0,0.6146,29.0
1753533363394,12:36:03.394,DRIFT/USDT:USDT,0.6144,24.0,0.614,5.0,0.6145,12.0,0.6146,29.0
1753533363916,12:36:03.916,DRIFT/USDT:USDT,0.6144,24.0,0.614,5.0,0.6145,12.0,0.6146,29.0
1753533364347,12:36:04.347,DRIFT/USDT:USDT,0.6144,24.0,0.614,5.0,0.6145,12.0,0.6146,29.0
1753533364502,12:36:04.502,DRIFT/USDT:USDT,0.6144,24.0,0.614,5.0,0.6145,12.0,0.6146,29.0
1753533364631,12:36:04.631,DRIFT/USDT:USDT,0.614,12.0,0.6139,40.0,0.6145,12.0,0.6146,29.0
1753533364665,12:36:04.665,DRIFT/USDT:USDT,0.614,12.0,0.6139,40.0,0.6145,12.0,0.6146,29.0
1753533366067,12:36:06.067,DRIFT/USDT:USDT,0.614,12.0,0.6139,40.0,0.6145,12.0,0.6146,29.0
1753533366250,12:36:06.250,DRIFT/USDT:USDT,0.614,12.0,0.6139,40.0,0.6145,12.0,0.6146,29.0
1753533366318,12:36:06.318,DRIFT/USDT:USDT,0.614,12.0,0.6139,40.0,0.6145,12.0,0.6146,29.0
1753533367333,12:36:07.333,DRIFT/USDT:USDT,0.614,12.0,0.6139,40.0,0.6145,12.0,0.6146,29.0
1753533369256,12:36:09.256,DRIFT/USDT:USDT,0.614,12.0,0.6139,40.0,0.6145,12.0,0.6146,29.0
1753533371252,12:36:11.252,DRIFT/USDT:USDT,0.614,12.0,0.6139,40.0,0.6145,12.0,0.6146,29.0
1753533371427,12:36:11.427,DRIFT/USDT:USDT,0.614,12.0,0.6139,40.0,0.6145,12.0,0.6146,29.0
1753533371795,12:36:11.795,DRIFT/USDT:USDT,0.614,12.0,0.6139,40.0,0.6145,12.0,0.6146,29.0
1753533372145,12:36:12.145,DRIFT/USDT:USDT,0.614,12.0,0.6139,40.0,0.6145,12.0,0.6146,29.0
1753533372242,12:36:12.242,DRIFT/USDT:USDT,0.614,12.0,0.6139,40.0,0.6145,12.0,0.6146,29.0
1753533373917,12:36:13.917,DRIFT/USDT:USDT,0.614,12.0,0.6139,40.0,0.6145,12.0,0.6146,29.0
1753533374482,12:36:14.482,DRIFT/USDT:USDT,0.614,12.0,0.6139,40.0,0.6145,12.0,0.6146,29.0
1753533374795,12:36:14.795,DRIFT/USDT:USDT,0.614,12.0,0.6139,40.0,0.6145,12.0,0.6146,29.0
1753533375066,12:36:15.066,DRIFT/USDT:USDT,0.614,12.0,0.6139,40.0,0.6145,12.0,0.6146,29.0
1753533376249,12:36:16.249,DRIFT/USDT:USDT,0.614,12.0,0.6139,40.0,0.6145,12.0,0.6146,29.0
1753533376288,12:36:16.288,DRIFT/USDT:USDT,0.614,12.0,0.6139,40.0,0.6145,12.0,0.6146,29.0
1753533376585,12:36:16.585,DRIFT/USDT:USDT,0.614,12.0,0.6139,40.0,0.6145,12.0,0.6146,29.0
1753533376931,12:36:16.931,DRIFT/USDT:USDT,0.614,12.0,0.6139,40.0,0.6145,12.0,0.6146,29.0
1753533377817,12:36:17.817,DRIFT/USDT:USDT,0.614,12.0,0.6139,40.0,0.6145,12.0,0.6146,29.0
1753533378192,12:36:18.192,DRIFT/USDT:USDT,0.614,12.0,0.6139,40.0,0.6145,12.0,0.6146,29.0
1753533380805,12:36:20.805,DRIFT/USDT:USDT,0.614,12.0,0.6139,40.0,0.6145,12.0,0.6146,29.0
1753533381248,12:36:21.248,DRIFT/USDT:USDT,0.614,12.0,0.6139,40.0,0.6145,12.0,0.6146,29.0
1753533381731,12:36:21.731,DRIFT/USDT:USDT,0.614,12.0,0.6139,40.0,0.6145,12.0,0.6146,29.0
1753533382458,12:36:22.458,DRIFT/USDT:USDT,0.614,12.0,0.6139,40.0,0.6145,12.0,0.6146,29.0
1753533383802,12:36:23.802,DRIFT/USDT:USDT,0.614,12.0,0.6139,40.0,0.6145,12.0,0.6146,29.0
1753533383946,12:36:23.946,DRIFT/USDT:USDT,0.614,12.0,0.6139,40.0,0.6145,12.0,0.6146,29.0
1753533384017,12:36:24.017,DRIFT/USDT:USDT,0.614,12.0,0.6139,40.0,0.6145,12.0,0.6146,29.0
1753533384352,12:36:24.352,DRIFT/USDT:USDT,0.614,12.0,0.6139,40.0,0.6145,12.0,0.6146,29.0
1753533385042,12:36:25.042,DRIFT/USDT:USDT,0.6141,5.0,0.614,12.0,0.6149,14.0,0.615,4.0
1753533385057,12:36:25.057,DRIFT/USDT:USDT,0.6141,5.0,0.614,12.0,0.6149,14.0,0.615,4.0
1753533385191,12:36:25.191,DRIFT/USDT:USDT,0.6141,5.0,0.614,12.0,0.6149,14.0,0.615,4.0
1753533385778,12:36:25.778,DRIFT/USDT:USDT,0.6141,5.0,0.614,12.0,0.6149,14.0,0.615,4.0
1753533386040,12:36:26.040,DRIFT/USDT:USDT,0.6141,5.0,0.614,12.0,0.6149,14.0,0.6151,4.0
1753533386224,12:36:26.224,DRIFT/USDT:USDT,0.6141,5.0,0.614,12.0,0.6149,14.0,0.6151,4.0
1753533386531,12:36:26.531,DRIFT/USDT:USDT,0.6141,5.0,0.614,12.0,0.6149,14.0,0.6151,4.0
1753533386662,12:36:26.662,DRIFT/USDT:USDT,0.6141,5.0,0.614,12.0,0.6151,4.0,0.6152,14.0
1753533386798,12:36:26.798,DRIFT/USDT:USDT,0.6141,5.0,0.614,12.0,0.6151,4.0,0.6152,14.0
1753533387232,12:36:27.232,DRIFT/USDT:USDT,0.6141,5.0,0.614,12.0,0.6151,4.0,0.6152,61.0
1753533387343,12:36:27.343,DRIFT/USDT:USDT,0.6141,5.0,0.614,12.0,0.6151,4.0,0.6152,61.0
1753533387754,12:36:27.754,DRIFT/USDT:USDT,0.6141,5.0,0.614,12.0,0.6151,4.0,0.6152,61.0
1753533388810,12:36:28.810,DRIFT/USDT:USDT,0.6141,5.0,0.614,12.0,0.6151,4.0,0.6152,61.0
1753533389193,12:36:29.193,DRIFT/USDT:USDT,0.6141,5.0,0.614,12.0,0.6151,4.0,0.6152,61.0
1753533389700,12:36:29.700,DRIFT/USDT:USDT,0.6141,5.0,0.614,12.0,0.6151,4.0,0.6152,61.0
1753533389804,12:36:29.804,DRIFT/USDT:USDT,0.6141,5.0,0.614,12.0,0.6151,4.0,0.6152,61.0
1753533390399,12:36:30.399,DRIFT/USDT:USDT,0.6141,5.0,0.614,12.0,0.6151,4.0,0.6152,61.0
1753533390967,12:36:30.967,DRIFT/USDT:USDT,0.6141,5.0,0.614,12.0,0.6151,4.0,0.6152,61.0
1753533391235,12:36:31.235,DRIFT/USDT:USDT,0.6141,5.0,0.614,12.0,0.6151,4.0,0.6152,61.0
1753533391333,12:36:31.333,DRIFT/USDT:USDT,0.6141,5.0,0.614,12.0,0.6151,4.0,0.6152,61.0
1753533391774,12:36:31.774,DRIFT/USDT:USDT,0.6141,5.0,0.614,12.0,0.6151,4.0,0.6152,61.0
1753533392083,12:36:32.083,DRIFT/USDT:USDT,0.6141,5.0,0.614,12.0,0.6151,4.0,0.6152,61.0
1753533392802,12:36:32.802,DRIFT/USDT:USDT,0.6141,5.0,0.614,12.0,0.6151,4.0,0.6152,61.0
1753533393765,12:36:33.765,DRIFT/USDT:USDT,0.6141,5.0,0.614,12.0,0.6151,4.0,0.6152,61.0
1753533395796,12:36:35.796,DRIFT/USDT:USDT,0.6141,5.0,0.614,12.0,0.6151,4.0,0.6152,61.0
1753533396132,12:36:36.132,DRIFT/USDT:USDT,0.6141,5.0,0.614,12.0,0.6151,4.0,0.6152,61.0
1753533396328,12:36:36.328,DRIFT/USDT:USDT,0.6141,5.0,0.614,12.0,0.6151,4.0,0.6152,61.0
1753533396428,12:36:36.428,DRIFT/USDT:USDT,0.6141,5.0,0.614,12.0,0.6151,4.0,0.6152,61.0
1753533396828,12:36:36.828,DRIFT/USDT:USDT,0.6141,5.0,0.614,12.0,0.6151,4.0,0.6152,61.0
1753533397786,12:36:37.786,DRIFT/USDT:USDT,0.6141,5.0,0.614,12.0,0.6151,4.0,0.6152,61.0
1753533398803,12:36:38.803,DRIFT/USDT:USDT,0.6141,5.0,0.614,12.0,0.6151,4.0,0.6152,61.0
1753533399727,12:36:39.727,DRIFT/USDT:USDT,0.6141,5.0,0.614,12.0,0.6151,4.0,0.6152,61.0
1753533399801,12:36:39.801,DRIFT/USDT:USDT,0.6141,5.0,0.614,12.0,0.6151,4.0,0.6152,61.0
1753533400101,12:36:40.101,DRIFT/USDT:USDT,0.6141,5.0,0.614,12.0,0.6151,4.0,0.6152,61.0
1753533400932,12:36:40.932,DRIFT/USDT:USDT,0.6141,5.0,0.614,12.0,0.6151,4.0,0.6152,61.0
1753533401222,12:36:41.222,DRIFT/USDT:USDT,0.6141,5.0,0.614,12.0,0.6151,4.0,0.6152,61.0
1753533401802,12:36:41.802,DRIFT/USDT:USDT,0.6141,5.0,0.614,12.0,0.6151,4.0,0.6152,61.0
1753533403797,12:36:43.797,DRIFT/USDT:USDT,0.6141,5.0,0.614,12.0,0.6151,4.0,0.6152,61.0
1753533404007,12:36:44.007,DRIFT/USDT:USDT,0.6141,5.0,0.614,12.0,0.6151,4.0,0.6152,61.0
1753533404294,12:36:44.294,DRIFT/USDT:USDT,0.6143,4.0,0.6142,40.0,0.6151,11.0,0.6152,61.0
1753533404351,12:36:44.351,DRIFT/USDT:USDT,0.6143,4.0,0.6142,40.0,0.6151,11.0,0.6152,61.0
1753533404479,12:36:44.479,DRIFT/USDT:USDT,0.6143,4.0,0.6142,40.0,0.6151,11.0,0.6152,61.0
1753533404795,12:36:44.795,DRIFT/USDT:USDT,0.6143,4.0,0.6142,40.0,0.6151,11.0,0.6152,61.0
1753533404882,12:36:44.882,DRIFT/USDT:USDT,0.6143,4.0,0.6142,40.0,0.6151,11.0,0.6152,61.0
1753533405097,12:36:45.097,DRIFT/USDT:USDT,0.6143,4.0,0.6142,40.0,0.6151,11.0,0.6152,61.0
1753533405207,12:36:45.207,DRIFT/USDT:USDT,0.6141,5.0,0.614,12.0,0.6151,11.0,0.6152,61.0
1753533405286,12:36:45.286,DRIFT/USDT:USDT,0.6143,4.0,0.6142,40.0,0.6151,11.0,0.6152,61.0
1753533405494,12:36:45.494,DRIFT/USDT:USDT,0.6141,5.0,0.614,12.0,0.6151,11.0,0.6152,61.0
1753533405732,12:36:45.732,DRIFT/USDT:USDT,0.6141,5.0,0.614,12.0,0.6151,11.0,0.6152,61.0
1753533405877,12:36:45.877,DRIFT/USDT:USDT,0.6143,4.0,0.6142,40.0,0.6151,11.0,0.6152,61.0
1753533406094,12:36:46.094,DRIFT/USDT:USDT,0.6141,5.0,0.614,12.0,0.6151,18.0,0.6152,61.0
1753533406247,12:36:46.247,DRIFT/USDT:USDT,0.6143,4.0,0.6142,40.0,0.6151,18.0,0.6152,61.0
1753533406426,12:36:46.426,DRIFT/USDT:USDT,0.6143,4.0,0.6142,40.0,0.6151,18.0,0.6152,61.0
1753533407160,12:36:47.160,DRIFT/USDT:USDT,0.6143,4.0,0.6142,40.0,0.615,4.0,0.6151,18.0
1753533407823,12:36:47.823,DRIFT/USDT:USDT,0.6143,4.0,0.6142,40.0,0.6148,12.0,0.6149,12.0
1753533407969,12:36:47.969,DRIFT/USDT:USDT,0.6143,10.0,0.6142,58.0,0.6148,12.0,0.6149,12.0
1753533408149,12:36:48.149,DRIFT/USDT:USDT,0.6143,10.0,0.6142,58.0,0.6148,12.0,0.6149,12.0
1753533408175,12:36:48.175,DRIFT/USDT:USDT,0.6143,10.0,0.6142,18.0,0.6148,12.0,0.6149,12.0
1753533409457,12:36:49.457,DRIFT/USDT:USDT,0.6143,10.0,0.6142,18.0,0.6148,12.0,0.6149,12.0
1753533410533,12:36:50.533,DRIFT/USDT:USDT,0.6143,10.0,0.6142,18.0,0.6148,12.0,0.6149,12.0
1753533410666,12:36:50.666,DRIFT/USDT:USDT,0.6143,10.0,0.6142,18.0,0.6148,12.0,0.6149,12.0
1753533410804,12:36:50.804,DRIFT/USDT:USDT,0.6143,10.0,0.6142,18.0,0.6148,12.0,0.6149,12.0
1753533411227,12:36:51.227,DRIFT/USDT:USDT,0.6143,10.0,0.6142,18.0,0.6148,12.0,0.6149,12.0
1753533413814,12:36:53.814,DRIFT/USDT:USDT,0.6143,10.0,0.6142,18.0,0.6148,12.0,0.6149,12.0
1753533414399,12:36:54.399,DRIFT/USDT:USDT,0.6143,10.0,0.6142,18.0,0.6148,12.0,0.6149,24.0
1753533415333,12:36:55.333,DRIFT/USDT:USDT,0.6143,10.0,0.6142,18.0,0.6148,12.0,0.6149,24.0
1753533415705,12:36:55.705,DRIFT/USDT:USDT,0.6143,10.0,0.6142,18.0,0.6148,12.0,0.6149,24.0
1753533416234,12:36:56.234,DRIFT/USDT:USDT,0.614,5.0,0.6139,89.0,0.6149,12.0,0.6151,4.0
1753533416327,12:36:56.327,DRIFT/USDT:USDT,0.6141,4.0,0.614,15.0,0.6149,12.0,0.6151,4.0
1753533416599,12:36:56.599,DRIFT/USDT:USDT,0.6141,4.0,0.614,15.0,0.6149,12.0,0.6151,4.0
1753533416795,12:36:56.795,DRIFT/USDT:USDT,0.6141,4.0,0.614,15.0,0.6149,12.0,0.6151,4.0
1753533417418,12:36:57.418,DRIFT/USDT:USDT,0.6141,4.0,0.614,15.0,0.6149,19.0,0.6151,4.0
1753533417464,12:36:57.464,DRIFT/USDT:USDT,0.6141,4.0,0.614,15.0,0.6149,19.0,0.6151,4.0
1753533418110,12:36:58.110,DRIFT/USDT:USDT,0.6141,4.0,0.614,15.0,0.6149,19.0,0.6151,4.0
1753533418228,12:36:58.228,DRIFT/USDT:USDT,0.6141,4.0,0.614,15.0,0.6149,19.0,0.6151,4.0
1753533418268,12:36:58.268,DRIFT/USDT:USDT,0.6141,4.0,0.614,15.0,0.6149,19.0,0.6151,4.0
1753533419299,12:36:59.299,DRIFT/USDT:USDT,0.6143,4.0,0.6142,46.0,0.6149,19.0,0.6151,4.0
1753533419367,12:36:59.367,DRIFT/USDT:USDT,0.6143,4.0,0.6142,46.0,0.6149,19.0,0.6151,4.0
1753533419795,12:36:59.795,DRIFT/USDT:USDT,0.6143,4.0,0.6142,46.0,0.6149,19.0,0.6151,4.0
1753533419873,12:36:59.873,DRIFT/USDT:USDT,0.6143,4.0,0.6142,46.0,0.6149,7.0,0.6151,4.0
1753533420132,12:37:00.132,DRIFT/USDT:USDT,0.6143,4.0,0.6142,46.0,0.6149,7.0,0.6151,4.0
1753533421343,12:37:01.343,DRIFT/USDT:USDT,0.6143,4.0,0.6142,46.0,0.6152,14.0,0.6153,54.0
1753533421411,12:37:01.411,DRIFT/USDT:USDT,0.6143,4.0,0.6142,46.0,0.6152,10.0,0.6153,14.0
1753533421542,12:37:01.542,DRIFT/USDT:USDT,0.6143,4.0,0.6142,46.0,0.6152,10.0,0.6153,14.0
1753533421580,12:37:01.580,DRIFT/USDT:USDT,0.6143,4.0,0.6142,46.0,0.6152,10.0,0.6153,14.0
1753533421718,12:37:01.718,DRIFT/USDT:USDT,0.6147,5.0,0.6146,6.0,0.6152,10.0,0.6153,10.0
1753533421833,12:37:01.833,DRIFT/USDT:USDT,0.6147,5.0,0.6146,6.0,0.6152,10.0,0.6153,10.0
1753533421882,12:37:01.882,DRIFT/USDT:USDT,0.6147,5.0,0.6146,6.0,0.6152,10.0,0.6153,10.0
1753533422274,12:37:02.274,DRIFT/USDT:USDT,0.6147,5.0,0.6146,6.0,0.6153,10.0,0.6154,38.0
1753533422803,12:37:02.803,DRIFT/USDT:USDT,0.6147,5.0,0.6146,6.0,0.6153,10.0,0.6154,38.0
1753533423835,12:37:03.835,DRIFT/USDT:USDT,0.6147,5.0,0.6146,6.0,0.6153,10.0,0.6154,38.0
1753533423881,12:37:03.881,DRIFT/USDT:USDT,0.6147,5.0,0.6146,6.0,0.6153,10.0,0.6154,38.0
1753533424175,12:37:04.175,DRIFT/USDT:USDT,0.6147,5.0,0.6146,6.0,0.6153,15.0,0.6154,38.0
1753533424335,12:37:04.335,DRIFT/USDT:USDT,0.6147,5.0,0.6146,6.0,0.6153,15.0,0.6154,38.0
1753533424518,12:37:04.518,DRIFT/USDT:USDT,0.6147,5.0,0.6146,6.0,0.6153,15.0,0.6154,38.0
1753533424933,12:37:04.933,DRIFT/USDT:USDT,0.6147,5.0,0.6146,6.0,0.6153,15.0,0.6154,38.0
1753533425811,12:37:05.811,DRIFT/USDT:USDT,0.6146,11.0,0.6143,14.0,0.6153,15.0,0.6154,38.0
1753533426451,12:37:06.451,DRIFT/USDT:USDT,0.6146,11.0,0.6143,14.0,0.6153,15.0,0.6154,38.0
1753533428833,12:37:08.833,DRIFT/USDT:USDT,0.6146,11.0,0.6143,14.0,0.6153,15.0,0.6154,38.0
1753533429733,12:37:09.733,DRIFT/USDT:USDT,0.6146,11.0,0.6143,14.0,0.6153,15.0,0.6154,38.0
1753533431144,12:37:11.144,DRIFT/USDT:USDT,0.6146,11.0,0.6143,14.0,0.6153,15.0,0.6154,38.0
1753533431223,12:37:11.223,DRIFT/USDT:USDT,0.6146,11.0,0.6143,14.0,0.6153,15.0,0.6154,38.0
1753533431795,12:37:11.795,DRIFT/USDT:USDT,0.6146,11.0,0.6143,14.0,0.6153,15.0,0.6154,38.0
1753533431894,12:37:11.894,DRIFT/USDT:USDT,0.6146,11.0,0.6143,14.0,0.6153,15.0,0.6154,38.0
1753533434336,12:37:14.336,DRIFT/USDT:USDT,0.6146,11.0,0.6143,14.0,0.6153,15.0,0.6154,38.0
1753533434533,12:37:14.533,DRIFT/USDT:USDT,0.6146,11.0,0.6143,14.0,0.6153,15.0,0.6154,38.0
1753533434836,12:37:14.836,DRIFT/USDT:USDT,0.6146,11.0,0.6143,60.0,0.6153,15.0,0.6154,38.0
1753533434975,12:37:14.975,DRIFT/USDT:USDT,0.6146,11.0,0.6143,60.0,0.6153,15.0,0.6154,38.0
1753533435176,12:37:15.176,DRIFT/USDT:USDT,0.6146,11.0,0.6143,60.0,0.6153,15.0,0.6154,78.0
1753533435712,12:37:15.712,DRIFT/USDT:USDT,0.6146,11.0,0.6143,60.0,0.6153,15.0,0.6154,38.0
1753533436308,12:37:16.308,DRIFT/USDT:USDT,0.6147,4.0,0.6146,11.0,0.6153,10.0,0.6154,38.0
1753533436373,12:37:16.373,DRIFT/USDT:USDT,0.6147,4.0,0.6146,11.0,0.6153,10.0,0.6154,38.0
1753533437339,12:37:17.339,DRIFT/USDT:USDT,0.6147,4.0,0.6146,11.0,0.6153,10.0,0.6154,38.0
1753533437419,12:37:17.419,DRIFT/USDT:USDT,0.6147,4.0,0.6146,11.0,0.6153,10.0,0.6154,38.0
1753533437797,12:37:17.797,DRIFT/USDT:USDT,0.6147,4.0,0.6146,11.0,0.6153,10.0,0.6154,26.0
1753533438605,12:37:18.605,DRIFT/USDT:USDT,0.6147,4.0,0.6146,11.0,0.6153,10.0,0.6154,26.0
1753533439217,12:37:19.217,DRIFT/USDT:USDT,0.6147,4.0,0.6146,11.0,0.6153,10.0,0.6154,26.0
1753533439335,12:37:19.335,DRIFT/USDT:USDT,0.6147,4.0,0.6146,11.0,0.6153,10.0,0.6154,26.0
1753533439390,12:37:19.390,DRIFT/USDT:USDT,0.6147,4.0,0.6146,11.0,0.6153,10.0,0.6154,26.0
1753533440296,12:37:20.296,DRIFT/USDT:USDT,0.6147,4.0,0.6146,11.0,0.6153,10.0,0.6154,26.0
1753533440802,12:37:20.802,DRIFT/USDT:USDT,0.6147,4.0,0.6146,11.0,0.6153,10.0,0.6154,26.0
1753533443528,12:37:23.528,DRIFT/USDT:USDT,0.6147,4.0,0.6146,11.0,0.6153,10.0,0.6154,26.0
1753533444133,12:37:24.133,DRIFT/USDT:USDT,0.6147,4.0,0.6146,11.0,0.6153,10.0,0.6154,26.0
1753533444156,12:37:24.156,DRIFT/USDT:USDT,0.6147,4.0,0.6146,11.0,0.6153,10.0,0.6154,26.0
1753533444396,12:37:24.396,DRIFT/USDT:USDT,0.6147,4.0,0.6146,11.0,0.6153,10.0,0.6154,26.0
1753533446803,12:37:26.803,DRIFT/USDT:USDT,0.6147,4.0,0.6146,11.0,0.6153,14.0,0.6154,26.0
1753533447024,12:37:27.024,DRIFT/USDT:USDT,0.6147,4.0,0.6146,11.0,0.6153,14.0,0.6154,26.0
1753533448488,12:37:28.488,DRIFT/USDT:USDT,0.6147,4.0,0.6146,11.0,0.6153,14.0,0.6154,26.0
1753533448934,12:37:28.934,DRIFT/USDT:USDT,0.6147,4.0,0.6146,11.0,0.6153,14.0,0.6154,26.0
1753533449803,12:37:29.803,DRIFT/USDT:USDT,0.6147,4.0,0.6146,11.0,0.6153,14.0,0.6154,26.0
1753533451222,12:37:31.222,DRIFT/USDT:USDT,0.6147,4.0,0.6146,11.0,0.6153,14.0,0.6154,26.0
1753533451835,12:37:31.835,DRIFT/USDT:USDT,0.6147,4.0,0.6146,11.0,0.6153,14.0,0.6154,26.0
1753533452056,12:37:32.056,DRIFT/USDT:USDT,0.6147,4.0,0.6146,11.0,0.6153,14.0,0.6154,26.0
1753533452171,12:37:32.171,DRIFT/USDT:USDT,0.6147,4.0,0.6146,11.0,0.6153,20.0,0.6154,26.0
1753533452281,12:37:32.281,DRIFT/USDT:USDT,0.6144,4.0,0.6143,14.0,0.6152,4.0,0.6153,20.0
1753533452557,12:37:32.557,DRIFT/USDT:USDT,0.6144,4.0,0.6143,14.0,0.6152,4.0,0.6153,20.0
1753533452799,12:37:32.799,DRIFT/USDT:USDT,0.6144,4.0,0.6143,14.0,0.6152,4.0,0.6153,14.0
1753533452983,12:37:32.983,DRIFT/USDT:USDT,0.6144,4.0,0.6143,14.0,0.6152,4.0,0.6153,14.0
1753533453103,12:37:33.103,DRIFT/USDT:USDT,0.6144,9.0,0.6143,14.0,0.6152,16.0,0.6153,14.0
1753533453393,12:37:33.393,DRIFT/USDT:USDT,0.6144,9.0,0.6143,14.0,0.6152,16.0,0.6153,14.0
1753533453734,12:37:33.734,DRIFT/USDT:USDT,0.6144,9.0,0.6143,14.0,0.6152,16.0,0.6153,14.0
1753533455302,12:37:35.302,DRIFT/USDT:USDT,0.6145,4.0,0.6144,9.0,0.6152,16.0,0.6153,14.0
1753533455846,12:37:35.846,DRIFT/USDT:USDT,0.6145,4.0,0.6144,9.0,0.6152,16.0,0.6153,14.0
1753533455871,12:37:35.871,DRIFT/USDT:USDT,0.6145,4.0,0.6144,9.0,0.6152,16.0,0.6153,14.0
1753533456231,12:37:36.231,DRIFT/USDT:USDT,0.6145,4.0,0.6144,9.0,0.6152,16.0,0.6153,14.0
1753533457064,12:37:37.064,DRIFT/USDT:USDT,0.6145,4.0,0.6144,9.0,0.6152,16.0,0.6153,14.0
1753533457168,12:37:37.168,DRIFT/USDT:USDT,0.6145,4.0,0.6144,9.0,0.6152,16.0,0.6153,14.0
1753533458535,12:37:38.535,DRIFT/USDT:USDT,0.6145,4.0,0.6144,9.0,0.6152,16.0,0.6153,14.0
1753533460035,12:37:40.035,DRIFT/USDT:USDT,0.6145,4.0,0.6144,9.0,0.6152,16.0,0.6153,14.0
1753533461804,12:37:41.804,DRIFT/USDT:USDT,0.6145,4.0,0.6144,9.0,0.6152,16.0,0.6153,14.0
1753533462282,12:37:42.282,DRIFT/USDT:USDT,0.6145,4.0,0.6144,9.0,0.6152,16.0,0.6153,14.0
1753533463334,12:37:43.334,DRIFT/USDT:USDT,0.6145,4.0,0.6144,9.0,0.6152,16.0,0.6153,14.0
1753533463383,12:37:43.383,DRIFT/USDT:USDT,0.6145,4.0,0.6144,9.0,0.6152,16.0,0.6153,14.0
1753533464803,12:37:44.803,DRIFT/USDT:USDT,0.6145,4.0,0.6144,9.0,0.6152,16.0,0.6153,14.0
1753533465064,12:37:45.064,DRIFT/USDT:USDT,0.6145,4.0,0.6144,9.0,0.6152,16.0,0.6153,14.0
1753533465178,12:37:45.178,DRIFT/USDT:USDT,0.6145,4.0,0.6144,9.0,0.6152,16.0,0.6153,14.0
1753533466035,12:37:46.035,DRIFT/USDT:USDT,0.6145,4.0,0.6144,9.0,0.6152,16.0,0.6153,14.0
1753533466320,12:37:46.320,DRIFT/USDT:USDT,0.6145,4.0,0.6144,9.0,0.6152,16.0,0.6153,14.0
1753533467805,12:37:47.805,DRIFT/USDT:USDT,0.6145,4.0,0.6144,9.0,0.6152,16.0,0.6153,14.0
1753533467886,12:37:47.886,DRIFT/USDT:USDT,0.6145,4.0,0.6144,9.0,0.6152,16.0,0.6153,14.0
1753533468041,12:37:48.041,DRIFT/USDT:USDT,0.6145,4.0,0.6144,9.0,0.6152,16.0,0.6153,14.0
1753533468134,12:37:48.134,DRIFT/USDT:USDT,0.6145,4.0,0.6144,9.0,0.6152,16.0,0.6153,14.0
1753533469876,12:37:49.876,DRIFT/USDT:USDT,0.6145,4.0,0.6144,9.0,0.6152,16.0,0.6153,14.0
1753533470125,12:37:50.125,DRIFT/USDT:USDT,0.6145,4.0,0.6144,9.0,0.6152,16.0,0.6153,14.0
1753533470225,12:37:50.225,DRIFT/USDT:USDT,0.6145,4.0,0.6144,9.0,0.6152,16.0,0.6153,14.0
1753533470358,12:37:50.358,DRIFT/USDT:USDT,0.6145,4.0,0.6144,9.0,0.6152,16.0,0.6153,14.0
1753533470588,12:37:50.588,DRIFT/USDT:USDT,0.6145,4.0,0.6144,9.0,0.6152,16.0,0.6153,14.0
1753533470705,12:37:50.705,DRIFT/USDT:USDT,0.6145,4.0,0.6144,9.0,0.6152,16.0,0.6153,14.0
1753533470803,12:37:50.803,DRIFT/USDT:USDT,0.6145,4.0,0.6144,9.0,0.6152,16.0,0.6153,14.0
1753533470863,12:37:50.863,DRIFT/USDT:USDT,0.6145,4.0,0.6144,9.0,0.6152,16.0,0.6153,14.0
1753533471401,12:37:51.401,DRIFT/USDT:USDT,0.6145,4.0,0.6144,9.0,0.6152,16.0,0.6153,14.0
1753533471966,12:37:51.966,DRIFT/USDT:USDT,0.6145,4.0,0.6144,9.0,0.6152,16.0,0.6153,14.0
1753533472213,12:37:52.213,DRIFT/USDT:USDT,0.6145,4.0,0.6144,9.0,0.6152,16.0,0.6153,14.0
1753533472290,12:37:52.290,DRIFT/USDT:USDT,0.6145,4.0,0.6144,9.0,0.6152,16.0,0.6153,14.0
1753533472935,12:37:52.935,DRIFT/USDT:USDT,0.6145,4.0,0.6144,9.0,0.6152,16.0,0.6153,14.0
1753533472958,12:37:52.958,DRIFT/USDT:USDT,0.6145,4.0,0.6144,9.0,0.6152,16.0,0.6153,14.0
1753533473723,12:37:53.723,DRIFT/USDT:USDT,0.6145,4.0,0.6144,9.0,0.6151,4.0,0.6152,16.0
1753533473971,12:37:53.971,DRIFT/USDT:USDT,0.6145,4.0,0.6144,9.0,0.6151,4.0,0.6152,16.0
1753533474212,12:37:54.212,DRIFT/USDT:USDT,0.6145,4.0,0.6144,9.0,0.6151,4.0,0.6152,16.0
1753533474349,12:37:54.349,DRIFT/USDT:USDT,0.6145,4.0,0.6144,9.0,0.6151,4.0,0.6152,16.0
1753533474374,12:37:54.374,DRIFT/USDT:USDT,0.6145,4.0,0.6144,9.0,0.6151,4.0,0.6152,16.0
1753533474596,12:37:54.596,DRIFT/USDT:USDT,0.6145,4.0,0.6144,9.0,0.6151,4.0,0.6152,16.0
1753533474891,12:37:54.891,DRIFT/USDT:USDT,0.6145,4.0,0.6144,9.0,0.6151,4.0,0.6152,16.0
1753533474971,12:37:54.971,DRIFT/USDT:USDT,0.6145,4.0,0.6144,9.0,0.6151,4.0,0.6152,16.0
1753533475857,12:37:55.857,DRIFT/USDT:USDT,0.6145,4.0,0.6144,9.0,0.6151,4.0,0.6152,16.0
1753533475987,12:37:55.987,DRIFT/USDT:USDT,0.6145,4.0,0.6144,9.0,0.6151,4.0,0.6152,16.0
1753533476348,12:37:56.348,DRIFT/USDT:USDT,0.6145,4.0,0.6144,9.0,0.6151,4.0,0.6152,16.0
1753533476525,12:37:56.525,DRIFT/USDT:USDT,0.6145,4.0,0.6144,9.0,0.6151,4.0,0.6152,16.0
1753533476797,12:37:56.797,DRIFT/USDT:USDT,0.6144,9.0,0.6143,14.0,0.6151,4.0,0.6152,16.0
1753533476977,12:37:56.977,DRIFT/USDT:USDT,0.6144,9.0,0.6143,14.0,0.6151,4.0,0.6152,16.0
1753533477437,12:37:57.437,DRIFT/USDT:USDT,0.6144,9.0,0.6143,14.0,0.6151,4.0,0.6152,16.0
1753533477735,12:37:57.735,DRIFT/USDT:USDT,0.6144,9.0,0.6143,14.0,0.6151,4.0,0.6152,16.0
1753533478000,12:37:58.000,DRIFT/USDT:USDT,0.6144,9.0,0.6143,14.0,0.6151,4.0,0.6152,16.0
1753533478225,12:37:58.225,DRIFT/USDT:USDT,0.6144,9.0,0.6143,14.0,0.6151,4.0,0.6152,16.0
1753533478541,12:37:58.541,DRIFT/USDT:USDT,0.6144,9.0,0.6143,14.0,0.6151,4.0,0.6152,16.0
1753533478882,12:37:58.882,DRIFT/USDT:USDT,0.6144,9.0,0.6143,14.0,0.6151,4.0,0.6152,16.0
1753533479020,12:37:59.020,DRIFT/USDT:USDT,0.6144,9.0,0.6143,14.0,0.6151,4.0,0.6152,16.0
1753533479541,12:37:59.541,DRIFT/USDT:USDT,0.6148,26.0,0.6144,9.0,0.6152,16.0,0.6153,14.0
1753533479623,12:37:59.623,DRIFT/USDT:USDT,0.6148,26.0,0.6144,9.0,0.6152,16.0,0.6153,14.0
1753533479815,12:37:59.815,DRIFT/USDT:USDT,0.6148,259.0,0.6144,9.0,0.6152,16.0,0.6153,14.0
1753533479915,12:37:59.915,DRIFT/USDT:USDT,0.6148,259.0,0.6144,4.0,0.6152,10.0,0.6153,14.0
1753533480126,12:38:00.126,DRIFT/USDT:USDT,0.6148,259.0,0.6144,4.0,0.6152,10.0,0.6153,14.0
1753533480414,12:38:00.414,DRIFT/USDT:USDT,0.6148,259.0,0.6147,12.0,0.6152,10.0,0.6153,14.0
1753533480459,12:38:00.459,DRIFT/USDT:USDT,0.6148,259.0,0.6147,12.0,0.6152,10.0,0.6153,14.0
1753533480770,12:38:00.770,DRIFT/USDT:USDT,0.6148,259.0,0.6147,12.0,0.6152,10.0,0.6153,14.0
1753533482535,12:38:02.535,DRIFT/USDT:USDT,0.6148,259.0,0.6147,12.0,0.6152,10.0,0.6153,14.0
1753533482566,12:38:02.566,DRIFT/USDT:USDT,0.6148,259.0,0.6147,12.0,0.6152,4.0,0.6153,14.0
1753533482824,12:38:02.824,DRIFT/USDT:USDT,0.6148,259.0,0.6147,12.0,0.6153,14.0,0.6154,38.0
1753533482907,12:38:02.907,DRIFT/USDT:USDT,0.6148,259.0,0.6147,12.0,0.6153,14.0,0.6154,38.0
1753533483198,12:38:03.198,DRIFT/USDT:USDT,0.6148,203.0,0.6147,12.0,0.6153,14.0,0.6154,38.0
1753533483625,12:38:03.625,DRIFT/USDT:USDT,0.6148,203.0,0.6144,4.0,0.6153,14.0,0.6154,38.0
1753533483724,12:38:03.724,DRIFT/USDT:USDT,0.6148,203.0,0.6144,4.0,0.6152,16.0,0.6153,44.0
1753533483868,12:38:03.868,DRIFT/USDT:USDT,0.6148,203.0,0.6144,4.0,0.6152,16.0,0.6153,44.0
1753533484135,12:38:04.135,DRIFT/USDT:USDT,0.6148,203.0,0.6144,4.0,0.6151,4.0,0.6152,16.0
1753533484523,12:38:04.523,DRIFT/USDT:USDT,0.6143,14.0,0.6142,40.0,0.6151,4.0,0.6152,16.0
1753533484571,12:38:04.571,DRIFT/USDT:USDT,0.6143,38.0,0.6142,40.0,0.6151,4.0,0.6152,16.0
1753533484756,12:38:04.756,DRIFT/USDT:USDT,0.6143,38.0,0.6142,40.0,0.6151,4.0,0.6152,16.0
1753533484983,12:38:04.983,DRIFT/USDT:USDT,0.6143,38.0,0.6142,40.0,0.6151,4.0,0.6152,16.0
1753533485402,12:38:05.402,DRIFT/USDT:USDT,0.6143,38.0,0.6142,40.0,0.6151,4.0,0.6152,16.0
1753533485636,12:38:05.636,DRIFT/USDT:USDT,0.6143,34.0,0.6142,40.0,0.6151,4.0,0.6152,16.0
1753533485692,12:38:05.692,DRIFT/USDT:USDT,0.6143,34.0,0.6141,4.0,0.6151,4.0,0.6152,56.0
1753533485992,12:38:05.992,DRIFT/USDT:USDT,0.6143,34.0,0.6141,4.0,0.6151,4.0,0.6152,56.0
1753533486075,12:38:06.075,DRIFT/USDT:USDT,0.6143,34.0,0.6141,4.0,0.6151,4.0,0.6152,56.0
1753533486228,12:38:06.228,DRIFT/USDT:USDT,0.6143,34.0,0.6141,4.0,0.6151,4.0,0.6152,56.0
1753533486330,12:38:06.330,DRIFT/USDT:USDT,0.6143,34.0,0.6141,4.0,0.6151,4.0,0.6152,56.0
1753533486385,12:38:06.385,DRIFT/USDT:USDT,0.6143,34.0,0.6141,4.0,0.6151,4.0,0.6152,16.0
1753533486533,12:38:06.533,DRIFT/USDT:USDT,0.6143,24.0,0.6141,4.0,0.6151,4.0,0.6152,16.0
1753533487335,12:38:07.335,DRIFT/USDT:USDT,0.6143,24.0,0.6141,4.0,0.6151,4.0,0.6152,16.0
1753533487458,12:38:07.458,DRIFT/USDT:USDT,0.6143,24.0,0.6141,4.0,0.6151,4.0,0.6152,16.0
1753533488797,12:38:08.797,DRIFT/USDT:USDT,0.6143,24.0,0.6141,4.0,0.6151,4.0,0.6152,16.0
1753533488931,12:38:08.931,DRIFT/USDT:USDT,0.6144,16.0,0.6143,28.0,0.6151,4.0,0.6152,16.0
1753533488982,12:38:08.982,DRIFT/USDT:USDT,0.6144,16.0,0.6143,28.0,0.6151,4.0,0.6152,16.0
1753533489082,12:38:09.082,DRIFT/USDT:USDT,0.6144,16.0,0.6143,28.0,0.6151,4.0,0.6152,16.0
1753533491821,12:38:11.821,DRIFT/USDT:USDT,0.6144,16.0,0.6143,28.0,0.6151,4.0,0.6152,16.0
1753533491914,12:38:11.914,DRIFT/USDT:USDT,0.6144,16.0,0.6143,28.0,0.6151,4.0,0.6152,16.0
1753533492135,12:38:12.135,DRIFT/USDT:USDT,0.6144,16.0,0.6143,28.0,0.6151,4.0,0.6152,16.0
1753533492635,12:38:12.635,DRIFT/USDT:USDT,0.6144,4.0,0.6143,28.0,0.6151,4.0,0.6152,16.0
1753533493368,12:38:13.368,DRIFT/USDT:USDT,0.6144,4.0,0.6143,28.0,0.6151,4.0,0.6152,16.0
1753533494210,12:38:14.210,DRIFT/USDT:USDT,0.6144,16.0,0.6143,28.0,0.6151,4.0,0.6152,16.0
1753533495612,12:38:15.612,DRIFT/USDT:USDT,0.6144,16.0,0.6143,28.0,0.6151,4.0,0.6152,16.0
1753533495915,12:38:15.915,DRIFT/USDT:USDT,0.6144,16.0,0.6143,28.0,0.6151,4.0,0.6152,16.0
1753533496198,12:38:16.198,DRIFT/USDT:USDT,0.6144,16.0,0.6143,28.0,0.6151,4.0,0.6152,16.0
1753533496395,12:38:16.395,DRIFT/USDT:USDT,0.6144,16.0,0.6143,28.0,0.6151,4.0,0.6152,16.0
1753533496727,12:38:16.727,DRIFT/USDT:USDT,0.6144,16.0,0.6143,28.0,0.6151,4.0,0.6152,16.0
1753533496936,12:38:16.936,DRIFT/USDT:USDT,0.6144,16.0,0.6143,28.0,0.6151,4.0,0.6152,16.0
1753533497067,12:38:17.067,DRIFT/USDT:USDT,0.6144,16.0,0.6143,28.0,0.6151,4.0,0.6152,16.0
1753533497417,12:38:17.417,DRIFT/USDT:USDT,0.6144,16.0,0.6143,28.0,0.6151,4.0,0.6152,16.0
1753533497454,12:38:17.454,DRIFT/USDT:USDT,0.6144,16.0,0.6143,28.0,0.6151,4.0,0.6152,16.0
1753533497731,12:38:17.731,DRIFT/USDT:USDT,0.6144,16.0,0.6143,28.0,0.6151,4.0,0.6152,16.0
1753533497797,12:38:17.797,DRIFT/USDT:USDT,0.6144,16.0,0.6143,28.0,0.6151,4.0,0.6152,16.0
1753533499188,12:38:19.188,DRIFT/USDT:USDT,0.6144,16.0,0.6143,28.0,0.6151,4.0,0.6152,16.0
1753533499266,12:38:19.266,DRIFT/USDT:USDT,0.6144,16.0,0.6143,28.0,0.6151,4.0,0.6152,16.0
1753533500464,12:38:20.464,DRIFT/USDT:USDT,0.6144,16.0,0.6143,28.0,0.6151,4.0,0.6152,16.0
1753533501735,12:38:21.735,DRIFT/USDT:USDT,0.6144,16.0,0.6143,28.0,0.6151,4.0,0.6152,16.0
1753533503540,12:38:23.540,DRIFT/USDT:USDT,0.6144,16.0,0.6143,28.0,0.6151,4.0,0.6152,16.0
1753533503814,12:38:23.814,DRIFT/USDT:USDT,0.6144,16.0,0.6143,28.0,0.6151,4.0,0.6152,16.0
1753533503924,12:38:23.924,DRIFT/USDT:USDT,0.6144,16.0,0.6143,28.0,0.6151,4.0,0.6152,16.0
1753533504006,12:38:24.006,DRIFT/USDT:USDT,0.6144,16.0,0.6143,28.0,0.6151,4.0,0.6152,16.0
1753533505035,12:38:25.035,DRIFT/USDT:USDT,0.6144,16.0,0.6143,28.0,0.6151,4.0,0.6152,16.0
1753533505077,12:38:25.077,DRIFT/USDT:USDT,0.6144,16.0,0.6143,28.0,0.6151,4.0,0.6152,16.0
1753533505225,12:38:25.225,DRIFT/USDT:USDT,0.6144,16.0,0.6143,28.0,0.6151,4.0,0.6152,16.0
1753533505530,12:38:25.530,DRIFT/USDT:USDT,0.6144,16.0,0.6143,28.0,0.6151,4.0,0.6152,16.0
1753533505890,12:38:25.890,DRIFT/USDT:USDT,0.6144,16.0,0.6143,28.0,0.6151,4.0,0.6152,16.0
1753533506536,12:38:26.536,DRIFT/USDT:USDT,0.6144,16.0,0.6143,28.0,0.6151,4.0,0.6152,16.0
1753533506816,12:38:26.816,DRIFT/USDT:USDT,0.6144,16.0,0.6143,28.0,0.6151,4.0,0.6152,16.0
1753533507850,12:38:27.850,DRIFT/USDT:USDT,0.6144,16.0,0.6143,28.0,0.6151,4.0,0.6152,16.0
1753533509846,12:38:29.846,DRIFT/USDT:USDT,0.6144,4.0,0.6143,28.0,0.6148,6.0,0.6149,27.0
1753533510066,12:38:30.066,DRIFT/USDT:USDT,0.6144,4.0,0.6143,28.0,0.6148,6.0,0.6149,27.0
1753533510342,12:38:30.342,DRIFT/USDT:USDT,0.6144,4.0,0.6143,28.0,0.6148,6.0,0.6149,27.0
1753533510905,12:38:30.905,DRIFT/USDT:USDT,0.6144,4.0,0.6143,28.0,0.6148,6.0,0.6149,27.0
1753533511336,12:38:31.336,DRIFT/USDT:USDT,0.6144,4.0,0.6143,28.0,0.6148,6.0,0.6149,27.0
1753533511923,12:38:31.923,DRIFT/USDT:USDT,0.6144,4.0,0.6143,28.0,0.6148,6.0,0.6149,27.0
1753533512806,12:38:32.806,DRIFT/USDT:USDT,0.6144,4.0,0.6143,28.0,0.6148,6.0,0.6149,27.0
1753533513177,12:38:33.177,DRIFT/USDT:USDT,0.6144,4.0,0.6143,28.0,0.6148,6.0,0.6149,27.0
1753533513956,12:38:33.956,DRIFT/USDT:USDT,0.6144,4.0,0.6143,28.0,0.6148,6.0,0.6149,27.0
1753533514925,12:38:34.925,DRIFT/USDT:USDT,0.6144,4.0,0.6143,28.0,0.6148,6.0,0.6149,27.0
1753533514990,12:38:34.990,DRIFT/USDT:USDT,0.6144,4.0,0.6143,28.0,0.6148,6.0,0.6149,27.0
1753533515838,12:38:35.838,DRIFT/USDT:USDT,0.6144,4.0,0.6143,40.0,0.6148,6.0,0.6149,27.0
1753533516136,12:38:36.136,DRIFT/USDT:USDT,0.6144,4.0,0.6143,40.0,0.6148,6.0,0.6149,27.0
1753533516222,12:38:36.222,DRIFT/USDT:USDT,0.6144,4.0,0.6143,40.0,0.6148,6.0,0.6149,27.0
1753533516520,12:38:36.520,DRIFT/USDT:USDT,0.6144,4.0,0.6143,40.0,0.6148,6.0,0.6149,27.0
1753533518820,12:38:38.820,DRIFT/USDT:USDT,0.6144,4.0,0.6143,40.0,0.6148,6.0,0.6149,15.0
1753533518953,12:38:38.953,DRIFT/USDT:USDT,0.6144,4.0,0.6143,40.0,0.6148,6.0,0.6149,15.0
1753533519106,12:38:39.106,DRIFT/USDT:USDT,0.6144,4.0,0.6143,40.0,0.6148,6.0,0.6149,27.0
1753533519367,12:38:39.367,DRIFT/USDT:USDT,0.6144,4.0,0.6143,40.0,0.6148,6.0,0.6149,27.0
1753533520937,12:38:40.937,DRIFT/USDT:USDT,0.6144,4.0,0.6143,40.0,0.6148,6.0,0.6149,27.0
1753533521225,12:38:41.225,DRIFT/USDT:USDT,0.6144,4.0,0.6143,40.0,0.6148,6.0,0.6149,27.0
1753533521799,12:38:41.799,DRIFT/USDT:USDT,0.6143,24.0,0.6141,4.0,0.6148,10.0,0.6149,27.0
1753533521863,12:38:41.863,DRIFT/USDT:USDT,0.6141,4.0,0.614,15.0,0.6148,10.0,0.6149,27.0
1753533522085,12:38:42.085,DRIFT/USDT:USDT,0.6141,15.0,0.614,15.0,0.6148,10.0,0.6149,27.0
1753533522212,12:38:42.212,DRIFT/USDT:USDT,0.6141,15.0,0.614,15.0,0.6148,10.0,0.6149,27.0
1753533522514,12:38:42.514,DRIFT/USDT:USDT,0.6141,15.0,0.614,15.0,0.6148,9.0,0.6149,12.0
1753533522602,12:38:42.602,DRIFT/USDT:USDT,0.6141,15.0,0.614,15.0,0.6147,9.0,0.6148,9.0
1753533522657,12:38:42.657,DRIFT/USDT:USDT,0.6141,15.0,0.614,15.0,0.6147,9.0,0.6148,9.0
1753533523022,12:38:43.022,DRIFT/USDT:USDT,0.6141,15.0,0.614,15.0,0.6147,9.0,0.6148,9.0
1753533524170,12:38:44.170,DRIFT/USDT:USDT,0.6141,4.0,0.614,15.0,0.6147,9.0,0.6148,9.0
1753533525331,12:38:45.331,DRIFT/USDT:USDT,0.6141,4.0,0.614,15.0,0.6147,9.0,0.6148,9.0
1753533525736,12:38:45.736,DRIFT/USDT:USDT,0.6141,4.0,0.614,15.0,0.6147,9.0,0.6148,9.0
1753533526222,12:38:46.222,DRIFT/USDT:USDT,0.6141,4.0,0.614,15.0,0.6147,9.0,0.6148,9.0
1753533526259,12:38:46.259,DRIFT/USDT:USDT,0.6141,4.0,0.614,15.0,0.6147,9.0,0.6148,9.0
1753533527796,12:38:47.796,DRIFT/USDT:USDT,0.6141,4.0,0.614,15.0,0.6147,9.0,0.6148,9.0
1753533527874,12:38:47.874,DRIFT/USDT:USDT,0.614,15.0,0.6139,64.0,0.6146,9.0,0.6147,28.0
1753533528278,12:38:48.278,DRIFT/USDT:USDT,0.614,15.0,0.6139,64.0,0.6146,9.0,0.6147,28.0
1753533528745,12:38:48.745,DRIFT/USDT:USDT,0.614,15.0,0.6139,64.0,0.6146,9.0,0.6147,28.0
1753533530182,12:38:50.182,DRIFT/USDT:USDT,0.614,26.0,0.6139,64.0,0.6146,9.0,0.6147,28.0
1753533530536,12:38:50.536,DRIFT/USDT:USDT,0.614,26.0,0.6139,64.0,0.6146,9.0,0.6147,28.0
1753533530847,12:38:50.847,DRIFT/USDT:USDT,0.614,26.0,0.6139,64.0,0.6146,9.0,0.6147,28.0
1753533533663,12:38:53.663,DRIFT/USDT:USDT,0.614,26.0,0.6139,64.0,0.6146,9.0,0.6147,28.0
1753533533842,12:38:53.842,DRIFT/USDT:USDT,0.614,26.0,0.6139,64.0,0.6146,9.0,0.6147,28.0
1753533533866,12:38:53.866,DRIFT/USDT:USDT,0.614,26.0,0.6139,64.0,0.6146,9.0,0.6147,28.0
1753533534139,12:38:54.139,DRIFT/USDT:USDT,0.614,26.0,0.6139,64.0,0.6146,9.0,0.6147,28.0
1753533534163,12:38:54.163,DRIFT/USDT:USDT,0.614,26.0,0.6139,64.0,0.6146,9.0,0.6147,28.0
1753533535336,12:38:55.336,DRIFT/USDT:USDT,0.614,26.0,0.6139,64.0,0.6146,9.0,0.6147,28.0
1753533535931,12:38:55.931,DRIFT/USDT:USDT,0.6141,5.0,0.614,26.0,0.6147,9.0,0.6148,4.0
1753533535971,12:38:55.971,DRIFT/USDT:USDT,0.6141,5.0,0.614,26.0,0.6148,9.0,0.6151,59.0
1753533536109,12:38:56.109,DRIFT/USDT:USDT,0.6141,5.0,0.614,26.0,0.6147,5.0,0.6148,9.0
1753533536845,12:38:56.845,DRIFT/USDT:USDT,0.6141,5.0,0.614,26.0,0.6147,5.0,0.6148,9.0
1753533537173,12:38:57.173,DRIFT/USDT:USDT,0.6141,5.0,0.614,26.0,0.6147,5.0,0.6148,9.0
1753533537418,12:38:57.418,DRIFT/USDT:USDT,0.6141,5.0,0.614,26.0,0.6147,5.0,0.6148,9.0
1753533538542,12:38:58.542,DRIFT/USDT:USDT,0.6141,5.0,0.614,26.0,0.6147,5.0,0.6148,9.0
1753533539797,12:38:59.797,DRIFT/USDT:USDT,0.6141,5.0,0.614,26.0,0.6147,5.0,0.6148,9.0
1753533539939,12:38:59.939,DRIFT/USDT:USDT,0.6141,5.0,0.614,26.0,0.6147,5.0,0.6148,9.0
1753533540008,12:39:00.008,DRIFT/USDT:USDT,0.6141,5.0,0.614,26.0,0.6148,4.0,0.6151,59.0
1753533540136,12:39:00.136,DRIFT/USDT:USDT,0.6141,5.0,0.614,26.0,0.6148,4.0,0.6151,59.0
1753533540194,12:39:00.194,DRIFT/USDT:USDT,0.6141,5.0,0.614,26.0,0.6148,9.0,0.6151,59.0
1753533540431,12:39:00.431,DRIFT/USDT:USDT,0.6141,5.0,0.614,26.0,0.6148,9.0,0.6151,59.0
1753533540503,12:39:00.503,DRIFT/USDT:USDT,0.6141,5.0,0.614,26.0,0.6148,9.0,0.6151,59.0
1753533540935,12:39:00.935,DRIFT/USDT:USDT,0.6141,5.0,0.614,26.0,0.6148,9.0,0.6151,59.0
1753533541223,12:39:01.223,DRIFT/USDT:USDT,0.6141,5.0,0.614,26.0,0.6148,9.0,0.6151,59.0
1753533541288,12:39:01.288,DRIFT/USDT:USDT,0.6141,5.0,0.614,26.0,0.6148,9.0,0.6151,59.0
1753533542838,12:39:02.838,DRIFT/USDT:USDT,0.6141,5.0,0.614,26.0,0.6148,9.0,0.6151,59.0
1753533542856,12:39:02.856,DRIFT/USDT:USDT,0.6141,5.0,0.614,26.0,0.6148,9.0,0.6151,59.0
1753533543322,12:39:03.322,DRIFT/USDT:USDT,0.6141,5.0,0.614,26.0,0.6148,9.0,0.6151,59.0
1753533544543,12:39:04.543,DRIFT/USDT:USDT,0.6141,5.0,0.614,26.0,0.6147,4.0,0.6148,9.0
1753533544938,12:39:04.938,DRIFT/USDT:USDT,0.6141,5.0,0.614,26.0,0.6147,4.0,0.6148,9.0
1753533545348,12:39:05.348,DRIFT/USDT:USDT,0.6141,5.0,0.614,26.0,0.6147,4.0,0.6148,9.0
1753533545443,12:39:05.443,DRIFT/USDT:USDT,0.614,15.0,0.6139,64.0,0.6146,9.0,0.6147,28.0
1753533545744,12:39:05.744,DRIFT/USDT:USDT,0.614,15.0,0.6139,64.0,0.6146,9.0,0.6147,28.0
1753533545839,12:39:05.839,DRIFT/USDT:USDT,0.614,15.0,0.6139,64.0,0.6146,9.0,0.6147,28.0
1753533546190,12:39:06.190,DRIFT/USDT:USDT,0.614,15.0,0.6139,64.0,0.6146,9.0,0.6147,28.0
1753533546587,12:39:06.587,DRIFT/USDT:USDT,0.614,15.0,0.6139,64.0,0.6146,9.0,0.6147,28.0
1753533547077,12:39:07.077,DRIFT/USDT:USDT,0.614,25.0,0.6139,64.0,0.6146,9.0,0.6147,28.0
1753533547240,12:39:07.240,DRIFT/USDT:USDT,0.6141,4.0,0.614,25.0,0.6146,5.0,0.6147,28.0
1753533548172,12:39:08.172,DRIFT/USDT:USDT,0.6141,4.0,0.614,25.0,0.6146,5.0,0.6147,23.0
1753533548838,12:39:08.838,DRIFT/USDT:USDT,0.6141,4.0,0.614,25.0,0.6146,5.0,0.6147,23.0
1753533549737,12:39:09.737,DRIFT/USDT:USDT,0.6141,4.0,0.614,25.0,0.6146,5.0,0.6147,23.0
1753533549768,12:39:09.768,DRIFT/USDT:USDT,0.6141,4.0,0.614,25.0,0.6146,5.0,0.6147,23.0
1753533551171,12:39:11.171,DRIFT/USDT:USDT,0.6141,4.0,0.614,25.0,0.6146,10.0,0.6147,42.0
1753533551804,12:39:11.804,DRIFT/USDT:USDT,0.614,25.0,0.6139,64.0,0.6146,10.0,0.6147,42.0
1753533552160,12:39:12.160,DRIFT/USDT:USDT,0.614,25.0,0.6139,64.0,0.6146,10.0,0.6147,42.0
1753533554537,12:39:14.537,DRIFT/USDT:USDT,0.614,25.0,0.6139,64.0,0.6146,10.0,0.6147,42.0
1753533554801,12:39:14.801,DRIFT/USDT:USDT,0.614,25.0,0.6139,64.0,0.6146,10.0,0.6147,42.0
1753533555037,12:39:15.037,DRIFT/USDT:USDT,0.614,25.0,0.6139,64.0,0.6146,10.0,0.6147,42.0
1753533555226,12:39:15.226,DRIFT/USDT:USDT,0.614,25.0,0.6139,64.0,0.6146,14.0,0.6147,42.0
1753533555454,12:39:15.454,DRIFT/USDT:USDT,0.614,25.0,0.6139,64.0,0.6146,14.0,0.6147,42.0
1753533557102,12:39:17.102,DRIFT/USDT:USDT,0.614,25.0,0.6139,64.0,0.6146,14.0,0.6147,42.0
1753533557515,12:39:17.515,DRIFT/USDT:USDT,0.614,25.0,0.6139,64.0,0.6146,14.0,0.6147,42.0
1753533557553,12:39:17.553,DRIFT/USDT:USDT,0.614,25.0,0.6139,64.0,0.6146,14.0,0.6147,42.0
1753533558334,12:39:18.334,DRIFT/USDT:USDT,0.614,25.0,0.6139,64.0,0.6146,14.0,0.6147,42.0
1753533559188,12:39:19.188,DRIFT/USDT:USDT,0.614,25.0,0.6139,64.0,0.6146,14.0,0.6147,42.0
1753533559351,12:39:19.351,DRIFT/USDT:USDT,0.614,25.0,0.6139,64.0,0.6146,14.0,0.6147,42.0
1753533560820,12:39:20.820,DRIFT/USDT:USDT,0.614,25.0,0.6139,64.0,0.6146,14.0,0.6147,42.0
1753533560853,12:39:20.853,DRIFT/USDT:USDT,0.614,25.0,0.6139,64.0,0.6146,14.0,0.6147,42.0
1753533563047,12:39:23.047,DRIFT/USDT:USDT,0.614,25.0,0.6139,64.0,0.6146,14.0,0.6147,42.0
1753533563085,12:39:23.085,DRIFT/USDT:USDT,0.614,25.0,0.6139,64.0,0.6146,14.0,0.6147,42.0
1753533563833,12:39:23.833,DRIFT/USDT:USDT,0.614,25.0,0.6139,64.0,0.6146,9.0,0.6147,23.0
1753533564137,12:39:24.137,DRIFT/USDT:USDT,0.614,25.0,0.6139,64.0,0.6146,9.0,0.6147,23.0
1753533564465,12:39:24.465,DRIFT/USDT:USDT,0.614,25.0,0.6139,64.0,0.6146,9.0,0.6147,23.0
1753533564621,12:39:24.621,DRIFT/USDT:USDT,0.614,25.0,0.6139,64.0,0.6146,9.0,0.6147,23.0
1753533565813,12:39:25.813,DRIFT/USDT:USDT,0.614,25.0,0.6139,64.0,0.6146,14.0,0.6147,23.0
1753533566584,12:39:26.584,DRIFT/USDT:USDT,0.614,25.0,0.6139,64.0,0.6146,14.0,0.6147,23.0
1753533566807,12:39:26.807,DRIFT/USDT:USDT,0.614,25.0,0.6139,64.0,0.6146,14.0,0.6147,23.0
1753533568321,12:39:28.321,DRIFT/USDT:USDT,0.614,25.0,0.6139,64.0,0.6146,14.0,0.6147,23.0
1753533568937,12:39:28.937,DRIFT/USDT:USDT,0.614,25.0,0.6139,64.0,0.6146,14.0,0.6147,23.0
1753533569153,12:39:29.153,DRIFT/USDT:USDT,0.614,25.0,0.6139,64.0,0.6146,14.0,0.6147,23.0
1753533569747,12:39:29.747,DRIFT/USDT:USDT,0.614,25.0,0.6139,64.0,0.6146,14.0,0.6147,23.0
1753533569796,12:39:29.796,DRIFT/USDT:USDT,0.614,25.0,0.6139,64.0,0.6146,14.0,0.6147,23.0
1753533570159,12:39:30.159,DRIFT/USDT:USDT,0.614,25.0,0.6139,64.0,0.6146,14.0,0.6147,23.0
1753533570291,12:39:30.291,DRIFT/USDT:USDT,0.614,25.0,0.6139,64.0,0.6146,14.0,0.6147,23.0
1753533571202,12:39:31.202,DRIFT/USDT:USDT,0.614,25.0,0.6139,64.0,0.6146,14.0,0.6147,23.0
1753533572823,12:39:32.823,DRIFT/USDT:USDT,0.614,20.0,0.6139,64.0,0.6146,14.0,0.6147,23.0
1753533573245,12:39:33.245,DRIFT/USDT:USDT,0.614,20.0,0.6139,64.0,0.6146,14.0,0.6147,23.0
1753533573737,12:39:33.737,DRIFT/USDT:USDT,0.614,20.0,0.6139,64.0,0.6146,14.0,0.6147,23.0
1753533573951,12:39:33.951,DRIFT/USDT:USDT,0.614,20.0,0.6139,64.0,0.6146,14.0,0.6147,23.0
1753533575167,12:39:35.167,DRIFT/USDT:USDT,0.614,10.0,0.6139,64.0,0.6146,14.0,0.6147,23.0
1753533575310,12:39:35.310,DRIFT/USDT:USDT,0.614,10.0,0.6139,64.0,0.6146,14.0,0.6147,23.0
1753533575800,12:39:35.800,DRIFT/USDT:USDT,0.614,24.0,0.6139,64.0,0.6146,14.0,0.6147,23.0
1753533575977,12:39:35.977,DRIFT/USDT:USDT,0.614,24.0,0.6139,64.0,0.6146,14.0,0.6147,23.0
1753533576377,12:39:36.377,DRIFT/USDT:USDT,0.614,24.0,0.6139,64.0,0.6146,14.0,0.6147,23.0
1753533577172,12:39:37.172,DRIFT/USDT:USDT,0.614,24.0,0.6139,64.0,0.6146,14.0,0.6147,23.0
1753533577512,12:39:37.512,DRIFT/USDT:USDT,0.614,24.0,0.6139,64.0,0.6146,14.0,0.6147,23.0
1753533578540,12:39:38.540,DRIFT/USDT:USDT,0.614,24.0,0.6139,64.0,0.6146,14.0,0.6147,23.0
1753533578810,12:39:38.810,DRIFT/USDT:USDT,0.614,24.0,0.6139,64.0,0.6146,14.0,0.6147,23.0
1753533580020,12:39:40.020,DRIFT/USDT:USDT,0.614,24.0,0.6139,64.0,0.6146,14.0,0.6147,23.0
1753533581700,12:39:41.700,DRIFT/USDT:USDT,0.614,24.0,0.6139,64.0,0.6146,14.0,0.6147,23.0
1753533581809,12:39:41.809,DRIFT/USDT:USDT,0.614,24.0,0.6139,64.0,0.6146,14.0,0.6147,23.0
1753533583344,12:39:43.344,DRIFT/USDT:USDT,0.614,24.0,0.6139,64.0,0.6146,14.0,0.6147,23.0
1753533584171,12:39:44.171,DRIFT/USDT:USDT,0.614,14.0,0.6139,64.0,0.6146,14.0,0.6147,23.0
1753533584829,12:39:44.829,DRIFT/USDT:USDT,0.614,14.0,0.6139,64.0,0.6146,14.0,0.6147,23.0
1753533586122,12:39:46.122,DRIFT/USDT:USDT,0.614,14.0,0.6139,64.0,0.6146,14.0,0.6147,23.0
1753533586450,12:39:46.450,DRIFT/USDT:USDT,0.614,14.0,0.6139,64.0,0.6146,14.0,0.6147,23.0
1753533586450,12:39:46.450,DRIFT/USDT:USDT,0.614,14.0,0.6139,64.0,0.6146,14.0,0.6147,23.0
1753533586620,12:39:46.620,DRIFT/USDT:USDT,0.614,14.0,0.6139,64.0,0.6146,14.0,0.6147,23.0
1753533587338,12:39:47.338,DRIFT/USDT:USDT,0.614,14.0,0.6139,64.0,0.6146,14.0,0.6147,23.0
1753533587738,12:39:47.738,DRIFT/USDT:USDT,0.614,14.0,0.6139,64.0,0.6146,14.0,0.6147,23.0
1753533587808,12:39:47.808,DRIFT/USDT:USDT,0.614,14.0,0.6139,64.0,0.6146,14.0,0.6147,23.0
1753533588045,12:39:48.045,DRIFT/USDT:USDT,0.614,10.0,0.6139,64.0,0.6145,4.0,0.6146,14.0
1753533588058,12:39:48.058,DRIFT/USDT:USDT,0.614,10.0,0.6139,40.0,0.6145,4.0,0.6146,14.0
1753533589349,12:39:49.349,DRIFT/USDT:USDT,0.614,10.0,0.6139,40.0,0.6145,4.0,0.6146,14.0
1753533589831,12:39:49.831,DRIFT/USDT:USDT,0.614,10.0,0.6139,40.0,0.6145,4.0,0.6146,14.0
1753533590254,12:39:50.254,DRIFT/USDT:USDT,0.614,10.0,0.6138,4.0,0.6145,4.0,0.6146,14.0
1753533590394,12:39:50.394,DRIFT/USDT:USDT,0.6138,4.0,0.6137,15.0,0.6145,4.0,0.6146,14.0
1753533590603,12:39:50.603,DRIFT/USDT:USDT,0.6138,4.0,0.6137,15.0,0.6145,4.0,0.6146,14.0
1753533590820,12:39:50.820,DRIFT/USDT:USDT,0.6138,4.0,0.6137,15.0,0.6145,4.0,0.6146,14.0
1753533590930,12:39:50.930,DRIFT/USDT:USDT,0.6138,4.0,0.6137,15.0,0.6145,4.0,0.6146,14.0
1753533591439,12:39:51.439,DRIFT/USDT:USDT,0.6138,4.0,0.6137,15.0,0.6145,4.0,0.6146,14.0
1753533592394,12:39:52.394,DRIFT/USDT:USDT,0.6138,4.0,0.6137,15.0,0.6145,4.0,0.6146,14.0
1753533593811,12:39:53.811,DRIFT/USDT:USDT,0.6138,4.0,0.6137,15.0,0.6145,4.0,0.6146,14.0
1753533593915,12:39:53.915,DRIFT/USDT:USDT,0.6138,4.0,0.6137,15.0,0.6145,4.0,0.6146,14.0
1753533594171,12:39:54.171,DRIFT/USDT:USDT,0.6138,4.0,0.6137,15.0,0.6145,4.0,0.6146,14.0
1753533594739,12:39:54.739,DRIFT/USDT:USDT,0.6138,4.0,0.6137,15.0,0.6145,4.0,0.6146,14.0
1753533594921,12:39:54.921,DRIFT/USDT:USDT,0.6138,4.0,0.6137,15.0,0.6145,4.0,0.6146,14.0
1753533595246,12:39:55.246,DRIFT/USDT:USDT,0.6138,4.0,0.6137,15.0,0.6145,4.0,0.6146,14.0
1753533595308,12:39:55.308,DRIFT/USDT:USDT,0.6138,4.0,0.6137,15.0,0.6145,4.0,0.6146,14.0
1753533595638,12:39:55.638,DRIFT/USDT:USDT,0.6138,4.0,0.6137,15.0,0.6145,4.0,0.6146,14.0
1753533596197,12:39:56.197,DRIFT/USDT:USDT,0.6138,4.0,0.6137,15.0,0.6145,4.0,0.6146,14.0
1753533596830,12:39:56.830,DRIFT/USDT:USDT,0.6138,4.0,0.6137,15.0,0.6145,4.0,0.6146,14.0
1753533596998,12:39:56.998,DRIFT/USDT:USDT,0.6138,4.0,0.6137,15.0,0.6145,4.0,0.6146,14.0
1753533597150,12:39:57.150,DRIFT/USDT:USDT,0.6138,4.0,0.6137,15.0,0.6145,4.0,0.6146,14.0
1753533597981,12:39:57.981,DRIFT/USDT:USDT,0.6138,4.0,0.6137,15.0,0.6145,4.0,0.6146,14.0
1753533599380,12:39:59.380,DRIFT/USDT:USDT,0.6138,4.0,0.6137,15.0,0.6145,4.0,0.6146,14.0
1753533599540,12:39:59.540,DRIFT/USDT:USDT,0.6138,4.0,0.6137,15.0,0.6145,4.0,0.6146,14.0
1753533599796,12:39:59.796,DRIFT/USDT:USDT,0.6138,4.0,0.6137,15.0,0.6145,4.0,0.6146,14.0
1753533599933,12:39:59.933,DRIFT/USDT:USDT,0.6138,4.0,0.6137,15.0,0.6145,4.0,0.6146,14.0
1753533600362,12:40:00.362,DRIFT/USDT:USDT,0.6138,4.0,0.6137,15.0,0.6145,4.0,0.6146,14.0
1753533600623,12:40:00.623,DRIFT/USDT:USDT,0.6138,13.0,0.6137,15.0,0.6145,4.0,0.6146,14.0
1753533601659,12:40:01.659,DRIFT/USDT:USDT,0.6138,13.0,0.6137,15.0,0.6145,4.0,0.6146,14.0
1753533602875,12:40:02.875,DRIFT/USDT:USDT,0.6138,13.0,0.6137,15.0,0.6145,4.0,0.6146,14.0
1753533604339,12:40:04.339,DRIFT/USDT:USDT,0.6139,5.0,0.6138,13.0,0.6145,4.0,0.6146,14.0
1753533604390,12:40:04.390,DRIFT/USDT:USDT,0.6139,5.0,0.6138,13.0,0.6146,9.0,0.6147,23.0
1753533604454,12:40:04.454,DRIFT/USDT:USDT,0.6139,5.0,0.6138,13.0,0.6146,5.0,0.6147,23.0
1753533604561,12:40:04.561,DRIFT/USDT:USDT,0.6139,5.0,0.6138,13.0,0.6146,5.0,0.6147,23.0
1753533604658,12:40:04.658,DRIFT/USDT:USDT,0.6139,5.0,0.6138,13.0,0.6146,5.0,0.6147,23.0
1753533604804,12:40:04.804,DRIFT/USDT:USDT,0.6139,5.0,0.6138,13.0,0.6146,5.0,0.6147,23.0
1753533605823,12:40:05.823,DRIFT/USDT:USDT,0.6139,5.0,0.6138,13.0,0.6146,5.0,0.6147,23.0
1753533606132,12:40:06.132,DRIFT/USDT:USDT,0.6139,5.0,0.6138,13.0,0.6146,10.0,0.6147,23.0
1753533607478,12:40:07.478,DRIFT/USDT:USDT,0.6139,5.0,0.6138,13.0,0.6146,10.0,0.6147,23.0
1753533607578,12:40:07.578,DRIFT/USDT:USDT,0.6139,5.0,0.6138,13.0,0.6146,10.0,0.6147,23.0
1753533607711,12:40:07.711,DRIFT/USDT:USDT,0.6139,5.0,0.6138,13.0,0.6146,10.0,0.6147,23.0
1753533609139,12:40:09.139,DRIFT/USDT:USDT,0.6139,5.0,0.6138,13.0,0.6146,10.0,0.6147,23.0
1753533610598,12:40:10.598,DRIFT/USDT:USDT,0.6139,5.0,0.6138,13.0,0.6146,10.0,0.6147,23.0
1753533611690,12:40:11.690,DRIFT/USDT:USDT,0.6139,5.0,0.6138,13.0,0.6146,10.0,0.6147,23.0
1753533613241,12:40:13.241,DRIFT/USDT:USDT,0.6139,5.0,0.6138,13.0,0.6146,10.0,0.6147,23.0
1753533613279,12:40:13.279,DRIFT/USDT:USDT,0.6139,5.0,0.6138,13.0,0.6146,10.0,0.6147,23.0
1753533613611,12:40:13.611,DRIFT/USDT:USDT,0.6139,5.0,0.6138,13.0,0.6146,10.0,0.6147,23.0
1753533613699,12:40:13.699,DRIFT/USDT:USDT,0.6139,5.0,0.6138,13.0,0.6146,10.0,0.6147,23.0
1753533613939,12:40:13.939,DRIFT/USDT:USDT,0.6139,5.0,0.6138,13.0,0.6146,10.0,0.6147,23.0
1753533614529,12:40:14.529,DRIFT/USDT:USDT,0.6139,5.0,0.6138,13.0,0.6146,10.0,0.6147,23.0
1753533614649,12:40:14.649,DRIFT/USDT:USDT,0.6139,5.0,0.6138,13.0,0.6146,10.0,0.6147,23.0
1753533615107,12:40:15.107,DRIFT/USDT:USDT,0.6139,5.0,0.6138,13.0,0.6146,10.0,0.6147,23.0
1753533616393,12:40:16.393,DRIFT/USDT:USDT,0.614,13.0,0.6139,45.0,0.6146,5.0,0.6147,23.0
1753533616568,12:40:16.568,DRIFT/USDT:USDT,0.614,13.0,0.6139,45.0,0.6146,5.0,0.6147,23.0
1753533616947,12:40:16.947,DRIFT/USDT:USDT,0.614,13.0,0.6139,45.0,0.6146,5.0,0.6147,23.0
1753533618105,12:40:18.105,DRIFT/USDT:USDT,0.614,13.0,0.6139,45.0,0.6146,5.0,0.6147,23.0
1753533618230,12:40:18.230,DRIFT/USDT:USDT,0.614,13.0,0.6139,45.0,0.6146,5.0,0.6147,23.0
1753533618739,12:40:18.739,DRIFT/USDT:USDT,0.614,13.0,0.6139,45.0,0.6146,5.0,0.6147,23.0
1753533619599,12:40:19.599,DRIFT/USDT:USDT,0.614,13.0,0.6139,45.0,0.6146,5.0,0.6147,23.0
1753533620540,12:40:20.540,DRIFT/USDT:USDT,0.614,13.0,0.6139,45.0,0.6146,5.0,0.6147,23.0
1753533620725,12:40:20.725,DRIFT/USDT:USDT,0.614,13.0,0.6139,45.0,0.6146,5.0,0.6147,23.0
1753533621446,12:40:21.446,DRIFT/USDT:USDT,0.614,13.0,0.6139,5.0,0.6146,10.0,0.6147,23.0
1753533621492,12:40:21.492,DRIFT/USDT:USDT,0.614,13.0,0.6139,5.0,0.6146,14.0,0.6147,23.0
1753533621741,12:40:21.741,DRIFT/USDT:USDT,0.6138,4.0,0.6137,15.0,0.6145,5.0,0.6146,14.0
1753533621797,12:40:21.797,DRIFT/USDT:USDT,0.6139,5.0,0.6138,13.0,0.6145,5.0,0.6146,14.0
1753533622559,12:40:22.559,DRIFT/USDT:USDT,0.6139,5.0,0.6138,13.0,0.6145,5.0,0.6146,14.0
1753533622730,12:40:22.730,DRIFT/USDT:USDT,0.6139,5.0,0.6138,13.0,0.6145,5.0,0.6146,14.0
1753533623539,12:40:23.539,DRIFT/USDT:USDT,0.6139,5.0,0.6138,13.0,0.6145,5.0,0.6146,14.0
1753533623555,12:40:23.555,DRIFT/USDT:USDT,0.6139,5.0,0.6138,13.0,0.6145,5.0,0.6146,14.0
1753533623855,12:40:23.855,DRIFT/USDT:USDT,0.6139,5.0,0.6138,13.0,0.6145,5.0,0.6146,14.0
1753533623984,12:40:23.984,DRIFT/USDT:USDT,0.6139,5.0,0.6138,13.0,0.6145,5.0,0.6146,14.0
1753533626252,12:40:26.252,DRIFT/USDT:USDT,0.6139,5.0,0.6138,13.0,0.6145,5.0,0.6146,14.0
1753533627729,12:40:27.729,DRIFT/USDT:USDT,0.6139,5.0,0.6138,13.0,0.6145,5.0,0.6146,14.0
1753533628125,12:40:28.125,DRIFT/USDT:USDT,0.6138,4.0,0.6137,15.0,0.6145,5.0,0.6146,14.0
1753533628339,12:40:28.339,DRIFT/USDT:USDT,0.6138,4.0,0.6137,15.0,0.6145,5.0,0.6146,14.0
1753533628597,12:40:28.597,DRIFT/USDT:USDT,0.6138,4.0,0.6137,15.0,0.6145,5.0,0.6146,14.0
1753533630069,12:40:30.069,DRIFT/USDT:USDT,0.6138,12.0,0.6137,15.0,0.6145,5.0,0.6146,14.0
1753533630352,12:40:30.352,DRIFT/USDT:USDT,0.6138,12.0,0.6137,15.0,0.6145,5.0,0.6146,14.0
1753533631020,12:40:31.020,DRIFT/USDT:USDT,0.6139,5.0,0.6138,12.0,0.6145,5.0,0.6146,14.0
1753533631605,12:40:31.605,DRIFT/USDT:USDT,0.6139,5.0,0.6138,12.0,0.6145,5.0,0.6146,10.0
1753533633139,12:40:33.139,DRIFT/USDT:USDT,0.6139,5.0,0.6138,12.0,0.6145,5.0,0.6146,10.0
1753533633222,12:40:33.222,DRIFT/USDT:USDT,0.6139,5.0,0.6138,12.0,0.6145,5.0,0.6146,10.0
1753533633634,12:40:33.634,DRIFT/USDT:USDT,0.6139,5.0,0.6138,12.0,0.6145,9.0,0.6146,10.0
1753533633849,12:40:33.849,DRIFT/USDT:USDT,0.6139,5.0,0.6138,12.0,0.6145,5.0,0.6146,10.0
1753533633853,12:40:33.853,DRIFT/USDT:USDT,0.6139,5.0,0.6138,12.0,0.6145,5.0,0.6146,10.0
1753533634029,12:40:34.029,DRIFT/USDT:USDT,0.6139,5.0,0.6138,12.0,0.6145,5.0,0.6146,10.0
1753533634106,12:40:34.106,DRIFT/USDT:USDT,0.6139,5.0,0.6138,12.0,0.6145,5.0,0.6146,10.0
1753533634580,12:40:34.580,DRIFT/USDT:USDT,0.6139,5.0,0.6138,12.0,0.6146,10.0,0.6147,23.0
1753533635329,12:40:35.329,DRIFT/USDT:USDT,0.6139,5.0,0.6138,12.0,0.6146,10.0,0.6147,23.0
1753533636401,12:40:36.401,DRIFT/USDT:USDT,0.6139,5.0,0.6138,12.0,0.6146,10.0,0.6147,23.0
1753533636975,12:40:36.975,DRIFT/USDT:USDT,0.6139,5.0,0.6138,12.0,0.6146,14.0,0.6147,23.0
1753533637263,12:40:37.263,DRIFT/USDT:USDT,0.6139,5.0,0.6138,12.0,0.6146,14.0,0.6147,23.0
1753533637559,12:40:37.559,DRIFT/USDT:USDT,0.6139,5.0,0.6138,12.0,0.6146,14.0,0.6147,23.0
1753533637683,12:40:37.683,DRIFT/USDT:USDT,0.6139,5.0,0.6138,12.0,0.6146,14.0,0.6147,23.0
1753533637759,12:40:37.759,DRIFT/USDT:USDT,0.6139,5.0,0.6138,12.0,0.6146,14.0,0.6147,23.0
1753533637939,12:40:37.939,DRIFT/USDT:USDT,0.6139,5.0,0.6138,12.0,0.6146,14.0,0.6147,23.0
1753533638103,12:40:38.103,DRIFT/USDT:USDT,0.6139,5.0,0.6138,12.0,0.6146,14.0,0.6147,23.0
1753533638503,12:40:38.503,DRIFT/USDT:USDT,0.6139,5.0,0.6138,12.0,0.6146,14.0,0.6147,23.0
1753533638994,12:40:38.994,DRIFT/USDT:USDT,0.6139,5.0,0.6138,12.0,0.6145,4.0,0.6146,14.0
1753533639920,12:40:39.920,DRIFT/USDT:USDT,0.6139,5.0,0.6138,12.0,0.6145,4.0,0.6146,14.0
1753533639975,12:40:39.975,DRIFT/USDT:USDT,0.6139,5.0,0.6138,12.0,0.6145,4.0,0.6146,14.0
1753533640176,12:40:40.176,DRIFT/USDT:USDT,0.6139,5.0,0.6138,12.0,0.6145,4.0,0.6146,14.0
1753533640580,12:40:40.580,DRIFT/USDT:USDT,0.6139,5.0,0.6138,12.0,0.6145,4.0,0.6146,14.0
1753533641539,12:40:41.539,DRIFT/USDT:USDT,0.6139,5.0,0.6138,12.0,0.6145,4.0,0.6146,14.0
1753533641876,12:40:41.876,DRIFT/USDT:USDT,0.6139,5.0,0.6138,12.0,0.6145,4.0,0.6146,14.0
1753533642741,12:40:42.741,DRIFT/USDT:USDT,0.6139,5.0,0.6138,12.0,0.6145,4.0,0.6146,14.0
1753533643616,12:40:43.616,DRIFT/USDT:USDT,0.6139,5.0,0.6138,12.0,0.6145,4.0,0.6146,14.0
1753533644700,12:40:44.700,DRIFT/USDT:USDT,0.6139,5.0,0.6138,12.0,0.6145,4.0,0.6146,14.0
1753533644803,12:40:44.803,DRIFT/USDT:USDT,0.6139,5.0,0.6138,12.0,0.6145,4.0,0.6146,14.0
1753533646569,12:40:46.569,DRIFT/USDT:USDT,0.6139,5.0,0.6138,12.0,0.6145,4.0,0.6146,14.0
1753533647541,12:40:47.541,DRIFT/USDT:USDT,0.6139,5.0,0.6138,12.0,0.6145,4.0,0.6146,14.0
1753533649363,12:40:49.363,DRIFT/USDT:USDT,0.6139,5.0,0.6138,12.0,0.6145,4.0,0.6146,14.0
1753533649558,12:40:49.558,DRIFT/USDT:USDT,0.6139,5.0,0.6138,12.0,0.6145,4.0,0.6146,14.0
1753533649937,12:40:49.937,DRIFT/USDT:USDT,0.6139,5.0,0.6138,12.0,0.6145,4.0,0.6146,14.0
1753533651384,12:40:51.384,DRIFT/USDT:USDT,0.6139,5.0,0.6138,12.0,0.6145,4.0,0.6146,14.0
1753533651604,12:40:51.604,DRIFT/USDT:USDT,0.6139,5.0,0.6138,12.0,0.6145,4.0,0.6146,14.0
1753533651717,12:40:51.717,DRIFT/USDT:USDT,0.6139,5.0,0.6138,12.0,0.6145,4.0,0.6146,14.0
1753533651871,12:40:51.871,DRIFT/USDT:USDT,0.6139,5.0,0.6138,12.0,0.6145,4.0,0.6146,14.0
1753533652340,12:40:52.340,DRIFT/USDT:USDT,0.6139,5.0,0.6138,12.0,0.6145,4.0,0.6146,14.0
1753533652559,12:40:52.559,DRIFT/USDT:USDT,0.6139,5.0,0.6138,12.0,0.6145,4.0,0.6146,14.0
1753533652688,12:40:52.688,DRIFT/USDT:USDT,0.6139,5.0,0.6138,12.0,0.6145,4.0,0.6146,14.0
1753533652780,12:40:52.780,DRIFT/USDT:USDT,0.6139,5.0,0.6138,12.0,0.6145,4.0,0.6146,14.0
1753533653595,12:40:53.595,DRIFT/USDT:USDT,0.6139,5.0,0.6138,12.0,0.6145,4.0,0.6146,14.0
1753533654011,12:40:54.011,DRIFT/USDT:USDT,0.6139,5.0,0.6138,12.0,0.6145,4.0,0.6146,14.0
1753533654831,12:40:54.831,DRIFT/USDT:USDT,0.6139,5.0,0.6138,12.0,0.6145,4.0,0.6146,14.0
1753533655575,12:40:55.575,DRIFT/USDT:USDT,0.6139,5.0,0.6138,12.0,0.6145,4.0,0.6146,14.0
1753533656173,12:40:56.173,DRIFT/USDT:USDT,0.6139,5.0,0.6138,12.0,0.6145,4.0,0.6146,14.0
1753533657141,12:40:57.141,DRIFT/USDT:USDT,0.6139,5.0,0.6138,12.0,0.6145,4.0,0.6146,14.0
1753533658610,12:40:58.610,DRIFT/USDT:USDT,0.6139,5.0,0.6138,12.0,0.6145,4.0,0.6146,14.0
1753533659515,12:40:59.515,DRIFT/USDT:USDT,0.6139,5.0,0.6138,12.0,0.6145,4.0,0.6146,14.0
1753533659796,12:40:59.796,DRIFT/USDT:USDT,0.6139,5.0,0.6138,12.0,0.6145,4.0,0.6146,14.0
1753533661578,12:41:01.578,DRIFT/USDT:USDT,0.6139,5.0,0.6138,12.0,0.6145,4.0,0.6146,14.0
1753533661941,12:41:01.941,DRIFT/USDT:USDT,0.6139,5.0,0.6138,12.0,0.6145,4.0,0.6146,14.0
1753533662875,12:41:02.875,DRIFT/USDT:USDT,0.6139,5.0,0.6138,12.0,0.6145,4.0,0.6146,14.0
1753533664288,12:41:04.288,DRIFT/USDT:USDT,0.6139,5.0,0.6138,12.0,0.6145,4.0,0.6146,14.0
1753533664572,12:41:04.572,DRIFT/USDT:USDT,0.6139,5.0,0.6138,12.0,0.6145,4.0,0.6146,14.0
1753533664736,12:41:04.736,DRIFT/USDT:USDT,0.6139,5.0,0.6138,12.0,0.6145,4.0,0.6146,14.0
1753533664891,12:41:04.891,DRIFT/USDT:USDT,0.6139,5.0,0.6138,12.0,0.6145,4.0,0.6146,14.0
1753533666740,12:41:06.740,DRIFT/USDT:USDT,0.6139,5.0,0.6138,12.0,0.6145,4.0,0.6146,14.0
1753533667610,12:41:07.610,DRIFT/USDT:USDT,0.6139,5.0,0.6138,12.0,0.6145,4.0,0.6146,14.0
1753533669270,12:41:09.270,DRIFT/USDT:USDT,0.6137,10.0,0.6136,4.0,0.6145,4.0,0.6146,14.0
1753533669433,12:41:09.433,DRIFT/USDT:USDT,0.6139,23.0,0.6138,5.0,0.6145,4.0,0.6146,14.0
1753533669718,12:41:09.718,DRIFT/USDT:USDT,0.6139,23.0,0.6138,5.0,0.6145,4.0,0.6146,14.0
1753533669770,12:41:09.770,DRIFT/USDT:USDT,0.6139,23.0,0.6138,5.0,0.6145,4.0,0.6146,14.0
1753533670559,12:41:10.559,DRIFT/USDT:USDT,0.6139,23.0,0.6138,5.0,0.6145,4.0,0.6146,14.0
1753533670698,12:41:10.698,DRIFT/USDT:USDT,0.6139,23.0,0.6138,5.0,0.6145,4.0,0.6146,14.0
1753533670938,12:41:10.938,DRIFT/USDT:USDT,0.6139,23.0,0.6138,5.0,0.6145,4.0,0.6146,14.0
1753533671540,12:41:11.540,DRIFT/USDT:USDT,0.6139,23.0,0.6138,5.0,0.6145,4.0,0.6146,14.0
1753533672025,12:41:12.025,DRIFT/USDT:USDT,0.6139,36.0,0.6138,5.0,0.6145,4.0,0.6146,9.0
1753533672163,12:41:12.163,DRIFT/USDT:USDT,0.6139,36.0,0.6138,5.0,0.6145,4.0,0.6146,9.0
1753533673585,12:41:13.585,DRIFT/USDT:USDT,0.6139,36.0,0.6138,5.0,0.6146,4.0,0.6147,4.0
1753533673729,12:41:13.729,DRIFT/USDT:USDT,0.6139,36.0,0.6138,5.0,0.6146,4.0,0.6147,4.0
1753533673894,12:41:13.894,DRIFT/USDT:USDT,0.6139,36.0,0.6138,5.0,0.6146,13.0,0.6147,4.0
1753533674294,12:41:14.294,DRIFT/USDT:USDT,0.614,5.0,0.6139,36.0,0.6146,13.0,0.6147,4.0
1753533674990,12:41:14.990,DRIFT/USDT:USDT,0.614,5.0,0.6139,36.0,0.6146,13.0,0.6147,4.0
1753533675803,12:41:15.803,DRIFT/USDT:USDT,0.614,5.0,0.6139,36.0,0.6146,9.0,0.6147,4.0
1753533676341,12:41:16.341,DRIFT/USDT:USDT,0.614,5.0,0.6139,36.0,0.6146,9.0,0.6147,4.0
1753533676601,12:41:16.601,DRIFT/USDT:USDT,0.614,5.0,0.6139,36.0,0.6146,9.0,0.6147,4.0
1753533679564,12:41:19.564,DRIFT/USDT:USDT,0.6139,36.0,0.6138,5.0,0.6146,9.0,0.6147,4.0
1753533679728,12:41:19.728,DRIFT/USDT:USDT,0.614,5.0,0.6139,36.0,0.6146,9.0,0.6147,4.0
1753533681141,12:41:21.141,DRIFT/USDT:USDT,0.614,5.0,0.6139,36.0,0.6146,9.0,0.6147,4.0
1753533683464,12:41:23.464,DRIFT/USDT:USDT,0.614,5.0,0.6139,36.0,0.6146,13.0,0.6147,4.0
1753533683683,12:41:23.683,DRIFT/USDT:USDT,0.614,5.0,0.6139,36.0,0.6146,13.0,0.6147,4.0
1753533684333,12:41:24.333,DRIFT/USDT:USDT,0.614,5.0,0.6139,36.0,0.6146,13.0,0.6147,4.0
1753533685561,12:41:25.561,DRIFT/USDT:USDT,0.614,5.0,0.6139,36.0,0.6146,9.0,0.6147,4.0
1753533685776,12:41:25.776,DRIFT/USDT:USDT,0.614,5.0,0.6139,36.0,0.6146,9.0,0.6147,4.0
1753533685941,12:41:25.941,DRIFT/USDT:USDT,0.614,5.0,0.6139,36.0,0.6146,13.0,0.6147,4.0
1753533686167,12:41:26.167,DRIFT/USDT:USDT,0.6139,36.0,0.6138,5.0,0.6145,4.0,0.6146,13.0
1753533686687,12:41:26.687,DRIFT/USDT:USDT,0.6139,36.0,0.6138,5.0,0.6145,4.0,0.6146,13.0
1753533687102,12:41:27.102,DRIFT/USDT:USDT,0.6139,36.0,0.6138,5.0,0.6145,4.0,0.6146,13.0
1753533687823,12:41:27.823,DRIFT/USDT:USDT,0.614,4.0,0.6139,36.0,0.6146,13.0,0.6147,4.0
1753533687919,12:41:27.919,DRIFT/USDT:USDT,0.614,4.0,0.6139,36.0,0.6146,13.0,0.6147,4.0
1753533690265,12:41:30.265,DRIFT/USDT:USDT,0.6139,36.0,0.6138,5.0,0.6145,4.0,0.6146,13.0
1753533690741,12:41:30.741,DRIFT/USDT:USDT,0.6139,36.0,0.6138,5.0,0.6145,4.0,0.6146,13.0
1753533691578,12:41:31.578,DRIFT/USDT:USDT,0.614,4.0,0.6139,36.0,0.6145,4.0,0.6146,13.0
