timestamp,time,symbol,bid1_price,bid1_volume,bid2_price,bid2_volume,ask1_price,ask1_volume,ask2_price,ask2_volume
1753533020000,12:30:20.000,AERO/USDT:USDT,0.8967,41.0,0.8958,81.0,0.8969,219.0,0.8972,5.0
1753533020527,12:30:20.527,AERO/USDT:USDT,0.8967,41.0,0.8965,1819.0,0.8969,219.0,0.8972,5.0
1753533020634,12:30:20.634,AERO/USDT:USDT,0.8967,41.0,0.8966,31.0,0.8973,219.0,0.8976,588.0
1753533020656,12:30:20.656,AERO/USDT:USDT,0.8967,41.0,0.8966,31.0,0.8972,5.0,0.8973,219.0
1753533020844,12:30:20.844,AERO/USDT:USDT,0.8967,41.0,0.8966,31.0,0.8972,5.0,0.8973,219.0
1753533021058,12:30:21.058,AERO/USDT:USDT,0.8967,41.0,0.8966,31.0,0.8972,5.0,0.8973,219.0
1753533021528,12:30:21.528,AERO/USDT:USDT,0.8967,41.0,0.8966,31.0,0.8972,5.0,0.8973,219.0
1753533021568,12:30:21.568,AERO/USDT:USDT,0.8967,41.0,0.8966,31.0,0.8972,5.0,0.8973,219.0
1753533021797,12:30:21.797,AERO/USDT:USDT,0.8966,31.0,0.8965,1819.0,0.8972,5.0,0.8973,219.0
1753533021947,12:30:21.947,AERO/USDT:USDT,0.8966,31.0,0.8965,1819.0,0.8972,5.0,0.8973,219.0
1753533022137,12:30:22.137,AERO/USDT:USDT,0.8966,31.0,0.8965,1819.0,0.8972,5.0,0.8973,219.0
1753533023655,12:30:23.655,AERO/USDT:USDT,0.8966,31.0,0.8965,1819.0,0.8972,5.0,0.8973,219.0
1753533023914,12:30:23.914,AERO/USDT:USDT,0.8966,31.0,0.8958,50.0,0.8969,219.0,0.8972,5.0
1753533024011,12:30:24.011,AERO/USDT:USDT,0.8958,50.0,0.8957,81.0,0.8969,219.0,0.8973,219.0
1753533024054,12:30:24.054,AERO/USDT:USDT,0.8959,1818.0,0.8958,50.0,0.8968,3.0,0.8969,219.0
1753533024223,12:30:24.223,AERO/USDT:USDT,0.896,29.0,0.8959,1818.0,0.8968,3.0,0.8973,219.0
1753533024308,12:30:24.308,AERO/USDT:USDT,0.896,29.0,0.8959,1818.0,0.8972,3.0,0.8973,219.0
1753533024370,12:30:24.370,AERO/USDT:USDT,0.896,29.0,0.8959,1818.0,0.8972,3.0,0.8973,219.0
1753533025006,12:30:25.006,AERO/USDT:USDT,0.896,29.0,0.8959,1818.0,0.8972,3.0,0.8973,219.0
1753533025140,12:30:25.140,AERO/USDT:USDT,0.896,29.0,0.8959,1818.0,0.8972,3.0,0.8973,219.0
1753533025436,12:30:25.436,AERO/USDT:USDT,0.896,29.0,0.8958,50.0,0.8969,219.0,0.8972,3.0
1753533025455,12:30:25.455,AERO/USDT:USDT,0.8958,50.0,0.8957,81.0,0.8968,3.0,0.8969,219.0
1753533025643,12:30:25.643,AERO/USDT:USDT,0.8959,1818.0,0.8958,50.0,0.8968,3.0,0.8969,219.0
1753533025732,12:30:25.732,AERO/USDT:USDT,0.896,29.0,0.8959,1818.0,0.8968,3.0,0.8973,219.0
1753533025752,12:30:25.752,AERO/USDT:USDT,0.896,29.0,0.8959,1818.0,0.8972,3.0,0.8973,219.0
1753533025931,12:30:25.931,AERO/USDT:USDT,0.896,29.0,0.8959,1818.0,0.8969,219.0,0.8972,3.0
1753533026000,12:30:26.000,AERO/USDT:USDT,0.896,29.0,0.8959,1818.0,0.8968,3.0,0.8969,219.0
1753533026813,12:30:26.813,AERO/USDT:USDT,0.896,29.0,0.8959,1818.0,0.8968,3.0,0.8969,219.0
1753533027228,12:30:27.228,AERO/USDT:USDT,0.896,29.0,0.8959,1818.0,0.8968,3.0,0.8969,219.0
1753533027409,12:30:27.409,AERO/USDT:USDT,0.896,29.0,0.8959,1818.0,0.8968,3.0,0.8969,219.0
1753533027814,12:30:27.814,AERO/USDT:USDT,0.896,29.0,0.8959,1818.0,0.8968,3.0,0.8969,219.0
1753533028004,12:30:28.004,AERO/USDT:USDT,0.896,29.0,0.8959,1818.0,0.8968,3.0,0.8969,219.0
1753533028131,12:30:28.131,AERO/USDT:USDT,0.896,29.0,0.8959,1818.0,0.8968,3.0,0.8969,219.0
1753533028261,12:30:28.261,AERO/USDT:USDT,0.896,29.0,0.8959,1818.0,0.8968,3.0,0.8973,219.0
1753533028353,12:30:28.353,AERO/USDT:USDT,0.896,29.0,0.8959,1818.0,0.8972,3.0,0.8973,219.0
1753533028568,12:30:28.568,AERO/USDT:USDT,0.896,29.0,0.8959,1818.0,0.8969,219.0,0.8972,3.0
1753533028728,12:30:28.728,AERO/USDT:USDT,0.896,29.0,0.8959,1818.0,0.8968,3.0,0.8969,219.0
1753533029004,12:30:29.004,AERO/USDT:USDT,0.896,29.0,0.8959,1818.0,0.8968,3.0,0.8969,219.0
1753533030042,12:30:30.042,AERO/USDT:USDT,0.896,29.0,0.8959,1818.0,0.8968,3.0,0.8973,219.0
1753533030059,12:30:30.059,AERO/USDT:USDT,0.896,29.0,0.8959,1818.0,0.8972,3.0,0.8973,219.0
1753533030444,12:30:30.444,AERO/USDT:USDT,0.896,29.0,0.8959,1818.0,0.8972,3.0,0.8973,219.0
1753533030487,12:30:30.487,AERO/USDT:USDT,0.896,29.0,0.8959,1818.0,0.8969,219.0,0.8972,541.0
1753533030552,12:30:30.552,AERO/USDT:USDT,0.896,29.0,0.8959,1818.0,0.8968,3.0,0.8969,219.0
1753533031928,12:30:31.928,AERO/USDT:USDT,0.896,29.0,0.8959,1818.0,0.8968,3.0,0.8969,219.0
1753533031949,12:30:31.949,AERO/USDT:USDT,0.896,70.0,0.8959,1818.0,0.8968,3.0,0.8969,219.0
1753533032052,12:30:32.052,AERO/USDT:USDT,0.896,70.0,0.8959,1818.0,0.8968,3.0,0.8969,219.0
1753533032152,12:30:32.152,AERO/USDT:USDT,0.896,70.0,0.8959,1818.0,0.8968,3.0,0.8969,219.0
1753533032257,12:30:32.257,AERO/USDT:USDT,0.896,70.0,0.8959,1818.0,0.8968,3.0,0.8969,219.0
1753533032352,12:30:32.352,AERO/USDT:USDT,0.896,70.0,0.8959,1818.0,0.8968,3.0,0.8969,219.0
1753533032452,12:30:32.452,AERO/USDT:USDT,0.896,70.0,0.8959,1818.0,0.8968,3.0,0.8969,219.0
1753533032558,12:30:32.558,AERO/USDT:USDT,0.896,70.0,0.8959,1818.0,0.8968,3.0,0.8969,219.0
1753533032653,12:30:32.653,AERO/USDT:USDT,0.896,70.0,0.8959,1818.0,0.8968,3.0,0.8969,219.0
1753533032752,12:30:32.752,AERO/USDT:USDT,0.896,70.0,0.8959,1818.0,0.8968,3.0,0.8969,219.0
1753533032853,12:30:32.853,AERO/USDT:USDT,0.896,70.0,0.8959,1818.0,0.8968,3.0,0.8969,219.0
1753533032952,12:30:32.952,AERO/USDT:USDT,0.896,70.0,0.8959,1818.0,0.8968,3.0,0.8969,219.0
1753533033061,12:30:33.061,AERO/USDT:USDT,0.896,70.0,0.8959,1818.0,0.8968,3.0,0.8969,219.0
1753533033158,12:30:33.158,AERO/USDT:USDT,0.896,70.0,0.8959,1818.0,0.8968,3.0,0.8969,219.0
1753533033253,12:30:33.253,AERO/USDT:USDT,0.896,70.0,0.8959,1818.0,0.8968,3.0,0.8969,219.0
1753533033352,12:30:33.352,AERO/USDT:USDT,0.896,70.0,0.8959,1818.0,0.8968,3.0,0.8973,219.0
1753533033452,12:30:33.452,AERO/USDT:USDT,0.896,70.0,0.8959,1818.0,0.8972,3.0,0.8973,219.0
1753533033557,12:30:33.557,AERO/USDT:USDT,0.896,70.0,0.8959,1818.0,0.8972,3.0,0.8973,219.0
1753533033670,12:30:33.670,AERO/USDT:USDT,0.896,70.0,0.8959,1818.0,0.8972,3.0,0.8973,219.0
1753533033796,12:30:33.796,AERO/USDT:USDT,0.896,70.0,0.8959,1818.0,0.8969,219.0,0.8972,3.0
1753533033852,12:30:33.852,AERO/USDT:USDT,0.896,70.0,0.8959,1818.0,0.8968,3.0,0.8969,219.0
1753533033953,12:30:33.953,AERO/USDT:USDT,0.896,70.0,0.8959,1818.0,0.8968,3.0,0.8969,219.0
1753533034058,12:30:34.058,AERO/USDT:USDT,0.896,70.0,0.8959,1818.0,0.8968,3.0,0.8969,219.0
1753533034195,12:30:34.195,AERO/USDT:USDT,0.896,70.0,0.8959,1818.0,0.8968,3.0,0.8969,219.0
1753533034262,12:30:34.262,AERO/USDT:USDT,0.896,70.0,0.8959,1818.0,0.8968,3.0,0.8969,219.0
1753533034358,12:30:34.358,AERO/USDT:USDT,0.896,70.0,0.8959,1818.0,0.8968,3.0,0.8969,219.0
1753533034454,12:30:34.454,AERO/USDT:USDT,0.896,70.0,0.8959,1818.0,0.8968,3.0,0.8969,219.0
1753533034556,12:30:34.556,AERO/USDT:USDT,0.896,70.0,0.8959,1818.0,0.8968,3.0,0.8969,219.0
1753533034652,12:30:34.652,AERO/USDT:USDT,0.896,70.0,0.8959,1818.0,0.8968,3.0,0.8969,219.0
1753533034758,12:30:34.758,AERO/USDT:USDT,0.896,70.0,0.8959,1818.0,0.8968,3.0,0.8969,219.0
1753533034909,12:30:34.909,AERO/USDT:USDT,0.896,70.0,0.8959,1818.0,0.8968,3.0,0.8969,219.0
1753533034952,12:30:34.952,AERO/USDT:USDT,0.896,70.0,0.8959,1818.0,0.8968,3.0,0.8969,219.0
1753533035052,12:30:35.052,AERO/USDT:USDT,0.896,70.0,0.8959,1818.0,0.8968,3.0,0.8969,219.0
1753533035244,12:30:35.244,AERO/USDT:USDT,0.896,70.0,0.8959,1818.0,0.8968,3.0,0.8969,219.0
1753533035304,12:30:35.304,AERO/USDT:USDT,0.896,70.0,0.8959,1818.0,0.8968,3.0,0.8969,219.0
1753533035422,12:30:35.422,AERO/USDT:USDT,0.896,70.0,0.8959,1818.0,0.8968,3.0,0.8969,219.0
1753533035452,12:30:35.452,AERO/USDT:USDT,0.896,70.0,0.8959,1818.0,0.8968,3.0,0.8969,219.0
1753533035552,12:30:35.552,AERO/USDT:USDT,0.896,70.0,0.8959,1818.0,0.8968,3.0,0.8969,219.0
1753533035652,12:30:35.652,AERO/USDT:USDT,0.896,70.0,0.8959,1818.0,0.8968,3.0,0.8969,219.0
1753533035758,12:30:35.758,AERO/USDT:USDT,0.896,70.0,0.8959,1818.0,0.8968,3.0,0.8969,219.0
1753533035852,12:30:35.852,AERO/USDT:USDT,0.896,70.0,0.8959,1818.0,0.8968,3.0,0.8969,219.0
1753533035952,12:30:35.952,AERO/USDT:USDT,0.896,70.0,0.8959,1818.0,0.8968,3.0,0.8969,219.0
1753533036052,12:30:36.052,AERO/USDT:USDT,0.896,70.0,0.8959,1818.0,0.8968,3.0,0.8969,219.0
1753533036152,12:30:36.152,AERO/USDT:USDT,0.896,70.0,0.8959,1818.0,0.8968,3.0,0.8969,219.0
1753533036252,12:30:36.252,AERO/USDT:USDT,0.896,70.0,0.8959,1818.0,0.8968,3.0,0.8969,219.0
1753533036352,12:30:36.352,AERO/USDT:USDT,0.896,70.0,0.8959,1818.0,0.8968,3.0,0.8969,219.0
1753533036452,12:30:36.452,AERO/USDT:USDT,0.896,70.0,0.8959,1818.0,0.8968,3.0,0.8969,219.0
1753533036552,12:30:36.552,AERO/USDT:USDT,0.896,70.0,0.8959,1818.0,0.8968,3.0,0.8969,219.0
1753533036652,12:30:36.652,AERO/USDT:USDT,0.896,70.0,0.8959,1818.0,0.8968,3.0,0.8969,219.0
1753533036753,12:30:36.753,AERO/USDT:USDT,0.896,70.0,0.8959,1818.0,0.8968,3.0,0.8969,219.0
1753533036852,12:30:36.852,AERO/USDT:USDT,0.896,70.0,0.8959,1818.0,0.8968,3.0,0.8969,219.0
1753533036959,12:30:36.959,AERO/USDT:USDT,0.896,70.0,0.8959,1818.0,0.8968,3.0,0.8969,219.0
1753533037144,12:30:37.144,AERO/USDT:USDT,0.896,70.0,0.8959,1818.0,0.8968,3.0,0.8969,219.0
1753533037154,12:30:37.154,AERO/USDT:USDT,0.896,70.0,0.8959,1818.0,0.8968,3.0,0.8969,219.0
1753533037253,12:30:37.253,AERO/USDT:USDT,0.896,70.0,0.8959,1818.0,0.8968,3.0,0.8969,219.0
1753533037352,12:30:37.352,AERO/USDT:USDT,0.896,70.0,0.8959,1818.0,0.8968,3.0,0.8969,219.0
1753533037453,12:30:37.453,AERO/USDT:USDT,0.896,70.0,0.8959,1818.0,0.8968,3.0,0.8969,219.0
1753533037552,12:30:37.552,AERO/USDT:USDT,0.896,70.0,0.8959,1818.0,0.8968,3.0,0.8969,219.0
1753533037652,12:30:37.652,AERO/USDT:USDT,0.896,70.0,0.8959,1818.0,0.8968,3.0,0.8969,219.0
1753533037752,12:30:37.752,AERO/USDT:USDT,0.896,70.0,0.8959,1818.0,0.8968,3.0,0.8969,219.0
1753533037919,12:30:37.919,AERO/USDT:USDT,0.896,70.0,0.8959,1818.0,0.8968,3.0,0.8973,219.0
1753533037953,12:30:37.953,AERO/USDT:USDT,0.896,70.0,0.8959,1818.0,0.8972,3.0,0.8973,219.0
1753533038068,12:30:38.068,AERO/USDT:USDT,0.896,70.0,0.8959,1818.0,0.8972,541.0,0.8973,219.0
1753533038154,12:30:38.154,AERO/USDT:USDT,0.896,70.0,0.8959,1818.0,0.8972,541.0,0.8973,219.0
1753533038253,12:30:38.253,AERO/USDT:USDT,0.896,70.0,0.8959,1818.0,0.8972,541.0,0.8973,219.0
1753533038354,12:30:38.354,AERO/USDT:USDT,0.896,70.0,0.8959,1818.0,0.8972,541.0,0.8973,219.0
1753533038453,12:30:38.453,AERO/USDT:USDT,0.896,70.0,0.8959,1818.0,0.8972,541.0,0.8973,219.0
1753533038567,12:30:38.567,AERO/USDT:USDT,0.896,70.0,0.8959,1818.0,0.8972,541.0,0.8973,219.0
1753533038660,12:30:38.660,AERO/USDT:USDT,0.896,70.0,0.8959,1818.0,0.8972,541.0,0.8973,219.0
1753533038758,12:30:38.758,AERO/USDT:USDT,0.896,70.0,0.8959,1818.0,0.8972,541.0,0.8973,219.0
1753533038852,12:30:38.852,AERO/USDT:USDT,0.896,70.0,0.8959,1818.0,0.8972,541.0,0.8973,219.0
1753533038952,12:30:38.952,AERO/USDT:USDT,0.896,70.0,0.8959,1818.0,0.8972,541.0,0.8973,219.0
1753533039052,12:30:39.052,AERO/USDT:USDT,0.896,70.0,0.8959,1818.0,0.8972,541.0,0.8973,219.0
1753533039157,12:30:39.157,AERO/USDT:USDT,0.896,70.0,0.8959,1818.0,0.8972,541.0,0.8973,219.0
1753533039254,12:30:39.254,AERO/USDT:USDT,0.896,70.0,0.8959,1818.0,0.8972,541.0,0.8973,219.0
1753533039368,12:30:39.368,AERO/USDT:USDT,0.896,70.0,0.8959,1818.0,0.8969,219.0,0.8972,541.0
1753533039453,12:30:39.453,AERO/USDT:USDT,0.896,70.0,0.8959,1818.0,0.8968,3.0,0.8969,219.0
1753533039558,12:30:39.558,AERO/USDT:USDT,0.896,70.0,0.8959,1818.0,0.8968,3.0,0.8969,219.0
1753533039652,12:30:39.652,AERO/USDT:USDT,0.896,70.0,0.8959,1818.0,0.8968,3.0,0.8969,219.0
1753533039787,12:30:39.787,AERO/USDT:USDT,0.896,70.0,0.8959,1818.0,0.8968,3.0,0.8969,219.0
1753533039912,12:30:39.912,AERO/USDT:USDT,0.896,70.0,0.8959,1818.0,0.8968,3.0,0.8969,219.0
1753533040044,12:30:40.044,AERO/USDT:USDT,0.896,70.0,0.8959,1818.0,0.8968,3.0,0.8969,219.0
1753533040052,12:30:40.052,AERO/USDT:USDT,0.896,70.0,0.8959,1818.0,0.8968,3.0,0.8969,219.0
1753533040152,12:30:40.152,AERO/USDT:USDT,0.896,70.0,0.8959,1818.0,0.8968,3.0,0.8969,219.0
1753533040254,12:30:40.254,AERO/USDT:USDT,0.896,70.0,0.8959,1818.0,0.8968,3.0,0.8969,219.0
1753533040429,12:30:40.429,AERO/USDT:USDT,0.896,70.0,0.8959,1818.0,0.8968,3.0,0.8969,219.0
1753533040460,12:30:40.460,AERO/USDT:USDT,0.896,70.0,0.8959,1818.0,0.8968,3.0,0.8969,219.0
1753533040553,12:30:40.553,AERO/USDT:USDT,0.896,70.0,0.8959,1818.0,0.8968,3.0,0.8969,219.0
1753533040659,12:30:40.659,AERO/USDT:USDT,0.896,70.0,0.8959,1818.0,0.8968,3.0,0.8969,219.0
1753533040752,12:30:40.752,AERO/USDT:USDT,0.896,70.0,0.8959,1818.0,0.8968,3.0,0.8969,219.0
1753533040852,12:30:40.852,AERO/USDT:USDT,0.896,70.0,0.8959,1818.0,0.8968,3.0,0.8969,219.0
1753533040952,12:30:40.952,AERO/USDT:USDT,0.896,70.0,0.8959,1818.0,0.8968,3.0,0.8969,219.0
1753533041052,12:30:41.052,AERO/USDT:USDT,0.896,70.0,0.8959,1818.0,0.8968,3.0,0.8969,219.0
1753533041152,12:30:41.152,AERO/USDT:USDT,0.896,70.0,0.8959,1818.0,0.8968,3.0,0.8969,219.0
1753533041252,12:30:41.252,AERO/USDT:USDT,0.896,70.0,0.8959,1818.0,0.8968,3.0,0.8969,219.0
1753533041359,12:30:41.359,AERO/USDT:USDT,0.896,70.0,0.8959,1818.0,0.8968,3.0,0.8969,219.0
1753533041453,12:30:41.453,AERO/USDT:USDT,0.896,70.0,0.8959,1818.0,0.8968,3.0,0.8969,219.0
1753533041553,12:30:41.553,AERO/USDT:USDT,0.896,70.0,0.8959,1818.0,0.8968,3.0,0.8969,219.0
1753533041700,12:30:41.700,AERO/USDT:USDT,0.896,70.0,0.8959,1818.0,0.8968,3.0,0.8969,219.0
1753533041752,12:30:41.752,AERO/USDT:USDT,0.896,70.0,0.8959,1818.0,0.8968,3.0,0.8969,219.0
1753533041932,12:30:41.932,AERO/USDT:USDT,0.896,70.0,0.8959,1818.0,0.8968,3.0,0.8973,219.0
1753533041952,12:30:41.952,AERO/USDT:USDT,0.896,70.0,0.8959,1818.0,0.8972,3.0,0.8973,219.0
1753533042067,12:30:42.067,AERO/USDT:USDT,0.896,70.0,0.8959,1818.0,0.8972,541.0,0.8973,219.0
1753533042206,12:30:42.206,AERO/USDT:USDT,0.896,70.0,0.8959,1818.0,0.8972,541.0,0.8973,219.0
1753533042257,12:30:42.257,AERO/USDT:USDT,0.896,70.0,0.8959,1818.0,0.8972,541.0,0.8973,219.0
1753533042597,12:30:42.597,AERO/USDT:USDT,0.896,70.0,0.8959,1818.0,0.8969,219.0,0.8972,541.0
1753533042668,12:30:42.668,AERO/USDT:USDT,0.896,70.0,0.8959,1818.0,0.8969,219.0,0.8972,3.0
1753533042767,12:30:42.767,AERO/USDT:USDT,0.896,70.0,0.8959,1818.0,0.8968,3.0,0.8969,219.0
1753533042872,12:30:42.872,AERO/USDT:USDT,0.896,70.0,0.8959,1818.0,0.8968,3.0,0.8969,219.0
1753533042952,12:30:42.952,AERO/USDT:USDT,0.896,70.0,0.8959,1818.0,0.8968,3.0,0.8969,219.0
1753533043052,12:30:43.052,AERO/USDT:USDT,0.896,70.0,0.8959,1818.0,0.8968,3.0,0.8969,219.0
1753533043152,12:30:43.152,AERO/USDT:USDT,0.896,70.0,0.8959,1818.0,0.8968,3.0,0.8969,219.0
1753533043252,12:30:43.252,AERO/USDT:USDT,0.896,70.0,0.8959,1818.0,0.8968,3.0,0.8969,219.0
1753533043352,12:30:43.352,AERO/USDT:USDT,0.896,70.0,0.8959,1818.0,0.8968,3.0,0.8969,219.0
1753533043453,12:30:43.453,AERO/USDT:USDT,0.896,70.0,0.8959,1818.0,0.8968,3.0,0.8969,219.0
1753533043553,12:30:43.553,AERO/USDT:USDT,0.896,70.0,0.8959,1818.0,0.8968,3.0,0.8969,219.0
1753533043652,12:30:43.652,AERO/USDT:USDT,0.896,70.0,0.8959,1818.0,0.8968,3.0,0.8969,219.0
1753533043753,12:30:43.753,AERO/USDT:USDT,0.896,70.0,0.8959,1818.0,0.8968,3.0,0.8969,219.0
1753533043891,12:30:43.891,AERO/USDT:USDT,0.896,70.0,0.8959,1818.0,0.8968,3.0,0.8973,219.0
1753533044003,12:30:44.003,AERO/USDT:USDT,0.896,70.0,0.8959,1818.0,0.8972,3.0,0.8973,219.0
1753533044068,12:30:44.068,AERO/USDT:USDT,0.896,70.0,0.8959,1818.0,0.8972,541.0,0.8973,219.0
1753533044202,12:30:44.202,AERO/USDT:USDT,0.896,70.0,0.8959,1818.0,0.8972,541.0,0.8973,219.0
1753533044254,12:30:44.254,AERO/USDT:USDT,0.896,70.0,0.8959,1818.0,0.8972,541.0,0.8973,219.0
1753533044353,12:30:44.353,AERO/USDT:USDT,0.896,70.0,0.8959,1818.0,0.8972,541.0,0.8973,219.0
1753533044458,12:30:44.458,AERO/USDT:USDT,0.896,70.0,0.8959,1818.0,0.8972,541.0,0.8973,219.0
1753533044552,12:30:44.552,AERO/USDT:USDT,0.896,70.0,0.8959,1818.0,0.8972,541.0,0.8973,219.0
1753533044652,12:30:44.652,AERO/USDT:USDT,0.896,70.0,0.8959,1818.0,0.8972,541.0,0.8973,219.0
1753533044844,12:30:44.844,AERO/USDT:USDT,0.896,70.0,0.8959,1818.0,0.8972,541.0,0.8973,219.0
1753533044858,12:30:44.858,AERO/USDT:USDT,0.896,70.0,0.8959,1818.0,0.8972,541.0,0.8973,219.0
1753533044954,12:30:44.954,AERO/USDT:USDT,0.896,70.0,0.8959,1818.0,0.8972,541.0,0.8973,219.0
1753533045052,12:30:45.052,AERO/USDT:USDT,0.896,70.0,0.8959,1818.0,0.8972,541.0,0.8973,219.0
1753533045152,12:30:45.152,AERO/USDT:USDT,0.896,70.0,0.8959,1818.0,0.8972,541.0,0.8973,219.0
1753533045307,12:30:45.307,AERO/USDT:USDT,0.896,70.0,0.8959,1818.0,0.8969,219.0,0.8972,541.0
1753533045368,12:30:45.368,AERO/USDT:USDT,0.896,70.0,0.8959,1818.0,0.8968,3.0,0.8969,219.0
1753533045452,12:30:45.452,AERO/USDT:USDT,0.896,70.0,0.8959,1818.0,0.8968,3.0,0.8969,219.0
1753533045596,12:30:45.596,AERO/USDT:USDT,0.896,70.0,0.8959,1818.0,0.8968,3.0,0.8973,219.0
1753533045658,12:30:45.658,AERO/USDT:USDT,0.896,70.0,0.8959,1818.0,0.8972,3.0,0.8973,219.0
1753533045752,12:30:45.752,AERO/USDT:USDT,0.896,70.0,0.8959,1818.0,0.8972,3.0,0.8973,219.0
1753533045942,12:30:45.942,AERO/USDT:USDT,0.896,70.0,0.8959,1818.0,0.8972,541.0,0.8973,219.0
1753533046006,12:30:46.006,AERO/USDT:USDT,0.896,70.0,0.8959,1818.0,0.8972,541.0,0.8973,219.0
1753533046079,12:30:46.079,AERO/USDT:USDT,0.896,70.0,0.8959,1818.0,0.8969,219.0,0.8972,541.0
1753533046168,12:30:46.168,AERO/USDT:USDT,0.896,70.0,0.8959,1818.0,0.8968,3.0,0.8969,219.0
1753533046282,12:30:46.282,AERO/USDT:USDT,0.896,70.0,0.8959,1818.0,0.8968,3.0,0.8973,219.0
1753533046368,12:30:46.368,AERO/USDT:USDT,0.896,70.0,0.8959,1818.0,0.8972,541.0,0.8973,219.0
1753533046454,12:30:46.454,AERO/USDT:USDT,0.896,70.0,0.8959,1818.0,0.8972,541.0,0.8973,219.0
1753533046552,12:30:46.552,AERO/USDT:USDT,0.896,70.0,0.8959,1818.0,0.8972,541.0,0.8973,219.0
1753533046685,12:30:46.685,AERO/USDT:USDT,0.896,70.0,0.8959,1818.0,0.8972,541.0,0.8973,219.0
1753533046752,12:30:46.752,AERO/USDT:USDT,0.896,70.0,0.8959,1818.0,0.8972,541.0,0.8973,219.0
1753533046852,12:30:46.852,AERO/USDT:USDT,0.896,70.0,0.8959,1818.0,0.8972,541.0,0.8973,219.0
1753533046997,12:30:46.997,AERO/USDT:USDT,0.896,70.0,0.8959,1818.0,0.8969,219.0,0.8972,541.0
1753533047055,12:30:47.055,AERO/USDT:USDT,0.896,70.0,0.8959,1818.0,0.8968,3.0,0.8969,219.0
1753533047161,12:30:47.161,AERO/USDT:USDT,0.896,70.0,0.8959,1818.0,0.8968,3.0,0.8969,219.0
1753533047258,12:30:47.258,AERO/USDT:USDT,0.896,70.0,0.8959,1818.0,0.8968,3.0,0.8969,219.0
1753533047358,12:30:47.358,AERO/USDT:USDT,0.896,70.0,0.8959,1818.0,0.8968,3.0,0.8969,219.0
1753533047453,12:30:47.453,AERO/USDT:USDT,0.896,70.0,0.8959,1818.0,0.8968,3.0,0.8969,219.0
1753533047552,12:30:47.552,AERO/USDT:USDT,0.896,70.0,0.8959,1818.0,0.8968,3.0,0.8969,219.0
1753533047659,12:30:47.659,AERO/USDT:USDT,0.896,70.0,0.8959,1818.0,0.8968,3.0,0.8969,219.0
1753533047752,12:30:47.752,AERO/USDT:USDT,0.896,70.0,0.8959,1818.0,0.8968,3.0,0.8969,219.0
1753533047907,12:30:47.907,AERO/USDT:USDT,0.896,70.0,0.8959,1818.0,0.8968,3.0,0.8973,219.0
1753533047953,12:30:47.953,AERO/USDT:USDT,0.896,70.0,0.8959,1818.0,0.8972,541.0,0.8973,219.0
1753533048074,12:30:48.074,AERO/USDT:USDT,0.896,70.0,0.8959,1818.0,0.8972,541.0,0.8973,219.0
1753533048234,12:30:48.234,AERO/USDT:USDT,0.896,70.0,0.8959,1818.0,0.8969,219.0,0.8972,541.0
1753533048325,12:30:48.325,AERO/USDT:USDT,0.896,70.0,0.8959,1818.0,0.8968,3.0,0.8969,219.0
1753533048352,12:30:48.352,AERO/USDT:USDT,0.896,70.0,0.8959,1818.0,0.8968,3.0,0.8969,219.0
1753533048459,12:30:48.459,AERO/USDT:USDT,0.896,70.0,0.8959,1818.0,0.8968,3.0,0.8969,219.0
1753533048553,12:30:48.553,AERO/USDT:USDT,0.896,70.0,0.8959,1818.0,0.8968,3.0,0.8969,219.0
1753533048653,12:30:48.653,AERO/USDT:USDT,0.896,70.0,0.8959,1818.0,0.8968,3.0,0.8969,219.0
1753533048752,12:30:48.752,AERO/USDT:USDT,0.896,70.0,0.8959,1818.0,0.8968,3.0,0.8969,219.0
1753533048858,12:30:48.858,AERO/USDT:USDT,0.896,70.0,0.8959,1818.0,0.8968,3.0,0.8969,219.0
1753533048952,12:30:48.952,AERO/USDT:USDT,0.896,70.0,0.8959,1818.0,0.8968,3.0,0.8969,219.0
1753533049084,12:30:49.084,AERO/USDT:USDT,0.896,70.0,0.8959,1818.0,0.8968,3.0,0.8969,219.0
1753533049152,12:30:49.152,AERO/USDT:USDT,0.896,70.0,0.8959,1818.0,0.8968,3.0,0.8969,219.0
1753533049252,12:30:49.252,AERO/USDT:USDT,0.896,70.0,0.8959,1818.0,0.8968,3.0,0.8969,219.0
1753533049352,12:30:49.352,AERO/USDT:USDT,0.896,70.0,0.8959,1818.0,0.8968,3.0,0.8969,219.0
1753533049545,12:30:49.545,AERO/USDT:USDT,0.896,70.0,0.8959,1818.0,0.8968,3.0,0.8969,219.0
1753533049645,12:30:49.645,AERO/USDT:USDT,0.896,70.0,0.8959,1818.0,0.8968,3.0,0.8969,219.0
1753533049652,12:30:49.652,AERO/USDT:USDT,0.896,70.0,0.8959,1818.0,0.8968,3.0,0.8969,219.0
1753533049752,12:30:49.752,AERO/USDT:USDT,0.896,70.0,0.8959,1818.0,0.8968,3.0,0.8969,219.0
1753533049858,12:30:49.858,AERO/USDT:USDT,0.896,70.0,0.8959,1818.0,0.8968,3.0,0.8969,219.0
1753533049954,12:30:49.954,AERO/USDT:USDT,0.896,70.0,0.8959,1818.0,0.8968,3.0,0.8969,219.0
1753533050052,12:30:50.052,AERO/USDT:USDT,0.896,70.0,0.8959,1818.0,0.8968,3.0,0.8969,219.0
1753533050152,12:30:50.152,AERO/USDT:USDT,0.896,70.0,0.8959,1818.0,0.8968,3.0,0.8969,219.0
1753533050283,12:30:50.283,AERO/USDT:USDT,0.896,70.0,0.8959,1818.0,0.8968,3.0,0.8973,219.0
1753533050353,12:30:50.353,AERO/USDT:USDT,0.896,70.0,0.8959,1818.0,0.8972,541.0,0.8973,219.0
1753533050468,12:30:50.468,AERO/USDT:USDT,0.896,70.0,0.8959,1818.0,0.8972,3.0,0.8973,219.0
1753533050568,12:30:50.568,AERO/USDT:USDT,0.896,70.0,0.8959,1818.0,0.8972,541.0,0.8973,219.0
1753533050668,12:30:50.668,AERO/USDT:USDT,0.896,70.0,0.8959,1818.0,0.8972,3.0,0.8973,219.0
1753533050772,12:30:50.772,AERO/USDT:USDT,0.896,70.0,0.8959,1818.0,0.8972,541.0,0.8973,219.0
1753533050941,12:30:50.941,AERO/USDT:USDT,0.896,70.0,0.8959,1818.0,0.8972,541.0,0.8973,219.0
1753533050958,12:30:50.958,AERO/USDT:USDT,0.896,70.0,0.8959,1818.0,0.8972,541.0,0.8973,219.0
1753533051068,12:30:51.068,AERO/USDT:USDT,0.896,70.0,0.8959,1818.0,0.8972,3.0,0.8973,219.0
1753533051168,12:30:51.168,AERO/USDT:USDT,0.896,70.0,0.8959,1818.0,0.8972,541.0,0.8973,219.0
1753533051268,12:30:51.268,AERO/USDT:USDT,0.896,70.0,0.8959,1818.0,0.8972,3.0,0.8973,219.0
1753533051367,12:30:51.367,AERO/USDT:USDT,0.896,70.0,0.8959,1818.0,0.8972,541.0,0.8973,219.0
1753533051452,12:30:51.452,AERO/USDT:USDT,0.896,70.0,0.8959,1818.0,0.8972,541.0,0.8973,219.0
1753533051551,12:30:51.551,AERO/USDT:USDT,0.896,70.0,0.8959,1818.0,0.8972,541.0,0.8973,219.0
1753533051653,12:30:51.653,AERO/USDT:USDT,0.896,70.0,0.8959,1818.0,0.8972,541.0,0.8973,219.0
1753533051752,12:30:51.752,AERO/USDT:USDT,0.896,70.0,0.8959,1818.0,0.8972,541.0,0.8973,219.0
1753533051888,12:30:51.888,AERO/USDT:USDT,0.896,70.0,0.8959,1818.0,0.8972,3.0,0.8973,219.0
1753533052012,12:30:52.012,AERO/USDT:USDT,0.896,70.0,0.8959,1818.0,0.8972,541.0,0.8973,219.0
1753533052052,12:30:52.052,AERO/USDT:USDT,0.896,70.0,0.8959,1818.0,0.8972,541.0,0.8973,219.0
1753533052152,12:30:52.152,AERO/USDT:USDT,0.896,70.0,0.8959,1818.0,0.8972,541.0,0.8973,219.0
1753533052253,12:30:52.253,AERO/USDT:USDT,0.896,70.0,0.8959,1818.0,0.8972,541.0,0.8973,219.0
1753533052359,12:30:52.359,AERO/USDT:USDT,0.896,70.0,0.8959,1818.0,0.8972,541.0,0.8973,219.0
1753533052452,12:30:52.452,AERO/USDT:USDT,0.896,70.0,0.8959,1818.0,0.8972,541.0,0.8973,219.0
1753533052552,12:30:52.552,AERO/USDT:USDT,0.896,70.0,0.8959,1818.0,0.8972,541.0,0.8973,219.0
1753533052660,12:30:52.660,AERO/USDT:USDT,0.896,70.0,0.8959,1818.0,0.8972,541.0,0.8973,219.0
1753533052752,12:30:52.752,AERO/USDT:USDT,0.896,70.0,0.8959,1818.0,0.8972,541.0,0.8973,219.0
1753533052853,12:30:52.853,AERO/USDT:USDT,0.896,70.0,0.8959,1818.0,0.8972,541.0,0.8973,219.0
1753533053045,12:30:53.045,AERO/USDT:USDT,0.896,70.0,0.8959,1818.0,0.8972,3.0,0.8973,219.0
1753533053053,12:30:53.053,AERO/USDT:USDT,0.896,70.0,0.8959,1818.0,0.8972,541.0,0.8973,219.0
1753533053168,12:30:53.168,AERO/USDT:USDT,0.896,70.0,0.8959,1818.0,0.8972,3.0,0.8973,219.0
1753533053268,12:30:53.268,AERO/USDT:USDT,0.896,70.0,0.8959,1818.0,0.8972,541.0,0.8973,219.0
1753533053352,12:30:53.352,AERO/USDT:USDT,0.896,70.0,0.8959,1818.0,0.8972,3.0,0.8973,219.0
1753533053452,12:30:53.452,AERO/USDT:USDT,0.896,70.0,0.8959,1818.0,0.8972,541.0,0.8973,219.0
1753533053553,12:30:53.553,AERO/USDT:USDT,0.896,70.0,0.8959,1818.0,0.8972,541.0,0.8973,219.0
1753533053687,12:30:53.687,AERO/USDT:USDT,0.896,70.0,0.8959,1818.0,0.8972,3.0,0.8973,219.0
1753533053752,12:30:53.752,AERO/USDT:USDT,0.896,70.0,0.8959,1818.0,0.8972,541.0,0.8973,219.0
1753533053852,12:30:53.852,AERO/USDT:USDT,0.896,70.0,0.8959,1818.0,0.8972,541.0,0.8973,219.0
1753533053959,12:30:53.959,AERO/USDT:USDT,0.896,70.0,0.8959,1818.0,0.8972,541.0,0.8973,219.0
1753533054052,12:30:54.052,AERO/USDT:USDT,0.896,70.0,0.8959,1818.0,0.8972,541.0,0.8973,219.0
1753533054159,12:30:54.159,AERO/USDT:USDT,0.896,70.0,0.8959,1818.0,0.8972,541.0,0.8973,219.0
1753533054307,12:30:54.307,AERO/USDT:USDT,0.896,70.0,0.8959,1818.0,0.8969,219.0,0.8972,541.0
1753533054445,12:30:54.445,AERO/USDT:USDT,0.896,70.0,0.8959,1818.0,0.8968,3.0,0.8969,219.0
1753533054453,12:30:54.453,AERO/USDT:USDT,0.896,70.0,0.8959,1818.0,0.8968,3.0,0.8969,219.0
1753533054552,12:30:54.552,AERO/USDT:USDT,0.896,70.0,0.8959,1818.0,0.8968,3.0,0.8969,219.0
1753533054653,12:30:54.653,AERO/USDT:USDT,0.896,70.0,0.8959,1818.0,0.8968,3.0,0.8969,219.0
1753533054753,12:30:54.753,AERO/USDT:USDT,0.896,70.0,0.8959,1818.0,0.8968,3.0,0.8969,219.0
1753533054859,12:30:54.859,AERO/USDT:USDT,0.896,70.0,0.8959,1818.0,0.8968,3.0,0.8969,219.0
1753533054958,12:30:54.958,AERO/USDT:USDT,0.896,70.0,0.8959,1818.0,0.8968,3.0,0.8969,219.0
1753533055053,12:30:55.053,AERO/USDT:USDT,0.896,70.0,0.8959,1818.0,0.8968,3.0,0.8969,219.0
1753533055168,12:30:55.168,AERO/USDT:USDT,0.896,70.0,0.8959,1818.0,0.8968,3.0,0.8969,219.0
1753533055254,12:30:55.254,AERO/USDT:USDT,0.896,70.0,0.8959,1818.0,0.8968,3.0,0.8969,219.0
1753533055352,12:30:55.352,AERO/USDT:USDT,0.896,70.0,0.8959,1818.0,0.8968,3.0,0.8969,219.0
1753533055452,12:30:55.452,AERO/USDT:USDT,0.896,70.0,0.8959,1818.0,0.8968,3.0,0.8969,219.0
1753533055552,12:30:55.552,AERO/USDT:USDT,0.896,70.0,0.8959,1818.0,0.8968,3.0,0.8969,219.0
1753533055652,12:30:55.652,AERO/USDT:USDT,0.896,70.0,0.8959,1818.0,0.8968,3.0,0.8969,219.0
1753533055752,12:30:55.752,AERO/USDT:USDT,0.896,70.0,0.8959,1818.0,0.8968,3.0,0.8969,219.0
1753533055928,12:30:55.928,AERO/USDT:USDT,0.896,70.0,0.8958,50.0,0.8968,3.0,0.8969,219.0
1753533056023,12:30:56.023,AERO/USDT:USDT,0.8961,1816.0,0.896,41.0,0.8968,3.0,0.8969,219.0
1753533056120,12:30:56.120,AERO/USDT:USDT,0.8962,29.0,0.8961,1816.0,0.8968,3.0,0.8969,219.0
1753533056797,12:30:56.797,AERO/USDT:USDT,0.8962,29.0,0.8961,1816.0,0.8968,3.0,0.8969,219.0
1753533057073,12:30:57.073,AERO/USDT:USDT,0.8962,29.0,0.8961,1816.0,0.8968,3.0,0.8969,219.0
1753533057236,12:30:57.236,AERO/USDT:USDT,0.8962,29.0,0.8961,1816.0,0.8968,3.0,0.8969,219.0
1753533057642,12:30:57.642,AERO/USDT:USDT,0.8962,29.0,0.8961,1816.0,0.8968,3.0,0.8969,219.0
1753533057920,12:30:57.920,AERO/USDT:USDT,0.8962,29.0,0.8961,1816.0,0.8968,3.0,0.8969,219.0
1753533059244,12:30:59.244,AERO/USDT:USDT,0.8962,29.0,0.8961,1816.0,0.8968,3.0,0.8969,219.0
1753533059248,12:30:59.248,AERO/USDT:USDT,0.8962,29.0,0.8961,1816.0,0.8968,3.0,0.8969,219.0
1753533059420,12:30:59.420,AERO/USDT:USDT,0.8962,29.0,0.8961,1816.0,0.8968,3.0,0.8969,219.0
1753533059736,12:30:59.736,AERO/USDT:USDT,0.8962,29.0,0.8958,50.0,0.8968,3.0,0.8969,219.0
1753533059843,12:30:59.843,AERO/USDT:USDT,0.8959,1816.0,0.8958,50.0,0.8968,3.0,0.8969,219.0
1753533059945,12:30:59.945,AERO/USDT:USDT,0.8959,1816.0,0.8958,50.0,0.8969,219.0,0.8971,538.0
1753533060035,12:31:00.035,AERO/USDT:USDT,0.896,29.0,0.8959,1816.0,0.8968,3.0,0.8969,219.0
1753533060204,12:31:00.204,AERO/USDT:USDT,0.896,29.0,0.8959,1816.0,0.8968,3.0,0.8969,219.0
1753533060911,12:31:00.911,AERO/USDT:USDT,0.896,29.0,0.8959,1816.0,0.8968,3.0,0.8969,219.0
1753533061111,12:31:01.111,AERO/USDT:USDT,0.896,29.0,0.8957,2.0,0.8968,3.0,0.8969,219.0
1753533061219,12:31:01.219,AERO/USDT:USDT,0.8957,2.0,0.8955,29.0,0.8968,3.0,0.8969,219.0
1753533061264,12:31:01.264,AERO/USDT:USDT,0.8958,1816.0,0.8957,2.0,0.8968,3.0,0.8969,219.0
1753533061632,12:31:01.632,AERO/USDT:USDT,0.8958,1816.0,0.8957,2.0,0.8965,219.0,0.8968,3.0
1753533061715,12:31:01.715,AERO/USDT:USDT,0.8958,1816.0,0.8957,2.0,0.8968,3.0,0.8969,219.0
1753533061832,12:31:01.832,AERO/USDT:USDT,0.8958,1857.0,0.8957,2.0,0.8968,3.0,0.8969,219.0
1753533061942,12:31:01.942,AERO/USDT:USDT,0.8959,29.0,0.8958,1857.0,0.8964,2.0,0.8968,1.0
1753533062004,12:31:02.004,AERO/USDT:USDT,0.8959,29.0,0.8958,1857.0,0.8968,3.0,0.8969,219.0
1753533062049,12:31:02.049,AERO/USDT:USDT,0.8959,29.0,0.8958,1857.0,0.8968,3.0,0.8969,219.0
1753533062227,12:31:02.227,AERO/USDT:USDT,0.8959,29.0,0.8958,1857.0,0.8965,219.0,0.8968,3.0
1753533062252,12:31:02.252,AERO/USDT:USDT,0.8959,29.0,0.8958,1857.0,0.8964,3.0,0.8965,219.0
1753533062566,12:31:02.566,AERO/USDT:USDT,0.8959,29.0,0.8958,1857.0,0.8964,3.0,0.8965,219.0
1753533063233,12:31:03.233,AERO/USDT:USDT,0.8959,29.0,0.8958,1857.0,0.8964,3.0,0.8965,219.0
1753533063251,12:31:03.251,AERO/USDT:USDT,0.8959,29.0,0.8958,1857.0,0.8964,3.0,0.8965,219.0
1753533063398,12:31:03.398,AERO/USDT:USDT,0.8959,29.0,0.8958,1857.0,0.8964,3.0,0.8969,219.0
1753533063452,12:31:03.452,AERO/USDT:USDT,0.8959,29.0,0.8958,1857.0,0.8968,3.0,0.8969,219.0
1753533063859,12:31:03.859,AERO/USDT:USDT,0.8959,29.0,0.8958,1857.0,0.8965,219.0,0.8968,3.0
1753533064045,12:31:04.045,AERO/USDT:USDT,0.8959,29.0,0.8958,1857.0,0.8964,3.0,0.8965,219.0
1753533064091,12:31:04.091,AERO/USDT:USDT,0.8959,29.0,0.8958,1857.0,0.8964,3.0,0.8965,219.0
1753533064764,12:31:04.764,AERO/USDT:USDT,0.8959,29.0,0.8958,1857.0,0.8964,3.0,0.8969,219.0
1753533064854,12:31:04.854,AERO/USDT:USDT,0.8959,29.0,0.8958,1857.0,0.8968,3.0,0.8969,219.0
1753533065035,12:31:05.035,AERO/USDT:USDT,0.8959,29.0,0.8958,1857.0,0.8965,219.0,0.8968,3.0
1753533065056,12:31:05.056,AERO/USDT:USDT,0.8959,29.0,0.8958,1857.0,0.8964,3.0,0.8965,219.0
1753533065897,12:31:05.897,AERO/USDT:USDT,0.8959,29.0,0.8958,1857.0,0.8964,3.0,0.8965,219.0
1753533066798,12:31:06.798,AERO/USDT:USDT,0.8959,29.0,0.8958,1816.0,0.8964,3.0,0.8965,219.0
1753533067508,12:31:07.508,AERO/USDT:USDT,0.8959,29.0,0.8958,1816.0,0.8964,3.0,0.8969,219.0
1753533067553,12:31:07.553,AERO/USDT:USDT,0.8959,29.0,0.8958,1816.0,0.8968,3.0,0.8969,219.0
1753533068845,12:31:08.845,AERO/USDT:USDT,0.8959,29.0,0.8958,1816.0,0.8968,3.0,0.8969,219.0
1753533068887,12:31:08.887,AERO/USDT:USDT,0.8959,29.0,0.8958,1816.0,0.8968,3.0,0.8969,219.0
1753533069079,12:31:09.079,AERO/USDT:USDT,0.8959,29.0,0.8958,1816.0,0.8968,3.0,0.8969,219.0
1753533069437,12:31:09.437,AERO/USDT:USDT,0.8959,29.0,0.8958,1816.0,0.8968,3.0,0.8969,219.0
1753533070003,12:31:10.003,AERO/USDT:USDT,0.8959,29.0,0.8958,1816.0,0.8968,3.0,0.8969,219.0
1753533071805,12:31:11.805,AERO/USDT:USDT,0.8959,70.0,0.8958,1816.0,0.8968,3.0,0.8969,219.0
1753533071852,12:31:11.852,AERO/USDT:USDT,0.8959,70.0,0.8958,1816.0,0.8968,3.0,0.8969,219.0
1753533071952,12:31:11.952,AERO/USDT:USDT,0.8959,70.0,0.8958,1816.0,0.8968,3.0,0.8969,219.0
1753533072053,12:31:12.053,AERO/USDT:USDT,0.8959,70.0,0.8958,1816.0,0.8968,3.0,0.8969,219.0
1753533072153,12:31:12.153,AERO/USDT:USDT,0.8959,70.0,0.8958,1816.0,0.8968,3.0,0.8969,219.0
1753533072252,12:31:12.252,AERO/USDT:USDT,0.8959,70.0,0.8958,1816.0,0.8968,3.0,0.8969,219.0
1753533072352,12:31:12.352,AERO/USDT:USDT,0.8959,70.0,0.8958,1816.0,0.8968,3.0,0.8969,219.0
1753533072452,12:31:12.452,AERO/USDT:USDT,0.8959,70.0,0.8958,1816.0,0.8968,3.0,0.8969,219.0
1753533072552,12:31:12.552,AERO/USDT:USDT,0.8959,70.0,0.8958,1816.0,0.8968,3.0,0.8969,219.0
1753533072652,12:31:12.652,AERO/USDT:USDT,0.8959,70.0,0.8958,1816.0,0.8968,3.0,0.8969,219.0
1753533072752,12:31:12.752,AERO/USDT:USDT,0.8959,70.0,0.8958,1816.0,0.8968,3.0,0.8969,219.0
1753533072857,12:31:12.857,AERO/USDT:USDT,0.8959,70.0,0.8958,1816.0,0.8968,3.0,0.8969,219.0
1753533072952,12:31:12.952,AERO/USDT:USDT,0.8959,70.0,0.8958,1816.0,0.8968,3.0,0.8969,219.0
1753533073053,12:31:13.053,AERO/USDT:USDT,0.8959,70.0,0.8958,1816.0,0.8968,3.0,0.8969,219.0
1753533073152,12:31:13.152,AERO/USDT:USDT,0.8959,70.0,0.8958,1816.0,0.8968,3.0,0.8969,219.0
1753533073255,12:31:13.255,AERO/USDT:USDT,0.8959,70.0,0.8958,1816.0,0.8968,3.0,0.8969,219.0
1753533073356,12:31:13.356,AERO/USDT:USDT,0.8959,70.0,0.8958,1816.0,0.8968,3.0,0.8969,219.0
1753533073452,12:31:13.452,AERO/USDT:USDT,0.8959,70.0,0.8958,1816.0,0.8968,3.0,0.8969,219.0
1753533073645,12:31:13.645,AERO/USDT:USDT,0.8959,70.0,0.8958,1816.0,0.8968,3.0,0.8969,219.0
1753533073653,12:31:13.653,AERO/USDT:USDT,0.8959,70.0,0.8958,1816.0,0.8968,3.0,0.8969,219.0
1753533073752,12:31:13.752,AERO/USDT:USDT,0.8959,70.0,0.8958,1816.0,0.8968,3.0,0.8969,219.0
1753533073852,12:31:13.852,AERO/USDT:USDT,0.8959,70.0,0.8958,1816.0,0.8968,3.0,0.8969,219.0
1753533074007,12:31:14.007,AERO/USDT:USDT,0.8959,70.0,0.8958,1816.0,0.8968,3.0,0.8969,219.0
1753533074053,12:31:14.053,AERO/USDT:USDT,0.8959,70.0,0.8958,1816.0,0.8968,3.0,0.8969,219.0
1753533074152,12:31:14.152,AERO/USDT:USDT,0.8959,70.0,0.8958,1816.0,0.8968,3.0,0.8969,219.0
1753533074252,12:31:14.252,AERO/USDT:USDT,0.8959,70.0,0.8958,1816.0,0.8968,3.0,0.8969,219.0
1753533074355,12:31:14.355,AERO/USDT:USDT,0.8959,70.0,0.8958,1816.0,0.8968,3.0,0.8969,219.0
1753533074493,12:31:14.493,AERO/USDT:USDT,0.8959,70.0,0.8958,1816.0,0.8968,3.0,0.8969,219.0
1753533074553,12:31:14.553,AERO/USDT:USDT,0.8959,70.0,0.8958,1816.0,0.8968,3.0,0.8969,219.0
1753533074652,12:31:14.652,AERO/USDT:USDT,0.8959,70.0,0.8958,1816.0,0.8968,3.0,0.8969,219.0
1753533074752,12:31:14.752,AERO/USDT:USDT,0.8959,70.0,0.8958,1816.0,0.8968,3.0,0.8969,219.0
1753533074852,12:31:14.852,AERO/USDT:USDT,0.8959,70.0,0.8958,1816.0,0.8968,3.0,0.8969,219.0
1753533074956,12:31:14.956,AERO/USDT:USDT,0.8959,70.0,0.8958,1816.0,0.8968,3.0,0.8969,219.0
1753533075052,12:31:15.052,AERO/USDT:USDT,0.8959,70.0,0.8958,1816.0,0.8968,3.0,0.8969,219.0
1753533075156,12:31:15.156,AERO/USDT:USDT,0.8959,70.0,0.8958,1816.0,0.8968,3.0,0.8969,219.0
1753533075252,12:31:15.252,AERO/USDT:USDT,0.8959,70.0,0.8958,1816.0,0.8968,3.0,0.8969,219.0
1753533075352,12:31:15.352,AERO/USDT:USDT,0.8959,70.0,0.8958,1816.0,0.8968,3.0,0.8969,219.0
1753533075455,12:31:15.455,AERO/USDT:USDT,0.8959,70.0,0.8958,1816.0,0.8968,3.0,0.8969,219.0
1753533075552,12:31:15.552,AERO/USDT:USDT,0.8959,70.0,0.8958,1816.0,0.8968,3.0,0.8969,219.0
1753533075653,12:31:15.653,AERO/USDT:USDT,0.8959,70.0,0.8958,1816.0,0.8968,3.0,0.8969,219.0
1753533075752,12:31:15.752,AERO/USDT:USDT,0.8959,70.0,0.8958,1816.0,0.8968,3.0,0.8969,219.0
1753533075852,12:31:15.852,AERO/USDT:USDT,0.8959,70.0,0.8958,1816.0,0.8968,3.0,0.8969,219.0
1753533076005,12:31:16.005,AERO/USDT:USDT,0.8959,70.0,0.8958,1816.0,0.8968,3.0,0.8969,219.0
1753533076071,12:31:16.071,AERO/USDT:USDT,0.8959,70.0,0.8958,1816.0,0.8968,3.0,0.8969,219.0
1753533076157,12:31:16.157,AERO/USDT:USDT,0.8959,70.0,0.8958,1816.0,0.8968,3.0,0.8969,219.0
1753533076252,12:31:16.252,AERO/USDT:USDT,0.8959,70.0,0.8958,1816.0,0.8968,3.0,0.8969,219.0
1753533076352,12:31:16.352,AERO/USDT:USDT,0.8959,70.0,0.8958,1816.0,0.8968,3.0,0.8969,219.0
1753533076453,12:31:16.453,AERO/USDT:USDT,0.8959,70.0,0.8958,1816.0,0.8968,3.0,0.8969,219.0
1753533076553,12:31:16.553,AERO/USDT:USDT,0.8959,70.0,0.8958,1816.0,0.8968,3.0,0.8969,219.0
1753533076655,12:31:16.655,AERO/USDT:USDT,0.8959,70.0,0.8958,1816.0,0.8968,3.0,0.8969,219.0
1753533076755,12:31:16.755,AERO/USDT:USDT,0.8959,70.0,0.8958,1816.0,0.8968,3.0,0.8969,219.0
1753533076852,12:31:16.852,AERO/USDT:USDT,0.8959,70.0,0.8958,1816.0,0.8968,3.0,0.8969,219.0
1753533077042,12:31:17.042,AERO/USDT:USDT,0.8959,70.0,0.8958,1816.0,0.8968,3.0,0.8969,219.0
1753533077060,12:31:17.060,AERO/USDT:USDT,0.8959,70.0,0.8958,1816.0,0.8968,3.0,0.8969,219.0
1753533077155,12:31:17.155,AERO/USDT:USDT,0.8959,70.0,0.8958,1816.0,0.8968,3.0,0.8969,219.0
1753533077252,12:31:17.252,AERO/USDT:USDT,0.8959,70.0,0.8958,1816.0,0.8968,3.0,0.8969,219.0
1753533077352,12:31:17.352,AERO/USDT:USDT,0.8959,70.0,0.8958,1816.0,0.8968,3.0,0.8969,219.0
1753533077452,12:31:17.452,AERO/USDT:USDT,0.8959,70.0,0.8958,1816.0,0.8968,3.0,0.8969,219.0
1753533077552,12:31:17.552,AERO/USDT:USDT,0.8959,70.0,0.8958,1816.0,0.8968,3.0,0.8969,219.0
1753533077652,12:31:17.652,AERO/USDT:USDT,0.8959,70.0,0.8958,1816.0,0.8968,3.0,0.8969,219.0
1753533077752,12:31:17.752,AERO/USDT:USDT,0.8959,70.0,0.8958,1816.0,0.8968,3.0,0.8969,219.0
1753533077872,12:31:17.872,AERO/USDT:USDT,0.8959,70.0,0.8958,1816.0,0.8968,3.0,0.8969,219.0
1753533077960,12:31:17.960,AERO/USDT:USDT,0.8959,70.0,0.8958,1816.0,0.8968,3.0,0.8969,219.0
1753533078118,12:31:18.118,AERO/USDT:USDT,0.8959,84.0,0.8958,1816.0,0.8968,3.0,0.8969,219.0
1753533078180,12:31:18.180,AERO/USDT:USDT,0.8959,84.0,0.8958,1816.0,0.8968,3.0,0.8969,219.0
1753533078301,12:31:18.301,AERO/USDT:USDT,0.8959,84.0,0.8958,1816.0,0.8968,3.0,0.8969,219.0
1753533078488,12:31:18.488,AERO/USDT:USDT,0.8959,84.0,0.8958,1816.0,0.8968,3.0,0.8969,219.0
1753533078731,12:31:18.731,AERO/USDT:USDT,0.8959,70.0,0.8958,1816.0,0.8968,3.0,0.8969,219.0
1753533078753,12:31:18.753,AERO/USDT:USDT,0.8959,70.0,0.8958,1816.0,0.8968,3.0,0.8969,219.0
1753533078860,12:31:18.860,AERO/USDT:USDT,0.8959,70.0,0.8958,1816.0,0.8968,3.0,0.8969,219.0
1753533078962,12:31:18.962,AERO/USDT:USDT,0.8959,70.0,0.8958,1816.0,0.8968,3.0,0.8969,219.0
1753533079108,12:31:19.108,AERO/USDT:USDT,0.8959,70.0,0.8958,1816.0,0.8968,3.0,0.8969,219.0
1753533079153,12:31:19.153,AERO/USDT:USDT,0.8959,70.0,0.8958,1816.0,0.8968,3.0,0.8969,219.0
1753533079252,12:31:19.252,AERO/USDT:USDT,0.8959,70.0,0.8958,1816.0,0.8968,3.0,0.8969,219.0
1753533079357,12:31:19.357,AERO/USDT:USDT,0.8959,70.0,0.8958,1816.0,0.8968,3.0,0.8969,219.0
1753533079494,12:31:19.494,AERO/USDT:USDT,0.8959,70.0,0.8958,1816.0,0.8968,3.0,0.8969,219.0
1753533079552,12:31:19.552,AERO/USDT:USDT,0.8959,70.0,0.8958,1816.0,0.8968,3.0,0.8969,219.0
1753533079652,12:31:19.652,AERO/USDT:USDT,0.8959,70.0,0.8958,1816.0,0.8968,3.0,0.8969,219.0
1753533079752,12:31:19.752,AERO/USDT:USDT,0.8959,70.0,0.8958,1816.0,0.8968,3.0,0.8969,219.0
1753533079852,12:31:19.852,AERO/USDT:USDT,0.8959,70.0,0.8958,1816.0,0.8968,3.0,0.8969,219.0
1753533080006,12:31:20.006,AERO/USDT:USDT,0.8959,70.0,0.8958,1816.0,0.8968,3.0,0.8969,219.0
1753533080053,12:31:20.053,AERO/USDT:USDT,0.8959,70.0,0.8958,1816.0,0.8968,3.0,0.8969,219.0
1753533080153,12:31:20.153,AERO/USDT:USDT,0.8959,70.0,0.8958,1816.0,0.8968,3.0,0.8969,219.0
1753533080277,12:31:20.277,AERO/USDT:USDT,0.8959,70.0,0.8958,1816.0,0.8968,3.0,0.8969,219.0
1753533080354,12:31:20.354,AERO/USDT:USDT,0.8959,70.0,0.8958,1816.0,0.8968,3.0,0.8969,219.0
1753533080452,12:31:20.452,AERO/USDT:USDT,0.8959,70.0,0.8958,1816.0,0.8968,3.0,0.8969,219.0
1753533080611,12:31:20.611,AERO/USDT:USDT,0.8959,70.0,0.8958,1816.0,0.8968,3.0,0.8969,219.0
1753533080655,12:31:20.655,AERO/USDT:USDT,0.8959,70.0,0.8958,1816.0,0.8968,3.0,0.8969,219.0
1753533080754,12:31:20.754,AERO/USDT:USDT,0.8959,70.0,0.8958,1816.0,0.8968,3.0,0.8969,219.0
1753533080853,12:31:20.853,AERO/USDT:USDT,0.8959,70.0,0.8958,1816.0,0.8968,3.0,0.8969,219.0
1753533080952,12:31:20.952,AERO/USDT:USDT,0.8959,70.0,0.8958,1816.0,0.8968,3.0,0.8969,219.0
1753533081052,12:31:21.052,AERO/USDT:USDT,0.8959,70.0,0.8958,1816.0,0.8968,3.0,0.8969,219.0
1753533081152,12:31:21.152,AERO/USDT:USDT,0.8959,70.0,0.8958,1816.0,0.8968,3.0,0.8969,219.0
1753533081254,12:31:21.254,AERO/USDT:USDT,0.8959,70.0,0.8958,1816.0,0.8968,3.0,0.8969,219.0
1753533081352,12:31:21.352,AERO/USDT:USDT,0.8959,70.0,0.8958,1816.0,0.8968,3.0,0.8969,219.0
1753533081453,12:31:21.453,AERO/USDT:USDT,0.8959,70.0,0.8958,1816.0,0.8968,3.0,0.8969,219.0
1753533081552,12:31:21.552,AERO/USDT:USDT,0.8959,70.0,0.8958,1816.0,0.8968,3.0,0.8969,219.0
1753533081653,12:31:21.653,AERO/USDT:USDT,0.8959,70.0,0.8958,1816.0,0.8968,3.0,0.8969,219.0
1753533081752,12:31:21.752,AERO/USDT:USDT,0.8959,70.0,0.8958,1816.0,0.8968,3.0,0.8969,219.0
1753533081899,12:31:21.899,AERO/USDT:USDT,0.8959,70.0,0.8958,1816.0,0.8968,3.0,0.8969,219.0
1753533082003,12:31:22.003,AERO/USDT:USDT,0.8959,70.0,0.8958,1816.0,0.8968,3.0,0.8969,219.0
1753533082054,12:31:22.054,AERO/USDT:USDT,0.8959,70.0,0.8958,1816.0,0.8968,3.0,0.8969,219.0
1753533082206,12:31:22.206,AERO/USDT:USDT,0.8959,70.0,0.8958,1816.0,0.8968,3.0,0.8969,219.0
1753533082318,12:31:22.318,AERO/USDT:USDT,0.8959,70.0,0.8958,1816.0,0.8968,3.0,0.8969,219.0
1753533082412,12:31:22.412,AERO/USDT:USDT,0.8959,70.0,0.8958,1816.0,0.8968,3.0,0.8969,219.0
1753533082521,12:31:22.521,AERO/USDT:USDT,0.8959,70.0,0.8958,1816.0,0.8968,3.0,0.8969,219.0
1753533082552,12:31:22.552,AERO/USDT:USDT,0.8959,70.0,0.8958,1816.0,0.8968,3.0,0.8969,219.0
1753533082655,12:31:22.655,AERO/USDT:USDT,0.8959,70.0,0.8958,1816.0,0.8968,3.0,0.8969,219.0
1753533082752,12:31:22.752,AERO/USDT:USDT,0.8959,70.0,0.8958,1816.0,0.8968,3.0,0.8969,219.0
1753533082852,12:31:22.852,AERO/USDT:USDT,0.8959,70.0,0.8958,1816.0,0.8968,3.0,0.8969,219.0
1753533082980,12:31:22.980,AERO/USDT:USDT,0.8959,70.0,0.8958,1816.0,0.8968,3.0,0.8969,219.0
1753533083052,12:31:23.052,AERO/USDT:USDT,0.8959,70.0,0.8958,1816.0,0.8968,3.0,0.8969,219.0
1753533083244,12:31:23.244,AERO/USDT:USDT,0.8959,70.0,0.8958,1816.0,0.8968,3.0,0.8969,219.0
1753533083252,12:31:23.252,AERO/USDT:USDT,0.8959,70.0,0.8958,1816.0,0.8968,3.0,0.8969,219.0
1753533083352,12:31:23.352,AERO/USDT:USDT,0.8959,70.0,0.8958,1816.0,0.8968,3.0,0.8969,219.0
1753533083456,12:31:23.456,AERO/USDT:USDT,0.8959,70.0,0.8958,1816.0,0.8968,3.0,0.8969,219.0
1753533083552,12:31:23.552,AERO/USDT:USDT,0.8959,70.0,0.8958,1816.0,0.8968,3.0,0.8969,219.0
1753533083652,12:31:23.652,AERO/USDT:USDT,0.8959,70.0,0.8958,1816.0,0.8968,3.0,0.8969,219.0
1753533083756,12:31:23.756,AERO/USDT:USDT,0.8959,70.0,0.8958,1816.0,0.8968,3.0,0.8969,219.0
1753533083852,12:31:23.852,AERO/USDT:USDT,0.8959,70.0,0.8958,1816.0,0.8968,3.0,0.8969,219.0
1753533083956,12:31:23.956,AERO/USDT:USDT,0.8959,70.0,0.8958,1816.0,0.8968,3.0,0.8969,219.0
1753533084052,12:31:24.052,AERO/USDT:USDT,0.8959,70.0,0.8958,1816.0,0.8968,3.0,0.8969,219.0
1753533084152,12:31:24.152,AERO/USDT:USDT,0.8959,70.0,0.8958,1816.0,0.8968,3.0,0.8969,219.0
1753533084328,12:31:24.328,AERO/USDT:USDT,0.8959,70.0,0.8958,1816.0,0.8968,3.0,0.8969,219.0
1753533084352,12:31:24.352,AERO/USDT:USDT,0.8959,70.0,0.8958,1816.0,0.8968,3.0,0.8969,219.0
1753533084452,12:31:24.452,AERO/USDT:USDT,0.8959,70.0,0.8958,1816.0,0.8968,3.0,0.8969,219.0
1753533084553,12:31:24.553,AERO/USDT:USDT,0.8959,70.0,0.8958,1816.0,0.8968,3.0,0.8969,219.0
1753533084656,12:31:24.656,AERO/USDT:USDT,0.8959,70.0,0.8958,1816.0,0.8968,3.0,0.8969,219.0
1753533084753,12:31:24.753,AERO/USDT:USDT,0.8959,70.0,0.8958,1816.0,0.8968,3.0,0.8969,219.0
1753533084895,12:31:24.895,AERO/USDT:USDT,0.8959,70.0,0.8958,1816.0,0.8968,3.0,0.8969,219.0
1753533085005,12:31:25.005,AERO/USDT:USDT,0.8959,70.0,0.8958,1816.0,0.8968,3.0,0.8969,219.0
1753533085052,12:31:25.052,AERO/USDT:USDT,0.8959,70.0,0.8958,1816.0,0.8968,3.0,0.8969,219.0
1753533085155,12:31:25.155,AERO/USDT:USDT,0.8959,70.0,0.8958,1816.0,0.8968,3.0,0.8969,219.0
1753533085252,12:31:25.252,AERO/USDT:USDT,0.8959,70.0,0.8958,1816.0,0.8968,3.0,0.8969,219.0
1753533085352,12:31:25.352,AERO/USDT:USDT,0.8959,70.0,0.8958,1816.0,0.8968,3.0,0.8969,219.0
1753533085520,12:31:25.520,AERO/USDT:USDT,0.8959,70.0,0.8958,1816.0,0.8968,3.0,0.8969,219.0
1753533085556,12:31:25.556,AERO/USDT:USDT,0.8959,70.0,0.8958,1816.0,0.8968,3.0,0.8969,219.0
1753533085656,12:31:25.656,AERO/USDT:USDT,0.8959,70.0,0.8958,1816.0,0.8968,3.0,0.8969,219.0
1753533085752,12:31:25.752,AERO/USDT:USDT,0.8959,70.0,0.8958,1816.0,0.8968,3.0,0.8969,219.0
1753533085856,12:31:25.856,AERO/USDT:USDT,0.8959,70.0,0.8958,1816.0,0.8968,3.0,0.8969,219.0
1753533085952,12:31:25.952,AERO/USDT:USDT,0.8959,70.0,0.8958,1816.0,0.8968,3.0,0.8969,219.0
1753533086057,12:31:26.057,AERO/USDT:USDT,0.8959,70.0,0.8958,1816.0,0.8968,3.0,0.8969,219.0
1753533086153,12:31:26.153,AERO/USDT:USDT,0.8959,70.0,0.8958,1816.0,0.8968,3.0,0.8969,219.0
1753533086252,12:31:26.252,AERO/USDT:USDT,0.8959,70.0,0.8958,1816.0,0.8968,3.0,0.8969,219.0
1753533086354,12:31:26.354,AERO/USDT:USDT,0.8959,70.0,0.8958,1816.0,0.8968,3.0,0.8969,219.0
1753533086456,12:31:26.456,AERO/USDT:USDT,0.8959,70.0,0.8958,1816.0,0.8968,3.0,0.8969,219.0
1753533086557,12:31:26.557,AERO/USDT:USDT,0.8959,70.0,0.8958,1816.0,0.8968,3.0,0.8969,219.0
1753533086690,12:31:26.690,AERO/USDT:USDT,0.8959,70.0,0.8958,1816.0,0.8968,3.0,0.8969,219.0
1753533086756,12:31:26.756,AERO/USDT:USDT,0.8959,70.0,0.8958,1816.0,0.8968,3.0,0.8969,219.0
1753533086852,12:31:26.852,AERO/USDT:USDT,0.8959,70.0,0.8958,1816.0,0.8968,3.0,0.8969,219.0
1753533086952,12:31:26.952,AERO/USDT:USDT,0.8959,70.0,0.8958,1816.0,0.8968,3.0,0.8969,219.0
1753533087052,12:31:27.052,AERO/USDT:USDT,0.8959,70.0,0.8958,1816.0,0.8968,3.0,0.8969,219.0
1753533087152,12:31:27.152,AERO/USDT:USDT,0.8959,70.0,0.8958,1816.0,0.8968,3.0,0.8969,219.0
1753533087256,12:31:27.256,AERO/USDT:USDT,0.8959,70.0,0.8958,1816.0,0.8968,3.0,0.8969,219.0
1753533087356,12:31:27.356,AERO/USDT:USDT,0.8959,70.0,0.8958,1816.0,0.8968,3.0,0.8969,219.0
1753533087452,12:31:27.452,AERO/USDT:USDT,0.8959,70.0,0.8958,1816.0,0.8968,3.0,0.8969,219.0
1753533087556,12:31:27.556,AERO/USDT:USDT,0.8959,70.0,0.8958,1816.0,0.8968,3.0,0.8969,219.0
1753533087656,12:31:27.656,AERO/USDT:USDT,0.8959,70.0,0.8958,1816.0,0.8968,3.0,0.8969,219.0
1753533087752,12:31:27.752,AERO/USDT:USDT,0.8959,70.0,0.8958,1816.0,0.8968,3.0,0.8969,219.0
1753533087852,12:31:27.852,AERO/USDT:USDT,0.8959,70.0,0.8958,1816.0,0.8968,3.0,0.8969,219.0
1753533088045,12:31:28.045,AERO/USDT:USDT,0.8959,70.0,0.8958,1816.0,0.8968,3.0,0.8969,219.0
1753533088052,12:31:28.052,AERO/USDT:USDT,0.8959,70.0,0.8958,1816.0,0.8968,3.0,0.8969,219.0
1753533088152,12:31:28.152,AERO/USDT:USDT,0.8959,70.0,0.8958,1816.0,0.8968,3.0,0.8969,219.0
1753533088253,12:31:28.253,AERO/USDT:USDT,0.8959,70.0,0.8958,1816.0,0.8968,3.0,0.8969,219.0
1753533088353,12:31:28.353,AERO/USDT:USDT,0.8959,70.0,0.8958,1816.0,0.8968,3.0,0.8969,219.0
1753533088454,12:31:28.454,AERO/USDT:USDT,0.8959,70.0,0.8958,1816.0,0.8968,3.0,0.8969,219.0
1753533088556,12:31:28.556,AERO/USDT:USDT,0.8959,70.0,0.8958,1816.0,0.8968,3.0,0.8969,219.0
1753533088652,12:31:28.652,AERO/USDT:USDT,0.8959,70.0,0.8958,1816.0,0.8968,3.0,0.8969,219.0
1753533088780,12:31:28.780,AERO/USDT:USDT,0.8959,70.0,0.8958,1816.0,0.8968,3.0,0.8969,219.0
1753533088852,12:31:28.852,AERO/USDT:USDT,0.8959,70.0,0.8958,1816.0,0.8968,3.0,0.8969,219.0
1753533088956,12:31:28.956,AERO/USDT:USDT,0.8959,70.0,0.8958,1816.0,0.8968,3.0,0.8969,219.0
1753533089052,12:31:29.052,AERO/USDT:USDT,0.8959,70.0,0.8958,1816.0,0.8968,3.0,0.8969,219.0
1753533089153,12:31:29.153,AERO/USDT:USDT,0.8959,70.0,0.8958,1816.0,0.8968,3.0,0.8969,219.0
1753533089256,12:31:29.256,AERO/USDT:USDT,0.8959,70.0,0.8958,1816.0,0.8968,3.0,0.8969,219.0
1753533089355,12:31:29.355,AERO/USDT:USDT,0.8959,70.0,0.8958,1816.0,0.8968,3.0,0.8969,219.0
1753533089453,12:31:29.453,AERO/USDT:USDT,0.8959,70.0,0.8958,1816.0,0.8968,3.0,0.8969,219.0
1753533089552,12:31:29.552,AERO/USDT:USDT,0.8959,70.0,0.8958,1816.0,0.8968,3.0,0.8969,219.0
1753533089652,12:31:29.652,AERO/USDT:USDT,0.8959,70.0,0.8958,1816.0,0.8968,3.0,0.8969,219.0
1753533089753,12:31:29.753,AERO/USDT:USDT,0.8959,70.0,0.8958,1816.0,0.8968,3.0,0.8969,219.0
1753533089853,12:31:29.853,AERO/USDT:USDT,0.8959,70.0,0.8958,1816.0,0.8968,3.0,0.8969,219.0
1753533089952,12:31:29.952,AERO/USDT:USDT,0.8959,70.0,0.8958,1816.0,0.8968,3.0,0.8969,219.0
1753533090053,12:31:30.053,AERO/USDT:USDT,0.8959,70.0,0.8958,1816.0,0.8968,3.0,0.8969,219.0
1753533090152,12:31:30.152,AERO/USDT:USDT,0.8959,70.0,0.8958,1816.0,0.8968,3.0,0.8969,219.0
1753533090252,12:31:30.252,AERO/USDT:USDT,0.8959,70.0,0.8958,1816.0,0.8968,3.0,0.8969,219.0
1753533090352,12:31:30.352,AERO/USDT:USDT,0.8959,70.0,0.8958,1816.0,0.8968,3.0,0.8969,219.0
1753533090455,12:31:30.455,AERO/USDT:USDT,0.8959,70.0,0.8958,1816.0,0.8968,3.0,0.8969,219.0
1753533090552,12:31:30.552,AERO/USDT:USDT,0.8959,70.0,0.8958,1816.0,0.8968,3.0,0.8969,219.0
1753533090652,12:31:30.652,AERO/USDT:USDT,0.8959,70.0,0.8958,1816.0,0.8968,3.0,0.8969,219.0
1753533090752,12:31:30.752,AERO/USDT:USDT,0.8959,70.0,0.8958,1816.0,0.8968,3.0,0.8969,219.0
1753533090852,12:31:30.852,AERO/USDT:USDT,0.8959,70.0,0.8958,1816.0,0.8968,3.0,0.8969,219.0
1753533090953,12:31:30.953,AERO/USDT:USDT,0.8959,70.0,0.8958,1816.0,0.8968,3.0,0.8969,219.0
1753533091053,12:31:31.053,AERO/USDT:USDT,0.8959,70.0,0.8958,1816.0,0.8968,3.0,0.8969,219.0
1753533091154,12:31:31.154,AERO/USDT:USDT,0.8959,70.0,0.8958,1816.0,0.8968,3.0,0.8969,219.0
1753533091252,12:31:31.252,AERO/USDT:USDT,0.8959,70.0,0.8958,1816.0,0.8968,3.0,0.8969,219.0
1753533091352,12:31:31.352,AERO/USDT:USDT,0.8959,70.0,0.8958,1816.0,0.8968,3.0,0.8969,219.0
1753533091453,12:31:31.453,AERO/USDT:USDT,0.8959,70.0,0.8958,1816.0,0.8968,3.0,0.8969,219.0
1753533091552,12:31:31.552,AERO/USDT:USDT,0.8959,70.0,0.8958,1816.0,0.8968,3.0,0.8969,219.0
1753533091652,12:31:31.652,AERO/USDT:USDT,0.8959,70.0,0.8958,1816.0,0.8968,3.0,0.8969,219.0
1753533091752,12:31:31.752,AERO/USDT:USDT,0.8959,70.0,0.8958,1816.0,0.8968,3.0,0.8969,219.0
1753533091852,12:31:31.852,AERO/USDT:USDT,0.8959,70.0,0.8958,1816.0,0.8968,3.0,0.8969,219.0
1753533091952,12:31:31.952,AERO/USDT:USDT,0.8959,70.0,0.8958,1816.0,0.8968,3.0,0.8969,219.0
1753533092056,12:31:32.056,AERO/USDT:USDT,0.8959,70.0,0.8958,1816.0,0.8968,3.0,0.8969,219.0
1753533092156,12:31:32.156,AERO/USDT:USDT,0.8959,70.0,0.8958,1816.0,0.8968,3.0,0.8969,219.0
1753533092252,12:31:32.252,AERO/USDT:USDT,0.8959,70.0,0.8958,1816.0,0.8968,3.0,0.8969,219.0
1753533092352,12:31:32.352,AERO/USDT:USDT,0.8959,70.0,0.8958,1816.0,0.8968,3.0,0.8969,219.0
1753533092453,12:31:32.453,AERO/USDT:USDT,0.8959,70.0,0.8958,1816.0,0.8968,3.0,0.8969,219.0
1753533092552,12:31:32.552,AERO/USDT:USDT,0.8959,70.0,0.8958,1816.0,0.8968,3.0,0.8969,219.0
1753533092652,12:31:32.652,AERO/USDT:USDT,0.8959,70.0,0.8958,1816.0,0.8968,3.0,0.8969,219.0
1753533092845,12:31:32.845,AERO/USDT:USDT,0.8959,70.0,0.8958,1816.0,0.8968,3.0,0.8969,219.0
1753533092851,12:31:32.851,AERO/USDT:USDT,0.8959,70.0,0.8958,1816.0,0.8968,3.0,0.8969,219.0
1753533092952,12:31:32.952,AERO/USDT:USDT,0.8959,70.0,0.8958,1816.0,0.8968,3.0,0.8969,219.0
1753533093052,12:31:33.052,AERO/USDT:USDT,0.8959,70.0,0.8958,1816.0,0.8968,3.0,0.8969,219.0
1753533093153,12:31:33.153,AERO/USDT:USDT,0.8959,70.0,0.8958,1816.0,0.8968,3.0,0.8969,219.0
1753533093255,12:31:33.255,AERO/USDT:USDT,0.8959,70.0,0.8958,1816.0,0.8968,3.0,0.8969,219.0
1753533093353,12:31:33.353,AERO/USDT:USDT,0.8959,70.0,0.8958,1816.0,0.8968,3.0,0.8969,219.0
1753533093455,12:31:33.455,AERO/USDT:USDT,0.8959,70.0,0.8958,1816.0,0.8968,3.0,0.8969,219.0
1753533093553,12:31:33.553,AERO/USDT:USDT,0.8959,70.0,0.8958,1816.0,0.8968,3.0,0.8969,219.0
1753533093703,12:31:33.703,AERO/USDT:USDT,0.8959,70.0,0.8958,1816.0,0.8968,3.0,0.8969,219.0
1753533093828,12:31:33.828,AERO/USDT:USDT,0.8959,70.0,0.8958,1816.0,0.8968,3.0,0.8969,219.0
1753533093934,12:31:33.934,AERO/USDT:USDT,0.8959,70.0,0.8958,1816.0,0.8968,3.0,0.8969,219.0
1753533094004,12:31:34.004,AERO/USDT:USDT,0.8959,70.0,0.8958,1816.0,0.8968,3.0,0.8969,219.0
1753533094100,12:31:34.100,AERO/USDT:USDT,0.8959,70.0,0.8958,1816.0,0.8968,3.0,0.8969,219.0
1753533094152,12:31:34.152,AERO/USDT:USDT,0.8959,70.0,0.8958,1816.0,0.8968,3.0,0.8969,219.0
1753533094253,12:31:34.253,AERO/USDT:USDT,0.8959,70.0,0.8958,1816.0,0.8968,3.0,0.8969,219.0
1753533094356,12:31:34.356,AERO/USDT:USDT,0.8959,70.0,0.8958,1816.0,0.8968,3.0,0.8969,219.0
1753533094452,12:31:34.452,AERO/USDT:USDT,0.8959,70.0,0.8958,1816.0,0.8968,3.0,0.8969,219.0
1753533094552,12:31:34.552,AERO/USDT:USDT,0.8959,70.0,0.8958,1816.0,0.8968,3.0,0.8969,219.0
1753533094656,12:31:34.656,AERO/USDT:USDT,0.8959,70.0,0.8958,1816.0,0.8968,3.0,0.8969,219.0
1753533094755,12:31:34.755,AERO/USDT:USDT,0.8959,70.0,0.8958,1816.0,0.8968,3.0,0.8969,219.0
1753533094910,12:31:34.910,AERO/USDT:USDT,0.8959,70.0,0.8958,1816.0,0.8968,3.0,0.8969,219.0
1753533094953,12:31:34.953,AERO/USDT:USDT,0.8959,70.0,0.8958,1816.0,0.8968,3.0,0.8969,219.0
1753533095052,12:31:35.052,AERO/USDT:USDT,0.8959,70.0,0.8958,1816.0,0.8968,3.0,0.8969,219.0
1753533095152,12:31:35.152,AERO/USDT:USDT,0.8959,70.0,0.8958,1816.0,0.8968,3.0,0.8969,219.0
1753533095253,12:31:35.253,AERO/USDT:USDT,0.8959,70.0,0.8958,1816.0,0.8968,3.0,0.8969,219.0
1753533095353,12:31:35.353,AERO/USDT:USDT,0.8959,70.0,0.8958,1816.0,0.8968,3.0,0.8969,219.0
1753533095461,12:31:35.461,AERO/USDT:USDT,0.8959,70.0,0.8958,1816.0,0.8968,3.0,0.8969,219.0
1753533096061,12:31:36.061,AERO/USDT:USDT,0.8959,70.0,0.8958,1816.0,0.8968,3.0,0.8969,219.0
1753533096153,12:31:36.153,AERO/USDT:USDT,0.8959,70.0,0.8958,1816.0,0.8968,3.0,0.8969,219.0
1753533096254,12:31:36.254,AERO/USDT:USDT,0.8959,70.0,0.8958,1816.0,0.8968,3.0,0.8969,219.0
1753533096352,12:31:36.352,AERO/USDT:USDT,0.8959,70.0,0.8958,1816.0,0.8968,3.0,0.8969,219.0
1753533096452,12:31:36.452,AERO/USDT:USDT,0.8959,70.0,0.8958,1816.0,0.8968,3.0,0.8969,219.0
1753533096552,12:31:36.552,AERO/USDT:USDT,0.8959,70.0,0.8958,1816.0,0.8968,3.0,0.8969,219.0
1753533096652,12:31:36.652,AERO/USDT:USDT,0.8959,70.0,0.8958,1816.0,0.8968,3.0,0.8969,219.0
1753533096752,12:31:36.752,AERO/USDT:USDT,0.8959,70.0,0.8958,1816.0,0.8968,3.0,0.8969,219.0
1753533096852,12:31:36.852,AERO/USDT:USDT,0.8959,70.0,0.8958,1816.0,0.8968,3.0,0.8969,219.0
1753533096952,12:31:36.952,AERO/USDT:USDT,0.8959,70.0,0.8958,1816.0,0.8968,3.0,0.8969,219.0
1753533097052,12:31:37.052,AERO/USDT:USDT,0.8959,70.0,0.8958,1816.0,0.8968,3.0,0.8969,219.0
1753533097159,12:31:37.159,AERO/USDT:USDT,0.8959,70.0,0.8958,1816.0,0.8968,3.0,0.8969,219.0
1753533097255,12:31:37.255,AERO/USDT:USDT,0.8959,70.0,0.8958,1816.0,0.8968,3.0,0.8969,219.0
1753533097353,12:31:37.353,AERO/USDT:USDT,0.8959,70.0,0.8958,1816.0,0.8968,3.0,0.8969,219.0
1753533097452,12:31:37.452,AERO/USDT:USDT,0.8959,70.0,0.8958,1816.0,0.8968,3.0,0.8969,219.0
1753533097644,12:31:37.644,AERO/USDT:USDT,0.8959,70.0,0.8958,1816.0,0.8968,3.0,0.8969,219.0
1753533097652,12:31:37.652,AERO/USDT:USDT,0.8959,70.0,0.8958,1816.0,0.8968,3.0,0.8969,219.0
1753533097752,12:31:37.752,AERO/USDT:USDT,0.8959,70.0,0.8958,1816.0,0.8968,3.0,0.8969,219.0
1753533097853,12:31:37.853,AERO/USDT:USDT,0.8959,70.0,0.8958,1816.0,0.8968,3.0,0.8969,219.0
1753533098003,12:31:38.003,AERO/USDT:USDT,0.8959,70.0,0.8958,1816.0,0.8968,3.0,0.8969,219.0
1753533098055,12:31:38.055,AERO/USDT:USDT,0.8959,70.0,0.8958,1816.0,0.8968,3.0,0.8969,219.0
1753533098152,12:31:38.152,AERO/USDT:USDT,0.8959,70.0,0.8958,1816.0,0.8968,3.0,0.8969,219.0
1753533098252,12:31:38.252,AERO/USDT:USDT,0.8959,70.0,0.8958,1816.0,0.8968,3.0,0.8969,219.0
1753533098352,12:31:38.352,AERO/USDT:USDT,0.8959,70.0,0.8958,1816.0,0.8968,3.0,0.8969,219.0
1753533098453,12:31:38.453,AERO/USDT:USDT,0.8959,70.0,0.8958,1816.0,0.8968,3.0,0.8969,219.0
1753533098552,12:31:38.552,AERO/USDT:USDT,0.8959,70.0,0.8958,1816.0,0.8968,3.0,0.8969,219.0
1753533098653,12:31:38.653,AERO/USDT:USDT,0.8959,70.0,0.8958,1816.0,0.8968,3.0,0.8969,219.0
1753533098752,12:31:38.752,AERO/USDT:USDT,0.8959,70.0,0.8958,1816.0,0.8968,3.0,0.8969,219.0
1753533098853,12:31:38.853,AERO/USDT:USDT,0.8959,70.0,0.8958,1816.0,0.8968,3.0,0.8969,219.0
1753533098951,12:31:38.951,AERO/USDT:USDT,0.8959,70.0,0.8958,1816.0,0.8968,3.0,0.8969,219.0
1753533099055,12:31:39.055,AERO/USDT:USDT,0.8959,70.0,0.8958,1816.0,0.8968,3.0,0.8969,219.0
1753533099153,12:31:39.153,AERO/USDT:USDT,0.8959,70.0,0.8958,1816.0,0.8968,3.0,0.8969,219.0
1753533099252,12:31:39.252,AERO/USDT:USDT,0.8959,70.0,0.8958,1816.0,0.8968,3.0,0.8969,219.0
1753533099352,12:31:39.352,AERO/USDT:USDT,0.8959,70.0,0.8958,1816.0,0.8968,3.0,0.8969,219.0
1753533099452,12:31:39.452,AERO/USDT:USDT,0.8959,70.0,0.8958,1816.0,0.8968,3.0,0.8969,219.0
1753533099553,12:31:39.553,AERO/USDT:USDT,0.8959,70.0,0.8958,1816.0,0.8968,3.0,0.8969,219.0
1753533099653,12:31:39.653,AERO/USDT:USDT,0.8959,70.0,0.8958,1816.0,0.8968,3.0,0.8969,219.0
1753533099753,12:31:39.753,AERO/USDT:USDT,0.8959,70.0,0.8958,1816.0,0.8968,3.0,0.8969,219.0
1753533099856,12:31:39.856,AERO/USDT:USDT,0.8959,70.0,0.8958,1816.0,0.8968,3.0,0.8969,219.0
1753533099956,12:31:39.956,AERO/USDT:USDT,0.8959,70.0,0.8958,1816.0,0.8968,3.0,0.8969,219.0
1753533100053,12:31:40.053,AERO/USDT:USDT,0.8959,70.0,0.8958,1816.0,0.8968,3.0,0.8969,219.0
1753533100152,12:31:40.152,AERO/USDT:USDT,0.8959,70.0,0.8958,1816.0,0.8968,3.0,0.8969,219.0
1753533100252,12:31:40.252,AERO/USDT:USDT,0.8959,70.0,0.8958,1816.0,0.8968,3.0,0.8969,219.0
1753533100352,12:31:40.352,AERO/USDT:USDT,0.8959,70.0,0.8958,1816.0,0.8968,3.0,0.8969,219.0
1753533100452,12:31:40.452,AERO/USDT:USDT,0.8959,70.0,0.8958,1816.0,0.8968,3.0,0.8969,219.0
1753533100552,12:31:40.552,AERO/USDT:USDT,0.8959,70.0,0.8958,1816.0,0.8968,3.0,0.8969,219.0
1753533100655,12:31:40.655,AERO/USDT:USDT,0.8959,70.0,0.8958,1816.0,0.8968,3.0,0.8969,219.0
1753533100752,12:31:40.752,AERO/USDT:USDT,0.8959,70.0,0.8958,1816.0,0.8968,3.0,0.8969,219.0
1753533100852,12:31:40.852,AERO/USDT:USDT,0.8959,70.0,0.8958,1816.0,0.8968,3.0,0.8969,219.0
1753533100953,12:31:40.953,AERO/USDT:USDT,0.8959,70.0,0.8958,1816.0,0.8968,3.0,0.8969,219.0
1753533101053,12:31:41.053,AERO/USDT:USDT,0.8959,70.0,0.8958,1816.0,0.8968,3.0,0.8969,219.0
1753533101151,12:31:41.151,AERO/USDT:USDT,0.8959,70.0,0.8958,1816.0,0.8968,3.0,0.8969,219.0
1753533101252,12:31:41.252,AERO/USDT:USDT,0.8959,70.0,0.8958,1816.0,0.8968,3.0,0.8969,219.0
1753533101352,12:31:41.352,AERO/USDT:USDT,0.8959,70.0,0.8958,1816.0,0.8968,3.0,0.8969,219.0
1753533101452,12:31:41.452,AERO/USDT:USDT,0.8959,70.0,0.8958,1816.0,0.8968,3.0,0.8969,219.0
1753533101552,12:31:41.552,AERO/USDT:USDT,0.8959,70.0,0.8958,1816.0,0.8968,3.0,0.8969,219.0
1753533101657,12:31:41.657,AERO/USDT:USDT,0.8959,70.0,0.8958,1816.0,0.8968,3.0,0.8969,219.0
1753533101752,12:31:41.752,AERO/USDT:USDT,0.8959,70.0,0.8958,1816.0,0.8968,3.0,0.8969,219.0
1753533101852,12:31:41.852,AERO/USDT:USDT,0.8959,70.0,0.8958,1816.0,0.8968,3.0,0.8969,219.0
1753533101952,12:31:41.952,AERO/USDT:USDT,0.8959,70.0,0.8958,1816.0,0.8968,3.0,0.8969,219.0
1753533102053,12:31:42.053,AERO/USDT:USDT,0.8959,70.0,0.8958,1816.0,0.8968,3.0,0.8969,219.0
1753533102152,12:31:42.152,AERO/USDT:USDT,0.8959,70.0,0.8958,1816.0,0.8968,3.0,0.8969,219.0
1753533102255,12:31:42.255,AERO/USDT:USDT,0.8959,70.0,0.8958,1816.0,0.8968,3.0,0.8969,219.0
1753533102445,12:31:42.445,AERO/USDT:USDT,0.8959,70.0,0.8958,1816.0,0.8968,3.0,0.8969,219.0
1753533102453,12:31:42.453,AERO/USDT:USDT,0.8959,70.0,0.8958,1816.0,0.8968,3.0,0.8969,219.0
1753533102555,12:31:42.555,AERO/USDT:USDT,0.8959,70.0,0.8958,1816.0,0.8968,3.0,0.8969,219.0
1753533102652,12:31:42.652,AERO/USDT:USDT,0.8959,70.0,0.8958,1816.0,0.8968,3.0,0.8969,219.0
1753533102751,12:31:42.751,AERO/USDT:USDT,0.8959,70.0,0.8958,1816.0,0.8968,3.0,0.8969,219.0
1753533102852,12:31:42.852,AERO/USDT:USDT,0.8959,70.0,0.8958,1816.0,0.8968,3.0,0.8969,219.0
1753533102955,12:31:42.955,AERO/USDT:USDT,0.8959,70.0,0.8958,1816.0,0.8968,3.0,0.8969,219.0
1753533103055,12:31:43.055,AERO/USDT:USDT,0.8959,70.0,0.8958,1816.0,0.8968,3.0,0.8969,219.0
1753533103241,12:31:43.241,AERO/USDT:USDT,0.8959,70.0,0.8958,1816.0,0.8968,3.0,0.8969,219.0
1753533103340,12:31:43.340,AERO/USDT:USDT,0.8959,70.0,0.8958,1816.0,0.8968,3.0,0.8969,219.0
1753533103355,12:31:43.355,AERO/USDT:USDT,0.8959,70.0,0.8958,1816.0,0.8968,3.0,0.8969,219.0
1753533103452,12:31:43.452,AERO/USDT:USDT,0.8959,70.0,0.8958,1816.0,0.8968,3.0,0.8969,219.0
1753533103554,12:31:43.554,AERO/USDT:USDT,0.8959,70.0,0.8958,1816.0,0.8968,3.0,0.8969,219.0
1753533103652,12:31:43.652,AERO/USDT:USDT,0.8959,70.0,0.8958,1816.0,0.8968,3.0,0.8969,219.0
1753533103752,12:31:43.752,AERO/USDT:USDT,0.8959,70.0,0.8958,1816.0,0.8968,3.0,0.8969,219.0
1753533103852,12:31:43.852,AERO/USDT:USDT,0.8959,70.0,0.8958,1816.0,0.8968,3.0,0.8969,219.0
1753533103952,12:31:43.952,AERO/USDT:USDT,0.8959,70.0,0.8958,1816.0,0.8968,3.0,0.8969,219.0
1753533104056,12:31:44.056,AERO/USDT:USDT,0.8959,70.0,0.8958,1816.0,0.8968,3.0,0.8969,219.0
1753533104153,12:31:44.153,AERO/USDT:USDT,0.8959,70.0,0.8958,1816.0,0.8968,3.0,0.8969,219.0
1753533104252,12:31:44.252,AERO/USDT:USDT,0.8959,70.0,0.8958,1816.0,0.8968,3.0,0.8969,219.0
1753533104354,12:31:44.354,AERO/USDT:USDT,0.8959,70.0,0.8958,1816.0,0.8968,3.0,0.8969,219.0
1753533104452,12:31:44.452,AERO/USDT:USDT,0.8959,70.0,0.8958,1816.0,0.8968,3.0,0.8969,219.0
1753533104552,12:31:44.552,AERO/USDT:USDT,0.8959,70.0,0.8958,1816.0,0.8968,3.0,0.8969,219.0
1753533104655,12:31:44.655,AERO/USDT:USDT,0.8959,70.0,0.8958,1816.0,0.8968,3.0,0.8969,219.0
1753533104755,12:31:44.755,AERO/USDT:USDT,0.8959,70.0,0.8958,1816.0,0.8968,3.0,0.8969,219.0
1753533104853,12:31:44.853,AERO/USDT:USDT,0.8959,70.0,0.8958,1816.0,0.8968,3.0,0.8969,219.0
1753533104951,12:31:44.951,AERO/USDT:USDT,0.8959,70.0,0.8958,1816.0,0.8968,3.0,0.8969,219.0
1753533105052,12:31:45.052,AERO/USDT:USDT,0.8959,70.0,0.8958,1816.0,0.8968,3.0,0.8969,219.0
1753533105152,12:31:45.152,AERO/USDT:USDT,0.8959,70.0,0.8958,1816.0,0.8968,3.0,0.8969,219.0
1753533105253,12:31:45.253,AERO/USDT:USDT,0.8959,70.0,0.8958,1816.0,0.8968,3.0,0.8969,219.0
1753533105356,12:31:45.356,AERO/USDT:USDT,0.8959,70.0,0.8958,1816.0,0.8968,3.0,0.8969,219.0
1753533105455,12:31:45.455,AERO/USDT:USDT,0.8959,70.0,0.8958,1816.0,0.8968,3.0,0.8969,219.0
1753533105558,12:31:45.558,AERO/USDT:USDT,0.8959,70.0,0.8958,1816.0,0.8968,3.0,0.8969,219.0
1753533105653,12:31:45.653,AERO/USDT:USDT,0.8959,70.0,0.8958,1816.0,0.8968,3.0,0.8969,219.0
1753533105755,12:31:45.755,AERO/USDT:USDT,0.8959,70.0,0.8958,1816.0,0.8968,3.0,0.8969,219.0
1753533105855,12:31:45.855,AERO/USDT:USDT,0.8959,70.0,0.8958,1816.0,0.8968,3.0,0.8969,219.0
1753533105953,12:31:45.953,AERO/USDT:USDT,0.8959,70.0,0.8958,1816.0,0.8968,3.0,0.8969,219.0
1753533106052,12:31:46.052,AERO/USDT:USDT,0.8959,70.0,0.8958,1816.0,0.8968,3.0,0.8969,219.0
1753533106152,12:31:46.152,AERO/USDT:USDT,0.8959,70.0,0.8958,1816.0,0.8968,3.0,0.8969,219.0
1753533106255,12:31:46.255,AERO/USDT:USDT,0.8959,70.0,0.8958,1816.0,0.8968,3.0,0.8969,219.0
1753533106375,12:31:46.375,AERO/USDT:USDT,0.8959,70.0,0.8958,1816.0,0.8968,3.0,0.8969,219.0
1753533106458,12:31:46.458,AERO/USDT:USDT,0.8959,70.0,0.8958,1816.0,0.8968,3.0,0.8969,219.0
1753533106552,12:31:46.552,AERO/USDT:USDT,0.8959,70.0,0.8958,1816.0,0.8968,3.0,0.8969,219.0
1753533106653,12:31:46.653,AERO/USDT:USDT,0.8959,70.0,0.8958,1816.0,0.8968,3.0,0.8969,219.0
1753533106755,12:31:46.755,AERO/USDT:USDT,0.8959,70.0,0.8958,1816.0,0.8968,3.0,0.8969,219.0
1753533106852,12:31:46.852,AERO/USDT:USDT,0.8959,70.0,0.8958,1816.0,0.8968,3.0,0.8969,219.0
1753533106952,12:31:46.952,AERO/USDT:USDT,0.8959,70.0,0.8958,1816.0,0.8968,3.0,0.8969,219.0
1753533107054,12:31:47.054,AERO/USDT:USDT,0.8959,70.0,0.8958,1816.0,0.8968,3.0,0.8969,219.0
1753533107244,12:31:47.244,AERO/USDT:USDT,0.8959,70.0,0.8958,1816.0,0.8968,3.0,0.8969,219.0
1753533107252,12:31:47.252,AERO/USDT:USDT,0.8959,70.0,0.8958,1816.0,0.8968,3.0,0.8969,219.0
1753533107352,12:31:47.352,AERO/USDT:USDT,0.8959,70.0,0.8958,1816.0,0.8968,3.0,0.8969,219.0
1753533107453,12:31:47.453,AERO/USDT:USDT,0.8959,70.0,0.8958,1816.0,0.8968,3.0,0.8969,219.0
1753533107552,12:31:47.552,AERO/USDT:USDT,0.8959,70.0,0.8958,1816.0,0.8968,3.0,0.8969,219.0
1753533107656,12:31:47.656,AERO/USDT:USDT,0.8959,70.0,0.8958,1816.0,0.8968,3.0,0.8969,219.0
1753533107778,12:31:47.778,AERO/USDT:USDT,0.8959,70.0,0.8958,1816.0,0.8968,3.0,0.8969,219.0
1753533107854,12:31:47.854,AERO/USDT:USDT,0.8959,70.0,0.8958,1816.0,0.8968,3.0,0.8969,219.0
1753533107955,12:31:47.955,AERO/USDT:USDT,0.8959,70.0,0.8958,1816.0,0.8968,3.0,0.8969,219.0
1753533108055,12:31:48.055,AERO/USDT:USDT,0.8959,70.0,0.8958,1816.0,0.8968,3.0,0.8969,219.0
1753533108156,12:31:48.156,AERO/USDT:USDT,0.8959,70.0,0.8958,1816.0,0.8968,3.0,0.8969,219.0
1753533108261,12:31:48.261,AERO/USDT:USDT,0.8959,70.0,0.8958,1816.0,0.8968,3.0,0.8969,219.0
1753533108352,12:31:48.352,AERO/USDT:USDT,0.8959,70.0,0.8958,1816.0,0.8968,3.0,0.8969,219.0
1753533108453,12:31:48.453,AERO/USDT:USDT,0.8959,70.0,0.8958,1816.0,0.8968,3.0,0.8969,219.0
1753533108555,12:31:48.555,AERO/USDT:USDT,0.8959,70.0,0.8958,1816.0,0.8968,3.0,0.8969,219.0
1753533108652,12:31:48.652,AERO/USDT:USDT,0.8959,70.0,0.8958,1816.0,0.8968,3.0,0.8969,219.0
1753533108752,12:31:48.752,AERO/USDT:USDT,0.8959,70.0,0.8958,1816.0,0.8968,3.0,0.8969,219.0
1753533108855,12:31:48.855,AERO/USDT:USDT,0.8959,70.0,0.8958,1816.0,0.8968,3.0,0.8969,219.0
1753533109008,12:31:49.008,AERO/USDT:USDT,0.8959,70.0,0.8958,1816.0,0.8968,3.0,0.8969,219.0
1753533109056,12:31:49.056,AERO/USDT:USDT,0.8959,70.0,0.8958,1816.0,0.8968,3.0,0.8969,219.0
1753533109153,12:31:49.153,AERO/USDT:USDT,0.8959,70.0,0.8958,1816.0,0.8968,3.0,0.8969,219.0
1753533109255,12:31:49.255,AERO/USDT:USDT,0.8959,70.0,0.8958,1816.0,0.8968,3.0,0.8969,219.0
1753533109354,12:31:49.354,AERO/USDT:USDT,0.8959,70.0,0.8958,1816.0,0.8968,3.0,0.8969,219.0
1753533109452,12:31:49.452,AERO/USDT:USDT,0.8959,70.0,0.8958,1816.0,0.8968,3.0,0.8969,219.0
1753533109552,12:31:49.552,AERO/USDT:USDT,0.8959,70.0,0.8958,1816.0,0.8968,3.0,0.8969,219.0
1753533109652,12:31:49.652,AERO/USDT:USDT,0.8959,70.0,0.8958,1816.0,0.8968,3.0,0.8969,219.0
1753533109752,12:31:49.752,AERO/USDT:USDT,0.8959,70.0,0.8958,1816.0,0.8968,3.0,0.8969,219.0
1753533109852,12:31:49.852,AERO/USDT:USDT,0.8959,70.0,0.8958,1816.0,0.8968,3.0,0.8969,219.0
1753533109952,12:31:49.952,AERO/USDT:USDT,0.8959,70.0,0.8958,1816.0,0.8968,3.0,0.8969,219.0
1753533110059,12:31:50.059,AERO/USDT:USDT,0.8959,70.0,0.8958,1816.0,0.8968,3.0,0.8969,219.0
1753533110152,12:31:50.152,AERO/USDT:USDT,0.8959,70.0,0.8958,1816.0,0.8968,3.0,0.8969,219.0
1753533110255,12:31:50.255,AERO/USDT:USDT,0.8959,70.0,0.8958,1816.0,0.8968,3.0,0.8969,219.0
1753533110353,12:31:50.353,AERO/USDT:USDT,0.8959,70.0,0.8958,1816.0,0.8968,3.0,0.8969,219.0
1753533110453,12:31:50.453,AERO/USDT:USDT,0.8959,70.0,0.8958,1816.0,0.8968,3.0,0.8969,219.0
1753533110563,12:31:50.563,AERO/USDT:USDT,0.8959,70.0,0.8958,1816.0,0.8968,3.0,0.8969,219.0
1753533110652,12:31:50.652,AERO/USDT:USDT,0.8959,70.0,0.8958,1816.0,0.8968,3.0,0.8969,219.0
1753533110753,12:31:50.753,AERO/USDT:USDT,0.8959,70.0,0.8958,1816.0,0.8968,3.0,0.8969,219.0
1753533110853,12:31:50.853,AERO/USDT:USDT,0.8959,70.0,0.8958,1816.0,0.8968,3.0,0.8969,219.0
1753533110956,12:31:50.956,AERO/USDT:USDT,0.8959,70.0,0.8958,1816.0,0.8968,3.0,0.8969,219.0
1753533111052,12:31:51.052,AERO/USDT:USDT,0.8959,70.0,0.8958,1816.0,0.8968,3.0,0.8969,219.0
1753533111153,12:31:51.153,AERO/USDT:USDT,0.8959,70.0,0.8958,1816.0,0.8968,3.0,0.8969,219.0
1753533111252,12:31:51.252,AERO/USDT:USDT,0.8959,70.0,0.8958,1816.0,0.8968,3.0,0.8969,219.0
1753533111358,12:31:51.358,AERO/USDT:USDT,0.8959,70.0,0.8958,1816.0,0.8968,3.0,0.8969,219.0
1753533111456,12:31:51.456,AERO/USDT:USDT,0.8959,70.0,0.8958,1816.0,0.8968,3.0,0.8969,219.0
1753533111552,12:31:51.552,AERO/USDT:USDT,0.8959,70.0,0.8958,1816.0,0.8968,3.0,0.8969,219.0
1753533111656,12:31:51.656,AERO/USDT:USDT,0.8959,70.0,0.8958,1816.0,0.8968,3.0,0.8969,219.0
1753533111752,12:31:51.752,AERO/USDT:USDT,0.8959,70.0,0.8958,1816.0,0.8968,3.0,0.8969,219.0
1753533111882,12:31:51.882,AERO/USDT:USDT,0.8959,70.0,0.8958,1816.0,0.8968,3.0,0.8969,219.0
1753533112045,12:31:52.045,AERO/USDT:USDT,0.8959,70.0,0.8958,1816.0,0.8968,3.0,0.8969,219.0
1753533112079,12:31:52.079,AERO/USDT:USDT,0.8959,70.0,0.8958,1816.0,0.8968,3.0,0.8969,219.0
1753533112154,12:31:52.154,AERO/USDT:USDT,0.8959,70.0,0.8958,1816.0,0.8968,3.0,0.8969,219.0
1753533112256,12:31:52.256,AERO/USDT:USDT,0.8959,70.0,0.8958,1816.0,0.8968,3.0,0.8969,219.0
1753533112356,12:31:52.356,AERO/USDT:USDT,0.8959,70.0,0.8958,1816.0,0.8968,3.0,0.8969,219.0
1753533112455,12:31:52.455,AERO/USDT:USDT,0.8959,70.0,0.8958,1816.0,0.8968,3.0,0.8969,219.0
1753533112556,12:31:52.556,AERO/USDT:USDT,0.8959,70.0,0.8958,1816.0,0.8968,3.0,0.8969,219.0
1753533112652,12:31:52.652,AERO/USDT:USDT,0.8959,70.0,0.8958,1816.0,0.8968,3.0,0.8969,219.0
1753533112752,12:31:52.752,AERO/USDT:USDT,0.8959,70.0,0.8958,1816.0,0.8968,3.0,0.8969,219.0
1753533112852,12:31:52.852,AERO/USDT:USDT,0.8959,70.0,0.8958,1816.0,0.8968,3.0,0.8969,219.0
1753533112955,12:31:52.955,AERO/USDT:USDT,0.8959,70.0,0.8958,1816.0,0.8968,3.0,0.8969,219.0
1753533113052,12:31:53.052,AERO/USDT:USDT,0.8959,70.0,0.8958,1816.0,0.8968,3.0,0.8969,219.0
1753533113155,12:31:53.155,AERO/USDT:USDT,0.8959,70.0,0.8958,1816.0,0.8968,3.0,0.8969,219.0
1753533113255,12:31:53.255,AERO/USDT:USDT,0.8959,70.0,0.8958,1816.0,0.8968,3.0,0.8969,219.0
1753533113359,12:31:53.359,AERO/USDT:USDT,0.8959,70.0,0.8958,1816.0,0.8968,3.0,0.8969,219.0
1753533113456,12:31:53.456,AERO/USDT:USDT,0.8959,70.0,0.8958,1816.0,0.8968,3.0,0.8969,219.0
1753533113555,12:31:53.555,AERO/USDT:USDT,0.8959,70.0,0.8958,1816.0,0.8968,3.0,0.8969,219.0
1753533113656,12:31:53.656,AERO/USDT:USDT,0.8959,70.0,0.8958,1816.0,0.8968,3.0,0.8969,219.0
1753533113756,12:31:53.756,AERO/USDT:USDT,0.8959,70.0,0.8958,1816.0,0.8968,3.0,0.8969,219.0
1753533113856,12:31:53.856,AERO/USDT:USDT,0.8959,70.0,0.8958,1816.0,0.8968,3.0,0.8969,219.0
1753533113953,12:31:53.953,AERO/USDT:USDT,0.8959,70.0,0.8958,1816.0,0.8968,3.0,0.8969,219.0
1753533114057,12:31:54.057,AERO/USDT:USDT,0.8959,70.0,0.8958,1816.0,0.8968,3.0,0.8969,219.0
1753533114155,12:31:54.155,AERO/USDT:USDT,0.8959,70.0,0.8958,1816.0,0.8968,3.0,0.8969,219.0
1753533114252,12:31:54.252,AERO/USDT:USDT,0.8959,70.0,0.8958,1816.0,0.8968,3.0,0.8969,219.0
1753533114355,12:31:54.355,AERO/USDT:USDT,0.8959,70.0,0.8958,1816.0,0.8968,3.0,0.8969,219.0
1753533114456,12:31:54.456,AERO/USDT:USDT,0.8959,70.0,0.8958,1816.0,0.8968,3.0,0.8969,219.0
1753533114556,12:31:54.556,AERO/USDT:USDT,0.8959,70.0,0.8958,1816.0,0.8968,3.0,0.8969,219.0
1753533114657,12:31:54.657,AERO/USDT:USDT,0.8959,70.0,0.8958,1816.0,0.8968,3.0,0.8969,219.0
1753533114756,12:31:54.756,AERO/USDT:USDT,0.8959,70.0,0.8958,1816.0,0.8968,3.0,0.8969,219.0
1753533114853,12:31:54.853,AERO/USDT:USDT,0.8959,70.0,0.8958,1816.0,0.8968,3.0,0.8969,219.0
1753533114955,12:31:54.955,AERO/USDT:USDT,0.8959,70.0,0.8958,1816.0,0.8968,3.0,0.8969,219.0
1753533115054,12:31:55.054,AERO/USDT:USDT,0.8959,70.0,0.8958,1816.0,0.8968,3.0,0.8969,219.0
1753533115152,12:31:55.152,AERO/USDT:USDT,0.8959,70.0,0.8958,1816.0,0.8968,3.0,0.8969,219.0
1753533115728,12:31:55.728,AERO/USDT:USDT,0.8959,70.0,0.8958,1816.0,0.8968,3.0,0.8969,219.0
1753533115752,12:31:55.752,AERO/USDT:USDT,0.8959,70.0,0.8958,1816.0,0.8968,3.0,0.8969,219.0
1753533115852,12:31:55.852,AERO/USDT:USDT,0.8959,70.0,0.8958,1816.0,0.8968,3.0,0.8969,219.0
1753533115956,12:31:55.956,AERO/USDT:USDT,0.8959,70.0,0.8958,1816.0,0.8968,3.0,0.8969,219.0
1753533116052,12:31:56.052,AERO/USDT:USDT,0.8959,70.0,0.8958,1816.0,0.8968,3.0,0.8969,219.0
1753533116153,12:31:56.153,AERO/USDT:USDT,0.8959,70.0,0.8958,1816.0,0.8968,3.0,0.8969,219.0
1753533116265,12:31:56.265,AERO/USDT:USDT,0.8959,70.0,0.8958,1816.0,0.8968,3.0,0.8969,219.0
1753533116355,12:31:56.355,AERO/USDT:USDT,0.8959,70.0,0.8958,1816.0,0.8968,3.0,0.8969,219.0
1753533116452,12:31:56.452,AERO/USDT:USDT,0.8959,70.0,0.8958,1816.0,0.8968,3.0,0.8969,219.0
1753533116552,12:31:56.552,AERO/USDT:USDT,0.8959,70.0,0.8958,1816.0,0.8968,3.0,0.8969,219.0
1753533116653,12:31:56.653,AERO/USDT:USDT,0.8959,70.0,0.8958,1816.0,0.8968,3.0,0.8969,219.0
1753533116845,12:31:56.845,AERO/USDT:USDT,0.8959,70.0,0.8958,1816.0,0.8968,3.0,0.8969,219.0
1753533116852,12:31:56.852,AERO/USDT:USDT,0.8959,70.0,0.8958,1816.0,0.8968,3.0,0.8969,219.0
1753533116953,12:31:56.953,AERO/USDT:USDT,0.8959,70.0,0.8958,1816.0,0.8968,3.0,0.8969,219.0
1753533117053,12:31:57.053,AERO/USDT:USDT,0.8959,70.0,0.8958,1816.0,0.8968,3.0,0.8969,219.0
1753533117152,12:31:57.152,AERO/USDT:USDT,0.8959,70.0,0.8958,1816.0,0.8968,3.0,0.8969,219.0
1753533117307,12:31:57.307,AERO/USDT:USDT,0.8959,70.0,0.8958,1816.0,0.8968,3.0,0.8969,219.0
1753533117355,12:31:57.355,AERO/USDT:USDT,0.8959,70.0,0.8958,1816.0,0.8968,3.0,0.8969,219.0
1753533117455,12:31:57.455,AERO/USDT:USDT,0.8959,70.0,0.8958,1816.0,0.8968,3.0,0.8969,219.0
1753533117555,12:31:57.555,AERO/USDT:USDT,0.8959,70.0,0.8958,1816.0,0.8968,3.0,0.8969,219.0
1753533117652,12:31:57.652,AERO/USDT:USDT,0.8959,70.0,0.8958,1816.0,0.8968,3.0,0.8969,219.0
1753533117758,12:31:57.758,AERO/USDT:USDT,0.8959,70.0,0.8958,1816.0,0.8968,3.0,0.8969,219.0
1753533117858,12:31:57.858,AERO/USDT:USDT,0.8959,70.0,0.8958,1816.0,0.8968,3.0,0.8969,219.0
1753533117952,12:31:57.952,AERO/USDT:USDT,0.8959,70.0,0.8958,1816.0,0.8968,3.0,0.8969,219.0
1753533118056,12:31:58.056,AERO/USDT:USDT,0.8959,70.0,0.8958,1816.0,0.8968,3.0,0.8969,219.0
1753533118152,12:31:58.152,AERO/USDT:USDT,0.8959,70.0,0.8958,1816.0,0.8968,3.0,0.8969,219.0
1753533118255,12:31:58.255,AERO/USDT:USDT,0.8959,70.0,0.8958,1816.0,0.8968,3.0,0.8969,219.0
1753533118356,12:31:58.356,AERO/USDT:USDT,0.8959,70.0,0.8958,1816.0,0.8968,3.0,0.8969,219.0
1753533118452,12:31:58.452,AERO/USDT:USDT,0.8959,70.0,0.8958,1816.0,0.8968,3.0,0.8969,219.0
1753533118552,12:31:58.552,AERO/USDT:USDT,0.8959,70.0,0.8958,1816.0,0.8968,3.0,0.8969,219.0
1753533118652,12:31:58.652,AERO/USDT:USDT,0.8959,70.0,0.8958,1816.0,0.8968,3.0,0.8969,219.0
1753533118752,12:31:58.752,AERO/USDT:USDT,0.8959,70.0,0.8958,1816.0,0.8968,3.0,0.8969,219.0
1753533118852,12:31:58.852,AERO/USDT:USDT,0.8959,70.0,0.8958,1816.0,0.8968,3.0,0.8969,219.0
1753533118953,12:31:58.953,AERO/USDT:USDT,0.8959,70.0,0.8958,1816.0,0.8968,3.0,0.8969,219.0
1753533119052,12:31:59.052,AERO/USDT:USDT,0.8959,70.0,0.8958,1816.0,0.8968,3.0,0.8969,219.0
1753533119156,12:31:59.156,AERO/USDT:USDT,0.8959,70.0,0.8958,1816.0,0.8968,3.0,0.8969,219.0
1753533119255,12:31:59.255,AERO/USDT:USDT,0.8959,70.0,0.8958,1816.0,0.8968,3.0,0.8969,219.0
1753533119352,12:31:59.352,AERO/USDT:USDT,0.8959,70.0,0.8958,1816.0,0.8968,3.0,0.8969,219.0
1753533119453,12:31:59.453,AERO/USDT:USDT,0.8959,70.0,0.8958,1816.0,0.8968,3.0,0.8969,219.0
1753533119655,12:31:59.655,AERO/USDT:USDT,0.8959,41.0,0.8958,1816.0,0.8968,3.0,0.8969,219.0
1753533119806,12:31:59.806,AERO/USDT:USDT,0.8959,55.0,0.8958,1816.0,0.8968,3.0,0.8969,219.0
1753533119852,12:31:59.852,AERO/USDT:USDT,0.8959,55.0,0.8958,1816.0,0.8968,3.0,0.8969,219.0
1753533119951,12:31:59.951,AERO/USDT:USDT,0.8959,55.0,0.8958,1816.0,0.8968,3.0,0.8969,219.0
1753533120052,12:32:00.052,AERO/USDT:USDT,0.8959,55.0,0.8958,1816.0,0.8968,3.0,0.8969,219.0
1753533120156,12:32:00.156,AERO/USDT:USDT,0.8959,55.0,0.8958,1816.0,0.8968,3.0,0.8969,219.0
1753533120252,12:32:00.252,AERO/USDT:USDT,0.8959,55.0,0.8958,1816.0,0.8968,3.0,0.8969,219.0
1753533120353,12:32:00.353,AERO/USDT:USDT,0.8959,55.0,0.8958,1816.0,0.8968,3.0,0.8969,219.0
1753533120452,12:32:00.452,AERO/USDT:USDT,0.8959,55.0,0.8958,1816.0,0.8968,3.0,0.8969,219.0
1753533120588,12:32:00.588,AERO/USDT:USDT,0.8959,70.0,0.8958,1816.0,0.8968,3.0,0.8969,219.0
1753533120655,12:32:00.655,AERO/USDT:USDT,0.8959,70.0,0.8958,1816.0,0.8968,3.0,0.8969,219.0
1753533120757,12:32:00.757,AERO/USDT:USDT,0.8959,70.0,0.8958,1816.0,0.8968,3.0,0.8969,219.0
1753533120852,12:32:00.852,AERO/USDT:USDT,0.8959,70.0,0.8958,1816.0,0.8968,3.0,0.8969,219.0
1753533120952,12:32:00.952,AERO/USDT:USDT,0.8959,70.0,0.8958,1816.0,0.8968,3.0,0.8969,219.0
1753533121056,12:32:01.056,AERO/USDT:USDT,0.8959,70.0,0.8958,1816.0,0.8968,3.0,0.8969,219.0
1753533121155,12:32:01.155,AERO/USDT:USDT,0.8959,70.0,0.8958,1816.0,0.8968,3.0,0.8969,219.0
1753533121256,12:32:01.256,AERO/USDT:USDT,0.8959,70.0,0.8958,1816.0,0.8968,3.0,0.8969,219.0
1753533121355,12:32:01.355,AERO/USDT:USDT,0.8959,70.0,0.8958,1816.0,0.8968,3.0,0.8969,219.0
1753533121451,12:32:01.451,AERO/USDT:USDT,0.8959,70.0,0.8958,1816.0,0.8968,3.0,0.8969,219.0
1753533121645,12:32:01.645,AERO/USDT:USDT,0.8959,70.0,0.8958,1816.0,0.8968,3.0,0.8969,219.0
1753533121653,12:32:01.653,AERO/USDT:USDT,0.8959,70.0,0.8958,1816.0,0.8968,3.0,0.8969,219.0
1753533121752,12:32:01.752,AERO/USDT:USDT,0.8959,70.0,0.8958,1816.0,0.8968,3.0,0.8969,219.0
1753533121852,12:32:01.852,AERO/USDT:USDT,0.8959,70.0,0.8958,1816.0,0.8968,3.0,0.8969,219.0
1753533122008,12:32:02.008,AERO/USDT:USDT,0.8959,70.0,0.8958,1816.0,0.8968,3.0,0.8969,219.0
1753533122052,12:32:02.052,AERO/USDT:USDT,0.8959,70.0,0.8958,1816.0,0.8968,3.0,0.8969,219.0
1753533122152,12:32:02.152,AERO/USDT:USDT,0.8959,70.0,0.8958,1816.0,0.8968,3.0,0.8969,219.0
1753533122260,12:32:02.260,AERO/USDT:USDT,0.8959,70.0,0.8958,1816.0,0.8968,3.0,0.8969,219.0
1753533122358,12:32:02.358,AERO/USDT:USDT,0.8959,70.0,0.8958,1816.0,0.8968,3.0,0.8969,219.0
1753533122528,12:32:02.528,AERO/USDT:USDT,0.8959,70.0,0.8957,2.0,0.8965,219.0,0.8967,538.0
1753533122620,12:32:02.620,AERO/USDT:USDT,0.8959,41.0,0.8957,2.0,0.8964,3.0,0.8965,219.0
1753533122730,12:32:02.730,AERO/USDT:USDT,0.8959,41.0,0.8957,2.0,0.8964,3.0,0.8965,219.0
1753533122752,12:32:02.752,AERO/USDT:USDT,0.8959,41.0,0.8957,2.0,0.8964,3.0,0.8965,219.0
1753533124003,12:32:04.003,AERO/USDT:USDT,0.8959,41.0,0.8957,2.0,0.8964,3.0,0.8965,219.0
1753533124308,12:32:04.308,AERO/USDT:USDT,0.8959,41.0,0.8957,2.0,0.8964,3.0,0.8965,219.0
1753533124926,12:32:04.926,AERO/USDT:USDT,0.8959,41.0,0.8957,2.0,0.8964,3.0,0.8965,219.0
1753533126445,12:32:06.445,AERO/USDT:USDT,0.8959,41.0,0.8957,2.0,0.8964,3.0,0.8965,219.0
1753533126446,12:32:06.446,AERO/USDT:USDT,0.8959,41.0,0.8957,2.0,0.8964,3.0,0.8965,219.0
1753533126671,12:32:06.671,AERO/USDT:USDT,0.8959,41.0,0.8957,2.0,0.8964,3.0,0.8965,219.0
1753533128502,12:32:08.502,AERO/USDT:USDT,0.8959,41.0,0.8957,2.0,0.8964,3.0,0.8965,219.0
1753533128606,12:32:08.606,AERO/USDT:USDT,0.8959,41.0,0.8957,2.0,0.8964,3.0,0.8965,219.0
1753533128659,12:32:08.659,AERO/USDT:USDT,0.8959,41.0,0.8957,2.0,0.8964,3.0,0.8965,219.0
1753533128763,12:32:08.763,AERO/USDT:USDT,0.8959,41.0,0.8957,2.0,0.8964,3.0,0.8965,219.0
1753533129003,12:32:09.003,AERO/USDT:USDT,0.8959,41.0,0.8957,2.0,0.8964,3.0,0.8965,219.0
1753533129341,12:32:09.341,AERO/USDT:USDT,0.8959,41.0,0.8957,2.0,0.8961,219.0,0.8964,3.0
1753533129352,12:32:09.352,AERO/USDT:USDT,0.8959,41.0,0.8957,2.0,0.8961,219.0,0.8965,219.0
1753533129578,12:32:09.578,AERO/USDT:USDT,0.8959,41.0,0.8957,2.0,0.8961,219.0,0.8965,219.0
1753533130093,12:32:10.093,AERO/USDT:USDT,0.8959,41.0,0.8957,2.0,0.8961,219.0,0.8965,219.0
1753533130315,12:32:10.315,AERO/USDT:USDT,0.8959,41.0,0.8957,2.0,0.8961,219.0,0.8965,219.0
1753533131268,12:32:11.268,AERO/USDT:USDT,0.8959,41.0,0.8957,2.0,0.8961,219.0,0.8965,219.0
1753533131997,12:32:11.997,AERO/USDT:USDT,0.8959,41.0,0.8957,2.0,0.8961,219.0,0.8965,219.0
1753533133010,12:32:13.010,AERO/USDT:USDT,0.8959,41.0,0.8957,2.0,0.8961,219.0,0.8965,219.0
1753533133177,12:32:13.177,AERO/USDT:USDT,0.8959,41.0,0.8957,2.0,0.8961,219.0,0.8965,219.0
1753533133288,12:32:13.288,AERO/USDT:USDT,0.8959,41.0,0.8957,2.0,0.8961,219.0,0.8965,219.0
1753533133617,12:32:13.617,AERO/USDT:USDT,0.8959,41.0,0.8957,2.0,0.8965,219.0,0.8967,538.0
1753533133655,12:32:13.655,AERO/USDT:USDT,0.8959,41.0,0.8957,2.0,0.8964,3.0,0.8965,219.0
1753533134031,12:32:14.031,AERO/USDT:USDT,0.8959,41.0,0.8957,2.0,0.8964,3.0,0.8965,219.0
1753533136045,12:32:16.045,AERO/USDT:USDT,0.8959,41.0,0.8957,2.0,0.8964,3.0,0.8965,219.0
1753533136046,12:32:16.046,AERO/USDT:USDT,0.8959,41.0,0.8957,2.0,0.8964,3.0,0.8965,219.0
1753533136550,12:32:16.550,AERO/USDT:USDT,0.8959,41.0,0.8957,2.0,0.8964,3.0,0.8965,219.0
1753533137005,12:32:17.005,AERO/USDT:USDT,0.8959,41.0,0.8957,2.0,0.8964,3.0,0.8965,219.0
1753533138749,12:32:18.749,AERO/USDT:USDT,0.8959,41.0,0.8957,2.0,0.8964,3.0,0.8965,219.0
1753533139249,12:32:19.249,AERO/USDT:USDT,0.8959,41.0,0.8957,2.0,0.8964,3.0,0.8965,548.0
1753533140845,12:32:20.845,AERO/USDT:USDT,0.8959,41.0,0.8957,2.0,0.8964,3.0,0.8965,548.0
1753533140846,12:32:20.846,AERO/USDT:USDT,0.8959,41.0,0.8957,2.0,0.8964,3.0,0.8965,548.0
1753533141016,12:32:21.016,AERO/USDT:USDT,0.8959,41.0,0.8957,2.0,0.8964,3.0,0.8965,548.0
1753533142089,12:32:22.089,AERO/USDT:USDT,0.8959,41.0,0.8957,2.0,0.8964,3.0,0.8965,548.0
1753533143004,12:32:23.004,AERO/USDT:USDT,0.8959,41.0,0.8957,2.0,0.8964,3.0,0.8965,548.0
1753533144916,12:32:24.916,AERO/USDT:USDT,0.8959,41.0,0.8957,2.0,0.8964,3.0,0.8965,548.0
1753533145645,12:32:25.645,AERO/USDT:USDT,0.8959,41.0,0.8957,2.0,0.8964,3.0,0.8965,548.0
1753533145668,12:32:25.668,AERO/USDT:USDT,0.8959,41.0,0.8957,2.0,0.8964,3.0,0.8965,548.0
1753533146028,12:32:26.028,AERO/USDT:USDT,0.8959,41.0,0.8957,2.0,0.8964,3.0,0.8965,548.0
1753533146800,12:32:26.800,AERO/USDT:USDT,0.8957,2.0,0.8955,29.0,0.8964,3.0,0.8965,548.0
1753533146929,12:32:26.929,AERO/USDT:USDT,0.8957,2.0,0.8955,29.0,0.8964,3.0,0.8965,548.0
1753533148003,12:32:28.003,AERO/USDT:USDT,0.8957,2.0,0.8955,29.0,0.8964,3.0,0.8965,548.0
1753533148074,12:32:28.074,AERO/USDT:USDT,0.8957,2.0,0.8955,29.0,0.8964,3.0,0.8965,548.0
1753533148150,12:32:28.150,AERO/USDT:USDT,0.8957,2.0,0.8955,29.0,0.8964,3.0,0.8965,548.0
1753533148511,12:32:28.511,AERO/USDT:USDT,0.8957,2.0,0.8955,29.0,0.8961,219.0,0.8964,3.0
1753533148563,12:32:28.563,AERO/USDT:USDT,0.8957,2.0,0.8955,29.0,0.8961,219.0,0.8965,548.0
1753533148676,12:32:28.676,AERO/USDT:USDT,0.8957,2.0,0.8955,29.0,0.8961,219.0,0.8965,548.0
1753533148819,12:32:28.819,AERO/USDT:USDT,0.8957,2.0,0.8947,29.0,0.8961,219.0,0.8965,548.0
1753533148920,12:32:28.920,AERO/USDT:USDT,0.8957,2.0,0.8949,1813.0,0.8961,219.0,0.8965,548.0
1753533149005,12:32:29.005,AERO/USDT:USDT,0.8957,2.0,0.895,29.0,0.8961,219.0,0.8965,548.0
1753533149144,12:32:29.144,AERO/USDT:USDT,0.8957,2.0,0.895,29.0,0.8961,219.0,0.8965,548.0
1753533149310,12:32:29.310,AERO/USDT:USDT,0.8957,2.0,0.895,29.0,0.8961,219.0,0.8965,548.0
1753533149395,12:32:29.395,AERO/USDT:USDT,0.8957,2.0,0.895,29.0,0.8961,219.0,0.8965,548.0
1753533150449,12:32:30.449,AERO/USDT:USDT,0.8957,2.0,0.895,29.0,0.8961,219.0,0.8965,548.0
1753533151015,12:32:31.015,AERO/USDT:USDT,0.8957,2.0,0.895,29.0,0.8961,219.0,0.8965,548.0
1753533152230,12:32:32.230,AERO/USDT:USDT,0.8957,2.0,0.895,29.0,0.8961,219.0,0.8965,548.0
1753533153224,12:32:33.224,AERO/USDT:USDT,0.8957,2.0,0.895,29.0,0.8961,219.0,0.8963,538.0
1753533153927,12:32:33.927,AERO/USDT:USDT,0.8957,2.0,0.895,29.0,0.8961,219.0,0.8963,538.0
1753533154036,12:32:34.036,AERO/USDT:USDT,0.8957,2.0,0.895,29.0,0.8961,219.0,0.8962,336.0
1753533154048,12:32:34.048,AERO/USDT:USDT,0.8957,2.0,0.895,29.0,0.8961,219.0,0.8962,336.0
1753533154251,12:32:34.251,AERO/USDT:USDT,0.8957,2.0,0.895,29.0,0.8961,219.0,0.8962,336.0
1753533154820,12:32:34.820,AERO/USDT:USDT,0.8957,2.0,0.895,29.0,0.8961,219.0,0.8962,336.0
1753533155065,12:32:35.065,AERO/USDT:USDT,0.8957,2.0,0.895,29.0,0.8961,219.0,0.8962,336.0
1753533155240,12:32:35.240,AERO/USDT:USDT,0.8957,2.0,0.895,29.0,0.8961,219.0,0.8962,336.0
1753533155247,12:32:35.247,AERO/USDT:USDT,0.8957,2.0,0.895,29.0,0.8961,219.0,0.8962,336.0
1753533156029,12:32:36.029,AERO/USDT:USDT,0.8957,2.0,0.895,29.0,0.8961,219.0,0.8962,336.0
1753533156132,12:32:36.132,AERO/USDT:USDT,0.8957,2.0,0.895,29.0,0.896,227.0,0.8961,757.0
1753533156282,12:32:36.282,AERO/USDT:USDT,0.8957,2.0,0.895,29.0,0.896,227.0,0.8961,757.0
1753533156428,12:32:36.428,AERO/USDT:USDT,0.8957,2.0,0.895,29.0,0.896,227.0,0.8961,757.0
1753533156503,12:32:36.503,AERO/USDT:USDT,0.8957,2.0,0.895,29.0,0.8961,757.0,0.8963,582.0
1753533156548,12:32:36.548,AERO/USDT:USDT,0.8957,2.0,0.895,29.0,0.896,227.0,0.8961,757.0
1753533157097,12:32:37.097,AERO/USDT:USDT,0.8957,2.0,0.895,29.0,0.896,227.0,0.8961,757.0
1753533157468,12:32:37.468,AERO/USDT:USDT,0.8957,2.0,0.895,29.0,0.896,227.0,0.8961,757.0
1753533157913,12:32:37.913,AERO/USDT:USDT,0.8957,2.0,0.895,29.0,0.896,227.0,0.8961,757.0
1753533158267,12:32:38.267,AERO/USDT:USDT,0.8957,2.0,0.895,29.0,0.8961,538.0,0.8963,582.0
1753533158631,12:32:38.631,AERO/USDT:USDT,0.8957,2.0,0.895,29.0,0.896,219.0,0.8961,538.0
1753533159139,12:32:39.139,AERO/USDT:USDT,0.8957,2.0,0.895,29.0,0.896,219.0,0.8961,538.0
1753533159224,12:32:39.224,AERO/USDT:USDT,0.8957,2.0,0.895,29.0,0.896,219.0,0.8961,538.0
1753533159937,12:32:39.937,AERO/USDT:USDT,0.8957,2.0,0.895,29.0,0.896,219.0,0.8961,538.0
1753533159957,12:32:39.957,AERO/USDT:USDT,0.8957,2.0,0.895,29.0,0.896,219.0,0.8961,538.0
1753533160047,12:32:40.047,AERO/USDT:USDT,0.8957,2.0,0.895,29.0,0.896,219.0,0.8961,538.0
1753533160338,12:32:40.338,AERO/USDT:USDT,0.8957,2.0,0.895,248.0,0.8964,339.0,0.8965,1130.0
1753533160430,12:32:40.430,AERO/USDT:USDT,0.8957,2.0,0.895,248.0,0.8963,3.0,0.8965,548.0
1753533160514,12:32:40.514,AERO/USDT:USDT,0.8957,2.0,0.895,29.0,0.8964,3.0,0.8965,548.0
1753533160733,12:32:40.733,AERO/USDT:USDT,0.8957,2.0,0.895,29.0,0.8964,3.0,0.8965,548.0
1753533160891,12:32:40.891,AERO/USDT:USDT,0.8957,2.0,0.895,248.0,0.8964,3.0,0.8965,548.0
1753533161006,12:32:41.006,AERO/USDT:USDT,0.8957,2.0,0.895,248.0,0.8961,219.0,0.8964,3.0
1753533161056,12:32:41.056,AERO/USDT:USDT,0.8957,2.0,0.895,248.0,0.896,3.0,0.8961,219.0
1753533161212,12:32:41.212,AERO/USDT:USDT,0.8957,2.0,0.895,248.0,0.896,3.0,0.8961,219.0
1753533161486,12:32:41.486,AERO/USDT:USDT,0.8957,2.0,0.895,248.0,0.896,3.0,0.8961,219.0
1753533161796,12:32:41.796,AERO/USDT:USDT,0.8957,42.0,0.895,248.0,0.896,3.0,0.8961,219.0
1753533162020,12:32:42.020,AERO/USDT:USDT,0.8957,42.0,0.895,248.0,0.896,3.0,0.8961,219.0
1753533162084,12:32:42.084,AERO/USDT:USDT,0.8957,42.0,0.895,248.0,0.896,3.0,0.8961,219.0
1753533162314,12:32:42.314,AERO/USDT:USDT,0.8957,42.0,0.895,248.0,0.896,3.0,0.8965,548.0
1753533162415,12:32:42.415,AERO/USDT:USDT,0.8957,42.0,0.895,248.0,0.8964,3.0,0.8965,548.0
1753533162514,12:32:42.514,AERO/USDT:USDT,0.8957,42.0,0.895,248.0,0.8961,219.0,0.8964,3.0
1753533162552,12:32:42.552,AERO/USDT:USDT,0.8957,42.0,0.895,248.0,0.896,3.0,0.8961,219.0
1753533163239,12:32:43.239,AERO/USDT:USDT,0.8957,42.0,0.895,29.0,0.896,3.0,0.8961,219.0
1753533164012,12:32:44.012,AERO/USDT:USDT,0.8957,42.0,0.895,29.0,0.896,3.0,0.8961,219.0
1753533164160,12:32:44.160,AERO/USDT:USDT,0.8957,42.0,0.895,29.0,0.896,3.0,0.8965,548.0
1753533164252,12:32:44.252,AERO/USDT:USDT,0.8957,42.0,0.895,29.0,0.8964,3.0,0.8965,548.0
1753533164363,12:32:44.363,AERO/USDT:USDT,0.8957,42.0,0.895,29.0,0.8961,219.0,0.8964,3.0
1753533164458,12:32:44.458,AERO/USDT:USDT,0.8957,42.0,0.895,29.0,0.896,3.0,0.8961,219.0
1753533164874,12:32:44.874,AERO/USDT:USDT,0.8957,42.0,0.895,29.0,0.896,3.0,0.8961,219.0
1753533165006,12:32:45.006,AERO/USDT:USDT,0.8957,42.0,0.895,29.0,0.896,3.0,0.8961,219.0
1753533165713,12:32:45.713,AERO/USDT:USDT,0.8957,42.0,0.895,29.0,0.896,3.0,0.8965,548.0
1753533165833,12:32:45.833,AERO/USDT:USDT,0.8957,42.0,0.895,29.0,0.8964,3.0,0.8965,548.0
1753533165947,12:32:45.947,AERO/USDT:USDT,0.8957,42.0,0.895,29.0,0.8961,219.0,0.8964,3.0
1753533166092,12:32:46.092,AERO/USDT:USDT,0.8957,42.0,0.895,29.0,0.896,3.0,0.8961,219.0
1753533167922,12:32:47.922,AERO/USDT:USDT,0.8957,42.0,0.895,29.0,0.896,3.0,0.8961,219.0
1753533168119,12:32:48.119,AERO/USDT:USDT,0.8957,42.0,0.895,29.0,0.896,3.0,0.8961,219.0
1753533169647,12:32:49.647,AERO/USDT:USDT,0.8957,42.0,0.895,29.0,0.896,3.0,0.8961,219.0
1753533170052,12:32:50.052,AERO/USDT:USDT,0.8957,42.0,0.895,29.0,0.896,3.0,0.8965,548.0
1753533170168,12:32:50.168,AERO/USDT:USDT,0.8957,42.0,0.895,29.0,0.8961,219.0,0.8964,3.0
1753533170252,12:32:50.252,AERO/USDT:USDT,0.8957,42.0,0.895,29.0,0.896,3.0,0.8961,219.0
1753533171006,12:32:51.006,AERO/USDT:USDT,0.8957,42.0,0.895,29.0,0.896,3.0,0.8961,219.0
1753533171144,12:32:51.144,AERO/USDT:USDT,0.8957,42.0,0.895,29.0,0.896,3.0,0.8961,219.0
1753533172034,12:32:52.034,AERO/USDT:USDT,0.8957,42.0,0.895,29.0,0.896,3.0,0.8961,219.0
1753533172084,12:32:52.084,AERO/USDT:USDT,0.8957,42.0,0.895,29.0,0.896,3.0,0.8961,219.0
1753533173029,12:32:53.029,AERO/USDT:USDT,0.8957,42.0,0.895,29.0,0.896,3.0,0.8961,219.0
1753533173214,12:32:53.214,AERO/USDT:USDT,0.8957,42.0,0.895,29.0,0.896,3.0,0.8961,219.0
1753533174468,12:32:54.468,AERO/USDT:USDT,0.8957,42.0,0.895,29.0,0.896,3.0,0.8961,219.0
1753533175004,12:32:55.004,AERO/USDT:USDT,0.8957,42.0,0.895,29.0,0.896,3.0,0.8961,219.0
1753533175451,12:32:55.451,AERO/USDT:USDT,0.8957,42.0,0.895,248.0,0.896,3.0,0.8961,219.0
1753533176520,12:32:56.520,AERO/USDT:USDT,0.8957,42.0,0.895,29.0,0.896,3.0,0.8961,219.0
1753533177342,12:32:57.342,AERO/USDT:USDT,0.8957,42.0,0.895,29.0,0.896,3.0,0.8961,219.0
1753533177367,12:32:57.367,AERO/USDT:USDT,0.8957,42.0,0.895,29.0,0.896,3.0,0.8961,219.0
1753533178180,12:32:58.180,AERO/USDT:USDT,0.8957,42.0,0.895,29.0,0.896,3.0,0.8961,219.0
1753533179318,12:32:59.318,AERO/USDT:USDT,0.8957,42.0,0.895,29.0,0.896,3.0,0.8961,219.0
1753533181019,12:33:01.019,AERO/USDT:USDT,0.8957,42.0,0.895,29.0,0.896,3.0,0.8961,219.0
1753533183029,12:33:03.029,AERO/USDT:USDT,0.8957,42.0,0.895,29.0,0.896,3.0,0.8961,219.0
1753533183140,12:33:03.140,AERO/USDT:USDT,0.8957,42.0,0.895,29.0,0.896,3.0,0.8961,219.0
1753533183245,12:33:03.245,AERO/USDT:USDT,0.8957,42.0,0.895,29.0,0.896,3.0,0.8961,219.0
1753533183396,12:33:03.396,AERO/USDT:USDT,0.8957,42.0,0.895,29.0,0.896,3.0,0.8961,219.0
1753533183449,12:33:03.449,AERO/USDT:USDT,0.8957,42.0,0.895,29.0,0.896,3.0,0.8961,219.0
1753533183895,12:33:03.895,AERO/USDT:USDT,0.8957,42.0,0.895,29.0,0.896,3.0,0.8961,219.0
1753533184005,12:33:04.005,AERO/USDT:USDT,0.8957,42.0,0.895,29.0,0.896,3.0,0.8961,219.0
1753533184049,12:33:04.049,AERO/USDT:USDT,0.8957,42.0,0.895,29.0,0.896,3.0,0.8961,219.0
1753533184245,12:33:04.245,AERO/USDT:USDT,0.8957,42.0,0.895,29.0,0.896,3.0,0.8961,219.0
1753533184339,12:33:04.339,AERO/USDT:USDT,0.8957,42.0,0.895,29.0,0.896,3.0,0.8961,219.0
1753533184392,12:33:04.392,AERO/USDT:USDT,0.8957,42.0,0.895,29.0,0.896,3.0,0.8961,219.0
1753533184547,12:33:04.547,AERO/USDT:USDT,0.8957,42.0,0.895,29.0,0.896,3.0,0.8961,219.0
1753533185951,12:33:05.951,AERO/USDT:USDT,0.8957,42.0,0.895,29.0,0.896,3.0,0.8961,219.0
1753533187003,12:33:07.003,AERO/USDT:USDT,0.8957,42.0,0.895,29.0,0.896,3.0,0.8961,219.0
1753533188848,12:33:08.848,AERO/USDT:USDT,0.8957,42.0,0.895,29.0,0.896,3.0,0.8961,219.0
1753533190794,12:33:10.794,AERO/USDT:USDT,0.8957,42.0,0.895,29.0,0.896,3.0,0.8961,219.0
1753533191003,12:33:11.003,AERO/USDT:USDT,0.8957,42.0,0.895,29.0,0.896,3.0,0.8961,219.0
1753533192373,12:33:12.373,AERO/USDT:USDT,0.8957,42.0,0.895,29.0,0.896,3.0,0.8961,219.0
1753533193648,12:33:13.648,AERO/USDT:USDT,0.8957,42.0,0.895,29.0,0.896,3.0,0.8961,219.0
1753533196003,12:33:16.003,AERO/USDT:USDT,0.8957,42.0,0.895,29.0,0.896,3.0,0.8961,219.0
1753533196315,12:33:16.315,AERO/USDT:USDT,0.8957,42.0,0.895,248.0,0.896,3.0,0.8961,219.0
1753533196354,12:33:16.354,AERO/USDT:USDT,0.8957,42.0,0.895,248.0,0.896,3.0,0.8965,548.0
1753533196481,12:33:16.481,AERO/USDT:USDT,0.8957,42.0,0.895,29.0,0.8964,3.0,0.8965,548.0
1753533196568,12:33:16.568,AERO/USDT:USDT,0.8957,42.0,0.8949,1813.0,0.8965,548.0,0.8966,349.0
1753533196735,12:33:16.735,AERO/USDT:USDT,0.8957,42.0,0.895,29.0,0.8961,219.0,0.8964,3.0
1753533196795,12:33:16.795,AERO/USDT:USDT,0.8957,2.0,0.895,29.0,0.896,3.0,0.8961,219.0
1753533196856,12:33:16.856,AERO/USDT:USDT,0.8957,2.0,0.895,29.0,0.896,3.0,0.8961,219.0
1753533197144,12:33:17.144,AERO/USDT:USDT,0.8957,2.0,0.895,29.0,0.896,3.0,0.8961,219.0
1753533197160,12:33:17.160,AERO/USDT:USDT,0.8957,2.0,0.895,29.0,0.896,3.0,0.8961,219.0
1753533197334,12:33:17.334,AERO/USDT:USDT,0.8957,2.0,0.895,29.0,0.896,3.0,0.8961,219.0
1753533197519,12:33:17.519,AERO/USDT:USDT,0.8957,2.0,0.895,29.0,0.896,3.0,0.8961,219.0
1753533197567,12:33:17.567,AERO/USDT:USDT,0.8957,2.0,0.895,29.0,0.896,3.0,0.8961,219.0
1753533197894,12:33:17.894,AERO/USDT:USDT,0.8957,2.0,0.895,29.0,0.896,3.0,0.8965,548.0
1753533198005,12:33:18.005,AERO/USDT:USDT,0.8957,2.0,0.895,29.0,0.8961,219.0,0.8964,3.0
1753533198052,12:33:18.052,AERO/USDT:USDT,0.8957,2.0,0.895,29.0,0.896,3.0,0.8961,219.0
1753533198467,12:33:18.467,AERO/USDT:USDT,0.8957,2.0,0.895,29.0,0.896,3.0,0.8965,548.0
1753533198552,12:33:18.552,AERO/USDT:USDT,0.8957,2.0,0.895,248.0,0.8964,3.0,0.8965,548.0
1753533198822,12:33:18.822,AERO/USDT:USDT,0.8957,2.0,0.895,29.0,0.8964,3.0,0.8965,548.0
1753533198849,12:33:18.849,AERO/USDT:USDT,0.8957,2.0,0.895,248.0,0.8964,3.0,0.8965,548.0
1753533199114,12:33:19.114,AERO/USDT:USDT,0.8957,2.0,0.895,248.0,0.8964,3.0,0.8965,548.0
1753533199635,12:33:19.635,AERO/USDT:USDT,0.8957,2.0,0.895,248.0,0.8961,219.0,0.8964,3.0
1753533199652,12:33:19.652,AERO/USDT:USDT,0.8957,2.0,0.895,248.0,0.896,3.0,0.8961,219.0
1753533199869,12:33:19.869,AERO/USDT:USDT,0.8957,2.0,0.895,29.0,0.896,3.0,0.8961,219.0
1753533200023,12:33:20.023,AERO/USDT:USDT,0.8957,2.0,0.895,29.0,0.896,3.0,0.8961,219.0
1753533200075,12:33:20.075,AERO/USDT:USDT,0.8957,2.0,0.895,248.0,0.896,3.0,0.8961,219.0
1753533200341,12:33:20.341,AERO/USDT:USDT,0.8957,2.0,0.895,248.0,0.896,3.0,0.8965,548.0
1753533200375,12:33:20.375,AERO/USDT:USDT,0.8957,2.0,0.895,248.0,0.8961,219.0,0.8964,3.0
1753533200484,12:33:20.484,AERO/USDT:USDT,0.8957,2.0,0.895,248.0,0.896,3.0,0.8965,548.0
1753533200608,12:33:20.608,AERO/USDT:USDT,0.8957,2.0,0.895,248.0,0.8961,219.0,0.8964,3.0
1753533200652,12:33:20.652,AERO/USDT:USDT,0.8957,2.0,0.895,248.0,0.896,3.0,0.8961,219.0
1753533200841,12:33:20.841,AERO/USDT:USDT,0.8957,2.0,0.895,248.0,0.896,3.0,0.8961,219.0
1753533200847,12:33:20.847,AERO/USDT:USDT,0.8957,2.0,0.895,248.0,0.896,3.0,0.8961,219.0
1753533201168,12:33:21.168,AERO/USDT:USDT,0.8957,2.0,0.895,248.0,0.896,3.0,0.8961,219.0
1753533201796,12:33:21.796,AERO/USDT:USDT,0.8957,42.0,0.895,248.0,0.896,3.0,0.8961,219.0
1753533201905,12:33:21.905,AERO/USDT:USDT,0.8957,42.0,0.895,29.0,0.896,3.0,0.8961,219.0
1753533202005,12:33:22.005,AERO/USDT:USDT,0.8957,42.0,0.895,29.0,0.896,3.0,0.8961,219.0
1753533202254,12:33:22.254,AERO/USDT:USDT,0.8957,42.0,0.895,248.0,0.896,3.0,0.8961,219.0
1753533202445,12:33:22.445,AERO/USDT:USDT,0.8957,42.0,0.895,29.0,0.896,3.0,0.8965,548.0
1753533202452,12:33:22.452,AERO/USDT:USDT,0.8957,42.0,0.895,29.0,0.8964,3.0,0.8965,548.0
1753533202696,12:33:22.696,AERO/USDT:USDT,0.8957,42.0,0.895,29.0,0.8961,219.0,0.8964,3.0
1753533202752,12:33:22.752,AERO/USDT:USDT,0.8957,42.0,0.895,29.0,0.896,3.0,0.8961,219.0
1753533203248,12:33:23.248,AERO/USDT:USDT,0.8957,42.0,0.895,29.0,0.896,3.0,0.8961,219.0
1753533203753,12:33:23.753,AERO/USDT:USDT,0.8957,42.0,0.895,248.0,0.896,3.0,0.8961,219.0
1753533204727,12:33:24.727,AERO/USDT:USDT,0.8957,42.0,0.895,29.0,0.896,3.0,0.8961,219.0
1753533204974,12:33:24.974,AERO/USDT:USDT,0.8957,42.0,0.895,248.0,0.896,3.0,0.8961,219.0
1753533205123,12:33:25.123,AERO/USDT:USDT,0.8957,42.0,0.895,29.0,0.896,3.0,0.8961,219.0
1753533205278,12:33:25.278,AERO/USDT:USDT,0.8957,42.0,0.895,248.0,0.896,3.0,0.8961,219.0
1753533206107,12:33:26.107,AERO/USDT:USDT,0.8957,42.0,0.895,29.0,0.896,3.0,0.8961,219.0
1753533206214,12:33:26.214,AERO/USDT:USDT,0.8957,42.0,0.895,29.0,0.896,3.0,0.8961,219.0
1753533206541,12:33:26.541,AERO/USDT:USDT,0.8957,42.0,0.895,29.0,0.896,3.0,0.8961,219.0
1753533206705,12:33:26.705,AERO/USDT:USDT,0.8957,42.0,0.895,248.0,0.896,3.0,0.8961,219.0
1753533206838,12:33:26.838,AERO/USDT:USDT,0.8957,42.0,0.895,248.0,0.896,3.0,0.8961,219.0
1753533208004,12:33:28.004,AERO/USDT:USDT,0.8957,42.0,0.895,248.0,0.896,3.0,0.8961,219.0
1753533208114,12:33:28.114,AERO/USDT:USDT,0.8957,42.0,0.895,248.0,0.896,3.0,0.8965,548.0
1753533208154,12:33:28.154,AERO/USDT:USDT,0.8957,42.0,0.895,248.0,0.8964,3.0,0.8965,548.0
1753533208484,12:33:28.484,AERO/USDT:USDT,0.8957,42.0,0.895,248.0,0.8964,3.0,0.8965,548.0
1753533209188,12:33:29.188,AERO/USDT:USDT,0.8957,42.0,0.895,248.0,0.8964,3.0,0.8965,548.0
1753533209301,12:33:29.301,AERO/USDT:USDT,0.8957,42.0,0.895,248.0,0.8964,3.0,0.8965,548.0
1753533210234,12:33:30.234,AERO/USDT:USDT,0.8957,42.0,0.895,248.0,0.8961,219.0,0.8964,3.0
1753533210314,12:33:30.314,AERO/USDT:USDT,0.8957,42.0,0.895,29.0,0.896,3.0,0.8961,219.0
1753533210350,12:33:30.350,AERO/USDT:USDT,0.8957,42.0,0.895,248.0,0.896,3.0,0.8961,219.0
1753533210532,12:33:30.532,AERO/USDT:USDT,0.8957,42.0,0.895,248.0,0.896,3.0,0.8961,219.0
1753533211480,12:33:31.480,AERO/USDT:USDT,0.8957,42.0,0.895,29.0,0.896,3.0,0.8961,219.0
1753533211600,12:33:31.600,AERO/USDT:USDT,0.8957,42.0,0.895,29.0,0.896,3.0,0.8961,219.0
1753533211843,12:33:31.843,AERO/USDT:USDT,0.8957,42.0,0.895,29.0,0.896,3.0,0.8961,219.0
1753533211891,12:33:31.891,AERO/USDT:USDT,0.8957,42.0,0.895,248.0,0.896,3.0,0.8961,219.0
1753533212848,12:33:32.848,AERO/USDT:USDT,0.8957,42.0,0.895,248.0,0.896,3.0,0.8961,219.0
1753533213337,12:33:33.337,AERO/USDT:USDT,0.8957,42.0,0.895,29.0,0.896,3.0,0.8961,219.0
1753533214127,12:33:34.127,AERO/USDT:USDT,0.8957,42.0,0.895,248.0,0.896,3.0,0.8965,548.0
1753533214188,12:33:34.188,AERO/USDT:USDT,0.8957,42.0,0.895,248.0,0.8961,219.0,0.8963,528.0
1753533214275,12:33:34.275,AERO/USDT:USDT,0.8957,42.0,0.895,29.0,0.896,3.0,0.8961,219.0
1753533214527,12:33:34.527,AERO/USDT:USDT,0.8957,42.0,0.895,248.0,0.896,3.0,0.8961,219.0
1753533214985,12:33:34.985,AERO/USDT:USDT,0.8957,42.0,0.895,248.0,0.896,3.0,0.8965,548.0
1753533215137,12:33:35.137,AERO/USDT:USDT,0.8957,42.0,0.895,29.0,0.8961,219.0,0.8964,531.0
1753533215153,12:33:35.153,AERO/USDT:USDT,0.8957,42.0,0.895,29.0,0.896,3.0,0.8961,219.0
1753533215373,12:33:35.373,AERO/USDT:USDT,0.8957,42.0,0.895,29.0,0.896,3.0,0.8961,219.0
1753533215608,12:33:35.608,AERO/USDT:USDT,0.8957,42.0,0.895,29.0,0.896,3.0,0.8961,219.0
1753533216797,12:33:36.797,AERO/USDT:USDT,0.8957,2.0,0.895,29.0,0.896,3.0,0.8961,219.0
1753533216993,12:33:36.993,AERO/USDT:USDT,0.8957,2.0,0.895,29.0,0.896,3.0,0.8961,219.0
1753533217649,12:33:37.649,AERO/USDT:USDT,0.8957,2.0,0.895,29.0,0.896,3.0,0.8961,219.0
1753533218035,12:33:38.035,AERO/USDT:USDT,0.8957,2.0,0.895,29.0,0.896,3.0,0.8961,219.0
1753533219002,12:33:39.002,AERO/USDT:USDT,0.8957,2.0,0.895,29.0,0.896,3.0,0.8961,219.0
1753533219528,12:33:39.528,AERO/USDT:USDT,0.8957,2.0,0.895,29.0,0.896,227.0,0.8961,747.0
1753533219645,12:33:39.645,AERO/USDT:USDT,0.8947,29.0,0.8942,219.0,0.896,3.0,0.8961,219.0
1753533219722,12:33:39.722,AERO/USDT:USDT,0.8944,1807.0,0.8943,79.0,0.896,3.0,0.8961,219.0
1753533219833,12:33:39.833,AERO/USDT:USDT,0.8946,219.0,0.8945,29.0,0.896,3.0,0.8961,219.0
1753533219853,12:33:39.853,AERO/USDT:USDT,0.8947,29.0,0.8946,219.0,0.896,3.0,0.8961,219.0
1753533220029,12:33:40.029,AERO/USDT:USDT,0.8947,29.0,0.8946,219.0,0.896,3.0,0.8961,219.0
1753533220140,12:33:40.140,AERO/USDT:USDT,0.8947,29.0,0.8946,219.0,0.896,3.0,0.8961,219.0
1753533220170,12:33:40.170,AERO/USDT:USDT,0.8947,29.0,0.8946,219.0,0.896,3.0,0.8961,219.0
1753533220257,12:33:40.257,AERO/USDT:USDT,0.8947,29.0,0.8946,219.0,0.896,3.0,0.8961,219.0
1753533220422,12:33:40.422,AERO/USDT:USDT,0.8947,29.0,0.8946,219.0,0.896,3.0,0.8961,219.0
1753533220468,12:33:40.468,AERO/USDT:USDT,0.8947,29.0,0.8946,219.0,0.896,3.0,0.8961,219.0
1753533220749,12:33:40.749,AERO/USDT:USDT,0.8947,29.0,0.8946,219.0,0.896,3.0,0.8961,219.0
1753533221086,12:33:41.086,AERO/USDT:USDT,0.8947,29.0,0.8946,219.0,0.896,3.0,0.8961,219.0
1753533221859,12:33:41.859,AERO/USDT:USDT,0.8947,69.0,0.8946,219.0,0.896,3.0,0.8961,219.0
1753533222310,12:33:42.310,AERO/USDT:USDT,0.8947,69.0,0.8946,219.0,0.896,3.0,0.8961,219.0
1753533222468,12:33:42.468,AERO/USDT:USDT,0.8947,69.0,0.8946,219.0,0.896,3.0,0.8961,219.0
1753533222694,12:33:42.694,AERO/USDT:USDT,0.8947,69.0,0.8944,1807.0,0.896,3.0,0.8961,219.0
1753533223006,12:33:43.006,AERO/USDT:USDT,0.8947,69.0,0.8944,1807.0,0.896,3.0,0.8961,219.0
1753533224369,12:33:44.369,AERO/USDT:USDT,0.8947,69.0,0.8944,1807.0,0.896,3.0,0.8961,219.0
1753533224970,12:33:44.970,AERO/USDT:USDT,0.8947,69.0,0.8944,1807.0,0.896,3.0,0.8961,219.0
1753533225185,12:33:45.185,AERO/USDT:USDT,0.8947,69.0,0.8944,1807.0,0.896,3.0,0.8961,219.0
1753533225521,12:33:45.521,AERO/USDT:USDT,0.8947,69.0,0.8944,1807.0,0.896,531.0,0.8961,219.0
1753533225944,12:33:45.944,AERO/USDT:USDT,0.8947,69.0,0.8943,50.0,0.8957,219.0,0.896,3.0
