timestamp,time,symbol,bid1_price,bid1_volume,bid2_price,bid2_volume,ask1_price,ask1_volume,ask2_price,ask2_volume
1753533023000,12:30:23.000,EGLD/USDT:USDT,16.34,591.0,16.33,1791.0,16.36,166.0,16.37,946.0
1753533023874,12:30:23.874,EGLD/USDT:USDT,16.34,156.0,16.33,1638.0,16.35,55.0,16.36,166.0
1753533024085,12:30:24.085,EGLD/USDT:USDT,16.34,591.0,16.33,2138.0,16.36,166.0,16.37,946.0
1753533027732,12:30:27.732,EGLD/USDT:USDT,16.34,591.0,16.33,2138.0,16.36,166.0,16.37,946.0
1753533028596,12:30:28.596,EGLD/USDT:USDT,16.34,156.0,16.33,2138.0,16.35,55.0,16.36,166.0
1753533028671,12:30:28.671,EGLD/USDT:USDT,16.34,156.0,16.33,2138.0,16.35,55.0,16.36,166.0
1753533029249,12:30:29.249,EGLD/USDT:USDT,16.34,741.0,16.33,2138.0,16.36,166.0,16.37,946.0
1753533029486,12:30:29.486,EGLD/USDT:USDT,16.34,741.0,16.33,2138.0,16.36,166.0,16.37,946.0
1753533030045,12:30:30.045,EGLD/USDT:USDT,16.34,741.0,16.33,2226.0,16.36,166.0,16.37,946.0
1753533030050,12:30:30.050,EGLD/USDT:USDT,16.34,741.0,16.33,2226.0,16.36,166.0,16.37,1083.0
1753533031127,12:30:31.127,EGLD/USDT:USDT,16.34,741.0,16.33,2226.0,16.36,166.0,16.37,1083.0
1753533031150,12:30:31.150,EGLD/USDT:USDT,16.34,741.0,16.33,2226.0,16.36,166.0,16.37,1083.0
1753533032532,12:30:32.532,EGLD/USDT:USDT,16.34,741.0,16.33,2226.0,16.36,166.0,16.37,1083.0
1753533032646,12:30:32.646,EGLD/USDT:USDT,16.34,741.0,16.33,2226.0,16.36,318.0,16.37,931.0
1753533032747,12:30:32.747,EGLD/USDT:USDT,16.34,741.0,16.33,2226.0,16.36,166.0,16.37,1083.0
1753533033483,12:30:33.483,EGLD/USDT:USDT,16.34,741.0,16.33,2226.0,16.36,166.0,16.37,1083.0
1753533034035,12:30:34.035,EGLD/USDT:USDT,16.34,156.0,16.33,2226.0,16.35,55.0,16.36,318.0
1753533034318,12:30:34.318,EGLD/USDT:USDT,16.34,156.0,16.33,2226.0,16.35,55.0,16.36,318.0
1753533037332,12:30:37.332,EGLD/USDT:USDT,16.34,156.0,16.33,2226.0,16.35,55.0,16.36,318.0
1753533038463,12:30:38.463,EGLD/USDT:USDT,16.34,56.0,16.33,2226.0,16.35,55.0,16.36,494.0
1753533038599,12:30:38.599,EGLD/USDT:USDT,16.34,56.0,16.33,2032.0,16.35,55.0,16.36,494.0
1753533039415,12:30:39.415,EGLD/USDT:USDT,16.34,56.0,16.33,1842.0,16.35,55.0,16.36,494.0
1753533040315,12:30:40.315,EGLD/USDT:USDT,16.34,56.0,16.33,1842.0,16.35,55.0,16.36,494.0
1753533042133,12:30:42.133,EGLD/USDT:USDT,16.34,56.0,16.33,1842.0,16.35,55.0,16.36,494.0
1753533042149,12:30:42.149,EGLD/USDT:USDT,16.34,56.0,16.33,1842.0,16.35,55.0,16.36,494.0
1753533044141,12:30:44.141,EGLD/USDT:USDT,16.34,56.0,16.33,1842.0,16.35,55.0,16.36,494.0
1753533046932,12:30:46.932,EGLD/USDT:USDT,16.34,56.0,16.33,1842.0,16.35,55.0,16.36,494.0
1753533046961,12:30:46.961,EGLD/USDT:USDT,16.34,56.0,16.33,1842.0,16.35,55.0,16.36,494.0
1753533048569,12:30:48.569,EGLD/USDT:USDT,16.34,56.0,16.33,1842.0,16.35,55.0,16.36,494.0
1753533049010,12:30:49.010,EGLD/USDT:USDT,16.34,56.0,16.33,1842.0,16.35,55.0,16.36,494.0
1753533051033,12:30:51.033,EGLD/USDT:USDT,16.34,56.0,16.33,1342.0,16.35,55.0,16.36,494.0
1753533051736,12:30:51.736,EGLD/USDT:USDT,16.34,56.0,16.33,1342.0,16.35,55.0,16.36,494.0
1753533052324,12:30:52.324,EGLD/USDT:USDT,16.34,56.0,16.33,1342.0,16.35,55.0,16.36,494.0
1753533055697,12:30:55.697,EGLD/USDT:USDT,16.34,56.0,16.33,1342.0,16.35,55.0,16.36,494.0
1753533055936,12:30:55.936,EGLD/USDT:USDT,16.34,56.0,16.33,1342.0,16.35,55.0,16.36,494.0
1753533055956,12:30:55.956,EGLD/USDT:USDT,16.34,56.0,16.33,1342.0,16.35,55.0,16.36,494.0
1753533056533,12:30:56.533,EGLD/USDT:USDT,16.34,56.0,16.33,1342.0,16.35,55.0,16.36,494.0
1753533056961,12:30:56.961,EGLD/USDT:USDT,16.34,56.0,16.33,1342.0,16.35,55.0,16.36,494.0
1753533059709,12:30:59.709,EGLD/USDT:USDT,16.34,56.0,16.33,700.0,16.35,55.0,16.36,494.0
1753533059840,12:30:59.840,EGLD/USDT:USDT,16.34,56.0,16.33,700.0,16.35,55.0,16.36,1491.0
1753533059869,12:30:59.869,EGLD/USDT:USDT,16.34,56.0,16.33,700.0,16.35,55.0,16.36,1315.0
1753533060629,12:31:00.629,EGLD/USDT:USDT,16.33,700.0,16.32,1914.0,16.35,67.0,16.36,1303.0
1753533060732,12:31:00.732,EGLD/USDT:USDT,16.33,700.0,16.32,1914.0,16.35,67.0,16.36,1303.0
1753533060845,12:31:00.845,EGLD/USDT:USDT,16.33,700.0,16.32,1914.0,16.35,219.0,16.36,1151.0
1753533061010,12:31:01.010,EGLD/USDT:USDT,16.33,154.0,16.32,1746.0,16.34,54.0,16.35,219.0
1753533061189,12:31:01.189,EGLD/USDT:USDT,16.33,154.0,16.32,1746.0,16.34,54.0,16.35,564.0
1753533061334,12:31:01.334,EGLD/USDT:USDT,16.33,154.0,16.32,1746.0,16.34,54.0,16.35,564.0
1753533061364,12:31:01.364,EGLD/USDT:USDT,16.33,154.0,16.32,1746.0,16.34,54.0,16.35,564.0
1753533061750,12:31:01.750,EGLD/USDT:USDT,16.33,154.0,16.32,1746.0,16.34,54.0,16.35,564.0
1753533061880,12:31:01.880,EGLD/USDT:USDT,16.33,154.0,16.32,1746.0,16.34,54.0,16.35,564.0
1753533063468,12:31:03.468,EGLD/USDT:USDT,16.33,154.0,16.32,1746.0,16.34,54.0,16.35,564.0
1753533063914,12:31:03.914,EGLD/USDT:USDT,16.33,154.0,16.32,1746.0,16.34,54.0,16.35,564.0
1753533064334,12:31:04.334,EGLD/USDT:USDT,16.33,154.0,16.32,1746.0,16.34,54.0,16.35,564.0
1753533065127,12:31:05.127,EGLD/USDT:USDT,16.33,154.0,16.32,1746.0,16.34,54.0,16.35,564.0
1753533065533,12:31:05.533,EGLD/USDT:USDT,16.33,154.0,16.32,1746.0,16.34,54.0,16.35,564.0
1753533066133,12:31:06.133,EGLD/USDT:USDT,16.33,154.0,16.32,1746.0,16.34,54.0,16.35,564.0
1753533066164,12:31:06.164,EGLD/USDT:USDT,16.33,154.0,16.32,1746.0,16.34,54.0,16.35,564.0
1753533066330,12:31:06.330,EGLD/USDT:USDT,16.33,154.0,16.32,1585.0,16.34,54.0,16.35,564.0
1753533067111,12:31:07.111,EGLD/USDT:USDT,16.33,154.0,16.32,1585.0,16.34,54.0,16.35,564.0
1753533067403,12:31:07.403,EGLD/USDT:USDT,16.33,582.0,16.32,1585.0,16.35,564.0,16.36,1504.0
1753533067512,12:31:07.512,EGLD/USDT:USDT,16.33,154.0,16.32,1585.0,16.35,564.0,16.36,1504.0
1753533067719,12:31:07.719,EGLD/USDT:USDT,16.33,582.0,16.32,1585.0,16.35,219.0,16.36,1504.0
1753533068375,12:31:08.375,EGLD/USDT:USDT,16.33,582.0,16.32,1585.0,16.35,67.0,16.36,1656.0
1753533068672,12:31:08.672,EGLD/USDT:USDT,16.33,582.0,16.32,2085.0,16.35,67.0,16.36,1656.0
1753533068843,12:31:08.843,EGLD/USDT:USDT,16.34,54.0,16.33,582.0,16.35,67.0,16.36,1656.0
1753533068867,12:31:08.867,EGLD/USDT:USDT,16.34,54.0,16.33,582.0,16.35,55.0,16.36,1668.0
1753533069035,12:31:09.035,EGLD/USDT:USDT,16.34,54.0,16.33,582.0,16.35,55.0,16.36,1668.0
1753533069174,12:31:09.174,EGLD/USDT:USDT,16.34,54.0,16.33,582.0,16.35,55.0,16.36,1668.0
1753533069540,12:31:09.540,EGLD/USDT:USDT,16.34,54.0,16.33,582.0,16.35,55.0,16.36,1668.0
1753533069549,12:31:09.549,EGLD/USDT:USDT,16.34,54.0,16.33,582.0,16.35,55.0,16.36,1668.0
1753533070933,12:31:10.933,EGLD/USDT:USDT,16.34,54.0,16.33,582.0,16.35,55.0,16.36,1668.0
1753533071214,12:31:11.214,EGLD/USDT:USDT,16.34,54.0,16.33,582.0,16.35,55.0,16.36,1668.0
1753533071627,12:31:11.627,EGLD/USDT:USDT,16.34,56.0,16.33,582.0,16.35,55.0,16.36,1668.0
1753533072038,12:31:12.038,EGLD/USDT:USDT,16.34,56.0,16.33,582.0,16.35,55.0,16.36,1668.0
1753533074509,12:31:14.509,EGLD/USDT:USDT,16.34,56.0,16.33,582.0,16.35,55.0,16.36,1668.0
1753533074629,12:31:14.629,EGLD/USDT:USDT,16.34,56.0,16.33,582.0,16.35,55.0,16.36,1668.0
1753533075301,12:31:15.301,EGLD/USDT:USDT,16.34,56.0,16.33,582.0,16.35,55.0,16.36,1668.0
1753533075733,12:31:15.733,EGLD/USDT:USDT,16.34,56.0,16.33,582.0,16.35,55.0,16.36,1668.0
1753533077727,12:31:17.727,EGLD/USDT:USDT,16.34,56.0,16.33,582.0,16.35,55.0,16.36,1668.0
1753533077750,12:31:17.750,EGLD/USDT:USDT,16.34,56.0,16.33,582.0,16.35,55.0,16.36,1668.0
1753533077909,12:31:17.909,EGLD/USDT:USDT,16.34,56.0,16.33,582.0,16.35,55.0,16.36,1668.0
1753533078014,12:31:18.014,EGLD/USDT:USDT,16.34,56.0,16.33,582.0,16.35,56.0,16.36,1668.0
1753533078243,12:31:18.243,EGLD/USDT:USDT,16.34,56.0,16.33,582.0,16.35,56.0,16.36,1668.0
1753533078270,12:31:18.270,EGLD/USDT:USDT,16.34,56.0,16.33,582.0,16.35,56.0,16.36,1668.0
1753533080533,12:31:20.533,EGLD/USDT:USDT,16.34,56.0,16.33,582.0,16.35,56.0,16.36,1668.0
1753533080569,12:31:20.569,EGLD/USDT:USDT,16.34,56.0,16.33,582.0,16.35,56.0,16.36,1524.0
1753533085333,12:31:25.333,EGLD/USDT:USDT,16.34,56.0,16.33,582.0,16.35,56.0,16.36,1524.0
1753533085349,12:31:25.349,EGLD/USDT:USDT,16.34,56.0,16.33,582.0,16.35,56.0,16.36,1668.0
1753533087808,12:31:27.808,EGLD/USDT:USDT,16.34,56.0,16.33,582.0,16.35,56.0,16.36,1668.0
1753533090134,12:31:30.134,EGLD/USDT:USDT,16.34,56.0,16.33,582.0,16.35,56.0,16.36,1668.0
1753533094935,12:31:34.935,EGLD/USDT:USDT,16.34,56.0,16.33,582.0,16.35,56.0,16.36,1668.0
1753533094949,12:31:34.949,EGLD/USDT:USDT,16.34,56.0,16.33,582.0,16.35,56.0,16.36,1668.0
1753533095332,12:31:35.332,EGLD/USDT:USDT,16.34,56.0,16.33,582.0,16.36,1668.0,16.37,479.0
1753533095391,12:31:35.391,EGLD/USDT:USDT,16.34,56.0,16.33,582.0,16.36,1516.0,16.37,631.0
1753533095671,12:31:35.671,EGLD/USDT:USDT,16.34,156.0,16.33,582.0,16.36,1372.0,16.37,294.0
1753533096043,12:31:36.043,EGLD/USDT:USDT,16.34,156.0,16.33,582.0,16.36,166.0,16.37,1413.0
1753533096079,12:31:36.079,EGLD/USDT:USDT,16.34,156.0,16.33,582.0,16.36,166.0,16.37,1413.0
1753533096221,12:31:36.221,EGLD/USDT:USDT,16.34,156.0,16.33,582.0,16.36,166.0,16.37,1413.0
1753533099043,12:31:39.043,EGLD/USDT:USDT,16.34,156.0,16.33,1082.0,16.36,166.0,16.37,1413.0
1753533099089,12:31:39.089,EGLD/USDT:USDT,16.34,156.0,16.33,582.0,16.36,166.0,16.37,1413.0
1753533099741,12:31:39.741,EGLD/USDT:USDT,16.34,156.0,16.33,1082.0,16.36,166.0,16.37,1413.0
1753533099749,12:31:39.749,EGLD/USDT:USDT,16.34,352.0,16.33,1082.0,16.36,166.0,16.37,1413.0
1753533100349,12:31:40.349,EGLD/USDT:USDT,16.34,352.0,16.33,1082.0,16.36,166.0,16.37,1413.0
1753533100712,12:31:40.712,EGLD/USDT:USDT,16.34,352.0,16.33,1082.0,16.36,166.0,16.37,1413.0
1753533102053,12:31:42.053,EGLD/USDT:USDT,16.34,352.0,16.33,1188.0,16.36,166.0,16.37,1413.0
1753533102338,12:31:42.338,EGLD/USDT:USDT,16.35,56.0,16.34,352.0,16.36,166.0,16.37,1413.0
1753533102436,12:31:42.436,EGLD/USDT:USDT,16.35,56.0,16.34,352.0,16.36,154.0,16.37,1425.0
1753533102641,12:31:42.641,EGLD/USDT:USDT,16.34,352.0,16.33,1188.0,16.36,166.0,16.37,1413.0
1753533102650,12:31:42.650,EGLD/USDT:USDT,16.34,352.0,16.33,1188.0,16.36,166.0,16.37,1413.0
1753533104534,12:31:44.534,EGLD/USDT:USDT,16.34,352.0,16.33,1188.0,16.36,166.0,16.37,1413.0
1753533104550,12:31:44.550,EGLD/USDT:USDT,16.34,352.0,16.33,1188.0,16.36,166.0,16.37,1413.0
1753533105929,12:31:45.929,EGLD/USDT:USDT,16.34,352.0,16.33,1188.0,16.36,166.0,16.37,1413.0
1753533105969,12:31:45.969,EGLD/USDT:USDT,16.34,352.0,16.33,1188.0,16.36,166.0,16.37,1413.0
1753533106140,12:31:46.140,EGLD/USDT:USDT,16.35,56.0,16.34,352.0,16.36,154.0,16.37,1425.0
1753533106307,12:31:46.307,EGLD/USDT:USDT,16.35,56.0,16.34,352.0,16.36,154.0,16.37,1425.0
1753533106379,12:31:46.379,EGLD/USDT:USDT,16.35,56.0,16.34,352.0,16.36,154.0,16.37,1425.0
1753533106829,12:31:46.829,EGLD/USDT:USDT,16.35,56.0,16.34,352.0,16.36,154.0,16.37,1425.0
1753533106898,12:31:46.898,EGLD/USDT:USDT,16.35,56.0,16.34,352.0,16.36,154.0,16.37,1425.0
1753533107299,12:31:47.299,EGLD/USDT:USDT,16.35,56.0,16.34,352.0,16.36,154.0,16.37,1425.0
1753533107568,12:31:47.568,EGLD/USDT:USDT,16.35,56.0,16.34,352.0,16.36,154.0,16.37,1425.0
1753533107707,12:31:47.707,EGLD/USDT:USDT,16.35,56.0,16.34,352.0,16.36,54.0,16.37,1425.0
1753533109335,12:31:49.335,EGLD/USDT:USDT,16.35,56.0,16.34,352.0,16.36,54.0,16.37,1425.0
1753533111343,12:31:51.343,EGLD/USDT:USDT,16.35,56.0,16.34,352.0,16.36,54.0,16.37,1425.0
1753533111989,12:31:51.989,EGLD/USDT:USDT,16.35,56.0,16.34,352.0,16.36,54.0,16.37,1425.0
1753533114134,12:31:54.134,EGLD/USDT:USDT,16.35,56.0,16.34,352.0,16.36,54.0,16.37,1425.0
1753533114165,12:31:54.165,EGLD/USDT:USDT,16.35,56.0,16.34,352.0,16.36,54.0,16.37,1425.0
1753533116399,12:31:56.399,EGLD/USDT:USDT,16.35,56.0,16.34,352.0,16.36,54.0,16.37,1425.0
1753533118398,12:31:58.398,EGLD/USDT:USDT,16.35,56.0,16.34,352.0,16.36,54.0,16.37,1425.0
1753533118840,12:31:58.840,EGLD/USDT:USDT,16.34,352.0,16.33,1430.0,16.36,66.0,16.37,1413.0
1753533118934,12:31:58.934,EGLD/USDT:USDT,16.34,352.0,16.33,1430.0,16.36,66.0,16.37,1413.0
1753533119530,12:31:59.530,EGLD/USDT:USDT,16.34,156.0,16.33,777.0,16.36,166.0,16.37,1413.0
1753533119670,12:31:59.670,EGLD/USDT:USDT,16.34,411.0,16.33,1277.0,16.36,166.0,16.37,1413.0
1753533120041,12:32:00.041,EGLD/USDT:USDT,16.35,56.0,16.34,411.0,16.36,154.0,16.37,1425.0
1753533120102,12:32:00.102,EGLD/USDT:USDT,16.35,56.0,16.34,411.0,16.36,154.0,16.37,1425.0
1753533121010,12:32:01.010,EGLD/USDT:USDT,16.35,56.0,16.34,411.0,16.36,154.0,16.37,1425.0
1753533121194,12:32:01.194,EGLD/USDT:USDT,16.35,56.0,16.34,411.0,16.36,154.0,16.37,1425.0
1753533121299,12:32:01.299,EGLD/USDT:USDT,16.35,56.0,16.34,411.0,16.36,154.0,16.37,1425.0
1753533121543,12:32:01.543,EGLD/USDT:USDT,16.34,411.0,16.33,1430.0,16.36,166.0,16.37,1413.0
1753533121550,12:32:01.550,EGLD/USDT:USDT,16.34,411.0,16.33,1430.0,16.36,166.0,16.37,1413.0
1753533121714,12:32:01.714,EGLD/USDT:USDT,16.34,411.0,16.33,1430.0,16.36,166.0,16.37,1413.0
1753533122069,12:32:02.069,EGLD/USDT:USDT,16.34,411.0,16.33,1430.0,16.36,166.0,16.37,1413.0
1753533122532,12:32:02.532,EGLD/USDT:USDT,16.34,411.0,16.33,1430.0,16.36,166.0,16.37,1413.0
1753533123740,12:32:03.740,EGLD/USDT:USDT,16.35,56.0,16.34,411.0,16.36,154.0,16.37,1425.0
1753533123754,12:32:03.754,EGLD/USDT:USDT,16.35,56.0,16.34,411.0,16.36,154.0,16.37,1425.0
1753533124171,12:32:04.171,EGLD/USDT:USDT,16.35,56.0,16.34,411.0,16.36,154.0,16.37,1425.0
1753533124363,12:32:04.363,EGLD/USDT:USDT,16.35,56.0,16.34,411.0,16.36,154.0,16.37,1425.0
1753533128109,12:32:08.109,EGLD/USDT:USDT,16.35,56.0,16.34,411.0,16.36,154.0,16.37,1425.0
1753533128540,12:32:08.540,EGLD/USDT:USDT,16.34,411.0,16.33,1430.0,16.36,166.0,16.37,1413.0
1753533128578,12:32:08.578,EGLD/USDT:USDT,16.34,411.0,16.33,1277.0,16.36,166.0,16.37,1413.0
1753533128690,12:32:08.690,EGLD/USDT:USDT,16.34,411.0,16.33,1277.0,16.36,166.0,16.37,1413.0
1753533131793,12:32:11.793,EGLD/USDT:USDT,16.34,411.0,16.33,1277.0,16.36,166.0,16.37,1733.0
1753533131933,12:32:11.933,EGLD/USDT:USDT,16.34,411.0,16.33,1277.0,16.36,166.0,16.37,1733.0
1753533132115,12:32:12.115,EGLD/USDT:USDT,16.34,411.0,16.33,1277.0,16.36,166.0,16.37,1733.0
1753533133334,12:32:13.334,EGLD/USDT:USDT,16.34,411.0,16.33,1277.0,16.36,166.0,16.37,1733.0
1753533138183,12:32:18.183,EGLD/USDT:USDT,16.34,411.0,16.33,1277.0,16.36,166.0,16.37,1733.0
1753533140241,12:32:20.241,EGLD/USDT:USDT,16.34,411.0,16.33,1277.0,16.36,154.0,16.37,1745.0
1753533140260,12:32:20.260,EGLD/USDT:USDT,16.34,411.0,16.33,1277.0,16.36,166.0,16.37,1733.0
1753533141809,12:32:21.809,EGLD/USDT:USDT,16.34,156.0,16.33,777.0,16.36,166.0,16.37,1733.0
1753533141892,12:32:21.892,EGLD/USDT:USDT,16.34,156.0,16.33,777.0,16.36,166.0,16.37,1733.0
1753533142468,12:32:22.468,EGLD/USDT:USDT,16.34,156.0,16.33,777.0,16.36,166.0,16.37,1733.0
1753533145937,12:32:25.937,EGLD/USDT:USDT,16.34,156.0,16.33,777.0,16.36,166.0,16.37,1733.0
1753533148300,12:32:28.300,EGLD/USDT:USDT,16.34,156.0,16.33,1277.0,16.35,56.0,16.36,166.0
1753533148808,12:32:28.808,EGLD/USDT:USDT,16.34,156.0,16.33,1277.0,16.35,56.0,16.36,318.0
1753533148971,12:32:28.971,EGLD/USDT:USDT,16.34,156.0,16.33,1277.0,16.35,56.0,16.36,318.0
1753533149242,12:32:29.242,EGLD/USDT:USDT,16.34,156.0,16.33,1277.0,16.35,56.0,16.36,318.0
1753533149569,12:32:29.569,EGLD/USDT:USDT,16.34,156.0,16.33,1277.0,16.35,56.0,16.36,166.0
1753533150013,12:32:30.013,EGLD/USDT:USDT,16.34,156.0,16.33,1277.0,16.35,56.0,16.36,318.0
1753533150187,12:32:30.187,EGLD/USDT:USDT,16.34,156.0,16.33,1277.0,16.35,56.0,16.36,166.0
1753533150735,12:32:30.735,EGLD/USDT:USDT,16.34,156.0,16.33,1277.0,16.35,56.0,16.36,166.0
1753533150750,12:32:30.750,EGLD/USDT:USDT,16.34,156.0,16.33,1277.0,16.35,56.0,16.36,166.0
1753533151086,12:32:31.086,EGLD/USDT:USDT,16.34,156.0,16.33,1277.0,16.35,56.0,16.36,318.0
1753533151157,12:32:31.157,EGLD/USDT:USDT,16.34,156.0,16.33,1277.0,16.35,56.0,16.36,166.0
1753533151614,12:32:31.614,EGLD/USDT:USDT,16.34,156.0,16.33,1277.0,16.35,56.0,16.36,318.0
1753533151694,12:32:31.694,EGLD/USDT:USDT,16.34,156.0,16.33,1277.0,16.35,56.0,16.36,166.0
1753533152921,12:32:32.921,EGLD/USDT:USDT,16.34,156.0,16.33,1277.0,16.35,56.0,16.36,318.0
1753533153021,12:32:33.021,EGLD/USDT:USDT,16.34,156.0,16.33,1277.0,16.35,56.0,16.36,318.0
1753533153345,12:32:33.345,EGLD/USDT:USDT,16.34,156.0,16.33,1277.0,16.35,56.0,16.36,318.0
1753533153639,12:32:33.639,EGLD/USDT:USDT,16.34,156.0,16.33,1277.0,16.35,56.0,16.36,166.0
1753533153659,12:32:33.659,EGLD/USDT:USDT,16.34,156.0,16.33,1277.0,16.35,56.0,16.36,318.0
1753533154227,12:32:34.227,EGLD/USDT:USDT,16.34,156.0,16.33,1277.0,16.35,56.0,16.36,318.0
1753533154502,12:32:34.502,EGLD/USDT:USDT,16.34,56.0,16.33,582.0,16.35,56.0,16.36,739.0
1753533154570,12:32:34.570,EGLD/USDT:USDT,16.34,56.0,16.33,582.0,16.35,56.0,16.36,739.0
1753533155536,12:32:35.536,EGLD/USDT:USDT,16.34,56.0,16.33,582.0,16.35,56.0,16.36,739.0
1753533160705,12:32:40.705,EGLD/USDT:USDT,16.34,56.0,16.33,582.0,16.35,56.0,16.36,739.0
1753533160752,12:32:40.752,EGLD/USDT:USDT,16.34,56.0,16.33,582.0,16.35,56.0,16.36,739.0
1753533161215,12:32:41.215,EGLD/USDT:USDT,16.34,56.0,16.33,582.0,16.35,56.0,16.36,739.0
1753533164812,12:32:44.812,EGLD/USDT:USDT,16.34,56.0,16.33,582.0,16.35,56.0,16.36,739.0
1753533169823,12:32:49.823,EGLD/USDT:USDT,16.34,56.0,16.33,582.0,16.35,56.0,16.36,739.0
1753533169851,12:32:49.851,EGLD/USDT:USDT,16.34,56.0,16.33,582.0,16.35,56.0,16.36,948.0
1753533172826,12:32:52.826,EGLD/USDT:USDT,16.34,56.0,16.33,582.0,16.35,56.0,16.36,948.0
1753533177854,12:32:57.854,EGLD/USDT:USDT,16.34,56.0,16.33,582.0,16.35,56.0,16.36,739.0
1753533177951,12:32:57.951,EGLD/USDT:USDT,16.34,56.0,16.33,582.0,16.35,56.0,16.36,739.0
1753533180961,12:33:00.961,EGLD/USDT:USDT,16.33,582.0,16.32,2298.0,16.35,68.0,16.36,727.0
1753533181090,12:33:01.090,EGLD/USDT:USDT,16.33,582.0,16.32,2298.0,16.35,68.0,16.36,727.0
1753533181325,12:33:01.325,EGLD/USDT:USDT,16.33,582.0,16.32,2298.0,16.35,68.0,16.36,727.0
1753533181964,12:33:01.964,EGLD/USDT:USDT,16.33,582.0,16.32,2298.0,16.35,68.0,16.36,727.0
1753533182190,12:33:02.190,EGLD/USDT:USDT,16.33,582.0,16.32,2298.0,16.35,68.0,16.36,727.0
1753533183942,12:33:03.942,EGLD/USDT:USDT,16.34,56.0,16.33,582.0,16.35,56.0,16.36,739.0
1753533184947,12:33:04.947,EGLD/USDT:USDT,16.34,56.0,16.33,582.0,16.35,56.0,16.36,739.0
1753533184949,12:33:04.949,EGLD/USDT:USDT,16.34,56.0,16.33,582.0,16.35,56.0,16.36,739.0
1753533187228,12:33:07.228,EGLD/USDT:USDT,16.34,56.0,16.33,582.0,16.35,56.0,16.36,739.0
1753533191169,12:33:11.169,EGLD/USDT:USDT,16.34,56.0,16.33,582.0,16.35,56.0,16.36,739.0
1753533195549,12:33:15.549,EGLD/USDT:USDT,16.34,56.0,16.33,582.0,16.35,56.0,16.36,739.0
1753533200348,12:33:20.348,EGLD/USDT:USDT,16.34,56.0,16.33,582.0,16.35,56.0,16.36,739.0
1753533200561,12:33:20.561,EGLD/USDT:USDT,16.34,56.0,16.33,582.0,16.35,56.0,16.36,318.0
1753533205148,12:33:25.148,EGLD/USDT:USDT,16.34,56.0,16.33,582.0,16.35,56.0,16.36,318.0
1753533206134,12:33:26.134,EGLD/USDT:USDT,16.34,56.0,16.33,582.0,16.35,56.0,16.36,318.0
1753533206158,12:33:26.158,EGLD/USDT:USDT,16.34,56.0,16.33,582.0,16.36,318.0,16.37,1581.0
1753533207308,12:33:27.308,EGLD/USDT:USDT,16.34,56.0,16.33,688.0,16.36,318.0,16.37,1581.0
1753533207387,12:33:27.387,EGLD/USDT:USDT,16.34,156.0,16.33,688.0,16.36,318.0,16.37,1581.0
1753533207569,12:33:27.569,EGLD/USDT:USDT,16.34,156.0,16.33,688.0,16.36,166.0,16.37,1733.0
1753533208447,12:33:28.447,EGLD/USDT:USDT,16.34,156.0,16.33,688.0,16.36,166.0,16.37,1733.0
1753533210703,12:33:30.703,EGLD/USDT:USDT,16.34,156.0,16.33,688.0,16.36,166.0,16.37,1733.0
1753533211509,12:33:31.509,EGLD/USDT:USDT,16.34,384.0,16.33,1188.0,16.36,166.0,16.37,1733.0
1753533213250,12:33:33.250,EGLD/USDT:USDT,16.34,384.0,16.33,1188.0,16.36,166.0,16.37,1733.0
1753533215379,12:33:35.379,EGLD/USDT:USDT,16.34,384.0,16.33,1188.0,16.36,166.0,16.37,1733.0
1753533216321,12:33:36.321,EGLD/USDT:USDT,16.34,384.0,16.33,1188.0,16.36,166.0,16.37,1733.0
1753533217941,12:33:37.941,EGLD/USDT:USDT,16.34,156.0,16.33,1188.0,16.35,56.0,16.36,166.0
1753533217992,12:33:37.992,EGLD/USDT:USDT,16.34,156.0,16.33,688.0,16.35,56.0,16.36,318.0
1753533218132,12:33:38.132,EGLD/USDT:USDT,16.34,156.0,16.33,688.0,16.35,56.0,16.36,166.0
1753533218395,12:33:38.395,EGLD/USDT:USDT,16.34,156.0,16.33,688.0,16.35,56.0,16.36,318.0
1753533220336,12:33:40.336,EGLD/USDT:USDT,16.34,156.0,16.33,688.0,16.35,56.0,16.36,318.0
1753533220349,12:33:40.349,EGLD/USDT:USDT,16.34,156.0,16.33,688.0,16.35,56.0,16.36,318.0
1753533224675,12:33:44.675,EGLD/USDT:USDT,16.34,156.0,16.33,688.0,16.35,56.0,16.36,166.0
1753533226264,12:33:46.264,EGLD/USDT:USDT,16.34,156.0,16.33,688.0,16.35,56.0,16.36,166.0
1753533227429,12:33:47.429,EGLD/USDT:USDT,16.34,384.0,16.33,1188.0,16.36,166.0,16.37,1733.0
1753533228869,12:33:48.869,EGLD/USDT:USDT,16.34,384.0,16.33,1188.0,16.36,166.0,16.37,1733.0
1753533233041,12:33:53.041,EGLD/USDT:USDT,16.34,156.0,16.33,1188.0,16.35,57.0,16.36,166.0
1753533233120,12:33:53.120,EGLD/USDT:USDT,16.34,156.0,16.33,688.0,16.35,57.0,16.36,318.0
1753533233160,12:33:53.160,EGLD/USDT:USDT,16.34,156.0,16.33,688.0,16.35,57.0,16.36,166.0
1753533237345,12:33:57.345,EGLD/USDT:USDT,16.34,156.0,16.33,582.0,16.35,57.0,16.36,166.0
1753533237369,12:33:57.369,EGLD/USDT:USDT,16.34,156.0,16.33,688.0,16.35,57.0,16.36,166.0
1753533238877,12:33:58.877,EGLD/USDT:USDT,16.34,156.0,16.33,688.0,16.35,57.0,16.36,166.0
1753533239425,12:33:59.425,EGLD/USDT:USDT,16.34,156.0,16.33,841.0,16.35,57.0,16.36,166.0
1753533239839,12:33:59.839,EGLD/USDT:USDT,16.34,156.0,16.33,688.0,16.35,57.0,16.36,166.0
1753533239859,12:33:59.859,EGLD/USDT:USDT,16.34,156.0,16.33,841.0,16.35,57.0,16.36,166.0
1753533240489,12:34:00.489,EGLD/USDT:USDT,16.34,280.0,16.33,841.0,16.36,166.0,16.37,1733.0
1753533242829,12:34:02.829,EGLD/USDT:USDT,16.34,156.0,16.33,841.0,16.36,166.0,16.37,1733.0
1753533242849,12:34:02.849,EGLD/USDT:USDT,16.34,280.0,16.33,841.0,16.36,166.0,16.37,1733.0
1753533243433,12:34:03.433,EGLD/USDT:USDT,16.34,280.0,16.33,688.0,16.36,166.0,16.37,1733.0
1753533243509,12:34:03.509,EGLD/USDT:USDT,16.34,280.0,16.33,841.0,16.36,166.0,16.37,1733.0
1753533243569,12:34:03.569,EGLD/USDT:USDT,16.34,156.0,16.33,688.0,16.36,166.0,16.37,1733.0
1753533243656,12:34:03.656,EGLD/USDT:USDT,16.34,156.0,16.33,688.0,16.36,166.0,16.37,1733.0
1753533244041,12:34:04.041,EGLD/USDT:USDT,16.34,156.0,16.33,841.0,16.36,166.0,16.37,1733.0
1753533244104,12:34:04.104,EGLD/USDT:USDT,16.35,54.0,16.34,280.0,16.36,154.0,16.37,1745.0
1753533244198,12:34:04.198,EGLD/USDT:USDT,16.35,54.0,16.34,280.0,16.36,154.0,16.37,1745.0
1753533244329,12:34:04.329,EGLD/USDT:USDT,16.35,54.0,16.34,280.0,16.36,154.0,16.37,1745.0
1753533244416,12:34:04.416,EGLD/USDT:USDT,16.35,54.0,16.34,280.0,16.36,154.0,16.37,1745.0
1753533244540,12:34:04.540,EGLD/USDT:USDT,16.34,280.0,16.33,1341.0,16.36,166.0,16.37,1733.0
1753533244560,12:34:04.560,EGLD/USDT:USDT,16.34,414.0,16.33,1341.0,16.36,166.0,16.37,1733.0
1753533244700,12:34:04.700,EGLD/USDT:USDT,16.34,414.0,16.33,1188.0,16.36,166.0,16.37,1733.0
1753533244780,12:34:04.780,EGLD/USDT:USDT,16.34,414.0,16.33,1188.0,16.36,166.0,16.37,1733.0
1753533244982,12:34:04.982,EGLD/USDT:USDT,16.34,414.0,16.33,1188.0,16.36,166.0,16.37,1733.0
1753533245833,12:34:05.833,EGLD/USDT:USDT,16.34,414.0,16.33,1188.0,16.36,166.0,16.37,1733.0
1753533247231,12:34:07.231,EGLD/USDT:USDT,16.34,414.0,16.33,1341.0,16.36,166.0,16.37,1733.0
1753533247264,12:34:07.264,EGLD/USDT:USDT,16.34,414.0,16.33,1188.0,16.36,166.0,16.37,1733.0
1753533247586,12:34:07.586,EGLD/USDT:USDT,16.34,414.0,16.33,1188.0,16.36,166.0,16.37,1733.0
1753533247729,12:34:07.729,EGLD/USDT:USDT,16.34,414.0,16.33,1341.0,16.36,166.0,16.37,1733.0
1753533247770,12:34:07.770,EGLD/USDT:USDT,16.34,414.0,16.33,1188.0,16.36,166.0,16.37,1733.0
1753533247911,12:34:07.911,EGLD/USDT:USDT,16.34,414.0,16.33,1188.0,16.36,166.0,16.37,1733.0
1753533248144,12:34:08.144,EGLD/USDT:USDT,16.34,414.0,16.33,1188.0,16.36,166.0,16.37,1733.0
1753533248175,12:34:08.175,EGLD/USDT:USDT,16.34,414.0,16.33,1341.0,16.36,166.0,16.37,1733.0
1753533248620,12:34:08.620,EGLD/USDT:USDT,16.34,414.0,16.33,1341.0,16.36,166.0,16.37,1733.0
1753533249380,12:34:09.380,EGLD/USDT:USDT,16.34,414.0,16.33,1341.0,16.36,166.0,16.37,1733.0
1753533250139,12:34:10.139,EGLD/USDT:USDT,16.34,414.0,16.33,1188.0,16.36,166.0,16.37,1733.0
1753533250149,12:34:10.149,EGLD/USDT:USDT,16.34,414.0,16.33,1341.0,16.36,166.0,16.37,1733.0
1753533250442,12:34:10.442,EGLD/USDT:USDT,16.34,414.0,16.33,1341.0,16.36,166.0,16.37,1733.0
1753533250705,12:34:10.705,EGLD/USDT:USDT,16.34,414.0,16.33,1188.0,16.36,166.0,16.37,1733.0
1753533250756,12:34:10.756,EGLD/USDT:USDT,16.34,414.0,16.33,1341.0,16.36,166.0,16.37,1733.0
1753533250868,12:34:10.868,EGLD/USDT:USDT,16.34,414.0,16.33,1341.0,16.36,166.0,16.37,1733.0
1753533251009,12:34:11.009,EGLD/USDT:USDT,16.34,414.0,16.33,1341.0,16.36,166.0,16.37,1733.0
1753533251222,12:34:11.222,EGLD/USDT:USDT,16.34,414.0,16.33,1341.0,16.36,166.0,16.37,1733.0
1753533252103,12:34:12.103,EGLD/USDT:USDT,16.34,156.0,16.33,1188.0,16.35,54.0,16.36,166.0
1753533252300,12:34:12.300,EGLD/USDT:USDT,16.34,156.0,16.33,688.0,16.35,54.0,16.36,166.0
1753533252406,12:34:12.406,EGLD/USDT:USDT,16.34,156.0,16.33,688.0,16.35,54.0,16.36,166.0
1753533252741,12:34:12.741,EGLD/USDT:USDT,16.34,156.0,16.33,841.0,16.35,54.0,16.36,166.0
1753533253338,12:34:13.338,EGLD/USDT:USDT,16.34,156.0,16.33,688.0,16.35,54.0,16.36,166.0
1753533253399,12:34:13.399,EGLD/USDT:USDT,16.34,156.0,16.33,841.0,16.35,54.0,16.36,166.0
1753533254633,12:34:14.633,EGLD/USDT:USDT,16.34,280.0,16.33,841.0,16.36,166.0,16.37,1733.0
1753533254713,12:34:14.713,EGLD/USDT:USDT,16.34,156.0,16.33,841.0,16.35,54.0,16.36,166.0
1753533255120,12:34:15.120,EGLD/USDT:USDT,16.34,156.0,16.33,841.0,16.35,54.0,16.36,166.0
1753533255544,12:34:15.544,EGLD/USDT:USDT,16.34,156.0,16.33,841.0,16.35,54.0,16.36,166.0
1753533256217,12:34:16.217,EGLD/USDT:USDT,16.34,280.0,16.33,841.0,16.36,166.0,16.37,1733.0
1753533256433,12:34:16.433,EGLD/USDT:USDT,16.34,280.0,16.33,841.0,16.36,166.0,16.37,1733.0
1753533258293,12:34:18.293,EGLD/USDT:USDT,16.34,280.0,16.33,841.0,16.36,166.0,16.37,1733.0
1753533258383,12:34:18.383,EGLD/USDT:USDT,16.35,54.0,16.34,280.0,16.36,154.0,16.37,1745.0
1753533258601,12:34:18.601,EGLD/USDT:USDT,16.35,54.0,16.34,280.0,16.36,154.0,16.37,1425.0
1753533258746,12:34:18.746,EGLD/USDT:USDT,16.35,54.0,16.34,280.0,16.36,154.0,16.37,1425.0
1753533259550,12:34:19.550,EGLD/USDT:USDT,16.35,54.0,16.34,280.0,16.36,154.0,16.37,1425.0
1753533259702,12:34:19.702,EGLD/USDT:USDT,16.34,280.0,16.33,841.0,16.36,166.0,16.37,1413.0
1753533259962,12:34:19.962,EGLD/USDT:USDT,16.34,280.0,16.33,841.0,16.36,166.0,16.37,1413.0
1753533260421,12:34:20.421,EGLD/USDT:USDT,16.35,55.0,16.34,414.0,16.36,154.0,16.37,1425.0
1753533260777,12:34:20.777,EGLD/USDT:USDT,16.35,55.0,16.34,414.0,16.36,154.0,16.37,1425.0
1753533265281,12:34:25.281,EGLD/USDT:USDT,16.35,55.0,16.34,414.0,16.36,154.0,16.37,1425.0
1753533267400,12:34:27.400,EGLD/USDT:USDT,16.35,55.0,16.34,414.0,16.36,154.0,16.37,1425.0
1753533267521,12:34:27.521,EGLD/USDT:USDT,16.34,414.0,16.33,1235.0,16.36,166.0,16.37,1413.0
1753533267617,12:34:27.617,EGLD/USDT:USDT,16.34,414.0,16.33,1235.0,16.36,166.0,16.37,1413.0
1753533267801,12:34:27.801,EGLD/USDT:USDT,16.34,414.0,16.33,1082.0,16.36,166.0,16.37,1413.0
1753533268207,12:34:28.207,EGLD/USDT:USDT,16.34,414.0,16.33,1082.0,16.36,166.0,16.37,1413.0
1753533268398,12:34:28.398,EGLD/USDT:USDT,16.34,414.0,16.33,1082.0,16.36,166.0,16.37,1413.0
1753533268920,12:34:28.920,EGLD/USDT:USDT,16.34,156.0,16.33,582.0,16.35,55.0,16.36,166.0
1753533269241,12:34:29.241,EGLD/USDT:USDT,16.34,156.0,16.33,582.0,16.35,55.0,16.36,166.0
1753533269249,12:34:29.249,EGLD/USDT:USDT,16.34,156.0,16.33,735.0,16.35,55.0,16.36,166.0
1753533269473,12:34:29.473,EGLD/USDT:USDT,16.34,156.0,16.33,735.0,16.35,55.0,16.36,166.0
1753533269969,12:34:29.969,EGLD/USDT:USDT,16.34,398.0,16.33,1235.0,16.36,166.0,16.37,1734.0
1753533270230,12:34:30.230,EGLD/USDT:USDT,16.34,398.0,16.33,1235.0,16.36,166.0,16.37,1734.0
1753533270951,12:34:30.951,EGLD/USDT:USDT,16.34,398.0,16.33,1082.0,16.36,166.0,16.37,1734.0
1753533271642,12:34:31.642,EGLD/USDT:USDT,16.34,156.0,16.33,1082.0,16.35,56.0,16.36,166.0
1753533271661,12:34:31.661,EGLD/USDT:USDT,16.34,156.0,16.33,582.0,16.35,56.0,16.36,166.0
1753533272540,12:34:32.540,EGLD/USDT:USDT,16.34,156.0,16.33,735.0,16.35,56.0,16.36,166.0
1753533272630,12:34:32.630,EGLD/USDT:USDT,16.34,156.0,16.33,582.0,16.35,56.0,16.36,166.0
1753533272822,12:34:32.822,EGLD/USDT:USDT,16.34,156.0,16.33,735.0,16.35,56.0,16.36,166.0
1753533273016,12:34:33.016,EGLD/USDT:USDT,16.34,156.0,16.33,974.0,16.35,56.0,16.36,166.0
1753533274045,12:34:34.045,EGLD/USDT:USDT,16.34,156.0,16.33,974.0,16.35,56.0,16.36,166.0
1753533274046,12:34:34.046,EGLD/USDT:USDT,16.34,156.0,16.33,974.0,16.35,56.0,16.36,166.0
1753533274404,12:34:34.404,EGLD/USDT:USDT,16.34,156.0,16.33,974.0,16.35,56.0,16.36,166.0
1753533275482,12:34:35.482,EGLD/USDT:USDT,16.34,156.0,16.33,974.0,16.36,166.0,16.37,1734.0
1753533275869,12:34:35.869,EGLD/USDT:USDT,16.35,56.0,16.34,398.0,16.36,154.0,16.37,1746.0
1753533276104,12:34:36.104,EGLD/USDT:USDT,16.35,56.0,16.34,398.0,16.36,154.0,16.37,1746.0
1753533276158,12:34:36.158,EGLD/USDT:USDT,16.35,56.0,16.34,398.0,16.36,154.0,16.37,1746.0
1753533278768,12:34:38.768,EGLD/USDT:USDT,16.35,56.0,16.34,398.0,16.36,154.0,16.37,1746.0
1753533278927,12:34:38.927,EGLD/USDT:USDT,16.35,56.0,16.34,398.0,16.36,154.0,16.37,1746.0
1753533280841,12:34:40.841,EGLD/USDT:USDT,16.34,398.0,16.33,1474.0,16.36,166.0,16.37,1734.0
1753533280937,12:34:40.937,EGLD/USDT:USDT,16.34,156.0,16.33,1474.0,16.35,56.0,16.36,166.0
1753533281037,12:34:41.037,EGLD/USDT:USDT,16.34,398.0,16.33,1474.0,16.36,166.0,16.37,1734.0
1753533281620,12:34:41.620,EGLD/USDT:USDT,16.34,398.0,16.33,1474.0,16.36,166.0,16.37,1734.0
1753533283568,12:34:43.568,EGLD/USDT:USDT,16.34,398.0,16.33,1474.0,16.36,166.0,16.37,1734.0
1753533287521,12:34:47.521,EGLD/USDT:USDT,16.35,56.0,16.34,398.0,16.36,154.0,16.37,1746.0
1753533292589,12:34:52.589,EGLD/USDT:USDT,16.35,56.0,16.34,398.0,16.36,154.0,16.37,1537.0
1753533292651,12:34:52.651,EGLD/USDT:USDT,16.35,56.0,16.34,398.0,16.36,154.0,16.37,1746.0
1753533293853,12:34:53.853,EGLD/USDT:USDT,16.35,56.0,16.34,398.0,16.36,154.0,16.37,1746.0
1753533293951,12:34:53.951,EGLD/USDT:USDT,16.35,56.0,16.34,398.0,16.36,154.0,16.37,1746.0
1753533294442,12:34:54.442,EGLD/USDT:USDT,16.35,56.0,16.34,398.0,16.36,154.0,16.37,1746.0
1753533294938,12:34:54.938,EGLD/USDT:USDT,16.35,56.0,16.34,398.0,16.36,54.0,16.37,1425.0
1753533296532,12:34:56.532,EGLD/USDT:USDT,16.35,56.0,16.34,398.0,16.37,1425.0,16.38,1005.0
1753533296637,12:34:56.637,EGLD/USDT:USDT,16.35,56.0,16.34,398.0,16.37,1425.0,16.38,1005.0
1753533296649,12:34:56.649,EGLD/USDT:USDT,16.35,56.0,16.34,398.0,16.37,1425.0,16.38,1005.0
1753533297033,12:34:57.033,EGLD/USDT:USDT,16.35,56.0,16.34,398.0,16.36,55.0,16.37,1425.0
1753533297304,12:34:57.304,EGLD/USDT:USDT,16.35,56.0,16.34,550.0,16.37,1273.0,16.38,1157.0
1753533297433,12:34:57.433,EGLD/USDT:USDT,16.35,156.0,16.34,438.0,16.37,1273.0,16.38,1157.0
1753533297545,12:34:57.545,EGLD/USDT:USDT,16.35,156.0,16.34,938.0,16.37,277.0,16.38,1366.0
1753533297627,12:34:57.627,EGLD/USDT:USDT,16.35,365.0,16.34,938.0,16.37,68.0,16.38,2351.0
1753533299113,12:34:59.113,EGLD/USDT:USDT,16.35,365.0,16.34,938.0,16.37,68.0,16.38,2351.0
1753533299549,12:34:59.549,EGLD/USDT:USDT,16.35,365.0,16.34,938.0,16.37,68.0,16.38,2351.0
1753533300278,12:35:00.278,EGLD/USDT:USDT,16.35,156.0,16.34,286.0,16.36,55.0,16.37,68.0
1753533300364,12:35:00.364,EGLD/USDT:USDT,16.35,156.0,16.34,286.0,16.36,55.0,16.37,220.0
1753533300469,12:35:00.469,EGLD/USDT:USDT,16.35,156.0,16.34,497.0,16.36,55.0,16.37,220.0
1753533301448,12:35:01.448,EGLD/USDT:USDT,16.35,56.0,16.34,497.0,16.36,55.0,16.37,220.0
1753533302124,12:35:02.124,EGLD/USDT:USDT,16.35,56.0,16.34,497.0,16.36,55.0,16.37,220.0
1753533302375,12:35:02.375,EGLD/USDT:USDT,16.35,56.0,16.34,497.0,16.36,55.0,16.37,220.0
1753533303631,12:35:03.631,EGLD/USDT:USDT,16.35,56.0,16.34,497.0,16.36,55.0,16.37,220.0
1753533303744,12:35:03.744,EGLD/USDT:USDT,16.35,56.0,16.34,497.0,16.36,55.0,16.37,68.0
1753533303824,12:35:03.824,EGLD/USDT:USDT,16.35,56.0,16.34,497.0,16.36,55.0,16.37,220.0
1753533304297,12:35:04.297,EGLD/USDT:USDT,16.35,56.0,16.34,497.0,16.36,55.0,16.37,220.0
1753533307189,12:35:07.189,EGLD/USDT:USDT,16.35,56.0,16.34,497.0,16.36,55.0,16.37,220.0
1753533311989,12:35:11.989,EGLD/USDT:USDT,16.35,56.0,16.34,497.0,16.36,55.0,16.37,220.0
1753533315979,12:35:15.979,EGLD/USDT:USDT,16.35,56.0,16.34,497.0,16.36,55.0,16.37,220.0
1753533316775,12:35:16.775,EGLD/USDT:USDT,16.35,56.0,16.34,497.0,16.36,55.0,16.37,220.0
1753533321891,12:35:21.891,EGLD/USDT:USDT,16.35,56.0,16.34,497.0,16.36,55.0,16.37,220.0
1753533321951,12:35:21.951,EGLD/USDT:USDT,16.35,56.0,16.34,497.0,16.36,55.0,16.37,220.0
1753533323401,12:35:23.401,EGLD/USDT:USDT,16.34,497.0,16.33,1619.0,16.36,67.0,16.37,208.0
1753533323640,12:35:23.640,EGLD/USDT:USDT,16.35,56.0,16.34,497.0,16.36,55.0,16.37,220.0
1753533323738,12:35:23.738,EGLD/USDT:USDT,16.35,56.0,16.34,497.0,16.36,55.0,16.37,220.0
1753533326621,12:35:26.621,EGLD/USDT:USDT,16.35,56.0,16.34,497.0,16.36,55.0,16.37,541.0
1753533326969,12:35:26.969,EGLD/USDT:USDT,16.35,56.0,16.34,497.0,16.36,55.0,16.37,541.0
1753533327145,12:35:27.145,EGLD/USDT:USDT,16.34,497.0,16.33,1619.0,16.36,67.0,16.37,529.0
1753533327383,12:35:27.383,EGLD/USDT:USDT,16.34,497.0,16.33,1619.0,16.36,67.0,16.37,529.0
1753533329144,12:35:29.144,EGLD/USDT:USDT,16.34,497.0,16.33,1513.0,16.36,67.0,16.37,529.0
1753533329168,12:35:29.168,EGLD/USDT:USDT,16.34,497.0,16.33,1619.0,16.36,67.0,16.37,891.0
1753533329405,12:35:29.405,EGLD/USDT:USDT,16.34,497.0,16.33,1619.0,16.36,67.0,16.37,891.0
1753533331181,12:35:31.181,EGLD/USDT:USDT,16.35,56.0,16.34,497.0,16.36,55.0,16.37,903.0
1753533332975,12:35:32.975,EGLD/USDT:USDT,16.35,56.0,16.34,497.0,16.36,55.0,16.37,903.0
1753533335480,12:35:35.480,EGLD/USDT:USDT,16.34,497.0,16.33,1619.0,16.36,67.0,16.37,891.0
1753533338333,12:35:38.333,EGLD/USDT:USDT,16.35,56.0,16.34,497.0,16.36,55.0,16.37,903.0
1753533338354,12:35:38.354,EGLD/USDT:USDT,16.35,56.0,16.34,497.0,16.36,55.0,16.37,582.0
1753533338744,12:35:38.744,EGLD/USDT:USDT,16.35,56.0,16.34,497.0,16.36,55.0,16.37,582.0
1753533339647,12:35:39.647,EGLD/USDT:USDT,16.35,56.0,16.34,497.0,16.36,55.0,16.37,582.0
1753533340669,12:35:40.669,EGLD/USDT:USDT,16.35,56.0,16.34,497.0,16.36,55.0,16.37,582.0
1753533341206,12:35:41.206,EGLD/USDT:USDT,16.35,56.0,16.34,497.0,16.36,55.0,16.37,220.0
1753533342429,12:35:42.429,EGLD/USDT:USDT,16.35,56.0,16.34,286.0,16.36,55.0,16.37,220.0
1753533344786,12:35:44.786,EGLD/USDT:USDT,16.35,56.0,16.34,286.0,16.36,55.0,16.37,220.0
1753533345369,12:35:45.369,EGLD/USDT:USDT,16.35,56.0,16.34,497.0,16.36,55.0,16.37,220.0
1753533349609,12:35:49.609,EGLD/USDT:USDT,16.35,56.0,16.34,497.0,16.36,55.0,16.37,220.0
1753533352471,12:35:52.471,EGLD/USDT:USDT,16.35,56.0,16.34,497.0,16.37,220.0,16.38,2232.0
1753533352748,12:35:52.748,EGLD/USDT:USDT,16.35,156.0,16.34,497.0,16.37,220.0,16.38,2232.0
1753533354389,12:35:54.389,EGLD/USDT:USDT,16.35,156.0,16.34,497.0,16.37,220.0,16.38,1909.0
1753533357700,12:35:57.700,EGLD/USDT:USDT,16.35,156.0,16.34,497.0,16.37,320.0,16.38,1909.0
1753533358309,12:35:58.309,EGLD/USDT:USDT,16.35,156.0,16.34,286.0,16.37,320.0,16.38,1909.0
1753533359221,12:35:59.221,EGLD/USDT:USDT,16.35,156.0,16.34,286.0,16.37,320.0,16.38,1909.0
1753533359833,12:35:59.833,EGLD/USDT:USDT,16.36,55.0,16.35,353.0,16.37,156.0,16.38,1599.0
1753533359944,12:35:59.944,EGLD/USDT:USDT,16.36,55.0,16.35,353.0,16.37,156.0,16.38,1513.0
1753533359970,12:35:59.970,EGLD/USDT:USDT,16.36,55.0,16.35,353.0,16.37,156.0,16.38,1513.0
1753533360100,12:36:00.100,EGLD/USDT:USDT,16.36,55.0,16.35,353.0,16.37,156.0,16.38,1513.0
1753533360221,12:36:00.221,EGLD/USDT:USDT,16.36,55.0,16.35,669.0,16.37,156.0,16.38,1513.0
1753533360399,12:36:00.399,EGLD/USDT:USDT,16.36,55.0,16.35,669.0,16.37,156.0,16.38,1513.0
1753533360495,12:36:00.495,EGLD/USDT:USDT,16.36,55.0,16.35,353.0,16.37,156.0,16.38,1513.0
1753533361710,12:36:01.710,EGLD/USDT:USDT,16.36,55.0,16.35,353.0,16.37,156.0,16.38,1513.0
1753533361823,12:36:01.823,EGLD/USDT:USDT,16.36,55.0,16.35,353.0,16.37,56.0,16.38,1513.0
1753533364471,12:36:04.471,EGLD/USDT:USDT,16.36,55.0,16.35,353.0,16.37,56.0,16.38,1513.0
1753533364585,12:36:04.585,EGLD/USDT:USDT,16.36,55.0,16.35,353.0,16.37,56.0,16.38,1513.0
1753533364935,12:36:04.935,EGLD/USDT:USDT,16.36,55.0,16.35,353.0,16.37,56.0,16.38,1513.0
1753533367118,12:36:07.118,EGLD/USDT:USDT,16.36,55.0,16.35,353.0,16.37,56.0,16.38,1513.0
1753533367444,12:36:07.444,EGLD/USDT:USDT,16.36,55.0,16.35,353.0,16.37,56.0,16.38,1513.0
1753533367537,12:36:07.537,EGLD/USDT:USDT,16.36,55.0,16.35,353.0,16.37,56.0,16.38,1513.0
1753533367573,12:36:07.573,EGLD/USDT:USDT,16.36,55.0,16.35,353.0,16.37,56.0,16.38,1513.0
1753533367829,12:36:07.829,EGLD/USDT:USDT,16.36,55.0,16.35,353.0,16.37,56.0,16.38,528.0
1753533368129,12:36:08.129,EGLD/USDT:USDT,16.36,55.0,16.35,156.0,16.38,528.0,16.39,1990.0
1753533368218,12:36:08.218,EGLD/USDT:USDT,16.36,55.0,16.35,332.0,16.38,528.0,16.39,1990.0
1753533368338,12:36:08.338,EGLD/USDT:USDT,16.36,55.0,16.35,332.0,16.38,528.0,16.39,1990.0
1753533368440,12:36:08.440,EGLD/USDT:USDT,16.36,55.0,16.35,332.0,16.37,54.0,16.38,528.0
1753533368557,12:36:08.557,EGLD/USDT:USDT,16.36,55.0,16.35,332.0,16.37,54.0,16.38,528.0
1753533369025,12:36:09.025,EGLD/USDT:USDT,16.36,55.0,16.35,332.0,16.38,528.0,16.39,1990.0
1753533369124,12:36:09.124,EGLD/USDT:USDT,16.36,55.0,16.35,332.0,16.37,54.0,16.38,528.0
1753533369386,12:36:09.386,EGLD/USDT:USDT,16.36,55.0,16.35,332.0,16.37,54.0,16.38,528.0
1753533369774,12:36:09.774,EGLD/USDT:USDT,16.36,55.0,16.35,332.0,16.37,54.0,16.38,528.0
1753533373069,12:36:13.069,EGLD/USDT:USDT,16.36,55.0,16.35,332.0,16.37,54.0,16.38,319.0
1753533374186,12:36:14.186,EGLD/USDT:USDT,16.36,55.0,16.35,332.0,16.37,54.0,16.38,319.0
1753533375678,12:36:15.678,EGLD/USDT:USDT,16.36,55.0,16.35,332.0,16.38,319.0,16.39,2199.0
1753533375749,12:36:15.749,EGLD/USDT:USDT,16.36,55.0,16.35,332.0,16.38,319.0,16.39,2199.0
1753533376482,12:36:16.482,EGLD/USDT:USDT,16.36,155.0,16.35,332.0,16.38,319.0,16.39,2199.0
1753533379009,12:36:19.009,EGLD/USDT:USDT,16.36,155.0,16.35,332.0,16.38,319.0,16.39,2199.0
1753533379644,12:36:19.644,EGLD/USDT:USDT,16.37,56.0,16.36,352.0,16.38,155.0,16.39,2684.0
1753533379738,12:36:19.738,EGLD/USDT:USDT,16.37,56.0,16.36,352.0,16.38,155.0,16.39,2599.0
1753533379823,12:36:19.823,EGLD/USDT:USDT,16.37,56.0,16.36,352.0,16.38,155.0,16.39,2278.0
1753533380124,12:36:20.124,EGLD/USDT:USDT,16.37,56.0,16.36,352.0,16.38,155.0,16.39,2278.0
1753533380234,12:36:20.234,EGLD/USDT:USDT,16.37,56.0,16.36,352.0,16.38,155.0,16.39,2278.0
1753533380322,12:36:20.322,EGLD/USDT:USDT,16.36,155.0,16.35,332.0,16.38,167.0,16.39,2587.0
1753533380557,12:36:20.557,EGLD/USDT:USDT,16.36,155.0,16.35,332.0,16.38,167.0,16.39,2587.0
1753533383569,12:36:23.569,EGLD/USDT:USDT,16.37,57.0,16.36,352.0,16.38,155.0,16.39,2599.0
1753533383664,12:36:23.664,EGLD/USDT:USDT,16.37,57.0,16.36,352.0,16.38,155.0,16.39,2599.0
1753533383786,12:36:23.786,EGLD/USDT:USDT,16.37,57.0,16.36,352.0,16.38,155.0,16.39,2599.0
1753533386010,12:36:26.010,EGLD/USDT:USDT,16.37,57.0,16.36,352.0,16.38,155.0,16.39,2599.0
1753533386063,12:36:26.063,EGLD/USDT:USDT,16.37,57.0,16.36,352.0,16.38,155.0,16.39,2599.0
1753533386285,12:36:26.285,EGLD/USDT:USDT,16.37,57.0,16.36,352.0,16.38,155.0,16.39,2599.0
1753533386929,12:36:26.929,EGLD/USDT:USDT,16.37,57.0,16.36,352.0,16.38,155.0,16.39,2599.0
1753533387391,12:36:27.391,EGLD/USDT:USDT,16.37,57.0,16.36,352.0,16.38,155.0,16.39,2599.0
1753533387693,12:36:27.693,EGLD/USDT:USDT,16.37,57.0,16.36,352.0,16.38,155.0,16.39,2599.0
1753533388036,12:36:28.036,EGLD/USDT:USDT,16.36,352.0,16.35,874.0,16.38,155.0,16.39,2599.0
1753533388047,12:36:28.047,EGLD/USDT:USDT,16.36,352.0,16.35,874.0,16.38,167.0,16.39,2587.0
1753533388611,12:36:28.611,EGLD/USDT:USDT,16.36,352.0,16.35,874.0,16.38,167.0,16.39,2587.0
1753533389289,12:36:29.289,EGLD/USDT:USDT,16.36,352.0,16.35,1011.0,16.38,167.0,16.39,2587.0
1753533389529,12:36:29.529,EGLD/USDT:USDT,16.36,352.0,16.35,1992.0,16.38,167.0,16.39,2587.0
1753533389569,12:36:29.569,EGLD/USDT:USDT,16.36,648.0,16.35,1855.0,16.38,167.0,16.39,2587.0
1753533393386,12:36:33.386,EGLD/USDT:USDT,16.36,648.0,16.35,1855.0,16.38,167.0,16.39,2587.0
1753533393469,12:36:33.469,EGLD/USDT:USDT,16.36,648.0,16.35,1855.0,16.38,167.0,16.39,2587.0
1753533395529,12:36:35.529,EGLD/USDT:USDT,16.36,648.0,16.35,1992.0,16.38,167.0,16.39,2587.0
1753533396229,12:36:36.229,EGLD/USDT:USDT,16.36,155.0,16.35,1992.0,16.37,57.0,16.38,167.0
1753533396341,12:36:36.341,EGLD/USDT:USDT,16.36,155.0,16.35,1992.0,16.37,57.0,16.38,167.0
1753533396369,12:36:36.369,EGLD/USDT:USDT,16.36,673.0,16.35,1992.0,16.38,167.0,16.39,2587.0
1753533396757,12:36:36.757,EGLD/USDT:USDT,16.36,673.0,16.35,1992.0,16.38,167.0,16.39,2587.0
1753533398186,12:36:38.186,EGLD/USDT:USDT,16.36,673.0,16.35,1992.0,16.38,167.0,16.39,2587.0
1753533400538,12:36:40.538,EGLD/USDT:USDT,16.36,673.0,16.35,1992.0,16.38,167.0,16.39,2587.0
1753533400796,12:36:40.796,EGLD/USDT:USDT,16.36,673.0,16.35,1992.0,16.38,167.0,16.39,2587.0
1753533401181,12:36:41.181,EGLD/USDT:USDT,16.37,55.0,16.36,673.0,16.38,155.0,16.39,2599.0
1753533402606,12:36:42.606,EGLD/USDT:USDT,16.37,55.0,16.36,673.0,16.38,55.0,16.39,1985.0
1753533402689,12:36:42.689,EGLD/USDT:USDT,16.37,55.0,16.36,673.0,16.38,55.0,16.39,1511.0
1753533404810,12:36:44.810,EGLD/USDT:USDT,16.37,55.0,16.36,673.0,16.38,55.0,16.39,1511.0
1753533406401,12:36:46.401,EGLD/USDT:USDT,16.36,673.0,16.35,2144.0,16.38,67.0,16.39,1499.0
1753533407256,12:36:47.256,EGLD/USDT:USDT,16.36,673.0,16.35,1992.0,16.38,67.0,16.39,1499.0
1753533408833,12:36:48.833,EGLD/USDT:USDT,16.37,55.0,16.36,673.0,16.38,55.0,16.39,1511.0
1753533408892,12:36:48.892,EGLD/USDT:USDT,16.37,55.0,16.36,673.0,16.38,55.0,16.39,1511.0
1753533409586,12:36:49.586,EGLD/USDT:USDT,16.37,55.0,16.36,673.0,16.38,55.0,16.39,1511.0
1753533410441,12:36:50.441,EGLD/USDT:USDT,16.37,55.0,16.36,673.0,16.38,55.0,16.39,1511.0
1753533415529,12:36:55.529,EGLD/USDT:USDT,16.37,55.0,16.36,673.0,16.38,55.0,16.39,1302.0
1753533415551,12:36:55.551,EGLD/USDT:USDT,16.37,55.0,16.36,673.0,16.38,55.0,16.39,1511.0
1753533417761,12:36:57.761,EGLD/USDT:USDT,16.36,673.0,16.35,2197.0,16.38,67.0,16.39,1499.0
1753533419180,12:36:59.180,EGLD/USDT:USDT,16.37,56.0,16.36,673.0,16.38,55.0,16.39,1511.0
1753533419322,12:36:59.322,EGLD/USDT:USDT,16.37,56.0,16.36,673.0,16.38,55.0,16.39,1511.0
1753533421337,12:37:01.337,EGLD/USDT:USDT,16.37,56.0,16.36,673.0,16.38,55.0,16.39,1511.0
1753533421442,12:37:01.442,EGLD/USDT:USDT,16.37,56.0,16.36,673.0,16.38,55.0,16.39,1511.0
1753533421473,12:37:01.473,EGLD/USDT:USDT,16.37,56.0,16.36,673.0,16.38,55.0,16.39,1511.0
1753533421618,12:37:01.618,EGLD/USDT:USDT,16.37,56.0,16.36,673.0,16.38,55.0,16.39,529.0
1753533422306,12:37:02.306,EGLD/USDT:USDT,16.37,56.0,16.36,673.0,16.39,529.0,16.4,1544.0
1753533422408,12:37:02.408,EGLD/USDT:USDT,16.37,56.0,16.36,673.0,16.38,55.0,16.39,529.0
1753533422448,12:37:02.448,EGLD/USDT:USDT,16.37,56.0,16.36,673.0,16.38,55.0,16.39,377.0
1753533422736,12:37:02.736,EGLD/USDT:USDT,16.37,56.0,16.36,673.0,16.38,55.0,16.39,377.0
1753533423035,12:37:03.035,EGLD/USDT:USDT,16.37,56.0,16.36,673.0,16.38,55.0,16.39,529.0
1753533423126,12:37:03.126,EGLD/USDT:USDT,16.37,56.0,16.36,673.0,16.38,55.0,16.39,529.0
1753533423237,12:37:03.237,EGLD/USDT:USDT,16.37,56.0,16.36,673.0,16.38,55.0,16.39,529.0
1753533423328,12:37:03.328,EGLD/USDT:USDT,16.37,56.0,16.36,673.0,16.38,55.0,16.39,377.0
1753533423697,12:37:03.697,EGLD/USDT:USDT,16.37,56.0,16.36,673.0,16.38,55.0,16.39,377.0
1753533424027,12:37:04.027,EGLD/USDT:USDT,16.37,56.0,16.36,673.0,16.38,55.0,16.39,377.0
1753533424139,12:37:04.139,EGLD/USDT:USDT,16.37,56.0,16.36,673.0,16.38,55.0,16.39,377.0
1753533424200,12:37:04.200,EGLD/USDT:USDT,16.37,56.0,16.36,673.0,16.38,55.0,16.39,377.0
1753533424342,12:37:04.342,EGLD/USDT:USDT,16.37,56.0,16.36,673.0,16.38,55.0,16.39,377.0
1753533424412,12:37:04.412,EGLD/USDT:USDT,16.37,56.0,16.36,673.0,16.38,55.0,16.39,529.0
1753533424535,12:37:04.535,EGLD/USDT:USDT,16.37,56.0,16.36,673.0,16.38,55.0,16.39,529.0
1753533424645,12:37:04.645,EGLD/USDT:USDT,16.37,56.0,16.36,673.0,16.38,55.0,16.39,529.0
1753533424676,12:37:04.676,EGLD/USDT:USDT,16.37,56.0,16.36,673.0,16.38,55.0,16.39,377.0
1753533425020,12:37:05.020,EGLD/USDT:USDT,16.37,56.0,16.36,673.0,16.38,55.0,16.39,529.0
1753533425121,12:37:05.121,EGLD/USDT:USDT,16.37,56.0,16.36,673.0,16.38,55.0,16.39,529.0
1753533425232,12:37:05.232,EGLD/USDT:USDT,16.37,56.0,16.36,673.0,16.38,55.0,16.39,529.0
1753533425283,12:37:05.283,EGLD/USDT:USDT,16.37,56.0,16.36,673.0,16.38,55.0,16.39,377.0
1753533425425,12:37:05.425,EGLD/USDT:USDT,16.37,56.0,16.36,673.0,16.38,55.0,16.39,529.0
1753533425516,12:37:05.516,EGLD/USDT:USDT,16.37,56.0,16.36,673.0,16.38,55.0,16.39,377.0
1753533425637,12:37:05.637,EGLD/USDT:USDT,16.37,56.0,16.36,673.0,16.38,55.0,16.39,377.0
1753533426140,12:37:06.140,EGLD/USDT:USDT,16.37,56.0,16.36,1173.0,16.39,377.0,16.4,1696.0
1753533426209,12:37:06.209,EGLD/USDT:USDT,16.37,56.0,16.36,673.0,16.39,377.0,16.4,1375.0
1753533426328,12:37:06.328,EGLD/USDT:USDT,16.37,253.0,16.36,1173.0,16.39,168.0,16.4,1496.0
1753533427198,12:37:07.198,EGLD/USDT:USDT,16.37,253.0,16.36,1173.0,16.39,168.0,16.4,1496.0
1753533427602,12:37:07.602,EGLD/USDT:USDT,16.37,253.0,16.36,1173.0,16.39,168.0,16.4,1496.0
1753533427837,12:37:07.837,EGLD/USDT:USDT,16.37,253.0,16.36,1173.0,16.39,168.0,16.4,1496.0
1753533428799,12:37:08.799,EGLD/USDT:USDT,16.37,253.0,16.36,1173.0,16.39,168.0,16.4,1496.0
1753533429621,12:37:09.621,EGLD/USDT:USDT,16.37,253.0,16.36,1173.0,16.39,168.0,16.4,1496.0
1753533429721,12:37:09.721,EGLD/USDT:USDT,16.37,253.0,16.36,1173.0,16.39,320.0,16.4,1344.0
1753533429787,12:37:09.787,EGLD/USDT:USDT,16.37,253.0,16.36,1173.0,16.39,168.0,16.4,1496.0
1753533429914,12:37:09.914,EGLD/USDT:USDT,16.37,253.0,16.36,1173.0,16.39,320.0,16.4,1344.0
1753533429966,12:37:09.966,EGLD/USDT:USDT,16.37,253.0,16.36,1173.0,16.39,168.0,16.4,1496.0
1753533430724,12:37:10.724,EGLD/USDT:USDT,16.37,253.0,16.36,1173.0,16.39,168.0,16.4,1496.0
1753533430922,12:37:10.922,EGLD/USDT:USDT,16.37,253.0,16.36,1173.0,16.39,168.0,16.4,1496.0
1753533433823,12:37:13.823,EGLD/USDT:USDT,16.37,253.0,16.36,1173.0,16.39,168.0,16.4,1496.0
1753533434355,12:37:14.355,EGLD/USDT:USDT,16.37,253.0,16.36,1173.0,16.39,168.0,16.4,1496.0
1753533434587,12:37:14.587,EGLD/USDT:USDT,16.37,253.0,16.36,1173.0,16.39,168.0,16.4,1496.0
1753533434656,12:37:14.656,EGLD/USDT:USDT,16.37,253.0,16.36,1173.0,16.39,168.0,16.4,1496.0
1753533434833,12:37:14.833,EGLD/USDT:USDT,16.37,253.0,16.36,1173.0,16.39,168.0,16.4,1496.0
1753533434855,12:37:14.855,EGLD/USDT:USDT,16.37,253.0,16.36,1173.0,16.39,168.0,16.4,1496.0
1753533436507,12:37:16.507,EGLD/USDT:USDT,16.37,253.0,16.36,1173.0,16.39,320.0,16.4,1344.0
1753533436568,12:37:16.568,EGLD/USDT:USDT,16.37,253.0,16.36,1173.0,16.39,168.0,16.4,1496.0
1753533436932,12:37:16.932,EGLD/USDT:USDT,16.37,253.0,16.36,1173.0,16.39,320.0,16.4,1344.0
1753533436964,12:37:16.964,EGLD/USDT:USDT,16.37,253.0,16.36,1173.0,16.39,168.0,16.4,1496.0
1753533437107,12:37:17.107,EGLD/USDT:USDT,16.37,253.0,16.36,1173.0,16.39,168.0,16.4,1496.0
1753533439437,12:37:19.437,EGLD/USDT:USDT,16.38,54.0,16.37,253.0,16.39,168.0,16.4,1496.0
1753533439534,12:37:19.534,EGLD/USDT:USDT,16.38,54.0,16.37,253.0,16.39,156.0,16.4,1829.0
1753533439742,12:37:19.742,EGLD/USDT:USDT,16.38,54.0,16.37,253.0,16.39,156.0,16.4,1829.0
1753533439798,12:37:19.798,EGLD/USDT:USDT,16.38,54.0,16.37,253.0,16.39,156.0,16.4,1829.0
1753533440199,12:37:20.199,EGLD/USDT:USDT,16.38,54.0,16.37,253.0,16.39,156.0,16.4,1829.0
1753533440689,12:37:20.689,EGLD/USDT:USDT,16.38,54.0,16.37,253.0,16.39,156.0,16.4,1829.0
1753533440841,12:37:20.841,EGLD/USDT:USDT,16.38,54.0,16.37,253.0,16.39,156.0,16.4,1829.0
1753533440892,12:37:20.892,EGLD/USDT:USDT,16.38,54.0,16.37,253.0,16.39,156.0,16.4,1829.0
1753533441020,12:37:21.020,EGLD/USDT:USDT,16.38,54.0,16.37,253.0,16.39,156.0,16.4,1829.0
1753533441564,12:37:21.564,EGLD/USDT:USDT,16.38,54.0,16.37,253.0,16.39,156.0,16.4,1829.0
1753533444187,12:37:24.187,EGLD/USDT:USDT,16.38,54.0,16.37,253.0,16.39,156.0,16.4,1829.0
1753533444652,12:37:24.652,EGLD/USDT:USDT,16.38,54.0,16.37,253.0,16.39,156.0,16.4,1829.0
1753533446276,12:37:26.276,EGLD/USDT:USDT,16.38,54.0,16.37,253.0,16.39,156.0,16.4,1829.0
1753533447044,12:37:27.044,EGLD/USDT:USDT,16.38,54.0,16.37,253.0,16.39,56.0,16.4,1829.0
1753533447175,12:37:27.175,EGLD/USDT:USDT,16.38,54.0,16.37,253.0,16.39,56.0,16.4,1829.0
1753533447371,12:37:27.371,EGLD/USDT:USDT,16.38,54.0,16.37,253.0,16.39,56.0,16.4,1829.0
1753533449012,12:37:29.012,EGLD/USDT:USDT,16.38,54.0,16.37,253.0,16.39,56.0,16.4,1829.0
1753533450207,12:37:30.207,EGLD/USDT:USDT,16.38,54.0,16.37,253.0,16.39,56.0,16.4,1829.0
1753533453788,12:37:33.788,EGLD/USDT:USDT,16.38,54.0,16.37,253.0,16.39,56.0,16.4,1829.0
1753533455909,12:37:35.909,EGLD/USDT:USDT,16.38,54.0,16.37,253.0,16.39,56.0,16.4,1508.0
1753533456090,12:37:36.090,EGLD/USDT:USDT,16.38,54.0,16.37,253.0,16.39,56.0,16.4,1508.0
1753533458609,12:37:38.609,EGLD/USDT:USDT,16.38,54.0,16.37,253.0,16.39,56.0,16.4,1508.0
1753533459943,12:37:39.943,EGLD/USDT:USDT,16.38,54.0,16.37,253.0,16.39,56.0,16.4,1508.0
1753533460445,12:37:40.445,EGLD/USDT:USDT,16.38,54.0,16.37,253.0,16.4,428.0,16.41,241.0
1753533460536,12:37:40.536,EGLD/USDT:USDT,16.38,156.0,16.37,511.0,16.4,67.0,16.41,602.0
1753533460629,12:37:40.629,EGLD/USDT:USDT,16.38,156.0,16.37,738.0,16.4,67.0,16.41,1495.0
1753533460738,12:37:40.738,EGLD/USDT:USDT,16.38,377.0,16.37,1716.0,16.4,67.0,16.41,1495.0
1753533460749,12:37:40.749,EGLD/USDT:USDT,16.38,643.0,16.37,1716.0,16.4,67.0,16.41,1495.0
1753533462167,12:37:42.167,EGLD/USDT:USDT,16.38,643.0,16.37,1892.0,16.4,67.0,16.41,1495.0
1753533463388,12:37:43.388,EGLD/USDT:USDT,16.38,643.0,16.37,1892.0,16.4,67.0,16.41,1495.0
1753533463450,12:37:43.450,EGLD/USDT:USDT,16.38,643.0,16.37,1892.0,16.4,67.0,16.41,1495.0
1753533464891,12:37:44.891,EGLD/USDT:USDT,16.39,56.0,16.38,643.0,16.4,55.0,16.41,1507.0
1753533465237,12:37:45.237,EGLD/USDT:USDT,16.39,56.0,16.38,643.0,16.4,55.0,16.41,1507.0
1753533465736,12:37:45.736,EGLD/USDT:USDT,16.39,56.0,16.38,643.0,16.4,55.0,16.41,1507.0
1753533465749,12:37:45.749,EGLD/USDT:USDT,16.39,56.0,16.38,643.0,16.4,55.0,16.41,1507.0
1753533467921,12:37:47.921,EGLD/USDT:USDT,16.38,643.0,16.37,1892.0,16.4,67.0,16.41,1495.0
1753533468021,12:37:48.021,EGLD/USDT:USDT,16.39,56.0,16.38,643.0,16.4,55.0,16.41,1507.0
1753533468188,12:37:48.188,EGLD/USDT:USDT,16.39,56.0,16.38,643.0,16.4,55.0,16.41,1507.0
1753533468424,12:37:48.424,EGLD/USDT:USDT,16.39,56.0,16.38,643.0,16.4,55.0,16.41,1507.0
1753533471731,12:37:51.731,EGLD/USDT:USDT,16.39,56.0,16.38,643.0,16.4,55.0,16.41,1507.0
1753533471749,12:37:51.749,EGLD/USDT:USDT,16.39,56.0,16.38,643.0,16.4,55.0,16.41,1507.0
1753533472058,12:37:52.058,EGLD/USDT:USDT,16.39,56.0,16.38,643.0,16.4,55.0,16.41,1507.0
1753533472988,12:37:52.988,EGLD/USDT:USDT,16.39,56.0,16.38,643.0,16.4,55.0,16.41,1507.0
1753533473386,12:37:53.386,EGLD/USDT:USDT,16.39,56.0,16.38,643.0,16.4,55.0,16.41,1507.0
1753533473721,12:37:53.721,EGLD/USDT:USDT,16.38,643.0,16.37,1892.0,16.4,67.0,16.41,1495.0
1753533473749,12:37:53.749,EGLD/USDT:USDT,16.38,643.0,16.37,1892.0,16.4,67.0,16.41,1495.0
1753533474080,12:37:54.080,EGLD/USDT:USDT,16.38,643.0,16.37,1892.0,16.4,67.0,16.41,1495.0
1753533474495,12:37:54.495,EGLD/USDT:USDT,16.39,55.0,16.38,643.0,16.4,55.0,16.41,1507.0
1753533475929,12:37:55.929,EGLD/USDT:USDT,16.39,55.0,16.38,643.0,16.4,55.0,16.41,1507.0
1753533476124,12:37:56.124,EGLD/USDT:USDT,16.39,55.0,16.38,643.0,16.4,55.0,16.41,1507.0
1753533477110,12:37:57.110,EGLD/USDT:USDT,16.39,55.0,16.38,643.0,16.4,55.0,16.41,1507.0
1753533477791,12:37:57.791,EGLD/USDT:USDT,16.39,55.0,16.38,643.0,16.4,55.0,16.41,1507.0
1753533479606,12:37:59.606,EGLD/USDT:USDT,16.39,55.0,16.38,643.0,16.4,55.0,16.41,1507.0
1753533480201,12:38:00.201,EGLD/USDT:USDT,16.38,643.0,16.37,1846.0,16.4,67.0,16.41,1495.0
1753533480250,12:38:00.250,EGLD/USDT:USDT,16.38,643.0,16.37,1846.0,16.4,67.0,16.41,1495.0
1753533480567,12:38:00.567,EGLD/USDT:USDT,16.38,643.0,16.37,1846.0,16.4,67.0,16.41,1495.0
1753533481042,12:38:01.042,EGLD/USDT:USDT,16.38,156.0,16.37,1846.0,16.39,57.0,16.4,67.0
1753533481387,12:38:01.387,EGLD/USDT:USDT,16.38,156.0,16.37,1846.0,16.39,57.0,16.4,67.0
1753533481507,12:38:01.507,EGLD/USDT:USDT,16.38,671.0,16.37,1846.0,16.4,67.0,16.41,1495.0
1753533481803,12:38:01.803,EGLD/USDT:USDT,16.38,671.0,16.37,1846.0,16.4,67.0,16.41,1495.0
1753533482588,12:38:02.588,EGLD/USDT:USDT,16.38,671.0,16.37,1846.0,16.4,67.0,16.41,1495.0
1753533483019,12:38:03.019,EGLD/USDT:USDT,16.38,671.0,16.37,1846.0,16.4,67.0,16.41,1495.0
1753533483246,12:38:03.246,EGLD/USDT:USDT,16.38,671.0,16.37,1846.0,16.39,57.0,16.4,67.0
1753533483249,12:38:03.249,EGLD/USDT:USDT,16.38,156.0,16.37,1846.0,16.39,57.0,16.4,67.0
1753533483431,12:38:03.431,EGLD/USDT:USDT,16.38,156.0,16.37,1846.0,16.39,57.0,16.4,67.0
1753533483674,12:38:03.674,EGLD/USDT:USDT,16.38,156.0,16.37,1846.0,16.39,57.0,16.4,219.0
1753533483850,12:38:03.850,EGLD/USDT:USDT,16.38,156.0,16.37,1846.0,16.39,57.0,16.4,219.0
1753533484108,12:38:04.108,EGLD/USDT:USDT,16.38,156.0,16.37,1846.0,16.39,57.0,16.4,219.0
1753533484234,12:38:04.234,EGLD/USDT:USDT,16.37,1846.0,16.36,735.0,16.39,57.0,16.4,219.0
1753533484344,12:38:04.344,EGLD/USDT:USDT,16.37,369.0,16.36,1711.0,16.39,69.0,16.4,207.0
1753533484382,12:38:04.382,EGLD/USDT:USDT,16.37,691.0,16.36,2211.0,16.39,69.0,16.4,207.0
1753533484610,12:38:04.610,EGLD/USDT:USDT,16.37,691.0,16.36,2059.0,16.39,69.0,16.4,207.0
1753533485329,12:38:05.329,EGLD/USDT:USDT,16.37,508.0,16.36,2059.0,16.38,57.0,16.39,169.0
1753533485363,12:38:05.363,EGLD/USDT:USDT,16.37,56.0,16.36,2059.0,16.38,57.0,16.39,169.0
1753533485473,12:38:05.473,EGLD/USDT:USDT,16.37,56.0,16.36,2059.0,16.38,57.0,16.39,169.0
1753533485640,12:38:05.640,EGLD/USDT:USDT,16.37,56.0,16.36,2059.0,16.38,57.0,16.39,169.0
1753533485669,12:38:05.669,EGLD/USDT:USDT,16.37,56.0,16.36,1909.0,16.38,57.0,16.39,169.0
1753533486005,12:38:06.005,EGLD/USDT:USDT,16.37,56.0,16.36,1909.0,16.38,57.0,16.39,321.0
1753533486270,12:38:06.270,EGLD/USDT:USDT,16.37,56.0,16.36,1909.0,16.38,57.0,16.39,321.0
1753533486409,12:38:06.409,EGLD/USDT:USDT,16.37,56.0,16.36,1368.0,16.38,57.0,16.39,530.0
1753533486535,12:38:06.535,EGLD/USDT:USDT,16.37,56.0,16.36,1280.0,16.38,57.0,16.39,530.0
1753533486569,12:38:06.569,EGLD/USDT:USDT,16.37,56.0,16.36,1280.0,16.38,57.0,16.39,530.0
1753533486694,12:38:06.694,EGLD/USDT:USDT,16.37,56.0,16.36,1280.0,16.38,57.0,16.39,530.0
1753533487284,12:38:07.284,EGLD/USDT:USDT,16.37,56.0,16.36,1280.0,16.38,57.0,16.39,530.0
1753533487390,12:38:07.390,EGLD/USDT:USDT,16.37,56.0,16.36,1280.0,16.38,57.0,16.39,530.0
1753533487450,12:38:07.450,EGLD/USDT:USDT,16.37,56.0,16.36,1280.0,16.38,57.0,16.39,530.0
1753533487938,12:38:07.938,EGLD/USDT:USDT,16.37,56.0,16.36,304.0,16.38,57.0,16.39,530.0
1753533487950,12:38:07.950,EGLD/USDT:USDT,16.37,56.0,16.36,604.0,16.38,57.0,16.39,530.0
1753533489428,12:38:09.428,EGLD/USDT:USDT,16.37,56.0,16.36,604.0,16.38,57.0,16.39,530.0
1753533489526,12:38:09.526,EGLD/USDT:USDT,16.37,56.0,16.36,604.0,16.38,57.0,16.39,530.0
1753533492189,12:38:12.189,EGLD/USDT:USDT,16.37,56.0,16.36,604.0,16.38,57.0,16.39,530.0
1753533496989,12:38:16.989,EGLD/USDT:USDT,16.37,56.0,16.36,604.0,16.38,57.0,16.39,530.0
1753533497340,12:38:17.340,EGLD/USDT:USDT,16.37,55.0,16.36,604.0,16.38,57.0,16.39,530.0
1753533499044,12:38:19.044,EGLD/USDT:USDT,16.36,604.0,16.35,2586.0,16.38,69.0,16.39,518.0
1753533499138,12:38:19.138,EGLD/USDT:USDT,16.37,55.0,16.36,604.0,16.38,57.0,16.39,530.0
1753533501809,12:38:21.809,EGLD/USDT:USDT,16.37,55.0,16.36,604.0,16.38,57.0,16.39,530.0
1753533503541,12:38:23.541,EGLD/USDT:USDT,16.36,604.0,16.35,2738.0,16.38,69.0,16.39,518.0
1753533503557,12:38:23.557,EGLD/USDT:USDT,16.36,604.0,16.35,2738.0,16.38,69.0,16.39,518.0
1753533506544,12:38:26.544,EGLD/USDT:USDT,16.36,604.0,16.35,2586.0,16.38,69.0,16.39,518.0
1753533506590,12:38:26.590,EGLD/USDT:USDT,16.36,604.0,16.35,2586.0,16.38,69.0,16.39,518.0
1753533506664,12:38:26.664,EGLD/USDT:USDT,16.36,604.0,16.35,2586.0,16.38,69.0,16.39,518.0
1753533507842,12:38:27.842,EGLD/USDT:USDT,16.36,604.0,16.35,2738.0,16.38,69.0,16.39,518.0
1753533509845,12:38:29.845,EGLD/USDT:USDT,16.36,604.0,16.35,2738.0,16.38,69.0,16.39,518.0
1753533509947,12:38:29.947,EGLD/USDT:USDT,16.36,604.0,16.35,2586.0,16.38,69.0,16.39,518.0
1753533510078,12:38:30.078,EGLD/USDT:USDT,16.36,604.0,16.35,2738.0,16.38,69.0,16.39,518.0
1753533510341,12:38:30.341,EGLD/USDT:USDT,16.36,604.0,16.35,2586.0,16.38,69.0,16.39,518.0
1753533511253,12:38:31.253,EGLD/USDT:USDT,16.36,604.0,16.35,2692.0,16.38,69.0,16.39,518.0
1753533511389,12:38:31.389,EGLD/USDT:USDT,16.36,604.0,16.35,2692.0,16.38,69.0,16.39,518.0
1753533511555,12:38:31.555,EGLD/USDT:USDT,16.36,604.0,16.35,2692.0,16.38,69.0,16.39,518.0
1753533512943,12:38:32.943,EGLD/USDT:USDT,16.36,604.0,16.35,2692.0,16.38,169.0,16.39,518.0
1753533515039,12:38:35.039,EGLD/USDT:USDT,16.36,604.0,16.35,2692.0,16.38,169.0,16.39,518.0
1753533515064,12:38:35.064,EGLD/USDT:USDT,16.36,604.0,16.35,2192.0,16.38,169.0,16.39,666.0
1753533516192,12:38:36.192,EGLD/USDT:USDT,16.36,604.0,16.35,2192.0,16.38,169.0,16.39,666.0
1753533521010,12:38:41.010,EGLD/USDT:USDT,16.36,604.0,16.35,1806.0,16.38,169.0,16.39,666.0
1753533521856,12:38:41.856,EGLD/USDT:USDT,16.36,604.0,16.35,1806.0,16.38,169.0,16.39,666.0
1753533522036,12:38:42.036,EGLD/USDT:USDT,16.36,155.0,16.35,1806.0,16.37,54.0,16.38,321.0
1753533522137,12:38:42.137,EGLD/USDT:USDT,16.36,609.0,16.35,1806.0,16.38,321.0,16.39,835.0
1753533522227,12:38:42.227,EGLD/USDT:USDT,16.36,609.0,16.35,2305.0,16.38,321.0,16.39,835.0
1753533522322,12:38:42.322,EGLD/USDT:USDT,16.36,609.0,16.35,2305.0,16.38,169.0,16.39,666.0
1753533522545,12:38:42.545,EGLD/USDT:USDT,16.36,609.0,16.35,2305.0,16.38,321.0,16.39,514.0
1753533522789,12:38:42.789,EGLD/USDT:USDT,16.36,609.0,16.35,2305.0,16.38,321.0,16.39,514.0
1753533523113,12:38:43.113,EGLD/USDT:USDT,16.36,609.0,16.35,2305.0,16.38,321.0,16.39,514.0
1753533523336,12:38:43.336,EGLD/USDT:USDT,16.36,609.0,16.35,2305.0,16.38,169.0,16.39,666.0
1753533523420,12:38:43.420,EGLD/USDT:USDT,16.36,609.0,16.35,2305.0,16.38,169.0,16.39,666.0
1753533523508,12:38:43.508,EGLD/USDT:USDT,16.36,609.0,16.35,2305.0,16.38,321.0,16.39,514.0
1753533523570,12:38:43.570,EGLD/USDT:USDT,16.36,609.0,16.35,2305.0,16.38,169.0,16.39,666.0
1753533525475,12:38:45.475,EGLD/USDT:USDT,16.36,609.0,16.35,2305.0,16.38,169.0,16.39,666.0
1753533525827,12:38:45.827,EGLD/USDT:USDT,16.36,609.0,16.35,2305.0,16.38,321.0,16.39,514.0
1753533525858,12:38:45.858,EGLD/USDT:USDT,16.36,609.0,16.35,2305.0,16.38,169.0,16.39,666.0
1753533527068,12:38:47.068,EGLD/USDT:USDT,16.36,609.0,16.35,2305.0,16.38,169.0,16.39,666.0
1753533527848,12:38:47.848,EGLD/USDT:USDT,16.36,609.0,16.35,2305.0,16.38,321.0,16.39,514.0
1753533528191,12:38:48.191,EGLD/USDT:USDT,16.36,155.0,16.35,2305.0,16.37,54.0,16.38,321.0
1753533528330,12:38:48.330,EGLD/USDT:USDT,16.36,155.0,16.35,2200.0,16.37,54.0,16.38,321.0
1753533528431,12:38:48.431,EGLD/USDT:USDT,16.36,155.0,16.35,2200.0,16.37,54.0,16.38,321.0
1753533528529,12:38:48.529,EGLD/USDT:USDT,16.36,155.0,16.35,2200.0,16.37,54.0,16.38,321.0
1753533528549,12:38:48.549,EGLD/USDT:USDT,16.36,155.0,16.35,2200.0,16.37,54.0,16.38,321.0
1753533530590,12:38:50.590,EGLD/USDT:USDT,16.36,155.0,16.35,2200.0,16.37,54.0,16.38,321.0
1753533531612,12:38:51.612,EGLD/USDT:USDT,16.36,759.0,16.35,2200.0,16.38,169.0,16.39,1668.0
1753533531649,12:38:51.649,EGLD/USDT:USDT,16.36,759.0,16.35,2200.0,16.38,169.0,16.39,1668.0
1753533532596,12:38:52.596,EGLD/USDT:USDT,16.36,759.0,16.35,2200.0,16.38,169.0,16.39,1668.0
1753533532726,12:38:52.726,EGLD/USDT:USDT,16.36,759.0,16.35,2200.0,16.38,169.0,16.39,692.0
1753533534207,12:38:54.207,EGLD/USDT:USDT,16.37,57.0,16.36,759.0,16.38,157.0,16.39,704.0
1753533534310,12:38:54.310,EGLD/USDT:USDT,16.36,759.0,16.35,2352.0,16.38,169.0,16.39,692.0
1753533534514,12:38:54.514,EGLD/USDT:USDT,16.36,759.0,16.35,2352.0,16.38,169.0,16.39,692.0
1753533534725,12:38:54.725,EGLD/USDT:USDT,16.36,759.0,16.35,2352.0,16.38,169.0,16.39,692.0
1753533535137,12:38:55.137,EGLD/USDT:USDT,16.37,57.0,16.36,759.0,16.38,157.0,16.39,704.0
1753533535390,12:38:55.390,EGLD/USDT:USDT,16.37,57.0,16.36,759.0,16.38,157.0,16.39,704.0
1753533535589,12:38:55.589,EGLD/USDT:USDT,16.37,57.0,16.36,759.0,16.38,157.0,16.39,704.0
1753533535867,12:38:55.867,EGLD/USDT:USDT,16.37,57.0,16.36,759.0,16.38,57.0,16.39,704.0
1753533540210,12:39:00.210,EGLD/USDT:USDT,16.37,57.0,16.36,759.0,16.38,57.0,16.39,704.0
1753533541298,12:39:01.298,EGLD/USDT:USDT,16.37,57.0,16.36,759.0,16.38,57.0,16.39,704.0
1753533544990,12:39:04.990,EGLD/USDT:USDT,16.37,57.0,16.36,759.0,16.38,57.0,16.39,704.0
1753533548216,12:39:08.216,EGLD/USDT:USDT,16.37,57.0,16.36,759.0,16.39,530.0,16.4,1556.0
1753533548323,12:39:08.323,EGLD/USDT:USDT,16.37,57.0,16.36,759.0,16.39,321.0,16.4,1749.0
1753533548541,12:39:08.541,EGLD/USDT:USDT,16.37,157.0,16.36,759.0,16.39,321.0,16.4,1749.0
1753533548844,12:39:08.844,EGLD/USDT:USDT,16.37,157.0,16.36,759.0,16.39,321.0,16.4,1749.0
1753533549790,12:39:09.790,EGLD/USDT:USDT,16.37,157.0,16.36,759.0,16.39,321.0,16.4,1749.0
1753533551875,12:39:11.875,EGLD/USDT:USDT,16.37,157.0,16.36,759.0,16.39,321.0,16.4,1749.0
1753533552130,12:39:12.130,EGLD/USDT:USDT,16.37,157.0,16.36,759.0,16.39,169.0,16.4,1901.0
1753533552238,12:39:12.238,EGLD/USDT:USDT,16.37,157.0,16.36,911.0,16.39,169.0,16.4,1813.0
1753533552255,12:39:12.255,EGLD/USDT:USDT,16.37,157.0,16.36,911.0,16.39,169.0,16.4,1813.0
1753533553344,12:39:13.344,EGLD/USDT:USDT,16.37,157.0,16.36,911.0,16.39,169.0,16.4,1813.0
1753533554627,12:39:14.627,EGLD/USDT:USDT,16.37,157.0,16.36,911.0,16.39,169.0,16.4,1813.0
1753533555230,12:39:15.230,EGLD/USDT:USDT,16.37,157.0,16.36,759.0,16.39,169.0,16.4,1813.0
1753533556629,12:39:16.629,EGLD/USDT:USDT,16.38,55.0,16.37,157.0,16.39,157.0,16.4,1825.0
1753533556664,12:39:16.664,EGLD/USDT:USDT,16.38,55.0,16.37,157.0,16.39,157.0,16.4,1825.0
1753533556925,12:39:16.925,EGLD/USDT:USDT,16.38,55.0,16.37,157.0,16.39,157.0,16.4,1825.0
1753533557286,12:39:17.286,EGLD/USDT:USDT,16.38,55.0,16.37,157.0,16.39,157.0,16.4,1825.0
1753533557740,12:39:17.740,EGLD/USDT:USDT,16.37,157.0,16.36,362.0,16.39,321.0,16.4,1661.0
1753533557750,12:39:17.750,EGLD/USDT:USDT,16.37,157.0,16.36,362.0,16.39,321.0,16.4,1661.0
1753533557909,12:39:17.909,EGLD/USDT:USDT,16.37,157.0,16.36,628.0,16.39,321.0,16.4,1661.0
1753533558027,12:39:18.027,EGLD/USDT:USDT,16.37,157.0,16.36,628.0,16.39,169.0,16.4,1813.0
1753533558153,12:39:18.153,EGLD/USDT:USDT,16.37,157.0,16.36,628.0,16.39,169.0,16.4,1813.0
1753533558344,12:39:18.344,EGLD/USDT:USDT,16.37,157.0,16.36,628.0,16.39,169.0,16.4,1813.0
1753533558933,12:39:18.933,EGLD/USDT:USDT,16.37,157.0,16.36,628.0,16.39,169.0,16.4,1813.0
1753533559395,12:39:19.395,EGLD/USDT:USDT,16.37,157.0,16.36,628.0,16.39,169.0,16.4,1813.0
1753533559621,12:39:19.621,EGLD/USDT:USDT,16.37,157.0,16.36,780.0,16.39,169.0,16.4,1813.0
1753533562606,12:39:22.606,EGLD/USDT:USDT,16.37,157.0,16.36,780.0,16.39,169.0,16.4,1813.0
1753533564032,12:39:24.032,EGLD/USDT:USDT,16.37,157.0,16.36,628.0,16.39,169.0,16.4,1813.0
1753533564209,12:39:24.209,EGLD/USDT:USDT,16.37,157.0,16.36,628.0,16.39,169.0,16.4,1813.0
1753533564441,12:39:24.441,EGLD/USDT:USDT,16.37,157.0,16.36,628.0,16.39,169.0,16.4,1813.0
1753533564493,12:39:24.493,EGLD/USDT:USDT,16.37,157.0,16.36,628.0,16.39,169.0,16.4,1813.0
1753533566698,12:39:26.698,EGLD/USDT:USDT,16.37,157.0,16.36,628.0,16.39,169.0,16.4,1813.0
1753533568416,12:39:28.416,EGLD/USDT:USDT,16.37,157.0,16.36,628.0,16.39,169.0,16.4,1813.0
1753533568620,12:39:28.620,EGLD/USDT:USDT,16.37,157.0,16.36,628.0,16.39,169.0,16.4,1813.0
1753533568991,12:39:28.991,EGLD/USDT:USDT,16.37,157.0,16.36,628.0,16.39,169.0,16.4,1813.0
1753533570663,12:39:30.663,EGLD/USDT:USDT,16.37,157.0,16.36,780.0,16.39,169.0,16.4,1813.0
1753533570976,12:39:30.976,EGLD/USDT:USDT,16.37,157.0,16.36,628.0,16.39,169.0,16.4,1813.0
1753533573791,12:39:33.791,EGLD/USDT:USDT,16.37,157.0,16.36,628.0,16.39,169.0,16.4,1813.0
1753533578662,12:39:38.662,EGLD/USDT:USDT,16.37,157.0,16.36,628.0,16.39,321.0,16.4,1661.0
1753533580818,12:39:40.818,EGLD/USDT:USDT,16.37,157.0,16.36,628.0,16.39,169.0,16.4,1813.0
1753533581740,12:39:41.740,EGLD/USDT:USDT,16.37,157.0,16.36,628.0,16.39,169.0,16.4,1813.0
1753533581934,12:39:41.934,EGLD/USDT:USDT,16.37,157.0,16.36,628.0,16.39,169.0,16.4,1813.0
1753533582080,12:39:42.080,EGLD/USDT:USDT,16.37,157.0,16.36,628.0,16.39,169.0,16.4,1813.0
1753533583119,12:39:43.119,EGLD/USDT:USDT,16.37,157.0,16.36,628.0,16.39,169.0,16.4,1813.0
1753533583168,12:39:43.168,EGLD/USDT:USDT,16.37,157.0,16.36,628.0,16.39,169.0,16.4,1813.0
1753533583421,12:39:43.421,EGLD/USDT:USDT,16.37,157.0,16.36,628.0,16.39,321.0,16.4,1661.0
1753533583532,12:39:43.532,EGLD/USDT:USDT,16.37,157.0,16.36,628.0,16.39,169.0,16.4,1813.0
1753533583643,12:39:43.643,EGLD/USDT:USDT,16.37,157.0,16.36,628.0,16.39,169.0,16.4,1813.0
1753533583745,12:39:43.745,EGLD/USDT:USDT,16.37,157.0,16.36,628.0,16.39,169.0,16.4,1813.0
1753533583837,12:39:43.837,EGLD/USDT:USDT,16.37,157.0,16.36,628.0,16.39,321.0,16.4,1661.0
1753533583868,12:39:43.868,EGLD/USDT:USDT,16.37,157.0,16.36,628.0,16.39,169.0,16.4,1813.0
1753533584038,12:39:44.038,EGLD/USDT:USDT,16.37,157.0,16.36,628.0,16.39,169.0,16.4,1813.0
1753533584140,12:39:44.140,EGLD/USDT:USDT,16.37,157.0,16.36,628.0,16.39,169.0,16.4,1813.0
1753533584231,12:39:44.231,EGLD/USDT:USDT,16.37,157.0,16.36,628.0,16.39,169.0,16.4,1813.0
1753533584727,12:39:44.727,EGLD/USDT:USDT,16.37,157.0,16.36,628.0,16.39,169.0,16.4,1813.0
1753533586046,12:39:46.046,EGLD/USDT:USDT,16.37,157.0,16.36,628.0,16.39,169.0,16.4,1661.0
1753533586055,12:39:46.055,EGLD/USDT:USDT,16.37,157.0,16.36,628.0,16.39,169.0,16.4,1813.0
1753533586318,12:39:46.318,EGLD/USDT:USDT,16.37,157.0,16.36,628.0,16.39,169.0,16.4,1813.0
1753533586733,12:39:46.733,EGLD/USDT:USDT,16.37,157.0,16.36,628.0,16.39,169.0,16.4,1813.0
1753533587067,12:39:47.067,EGLD/USDT:USDT,16.37,157.0,16.36,628.0,16.39,169.0,16.4,1813.0
1753533587239,12:39:47.239,EGLD/USDT:USDT,16.37,157.0,16.36,628.0,16.39,169.0,16.4,1813.0
1753533587593,12:39:47.593,EGLD/USDT:USDT,16.37,157.0,16.36,628.0,16.39,169.0,16.4,1813.0
1753533588244,12:39:48.244,EGLD/USDT:USDT,16.37,157.0,16.36,628.0,16.39,321.0,16.4,1661.0
1753533588327,12:39:48.327,EGLD/USDT:USDT,16.37,157.0,16.36,628.0,16.39,321.0,16.4,1661.0
1753533588382,12:39:48.382,EGLD/USDT:USDT,16.37,157.0,16.36,628.0,16.38,57.0,16.39,321.0
1753533588566,12:39:48.566,EGLD/USDT:USDT,16.37,157.0,16.36,628.0,16.38,57.0,16.39,321.0
1753533590801,12:39:50.801,EGLD/USDT:USDT,16.37,157.0,16.36,628.0,16.38,57.0,16.39,321.0
1753533591205,12:39:51.205,EGLD/USDT:USDT,16.37,157.0,16.36,628.0,16.38,57.0,16.39,321.0
1753533592336,12:39:52.336,EGLD/USDT:USDT,16.36,628.0,16.35,2864.0,16.38,57.0,16.39,321.0
1753533592366,12:39:52.366,EGLD/USDT:USDT,16.36,628.0,16.35,2864.0,16.38,69.0,16.39,309.0
1753533592624,12:39:52.624,EGLD/USDT:USDT,16.36,628.0,16.35,2864.0,16.38,69.0,16.39,309.0
1753533594006,12:39:54.006,EGLD/USDT:USDT,16.36,628.0,16.35,2712.0,16.38,69.0,16.39,309.0
1753533594101,12:39:54.101,EGLD/USDT:USDT,16.36,628.0,16.35,2712.0,16.38,69.0,16.39,309.0
1753533595046,12:39:55.046,EGLD/USDT:USDT,16.36,628.0,16.35,2272.0,16.38,169.0,16.39,734.0
1753533595089,12:39:55.089,EGLD/USDT:USDT,16.36,628.0,16.35,2272.0,16.38,169.0,16.39,734.0
1753533595601,12:39:55.601,EGLD/USDT:USDT,16.36,628.0,16.35,2272.0,16.38,169.0,16.39,734.0
1753533597763,12:39:57.763,EGLD/USDT:USDT,16.36,628.0,16.35,2424.0,16.38,169.0,16.39,734.0
1753533598583,12:39:58.583,EGLD/USDT:USDT,16.36,628.0,16.35,2272.0,16.38,169.0,16.39,734.0
1753533598743,12:39:58.743,EGLD/USDT:USDT,16.37,55.0,16.36,628.0,16.38,157.0,16.39,746.0
1753533598771,12:39:58.771,EGLD/USDT:USDT,16.37,55.0,16.36,628.0,16.38,57.0,16.39,746.0
1753533599759,12:39:59.759,EGLD/USDT:USDT,16.37,55.0,16.36,628.0,16.38,57.0,16.39,746.0
1753533600402,12:40:00.402,EGLD/USDT:USDT,16.37,55.0,16.36,628.0,16.38,57.0,16.39,746.0
1753533601635,12:40:01.635,EGLD/USDT:USDT,16.37,55.0,16.36,628.0,16.38,57.0,16.39,321.0
1753533602696,12:40:02.696,EGLD/USDT:USDT,16.37,55.0,16.36,628.0,16.39,321.0,16.4,1746.0
1753533602938,12:40:02.938,EGLD/USDT:USDT,16.37,155.0,16.36,628.0,16.38,54.0,16.39,321.0
1753533603932,12:40:03.932,EGLD/USDT:USDT,16.37,155.0,16.36,628.0,16.38,54.0,16.39,321.0
1753533604070,12:40:04.070,EGLD/USDT:USDT,16.37,155.0,16.36,628.0,16.39,321.0,16.4,1425.0
1753533604229,12:40:04.229,EGLD/USDT:USDT,16.37,155.0,16.36,628.0,16.39,169.0,16.4,1492.0
1753533604414,12:40:04.414,EGLD/USDT:USDT,16.37,155.0,16.36,628.0,16.39,169.0,16.4,1492.0
1753533604465,12:40:04.465,EGLD/USDT:USDT,16.37,155.0,16.36,628.0,16.39,169.0,16.4,516.0
1753533604634,12:40:04.634,EGLD/USDT:USDT,16.37,155.0,16.36,628.0,16.39,169.0,16.4,516.0
1753533604901,12:40:04.901,EGLD/USDT:USDT,16.37,155.0,16.36,628.0,16.39,169.0,16.4,516.0
1753533605224,12:40:05.224,EGLD/USDT:USDT,16.37,155.0,16.36,628.0,16.39,169.0,16.4,516.0
1753533605372,12:40:05.372,EGLD/USDT:USDT,16.37,155.0,16.36,628.0,16.39,169.0,16.4,516.0
1753533605589,12:40:05.589,EGLD/USDT:USDT,16.37,155.0,16.36,628.0,16.39,169.0,16.4,516.0
1753533606722,12:40:06.722,EGLD/USDT:USDT,16.37,155.0,16.36,628.0,16.39,169.0,16.4,516.0
1753533608234,12:40:08.234,EGLD/USDT:USDT,16.37,155.0,16.36,628.0,16.39,169.0,16.4,516.0
1753533609541,12:40:09.541,EGLD/USDT:USDT,16.37,155.0,16.36,628.0,16.39,321.0,16.4,364.0
1753533609581,12:40:09.581,EGLD/USDT:USDT,16.37,155.0,16.36,628.0,16.39,169.0,16.4,516.0
1753533609834,12:40:09.834,EGLD/USDT:USDT,16.37,155.0,16.36,628.0,16.39,321.0,16.4,364.0
1753533609926,12:40:09.926,EGLD/USDT:USDT,16.37,155.0,16.36,628.0,16.39,169.0,16.4,516.0
1753533610001,12:40:10.001,EGLD/USDT:USDT,16.37,155.0,16.36,628.0,16.39,169.0,16.4,516.0
1753533610067,12:40:10.067,EGLD/USDT:USDT,16.37,155.0,16.36,628.0,16.39,321.0,16.4,364.0
1753533610188,12:40:10.188,EGLD/USDT:USDT,16.37,155.0,16.36,628.0,16.39,169.0,16.4,516.0
1753533612004,12:40:12.004,EGLD/USDT:USDT,16.37,155.0,16.36,628.0,16.39,169.0,16.4,516.0
1753533612650,12:40:12.650,EGLD/USDT:USDT,16.37,155.0,16.36,628.0,16.39,169.0,16.4,516.0
1753533614225,12:40:14.225,EGLD/USDT:USDT,16.37,155.0,16.36,628.0,16.39,169.0,16.4,516.0
1753533614484,12:40:14.484,EGLD/USDT:USDT,16.37,155.0,16.36,628.0,16.39,169.0,16.4,837.0
1753533619499,12:40:19.499,EGLD/USDT:USDT,16.37,155.0,16.36,628.0,16.39,169.0,16.4,628.0
1753533619551,12:40:19.551,EGLD/USDT:USDT,16.37,155.0,16.36,818.0,16.39,169.0,16.4,837.0
1753533620438,12:40:20.438,EGLD/USDT:USDT,16.37,155.0,16.36,818.0,16.39,169.0,16.4,837.0
1753533621410,12:40:21.410,EGLD/USDT:USDT,16.37,155.0,16.36,818.0,16.39,169.0,16.4,837.0
1753533622038,12:40:22.038,EGLD/USDT:USDT,16.37,155.0,16.36,818.0,16.39,169.0,16.4,837.0
1753533624407,12:40:24.407,EGLD/USDT:USDT,16.37,155.0,16.36,818.0,16.39,321.0,16.4,685.0
1753533624529,12:40:24.529,EGLD/USDT:USDT,16.37,155.0,16.36,818.0,16.39,321.0,16.4,685.0
1753533625478,12:40:25.478,EGLD/USDT:USDT,16.37,155.0,16.36,818.0,16.39,321.0,16.4,685.0
1753533626739,12:40:26.739,EGLD/USDT:USDT,16.37,155.0,16.36,818.0,16.39,321.0,16.4,685.0
1753533627799,12:40:27.799,EGLD/USDT:USDT,16.37,155.0,16.36,818.0,16.38,55.0,16.39,321.0
1753533628152,12:40:28.152,EGLD/USDT:USDT,16.37,155.0,16.36,1318.0,16.38,55.0,16.39,321.0
1753533628367,12:40:28.367,EGLD/USDT:USDT,16.37,409.0,16.36,1318.0,16.39,321.0,16.4,685.0
1753533628502,12:40:28.502,EGLD/USDT:USDT,16.37,409.0,16.36,1318.0,16.39,321.0,16.4,761.0
1753533628701,12:40:28.701,EGLD/USDT:USDT,16.37,409.0,16.36,1318.0,16.39,321.0,16.4,761.0
1753533629808,12:40:29.808,EGLD/USDT:USDT,16.38,55.0,16.37,409.0,16.39,157.0,16.4,925.0
1753533629917,12:40:29.917,EGLD/USDT:USDT,16.38,55.0,16.37,409.0,16.39,157.0,16.4,925.0
1753533630370,12:40:30.370,EGLD/USDT:USDT,16.38,55.0,16.37,409.0,16.39,157.0,16.4,925.0
1753533631802,12:40:31.802,EGLD/USDT:USDT,16.38,55.0,16.37,409.0,16.39,157.0,16.4,925.0
1753533633705,12:40:33.705,EGLD/USDT:USDT,16.38,55.0,16.37,409.0,16.39,57.0,16.4,925.0
1753533633909,12:40:33.909,EGLD/USDT:USDT,16.38,55.0,16.37,409.0,16.39,57.0,16.4,925.0
1753533636602,12:40:36.602,EGLD/USDT:USDT,16.38,55.0,16.37,409.0,16.39,57.0,16.4,925.0
1753533640039,12:40:40.039,EGLD/USDT:USDT,16.37,409.0,16.36,1318.0,16.39,57.0,16.4,925.0
1753533640124,12:40:40.124,EGLD/USDT:USDT,16.38,57.0,16.37,409.0,16.39,69.0,16.4,913.0
1753533640161,12:40:40.161,EGLD/USDT:USDT,16.38,57.0,16.37,409.0,16.39,57.0,16.4,925.0
1753533640393,12:40:40.393,EGLD/USDT:USDT,16.38,57.0,16.37,409.0,16.39,57.0,16.4,925.0
1753533641403,12:40:41.403,EGLD/USDT:USDT,16.38,57.0,16.37,409.0,16.39,57.0,16.4,925.0
1753533641609,12:40:41.609,EGLD/USDT:USDT,16.38,57.0,16.37,409.0,16.39,57.0,16.4,925.0
1753533641701,12:40:41.701,EGLD/USDT:USDT,16.37,409.0,16.36,1318.0,16.39,69.0,16.4,913.0
1753533642032,12:40:42.032,EGLD/USDT:USDT,16.37,409.0,16.36,1318.0,16.39,69.0,16.4,913.0
1753533642073,12:40:42.073,EGLD/USDT:USDT,16.37,409.0,16.36,1318.0,16.39,69.0,16.4,913.0
1753533642722,12:40:42.722,EGLD/USDT:USDT,16.37,409.0,16.36,1318.0,16.39,69.0,16.4,913.0
1753533642821,12:40:42.821,EGLD/USDT:USDT,16.38,57.0,16.37,409.0,16.39,69.0,16.4,913.0
1753533642850,12:40:42.850,EGLD/USDT:USDT,16.38,57.0,16.37,409.0,16.39,57.0,16.4,925.0
1753533646202,12:40:46.202,EGLD/USDT:USDT,16.38,57.0,16.37,409.0,16.39,57.0,16.4,925.0
1753533646479,12:40:46.479,EGLD/USDT:USDT,16.38,57.0,16.37,409.0,16.39,57.0,16.4,925.0
1753533647825,12:40:47.825,EGLD/USDT:USDT,16.38,57.0,16.37,409.0,16.39,57.0,16.4,1246.0
1753533651003,12:40:51.003,EGLD/USDT:USDT,16.38,57.0,16.37,409.0,16.39,57.0,16.4,1246.0
1753533654113,12:40:54.113,EGLD/USDT:USDT,16.38,57.0,16.37,409.0,16.39,57.0,16.4,1246.0
1753533655802,12:40:55.802,EGLD/USDT:USDT,16.38,57.0,16.37,409.0,16.39,57.0,16.4,1246.0
1753533657844,12:40:57.844,EGLD/USDT:USDT,16.38,57.0,16.37,409.0,16.39,57.0,16.4,1246.0
1753533658729,12:40:58.729,EGLD/USDT:USDT,16.38,57.0,16.37,409.0,16.39,57.0,16.4,1246.0
1753533659080,12:40:59.080,EGLD/USDT:USDT,16.38,57.0,16.37,409.0,16.39,57.0,16.4,528.0
1753533659537,12:40:59.537,EGLD/USDT:USDT,16.38,57.0,16.37,409.0,16.39,57.0,16.4,528.0
1753533659643,12:40:59.643,EGLD/USDT:USDT,16.38,57.0,16.37,409.0,16.4,528.0,16.41,2408.0
1753533659748,12:40:59.748,EGLD/USDT:USDT,16.38,57.0,16.37,409.0,16.39,56.0,16.4,528.0
1753533660603,12:41:00.603,EGLD/USDT:USDT,16.38,57.0,16.37,409.0,16.39,56.0,16.4,528.0
1753533660700,12:41:00.700,EGLD/USDT:USDT,16.38,57.0,16.37,409.0,16.4,528.0,16.41,2408.0
1753533661784,12:41:01.784,EGLD/USDT:USDT,16.38,57.0,16.37,409.0,16.4,528.0,16.41,2408.0
1753533662257,12:41:02.257,EGLD/USDT:USDT,16.38,57.0,16.37,409.0,16.39,56.0,16.4,528.0
1753533665404,12:41:05.404,EGLD/USDT:USDT,16.38,57.0,16.37,409.0,16.39,56.0,16.4,528.0
1753533666801,12:41:06.801,EGLD/USDT:USDT,16.37,409.0,16.36,1405.0,16.39,68.0,16.4,516.0
1753533667321,12:41:07.321,EGLD/USDT:USDT,16.38,56.0,16.37,409.0,16.39,56.0,16.4,528.0
1753533667456,12:41:07.456,EGLD/USDT:USDT,16.38,56.0,16.37,409.0,16.39,56.0,16.4,528.0
1753533668759,12:41:08.759,EGLD/USDT:USDT,16.38,56.0,16.37,409.0,16.39,56.0,16.4,528.0
1753533669075,12:41:09.075,EGLD/USDT:USDT,16.38,56.0,16.37,409.0,16.39,56.0,16.4,528.0
1753533670204,12:41:10.204,EGLD/USDT:USDT,16.38,56.0,16.37,409.0,16.39,56.0,16.4,528.0
1753533670273,12:41:10.273,EGLD/USDT:USDT,16.38,56.0,16.37,409.0,16.39,56.0,16.4,528.0
1753533671439,12:41:11.439,EGLD/USDT:USDT,16.38,56.0,16.37,409.0,16.39,56.0,16.4,528.0
1753533672129,12:41:12.129,EGLD/USDT:USDT,16.38,56.0,16.37,409.0,16.39,56.0,16.4,528.0
1753533672761,12:41:12.761,EGLD/USDT:USDT,16.38,56.0,16.37,409.0,16.39,56.0,16.4,528.0
1753533675304,12:41:15.304,EGLD/USDT:USDT,16.38,56.0,16.37,409.0,16.39,56.0,16.4,528.0
1753533677389,12:41:17.389,EGLD/USDT:USDT,16.38,56.0,16.37,409.0,16.39,56.0,16.4,528.0
1753533677465,12:41:17.465,EGLD/USDT:USDT,16.38,56.0,16.37,409.0,16.39,56.0,16.4,528.0
1753533677762,12:41:17.762,EGLD/USDT:USDT,16.38,56.0,16.37,409.0,16.39,56.0,16.4,528.0
1753533680189,12:41:20.189,EGLD/USDT:USDT,16.37,285.0,16.36,791.0,16.39,68.0,16.4,837.0
1753533682003,12:41:22.003,EGLD/USDT:USDT,16.37,285.0,16.36,791.0,16.39,68.0,16.4,837.0
1753533682712,12:41:22.712,EGLD/USDT:USDT,16.37,285.0,16.36,791.0,16.39,68.0,16.4,837.0
1753533683860,12:41:23.860,EGLD/USDT:USDT,16.37,285.0,16.36,791.0,16.39,68.0,16.4,837.0
1753533686774,12:41:26.774,EGLD/USDT:USDT,16.37,285.0,16.36,791.0,16.39,68.0,16.4,837.0
1753533686961,12:41:26.961,EGLD/USDT:USDT,16.38,55.0,16.37,285.0,16.39,56.0,16.4,849.0
1753533687203,12:41:27.203,EGLD/USDT:USDT,16.38,55.0,16.37,285.0,16.39,56.0,16.4,849.0
1753533687297,12:41:27.297,EGLD/USDT:USDT,16.38,55.0,16.37,285.0,16.39,56.0,16.4,849.0
1753533688035,12:41:28.035,EGLD/USDT:USDT,16.38,55.0,16.37,285.0,16.39,56.0,16.4,849.0
1753533688111,12:41:28.111,EGLD/USDT:USDT,16.38,55.0,16.37,285.0,16.39,56.0,16.4,849.0
1753533688423,12:41:28.423,EGLD/USDT:USDT,16.38,55.0,16.37,285.0,16.39,56.0,16.4,849.0
1753533689032,12:41:29.032,EGLD/USDT:USDT,16.38,55.0,16.37,285.0,16.39,56.0,16.4,849.0
1753533689049,12:41:29.049,EGLD/USDT:USDT,16.38,55.0,16.37,438.0,16.39,56.0,16.4,849.0
1753533689269,12:41:29.269,EGLD/USDT:USDT,16.38,55.0,16.37,438.0,16.39,56.0,16.4,849.0
1753533693409,12:41:33.409,EGLD/USDT:USDT,16.38,55.0,16.37,438.0,16.39,56.0,16.4,849.0
1753533694461,12:41:34.461,EGLD/USDT:USDT,16.38,55.0,16.37,438.0,16.39,56.0,16.4,528.0
1753533698204,12:41:38.204,EGLD/USDT:USDT,16.38,55.0,16.37,438.0,16.39,56.0,16.4,528.0
1753533700533,12:41:40.533,EGLD/USDT:USDT,16.38,55.0,16.37,438.0,16.4,528.0,16.41,1369.0
1753533700589,12:41:40.589,EGLD/USDT:USDT,16.38,55.0,16.37,438.0,16.39,54.0,16.4,528.0
1753533700713,12:41:40.713,EGLD/USDT:USDT,16.38,55.0,16.37,438.0,16.39,54.0,16.4,528.0
1753533702630,12:41:42.630,EGLD/USDT:USDT,16.38,55.0,16.37,438.0,16.4,528.0,16.41,1369.0
1753533702743,12:41:42.743,EGLD/USDT:USDT,16.38,55.0,16.37,438.0,16.4,376.0,16.41,1372.0
1753533702945,12:41:42.945,EGLD/USDT:USDT,16.38,55.0,16.37,438.0,16.4,528.0,16.41,1220.0
1753533703007,12:41:43.007,EGLD/USDT:USDT,16.38,55.0,16.37,438.0,16.4,319.0,16.41,1429.0
1753533703511,12:41:43.511,EGLD/USDT:USDT,16.38,55.0,16.37,438.0,16.4,319.0,16.41,1429.0
1753533703597,12:41:43.597,EGLD/USDT:USDT,16.38,55.0,16.37,438.0,16.39,54.0,16.4,319.0
1753533706593,12:41:46.593,EGLD/USDT:USDT,16.38,55.0,16.37,438.0,16.4,319.0,16.41,1429.0
1753533707114,12:41:47.114,EGLD/USDT:USDT,16.38,55.0,16.37,438.0,16.39,54.0,16.4,391.0
1753533707589,12:41:47.589,EGLD/USDT:USDT,16.38,55.0,16.37,438.0,16.39,54.0,16.4,319.0
1753533707805,12:41:47.805,EGLD/USDT:USDT,16.38,55.0,16.37,438.0,16.39,54.0,16.4,319.0
1753533712605,12:41:52.605,EGLD/USDT:USDT,16.38,55.0,16.37,438.0,16.39,54.0,16.4,319.0
1753533712735,12:41:52.735,EGLD/USDT:USDT,16.38,55.0,16.37,438.0,16.39,54.0,16.4,319.0
1753533716360,12:41:56.360,EGLD/USDT:USDT,16.38,55.0,16.37,438.0,16.39,54.0,16.4,319.0
1753533717409,12:41:57.409,EGLD/USDT:USDT,16.38,55.0,16.37,438.0,16.39,54.0,16.4,319.0
1753533718245,12:41:58.245,EGLD/USDT:USDT,16.37,438.0,16.36,1444.0,16.39,54.0,16.4,319.0
1753533718276,12:41:58.276,EGLD/USDT:USDT,16.37,438.0,16.36,1292.0,16.39,66.0,16.4,307.0
1753533718634,12:41:58.634,EGLD/USDT:USDT,16.37,438.0,16.36,1292.0,16.39,66.0,16.4,307.0
1753533719066,12:41:59.066,EGLD/USDT:USDT,16.37,438.0,16.36,1292.0,16.39,66.0,16.4,307.0
1753533720989,12:42:00.989,EGLD/USDT:USDT,16.37,435.0,16.36,1292.0,16.39,66.0,16.4,307.0
1753533721593,12:42:01.593,EGLD/USDT:USDT,16.37,435.0,16.36,1292.0,16.39,166.0,16.4,307.0
1753533721809,12:42:01.809,EGLD/USDT:USDT,16.37,435.0,16.36,1292.0,16.39,166.0,16.4,307.0
1753533722035,12:42:02.035,EGLD/USDT:USDT,16.37,435.0,16.36,1292.0,16.39,166.0,16.4,307.0
1753533722205,12:42:02.205,EGLD/USDT:USDT,16.37,435.0,16.36,1292.0,16.39,166.0,16.4,307.0
1753533722960,12:42:02.960,EGLD/USDT:USDT,16.37,155.0,16.36,793.0,16.38,54.0,16.39,318.0
1753533723103,12:42:03.103,EGLD/USDT:USDT,16.37,155.0,16.36,793.0,16.38,54.0,16.39,318.0
1753533723526,12:42:03.526,EGLD/USDT:USDT,16.37,155.0,16.36,793.0,16.38,54.0,16.39,318.0
1753533723613,12:42:03.613,EGLD/USDT:USDT,16.37,285.0,16.36,793.0,16.39,318.0,16.4,155.0
1753533723742,12:42:03.742,EGLD/USDT:USDT,16.37,155.0,16.36,793.0,16.38,54.0,16.39,318.0
1753533726044,12:42:06.044,EGLD/USDT:USDT,16.37,285.0,16.36,793.0,16.39,318.0,16.4,571.0
1753533727010,12:42:07.010,EGLD/USDT:USDT,16.37,285.0,16.36,793.0,16.39,318.0,16.4,571.0
1753533727063,12:42:07.063,EGLD/USDT:USDT,16.37,155.0,16.36,793.0,16.38,54.0,16.39,318.0
1753533727154,12:42:07.154,EGLD/USDT:USDT,16.37,155.0,16.36,793.0,16.38,54.0,16.39,318.0
1753533727567,12:42:07.567,EGLD/USDT:USDT,16.37,155.0,16.36,793.0,16.38,54.0,16.39,318.0
1753533728094,12:42:08.094,EGLD/USDT:USDT,16.37,285.0,16.36,793.0,16.39,318.0,16.4,571.0
1753533729215,12:42:09.215,EGLD/USDT:USDT,16.38,54.0,16.37,285.0,16.39,154.0,16.4,735.0
1753533730149,12:42:10.149,EGLD/USDT:USDT,16.38,54.0,16.37,285.0,16.39,154.0,16.4,735.0
1753533731804,12:42:11.804,EGLD/USDT:USDT,16.38,54.0,16.37,285.0,16.39,154.0,16.4,735.0
1753533735424,12:42:15.424,EGLD/USDT:USDT,16.37,285.0,16.36,793.0,16.39,166.0,16.4,723.0
1753533735893,12:42:15.893,EGLD/USDT:USDT,16.38,54.0,16.37,465.0,16.39,154.0,16.4,735.0
1753533736017,12:42:16.017,EGLD/USDT:USDT,16.38,54.0,16.37,465.0,16.39,154.0,16.4,735.0
1753533736605,12:42:16.605,EGLD/USDT:USDT,16.38,54.0,16.37,465.0,16.39,154.0,16.4,735.0
1753533736832,12:42:16.832,EGLD/USDT:USDT,16.38,54.0,16.37,465.0,16.39,154.0,16.4,735.0
1753533738144,12:42:18.144,EGLD/USDT:USDT,16.38,54.0,16.37,465.0,16.4,319.0,16.41,2107.0
1753533738213,12:42:18.213,EGLD/USDT:USDT,16.38,54.0,16.37,465.0,16.4,319.0,16.41,2428.0
1753533738641,12:42:18.641,EGLD/USDT:USDT,16.38,54.0,16.37,465.0,16.39,54.0,16.4,319.0
1753533740580,12:42:20.580,EGLD/USDT:USDT,16.38,54.0,16.37,465.0,16.4,319.0,16.41,2428.0
1753533741410,12:42:21.410,EGLD/USDT:USDT,16.38,54.0,16.37,465.0,16.4,319.0,16.41,1750.0
1753533742804,12:42:22.804,EGLD/USDT:USDT,16.38,54.0,16.37,465.0,16.39,57.0,16.4,319.0
1753533746123,12:42:26.123,EGLD/USDT:USDT,16.38,54.0,16.37,465.0,16.4,167.0,16.41,1750.0
1753533746199,12:42:26.199,EGLD/USDT:USDT,16.38,54.0,16.37,465.0,16.4,319.0,16.41,1750.0
1753533746379,12:42:26.379,EGLD/USDT:USDT,16.38,54.0,16.37,465.0,16.4,167.0,16.41,1902.0
1753533746566,12:42:26.566,EGLD/USDT:USDT,16.38,54.0,16.37,465.0,16.4,167.0,16.41,1902.0
1753533746796,12:42:26.796,EGLD/USDT:USDT,16.38,54.0,16.37,465.0,16.4,167.0,16.41,1902.0
1753533748728,12:42:28.728,EGLD/USDT:USDT,16.38,54.0,16.37,465.0,16.4,167.0,16.41,1902.0
1753533750741,12:42:30.741,EGLD/USDT:USDT,16.38,54.0,16.37,465.0,16.4,167.0,16.41,1902.0
1753533750801,12:42:30.801,EGLD/USDT:USDT,16.38,54.0,16.37,465.0,16.4,167.0,16.41,1902.0
1753533750861,12:42:30.861,EGLD/USDT:USDT,16.38,54.0,16.37,465.0,16.4,167.0,16.41,1902.0
1753533751211,12:42:31.211,EGLD/USDT:USDT,16.38,54.0,16.37,465.0,16.4,167.0,16.41,1902.0
1753533752916,12:42:32.916,EGLD/USDT:USDT,16.38,54.0,16.37,465.0,16.4,167.0,16.41,1902.0
1753533755143,12:42:35.143,EGLD/USDT:USDT,16.38,54.0,16.37,465.0,16.39,54.0,16.4,319.0
1753533755149,12:42:35.149,EGLD/USDT:USDT,16.38,54.0,16.37,285.0,16.39,54.0,16.4,319.0
1753533755281,12:42:35.281,EGLD/USDT:USDT,16.38,54.0,16.37,762.0,16.4,319.0,16.41,1429.0
1753533755494,12:42:35.494,EGLD/USDT:USDT,16.38,54.0,16.37,762.0,16.39,54.0,16.4,319.0
1753533756006,12:42:36.006,EGLD/USDT:USDT,16.38,54.0,16.37,762.0,16.39,54.0,16.4,319.0
1753533756911,12:42:36.911,EGLD/USDT:USDT,16.38,54.0,16.37,762.0,16.39,54.0,16.4,319.0
1753533759108,12:42:39.108,EGLD/USDT:USDT,16.38,54.0,16.37,762.0,16.39,54.0,16.4,319.0
1753533760737,12:42:40.737,EGLD/USDT:USDT,16.38,54.0,16.37,762.0,16.39,54.0,16.4,319.0
1753533760829,12:42:40.829,EGLD/USDT:USDT,16.38,54.0,16.37,515.0,16.39,54.0,16.4,319.0
1753533760849,12:42:40.849,EGLD/USDT:USDT,16.38,54.0,16.37,515.0,16.39,54.0,16.4,319.0
1753533762367,12:42:42.367,EGLD/USDT:USDT,16.38,54.0,16.37,515.0,16.39,54.0,16.4,319.0
1753533762962,12:42:42.962,EGLD/USDT:USDT,16.38,54.0,16.37,515.0,16.39,54.0,16.4,319.0
1753533765609,12:42:45.609,EGLD/USDT:USDT,16.38,54.0,16.37,676.0,16.39,54.0,16.4,319.0
1753533775900,12:42:55.900,EGLD/USDT:USDT,16.38,54.0,16.37,676.0,16.4,319.0,16.41,1220.0
1753533776709,12:42:56.709,EGLD/USDT:USDT,16.38,54.0,16.37,676.0,16.4,319.0,16.41,1220.0
1753533777952,12:42:57.952,EGLD/USDT:USDT,16.38,54.0,16.37,676.0,16.39,54.0,16.4,319.0
1753533779678,12:42:59.678,EGLD/USDT:USDT,16.38,54.0,16.37,676.0,16.4,319.0,16.41,1220.0
1753533780580,12:43:00.580,EGLD/USDT:USDT,16.38,54.0,16.37,676.0,16.39,54.0,16.4,319.0
1753533781903,12:43:01.903,EGLD/USDT:USDT,16.38,54.0,16.37,676.0,16.4,319.0,16.41,1220.0
1753533782746,12:43:02.746,EGLD/USDT:USDT,16.38,54.0,16.37,676.0,16.4,319.0,16.41,1220.0
1753533782767,12:43:02.767,EGLD/USDT:USDT,16.38,54.0,16.37,676.0,16.4,319.0,16.41,1220.0
1753533783982,12:43:03.982,EGLD/USDT:USDT,16.38,54.0,16.37,676.0,16.4,319.0,16.41,1429.0
1753533784278,12:43:04.278,EGLD/USDT:USDT,16.38,54.0,16.37,676.0,16.4,167.0,16.41,1581.0
1753533784458,12:43:04.458,EGLD/USDT:USDT,16.38,54.0,16.37,676.0,16.4,167.0,16.41,1581.0
1753533784749,12:43:04.749,EGLD/USDT:USDT,16.38,54.0,16.37,676.0,16.4,167.0,16.41,1581.0
1753533785120,12:43:05.120,EGLD/USDT:USDT,16.38,54.0,16.37,676.0,16.4,167.0,16.41,1581.0
1753533785422,12:43:05.422,EGLD/USDT:USDT,16.38,54.0,16.37,676.0,16.4,167.0,16.41,1581.0
1753533785591,12:43:05.591,EGLD/USDT:USDT,16.38,54.0,16.37,676.0,16.4,167.0,16.41,1493.0
1753533787948,12:43:07.948,EGLD/USDT:USDT,16.38,54.0,16.37,676.0,16.4,167.0,16.41,1493.0
1753533788821,12:43:08.821,EGLD/USDT:USDT,16.38,54.0,16.37,676.0,16.4,167.0,16.41,1493.0
1753533789006,12:43:09.006,EGLD/USDT:USDT,16.38,54.0,16.37,676.0,16.4,167.0,16.41,1493.0
1753533793807,12:43:13.807,EGLD/USDT:USDT,16.38,54.0,16.37,676.0,16.4,167.0,16.41,1493.0
1753533797507,12:43:17.507,EGLD/USDT:USDT,16.38,54.0,16.37,676.0,16.4,167.0,16.41,1814.0
1753533798025,12:43:18.025,EGLD/USDT:USDT,16.39,57.0,16.38,54.0,16.4,155.0,16.41,1826.0
1753533798140,12:43:18.140,EGLD/USDT:USDT,16.38,54.0,16.37,676.0,16.4,167.0,16.41,1814.0
1753533798630,12:43:18.630,EGLD/USDT:USDT,16.38,54.0,16.37,676.0,16.4,167.0,16.41,1814.0
1753533801323,12:43:21.323,EGLD/USDT:USDT,16.38,54.0,16.37,676.0,16.4,167.0,16.41,1814.0
1753533803406,12:43:23.406,EGLD/USDT:USDT,16.38,54.0,16.37,676.0,16.4,167.0,16.41,1814.0
1753533808229,12:43:28.229,EGLD/USDT:USDT,16.38,54.0,16.37,676.0,16.4,167.0,16.41,1814.0
1753533810609,12:43:30.609,EGLD/USDT:USDT,16.38,54.0,16.37,676.0,16.4,167.0,16.41,1493.0
1753533811642,12:43:31.642,EGLD/USDT:USDT,16.38,54.0,16.37,676.0,16.4,167.0,16.41,1493.0
1753533811917,12:43:31.917,EGLD/USDT:USDT,16.38,54.0,16.37,676.0,16.4,167.0,16.41,1493.0
1753533812081,12:43:32.081,EGLD/USDT:USDT,16.38,54.0,16.37,676.0,16.4,167.0,16.41,1493.0
1753533814518,12:43:34.518,EGLD/USDT:USDT,16.38,54.0,16.37,676.0,16.4,167.0,16.41,1493.0
1753533815183,12:43:35.183,EGLD/USDT:USDT,16.38,54.0,16.37,676.0,16.4,167.0,16.41,1493.0
1753533817439,12:43:37.439,EGLD/USDT:USDT,16.38,54.0,16.37,1176.0,16.4,167.0,16.41,1493.0
1753533817460,12:43:37.460,EGLD/USDT:USDT,16.39,56.0,16.38,251.0,16.4,155.0,16.41,1826.0
1753533817676,12:43:37.676,EGLD/USDT:USDT,16.39,56.0,16.38,251.0,16.4,155.0,16.41,1826.0
1753533818657,12:43:38.657,EGLD/USDT:USDT,16.39,56.0,16.38,251.0,16.4,155.0,16.41,1826.0
1753533821208,12:43:41.208,EGLD/USDT:USDT,16.39,56.0,16.38,251.0,16.4,155.0,16.41,1826.0
1753533824612,12:43:44.612,EGLD/USDT:USDT,16.39,56.0,16.38,251.0,16.4,155.0,16.41,1826.0
1753533826009,12:43:46.009,EGLD/USDT:USDT,16.39,56.0,16.38,251.0,16.4,155.0,16.41,1826.0
1753533828339,12:43:48.339,EGLD/USDT:USDT,16.39,56.0,16.38,251.0,16.4,55.0,16.41,1826.0
1753533828437,12:43:48.437,EGLD/USDT:USDT,16.39,56.0,16.38,251.0,16.4,55.0,16.41,1505.0
1753533828487,12:43:48.487,EGLD/USDT:USDT,16.39,56.0,16.38,251.0,16.4,55.0,16.41,1505.0
1753533830829,12:43:50.829,EGLD/USDT:USDT,16.39,56.0,16.38,251.0,16.4,55.0,16.41,1505.0
1753533831443,12:43:51.443,EGLD/USDT:USDT,16.39,56.0,16.38,251.0,16.4,55.0,16.41,1505.0
1753533835607,12:43:55.607,EGLD/USDT:USDT,16.39,56.0,16.38,251.0,16.4,55.0,16.41,1505.0
1753533836439,12:43:56.439,EGLD/USDT:USDT,16.39,56.0,16.38,251.0,16.4,55.0,16.41,1505.0
1753533837604,12:43:57.604,EGLD/USDT:USDT,16.39,56.0,16.38,251.0,16.4,55.0,16.41,1505.0
1753533840429,12:44:00.429,EGLD/USDT:USDT,16.39,56.0,16.38,251.0,16.4,55.0,16.41,1505.0
1753533842414,12:44:02.414,EGLD/USDT:USDT,16.39,56.0,16.38,251.0,16.4,55.0,16.41,1505.0
1753533843053,12:44:03.053,EGLD/USDT:USDT,16.39,56.0,16.38,251.0,16.4,55.0,16.41,1505.0
1753533844470,12:44:04.470,EGLD/USDT:USDT,16.39,56.0,16.38,251.0,16.4,55.0,16.41,1505.0
1753533844581,12:44:04.581,EGLD/USDT:USDT,16.39,56.0,16.38,251.0,16.4,55.0,16.41,1505.0
1753533844702,12:44:04.702,EGLD/USDT:USDT,16.39,56.0,16.38,251.0,16.4,55.0,16.41,1505.0
1753533845229,12:44:05.229,EGLD/USDT:USDT,16.39,56.0,16.38,251.0,16.4,55.0,16.41,1505.0
1753533845583,12:44:05.583,EGLD/USDT:USDT,16.39,56.0,16.38,251.0,16.4,55.0,16.41,1505.0
1753533845887,12:44:05.887,EGLD/USDT:USDT,16.39,56.0,16.38,251.0,16.4,55.0,16.41,1505.0
1753533846209,12:44:06.209,EGLD/USDT:USDT,16.39,56.0,16.38,251.0,16.4,55.0,16.41,1505.0
1753533846726,12:44:06.726,EGLD/USDT:USDT,16.39,56.0,16.38,251.0,16.4,55.0,16.41,1505.0
1753533846798,12:44:06.798,EGLD/USDT:USDT,16.39,56.0,16.38,251.0,16.4,55.0,16.41,1505.0
1753533846869,12:44:06.869,EGLD/USDT:USDT,16.39,56.0,16.38,251.0,16.4,55.0,16.41,1505.0
1753533847102,12:44:07.102,EGLD/USDT:USDT,16.39,56.0,16.38,251.0,16.4,55.0,16.41,1505.0
1753533847194,12:44:07.194,EGLD/USDT:USDT,16.39,56.0,16.38,251.0,16.4,55.0,16.41,1505.0
1753533847608,12:44:07.608,EGLD/USDT:USDT,16.39,56.0,16.38,251.0,16.4,55.0,16.41,1505.0
1753533847993,12:44:07.993,EGLD/USDT:USDT,16.39,56.0,16.38,251.0,16.4,57.0,16.41,1505.0
1753533848144,12:44:08.144,EGLD/USDT:USDT,16.39,56.0,16.38,251.0,16.4,57.0,16.41,1505.0
1753533849944,12:44:09.944,EGLD/USDT:USDT,16.39,56.0,16.38,251.0,16.4,57.0,16.41,1505.0
1753533850608,12:44:10.608,EGLD/USDT:USDT,16.39,56.0,16.38,251.0,16.4,57.0,16.41,1505.0
1753533851174,12:44:11.174,EGLD/USDT:USDT,16.39,56.0,16.38,251.0,16.4,1.0,16.41,1505.0
1753533851301,12:44:11.301,EGLD/USDT:USDT,16.39,56.0,16.38,251.0,16.4,1.0,16.41,1505.0
1753533852048,12:44:12.048,EGLD/USDT:USDT,16.39,56.0,16.38,251.0,16.4,1.0,16.41,529.0
1753533852818,12:44:12.818,EGLD/USDT:USDT,16.39,56.0,16.38,251.0,16.4,1.0,16.41,529.0
1753533853110,12:44:13.110,EGLD/USDT:USDT,16.39,56.0,16.38,237.0,16.4,57.0,16.41,529.0
1753533855408,12:44:15.408,EGLD/USDT:USDT,16.39,56.0,16.38,237.0,16.4,57.0,16.41,529.0
1753533855498,12:44:15.498,EGLD/USDT:USDT,16.39,56.0,16.38,237.0,16.4,57.0,16.41,529.0
1753533857292,12:44:17.292,EGLD/USDT:USDT,16.39,56.0,16.38,237.0,16.4,1.0,16.41,529.0
1753533857406,12:44:17.406,EGLD/USDT:USDT,16.39,56.0,16.38,237.0,16.4,1.0,16.41,529.0
1753533858245,12:44:18.245,EGLD/USDT:USDT,16.39,56.0,16.38,237.0,16.4,1.0,16.41,529.0
1753533858310,12:44:18.310,EGLD/USDT:USDT,16.39,56.0,16.38,912.0,16.4,1.0,16.41,377.0
1753533858721,12:44:18.721,EGLD/USDT:USDT,16.39,56.0,16.38,912.0,16.4,1.0,16.41,377.0
1753533859338,12:44:19.338,EGLD/USDT:USDT,16.39,56.0,16.38,912.0,16.4,1.0,16.41,377.0
1753533859709,12:44:19.709,EGLD/USDT:USDT,16.39,56.0,16.38,1214.0,16.4,1.0,16.41,377.0
1753533859769,12:44:19.769,EGLD/USDT:USDT,16.39,56.0,16.38,588.0,16.4,1.0,16.41,377.0
1753533860208,12:44:20.208,EGLD/USDT:USDT,16.39,56.0,16.38,588.0,16.4,1.0,16.41,377.0
1753533864737,12:44:24.737,EGLD/USDT:USDT,16.39,56.0,16.38,588.0,16.4,1.0,16.41,377.0
1753533865009,12:44:25.009,EGLD/USDT:USDT,16.39,56.0,16.38,588.0,16.4,1.0,16.41,377.0
1753533865314,12:44:25.314,EGLD/USDT:USDT,16.39,56.0,16.38,1088.0,16.4,1.0,16.41,377.0
1753533866384,12:44:26.384,EGLD/USDT:USDT,16.39,56.0,16.38,1088.0,16.4,1.0,16.41,377.0
1753533866864,12:44:26.864,EGLD/USDT:USDT,16.39,56.0,16.38,1088.0,16.4,1.0,16.41,529.0
1753533868345,12:44:28.345,EGLD/USDT:USDT,16.39,56.0,16.38,1088.0,16.4,1.0,16.41,377.0
1753533868375,12:44:28.375,EGLD/USDT:USDT,16.39,56.0,16.38,1088.0,16.4,1.0,16.41,529.0
1753533868638,12:44:28.638,EGLD/USDT:USDT,16.39,56.0,16.38,1088.0,16.4,1.0,16.41,529.0
1753533868982,12:44:28.982,EGLD/USDT:USDT,16.39,56.0,16.38,1088.0,16.4,1.0,16.41,529.0
1753533869104,12:44:29.104,EGLD/USDT:USDT,16.39,56.0,16.38,1088.0,16.4,1.0,16.41,529.0
1753533869808,12:44:29.808,EGLD/USDT:USDT,16.39,56.0,16.38,1088.0,16.4,1.0,16.41,529.0
1753533870718,12:44:30.718,EGLD/USDT:USDT,16.39,56.0,16.38,1088.0,16.4,57.0,16.41,529.0
1753533871941,12:44:31.941,EGLD/USDT:USDT,16.39,56.0,16.38,1088.0,16.4,1.0,16.41,529.0
1753533873568,12:44:33.568,EGLD/USDT:USDT,16.39,56.0,16.38,1088.0,16.4,57.0,16.41,529.0
1753533874399,12:44:34.399,EGLD/USDT:USDT,16.39,56.0,16.38,1088.0,16.4,57.0,16.41,529.0
1753533874609,12:44:34.609,EGLD/USDT:USDT,16.39,56.0,16.38,1088.0,16.4,57.0,16.41,529.0
1753533876688,12:44:36.688,EGLD/USDT:USDT,16.39,56.0,16.38,1088.0,16.4,1.0,16.41,529.0
1753533876764,12:44:36.764,EGLD/USDT:USDT,16.39,56.0,16.38,1088.0,16.4,1.0,16.41,529.0
1753533877061,12:44:37.061,EGLD/USDT:USDT,16.39,56.0,16.38,1088.0,16.4,1.0,16.41,529.0
1753533877620,12:44:37.620,EGLD/USDT:USDT,16.39,56.0,16.38,1088.0,16.4,1.0,16.41,529.0
1753533878486,12:44:38.486,EGLD/USDT:USDT,16.39,56.0,16.38,1088.0,16.4,1.0,16.41,320.0
1753533879409,12:44:39.409,EGLD/USDT:USDT,16.39,56.0,16.38,1088.0,16.4,1.0,16.41,320.0
1753533879452,12:44:39.452,EGLD/USDT:USDT,16.39,56.0,16.38,1088.0,16.4,1.0,16.41,320.0
1753533880423,12:44:40.423,EGLD/USDT:USDT,16.39,56.0,16.38,1088.0,16.4,1.0,16.41,320.0
1753533880770,12:44:40.770,EGLD/USDT:USDT,16.39,56.0,16.38,1088.0,16.4,57.0,16.41,320.0
1753533880942,12:44:40.942,EGLD/USDT:USDT,16.39,56.0,16.38,1088.0,16.4,1.0,16.41,320.0
1753533881290,12:44:41.290,EGLD/USDT:USDT,16.39,56.0,16.38,1088.0,16.4,57.0,16.41,320.0
1753533884208,12:44:44.208,EGLD/USDT:USDT,16.39,56.0,16.38,1088.0,16.4,57.0,16.41,320.0
1753533884616,12:44:44.616,EGLD/USDT:USDT,16.39,56.0,16.38,588.0,16.4,57.0,16.41,320.0
1753533884649,12:44:44.649,EGLD/USDT:USDT,16.39,56.0,16.38,588.0,16.4,57.0,16.41,320.0
1753533884844,12:44:44.844,EGLD/USDT:USDT,16.39,56.0,16.38,800.0,16.4,1.0,16.41,320.0
1753533884896,12:44:44.896,EGLD/USDT:USDT,16.39,56.0,16.38,800.0,16.4,57.0,16.41,320.0
1753533886810,12:44:46.810,EGLD/USDT:USDT,16.39,56.0,16.38,800.0,16.4,1.0,16.41,320.0
1753533887822,12:44:47.822,EGLD/USDT:USDT,16.39,56.0,16.38,800.0,16.4,57.0,16.41,320.0
1753533889029,12:44:49.029,EGLD/USDT:USDT,16.39,56.0,16.38,800.0,16.4,57.0,16.41,320.0
1753533893086,12:44:53.086,EGLD/USDT:USDT,16.39,56.0,16.38,800.0,16.4,57.0,16.41,320.0
1753533893209,12:44:53.209,EGLD/USDT:USDT,16.39,56.0,16.38,800.0,16.4,57.0,16.41,320.0
1753533894877,12:44:54.877,EGLD/USDT:USDT,16.39,56.0,16.38,800.0,16.4,1.0,16.41,320.0
1753533895001,12:44:55.001,EGLD/USDT:USDT,16.39,56.0,16.38,800.0,16.4,57.0,16.41,320.0
1753533896417,12:44:56.417,EGLD/USDT:USDT,16.39,56.0,16.38,800.0,16.4,57.0,16.41,320.0
1753533901441,12:45:01.441,EGLD/USDT:USDT,16.39,56.0,16.38,800.0,16.4,57.0,16.41,320.0
1753533901461,12:45:01.461,EGLD/USDT:USDT,16.39,56.0,16.38,1088.0,16.4,57.0,16.41,320.0
1753533906517,12:45:06.517,EGLD/USDT:USDT,16.39,56.0,16.38,1088.0,16.4,57.0,16.41,320.0
1753533906552,12:45:06.552,EGLD/USDT:USDT,16.39,56.0,16.38,1088.0,16.4,57.0,16.41,320.0
1753533907086,12:45:07.086,EGLD/USDT:USDT,16.39,56.0,16.38,1088.0,16.4,1.0,16.41,320.0
1753533907237,12:45:07.237,EGLD/USDT:USDT,16.39,56.0,16.38,1088.0,16.4,1.0,16.41,168.0
1753533907329,12:45:07.329,EGLD/USDT:USDT,16.39,56.0,16.38,1088.0,16.4,1.0,16.41,168.0
1753533907838,12:45:07.838,EGLD/USDT:USDT,16.39,56.0,16.38,1088.0,16.4,1.0,16.41,320.0
1753533908113,12:45:08.113,EGLD/USDT:USDT,16.39,56.0,16.38,1088.0,16.4,1.0,16.41,168.0
1753533908233,12:45:08.233,EGLD/USDT:USDT,16.39,56.0,16.38,1088.0,16.4,56.0,16.41,320.0
1753533913327,12:45:13.327,EGLD/USDT:USDT,16.39,56.0,16.38,1088.0,16.4,56.0,16.41,320.0
1753533913351,12:45:13.351,EGLD/USDT:USDT,16.39,56.0,16.38,1088.0,16.4,56.0,16.41,320.0
1753533918368,12:45:18.368,EGLD/USDT:USDT,16.39,56.0,16.38,1088.0,16.4,56.0,16.41,320.0
1753533918451,12:45:18.451,EGLD/USDT:USDT,16.39,56.0,16.38,1088.0,16.4,56.0,16.41,320.0
1753533919239,12:45:19.239,EGLD/USDT:USDT,16.39,56.0,16.38,1088.0,16.4,55.0,16.41,320.0
1753533920613,12:45:20.613,EGLD/USDT:USDT,16.39,56.0,16.38,1088.0,16.4,1.0,16.41,320.0
1753533920654,12:45:20.654,EGLD/USDT:USDT,16.39,56.0,16.38,1088.0,16.4,1.0,16.41,168.0
1753533923494,12:45:23.494,EGLD/USDT:USDT,16.39,56.0,16.38,1088.0,16.4,57.0,16.41,168.0
1753533923640,12:45:23.640,EGLD/USDT:USDT,16.39,56.0,16.38,1088.0,16.4,57.0,16.41,320.0
1753533927223,12:45:27.223,EGLD/USDT:USDT,16.39,56.0,16.38,1088.0,16.4,69.0,16.41,308.0
1753533927301,12:45:27.301,EGLD/USDT:USDT,16.39,56.0,16.38,588.0,16.4,57.0,16.41,320.0
1753533930631,12:45:30.631,EGLD/USDT:USDT,16.39,56.0,16.38,588.0,16.4,57.0,16.41,320.0
1753533931142,12:45:31.142,EGLD/USDT:USDT,16.39,56.0,16.38,588.0,16.4,1.0,16.41,320.0
1753533931233,12:45:31.233,EGLD/USDT:USDT,16.39,56.0,16.38,812.0,16.4,1.0,16.41,168.0
1753533931317,12:45:31.317,EGLD/USDT:USDT,16.39,56.0,16.38,812.0,16.4,1.0,16.41,168.0
1753533931670,12:45:31.670,EGLD/USDT:USDT,16.39,56.0,16.38,812.0,16.4,1.0,16.41,168.0
1753533932118,12:45:32.118,EGLD/USDT:USDT,16.39,56.0,16.38,812.0,16.4,1.0,16.41,168.0
1753533932742,12:45:32.742,EGLD/USDT:USDT,16.39,56.0,16.38,812.0,16.4,1.0,16.41,320.0
1753533932784,12:45:32.784,EGLD/USDT:USDT,16.39,56.0,16.38,812.0,16.4,1.0,16.41,168.0
1753533932905,12:45:32.905,EGLD/USDT:USDT,16.39,56.0,16.38,1312.0,16.4,1.0,16.41,168.0
1753533933645,12:45:33.645,EGLD/USDT:USDT,16.39,56.0,16.38,1312.0,16.4,1.0,16.41,320.0
1753533933797,12:45:33.797,EGLD/USDT:USDT,16.39,56.0,16.38,1312.0,16.4,1.0,16.41,168.0
1753533934616,12:45:34.616,EGLD/USDT:USDT,16.39,56.0,16.38,1312.0,16.4,1.0,16.41,320.0
1753533935043,12:45:35.043,EGLD/USDT:USDT,16.39,56.0,16.38,1312.0,16.4,1.0,16.41,168.0
1753533935410,12:45:35.410,EGLD/USDT:USDT,16.39,56.0,16.38,1312.0,16.4,1.0,16.41,168.0
1753533940083,12:45:40.083,EGLD/USDT:USDT,16.39,56.0,16.38,588.0,16.4,1.0,16.41,168.0
1753533940210,12:45:40.210,EGLD/USDT:USDT,16.39,56.0,16.38,588.0,16.4,1.0,16.41,168.0
1753533940517,12:45:40.517,EGLD/USDT:USDT,16.39,56.0,16.38,1088.0,16.4,1.0,16.41,168.0
1753533940799,12:45:40.799,EGLD/USDT:USDT,16.39,56.0,16.38,1088.0,16.4,1.0,16.41,168.0
1753533945010,12:45:45.010,EGLD/USDT:USDT,16.39,56.0,16.38,1088.0,16.4,1.0,16.41,168.0
1753533946043,12:45:46.043,EGLD/USDT:USDT,16.39,56.0,16.38,1088.0,16.4,1.0,16.41,168.0
1753533948159,12:45:48.159,EGLD/USDT:USDT,16.39,56.0,16.38,1088.0,16.4,1.0,16.41,168.0
1753533948250,12:45:48.250,EGLD/USDT:USDT,16.39,56.0,16.38,1088.0,16.4,57.0,16.41,168.0
1753533948791,12:45:48.791,EGLD/USDT:USDT,16.39,56.0,16.38,1088.0,16.4,1.0,16.41,168.0
1753533949811,12:45:49.811,EGLD/USDT:USDT,16.39,56.0,16.38,1088.0,16.4,1.0,16.41,168.0
1753533950164,12:45:50.164,EGLD/USDT:USDT,16.39,56.0,16.38,1088.0,16.4,1.0,16.41,168.0
1753533950278,12:45:50.278,EGLD/USDT:USDT,16.39,56.0,16.38,1088.0,16.4,1.0,16.41,168.0
1753533954610,12:45:54.610,EGLD/USDT:USDT,16.39,56.0,16.38,1088.0,16.4,1.0,16.41,168.0
