timestamp,time,symbol,bid1_price,bid1_volume,bid2_price,bid2_volume,ask1_price,ask1_volume,ask2_price,ask2_volume
1753533020000,12:30:20.000,BERA/USDT:USDT,2.194,1291.0,2.193,4149.0,2.197,2526.0,2.198,1490.0
1753533021618,12:30:21.618,BERA/USDT:USDT,2.194,1291.0,2.193,4149.0,2.197,2526.0,2.198,1490.0
1753533023893,12:30:23.893,BERA/USDT:USDT,2.194,1291.0,2.193,4149.0,2.196,202.0,2.197,2526.0
1753533024173,12:30:24.173,BERA/USDT:USDT,2.194,1291.0,2.193,4149.0,2.196,202.0,2.197,2526.0
1753533024602,12:30:24.602,BERA/USDT:USDT,2.194,1291.0,2.193,4149.0,2.196,202.0,2.197,2526.0
1753533026420,12:30:26.420,BERA/USDT:USDT,2.194,1291.0,2.193,4149.0,2.196,202.0,2.197,2526.0
1753533029257,12:30:29.257,BERA/USDT:USDT,2.194,1291.0,2.193,4149.0,2.196,202.0,2.197,2526.0
1753533029690,12:30:29.690,BERA/USDT:USDT,2.194,1291.0,2.193,4149.0,2.196,202.0,2.197,2526.0
1753533030028,12:30:30.028,BERA/USDT:USDT,2.194,1291.0,2.193,4149.0,2.196,202.0,2.197,2526.0
1753533030113,12:30:30.113,BERA/USDT:USDT,2.194,1291.0,2.193,4149.0,2.196,202.0,2.197,2526.0
1753533030364,12:30:30.364,BERA/USDT:USDT,2.194,1291.0,2.193,4149.0,2.196,202.0,2.197,2526.0
1753533031225,12:30:31.225,BERA/USDT:USDT,2.194,1291.0,2.193,4149.0,2.196,202.0,2.197,2526.0
1753533031970,12:30:31.970,BERA/USDT:USDT,2.194,1291.0,2.193,4149.0,2.196,202.0,2.197,2526.0
1753533031997,12:30:31.997,BERA/USDT:USDT,2.194,1291.0,2.193,4149.0,2.196,202.0,2.197,2526.0
1753533034060,12:30:34.060,BERA/USDT:USDT,2.194,1291.0,2.193,6186.0,2.196,779.0,2.197,2526.0
1753533034103,12:30:34.103,BERA/USDT:USDT,2.194,1091.0,2.193,5820.0,2.196,779.0,2.197,2526.0
1753533034185,12:30:34.185,BERA/USDT:USDT,2.194,1274.0,2.193,5820.0,2.196,779.0,2.197,2526.0
1753533034356,12:30:34.356,BERA/USDT:USDT,2.194,1091.0,2.193,4139.0,2.196,779.0,2.197,2536.0
1753533034387,12:30:34.387,BERA/USDT:USDT,2.194,1091.0,2.193,4139.0,2.196,779.0,2.197,2536.0
1753533035981,12:30:35.981,BERA/USDT:USDT,2.194,1291.0,2.193,4139.0,2.196,779.0,2.197,2536.0
1753533036019,12:30:36.019,BERA/USDT:USDT,2.194,1291.0,2.193,4139.0,2.196,779.0,2.197,2536.0
1753533036649,12:30:36.649,BERA/USDT:USDT,2.194,1291.0,2.193,4139.0,2.196,202.0,2.197,2526.0
1753533038027,12:30:38.027,BERA/USDT:USDT,2.194,1291.0,2.193,4139.0,2.196,202.0,2.197,2526.0
1753533038364,12:30:38.364,BERA/USDT:USDT,2.194,1291.0,2.193,4139.0,2.196,202.0,2.197,2526.0
1753533038969,12:30:38.969,BERA/USDT:USDT,2.194,1291.0,2.193,3773.0,2.196,202.0,2.197,2526.0
1753533039029,12:30:39.029,BERA/USDT:USDT,2.194,1291.0,2.193,4139.0,2.196,793.0,2.197,2526.0
1753533039185,12:30:39.185,BERA/USDT:USDT,2.194,1291.0,2.193,4139.0,2.196,793.0,2.197,2526.0
1753533039630,12:30:39.630,BERA/USDT:USDT,2.194,1291.0,2.193,6176.0,2.196,793.0,2.197,2526.0
1753533040819,12:30:40.819,BERA/USDT:USDT,2.194,1291.0,2.193,6176.0,2.196,793.0,2.197,2526.0
1753533045620,12:30:45.620,BERA/USDT:USDT,2.194,1291.0,2.193,6176.0,2.196,793.0,2.197,2526.0
1753533045720,12:30:45.720,BERA/USDT:USDT,2.194,1291.0,2.193,6176.0,2.196,793.0,2.197,2526.0
1753533048616,12:30:48.616,BERA/USDT:USDT,2.194,1291.0,2.193,6176.0,2.196,793.0,2.197,2526.0
1753533049260,12:30:49.260,BERA/USDT:USDT,2.194,1291.0,2.193,6176.0,2.196,793.0,2.197,2526.0
1753533049321,12:30:49.321,BERA/USDT:USDT,2.194,1924.0,2.193,6176.0,2.197,2526.0,2.198,1500.0
1753533049385,12:30:49.385,BERA/USDT:USDT,2.194,1924.0,2.193,6176.0,2.197,2526.0,2.198,1500.0
1753533049696,12:30:49.696,BERA/USDT:USDT,2.194,1924.0,2.193,6176.0,2.197,2526.0,2.198,1500.0
1753533050025,12:30:50.025,BERA/USDT:USDT,2.194,1924.0,2.193,5920.0,2.197,2526.0,2.198,1500.0
1753533050424,12:30:50.424,BERA/USDT:USDT,2.194,1924.0,2.193,5920.0,2.197,2526.0,2.198,1500.0
1753533050623,12:30:50.623,BERA/USDT:USDT,2.194,1924.0,2.193,5920.0,2.197,2526.0,2.198,1500.0
1753533055225,12:30:55.225,BERA/USDT:USDT,2.194,1924.0,2.193,5920.0,2.197,2526.0,2.198,1189.0
1753533055982,12:30:55.982,BERA/USDT:USDT,2.194,1924.0,2.193,5920.0,2.197,2526.0,2.198,1189.0
1753533060023,12:31:00.023,BERA/USDT:USDT,2.194,1924.0,2.193,5920.0,2.197,2526.0,2.198,1189.0
1753533060659,12:31:00.659,BERA/USDT:USDT,2.194,1924.0,2.193,5920.0,2.197,2526.0,2.198,1189.0
1753533060965,12:31:00.965,BERA/USDT:USDT,2.193,883.0,2.192,3198.0,2.195,366.0,2.196,1548.0
1753533061077,12:31:01.077,BERA/USDT:USDT,2.193,1758.0,2.192,3198.0,2.195,204.0,2.196,1548.0
1753533061150,12:31:01.150,BERA/USDT:USDT,2.193,1760.0,2.192,3198.0,2.195,574.0,2.196,1548.0
1753533061273,12:31:01.273,BERA/USDT:USDT,2.193,1760.0,2.192,3198.0,2.195,574.0,2.196,1548.0
1753533061326,12:31:01.326,BERA/USDT:USDT,2.193,920.0,2.192,4346.0,2.195,574.0,2.196,1548.0
1753533061476,12:31:01.476,BERA/USDT:USDT,2.193,920.0,2.192,4346.0,2.195,1722.0,2.196,1254.0
1753533061542,12:31:01.542,BERA/USDT:USDT,2.193,920.0,2.192,4346.0,2.195,1722.0,2.196,1254.0
1753533061628,12:31:01.628,BERA/USDT:USDT,2.193,920.0,2.192,4346.0,2.195,1722.0,2.196,1254.0
1753533061704,12:31:01.704,BERA/USDT:USDT,2.193,1120.0,2.192,4346.0,2.195,1722.0,2.196,1254.0
1753533062024,12:31:02.024,BERA/USDT:USDT,2.193,1120.0,2.192,4346.0,2.195,1722.0,2.196,1254.0
1753533062566,12:31:02.566,BERA/USDT:USDT,2.193,1122.0,2.192,4346.0,2.195,1722.0,2.196,1254.0
1753533062661,12:31:02.661,BERA/USDT:USDT,2.193,1120.0,2.192,3614.0,2.195,1722.0,2.196,1254.0
1753533062874,12:31:02.874,BERA/USDT:USDT,2.193,1120.0,2.192,3614.0,2.195,574.0,2.196,2402.0
1753533062956,12:31:02.956,BERA/USDT:USDT,2.193,1122.0,2.192,3614.0,2.195,574.0,2.196,2402.0
1753533063060,12:31:03.060,BERA/USDT:USDT,2.193,1120.0,2.192,3614.0,2.195,574.0,2.196,2402.0
1753533063220,12:31:03.220,BERA/USDT:USDT,2.193,1122.0,2.192,3614.0,2.195,574.0,2.196,2402.0
1753533063772,12:31:03.772,BERA/USDT:USDT,2.193,1122.0,2.192,3614.0,2.195,570.0,2.196,2402.0
1753533065200,12:31:05.200,BERA/USDT:USDT,2.193,1122.0,2.192,3614.0,2.195,570.0,2.196,2402.0
1753533065650,12:31:05.650,BERA/USDT:USDT,2.193,1122.0,2.192,3614.0,2.195,570.0,2.196,2402.0
1753533065829,12:31:05.829,BERA/USDT:USDT,2.193,1122.0,2.192,3614.0,2.195,570.0,2.196,2402.0
1753533066820,12:31:06.820,BERA/USDT:USDT,2.193,1122.0,2.192,3614.0,2.195,570.0,2.196,2402.0
1753533067406,12:31:07.406,BERA/USDT:USDT,2.193,1122.0,2.192,3614.0,2.195,366.0,2.196,2402.0
1753533067868,12:31:07.868,BERA/USDT:USDT,2.193,1122.0,2.192,3614.0,2.195,366.0,2.196,2402.0
1753533067885,12:31:07.885,BERA/USDT:USDT,2.193,1122.0,2.192,3614.0,2.195,366.0,2.196,2402.0
1753533068004,12:31:08.004,BERA/USDT:USDT,2.193,1122.0,2.192,3614.0,2.195,366.0,2.196,2402.0
1753533070436,12:31:10.436,BERA/USDT:USDT,2.193,1122.0,2.192,3614.0,2.195,366.0,2.196,2402.0
1753533072549,12:31:12.549,BERA/USDT:USDT,2.193,1983.0,2.192,5823.0,2.195,366.0,2.196,2402.0
1753533072779,12:31:12.779,BERA/USDT:USDT,2.193,1983.0,2.192,2823.0,2.195,366.0,2.196,2402.0
1753533072866,12:31:12.866,BERA/USDT:USDT,2.193,1122.0,2.192,2823.0,2.195,366.0,2.196,2420.0
1753533073076,12:31:13.076,BERA/USDT:USDT,2.193,1122.0,2.192,2823.0,2.195,366.0,2.196,2109.0
1753533073085,12:31:13.085,BERA/USDT:USDT,2.193,1122.0,2.192,2643.0,2.195,366.0,2.196,2238.0
1753533073565,12:31:13.565,BERA/USDT:USDT,2.193,1122.0,2.192,2843.0,2.195,366.0,2.196,2238.0
1753533075236,12:31:15.236,BERA/USDT:USDT,2.193,1122.0,2.192,2843.0,2.195,366.0,2.196,2238.0
1753533077978,12:31:17.978,BERA/USDT:USDT,2.194,199.0,2.193,1122.0,2.195,366.0,2.196,1852.0
1753533078076,12:31:18.076,BERA/USDT:USDT,2.194,200.0,2.193,1120.0,2.195,366.0,2.196,2068.0
1753533078175,12:31:18.175,BERA/USDT:USDT,2.194,209.0,2.193,1109.0,2.196,2237.0,2.197,1955.0
1753533078205,12:31:18.205,BERA/USDT:USDT,2.194,209.0,2.193,2030.0,2.196,2548.0,2.197,1644.0
1753533078538,12:31:18.538,BERA/USDT:USDT,2.194,200.0,2.193,2039.0,2.195,366.0,2.196,2557.0
1753533078663,12:31:18.663,BERA/USDT:USDT,2.194,204.0,2.193,2039.0,2.195,366.0,2.196,2557.0
1753533079041,12:31:19.041,BERA/USDT:USDT,2.194,204.0,2.193,2039.0,2.195,366.0,2.196,2557.0
1753533080036,12:31:20.036,BERA/USDT:USDT,2.194,204.0,2.193,2039.0,2.195,366.0,2.196,2557.0
1753533080117,12:31:20.117,BERA/USDT:USDT,2.194,202.0,2.193,2039.0,2.195,366.0,2.196,2557.0
1753533080386,12:31:20.386,BERA/USDT:USDT,2.194,204.0,2.193,2039.0,2.195,366.0,2.196,2557.0
1753533080956,12:31:20.956,BERA/USDT:USDT,2.194,4.0,2.193,2039.0,2.195,366.0,2.196,2557.0
1753533081162,12:31:21.162,BERA/USDT:USDT,2.194,2.0,2.193,2039.0,2.195,366.0,2.196,2557.0
1753533081218,12:31:21.218,BERA/USDT:USDT,2.193,2039.0,2.192,6030.0,2.195,366.0,2.196,2557.0
1753533082464,12:31:22.464,BERA/USDT:USDT,2.193,2039.0,2.192,6030.0,2.195,366.0,2.196,2557.0
1753533082498,12:31:22.498,BERA/USDT:USDT,2.193,2039.0,2.192,6030.0,2.195,366.0,2.196,2557.0
1753533084837,12:31:24.837,BERA/USDT:USDT,2.193,2039.0,2.192,6030.0,2.195,366.0,2.196,2557.0
1753533089079,12:31:29.079,BERA/USDT:USDT,2.193,2039.0,2.192,6030.0,2.195,366.0,2.196,2557.0
1753533089638,12:31:29.638,BERA/USDT:USDT,2.193,2039.0,2.192,6030.0,2.195,366.0,2.196,2557.0
1753533092779,12:31:32.779,BERA/USDT:USDT,2.193,2039.0,2.192,6030.0,2.195,366.0,2.196,2557.0
1753533093159,12:31:33.159,BERA/USDT:USDT,2.193,2039.0,2.192,6030.0,2.195,366.0,2.196,2557.0
1753533093978,12:31:33.978,BERA/USDT:USDT,2.194,413.0,2.193,2303.0,2.196,806.0,2.197,1634.0
1753533094065,12:31:34.065,BERA/USDT:USDT,2.194,741.0,2.193,3489.0,2.196,1642.0,2.197,1637.0
1753533094437,12:31:34.437,BERA/USDT:USDT,2.194,741.0,2.193,3489.0,2.196,1642.0,2.197,1637.0
1753533094940,12:31:34.940,BERA/USDT:USDT,2.194,741.0,2.193,3489.0,2.196,1369.0,2.197,1637.0
1753533095016,12:31:35.016,BERA/USDT:USDT,2.194,741.0,2.193,3489.0,2.196,1369.0,2.197,1637.0
1753533095724,12:31:35.724,BERA/USDT:USDT,2.194,1888.0,2.193,2568.0,2.196,222.0,2.197,2784.0
1753533095824,12:31:35.824,BERA/USDT:USDT,2.194,1888.0,2.193,2568.0,2.196,222.0,2.197,2473.0
1753533096042,12:31:36.042,BERA/USDT:USDT,2.194,1888.0,2.193,2568.0,2.196,222.0,2.197,2473.0
1753533097511,12:31:37.511,BERA/USDT:USDT,2.194,1888.0,2.193,2934.0,2.196,18.0,2.197,2473.0
1753533098125,12:31:38.125,BERA/USDT:USDT,2.194,1888.0,2.193,3267.0,2.196,18.0,2.197,2473.0
1753533099201,12:31:39.201,BERA/USDT:USDT,2.194,1888.0,2.193,3267.0,2.196,18.0,2.197,2473.0
1753533100245,12:31:40.245,BERA/USDT:USDT,2.194,1888.0,2.193,3267.0,2.196,18.0,2.197,2473.0
1753533100650,12:31:40.650,BERA/USDT:USDT,2.194,1888.0,2.193,3267.0,2.196,18.0,2.197,2473.0
1753533100746,12:31:40.746,BERA/USDT:USDT,2.194,1888.0,2.193,3267.0,2.196,18.0,2.197,2473.0
1753533101331,12:31:41.331,BERA/USDT:USDT,2.194,1888.0,2.193,3267.0,2.196,18.0,2.197,2473.0
1753533104365,12:31:44.365,BERA/USDT:USDT,2.194,1888.0,2.193,5334.0,2.196,18.0,2.197,2473.0
1753533104390,12:31:44.390,BERA/USDT:USDT,2.194,2577.0,2.193,5334.0,2.196,18.0,2.197,2473.0
1753533104558,12:31:44.558,BERA/USDT:USDT,2.194,2587.0,2.193,5344.0,2.196,18.0,2.197,2473.0
1753533104885,12:31:44.885,BERA/USDT:USDT,2.194,2587.0,2.193,5344.0,2.196,18.0,2.197,2473.0
1753533105037,12:31:45.037,BERA/USDT:USDT,2.194,2587.0,2.193,5344.0,2.196,18.0,2.197,2473.0
1753533105680,12:31:45.680,BERA/USDT:USDT,2.195,410.0,2.194,2587.0,2.197,1326.0,2.198,2307.0
1753533105759,12:31:45.759,BERA/USDT:USDT,2.195,619.0,2.194,2578.0,2.197,1317.0,2.198,2334.0
1753533105874,12:31:45.874,BERA/USDT:USDT,2.195,619.0,2.194,2578.0,2.197,1317.0,2.198,2334.0
1753533105970,12:31:45.970,BERA/USDT:USDT,2.195,619.0,2.194,2578.0,2.197,1317.0,2.198,2334.0
1753533106004,12:31:46.004,BERA/USDT:USDT,2.195,619.0,2.194,2578.0,2.197,1317.0,2.198,2334.0
1753533106093,12:31:46.093,BERA/USDT:USDT,2.195,619.0,2.194,2578.0,2.197,1317.0,2.198,2334.0
1753533106311,12:31:46.311,BERA/USDT:USDT,2.195,619.0,2.194,2578.0,2.197,1317.0,2.198,2334.0
1753533106465,12:31:46.465,BERA/USDT:USDT,2.195,619.0,2.194,2578.0,2.197,1317.0,2.198,2334.0
1753533106563,12:31:46.563,BERA/USDT:USDT,2.195,619.0,2.194,2578.0,2.197,1317.0,2.198,2334.0
1753533106616,12:31:46.616,BERA/USDT:USDT,2.195,619.0,2.194,2568.0,2.197,1317.0,2.198,2334.0
1753533106685,12:31:46.685,BERA/USDT:USDT,2.195,619.0,2.194,2568.0,2.197,1317.0,2.198,2334.0
1753533107065,12:31:47.065,BERA/USDT:USDT,2.195,619.0,2.194,2568.0,2.197,1631.0,2.198,2334.0
1753533107600,12:31:47.600,BERA/USDT:USDT,2.195,619.0,2.194,2568.0,2.197,1631.0,2.198,2334.0
1753533107745,12:31:47.745,BERA/USDT:USDT,2.195,209.0,2.194,2568.0,2.197,1631.0,2.198,2334.0
1753533107840,12:31:47.840,BERA/USDT:USDT,2.194,2577.0,2.193,6615.0,2.197,1640.0,2.198,2325.0
1753533107904,12:31:47.904,BERA/USDT:USDT,2.194,2577.0,2.193,5449.0,2.197,1640.0,2.198,2325.0
1753533107986,12:31:47.986,BERA/USDT:USDT,2.194,2577.0,2.193,5449.0,2.197,1640.0,2.198,2325.0
1753533109404,12:31:49.404,BERA/USDT:USDT,2.194,2577.0,2.193,5449.0,2.197,1640.0,2.198,2325.0
1753533109837,12:31:49.837,BERA/USDT:USDT,2.194,2577.0,2.193,5449.0,2.197,1640.0,2.198,2325.0
1753533114639,12:31:54.639,BERA/USDT:USDT,2.194,2577.0,2.193,5449.0,2.197,1640.0,2.198,2325.0
1753533116333,12:31:56.333,BERA/USDT:USDT,2.194,1888.0,2.193,2960.0,2.196,197.0,2.197,1640.0
1753533116399,12:31:56.399,BERA/USDT:USDT,2.194,1888.0,2.193,2960.0,2.196,197.0,2.197,1640.0
1753533116643,12:31:56.643,BERA/USDT:USDT,2.194,1888.0,2.193,2960.0,2.196,197.0,2.197,1640.0
1753533116803,12:31:56.803,BERA/USDT:USDT,2.194,1888.0,2.193,2960.0,2.196,197.0,2.197,1640.0
1753533117009,12:31:57.009,BERA/USDT:USDT,2.194,1888.0,2.193,2960.0,2.196,197.0,2.197,1640.0
1753533117105,12:31:57.105,BERA/USDT:USDT,2.194,1888.0,2.193,2960.0,2.196,197.0,2.197,1640.0
1753533117252,12:31:57.252,BERA/USDT:USDT,2.194,1888.0,2.193,2960.0,2.196,197.0,2.197,1640.0
1753533117305,12:31:57.305,BERA/USDT:USDT,2.194,1888.0,2.193,2960.0,2.196,197.0,2.197,1640.0
1753533118009,12:31:58.009,BERA/USDT:USDT,2.194,1888.0,2.193,2960.0,2.196,197.0,2.197,1640.0
1753533118354,12:31:58.354,BERA/USDT:USDT,2.194,1888.0,2.193,2960.0,2.196,197.0,2.197,1640.0
1753533118460,12:31:58.460,BERA/USDT:USDT,2.194,1888.0,2.193,2960.0,2.196,197.0,2.197,1640.0
1753533119128,12:31:59.128,BERA/USDT:USDT,2.194,1888.0,2.193,2687.0,2.196,197.0,2.197,1640.0
1753533119479,12:31:59.479,BERA/USDT:USDT,2.194,1688.0,2.193,2687.0,2.196,197.0,2.197,1640.0
1753533119798,12:31:59.798,BERA/USDT:USDT,2.194,1688.0,2.193,2960.0,2.196,197.0,2.197,1640.0
1753533120405,12:32:00.405,BERA/USDT:USDT,2.194,1688.0,2.193,2960.0,2.196,197.0,2.197,1640.0
1753533120671,12:32:00.671,BERA/USDT:USDT,2.194,1688.0,2.193,2960.0,2.196,197.0,2.197,1640.0
1753533121023,12:32:01.023,BERA/USDT:USDT,2.194,1688.0,2.193,2960.0,2.196,397.0,2.197,1640.0
1753533121097,12:32:01.097,BERA/USDT:USDT,2.194,1688.0,2.193,2960.0,2.196,397.0,2.197,1640.0
1753533121267,12:32:01.267,BERA/USDT:USDT,2.194,843.0,2.193,4105.0,2.196,397.0,2.197,1640.0
1753533121420,12:32:01.420,BERA/USDT:USDT,2.194,843.0,2.193,4105.0,2.196,397.0,2.197,1640.0
1753533123989,12:32:03.989,BERA/USDT:USDT,2.194,1043.0,2.193,4105.0,2.196,397.0,2.197,1640.0
1753533124238,12:32:04.238,BERA/USDT:USDT,2.194,1043.0,2.193,4105.0,2.196,397.0,2.197,1640.0
1753533124645,12:32:04.645,BERA/USDT:USDT,2.194,1906.0,2.193,6113.0,2.196,397.0,2.197,1640.0
1753533125164,12:32:05.164,BERA/USDT:USDT,2.194,1906.0,2.193,6113.0,2.196,197.0,2.197,1640.0
1753533128605,12:32:08.605,BERA/USDT:USDT,2.194,843.0,2.193,4012.0,2.196,197.0,2.197,1640.0
1753533128933,12:32:08.933,BERA/USDT:USDT,2.194,843.0,2.193,4012.0,2.196,397.0,2.197,1640.0
1753533129039,12:32:09.039,BERA/USDT:USDT,2.194,843.0,2.193,4012.0,2.196,397.0,2.197,1640.0
1753533129931,12:32:09.931,BERA/USDT:USDT,2.194,1043.0,2.193,4012.0,2.196,397.0,2.197,1640.0
1753533131009,12:32:11.009,BERA/USDT:USDT,2.194,1043.0,2.193,4012.0,2.196,197.0,2.197,1640.0
1753533131936,12:32:11.936,BERA/USDT:USDT,2.194,1043.0,2.193,4012.0,2.196,197.0,2.197,1640.0
1753533132943,12:32:12.943,BERA/USDT:USDT,2.194,1043.0,2.193,4012.0,2.196,197.0,2.197,1640.0
1753533133645,12:32:13.645,BERA/USDT:USDT,2.194,1043.0,2.193,3113.0,2.196,197.0,2.197,1329.0
1753533133877,12:32:13.877,BERA/USDT:USDT,2.194,1043.0,2.193,3113.0,2.196,397.0,2.197,1329.0
1753533133948,12:32:13.948,BERA/USDT:USDT,2.194,1043.0,2.193,3113.0,2.196,397.0,2.197,1329.0
1753533135176,12:32:15.176,BERA/USDT:USDT,2.194,1043.0,2.193,3113.0,2.196,397.0,2.197,1329.0
1753533135185,12:32:15.185,BERA/USDT:USDT,2.194,1043.0,2.193,3113.0,2.196,397.0,2.197,1329.0
1753533138251,12:32:18.251,BERA/USDT:USDT,2.194,1043.0,2.193,3113.0,2.196,397.0,2.197,1329.0
1753533138645,12:32:18.645,BERA/USDT:USDT,2.194,1043.0,2.193,3113.0,2.196,397.0,2.197,1329.0
1753533140154,12:32:20.154,BERA/USDT:USDT,2.194,1043.0,2.193,3113.0,2.196,197.0,2.197,1329.0
1753533140502,12:32:20.502,BERA/USDT:USDT,2.194,1043.0,2.193,3113.0,2.196,197.0,2.197,1640.0
1753533148712,12:32:28.712,BERA/USDT:USDT,2.194,1043.0,2.193,3113.0,2.196,397.0,2.197,1640.0
1753533150624,12:32:30.624,BERA/USDT:USDT,2.194,1043.0,2.193,3113.0,2.196,397.0,2.197,1640.0
1753533155131,12:32:35.131,BERA/USDT:USDT,2.194,1043.0,2.193,3113.0,2.196,397.0,2.197,1640.0
1753533155767,12:32:35.767,BERA/USDT:USDT,2.194,1043.0,2.193,3113.0,2.196,397.0,2.197,1329.0
1753533155785,12:32:35.785,BERA/USDT:USDT,2.194,1043.0,2.193,3113.0,2.196,397.0,2.197,1329.0
1753533156402,12:32:36.402,BERA/USDT:USDT,2.194,1043.0,2.193,3113.0,2.196,197.0,2.197,1329.0
1753533161679,12:32:41.679,BERA/USDT:USDT,2.194,1043.0,2.193,3113.0,2.196,197.0,2.197,1329.0
1753533161968,12:32:41.968,BERA/USDT:USDT,2.194,1043.0,2.193,3113.0,2.196,197.0,2.197,1329.0
1753533162383,12:32:42.383,BERA/USDT:USDT,2.194,1043.0,2.193,3113.0,2.196,197.0,2.197,1329.0
1753533163542,12:32:43.542,BERA/USDT:USDT,2.194,1043.0,2.193,3113.0,2.196,397.0,2.197,1329.0
1753533165205,12:32:45.205,BERA/USDT:USDT,2.194,1043.0,2.193,4012.0,2.196,397.0,2.197,1640.0
1753533166003,12:32:46.003,BERA/USDT:USDT,2.194,843.0,2.193,4012.0,2.196,397.0,2.197,1640.0
1753533167502,12:32:47.502,BERA/USDT:USDT,2.194,1043.0,2.193,4012.0,2.196,397.0,2.197,1640.0
1753533168694,12:32:48.694,BERA/USDT:USDT,2.194,843.0,2.193,4012.0,2.196,397.0,2.197,1640.0
1753533170823,12:32:50.823,BERA/USDT:USDT,2.194,843.0,2.193,4012.0,2.196,397.0,2.197,1640.0
1753533170974,12:32:50.974,BERA/USDT:USDT,2.194,843.0,2.193,7012.0,2.196,397.0,2.197,1640.0
1753533170985,12:32:50.985,BERA/USDT:USDT,2.194,1706.0,2.193,6113.0,2.196,397.0,2.197,1640.0
1753533171453,12:32:51.453,BERA/USDT:USDT,2.194,1706.0,2.193,6113.0,2.196,397.0,2.197,1640.0
1753533173171,12:32:53.171,BERA/USDT:USDT,2.194,9.0,2.193,1761.0,2.195,766.0,2.196,991.0
1753533173274,12:32:53.274,BERA/USDT:USDT,2.193,1770.0,2.192,4933.0,2.195,566.0,2.196,2467.0
1753533173305,12:32:53.305,BERA/USDT:USDT,2.193,1770.0,2.192,4933.0,2.195,566.0,2.196,2485.0
1753533173461,12:32:53.461,BERA/USDT:USDT,2.193,1770.0,2.192,6075.0,2.195,566.0,2.196,2485.0
1753533173508,12:32:53.508,BERA/USDT:USDT,2.193,1770.0,2.192,6075.0,2.195,566.0,2.196,2485.0
1753533174034,12:32:54.034,BERA/USDT:USDT,2.193,1770.0,2.192,6075.0,2.195,566.0,2.196,2485.0
1753533174240,12:32:54.240,BERA/USDT:USDT,2.193,1770.0,2.192,6075.0,2.195,566.0,2.196,2485.0
1753533176370,12:32:56.370,BERA/USDT:USDT,2.193,1770.0,2.192,6075.0,2.195,566.0,2.196,2485.0
1753533177337,12:32:57.337,BERA/USDT:USDT,2.193,1770.0,2.192,6075.0,2.195,566.0,2.196,2485.0
1753533178155,12:32:58.155,BERA/USDT:USDT,2.193,1770.0,2.192,6075.0,2.195,566.0,2.196,2485.0
1753533178530,12:32:58.530,BERA/USDT:USDT,2.193,1770.0,2.192,6075.0,2.195,566.0,2.196,2485.0
1753533178681,12:32:58.681,BERA/USDT:USDT,2.193,1770.0,2.192,6075.0,2.195,566.0,2.196,2485.0
1753533179041,12:32:59.041,BERA/USDT:USDT,2.193,1770.0,2.192,6075.0,2.195,566.0,2.196,2485.0
1753533179370,12:32:59.370,BERA/USDT:USDT,2.193,1770.0,2.192,6075.0,2.195,766.0,2.196,2485.0
1753533181065,12:33:01.065,BERA/USDT:USDT,2.193,458.0,2.192,3006.0,2.195,766.0,2.196,2485.0
1753533181089,12:33:01.089,BERA/USDT:USDT,2.193,458.0,2.192,3006.0,2.195,766.0,2.196,2485.0
1753533181228,12:33:01.228,BERA/USDT:USDT,2.193,458.0,2.192,3006.0,2.195,766.0,2.196,2485.0
1753533181665,12:33:01.665,BERA/USDT:USDT,2.192,3015.0,2.191,6417.0,2.195,1423.0,2.196,2476.0
1753533181705,12:33:01.705,BERA/USDT:USDT,2.192,1789.0,2.191,2231.0,2.195,1734.0,2.196,2165.0
1753533181785,12:33:01.785,BERA/USDT:USDT,2.192,1789.0,2.191,2231.0,2.195,1734.0,2.196,2165.0
1753533182947,12:33:02.947,BERA/USDT:USDT,2.192,1789.0,2.191,2231.0,2.195,1734.0,2.196,2165.0
1753533183444,12:33:03.444,BERA/USDT:USDT,2.192,1789.0,2.191,2231.0,2.195,1734.0,2.196,2165.0
1753533183840,12:33:03.840,BERA/USDT:USDT,2.192,1789.0,2.191,2231.0,2.195,1734.0,2.196,2165.0
1753533184090,12:33:04.090,BERA/USDT:USDT,2.192,647.0,2.191,2231.0,2.195,1734.0,2.196,2165.0
1753533184205,12:33:04.205,BERA/USDT:USDT,2.192,973.0,2.191,3373.0,2.195,1734.0,2.196,2165.0
1753533184300,12:33:04.300,BERA/USDT:USDT,2.192,973.0,2.191,3007.0,2.195,1734.0,2.196,2165.0
1753533184952,12:33:04.952,BERA/USDT:USDT,2.192,973.0,2.191,3007.0,2.195,1734.0,2.196,2165.0
1753533185074,12:33:05.074,BERA/USDT:USDT,2.192,973.0,2.191,3007.0,2.194,196.0,2.195,1732.0
1753533185154,12:33:05.154,BERA/USDT:USDT,2.192,973.0,2.191,3007.0,2.194,196.0,2.195,1730.0
1753533185278,12:33:05.278,BERA/USDT:USDT,2.192,973.0,2.191,3007.0,2.194,196.0,2.195,1730.0
1753533185363,12:33:05.363,BERA/USDT:USDT,2.192,973.0,2.191,3007.0,2.194,196.0,2.195,1730.0
1753533185393,12:33:05.393,BERA/USDT:USDT,2.192,973.0,2.191,3007.0,2.194,196.0,2.195,1730.0
1753533186107,12:33:06.107,BERA/USDT:USDT,2.192,973.0,2.191,3007.0,2.194,196.0,2.195,1730.0
1753533186371,12:33:06.371,BERA/USDT:USDT,2.192,973.0,2.191,3007.0,2.194,196.0,2.195,1419.0
1753533186405,12:33:06.405,BERA/USDT:USDT,2.192,647.0,2.191,2019.0,2.194,196.0,2.195,1419.0
1753533186617,12:33:06.617,BERA/USDT:USDT,2.192,647.0,2.191,2019.0,2.194,196.0,2.195,1419.0
1753533187275,12:33:07.275,BERA/USDT:USDT,2.192,647.0,2.191,2219.0,2.194,396.0,2.195,1419.0
1753533187443,12:33:07.443,BERA/USDT:USDT,2.192,924.0,2.191,2219.0,2.194,396.0,2.195,1419.0
1753533188131,12:33:08.131,BERA/USDT:USDT,2.192,924.0,2.191,2219.0,2.194,396.0,2.195,1419.0
1753533189381,12:33:09.381,BERA/USDT:USDT,2.192,924.0,2.191,2219.0,2.194,396.0,2.195,1419.0
1753533189442,12:33:09.442,BERA/USDT:USDT,2.192,924.0,2.191,2219.0,2.194,396.0,2.195,1419.0
1753533189546,12:33:09.546,BERA/USDT:USDT,2.192,924.0,2.191,2219.0,2.194,396.0,2.195,1419.0
1753533189906,12:33:09.906,BERA/USDT:USDT,2.192,924.0,2.191,2219.0,2.194,396.0,2.195,1419.0
1753533190781,12:33:10.781,BERA/USDT:USDT,2.192,924.0,2.191,2219.0,2.195,1419.0,2.196,2476.0
1753533190785,12:33:10.785,BERA/USDT:USDT,2.192,924.0,2.191,2219.0,2.195,1419.0,2.196,2476.0
1753533191048,12:33:11.048,BERA/USDT:USDT,2.193,408.0,2.192,915.0,2.195,1412.0,2.196,2485.0
1753533191136,12:33:11.136,BERA/USDT:USDT,2.193,408.0,2.192,915.0,2.195,1412.0,2.196,2485.0
1753533191959,12:33:11.959,BERA/USDT:USDT,2.193,408.0,2.192,915.0,2.195,1412.0,2.196,2485.0
1753533192226,12:33:12.226,BERA/USDT:USDT,2.193,208.0,2.192,915.0,2.195,1412.0,2.196,2485.0
1753533192362,12:33:12.362,BERA/USDT:USDT,2.192,924.0,2.191,2219.0,2.195,1421.0,2.196,2476.0
1753533192434,12:33:12.434,BERA/USDT:USDT,2.192,924.0,2.191,2219.0,2.195,1421.0,2.196,2476.0
1753533192586,12:33:12.586,BERA/USDT:USDT,2.192,924.0,2.191,2219.0,2.195,1421.0,2.196,2476.0
1753533193762,12:33:13.762,BERA/USDT:USDT,2.192,926.0,2.191,2219.0,2.194,201.0,2.195,1419.0
1753533194000,12:33:14.000,BERA/USDT:USDT,2.192,926.0,2.191,2219.0,2.194,201.0,2.195,1419.0
1753533194240,12:33:14.240,BERA/USDT:USDT,2.192,926.0,2.191,2219.0,2.194,201.0,2.195,1419.0
1753533194819,12:33:14.819,BERA/USDT:USDT,2.192,926.0,2.191,2219.0,2.194,201.0,2.195,1419.0
1753533194960,12:33:14.960,BERA/USDT:USDT,2.192,926.0,2.191,2229.0,2.194,199.0,2.195,1419.0
1753533196269,12:33:16.269,BERA/USDT:USDT,2.192,924.0,2.191,2229.0,2.194,199.0,2.195,1419.0
1753533196354,12:33:16.354,BERA/USDT:USDT,2.192,924.0,2.191,2219.0,2.194,199.0,2.195,1419.0
1753533196405,12:33:16.405,BERA/USDT:USDT,2.192,924.0,2.191,2219.0,2.194,199.0,2.195,1419.0
1753533197252,12:33:17.252,BERA/USDT:USDT,2.192,924.0,2.191,2219.0,2.195,1419.0,2.196,2476.0
1753533198069,12:33:18.069,BERA/USDT:USDT,2.192,924.0,2.191,2219.0,2.195,1419.0,2.196,2476.0
1753533198483,12:33:18.483,BERA/USDT:USDT,2.192,924.0,2.191,2219.0,2.195,1419.0,2.196,2476.0
1753533199065,12:33:19.065,BERA/USDT:USDT,2.192,924.0,2.191,2219.0,2.195,1419.0,2.196,2872.0
1753533200310,12:33:20.310,BERA/USDT:USDT,2.192,924.0,2.191,3086.0,2.195,1730.0,2.196,2561.0
1753533203841,12:33:23.841,BERA/USDT:USDT,2.192,924.0,2.191,3086.0,2.195,1730.0,2.196,2561.0
1753533204118,12:33:24.118,BERA/USDT:USDT,2.192,924.0,2.191,3086.0,2.195,1730.0,2.196,2561.0
1753533205364,12:33:25.364,BERA/USDT:USDT,2.193,117.0,2.192,915.0,2.195,1721.0,2.196,2570.0
1753533205405,12:33:25.405,BERA/USDT:USDT,2.193,117.0,2.192,2246.0,2.195,1721.0,2.196,2878.0
1753533206078,12:33:26.078,BERA/USDT:USDT,2.193,400.0,2.192,2255.0,2.195,1732.0,2.196,2869.0
1753533206155,12:33:26.155,BERA/USDT:USDT,2.193,409.0,2.192,2246.0,2.195,1723.0,2.196,2878.0
1753533207575,12:33:27.575,BERA/USDT:USDT,2.193,409.0,2.192,2246.0,2.195,1523.0,2.196,2878.0
1753533208642,12:33:28.642,BERA/USDT:USDT,2.193,409.0,2.192,2246.0,2.195,1523.0,2.196,2878.0
1753533208693,12:33:28.693,BERA/USDT:USDT,2.193,409.0,2.192,2246.0,2.195,1523.0,2.196,2878.0
1753533213441,12:33:33.441,BERA/USDT:USDT,2.193,409.0,2.192,2246.0,2.195,1523.0,2.196,2878.0
1753533215952,12:33:35.952,BERA/USDT:USDT,2.193,409.0,2.192,2246.0,2.195,1723.0,2.196,2878.0
1753533217838,12:33:37.838,BERA/USDT:USDT,2.193,209.0,2.192,2246.0,2.195,1723.0,2.196,2878.0
1753533217960,12:33:37.960,BERA/USDT:USDT,2.192,2255.0,2.191,7638.0,2.195,1732.0,2.196,2869.0
1753533218080,12:33:38.080,BERA/USDT:USDT,2.192,2259.0,2.191,6771.0,2.194,1140.0,2.195,1372.0
1753533218256,12:33:38.256,BERA/USDT:USDT,2.192,2259.0,2.191,6771.0,2.194,1140.0,2.195,1372.0
1753533218471,12:33:38.471,BERA/USDT:USDT,2.192,2257.0,2.191,6405.0,2.194,1144.0,2.195,1370.0
1753533218967,12:33:38.967,BERA/USDT:USDT,2.192,2259.0,2.191,6405.0,2.194,1142.0,2.195,1370.0
1753533219074,12:33:39.074,BERA/USDT:USDT,2.192,2259.0,2.191,6405.0,2.194,1142.0,2.195,1370.0
1753533221341,12:33:41.341,BERA/USDT:USDT,2.192,2257.0,2.191,6405.0,2.194,1142.0,2.195,1370.0
1753533222224,12:33:42.224,BERA/USDT:USDT,2.192,2257.0,2.191,6405.0,2.194,1142.0,2.195,1370.0
1753533223042,12:33:43.042,BERA/USDT:USDT,2.192,2257.0,2.191,6405.0,2.194,1142.0,2.195,1370.0
1753533223905,12:33:43.905,BERA/USDT:USDT,2.192,926.0,2.191,3086.0,2.194,1142.0,2.195,1370.0
1753533224300,12:33:44.300,BERA/USDT:USDT,2.192,926.0,2.191,3086.0,2.194,1142.0,2.195,1370.0
1753533224479,12:33:44.479,BERA/USDT:USDT,2.192,926.0,2.191,3086.0,2.194,1142.0,2.195,1370.0
1753533224625,12:33:44.625,BERA/USDT:USDT,2.192,926.0,2.191,3086.0,2.194,1142.0,2.195,1370.0
1753533225881,12:33:45.881,BERA/USDT:USDT,2.192,926.0,2.191,2813.0,2.194,1615.0,2.195,1370.0
1753533225935,12:33:45.935,BERA/USDT:USDT,2.192,525.0,2.191,2813.0,2.194,1926.0,2.195,1059.0
1753533226006,12:33:46.006,BERA/USDT:USDT,2.191,2822.0,2.19,4930.0,2.194,2166.0,2.195,1050.0
1753533226144,12:33:46.144,BERA/USDT:USDT,2.191,1554.0,2.19,1370.0,2.194,2166.0,2.195,1050.0
1753533226185,12:33:46.185,BERA/USDT:USDT,2.191,1554.0,2.19,1370.0,2.194,2166.0,2.195,1050.0
1753533226457,12:33:46.457,BERA/USDT:USDT,2.191,1554.0,2.19,1370.0,2.194,2166.0,2.195,1050.0
1753533226559,12:33:46.559,BERA/USDT:USDT,2.191,1554.0,2.19,1370.0,2.194,2166.0,2.195,1050.0
1753533226707,12:33:46.707,BERA/USDT:USDT,2.191,645.0,2.19,2510.0,2.194,2166.0,2.195,1050.0
1753533226829,12:33:46.829,BERA/USDT:USDT,2.191,645.0,2.19,2710.0,2.194,2166.0,2.195,1050.0
1753533227139,12:33:47.139,BERA/USDT:USDT,2.191,645.0,2.19,2710.0,2.194,2166.0,2.195,1050.0
1753533227280,12:33:47.280,BERA/USDT:USDT,2.191,645.0,2.19,2710.0,2.194,2166.0,2.195,1050.0
1753533227842,12:33:47.842,BERA/USDT:USDT,2.191,645.0,2.19,2710.0,2.194,2166.0,2.195,1050.0
1753533228955,12:33:48.955,BERA/USDT:USDT,2.191,645.0,2.19,2710.0,2.194,2166.0,2.195,1050.0
1753533230368,12:33:50.368,BERA/USDT:USDT,2.191,645.0,2.19,2710.0,2.194,2166.0,2.195,1050.0
1753533230701,12:33:50.701,BERA/USDT:USDT,2.191,645.0,2.19,2710.0,2.194,2166.0,2.195,1050.0
1753533231682,12:33:51.682,BERA/USDT:USDT,2.191,844.0,2.19,2710.0,2.193,566.0,2.194,2174.0
1753533231705,12:33:51.705,BERA/USDT:USDT,2.191,1849.0,2.19,6085.0,2.193,566.0,2.194,2174.0
1753533231878,12:33:51.878,BERA/USDT:USDT,2.191,1851.0,2.19,6085.0,2.193,564.0,2.194,2174.0
1753533231979,12:33:51.979,BERA/USDT:USDT,2.191,1851.0,2.19,6085.0,2.193,564.0,2.194,2174.0
1753533232341,12:33:52.341,BERA/USDT:USDT,2.191,1851.0,2.19,6085.0,2.193,564.0,2.194,2174.0
1753533232642,12:33:52.642,BERA/USDT:USDT,2.191,1851.0,2.19,6085.0,2.193,564.0,2.194,2174.0
1753533233045,12:33:53.045,BERA/USDT:USDT,2.191,1849.0,2.19,6085.0,2.193,564.0,2.194,2174.0
1753533233176,12:33:53.176,BERA/USDT:USDT,2.191,1849.0,2.19,6085.0,2.193,564.0,2.194,2174.0
1753533233365,12:33:53.365,BERA/USDT:USDT,2.191,1849.0,2.19,6085.0,2.193,564.0,2.194,2174.0
1753533233965,12:33:53.965,BERA/USDT:USDT,2.191,844.0,2.19,3001.0,2.193,564.0,2.194,2174.0
1753533234134,12:33:54.134,BERA/USDT:USDT,2.191,844.0,2.19,3001.0,2.193,564.0,2.194,2174.0
1753533235709,12:33:55.709,BERA/USDT:USDT,2.191,844.0,2.19,3001.0,2.193,564.0,2.194,2174.0
1753533236013,12:33:56.013,BERA/USDT:USDT,2.191,844.0,2.19,3001.0,2.193,564.0,2.194,2174.0
1753533236157,12:33:56.157,BERA/USDT:USDT,2.191,844.0,2.19,3001.0,2.193,564.0,2.194,2174.0
1753533236828,12:33:56.828,BERA/USDT:USDT,2.191,844.0,2.19,3001.0,2.193,564.0,2.194,2174.0
1753533237442,12:33:57.442,BERA/USDT:USDT,2.191,844.0,2.19,3001.0,2.193,564.0,2.194,2174.0
1753533237849,12:33:57.849,BERA/USDT:USDT,2.191,844.0,2.19,3001.0,2.193,564.0,2.194,2174.0
1753533238365,12:33:58.365,BERA/USDT:USDT,2.191,844.0,2.19,3001.0,2.193,564.0,2.194,2174.0
1753533240496,12:34:00.496,BERA/USDT:USDT,2.191,844.0,2.19,3001.0,2.193,366.0,2.194,2174.0
1753533242243,12:34:02.243,BERA/USDT:USDT,2.191,844.0,2.19,3001.0,2.193,366.0,2.194,2174.0
1753533243376,12:34:03.376,BERA/USDT:USDT,2.191,844.0,2.19,7187.0,2.193,366.0,2.194,2174.0
1753533243395,12:34:03.395,BERA/USDT:USDT,2.191,2075.0,2.19,6085.0,2.193,366.0,2.194,2164.0
1753533244222,12:34:04.222,BERA/USDT:USDT,2.191,2075.0,2.19,6085.0,2.194,2164.0,2.195,1205.0
1753533244305,12:34:04.305,BERA/USDT:USDT,2.191,2075.0,2.19,6085.0,2.194,2164.0,2.195,1205.0
1753533246024,12:34:06.024,BERA/USDT:USDT,2.191,2075.0,2.19,6085.0,2.194,2164.0,2.195,1205.0
1753533246955,12:34:06.955,BERA/USDT:USDT,2.191,2075.0,2.19,6085.0,2.194,2164.0,2.195,1205.0
1753533247042,12:34:07.042,BERA/USDT:USDT,2.191,2075.0,2.19,6085.0,2.194,2164.0,2.195,1205.0
1753533251843,12:34:11.843,BERA/USDT:USDT,2.191,2075.0,2.19,6085.0,2.194,2164.0,2.195,1205.0
1753533253558,12:34:13.558,BERA/USDT:USDT,2.191,844.0,2.19,3111.0,2.193,366.0,2.194,2174.0
1753533254512,12:34:14.512,BERA/USDT:USDT,2.191,844.0,2.19,3111.0,2.193,368.0,2.194,2174.0
1753533256643,12:34:16.643,BERA/USDT:USDT,2.191,844.0,2.19,3111.0,2.193,368.0,2.194,2174.0
1753533257079,12:34:17.079,BERA/USDT:USDT,2.191,844.0,2.19,3111.0,2.193,368.0,2.194,2174.0
1753533257166,12:34:17.166,BERA/USDT:USDT,2.191,844.0,2.19,3111.0,2.193,366.0,2.194,2174.0
1753533257856,12:34:17.856,BERA/USDT:USDT,2.191,844.0,2.19,3111.0,2.193,366.0,2.194,2174.0
1753533258380,12:34:18.380,BERA/USDT:USDT,2.192,201.0,2.191,844.0,2.193,368.0,2.194,2174.0
1753533258399,12:34:18.399,BERA/USDT:USDT,2.192,201.0,2.191,844.0,2.193,368.0,2.194,2174.0
1753533258949,12:34:18.949,BERA/USDT:USDT,2.192,201.0,2.191,844.0,2.193,368.0,2.194,2174.0
1753533259056,12:34:19.056,BERA/USDT:USDT,2.192,201.0,2.191,844.0,2.193,366.0,2.194,2174.0
1753533259086,12:34:19.086,BERA/USDT:USDT,2.192,201.0,2.191,844.0,2.193,368.0,2.194,2174.0
1753533259410,12:34:19.410,BERA/USDT:USDT,2.192,201.0,2.191,844.0,2.193,370.0,2.194,2174.0
1753533259749,12:34:19.749,BERA/USDT:USDT,2.192,201.0,2.191,844.0,2.193,368.0,2.194,2174.0
1753533260151,12:34:20.151,BERA/USDT:USDT,2.192,201.0,2.191,844.0,2.193,368.0,2.194,2164.0
1753533261443,12:34:21.443,BERA/USDT:USDT,2.192,201.0,2.191,844.0,2.193,368.0,2.194,2164.0
1753533262093,12:34:22.093,BERA/USDT:USDT,2.192,201.0,2.191,844.0,2.193,366.0,2.194,2164.0
1753533262457,12:34:22.457,BERA/USDT:USDT,2.192,201.0,2.191,844.0,2.193,368.0,2.194,2164.0
1753533262496,12:34:22.496,BERA/USDT:USDT,2.192,201.0,2.191,844.0,2.193,366.0,2.194,2164.0
1753533262703,12:34:22.703,BERA/USDT:USDT,2.192,201.0,2.191,844.0,2.193,368.0,2.194,2164.0
1753533263441,12:34:23.441,BERA/USDT:USDT,2.192,201.0,2.191,844.0,2.193,366.0,2.194,2164.0
1753533263577,12:34:23.577,BERA/USDT:USDT,2.192,201.0,2.191,844.0,2.193,368.0,2.194,2164.0
1753533263665,12:34:23.665,BERA/USDT:USDT,2.192,201.0,2.191,1719.0,2.193,366.0,2.194,2164.0
1753533263686,12:34:23.686,BERA/USDT:USDT,2.192,201.0,2.191,1719.0,2.193,366.0,2.194,2164.0
1753533264405,12:34:24.405,BERA/USDT:USDT,2.192,201.0,2.191,1719.0,2.193,366.0,2.194,2164.0
1753533264696,12:34:24.696,BERA/USDT:USDT,2.192,201.0,2.191,1719.0,2.193,366.0,2.194,2164.0
1753533264789,12:34:24.789,BERA/USDT:USDT,2.192,202.0,2.191,1719.0,2.193,367.0,2.194,2164.0
1753533265338,12:34:25.338,BERA/USDT:USDT,2.192,202.0,2.191,1719.0,2.193,371.0,2.194,2164.0
1753533265824,12:34:25.824,BERA/USDT:USDT,2.192,202.0,2.191,1719.0,2.193,369.0,2.194,2164.0
1753533266265,12:34:26.265,BERA/USDT:USDT,2.192,202.0,2.191,1719.0,2.193,371.0,2.194,2164.0
1753533266285,12:34:26.285,BERA/USDT:USDT,2.192,202.0,2.191,1719.0,2.193,371.0,2.194,2164.0
1753533267615,12:34:27.615,BERA/USDT:USDT,2.192,1.0,2.191,1719.0,2.193,371.0,2.194,2164.0
1753533267754,12:34:27.754,BERA/USDT:USDT,2.192,1.0,2.191,1719.0,2.193,371.0,2.194,2164.0
1753533269955,12:34:29.955,BERA/USDT:USDT,2.192,1.0,2.191,1719.0,2.193,369.0,2.194,2164.0
1753533270011,12:34:30.011,BERA/USDT:USDT,2.192,1.0,2.191,1719.0,2.193,367.0,2.194,2164.0
1753533270307,12:34:30.307,BERA/USDT:USDT,2.192,1.0,2.191,1719.0,2.193,1.0,2.194,2164.0
1753533270705,12:34:30.705,BERA/USDT:USDT,2.192,1.0,2.191,1719.0,2.193,3.0,2.194,2164.0
1753533271043,12:34:31.043,BERA/USDT:USDT,2.192,1.0,2.191,1719.0,2.193,5.0,2.194,2164.0
1753533272005,12:34:32.005,BERA/USDT:USDT,2.192,1.0,2.191,1719.0,2.193,5.0,2.194,2164.0
1753533272712,12:34:32.712,BERA/USDT:USDT,2.192,1.0,2.191,1719.0,2.193,1.0,2.194,2164.0
1753533273199,12:34:33.199,BERA/USDT:USDT,2.192,1.0,2.191,1719.0,2.193,5.0,2.194,2164.0
1753533273460,12:34:33.460,BERA/USDT:USDT,2.192,1.0,2.191,1719.0,2.193,3.0,2.194,2164.0
1753533273486,12:34:33.486,BERA/USDT:USDT,2.192,1.0,2.191,1719.0,2.193,1.0,2.194,2164.0
1753533275080,12:34:35.080,BERA/USDT:USDT,2.192,3.0,2.191,1719.0,2.193,1.0,2.194,2164.0
1753533275256,12:34:35.256,BERA/USDT:USDT,2.192,3.0,2.191,1719.0,2.193,1.0,2.194,2164.0
1753533275505,12:34:35.505,BERA/USDT:USDT,2.192,207.0,2.191,1710.0,2.193,1.0,2.194,2155.0
1753533275844,12:34:35.844,BERA/USDT:USDT,2.192,207.0,2.191,1710.0,2.193,1.0,2.194,2155.0
1753533276680,12:34:36.680,BERA/USDT:USDT,2.192,207.0,2.191,1710.0,2.193,1.0,2.194,2155.0
1753533276741,12:34:36.741,BERA/USDT:USDT,2.192,205.0,2.191,1710.0,2.193,1.0,2.194,2155.0
1753533276846,12:34:36.846,BERA/USDT:USDT,2.192,205.0,2.191,1710.0,2.193,1.0,2.194,2155.0
1753533277701,12:34:37.701,BERA/USDT:USDT,2.192,205.0,2.191,1710.0,2.193,3.0,2.194,2155.0
1753533278019,12:34:38.019,BERA/USDT:USDT,2.192,1.0,2.191,1719.0,2.193,5.0,2.194,2164.0
1753533278145,12:34:38.145,BERA/USDT:USDT,2.192,1.0,2.191,1719.0,2.193,3.0,2.194,2164.0
1753533278311,12:34:38.311,BERA/USDT:USDT,2.192,1.0,2.191,1719.0,2.193,1.0,2.194,2164.0
1753533278431,12:34:38.431,BERA/USDT:USDT,2.192,1.0,2.191,1719.0,2.193,5.0,2.194,2164.0
1753533279591,12:34:39.591,BERA/USDT:USDT,2.192,1.0,2.191,1719.0,2.193,1.0,2.194,2164.0
1753533280198,12:34:40.198,BERA/USDT:USDT,2.192,1.0,2.191,1719.0,2.193,5.0,2.194,2164.0
1753533280895,12:34:40.895,BERA/USDT:USDT,2.192,1.0,2.191,1719.0,2.193,371.0,2.194,2164.0
1753533281097,12:34:41.097,BERA/USDT:USDT,2.192,1.0,2.191,1719.0,2.193,369.0,2.194,2164.0
1753533281205,12:34:41.205,BERA/USDT:USDT,2.192,1.0,2.191,1719.0,2.193,371.0,2.194,2164.0
1753533281702,12:34:41.702,BERA/USDT:USDT,2.192,1.0,2.191,1719.0,2.193,369.0,2.194,2164.0
1753533282129,12:34:42.129,BERA/USDT:USDT,2.192,1.0,2.191,1719.0,2.193,367.0,2.194,2164.0
1753533282192,12:34:42.192,BERA/USDT:USDT,2.192,1.0,2.191,1719.0,2.193,369.0,2.194,2164.0
1753533282341,12:34:42.341,BERA/USDT:USDT,2.192,1.0,2.191,1719.0,2.193,367.0,2.194,2164.0
1753533282456,12:34:42.456,BERA/USDT:USDT,2.192,1.0,2.191,1719.0,2.193,367.0,2.194,2164.0
1753533283067,12:34:43.067,BERA/USDT:USDT,2.192,1.0,2.191,1719.0,2.193,1.0,2.194,2164.0
1753533283707,12:34:43.707,BERA/USDT:USDT,2.192,3.0,2.191,1719.0,2.193,1.0,2.194,2164.0
1753533284276,12:34:44.276,BERA/USDT:USDT,2.192,1.0,2.191,1719.0,2.193,1.0,2.194,2164.0
1753533284366,12:34:44.366,BERA/USDT:USDT,2.192,3.0,2.191,1719.0,2.193,1.0,2.194,2164.0
1753533285158,12:34:45.158,BERA/USDT:USDT,2.192,1.0,2.191,1719.0,2.193,1.0,2.194,2164.0
1753533285199,12:34:45.199,BERA/USDT:USDT,2.192,3.0,2.191,1719.0,2.193,1.0,2.194,2164.0
1753533285595,12:34:45.595,BERA/USDT:USDT,2.192,1.0,2.191,1719.0,2.193,5.0,2.194,2164.0
1753533286566,12:34:46.566,BERA/USDT:USDT,2.192,1.0,2.191,1719.0,2.193,1.0,2.194,2164.0
1753533288196,12:34:48.196,BERA/USDT:USDT,2.192,1.0,2.191,1719.0,2.193,5.0,2.194,2164.0
1753533288980,12:34:48.980,BERA/USDT:USDT,2.192,212.0,2.191,1710.0,2.193,1.0,2.194,2155.0
1753533292078,12:34:52.078,BERA/USDT:USDT,2.192,214.0,2.191,1710.0,2.193,1.0,2.194,2155.0
1753533292176,12:34:52.176,BERA/USDT:USDT,2.192,212.0,2.191,1710.0,2.193,1.0,2.194,2155.0
1753533292675,12:34:52.675,BERA/USDT:USDT,2.192,212.0,2.191,1710.0,2.193,1.0,2.194,2155.0
1753533292750,12:34:52.750,BERA/USDT:USDT,2.192,212.0,2.191,1710.0,2.193,1.0,2.194,2155.0
1753533294071,12:34:54.071,BERA/USDT:USDT,2.192,412.0,2.191,1710.0,2.193,1.0,2.194,2155.0
1753533294980,12:34:54.980,BERA/USDT:USDT,2.192,416.0,2.191,6535.0,2.193,1.0,2.194,231.0
1753533295082,12:34:55.082,BERA/USDT:USDT,2.192,1284.0,2.191,5660.0,2.195,1878.0,2.196,3196.0
1753533295163,12:34:55.163,BERA/USDT:USDT,2.192,1284.0,2.191,5660.0,2.195,3015.0,2.196,3196.0
1753533295205,12:34:55.205,BERA/USDT:USDT,2.192,1865.0,2.191,5660.0,2.195,2662.0,2.196,2498.0
1753533295418,12:34:55.418,BERA/USDT:USDT,2.192,1865.0,2.191,5660.0,2.195,2662.0,2.196,1954.0
1753533295723,12:34:55.723,BERA/USDT:USDT,2.192,1865.0,2.191,5660.0,2.195,2662.0,2.196,1954.0
1753533295955,12:34:55.955,BERA/USDT:USDT,2.192,1865.0,2.191,5660.0,2.195,2662.0,2.196,1954.0
1753533295994,12:34:55.994,BERA/USDT:USDT,2.192,1865.0,2.191,5660.0,2.195,2662.0,2.196,1954.0
1753533296106,12:34:56.106,BERA/USDT:USDT,2.192,1865.0,2.191,5660.0,2.195,2662.0,2.196,1954.0
1753533296624,12:34:56.624,BERA/USDT:USDT,2.193,411.0,2.192,1854.0,2.195,2653.0,2.196,1963.0
1753533296705,12:34:56.705,BERA/USDT:USDT,2.193,411.0,2.192,1853.0,2.195,2653.0,2.196,1963.0
1753533296788,12:34:56.788,BERA/USDT:USDT,2.193,411.0,2.192,1853.0,2.195,2653.0,2.196,1963.0
1753533296924,12:34:56.924,BERA/USDT:USDT,2.193,411.0,2.192,1853.0,2.195,2653.0,2.196,1963.0
1753533297032,12:34:57.032,BERA/USDT:USDT,2.193,411.0,2.192,1853.0,2.195,2653.0,2.196,1973.0
1753533297385,12:34:57.385,BERA/USDT:USDT,2.193,411.0,2.192,1853.0,2.195,2653.0,2.196,1973.0
1753533297781,12:34:57.781,BERA/USDT:USDT,2.193,411.0,2.192,1853.0,2.195,2453.0,2.196,1963.0
1753533297856,12:34:57.856,BERA/USDT:USDT,2.193,411.0,2.192,1853.0,2.195,2453.0,2.196,1963.0
1753533298045,12:34:58.045,BERA/USDT:USDT,2.193,875.0,2.192,2990.0,2.195,2453.0,2.196,1963.0
1753533298446,12:34:58.446,BERA/USDT:USDT,2.193,875.0,2.192,2990.0,2.195,2453.0,2.196,1963.0
1753533298654,12:34:58.654,BERA/USDT:USDT,2.193,519.0,2.192,1853.0,2.195,2453.0,2.196,1963.0
1753533299016,12:34:59.016,BERA/USDT:USDT,2.193,519.0,2.192,1853.0,2.195,2653.0,2.196,1963.0
1753533299235,12:34:59.235,BERA/USDT:USDT,2.193,519.0,2.192,1851.0,2.195,2653.0,2.196,1963.0
1753533300260,12:35:00.260,BERA/USDT:USDT,2.193,211.0,2.192,1851.0,2.195,2653.0,2.196,1963.0
1753533300334,12:35:00.334,BERA/USDT:USDT,2.192,1860.0,2.191,8047.0,2.195,2662.0,2.196,1954.0
1753533300396,12:35:00.396,BERA/USDT:USDT,2.193,1.0,2.192,1860.0,2.195,2662.0,2.196,1954.0
1753533300525,12:35:00.525,BERA/USDT:USDT,2.193,1.0,2.192,1860.0,2.195,2662.0,2.196,1954.0
1753533301006,12:35:01.006,BERA/USDT:USDT,2.193,1.0,2.192,1860.0,2.195,2662.0,2.196,2318.0
1753533301124,12:35:01.124,BERA/USDT:USDT,2.193,1.0,2.192,1860.0,2.194,397.0,2.195,2662.0
1753533301366,12:35:01.366,BERA/USDT:USDT,2.193,1.0,2.192,1860.0,2.194,397.0,2.195,2662.0
1753533301607,12:35:01.607,BERA/USDT:USDT,2.193,1.0,2.192,1860.0,2.194,397.0,2.195,2662.0
1753533301703,12:35:01.703,BERA/USDT:USDT,2.193,1.0,2.192,1860.0,2.194,396.0,2.195,2662.0
1753533302048,12:35:02.048,BERA/USDT:USDT,2.193,1.0,2.192,1860.0,2.194,395.0,2.195,2662.0
1753533302467,12:35:02.467,BERA/USDT:USDT,2.193,1.0,2.192,1860.0,2.194,195.0,2.195,2662.0
1753533303077,12:35:03.077,BERA/USDT:USDT,2.193,1.0,2.192,1860.0,2.195,2663.0,2.196,2318.0
1753533303094,12:35:03.094,BERA/USDT:USDT,2.193,1.0,2.192,1860.0,2.195,2663.0,2.196,2318.0
1753533303245,12:35:03.245,BERA/USDT:USDT,2.193,1.0,2.192,1860.0,2.195,2662.0,2.196,2318.0
1753533303393,12:35:03.393,BERA/USDT:USDT,2.193,1.0,2.192,1860.0,2.195,2662.0,2.196,2318.0
1753533303582,12:35:03.582,BERA/USDT:USDT,2.193,1.0,2.192,1860.0,2.195,2662.0,2.196,1954.0
1753533303595,12:35:03.595,BERA/USDT:USDT,2.193,3.0,2.192,1860.0,2.195,2662.0,2.196,1954.0
1753533303758,12:35:03.758,BERA/USDT:USDT,2.193,206.0,2.192,1851.0,2.195,2653.0,2.196,1963.0
1753533303955,12:35:03.955,BERA/USDT:USDT,2.193,206.0,2.192,1851.0,2.195,2653.0,2.196,1963.0
1753533305825,12:35:05.825,BERA/USDT:USDT,2.193,206.0,2.192,1851.0,2.195,2654.0,2.196,1963.0
1753533305885,12:35:05.885,BERA/USDT:USDT,2.193,314.0,2.192,1851.0,2.195,2654.0,2.196,1963.0
1753533306105,12:35:06.105,BERA/USDT:USDT,2.193,314.0,2.192,1851.0,2.195,2654.0,2.196,1963.0
1753533307381,12:35:07.381,BERA/USDT:USDT,2.193,313.0,2.192,1851.0,2.195,2654.0,2.196,1963.0
1753533307517,12:35:07.517,BERA/USDT:USDT,2.193,314.0,2.192,1851.0,2.195,2654.0,2.196,1963.0
1753533308055,12:35:08.055,BERA/USDT:USDT,2.193,314.0,2.192,1851.0,2.195,2653.0,2.196,1963.0
1753533308104,12:35:08.104,BERA/USDT:USDT,2.193,313.0,2.192,1851.0,2.195,2653.0,2.196,1963.0
1753533309383,12:35:09.383,BERA/USDT:USDT,2.193,205.0,2.192,1851.0,2.195,2653.0,2.196,1963.0
1753533309485,12:35:09.485,BERA/USDT:USDT,2.193,313.0,2.192,1851.0,2.195,2653.0,2.196,1963.0
1753533309765,12:35:09.765,BERA/USDT:USDT,2.193,313.0,2.192,1851.0,2.195,2498.0,2.196,1655.0
1753533310468,12:35:10.468,BERA/USDT:USDT,2.193,204.0,2.192,1851.0,2.195,2498.0,2.196,1655.0
1753533310519,12:35:10.519,BERA/USDT:USDT,2.192,1860.0,2.191,5245.0,2.195,2507.0,2.196,1646.0
1753533310605,12:35:10.605,BERA/USDT:USDT,2.193,1.0,2.192,1279.0,2.195,2507.0,2.196,1646.0
1753533311056,12:35:11.056,BERA/USDT:USDT,2.193,1.0,2.192,1279.0,2.195,2508.0,2.196,1646.0
1753533312641,12:35:12.641,BERA/USDT:USDT,2.193,1.0,2.192,1279.0,2.195,2508.0,2.196,1646.0
1753533312848,12:35:12.848,BERA/USDT:USDT,2.193,1.0,2.192,1279.0,2.195,2508.0,2.196,1646.0
1753533314385,12:35:14.385,BERA/USDT:USDT,2.193,1.0,2.192,1279.0,2.195,2508.0,2.196,1646.0
1753533315465,12:35:15.465,BERA/USDT:USDT,2.193,1.0,2.192,929.0,2.194,397.0,2.195,2507.0
1753533315492,12:35:15.492,BERA/USDT:USDT,2.193,1.0,2.192,929.0,2.194,397.0,2.195,2507.0
1753533315614,12:35:15.614,BERA/USDT:USDT,2.193,1.0,2.192,929.0,2.194,397.0,2.195,2196.0
1753533315755,12:35:15.755,BERA/USDT:USDT,2.193,1.0,2.192,617.0,2.194,397.0,2.195,2206.0
1753533315880,12:35:15.880,BERA/USDT:USDT,2.193,2.0,2.192,617.0,2.195,1059.0,2.196,1646.0
1753533315963,12:35:15.963,BERA/USDT:USDT,2.193,1.0,2.192,519.0,2.195,2195.0,2.196,1646.0
1753533316401,12:35:16.401,BERA/USDT:USDT,2.193,1.0,2.192,519.0,2.195,2196.0,2.196,1646.0
1753533316757,12:35:16.757,BERA/USDT:USDT,2.193,1.0,2.192,519.0,2.195,2195.0,2.196,1646.0
1753533316798,12:35:16.798,BERA/USDT:USDT,2.193,118.0,2.192,510.0,2.195,2186.0,2.196,1655.0
1753533317078,12:35:17.078,BERA/USDT:USDT,2.193,1.0,2.192,519.0,2.195,2195.0,2.196,1646.0
1753533317085,12:35:17.085,BERA/USDT:USDT,2.193,1.0,2.192,710.0,2.195,2195.0,2.196,1646.0
1753533317291,12:35:17.291,BERA/USDT:USDT,2.193,1.0,2.192,710.0,2.195,2196.0,2.196,1646.0
1753533317438,12:35:17.438,BERA/USDT:USDT,2.193,206.0,2.192,701.0,2.195,2186.0,2.196,1655.0
1753533317664,12:35:17.664,BERA/USDT:USDT,2.193,206.0,2.192,701.0,2.195,2186.0,2.196,1655.0
1753533317820,12:35:17.820,BERA/USDT:USDT,2.193,206.0,2.192,701.0,2.195,2186.0,2.196,1655.0
1753533319367,12:35:19.367,BERA/USDT:USDT,2.193,206.0,2.192,1033.0,2.195,2186.0,2.196,1655.0
1753533319385,12:35:19.385,BERA/USDT:USDT,2.193,314.0,2.192,1033.0,2.195,2186.0,2.196,1655.0
1753533319702,12:35:19.702,BERA/USDT:USDT,2.193,206.0,2.192,1033.0,2.195,2186.0,2.196,1655.0
1753533320772,12:35:20.772,BERA/USDT:USDT,2.193,406.0,2.192,1033.0,2.195,2186.0,2.196,1655.0
1753533321201,12:35:21.201,BERA/USDT:USDT,2.193,405.0,2.192,1033.0,2.195,2186.0,2.196,1655.0
1753533321735,12:35:21.735,BERA/USDT:USDT,2.193,405.0,2.192,1033.0,2.195,2186.0,2.196,1655.0
1753533322445,12:35:22.445,BERA/USDT:USDT,2.193,405.0,2.192,1033.0,2.195,2186.0,2.196,1655.0
1753533323465,12:35:23.465,BERA/USDT:USDT,2.193,205.0,2.192,1892.0,2.195,2186.0,2.196,1655.0
1753533324133,12:35:24.133,BERA/USDT:USDT,2.193,205.0,2.192,1892.0,2.195,2186.0,2.196,1655.0
1753533326355,12:35:26.355,BERA/USDT:USDT,2.193,513.0,2.192,1892.0,2.195,1502.0,2.196,1655.0
1753533326464,12:35:26.464,BERA/USDT:USDT,2.193,513.0,2.192,1892.0,2.195,1502.0,2.196,1145.0
1753533326579,12:35:26.579,BERA/USDT:USDT,2.194,752.0,2.193,1044.0,2.196,18.0,2.197,572.0
1753533326680,12:35:26.680,BERA/USDT:USDT,2.196,215.0,2.195,698.0,2.197,9.0,2.198,200.0
1753533326778,12:35:26.778,BERA/USDT:USDT,2.196,207.0,2.195,1584.0,2.198,397.0,2.199,1143.0
1753533326881,12:35:26.881,BERA/USDT:USDT,2.197,836.0,2.196,207.0,2.199,577.0,2.2,983.0
1753533326982,12:35:26.982,BERA/USDT:USDT,2.198,198.0,2.197,689.0,2.199,18.0,2.2,9.0
1753533327080,12:35:27.080,BERA/USDT:USDT,2.198,864.0,2.197,1593.0,2.2,197.0,2.201,691.0
1753533327174,12:35:27.174,BERA/USDT:USDT,2.198,863.0,2.197,1593.0,2.201,420.0,2.202,748.0
1753533327280,12:35:27.280,BERA/USDT:USDT,2.199,1.0,2.198,862.0,2.201,423.0,2.202,1058.0
1753533327374,12:35:27.374,BERA/USDT:USDT,2.199,1.0,2.198,862.0,2.201,1569.0,2.202,1058.0
1753533327479,12:35:27.479,BERA/USDT:USDT,2.199,1.0,2.198,862.0,2.201,1569.0,2.202,766.0
1753533327572,12:35:27.572,BERA/USDT:USDT,2.199,1.0,2.198,862.0,2.201,1569.0,2.202,766.0
1753533327770,12:35:27.770,BERA/USDT:USDT,2.199,283.0,2.198,853.0,2.201,1655.0,2.202,1118.0
1753533327846,12:35:27.846,BERA/USDT:USDT,2.199,649.0,2.198,852.0,2.201,1654.0,2.202,1118.0
1753533327956,12:35:27.956,BERA/USDT:USDT,2.199,649.0,2.198,852.0,2.201,1654.0,2.202,1118.0
1753533328076,12:35:28.076,BERA/USDT:USDT,2.199,648.0,2.198,852.0,2.201,1654.0,2.202,1118.0
1753533328134,12:35:28.134,BERA/USDT:USDT,2.199,648.0,2.198,852.0,2.201,1655.0,2.202,1118.0
1753533328281,12:35:28.281,BERA/USDT:USDT,2.199,648.0,2.198,852.0,2.201,1655.0,2.202,1118.0
1753533328282,12:35:28.282,BERA/USDT:USDT,2.199,648.0,2.198,852.0,2.201,1655.0,2.202,1118.0
1753533328385,12:35:28.385,BERA/USDT:USDT,2.199,648.0,2.198,604.0,2.201,1655.0,2.202,1118.0
1753533328526,12:35:28.526,BERA/USDT:USDT,2.199,648.0,2.198,604.0,2.201,1654.0,2.202,1118.0
1753533328682,12:35:28.682,BERA/USDT:USDT,2.199,848.0,2.198,604.0,2.201,1654.0,2.202,1118.0
1753533328782,12:35:28.782,BERA/USDT:USDT,2.199,848.0,2.198,604.0,2.201,1654.0,2.202,1118.0
1753533328856,12:35:28.856,BERA/USDT:USDT,2.199,848.0,2.198,604.0,2.201,1655.0,2.202,1118.0
1753533328957,12:35:28.957,BERA/USDT:USDT,2.199,849.0,2.198,604.0,2.201,1654.0,2.202,1118.0
1753533328986,12:35:28.986,BERA/USDT:USDT,2.199,848.0,2.198,604.0,2.201,1654.0,2.202,1118.0
1753533329205,12:35:29.205,BERA/USDT:USDT,2.199,848.0,2.198,604.0,2.201,1655.0,2.202,1118.0
1753533329436,12:35:29.436,BERA/USDT:USDT,2.199,848.0,2.198,604.0,2.201,1655.0,2.202,1118.0
1753533329955,12:35:29.955,BERA/USDT:USDT,2.199,848.0,2.198,604.0,2.201,1655.0,2.202,1118.0
1753533330366,12:35:30.366,BERA/USDT:USDT,2.199,848.0,2.198,604.0,2.201,1656.0,2.202,1118.0
1753533330514,12:35:30.514,BERA/USDT:USDT,2.199,848.0,2.198,604.0,2.201,1656.0,2.202,1128.0
1753533331771,12:35:31.771,BERA/USDT:USDT,2.2,204.0,2.199,850.0,2.202,464.0,2.203,403.0
1753533331878,12:35:31.878,BERA/USDT:USDT,2.2,788.0,2.199,1312.0,2.202,218.0,2.203,412.0
1753533331980,12:35:31.980,BERA/USDT:USDT,2.202,700.0,2.201,1151.0,2.204,671.0,2.205,197.0
1753533332081,12:35:32.081,BERA/USDT:USDT,2.207,282.0,2.205,1112.0,2.209,198.0,2.21,308.0
1753533332165,12:35:32.165,BERA/USDT:USDT,2.207,282.0,2.206,205.0,2.209,203.0,2.21,308.0
1753533332278,12:35:32.278,BERA/USDT:USDT,2.207,273.0,2.206,226.0,2.208,204.0,2.209,402.0
1753533332374,12:35:32.374,BERA/USDT:USDT,2.207,273.0,2.206,560.0,2.208,204.0,2.209,404.0
1753533332465,12:35:32.465,BERA/USDT:USDT,2.207,273.0,2.206,560.0,2.208,204.0,2.209,814.0
1753533332526,12:35:32.526,BERA/USDT:USDT,2.207,273.0,2.206,560.0,2.208,204.0,2.209,814.0
1753533332665,12:35:32.665,BERA/USDT:USDT,2.207,273.0,2.206,560.0,2.208,204.0,2.209,985.0
1753533332771,12:35:32.771,BERA/USDT:USDT,2.207,273.0,2.206,560.0,2.208,204.0,2.209,985.0
1753533332789,12:35:32.789,BERA/USDT:USDT,2.207,273.0,2.206,560.0,2.208,204.0,2.209,985.0
1753533332978,12:35:32.978,BERA/USDT:USDT,2.207,273.0,2.206,560.0,2.208,204.0,2.209,985.0
1753533332993,12:35:32.993,BERA/USDT:USDT,2.207,273.0,2.206,560.0,2.208,204.0,2.209,985.0
1753533333180,12:35:33.180,BERA/USDT:USDT,2.206,560.0,2.205,1432.0,2.208,204.0,2.209,980.0
1753533333264,12:35:33.264,BERA/USDT:USDT,2.206,550.0,2.205,1422.0,2.208,1372.0,2.209,507.0
1753533333379,12:35:33.379,BERA/USDT:USDT,2.207,566.0,2.206,752.0,2.208,1168.0,2.209,305.0
1753533333482,12:35:33.482,BERA/USDT:USDT,2.207,958.0,2.206,752.0,2.209,197.0,2.21,716.0
1753533333579,12:35:33.579,BERA/USDT:USDT,2.209,273.0,2.208,802.0,2.211,209.0,2.212,695.0
1753533333675,12:35:33.675,BERA/USDT:USDT,2.208,1.0,2.207,1160.0,2.211,523.0,2.212,986.0
1753533333778,12:35:33.778,BERA/USDT:USDT,2.207,1233.0,2.206,1694.0,2.21,481.0,2.211,1804.0
1753533333805,12:35:33.805,BERA/USDT:USDT,2.207,1233.0,2.206,1694.0,2.21,854.0,2.211,1804.0
1753533333980,12:35:33.980,BERA/USDT:USDT,2.207,1233.0,2.206,1694.0,2.209,644.0,2.21,1060.0
1753533334078,12:35:34.078,BERA/USDT:USDT,2.207,366.0,2.206,911.0,2.209,646.0,2.21,1059.0
1753533334175,12:35:34.175,BERA/USDT:USDT,2.206,912.0,2.205,2283.0,2.209,645.0,2.21,1059.0
1753533334227,12:35:34.227,BERA/USDT:USDT,2.206,912.0,2.205,2283.0,2.209,1822.0,2.21,794.0
1753533334335,12:35:34.335,BERA/USDT:USDT,2.206,912.0,2.205,2283.0,2.209,1824.0,2.21,794.0
1753533334382,12:35:34.382,BERA/USDT:USDT,2.206,912.0,2.205,2283.0,2.209,1824.0,2.21,794.0
1753533334580,12:35:34.580,BERA/USDT:USDT,2.206,712.0,2.205,2283.0,2.209,1824.0,2.21,794.0
1753533334633,12:35:34.633,BERA/USDT:USDT,2.206,712.0,2.205,2283.0,2.209,1824.0,2.21,794.0
1753533334746,12:35:34.746,BERA/USDT:USDT,2.206,712.0,2.205,2283.0,2.209,1822.0,2.21,794.0
1753533334925,12:35:34.925,BERA/USDT:USDT,2.206,712.0,2.205,2283.0,2.209,1822.0,2.21,907.0
1753533335070,12:35:35.070,BERA/USDT:USDT,2.206,810.0,2.205,2292.0,2.208,443.0,2.209,1833.0
1753533335170,12:35:35.170,BERA/USDT:USDT,2.206,809.0,2.205,1120.0,2.208,443.0,2.209,1831.0
1753533335185,12:35:35.185,BERA/USDT:USDT,2.206,446.0,2.205,1378.0,2.208,443.0,2.209,1831.0
1753533335365,12:35:35.365,BERA/USDT:USDT,2.206,446.0,2.205,1378.0,2.208,443.0,2.209,1831.0
1753533335565,12:35:35.565,BERA/USDT:USDT,2.206,446.0,2.205,1378.0,2.208,443.0,2.209,2197.0
1753533335597,12:35:35.597,BERA/USDT:USDT,2.206,446.0,2.205,1378.0,2.208,443.0,2.209,2197.0
1753533336081,12:35:36.081,BERA/USDT:USDT,2.206,447.0,2.205,1378.0,2.208,443.0,2.209,2197.0
1753533336175,12:35:36.175,BERA/USDT:USDT,2.205,1105.0,2.204,2162.0,2.208,1236.0,2.209,2195.0
1753533336279,12:35:36.279,BERA/USDT:USDT,2.205,848.0,2.204,975.0,2.208,1238.0,2.209,2195.0
1753533336378,12:35:36.378,BERA/USDT:USDT,2.205,1103.0,2.204,2152.0,2.208,1238.0,2.209,2195.0
1753533336555,12:35:36.555,BERA/USDT:USDT,2.205,1103.0,2.204,2152.0,2.208,1238.0,2.209,2195.0
1753533336755,12:35:36.755,BERA/USDT:USDT,2.205,1103.0,2.204,2152.0,2.208,1238.0,2.209,2195.0
1753533336963,12:35:36.963,BERA/USDT:USDT,2.205,1094.0,2.204,2161.0,2.207,498.0,2.208,1245.0
1753533337057,12:35:37.057,BERA/USDT:USDT,2.205,1093.0,2.204,2161.0,2.207,298.0,2.208,1245.0
1753533337165,12:35:37.165,BERA/USDT:USDT,2.205,1095.0,2.204,2171.0,2.208,970.0,2.209,2196.0
1753533337266,12:35:37.266,BERA/USDT:USDT,2.206,404.0,2.205,1095.0,2.208,970.0,2.209,2196.0
1753533337313,12:35:37.313,BERA/USDT:USDT,2.206,404.0,2.205,1103.0,2.208,961.0,2.209,2205.0
1753533337425,12:35:37.425,BERA/USDT:USDT,2.206,204.0,2.205,1102.0,2.208,961.0,2.209,2205.0
1753533337490,12:35:37.490,BERA/USDT:USDT,2.206,204.0,2.205,1103.0,2.208,961.0,2.209,2205.0
1753533337955,12:35:37.955,BERA/USDT:USDT,2.206,204.0,2.205,1103.0,2.208,961.0,2.209,2205.0
1753533338054,12:35:38.054,BERA/USDT:USDT,2.205,1105.0,2.204,2162.0,2.208,961.0,2.209,2205.0
1753533338179,12:35:38.179,BERA/USDT:USDT,2.206,312.0,2.205,1105.0,2.209,213.0,2.21,1307.0
1753533338267,12:35:38.267,BERA/USDT:USDT,2.207,366.0,2.206,904.0,2.209,204.0,2.21,904.0
1753533338338,12:35:38.338,BERA/USDT:USDT,2.207,572.0,2.206,914.0,2.209,204.0,2.21,904.0
1753533338483,12:35:38.483,BERA/USDT:USDT,2.211,204.0,2.21,117.0,2.213,273.0,2.214,396.0
1753533338570,12:35:38.570,BERA/USDT:USDT,2.211,1304.0,2.21,1773.0,2.214,108.0,2.215,307.0
1753533338644,12:35:38.644,BERA/USDT:USDT,2.212,480.0,2.211,1312.0,2.214,312.0,2.215,307.0
1753533338753,12:35:38.753,BERA/USDT:USDT,2.212,275.0,2.211,1302.0,2.213,204.0,2.214,313.0
1753533338864,12:35:38.864,BERA/USDT:USDT,2.212,275.0,2.211,1302.0,2.213,204.0,2.214,313.0
1753533338974,12:35:38.974,BERA/USDT:USDT,2.212,275.0,2.211,1302.0,2.213,204.0,2.214,314.0
1753533339076,12:35:39.076,BERA/USDT:USDT,2.212,275.0,2.211,1302.0,2.213,204.0,2.214,314.0
1753533339111,12:35:39.111,BERA/USDT:USDT,2.212,275.0,2.211,1302.0,2.213,204.0,2.214,314.0
1753533339261,12:35:39.261,BERA/USDT:USDT,2.212,275.0,2.211,1302.0,2.213,204.0,2.214,314.0
1753533339440,12:35:39.440,BERA/USDT:USDT,2.212,275.0,2.211,1302.0,2.213,204.0,2.214,1559.0
1753533339560,12:35:39.560,BERA/USDT:USDT,2.212,475.0,2.211,1303.0,2.213,204.0,2.214,1559.0
1753533340097,12:35:40.097,BERA/USDT:USDT,2.212,475.0,2.211,1303.0,2.213,204.0,2.214,1558.0
1753533340264,12:35:40.264,BERA/USDT:USDT,2.212,2.0,2.211,1302.0,2.213,204.0,2.214,1559.0
1753533340374,12:35:40.374,BERA/USDT:USDT,2.212,2.0,2.211,1303.0,2.213,204.0,2.214,1558.0
1753533340473,12:35:40.473,BERA/USDT:USDT,2.212,2.0,2.211,1302.0,2.213,204.0,2.214,1558.0
1753533340557,12:35:40.557,BERA/USDT:USDT,2.212,2.0,2.211,1303.0,2.213,204.0,2.214,1557.0
1753533340649,12:35:40.649,BERA/USDT:USDT,2.212,2.0,2.211,1303.0,2.213,204.0,2.214,1557.0
1753533340687,12:35:40.687,BERA/USDT:USDT,2.212,2.0,2.211,1304.0,2.213,204.0,2.214,1557.0
1753533340874,12:35:40.874,BERA/USDT:USDT,2.212,2.0,2.211,1303.0,2.213,204.0,2.214,1558.0
1753533341056,12:35:41.056,BERA/USDT:USDT,2.212,2.0,2.211,1303.0,2.213,204.0,2.214,1558.0
1753533341332,12:35:41.332,BERA/USDT:USDT,2.212,2.0,2.211,1303.0,2.213,204.0,2.214,1670.0
1753533341446,12:35:41.446,BERA/USDT:USDT,2.212,2.0,2.211,1303.0,2.213,204.0,2.214,1670.0
1753533341670,12:35:41.670,BERA/USDT:USDT,2.212,2.0,2.211,1.0,2.213,215.0,2.214,1680.0
1753533341735,12:35:41.735,BERA/USDT:USDT,2.211,2.0,2.21,1053.0,2.213,658.0,2.214,1680.0
1753533341837,12:35:41.837,BERA/USDT:USDT,2.211,110.0,2.21,1053.0,2.213,654.0,2.214,1680.0
1753533341957,12:35:41.957,BERA/USDT:USDT,2.211,2.0,2.21,1053.0,2.213,654.0,2.214,1680.0
1753533342045,12:35:42.045,BERA/USDT:USDT,2.211,2.0,2.21,1053.0,2.212,401.0,2.213,854.0
1753533342094,12:35:42.094,BERA/USDT:USDT,2.211,2.0,2.21,1053.0,2.212,401.0,2.213,854.0
1753533342275,12:35:42.275,BERA/USDT:USDT,2.211,368.0,2.21,1053.0,2.212,201.0,2.213,852.0
1753533342335,12:35:42.335,BERA/USDT:USDT,2.211,368.0,2.21,1053.0,2.212,201.0,2.213,852.0
1753533342475,12:35:42.475,BERA/USDT:USDT,2.211,2.0,2.21,853.0,2.212,201.0,2.213,852.0
1753533342555,12:35:42.555,BERA/USDT:USDT,2.211,2.0,2.21,853.0,2.212,859.0,2.213,852.0
1753533342606,12:35:42.606,BERA/USDT:USDT,2.211,2.0,2.21,491.0,2.212,859.0,2.213,852.0
1753533342780,12:35:42.780,BERA/USDT:USDT,2.211,2.0,2.21,491.0,2.212,859.0,2.213,852.0
1753533342879,12:35:42.879,BERA/USDT:USDT,2.211,2.0,2.21,1.0,2.212,860.0,2.213,1219.0
1753533342944,12:35:42.944,BERA/USDT:USDT,2.21,2.0,2.209,1114.0,2.211,401.0,2.212,2212.0
1753533343051,12:35:43.051,BERA/USDT:USDT,2.21,2.0,2.209,1114.0,2.211,200.0,2.212,2212.0
1753533343087,12:35:43.087,BERA/USDT:USDT,2.21,2.0,2.209,1114.0,2.211,200.0,2.212,2212.0
1753533343256,12:35:43.256,BERA/USDT:USDT,2.21,2.0,2.209,1114.0,2.212,2212.0,2.213,1002.0
1753533343335,12:35:43.335,BERA/USDT:USDT,2.21,2.0,2.209,1114.0,2.212,2216.0,2.213,1002.0
1753533343484,12:35:43.484,BERA/USDT:USDT,2.215,719.0,2.214,859.0,2.217,108.0,2.218,526.0
1753533343581,12:35:43.581,BERA/USDT:USDT,2.216,308.0,2.215,615.0,2.219,835.0,2.22,1274.0
1753533343680,12:35:43.680,BERA/USDT:USDT,2.216,1346.0,2.215,2280.0,2.218,7.0,2.219,505.0
1753533343780,12:35:43.780,BERA/USDT:USDT,2.22,382.0,2.219,567.0,2.223,202.0,2.224,199.0
1753533343881,12:35:43.881,BERA/USDT:USDT,2.218,599.0,2.217,779.0,2.221,311.0,2.222,474.0
1753533343974,12:35:43.974,BERA/USDT:USDT,2.218,203.0,2.217,677.0,2.22,203.0,2.221,310.0
1753533344077,12:35:44.077,BERA/USDT:USDT,2.217,1072.0,2.216,2704.0,2.22,204.0,2.221,441.0
1753533344178,12:35:44.178,BERA/USDT:USDT,2.217,1072.0,2.216,2706.0,2.219,9.0,2.22,201.0
1753533344235,12:35:44.235,BERA/USDT:USDT,2.217,1071.0,2.216,2291.0,2.219,2.0,2.22,631.0
1753533344377,12:35:44.377,BERA/USDT:USDT,2.217,1071.0,2.216,2291.0,2.219,2.0,2.22,632.0
1753533344400,12:35:44.400,BERA/USDT:USDT,2.217,1071.0,2.216,2291.0,2.219,2.0,2.22,632.0
1753533344507,12:35:44.507,BERA/USDT:USDT,2.217,1271.0,2.216,2291.0,2.219,2.0,2.22,832.0
1753533344609,12:35:44.609,BERA/USDT:USDT,2.217,1271.0,2.216,2291.0,2.219,2.0,2.22,832.0
1753533344859,12:35:44.859,BERA/USDT:USDT,2.217,1271.0,2.216,2291.0,2.219,203.0,2.22,833.0
1753533345165,12:35:45.165,BERA/USDT:USDT,2.217,567.0,2.216,955.0,2.219,535.0,2.22,1117.0
1753533345262,12:35:45.262,BERA/USDT:USDT,2.217,403.0,2.216,2295.0,2.219,311.0,2.22,1117.0
1753533345325,12:35:45.325,BERA/USDT:USDT,2.217,403.0,2.216,1272.0,2.219,311.0,2.22,1117.0
1753533345465,12:35:45.465,BERA/USDT:USDT,2.216,1272.0,2.215,2425.0,2.219,311.0,2.22,1483.0
1753533345577,12:35:45.577,BERA/USDT:USDT,2.216,1000.0,2.215,2426.0,2.218,203.0,2.219,703.0
1753533345679,12:35:45.679,BERA/USDT:USDT,2.216,999.0,2.215,981.0,2.218,203.0,2.219,2044.0
1753533345779,12:35:45.779,BERA/USDT:USDT,2.216,683.0,2.215,1347.0,2.218,203.0,2.219,2044.0
1753533345879,12:35:45.879,BERA/USDT:USDT,2.216,683.0,2.215,1347.0,2.218,203.0,2.219,2044.0
1753533346059,12:35:46.059,BERA/USDT:USDT,2.216,541.0,2.215,1348.0,2.218,203.0,2.219,2044.0
1753533346249,12:35:46.249,BERA/USDT:USDT,2.216,541.0,2.215,1348.0,2.218,203.0,2.219,2044.0
1753533346415,12:35:46.415,BERA/USDT:USDT,2.216,541.0,2.215,1348.0,2.218,203.0,2.219,2044.0
1753533346538,12:35:46.538,BERA/USDT:USDT,2.216,741.0,2.215,1358.0,2.218,432.0,2.219,2044.0
1753533346615,12:35:46.615,BERA/USDT:USDT,2.216,741.0,2.215,1358.0,2.218,432.0,2.219,2044.0
1753533346781,12:35:46.781,BERA/USDT:USDT,2.216,741.0,2.215,1358.0,2.218,432.0,2.219,2044.0
1753533346796,12:35:46.796,BERA/USDT:USDT,2.216,741.0,2.215,1358.0,2.218,432.0,2.219,2044.0
1753533346981,12:35:46.981,BERA/USDT:USDT,2.212,309.0,2.211,201.0,2.214,473.0,2.215,700.0
1753533347080,12:35:47.080,BERA/USDT:USDT,2.212,440.0,2.211,677.0,2.214,275.0,2.215,2072.0
1753533347179,12:35:47.179,BERA/USDT:USDT,2.212,440.0,2.211,877.0,2.214,2.0,2.215,2071.0
1753533347272,12:35:47.272,BERA/USDT:USDT,2.212,440.0,2.211,877.0,2.214,2.0,2.215,1124.0
1753533347373,12:35:47.373,BERA/USDT:USDT,2.212,440.0,2.211,1338.0,2.214,2.0,2.215,1124.0
1753533347470,12:35:47.470,BERA/USDT:USDT,2.212,440.0,2.211,1338.0,2.214,202.0,2.215,1124.0
1753533347482,12:35:47.482,BERA/USDT:USDT,2.212,440.0,2.211,1338.0,2.214,202.0,2.215,1124.0
1753533347759,12:35:47.759,BERA/USDT:USDT,2.212,440.0,2.211,1338.0,2.214,475.0,2.215,1124.0
1753533347972,12:35:47.972,BERA/USDT:USDT,2.212,440.0,2.211,1338.0,2.214,475.0,2.215,1124.0
1753533348025,12:35:48.025,BERA/USDT:USDT,2.212,440.0,2.211,1338.0,2.214,475.0,2.215,1124.0
1753533348134,12:35:48.134,BERA/USDT:USDT,2.212,431.0,2.211,1338.0,2.214,475.0,2.215,1124.0
1753533348275,12:35:48.275,BERA/USDT:USDT,2.212,431.0,2.211,1338.0,2.214,475.0,2.215,1124.0
1753533348460,12:35:48.460,BERA/USDT:USDT,2.213,401.0,2.212,650.0,2.214,2.0,2.215,713.0
1753533348566,12:35:48.566,BERA/USDT:USDT,2.215,202.0,2.214,796.0,2.217,201.0,2.218,1704.0
1753533348653,12:35:48.653,BERA/USDT:USDT,2.214,202.0,2.213,1364.0,2.216,473.0,2.217,793.0
1753533348781,12:35:48.781,BERA/USDT:USDT,2.217,839.0,2.216,119.0,2.221,306.0,2.222,474.0
1753533348880,12:35:48.880,BERA/USDT:USDT,2.218,200.0,2.217,2203.0,2.22,11.0,2.221,398.0
1753533348961,12:35:48.961,BERA/USDT:USDT,2.219,639.0,2.218,873.0,2.221,198.0,2.222,509.0
1753533349031,12:35:49.031,BERA/USDT:USDT,2.219,915.0,2.218,871.0,2.221,198.0,2.222,509.0
1753533349181,12:35:49.181,BERA/USDT:USDT,2.219,379.0,2.218,870.0,2.221,316.0,2.222,1212.0
1753533349281,12:35:49.281,BERA/USDT:USDT,2.219,3.0,2.218,860.0,2.22,198.0,2.221,306.0
1753533349339,12:35:49.339,BERA/USDT:USDT,2.219,3.0,2.218,1.0,2.22,198.0,2.221,306.0
1753533349472,12:35:49.472,BERA/USDT:USDT,2.218,3.0,2.217,837.0,2.219,198.0,2.22,210.0
1753533349560,12:35:49.560,BERA/USDT:USDT,2.218,3.0,2.217,639.0,2.219,198.0,2.22,1592.0
1753533349645,12:35:49.645,BERA/USDT:USDT,2.218,3.0,2.217,639.0,2.219,198.0,2.22,1592.0
1753533349780,12:35:49.780,BERA/USDT:USDT,2.218,3.0,2.217,639.0,2.219,208.0,2.22,1592.0
1753533349881,12:35:49.881,BERA/USDT:USDT,2.216,594.0,2.215,2130.0,2.218,398.0,2.219,876.0
1753533349960,12:35:49.960,BERA/USDT:USDT,2.216,2.0,2.215,1237.0,2.217,198.0,2.218,400.0
1753533349989,12:35:49.989,BERA/USDT:USDT,2.216,1.0,2.215,1238.0,2.217,200.0,2.218,398.0
1753533350182,12:35:50.182,BERA/USDT:USDT,2.216,1.0,2.215,1238.0,2.217,200.0,2.218,398.0
1753533350267,12:35:50.267,BERA/USDT:USDT,2.216,1.0,2.215,1238.0,2.217,200.0,2.218,398.0
1753533350380,12:35:50.380,BERA/USDT:USDT,2.216,1.0,2.215,475.0,2.217,200.0,2.218,2018.0
1753533350465,12:35:50.465,BERA/USDT:USDT,2.216,1.0,2.215,629.0,2.217,400.0,2.218,2218.0
1753533350554,12:35:50.554,BERA/USDT:USDT,2.216,1.0,2.215,630.0,2.217,116.0,2.218,2206.0
1753533350675,12:35:50.675,BERA/USDT:USDT,2.216,689.0,2.215,2212.0,2.218,198.0,2.219,506.0
1753533350754,12:35:50.754,BERA/USDT:USDT,2.216,1089.0,2.215,2067.0,2.218,199.0,2.219,398.0
1753533350820,12:35:50.820,BERA/USDT:USDT,2.216,1089.0,2.215,2067.0,2.218,199.0,2.219,398.0
1753533350943,12:35:50.943,BERA/USDT:USDT,2.216,1089.0,2.215,2067.0,2.218,199.0,2.219,398.0
1753533351072,12:35:51.072,BERA/USDT:USDT,2.216,691.0,2.215,2057.0,2.218,199.0,2.219,398.0
1753533351160,12:35:51.160,BERA/USDT:USDT,2.216,418.0,2.215,1949.0,2.218,199.0,2.219,1126.0
1753533351225,12:35:51.225,BERA/USDT:USDT,2.216,112.0,2.215,1022.0,2.218,199.0,2.219,1127.0
1753533351337,12:35:51.337,BERA/USDT:USDT,2.216,111.0,2.215,1023.0,2.218,307.0,2.219,1127.0
1753533351432,12:35:51.432,BERA/USDT:USDT,2.216,450.0,2.215,1223.0,2.218,399.0,2.219,1127.0
1753533351879,12:35:51.879,BERA/USDT:USDT,2.216,723.0,2.215,1223.0,2.218,199.0,2.219,1125.0
1753533352075,12:35:52.075,BERA/USDT:USDT,2.216,723.0,2.215,1223.0,2.218,199.0,2.219,1125.0
1753533352086,12:35:52.086,BERA/USDT:USDT,2.216,723.0,2.215,1223.0,2.218,199.0,2.219,1125.0
1753533352244,12:35:52.244,BERA/USDT:USDT,2.216,722.0,2.215,1223.0,2.218,199.0,2.219,1125.0
1753533352360,12:35:52.360,BERA/USDT:USDT,2.216,449.0,2.215,1222.0,2.218,199.0,2.219,1125.0
1753533352478,12:35:52.478,BERA/USDT:USDT,2.216,449.0,2.215,1222.0,2.218,399.0,2.219,1125.0
1753533352565,12:35:52.565,BERA/USDT:USDT,2.216,723.0,2.215,1222.0,2.218,456.0,2.219,1125.0
1753533352682,12:35:52.682,BERA/USDT:USDT,2.216,722.0,2.215,1222.0,2.218,256.0,2.219,1125.0
1753533352685,12:35:52.685,BERA/USDT:USDT,2.216,722.0,2.215,1222.0,2.218,256.0,2.219,1125.0
1753533352859,12:35:52.859,BERA/USDT:USDT,2.216,722.0,2.215,1222.0,2.218,256.0,2.219,1125.0
1753533352955,12:35:52.955,BERA/USDT:USDT,2.216,722.0,2.215,1222.0,2.218,256.0,2.219,1125.0
1753533353025,12:35:53.025,BERA/USDT:USDT,2.216,722.0,2.215,1222.0,2.218,256.0,2.219,1125.0
1753533353365,12:35:53.365,BERA/USDT:USDT,2.216,522.0,2.215,1222.0,2.218,256.0,2.219,1125.0
1753533353404,12:35:53.404,BERA/USDT:USDT,2.216,522.0,2.215,1222.0,2.218,456.0,2.219,1125.0
1753533353778,12:35:53.778,BERA/USDT:USDT,2.216,523.0,2.215,1221.0,2.218,456.0,2.219,1125.0
1753533353866,12:35:53.866,BERA/USDT:USDT,2.216,523.0,2.215,1221.0,2.218,456.0,2.219,1125.0
1753533354455,12:35:54.455,BERA/USDT:USDT,2.216,522.0,2.215,1221.0,2.218,456.0,2.219,1125.0
1753533354550,12:35:54.550,BERA/USDT:USDT,2.216,2.0,2.215,1222.0,2.217,198.0,2.218,456.0
1753533354681,12:35:54.681,BERA/USDT:USDT,2.216,2.0,2.215,475.0,2.217,199.0,2.218,847.0
1753533354754,12:35:54.754,BERA/USDT:USDT,2.216,2.0,2.215,880.0,2.217,199.0,2.218,2116.0
1753533354882,12:35:54.882,BERA/USDT:USDT,2.217,366.0,2.216,674.0,2.219,498.0,2.22,779.0
1753533354982,12:35:54.982,BERA/USDT:USDT,2.218,473.0,2.217,1338.0,2.22,506.0,2.221,701.0
1753533355079,12:35:55.079,BERA/USDT:USDT,2.22,273.0,2.219,762.0,2.222,198.0,2.224,838.0
1753533355182,12:35:55.182,BERA/USDT:USDT,2.221,590.0,2.22,713.0,2.224,199.0,2.225,313.0
1753533355266,12:35:55.266,BERA/USDT:USDT,2.222,3.0,2.221,264.0,2.224,320.0,2.225,694.0
1753533355369,12:35:55.369,BERA/USDT:USDT,2.222,3.0,2.221,264.0,2.224,686.0,2.225,2117.0
1753533355479,12:35:55.479,BERA/USDT:USDT,2.222,3.0,2.22,1022.0,2.224,1135.0,2.225,2117.0
1753533355575,12:35:55.575,BERA/USDT:USDT,2.221,3.0,2.22,551.0,2.223,473.0,2.224,1133.0
1753533355678,12:35:55.678,BERA/USDT:USDT,2.219,966.0,2.218,779.0,2.223,473.0,2.224,1390.0
1753533355735,12:35:55.735,BERA/USDT:USDT,2.22,2.0,2.219,870.0,2.222,321.0,2.223,471.0
1753533355864,12:35:55.864,BERA/USDT:USDT,2.22,2.0,2.219,870.0,2.222,1734.0,2.223,471.0
1753533355982,12:35:55.982,BERA/USDT:USDT,2.22,2.0,2.219,870.0,2.222,1734.0,2.223,471.0
1753533356031,12:35:56.031,BERA/USDT:USDT,2.22,2.0,2.219,870.0,2.222,1734.0,2.223,471.0
1753533356085,12:35:56.085,BERA/USDT:USDT,2.22,2.0,2.219,870.0,2.222,1734.0,2.223,579.0
1753533356234,12:35:56.234,BERA/USDT:USDT,2.22,2.0,2.219,870.0,2.222,1723.0,2.223,579.0
1753533356374,12:35:56.374,BERA/USDT:USDT,2.22,2.0,2.219,672.0,2.221,200.0,2.222,1923.0
1753533356462,12:35:56.462,BERA/USDT:USDT,2.22,2.0,2.219,672.0,2.221,400.0,2.222,1921.0
1753533356505,12:35:56.505,BERA/USDT:USDT,2.22,2.0,2.219,672.0,2.221,400.0,2.222,1921.0
1753533356584,12:35:56.584,BERA/USDT:USDT,2.22,2.0,2.219,672.0,2.221,400.0,2.222,1921.0
1753533356734,12:35:56.734,BERA/USDT:USDT,2.22,2.0,2.219,672.0,2.221,411.0,2.222,1921.0
1753533356874,12:35:56.874,BERA/USDT:USDT,2.22,2.0,2.219,672.0,2.221,400.0,2.222,1921.0
1753533357076,12:35:57.076,BERA/USDT:USDT,2.219,766.0,2.218,1023.0,2.221,13.0,2.222,618.0
1753533357153,12:35:57.153,BERA/USDT:USDT,2.219,775.0,2.218,1033.0,2.221,533.0,2.222,2032.0
1753533357278,12:35:57.278,BERA/USDT:USDT,2.219,883.0,2.218,1033.0,2.221,3.0,2.222,2032.0
1753533357355,12:35:57.355,BERA/USDT:USDT,2.219,883.0,2.218,1033.0,2.221,3.0,2.222,2032.0
1753533357509,12:35:57.509,BERA/USDT:USDT,2.219,883.0,2.218,1033.0,2.221,201.0,2.222,2032.0
1753533357766,12:35:57.766,BERA/USDT:USDT,2.219,883.0,2.218,1033.0,2.221,3.0,2.222,2032.0
1753533357873,12:35:57.873,BERA/USDT:USDT,2.219,883.0,2.218,1033.0,2.221,201.0,2.222,2032.0
1753533358024,12:35:58.024,BERA/USDT:USDT,2.219,883.0,2.218,1033.0,2.221,201.0,2.222,2032.0
1753533358122,12:35:58.122,BERA/USDT:USDT,2.219,883.0,2.218,1032.0,2.221,201.0,2.222,2032.0
1753533358437,12:35:58.437,BERA/USDT:USDT,2.219,883.0,2.218,1032.0,2.221,212.0,2.222,2032.0
1753533358494,12:35:58.494,BERA/USDT:USDT,2.219,686.0,2.218,1032.0,2.221,212.0,2.222,2032.0
1753533358636,12:35:58.636,BERA/USDT:USDT,2.219,686.0,2.218,1032.0,2.221,201.0,2.222,2032.0
1753533358734,12:35:58.734,BERA/USDT:USDT,2.219,685.0,2.218,1032.0,2.221,212.0,2.222,2032.0
1753533358829,12:35:58.829,BERA/USDT:USDT,2.219,685.0,2.218,1032.0,2.221,212.0,2.222,2032.0
1753533358925,12:35:58.925,BERA/USDT:USDT,2.219,686.0,2.218,1032.0,2.221,212.0,2.222,2032.0
1753533359022,12:35:59.022,BERA/USDT:USDT,2.219,685.0,2.218,1032.0,2.221,212.0,2.222,2032.0
1753533359164,12:35:59.164,BERA/USDT:USDT,2.219,686.0,2.218,1032.0,2.221,3.0,2.222,398.0
1753533359234,12:35:59.234,BERA/USDT:USDT,2.219,686.0,2.218,1032.0,2.221,14.0,2.222,506.0
1753533359285,12:35:59.285,BERA/USDT:USDT,2.219,686.0,2.218,1032.0,2.221,14.0,2.222,661.0
1753533359385,12:35:59.385,BERA/USDT:USDT,2.219,686.0,2.218,1032.0,2.221,14.0,2.222,891.0
1753533359634,12:35:59.634,BERA/USDT:USDT,2.219,686.0,2.218,1032.0,2.221,3.0,2.222,891.0
1753533359735,12:35:59.735,BERA/USDT:USDT,2.219,686.0,2.218,1032.0,2.221,14.0,2.222,891.0
1753533359865,12:35:59.865,BERA/USDT:USDT,2.219,685.0,2.218,1032.0,2.221,3.0,2.222,891.0
1753533359935,12:35:59.935,BERA/USDT:USDT,2.219,686.0,2.218,1032.0,2.221,14.0,2.222,891.0
1753533360034,12:36:00.034,BERA/USDT:USDT,2.219,686.0,2.218,1032.0,2.221,3.0,2.222,891.0
1753533360165,12:36:00.165,BERA/USDT:USDT,2.219,685.0,2.218,1032.0,2.221,3.0,2.222,891.0
1753533360268,12:36:00.268,BERA/USDT:USDT,2.219,684.0,2.218,1032.0,2.221,3.0,2.222,891.0
1753533360328,12:36:00.328,BERA/USDT:USDT,2.219,674.0,2.218,1022.0,2.221,404.0,2.222,891.0
1753533360477,12:36:00.477,BERA/USDT:USDT,2.218,217.0,2.217,1012.0,2.221,908.0,2.222,1257.0
1753533360558,12:36:00.558,BERA/USDT:USDT,2.218,489.0,2.217,1013.0,2.22,203.0,2.221,2050.0
1753533360672,12:36:00.672,BERA/USDT:USDT,2.219,401.0,2.218,892.0,2.22,3.0,2.221,1838.0
1753533360760,12:36:00.760,BERA/USDT:USDT,2.219,201.0,2.218,891.0,2.22,3.0,2.221,816.0
1753533360877,12:36:00.877,BERA/USDT:USDT,2.219,201.0,2.218,891.0,2.22,3.0,2.221,616.0
1753533360981,12:36:00.981,BERA/USDT:USDT,2.218,216.0,2.217,1358.0,2.22,204.0,2.221,1090.0
1753533361070,12:36:01.070,BERA/USDT:USDT,2.218,108.0,2.217,992.0,2.22,783.0,2.221,1090.0
1753533361175,12:36:01.175,BERA/USDT:USDT,2.218,108.0,2.217,992.0,2.22,782.0,2.221,1090.0
1753533361281,12:36:01.281,BERA/USDT:USDT,2.219,673.0,2.218,903.0,2.222,310.0,2.223,614.0
1753533361378,12:36:01.378,BERA/USDT:USDT,2.222,402.0,2.221,803.0,2.225,510.0,2.226,871.0
1753533361482,12:36:01.482,BERA/USDT:USDT,2.223,570.0,2.222,918.0,2.225,320.0,2.226,505.0
1753533361573,12:36:01.573,BERA/USDT:USDT,2.223,369.0,2.222,675.0,2.225,401.0,2.226,663.0
1753533361676,12:36:01.676,BERA/USDT:USDT,2.223,234.0,2.222,675.0,2.225,413.0,2.226,663.0
1753533361765,12:36:01.765,BERA/USDT:USDT,2.223,235.0,2.222,675.0,2.225,324.0,2.226,1077.0
1753533361812,12:36:01.812,BERA/USDT:USDT,2.223,235.0,2.222,675.0,2.225,324.0,2.226,1077.0
1753533361953,12:36:01.953,BERA/USDT:USDT,2.223,439.0,2.222,675.0,2.225,324.0,2.226,1077.0
1753533362046,12:36:02.046,BERA/USDT:USDT,2.223,438.0,2.222,675.0,2.225,452.0,2.226,1443.0
1753533362335,12:36:02.335,BERA/USDT:USDT,2.223,1.0,2.222,675.0,2.225,314.0,2.226,1443.0
1753533362444,12:36:02.444,BERA/USDT:USDT,2.223,1.0,2.222,675.0,2.225,1869.0,2.226,1029.0
1753533362490,12:36:02.490,BERA/USDT:USDT,2.223,1.0,2.222,674.0,2.225,1869.0,2.226,1029.0
1753533363045,12:36:03.045,BERA/USDT:USDT,2.223,1.0,2.222,782.0,2.225,1869.0,2.226,1257.0
1753533363331,12:36:03.331,BERA/USDT:USDT,2.223,1.0,2.222,782.0,2.225,2069.0,2.226,1257.0
1753533363480,12:36:03.480,BERA/USDT:USDT,2.223,1.0,2.222,581.0,2.225,2069.0,2.226,1257.0
1753533363540,12:36:03.540,BERA/USDT:USDT,2.223,1.0,2.222,868.0,2.225,2067.0,2.226,1257.0
1753533363674,12:36:03.674,BERA/USDT:USDT,2.223,676.0,2.222,868.0,2.225,218.0,2.226,2336.0
1753533363689,12:36:03.689,BERA/USDT:USDT,2.223,677.0,2.222,868.0,2.225,529.0,2.226,2336.0
1753533364025,12:36:04.025,BERA/USDT:USDT,2.223,677.0,2.222,868.0,2.225,529.0,2.226,2336.0
1753533364096,12:36:04.096,BERA/USDT:USDT,2.223,677.0,2.222,868.0,2.225,529.0,2.226,2702.0
1753533364280,12:36:04.280,BERA/USDT:USDT,2.223,877.0,2.222,868.0,2.225,3.0,2.226,2702.0
1753533364310,12:36:04.310,BERA/USDT:USDT,2.223,877.0,2.222,868.0,2.225,3.0,2.226,2702.0
1753533364479,12:36:04.479,BERA/USDT:USDT,2.223,876.0,2.222,868.0,2.225,666.0,2.226,1257.0
1753533364566,12:36:04.566,BERA/USDT:USDT,2.223,876.0,2.222,868.0,2.225,218.0,2.226,2700.0
1753533364587,12:36:04.587,BERA/USDT:USDT,2.223,876.0,2.222,868.0,2.225,640.0,2.226,2700.0
1753533364745,12:36:04.745,BERA/USDT:USDT,2.223,876.0,2.222,868.0,2.225,639.0,2.226,2700.0
1753533364964,12:36:04.964,BERA/USDT:USDT,2.223,876.0,2.222,868.0,2.225,640.0,2.226,2700.0
1753533365025,12:36:05.025,BERA/USDT:USDT,2.223,876.0,2.222,690.0,2.225,640.0,2.226,2700.0
1753533365177,12:36:05.177,BERA/USDT:USDT,2.223,876.0,2.222,690.0,2.225,639.0,2.226,2700.0
1753533365247,12:36:05.247,BERA/USDT:USDT,2.223,876.0,2.222,690.0,2.225,638.0,2.226,2700.0
1753533365345,12:36:05.345,BERA/USDT:USDT,2.223,675.0,2.222,690.0,2.225,638.0,2.226,2700.0
1753533365476,12:36:05.476,BERA/USDT:USDT,2.222,217.0,2.221,1408.0,2.224,200.0,2.225,1041.0
1753533365570,12:36:05.570,BERA/USDT:USDT,2.222,217.0,2.221,1408.0,2.224,204.0,2.225,1037.0
1753533365623,12:36:05.623,BERA/USDT:USDT,2.222,217.0,2.221,1408.0,2.224,204.0,2.225,1037.0
1753533365773,12:36:05.773,BERA/USDT:USDT,2.222,217.0,2.221,1207.0,2.224,311.0,2.225,1318.0
1753533365924,12:36:05.924,BERA/USDT:USDT,2.222,218.0,2.221,1207.0,2.224,311.0,2.225,1318.0
1753533366258,12:36:06.258,BERA/USDT:USDT,2.222,418.0,2.221,1407.0,2.224,311.0,2.225,1318.0
1753533366288,12:36:06.288,BERA/USDT:USDT,2.222,418.0,2.221,1407.0,2.224,311.0,2.225,1318.0
1753533366441,12:36:06.441,BERA/USDT:USDT,2.222,200.0,2.221,1407.0,2.224,311.0,2.225,1318.0
1753533366781,12:36:06.781,BERA/USDT:USDT,2.221,1407.0,2.22,2625.0,2.224,311.0,2.225,1309.0
1753533366855,12:36:06.855,BERA/USDT:USDT,2.221,1409.0,2.22,2625.0,2.223,3.0,2.224,308.0
1753533366949,12:36:06.949,BERA/USDT:USDT,2.221,1438.0,2.22,2625.0,2.223,3.0,2.224,308.0
1753533367135,12:36:07.135,BERA/USDT:USDT,2.221,1409.0,2.22,2625.0,2.223,3.0,2.224,308.0
1753533367281,12:36:07.281,BERA/USDT:USDT,2.221,30.0,2.22,2416.0,2.223,406.0,2.224,674.0
1753533367381,12:36:07.381,BERA/USDT:USDT,2.219,474.0,2.218,572.0,2.222,749.0,2.223,1266.0
1753533367479,12:36:07.479,BERA/USDT:USDT,2.218,572.0,2.217,966.0,2.221,677.0,2.222,2089.0
1753533367581,12:36:07.581,BERA/USDT:USDT,2.219,201.0,2.218,857.0,2.223,741.0,2.224,1437.0
1753533367678,12:36:07.678,BERA/USDT:USDT,2.221,425.0,2.22,785.0,2.223,212.0,2.224,309.0
1753533367737,12:36:07.737,BERA/USDT:USDT,2.221,542.0,2.22,1215.0,2.223,200.0,2.224,308.0
1753533367883,12:36:07.883,BERA/USDT:USDT,2.225,201.0,2.224,957.0,2.229,425.0,2.23,405.0
1753533367961,12:36:07.961,BERA/USDT:USDT,2.226,370.0,2.225,201.0,2.228,214.0,2.229,304.0
1753533368065,12:36:08.065,BERA/USDT:USDT,2.226,369.0,2.225,202.0,2.228,294.0,2.229,305.0
1753533368180,12:36:08.180,BERA/USDT:USDT,2.226,642.0,2.225,901.0,2.228,293.0,2.229,305.0
1753533368235,12:36:08.235,BERA/USDT:USDT,2.226,642.0,2.225,901.0,2.228,414.0,2.229,749.0
1753533368304,12:36:08.304,BERA/USDT:USDT,2.226,642.0,2.225,901.0,2.228,414.0,2.229,749.0
1753533368463,12:36:08.463,BERA/USDT:USDT,2.226,642.0,2.225,901.0,2.228,201.0,2.229,749.0
1753533368623,12:36:08.623,BERA/USDT:USDT,2.226,642.0,2.225,901.0,2.228,201.0,2.229,748.0
1753533368974,12:36:08.974,BERA/USDT:USDT,2.226,431.0,2.225,901.0,2.228,201.0,2.229,749.0
1753533369065,12:36:09.065,BERA/USDT:USDT,2.226,433.0,2.225,901.0,2.228,111.0,2.229,749.0
1753533369136,12:36:09.136,BERA/USDT:USDT,2.226,432.0,2.225,900.0,2.228,125.0,2.229,749.0
1753533369250,12:36:09.250,BERA/USDT:USDT,2.226,632.0,2.225,1100.0,2.228,3.0,2.229,748.0
1753533369514,12:36:09.514,BERA/USDT:USDT,2.226,633.0,2.225,1100.0,2.228,3.0,2.229,748.0
1753533369661,12:36:09.661,BERA/USDT:USDT,2.226,633.0,2.225,1100.0,2.228,3.0,2.229,747.0
1753533369726,12:36:09.726,BERA/USDT:USDT,2.226,632.0,2.225,1100.0,2.228,3.0,2.229,747.0
1753533369851,12:36:09.851,BERA/USDT:USDT,2.226,632.0,2.225,1100.0,2.228,3.0,2.229,747.0
1753533369925,12:36:09.925,BERA/USDT:USDT,2.226,633.0,2.225,1100.0,2.228,3.0,2.229,747.0
1753533370026,12:36:10.026,BERA/USDT:USDT,2.226,633.0,2.225,1100.0,2.228,3.0,2.229,747.0
1753533370085,12:36:10.085,BERA/USDT:USDT,2.226,633.0,2.225,1100.0,2.228,3.0,2.229,747.0
1753533370265,12:36:10.265,BERA/USDT:USDT,2.227,200.0,2.226,632.0,2.228,3.0,2.229,747.0
1753533370354,12:36:10.354,BERA/USDT:USDT,2.227,201.0,2.226,640.0,2.228,3.0,2.229,747.0
1753533370427,12:36:10.427,BERA/USDT:USDT,2.227,201.0,2.226,640.0,2.228,3.0,2.229,747.0
1753533370547,12:36:10.547,BERA/USDT:USDT,2.227,201.0,2.226,640.0,2.228,3.0,2.229,749.0
1753533370677,12:36:10.677,BERA/USDT:USDT,2.227,201.0,2.226,640.0,2.228,3.0,2.229,748.0
1753533370727,12:36:10.727,BERA/USDT:USDT,2.227,1.0,2.226,640.0,2.228,3.0,2.229,749.0
1753533370865,12:36:10.865,BERA/USDT:USDT,2.227,1.0,2.226,748.0,2.228,3.0,2.229,749.0
1753533370989,12:36:10.989,BERA/USDT:USDT,2.227,1.0,2.226,748.0,2.228,3.0,2.229,749.0
1753533371379,12:36:11.379,BERA/USDT:USDT,2.227,1.0,2.226,367.0,2.228,3.0,2.229,1020.0
1753533371480,12:36:11.480,BERA/USDT:USDT,2.227,1.0,2.226,478.0,2.228,3.0,2.229,748.0
1753533371568,12:36:11.568,BERA/USDT:USDT,2.227,1.0,2.226,843.0,2.228,3.0,2.229,749.0
1753533371632,12:36:11.632,BERA/USDT:USDT,2.227,1.0,2.226,844.0,2.228,3.0,2.229,748.0
1753533371725,12:36:11.725,BERA/USDT:USDT,2.227,1.0,2.226,844.0,2.228,3.0,2.229,748.0
1753533371876,12:36:11.876,BERA/USDT:USDT,2.227,1.0,2.226,844.0,2.228,3.0,2.229,748.0
1753533371958,12:36:11.958,BERA/USDT:USDT,2.227,1.0,2.226,844.0,2.228,3.0,2.229,747.0
1753533372017,12:36:12.017,BERA/USDT:USDT,2.227,1.0,2.226,844.0,2.228,3.0,2.229,748.0
1753533372205,12:36:12.205,BERA/USDT:USDT,2.227,1.0,2.226,843.0,2.228,203.0,2.229,948.0
1753533372302,12:36:12.302,BERA/USDT:USDT,2.227,1.0,2.226,843.0,2.228,203.0,2.229,948.0
1753533372406,12:36:12.406,BERA/USDT:USDT,2.227,1.0,2.226,747.0,2.228,204.0,2.229,948.0
1753533372682,12:36:12.682,BERA/USDT:USDT,2.227,1.0,2.226,747.0,2.228,203.0,2.229,949.0
1753533372973,12:36:12.973,BERA/USDT:USDT,2.227,1.0,2.226,748.0,2.228,3.0,2.229,949.0
1753533373036,12:36:13.036,BERA/USDT:USDT,2.227,1.0,2.226,747.0,2.228,3.0,2.229,949.0
1753533373180,12:36:13.180,BERA/USDT:USDT,2.227,1.0,2.226,947.0,2.228,3.0,2.229,949.0
1753533373270,12:36:13.270,BERA/USDT:USDT,2.225,715.0,2.224,2508.0,2.227,404.0,2.228,705.0
1753533373380,12:36:13.380,BERA/USDT:USDT,2.224,367.0,2.223,595.0,2.226,405.0,2.227,1001.0
1753533373465,12:36:13.465,BERA/USDT:USDT,2.224,366.0,2.223,595.0,2.226,407.0,2.227,998.0
1753533373579,12:36:13.579,BERA/USDT:USDT,2.223,230.0,2.222,1056.0,2.225,404.0,2.226,2330.0
1753533373662,12:36:13.662,BERA/USDT:USDT,2.223,230.0,2.222,1055.0,2.225,407.0,2.226,2327.0
1753533373778,12:36:13.778,BERA/USDT:USDT,2.223,230.0,2.222,1471.0,2.225,407.0,2.226,2327.0
1753533373851,12:36:13.851,BERA/USDT:USDT,2.223,231.0,2.222,1471.0,2.225,407.0,2.226,2327.0
1753533373981,12:36:13.981,BERA/USDT:USDT,2.224,273.0,2.223,445.0,2.225,3.0,2.226,404.0
1753533374078,12:36:14.078,BERA/USDT:USDT,2.226,204.0,2.225,750.0,2.229,690.0,2.23,1001.0
1753533374181,12:36:14.181,BERA/USDT:USDT,2.228,478.0,2.227,206.0,2.229,14.0,2.23,1.0
1753533374278,12:36:14.278,BERA/USDT:USDT,2.228,473.0,2.227,916.0,2.23,1.0,2.231,203.0
1753533374376,12:36:14.376,BERA/USDT:USDT,2.228,1153.0,2.227,916.0,2.23,2.0,2.232,512.0
1753533374450,12:36:14.450,BERA/USDT:USDT,2.228,1153.0,2.227,916.0,2.23,2.0,2.232,312.0
1753533374545,12:36:14.545,BERA/USDT:USDT,2.228,1167.0,2.227,916.0,2.23,2.0,2.231,312.0
1753533374651,12:36:14.651,BERA/USDT:USDT,2.228,1153.0,2.227,916.0,2.23,2.0,2.231,312.0
1753533374685,12:36:14.685,BERA/USDT:USDT,2.228,1153.0,2.227,916.0,2.23,2.0,2.231,312.0
1753533374815,12:36:14.815,BERA/USDT:USDT,2.228,1153.0,2.227,916.0,2.23,2.0,2.231,312.0
1753533375063,12:36:15.063,BERA/USDT:USDT,2.228,1153.0,2.227,916.0,2.23,2.0,2.231,312.0
1753533375158,12:36:15.158,BERA/USDT:USDT,2.228,1153.0,2.227,1116.0,2.23,2.0,2.231,643.0
1753533375465,12:36:15.465,BERA/USDT:USDT,2.228,949.0,2.227,1116.0,2.23,2.0,2.231,2156.0
1753533375514,12:36:15.514,BERA/USDT:USDT,2.228,948.0,2.227,1116.0,2.23,781.0,2.231,2156.0
1753533375855,12:36:15.855,BERA/USDT:USDT,2.228,948.0,2.227,1116.0,2.23,781.0,2.231,2156.0
1753533376066,12:36:16.066,BERA/USDT:USDT,2.228,948.0,2.227,1116.0,2.23,781.0,2.231,2156.0
1753533376753,12:36:16.753,BERA/USDT:USDT,2.228,948.0,2.227,1116.0,2.23,781.0,2.231,2156.0
1753533377077,12:36:17.077,BERA/USDT:USDT,2.227,109.0,2.226,747.0,2.23,1422.0,2.231,2156.0
1753533377131,12:36:17.131,BERA/USDT:USDT,2.227,108.0,2.226,747.0,2.229,202.0,2.23,1621.0
1753533377266,12:36:17.266,BERA/USDT:USDT,2.227,109.0,2.226,1199.0,2.229,2.0,2.23,1348.0
1753533377361,12:36:17.361,BERA/USDT:USDT,2.227,108.0,2.226,1199.0,2.229,206.0,2.23,1621.0
1753533377600,12:36:17.600,BERA/USDT:USDT,2.226,1199.0,2.225,2258.0,2.229,520.0,2.23,1619.0
1753533377739,12:36:17.739,BERA/USDT:USDT,2.226,1201.0,2.225,2258.0,2.228,2.0,2.229,718.0
1753533377835,12:36:17.835,BERA/USDT:USDT,2.226,1215.0,2.225,2258.0,2.228,2.0,2.229,718.0
1753533378072,12:36:18.072,BERA/USDT:USDT,2.226,1215.0,2.225,2258.0,2.228,2.0,2.229,718.0
1753533378124,12:36:18.124,BERA/USDT:USDT,2.226,1415.0,2.225,2258.0,2.228,2.0,2.229,718.0
1753533378365,12:36:18.365,BERA/USDT:USDT,2.226,1400.0,2.225,2258.0,2.228,2.0,2.229,718.0
1753533378481,12:36:18.481,BERA/USDT:USDT,2.226,1401.0,2.225,2258.0,2.228,2.0,2.229,718.0
1753533378635,12:36:18.635,BERA/USDT:USDT,2.226,1415.0,2.225,2258.0,2.228,2.0,2.229,718.0
1753533378734,12:36:18.734,BERA/USDT:USDT,2.226,562.0,2.225,2258.0,2.228,2.0,2.229,718.0
1753533378817,12:36:18.817,BERA/USDT:USDT,2.226,561.0,2.225,2258.0,2.228,2.0,2.229,718.0
1753533378970,12:36:18.970,BERA/USDT:USDT,2.227,652.0,2.226,1410.0,2.23,1.0,2.231,443.0
1753533379064,12:36:19.064,BERA/USDT:USDT,2.228,326.0,2.227,650.0,2.23,200.0,2.231,443.0
1753533379181,12:36:19.181,BERA/USDT:USDT,2.231,567.0,2.23,481.0,2.234,436.0,2.235,205.0
1753533379280,12:36:19.280,BERA/USDT:USDT,2.232,2.0,2.231,567.0,2.233,1.0,2.234,236.0
1753533379381,12:36:19.381,BERA/USDT:USDT,2.23,472.0,2.229,711.0,2.233,401.0,2.234,1384.0
1753533379480,12:36:19.480,BERA/USDT:USDT,2.231,1.0,2.23,199.0,2.232,2.0,2.233,819.0
1753533379544,12:36:19.544,BERA/USDT:USDT,2.23,199.0,2.229,703.0,2.232,249.0,2.233,818.0
1753533379656,12:36:19.656,BERA/USDT:USDT,2.229,401.0,2.228,2677.0,2.232,248.0,2.233,817.0
1753533379780,12:36:19.780,BERA/USDT:USDT,2.229,402.0,2.228,2677.0,2.231,3.0,2.232,245.0
1753533379971,12:36:19.971,BERA/USDT:USDT,2.229,402.0,2.228,2677.0,2.231,3.0,2.232,245.0
1753533380035,12:36:20.035,BERA/USDT:USDT,2.229,414.0,2.228,2677.0,2.231,3.0,2.232,245.0
1753533380115,12:36:20.115,BERA/USDT:USDT,2.229,416.0,2.228,2677.0,2.231,3.0,2.232,245.0
1753533380266,12:36:20.266,BERA/USDT:USDT,2.229,401.0,2.228,2677.0,2.231,3.0,2.232,245.0
1753533380345,12:36:20.345,BERA/USDT:USDT,2.229,400.0,2.228,2678.0,2.231,3.0,2.232,672.0
1753533380391,12:36:20.391,BERA/USDT:USDT,2.229,400.0,2.228,2678.0,2.231,3.0,2.232,673.0
1753533380583,12:36:20.583,BERA/USDT:USDT,2.229,402.0,2.228,2678.0,2.231,3.0,2.232,673.0
1753533380859,12:36:20.859,BERA/USDT:USDT,2.229,402.0,2.228,2678.0,2.231,3.0,2.232,673.0
1753533381027,12:36:21.027,BERA/USDT:USDT,2.229,401.0,2.228,2678.0,2.231,3.0,2.232,673.0
1753533381148,12:36:21.148,BERA/USDT:USDT,2.229,400.0,2.228,2677.0,2.231,3.0,2.232,673.0
1753533381210,12:36:21.210,BERA/USDT:USDT,2.229,400.0,2.228,2677.0,2.231,3.0,2.232,673.0
1753533381340,12:36:21.340,BERA/USDT:USDT,2.229,400.0,2.228,2677.0,2.231,3.0,2.232,673.0
1753533381415,12:36:21.415,BERA/USDT:USDT,2.229,402.0,2.228,2677.0,2.231,3.0,2.232,673.0
1753533381873,12:36:21.873,BERA/USDT:USDT,2.229,1.0,2.228,1146.0,2.231,4.0,2.232,1312.0
1753533381971,12:36:21.971,BERA/USDT:USDT,2.229,399.0,2.228,2667.0,2.231,3.0,2.232,673.0
1753533382035,12:36:22.035,BERA/USDT:USDT,2.229,414.0,2.228,2667.0,2.231,3.0,2.232,673.0
1753533382169,12:36:22.169,BERA/USDT:USDT,2.229,414.0,2.228,2667.0,2.231,3.0,2.232,673.0
1753533382195,12:36:22.195,BERA/USDT:USDT,2.229,414.0,2.228,2667.0,2.231,3.0,2.232,673.0
1753533382334,12:36:22.334,BERA/USDT:USDT,2.229,400.0,2.228,2667.0,2.231,3.0,2.232,673.0
1753533382513,12:36:22.513,BERA/USDT:USDT,2.229,400.0,2.228,2667.0,2.231,3.0,2.232,673.0
1753533382647,12:36:22.647,BERA/USDT:USDT,2.229,1.0,2.228,2667.0,2.231,3.0,2.232,673.0
1753533382777,12:36:22.777,BERA/USDT:USDT,2.229,1.0,2.228,838.0,2.231,312.0,2.232,1312.0
1753533382881,12:36:22.881,BERA/USDT:USDT,2.225,204.0,2.224,678.0,2.228,273.0,2.229,2176.0
1753533382962,12:36:22.962,BERA/USDT:USDT,2.225,201.0,2.224,951.0,2.227,3.0,2.228,201.0
1753533383069,12:36:23.069,BERA/USDT:USDT,2.225,201.0,2.224,951.0,2.227,203.0,2.228,201.0
1753533383183,12:36:23.183,BERA/USDT:USDT,2.225,199.0,2.224,952.0,2.227,203.0,2.228,1416.0
1753533383258,12:36:23.258,BERA/USDT:USDT,2.225,199.0,2.224,951.0,2.227,203.0,2.228,1416.0
1753533383335,12:36:23.335,BERA/USDT:USDT,2.225,199.0,2.224,951.0,2.227,203.0,2.228,1416.0
1753533383467,12:36:23.467,BERA/USDT:USDT,2.225,199.0,2.224,951.0,2.227,203.0,2.228,1416.0
1753533383572,12:36:23.572,BERA/USDT:USDT,2.225,199.0,2.224,951.0,2.227,203.0,2.228,1416.0
1753533383633,12:36:23.633,BERA/USDT:USDT,2.225,199.0,2.224,951.0,2.227,203.0,2.228,1416.0
1753533383723,12:36:23.723,BERA/USDT:USDT,2.225,199.0,2.224,951.0,2.227,203.0,2.228,1416.0
1753533383875,12:36:23.875,BERA/USDT:USDT,2.226,567.0,2.225,410.0,2.228,201.0,2.229,416.0
1753533383944,12:36:23.944,BERA/USDT:USDT,2.227,200.0,2.226,1040.0,2.228,3.0,2.229,200.0
1753533384058,12:36:24.058,BERA/USDT:USDT,2.227,215.0,2.226,1040.0,2.228,3.0,2.229,200.0
1753533384088,12:36:24.088,BERA/USDT:USDT,2.227,215.0,2.226,840.0,2.228,3.0,2.229,200.0
1753533384255,12:36:24.255,BERA/USDT:USDT,2.227,201.0,2.226,567.0,2.228,3.0,2.229,401.0
1753533384579,12:36:24.579,BERA/USDT:USDT,2.225,309.0,2.224,1276.0,2.227,201.0,2.228,276.0
1753533384670,12:36:24.670,BERA/USDT:USDT,2.225,309.0,2.224,2801.0,2.227,204.0,2.228,273.0
1753533384835,12:36:24.835,BERA/USDT:USDT,2.225,332.0,2.224,2810.0,2.227,3.0,2.228,273.0
1753533384955,12:36:24.955,BERA/USDT:USDT,2.225,332.0,2.224,2810.0,2.227,3.0,2.228,273.0
1753533385080,12:36:25.080,BERA/USDT:USDT,2.227,199.0,2.226,1040.0,2.23,201.0,2.231,929.0
1753533385181,12:36:25.181,BERA/USDT:USDT,2.229,399.0,2.228,850.0,2.232,729.0,2.233,889.0
1753533385282,12:36:25.282,BERA/USDT:USDT,2.232,507.0,2.231,673.0,2.235,1.0,2.236,639.0
1753533385380,12:36:25.380,BERA/USDT:USDT,2.232,673.0,2.231,2209.0,2.235,200.0,2.236,309.0
1753533385465,12:36:25.465,BERA/USDT:USDT,2.233,577.0,2.232,1315.0,2.235,1.0,2.236,108.0
1753533385578,12:36:25.578,BERA/USDT:USDT,2.233,574.0,2.232,1315.0,2.235,3.0,2.236,108.0
1753533385604,12:36:25.604,BERA/USDT:USDT,2.233,574.0,2.232,1315.0,2.235,3.0,2.236,108.0
1753533385848,12:36:25.848,BERA/USDT:USDT,2.233,576.0,2.232,1315.0,2.235,3.0,2.236,108.0
1753533385971,12:36:25.971,BERA/USDT:USDT,2.233,574.0,2.232,1316.0,2.235,3.0,2.236,108.0
1753533386035,12:36:26.035,BERA/USDT:USDT,2.233,574.0,2.232,1316.0,2.235,3.0,2.236,108.0
1753533386091,12:36:26.091,BERA/USDT:USDT,2.233,574.0,2.232,1317.0,2.235,3.0,2.236,108.0
1753533386348,12:36:26.348,BERA/USDT:USDT,2.233,375.0,2.232,682.0,2.235,111.0,2.236,675.0
1753533386464,12:36:26.464,BERA/USDT:USDT,2.232,674.0,2.231,2511.0,2.235,242.0,2.236,1414.0
1753533386567,12:36:26.567,BERA/USDT:USDT,2.232,674.0,2.231,2512.0,2.234,2.0,2.235,240.0
1753533386775,12:36:26.775,BERA/USDT:USDT,2.232,673.0,2.231,977.0,2.234,2.0,2.235,240.0
1753533386850,12:36:26.850,BERA/USDT:USDT,2.232,672.0,2.231,2526.0,2.234,2.0,2.235,240.0
1753533386977,12:36:26.977,BERA/USDT:USDT,2.232,473.0,2.231,2116.0,2.234,2.0,2.235,240.0
1753533387060,12:36:27.060,BERA/USDT:USDT,2.232,200.0,2.231,566.0,2.234,2.0,2.235,440.0
1753533387137,12:36:27.137,BERA/USDT:USDT,2.232,200.0,2.231,567.0,2.234,2.0,2.235,440.0
1753533387361,12:36:27.361,BERA/USDT:USDT,2.232,200.0,2.231,567.0,2.234,2.0,2.235,440.0
1753533387453,12:36:27.453,BERA/USDT:USDT,2.232,200.0,2.231,567.0,2.234,2.0,2.235,440.0
1753533387600,12:36:27.600,BERA/USDT:USDT,2.232,200.0,2.231,567.0,2.234,2.0,2.235,440.0
1753533388013,12:36:28.013,BERA/USDT:USDT,2.232,200.0,2.231,767.0,2.234,2.0,2.235,440.0
1753533388172,12:36:28.172,BERA/USDT:USDT,2.231,767.0,2.23,2138.0,2.234,2.0,2.235,440.0
1753533388281,12:36:28.281,BERA/USDT:USDT,2.231,214.0,2.23,947.0,2.234,751.0,2.235,648.0
1753533388335,12:36:28.335,BERA/USDT:USDT,2.231,199.0,2.23,2494.0,2.233,2.0,2.234,748.0
1753533388437,12:36:28.437,BERA/USDT:USDT,2.231,199.0,2.23,2503.0,2.233,2.0,2.234,748.0
1753533388608,12:36:28.608,BERA/USDT:USDT,2.231,199.0,2.23,958.0,2.233,2.0,2.234,748.0
1753533388849,12:36:28.849,BERA/USDT:USDT,2.231,199.0,2.23,958.0,2.233,2.0,2.234,748.0
1753533388961,12:36:28.961,BERA/USDT:USDT,2.231,199.0,2.23,958.0,2.233,2.0,2.234,748.0
1753533389049,12:36:29.049,BERA/USDT:USDT,2.231,399.0,2.23,958.0,2.233,2.0,2.234,748.0
1753533389265,12:36:29.265,BERA/USDT:USDT,2.231,400.0,2.23,958.0,2.233,2.0,2.235,440.0
1753533389350,12:36:29.350,BERA/USDT:USDT,2.231,413.0,2.23,957.0,2.234,369.0,2.235,439.0
1753533389477,12:36:29.477,BERA/USDT:USDT,2.231,401.0,2.23,957.0,2.233,2.0,2.234,566.0
1753533389584,12:36:29.584,BERA/USDT:USDT,2.23,641.0,2.229,2634.0,2.233,2.0,2.234,839.0
1753533389643,12:36:29.643,BERA/USDT:USDT,2.23,642.0,2.229,2634.0,2.233,2.0,2.234,839.0
1753533389763,12:36:29.763,BERA/USDT:USDT,2.23,642.0,2.229,2634.0,2.233,2.0,2.234,839.0
1753533389858,12:36:29.858,BERA/USDT:USDT,2.23,381.0,2.229,2434.0,2.233,455.0,2.234,839.0
1753533389968,12:36:29.968,BERA/USDT:USDT,2.23,200.0,2.229,892.0,2.232,202.0,2.233,1082.0
1753533390067,12:36:30.067,BERA/USDT:USDT,2.229,202.0,2.228,2486.0,2.232,2.0,2.233,883.0
1753533390159,12:36:30.159,BERA/USDT:USDT,2.229,201.0,2.228,2486.0,2.232,267.0,2.233,883.0
1753533390270,12:36:30.270,BERA/USDT:USDT,2.229,201.0,2.228,2487.0,2.231,2.0,2.232,265.0
1753533390361,12:36:30.361,BERA/USDT:USDT,2.229,202.0,2.228,2487.0,2.231,2.0,2.232,265.0
1753533390454,12:36:30.454,BERA/USDT:USDT,2.229,202.0,2.228,2487.0,2.231,2.0,2.232,265.0
1753533390578,12:36:30.578,BERA/USDT:USDT,2.233,199.0,2.232,767.0,2.235,109.0,2.236,273.0
1753533390677,12:36:30.677,BERA/USDT:USDT,2.233,202.0,2.232,2307.0,2.235,1.0,2.236,108.0
1753533390781,12:36:30.781,BERA/USDT:USDT,2.234,2471.0,2.233,1185.0,2.239,217.0,2.24,723.0
1753533390880,12:36:30.880,BERA/USDT:USDT,2.236,565.0,2.235,476.0,2.239,233.0,2.24,450.0
1753533390980,12:36:30.980,BERA/USDT:USDT,2.237,275.0,2.236,2124.0,2.239,124.0,2.24,450.0
1753533391081,12:36:31.081,BERA/USDT:USDT,2.237,276.0,2.236,566.0,2.239,108.0,2.24,452.0
1753533391173,12:36:31.173,BERA/USDT:USDT,2.237,2.0,2.236,567.0,2.239,108.0,2.24,452.0
1753533391281,12:36:31.281,BERA/USDT:USDT,2.237,2.0,2.236,566.0,2.239,124.0,2.24,594.0
1753533391335,12:36:31.335,BERA/USDT:USDT,2.237,2.0,2.236,565.0,2.239,108.0,2.24,594.0
1753533391564,12:36:31.564,BERA/USDT:USDT,2.237,2.0,2.236,366.0,2.239,1020.0,2.24,2157.0
1753533391645,12:36:31.645,BERA/USDT:USDT,2.237,2.0,2.235,472.0,2.239,1386.0,2.24,2462.0
1753533391777,12:36:31.777,BERA/USDT:USDT,2.236,2.0,2.235,672.0,2.238,321.0,2.239,1850.0
1753533391851,12:36:31.851,BERA/USDT:USDT,2.236,2.0,2.235,672.0,2.238,337.0,2.239,1850.0
1753533391969,12:36:31.969,BERA/USDT:USDT,2.236,2.0,2.235,672.0,2.238,537.0,2.239,1850.0
1753533392045,12:36:32.045,BERA/USDT:USDT,2.236,2.0,2.235,472.0,2.238,538.0,2.239,1851.0
1753533392161,12:36:32.161,BERA/USDT:USDT,2.236,2.0,2.235,472.0,2.238,539.0,2.239,1852.0
1753533392267,12:36:32.267,BERA/USDT:USDT,2.236,2.0,2.235,472.0,2.238,523.0,2.239,1852.0
1753533392338,12:36:32.338,BERA/USDT:USDT,2.236,2.0,2.235,472.0,2.238,523.0,2.239,1852.0
1753533392656,12:36:32.656,BERA/USDT:USDT,2.236,2.0,2.235,472.0,2.238,339.0,2.239,1852.0
1753533393047,12:36:33.047,BERA/USDT:USDT,2.236,2.0,2.235,472.0,2.238,323.0,2.239,1852.0
1753533393085,12:36:33.085,BERA/USDT:USDT,2.236,2.0,2.235,472.0,2.238,323.0,2.239,1852.0
1753533393256,12:36:33.256,BERA/USDT:USDT,2.236,2.0,2.235,273.0,2.238,323.0,2.239,1852.0
1753533393336,12:36:33.336,BERA/USDT:USDT,2.236,2.0,2.234,566.0,2.238,339.0,2.239,1852.0
1753533393410,12:36:33.410,BERA/USDT:USDT,2.235,2.0,2.234,766.0,2.238,339.0,2.239,1852.0
1753533393489,12:36:33.489,BERA/USDT:USDT,2.235,2.0,2.234,766.0,2.238,339.0,2.239,1852.0
1753533393673,12:36:33.673,BERA/USDT:USDT,2.235,275.0,2.234,766.0,2.238,323.0,2.239,1852.0
1753533393735,12:36:33.735,BERA/USDT:USDT,2.236,2.0,2.235,273.0,2.238,338.0,2.239,1852.0
1753533393833,12:36:33.833,BERA/USDT:USDT,2.236,2.0,2.234,566.0,2.238,522.0,2.239,1852.0
1753533393965,12:36:33.965,BERA/USDT:USDT,2.235,2.0,2.234,767.0,2.237,108.0,2.238,737.0
1753533394061,12:36:34.061,BERA/USDT:USDT,2.235,2.0,2.234,767.0,2.237,251.0,2.238,1187.0
1753533394125,12:36:34.125,BERA/USDT:USDT,2.235,2.0,2.234,767.0,2.237,251.0,2.238,1187.0
1753533394375,12:36:34.375,BERA/USDT:USDT,2.235,2.0,2.234,367.0,2.237,251.0,2.238,1187.0
1753533394411,12:36:34.411,BERA/USDT:USDT,2.235,2.0,2.234,367.0,2.237,251.0,2.238,1187.0
1753533394573,12:36:34.573,BERA/USDT:USDT,2.235,2.0,2.234,367.0,2.237,710.0,2.238,2742.0
1753533394866,12:36:34.866,BERA/USDT:USDT,2.235,2.0,2.234,367.0,2.237,710.0,2.238,2742.0
1753533394957,12:36:34.957,BERA/USDT:USDT,2.235,2.0,2.234,367.0,2.237,910.0,2.238,2742.0
1753533395151,12:36:35.151,BERA/USDT:USDT,2.235,2.0,2.234,367.0,2.237,912.0,2.238,2740.0
1753533395274,12:36:35.274,BERA/USDT:USDT,2.235,2.0,2.234,367.0,2.237,1551.0,2.238,2740.0
1753533395376,12:36:35.376,BERA/USDT:USDT,2.235,2.0,2.234,1.0,2.237,1551.0,2.238,2740.0
1753533395447,12:36:35.447,BERA/USDT:USDT,2.234,2.0,2.233,1837.0,2.236,561.0,2.237,1999.0
1753533395554,12:36:35.554,BERA/USDT:USDT,2.234,2.0,2.233,1837.0,2.236,576.0,2.237,1999.0
1753533395681,12:36:35.681,BERA/USDT:USDT,2.234,2.0,2.233,1.0,2.235,840.0,2.236,775.0
1753533395782,12:36:35.782,BERA/USDT:USDT,2.226,199.0,2.225,308.0,2.229,712.0,2.23,2706.0
1753533395880,12:36:35.880,BERA/USDT:USDT,2.226,201.0,2.225,473.0,2.228,18.0,2.229,1603.0
1753533395945,12:36:35.945,BERA/USDT:USDT,2.225,202.0,2.224,312.0,2.228,3.0,2.229,834.0
1753533396075,12:36:36.075,BERA/USDT:USDT,2.225,200.0,2.224,204.0,2.228,698.0,2.229,1507.0
1753533396175,12:36:36.175,BERA/USDT:USDT,2.225,1.0,2.224,205.0,2.227,203.0,2.228,695.0
1753533396281,12:36:36.281,BERA/USDT:USDT,2.225,1.0,2.224,204.0,2.227,569.0,2.228,695.0
1753533396378,12:36:36.378,BERA/USDT:USDT,2.225,1.0,2.224,204.0,2.227,1231.0,2.228,2124.0
1753533396469,12:36:36.469,BERA/USDT:USDT,2.225,1.0,2.224,204.0,2.227,1247.0,2.228,2124.0
1753533396545,12:36:36.545,BERA/USDT:USDT,2.225,1.0,2.224,205.0,2.227,1247.0,2.228,2124.0
1753533396646,12:36:36.646,BERA/USDT:USDT,2.225,1.0,2.224,206.0,2.227,204.0,2.228,2123.0
1753533396744,12:36:36.744,BERA/USDT:USDT,2.225,209.0,2.224,488.0,2.227,204.0,2.228,250.0
1753533396877,12:36:36.877,BERA/USDT:USDT,2.225,575.0,2.224,488.0,2.227,3.0,2.229,1706.0
1753533396949,12:36:36.949,BERA/USDT:USDT,2.225,376.0,2.224,488.0,2.228,203.0,2.229,1907.0
1753533397047,12:36:37.047,BERA/USDT:USDT,2.225,575.0,2.224,2521.0,2.227,3.0,2.229,576.0
1753533397181,12:36:37.181,BERA/USDT:USDT,2.229,576.0,2.228,681.0,2.233,947.0,2.234,650.0
1753533397269,12:36:37.269,BERA/USDT:USDT,2.23,1.0,2.229,576.0,2.232,1.0,2.233,1169.0
1753533397355,12:36:37.355,BERA/USDT:USDT,2.231,368.0,2.23,475.0,2.232,1.0,2.234,884.0
1753533397468,12:36:37.468,BERA/USDT:USDT,2.231,383.0,2.23,474.0,2.233,1.0,2.234,883.0
1753533397557,12:36:37.557,BERA/USDT:USDT,2.231,368.0,2.23,473.0,2.233,1.0,2.234,883.0
1753533397675,12:36:37.675,BERA/USDT:USDT,2.231,382.0,2.23,475.0,2.233,1.0,2.234,883.0
1753533397734,12:36:37.734,BERA/USDT:USDT,2.231,368.0,2.23,475.0,2.233,1.0,2.234,883.0
1753533397833,12:36:37.833,BERA/USDT:USDT,2.231,382.0,2.23,475.0,2.233,1.0,2.234,883.0
1753533397912,12:36:37.912,BERA/USDT:USDT,2.231,382.0,2.23,475.0,2.233,1.0,2.234,883.0
1753533398052,12:36:38.052,BERA/USDT:USDT,2.231,368.0,2.23,475.0,2.233,1.0,2.234,883.0
1753533398135,12:36:38.135,BERA/USDT:USDT,2.231,382.0,2.23,475.0,2.233,1.0,2.234,883.0
1753533398258,12:36:38.258,BERA/USDT:USDT,2.231,368.0,2.23,475.0,2.233,1.0,2.234,883.0
1753533398380,12:36:38.380,BERA/USDT:USDT,2.231,368.0,2.23,475.0,2.233,1.0,2.234,1348.0
1753533398451,12:36:38.451,BERA/USDT:USDT,2.231,368.0,2.23,475.0,2.233,1.0,2.234,1349.0
1753533398646,12:36:38.646,BERA/USDT:USDT,2.231,368.0,2.23,475.0,2.233,1.0,2.234,1349.0
1753533398780,12:36:38.780,BERA/USDT:USDT,2.23,1.0,2.229,565.0,2.233,1244.0,2.234,1550.0
1753533398869,12:36:38.869,BERA/USDT:USDT,2.229,566.0,2.228,2627.0,2.232,202.0,2.233,1708.0
1753533398904,12:36:38.904,BERA/USDT:USDT,2.229,566.0,2.228,2627.0,2.231,2.0,2.232,200.0
1753533399036,12:36:39.036,BERA/USDT:USDT,2.229,580.0,2.228,2627.0,2.231,2.0,2.232,200.0
1753533399214,12:36:39.214,BERA/USDT:USDT,2.229,580.0,2.228,2627.0,2.231,2.0,2.232,200.0
1753533399664,12:36:39.664,BERA/USDT:USDT,2.229,580.0,2.228,2627.0,2.231,2.0,2.232,200.0
1753533399879,12:36:39.879,BERA/USDT:USDT,2.229,214.0,2.228,2627.0,2.231,2.0,2.232,200.0
1753533399959,12:36:39.959,BERA/USDT:USDT,2.23,479.0,2.229,577.0,2.233,308.0,2.234,1148.0
1753533400054,12:36:40.054,BERA/USDT:USDT,2.231,2.0,2.23,493.0,2.233,308.0,2.234,1148.0
1753533400180,12:36:40.180,BERA/USDT:USDT,2.231,2.0,2.23,479.0,2.233,674.0,2.234,1148.0
1753533400221,12:36:40.221,BERA/USDT:USDT,2.231,2.0,2.23,479.0,2.233,200.0,2.234,1148.0
1753533400481,12:36:40.481,BERA/USDT:USDT,2.231,2.0,2.23,479.0,2.233,308.0,2.234,1149.0
1753533400678,12:36:40.678,BERA/USDT:USDT,2.231,2.0,2.23,479.0,2.233,308.0,2.234,1150.0
1753533400749,12:36:40.749,BERA/USDT:USDT,2.231,2.0,2.23,479.0,2.233,308.0,2.234,1151.0
1753533400868,12:36:40.868,BERA/USDT:USDT,2.231,2.0,2.23,679.0,2.234,884.0,2.235,2935.0
1753533400913,12:36:40.913,BERA/USDT:USDT,2.231,2.0,2.23,679.0,2.234,884.0,2.235,2935.0
1753533401437,12:36:41.437,BERA/USDT:USDT,2.231,2.0,2.23,679.0,2.234,898.0,2.235,2935.0
1753533401581,12:36:41.581,BERA/USDT:USDT,2.231,2.0,2.23,679.0,2.234,898.0,2.235,2935.0
1753533401633,12:36:41.633,BERA/USDT:USDT,2.231,2.0,2.23,679.0,2.234,884.0,2.235,2935.0
1753533401686,12:36:41.686,BERA/USDT:USDT,2.231,2.0,2.23,679.0,2.234,884.0,2.235,2935.0
1753533401873,12:36:41.873,BERA/USDT:USDT,2.231,2.0,2.23,275.0,2.233,400.0,2.234,1349.0
1753533401905,12:36:41.905,BERA/USDT:USDT,2.231,2.0,2.23,275.0,2.233,766.0,2.234,1349.0
1753533402151,12:36:42.151,BERA/USDT:USDT,2.231,2.0,2.23,275.0,2.233,766.0,2.234,1349.0
1753533402377,12:36:42.377,BERA/USDT:USDT,2.231,2.0,2.23,275.0,2.233,766.0,2.234,1349.0
1753533402480,12:36:42.480,BERA/USDT:USDT,2.235,1.0,2.234,942.0,2.238,374.0,2.239,275.0
1753533402581,12:36:42.581,BERA/USDT:USDT,2.233,368.0,2.232,1377.0,2.237,679.0,2.238,652.0
1753533402672,12:36:42.672,BERA/USDT:USDT,2.235,369.0,2.234,953.0,2.236,2.0,2.239,731.0
1753533402781,12:36:42.781,BERA/USDT:USDT,2.235,460.0,2.234,1020.0,2.238,208.0,2.239,935.0
