timestamp,time,symbol,bid1_price,bid1_volume,bid2_price,bid2_volume,ask1_price,ask1_volume,ask2_price,ask2_volume
1753533021000,12:30:21.000,CATI/USDT:USDT,0.08793,266.0,0.08792,258.0,0.08813,78.0,0.08814,258.0
1753533021635,12:30:21.635,CATI/USDT:USDT,0.08793,266.0,0.08792,258.0,0.08813,78.0,0.08814,258.0
1753533022039,12:30:22.039,CATI/USDT:USDT,0.08793,266.0,0.08792,258.0,0.08813,78.0,0.08814,258.0
1753533023884,12:30:23.884,CATI/USDT:USDT,0.08793,266.0,0.08792,258.0,0.08813,78.0,0.08814,258.0
1753533025693,12:30:25.693,CATI/USDT:USDT,0.08793,266.0,0.08792,258.0,0.08813,78.0,0.08814,258.0
1753533026435,12:30:26.435,CATI/USDT:USDT,0.08793,266.0,0.08792,258.0,0.08813,78.0,0.08814,258.0
1753533027364,12:30:27.364,CATI/USDT:USDT,0.08794,4922.0,0.08793,266.0,0.08813,649.0,0.08814,258.0
1753533027491,12:30:27.491,CATI/USDT:USDT,0.08795,266.0,0.08794,4922.0,0.08812,258.0,0.08813,649.0
1753533027560,12:30:27.560,CATI/USDT:USDT,0.08795,266.0,0.08794,4922.0,0.08811,39.0,0.08812,258.0
1753533027730,12:30:27.730,CATI/USDT:USDT,0.08795,266.0,0.08793,258.0,0.08811,39.0,0.08812,258.0
1753533027781,12:30:27.781,CATI/USDT:USDT,0.08794,524.0,0.08791,3912.0,0.08811,39.0,0.08813,39.0
1753533027859,12:30:27.859,CATI/USDT:USDT,0.08794,524.0,0.08791,3912.0,0.08813,78.0,0.08814,258.0
1753533028223,12:30:28.223,CATI/USDT:USDT,0.08794,524.0,0.08791,3912.0,0.08813,649.0,0.08814,258.0
1753533028794,12:30:28.794,CATI/USDT:USDT,0.08794,266.0,0.08792,258.0,0.08812,258.0,0.08813,649.0
1753533028886,12:30:28.886,CATI/USDT:USDT,0.08793,266.0,0.08792,258.0,0.08811,39.0,0.08812,297.0
1753533029063,12:30:29.063,CATI/USDT:USDT,0.08793,266.0,0.08792,258.0,0.08811,39.0,0.08812,297.0
1753533029394,12:30:29.394,CATI/USDT:USDT,0.08793,266.0,0.08792,258.0,0.08811,39.0,0.08812,297.0
1753533030039,12:30:30.039,CATI/USDT:USDT,0.08793,266.0,0.08792,258.0,0.08811,39.0,0.08812,297.0
1753533030080,12:30:30.080,CATI/USDT:USDT,0.08793,266.0,0.08792,258.0,0.08811,39.0,0.08812,297.0
1753533030296,12:30:30.296,CATI/USDT:USDT,0.08793,266.0,0.08792,258.0,0.08811,39.0,0.08812,297.0
1753533030415,12:30:30.415,CATI/USDT:USDT,0.08793,266.0,0.08792,2603.0,0.08811,39.0,0.08812,297.0
1753533031121,12:30:31.121,CATI/USDT:USDT,0.08793,266.0,0.08792,2603.0,0.08811,39.0,0.08812,297.0
1753533031230,12:30:31.230,CATI/USDT:USDT,0.08793,266.0,0.08792,2603.0,0.08811,39.0,0.08812,297.0
1753533031536,12:30:31.536,CATI/USDT:USDT,0.08793,266.0,0.08792,2603.0,0.08811,39.0,0.08812,297.0
1753533031746,12:30:31.746,CATI/USDT:USDT,0.08794,4233.0,0.08793,266.0,0.08811,39.0,0.08812,297.0
1753533031759,12:30:31.759,CATI/USDT:USDT,0.08795,266.0,0.08794,4233.0,0.08811,39.0,0.08812,297.0
1753533032025,12:30:32.025,CATI/USDT:USDT,0.08795,266.0,0.08794,258.0,0.08811,78.0,0.08813,258.0
1753533032095,12:30:32.095,CATI/USDT:USDT,0.08795,266.0,0.08794,258.0,0.08811,39.0,0.08812,39.0
1753533032779,12:30:32.779,CATI/USDT:USDT,0.08795,266.0,0.08794,258.0,0.08811,39.0,0.08812,39.0
1753533033197,12:30:33.197,CATI/USDT:USDT,0.08795,266.0,0.08794,258.0,0.08811,39.0,0.08812,39.0
1753533033946,12:30:33.946,CATI/USDT:USDT,0.08795,266.0,0.08794,258.0,0.0881,3405.0,0.08811,39.0
1753533033980,12:30:33.980,CATI/USDT:USDT,0.08795,266.0,0.08792,258.0,0.08809,297.0,0.0881,4388.0
1753533034102,12:30:34.102,CATI/USDT:USDT,0.08793,266.0,0.08792,258.0,0.08809,297.0,0.0881,4388.0
1753533034446,12:30:34.446,CATI/USDT:USDT,0.08793,266.0,0.08792,258.0,0.08809,297.0,0.0881,4388.0
1753533034533,12:30:34.533,CATI/USDT:USDT,0.08793,266.0,0.08792,258.0,0.08809,297.0,0.0881,4388.0
1753533035014,12:30:35.014,CATI/USDT:USDT,0.08793,266.0,0.08792,258.0,0.08809,297.0,0.0881,4388.0
1753533035377,12:30:35.377,CATI/USDT:USDT,0.08793,266.0,0.08792,258.0,0.08809,297.0,0.0881,4388.0
1753533035519,12:30:35.519,CATI/USDT:USDT,0.08793,266.0,0.08792,258.0,0.08809,297.0,0.0881,4388.0
1753533035594,12:30:35.594,CATI/USDT:USDT,0.08793,266.0,0.08792,258.0,0.08809,336.0,0.0881,4388.0
1753533035717,12:30:35.717,CATI/USDT:USDT,0.08793,266.0,0.08792,258.0,0.08809,336.0,0.0881,4388.0
1753533036035,12:30:36.035,CATI/USDT:USDT,0.08793,266.0,0.08792,258.0,0.08809,336.0,0.0881,4388.0
1753533036198,12:30:36.198,CATI/USDT:USDT,0.08793,266.0,0.08792,258.0,0.08809,336.0,0.0881,4388.0
1753533036897,12:30:36.897,CATI/USDT:USDT,0.08793,266.0,0.08792,258.0,0.08809,336.0,0.0881,4388.0
1753533037636,12:30:37.636,CATI/USDT:USDT,0.08793,266.0,0.08792,258.0,0.08809,336.0,0.0881,4388.0
1753533037655,12:30:37.655,CATI/USDT:USDT,0.08793,266.0,0.08792,258.0,0.08809,336.0,0.0881,4388.0
1753533038675,12:30:38.675,CATI/USDT:USDT,0.08793,266.0,0.08792,258.0,0.08809,336.0,0.0881,4388.0
1753533038795,12:30:38.795,CATI/USDT:USDT,0.08793,266.0,0.08792,258.0,0.08809,336.0,0.0881,4388.0
1753533038942,12:30:38.942,CATI/USDT:USDT,0.08793,266.0,0.08792,258.0,0.08809,447.0,0.0881,4388.0
1753533039102,12:30:39.102,CATI/USDT:USDT,0.08793,266.0,0.08791,500.0,0.08807,258.0,0.08808,983.0
1753533039166,12:30:39.166,CATI/USDT:USDT,0.08792,266.0,0.08791,500.0,0.08806,39.0,0.08807,297.0
1753533039439,12:30:39.439,CATI/USDT:USDT,0.08792,266.0,0.08791,500.0,0.08806,39.0,0.08807,297.0
1753533040265,12:30:40.265,CATI/USDT:USDT,0.08792,266.0,0.08791,500.0,0.08806,39.0,0.08807,297.0
1753533040687,12:30:40.687,CATI/USDT:USDT,0.08792,266.0,0.08791,500.0,0.08806,39.0,0.08807,297.0
1753533040829,12:30:40.829,CATI/USDT:USDT,0.08793,300.0,0.08792,266.0,0.08806,39.0,0.08807,297.0
1753533040860,12:30:40.860,CATI/USDT:USDT,0.08794,266.0,0.08793,300.0,0.08806,39.0,0.08807,297.0
1753533041110,12:30:41.110,CATI/USDT:USDT,0.08794,266.0,0.08793,300.0,0.08806,39.0,0.08807,297.0
1753533041540,12:30:41.540,CATI/USDT:USDT,0.08794,266.0,0.08791,500.0,0.08806,39.0,0.08807,297.0
1753533041559,12:30:41.559,CATI/USDT:USDT,0.08792,266.0,0.08791,500.0,0.08806,39.0,0.08807,297.0
1753533041786,12:30:41.786,CATI/USDT:USDT,0.08792,266.0,0.08791,500.0,0.08806,39.0,0.08807,297.0
1753533041934,12:30:41.934,CATI/USDT:USDT,0.08792,266.0,0.08791,500.0,0.08806,39.0,0.08807,297.0
1753533042603,12:30:42.603,CATI/USDT:USDT,0.08792,266.0,0.08791,500.0,0.08806,81.0,0.08807,258.0
1753533042757,12:30:42.757,CATI/USDT:USDT,0.08792,266.0,0.08791,500.0,0.08806,81.0,0.08807,258.0
1753533043690,12:30:43.690,CATI/USDT:USDT,0.08793,300.0,0.08792,266.0,0.08806,81.0,0.08807,258.0
1753533043760,12:30:43.760,CATI/USDT:USDT,0.08794,266.0,0.08793,300.0,0.08806,81.0,0.08807,258.0
1753533043979,12:30:43.979,CATI/USDT:USDT,0.08794,266.0,0.08793,300.0,0.08806,81.0,0.08807,258.0
1753533044116,12:30:44.116,CATI/USDT:USDT,0.08794,266.0,0.08791,500.0,0.08806,81.0,0.08807,258.0
1753533044159,12:30:44.159,CATI/USDT:USDT,0.08792,266.0,0.08791,500.0,0.08806,81.0,0.08807,258.0
1753533044399,12:30:44.399,CATI/USDT:USDT,0.08792,266.0,0.08791,500.0,0.08806,81.0,0.08807,258.0
1753533045224,12:30:45.224,CATI/USDT:USDT,0.08792,266.0,0.08791,500.0,0.08806,81.0,0.08807,258.0
1753533045644,12:30:45.644,CATI/USDT:USDT,0.08792,266.0,0.08791,500.0,0.08806,81.0,0.08807,258.0
1753533046250,12:30:46.250,CATI/USDT:USDT,0.08792,266.0,0.0879,5058.0,0.08803,3525.0,0.08806,81.0
1753533046340,12:30:46.340,CATI/USDT:USDT,0.08791,266.0,0.08782,258.0,0.08802,336.0,0.08803,3525.0
1753533046431,12:30:46.431,CATI/USDT:USDT,0.08786,4712.0,0.08785,15708.0,0.08802,336.0,0.08803,3525.0
1753533046475,12:30:46.475,CATI/USDT:USDT,0.08787,266.0,0.08784,4574.0,0.08802,336.0,0.08803,3525.0
1753533046576,12:30:46.576,CATI/USDT:USDT,0.08785,766.0,0.08784,4574.0,0.08802,336.0,0.08803,3525.0
1753533046656,12:30:46.656,CATI/USDT:USDT,0.08785,766.0,0.08784,4574.0,0.08802,336.0,0.08803,3525.0
1753533046797,12:30:46.797,CATI/USDT:USDT,0.08785,766.0,0.08784,4574.0,0.08802,336.0,0.08803,3525.0
1753533047003,12:30:47.003,CATI/USDT:USDT,0.08785,766.0,0.08784,4574.0,0.08802,336.0,0.08803,3525.0
1753533047211,12:30:47.211,CATI/USDT:USDT,0.08785,766.0,0.08784,4574.0,0.08802,336.0,0.08803,3525.0
1753533047332,12:30:47.332,CATI/USDT:USDT,0.08785,766.0,0.08784,4574.0,0.08802,336.0,0.08803,3525.0
1753533047769,12:30:47.769,CATI/USDT:USDT,0.08785,766.0,0.08784,4574.0,0.08802,336.0,0.08803,3525.0
1753533047942,12:30:47.942,CATI/USDT:USDT,0.08786,258.0,0.08785,766.0,0.08802,78.0,0.08807,3783.0
1753533047959,12:30:47.959,CATI/USDT:USDT,0.08787,266.0,0.08786,6268.0,0.08802,39.0,0.08806,39.0
1753533048199,12:30:48.199,CATI/USDT:USDT,0.08787,266.0,0.08786,258.0,0.08802,39.0,0.08806,39.0
1753533048648,12:30:48.648,CATI/USDT:USDT,0.08787,266.0,0.08786,258.0,0.08802,39.0,0.08806,39.0
1753533048748,12:30:48.748,CATI/USDT:USDT,0.08787,266.0,0.08786,258.0,0.08802,39.0,0.08806,39.0
1753533048849,12:30:48.849,CATI/USDT:USDT,0.08787,266.0,0.08786,258.0,0.08802,39.0,0.08806,39.0
1753533048949,12:30:48.949,CATI/USDT:USDT,0.08787,266.0,0.08786,258.0,0.08802,39.0,0.08806,39.0
1753533049050,12:30:49.050,CATI/USDT:USDT,0.08787,266.0,0.08786,258.0,0.08802,39.0,0.08806,39.0
1753533049139,12:30:49.139,CATI/USDT:USDT,0.08787,266.0,0.08786,258.0,0.08802,39.0,0.08806,39.0
1753533049248,12:30:49.248,CATI/USDT:USDT,0.08787,266.0,0.08786,258.0,0.08802,39.0,0.08806,39.0
1753533049348,12:30:49.348,CATI/USDT:USDT,0.08787,266.0,0.08786,258.0,0.08802,39.0,0.08806,39.0
1753533049450,12:30:49.450,CATI/USDT:USDT,0.08787,266.0,0.08786,258.0,0.08802,39.0,0.08806,39.0
1753533049544,12:30:49.544,CATI/USDT:USDT,0.08787,266.0,0.08786,258.0,0.08802,39.0,0.08806,39.0
1753533049648,12:30:49.648,CATI/USDT:USDT,0.08787,266.0,0.08786,258.0,0.08802,39.0,0.08806,39.0
1753533049748,12:30:49.748,CATI/USDT:USDT,0.08787,266.0,0.08786,258.0,0.08802,39.0,0.08806,39.0
1753533049848,12:30:49.848,CATI/USDT:USDT,0.08787,266.0,0.08786,258.0,0.08802,39.0,0.08806,39.0
1753533049927,12:30:49.927,CATI/USDT:USDT,0.08787,266.0,0.08786,258.0,0.08802,39.0,0.08806,39.0
1753533050017,12:30:50.017,CATI/USDT:USDT,0.08787,266.0,0.08786,258.0,0.08802,39.0,0.08806,39.0
1753533050149,12:30:50.149,CATI/USDT:USDT,0.08787,266.0,0.08786,258.0,0.08806,39.0,0.08807,3783.0
1753533050176,12:30:50.176,CATI/USDT:USDT,0.08787,266.0,0.08786,258.0,0.08806,39.0,0.08807,3783.0
1753533050280,12:30:50.280,CATI/USDT:USDT,0.08787,266.0,0.08786,258.0,0.08806,39.0,0.08807,3783.0
1753533050435,12:30:50.435,CATI/USDT:USDT,0.08787,266.0,0.08786,258.0,0.08806,39.0,0.08807,3783.0
1753533050545,12:30:50.545,CATI/USDT:USDT,0.08787,266.0,0.08786,258.0,0.08806,367.0,0.08807,3783.0
1753533050641,12:30:50.641,CATI/USDT:USDT,0.08787,266.0,0.08786,258.0,0.08806,2916.0,0.08807,3783.0
1753533050685,12:30:50.685,CATI/USDT:USDT,0.08787,266.0,0.08786,258.0,0.08806,2916.0,0.08807,3783.0
1753533051011,12:30:51.011,CATI/USDT:USDT,0.08787,266.0,0.08786,258.0,0.08806,2916.0,0.08807,3783.0
1753533051149,12:30:51.149,CATI/USDT:USDT,0.08787,266.0,0.08786,258.0,0.08805,500.0,0.08806,3416.0
1753533051182,12:30:51.182,CATI/USDT:USDT,0.08787,266.0,0.08784,258.0,0.08803,258.0,0.08804,539.0
1753533051265,12:30:51.265,CATI/USDT:USDT,0.08785,266.0,0.08784,258.0,0.08802,39.0,0.08803,258.0
1753533051537,12:30:51.537,CATI/USDT:USDT,0.08785,266.0,0.08784,258.0,0.08802,39.0,0.08803,258.0
1753533051967,12:30:51.967,CATI/USDT:USDT,0.08785,266.0,0.08784,258.0,0.08802,39.0,0.08803,258.0
1753533052692,12:30:52.692,CATI/USDT:USDT,0.08785,266.0,0.08784,258.0,0.08802,39.0,0.08803,258.0
1753533052798,12:30:52.798,CATI/USDT:USDT,0.08785,266.0,0.08784,258.0,0.08802,104.0,0.08803,258.0
1753533053115,12:30:53.115,CATI/USDT:USDT,0.08785,266.0,0.08784,258.0,0.08802,104.0,0.08803,258.0
1753533053951,12:30:53.951,CATI/USDT:USDT,0.08785,266.0,0.08784,258.0,0.08798,3525.0,0.08801,3408.0
1753533054043,12:30:54.043,CATI/USDT:USDT,0.08785,266.0,0.08783,500.0,0.08797,297.0,0.08798,3525.0
1753533054066,12:30:54.066,CATI/USDT:USDT,0.08784,266.0,0.08783,500.0,0.08797,297.0,0.08798,3525.0
1753533054239,12:30:54.239,CATI/USDT:USDT,0.08784,266.0,0.08783,500.0,0.08797,297.0,0.08798,3525.0
1753533054456,12:30:54.456,CATI/USDT:USDT,0.08784,266.0,0.08783,500.0,0.08797,297.0,0.08798,3525.0
1753533055242,12:30:55.242,CATI/USDT:USDT,0.08784,266.0,0.08783,500.0,0.08797,297.0,0.08798,3525.0
1753533055297,12:30:55.297,CATI/USDT:USDT,0.08784,266.0,0.08783,500.0,0.08797,297.0,0.08798,3525.0
1753533055842,12:30:55.842,CATI/USDT:USDT,0.08784,266.0,0.08783,500.0,0.08797,297.0,0.08798,3525.0
1753533056009,12:30:56.009,CATI/USDT:USDT,0.08784,266.0,0.08783,500.0,0.08797,297.0,0.08798,3525.0
1753533056123,12:30:56.123,CATI/USDT:USDT,0.08784,266.0,0.08783,500.0,0.08797,297.0,0.08798,3525.0
1753533057100,12:30:57.100,CATI/USDT:USDT,0.08784,266.0,0.08783,500.0,0.08797,297.0,0.08798,3525.0
1753533057661,12:30:57.661,CATI/USDT:USDT,0.08784,266.0,0.08783,500.0,0.08797,297.0,0.08798,3525.0
1753533057973,12:30:57.973,CATI/USDT:USDT,0.08784,266.0,0.08783,500.0,0.08797,297.0,0.08798,3525.0
1753533059095,12:30:59.095,CATI/USDT:USDT,0.08784,266.0,0.08783,500.0,0.08797,297.0,0.08798,3525.0
1753533059351,12:30:59.351,CATI/USDT:USDT,0.08784,266.0,0.08783,500.0,0.08797,297.0,0.08798,3525.0
1753533060030,12:31:00.030,CATI/USDT:USDT,0.08784,266.0,0.08783,500.0,0.08797,297.0,0.08798,3525.0
1753533060176,12:31:00.176,CATI/USDT:USDT,0.08784,266.0,0.08783,500.0,0.08797,297.0,0.08798,3525.0
1753533061105,12:31:01.105,CATI/USDT:USDT,0.08784,266.0,0.08783,500.0,0.08797,297.0,0.08798,3525.0
1753533061313,12:31:01.313,CATI/USDT:USDT,0.08784,266.0,0.08783,500.0,0.08797,297.0,0.08798,3525.0
1753533062575,12:31:02.575,CATI/USDT:USDT,0.08784,266.0,0.08783,500.0,0.08797,297.0,0.08798,3525.0
1753533062735,12:31:02.735,CATI/USDT:USDT,0.08784,266.0,0.08783,500.0,0.08797,297.0,0.08798,3525.0
1753533062912,12:31:02.912,CATI/USDT:USDT,0.08784,266.0,0.08783,500.0,0.08797,297.0,0.08798,3525.0
1753533064830,12:31:04.830,CATI/USDT:USDT,0.08784,266.0,0.08783,500.0,0.08797,297.0,0.08798,3525.0
1753533065304,12:31:05.304,CATI/USDT:USDT,0.08784,266.0,0.08783,500.0,0.08797,297.0,0.08798,3525.0
1753533066005,12:31:06.005,CATI/USDT:USDT,0.08784,266.0,0.08783,500.0,0.08797,297.0,0.08798,3525.0
1753533066475,12:31:06.475,CATI/USDT:USDT,0.08784,266.0,0.08783,500.0,0.08797,297.0,0.08798,3525.0
1753533066795,12:31:06.795,CATI/USDT:USDT,0.08784,266.0,0.08783,500.0,0.08797,297.0,0.08798,3525.0
1753533066924,12:31:06.924,CATI/USDT:USDT,0.08784,266.0,0.08783,500.0,0.08797,297.0,0.08798,3525.0
1753533066970,12:31:06.970,CATI/USDT:USDT,0.08784,266.0,0.08778,500.0,0.08797,297.0,0.08798,3525.0
1753533067095,12:31:07.095,CATI/USDT:USDT,0.08779,1024.0,0.08778,500.0,0.08797,336.0,0.08798,3525.0
1753533067232,12:31:07.232,CATI/USDT:USDT,0.08779,1024.0,0.08778,500.0,0.08797,336.0,0.08798,3525.0
1753533067257,12:31:07.257,CATI/USDT:USDT,0.08779,1024.0,0.08778,500.0,0.08797,336.0,0.08798,3525.0
1753533067433,12:31:07.433,CATI/USDT:USDT,0.08779,1024.0,0.08778,500.0,0.08797,336.0,0.08798,3525.0
1753533067520,12:31:07.520,CATI/USDT:USDT,0.08779,1024.0,0.08778,500.0,0.08797,336.0,0.08798,3525.0
1753533068015,12:31:08.015,CATI/USDT:USDT,0.08779,1024.0,0.08778,500.0,0.08797,336.0,0.08798,3525.0
1753533068301,12:31:08.301,CATI/USDT:USDT,0.08779,1024.0,0.08778,500.0,0.08797,336.0,0.08798,3525.0
1753533068951,12:31:08.951,CATI/USDT:USDT,0.0878,380.0,0.08779,524.0,0.08797,336.0,0.08798,3525.0
1753533068960,12:31:08.960,CATI/USDT:USDT,0.08781,266.0,0.0878,880.0,0.08797,336.0,0.08798,3525.0
1753533069126,12:31:09.126,CATI/USDT:USDT,0.08781,266.0,0.0878,880.0,0.08797,336.0,0.08798,3525.0
1753533069255,12:31:09.255,CATI/USDT:USDT,0.08781,266.0,0.0878,500.0,0.08797,336.0,0.08798,3525.0
1753533069630,12:31:09.630,CATI/USDT:USDT,0.08781,266.0,0.0878,500.0,0.08797,336.0,0.08798,3525.0
1753533069949,12:31:09.949,CATI/USDT:USDT,0.08781,766.0,0.0878,500.0,0.08797,336.0,0.08798,3525.0
1753533070366,12:31:10.366,CATI/USDT:USDT,0.08781,766.0,0.0878,500.0,0.08797,336.0,0.08798,3525.0
1753533071527,12:31:11.527,CATI/USDT:USDT,0.08781,766.0,0.0878,500.0,0.08797,336.0,0.08798,3525.0
1753533071908,12:31:11.908,CATI/USDT:USDT,0.08781,266.0,0.0878,500.0,0.08797,336.0,0.08798,3525.0
1753533072637,12:31:12.637,CATI/USDT:USDT,0.08781,266.0,0.0878,500.0,0.08797,336.0,0.08798,3525.0
1753533072799,12:31:12.799,CATI/USDT:USDT,0.08781,266.0,0.0878,500.0,0.08797,336.0,0.08798,3525.0
1753533073129,12:31:13.129,CATI/USDT:USDT,0.08781,266.0,0.0878,500.0,0.08797,336.0,0.08798,3525.0
1753533073297,12:31:13.297,CATI/USDT:USDT,0.08781,266.0,0.0878,500.0,0.08797,336.0,0.08798,3525.0
1753533074435,12:31:14.435,CATI/USDT:USDT,0.08781,266.0,0.0878,500.0,0.08797,336.0,0.08798,3525.0
1753533079231,12:31:19.231,CATI/USDT:USDT,0.08781,266.0,0.0878,500.0,0.08797,336.0,0.08798,3525.0
1753533079340,12:31:19.340,CATI/USDT:USDT,0.08781,266.0,0.0878,500.0,0.08797,336.0,0.08798,3525.0
1753533079693,12:31:19.693,CATI/USDT:USDT,0.08782,1818.0,0.08781,266.0,0.08797,336.0,0.08798,3525.0
1753533079823,12:31:19.823,CATI/USDT:USDT,0.08783,266.0,0.0878,500.0,0.08797,336.0,0.08798,3525.0
1753533079859,12:31:19.859,CATI/USDT:USDT,0.08781,266.0,0.0878,500.0,0.08797,336.0,0.08798,3525.0
1753533080004,12:31:20.004,CATI/USDT:USDT,0.08781,266.0,0.0878,500.0,0.08797,336.0,0.08798,3525.0
1753533083475,12:31:23.475,CATI/USDT:USDT,0.08781,266.0,0.0878,500.0,0.08797,336.0,0.08798,3525.0
1753533084030,12:31:24.030,CATI/USDT:USDT,0.08781,266.0,0.0878,500.0,0.08797,336.0,0.08798,3525.0
1753533084106,12:31:24.106,CATI/USDT:USDT,0.08781,266.0,0.0878,500.0,0.08797,336.0,0.08798,3525.0
1753533085269,12:31:25.269,CATI/USDT:USDT,0.08781,266.0,0.0878,500.0,0.08797,336.0,0.08798,3525.0
1753533085435,12:31:25.435,CATI/USDT:USDT,0.08781,266.0,0.0878,500.0,0.08797,336.0,0.08798,3525.0
1753533088693,12:31:28.693,CATI/USDT:USDT,0.08781,266.0,0.0878,500.0,0.08797,336.0,0.08798,3525.0
1753533088835,12:31:28.835,CATI/USDT:USDT,0.08781,266.0,0.0878,500.0,0.08797,336.0,0.08798,3525.0
1753533089136,12:31:29.136,CATI/USDT:USDT,0.08781,266.0,0.0878,500.0,0.08797,336.0,0.08798,3525.0
1753533089703,12:31:29.703,CATI/USDT:USDT,0.08781,266.0,0.0878,500.0,0.08797,336.0,0.08798,3525.0
1753533093631,12:31:33.631,CATI/USDT:USDT,0.08781,266.0,0.0878,500.0,0.08797,336.0,0.08798,3525.0
1753533093798,12:31:33.798,CATI/USDT:USDT,0.08781,266.0,0.0878,500.0,0.08797,336.0,0.08798,3525.0
1753533094381,12:31:34.381,CATI/USDT:USDT,0.08781,266.0,0.0878,500.0,0.08797,297.0,0.08805,500.0
1753533094548,12:31:34.548,CATI/USDT:USDT,0.08782,758.0,0.08781,266.0,0.08797,39.0,0.08804,258.0
1753533094647,12:31:34.647,CATI/USDT:USDT,0.08783,5527.0,0.08782,258.0,0.08803,234.0,0.08804,258.0
1753533094672,12:31:34.672,CATI/USDT:USDT,0.08783,5527.0,0.08782,258.0,0.08803,234.0,0.08804,258.0
1753533095113,12:31:35.113,CATI/USDT:USDT,0.08783,5527.0,0.08782,258.0,0.08803,234.0,0.08804,258.0
1753533096006,12:31:36.006,CATI/USDT:USDT,0.08783,5527.0,0.08782,258.0,0.08803,234.0,0.08804,258.0
1753533096195,12:31:36.195,CATI/USDT:USDT,0.08783,5527.0,0.08782,258.0,0.08803,234.0,0.08804,258.0
1753533096350,12:31:36.350,CATI/USDT:USDT,0.08783,5527.0,0.08782,258.0,0.08803,234.0,0.08804,258.0
1753533096449,12:31:36.449,CATI/USDT:USDT,0.08783,5527.0,0.08782,258.0,0.08803,234.0,0.08804,258.0
1753533096455,12:31:36.455,CATI/USDT:USDT,0.08783,5527.0,0.08782,258.0,0.08803,234.0,0.08804,258.0
1753533097125,12:31:37.125,CATI/USDT:USDT,0.08783,5527.0,0.08782,258.0,0.08803,39.0,0.08804,258.0
1753533098431,12:31:38.431,CATI/USDT:USDT,0.08783,5527.0,0.08782,258.0,0.08803,39.0,0.08804,258.0
1753533098701,12:31:38.701,CATI/USDT:USDT,0.08783,5527.0,0.08782,258.0,0.08803,39.0,0.08804,258.0
1753533099215,12:31:39.215,CATI/USDT:USDT,0.08783,5527.0,0.08782,258.0,0.08803,39.0,0.08804,258.0
1753533101195,12:31:41.195,CATI/USDT:USDT,0.08783,5527.0,0.08782,258.0,0.08803,39.0,0.08804,258.0
1753533101595,12:31:41.595,CATI/USDT:USDT,0.08783,5527.0,0.08782,258.0,0.08803,39.0,0.08804,258.0
1753533101930,12:31:41.930,CATI/USDT:USDT,0.08783,5527.0,0.08782,258.0,0.08803,39.0,0.08804,258.0
1753533103235,12:31:43.235,CATI/USDT:USDT,0.08783,5527.0,0.08782,258.0,0.08803,39.0,0.08804,258.0
1753533104684,12:31:44.684,CATI/USDT:USDT,0.08784,758.0,0.08783,766.0,0.08803,39.0,0.08805,258.0
1753533104776,12:31:44.776,CATI/USDT:USDT,0.08785,766.0,0.08784,258.0,0.08804,39.0,0.08805,258.0
1753533105246,12:31:45.246,CATI/USDT:USDT,0.08785,766.0,0.08784,258.0,0.08804,498.0,0.08805,258.0
1753533105525,12:31:45.525,CATI/USDT:USDT,0.08785,766.0,0.08784,258.0,0.08804,498.0,0.08805,258.0
1753533105684,12:31:45.684,CATI/USDT:USDT,0.08785,766.0,0.08784,258.0,0.08804,498.0,0.08805,258.0
1753533106513,12:31:46.513,CATI/USDT:USDT,0.08785,766.0,0.08784,258.0,0.08804,498.0,0.08805,258.0
1753533106649,12:31:46.649,CATI/USDT:USDT,0.08785,766.0,0.08784,258.0,0.08804,39.0,0.08805,258.0
1753533106687,12:31:46.687,CATI/USDT:USDT,0.08785,766.0,0.08784,258.0,0.08804,362.0,0.08805,258.0
1753533107300,12:31:47.300,CATI/USDT:USDT,0.08785,766.0,0.08784,258.0,0.08804,362.0,0.08805,258.0
1753533108035,12:31:48.035,CATI/USDT:USDT,0.08785,766.0,0.08784,258.0,0.08804,362.0,0.08805,258.0
1753533108058,12:31:48.058,CATI/USDT:USDT,0.08785,766.0,0.08784,258.0,0.08804,362.0,0.08805,258.0
1753533109692,12:31:49.692,CATI/USDT:USDT,0.08785,766.0,0.08784,258.0,0.08804,90.0,0.08805,258.0
1753533110710,12:31:50.710,CATI/USDT:USDT,0.08785,766.0,0.08784,258.0,0.08804,90.0,0.08805,258.0
1753533111495,12:31:51.495,CATI/USDT:USDT,0.08785,766.0,0.08784,258.0,0.08804,90.0,0.08805,258.0
1753533112315,12:31:52.315,CATI/USDT:USDT,0.08785,766.0,0.08784,258.0,0.08804,90.0,0.08805,258.0
1753533112447,12:31:52.447,CATI/USDT:USDT,0.08785,766.0,0.08784,258.0,0.08804,90.0,0.08805,258.0
1753533112457,12:31:52.457,CATI/USDT:USDT,0.08785,766.0,0.08784,258.0,0.08804,90.0,0.08805,258.0
1753533112831,12:31:52.831,CATI/USDT:USDT,0.08785,766.0,0.08784,258.0,0.08804,90.0,0.08805,258.0
1753533113297,12:31:53.297,CATI/USDT:USDT,0.08785,766.0,0.08784,258.0,0.08804,90.0,0.08805,258.0
1753533114788,12:31:54.788,CATI/USDT:USDT,0.08785,1024.0,0.08782,500.0,0.08804,90.0,0.08805,258.0
1753533115319,12:31:55.319,CATI/USDT:USDT,0.08785,1024.0,0.08782,500.0,0.08804,90.0,0.08805,258.0
1753533115413,12:31:55.413,CATI/USDT:USDT,0.08785,524.0,0.08782,500.0,0.08804,90.0,0.08805,258.0
1753533115747,12:31:55.747,CATI/USDT:USDT,0.08785,524.0,0.08782,4405.0,0.08804,90.0,0.08805,258.0
1753533115755,12:31:55.755,CATI/USDT:USDT,0.08785,524.0,0.08782,4405.0,0.08804,90.0,0.08805,258.0
1753533115856,12:31:55.856,CATI/USDT:USDT,0.08785,524.0,0.08782,4405.0,0.08804,90.0,0.08805,258.0
1753533116136,12:31:56.136,CATI/USDT:USDT,0.08785,524.0,0.08782,4405.0,0.08804,90.0,0.08805,258.0
1753533116403,12:31:56.403,CATI/USDT:USDT,0.08785,524.0,0.08782,3905.0,0.08804,90.0,0.08805,258.0
1753533117632,12:31:57.632,CATI/USDT:USDT,0.08785,524.0,0.08782,3905.0,0.08804,90.0,0.08805,258.0
1753533119035,12:31:59.035,CATI/USDT:USDT,0.08785,524.0,0.08782,3905.0,0.08804,90.0,0.08805,258.0
1753533119608,12:31:59.608,CATI/USDT:USDT,0.08785,524.0,0.08782,3905.0,0.08804,127.0,0.08805,258.0
1753533119731,12:31:59.731,CATI/USDT:USDT,0.08785,266.0,0.08783,258.0,0.08803,391.0,0.08804,39.0
1753533119814,12:31:59.814,CATI/USDT:USDT,0.08784,266.0,0.08783,258.0,0.08802,39.0,0.08803,391.0
1753533120165,12:32:00.165,CATI/USDT:USDT,0.08784,266.0,0.08783,258.0,0.08802,39.0,0.08803,391.0
1753533120307,12:32:00.307,CATI/USDT:USDT,0.08784,266.0,0.08783,258.0,0.08802,39.0,0.08803,391.0
1753533121446,12:32:01.446,CATI/USDT:USDT,0.08786,5378.0,0.08785,17925.0,0.08802,39.0,0.08803,391.0
1753533121535,12:32:01.535,CATI/USDT:USDT,0.08787,266.0,0.08783,258.0,0.08802,39.0,0.08803,391.0
1753533121591,12:32:01.591,CATI/USDT:USDT,0.08784,266.0,0.08783,258.0,0.08802,39.0,0.08803,391.0
1753533122004,12:32:02.004,CATI/USDT:USDT,0.08784,266.0,0.08783,258.0,0.08802,39.0,0.08803,391.0
1753533122432,12:32:02.432,CATI/USDT:USDT,0.08784,266.0,0.08783,258.0,0.08802,39.0,0.08803,391.0
1753533122902,12:32:02.902,CATI/USDT:USDT,0.08785,5708.0,0.08784,266.0,0.08802,39.0,0.08803,258.0
1753533122966,12:32:02.966,CATI/USDT:USDT,0.08786,266.0,0.08785,5966.0,0.08802,78.0,0.08805,258.0
1753533123076,12:32:03.076,CATI/USDT:USDT,0.08786,266.0,0.08785,258.0,0.08802,39.0,0.08804,39.0
1753533123247,12:32:03.247,CATI/USDT:USDT,0.08786,266.0,0.08782,258.0,0.08802,39.0,0.08804,39.0
1753533123277,12:32:03.277,CATI/USDT:USDT,0.08784,5764.0,0.08783,266.0,0.08802,39.0,0.08804,39.0
1753533123364,12:32:03.364,CATI/USDT:USDT,0.08785,266.0,0.08784,6022.0,0.08802,39.0,0.08804,39.0
1753533123630,12:32:03.630,CATI/USDT:USDT,0.08785,266.0,0.08784,258.0,0.08802,39.0,0.08804,39.0
1753533123664,12:32:03.664,CATI/USDT:USDT,0.08785,266.0,0.08784,258.0,0.08802,39.0,0.08804,39.0
1753533124026,12:32:04.026,CATI/USDT:USDT,0.08786,723.0,0.08785,266.0,0.08802,39.0,0.08804,39.0
1753533124128,12:32:04.128,CATI/USDT:USDT,0.08787,266.0,0.08786,723.0,0.08802,39.0,0.08804,39.0
1753533124182,12:32:04.182,CATI/USDT:USDT,0.08787,266.0,0.08782,258.0,0.08802,39.0,0.08804,39.0
1753533124309,12:32:04.309,CATI/USDT:USDT,0.08783,766.0,0.08782,758.0,0.08802,39.0,0.08804,39.0
1753533124357,12:32:04.357,CATI/USDT:USDT,0.08783,766.0,0.08782,4663.0,0.08802,39.0,0.08804,39.0
1753533124524,12:32:04.524,CATI/USDT:USDT,0.08783,766.0,0.08782,4663.0,0.08802,39.0,0.08804,39.0
1753533124633,12:32:04.633,CATI/USDT:USDT,0.08783,766.0,0.08782,4663.0,0.08802,39.0,0.08804,39.0
1753533124663,12:32:04.663,CATI/USDT:USDT,0.08783,766.0,0.08782,4663.0,0.08802,39.0,0.08804,39.0
1753533125005,12:32:05.005,CATI/USDT:USDT,0.08783,766.0,0.08782,4663.0,0.08802,39.0,0.08804,39.0
1753533125345,12:32:05.345,CATI/USDT:USDT,0.08783,766.0,0.08782,4163.0,0.08802,39.0,0.08804,39.0
1753533125688,12:32:05.688,CATI/USDT:USDT,0.08785,5402.0,0.08784,18263.0,0.08802,39.0,0.08804,39.0
1753533125795,12:32:05.795,CATI/USDT:USDT,0.08787,1803.0,0.08786,266.0,0.08802,39.0,0.08804,39.0
1753533125881,12:32:05.881,CATI/USDT:USDT,0.08788,266.0,0.08787,1803.0,0.08802,39.0,0.08804,39.0
1753533126188,12:32:06.188,CATI/USDT:USDT,0.08788,266.0,0.08787,1803.0,0.08802,39.0,0.08804,39.0
1753533126404,12:32:06.404,CATI/USDT:USDT,0.08788,266.0,0.08782,258.0,0.08802,39.0,0.08804,39.0
1753533126500,12:32:06.500,CATI/USDT:USDT,0.08785,5670.0,0.08784,18040.0,0.08802,39.0,0.08804,39.0
1753533126612,12:32:06.612,CATI/USDT:USDT,0.08786,266.0,0.08785,258.0,0.08802,39.0,0.08804,39.0
1753533127232,12:32:07.232,CATI/USDT:USDT,0.08786,266.0,0.08785,258.0,0.08802,39.0,0.08804,39.0
1753533127436,12:32:07.436,CATI/USDT:USDT,0.08786,266.0,0.08785,258.0,0.08802,39.0,0.08804,39.0
1753533127854,12:32:07.854,CATI/USDT:USDT,0.08786,266.0,0.08785,258.0,0.08802,39.0,0.08804,39.0
1753533128274,12:32:08.274,CATI/USDT:USDT,0.08786,266.0,0.08783,258.0,0.08802,39.0,0.08804,39.0
1753533128364,12:32:08.364,CATI/USDT:USDT,0.08784,266.0,0.08783,258.0,0.08802,39.0,0.08804,39.0
1753533128457,12:32:08.457,CATI/USDT:USDT,0.08784,266.0,0.08783,258.0,0.08802,39.0,0.08804,39.0
1753533128681,12:32:08.681,CATI/USDT:USDT,0.08784,266.0,0.08783,258.0,0.08802,39.0,0.08804,39.0
1753533129257,12:32:09.257,CATI/USDT:USDT,0.08784,266.0,0.08783,258.0,0.08802,39.0,0.08804,39.0
1753533129539,12:32:09.539,CATI/USDT:USDT,0.08784,266.0,0.08783,258.0,0.08802,39.0,0.08804,39.0
1753533131748,12:32:11.748,CATI/USDT:USDT,0.08784,266.0,0.08783,258.0,0.08802,39.0,0.08804,39.0
1753533131763,12:32:11.763,CATI/USDT:USDT,0.08784,266.0,0.08783,258.0,0.08802,39.0,0.08804,39.0
1753533132032,12:32:12.032,CATI/USDT:USDT,0.08784,266.0,0.08783,258.0,0.08802,39.0,0.08804,39.0
1753533132423,12:32:12.423,CATI/USDT:USDT,0.08784,266.0,0.08783,258.0,0.08802,39.0,0.08804,39.0
1753533134170,12:32:14.170,CATI/USDT:USDT,0.08784,266.0,0.08783,258.0,0.08802,39.0,0.08804,39.0
1753533135206,12:32:15.206,CATI/USDT:USDT,0.08784,766.0,0.08783,258.0,0.08802,39.0,0.08804,39.0
1753533136832,12:32:16.832,CATI/USDT:USDT,0.08784,766.0,0.08783,258.0,0.08802,39.0,0.08804,39.0
1753533137541,12:32:17.541,CATI/USDT:USDT,0.08784,766.0,0.08783,258.0,0.08802,39.0,0.08804,39.0
1753533138456,12:32:18.456,CATI/USDT:USDT,0.08784,1024.0,0.08782,3905.0,0.08802,39.0,0.08804,39.0
1753533139214,12:32:19.214,CATI/USDT:USDT,0.08784,1024.0,0.08782,3905.0,0.08802,39.0,0.08804,39.0
1753533139693,12:32:19.693,CATI/USDT:USDT,0.08786,4806.0,0.08785,16021.0,0.08802,39.0,0.08804,39.0
1753533139759,12:32:19.759,CATI/USDT:USDT,0.08787,266.0,0.08786,4806.0,0.08802,39.0,0.08804,39.0
1753533139875,12:32:19.875,CATI/USDT:USDT,0.08787,266.0,0.08784,258.0,0.08802,39.0,0.08804,39.0
1753533140038,12:32:20.038,CATI/USDT:USDT,0.08785,266.0,0.08784,258.0,0.08802,39.0,0.08804,39.0
1753533140463,12:32:20.463,CATI/USDT:USDT,0.08785,266.0,0.08784,258.0,0.08802,39.0,0.08804,39.0
1753533141632,12:32:21.632,CATI/USDT:USDT,0.08785,266.0,0.08784,258.0,0.08802,39.0,0.08804,39.0
1753533141698,12:32:21.698,CATI/USDT:USDT,0.08785,266.0,0.08784,258.0,0.08802,39.0,0.08804,39.0
1753533142684,12:32:22.684,CATI/USDT:USDT,0.08786,3716.0,0.08785,266.0,0.08802,39.0,0.08804,39.0
1753533142759,12:32:22.759,CATI/USDT:USDT,0.08787,266.0,0.08786,3716.0,0.08802,39.0,0.08804,39.0
1753533142924,12:32:22.924,CATI/USDT:USDT,0.08787,266.0,0.08786,3716.0,0.08802,39.0,0.08804,39.0
1753533143342,12:32:23.342,CATI/USDT:USDT,0.08787,266.0,0.08786,3716.0,0.08802,39.0,0.08804,39.0
1753533145533,12:32:25.533,CATI/USDT:USDT,0.08787,266.0,0.08784,258.0,0.08802,39.0,0.08804,39.0
1753533145564,12:32:25.564,CATI/USDT:USDT,0.08788,1239.0,0.08785,266.0,0.08802,39.0,0.08804,39.0
1753533145695,12:32:25.695,CATI/USDT:USDT,0.08789,266.0,0.08786,5270.0,0.08802,39.0,0.08804,39.0
1753533145775,12:32:25.775,CATI/USDT:USDT,0.08787,524.0,0.08782,6924.0,0.08802,39.0,0.08804,39.0
1753533146240,12:32:26.240,CATI/USDT:USDT,0.08788,1803.0,0.08787,266.0,0.08802,39.0,0.08804,39.0
1753533146260,12:32:26.260,CATI/USDT:USDT,0.08789,266.0,0.08788,1803.0,0.08802,39.0,0.08804,39.0
1753533146432,12:32:26.432,CATI/USDT:USDT,0.08789,266.0,0.08788,1803.0,0.08802,39.0,0.08804,39.0
1753533146514,12:32:26.514,CATI/USDT:USDT,0.08789,266.0,0.08783,258.0,0.08802,39.0,0.08804,39.0
1753533146606,12:32:26.606,CATI/USDT:USDT,0.08786,5270.0,0.08785,17826.0,0.08802,39.0,0.08804,39.0
1753533146695,12:32:26.695,CATI/USDT:USDT,0.08787,266.0,0.08785,258.0,0.08802,39.0,0.08804,39.0
1753533146776,12:32:26.776,CATI/USDT:USDT,0.08786,266.0,0.08784,500.0,0.08802,39.0,0.08804,39.0
1753533146859,12:32:26.859,CATI/USDT:USDT,0.08785,266.0,0.08784,500.0,0.08802,39.0,0.08804,39.0
1753533147047,12:32:27.047,CATI/USDT:USDT,0.08785,524.0,0.08784,500.0,0.08802,39.0,0.08804,39.0
1753533147056,12:32:27.056,CATI/USDT:USDT,0.08785,524.0,0.08782,6924.0,0.08802,39.0,0.08804,39.0
1753533147458,12:32:27.458,CATI/USDT:USDT,0.08785,524.0,0.08782,6924.0,0.08802,39.0,0.08804,39.0
1753533148442,12:32:28.442,CATI/USDT:USDT,0.08785,524.0,0.08782,6924.0,0.08802,39.0,0.08804,39.0
1753533148463,12:32:28.463,CATI/USDT:USDT,0.08785,524.0,0.08782,6924.0,0.08802,39.0,0.08804,39.0
1753533148615,12:32:28.615,CATI/USDT:USDT,0.08785,524.0,0.08782,3905.0,0.08802,39.0,0.08804,39.0
1753533148717,12:32:28.717,CATI/USDT:USDT,0.08785,524.0,0.08782,3905.0,0.08802,39.0,0.08804,39.0
1753533149480,12:32:29.480,CATI/USDT:USDT,0.08785,524.0,0.08782,3905.0,0.08802,39.0,0.08804,39.0
1753533149896,12:32:29.896,CATI/USDT:USDT,0.08785,524.0,0.08782,3905.0,0.08802,39.0,0.08804,39.0
1753533150007,12:32:30.007,CATI/USDT:USDT,0.08785,524.0,0.08782,3905.0,0.08802,39.0,0.08804,39.0
1753533151235,12:32:31.235,CATI/USDT:USDT,0.08785,524.0,0.08782,3905.0,0.08802,39.0,0.08804,39.0
1753533151690,12:32:31.690,CATI/USDT:USDT,0.08786,4232.0,0.08785,524.0,0.08802,39.0,0.08804,39.0
1753533151761,12:32:31.761,CATI/USDT:USDT,0.08787,266.0,0.08786,4232.0,0.08802,39.0,0.08804,39.0
1753533151921,12:32:31.921,CATI/USDT:USDT,0.08787,266.0,0.08786,4232.0,0.08802,39.0,0.08804,39.0
1753533152022,12:32:32.022,CATI/USDT:USDT,0.08787,266.0,0.08786,4232.0,0.08802,39.0,0.08804,39.0
1753533152340,12:32:32.340,CATI/USDT:USDT,0.08787,266.0,0.08786,4232.0,0.08802,39.0,0.08804,39.0
1753533152658,12:32:32.658,CATI/USDT:USDT,0.08787,266.0,0.08782,258.0,0.08802,39.0,0.08804,39.0
1753533152758,12:32:32.758,CATI/USDT:USDT,0.08787,266.0,0.08782,258.0,0.08802,39.0,0.08804,39.0
1753533153236,12:32:33.236,CATI/USDT:USDT,0.08783,266.0,0.08782,258.0,0.08802,39.0,0.08804,39.0
1753533153275,12:32:33.275,CATI/USDT:USDT,0.08783,266.0,0.08782,4163.0,0.08802,39.0,0.08804,39.0
1753533153583,12:32:33.583,CATI/USDT:USDT,0.08783,266.0,0.08782,4163.0,0.08802,39.0,0.08804,39.0
1753533154000,12:32:34.000,CATI/USDT:USDT,0.08783,266.0,0.08782,4163.0,0.08802,39.0,0.08804,39.0
1753533154421,12:32:34.421,CATI/USDT:USDT,0.08783,266.0,0.08782,4163.0,0.08802,39.0,0.08804,39.0
1753533154694,12:32:34.694,CATI/USDT:USDT,0.08785,5891.0,0.08784,19896.0,0.08802,39.0,0.08804,39.0
1753533154849,12:32:34.849,CATI/USDT:USDT,0.08786,266.0,0.08785,5891.0,0.08802,39.0,0.08804,39.0
1753533154875,12:32:34.875,CATI/USDT:USDT,0.08786,266.0,0.08784,258.0,0.08802,39.0,0.08804,39.0
1753533154960,12:32:34.960,CATI/USDT:USDT,0.08785,266.0,0.08784,258.0,0.08802,39.0,0.08804,39.0
1753533155360,12:32:35.360,CATI/USDT:USDT,0.08785,266.0,0.08784,258.0,0.08802,39.0,0.08804,39.0
1753533156032,12:32:36.032,CATI/USDT:USDT,0.08785,266.0,0.08784,258.0,0.08802,39.0,0.08804,39.0
1753533156191,12:32:36.191,CATI/USDT:USDT,0.08785,266.0,0.08784,258.0,0.08802,39.0,0.08804,39.0
1753533160324,12:32:40.324,CATI/USDT:USDT,0.08786,4011.0,0.08785,266.0,0.08802,39.0,0.08804,39.0
1753533160359,12:32:40.359,CATI/USDT:USDT,0.08787,266.0,0.08786,4011.0,0.08802,39.0,0.08804,39.0
1753533160640,12:32:40.640,CATI/USDT:USDT,0.08787,266.0,0.08784,258.0,0.08802,39.0,0.08804,39.0
1753533160695,12:32:40.695,CATI/USDT:USDT,0.08785,266.0,0.08784,258.0,0.08802,39.0,0.08804,39.0
1753533160842,12:32:40.842,CATI/USDT:USDT,0.08786,2959.0,0.08785,266.0,0.08802,39.0,0.08804,39.0
1753533160859,12:32:40.859,CATI/USDT:USDT,0.08787,266.0,0.08786,2959.0,0.08802,39.0,0.08804,39.0
1753533161452,12:32:41.452,CATI/USDT:USDT,0.08787,266.0,0.08786,2959.0,0.08802,39.0,0.08804,39.0
1753533161452,12:32:41.452,CATI/USDT:USDT,0.08787,266.0,0.08786,2959.0,0.08802,39.0,0.08804,39.0
1753533161836,12:32:41.836,CATI/USDT:USDT,0.08788,675.0,0.08787,266.0,0.08802,39.0,0.08804,39.0
1753533161938,12:32:41.938,CATI/USDT:USDT,0.08789,266.0,0.08782,258.0,0.08802,39.0,0.08804,39.0
1753533161976,12:32:41.976,CATI/USDT:USDT,0.08784,500.0,0.08783,266.0,0.08802,39.0,0.08804,39.0
1753533162075,12:32:42.075,CATI/USDT:USDT,0.08785,266.0,0.08784,258.0,0.08802,39.0,0.08804,39.0
1753533162290,12:32:42.290,CATI/USDT:USDT,0.08785,266.0,0.08784,258.0,0.08802,39.0,0.08804,39.0
1753533165633,12:32:45.633,CATI/USDT:USDT,0.08785,266.0,0.08784,258.0,0.08802,39.0,0.08804,39.0
1753533165822,12:32:45.822,CATI/USDT:USDT,0.08785,266.0,0.08784,258.0,0.08802,39.0,0.08804,39.0
1753533165934,12:32:45.934,CATI/USDT:USDT,0.08785,266.0,0.08784,258.0,0.08802,39.0,0.08804,39.0
1753533166036,12:32:46.036,CATI/USDT:USDT,0.08785,266.0,0.08784,258.0,0.08802,39.0,0.08804,39.0
1753533166228,12:32:46.228,CATI/USDT:USDT,0.08785,266.0,0.08784,258.0,0.08802,39.0,0.08804,39.0
1753533166424,12:32:46.424,CATI/USDT:USDT,0.08785,266.0,0.08784,258.0,0.08802,39.0,0.08804,39.0
1753533166536,12:32:46.536,CATI/USDT:USDT,0.08785,266.0,0.08784,258.0,0.08802,39.0,0.08804,39.0
1753533166618,12:32:46.618,CATI/USDT:USDT,0.08786,4087.0,0.08785,266.0,0.08802,39.0,0.08804,39.0
1753533166660,12:32:46.660,CATI/USDT:USDT,0.08787,266.0,0.08786,4087.0,0.08802,39.0,0.08804,39.0
1753533166835,12:32:46.835,CATI/USDT:USDT,0.08787,266.0,0.08784,258.0,0.08804,39.0,0.08805,258.0
1753533166860,12:32:46.860,CATI/USDT:USDT,0.08785,266.0,0.08784,258.0,0.08804,39.0,0.08805,258.0
1753533167249,12:32:47.249,CATI/USDT:USDT,0.08785,266.0,0.08784,258.0,0.08804,39.0,0.08805,258.0
1753533167667,12:32:47.667,CATI/USDT:USDT,0.08785,266.0,0.08784,258.0,0.08804,39.0,0.08805,258.0
1753533167778,12:32:47.778,CATI/USDT:USDT,0.08786,4087.0,0.08785,266.0,0.08804,39.0,0.08805,258.0
1753533167941,12:32:47.941,CATI/USDT:USDT,0.08787,266.0,0.08784,258.0,0.08804,39.0,0.08805,258.0
1753533167961,12:32:47.961,CATI/USDT:USDT,0.08785,266.0,0.08784,258.0,0.08804,39.0,0.08805,258.0
1753533168081,12:32:48.081,CATI/USDT:USDT,0.08785,266.0,0.08784,258.0,0.08804,39.0,0.08805,258.0
1753533168751,12:32:48.751,CATI/USDT:USDT,0.08785,266.0,0.08784,258.0,0.08804,39.0,0.08805,258.0
1753533168792,12:32:48.792,CATI/USDT:USDT,0.08785,266.0,0.08784,258.0,0.08804,39.0,0.08805,258.0
1753533169034,12:32:49.034,CATI/USDT:USDT,0.08786,4087.0,0.08785,266.0,0.08804,39.0,0.08805,258.0
1753533169126,12:32:49.126,CATI/USDT:USDT,0.08787,266.0,0.08784,258.0,0.08804,39.0,0.08805,258.0
1753533169160,12:32:49.160,CATI/USDT:USDT,0.08785,266.0,0.08784,258.0,0.08804,39.0,0.08805,258.0
1753533169692,12:32:49.692,CATI/USDT:USDT,0.08786,4087.0,0.08785,266.0,0.08804,78.0,0.08805,258.0
1753533169761,12:32:49.761,CATI/USDT:USDT,0.08787,266.0,0.08786,4087.0,0.08804,78.0,0.08805,258.0
1753533169941,12:32:49.941,CATI/USDT:USDT,0.08787,266.0,0.08784,258.0,0.08804,78.0,0.08805,258.0
1753533169959,12:32:49.959,CATI/USDT:USDT,0.08785,266.0,0.08784,258.0,0.08804,78.0,0.08805,258.0
1753533170435,12:32:50.435,CATI/USDT:USDT,0.08785,266.0,0.08784,258.0,0.08804,78.0,0.08805,258.0
1753533170455,12:32:50.455,CATI/USDT:USDT,0.08785,266.0,0.08784,258.0,0.08804,78.0,0.08805,258.0
1753533170731,12:32:50.731,CATI/USDT:USDT,0.08785,266.0,0.08784,258.0,0.08804,78.0,0.08805,258.0
1753533172320,12:32:52.320,CATI/USDT:USDT,0.08785,524.0,0.08782,6924.0,0.08804,78.0,0.08805,258.0
1753533173325,12:32:53.325,CATI/USDT:USDT,0.08785,524.0,0.08782,6924.0,0.08804,78.0,0.08805,258.0
1753533175234,12:32:55.234,CATI/USDT:USDT,0.08785,524.0,0.08782,6924.0,0.08804,78.0,0.08805,258.0
1753533179830,12:32:59.830,CATI/USDT:USDT,0.08786,4087.0,0.08785,524.0,0.08804,39.0,0.08805,258.0
1753533179859,12:32:59.859,CATI/USDT:USDT,0.08787,266.0,0.08786,4087.0,0.08804,39.0,0.08805,258.0
1753533180038,12:33:00.038,CATI/USDT:USDT,0.08787,148.0,0.08783,258.0,0.08804,22.0,0.08805,258.0
1753533180061,12:33:00.061,CATI/USDT:USDT,0.08784,266.0,0.08783,258.0,0.08804,39.0,0.08805,258.0
1753533180215,12:33:00.215,CATI/USDT:USDT,0.08784,266.0,0.08783,258.0,0.08804,39.0,0.08805,258.0
1753533180573,12:33:00.573,CATI/USDT:USDT,0.08784,266.0,0.08783,258.0,0.08804,39.0,0.08805,258.0
1753533180738,12:33:00.738,CATI/USDT:USDT,0.08785,5401.0,0.08784,266.0,0.08804,78.0,0.08805,258.0
1753533180770,12:33:00.770,CATI/USDT:USDT,0.08786,266.0,0.08785,258.0,0.08804,78.0,0.08805,258.0
1753533181016,12:33:01.016,CATI/USDT:USDT,0.08786,266.0,0.08781,258.0,0.08804,78.0,0.08805,258.0
1753533181148,12:33:01.148,CATI/USDT:USDT,0.08782,266.0,0.0878,758.0,0.08798,258.0,0.08799,3525.0
1753533181184,12:33:01.184,CATI/USDT:USDT,0.08781,266.0,0.0878,258.0,0.08797,39.0,0.08798,258.0
1753533181407,12:33:01.407,CATI/USDT:USDT,0.08781,524.0,0.08779,3525.0,0.08797,78.0,0.08802,258.0
1753533181505,12:33:01.505,CATI/USDT:USDT,0.08781,524.0,0.08779,3525.0,0.08797,39.0,0.08801,39.0
1753533182010,12:33:02.010,CATI/USDT:USDT,0.08781,524.0,0.08779,3525.0,0.08797,39.0,0.08801,39.0
1753533182275,12:33:02.275,CATI/USDT:USDT,0.08781,524.0,0.08779,3525.0,0.08797,39.0,0.08801,39.0
1753533182374,12:33:02.374,CATI/USDT:USDT,0.08781,524.0,0.08779,3525.0,0.08797,39.0,0.08801,39.0
1753533182645,12:33:02.645,CATI/USDT:USDT,0.08781,524.0,0.08779,3525.0,0.08797,39.0,0.08801,39.0
1753533182740,12:33:02.740,CATI/USDT:USDT,0.08781,524.0,0.08779,3525.0,0.08797,39.0,0.08801,39.0
1753533184195,12:33:04.195,CATI/USDT:USDT,0.08781,524.0,0.08779,3525.0,0.08797,39.0,0.08801,39.0
1753533184833,12:33:04.833,CATI/USDT:USDT,0.08781,524.0,0.08779,3525.0,0.08797,39.0,0.08801,39.0
1753533185008,12:33:05.008,CATI/USDT:USDT,0.08781,524.0,0.08779,3525.0,0.08797,39.0,0.08801,39.0
1753533185895,12:33:05.895,CATI/USDT:USDT,0.08782,2369.0,0.08781,524.0,0.08797,39.0,0.08801,39.0
1753533185959,12:33:05.959,CATI/USDT:USDT,0.08783,266.0,0.08782,2369.0,0.08797,39.0,0.08801,39.0
1753533186178,12:33:06.178,CATI/USDT:USDT,0.08783,266.0,0.08782,2369.0,0.08797,39.0,0.08801,39.0
1753533186341,12:33:06.341,CATI/USDT:USDT,0.08783,266.0,0.08781,258.0,0.08797,39.0,0.08801,39.0
1753533186359,12:33:06.359,CATI/USDT:USDT,0.08782,266.0,0.08781,258.0,0.08797,39.0,0.08801,39.0
1753533186711,12:33:06.711,CATI/USDT:USDT,0.08782,266.0,0.08781,258.0,0.08797,39.0,0.08801,39.0
1753533187533,12:33:07.533,CATI/USDT:USDT,0.08782,266.0,0.08781,258.0,0.08797,39.0,0.08801,39.0
1753533187948,12:33:07.948,CATI/USDT:USDT,0.08782,266.0,0.08781,258.0,0.08797,39.0,0.08801,39.0
1753533189633,12:33:09.633,CATI/USDT:USDT,0.08782,266.0,0.08781,258.0,0.08797,39.0,0.08801,39.0
1753533189656,12:33:09.656,CATI/USDT:USDT,0.08782,266.0,0.08781,258.0,0.08797,39.0,0.08801,39.0
1753533191664,12:33:11.664,CATI/USDT:USDT,0.08782,266.0,0.0878,258.0,0.08797,39.0,0.08801,39.0
1753533191768,12:33:11.768,CATI/USDT:USDT,0.08782,266.0,0.0878,258.0,0.08797,39.0,0.08801,39.0
1753533191866,12:33:11.866,CATI/USDT:USDT,0.08782,266.0,0.0878,258.0,0.08797,39.0,0.08801,39.0
1753533191976,12:33:11.976,CATI/USDT:USDT,0.08782,266.0,0.0878,258.0,0.08797,39.0,0.08801,39.0
1753533192167,12:33:12.167,CATI/USDT:USDT,0.08782,266.0,0.0878,258.0,0.08797,39.0,0.08801,39.0
1753533192299,12:33:12.299,CATI/USDT:USDT,0.08783,148.0,0.08782,376.0,0.08797,39.0,0.08801,39.0
1753533192396,12:33:12.396,CATI/USDT:USDT,0.08783,148.0,0.08782,376.0,0.08797,39.0,0.08801,39.0
1753533192575,12:33:12.575,CATI/USDT:USDT,0.08783,148.0,0.08782,376.0,0.08797,39.0,0.08801,39.0
1753533193004,12:33:13.004,CATI/USDT:USDT,0.08783,148.0,0.08782,376.0,0.08797,39.0,0.08801,39.0
1753533193216,12:33:13.216,CATI/USDT:USDT,0.08783,148.0,0.08782,376.0,0.08797,39.0,0.08801,39.0
1753533193630,12:33:13.630,CATI/USDT:USDT,0.08783,148.0,0.08782,376.0,0.08797,39.0,0.08801,39.0
1753533194043,12:33:14.043,CATI/USDT:USDT,0.08784,1237.0,0.08783,148.0,0.08797,39.0,0.08801,39.0
1753533194068,12:33:14.068,CATI/USDT:USDT,0.08785,266.0,0.08784,1237.0,0.08797,39.0,0.08801,39.0
1753533194175,12:33:14.175,CATI/USDT:USDT,0.08785,266.0,0.08784,1237.0,0.08797,39.0,0.08801,39.0
1753533194434,12:33:14.434,CATI/USDT:USDT,0.08785,266.0,0.08784,1237.0,0.08797,39.0,0.08801,39.0
1753533194470,12:33:14.470,CATI/USDT:USDT,0.08785,266.0,0.08784,1237.0,0.08797,39.0,0.08801,39.0
1753533199234,12:33:19.234,CATI/USDT:USDT,0.08785,266.0,0.08784,1237.0,0.08797,39.0,0.08801,39.0
1753533199312,12:33:19.312,CATI/USDT:USDT,0.08785,266.0,0.08784,1237.0,0.08797,39.0,0.08801,39.0
1753533199450,12:33:19.450,CATI/USDT:USDT,0.08785,266.0,0.0878,258.0,0.08797,39.0,0.08801,39.0
1753533199495,12:33:19.495,CATI/USDT:USDT,0.08782,2364.0,0.08781,766.0,0.08798,3525.0,0.08801,39.0
1753533199564,12:33:19.564,CATI/USDT:USDT,0.08783,266.0,0.08782,2364.0,0.08797,297.0,0.08798,3525.0
1753533199730,12:33:19.730,CATI/USDT:USDT,0.08783,266.0,0.08782,2364.0,0.08797,297.0,0.08798,3525.0
1753533200556,12:33:20.556,CATI/USDT:USDT,0.08783,266.0,0.08782,2364.0,0.08797,297.0,0.08798,3525.0
1753533200979,12:33:20.979,CATI/USDT:USDT,0.08783,266.0,0.08782,2364.0,0.08797,297.0,0.08798,3525.0
1753533201235,12:33:21.235,CATI/USDT:USDT,0.08783,266.0,0.08781,500.0,0.08797,297.0,0.08798,3525.0
1753533201275,12:33:21.275,CATI/USDT:USDT,0.08782,266.0,0.0878,500.0,0.08797,297.0,0.08798,3525.0
1753533201417,12:33:21.417,CATI/USDT:USDT,0.08782,2364.0,0.08781,266.0,0.08797,297.0,0.08798,3525.0
1753533201459,12:33:21.459,CATI/USDT:USDT,0.08783,266.0,0.08782,2364.0,0.08797,297.0,0.08798,3525.0
1753533201817,12:33:21.817,CATI/USDT:USDT,0.08783,266.0,0.08782,2364.0,0.08797,297.0,0.08798,3525.0
1753533203246,12:33:23.246,CATI/USDT:USDT,0.08783,266.0,0.0878,500.0,0.08797,297.0,0.08798,3525.0
1753533203259,12:33:23.259,CATI/USDT:USDT,0.08781,266.0,0.0878,500.0,0.08797,297.0,0.08798,3525.0
1753533203443,12:33:23.443,CATI/USDT:USDT,0.08781,266.0,0.0878,500.0,0.08797,297.0,0.08798,3525.0
1753533204034,12:33:24.034,CATI/USDT:USDT,0.08781,266.0,0.0878,500.0,0.08797,297.0,0.08798,3525.0
1753533204151,12:33:24.151,CATI/USDT:USDT,0.08781,266.0,0.0878,500.0,0.08797,297.0,0.08798,3525.0
1753533204195,12:33:24.195,CATI/USDT:USDT,0.08781,266.0,0.0878,500.0,0.08797,297.0,0.08798,3525.0
1753533204671,12:33:24.671,CATI/USDT:USDT,0.08781,266.0,0.0878,500.0,0.08797,297.0,0.08798,3525.0
1753533205086,12:33:25.086,CATI/USDT:USDT,0.08781,266.0,0.0878,500.0,0.08797,297.0,0.08798,3525.0
1753533208291,12:33:28.291,CATI/USDT:USDT,0.08781,266.0,0.0878,500.0,0.08797,297.0,0.08798,3525.0
1753533208834,12:33:28.834,CATI/USDT:USDT,0.08781,266.0,0.0878,500.0,0.08797,297.0,0.08798,3525.0
1753533208855,12:33:28.855,CATI/USDT:USDT,0.08781,266.0,0.0878,500.0,0.08797,297.0,0.08798,3525.0
1753533209399,12:33:29.399,CATI/USDT:USDT,0.08782,2364.0,0.08781,266.0,0.08797,336.0,0.08798,3525.0
1753533209534,12:33:29.534,CATI/USDT:USDT,0.08783,266.0,0.08782,2364.0,0.08797,336.0,0.08798,3525.0
1753533209762,12:33:29.762,CATI/USDT:USDT,0.08783,266.0,0.08782,2364.0,0.08797,336.0,0.08798,3525.0
1753533209946,12:33:29.946,CATI/USDT:USDT,0.08783,266.0,0.08782,2364.0,0.08797,336.0,0.08798,3525.0
1753533209955,12:33:29.955,CATI/USDT:USDT,0.08783,266.0,0.08782,2364.0,0.08797,336.0,0.08798,3525.0
1753533210140,12:33:30.140,CATI/USDT:USDT,0.08783,266.0,0.08782,2364.0,0.08797,336.0,0.08798,3525.0
1753533210635,12:33:30.635,CATI/USDT:USDT,0.08783,266.0,0.0878,758.0,0.08797,336.0,0.08798,3525.0
1753533210660,12:33:30.660,CATI/USDT:USDT,0.08781,266.0,0.0878,758.0,0.08797,336.0,0.08798,3525.0
1753533210779,12:33:30.779,CATI/USDT:USDT,0.08781,266.0,0.0878,758.0,0.08797,336.0,0.08798,3525.0
1753533211601,12:33:31.601,CATI/USDT:USDT,0.08781,266.0,0.0878,758.0,0.08797,336.0,0.08798,3525.0
1753533213634,12:33:33.634,CATI/USDT:USDT,0.08781,266.0,0.0878,758.0,0.08797,336.0,0.08798,3525.0
1753533214034,12:33:34.034,CATI/USDT:USDT,0.08781,266.0,0.0878,758.0,0.08797,336.0,0.08798,3525.0
1753533214280,12:33:34.280,CATI/USDT:USDT,0.08782,1239.0,0.08781,266.0,0.08797,336.0,0.08798,3525.0
1753533214451,12:33:34.451,CATI/USDT:USDT,0.08783,266.0,0.08782,1239.0,0.08797,336.0,0.08798,3525.0
1753533214462,12:33:34.462,CATI/USDT:USDT,0.08783,266.0,0.08782,1239.0,0.08797,336.0,0.08798,3525.0
1753533214875,12:33:34.875,CATI/USDT:USDT,0.08783,266.0,0.08782,1239.0,0.08797,336.0,0.08798,3525.0
1753533215020,12:33:35.020,CATI/USDT:USDT,0.08783,266.0,0.08782,1239.0,0.08797,336.0,0.08798,3525.0
1753533215691,12:33:35.691,CATI/USDT:USDT,0.08783,266.0,0.08782,1239.0,0.08797,336.0,0.08798,3525.0
1753533215806,12:33:35.806,CATI/USDT:USDT,0.08783,266.0,0.08782,1239.0,0.08797,336.0,0.08798,3525.0
1753533215892,12:33:35.892,CATI/USDT:USDT,0.08783,266.0,0.0878,758.0,0.08797,336.0,0.08798,3525.0
1753533216052,12:33:36.052,CATI/USDT:USDT,0.08783,148.0,0.0878,758.0,0.08797,336.0,0.08798,3525.0
1753533216114,12:33:36.114,CATI/USDT:USDT,0.08781,266.0,0.0878,758.0,0.08797,297.0,0.08798,3525.0
1753533216530,12:33:36.530,CATI/USDT:USDT,0.08781,266.0,0.0878,758.0,0.08797,297.0,0.08798,3525.0
1753533217752,12:33:37.752,CATI/USDT:USDT,0.08782,3353.0,0.08781,524.0,0.08797,78.0,0.08802,258.0
1753533217759,12:33:37.759,CATI/USDT:USDT,0.08783,266.0,0.08782,3353.0,0.08797,39.0,0.08801,39.0
1753533218174,12:33:38.174,CATI/USDT:USDT,0.08783,266.0,0.08782,3353.0,0.08797,39.0,0.08801,39.0
1753533218292,12:33:38.292,CATI/USDT:USDT,0.08783,266.0,0.08781,258.0,0.08797,39.0,0.08801,39.0
1753533218434,12:33:38.434,CATI/USDT:USDT,0.08782,266.0,0.08781,258.0,0.08797,39.0,0.08801,39.0
1753533218600,12:33:38.600,CATI/USDT:USDT,0.08782,266.0,0.08781,258.0,0.08797,39.0,0.08801,39.0
1753533219425,12:33:39.425,CATI/USDT:USDT,0.08782,266.0,0.08781,258.0,0.08797,39.0,0.08801,39.0
1753533219841,12:33:39.841,CATI/USDT:USDT,0.08782,266.0,0.08781,258.0,0.08797,39.0,0.08801,39.0
1753533220717,12:33:40.717,CATI/USDT:USDT,0.08783,3088.0,0.08782,266.0,0.08797,39.0,0.08801,39.0
1753533220759,12:33:40.759,CATI/USDT:USDT,0.08784,266.0,0.08783,3088.0,0.08797,39.0,0.08801,39.0
1753533221059,12:33:41.059,CATI/USDT:USDT,0.08784,266.0,0.08783,3088.0,0.08797,39.0,0.08801,39.0
1753533221479,12:33:41.479,CATI/USDT:USDT,0.08784,266.0,0.08783,3088.0,0.08797,39.0,0.08801,39.0
1753533223235,12:33:43.235,CATI/USDT:USDT,0.08784,266.0,0.08783,3088.0,0.08797,39.0,0.08801,39.0
1753533223507,12:33:43.507,CATI/USDT:USDT,0.08784,266.0,0.08783,3088.0,0.08797,39.0,0.08801,39.0
1753533224003,12:33:44.003,CATI/USDT:USDT,0.08784,266.0,0.08783,3088.0,0.08797,39.0,0.08801,39.0
1753533224408,12:33:44.408,CATI/USDT:USDT,0.08784,266.0,0.08781,258.0,0.08797,39.0,0.08801,39.0
1753533224477,12:33:44.477,CATI/USDT:USDT,0.08783,3347.0,0.08782,266.0,0.08797,39.0,0.08801,39.0
1753533224563,12:33:44.563,CATI/USDT:USDT,0.08784,266.0,0.08783,3347.0,0.08797,39.0,0.08801,39.0
1753533224726,12:33:44.726,CATI/USDT:USDT,0.08784,266.0,0.08783,3347.0,0.08797,39.0,0.08801,39.0
1753533225774,12:33:45.774,CATI/USDT:USDT,0.08784,266.0,0.08781,258.0,0.08797,39.0,0.08801,39.0
1753533225859,12:33:45.859,CATI/USDT:USDT,0.08782,266.0,0.08781,258.0,0.08797,39.0,0.08801,39.0
1753533226246,12:33:46.246,CATI/USDT:USDT,0.08782,266.0,0.08781,258.0,0.08799,3525.0,0.08801,39.0
1753533226351,12:33:46.351,CATI/USDT:USDT,0.08782,266.0,0.0878,758.0,0.08798,297.0,0.08799,3525.0
1753533226362,12:33:46.362,CATI/USDT:USDT,0.08781,266.0,0.0878,758.0,0.08798,297.0,0.08799,3525.0
1753533226788,12:33:46.788,CATI/USDT:USDT,0.08781,266.0,0.0878,758.0,0.08798,297.0,0.08799,3525.0
1753533227231,12:33:47.231,CATI/USDT:USDT,0.08781,266.0,0.0878,758.0,0.08798,297.0,0.08799,3525.0
1753533227338,12:33:47.338,CATI/USDT:USDT,0.08781,266.0,0.0878,758.0,0.08798,297.0,0.08799,3525.0
1753533227355,12:33:47.355,CATI/USDT:USDT,0.08781,266.0,0.0878,758.0,0.08798,297.0,0.08799,3525.0
1753533228035,12:33:48.035,CATI/USDT:USDT,0.08781,266.0,0.0878,758.0,0.08798,297.0,0.08799,3525.0
1753533228056,12:33:48.056,CATI/USDT:USDT,0.08781,266.0,0.0878,758.0,0.08798,297.0,0.08799,3525.0
1753533232075,12:33:52.075,CATI/USDT:USDT,0.08781,266.0,0.0878,758.0,0.08798,297.0,0.08799,3525.0
1753533232835,12:33:52.835,CATI/USDT:USDT,0.08781,266.0,0.0878,758.0,0.08798,297.0,0.08799,3525.0
1753533236658,12:33:56.658,CATI/USDT:USDT,0.08781,266.0,0.0878,500.0,0.08798,297.0,0.08799,3525.0
1753533237635,12:33:57.635,CATI/USDT:USDT,0.08781,266.0,0.0878,500.0,0.08798,297.0,0.08799,3525.0
1753533241803,12:34:01.803,CATI/USDT:USDT,0.08781,266.0,0.0878,500.0,0.08798,297.0,0.08799,3525.0
1753533242435,12:34:02.435,CATI/USDT:USDT,0.08781,266.0,0.0878,500.0,0.08798,297.0,0.08799,3525.0
1753533243980,12:34:03.980,CATI/USDT:USDT,0.08781,766.0,0.0878,500.0,0.08798,297.0,0.08799,3525.0
1753533244146,12:34:04.146,CATI/USDT:USDT,0.08781,766.0,0.0878,500.0,0.08798,297.0,0.08803,3407.0
1753533244188,12:34:04.188,CATI/USDT:USDT,0.08781,1024.0,0.0878,500.0,0.08798,39.0,0.08802,258.0
1753533244342,12:34:04.342,CATI/USDT:USDT,0.08783,8197.0,0.08782,25655.0,0.08801,151.0,0.08805,258.0
1753533244447,12:34:04.447,CATI/USDT:USDT,0.08785,4034.0,0.08784,15047.0,0.08804,39.0,0.08805,258.0
1753533244475,12:34:04.475,CATI/USDT:USDT,0.08786,266.0,0.08785,4034.0,0.08804,39.0,0.08805,258.0
1753533244638,12:34:04.638,CATI/USDT:USDT,0.08786,266.0,0.08785,4034.0,0.08804,39.0,0.08805,258.0
1753533244738,12:34:04.738,CATI/USDT:USDT,0.08787,421.0,0.08786,266.0,0.08804,78.0,0.08805,258.0
1753533244786,12:34:04.786,CATI/USDT:USDT,0.08788,266.0,0.08785,4034.0,0.08804,39.0,0.08805,258.0
1753533244888,12:34:04.888,CATI/USDT:USDT,0.08787,372.0,0.08786,266.0,0.08804,39.0,0.08805,258.0
1753533245021,12:34:05.021,CATI/USDT:USDT,0.08788,266.0,0.08785,4034.0,0.08804,39.0,0.08805,258.0
1753533245082,12:34:05.082,CATI/USDT:USDT,0.08787,372.0,0.08786,266.0,0.08804,39.0,0.08805,258.0
1753533245160,12:34:05.160,CATI/USDT:USDT,0.08788,266.0,0.08787,372.0,0.08804,39.0,0.08805,258.0
1753533245330,12:34:05.330,CATI/USDT:USDT,0.08788,266.0,0.08785,4034.0,0.08804,39.0,0.08805,258.0
1753533245400,12:34:05.400,CATI/USDT:USDT,0.08786,266.0,0.08785,4034.0,0.08804,39.0,0.08805,258.0
1753533245886,12:34:05.886,CATI/USDT:USDT,0.08786,266.0,0.08785,4034.0,0.08804,39.0,0.08805,258.0
1753533246392,12:34:06.392,CATI/USDT:USDT,0.08786,266.0,0.08785,3776.0,0.08803,258.0,0.08804,612.0
1753533246524,12:34:06.524,CATI/USDT:USDT,0.08786,266.0,0.08785,3776.0,0.08802,39.0,0.08803,258.0
1753533246744,12:34:06.744,CATI/USDT:USDT,0.08786,266.0,0.08785,4034.0,0.08802,39.0,0.08805,258.0
1753533246839,12:34:06.839,CATI/USDT:USDT,0.08786,266.0,0.08785,4034.0,0.08804,431.0,0.08805,258.0
1753533246931,12:34:06.931,CATI/USDT:USDT,0.08786,266.0,0.08785,3776.0,0.08803,258.0,0.08804,431.0
1753533246960,12:34:06.960,CATI/USDT:USDT,0.08786,266.0,0.08785,3776.0,0.08802,39.0,0.08803,258.0
1753533247242,12:34:07.242,CATI/USDT:USDT,0.08786,266.0,0.08785,3776.0,0.08802,39.0,0.08803,258.0
1753533247621,12:34:07.621,CATI/USDT:USDT,0.08786,266.0,0.08785,4034.0,0.08802,39.0,0.08805,258.0
1753533247659,12:34:07.659,CATI/USDT:USDT,0.08786,266.0,0.08785,4034.0,0.08804,39.0,0.08805,258.0
1753533248063,12:34:08.063,CATI/USDT:USDT,0.08786,266.0,0.08785,4034.0,0.08804,431.0,0.08805,258.0
1753533248489,12:34:08.489,CATI/USDT:USDT,0.08786,266.0,0.08785,3776.0,0.08803,258.0,0.08804,431.0
1753533248559,12:34:08.559,CATI/USDT:USDT,0.08786,266.0,0.08785,3776.0,0.08802,39.0,0.08803,258.0
1753533248933,12:34:08.933,CATI/USDT:USDT,0.08787,372.0,0.08786,524.0,0.08802,39.0,0.08805,258.0
1753533248958,12:34:08.958,CATI/USDT:USDT,0.08787,372.0,0.08786,524.0,0.08802,39.0,0.08805,258.0
1753533249322,12:34:09.322,CATI/USDT:USDT,0.08788,266.0,0.08787,372.0,0.08804,387.0,0.08805,258.0
1753533249520,12:34:09.520,CATI/USDT:USDT,0.08788,266.0,0.08785,4034.0,0.08804,39.0,0.08805,258.0
1753533249576,12:34:09.576,CATI/USDT:USDT,0.08787,372.0,0.08786,266.0,0.08804,39.0,0.08805,258.0
1753533249739,12:34:09.739,CATI/USDT:USDT,0.08788,266.0,0.08787,372.0,0.08804,39.0,0.08805,258.0
1753533250100,12:34:10.100,CATI/USDT:USDT,0.08788,266.0,0.08787,372.0,0.08804,39.0,0.08805,258.0
1753533250165,12:34:10.165,CATI/USDT:USDT,0.08788,266.0,0.08787,372.0,0.08804,39.0,0.08805,258.0
1753533250614,12:34:10.614,CATI/USDT:USDT,0.08788,266.0,0.08787,372.0,0.08804,39.0,0.08805,258.0
1753533251412,12:34:11.412,CATI/USDT:USDT,0.08788,266.0,0.08785,4034.0,0.08804,39.0,0.08805,258.0
1753533251459,12:34:11.459,CATI/USDT:USDT,0.08786,266.0,0.08785,4034.0,0.08804,39.0,0.08805,258.0
1753533251567,12:34:11.567,CATI/USDT:USDT,0.08787,372.0,0.08786,266.0,0.08804,39.0,0.08805,258.0
1753533251659,12:34:11.659,CATI/USDT:USDT,0.08788,266.0,0.08787,372.0,0.08804,39.0,0.08805,258.0
1753533251752,12:34:11.752,CATI/USDT:USDT,0.08788,266.0,0.08785,4034.0,0.08804,39.0,0.08805,258.0
1753533251880,12:34:11.880,CATI/USDT:USDT,0.08787,372.0,0.08786,266.0,0.08804,39.0,0.08805,258.0
1753533252035,12:34:12.035,CATI/USDT:USDT,0.08788,266.0,0.08787,372.0,0.08804,39.0,0.08805,258.0
1753533252076,12:34:12.076,CATI/USDT:USDT,0.08788,266.0,0.08785,4034.0,0.08804,39.0,0.08805,258.0
1753533252245,12:34:12.245,CATI/USDT:USDT,0.08788,118.0,0.08786,266.0,0.08804,39.0,0.08805,258.0
1753533252259,12:34:12.259,CATI/USDT:USDT,0.08789,266.0,0.08785,4034.0,0.08804,39.0,0.08805,258.0
1753533252418,12:34:12.418,CATI/USDT:USDT,0.08787,372.0,0.08786,266.0,0.08804,39.0,0.08805,258.0
1753533252532,12:34:12.532,CATI/USDT:USDT,0.08788,266.0,0.08785,4034.0,0.08804,39.0,0.08805,258.0
1753533252641,12:34:12.641,CATI/USDT:USDT,0.08787,372.0,0.08786,266.0,0.08804,39.0,0.08805,258.0
1753533252685,12:34:12.685,CATI/USDT:USDT,0.08788,266.0,0.08785,4034.0,0.08804,39.0,0.08805,258.0
1753533252760,12:34:12.760,CATI/USDT:USDT,0.08786,266.0,0.08785,4034.0,0.08804,39.0,0.08805,258.0
1753533252860,12:34:12.860,CATI/USDT:USDT,0.08786,266.0,0.08785,4034.0,0.08804,39.0,0.08805,258.0
1753533253047,12:34:13.047,CATI/USDT:USDT,0.08786,266.0,0.08785,4034.0,0.08804,39.0,0.08805,258.0
1753533253067,12:34:13.067,CATI/USDT:USDT,0.08786,266.0,0.08785,4034.0,0.08804,39.0,0.08805,258.0
1753533253348,12:34:13.348,CATI/USDT:USDT,0.08786,266.0,0.08785,4034.0,0.08804,39.0,0.08805,258.0
1753533253428,12:34:13.428,CATI/USDT:USDT,0.08787,372.0,0.08786,266.0,0.08804,39.0,0.08805,258.0
1753533253480,12:34:13.480,CATI/USDT:USDT,0.08788,266.0,0.08787,372.0,0.08804,39.0,0.08805,258.0
1753533253626,12:34:13.626,CATI/USDT:USDT,0.08788,266.0,0.08785,4034.0,0.08804,39.0,0.08805,258.0
1753533253662,12:34:13.662,CATI/USDT:USDT,0.08786,266.0,0.08785,4034.0,0.08804,39.0,0.08805,258.0
1753533253895,12:34:13.895,CATI/USDT:USDT,0.08786,266.0,0.08785,4034.0,0.08804,39.0,0.08805,258.0
1753533253980,12:34:13.980,CATI/USDT:USDT,0.08786,266.0,0.08785,4034.0,0.08804,39.0,0.08805,258.0
1753533256348,12:34:16.348,CATI/USDT:USDT,0.08786,266.0,0.08785,4034.0,0.08804,39.0,0.08805,258.0
1753533256355,12:34:16.355,CATI/USDT:USDT,0.08786,266.0,0.08785,4034.0,0.08804,39.0,0.08805,258.0
1753533256522,12:34:16.522,CATI/USDT:USDT,0.08787,373.0,0.08786,266.0,0.08804,78.0,0.08805,258.0
1753533256559,12:34:16.559,CATI/USDT:USDT,0.08788,266.0,0.08787,373.0,0.08804,78.0,0.08805,258.0
1753533256725,12:34:16.725,CATI/USDT:USDT,0.08788,266.0,0.08787,373.0,0.08804,78.0,0.08805,258.0
1753533256835,12:34:16.835,CATI/USDT:USDT,0.08788,266.0,0.08787,373.0,0.08804,78.0,0.08805,258.0
1753533256855,12:34:16.855,CATI/USDT:USDT,0.08788,266.0,0.08787,373.0,0.08804,78.0,0.08805,258.0
1753533257546,12:34:17.546,CATI/USDT:USDT,0.08788,266.0,0.08787,373.0,0.08804,78.0,0.08805,258.0
1753533257989,12:34:17.989,CATI/USDT:USDT,0.08788,266.0,0.08787,373.0,0.08804,78.0,0.08805,258.0
1753533258335,12:34:18.335,CATI/USDT:USDT,0.08788,266.0,0.08785,4034.0,0.08804,78.0,0.08805,258.0
1753533258359,12:34:18.359,CATI/USDT:USDT,0.08786,266.0,0.08785,4034.0,0.08804,78.0,0.08805,258.0
1753533258547,12:34:18.547,CATI/USDT:USDT,0.08786,266.0,0.08785,4034.0,0.08804,78.0,0.08805,258.0
1753533258638,12:34:18.638,CATI/USDT:USDT,0.08786,266.0,0.08785,4034.0,0.08804,78.0,0.08805,258.0
1753533258718,12:34:18.718,CATI/USDT:USDT,0.08786,266.0,0.08785,4034.0,0.08804,78.0,0.08805,258.0
1753533258848,12:34:18.848,CATI/USDT:USDT,0.08786,266.0,0.08785,4034.0,0.08804,78.0,0.08805,258.0
1753533258949,12:34:18.949,CATI/USDT:USDT,0.08786,266.0,0.08785,4034.0,0.08804,78.0,0.08805,258.0
1753533259048,12:34:19.048,CATI/USDT:USDT,0.08786,266.0,0.08785,4034.0,0.08804,78.0,0.08805,258.0
1753533259060,12:34:19.060,CATI/USDT:USDT,0.08786,266.0,0.08785,4034.0,0.08804,78.0,0.08805,258.0
1753533260638,12:34:20.638,CATI/USDT:USDT,0.08786,266.0,0.08785,4034.0,0.08804,78.0,0.08805,258.0
1753533261635,12:34:21.635,CATI/USDT:USDT,0.08786,266.0,0.08785,4034.0,0.08804,78.0,0.08805,258.0
1753533261655,12:34:21.655,CATI/USDT:USDT,0.08786,266.0,0.08785,4034.0,0.08804,78.0,0.08805,258.0
1753533262029,12:34:22.029,CATI/USDT:USDT,0.08786,266.0,0.08785,4034.0,0.08804,78.0,0.08805,258.0
1753533263720,12:34:23.720,CATI/USDT:USDT,0.08787,399.0,0.08786,266.0,0.08804,78.0,0.08805,258.0
1753533263776,12:34:23.776,CATI/USDT:USDT,0.08788,266.0,0.08787,399.0,0.08804,78.0,0.08805,258.0
1753533264035,12:34:24.035,CATI/USDT:USDT,0.08788,266.0,0.08787,399.0,0.08804,78.0,0.08805,258.0
1753533264915,12:34:24.915,CATI/USDT:USDT,0.08788,266.0,0.08787,399.0,0.08804,78.0,0.08805,258.0
1753533265281,12:34:25.281,CATI/USDT:USDT,0.08788,266.0,0.08787,399.0,0.08804,78.0,0.08805,258.0
1753533265715,12:34:25.715,CATI/USDT:USDT,0.08788,266.0,0.08787,399.0,0.08804,78.0,0.08805,258.0
1753533266435,12:34:26.435,CATI/USDT:USDT,0.08788,266.0,0.08787,399.0,0.08804,78.0,0.08805,258.0
1753533267701,12:34:27.701,CATI/USDT:USDT,0.08788,266.0,0.08785,4034.0,0.08804,78.0,0.08805,258.0
1753533267763,12:34:27.763,CATI/USDT:USDT,0.08786,266.0,0.08785,4034.0,0.08804,78.0,0.08805,258.0
1753533267873,12:34:27.873,CATI/USDT:USDT,0.08786,266.0,0.08785,4034.0,0.08804,39.0,0.08805,258.0
1753533268128,12:34:28.128,CATI/USDT:USDT,0.08786,266.0,0.08785,4034.0,0.08804,39.0,0.08805,258.0
1753533268558,12:34:28.558,CATI/USDT:USDT,0.08786,266.0,0.08785,4034.0,0.08804,39.0,0.08805,258.0
1753533270608,12:34:30.608,CATI/USDT:USDT,0.08787,399.0,0.08786,266.0,0.08804,39.0,0.08805,258.0
1753533270660,12:34:30.660,CATI/USDT:USDT,0.08788,266.0,0.08787,399.0,0.08804,39.0,0.08805,258.0
1753533271023,12:34:31.023,CATI/USDT:USDT,0.08788,266.0,0.08785,4034.0,0.08804,39.0,0.08805,258.0
1753533271059,12:34:31.059,CATI/USDT:USDT,0.08786,266.0,0.08785,4034.0,0.08804,39.0,0.08805,258.0
1753533271240,12:34:31.240,CATI/USDT:USDT,0.08786,266.0,0.08785,4034.0,0.08804,78.0,0.08805,258.0
1753533271446,12:34:31.446,CATI/USDT:USDT,0.08786,266.0,0.08785,4034.0,0.08804,78.0,0.08805,258.0
1753533271528,12:34:31.528,CATI/USDT:USDT,0.08786,266.0,0.08785,4034.0,0.08804,78.0,0.08805,258.0
1753533276036,12:34:36.036,CATI/USDT:USDT,0.08786,266.0,0.08785,4034.0,0.08804,78.0,0.08805,258.0
1753533276302,12:34:36.302,CATI/USDT:USDT,0.08786,266.0,0.08785,4034.0,0.08804,78.0,0.08805,258.0
1753533276444,12:34:36.444,CATI/USDT:USDT,0.08787,300.0,0.08786,266.0,0.08804,78.0,0.08805,258.0
1753533276459,12:34:36.459,CATI/USDT:USDT,0.08788,266.0,0.08787,300.0,0.08804,78.0,0.08805,258.0
1753533276554,12:34:36.554,CATI/USDT:USDT,0.08788,266.0,0.08787,300.0,0.08804,78.0,0.08805,258.0
1753533276717,12:34:36.717,CATI/USDT:USDT,0.08788,266.0,0.08787,300.0,0.08804,78.0,0.08805,258.0
1753533277181,12:34:37.181,CATI/USDT:USDT,0.08788,266.0,0.08785,4034.0,0.08804,78.0,0.08805,258.0
1753533277259,12:34:37.259,CATI/USDT:USDT,0.08786,266.0,0.08785,4034.0,0.08804,78.0,0.08805,258.0
1753533277535,12:34:37.535,CATI/USDT:USDT,0.08786,266.0,0.08785,4034.0,0.08804,78.0,0.08805,258.0
1753533280837,12:34:40.837,CATI/USDT:USDT,0.08786,266.0,0.08785,4034.0,0.08804,78.0,0.08805,258.0
1753533280939,12:34:40.939,CATI/USDT:USDT,0.08786,266.0,0.08784,14781.0,0.08798,258.0,0.08799,3525.0
1753533281024,12:34:41.024,CATI/USDT:USDT,0.08785,266.0,0.08784,12322.0,0.08797,39.0,0.08798,258.0
1753533281114,12:34:41.114,CATI/USDT:USDT,0.08785,266.0,0.08784,12322.0,0.08797,39.0,0.08798,258.0
1753533281172,12:34:41.172,CATI/USDT:USDT,0.08785,266.0,0.08784,12322.0,0.08797,39.0,0.08798,258.0
1753533281335,12:34:41.335,CATI/USDT:USDT,0.08785,266.0,0.08784,12322.0,0.08797,39.0,0.08798,258.0
1753533281598,12:34:41.598,CATI/USDT:USDT,0.08785,266.0,0.08784,12322.0,0.08797,39.0,0.08798,258.0
1753533281797,12:34:41.797,CATI/USDT:USDT,0.08785,266.0,0.08782,258.0,0.08797,39.0,0.08798,258.0
1753533281895,12:34:41.895,CATI/USDT:USDT,0.08783,266.0,0.0878,3685.0,0.08797,78.0,0.08798,258.0
1753533282030,12:34:42.030,CATI/USDT:USDT,0.08781,266.0,0.0878,3943.0,0.08797,78.0,0.08798,258.0
1753533282296,12:34:42.296,CATI/USDT:USDT,0.08781,266.0,0.0878,7468.0,0.08797,78.0,0.08798,258.0
1753533282447,12:34:42.447,CATI/USDT:USDT,0.08781,266.0,0.0878,7468.0,0.08797,78.0,0.08798,258.0
1753533282871,12:34:42.871,CATI/USDT:USDT,0.08781,266.0,0.0878,7468.0,0.08797,78.0,0.08798,258.0
1753533283043,12:34:43.043,CATI/USDT:USDT,0.08781,266.0,0.0878,7468.0,0.08797,78.0,0.08798,258.0
1753533283298,12:34:43.298,CATI/USDT:USDT,0.08781,266.0,0.0878,7468.0,0.08797,78.0,0.08798,258.0
1753533284006,12:34:44.006,CATI/USDT:USDT,0.08781,266.0,0.0878,7468.0,0.08797,78.0,0.08798,258.0
1753533284098,12:34:44.098,CATI/USDT:USDT,0.08781,266.0,0.0878,7468.0,0.08797,78.0,0.08798,258.0
1753533284525,12:34:44.525,CATI/USDT:USDT,0.08781,266.0,0.0878,7468.0,0.08797,78.0,0.08798,258.0
1753533284638,12:34:44.638,CATI/USDT:USDT,0.08781,266.0,0.0878,7468.0,0.08797,78.0,0.08798,258.0
1753533285048,12:34:45.048,CATI/USDT:USDT,0.08782,300.0,0.08781,266.0,0.08797,78.0,0.08798,258.0
1753533285062,12:34:45.062,CATI/USDT:USDT,0.08783,266.0,0.08782,300.0,0.08797,78.0,0.08798,258.0
1753533285245,12:34:45.245,CATI/USDT:USDT,0.08783,266.0,0.0878,3943.0,0.08797,78.0,0.08798,258.0
1753533285347,12:34:45.347,CATI/USDT:USDT,0.08781,266.0,0.0878,3943.0,0.08797,78.0,0.08798,258.0
1753533285636,12:34:45.636,CATI/USDT:USDT,0.08781,266.0,0.0878,3943.0,0.08797,78.0,0.08798,258.0
1753533286295,12:34:46.295,CATI/USDT:USDT,0.08782,300.0,0.08781,266.0,0.08797,78.0,0.08798,258.0
1753533286363,12:34:46.363,CATI/USDT:USDT,0.08783,266.0,0.08782,300.0,0.08797,78.0,0.08798,258.0
1753533286481,12:34:46.481,CATI/USDT:USDT,0.08783,266.0,0.0878,3943.0,0.08797,78.0,0.08798,258.0
1753533286579,12:34:46.579,CATI/USDT:USDT,0.08781,266.0,0.0878,3943.0,0.08797,78.0,0.08798,258.0
1753533287004,12:34:47.004,CATI/USDT:USDT,0.08781,266.0,0.0878,3943.0,0.08797,78.0,0.08798,258.0
1753533287519,12:34:47.519,CATI/USDT:USDT,0.08782,600.0,0.08781,266.0,0.08797,78.0,0.08798,258.0
1753533287582,12:34:47.582,CATI/USDT:USDT,0.08783,266.0,0.0878,7468.0,0.08797,78.0,0.08798,258.0
1753533287715,12:34:47.715,CATI/USDT:USDT,0.08782,300.0,0.08781,266.0,0.08797,78.0,0.08798,258.0
1753533287827,12:34:47.827,CATI/USDT:USDT,0.08783,266.0,0.08782,300.0,0.08797,78.0,0.08798,258.0
1753533288250,12:34:48.250,CATI/USDT:USDT,0.08783,266.0,0.08782,300.0,0.08797,78.0,0.08798,258.0
1753533288730,12:34:48.730,CATI/USDT:USDT,0.08783,266.0,0.0878,7468.0,0.08797,78.0,0.08798,258.0
1753533288761,12:34:48.761,CATI/USDT:USDT,0.08781,266.0,0.0878,7468.0,0.08797,78.0,0.08798,258.0
1753533289110,12:34:49.110,CATI/USDT:USDT,0.08781,266.0,0.0878,7468.0,0.08797,78.0,0.08798,258.0
1753533289416,12:34:49.416,CATI/USDT:USDT,0.08781,266.0,0.0878,7468.0,0.08797,78.0,0.08798,258.0
1753533289526,12:34:49.526,CATI/USDT:USDT,0.08781,266.0,0.0878,7468.0,0.08797,78.0,0.08798,258.0
1753533290438,12:34:50.438,CATI/USDT:USDT,0.08781,266.0,0.0878,7468.0,0.08797,78.0,0.08798,258.0
1753533290455,12:34:50.455,CATI/USDT:USDT,0.08781,266.0,0.0878,7468.0,0.08797,78.0,0.08798,258.0
1753533290747,12:34:50.747,CATI/USDT:USDT,0.08781,266.0,0.0878,7468.0,0.08797,78.0,0.08798,258.0
1753533291101,12:34:51.101,CATI/USDT:USDT,0.08782,1004.0,0.08781,266.0,0.08797,78.0,0.08798,258.0
1753533291164,12:34:51.164,CATI/USDT:USDT,0.08783,266.0,0.08782,1004.0,0.08797,78.0,0.08798,258.0
1753533291595,12:34:51.595,CATI/USDT:USDT,0.08783,266.0,0.08782,1004.0,0.08797,78.0,0.08798,258.0
1753533292009,12:34:52.009,CATI/USDT:USDT,0.08783,266.0,0.08782,1004.0,0.08797,78.0,0.08798,258.0
1753533292852,12:34:52.852,CATI/USDT:USDT,0.08783,266.0,0.08782,1004.0,0.08797,78.0,0.08798,258.0
1753533292857,12:34:52.857,CATI/USDT:USDT,0.08783,266.0,0.08782,1004.0,0.08797,78.0,0.08798,258.0
1753533293225,12:34:53.225,CATI/USDT:USDT,0.08783,266.0,0.0878,7468.0,0.08797,78.0,0.08798,258.0
1753533293266,12:34:53.266,CATI/USDT:USDT,0.08781,266.0,0.0878,7468.0,0.08797,78.0,0.08798,258.0
1753533293710,12:34:53.710,CATI/USDT:USDT,0.08781,266.0,0.0878,7468.0,0.08797,78.0,0.08798,258.0
1753533293930,12:34:53.930,CATI/USDT:USDT,0.08781,266.0,0.0878,7468.0,0.08797,78.0,0.08798,258.0
1753533294951,12:34:54.951,CATI/USDT:USDT,0.08782,258.0,0.08781,266.0,0.08797,78.0,0.08804,258.0
1753533294984,12:34:54.984,CATI/USDT:USDT,0.08783,524.0,0.08781,500.0,0.08797,39.0,0.08803,39.0
1753533295237,12:34:55.237,CATI/USDT:USDT,0.08783,524.0,0.08781,500.0,0.08797,39.0,0.08803,39.0
1753533295334,12:34:55.334,CATI/USDT:USDT,0.08783,524.0,0.08781,500.0,0.08797,39.0,0.08803,39.0
1753533295751,12:34:55.751,CATI/USDT:USDT,0.08783,524.0,0.08781,500.0,0.08797,39.0,0.08803,39.0
1753533297739,12:34:57.739,CATI/USDT:USDT,0.08783,524.0,0.08781,500.0,0.08803,39.0,0.08804,258.0
1753533297848,12:34:57.848,CATI/USDT:USDT,0.08783,524.0,0.08781,500.0,0.08803,39.0,0.08804,258.0
1753533298015,12:34:58.015,CATI/USDT:USDT,0.08783,524.0,0.08781,500.0,0.08803,39.0,0.08804,258.0
1753533298240,12:34:58.240,CATI/USDT:USDT,0.08783,524.0,0.08781,500.0,0.08803,39.0,0.08804,258.0
1753533298362,12:34:58.362,CATI/USDT:USDT,0.08783,1024.0,0.08781,500.0,0.08803,39.0,0.08804,258.0
1753533298740,12:34:58.740,CATI/USDT:USDT,0.08783,1024.0,0.08781,500.0,0.08803,39.0,0.08804,258.0
1753533298861,12:34:58.861,CATI/USDT:USDT,0.08783,1024.0,0.08781,500.0,0.08803,78.0,0.08804,258.0
1753533299201,12:34:59.201,CATI/USDT:USDT,0.08783,1024.0,0.08781,500.0,0.08803,78.0,0.08804,258.0
1753533300037,12:35:00.037,CATI/USDT:USDT,0.08783,1024.0,0.08781,500.0,0.08803,78.0,0.08804,258.0
1753533300341,12:35:00.341,CATI/USDT:USDT,0.08783,1024.0,0.08781,500.0,0.08803,78.0,0.08804,258.0
1753533302318,12:35:02.318,CATI/USDT:USDT,0.08783,1024.0,0.08781,500.0,0.08803,78.0,0.08804,258.0
1753533302620,12:35:02.620,CATI/USDT:USDT,0.08783,1024.0,0.08781,500.0,0.08803,78.0,0.08804,258.0
1753533303195,12:35:03.195,CATI/USDT:USDT,0.08783,1024.0,0.08781,500.0,0.08803,78.0,0.08804,258.0
1753533303291,12:35:03.291,CATI/USDT:USDT,0.08784,6523.0,0.08783,524.0,0.08803,78.0,0.08804,258.0
1753533303447,12:35:03.447,CATI/USDT:USDT,0.08786,268.0,0.08785,266.0,0.08803,78.0,0.08804,258.0
1753533303506,12:35:03.506,CATI/USDT:USDT,0.08787,266.0,0.08782,258.0,0.08803,78.0,0.08805,258.0
1753533303641,12:35:03.641,CATI/USDT:USDT,0.08783,766.0,0.08782,258.0,0.08803,39.0,0.08804,39.0
1753533303658,12:35:03.658,CATI/USDT:USDT,0.08783,766.0,0.08782,258.0,0.08803,39.0,0.08804,39.0
1753533304837,12:35:04.837,CATI/USDT:USDT,0.08783,766.0,0.08782,258.0,0.08803,39.0,0.08804,39.0
1753533304863,12:35:04.863,CATI/USDT:USDT,0.08783,766.0,0.08782,258.0,0.08803,39.0,0.08804,39.0
1753533306244,12:35:06.244,CATI/USDT:USDT,0.08783,766.0,0.08782,258.0,0.08803,39.0,0.08804,39.0
1753533309637,12:35:09.637,CATI/USDT:USDT,0.08783,766.0,0.08782,258.0,0.08803,39.0,0.08804,39.0
1753533309655,12:35:09.655,CATI/USDT:USDT,0.08783,766.0,0.08782,258.0,0.08803,39.0,0.08804,39.0
1753533310025,12:35:10.025,CATI/USDT:USDT,0.08783,766.0,0.08782,258.0,0.08803,39.0,0.08804,39.0
1753533310243,12:35:10.243,CATI/USDT:USDT,0.08783,766.0,0.08782,258.0,0.08803,39.0,0.08804,39.0
1753533310259,12:35:10.259,CATI/USDT:USDT,0.08783,766.0,0.08782,258.0,0.08803,39.0,0.08804,39.0
1753533312290,12:35:12.290,CATI/USDT:USDT,0.08783,766.0,0.08782,258.0,0.08803,39.0,0.08804,39.0
1753533312525,12:35:12.525,CATI/USDT:USDT,0.08785,2413.0,0.08784,8301.0,0.08804,39.0,0.08805,258.0
1753533312560,12:35:12.560,CATI/USDT:USDT,0.08786,266.0,0.08785,2413.0,0.08804,39.0,0.08805,258.0
1753533312715,12:35:12.715,CATI/USDT:USDT,0.08786,266.0,0.08784,258.0,0.08804,78.0,0.08805,258.0
1753533312764,12:35:12.764,CATI/USDT:USDT,0.08785,266.0,0.08782,258.0,0.08804,78.0,0.08805,258.0
1753533312915,12:35:12.915,CATI/USDT:USDT,0.08786,379.0,0.08785,258.0,0.08804,78.0,0.08805,258.0
1753533312959,12:35:12.959,CATI/USDT:USDT,0.08787,266.0,0.08786,379.0,0.08804,78.0,0.08805,258.0
1753533313757,12:35:13.757,CATI/USDT:USDT,0.08787,266.0,0.08786,379.0,0.08804,78.0,0.08805,258.0
1753533314174,12:35:14.174,CATI/USDT:USDT,0.08787,266.0,0.08786,379.0,0.08804,78.0,0.08805,258.0
1753533314438,12:35:14.438,CATI/USDT:USDT,0.08787,266.0,0.08786,379.0,0.08804,78.0,0.08805,258.0
1753533315049,12:35:15.049,CATI/USDT:USDT,0.08787,266.0,0.08782,258.0,0.08804,78.0,0.08805,258.0
1753533315059,12:35:15.059,CATI/USDT:USDT,0.08783,266.0,0.08782,258.0,0.08804,78.0,0.08805,258.0
1753533315174,12:35:15.174,CATI/USDT:USDT,0.08783,266.0,0.08782,258.0,0.08804,578.0,0.08805,258.0
1753533315446,12:35:15.446,CATI/USDT:USDT,0.08783,266.0,0.08782,258.0,0.08804,578.0,0.08805,258.0
1753533315495,12:35:15.495,CATI/USDT:USDT,0.08783,266.0,0.08782,258.0,0.08804,578.0,0.08805,258.0
1753533315798,12:35:15.798,CATI/USDT:USDT,0.08783,266.0,0.08782,258.0,0.08804,578.0,0.08805,258.0
1753533315970,12:35:15.970,CATI/USDT:USDT,0.08783,266.0,0.08782,258.0,0.08804,578.0,0.08805,258.0
1753533318918,12:35:18.918,CATI/USDT:USDT,0.08784,4092.0,0.08783,266.0,0.08804,580.0,0.08805,258.0
1753533319043,12:35:19.043,CATI/USDT:USDT,0.08785,266.0,0.08784,4092.0,0.08804,580.0,0.08805,258.0
1753533319056,12:35:19.056,CATI/USDT:USDT,0.08785,266.0,0.08782,258.0,0.08804,580.0,0.08805,258.0
1753533319237,12:35:19.237,CATI/USDT:USDT,0.08784,4092.0,0.08783,266.0,0.08804,580.0,0.08805,258.0
1753533319259,12:35:19.259,CATI/USDT:USDT,0.08785,266.0,0.08784,4092.0,0.08804,580.0,0.08805,258.0
1753533319417,12:35:19.417,CATI/USDT:USDT,0.08785,266.0,0.08782,258.0,0.08804,580.0,0.08805,258.0
1753533319476,12:35:19.476,CATI/USDT:USDT,0.08784,4089.0,0.08783,266.0,0.08804,580.0,0.08805,258.0
1753533319642,12:35:19.642,CATI/USDT:USDT,0.08785,266.0,0.08784,4089.0,0.08804,580.0,0.08805,258.0
1753533319769,12:35:19.769,CATI/USDT:USDT,0.08785,266.0,0.08782,258.0,0.08804,580.0,0.08805,258.0
1753533319874,12:35:19.874,CATI/USDT:USDT,0.08783,266.0,0.08782,258.0,0.08804,580.0,0.08805,258.0
1753533320447,12:35:20.447,CATI/USDT:USDT,0.08783,266.0,0.08782,258.0,0.08804,580.0,0.08805,258.0
1753533320455,12:35:20.455,CATI/USDT:USDT,0.08783,266.0,0.08782,258.0,0.08804,580.0,0.08805,258.0
1753533320690,12:35:20.690,CATI/USDT:USDT,0.08783,266.0,0.08782,258.0,0.08804,580.0,0.08805,258.0
1753533321424,12:35:21.424,CATI/USDT:USDT,0.08784,4089.0,0.08783,266.0,0.08804,580.0,0.08805,258.0
1753533321480,12:35:21.480,CATI/USDT:USDT,0.08785,266.0,0.08782,258.0,0.08804,580.0,0.08805,258.0
1753533321613,12:35:21.613,CATI/USDT:USDT,0.08784,4089.0,0.08783,266.0,0.08804,580.0,0.08805,258.0
1753533321661,12:35:21.661,CATI/USDT:USDT,0.08785,266.0,0.08784,4089.0,0.08804,580.0,0.08805,258.0
1753533322717,12:35:22.717,CATI/USDT:USDT,0.08785,266.0,0.08784,4089.0,0.08804,580.0,0.08805,258.0
1753533323039,12:35:23.039,CATI/USDT:USDT,0.08785,266.0,0.08784,4089.0,0.08804,580.0,0.08805,258.0
1753533323431,12:35:23.431,CATI/USDT:USDT,0.08785,266.0,0.08781,758.0,0.08798,258.0,0.08799,3525.0
1753533323551,12:35:23.551,CATI/USDT:USDT,0.08782,266.0,0.08781,758.0,0.08797,78.0,0.08798,258.0
1753533323575,12:35:23.575,CATI/USDT:USDT,0.08782,266.0,0.08781,758.0,0.08797,78.0,0.08798,258.0
1753533323847,12:35:23.847,CATI/USDT:USDT,0.08782,524.0,0.08781,500.0,0.08797,78.0,0.08802,258.0
1753533323859,12:35:23.859,CATI/USDT:USDT,0.08782,524.0,0.08781,500.0,0.08797,39.0,0.08801,39.0
1753533324037,12:35:24.037,CATI/USDT:USDT,0.08782,266.0,0.08781,758.0,0.08797,39.0,0.08801,297.0
1753533324100,12:35:24.100,CATI/USDT:USDT,0.08782,266.0,0.08781,258.0,0.08797,39.0,0.08801,297.0
1753533324187,12:35:24.187,CATI/USDT:USDT,0.08782,266.0,0.08781,258.0,0.08797,39.0,0.08801,297.0
1753533324289,12:35:24.289,CATI/USDT:USDT,0.08782,266.0,0.08781,258.0,0.08797,39.0,0.08801,297.0
1753533324401,12:35:24.401,CATI/USDT:USDT,0.08782,266.0,0.08781,258.0,0.08797,39.0,0.08801,297.0
1753533324524,12:35:24.524,CATI/USDT:USDT,0.08782,266.0,0.08781,258.0,0.08797,39.0,0.08801,297.0
1753533324648,12:35:24.648,CATI/USDT:USDT,0.08782,266.0,0.08781,258.0,0.08797,39.0,0.08801,297.0
1753533324868,12:35:24.868,CATI/USDT:USDT,0.08782,266.0,0.08781,258.0,0.08797,39.0,0.08801,297.0
1753533325005,12:35:25.005,CATI/USDT:USDT,0.08782,266.0,0.08781,258.0,0.08797,39.0,0.08801,297.0
1753533325127,12:35:25.127,CATI/USDT:USDT,0.08782,266.0,0.08781,258.0,0.08797,39.0,0.08801,297.0
1753533325285,12:35:25.285,CATI/USDT:USDT,0.08782,266.0,0.08781,258.0,0.08797,39.0,0.08801,297.0
1753533325701,12:35:25.701,CATI/USDT:USDT,0.08782,266.0,0.08781,258.0,0.08797,39.0,0.08801,297.0
1753533328837,12:35:28.837,CATI/USDT:USDT,0.08782,266.0,0.08781,258.0,0.08797,39.0,0.08801,297.0
1753533328855,12:35:28.855,CATI/USDT:USDT,0.08782,266.0,0.08781,258.0,0.08797,39.0,0.08801,297.0
1753533330203,12:35:30.203,CATI/USDT:USDT,0.08782,266.0,0.08781,258.0,0.08797,39.0,0.08801,297.0
1753533330443,12:35:30.443,CATI/USDT:USDT,0.08782,266.0,0.08776,258.0,0.08798,258.0,0.08799,3525.0
1753533330499,12:35:30.499,CATI/USDT:USDT,0.08779,4025.0,0.08778,7261.0,0.08797,39.0,0.08798,297.0
1753533330572,12:35:30.572,CATI/USDT:USDT,0.0878,266.0,0.08779,4025.0,0.08797,39.0,0.08798,297.0
1753533330985,12:35:30.985,CATI/USDT:USDT,0.0878,266.0,0.08779,4025.0,0.08797,39.0,0.08798,297.0
1753533331803,12:35:31.803,CATI/USDT:USDT,0.0878,266.0,0.08779,4025.0,0.08797,39.0,0.08798,297.0
1753533332221,12:35:32.221,CATI/USDT:USDT,0.0878,266.0,0.08779,4025.0,0.08797,39.0,0.08798,297.0
1753533332478,12:35:32.478,CATI/USDT:USDT,0.08781,1902.0,0.0878,266.0,0.08797,39.0,0.08798,297.0
1753533332644,12:35:32.644,CATI/USDT:USDT,0.08782,266.0,0.08781,1902.0,0.08797,39.0,0.08798,297.0
1753533332657,12:35:32.657,CATI/USDT:USDT,0.08782,266.0,0.08781,1902.0,0.08797,39.0,0.08798,297.0
1753533332824,12:35:32.824,CATI/USDT:USDT,0.08782,266.0,0.08779,4025.0,0.08797,39.0,0.08798,297.0
1753533332875,12:35:32.875,CATI/USDT:USDT,0.0878,766.0,0.08779,4025.0,0.08797,39.0,0.08798,297.0
1753533333063,12:35:33.063,CATI/USDT:USDT,0.0878,766.0,0.08779,4025.0,0.08797,39.0,0.08798,297.0
1753533333638,12:35:33.638,CATI/USDT:USDT,0.0878,766.0,0.08779,4025.0,0.08797,39.0,0.08798,297.0
1753533333889,12:35:33.889,CATI/USDT:USDT,0.0878,766.0,0.08779,4025.0,0.08797,39.0,0.08798,297.0
1753533334304,12:35:34.304,CATI/USDT:USDT,0.0878,766.0,0.08779,4025.0,0.08797,39.0,0.08798,297.0
1753533336050,12:35:36.050,CATI/USDT:USDT,0.0878,766.0,0.08779,4025.0,0.08797,39.0,0.08798,297.0
1753533337119,12:35:37.119,CATI/USDT:USDT,0.0878,766.0,0.08779,4025.0,0.08797,39.0,0.08798,258.0
1753533338304,12:35:38.304,CATI/USDT:USDT,0.0878,766.0,0.08779,4025.0,0.08797,39.0,0.08798,258.0
1753533338438,12:35:38.438,CATI/USDT:USDT,0.0878,766.0,0.08779,4025.0,0.08797,39.0,0.08798,258.0
1753533338456,12:35:38.456,CATI/USDT:USDT,0.0878,766.0,0.08779,4025.0,0.08797,39.0,0.08798,258.0
1753533338750,12:35:38.750,CATI/USDT:USDT,0.0878,766.0,0.08779,4025.0,0.08797,39.0,0.08798,258.0
1753533339008,12:35:39.008,CATI/USDT:USDT,0.0878,766.0,0.08779,4025.0,0.08797,39.0,0.08798,258.0
1753533340124,12:35:40.124,CATI/USDT:USDT,0.0878,766.0,0.08779,4025.0,0.08797,39.0,0.08798,258.0
1753533340489,12:35:40.489,CATI/USDT:USDT,0.08781,1902.0,0.0878,766.0,0.08797,78.0,0.08798,258.0
1753533340562,12:35:40.562,CATI/USDT:USDT,0.08782,266.0,0.08781,1902.0,0.08797,78.0,0.08798,258.0
1753533340778,12:35:40.778,CATI/USDT:USDT,0.08782,266.0,0.08781,1902.0,0.08797,78.0,0.08798,258.0
1753533340872,12:35:40.872,CATI/USDT:USDT,0.08782,266.0,0.08781,1902.0,0.08797,78.0,0.08798,258.0
1753533342014,12:35:42.014,CATI/USDT:USDT,0.08782,266.0,0.0878,500.0,0.08797,78.0,0.08798,258.0
1753533342075,12:35:42.075,CATI/USDT:USDT,0.08781,766.0,0.0878,500.0,0.08797,78.0,0.08798,258.0
1753533342426,12:35:42.426,CATI/USDT:USDT,0.08781,766.0,0.0878,500.0,0.08797,78.0,0.08798,258.0
1753533342846,12:35:42.846,CATI/USDT:USDT,0.08781,766.0,0.0878,500.0,0.08797,78.0,0.08798,258.0
1753533343237,12:35:43.237,CATI/USDT:USDT,0.08781,766.0,0.0878,500.0,0.08797,78.0,0.08798,258.0
1753533343839,12:35:43.839,CATI/USDT:USDT,0.08781,266.0,0.0878,500.0,0.08797,78.0,0.08798,258.0
1753533345280,12:35:45.280,CATI/USDT:USDT,0.08782,1251.0,0.08781,266.0,0.08797,78.0,0.08798,258.0
1753533345414,12:35:45.414,CATI/USDT:USDT,0.08783,266.0,0.0878,500.0,0.08797,78.0,0.08798,258.0
1753533345468,12:35:45.468,CATI/USDT:USDT,0.08781,266.0,0.0878,500.0,0.08797,78.0,0.08798,258.0
1753533345680,12:35:45.680,CATI/USDT:USDT,0.08781,266.0,0.0878,500.0,0.08797,78.0,0.08798,258.0
1753533345857,12:35:45.857,CATI/USDT:USDT,0.08781,266.0,0.0878,500.0,0.08797,78.0,0.08798,258.0
1753533346003,12:35:46.003,CATI/USDT:USDT,0.08781,266.0,0.0878,500.0,0.08797,78.0,0.08798,258.0
1753533346167,12:35:46.167,CATI/USDT:USDT,0.08781,266.0,0.0878,500.0,0.08797,78.0,0.08798,258.0
1753533347015,12:35:47.015,CATI/USDT:USDT,0.08781,266.0,0.0878,500.0,0.08797,78.0,0.08798,258.0
1753533347301,12:35:47.301,CATI/USDT:USDT,0.08781,266.0,0.0878,500.0,0.08797,78.0,0.08798,258.0
1753533347794,12:35:47.794,CATI/USDT:USDT,0.08781,266.0,0.0878,500.0,0.08797,78.0,0.08798,258.0
1753533348038,12:35:48.038,CATI/USDT:USDT,0.08781,266.0,0.0878,500.0,0.08797,78.0,0.08798,258.0
1753533348057,12:35:48.057,CATI/USDT:USDT,0.08781,266.0,0.0878,500.0,0.08797,78.0,0.08798,258.0
1753533348956,12:35:48.956,CATI/USDT:USDT,0.08781,266.0,0.0878,500.0,0.08797,78.0,0.08798,258.0
1753533349063,12:35:49.063,CATI/USDT:USDT,0.08781,266.0,0.0878,500.0,0.08797,78.0,0.08798,258.0
1753533350587,12:35:50.587,CATI/USDT:USDT,0.08781,266.0,0.0878,758.0,0.08797,78.0,0.08799,258.0
1753533350736,12:35:50.736,CATI/USDT:USDT,0.08782,758.0,0.08781,266.0,0.08798,39.0,0.08805,258.0
1753533350792,12:35:50.792,CATI/USDT:USDT,0.08783,766.0,0.08782,258.0,0.08804,39.0,0.08805,258.0
1753533350937,12:35:50.937,CATI/USDT:USDT,0.08783,766.0,0.08782,258.0,0.08804,78.0,0.08805,258.0
1753533351015,12:35:51.015,CATI/USDT:USDT,0.08784,4971.0,0.08783,766.0,0.08804,78.0,0.08805,258.0
1753533351075,12:35:51.075,CATI/USDT:USDT,0.08785,266.0,0.08784,4971.0,0.08804,78.0,0.08805,258.0
1753533351222,12:35:51.222,CATI/USDT:USDT,0.08785,266.0,0.08784,258.0,0.08804,78.0,0.08805,258.0
1753533351451,12:35:51.451,CATI/USDT:USDT,0.08785,266.0,0.08784,258.0,0.08804,78.0,0.08805,258.0
1753533351475,12:35:51.475,CATI/USDT:USDT,0.08785,266.0,0.08784,258.0,0.08804,78.0,0.08805,258.0
1753533351684,12:35:51.684,CATI/USDT:USDT,0.08785,266.0,0.08784,258.0,0.08804,39.0,0.08805,258.0
1753533351811,12:35:51.811,CATI/USDT:USDT,0.08785,266.0,0.08784,258.0,0.08804,39.0,0.08805,258.0
1753533352517,12:35:52.517,CATI/USDT:USDT,0.08785,266.0,0.08784,258.0,0.08804,39.0,0.08805,258.0
1753533352749,12:35:52.749,CATI/USDT:USDT,0.08785,766.0,0.08784,258.0,0.08804,39.0,0.08805,258.0
1753533352838,12:35:52.838,CATI/USDT:USDT,0.08785,766.0,0.08784,258.0,0.08804,39.0,0.08805,258.0
1753533356995,12:35:56.995,CATI/USDT:USDT,0.08785,766.0,0.08784,258.0,0.08804,39.0,0.08805,258.0
1753533357452,12:35:57.452,CATI/USDT:USDT,0.08785,766.0,0.08784,258.0,0.08804,39.0,0.08805,258.0
1753533357638,12:35:57.638,CATI/USDT:USDT,0.08785,766.0,0.08784,258.0,0.08804,39.0,0.08805,258.0
1753533357683,12:35:57.683,CATI/USDT:USDT,0.08785,766.0,0.08784,258.0,0.08804,39.0,0.08805,258.0
1753533360576,12:36:00.576,CATI/USDT:USDT,0.08785,766.0,0.08784,258.0,0.08804,39.0,0.08805,258.0
1753533360681,12:36:00.681,CATI/USDT:USDT,0.08785,766.0,0.08784,258.0,0.08804,39.0,0.08805,258.0
1753533361649,12:36:01.649,CATI/USDT:USDT,0.08785,1024.0,0.0878,500.0,0.08804,39.0,0.08805,258.0
1753533361898,12:36:01.898,CATI/USDT:USDT,0.08785,1024.0,0.0878,500.0,0.08804,39.0,0.08805,258.0
1753533362073,12:36:02.073,CATI/USDT:USDT,0.08785,1024.0,0.0878,500.0,0.08804,39.0,0.08805,258.0
1753533362438,12:36:02.438,CATI/USDT:USDT,0.08785,1024.0,0.0878,500.0,0.08804,39.0,0.08805,258.0
1753533362717,12:36:02.717,CATI/USDT:USDT,0.08785,1024.0,0.0878,500.0,0.08804,39.0,0.08805,258.0
1753533363626,12:36:03.626,CATI/USDT:USDT,0.08785,1024.0,0.0878,500.0,0.08804,39.0,0.08805,258.0
1753533365201,12:36:05.201,CATI/USDT:USDT,0.08785,1024.0,0.0878,500.0,0.08804,39.0,0.08805,258.0
1753533365593,12:36:05.593,CATI/USDT:USDT,0.08785,524.0,0.0878,500.0,0.08804,39.0,0.08805,258.0
1753533365805,12:36:05.805,CATI/USDT:USDT,0.08785,266.0,0.08781,258.0,0.08803,258.0,0.08804,39.0
1753533365953,12:36:05.953,CATI/USDT:USDT,0.08782,266.0,0.0878,500.0,0.08802,39.0,0.08805,258.0
1753533365980,12:36:05.980,CATI/USDT:USDT,0.08785,500.0,0.08782,258.0,0.08804,39.0,0.08805,258.0
1753533366075,12:36:06.075,CATI/USDT:USDT,0.08786,266.0,0.08785,258.0,0.08804,39.0,0.08805,258.0
1753533366372,12:36:06.372,CATI/USDT:USDT,0.08786,266.0,0.08781,258.0,0.08804,39.0,0.08805,258.0
1753533366572,12:36:06.572,CATI/USDT:USDT,0.08786,266.0,0.08781,258.0,0.08804,39.0,0.08805,258.0
1753533366843,12:36:06.843,CATI/USDT:USDT,0.08786,118.0,0.08782,148.0,0.08804,39.0,0.08805,258.0
1753533366858,12:36:06.858,CATI/USDT:USDT,0.08782,266.0,0.08781,258.0,0.08804,39.0,0.08805,258.0
1753533366975,12:36:06.975,CATI/USDT:USDT,0.08782,266.0,0.08781,258.0,0.08804,39.0,0.08805,258.0
1753533367238,12:36:07.238,CATI/USDT:USDT,0.08782,266.0,0.08781,258.0,0.08804,39.0,0.08805,258.0
1753533367582,12:36:07.582,CATI/USDT:USDT,0.08782,766.0,0.08781,258.0,0.08804,39.0,0.08805,258.0
1753533368044,12:36:08.044,CATI/USDT:USDT,0.08782,766.0,0.08781,258.0,0.08804,39.0,0.08805,258.0
1753533368435,12:36:08.435,CATI/USDT:USDT,0.08785,2285.0,0.08784,7616.0,0.08804,39.0,0.08805,258.0
1753533368515,12:36:08.515,CATI/USDT:USDT,0.08786,266.0,0.08784,758.0,0.08804,39.0,0.08805,258.0
1753533368560,12:36:08.560,CATI/USDT:USDT,0.08785,266.0,0.08784,258.0,0.08804,39.0,0.08805,258.0
1753533368970,12:36:08.970,CATI/USDT:USDT,0.08785,266.0,0.08784,258.0,0.08804,39.0,0.08805,258.0
1753533369417,12:36:09.417,CATI/USDT:USDT,0.08785,266.0,0.08784,258.0,0.08804,39.0,0.08805,258.0
1753533370549,12:36:10.549,CATI/USDT:USDT,0.08785,766.0,0.08784,258.0,0.08804,39.0,0.08805,258.0
1753533370571,12:36:10.571,CATI/USDT:USDT,0.08786,3017.0,0.08785,766.0,0.08804,39.0,0.08805,258.0
1753533370660,12:36:10.660,CATI/USDT:USDT,0.08787,266.0,0.08786,3017.0,0.08804,39.0,0.08805,258.0
1753533371047,12:36:11.047,CATI/USDT:USDT,0.08787,266.0,0.08786,3275.0,0.08804,39.0,0.08805,258.0
1753533371527,12:36:11.527,CATI/USDT:USDT,0.08787,266.0,0.08786,3275.0,0.08804,39.0,0.08805,258.0
1753533372038,12:36:12.038,CATI/USDT:USDT,0.08787,266.0,0.08786,3275.0,0.08804,39.0,0.08805,258.0
1753533372136,12:36:12.136,CATI/USDT:USDT,0.08787,266.0,0.08786,3275.0,0.08804,39.0,0.08805,258.0
1753533372155,12:36:12.155,CATI/USDT:USDT,0.08787,266.0,0.08786,3275.0,0.08804,39.0,0.08805,258.0
1753533373351,12:36:13.351,CATI/USDT:USDT,0.08787,3791.0,0.08786,258.0,0.08804,39.0,0.08805,258.0
1753533373356,12:36:13.356,CATI/USDT:USDT,0.08787,3791.0,0.08782,258.0,0.08804,39.0,0.08805,258.0
1753533373464,12:36:13.464,CATI/USDT:USDT,0.08787,3791.0,0.08782,258.0,0.08804,39.0,0.08805,258.0
1753533373557,12:36:13.557,CATI/USDT:USDT,0.08788,1221.0,0.08787,3791.0,0.08804,39.0,0.08805,258.0
1753533373659,12:36:13.659,CATI/USDT:USDT,0.08789,266.0,0.08788,1221.0,0.08804,39.0,0.08805,258.0
1753533373872,12:36:13.872,CATI/USDT:USDT,0.08789,266.0,0.08788,1221.0,0.08804,39.0,0.08805,258.0
1753533374040,12:36:14.040,CATI/USDT:USDT,0.08789,266.0,0.08787,3783.0,0.08804,39.0,0.08805,258.0
1753533374064,12:36:14.064,CATI/USDT:USDT,0.0879,300.0,0.08788,266.0,0.08804,39.0,0.08805,258.0
1753533374164,12:36:14.164,CATI/USDT:USDT,0.08791,266.0,0.08787,3783.0,0.08804,39.0,0.08805,258.0
1753533374264,12:36:14.264,CATI/USDT:USDT,0.08788,266.0,0.08787,3783.0,0.08804,39.0,0.08805,258.0
1753533374700,12:36:14.700,CATI/USDT:USDT,0.08788,266.0,0.08787,3525.0,0.08804,39.0,0.08805,258.0
1753533375085,12:36:15.085,CATI/USDT:USDT,0.08788,266.0,0.08787,3525.0,0.08804,39.0,0.08805,258.0
1753533375917,12:36:15.917,CATI/USDT:USDT,0.08788,266.0,0.08787,3525.0,0.08804,39.0,0.08805,258.0
1753533376149,12:36:16.149,CATI/USDT:USDT,0.08788,266.0,0.08787,3525.0,0.08804,78.0,0.08805,258.0
1753533376838,12:36:16.838,CATI/USDT:USDT,0.08788,266.0,0.08787,3525.0,0.08804,78.0,0.08805,258.0
1753533379216,12:36:19.216,CATI/USDT:USDT,0.08788,266.0,0.08787,3525.0,0.08804,78.0,0.08805,258.0
1753533379455,12:36:19.455,CATI/USDT:USDT,0.08788,266.0,0.08787,3525.0,0.08804,78.0,0.08805,258.0
1753533379766,12:36:19.766,CATI/USDT:USDT,0.08789,382.0,0.08788,266.0,0.08804,78.0,0.08805,258.0
1753533379889,12:36:19.889,CATI/USDT:USDT,0.0879,266.0,0.08787,3783.0,0.08804,78.0,0.08805,258.0
1753533379987,12:36:19.987,CATI/USDT:USDT,0.08788,766.0,0.08787,3525.0,0.08804,78.0,0.08805,258.0
1753533380098,12:36:20.098,CATI/USDT:USDT,0.08789,382.0,0.08788,766.0,0.08804,78.0,0.08805,258.0
1753533380161,12:36:20.161,CATI/USDT:USDT,0.0879,266.0,0.08789,382.0,0.08804,78.0,0.08805,258.0
1753533380434,12:36:20.434,CATI/USDT:USDT,0.0879,266.0,0.08789,640.0,0.08804,78.0,0.08808,258.0
1753533380462,12:36:20.462,CATI/USDT:USDT,0.0879,266.0,0.08789,258.0,0.08804,39.0,0.08807,39.0
1753533380815,12:36:20.815,CATI/USDT:USDT,0.0879,266.0,0.08789,258.0,0.08804,39.0,0.08807,39.0
1753533381010,12:36:21.010,CATI/USDT:USDT,0.0879,266.0,0.08789,258.0,0.08804,39.0,0.08807,39.0
1753533381638,12:36:21.638,CATI/USDT:USDT,0.0879,266.0,0.08789,258.0,0.08804,39.0,0.08807,39.0
1753533381920,12:36:21.920,CATI/USDT:USDT,0.0879,266.0,0.08789,258.0,0.08804,39.0,0.08807,39.0
1753533382436,12:36:22.436,CATI/USDT:USDT,0.0879,266.0,0.08789,258.0,0.08804,39.0,0.08807,39.0
1753533386010,12:36:26.010,CATI/USDT:USDT,0.0879,266.0,0.08789,258.0,0.08804,39.0,0.08807,39.0
1753533386265,12:36:26.265,CATI/USDT:USDT,0.08791,383.0,0.0879,266.0,0.08804,39.0,0.08807,39.0
1753533386439,12:36:26.439,CATI/USDT:USDT,0.08792,266.0,0.08791,383.0,0.08804,39.0,0.08807,39.0
1753533386455,12:36:26.455,CATI/USDT:USDT,0.08792,266.0,0.08791,383.0,0.08804,39.0,0.08807,39.0
1753533386793,12:36:26.793,CATI/USDT:USDT,0.08792,266.0,0.08791,383.0,0.08804,39.0,0.08807,39.0
1753533386880,12:36:26.880,CATI/USDT:USDT,0.08792,266.0,0.08791,383.0,0.08804,39.0,0.08807,39.0
1753533387008,12:36:27.008,CATI/USDT:USDT,0.08792,266.0,0.08791,383.0,0.08804,39.0,0.08807,39.0
1753533387450,12:36:27.450,CATI/USDT:USDT,0.08792,266.0,0.08789,258.0,0.08804,39.0,0.08807,39.0
1753533387535,12:36:27.535,CATI/USDT:USDT,0.0879,266.0,0.08789,258.0,0.08804,39.0,0.08807,39.0
1753533388102,12:36:28.102,CATI/USDT:USDT,0.0879,266.0,0.08789,258.0,0.08804,39.0,0.08807,39.0
1753533391239,12:36:31.239,CATI/USDT:USDT,0.0879,266.0,0.08789,258.0,0.08804,39.0,0.08807,39.0
1753533392200,12:36:32.200,CATI/USDT:USDT,0.0879,266.0,0.08789,258.0,0.08804,39.0,0.08807,39.0
1753533392292,12:36:32.292,CATI/USDT:USDT,0.0879,266.0,0.08789,258.0,0.08804,39.0,0.08807,39.0
1753533394319,12:36:34.319,CATI/USDT:USDT,0.08791,383.0,0.0879,266.0,0.08807,39.0,0.08808,258.0
1753533394376,12:36:34.376,CATI/USDT:USDT,0.08792,266.0,0.08791,383.0,0.08807,39.0,0.08808,258.0
1753533394544,12:36:34.544,CATI/USDT:USDT,0.08792,266.0,0.08789,258.0,0.08807,39.0,0.08808,258.0
1753533394559,12:36:34.559,CATI/USDT:USDT,0.0879,266.0,0.08789,258.0,0.08807,39.0,0.08808,258.0
1753533396041,12:36:36.041,CATI/USDT:USDT,0.0879,266.0,0.08789,258.0,0.08807,39.0,0.08808,258.0
1753533400841,12:36:40.841,CATI/USDT:USDT,0.0879,266.0,0.08789,258.0,0.08807,39.0,0.08808,258.0
1753533401004,12:36:41.004,CATI/USDT:USDT,0.0879,266.0,0.08789,258.0,0.08807,39.0,0.08808,258.0
1753533403440,12:36:43.440,CATI/USDT:USDT,0.08791,3292.0,0.0879,266.0,0.08807,39.0,0.08808,258.0
1753533403475,12:36:43.475,CATI/USDT:USDT,0.08792,266.0,0.08789,258.0,0.08807,39.0,0.08808,258.0
1753533403559,12:36:43.559,CATI/USDT:USDT,0.0879,266.0,0.08789,258.0,0.08807,39.0,0.08808,258.0
1753533404534,12:36:44.534,CATI/USDT:USDT,0.0879,266.0,0.08789,258.0,0.08807,39.0,0.08808,258.0
1753533404555,12:36:44.555,CATI/USDT:USDT,0.0879,266.0,0.08789,258.0,0.08807,39.0,0.08808,258.0
1753533405639,12:36:45.639,CATI/USDT:USDT,0.0879,266.0,0.08789,258.0,0.08807,39.0,0.08808,258.0
1753533406045,12:36:46.045,CATI/USDT:USDT,0.0879,266.0,0.08789,258.0,0.08807,39.0,0.08808,258.0
1753533406915,12:36:46.915,CATI/USDT:USDT,0.0879,266.0,0.08789,258.0,0.08807,39.0,0.08808,258.0
1753533408296,12:36:48.296,CATI/USDT:USDT,0.0879,266.0,0.08789,258.0,0.08807,39.0,0.08808,258.0
1753533408354,12:36:48.354,CATI/USDT:USDT,0.0879,266.0,0.08789,258.0,0.08807,39.0,0.08808,258.0
1753533408642,12:36:48.642,CATI/USDT:USDT,0.0879,266.0,0.08789,258.0,0.08807,39.0,0.08808,258.0
1753533409042,12:36:49.042,CATI/USDT:USDT,0.0879,266.0,0.08789,258.0,0.08807,39.0,0.08808,258.0
1753533409114,12:36:49.114,CATI/USDT:USDT,0.0879,266.0,0.08789,258.0,0.08807,39.0,0.08808,258.0
1753533409482,12:36:49.482,CATI/USDT:USDT,0.0879,266.0,0.08789,258.0,0.08807,39.0,0.08808,258.0
1753533410007,12:36:50.007,CATI/USDT:USDT,0.0879,266.0,0.08789,258.0,0.08807,39.0,0.08808,258.0
1753533410232,12:36:50.232,CATI/USDT:USDT,0.0879,266.0,0.08789,258.0,0.08807,39.0,0.08808,258.0
1753533410282,12:36:50.282,CATI/USDT:USDT,0.0879,266.0,0.08788,758.0,0.08806,258.0,0.08807,116.0
1753533410439,12:36:50.439,CATI/USDT:USDT,0.08789,266.0,0.08788,758.0,0.08805,39.0,0.08806,258.0
1753533410455,12:36:50.455,CATI/USDT:USDT,0.08789,266.0,0.08788,758.0,0.08805,39.0,0.08806,258.0
1753533410807,12:36:50.807,CATI/USDT:USDT,0.08789,266.0,0.08788,758.0,0.08805,39.0,0.08806,258.0
1753533411092,12:36:51.092,CATI/USDT:USDT,0.08789,766.0,0.08788,758.0,0.08805,39.0,0.08806,258.0
1753533412409,12:36:52.409,CATI/USDT:USDT,0.08789,766.0,0.08788,758.0,0.08805,39.0,0.08806,258.0
1753533412736,12:36:52.736,CATI/USDT:USDT,0.08789,766.0,0.08788,758.0,0.08805,39.0,0.08806,258.0
1753533412820,12:36:52.820,CATI/USDT:USDT,0.08789,766.0,0.08788,758.0,0.08805,39.0,0.08806,258.0
1753533412969,12:36:52.969,CATI/USDT:USDT,0.08789,766.0,0.08788,758.0,0.08805,39.0,0.08806,258.0
1753533413070,12:36:53.070,CATI/USDT:USDT,0.08789,766.0,0.08788,758.0,0.08805,39.0,0.08806,258.0
1753533413295,12:36:53.295,CATI/USDT:USDT,0.0879,258.0,0.08789,266.0,0.08805,94.0,0.08811,258.0
1753533413360,12:36:53.360,CATI/USDT:USDT,0.08791,266.0,0.0879,258.0,0.08805,55.0,0.0881,39.0
1753533413836,12:36:53.836,CATI/USDT:USDT,0.08791,266.0,0.0879,258.0,0.08805,55.0,0.0881,39.0
1753533413935,12:36:53.935,CATI/USDT:USDT,0.08791,266.0,0.0879,258.0,0.08805,55.0,0.0881,39.0
1753533414836,12:36:54.836,CATI/USDT:USDT,0.08791,266.0,0.0879,258.0,0.08805,55.0,0.0881,39.0
1753533415012,12:36:55.012,CATI/USDT:USDT,0.08791,266.0,0.0879,258.0,0.08805,55.0,0.0881,39.0
1753533415239,12:36:55.239,CATI/USDT:USDT,0.08791,266.0,0.0879,258.0,0.08805,55.0,0.0881,39.0
1753533415577,12:36:55.577,CATI/USDT:USDT,0.08791,266.0,0.0879,258.0,0.08805,55.0,0.0881,39.0
1753533415848,12:36:55.848,CATI/USDT:USDT,0.08791,266.0,0.0879,258.0,0.08805,55.0,0.0881,39.0
1753533416098,12:36:56.098,CATI/USDT:USDT,0.08791,266.0,0.0879,258.0,0.08805,55.0,0.0881,39.0
1753533418089,12:36:58.089,CATI/USDT:USDT,0.08791,266.0,0.0879,258.0,0.08805,55.0,0.0881,39.0
1753533418263,12:36:58.263,CATI/USDT:USDT,0.08791,266.0,0.0879,258.0,0.08805,55.0,0.0881,39.0
1753533418461,12:36:58.461,CATI/USDT:USDT,0.08791,266.0,0.0879,258.0,0.08805,55.0,0.0881,39.0
1753533419126,12:36:59.126,CATI/USDT:USDT,0.08791,266.0,0.0879,258.0,0.08805,55.0,0.0881,39.0
1753533419278,12:36:59.278,CATI/USDT:USDT,0.08791,266.0,0.0879,258.0,0.08805,55.0,0.0881,39.0
1753533420040,12:37:00.040,CATI/USDT:USDT,0.08791,266.0,0.0879,258.0,0.08805,55.0,0.0881,39.0
1753533421046,12:37:01.046,CATI/USDT:USDT,0.08791,266.0,0.0879,258.0,0.0881,3444.0,0.08811,258.0
1753533421145,12:37:01.145,CATI/USDT:USDT,0.08791,266.0,0.0879,258.0,0.0881,3483.0,0.08811,258.0
1753533421285,12:37:01.285,CATI/USDT:USDT,0.08791,266.0,0.0879,258.0,0.0881,3483.0,0.08811,258.0
1753533421440,12:37:01.440,CATI/USDT:USDT,0.08791,266.0,0.0879,258.0,0.0881,78.0,0.08811,258.0
1753533421535,12:37:01.535,CATI/USDT:USDT,0.08791,266.0,0.0879,258.0,0.0881,39.0,0.08811,258.0
1753533421557,12:37:01.557,CATI/USDT:USDT,0.08791,266.0,0.0879,258.0,0.0881,39.0,0.08811,258.0
1753533422036,12:37:02.036,CATI/USDT:USDT,0.08792,758.0,0.08791,266.0,0.0881,39.0,0.08814,258.0
1753533422119,12:37:02.119,CATI/USDT:USDT,0.08793,266.0,0.08792,258.0,0.08813,39.0,0.08814,258.0
1753533422157,12:37:02.157,CATI/USDT:USDT,0.08793,266.0,0.08792,258.0,0.08813,39.0,0.08814,258.0
1753533422624,12:37:02.624,CATI/USDT:USDT,0.08795,2475.0,0.08794,8509.0,0.08813,39.0,0.08814,258.0
1753533422716,12:37:02.716,CATI/USDT:USDT,0.08796,266.0,0.08789,258.0,0.08813,39.0,0.08814,258.0
1753533422782,12:37:02.782,CATI/USDT:USDT,0.0879,4178.0,0.08789,258.0,0.08813,39.0,0.08814,258.0
1753533422947,12:37:02.947,CATI/USDT:USDT,0.0879,4178.0,0.08789,258.0,0.08813,39.0,0.08814,258.0
1753533423044,12:37:03.044,CATI/USDT:USDT,0.0879,4178.0,0.08789,258.0,0.08813,39.0,0.08814,258.0
1753533423066,12:37:03.066,CATI/USDT:USDT,0.0879,4178.0,0.08789,258.0,0.08813,39.0,0.08814,258.0
1753533423260,12:37:03.260,CATI/USDT:USDT,0.0879,4178.0,0.08789,258.0,0.08813,39.0,0.08814,258.0
1753533423805,12:37:03.805,CATI/USDT:USDT,0.0879,4178.0,0.08789,258.0,0.08813,39.0,0.08814,258.0
1753533423896,12:37:03.896,CATI/USDT:USDT,0.0879,4178.0,0.08789,258.0,0.08813,78.0,0.08814,258.0
1753533424221,12:37:04.221,CATI/USDT:USDT,0.0879,4178.0,0.08789,258.0,0.08813,78.0,0.08814,258.0
1753533424715,12:37:04.715,CATI/USDT:USDT,0.0879,4178.0,0.08789,258.0,0.08813,78.0,0.08814,258.0
1753533424840,12:37:04.840,CATI/USDT:USDT,0.0879,4178.0,0.08789,258.0,0.08813,78.0,0.08814,258.0
1753533425263,12:37:05.263,CATI/USDT:USDT,0.08792,3747.0,0.08791,9964.0,0.08813,39.0,0.08814,258.0
1753533425434,12:37:05.434,CATI/USDT:USDT,0.08793,266.0,0.08792,3747.0,0.08813,39.0,0.08814,258.0
1753533425475,12:37:05.475,CATI/USDT:USDT,0.08793,266.0,0.08792,758.0,0.08813,39.0,0.08814,258.0
1753533425830,12:37:05.830,CATI/USDT:USDT,0.08793,266.0,0.08792,758.0,0.08813,39.0,0.08814,258.0
1753533425913,12:37:05.913,CATI/USDT:USDT,0.08793,266.0,0.08792,258.0,0.08813,39.0,0.08814,258.0
1753533426878,12:37:06.878,CATI/USDT:USDT,0.08793,266.0,0.08792,258.0,0.08813,39.0,0.08814,258.0
1753533427105,12:37:07.105,CATI/USDT:USDT,0.08793,266.0,0.08792,258.0,0.08813,39.0,0.08814,258.0
1753533427469,12:37:07.469,CATI/USDT:USDT,0.08793,266.0,0.08792,258.0,0.08813,39.0,0.08814,258.0
1753533428035,12:37:08.035,CATI/USDT:USDT,0.08796,577.0,0.08794,258.0,0.08813,39.0,0.08814,258.0
1753533428146,12:37:08.146,CATI/USDT:USDT,0.08797,266.0,0.08792,258.0,0.08813,39.0,0.08814,258.0
1753533428248,12:37:08.248,CATI/USDT:USDT,0.08795,5235.0,0.08794,17708.0,0.08813,39.0,0.08814,258.0
1753533428338,12:37:08.338,CATI/USDT:USDT,0.08796,266.0,0.08792,258.0,0.08813,39.0,0.08814,258.0
1753533428420,12:37:08.420,CATI/USDT:USDT,0.08795,5235.0,0.08794,17708.0,0.08813,109.0,0.08814,258.0
1753533428495,12:37:08.495,CATI/USDT:USDT,0.08796,266.0,0.08795,3525.0,0.08813,109.0,0.08814,258.0
1753533428579,12:37:08.579,CATI/USDT:USDT,0.08796,266.0,0.08795,3525.0,0.08813,109.0,0.08814,258.0
1753533429063,12:37:09.063,CATI/USDT:USDT,0.08796,266.0,0.08795,3525.0,0.08813,109.0,0.08814,258.0
1753533429640,12:37:09.640,CATI/USDT:USDT,0.08796,266.0,0.08795,3525.0,0.08813,109.0,0.08814,258.0
1753533431377,12:37:11.377,CATI/USDT:USDT,0.08796,266.0,0.08795,3525.0,0.08813,109.0,0.08814,258.0
1753533431543,12:37:11.543,CATI/USDT:USDT,0.08796,524.0,0.08795,3525.0,0.08813,109.0,0.08817,258.0
1753533431569,12:37:11.569,CATI/USDT:USDT,0.08796,524.0,0.08795,3525.0,0.08813,70.0,0.08816,297.0
1753533431951,12:37:11.951,CATI/USDT:USDT,0.08796,524.0,0.08795,3525.0,0.08813,70.0,0.08816,297.0
1753533431952,12:37:11.952,CATI/USDT:USDT,0.08796,524.0,0.08795,3525.0,0.08813,70.0,0.08816,297.0
1753533432433,12:37:12.433,CATI/USDT:USDT,0.08797,1843.0,0.08796,524.0,0.08813,70.0,0.08816,297.0
1753533432459,12:37:12.459,CATI/USDT:USDT,0.08798,266.0,0.08797,1843.0,0.08813,70.0,0.08816,297.0
1753533432836,12:37:12.836,CATI/USDT:USDT,0.08798,266.0,0.08797,1843.0,0.08813,70.0,0.08816,297.0
1753533433048,12:37:13.048,CATI/USDT:USDT,0.08798,266.0,0.08796,258.0,0.08813,70.0,0.08816,297.0
1753533433060,12:37:13.060,CATI/USDT:USDT,0.08797,266.0,0.08796,258.0,0.08813,70.0,0.08816,297.0
1753533434023,12:37:14.023,CATI/USDT:USDT,0.08797,266.0,0.08796,258.0,0.08813,70.0,0.08816,297.0
1753533434440,12:37:14.440,CATI/USDT:USDT,0.08797,266.0,0.08796,258.0,0.08813,70.0,0.08816,297.0
1753533434735,12:37:14.735,CATI/USDT:USDT,0.08797,266.0,0.08796,258.0,0.08813,70.0,0.08816,297.0
1753533434757,12:37:14.757,CATI/USDT:USDT,0.08797,266.0,0.08796,258.0,0.08813,70.0,0.08816,297.0
1753533434920,12:37:14.920,CATI/USDT:USDT,0.08798,2108.0,0.08797,266.0,0.08816,39.0,0.08818,5.0
1753533434966,12:37:14.966,CATI/USDT:USDT,0.08799,266.0,0.08798,2108.0,0.08818,44.0,0.08819,258.0
1753533435058,12:37:15.058,CATI/USDT:USDT,0.08799,266.0,0.08798,258.0,0.08818,44.0,0.08819,258.0
1753533435820,12:37:15.820,CATI/USDT:USDT,0.08799,266.0,0.08798,258.0,0.08818,544.0,0.08819,258.0
1753533436411,12:37:16.411,CATI/USDT:USDT,0.088,347.0,0.08799,266.0,0.08818,544.0,0.08819,258.0
1753533436478,12:37:16.478,CATI/USDT:USDT,0.08801,266.0,0.08798,258.0,0.08818,544.0,0.08819,258.0
1753533436559,12:37:16.559,CATI/USDT:USDT,0.08799,266.0,0.08798,258.0,0.08818,544.0,0.08819,258.0
1753533436928,12:37:16.928,CATI/USDT:USDT,0.088,300.0,0.08799,266.0,0.08818,544.0,0.08819,258.0
1753533436961,12:37:16.961,CATI/USDT:USDT,0.08801,266.0,0.088,300.0,0.08818,544.0,0.08819,258.0
1753533437122,12:37:17.122,CATI/USDT:USDT,0.08802,300.0,0.08801,266.0,0.08818,544.0,0.08819,258.0
