timestamp,time,symbol,bid1_price,bid1_volume,bid2_price,bid2_volume,ask1_price,ask1_volume,ask2_price,ask2_volume
1753533019000,12:30:19.000,CTK/USDT:USDT,0.3664,1.0,0.3663,747.0,0.3665,141.0,0.3666,22.0
1753533023862,12:30:23.862,CTK/USDT:USDT,0.3664,1.0,0.3663,747.0,0.3665,141.0,0.3666,22.0
1753533024226,12:30:24.226,CTK/USDT:USDT,0.3664,1.0,0.3663,747.0,0.3665,141.0,0.3666,22.0
1753533024588,12:30:24.588,CTK/USDT:USDT,0.3664,1.0,0.3663,747.0,0.3665,141.0,0.3666,22.0
1753533025956,12:30:25.956,CTK/USDT:USDT,0.3664,1.0,0.3663,747.0,0.3665,141.0,0.3666,22.0
1753533026250,12:30:26.250,CTK/USDT:USDT,0.3664,1.0,0.3663,747.0,0.3665,141.0,0.3666,22.0
1753533029387,12:30:29.387,CTK/USDT:USDT,0.3664,1.0,0.3663,747.0,0.3665,141.0,0.3666,22.0
1753533029449,12:30:29.449,CTK/USDT:USDT,0.3664,1.0,0.3663,747.0,0.3665,141.0,0.3666,22.0
1753533029713,12:30:29.713,CTK/USDT:USDT,0.3664,1.0,0.3663,747.0,0.3665,141.0,0.3666,22.0
1753533034189,12:30:34.189,CTK/USDT:USDT,0.3664,1.0,0.3663,747.0,0.3665,141.0,0.3666,22.0
1753533035123,12:30:35.123,CTK/USDT:USDT,0.3664,1.0,0.3663,747.0,0.3665,141.0,0.3666,22.0
1753533036282,12:30:36.282,CTK/USDT:USDT,0.3664,1.0,0.3663,52.0,0.3665,163.0,0.3667,827.0
1753533036370,12:30:36.370,CTK/USDT:USDT,0.3664,1.0,0.3663,44.0,0.3665,163.0,0.3667,827.0
1753533036426,12:30:36.426,CTK/USDT:USDT,0.3664,1.0,0.3663,44.0,0.3665,163.0,0.3667,827.0
1753533038987,12:30:38.987,CTK/USDT:USDT,0.3664,1.0,0.3663,44.0,0.3665,163.0,0.3667,827.0
1753533040159,12:30:40.159,CTK/USDT:USDT,0.3664,1.0,0.3663,44.0,0.3665,163.0,0.3667,827.0
1753533040449,12:30:40.449,CTK/USDT:USDT,0.3664,1.0,0.3663,44.0,0.3665,163.0,0.3667,827.0
1753533040916,12:30:40.916,CTK/USDT:USDT,0.3664,1.0,0.3663,44.0,0.3665,163.0,0.3667,827.0
1753533040918,12:30:40.918,CTK/USDT:USDT,0.3664,1.0,0.3663,44.0,0.3665,163.0,0.3667,827.0
1753533042244,12:30:42.244,CTK/USDT:USDT,0.3664,1.0,0.3663,44.0,0.3665,163.0,0.3667,827.0
1753533043788,12:30:43.788,CTK/USDT:USDT,0.3664,1.0,0.3663,44.0,0.3665,163.0,0.3667,827.0
1753533045177,12:30:45.177,CTK/USDT:USDT,0.3664,1.0,0.3663,44.0,0.3665,163.0,0.3667,827.0
1753533045571,12:30:45.571,CTK/USDT:USDT,0.3664,1.0,0.3663,44.0,0.3665,163.0,0.3667,827.0
1753533048588,12:30:48.588,CTK/USDT:USDT,0.3664,1.0,0.3663,44.0,0.3665,163.0,0.3667,827.0
1753533049201,12:30:49.201,CTK/USDT:USDT,0.3664,1.0,0.3663,44.0,0.3667,827.0,0.3668,1088.0
1753533049281,12:30:49.281,CTK/USDT:USDT,0.3665,60.0,0.3664,1.0,0.3666,185.0,0.3667,686.0
1753533049336,12:30:49.336,CTK/USDT:USDT,0.3665,60.0,0.3664,1.0,0.3666,185.0,0.3667,686.0
1753533049605,12:30:49.605,CTK/USDT:USDT,0.3665,60.0,0.3664,1.0,0.3666,185.0,0.3667,686.0
1753533050030,12:30:50.030,CTK/USDT:USDT,0.3665,60.0,0.3664,1.0,0.3666,185.0,0.3668,1249.0
1753533050125,12:30:50.125,CTK/USDT:USDT,0.3665,60.0,0.3664,1.0,0.3666,141.0,0.3668,1249.0
1753533050234,12:30:50.234,CTK/USDT:USDT,0.3665,60.0,0.3664,1.0,0.3666,185.0,0.3668,1249.0
1753533050906,12:30:50.906,CTK/USDT:USDT,0.3665,60.0,0.3664,1.0,0.3666,185.0,0.3668,1249.0
1753533050927,12:30:50.927,CTK/USDT:USDT,0.3665,60.0,0.3664,1.0,0.3666,185.0,0.3668,1249.0
1753533051242,12:30:51.242,CTK/USDT:USDT,0.3665,60.0,0.3664,1.0,0.3666,185.0,0.3668,1249.0
1753533052500,12:30:52.500,CTK/USDT:USDT,0.3665,60.0,0.3664,1.0,0.3666,185.0,0.3668,1249.0
1753533053388,12:30:53.388,CTK/USDT:USDT,0.3665,60.0,0.3664,1.0,0.3666,185.0,0.3668,1249.0
1753533053517,12:30:53.517,CTK/USDT:USDT,0.3661,30.0,0.366,1504.0,0.3665,714.0,0.3666,714.0
1753533053589,12:30:53.589,CTK/USDT:USDT,0.3661,883.0,0.366,709.0,0.3666,714.0,0.3667,3359.0
1753533053707,12:30:53.707,CTK/USDT:USDT,0.3661,883.0,0.366,709.0,0.3666,714.0,0.3667,3359.0
1753533053770,12:30:53.770,CTK/USDT:USDT,0.3661,883.0,0.366,709.0,0.3666,714.0,0.3667,3359.0
1753533053832,12:30:53.832,CTK/USDT:USDT,0.3661,722.0,0.366,709.0,0.3666,714.0,0.3667,3359.0
1753533055291,12:30:55.291,CTK/USDT:USDT,0.3661,722.0,0.366,709.0,0.3666,714.0,0.3667,3359.0
1753533055678,12:30:55.678,CTK/USDT:USDT,0.3661,722.0,0.366,709.0,0.3666,714.0,0.3667,3359.0
1753533056196,12:30:56.196,CTK/USDT:USDT,0.3661,722.0,0.366,709.0,0.3666,714.0,0.3667,3359.0
1753533057445,12:30:57.445,CTK/USDT:USDT,0.3661,722.0,0.366,709.0,0.3666,714.0,0.3667,3359.0
1753533057782,12:30:57.782,CTK/USDT:USDT,0.3661,722.0,0.366,709.0,0.3666,714.0,0.3667,3359.0
1753533058188,12:30:58.188,CTK/USDT:USDT,0.3661,722.0,0.366,709.0,0.3666,714.0,0.3667,3359.0
1753533058292,12:30:58.292,CTK/USDT:USDT,0.3661,722.0,0.366,709.0,0.3666,714.0,0.3667,3359.0
1753533058972,12:30:58.972,CTK/USDT:USDT,0.3661,722.0,0.366,709.0,0.3666,714.0,0.3667,3359.0
1753533059948,12:30:59.948,CTK/USDT:USDT,0.3661,722.0,0.366,709.0,0.3666,714.0,0.3667,3359.0
1753533060180,12:31:00.180,CTK/USDT:USDT,0.3661,722.0,0.366,709.0,0.3666,714.0,0.3667,3359.0
1753533060252,12:31:00.252,CTK/USDT:USDT,0.3661,722.0,0.366,709.0,0.3666,714.0,0.3667,3359.0
1753533060382,12:31:00.382,CTK/USDT:USDT,0.3661,8.0,0.366,709.0,0.3665,717.0,0.3666,1115.0
1753533060514,12:31:00.514,CTK/USDT:USDT,0.3661,8.0,0.366,709.0,0.3665,717.0,0.3666,1115.0
1753533060956,12:31:00.956,CTK/USDT:USDT,0.3661,8.0,0.366,709.0,0.3665,717.0,0.3666,1115.0
1753533061149,12:31:01.149,CTK/USDT:USDT,0.3661,8.0,0.366,709.0,0.3665,717.0,0.3666,2198.0
1753533061316,12:31:01.316,CTK/USDT:USDT,0.3661,8.0,0.366,709.0,0.3665,1118.0,0.3666,1797.0
1753533061389,12:31:01.389,CTK/USDT:USDT,0.3661,8.0,0.366,709.0,0.3664,761.0,0.3665,1118.0
1753533061477,12:31:01.477,CTK/USDT:USDT,0.3661,8.0,0.366,709.0,0.3664,761.0,0.3665,1118.0
1753533061688,12:31:01.688,CTK/USDT:USDT,0.3661,8.0,0.366,709.0,0.3664,761.0,0.3665,1118.0
1753533061784,12:31:01.784,CTK/USDT:USDT,0.3661,8.0,0.366,709.0,0.3664,761.0,0.3665,1118.0
1753533062798,12:31:02.798,CTK/USDT:USDT,0.3661,8.0,0.366,709.0,0.3664,761.0,0.3665,1118.0
1753533062988,12:31:02.988,CTK/USDT:USDT,0.3661,8.0,0.366,709.0,0.3664,761.0,0.3665,1118.0
1753533063118,12:31:03.118,CTK/USDT:USDT,0.3661,8.0,0.3659,859.0,0.3664,761.0,0.3665,1118.0
1753533063218,12:31:03.218,CTK/USDT:USDT,0.366,8.0,0.3657,703.0,0.3663,717.0,0.3664,2245.0
1753533063316,12:31:03.316,CTK/USDT:USDT,0.3658,8.0,0.3657,703.0,0.3662,717.0,0.3663,717.0
1753533063410,12:31:03.410,CTK/USDT:USDT,0.3658,8.0,0.3657,703.0,0.3663,717.0,0.3664,4076.0
1753533063464,12:31:03.464,CTK/USDT:USDT,0.3658,8.0,0.3657,703.0,0.3663,717.0,0.3664,4076.0
1753533063614,12:31:03.614,CTK/USDT:USDT,0.3658,8.0,0.3657,703.0,0.3663,717.0,0.3664,4076.0
1753533063792,12:31:03.792,CTK/USDT:USDT,0.3658,8.0,0.3657,703.0,0.3663,717.0,0.3664,4076.0
1753533064361,12:31:04.361,CTK/USDT:USDT,0.3658,8.0,0.3657,703.0,0.3663,717.0,0.3664,4076.0
1753533064917,12:31:04.917,CTK/USDT:USDT,0.3658,8.0,0.3657,703.0,0.3663,717.0,0.3664,4076.0
1753533065518,12:31:05.518,CTK/USDT:USDT,0.3649,696.0,0.3648,711.0,0.3655,761.0,0.3656,22.0
1753533065607,12:31:05.607,CTK/USDT:USDT,0.365,1.0,0.3649,696.0,0.3655,761.0,0.3656,30.0
1753533065715,12:31:05.715,CTK/USDT:USDT,0.3654,141.0,0.3653,22.0,0.3656,8.0,0.3657,717.0
1753533065781,12:31:05.781,CTK/USDT:USDT,0.3654,858.0,0.3653,739.0,0.3658,30.0,0.366,2958.0
1753533065885,12:31:05.885,CTK/USDT:USDT,0.3656,141.0,0.3655,22.0,0.3658,44.0,0.3659,8.0
1753533065974,12:31:05.974,CTK/USDT:USDT,0.3656,141.0,0.3655,22.0,0.3658,44.0,0.3659,1091.0
1753533066112,12:31:06.112,CTK/USDT:USDT,0.3656,141.0,0.3655,22.0,0.3658,44.0,0.3659,1091.0
1753533066145,12:31:06.145,CTK/USDT:USDT,0.3656,141.0,0.3655,739.0,0.3658,44.0,0.3659,8.0
1753533066278,12:31:06.278,CTK/USDT:USDT,0.3656,141.0,0.3655,739.0,0.3658,44.0,0.3659,8.0
1753533066407,12:31:06.407,CTK/USDT:USDT,0.3656,141.0,0.3655,739.0,0.3658,44.0,0.3659,8.0
1753533066508,12:31:06.508,CTK/USDT:USDT,0.3656,141.0,0.3655,739.0,0.3658,44.0,0.366,8.0
1753533066543,12:31:06.543,CTK/USDT:USDT,0.3656,141.0,0.3655,739.0,0.3658,44.0,0.366,8.0
1753533066683,12:31:06.683,CTK/USDT:USDT,0.3656,141.0,0.3655,739.0,0.3658,44.0,0.366,8.0
1753533066970,12:31:06.970,CTK/USDT:USDT,0.3656,141.0,0.3655,739.0,0.3658,44.0,0.366,8.0
1753533067036,12:31:07.036,CTK/USDT:USDT,0.3656,141.0,0.3655,739.0,0.3658,44.0,0.366,8.0
1753533067162,12:31:07.162,CTK/USDT:USDT,0.3656,141.0,0.3655,739.0,0.3658,44.0,0.366,8.0
1753533067308,12:31:07.308,CTK/USDT:USDT,0.3656,141.0,0.3655,739.0,0.3658,44.0,0.366,8.0
1753533067382,12:31:07.382,CTK/USDT:USDT,0.3656,141.0,0.3655,739.0,0.3658,44.0,0.366,8.0
1753533067511,12:31:07.511,CTK/USDT:USDT,0.3657,141.0,0.3655,761.0,0.3658,22.0,0.366,8.0
1753533067610,12:31:07.610,CTK/USDT:USDT,0.3657,141.0,0.3655,761.0,0.366,52.0,0.3661,1800.0
1753533067711,12:31:07.711,CTK/USDT:USDT,0.3659,141.0,0.3657,858.0,0.366,30.0,0.3662,717.0
1753533067796,12:31:07.796,CTK/USDT:USDT,0.3659,141.0,0.3657,858.0,0.366,22.0,0.3661,22.0
1753533067850,12:31:07.850,CTK/USDT:USDT,0.3659,141.0,0.3657,858.0,0.366,22.0,0.3661,22.0
1753533067944,12:31:07.944,CTK/USDT:USDT,0.3659,141.0,0.3657,858.0,0.366,22.0,0.3661,1105.0
1753533068082,12:31:08.082,CTK/USDT:USDT,0.3659,141.0,0.3657,858.0,0.366,22.0,0.3661,1105.0
1753533068175,12:31:08.175,CTK/USDT:USDT,0.3659,141.0,0.3657,858.0,0.366,22.0,0.3661,1105.0
1753533068224,12:31:08.224,CTK/USDT:USDT,0.3659,141.0,0.3657,858.0,0.366,22.0,0.3661,22.0
1753533068416,12:31:08.416,CTK/USDT:USDT,0.3659,141.0,0.3657,858.0,0.366,22.0,0.3661,22.0
1753533069099,12:31:09.099,CTK/USDT:USDT,0.3659,141.0,0.3658,717.0,0.366,22.0,0.3661,22.0
1753533069184,12:31:09.184,CTK/USDT:USDT,0.3659,141.0,0.3658,717.0,0.366,22.0,0.3661,22.0
1753533069287,12:31:09.287,CTK/USDT:USDT,0.3659,141.0,0.3658,761.0,0.3661,22.0,0.3662,8.0
1753533069324,12:31:09.324,CTK/USDT:USDT,0.3659,141.0,0.3658,761.0,0.3661,22.0,0.3662,30.0
1753533069455,12:31:09.455,CTK/USDT:USDT,0.3659,141.0,0.3658,761.0,0.3661,22.0,0.3662,30.0
1753533069574,12:31:09.574,CTK/USDT:USDT,0.3659,141.0,0.3658,761.0,0.3661,22.0,0.3662,30.0
1753533070600,12:31:10.600,CTK/USDT:USDT,0.3658,22.0,0.3657,717.0,0.3661,735.0,0.3662,30.0
1753533070717,12:31:10.717,CTK/USDT:USDT,0.3655,270.0,0.3653,3006.0,0.3661,735.0,0.3662,30.0
1753533070819,12:31:10.819,CTK/USDT:USDT,0.3657,185.0,0.3656,713.0,0.3661,735.0,0.3662,30.0
1753533070919,12:31:10.919,CTK/USDT:USDT,0.3657,185.0,0.3656,713.0,0.3661,735.0,0.3662,30.0
1753533070937,12:31:10.937,CTK/USDT:USDT,0.3657,185.0,0.3656,713.0,0.3661,735.0,0.3662,30.0
1753533071308,12:31:11.308,CTK/USDT:USDT,0.3657,185.0,0.3655,713.0,0.3661,735.0,0.3662,30.0
1753533072238,12:31:12.238,CTK/USDT:USDT,0.3657,185.0,0.3655,713.0,0.3661,735.0,0.3662,30.0
1753533072480,12:31:12.480,CTK/USDT:USDT,0.3657,185.0,0.3655,713.0,0.3661,735.0,0.3662,30.0
1753533072601,12:31:12.601,CTK/USDT:USDT,0.3657,185.0,0.3655,713.0,0.3661,735.0,0.3662,30.0
1753533072709,12:31:12.709,CTK/USDT:USDT,0.3657,185.0,0.3655,713.0,0.3661,735.0,0.3662,30.0
1753533072808,12:31:12.808,CTK/USDT:USDT,0.3657,163.0,0.3655,713.0,0.3661,735.0,0.3662,30.0
1753533073443,12:31:13.443,CTK/USDT:USDT,0.3657,163.0,0.3655,713.0,0.3661,735.0,0.3662,30.0
1753533074875,12:31:14.875,CTK/USDT:USDT,0.3657,22.0,0.3655,713.0,0.366,1105.0,0.3661,735.0
1753533074949,12:31:14.949,CTK/USDT:USDT,0.3657,22.0,0.3655,713.0,0.366,1113.0,0.3661,735.0
1753533075112,12:31:15.112,CTK/USDT:USDT,0.3655,713.0,0.3653,3168.0,0.366,1113.0,0.3661,735.0
1753533075233,12:31:15.233,CTK/USDT:USDT,0.3655,713.0,0.3653,3168.0,0.366,1113.0,0.3661,735.0
1753533075570,12:31:15.570,CTK/USDT:USDT,0.3655,713.0,0.3653,3168.0,0.366,1113.0,0.3661,735.0
1753533077108,12:31:17.108,CTK/USDT:USDT,0.3655,141.0,0.3654,735.0,0.3657,44.0,0.3658,1083.0
1753533077205,12:31:17.205,CTK/USDT:USDT,0.3655,141.0,0.3654,735.0,0.3657,44.0,0.3658,8.0
1753533077315,12:31:17.315,CTK/USDT:USDT,0.3654,735.0,0.3652,879.0,0.3657,44.0,0.3658,1083.0
1753533077401,12:31:17.401,CTK/USDT:USDT,0.3654,735.0,0.3652,879.0,0.3657,44.0,0.3658,1083.0
1753533077442,12:31:17.442,CTK/USDT:USDT,0.3654,735.0,0.3652,879.0,0.3657,44.0,0.3658,1083.0
1753533077694,12:31:17.694,CTK/USDT:USDT,0.3654,735.0,0.3652,879.0,0.3657,44.0,0.3658,1083.0
1753533079412,12:31:19.412,CTK/USDT:USDT,0.3654,735.0,0.3652,879.0,0.3657,44.0,0.3658,1083.0
1753533079521,12:31:19.521,CTK/USDT:USDT,0.3654,735.0,0.3652,879.0,0.3657,44.0,0.3658,1083.0
1753533079690,12:31:19.690,CTK/USDT:USDT,0.3654,735.0,0.3652,879.0,0.3657,44.0,0.3658,1083.0
1753533080116,12:31:20.116,CTK/USDT:USDT,0.3654,735.0,0.3652,879.0,0.3657,22.0,0.3658,1083.0
1753533080570,12:31:20.570,CTK/USDT:USDT,0.3654,735.0,0.3652,879.0,0.3657,44.0,0.3658,1083.0
1753533081130,12:31:21.130,CTK/USDT:USDT,0.3654,735.0,0.3652,879.0,0.3657,22.0,0.3658,1083.0
1753533081247,12:31:21.247,CTK/USDT:USDT,0.3654,735.0,0.3652,879.0,0.3657,44.0,0.3658,1083.0
1753533081461,12:31:21.461,CTK/USDT:USDT,0.3654,735.0,0.3652,879.0,0.3657,44.0,0.3658,1083.0
1753533081947,12:31:21.947,CTK/USDT:USDT,0.3654,735.0,0.3652,879.0,0.3657,44.0,0.3659,721.0
1753533082117,12:31:22.117,CTK/USDT:USDT,0.3654,735.0,0.3652,879.0,0.3657,44.0,0.3659,721.0
1753533082202,12:31:22.202,CTK/USDT:USDT,0.3654,735.0,0.3652,879.0,0.3657,44.0,0.3659,721.0
1753533082284,12:31:22.284,CTK/USDT:USDT,0.3654,735.0,0.3652,879.0,0.3657,44.0,0.3658,1083.0
1753533082393,12:31:22.393,CTK/USDT:USDT,0.3654,735.0,0.3652,879.0,0.3657,44.0,0.3659,721.0
1753533082640,12:31:22.640,CTK/USDT:USDT,0.3654,735.0,0.3652,879.0,0.3657,44.0,0.3659,721.0
1753533082720,12:31:22.720,CTK/USDT:USDT,0.3654,735.0,0.3652,879.0,0.3657,44.0,0.3658,1083.0
1753533083571,12:31:23.571,CTK/USDT:USDT,0.3654,735.0,0.3652,879.0,0.3657,44.0,0.3658,1083.0
1753533083762,12:31:23.762,CTK/USDT:USDT,0.3654,735.0,0.3652,879.0,0.3657,44.0,0.3658,1083.0
1753533084039,12:31:24.039,CTK/USDT:USDT,0.3654,735.0,0.3652,879.0,0.3657,44.0,0.3658,1083.0
1753533084808,12:31:24.808,CTK/USDT:USDT,0.3654,735.0,0.3652,879.0,0.3657,22.0,0.3659,721.0
1753533084983,12:31:24.983,CTK/USDT:USDT,0.3654,735.0,0.3652,879.0,0.3657,22.0,0.3659,721.0
1753533087000,12:31:27.000,CTK/USDT:USDT,0.3654,735.0,0.3652,879.0,0.3657,22.0,0.3659,721.0
1753533089600,12:31:29.600,CTK/USDT:USDT,0.3654,735.0,0.3652,879.0,0.3657,22.0,0.3659,721.0
1753533090212,12:31:30.212,CTK/USDT:USDT,0.3653,710.0,0.3652,717.0,0.3656,445.0,0.3659,721.0
1753533090255,12:31:30.255,CTK/USDT:USDT,0.3653,710.0,0.3652,717.0,0.3656,445.0,0.3659,721.0
1753533090533,12:31:30.533,CTK/USDT:USDT,0.3653,710.0,0.3652,717.0,0.3656,423.0,0.3659,721.0
1753533091800,12:31:31.800,CTK/USDT:USDT,0.3653,710.0,0.3652,717.0,0.3656,423.0,0.3659,721.0
1753533091835,12:31:31.835,CTK/USDT:USDT,0.3653,710.0,0.3652,717.0,0.3656,423.0,0.3659,721.0
1753533092783,12:31:32.783,CTK/USDT:USDT,0.3653,710.0,0.3652,717.0,0.3656,423.0,0.3659,721.0
1753533093158,12:31:33.158,CTK/USDT:USDT,0.3653,710.0,0.3652,717.0,0.3656,423.0,0.3659,721.0
1753533093816,12:31:33.816,CTK/USDT:USDT,0.3652,717.0,0.3651,162.0,0.3656,445.0,0.3659,721.0
1753533093896,12:31:33.896,CTK/USDT:USDT,0.3652,717.0,0.3651,270.0,0.3656,423.0,0.3659,721.0
1753533093920,12:31:33.920,CTK/USDT:USDT,0.3652,717.0,0.3651,270.0,0.3656,423.0,0.3659,721.0
1753533096046,12:31:36.046,CTK/USDT:USDT,0.3652,719.0,0.3651,270.0,0.3656,423.0,0.3659,721.0
1753533096136,12:31:36.136,CTK/USDT:USDT,0.3652,717.0,0.3651,270.0,0.3656,423.0,0.3659,721.0
1753533096291,12:31:36.291,CTK/USDT:USDT,0.3652,719.0,0.3651,270.0,0.3656,423.0,0.3659,721.0
1753533096600,12:31:36.600,CTK/USDT:USDT,0.3652,719.0,0.3651,270.0,0.3656,423.0,0.3659,721.0
1753533096734,12:31:36.734,CTK/USDT:USDT,0.3652,717.0,0.3651,270.0,0.3656,423.0,0.3659,721.0
1753533097014,12:31:37.014,CTK/USDT:USDT,0.3652,719.0,0.3651,270.0,0.3656,423.0,0.3659,721.0
1753533097061,12:31:37.061,CTK/USDT:USDT,0.3652,719.0,0.3651,270.0,0.3656,423.0,0.3659,721.0
1753533097833,12:31:37.833,CTK/USDT:USDT,0.3652,717.0,0.3651,270.0,0.3656,423.0,0.3659,721.0
1753533097934,12:31:37.934,CTK/USDT:USDT,0.3652,719.0,0.3651,270.0,0.3656,423.0,0.3659,721.0
1753533098517,12:31:38.517,CTK/USDT:USDT,0.3655,141.0,0.3654,688.0,0.3658,423.0,0.3659,721.0
1753533098616,12:31:38.616,CTK/USDT:USDT,0.3657,141.0,0.3656,710.0,0.3659,431.0,0.3661,1796.0
1753533098719,12:31:38.719,CTK/USDT:USDT,0.3657,141.0,0.3656,710.0,0.3659,423.0,0.366,8.0
1753533098721,12:31:38.721,CTK/USDT:USDT,0.3657,141.0,0.3656,710.0,0.3659,423.0,0.366,8.0
1753533098867,12:31:38.867,CTK/USDT:USDT,0.3657,141.0,0.3656,710.0,0.3659,423.0,0.366,8.0
1753533099485,12:31:39.485,CTK/USDT:USDT,0.3657,141.0,0.3656,710.0,0.3659,423.0,0.366,8.0
1753533099806,12:31:39.806,CTK/USDT:USDT,0.3657,141.0,0.3656,688.0,0.3659,423.0,0.366,8.0
1753533099951,12:31:39.951,CTK/USDT:USDT,0.3657,141.0,0.3656,688.0,0.3659,423.0,0.366,8.0
1753533101400,12:31:41.400,CTK/USDT:USDT,0.3657,141.0,0.3656,688.0,0.3659,423.0,0.366,8.0
1753533101733,12:31:41.733,CTK/USDT:USDT,0.3657,141.0,0.3656,688.0,0.3659,423.0,0.366,8.0
1753533105289,12:31:45.289,CTK/USDT:USDT,0.3656,732.0,0.3654,850.0,0.3659,423.0,0.366,8.0
1753533105383,12:31:45.383,CTK/USDT:USDT,0.3656,732.0,0.3654,850.0,0.3659,423.0,0.366,8.0
1753533105543,12:31:45.543,CTK/USDT:USDT,0.3656,732.0,0.3654,850.0,0.3659,423.0,0.366,8.0
1753533105650,12:31:45.650,CTK/USDT:USDT,0.3656,732.0,0.3654,850.0,0.3659,423.0,0.366,8.0
1753533105949,12:31:45.949,CTK/USDT:USDT,0.3656,710.0,0.3654,850.0,0.3659,423.0,0.366,8.0
1753533106200,12:31:46.200,CTK/USDT:USDT,0.3656,710.0,0.3654,850.0,0.3659,423.0,0.366,8.0
1753533106770,12:31:46.770,CTK/USDT:USDT,0.3656,732.0,0.3654,850.0,0.3659,423.0,0.366,8.0
1753533107805,12:31:47.805,CTK/USDT:USDT,0.3656,732.0,0.3654,850.0,0.3659,423.0,0.366,8.0
1753533108533,12:31:48.533,CTK/USDT:USDT,0.3656,732.0,0.3654,850.0,0.3659,423.0,0.366,8.0
1753533108803,12:31:48.803,CTK/USDT:USDT,0.3656,710.0,0.3654,850.0,0.3659,423.0,0.366,8.0
1753533108897,12:31:48.897,CTK/USDT:USDT,0.3656,710.0,0.3654,850.0,0.3659,423.0,0.366,8.0
1753533111002,12:31:51.002,CTK/USDT:USDT,0.3656,710.0,0.3654,850.0,0.3659,423.0,0.366,8.0
1753533113318,12:31:53.318,CTK/USDT:USDT,0.3656,710.0,0.3654,850.0,0.3659,423.0,0.366,8.0
1753533113901,12:31:53.901,CTK/USDT:USDT,0.3656,710.0,0.3654,850.0,0.3659,423.0,0.366,8.0
1753533114054,12:31:54.054,CTK/USDT:USDT,0.3656,710.0,0.3654,850.0,0.3659,423.0,0.366,8.0
1753533115800,12:31:55.800,CTK/USDT:USDT,0.3656,710.0,0.3654,850.0,0.3659,423.0,0.366,8.0
1753533115832,12:31:55.832,CTK/USDT:USDT,0.3656,710.0,0.3654,850.0,0.3659,423.0,0.366,8.0
1753533116349,12:31:56.349,CTK/USDT:USDT,0.3656,710.0,0.3654,850.0,0.3659,423.0,0.366,8.0
1753533119111,12:31:59.111,CTK/USDT:USDT,0.3656,710.0,0.3654,850.0,0.3659,423.0,0.366,8.0
1753533119644,12:31:59.644,CTK/USDT:USDT,0.3656,710.0,0.3654,850.0,0.3659,423.0,0.366,8.0
1753533119741,12:31:59.741,CTK/USDT:USDT,0.3656,710.0,0.3654,850.0,0.3659,423.0,0.366,694.0
1753533120355,12:32:00.355,CTK/USDT:USDT,0.3657,141.0,0.3656,710.0,0.3659,445.0,0.366,8.0
1753533120485,12:32:00.485,CTK/USDT:USDT,0.3657,141.0,0.3656,710.0,0.3659,445.0,0.366,8.0
1753533120602,12:32:00.602,CTK/USDT:USDT,0.3657,141.0,0.3656,710.0,0.3659,423.0,0.366,8.0
1753533120804,12:32:00.804,CTK/USDT:USDT,0.3657,141.0,0.3656,710.0,0.3659,445.0,0.366,8.0
1753533120830,12:32:00.830,CTK/USDT:USDT,0.3657,141.0,0.3656,710.0,0.3659,423.0,0.366,8.0
1753533120922,12:32:00.922,CTK/USDT:USDT,0.3657,141.0,0.3656,710.0,0.3659,423.0,0.366,8.0
1753533121280,12:32:01.280,CTK/USDT:USDT,0.3657,141.0,0.3656,710.0,0.3659,445.0,0.366,8.0
1753533121470,12:32:01.470,CTK/USDT:USDT,0.3657,141.0,0.3656,710.0,0.3659,423.0,0.366,8.0
1753533121590,12:32:01.590,CTK/USDT:USDT,0.3657,141.0,0.3656,710.0,0.3659,445.0,0.366,8.0
1753533122300,12:32:02.300,CTK/USDT:USDT,0.3656,22.0,0.3655,686.0,0.3659,445.0,0.366,8.0
1753533123418,12:32:03.418,CTK/USDT:USDT,0.3656,708.0,0.3655,686.0,0.3659,445.0,0.366,8.0
1753533123504,12:32:03.504,CTK/USDT:USDT,0.3656,708.0,0.3655,686.0,0.3659,445.0,0.366,8.0
1753533124085,12:32:04.085,CTK/USDT:USDT,0.3656,708.0,0.3655,686.0,0.3659,445.0,0.366,8.0
1753533124277,12:32:04.277,CTK/USDT:USDT,0.3656,708.0,0.3655,686.0,0.3659,445.0,0.366,8.0
1753533124604,12:32:04.604,CTK/USDT:USDT,0.3656,708.0,0.3655,686.0,0.3659,445.0,0.366,8.0
1753533124641,12:32:04.641,CTK/USDT:USDT,0.3656,708.0,0.3655,686.0,0.3659,445.0,0.366,8.0
1753533125401,12:32:05.401,CTK/USDT:USDT,0.3656,708.0,0.3655,686.0,0.3659,445.0,0.366,8.0
1753533125588,12:32:05.588,CTK/USDT:USDT,0.3657,708.0,0.3656,686.0,0.3659,445.0,0.366,8.0
1753533125649,12:32:05.649,CTK/USDT:USDT,0.3657,708.0,0.3656,686.0,0.3659,423.0,0.3662,694.0
1753533125750,12:32:05.750,CTK/USDT:USDT,0.3657,708.0,0.3656,686.0,0.3659,423.0,0.3662,686.0
1753533125843,12:32:05.843,CTK/USDT:USDT,0.3657,708.0,0.3656,686.0,0.3659,445.0,0.3662,694.0
1753533126809,12:32:06.809,CTK/USDT:USDT,0.3657,22.0,0.3656,686.0,0.3659,423.0,0.3662,694.0
1753533126916,12:32:06.916,CTK/USDT:USDT,0.3654,958.0,0.3653,5569.0,0.3659,423.0,0.3662,694.0
1753533126962,12:32:06.962,CTK/USDT:USDT,0.3655,686.0,0.3654,958.0,0.3659,423.0,0.3662,694.0
1753533127066,12:32:07.066,CTK/USDT:USDT,0.3655,686.0,0.3654,958.0,0.3659,423.0,0.3662,694.0
1753533127282,12:32:07.282,CTK/USDT:USDT,0.3655,686.0,0.3654,958.0,0.3659,423.0,0.3662,694.0
1753533128418,12:32:08.418,CTK/USDT:USDT,0.3655,686.0,0.3654,958.0,0.3659,423.0,0.3662,694.0
1753533130201,12:32:10.201,CTK/USDT:USDT,0.3655,686.0,0.3654,958.0,0.3659,423.0,0.3662,694.0
1753533131551,12:32:11.551,CTK/USDT:USDT,0.3655,686.0,0.3654,958.0,0.3659,423.0,0.3661,1083.0
1753533131630,12:32:11.630,CTK/USDT:USDT,0.3655,686.0,0.3654,958.0,0.3659,423.0,0.366,8.0
1753533132315,12:32:12.315,CTK/USDT:USDT,0.3655,686.0,0.3654,958.0,0.3659,423.0,0.366,8.0
1753533132496,12:32:12.496,CTK/USDT:USDT,0.3655,686.0,0.3654,958.0,0.3659,423.0,0.3662,694.0
1753533133501,12:32:13.501,CTK/USDT:USDT,0.3655,686.0,0.3654,958.0,0.3659,423.0,0.3662,694.0
1753533133591,12:32:13.591,CTK/USDT:USDT,0.3655,686.0,0.3654,958.0,0.3659,423.0,0.3662,694.0
1753533134338,12:32:14.338,CTK/USDT:USDT,0.3655,686.0,0.3654,958.0,0.3659,423.0,0.3662,694.0
1753533134812,12:32:14.812,CTK/USDT:USDT,0.3655,686.0,0.3654,958.0,0.3659,423.0,0.3662,694.0
1753533135001,12:32:15.001,CTK/USDT:USDT,0.3655,686.0,0.3654,958.0,0.3659,423.0,0.3662,694.0
1753533135065,12:32:15.065,CTK/USDT:USDT,0.3655,686.0,0.3654,958.0,0.3659,423.0,0.3662,694.0
1753533135890,12:32:15.890,CTK/USDT:USDT,0.3658,141.0,0.3656,141.0,0.3659,401.0,0.366,22.0
1753533136011,12:32:16.011,CTK/USDT:USDT,0.3658,185.0,0.3657,712.0,0.366,22.0,0.3661,401.0
1753533136267,12:32:16.267,CTK/USDT:USDT,0.3658,185.0,0.3657,712.0,0.3661,423.0,0.3662,694.0
1753533136329,12:32:16.329,CTK/USDT:USDT,0.3658,185.0,0.3657,712.0,0.3661,445.0,0.3662,694.0
1753533136562,12:32:16.562,CTK/USDT:USDT,0.3658,141.0,0.3656,3114.0,0.366,445.0,0.3662,694.0
1753533136670,12:32:16.670,CTK/USDT:USDT,0.3658,141.0,0.3656,3114.0,0.366,423.0,0.3662,694.0
1753533136850,12:32:16.850,CTK/USDT:USDT,0.3658,141.0,0.3656,3114.0,0.366,445.0,0.3662,694.0
1753533137377,12:32:17.377,CTK/USDT:USDT,0.3658,141.0,0.3656,3114.0,0.366,445.0,0.3662,694.0
1753533137477,12:32:17.477,CTK/USDT:USDT,0.3658,141.0,0.3656,3114.0,0.366,445.0,0.3662,694.0
1753533137533,12:32:17.533,CTK/USDT:USDT,0.3658,141.0,0.3656,3114.0,0.366,445.0,0.3662,694.0
1753533137963,12:32:17.963,CTK/USDT:USDT,0.3658,141.0,0.3656,3114.0,0.366,445.0,0.3662,694.0
1753533139094,12:32:19.094,CTK/USDT:USDT,0.3658,141.0,0.3656,3114.0,0.366,445.0,0.3662,694.0
1753533139215,12:32:19.215,CTK/USDT:USDT,0.3658,141.0,0.3656,3114.0,0.366,445.0,0.3662,694.0
1753533139801,12:32:19.801,CTK/USDT:USDT,0.3658,141.0,0.3656,3114.0,0.366,445.0,0.3662,694.0
1753533140350,12:32:20.350,CTK/USDT:USDT,0.3658,163.0,0.3656,3114.0,0.366,445.0,0.3662,694.0
1753533140756,12:32:20.756,CTK/USDT:USDT,0.3658,163.0,0.3656,3114.0,0.366,445.0,0.3662,694.0
1753533141813,12:32:21.813,CTK/USDT:USDT,0.3658,141.0,0.3656,3114.0,0.366,423.0,0.3662,694.0
1753533142282,12:32:22.282,CTK/USDT:USDT,0.3658,185.0,0.3656,3114.0,0.366,423.0,0.3662,694.0
1753533142603,12:32:22.603,CTK/USDT:USDT,0.3658,141.0,0.3656,3114.0,0.366,445.0,0.3662,694.0
1753533142802,12:32:22.802,CTK/USDT:USDT,0.3656,3114.0,0.3655,702.0,0.366,445.0,0.3661,1083.0
1753533142827,12:32:22.827,CTK/USDT:USDT,0.3656,3114.0,0.3655,702.0,0.366,453.0,0.3661,1083.0
1753533143112,12:32:23.112,CTK/USDT:USDT,0.3656,3114.0,0.3655,702.0,0.366,453.0,0.3661,1083.0
1753533143265,12:32:23.265,CTK/USDT:USDT,0.3656,3114.0,0.3655,702.0,0.366,453.0,0.3662,686.0
1753533143326,12:32:23.326,CTK/USDT:USDT,0.3656,3114.0,0.3655,702.0,0.366,445.0,0.3662,694.0
1753533143888,12:32:23.888,CTK/USDT:USDT,0.3656,3114.0,0.3655,702.0,0.366,445.0,0.3662,694.0
1753533143954,12:32:23.954,CTK/USDT:USDT,0.3656,3114.0,0.3655,702.0,0.366,445.0,0.3662,694.0
1753533144601,12:32:24.601,CTK/USDT:USDT,0.3656,3114.0,0.3655,702.0,0.366,445.0,0.3662,694.0
1753533144670,12:32:24.670,CTK/USDT:USDT,0.3656,3114.0,0.3655,702.0,0.366,445.0,0.3662,694.0
1753533145978,12:32:25.978,CTK/USDT:USDT,0.3656,2973.0,0.3654,850.0,0.3659,401.0,0.366,724.0
1753533146098,12:32:26.098,CTK/USDT:USDT,0.3654,3821.0,0.3652,879.0,0.3659,401.0,0.366,710.0
1753533146204,12:32:26.204,CTK/USDT:USDT,0.3656,141.0,0.3654,3821.0,0.366,1111.0,0.3661,1083.0
1753533146253,12:32:26.253,CTK/USDT:USDT,0.3656,141.0,0.3655,702.0,0.366,1111.0,0.3661,1083.0
1753533146338,12:32:26.338,CTK/USDT:USDT,0.3656,141.0,0.3655,702.0,0.366,1111.0,0.3661,1083.0
1753533146428,12:32:26.428,CTK/USDT:USDT,0.3656,141.0,0.3655,702.0,0.366,1111.0,0.3661,1083.0
1753533148462,12:32:28.462,CTK/USDT:USDT,0.3654,3659.0,0.3652,879.0,0.366,1111.0,0.3661,1083.0
1753533148613,12:32:28.613,CTK/USDT:USDT,0.3655,141.0,0.3654,688.0,0.3659,401.0,0.366,710.0
1753533148715,12:32:28.715,CTK/USDT:USDT,0.3655,141.0,0.3654,688.0,0.3659,401.0,0.366,710.0
1753533148788,12:32:28.788,CTK/USDT:USDT,0.3655,141.0,0.3654,688.0,0.3659,401.0,0.366,710.0
1753533149404,12:32:29.404,CTK/USDT:USDT,0.3655,141.0,0.3654,688.0,0.3659,401.0,0.366,710.0
1753533149709,12:32:29.709,CTK/USDT:USDT,0.3655,141.0,0.3654,688.0,0.3659,401.0,0.366,710.0
1753533150008,12:32:30.008,CTK/USDT:USDT,0.3655,141.0,0.3654,688.0,0.3659,401.0,0.366,710.0
1753533150388,12:32:30.388,CTK/USDT:USDT,0.3655,141.0,0.3654,688.0,0.3659,401.0,0.366,710.0
1753533150988,12:32:30.988,CTK/USDT:USDT,0.3655,141.0,0.3654,688.0,0.3659,401.0,0.366,710.0
1753533151151,12:32:31.151,CTK/USDT:USDT,0.3652,717.0,0.365,718.0,0.3658,684.0,0.3659,1484.0
1753533151302,12:32:31.302,CTK/USDT:USDT,0.3652,717.0,0.365,3689.0,0.3657,1085.0,0.3658,692.0
1753533151374,12:32:31.374,CTK/USDT:USDT,0.3653,141.0,0.3652,717.0,0.3656,445.0,0.3657,684.0
1753533151437,12:32:31.437,CTK/USDT:USDT,0.3653,141.0,0.3652,717.0,0.3656,445.0,0.3657,684.0
1753533151542,12:32:31.542,CTK/USDT:USDT,0.3653,141.0,0.3652,717.0,0.3656,445.0,0.3657,684.0
1753533151650,12:32:31.650,CTK/USDT:USDT,0.3653,141.0,0.3652,717.0,0.3656,445.0,0.3657,684.0
1753533151726,12:32:31.726,CTK/USDT:USDT,0.3653,141.0,0.3652,717.0,0.3656,445.0,0.3657,684.0
1753533152043,12:32:32.043,CTK/USDT:USDT,0.3653,141.0,0.3652,717.0,0.3656,445.0,0.3657,684.0
1753533152470,12:32:32.470,CTK/USDT:USDT,0.3653,141.0,0.3652,717.0,0.3656,445.0,0.3657,684.0
1753533152893,12:32:32.893,CTK/USDT:USDT,0.3653,141.0,0.3652,717.0,0.3656,423.0,0.3657,684.0
1753533152990,12:32:32.990,CTK/USDT:USDT,0.3653,141.0,0.3652,717.0,0.3656,445.0,0.3657,684.0
1753533153948,12:32:33.948,CTK/USDT:USDT,0.365,718.0,0.3649,696.0,0.3656,445.0,0.3657,1767.0
1753533154093,12:32:34.093,CTK/USDT:USDT,0.365,718.0,0.3649,3945.0,0.3656,453.0,0.3657,1767.0
1753533154303,12:32:34.303,CTK/USDT:USDT,0.3652,141.0,0.3651,825.0,0.3656,453.0,0.3657,1767.0
1753533154376,12:32:34.376,CTK/USDT:USDT,0.3653,141.0,0.3652,22.0,0.3656,453.0,0.3657,1767.0
1753533154506,12:32:34.506,CTK/USDT:USDT,0.3653,141.0,0.3652,22.0,0.3656,453.0,0.3657,1767.0
1753533154579,12:32:34.579,CTK/USDT:USDT,0.3653,141.0,0.3652,22.0,0.3656,453.0,0.3657,1767.0
1753533155190,12:32:35.190,CTK/USDT:USDT,0.3653,141.0,0.3652,22.0,0.3656,453.0,0.3657,1767.0
1753533155326,12:32:35.326,CTK/USDT:USDT,0.3653,141.0,0.3652,22.0,0.3656,453.0,0.3657,1767.0
1753533156201,12:32:36.201,CTK/USDT:USDT,0.3653,141.0,0.3652,22.0,0.3656,453.0,0.3657,1767.0
1753533156502,12:32:36.502,CTK/USDT:USDT,0.3654,141.0,0.3653,22.0,0.3656,431.0,0.3657,684.0
1753533156590,12:32:36.590,CTK/USDT:USDT,0.3654,141.0,0.3653,22.0,0.3656,423.0,0.3657,692.0
1753533156677,12:32:36.677,CTK/USDT:USDT,0.3654,141.0,0.3653,22.0,0.3656,423.0,0.3657,692.0
1753533156897,12:32:36.897,CTK/USDT:USDT,0.3654,141.0,0.3653,22.0,0.3656,445.0,0.3657,692.0
1753533156921,12:32:36.921,CTK/USDT:USDT,0.3654,141.0,0.3653,22.0,0.3656,445.0,0.3657,692.0
1753533157029,12:32:37.029,CTK/USDT:USDT,0.3654,141.0,0.3653,22.0,0.3656,445.0,0.3657,692.0
1753533157149,12:32:37.149,CTK/USDT:USDT,0.3654,141.0,0.3653,22.0,0.3656,423.0,0.3657,692.0
1753533157565,12:32:37.565,CTK/USDT:USDT,0.3654,141.0,0.3653,22.0,0.3656,445.0,0.3657,692.0
1753533159661,12:32:39.661,CTK/USDT:USDT,0.3654,141.0,0.3653,22.0,0.3656,445.0,0.3657,692.0
1753533161003,12:32:41.003,CTK/USDT:USDT,0.3654,141.0,0.3653,22.0,0.3656,445.0,0.3657,692.0
1753533161034,12:32:41.034,CTK/USDT:USDT,0.3654,141.0,0.3653,22.0,0.3656,445.0,0.3657,692.0
1753533161702,12:32:41.702,CTK/USDT:USDT,0.3653,22.0,0.3652,684.0,0.3656,445.0,0.3657,692.0
1753533161790,12:32:41.790,CTK/USDT:USDT,0.3653,22.0,0.3652,684.0,0.3656,445.0,0.3657,692.0
1753533162376,12:32:42.376,CTK/USDT:USDT,0.3651,684.0,0.365,718.0,0.3656,445.0,0.3657,1775.0
1753533162611,12:32:42.611,CTK/USDT:USDT,0.3651,684.0,0.365,718.0,0.3656,445.0,0.3657,1775.0
1753533165502,12:32:45.502,CTK/USDT:USDT,0.3653,141.0,0.3651,846.0,0.3655,445.0,0.3657,1775.0
1753533165575,12:32:45.575,CTK/USDT:USDT,0.3653,141.0,0.3651,846.0,0.3655,445.0,0.3657,1775.0
1753533165801,12:32:45.801,CTK/USDT:USDT,0.3653,141.0,0.3651,846.0,0.3655,445.0,0.3657,1775.0
1753533165844,12:32:45.844,CTK/USDT:USDT,0.3653,141.0,0.3651,846.0,0.3655,445.0,0.3657,1775.0
1753533167503,12:32:47.503,CTK/USDT:USDT,0.3653,141.0,0.3651,846.0,0.3655,445.0,0.3657,1775.0
1753533168814,12:32:48.814,CTK/USDT:USDT,0.3653,141.0,0.3651,846.0,0.3655,401.0,0.3657,1775.0
1753533170603,12:32:50.603,CTK/USDT:USDT,0.3653,141.0,0.3651,846.0,0.3655,401.0,0.3657,1775.0
1753533171262,12:32:51.262,CTK/USDT:USDT,0.3653,141.0,0.3651,846.0,0.3656,423.0,0.3657,1775.0
1753533171491,12:32:51.491,CTK/USDT:USDT,0.3653,141.0,0.3651,846.0,0.3656,423.0,0.3657,1775.0
1753533171850,12:32:51.850,CTK/USDT:USDT,0.3653,141.0,0.3651,846.0,0.3656,423.0,0.3657,1775.0
1753533172212,12:32:52.212,CTK/USDT:USDT,0.3653,141.0,0.3651,846.0,0.3656,423.0,0.3657,1775.0
1753533172309,12:32:52.309,CTK/USDT:USDT,0.3653,141.0,0.3651,846.0,0.3656,423.0,0.3657,1775.0
1753533175403,12:32:55.403,CTK/USDT:USDT,0.3653,141.0,0.3651,846.0,0.3656,423.0,0.3657,1775.0
1753533175795,12:32:55.795,CTK/USDT:USDT,0.3653,141.0,0.3651,846.0,0.3656,423.0,0.3657,692.0
1753533175864,12:32:55.864,CTK/USDT:USDT,0.3653,141.0,0.3651,846.0,0.3656,423.0,0.3657,1775.0
1753533176114,12:32:56.114,CTK/USDT:USDT,0.3653,141.0,0.3651,846.0,0.3656,423.0,0.3657,692.0
1753533177036,12:32:57.036,CTK/USDT:USDT,0.3653,141.0,0.3651,846.0,0.3655,401.0,0.3656,22.0
1753533177161,12:32:57.161,CTK/USDT:USDT,0.3653,141.0,0.3651,846.0,0.3655,423.0,0.3656,22.0
1753533180212,12:33:00.212,CTK/USDT:USDT,0.3653,22.0,0.3652,683.0,0.3655,401.0,0.3656,22.0
1753533180275,12:33:00.275,CTK/USDT:USDT,0.3651,684.0,0.365,718.0,0.3655,401.0,0.3657,692.0
1753533180385,12:33:00.385,CTK/USDT:USDT,0.3651,684.0,0.365,718.0,0.3655,401.0,0.3657,692.0
1753533180458,12:33:00.458,CTK/USDT:USDT,0.3651,684.0,0.365,718.0,0.3657,1093.0,0.3658,684.0
1753533180802,12:33:00.802,CTK/USDT:USDT,0.3651,684.0,0.365,718.0,0.3657,1093.0,0.3658,684.0
1753533182470,12:33:02.470,CTK/USDT:USDT,0.3651,684.0,0.365,718.0,0.3657,1093.0,0.3658,684.0
1753533182786,12:33:02.786,CTK/USDT:USDT,0.3654,141.0,0.3652,161.0,0.3657,1137.0,0.3658,684.0
1753533182842,12:33:02.842,CTK/USDT:USDT,0.3654,163.0,0.3652,161.0,0.3657,1137.0,0.3658,684.0
1753533183578,12:33:03.578,CTK/USDT:USDT,0.3654,163.0,0.3652,161.0,0.3657,1137.0,0.3658,684.0
1753533183666,12:33:03.666,CTK/USDT:USDT,0.3654,163.0,0.3652,161.0,0.3657,1137.0,0.3658,684.0
1753533185002,12:33:05.002,CTK/USDT:USDT,0.3654,163.0,0.3652,161.0,0.3657,1137.0,0.3658,684.0
1753533186816,12:33:06.816,CTK/USDT:USDT,0.3654,141.0,0.3652,161.0,0.3657,1137.0,0.3658,684.0
1753533186822,12:33:06.822,CTK/USDT:USDT,0.3654,141.0,0.3652,161.0,0.3657,1137.0,0.3658,684.0
1753533187588,12:33:07.588,CTK/USDT:USDT,0.3654,141.0,0.3652,161.0,0.3657,1137.0,0.3658,684.0
1753533187954,12:33:07.954,CTK/USDT:USDT,0.3654,141.0,0.3652,161.0,0.3657,1137.0,0.3658,684.0
1753533189802,12:33:09.802,CTK/USDT:USDT,0.3654,141.0,0.3652,161.0,0.3657,1137.0,0.3658,684.0
1753533190967,12:33:10.967,CTK/USDT:USDT,0.3654,141.0,0.3653,683.0,0.3657,453.0,0.3658,684.0
1753533191050,12:33:11.050,CTK/USDT:USDT,0.3654,141.0,0.3653,683.0,0.3657,445.0,0.3658,692.0
1753533191149,12:33:11.149,CTK/USDT:USDT,0.3654,141.0,0.3653,683.0,0.3657,445.0,0.3658,692.0
1753533191321,12:33:11.321,CTK/USDT:USDT,0.3654,141.0,0.3653,683.0,0.3657,445.0,0.3658,692.0
1753533194617,12:33:14.617,CTK/USDT:USDT,0.3654,141.0,0.3653,683.0,0.3657,44.0,0.3658,692.0
1753533194678,12:33:14.678,CTK/USDT:USDT,0.3654,141.0,0.3653,683.0,0.3658,30.0,0.3659,1484.0
1753533194722,12:33:14.722,CTK/USDT:USDT,0.3654,141.0,0.3653,683.0,0.3658,30.0,0.3659,1484.0
1753533194947,12:33:14.947,CTK/USDT:USDT,0.3654,141.0,0.3653,683.0,0.3658,30.0,0.3659,1484.0
1753533196767,12:33:16.767,CTK/USDT:USDT,0.3654,141.0,0.3653,683.0,0.3658,30.0,0.3659,1484.0
1753533196829,12:33:16.829,CTK/USDT:USDT,0.3654,141.0,0.3653,683.0,0.3658,30.0,0.3659,1484.0
1753533196967,12:33:16.967,CTK/USDT:USDT,0.3654,141.0,0.3653,683.0,0.3658,30.0,0.3659,1484.0
1753533197402,12:33:17.402,CTK/USDT:USDT,0.3654,141.0,0.3653,683.0,0.3658,30.0,0.3659,1484.0
1753533199403,12:33:19.403,CTK/USDT:USDT,0.3654,141.0,0.3653,683.0,0.3658,30.0,0.3659,1484.0
1753533201320,12:33:21.320,CTK/USDT:USDT,0.3654,141.0,0.3653,683.0,0.3658,30.0,0.3659,1484.0
1753533203889,12:33:23.889,CTK/USDT:USDT,0.3654,141.0,0.3653,683.0,0.3658,30.0,0.3659,1484.0
1753533204202,12:33:24.202,CTK/USDT:USDT,0.3654,141.0,0.3653,683.0,0.3658,30.0,0.3659,1484.0
1753533204285,12:33:24.285,CTK/USDT:USDT,0.3654,141.0,0.3653,683.0,0.3658,30.0,0.3659,1484.0
1753533206010,12:33:26.010,CTK/USDT:USDT,0.3654,141.0,0.3653,683.0,0.3658,30.0,0.3659,1484.0
1753533206217,12:33:26.217,CTK/USDT:USDT,0.3654,141.0,0.3653,683.0,0.3658,30.0,0.3659,1484.0
1753533209003,12:33:29.003,CTK/USDT:USDT,0.3654,141.0,0.3653,683.0,0.3658,30.0,0.3659,1484.0
1753533213803,12:33:33.803,CTK/USDT:USDT,0.3654,141.0,0.3653,683.0,0.3658,30.0,0.3659,1484.0
1753533217578,12:33:37.578,CTK/USDT:USDT,0.3654,141.0,0.3653,683.0,0.3658,30.0,0.3659,1484.0
1753533218603,12:33:38.603,CTK/USDT:USDT,0.3654,141.0,0.3653,683.0,0.3658,30.0,0.3659,1484.0
1753533219664,12:33:39.664,CTK/USDT:USDT,0.3654,141.0,0.3653,683.0,0.3658,30.0,0.3659,1484.0
1753533220039,12:33:40.039,CTK/USDT:USDT,0.3654,141.0,0.3653,683.0,0.3658,30.0,0.3659,1484.0
1753533223403,12:33:43.403,CTK/USDT:USDT,0.3654,141.0,0.3653,683.0,0.3658,30.0,0.3659,1484.0
1753533227462,12:33:47.462,CTK/USDT:USDT,0.3656,141.0,0.3655,22.0,0.3658,52.0,0.3659,1484.0
1753533227611,12:33:47.611,CTK/USDT:USDT,0.3656,141.0,0.3655,22.0,0.3658,52.0,0.3659,1484.0
1753533227647,12:33:47.647,CTK/USDT:USDT,0.3656,141.0,0.3655,22.0,0.3658,52.0,0.3659,1484.0
1753533228002,12:33:48.002,CTK/USDT:USDT,0.3651,845.0,0.365,718.0,0.3658,52.0,0.3659,1484.0
1753533228101,12:33:48.101,CTK/USDT:USDT,0.3656,141.0,0.3652,707.0,0.3658,52.0,0.3659,1484.0
1753533228205,12:33:48.205,CTK/USDT:USDT,0.3656,141.0,0.3654,161.0,0.3658,52.0,0.3659,1484.0
1753533228273,12:33:48.273,CTK/USDT:USDT,0.3656,141.0,0.3654,161.0,0.3658,52.0,0.3659,1484.0
1753533229589,12:33:49.589,CTK/USDT:USDT,0.3656,141.0,0.3654,161.0,0.3658,52.0,0.3659,1484.0
1753533230304,12:33:50.304,CTK/USDT:USDT,0.3654,161.0,0.3653,710.0,0.3658,52.0,0.3659,1484.0
1753533230324,12:33:50.324,CTK/USDT:USDT,0.3654,161.0,0.3653,710.0,0.3658,52.0,0.3659,1484.0
1753533233003,12:33:53.003,CTK/USDT:USDT,0.3654,161.0,0.3653,710.0,0.3658,52.0,0.3659,1484.0
1753533234954,12:33:54.954,CTK/USDT:USDT,0.3654,161.0,0.3653,710.0,0.3658,52.0,0.3659,1484.0
1753533235395,12:33:55.395,CTK/USDT:USDT,0.3654,161.0,0.3653,710.0,0.3658,52.0,0.3659,1484.0
1753533235769,12:33:55.769,CTK/USDT:USDT,0.3654,161.0,0.3653,710.0,0.3658,52.0,0.3659,1484.0
1753533237812,12:33:57.812,CTK/USDT:USDT,0.3654,161.0,0.3653,710.0,0.3658,52.0,0.3659,1484.0
1753533240746,12:34:00.746,CTK/USDT:USDT,0.3654,161.0,0.3653,710.0,0.3658,52.0,0.3659,1484.0
1753533242605,12:34:02.605,CTK/USDT:USDT,0.3654,161.0,0.3653,710.0,0.3658,52.0,0.3659,1484.0
1753533246539,12:34:06.539,CTK/USDT:USDT,0.3654,161.0,0.3653,710.0,0.3658,52.0,0.3659,1484.0
1753533247403,12:34:07.403,CTK/USDT:USDT,0.3654,161.0,0.3653,710.0,0.3658,52.0,0.3659,1484.0
1753533251140,12:34:11.140,CTK/USDT:USDT,0.3654,161.0,0.3653,710.0,0.3658,52.0,0.3659,1484.0
1753533251511,12:34:11.511,CTK/USDT:USDT,0.3654,161.0,0.3653,710.0,0.3658,52.0,0.3659,1484.0
1753533252204,12:34:12.204,CTK/USDT:USDT,0.3654,161.0,0.3653,710.0,0.3658,52.0,0.3659,1484.0
1753533252519,12:34:12.519,CTK/USDT:USDT,0.3654,161.0,0.3653,710.0,0.3658,52.0,0.3659,401.0
1753533252601,12:34:12.601,CTK/USDT:USDT,0.3655,163.0,0.3653,870.0,0.3658,44.0,0.3659,409.0
1753533252655,12:34:12.655,CTK/USDT:USDT,0.3655,163.0,0.3653,870.0,0.3658,44.0,0.3659,405.0
1753533252726,12:34:12.726,CTK/USDT:USDT,0.3655,163.0,0.3653,870.0,0.3658,44.0,0.3659,409.0
1753533254215,12:34:14.215,CTK/USDT:USDT,0.3653,870.0,0.3651,1767.0,0.3658,746.0,0.3659,409.0
1753533254275,12:34:14.275,CTK/USDT:USDT,0.3653,870.0,0.3651,1927.0,0.3658,746.0,0.3659,409.0
1753533256603,12:34:16.603,CTK/USDT:USDT,0.3657,141.0,0.3655,702.0,0.3659,453.0,0.366,3673.0
1753533256685,12:34:16.685,CTK/USDT:USDT,0.3657,141.0,0.3655,702.0,0.3659,453.0,0.366,702.0
1753533256784,12:34:16.784,CTK/USDT:USDT,0.3657,141.0,0.3655,702.0,0.3659,445.0,0.366,702.0
1753533256874,12:34:16.874,CTK/USDT:USDT,0.3657,141.0,0.3655,702.0,0.3659,445.0,0.366,702.0
1753533257003,12:34:17.003,CTK/USDT:USDT,0.3657,141.0,0.3655,702.0,0.3659,445.0,0.366,702.0
1753533257850,12:34:17.850,CTK/USDT:USDT,0.3657,141.0,0.3655,702.0,0.3659,445.0,0.366,702.0
1753533258094,12:34:18.094,CTK/USDT:USDT,0.3657,141.0,0.3655,702.0,0.3659,445.0,0.366,702.0
1753533258502,12:34:18.502,CTK/USDT:USDT,0.3657,141.0,0.3655,702.0,0.3659,423.0,0.366,702.0
1753533258610,12:34:18.610,CTK/USDT:USDT,0.3657,141.0,0.3655,702.0,0.3659,445.0,0.366,702.0
1753533258650,12:34:18.650,CTK/USDT:USDT,0.3657,141.0,0.3655,702.0,0.3659,401.0,0.366,702.0
1753533258802,12:34:18.802,CTK/USDT:USDT,0.3657,141.0,0.3655,702.0,0.3659,445.0,0.366,702.0
1753533258845,12:34:18.845,CTK/USDT:USDT,0.3657,141.0,0.3655,702.0,0.3659,423.0,0.366,702.0
1753533259084,12:34:19.084,CTK/USDT:USDT,0.3657,141.0,0.3655,702.0,0.3659,423.0,0.366,702.0
1753533259330,12:34:19.330,CTK/USDT:USDT,0.3657,141.0,0.3655,702.0,0.3659,445.0,0.366,702.0
1753533261614,12:34:21.614,CTK/USDT:USDT,0.3657,141.0,0.3655,702.0,0.3659,445.0,0.366,702.0
1753533261631,12:34:21.631,CTK/USDT:USDT,0.3657,141.0,0.3655,702.0,0.3659,445.0,0.366,702.0
1753533261804,12:34:21.804,CTK/USDT:USDT,0.3657,141.0,0.3655,702.0,0.3659,445.0,0.366,702.0
1753533263349,12:34:23.349,CTK/USDT:USDT,0.3657,141.0,0.3655,702.0,0.3659,445.0,0.366,702.0
1753533263917,12:34:23.917,CTK/USDT:USDT,0.3657,141.0,0.3655,702.0,0.3659,44.0,0.366,702.0
1753533266609,12:34:26.609,CTK/USDT:USDT,0.3657,141.0,0.3655,702.0,0.3659,44.0,0.366,702.0
1753533267703,12:34:27.703,CTK/USDT:USDT,0.3654,702.0,0.3653,870.0,0.3659,44.0,0.366,702.0
1753533267792,12:34:27.792,CTK/USDT:USDT,0.3653,710.0,0.3651,1927.0,0.3659,44.0,0.366,702.0
1753533267926,12:34:27.926,CTK/USDT:USDT,0.3653,710.0,0.3651,1927.0,0.3659,44.0,0.366,702.0
1753533268321,12:34:28.321,CTK/USDT:USDT,0.3653,710.0,0.3651,1927.0,0.3659,44.0,0.366,702.0
1753533271404,12:34:31.404,CTK/USDT:USDT,0.3653,710.0,0.3651,1927.0,0.3659,44.0,0.366,702.0
1753533272612,12:34:32.612,CTK/USDT:USDT,0.3653,710.0,0.3651,1927.0,0.3659,44.0,0.366,702.0
1753533274074,12:34:34.074,CTK/USDT:USDT,0.3653,710.0,0.3651,1927.0,0.3659,445.0,0.366,702.0
1753533274301,12:34:34.301,CTK/USDT:USDT,0.3653,710.0,0.3651,1927.0,0.3659,445.0,0.366,702.0
1753533274620,12:34:34.620,CTK/USDT:USDT,0.3653,710.0,0.3651,1927.0,0.3659,445.0,0.366,702.0
1753533276205,12:34:36.205,CTK/USDT:USDT,0.3653,710.0,0.3651,1927.0,0.3659,445.0,0.366,702.0
1753533276688,12:34:36.688,CTK/USDT:USDT,0.3653,710.0,0.3651,1927.0,0.3659,445.0,0.366,702.0
1753533278396,12:34:38.396,CTK/USDT:USDT,0.3653,710.0,0.3651,1927.0,0.3659,445.0,0.366,702.0
1753533281006,12:34:41.006,CTK/USDT:USDT,0.3653,710.0,0.3651,1927.0,0.3659,445.0,0.366,702.0
1753533283686,12:34:43.686,CTK/USDT:USDT,0.3653,710.0,0.3651,1927.0,0.3659,445.0,0.366,702.0
1753533284063,12:34:44.063,CTK/USDT:USDT,0.3653,710.0,0.3651,1927.0,0.3659,445.0,0.366,702.0
1753533284188,12:34:44.188,CTK/USDT:USDT,0.3653,710.0,0.3651,1927.0,0.3659,445.0,0.366,702.0
1753533285804,12:34:45.804,CTK/USDT:USDT,0.3653,710.0,0.3651,1927.0,0.3659,445.0,0.366,702.0
1753533288991,12:34:48.991,CTK/USDT:USDT,0.3653,710.0,0.3651,1927.0,0.3659,445.0,0.366,702.0
1753533290604,12:34:50.604,CTK/USDT:USDT,0.3653,710.0,0.3651,1927.0,0.3659,445.0,0.366,702.0
1753533290627,12:34:50.627,CTK/USDT:USDT,0.3653,710.0,0.3651,1927.0,0.3659,445.0,0.366,702.0
1753533291455,12:34:51.455,CTK/USDT:USDT,0.3653,710.0,0.3651,1927.0,0.3659,445.0,0.366,702.0
1753533292876,12:34:52.876,CTK/USDT:USDT,0.3653,710.0,0.3651,1927.0,0.3659,445.0,0.366,702.0
1753533294962,12:34:54.962,CTK/USDT:USDT,0.3653,710.0,0.3651,1927.0,0.3659,445.0,0.366,702.0
1753533295050,12:34:55.050,CTK/USDT:USDT,0.3653,710.0,0.3651,1927.0,0.3659,445.0,0.366,702.0
1753533295404,12:34:55.404,CTK/USDT:USDT,0.3653,710.0,0.3651,1927.0,0.3659,445.0,0.366,702.0
1753533295552,12:34:55.552,CTK/USDT:USDT,0.3653,710.0,0.3651,1927.0,0.3659,445.0,0.366,702.0
1753533296536,12:34:56.536,CTK/USDT:USDT,0.3653,710.0,0.3651,1927.0,0.3659,445.0,0.366,702.0
1753533299435,12:34:59.435,CTK/USDT:USDT,0.3653,710.0,0.3651,1927.0,0.3659,445.0,0.366,702.0
1753533299807,12:34:59.807,CTK/USDT:USDT,0.3653,710.0,0.3651,1927.0,0.3659,445.0,0.366,702.0
1753533300205,12:35:00.205,CTK/USDT:USDT,0.3653,710.0,0.3651,1927.0,0.3659,445.0,0.366,702.0
1753533300690,12:35:00.690,CTK/USDT:USDT,0.3653,710.0,0.3651,1927.0,0.3659,445.0,0.366,702.0
1753533301407,12:35:01.407,CTK/USDT:USDT,0.3653,710.0,0.3651,1927.0,0.3659,445.0,0.366,702.0
1753533302533,12:35:02.533,CTK/USDT:USDT,0.3653,710.0,0.3651,1927.0,0.3659,445.0,0.366,702.0
1753533303194,12:35:03.194,CTK/USDT:USDT,0.3656,755.0,0.3655,715.0,0.3659,421.0,0.3661,2974.0
1753533303251,12:35:03.251,CTK/USDT:USDT,0.3656,755.0,0.3655,715.0,0.3659,441.0,0.3661,2974.0
1753533303380,12:35:03.380,CTK/USDT:USDT,0.3656,755.0,0.3655,715.0,0.3659,441.0,0.366,715.0
1753533303476,12:35:03.476,CTK/USDT:USDT,0.3656,755.0,0.3655,715.0,0.3659,441.0,0.366,715.0
1753533303527,12:35:03.527,CTK/USDT:USDT,0.3656,755.0,0.3655,715.0,0.3659,441.0,0.366,715.0
1753533303976,12:35:03.976,CTK/USDT:USDT,0.3656,755.0,0.3655,715.0,0.3659,441.0,0.366,715.0
1753533305004,12:35:05.004,CTK/USDT:USDT,0.3656,755.0,0.3655,715.0,0.3659,441.0,0.366,715.0
1753533309805,12:35:09.805,CTK/USDT:USDT,0.3656,755.0,0.3655,715.0,0.3659,441.0,0.366,715.0
1753533314606,12:35:14.606,CTK/USDT:USDT,0.3656,755.0,0.3655,715.0,0.3659,441.0,0.366,715.0
1753533315188,12:35:15.188,CTK/USDT:USDT,0.3656,755.0,0.3655,715.0,0.3659,441.0,0.366,715.0
1753533315600,12:35:15.600,CTK/USDT:USDT,0.3656,755.0,0.3655,715.0,0.3659,441.0,0.366,715.0
1753533319405,12:35:19.405,CTK/USDT:USDT,0.3656,755.0,0.3655,715.0,0.3659,441.0,0.366,715.0
1753533324205,12:35:24.205,CTK/USDT:USDT,0.3656,755.0,0.3655,715.0,0.3659,441.0,0.366,715.0
1753533324734,12:35:24.734,CTK/USDT:USDT,0.3656,755.0,0.3655,715.0,0.3659,441.0,0.366,715.0
1753533328561,12:35:28.561,CTK/USDT:USDT,0.3656,755.0,0.3655,715.0,0.3659,441.0,0.366,715.0
1753533328649,12:35:28.649,CTK/USDT:USDT,0.3656,755.0,0.3655,715.0,0.3659,441.0,0.366,715.0
1753533329005,12:35:29.005,CTK/USDT:USDT,0.3656,755.0,0.3655,715.0,0.3659,441.0,0.366,715.0
1753533330977,12:35:30.977,CTK/USDT:USDT,0.3656,755.0,0.3655,715.0,0.3659,441.0,0.366,715.0
1753533331331,12:35:31.331,CTK/USDT:USDT,0.3656,755.0,0.3655,715.0,0.3659,441.0,0.366,715.0
1753533333805,12:35:33.805,CTK/USDT:USDT,0.3656,755.0,0.3655,715.0,0.3659,441.0,0.366,715.0
1753533338405,12:35:38.405,CTK/USDT:USDT,0.3659,141.0,0.3658,141.0,0.366,20.0,0.3661,8.0
1753533338485,12:35:38.485,CTK/USDT:USDT,0.3657,709.0,0.3656,715.0,0.3662,732.0,0.3663,3788.0
1753533338609,12:35:38.609,CTK/USDT:USDT,0.3655,715.0,0.3653,5540.0,0.3662,732.0,0.3663,3669.0
1753533338706,12:35:38.706,CTK/USDT:USDT,0.3657,141.0,0.3656,1083.0,0.3662,732.0,0.3663,3669.0
1753533338810,12:35:38.810,CTK/USDT:USDT,0.3659,141.0,0.3657,869.0,0.3662,732.0,0.3663,3669.0
1753533338873,12:35:38.873,CTK/USDT:USDT,0.3659,141.0,0.3657,869.0,0.3662,732.0,0.3663,3669.0
1753533339019,12:35:39.019,CTK/USDT:USDT,0.3659,141.0,0.3657,869.0,0.3662,732.0,0.3663,3669.0
1753533339058,12:35:39.058,CTK/USDT:USDT,0.3659,141.0,0.3657,869.0,0.3662,732.0,0.3663,3669.0
1753533339356,12:35:39.356,CTK/USDT:USDT,0.3659,141.0,0.3657,869.0,0.3662,732.0,0.3663,3669.0
1753533339584,12:35:39.584,CTK/USDT:USDT,0.3659,141.0,0.3657,869.0,0.3662,732.0,0.3663,3669.0
1753533339849,12:35:39.849,CTK/USDT:USDT,0.3659,141.0,0.3657,869.0,0.3662,732.0,0.3663,3669.0
1753533340642,12:35:40.642,CTK/USDT:USDT,0.3659,141.0,0.3657,869.0,0.3662,732.0,0.3663,3669.0
1753533340786,12:35:40.786,CTK/USDT:USDT,0.3659,141.0,0.3657,869.0,0.3662,732.0,0.3663,3669.0
1753533342763,12:35:42.763,CTK/USDT:USDT,0.3659,141.0,0.3658,712.0,0.3662,732.0,0.3663,3669.0
1753533343406,12:35:43.406,CTK/USDT:USDT,0.3659,141.0,0.3658,712.0,0.3662,732.0,0.3663,3669.0
1753533344256,12:35:44.256,CTK/USDT:USDT,0.3659,141.0,0.3658,712.0,0.3662,732.0,0.3663,3669.0
1753533345287,12:35:45.287,CTK/USDT:USDT,0.3659,141.0,0.3658,712.0,0.3662,732.0,0.3663,3669.0
1753533345772,12:35:45.772,CTK/USDT:USDT,0.3659,141.0,0.3658,712.0,0.3662,46.0,0.3663,3669.0
1753533346703,12:35:46.703,CTK/USDT:USDT,0.3659,141.0,0.3658,712.0,0.3662,46.0,0.3663,3669.0
1753533347059,12:35:47.059,CTK/USDT:USDT,0.3659,141.0,0.3658,712.0,0.3662,46.0,0.3663,3669.0
1753533348205,12:35:48.205,CTK/USDT:USDT,0.3659,141.0,0.3658,712.0,0.3662,46.0,0.3663,3669.0
1753533350797,12:35:50.797,CTK/USDT:USDT,0.3659,141.0,0.3658,712.0,0.3662,46.0,0.3663,3669.0
1753533350824,12:35:50.824,CTK/USDT:USDT,0.3659,141.0,0.3658,712.0,0.3662,46.0,0.3663,3669.0
1753533350997,12:35:50.997,CTK/USDT:USDT,0.3659,141.0,0.3658,712.0,0.3662,46.0,0.3663,3669.0
1753533352710,12:35:52.710,CTK/USDT:USDT,0.3659,141.0,0.3658,712.0,0.3662,46.0,0.3663,3669.0
1753533353006,12:35:53.006,CTK/USDT:USDT,0.3659,141.0,0.3658,712.0,0.3662,46.0,0.3663,3669.0
1753533356601,12:35:56.601,CTK/USDT:USDT,0.3659,141.0,0.3658,712.0,0.3662,46.0,0.3663,3669.0
1753533357806,12:35:57.806,CTK/USDT:USDT,0.3659,141.0,0.3658,712.0,0.3662,46.0,0.3663,3669.0
1753533360204,12:36:00.204,CTK/USDT:USDT,0.3661,141.0,0.3658,712.0,0.3662,6.0,0.3663,2992.0
1753533360259,12:36:00.259,CTK/USDT:USDT,0.3661,141.0,0.3659,160.0,0.3662,26.0,0.3663,2992.0
1753533360366,12:36:00.366,CTK/USDT:USDT,0.3661,141.0,0.3659,160.0,0.3662,46.0,0.3663,2992.0
1753533360511,12:36:00.511,CTK/USDT:USDT,0.3661,141.0,0.366,729.0,0.3662,6.0,0.3663,2992.0
1753533360596,12:36:00.596,CTK/USDT:USDT,0.3661,141.0,0.366,729.0,0.3662,6.0,0.3663,40.0
1753533360675,12:36:00.675,CTK/USDT:USDT,0.3661,141.0,0.366,729.0,0.3663,20.0,0.3664,407.0
1753533361110,12:36:01.110,CTK/USDT:USDT,0.3662,141.0,0.366,709.0,0.3664,427.0,0.3665,3664.0
1753533361177,12:36:01.177,CTK/USDT:USDT,0.3662,141.0,0.366,709.0,0.3664,447.0,0.3665,3664.0
1753533361673,12:36:01.673,CTK/USDT:USDT,0.3662,141.0,0.366,709.0,0.3664,447.0,0.3665,3664.0
1753533361992,12:36:01.992,CTK/USDT:USDT,0.3662,141.0,0.366,709.0,0.3664,447.0,0.3665,3664.0
1753533362207,12:36:02.207,CTK/USDT:USDT,0.3662,141.0,0.366,709.0,0.3664,447.0,0.3665,3664.0
1753533362423,12:36:02.423,CTK/USDT:USDT,0.3662,141.0,0.366,709.0,0.3664,447.0,0.3665,3664.0
1753533362793,12:36:02.793,CTK/USDT:USDT,0.3662,141.0,0.366,709.0,0.3664,447.0,0.3665,3664.0
1753533362837,12:36:02.837,CTK/USDT:USDT,0.3662,141.0,0.366,709.0,0.3664,447.0,0.3665,717.0
1753533362932,12:36:02.932,CTK/USDT:USDT,0.3662,141.0,0.366,709.0,0.3664,441.0,0.3665,723.0
1753533364006,12:36:04.006,CTK/USDT:USDT,0.3662,141.0,0.366,709.0,0.3664,441.0,0.3665,723.0
1753533364985,12:36:04.985,CTK/USDT:USDT,0.3663,141.0,0.366,709.0,0.3664,421.0,0.3665,723.0
1753533365090,12:36:05.090,CTK/USDT:USDT,0.3663,141.0,0.3661,160.0,0.3664,421.0,0.3665,723.0
1753533365259,12:36:05.259,CTK/USDT:USDT,0.3663,141.0,0.3661,160.0,0.3664,421.0,0.3665,723.0
1753533365730,12:36:05.730,CTK/USDT:USDT,0.3663,141.0,0.3661,160.0,0.3664,421.0,0.3665,723.0
1753533367280,12:36:07.280,CTK/USDT:USDT,0.3663,141.0,0.3661,160.0,0.3664,421.0,0.3665,723.0
1753533367402,12:36:07.402,CTK/USDT:USDT,0.3661,160.0,0.366,709.0,0.3664,421.0,0.3665,723.0
1753533367425,12:36:07.425,CTK/USDT:USDT,0.3661,160.0,0.366,709.0,0.3664,421.0,0.3665,723.0
1753533367540,12:36:07.540,CTK/USDT:USDT,0.3661,160.0,0.366,709.0,0.3664,421.0,0.3665,723.0
1753533367673,12:36:07.673,CTK/USDT:USDT,0.3661,160.0,0.366,709.0,0.3664,421.0,0.3665,723.0
1753533368116,12:36:08.116,CTK/USDT:USDT,0.3661,160.0,0.366,709.0,0.3664,421.0,0.3665,723.0
1753533368806,12:36:08.806,CTK/USDT:USDT,0.3661,160.0,0.366,709.0,0.3664,421.0,0.3665,723.0
1753533368890,12:36:08.890,CTK/USDT:USDT,0.3661,160.0,0.366,709.0,0.3664,421.0,0.3665,723.0
1753533369048,12:36:09.048,CTK/USDT:USDT,0.3661,160.0,0.366,709.0,0.3664,421.0,0.3665,723.0
1753533369179,12:36:09.179,CTK/USDT:USDT,0.3661,160.0,0.366,709.0,0.3664,421.0,0.3665,723.0
1753533371069,12:36:11.069,CTK/USDT:USDT,0.3661,160.0,0.366,709.0,0.3664,421.0,0.3665,723.0
1753533373611,12:36:13.611,CTK/USDT:USDT,0.3661,160.0,0.366,709.0,0.3664,421.0,0.3665,723.0
1753533375623,12:36:15.623,CTK/USDT:USDT,0.3661,160.0,0.366,709.0,0.3664,421.0,0.3665,723.0
1753533378137,12:36:18.137,CTK/USDT:USDT,0.3661,160.0,0.366,709.0,0.3664,421.0,0.3665,723.0
1753533378406,12:36:18.406,CTK/USDT:USDT,0.3661,160.0,0.366,709.0,0.3664,421.0,0.3665,723.0
1753533378518,12:36:18.518,CTK/USDT:USDT,0.3661,160.0,0.366,709.0,0.3664,421.0,0.3665,723.0
1753533379202,12:36:19.202,CTK/USDT:USDT,0.3661,870.0,0.366,709.0,0.3664,421.0,0.3665,723.0
1753533380167,12:36:20.167,CTK/USDT:USDT,0.3664,211.0,0.3663,683.0,0.3665,6.0,0.3666,401.0
1753533380290,12:36:20.290,CTK/USDT:USDT,0.3664,211.0,0.3663,683.0,0.3665,26.0,0.3666,401.0
1753533380418,12:36:20.418,CTK/USDT:USDT,0.3664,211.0,0.3663,683.0,0.3665,6.0,0.3666,401.0
1753533380461,12:36:20.461,CTK/USDT:USDT,0.3664,211.0,0.3663,683.0,0.3665,6.0,0.3666,401.0
1753533380611,12:36:20.611,CTK/USDT:USDT,0.3664,211.0,0.3663,683.0,0.3665,6.0,0.3666,401.0
1753533381428,12:36:21.428,CTK/USDT:USDT,0.3664,211.0,0.3663,683.0,0.3665,6.0,0.3666,401.0
1753533381765,12:36:21.765,CTK/USDT:USDT,0.3664,211.0,0.3663,683.0,0.3665,6.0,0.3666,401.0
1753533382159,12:36:22.159,CTK/USDT:USDT,0.3664,211.0,0.3663,683.0,0.3665,6.0,0.3666,401.0
1753533383119,12:36:23.119,CTK/USDT:USDT,0.3664,211.0,0.3663,683.0,0.3665,6.0,0.3666,401.0
1753533383206,12:36:23.206,CTK/USDT:USDT,0.3664,211.0,0.3663,683.0,0.3665,186.0,0.3666,401.0
1753533383505,12:36:23.505,CTK/USDT:USDT,0.3664,211.0,0.3663,683.0,0.3665,186.0,0.3666,401.0
1753533385187,12:36:25.187,CTK/USDT:USDT,0.3664,211.0,0.3663,683.0,0.3665,6.0,0.3668,9645.0
1753533385298,12:36:25.298,CTK/USDT:USDT,0.3664,211.0,0.3663,683.0,0.3667,6.0,0.3668,9645.0
1753533385393,12:36:25.393,CTK/USDT:USDT,0.3664,211.0,0.3663,683.0,0.3667,6.0,0.3668,1089.0
1753533385608,12:36:25.608,CTK/USDT:USDT,0.3666,141.0,0.3664,160.0,0.3667,26.0,0.3668,1089.0
1753533385704,12:36:25.704,CTK/USDT:USDT,0.3666,141.0,0.3664,843.0,0.3667,186.0,0.3668,1089.0
1753533385806,12:36:25.806,CTK/USDT:USDT,0.3666,141.0,0.3664,843.0,0.3667,186.0,0.3668,1089.0
1753533386145,12:36:26.145,CTK/USDT:USDT,0.3666,141.0,0.3664,843.0,0.3667,26.0,0.3668,1249.0
1753533386290,12:36:26.290,CTK/USDT:USDT,0.3666,141.0,0.3664,843.0,0.3667,6.0,0.3668,1249.0
1753533386625,12:36:26.625,CTK/USDT:USDT,0.3666,141.0,0.3664,843.0,0.3667,6.0,0.3668,1249.0
1753533387128,12:36:27.128,CTK/USDT:USDT,0.3666,141.0,0.3664,843.0,0.3667,6.0,0.3668,1249.0
1753533387311,12:36:27.311,CTK/USDT:USDT,0.3666,141.0,0.3664,843.0,0.3667,6.0,0.3668,1249.0
1753533387410,12:36:27.410,CTK/USDT:USDT,0.3666,141.0,0.3664,843.0,0.3667,26.0,0.3668,1249.0
1753533387764,12:36:27.764,CTK/USDT:USDT,0.3666,141.0,0.3664,843.0,0.3667,26.0,0.3668,1249.0
1753533388419,12:36:28.419,CTK/USDT:USDT,0.3666,141.0,0.3664,843.0,0.3667,6.0,0.3668,1089.0
1753533389207,12:36:29.207,CTK/USDT:USDT,0.3666,141.0,0.3664,843.0,0.3667,6.0,0.3668,1089.0
1753533390029,12:36:30.029,CTK/USDT:USDT,0.3666,141.0,0.3664,843.0,0.3667,6.0,0.3668,1089.0
1753533390614,12:36:30.614,CTK/USDT:USDT,0.3666,141.0,0.3664,843.0,0.3667,26.0,0.3668,402.0
1753533390710,12:36:30.710,CTK/USDT:USDT,0.3666,141.0,0.3664,843.0,0.3667,186.0,0.3668,402.0
1753533390790,12:36:30.790,CTK/USDT:USDT,0.3666,141.0,0.3664,843.0,0.3667,186.0,0.3668,402.0
1753533391745,12:36:31.745,CTK/USDT:USDT,0.3666,141.0,0.3664,843.0,0.3667,186.0,0.3668,402.0
1753533393210,12:36:33.210,CTK/USDT:USDT,0.3666,141.0,0.3664,843.0,0.3667,26.0,0.3668,402.0
1753533394008,12:36:34.008,CTK/USDT:USDT,0.3666,141.0,0.3664,843.0,0.3667,186.0,0.3668,402.0
1753533394194,12:36:34.194,CTK/USDT:USDT,0.3666,141.0,0.3664,843.0,0.3667,186.0,0.3668,402.0
1753533394378,12:36:34.378,CTK/USDT:USDT,0.3666,141.0,0.3664,843.0,0.3667,186.0,0.3668,402.0
1753533394581,12:36:34.581,CTK/USDT:USDT,0.3666,141.0,0.3664,843.0,0.3667,186.0,0.3668,402.0
1753533395218,12:36:35.218,CTK/USDT:USDT,0.3666,141.0,0.3665,689.0,0.3667,186.0,0.3668,402.0
1753533395250,12:36:35.250,CTK/USDT:USDT,0.3666,141.0,0.3665,689.0,0.3667,186.0,0.3668,402.0
1753533395358,12:36:35.358,CTK/USDT:USDT,0.3666,141.0,0.3665,689.0,0.3667,186.0,0.3668,402.0
1753533395718,12:36:35.718,CTK/USDT:USDT,0.3666,141.0,0.3665,689.0,0.3667,186.0,0.3668,402.0
1753533395741,12:36:35.741,CTK/USDT:USDT,0.3666,141.0,0.3665,689.0,0.3667,6.0,0.3668,402.0
1753533396301,12:36:36.301,CTK/USDT:USDT,0.3666,141.0,0.3665,689.0,0.3667,6.0,0.3668,402.0
1753533396789,12:36:36.789,CTK/USDT:USDT,0.3667,211.0,0.3665,689.0,0.3668,161.0,0.367,695.0
1753533396848,12:36:36.848,CTK/USDT:USDT,0.3667,211.0,0.3666,6.0,0.3668,161.0,0.3669,2.0
1753533396949,12:36:36.949,CTK/USDT:USDT,0.3667,211.0,0.3666,6.0,0.3668,161.0,0.3669,2.0
1753533397131,12:36:37.131,CTK/USDT:USDT,0.3667,211.0,0.3666,6.0,0.3668,161.0,0.3669,2.0
1753533397764,12:36:37.764,CTK/USDT:USDT,0.3667,211.0,0.3666,6.0,0.3668,161.0,0.3669,2.0
1753533397845,12:36:37.845,CTK/USDT:USDT,0.3667,211.0,0.3666,6.0,0.3668,161.0,0.3669,2.0
1753533398302,12:36:38.302,CTK/USDT:USDT,0.3667,211.0,0.3666,6.0,0.3668,161.0,0.3669,2.0
1753533398806,12:36:38.806,CTK/USDT:USDT,0.3667,211.0,0.3666,6.0,0.3668,161.0,0.3669,2.0
1753533398835,12:36:38.835,CTK/USDT:USDT,0.3667,211.0,0.3666,6.0,0.3668,161.0,0.3669,2.0
1753533399145,12:36:39.145,CTK/USDT:USDT,0.3667,211.0,0.3666,6.0,0.3668,161.0,0.3669,2.0
1753533400081,12:36:40.081,CTK/USDT:USDT,0.3667,211.0,0.3666,6.0,0.3668,161.0,0.3669,2.0
1753533400408,12:36:40.408,CTK/USDT:USDT,0.3667,211.0,0.3666,6.0,0.3668,161.0,0.3669,2.0
1753533400756,12:36:40.756,CTK/USDT:USDT,0.3667,211.0,0.3666,6.0,0.3668,181.0,0.3669,2.0
1753533402890,12:36:42.890,CTK/USDT:USDT,0.3667,211.0,0.3666,6.0,0.3668,181.0,0.3669,2.0
1753533402970,12:36:42.970,CTK/USDT:USDT,0.3667,211.0,0.3666,6.0,0.3668,1.0,0.3669,2.0
1753533403606,12:36:43.606,CTK/USDT:USDT,0.3667,211.0,0.3666,6.0,0.3668,1.0,0.3669,2.0
1753533404755,12:36:44.755,CTK/USDT:USDT,0.3667,211.0,0.3666,6.0,0.3668,1.0,0.3669,2.0
1753533408410,12:36:48.410,CTK/USDT:USDT,0.3667,211.0,0.3666,6.0,0.3668,1.0,0.3669,2.0
1753533408719,12:36:48.719,CTK/USDT:USDT,0.3667,211.0,0.3666,6.0,0.3668,1.0,0.3669,2.0
1753533408731,12:36:48.731,CTK/USDT:USDT,0.3667,211.0,0.3666,6.0,0.3668,161.0,0.3669,2.0
1753533408822,12:36:48.822,CTK/USDT:USDT,0.3667,211.0,0.3666,6.0,0.3668,1.0,0.3669,2.0
1753533409794,12:36:49.794,CTK/USDT:USDT,0.3667,211.0,0.3666,6.0,0.3668,181.0,0.3669,2.0
1753533409946,12:36:49.946,CTK/USDT:USDT,0.3667,211.0,0.3666,6.0,0.3668,181.0,0.3669,2.0
1753533410318,12:36:50.318,CTK/USDT:USDT,0.3667,211.0,0.3666,6.0,0.3668,181.0,0.3669,2.0
1753533413207,12:36:53.207,CTK/USDT:USDT,0.3667,211.0,0.3666,6.0,0.3668,181.0,0.3669,2.0
1753533413234,12:36:53.234,CTK/USDT:USDT,0.3667,211.0,0.3666,6.0,0.3668,181.0,0.3669,2.0
1753533415388,12:36:55.388,CTK/USDT:USDT,0.3667,211.0,0.3666,6.0,0.3668,181.0,0.3669,2.0
1753533418007,12:36:58.007,CTK/USDT:USDT,0.3667,211.0,0.3666,6.0,0.3668,181.0,0.3669,2.0
1753533420191,12:37:00.191,CTK/USDT:USDT,0.3667,211.0,0.3666,6.0,0.3668,181.0,0.3669,2.0
1753533420303,12:37:00.303,CTK/USDT:USDT,0.3667,211.0,0.3666,6.0,0.3668,181.0,0.3669,2.0
1753533420415,12:37:00.415,CTK/USDT:USDT,0.3667,211.0,0.3666,6.0,0.3668,181.0,0.3669,2.0
1753533421410,12:37:01.410,CTK/USDT:USDT,0.3667,211.0,0.3666,6.0,0.3668,1.0,0.3669,2.0
1753533421510,12:37:01.510,CTK/USDT:USDT,0.3667,231.0,0.3666,6.0,0.3668,1.0,0.367,2.0
1753533421584,12:37:01.584,CTK/USDT:USDT,0.3667,211.0,0.3666,6.0,0.3668,1.0,0.367,2.0
1753533422278,12:37:02.278,CTK/USDT:USDT,0.3667,211.0,0.3666,6.0,0.3668,1.0,0.367,2.0
1753533422371,12:37:02.371,CTK/USDT:USDT,0.3667,211.0,0.3666,6.0,0.3668,1.0,0.367,2.0
1753533422509,12:37:02.509,CTK/USDT:USDT,0.3667,211.0,0.3666,6.0,0.3668,1.0,0.367,2.0
1753533422807,12:37:02.807,CTK/USDT:USDT,0.3667,211.0,0.3666,6.0,0.3668,1.0,0.367,2.0
1753533423130,12:37:03.130,CTK/USDT:USDT,0.3667,941.0,0.3666,6.0,0.3668,1.0,0.367,2.0
1753533423303,12:37:03.303,CTK/USDT:USDT,0.3667,941.0,0.3666,6.0,0.3668,1.0,0.367,2.0
1753533423549,12:37:03.549,CTK/USDT:USDT,0.3667,941.0,0.3666,6.0,0.3668,1.0,0.367,2.0
1753533423635,12:37:03.635,CTK/USDT:USDT,0.3667,941.0,0.3666,6.0,0.3668,1.0,0.367,2.0
1753533423913,12:37:03.913,CTK/USDT:USDT,0.3669,141.0,0.3667,941.0,0.367,2.0,0.3671,2.0
1753533423988,12:37:03.988,CTK/USDT:USDT,0.3669,141.0,0.3668,716.0,0.367,2.0,0.3671,2.0
1753533424114,12:37:04.114,CTK/USDT:USDT,0.3669,141.0,0.3668,716.0,0.367,2.0,0.3671,2.0
1753533424166,12:37:04.166,CTK/USDT:USDT,0.3669,141.0,0.3668,716.0,0.367,2.0,0.3671,2.0
1753533424750,12:37:04.750,CTK/USDT:USDT,0.3669,141.0,0.3668,716.0,0.367,2.0,0.3671,2.0
1753533424871,12:37:04.871,CTK/USDT:USDT,0.3669,141.0,0.3668,716.0,0.367,2.0,0.3671,2.0
1753533425408,12:37:05.408,CTK/USDT:USDT,0.3669,141.0,0.3668,716.0,0.367,2.0,0.3671,2.0
1753533425696,12:37:05.696,CTK/USDT:USDT,0.3669,141.0,0.3668,716.0,0.367,2.0,0.3671,2.0
1753533426065,12:37:06.065,CTK/USDT:USDT,0.3669,141.0,0.3668,716.0,0.367,2.0,0.3671,2.0
1753533427417,12:37:07.417,CTK/USDT:USDT,0.3669,141.0,0.3668,716.0,0.367,22.0,0.3671,2.0
1753533427430,12:37:07.430,CTK/USDT:USDT,0.3669,141.0,0.3668,716.0,0.367,2.0,0.3671,2.0
1753533427610,12:37:07.610,CTK/USDT:USDT,0.3669,141.0,0.3668,716.0,0.367,22.0,0.3671,2.0
1753533428084,12:37:08.084,CTK/USDT:USDT,0.3669,141.0,0.3668,716.0,0.367,2.0,0.3671,2.0
1753533430768,12:37:10.768,CTK/USDT:USDT,0.3669,141.0,0.3668,716.0,0.367,2.0,0.3671,2.0
1753533431888,12:37:11.888,CTK/USDT:USDT,0.3669,141.0,0.3668,716.0,0.367,2.0,0.3671,2.0
1753533431931,12:37:11.931,CTK/USDT:USDT,0.3669,141.0,0.3668,716.0,0.367,2.0,0.3671,2.0
1753533432049,12:37:12.049,CTK/USDT:USDT,0.3669,141.0,0.3668,716.0,0.367,2.0,0.3671,2.0
1753533432407,12:37:12.407,CTK/USDT:USDT,0.3669,141.0,0.3668,716.0,0.367,2.0,0.3671,2.0
1753533435296,12:37:15.296,CTK/USDT:USDT,0.3669,141.0,0.3668,716.0,0.367,2.0,0.3671,2.0
1753533437207,12:37:17.207,CTK/USDT:USDT,0.3669,141.0,0.3668,716.0,0.367,2.0,0.3671,2.0
1753533437680,12:37:17.680,CTK/USDT:USDT,0.3669,141.0,0.3668,716.0,0.367,2.0,0.3671,2.0
1753533438373,12:37:18.373,CTK/USDT:USDT,0.3669,141.0,0.3668,716.0,0.367,2.0,0.3671,2.0
1753533439881,12:37:19.881,CTK/USDT:USDT,0.3669,141.0,0.3668,716.0,0.367,2.0,0.3671,2.0
1753533441434,12:37:21.434,CTK/USDT:USDT,0.3669,141.0,0.3668,716.0,0.367,2.0,0.3671,2.0
1753533441800,12:37:21.800,CTK/USDT:USDT,0.3669,141.0,0.3668,716.0,0.367,2.0,0.3671,2.0
1753533442008,12:37:22.008,CTK/USDT:USDT,0.3669,141.0,0.3668,716.0,0.367,2.0,0.3671,2.0
1753533443888,12:37:23.888,CTK/USDT:USDT,0.3669,141.0,0.3668,716.0,0.367,2.0,0.3671,2.0
1753533444679,12:37:24.679,CTK/USDT:USDT,0.3668,26.0,0.3666,3090.0,0.367,2.0,0.3671,2.0
1753533444721,12:37:24.721,CTK/USDT:USDT,0.3668,26.0,0.3666,3090.0,0.367,2.0,0.3671,2.0
1753533444983,12:37:24.983,CTK/USDT:USDT,0.3666,3090.0,0.3665,689.0,0.367,2.0,0.3671,2.0
1753533445062,12:37:25.062,CTK/USDT:USDT,0.3669,141.0,0.3668,40.0,0.367,2.0,0.3671,42.0
1753533445164,12:37:25.164,CTK/USDT:USDT,0.3669,147.0,0.3668,40.0,0.367,2.0,0.3671,42.0
1753533445391,12:37:25.391,CTK/USDT:USDT,0.3669,147.0,0.3668,40.0,0.367,2.0,0.3671,42.0
1753533445505,12:37:25.505,CTK/USDT:USDT,0.3669,147.0,0.3668,40.0,0.367,2.0,0.3671,42.0
1753533445619,12:37:25.619,CTK/USDT:USDT,0.3669,147.0,0.3668,709.0,0.367,2.0,0.3671,42.0
1753533445666,12:37:25.666,CTK/USDT:USDT,0.3669,147.0,0.3668,709.0,0.3671,2.0,0.3675,713.0
1753533445801,12:37:25.801,CTK/USDT:USDT,0.3669,141.0,0.3668,709.0,0.3671,2.0,0.3675,3640.0
1753533446197,12:37:26.197,CTK/USDT:USDT,0.3669,141.0,0.3668,709.0,0.3671,2.0,0.3675,3640.0
1753533446610,12:37:26.610,CTK/USDT:USDT,0.3669,141.0,0.3668,709.0,0.3671,2.0,0.3675,3640.0
1753533446808,12:37:26.808,CTK/USDT:USDT,0.3669,141.0,0.3668,709.0,0.3671,2.0,0.3675,3640.0
1753533447063,12:37:27.063,CTK/USDT:USDT,0.367,141.0,0.3669,729.0,0.3671,2.0,0.3672,20.0
1753533447163,12:37:27.163,CTK/USDT:USDT,0.367,147.0,0.3669,729.0,0.3671,2.0,0.3672,20.0
1753533447432,12:37:27.432,CTK/USDT:USDT,0.367,147.0,0.3669,729.0,0.3671,2.0,0.3672,40.0
1753533447781,12:37:27.781,CTK/USDT:USDT,0.367,147.0,0.3669,729.0,0.3671,2.0,0.3672,20.0
1753533450011,12:37:30.011,CTK/USDT:USDT,0.367,147.0,0.3669,3655.0,0.3671,2.0,0.3672,20.0
1753533450022,12:37:30.022,CTK/USDT:USDT,0.367,147.0,0.3669,3655.0,0.3671,2.0,0.3675,3640.0
1753533450127,12:37:30.127,CTK/USDT:USDT,0.367,147.0,0.3669,3655.0,0.3671,2.0,0.3675,3640.0
1753533450374,12:37:30.374,CTK/USDT:USDT,0.367,147.0,0.3669,3655.0,0.3671,2.0,0.3675,3640.0
1753533450762,12:37:30.762,CTK/USDT:USDT,0.367,147.0,0.3669,3655.0,0.3671,2.0,0.3675,3640.0
1753533450870,12:37:30.870,CTK/USDT:USDT,0.367,147.0,0.3669,3655.0,0.3671,2.0,0.3675,3640.0
1753533450971,12:37:30.971,CTK/USDT:USDT,0.367,147.0,0.3669,3655.0,0.3671,2.0,0.3675,3640.0
1753533451091,12:37:31.091,CTK/USDT:USDT,0.367,147.0,0.3669,3655.0,0.3671,2.0,0.3675,3640.0
1753533451210,12:37:31.210,CTK/USDT:USDT,0.367,147.0,0.3669,3655.0,0.3671,2.0,0.3672,20.0
1753533451311,12:37:31.311,CTK/USDT:USDT,0.367,147.0,0.3669,3655.0,0.3671,2.0,0.3672,20.0
1753533451322,12:37:31.322,CTK/USDT:USDT,0.367,147.0,0.3669,3655.0,0.3671,2.0,0.3675,3640.0
1753533451610,12:37:31.610,CTK/USDT:USDT,0.367,147.0,0.3669,3655.0,0.3671,2.0,0.3672,20.0
1753533451710,12:37:31.710,CTK/USDT:USDT,0.367,147.0,0.3669,3655.0,0.3671,2.0,0.3672,20.0
1753533451722,12:37:31.722,CTK/USDT:USDT,0.367,147.0,0.3669,3655.0,0.3671,2.0,0.3675,3640.0
1753533452782,12:37:32.782,CTK/USDT:USDT,0.367,147.0,0.3669,3655.0,0.3671,2.0,0.3675,3640.0
1753533452901,12:37:32.901,CTK/USDT:USDT,0.367,147.0,0.3669,3655.0,0.3671,2.0,0.3675,3640.0
1753533454611,12:37:34.611,CTK/USDT:USDT,0.367,147.0,0.3669,3655.0,0.3671,2.0,0.3672,40.0
1753533454701,12:37:34.701,CTK/USDT:USDT,0.367,147.0,0.3669,3655.0,0.3671,2.0,0.3675,3640.0
1753533454863,12:37:34.863,CTK/USDT:USDT,0.367,147.0,0.3669,3655.0,0.3671,2.0,0.3672,20.0
1753533455002,12:37:35.002,CTK/USDT:USDT,0.367,147.0,0.3669,3655.0,0.3671,2.0,0.3672,20.0
1753533456410,12:37:36.410,CTK/USDT:USDT,0.367,147.0,0.3669,3655.0,0.3671,2.0,0.3675,3640.0
1753533456544,12:37:36.544,CTK/USDT:USDT,0.367,147.0,0.3669,3655.0,0.3671,2.0,0.3672,20.0
1753533456622,12:37:36.622,CTK/USDT:USDT,0.367,147.0,0.3669,3655.0,0.3671,2.0,0.3675,3640.0
1753533456801,12:37:36.801,CTK/USDT:USDT,0.367,147.0,0.3669,3655.0,0.3671,2.0,0.3675,3640.0
1753533457182,12:37:37.182,CTK/USDT:USDT,0.367,147.0,0.3669,3655.0,0.3671,2.0,0.3672,20.0
1753533457549,12:37:37.549,CTK/USDT:USDT,0.367,147.0,0.3669,3655.0,0.3671,2.0,0.3675,3640.0
1753533457671,12:37:37.671,CTK/USDT:USDT,0.367,147.0,0.3669,3655.0,0.3671,2.0,0.3675,3640.0
1753533457771,12:37:37.771,CTK/USDT:USDT,0.367,147.0,0.3669,3655.0,0.3671,2.0,0.3675,3640.0
1753533457891,12:37:37.891,CTK/USDT:USDT,0.367,147.0,0.3669,3655.0,0.3671,2.0,0.3675,3640.0
1753533457971,12:37:37.971,CTK/USDT:USDT,0.367,147.0,0.3669,3635.0,0.3671,2.0,0.3672,40.0
1753533461208,12:37:41.208,CTK/USDT:USDT,0.367,147.0,0.3669,3635.0,0.3671,2.0,0.3672,40.0
1753533461476,12:37:41.476,CTK/USDT:USDT,0.367,147.0,0.3669,3635.0,0.3671,2.0,0.3672,40.0
1753533462490,12:37:42.490,CTK/USDT:USDT,0.367,147.0,0.3669,3655.0,0.3671,2.0,0.3672,40.0
1753533463744,12:37:43.744,CTK/USDT:USDT,0.367,147.0,0.3669,3655.0,0.3671,2.0,0.3672,40.0
1753533463832,12:37:43.832,CTK/USDT:USDT,0.367,147.0,0.3669,3655.0,0.3671,2.0,0.3672,40.0
1753533465250,12:37:45.250,CTK/USDT:USDT,0.367,147.0,0.3669,3655.0,0.3671,2.0,0.3672,40.0
1753533466008,12:37:46.008,CTK/USDT:USDT,0.367,147.0,0.3669,3655.0,0.3671,2.0,0.3672,40.0
1753533469550,12:37:49.550,CTK/USDT:USDT,0.367,147.0,0.3669,3655.0,0.3671,2.0,0.3672,20.0
1753533469625,12:37:49.625,CTK/USDT:USDT,0.367,147.0,0.3669,3655.0,0.3671,2.0,0.3672,40.0
1753533469801,12:37:49.801,CTK/USDT:USDT,0.367,147.0,0.3669,3655.0,0.3671,2.0,0.3672,40.0
1753533469975,12:37:49.975,CTK/USDT:USDT,0.367,147.0,0.3669,3635.0,0.3671,2.0,0.3672,40.0
1753533470808,12:37:50.808,CTK/USDT:USDT,0.367,147.0,0.3669,3635.0,0.3671,2.0,0.3672,40.0
1753533472911,12:37:52.911,CTK/USDT:USDT,0.367,147.0,0.3669,3635.0,0.3671,2.0,0.3672,40.0
1753533473286,12:37:53.286,CTK/USDT:USDT,0.367,147.0,0.3669,3635.0,0.3671,2.0,0.3672,40.0
1753533473801,12:37:53.801,CTK/USDT:USDT,0.367,147.0,0.3669,3635.0,0.3671,2.0,0.3672,40.0
1753533475610,12:37:55.610,CTK/USDT:USDT,0.367,147.0,0.3669,3655.0,0.3671,2.0,0.3672,40.0
1753533480415,12:38:00.415,CTK/USDT:USDT,0.367,147.0,0.3669,3655.0,0.3671,2.0,0.3672,40.0
1753533481725,12:38:01.725,CTK/USDT:USDT,0.367,147.0,0.3669,3655.0,0.3671,2.0,0.3672,40.0
1753533483709,12:38:03.709,CTK/USDT:USDT,0.367,147.0,0.3669,2946.0,0.3671,2.0,0.3672,40.0
1753533483750,12:38:03.750,CTK/USDT:USDT,0.367,6.0,0.3669,2926.0,0.3671,22.0,0.3672,40.0
1753533484013,12:38:04.013,CTK/USDT:USDT,0.367,6.0,0.3669,2926.0,0.3671,22.0,0.3672,40.0
1753533484206,12:38:04.206,CTK/USDT:USDT,0.367,6.0,0.3669,2926.0,0.3671,42.0,0.3672,40.0
1753533484312,12:38:04.312,CTK/USDT:USDT,0.367,6.0,0.3669,2926.0,0.3671,42.0,0.3672,40.0
1753533484322,12:38:04.322,CTK/USDT:USDT,0.367,6.0,0.3669,2926.0,0.3671,22.0,0.3672,40.0
1753533484501,12:38:04.501,CTK/USDT:USDT,0.3669,2926.0,0.3666,1793.0,0.3671,42.0,0.3672,20.0
1753533484597,12:38:04.597,CTK/USDT:USDT,0.3669,2926.0,0.3666,1793.0,0.3671,732.0,0.3672,20.0
1753533484682,12:38:04.682,CTK/USDT:USDT,0.3668,2920.0,0.3666,1083.0,0.3671,732.0,0.3672,20.0
1753533484815,12:38:04.815,CTK/USDT:USDT,0.3669,2.0,0.3668,2920.0,0.3671,752.0,0.3672,20.0
1753533484848,12:38:04.848,CTK/USDT:USDT,0.3669,2.0,0.3668,2920.0,0.3671,752.0,0.3672,20.0
1753533485210,12:38:05.210,CTK/USDT:USDT,0.3669,2.0,0.3668,2920.0,0.3671,752.0,0.3672,20.0
1753533485261,12:38:05.261,CTK/USDT:USDT,0.3669,2.0,0.3667,3080.0,0.3671,752.0,0.3672,20.0
1753533485382,12:38:05.382,CTK/USDT:USDT,0.3668,21.0,0.3667,2920.0,0.3671,752.0,0.3672,20.0
1753533485424,12:38:05.424,CTK/USDT:USDT,0.3668,21.0,0.3667,2920.0,0.3671,752.0,0.3672,20.0
1753533485526,12:38:05.526,CTK/USDT:USDT,0.3668,22.0,0.3667,2920.0,0.3671,752.0,0.3672,20.0
1753533485706,12:38:05.706,CTK/USDT:USDT,0.3668,2.0,0.3667,2920.0,0.3671,752.0,0.3672,20.0
1753533485753,12:38:05.753,CTK/USDT:USDT,0.3668,2.0,0.3666,160.0,0.3671,752.0,0.3672,2940.0
1753533485850,12:38:05.850,CTK/USDT:USDT,0.3666,3080.0,0.3665,689.0,0.3671,758.0,0.3672,2940.0
1753533485979,12:38:05.979,CTK/USDT:USDT,0.3667,2.0,0.3665,3609.0,0.3671,1159.0,0.3672,2940.0
1753533486112,12:38:06.112,CTK/USDT:USDT,0.3666,162.0,0.3665,3609.0,0.3671,1159.0,0.3672,2940.0
1753533486133,12:38:06.133,CTK/USDT:USDT,0.3666,162.0,0.3665,3609.0,0.3671,1159.0,0.3672,2940.0
1753533486924,12:38:06.924,CTK/USDT:USDT,0.3666,162.0,0.3665,3609.0,0.3671,1159.0,0.3672,2940.0
1753533487354,12:38:07.354,CTK/USDT:USDT,0.3666,162.0,0.3665,3609.0,0.3671,1159.0,0.3672,2940.0
1753533488559,12:38:08.559,CTK/USDT:USDT,0.3666,162.0,0.3665,3609.0,0.3671,1159.0,0.3672,2940.0
1753533488659,12:38:08.659,CTK/USDT:USDT,0.3666,162.0,0.3665,3609.0,0.3671,1159.0,0.3672,2940.0
1753533489058,12:38:09.058,CTK/USDT:USDT,0.3666,162.0,0.3665,3609.0,0.3671,1159.0,0.3672,2940.0
1753533489810,12:38:09.810,CTK/USDT:USDT,0.3666,162.0,0.3665,3609.0,0.3671,1159.0,0.3672,2940.0
1753533489912,12:38:09.912,CTK/USDT:USDT,0.3666,162.0,0.3665,3609.0,0.3671,1159.0,0.3672,2940.0
1753533490335,12:38:10.335,CTK/USDT:USDT,0.3666,162.0,0.3665,3609.0,0.3671,1159.0,0.3672,2940.0
1753533490812,12:38:10.812,CTK/USDT:USDT,0.3666,162.0,0.3665,3609.0,0.3671,1159.0,0.3672,2940.0
1753533494365,12:38:14.365,CTK/USDT:USDT,0.3666,162.0,0.3665,689.0,0.3671,1159.0,0.3672,2940.0
1753533494619,12:38:14.619,CTK/USDT:USDT,0.3666,160.0,0.3665,691.0,0.3671,1159.0,0.3672,2940.0
1753533494620,12:38:14.620,CTK/USDT:USDT,0.3666,160.0,0.3665,691.0,0.3671,1159.0,0.3672,2940.0
1753533495609,12:38:15.609,CTK/USDT:USDT,0.3666,160.0,0.3665,691.0,0.3671,1159.0,0.3672,2940.0
1753533495815,12:38:15.815,CTK/USDT:USDT,0.3666,160.0,0.3665,691.0,0.3671,1159.0,0.3672,2940.0
1753533500410,12:38:20.410,CTK/USDT:USDT,0.3666,160.0,0.3665,691.0,0.3671,1159.0,0.3672,2940.0
1753533504445,12:38:24.445,CTK/USDT:USDT,0.3666,160.0,0.3665,691.0,0.3671,1159.0,0.3672,2940.0
1753533504841,12:38:24.841,CTK/USDT:USDT,0.3666,160.0,0.3665,691.0,0.3671,1159.0,0.3672,2940.0
1753533505209,12:38:25.209,CTK/USDT:USDT,0.3666,160.0,0.3665,691.0,0.3671,1159.0,0.3672,2940.0
1753533508909,12:38:28.909,CTK/USDT:USDT,0.3669,141.0,0.3668,141.0,0.3671,449.0,0.3672,2940.0
1753533508983,12:38:28.983,CTK/USDT:USDT,0.3668,141.0,0.3667,141.0,0.3671,449.0,0.3672,2940.0
1753533509094,12:38:29.094,CTK/USDT:USDT,0.3668,141.0,0.3667,141.0,0.3671,449.0,0.3672,2940.0
1753533510011,12:38:30.011,CTK/USDT:USDT,0.3668,141.0,0.3667,141.0,0.3671,449.0,0.3672,2940.0
1753533510311,12:38:30.311,CTK/USDT:USDT,0.3668,141.0,0.3667,141.0,0.3671,449.0,0.3672,2940.0
1753533513314,12:38:33.314,CTK/USDT:USDT,0.3668,141.0,0.3667,141.0,0.3671,449.0,0.3672,2940.0
1753533514471,12:38:34.471,CTK/USDT:USDT,0.3668,141.0,0.3667,141.0,0.3671,449.0,0.3672,2940.0
1753533514810,12:38:34.810,CTK/USDT:USDT,0.3668,141.0,0.3667,141.0,0.3671,449.0,0.3672,2940.0
1753533519609,12:38:39.609,CTK/USDT:USDT,0.3668,141.0,0.3667,141.0,0.3671,449.0,0.3672,2940.0
1753533519632,12:38:39.632,CTK/USDT:USDT,0.3668,141.0,0.3667,141.0,0.3671,449.0,0.3672,2940.0
1753533520206,12:38:40.206,CTK/USDT:USDT,0.3668,141.0,0.3667,141.0,0.3671,449.0,0.3672,2940.0
1753533520594,12:38:40.594,CTK/USDT:USDT,0.3668,141.0,0.3667,141.0,0.3671,449.0,0.3672,2940.0
1753533520791,12:38:40.791,CTK/USDT:USDT,0.3668,141.0,0.3665,691.0,0.367,2959.0,0.3671,409.0
1753533520895,12:38:40.895,CTK/USDT:USDT,0.3668,141.0,0.3667,161.0,0.367,2959.0,0.3671,403.0
1753533520947,12:38:40.947,CTK/USDT:USDT,0.3668,141.0,0.3667,161.0,0.367,2959.0,0.3671,403.0
1753533521027,12:38:41.027,CTK/USDT:USDT,0.3668,141.0,0.3667,161.0,0.367,2959.0,0.3671,403.0
1753533521166,12:38:41.166,CTK/USDT:USDT,0.3668,141.0,0.3667,161.0,0.367,2959.0,0.3671,403.0
1753533524410,12:38:44.410,CTK/USDT:USDT,0.3668,141.0,0.3667,161.0,0.367,2959.0,0.3671,403.0
1753533529211,12:38:49.211,CTK/USDT:USDT,0.3668,141.0,0.3667,161.0,0.367,2959.0,0.3671,403.0
1753533529230,12:38:49.230,CTK/USDT:USDT,0.3668,141.0,0.3667,161.0,0.367,2959.0,0.3671,403.0
1753533530745,12:38:50.745,CTK/USDT:USDT,0.3668,141.0,0.3667,161.0,0.367,2959.0,0.3671,403.0
1753533530855,12:38:50.855,CTK/USDT:USDT,0.3668,141.0,0.3667,161.0,0.367,2959.0,0.3671,403.0
1753533531210,12:38:51.210,CTK/USDT:USDT,0.3668,141.0,0.3667,161.0,0.367,2959.0,0.3671,403.0
1753533531406,12:38:51.406,CTK/USDT:USDT,0.3667,161.0,0.3666,161.0,0.367,2959.0,0.3671,403.0
1753533531447,12:38:51.447,CTK/USDT:USDT,0.3667,161.0,0.3666,161.0,0.3669,46.0,0.367,2919.0
1753533531570,12:38:51.570,CTK/USDT:USDT,0.3666,161.0,0.3664,163.0,0.3669,739.0,0.367,2919.0
1753533531658,12:38:51.658,CTK/USDT:USDT,0.3667,2.0,0.3666,161.0,0.3669,739.0,0.367,2919.0
1753533531750,12:38:51.750,CTK/USDT:USDT,0.3667,2.0,0.3666,161.0,0.3669,733.0,0.367,2919.0
1753533532043,12:38:52.043,CTK/USDT:USDT,0.3667,2.0,0.3666,161.0,0.3669,733.0,0.367,2919.0
1753533532539,12:38:52.539,CTK/USDT:USDT,0.3667,2.0,0.3666,161.0,0.3669,733.0,0.367,2919.0
1753533532653,12:38:52.653,CTK/USDT:USDT,0.3667,2.0,0.3666,161.0,0.3669,733.0,0.367,2919.0
1753533533155,12:38:53.155,CTK/USDT:USDT,0.3667,2.0,0.3666,161.0,0.3669,733.0,0.367,2919.0
1753533534011,12:38:54.011,CTK/USDT:USDT,0.3667,2.0,0.3666,161.0,0.3669,733.0,0.367,2919.0
1753533534211,12:38:54.211,CTK/USDT:USDT,0.3667,2.0,0.3666,161.0,0.3669,20.0,0.367,2919.0
1753533534242,12:38:54.242,CTK/USDT:USDT,0.3667,2.0,0.3666,161.0,0.3669,26.0,0.367,2919.0
1753533534842,12:38:54.842,CTK/USDT:USDT,0.3667,2.0,0.3666,161.0,0.3669,46.0,0.367,2919.0
1753533535908,12:38:55.908,CTK/USDT:USDT,0.3668,141.0,0.3667,2.0,0.3669,46.0,0.3671,4167.0
1753533536016,12:38:56.016,CTK/USDT:USDT,0.3668,141.0,0.3667,183.0,0.367,2964.0,0.3671,4167.0
1753533536071,12:38:56.071,CTK/USDT:USDT,0.3667,161.0,0.3666,161.0,0.367,2958.0,0.3671,1096.0
1753533536342,12:38:56.342,CTK/USDT:USDT,0.3667,161.0,0.3666,161.0,0.367,2958.0,0.3671,1096.0
1753533536485,12:38:56.485,CTK/USDT:USDT,0.3668,2.0,0.3667,161.0,0.3669,46.0,0.367,2918.0
1753533536550,12:38:56.550,CTK/USDT:USDT,0.3668,143.0,0.3667,181.0,0.3669,6.0,0.367,2958.0
1753533537349,12:38:57.349,CTK/USDT:USDT,0.3668,143.0,0.3667,181.0,0.3669,6.0,0.367,2958.0
1753533537461,12:38:57.461,CTK/USDT:USDT,0.3668,143.0,0.3667,161.0,0.3669,6.0,0.367,2958.0
1753533537550,12:38:57.550,CTK/USDT:USDT,0.3668,143.0,0.3667,161.0,0.3669,26.0,0.367,2958.0
1753533537719,12:38:57.719,CTK/USDT:USDT,0.3668,143.0,0.3667,161.0,0.3669,26.0,0.367,2958.0
1753533537790,12:38:57.790,CTK/USDT:USDT,0.3668,143.0,0.3667,181.0,0.3669,6.0,0.367,40.0
1753533537826,12:38:57.826,CTK/USDT:USDT,0.3668,143.0,0.3667,181.0,0.367,46.0,0.3671,4014.0
1753533537925,12:38:57.925,CTK/USDT:USDT,0.3668,141.0,0.3667,181.0,0.367,46.0,0.3671,4014.0
1753533538113,12:38:58.113,CTK/USDT:USDT,0.3668,141.0,0.3667,181.0,0.367,46.0,0.3671,4014.0
1753533538810,12:38:58.810,CTK/USDT:USDT,0.3668,141.0,0.3667,181.0,0.367,46.0,0.3671,4014.0
1753533538883,12:38:58.883,CTK/USDT:USDT,0.3668,141.0,0.3667,181.0,0.367,46.0,0.3671,4014.0
1753533538927,12:38:58.927,CTK/USDT:USDT,0.3668,141.0,0.3667,181.0,0.367,46.0,0.3671,4014.0
1753533540378,12:39:00.378,CTK/USDT:USDT,0.3668,141.0,0.3667,181.0,0.367,46.0,0.3671,4014.0
1753533540544,12:39:00.544,CTK/USDT:USDT,0.3668,141.0,0.3667,181.0,0.367,46.0,0.3671,4014.0
1753533541943,12:39:01.943,CTK/USDT:USDT,0.3668,141.0,0.3667,181.0,0.367,46.0,0.3671,4014.0
1753533543610,12:39:03.610,CTK/USDT:USDT,0.3668,141.0,0.3667,181.0,0.367,46.0,0.3671,4014.0
1753533544189,12:39:04.189,CTK/USDT:USDT,0.3668,141.0,0.3667,181.0,0.367,46.0,0.3671,4014.0
1753533547751,12:39:07.751,CTK/USDT:USDT,0.3668,141.0,0.3667,181.0,0.367,46.0,0.3671,4014.0
1753533548411,12:39:08.411,CTK/USDT:USDT,0.3668,141.0,0.3667,181.0,0.367,46.0,0.3671,4014.0
1753533548501,12:39:08.501,CTK/USDT:USDT,0.3668,161.0,0.3667,859.0,0.367,26.0,0.3671,2.0
1753533548587,12:39:08.587,CTK/USDT:USDT,0.367,141.0,0.3669,141.0,0.3671,28.0,0.3672,3472.0
1753533548680,12:39:08.680,CTK/USDT:USDT,0.367,143.0,0.3668,160.0,0.3671,28.0,0.3672,3318.0
1753533548813,12:39:08.813,CTK/USDT:USDT,0.367,141.0,0.3669,162.0,0.3671,28.0,0.3672,401.0
1753533549008,12:39:09.008,CTK/USDT:USDT,0.367,141.0,0.3669,162.0,0.3671,28.0,0.3672,401.0
1753533549297,12:39:09.297,CTK/USDT:USDT,0.367,141.0,0.3669,162.0,0.3671,28.0,0.3672,401.0
1753533549561,12:39:09.561,CTK/USDT:USDT,0.367,141.0,0.3669,162.0,0.3671,8.0,0.3672,421.0
1753533549810,12:39:09.810,CTK/USDT:USDT,0.367,141.0,0.3669,162.0,0.3671,28.0,0.3672,401.0
1753533549926,12:39:09.926,CTK/USDT:USDT,0.367,141.0,0.3669,162.0,0.3671,28.0,0.3672,401.0
1753533551710,12:39:11.710,CTK/USDT:USDT,0.367,141.0,0.3669,162.0,0.3671,28.0,0.3672,401.0
1753533551811,12:39:11.811,CTK/USDT:USDT,0.367,141.0,0.3669,162.0,0.3671,48.0,0.3672,401.0
1753533552052,12:39:12.052,CTK/USDT:USDT,0.367,141.0,0.3669,162.0,0.3671,48.0,0.3672,401.0
1753533553210,12:39:13.210,CTK/USDT:USDT,0.367,141.0,0.3669,162.0,0.3671,48.0,0.3672,401.0
1753533555451,12:39:15.451,CTK/USDT:USDT,0.367,141.0,0.3669,162.0,0.3671,48.0,0.3672,401.0
1753533558010,12:39:18.010,CTK/USDT:USDT,0.367,141.0,0.3669,162.0,0.3671,48.0,0.3672,401.0
1753533560846,12:39:20.846,CTK/USDT:USDT,0.367,141.0,0.3669,162.0,0.3671,48.0,0.3672,401.0
1753533562810,12:39:22.810,CTK/USDT:USDT,0.367,141.0,0.3669,162.0,0.3671,48.0,0.3672,401.0
1753533564956,12:39:24.956,CTK/USDT:USDT,0.367,141.0,0.3669,162.0,0.3671,28.0,0.3672,401.0
1753533565111,12:39:25.111,CTK/USDT:USDT,0.367,141.0,0.3669,162.0,0.3671,28.0,0.3672,401.0
1753533567412,12:39:27.412,CTK/USDT:USDT,0.367,141.0,0.3669,162.0,0.3671,28.0,0.3672,401.0
1753533567423,12:39:27.423,CTK/USDT:USDT,0.367,141.0,0.3669,162.0,0.3671,48.0,0.3672,401.0
1753533567610,12:39:27.610,CTK/USDT:USDT,0.367,141.0,0.3669,162.0,0.3671,48.0,0.3672,401.0
1753533567791,12:39:27.791,CTK/USDT:USDT,0.367,141.0,0.3669,162.0,0.3671,48.0,0.3672,401.0
1753533569054,12:39:29.054,CTK/USDT:USDT,0.367,141.0,0.3669,162.0,0.3671,48.0,0.3672,401.0
1753533572410,12:39:32.410,CTK/USDT:USDT,0.367,141.0,0.3669,162.0,0.3671,48.0,0.3672,401.0
1753533572495,12:39:32.495,CTK/USDT:USDT,0.367,141.0,0.3669,162.0,0.3671,46.0,0.3672,401.0
1753533573800,12:39:33.800,CTK/USDT:USDT,0.367,141.0,0.3669,162.0,0.3671,46.0,0.3672,401.0
1753533574512,12:39:34.512,CTK/USDT:USDT,0.3671,494.0,0.367,141.0,0.3672,401.0,0.3673,8556.0
1753533574607,12:39:34.607,CTK/USDT:USDT,0.3671,494.0,0.367,141.0,0.3672,26.0,0.3673,401.0
1753533574678,12:39:34.678,CTK/USDT:USDT,0.3671,821.0,0.367,141.0,0.3672,20.0,0.3673,401.0
1753533574785,12:39:34.785,CTK/USDT:USDT,0.3671,821.0,0.367,141.0,0.3672,20.0,0.3673,401.0
1753533574914,12:39:34.914,CTK/USDT:USDT,0.3671,1366.0,0.367,141.0,0.3673,401.0,0.3674,12163.0
1753533574991,12:39:34.991,CTK/USDT:USDT,0.3671,1386.0,0.367,141.0,0.3673,40.0,0.3674,4008.0
1753533575201,12:39:35.201,CTK/USDT:USDT,0.3671,1386.0,0.367,141.0,0.3673,40.0,0.3674,4008.0
1753533575379,12:39:35.379,CTK/USDT:USDT,0.3671,872.0,0.367,141.0,0.3673,40.0,0.3674,4008.0
1753533575923,12:39:35.923,CTK/USDT:USDT,0.3671,327.0,0.367,141.0,0.3673,40.0,0.3674,4008.0
1753533576426,12:39:36.426,CTK/USDT:USDT,0.3671,327.0,0.367,141.0,0.3673,40.0,0.3674,4008.0
1753533577211,12:39:37.211,CTK/USDT:USDT,0.3671,327.0,0.367,141.0,0.3673,40.0,0.3674,4008.0
1753533577537,12:39:37.537,CTK/USDT:USDT,0.3671,327.0,0.367,141.0,0.3673,40.0,0.3674,4008.0
1753533578316,12:39:38.316,CTK/USDT:USDT,0.367,141.0,0.3669,160.0,0.3673,40.0,0.3674,4008.0
1753533578369,12:39:38.369,CTK/USDT:USDT,0.3671,141.0,0.367,147.0,0.3673,40.0,0.3674,4008.0
1753533578459,12:39:38.459,CTK/USDT:USDT,0.3671,141.0,0.367,147.0,0.3673,40.0,0.3674,4008.0
1753533582011,12:39:42.011,CTK/USDT:USDT,0.3671,141.0,0.367,147.0,0.3673,40.0,0.3674,4008.0
1753533582489,12:39:42.489,CTK/USDT:USDT,0.3671,141.0,0.367,147.0,0.3673,441.0,0.3674,3607.0
1753533583160,12:39:43.160,CTK/USDT:USDT,0.3671,141.0,0.367,147.0,0.3673,441.0,0.3674,3607.0
1753533583500,12:39:43.500,CTK/USDT:USDT,0.3671,141.0,0.367,147.0,0.3673,441.0,0.3674,3607.0
1753533585814,12:39:45.814,CTK/USDT:USDT,0.3665,693.0,0.3664,1936.0,0.3672,3603.0,0.3674,1773.0
1753533585915,12:39:45.915,CTK/USDT:USDT,0.3669,141.0,0.3668,141.0,0.3671,2919.0,0.3672,690.0
1753533586019,12:39:46.019,CTK/USDT:USDT,0.3669,2.0,0.3667,160.0,0.3671,2953.0,0.3672,690.0
1753533586103,12:39:46.103,CTK/USDT:USDT,0.3667,160.0,0.3666,162.0,0.3671,2953.0,0.3672,690.0
1753533586210,12:39:46.210,CTK/USDT:USDT,0.3669,141.0,0.3668,141.0,0.367,6.0,0.3671,2953.0
1753533586315,12:39:46.315,CTK/USDT:USDT,0.3669,141.0,0.3667,160.0,0.367,46.0,0.3671,2953.0
1753533586418,12:39:46.418,CTK/USDT:USDT,0.3669,141.0,0.3668,180.0,0.367,6.0,0.3671,2953.0
1753533586517,12:39:46.517,CTK/USDT:USDT,0.3669,141.0,0.3668,160.0,0.367,26.0,0.3671,2953.0
1753533586713,12:39:46.713,CTK/USDT:USDT,0.3668,160.0,0.3666,2.0,0.367,46.0,0.3671,2933.0
1753533586783,12:39:46.783,CTK/USDT:USDT,0.3668,160.0,0.3667,160.0,0.367,46.0,0.3671,2933.0
1753533586860,12:39:46.860,CTK/USDT:USDT,0.3668,162.0,0.3667,160.0,0.367,46.0,0.3671,2933.0
1753533586941,12:39:46.941,CTK/USDT:USDT,0.3668,162.0,0.3667,160.0,0.367,46.0,0.3671,2933.0
1753533587082,12:39:47.082,CTK/USDT:USDT,0.3668,162.0,0.3667,160.0,0.367,46.0,0.3671,2933.0
1753533588411,12:39:48.411,CTK/USDT:USDT,0.3668,162.0,0.3667,160.0,0.367,46.0,0.3671,2933.0
1753533589403,12:39:49.403,CTK/USDT:USDT,0.3666,141.0,0.3665,141.0,0.3669,2933.0,0.367,702.0
1753533589506,12:39:49.506,CTK/USDT:USDT,0.3666,141.0,0.3664,854.0,0.3668,46.0,0.367,3609.0
1753533589570,12:39:49.570,CTK/USDT:USDT,0.3667,141.0,0.3664,854.0,0.3669,46.0,0.367,3609.0
1753533589786,12:39:49.786,CTK/USDT:USDT,0.3667,141.0,0.3664,854.0,0.3669,46.0,0.367,3609.0
1753533589990,12:39:49.990,CTK/USDT:USDT,0.3667,141.0,0.3664,854.0,0.3669,46.0,0.367,3609.0
1753533590300,12:39:50.300,CTK/USDT:USDT,0.3667,141.0,0.3664,854.0,0.3669,46.0,0.367,3609.0
1753533592078,12:39:52.078,CTK/USDT:USDT,0.3667,141.0,0.3664,854.0,0.3669,46.0,0.367,3609.0
1753533592213,12:39:52.213,CTK/USDT:USDT,0.3667,141.0,0.3664,854.0,0.3669,46.0,0.367,3609.0
1753533593211,12:39:53.211,CTK/USDT:USDT,0.3667,141.0,0.3664,854.0,0.3669,46.0,0.367,3609.0
1753533593281,12:39:53.281,CTK/USDT:USDT,0.3664,854.0,0.3662,1766.0,0.3669,742.0,0.367,3609.0
1753533593439,12:39:53.439,CTK/USDT:USDT,0.3664,854.0,0.3662,1926.0,0.3669,742.0,0.367,3609.0
1753533595910,12:39:55.910,CTK/USDT:USDT,0.3664,854.0,0.3662,1926.0,0.3669,742.0,0.367,3609.0
1753533596268,12:39:56.268,CTK/USDT:USDT,0.3664,854.0,0.3662,1926.0,0.3669,742.0,0.367,3609.0
1753533596982,12:39:56.982,CTK/USDT:USDT,0.3664,854.0,0.3662,1926.0,0.3669,742.0,0.367,3609.0
1753533598012,12:39:58.012,CTK/USDT:USDT,0.3664,854.0,0.3662,1926.0,0.3669,742.0,0.367,3609.0
1753533598793,12:39:58.793,CTK/USDT:USDT,0.3664,854.0,0.3662,1926.0,0.3669,742.0,0.367,3609.0
1753533598856,12:39:58.856,CTK/USDT:USDT,0.3664,854.0,0.3662,1926.0,0.3669,742.0,0.367,3609.0
1753533599221,12:39:59.221,CTK/USDT:USDT,0.3664,854.0,0.3662,1926.0,0.3669,742.0,0.367,3609.0
1753533599891,12:39:59.891,CTK/USDT:USDT,0.3664,854.0,0.3662,1926.0,0.3669,742.0,0.367,3609.0
1753533600418,12:40:00.418,CTK/USDT:USDT,0.3664,854.0,0.3662,1926.0,0.3669,46.0,0.367,3609.0
1753533600452,12:40:00.452,CTK/USDT:USDT,0.3664,854.0,0.3662,1926.0,0.3669,46.0,0.367,3609.0
1753533602205,12:40:02.205,CTK/USDT:USDT,0.3664,854.0,0.3662,1926.0,0.3669,447.0,0.367,3609.0
1753533602704,12:40:02.704,CTK/USDT:USDT,0.3665,705.0,0.3664,693.0,0.3669,447.0,0.367,2913.0
1753533602811,12:40:02.811,CTK/USDT:USDT,0.3666,160.0,0.3665,705.0,0.3669,46.0,0.367,2913.0
1753533602862,12:40:02.862,CTK/USDT:USDT,0.3668,141.0,0.3666,160.0,0.3669,26.0,0.367,2932.0
1753533602952,12:40:02.952,CTK/USDT:USDT,0.3666,160.0,0.3665,705.0,0.3669,45.0,0.367,2932.0
1753533603118,12:40:03.118,CTK/USDT:USDT,0.3668,141.0,0.3666,160.0,0.3669,26.0,0.367,19.0
1753533603178,12:40:03.178,CTK/USDT:USDT,0.3668,141.0,0.3666,160.0,0.367,44.0,0.3671,3472.0
1753533603249,12:40:03.249,CTK/USDT:USDT,0.3668,141.0,0.3666,160.0,0.367,44.0,0.3671,401.0
1753533603570,12:40:03.570,CTK/USDT:USDT,0.3668,141.0,0.3666,160.0,0.367,44.0,0.3671,401.0
1753533603772,12:40:03.772,CTK/USDT:USDT,0.3668,141.0,0.3666,160.0,0.367,44.0,0.3671,401.0
1753533604108,12:40:04.108,CTK/USDT:USDT,0.3668,141.0,0.3666,160.0,0.367,44.0,0.3671,401.0
1753533604682,12:40:04.682,CTK/USDT:USDT,0.3668,141.0,0.3666,160.0,0.367,44.0,0.3671,401.0
1753533604790,12:40:04.790,CTK/USDT:USDT,0.3668,141.0,0.3666,160.0,0.367,44.0,0.3671,401.0
1753533605893,12:40:05.893,CTK/USDT:USDT,0.3668,141.0,0.3666,160.0,0.367,44.0,0.3671,401.0
1753533606447,12:40:06.447,CTK/USDT:USDT,0.3668,141.0,0.3666,160.0,0.367,44.0,0.3671,401.0
1753533607086,12:40:07.086,CTK/USDT:USDT,0.3668,141.0,0.3666,160.0,0.367,44.0,0.3671,401.0
1753533607613,12:40:07.613,CTK/USDT:USDT,0.3668,141.0,0.3666,160.0,0.367,44.0,0.3671,401.0
1753533608026,12:40:08.026,CTK/USDT:USDT,0.3668,141.0,0.3666,160.0,0.367,44.0,0.3671,401.0
1753533609255,12:40:09.255,CTK/USDT:USDT,0.3666,160.0,0.3664,854.0,0.367,749.0,0.3671,401.0
1753533609634,12:40:09.634,CTK/USDT:USDT,0.3666,160.0,0.3664,854.0,0.367,749.0,0.3671,401.0
1753533612411,12:40:12.411,CTK/USDT:USDT,0.3666,160.0,0.3664,854.0,0.367,749.0,0.3671,401.0
1753533612883,12:40:12.883,CTK/USDT:USDT,0.3666,160.0,0.3664,854.0,0.367,749.0,0.3671,401.0
1753533612957,12:40:12.957,CTK/USDT:USDT,0.3666,160.0,0.3665,687.0,0.367,749.0,0.3671,401.0
1753533614346,12:40:14.346,CTK/USDT:USDT,0.3666,160.0,0.3665,687.0,0.367,1150.0,0.3672,7759.0
1753533614463,12:40:14.463,CTK/USDT:USDT,0.3666,160.0,0.3665,687.0,0.367,1150.0,0.3672,7759.0
1753533614593,12:40:14.593,CTK/USDT:USDT,0.3666,160.0,0.3665,687.0,0.367,1150.0,0.3672,7759.0
1753533614944,12:40:14.944,CTK/USDT:USDT,0.3666,160.0,0.3665,687.0,0.367,1150.0,0.3672,7759.0
1753533617109,12:40:17.109,CTK/USDT:USDT,0.3667,141.0,0.3666,160.0,0.367,445.0,0.3672,7759.0
1753533617211,12:40:17.211,CTK/USDT:USDT,0.3667,141.0,0.3665,687.0,0.367,445.0,0.3671,687.0
1753533622011,12:40:22.011,CTK/USDT:USDT,0.3667,141.0,0.3665,687.0,0.367,445.0,0.3671,687.0
1753533625208,12:40:25.208,CTK/USDT:USDT,0.3669,141.0,0.3668,141.0,0.367,445.0,0.3671,687.0
1753533625316,12:40:25.316,CTK/USDT:USDT,0.3669,141.0,0.3667,161.0,0.367,445.0,0.3671,706.0
1753533625895,12:40:25.895,CTK/USDT:USDT,0.3667,161.0,0.3665,687.0,0.367,445.0,0.3671,706.0
1753533625923,12:40:25.923,CTK/USDT:USDT,0.3667,161.0,0.3665,687.0,0.367,445.0,0.3671,706.0
1753533626131,12:40:26.131,CTK/USDT:USDT,0.3667,180.0,0.3665,687.0,0.367,445.0,0.3671,706.0
1753533626811,12:40:26.811,CTK/USDT:USDT,0.3667,180.0,0.3665,687.0,0.367,445.0,0.3671,706.0
1753533626949,12:40:26.949,CTK/USDT:USDT,0.3667,180.0,0.3665,687.0,0.367,445.0,0.3671,706.0
1753533630297,12:40:30.297,CTK/USDT:USDT,0.3667,180.0,0.3665,687.0,0.367,445.0,0.3671,706.0
1753533630652,12:40:30.652,CTK/USDT:USDT,0.3667,180.0,0.3665,687.0,0.367,445.0,0.3671,706.0
1753533631611,12:40:31.611,CTK/USDT:USDT,0.3667,180.0,0.3665,687.0,0.367,445.0,0.3671,706.0
1753533633377,12:40:33.377,CTK/USDT:USDT,0.3667,180.0,0.3665,687.0,0.367,445.0,0.3671,706.0
1753533633794,12:40:33.794,CTK/USDT:USDT,0.3667,180.0,0.3665,687.0,0.367,445.0,0.3671,706.0
1753533636412,12:40:36.412,CTK/USDT:USDT,0.3667,180.0,0.3665,687.0,0.367,445.0,0.3671,706.0
1753533637558,12:40:37.558,CTK/USDT:USDT,0.3667,161.0,0.3665,687.0,0.367,445.0,0.3671,706.0
1753533638747,12:40:38.747,CTK/USDT:USDT,0.3667,161.0,0.3665,687.0,0.367,445.0,0.3671,706.0
1753533639960,12:40:39.960,CTK/USDT:USDT,0.3667,161.0,0.3665,687.0,0.367,445.0,0.3671,706.0
1753533640049,12:40:40.049,CTK/USDT:USDT,0.3667,161.0,0.3665,687.0,0.367,445.0,0.3671,706.0
1753533641213,12:40:41.213,CTK/USDT:USDT,0.3667,161.0,0.3665,687.0,0.367,445.0,0.3671,706.0
1753533643308,12:40:43.308,CTK/USDT:USDT,0.3667,161.0,0.3665,687.0,0.367,445.0,0.3671,706.0
1753533646012,12:40:46.012,CTK/USDT:USDT,0.3667,161.0,0.3665,687.0,0.367,445.0,0.3671,706.0
1753533646045,12:40:46.045,CTK/USDT:USDT,0.3667,161.0,0.3665,687.0,0.367,445.0,0.3671,706.0
1753533646457,12:40:46.457,CTK/USDT:USDT,0.3667,161.0,0.3665,687.0,0.367,445.0,0.3671,706.0
1753533646848,12:40:46.848,CTK/USDT:USDT,0.3667,161.0,0.3665,687.0,0.367,445.0,0.3671,706.0
1753533648210,12:40:48.210,CTK/USDT:USDT,0.3667,161.0,0.3665,687.0,0.367,445.0,0.3671,706.0
1753533650813,12:40:50.813,CTK/USDT:USDT,0.3667,161.0,0.3665,687.0,0.367,445.0,0.3671,706.0
1753533650832,12:40:50.832,CTK/USDT:USDT,0.3667,161.0,0.3665,687.0,0.367,445.0,0.3671,706.0
1753533651599,12:40:51.599,CTK/USDT:USDT,0.3667,161.0,0.3665,687.0,0.367,445.0,0.3671,706.0
1753533651650,12:40:51.650,CTK/USDT:USDT,0.3667,161.0,0.3665,687.0,0.367,445.0,0.3671,706.0
1753533653262,12:40:53.262,CTK/USDT:USDT,0.3667,161.0,0.3665,687.0,0.367,445.0,0.3671,706.0
1753533654211,12:40:54.211,CTK/USDT:USDT,0.3664,854.0,0.3662,1766.0,0.3669,691.0,0.367,6.0
1753533654303,12:40:54.303,CTK/USDT:USDT,0.3664,161.0,0.3663,691.0,0.3668,6.0,0.3669,691.0
1753533654409,12:40:54.409,CTK/USDT:USDT,0.3666,141.0,0.3664,161.0,0.3669,2914.0,0.3671,687.0
1753533654461,12:40:54.461,CTK/USDT:USDT,0.3666,141.0,0.3664,161.0,0.3668,44.0,0.3669,2914.0
1753533654775,12:40:54.775,CTK/USDT:USDT,0.3666,141.0,0.3664,161.0,0.3668,44.0,0.3669,2914.0
1753533654929,12:40:54.929,CTK/USDT:USDT,0.3666,141.0,0.3664,161.0,0.3668,44.0,0.3669,2914.0
1753533655096,12:40:55.096,CTK/USDT:USDT,0.3666,141.0,0.3664,161.0,0.3668,44.0,0.3669,2914.0
1753533655613,12:40:55.613,CTK/USDT:USDT,0.3666,141.0,0.3664,161.0,0.3668,44.0,0.3669,2914.0
1753533655965,12:40:55.965,CTK/USDT:USDT,0.3666,141.0,0.3664,161.0,0.3668,44.0,0.3669,2914.0
1753533656703,12:40:56.703,CTK/USDT:USDT,0.3664,161.0,0.3663,691.0,0.3668,44.0,0.3669,2914.0
1753533656782,12:40:56.782,CTK/USDT:USDT,0.3664,161.0,0.3663,691.0,0.3668,44.0,0.3669,2914.0
1753533659014,12:40:59.014,CTK/USDT:USDT,0.3664,161.0,0.3663,691.0,0.3668,44.0,0.3669,2914.0
1753533659582,12:40:59.582,CTK/USDT:USDT,0.3664,161.0,0.3663,691.0,0.3668,44.0,0.3669,2914.0
1753533659906,12:40:59.906,CTK/USDT:USDT,0.3664,161.0,0.3663,691.0,0.3668,44.0,0.3669,2914.0
1753533659972,12:40:59.972,CTK/USDT:USDT,0.3664,161.0,0.3663,691.0,0.3668,44.0,0.3669,2914.0
1753533660173,12:41:00.173,CTK/USDT:USDT,0.3666,141.0,0.3663,691.0,0.3668,25.0,0.3669,2914.0
1753533660312,12:41:00.312,CTK/USDT:USDT,0.3666,141.0,0.3664,161.0,0.3668,44.0,0.3669,2914.0
1753533660413,12:41:00.413,CTK/USDT:USDT,0.3666,141.0,0.3664,161.0,0.3668,44.0,0.3669,2914.0
1753533661062,12:41:01.062,CTK/USDT:USDT,0.3666,179.0,0.3664,161.0,0.3668,6.0,0.3671,3601.0
1753533661146,12:41:01.146,CTK/USDT:USDT,0.3667,141.0,0.3666,38.0,0.367,726.0,0.3671,3601.0
1753533661233,12:41:01.233,CTK/USDT:USDT,0.3667,141.0,0.3666,38.0,0.367,726.0,0.3671,3601.0
1753533661813,12:41:01.813,CTK/USDT:USDT,0.3667,141.0,0.3666,38.0,0.367,726.0,0.3671,3601.0
1753533662085,12:41:02.085,CTK/USDT:USDT,0.3667,141.0,0.3666,38.0,0.367,745.0,0.3671,3601.0
1753533662177,12:41:02.177,CTK/USDT:USDT,0.3667,141.0,0.3666,38.0,0.367,745.0,0.3671,3601.0
1753533662417,12:41:02.417,CTK/USDT:USDT,0.3664,161.0,0.3663,691.0,0.3669,701.0,0.367,707.0
1753533662451,12:41:02.451,CTK/USDT:USDT,0.3664,161.0,0.3663,691.0,0.3668,6.0,0.3669,701.0
1753533662565,12:41:02.565,CTK/USDT:USDT,0.3664,161.0,0.3663,691.0,0.3668,6.0,0.3669,701.0
1753533663209,12:41:03.209,CTK/USDT:USDT,0.3665,141.0,0.3664,161.0,0.3668,6.0,0.3669,701.0
1753533663268,12:41:03.268,CTK/USDT:USDT,0.3665,19.0,0.3663,852.0,0.3668,44.0,0.3669,701.0
1753533663351,12:41:03.351,CTK/USDT:USDT,0.3665,19.0,0.3663,852.0,0.3668,44.0,0.3669,701.0
1753533663685,12:41:03.685,CTK/USDT:USDT,0.3665,19.0,0.3663,852.0,0.3668,44.0,0.367,701.0
1753533663727,12:41:03.727,CTK/USDT:USDT,0.3665,19.0,0.3663,852.0,0.3668,38.0,0.3669,6.0
1753533664085,12:41:04.085,CTK/USDT:USDT,0.3665,19.0,0.3663,852.0,0.3668,38.0,0.3669,6.0
1753533665007,12:41:05.007,CTK/USDT:USDT,0.3666,141.0,0.3665,19.0,0.3669,25.0,0.367,701.0
1753533665029,12:41:05.029,CTK/USDT:USDT,0.3666,141.0,0.3665,19.0,0.3669,44.0,0.367,1102.0
1753533665212,12:41:05.212,CTK/USDT:USDT,0.3666,141.0,0.3665,19.0,0.3669,745.0,0.367,1102.0
1753533667113,12:41:07.113,CTK/USDT:USDT,0.3664,141.0,0.3663,19.0,0.3667,701.0,0.3668,3615.0
1753533667203,12:41:07.203,CTK/USDT:USDT,0.3663,19.0,0.3661,871.0,0.3666,726.0,0.3667,720.0
1753533667316,12:41:07.316,CTK/USDT:USDT,0.3663,19.0,0.3661,871.0,0.3666,726.0,0.3667,720.0
1753533667412,12:41:07.412,CTK/USDT:USDT,0.3663,19.0,0.3661,871.0,0.3666,726.0,0.3667,1121.0
1753533667498,12:41:07.498,CTK/USDT:USDT,0.3663,19.0,0.3661,871.0,0.3666,726.0,0.3667,1121.0
1753533667554,12:41:07.554,CTK/USDT:USDT,0.3663,19.0,0.3661,871.0,0.3666,726.0,0.3667,1121.0
1753533667982,12:41:07.982,CTK/USDT:USDT,0.3663,19.0,0.3661,871.0,0.3666,726.0,0.3667,1121.0
1753533670013,12:41:10.013,CTK/USDT:USDT,0.3663,19.0,0.3661,871.0,0.3666,726.0,0.3667,1121.0
1753533671184,12:41:11.184,CTK/USDT:USDT,0.3663,19.0,0.3661,871.0,0.3666,726.0,0.3667,1121.0
1753533671310,12:41:11.310,CTK/USDT:USDT,0.3661,161.0,0.366,709.0,0.3665,720.0,0.3666,745.0
1753533671414,12:41:11.414,CTK/USDT:USDT,0.3659,867.0,0.3658,712.0,0.3664,3648.0,0.3665,720.0
1753533671472,12:41:11.472,CTK/USDT:USDT,0.3659,867.0,0.3658,712.0,0.3664,3648.0,0.3665,720.0
1753533671791,12:41:11.791,CTK/USDT:USDT,0.3657,1.0,0.3655,715.0,0.3661,2946.0,0.3662,701.0
1753533671898,12:41:11.898,CTK/USDT:USDT,0.3657,1.0,0.3655,715.0,0.366,6.0,0.3661,2965.0
1753533671960,12:41:11.960,CTK/USDT:USDT,0.3657,1.0,0.3655,715.0,0.366,6.0,0.3661,2965.0
1753533672111,12:41:12.111,CTK/USDT:USDT,0.3657,1.0,0.3656,19.0,0.366,6.0,0.3661,2965.0
1753533672205,12:41:12.205,CTK/USDT:USDT,0.3657,1.0,0.3656,19.0,0.366,6.0,0.3661,2965.0
1753533672262,12:41:12.262,CTK/USDT:USDT,0.3657,1.0,0.3656,19.0,0.366,6.0,0.3661,2965.0
1753533672444,12:41:12.444,CTK/USDT:USDT,0.3657,1.0,0.3656,19.0,0.366,6.0,0.3661,2965.0
1753533672535,12:41:12.535,CTK/USDT:USDT,0.3657,1.0,0.3656,19.0,0.366,6.0,0.3661,2965.0
1753533673108,12:41:13.108,CTK/USDT:USDT,0.3657,1.0,0.3656,19.0,0.366,6.0,0.3661,2965.0
1753533673504,12:41:13.504,CTK/USDT:USDT,0.3658,141.0,0.3657,1.0,0.366,6.0,0.3661,2965.0
1753533673617,12:41:13.617,CTK/USDT:USDT,0.3659,141.0,0.3657,702.0,0.366,6.0,0.3661,2965.0
1753533673711,12:41:13.711,CTK/USDT:USDT,0.3659,141.0,0.3657,864.0,0.366,6.0,0.3661,2965.0
1753533673730,12:41:13.730,CTK/USDT:USDT,0.3659,141.0,0.3657,864.0,0.366,6.0,0.3661,2965.0
1753533673879,12:41:13.879,CTK/USDT:USDT,0.3659,141.0,0.3657,864.0,0.366,6.0,0.3661,2965.0
1753533674001,12:41:14.001,CTK/USDT:USDT,0.3659,141.0,0.3658,38.0,0.366,6.0,0.3661,38.0
1753533674026,12:41:14.026,CTK/USDT:USDT,0.3659,141.0,0.3658,38.0,0.3661,38.0,0.3662,6.0
1753533674293,12:41:14.293,CTK/USDT:USDT,0.3659,141.0,0.3658,38.0,0.3661,38.0,0.3662,6.0
1753533674349,12:41:14.349,CTK/USDT:USDT,0.3659,141.0,0.3658,38.0,0.3661,38.0,0.3662,6.0
1753533675054,12:41:15.054,CTK/USDT:USDT,0.3659,141.0,0.3658,19.0,0.3661,38.0,0.3662,6.0
1753533675510,12:41:15.510,CTK/USDT:USDT,0.3659,141.0,0.3658,19.0,0.3661,38.0,0.3662,6.0
1753533676189,12:41:16.189,CTK/USDT:USDT,0.3659,141.0,0.3658,38.0,0.3661,38.0,0.3662,6.0
1753533676494,12:41:16.494,CTK/USDT:USDT,0.3659,141.0,0.3658,38.0,0.3661,38.0,0.3662,6.0
1753533677527,12:41:17.527,CTK/USDT:USDT,0.3659,141.0,0.3658,38.0,0.3661,38.0,0.3662,6.0
1753533677909,12:41:17.909,CTK/USDT:USDT,0.3659,141.0,0.3658,38.0,0.3661,38.0,0.3662,6.0
1753533677993,12:41:17.993,CTK/USDT:USDT,0.366,141.0,0.3658,200.0,0.3662,25.0,0.3663,3650.0
1753533678027,12:41:18.027,CTK/USDT:USDT,0.366,141.0,0.3658,200.0,0.3662,445.0,0.3663,3650.0
1753533678125,12:41:18.125,CTK/USDT:USDT,0.366,141.0,0.3658,200.0,0.3662,439.0,0.3663,3650.0
1753533678251,12:41:18.251,CTK/USDT:USDT,0.366,141.0,0.3658,200.0,0.3662,420.0,0.3663,3650.0
1753533678335,12:41:18.335,CTK/USDT:USDT,0.366,141.0,0.3658,200.0,0.3662,439.0,0.3663,3650.0
1753533680560,12:41:20.560,CTK/USDT:USDT,0.366,141.0,0.3658,200.0,0.3662,439.0,0.3663,3650.0
1753533680757,12:41:20.757,CTK/USDT:USDT,0.366,141.0,0.3658,200.0,0.3662,439.0,0.3663,3650.0
1753533680823,12:41:20.823,CTK/USDT:USDT,0.366,141.0,0.3658,181.0,0.3662,439.0,0.3663,3650.0
1753533681301,12:41:21.301,CTK/USDT:USDT,0.366,141.0,0.3658,181.0,0.3662,19.0,0.3663,3650.0
1753533681328,12:41:21.328,CTK/USDT:USDT,0.366,141.0,0.3658,181.0,0.3662,44.0,0.3663,3650.0
1753533681609,12:41:21.609,CTK/USDT:USDT,0.366,141.0,0.3658,181.0,0.3662,25.0,0.3663,3650.0
1753533683429,12:41:23.429,CTK/USDT:USDT,0.366,141.0,0.3658,181.0,0.3662,25.0,0.3663,3650.0
1753533684042,12:41:24.042,CTK/USDT:USDT,0.366,141.0,0.3658,162.0,0.3662,25.0,0.3663,3650.0
1753533684702,12:41:24.702,CTK/USDT:USDT,0.366,141.0,0.3658,162.0,0.3662,6.0,0.3663,3650.0
1753533685090,12:41:25.090,CTK/USDT:USDT,0.366,141.0,0.3658,162.0,0.3662,44.0,0.3663,3650.0
1753533685609,12:41:25.609,CTK/USDT:USDT,0.3658,162.0,0.3657,702.0,0.3662,44.0,0.3663,3650.0
1753533685702,12:41:25.702,CTK/USDT:USDT,0.3657,1.0,0.3655,715.0,0.3661,694.0,0.3662,738.0
1753533685806,12:41:25.806,CTK/USDT:USDT,0.3658,141.0,0.3657,20.0,0.366,25.0,0.3661,694.0
1753533685834,12:41:25.834,CTK/USDT:USDT,0.3658,141.0,0.3657,20.0,0.366,25.0,0.3661,694.0
1753533686000,12:41:26.000,CTK/USDT:USDT,0.3658,141.0,0.3657,20.0,0.366,25.0,0.3661,694.0
1753533686084,12:41:26.084,CTK/USDT:USDT,0.3658,160.0,0.3657,20.0,0.366,25.0,0.3661,694.0
1753533687229,12:41:27.229,CTK/USDT:USDT,0.3658,160.0,0.3657,20.0,0.366,6.0,0.3662,694.0
1753533687406,12:41:27.406,CTK/USDT:USDT,0.3658,160.0,0.3657,20.0,0.3661,25.0,0.3662,694.0
1753533687457,12:41:27.457,CTK/USDT:USDT,0.3658,179.0,0.3657,1.0,0.3661,25.0,0.3662,694.0
1753533687618,12:41:27.618,CTK/USDT:USDT,0.3658,179.0,0.3657,1.0,0.3661,25.0,0.3662,694.0
1753533687619,12:41:27.619,CTK/USDT:USDT,0.3658,179.0,0.3657,1.0,0.3661,25.0,0.3662,694.0
1753533687946,12:41:27.946,CTK/USDT:USDT,0.3658,179.0,0.3657,695.0,0.3661,25.0,0.3662,694.0
1753533688228,12:41:28.228,CTK/USDT:USDT,0.3658,179.0,0.3657,695.0,0.3661,25.0,0.3662,694.0
1753533690086,12:41:30.086,CTK/USDT:USDT,0.3658,179.0,0.3657,695.0,0.3661,25.0,0.3662,694.0
1753533690445,12:41:30.445,CTK/USDT:USDT,0.3658,179.0,0.3657,695.0,0.3661,25.0,0.3662,694.0
1753533690944,12:41:30.944,CTK/USDT:USDT,0.3658,179.0,0.3657,695.0,0.3661,25.0,0.3662,694.0
1753533691078,12:41:31.078,CTK/USDT:USDT,0.3658,179.0,0.3657,695.0,0.3661,25.0,0.3662,1095.0
1753533692403,12:41:32.403,CTK/USDT:USDT,0.3657,1.0,0.3655,715.0,0.366,2992.0,0.3661,694.0
1753533692511,12:41:32.511,CTK/USDT:USDT,0.3658,141.0,0.3657,1.0,0.3659,6.0,0.366,2992.0
1753533692543,12:41:32.543,CTK/USDT:USDT,0.3658,141.0,0.3657,727.0,0.3659,6.0,0.366,2973.0
1753533692660,12:41:32.660,CTK/USDT:USDT,0.3658,141.0,0.3657,727.0,0.3659,6.0,0.366,2973.0
1753533692805,12:41:32.805,CTK/USDT:USDT,0.3657,708.0,0.3655,1798.0,0.3659,6.0,0.366,2973.0
1753533693084,12:41:33.084,CTK/USDT:USDT,0.3657,708.0,0.3655,715.0,0.3659,6.0,0.366,2954.0
1753533693276,12:41:33.276,CTK/USDT:USDT,0.3657,708.0,0.3655,715.0,0.3659,6.0,0.366,2954.0
1753533693414,12:41:33.414,CTK/USDT:USDT,0.3657,708.0,0.3655,715.0,0.3659,6.0,0.3662,3651.0
1753533693482,12:41:33.482,CTK/USDT:USDT,0.3659,141.0,0.3658,19.0,0.3661,25.0,0.3662,3651.0
1753533693566,12:41:33.566,CTK/USDT:USDT,0.3659,141.0,0.3658,19.0,0.3661,25.0,0.3662,3651.0
1753533693695,12:41:33.695,CTK/USDT:USDT,0.3659,141.0,0.3658,19.0,0.3661,25.0,0.3662,3651.0
1753533694416,12:41:34.416,CTK/USDT:USDT,0.3659,141.0,0.3658,707.0,0.3661,25.0,0.3662,3651.0
1753533694514,12:41:34.514,CTK/USDT:USDT,0.3659,141.0,0.3658,707.0,0.3661,25.0,0.3662,3651.0
