timestamp,time,symbol,bid1_price,bid1_volume,bid2_price,bid2_volume,ask1_price,ask1_volume,ask2_price,ask2_volume
1753533019000,12:30:19.000,ARK/USDT:USDT,0.4746,57.0,0.4745,1096.0,0.4751,57.0,0.4752,307.0
1753533019935,12:30:19.935,ARK/USDT:USDT,0.4746,57.0,0.4745,1096.0,0.4751,57.0,0.4752,307.0
1753533021263,12:30:21.263,ARK/USDT:USDT,0.4747,56.0,0.4746,307.0,0.4752,1569.0,0.4753,307.0
1753533021279,12:30:21.279,ARK/USDT:USDT,0.4748,14.0,0.4747,56.0,0.4751,482.0,0.4752,1569.0
1753533021453,12:30:21.453,ARK/USDT:USDT,0.4748,14.0,0.4747,56.0,0.4751,493.0,0.4752,1569.0
1753533021561,12:30:21.561,ARK/USDT:USDT,0.4748,14.0,0.4747,56.0,0.4751,493.0,0.4752,1569.0
1753533021587,12:30:21.587,ARK/USDT:USDT,0.4748,14.0,0.4747,56.0,0.4751,493.0,0.4752,1569.0
1753533021736,12:30:21.736,ARK/USDT:USDT,0.4748,14.0,0.4746,307.0,0.4751,436.0,0.4752,1569.0
1753533021779,12:30:21.779,ARK/USDT:USDT,0.4747,14.0,0.4746,307.0,0.4751,551.0,0.4752,1569.0
1753533022271,12:30:22.271,ARK/USDT:USDT,0.4747,14.0,0.4746,307.0,0.4751,551.0,0.4752,1569.0
1753533022578,12:30:22.578,ARK/USDT:USDT,0.4747,14.0,0.4746,307.0,0.4751,551.0,0.4752,1569.0
1753533022685,12:30:22.685,ARK/USDT:USDT,0.4747,14.0,0.4746,307.0,0.4751,551.0,0.4752,1569.0
1753533023345,12:30:23.345,ARK/USDT:USDT,0.4747,14.0,0.4746,307.0,0.4751,551.0,0.4752,1319.0
1753533023675,12:30:23.675,ARK/USDT:USDT,0.4747,14.0,0.4746,307.0,0.4751,551.0,0.4752,1319.0
1753533025331,12:30:25.331,ARK/USDT:USDT,0.4747,14.0,0.4746,307.0,0.4751,551.0,0.4752,1319.0
1753533027603,12:30:27.603,ARK/USDT:USDT,0.4747,14.0,0.4746,307.0,0.4751,436.0,0.4752,1319.0
1753533028481,12:30:28.481,ARK/USDT:USDT,0.4747,14.0,0.4746,307.0,0.4751,425.0,0.4752,1319.0
1753533030037,12:30:30.037,ARK/USDT:USDT,0.4747,14.0,0.4746,307.0,0.4751,425.0,0.4752,1319.0
1753533031162,12:30:31.162,ARK/USDT:USDT,0.4747,14.0,0.4746,307.0,0.4751,425.0,0.4752,1319.0
1753533031822,12:30:31.822,ARK/USDT:USDT,0.4747,14.0,0.4746,307.0,0.4751,425.0,0.4752,1319.0
1753533033277,12:30:33.277,ARK/USDT:USDT,0.4747,14.0,0.4746,307.0,0.4751,425.0,0.4752,1319.0
1753533033554,12:30:33.554,ARK/USDT:USDT,0.4747,14.0,0.4746,307.0,0.4751,57.0,0.4752,57.0
1753533033603,12:30:33.603,ARK/USDT:USDT,0.4746,321.0,0.4745,1082.0,0.4751,1319.0,0.4752,57.0
1753533033862,12:30:33.862,ARK/USDT:USDT,0.4746,321.0,0.4745,1082.0,0.4751,1433.0,0.4752,57.0
1753533033988,12:30:33.988,ARK/USDT:USDT,0.4746,321.0,0.4745,1082.0,0.4751,1433.0,0.4752,57.0
1753533034230,12:30:34.230,ARK/USDT:USDT,0.4746,321.0,0.4745,1082.0,0.4751,1433.0,0.4752,57.0
1753533035532,12:30:35.532,ARK/USDT:USDT,0.4746,332.0,0.4745,1082.0,0.475,441.0,0.4751,1433.0
1753533036737,12:30:36.737,ARK/USDT:USDT,0.4746,332.0,0.4745,1082.0,0.475,441.0,0.4751,1433.0
1753533036891,12:30:36.891,ARK/USDT:USDT,0.4746,332.0,0.4745,1082.0,0.475,441.0,0.4751,1319.0
1753533037060,12:30:37.060,ARK/USDT:USDT,0.4746,332.0,0.4745,1082.0,0.475,558.0,0.4751,1319.0
1753533038087,12:30:38.087,ARK/USDT:USDT,0.4746,332.0,0.4745,1082.0,0.475,558.0,0.4751,1319.0
1753533038833,12:30:38.833,ARK/USDT:USDT,0.4746,332.0,0.4745,1082.0,0.475,558.0,0.4751,1319.0
1753533038905,12:30:38.905,ARK/USDT:USDT,0.4746,332.0,0.4745,1082.0,0.475,558.0,0.4751,1319.0
1753533042261,12:30:42.261,ARK/USDT:USDT,0.4746,332.0,0.4745,1082.0,0.475,441.0,0.4751,1319.0
1753533042266,12:30:42.266,ARK/USDT:USDT,0.4746,332.0,0.4745,1082.0,0.475,441.0,0.4751,1319.0
1753533042876,12:30:42.876,ARK/USDT:USDT,0.4746,332.0,0.4745,1082.0,0.475,441.0,0.4751,1319.0
1753533043047,12:30:43.047,ARK/USDT:USDT,0.4746,321.0,0.4745,1082.0,0.475,430.0,0.4751,1319.0
1753533045943,12:30:45.943,ARK/USDT:USDT,0.4746,321.0,0.4745,57.0,0.475,430.0,0.4751,1319.0
1753533045974,12:30:45.974,ARK/USDT:USDT,0.4746,307.0,0.4745,71.0,0.475,430.0,0.4751,1319.0
1753533046074,12:30:46.074,ARK/USDT:USDT,0.4746,307.0,0.4745,71.0,0.475,430.0,0.4751,1319.0
1753533047227,12:30:47.227,ARK/USDT:USDT,0.4746,250.0,0.4745,71.0,0.475,430.0,0.4751,1319.0
1753533047305,12:30:47.305,ARK/USDT:USDT,0.4745,71.0,0.4744,3418.0,0.4751,1262.0,0.4754,57.0
1753533047511,12:30:47.511,ARK/USDT:USDT,0.4745,14.0,0.4744,3418.0,0.475,484.0,0.4751,1428.0
1753533047693,12:30:47.693,ARK/USDT:USDT,0.4745,14.0,0.4744,3418.0,0.475,484.0,0.4751,1428.0
1753533049387,12:30:49.387,ARK/USDT:USDT,0.4745,14.0,0.4744,3418.0,0.475,56.0,0.4751,166.0
1753533049726,12:30:49.726,ARK/USDT:USDT,0.4745,14.0,0.4744,3418.0,0.475,1320.0,0.4751,166.0
1753533050488,12:30:50.488,ARK/USDT:USDT,0.4745,14.0,0.4744,3418.0,0.475,1320.0,0.4754,57.0
1753533050956,12:30:50.956,ARK/USDT:USDT,0.4745,14.0,0.4744,3418.0,0.475,1320.0,0.4754,57.0
1753533052488,12:30:52.488,ARK/USDT:USDT,0.4745,14.0,0.4744,3418.0,0.475,1320.0,0.4754,57.0
1753533057284,12:30:57.284,ARK/USDT:USDT,0.4745,14.0,0.4744,3418.0,0.475,1320.0,0.4754,57.0
1753533059218,12:30:59.218,ARK/USDT:USDT,0.4745,14.0,0.4744,3418.0,0.475,1320.0,0.4754,57.0
1753533061808,12:31:01.808,ARK/USDT:USDT,0.4745,14.0,0.4743,56.0,0.475,1320.0,0.4754,57.0
1753533061876,12:31:01.876,ARK/USDT:USDT,0.4743,70.0,0.4742,1112.0,0.475,1320.0,0.4754,57.0
1753533062052,12:31:02.052,ARK/USDT:USDT,0.4743,70.0,0.4742,1112.0,0.475,1320.0,0.4754,57.0
1753533062076,12:31:02.076,ARK/USDT:USDT,0.4743,70.0,0.4742,1112.0,0.475,1320.0,0.4754,57.0
1753533062262,12:31:02.262,ARK/USDT:USDT,0.4743,70.0,0.4742,1112.0,0.475,1320.0,0.4754,57.0
1753533062315,12:31:02.315,ARK/USDT:USDT,0.4744,57.0,0.4743,70.0,0.475,1320.0,0.4754,57.0
1753533064253,12:31:04.253,ARK/USDT:USDT,0.4744,57.0,0.4743,70.0,0.475,1320.0,0.4754,57.0
1753533064656,12:31:04.656,ARK/USDT:USDT,0.4744,57.0,0.4743,70.0,0.475,1320.0,0.4754,57.0
1753533064847,12:31:04.847,ARK/USDT:USDT,0.4744,57.0,0.4743,70.0,0.475,237.0,0.4754,57.0
1753533064887,12:31:04.887,ARK/USDT:USDT,0.4744,57.0,0.4743,320.0,0.4749,450.0,0.475,1501.0
1753533065072,12:31:05.072,ARK/USDT:USDT,0.4744,57.0,0.4743,320.0,0.4749,450.0,0.475,1501.0
1753533066332,12:31:06.332,ARK/USDT:USDT,0.4744,57.0,0.4743,320.0,0.4749,450.0,0.475,1501.0
1753533066710,12:31:06.710,ARK/USDT:USDT,0.4744,57.0,0.4743,320.0,0.4749,450.0,0.475,1501.0
1753533066878,12:31:06.878,ARK/USDT:USDT,0.4744,57.0,0.4743,320.0,0.4749,450.0,0.475,1501.0
1753533066983,12:31:06.983,ARK/USDT:USDT,0.4744,57.0,0.4743,320.0,0.4749,450.0,0.475,1501.0
1753533067448,12:31:07.448,ARK/USDT:USDT,0.4744,57.0,0.4743,320.0,0.4749,450.0,0.475,1320.0
1753533067550,12:31:07.550,ARK/USDT:USDT,0.4744,57.0,0.4743,320.0,0.4749,450.0,0.475,1320.0
1753533067645,12:31:07.645,ARK/USDT:USDT,0.4744,57.0,0.4743,320.0,0.4749,450.0,0.475,1320.0
1753533067702,12:31:07.702,ARK/USDT:USDT,0.4744,57.0,0.4743,320.0,0.4749,450.0,0.475,1320.0
1753533067821,12:31:07.821,ARK/USDT:USDT,0.4744,57.0,0.4743,320.0,0.4749,450.0,0.475,1320.0
1753533068165,12:31:08.165,ARK/USDT:USDT,0.4744,57.0,0.4743,320.0,0.4749,450.0,0.475,1320.0
1753533068349,12:31:08.349,ARK/USDT:USDT,0.4744,57.0,0.4743,320.0,0.4748,1506.0,0.4749,450.0
1753533068412,12:31:08.412,ARK/USDT:USDT,0.4744,79.0,0.4743,320.0,0.4747,452.0,0.4748,1506.0
1753533068503,12:31:08.503,ARK/USDT:USDT,0.4744,79.0,0.4743,320.0,0.4747,452.0,0.4748,1759.0
1753533068747,12:31:08.747,ARK/USDT:USDT,0.4744,79.0,0.4743,320.0,0.4748,253.0,0.475,56.0
1753533068843,12:31:08.843,ARK/USDT:USDT,0.4744,79.0,0.4743,320.0,0.4748,253.0,0.475,56.0
1753533068936,12:31:08.936,ARK/USDT:USDT,0.4744,79.0,0.4743,320.0,0.4748,253.0,0.475,56.0
1753533069047,12:31:09.047,ARK/USDT:USDT,0.4745,56.0,0.4744,79.0,0.4748,253.0,0.475,56.0
1753533069163,12:31:09.163,ARK/USDT:USDT,0.4745,56.0,0.4744,79.0,0.4747,455.0,0.4748,253.0
1753533069227,12:31:09.227,ARK/USDT:USDT,0.4745,56.0,0.4744,79.0,0.4748,253.0,0.475,56.0
1753533069399,12:31:09.399,ARK/USDT:USDT,0.4745,56.0,0.4744,79.0,0.4748,253.0,0.475,56.0
1753533069924,12:31:09.924,ARK/USDT:USDT,0.4745,56.0,0.4744,79.0,0.4748,253.0,0.475,56.0
1753533070007,12:31:10.007,ARK/USDT:USDT,0.4745,56.0,0.4744,79.0,0.4748,253.0,0.475,56.0
1753533071677,12:31:11.677,ARK/USDT:USDT,0.4745,56.0,0.4744,79.0,0.4748,253.0,0.475,56.0
1753533071783,12:31:11.783,ARK/USDT:USDT,0.4745,67.0,0.4744,68.0,0.4748,253.0,0.475,56.0
1753533072041,12:31:12.041,ARK/USDT:USDT,0.4745,78.0,0.4744,57.0,0.4748,253.0,0.475,56.0
1753533072454,12:31:12.454,ARK/USDT:USDT,0.4745,78.0,0.4744,57.0,0.475,1320.0,0.4754,307.0
1753533072536,12:31:12.536,ARK/USDT:USDT,0.4745,78.0,0.4744,57.0,0.475,1320.0,0.4754,307.0
1753533072663,12:31:12.663,ARK/USDT:USDT,0.4745,78.0,0.4744,57.0,0.475,1320.0,0.4754,307.0
1753533072855,12:31:12.855,ARK/USDT:USDT,0.4745,78.0,0.4744,57.0,0.475,1320.0,0.4754,307.0
1753533072884,12:31:12.884,ARK/USDT:USDT,0.4745,78.0,0.4744,57.0,0.475,1320.0,0.4754,307.0
1753533073285,12:31:13.285,ARK/USDT:USDT,0.4745,78.0,0.4744,57.0,0.475,1320.0,0.4754,307.0
1753533073485,12:31:13.485,ARK/USDT:USDT,0.4745,78.0,0.4744,57.0,0.475,1320.0,0.4754,307.0
1753533073718,12:31:13.718,ARK/USDT:USDT,0.4745,78.0,0.4744,57.0,0.475,1320.0,0.4754,307.0
1753533073791,12:31:13.791,ARK/USDT:USDT,0.4745,78.0,0.4744,57.0,0.475,1320.0,0.4754,307.0
1753533074848,12:31:14.848,ARK/USDT:USDT,0.4745,78.0,0.4744,57.0,0.4749,445.0,0.475,1484.0
1753533074947,12:31:14.947,ARK/USDT:USDT,0.4745,78.0,0.4744,57.0,0.4749,445.0,0.475,1484.0
1753533076488,12:31:16.488,ARK/USDT:USDT,0.4745,78.0,0.4744,57.0,0.4749,445.0,0.475,1484.0
1753533078058,12:31:18.058,ARK/USDT:USDT,0.4746,56.0,0.4745,78.0,0.4749,445.0,0.475,56.0
1753533078109,12:31:18.109,ARK/USDT:USDT,0.4745,78.0,0.4744,57.0,0.475,1320.0,0.4754,307.0
1753533078186,12:31:18.186,ARK/USDT:USDT,0.4745,78.0,0.4744,57.0,0.475,1320.0,0.4754,307.0
1753533078379,12:31:18.379,ARK/USDT:USDT,0.4745,78.0,0.4744,57.0,0.4749,441.0,0.475,1469.0
1753533078603,12:31:18.603,ARK/USDT:USDT,0.4745,78.0,0.4744,57.0,0.4749,441.0,0.475,1469.0
1753533078810,12:31:18.810,ARK/USDT:USDT,0.4745,78.0,0.4744,57.0,0.4749,441.0,0.475,1320.0
1753533078878,12:31:18.878,ARK/USDT:USDT,0.4745,78.0,0.4744,57.0,0.4749,441.0,0.475,1320.0
1753533079021,12:31:19.021,ARK/USDT:USDT,0.4745,78.0,0.4744,57.0,0.4749,441.0,0.475,1320.0
1753533079897,12:31:19.897,ARK/USDT:USDT,0.4745,78.0,0.4744,57.0,0.4749,441.0,0.475,1320.0
1753533080044,12:31:20.044,ARK/USDT:USDT,0.4745,78.0,0.4744,57.0,0.4748,1263.0,0.4749,441.0
1753533080080,12:31:20.080,ARK/USDT:USDT,0.4745,78.0,0.4744,57.0,0.4748,1516.0,0.4749,441.0
1753533080243,12:31:20.243,ARK/USDT:USDT,0.4745,78.0,0.4744,57.0,0.4748,1516.0,0.4749,441.0
1753533081080,12:31:21.080,ARK/USDT:USDT,0.4745,78.0,0.4744,57.0,0.4748,1263.0,0.4749,441.0
1753533081277,12:31:21.277,ARK/USDT:USDT,0.4745,78.0,0.4744,57.0,0.4748,1263.0,0.4749,441.0
1753533081465,12:31:21.465,ARK/USDT:USDT,0.4745,78.0,0.4744,57.0,0.4748,1263.0,0.4749,441.0
1753533081602,12:31:21.602,ARK/USDT:USDT,0.4745,78.0,0.4744,57.0,0.4748,1263.0,0.4749,441.0
1753533081681,12:31:21.681,ARK/USDT:USDT,0.4745,67.0,0.4744,57.0,0.4748,1263.0,0.4749,441.0
1753533082350,12:31:22.350,ARK/USDT:USDT,0.4745,78.0,0.4744,57.0,0.4748,1263.0,0.4749,441.0
1753533082687,12:31:22.687,ARK/USDT:USDT,0.4745,78.0,0.4744,57.0,0.4748,1263.0,0.4749,441.0
1753533083947,12:31:23.947,ARK/USDT:USDT,0.4745,78.0,0.4744,57.0,0.4748,1263.0,0.475,56.0
1753533084010,12:31:24.010,ARK/USDT:USDT,0.4745,78.0,0.4744,57.0,0.4748,2527.0,0.475,56.0
1753533084294,12:31:24.294,ARK/USDT:USDT,0.4745,78.0,0.4744,57.0,0.4748,2527.0,0.475,56.0
1753533084664,12:31:24.664,ARK/USDT:USDT,0.4745,78.0,0.4744,57.0,0.4748,2527.0,0.475,56.0
1753533084723,12:31:24.723,ARK/USDT:USDT,0.4745,78.0,0.4744,57.0,0.4748,2527.0,0.475,56.0
1753533085048,12:31:25.048,ARK/USDT:USDT,0.4745,78.0,0.4744,57.0,0.4748,1264.0,0.475,56.0
1753533085116,12:31:25.116,ARK/USDT:USDT,0.4745,78.0,0.4744,57.0,0.4748,1264.0,0.475,56.0
1753533085239,12:31:25.239,ARK/USDT:USDT,0.4745,78.0,0.4744,57.0,0.4748,1264.0,0.475,56.0
1753533085346,12:31:25.346,ARK/USDT:USDT,0.4745,78.0,0.4744,57.0,0.4747,421.0,0.475,56.0
1753533085535,12:31:25.535,ARK/USDT:USDT,0.4745,78.0,0.4744,57.0,0.4747,421.0,0.475,56.0
1753533085656,12:31:25.656,ARK/USDT:USDT,0.4745,78.0,0.4744,57.0,0.4747,1053.0,0.475,56.0
1753533086077,12:31:26.077,ARK/USDT:USDT,0.4745,78.0,0.4744,57.0,0.4747,1053.0,0.475,56.0
1753533086359,12:31:26.359,ARK/USDT:USDT,0.4745,78.0,0.4744,57.0,0.4747,1053.0,0.475,56.0
1753533087018,12:31:27.018,ARK/USDT:USDT,0.4745,78.0,0.4744,57.0,0.4747,632.0,0.475,56.0
1753533088448,12:31:28.448,ARK/USDT:USDT,0.4746,57.0,0.4745,56.0,0.4752,57.0,0.4753,307.0
1753533088488,12:31:28.488,ARK/USDT:USDT,0.4746,57.0,0.4745,56.0,0.4751,307.0,0.4752,307.0
1753533088629,12:31:28.629,ARK/USDT:USDT,0.4745,307.0,0.4744,307.0,0.475,471.0,0.4751,1569.0
1753533088673,12:31:28.673,ARK/USDT:USDT,0.4745,321.0,0.4744,307.0,0.475,471.0,0.4751,1569.0
1753533088788,12:31:28.788,ARK/USDT:USDT,0.4745,321.0,0.4744,307.0,0.475,471.0,0.4751,1569.0
1753533089260,12:31:29.260,ARK/USDT:USDT,0.4745,321.0,0.4744,307.0,0.475,471.0,0.4751,1569.0
1753533089306,12:31:29.306,ARK/USDT:USDT,0.4745,321.0,0.4744,307.0,0.475,471.0,0.4751,1569.0
1753533089476,12:31:29.476,ARK/USDT:USDT,0.4745,321.0,0.4744,307.0,0.475,471.0,0.4751,1569.0
1753533089602,12:31:29.602,ARK/USDT:USDT,0.4745,321.0,0.4744,307.0,0.475,471.0,0.4751,1569.0
1753533090428,12:31:30.428,ARK/USDT:USDT,0.4746,68.0,0.4745,321.0,0.475,471.0,0.4751,1569.0
1753533090879,12:31:30.879,ARK/USDT:USDT,0.4746,68.0,0.4745,321.0,0.475,471.0,0.4751,1569.0
1753533091236,12:31:31.236,ARK/USDT:USDT,0.4746,68.0,0.4745,321.0,0.475,471.0,0.4751,1569.0
1753533091394,12:31:31.394,ARK/USDT:USDT,0.4746,68.0,0.4745,321.0,0.475,471.0,0.4751,1569.0
1753533093618,12:31:33.618,ARK/USDT:USDT,0.4746,68.0,0.4745,321.0,0.475,471.0,0.4751,1569.0
1753533093760,12:31:33.760,ARK/USDT:USDT,0.4747,57.0,0.4746,68.0,0.4751,1512.0,0.4752,307.0
1753533093862,12:31:33.862,ARK/USDT:USDT,0.4747,57.0,0.4746,68.0,0.4751,1512.0,0.4752,307.0
1753533094062,12:31:34.062,ARK/USDT:USDT,0.4747,57.0,0.4746,68.0,0.4751,1512.0,0.4752,307.0
1753533094127,12:31:34.127,ARK/USDT:USDT,0.4747,57.0,0.4746,68.0,0.4751,1512.0,0.4752,307.0
1753533095687,12:31:35.687,ARK/USDT:USDT,0.4747,57.0,0.4746,68.0,0.4751,1512.0,0.4752,307.0
1753533095847,12:31:35.847,ARK/USDT:USDT,0.4746,57.0,0.4745,321.0,0.475,57.0,0.4751,250.0
1753533095928,12:31:35.928,ARK/USDT:USDT,0.4746,57.0,0.4745,1364.0,0.475,57.0,0.4751,250.0
1753533096086,12:31:36.086,ARK/USDT:USDT,0.4746,79.0,0.4745,1364.0,0.475,57.0,0.4751,250.0
1753533096531,12:31:36.531,ARK/USDT:USDT,0.4746,329.0,0.4745,1364.0,0.475,57.0,0.4751,250.0
1753533097813,12:31:37.813,ARK/USDT:USDT,0.4746,329.0,0.4745,1364.0,0.475,57.0,0.4751,250.0
1753533098115,12:31:38.115,ARK/USDT:USDT,0.4746,329.0,0.4745,1364.0,0.475,57.0,0.4751,250.0
1753533098184,12:31:38.184,ARK/USDT:USDT,0.4746,329.0,0.4745,1364.0,0.475,57.0,0.4751,250.0
1753533098551,12:31:38.551,ARK/USDT:USDT,0.4746,329.0,0.4745,1364.0,0.475,57.0,0.4751,250.0
1753533100478,12:31:40.478,ARK/USDT:USDT,0.4746,329.0,0.4745,1364.0,0.475,57.0,0.4751,250.0
1753533100600,12:31:40.600,ARK/USDT:USDT,0.4746,329.0,0.4745,1364.0,0.475,57.0,0.4751,250.0
1753533100865,12:31:40.865,ARK/USDT:USDT,0.4747,307.0,0.4746,307.0,0.4752,1569.0,0.4753,307.0
1753533100878,12:31:40.878,ARK/USDT:USDT,0.4747,321.0,0.4746,307.0,0.4751,471.0,0.4752,1569.0
1753533101064,12:31:41.064,ARK/USDT:USDT,0.4748,318.0,0.4747,851.0,0.4752,307.0,0.4753,307.0
1753533101464,12:31:41.464,ARK/USDT:USDT,0.4748,318.0,0.4747,851.0,0.4752,307.0,0.4753,307.0
1753533102981,12:31:42.981,ARK/USDT:USDT,0.4748,318.0,0.4747,851.0,0.4752,307.0,0.4753,307.0
1753533103190,12:31:43.190,ARK/USDT:USDT,0.4748,318.0,0.4747,851.0,0.4752,307.0,0.4753,307.0
1753533103452,12:31:43.452,ARK/USDT:USDT,0.4748,329.0,0.4747,851.0,0.4752,1512.0,0.4753,307.0
1753533103553,12:31:43.553,ARK/USDT:USDT,0.4748,329.0,0.4747,851.0,0.4751,454.0,0.4752,250.0
1753533103654,12:31:43.654,ARK/USDT:USDT,0.4748,329.0,0.4747,851.0,0.4752,1512.0,0.4753,307.0
1753533103667,12:31:43.667,ARK/USDT:USDT,0.4748,329.0,0.4747,851.0,0.4751,454.0,0.4752,1512.0
1753533105289,12:31:45.289,ARK/USDT:USDT,0.4748,329.0,0.4747,851.0,0.4752,250.0,0.4753,307.0
1753533105435,12:31:45.435,ARK/USDT:USDT,0.4748,329.0,0.4747,851.0,0.4752,250.0,0.4753,307.0
1753533106147,12:31:46.147,ARK/USDT:USDT,0.4749,79.0,0.4748,307.0,0.4752,250.0,0.4753,250.0
1753533106262,12:31:46.262,ARK/USDT:USDT,0.4749,79.0,0.4748,307.0,0.4752,250.0,0.4753,250.0
1753533106417,12:31:46.417,ARK/USDT:USDT,0.4749,79.0,0.4748,307.0,0.4753,250.0,0.4754,307.0
1753533106551,12:31:46.551,ARK/USDT:USDT,0.4749,79.0,0.4748,307.0,0.4753,250.0,0.4754,307.0
1753533106748,12:31:46.748,ARK/USDT:USDT,0.4749,79.0,0.4748,307.0,0.4753,250.0,0.4754,307.0
1753533106766,12:31:46.766,ARK/USDT:USDT,0.4749,79.0,0.4748,307.0,0.4753,250.0,0.4754,307.0
1753533107309,12:31:47.309,ARK/USDT:USDT,0.4749,79.0,0.4748,307.0,0.4753,250.0,0.4754,307.0
1753533109248,12:31:49.248,ARK/USDT:USDT,0.4749,79.0,0.4748,307.0,0.4752,454.0,0.4753,1512.0
1753533109288,12:31:49.288,ARK/USDT:USDT,0.4749,68.0,0.4748,307.0,0.4753,250.0,0.4754,307.0
1753533110082,12:31:50.082,ARK/USDT:USDT,0.4749,68.0,0.4748,307.0,0.4753,250.0,0.4754,307.0
1753533114879,12:31:54.879,ARK/USDT:USDT,0.4749,68.0,0.4748,307.0,0.4753,250.0,0.4754,307.0
1753533119560,12:31:59.560,ARK/USDT:USDT,0.4748,307.0,0.4747,851.0,0.4752,471.0,0.4753,307.0
1753533119568,12:31:59.568,ARK/USDT:USDT,0.4748,307.0,0.4747,851.0,0.4753,307.0,0.4754,307.0
1753533119689,12:31:59.689,ARK/USDT:USDT,0.4748,307.0,0.4747,851.0,0.4752,471.0,0.4753,1569.0
1753533122365,12:32:02.365,ARK/USDT:USDT,0.4748,307.0,0.4747,851.0,0.4752,471.0,0.4753,307.0
1753533122367,12:32:02.367,ARK/USDT:USDT,0.4748,307.0,0.4747,851.0,0.4753,307.0,0.4754,307.0
1753533124286,12:32:04.286,ARK/USDT:USDT,0.4748,307.0,0.4747,851.0,0.4753,307.0,0.4754,307.0
1753533124478,12:32:04.478,ARK/USDT:USDT,0.4748,307.0,0.4747,851.0,0.4753,307.0,0.4754,307.0
1753533129279,12:32:09.279,ARK/USDT:USDT,0.4748,307.0,0.4747,851.0,0.4753,307.0,0.4754,307.0
1753533130497,12:32:10.497,ARK/USDT:USDT,0.4748,57.0,0.4747,14.0,0.4752,250.0,0.4753,307.0
1753533130665,12:32:10.665,ARK/USDT:USDT,0.4748,79.0,0.4746,1434.0,0.4751,454.0,0.4752,250.0
1753533130762,12:32:10.762,ARK/USDT:USDT,0.4748,68.0,0.4746,1434.0,0.4751,454.0,0.4752,250.0
1753533130865,12:32:10.865,ARK/USDT:USDT,0.4748,68.0,0.4746,1434.0,0.4752,1512.0,0.4753,307.0
1753533130965,12:32:10.965,ARK/USDT:USDT,0.4748,68.0,0.4746,1434.0,0.4752,1512.0,0.4753,307.0
1753533131047,12:32:11.047,ARK/USDT:USDT,0.4748,79.0,0.4746,1434.0,0.4751,454.0,0.4752,1512.0
1753533133128,12:32:13.128,ARK/USDT:USDT,0.4748,68.0,0.4747,1459.0,0.4752,250.0,0.4753,307.0
1753533133172,12:32:13.172,ARK/USDT:USDT,0.4748,82.0,0.4747,1459.0,0.4752,250.0,0.4753,307.0
1753533133297,12:32:13.297,ARK/USDT:USDT,0.4748,82.0,0.4747,1459.0,0.4752,250.0,0.4753,307.0
1753533134079,12:32:14.079,ARK/USDT:USDT,0.4748,82.0,0.4747,1459.0,0.4752,250.0,0.4753,307.0
1753533135901,12:32:15.901,ARK/USDT:USDT,0.4748,82.0,0.4746,1420.0,0.4752,250.0,0.4753,307.0
1753533135971,12:32:15.971,ARK/USDT:USDT,0.4748,68.0,0.4747,14.0,0.4752,250.0,0.4753,307.0
1753533136146,12:32:16.146,ARK/USDT:USDT,0.4748,68.0,0.4747,14.0,0.4752,250.0,0.4753,307.0
1753533138922,12:32:18.922,ARK/USDT:USDT,0.4748,68.0,0.4747,14.0,0.4752,250.0,0.4753,307.0
1753533139436,12:32:19.436,ARK/USDT:USDT,0.4748,68.0,0.4747,14.0,0.4752,250.0,0.4753,307.0
1753533141255,12:32:21.255,ARK/USDT:USDT,0.4748,68.0,0.4747,14.0,0.4752,1512.0,0.4753,307.0
1753533141347,12:32:21.347,ARK/USDT:USDT,0.4748,68.0,0.4747,14.0,0.4752,250.0,0.4753,307.0
1753533141462,12:32:21.462,ARK/USDT:USDT,0.4748,68.0,0.4747,14.0,0.4751,454.0,0.4752,250.0
1753533141548,12:32:21.548,ARK/USDT:USDT,0.4748,79.0,0.4747,14.0,0.4752,250.0,0.4753,307.0
1753533141662,12:32:21.662,ARK/USDT:USDT,0.4748,79.0,0.4747,14.0,0.4751,454.0,0.4752,250.0
1753533141762,12:32:21.762,ARK/USDT:USDT,0.4748,79.0,0.4747,14.0,0.4751,454.0,0.4752,250.0
1753533141862,12:32:21.862,ARK/USDT:USDT,0.4748,79.0,0.4747,14.0,0.4751,454.0,0.4752,250.0
1753533141907,12:32:21.907,ARK/USDT:USDT,0.4748,79.0,0.4747,14.0,0.4751,454.0,0.4752,1512.0
1753533142003,12:32:22.003,ARK/USDT:USDT,0.4748,79.0,0.4747,14.0,0.4752,881.0,0.4753,307.0
1753533142147,12:32:22.147,ARK/USDT:USDT,0.4748,79.0,0.4747,14.0,0.4752,250.0,0.4753,307.0
1753533142285,12:32:22.285,ARK/USDT:USDT,0.4748,79.0,0.4747,14.0,0.4752,250.0,0.4753,307.0
1753533143681,12:32:23.681,ARK/USDT:USDT,0.4748,79.0,0.4747,14.0,0.4752,250.0,0.4753,307.0
1753533148479,12:32:28.479,ARK/USDT:USDT,0.4748,79.0,0.4747,14.0,0.4752,250.0,0.4753,307.0
1753533149306,12:32:29.306,ARK/USDT:USDT,0.4748,79.0,0.4747,14.0,0.4752,250.0,0.4753,307.0
1753533153287,12:32:33.287,ARK/USDT:USDT,0.4748,79.0,0.4747,14.0,0.4752,250.0,0.4753,307.0
1753533154381,12:32:34.381,ARK/USDT:USDT,0.4748,11.0,0.4747,14.0,0.4752,250.0,0.4753,307.0
1753533154470,12:32:34.470,ARK/USDT:USDT,0.4748,11.0,0.4747,14.0,0.4752,305.0,0.4753,307.0
1753533156510,12:32:36.510,ARK/USDT:USDT,0.4748,66.0,0.4747,14.0,0.4752,305.0,0.4753,307.0
1753533158087,12:32:38.087,ARK/USDT:USDT,0.4748,66.0,0.4747,14.0,0.4752,305.0,0.4753,307.0
1753533161058,12:32:41.058,ARK/USDT:USDT,0.4748,66.0,0.4747,14.0,0.4752,305.0,0.4753,307.0
1753533161079,12:32:41.079,ARK/USDT:USDT,0.4748,66.0,0.4747,14.0,0.4752,305.0,0.4753,307.0
1753533162881,12:32:42.881,ARK/USDT:USDT,0.4748,66.0,0.4747,14.0,0.4752,305.0,0.4753,307.0
1753533166053,12:32:46.053,ARK/USDT:USDT,0.4747,71.0,0.4746,1420.0,0.4752,305.0,0.4753,307.0
1753533167728,12:32:47.728,ARK/USDT:USDT,0.4747,321.0,0.4746,1420.0,0.4752,305.0,0.4753,307.0
1753533172479,12:32:52.479,ARK/USDT:USDT,0.4747,321.0,0.4746,1420.0,0.4752,305.0,0.4753,307.0
1753533176306,12:32:56.306,ARK/USDT:USDT,0.4747,321.0,0.4746,1420.0,0.4752,305.0,0.4753,307.0
1753533177279,12:32:57.279,ARK/USDT:USDT,0.4747,321.0,0.4746,1420.0,0.4752,305.0,0.4753,307.0
1753533180764,12:33:00.764,ARK/USDT:USDT,0.4747,321.0,0.4746,1420.0,0.4751,58.0,0.4752,305.0
1753533180770,12:33:00.770,ARK/USDT:USDT,0.4747,264.0,0.4746,1420.0,0.4751,58.0,0.4752,305.0
1753533180939,12:33:00.939,ARK/USDT:USDT,0.4747,264.0,0.4746,307.0,0.4751,58.0,0.4752,305.0
1753533182081,12:33:02.081,ARK/USDT:USDT,0.4747,264.0,0.4746,307.0,0.4751,58.0,0.4752,305.0
1753533184326,12:33:04.326,ARK/USDT:USDT,0.4747,264.0,0.4746,307.0,0.4751,58.0,0.4752,305.0
1753533185910,12:33:05.910,ARK/USDT:USDT,0.4747,264.0,0.4746,307.0,0.4751,269.0,0.4752,305.0
1753533186116,12:33:06.116,ARK/USDT:USDT,0.4747,264.0,0.4746,307.0,0.4751,58.0,0.4752,305.0
1753533186904,12:33:06.904,ARK/USDT:USDT,0.4747,264.0,0.4746,307.0,0.4751,58.0,0.4752,305.0
1753533191680,12:33:11.680,ARK/USDT:USDT,0.4747,264.0,0.4746,307.0,0.4751,58.0,0.4752,305.0
1753533194629,12:33:14.629,ARK/USDT:USDT,0.4747,14.0,0.4746,307.0,0.4751,58.0,0.4752,305.0
1753533194727,12:33:14.727,ARK/USDT:USDT,0.4746,321.0,0.4745,3710.0,0.4751,58.0,0.4752,305.0
1753533195418,12:33:15.418,ARK/USDT:USDT,0.4746,321.0,0.4745,3710.0,0.4751,308.0,0.4752,305.0
1753533196243,12:33:16.243,ARK/USDT:USDT,0.4746,321.0,0.4745,3710.0,0.475,56.0,0.4751,308.0
1753533196364,12:33:16.364,ARK/USDT:USDT,0.4746,321.0,0.4745,3710.0,0.475,56.0,0.4751,308.0
1753533196488,12:33:16.488,ARK/USDT:USDT,0.4746,321.0,0.4745,3710.0,0.475,56.0,0.4751,308.0
1753533196826,12:33:16.826,ARK/USDT:USDT,0.4746,321.0,0.4745,3710.0,0.475,56.0,0.4751,308.0
1753533196872,12:33:16.872,ARK/USDT:USDT,0.4746,321.0,0.4745,3710.0,0.475,56.0,0.4751,308.0
1753533197362,12:33:17.362,ARK/USDT:USDT,0.4746,321.0,0.4745,3710.0,0.475,56.0,0.4751,308.0
1753533197421,12:33:17.421,ARK/USDT:USDT,0.4746,321.0,0.4745,3710.0,0.475,56.0,0.4751,308.0
1753533197764,12:33:17.764,ARK/USDT:USDT,0.4746,321.0,0.4745,3710.0,0.475,56.0,0.4751,308.0
1753533198693,12:33:18.693,ARK/USDT:USDT,0.4746,321.0,0.4745,3710.0,0.475,56.0,0.4751,308.0
1753533198796,12:33:18.796,ARK/USDT:USDT,0.4746,321.0,0.4745,3710.0,0.475,56.0,0.4751,308.0
1753533198984,12:33:18.984,ARK/USDT:USDT,0.4746,321.0,0.4745,3710.0,0.475,56.0,0.4751,308.0
1753533199698,12:33:19.698,ARK/USDT:USDT,0.4746,321.0,0.4745,3710.0,0.475,56.0,0.4751,308.0
1753533199804,12:33:19.804,ARK/USDT:USDT,0.4746,321.0,0.4745,3710.0,0.475,56.0,0.4751,308.0
1753533200747,12:33:20.747,ARK/USDT:USDT,0.4746,321.0,0.4745,3710.0,0.475,56.0,0.4751,308.0
1753533201288,12:33:21.288,ARK/USDT:USDT,0.4746,321.0,0.4745,3710.0,0.475,56.0,0.4751,308.0
1753533201691,12:33:21.691,ARK/USDT:USDT,0.4746,321.0,0.4745,3710.0,0.4751,308.0,0.4752,305.0
1753533202338,12:33:22.338,ARK/USDT:USDT,0.4746,321.0,0.4745,3710.0,0.4751,308.0,0.4752,305.0
1753533205589,12:33:25.589,ARK/USDT:USDT,0.4746,321.0,0.4745,3710.0,0.475,471.0,0.4751,1570.0
1753533206083,12:33:26.083,ARK/USDT:USDT,0.4746,321.0,0.4745,3710.0,0.475,471.0,0.4751,1570.0
1753533208947,12:33:28.947,ARK/USDT:USDT,0.4747,79.0,0.4746,871.0,0.475,471.0,0.4751,1570.0
1753533209133,12:33:29.133,ARK/USDT:USDT,0.4747,79.0,0.4746,871.0,0.475,471.0,0.4751,1570.0
1753533209333,12:33:29.333,ARK/USDT:USDT,0.4747,79.0,0.4746,871.0,0.475,471.0,0.4751,1570.0
1753533210880,12:33:30.880,ARK/USDT:USDT,0.4747,79.0,0.4746,871.0,0.475,471.0,0.4751,1570.0
1753533212559,12:33:32.559,ARK/USDT:USDT,0.4747,57.0,0.4746,871.0,0.475,471.0,0.4751,1570.0
1753533213158,12:33:33.158,ARK/USDT:USDT,0.4747,79.0,0.4746,871.0,0.475,471.0,0.4751,1570.0
1753533214964,12:33:34.964,ARK/USDT:USDT,0.4747,68.0,0.4746,871.0,0.475,482.0,0.4751,1570.0
1753533215688,12:33:35.688,ARK/USDT:USDT,0.4747,79.0,0.4746,871.0,0.475,482.0,0.4751,1570.0
1753533217453,12:33:37.453,ARK/USDT:USDT,0.4747,57.0,0.4746,871.0,0.475,482.0,0.4751,1570.0
1753533217948,12:33:37.948,ARK/USDT:USDT,0.4746,321.0,0.4745,3710.0,0.475,11.0,0.4751,308.0
1753533218048,12:33:38.048,ARK/USDT:USDT,0.4746,321.0,0.4745,3710.0,0.475,471.0,0.4751,1570.0
1753533220503,12:33:40.503,ARK/USDT:USDT,0.4746,321.0,0.4745,3710.0,0.475,471.0,0.4751,1570.0
1753533221116,12:33:41.116,ARK/USDT:USDT,0.4746,321.0,0.4745,3710.0,0.475,471.0,0.4751,1570.0
1753533225281,12:33:45.281,ARK/USDT:USDT,0.4746,321.0,0.4745,3710.0,0.475,471.0,0.4751,1570.0
1753533230081,12:33:50.081,ARK/USDT:USDT,0.4746,321.0,0.4745,3710.0,0.475,471.0,0.4751,1570.0
1753533231651,12:33:51.651,ARK/USDT:USDT,0.4746,321.0,0.4745,3710.0,0.475,471.0,0.4751,1570.0
1753533231758,12:33:51.758,ARK/USDT:USDT,0.4746,321.0,0.4745,3710.0,0.4751,1570.0,0.4752,305.0
1753533231768,12:33:51.768,ARK/USDT:USDT,0.4746,321.0,0.4745,3710.0,0.475,471.0,0.4751,1570.0
1753533231994,12:33:51.994,ARK/USDT:USDT,0.4746,321.0,0.4745,3710.0,0.475,471.0,0.4751,1570.0
1753533235046,12:33:55.046,ARK/USDT:USDT,0.4746,321.0,0.4745,3710.0,0.475,471.0,0.4751,308.0
1753533235108,12:33:55.108,ARK/USDT:USDT,0.4746,321.0,0.4745,3710.0,0.475,471.0,0.4751,1570.0
1753533241353,12:34:01.353,ARK/USDT:USDT,0.4746,321.0,0.4745,3710.0,0.475,471.0,0.4751,1570.0
1753533241368,12:34:01.368,ARK/USDT:USDT,0.4746,321.0,0.4745,3710.0,0.475,471.0,0.4751,1570.0
1753533244364,12:34:04.364,ARK/USDT:USDT,0.4746,321.0,0.4745,3710.0,0.475,471.0,0.4751,1570.0
1753533245081,12:34:05.081,ARK/USDT:USDT,0.4746,321.0,0.4745,3710.0,0.475,471.0,0.4751,1570.0
1753533252449,12:34:12.449,ARK/USDT:USDT,0.4746,321.0,0.4745,3710.0,0.475,471.0,0.4751,1570.0
1753533256688,12:34:16.688,ARK/USDT:USDT,0.4746,321.0,0.4745,3710.0,0.475,471.0,0.4751,1570.0
1753533258546,12:34:18.546,ARK/USDT:USDT,0.4747,68.0,0.4746,1019.0,0.475,471.0,0.4751,1570.0
1753533258568,12:34:18.568,ARK/USDT:USDT,0.4747,79.0,0.4746,1019.0,0.475,471.0,0.4751,1570.0
1753533258902,12:34:18.902,ARK/USDT:USDT,0.4747,79.0,0.4746,1019.0,0.475,471.0,0.4751,1570.0
1753533259806,12:34:19.806,ARK/USDT:USDT,0.4747,57.0,0.4746,1019.0,0.475,493.0,0.4751,1570.0
1753533261488,12:34:21.488,ARK/USDT:USDT,0.4747,57.0,0.4746,1019.0,0.475,493.0,0.4751,1570.0
1753533265225,12:34:25.225,ARK/USDT:USDT,0.4747,57.0,0.4746,321.0,0.475,493.0,0.4751,1570.0
1753533265346,12:34:25.346,ARK/USDT:USDT,0.4747,57.0,0.4746,321.0,0.475,493.0,0.4751,1570.0
1753533266160,12:34:26.160,ARK/USDT:USDT,0.4747,57.0,0.4746,321.0,0.475,493.0,0.4751,1570.0
1753533266282,12:34:26.282,ARK/USDT:USDT,0.4747,57.0,0.4746,321.0,0.475,493.0,0.4751,1570.0
1753533267653,12:34:27.653,ARK/USDT:USDT,0.4746,321.0,0.4745,3710.0,0.475,67.0,0.4751,308.0
1753533268921,12:34:28.921,ARK/USDT:USDT,0.4746,264.0,0.4745,3710.0,0.4749,67.0,0.475,56.0
1753533269353,12:34:29.353,ARK/USDT:USDT,0.4746,264.0,0.4745,3710.0,0.4749,67.0,0.475,56.0
1753533269405,12:34:29.405,ARK/USDT:USDT,0.4746,264.0,0.4745,3710.0,0.4749,67.0,0.475,56.0
1753533269861,12:34:29.861,ARK/USDT:USDT,0.4746,286.0,0.4745,3710.0,0.475,56.0,0.4751,308.0
1753533269958,12:34:29.958,ARK/USDT:USDT,0.4746,264.0,0.4745,3710.0,0.4749,1275.0,0.475,56.0
1753533270024,12:34:30.024,ARK/USDT:USDT,0.4746,264.0,0.4745,3710.0,0.4749,1275.0,0.475,56.0
1753533270234,12:34:30.234,ARK/USDT:USDT,0.4746,264.0,0.4745,3710.0,0.4749,1275.0,0.475,56.0
1753533270305,12:34:30.305,ARK/USDT:USDT,0.4746,264.0,0.4745,3710.0,0.4749,1275.0,0.475,56.0
1753533271054,12:34:31.054,ARK/USDT:USDT,0.4746,264.0,0.4745,3710.0,0.4749,1286.0,0.475,56.0
1753533271135,12:34:31.135,ARK/USDT:USDT,0.4746,264.0,0.4745,3710.0,0.4749,1286.0,0.475,56.0
1753533271205,12:34:31.205,ARK/USDT:USDT,0.4746,264.0,0.4745,3710.0,0.4749,1286.0,0.475,56.0
1753533271462,12:34:31.462,ARK/USDT:USDT,0.4746,264.0,0.4745,3710.0,0.4749,1286.0,0.475,56.0
1753533271475,12:34:31.475,ARK/USDT:USDT,0.4746,264.0,0.4745,3710.0,0.4749,1286.0,0.475,56.0
1753533271764,12:34:31.764,ARK/USDT:USDT,0.4746,264.0,0.4745,3710.0,0.4749,1286.0,0.475,56.0
1753533271814,12:34:31.814,ARK/USDT:USDT,0.4746,275.0,0.4745,3710.0,0.4749,1286.0,0.475,56.0
1753533271960,12:34:31.960,ARK/USDT:USDT,0.4746,264.0,0.4745,3710.0,0.4749,1286.0,0.475,56.0
1753533272001,12:34:32.001,ARK/USDT:USDT,0.4746,275.0,0.4745,3710.0,0.4749,1286.0,0.475,56.0
1753533272114,12:34:32.114,ARK/USDT:USDT,0.4746,264.0,0.4745,3710.0,0.4749,1286.0,0.475,56.0
1753533272228,12:34:32.228,ARK/USDT:USDT,0.4746,286.0,0.4745,3710.0,0.4749,1264.0,0.475,56.0
1753533272277,12:34:32.277,ARK/USDT:USDT,0.4746,286.0,0.4745,3710.0,0.475,56.0,0.4751,308.0
1753533272547,12:34:32.547,ARK/USDT:USDT,0.4746,275.0,0.4745,3710.0,0.475,56.0,0.4751,308.0
1753533272635,12:34:32.635,ARK/USDT:USDT,0.4746,264.0,0.4745,3710.0,0.475,56.0,0.4751,308.0
1753533273536,12:34:33.536,ARK/USDT:USDT,0.4746,264.0,0.4745,3710.0,0.475,306.0,0.4751,308.0
1753533275935,12:34:35.935,ARK/USDT:USDT,0.4746,264.0,0.4745,3710.0,0.475,306.0,0.4751,308.0
1753533280687,12:34:40.687,ARK/USDT:USDT,0.4746,264.0,0.4745,3710.0,0.475,306.0,0.4751,308.0
1753533280961,12:34:40.961,ARK/USDT:USDT,0.4746,275.0,0.4745,3710.0,0.4749,67.0,0.475,306.0
1753533281155,12:34:41.155,ARK/USDT:USDT,0.4746,264.0,0.4745,3710.0,0.4749,67.0,0.475,306.0
1753533281447,12:34:41.447,ARK/USDT:USDT,0.4746,264.0,0.4745,3710.0,0.4749,67.0,0.475,306.0
1753533281627,12:34:41.627,ARK/USDT:USDT,0.4746,275.0,0.4745,3710.0,0.4749,56.0,0.475,306.0
1753533281958,12:34:41.958,ARK/USDT:USDT,0.4746,275.0,0.4745,3710.0,0.4749,67.0,0.475,306.0
1753533282307,12:34:42.307,ARK/USDT:USDT,0.4746,275.0,0.4745,3710.0,0.4749,67.0,0.475,306.0
1753533283354,12:34:43.354,ARK/USDT:USDT,0.4746,275.0,0.4745,3710.0,0.4749,78.0,0.475,306.0
1753533283968,12:34:43.968,ARK/USDT:USDT,0.4746,264.0,0.4745,3710.0,0.4749,78.0,0.475,306.0
1753533284114,12:34:44.114,ARK/USDT:USDT,0.4746,275.0,0.4745,3710.0,0.4749,78.0,0.475,306.0
1753533285483,12:34:45.483,ARK/USDT:USDT,0.4746,275.0,0.4745,3710.0,0.4749,78.0,0.475,306.0
1753533287329,12:34:47.329,ARK/USDT:USDT,0.4746,264.0,0.4745,3710.0,0.4749,78.0,0.475,306.0
1753533287384,12:34:47.384,ARK/USDT:USDT,0.4746,264.0,0.4745,3710.0,0.4749,1342.0,0.475,306.0
1753533288818,12:34:48.818,ARK/USDT:USDT,0.4746,275.0,0.4745,3710.0,0.4749,1331.0,0.475,306.0
1753533289041,12:34:49.041,ARK/USDT:USDT,0.4746,275.0,0.4745,3710.0,0.4749,1320.0,0.475,306.0
1753533289151,12:34:49.151,ARK/USDT:USDT,0.4746,275.0,0.4745,3710.0,0.4749,1320.0,0.475,306.0
1753533289501,12:34:49.501,ARK/USDT:USDT,0.4746,275.0,0.4745,3710.0,0.4749,1342.0,0.475,306.0
1753533289586,12:34:49.586,ARK/USDT:USDT,0.4746,264.0,0.4745,3710.0,0.4749,1342.0,0.475,306.0
1753533290284,12:34:50.284,ARK/USDT:USDT,0.4746,264.0,0.4745,3710.0,0.4749,1342.0,0.475,306.0
1753533292483,12:34:52.483,ARK/USDT:USDT,0.4746,275.0,0.4745,3710.0,0.4749,1342.0,0.475,306.0
1753533295085,12:34:55.085,ARK/USDT:USDT,0.4746,275.0,0.4745,3710.0,0.4749,1342.0,0.475,306.0
1753533295891,12:34:55.891,ARK/USDT:USDT,0.4746,264.0,0.4745,3710.0,0.4749,1331.0,0.475,306.0
1753533297012,12:34:57.012,ARK/USDT:USDT,0.4746,14.0,0.4745,3710.0,0.4749,1331.0,0.475,306.0
1753533297501,12:34:57.501,ARK/USDT:USDT,0.4746,82.0,0.4745,3710.0,0.4749,1264.0,0.475,306.0
1753533297583,12:34:57.583,ARK/USDT:USDT,0.4746,82.0,0.4745,3710.0,0.4749,1264.0,0.475,306.0
1753533299884,12:34:59.884,ARK/USDT:USDT,0.4746,82.0,0.4745,3710.0,0.4749,1264.0,0.475,306.0
1753533301416,12:35:01.416,ARK/USDT:USDT,0.4746,71.0,0.4745,3710.0,0.4749,1275.0,0.475,306.0
1753533301561,12:35:01.561,ARK/USDT:USDT,0.4746,14.0,0.4745,3710.0,0.4749,1275.0,0.475,306.0
1753533303121,12:35:03.121,ARK/USDT:USDT,0.4746,89.0,0.4745,3710.0,0.4749,1264.0,0.475,306.0
1753533304402,12:35:04.402,ARK/USDT:USDT,0.4746,89.0,0.4745,3710.0,0.4749,1264.0,0.475,306.0
1753533304685,12:35:04.685,ARK/USDT:USDT,0.4746,89.0,0.4745,3710.0,0.4749,1264.0,0.475,306.0
1753533309484,12:35:09.484,ARK/USDT:USDT,0.4746,89.0,0.4745,3710.0,0.4749,1264.0,0.475,306.0
1753533314304,12:35:14.304,ARK/USDT:USDT,0.4746,89.0,0.4745,3710.0,0.4749,1264.0,0.475,306.0
1753533315132,12:35:15.132,ARK/USDT:USDT,0.4746,89.0,0.4745,3710.0,0.4749,1264.0,0.475,306.0
1753533315220,12:35:15.220,ARK/USDT:USDT,0.4746,89.0,0.4745,3710.0,0.4749,1264.0,0.475,306.0
1753533315302,12:35:15.302,ARK/USDT:USDT,0.4746,89.0,0.4745,3710.0,0.4749,1264.0,0.475,306.0
1753533315436,12:35:15.436,ARK/USDT:USDT,0.4746,89.0,0.4745,3710.0,0.4749,1283.0,0.475,306.0
1753533315497,12:35:15.497,ARK/USDT:USDT,0.4746,89.0,0.4745,3710.0,0.4749,1283.0,0.475,306.0
1753533316289,12:35:16.289,ARK/USDT:USDT,0.4746,89.0,0.4745,3710.0,0.4749,1283.0,0.475,306.0
1753533316408,12:35:16.408,ARK/USDT:USDT,0.4746,89.0,0.4745,3710.0,0.4749,1283.0,0.475,306.0
1753533316530,12:35:16.530,ARK/USDT:USDT,0.4746,89.0,0.4745,3710.0,0.4749,1283.0,0.475,306.0
1753533316616,12:35:16.616,ARK/USDT:USDT,0.4746,89.0,0.4745,3710.0,0.4749,1283.0,0.475,306.0
1753533316682,12:35:16.682,ARK/USDT:USDT,0.4746,89.0,0.4745,3710.0,0.4749,1283.0,0.475,306.0
1753533316812,12:35:16.812,ARK/USDT:USDT,0.4746,89.0,0.4745,3710.0,0.4749,1283.0,0.475,306.0
1753533316942,12:35:16.942,ARK/USDT:USDT,0.4746,89.0,0.4745,3710.0,0.4749,1283.0,0.475,306.0
1753533316996,12:35:16.996,ARK/USDT:USDT,0.4746,89.0,0.4745,3710.0,0.4749,1283.0,0.475,306.0
1753533317071,12:35:17.071,ARK/USDT:USDT,0.4746,89.0,0.4745,3710.0,0.4749,1283.0,0.475,306.0
1753533317358,12:35:17.358,ARK/USDT:USDT,0.4746,89.0,0.4745,3710.0,0.4749,1283.0,0.475,306.0
1753533317414,12:35:17.414,ARK/USDT:USDT,0.4746,89.0,0.4745,3710.0,0.4749,1283.0,0.475,306.0
1753533317491,12:35:17.491,ARK/USDT:USDT,0.4746,89.0,0.4745,3710.0,0.4749,1283.0,0.475,306.0
1753533319118,12:35:19.118,ARK/USDT:USDT,0.4746,89.0,0.4745,3710.0,0.4749,1283.0,0.475,306.0
1753533319187,12:35:19.187,ARK/USDT:USDT,0.4746,89.0,0.4745,3710.0,0.4749,1283.0,0.475,306.0
1753533322759,12:35:22.759,ARK/USDT:USDT,0.4746,14.0,0.4745,3710.0,0.475,306.0,0.4751,308.0
1753533323003,12:35:23.003,ARK/USDT:USDT,0.4746,14.0,0.4745,3710.0,0.475,306.0,0.4751,308.0
1753533323883,12:35:23.883,ARK/USDT:USDT,0.4746,14.0,0.4745,3710.0,0.475,306.0,0.4751,308.0
1753533328683,12:35:28.683,ARK/USDT:USDT,0.4746,14.0,0.4745,3710.0,0.475,306.0,0.4751,308.0
1753533329402,12:35:29.402,ARK/USDT:USDT,0.4746,14.0,0.4745,3710.0,0.475,306.0,0.4751,308.0
1753533332300,12:35:32.300,ARK/USDT:USDT,0.4746,72.0,0.4745,3710.0,0.475,306.0,0.4751,308.0
1753533332598,12:35:32.598,ARK/USDT:USDT,0.4747,77.0,0.4746,72.0,0.475,288.0,0.4751,308.0
1753533332704,12:35:32.704,ARK/USDT:USDT,0.4747,58.0,0.4746,72.0,0.475,288.0,0.4751,308.0
1753533333484,12:35:33.484,ARK/USDT:USDT,0.4747,58.0,0.4746,72.0,0.475,288.0,0.4751,308.0
1753533335580,12:35:35.580,ARK/USDT:USDT,0.4747,58.0,0.4746,72.0,0.475,699.0,0.4751,308.0
1753533338309,12:35:38.309,ARK/USDT:USDT,0.4747,77.0,0.4746,72.0,0.475,699.0,0.4751,308.0
1753533338421,12:35:38.421,ARK/USDT:USDT,0.4747,77.0,0.4746,72.0,0.475,699.0,0.4751,308.0
1753533341205,12:35:41.205,ARK/USDT:USDT,0.4747,58.0,0.4746,72.0,0.475,699.0,0.4751,308.0
1753533342175,12:35:42.175,ARK/USDT:USDT,0.4747,77.0,0.4746,72.0,0.475,699.0,0.4751,308.0
1753533343087,12:35:43.087,ARK/USDT:USDT,0.4747,77.0,0.4746,72.0,0.475,699.0,0.4751,308.0
1753533346850,12:35:46.850,ARK/USDT:USDT,0.4747,58.0,0.4746,72.0,0.475,699.0,0.4751,308.0
1753533347362,12:35:47.362,ARK/USDT:USDT,0.4747,77.0,0.4746,72.0,0.475,250.0,0.4751,308.0
1753533347464,12:35:47.464,ARK/USDT:USDT,0.4747,58.0,0.4746,72.0,0.475,269.0,0.4751,308.0
1753533347464,12:35:47.464,ARK/USDT:USDT,0.4747,58.0,0.4746,72.0,0.475,288.0,0.4751,308.0
1753533347884,12:35:47.884,ARK/USDT:USDT,0.4747,58.0,0.4746,72.0,0.475,288.0,0.4751,308.0
1753533349630,12:35:49.630,ARK/USDT:USDT,0.4747,77.0,0.4746,72.0,0.475,288.0,0.4751,308.0
1753533349727,12:35:49.727,ARK/USDT:USDT,0.4747,58.0,0.4746,72.0,0.475,699.0,0.4751,308.0
1753533350557,12:35:50.557,ARK/USDT:USDT,0.4747,77.0,0.4746,72.0,0.475,699.0,0.4751,308.0
1753533350835,12:35:50.835,ARK/USDT:USDT,0.4747,77.0,0.4746,72.0,0.475,680.0,0.4751,308.0
1753533351406,12:35:51.406,ARK/USDT:USDT,0.4747,58.0,0.4746,72.0,0.475,680.0,0.4751,308.0
1753533352084,12:35:52.084,ARK/USDT:USDT,0.4747,77.0,0.4746,72.0,0.475,680.0,0.4751,308.0
1753533352688,12:35:52.688,ARK/USDT:USDT,0.4747,58.0,0.4746,72.0,0.475,699.0,0.4751,308.0
1753533357486,12:35:57.486,ARK/USDT:USDT,0.4747,58.0,0.4746,72.0,0.475,699.0,0.4751,308.0
1753533357614,12:35:57.614,ARK/USDT:USDT,0.4747,58.0,0.4746,72.0,0.475,699.0,0.4751,308.0
1753533358292,12:35:58.292,ARK/USDT:USDT,0.4747,77.0,0.4746,72.0,0.475,699.0,0.4751,308.0
1753533358465,12:35:58.465,ARK/USDT:USDT,0.4748,93.0,0.4747,58.0,0.475,250.0,0.4751,250.0
1753533358554,12:35:58.554,ARK/USDT:USDT,0.4749,93.0,0.4748,55.0,0.4751,250.0,0.4752,250.0
1753533358628,12:35:58.628,ARK/USDT:USDT,0.4749,93.0,0.4748,55.0,0.4752,250.0,0.4753,307.0
1753533358668,12:35:58.668,ARK/USDT:USDT,0.4749,93.0,0.4748,55.0,0.4752,250.0,0.4753,307.0
1753533358805,12:35:58.805,ARK/USDT:USDT,0.4749,93.0,0.4748,55.0,0.4752,250.0,0.4753,307.0
1753533360409,12:36:00.409,ARK/USDT:USDT,0.4749,74.0,0.4748,55.0,0.4752,250.0,0.4753,307.0
1753533360558,12:36:00.558,ARK/USDT:USDT,0.4749,74.0,0.4748,55.0,0.4752,250.0,0.4753,307.0
1753533360844,12:36:00.844,ARK/USDT:USDT,0.4749,93.0,0.4748,55.0,0.4752,250.0,0.4753,307.0
1753533361612,12:36:01.612,ARK/USDT:USDT,0.4749,93.0,0.4748,55.0,0.4752,250.0,0.4753,307.0
1753533362286,12:36:02.286,ARK/USDT:USDT,0.4749,93.0,0.4748,55.0,0.4752,250.0,0.4753,307.0
1753533362912,12:36:02.912,ARK/USDT:USDT,0.475,96.0,0.4749,55.0,0.4752,250.0,0.4753,250.0
1753533363029,12:36:03.029,ARK/USDT:USDT,0.475,96.0,0.4749,55.0,0.4753,250.0,0.4754,307.0
1753533363264,12:36:03.264,ARK/USDT:USDT,0.4751,96.0,0.475,58.0,0.4753,250.0,0.4754,250.0
1753533363340,12:36:03.340,ARK/USDT:USDT,0.4751,96.0,0.475,1517.0,0.4753,250.0,0.4754,250.0
1753533363375,12:36:03.375,ARK/USDT:USDT,0.4751,110.0,0.475,1517.0,0.4753,250.0,0.4754,250.0
1753533363510,12:36:03.510,ARK/USDT:USDT,0.4751,110.0,0.475,1517.0,0.4754,250.0,0.4755,306.0
1753533363625,12:36:03.625,ARK/USDT:USDT,0.4751,110.0,0.475,1517.0,0.4754,250.0,0.4755,306.0
1753533363670,12:36:03.670,ARK/USDT:USDT,0.4751,110.0,0.475,1517.0,0.4754,250.0,0.4755,306.0
1753533364160,12:36:04.160,ARK/USDT:USDT,0.4751,110.0,0.475,2304.0,0.4754,250.0,0.4755,306.0
1753533364417,12:36:04.417,ARK/USDT:USDT,0.4751,110.0,0.475,2304.0,0.4754,250.0,0.4755,306.0
1753533365008,12:36:05.008,ARK/USDT:USDT,0.4751,110.0,0.475,845.0,0.4754,250.0,0.4755,306.0
1753533365093,12:36:05.093,ARK/USDT:USDT,0.4751,96.0,0.475,859.0,0.4754,250.0,0.4755,306.0
1753533365353,12:36:05.353,ARK/USDT:USDT,0.4751,96.0,0.475,859.0,0.4754,250.0,0.4755,306.0
1753533365759,12:36:05.759,ARK/USDT:USDT,0.4752,58.0,0.4751,96.0,0.4754,250.0,0.4755,306.0
1753533365858,12:36:05.858,ARK/USDT:USDT,0.4752,96.0,0.4751,58.0,0.4754,250.0,0.4755,250.0
1753533365958,12:36:05.958,ARK/USDT:USDT,0.4752,96.0,0.4751,58.0,0.4754,250.0,0.4755,250.0
1753533366143,12:36:06.143,ARK/USDT:USDT,0.4752,96.0,0.4751,58.0,0.4754,250.0,0.4755,250.0
1753533366209,12:36:06.209,ARK/USDT:USDT,0.4752,96.0,0.4751,58.0,0.4754,250.0,0.4755,250.0
1753533366490,12:36:06.490,ARK/USDT:USDT,0.4752,96.0,0.4751,308.0,0.4755,250.0,0.4756,307.0
1753533366927,12:36:06.927,ARK/USDT:USDT,0.4752,96.0,0.4751,308.0,0.4755,250.0,0.4756,307.0
1753533367487,12:36:07.487,ARK/USDT:USDT,0.4752,96.0,0.4751,308.0,0.4755,250.0,0.4756,307.0
1753533367755,12:36:07.755,ARK/USDT:USDT,0.4752,96.0,0.4751,308.0,0.4755,250.0,0.4756,307.0
1753533368685,12:36:08.685,ARK/USDT:USDT,0.4752,96.0,0.4751,308.0,0.4755,250.0,0.4756,307.0
1753533369057,12:36:09.057,ARK/USDT:USDT,0.4753,96.0,0.4752,58.0,0.4755,250.0,0.4756,250.0
1753533369159,12:36:09.159,ARK/USDT:USDT,0.4753,96.0,0.4752,58.0,0.4755,250.0,0.4756,250.0
1753533369181,12:36:09.181,ARK/USDT:USDT,0.4753,77.0,0.4752,58.0,0.4755,250.0,0.4756,250.0
1753533369352,12:36:09.352,ARK/USDT:USDT,0.4753,77.0,0.4752,58.0,0.4755,250.0,0.4756,250.0
1753533369463,12:36:09.463,ARK/USDT:USDT,0.4753,77.0,0.4752,58.0,0.4756,250.0,0.4757,307.0
1753533369472,12:36:09.472,ARK/USDT:USDT,0.4753,96.0,0.4752,58.0,0.4756,250.0,0.4757,307.0
1753533371779,12:36:11.779,ARK/USDT:USDT,0.4753,96.0,0.4752,58.0,0.4756,250.0,0.4757,307.0
1753533372196,12:36:12.196,ARK/USDT:USDT,0.4753,96.0,0.4752,58.0,0.4756,250.0,0.4757,307.0
1753533372436,12:36:12.436,ARK/USDT:USDT,0.4753,96.0,0.4752,58.0,0.4756,250.0,0.4757,307.0
1753533373484,12:36:13.484,ARK/USDT:USDT,0.4753,96.0,0.4752,58.0,0.4756,250.0,0.4757,307.0
1753533377628,12:36:17.628,ARK/USDT:USDT,0.4753,77.0,0.4752,58.0,0.4756,250.0,0.4757,307.0
1753533378285,12:36:18.285,ARK/USDT:USDT,0.4753,77.0,0.4752,58.0,0.4756,250.0,0.4757,307.0
1753533378380,12:36:18.380,ARK/USDT:USDT,0.4753,77.0,0.4752,58.0,0.4756,250.0,0.4757,307.0
1753533379561,12:36:19.561,ARK/USDT:USDT,0.4753,77.0,0.4752,58.0,0.4756,250.0,0.4757,307.0
1753533379582,12:36:19.582,ARK/USDT:USDT,0.4753,77.0,0.4752,58.0,0.4756,250.0,0.4757,307.0
1753533383085,12:36:23.085,ARK/USDT:USDT,0.4753,77.0,0.4752,58.0,0.4756,250.0,0.4757,307.0
1753533387885,12:36:27.885,ARK/USDT:USDT,0.4753,77.0,0.4752,58.0,0.4756,250.0,0.4757,307.0
1753533389430,12:36:29.430,ARK/USDT:USDT,0.4753,77.0,0.4752,58.0,0.4756,250.0,0.4757,307.0
1753533392687,12:36:32.687,ARK/USDT:USDT,0.4753,77.0,0.4752,58.0,0.4756,250.0,0.4757,307.0
1753533394470,12:36:34.470,ARK/USDT:USDT,0.4753,77.0,0.4752,58.0,0.4756,250.0,0.4757,307.0
1753533397485,12:36:37.485,ARK/USDT:USDT,0.4753,77.0,0.4752,58.0,0.4756,250.0,0.4757,307.0
1753533399417,12:36:39.417,ARK/USDT:USDT,0.4753,77.0,0.4752,58.0,0.4756,250.0,0.4757,307.0
1753533407158,12:36:47.158,ARK/USDT:USDT,0.4753,19.0,0.4752,58.0,0.4756,250.0,0.4757,307.0
1753533407167,12:36:47.167,ARK/USDT:USDT,0.4753,19.0,0.4752,58.0,0.4756,250.0,0.4757,307.0
1753533422129,12:37:02.129,ARK/USDT:USDT,0.4753,19.0,0.4752,58.0,0.4756,250.0,0.4757,307.0
1753533422310,12:37:02.310,ARK/USDT:USDT,0.4753,19.0,0.4752,58.0,0.4756,250.0,0.4757,307.0
1753533422439,12:37:02.439,ARK/USDT:USDT,0.4753,19.0,0.4752,58.0,0.4756,250.0,0.4757,307.0
1753533422859,12:37:02.859,ARK/USDT:USDT,0.4753,19.0,0.4752,58.0,0.4756,250.0,0.4757,307.0
1753533422898,12:37:02.898,ARK/USDT:USDT,0.4753,19.0,0.4752,58.0,0.4756,250.0,0.4757,307.0
1753533422972,12:37:02.972,ARK/USDT:USDT,0.4753,38.0,0.4752,58.0,0.4756,250.0,0.4757,307.0
1753533423133,12:37:03.133,ARK/USDT:USDT,0.4753,38.0,0.4752,58.0,0.4756,250.0,0.4757,307.0
1753533423886,12:37:03.886,ARK/USDT:USDT,0.4753,38.0,0.4752,58.0,0.4756,250.0,0.4757,307.0
1753533424490,12:37:04.490,ARK/USDT:USDT,0.4753,38.0,0.4752,58.0,0.4756,250.0,0.4757,307.0
1753533424707,12:37:04.707,ARK/USDT:USDT,0.4753,38.0,0.4752,58.0,0.4756,250.0,0.4757,307.0
1753533424830,12:37:04.830,ARK/USDT:USDT,0.4753,38.0,0.4752,58.0,0.4756,250.0,0.4757,307.0
1753533425387,12:37:05.387,ARK/USDT:USDT,0.4753,38.0,0.4752,58.0,0.4756,250.0,0.4757,307.0
1753533426762,12:37:06.762,ARK/USDT:USDT,0.4753,38.0,0.4752,58.0,0.4756,269.0,0.4757,307.0
1753533427356,12:37:07.356,ARK/USDT:USDT,0.4753,38.0,0.4752,58.0,0.4756,250.0,0.4757,307.0
1753533427786,12:37:07.786,ARK/USDT:USDT,0.4753,38.0,0.4752,58.0,0.4756,250.0,0.4757,307.0
1753533428161,12:37:08.161,ARK/USDT:USDT,0.4753,38.0,0.4752,58.0,0.4756,250.0,0.4757,307.0
1753533428201,12:37:08.201,ARK/USDT:USDT,0.4753,38.0,0.4752,58.0,0.4756,269.0,0.4757,307.0
1753533429158,12:37:09.158,ARK/USDT:USDT,0.4753,38.0,0.4752,58.0,0.4756,250.0,0.4757,307.0
1753533429560,12:37:09.560,ARK/USDT:USDT,0.4753,38.0,0.4752,58.0,0.4756,269.0,0.4757,307.0
1753533429827,12:37:09.827,ARK/USDT:USDT,0.4753,38.0,0.4752,58.0,0.4756,269.0,0.4757,307.0
1753533430637,12:37:10.637,ARK/USDT:USDT,0.4753,38.0,0.4752,58.0,0.4756,250.0,0.4757,307.0
1753533433761,12:37:13.761,ARK/USDT:USDT,0.4753,38.0,0.4752,58.0,0.4756,269.0,0.4757,307.0
1753533434355,12:37:14.355,ARK/USDT:USDT,0.4753,38.0,0.4752,58.0,0.4756,250.0,0.4757,307.0
1753533434818,12:37:14.818,ARK/USDT:USDT,0.4753,38.0,0.4752,58.0,0.4756,250.0,0.4757,307.0
1753533434959,12:37:14.959,ARK/USDT:USDT,0.4753,38.0,0.4752,58.0,0.4756,269.0,0.4757,307.0
1753533436156,12:37:16.156,ARK/USDT:USDT,0.4753,38.0,0.4752,58.0,0.4756,250.0,0.4757,307.0
1753533436412,12:37:16.412,ARK/USDT:USDT,0.4753,38.0,0.4752,58.0,0.4756,269.0,0.4757,307.0
1753533438856,12:37:18.856,ARK/USDT:USDT,0.4753,19.0,0.4752,58.0,0.4756,269.0,0.4757,307.0
1753533438888,12:37:18.888,ARK/USDT:USDT,0.4753,38.0,0.4752,58.0,0.4756,269.0,0.4757,307.0
1753533440456,12:37:20.456,ARK/USDT:USDT,0.4753,19.0,0.4752,58.0,0.4756,269.0,0.4757,307.0
1753533440482,12:37:20.482,ARK/USDT:USDT,0.4753,19.0,0.4752,58.0,0.4756,269.0,0.4757,307.0
1753533441561,12:37:21.561,ARK/USDT:USDT,0.4753,38.0,0.4752,58.0,0.4756,288.0,0.4757,307.0
1753533443724,12:37:23.724,ARK/USDT:USDT,0.4753,38.0,0.4752,58.0,0.4756,288.0,0.4757,307.0
1753533443818,12:37:23.818,ARK/USDT:USDT,0.4753,38.0,0.4752,58.0,0.4756,288.0,0.4757,307.0
1753533445021,12:37:25.021,ARK/USDT:USDT,0.4753,19.0,0.4752,58.0,0.4756,288.0,0.4757,307.0
1753533446037,12:37:26.037,ARK/USDT:USDT,0.4753,38.0,0.4752,58.0,0.4756,288.0,0.4757,307.0
1753533446819,12:37:26.819,ARK/USDT:USDT,0.4753,38.0,0.4752,58.0,0.4756,288.0,0.4757,307.0
1753533446943,12:37:26.943,ARK/USDT:USDT,0.4753,19.0,0.4752,58.0,0.4756,288.0,0.4757,307.0
1753533447112,12:37:27.112,ARK/USDT:USDT,0.4753,38.0,0.4752,58.0,0.4756,269.0,0.4757,307.0
1753533447808,12:37:27.808,ARK/USDT:USDT,0.4753,38.0,0.4752,58.0,0.4756,288.0,0.4757,307.0
1753533448663,12:37:28.663,ARK/USDT:USDT,0.4753,19.0,0.4752,58.0,0.4756,288.0,0.4757,307.0
1753533449265,12:37:29.265,ARK/USDT:USDT,0.4753,38.0,0.4752,58.0,0.4756,288.0,0.4757,307.0
1753533449460,12:37:29.460,ARK/USDT:USDT,0.4753,38.0,0.4752,58.0,0.4756,288.0,0.4757,307.0
1753533449547,12:37:29.547,ARK/USDT:USDT,0.4753,38.0,0.4752,58.0,0.4756,288.0,0.4757,307.0
1753533450457,12:37:30.457,ARK/USDT:USDT,0.4753,19.0,0.4752,58.0,0.4756,288.0,0.4757,307.0
1753533451063,12:37:31.063,ARK/USDT:USDT,0.4753,38.0,0.4752,58.0,0.4756,288.0,0.4757,307.0
1753533453440,12:37:33.440,ARK/USDT:USDT,0.4752,58.0,0.4751,322.0,0.4756,269.0,0.4757,307.0
1753533453508,12:37:33.508,ARK/USDT:USDT,0.4752,308.0,0.4751,322.0,0.4756,269.0,0.4757,307.0
1753533453843,12:37:33.843,ARK/USDT:USDT,0.4752,308.0,0.4751,322.0,0.4756,269.0,0.4757,307.0
1753533454515,12:37:34.515,ARK/USDT:USDT,0.4752,308.0,0.4751,322.0,0.4756,250.0,0.4757,307.0
1753533455996,12:37:35.996,ARK/USDT:USDT,0.4753,95.0,0.4752,308.0,0.4756,250.0,0.4757,307.0
1753533456358,12:37:36.358,ARK/USDT:USDT,0.4753,95.0,0.4752,308.0,0.4756,288.0,0.4757,307.0
1753533460554,12:37:40.554,ARK/USDT:USDT,0.4753,95.0,0.4752,308.0,0.4756,250.0,0.4757,307.0
1753533462258,12:37:42.258,ARK/USDT:USDT,0.4753,95.0,0.4752,308.0,0.4756,288.0,0.4757,307.0
1753533462721,12:37:42.721,ARK/USDT:USDT,0.4753,95.0,0.4752,308.0,0.4756,288.0,0.4757,307.0
1753533462858,12:37:42.858,ARK/USDT:USDT,0.4753,95.0,0.4752,308.0,0.4756,269.0,0.4757,307.0
1753533463958,12:37:43.958,ARK/USDT:USDT,0.4753,95.0,0.4752,308.0,0.4756,288.0,0.4757,307.0
1753533470273,12:37:50.273,ARK/USDT:USDT,0.4753,95.0,0.4752,308.0,0.4756,288.0,0.4757,307.0
1753533472857,12:37:52.857,ARK/USDT:USDT,0.4753,76.0,0.4752,308.0,0.4756,288.0,0.4757,307.0
1753533472989,12:37:52.989,ARK/USDT:USDT,0.4753,95.0,0.4752,308.0,0.4756,288.0,0.4757,307.0
1753533474290,12:37:54.290,ARK/USDT:USDT,0.4753,95.0,0.4752,308.0,0.4756,288.0,0.4757,307.0
1753533475625,12:37:55.625,ARK/USDT:USDT,0.4753,95.0,0.4752,308.0,0.4756,250.0,0.4757,307.0
1753533476265,12:37:56.265,ARK/USDT:USDT,0.4753,95.0,0.4752,308.0,0.4756,288.0,0.4757,307.0
1753533479576,12:37:59.576,ARK/USDT:USDT,0.4753,76.0,0.4752,308.0,0.4756,288.0,0.4757,307.0
1753533480541,12:38:00.541,ARK/USDT:USDT,0.4753,95.0,0.4752,308.0,0.4756,250.0,0.4757,307.0
1753533480570,12:38:00.570,ARK/USDT:USDT,0.4753,95.0,0.4752,308.0,0.4756,288.0,0.4757,307.0
1753533481403,12:38:01.403,ARK/USDT:USDT,0.4753,95.0,0.4752,308.0,0.4756,269.0,0.4757,307.0
1753533482657,12:38:02.657,ARK/USDT:USDT,0.4753,95.0,0.4752,308.0,0.4756,288.0,0.4757,307.0
1753533483648,12:38:03.648,ARK/USDT:USDT,0.4752,308.0,0.4751,322.0,0.4756,269.0,0.4757,307.0
1753533483687,12:38:03.687,ARK/USDT:USDT,0.4752,308.0,0.4751,322.0,0.4756,269.0,0.4757,307.0
1753533484064,12:38:04.064,ARK/USDT:USDT,0.4752,250.0,0.4751,322.0,0.4755,56.0,0.4756,325.0
1753533484157,12:38:04.157,ARK/USDT:USDT,0.4752,250.0,0.4751,322.0,0.4755,94.0,0.4756,306.0
1753533484192,12:38:04.192,ARK/USDT:USDT,0.4752,250.0,0.4751,264.0,0.4755,94.0,0.4756,306.0
1753533484355,12:38:04.355,ARK/USDT:USDT,0.4752,250.0,0.4751,264.0,0.4755,1356.0,0.4756,306.0
1753533484449,12:38:04.449,ARK/USDT:USDT,0.4751,264.0,0.475,308.0,0.4754,94.0,0.4755,1318.0
1753533484501,12:38:04.501,ARK/USDT:USDT,0.4751,250.0,0.475,264.0,0.4754,94.0,0.4755,1318.0
1753533484852,12:38:04.852,ARK/USDT:USDT,0.4751,250.0,0.475,264.0,0.4754,94.0,0.4755,1318.0
1753533484922,12:38:04.922,ARK/USDT:USDT,0.4751,250.0,0.475,250.0,0.4754,94.0,0.4755,1318.0
1753533485151,12:38:05.151,ARK/USDT:USDT,0.475,250.0,0.4749,319.0,0.4754,344.0,0.4755,1318.0
1753533485178,12:38:05.178,ARK/USDT:USDT,0.475,250.0,0.4749,305.0,0.4754,344.0,0.4755,1318.0
1753533485416,12:38:05.416,ARK/USDT:USDT,0.475,250.0,0.4749,305.0,0.4754,344.0,0.4755,1318.0
1753533485552,12:38:05.552,ARK/USDT:USDT,0.475,250.0,0.4749,305.0,0.4754,344.0,0.4755,1318.0
1753533485664,12:38:05.664,ARK/USDT:USDT,0.475,250.0,0.4749,305.0,0.4753,56.0,0.4754,344.0
1753533485757,12:38:05.757,ARK/USDT:USDT,0.475,269.0,0.4749,305.0,0.4753,56.0,0.4754,344.0
1753533485823,12:38:05.823,ARK/USDT:USDT,0.475,269.0,0.4749,305.0,0.4753,75.0,0.4754,325.0
1753533485914,12:38:05.914,ARK/USDT:USDT,0.475,269.0,0.4749,305.0,0.4752,1053.0,0.4753,56.0
1753533486064,12:38:06.064,ARK/USDT:USDT,0.475,269.0,0.4749,305.0,0.4752,1053.0,0.4753,56.0
1753533486128,12:38:06.128,ARK/USDT:USDT,0.475,269.0,0.4749,305.0,0.4752,1053.0,0.4753,56.0
1753533486721,12:38:06.721,ARK/USDT:USDT,0.475,269.0,0.4749,305.0,0.4752,421.0,0.4753,56.0
1753533487562,12:38:07.562,ARK/USDT:USDT,0.475,288.0,0.4749,305.0,0.4754,306.0,0.4755,56.0
1753533487570,12:38:07.570,ARK/USDT:USDT,0.475,288.0,0.4749,305.0,0.4754,306.0,0.4755,56.0
1753533487811,12:38:07.811,ARK/USDT:USDT,0.475,288.0,0.4749,305.0,0.4754,306.0,0.4755,56.0
1753533488089,12:38:08.089,ARK/USDT:USDT,0.475,288.0,0.4749,305.0,0.4754,306.0,0.4755,56.0
1753533488245,12:38:08.245,ARK/USDT:USDT,0.475,269.0,0.4749,305.0,0.4754,306.0,0.4755,56.0
1753533492907,12:38:12.907,ARK/USDT:USDT,0.475,269.0,0.4749,305.0,0.4754,306.0,0.4755,56.0
1753533495039,12:38:15.039,ARK/USDT:USDT,0.475,269.0,0.4749,305.0,0.4754,306.0,0.4755,56.0
1753533496448,12:38:16.448,ARK/USDT:USDT,0.475,269.0,0.4749,305.0,0.4754,306.0,0.4755,56.0
1753533497688,12:38:17.688,ARK/USDT:USDT,0.475,269.0,0.4749,305.0,0.4754,306.0,0.4755,56.0
1753533502489,12:38:22.489,ARK/USDT:USDT,0.475,269.0,0.4749,305.0,0.4754,306.0,0.4755,56.0
1753533507308,12:38:27.308,ARK/USDT:USDT,0.475,269.0,0.4749,305.0,0.4754,306.0,0.4755,56.0
1753533509494,12:38:29.494,ARK/USDT:USDT,0.475,269.0,0.4749,305.0,0.4754,306.0,0.4755,56.0
1753533512089,12:38:32.089,ARK/USDT:USDT,0.475,269.0,0.4749,305.0,0.4754,306.0,0.4755,56.0
1753533516890,12:38:36.890,ARK/USDT:USDT,0.475,269.0,0.4749,305.0,0.4754,306.0,0.4755,56.0
1753533521688,12:38:41.688,ARK/USDT:USDT,0.475,269.0,0.4749,305.0,0.4754,306.0,0.4755,56.0
1753533526490,12:38:46.490,ARK/USDT:USDT,0.475,269.0,0.4749,305.0,0.4754,306.0,0.4755,56.0
1753533535653,12:38:55.653,ARK/USDT:USDT,0.475,269.0,0.4749,305.0,0.4754,306.0,0.4755,56.0
1753533535959,12:38:55.959,ARK/USDT:USDT,0.475,326.0,0.4749,305.0,0.4754,1512.0,0.4755,56.0
1753533536764,12:38:56.764,ARK/USDT:USDT,0.475,326.0,0.4749,305.0,0.4754,1512.0,0.4755,56.0
1753533539489,12:38:59.489,ARK/USDT:USDT,0.475,326.0,0.4749,305.0,0.4754,1512.0,0.4755,56.0
1753533540292,12:39:00.292,ARK/USDT:USDT,0.475,326.0,0.4749,305.0,0.4754,1512.0,0.4755,56.0
1753533544289,12:39:04.289,ARK/USDT:USDT,0.475,326.0,0.4749,305.0,0.4754,1512.0,0.4755,56.0
1753533544960,12:39:04.960,ARK/USDT:USDT,0.475,326.0,0.4749,305.0,0.4754,1512.0,0.4755,56.0
1753533547330,12:39:07.330,ARK/USDT:USDT,0.4751,94.0,0.475,307.0,0.4754,250.0,0.4755,56.0
1753533547448,12:39:07.448,ARK/USDT:USDT,0.4751,344.0,0.475,307.0,0.4754,250.0,0.4755,56.0
1753533547490,12:39:07.490,ARK/USDT:USDT,0.4751,344.0,0.475,307.0,0.4754,250.0,0.4755,56.0
1753533547649,12:39:07.649,ARK/USDT:USDT,0.4751,344.0,0.475,307.0,0.4754,250.0,0.4755,56.0
1753533548249,12:39:08.249,ARK/USDT:USDT,0.4752,56.0,0.4751,306.0,0.4756,306.0,0.4757,307.0
1753533548321,12:39:08.321,ARK/USDT:USDT,0.4752,56.0,0.4751,306.0,0.4756,306.0,0.4757,307.0
1753533548485,12:39:08.485,ARK/USDT:USDT,0.4752,56.0,0.4751,306.0,0.4756,306.0,0.4757,307.0
1753533548895,12:39:08.895,ARK/USDT:USDT,0.4752,56.0,0.4751,306.0,0.4756,306.0,0.4757,307.0
1753533549108,12:39:09.108,ARK/USDT:USDT,0.4752,56.0,0.4751,306.0,0.4756,306.0,0.4757,307.0
1753533553889,12:39:13.889,ARK/USDT:USDT,0.4752,56.0,0.4751,306.0,0.4756,306.0,0.4757,307.0
1753533558703,12:39:18.703,ARK/USDT:USDT,0.4752,56.0,0.4751,306.0,0.4756,306.0,0.4757,307.0
1753533562164,12:39:22.164,ARK/USDT:USDT,0.4751,306.0,0.475,307.0,0.4756,1568.0,0.4757,307.0
1753533562263,12:39:22.263,ARK/USDT:USDT,0.4751,306.0,0.475,307.0,0.4755,470.0,0.4756,306.0
1753533562288,12:39:22.288,ARK/USDT:USDT,0.4751,306.0,0.475,307.0,0.4755,470.0,0.4756,1568.0
1753533563490,12:39:23.490,ARK/USDT:USDT,0.4751,306.0,0.475,307.0,0.4755,470.0,0.4756,1568.0
1753533568320,12:39:28.320,ARK/USDT:USDT,0.4751,306.0,0.475,307.0,0.4755,470.0,0.4756,1568.0
1753533569542,12:39:29.542,ARK/USDT:USDT,0.4751,306.0,0.475,307.0,0.4755,470.0,0.4756,1568.0
1753533573121,12:39:33.121,ARK/USDT:USDT,0.4751,306.0,0.475,307.0,0.4755,470.0,0.4756,1568.0
1753533574154,12:39:34.154,ARK/USDT:USDT,0.4751,306.0,0.475,307.0,0.4755,720.0,0.4756,1568.0
1753533574182,12:39:34.182,ARK/USDT:USDT,0.4751,306.0,0.475,307.0,0.4755,720.0,0.4756,1568.0
1753533577890,12:39:37.890,ARK/USDT:USDT,0.4751,306.0,0.475,307.0,0.4755,720.0,0.4756,1568.0
1753533582691,12:39:42.691,ARK/USDT:USDT,0.4751,306.0,0.475,307.0,0.4755,720.0,0.4756,1568.0
1753533583863,12:39:43.863,ARK/USDT:USDT,0.4753,58.0,0.4752,308.0,0.4756,1512.0,0.4757,307.0
1753533583955,12:39:43.955,ARK/USDT:USDT,0.4753,96.0,0.4752,308.0,0.4756,1262.0,0.4757,307.0
1753533584011,12:39:44.011,ARK/USDT:USDT,0.4753,96.0,0.4752,308.0,0.4756,1262.0,0.4757,307.0
1753533584366,12:39:44.366,ARK/USDT:USDT,0.4753,96.0,0.4752,308.0,0.4756,1262.0,0.4757,307.0
1753533587491,12:39:47.491,ARK/USDT:USDT,0.4753,96.0,0.4752,308.0,0.4756,1262.0,0.4757,307.0
1753533587963,12:39:47.963,ARK/USDT:USDT,0.4753,77.0,0.4752,308.0,0.4756,1262.0,0.4757,307.0
1753533588040,12:39:48.040,ARK/USDT:USDT,0.4752,308.0,0.4751,306.0,0.4756,1281.0,0.4757,307.0
1753533588399,12:39:48.399,ARK/USDT:USDT,0.4752,308.0,0.4751,306.0,0.4756,1281.0,0.4757,307.0
1753533590419,12:39:50.419,ARK/USDT:USDT,0.4752,308.0,0.4751,306.0,0.4756,1262.0,0.4757,307.0
1753533590828,12:39:50.828,ARK/USDT:USDT,0.4752,308.0,0.4751,306.0,0.4756,1262.0,0.4757,307.0
1753533592291,12:39:52.291,ARK/USDT:USDT,0.4752,308.0,0.4751,306.0,0.4756,1262.0,0.4757,307.0
1753533594964,12:39:54.964,ARK/USDT:USDT,0.4752,269.0,0.4751,306.0,0.4755,76.0,0.4756,250.0
1753533594994,12:39:54.994,ARK/USDT:USDT,0.4752,288.0,0.4751,306.0,0.4755,57.0,0.4756,250.0
1753533595090,12:39:55.090,ARK/USDT:USDT,0.4752,288.0,0.4751,306.0,0.4755,57.0,0.4756,250.0
1753533595902,12:39:55.902,ARK/USDT:USDT,0.4752,288.0,0.4751,306.0,0.4755,57.0,0.4756,250.0
1753533597091,12:39:57.091,ARK/USDT:USDT,0.4752,288.0,0.4751,306.0,0.4755,57.0,0.4756,250.0
1753533598000,12:39:58.000,ARK/USDT:USDT,0.4752,288.0,0.4751,306.0,0.4756,250.0,0.4757,307.0
1753533598076,12:39:58.076,ARK/USDT:USDT,0.4752,288.0,0.4751,306.0,0.4756,1512.0,0.4757,307.0
1753533598804,12:39:58.804,ARK/USDT:USDT,0.4752,288.0,0.4751,306.0,0.4756,1512.0,0.4757,307.0
1753533601891,12:40:01.891,ARK/USDT:USDT,0.4752,288.0,0.4751,306.0,0.4756,1512.0,0.4757,307.0
1753533604991,12:40:04.991,ARK/USDT:USDT,0.4752,288.0,0.4751,306.0,0.4756,1512.0,0.4757,307.0
1753533605156,12:40:05.156,ARK/USDT:USDT,0.4752,288.0,0.4751,306.0,0.4756,1512.0,0.4757,307.0
1753533606691,12:40:06.691,ARK/USDT:USDT,0.4752,288.0,0.4751,306.0,0.4756,1512.0,0.4757,307.0
1753533611491,12:40:11.491,ARK/USDT:USDT,0.4752,288.0,0.4751,306.0,0.4756,1512.0,0.4757,307.0
1753533616307,12:40:16.307,ARK/USDT:USDT,0.4752,288.0,0.4751,306.0,0.4756,1512.0,0.4757,307.0
1753533621091,12:40:21.091,ARK/USDT:USDT,0.4752,288.0,0.4751,306.0,0.4756,1512.0,0.4757,307.0
1753533625200,12:40:25.200,ARK/USDT:USDT,0.4752,269.0,0.4751,306.0,0.4756,1512.0,0.4757,307.0
1753533625619,12:40:25.619,ARK/USDT:USDT,0.4752,269.0,0.4751,306.0,0.4756,1512.0,0.4757,307.0
1753533625717,12:40:25.717,ARK/USDT:USDT,0.4752,269.0,0.4751,306.0,0.4756,1512.0,0.4757,307.0
1753533625891,12:40:25.891,ARK/USDT:USDT,0.4752,269.0,0.4751,306.0,0.4756,1512.0,0.4757,307.0
1753533626749,12:40:26.749,ARK/USDT:USDT,0.4752,269.0,0.4751,306.0,0.4756,1512.0,0.4757,307.0
1753533626790,12:40:26.790,ARK/USDT:USDT,0.4752,269.0,0.4751,306.0,0.4756,1512.0,0.4757,307.0
1753533629557,12:40:29.557,ARK/USDT:USDT,0.4752,269.0,0.4751,306.0,0.4756,1512.0,0.4757,307.0
1753533629571,12:40:29.571,ARK/USDT:USDT,0.4752,269.0,0.4751,306.0,0.4756,1512.0,0.4757,307.0
1753533630691,12:40:30.691,ARK/USDT:USDT,0.4752,269.0,0.4751,306.0,0.4756,1512.0,0.4757,307.0
1753533633819,12:40:33.819,ARK/USDT:USDT,0.4753,92.0,0.4752,306.0,0.4756,1512.0,0.4757,307.0
1753533633909,12:40:33.909,ARK/USDT:USDT,0.4753,92.0,0.4752,1401.0,0.4756,1512.0,0.4757,307.0
1753533633972,12:40:33.972,ARK/USDT:USDT,0.4753,106.0,0.4752,1401.0,0.4756,1512.0,0.4757,307.0
1753533634467,12:40:34.467,ARK/USDT:USDT,0.4753,356.0,0.4752,1401.0,0.4756,1512.0,0.4757,307.0
1753533635491,12:40:35.491,ARK/USDT:USDT,0.4753,356.0,0.4752,1401.0,0.4756,1512.0,0.4757,307.0
1753533636565,12:40:36.565,ARK/USDT:USDT,0.4754,56.0,0.4753,356.0,0.4756,1262.0,0.4757,250.0
1753533636641,12:40:36.641,ARK/USDT:USDT,0.4754,92.0,0.4753,850.0,0.4757,250.0,0.4758,307.0
1753533636735,12:40:36.735,ARK/USDT:USDT,0.4754,92.0,0.4753,850.0,0.4757,250.0,0.4758,307.0
1753533636864,12:40:36.864,ARK/USDT:USDT,0.4754,92.0,0.4753,850.0,0.4757,250.0,0.4758,307.0
1753533636962,12:40:36.962,ARK/USDT:USDT,0.4754,74.0,0.4753,850.0,0.4757,268.0,0.4758,307.0
1753533636988,12:40:36.988,ARK/USDT:USDT,0.4754,92.0,0.4753,850.0,0.4757,250.0,0.4758,307.0
1753533637127,12:40:37.127,ARK/USDT:USDT,0.4754,92.0,0.4753,850.0,0.4757,250.0,0.4758,307.0
1753533637663,12:40:37.663,ARK/USDT:USDT,0.4754,92.0,0.4753,850.0,0.4757,250.0,0.4758,307.0
1753533637666,12:40:37.666,ARK/USDT:USDT,0.4754,92.0,0.4753,850.0,0.4757,250.0,0.4758,307.0
1753533640046,12:40:40.046,ARK/USDT:USDT,0.4754,18.0,0.4753,320.0,0.4757,250.0,0.4758,307.0
1753533640068,12:40:40.068,ARK/USDT:USDT,0.4754,18.0,0.4753,809.0,0.4757,250.0,0.4758,307.0
1753533640307,12:40:40.307,ARK/USDT:USDT,0.4754,36.0,0.4753,809.0,0.4757,250.0,0.4758,307.0
1753533640986,12:40:40.986,ARK/USDT:USDT,0.4754,36.0,0.4753,809.0,0.4757,250.0,0.4758,307.0
1753533641975,12:40:41.975,ARK/USDT:USDT,0.4754,36.0,0.4753,809.0,0.4757,250.0,0.4758,307.0
1753533642839,12:40:42.839,ARK/USDT:USDT,0.4754,93.0,0.4753,809.0,0.4757,250.0,0.4758,307.0
1753533643235,12:40:43.235,ARK/USDT:USDT,0.4754,75.0,0.4753,809.0,0.4757,250.0,0.4758,307.0
1753533644085,12:40:44.085,ARK/USDT:USDT,0.4754,93.0,0.4753,809.0,0.4757,250.0,0.4758,307.0
1753533644356,12:40:44.356,ARK/USDT:USDT,0.4754,343.0,0.4753,809.0,0.4757,250.0,0.4758,307.0
1753533644387,12:40:44.387,ARK/USDT:USDT,0.4754,343.0,0.4753,809.0,0.4757,250.0,0.4758,307.0
1753533645093,12:40:45.093,ARK/USDT:USDT,0.4754,343.0,0.4753,809.0,0.4757,250.0,0.4758,307.0
1753533648621,12:40:48.621,ARK/USDT:USDT,0.4754,343.0,0.4753,809.0,0.4757,250.0,0.4758,307.0
1753533648676,12:40:48.676,ARK/USDT:USDT,0.4754,343.0,0.4753,809.0,0.4757,250.0,0.4758,307.0
1753533649366,12:40:49.366,ARK/USDT:USDT,0.4754,343.0,0.4753,809.0,0.4757,250.0,0.4758,250.0
1753533649400,12:40:49.400,ARK/USDT:USDT,0.4755,93.0,0.4754,307.0,0.4757,250.0,0.4758,250.0
1753533649627,12:40:49.627,ARK/USDT:USDT,0.4755,93.0,0.4754,307.0,0.4757,250.0,0.4758,250.0
1753533649892,12:40:49.892,ARK/USDT:USDT,0.4755,93.0,0.4754,307.0,0.4757,250.0,0.4758,250.0
1753533650040,12:40:50.040,ARK/USDT:USDT,0.4755,93.0,0.4754,307.0,0.4757,250.0,0.4758,250.0
1753533650289,12:40:50.289,ARK/USDT:USDT,0.4755,75.0,0.4754,307.0,0.4758,268.0,0.4759,307.0
1753533651010,12:40:51.010,ARK/USDT:USDT,0.4755,93.0,0.4754,307.0,0.4758,268.0,0.4759,307.0
1753533651658,12:40:51.658,ARK/USDT:USDT,0.4755,75.0,0.4754,307.0,0.4758,286.0,0.4759,307.0
1753533653159,12:40:53.159,ARK/USDT:USDT,0.4755,93.0,0.4754,307.0,0.4758,268.0,0.4759,307.0
1753533653232,12:40:53.232,ARK/USDT:USDT,0.4755,75.0,0.4754,307.0,0.4758,286.0,0.4759,307.0
1753533653307,12:40:53.307,ARK/USDT:USDT,0.4755,57.0,0.4754,307.0,0.4758,286.0,0.4759,307.0
1753533654762,12:40:54.762,ARK/USDT:USDT,0.4755,75.0,0.4754,307.0,0.4758,286.0,0.4759,307.0
1753533654998,12:40:54.998,ARK/USDT:USDT,0.4755,75.0,0.4754,307.0,0.4758,286.0,0.4759,307.0
1753533655223,12:40:55.223,ARK/USDT:USDT,0.4755,75.0,0.4754,307.0,0.4758,286.0,0.4759,307.0
1753533655841,12:40:55.841,ARK/USDT:USDT,0.4755,93.0,0.4754,307.0,0.4758,286.0,0.4759,307.0
1753533658132,12:40:58.132,ARK/USDT:USDT,0.4755,93.0,0.4754,307.0,0.4758,268.0,0.4759,307.0
1753533659352,12:40:59.352,ARK/USDT:USDT,0.4755,93.0,0.4754,307.0,0.4758,286.0,0.4759,307.0
1753533659492,12:40:59.492,ARK/USDT:USDT,0.4755,93.0,0.4754,307.0,0.4758,286.0,0.4759,307.0
1753533660324,12:41:00.324,ARK/USDT:USDT,0.4755,93.0,0.4754,307.0,0.4758,268.0,0.4759,307.0
1753533662318,12:41:02.318,ARK/USDT:USDT,0.4755,75.0,0.4754,307.0,0.4758,268.0,0.4759,307.0
1753533662401,12:41:02.401,ARK/USDT:USDT,0.4755,75.0,0.4754,307.0,0.4758,250.0,0.4759,307.0
1753533662545,12:41:02.545,ARK/USDT:USDT,0.4755,93.0,0.4754,307.0,0.4758,250.0,0.4759,307.0
1753533663689,12:41:03.689,ARK/USDT:USDT,0.4755,75.0,0.4754,307.0,0.4758,250.0,0.4759,307.0
1753533663817,12:41:03.817,ARK/USDT:USDT,0.4755,93.0,0.4754,307.0,0.4758,250.0,0.4759,307.0
1753533664294,12:41:04.294,ARK/USDT:USDT,0.4755,93.0,0.4754,307.0,0.4758,250.0,0.4759,307.0
1753533665026,12:41:05.026,ARK/USDT:USDT,0.4755,93.0,0.4754,307.0,0.4758,250.0,0.4759,307.0
1753533665162,12:41:05.162,ARK/USDT:USDT,0.4755,343.0,0.4754,307.0,0.4758,1512.0,0.4759,307.0
1753533665248,12:41:05.248,ARK/USDT:USDT,0.4756,93.0,0.4755,307.0,0.4758,250.0,0.4759,250.0
1753533665343,12:41:05.343,ARK/USDT:USDT,0.4756,93.0,0.4755,307.0,0.4758,250.0,0.4759,250.0
1753533666105,12:41:06.105,ARK/USDT:USDT,0.4756,93.0,0.4755,307.0,0.4759,250.0,0.476,307.0
1753533666559,12:41:06.559,ARK/USDT:USDT,0.4756,93.0,0.4755,307.0,0.4759,250.0,0.476,307.0
1753533667247,12:41:07.247,ARK/USDT:USDT,0.4756,93.0,0.4755,307.0,0.4759,250.0,0.476,307.0
1753533667633,12:41:07.633,ARK/USDT:USDT,0.4756,93.0,0.4755,307.0,0.4759,250.0,0.476,307.0
1753533669092,12:41:09.092,ARK/USDT:USDT,0.4756,93.0,0.4755,307.0,0.4759,250.0,0.476,307.0
1753533673903,12:41:13.903,ARK/USDT:USDT,0.4756,93.0,0.4755,307.0,0.4759,250.0,0.476,307.0
1753533678693,12:41:18.693,ARK/USDT:USDT,0.4756,93.0,0.4755,307.0,0.4759,250.0,0.476,307.0
1753533679349,12:41:19.349,ARK/USDT:USDT,0.4757,94.0,0.4756,57.0,0.4759,250.0,0.476,250.0
1753533679434,12:41:19.434,ARK/USDT:USDT,0.4757,94.0,0.4756,57.0,0.4759,250.0,0.476,250.0
1753533679840,12:41:19.840,ARK/USDT:USDT,0.4757,94.0,0.4756,57.0,0.4759,250.0,0.476,250.0
1753533679955,12:41:19.955,ARK/USDT:USDT,0.4757,76.0,0.4756,57.0,0.476,250.0,0.4761,308.0
1753533679975,12:41:19.975,ARK/USDT:USDT,0.4757,76.0,0.4756,57.0,0.476,250.0,0.4761,308.0
1753533680254,12:41:20.254,ARK/USDT:USDT,0.4757,76.0,0.4756,57.0,0.476,250.0,0.4761,308.0
1753533680943,12:41:20.943,ARK/USDT:USDT,0.4757,76.0,0.4756,57.0,0.476,250.0,0.4761,308.0
1753533681922,12:41:21.922,ARK/USDT:USDT,0.4757,76.0,0.4756,57.0,0.476,268.0,0.4761,308.0
1753533682065,12:41:22.065,ARK/USDT:USDT,0.4756,57.0,0.4755,307.0,0.476,898.0,0.4761,308.0
1753533682066,12:41:22.066,ARK/USDT:USDT,0.4756,57.0,0.4755,307.0,0.476,1528.0,0.4761,308.0
1753533682285,12:41:22.285,ARK/USDT:USDT,0.4756,57.0,0.4755,307.0,0.476,1528.0,0.4761,308.0
1753533682880,12:41:22.880,ARK/USDT:USDT,0.4756,57.0,0.4755,307.0,0.476,1510.0,0.4761,308.0
1753533683493,12:41:23.493,ARK/USDT:USDT,0.4756,57.0,0.4755,307.0,0.476,1510.0,0.4761,308.0
1753533684855,12:41:24.855,ARK/USDT:USDT,0.4756,57.0,0.4755,307.0,0.476,250.0,0.4761,308.0
1753533684908,12:41:24.908,ARK/USDT:USDT,0.4757,94.0,0.4756,307.0,0.476,250.0,0.4761,308.0
1753533685118,12:41:25.118,ARK/USDT:USDT,0.4757,94.0,0.4756,307.0,0.476,268.0,0.4761,308.0
1753533685169,12:41:25.169,ARK/USDT:USDT,0.4757,94.0,0.4756,307.0,0.476,250.0,0.4761,308.0
1753533687917,12:41:27.917,ARK/USDT:USDT,0.4757,344.0,0.4756,307.0,0.476,250.0,0.4761,308.0
1753533687975,12:41:27.975,ARK/USDT:USDT,0.4757,344.0,0.4756,307.0,0.476,250.0,0.4761,308.0
1753533688340,12:41:28.340,ARK/USDT:USDT,0.4757,344.0,0.4756,307.0,0.476,250.0,0.4761,308.0
1753533689614,12:41:29.614,ARK/USDT:USDT,0.4757,344.0,0.4756,307.0,0.476,250.0,0.4761,308.0
1753533693108,12:41:33.108,ARK/USDT:USDT,0.4757,344.0,0.4756,307.0,0.476,250.0,0.4761,308.0
1753533694457,12:41:34.457,ARK/USDT:USDT,0.4758,92.0,0.4757,1402.0,0.4761,251.0,0.4762,307.0
1753533694553,12:41:34.553,ARK/USDT:USDT,0.4758,106.0,0.4757,1402.0,0.4761,1511.0,0.4762,307.0
1753533694816,12:41:34.816,ARK/USDT:USDT,0.4758,106.0,0.4757,1402.0,0.4761,1511.0,0.4762,307.0
1753533695365,12:41:35.365,ARK/USDT:USDT,0.4758,106.0,0.4757,1402.0,0.4761,251.0,0.4762,307.0
1753533695455,12:41:35.455,ARK/USDT:USDT,0.4758,106.0,0.4757,1402.0,0.4761,287.0,0.4762,307.0
1753533695561,12:41:35.561,ARK/USDT:USDT,0.4758,106.0,0.4757,1402.0,0.4761,287.0,0.4762,307.0
1753533695651,12:41:35.651,ARK/USDT:USDT,0.4758,106.0,0.4757,1402.0,0.4761,269.0,0.4762,307.0
1753533695776,12:41:35.776,ARK/USDT:USDT,0.4758,356.0,0.4757,1402.0,0.4761,269.0,0.4762,307.0
1753533697119,12:41:37.119,ARK/USDT:USDT,0.4758,356.0,0.4757,1402.0,0.4761,251.0,0.4762,307.0
1753533697928,12:41:37.928,ARK/USDT:USDT,0.4758,356.0,0.4757,1402.0,0.4761,251.0,0.4762,307.0
1753533700550,12:41:40.550,ARK/USDT:USDT,0.4759,93.0,0.4758,320.0,0.4761,1.0,0.4762,250.0
1753533700662,12:41:40.662,ARK/USDT:USDT,0.4759,93.0,0.4758,320.0,0.4761,1.0,0.4762,250.0
1753533700761,12:41:40.761,ARK/USDT:USDT,0.4759,75.0,0.4758,320.0,0.4761,1.0,0.4762,250.0
1753533700847,12:41:40.847,ARK/USDT:USDT,0.4759,93.0,0.4758,320.0,0.4761,1.0,0.4762,250.0
1753533700955,12:41:40.955,ARK/USDT:USDT,0.4759,93.0,0.4758,320.0,0.4761,1.0,0.4762,250.0
1753533701156,12:41:41.156,ARK/USDT:USDT,0.4759,75.0,0.4758,320.0,0.4761,1.0,0.4762,250.0
1753533701486,12:41:41.486,ARK/USDT:USDT,0.4759,93.0,0.4758,320.0,0.4761,1.0,0.4762,250.0
1753533702699,12:41:42.699,ARK/USDT:USDT,0.4759,343.0,0.4758,320.0,0.4761,1.0,0.4762,250.0
1753533702922,12:41:42.922,ARK/USDT:USDT,0.4759,343.0,0.4758,320.0,0.4761,1.0,0.4762,250.0
1753533707504,12:41:47.504,ARK/USDT:USDT,0.4759,343.0,0.4758,320.0,0.4761,1.0,0.4762,250.0
1753533711084,12:41:51.084,ARK/USDT:USDT,0.4759,286.0,0.4758,320.0,0.4761,1.0,0.4762,250.0
1753533712298,12:41:52.298,ARK/USDT:USDT,0.4759,286.0,0.4758,320.0,0.4761,1.0,0.4762,250.0
1753533713455,12:41:53.455,ARK/USDT:USDT,0.4759,286.0,0.4758,320.0,0.4761,1.0,0.4762,250.0
1753533715948,12:41:55.948,ARK/USDT:USDT,0.4759,3624.0,0.4758,320.0,0.4761,1.0,0.4762,250.0
1753533715977,12:41:55.977,ARK/USDT:USDT,0.4759,3624.0,0.4758,306.0,0.4761,1.0,0.4762,250.0
1753533716207,12:41:56.207,ARK/USDT:USDT,0.4759,3624.0,0.4758,306.0,0.4761,1.0,0.4762,250.0
1753533717095,12:41:57.095,ARK/USDT:USDT,0.4759,3624.0,0.4758,306.0,0.4761,1.0,0.4762,250.0
1753533717179,12:41:57.179,ARK/USDT:USDT,0.4759,3624.0,0.4758,306.0,0.4761,1.0,0.4762,250.0
1753533717406,12:41:57.406,ARK/USDT:USDT,0.4758,250.0,0.4757,308.0,0.4761,94.0,0.4762,307.0
1753533717485,12:41:57.485,ARK/USDT:USDT,0.4758,250.0,0.4757,308.0,0.4761,1354.0,0.4762,307.0
1753533717623,12:41:57.623,ARK/USDT:USDT,0.4758,250.0,0.4757,3646.0,0.4761,1354.0,0.4762,307.0
1753533717672,12:41:57.672,ARK/USDT:USDT,0.4758,264.0,0.4757,3646.0,0.4761,1354.0,0.4762,307.0
1753533717825,12:41:57.825,ARK/USDT:USDT,0.4758,264.0,0.4757,3646.0,0.4761,1354.0,0.4762,307.0
1753533720800,12:42:00.800,ARK/USDT:USDT,0.4758,264.0,0.4757,3646.0,0.4761,1336.0,0.4762,307.0
1753533721894,12:42:01.894,ARK/USDT:USDT,0.4758,264.0,0.4757,3646.0,0.4761,1336.0,0.4762,307.0
1753533725054,12:42:05.054,ARK/USDT:USDT,0.4758,264.0,0.4757,3646.0,0.4761,1336.0,0.4762,307.0
1753533726695,12:42:06.695,ARK/USDT:USDT,0.4758,264.0,0.4757,3646.0,0.4761,1336.0,0.4762,307.0
1753533729056,12:42:09.056,ARK/USDT:USDT,0.4758,282.0,0.4757,3646.0,0.4761,1318.0,0.4762,307.0
1753533729387,12:42:09.387,ARK/USDT:USDT,0.4758,264.0,0.4757,3646.0,0.4761,1318.0,0.4762,307.0
1753533731354,12:42:11.354,ARK/USDT:USDT,0.4758,264.0,0.4757,3646.0,0.4761,1336.0,0.4762,307.0
1753533731494,12:42:11.494,ARK/USDT:USDT,0.4758,264.0,0.4757,3646.0,0.4761,1336.0,0.4762,307.0
1753533736294,12:42:16.294,ARK/USDT:USDT,0.4758,264.0,0.4757,3646.0,0.4761,1336.0,0.4762,307.0
1753533737385,12:42:17.385,ARK/USDT:USDT,0.4758,264.0,0.4757,3646.0,0.4761,1318.0,0.4762,307.0
1753533738112,12:42:18.112,ARK/USDT:USDT,0.4758,264.0,0.4757,3646.0,0.4761,1261.0,0.4762,307.0
1753533741094,12:42:21.094,ARK/USDT:USDT,0.4758,264.0,0.4757,3646.0,0.4761,1261.0,0.4762,307.0
1753533745895,12:42:25.895,ARK/USDT:USDT,0.4758,264.0,0.4757,3646.0,0.4761,1261.0,0.4762,307.0
1753533749641,12:42:29.641,ARK/USDT:USDT,0.4758,264.0,0.4757,3646.0,0.4761,1261.0,0.4762,307.0
1753533750708,12:42:30.708,ARK/USDT:USDT,0.4758,264.0,0.4757,3646.0,0.4761,1261.0,0.4762,307.0
1753533755508,12:42:35.508,ARK/USDT:USDT,0.4758,264.0,0.4757,3646.0,0.4761,1261.0,0.4762,307.0
1753533757268,12:42:37.268,ARK/USDT:USDT,0.4758,264.0,0.4757,3646.0,0.4761,1261.0,0.4762,307.0
1753533759110,12:42:39.110,ARK/USDT:USDT,0.4758,264.0,0.4757,3646.0,0.4761,1261.0,0.4762,307.0
1753533760308,12:42:40.308,ARK/USDT:USDT,0.4758,264.0,0.4757,3646.0,0.4761,1261.0,0.4762,307.0
1753533760693,12:42:40.693,ARK/USDT:USDT,0.4758,264.0,0.4757,3646.0,0.4761,1261.0,0.4762,307.0
1753533765095,12:42:45.095,ARK/USDT:USDT,0.4758,264.0,0.4757,3646.0,0.4761,1261.0,0.4762,307.0
1753533765504,12:42:45.504,ARK/USDT:USDT,0.4758,264.0,0.4757,3646.0,0.4761,1261.0,0.4762,307.0
1753533765796,12:42:45.796,ARK/USDT:USDT,0.4758,264.0,0.4757,3646.0,0.4761,1261.0,0.4762,307.0
1753533769908,12:42:49.908,ARK/USDT:USDT,0.4758,264.0,0.4757,3646.0,0.4761,1261.0,0.4762,307.0
1753533773757,12:42:53.757,ARK/USDT:USDT,0.4758,264.0,0.4757,3646.0,0.4761,1261.0,0.4762,307.0
1753533774696,12:42:54.696,ARK/USDT:USDT,0.4758,264.0,0.4757,3646.0,0.4761,1261.0,0.4762,307.0
1753533776424,12:42:56.424,ARK/USDT:USDT,0.4758,264.0,0.4757,3646.0,0.4761,1261.0,0.4762,307.0
1753533779520,12:42:59.520,ARK/USDT:USDT,0.4758,264.0,0.4757,3646.0,0.4761,1261.0,0.4762,307.0
1753533785084,12:43:05.084,ARK/USDT:USDT,0.4758,264.0,0.4757,3646.0,0.4761,1261.0,0.4762,307.0
1753533790719,12:43:10.719,ARK/USDT:USDT,0.4758,264.0,0.4757,3646.0,0.4761,1261.0,0.4762,307.0
1753533791131,12:43:11.131,ARK/USDT:USDT,0.4758,14.0,0.4757,250.0,0.4761,1261.0,0.4762,307.0
1753533791232,12:43:11.232,ARK/USDT:USDT,0.4757,250.0,0.4756,307.0,0.4761,1261.0,0.4762,307.0
1753533791282,12:43:11.282,ARK/USDT:USDT,0.4757,250.0,0.4756,3700.0,0.4761,1261.0,0.4762,307.0
1753533791372,12:43:11.372,ARK/USDT:USDT,0.4757,264.0,0.4756,3700.0,0.4761,1261.0,0.4762,307.0
1753533794897,12:43:14.897,ARK/USDT:USDT,0.4757,700.0,0.4756,3700.0,0.4761,1261.0,0.4762,307.0
1753533798558,12:43:18.558,ARK/USDT:USDT,0.4757,700.0,0.4756,3700.0,0.4761,1261.0,0.4762,307.0
1753533798569,12:43:18.569,ARK/USDT:USDT,0.4757,700.0,0.4756,3700.0,0.4761,1261.0,0.4762,307.0
1753533799696,12:43:19.696,ARK/USDT:USDT,0.4757,700.0,0.4756,3700.0,0.4761,1261.0,0.4762,307.0
1753533804507,12:43:24.507,ARK/USDT:USDT,0.4757,700.0,0.4756,3700.0,0.4761,1261.0,0.4762,307.0
1753533809297,12:43:29.297,ARK/USDT:USDT,0.4757,700.0,0.4756,3700.0,0.4761,1261.0,0.4762,307.0
1753533809654,12:43:29.654,ARK/USDT:USDT,0.4757,700.0,0.4756,3700.0,0.4761,1261.0,0.4762,307.0
1753533809667,12:43:29.667,ARK/USDT:USDT,0.4757,700.0,0.4756,3700.0,0.4761,1261.0,0.4762,307.0
1753533814096,12:43:34.096,ARK/USDT:USDT,0.4757,700.0,0.4756,3700.0,0.4761,1261.0,0.4762,307.0
1753533820848,12:43:40.848,ARK/USDT:USDT,0.4757,700.0,0.4756,3700.0,0.4761,1261.0,0.4762,307.0
1753533825096,12:43:45.096,ARK/USDT:USDT,0.4757,700.0,0.4756,3700.0,0.4761,1261.0,0.4762,307.0
1753533829898,12:43:49.898,ARK/USDT:USDT,0.4757,700.0,0.4756,3700.0,0.4761,1261.0,0.4762,307.0
1753533830661,12:43:50.661,ARK/USDT:USDT,0.4758,93.0,0.4757,700.0,0.4761,1261.0,0.4762,307.0
1753533834707,12:43:54.707,ARK/USDT:USDT,0.4758,93.0,0.4757,700.0,0.4761,1261.0,0.4762,307.0
1753533836461,12:43:56.461,ARK/USDT:USDT,0.4758,93.0,0.4757,700.0,0.4761,1261.0,0.4762,307.0
1753533839421,12:43:59.421,ARK/USDT:USDT,0.4758,93.0,0.4757,700.0,0.4761,1261.0,0.4762,307.0
1753533839497,12:43:59.497,ARK/USDT:USDT,0.4758,93.0,0.4757,700.0,0.4761,1261.0,0.4762,307.0
1753533844299,12:44:04.299,ARK/USDT:USDT,0.4758,93.0,0.4757,700.0,0.4761,1261.0,0.4762,307.0
1753533845115,12:44:05.115,ARK/USDT:USDT,0.4758,93.0,0.4757,1320.0,0.4761,1261.0,0.4762,307.0
1753533853363,12:44:13.363,ARK/USDT:USDT,0.4758,93.0,0.4757,1320.0,0.4761,1261.0,0.4762,307.0
1753533853389,12:44:13.389,ARK/USDT:USDT,0.4758,93.0,0.4757,1320.0,0.4761,1261.0,0.4762,307.0
1753533854761,12:44:14.761,ARK/USDT:USDT,0.4758,93.0,0.4757,1320.0,0.4761,1261.0,0.4762,250.0
1753533854865,12:44:14.865,ARK/USDT:USDT,0.4758,93.0,0.4757,1320.0,0.4761,1.0,0.4762,250.0
1753533854893,12:44:14.893,ARK/USDT:USDT,0.4759,3397.0,0.4758,57.0,0.4761,1.0,0.4762,250.0
1753533854980,12:44:14.980,ARK/USDT:USDT,0.4759,3397.0,0.4758,57.0,0.4761,1.0,0.4762,250.0
1753533858703,12:44:18.703,ARK/USDT:USDT,0.4759,3397.0,0.4758,57.0,0.4761,1.0,0.4762,250.0
1753533858938,12:44:18.938,ARK/USDT:USDT,0.4759,3647.0,0.4758,57.0,0.4761,1.0,0.4762,250.0
1753533863497,12:44:23.497,ARK/USDT:USDT,0.4759,3647.0,0.4758,57.0,0.4761,1.0,0.4762,250.0
1753533866649,12:44:26.649,ARK/USDT:USDT,0.4759,3647.0,0.4758,57.0,0.4761,1.0,0.4762,250.0
1753533866691,12:44:26.691,ARK/USDT:USDT,0.4759,3647.0,0.4758,57.0,0.4761,1.0,0.4762,250.0
1753533866837,12:44:26.837,ARK/USDT:USDT,0.4759,3647.0,0.4758,57.0,0.4761,1.0,0.4763,250.0
1753533868308,12:44:28.308,ARK/USDT:USDT,0.4759,3647.0,0.4758,57.0,0.4761,1.0,0.4763,250.0
1753533869703,12:44:29.703,ARK/USDT:USDT,0.4759,3647.0,0.4758,57.0,0.4761,1.0,0.4763,250.0
1753533873109,12:44:33.109,ARK/USDT:USDT,0.4759,3647.0,0.4758,57.0,0.4761,1.0,0.4763,250.0
1753533877899,12:44:37.899,ARK/USDT:USDT,0.4759,3647.0,0.4758,57.0,0.4761,1.0,0.4763,250.0
1753533882698,12:44:42.698,ARK/USDT:USDT,0.4759,3647.0,0.4758,57.0,0.4761,1.0,0.4763,250.0
1753533886203,12:44:46.203,ARK/USDT:USDT,0.476,36.0,0.4759,3647.0,0.4761,1.0,0.4763,250.0
1753533886278,12:44:46.278,ARK/USDT:USDT,0.476,50.0,0.4759,3647.0,0.4761,1.0,0.4763,250.0
1753533886487,12:44:46.487,ARK/USDT:USDT,0.476,50.0,0.4759,3647.0,0.4761,1.0,0.4763,250.0
1753533886626,12:44:46.626,ARK/USDT:USDT,0.476,50.0,0.4759,3647.0,0.4761,1.0,0.4763,250.0
1753533886710,12:44:46.710,ARK/USDT:USDT,0.476,50.0,0.4759,3647.0,0.4761,1.0,0.4763,250.0
1753533887498,12:44:47.498,ARK/USDT:USDT,0.476,50.0,0.4759,3647.0,0.4761,1.0,0.4763,250.0
1753533887615,12:44:47.615,ARK/USDT:USDT,0.476,50.0,0.4759,3647.0,0.4761,1.0,0.4763,250.0
1753533887832,12:44:47.832,ARK/USDT:USDT,0.476,14.0,0.4759,3647.0,0.4761,1.0,0.4763,250.0
1753533888027,12:44:48.027,ARK/USDT:USDT,0.476,14.0,0.4759,3629.0,0.4761,3297.0,0.4763,250.0
1753533888788,12:44:48.788,ARK/USDT:USDT,0.476,14.0,0.4759,3647.0,0.4761,3297.0,0.4763,306.0
1753533889297,12:44:49.297,ARK/USDT:USDT,0.476,14.0,0.4759,3647.0,0.4761,3297.0,0.4762,18.0
1753533890574,12:44:50.574,ARK/USDT:USDT,0.476,14.0,0.4759,3647.0,0.4761,3297.0,0.4763,306.0
1753533892298,12:44:52.298,ARK/USDT:USDT,0.476,14.0,0.4759,3647.0,0.4761,3297.0,0.4763,306.0
1753533897104,12:44:57.104,ARK/USDT:USDT,0.476,32.0,0.4759,3647.0,0.4761,3297.0,0.4763,306.0
1753533898099,12:44:58.099,ARK/USDT:USDT,0.476,14.0,0.4759,3647.0,0.4761,3297.0,0.4763,306.0
1753533899548,12:44:59.548,ARK/USDT:USDT,0.476,32.0,0.4759,3647.0,0.4761,3297.0,0.4763,306.0
1753533899578,12:44:59.578,ARK/USDT:USDT,0.476,32.0,0.4759,3647.0,0.4761,3297.0,0.4763,306.0
1753533901236,12:45:01.236,ARK/USDT:USDT,0.476,14.0,0.4759,3611.0,0.4761,3297.0,0.4762,18.0
1753533901289,12:45:01.289,ARK/USDT:USDT,0.476,14.0,0.4759,3611.0,0.4761,3297.0,0.4763,306.0
1753533901908,12:45:01.908,ARK/USDT:USDT,0.476,32.0,0.4759,3611.0,0.4761,3297.0,0.4763,306.0
1753533905148,12:45:05.148,ARK/USDT:USDT,0.476,32.0,0.4759,3611.0,0.4761,3297.0,0.4763,306.0
1753533906699,12:45:06.699,ARK/USDT:USDT,0.476,32.0,0.4759,3611.0,0.4761,3297.0,0.4763,306.0
1753533908183,12:45:08.183,ARK/USDT:USDT,0.476,14.0,0.4759,3611.0,0.4761,3297.0,0.4763,306.0
1753533910005,12:45:10.005,ARK/USDT:USDT,0.476,32.0,0.4759,3611.0,0.4761,3297.0,0.4763,306.0
1753533911499,12:45:11.499,ARK/USDT:USDT,0.476,32.0,0.4759,3611.0,0.4761,3297.0,0.4763,306.0
1753533913015,12:45:13.015,ARK/USDT:USDT,0.476,14.0,0.4759,3611.0,0.4761,3297.0,0.4763,306.0
1753533919455,12:45:19.455,ARK/USDT:USDT,0.476,14.0,0.4759,3611.0,0.4761,3297.0,0.4763,306.0
1753533920632,12:45:20.632,ARK/USDT:USDT,0.476,358.0,0.4759,3611.0,0.4764,307.0,0.4765,308.0
1753533920689,12:45:20.689,ARK/USDT:USDT,0.476,358.0,0.4759,3611.0,0.4764,307.0,0.4765,308.0
1753533920799,12:45:20.799,ARK/USDT:USDT,0.476,358.0,0.4759,3611.0,0.4764,307.0,0.4765,308.0
1753533920924,12:45:20.924,ARK/USDT:USDT,0.476,358.0,0.4759,3611.0,0.4764,307.0,0.4765,308.0
1753533923503,12:45:23.503,ARK/USDT:USDT,0.476,765.0,0.4759,3611.0,0.4764,307.0,0.4765,308.0
1753533923759,12:45:23.759,ARK/USDT:USDT,0.476,1233.0,0.4759,3611.0,0.4764,307.0,0.4765,308.0
1753533923884,12:45:23.884,ARK/USDT:USDT,0.476,1215.0,0.4759,3611.0,0.4764,307.0,0.4765,308.0
1753533924699,12:45:24.699,ARK/USDT:USDT,0.476,1215.0,0.4759,3611.0,0.4764,307.0,0.4765,308.0
1753533924975,12:45:24.975,ARK/USDT:USDT,0.476,1215.0,0.4759,3611.0,0.4764,307.0,0.4765,308.0
1753533926725,12:45:26.725,ARK/USDT:USDT,0.476,1215.0,0.4759,3611.0,0.4764,307.0,0.4765,308.0
1753533926910,12:45:26.910,ARK/USDT:USDT,0.476,747.0,0.4759,3611.0,0.4764,307.0,0.4765,308.0
1753533927010,12:45:27.010,ARK/USDT:USDT,0.476,322.0,0.4759,3611.0,0.4764,307.0,0.4765,308.0
1753533929541,12:45:29.541,ARK/USDT:USDT,0.476,1129.0,0.4759,3611.0,0.4764,307.0,0.4765,308.0
1753533929735,12:45:29.735,ARK/USDT:USDT,0.476,1129.0,0.4759,3611.0,0.4764,307.0,0.4765,308.0
1753533930134,12:45:30.134,ARK/USDT:USDT,0.476,1129.0,0.4759,3611.0,0.4764,307.0,0.4765,308.0
1753533930232,12:45:30.232,ARK/USDT:USDT,0.476,1129.0,0.4759,3611.0,0.4764,307.0,0.4765,308.0
1753533932064,12:45:32.064,ARK/USDT:USDT,0.4761,56.0,0.476,1129.0,0.4764,1510.0,0.4765,308.0
1753533932092,12:45:32.092,ARK/USDT:USDT,0.4761,56.0,0.476,1129.0,0.4764,1510.0,0.4765,308.0
1753533932216,12:45:32.216,ARK/USDT:USDT,0.4761,56.0,0.476,1129.0,0.4764,1510.0,0.4765,308.0
1753533932766,12:45:32.766,ARK/USDT:USDT,0.4761,56.0,0.476,1129.0,0.4764,1510.0,0.4765,308.0
1753533933043,12:45:33.043,ARK/USDT:USDT,0.4761,74.0,0.476,1129.0,0.4764,1528.0,0.4765,308.0
1753533934299,12:45:34.299,ARK/USDT:USDT,0.4761,74.0,0.476,1129.0,0.4764,1528.0,0.4765,308.0
1753533934662,12:45:34.662,ARK/USDT:USDT,0.4761,74.0,0.476,1129.0,0.4764,1528.0,0.4765,308.0
1753533935002,12:45:35.002,ARK/USDT:USDT,0.4761,74.0,0.476,1129.0,0.4764,1510.0,0.4765,308.0
1753533939099,12:45:39.099,ARK/USDT:USDT,0.4761,74.0,0.476,1129.0,0.4764,1510.0,0.4765,308.0
1753533940562,12:45:40.562,ARK/USDT:USDT,0.4762,92.0,0.4761,56.0,0.4764,1260.0,0.4765,250.0
1753533940639,12:45:40.639,ARK/USDT:USDT,0.4762,92.0,0.4761,56.0,0.4764,1260.0,0.4765,250.0
1753533940666,12:45:40.666,ARK/USDT:USDT,0.4762,92.0,0.4761,56.0,0.4764,1260.0,0.4765,250.0
1753533941023,12:45:41.023,ARK/USDT:USDT,0.4762,92.0,0.4761,56.0,0.4764,1260.0,0.4765,250.0
1753533941505,12:45:41.505,ARK/USDT:USDT,0.4762,92.0,0.4761,56.0,0.4764,1260.0,0.4765,250.0
1753533941640,12:45:41.640,ARK/USDT:USDT,0.4762,74.0,0.4761,56.0,0.4764,1260.0,0.4765,250.0
1753533943141,12:45:43.141,ARK/USDT:USDT,0.4762,92.0,0.4761,56.0,0.4764,1260.0,0.4765,250.0
1753533943900,12:45:43.900,ARK/USDT:USDT,0.4762,92.0,0.4761,56.0,0.4764,1260.0,0.4765,250.0
1753533945065,12:45:45.065,ARK/USDT:USDT,0.4762,92.0,0.4761,56.0,0.4765,250.0,0.4766,308.0
1753533945101,12:45:45.101,ARK/USDT:USDT,0.4762,92.0,0.4761,56.0,0.4765,250.0,0.4766,308.0
1753533945957,12:45:45.957,ARK/USDT:USDT,0.4762,92.0,0.4761,56.0,0.4765,250.0,0.4766,308.0
1753533948700,12:45:48.700,ARK/USDT:USDT,0.4762,92.0,0.4761,56.0,0.4765,250.0,0.4766,308.0
1753533952859,12:45:52.859,ARK/USDT:USDT,0.4762,92.0,0.4761,56.0,0.4765,250.0,0.4766,308.0
1753533953501,12:45:53.501,ARK/USDT:USDT,0.4762,92.0,0.4761,56.0,0.4765,250.0,0.4766,308.0
1753533958309,12:45:58.309,ARK/USDT:USDT,0.4762,92.0,0.4761,56.0,0.4765,250.0,0.4766,308.0
1753533959961,12:45:59.961,ARK/USDT:USDT,0.4762,74.0,0.4761,56.0,0.4766,250.0,0.4767,307.0
1753533960045,12:46:00.045,ARK/USDT:USDT,0.4762,74.0,0.4761,590.0,0.4766,250.0,0.4767,307.0
1753533960147,12:46:00.147,ARK/USDT:USDT,0.4762,74.0,0.4761,590.0,0.4766,250.0,0.4767,307.0
1753533960283,12:46:00.283,ARK/USDT:USDT,0.4762,74.0,0.4761,590.0,0.4766,250.0,0.4767,307.0
1753533960790,12:46:00.790,ARK/USDT:USDT,0.4762,324.0,0.4761,590.0,0.4766,250.0,0.4767,307.0
1753533963123,12:46:03.123,ARK/USDT:USDT,0.4762,324.0,0.4761,590.0,0.4766,250.0,0.4767,307.0
1753533963244,12:46:03.244,ARK/USDT:USDT,0.4762,324.0,0.4761,590.0,0.4766,250.0,0.4767,307.0
1753533965162,12:46:05.162,ARK/USDT:USDT,0.4762,524.0,0.4761,590.0,0.4766,250.0,0.4767,307.0
1753533965177,12:46:05.177,ARK/USDT:USDT,0.4762,524.0,0.4761,590.0,0.4766,250.0,0.4767,307.0
1753533966920,12:46:06.920,ARK/USDT:USDT,0.4762,524.0,0.4761,590.0,0.4766,250.0,0.4767,307.0
1753533967900,12:46:07.900,ARK/USDT:USDT,0.4762,524.0,0.4761,590.0,0.4766,250.0,0.4767,307.0
1753533970291,12:46:10.291,ARK/USDT:USDT,0.4762,524.0,0.4761,590.0,0.4766,250.0,0.4767,307.0
1753533971667,12:46:11.667,ARK/USDT:USDT,0.4762,524.0,0.4761,840.0,0.4766,250.0,0.4767,307.0
1753533972700,12:46:12.700,ARK/USDT:USDT,0.4762,524.0,0.4761,840.0,0.4766,250.0,0.4767,307.0
1753533977565,12:46:17.565,ARK/USDT:USDT,0.4762,524.0,0.4761,840.0,0.4766,250.0,0.4767,307.0
1753533978311,12:46:18.311,ARK/USDT:USDT,0.4763,76.0,0.4762,306.0,0.4766,9825.0,0.4767,307.0
1753533978445,12:46:18.445,ARK/USDT:USDT,0.4763,76.0,0.4762,306.0,0.4766,9825.0,0.4767,307.0
1753533978562,12:46:18.562,ARK/USDT:USDT,0.4763,76.0,0.4762,306.0,0.4766,9825.0,0.4767,307.0
1753533978663,12:46:18.663,ARK/USDT:USDT,0.4763,76.0,0.4762,306.0,0.4766,9825.0,0.4767,307.0
1753533978936,12:46:18.936,ARK/USDT:USDT,0.4763,76.0,0.4762,306.0,0.4766,9825.0,0.4767,307.0
1753533978980,12:46:18.980,ARK/USDT:USDT,0.4763,94.0,0.4762,306.0,0.4766,9825.0,0.4767,307.0
1753533979103,12:46:19.103,ARK/USDT:USDT,0.4763,94.0,0.4762,306.0,0.4766,9825.0,0.4767,307.0
1753533979169,12:46:19.169,ARK/USDT:USDT,0.4763,94.0,0.4762,306.0,0.4766,9825.0,0.4767,307.0
1753533980341,12:46:20.341,ARK/USDT:USDT,0.4763,94.0,0.4762,306.0,0.4766,250.0,0.4767,307.0
1753533981362,12:46:21.362,ARK/USDT:USDT,0.4763,94.0,0.4762,306.0,0.4766,250.0,0.4767,307.0
1753533982300,12:46:22.300,ARK/USDT:USDT,0.4763,94.0,0.4762,306.0,0.4766,250.0,0.4767,307.0
1753533982369,12:46:22.369,ARK/USDT:USDT,0.4763,94.0,0.4762,306.0,0.4766,250.0,0.4767,307.0
1753533984250,12:46:24.250,ARK/USDT:USDT,0.4763,94.0,0.4762,306.0,0.4766,250.0,0.4767,307.0
1753533985598,12:46:25.598,ARK/USDT:USDT,0.4763,94.0,0.4762,306.0,0.4766,268.0,0.4767,307.0
1753533985759,12:46:25.759,ARK/USDT:USDT,0.4763,76.0,0.4762,306.0,0.4766,268.0,0.4767,307.0
1753533985802,12:46:25.802,ARK/USDT:USDT,0.4763,94.0,0.4762,306.0,0.4766,268.0,0.4767,307.0
1753533987100,12:46:27.100,ARK/USDT:USDT,0.4763,94.0,0.4762,306.0,0.4766,268.0,0.4767,307.0
1753533988761,12:46:28.761,ARK/USDT:USDT,0.4763,76.0,0.4762,306.0,0.4766,268.0,0.4767,307.0
1753533988791,12:46:28.791,ARK/USDT:USDT,0.4763,94.0,0.4762,306.0,0.4766,250.0,0.4767,307.0
1753533989757,12:46:29.757,ARK/USDT:USDT,0.4763,94.0,0.4762,306.0,0.4766,250.0,0.4767,307.0
1753533989771,12:46:29.771,ARK/USDT:USDT,0.4763,94.0,0.4762,306.0,0.4766,250.0,0.4767,307.0
1753533990929,12:46:30.929,ARK/USDT:USDT,0.4763,94.0,0.4762,306.0,0.4766,250.0,0.4767,307.0
1753533991901,12:46:31.901,ARK/USDT:USDT,0.4763,94.0,0.4762,306.0,0.4766,250.0,0.4767,307.0
1753533996626,12:46:36.626,ARK/USDT:USDT,0.4763,94.0,0.4762,306.0,0.4766,268.0,0.4767,307.0
1753533996708,12:46:36.708,ARK/USDT:USDT,0.4763,94.0,0.4762,306.0,0.4766,268.0,0.4767,307.0
1753533997017,12:46:37.017,ARK/USDT:USDT,0.4763,94.0,0.4762,306.0,0.4766,250.0,0.4767,307.0
1753533999618,12:46:39.618,ARK/USDT:USDT,0.4763,94.0,0.4762,306.0,0.4766,268.0,0.4767,307.0
1753534000583,12:46:40.583,ARK/USDT:USDT,0.4763,94.0,0.4762,306.0,0.4766,250.0,0.4767,307.0
1753534001501,12:46:41.501,ARK/USDT:USDT,0.4763,94.0,0.4762,306.0,0.4766,250.0,0.4767,307.0
1753534001759,12:46:41.759,ARK/USDT:USDT,0.4764,57.0,0.4763,94.0,0.4767,250.0,0.4768,307.0
1753534001775,12:46:41.775,ARK/USDT:USDT,0.4764,75.0,0.4763,76.0,0.4767,250.0,0.4768,307.0
1753534001954,12:46:41.954,ARK/USDT:USDT,0.4764,75.0,0.4763,76.0,0.4767,250.0,0.4768,307.0
1753534002096,12:46:42.096,ARK/USDT:USDT,0.4764,93.0,0.4763,58.0,0.4767,250.0,0.4768,307.0
1753534002310,12:46:42.310,ARK/USDT:USDT,0.4764,93.0,0.4763,58.0,0.4767,250.0,0.4768,307.0
1753534004123,12:46:44.123,ARK/USDT:USDT,0.4764,93.0,0.4763,58.0,0.4767,250.0,0.4768,307.0
1753534004326,12:46:44.326,ARK/USDT:USDT,0.4764,93.0,0.4763,58.0,0.4767,250.0,0.4768,307.0
1753534004813,12:46:44.813,ARK/USDT:USDT,0.4764,93.0,0.4763,58.0,0.4767,250.0,0.4768,307.0
1753534006301,12:46:46.301,ARK/USDT:USDT,0.4764,93.0,0.4763,58.0,0.4767,250.0,0.4768,307.0
1753534011101,12:46:51.101,ARK/USDT:USDT,0.4764,93.0,0.4763,58.0,0.4767,250.0,0.4768,307.0
1753534012488,12:46:52.488,ARK/USDT:USDT,0.4764,93.0,0.4763,58.0,0.4767,250.0,0.4768,307.0
1753534013054,12:46:53.054,ARK/USDT:USDT,0.4764,93.0,0.4763,58.0,0.4767,250.0,0.4768,307.0
1753534013069,12:46:53.069,ARK/USDT:USDT,0.4764,93.0,0.4763,58.0,0.4767,250.0,0.4768,307.0
1753534013261,12:46:53.261,ARK/USDT:USDT,0.4764,93.0,0.4763,58.0,0.4767,268.0,0.4768,307.0
1753534013266,12:46:53.266,ARK/USDT:USDT,0.4764,93.0,0.4763,58.0,0.4767,268.0,0.4768,307.0
1753534015598,12:46:55.598,ARK/USDT:USDT,0.4764,18.0,0.4763,58.0,0.4767,268.0,0.4768,307.0
1753534015761,12:46:55.761,ARK/USDT:USDT,0.4763,58.0,0.4762,306.0,0.4767,268.0,0.4768,307.0
1753534015816,12:46:55.816,ARK/USDT:USDT,0.4763,58.0,0.4762,306.0,0.4767,1508.0,0.4768,307.0
1753534015907,12:46:55.907,ARK/USDT:USDT,0.4763,58.0,0.4762,306.0,0.4767,1508.0,0.4768,307.0
1753534016095,12:46:56.095,ARK/USDT:USDT,0.4763,258.0,0.4762,306.0,0.4767,1508.0,0.4768,307.0
1753534016209,12:46:56.209,ARK/USDT:USDT,0.4763,74.0,0.4762,306.0,0.4767,1508.0,0.4768,307.0
1753534016378,12:46:56.378,ARK/USDT:USDT,0.4763,74.0,0.4762,306.0,0.4767,1508.0,0.4768,307.0
1753534018243,12:46:58.243,ARK/USDT:USDT,0.4763,179.0,0.4762,306.0,0.4767,1508.0,0.4768,307.0
1753534020025,12:47:00.025,ARK/USDT:USDT,0.4763,179.0,0.4762,306.0,0.4767,1508.0,0.4768,307.0
1753534020701,12:47:00.701,ARK/USDT:USDT,0.4763,179.0,0.4762,306.0,0.4767,1508.0,0.4768,307.0
1753534023527,12:47:03.527,ARK/USDT:USDT,0.4766,23.0,0.4765,18.0,0.4767,1508.0,0.4768,325.0
1753534023635,12:47:03.635,ARK/USDT:USDT,0.4766,23.0,0.4765,18.0,0.4767,1508.0,0.4768,325.0
1753534023787,12:47:03.787,ARK/USDT:USDT,0.4766,23.0,0.4763,56.0,0.4767,1508.0,0.4768,325.0
1753534024547,12:47:04.547,ARK/USDT:USDT,0.4766,23.0,0.4763,56.0,0.4767,11083.0,0.4768,325.0
1753534024851,12:47:04.851,ARK/USDT:USDT,0.4766,23.0,0.4763,56.0,0.4767,11083.0,0.4768,325.0
1753534025215,12:47:05.215,ARK/USDT:USDT,0.4766,23.0,0.4763,56.0,0.4767,11083.0,0.4768,325.0
1753534025502,12:47:05.502,ARK/USDT:USDT,0.4766,23.0,0.4763,56.0,0.4767,11083.0,0.4768,325.0
1753534026543,12:47:06.543,ARK/USDT:USDT,0.4766,23.0,0.4763,56.0,0.4767,11083.0,0.4768,343.0
1753534026641,12:47:06.641,ARK/USDT:USDT,0.4766,23.0,0.4763,56.0,0.4767,11083.0,0.4768,343.0
1753534027328,12:47:07.328,ARK/USDT:USDT,0.4766,23.0,0.4763,56.0,0.4767,11083.0,0.4768,325.0
1753534027807,12:47:07.807,ARK/USDT:USDT,0.4766,23.0,0.4763,56.0,0.4767,11083.0,0.4768,343.0
1753534029488,12:47:09.488,ARK/USDT:USDT,0.4766,23.0,0.4763,56.0,0.4767,11083.0,0.4768,325.0
1753534029747,12:47:09.747,ARK/USDT:USDT,0.4766,23.0,0.4763,56.0,0.4767,11083.0,0.4768,343.0
1753534030302,12:47:10.302,ARK/USDT:USDT,0.4766,23.0,0.4763,56.0,0.4767,11083.0,0.4768,343.0
1753534032688,12:47:12.688,ARK/USDT:USDT,0.4766,23.0,0.4763,56.0,0.4767,11083.0,0.4768,343.0
1753534035361,12:47:15.361,ARK/USDT:USDT,0.4766,23.0,0.4763,56.0,0.4767,11083.0,0.4768,325.0
1753534035552,12:47:15.552,ARK/USDT:USDT,0.4766,23.0,0.4763,56.0,0.4767,11083.0,0.4768,343.0
1753534037546,12:47:17.546,ARK/USDT:USDT,0.4762,250.0,0.4761,840.0,0.4766,58.0,0.4767,9825.0
1753534037644,12:47:17.644,ARK/USDT:USDT,0.4763,32.0,0.4762,250.0,0.4766,58.0,0.4767,9825.0
1753534037764,12:47:17.764,ARK/USDT:USDT,0.4763,50.0,0.4762,250.0,0.4766,1063.0,0.4767,9825.0
1753534037828,12:47:17.828,ARK/USDT:USDT,0.4763,50.0,0.4762,250.0,0.4766,1063.0,0.4767,9825.0
1753534038014,12:47:18.014,ARK/USDT:USDT,0.4763,50.0,0.4762,250.0,0.4766,1063.0,0.4767,9825.0
1753534038140,12:47:18.140,ARK/USDT:USDT,0.4763,50.0,0.4762,250.0,0.4766,1063.0,0.4767,9825.0
1753534038169,12:47:18.169,ARK/USDT:USDT,0.4763,32.0,0.4762,250.0,0.4766,1063.0,0.4767,9825.0
1753534038591,12:47:18.591,ARK/USDT:USDT,0.4763,50.0,0.4762,250.0,0.4766,58.0,0.4767,308.0
1753534038949,12:47:18.949,ARK/USDT:USDT,0.4763,32.0,0.4762,250.0,0.4766,58.0,0.4767,308.0
1753534039280,12:47:19.280,ARK/USDT:USDT,0.4763,50.0,0.4762,250.0,0.4766,58.0,0.4767,308.0
1753534039400,12:47:19.400,ARK/USDT:USDT,0.4763,32.0,0.4762,250.0,0.4766,58.0,0.4767,308.0
1753534040523,12:47:20.523,ARK/USDT:USDT,0.4763,50.0,0.4762,250.0,0.4766,58.0,0.4767,308.0
1753534041908,12:47:21.908,ARK/USDT:USDT,0.4763,50.0,0.4762,250.0,0.4766,58.0,0.4767,308.0
1753534046702,12:47:26.702,ARK/USDT:USDT,0.4763,50.0,0.4762,250.0,0.4766,58.0,0.4767,308.0
1753534047187,12:47:27.187,ARK/USDT:USDT,0.4763,50.0,0.4762,250.0,0.4766,58.0,0.4767,308.0
1753534049447,12:47:29.447,ARK/USDT:USDT,0.4763,14.0,0.4762,250.0,0.4766,94.0,0.4767,308.0
1753534049532,12:47:29.532,ARK/USDT:USDT,0.4763,14.0,0.4762,250.0,0.4766,1352.0,0.4767,308.0
1753534049812,12:47:29.812,ARK/USDT:USDT,0.4763,14.0,0.4762,250.0,0.4766,1352.0,0.4767,308.0
1753534051502,12:47:31.502,ARK/USDT:USDT,0.4763,14.0,0.4762,250.0,0.4766,1352.0,0.4767,308.0
1753534052407,12:47:32.407,ARK/USDT:USDT,0.4763,14.0,0.4761,250.0,0.4765,76.0,0.4766,58.0
1753534052520,12:47:32.520,ARK/USDT:USDT,0.4762,14.0,0.4761,250.0,0.4764,58.0,0.4765,76.0
1753534052625,12:47:32.625,ARK/USDT:USDT,0.4761,268.0,0.476,1115.0,0.4765,1336.0,0.4766,58.0
1753534052675,12:47:32.675,ARK/USDT:USDT,0.4762,14.0,0.4761,268.0,0.4765,1354.0,0.4766,58.0
1753534053032,12:47:33.032,ARK/USDT:USDT,0.4762,14.0,0.4761,268.0,0.4765,1354.0,0.4766,58.0
1753534053444,12:47:33.444,ARK/USDT:USDT,0.4762,50.0,0.4761,308.0,0.4765,1318.0,0.4766,58.0
1753534053550,12:47:33.550,ARK/USDT:USDT,0.4762,32.0,0.4761,308.0,0.4766,58.0,0.4767,308.0
1753534054670,12:47:34.670,ARK/USDT:USDT,0.4762,32.0,0.4761,308.0,0.4766,58.0,0.4767,308.0
1753534055049,12:47:35.049,ARK/USDT:USDT,0.4762,32.0,0.4761,308.0,0.4766,58.0,0.4767,308.0
1753534056307,12:47:36.307,ARK/USDT:USDT,0.4762,32.0,0.4761,308.0,0.4766,58.0,0.4767,308.0
1753534056708,12:47:36.708,ARK/USDT:USDT,0.4762,32.0,0.4761,308.0,0.4766,308.0,0.4767,308.0
1753534058827,12:47:38.827,ARK/USDT:USDT,0.4762,32.0,0.4761,838.0,0.4766,308.0,0.4767,308.0
1753534058897,12:47:38.897,ARK/USDT:USDT,0.4762,89.0,0.4761,838.0,0.4766,308.0,0.4767,308.0
1753534061103,12:47:41.103,ARK/USDT:USDT,0.4762,89.0,0.4761,838.0,0.4766,308.0,0.4767,308.0
1753534064562,12:47:44.562,ARK/USDT:USDT,0.4762,14.0,0.4761,838.0,0.4765,93.0,0.4766,1566.0
1753534064622,12:47:44.622,ARK/USDT:USDT,0.4762,32.0,0.4761,308.0,0.4765,527.0,0.4766,1566.0
1753534064704,12:47:44.704,ARK/USDT:USDT,0.4762,50.0,0.4761,308.0,0.4765,527.0,0.4766,1566.0
1753534064816,12:47:44.816,ARK/USDT:USDT,0.4762,14.0,0.4761,308.0,0.4765,563.0,0.4766,1566.0
1753534065143,12:47:45.143,ARK/USDT:USDT,0.4762,14.0,0.4761,308.0,0.4765,545.0,0.4766,1566.0
1753534065418,12:47:45.418,ARK/USDT:USDT,0.4762,14.0,0.4761,308.0,0.4765,563.0,0.4766,1566.0
1753534065903,12:47:45.903,ARK/USDT:USDT,0.4762,14.0,0.4761,308.0,0.4765,563.0,0.4766,1566.0
1753534066761,12:47:46.761,ARK/USDT:USDT,0.4762,14.0,0.4761,308.0,0.4765,545.0,0.4766,1566.0
1753534066788,12:47:46.788,ARK/USDT:USDT,0.4762,14.0,0.4761,308.0,0.4765,563.0,0.4766,1566.0
1753534067343,12:47:47.343,ARK/USDT:USDT,0.4762,32.0,0.4761,308.0,0.4765,563.0,0.4766,1566.0
1753534067449,12:47:47.449,ARK/USDT:USDT,0.4762,50.0,0.4761,308.0,0.4765,563.0,0.4766,1566.0
1753534068140,12:47:48.140,ARK/USDT:USDT,0.4762,50.0,0.4761,308.0,0.4765,527.0,0.4766,1566.0
1753534068211,12:47:48.211,ARK/USDT:USDT,0.4762,50.0,0.4761,308.0,0.4765,57.0,0.4766,308.0
1753534068674,12:47:48.674,ARK/USDT:USDT,0.4762,50.0,0.4761,308.0,0.4765,57.0,0.4766,308.0
1753534069566,12:47:49.566,ARK/USDT:USDT,0.4762,14.0,0.4761,308.0,0.4765,1353.0,0.4766,308.0
1753534069664,12:47:49.664,ARK/USDT:USDT,0.4762,14.0,0.4761,308.0,0.4765,1353.0,0.4766,308.0
1753534070548,12:47:50.548,ARK/USDT:USDT,0.4762,14.0,0.4761,308.0,0.4765,1353.0,0.4766,308.0
1753534070703,12:47:50.703,ARK/USDT:USDT,0.4762,14.0,0.4761,308.0,0.4765,1353.0,0.4766,308.0
1753534070928,12:47:50.928,ARK/USDT:USDT,0.4762,14.0,0.4761,308.0,0.4765,1353.0,0.4766,308.0
1753534072428,12:47:52.428,ARK/USDT:USDT,0.4762,50.0,0.4761,308.0,0.4765,1317.0,0.4766,308.0
1753534072555,12:47:52.555,ARK/USDT:USDT,0.4762,50.0,0.4761,308.0,0.4765,1353.0,0.4766,308.0
1753534072821,12:47:52.821,ARK/USDT:USDT,0.4762,50.0,0.4761,308.0,0.4765,1317.0,0.4766,308.0
1753534073041,12:47:53.041,ARK/USDT:USDT,0.4762,50.0,0.4761,308.0,0.4765,1335.0,0.4766,308.0
1753534073456,12:47:53.456,ARK/USDT:USDT,0.4762,32.0,0.4761,308.0,0.4765,1335.0,0.4766,308.0
1753534073934,12:47:53.934,ARK/USDT:USDT,0.4762,50.0,0.4761,308.0,0.4765,1317.0,0.4766,308.0
1753534075399,12:47:55.399,ARK/USDT:USDT,0.4762,32.0,0.4761,308.0,0.4765,1335.0,0.4766,308.0
1753534075539,12:47:55.539,ARK/USDT:USDT,0.4762,50.0,0.4761,308.0,0.4765,1317.0,0.4766,308.0
1753534080053,12:48:00.053,ARK/USDT:USDT,0.4762,50.0,0.4761,308.0,0.4765,1317.0,0.4766,308.0
1753534080190,12:48:00.190,ARK/USDT:USDT,0.4762,50.0,0.4761,308.0,0.4765,1335.0,0.4766,308.0
1753534080303,12:48:00.303,ARK/USDT:USDT,0.4762,50.0,0.4761,308.0,0.4765,1335.0,0.4766,308.0
1753534080616,12:48:00.616,ARK/USDT:USDT,0.4762,50.0,0.4761,308.0,0.4765,1317.0,0.4766,308.0
1753534081624,12:48:01.624,ARK/USDT:USDT,0.4762,50.0,0.4761,308.0,0.4765,1317.0,0.4766,308.0
1753534082239,12:48:02.239,ARK/USDT:USDT,0.4762,32.0,0.4761,308.0,0.4765,1335.0,0.4766,308.0
1753534082421,12:48:02.421,ARK/USDT:USDT,0.4762,50.0,0.4761,308.0,0.4765,1317.0,0.4766,308.0
1753534085104,12:48:05.104,ARK/USDT:USDT,0.4762,50.0,0.4761,308.0,0.4765,1317.0,0.4766,308.0
1753534085246,12:48:05.246,ARK/USDT:USDT,0.4762,50.0,0.4761,308.0,0.4765,1317.0,0.4766,308.0
1753534086297,12:48:06.297,ARK/USDT:USDT,0.4762,50.0,0.4761,308.0,0.4765,1317.0,0.4766,308.0
1753534086673,12:48:06.673,ARK/USDT:USDT,0.4762,50.0,0.4761,308.0,0.4765,1317.0,0.4766,308.0
1753534088301,12:48:08.301,ARK/USDT:USDT,0.4762,32.0,0.4761,308.0,0.4765,1317.0,0.4766,308.0
1753534088438,12:48:08.438,ARK/USDT:USDT,0.4762,50.0,0.4761,308.0,0.4765,1317.0,0.4766,308.0
1753534089903,12:48:09.903,ARK/USDT:USDT,0.4762,50.0,0.4761,308.0,0.4765,1317.0,0.4766,308.0
1753534093004,12:48:13.004,ARK/USDT:USDT,0.4762,32.0,0.4761,308.0,0.4765,1335.0,0.4766,308.0
1753534093245,12:48:13.245,ARK/USDT:USDT,0.4762,50.0,0.4761,308.0,0.4765,1317.0,0.4766,308.0
1753534093379,12:48:13.379,ARK/USDT:USDT,0.4762,32.0,0.4761,308.0,0.4765,1335.0,0.4766,308.0
1753534093760,12:48:13.760,ARK/USDT:USDT,0.4762,14.0,0.4761,308.0,0.4765,1335.0,0.4766,308.0
1753534093881,12:48:13.881,ARK/USDT:USDT,0.4762,32.0,0.4761,308.0,0.4765,1335.0,0.4766,308.0
1753534094704,12:48:14.704,ARK/USDT:USDT,0.4762,32.0,0.4761,308.0,0.4765,1335.0,0.4766,308.0
1753534095376,12:48:15.376,ARK/USDT:USDT,0.4762,14.0,0.4761,308.0,0.4765,1335.0,0.4766,308.0
1753534097587,12:48:17.587,ARK/USDT:USDT,0.4762,14.0,0.4761,250.0,0.4765,1353.0,0.4766,308.0
1753534097859,12:48:17.859,ARK/USDT:USDT,0.4762,14.0,0.4761,250.0,0.4764,73.0,0.4765,1335.0
1753534099428,12:48:19.428,ARK/USDT:USDT,0.4762,14.0,0.4761,250.0,0.4764,91.0,0.4765,1317.0
1753534099508,12:48:19.508,ARK/USDT:USDT,0.4762,14.0,0.4761,250.0,0.4764,91.0,0.4765,1317.0
1753534099761,12:48:19.761,ARK/USDT:USDT,0.4762,14.0,0.4761,250.0,0.4764,73.0,0.4765,1317.0
1753534099941,12:48:19.941,ARK/USDT:USDT,0.4762,14.0,0.4761,250.0,0.4764,91.0,0.4765,1317.0
1753534100043,12:48:20.043,ARK/USDT:USDT,0.4762,14.0,0.4761,250.0,0.4764,91.0,0.4765,1317.0
1753534100548,12:48:20.548,ARK/USDT:USDT,0.4762,14.0,0.4761,250.0,0.4764,73.0,0.4765,1317.0
1753534101928,12:48:21.928,ARK/USDT:USDT,0.4762,50.0,0.4761,250.0,0.4764,55.0,0.4765,1317.0
1753534102033,12:48:22.033,ARK/USDT:USDT,0.4762,18.0,0.4761,250.0,0.4764,55.0,0.4765,1317.0
1753534102414,12:48:22.414,ARK/USDT:USDT,0.4762,32.0,0.4761,250.0,0.4764,55.0,0.4765,1317.0
1753534102858,12:48:22.858,ARK/USDT:USDT,0.4762,32.0,0.4761,250.0,0.4764,55.0,0.4765,1317.0
1753534103996,12:48:23.996,ARK/USDT:USDT,0.4762,14.0,0.4761,250.0,0.4764,55.0,0.4765,1317.0
1753534104308,12:48:24.308,ARK/USDT:USDT,0.4762,14.0,0.4761,250.0,0.4764,73.0,0.4765,1317.0
1753534104861,12:48:24.861,ARK/USDT:USDT,0.4762,32.0,0.4761,250.0,0.4764,55.0,0.4765,1317.0
