timestamp,time,symbol,bid1_price,bid1_volume,bid2_price,bid2_volume,ask1_price,ask1_volume,ask2_price,ask2_volume
1753533020000,12:30:20.000,ARKM/USDT:USDT,0.5477,266.0,0.5476,212.0,0.5478,9.0,0.5479,365.0
1753533020473,12:30:20.473,ARKM/USDT:USDT,0.5477,266.0,0.5476,212.0,0.5478,9.0,0.5479,365.0
1753533021167,12:30:21.167,ARKM/USDT:USDT,0.5477,266.0,0.5476,212.0,0.5478,374.0,0.548,41.0
1753533021210,12:30:21.210,ARKM/USDT:USDT,0.5477,266.0,0.5476,212.0,0.5478,365.0,0.548,50.0
1753533021398,12:30:21.398,ARKM/USDT:USDT,0.5477,229.0,0.5476,212.0,0.5478,365.0,0.548,50.0
1753533021464,12:30:21.464,ARKM/USDT:USDT,0.5477,229.0,0.5476,212.0,0.5478,365.0,0.548,50.0
1753533021690,12:30:21.690,ARKM/USDT:USDT,0.5477,266.0,0.5476,175.0,0.5478,365.0,0.548,50.0
1753533021771,12:30:21.771,ARKM/USDT:USDT,0.5477,229.0,0.5476,175.0,0.5478,365.0,0.548,50.0
1753533021972,12:30:21.972,ARKM/USDT:USDT,0.5477,266.0,0.5476,175.0,0.5478,365.0,0.548,50.0
1753533022045,12:30:22.045,ARKM/USDT:USDT,0.5477,229.0,0.5476,175.0,0.5478,365.0,0.548,50.0
1753533022574,12:30:22.574,ARKM/USDT:USDT,0.5477,229.0,0.5476,175.0,0.5478,365.0,0.548,50.0
1753533022622,12:30:22.622,ARKM/USDT:USDT,0.5477,229.0,0.5476,175.0,0.5478,365.0,0.548,50.0
1753533023190,12:30:23.190,ARKM/USDT:USDT,0.5477,266.0,0.5476,175.0,0.5479,365.0,0.548,9.0
1753533023282,12:30:23.282,ARKM/USDT:USDT,0.5478,192.0,0.5477,266.0,0.5479,365.0,0.548,41.0
1753533023359,12:30:23.359,ARKM/USDT:USDT,0.5478,192.0,0.5477,266.0,0.5479,365.0,0.548,50.0
1753533023698,12:30:23.698,ARKM/USDT:USDT,0.5478,192.0,0.5477,266.0,0.548,50.0,0.5481,2274.0
1753533023781,12:30:23.781,ARKM/USDT:USDT,0.5479,96.0,0.5478,192.0,0.548,9.0,0.5481,2274.0
1753533023889,12:30:23.889,ARKM/USDT:USDT,0.5477,175.0,0.5476,176.0,0.548,848.0,0.5481,2274.0
1753533023986,12:30:23.986,ARKM/USDT:USDT,0.5477,175.0,0.5475,351.0,0.548,879.0,0.5481,2274.0
1753533024172,12:30:24.172,ARKM/USDT:USDT,0.5477,175.0,0.5475,351.0,0.548,879.0,0.5481,2274.0
1753533024264,12:30:24.264,ARKM/USDT:USDT,0.5477,175.0,0.5475,351.0,0.548,879.0,0.5481,2274.0
1753533025762,12:30:25.762,ARKM/USDT:USDT,0.5477,175.0,0.5475,351.0,0.548,879.0,0.5481,2274.0
1753533026051,12:30:26.051,ARKM/USDT:USDT,0.5477,175.0,0.5475,351.0,0.548,879.0,0.5481,2274.0
1753533026193,12:30:26.193,ARKM/USDT:USDT,0.5477,175.0,0.5475,351.0,0.548,879.0,0.5481,2274.0
1753533027307,12:30:27.307,ARKM/USDT:USDT,0.5477,175.0,0.5475,351.0,0.548,879.0,0.5481,2274.0
1753533027794,12:30:27.794,ARKM/USDT:USDT,0.5477,175.0,0.5475,351.0,0.5479,803.0,0.548,2355.0
1753533027817,12:30:27.817,ARKM/USDT:USDT,0.5477,175.0,0.5475,351.0,0.5479,803.0,0.548,2346.0
1753533029159,12:30:29.159,ARKM/USDT:USDT,0.5477,175.0,0.5475,351.0,0.5479,803.0,0.548,2346.0
1753533029342,12:30:29.342,ARKM/USDT:USDT,0.5477,175.0,0.5475,351.0,0.5479,803.0,0.548,2346.0
1753533029435,12:30:29.435,ARKM/USDT:USDT,0.5477,175.0,0.5475,351.0,0.5479,803.0,0.548,2346.0
1753533034093,12:30:34.093,ARKM/USDT:USDT,0.5476,96.0,0.5475,351.0,0.5478,74.0,0.5479,2273.0
1753533034175,12:30:34.175,ARKM/USDT:USDT,0.5475,175.0,0.5474,393.0,0.5478,806.0,0.5479,2232.0
1753533034271,12:30:34.271,ARKM/USDT:USDT,0.5475,175.0,0.5474,393.0,0.5478,806.0,0.5479,2232.0
1753533034787,12:30:34.787,ARKM/USDT:USDT,0.5475,175.0,0.5474,393.0,0.5478,806.0,0.5479,2232.0
1753533034874,12:30:34.874,ARKM/USDT:USDT,0.5476,96.0,0.5475,351.0,0.5478,806.0,0.5479,2232.0
1753533034980,12:30:34.980,ARKM/USDT:USDT,0.5476,96.0,0.5475,351.0,0.5478,797.0,0.5479,2232.0
1753533035143,12:30:35.143,ARKM/USDT:USDT,0.5476,96.0,0.5475,351.0,0.5478,723.0,0.5479,2232.0
1753533035242,12:30:35.242,ARKM/USDT:USDT,0.5476,96.0,0.5475,351.0,0.5478,723.0,0.5479,2232.0
1753533035495,12:30:35.495,ARKM/USDT:USDT,0.5476,96.0,0.5475,351.0,0.5478,723.0,0.5479,2232.0
1753533035760,12:30:35.760,ARKM/USDT:USDT,0.5476,96.0,0.5475,351.0,0.5478,723.0,0.5479,2232.0
1753533036060,12:30:36.060,ARKM/USDT:USDT,0.5476,96.0,0.5475,351.0,0.5478,760.0,0.5479,2232.0
1753533037262,12:30:37.262,ARKM/USDT:USDT,0.5475,351.0,0.5474,393.0,0.5478,797.0,0.5479,2232.0
1753533037393,12:30:37.393,ARKM/USDT:USDT,0.5476,96.0,0.5475,351.0,0.5477,9.0,0.5478,760.0
1753533037422,12:30:37.422,ARKM/USDT:USDT,0.5476,96.0,0.5475,351.0,0.5477,9.0,0.5478,760.0
1753533037513,12:30:37.513,ARKM/USDT:USDT,0.5476,96.0,0.5475,351.0,0.5477,9.0,0.5478,760.0
1753533037841,12:30:37.841,ARKM/USDT:USDT,0.5476,96.0,0.5475,351.0,0.5477,9.0,0.5478,760.0
1753533038159,12:30:38.159,ARKM/USDT:USDT,0.5476,96.0,0.5475,425.0,0.5477,9.0,0.5478,723.0
1753533038638,12:30:38.638,ARKM/USDT:USDT,0.5476,96.0,0.5475,351.0,0.5477,9.0,0.5478,760.0
1753533038734,12:30:38.734,ARKM/USDT:USDT,0.5476,96.0,0.5475,351.0,0.5477,9.0,0.5478,760.0
1753533038886,12:30:38.886,ARKM/USDT:USDT,0.5476,96.0,0.5475,388.0,0.5477,9.0,0.5478,760.0
1753533038904,12:30:38.904,ARKM/USDT:USDT,0.5476,96.0,0.5475,351.0,0.5477,9.0,0.5478,723.0
1753533039006,12:30:39.006,ARKM/USDT:USDT,0.5476,96.0,0.5475,351.0,0.5477,9.0,0.5478,760.0
1753533039991,12:30:39.991,ARKM/USDT:USDT,0.5476,96.0,0.5475,351.0,0.5477,9.0,0.5478,760.0
1753533040918,12:30:40.918,ARKM/USDT:USDT,0.5476,96.0,0.5475,351.0,0.5477,9.0,0.5478,760.0
1753533041022,12:30:41.022,ARKM/USDT:USDT,0.5476,96.0,0.5475,351.0,0.5477,9.0,0.5478,723.0
1753533041356,12:30:41.356,ARKM/USDT:USDT,0.5476,96.0,0.5475,351.0,0.5477,9.0,0.5478,723.0
1753533042097,12:30:42.097,ARKM/USDT:USDT,0.5476,96.0,0.5475,351.0,0.5477,9.0,0.5478,723.0
1753533043520,12:30:43.520,ARKM/USDT:USDT,0.5476,96.0,0.5475,351.0,0.5477,9.0,0.5478,723.0
1753533043663,12:30:43.663,ARKM/USDT:USDT,0.5476,96.0,0.5475,351.0,0.5477,9.0,0.5478,723.0
1753533044024,12:30:44.024,ARKM/USDT:USDT,0.5476,96.0,0.5475,351.0,0.5477,9.0,0.5478,723.0
1753533044395,12:30:44.395,ARKM/USDT:USDT,0.5476,96.0,0.5475,351.0,0.5477,9.0,0.5478,682.0
1753533044584,12:30:44.584,ARKM/USDT:USDT,0.5475,175.0,0.5474,351.0,0.5477,83.0,0.5478,41.0
1753533044691,12:30:44.691,ARKM/USDT:USDT,0.5476,96.0,0.5475,351.0,0.5478,115.0,0.5479,50.0
1753533044783,12:30:44.783,ARKM/USDT:USDT,0.5476,96.0,0.5475,351.0,0.5478,78.0,0.5479,50.0
1753533044872,12:30:44.872,ARKM/USDT:USDT,0.5476,96.0,0.5475,351.0,0.5479,124.0,0.548,479.0
1753533044922,12:30:44.922,ARKM/USDT:USDT,0.5476,96.0,0.5475,351.0,0.5479,124.0,0.548,479.0
1753533045008,12:30:45.008,ARKM/USDT:USDT,0.5476,96.0,0.5475,351.0,0.5479,124.0,0.548,479.0
1753533045196,12:30:45.196,ARKM/USDT:USDT,0.5476,96.0,0.5475,351.0,0.5479,87.0,0.548,479.0
1753533045288,12:30:45.288,ARKM/USDT:USDT,0.5477,96.0,0.5476,96.0,0.5479,87.0,0.548,479.0
1753533045330,12:30:45.330,ARKM/USDT:USDT,0.5477,96.0,0.5476,96.0,0.5479,87.0,0.548,479.0
1753533045461,12:30:45.461,ARKM/USDT:USDT,0.5476,96.0,0.5475,351.0,0.5479,128.0,0.548,438.0
1753533045575,12:30:45.575,ARKM/USDT:USDT,0.5476,96.0,0.5475,351.0,0.5479,182.0,0.548,438.0
1753533045735,12:30:45.735,ARKM/USDT:USDT,0.5476,96.0,0.5475,351.0,0.5479,145.0,0.548,438.0
1753533046031,12:30:46.031,ARKM/USDT:USDT,0.5476,96.0,0.5475,351.0,0.5479,182.0,0.548,438.0
1753533046413,12:30:46.413,ARKM/USDT:USDT,0.5476,96.0,0.5475,351.0,0.5479,182.0,0.548,438.0
1753533047499,12:30:47.499,ARKM/USDT:USDT,0.5476,96.0,0.5475,352.0,0.5479,145.0,0.548,438.0
1753533047841,12:30:47.841,ARKM/USDT:USDT,0.5476,96.0,0.5475,352.0,0.5479,182.0,0.548,438.0
1753533047952,12:30:47.952,ARKM/USDT:USDT,0.5476,96.0,0.5475,352.0,0.5479,145.0,0.548,438.0
1753533048042,12:30:48.042,ARKM/USDT:USDT,0.5477,96.0,0.5476,96.0,0.5479,145.0,0.548,438.0
1753533048114,12:30:48.114,ARKM/USDT:USDT,0.5477,96.0,0.5476,96.0,0.5479,145.0,0.548,438.0
1753533048360,12:30:48.360,ARKM/USDT:USDT,0.5477,96.0,0.5476,96.0,0.5479,510.0,0.548,73.0
1753533048405,12:30:48.405,ARKM/USDT:USDT,0.5477,96.0,0.5476,96.0,0.5479,501.0,0.548,73.0
1753533048531,12:30:48.531,ARKM/USDT:USDT,0.5477,96.0,0.5476,96.0,0.5479,464.0,0.548,73.0
1753533048698,12:30:48.698,ARKM/USDT:USDT,0.5476,96.0,0.5475,352.0,0.5479,501.0,0.548,73.0
1753533048706,12:30:48.706,ARKM/USDT:USDT,0.5476,96.0,0.5475,352.0,0.5478,9.0,0.5479,501.0
1753533048852,12:30:48.852,ARKM/USDT:USDT,0.5476,96.0,0.5475,352.0,0.5478,9.0,0.5479,484.0
1753533049002,12:30:49.002,ARKM/USDT:USDT,0.5476,96.0,0.5475,352.0,0.5478,9.0,0.5479,484.0
1753533049183,12:30:49.183,ARKM/USDT:USDT,0.5477,192.0,0.5476,96.0,0.5478,9.0,0.5479,447.0
1753533049282,12:30:49.282,ARKM/USDT:USDT,0.5476,133.0,0.5475,352.0,0.5478,9.0,0.5479,447.0
1753533049391,12:30:49.391,ARKM/USDT:USDT,0.5476,133.0,0.5475,352.0,0.5478,374.0,0.5479,82.0
1753533049407,12:30:49.407,ARKM/USDT:USDT,0.5476,96.0,0.5475,352.0,0.5478,365.0,0.5479,82.0
1753533049679,12:30:49.679,ARKM/USDT:USDT,0.5476,96.0,0.5475,352.0,0.5478,365.0,0.5479,82.0
1753533049702,12:30:49.702,ARKM/USDT:USDT,0.5476,96.0,0.5475,352.0,0.5478,365.0,0.5479,82.0
1753533049882,12:30:49.882,ARKM/USDT:USDT,0.5477,192.0,0.5476,96.0,0.5478,365.0,0.5479,82.0
1753533049960,12:30:49.960,ARKM/USDT:USDT,0.5477,96.0,0.5476,96.0,0.5478,365.0,0.5479,119.0
1753533050095,12:30:50.095,ARKM/USDT:USDT,0.5477,192.0,0.5476,170.0,0.5478,365.0,0.5479,82.0
1753533050118,12:30:50.118,ARKM/USDT:USDT,0.5477,192.0,0.5476,170.0,0.5478,365.0,0.5479,119.0
1753533050884,12:30:50.884,ARKM/USDT:USDT,0.5477,192.0,0.5476,170.0,0.5478,365.0,0.5479,119.0
1753533050915,12:30:50.915,ARKM/USDT:USDT,0.5477,192.0,0.5476,170.0,0.5478,365.0,0.5479,119.0
1753533051005,12:30:51.005,ARKM/USDT:USDT,0.5477,192.0,0.5476,170.0,0.5478,365.0,0.5479,119.0
1753533051696,12:30:51.696,ARKM/USDT:USDT,0.5476,96.0,0.5475,176.0,0.5478,365.0,0.5479,156.0
1753533051731,12:30:51.731,ARKM/USDT:USDT,0.5476,96.0,0.5475,352.0,0.5478,365.0,0.5479,156.0
1753533052081,12:30:52.081,ARKM/USDT:USDT,0.5476,133.0,0.5475,352.0,0.5478,365.0,0.5479,119.0
1753533052143,12:30:52.143,ARKM/USDT:USDT,0.5476,133.0,0.5475,352.0,0.5478,365.0,0.5479,119.0
1753533052223,12:30:52.223,ARKM/USDT:USDT,0.5476,96.0,0.5475,352.0,0.5478,365.0,0.5479,119.0
1753533052493,12:30:52.493,ARKM/USDT:USDT,0.5476,96.0,0.5475,352.0,0.5478,402.0,0.5479,82.0
1753533052504,12:30:52.504,ARKM/USDT:USDT,0.5476,96.0,0.5475,352.0,0.5478,365.0,0.5479,82.0
1753533053665,12:30:53.665,ARKM/USDT:USDT,0.5476,96.0,0.5475,352.0,0.5478,402.0,0.5479,82.0
1753533053843,12:30:53.843,ARKM/USDT:USDT,0.5476,96.0,0.5475,352.0,0.5478,402.0,0.5479,82.0
1753533055571,12:30:55.571,ARKM/USDT:USDT,0.5476,96.0,0.5475,352.0,0.5478,402.0,0.5479,82.0
1753533055611,12:30:55.611,ARKM/USDT:USDT,0.5476,96.0,0.5475,352.0,0.5478,402.0,0.5479,82.0
1753533058545,12:30:58.545,ARKM/USDT:USDT,0.5476,96.0,0.5475,352.0,0.5478,402.0,0.5479,82.0
1753533059696,12:30:59.696,ARKM/USDT:USDT,0.5475,352.0,0.5473,3321.0,0.5478,1133.0,0.5479,2314.0
1753533059771,12:30:59.771,ARKM/USDT:USDT,0.5476,96.0,0.5475,352.0,0.5477,9.0,0.5478,1100.0
1753533059882,12:30:59.882,ARKM/USDT:USDT,0.5475,352.0,0.5474,353.0,0.5477,46.0,0.5478,1100.0
1753533060092,12:31:00.092,ARKM/USDT:USDT,0.5476,192.0,0.5475,352.0,0.5477,9.0,0.5478,1137.0
1753533060123,12:31:00.123,ARKM/USDT:USDT,0.5476,192.0,0.5475,352.0,0.5477,9.0,0.5478,1100.0
1753533060365,12:31:00.365,ARKM/USDT:USDT,0.5476,192.0,0.5475,389.0,0.5477,9.0,0.5478,1100.0
1753533060404,12:31:00.404,ARKM/USDT:USDT,0.5476,192.0,0.5475,352.0,0.5477,9.0,0.5478,1100.0
1753533060586,12:31:00.586,ARKM/USDT:USDT,0.5476,192.0,0.5475,352.0,0.5477,9.0,0.5478,1100.0
1753533060622,12:31:00.622,ARKM/USDT:USDT,0.5476,192.0,0.5475,352.0,0.5477,9.0,0.5478,1137.0
1753533060833,12:31:00.833,ARKM/USDT:USDT,0.5476,192.0,0.5475,352.0,0.5477,9.0,0.5478,1100.0
1753533060976,12:31:00.976,ARKM/USDT:USDT,0.5476,192.0,0.5475,352.0,0.5477,9.0,0.5478,1137.0
1753533061095,12:31:01.095,ARKM/USDT:USDT,0.5475,352.0,0.5473,42.0,0.5477,51.0,0.5478,1100.0
1753533061186,12:31:01.186,ARKM/USDT:USDT,0.5474,176.0,0.5473,395.0,0.5477,166.0,0.5478,1059.0
1753533061394,12:31:01.394,ARKM/USDT:USDT,0.5475,96.0,0.5474,353.0,0.5477,2398.0,0.5478,365.0
1753533061481,12:31:01.481,ARKM/USDT:USDT,0.5475,96.0,0.5474,353.0,0.5477,2398.0,0.5478,365.0
1753533061730,12:31:01.730,ARKM/USDT:USDT,0.5475,96.0,0.5474,353.0,0.5477,2361.0,0.5478,365.0
1753533061838,12:31:01.838,ARKM/USDT:USDT,0.5475,96.0,0.5474,353.0,0.5477,2352.0,0.5478,365.0
1753533062003,12:31:02.003,ARKM/USDT:USDT,0.5475,96.0,0.5474,353.0,0.5477,2352.0,0.5478,365.0
1753533062299,12:31:02.299,ARKM/USDT:USDT,0.5475,192.0,0.5474,390.0,0.5476,365.0,0.5477,2352.0
1753533062349,12:31:02.349,ARKM/USDT:USDT,0.5475,192.0,0.5474,390.0,0.5476,374.0,0.5477,2352.0
1753533062703,12:31:02.703,ARKM/USDT:USDT,0.5475,192.0,0.5474,390.0,0.5476,374.0,0.5477,2352.0
1753533063018,12:31:03.018,ARKM/USDT:USDT,0.5475,192.0,0.5474,427.0,0.5476,9.0,0.5477,2676.0
1753533063119,12:31:03.119,ARKM/USDT:USDT,0.5475,192.0,0.5474,390.0,0.5476,9.0,0.5477,2676.0
1753533063265,12:31:03.265,ARKM/USDT:USDT,0.5475,192.0,0.5474,427.0,0.5476,9.0,0.5477,2639.0
1753533063576,12:31:03.576,ARKM/USDT:USDT,0.5475,192.0,0.5474,427.0,0.5476,374.0,0.5477,2274.0
1753533063608,12:31:03.608,ARKM/USDT:USDT,0.5475,192.0,0.5474,427.0,0.5476,374.0,0.5477,2315.0
1753533063794,12:31:03.794,ARKM/USDT:USDT,0.5475,229.0,0.5474,427.0,0.5476,374.0,0.5477,2315.0
1753533063910,12:31:03.910,ARKM/USDT:USDT,0.5475,229.0,0.5474,427.0,0.5476,9.0,0.5477,2639.0
1753533064357,12:31:04.357,ARKM/USDT:USDT,0.5475,229.0,0.5474,427.0,0.5476,9.0,0.5477,2597.0
1753533064922,12:31:04.922,ARKM/USDT:USDT,0.5475,192.0,0.5474,390.0,0.5476,9.0,0.5477,2597.0
1753533065446,12:31:05.446,ARKM/USDT:USDT,0.5475,192.0,0.5474,353.0,0.5476,9.0,0.5477,1047.0
1753533065999,12:31:05.999,ARKM/USDT:USDT,0.5475,192.0,0.5474,353.0,0.5476,9.0,0.5477,1047.0
1753533066072,12:31:06.072,ARKM/USDT:USDT,0.5475,229.0,0.5474,353.0,0.5476,9.0,0.5477,1047.0
1753533066216,12:31:06.216,ARKM/USDT:USDT,0.5475,192.0,0.5474,353.0,0.5476,9.0,0.5477,1047.0
1753533066386,12:31:06.386,ARKM/USDT:USDT,0.5475,229.0,0.5474,353.0,0.5476,9.0,0.5477,1047.0
1753533066475,12:31:06.475,ARKM/USDT:USDT,0.5475,192.0,0.5474,353.0,0.5476,9.0,0.5477,1047.0
1753533066753,12:31:06.753,ARKM/USDT:USDT,0.5475,192.0,0.5474,353.0,0.5476,9.0,0.5477,1047.0
1753533067134,12:31:07.134,ARKM/USDT:USDT,0.5475,229.0,0.5474,353.0,0.5476,9.0,0.5477,1047.0
1753533067370,12:31:07.370,ARKM/USDT:USDT,0.5475,229.0,0.5474,353.0,0.5476,9.0,0.5477,1047.0
1753533067410,12:31:07.410,ARKM/USDT:USDT,0.5475,266.0,0.5474,353.0,0.5476,9.0,0.5477,365.0
1753533067520,12:31:07.520,ARKM/USDT:USDT,0.5475,266.0,0.5474,353.0,0.5476,9.0,0.5477,365.0
1753533068022,12:31:08.022,ARKM/USDT:USDT,0.5475,266.0,0.5474,353.0,0.5476,9.0,0.5477,1047.0
1753533068424,12:31:08.424,ARKM/USDT:USDT,0.5475,266.0,0.5474,353.0,0.5476,9.0,0.5477,1047.0
1753533068999,12:31:08.999,ARKM/USDT:USDT,0.5475,266.0,0.5474,353.0,0.5476,9.0,0.5477,365.0
1753533069022,12:31:09.022,ARKM/USDT:USDT,0.5475,308.0,0.5474,353.0,0.5476,9.0,0.5477,365.0
1753533070666,12:31:10.666,ARKM/USDT:USDT,0.5475,308.0,0.5474,353.0,0.5476,9.0,0.5477,365.0
1753533071197,12:31:11.197,ARKM/USDT:USDT,0.5475,308.0,0.5474,353.0,0.5476,9.0,0.5477,365.0
1753533071202,12:31:11.202,ARKM/USDT:USDT,0.5475,308.0,0.5474,353.0,0.5476,9.0,0.5477,365.0
1753533071356,12:31:11.356,ARKM/USDT:USDT,0.5475,308.0,0.5474,353.0,0.5476,9.0,0.5477,365.0
1753533072094,12:31:12.094,ARKM/USDT:USDT,0.5475,308.0,0.5474,353.0,0.5476,9.0,0.5478,406.0
1753533072187,12:31:12.187,ARKM/USDT:USDT,0.5476,192.0,0.5475,308.0,0.5477,9.0,0.5478,406.0
1753533072243,12:31:12.243,ARKM/USDT:USDT,0.5476,266.0,0.5475,234.0,0.5477,9.0,0.5478,406.0
1753533072399,12:31:12.399,ARKM/USDT:USDT,0.5476,266.0,0.5475,234.0,0.5477,9.0,0.5478,406.0
1753533072485,12:31:12.485,ARKM/USDT:USDT,0.5476,192.0,0.5475,234.0,0.5477,9.0,0.5478,406.0
1753533072889,12:31:12.889,ARKM/USDT:USDT,0.5476,192.0,0.5475,234.0,0.5477,9.0,0.5478,406.0
1753533073174,12:31:13.174,ARKM/USDT:USDT,0.5476,192.0,0.5475,234.0,0.5477,9.0,0.5478,406.0
1753533073220,12:31:13.220,ARKM/USDT:USDT,0.5476,192.0,0.5475,234.0,0.5477,9.0,0.5478,406.0
1753533074050,12:31:14.050,ARKM/USDT:USDT,0.5476,229.0,0.5475,234.0,0.5477,9.0,0.5478,406.0
1753533074103,12:31:14.103,ARKM/USDT:USDT,0.5476,192.0,0.5475,234.0,0.5477,9.0,0.5478,406.0
1753533074289,12:31:14.289,ARKM/USDT:USDT,0.5476,229.0,0.5475,234.0,0.5477,9.0,0.5478,406.0
1753533074351,12:31:14.351,ARKM/USDT:USDT,0.5476,266.0,0.5475,234.0,0.5477,9.0,0.5478,406.0
1753533075071,12:31:15.071,ARKM/USDT:USDT,0.5476,192.0,0.5475,234.0,0.5477,9.0,0.5478,406.0
1753533075199,12:31:15.199,ARKM/USDT:USDT,0.5476,96.0,0.5475,234.0,0.5477,9.0,0.5478,406.0
1753533075342,12:31:15.342,ARKM/USDT:USDT,0.5476,96.0,0.5475,192.0,0.5477,9.0,0.5478,1076.0
1753533075490,12:31:15.490,ARKM/USDT:USDT,0.5476,192.0,0.5475,192.0,0.5477,9.0,0.5478,1076.0
1753533076006,12:31:16.006,ARKM/USDT:USDT,0.5476,192.0,0.5475,192.0,0.5477,9.0,0.5478,1076.0
1753533076285,12:31:16.285,ARKM/USDT:USDT,0.5475,96.0,0.5474,42.0,0.5477,83.0,0.5478,1076.0
1753533076303,12:31:16.303,ARKM/USDT:USDT,0.5475,96.0,0.5474,397.0,0.5477,83.0,0.5478,1076.0
1753533076441,12:31:16.441,ARKM/USDT:USDT,0.5475,96.0,0.5474,397.0,0.5477,83.0,0.5478,1076.0
1753533076688,12:31:16.688,ARKM/USDT:USDT,0.5476,192.0,0.5475,274.0,0.5477,9.0,0.5478,1076.0
1753533076738,12:31:16.738,ARKM/USDT:USDT,0.5476,192.0,0.5475,274.0,0.5477,9.0,0.5478,1076.0
1753533076855,12:31:16.855,ARKM/USDT:USDT,0.5476,192.0,0.5475,274.0,0.5477,9.0,0.5478,1076.0
1753533076991,12:31:16.991,ARKM/USDT:USDT,0.5476,192.0,0.5475,274.0,0.5477,9.0,0.5478,1076.0
1753533077003,12:31:17.003,ARKM/USDT:USDT,0.5476,192.0,0.5475,274.0,0.5477,9.0,0.5478,1076.0
1753533077481,12:31:17.481,ARKM/USDT:USDT,0.5476,192.0,0.5475,274.0,0.5477,9.0,0.5478,1076.0
1753533077671,12:31:17.671,ARKM/USDT:USDT,0.5476,192.0,0.5475,274.0,0.5477,9.0,0.5478,1076.0
1753533077968,12:31:17.968,ARKM/USDT:USDT,0.5476,266.0,0.5475,274.0,0.5477,9.0,0.5478,406.0
1753533078073,12:31:18.073,ARKM/USDT:USDT,0.5476,308.0,0.5475,274.0,0.5477,9.0,0.5478,406.0
1753533078163,12:31:18.163,ARKM/USDT:USDT,0.5476,308.0,0.5475,274.0,0.5477,9.0,0.5478,406.0
1753533078211,12:31:18.211,ARKM/USDT:USDT,0.5476,308.0,0.5475,274.0,0.5477,9.0,0.5478,365.0
1753533078486,12:31:18.486,ARKM/USDT:USDT,0.5476,308.0,0.5475,274.0,0.5477,374.0,0.5479,41.0
1753533078693,12:31:18.693,ARKM/USDT:USDT,0.5478,96.0,0.5477,257.0,0.548,2273.0,0.5481,42.0
1753533078790,12:31:18.790,ARKM/USDT:USDT,0.5479,192.0,0.5478,96.0,0.548,2232.0,0.5481,83.0
1753533078892,12:31:18.892,ARKM/USDT:USDT,0.5479,192.0,0.5478,96.0,0.548,2236.0,0.5481,83.0
1753533078999,12:31:18.999,ARKM/USDT:USDT,0.5479,197.0,0.5478,274.0,0.548,2233.0,0.5481,83.0
1753533079022,12:31:19.022,ARKM/USDT:USDT,0.5479,197.0,0.5478,274.0,0.548,2233.0,0.5481,120.0
1753533079104,12:31:19.104,ARKM/USDT:USDT,0.5479,197.0,0.5478,274.0,0.548,2233.0,0.5481,120.0
1753533079318,12:31:19.318,ARKM/USDT:USDT,0.5479,197.0,0.5478,274.0,0.548,2233.0,0.5481,120.0
1753533079489,12:31:19.489,ARKM/USDT:USDT,0.5479,197.0,0.5478,274.0,0.548,2233.0,0.5481,120.0
1753533079710,12:31:19.710,ARKM/USDT:USDT,0.5479,197.0,0.5478,274.0,0.548,2233.0,0.5481,120.0
1753533079822,12:31:19.822,ARKM/USDT:USDT,0.5479,197.0,0.5478,274.0,0.548,2233.0,0.5481,157.0
1753533079927,12:31:19.927,ARKM/USDT:USDT,0.5479,197.0,0.5478,274.0,0.548,2233.0,0.5481,120.0
1753533080209,12:31:20.209,ARKM/USDT:USDT,0.5479,197.0,0.5478,274.0,0.548,2233.0,0.5481,120.0
1753533080382,12:31:20.382,ARKM/USDT:USDT,0.5479,197.0,0.5478,274.0,0.548,2233.0,0.5481,120.0
1753533080429,12:31:20.429,ARKM/USDT:USDT,0.5479,101.0,0.5478,274.0,0.548,2233.0,0.5481,120.0
1753533080506,12:31:20.506,ARKM/USDT:USDT,0.5479,101.0,0.5478,274.0,0.548,2233.0,0.5481,120.0
1753533081615,12:31:21.615,ARKM/USDT:USDT,0.5479,5.0,0.5478,96.0,0.548,2307.0,0.5481,83.0
1753533081984,12:31:21.984,ARKM/USDT:USDT,0.5479,5.0,0.5478,274.0,0.548,2307.0,0.5481,83.0
1753533082037,12:31:22.037,ARKM/USDT:USDT,0.5479,5.0,0.5478,278.0,0.548,2307.0,0.5481,83.0
1753533082107,12:31:22.107,ARKM/USDT:USDT,0.5479,5.0,0.5478,274.0,0.548,2307.0,0.5481,83.0
1753533082246,12:31:22.246,ARKM/USDT:USDT,0.5479,5.0,0.5478,96.0,0.548,2307.0,0.5481,83.0
1753533082783,12:31:22.783,ARKM/USDT:USDT,0.5479,5.0,0.5478,96.0,0.548,2307.0,0.5481,83.0
1753533082919,12:31:22.919,ARKM/USDT:USDT,0.5479,5.0,0.5478,96.0,0.548,2307.0,0.5481,83.0
1753533083022,12:31:23.022,ARKM/USDT:USDT,0.5479,5.0,0.5478,96.0,0.548,2307.0,0.5481,83.0
1753533084730,12:31:24.730,ARKM/USDT:USDT,0.5479,5.0,0.5478,96.0,0.548,2233.0,0.5481,83.0
1753533084864,12:31:24.864,ARKM/USDT:USDT,0.5479,5.0,0.5478,274.0,0.548,2233.0,0.5481,83.0
1753533085008,12:31:25.008,ARKM/USDT:USDT,0.5479,5.0,0.5478,274.0,0.548,2233.0,0.5481,83.0
1753533085104,12:31:25.104,ARKM/USDT:USDT,0.5479,5.0,0.5478,274.0,0.548,2270.0,0.5481,83.0
1753533085229,12:31:25.229,ARKM/USDT:USDT,0.5479,5.0,0.5478,274.0,0.548,2307.0,0.5481,83.0
1753533085659,12:31:25.659,ARKM/USDT:USDT,0.5479,5.0,0.5478,274.0,0.548,2270.0,0.5481,83.0
1753533085738,12:31:25.738,ARKM/USDT:USDT,0.5479,5.0,0.5478,274.0,0.548,2270.0,0.5481,83.0
1753533086052,12:31:26.052,ARKM/USDT:USDT,0.5479,5.0,0.5478,274.0,0.548,2307.0,0.5481,83.0
1753533086102,12:31:26.102,ARKM/USDT:USDT,0.5479,5.0,0.5478,274.0,0.548,2270.0,0.5481,83.0
1753533086349,12:31:26.349,ARKM/USDT:USDT,0.5479,5.0,0.5478,274.0,0.548,2233.0,0.5481,83.0
1753533087480,12:31:27.480,ARKM/USDT:USDT,0.5479,5.0,0.5478,274.0,0.548,2270.0,0.5481,83.0
1753533087587,12:31:27.587,ARKM/USDT:USDT,0.5479,5.0,0.5478,274.0,0.548,2270.0,0.5481,83.0
1753533087750,12:31:27.750,ARKM/USDT:USDT,0.5479,5.0,0.5478,274.0,0.548,2233.0,0.5481,83.0
1753533088099,12:31:28.099,ARKM/USDT:USDT,0.5479,5.0,0.5478,274.0,0.548,2233.0,0.5481,83.0
1753533088582,12:31:28.582,ARKM/USDT:USDT,0.5479,5.0,0.5478,274.0,0.548,2233.0,0.5481,83.0
1753533088606,12:31:28.606,ARKM/USDT:USDT,0.5479,5.0,0.5478,274.0,0.548,2233.0,0.5481,83.0
1753533088707,12:31:28.707,ARKM/USDT:USDT,0.5479,5.0,0.5478,274.0,0.548,2233.0,0.5481,83.0
1753533089209,12:31:29.209,ARKM/USDT:USDT,0.5479,5.0,0.5478,274.0,0.548,2270.0,0.5481,83.0
1753533089504,12:31:29.504,ARKM/USDT:USDT,0.5479,5.0,0.5478,274.0,0.548,2233.0,0.5481,83.0
1753533089602,12:31:29.602,ARKM/USDT:USDT,0.5479,5.0,0.5478,274.0,0.548,2233.0,0.5481,83.0
1753533090269,12:31:30.269,ARKM/USDT:USDT,0.5479,5.0,0.5478,274.0,0.548,2233.0,0.5481,83.0
1753533091540,12:31:31.540,ARKM/USDT:USDT,0.5479,5.0,0.5478,274.0,0.548,2233.0,0.5481,83.0
1753533091638,12:31:31.638,ARKM/USDT:USDT,0.5479,5.0,0.5478,274.0,0.548,2233.0,0.5481,83.0
1753533091725,12:31:31.725,ARKM/USDT:USDT,0.5479,5.0,0.5478,274.0,0.548,2233.0,0.5481,83.0
1753533092226,12:31:32.226,ARKM/USDT:USDT,0.5479,5.0,0.5478,274.0,0.548,2233.0,0.5481,83.0
1753533093662,12:31:33.662,ARKM/USDT:USDT,0.5479,234.0,0.5478,274.0,0.548,1.0,0.5481,2273.0
1753533093746,12:31:33.746,ARKM/USDT:USDT,0.5479,271.0,0.5478,274.0,0.548,1.0,0.5481,2273.0
1753533093867,12:31:33.867,ARKM/USDT:USDT,0.5479,271.0,0.5478,274.0,0.548,1.0,0.5481,2232.0
1753533094421,12:31:34.421,ARKM/USDT:USDT,0.5479,271.0,0.5478,274.0,0.548,1.0,0.5481,2232.0
1753533095137,12:31:35.137,ARKM/USDT:USDT,0.5479,271.0,0.5478,274.0,0.548,1.0,0.5481,2232.0
1753533095217,12:31:35.217,ARKM/USDT:USDT,0.5479,271.0,0.5478,274.0,0.548,1.0,0.5481,2232.0
1753533095366,12:31:35.366,ARKM/USDT:USDT,0.5479,313.0,0.5478,274.0,0.548,1.0,0.5482,723.0
1753533095458,12:31:35.458,ARKM/USDT:USDT,0.548,170.0,0.5479,313.0,0.5481,1.0,0.5483,2273.0
1753533095569,12:31:35.569,ARKM/USDT:USDT,0.5481,229.0,0.548,313.0,0.5482,1.0,0.5483,2273.0
1753533095619,12:31:35.619,ARKM/USDT:USDT,0.5481,229.0,0.548,313.0,0.5482,1.0,0.5483,2232.0
1753533095815,12:31:35.815,ARKM/USDT:USDT,0.5481,229.0,0.548,313.0,0.5482,1.0,0.5483,2232.0
1753533095984,12:31:35.984,ARKM/USDT:USDT,0.5481,192.0,0.548,313.0,0.5482,1.0,0.5483,2232.0
1753533096064,12:31:36.064,ARKM/USDT:USDT,0.5481,234.0,0.548,313.0,0.5482,1.0,0.5483,2232.0
1753533097263,12:31:37.263,ARKM/USDT:USDT,0.5481,234.0,0.548,313.0,0.5482,1.0,0.5483,2232.0
1753533097438,12:31:37.438,ARKM/USDT:USDT,0.5481,234.0,0.548,313.0,0.5482,1.0,0.5483,2232.0
1753533098299,12:31:38.299,ARKM/USDT:USDT,0.5481,197.0,0.548,313.0,0.5482,1.0,0.5483,2232.0
1753533098304,12:31:38.304,ARKM/USDT:USDT,0.5481,197.0,0.548,313.0,0.5482,1.0,0.5483,2232.0
1753533098428,12:31:38.428,ARKM/USDT:USDT,0.5481,197.0,0.548,313.0,0.5482,1.0,0.5483,2232.0
1753533098979,12:31:38.979,ARKM/USDT:USDT,0.5481,234.0,0.548,313.0,0.5482,1.0,0.5483,2232.0
1753533099267,12:31:39.267,ARKM/USDT:USDT,0.5481,234.0,0.548,313.0,0.5482,1.0,0.5483,2232.0
1753533099624,12:31:39.624,ARKM/USDT:USDT,0.5481,197.0,0.548,313.0,0.5482,1.0,0.5483,2232.0
1753533099839,12:31:39.839,ARKM/USDT:USDT,0.5481,197.0,0.548,313.0,0.5482,1.0,0.5483,2232.0
1753533099944,12:31:39.944,ARKM/USDT:USDT,0.5481,234.0,0.548,313.0,0.5482,1.0,0.5483,2232.0
1753533100174,12:31:40.174,ARKM/USDT:USDT,0.5481,197.0,0.548,313.0,0.5482,1.0,0.5483,2232.0
1753533100274,12:31:40.274,ARKM/USDT:USDT,0.5481,197.0,0.548,313.0,0.5482,1.0,0.5483,2232.0
1753533100482,12:31:40.482,ARKM/USDT:USDT,0.5481,271.0,0.548,276.0,0.5482,1.0,0.5484,2315.0
1753533100580,12:31:40.580,ARKM/USDT:USDT,0.5481,197.0,0.548,276.0,0.5483,733.0,0.5484,2315.0
1753533100667,12:31:40.667,ARKM/USDT:USDT,0.5481,196.0,0.548,276.0,0.5483,732.0,0.5484,2315.0
1753533100752,12:31:40.752,ARKM/USDT:USDT,0.5481,196.0,0.548,276.0,0.5483,732.0,0.5484,2315.0
1753533100820,12:31:40.820,ARKM/USDT:USDT,0.5481,196.0,0.548,276.0,0.5483,769.0,0.5484,2315.0
1753533101250,12:31:41.250,ARKM/USDT:USDT,0.5481,196.0,0.548,276.0,0.5483,732.0,0.5484,2315.0
1753533101558,12:31:41.558,ARKM/USDT:USDT,0.5481,196.0,0.548,276.0,0.5483,769.0,0.5484,2315.0
1753533102022,12:31:42.022,ARKM/USDT:USDT,0.5481,196.0,0.548,276.0,0.5483,769.0,0.5484,2315.0
1753533102341,12:31:42.341,ARKM/USDT:USDT,0.5481,196.0,0.548,276.0,0.5483,732.0,0.5484,2315.0
1753533102577,12:31:42.577,ARKM/USDT:USDT,0.5481,196.0,0.548,276.0,0.5483,769.0,0.5484,2315.0
1753533102726,12:31:42.726,ARKM/USDT:USDT,0.5481,196.0,0.548,276.0,0.5483,732.0,0.5484,2315.0
1753533103077,12:31:43.077,ARKM/USDT:USDT,0.5481,196.0,0.548,276.0,0.5483,769.0,0.5484,2315.0
1753533103161,12:31:43.161,ARKM/USDT:USDT,0.5481,196.0,0.548,276.0,0.5483,769.0,0.5484,2315.0
1753533103452,12:31:43.452,ARKM/USDT:USDT,0.5481,196.0,0.548,276.0,0.5483,769.0,0.5484,2315.0
1753533103549,12:31:43.549,ARKM/USDT:USDT,0.5481,196.0,0.548,276.0,0.5483,732.0,0.5484,2315.0
1753533103625,12:31:43.625,ARKM/USDT:USDT,0.5481,196.0,0.548,276.0,0.5483,695.0,0.5484,2315.0
1753533103715,12:31:43.715,ARKM/USDT:USDT,0.5481,196.0,0.548,276.0,0.5483,695.0,0.5484,2315.0
1753533103952,12:31:43.952,ARKM/USDT:USDT,0.5481,196.0,0.548,276.0,0.5483,695.0,0.5484,2315.0
1753533104097,12:31:44.097,ARKM/USDT:USDT,0.5481,196.0,0.548,276.0,0.5483,732.0,0.5484,2315.0
1753533104388,12:31:44.388,ARKM/USDT:USDT,0.5482,192.0,0.5481,196.0,0.5484,2311.0,0.5485,82.0
1753533104427,12:31:44.427,ARKM/USDT:USDT,0.5481,196.0,0.548,359.0,0.5483,693.0,0.5484,2352.0
1753533104556,12:31:44.556,ARKM/USDT:USDT,0.5481,196.0,0.548,359.0,0.5483,767.0,0.5484,2315.0
1753533104992,12:31:44.992,ARKM/USDT:USDT,0.5481,196.0,0.548,359.0,0.5483,767.0,0.5484,2315.0
1753533105130,12:31:45.130,ARKM/USDT:USDT,0.5481,196.0,0.548,359.0,0.5483,730.0,0.5484,2315.0
1753533105534,12:31:45.534,ARKM/USDT:USDT,0.5481,233.0,0.548,359.0,0.5483,693.0,0.5484,2315.0
1753533105795,12:31:45.795,ARKM/USDT:USDT,0.5481,196.0,0.548,359.0,0.5483,693.0,0.5484,2315.0
1753533105928,12:31:45.928,ARKM/USDT:USDT,0.5481,233.0,0.548,359.0,0.5483,693.0,0.5484,2315.0
1753533106041,12:31:46.041,ARKM/USDT:USDT,0.5481,4.0,0.548,359.0,0.5483,767.0,0.5484,2315.0
1753533106169,12:31:46.169,ARKM/USDT:USDT,0.5481,5.0,0.548,363.0,0.5483,771.0,0.5484,2274.0
1753533106233,12:31:46.233,ARKM/USDT:USDT,0.5481,5.0,0.548,363.0,0.5483,734.0,0.5484,2274.0
1753533106396,12:31:46.396,ARKM/USDT:USDT,0.5481,5.0,0.548,363.0,0.5483,808.0,0.5484,2274.0
1753533106411,12:31:46.411,ARKM/USDT:USDT,0.5481,5.0,0.548,363.0,0.5483,771.0,0.5484,2274.0
1753533106501,12:31:46.501,ARKM/USDT:USDT,0.5481,5.0,0.548,363.0,0.5483,808.0,0.5484,2274.0
1753533106831,12:31:46.831,ARKM/USDT:USDT,0.5481,5.0,0.548,363.0,0.5483,808.0,0.5484,2274.0
1753533107272,12:31:47.272,ARKM/USDT:USDT,0.5481,5.0,0.548,363.0,0.5483,771.0,0.5484,2274.0
1753533107303,12:31:47.303,ARKM/USDT:USDT,0.5481,5.0,0.548,363.0,0.5483,771.0,0.5484,2274.0
1753533107449,12:31:47.449,ARKM/USDT:USDT,0.5481,5.0,0.548,363.0,0.5483,808.0,0.5484,2274.0
1753533107714,12:31:47.714,ARKM/USDT:USDT,0.5481,5.0,0.548,363.0,0.5483,771.0,0.5484,2274.0
1753533107863,12:31:47.863,ARKM/USDT:USDT,0.5481,5.0,0.548,363.0,0.5483,808.0,0.5484,2274.0
1753533108570,12:31:48.570,ARKM/USDT:USDT,0.5481,5.0,0.548,363.0,0.5483,771.0,0.5484,2274.0
1753533108758,12:31:48.758,ARKM/USDT:USDT,0.5481,5.0,0.548,363.0,0.5483,771.0,0.5484,2274.0
1753533109560,12:31:49.560,ARKM/USDT:USDT,0.5481,5.0,0.548,363.0,0.5483,808.0,0.5484,2274.0
1753533109788,12:31:49.788,ARKM/USDT:USDT,0.5481,5.0,0.548,363.0,0.5483,771.0,0.5484,2274.0
1753533110172,12:31:50.172,ARKM/USDT:USDT,0.5481,5.0,0.548,4.0,0.5483,2378.0,0.5484,42.0
1753533110280,12:31:50.280,ARKM/USDT:USDT,0.5481,96.0,0.548,362.0,0.5483,2347.0,0.5484,42.0
1753533110387,12:31:50.387,ARKM/USDT:USDT,0.5481,4.0,0.548,357.0,0.5483,2347.0,0.5484,42.0
1753533110493,12:31:50.493,ARKM/USDT:USDT,0.5481,5.0,0.548,361.0,0.5483,2347.0,0.5484,42.0
1753533111802,12:31:51.802,ARKM/USDT:USDT,0.5481,5.0,0.548,361.0,0.5483,2310.0,0.5484,42.0
1753533111911,12:31:51.911,ARKM/USDT:USDT,0.5481,5.0,0.548,361.0,0.5483,2310.0,0.5485,41.0
1753533112006,12:31:52.006,ARKM/USDT:USDT,0.5481,5.0,0.548,357.0,0.5483,2310.0,0.5485,41.0
1753533112338,12:31:52.338,ARKM/USDT:USDT,0.5481,5.0,0.548,357.0,0.5483,2347.0,0.5485,41.0
1753533113382,12:31:53.382,ARKM/USDT:USDT,0.5481,5.0,0.548,357.0,0.5483,2310.0,0.5484,42.0
1753533113756,12:31:53.756,ARKM/USDT:USDT,0.5481,5.0,0.548,357.0,0.5483,2347.0,0.5484,42.0
1753533113980,12:31:53.980,ARKM/USDT:USDT,0.5481,5.0,0.548,357.0,0.5483,2310.0,0.5484,42.0
1753533116984,12:31:56.984,ARKM/USDT:USDT,0.5481,5.0,0.548,357.0,0.5483,2347.0,0.5484,42.0
1753533117031,12:31:57.031,ARKM/USDT:USDT,0.5481,5.0,0.548,357.0,0.5483,2347.0,0.5484,42.0
1753533117544,12:31:57.544,ARKM/USDT:USDT,0.5481,5.0,0.548,357.0,0.5483,2347.0,0.5484,42.0
1753533117606,12:31:57.606,ARKM/USDT:USDT,0.5481,5.0,0.548,357.0,0.5483,2347.0,0.5484,42.0
1753533117706,12:31:57.706,ARKM/USDT:USDT,0.5481,5.0,0.548,357.0,0.5483,2347.0,0.5484,42.0
1753533117808,12:31:57.808,ARKM/USDT:USDT,0.5481,5.0,0.548,357.0,0.5483,2347.0,0.5484,42.0
1753533117993,12:31:57.993,ARKM/USDT:USDT,0.5481,5.0,0.548,357.0,0.5483,2347.0,0.5484,42.0
1753533118555,12:31:58.555,ARKM/USDT:USDT,0.5481,5.0,0.548,357.0,0.5483,2347.0,0.5484,42.0
1753533118887,12:31:58.887,ARKM/USDT:USDT,0.5481,5.0,0.5479,182.0,0.5483,2378.0,0.5484,42.0
1753533118991,12:31:58.991,ARKM/USDT:USDT,0.548,5.0,0.5479,360.0,0.5482,828.0,0.5483,2263.0
1753533119097,12:31:59.097,ARKM/USDT:USDT,0.548,5.0,0.5479,360.0,0.5482,828.0,0.5483,2263.0
1753533119192,12:31:59.192,ARKM/USDT:USDT,0.548,5.0,0.5479,360.0,0.5482,828.0,0.5483,2263.0
1753533119495,12:31:59.495,ARKM/USDT:USDT,0.548,5.0,0.5479,182.0,0.5482,2347.0,0.5483,31.0
1753533119571,12:31:59.571,ARKM/USDT:USDT,0.548,5.0,0.5478,178.0,0.5481,156.0,0.5482,2306.0
1753533119697,12:31:59.697,ARKM/USDT:USDT,0.5479,5.0,0.5478,178.0,0.5481,807.0,0.5482,2306.0
1753533119777,12:31:59.777,ARKM/USDT:USDT,0.5479,5.0,0.5478,178.0,0.5481,808.0,0.5482,2306.0
1753533119887,12:31:59.887,ARKM/USDT:USDT,0.5479,5.0,0.5478,356.0,0.5481,733.0,0.5482,2232.0
1753533119923,12:31:59.923,ARKM/USDT:USDT,0.5479,5.0,0.5478,356.0,0.5481,733.0,0.5482,2232.0
1753533120026,12:32:00.026,ARKM/USDT:USDT,0.5479,5.0,0.5478,356.0,0.5481,733.0,0.5482,2232.0
1753533120653,12:32:00.653,ARKM/USDT:USDT,0.5479,42.0,0.5478,356.0,0.5481,733.0,0.5482,2232.0
1753533120706,12:32:00.706,ARKM/USDT:USDT,0.5479,4.0,0.5478,356.0,0.5481,733.0,0.5482,2232.0
1753533120847,12:32:00.847,ARKM/USDT:USDT,0.5479,5.0,0.5478,356.0,0.5481,733.0,0.5482,2232.0
1753533121570,12:32:01.570,ARKM/USDT:USDT,0.5479,5.0,0.5478,178.0,0.5481,807.0,0.5482,2232.0
1753533121618,12:32:01.618,ARKM/USDT:USDT,0.5479,5.0,0.5478,356.0,0.5481,807.0,0.5482,2232.0
1753533121726,12:32:01.726,ARKM/USDT:USDT,0.5479,5.0,0.5478,356.0,0.5481,807.0,0.5482,2232.0
1753533122524,12:32:02.524,ARKM/USDT:USDT,0.5479,5.0,0.5478,356.0,0.5481,807.0,0.5482,2232.0
1753533123342,12:32:03.342,ARKM/USDT:USDT,0.5479,5.0,0.5478,356.0,0.5481,807.0,0.5482,2232.0
1753533123641,12:32:03.641,ARKM/USDT:USDT,0.5479,5.0,0.5478,356.0,0.5481,807.0,0.5482,2232.0
1753533124983,12:32:04.983,ARKM/USDT:USDT,0.5479,5.0,0.5478,356.0,0.5481,807.0,0.5482,2232.0
1753533125296,12:32:05.296,ARKM/USDT:USDT,0.5479,5.0,0.5478,356.0,0.5481,807.0,0.5482,2232.0
1753533128537,12:32:08.537,ARKM/USDT:USDT,0.5479,5.0,0.5477,181.0,0.5481,838.0,0.5482,2232.0
1753533128610,12:32:08.610,ARKM/USDT:USDT,0.5478,5.0,0.5477,181.0,0.5481,838.0,0.5482,2232.0
1753533128748,12:32:08.748,ARKM/USDT:USDT,0.5478,5.0,0.5477,359.0,0.548,600.0,0.5481,2263.0
1753533128844,12:32:08.844,ARKM/USDT:USDT,0.5478,5.0,0.5477,359.0,0.548,599.0,0.5481,2263.0
1753533128928,12:32:08.928,ARKM/USDT:USDT,0.5478,5.0,0.5477,359.0,0.548,599.0,0.5481,2263.0
1753533129095,12:32:09.095,ARKM/USDT:USDT,0.5478,5.0,0.5477,359.0,0.548,599.0,0.5481,2263.0
1753533129106,12:32:09.106,ARKM/USDT:USDT,0.5478,5.0,0.5477,355.0,0.548,599.0,0.5481,2263.0
1753533130086,12:32:10.086,ARKM/USDT:USDT,0.5478,5.0,0.5477,355.0,0.548,599.0,0.5481,2263.0
1753533131794,12:32:11.794,ARKM/USDT:USDT,0.5478,42.0,0.5477,355.0,0.548,525.0,0.5481,2263.0
1753533131879,12:32:11.879,ARKM/USDT:USDT,0.5479,192.0,0.5478,398.0,0.5481,2232.0,0.5482,82.0
1753533132022,12:32:12.022,ARKM/USDT:USDT,0.5479,192.0,0.5478,361.0,0.5481,731.0,0.5482,2314.0
1753533132153,12:32:12.153,ARKM/USDT:USDT,0.5479,192.0,0.5478,361.0,0.5481,731.0,0.5482,2314.0
1753533132578,12:32:12.578,ARKM/USDT:USDT,0.5479,192.0,0.5478,361.0,0.5481,731.0,0.5482,2314.0
1753533132789,12:32:12.789,ARKM/USDT:USDT,0.5479,192.0,0.5478,361.0,0.5481,694.0,0.5482,2314.0
1753533132903,12:32:12.903,ARKM/USDT:USDT,0.5479,192.0,0.5478,361.0,0.5481,731.0,0.5482,2314.0
1753533133286,12:32:13.286,ARKM/USDT:USDT,0.5479,96.0,0.5478,361.0,0.5481,768.0,0.5482,2314.0
1753533133343,12:32:13.343,ARKM/USDT:USDT,0.5478,435.0,0.5477,357.0,0.5481,772.0,0.5482,2273.0
1753533133449,12:32:13.449,ARKM/USDT:USDT,0.5479,197.0,0.5478,435.0,0.548,1.0,0.5481,735.0
1753533133503,12:32:13.503,ARKM/USDT:USDT,0.5479,197.0,0.5478,435.0,0.548,1.0,0.5481,772.0
1753533133782,12:32:13.782,ARKM/USDT:USDT,0.5479,197.0,0.5478,435.0,0.548,1.0,0.5482,82.0
1753533133822,12:32:13.822,ARKM/USDT:USDT,0.5479,197.0,0.5478,398.0,0.5481,1.0,0.5482,82.0
1753533133918,12:32:13.918,ARKM/USDT:USDT,0.5479,192.0,0.5478,398.0,0.5481,1.0,0.5482,82.0
1753533134185,12:32:14.185,ARKM/USDT:USDT,0.5479,192.0,0.5478,398.0,0.5481,1.0,0.5482,82.0
1753533134339,12:32:14.339,ARKM/USDT:USDT,0.5479,96.0,0.5478,398.0,0.5481,1.0,0.5482,82.0
1753533134854,12:32:14.854,ARKM/USDT:USDT,0.5479,96.0,0.5478,398.0,0.5481,1.0,0.5482,82.0
1753533135962,12:32:15.962,ARKM/USDT:USDT,0.5478,398.0,0.5477,357.0,0.5481,1.0,0.5482,82.0
1753533136087,12:32:16.087,ARKM/USDT:USDT,0.5479,5.0,0.5478,398.0,0.5481,1.0,0.5482,82.0
1753533136370,12:32:16.370,ARKM/USDT:USDT,0.5479,5.0,0.5478,361.0,0.5481,75.0,0.5482,82.0
1753533136414,12:32:16.414,ARKM/USDT:USDT,0.5479,5.0,0.5478,357.0,0.5481,115.0,0.5482,41.0
1753533136576,12:32:16.576,ARKM/USDT:USDT,0.5479,5.0,0.5478,357.0,0.5481,115.0,0.5482,41.0
1753533137076,12:32:17.076,ARKM/USDT:USDT,0.5479,5.0,0.5478,357.0,0.5481,115.0,0.5482,41.0
1753533137878,12:32:17.878,ARKM/USDT:USDT,0.5479,5.0,0.5478,357.0,0.5481,115.0,0.5482,41.0
1753533137913,12:32:17.913,ARKM/USDT:USDT,0.5479,5.0,0.5478,357.0,0.5481,115.0,0.5482,41.0
1753533138813,12:32:18.813,ARKM/USDT:USDT,0.5479,5.0,0.5478,357.0,0.5481,41.0,0.5482,41.0
1753533138929,12:32:18.929,ARKM/USDT:USDT,0.5479,5.0,0.5478,357.0,0.5481,41.0,0.5482,41.0
1753533139338,12:32:19.338,ARKM/USDT:USDT,0.5479,5.0,0.5478,357.0,0.5481,41.0,0.5482,41.0
1753533139762,12:32:19.762,ARKM/USDT:USDT,0.5479,5.0,0.5478,357.0,0.5481,41.0,0.5482,41.0
1753533140783,12:32:20.783,ARKM/USDT:USDT,0.5479,5.0,0.5478,357.0,0.5481,115.0,0.5482,41.0
1753533140806,12:32:20.806,ARKM/USDT:USDT,0.5479,5.0,0.5478,357.0,0.5481,115.0,0.5482,41.0
1753533141025,12:32:21.025,ARKM/USDT:USDT,0.5479,5.0,0.5478,357.0,0.5481,115.0,0.5482,41.0
1753533141199,12:32:21.199,ARKM/USDT:USDT,0.5479,5.0,0.5478,357.0,0.5481,156.0,0.5482,41.0
1753533141298,12:32:21.298,ARKM/USDT:USDT,0.5477,179.0,0.5475,178.0,0.5479,36.0,0.5481,109.0
1753533141342,12:32:21.342,ARKM/USDT:USDT,0.5478,96.0,0.5477,357.0,0.5481,156.0,0.5482,41.0
1753533141429,12:32:21.429,ARKM/USDT:USDT,0.5478,100.0,0.5477,357.0,0.548,5.0,0.5481,156.0
1753533141690,12:32:21.690,ARKM/USDT:USDT,0.5478,100.0,0.5477,357.0,0.548,42.0,0.5481,119.0
1753533141705,12:32:21.705,ARKM/USDT:USDT,0.5478,100.0,0.5477,357.0,0.548,74.0,0.5481,82.0
1753533141880,12:32:21.880,ARKM/USDT:USDT,0.5478,100.0,0.5477,357.0,0.5481,156.0,0.5482,41.0
1753533141906,12:32:21.906,ARKM/USDT:USDT,0.5478,100.0,0.5477,357.0,0.548,5.0,0.5481,156.0
1753533142256,12:32:22.256,ARKM/USDT:USDT,0.5478,100.0,0.5477,357.0,0.548,5.0,0.5481,156.0
1753533142722,12:32:22.722,ARKM/USDT:USDT,0.5478,4.0,0.5477,357.0,0.548,79.0,0.5481,119.0
1753533142873,12:32:22.873,ARKM/USDT:USDT,0.5477,361.0,0.5476,41.0,0.548,115.0,0.5481,78.0
1753533142970,12:32:22.970,ARKM/USDT:USDT,0.5478,192.0,0.5477,361.0,0.5479,5.0,0.548,78.0
1753533143031,12:32:23.031,ARKM/USDT:USDT,0.5478,192.0,0.5477,361.0,0.5479,5.0,0.548,37.0
1753533143630,12:32:23.630,ARKM/USDT:USDT,0.5478,192.0,0.5477,435.0,0.5479,5.0,0.548,37.0
1753533143704,12:32:23.704,ARKM/USDT:USDT,0.5478,192.0,0.5477,435.0,0.5479,5.0,0.548,37.0
1753533144023,12:32:24.023,ARKM/USDT:USDT,0.5478,192.0,0.5477,435.0,0.5479,5.0,0.5481,82.0
1753533144106,12:32:24.106,ARKM/USDT:USDT,0.5478,192.0,0.5477,398.0,0.548,5.0,0.5481,82.0
1753533145090,12:32:25.090,ARKM/USDT:USDT,0.5479,96.0,0.5478,192.0,0.548,5.0,0.5481,78.0
1753533145162,12:32:25.162,ARKM/USDT:USDT,0.5479,96.0,0.5478,192.0,0.548,5.0,0.5481,78.0
1753533145281,12:32:25.281,ARKM/USDT:USDT,0.5479,96.0,0.5478,192.0,0.548,5.0,0.5481,115.0
1753533145334,12:32:25.334,ARKM/USDT:USDT,0.5479,96.0,0.5478,192.0,0.548,5.0,0.5481,115.0
1753533145596,12:32:25.596,ARKM/USDT:USDT,0.5479,96.0,0.5478,192.0,0.548,5.0,0.5481,115.0
1753533146098,12:32:26.098,ARKM/USDT:USDT,0.5478,192.0,0.5476,41.0,0.548,5.0,0.5481,115.0
1753533146163,12:32:26.163,ARKM/USDT:USDT,0.5478,192.0,0.5477,359.0,0.548,5.0,0.5481,156.0
1753533146238,12:32:26.238,ARKM/USDT:USDT,0.5478,196.0,0.5477,359.0,0.548,5.0,0.5481,156.0
1753533146384,12:32:26.384,ARKM/USDT:USDT,0.5478,196.0,0.5477,359.0,0.548,5.0,0.5481,156.0
1753533146699,12:32:26.699,ARKM/USDT:USDT,0.5478,196.0,0.5477,359.0,0.548,5.0,0.5481,156.0
1753533147116,12:32:27.116,ARKM/USDT:USDT,0.5478,196.0,0.5477,359.0,0.548,5.0,0.5481,156.0
1753533147346,12:32:27.346,ARKM/USDT:USDT,0.5478,196.0,0.5477,359.0,0.548,5.0,0.5481,156.0
1753533148345,12:32:28.345,ARKM/USDT:USDT,0.5478,196.0,0.5477,359.0,0.548,42.0,0.5481,119.0
1753533148405,12:32:28.405,ARKM/USDT:USDT,0.5478,196.0,0.5477,359.0,0.5481,119.0,0.5482,41.0
1753533148549,12:32:28.549,ARKM/USDT:USDT,0.5478,196.0,0.5477,359.0,0.548,1131.0,0.5481,3431.0
1753533148632,12:32:28.632,ARKM/USDT:USDT,0.5478,4.0,0.5477,359.0,0.548,1126.0,0.5481,3431.0
1753533148718,12:32:28.718,ARKM/USDT:USDT,0.5477,183.0,0.5476,221.0,0.548,1167.0,0.5481,3390.0
1753533148831,12:32:28.831,ARKM/USDT:USDT,0.5477,183.0,0.5476,221.0,0.5479,79.0,0.548,1093.0
1753533148922,12:32:28.922,ARKM/USDT:USDT,0.5477,183.0,0.5476,221.0,0.5479,2306.0,0.548,41.0
1753533149022,12:32:29.022,ARKM/USDT:USDT,0.5477,183.0,0.5476,221.0,0.5479,2306.0,0.548,41.0
1753533149422,12:32:29.422,ARKM/USDT:USDT,0.5477,183.0,0.5476,221.0,0.5479,2269.0,0.548,41.0
1753533149559,12:32:29.559,ARKM/USDT:USDT,0.5477,220.0,0.5476,221.0,0.5479,2232.0,0.548,41.0
1753533151533,12:32:31.533,ARKM/USDT:USDT,0.5477,220.0,0.5476,221.0,0.5479,2232.0,0.548,41.0
1753533152290,12:32:32.290,ARKM/USDT:USDT,0.5478,192.0,0.5477,257.0,0.548,2273.0,0.5481,1158.0
1753533152379,12:32:32.379,ARKM/USDT:USDT,0.5478,192.0,0.5477,400.0,0.548,2273.0,0.5481,1158.0
1753533152492,12:32:32.492,ARKM/USDT:USDT,0.5478,192.0,0.5477,400.0,0.548,2273.0,0.5481,1158.0
1753533152784,12:32:32.784,ARKM/USDT:USDT,0.5477,363.0,0.5475,401.0,0.5479,704.0,0.548,2347.0
1753533152871,12:32:32.871,ARKM/USDT:USDT,0.5477,400.0,0.5476,42.0,0.5479,704.0,0.548,2273.0
1753533152998,12:32:32.998,ARKM/USDT:USDT,0.5477,183.0,0.5476,42.0,0.5479,778.0,0.548,2273.0
1753533153035,12:32:33.035,ARKM/USDT:USDT,0.5477,183.0,0.5476,42.0,0.5479,778.0,0.548,2273.0
1753533153232,12:32:33.232,ARKM/USDT:USDT,0.5477,179.0,0.5476,46.0,0.5479,778.0,0.548,2273.0
1753533154484,12:32:34.484,ARKM/USDT:USDT,0.5476,4.0,0.5475,359.0,0.5479,3082.0,0.5481,1158.0
1753533154583,12:32:34.583,ARKM/USDT:USDT,0.5477,96.0,0.5475,363.0,0.5478,79.0,0.5479,2304.0
1753533154604,12:32:34.604,ARKM/USDT:USDT,0.5477,96.0,0.5475,363.0,0.5478,79.0,0.5479,2304.0
1753533154897,12:32:34.897,ARKM/USDT:USDT,0.5477,96.0,0.5475,363.0,0.5478,42.0,0.5479,2341.0
1753533154969,12:32:34.969,ARKM/USDT:USDT,0.5477,96.0,0.5475,363.0,0.5478,5.0,0.5479,2341.0
1753533155059,12:32:35.059,ARKM/USDT:USDT,0.5477,96.0,0.5475,363.0,0.5478,5.0,0.5479,2378.0
1753533155209,12:32:35.209,ARKM/USDT:USDT,0.5477,96.0,0.5475,363.0,0.5478,5.0,0.5479,2378.0
1753533155308,12:32:35.308,ARKM/USDT:USDT,0.5477,96.0,0.5475,359.0,0.5478,5.0,0.5479,2378.0
1753533155588,12:32:35.588,ARKM/USDT:USDT,0.5475,359.0,0.5474,359.0,0.5478,759.0,0.5479,2300.0
1753533155629,12:32:35.629,ARKM/USDT:USDT,0.5475,363.0,0.5474,359.0,0.5478,796.0,0.5479,2263.0
1753533155724,12:32:35.724,ARKM/USDT:USDT,0.5475,363.0,0.5474,359.0,0.5478,796.0,0.5479,2263.0
1753533156089,12:32:36.089,ARKM/USDT:USDT,0.5475,363.0,0.5474,359.0,0.5478,759.0,0.5479,2263.0
1753533156129,12:32:36.129,ARKM/USDT:USDT,0.5475,363.0,0.5474,359.0,0.5478,796.0,0.5479,2263.0
1753533156380,12:32:36.380,ARKM/USDT:USDT,0.5475,400.0,0.5474,359.0,0.5478,759.0,0.5479,2263.0
1753533156489,12:32:36.489,ARKM/USDT:USDT,0.5475,437.0,0.5474,359.0,0.5478,759.0,0.5479,2232.0
1753533156724,12:32:36.724,ARKM/USDT:USDT,0.5475,437.0,0.5474,359.0,0.5478,759.0,0.5479,2232.0
1753533157546,12:32:37.546,ARKM/USDT:USDT,0.5475,400.0,0.5474,359.0,0.5478,759.0,0.5479,2232.0
1753533157899,12:32:37.899,ARKM/USDT:USDT,0.5475,400.0,0.5474,359.0,0.5478,759.0,0.5479,2232.0
1753533157906,12:32:37.906,ARKM/USDT:USDT,0.5475,400.0,0.5474,359.0,0.5478,759.0,0.5479,2232.0
1753533158429,12:32:38.429,ARKM/USDT:USDT,0.5475,400.0,0.5474,359.0,0.5478,759.0,0.5479,2232.0
1753533158863,12:32:38.863,ARKM/USDT:USDT,0.5475,363.0,0.5474,359.0,0.5478,759.0,0.5479,2232.0
1753533158953,12:32:38.953,ARKM/USDT:USDT,0.5475,363.0,0.5474,359.0,0.5478,759.0,0.5479,2232.0
1753533159041,12:32:39.041,ARKM/USDT:USDT,0.5475,400.0,0.5474,359.0,0.5478,759.0,0.5479,2232.0
1753533159387,12:32:39.387,ARKM/USDT:USDT,0.5475,400.0,0.5474,359.0,0.5478,759.0,0.5479,2232.0
1753533160879,12:32:40.879,ARKM/USDT:USDT,0.5475,400.0,0.5474,359.0,0.5478,759.0,0.5479,2232.0
1753533160984,12:32:40.984,ARKM/USDT:USDT,0.5475,437.0,0.5474,401.0,0.5478,759.0,0.5479,2232.0
1753533162179,12:32:42.179,ARKM/USDT:USDT,0.5475,400.0,0.5474,401.0,0.5478,759.0,0.5479,2232.0
1753533162241,12:32:42.241,ARKM/USDT:USDT,0.5475,363.0,0.5474,401.0,0.5478,833.0,0.5479,2232.0
1753533163197,12:32:43.197,ARKM/USDT:USDT,0.5475,363.0,0.5474,401.0,0.5478,833.0,0.5479,2232.0
1753533163711,12:32:43.711,ARKM/USDT:USDT,0.5475,363.0,0.5474,401.0,0.5478,833.0,0.5479,2232.0
1753533164078,12:32:44.078,ARKM/USDT:USDT,0.5475,363.0,0.5474,401.0,0.5478,833.0,0.5479,2232.0
1753533166649,12:32:46.649,ARKM/USDT:USDT,0.5475,363.0,0.5474,401.0,0.5478,833.0,0.5479,2232.0
1753533169680,12:32:49.680,ARKM/USDT:USDT,0.5475,400.0,0.5474,401.0,0.5478,833.0,0.5479,2232.0
1753533169949,12:32:49.949,ARKM/USDT:USDT,0.5475,363.0,0.5474,401.0,0.5478,833.0,0.5479,2232.0
1753533172772,12:32:52.772,ARKM/USDT:USDT,0.5475,363.0,0.5474,401.0,0.5478,833.0,0.5479,2232.0
1753533174260,12:32:54.260,ARKM/USDT:USDT,0.5475,4.0,0.5474,360.0,0.5478,864.0,0.5479,2232.0
1753533174310,12:32:54.310,ARKM/USDT:USDT,0.5474,364.0,0.5473,403.0,0.5478,864.0,0.5479,2232.0
1753533174484,12:32:54.484,ARKM/USDT:USDT,0.5475,192.0,0.5474,364.0,0.5478,864.0,0.5479,2232.0
1753533175323,12:32:55.323,ARKM/USDT:USDT,0.5475,192.0,0.5474,364.0,0.5478,827.0,0.5479,2232.0
1753533175403,12:32:55.403,ARKM/USDT:USDT,0.5475,192.0,0.5474,364.0,0.5478,864.0,0.5479,2232.0
1753533175533,12:32:55.533,ARKM/USDT:USDT,0.5475,192.0,0.5474,364.0,0.5478,833.0,0.5479,2232.0
1753533175965,12:32:55.965,ARKM/USDT:USDT,0.5475,192.0,0.5474,364.0,0.5478,796.0,0.5479,2232.0
1753533176259,12:32:56.259,ARKM/USDT:USDT,0.5475,192.0,0.5474,364.0,0.5478,833.0,0.5479,2232.0
1753533176311,12:32:56.311,ARKM/USDT:USDT,0.5475,192.0,0.5474,364.0,0.5478,833.0,0.5479,2232.0
1753533176811,12:32:56.811,ARKM/USDT:USDT,0.5475,192.0,0.5474,364.0,0.5478,833.0,0.5479,2232.0
1753533178387,12:32:58.387,ARKM/USDT:USDT,0.5475,192.0,0.5474,364.0,0.5477,743.0,0.5478,2315.0
1753533178410,12:32:58.410,ARKM/USDT:USDT,0.5475,192.0,0.5474,364.0,0.5477,706.0,0.5478,2310.0
1753533178563,12:32:58.563,ARKM/USDT:USDT,0.5475,192.0,0.5474,364.0,0.5477,743.0,0.5478,2310.0
1753533178749,12:32:58.749,ARKM/USDT:USDT,0.5475,192.0,0.5474,364.0,0.5477,706.0,0.5478,2310.0
1753533178803,12:32:58.803,ARKM/USDT:USDT,0.5475,192.0,0.5474,364.0,0.5477,743.0,0.5478,2273.0
1753533179423,12:32:59.423,ARKM/USDT:USDT,0.5475,192.0,0.5474,364.0,0.5477,780.0,0.5478,2273.0
1753533179673,12:32:59.673,ARKM/USDT:USDT,0.5475,192.0,0.5474,364.0,0.5477,706.0,0.5478,2273.0
1753533180239,12:33:00.239,ARKM/USDT:USDT,0.5475,192.0,0.5474,364.0,0.5477,743.0,0.5478,2273.0
1753533180313,12:33:00.313,ARKM/USDT:USDT,0.5475,192.0,0.5474,364.0,0.5477,780.0,0.5478,2273.0
1753533180986,12:33:00.986,ARKM/USDT:USDT,0.5474,4.0,0.5473,361.0,0.5477,780.0,0.5478,2273.0
1753533181083,12:33:01.083,ARKM/USDT:USDT,0.5473,365.0,0.5472,41.0,0.5476,2352.0,0.5477,778.0
1753533181197,12:33:01.197,ARKM/USDT:USDT,0.5473,4.0,0.5472,181.0,0.5475,780.0,0.5476,2350.0
1753533181287,12:33:01.287,ARKM/USDT:USDT,0.5472,361.0,0.5471,225.0,0.5475,706.0,0.5476,2345.0
1753533181321,12:33:01.321,ARKM/USDT:USDT,0.5472,361.0,0.5471,406.0,0.5474,5.0,0.5475,706.0
1753533181442,12:33:01.442,ARKM/USDT:USDT,0.5472,361.0,0.5471,406.0,0.5474,5.0,0.5475,706.0
1753533181595,12:33:01.595,ARKM/USDT:USDT,0.5472,398.0,0.5471,406.0,0.5474,5.0,0.5475,706.0
1753533181652,12:33:01.652,ARKM/USDT:USDT,0.5472,398.0,0.5471,402.0,0.5474,5.0,0.5475,706.0
1753533181792,12:33:01.792,ARKM/USDT:USDT,0.5473,192.0,0.5472,435.0,0.5474,5.0,0.5475,743.0
1753533181873,12:33:01.873,ARKM/USDT:USDT,0.5473,233.0,0.5472,435.0,0.5474,5.0,0.5475,706.0
1753533182088,12:33:02.088,ARKM/USDT:USDT,0.5473,233.0,0.5472,435.0,0.5474,5.0,0.5475,706.0
1753533182193,12:33:02.193,ARKM/USDT:USDT,0.5473,196.0,0.5472,398.0,0.5474,5.0,0.5475,780.0
1753533182262,12:33:02.262,ARKM/USDT:USDT,0.5473,196.0,0.5472,398.0,0.5474,5.0,0.5475,780.0
1753533182408,12:33:02.408,ARKM/USDT:USDT,0.5473,196.0,0.5472,435.0,0.5474,5.0,0.5475,780.0
1753533182512,12:33:02.512,ARKM/USDT:USDT,0.5473,196.0,0.5472,435.0,0.5474,5.0,0.5475,780.0
1753533182696,12:33:02.696,ARKM/USDT:USDT,0.5473,196.0,0.5472,398.0,0.5474,5.0,0.5475,780.0
1753533182749,12:33:02.749,ARKM/USDT:USDT,0.5473,196.0,0.5472,435.0,0.5474,5.0,0.5475,780.0
1753533182972,12:33:02.972,ARKM/USDT:USDT,0.5473,196.0,0.5472,361.0,0.5474,5.0,0.5475,780.0
1753533183010,12:33:03.010,ARKM/USDT:USDT,0.5473,192.0,0.5472,365.0,0.5474,5.0,0.5475,780.0
1753533183181,12:33:03.181,ARKM/USDT:USDT,0.5473,96.0,0.5472,402.0,0.5474,5.0,0.5475,780.0
1753533183337,12:33:03.337,ARKM/USDT:USDT,0.5473,96.0,0.5472,402.0,0.5474,5.0,0.5475,780.0
1753533183536,12:33:03.536,ARKM/USDT:USDT,0.5473,96.0,0.5472,402.0,0.5474,5.0,0.5475,780.0
1753533183638,12:33:03.638,ARKM/USDT:USDT,0.5473,96.0,0.5472,402.0,0.5474,5.0,0.5475,780.0
1753533183775,12:33:03.775,ARKM/USDT:USDT,0.5473,96.0,0.5472,402.0,0.5474,5.0,0.5475,780.0
1753533183919,12:33:03.919,ARKM/USDT:USDT,0.5473,96.0,0.5472,402.0,0.5474,5.0,0.5475,780.0
1753533184194,12:33:04.194,ARKM/USDT:USDT,0.5473,96.0,0.5472,365.0,0.5474,5.0,0.5475,780.0
1753533184222,12:33:04.222,ARKM/USDT:USDT,0.5473,96.0,0.5472,398.0,0.5474,5.0,0.5475,780.0
1753533184397,12:33:04.397,ARKM/USDT:USDT,0.5473,100.0,0.5472,435.0,0.5474,5.0,0.5475,743.0
1753533184447,12:33:04.447,ARKM/USDT:USDT,0.5473,137.0,0.5472,435.0,0.5474,5.0,0.5475,706.0
1753533184552,12:33:04.552,ARKM/USDT:USDT,0.5473,100.0,0.5472,435.0,0.5474,5.0,0.5475,706.0
1753533184661,12:33:04.661,ARKM/USDT:USDT,0.5473,137.0,0.5472,435.0,0.5474,5.0,0.5475,706.0
1753533185020,12:33:05.020,ARKM/USDT:USDT,0.5473,100.0,0.5472,398.0,0.5474,5.0,0.5475,706.0
1753533185113,12:33:05.113,ARKM/USDT:USDT,0.5473,100.0,0.5472,435.0,0.5474,5.0,0.5475,706.0
1753533185556,12:33:05.556,ARKM/USDT:USDT,0.5473,100.0,0.5472,398.0,0.5474,5.0,0.5475,706.0
1753533186483,12:33:06.483,ARKM/USDT:USDT,0.5473,100.0,0.5472,361.0,0.5474,5.0,0.5475,743.0
1753533186507,12:33:06.507,ARKM/USDT:USDT,0.5473,96.0,0.5472,361.0,0.5474,5.0,0.5475,743.0
1753533186870,12:33:06.870,ARKM/USDT:USDT,0.5473,96.0,0.5472,361.0,0.5474,5.0,0.5475,743.0
1753533186906,12:33:06.906,ARKM/USDT:USDT,0.5473,96.0,0.5472,361.0,0.5474,5.0,0.5475,743.0
1753533188129,12:33:08.129,ARKM/USDT:USDT,0.5473,96.0,0.5472,398.0,0.5474,5.0,0.5475,743.0
1753533188282,12:33:08.282,ARKM/USDT:USDT,0.5473,100.0,0.5472,398.0,0.5474,5.0,0.5475,743.0
1753533188796,12:33:08.796,ARKM/USDT:USDT,0.5473,100.0,0.5472,361.0,0.5474,5.0,0.5475,743.0
1753533188807,12:33:08.807,ARKM/USDT:USDT,0.5473,96.0,0.5472,361.0,0.5474,5.0,0.5475,743.0
1753533189895,12:33:09.895,ARKM/USDT:USDT,0.5473,96.0,0.5472,361.0,0.5474,5.0,0.5475,743.0
1753533190648,12:33:10.648,ARKM/USDT:USDT,0.5473,133.0,0.5472,361.0,0.5474,5.0,0.5475,706.0
1753533190792,12:33:10.792,ARKM/USDT:USDT,0.5473,133.0,0.5472,361.0,0.5474,5.0,0.5475,706.0
1753533191085,12:33:11.085,ARKM/USDT:USDT,0.5473,212.0,0.5472,361.0,0.5474,5.0,0.5476,2273.0
1753533191178,12:33:11.178,ARKM/USDT:USDT,0.5474,229.0,0.5473,277.0,0.5475,5.0,0.5476,2273.0
1753533191242,12:33:11.242,ARKM/USDT:USDT,0.5474,229.0,0.5473,281.0,0.5475,5.0,0.5476,2232.0
1753533191307,12:33:11.307,ARKM/USDT:USDT,0.5474,229.0,0.5473,277.0,0.5475,5.0,0.5476,2232.0
1753533191479,12:33:11.479,ARKM/USDT:USDT,0.5474,229.0,0.5473,277.0,0.5475,5.0,0.5476,2232.0
1753533191892,12:33:11.892,ARKM/USDT:USDT,0.5474,192.0,0.5473,277.0,0.5475,5.0,0.5476,2232.0
1753533191982,12:33:11.982,ARKM/USDT:USDT,0.5474,96.0,0.5473,277.0,0.5475,5.0,0.5476,2232.0
1753533192066,12:33:12.066,ARKM/USDT:USDT,0.5473,277.0,0.5472,223.0,0.5475,5.0,0.5476,2273.0
1753533192111,12:33:12.111,ARKM/USDT:USDT,0.5473,277.0,0.5472,405.0,0.5475,687.0,0.5476,2273.0
1753533192298,12:33:12.298,ARKM/USDT:USDT,0.5473,281.0,0.5472,405.0,0.5475,682.0,0.5476,2273.0
1753533192345,12:33:12.345,ARKM/USDT:USDT,0.5473,100.0,0.5472,363.0,0.5475,756.0,0.5476,2273.0
1753533192422,12:33:12.422,ARKM/USDT:USDT,0.5473,4.0,0.5472,363.0,0.5475,797.0,0.5476,2232.0
1753533192567,12:33:12.567,ARKM/USDT:USDT,0.5472,367.0,0.5471,405.0,0.5475,797.0,0.5476,2232.0
1753533192688,12:33:12.688,ARKM/USDT:USDT,0.5473,96.0,0.5472,367.0,0.5474,5.0,0.5475,797.0
1753533192719,12:33:12.719,ARKM/USDT:USDT,0.5473,96.0,0.5472,367.0,0.5474,5.0,0.5475,797.0
1753533193943,12:33:13.943,ARKM/USDT:USDT,0.5473,96.0,0.5472,367.0,0.5474,5.0,0.5475,797.0
1753533194002,12:33:14.002,ARKM/USDT:USDT,0.5473,96.0,0.5472,367.0,0.5474,5.0,0.5475,797.0
1753533194345,12:33:14.345,ARKM/USDT:USDT,0.5473,96.0,0.5472,367.0,0.5474,5.0,0.5475,797.0
1753533194685,12:33:14.685,ARKM/USDT:USDT,0.5472,367.0,0.5471,405.0,0.5474,2274.0,0.5475,41.0
1753533194737,12:33:14.737,ARKM/USDT:USDT,0.5472,367.0,0.5471,405.0,0.5474,2232.0,0.5475,41.0
1753533194838,12:33:14.838,ARKM/USDT:USDT,0.5472,404.0,0.5471,405.0,0.5474,2232.0,0.5475,41.0
1753533194907,12:33:14.907,ARKM/USDT:USDT,0.5472,400.0,0.5471,405.0,0.5474,2232.0,0.5475,41.0
1753533195003,12:33:15.003,ARKM/USDT:USDT,0.5472,400.0,0.5471,405.0,0.5474,2232.0,0.5475,41.0
1753533195182,12:33:15.182,ARKM/USDT:USDT,0.5472,400.0,0.5471,405.0,0.5474,2232.0,0.5475,41.0
1753533195480,12:33:15.480,ARKM/USDT:USDT,0.5472,400.0,0.5471,405.0,0.5474,2232.0,0.5475,41.0
1753533195723,12:33:15.723,ARKM/USDT:USDT,0.5472,400.0,0.5471,405.0,0.5474,2232.0,0.5475,41.0
1753533196122,12:33:16.122,ARKM/USDT:USDT,0.5472,400.0,0.5471,405.0,0.5474,2232.0,0.5475,41.0
1753533197750,12:33:17.750,ARKM/USDT:USDT,0.5472,400.0,0.5471,405.0,0.5474,2232.0,0.5475,41.0
1753533198406,12:33:18.406,ARKM/USDT:USDT,0.5472,400.0,0.5471,405.0,0.5474,2232.0,0.5475,41.0
1753533198666,12:33:18.666,ARKM/USDT:USDT,0.5474,96.0,0.5473,277.0,0.5475,2232.0,0.5476,83.0
1753533198797,12:33:18.797,ARKM/USDT:USDT,0.5474,96.0,0.5473,277.0,0.5475,5.0,0.5476,2311.0
1753533198807,12:33:18.807,ARKM/USDT:USDT,0.5474,96.0,0.5473,277.0,0.5475,5.0,0.5476,2311.0
1753533199076,12:33:19.076,ARKM/USDT:USDT,0.5474,96.0,0.5473,314.0,0.5475,5.0,0.5476,2311.0
1753533199211,12:33:19.211,ARKM/USDT:USDT,0.5474,96.0,0.5473,277.0,0.5475,5.0,0.5476,2348.0
1753533199357,12:33:19.357,ARKM/USDT:USDT,0.5474,96.0,0.5473,277.0,0.5475,5.0,0.5476,2311.0
1753533199856,12:33:19.856,ARKM/USDT:USDT,0.5474,96.0,0.5473,277.0,0.5475,5.0,0.5476,2348.0
1753533201460,12:33:21.460,ARKM/USDT:USDT,0.5474,96.0,0.5473,277.0,0.5475,5.0,0.5476,2348.0
1753533202034,12:33:22.034,ARKM/USDT:USDT,0.5474,96.0,0.5473,277.0,0.5475,5.0,0.5476,2311.0
1753533202280,12:33:22.280,ARKM/USDT:USDT,0.5474,96.0,0.5473,277.0,0.5475,5.0,0.5476,2348.0
1753533203083,12:33:23.083,ARKM/USDT:USDT,0.5473,277.0,0.5472,363.0,0.5475,746.0,0.5476,2352.0
1753533203176,12:33:23.176,ARKM/USDT:USDT,0.5473,281.0,0.5472,363.0,0.5475,704.0,0.5476,2352.0
1753533203270,12:33:23.270,ARKM/USDT:USDT,0.5473,318.0,0.5472,363.0,0.5475,704.0,0.5476,2352.0
1753533203334,12:33:23.334,ARKM/USDT:USDT,0.5473,318.0,0.5472,363.0,0.5475,704.0,0.5476,2352.0
1753533203530,12:33:23.530,ARKM/USDT:USDT,0.5473,281.0,0.5472,363.0,0.5475,704.0,0.5476,2352.0
1753533203660,12:33:23.660,ARKM/USDT:USDT,0.5473,318.0,0.5472,363.0,0.5475,704.0,0.5476,2352.0
1753533204438,12:33:24.438,ARKM/USDT:USDT,0.5473,281.0,0.5472,363.0,0.5475,704.0,0.5476,2352.0
1753533204898,12:33:24.898,ARKM/USDT:USDT,0.5473,281.0,0.5472,363.0,0.5475,741.0,0.5476,2352.0
1753533205421,12:33:25.421,ARKM/USDT:USDT,0.5473,318.0,0.5472,363.0,0.5475,704.0,0.5476,2352.0
1753533205523,12:33:25.523,ARKM/USDT:USDT,0.5473,281.0,0.5472,363.0,0.5475,704.0,0.5476,2352.0
1753533205970,12:33:25.970,ARKM/USDT:USDT,0.5473,318.0,0.5472,363.0,0.5475,704.0,0.5476,2352.0
1753533206082,12:33:26.082,ARKM/USDT:USDT,0.5473,318.0,0.5472,363.0,0.5475,704.0,0.5476,2273.0
1753533206197,12:33:26.197,ARKM/USDT:USDT,0.5475,144.0,0.5474,192.0,0.5476,2273.0,0.5477,42.0
1753533206295,12:33:26.295,ARKM/USDT:USDT,0.5475,144.0,0.5474,192.0,0.5476,2237.0,0.5477,83.0
1753533206306,12:33:26.306,ARKM/USDT:USDT,0.5475,144.0,0.5474,192.0,0.5476,2237.0,0.5477,83.0
1753533206461,12:33:26.461,ARKM/USDT:USDT,0.5475,144.0,0.5474,192.0,0.5476,2237.0,0.5477,83.0
1753533206624,12:33:26.624,ARKM/USDT:USDT,0.5475,144.0,0.5474,192.0,0.5476,2237.0,0.5477,83.0
1753533206885,12:33:26.885,ARKM/USDT:USDT,0.5475,144.0,0.5474,192.0,0.5476,2237.0,0.5477,83.0
1753533207236,12:33:27.236,ARKM/USDT:USDT,0.5475,144.0,0.5474,192.0,0.5476,2237.0,0.5477,83.0
1753533207687,12:33:27.687,ARKM/USDT:USDT,0.5475,181.0,0.5474,229.0,0.5476,5.0,0.5477,2232.0
1753533207702,12:33:27.702,ARKM/USDT:USDT,0.5475,181.0,0.5474,229.0,0.5476,5.0,0.5477,2232.0
1753533207812,12:33:27.812,ARKM/USDT:USDT,0.5475,181.0,0.5474,229.0,0.5476,5.0,0.5477,2232.0
1753533208004,12:33:28.004,ARKM/USDT:USDT,0.5475,181.0,0.5474,229.0,0.5476,5.0,0.5477,2232.0
1753533208103,12:33:28.103,ARKM/USDT:USDT,0.5475,181.0,0.5474,229.0,0.5476,5.0,0.5477,2232.0
1753533208320,12:33:28.320,ARKM/USDT:USDT,0.5475,181.0,0.5474,229.0,0.5476,5.0,0.5477,2232.0
1753533208882,12:33:28.882,ARKM/USDT:USDT,0.5475,181.0,0.5474,229.0,0.5476,5.0,0.5477,2232.0
1753533208980,12:33:28.980,ARKM/USDT:USDT,0.5475,144.0,0.5474,229.0,0.5476,5.0,0.5477,2232.0
1753533209523,12:33:29.523,ARKM/USDT:USDT,0.5475,181.0,0.5474,229.0,0.5476,5.0,0.5477,2232.0
1753533210040,12:33:30.040,ARKM/USDT:USDT,0.5475,144.0,0.5474,229.0,0.5476,5.0,0.5477,2232.0
1753533210462,12:33:30.462,ARKM/USDT:USDT,0.5475,144.0,0.5474,229.0,0.5476,5.0,0.5477,2232.0
1753533212155,12:33:32.155,ARKM/USDT:USDT,0.5475,144.0,0.5474,229.0,0.5476,5.0,0.5477,2232.0
1753533212227,12:33:32.227,ARKM/USDT:USDT,0.5475,144.0,0.5474,229.0,0.5476,5.0,0.5477,2232.0
1753533212417,12:33:32.417,ARKM/USDT:USDT,0.5475,181.0,0.5474,229.0,0.5476,5.0,0.5477,2232.0
1753533213061,12:33:33.061,ARKM/USDT:USDT,0.5475,181.0,0.5474,229.0,0.5476,5.0,0.5477,2232.0
1753533213123,12:33:33.123,ARKM/USDT:USDT,0.5475,181.0,0.5474,229.0,0.5476,5.0,0.5477,2232.0
1753533213783,12:33:33.783,ARKM/USDT:USDT,0.5475,218.0,0.5474,192.0,0.5476,5.0,0.5477,2232.0
1753533215148,12:33:35.148,ARKM/USDT:USDT,0.5475,218.0,0.5474,192.0,0.5476,5.0,0.5477,2232.0
1753533216118,12:33:36.118,ARKM/USDT:USDT,0.5475,218.0,0.5474,192.0,0.5476,5.0,0.5477,2232.0
1753533216948,12:33:36.948,ARKM/USDT:USDT,0.5475,144.0,0.5474,192.0,0.5476,5.0,0.5477,2232.0
1753533217186,12:33:37.186,ARKM/USDT:USDT,0.5475,218.0,0.5474,192.0,0.5476,5.0,0.5477,2232.0
1753533217203,12:33:37.203,ARKM/USDT:USDT,0.5475,144.0,0.5474,192.0,0.5476,5.0,0.5477,2232.0
1753533217372,12:33:37.372,ARKM/USDT:USDT,0.5475,218.0,0.5474,192.0,0.5476,5.0,0.5477,2232.0
1753533217493,12:33:37.493,ARKM/USDT:USDT,0.5475,144.0,0.5474,192.0,0.5476,5.0,0.5477,2232.0
1753533217950,12:33:37.950,ARKM/USDT:USDT,0.5475,144.0,0.5474,192.0,0.5476,79.0,0.5477,2273.0
1753533218054,12:33:38.054,ARKM/USDT:USDT,0.5474,96.0,0.5473,363.0,0.5476,79.0,0.5477,2273.0
1753533218161,12:33:38.161,ARKM/USDT:USDT,0.5474,100.0,0.5473,363.0,0.5476,756.0,0.5477,2273.0
1753533218899,12:33:38.899,ARKM/USDT:USDT,0.5474,100.0,0.5473,363.0,0.5476,756.0,0.5477,2273.0
1753533218903,12:33:38.903,ARKM/USDT:USDT,0.5474,100.0,0.5473,363.0,0.5476,756.0,0.5477,2273.0
1753533221057,12:33:41.057,ARKM/USDT:USDT,0.5474,100.0,0.5473,363.0,0.5476,756.0,0.5477,2273.0
1753533221393,12:33:41.393,ARKM/USDT:USDT,0.5474,100.0,0.5473,363.0,0.5476,756.0,0.5477,2273.0
1753533221849,12:33:41.849,ARKM/USDT:USDT,0.5474,100.0,0.5473,363.0,0.5476,756.0,0.5477,2273.0
1753533222097,12:33:42.097,ARKM/USDT:USDT,0.5474,100.0,0.5473,363.0,0.5476,682.0,0.5477,2273.0
1753533222102,12:33:42.102,ARKM/USDT:USDT,0.5474,137.0,0.5473,363.0,0.5476,682.0,0.5477,2273.0
1753533222803,12:33:42.803,ARKM/USDT:USDT,0.5474,137.0,0.5473,363.0,0.5476,682.0,0.5477,2273.0
1753533223460,12:33:43.460,ARKM/USDT:USDT,0.5474,100.0,0.5473,363.0,0.5476,756.0,0.5477,2273.0
1753533223506,12:33:43.506,ARKM/USDT:USDT,0.5474,100.0,0.5473,363.0,0.5476,756.0,0.5477,2273.0
1753533223816,12:33:43.816,ARKM/USDT:USDT,0.5474,100.0,0.5473,363.0,0.5476,756.0,0.5477,2273.0
1753533224234,12:33:44.234,ARKM/USDT:USDT,0.5474,100.0,0.5473,363.0,0.5476,682.0,0.5477,2273.0
1753533224302,12:33:44.302,ARKM/USDT:USDT,0.5474,100.0,0.5473,363.0,0.5476,756.0,0.5477,2273.0
1753533225002,12:33:45.002,ARKM/USDT:USDT,0.5474,100.0,0.5473,363.0,0.5476,756.0,0.5477,2273.0
1753533225441,12:33:45.441,ARKM/USDT:USDT,0.5474,100.0,0.5473,363.0,0.5476,756.0,0.5477,2273.0
1753533227396,12:33:47.396,ARKM/USDT:USDT,0.5474,100.0,0.5473,363.0,0.5476,719.0,0.5477,2273.0
1753533227400,12:33:47.400,ARKM/USDT:USDT,0.5474,100.0,0.5473,363.0,0.5476,682.0,0.5477,2273.0
1753533227643,12:33:47.643,ARKM/USDT:USDT,0.5474,100.0,0.5473,363.0,0.5476,756.0,0.5477,2273.0
1753533228026,12:33:48.026,ARKM/USDT:USDT,0.5474,100.0,0.5473,363.0,0.5476,756.0,0.5477,2273.0
1753533228189,12:33:48.189,ARKM/USDT:USDT,0.5474,100.0,0.5473,363.0,0.5476,682.0,0.5477,2273.0
1753533229033,12:33:49.033,ARKM/USDT:USDT,0.5474,137.0,0.5473,363.0,0.5476,682.0,0.5477,2273.0
1753533229285,12:33:49.285,ARKM/USDT:USDT,0.5474,137.0,0.5473,363.0,0.5476,682.0,0.5477,2273.0
1753533230083,12:33:50.083,ARKM/USDT:USDT,0.5474,137.0,0.5473,363.0,0.5476,682.0,0.5477,2273.0
1753533230133,12:33:50.133,ARKM/USDT:USDT,0.5474,100.0,0.5473,363.0,0.5476,756.0,0.5477,2273.0
1753533230279,12:33:50.279,ARKM/USDT:USDT,0.5474,100.0,0.5473,363.0,0.5476,719.0,0.5477,2273.0
1753533230855,12:33:50.855,ARKM/USDT:USDT,0.5474,100.0,0.5473,363.0,0.5476,756.0,0.5477,2273.0
1753533233175,12:33:53.175,ARKM/USDT:USDT,0.5474,100.0,0.5473,363.0,0.5476,756.0,0.5477,2273.0
1753533236275,12:33:56.275,ARKM/USDT:USDT,0.5474,100.0,0.5473,363.0,0.5476,756.0,0.5477,2273.0
1753533236816,12:33:56.816,ARKM/USDT:USDT,0.5474,100.0,0.5473,363.0,0.5476,756.0,0.5477,2273.0
1753533237948,12:33:57.948,ARKM/USDT:USDT,0.5474,100.0,0.5473,363.0,0.5476,756.0,0.5477,2273.0
1753533238439,12:33:58.439,ARKM/USDT:USDT,0.5474,100.0,0.5473,363.0,0.5476,756.0,0.5477,2273.0
1753533239852,12:33:59.852,ARKM/USDT:USDT,0.5474,100.0,0.5473,363.0,0.5476,719.0,0.5477,2273.0
1753533239993,12:33:59.993,ARKM/USDT:USDT,0.5474,100.0,0.5473,363.0,0.5476,719.0,0.5477,2273.0
1753533240482,12:34:00.482,ARKM/USDT:USDT,0.5474,137.0,0.5473,363.0,0.5476,682.0,0.5477,2273.0
1753533240693,12:34:00.693,ARKM/USDT:USDT,0.5474,100.0,0.5473,363.0,0.5476,682.0,0.5477,2273.0
1753533240725,12:34:00.725,ARKM/USDT:USDT,0.5474,137.0,0.5473,363.0,0.5476,682.0,0.5477,2273.0
1753533240811,12:34:00.811,ARKM/USDT:USDT,0.5474,100.0,0.5473,363.0,0.5476,682.0,0.5477,2273.0
1753533240983,12:34:00.983,ARKM/USDT:USDT,0.5474,100.0,0.5473,363.0,0.5476,682.0,0.5477,2273.0
1753533241025,12:34:01.025,ARKM/USDT:USDT,0.5474,100.0,0.5473,363.0,0.5476,756.0,0.5477,2273.0
1753533241692,12:34:01.692,ARKM/USDT:USDT,0.5474,100.0,0.5473,363.0,0.5476,756.0,0.5477,2273.0
1753533243546,12:34:03.546,ARKM/USDT:USDT,0.5474,100.0,0.5473,363.0,0.5476,756.0,0.5477,2273.0
1753533243783,12:34:03.783,ARKM/USDT:USDT,0.5474,100.0,0.5473,363.0,0.5476,756.0,0.5477,2273.0
1753533243975,12:34:03.975,ARKM/USDT:USDT,0.5474,137.0,0.5473,363.0,0.5476,682.0,0.5477,2273.0
1753533244192,12:34:04.192,ARKM/USDT:USDT,0.5475,96.0,0.5474,137.0,0.5477,2232.0,0.5478,83.0
1753533244290,12:34:04.290,ARKM/USDT:USDT,0.5475,96.0,0.5474,318.0,0.5477,732.0,0.5478,2315.0
1753533244344,12:34:04.344,ARKM/USDT:USDT,0.5475,96.0,0.5474,318.0,0.5477,732.0,0.5478,2315.0
1753533244589,12:34:04.589,ARKM/USDT:USDT,0.5475,96.0,0.5474,281.0,0.5477,732.0,0.5478,2315.0
1753533244759,12:34:04.759,ARKM/USDT:USDT,0.5475,96.0,0.5474,281.0,0.5477,732.0,0.5478,2315.0
1753533245098,12:34:05.098,ARKM/USDT:USDT,0.5475,96.0,0.5474,281.0,0.5477,732.0,0.5478,2315.0
1753533245405,12:34:05.405,ARKM/USDT:USDT,0.5475,96.0,0.5474,281.0,0.5477,769.0,0.5478,2315.0
1753533245893,12:34:05.893,ARKM/USDT:USDT,0.5474,281.0,0.5473,181.0,0.5477,810.0,0.5478,2274.0
1753533245983,12:34:05.983,ARKM/USDT:USDT,0.5474,318.0,0.5473,361.0,0.5476,5.0,0.5477,810.0
1753533246023,12:34:06.023,ARKM/USDT:USDT,0.5474,318.0,0.5473,361.0,0.5476,5.0,0.5477,810.0
1753533246131,12:34:06.131,ARKM/USDT:USDT,0.5474,318.0,0.5473,361.0,0.5476,5.0,0.5477,810.0
1753533246213,12:34:06.213,ARKM/USDT:USDT,0.5474,281.0,0.5473,361.0,0.5476,42.0,0.5477,773.0
1753533246305,12:34:06.305,ARKM/USDT:USDT,0.5474,281.0,0.5473,361.0,0.5476,37.0,0.5477,773.0
1753533246463,12:34:06.463,ARKM/USDT:USDT,0.5474,281.0,0.5473,361.0,0.5476,74.0,0.5477,778.0
1753533247887,12:34:07.887,ARKM/USDT:USDT,0.5474,281.0,0.5473,361.0,0.5476,2306.0,0.5477,83.0
1753533247904,12:34:07.904,ARKM/USDT:USDT,0.5474,281.0,0.5473,361.0,0.5476,2306.0,0.5477,83.0
1753533248181,12:34:08.181,ARKM/USDT:USDT,0.5474,281.0,0.5473,361.0,0.5476,2232.0,0.5477,83.0
1753533248489,12:34:08.489,ARKM/USDT:USDT,0.5474,281.0,0.5473,361.0,0.5476,2269.0,0.5477,83.0
1753533248513,12:34:08.513,ARKM/USDT:USDT,0.5474,281.0,0.5473,361.0,0.5476,2232.0,0.5477,83.0
1753533248625,12:34:08.625,ARKM/USDT:USDT,0.5474,281.0,0.5473,361.0,0.5476,2306.0,0.5477,83.0
1753533249360,12:34:09.360,ARKM/USDT:USDT,0.5474,281.0,0.5473,361.0,0.5476,2232.0,0.5477,83.0
1753533249756,12:34:09.756,ARKM/USDT:USDT,0.5474,281.0,0.5473,361.0,0.5476,2306.0,0.5477,83.0
1753533250045,12:34:10.045,ARKM/USDT:USDT,0.5474,281.0,0.5473,361.0,0.5476,2232.0,0.5477,83.0
1753533250156,12:34:10.156,ARKM/USDT:USDT,0.5474,281.0,0.5473,361.0,0.5476,2306.0,0.5477,83.0
1753533251586,12:34:11.586,ARKM/USDT:USDT,0.5474,281.0,0.5473,361.0,0.5476,2306.0,0.5477,83.0
1753533252079,12:34:12.079,ARKM/USDT:USDT,0.5474,281.0,0.5473,361.0,0.5476,2232.0,0.5477,83.0
1753533252197,12:34:12.197,ARKM/USDT:USDT,0.5474,4.0,0.5472,180.0,0.5475,156.0,0.5476,791.0
1753533252289,12:34:12.289,ARKM/USDT:USDT,0.5472,361.0,0.5471,403.0,0.5475,2352.0,0.5476,109.0
1753533252306,12:34:12.306,ARKM/USDT:USDT,0.5472,365.0,0.5471,403.0,0.5475,2352.0,0.5476,109.0
1753533252431,12:34:12.431,ARKM/USDT:USDT,0.5472,365.0,0.5471,403.0,0.5475,2352.0,0.5476,109.0
1753533253043,12:34:13.043,ARKM/USDT:USDT,0.5472,402.0,0.5471,403.0,0.5475,2278.0,0.5476,72.0
1753533253234,12:34:13.234,ARKM/USDT:USDT,0.5472,402.0,0.5471,403.0,0.5475,2352.0,0.5476,72.0
1753533253608,12:34:13.608,ARKM/USDT:USDT,0.5472,365.0,0.5471,403.0,0.5475,2352.0,0.5476,72.0
1753533253777,12:34:13.777,ARKM/USDT:USDT,0.5472,439.0,0.5471,403.0,0.5475,2278.0,0.5476,41.0
1753533254432,12:34:14.432,ARKM/USDT:USDT,0.5472,439.0,0.5471,403.0,0.5475,2278.0,0.5477,42.0
1753533254612,12:34:14.612,ARKM/USDT:USDT,0.5472,439.0,0.5471,403.0,0.5475,2278.0,0.5477,42.0
1753533255008,12:34:15.008,ARKM/USDT:USDT,0.5472,439.0,0.5471,403.0,0.5475,2278.0,0.5477,42.0
1753533255779,12:34:15.779,ARKM/USDT:USDT,0.5472,439.0,0.5471,403.0,0.5475,2278.0,0.5477,42.0
1753533256151,12:34:16.151,ARKM/USDT:USDT,0.5472,402.0,0.5471,403.0,0.5475,2278.0,0.5477,42.0
1753533256217,12:34:16.217,ARKM/USDT:USDT,0.5472,439.0,0.5471,403.0,0.5475,2278.0,0.5477,42.0
1753533256593,12:34:16.593,ARKM/USDT:USDT,0.5474,192.0,0.5473,398.0,0.5475,5.0,0.5476,2232.0
1753533256632,12:34:16.632,ARKM/USDT:USDT,0.5474,196.0,0.5473,398.0,0.5475,5.0,0.5476,2232.0
1753533257099,12:34:17.099,ARKM/USDT:USDT,0.5474,196.0,0.5473,435.0,0.5475,5.0,0.5476,2232.0
1753533257149,12:34:17.149,ARKM/USDT:USDT,0.5474,196.0,0.5473,435.0,0.5475,5.0,0.5476,2232.0
1753533257296,12:34:17.296,ARKM/USDT:USDT,0.5474,196.0,0.5473,435.0,0.5475,5.0,0.5476,2232.0
1753533258006,12:34:18.006,ARKM/USDT:USDT,0.5474,196.0,0.5473,435.0,0.5475,5.0,0.5476,2232.0
1753533258394,12:34:18.394,ARKM/USDT:USDT,0.5474,270.0,0.5473,435.0,0.5475,5.0,0.5476,2232.0
1753533258465,12:34:18.465,ARKM/USDT:USDT,0.5474,270.0,0.5473,476.0,0.5475,5.0,0.5477,2273.0
1753533258562,12:34:18.562,ARKM/USDT:USDT,0.5475,229.0,0.5474,270.0,0.5476,5.0,0.5477,2273.0
1753533258648,12:34:18.648,ARKM/USDT:USDT,0.5475,229.0,0.5474,270.0,0.5476,5.0,0.5477,2232.0
1753533258711,12:34:18.711,ARKM/USDT:USDT,0.5475,192.0,0.5474,266.0,0.5476,5.0,0.5477,2232.0
1753533258896,12:34:18.896,ARKM/USDT:USDT,0.5475,229.0,0.5474,266.0,0.5476,5.0,0.5477,2232.0
1753533259020,12:34:19.020,ARKM/USDT:USDT,0.5475,192.0,0.5474,266.0,0.5476,5.0,0.5477,2232.0
1753533259365,12:34:19.365,ARKM/USDT:USDT,0.5475,192.0,0.5474,266.0,0.5476,5.0,0.5477,2232.0
1753533260060,12:34:20.060,ARKM/USDT:USDT,0.5475,192.0,0.5474,266.0,0.5476,5.0,0.5477,2232.0
1753533260117,12:34:20.117,ARKM/USDT:USDT,0.5475,192.0,0.5474,266.0,0.5476,5.0,0.5477,2232.0
1753533262454,12:34:22.454,ARKM/USDT:USDT,0.5475,192.0,0.5474,266.0,0.5476,5.0,0.5477,2232.0
1753533263057,12:34:23.057,ARKM/USDT:USDT,0.5475,192.0,0.5474,266.0,0.5476,5.0,0.5477,2232.0
1753533264583,12:34:24.583,ARKM/USDT:USDT,0.5475,192.0,0.5474,229.0,0.5476,5.0,0.5477,2232.0
1753533264612,12:34:24.612,ARKM/USDT:USDT,0.5475,193.0,0.5474,229.0,0.5476,8.0,0.5477,2232.0
1753533265530,12:34:25.530,ARKM/USDT:USDT,0.5475,193.0,0.5474,229.0,0.5476,8.0,0.5477,2232.0
1753533267577,12:34:27.577,ARKM/USDT:USDT,0.5475,1.0,0.5474,192.0,0.5476,82.0,0.5477,2232.0
1753533267662,12:34:27.662,ARKM/USDT:USDT,0.5475,1.0,0.5473,363.0,0.5476,123.0,0.5477,2232.0
1753533267762,12:34:27.762,ARKM/USDT:USDT,0.5474,1.0,0.5473,363.0,0.5476,834.0,0.5477,2232.0
1753533267807,12:34:27.807,ARKM/USDT:USDT,0.5474,1.0,0.5473,363.0,0.5476,826.0,0.5477,2232.0
1753533268685,12:34:28.685,ARKM/USDT:USDT,0.5474,1.0,0.5473,363.0,0.5476,789.0,0.5477,2232.0
1753533268857,12:34:28.857,ARKM/USDT:USDT,0.5474,1.0,0.5473,363.0,0.5476,826.0,0.5477,2232.0
1753533268981,12:34:28.981,ARKM/USDT:USDT,0.5474,1.0,0.5473,363.0,0.5476,826.0,0.5477,2232.0
1753533269240,12:34:29.240,ARKM/USDT:USDT,0.5474,1.0,0.5473,363.0,0.5476,826.0,0.5477,2232.0
1753533269922,12:34:29.922,ARKM/USDT:USDT,0.5474,1.0,0.5473,363.0,0.5476,789.0,0.5477,2232.0
1753533270081,12:34:30.081,ARKM/USDT:USDT,0.5475,192.0,0.5474,401.0,0.5476,41.0,0.5477,2273.0
1753533270198,12:34:30.198,ARKM/USDT:USDT,0.5475,198.0,0.5474,401.0,0.5476,49.0,0.5477,2273.0
1753533270317,12:34:30.317,ARKM/USDT:USDT,0.5475,198.0,0.5474,401.0,0.5476,8.0,0.5477,2273.0
1753533270971,12:34:30.971,ARKM/USDT:USDT,0.5475,6.0,0.5474,182.0,0.5476,45.0,0.5477,2310.0
1753533271071,12:34:31.071,ARKM/USDT:USDT,0.5474,182.0,0.5473,363.0,0.5476,738.0,0.5477,2273.0
1753533271106,12:34:31.106,ARKM/USDT:USDT,0.5474,187.0,0.5473,363.0,0.5476,730.0,0.5477,2273.0
1753533271426,12:34:31.426,ARKM/USDT:USDT,0.5474,187.0,0.5473,363.0,0.5476,730.0,0.5477,2273.0
1753533271643,12:34:31.643,ARKM/USDT:USDT,0.5474,187.0,0.5473,363.0,0.5476,767.0,0.5477,2273.0
1753533271750,12:34:31.750,ARKM/USDT:USDT,0.5474,187.0,0.5473,363.0,0.5476,730.0,0.5477,2273.0
1753533272032,12:34:32.032,ARKM/USDT:USDT,0.5474,187.0,0.5473,363.0,0.5476,693.0,0.5477,2273.0
1753533272257,12:34:32.257,ARKM/USDT:USDT,0.5474,187.0,0.5473,363.0,0.5476,730.0,0.5477,2273.0
1753533272307,12:34:32.307,ARKM/USDT:USDT,0.5474,187.0,0.5473,363.0,0.5476,767.0,0.5477,2273.0
1753533273040,12:34:33.040,ARKM/USDT:USDT,0.5474,187.0,0.5473,363.0,0.5476,693.0,0.5477,2273.0
1753533273706,12:34:33.706,ARKM/USDT:USDT,0.5474,187.0,0.5473,363.0,0.5476,730.0,0.5477,2273.0
1753533273829,12:34:33.829,ARKM/USDT:USDT,0.5474,224.0,0.5473,363.0,0.5476,693.0,0.5477,2273.0
1753533274158,12:34:34.158,ARKM/USDT:USDT,0.5474,187.0,0.5473,363.0,0.5476,693.0,0.5477,2273.0
1753533274480,12:34:34.480,ARKM/USDT:USDT,0.5474,224.0,0.5473,363.0,0.5476,693.0,0.5477,2273.0
1753533275475,12:34:35.475,ARKM/USDT:USDT,0.5474,224.0,0.5473,363.0,0.5476,693.0,0.5477,2273.0
1753533276003,12:34:36.003,ARKM/USDT:USDT,0.5474,224.0,0.5473,363.0,0.5476,693.0,0.5477,2273.0
1753533276781,12:34:36.781,ARKM/USDT:USDT,0.5474,187.0,0.5473,363.0,0.5476,693.0,0.5477,2273.0
1753533276855,12:34:36.855,ARKM/USDT:USDT,0.5474,224.0,0.5473,363.0,0.5476,693.0,0.5477,2273.0
1753533277499,12:34:37.499,ARKM/USDT:USDT,0.5474,187.0,0.5473,363.0,0.5476,693.0,0.5477,2273.0
1753533277567,12:34:37.567,ARKM/USDT:USDT,0.5474,187.0,0.5473,363.0,0.5476,730.0,0.5477,2273.0
1753533277622,12:34:37.622,ARKM/USDT:USDT,0.5474,187.0,0.5473,363.0,0.5476,767.0,0.5477,2273.0
1753533279280,12:34:39.280,ARKM/USDT:USDT,0.5474,187.0,0.5473,363.0,0.5476,730.0,0.5477,2273.0
1753533279591,12:34:39.591,ARKM/USDT:USDT,0.5474,187.0,0.5473,363.0,0.5476,767.0,0.5477,2273.0
1753533280110,12:34:40.110,ARKM/USDT:USDT,0.5474,187.0,0.5473,363.0,0.5476,730.0,0.5477,2273.0
1753533280266,12:34:40.266,ARKM/USDT:USDT,0.5474,187.0,0.5473,363.0,0.5476,767.0,0.5477,2273.0
1753533280893,12:34:40.893,ARKM/USDT:USDT,0.5474,6.0,0.5473,181.0,0.5475,115.0,0.5476,775.0
1753533280925,12:34:40.925,ARKM/USDT:USDT,0.5474,1.0,0.5473,181.0,0.5475,123.0,0.5476,775.0
1753533281069,12:34:41.069,ARKM/USDT:USDT,0.5474,1.0,0.5473,362.0,0.5475,86.0,0.5476,775.0
1753533281122,12:34:41.122,ARKM/USDT:USDT,0.5474,1.0,0.5473,368.0,0.5475,86.0,0.5476,775.0
1753533281251,12:34:41.251,ARKM/USDT:USDT,0.5474,1.0,0.5473,362.0,0.5475,49.0,0.5476,775.0
1753533281506,12:34:41.506,ARKM/USDT:USDT,0.5474,1.0,0.5473,362.0,0.5475,86.0,0.5476,775.0
1753533281617,12:34:41.617,ARKM/USDT:USDT,0.5474,1.0,0.5473,362.0,0.5475,8.0,0.5476,775.0
1753533283030,12:34:43.030,ARKM/USDT:USDT,0.5474,1.0,0.5473,362.0,0.5475,8.0,0.5476,775.0
1753533285148,12:34:45.148,ARKM/USDT:USDT,0.5474,1.0,0.5473,362.0,0.5475,45.0,0.5476,775.0
1753533287063,12:34:47.063,ARKM/USDT:USDT,0.5474,1.0,0.5473,362.0,0.5475,8.0,0.5476,775.0
1753533287559,12:34:47.559,ARKM/USDT:USDT,0.5474,1.0,0.5473,362.0,0.5475,8.0,0.5476,775.0
1753533288496,12:34:48.496,ARKM/USDT:USDT,0.5474,1.0,0.5473,362.0,0.5475,2277.0,0.5476,82.0
1753533288506,12:34:48.506,ARKM/USDT:USDT,0.5474,1.0,0.5473,362.0,0.5475,2275.0,0.5476,82.0
1753533288632,12:34:48.632,ARKM/USDT:USDT,0.5474,1.0,0.5473,362.0,0.5475,2238.0,0.5476,82.0
1753533288750,12:34:48.750,ARKM/USDT:USDT,0.5474,1.0,0.5473,362.0,0.5475,2238.0,0.5476,41.0
1753533288967,12:34:48.967,ARKM/USDT:USDT,0.5474,134.0,0.5473,362.0,0.5475,2238.0,0.5476,41.0
1753533289196,12:34:49.196,ARKM/USDT:USDT,0.5474,134.0,0.5473,362.0,0.5475,2238.0,0.5476,41.0
1753533289480,12:34:49.480,ARKM/USDT:USDT,0.5474,134.0,0.5473,362.0,0.5475,2238.0,0.5476,41.0
1753533289708,12:34:49.708,ARKM/USDT:USDT,0.5474,97.0,0.5473,362.0,0.5475,2238.0,0.5476,41.0
1753533291173,12:34:51.173,ARKM/USDT:USDT,0.5474,97.0,0.5473,362.0,0.5475,2238.0,0.5476,41.0
1753533292122,12:34:52.122,ARKM/USDT:USDT,0.5474,97.0,0.5473,362.0,0.5475,2238.0,0.5476,41.0
1753533293182,12:34:53.182,ARKM/USDT:USDT,0.5474,97.0,0.5473,362.0,0.5475,2238.0,0.5476,41.0
1753533294042,12:34:54.042,ARKM/USDT:USDT,0.5474,134.0,0.5473,362.0,0.5475,2238.0,0.5476,41.0
1753533294199,12:34:54.199,ARKM/USDT:USDT,0.5474,134.0,0.5473,362.0,0.5475,2238.0,0.5476,41.0
1753533294294,12:34:54.294,ARKM/USDT:USDT,0.5474,171.0,0.5473,362.0,0.5475,6.0,0.5476,2232.0
1753533294310,12:34:54.310,ARKM/USDT:USDT,0.5474,134.0,0.5473,362.0,0.5475,8.0,0.5476,2232.0
1753533294871,12:34:54.871,ARKM/USDT:USDT,0.5474,212.0,0.5473,403.0,0.5475,8.0,0.5476,682.0
1753533294943,12:34:54.943,ARKM/USDT:USDT,0.5474,218.0,0.5473,403.0,0.5475,8.0,0.5477,2273.0
1753533295050,12:34:55.050,ARKM/USDT:USDT,0.5475,170.0,0.5474,325.0,0.5476,8.0,0.5477,2273.0
1753533295194,12:34:55.194,ARKM/USDT:USDT,0.5475,133.0,0.5474,325.0,0.5476,8.0,0.5477,2232.0
1753533295210,12:34:55.210,ARKM/USDT:USDT,0.5475,133.0,0.5474,319.0,0.5476,8.0,0.5477,2232.0
1753533295622,12:34:55.622,ARKM/USDT:USDT,0.5475,96.0,0.5474,319.0,0.5476,8.0,0.5477,2232.0
1753533296011,12:34:56.011,ARKM/USDT:USDT,0.5475,133.0,0.5474,319.0,0.5476,8.0,0.5477,2232.0
1753533296637,12:34:56.637,ARKM/USDT:USDT,0.5475,170.0,0.5474,319.0,0.5476,8.0,0.5477,2232.0
1753533297383,12:34:57.383,ARKM/USDT:USDT,0.5475,211.0,0.5474,319.0,0.5476,8.0,0.5477,2232.0
1753533297523,12:34:57.523,ARKM/USDT:USDT,0.5475,211.0,0.5474,319.0,0.5476,8.0,0.5478,711.0
1753533297697,12:34:57.697,ARKM/USDT:USDT,0.5476,266.0,0.5475,319.0,0.5477,8.0,0.5478,670.0
1753533297749,12:34:57.749,ARKM/USDT:USDT,0.5476,267.0,0.5475,319.0,0.5477,8.0,0.5478,670.0
1753533298097,12:34:58.097,ARKM/USDT:USDT,0.5476,267.0,0.5475,319.0,0.5477,8.0,0.5478,670.0
1753533298137,12:34:58.137,ARKM/USDT:USDT,0.5476,230.0,0.5475,356.0,0.5477,8.0,0.5478,670.0
1753533298342,12:34:58.342,ARKM/USDT:USDT,0.5476,230.0,0.5475,356.0,0.5477,8.0,0.5478,670.0
1753533298461,12:34:58.461,ARKM/USDT:USDT,0.5476,230.0,0.5475,356.0,0.5477,8.0,0.5478,670.0
1753533298919,12:34:58.919,ARKM/USDT:USDT,0.5476,230.0,0.5475,356.0,0.5477,8.0,0.5478,670.0
1753533299270,12:34:59.270,ARKM/USDT:USDT,0.5476,267.0,0.5475,356.0,0.5477,8.0,0.5478,670.0
1753533299478,12:34:59.478,ARKM/USDT:USDT,0.5476,267.0,0.5475,356.0,0.5477,8.0,0.5479,2273.0
1753533299581,12:34:59.581,ARKM/USDT:USDT,0.5477,229.0,0.5476,193.0,0.5478,8.0,0.5479,2232.0
1753533299644,12:34:59.644,ARKM/USDT:USDT,0.5477,229.0,0.5476,199.0,0.5478,8.0,0.5479,2232.0
1753533299718,12:34:59.718,ARKM/USDT:USDT,0.5477,229.0,0.5476,193.0,0.5478,8.0,0.5479,2232.0
1753533299859,12:34:59.859,ARKM/USDT:USDT,0.5477,192.0,0.5476,193.0,0.5478,8.0,0.5479,2232.0
1753533300068,12:35:00.068,ARKM/USDT:USDT,0.5477,229.0,0.5476,230.0,0.5478,8.0,0.5479,2232.0
1753533300135,12:35:00.135,ARKM/USDT:USDT,0.5477,229.0,0.5476,230.0,0.5478,8.0,0.5479,2232.0
1753533300295,12:35:00.295,ARKM/USDT:USDT,0.5477,96.0,0.5476,193.0,0.5478,8.0,0.5479,2266.0
1753533300375,12:35:00.375,ARKM/USDT:USDT,0.5476,97.0,0.5475,363.0,0.5478,76.0,0.5479,2232.0
1753533300419,12:35:00.419,ARKM/USDT:USDT,0.5476,102.0,0.5475,363.0,0.5478,740.0,0.5479,2232.0
1753533300549,12:35:00.549,ARKM/USDT:USDT,0.5476,102.0,0.5475,363.0,0.5478,738.0,0.5479,2232.0
1753533300796,12:35:00.796,ARKM/USDT:USDT,0.5476,102.0,0.5475,363.0,0.5478,738.0,0.5479,2273.0
1753533300805,12:35:00.805,ARKM/USDT:USDT,0.5476,102.0,0.5475,363.0,0.5478,738.0,0.5479,2273.0
1753533301583,12:35:01.583,ARKM/USDT:USDT,0.5476,6.0,0.5475,181.0,0.5478,738.0,0.5479,2273.0
1753533301678,12:35:01.678,ARKM/USDT:USDT,0.5476,1.0,0.5475,369.0,0.5478,779.0,0.5479,2232.0
1753533301785,12:35:01.785,ARKM/USDT:USDT,0.5476,1.0,0.5475,369.0,0.5478,745.0,0.5479,2232.0
1753533301804,12:35:01.804,ARKM/USDT:USDT,0.5476,1.0,0.5475,369.0,0.5478,711.0,0.5479,2232.0
1753533302489,12:35:02.489,ARKM/USDT:USDT,0.5476,35.0,0.5475,369.0,0.5478,711.0,0.5479,2232.0
1753533302506,12:35:02.506,ARKM/USDT:USDT,0.5476,34.0,0.5475,369.0,0.5478,711.0,0.5479,2232.0
1753533302886,12:35:02.886,ARKM/USDT:USDT,0.5476,34.0,0.5475,369.0,0.5478,711.0,0.5479,2232.0
1753533302902,12:35:02.902,ARKM/USDT:USDT,0.5476,34.0,0.5475,369.0,0.5478,711.0,0.5479,2232.0
1753533303092,12:35:03.092,ARKM/USDT:USDT,0.5477,226.0,0.5476,110.0,0.5478,41.0,0.5479,2232.0
1753533303120,12:35:03.120,ARKM/USDT:USDT,0.5477,227.0,0.5476,110.0,0.5478,8.0,0.5479,2232.0
1753533303367,12:35:03.367,ARKM/USDT:USDT,0.5477,193.0,0.5476,110.0,0.5478,8.0,0.5479,2232.0
1753533303414,12:35:03.414,ARKM/USDT:USDT,0.5477,227.0,0.5476,110.0,0.5478,8.0,0.5479,2232.0
1753533303683,12:35:03.683,ARKM/USDT:USDT,0.5477,261.0,0.5476,110.0,0.5478,8.0,0.548,723.0
1753533303785,12:35:03.785,ARKM/USDT:USDT,0.5478,96.0,0.5477,261.0,0.5479,8.0,0.548,682.0
1753533303882,12:35:03.882,ARKM/USDT:USDT,0.5478,96.0,0.5477,261.0,0.5479,8.0,0.548,682.0
1753533303907,12:35:03.907,ARKM/USDT:USDT,0.5478,96.0,0.5477,227.0,0.5479,8.0,0.548,682.0
1753533304096,12:35:04.096,ARKM/USDT:USDT,0.5478,96.0,0.5477,227.0,0.5479,8.0,0.548,682.0
1753533304107,12:35:04.107,ARKM/USDT:USDT,0.5478,96.0,0.5477,227.0,0.5479,8.0,0.548,682.0
1753533304257,12:35:04.257,ARKM/USDT:USDT,0.5478,96.0,0.5477,227.0,0.5479,8.0,0.548,682.0
1753533305611,12:35:05.611,ARKM/USDT:USDT,0.5478,96.0,0.5477,227.0,0.5479,8.0,0.548,682.0
1753533306169,12:35:06.169,ARKM/USDT:USDT,0.5478,192.0,0.5477,261.0,0.5479,8.0,0.548,682.0
1753533306206,12:35:06.206,ARKM/USDT:USDT,0.5478,226.0,0.5477,261.0,0.5479,8.0,0.548,682.0
1753533306864,12:35:06.864,ARKM/USDT:USDT,0.5478,226.0,0.5477,261.0,0.5479,8.0,0.548,682.0
1753533306988,12:35:06.988,ARKM/USDT:USDT,0.5479,192.0,0.5478,192.0,0.5482,765.0,0.5483,2274.0
1753533307098,12:35:07.098,ARKM/USDT:USDT,0.548,6.0,0.5479,8.0,0.5481,118.0,0.5482,792.0
1753533307122,12:35:07.122,ARKM/USDT:USDT,0.5479,6.0,0.5478,277.0,0.5481,152.0,0.5482,758.0
1753533307205,12:35:07.205,ARKM/USDT:USDT,0.5479,6.0,0.5478,277.0,0.5481,151.0,0.5482,758.0
1753533307440,12:35:07.440,ARKM/USDT:USDT,0.5479,6.0,0.5478,277.0,0.5481,117.0,0.5482,724.0
1753533307512,12:35:07.512,ARKM/USDT:USDT,0.5479,6.0,0.5478,277.0,0.5481,117.0,0.5482,724.0
1753533307614,12:35:07.614,ARKM/USDT:USDT,0.5479,6.0,0.5478,277.0,0.5481,117.0,0.5482,724.0
1753533308082,12:35:08.082,ARKM/USDT:USDT,0.548,192.0,0.5479,369.0,0.5482,799.0,0.5483,2274.0
1753533308139,12:35:08.139,ARKM/USDT:USDT,0.548,200.0,0.5479,363.0,0.5482,799.0,0.5483,2274.0
1753533308361,12:35:08.361,ARKM/USDT:USDT,0.548,200.0,0.5479,363.0,0.5482,799.0,0.5483,2274.0
1753533308757,12:35:08.757,ARKM/USDT:USDT,0.548,200.0,0.5479,363.0,0.5482,833.0,0.5483,2274.0
1753533309083,12:35:09.083,ARKM/USDT:USDT,0.548,200.0,0.5479,363.0,0.5482,833.0,0.5483,2274.0
1753533309156,12:35:09.156,ARKM/USDT:USDT,0.548,200.0,0.5479,363.0,0.5482,799.0,0.5483,2274.0
1753533309398,12:35:09.398,ARKM/USDT:USDT,0.5478,181.0,0.5477,404.0,0.5482,789.0,0.5483,2274.0
1753533309423,12:35:09.423,ARKM/USDT:USDT,0.5479,102.0,0.5478,362.0,0.5481,43.0,0.5482,830.0
1753533309549,12:35:09.549,ARKM/USDT:USDT,0.5479,96.0,0.5478,362.0,0.5481,34.0,0.5482,830.0
1753533309758,12:35:09.758,ARKM/USDT:USDT,0.5479,96.0,0.5478,362.0,0.5481,68.0,0.5482,796.0
1753533309925,12:35:09.925,ARKM/USDT:USDT,0.5479,96.0,0.5478,362.0,0.5481,109.0,0.5482,796.0
1753533310499,12:35:10.499,ARKM/USDT:USDT,0.5478,362.0,0.5477,181.0,0.5481,109.0,0.5482,755.0
1753533310578,12:35:10.578,ARKM/USDT:USDT,0.5479,102.0,0.5478,362.0,0.548,9.0,0.5481,150.0
1753533310643,12:35:10.643,ARKM/USDT:USDT,0.5479,6.0,0.5478,362.0,0.548,2241.0,0.5481,150.0
1753533310769,12:35:10.769,ARKM/USDT:USDT,0.5479,6.0,0.5478,362.0,0.548,2241.0,0.5481,150.0
1753533311130,12:35:11.130,ARKM/USDT:USDT,0.5479,6.0,0.5478,362.0,0.548,2241.0,0.5481,150.0
1753533311719,12:35:11.719,ARKM/USDT:USDT,0.5479,6.0,0.5478,362.0,0.548,2241.0,0.5481,150.0
1753533311808,12:35:11.808,ARKM/USDT:USDT,0.5479,6.0,0.5478,362.0,0.548,2275.0,0.5481,150.0
1753533311988,12:35:11.988,ARKM/USDT:USDT,0.5479,6.0,0.5478,362.0,0.548,2241.0,0.5481,150.0
1753533312022,12:35:12.022,ARKM/USDT:USDT,0.5479,6.0,0.5478,362.0,0.548,2275.0,0.5481,150.0
1753533312483,12:35:12.483,ARKM/USDT:USDT,0.5479,6.0,0.5473,72.0,0.548,2309.0,0.5481,150.0
1753533312575,12:35:12.575,ARKM/USDT:USDT,0.5477,96.0,0.5476,192.0,0.5479,705.0,0.548,2316.0
1753533312682,12:35:12.682,ARKM/USDT:USDT,0.5477,96.0,0.5476,192.0,0.5479,705.0,0.548,2273.0
1753533312807,12:35:12.807,ARKM/USDT:USDT,0.5477,96.0,0.5476,192.0,0.5479,705.0,0.548,2273.0
1753533313221,12:35:13.221,ARKM/USDT:USDT,0.5477,96.0,0.5476,192.0,0.5479,705.0,0.548,2273.0
1753533314769,12:35:14.769,ARKM/USDT:USDT,0.5477,130.0,0.5476,192.0,0.5479,705.0,0.548,2273.0
1753533315042,12:35:15.042,ARKM/USDT:USDT,0.5477,96.0,0.5476,192.0,0.5479,739.0,0.548,2273.0
1753533315198,12:35:15.198,ARKM/USDT:USDT,0.5477,96.0,0.5476,192.0,0.5479,773.0,0.548,2273.0
1753533315287,12:35:15.287,ARKM/USDT:USDT,0.5475,96.0,0.5474,222.0,0.5479,845.0,0.548,2232.0
1753533315394,12:35:15.394,ARKM/USDT:USDT,0.5476,6.0,0.5475,277.0,0.5478,564.0,0.5479,2263.0
1753533315444,12:35:15.444,ARKM/USDT:USDT,0.5476,6.0,0.5475,96.0,0.5478,589.0,0.5479,2263.0
1753533315574,12:35:15.574,ARKM/USDT:USDT,0.5476,6.0,0.5475,96.0,0.5478,589.0,0.5479,2263.0
1753533315683,12:35:15.683,ARKM/USDT:USDT,0.5476,6.0,0.5475,96.0,0.5478,589.0,0.5479,2263.0
1753533315889,12:35:15.889,ARKM/USDT:USDT,0.5476,6.0,0.5475,277.0,0.5478,589.0,0.5479,2263.0
1753533316006,12:35:16.006,ARKM/USDT:USDT,0.5476,6.0,0.5475,277.0,0.5478,589.0,0.5479,2263.0
1753533316797,12:35:16.797,ARKM/USDT:USDT,0.5476,6.0,0.5475,277.0,0.5478,589.0,0.5479,2263.0
1753533317072,12:35:17.072,ARKM/USDT:USDT,0.5476,6.0,0.5475,277.0,0.5478,521.0,0.5479,2263.0
1753533318578,12:35:18.578,ARKM/USDT:USDT,0.5476,6.0,0.5475,277.0,0.5478,521.0,0.5479,2263.0
1753533318849,12:35:18.849,ARKM/USDT:USDT,0.5476,6.0,0.5475,277.0,0.5478,555.0,0.5479,2263.0
1753533319069,12:35:19.069,ARKM/USDT:USDT,0.5476,6.0,0.5475,277.0,0.5478,521.0,0.5479,2263.0
1753533319386,12:35:19.386,ARKM/USDT:USDT,0.5476,6.0,0.5475,277.0,0.5478,555.0,0.5479,2263.0
1753533319478,12:35:19.478,ARKM/USDT:USDT,0.5476,6.0,0.5475,277.0,0.5478,555.0,0.5479,2263.0
1753533320003,12:35:20.003,ARKM/USDT:USDT,0.5476,6.0,0.5475,277.0,0.5478,555.0,0.5479,2263.0
1753533320282,12:35:20.282,ARKM/USDT:USDT,0.5476,6.0,0.5475,277.0,0.5478,555.0,0.5479,2263.0
1753533320480,12:35:20.480,ARKM/USDT:USDT,0.5476,6.0,0.5475,277.0,0.5478,521.0,0.5479,2263.0
1753533321092,12:35:21.092,ARKM/USDT:USDT,0.5476,6.0,0.5475,277.0,0.5478,521.0,0.5479,2263.0
1753533321288,12:35:21.288,ARKM/USDT:USDT,0.5476,6.0,0.5475,277.0,0.5478,555.0,0.5479,2263.0
1753533321321,12:35:21.321,ARKM/USDT:USDT,0.5476,6.0,0.5475,277.0,0.5478,521.0,0.5479,2263.0
1753533322432,12:35:22.432,ARKM/USDT:USDT,0.5476,6.0,0.5475,277.0,0.5478,521.0,0.5479,2263.0
1753533323338,12:35:23.338,ARKM/USDT:USDT,0.5476,6.0,0.5475,277.0,0.5478,589.0,0.5479,2263.0
1753533324380,12:35:24.380,ARKM/USDT:USDT,0.5476,6.0,0.5475,277.0,0.5478,555.0,0.5479,2263.0
1753533325368,12:35:25.368,ARKM/USDT:USDT,0.5476,6.0,0.5475,277.0,0.5478,555.0,0.5479,2263.0
1753533326064,12:35:26.064,ARKM/USDT:USDT,0.5476,6.0,0.5475,277.0,0.5478,555.0,0.5479,2263.0
1753533326370,12:35:26.370,ARKM/USDT:USDT,0.5476,6.0,0.5475,277.0,0.5478,521.0,0.5479,2263.0
1753533326862,12:35:26.862,ARKM/USDT:USDT,0.5476,6.0,0.5475,277.0,0.5478,555.0,0.5479,2263.0
1753533327130,12:35:27.130,ARKM/USDT:USDT,0.5476,6.0,0.5475,277.0,0.5478,589.0,0.5479,2263.0
1753533329843,12:35:29.843,ARKM/USDT:USDT,0.5476,6.0,0.5475,277.0,0.5478,589.0,0.5479,2263.0
1753533331181,12:35:31.181,ARKM/USDT:USDT,0.5476,6.0,0.5475,277.0,0.5478,521.0,0.5479,2263.0
1753533331202,12:35:31.202,ARKM/USDT:USDT,0.5476,40.0,0.5475,277.0,0.5478,521.0,0.5479,2263.0
1753533331363,12:35:31.363,ARKM/USDT:USDT,0.5475,345.0,0.5474,403.0,0.5478,521.0,0.5479,2263.0
1753533331484,12:35:31.484,ARKM/USDT:USDT,0.5476,198.0,0.5475,345.0,0.5477,9.0,0.5478,521.0
1753533331736,12:35:31.736,ARKM/USDT:USDT,0.5476,198.0,0.5475,345.0,0.5477,9.0,0.5478,521.0
1753533332033,12:35:32.033,ARKM/USDT:USDT,0.5476,232.0,0.5475,345.0,0.5477,9.0,0.5478,521.0
1753533332432,12:35:32.432,ARKM/USDT:USDT,0.5476,198.0,0.5475,345.0,0.5477,9.0,0.5478,521.0
1753533332556,12:35:32.556,ARKM/USDT:USDT,0.5476,232.0,0.5475,345.0,0.5477,9.0,0.5478,521.0
1753533332678,12:35:32.678,ARKM/USDT:USDT,0.5476,307.0,0.5475,345.0,0.5477,9.0,0.5478,521.0
1753533332785,12:35:32.785,ARKM/USDT:USDT,0.5476,307.0,0.5475,345.0,0.5477,9.0,0.5479,2273.0
1753533332890,12:35:32.890,ARKM/USDT:USDT,0.5477,192.0,0.5476,307.0,0.5478,9.0,0.5479,2232.0
1753533332975,12:35:32.975,ARKM/USDT:USDT,0.5477,226.0,0.5476,307.0,0.5478,9.0,0.5479,2232.0
1753533333267,12:35:33.267,ARKM/USDT:USDT,0.5477,192.0,0.5476,273.0,0.5478,9.0,0.5479,2232.0
1753533333322,12:35:33.322,ARKM/USDT:USDT,0.5477,192.0,0.5476,307.0,0.5478,9.0,0.5479,2232.0
1753533333930,12:35:33.930,ARKM/USDT:USDT,0.5477,192.0,0.5476,307.0,0.5478,9.0,0.5479,2232.0
1753533334194,12:35:34.194,ARKM/USDT:USDT,0.5477,192.0,0.5476,307.0,0.5478,9.0,0.5479,2232.0
1753533334271,12:35:34.271,ARKM/USDT:USDT,0.5477,192.0,0.5476,307.0,0.5478,9.0,0.5479,2232.0
1753533334422,12:35:34.422,ARKM/USDT:USDT,0.5477,192.0,0.5476,307.0,0.5478,9.0,0.5479,695.0
1753533335121,12:35:35.121,ARKM/USDT:USDT,0.5477,226.0,0.5476,307.0,0.5478,9.0,0.5479,695.0
1753533335286,12:35:35.286,ARKM/USDT:USDT,0.5477,192.0,0.5476,307.0,0.5478,9.0,0.5479,695.0
1753533335495,12:35:35.495,ARKM/USDT:USDT,0.5477,192.0,0.5476,307.0,0.5478,9.0,0.5479,695.0
1753533336103,12:35:36.103,ARKM/USDT:USDT,0.5477,192.0,0.5476,273.0,0.5478,9.0,0.5479,695.0
1753533336466,12:35:36.466,ARKM/USDT:USDT,0.5477,226.0,0.5476,239.0,0.5478,9.0,0.5479,695.0
1753533336686,12:35:36.686,ARKM/USDT:USDT,0.5477,192.0,0.5476,239.0,0.5478,9.0,0.5479,695.0
1753533338298,12:35:38.298,ARKM/USDT:USDT,0.5477,226.0,0.5476,239.0,0.5478,9.0,0.5479,695.0
1753533338323,12:35:38.323,ARKM/USDT:USDT,0.5477,301.0,0.5476,239.0,0.5478,9.0,0.5479,695.0
1753533338496,12:35:38.496,ARKM/USDT:USDT,0.5477,267.0,0.5476,273.0,0.5478,9.0,0.548,2273.0
1753533338593,12:35:38.593,ARKM/USDT:USDT,0.5478,192.0,0.5477,233.0,0.5479,9.0,0.548,2232.0
1753533338653,12:35:38.653,ARKM/USDT:USDT,0.5478,198.0,0.5477,233.0,0.5479,9.0,0.548,682.0
1753533338979,12:35:38.979,ARKM/USDT:USDT,0.5478,232.0,0.5477,233.0,0.5479,9.0,0.548,682.0
1753533339008,12:35:39.008,ARKM/USDT:USDT,0.5478,232.0,0.5477,233.0,0.5479,9.0,0.548,682.0
1753533339103,12:35:39.103,ARKM/USDT:USDT,0.5478,232.0,0.5477,267.0,0.5479,9.0,0.548,682.0
1753533339490,12:35:39.490,ARKM/USDT:USDT,0.5478,198.0,0.5477,301.0,0.5479,9.0,0.548,682.0
1753533339584,12:35:39.584,ARKM/USDT:USDT,0.5478,198.0,0.5477,267.0,0.5479,9.0,0.548,682.0
1753533339871,12:35:39.871,ARKM/USDT:USDT,0.5478,198.0,0.5477,267.0,0.5479,9.0,0.548,682.0
1753533340058,12:35:40.058,ARKM/USDT:USDT,0.5478,198.0,0.5477,301.0,0.5479,9.0,0.548,682.0
1753533340184,12:35:40.184,ARKM/USDT:USDT,0.5478,232.0,0.5477,267.0,0.5479,9.0,0.548,682.0
1753533340216,12:35:40.216,ARKM/USDT:USDT,0.5478,198.0,0.5477,267.0,0.5479,9.0,0.548,682.0
1753533340524,12:35:40.524,ARKM/USDT:USDT,0.5478,198.0,0.5477,267.0,0.5479,9.0,0.548,682.0
1753533340795,12:35:40.795,ARKM/USDT:USDT,0.5478,232.0,0.5477,267.0,0.5479,9.0,0.548,682.0
1753533340876,12:35:40.876,ARKM/USDT:USDT,0.5478,266.0,0.5477,267.0,0.5479,9.0,0.5481,2273.0
1753533340971,12:35:40.971,ARKM/USDT:USDT,0.5479,192.0,0.5478,232.0,0.548,9.0,0.5481,2232.0
1753533341092,12:35:41.092,ARKM/USDT:USDT,0.5479,192.0,0.5478,232.0,0.548,9.0,0.5481,2232.0
1753533341623,12:35:41.623,ARKM/USDT:USDT,0.5479,192.0,0.5478,232.0,0.548,9.0,0.5481,2232.0
1753533341804,12:35:41.804,ARKM/USDT:USDT,0.5479,192.0,0.5478,232.0,0.548,9.0,0.5481,2232.0
1753533341906,12:35:41.906,ARKM/USDT:USDT,0.5479,192.0,0.5478,232.0,0.548,9.0,0.5481,2232.0
1753533342042,12:35:42.042,ARKM/USDT:USDT,0.5479,192.0,0.5478,232.0,0.548,9.0,0.5481,2232.0
1753533343097,12:35:43.097,ARKM/USDT:USDT,0.5479,192.0,0.5478,232.0,0.548,9.0,0.5481,2232.0
1753533343197,12:35:43.197,ARKM/USDT:USDT,0.5479,226.0,0.5478,198.0,0.548,9.0,0.5481,2232.0
1753533343499,12:35:43.499,ARKM/USDT:USDT,0.5479,192.0,0.5478,198.0,0.548,9.0,0.5481,2232.0
1753533343878,12:35:43.878,ARKM/USDT:USDT,0.5479,226.0,0.5478,198.0,0.548,9.0,0.5481,2232.0
1753533344379,12:35:44.379,ARKM/USDT:USDT,0.5479,192.0,0.5478,198.0,0.548,9.0,0.5481,2232.0
1753533344683,12:35:44.683,ARKM/USDT:USDT,0.5479,192.0,0.5478,198.0,0.548,9.0,0.5481,2232.0
1753533344713,12:35:44.713,ARKM/USDT:USDT,0.5479,192.0,0.5478,198.0,0.548,9.0,0.5481,2232.0
1753533344839,12:35:44.839,ARKM/USDT:USDT,0.5479,226.0,0.5478,198.0,0.548,9.0,0.5481,2232.0
1753533344959,12:35:44.959,ARKM/USDT:USDT,0.5479,226.0,0.5478,198.0,0.548,9.0,0.5481,2232.0
1753533345394,12:35:45.394,ARKM/USDT:USDT,0.5479,226.0,0.5478,198.0,0.548,9.0,0.5481,2232.0
1753533345779,12:35:45.779,ARKM/USDT:USDT,0.5479,192.0,0.5478,198.0,0.548,9.0,0.5481,2232.0
1753533346094,12:35:46.094,ARKM/USDT:USDT,0.5479,192.0,0.5478,198.0,0.548,9.0,0.5481,2232.0
1753533346363,12:35:46.363,ARKM/USDT:USDT,0.5479,192.0,0.5478,198.0,0.548,9.0,0.5481,694.0
1753533346490,12:35:46.490,ARKM/USDT:USDT,0.5478,102.0,0.5477,403.0,0.548,77.0,0.5481,735.0
1753533346518,12:35:46.518,ARKM/USDT:USDT,0.5478,96.0,0.5477,403.0,0.548,34.0,0.5481,735.0
1753533346755,12:35:46.755,ARKM/USDT:USDT,0.5478,96.0,0.5477,403.0,0.548,34.0,0.5481,735.0
1753533346889,12:35:46.889,ARKM/USDT:USDT,0.5478,96.0,0.5477,403.0,0.548,34.0,0.5481,776.0
1753533346970,12:35:46.970,ARKM/USDT:USDT,0.5479,192.0,0.5478,277.0,0.5481,803.0,0.5482,2314.0
1753533347022,12:35:47.022,ARKM/USDT:USDT,0.5479,192.0,0.5478,277.0,0.5481,803.0,0.5482,2314.0
1753533347171,12:35:47.171,ARKM/USDT:USDT,0.5479,192.0,0.5478,277.0,0.5481,803.0,0.5482,2314.0
1753533347525,12:35:47.525,ARKM/USDT:USDT,0.5479,192.0,0.5478,277.0,0.5481,803.0,0.5482,2314.0
1753533347985,12:35:47.985,ARKM/USDT:USDT,0.5479,192.0,0.5478,277.0,0.5481,803.0,0.5482,2314.0
1753533348023,12:35:48.023,ARKM/USDT:USDT,0.5479,192.0,0.5478,277.0,0.5481,803.0,0.5482,2314.0
1753533348287,12:35:48.287,ARKM/USDT:USDT,0.5478,277.0,0.5477,402.0,0.5481,844.0,0.5482,2273.0
1753533348372,12:35:48.372,ARKM/USDT:USDT,0.5479,198.0,0.5478,277.0,0.548,9.0,0.5481,810.0
1753533348463,12:35:48.463,ARKM/USDT:USDT,0.5479,232.0,0.5478,277.0,0.548,9.0,0.5481,776.0
1753533348963,12:35:48.963,ARKM/USDT:USDT,0.5479,198.0,0.5478,277.0,0.548,9.0,0.5481,776.0
1753533350594,12:35:50.594,ARKM/USDT:USDT,0.5479,232.0,0.5478,277.0,0.548,9.0,0.5481,41.0
1753533350623,12:35:50.623,ARKM/USDT:USDT,0.5479,232.0,0.5478,311.0,0.548,9.0,0.5482,2273.0
1753533350794,12:35:50.794,ARKM/USDT:USDT,0.548,192.0,0.5479,232.0,0.5481,9.0,0.5482,2232.0
1753533350846,12:35:50.846,ARKM/USDT:USDT,0.548,192.0,0.5479,232.0,0.5481,9.0,0.5482,2232.0
1753533350963,12:35:50.963,ARKM/USDT:USDT,0.548,192.0,0.5479,232.0,0.5481,9.0,0.5482,2232.0
1753533351773,12:35:51.773,ARKM/USDT:USDT,0.548,192.0,0.5479,232.0,0.5481,9.0,0.5482,2232.0
1753533352037,12:35:52.037,ARKM/USDT:USDT,0.548,192.0,0.5479,232.0,0.5481,9.0,0.5482,2232.0
1753533352364,12:35:52.364,ARKM/USDT:USDT,0.548,226.0,0.5479,274.0,0.5481,9.0,0.5482,695.0
1753533352434,12:35:52.434,ARKM/USDT:USDT,0.548,226.0,0.5479,274.0,0.5481,9.0,0.5483,2315.0
1753533352580,12:35:52.580,ARKM/USDT:USDT,0.5481,192.0,0.548,226.0,0.5482,9.0,0.5483,2232.0
1753533352648,12:35:52.648,ARKM/USDT:USDT,0.5481,198.0,0.548,226.0,0.5482,9.0,0.5483,2232.0
1753533352705,12:35:52.705,ARKM/USDT:USDT,0.5481,198.0,0.548,226.0,0.5482,9.0,0.5483,2232.0
1753533352855,12:35:52.855,ARKM/USDT:USDT,0.5481,198.0,0.548,226.0,0.5482,9.0,0.5483,2232.0
1753533353194,12:35:53.194,ARKM/USDT:USDT,0.5481,198.0,0.548,226.0,0.5482,9.0,0.5483,2232.0
1753533353274,12:35:53.274,ARKM/USDT:USDT,0.5481,198.0,0.548,226.0,0.5482,9.0,0.5483,2232.0
1753533353353,12:35:53.353,ARKM/USDT:USDT,0.5481,198.0,0.548,192.0,0.5482,9.0,0.5483,2232.0
1753533354624,12:35:54.624,ARKM/USDT:USDT,0.5481,198.0,0.548,192.0,0.5482,9.0,0.5483,2232.0
1753533355093,12:35:55.093,ARKM/USDT:USDT,0.5481,6.0,0.548,96.0,0.5482,77.0,0.5483,2307.0
1753533355189,12:35:55.189,ARKM/USDT:USDT,0.5481,6.0,0.548,277.0,0.5482,43.0,0.5483,2307.0
1753533355254,12:35:55.254,ARKM/USDT:USDT,0.5481,6.0,0.548,277.0,0.5482,77.0,0.5483,2307.0
1753533355571,12:35:55.571,ARKM/USDT:USDT,0.5481,6.0,0.548,277.0,0.5482,43.0,0.5483,2307.0
1753533357108,12:35:57.108,ARKM/USDT:USDT,0.5481,6.0,0.548,277.0,0.5482,43.0,0.5483,2307.0
1753533357930,12:35:57.930,ARKM/USDT:USDT,0.5481,6.0,0.548,277.0,0.5482,9.0,0.5483,2307.0
1753533358343,12:35:58.343,ARKM/USDT:USDT,0.5481,6.0,0.548,277.0,0.5482,9.0,0.5483,2273.0
1753533360151,12:36:00.151,ARKM/USDT:USDT,0.5481,6.0,0.548,277.0,0.5482,77.0,0.5483,2273.0
1753533360483,12:36:00.483,ARKM/USDT:USDT,0.5481,6.0,0.548,277.0,0.5482,77.0,0.5483,2273.0
1753533360830,12:36:00.830,ARKM/USDT:USDT,0.5481,6.0,0.548,277.0,0.5482,9.0,0.5483,2273.0
1753533360994,12:36:00.994,ARKM/USDT:USDT,0.5481,6.0,0.548,277.0,0.5482,9.0,0.5483,2273.0
1753533361534,12:36:01.534,ARKM/USDT:USDT,0.5481,6.0,0.548,277.0,0.5482,9.0,0.5483,2273.0
1753533361785,12:36:01.785,ARKM/USDT:USDT,0.5481,102.0,0.548,277.0,0.5482,9.0,0.5483,2232.0
1753533361823,12:36:01.823,ARKM/USDT:USDT,0.5481,136.0,0.548,277.0,0.5482,9.0,0.5483,2232.0
1753533362076,12:36:02.076,ARKM/USDT:USDT,0.5481,102.0,0.548,277.0,0.5482,9.0,0.5483,2232.0
1753533363746,12:36:03.746,ARKM/USDT:USDT,0.5481,136.0,0.548,277.0,0.5482,9.0,0.5483,2232.0
1753533364062,12:36:04.062,ARKM/USDT:USDT,0.5481,102.0,0.548,277.0,0.5482,9.0,0.5483,2232.0
1753533364104,12:36:04.104,ARKM/USDT:USDT,0.5481,136.0,0.548,277.0,0.5482,9.0,0.5483,2232.0
1753533364335,12:36:04.335,ARKM/USDT:USDT,0.5481,136.0,0.548,277.0,0.5482,9.0,0.5483,2232.0
1753533365177,12:36:05.177,ARKM/USDT:USDT,0.5481,136.0,0.548,277.0,0.5482,9.0,0.5483,2232.0
1753533365383,12:36:05.383,ARKM/USDT:USDT,0.5481,136.0,0.548,277.0,0.5482,9.0,0.5483,695.0
1753533365516,12:36:05.516,ARKM/USDT:USDT,0.5481,170.0,0.548,277.0,0.5482,9.0,0.5483,695.0
1753533365980,12:36:05.980,ARKM/USDT:USDT,0.5481,136.0,0.548,277.0,0.5482,9.0,0.5483,695.0
1753533366627,12:36:06.627,ARKM/USDT:USDT,0.5481,102.0,0.548,277.0,0.5482,9.0,0.5483,695.0
1753533367328,12:36:07.328,ARKM/USDT:USDT,0.5481,136.0,0.548,277.0,0.5482,9.0,0.5483,695.0
1753533368080,12:36:08.080,ARKM/USDT:USDT,0.5481,102.0,0.548,277.0,0.5482,9.0,0.5483,695.0
1753533368117,12:36:08.117,ARKM/USDT:USDT,0.5481,136.0,0.548,277.0,0.5482,9.0,0.5484,2315.0
1753533368270,12:36:08.270,ARKM/USDT:USDT,0.5482,96.0,0.5481,102.0,0.5483,9.0,0.5484,2232.0
1753533368378,12:36:08.378,ARKM/USDT:USDT,0.5482,96.0,0.5481,282.0,0.5483,9.0,0.5484,2232.0
1753533368431,12:36:08.431,ARKM/USDT:USDT,0.5482,96.0,0.5481,282.0,0.5483,9.0,0.5484,2232.0
1753533368572,12:36:08.572,ARKM/USDT:USDT,0.5482,96.0,0.5481,282.0,0.5483,9.0,0.5484,2232.0
1753533369093,12:36:09.093,ARKM/USDT:USDT,0.5482,130.0,0.5481,282.0,0.5483,9.0,0.5484,695.0
1753533369134,12:36:09.134,ARKM/USDT:USDT,0.5482,96.0,0.5481,282.0,0.5483,9.0,0.5484,695.0
1753533369423,12:36:09.423,ARKM/USDT:USDT,0.5482,96.0,0.5481,282.0,0.5483,9.0,0.5484,695.0
1753533370039,12:36:10.039,ARKM/USDT:USDT,0.5482,96.0,0.5481,282.0,0.5483,9.0,0.5484,695.0
1753533370289,12:36:10.289,ARKM/USDT:USDT,0.5482,96.0,0.5481,282.0,0.5483,9.0,0.5484,695.0
1753533370476,12:36:10.476,ARKM/USDT:USDT,0.5482,96.0,0.5481,282.0,0.5483,9.0,0.5484,695.0
1753533371561,12:36:11.561,ARKM/USDT:USDT,0.5482,96.0,0.5481,282.0,0.5483,9.0,0.5484,695.0
1753533375643,12:36:15.643,ARKM/USDT:USDT,0.5482,260.0,0.5481,323.0,0.5483,9.0,0.5485,723.0
1753533375792,12:36:15.792,ARKM/USDT:USDT,0.5483,192.0,0.5482,226.0,0.5484,9.0,0.5485,723.0
1753533375880,12:36:15.880,ARKM/USDT:USDT,0.5483,232.0,0.5482,192.0,0.5484,9.0,0.5485,682.0
1753533375984,12:36:15.984,ARKM/USDT:USDT,0.5483,232.0,0.5482,192.0,0.5484,9.0,0.5485,682.0
1753533376088,12:36:16.088,ARKM/USDT:USDT,0.5483,232.0,0.5482,192.0,0.5484,9.0,0.5485,682.0
1753533376270,12:36:16.270,ARKM/USDT:USDT,0.5483,198.0,0.5482,192.0,0.5484,9.0,0.5485,682.0
1753533376554,12:36:16.554,ARKM/USDT:USDT,0.5483,232.0,0.5482,192.0,0.5484,9.0,0.5485,682.0
1753533376961,12:36:16.961,ARKM/USDT:USDT,0.5483,198.0,0.5482,192.0,0.5484,9.0,0.5485,682.0
1753533377086,12:36:17.086,ARKM/USDT:USDT,0.5483,198.0,0.5482,192.0,0.5484,9.0,0.5485,682.0
1753533377461,12:36:17.461,ARKM/USDT:USDT,0.5483,198.0,0.5482,192.0,0.5484,9.0,0.5485,682.0
1753533377632,12:36:17.632,ARKM/USDT:USDT,0.5483,198.0,0.5482,192.0,0.5484,9.0,0.5485,682.0
1753533378132,12:36:18.132,ARKM/USDT:USDT,0.5483,198.0,0.5482,192.0,0.5484,9.0,0.5485,682.0
1753533378501,12:36:18.501,ARKM/USDT:USDT,0.5483,232.0,0.5482,192.0,0.5484,9.0,0.5485,682.0
1753533379299,12:36:19.299,ARKM/USDT:USDT,0.5483,232.0,0.5482,192.0,0.5484,9.0,0.5485,682.0
1753533379394,12:36:19.394,ARKM/USDT:USDT,0.5483,266.0,0.5482,192.0,0.5484,9.0,0.5485,682.0
1753533379418,12:36:19.418,ARKM/USDT:USDT,0.5483,266.0,0.5482,192.0,0.5484,9.0,0.5486,2273.0
1753533379582,12:36:19.582,ARKM/USDT:USDT,0.5484,96.0,0.5483,198.0,0.5485,9.0,0.5486,695.0
1753533379637,12:36:19.637,ARKM/USDT:USDT,0.5484,96.0,0.5483,198.0,0.5485,9.0,0.5486,695.0
1753533379914,12:36:19.914,ARKM/USDT:USDT,0.5484,96.0,0.5483,198.0,0.5485,9.0,0.5486,695.0
1753533380286,12:36:20.286,ARKM/USDT:USDT,0.5484,96.0,0.5483,198.0,0.5485,9.0,0.5486,729.0
1753533380357,12:36:20.357,ARKM/USDT:USDT,0.5484,96.0,0.5483,198.0,0.5485,9.0,0.5486,729.0
1753533380540,12:36:20.540,ARKM/USDT:USDT,0.5484,96.0,0.5483,198.0,0.5485,9.0,0.5486,695.0
1753533380728,12:36:20.728,ARKM/USDT:USDT,0.5484,96.0,0.5483,198.0,0.5485,9.0,0.5486,695.0
1753533381126,12:36:21.126,ARKM/USDT:USDT,0.5484,96.0,0.5483,198.0,0.5485,9.0,0.5486,695.0
1753533382030,12:36:22.030,ARKM/USDT:USDT,0.5484,130.0,0.5483,198.0,0.5485,9.0,0.5486,695.0
1753533382322,12:36:22.322,ARKM/USDT:USDT,0.5484,96.0,0.5483,198.0,0.5485,9.0,0.5486,695.0
1753533382469,12:36:22.469,ARKM/USDT:USDT,0.5484,130.0,0.5483,198.0,0.5485,9.0,0.5486,695.0
1753533382593,12:36:22.593,ARKM/USDT:USDT,0.5484,96.0,0.5483,198.0,0.5485,9.0,0.5486,695.0
1753533382943,12:36:22.943,ARKM/USDT:USDT,0.5484,130.0,0.5483,198.0,0.5485,9.0,0.5486,695.0
1753533383258,12:36:23.258,ARKM/USDT:USDT,0.5484,130.0,0.5483,198.0,0.5485,9.0,0.5486,695.0
