timestamp,time,symbol,bid1_price,bid1_volume,bid2_price,bid2_volume,ask1_price,ask1_volume,ask2_price,ask2_volume
1753533030000,12:30:30.000,BTC/USD:BTC,117867.6,2521.0,117860.8,2500.0,117908.0,2521.0,117914.4,2500.0
1753533031214,12:30:31.214,BTC/USD:BTC,117867.6,2521.0,117860.8,2500.0,117908.0,2521.0,117914.4,2500.0
1753533036540,12:30:36.540,BTC/USD:BTC,117867.6,2521.0,117860.8,2500.0,117908.0,2521.0,117914.4,2500.0
1753533037386,12:30:37.386,BTC/USD:BTC,117867.6,2521.0,117860.8,2500.0,117908.0,2521.0,117914.4,2500.0
1753533037575,12:30:37.575,BTC/USD:BTC,117867.6,2521.0,117860.8,2500.0,117908.0,2521.0,117914.4,2500.0
1753533038995,12:30:38.995,BTC/USD:BTC,117867.6,2521.0,117860.8,2500.0,117908.0,2521.0,117914.4,2500.0
1753533040346,12:30:40.346,BTC/USD:BTC,117867.6,2521.0,117860.8,2500.0,117908.0,2521.0,117914.4,2500.0
1753533040423,12:30:40.423,BTC/USD:BTC,117867.6,2521.0,117860.8,2500.0,117908.0,2521.0,117914.4,2500.0
1753533040594,12:30:40.594,BTC/USD:BTC,117867.6,2521.0,117860.8,2500.0,117908.0,2521.0,117914.4,2500.0
1753533041374,12:30:41.374,BTC/USD:BTC,117867.6,2521.0,117860.8,2500.0,117908.0,2521.0,117914.4,2500.0
1753533041597,12:30:41.597,BTC/USD:BTC,117867.6,2521.0,117860.8,2500.0,117908.0,2521.0,117914.4,2500.0
1753533041670,12:30:41.670,BTC/USD:BTC,117867.6,2521.0,117860.8,2500.0,117908.0,2521.0,117914.4,2500.0
1753533044482,12:30:44.482,BTC/USD:BTC,117867.6,2521.0,117860.8,2500.0,117908.0,2521.0,117914.4,2500.0
1753533045082,12:30:45.082,BTC/USD:BTC,117867.6,2521.0,117860.8,2500.0,117908.0,2521.0,117914.4,2500.0
1753533045169,12:30:45.169,BTC/USD:BTC,117867.6,2521.0,117860.8,2500.0,117908.0,2521.0,117914.4,2500.0
1753533045245,12:30:45.245,BTC/USD:BTC,117867.6,2521.0,117860.8,2500.0,117908.0,2521.0,117914.4,2500.0
1753533045532,12:30:45.532,BTC/USD:BTC,117867.6,2521.0,117860.8,2500.0,117908.0,2521.0,117914.4,2500.0
1753533045679,12:30:45.679,BTC/USD:BTC,117867.6,2521.0,117855.9,2690.0,117908.0,2521.0,117914.4,2500.0
1753533048064,12:30:48.064,BTC/USD:BTC,117867.6,2521.0,117855.9,2690.0,117908.0,2521.0,117914.4,2500.0
1753533048139,12:30:48.139,BTC/USD:BTC,117867.6,2521.0,117855.9,2690.0,117908.0,2521.0,117914.4,2500.0
1753533048216,12:30:48.216,BTC/USD:BTC,117867.6,2521.0,117855.9,2690.0,117908.0,2521.0,117914.4,2500.0
1753533048387,12:30:48.387,BTC/USD:BTC,117867.6,2521.0,117855.9,2690.0,117908.0,2521.0,117914.4,2500.0
1753533048671,12:30:48.671,BTC/USD:BTC,117867.6,2521.0,117855.9,2690.0,117908.0,2521.0,117914.4,2500.0
1753533048745,12:30:48.745,BTC/USD:BTC,117867.6,2521.0,117855.9,2690.0,117908.0,2521.0,117914.4,2500.0
1753533048819,12:30:48.819,BTC/USD:BTC,117867.6,2521.0,117855.9,2690.0,117908.0,2521.0,117914.4,2500.0
1753533049756,12:30:49.756,BTC/USD:BTC,117861.7,2556.0,117831.2,2484.0,117908.0,2521.0,117914.4,2500.0
1753533049908,12:30:49.908,BTC/USD:BTC,117831.2,2484.0,117828.6,15300.0,117908.0,2521.0,117914.4,2500.0
1753533054333,12:30:54.333,BTC/USD:BTC,117831.2,2484.0,117828.6,15300.0,117908.0,2521.0,117914.4,2500.0
1753533056882,12:30:56.882,BTC/USD:BTC,117831.2,2484.0,117828.6,15300.0,117908.0,2521.0,117914.4,2500.0
1753533056982,12:30:56.982,BTC/USD:BTC,117831.2,2484.0,117828.6,15300.0,117908.0,2521.0,117914.4,2500.0
1753533057076,12:30:57.076,BTC/USD:BTC,117831.2,2484.0,117828.6,15300.0,117908.0,2521.0,117914.4,2500.0
1753533059743,12:30:59.743,BTC/USD:BTC,117831.2,2484.0,117828.6,15300.0,117908.0,2521.0,117914.4,2500.0
1753533060009,12:31:00.009,BTC/USD:BTC,117831.2,2484.0,117828.6,15300.0,117908.0,2521.0,117914.4,2500.0
1753533060192,12:31:00.192,BTC/USD:BTC,117831.2,2484.0,117828.6,15300.0,117908.0,2521.0,117914.4,2500.0
1753533060271,12:31:00.271,BTC/USD:BTC,117831.2,2484.0,117828.6,15300.0,117908.0,2521.0,117914.4,2500.0
1753533060675,12:31:00.675,BTC/USD:BTC,117831.2,2484.0,117828.6,15300.0,117908.0,2521.0,117914.4,2500.0
1753533060755,12:31:00.755,BTC/USD:BTC,117831.2,2484.0,117828.6,15300.0,117908.0,2521.0,117914.4,2500.0
1753533064050,12:31:04.050,BTC/USD:BTC,117831.2,2484.0,117828.6,15300.0,117908.0,2521.0,117914.4,2500.0
1753533064500,12:31:04.500,BTC/USD:BTC,117837.0,4960.0,117831.3,2500.0,117908.0,2521.0,117914.4,2500.0
1753533064534,12:31:04.534,BTC/USD:BTC,117842.8,2460.0,117837.0,2460.0,117908.0,2521.0,117914.4,2500.0
1753533064664,12:31:04.664,BTC/USD:BTC,117837.0,2460.0,117831.3,2500.0,117908.0,2521.0,117914.4,2500.0
1753533065491,12:31:05.491,BTC/USD:BTC,117837.0,2460.0,117831.3,2500.0,117908.0,2521.0,117914.4,2500.0
1753533066387,12:31:06.387,BTC/USD:BTC,117837.0,2460.0,117831.3,2500.0,117908.0,2521.0,117914.4,2500.0
1753533066533,12:31:06.533,BTC/USD:BTC,117837.0,2460.0,117831.3,2500.0,117908.0,2521.0,117914.4,2500.0
1753533066618,12:31:06.618,BTC/USD:BTC,117837.0,2460.0,117831.3,2500.0,117908.0,2521.0,117914.4,2500.0
1753533067240,12:31:07.240,BTC/USD:BTC,117837.0,2460.0,117831.3,2500.0,117908.0,2521.0,117914.4,2500.0
1753533067389,12:31:07.389,BTC/USD:BTC,117837.0,2460.0,117831.3,2500.0,117908.0,2521.0,117914.4,2500.0
1753533067466,12:31:07.466,BTC/USD:BTC,117837.0,2460.0,117831.3,2500.0,117908.0,2521.0,117914.4,2500.0
1753533067847,12:31:07.847,BTC/USD:BTC,117837.0,2460.0,117831.3,2500.0,117908.0,2521.0,117914.4,2500.0
1753533068490,12:31:08.490,BTC/USD:BTC,117837.0,2460.0,117831.3,2500.0,117890.5,2460.0,117896.3,4960.0
1753533068505,12:31:08.505,BTC/USD:BTC,117837.0,2460.0,117831.3,2500.0,117890.5,2460.0,117896.3,2460.0
1753533068643,12:31:08.643,BTC/USD:BTC,117837.0,2460.0,117831.3,2500.0,117896.3,2460.0,117902.0,2500.0
1753533068749,12:31:08.749,BTC/USD:BTC,117837.0,2460.0,117831.3,2500.0,117896.3,2460.0,117902.0,2500.0
1753533069366,12:31:09.366,BTC/USD:BTC,117837.0,2460.0,117831.3,2500.0,117896.3,2460.0,117902.0,2500.0
1753533070323,12:31:10.323,BTC/USD:BTC,117837.0,2460.0,117831.3,2500.0,117896.3,2460.0,117902.0,2500.0
1753533070427,12:31:10.427,BTC/USD:BTC,117837.0,2460.0,117831.3,2500.0,117896.3,2460.0,117902.0,2500.0
1753533070603,12:31:10.603,BTC/USD:BTC,117837.0,2460.0,117831.3,2500.0,117896.3,2460.0,117902.0,2500.0
1753533070870,12:31:10.870,BTC/USD:BTC,117837.0,2460.0,117831.3,2500.0,117896.3,2460.0,117902.0,2500.0
1753533071389,12:31:11.389,BTC/USD:BTC,117837.0,2460.0,117831.3,2500.0,117896.3,2460.0,117902.0,2500.0
1753533072942,12:31:12.942,BTC/USD:BTC,117837.0,2460.0,117831.3,2500.0,117896.3,2460.0,117902.0,2500.0
1753533073029,12:31:13.029,BTC/USD:BTC,117837.0,2460.0,117831.3,2500.0,117896.3,2460.0,117902.0,2500.0
1753533073110,12:31:13.110,BTC/USD:BTC,117837.0,2460.0,117831.3,2500.0,117896.3,2460.0,117902.0,2500.0
1753533073366,12:31:13.366,BTC/USD:BTC,117837.0,2460.0,117831.3,2500.0,117896.3,2460.0,117902.0,2500.0
1753533073786,12:31:13.786,BTC/USD:BTC,117837.0,2460.0,117831.3,2500.0,117896.3,2460.0,117902.0,2500.0
1753533074495,12:31:14.495,BTC/USD:BTC,117837.0,2460.0,117831.3,2500.0,117896.3,2460.0,117902.0,2500.0
1753533074573,12:31:14.573,BTC/USD:BTC,117837.0,2460.0,117831.3,2500.0,117896.3,2460.0,117902.0,2500.0
1753533074639,12:31:14.639,BTC/USD:BTC,117837.0,2460.0,117831.3,2500.0,117896.3,2460.0,117902.0,2500.0
1753533075189,12:31:15.189,BTC/USD:BTC,117837.0,2460.0,117831.3,2500.0,117896.3,2460.0,117902.0,2500.0
1753533075344,12:31:15.344,BTC/USD:BTC,117837.0,2460.0,117831.3,2500.0,117896.3,2460.0,117902.0,2500.0
1753533075882,12:31:15.882,BTC/USD:BTC,117837.0,2460.0,117831.3,2500.0,117896.3,2460.0,117902.0,2500.0
1753533075958,12:31:15.958,BTC/USD:BTC,117837.0,2460.0,117831.3,2500.0,117896.3,2460.0,117902.0,2500.0
1753533076052,12:31:16.052,BTC/USD:BTC,117837.0,2460.0,117831.3,2500.0,117896.3,2460.0,117902.0,2500.0
1753533076499,12:31:16.499,BTC/USD:BTC,117837.0,2460.0,117831.3,2500.0,117896.3,2460.0,117902.0,2500.0
1753533076585,12:31:16.585,BTC/USD:BTC,117837.0,2460.0,117831.3,2500.0,117896.3,2460.0,117902.0,2500.0
1753533077329,12:31:17.329,BTC/USD:BTC,117837.0,2460.0,117831.3,2500.0,117896.3,2460.0,117902.0,2500.0
1753533078327,12:31:18.327,BTC/USD:BTC,117837.0,2460.0,117831.3,2500.0,117932.2,2548.0,117940.1,140204.0
1753533080199,12:31:20.199,BTC/USD:BTC,117837.0,2460.0,117831.3,2500.0,117932.2,2548.0,117940.1,140204.0
1753533081309,12:31:21.309,BTC/USD:BTC,117837.0,2460.0,117831.3,2500.0,117932.2,2548.0,117940.1,140204.0
1753533081744,12:31:21.744,BTC/USD:BTC,117837.0,2460.0,117831.3,2500.0,117932.2,2548.0,117940.1,140204.0
1753533091344,12:31:31.344,BTC/USD:BTC,117837.0,2460.0,117831.3,2500.0,117932.2,2548.0,117940.1,140204.0
1753533091787,12:31:31.787,BTC/USD:BTC,117837.0,2460.0,117831.3,2500.0,117932.2,2548.0,117940.1,140204.0
1753533101661,12:31:41.661,BTC/USD:BTC,117837.0,2460.0,117831.3,2500.0,117932.2,2548.0,117940.1,140204.0
1753533103293,12:31:43.293,BTC/USD:BTC,117837.0,2460.0,117831.3,2500.0,117932.2,2548.0,117940.1,140204.0
1753533105844,12:31:45.844,BTC/USD:BTC,117837.0,2460.0,117831.3,2500.0,117932.2,2548.0,117940.1,140204.0
1753533106640,12:31:46.640,BTC/USD:BTC,117837.0,2460.0,117831.3,2500.0,117932.2,2548.0,117940.1,140204.0
1753533117492,12:31:57.492,BTC/USD:BTC,117837.0,2460.0,117831.3,2500.0,117932.2,2548.0,117940.1,140204.0
1753533118944,12:31:58.944,BTC/USD:BTC,117837.0,2460.0,117831.3,2500.0,117932.2,2548.0,117940.1,140204.0
1753533119495,12:31:59.495,BTC/USD:BTC,117837.0,2460.0,117831.3,2500.0,117932.2,2548.0,117940.1,140204.0
1753533119601,12:31:59.601,BTC/USD:BTC,117837.0,2460.0,117831.3,2500.0,117921.3,140204.0,117955.7,2506.0
1753533119616,12:31:59.616,BTC/USD:BTC,117837.0,2460.0,117831.3,2500.0,117915.5,2458.0,117921.3,140204.0
1753533119876,12:31:59.876,BTC/USD:BTC,117837.0,2460.0,117831.3,2500.0,117915.5,2458.0,117921.3,140204.0
1753533119971,12:31:59.971,BTC/USD:BTC,117837.0,2460.0,117831.3,2500.0,117915.5,2458.0,117921.3,140204.0
1753533120180,12:32:00.180,BTC/USD:BTC,117837.0,2460.0,117831.3,2500.0,117915.5,2458.0,117921.3,140204.0
1753533120281,12:32:00.281,BTC/USD:BTC,117837.0,2460.0,117831.3,2500.0,117915.5,2458.0,117921.3,140204.0
1753533120332,12:32:00.332,BTC/USD:BTC,117837.0,2460.0,117831.3,2500.0,117915.5,2458.0,117921.3,140204.0
1753533120507,12:32:00.507,BTC/USD:BTC,117837.0,2460.0,117831.3,2500.0,117915.5,2458.0,117921.3,140204.0
1753533120649,12:32:00.649,BTC/USD:BTC,117837.0,2460.0,117831.3,2500.0,117915.5,2458.0,117921.3,140204.0
1753533120792,12:32:00.792,BTC/USD:BTC,117837.0,2460.0,117831.3,2500.0,117915.5,2458.0,117921.3,140204.0
1753533121064,12:32:01.064,BTC/USD:BTC,117837.0,2460.0,117831.3,2500.0,117915.5,2458.0,117921.3,140204.0
1753533121150,12:32:01.150,BTC/USD:BTC,117837.0,2460.0,117831.3,2500.0,117915.5,2458.0,117921.3,140204.0
1753533121327,12:32:01.327,BTC/USD:BTC,117837.0,2460.0,117831.3,2500.0,117915.5,2458.0,117921.3,140204.0
1753533121821,12:32:01.821,BTC/USD:BTC,117837.0,2460.0,117831.3,2500.0,117915.5,2458.0,117921.3,140204.0
1753533121941,12:32:01.941,BTC/USD:BTC,117837.0,2460.0,117831.3,2500.0,117915.5,2458.0,117921.3,140204.0
1753533122100,12:32:02.100,BTC/USD:BTC,117837.0,2460.0,117831.3,2500.0,117915.5,2458.0,117921.3,140204.0
1753533122491,12:32:02.491,BTC/USD:BTC,117837.0,2460.0,117831.3,2500.0,117915.5,2458.0,117921.3,140204.0
1753533122781,12:32:02.781,BTC/USD:BTC,117837.0,2460.0,117831.3,2500.0,117915.5,2458.0,117921.3,140204.0
1753533127800,12:32:07.800,BTC/USD:BTC,117848.6,2447.0,117842.8,2447.0,117915.5,2458.0,117921.3,140204.0
1753533127803,12:32:07.803,BTC/USD:BTC,117848.6,2447.0,117842.8,2447.0,117915.5,2458.0,117921.3,140204.0
1753533127939,12:32:07.939,BTC/USD:BTC,117842.8,2447.0,117837.1,2500.0,117915.5,2458.0,117921.3,140204.0
1753533131790,12:32:11.790,BTC/USD:BTC,117842.8,2447.0,117837.1,2500.0,117898.1,2447.0,117903.9,2447.0
1753533131947,12:32:11.947,BTC/USD:BTC,117842.8,2447.0,117837.1,2500.0,117909.7,2447.0,117915.4,2500.0
1753533132043,12:32:12.043,BTC/USD:BTC,117842.8,2447.0,117837.1,2500.0,117909.7,2447.0,117915.4,2500.0
1753533132130,12:32:12.130,BTC/USD:BTC,117842.8,2447.0,117837.1,2500.0,117909.7,2447.0,117915.4,2500.0
1753533135185,12:32:15.185,BTC/USD:BTC,117842.8,2447.0,117837.1,2500.0,117909.7,2447.0,117915.4,2500.0
1753533135279,12:32:15.279,BTC/USD:BTC,117842.8,2447.0,117837.1,2500.0,117909.7,2447.0,117915.4,2500.0
1753533135355,12:32:15.355,BTC/USD:BTC,117842.8,2447.0,117837.1,2500.0,117909.7,2447.0,117915.4,2500.0
1753533135434,12:32:15.434,BTC/USD:BTC,117842.8,2447.0,117837.1,2500.0,117909.7,2447.0,117915.4,2500.0
1753533135530,12:32:15.530,BTC/USD:BTC,117842.8,2447.0,117837.1,2500.0,117909.7,2447.0,117915.4,2500.0
1753533135825,12:32:15.825,BTC/USD:BTC,117842.8,2447.0,117837.1,2500.0,117909.7,2447.0,117915.4,2500.0
1753533135926,12:32:15.926,BTC/USD:BTC,117842.8,2447.0,117837.1,2500.0,117909.7,2447.0,117915.4,2500.0
1753533136011,12:32:16.011,BTC/USD:BTC,117842.8,2447.0,117837.1,2500.0,117909.7,2447.0,117915.4,2500.0
1753533137796,12:32:17.796,BTC/USD:BTC,117842.8,2447.0,117837.1,2500.0,117909.7,2447.0,117915.4,2500.0
1753533138631,12:32:18.631,BTC/USD:BTC,117842.8,2447.0,117837.1,2500.0,117909.7,2447.0,117915.4,2500.0
1753533140846,12:32:20.846,BTC/USD:BTC,117842.8,2447.0,117837.1,2500.0,117909.7,2447.0,117915.4,2500.0
1753533141738,12:32:21.738,BTC/USD:BTC,117842.8,2447.0,117837.1,2500.0,117909.7,2447.0,117915.4,2500.0
1753533141817,12:32:21.817,BTC/USD:BTC,117842.8,2447.0,117837.1,2500.0,117909.7,2447.0,117915.4,2500.0
1753533141974,12:32:21.974,BTC/USD:BTC,117842.8,2447.0,117837.1,2500.0,117909.7,2447.0,117915.4,2500.0
1753533148702,12:32:28.702,BTC/USD:BTC,117842.8,2447.0,117837.1,2500.0,117909.7,2447.0,117915.4,2500.0
1753533148838,12:32:28.838,BTC/USD:BTC,117842.8,2447.0,117837.1,2500.0,117909.7,2447.0,117915.4,2500.0
1753533148986,12:32:28.986,BTC/USD:BTC,117842.8,2447.0,117837.1,2500.0,117909.7,2447.0,117915.4,2500.0
1753533152690,12:32:32.690,BTC/USD:BTC,117842.8,2447.0,117837.1,2500.0,117909.7,2447.0,117915.4,2500.0
1753533153176,12:32:33.176,BTC/USD:BTC,117842.8,2447.0,117837.1,2500.0,117909.7,2447.0,117915.4,2500.0
1753533153219,12:32:33.219,BTC/USD:BTC,117842.8,2447.0,117837.1,2500.0,117909.7,2447.0,117913.7,140204.0
1753533153467,12:32:33.467,BTC/USD:BTC,117842.8,2447.0,117837.1,2500.0,117909.7,2447.0,117913.7,140204.0
1753533154916,12:32:34.916,BTC/USD:BTC,117842.8,2447.0,117837.1,2500.0,117909.7,2447.0,117913.7,140204.0
1753533158471,12:32:38.471,BTC/USD:BTC,117842.8,2447.0,117837.1,2500.0,117909.7,2447.0,117913.7,140204.0
1753533159442,12:32:39.442,BTC/USD:BTC,117842.8,2447.0,117837.1,2500.0,117909.7,2447.0,117913.7,140204.0
1753533162346,12:32:42.346,BTC/USD:BTC,117842.8,2447.0,117837.1,2500.0,117909.7,2447.0,117913.7,140204.0
1753533162422,12:32:42.422,BTC/USD:BTC,117842.8,2447.0,117837.1,2500.0,117909.7,2447.0,117913.7,140204.0
1753533163091,12:32:43.091,BTC/USD:BTC,117842.8,2447.0,117837.1,2500.0,117909.7,2447.0,117913.7,140204.0
1753533163239,12:32:43.239,BTC/USD:BTC,117842.8,2447.0,117837.1,2500.0,117909.7,2447.0,117913.7,140204.0
1753533163387,12:32:43.387,BTC/USD:BTC,117842.8,2447.0,117837.1,2500.0,117909.7,2447.0,117913.7,140204.0
1753533163541,12:32:43.541,BTC/USD:BTC,117842.8,2447.0,117837.1,2500.0,117909.7,2447.0,117913.7,140204.0
1753533163625,12:32:43.625,BTC/USD:BTC,117842.8,2447.0,117837.1,2500.0,117909.7,2447.0,117913.7,140204.0
1753533165655,12:32:45.655,BTC/USD:BTC,117842.8,2447.0,117837.1,2500.0,117909.7,2447.0,117913.7,140204.0
1753533166128,12:32:46.128,BTC/USD:BTC,117842.8,2447.0,117837.1,2500.0,117909.7,2447.0,117913.7,140204.0
1753533166546,12:32:46.546,BTC/USD:BTC,117842.8,2447.0,117837.1,2500.0,117909.7,2447.0,117913.7,140204.0
1753533168312,12:32:48.312,BTC/USD:BTC,117842.8,2447.0,117837.1,2500.0,117909.7,2447.0,117913.7,140204.0
1753533168461,12:32:48.461,BTC/USD:BTC,117842.8,2447.0,117837.1,2500.0,117909.7,2447.0,117913.7,140204.0
1753533168696,12:32:48.696,BTC/USD:BTC,117842.8,2447.0,117837.1,2500.0,117909.7,2447.0,117913.7,140204.0
1753533168756,12:32:48.756,BTC/USD:BTC,117842.8,2447.0,117837.1,2500.0,117899.0,2458.0,117904.8,140204.0
1753533169762,12:32:49.762,BTC/USD:BTC,117842.8,2447.0,117837.1,2500.0,117899.0,2458.0,117904.8,140204.0
1753533169867,12:32:49.867,BTC/USD:BTC,117842.8,2447.0,117837.1,2500.0,117899.0,2458.0,117904.8,140204.0
1753533172395,12:32:52.395,BTC/USD:BTC,117842.8,2447.0,117837.1,2500.0,117893.0,4226.0,117893.1,2458.0
1753533172495,12:32:52.495,BTC/USD:BTC,117842.8,2447.0,117837.1,2500.0,117881.2,4226.0,117881.3,2458.0
1753533172595,12:32:52.595,BTC/USD:BTC,117842.8,2447.0,117837.1,2500.0,117869.4,4226.0,117869.5,2458.0
1753533172695,12:32:52.695,BTC/USD:BTC,117842.8,2447.0,117837.1,2500.0,117857.6,4226.0,117857.7,2458.0
1753533172762,12:32:52.762,BTC/USD:BTC,117842.8,2447.0,117837.1,2500.0,117851.7,6684.0,117857.7,2458.0
1753533172983,12:32:52.983,BTC/USD:BTC,117842.8,2447.0,117837.1,2500.0,117851.7,2684.0,117857.7,2458.0
1753533173196,12:32:53.196,BTC/USD:BTC,117842.8,2447.0,117837.1,2500.0,117851.7,684.0,117857.7,2458.0
1753533173230,12:32:53.230,BTC/USD:BTC,117842.8,2447.0,117837.1,2500.0,117851.6,4458.0,117863.6,2458.0
1753533173306,12:32:53.306,BTC/USD:BTC,117842.8,2447.0,117837.1,2500.0,117851.6,4458.0,117863.6,2458.0
1753533173496,12:32:53.496,BTC/USD:BTC,117848.8,4900.0,117848.7,2560.0,117893.1,2458.0,117899.0,2458.0
1753533173595,12:32:53.595,BTC/USD:BTC,117860.6,4900.0,117860.5,2560.0,117899.0,2458.0,117904.8,140204.0
1753533173696,12:32:53.696,BTC/USD:BTC,117867.0,4900.0,117866.9,2560.0,117899.0,2458.0,117904.8,140204.0
1753533173800,12:32:53.800,BTC/USD:BTC,117867.5,4900.0,117867.4,2560.0,117899.0,2458.0,117904.8,140204.0
1753533173852,12:32:53.852,BTC/USD:BTC,117868.8,4900.0,117868.7,2560.0,117899.0,2458.0,117904.8,140204.0
1753533173953,12:32:53.953,BTC/USD:BTC,117869.5,4900.0,117869.4,2560.0,117899.0,2458.0,117904.8,140204.0
1753533174052,12:32:54.052,BTC/USD:BTC,117870.3,4900.0,117870.2,2560.0,117899.0,2458.0,117904.8,140204.0
1753533174282,12:32:54.282,BTC/USD:BTC,117870.3,4900.0,117854.6,2560.0,117899.0,2458.0,117904.8,140204.0
1753533174825,12:32:54.825,BTC/USD:BTC,117870.4,4900.0,117860.5,2560.0,117899.0,2458.0,117904.8,140204.0
1753533175397,12:32:55.397,BTC/USD:BTC,117870.8,4900.0,117870.7,2560.0,117899.0,2458.0,117904.8,140204.0
1753533175454,12:32:55.454,BTC/USD:BTC,117871.0,4900.0,117870.9,2560.0,117899.0,2458.0,117904.8,140204.0
1753533175694,12:32:55.694,BTC/USD:BTC,117871.2,4900.0,117871.1,2560.0,117899.0,2458.0,117904.8,140204.0
1753533175796,12:32:55.796,BTC/USD:BTC,117872.1,4900.0,117872.0,2560.0,117899.0,2458.0,117904.8,140204.0
1753533175919,12:32:55.919,BTC/USD:BTC,117872.1,4900.0,117872.0,2560.0,117899.0,2458.0,117904.8,140204.0
1753533176395,12:32:56.395,BTC/USD:BTC,117872.4,4900.0,117872.3,2560.0,117899.0,2458.0,117904.8,140204.0
1753533176449,12:32:56.449,BTC/USD:BTC,117872.4,4900.0,117872.3,2560.0,117899.0,2458.0,117904.8,140204.0
1753533178411,12:32:58.411,BTC/USD:BTC,117872.4,4900.0,117854.6,2560.0,117899.0,2458.0,117904.8,140204.0
1753533178631,12:32:58.631,BTC/USD:BTC,117872.4,4900.0,117866.5,2560.0,117899.0,2458.0,117904.8,140204.0
1753533178967,12:32:58.967,BTC/USD:BTC,117872.5,4900.0,117867.7,2560.0,117899.0,2458.0,117904.8,140204.0
1753533179496,12:32:59.496,BTC/USD:BTC,117867.8,4900.0,117867.7,2560.0,117899.0,2458.0,117904.8,140204.0
1753533179501,12:32:59.501,BTC/USD:BTC,117872.6,4900.0,117867.7,2560.0,117899.0,2458.0,117904.8,140204.0
1753533180040,12:33:00.040,BTC/USD:BTC,117872.7,4900.0,117867.8,2560.0,117899.0,2458.0,117904.8,140204.0
1753533180567,12:33:00.567,BTC/USD:BTC,117872.8,4900.0,117870.1,2560.0,117899.0,2458.0,117904.8,140204.0
1753533180772,12:33:00.772,BTC/USD:BTC,117872.8,4900.0,117848.7,2560.0,117899.0,2458.0,117904.8,140204.0
1753533181095,12:33:01.095,BTC/USD:BTC,117848.8,4900.0,117848.7,2560.0,117899.0,2458.0,117904.8,140204.0
1753533181108,12:33:01.108,BTC/USD:BTC,117872.9,4900.0,117854.6,2560.0,117899.0,2458.0,117904.8,140204.0
1753533181626,12:33:01.626,BTC/USD:BTC,117873.0,4900.0,117860.5,2560.0,117899.0,2458.0,117904.8,140204.0
1753533182166,12:33:02.166,BTC/USD:BTC,117873.1,4900.0,117866.4,2560.0,117899.0,2458.0,117904.8,140204.0
1753533182697,12:33:02.697,BTC/USD:BTC,117866.5,4900.0,117866.4,2560.0,117899.0,2458.0,117904.8,140204.0
1753533182709,12:33:02.709,BTC/USD:BTC,117873.2,4900.0,117868.2,2560.0,117899.0,2458.0,117904.8,140204.0
1753533182900,12:33:02.900,BTC/USD:BTC,117873.2,4900.0,117860.5,2560.0,117899.0,2458.0,117904.8,140204.0
1753533183055,12:33:03.055,BTC/USD:BTC,117873.2,4900.0,117860.5,2560.0,117899.0,2458.0,117904.8,140204.0
1753533183227,12:33:03.227,BTC/USD:BTC,117873.3,4900.0,117865.1,2560.0,117899.0,2458.0,117904.8,140204.0
1753533183692,12:33:03.692,BTC/USD:BTC,117873.3,4900.0,117865.1,2560.0,117899.0,2458.0,117904.8,140204.0
1753533183766,12:33:03.766,BTC/USD:BTC,117873.4,4900.0,117867.3,2521.0,117899.0,2458.0,117904.8,140204.0
1753533184295,12:33:04.295,BTC/USD:BTC,117867.4,4900.0,117867.3,2521.0,117899.0,2458.0,117904.8,140204.0
1753533184310,12:33:04.310,BTC/USD:BTC,117873.5,4900.0,117869.1,2521.0,117899.0,2458.0,117904.8,140204.0
1753533184826,12:33:04.826,BTC/USD:BTC,117873.6,4900.0,117869.4,2521.0,117899.0,2458.0,117904.8,140204.0
1753533185033,12:33:05.033,BTC/USD:BTC,117873.6,4900.0,117854.6,2560.0,117899.0,2458.0,117904.8,140204.0
1753533185366,12:33:05.366,BTC/USD:BTC,117873.7,4900.0,117860.5,2521.0,117899.0,2458.0,117904.8,140204.0
1753533185896,12:33:05.896,BTC/USD:BTC,117860.6,4900.0,117860.5,2521.0,117899.0,2458.0,117904.8,140204.0
1753533185905,12:33:05.905,BTC/USD:BTC,117873.8,4900.0,117866.4,2521.0,117899.0,2458.0,117904.8,140204.0
1753533186417,12:33:06.417,BTC/USD:BTC,117873.9,4900.0,117866.4,2521.0,117899.0,2458.0,117904.8,140204.0
1753533186967,12:33:06.967,BTC/USD:BTC,117874.0,4900.0,117868.7,2521.0,117899.0,2458.0,117904.8,140204.0
1753533187073,12:33:07.073,BTC/USD:BTC,117874.0,4900.0,117868.7,2521.0,117899.0,2458.0,117904.8,140204.0
1753533187196,12:33:07.196,BTC/USD:BTC,117874.0,4900.0,117860.5,2521.0,117899.0,2458.0,117904.8,140204.0
1753533187222,12:33:07.222,BTC/USD:BTC,117874.0,4900.0,117860.5,2521.0,117899.0,2458.0,117904.8,140204.0
1753533187497,12:33:07.497,BTC/USD:BTC,117860.6,4900.0,117860.5,2521.0,117899.0,2458.0,117904.8,140204.0
1753533187509,12:33:07.509,BTC/USD:BTC,117874.1,4900.0,117866.4,2521.0,117899.0,2458.0,117904.8,140204.0
1753533188083,12:33:08.083,BTC/USD:BTC,117874.2,4900.0,117866.4,2521.0,117899.0,2458.0,117904.8,140204.0
1753533188566,12:33:08.566,BTC/USD:BTC,117874.3,4900.0,117869.1,2521.0,117899.0,2458.0,117904.8,140204.0
1753533188893,12:33:08.893,BTC/USD:BTC,117874.3,4900.0,117869.1,2521.0,117899.0,2458.0,117904.8,140204.0
1753533188963,12:33:08.963,BTC/USD:BTC,117874.3,4900.0,117869.1,2521.0,117899.0,2458.0,117904.8,140204.0
1753533189100,12:33:09.100,BTC/USD:BTC,117874.4,4900.0,117869.1,2521.0,117899.0,2458.0,117904.8,140204.0
1753533189107,12:33:09.107,BTC/USD:BTC,117874.4,4900.0,117870.4,2521.0,117899.0,2458.0,117904.8,140204.0
1753533189359,12:33:09.359,BTC/USD:BTC,117874.4,4900.0,117860.5,2521.0,117899.0,2458.0,117904.8,140204.0
1753533189617,12:33:09.617,BTC/USD:BTC,117874.5,4900.0,117860.5,2521.0,117899.0,2458.0,117904.8,140204.0
1753533189885,12:33:09.885,BTC/USD:BTC,117874.5,4900.0,117860.5,2521.0,117899.0,2458.0,117904.8,140204.0
1753533189957,12:33:09.957,BTC/USD:BTC,117874.5,4900.0,117860.5,2521.0,117899.0,2458.0,117904.8,140204.0
1753533190029,12:33:10.029,BTC/USD:BTC,117874.5,4900.0,117860.5,2521.0,117899.0,2458.0,117904.8,140204.0
1753533190175,12:33:10.175,BTC/USD:BTC,117874.6,4900.0,117866.4,2521.0,117899.0,2458.0,117904.8,140204.0
1753533190393,12:33:10.393,BTC/USD:BTC,117874.6,4900.0,117866.4,2521.0,117899.0,2458.0,117904.8,140204.0
1753533190464,12:33:10.464,BTC/USD:BTC,117874.6,4900.0,117866.4,2521.0,117899.0,2458.0,117904.8,140204.0
1753533190696,12:33:10.696,BTC/USD:BTC,117866.5,4900.0,117866.4,2521.0,117899.0,2458.0,117904.8,140204.0
1753533190710,12:33:10.710,BTC/USD:BTC,117874.7,4900.0,117871.3,2521.0,117899.0,2458.0,117904.8,140204.0
1753533190966,12:33:10.966,BTC/USD:BTC,117880.7,2521.0,117874.9,4900.0,117899.0,2458.0,117904.8,140204.0
1753533191066,12:33:11.066,BTC/USD:BTC,117883.2,4900.0,117883.1,2521.0,117899.0,2458.0,117904.8,140204.0
1753533191295,12:33:11.295,BTC/USD:BTC,117883.7,4900.0,117883.6,2500.0,117899.0,2458.0,117904.8,140204.0
1753533191367,12:33:11.367,BTC/USD:BTC,117883.9,4900.0,117883.8,2500.0,117899.0,2458.0,117904.8,140204.0
1753533191508,12:33:11.508,BTC/USD:BTC,117883.9,4900.0,117883.8,2500.0,117899.0,2458.0,117904.8,140204.0
1753533192029,12:33:12.029,BTC/USD:BTC,117883.9,4900.0,117883.8,2500.0,117899.0,2458.0,117904.8,140204.0
1753533192223,12:33:12.223,BTC/USD:BTC,117883.9,4900.0,117874.8,2521.0,117899.0,2458.0,117904.8,140204.0
1753533192757,12:33:12.757,BTC/USD:BTC,117884.0,4900.0,117874.8,2521.0,117899.0,2458.0,117904.8,140204.0
1753533193298,12:33:13.298,BTC/USD:BTC,117884.1,4900.0,117874.8,2521.0,117899.0,2458.0,117904.8,140204.0
1753533193658,12:33:13.658,BTC/USD:BTC,117884.1,4900.0,117860.5,2521.0,117899.0,2458.0,117904.8,140204.0
1753533193826,12:33:13.826,BTC/USD:BTC,117884.2,4900.0,117866.4,2526.0,117899.0,2458.0,117904.8,140204.0
1753533194366,12:33:14.366,BTC/USD:BTC,117884.3,4900.0,117872.3,2526.0,117899.0,2458.0,117904.8,140204.0
1753533194897,12:33:14.897,BTC/USD:BTC,117872.3,2526.0,117866.4,2526.0,117899.0,2458.0,117904.8,140204.0
1753533194906,12:33:14.906,BTC/USD:BTC,117884.4,4900.0,117875.9,2526.0,117899.0,2458.0,117904.8,140204.0
1753533195057,12:33:15.057,BTC/USD:BTC,117884.4,4900.0,117875.9,2526.0,117899.0,2458.0,117904.8,140204.0
1753533195426,12:33:15.426,BTC/USD:BTC,117884.5,4900.0,117876.8,2526.0,117899.0,2458.0,117904.8,140204.0
1753533195640,12:33:15.640,BTC/USD:BTC,117884.5,4900.0,117876.8,2526.0,117899.0,2458.0,117904.8,140204.0
1753533195742,12:33:15.742,BTC/USD:BTC,117884.5,4900.0,117876.8,2526.0,117899.0,2458.0,117904.8,140204.0
1753533195808,12:33:15.808,BTC/USD:BTC,117884.5,4900.0,117866.4,2526.0,117899.0,2458.0,117904.8,140204.0
1753533195985,12:33:15.985,BTC/USD:BTC,117884.6,4900.0,117872.3,2526.0,117899.0,4958.0,117904.7,2500.0
1753533196497,12:33:16.497,BTC/USD:BTC,117884.7,4900.0,117872.3,2526.0,117899.0,4958.0,117904.7,2500.0
1753533196507,12:33:16.507,BTC/USD:BTC,117884.7,4900.0,117875.1,2526.0,117899.0,4958.0,117904.7,2500.0
1753533196986,12:33:16.986,BTC/USD:BTC,117884.7,4900.0,117875.1,2526.0,117898.9,5026.0,117904.7,2500.0
1753533197020,12:33:17.020,BTC/USD:BTC,117884.8,4900.0,117875.2,2526.0,117898.9,5026.0,117904.7,2500.0
1753533197172,12:33:17.172,BTC/USD:BTC,117884.8,4900.0,117875.2,2526.0,117898.9,5026.0,117904.7,2500.0
1753533197253,12:33:17.253,BTC/USD:BTC,117884.8,4900.0,117875.2,2526.0,117898.9,5026.0,117904.7,2500.0
1753533197351,12:33:17.351,BTC/USD:BTC,117884.8,4900.0,117875.2,2526.0,117898.9,5026.0,117904.7,2500.0
1753533197555,12:33:17.555,BTC/USD:BTC,117884.9,4900.0,117875.2,2526.0,117898.9,5026.0,117904.7,2500.0
1753533197995,12:33:17.995,BTC/USD:BTC,117884.9,4900.0,117866.4,2526.0,117898.9,5026.0,117904.7,2500.0
1753533198095,12:33:18.095,BTC/USD:BTC,117866.5,4900.0,117866.4,2526.0,117898.9,5026.0,117904.7,2500.0
1753533198105,12:33:18.105,BTC/USD:BTC,117885.0,4900.0,117872.3,2526.0,117898.9,5026.0,117904.7,2500.0
1753533198237,12:33:18.237,BTC/USD:BTC,117885.0,4900.0,117872.3,2526.0,117898.9,5026.0,117904.7,2500.0
1753533198614,12:33:18.614,BTC/USD:BTC,117885.1,4900.0,117872.3,2526.0,117898.9,5026.0,117904.7,2500.0
1753533198968,12:33:18.968,BTC/USD:BTC,117885.1,4900.0,117872.3,2526.0,117898.8,5026.0,117904.7,5026.0
1753533199155,12:33:19.155,BTC/USD:BTC,117885.2,4900.0,117872.3,2526.0,117898.8,5026.0,117904.7,5026.0
1753533199697,12:33:19.697,BTC/USD:BTC,117885.3,4900.0,117872.3,2526.0,117898.8,5026.0,117904.7,5026.0
1753533199706,12:33:19.706,BTC/USD:BTC,117885.3,4900.0,117877.5,2526.0,117898.8,5026.0,117904.7,5026.0
1753533199828,12:33:19.828,BTC/USD:BTC,117885.3,4900.0,117877.5,2526.0,117898.8,5026.0,117904.7,5026.0
1753533199988,12:33:19.988,BTC/USD:BTC,117885.3,4900.0,117877.5,2526.0,117898.8,5026.0,117904.6,2500.0
1753533200154,12:33:20.154,BTC/USD:BTC,117885.3,4900.0,117866.4,2526.0,117898.8,5026.0,117904.6,2500.0
1753533200283,12:33:20.283,BTC/USD:BTC,117885.4,4900.0,117872.3,2526.0,117898.8,5026.0,117904.6,2500.0
1753533200755,12:33:20.755,BTC/USD:BTC,117885.5,4900.0,117872.3,2526.0,117898.8,5026.0,117904.6,2500.0
1753533200939,12:33:20.939,BTC/USD:BTC,117885.5,4900.0,117872.3,2526.0,117898.7,5026.0,117898.8,2526.0
1753533201092,12:33:21.092,BTC/USD:BTC,117885.5,4900.0,117872.3,2526.0,117898.7,5026.0,117904.6,2500.0
1753533201297,12:33:21.297,BTC/USD:BTC,117885.6,4900.0,117872.3,2526.0,117898.7,5026.0,117904.6,2500.0
1753533201306,12:33:21.306,BTC/USD:BTC,117885.6,4900.0,117876.9,2526.0,117898.7,5026.0,117904.6,2500.0
1753533201826,12:33:21.826,BTC/USD:BTC,117885.7,4900.0,117877.9,2526.0,117898.7,5026.0,117904.6,2500.0
1753533202366,12:33:22.366,BTC/USD:BTC,117885.8,4900.0,117872.3,2526.0,117898.7,5026.0,117904.6,2500.0
1753533202895,12:33:22.895,BTC/USD:BTC,117872.4,4900.0,117872.3,2526.0,117898.7,5026.0,117904.6,2500.0
1753533202925,12:33:22.925,BTC/USD:BTC,117885.9,4900.0,117877.6,2526.0,117898.6,5026.0,117898.7,2526.0
1753533203077,12:33:23.077,BTC/USD:BTC,117885.9,4900.0,117877.6,2526.0,117898.6,5026.0,117904.6,2500.0
1753533203415,12:33:23.415,BTC/USD:BTC,117886.0,4900.0,117877.6,2526.0,117898.6,5026.0,117904.6,2500.0
1753533203967,12:33:23.967,BTC/USD:BTC,117886.1,4900.0,117877.8,2480.0,117898.6,5026.0,117904.6,2500.0
1753533204497,12:33:24.497,BTC/USD:BTC,117886.2,4900.0,117877.8,2480.0,117898.6,5026.0,117904.6,2500.0
1753533204500,12:33:24.500,BTC/USD:BTC,117886.2,4900.0,117866.4,2526.0,117898.6,5026.0,117904.6,2500.0
1753533204896,12:33:24.896,BTC/USD:BTC,117886.2,4900.0,117866.4,2526.0,117898.5,4980.0,117904.6,2500.0
1753533205026,12:33:25.026,BTC/USD:BTC,117886.3,4900.0,117872.3,2480.0,117898.5,4980.0,117904.6,2500.0
1753533205559,12:33:25.559,BTC/USD:BTC,117886.4,4900.0,117878.0,2480.0,117898.5,4980.0,117904.6,2500.0
1753533206095,12:33:26.095,BTC/USD:BTC,117878.1,4900.0,117878.0,2480.0,117898.5,4980.0,117904.6,2500.0
1753533206107,12:33:26.107,BTC/USD:BTC,117886.5,4900.0,117882.1,2480.0,117898.5,4980.0,117904.6,2500.0
1753533206652,12:33:26.652,BTC/USD:BTC,117886.6,4900.0,117872.3,2480.0,117898.5,4980.0,117904.6,2500.0
1753533206876,12:33:26.876,BTC/USD:BTC,117886.6,4900.0,117872.3,2480.0,117898.4,4980.0,117904.6,2500.0
1753533207166,12:33:27.166,BTC/USD:BTC,117886.7,4900.0,117878.2,2480.0,117898.4,4980.0,117904.6,2500.0
1753533207697,12:33:27.697,BTC/USD:BTC,117886.8,4900.0,117878.2,2480.0,117898.4,4980.0,117904.6,2500.0
1753533207707,12:33:27.707,BTC/USD:BTC,117886.8,4900.0,117883.6,2480.0,117898.4,4980.0,117904.6,2500.0
1753533208215,12:33:28.215,BTC/USD:BTC,117886.9,4900.0,117883.6,2480.0,117898.4,4980.0,117904.6,2500.0
1753533208648,12:33:28.648,BTC/USD:BTC,117886.9,4900.0,117883.6,2480.0,117898.4,4980.0,117904.6,2500.0
1753533208794,12:33:28.794,BTC/USD:BTC,117887.2,4900.0,117887.1,2500.0,117898.4,4980.0,117904.6,2500.0
1753533208851,12:33:28.851,BTC/USD:BTC,117887.4,4900.0,117887.3,2500.0,117898.3,4980.0,117904.6,2500.0
1753533209828,12:33:29.828,BTC/USD:BTC,117887.4,4900.0,117884.4,2480.0,117898.3,4980.0,117904.6,2500.0
1753533210354,12:33:30.354,BTC/USD:BTC,117887.5,4900.0,117884.4,2480.0,117898.3,4980.0,117904.6,2500.0
1753533210898,12:33:30.898,BTC/USD:BTC,117887.6,4900.0,117884.4,2480.0,117898.2,4980.0,117898.3,2480.0
1753533210983,12:33:30.983,BTC/USD:BTC,117887.6,4900.0,117866.4,2526.0,117898.2,4980.0,117904.6,2500.0
1753533211426,12:33:31.426,BTC/USD:BTC,117887.7,4900.0,117872.3,2480.0,117898.2,4980.0,117904.6,2500.0
1753533211960,12:33:31.960,BTC/USD:BTC,117887.8,4900.0,117878.2,2480.0,117898.2,4980.0,117904.6,2500.0
1753533212498,12:33:32.498,BTC/USD:BTC,117887.9,4900.0,117878.2,2480.0,117898.2,4980.0,117904.6,2500.0
1753533212507,12:33:32.507,BTC/USD:BTC,117887.9,4900.0,117883.6,2480.0,117898.2,4980.0,117904.6,2500.0
1753533212795,12:33:32.795,BTC/USD:BTC,117887.9,4900.0,117883.6,2480.0,117898.1,2500.0,117898.2,2480.0
1753533212807,12:33:32.807,BTC/USD:BTC,117887.9,4900.0,117883.6,2480.0,117898.1,4980.0,117904.6,2500.0
1753533213026,12:33:33.026,BTC/USD:BTC,117888.0,4900.0,117884.3,2480.0,117898.1,4980.0,117904.6,2500.0
1753533213152,12:33:33.152,BTC/USD:BTC,117888.0,4900.0,117884.3,2480.0,117898.1,4980.0,117904.6,2500.0
1753533213566,12:33:33.566,BTC/USD:BTC,117888.1,4900.0,117884.6,2446.0,117898.1,4980.0,117904.6,2500.0
1753533214098,12:33:34.098,BTC/USD:BTC,117888.2,4900.0,117884.6,2446.0,117898.1,4980.0,117904.6,2500.0
1753533214616,12:33:34.616,BTC/USD:BTC,117888.3,4900.0,117884.6,2446.0,117898.1,4980.0,117904.6,2500.0
1753533214788,12:33:34.788,BTC/USD:BTC,117888.3,4900.0,117884.6,2446.0,117898.0,4946.0,117904.6,2500.0
1753533215167,12:33:35.167,BTC/USD:BTC,117888.4,4900.0,117884.6,2446.0,117898.0,4946.0,117904.6,2500.0
1753533215330,12:33:35.330,BTC/USD:BTC,117888.4,4900.0,117866.4,2526.0,117898.0,4946.0,117904.6,2500.0
1753533215697,12:33:35.697,BTC/USD:BTC,117866.5,4900.0,117866.4,2526.0,117898.0,4946.0,117904.6,2500.0
1753533215710,12:33:35.710,BTC/USD:BTC,117888.5,4900.0,117872.3,2446.0,117898.0,4946.0,117904.6,2500.0
1753533216226,12:33:36.226,BTC/USD:BTC,117888.6,4900.0,117878.2,2446.0,117898.0,4946.0,117904.6,2500.0
1753533216767,12:33:36.767,BTC/USD:BTC,117888.7,4900.0,117882.6,2446.0,117897.9,4946.0,117904.6,2500.0
1753533217296,12:33:37.296,BTC/USD:BTC,117882.7,4900.0,117882.6,2446.0,117897.9,4946.0,117904.6,2500.0
1753533217306,12:33:37.306,BTC/USD:BTC,117888.8,4900.0,117883.1,2446.0,117897.9,4946.0,117904.6,2500.0
1753533217504,12:33:37.504,BTC/USD:BTC,117888.8,4900.0,117872.3,2446.0,117897.9,4946.0,117904.6,2500.0
1753533217826,12:33:37.826,BTC/USD:BTC,117888.9,4900.0,117878.2,2446.0,117897.9,4946.0,117904.6,2500.0
1753533218366,12:33:38.366,BTC/USD:BTC,117889.0,4900.0,117880.0,2446.0,117897.9,4946.0,117904.6,2500.0
1753533218740,12:33:38.740,BTC/USD:BTC,117889.0,4900.0,117880.0,2446.0,117897.8,4946.0,117904.6,2500.0
1753533218896,12:33:38.896,BTC/USD:BTC,117880.1,4900.0,117880.0,2446.0,117897.8,4946.0,117904.6,2500.0
1753533218911,12:33:38.911,BTC/USD:BTC,117889.1,4900.0,117880.3,2446.0,117897.8,4946.0,117904.6,2500.0
1753533219426,12:33:39.426,BTC/USD:BTC,117889.2,4900.0,117880.6,2446.0,117897.8,4946.0,117904.6,2500.0
1753533219629,12:33:39.629,BTC/USD:BTC,117889.2,4900.0,117872.3,2446.0,117897.8,4946.0,117904.6,2500.0
1753533219966,12:33:39.966,BTC/USD:BTC,117889.3,4900.0,117878.2,2446.0,117897.8,4946.0,117904.6,2500.0
1753533220496,12:33:40.496,BTC/USD:BTC,117878.3,4900.0,117878.2,2446.0,117897.8,4946.0,117904.6,2500.0
1753533220506,12:33:40.506,BTC/USD:BTC,117889.4,4900.0,117881.3,2446.0,117897.8,4946.0,117904.6,2500.0
1753533220718,12:33:40.718,BTC/USD:BTC,117889.4,4900.0,117881.3,2446.0,117897.7,4946.0,117904.6,2500.0
1753533221027,12:33:41.027,BTC/USD:BTC,117889.5,4900.0,117881.5,2446.0,117897.7,4946.0,117904.6,2500.0
1753533221179,12:33:41.179,BTC/USD:BTC,117889.5,4900.0,117881.5,2446.0,117897.7,4946.0,117904.6,2500.0
1753533221558,12:33:41.558,BTC/USD:BTC,117889.6,4900.0,117881.5,2446.0,117897.7,4946.0,117904.6,2500.0
1753533221830,12:33:41.830,BTC/USD:BTC,117889.6,4900.0,117872.3,2446.0,117897.7,4946.0,117904.6,2500.0
1753533222094,12:33:42.094,BTC/USD:BTC,117872.4,4900.0,117872.3,2446.0,117897.7,4946.0,117904.6,2500.0
1753533222106,12:33:42.106,BTC/USD:BTC,117889.7,4900.0,117878.2,2446.0,117897.7,4946.0,117904.6,2500.0
1753533222699,12:33:42.699,BTC/USD:BTC,117889.8,4900.0,117882.1,2446.0,117897.6,4946.0,117904.6,2500.0
1753533223157,12:33:43.157,BTC/USD:BTC,117889.9,4900.0,117882.1,2446.0,117897.6,4946.0,117904.6,2500.0
1753533223700,12:33:43.700,BTC/USD:BTC,117890.0,4900.0,117882.1,2446.0,117897.6,4946.0,117904.6,2500.0
1753533223706,12:33:43.706,BTC/USD:BTC,117890.0,4900.0,117882.5,2518.0,117897.6,4946.0,117904.6,2500.0
1753533224028,12:33:44.028,BTC/USD:BTC,117890.0,4900.0,117872.3,2446.0,117897.6,4946.0,117904.6,2500.0
1753533224226,12:33:44.226,BTC/USD:BTC,117890.1,4900.0,117878.2,2518.0,117897.6,4946.0,117904.6,2500.0
1753533224676,12:33:44.676,BTC/USD:BTC,117890.1,4900.0,117878.2,2518.0,117897.5,5018.0,117904.6,2500.0
1753533224766,12:33:44.766,BTC/USD:BTC,117890.2,4900.0,117883.6,2518.0,117897.5,5018.0,117904.6,2500.0
1753533224918,12:33:44.918,BTC/USD:BTC,117890.2,4900.0,117883.6,2518.0,117897.5,5018.0,117904.6,2500.0
1753533225296,12:33:45.296,BTC/USD:BTC,117883.7,4900.0,117883.6,2518.0,117897.5,5018.0,117904.6,2500.0
1753533225309,12:33:45.309,BTC/USD:BTC,117890.3,4900.0,117883.8,2518.0,117897.5,5018.0,117904.6,2500.0
1753533225457,12:33:45.457,BTC/USD:BTC,117890.3,4900.0,117883.8,2518.0,117897.5,5018.0,117904.6,2500.0
1753533225818,12:33:45.818,BTC/USD:BTC,117890.4,4900.0,117883.8,2518.0,117897.5,5018.0,117904.6,2500.0
1753533226292,12:33:46.292,BTC/USD:BTC,117890.4,4900.0,117884.5,2518.0,117897.5,5018.0,117904.6,2500.0
1753533226370,12:33:46.370,BTC/USD:BTC,117890.5,4900.0,117884.8,2518.0,117897.5,5018.0,117904.6,2500.0
1753533226651,12:33:46.651,BTC/USD:BTC,117890.5,4900.0,117884.8,2518.0,117897.4,5018.0,117904.6,2500.0
1753533226896,12:33:46.896,BTC/USD:BTC,117884.9,4900.0,117884.8,2518.0,117897.4,5018.0,117904.6,2500.0
1753533226901,12:33:46.901,BTC/USD:BTC,117890.6,4900.0,117884.8,2518.0,117897.4,5018.0,117904.6,2500.0
1753533227267,12:33:47.267,BTC/USD:BTC,117866.4,2526.0,117860.6,2500.0,117897.4,5018.0,117904.6,2500.0
1753533227694,12:33:47.694,BTC/USD:BTC,117878.3,4900.0,117878.2,2518.0,117897.4,5018.0,117904.6,2500.0
1753533227794,12:33:47.794,BTC/USD:BTC,117884.9,4900.0,117884.8,2518.0,117897.4,5018.0,117904.6,2500.0
1753533227809,12:33:47.809,BTC/USD:BTC,117884.9,7418.0,117878.2,2518.0,117897.4,5018.0,117904.6,2500.0
1753533228389,12:33:48.389,BTC/USD:BTC,117884.9,7418.0,117872.3,2518.0,117897.4,5018.0,117904.6,2500.0
1753533228494,12:33:48.494,BTC/USD:BTC,117885.1,4900.0,117885.0,2518.0,117897.4,5018.0,117904.6,2500.0
1753533228585,12:33:48.585,BTC/USD:BTC,117885.1,4900.0,117885.0,2518.0,117897.4,5018.0,117904.6,2500.0
1753533228629,12:33:48.629,BTC/USD:BTC,117885.1,4900.0,117885.0,2518.0,117897.3,5018.0,117904.6,2500.0
1753533230195,12:33:50.195,BTC/USD:BTC,117872.3,2518.0,117866.4,2526.0,117897.3,5018.0,117904.6,2500.0
1753533230207,12:33:50.207,BTC/USD:BTC,117866.4,2526.0,117860.6,2500.0,117897.3,5018.0,117904.6,2500.0
1753533230596,12:33:50.596,BTC/USD:BTC,117866.4,2526.0,117860.6,2500.0,117897.2,2500.0,117897.3,2518.0
1753533230607,12:33:50.607,BTC/USD:BTC,117866.4,2526.0,117860.6,2500.0,117897.2,5018.0,117904.6,2500.0
1753533231601,12:33:51.601,BTC/USD:BTC,117854.6,2560.0,117848.7,2560.0,117897.2,5018.0,117904.6,2500.0
1753533231690,12:33:51.690,BTC/USD:BTC,117795.8,2450.0,117789.9,2450.0,117897.2,5018.0,117904.6,2500.0
1753533231740,12:33:51.740,BTC/USD:BTC,117789.9,2450.0,117778.2,156.0,117897.2,5018.0,117904.6,2500.0
1753533231987,12:33:51.987,BTC/USD:BTC,117789.9,2450.0,117774.1,4140.0,117897.2,5018.0,117904.6,2500.0
1753533232003,12:33:52.003,BTC/USD:BTC,117789.9,2450.0,117778.2,1.0,117897.2,5018.0,117904.6,2500.0
1753533232184,12:33:52.184,BTC/USD:BTC,117789.9,2450.0,117778.2,1.0,117897.2,5018.0,117904.6,2500.0
1753533232587,12:33:52.587,BTC/USD:BTC,117789.9,2450.0,117778.2,1.0,117897.1,5018.0,117904.6,2500.0
1753533233094,12:33:53.094,BTC/USD:BTC,117789.9,2450.0,117778.2,1.0,117897.1,5018.0,117904.6,2500.0
1753533233156,12:33:53.156,BTC/USD:BTC,117789.9,2450.0,117778.2,1.0,117895.5,5018.0,117895.6,140204.0
1753533233243,12:33:53.243,BTC/USD:BTC,117789.9,2450.0,117778.2,1.0,117883.8,2518.0,117889.6,2500.0
1753533233492,12:33:53.492,BTC/USD:BTC,117789.9,2450.0,117778.2,1.0,117883.8,2518.0,117889.6,2500.0
1753533233648,12:33:53.648,BTC/USD:BTC,117789.9,2450.0,117778.2,1.0,117883.8,2518.0,117889.6,2500.0
1753533233981,12:33:53.981,BTC/USD:BTC,117789.9,2450.0,117778.2,1.0,117883.8,2518.0,117889.6,2500.0
1753533234143,12:33:54.143,BTC/USD:BTC,117789.9,2450.0,117778.2,1.0,117883.8,2518.0,117889.6,2500.0
1753533234378,12:33:54.378,BTC/USD:BTC,117789.9,2450.0,117778.2,1.0,117883.8,2518.0,117889.6,2500.0
1753533234627,12:33:54.627,BTC/USD:BTC,117789.9,2450.0,117778.2,1.0,117883.8,2518.0,117889.6,2500.0
1753533234887,12:33:54.887,BTC/USD:BTC,117789.9,2450.0,117778.2,1.0,117883.8,2518.0,117889.6,2500.0
1753533239855,12:33:59.855,BTC/USD:BTC,117789.9,2450.0,117778.2,1.0,117883.8,2518.0,117889.6,2500.0
1753533241412,12:34:01.412,BTC/USD:BTC,117789.9,2450.0,117778.2,1.0,117883.8,2518.0,117889.6,2500.0
1753533241527,12:34:01.527,BTC/USD:BTC,117789.9,2450.0,117778.2,1.0,117883.8,2518.0,117889.6,2500.0
1753533241602,12:34:01.602,BTC/USD:BTC,117789.9,2450.0,117778.2,1.0,117883.8,2518.0,117889.6,2500.0
1753533242154,12:34:02.154,BTC/USD:BTC,117789.9,2450.0,117778.2,1.0,117883.8,2518.0,117889.6,2500.0
1753533242742,12:34:02.742,BTC/USD:BTC,117789.9,2450.0,117778.2,1.0,117883.8,2518.0,117889.6,2500.0
1753533243573,12:34:03.573,BTC/USD:BTC,117789.9,2450.0,117778.2,1.0,117883.8,2518.0,117889.6,2500.0
1753533243653,12:34:03.653,BTC/USD:BTC,117789.9,2450.0,117778.2,1.0,117883.8,2518.0,117889.6,2500.0
1753533243729,12:34:03.729,BTC/USD:BTC,117789.9,2450.0,117778.2,1.0,117883.8,2518.0,117889.6,2500.0
1753533243877,12:34:03.877,BTC/USD:BTC,117789.9,2450.0,117778.2,1.0,117883.8,2518.0,117889.6,2500.0
1753533244042,12:34:04.042,BTC/USD:BTC,117789.9,2450.0,117778.2,1.0,117883.8,2518.0,117889.6,2500.0
1753533256492,12:34:16.492,BTC/USD:BTC,117789.9,2450.0,117778.2,1.0,117883.8,2518.0,117889.6,2500.0
1753533256571,12:34:16.571,BTC/USD:BTC,117789.9,2450.0,117778.2,1.0,117883.8,2518.0,117889.6,2500.0
1753533258386,12:34:18.386,BTC/USD:BTC,117795.8,2482.0,117790.0,4900.0,117883.8,2518.0,117889.6,2500.0
1753533258498,12:34:18.498,BTC/USD:BTC,117807.7,4900.0,117807.6,2482.0,117883.8,2518.0,117889.6,2500.0
1753533258594,12:34:18.594,BTC/USD:BTC,117819.5,4900.0,117819.4,2482.0,117883.8,2518.0,117889.6,2500.0
1753533258694,12:34:18.694,BTC/USD:BTC,117831.3,4900.0,117831.2,2482.0,117883.8,2518.0,117889.6,2500.0
1753533258794,12:34:18.794,BTC/USD:BTC,117843.1,4900.0,117843.0,2482.0,117883.8,2518.0,117889.6,2500.0
1753533258894,12:34:18.894,BTC/USD:BTC,117854.9,4900.0,117854.8,2482.0,117883.8,2518.0,117889.6,2500.0
1753533258994,12:34:18.994,BTC/USD:BTC,117866.7,4900.0,117866.6,2482.0,117883.8,2518.0,117889.6,2500.0
1753533259094,12:34:19.094,BTC/USD:BTC,117876.5,4900.0,117876.4,2482.0,117883.8,2518.0,117889.6,2500.0
1753533259151,12:34:19.151,BTC/USD:BTC,117877.3,4900.0,117877.2,2482.0,117883.8,2518.0,117889.6,2500.0
1753533259275,12:34:19.275,BTC/USD:BTC,117877.3,4900.0,117877.2,2482.0,117883.8,2518.0,117889.6,2500.0
1753533259458,12:34:19.458,BTC/USD:BTC,117877.3,4900.0,117877.2,2482.0,117883.8,2518.0,117889.6,2500.0
1753533259553,12:34:19.553,BTC/USD:BTC,117877.6,4900.0,117877.5,2482.0,117883.8,2518.0,117889.6,2500.0
1753533259620,12:34:19.620,BTC/USD:BTC,117877.6,4900.0,117877.5,2482.0,117883.8,2518.0,117889.6,2500.0
1753533259784,12:34:19.784,BTC/USD:BTC,117877.6,4900.0,117877.5,2482.0,117883.8,2518.0,117889.6,2500.0
1753533260091,12:34:20.091,BTC/USD:BTC,117877.6,4900.0,117877.5,2482.0,117883.8,2518.0,117889.6,2500.0
1753533260196,12:34:20.196,BTC/USD:BTC,117879.4,4900.0,117879.3,2482.0,117883.8,2518.0,117889.6,2500.0
1753533260252,12:34:20.252,BTC/USD:BTC,117879.7,4900.0,117879.6,2482.0,117883.8,2518.0,117889.6,2500.0
1753533260395,12:34:20.395,BTC/USD:BTC,117879.9,4900.0,117879.8,2482.0,117883.8,2518.0,117889.6,2500.0
1753533260498,12:34:20.498,BTC/USD:BTC,117882.1,4900.0,117882.0,2482.0,117883.8,2518.0,117889.6,2500.0
1753533260594,12:34:20.594,BTC/USD:BTC,117883.7,7382.0,117866.6,2482.0,117883.8,2518.0,117889.6,2500.0
1753533260894,12:34:20.894,BTC/USD:BTC,117883.7,7382.0,117860.7,2482.0,117883.8,2518.0,117889.6,2500.0
1753533261296,12:34:21.296,BTC/USD:BTC,117886.5,4900.0,117886.4,2482.0,117910.8,2458.0,117911.6,140204.0
1753533261352,12:34:21.352,BTC/USD:BTC,117888.1,4900.0,117888.0,2482.0,117910.8,2458.0,117911.6,140204.0
1753533261853,12:34:21.853,BTC/USD:BTC,117888.3,4900.0,117888.2,2482.0,117910.8,2458.0,117911.6,140204.0
1753533262252,12:34:22.252,BTC/USD:BTC,117888.6,4900.0,117888.5,2482.0,117910.8,2458.0,117911.6,140204.0
1753533262367,12:34:22.367,BTC/USD:BTC,117888.6,4900.0,117888.5,2482.0,117910.8,2458.0,117911.6,140204.0
1753533262871,12:34:22.871,BTC/USD:BTC,117888.6,4900.0,117888.5,2482.0,117910.8,2458.0,117911.6,140204.0
1753533262969,12:34:22.969,BTC/USD:BTC,117888.6,4900.0,117860.7,2482.0,117910.8,2458.0,117911.6,140204.0
1753533263176,12:34:23.176,BTC/USD:BTC,117888.6,4900.0,117860.7,2482.0,117910.8,2458.0,117911.6,140204.0
1753533263497,12:34:23.497,BTC/USD:BTC,117888.7,4900.0,117860.7,2482.0,117910.8,2458.0,117911.6,140204.0
1753533263594,12:34:23.594,BTC/USD:BTC,117890.1,4900.0,117890.0,2453.0,117910.8,2458.0,117911.6,140204.0
1753533265150,12:34:25.150,BTC/USD:BTC,117890.1,4900.0,117866.6,2453.0,117910.8,2458.0,117911.6,140204.0
1753533265593,12:34:25.593,BTC/USD:BTC,117890.2,2453.0,117890.1,4900.0,117910.8,2458.0,117911.6,140204.0
1753533265694,12:34:25.694,BTC/USD:BTC,117892.9,4900.0,117892.8,2453.0,117910.8,2458.0,117916.7,2482.0
1753533265753,12:34:25.753,BTC/USD:BTC,117894.6,4900.0,117894.5,2453.0,117915.4,2453.0,117921.2,140204.0
1753533265882,12:34:25.882,BTC/USD:BTC,117894.6,4900.0,117866.6,2453.0,117915.4,2453.0,117921.2,140204.0
1753533266426,12:34:26.426,BTC/USD:BTC,117894.7,4900.0,117872.5,2453.0,117915.4,2453.0,117921.2,140204.0
1753533266821,12:34:26.821,BTC/USD:BTC,117894.7,4900.0,117872.5,2453.0,117915.4,2453.0,117921.2,140204.0
1753533266981,12:34:26.981,BTC/USD:BTC,117894.8,4900.0,117878.4,2453.0,117915.4,2453.0,117921.2,140204.0
1753533267393,12:34:27.393,BTC/USD:BTC,117894.8,4900.0,117883.0,2453.0,117915.4,2453.0,117921.2,140204.0
1753533267497,12:34:27.497,BTC/USD:BTC,117883.1,4900.0,117883.0,2453.0,117915.4,2453.0,117921.2,140204.0
1753533267580,12:34:27.580,BTC/USD:BTC,117894.9,4900.0,117886.6,2453.0,117915.4,2453.0,117921.2,140204.0
1753533267684,12:34:27.684,BTC/USD:BTC,117894.9,4900.0,117872.5,2453.0,117915.4,2453.0,117921.2,140204.0
1753533268025,12:34:28.025,BTC/USD:BTC,117895.0,4900.0,117878.4,2453.0,117915.4,2453.0,117921.2,140204.0
1753533268567,12:34:28.567,BTC/USD:BTC,117895.1,4900.0,117883.3,2453.0,117915.4,2453.0,117921.2,140204.0
1753533269095,12:34:29.095,BTC/USD:BTC,117883.4,4900.0,117883.3,2453.0,117915.4,2453.0,117921.2,140204.0
1753533269106,12:34:29.106,BTC/USD:BTC,117895.2,4900.0,117884.5,2453.0,117915.4,2453.0,117921.2,140204.0
1753533269473,12:34:29.473,BTC/USD:BTC,117895.2,4900.0,117872.5,2453.0,117915.4,2453.0,117921.2,140204.0
1753533269625,12:34:29.625,BTC/USD:BTC,117895.3,4900.0,117878.4,2453.0,117915.4,2453.0,117921.2,140204.0
1753533270160,12:34:30.160,BTC/USD:BTC,117895.4,7400.0,117878.5,2500.0,117915.4,2453.0,117921.2,140204.0
1753533270781,12:34:30.781,BTC/USD:BTC,117895.4,7400.0,117878.5,2500.0,117915.4,2453.0,117921.2,140204.0
1753533270944,12:34:30.944,BTC/USD:BTC,117895.4,7400.0,117878.5,2500.0,117915.4,2453.0,117921.2,140204.0
1753533271041,12:34:31.041,BTC/USD:BTC,117895.4,7400.0,117878.5,2500.0,117915.4,2453.0,117921.2,140204.0
1753533271609,12:34:31.609,BTC/USD:BTC,117895.4,7400.0,117878.5,2500.0,117915.4,2453.0,117921.2,140204.0
1753533272130,12:34:32.130,BTC/USD:BTC,117895.4,4900.0,117878.5,2500.0,117915.4,2453.0,117921.2,140204.0
1753533272659,12:34:32.659,BTC/USD:BTC,117895.5,4900.0,117878.5,2500.0,117915.4,2453.0,117921.2,140204.0
1753533273200,12:34:33.200,BTC/USD:BTC,117895.6,4900.0,117878.5,2500.0,117915.4,2453.0,117921.2,140204.0
1753533273207,12:34:33.207,BTC/USD:BTC,117895.6,4900.0,117880.7,2453.0,117915.4,2453.0,117921.2,140204.0
1753533273785,12:34:33.785,BTC/USD:BTC,117895.7,4900.0,117882.1,2487.0,117915.4,2453.0,117921.2,140204.0
1753533274020,12:34:34.020,BTC/USD:BTC,117882.1,2487.0,117872.6,2500.0,117915.4,2453.0,117921.2,140204.0
1753533274199,12:34:34.199,BTC/USD:BTC,117825.3,2482.0,117819.4,2482.0,117915.4,2453.0,117921.2,140204.0
1753533274258,12:34:34.258,BTC/USD:BTC,117789.9,2450.0,117787.1,22887.0,117915.4,2453.0,117921.2,140204.0
1753533275045,12:34:35.045,BTC/USD:BTC,117789.9,2450.0,117787.1,22887.0,117915.4,2453.0,117921.2,140204.0
1753533275892,12:34:35.892,BTC/USD:BTC,117795.8,2487.0,117790.0,22887.0,117915.4,2453.0,117921.2,140204.0
1753533275973,12:34:35.973,BTC/USD:BTC,117801.7,2487.0,117795.9,22887.0,117915.4,2453.0,117921.2,140204.0
1753533278147,12:34:38.147,BTC/USD:BTC,117801.7,2487.0,117795.9,22887.0,117915.4,2453.0,117921.2,140204.0
1753533280203,12:34:40.203,BTC/USD:BTC,117801.7,2487.0,117795.9,22887.0,117915.4,2453.0,117921.2,140204.0
1753533280991,12:34:40.991,BTC/USD:BTC,117801.7,2487.0,117795.9,22887.0,117915.4,2453.0,117921.2,140204.0
1753533284374,12:34:44.374,BTC/USD:BTC,117801.7,2487.0,117795.9,22887.0,117915.4,2453.0,117921.2,140204.0
1753533284576,12:34:44.576,BTC/USD:BTC,117801.7,2487.0,117795.9,22887.0,117915.4,2453.0,117921.2,140204.0
1753533284647,12:34:44.647,BTC/USD:BTC,117801.7,2487.0,117795.9,22887.0,117915.4,2453.0,117921.2,140204.0
1753533284827,12:34:44.827,BTC/USD:BTC,117801.7,2487.0,117795.9,22887.0,117915.4,2453.0,117921.2,140204.0
1753533285585,12:34:45.585,BTC/USD:BTC,117801.7,2487.0,117795.9,22887.0,117915.4,2453.0,117921.2,140204.0
1753533285689,12:34:45.689,BTC/USD:BTC,117801.7,2487.0,117795.9,22887.0,117915.4,2453.0,117921.2,140204.0
1753533285763,12:34:45.763,BTC/USD:BTC,117801.7,2487.0,117795.9,22887.0,117915.4,2453.0,117921.2,140204.0
1753533285836,12:34:45.836,BTC/USD:BTC,117801.7,2487.0,117795.9,22887.0,117915.4,2453.0,117921.2,140204.0
1753533286057,12:34:46.057,BTC/USD:BTC,117801.7,2487.0,117795.9,22887.0,117915.4,2453.0,117921.2,140204.0
1753533286129,12:34:46.129,BTC/USD:BTC,117801.7,2487.0,117795.9,22887.0,117915.4,2453.0,117921.2,140204.0
1753533286202,12:34:46.202,BTC/USD:BTC,117801.7,2487.0,117795.9,22887.0,117915.4,2453.0,117921.2,140204.0
1753533289306,12:34:49.306,BTC/USD:BTC,117801.7,2487.0,117795.9,22887.0,117915.4,2453.0,117921.2,140204.0
1753533290067,12:34:50.067,BTC/USD:BTC,117801.7,2487.0,117795.9,22887.0,117915.4,2453.0,117921.2,140204.0
1753533295280,12:34:55.280,BTC/USD:BTC,117801.7,2487.0,117795.9,22887.0,117915.4,2453.0,117921.2,140204.0
1753533295363,12:34:55.363,BTC/USD:BTC,117801.7,2487.0,117795.9,22887.0,117915.4,2453.0,117921.2,140204.0
1753533296887,12:34:56.887,BTC/USD:BTC,117801.7,2487.0,117795.9,22887.0,117903.7,2556.0,117909.5,2500.0
1753533297582,12:34:57.582,BTC/USD:BTC,117801.7,2487.0,117795.9,22887.0,117903.7,2556.0,117909.5,2500.0
1753533297727,12:34:57.727,BTC/USD:BTC,117801.7,2487.0,117795.9,22887.0,117903.7,2556.0,117909.5,2500.0
1753533298409,12:34:58.409,BTC/USD:BTC,117801.7,2487.0,117795.9,22887.0,117903.7,2556.0,117909.5,2500.0
1753533298570,12:34:58.570,BTC/USD:BTC,117801.7,2487.0,117795.9,22887.0,117903.7,2556.0,117909.5,2500.0
1753533298648,12:34:58.648,BTC/USD:BTC,117801.7,2487.0,117795.9,22887.0,117903.7,2556.0,117909.5,2500.0
1753533303607,12:35:03.607,BTC/USD:BTC,117801.7,2487.0,117795.9,22887.0,117903.7,2556.0,117909.5,2500.0
1753533309389,12:35:09.389,BTC/USD:BTC,117801.7,2487.0,117795.9,22887.0,117903.7,2556.0,117909.5,2500.0
1753533310450,12:35:10.450,BTC/USD:BTC,117801.7,2487.0,117795.9,22887.0,117903.7,2556.0,117909.5,2500.0
1753533310567,12:35:10.567,BTC/USD:BTC,117801.7,2487.0,117795.9,22887.0,117903.7,2556.0,117909.5,2500.0
1753533311094,12:35:11.094,BTC/USD:BTC,117801.7,2487.0,117795.9,22887.0,117903.7,2556.0,117909.5,2500.0
1753533311729,12:35:11.729,BTC/USD:BTC,117801.7,2487.0,117795.9,22887.0,117903.7,2556.0,117909.5,2500.0
1753533312007,12:35:12.007,BTC/USD:BTC,117801.7,2487.0,117795.9,22887.0,117903.7,2556.0,117909.5,2500.0
1753533312177,12:35:12.177,BTC/USD:BTC,117801.7,2487.0,117795.9,22887.0,117903.7,2556.0,117909.5,2500.0
1753533312266,12:35:12.266,BTC/USD:BTC,117801.7,2487.0,117795.9,22887.0,117903.7,2556.0,117909.5,2500.0
1753533312447,12:35:12.447,BTC/USD:BTC,117801.7,2487.0,117795.9,22887.0,117903.7,2556.0,117909.5,2500.0
1753533312623,12:35:12.623,BTC/USD:BTC,117801.7,2487.0,117795.9,22887.0,117903.7,2556.0,117909.5,2500.0
1753533319323,12:35:19.323,BTC/USD:BTC,117801.7,2487.0,117795.9,22887.0,117903.7,2556.0,117909.5,2500.0
1753533319401,12:35:19.401,BTC/USD:BTC,117801.7,2487.0,117795.9,22887.0,117903.7,2556.0,117909.5,2500.0
1753533320064,12:35:20.064,BTC/USD:BTC,117801.7,2487.0,117795.9,22887.0,117903.7,2556.0,117909.5,2500.0
1753533320287,12:35:20.287,BTC/USD:BTC,117801.7,2487.0,117795.9,22887.0,117903.7,2556.0,117909.5,2500.0
1753533320837,12:35:20.837,BTC/USD:BTC,117801.7,2487.0,117795.9,22887.0,117903.7,2556.0,117909.5,2500.0
1753533320929,12:35:20.929,BTC/USD:BTC,117801.7,2487.0,117795.9,22887.0,117903.7,2556.0,117909.5,2500.0
1753533323693,12:35:23.693,BTC/USD:BTC,117801.7,2487.0,117795.9,22887.0,117903.7,2556.0,117909.5,2500.0
1753533323880,12:35:23.880,BTC/USD:BTC,117801.7,2487.0,117795.9,22887.0,117903.7,2556.0,117909.5,2500.0
1753533323992,12:35:23.992,BTC/USD:BTC,117801.7,2487.0,117795.9,22887.0,117903.7,2556.0,117909.5,2500.0
1753533324096,12:35:24.096,BTC/USD:BTC,117801.7,2487.0,117795.9,22887.0,117903.7,2556.0,117909.5,2500.0
1753533324356,12:35:24.356,BTC/USD:BTC,117801.7,2487.0,117795.9,22887.0,117903.7,2556.0,117909.5,2500.0
1753533334495,12:35:34.495,BTC/USD:BTC,117813.4,2512.0,117807.6,2500.0,117903.7,2556.0,117909.5,2500.0
1753533334514,12:35:34.514,BTC/USD:BTC,117813.4,2512.0,117807.6,2500.0,117903.7,2556.0,117909.5,2500.0
1753533336329,12:35:36.329,BTC/USD:BTC,117813.4,2512.0,117807.6,2500.0,117903.7,2556.0,117909.5,2500.0
1753533336417,12:35:36.417,BTC/USD:BTC,117801.7,2487.0,117796.0,2500.0,117903.7,2556.0,117909.5,2500.0
1753533344439,12:35:44.439,BTC/USD:BTC,117801.7,2487.0,117796.0,2500.0,117903.7,2556.0,117909.5,2500.0
1753533346586,12:35:46.586,BTC/USD:BTC,117801.7,2487.0,117796.0,2500.0,117903.7,2556.0,117909.5,2500.0
1753533347637,12:35:47.637,BTC/USD:BTC,117801.7,2487.0,117796.0,2500.0,117903.7,2556.0,117909.5,2500.0
1753533350696,12:35:50.696,BTC/USD:BTC,117813.4,2450.0,117809.5,4140.0,117903.7,1356.0,117909.5,2500.0
1753533350757,12:35:50.757,BTC/USD:BTC,117819.3,2450.0,117813.5,22887.0,117903.7,1356.0,117909.5,2500.0
1753533350896,12:35:50.896,BTC/USD:BTC,117831.2,4900.0,117831.1,2450.0,117903.7,1356.0,117909.5,2500.0
1753533350995,12:35:50.995,BTC/USD:BTC,117843.0,4900.0,117842.9,2450.0,117903.7,1356.0,117909.5,2500.0
1753533351093,12:35:51.093,BTC/USD:BTC,117854.8,4900.0,117854.7,2450.0,117903.7,1356.0,117909.5,2500.0
1753533351195,12:35:51.195,BTC/USD:BTC,117866.6,4900.0,117866.5,2450.0,117909.5,4906.0,117915.3,2500.0
1753533351294,12:35:51.294,BTC/USD:BTC,117878.4,4900.0,117878.3,2450.0,117909.5,4906.0,117915.3,2500.0
1753533351396,12:35:51.396,BTC/USD:BTC,117890.2,4900.0,117890.1,2450.0,117909.5,2906.0,117915.3,2500.0
1753533351493,12:35:51.493,BTC/USD:BTC,117899.4,4900.0,117899.3,2450.0,117909.5,2906.0,117915.3,2500.0
1753533351551,12:35:51.551,BTC/USD:BTC,117901.0,4900.0,117900.9,2450.0,117909.5,2906.0,117915.3,2500.0
1753533351651,12:35:51.651,BTC/USD:BTC,117903.1,4900.0,117903.0,2450.0,117909.5,906.0,117915.3,2500.0
1753533351861,12:35:51.861,BTC/USD:BTC,117903.1,4900.0,117903.0,2450.0,117909.5,6.0,117915.3,2500.0
1753533352067,12:35:52.067,BTC/USD:BTC,117903.1,4900.0,117903.0,2450.0,117909.5,6.0,117915.3,2500.0
1753533352295,12:35:52.295,BTC/USD:BTC,117905.1,4900.0,117905.0,2450.0,117921.3,2450.0,117936.2,140204.0
1753533352352,12:35:52.352,BTC/USD:BTC,117907.0,4900.0,117906.9,2450.0,117921.3,2450.0,117936.2,140204.0
1753533352459,12:35:52.459,BTC/USD:BTC,117907.0,4900.0,117906.9,2450.0,117921.3,2450.0,117936.2,140204.0
1753533352595,12:35:52.595,BTC/USD:BTC,117907.4,4900.0,117907.3,2450.0,117921.3,2450.0,117936.2,140204.0
1753533352651,12:35:52.651,BTC/USD:BTC,117907.6,4900.0,117907.5,2450.0,117921.3,2450.0,117936.2,140204.0
1753533352769,12:35:52.769,BTC/USD:BTC,117907.6,4900.0,117907.5,2450.0,117921.3,2450.0,117936.2,140204.0
1753533353121,12:35:53.121,BTC/USD:BTC,117907.6,4900.0,117907.5,2450.0,117921.3,2450.0,117936.2,140204.0
1753533353559,12:35:53.559,BTC/USD:BTC,117907.6,4900.0,117907.5,2450.0,117921.3,2450.0,117936.2,140204.0
1753533353692,12:35:53.692,BTC/USD:BTC,117907.6,4900.0,117890.1,2450.0,117921.3,2450.0,117936.2,140204.0
1753533354166,12:35:54.166,BTC/USD:BTC,117907.7,4900.0,117896.0,2538.0,117921.3,2450.0,117936.2,140204.0
1753533354695,12:35:54.695,BTC/USD:BTC,117896.1,4900.0,117896.0,2538.0,117921.3,2450.0,117936.2,140204.0
1753533354709,12:35:54.709,BTC/USD:BTC,117907.8,4900.0,117901.3,2538.0,117921.3,2450.0,117936.2,140204.0
1753533354887,12:35:54.887,BTC/USD:BTC,117872.4,2450.0,117866.5,2450.0,117921.3,2450.0,117936.2,140204.0
1753533354999,12:35:54.999,BTC/USD:BTC,117825.2,2450.0,117819.3,2450.0,117921.3,2450.0,117936.2,140204.0
1753533355014,12:35:55.014,BTC/USD:BTC,117819.3,2450.0,117813.5,22887.0,117921.3,2450.0,117936.2,140204.0
1753533355825,12:35:55.825,BTC/USD:BTC,117819.3,2450.0,117813.5,22887.0,117921.3,2450.0,117936.2,140204.0
1753533358015,12:35:58.015,BTC/USD:BTC,117819.3,2450.0,117813.5,22887.0,117921.3,2450.0,117936.2,140204.0
1753533360186,12:36:00.186,BTC/USD:BTC,117819.3,2450.0,117813.5,22887.0,117921.3,4950.0,117936.1,2500.0
1753533360706,12:36:00.706,BTC/USD:BTC,117819.3,2450.0,117813.5,22887.0,117921.3,4950.0,117936.1,2500.0
1753533361143,12:36:01.143,BTC/USD:BTC,117819.3,2450.0,117813.5,22887.0,117921.2,5038.0,117927.1,2538.0
1753533361995,12:36:01.995,BTC/USD:BTC,117819.3,2450.0,117813.5,22887.0,117921.2,5038.0,117927.1,2538.0
1753533362047,12:36:02.047,BTC/USD:BTC,117819.3,2450.0,117813.5,22887.0,117921.2,5038.0,117927.1,2538.0
1753533362112,12:36:02.112,BTC/USD:BTC,117819.3,2450.0,117813.5,22887.0,117921.2,5038.0,117927.0,2500.0
1753533362309,12:36:02.309,BTC/USD:BTC,117819.3,2450.0,117813.5,22887.0,117921.2,5038.0,117927.0,2500.0
1753533363101,12:36:03.101,BTC/USD:BTC,117819.3,2450.0,117813.5,22887.0,117921.2,2538.0,117927.0,2500.0
1753533363334,12:36:03.334,BTC/USD:BTC,117819.3,2450.0,117813.5,22887.0,117921.2,2538.0,117927.0,2500.0
1753533363471,12:36:03.471,BTC/USD:BTC,117819.3,2450.0,117813.5,22887.0,117921.2,2538.0,117927.0,2500.0
1753533364364,12:36:04.364,BTC/USD:BTC,117819.3,2450.0,117813.5,22887.0,117921.2,2538.0,117927.0,2500.0
1753533364443,12:36:04.443,BTC/USD:BTC,117819.3,2450.0,117813.5,22887.0,117921.2,2538.0,117927.0,2500.0
1753533364593,12:36:04.593,BTC/USD:BTC,117819.3,2450.0,117813.5,22887.0,117921.2,2538.0,117927.0,2500.0
1753533364666,12:36:04.666,BTC/USD:BTC,117819.3,2450.0,117813.5,22887.0,117921.2,2538.0,117927.0,2500.0
1753533364740,12:36:04.740,BTC/USD:BTC,117819.3,2450.0,117813.5,22887.0,117921.2,2538.0,117927.0,2500.0
1753533365553,12:36:05.553,BTC/USD:BTC,117819.3,2450.0,117813.5,22887.0,117921.2,2538.0,117927.0,2500.0
1753533365701,12:36:05.701,BTC/USD:BTC,117819.3,2450.0,117813.5,22887.0,117921.2,2538.0,117927.0,2500.0
1753533365775,12:36:05.775,BTC/USD:BTC,117819.3,2450.0,117813.5,22887.0,117921.2,2538.0,117927.0,2500.0
1753533365849,12:36:05.849,BTC/USD:BTC,117819.3,2450.0,117813.5,22887.0,117921.2,2538.0,117927.0,2500.0
1753533365970,12:36:05.970,BTC/USD:BTC,117819.3,2450.0,117813.5,22887.0,117921.2,2538.0,117927.0,2500.0
1753533366072,12:36:06.072,BTC/USD:BTC,117819.3,2450.0,117813.5,22887.0,117921.2,2538.0,117927.0,2500.0
1753533366145,12:36:06.145,BTC/USD:BTC,117819.3,2450.0,117813.5,22887.0,117921.2,2538.0,117927.0,2500.0
1753533366217,12:36:06.217,BTC/USD:BTC,117819.3,2450.0,117813.5,22887.0,117921.2,2538.0,117927.0,2500.0
1753533373037,12:36:13.037,BTC/USD:BTC,117819.3,2450.0,117813.5,22887.0,117921.2,2538.0,117927.0,2500.0
1753533373188,12:36:13.188,BTC/USD:BTC,117819.3,2450.0,117813.5,22887.0,117921.2,2538.0,117927.0,2500.0
1753533381714,12:36:21.714,BTC/USD:BTC,117819.3,2450.0,117813.5,22887.0,117921.2,2538.0,117927.0,2500.0
1753533382843,12:36:22.843,BTC/USD:BTC,117819.3,2450.0,117813.5,22887.0,117921.2,2538.0,117927.0,2500.0
1753533382924,12:36:22.924,BTC/USD:BTC,117819.3,2450.0,117813.5,22887.0,117921.2,2538.0,117927.0,2500.0
1753533386121,12:36:26.121,BTC/USD:BTC,117819.3,2450.0,117813.5,22887.0,117921.2,2538.0,117927.0,2500.0
1753533386276,12:36:26.276,BTC/USD:BTC,117819.3,2450.0,117813.5,22887.0,117921.2,2538.0,117927.0,2500.0
1753533386368,12:36:26.368,BTC/USD:BTC,117819.3,2450.0,117813.5,22887.0,117921.2,2538.0,117927.0,2500.0
1753533386442,12:36:26.442,BTC/USD:BTC,117819.3,2450.0,117813.5,22887.0,117921.2,2538.0,117927.0,2500.0
1753533386669,12:36:26.669,BTC/USD:BTC,117825.2,2529.0,117819.4,22887.0,117921.2,2538.0,117927.0,2500.0
1753533386717,12:36:26.717,BTC/USD:BTC,117825.2,2529.0,117819.4,22887.0,117921.2,2538.0,117927.0,2500.0
1753533387080,12:36:27.080,BTC/USD:BTC,117825.2,2529.0,117819.4,22887.0,117921.2,2538.0,117927.0,2500.0
1753533387652,12:36:27.652,BTC/USD:BTC,117825.2,2529.0,117819.4,22887.0,117921.2,2538.0,117927.0,2500.0
1753533388097,12:36:28.097,BTC/USD:BTC,117825.2,2529.0,117819.4,22887.0,117921.2,2538.0,117927.0,2500.0
1753533390700,12:36:30.700,BTC/USD:BTC,117825.2,2529.0,117819.4,22887.0,117921.2,2538.0,117927.0,2500.0
1753533390861,12:36:30.861,BTC/USD:BTC,117825.2,2529.0,117819.4,22887.0,117921.2,2538.0,117927.0,2500.0
1753533391313,12:36:31.313,BTC/USD:BTC,117825.2,2529.0,117819.4,22887.0,117921.2,2538.0,117927.0,2500.0
1753533393846,12:36:33.846,BTC/USD:BTC,117825.2,2529.0,117819.4,22887.0,117921.2,2538.0,117927.0,2500.0
1753533394004,12:36:34.004,BTC/USD:BTC,117825.2,2529.0,117819.4,22887.0,117921.2,2538.0,117927.0,2500.0
1753533396658,12:36:36.658,BTC/USD:BTC,117825.2,2529.0,117819.4,22887.0,117921.2,2538.0,117927.0,2500.0
1753533397762,12:36:37.762,BTC/USD:BTC,117836.9,2512.0,117831.1,2512.0,117921.2,2538.0,117927.0,2500.0
1753533397901,12:36:37.901,BTC/USD:BTC,117831.1,2512.0,117825.3,2500.0,117921.2,2538.0,117927.0,2500.0
1753533398700,12:36:38.700,BTC/USD:BTC,117831.1,5012.0,117825.3,2500.0,117921.2,2538.0,117927.0,2500.0
1753533398719,12:36:38.719,BTC/USD:BTC,117836.9,2512.0,117831.1,2512.0,117921.2,2538.0,117927.0,2500.0
1753533398862,12:36:38.862,BTC/USD:BTC,117831.1,2512.0,117825.3,2500.0,117921.2,2538.0,117927.0,2500.0
1753533399700,12:36:39.700,BTC/USD:BTC,117836.9,2512.0,117831.1,5012.0,117921.2,2538.0,117927.0,2500.0
1753533399709,12:36:39.709,BTC/USD:BTC,117836.9,2512.0,117831.1,2512.0,117921.2,2538.0,117927.0,2500.0
1753533399852,12:36:39.852,BTC/USD:BTC,117831.1,2512.0,117825.3,2500.0,117921.2,2538.0,117927.0,2500.0
1753533400699,12:36:40.699,BTC/USD:BTC,117836.9,2512.0,117831.1,2512.0,117921.2,2538.0,117927.0,2500.0
1753533400842,12:36:40.842,BTC/USD:BTC,117831.1,2512.0,117825.3,2500.0,117921.2,2538.0,117927.0,2500.0
1753533401363,12:36:41.363,BTC/USD:BTC,117831.1,2512.0,117825.3,2500.0,117921.2,2538.0,117927.0,2500.0
1753533401690,12:36:41.690,BTC/USD:BTC,117836.9,2512.0,117831.1,2512.0,117921.2,2538.0,117927.0,2500.0
1753533401832,12:36:41.832,BTC/USD:BTC,117831.1,2512.0,117825.3,2500.0,117921.2,2538.0,117927.0,2500.0
1753533402155,12:36:42.155,BTC/USD:BTC,117831.1,2512.0,117825.3,2500.0,117921.2,2538.0,117927.0,2500.0
1753533402686,12:36:42.686,BTC/USD:BTC,117836.9,2512.0,117831.1,2512.0,117921.2,2538.0,117927.0,2500.0
1753533402821,12:36:42.821,BTC/USD:BTC,117831.1,2512.0,117825.3,2500.0,117921.2,2538.0,117927.0,2500.0
1753533403669,12:36:43.669,BTC/USD:BTC,117836.9,2527.0,117831.1,2512.0,117921.2,2538.0,117927.0,2500.0
1753533403807,12:36:43.807,BTC/USD:BTC,117831.1,2512.0,117825.3,2500.0,117921.2,2538.0,117927.0,2500.0
1753533404655,12:36:44.655,BTC/USD:BTC,117836.9,2527.0,117831.1,2512.0,117921.2,2538.0,117927.0,2500.0
1753533404797,12:36:44.797,BTC/USD:BTC,117831.1,2512.0,117825.3,2500.0,117921.2,2538.0,117927.0,2500.0
1753533405650,12:36:45.650,BTC/USD:BTC,117836.9,2527.0,117831.1,2512.0,117921.2,2538.0,117927.0,2500.0
1753533405792,12:36:45.792,BTC/USD:BTC,117831.1,2512.0,117825.3,2500.0,117921.2,2538.0,117927.0,2500.0
1753533406346,12:36:46.346,BTC/USD:BTC,117831.1,2512.0,117825.3,2500.0,117921.2,2538.0,117927.0,2500.0
1753533406464,12:36:46.464,BTC/USD:BTC,117831.1,2512.0,117825.3,2500.0,117921.2,2538.0,117927.0,2500.0
1753533406590,12:36:46.590,BTC/USD:BTC,117831.1,2512.0,117825.3,2500.0,117921.2,2538.0,117927.0,2500.0
1753533406656,12:36:46.656,BTC/USD:BTC,117836.9,2527.0,117831.1,2512.0,117921.2,2538.0,117927.0,2500.0
1753533406797,12:36:46.797,BTC/USD:BTC,117831.1,2512.0,117825.3,2500.0,117921.2,2538.0,117927.0,2500.0
1753533407479,12:36:47.479,BTC/USD:BTC,117831.1,2512.0,117825.3,2500.0,117921.2,2538.0,117927.0,2500.0
1753533407600,12:36:47.600,BTC/USD:BTC,117831.1,5012.0,117825.3,2500.0,117921.2,2538.0,117927.0,2500.0
1753533407670,12:36:47.670,BTC/USD:BTC,117836.9,2527.0,117831.1,2512.0,117921.2,2538.0,117927.0,2500.0
1753533407775,12:36:47.775,BTC/USD:BTC,117831.1,2512.0,117825.3,2500.0,117921.2,2538.0,117927.0,2500.0
1753533407993,12:36:47.993,BTC/USD:BTC,117831.1,2512.0,117825.3,2500.0,117921.2,2538.0,117927.0,2500.0
1753533408065,12:36:48.065,BTC/USD:BTC,117831.1,2512.0,117825.3,2500.0,117921.2,2538.0,117927.0,2500.0
1753533408599,12:36:48.599,BTC/USD:BTC,117836.9,2527.0,117831.1,5012.0,117921.2,2538.0,117927.0,2500.0
1753533408609,12:36:48.609,BTC/USD:BTC,117836.9,2527.0,117831.1,2512.0,117921.2,2538.0,117927.0,2500.0
1753533408751,12:36:48.751,BTC/USD:BTC,117831.1,2512.0,117825.3,2500.0,117921.2,2538.0,117927.0,2500.0
1753533409600,12:36:49.600,BTC/USD:BTC,117836.9,2527.0,117831.1,2512.0,117921.2,2538.0,117927.0,2500.0
1753533409743,12:36:49.743,BTC/USD:BTC,117831.1,2512.0,117825.3,2500.0,117921.2,2538.0,117927.0,2500.0
1753533410589,12:36:50.589,BTC/USD:BTC,117836.9,2527.0,117831.1,2512.0,117921.2,2538.0,117927.0,2500.0
1753533410732,12:36:50.732,BTC/USD:BTC,117831.1,2512.0,117825.3,2500.0,117921.2,2538.0,117927.0,2500.0
1753533411327,12:36:51.327,BTC/USD:BTC,117831.1,2512.0,117825.3,2500.0,117921.2,2538.0,117927.0,2500.0
1753533411580,12:36:51.580,BTC/USD:BTC,117836.9,2527.0,117831.1,2512.0,117921.2,2538.0,117927.0,2500.0
1753533411722,12:36:51.722,BTC/USD:BTC,117831.1,2512.0,117825.3,2500.0,117921.2,2538.0,117927.0,2500.0
1753533411970,12:36:51.970,BTC/USD:BTC,117831.1,2512.0,117825.3,2500.0,117921.2,2538.0,117927.0,2500.0
1753533412569,12:36:52.569,BTC/USD:BTC,117836.9,2527.0,117831.1,2512.0,117921.2,2538.0,117927.0,2500.0
1753533412710,12:36:52.710,BTC/USD:BTC,117831.1,2512.0,117825.3,2500.0,117921.2,2538.0,117927.0,2500.0
1753533413555,12:36:53.555,BTC/USD:BTC,117836.9,2476.0,117831.1,2512.0,117921.2,2538.0,117927.0,2500.0
1753533413697,12:36:53.697,BTC/USD:BTC,117831.1,2512.0,117825.3,2500.0,117921.2,2538.0,117927.0,2500.0
1753533414549,12:36:54.549,BTC/USD:BTC,117836.9,2476.0,117831.1,2512.0,117921.2,2538.0,117927.0,2500.0
1753533414690,12:36:54.690,BTC/USD:BTC,117831.1,2512.0,117825.3,2500.0,117921.2,2538.0,117927.0,2500.0
1753533415539,12:36:55.539,BTC/USD:BTC,117836.9,2476.0,117831.1,2512.0,117921.2,2538.0,117927.0,2500.0
1753533415678,12:36:55.678,BTC/USD:BTC,117831.1,2512.0,117825.3,2500.0,117921.2,2538.0,117927.0,2500.0
1753533416499,12:36:56.499,BTC/USD:BTC,117831.1,5012.0,117825.3,2500.0,117921.2,2538.0,117927.0,2500.0
1753533416532,12:36:56.532,BTC/USD:BTC,117836.9,2476.0,117831.1,2512.0,117921.2,2538.0,117927.0,2500.0
1753533416688,12:36:56.688,BTC/USD:BTC,117831.1,2512.0,117825.3,2500.0,117921.2,2538.0,117927.0,2500.0
1753533417488,12:36:57.488,BTC/USD:BTC,117831.1,5012.0,117825.3,2500.0,117921.2,2538.0,117927.0,2500.0
1753533417522,12:36:57.522,BTC/USD:BTC,117836.9,2476.0,117831.1,2512.0,117921.2,2538.0,117927.0,2500.0
1753533417652,12:36:57.652,BTC/USD:BTC,117831.1,2512.0,117825.3,2500.0,117921.2,2538.0,117927.0,2500.0
1753533418499,12:36:58.499,BTC/USD:BTC,117836.9,2476.0,117831.1,2512.0,117921.2,2538.0,117927.0,2500.0
1753533418642,12:36:58.642,BTC/USD:BTC,117831.1,2512.0,117825.3,2500.0,117921.2,2538.0,117927.0,2500.0
1753533419495,12:36:59.495,BTC/USD:BTC,117836.9,2476.0,117831.1,2512.0,117921.2,2538.0,117927.0,2500.0
1753533419638,12:36:59.638,BTC/USD:BTC,117831.1,2512.0,117825.3,2500.0,117921.2,2538.0,117927.0,2500.0
1753533420479,12:37:00.479,BTC/USD:BTC,117836.9,2476.0,117831.1,2512.0,117921.2,2538.0,117927.0,2500.0
1753533420618,12:37:00.618,BTC/USD:BTC,117831.1,2512.0,117825.3,2500.0,117921.2,2538.0,117927.0,2500.0
1753533420945,12:37:00.945,BTC/USD:BTC,117831.1,2512.0,117825.3,2500.0,117921.2,2538.0,117927.0,2500.0
1753533421026,12:37:01.026,BTC/USD:BTC,117831.1,2512.0,117825.3,2500.0,117921.2,2538.0,117927.0,2500.0
1753533421106,12:37:01.106,BTC/USD:BTC,117831.1,2512.0,117825.3,2500.0,117921.2,2538.0,117927.0,2500.0
1753533421476,12:37:01.476,BTC/USD:BTC,117836.9,2476.0,117831.1,2512.0,117921.2,2538.0,117927.0,2500.0
1753533421612,12:37:01.612,BTC/USD:BTC,117831.1,2512.0,117825.3,2500.0,117921.2,2538.0,117927.0,2500.0
1753533422459,12:37:02.459,BTC/USD:BTC,117836.9,2476.0,117831.1,2512.0,117921.2,2538.0,117927.0,2500.0
1753533422598,12:37:02.598,BTC/USD:BTC,117831.1,2512.0,117825.3,2500.0,117921.2,2538.0,117927.0,2500.0
1753533422632,12:37:02.632,BTC/USD:BTC,117831.1,2512.0,117825.3,2500.0,117921.2,2538.0,117927.0,2500.0
1753533423446,12:37:03.446,BTC/USD:BTC,117836.9,2509.0,117831.1,2512.0,117921.2,2538.0,117927.0,2500.0
1753533423588,12:37:03.588,BTC/USD:BTC,117831.1,2512.0,117825.3,2500.0,117921.2,2538.0,117927.0,2500.0
1753533424477,12:37:04.477,BTC/USD:BTC,117836.9,2509.0,117831.1,2512.0,117909.4,509.0,117915.2,2500.0
1753533424578,12:37:04.578,BTC/USD:BTC,117831.1,2512.0,117825.3,2500.0,117909.4,509.0,117915.2,2500.0
1753533424700,12:37:04.700,BTC/USD:BTC,117831.1,2512.0,117825.3,2500.0,117909.4,9.0,117915.2,2500.0
1753533424829,12:37:04.829,BTC/USD:BTC,117831.1,2512.0,117825.3,2500.0,117909.4,9.0,117915.2,2500.0
1753533424988,12:37:04.988,BTC/USD:BTC,117831.1,2512.0,117825.3,2500.0,117909.4,9.0,117915.2,2500.0
1753533425064,12:37:05.064,BTC/USD:BTC,117831.1,2512.0,117825.3,2500.0,117909.4,9.0,117915.2,2500.0
1753533425161,12:37:05.161,BTC/USD:BTC,117831.1,2512.0,117825.3,2500.0,117909.4,9.0,117915.2,2500.0
1753533425400,12:37:05.400,BTC/USD:BTC,117831.2,2500.0,117831.1,5012.0,117909.4,9.0,117915.2,2500.0
1753533425449,12:37:05.449,BTC/USD:BTC,117842.9,2509.0,117837.1,2500.0,117909.4,9.0,117915.2,2500.0
1753533425590,12:37:05.590,BTC/USD:BTC,117842.9,2509.0,117837.1,2500.0,117909.4,9.0,117915.2,2500.0
1753533426388,12:37:06.388,BTC/USD:BTC,117842.9,2509.0,117837.1,2500.0,117909.4,2509.0,117915.2,2500.0
1753533426436,12:37:06.436,BTC/USD:BTC,117842.9,2509.0,117837.1,2500.0,117909.4,3018.0,117915.2,2500.0
1753533426656,12:37:06.656,BTC/USD:BTC,117842.9,2509.0,117837.1,2500.0,117909.4,1018.0,117915.2,2500.0
1753533426847,12:37:06.847,BTC/USD:BTC,117842.9,2509.0,117837.1,2500.0,117909.4,18.0,117915.2,2500.0
1753533427401,12:37:07.401,BTC/USD:BTC,117842.9,2509.0,117837.1,2500.0,117909.4,518.0,117915.2,2500.0
1753533427424,12:37:07.424,BTC/USD:BTC,117842.9,2509.0,117837.1,2500.0,117909.4,3027.0,117915.2,2500.0
1753533427607,12:37:07.607,BTC/USD:BTC,117842.9,2509.0,117837.1,2500.0,117909.4,1027.0,117915.2,2500.0
1753533427833,12:37:07.833,BTC/USD:BTC,117842.9,2509.0,117837.1,2500.0,117909.4,27.0,117915.2,2500.0
1753533428399,12:37:08.399,BTC/USD:BTC,117842.9,2509.0,117837.1,2500.0,117909.4,527.0,117915.2,2500.0
1753533428419,12:37:08.419,BTC/USD:BTC,117842.9,2509.0,117837.1,2500.0,117909.4,3036.0,117915.2,2500.0
1753533428625,12:37:08.625,BTC/USD:BTC,117842.9,2509.0,117837.1,2500.0,117909.4,1036.0,117915.2,2500.0
1753533428848,12:37:08.848,BTC/USD:BTC,117842.9,2509.0,117837.1,2500.0,117909.4,36.0,117915.2,2500.0
1753533429397,12:37:09.397,BTC/USD:BTC,117842.9,2509.0,117837.1,2500.0,117909.4,3045.0,117915.2,2500.0
1753533429591,12:37:09.591,BTC/USD:BTC,117842.9,2509.0,117837.1,2500.0,117909.4,1045.0,117915.2,2500.0
1753533429837,12:37:09.837,BTC/USD:BTC,117842.9,2509.0,117837.1,2500.0,117909.4,45.0,117915.2,2500.0
1753533430373,12:37:10.373,BTC/USD:BTC,117842.9,2509.0,117837.1,2500.0,117909.4,3054.0,117915.2,2500.0
1753533430610,12:37:10.610,BTC/USD:BTC,117842.9,2509.0,117837.1,2500.0,117909.4,1054.0,117915.2,2500.0
1753533431332,12:37:11.332,BTC/USD:BTC,117842.9,2509.0,117837.1,2500.0,117909.4,3554.0,117915.2,2500.0
1753533431949,12:37:11.949,BTC/USD:BTC,117842.9,2509.0,117837.1,2500.0,117909.4,4063.0,117915.2,2500.0
1753533432160,12:37:12.160,BTC/USD:BTC,117842.9,2509.0,117837.1,2500.0,117909.4,2863.0,117915.2,2500.0
1753533432337,12:37:12.337,BTC/USD:BTC,117842.9,2509.0,117837.1,2500.0,117909.3,5009.0,117909.4,354.0
1753533432405,12:37:12.405,BTC/USD:BTC,117842.9,2509.0,117837.1,2500.0,117909.3,3009.0,117909.4,354.0
1753533432641,12:37:12.641,BTC/USD:BTC,117842.9,2509.0,117837.1,2500.0,117909.3,1009.0,117909.4,354.0
1753533432927,12:37:12.927,BTC/USD:BTC,117842.9,2509.0,117837.1,2500.0,117915.2,4972.0,117921.1,2500.0
1753533433147,12:37:13.147,BTC/USD:BTC,117842.9,2509.0,117837.1,2500.0,117915.2,4972.0,117921.1,2500.0
1753533433828,12:37:13.828,BTC/USD:BTC,117842.9,2509.0,117837.1,2500.0,117915.2,4972.0,117921.1,2500.0
1753533435033,12:37:15.033,BTC/USD:BTC,117842.9,2509.0,117837.1,2500.0,117915.2,4972.0,117921.1,2500.0
1753533435129,12:37:15.129,BTC/USD:BTC,117842.9,2509.0,117837.1,2500.0,117915.2,4972.0,117921.1,2500.0
1753533435204,12:37:15.204,BTC/USD:BTC,117842.9,2509.0,117837.1,2500.0,117915.2,4972.0,117921.1,2500.0
1753533437849,12:37:17.849,BTC/USD:BTC,117842.9,2509.0,117837.1,2500.0,117915.2,4972.0,117921.1,2500.0
1753533437924,12:37:17.924,BTC/USD:BTC,117842.9,2509.0,117837.1,2500.0,117915.2,4972.0,117921.1,2500.0
1753533438096,12:37:18.096,BTC/USD:BTC,117842.9,2509.0,117837.1,2500.0,117915.2,4972.0,117921.1,2500.0
1753533438458,12:37:18.458,BTC/USD:BTC,117842.9,2509.0,117837.1,2500.0,117915.2,4972.0,117921.1,2500.0
1753533438535,12:37:18.535,BTC/USD:BTC,117842.9,2509.0,117837.1,2500.0,117915.2,4972.0,117921.1,2500.0
1753533438627,12:37:18.627,BTC/USD:BTC,117842.9,2509.0,117837.1,2500.0,117915.2,4972.0,117921.1,2500.0
1753533443733,12:37:23.733,BTC/USD:BTC,117842.9,2509.0,117837.1,2500.0,117915.2,4972.0,117921.1,2500.0
1753533444622,12:37:24.622,BTC/USD:BTC,117842.9,2509.0,117837.1,2500.0,117915.2,4972.0,117921.1,2500.0
1753533444743,12:37:24.743,BTC/USD:BTC,117842.9,2509.0,117837.1,2500.0,117915.2,4972.0,117921.1,2500.0
1753533444843,12:37:24.843,BTC/USD:BTC,117842.9,2509.0,117837.1,2500.0,117915.2,4972.0,117921.1,2500.0
1753533446088,12:37:26.088,BTC/USD:BTC,117842.9,2509.0,117837.1,2500.0,117915.2,4972.0,117921.1,2500.0
1753533446183,12:37:26.183,BTC/USD:BTC,117842.9,2509.0,117837.1,2500.0,117915.2,4972.0,117921.1,2500.0
1753533446262,12:37:26.262,BTC/USD:BTC,117842.9,2509.0,117837.1,2500.0,117915.2,4972.0,117921.1,2500.0
1753533447086,12:37:27.086,BTC/USD:BTC,117842.9,2509.0,117837.1,2500.0,117915.2,2972.0,117921.1,2500.0
1753533447194,12:37:27.194,BTC/USD:BTC,117854.8,4900.0,117854.7,2544.0,117915.1,5044.0,117915.2,463.0
1753533447295,12:37:27.295,BTC/USD:BTC,117866.6,4900.0,117866.5,2544.0,117915.1,5044.0,117915.2,463.0
1753533447398,12:37:27.398,BTC/USD:BTC,117878.4,4900.0,117878.3,2544.0,117915.1,3044.0,117915.2,463.0
1753533447494,12:37:27.494,BTC/USD:BTC,117890.2,4900.0,117890.1,2544.0,117915.1,3044.0,117915.2,463.0
1753533447594,12:37:27.594,BTC/USD:BTC,117902.0,4900.0,117901.9,2544.0,117915.1,1044.0,117915.2,463.0
1753533447694,12:37:27.694,BTC/USD:BTC,117913.8,4900.0,117913.7,2544.0,117915.2,463.0,117921.1,2500.0
1753533447793,12:37:27.793,BTC/USD:BTC,117919.6,4900.0,117919.5,2544.0,117921.1,1463.0,117921.2,2538.0
1753533447876,12:37:27.876,BTC/USD:BTC,117921.0,7444.0,117907.8,2544.0,117921.1,1463.0,117921.2,2538.0
1753533447998,12:37:27.998,BTC/USD:BTC,117921.1,2544.0,117921.0,4900.0,117927.0,5044.0,117946.1,2500.0
1753533448086,12:37:28.086,BTC/USD:BTC,117923.7,4900.0,117923.6,2544.0,117927.0,5044.0,117932.9,2544.0
1753533448174,12:37:28.174,BTC/USD:BTC,117923.7,4900.0,117923.6,2544.0,117927.0,5044.0,117932.8,2500.0
1753533448393,12:37:28.393,BTC/USD:BTC,117923.7,4900.0,117907.8,2544.0,117927.0,5044.0,117932.8,2500.0
1753533448675,12:37:28.675,BTC/USD:BTC,117923.7,4900.0,117907.8,2544.0,117927.0,5044.0,117932.8,2500.0
1753533448767,12:37:28.767,BTC/USD:BTC,117923.7,4900.0,117907.8,2544.0,117927.0,5044.0,117932.8,2500.0
1753533448950,12:37:28.950,BTC/USD:BTC,117923.8,4900.0,117913.7,2544.0,117927.0,5044.0,117932.8,2500.0
1753533449147,12:37:29.147,BTC/USD:BTC,117923.8,4900.0,117913.7,2544.0,117926.9,5044.0,117932.8,2500.0
1753533449467,12:37:29.467,BTC/USD:BTC,117923.9,4900.0,117918.1,2544.0,117926.9,5044.0,117932.8,2500.0
1753533449598,12:37:29.598,BTC/USD:BTC,117923.9,4900.0,117918.1,2544.0,117926.9,5044.0,117932.8,2500.0
1753533449773,12:37:29.773,BTC/USD:BTC,117923.9,4900.0,117918.1,2544.0,117926.9,5044.0,117932.8,2500.0
1753533449997,12:37:29.997,BTC/USD:BTC,117924.0,4900.0,117918.1,2544.0,117926.9,5044.0,117932.8,2500.0
1753533450006,12:37:30.006,BTC/USD:BTC,117924.0,4900.0,117918.5,2544.0,117926.9,5044.0,117932.8,2500.0
1753533450278,12:37:30.278,BTC/USD:BTC,117924.0,4900.0,117918.5,2544.0,117926.9,5044.0,117932.8,2500.0
1753533450351,12:37:30.351,BTC/USD:BTC,117924.0,4900.0,117918.5,2544.0,117926.9,5044.0,117932.8,2500.0
1753533450426,12:37:30.426,BTC/USD:BTC,117924.0,4900.0,117918.5,2544.0,117926.9,5044.0,117932.8,2500.0
1753533450538,12:37:30.538,BTC/USD:BTC,117924.1,4900.0,117918.8,2544.0,117926.9,5044.0,117932.8,2500.0
1753533451067,12:37:31.067,BTC/USD:BTC,117924.2,4900.0,117919.7,2544.0,117926.9,5044.0,117932.8,2500.0
1753533451121,12:37:31.121,BTC/USD:BTC,117924.2,4900.0,117919.7,2544.0,117926.8,5044.0,117932.8,2500.0
1753533451597,12:37:31.597,BTC/USD:BTC,117924.3,4900.0,117919.7,2544.0,117926.8,5044.0,117932.8,2500.0
1753533452114,12:37:32.114,BTC/USD:BTC,117924.4,4900.0,117919.7,2544.0,117926.8,5044.0,117932.8,2500.0
1753533452688,12:37:32.688,BTC/USD:BTC,117924.5,4900.0,117901.9,2544.0,117926.8,5044.0,117932.8,2500.0
1753533453091,12:37:33.091,BTC/USD:BTC,117924.5,4900.0,117901.9,2544.0,117926.7,2500.0,117926.8,2544.0
1753533453198,12:37:33.198,BTC/USD:BTC,117924.6,4900.0,117901.9,2544.0,117926.7,5044.0,117932.8,2500.0
1753533453206,12:37:33.206,BTC/USD:BTC,117924.6,4900.0,117907.8,2544.0,117926.7,5044.0,117932.8,2500.0
1753533453726,12:37:33.726,BTC/USD:BTC,117924.7,4900.0,117913.7,2498.0,117926.7,5044.0,117932.8,2500.0
1753533454267,12:37:34.267,BTC/USD:BTC,117924.8,4900.0,117917.0,2498.0,117926.7,5044.0,117932.8,2500.0
1753533454796,12:37:34.796,BTC/USD:BTC,117924.9,4900.0,117917.0,2498.0,117926.7,5044.0,117932.8,2500.0
1753533454853,12:37:34.853,BTC/USD:BTC,117924.9,4900.0,117907.8,2544.0,117926.7,5044.0,117932.8,2500.0
1753533455076,12:37:35.076,BTC/USD:BTC,117924.9,4900.0,117907.8,2544.0,117926.6,4998.0,117932.8,2500.0
1753533455320,12:37:35.320,BTC/USD:BTC,117925.0,4900.0,117913.7,2498.0,117926.6,4998.0,117932.8,2500.0
1753533455868,12:37:35.868,BTC/USD:BTC,117925.1,4900.0,117918.0,2498.0,117926.6,4998.0,117932.8,2500.0
1753533456018,12:37:36.018,BTC/USD:BTC,117925.1,4900.0,117918.0,2498.0,117926.6,4998.0,117932.8,2500.0
1753533456399,12:37:36.399,BTC/USD:BTC,117925.2,4900.0,117918.0,2498.0,117926.6,4998.0,117932.8,2500.0
1753533456408,12:37:36.408,BTC/USD:BTC,117925.2,4900.0,117919.5,2498.0,117926.6,4998.0,117932.8,2500.0
1753533456594,12:37:36.594,BTC/USD:BTC,117925.2,4900.0,117919.5,2498.0,117926.6,4998.0,117932.8,2500.0
1753533456694,12:37:36.694,BTC/USD:BTC,117925.6,4900.0,117925.5,2498.0,117926.6,4998.0,117932.8,2500.0
1753533456786,12:37:36.786,BTC/USD:BTC,117925.6,4900.0,117925.5,2498.0,117926.6,4998.0,117932.8,2500.0
1753533456894,12:37:36.894,BTC/USD:BTC,117926.3,4900.0,117926.2,2498.0,117926.6,4998.0,117932.8,2500.0
1753533456988,12:37:36.988,BTC/USD:BTC,117926.3,4900.0,117926.2,2498.0,117926.6,4998.0,117932.8,2500.0
1753533457056,12:37:37.056,BTC/USD:BTC,117926.3,4900.0,117926.2,2498.0,117926.5,2500.0,117926.6,2498.0
1753533457196,12:37:37.196,BTC/USD:BTC,117926.3,4900.0,117926.2,2498.0,117926.5,4998.0,117932.8,2500.0
1753533458031,12:37:38.031,BTC/USD:BTC,117926.3,4900.0,117926.2,2498.0,117926.5,4998.0,117932.8,2500.0
1753533459035,12:37:39.035,BTC/USD:BTC,117926.3,4900.0,117926.2,2498.0,117926.4,4998.0,117932.8,2500.0
1753533459142,12:37:39.142,BTC/USD:BTC,117926.3,4900.0,117907.8,2544.0,117926.4,4998.0,117932.8,2500.0
1753533459695,12:37:39.695,BTC/USD:BTC,117907.9,4900.0,117907.8,2544.0,117926.4,4998.0,117932.8,2500.0
1753533459722,12:37:39.722,BTC/USD:BTC,117926.3,4900.0,117913.7,2498.0,117926.4,4998.0,117932.8,2500.0
1753533460216,12:37:40.216,BTC/USD:BTC,117926.3,4900.0,117919.3,2498.0,117926.4,4998.0,117932.8,2500.0
1753533460726,12:37:40.726,BTC/USD:BTC,117926.3,4900.0,117921.3,2498.0,117926.4,4998.0,117932.8,2500.0
1753533460878,12:37:40.878,BTC/USD:BTC,117926.3,4900.0,117921.3,2498.0,117926.4,4998.0,117932.8,2500.0
1753533460997,12:37:40.997,BTC/USD:BTC,117926.3,4900.0,117921.3,2498.0,117926.4,2498.0,117932.8,2500.0
1753533461280,12:37:41.280,BTC/USD:BTC,117926.3,4900.0,117921.4,2498.0,117926.4,2498.0,117932.8,2500.0
1753533461727,12:37:41.727,BTC/USD:BTC,117926.3,4900.0,117921.4,2498.0,117926.4,2498.0,117932.8,2500.0
1753533461987,12:37:41.987,BTC/USD:BTC,117926.3,4900.0,117921.4,2498.0,117926.4,4998.0,117932.8,2500.0
1753533462235,12:37:42.235,BTC/USD:BTC,117926.3,4900.0,117921.4,2498.0,117926.4,4998.0,117932.8,2500.0
1753533462740,12:37:42.740,BTC/USD:BTC,117926.3,4900.0,117921.4,2498.0,117926.4,4998.0,117932.8,2500.0
1753533463247,12:37:43.247,BTC/USD:BTC,117926.3,4900.0,117921.4,2498.0,117926.4,4998.0,117932.8,2500.0
1753533463425,12:37:43.425,BTC/USD:BTC,117926.3,4900.0,117901.9,2544.0,117926.4,4998.0,117932.8,2500.0
1753533463766,12:37:43.766,BTC/USD:BTC,117926.3,4900.0,117907.8,2451.0,117926.4,4998.0,117932.8,2500.0
1753533463964,12:37:43.964,BTC/USD:BTC,117926.3,4900.0,117907.8,2451.0,117926.4,2498.0,117932.8,2500.0
1753533464266,12:37:44.266,BTC/USD:BTC,117926.3,4900.0,117913.7,2451.0,117926.4,2498.0,117932.8,2500.0
1753533464766,12:37:44.766,BTC/USD:BTC,117926.3,4900.0,117913.7,2451.0,117926.4,2498.0,117932.8,2500.0
1753533464953,12:37:44.953,BTC/USD:BTC,117926.3,4900.0,117913.7,2451.0,117926.4,4998.0,117932.8,2500.0
1753533465281,12:37:45.281,BTC/USD:BTC,117926.3,4900.0,117919.6,2451.0,117926.4,4998.0,117932.8,2500.0
1753533465571,12:37:45.571,BTC/USD:BTC,117926.3,4900.0,117920.4,2451.0,117926.4,4998.0,117932.8,2500.0
1753533465787,12:37:45.787,BTC/USD:BTC,117926.3,4900.0,117920.8,2451.0,117926.4,4998.0,117932.8,2500.0
1753533466288,12:37:46.288,BTC/USD:BTC,117926.3,4900.0,117920.8,2451.0,117926.4,4998.0,117932.8,2500.0
1753533466794,12:37:46.794,BTC/USD:BTC,117926.3,4900.0,117920.8,2451.0,117926.4,4998.0,117932.8,2500.0
1753533466931,12:37:46.931,BTC/USD:BTC,117926.3,4900.0,117920.8,2451.0,117926.4,2498.0,117932.8,2500.0
1753533467297,12:37:47.297,BTC/USD:BTC,117920.9,4900.0,117920.8,2451.0,117926.4,2498.0,117932.8,2500.0
1753533467301,12:37:47.301,BTC/USD:BTC,117926.3,4900.0,117920.8,2451.0,117926.4,2498.0,117932.8,2500.0
1753533467725,12:37:47.725,BTC/USD:BTC,117926.3,4900.0,117913.7,2451.0,117926.4,2498.0,117932.8,2500.0
1753533467816,12:37:47.816,BTC/USD:BTC,117926.3,4900.0,117919.3,2451.0,117926.4,2498.0,117932.8,2500.0
1753533467969,12:37:47.969,BTC/USD:BTC,117926.3,4900.0,117919.3,2451.0,117926.4,4998.0,117932.8,2500.0
1753533468314,12:37:48.314,BTC/USD:BTC,117926.3,4900.0,117919.3,2451.0,117926.4,4998.0,117932.8,2500.0
1753533468821,12:37:48.821,BTC/USD:BTC,117926.3,4900.0,117919.3,2451.0,117926.4,4998.0,117932.8,2500.0
1753533469336,12:37:49.336,BTC/USD:BTC,117926.3,4900.0,117919.3,2451.0,117926.4,4998.0,117932.8,2500.0
1753533469897,12:37:49.897,BTC/USD:BTC,117926.3,4900.0,117907.8,2451.0,117926.4,2498.0,117932.8,2500.0
1753533470366,12:37:50.366,BTC/USD:BTC,117926.3,4900.0,117913.7,2451.0,117926.4,2498.0,117932.8,2500.0
1753533470887,12:37:50.887,BTC/USD:BTC,117926.3,4900.0,117917.7,2451.0,117926.4,4998.0,117932.8,2500.0
1753533471386,12:37:51.386,BTC/USD:BTC,117926.3,4900.0,117918.2,2451.0,117926.4,4998.0,117932.8,2500.0
1753533471897,12:37:51.897,BTC/USD:BTC,117926.3,4900.0,117907.8,2451.0,117926.4,4998.0,117932.8,2500.0
1753533471901,12:37:51.901,BTC/USD:BTC,117926.3,4900.0,117918.4,2451.0,117926.4,4998.0,117932.8,2500.0
1753533472040,12:37:52.040,BTC/USD:BTC,117926.3,4900.0,117918.4,2451.0,117926.4,4998.0,117932.8,2500.0
1753533472394,12:37:52.394,BTC/USD:BTC,117918.5,4900.0,117918.4,2451.0,117926.4,4998.0,117932.8,2500.0
1753533472416,12:37:52.416,BTC/USD:BTC,117926.3,4900.0,117918.7,2451.0,117926.4,4998.0,117932.8,2500.0
1753533472864,12:37:52.864,BTC/USD:BTC,117926.3,4900.0,117918.7,2451.0,117926.4,2498.0,117932.8,2500.0
1753533472907,12:37:52.907,BTC/USD:BTC,117926.3,4900.0,117918.7,2451.0,117926.4,2498.0,117932.8,2500.0
1753533473413,12:37:53.413,BTC/USD:BTC,117926.3,4900.0,117918.7,2451.0,117926.4,2498.0,117932.8,2500.0
1753533473853,12:37:53.853,BTC/USD:BTC,117926.3,4900.0,117918.7,2451.0,117926.4,4998.0,117932.8,2500.0
1753533473922,12:37:53.922,BTC/USD:BTC,117926.3,4900.0,117918.7,2451.0,117926.4,4998.0,117932.8,2500.0
1753533474195,12:37:54.195,BTC/USD:BTC,117926.3,4900.0,117901.9,2544.0,117926.4,4998.0,117932.8,2500.0
1753533474274,12:37:54.274,BTC/USD:BTC,117926.3,4900.0,117901.9,2544.0,117926.4,4998.0,117932.8,2500.0
1753533474440,12:37:54.440,BTC/USD:BTC,117926.3,4900.0,117907.8,2461.0,117926.4,4998.0,117932.8,2500.0
1753533474950,12:37:54.950,BTC/USD:BTC,117926.3,4900.0,117913.7,2461.0,117926.4,4998.0,117932.8,2500.0
1753533475193,12:37:55.193,BTC/USD:BTC,117872.4,2544.0,117866.5,2544.0,117914.8,2961.0,117920.5,2500.0
1753533475271,12:37:55.271,BTC/USD:BTC,117860.6,2461.0,117854.7,2544.0,117903.2,2461.0,117909.0,2461.0
1753533475395,12:37:55.395,BTC/USD:BTC,117854.7,2544.0,117848.8,2544.0,117914.8,461.0,117920.5,2500.0
1753533475447,12:37:55.447,BTC/USD:BTC,117848.8,2461.0,117843.0,22887.0,117920.5,3422.0,117926.3,2500.0
1753533475639,12:37:55.639,BTC/USD:BTC,117848.8,2461.0,117843.0,22887.0,117920.5,1422.0,117926.3,2500.0
1753533475855,12:37:55.855,BTC/USD:BTC,117848.8,2461.0,117843.0,22887.0,117920.5,22.0,117926.3,2500.0
1753533476385,12:37:56.385,BTC/USD:BTC,117848.8,2461.0,117843.0,22887.0,117920.5,22.0,117926.3,2500.0
1753533476859,12:37:56.859,BTC/USD:BTC,117848.8,2461.0,117843.0,22887.0,117920.5,2983.0,117926.3,2500.0
1753533477064,12:37:57.064,BTC/USD:BTC,117848.8,2461.0,117843.0,22887.0,117920.5,983.0,117926.3,2500.0
1753533477334,12:37:57.334,BTC/USD:BTC,117848.8,2461.0,117843.0,22887.0,117926.3,4944.0,117932.8,2500.0
1753533477808,12:37:57.808,BTC/USD:BTC,117848.8,2461.0,117843.0,22887.0,117926.3,4944.0,117932.8,2500.0
1753533483768,12:38:03.768,BTC/USD:BTC,117848.8,2461.0,117843.0,22887.0,117926.3,4944.0,117932.8,2500.0
1753533483885,12:38:03.885,BTC/USD:BTC,117848.8,2461.0,117843.0,22887.0,117926.3,4944.0,117932.8,2500.0
1753533483943,12:38:03.943,BTC/USD:BTC,117825.2,2529.0,117824.3,4140.0,117926.3,4944.0,117932.8,2500.0
1753533484062,12:38:04.062,BTC/USD:BTC,117813.4,2450.0,117807.7,22887.0,117926.3,4944.0,117932.8,2500.0
1753533484188,12:38:04.188,BTC/USD:BTC,117813.4,2450.0,117807.7,22887.0,117926.3,4944.0,117932.8,2500.0
1753533484241,12:38:04.241,BTC/USD:BTC,117819.3,2453.0,117813.5,22887.0,117926.3,4944.0,117932.8,2500.0
1753533484385,12:38:04.385,BTC/USD:BTC,117819.3,2453.0,117813.5,22887.0,117926.3,4944.0,117932.8,2500.0
1753533484459,12:38:04.459,BTC/USD:BTC,117807.5,2453.0,117800.2,354.0,117926.3,4944.0,117927.0,140204.0
1753533484587,12:38:04.587,BTC/USD:BTC,117807.5,2453.0,117800.2,354.0,117926.3,4944.0,117932.8,2500.0
1753533484663,12:38:04.663,BTC/USD:BTC,117807.5,2453.0,117796.2,590.0,117911.5,4953.0,117911.6,140204.0
1753533484771,12:38:04.771,BTC/USD:BTC,117807.5,2453.0,117796.2,590.0,117911.5,4953.0,117911.6,140204.0
1753533484838,12:38:04.838,BTC/USD:BTC,117807.5,2453.0,117796.2,590.0,117911.5,4953.0,117911.6,140204.0
1753533484941,12:38:04.941,BTC/USD:BTC,117807.5,2453.0,117789.3,22887.0,117911.5,4953.0,117911.6,140204.0
1753533485071,12:38:05.071,BTC/USD:BTC,117807.5,2453.0,117789.3,22887.0,117911.5,4953.0,117911.6,140204.0
1753533485197,12:38:05.197,BTC/USD:BTC,117807.5,2453.0,117795.8,5.0,117911.5,4953.0,117911.6,140204.0
1753533485496,12:38:05.496,BTC/USD:BTC,117807.5,2453.0,117795.8,5.0,117911.5,4953.0,117911.6,140204.0
1753533485503,12:38:05.503,BTC/USD:BTC,117807.5,2453.0,117795.8,5.0,117911.5,4953.0,117911.6,140204.0
1753533485659,12:38:05.659,BTC/USD:BTC,117807.5,2453.0,117795.8,5.0,117911.5,4953.0,117911.6,140204.0
1753533485829,12:38:05.829,BTC/USD:BTC,117807.5,2453.0,117795.8,5.0,117911.5,4953.0,117911.6,140204.0
1753533485922,12:38:05.922,BTC/USD:BTC,117807.5,2453.0,117795.8,5.0,117911.5,4953.0,117911.6,140204.0
1753533486784,12:38:06.784,BTC/USD:BTC,117807.5,2453.0,117795.8,5.0,117911.5,4953.0,117911.6,140204.0
1753533486813,12:38:06.813,BTC/USD:BTC,117807.5,2453.0,117795.8,5.0,117911.5,4953.0,117911.6,140204.0
1753533486904,12:38:06.904,BTC/USD:BTC,117807.5,2453.0,117795.8,5.0,117911.5,4953.0,117911.6,140204.0
1753533487168,12:38:07.168,BTC/USD:BTC,117807.5,2453.0,117795.8,5.0,117911.5,4953.0,117911.6,140204.0
1753533487697,12:38:07.697,BTC/USD:BTC,117807.5,4953.0,117795.8,5.0,117911.5,4953.0,117911.6,140204.0
1753533487776,12:38:07.776,BTC/USD:BTC,117824.9,2453.0,117819.1,2453.0,117911.5,4953.0,117911.6,140204.0
1753533487881,12:38:07.881,BTC/USD:BTC,117824.9,2453.0,117819.1,2453.0,117911.5,4953.0,117911.6,140204.0
1753533487955,12:38:07.955,BTC/USD:BTC,117819.1,2453.0,117813.4,2500.0,117911.5,4953.0,117911.6,140204.0
1753533488191,12:38:08.191,BTC/USD:BTC,117819.1,2453.0,117813.4,2500.0,117911.5,4953.0,117911.6,140204.0
1753533489285,12:38:09.285,BTC/USD:BTC,117819.1,2453.0,117813.4,2500.0,117911.5,4953.0,117911.6,140204.0
1753533491415,12:38:11.415,BTC/USD:BTC,117819.1,2453.0,117813.4,2500.0,117911.5,4953.0,117911.6,140204.0
1753533495026,12:38:15.026,BTC/USD:BTC,117819.1,2453.0,117813.4,2500.0,117911.5,4953.0,117911.6,140204.0
1753533497246,12:38:17.246,BTC/USD:BTC,117819.1,2453.0,117813.4,2500.0,117911.5,4953.0,117911.6,140204.0
1753533505244,12:38:25.244,BTC/USD:BTC,117819.1,2453.0,117813.4,2500.0,117911.5,4953.0,117911.6,140204.0
1753533506590,12:38:26.590,BTC/USD:BTC,117819.1,2453.0,117813.4,2500.0,117898.9,2500.0,117899.0,142704.0
1753533506610,12:38:26.610,BTC/USD:BTC,117819.1,2453.0,117813.4,2500.0,117898.9,4950.0,117899.0,140204.0
1753533506890,12:38:26.890,BTC/USD:BTC,117819.1,2453.0,117813.4,2500.0,117898.9,4950.0,117899.0,140204.0
1753533507040,12:38:27.040,BTC/USD:BTC,117819.1,2453.0,117813.4,2500.0,117898.9,4950.0,117899.0,140204.0
1753533507598,12:38:27.598,BTC/USD:BTC,117819.1,2453.0,117813.4,2500.0,117898.9,4950.0,117899.0,140204.0
1753533507745,12:38:27.745,BTC/USD:BTC,117819.1,2453.0,117813.4,2500.0,117898.9,4950.0,117899.0,140204.0
1753533508562,12:38:28.562,BTC/USD:BTC,117819.1,2453.0,117813.4,2500.0,117898.9,4950.0,117899.0,140204.0
1753533508780,12:38:28.780,BTC/USD:BTC,117819.1,2453.0,117813.4,2500.0,117898.9,4950.0,117899.0,140204.0
1753533510151,12:38:30.151,BTC/USD:BTC,117819.1,2453.0,117813.4,2500.0,117898.9,4950.0,117899.0,140204.0
1753533510226,12:38:30.226,BTC/USD:BTC,117819.1,2453.0,117813.4,2500.0,117898.9,4950.0,117899.0,140204.0
1753533510749,12:38:30.749,BTC/USD:BTC,117819.1,2453.0,117813.4,2500.0,117898.9,4950.0,117899.0,140204.0
1753533511146,12:38:31.146,BTC/USD:BTC,117819.1,2453.0,117813.4,2500.0,117898.9,4950.0,117899.0,140204.0
1753533512918,12:38:32.918,BTC/USD:BTC,117819.1,2453.0,117813.4,2500.0,117898.9,4950.0,117899.0,140204.0
1753533514149,12:38:34.149,BTC/USD:BTC,117819.1,2453.0,117813.4,2500.0,117898.9,4950.0,117899.0,140204.0
1753533514382,12:38:34.382,BTC/USD:BTC,117819.1,2453.0,117813.4,2500.0,117898.9,4950.0,117899.0,140204.0
1753533514494,12:38:34.494,BTC/USD:BTC,117819.1,2453.0,117813.4,2500.0,117898.9,4950.0,117899.0,140204.0
1753533514572,12:38:34.572,BTC/USD:BTC,117819.1,2453.0,117813.4,2500.0,117898.9,4950.0,117899.0,140204.0
1753533514768,12:38:34.768,BTC/USD:BTC,117819.1,2453.0,117813.4,2500.0,117898.9,4950.0,117899.0,140204.0
1753533517179,12:38:37.179,BTC/USD:BTC,117819.1,2453.0,117813.4,2500.0,117898.9,4950.0,117899.0,140204.0
1753533519663,12:38:39.663,BTC/USD:BTC,117819.1,2453.0,117813.4,2500.0,117898.9,4950.0,117899.0,140204.0
1753533522096,12:38:42.096,BTC/USD:BTC,117824.9,2545.0,117819.1,53.0,117893.0,2500.0,117893.1,5045.0
1753533522129,12:38:42.129,BTC/USD:BTC,117824.9,2545.0,117819.1,53.0,117881.3,2545.0,117887.1,2500.0
1753533522287,12:38:42.287,BTC/USD:BTC,117819.1,53.0,117813.4,2500.0,117881.3,2545.0,117887.1,2500.0
1753533522561,12:38:42.561,BTC/USD:BTC,117819.1,53.0,117813.4,2500.0,117881.3,2545.0,117887.1,2500.0
1753533522598,12:38:42.598,BTC/USD:BTC,117819.1,53.0,117813.4,2500.0,117881.3,2545.0,117887.1,2500.0
1753533523740,12:38:43.740,BTC/USD:BTC,117819.1,53.0,117813.4,2500.0,117881.3,2545.0,117887.1,2500.0
1753533528201,12:38:48.201,BTC/USD:BTC,117819.1,53.0,117813.4,2500.0,117881.3,2545.0,117887.1,2500.0
1753533528347,12:38:48.347,BTC/USD:BTC,117819.1,53.0,117813.4,2500.0,117881.3,2545.0,117887.1,2500.0
1753533528426,12:38:48.426,BTC/USD:BTC,117819.1,53.0,117813.4,2500.0,117881.3,2545.0,117887.1,2500.0
1753533528971,12:38:48.971,BTC/USD:BTC,117819.1,53.0,117813.4,2500.0,117881.3,2545.0,117887.1,2500.0
1753533529242,12:38:49.242,BTC/USD:BTC,117819.1,53.0,117813.4,2500.0,117881.3,2545.0,117887.1,2500.0
1753533529398,12:38:49.398,BTC/USD:BTC,117819.1,53.0,117813.4,2500.0,117881.3,2545.0,117887.1,2500.0
1753533529478,12:38:49.478,BTC/USD:BTC,117819.1,53.0,117813.4,2500.0,117881.3,2545.0,117887.1,2500.0
1753533529552,12:38:49.552,BTC/USD:BTC,117819.1,53.0,117813.4,2500.0,117881.3,2545.0,117887.1,2500.0
1753533529793,12:38:49.793,BTC/USD:BTC,117819.1,53.0,117813.4,2500.0,117881.3,2545.0,117887.1,2500.0
1753533530219,12:38:50.219,BTC/USD:BTC,117819.1,53.0,117813.4,2500.0,117881.3,2545.0,117887.1,2500.0
1753533530343,12:38:50.343,BTC/USD:BTC,117819.1,53.0,117813.4,2500.0,117881.3,2545.0,117887.1,2500.0
1753533530497,12:38:50.497,BTC/USD:BTC,117819.1,53.0,117813.4,2500.0,117881.3,2545.0,117887.1,2500.0
1753533530565,12:38:50.565,BTC/USD:BTC,117819.1,53.0,117813.4,2500.0,117881.3,2545.0,117887.1,2500.0
1753533531184,12:38:51.184,BTC/USD:BTC,117819.1,53.0,117813.4,2500.0,117881.3,2545.0,117887.1,2500.0
1753533531210,12:38:51.210,BTC/USD:BTC,117819.1,53.0,117813.4,2500.0,117881.3,2545.0,117887.1,2500.0
1753533531329,12:38:51.329,BTC/USD:BTC,117819.1,53.0,117813.4,2500.0,117881.3,2545.0,117887.1,2500.0
1753533532144,12:38:52.144,BTC/USD:BTC,117819.1,2518.0,117813.4,2500.0,117881.3,2545.0,117887.1,2500.0
1753533532370,12:38:52.370,BTC/USD:BTC,117819.1,2518.0,117813.4,2500.0,117881.3,2545.0,117887.1,2500.0
1753533533055,12:38:53.055,BTC/USD:BTC,117819.1,2518.0,117813.4,2500.0,117881.3,2545.0,117887.1,2500.0
1753533537655,12:38:57.655,BTC/USD:BTC,117819.1,18.0,117813.4,2500.0,117881.3,2545.0,117887.1,2500.0
1753533547026,12:39:07.026,BTC/USD:BTC,117819.1,18.0,117813.4,2500.0,117881.3,2545.0,117887.1,2500.0
1753533547111,12:39:07.111,BTC/USD:BTC,117819.1,18.0,117813.4,2500.0,117881.3,2545.0,117887.1,2500.0
1753533550436,12:39:10.436,BTC/USD:BTC,117819.1,18.0,117813.4,2500.0,117881.3,2545.0,117887.1,2500.0
1753533550693,12:39:10.693,BTC/USD:BTC,117819.1,18.0,117813.4,2500.0,117881.3,2545.0,117887.1,2500.0
1753533551972,12:39:11.972,BTC/USD:BTC,117819.1,2518.0,117813.4,2500.0,117881.3,2545.0,117887.1,2500.0
1753533552962,12:39:12.962,BTC/USD:BTC,117819.1,2518.0,117813.4,2500.0,117881.3,2545.0,117887.1,2500.0
1753533553995,12:39:13.995,BTC/USD:BTC,117819.2,5047.0,117813.4,2500.0,117881.3,2545.0,117887.1,2500.0
1753533554939,12:39:14.939,BTC/USD:BTC,117819.2,5047.0,117813.4,2500.0,117881.3,2545.0,117887.1,2500.0
1753533555142,12:39:15.142,BTC/USD:BTC,117819.2,5047.0,117813.4,2500.0,117881.3,2545.0,117887.1,2500.0
1753533555970,12:39:15.970,BTC/USD:BTC,117819.2,2547.0,117813.4,2500.0,117881.3,2545.0,117887.1,2500.0
1753533556198,12:39:16.198,BTC/USD:BTC,117819.2,2547.0,117813.4,2500.0,117881.3,2545.0,117887.1,2500.0
1753533556374,12:39:16.374,BTC/USD:BTC,117819.2,2547.0,117813.4,2500.0,117881.3,2545.0,117887.1,2500.0
1753533556472,12:39:16.472,BTC/USD:BTC,117819.2,2547.0,117813.4,2500.0,117881.3,2545.0,117887.1,2500.0
1753533558223,12:39:18.223,BTC/USD:BTC,117819.2,2547.0,117813.4,2500.0,117881.3,2545.0,117887.1,2500.0
1753533561476,12:39:21.476,BTC/USD:BTC,117819.2,2547.0,117813.4,2500.0,117881.3,2545.0,117887.1,2500.0
1753533561634,12:39:21.634,BTC/USD:BTC,117819.2,2547.0,117813.4,2500.0,117881.3,2545.0,117887.1,2500.0
1753533570465,12:39:30.465,BTC/USD:BTC,117819.2,2547.0,117813.4,2500.0,117881.3,2545.0,117887.1,2500.0
1753533570644,12:39:30.644,BTC/USD:BTC,117819.2,2547.0,117813.4,2500.0,117881.3,2545.0,117887.1,2500.0
1753533570871,12:39:30.871,BTC/USD:BTC,117819.3,7385.0,117813.4,2500.0,117881.3,2545.0,117887.1,2500.0
1753533572295,12:39:32.295,BTC/USD:BTC,117819.3,7385.0,117813.4,2500.0,117881.3,2545.0,117887.1,2500.0
1753533572380,12:39:32.380,BTC/USD:BTC,117819.3,7385.0,117813.4,2500.0,117881.3,2545.0,117887.1,2500.0
1753533573509,12:39:33.509,BTC/USD:BTC,117819.3,7385.0,117813.4,2500.0,117881.3,2545.0,117887.1,2500.0
1753533574291,12:39:34.291,BTC/USD:BTC,117819.3,7385.0,117813.4,2500.0,117881.3,2545.0,117887.1,2500.0
1753533574467,12:39:34.467,BTC/USD:BTC,117819.3,7385.0,117813.4,2500.0,117881.3,2545.0,117887.1,2500.0
1753533575359,12:39:35.359,BTC/USD:BTC,117819.3,7385.0,117813.4,2500.0,117881.3,2545.0,117887.1,2500.0
1753533575517,12:39:35.517,BTC/USD:BTC,117819.3,7385.0,117813.4,2500.0,117881.3,2545.0,117887.1,2500.0
1753533576601,12:39:36.601,BTC/USD:BTC,117819.3,7385.0,117813.4,2500.0,117881.3,2545.0,117887.1,2500.0
1753533578668,12:39:38.668,BTC/USD:BTC,117819.3,7385.0,117813.4,2500.0,117881.3,2545.0,117887.1,2500.0
1753533585594,12:39:45.594,BTC/USD:BTC,117819.3,7385.0,117813.4,2500.0,117881.3,5045.0,117887.1,2500.0
1753533585669,12:39:45.669,BTC/USD:BTC,117819.3,7385.0,117813.4,2500.0,117863.8,2539.0,117869.6,2539.0
1753533585814,12:39:45.814,BTC/USD:BTC,117819.3,7385.0,117813.4,2500.0,117869.6,2539.0,117875.4,2500.0
1753533586586,12:39:46.586,BTC/USD:BTC,117819.3,7385.0,117813.4,2500.0,117869.6,5039.0,117875.4,2500.0
1753533586619,12:39:46.619,BTC/USD:BTC,117819.3,7385.0,117813.4,2500.0,117863.8,2539.0,117869.6,2539.0
1753533586752,12:39:46.752,BTC/USD:BTC,117819.3,7385.0,117813.4,2500.0,117869.6,2539.0,117875.4,2500.0
1753533587590,12:39:47.590,BTC/USD:BTC,117819.3,7385.0,117813.4,2500.0,117863.8,2539.0,117869.6,2539.0
1753533587731,12:39:47.731,BTC/USD:BTC,117819.3,7385.0,117813.4,2500.0,117869.6,2539.0,117875.4,2500.0
1753533588585,12:39:48.585,BTC/USD:BTC,117819.3,7385.0,117813.4,2500.0,117863.8,2539.0,117869.6,2539.0
1753533588724,12:39:48.724,BTC/USD:BTC,117819.3,7385.0,117813.4,2500.0,117869.6,2539.0,117875.4,2500.0
1753533589371,12:39:49.371,BTC/USD:BTC,117819.3,7385.0,117813.4,2500.0,117869.6,2539.0,117875.4,2500.0
1753533589570,12:39:49.570,BTC/USD:BTC,117819.3,7385.0,117813.4,2500.0,117863.8,2539.0,117869.6,2539.0
1753533589712,12:39:49.712,BTC/USD:BTC,117819.3,7385.0,117813.4,2500.0,117869.6,2539.0,117875.4,2500.0
1753533590560,12:39:50.560,BTC/USD:BTC,117819.3,7385.0,117813.4,2500.0,117863.8,2539.0,117869.6,2539.0
1753533590703,12:39:50.703,BTC/USD:BTC,117819.3,7385.0,117813.4,2500.0,117869.6,2539.0,117875.4,2500.0
1753533591546,12:39:51.546,BTC/USD:BTC,117819.3,7385.0,117813.4,2500.0,117863.8,2539.0,117869.6,2539.0
1753533591687,12:39:51.687,BTC/USD:BTC,117819.3,7385.0,117813.4,2500.0,117869.6,2539.0,117875.4,2500.0
1753533592449,12:39:52.449,BTC/USD:BTC,117819.3,7385.0,117813.4,2500.0,117869.6,2539.0,117875.4,2500.0
