timestamp,time,symbol,bid1_price,bid1_volume,bid2_price,bid2_volume,ask1_price,ask1_volume,ask2_price,ask2_volume
1753533030000,12:30:30.000,AGLD/USDT:USDT,0.7933,788.0,0.7932,8.0,0.7941,56.0,0.7943,14.0
1753533032027,12:30:32.027,AGLD/USDT:USDT,0.7933,788.0,0.7932,64.0,0.7941,56.0,0.7943,14.0
1753533032312,12:30:32.312,AGLD/USDT:USDT,0.7933,788.0,0.7932,64.0,0.7941,56.0,0.7943,14.0
1753533034260,12:30:34.260,AGLD/USDT:USDT,0.7933,788.0,0.7932,64.0,0.7941,56.0,0.7943,14.0
1753533034345,12:30:34.345,AGLD/USDT:USDT,0.7933,788.0,0.7932,8.0,0.7938,63.0,0.7939,56.0
1753533034435,12:30:34.435,AGLD/USDT:USDT,0.7933,762.0,0.7932,8.0,0.7938,63.0,0.7939,56.0
1753533034540,12:30:34.540,AGLD/USDT:USDT,0.7933,762.0,0.7932,8.0,0.7938,63.0,0.7939,56.0
1753533034761,12:30:34.761,AGLD/USDT:USDT,0.7933,769.0,0.7932,8.0,0.7938,63.0,0.7939,56.0
1753533035249,12:30:35.249,AGLD/USDT:USDT,0.7933,795.0,0.7932,8.0,0.7941,56.0,0.7943,14.0
1753533035346,12:30:35.346,AGLD/USDT:USDT,0.7933,769.0,0.7932,34.0,0.7937,61.0,0.7938,61.0
1753533035426,12:30:35.426,AGLD/USDT:USDT,0.7933,769.0,0.7932,8.0,0.7937,61.0,0.7939,70.0
1753533035479,12:30:35.479,AGLD/USDT:USDT,0.7933,769.0,0.7932,8.0,0.7937,61.0,0.7939,70.0
1753533035597,12:30:35.597,AGLD/USDT:USDT,0.7933,769.0,0.7932,8.0,0.7937,61.0,0.7939,70.0
1753533036446,12:30:36.446,AGLD/USDT:USDT,0.7933,769.0,0.7932,34.0,0.7939,70.0,0.794,56.0
1753533036816,12:30:36.816,AGLD/USDT:USDT,0.7933,769.0,0.7932,34.0,0.7939,70.0,0.794,56.0
1753533037346,12:30:37.346,AGLD/USDT:USDT,0.7933,769.0,0.7932,8.0,0.7938,124.0,0.7939,56.0
1753533037458,12:30:37.458,AGLD/USDT:USDT,0.7933,769.0,0.7932,8.0,0.7938,124.0,0.7939,56.0
1753533038441,12:30:38.441,AGLD/USDT:USDT,0.7933,769.0,0.7932,8.0,0.7938,124.0,0.7939,56.0
1753533038549,12:30:38.549,AGLD/USDT:USDT,0.7933,762.0,0.7931,26.0,0.7935,61.0,0.7936,14.0
1753533038604,12:30:38.604,AGLD/USDT:USDT,0.7933,756.0,0.793,82.0,0.7935,61.0,0.7936,14.0
1753533038853,12:30:38.853,AGLD/USDT:USDT,0.7933,756.0,0.793,82.0,0.7935,61.0,0.7936,7.0
1753533038906,12:30:38.906,AGLD/USDT:USDT,0.7933,756.0,0.7932,7.0,0.7935,61.0,0.7936,7.0
1753533039248,12:30:39.248,AGLD/USDT:USDT,0.7933,756.0,0.7932,7.0,0.7935,61.0,0.7936,7.0
1753533039562,12:30:39.562,AGLD/USDT:USDT,0.7933,756.0,0.7932,7.0,0.794,56.0,0.7941,56.0
1753533039645,12:30:39.645,AGLD/USDT:USDT,0.7934,762.0,0.7932,33.0,0.7938,61.0,0.7939,14.0
1753533039675,12:30:39.675,AGLD/USDT:USDT,0.7934,762.0,0.7932,33.0,0.7938,61.0,0.7939,14.0
1753533040486,12:30:40.486,AGLD/USDT:USDT,0.7934,762.0,0.7932,33.0,0.7938,61.0,0.7939,14.0
1753533044826,12:30:44.826,AGLD/USDT:USDT,0.7934,762.0,0.7932,33.0,0.7938,61.0,0.7939,14.0
1753533044982,12:30:44.982,AGLD/USDT:USDT,0.7934,762.0,0.7932,33.0,0.7938,61.0,0.7939,14.0
1753533045091,12:30:45.091,AGLD/USDT:USDT,0.7934,769.0,0.7931,26.0,0.7938,61.0,0.7939,14.0
1753533045809,12:30:45.809,AGLD/USDT:USDT,0.7934,769.0,0.7931,26.0,0.7938,61.0,0.7939,14.0
1753533045962,12:30:45.962,AGLD/USDT:USDT,0.7934,769.0,0.7931,26.0,0.7938,116.0,0.7939,14.0
1753533047386,12:30:47.386,AGLD/USDT:USDT,0.7934,769.0,0.7931,26.0,0.7938,116.0,0.7939,7.0
1753533047946,12:30:47.946,AGLD/USDT:USDT,0.7934,776.0,0.7931,26.0,0.7938,116.0,0.7939,7.0
1753533048795,12:30:48.795,AGLD/USDT:USDT,0.7934,776.0,0.7931,26.0,0.7938,61.0,0.794,14.0
1753533048930,12:30:48.930,AGLD/USDT:USDT,0.7934,776.0,0.7931,26.0,0.7938,61.0,0.794,14.0
1753533059670,12:30:59.670,AGLD/USDT:USDT,0.7934,776.0,0.7931,26.0,0.7938,118.0,0.794,14.0
1753533060800,12:31:00.800,AGLD/USDT:USDT,0.7934,776.0,0.7931,26.0,0.7938,125.0,0.794,14.0
1753533060978,12:31:00.978,AGLD/USDT:USDT,0.7934,776.0,0.7931,26.0,0.7938,64.0,0.794,14.0
1753533061232,12:31:01.232,AGLD/USDT:USDT,0.7934,776.0,0.7931,26.0,0.7938,57.0,0.794,14.0
1753533061480,12:31:01.480,AGLD/USDT:USDT,0.7934,776.0,0.7931,26.0,0.7938,57.0,0.794,14.0
1753533063839,12:31:03.839,AGLD/USDT:USDT,0.7934,776.0,0.7931,26.0,0.794,14.0,0.7941,56.0
1753533063946,12:31:03.946,AGLD/USDT:USDT,0.7934,776.0,0.7931,26.0,0.7938,61.0,0.7939,61.0
1753533064015,12:31:04.015,AGLD/USDT:USDT,0.7934,776.0,0.7931,26.0,0.7938,61.0,0.794,14.0
1753533065563,12:31:05.563,AGLD/USDT:USDT,0.7934,776.0,0.7931,26.0,0.7938,61.0,0.794,14.0
1753533065946,12:31:05.946,AGLD/USDT:USDT,0.7934,776.0,0.7931,26.0,0.7938,61.0,0.794,14.0
1753533066025,12:31:06.025,AGLD/USDT:USDT,0.7934,776.0,0.7931,26.0,0.7938,61.0,0.794,14.0
1753533066361,12:31:06.361,AGLD/USDT:USDT,0.7934,776.0,0.7931,26.0,0.7938,61.0,0.794,14.0
1753533067443,12:31:07.443,AGLD/USDT:USDT,0.7934,776.0,0.7931,26.0,0.794,14.0,0.7942,14.0
1753533067556,12:31:07.556,AGLD/USDT:USDT,0.7936,55.0,0.7935,811.0,0.7942,14.0,0.7944,14.0
1753533067587,12:31:07.587,AGLD/USDT:USDT,0.7937,6.0,0.7936,55.0,0.7942,14.0,0.7944,14.0
1753533067829,12:31:07.829,AGLD/USDT:USDT,0.7937,6.0,0.7936,55.0,0.7942,14.0,0.7944,14.0
1753533067995,12:31:07.995,AGLD/USDT:USDT,0.7937,13.0,0.7936,55.0,0.7942,14.0,0.7944,14.0
1753533068083,12:31:08.083,AGLD/USDT:USDT,0.7937,20.0,0.7936,55.0,0.7942,14.0,0.7944,14.0
1753533068230,12:31:08.230,AGLD/USDT:USDT,0.7937,20.0,0.7936,55.0,0.7942,14.0,0.7944,14.0
1753533068445,12:31:08.445,AGLD/USDT:USDT,0.7937,20.0,0.7936,55.0,0.7941,61.0,0.7944,14.0
1753533068508,12:31:08.508,AGLD/USDT:USDT,0.7937,20.0,0.7936,55.0,0.7941,61.0,0.7943,14.0
1753533068604,12:31:08.604,AGLD/USDT:USDT,0.7937,20.0,0.7936,55.0,0.7941,61.0,0.7943,14.0
1753533068800,12:31:08.800,AGLD/USDT:USDT,0.7937,20.0,0.7936,55.0,0.7941,61.0,0.7943,14.0
1753533069012,12:31:09.012,AGLD/USDT:USDT,0.7937,20.0,0.7936,55.0,0.7941,61.0,0.7943,14.0
1753533069162,12:31:09.162,AGLD/USDT:USDT,0.7938,55.0,0.7937,776.0,0.7943,14.0,0.7947,56.0
1753533069208,12:31:09.208,AGLD/USDT:USDT,0.7939,6.0,0.7938,55.0,0.7943,14.0,0.7947,56.0
1753533069389,12:31:09.389,AGLD/USDT:USDT,0.7939,6.0,0.7938,55.0,0.7943,14.0,0.7945,14.0
1753533069623,12:31:09.623,AGLD/USDT:USDT,0.7939,6.0,0.7938,55.0,0.7943,14.0,0.7945,14.0
1753533069924,12:31:09.924,AGLD/USDT:USDT,0.7939,6.0,0.7938,55.0,0.7943,14.0,0.7945,14.0
1753533070038,12:31:10.038,AGLD/USDT:USDT,0.7939,6.0,0.7938,55.0,0.7943,14.0,0.7945,14.0
1753533070312,12:31:10.312,AGLD/USDT:USDT,0.7939,6.0,0.7938,55.0,0.7942,61.0,0.7943,7.0
1753533070452,12:31:10.452,AGLD/USDT:USDT,0.7939,6.0,0.7938,55.0,0.7942,61.0,0.7943,7.0
1753533070485,12:31:10.485,AGLD/USDT:USDT,0.7939,6.0,0.7938,55.0,0.7942,61.0,0.7943,7.0
1753533070945,12:31:10.945,AGLD/USDT:USDT,0.7939,6.0,0.7938,55.0,0.7942,61.0,0.7943,7.0
1753533071649,12:31:11.649,AGLD/USDT:USDT,0.7939,6.0,0.7936,55.0,0.7941,61.0,0.7942,7.0
1753533071699,12:31:11.699,AGLD/USDT:USDT,0.7939,756.0,0.7937,6.0,0.7941,61.0,0.7942,7.0
1753533071773,12:31:11.773,AGLD/USDT:USDT,0.7939,756.0,0.7936,81.0,0.7941,61.0,0.7942,7.0
1753533072471,12:31:12.471,AGLD/USDT:USDT,0.7939,756.0,0.7936,81.0,0.7941,61.0,0.7942,7.0
1753533072806,12:31:12.806,AGLD/USDT:USDT,0.7939,756.0,0.7936,81.0,0.7941,61.0,0.7942,7.0
1753533072886,12:31:12.886,AGLD/USDT:USDT,0.7939,756.0,0.7936,81.0,0.7941,61.0,0.7942,7.0
1753533073946,12:31:13.946,AGLD/USDT:USDT,0.7939,782.0,0.7936,55.0,0.7943,7.0,0.7945,14.0
1753533074023,12:31:14.023,AGLD/USDT:USDT,0.794,6.0,0.7936,55.0,0.7942,61.0,0.7943,14.0
1753533074086,12:31:14.086,AGLD/USDT:USDT,0.7937,776.0,0.7936,55.0,0.7942,61.0,0.7943,14.0
1753533075640,12:31:15.640,AGLD/USDT:USDT,0.7937,769.0,0.7936,55.0,0.7942,61.0,0.7943,14.0
1753533075711,12:31:15.711,AGLD/USDT:USDT,0.7937,776.0,0.7936,55.0,0.7942,61.0,0.7943,14.0
1753533076051,12:31:16.051,AGLD/USDT:USDT,0.7937,776.0,0.7936,81.0,0.7943,63.0,0.7945,14.0
1753533076125,12:31:16.125,AGLD/USDT:USDT,0.7937,776.0,0.7936,81.0,0.7943,63.0,0.7945,14.0
1753533077346,12:31:17.346,AGLD/USDT:USDT,0.7937,769.0,0.7936,81.0,0.7943,63.0,0.7945,14.0
1753533078060,12:31:18.060,AGLD/USDT:USDT,0.7938,63.0,0.7937,39.0,0.7944,14.0,0.7947,70.0
1753533078140,12:31:18.140,AGLD/USDT:USDT,0.7938,756.0,0.7937,39.0,0.7946,56.0,0.7947,56.0
1753533078217,12:31:18.217,AGLD/USDT:USDT,0.7938,756.0,0.7937,13.0,0.7946,56.0,0.7947,56.0
1753533078306,12:31:18.306,AGLD/USDT:USDT,0.7938,756.0,0.7937,13.0,0.7947,56.0,0.7949,14.0
1753533078422,12:31:18.422,AGLD/USDT:USDT,0.7938,782.0,0.7937,13.0,0.7947,56.0,0.7949,14.0
1753533078751,12:31:18.751,AGLD/USDT:USDT,0.7939,6.0,0.7938,782.0,0.7947,56.0,0.7949,14.0
1753533078766,12:31:18.766,AGLD/USDT:USDT,0.7939,6.0,0.7938,782.0,0.7947,56.0,0.7949,14.0
1753533079454,12:31:19.454,AGLD/USDT:USDT,0.7939,6.0,0.7938,782.0,0.7947,56.0,0.7949,14.0
1753533081371,12:31:21.371,AGLD/USDT:USDT,0.7939,6.0,0.7938,782.0,0.7947,56.0,0.7949,14.0
1753533082244,12:31:22.244,AGLD/USDT:USDT,0.7939,6.0,0.7938,782.0,0.7947,56.0,0.7949,14.0
1753533082304,12:31:22.304,AGLD/USDT:USDT,0.7939,6.0,0.7936,26.0,0.7947,56.0,0.7949,14.0
1753533082445,12:31:22.445,AGLD/USDT:USDT,0.7937,762.0,0.7936,26.0,0.7943,70.0,0.7944,56.0
1753533082563,12:31:22.563,AGLD/USDT:USDT,0.7937,762.0,0.7936,26.0,0.7943,70.0,0.7944,56.0
1753533082647,12:31:22.647,AGLD/USDT:USDT,0.7937,762.0,0.7935,81.0,0.7941,75.0,0.7942,70.0
1753533082669,12:31:22.669,AGLD/USDT:USDT,0.7937,762.0,0.7935,81.0,0.7941,75.0,0.7942,70.0
1753533082990,12:31:22.990,AGLD/USDT:USDT,0.7937,762.0,0.7935,81.0,0.7941,75.0,0.7942,70.0
1753533083315,12:31:23.315,AGLD/USDT:USDT,0.7937,762.0,0.7935,81.0,0.7941,14.0,0.7942,70.0
1753533084749,12:31:24.749,AGLD/USDT:USDT,0.7937,762.0,0.7936,14.0,0.7943,56.0,0.7944,56.0
1753533084785,12:31:24.785,AGLD/USDT:USDT,0.7937,762.0,0.7936,40.0,0.7943,7.0,0.7944,56.0
1753533084957,12:31:24.957,AGLD/USDT:USDT,0.7937,762.0,0.7936,40.0,0.7941,61.0,0.7943,28.0
1753533085061,12:31:25.061,AGLD/USDT:USDT,0.7937,762.0,0.7936,14.0,0.7941,61.0,0.7943,28.0
1753533085067,12:31:25.067,AGLD/USDT:USDT,0.7937,762.0,0.7936,14.0,0.7941,61.0,0.7943,28.0
1753533087251,12:31:27.251,AGLD/USDT:USDT,0.7937,762.0,0.7936,40.0,0.7943,84.0,0.7945,70.0
1753533088946,12:31:28.946,AGLD/USDT:USDT,0.7938,70.0,0.7937,762.0,0.7943,56.0,0.7945,70.0
1753533089062,12:31:29.062,AGLD/USDT:USDT,0.7939,6.0,0.7938,63.0,0.7943,61.0,0.7944,56.0
1753533089115,12:31:29.115,AGLD/USDT:USDT,0.7939,6.0,0.7938,63.0,0.7943,61.0,0.7944,56.0
1753533089190,12:31:29.190,AGLD/USDT:USDT,0.7939,6.0,0.7938,56.0,0.7943,61.0,0.7944,70.0
1753533091438,12:31:31.438,AGLD/USDT:USDT,0.7939,6.0,0.7938,56.0,0.7943,61.0,0.7944,70.0
1753533091852,12:31:31.852,AGLD/USDT:USDT,0.7939,6.0,0.7938,56.0,0.7943,61.0,0.7944,70.0
1753533093646,12:31:33.646,AGLD/USDT:USDT,0.7939,20.0,0.7938,56.0,0.7942,61.0,0.7943,61.0
1753533093760,12:31:33.760,AGLD/USDT:USDT,0.7939,776.0,0.7938,56.0,0.7945,70.0,0.7947,56.0
1753533093849,12:31:33.849,AGLD/USDT:USDT,0.794,56.0,0.7939,776.0,0.7945,14.0,0.7947,56.0
1753533093904,12:31:33.904,AGLD/USDT:USDT,0.7941,13.0,0.794,56.0,0.7945,14.0,0.7947,70.0
1753533094613,12:31:34.613,AGLD/USDT:USDT,0.7941,13.0,0.794,56.0,0.7945,14.0,0.7947,70.0
1753533094748,12:31:34.748,AGLD/USDT:USDT,0.7941,13.0,0.794,56.0,0.7945,14.0,0.7947,70.0
1753533095178,12:31:35.178,AGLD/USDT:USDT,0.7941,13.0,0.794,56.0,0.7945,14.0,0.7947,70.0
1753533095354,12:31:35.354,AGLD/USDT:USDT,0.7941,20.0,0.794,63.0,0.7945,14.0,0.7947,70.0
1753533095406,12:31:35.406,AGLD/USDT:USDT,0.7941,769.0,0.794,82.0,0.7947,14.0,0.7949,14.0
1753533096425,12:31:36.425,AGLD/USDT:USDT,0.7941,776.0,0.794,82.0,0.7947,14.0,0.7949,14.0
1753533096759,12:31:36.759,AGLD/USDT:USDT,0.7942,56.0,0.7941,776.0,0.7947,14.0,0.7949,14.0
1753533096847,12:31:36.847,AGLD/USDT:USDT,0.7943,13.0,0.7942,56.0,0.7947,14.0,0.7949,14.0
1753533097057,12:31:37.057,AGLD/USDT:USDT,0.7943,13.0,0.7942,56.0,0.7947,14.0,0.7949,14.0
1753533097088,12:31:37.088,AGLD/USDT:USDT,0.7943,13.0,0.7942,56.0,0.7947,14.0,0.7949,14.0
1753533097601,12:31:37.601,AGLD/USDT:USDT,0.7943,13.0,0.7942,56.0,0.7947,14.0,0.7949,14.0
1753533098017,12:31:38.017,AGLD/USDT:USDT,0.7943,13.0,0.7942,56.0,0.7947,14.0,0.7949,14.0
1753533098432,12:31:38.432,AGLD/USDT:USDT,0.7943,13.0,0.7942,56.0,0.7947,14.0,0.7949,14.0
1753533098862,12:31:38.862,AGLD/USDT:USDT,0.7944,56.0,0.7943,69.0,0.7951,56.0,0.7954,422.0
1753533098952,12:31:38.952,AGLD/USDT:USDT,0.7945,6.0,0.7944,56.0,0.7951,56.0,0.7953,14.0
1753533099063,12:31:39.063,AGLD/USDT:USDT,0.7945,6.0,0.7944,56.0,0.7949,61.0,0.7951,63.0
1753533099103,12:31:39.103,AGLD/USDT:USDT,0.7945,6.0,0.7944,56.0,0.7949,61.0,0.7951,77.0
1753533099251,12:31:39.251,AGLD/USDT:USDT,0.7945,6.0,0.7944,56.0,0.7949,61.0,0.7951,77.0
1753533099359,12:31:39.359,AGLD/USDT:USDT,0.7945,6.0,0.7944,56.0,0.7949,61.0,0.7951,77.0
1753533099459,12:31:39.459,AGLD/USDT:USDT,0.7945,13.0,0.7944,63.0,0.7949,61.0,0.7951,77.0
1753533099540,12:31:39.540,AGLD/USDT:USDT,0.7945,13.0,0.7944,63.0,0.7949,61.0,0.7951,77.0
1753533099745,12:31:39.745,AGLD/USDT:USDT,0.7945,13.0,0.7944,63.0,0.7949,61.0,0.7951,77.0
1753533099855,12:31:39.855,AGLD/USDT:USDT,0.7945,13.0,0.7944,70.0,0.7949,61.0,0.7951,77.0
1753533099952,12:31:39.952,AGLD/USDT:USDT,0.7945,769.0,0.7944,70.0,0.7949,61.0,0.7951,70.0
1753533099996,12:31:39.996,AGLD/USDT:USDT,0.7945,769.0,0.7944,70.0,0.7949,61.0,0.7951,70.0
1753533100117,12:31:40.117,AGLD/USDT:USDT,0.7945,769.0,0.7944,70.0,0.7949,61.0,0.7951,70.0
1753533100183,12:31:40.183,AGLD/USDT:USDT,0.7945,769.0,0.7944,70.0,0.7949,61.0,0.7951,70.0
1753533101717,12:31:41.717,AGLD/USDT:USDT,0.7945,769.0,0.7944,70.0,0.7949,61.0,0.7951,70.0
1753533101774,12:31:41.774,AGLD/USDT:USDT,0.7945,769.0,0.7944,70.0,0.7949,61.0,0.7951,70.0
1753533102506,12:31:42.506,AGLD/USDT:USDT,0.7945,769.0,0.7944,70.0,0.7949,61.0,0.7951,70.0
1753533102621,12:31:42.621,AGLD/USDT:USDT,0.7945,769.0,0.7944,70.0,0.7949,61.0,0.7951,70.0
1753533102677,12:31:42.677,AGLD/USDT:USDT,0.7945,769.0,0.7944,70.0,0.7949,61.0,0.7951,70.0
1753533102929,12:31:42.929,AGLD/USDT:USDT,0.7945,769.0,0.7944,70.0,0.7949,61.0,0.7951,70.0
1753533103344,12:31:43.344,AGLD/USDT:USDT,0.7945,769.0,0.7944,70.0,0.7949,61.0,0.7951,70.0
1753533104279,12:31:44.279,AGLD/USDT:USDT,0.7945,769.0,0.7944,70.0,0.7949,61.0,0.7951,70.0
1753533105375,12:31:45.375,AGLD/USDT:USDT,0.7945,769.0,0.7944,70.0,0.7949,61.0,0.7951,70.0
1753533105558,12:31:45.558,AGLD/USDT:USDT,0.7946,63.0,0.7945,13.0,0.7951,14.0,0.7953,14.0
1753533105657,12:31:45.657,AGLD/USDT:USDT,0.7947,13.0,0.7946,63.0,0.7951,14.0,0.7953,14.0
1753533105760,12:31:45.760,AGLD/USDT:USDT,0.7947,13.0,0.7946,82.0,0.7953,70.0,0.7955,71.0
1753533105859,12:31:45.859,AGLD/USDT:USDT,0.7947,776.0,0.7946,56.0,0.7951,61.0,0.7953,70.0
1753533105963,12:31:45.963,AGLD/USDT:USDT,0.7947,20.0,0.7946,56.0,0.7951,61.0,0.7953,70.0
1753533106058,12:31:46.058,AGLD/USDT:USDT,0.7947,776.0,0.7946,56.0,0.7951,61.0,0.7953,70.0
1753533106121,12:31:46.121,AGLD/USDT:USDT,0.7947,776.0,0.7946,56.0,0.7951,61.0,0.7953,70.0
1753533106260,12:31:46.260,AGLD/USDT:USDT,0.7947,776.0,0.7946,82.0,0.7953,70.0,0.7955,71.0
1753533106269,12:31:46.269,AGLD/USDT:USDT,0.7947,776.0,0.7946,82.0,0.7953,70.0,0.7955,71.0
1753533106556,12:31:46.556,AGLD/USDT:USDT,0.7947,776.0,0.7946,56.0,0.7952,61.0,0.7953,56.0
1753533106624,12:31:46.624,AGLD/USDT:USDT,0.7947,776.0,0.7946,56.0,0.7952,61.0,0.7953,56.0
1753533106703,12:31:46.703,AGLD/USDT:USDT,0.7947,776.0,0.7946,56.0,0.7952,61.0,0.7953,56.0
1753533106958,12:31:46.958,AGLD/USDT:USDT,0.7947,802.0,0.7946,56.0,0.7958,55.0,0.7959,55.0
1753533107047,12:31:47.047,AGLD/USDT:USDT,0.7947,776.0,0.7946,56.0,0.7952,61.0,0.7953,56.0
1753533107148,12:31:47.148,AGLD/USDT:USDT,0.7947,20.0,0.7946,56.0,0.7952,14.0,0.7953,56.0
1753533107258,12:31:47.258,AGLD/USDT:USDT,0.7947,20.0,0.7946,56.0,0.7952,14.0,0.7953,56.0
1753533107288,12:31:47.288,AGLD/USDT:USDT,0.7947,20.0,0.7946,56.0,0.7952,14.0,0.7953,56.0
1753533107419,12:31:47.419,AGLD/USDT:USDT,0.7947,20.0,0.7946,56.0,0.7952,14.0,0.7953,56.0
1753533107755,12:31:47.755,AGLD/USDT:USDT,0.7947,776.0,0.7946,56.0,0.7952,14.0,0.7953,56.0
1753533107839,12:31:47.839,AGLD/USDT:USDT,0.7947,776.0,0.7946,56.0,0.7952,14.0,0.7953,56.0
1753533108548,12:31:48.548,AGLD/USDT:USDT,0.7947,776.0,0.7946,56.0,0.7952,14.0,0.7953,56.0
1753533108648,12:31:48.648,AGLD/USDT:USDT,0.7947,776.0,0.7946,56.0,0.7952,14.0,0.7953,56.0
1753533108969,12:31:48.969,AGLD/USDT:USDT,0.7947,776.0,0.7946,56.0,0.7952,14.0,0.7953,56.0
1753533109332,12:31:49.332,AGLD/USDT:USDT,0.7948,82.0,0.7947,776.0,0.7956,56.0,0.7958,14.0
1753533109456,12:31:49.456,AGLD/USDT:USDT,0.7949,6.0,0.7946,56.0,0.7951,61.0,0.7952,14.0
1753533109508,12:31:49.508,AGLD/USDT:USDT,0.7947,762.0,0.7946,63.0,0.795,61.0,0.7952,21.0
1753533109609,12:31:49.609,AGLD/USDT:USDT,0.7947,762.0,0.7946,70.0,0.795,61.0,0.7952,21.0
1753533110025,12:31:50.025,AGLD/USDT:USDT,0.7947,762.0,0.7946,70.0,0.7952,14.0,0.7953,56.0
1753533110395,12:31:50.395,AGLD/USDT:USDT,0.7947,762.0,0.7946,70.0,0.7952,14.0,0.7953,56.0
1753533111021,12:31:51.021,AGLD/USDT:USDT,0.7947,762.0,0.7946,70.0,0.7952,14.0,0.7953,56.0
1753533111135,12:31:51.135,AGLD/USDT:USDT,0.7947,762.0,0.7946,70.0,0.7952,14.0,0.7953,56.0
1753533111445,12:31:51.445,AGLD/USDT:USDT,0.7947,762.0,0.7946,70.0,0.7952,14.0,0.7953,56.0
1753533111501,12:31:51.501,AGLD/USDT:USDT,0.7947,762.0,0.7946,70.0,0.7952,14.0,0.7953,56.0
1753533111633,12:31:51.633,AGLD/USDT:USDT,0.7947,788.0,0.7946,70.0,0.7956,56.0,0.7958,14.0
1753533112250,12:31:52.250,AGLD/USDT:USDT,0.7948,55.0,0.7947,32.0,0.7953,61.0,0.7954,75.0
1753533112346,12:31:52.346,AGLD/USDT:USDT,0.7949,6.0,0.7948,62.0,0.7952,61.0,0.7954,28.0
1753533112413,12:31:52.413,AGLD/USDT:USDT,0.7949,6.0,0.7948,62.0,0.7952,61.0,0.7954,28.0
1753533112628,12:31:52.628,AGLD/USDT:USDT,0.7949,6.0,0.7948,62.0,0.7952,61.0,0.7954,28.0
1753533112848,12:31:52.848,AGLD/USDT:USDT,0.7949,6.0,0.7948,62.0,0.7952,61.0,0.7954,28.0
1753533113058,12:31:53.058,AGLD/USDT:USDT,0.7949,6.0,0.7948,69.0,0.7952,61.0,0.7954,28.0
1753533114522,12:31:54.522,AGLD/USDT:USDT,0.7949,6.0,0.7948,69.0,0.7952,61.0,0.7954,28.0
1753533114721,12:31:54.721,AGLD/USDT:USDT,0.7949,6.0,0.7948,69.0,0.7952,61.0,0.7954,28.0
1753533115058,12:31:55.058,AGLD/USDT:USDT,0.7949,760.0,0.7946,56.0,0.7951,61.0,0.7952,14.0
1753533115111,12:31:55.111,AGLD/USDT:USDT,0.7949,754.0,0.7946,82.0,0.7951,61.0,0.7952,7.0
1753533115217,12:31:55.217,AGLD/USDT:USDT,0.7949,754.0,0.7946,82.0,0.7952,7.0,0.7953,7.0
1753533115327,12:31:55.327,AGLD/USDT:USDT,0.7949,754.0,0.7946,82.0,0.7954,83.0,0.7957,14.0
1753533115753,12:31:55.753,AGLD/USDT:USDT,0.795,6.0,0.7946,56.0,0.7951,61.0,0.7952,68.0
1753533115840,12:31:55.840,AGLD/USDT:USDT,0.7947,6.0,0.7946,56.0,0.7951,61.0,0.7952,14.0
1753533115886,12:31:55.886,AGLD/USDT:USDT,0.7947,6.0,0.7946,56.0,0.7951,61.0,0.7952,14.0
1753533116693,12:31:56.693,AGLD/USDT:USDT,0.7947,13.0,0.7946,56.0,0.7951,61.0,0.7952,14.0
1753533117326,12:31:57.326,AGLD/USDT:USDT,0.7947,776.0,0.7946,56.0,0.7951,61.0,0.7953,14.0
1753533117426,12:31:57.426,AGLD/USDT:USDT,0.7947,776.0,0.7946,82.0,0.7953,14.0,0.7954,55.0
1753533117482,12:31:57.482,AGLD/USDT:USDT,0.7947,776.0,0.7946,82.0,0.7953,14.0,0.7954,55.0
1753533117653,12:31:57.653,AGLD/USDT:USDT,0.7947,776.0,0.7946,56.0,0.7951,61.0,0.7954,55.0
1753533117710,12:31:57.710,AGLD/USDT:USDT,0.7947,776.0,0.7946,56.0,0.7951,61.0,0.7953,14.0
1753533117814,12:31:57.814,AGLD/USDT:USDT,0.7947,776.0,0.7946,56.0,0.7951,61.0,0.7953,14.0
1753533118695,12:31:58.695,AGLD/USDT:USDT,0.7947,776.0,0.7946,56.0,0.7951,61.0,0.7953,14.0
1753533118956,12:31:58.956,AGLD/USDT:USDT,0.7947,776.0,0.7946,56.0,0.7953,14.0,0.7954,55.0
1753533119061,12:31:59.061,AGLD/USDT:USDT,0.7947,776.0,0.7946,56.0,0.7951,61.0,0.7953,69.0
1753533119247,12:31:59.247,AGLD/USDT:USDT,0.7947,762.0,0.7943,26.0,0.795,116.0,0.7951,69.0
1753533119306,12:31:59.306,AGLD/USDT:USDT,0.7947,762.0,0.7943,26.0,0.795,116.0,0.7951,69.0
1753533119549,12:31:59.549,AGLD/USDT:USDT,0.7943,26.0,0.7942,56.0,0.7948,55.0,0.7949,69.0
1753533119628,12:31:59.628,AGLD/USDT:USDT,0.7942,63.0,0.7941,26.0,0.7946,14.0,0.7947,7.0
1753533119752,12:31:59.752,AGLD/USDT:USDT,0.7942,63.0,0.7941,26.0,0.7946,14.0,0.7947,7.0
1753533119818,12:31:59.818,AGLD/USDT:USDT,0.7942,63.0,0.7941,26.0,0.7946,14.0,0.7948,55.0
1753533119953,12:31:59.953,AGLD/USDT:USDT,0.7942,63.0,0.7939,26.0,0.7946,14.0,0.7948,69.0
1753533120007,12:32:00.007,AGLD/USDT:USDT,0.7942,63.0,0.7939,26.0,0.7946,14.0,0.7948,69.0
1753533120250,12:32:00.250,AGLD/USDT:USDT,0.7942,63.0,0.7939,26.0,0.7946,14.0,0.7948,69.0
1753533121545,12:32:01.545,AGLD/USDT:USDT,0.7942,7.0,0.7939,26.0,0.7946,14.0,0.7948,69.0
1753533121642,12:32:01.642,AGLD/USDT:USDT,0.7942,7.0,0.7939,26.0,0.7946,14.0,0.7948,69.0
1753533122908,12:32:02.908,AGLD/USDT:USDT,0.7942,7.0,0.7939,26.0,0.7946,14.0,0.7948,69.0
1753533123148,12:32:03.148,AGLD/USDT:USDT,0.7939,33.0,0.7938,56.0,0.7943,61.0,0.7944,61.0
1753533123256,12:32:03.256,AGLD/USDT:USDT,0.7939,7.0,0.7938,82.0,0.794,61.0,0.7944,14.0
1753533123357,12:32:03.357,AGLD/USDT:USDT,0.7937,7.0,0.7936,26.0,0.794,61.0,0.7942,14.0
1753533123460,12:32:03.460,AGLD/USDT:USDT,0.7937,7.0,0.7935,55.0,0.7939,61.0,0.7942,14.0
1753533123550,12:32:03.550,AGLD/USDT:USDT,0.7937,7.0,0.7935,55.0,0.7939,61.0,0.7941,14.0
1753533123660,12:32:03.660,AGLD/USDT:USDT,0.7935,62.0,0.7933,26.0,0.7939,61.0,0.7941,14.0
1753533123727,12:32:03.727,AGLD/USDT:USDT,0.7935,62.0,0.7933,26.0,0.7939,61.0,0.7941,14.0
1753533123943,12:32:03.943,AGLD/USDT:USDT,0.7935,62.0,0.7933,26.0,0.7939,61.0,0.7941,14.0
1753533124257,12:32:04.257,AGLD/USDT:USDT,0.7935,62.0,0.7933,26.0,0.7939,61.0,0.7941,14.0
1753533124265,12:32:04.265,AGLD/USDT:USDT,0.7935,62.0,0.7933,26.0,0.7939,61.0,0.7941,14.0
1753533125614,12:32:05.614,AGLD/USDT:USDT,0.7935,62.0,0.7933,26.0,0.7939,61.0,0.7941,14.0
1753533128536,12:32:08.536,AGLD/USDT:USDT,0.7935,62.0,0.7933,26.0,0.7939,61.0,0.7941,14.0
1753533128578,12:32:08.578,AGLD/USDT:USDT,0.7935,7.0,0.7933,26.0,0.7939,61.0,0.7941,14.0
1753533129555,12:32:09.555,AGLD/USDT:USDT,0.7935,7.0,0.7933,26.0,0.7939,61.0,0.7941,14.0
1753533129570,12:32:09.570,AGLD/USDT:USDT,0.7935,7.0,0.7933,26.0,0.7939,61.0,0.7941,14.0
1753533130299,12:32:10.299,AGLD/USDT:USDT,0.7935,7.0,0.7933,26.0,0.7939,61.0,0.7941,14.0
1753533130711,12:32:10.711,AGLD/USDT:USDT,0.7935,7.0,0.7933,26.0,0.7939,61.0,0.7941,14.0
1753533131353,12:32:11.353,AGLD/USDT:USDT,0.7935,7.0,0.7933,26.0,0.7939,61.0,0.7941,14.0
1753533134346,12:32:14.346,AGLD/USDT:USDT,0.7935,7.0,0.7933,26.0,0.7944,56.0,0.7946,14.0
1753533134366,12:32:14.366,AGLD/USDT:USDT,0.7935,7.0,0.7933,26.0,0.7944,56.0,0.7946,14.0
1753533135958,12:32:15.958,AGLD/USDT:USDT,0.7936,26.0,0.7935,62.0,0.7944,56.0,0.7946,14.0
1753533136037,12:32:16.037,AGLD/USDT:USDT,0.7936,26.0,0.7935,62.0,0.7943,116.0,0.7944,56.0
1753533136142,12:32:16.142,AGLD/USDT:USDT,0.7936,26.0,0.7935,62.0,0.7943,116.0,0.7944,56.0
1753533137115,12:32:17.115,AGLD/USDT:USDT,0.7936,26.0,0.7935,62.0,0.7943,116.0,0.7944,56.0
1753533138985,12:32:18.985,AGLD/USDT:USDT,0.7936,81.0,0.7935,62.0,0.7943,116.0,0.7944,56.0
1753533140158,12:32:20.158,AGLD/USDT:USDT,0.7936,81.0,0.7935,62.0,0.7943,116.0,0.7944,56.0
1753533140171,12:32:20.171,AGLD/USDT:USDT,0.7936,81.0,0.7935,62.0,0.7943,116.0,0.7944,56.0
1753533140545,12:32:20.545,AGLD/USDT:USDT,0.7936,55.0,0.7935,88.0,0.794,61.0,0.7943,55.0
1753533140614,12:32:20.614,AGLD/USDT:USDT,0.7936,55.0,0.7935,88.0,0.794,61.0,0.7942,14.0
1753533140719,12:32:20.719,AGLD/USDT:USDT,0.7936,55.0,0.7935,88.0,0.794,61.0,0.7942,14.0
1753533142991,12:32:22.991,AGLD/USDT:USDT,0.7936,55.0,0.7935,88.0,0.794,61.0,0.7942,14.0
1753533143410,12:32:23.410,AGLD/USDT:USDT,0.7936,55.0,0.7935,88.0,0.794,61.0,0.7942,14.0
1753533144432,12:32:24.432,AGLD/USDT:USDT,0.7936,55.0,0.7935,88.0,0.794,68.0,0.7942,14.0
1753533144470,12:32:24.470,AGLD/USDT:USDT,0.7936,55.0,0.7935,88.0,0.794,68.0,0.7942,14.0
1753533144623,12:32:24.623,AGLD/USDT:USDT,0.7936,55.0,0.7935,88.0,0.794,68.0,0.7942,14.0
1753533145418,12:32:25.418,AGLD/USDT:USDT,0.7936,55.0,0.7935,88.0,0.794,68.0,0.7942,14.0
1753533148353,12:32:28.353,AGLD/USDT:USDT,0.7935,7.0,0.7933,26.0,0.7939,61.0,0.794,7.0
1753533148406,12:32:28.406,AGLD/USDT:USDT,0.7935,7.0,0.7933,26.0,0.7939,61.0,0.794,7.0
1753533148641,12:32:28.641,AGLD/USDT:USDT,0.7935,7.0,0.7933,26.0,0.7939,61.0,0.794,7.0
1753533152445,12:32:32.445,AGLD/USDT:USDT,0.7935,7.0,0.7933,26.0,0.7939,61.0,0.794,7.0
1753533154148,12:32:34.148,AGLD/USDT:USDT,0.7933,26.0,0.7932,56.0,0.7937,61.0,0.7938,61.0
1753533154246,12:32:34.246,AGLD/USDT:USDT,0.7933,64.0,0.7932,82.0,0.7937,61.0,0.7939,14.0
1753533154343,12:32:34.343,AGLD/USDT:USDT,0.7933,64.0,0.7932,82.0,0.7937,61.0,0.7939,14.0
1753533154684,12:32:34.684,AGLD/USDT:USDT,0.7933,64.0,0.7932,82.0,0.7937,61.0,0.7939,14.0
1753533155306,12:32:35.306,AGLD/USDT:USDT,0.7933,90.0,0.7932,56.0,0.7939,14.0,0.7941,14.0
1753533155499,12:32:35.499,AGLD/USDT:USDT,0.7933,90.0,0.7932,56.0,0.7939,14.0,0.7941,14.0
1753533157142,12:32:37.142,AGLD/USDT:USDT,0.7934,90.0,0.7933,64.0,0.7939,14.0,0.7941,14.0
1753533158987,12:32:38.987,AGLD/USDT:USDT,0.7934,90.0,0.7933,64.0,0.7939,14.0,0.7941,14.0
1753533159124,12:32:39.124,AGLD/USDT:USDT,0.7934,90.0,0.7933,64.0,0.7939,14.0,0.7941,14.0
1753533162311,12:32:42.311,AGLD/USDT:USDT,0.7934,83.0,0.7933,64.0,0.7939,21.0,0.7941,14.0
1753533165645,12:32:45.645,AGLD/USDT:USDT,0.7934,90.0,0.7933,64.0,0.7939,21.0,0.7941,14.0
1753533166019,12:32:46.019,AGLD/USDT:USDT,0.7934,83.0,0.7933,64.0,0.7939,21.0,0.7941,14.0
1753533169126,12:32:49.126,AGLD/USDT:USDT,0.7934,90.0,0.7933,64.0,0.7939,21.0,0.7941,14.0
1753533173245,12:32:53.245,AGLD/USDT:USDT,0.7934,7.0,0.7933,90.0,0.7939,21.0,0.7941,14.0
1753533174345,12:32:54.345,AGLD/USDT:USDT,0.7933,7.0,0.7932,82.0,0.7938,61.0,0.7939,7.0
1753533174463,12:32:54.463,AGLD/USDT:USDT,0.7933,7.0,0.7932,82.0,0.7938,61.0,0.7939,7.0
1753533174534,12:32:54.534,AGLD/USDT:USDT,0.7933,7.0,0.7932,82.0,0.7938,61.0,0.7939,7.0
1753533175462,12:32:55.462,AGLD/USDT:USDT,0.7932,33.0,0.793,56.0,0.7935,61.0,0.7936,61.0
1753533175531,12:32:55.531,AGLD/USDT:USDT,0.7932,7.0,0.793,82.0,0.7934,61.0,0.7937,21.0
1753533175646,12:32:55.646,AGLD/USDT:USDT,0.7932,7.0,0.793,82.0,0.7935,61.0,0.7937,7.0
1753533175677,12:32:55.677,AGLD/USDT:USDT,0.7932,7.0,0.793,82.0,0.7935,61.0,0.7937,21.0
1753533175928,12:32:55.928,AGLD/USDT:USDT,0.7932,7.0,0.793,82.0,0.7935,61.0,0.7937,21.0
1753533176407,12:32:56.407,AGLD/USDT:USDT,0.7932,7.0,0.793,82.0,0.7937,21.0,0.7939,14.0
1753533177648,12:32:57.648,AGLD/USDT:USDT,0.7932,14.0,0.793,82.0,0.7937,21.0,0.7939,14.0
1753533177665,12:32:57.665,AGLD/USDT:USDT,0.7932,40.0,0.793,56.0,0.7937,21.0,0.7939,14.0
1753533177890,12:32:57.890,AGLD/USDT:USDT,0.7932,40.0,0.7929,55.0,0.7937,21.0,0.7939,14.0
1753533179346,12:32:59.346,AGLD/USDT:USDT,0.793,33.0,0.7929,55.0,0.7935,61.0,0.7937,7.0
1753533179434,12:32:59.434,AGLD/USDT:USDT,0.793,33.0,0.7929,55.0,0.7935,61.0,0.7937,21.0
1753533179528,12:32:59.528,AGLD/USDT:USDT,0.793,88.0,0.7929,55.0,0.7935,61.0,0.7937,21.0
1753533181061,12:33:01.061,AGLD/USDT:USDT,0.793,88.0,0.7929,55.0,0.7935,61.0,0.7937,21.0
1753533181154,12:33:01.154,AGLD/USDT:USDT,0.793,88.0,0.7929,55.0,0.7935,68.0,0.7937,71.0
1753533181214,12:33:01.214,AGLD/USDT:USDT,0.793,88.0,0.7929,55.0,0.7935,68.0,0.7937,71.0
1753533181714,12:33:01.714,AGLD/USDT:USDT,0.793,88.0,0.7929,55.0,0.7935,68.0,0.7937,71.0
1753533181839,12:33:01.839,AGLD/USDT:USDT,0.793,88.0,0.7929,55.0,0.7935,68.0,0.7937,71.0
1753533181952,12:33:01.952,AGLD/USDT:USDT,0.793,26.0,0.7929,55.0,0.7934,61.0,0.7935,75.0
1753533182039,12:33:02.039,AGLD/USDT:USDT,0.7929,7.0,0.7927,81.0,0.7932,61.0,0.7935,7.0
1753533182130,12:33:02.130,AGLD/USDT:USDT,0.7929,7.0,0.7927,81.0,0.7932,61.0,0.7934,14.0
1753533182213,12:33:02.213,AGLD/USDT:USDT,0.7929,7.0,0.7927,81.0,0.7932,61.0,0.7934,14.0
1753533182319,12:33:02.319,AGLD/USDT:USDT,0.7929,7.0,0.7927,81.0,0.7932,61.0,0.7934,14.0
1753533182709,12:33:02.709,AGLD/USDT:USDT,0.7929,7.0,0.7927,81.0,0.7932,61.0,0.7934,14.0
1753533183028,12:33:03.028,AGLD/USDT:USDT,0.7929,7.0,0.7927,81.0,0.7932,61.0,0.7933,7.0
1753533183149,12:33:03.149,AGLD/USDT:USDT,0.7927,55.0,0.7926,83.0,0.793,61.0,0.7933,7.0
1753533183258,12:33:03.258,AGLD/USDT:USDT,0.7927,62.0,0.7926,90.0,0.7934,14.0,0.7937,57.0
1753533183350,12:33:03.350,AGLD/USDT:USDT,0.7928,57.0,0.7927,95.0,0.7936,118.0,0.7937,71.0
1753533183425,12:33:03.425,AGLD/USDT:USDT,0.7929,7.0,0.7928,83.0,0.7932,61.0,0.7934,7.0
1753533183536,12:33:03.536,AGLD/USDT:USDT,0.7929,7.0,0.7928,83.0,0.7932,61.0,0.7934,7.0
1753533183662,12:33:03.662,AGLD/USDT:USDT,0.7929,7.0,0.7928,83.0,0.7932,61.0,0.7934,21.0
1753533183694,12:33:03.694,AGLD/USDT:USDT,0.7929,7.0,0.7928,83.0,0.7932,61.0,0.7934,21.0
1753533183905,12:33:03.905,AGLD/USDT:USDT,0.7929,40.0,0.7928,57.0,0.7934,21.0,0.7937,71.0
1753533184446,12:33:04.446,AGLD/USDT:USDT,0.7929,40.0,0.7928,57.0,0.7933,61.0,0.7935,14.0
1753533184549,12:33:04.549,AGLD/USDT:USDT,0.7928,57.0,0.7927,88.0,0.7931,61.0,0.7932,61.0
1753533184628,12:33:04.628,AGLD/USDT:USDT,0.7928,57.0,0.7927,88.0,0.7931,61.0,0.7933,21.0
1753533184733,12:33:04.733,AGLD/USDT:USDT,0.7928,57.0,0.7927,88.0,0.7931,61.0,0.7933,21.0
1753533186256,12:33:06.256,AGLD/USDT:USDT,0.7928,57.0,0.7927,88.0,0.7931,61.0,0.7933,21.0
1753533186431,12:33:06.431,AGLD/USDT:USDT,0.7928,57.0,0.7927,88.0,0.7931,61.0,0.7933,21.0
1753533190758,12:33:10.758,AGLD/USDT:USDT,0.7928,57.0,0.7927,95.0,0.7935,14.0,0.7937,57.0
1753533190812,12:33:10.812,AGLD/USDT:USDT,0.7929,33.0,0.7928,57.0,0.7935,14.0,0.7937,57.0
1753533190961,12:33:10.961,AGLD/USDT:USDT,0.7929,40.0,0.7928,57.0,0.7933,61.0,0.7934,61.0
1753533190964,12:33:10.964,AGLD/USDT:USDT,0.7929,40.0,0.7928,57.0,0.7933,61.0,0.7937,57.0
1753533191136,12:33:11.136,AGLD/USDT:USDT,0.7929,14.0,0.7928,83.0,0.7933,61.0,0.7937,57.0
1753533191257,12:33:11.257,AGLD/USDT:USDT,0.7929,70.0,0.7928,83.0,0.7933,61.0,0.7935,14.0
1753533192277,12:33:12.277,AGLD/USDT:USDT,0.7929,70.0,0.7928,83.0,0.7933,61.0,0.7935,14.0
1753533194706,12:33:14.706,AGLD/USDT:USDT,0.7929,96.0,0.7928,57.0,0.7935,14.0,0.7937,71.0
1753533194775,12:33:14.775,AGLD/USDT:USDT,0.7929,96.0,0.7928,57.0,0.7935,14.0,0.7937,71.0
1753533195059,12:33:15.059,AGLD/USDT:USDT,0.7929,96.0,0.7926,57.0,0.7935,14.0,0.7937,71.0
1753533195329,12:33:15.329,AGLD/USDT:USDT,0.7929,96.0,0.7926,57.0,0.7935,14.0,0.7937,71.0
1753533197826,12:33:17.826,AGLD/USDT:USDT,0.7929,96.0,0.7926,57.0,0.7935,14.0,0.7937,71.0
1753533199051,12:33:19.051,AGLD/USDT:USDT,0.7929,96.0,0.7926,57.0,0.7935,14.0,0.7937,71.0
1753533199120,12:33:19.120,AGLD/USDT:USDT,0.7929,96.0,0.7926,57.0,0.7935,14.0,0.7937,71.0
1753533199625,12:33:19.625,AGLD/USDT:USDT,0.793,282.0,0.7929,826.0,0.7935,14.0,0.7937,71.0
1753533201345,12:33:21.345,AGLD/USDT:USDT,0.793,26.0,0.7929,70.0,0.7935,14.0,0.7937,71.0
1753533201428,12:33:21.428,AGLD/USDT:USDT,0.7929,14.0,0.7927,26.0,0.7933,61.0,0.7935,14.0
1753533201480,12:33:21.480,AGLD/USDT:USDT,0.7929,14.0,0.7927,26.0,0.7933,61.0,0.7935,14.0
1753533202351,12:33:22.351,AGLD/USDT:USDT,0.7929,14.0,0.7927,26.0,0.7933,61.0,0.7935,14.0
1753533204942,12:33:24.942,AGLD/USDT:USDT,0.7929,770.0,0.7927,26.0,0.7933,61.0,0.7935,14.0
1753533204970,12:33:24.970,AGLD/USDT:USDT,0.7929,770.0,0.7927,26.0,0.7933,61.0,0.7935,14.0
1753533207625,12:33:27.625,AGLD/USDT:USDT,0.7929,796.0,0.7926,57.0,0.7935,14.0,0.7937,71.0
1753533207818,12:33:27.818,AGLD/USDT:USDT,0.7929,796.0,0.7926,57.0,0.7935,14.0,0.7937,71.0
1753533208926,12:33:28.926,AGLD/USDT:USDT,0.793,55.0,0.7929,40.0,0.7933,61.0,0.7937,71.0
1753533208974,12:33:28.974,AGLD/USDT:USDT,0.793,55.0,0.7929,40.0,0.7933,61.0,0.7935,14.0
1753533209140,12:33:29.140,AGLD/USDT:USDT,0.793,55.0,0.7929,40.0,0.7933,61.0,0.7935,14.0
1753533217953,12:33:37.953,AGLD/USDT:USDT,0.7929,763.0,0.7927,26.0,0.7931,61.0,0.7935,14.0
1753533218035,12:33:38.035,AGLD/USDT:USDT,0.7929,763.0,0.7927,26.0,0.7931,61.0,0.7933,14.0
1753533218070,12:33:38.070,AGLD/USDT:USDT,0.7929,763.0,0.7927,26.0,0.7933,14.0,0.7935,14.0
1753533218170,12:33:38.170,AGLD/USDT:USDT,0.7929,763.0,0.7927,26.0,0.7933,14.0,0.7935,14.0
1753533218267,12:33:38.267,AGLD/USDT:USDT,0.7929,770.0,0.7927,26.0,0.7933,14.0,0.7935,14.0
1753533221343,12:33:41.343,AGLD/USDT:USDT,0.7929,770.0,0.7927,26.0,0.7933,14.0,0.7935,14.0
1753533222263,12:33:42.263,AGLD/USDT:USDT,0.7929,770.0,0.7927,26.0,0.7933,14.0,0.7935,14.0
1753533222453,12:33:42.453,AGLD/USDT:USDT,0.7929,770.0,0.7927,26.0,0.7933,14.0,0.7935,14.0
1753533229126,12:33:49.126,AGLD/USDT:USDT,0.7929,796.0,0.7926,57.0,0.7935,14.0,0.7937,71.0
1753533234354,12:33:54.354,AGLD/USDT:USDT,0.7929,796.0,0.7926,57.0,0.7935,14.0,0.7937,71.0
1753533238862,12:33:58.862,AGLD/USDT:USDT,0.7929,796.0,0.7926,57.0,0.7935,70.0,0.7937,71.0
1753533238958,12:33:58.958,AGLD/USDT:USDT,0.7929,770.0,0.7927,26.0,0.7933,61.0,0.7935,70.0
1753533239039,12:33:59.039,AGLD/USDT:USDT,0.7929,770.0,0.7927,26.0,0.7933,61.0,0.7935,70.0
1753533240494,12:34:00.494,AGLD/USDT:USDT,0.7929,770.0,0.7927,26.0,0.7933,61.0,0.7935,14.0
1753533243345,12:34:03.345,AGLD/USDT:USDT,0.7929,763.0,0.7927,26.0,0.7933,61.0,0.7935,14.0
1753533243385,12:34:03.385,AGLD/USDT:USDT,0.7929,763.0,0.7927,26.0,0.7933,61.0,0.7935,14.0
1753533247369,12:34:07.369,AGLD/USDT:USDT,0.7929,763.0,0.7927,26.0,0.7933,61.0,0.7935,14.0
1753533248305,12:34:08.305,AGLD/USDT:USDT,0.7929,770.0,0.7927,26.0,0.7933,61.0,0.7935,14.0
1753533252162,12:34:12.162,AGLD/USDT:USDT,0.7929,756.0,0.7927,26.0,0.793,61.0,0.7932,61.0
1753533252261,12:34:12.261,AGLD/USDT:USDT,0.7927,7.0,0.7926,57.0,0.793,61.0,0.7932,14.0
1753533252362,12:34:12.362,AGLD/USDT:USDT,0.7927,7.0,0.7926,57.0,0.793,61.0,0.7932,14.0
1753533252461,12:34:12.461,AGLD/USDT:USDT,0.7927,763.0,0.7926,83.0,0.793,68.0,0.7932,14.0
1753533252552,12:34:12.552,AGLD/USDT:USDT,0.7923,26.0,0.7922,56.0,0.7928,61.0,0.7929,61.0
1753533252645,12:34:12.645,AGLD/USDT:USDT,0.7923,82.0,0.7922,56.0,0.7928,61.0,0.793,21.0
1753533253032,12:34:13.032,AGLD/USDT:USDT,0.7923,89.0,0.7922,56.0,0.7928,61.0,0.793,21.0
1753533253073,12:34:13.073,AGLD/USDT:USDT,0.7923,89.0,0.7922,56.0,0.7928,61.0,0.793,21.0
1753533253391,12:34:13.391,AGLD/USDT:USDT,0.7923,89.0,0.7922,56.0,0.7928,61.0,0.793,21.0
1753533253627,12:34:13.627,AGLD/USDT:USDT,0.7923,89.0,0.7922,56.0,0.7928,61.0,0.793,21.0
1753533253784,12:34:13.784,AGLD/USDT:USDT,0.7923,89.0,0.7922,56.0,0.7928,61.0,0.793,21.0
1753533254637,12:34:14.637,AGLD/USDT:USDT,0.7924,56.0,0.7923,89.0,0.793,21.0,0.7932,14.0
1753533254673,12:34:14.673,AGLD/USDT:USDT,0.7924,82.0,0.7923,63.0,0.793,21.0,0.7932,14.0
1753533256262,12:34:16.262,AGLD/USDT:USDT,0.7925,96.0,0.7924,56.0,0.793,14.0,0.7932,14.0
1753533256346,12:34:16.346,AGLD/USDT:USDT,0.7925,854.0,0.7924,56.0,0.7932,61.0,0.7934,14.0
1753533256385,12:34:16.385,AGLD/USDT:USDT,0.7926,282.0,0.7925,828.0,0.7932,61.0,0.7934,14.0
1753533256561,12:34:16.561,AGLD/USDT:USDT,0.7926,282.0,0.7925,828.0,0.7932,61.0,0.7934,14.0
1753533256600,12:34:16.600,AGLD/USDT:USDT,0.7926,282.0,0.7925,828.0,0.7932,61.0,0.7934,14.0
1753533256670,12:34:16.670,AGLD/USDT:USDT,0.7926,282.0,0.7925,828.0,0.7932,61.0,0.7934,14.0
1753533256941,12:34:16.941,AGLD/USDT:USDT,0.7926,338.0,0.7925,828.0,0.7932,61.0,0.7934,14.0
1753533258346,12:34:18.346,AGLD/USDT:USDT,0.7928,256.0,0.7927,852.0,0.7932,61.0,0.7933,14.0
1753533258455,12:34:18.455,AGLD/USDT:USDT,0.7929,26.0,0.7928,256.0,0.7937,61.0,0.7938,56.0
1753533258506,12:34:18.506,AGLD/USDT:USDT,0.7929,33.0,0.7928,270.0,0.7933,61.0,0.7935,21.0
1753533258648,12:34:18.648,AGLD/USDT:USDT,0.7929,7.0,0.7928,270.0,0.7932,61.0,0.7934,14.0
1753533258716,12:34:18.716,AGLD/USDT:USDT,0.7929,7.0,0.7928,270.0,0.7932,61.0,0.7934,14.0
1753533259395,12:34:19.395,AGLD/USDT:USDT,0.7929,7.0,0.7928,270.0,0.7932,61.0,0.7934,14.0
1753533259662,12:34:19.662,AGLD/USDT:USDT,0.7929,7.0,0.7928,270.0,0.7934,14.0,0.7935,7.0
1753533259686,12:34:19.686,AGLD/USDT:USDT,0.7929,7.0,0.7928,296.0,0.7934,14.0,0.7935,7.0
1753533260380,12:34:20.380,AGLD/USDT:USDT,0.7929,7.0,0.7928,296.0,0.7934,14.0,0.7935,7.0
1753533260630,12:34:20.630,AGLD/USDT:USDT,0.7929,763.0,0.7928,96.0,0.7934,14.0,0.7935,7.0
1753533260679,12:34:20.679,AGLD/USDT:USDT,0.7929,763.0,0.7928,96.0,0.7934,14.0,0.7935,7.0
1753533262415,12:34:22.415,AGLD/USDT:USDT,0.7929,763.0,0.7928,96.0,0.7934,14.0,0.7935,7.0
1753533265424,12:34:25.424,AGLD/USDT:USDT,0.7929,763.0,0.7928,96.0,0.7934,14.0,0.7935,7.0
1753533265886,12:34:25.886,AGLD/USDT:USDT,0.7929,789.0,0.7928,70.0,0.7934,14.0,0.7937,14.0
1753533268961,12:34:28.961,AGLD/USDT:USDT,0.7929,756.0,0.7924,26.0,0.7933,61.0,0.7934,14.0
1753533269021,12:34:29.021,AGLD/USDT:USDT,0.7929,756.0,0.7924,26.0,0.7933,61.0,0.7934,14.0
1753533269095,12:34:29.095,AGLD/USDT:USDT,0.7929,756.0,0.7924,26.0,0.7933,61.0,0.7934,14.0
1753533269383,12:34:29.383,AGLD/USDT:USDT,0.7929,756.0,0.7924,26.0,0.7933,61.0,0.7934,14.0
1753533270063,12:34:30.063,AGLD/USDT:USDT,0.7924,26.0,0.7923,56.0,0.7933,61.0,0.7934,14.0
1753533270115,12:34:30.115,AGLD/USDT:USDT,0.7926,55.0,0.7925,95.0,0.793,61.0,0.7934,7.0
1753533270248,12:34:30.248,AGLD/USDT:USDT,0.7926,55.0,0.7925,95.0,0.7932,14.0,0.7934,21.0
1753533270273,12:34:30.273,AGLD/USDT:USDT,0.7926,81.0,0.7925,69.0,0.7932,14.0,0.7934,21.0
1753533270947,12:34:30.947,AGLD/USDT:USDT,0.7926,81.0,0.7925,69.0,0.7932,14.0,0.7934,14.0
1753533271048,12:34:31.048,AGLD/USDT:USDT,0.7926,81.0,0.7925,69.0,0.7931,61.0,0.7932,21.0
1753533271157,12:34:31.157,AGLD/USDT:USDT,0.7926,55.0,0.7925,95.0,0.793,61.0,0.7932,21.0
1753533271225,12:34:31.225,AGLD/USDT:USDT,0.7926,55.0,0.7925,95.0,0.793,61.0,0.7932,21.0
1753533271713,12:34:31.713,AGLD/USDT:USDT,0.7926,813.0,0.7925,95.0,0.793,61.0,0.7932,21.0
1753533271773,12:34:31.773,AGLD/USDT:USDT,0.7926,813.0,0.7925,95.0,0.793,61.0,0.7932,21.0
1753533273431,12:34:33.431,AGLD/USDT:USDT,0.7926,813.0,0.7925,95.0,0.793,61.0,0.7932,14.0
1753533273525,12:34:33.525,AGLD/USDT:USDT,0.7926,813.0,0.7925,88.0,0.793,61.0,0.7931,7.0
1753533274003,12:34:34.003,AGLD/USDT:USDT,0.7926,813.0,0.7925,88.0,0.793,61.0,0.7931,7.0
1753533274474,12:34:34.474,AGLD/USDT:USDT,0.7926,813.0,0.7925,88.0,0.793,61.0,0.7931,7.0
1753533274620,12:34:34.620,AGLD/USDT:USDT,0.7926,813.0,0.7925,88.0,0.793,68.0,0.7931,7.0
1753533275854,12:34:35.854,AGLD/USDT:USDT,0.7926,820.0,0.7925,88.0,0.793,61.0,0.7932,14.0
1753533275947,12:34:35.947,AGLD/USDT:USDT,0.7927,261.0,0.7926,846.0,0.7931,61.0,0.7932,14.0
1753533276049,12:34:36.049,AGLD/USDT:USDT,0.7927,763.0,0.7926,62.0,0.793,61.0,0.7932,14.0
1753533276099,12:34:36.099,AGLD/USDT:USDT,0.7927,763.0,0.7926,88.0,0.793,61.0,0.7932,14.0
1753533277063,12:34:37.063,AGLD/USDT:USDT,0.7927,763.0,0.7926,88.0,0.793,61.0,0.7932,14.0
1753533277169,12:34:37.169,AGLD/USDT:USDT,0.7927,763.0,0.7926,88.0,0.793,61.0,0.7932,14.0
1753533280798,12:34:40.798,AGLD/USDT:USDT,0.7927,763.0,0.7926,88.0,0.793,61.0,0.7932,14.0
1753533280950,12:34:40.950,AGLD/USDT:USDT,0.7927,756.0,0.7924,26.0,0.7928,61.0,0.7929,14.0
1753533281045,12:34:41.045,AGLD/USDT:USDT,0.7924,33.0,0.7923,56.0,0.7928,61.0,0.7929,7.0
1753533281154,12:34:41.154,AGLD/USDT:USDT,0.7924,7.0,0.7923,82.0,0.7928,61.0,0.7929,7.0
1753533281232,12:34:41.232,AGLD/USDT:USDT,0.7924,61.0,0.7923,82.0,0.7928,61.0,0.7929,7.0
1753533282047,12:34:42.047,AGLD/USDT:USDT,0.7925,280.0,0.7924,819.0,0.7931,14.0,0.7933,15.0
1753533282133,12:34:42.133,AGLD/USDT:USDT,0.7925,254.0,0.7924,845.0,0.7929,61.0,0.793,7.0
1753533282170,12:34:42.170,AGLD/USDT:USDT,0.7925,254.0,0.7924,845.0,0.7929,61.0,0.793,7.0
1753533282432,12:34:42.432,AGLD/USDT:USDT,0.7925,254.0,0.7924,845.0,0.7929,61.0,0.793,7.0
1753533283426,12:34:43.426,AGLD/USDT:USDT,0.7925,254.0,0.7924,819.0,0.7927,61.0,0.7929,15.0
1753533283546,12:34:43.546,AGLD/USDT:USDT,0.7924,61.0,0.7923,82.0,0.7927,61.0,0.7929,15.0
1753533283657,12:34:43.657,AGLD/USDT:USDT,0.7924,819.0,0.7923,82.0,0.7927,61.0,0.7929,15.0
1753533283670,12:34:43.670,AGLD/USDT:USDT,0.7924,819.0,0.7923,82.0,0.7927,61.0,0.7929,15.0
1753533284547,12:34:44.547,AGLD/USDT:USDT,0.7924,819.0,0.7923,82.0,0.7929,15.0,0.793,7.0
1753533284622,12:34:44.622,AGLD/USDT:USDT,0.7924,819.0,0.7923,82.0,0.7928,61.0,0.793,22.0
1753533284726,12:34:44.726,AGLD/USDT:USDT,0.7924,819.0,0.7923,82.0,0.7928,61.0,0.793,22.0
1753533284867,12:34:44.867,AGLD/USDT:USDT,0.7924,819.0,0.7923,82.0,0.7928,61.0,0.793,22.0
1753533285848,12:34:45.848,AGLD/USDT:USDT,0.7924,819.0,0.7923,82.0,0.7928,61.0,0.793,22.0
1753533286054,12:34:46.054,AGLD/USDT:USDT,0.7924,819.0,0.7923,82.0,0.7928,61.0,0.793,22.0
1753533286395,12:34:46.395,AGLD/USDT:USDT,0.7924,819.0,0.7923,82.0,0.7928,61.0,0.793,22.0
1753533286890,12:34:46.890,AGLD/USDT:USDT,0.7924,819.0,0.7923,82.0,0.7928,61.0,0.793,22.0
1753533287706,12:34:47.706,AGLD/USDT:USDT,0.7924,819.0,0.7923,82.0,0.7928,61.0,0.793,22.0
1753533288745,12:34:48.745,AGLD/USDT:USDT,0.7925,254.0,0.7924,845.0,0.793,22.0,0.7932,15.0
1753533288846,12:34:48.846,AGLD/USDT:USDT,0.7924,845.0,0.7923,56.0,0.7929,61.0,0.793,7.0
1753533288925,12:34:48.925,AGLD/USDT:USDT,0.7925,254.0,0.7924,845.0,0.7929,61.0,0.793,7.0
1753533289061,12:34:49.061,AGLD/USDT:USDT,0.7925,315.0,0.7924,845.0,0.7935,56.0,0.7937,538.0
1753533289153,12:34:49.153,AGLD/USDT:USDT,0.7926,26.0,0.7925,315.0,0.7934,115.0,0.7935,56.0
1753533289546,12:34:49.546,AGLD/USDT:USDT,0.7926,26.0,0.7925,315.0,0.7934,115.0,0.7935,56.0
1753533289570,12:34:49.570,AGLD/USDT:USDT,0.7926,26.0,0.7925,315.0,0.7934,115.0,0.7935,56.0
1753533294085,12:34:54.085,AGLD/USDT:USDT,0.7926,26.0,0.7925,61.0,0.7934,115.0,0.7935,56.0
1753533294183,12:34:54.183,AGLD/USDT:USDT,0.7926,26.0,0.7925,61.0,0.7934,115.0,0.7935,56.0
1753533294308,12:34:54.308,AGLD/USDT:USDT,0.7926,80.0,0.7925,61.0,0.7934,115.0,0.7935,56.0
1753533294374,12:34:54.374,AGLD/USDT:USDT,0.7926,80.0,0.7925,61.0,0.7934,115.0,0.7935,56.0
1753533294862,12:34:54.862,AGLD/USDT:USDT,0.7926,143.0,0.7925,61.0,0.7934,115.0,0.7935,56.0
1753533294999,12:34:54.999,AGLD/USDT:USDT,0.7928,94.0,0.7927,810.0,0.7934,61.0,0.7937,69.0
1753533296045,12:34:56.045,AGLD/USDT:USDT,0.7928,94.0,0.7927,810.0,0.7934,61.0,0.7937,69.0
1753533296664,12:34:56.664,AGLD/USDT:USDT,0.7928,94.0,0.7927,432.0,0.7934,61.0,0.7937,69.0
1753533296665,12:34:56.665,AGLD/USDT:USDT,0.7928,94.0,0.7927,54.0,0.7934,61.0,0.7937,69.0
1753533297306,12:34:57.306,AGLD/USDT:USDT,0.7928,94.0,0.7927,54.0,0.7934,68.0,0.7937,69.0
1753533297412,12:34:57.412,AGLD/USDT:USDT,0.7928,94.0,0.7926,54.0,0.7934,68.0,0.7937,69.0
1753533297518,12:34:57.518,AGLD/USDT:USDT,0.7928,94.0,0.7926,54.0,0.7934,61.0,0.7937,69.0
1753533297606,12:34:57.606,AGLD/USDT:USDT,0.7929,255.0,0.7928,850.0,0.7934,61.0,0.7937,69.0
1753533297804,12:34:57.804,AGLD/USDT:USDT,0.7929,281.0,0.7928,824.0,0.7934,61.0,0.7937,69.0
1753533298029,12:34:58.029,AGLD/USDT:USDT,0.7929,281.0,0.7928,824.0,0.7934,61.0,0.7937,69.0
1753533298134,12:34:58.134,AGLD/USDT:USDT,0.7929,335.0,0.7928,824.0,0.7934,61.0,0.7937,69.0
1753533299017,12:34:59.017,AGLD/USDT:USDT,0.7929,335.0,0.7928,824.0,0.7934,61.0,0.7937,69.0
1753533299345,12:34:59.345,AGLD/USDT:USDT,0.7929,836.0,0.7928,68.0,0.7935,61.0,0.7939,15.0
1753533299412,12:34:59.412,AGLD/USDT:USDT,0.7929,836.0,0.7928,68.0,0.7935,61.0,0.7937,15.0
1753533299531,12:34:59.531,AGLD/USDT:USDT,0.7929,836.0,0.7928,68.0,0.7935,61.0,0.7937,15.0
1753533300134,12:35:00.134,AGLD/USDT:USDT,0.7929,836.0,0.7928,68.0,0.7935,61.0,0.7937,15.0
1753533300236,12:35:00.236,AGLD/USDT:USDT,0.7929,836.0,0.7928,68.0,0.7935,61.0,0.7937,15.0
1753533300370,12:35:00.370,AGLD/USDT:USDT,0.7929,836.0,0.7928,68.0,0.7935,61.0,0.7937,15.0
1753533301459,12:35:01.459,AGLD/USDT:USDT,0.7929,782.0,0.7928,68.0,0.7935,61.0,0.7937,15.0
1753533301875,12:35:01.875,AGLD/USDT:USDT,0.7929,782.0,0.7928,68.0,0.7935,61.0,0.7937,15.0
1753533302744,12:35:02.744,AGLD/USDT:USDT,0.7929,782.0,0.7928,68.0,0.7935,61.0,0.7937,15.0
1753533303901,12:35:03.901,AGLD/USDT:USDT,0.7929,782.0,0.7928,68.0,0.7935,61.0,0.7937,15.0
1753533304513,12:35:04.513,AGLD/USDT:USDT,0.7929,782.0,0.7928,68.0,0.7935,61.0,0.7937,15.0
1753533304574,12:35:04.574,AGLD/USDT:USDT,0.7929,782.0,0.7928,68.0,0.7935,61.0,0.7937,15.0
1753533304718,12:35:04.718,AGLD/USDT:USDT,0.7929,782.0,0.7928,68.0,0.7935,61.0,0.7937,15.0
1753533304811,12:35:04.811,AGLD/USDT:USDT,0.7929,782.0,0.7928,68.0,0.7935,61.0,0.7937,15.0
1753533305163,12:35:05.163,AGLD/USDT:USDT,0.793,56.0,0.7929,782.0,0.7941,55.0,0.7942,6.0
1753533305258,12:35:05.258,AGLD/USDT:USDT,0.7931,796.0,0.793,56.0,0.7936,61.0,0.794,56.0
1753533305338,12:35:05.338,AGLD/USDT:USDT,0.7931,796.0,0.793,56.0,0.7936,61.0,0.7938,15.0
1753533305454,12:35:05.454,AGLD/USDT:USDT,0.7931,7.0,0.793,56.0,0.7934,61.0,0.7938,15.0
1753533305547,12:35:05.547,AGLD/USDT:USDT,0.7931,7.0,0.793,56.0,0.7934,61.0,0.7937,15.0
1753533306122,12:35:06.122,AGLD/USDT:USDT,0.7931,763.0,0.793,89.0,0.7934,61.0,0.7937,15.0
1753533306543,12:35:06.543,AGLD/USDT:USDT,0.7931,789.0,0.793,63.0,0.7937,15.0,0.7941,55.0
1753533306635,12:35:06.635,AGLD/USDT:USDT,0.7931,7.0,0.793,63.0,0.7934,61.0,0.7936,7.0
1753533306760,12:35:06.760,AGLD/USDT:USDT,0.7931,763.0,0.793,89.0,0.7934,61.0,0.7937,15.0
1753533306847,12:35:06.847,AGLD/USDT:USDT,0.7931,7.0,0.793,89.0,0.7934,61.0,0.7937,15.0
1753533306889,12:35:06.889,AGLD/USDT:USDT,0.7931,7.0,0.793,63.0,0.7934,61.0,0.7937,15.0
1753533307241,12:35:07.241,AGLD/USDT:USDT,0.7931,7.0,0.793,56.0,0.7934,61.0,0.7937,15.0
1753533307470,12:35:07.470,AGLD/USDT:USDT,0.7931,7.0,0.793,63.0,0.7934,61.0,0.7937,15.0
1753533308132,12:35:08.132,AGLD/USDT:USDT,0.7931,789.0,0.793,63.0,0.7937,15.0,0.7939,15.0
1753533308256,12:35:08.256,AGLD/USDT:USDT,0.7931,789.0,0.793,63.0,0.7937,15.0,0.7939,15.0
1753533308323,12:35:08.323,AGLD/USDT:USDT,0.7931,789.0,0.793,63.0,0.7937,15.0,0.7939,15.0
1753533309956,12:35:09.956,AGLD/USDT:USDT,0.7931,789.0,0.793,63.0,0.7935,61.0,0.7936,68.0
1753533310031,12:35:10.031,AGLD/USDT:USDT,0.7931,763.0,0.793,89.0,0.7935,61.0,0.7936,7.0
1753533310126,12:35:10.126,AGLD/USDT:USDT,0.7931,763.0,0.793,89.0,0.7935,61.0,0.7936,14.0
1753533310173,12:35:10.173,AGLD/USDT:USDT,0.7931,763.0,0.793,89.0,0.7935,61.0,0.7936,14.0
1753533310521,12:35:10.521,AGLD/USDT:USDT,0.7931,763.0,0.793,33.0,0.7935,61.0,0.7936,14.0
1753533310585,12:35:10.585,AGLD/USDT:USDT,0.7931,763.0,0.793,33.0,0.7935,61.0,0.7936,14.0
1753533312058,12:35:12.058,AGLD/USDT:USDT,0.7931,763.0,0.793,33.0,0.7935,61.0,0.7936,14.0
1753533312129,12:35:12.129,AGLD/USDT:USDT,0.7931,763.0,0.793,33.0,0.7935,61.0,0.7936,14.0
1753533312438,12:35:12.438,AGLD/USDT:USDT,0.7931,763.0,0.793,33.0,0.7935,61.0,0.7936,14.0
1753533312545,12:35:12.545,AGLD/USDT:USDT,0.7931,763.0,0.793,33.0,0.7935,61.0,0.7936,14.0
1753533315046,12:35:15.046,AGLD/USDT:USDT,0.7931,756.0,0.7925,26.0,0.7935,61.0,0.7936,14.0
1753533315150,12:35:15.150,AGLD/USDT:USDT,0.7931,756.0,0.7925,26.0,0.7935,61.0,0.7936,14.0
1753533315258,12:35:15.258,AGLD/USDT:USDT,0.7931,756.0,0.7925,26.0,0.7935,61.0,0.7936,14.0
1753533316424,12:35:16.424,AGLD/USDT:USDT,0.7931,756.0,0.7925,26.0,0.7935,61.0,0.7936,14.0
1753533317662,12:35:17.662,AGLD/USDT:USDT,0.7931,756.0,0.7925,26.0,0.7935,61.0,0.7936,14.0
1753533317666,12:35:17.666,AGLD/USDT:USDT,0.7931,756.0,0.7925,26.0,0.7935,61.0,0.7936,14.0
1753533318895,12:35:18.895,AGLD/USDT:USDT,0.7931,756.0,0.7925,26.0,0.7935,61.0,0.7936,14.0
1753533320971,12:35:20.971,AGLD/USDT:USDT,0.7931,756.0,0.7925,26.0,0.7935,61.0,0.7936,14.0
1753533325811,12:35:25.811,AGLD/USDT:USDT,0.7931,756.0,0.7925,26.0,0.7935,61.0,0.7936,14.0
1753533326375,12:35:26.375,AGLD/USDT:USDT,0.7931,770.0,0.7925,26.0,0.7935,61.0,0.7936,14.0
1753533327033,12:35:27.033,AGLD/USDT:USDT,0.7931,770.0,0.7925,26.0,0.7935,61.0,0.7936,14.0
1753533327150,12:35:27.150,AGLD/USDT:USDT,0.7931,756.0,0.7925,26.0,0.7935,61.0,0.7936,14.0
1753533329054,12:35:29.054,AGLD/USDT:USDT,0.7931,756.0,0.7925,26.0,0.7935,61.0,0.7936,14.0
1753533330803,12:35:30.803,AGLD/USDT:USDT,0.7931,763.0,0.7925,26.0,0.7935,61.0,0.7936,14.0
1753533331073,12:35:31.073,AGLD/USDT:USDT,0.7931,763.0,0.7925,26.0,0.7935,61.0,0.7936,14.0
1753533332594,12:35:32.594,AGLD/USDT:USDT,0.7931,770.0,0.7925,26.0,0.7935,61.0,0.7936,14.0
1753533332699,12:35:32.699,AGLD/USDT:USDT,0.7931,796.0,0.7924,54.0,0.7941,55.0,0.7942,61.0
1753533333095,12:35:33.095,AGLD/USDT:USDT,0.7931,796.0,0.7924,54.0,0.7941,55.0,0.7942,61.0
1753533334344,12:35:34.344,AGLD/USDT:USDT,0.7931,796.0,0.7924,54.0,0.7941,55.0,0.7942,61.0
1753533334487,12:35:34.487,AGLD/USDT:USDT,0.7931,796.0,0.7924,54.0,0.7941,55.0,0.7942,61.0
1753533334727,12:35:34.727,AGLD/USDT:USDT,0.7931,796.0,0.7924,54.0,0.7941,55.0,0.7942,61.0
1753533335144,12:35:35.144,AGLD/USDT:USDT,0.7931,796.0,0.7924,54.0,0.7941,55.0,0.7942,61.0
1753533335462,12:35:35.462,AGLD/USDT:USDT,0.7931,796.0,0.7924,54.0,0.7938,61.0,0.7939,61.0
1753533335562,12:35:35.562,AGLD/USDT:USDT,0.7931,770.0,0.7925,26.0,0.7936,61.0,0.7938,15.0
1753533335611,12:35:35.611,AGLD/USDT:USDT,0.7931,770.0,0.7925,26.0,0.7936,61.0,0.7938,15.0
1753533335688,12:35:35.688,AGLD/USDT:USDT,0.7931,770.0,0.7925,26.0,0.7936,61.0,0.7938,15.0
1753533335981,12:35:35.981,AGLD/USDT:USDT,0.7931,770.0,0.7925,26.0,0.7936,61.0,0.7938,15.0
1753533336494,12:35:36.494,AGLD/USDT:USDT,0.7931,770.0,0.7925,26.0,0.7936,61.0,0.7938,15.0
1753533336801,12:35:36.801,AGLD/USDT:USDT,0.7931,770.0,0.7925,26.0,0.7936,61.0,0.7938,15.0
1753533337042,12:35:37.042,AGLD/USDT:USDT,0.7931,770.0,0.7925,26.0,0.7936,61.0,0.7938,15.0
1753533338051,12:35:38.051,AGLD/USDT:USDT,0.7931,770.0,0.7925,26.0,0.7936,61.0,0.7938,15.0
1753533338360,12:35:38.360,AGLD/USDT:USDT,0.7931,770.0,0.7925,26.0,0.7938,15.0,0.794,15.0
1753533338432,12:35:38.432,AGLD/USDT:USDT,0.7931,796.0,0.7924,54.0,0.7938,15.0,0.794,15.0
1753533338464,12:35:38.464,AGLD/USDT:USDT,0.7931,796.0,0.7924,54.0,0.7938,15.0,0.794,15.0
1753533338763,12:35:38.763,AGLD/USDT:USDT,0.7931,796.0,0.7924,54.0,0.7938,15.0,0.794,15.0
1753533338763,12:35:38.763,AGLD/USDT:USDT,0.7931,796.0,0.7924,54.0,0.7938,15.0,0.794,15.0
1753533339221,12:35:39.221,AGLD/USDT:USDT,0.7931,796.0,0.7924,54.0,0.7938,15.0,0.794,15.0
1753533339283,12:35:39.283,AGLD/USDT:USDT,0.7931,796.0,0.7924,54.0,0.7938,15.0,0.794,15.0
1753533345395,12:35:45.395,AGLD/USDT:USDT,0.7931,796.0,0.7924,54.0,0.7938,15.0,0.794,15.0
1753533346104,12:35:46.104,AGLD/USDT:USDT,0.7931,789.0,0.7924,54.0,0.7938,15.0,0.794,15.0
1753533346390,12:35:46.390,AGLD/USDT:USDT,0.7931,789.0,0.7924,54.0,0.7938,15.0,0.794,15.0
1753533348427,12:35:48.427,AGLD/USDT:USDT,0.7931,789.0,0.793,55.0,0.794,15.0,0.7942,70.0
1753533348562,12:35:48.562,AGLD/USDT:USDT,0.7931,789.0,0.793,55.0,0.794,70.0,0.7942,70.0
1753533348613,12:35:48.613,AGLD/USDT:USDT,0.7931,789.0,0.793,55.0,0.794,70.0,0.7942,70.0
1753533348759,12:35:48.759,AGLD/USDT:USDT,0.7933,782.0,0.7932,55.0,0.794,15.0,0.7942,70.0
1753533348837,12:35:48.837,AGLD/USDT:USDT,0.7933,782.0,0.7932,55.0,0.794,15.0,0.7942,70.0
1753533348985,12:35:48.985,AGLD/USDT:USDT,0.7933,782.0,0.7932,55.0,0.794,15.0,0.7942,70.0
1753533350641,12:35:50.641,AGLD/USDT:USDT,0.7933,782.0,0.793,55.0,0.7942,70.0,0.7944,15.0
1753533350759,12:35:50.759,AGLD/USDT:USDT,0.7934,825.0,0.7933,26.0,0.7943,70.0,0.7945,71.0
1753533350850,12:35:50.850,AGLD/USDT:USDT,0.7935,255.0,0.7934,851.0,0.7942,116.0,0.7943,55.0
1753533351063,12:35:51.063,AGLD/USDT:USDT,0.7935,281.0,0.7934,825.0,0.7942,116.0,0.7943,55.0
1753533351103,12:35:51.103,AGLD/USDT:USDT,0.7935,281.0,0.7934,825.0,0.7942,116.0,0.7943,55.0
1753533351461,12:35:51.461,AGLD/USDT:USDT,0.7935,281.0,0.7934,825.0,0.7942,116.0,0.7943,55.0
1753533352288,12:35:52.288,AGLD/USDT:USDT,0.7935,782.0,0.7934,69.0,0.7942,116.0,0.7943,55.0
1753533352524,12:35:52.524,AGLD/USDT:USDT,0.7935,782.0,0.7934,69.0,0.7942,116.0,0.7943,55.0
1753533352690,12:35:52.690,AGLD/USDT:USDT,0.7935,782.0,0.7934,69.0,0.7942,116.0,0.7943,55.0
1753533353043,12:35:53.043,AGLD/USDT:USDT,0.7935,782.0,0.7934,69.0,0.7942,116.0,0.7943,55.0
1753533353363,12:35:53.363,AGLD/USDT:USDT,0.7935,782.0,0.7934,69.0,0.7942,116.0,0.7943,55.0
1753533353856,12:35:53.856,AGLD/USDT:USDT,0.7935,782.0,0.7934,69.0,0.7942,116.0,0.7943,55.0
1753533355916,12:35:55.916,AGLD/USDT:USDT,0.7935,782.0,0.7934,69.0,0.7942,116.0,0.7943,55.0
1753533355970,12:35:55.970,AGLD/USDT:USDT,0.7935,782.0,0.7934,69.0,0.7942,116.0,0.7943,55.0
1753533356559,12:35:56.559,AGLD/USDT:USDT,0.7935,782.0,0.7934,69.0,0.7942,116.0,0.7943,55.0
1753533356587,12:35:56.587,AGLD/USDT:USDT,0.7935,782.0,0.7934,69.0,0.7942,116.0,0.7943,55.0
1753533357054,12:35:57.054,AGLD/USDT:USDT,0.7935,782.0,0.7934,69.0,0.7941,29.0,0.7942,55.0
1753533357136,12:35:57.136,AGLD/USDT:USDT,0.7935,782.0,0.7934,69.0,0.7941,29.0,0.7942,55.0
1753533357520,12:35:57.520,AGLD/USDT:USDT,0.7935,782.0,0.7934,69.0,0.7941,14.0,0.7942,55.0
1753533357900,12:35:57.900,AGLD/USDT:USDT,0.7935,782.0,0.7934,69.0,0.7941,14.0,0.7942,55.0
1753533359237,12:35:59.237,AGLD/USDT:USDT,0.7935,782.0,0.7934,69.0,0.7941,14.0,0.7942,55.0
1753533359921,12:35:59.921,AGLD/USDT:USDT,0.7935,782.0,0.7934,69.0,0.7941,14.0,0.7942,55.0
1753533361660,12:36:01.660,AGLD/USDT:USDT,0.7935,782.0,0.7934,69.0,0.7943,15.0,0.7945,56.0
1753533361668,12:36:01.668,AGLD/USDT:USDT,0.7935,782.0,0.7934,69.0,0.7943,15.0,0.7945,56.0
1753533361846,12:36:01.846,AGLD/USDT:USDT,0.7936,837.0,0.7934,55.0,0.7945,56.0,0.7946,14.0
1753533361953,12:36:01.953,AGLD/USDT:USDT,0.7936,837.0,0.793,55.0,0.7945,56.0,0.7946,14.0
1753533362024,12:36:02.024,AGLD/USDT:USDT,0.7936,837.0,0.793,55.0,0.7945,56.0,0.7946,14.0
1753533362353,12:36:02.353,AGLD/USDT:USDT,0.7938,26.0,0.7937,270.0,0.7945,63.0,0.7946,14.0
1753533362407,12:36:02.407,AGLD/USDT:USDT,0.7938,26.0,0.7937,270.0,0.7945,63.0,0.7946,14.0
1753533362780,12:36:02.780,AGLD/USDT:USDT,0.7938,26.0,0.7937,270.0,0.7945,63.0,0.7946,14.0
1753533363195,12:36:03.195,AGLD/USDT:USDT,0.7938,26.0,0.7937,270.0,0.7945,63.0,0.7946,14.0
1753533363855,12:36:03.855,AGLD/USDT:USDT,0.7938,782.0,0.7936,55.0,0.7945,63.0,0.7946,14.0
1753533364057,12:36:04.057,AGLD/USDT:USDT,0.7938,782.0,0.7936,55.0,0.7945,63.0,0.7946,14.0
1753533364472,12:36:04.472,AGLD/USDT:USDT,0.7938,782.0,0.7936,55.0,0.7945,63.0,0.7946,14.0
1753533364650,12:36:04.650,AGLD/USDT:USDT,0.7938,782.0,0.793,55.0,0.7945,63.0,0.7946,14.0
1753533365150,12:36:05.150,AGLD/USDT:USDT,0.7938,756.0,0.7931,26.0,0.7943,68.0,0.7944,7.0
1753533365292,12:36:05.292,AGLD/USDT:USDT,0.7938,756.0,0.7931,26.0,0.7943,68.0,0.7944,7.0
1753533366225,12:36:06.225,AGLD/USDT:USDT,0.7938,782.0,0.793,55.0,0.7944,14.0,0.7945,56.0
1753533366292,12:36:06.292,AGLD/USDT:USDT,0.7938,782.0,0.793,55.0,0.7944,14.0,0.7945,56.0
1753533368495,12:36:08.495,AGLD/USDT:USDT,0.7938,789.0,0.793,55.0,0.7944,14.0,0.7945,56.0
1753533368572,12:36:08.572,AGLD/USDT:USDT,0.7938,789.0,0.793,55.0,0.7944,14.0,0.7945,56.0
1753533368766,12:36:08.766,AGLD/USDT:USDT,0.7938,789.0,0.793,55.0,0.7944,14.0,0.7945,56.0
1753533368921,12:36:08.921,AGLD/USDT:USDT,0.7938,789.0,0.793,55.0,0.7944,14.0,0.7945,56.0
1753533369048,12:36:09.048,AGLD/USDT:USDT,0.7938,796.0,0.793,55.0,0.7946,14.0,0.7949,55.0
1753533369160,12:36:09.160,AGLD/USDT:USDT,0.7938,796.0,0.793,55.0,0.7945,61.0,0.7946,14.0
1753533369212,12:36:09.212,AGLD/USDT:USDT,0.7938,796.0,0.793,55.0,0.7945,61.0,0.7946,14.0
1753533370026,12:36:10.026,AGLD/USDT:USDT,0.7938,796.0,0.7937,55.0,0.7945,61.0,0.7946,14.0
1753533370939,12:36:10.939,AGLD/USDT:USDT,0.7938,796.0,0.7937,55.0,0.7945,61.0,0.7946,14.0
1753533372645,12:36:12.645,AGLD/USDT:USDT,0.7938,796.0,0.7937,55.0,0.7945,61.0,0.7946,14.0
1753533373260,12:36:13.260,AGLD/USDT:USDT,0.7938,796.0,0.7937,55.0,0.7945,61.0,0.7946,14.0
1753533373265,12:36:13.265,AGLD/USDT:USDT,0.7938,796.0,0.7937,55.0,0.7945,61.0,0.7946,14.0
1753533374647,12:36:14.647,AGLD/USDT:USDT,0.7938,770.0,0.7937,81.0,0.7943,61.0,0.7944,7.0
1753533374729,12:36:14.729,AGLD/USDT:USDT,0.7938,770.0,0.7937,81.0,0.7943,61.0,0.7944,7.0
1753533375648,12:36:15.648,AGLD/USDT:USDT,0.7938,770.0,0.7937,81.0,0.7946,14.0,0.7949,55.0
1753533375759,12:36:15.759,AGLD/USDT:USDT,0.7939,763.0,0.7938,33.0,0.7944,61.0,0.7945,14.0
1753533375770,12:36:15.770,AGLD/USDT:USDT,0.7939,763.0,0.7938,33.0,0.7944,61.0,0.7945,14.0
1753533378998,12:36:18.998,AGLD/USDT:USDT,0.7939,763.0,0.7938,33.0,0.7944,61.0,0.7945,14.0
1753533381833,12:36:21.833,AGLD/USDT:USDT,0.7939,763.0,0.7938,33.0,0.7944,61.0,0.7945,14.0
1753533384691,12:36:24.691,AGLD/USDT:USDT,0.7939,789.0,0.7938,7.0,0.7945,7.0,0.7946,14.0
1753533384770,12:36:24.770,AGLD/USDT:USDT,0.7939,789.0,0.7938,7.0,0.7945,7.0,0.7946,14.0
1753533386762,12:36:26.762,AGLD/USDT:USDT,0.794,56.0,0.7939,789.0,0.7946,14.0,0.7949,55.0
1753533386808,12:36:26.808,AGLD/USDT:USDT,0.794,838.0,0.7939,7.0,0.7946,14.0,0.7949,55.0
1753533386878,12:36:26.878,AGLD/USDT:USDT,0.794,838.0,0.7939,7.0,0.7946,14.0,0.7949,55.0
1753533387045,12:36:27.045,AGLD/USDT:USDT,0.7941,254.0,0.794,845.0,0.7946,14.0,0.7948,15.0
1753533387351,12:36:27.351,AGLD/USDT:USDT,0.7941,254.0,0.794,845.0,0.7946,14.0,0.7948,15.0
1753533387372,12:36:27.372,AGLD/USDT:USDT,0.7941,254.0,0.794,845.0,0.7946,14.0,0.7948,15.0
1753533387812,12:36:27.812,AGLD/USDT:USDT,0.7941,261.0,0.794,845.0,0.7946,14.0,0.7948,15.0
1753533388037,12:36:28.037,AGLD/USDT:USDT,0.7941,254.0,0.794,845.0,0.7946,14.0,0.7948,15.0
1753533388549,12:36:28.549,AGLD/USDT:USDT,0.7941,756.0,0.794,26.0,0.7946,28.0,0.7948,15.0
1753533388573,12:36:28.573,AGLD/USDT:USDT,0.7941,756.0,0.7938,26.0,0.7946,28.0,0.7948,15.0
1753533390642,12:36:30.642,AGLD/USDT:USDT,0.7941,763.0,0.7938,26.0,0.7946,21.0,0.7948,15.0
1753533390671,12:36:30.671,AGLD/USDT:USDT,0.7941,763.0,0.7938,26.0,0.7946,21.0,0.7948,15.0
1753533391107,12:36:31.107,AGLD/USDT:USDT,0.7941,763.0,0.7938,26.0,0.7946,21.0,0.7948,15.0
1753533391257,12:36:31.257,AGLD/USDT:USDT,0.7941,763.0,0.7938,26.0,0.7946,14.0,0.7948,15.0
1753533393827,12:36:33.827,AGLD/USDT:USDT,0.7941,763.0,0.7938,26.0,0.7946,14.0,0.7948,15.0
1753533393928,12:36:33.928,AGLD/USDT:USDT,0.7941,763.0,0.7938,26.0,0.7946,14.0,0.7948,15.0
1753533396727,12:36:36.727,AGLD/USDT:USDT,0.7941,756.0,0.7938,26.0,0.7946,28.0,0.7948,15.0
1753533396772,12:36:36.772,AGLD/USDT:USDT,0.7941,756.0,0.7938,26.0,0.7946,28.0,0.7948,15.0
1753533397473,12:36:37.473,AGLD/USDT:USDT,0.7941,756.0,0.7938,26.0,0.7946,28.0,0.7948,15.0
1753533399564,12:36:39.564,AGLD/USDT:USDT,0.7941,756.0,0.7938,26.0,0.7946,28.0,0.7948,15.0
1753533399567,12:36:39.567,AGLD/USDT:USDT,0.7941,756.0,0.7938,26.0,0.7946,28.0,0.7948,15.0
1753533403924,12:36:43.924,AGLD/USDT:USDT,0.7941,756.0,0.7938,26.0,0.7946,28.0,0.7948,15.0
1753533406020,12:36:46.020,AGLD/USDT:USDT,0.7941,756.0,0.7938,26.0,0.7946,28.0,0.7948,15.0
1753533408038,12:36:48.038,AGLD/USDT:USDT,0.7941,756.0,0.7938,26.0,0.7946,28.0,0.7948,15.0
1753533410458,12:36:50.458,AGLD/USDT:USDT,0.7941,770.0,0.7938,26.0,0.7946,14.0,0.7949,14.0
1753533410563,12:36:50.563,AGLD/USDT:USDT,0.7941,770.0,0.7938,26.0,0.7946,14.0,0.7949,14.0
1753533410602,12:36:50.602,AGLD/USDT:USDT,0.7941,770.0,0.7938,26.0,0.7946,14.0,0.7949,14.0
1753533410925,12:36:50.925,AGLD/USDT:USDT,0.7941,770.0,0.7938,26.0,0.7946,14.0,0.7948,14.0
1753533411604,12:36:51.604,AGLD/USDT:USDT,0.7941,770.0,0.7938,26.0,0.7946,14.0,0.7949,14.0
1753533411758,12:36:51.758,AGLD/USDT:USDT,0.7941,770.0,0.7938,26.0,0.7946,14.0,0.7948,14.0
1753533411863,12:36:51.863,AGLD/USDT:USDT,0.7941,770.0,0.7938,26.0,0.7946,14.0,0.7948,14.0
1753533419298,12:36:59.298,AGLD/USDT:USDT,0.7941,770.0,0.7938,26.0,0.7946,14.0,0.7948,14.0
1753533419762,12:36:59.762,AGLD/USDT:USDT,0.7941,770.0,0.7938,26.0,0.7946,14.0,0.7952,56.0
1753533419857,12:36:59.857,AGLD/USDT:USDT,0.7941,770.0,0.7938,26.0,0.7946,14.0,0.7952,56.0
1753533419956,12:36:59.956,AGLD/USDT:USDT,0.7942,55.0,0.7941,40.0,0.7946,14.0,0.7952,56.0
1753533419987,12:36:59.987,AGLD/USDT:USDT,0.7942,811.0,0.7941,40.0,0.7946,14.0,0.7952,56.0
1753533420118,12:37:00.118,AGLD/USDT:USDT,0.7942,811.0,0.7941,40.0,0.7946,14.0,0.7949,14.0
1753533421145,12:37:01.145,AGLD/USDT:USDT,0.7942,811.0,0.7941,40.0,0.7946,14.0,0.7949,14.0
1753533421190,12:37:01.190,AGLD/USDT:USDT,0.7942,811.0,0.7941,40.0,0.7946,14.0,0.7949,14.0
1753533421359,12:37:01.359,AGLD/USDT:USDT,0.7943,68.0,0.7942,825.0,0.7946,14.0,0.7952,56.0
1753533421376,12:37:01.376,AGLD/USDT:USDT,0.7943,68.0,0.7942,825.0,0.7946,14.0,0.7952,56.0
1753533421526,12:37:01.526,AGLD/USDT:USDT,0.7943,68.0,0.7942,825.0,0.7946,14.0,0.7952,56.0
1753533422050,12:37:02.050,AGLD/USDT:USDT,0.7943,68.0,0.7942,825.0,0.7946,14.0,0.795,14.0
1753533422362,12:37:02.362,AGLD/USDT:USDT,0.7943,68.0,0.7942,825.0,0.7946,14.0,0.7951,14.0
1753533422467,12:37:02.467,AGLD/USDT:USDT,0.7943,68.0,0.7942,825.0,0.7946,14.0,0.795,14.0
1753533422574,12:37:02.574,AGLD/USDT:USDT,0.7943,68.0,0.7942,825.0,0.7946,14.0,0.795,14.0
1753533423353,12:37:03.353,AGLD/USDT:USDT,0.7943,68.0,0.7942,69.0,0.7946,14.0,0.7951,14.0
1753533423404,12:37:03.404,AGLD/USDT:USDT,0.7943,68.0,0.7942,69.0,0.7946,14.0,0.795,14.0
1753533423511,12:37:03.511,AGLD/USDT:USDT,0.7943,68.0,0.7942,69.0,0.7946,14.0,0.795,14.0
1753533424145,12:37:04.145,AGLD/USDT:USDT,0.7943,68.0,0.7942,69.0,0.7946,14.0,0.795,14.0
1753533426164,12:37:06.164,AGLD/USDT:USDT,0.7943,68.0,0.7942,69.0,0.7946,14.0,0.795,14.0
1753533427105,12:37:07.105,AGLD/USDT:USDT,0.7943,68.0,0.7942,69.0,0.7946,14.0,0.795,14.0
1753533427245,12:37:07.245,AGLD/USDT:USDT,0.7943,68.0,0.7942,69.0,0.7946,14.0,0.795,14.0
1753533427517,12:37:07.517,AGLD/USDT:USDT,0.7943,68.0,0.7942,69.0,0.7946,14.0,0.7949,14.0
1753533427583,12:37:07.583,AGLD/USDT:USDT,0.7943,68.0,0.7942,69.0,0.7946,14.0,0.7949,14.0
1753533429519,12:37:09.519,AGLD/USDT:USDT,0.7943,68.0,0.7942,69.0,0.7946,14.0,0.7949,14.0
1753533430195,12:37:10.195,AGLD/USDT:USDT,0.7943,68.0,0.7942,69.0,0.7946,14.0,0.7949,14.0
1753533430950,12:37:10.950,AGLD/USDT:USDT,0.7944,837.0,0.7943,68.0,0.795,14.0,0.7952,14.0
1753533431047,12:37:11.047,AGLD/USDT:USDT,0.7944,837.0,0.7943,68.0,0.7949,6.0,0.7952,14.0
1753533431159,12:37:11.159,AGLD/USDT:USDT,0.7944,837.0,0.7943,68.0,0.7951,6.0,0.7953,70.0
1753533431257,12:37:11.257,AGLD/USDT:USDT,0.7944,837.0,0.7943,68.0,0.7952,6.0,0.7953,56.0
1753533431458,12:37:11.458,AGLD/USDT:USDT,0.7944,837.0,0.7943,68.0,0.7952,6.0,0.7953,56.0
1753533431486,12:37:11.486,AGLD/USDT:USDT,0.7944,837.0,0.7943,68.0,0.7952,6.0,0.7953,56.0
1753533431974,12:37:11.974,AGLD/USDT:USDT,0.7944,837.0,0.7943,68.0,0.7952,6.0,0.7953,56.0
1753533432353,12:37:12.353,AGLD/USDT:USDT,0.7946,39.0,0.7945,328.0,0.7952,6.0,0.7954,14.0
1753533432386,12:37:12.386,AGLD/USDT:USDT,0.7946,39.0,0.7945,328.0,0.7953,6.0,0.7956,55.0
1753533432563,12:37:12.563,AGLD/USDT:USDT,0.7946,32.0,0.7945,56.0,0.7955,6.0,0.7956,55.0
1753533432658,12:37:12.658,AGLD/USDT:USDT,0.7946,32.0,0.7945,56.0,0.7953,61.0,0.7954,117.0
1753533432714,12:37:12.714,AGLD/USDT:USDT,0.7946,795.0,0.7945,56.0,0.7952,6.0,0.7954,56.0
1753533432847,12:37:12.847,AGLD/USDT:USDT,0.7946,795.0,0.7945,56.0,0.7953,6.0,0.7954,56.0
1753533432877,12:37:12.877,AGLD/USDT:USDT,0.7946,795.0,0.7945,56.0,0.7953,6.0,0.7954,56.0
1753533433176,12:37:13.176,AGLD/USDT:USDT,0.7946,795.0,0.7944,56.0,0.7953,6.0,0.7954,56.0
1753533433688,12:37:13.688,AGLD/USDT:USDT,0.7946,795.0,0.7944,56.0,0.7953,6.0,0.7954,56.0
1753533436100,12:37:16.100,AGLD/USDT:USDT,0.7946,795.0,0.7943,54.0,0.7953,6.0,0.7954,56.0
1753533437386,12:37:17.386,AGLD/USDT:USDT,0.7946,788.0,0.7943,54.0,0.7953,6.0,0.7954,56.0
1753533438991,12:37:18.991,AGLD/USDT:USDT,0.7946,788.0,0.7942,55.0,0.7953,6.0,0.7954,56.0
1753533439534,12:37:19.534,AGLD/USDT:USDT,0.7946,763.0,0.7945,7.0,0.7952,14.0,0.7953,6.0
1753533439633,12:37:19.633,AGLD/USDT:USDT,0.7946,788.0,0.7945,7.0,0.7951,6.0,0.7952,14.0
1753533439669,12:37:19.669,AGLD/USDT:USDT,0.7946,788.0,0.7945,7.0,0.7951,2.0,0.7952,14.0
1753533439777,12:37:19.777,AGLD/USDT:USDT,0.7946,788.0,0.7945,7.0,0.7951,6.0,0.7952,14.0
1753533440255,12:37:20.255,AGLD/USDT:USDT,0.7946,788.0,0.7945,7.0,0.7951,6.0,0.7952,14.0
1753533440343,12:37:20.343,AGLD/USDT:USDT,0.7946,788.0,0.7945,7.0,0.7951,6.0,0.7952,7.0
1753533440387,12:37:20.387,AGLD/USDT:USDT,0.7946,788.0,0.7945,7.0,0.7952,13.0,0.7954,56.0
1753533440472,12:37:20.472,AGLD/USDT:USDT,0.7946,788.0,0.7945,7.0,0.7952,7.0,0.7953,6.0
1753533441781,12:37:21.781,AGLD/USDT:USDT,0.7946,788.0,0.7945,7.0,0.7952,7.0,0.7953,6.0
1753533442548,12:37:22.548,AGLD/USDT:USDT,0.7946,788.0,0.7945,7.0,0.7952,7.0,0.7953,6.0
1753533442839,12:37:22.839,AGLD/USDT:USDT,0.7946,788.0,0.7945,7.0,0.7952,7.0,0.7953,6.0
1753533444643,12:37:24.643,AGLD/USDT:USDT,0.7946,788.0,0.7945,7.0,0.7952,7.0,0.7953,6.0
1753533445820,12:37:25.820,AGLD/USDT:USDT,0.7946,788.0,0.7945,7.0,0.7953,6.0,0.7954,56.0
1753533445903,12:37:25.903,AGLD/USDT:USDT,0.7946,788.0,0.7945,7.0,0.7953,6.0,0.7954,56.0
1753533446023,12:37:26.023,AGLD/USDT:USDT,0.7946,788.0,0.7945,7.0,0.7953,6.0,0.7954,56.0
1753533447563,12:37:27.563,AGLD/USDT:USDT,0.7947,271.0,0.7946,903.0,0.7953,6.0,0.7954,56.0
1753533447651,12:37:27.651,AGLD/USDT:USDT,0.7948,786.0,0.7947,7.0,0.7953,6.0,0.7955,14.0
1753533447744,12:37:27.744,AGLD/USDT:USDT,0.7948,786.0,0.7947,7.0,0.7954,13.0,0.7957,71.0
1753533447770,12:37:27.770,AGLD/USDT:USDT,0.7948,786.0,0.7947,7.0,0.7954,7.0,0.7956,6.0
1753533448287,12:37:28.287,AGLD/USDT:USDT,0.7948,786.0,0.7947,7.0,0.7954,7.0,0.7956,6.0
1753533448589,12:37:28.589,AGLD/USDT:USDT,0.7948,786.0,0.7947,7.0,0.7954,7.0,0.7956,6.0
1753533450783,12:37:30.783,AGLD/USDT:USDT,0.7948,779.0,0.7942,55.0,0.7954,7.0,0.7956,6.0
1753533450872,12:37:30.872,AGLD/USDT:USDT,0.7948,793.0,0.7942,55.0,0.7954,7.0,0.7956,6.0
1753533451106,12:37:31.106,AGLD/USDT:USDT,0.7948,793.0,0.7942,55.0,0.7956,6.0,0.7957,57.0
1753533451230,12:37:31.230,AGLD/USDT:USDT,0.7948,793.0,0.7942,55.0,0.7956,6.0,0.7957,57.0
1753533452033,12:37:32.033,AGLD/USDT:USDT,0.7948,793.0,0.7942,55.0,0.7956,6.0,0.7957,57.0
1753533455559,12:37:35.559,AGLD/USDT:USDT,0.7948,793.0,0.7942,55.0,0.7956,6.0,0.7957,57.0
1753533457358,12:37:37.358,AGLD/USDT:USDT,0.7948,793.0,0.7947,55.0,0.7956,6.0,0.7957,57.0
1753533458881,12:37:38.881,AGLD/USDT:USDT,0.7948,793.0,0.7947,55.0,0.7956,6.0,0.7957,57.0
1753533459711,12:37:39.711,AGLD/USDT:USDT,0.7948,793.0,0.7947,55.0,0.7956,6.0,0.7957,57.0
1753533459862,12:37:39.862,AGLD/USDT:USDT,0.7948,793.0,0.7947,55.0,0.7956,6.0,0.7957,57.0
1753533460012,12:37:40.012,AGLD/USDT:USDT,0.7948,793.0,0.7947,55.0,0.7956,6.0,0.7957,57.0
1753533460448,12:37:40.448,AGLD/USDT:USDT,0.795,25.0,0.7949,55.0,0.7956,6.0,0.7958,14.0
1753533460539,12:37:40.539,AGLD/USDT:USDT,0.795,793.0,0.7949,55.0,0.7957,6.0,0.7959,14.0
1753533460644,12:37:40.644,AGLD/USDT:USDT,0.795,793.0,0.7949,55.0,0.7956,61.0,0.7958,20.0
1753533460705,12:37:40.705,AGLD/USDT:USDT,0.795,793.0,0.7949,55.0,0.7955,6.0,0.7958,14.0
1753533460852,12:37:40.852,AGLD/USDT:USDT,0.795,793.0,0.7949,55.0,0.7957,6.0,0.7959,14.0
1753533460957,12:37:40.957,AGLD/USDT:USDT,0.795,793.0,0.7949,55.0,0.7956,61.0,0.7958,20.0
1753533461062,12:37:41.062,AGLD/USDT:USDT,0.795,793.0,0.7949,55.0,0.7955,6.0,0.7957,14.0
1753533461086,12:37:41.086,AGLD/USDT:USDT,0.795,793.0,0.7949,55.0,0.7956,6.0,0.7959,55.0
1753533461186,12:37:41.186,AGLD/USDT:USDT,0.795,793.0,0.7949,55.0,0.7958,6.0,0.7959,55.0
1753533461344,12:37:41.344,AGLD/USDT:USDT,0.795,793.0,0.7949,55.0,0.7958,6.0,0.7959,55.0
1753533461554,12:37:41.554,AGLD/USDT:USDT,0.795,793.0,0.7949,55.0,0.7958,6.0,0.7959,55.0
1753533461567,12:37:41.567,AGLD/USDT:USDT,0.795,793.0,0.7949,55.0,0.7958,6.0,0.7959,55.0
1753533461768,12:37:41.768,AGLD/USDT:USDT,0.795,793.0,0.7947,55.0,0.7958,6.0,0.7959,55.0
1753533461925,12:37:41.925,AGLD/USDT:USDT,0.795,793.0,0.7947,55.0,0.7958,6.0,0.7959,55.0
1753533463969,12:37:43.969,AGLD/USDT:USDT,0.795,793.0,0.7947,55.0,0.7958,6.0,0.7959,55.0
1753533464603,12:37:44.603,AGLD/USDT:USDT,0.795,793.0,0.7947,55.0,0.7958,6.0,0.7959,55.0
1753533465346,12:37:45.346,AGLD/USDT:USDT,0.795,793.0,0.7947,55.0,0.7958,6.0,0.7959,55.0
1753533465394,12:37:45.394,AGLD/USDT:USDT,0.795,793.0,0.7947,55.0,0.7958,6.0,0.7959,55.0
1753533468572,12:37:48.572,AGLD/USDT:USDT,0.795,793.0,0.7947,55.0,0.7958,6.0,0.7959,55.0
1753533470246,12:37:50.246,AGLD/USDT:USDT,0.795,793.0,0.7947,55.0,0.7958,6.0,0.7959,55.0
1753533471645,12:37:51.645,AGLD/USDT:USDT,0.795,793.0,0.7947,55.0,0.7958,6.0,0.7959,55.0
1753533476426,12:37:56.426,AGLD/USDT:USDT,0.795,793.0,0.7947,55.0,0.7958,6.0,0.7959,55.0
1753533476474,12:37:56.474,AGLD/USDT:USDT,0.795,793.0,0.7947,55.0,0.7958,6.0,0.7959,55.0
1753533480060,12:38:00.060,AGLD/USDT:USDT,0.795,793.0,0.7947,55.0,0.7958,6.0,0.7959,55.0
1753533480150,12:38:00.150,AGLD/USDT:USDT,0.7951,779.0,0.795,14.0,0.7958,13.0,0.7959,55.0
1753533480261,12:38:00.261,AGLD/USDT:USDT,0.7951,754.0,0.7948,25.0,0.7955,68.0,0.7956,14.0
1753533480350,12:38:00.350,AGLD/USDT:USDT,0.7948,786.0,0.7947,55.0,0.7954,6.0,0.7955,7.0
1753533480415,12:38:00.415,AGLD/USDT:USDT,0.7948,793.0,0.7947,55.0,0.7955,6.0,0.7957,15.0
1753533480492,12:38:00.492,AGLD/USDT:USDT,0.7948,793.0,0.7947,55.0,0.7956,6.0,0.7958,56.0
1753533480643,12:38:00.643,AGLD/USDT:USDT,0.795,39.0,0.7949,271.0,0.7957,6.0,0.7959,70.0
1753533480710,12:38:00.710,AGLD/USDT:USDT,0.795,39.0,0.7949,271.0,0.7956,61.0,0.7958,6.0
1753533480786,12:38:00.786,AGLD/USDT:USDT,0.795,39.0,0.7949,271.0,0.7955,6.0,0.7959,55.0
1753533480937,12:38:00.937,AGLD/USDT:USDT,0.795,39.0,0.7949,271.0,0.7958,6.0,0.7959,55.0
1753533481586,12:38:01.586,AGLD/USDT:USDT,0.795,39.0,0.7949,271.0,0.7958,6.0,0.7959,55.0
1753533483655,12:38:03.655,AGLD/USDT:USDT,0.795,25.0,0.7949,271.0,0.7957,75.0,0.7958,6.0
1753533483755,12:38:03.755,AGLD/USDT:USDT,0.795,779.0,0.7947,55.0,0.7956,67.0,0.7957,14.0
1753533483855,12:38:03.855,AGLD/USDT:USDT,0.795,754.0,0.7948,25.0,0.7954,61.0,0.7955,14.0
1753533483916,12:38:03.916,AGLD/USDT:USDT,0.795,754.0,0.7949,7.0,0.7953,6.0,0.7955,7.0
1753533483986,12:38:03.986,AGLD/USDT:USDT,0.795,754.0,0.7949,7.0,0.7955,7.0,0.7956,7.0
1753533484109,12:38:04.109,AGLD/USDT:USDT,0.795,754.0,0.7949,25.0,0.7955,13.0,0.7956,7.0
1753533484362,12:38:04.362,AGLD/USDT:USDT,0.7949,25.0,0.7947,55.0,0.7955,13.0,0.7956,7.0
1753533484447,12:38:04.447,AGLD/USDT:USDT,0.7949,25.0,0.7945,56.0,0.7954,61.0,0.7955,13.0
1753533484547,12:38:04.547,AGLD/USDT:USDT,0.7949,25.0,0.7944,635.0,0.7952,61.0,0.7953,69.0
1753533484656,12:38:04.656,AGLD/USDT:USDT,0.7949,25.0,0.7942,55.0,0.7951,20.0,0.7953,78.0
1753533484707,12:38:04.707,AGLD/USDT:USDT,0.7949,25.0,0.7942,55.0,0.7951,14.0,0.7953,78.0
1753533484958,12:38:04.958,AGLD/USDT:USDT,0.7949,25.0,0.7942,55.0,0.7951,7.0,0.7953,78.0
1753533484989,12:38:04.989,AGLD/USDT:USDT,0.7948,25.0,0.7942,55.0,0.795,68.0,0.7951,14.0
1753533485127,12:38:05.127,AGLD/USDT:USDT,0.7948,25.0,0.7942,55.0,0.795,68.0,0.7951,14.0
1753533485241,12:38:05.241,AGLD/USDT:USDT,0.7943,781.0,0.7942,432.0,0.795,61.0,0.7951,7.0
1753533485354,12:38:05.354,AGLD/USDT:USDT,0.7944,255.0,0.7943,907.0,0.7949,6.0,0.7951,7.0
1753533485440,12:38:05.440,AGLD/USDT:USDT,0.7944,280.0,0.7943,882.0,0.7951,13.0,0.7953,71.0
1753533485476,12:38:05.476,AGLD/USDT:USDT,0.7944,280.0,0.7943,882.0,0.7951,7.0,0.7952,6.0
1753533485765,12:38:05.765,AGLD/USDT:USDT,0.7944,280.0,0.7943,819.0,0.7951,7.0,0.7952,6.0
1753533486980,12:38:06.980,AGLD/USDT:USDT,0.7944,280.0,0.7943,819.0,0.7951,7.0,0.7952,6.0
1753533488345,12:38:08.345,AGLD/USDT:USDT,0.7944,280.0,0.7943,63.0,0.7951,7.0,0.7952,6.0
1753533488373,12:38:08.373,AGLD/USDT:USDT,0.7944,781.0,0.7943,63.0,0.7951,7.0,0.7952,6.0
1753533488905,12:38:08.905,AGLD/USDT:USDT,0.7944,781.0,0.7943,63.0,0.7952,6.0,0.7953,56.0
1753533489358,12:38:09.358,AGLD/USDT:USDT,0.7944,781.0,0.7943,63.0,0.7952,6.0,0.7953,56.0
1753533489721,12:38:09.721,AGLD/USDT:USDT,0.7944,781.0,0.7943,63.0,0.7952,6.0,0.7953,56.0
1753533491323,12:38:11.323,AGLD/USDT:USDT,0.7944,781.0,0.7943,63.0,0.7952,6.0,0.7953,56.0
1753533492625,12:38:12.625,AGLD/USDT:USDT,0.7944,781.0,0.7943,63.0,0.7952,6.0,0.7953,56.0
1753533492745,12:38:12.745,AGLD/USDT:USDT,0.7944,781.0,0.7943,63.0,0.7952,6.0,0.7953,56.0
1753533492854,12:38:12.854,AGLD/USDT:USDT,0.7944,25.0,0.7943,56.0,0.7951,75.0,0.7952,6.0
1753533492917,12:38:12.917,AGLD/USDT:USDT,0.7944,826.0,0.7943,81.0,0.795,67.0,0.7951,7.0
1753533493056,12:38:13.056,AGLD/USDT:USDT,0.7944,826.0,0.7943,81.0,0.795,67.0,0.7951,7.0
1753533493157,12:38:13.157,AGLD/USDT:USDT,0.7937,66.0,0.7935,1337.0,0.7945,57.0,0.7946,83.0
1753533493263,12:38:13.263,AGLD/USDT:USDT,0.7937,66.0,0.7934,15.0,0.7945,57.0,0.7946,57.0
1753533493331,12:38:13.331,AGLD/USDT:USDT,0.7941,66.0,0.7938,15.0,0.7946,71.0,0.7947,63.0
1753533493440,12:38:13.440,AGLD/USDT:USDT,0.7941,66.0,0.7939,15.0,0.7946,71.0,0.7947,57.0
1753533493832,12:38:13.832,AGLD/USDT:USDT,0.794,66.0,0.7937,42.0,0.7946,71.0,0.7947,57.0
1753533493887,12:38:13.887,AGLD/USDT:USDT,0.794,66.0,0.7938,15.0,0.7946,71.0,0.7947,57.0
1753533493998,12:38:13.998,AGLD/USDT:USDT,0.794,66.0,0.7938,15.0,0.7946,71.0,0.7947,57.0
1753533494159,12:38:14.159,AGLD/USDT:USDT,0.794,66.0,0.7938,15.0,0.7946,71.0,0.7947,57.0
1753533494164,12:38:14.164,AGLD/USDT:USDT,0.794,66.0,0.7938,15.0,0.7946,71.0,0.7947,57.0
1753533494652,12:38:14.652,AGLD/USDT:USDT,0.7938,15.0,0.7936,42.0,0.7946,71.0,0.7947,57.0
1753533494720,12:38:14.720,AGLD/USDT:USDT,0.7939,66.0,0.7937,15.0,0.7946,71.0,0.7947,57.0
1753533494825,12:38:14.825,AGLD/USDT:USDT,0.7939,66.0,0.7937,15.0,0.7946,71.0,0.7947,57.0
1753533495436,12:38:15.436,AGLD/USDT:USDT,0.7939,66.0,0.7937,15.0,0.7946,71.0,0.7947,57.0
1753533495843,12:38:15.843,AGLD/USDT:USDT,0.7937,15.0,0.7934,15.0,0.7946,71.0,0.7947,83.0
1753533495961,12:38:15.961,AGLD/USDT:USDT,0.7937,15.0,0.7936,27.0,0.7946,71.0,0.7947,83.0
1753533495967,12:38:15.967,AGLD/USDT:USDT,0.7937,15.0,0.7935,27.0,0.7946,71.0,0.7947,83.0
1753533496445,12:38:16.445,AGLD/USDT:USDT,0.7937,15.0,0.7935,27.0,0.7946,71.0,0.7947,83.0
1753533496466,12:38:16.466,AGLD/USDT:USDT,0.7937,15.0,0.7935,27.0,0.7946,71.0,0.7947,83.0
1753533497326,12:38:17.326,AGLD/USDT:USDT,0.7937,15.0,0.7935,27.0,0.7945,57.0,0.7946,71.0
1753533497405,12:38:17.405,AGLD/USDT:USDT,0.7937,15.0,0.7935,27.0,0.7945,57.0,0.7946,71.0
1753533499248,12:38:19.248,AGLD/USDT:USDT,0.7939,66.0,0.7938,66.0,0.7946,14.0,0.7947,83.0
1753533499304,12:38:19.304,AGLD/USDT:USDT,0.794,66.0,0.7939,7.0,0.7946,14.0,0.7947,57.0
1753533499409,12:38:19.409,AGLD/USDT:USDT,0.794,66.0,0.7939,7.0,0.7946,14.0,0.7947,57.0
1753533500475,12:38:20.475,AGLD/USDT:USDT,0.794,66.0,0.7939,7.0,0.7946,14.0,0.7947,57.0
1753533500652,12:38:20.652,AGLD/USDT:USDT,0.7942,66.0,0.7939,34.0,0.7946,7.0,0.7948,63.0
1753533500763,12:38:20.763,AGLD/USDT:USDT,0.7942,66.0,0.794,15.0,0.7946,7.0,0.7947,7.0
1753533501156,12:38:21.156,AGLD/USDT:USDT,0.7942,66.0,0.794,15.0,0.7946,7.0,0.7947,7.0
1753533501178,12:38:21.178,AGLD/USDT:USDT,0.7942,66.0,0.794,15.0,0.7946,7.0,0.7947,7.0
1753533501345,12:38:21.345,AGLD/USDT:USDT,0.7942,66.0,0.7941,7.0,0.7947,7.0,0.7948,63.0
1753533501387,12:38:21.387,AGLD/USDT:USDT,0.7942,66.0,0.7941,7.0,0.7948,13.0,0.7949,692.0
1753533501536,12:38:21.536,AGLD/USDT:USDT,0.7942,66.0,0.7941,7.0,0.7948,13.0,0.7949,57.0
1753533501574,12:38:21.574,AGLD/USDT:USDT,0.7942,66.0,0.7941,7.0,0.7948,7.0,0.7949,57.0
1753533501877,12:38:21.877,AGLD/USDT:USDT,0.7942,66.0,0.7941,7.0,0.7948,7.0,0.7949,57.0
1753533502058,12:38:22.058,AGLD/USDT:USDT,0.7942,66.0,0.7941,7.0,0.7948,7.0,0.7949,57.0
1753533502161,12:38:22.161,AGLD/USDT:USDT,0.7942,66.0,0.7941,7.0,0.7948,7.0,0.7949,57.0
1753533502262,12:38:22.262,AGLD/USDT:USDT,0.7942,66.0,0.7941,7.0,0.7948,7.0,0.7949,57.0
1753533502581,12:38:22.581,AGLD/USDT:USDT,0.7942,66.0,0.7941,7.0,0.7948,7.0,0.7949,57.0
1753533502861,12:38:22.861,AGLD/USDT:USDT,0.7942,66.0,0.7941,7.0,0.7948,7.0,0.7949,57.0
1753533503006,12:38:23.006,AGLD/USDT:USDT,0.7942,66.0,0.794,15.0,0.7948,14.0,0.7949,57.0
1753533503360,12:38:23.360,AGLD/USDT:USDT,0.794,15.0,0.7938,15.0,0.7948,14.0,0.7949,57.0
1753533503411,12:38:23.411,AGLD/USDT:USDT,0.7941,66.0,0.7939,15.0,0.7948,14.0,0.7949,57.0
1753533503531,12:38:23.531,AGLD/USDT:USDT,0.7941,66.0,0.7939,15.0,0.7948,14.0,0.7949,57.0
1753533506108,12:38:26.108,AGLD/USDT:USDT,0.7939,15.0,0.7937,15.0,0.7948,14.0,0.7949,83.0
1753533506258,12:38:26.258,AGLD/USDT:USDT,0.7939,15.0,0.7938,27.0,0.7948,14.0,0.7949,83.0
1753533506552,12:38:26.552,AGLD/USDT:USDT,0.7933,27.0,0.7932,57.0,0.7947,26.0,0.7948,70.0
1753533506653,12:38:26.653,AGLD/USDT:USDT,0.7939,66.0,0.7938,290.0,0.7948,70.0,0.7949,83.0
1753533506666,12:38:26.666,AGLD/USDT:USDT,0.7939,66.0,0.7938,290.0,0.7948,70.0,0.7949,83.0
1753533507045,12:38:27.045,AGLD/USDT:USDT,0.7939,66.0,0.7938,290.0,0.7948,70.0,0.7949,83.0
1753533508612,12:38:28.612,AGLD/USDT:USDT,0.7939,66.0,0.7938,290.0,0.7948,70.0,0.7949,83.0
1753533510021,12:38:30.021,AGLD/USDT:USDT,0.7939,66.0,0.7938,290.0,0.7948,70.0,0.7949,83.0
1753533520329,12:38:40.329,AGLD/USDT:USDT,0.7939,66.0,0.7938,290.0,0.7948,70.0,0.7949,83.0
1753533521651,12:38:41.651,AGLD/USDT:USDT,0.7939,66.0,0.7938,290.0,0.7948,70.0,0.7949,83.0
1753533521729,12:38:41.729,AGLD/USDT:USDT,0.7939,66.0,0.7938,27.0,0.7948,70.0,0.7949,83.0
1753533522062,12:38:42.062,AGLD/USDT:USDT,0.7939,66.0,0.7938,27.0,0.7947,55.0,0.7948,70.0
1753533522351,12:38:42.351,AGLD/USDT:USDT,0.7939,66.0,0.7938,27.0,0.7947,55.0,0.7948,70.0
1753533523167,12:38:43.167,AGLD/USDT:USDT,0.7939,66.0,0.7938,27.0,0.7947,55.0,0.7948,70.0
1753533523582,12:38:43.582,AGLD/USDT:USDT,0.7939,66.0,0.7938,27.0,0.7947,55.0,0.7948,70.0
1753533525344,12:38:45.344,AGLD/USDT:USDT,0.7939,66.0,0.7938,27.0,0.7947,55.0,0.7948,70.0
1753533525602,12:38:45.602,AGLD/USDT:USDT,0.7939,66.0,0.7938,27.0,0.7947,55.0,0.7948,70.0
1753533526371,12:38:46.371,AGLD/USDT:USDT,0.7939,66.0,0.7938,27.0,0.7947,55.0,0.7948,70.0
1753533527399,12:38:47.399,AGLD/USDT:USDT,0.7939,66.0,0.7937,42.0,0.7947,55.0,0.7948,70.0
1753533528371,12:38:48.371,AGLD/USDT:USDT,0.7939,66.0,0.7937,42.0,0.7947,55.0,0.7948,70.0
1753533529378,12:38:49.378,AGLD/USDT:USDT,0.7939,66.0,0.7937,42.0,0.7947,55.0,0.7948,70.0
1753533530385,12:38:50.385,AGLD/USDT:USDT,0.7939,66.0,0.7937,42.0,0.7947,55.0,0.7948,70.0
1753533531256,12:38:51.256,AGLD/USDT:USDT,0.7941,66.0,0.794,66.0,0.7948,63.0,0.7949,83.0
1753533531335,12:38:51.335,AGLD/USDT:USDT,0.7943,66.0,0.7939,42.0,0.7949,14.0,0.795,57.0
1753533531423,12:38:51.423,AGLD/USDT:USDT,0.7943,66.0,0.7941,15.0,0.7949,14.0,0.795,57.0
1753533532749,12:38:52.749,AGLD/USDT:USDT,0.7941,771.0,0.7939,42.0,0.7949,14.0,0.795,57.0
1753533532812,12:38:52.812,AGLD/USDT:USDT,0.7942,73.0,0.794,42.0,0.7949,14.0,0.795,57.0
1753533532878,12:38:52.878,AGLD/USDT:USDT,0.7942,73.0,0.794,42.0,0.7949,14.0,0.795,57.0
1753533534406,12:38:54.406,AGLD/USDT:USDT,0.7942,73.0,0.794,42.0,0.7949,7.0,0.795,57.0
1753533534552,12:38:54.552,AGLD/USDT:USDT,0.7944,66.0,0.7941,27.0,0.7952,62.0,0.7953,691.0
1753533534644,12:38:54.644,AGLD/USDT:USDT,0.7944,66.0,0.7942,42.0,0.7952,62.0,0.7953,691.0
1753533536010,12:38:56.010,AGLD/USDT:USDT,0.7944,66.0,0.7942,42.0,0.7952,62.0,0.7953,691.0
1753533536100,12:38:56.100,AGLD/USDT:USDT,0.7944,66.0,0.7942,42.0,0.7952,62.0,0.7953,691.0
1753533538312,12:38:58.312,AGLD/USDT:USDT,0.7944,66.0,0.7942,42.0,0.7952,62.0,0.7953,691.0
1753533538877,12:38:58.877,AGLD/USDT:USDT,0.7944,66.0,0.7942,42.0,0.7952,62.0,0.7953,691.0
1753533542549,12:39:02.549,AGLD/USDT:USDT,0.7945,66.0,0.7943,15.0,0.7952,13.0,0.7953,691.0
1753533542655,12:39:02.655,AGLD/USDT:USDT,0.7945,66.0,0.7943,15.0,0.7952,13.0,0.7953,691.0
1753533542850,12:39:02.850,AGLD/USDT:USDT,0.7945,66.0,0.7943,15.0,0.7952,13.0,0.7953,691.0
1753533542866,12:39:02.866,AGLD/USDT:USDT,0.7945,66.0,0.7943,15.0,0.7952,13.0,0.7953,691.0
1753533544685,12:39:04.685,AGLD/USDT:USDT,0.7945,66.0,0.7943,15.0,0.7952,13.0,0.7953,691.0
1753533544862,12:39:04.862,AGLD/USDT:USDT,0.7945,66.0,0.7943,15.0,0.7952,13.0,0.7953,691.0
1753533544937,12:39:04.937,AGLD/USDT:USDT,0.7945,66.0,0.7943,42.0,0.7952,13.0,0.7953,691.0
1753533545148,12:39:05.148,AGLD/USDT:USDT,0.7946,66.0,0.7945,66.0,0.7952,6.0,0.7953,691.0
1753533545259,12:39:05.259,AGLD/USDT:USDT,0.7946,73.0,0.7944,15.0,0.7952,13.0,0.7953,691.0
1753533545359,12:39:05.359,AGLD/USDT:USDT,0.7946,73.0,0.7944,15.0,0.7952,13.0,0.7953,691.0
1753533545364,12:39:05.364,AGLD/USDT:USDT,0.7946,73.0,0.7944,15.0,0.7952,13.0,0.7953,691.0
1753533546804,12:39:06.804,AGLD/USDT:USDT,0.7946,73.0,0.7944,15.0,0.7952,13.0,0.7953,691.0
1753533547815,12:39:07.815,AGLD/USDT:USDT,0.7946,73.0,0.7944,15.0,0.7952,13.0,0.7953,691.0
1753533549103,12:39:09.103,AGLD/USDT:USDT,0.7946,73.0,0.7944,15.0,0.7952,13.0,0.7953,691.0
1753533549550,12:39:09.550,AGLD/USDT:USDT,0.7947,66.0,0.7946,14.0,0.7952,13.0,0.7953,635.0
1753533549645,12:39:09.645,AGLD/USDT:USDT,0.7947,66.0,0.7946,14.0,0.7952,13.0,0.7953,635.0
1753533549763,12:39:09.763,AGLD/USDT:USDT,0.7947,66.0,0.7946,14.0,0.7952,13.0,0.7953,635.0
1753533549820,12:39:09.820,AGLD/USDT:USDT,0.7947,66.0,0.7946,14.0,0.7952,13.0,0.7953,635.0
1753533550631,12:39:10.631,AGLD/USDT:USDT,0.7947,66.0,0.7946,14.0,0.7952,13.0,0.7953,635.0
1753533550791,12:39:10.791,AGLD/USDT:USDT,0.7947,66.0,0.7946,14.0,0.7952,6.0,0.7953,635.0
1753533550896,12:39:10.896,AGLD/USDT:USDT,0.7947,66.0,0.7946,14.0,0.7952,6.0,0.7953,635.0
1753533551761,12:39:11.761,AGLD/USDT:USDT,0.7947,66.0,0.7946,14.0,0.7952,6.0,0.7953,635.0
1753533552030,12:39:12.030,AGLD/USDT:USDT,0.7947,66.0,0.7946,14.0,0.7952,20.0,0.7953,635.0
1753533552791,12:39:12.791,AGLD/USDT:USDT,0.7947,66.0,0.7946,14.0,0.7952,13.0,0.7953,635.0
1753533553256,12:39:13.256,AGLD/USDT:USDT,0.7947,66.0,0.7946,14.0,0.7952,20.0,0.7953,635.0
1753533553312,12:39:13.312,AGLD/USDT:USDT,0.7947,66.0,0.7946,14.0,0.7952,20.0,0.7953,635.0
1753533553561,12:39:13.561,AGLD/USDT:USDT,0.7948,66.0,0.7947,66.0,0.7952,6.0,0.7953,635.0
1753533553625,12:39:13.625,AGLD/USDT:USDT,0.7948,80.0,0.7947,7.0,0.7952,6.0,0.7953,635.0
1753533553760,12:39:13.760,AGLD/USDT:USDT,0.7946,15.0,0.7939,27.0,0.7952,6.0,0.7953,635.0
1753533553785,12:39:13.785,AGLD/USDT:USDT,0.7946,15.0,0.7944,42.0,0.7952,6.0,0.7953,635.0
1753533554545,12:39:14.545,AGLD/USDT:USDT,0.7944,15.0,0.7943,27.0,0.7952,6.0,0.7953,635.0
1753533554610,12:39:14.610,AGLD/USDT:USDT,0.7946,80.0,0.7944,15.0,0.7952,6.0,0.7953,635.0
1753533554717,12:39:14.717,AGLD/USDT:USDT,0.7946,80.0,0.7944,15.0,0.7952,6.0,0.7953,635.0
1753533555145,12:39:15.145,AGLD/USDT:USDT,0.7944,15.0,0.7942,42.0,0.7952,20.0,0.7953,635.0
1753533555355,12:39:15.355,AGLD/USDT:USDT,0.7942,99.0,0.7938,56.0,0.7952,13.0,0.7953,635.0
1753533555443,12:39:15.443,AGLD/USDT:USDT,0.7943,822.0,0.7942,84.0,0.7952,13.0,0.7953,661.0
1753533555547,12:39:15.547,AGLD/USDT:USDT,0.7944,93.0,0.7943,756.0,0.7952,6.0,0.7956,82.0
1753533555653,12:39:15.653,AGLD/USDT:USDT,0.7945,66.0,0.7944,27.0,0.7955,57.0,0.7956,88.0
1753533556218,12:39:16.218,AGLD/USDT:USDT,0.7945,66.0,0.7944,27.0,0.7955,57.0,0.7956,88.0
1753533556479,12:39:16.479,AGLD/USDT:USDT,0.7945,66.0,0.7944,27.0,0.7955,57.0,0.7956,88.0
1753533556625,12:39:16.625,AGLD/USDT:USDT,0.7945,66.0,0.7944,84.0,0.7955,57.0,0.7956,88.0
1753533556743,12:39:16.743,AGLD/USDT:USDT,0.7945,66.0,0.7944,84.0,0.7955,57.0,0.7956,88.0
1753533557255,12:39:17.255,AGLD/USDT:USDT,0.7945,66.0,0.7944,84.0,0.7955,57.0,0.7956,88.0
1753533557353,12:39:17.353,AGLD/USDT:USDT,0.7945,66.0,0.7944,84.0,0.7955,57.0,0.7956,88.0
1753533557946,12:39:17.946,AGLD/USDT:USDT,0.7944,840.0,0.7938,56.0,0.7955,57.0,0.7956,88.0
1753533557966,12:39:17.966,AGLD/USDT:USDT,0.7944,840.0,0.7942,15.0,0.7955,57.0,0.7956,88.0
1753533558256,12:39:18.256,AGLD/USDT:USDT,0.7944,840.0,0.7942,15.0,0.7955,57.0,0.7956,88.0
1753533558744,12:39:18.744,AGLD/USDT:USDT,0.7944,840.0,0.7942,15.0,0.7955,57.0,0.7956,88.0
1753533559363,12:39:19.363,AGLD/USDT:USDT,0.7944,840.0,0.7942,15.0,0.7955,57.0,0.7956,88.0
1753533559622,12:39:19.622,AGLD/USDT:USDT,0.7944,840.0,0.7942,15.0,0.7955,57.0,0.7956,88.0
1753533559745,12:39:19.745,AGLD/USDT:USDT,0.7944,840.0,0.7942,15.0,0.7955,57.0,0.7956,88.0
1753533561242,12:39:21.242,AGLD/USDT:USDT,0.7944,840.0,0.7942,15.0,0.7955,57.0,0.7956,88.0
1753533561373,12:39:21.373,AGLD/USDT:USDT,0.7944,840.0,0.7942,15.0,0.7955,57.0,0.7956,88.0
1753533564122,12:39:24.122,AGLD/USDT:USDT,0.7944,840.0,0.7942,15.0,0.7955,57.0,0.7956,88.0
1753533565856,12:39:25.856,AGLD/USDT:USDT,0.7944,840.0,0.7942,15.0,0.7955,83.0,0.7956,62.0
1753533569145,12:39:29.145,AGLD/USDT:USDT,0.7944,840.0,0.7942,15.0,0.7955,83.0,0.7956,62.0
1753533570171,12:39:30.171,AGLD/USDT:USDT,0.7944,783.0,0.7942,15.0,0.7954,57.0,0.7955,83.0
1753533579206,12:39:39.206,AGLD/USDT:USDT,0.7944,756.0,0.7943,27.0,0.7954,57.0,0.7955,83.0
1753533581027,12:39:41.027,AGLD/USDT:USDT,0.7946,66.0,0.7944,798.0,0.7954,57.0,0.7955,83.0
1753533581100,12:39:41.100,AGLD/USDT:USDT,0.7946,66.0,0.7944,798.0,0.7954,57.0,0.7955,83.0
1753533586046,12:39:46.046,AGLD/USDT:USDT,0.7946,66.0,0.7944,798.0,0.7954,57.0,0.7955,83.0
1753533586158,12:39:46.158,AGLD/USDT:USDT,0.7946,66.0,0.7944,798.0,0.7954,57.0,0.7955,83.0
1753533586243,12:39:46.243,AGLD/USDT:USDT,0.7946,66.0,0.7944,798.0,0.7954,57.0,0.7955,83.0
1753533586359,12:39:46.359,AGLD/USDT:USDT,0.7946,822.0,0.7944,42.0,0.7954,57.0,0.7955,83.0
1753533586663,12:39:46.663,AGLD/USDT:USDT,0.7948,73.0,0.7947,73.0,0.7954,7.0,0.7956,62.0
1753533586761,12:39:46.761,AGLD/USDT:USDT,0.7948,73.0,0.7947,7.0,0.7954,7.0,0.7956,62.0
1753533586863,12:39:46.863,AGLD/USDT:USDT,0.7948,73.0,0.7947,7.0,0.7954,7.0,0.7956,62.0
1753533586880,12:39:46.880,AGLD/USDT:USDT,0.7948,73.0,0.7947,7.0,0.7954,7.0,0.7956,62.0
1753533587046,12:39:47.046,AGLD/USDT:USDT,0.7948,73.0,0.7947,7.0,0.7954,7.0,0.7956,62.0
1753533587125,12:39:47.125,AGLD/USDT:USDT,0.7948,73.0,0.7947,7.0,0.7954,7.0,0.7956,62.0
1753533587337,12:39:47.337,AGLD/USDT:USDT,0.7948,73.0,0.7947,7.0,0.7954,7.0,0.7956,62.0
1753533588445,12:39:48.445,AGLD/USDT:USDT,0.7948,73.0,0.7947,7.0,0.7954,14.0,0.7956,62.0
1753533591410,12:39:51.410,AGLD/USDT:USDT,0.7948,73.0,0.7947,7.0,0.7954,14.0,0.7956,62.0
1753533592545,12:39:52.545,AGLD/USDT:USDT,0.7948,73.0,0.7947,7.0,0.7954,14.0,0.7956,62.0
1753533593246,12:39:53.246,AGLD/USDT:USDT,0.7946,15.0,0.7943,27.0,0.7954,14.0,0.7956,88.0
1753533593348,12:39:53.348,AGLD/USDT:USDT,0.7946,15.0,0.7943,27.0,0.7954,14.0,0.7956,88.0
1753533593445,12:39:53.445,AGLD/USDT:USDT,0.7947,66.0,0.7945,27.0,0.7954,14.0,0.7956,88.0
1753533594807,12:39:54.807,AGLD/USDT:USDT,0.7947,66.0,0.7945,27.0,0.7954,14.0,0.7956,88.0
1753533598715,12:39:58.715,AGLD/USDT:USDT,0.7947,66.0,0.7945,27.0,0.7954,14.0,0.7956,88.0
1753533598846,12:39:58.846,AGLD/USDT:USDT,0.7949,73.0,0.7948,7.0,0.7956,62.0,0.7957,689.0
1753533598945,12:39:58.945,AGLD/USDT:USDT,0.7949,73.0,0.7948,7.0,0.7956,62.0,0.7957,689.0
1753533599034,12:39:59.034,AGLD/USDT:USDT,0.7949,7.0,0.7948,7.0,0.7956,69.0,0.7957,689.0
1753533599203,12:39:59.203,AGLD/USDT:USDT,0.7949,7.0,0.7948,7.0,0.7956,69.0,0.7957,689.0
1753533600750,12:40:00.750,AGLD/USDT:USDT,0.7949,7.0,0.7948,7.0,0.7956,77.0,0.7957,689.0
1753533601654,12:40:01.654,AGLD/USDT:USDT,0.7949,7.0,0.7948,7.0,0.7956,21.0,0.7957,689.0
1753533601730,12:40:01.730,AGLD/USDT:USDT,0.7949,7.0,0.7948,7.0,0.7956,21.0,0.7957,689.0
1753533601778,12:40:01.778,AGLD/USDT:USDT,0.7949,7.0,0.7948,7.0,0.7956,21.0,0.7957,689.0
1753533602471,12:40:02.471,AGLD/USDT:USDT,0.7949,7.0,0.7948,7.0,0.7956,13.0,0.7957,689.0
1753533606645,12:40:06.645,AGLD/USDT:USDT,0.7951,74.0,0.795,35.0,0.7956,6.0,0.796,56.0
1753533606745,12:40:06.745,AGLD/USDT:USDT,0.7952,66.0,0.7951,8.0,0.796,62.0,0.7961,691.0
1753533606854,12:40:06.854,AGLD/USDT:USDT,0.7952,66.0,0.7951,8.0,0.796,62.0,0.7961,691.0
1753533606907,12:40:06.907,AGLD/USDT:USDT,0.7952,66.0,0.7951,8.0,0.796,62.0,0.7961,691.0
1753533607060,12:40:07.060,AGLD/USDT:USDT,0.7952,66.0,0.7951,8.0,0.796,62.0,0.7961,691.0
1753533607125,12:40:07.125,AGLD/USDT:USDT,0.7952,66.0,0.7951,8.0,0.796,62.0,0.7961,691.0
1753533608705,12:40:08.705,AGLD/USDT:USDT,0.7952,66.0,0.7951,8.0,0.796,62.0,0.7961,691.0
1753533608920,12:40:08.920,AGLD/USDT:USDT,0.7952,66.0,0.7951,8.0,0.796,62.0,0.7961,691.0
1753533609222,12:40:09.222,AGLD/USDT:USDT,0.7952,66.0,0.7951,8.0,0.796,62.0,0.7961,56.0
1753533609305,12:40:09.305,AGLD/USDT:USDT,0.7952,66.0,0.7951,35.0,0.7961,56.0,0.7962,32.0
1753533610919,12:40:10.919,AGLD/USDT:USDT,0.7952,66.0,0.7951,35.0,0.7961,56.0,0.7962,32.0
1753533611539,12:40:11.539,AGLD/USDT:USDT,0.7952,66.0,0.7951,35.0,0.7961,56.0,0.7962,32.0
1753533611643,12:40:11.643,AGLD/USDT:USDT,0.7952,66.0,0.7951,35.0,0.7961,56.0,0.7962,32.0
1753533612547,12:40:12.547,AGLD/USDT:USDT,0.7952,66.0,0.7951,35.0,0.7961,56.0,0.7962,32.0
1753533613362,12:40:13.362,AGLD/USDT:USDT,0.7952,66.0,0.7951,35.0,0.7961,56.0,0.7962,32.0
1753533613406,12:40:13.406,AGLD/USDT:USDT,0.7952,66.0,0.7951,35.0,0.7961,56.0,0.7962,32.0
1753533614678,12:40:14.678,AGLD/USDT:USDT,0.7952,66.0,0.7951,35.0,0.7961,56.0,0.7962,32.0
1753533616287,12:40:16.287,AGLD/USDT:USDT,0.7952,66.0,0.7951,35.0,0.7961,56.0,0.7962,32.0
1753533616598,12:40:16.598,AGLD/USDT:USDT,0.7952,66.0,0.7951,35.0,0.7961,56.0,0.7962,32.0
1753533616688,12:40:16.688,AGLD/USDT:USDT,0.7952,66.0,0.7951,35.0,0.7961,56.0,0.7962,32.0
1753533617744,12:40:17.744,AGLD/USDT:USDT,0.7952,66.0,0.7951,35.0,0.7961,56.0,0.7962,32.0
1753533617765,12:40:17.765,AGLD/USDT:USDT,0.7952,66.0,0.7951,35.0,0.7961,56.0,0.7962,32.0
1753533617946,12:40:17.946,AGLD/USDT:USDT,0.7952,66.0,0.7951,35.0,0.7961,56.0,0.7962,32.0
1753533617992,12:40:17.992,AGLD/USDT:USDT,0.7952,66.0,0.7951,35.0,0.7961,56.0,0.7962,32.0
1753533623754,12:40:23.754,AGLD/USDT:USDT,0.7952,66.0,0.7951,35.0,0.7961,56.0,0.7962,32.0
1753533623770,12:40:23.770,AGLD/USDT:USDT,0.7952,66.0,0.7951,35.0,0.7961,56.0,0.7962,32.0
1753533624162,12:40:24.162,AGLD/USDT:USDT,0.7952,66.0,0.7951,35.0,0.7961,56.0,0.7962,32.0
1753533625500,12:40:25.500,AGLD/USDT:USDT,0.7952,66.0,0.7951,35.0,0.7961,56.0,0.7962,32.0
1753533631158,12:40:31.158,AGLD/USDT:USDT,0.7956,66.0,0.7948,27.0,0.7962,22.0,0.7963,635.0
1753533631215,12:40:31.215,AGLD/USDT:USDT,0.7956,66.0,0.7954,15.0,0.7962,22.0,0.7963,635.0
1753533631627,12:40:31.627,AGLD/USDT:USDT,0.7956,66.0,0.7954,15.0,0.7962,22.0,0.7963,635.0
1753533631741,12:40:31.741,AGLD/USDT:USDT,0.7956,66.0,0.7954,15.0,0.7962,22.0,0.7963,635.0
1753533631860,12:40:31.860,AGLD/USDT:USDT,0.7956,66.0,0.7954,15.0,0.7962,22.0,0.7963,635.0
1753533631949,12:40:31.949,AGLD/USDT:USDT,0.7955,66.0,0.7952,42.0,0.7962,22.0,0.7963,635.0
1753533632011,12:40:32.011,AGLD/USDT:USDT,0.7955,66.0,0.7953,15.0,0.7962,22.0,0.7963,635.0
1753533632064,12:40:32.064,AGLD/USDT:USDT,0.7955,66.0,0.7953,15.0,0.7962,22.0,0.7963,635.0
1753533632165,12:40:32.165,AGLD/USDT:USDT,0.7955,66.0,0.7953,15.0,0.7962,22.0,0.7963,635.0
1753533636274,12:40:36.274,AGLD/USDT:USDT,0.7955,66.0,0.7953,15.0,0.7962,22.0,0.7963,635.0
1753533637657,12:40:37.657,AGLD/USDT:USDT,0.7955,66.0,0.7953,15.0,0.7962,22.0,0.7963,635.0
1753533638103,12:40:38.103,AGLD/USDT:USDT,0.7955,66.0,0.7953,15.0,0.7962,78.0,0.7963,635.0
1753533638346,12:40:38.346,AGLD/USDT:USDT,0.7953,15.0,0.7951,15.0,0.7962,78.0,0.7963,661.0
1753533638406,12:40:38.406,AGLD/USDT:USDT,0.7955,66.0,0.7952,27.0,0.7962,78.0,0.7963,635.0
1753533638519,12:40:38.519,AGLD/USDT:USDT,0.7955,66.0,0.7953,15.0,0.7962,78.0,0.7963,635.0
1753533638585,12:40:38.585,AGLD/USDT:USDT,0.7955,66.0,0.7953,15.0,0.7962,78.0,0.7963,635.0
1753533638757,12:40:38.757,AGLD/USDT:USDT,0.7955,66.0,0.7953,15.0,0.7962,78.0,0.7963,635.0
1753533639282,12:40:39.282,AGLD/USDT:USDT,0.7955,66.0,0.7953,15.0,0.7962,78.0,0.7963,635.0
1753533640034,12:40:40.034,AGLD/USDT:USDT,0.7955,66.0,0.7953,15.0,0.7961,56.0,0.7962,78.0
1753533640253,12:40:40.253,AGLD/USDT:USDT,0.7955,66.0,0.7953,15.0,0.7961,56.0,0.7962,78.0
1753533640486,12:40:40.486,AGLD/USDT:USDT,0.7955,66.0,0.7953,15.0,0.7961,56.0,0.7962,78.0
1753533641105,12:40:41.105,AGLD/USDT:USDT,0.7955,66.0,0.7953,15.0,0.7961,56.0,0.7962,78.0
1753533641727,12:40:41.727,AGLD/USDT:USDT,0.7954,66.0,0.7951,42.0,0.7961,56.0,0.7962,78.0
1753533641850,12:40:41.850,AGLD/USDT:USDT,0.7954,66.0,0.7952,15.0,0.7961,56.0,0.7962,78.0
1753533642122,12:40:42.122,AGLD/USDT:USDT,0.7954,66.0,0.7952,15.0,0.7961,56.0,0.7962,78.0
1753533642862,12:40:42.862,AGLD/USDT:USDT,0.7954,74.0,0.7952,15.0,0.7961,56.0,0.7962,78.0
1753533642869,12:40:42.869,AGLD/USDT:USDT,0.7954,74.0,0.7952,15.0,0.7961,56.0,0.7962,78.0
1753533645646,12:40:45.646,AGLD/USDT:USDT,0.7954,74.0,0.7952,15.0,0.7961,56.0,0.7962,78.0
1753533645690,12:40:45.690,AGLD/USDT:USDT,0.7954,74.0,0.7952,15.0,0.7961,56.0,0.7962,78.0
1753533647403,12:40:47.403,AGLD/USDT:USDT,0.7954,74.0,0.7952,15.0,0.7961,56.0,0.7962,78.0
1753533650668,12:40:50.668,AGLD/USDT:USDT,0.7954,74.0,0.7952,15.0,0.7961,56.0,0.7962,78.0
1753533655485,12:40:55.485,AGLD/USDT:USDT,0.7954,74.0,0.7952,42.0,0.7961,56.0,0.7962,78.0
1753533658863,12:40:58.863,AGLD/USDT:USDT,0.7956,74.0,0.7955,66.0,0.7962,22.0,0.7963,635.0
1753533658866,12:40:58.866,AGLD/USDT:USDT,0.7956,74.0,0.7954,8.0,0.7962,22.0,0.7963,635.0
1753533659103,12:40:59.103,AGLD/USDT:USDT,0.7956,74.0,0.7954,23.0,0.7962,22.0,0.7963,635.0
1753533659234,12:40:59.234,AGLD/USDT:USDT,0.7956,74.0,0.7954,23.0,0.7962,22.0,0.7963,635.0
1753533661563,12:41:01.563,AGLD/USDT:USDT,0.7959,66.0,0.7958,8.0,0.7962,6.0,0.7963,651.0
1753533661641,12:41:01.641,AGLD/USDT:USDT,0.7959,66.0,0.7958,8.0,0.7962,6.0,0.7963,651.0
1753533661725,12:41:01.725,AGLD/USDT:USDT,0.7959,66.0,0.7958,8.0,0.7962,6.0,0.7963,651.0
1753533661846,12:41:01.846,AGLD/USDT:USDT,0.795,93.0,0.7949,55.0,0.7962,32.0,0.7963,643.0
1753533661963,12:41:01.963,AGLD/USDT:USDT,0.7956,82.0,0.7955,66.0,0.7962,6.0,0.7963,643.0
1753533662046,12:41:02.046,AGLD/USDT:USDT,0.7957,66.0,0.7956,16.0,0.7962,6.0,0.7963,643.0
1753533662126,12:41:02.126,AGLD/USDT:USDT,0.7957,66.0,0.7956,16.0,0.7962,6.0,0.7963,651.0
1753533662327,12:41:02.327,AGLD/USDT:USDT,0.7954,15.0,0.7953,27.0,0.7962,6.0,0.7963,651.0
1753533662495,12:41:02.495,AGLD/USDT:USDT,0.7954,15.0,0.7953,27.0,0.7962,6.0,0.7963,651.0
1753533663346,12:41:03.346,AGLD/USDT:USDT,0.7957,66.0,0.7956,66.0,0.7962,6.0,0.7963,16.0
1753533663389,12:41:03.389,AGLD/USDT:USDT,0.7957,74.0,0.7956,35.0,0.7963,8.0,0.7966,61.0
1753533663528,12:41:03.528,AGLD/USDT:USDT,0.7957,74.0,0.7956,35.0,0.7963,8.0,0.7966,61.0
1753533663586,12:41:03.586,AGLD/USDT:USDT,0.7957,74.0,0.7956,35.0,0.7963,8.0,0.7966,61.0
1753533663691,12:41:03.691,AGLD/USDT:USDT,0.7957,74.0,0.7956,35.0,0.7963,8.0,0.7966,61.0
1753533664225,12:41:04.225,AGLD/USDT:USDT,0.7957,74.0,0.7956,35.0,0.7963,8.0,0.7964,8.0
1753533664353,12:41:04.353,AGLD/USDT:USDT,0.7957,66.0,0.7954,42.0,0.7963,63.0,0.7964,8.0
1753533664441,12:41:04.441,AGLD/USDT:USDT,0.7954,15.0,0.7953,27.0,0.7963,63.0,0.7964,34.0
1753533664805,12:41:04.805,AGLD/USDT:USDT,0.7955,66.0,0.7953,27.0,0.7963,63.0,0.7964,8.0
1753533664944,12:41:04.944,AGLD/USDT:USDT,0.7955,66.0,0.7953,42.0,0.7963,63.0,0.7964,8.0
1753533665048,12:41:05.048,AGLD/USDT:USDT,0.7955,66.0,0.7953,42.0,0.7963,63.0,0.7964,8.0
1753533666293,12:41:06.293,AGLD/USDT:USDT,0.7955,66.0,0.7953,42.0,0.7963,63.0,0.7964,8.0
1753533669189,12:41:09.189,AGLD/USDT:USDT,0.7955,66.0,0.7953,42.0,0.7963,63.0,0.7964,8.0
1753533673452,12:41:13.452,AGLD/USDT:USDT,0.7955,66.0,0.7953,42.0,0.7963,63.0,0.7964,8.0
1753533673469,12:41:13.469,AGLD/USDT:USDT,0.7955,66.0,0.7953,42.0,0.7963,63.0,0.7964,8.0
1753533676691,12:41:16.691,AGLD/USDT:USDT,0.7955,66.0,0.7953,42.0,0.7963,63.0,0.7964,8.0
1753533677228,12:41:17.228,AGLD/USDT:USDT,0.7955,66.0,0.7953,42.0,0.7963,63.0,0.7964,8.0
1753533677562,12:41:17.562,AGLD/USDT:USDT,0.7957,66.0,0.7956,74.0,0.7963,63.0,0.7964,8.0
1753533677655,12:41:17.655,AGLD/USDT:USDT,0.7958,66.0,0.7957,8.0,0.7963,63.0,0.7964,8.0
1753533677745,12:41:17.745,AGLD/USDT:USDT,0.7958,66.0,0.7957,8.0,0.7963,63.0,0.7964,8.0
1753533679914,12:41:19.914,AGLD/USDT:USDT,0.7958,66.0,0.7957,8.0,0.7963,63.0,0.7964,8.0
1753533681802,12:41:21.802,AGLD/USDT:USDT,0.7958,66.0,0.7957,8.0,0.7963,63.0,0.7964,8.0
1753533683671,12:41:23.671,AGLD/USDT:USDT,0.7958,66.0,0.7957,8.0,0.7963,63.0,0.7964,8.0
1753533686521,12:41:26.521,AGLD/USDT:USDT,0.7958,66.0,0.7957,8.0,0.7963,63.0,0.7964,8.0
1753533687861,12:41:27.861,AGLD/USDT:USDT,0.7958,74.0,0.7957,8.0,0.7963,8.0,0.7964,8.0
1753533687928,12:41:27.928,AGLD/USDT:USDT,0.7959,66.0,0.7958,8.0,0.7963,8.0,0.7964,8.0
1753533687965,12:41:27.965,AGLD/USDT:USDT,0.7959,66.0,0.7958,8.0,0.7963,8.0,0.7964,8.0
1753533688540,12:41:28.540,AGLD/USDT:USDT,0.7959,66.0,0.7958,8.0,0.7963,8.0,0.7964,8.0
1753533689701,12:41:29.701,AGLD/USDT:USDT,0.7959,66.0,0.7958,8.0,0.7963,8.0,0.7964,8.0
1753533690346,12:41:30.346,AGLD/USDT:USDT,0.7957,8.0,0.7954,15.0,0.7963,34.0,0.7964,8.0
1753533690423,12:41:30.423,AGLD/USDT:USDT,0.7958,74.0,0.7957,8.0,0.7963,8.0,0.7964,8.0
1753533690545,12:41:30.545,AGLD/USDT:USDT,0.7958,74.0,0.7957,8.0,0.7963,8.0,0.7964,8.0
1753533694546,12:41:34.546,AGLD/USDT:USDT,0.7959,66.0,0.7957,35.0,0.7966,61.0,0.7967,689.0
1753533694648,12:41:34.648,AGLD/USDT:USDT,0.7961,66.0,0.7959,23.0,0.7966,69.0,0.7967,689.0
1753533694753,12:41:34.753,AGLD/USDT:USDT,0.7961,66.0,0.7959,23.0,0.7966,69.0,0.7967,689.0
1753533694765,12:41:34.765,AGLD/USDT:USDT,0.7961,66.0,0.7959,23.0,0.7966,69.0,0.7967,689.0
1753533694963,12:41:34.963,AGLD/USDT:USDT,0.7961,66.0,0.7959,23.0,0.7966,69.0,0.7967,689.0
1753533695051,12:41:35.051,AGLD/USDT:USDT,0.7959,15.0,0.7957,15.0,0.7966,6.0,0.7967,689.0
1753533695152,12:41:35.152,AGLD/USDT:USDT,0.7959,15.0,0.7957,42.0,0.7966,6.0,0.7967,689.0
1753533697146,12:41:37.146,AGLD/USDT:USDT,0.7961,66.0,0.796,16.0,0.7966,6.0,0.7967,689.0
1753533697258,12:41:37.258,AGLD/USDT:USDT,0.7961,66.0,0.796,16.0,0.7966,6.0,0.7967,689.0
1753533697280,12:41:37.280,AGLD/USDT:USDT,0.7961,66.0,0.796,16.0,0.7966,6.0,0.7967,689.0
1753533697419,12:41:37.419,AGLD/USDT:USDT,0.7961,66.0,0.796,16.0,0.7966,6.0,0.7967,689.0
1753533698099,12:41:38.099,AGLD/USDT:USDT,0.7961,66.0,0.796,16.0,0.7966,6.0,0.7967,689.0
1753533698694,12:41:38.694,AGLD/USDT:USDT,0.7961,66.0,0.796,16.0,0.7966,6.0,0.7967,689.0
1753533699439,12:41:39.439,AGLD/USDT:USDT,0.7961,66.0,0.796,16.0,0.7966,6.0,0.7967,689.0
1753533700569,12:41:40.569,AGLD/USDT:USDT,0.7961,66.0,0.796,16.0,0.7966,6.0,0.7967,635.0
1753533701027,12:41:41.027,AGLD/USDT:USDT,0.7961,66.0,0.796,16.0,0.7966,6.0,0.7967,635.0
1753533701226,12:41:41.226,AGLD/USDT:USDT,0.7961,66.0,0.796,43.0,0.7966,6.0,0.797,57.0
1753533701349,12:41:41.349,AGLD/USDT:USDT,0.7962,66.0,0.796,42.0,0.7969,65.0,0.797,439.0
1753533701458,12:41:41.458,AGLD/USDT:USDT,0.7962,66.0,0.796,42.0,0.7969,65.0,0.797,433.0
1753533701472,12:41:41.472,AGLD/USDT:USDT,0.7962,66.0,0.796,42.0,0.7969,65.0,0.797,439.0
1753533701947,12:41:41.947,AGLD/USDT:USDT,0.7962,66.0,0.796,42.0,0.7969,65.0,0.797,439.0
1753533701986,12:41:41.986,AGLD/USDT:USDT,0.7962,66.0,0.796,42.0,0.7969,65.0,0.797,439.0
1753533702065,12:41:42.065,AGLD/USDT:USDT,0.7962,66.0,0.796,42.0,0.7969,65.0,0.797,439.0
1753533702759,12:41:42.759,AGLD/USDT:USDT,0.7962,66.0,0.796,42.0,0.7969,65.0,0.797,439.0
1753533702843,12:41:42.843,AGLD/USDT:USDT,0.7962,66.0,0.796,42.0,0.7969,65.0,0.797,439.0
1753533702958,12:41:42.958,AGLD/USDT:USDT,0.7962,66.0,0.796,42.0,0.7969,65.0,0.797,439.0
1753533703053,12:41:43.053,AGLD/USDT:USDT,0.7962,66.0,0.796,42.0,0.7969,65.0,0.797,439.0
1753533703817,12:41:43.817,AGLD/USDT:USDT,0.7962,66.0,0.796,42.0,0.7969,65.0,0.797,439.0
1753533704269,12:41:44.269,AGLD/USDT:USDT,0.7962,66.0,0.796,42.0,0.7969,65.0,0.797,439.0
1753533710747,12:41:50.747,AGLD/USDT:USDT,0.796,15.0,0.7958,15.0,0.7969,65.0,0.797,465.0
1753533710806,12:41:50.806,AGLD/USDT:USDT,0.7961,66.0,0.7959,27.0,0.7969,65.0,0.797,465.0
1753533710924,12:41:50.924,AGLD/USDT:USDT,0.7961,66.0,0.7959,42.0,0.7969,65.0,0.797,465.0
1753533712808,12:41:52.808,AGLD/USDT:USDT,0.7961,66.0,0.7959,42.0,0.7969,65.0,0.797,465.0
1753533716077,12:41:56.077,AGLD/USDT:USDT,0.7961,66.0,0.7959,42.0,0.7968,55.0,0.7969,65.0
1753533718253,12:41:58.253,AGLD/USDT:USDT,0.7961,66.0,0.7959,42.0,0.7968,55.0,0.7969,65.0
1753533718279,12:41:58.279,AGLD/USDT:USDT,0.7961,66.0,0.7959,42.0,0.7968,55.0,0.7969,65.0
1753533722652,12:42:02.652,AGLD/USDT:USDT,0.7961,66.0,0.7959,42.0,0.7968,55.0,0.7969,65.0
1753533722948,12:42:02.948,AGLD/USDT:USDT,0.7961,66.0,0.7959,15.0,0.7966,56.0,0.7967,707.0
1753533723005,12:42:03.005,AGLD/USDT:USDT,0.7961,66.0,0.7959,15.0,0.7966,62.0,0.7967,707.0
