timestamp,time,symbol,bid1_price,bid1_volume,bid2_price,bid2_volume,ask1_price,ask1_volume,ask2_price,ask2_volume
1753533019000,12:30:19.000,DEEP/USDT:USDT,0.18969,3.0,0.18967,12.0,0.1901,21.0,0.19012,3.0
1753533020427,12:30:20.427,DEEP/USDT:USDT,0.18969,3.0,0.18967,12.0,0.1901,21.0,0.19012,3.0
1753533020523,12:30:20.523,DEEP/USDT:USDT,0.18969,3.0,0.18967,12.0,0.19004,21.0,0.19006,3.0
1753533020624,12:30:20.624,DEEP/USDT:USDT,0.18969,3.0,0.18967,12.0,0.19004,21.0,0.19006,3.0
1753533021063,12:30:21.063,DEEP/USDT:USDT,0.18973,3.0,0.18972,21.0,0.19004,21.0,0.19006,3.0
1753533021451,12:30:21.451,DEEP/USDT:USDT,0.18973,3.0,0.18972,21.0,0.19004,21.0,0.19006,3.0
1753533021901,12:30:21.901,DEEP/USDT:USDT,0.18973,3.0,0.18969,3.0,0.19004,21.0,0.19006,3.0
1753533021923,12:30:21.923,DEEP/USDT:USDT,0.18973,3.0,0.18972,21.0,0.19004,21.0,0.19006,3.0
1753533022602,12:30:22.602,DEEP/USDT:USDT,0.18973,3.0,0.18972,21.0,0.19004,21.0,0.19006,3.0
1753533022871,12:30:22.871,DEEP/USDT:USDT,0.18973,3.0,0.18972,21.0,0.19004,21.0,0.19006,3.0
1753533023916,12:30:23.916,DEEP/USDT:USDT,0.18973,3.0,0.18972,21.0,0.19003,3.0,0.19004,21.0
1753533024287,12:30:24.287,DEEP/USDT:USDT,0.18973,3.0,0.18972,21.0,0.19003,3.0,0.19004,21.0
1753533024733,12:30:24.733,DEEP/USDT:USDT,0.18973,3.0,0.18972,21.0,0.19003,3.0,0.19004,21.0
1753533025528,12:30:25.528,DEEP/USDT:USDT,0.18969,3.0,0.18967,12.0,0.19003,3.0,0.19004,21.0
1753533026368,12:30:26.368,DEEP/USDT:USDT,0.18969,3.0,0.18968,59.0,0.19003,3.0,0.19004,21.0
1753533026412,12:30:26.412,DEEP/USDT:USDT,0.1897,3.0,0.18969,3.0,0.19003,3.0,0.19004,21.0
1753533026894,12:30:26.894,DEEP/USDT:USDT,0.1897,6.0,0.18969,3.0,0.19003,3.0,0.19004,21.0
1753533026912,12:30:26.912,DEEP/USDT:USDT,0.18971,3.0,0.1897,3.0,0.19003,3.0,0.19004,21.0
1753533027552,12:30:27.552,DEEP/USDT:USDT,0.18971,3.0,0.1897,3.0,0.19003,3.0,0.19004,21.0
1753533028303,12:30:28.303,DEEP/USDT:USDT,0.18972,3.0,0.18971,6.0,0.19003,3.0,0.19004,21.0
1753533028471,12:30:28.471,DEEP/USDT:USDT,0.18971,3.0,0.1897,27.0,0.19003,3.0,0.19004,21.0
1753533028768,12:30:28.768,DEEP/USDT:USDT,0.18971,3.0,0.1897,27.0,0.19003,3.0,0.19004,21.0
1753533029066,12:30:29.066,DEEP/USDT:USDT,0.18971,3.0,0.1897,27.0,0.19003,3.0,0.19004,21.0
1753533029594,12:30:29.594,DEEP/USDT:USDT,0.18971,3.0,0.1897,27.0,0.19003,3.0,0.19004,21.0
1753533030044,12:30:30.044,DEEP/USDT:USDT,0.18971,3.0,0.1897,27.0,0.19003,3.0,0.19004,21.0
1753533030109,12:30:30.109,DEEP/USDT:USDT,0.18971,3.0,0.1897,27.0,0.19003,3.0,0.19004,21.0
1753533031299,12:30:31.299,DEEP/USDT:USDT,0.18971,3.0,0.1897,27.0,0.19003,3.0,0.19004,21.0
1753533031613,12:30:31.613,DEEP/USDT:USDT,0.18971,3.0,0.1897,27.0,0.19003,3.0,0.19004,21.0
1753533034752,12:30:34.752,DEEP/USDT:USDT,0.18972,3.0,0.18971,62.0,0.19003,3.0,0.19004,21.0
1753533034902,12:30:34.902,DEEP/USDT:USDT,0.18972,3.0,0.18971,59.0,0.19003,3.0,0.19004,21.0
1753533034996,12:30:34.996,DEEP/USDT:USDT,0.18973,3.0,0.18972,59.0,0.19003,3.0,0.19004,21.0
1753533035535,12:30:35.535,DEEP/USDT:USDT,0.18973,3.0,0.18972,59.0,0.19003,3.0,0.19004,21.0
1753533035645,12:30:35.645,DEEP/USDT:USDT,0.18973,3.0,0.18972,59.0,0.19003,3.0,0.19004,21.0
1753533036768,12:30:36.768,DEEP/USDT:USDT,0.18974,3.0,0.18972,59.0,0.19003,3.0,0.19004,21.0
1753533036892,12:30:36.892,DEEP/USDT:USDT,0.18974,3.0,0.18971,59.0,0.19003,3.0,0.19004,21.0
1753533037009,12:30:37.009,DEEP/USDT:USDT,0.18974,3.0,0.18971,59.0,0.19003,3.0,0.19004,21.0
1753533038775,12:30:38.775,DEEP/USDT:USDT,0.18974,3.0,0.18971,59.0,0.19003,3.0,0.19004,21.0
1753533039451,12:30:39.451,DEEP/USDT:USDT,0.18975,3.0,0.18974,6.0,0.19003,3.0,0.19004,21.0
1753533039600,12:30:39.600,DEEP/USDT:USDT,0.18975,3.0,0.18974,3.0,0.19003,3.0,0.19004,21.0
1753533039988,12:30:39.988,DEEP/USDT:USDT,0.18975,3.0,0.18974,3.0,0.19003,3.0,0.19004,21.0
1753533040237,12:30:40.237,DEEP/USDT:USDT,0.18975,3.0,0.18972,59.0,0.19003,3.0,0.19004,21.0
1753533040999,12:30:40.999,DEEP/USDT:USDT,0.18975,3.0,0.18972,59.0,0.19003,1.0,0.19004,21.0
1753533041096,12:30:41.096,DEEP/USDT:USDT,0.18975,3.0,0.18972,59.0,0.19002,3.0,0.19004,21.0
1753533041298,12:30:41.298,DEEP/USDT:USDT,0.18975,3.0,0.18972,59.0,0.19002,3.0,0.19004,21.0
1753533041701,12:30:41.701,DEEP/USDT:USDT,0.18975,3.0,0.18972,59.0,0.19002,3.0,0.19004,21.0
1753533042608,12:30:42.608,DEEP/USDT:USDT,0.18975,3.0,0.18972,59.0,0.19002,3.0,0.19004,21.0
1753533042916,12:30:42.916,DEEP/USDT:USDT,0.18975,3.0,0.18972,59.0,0.19002,3.0,0.19004,21.0
1753533045780,12:30:45.780,DEEP/USDT:USDT,0.18975,3.0,0.18971,59.0,0.19002,3.0,0.19004,21.0
1753533045899,12:30:45.899,DEEP/USDT:USDT,0.18975,3.0,0.18971,59.0,0.19001,3.0,0.19004,21.0
1753533046150,12:30:46.150,DEEP/USDT:USDT,0.18975,3.0,0.18971,59.0,0.19001,3.0,0.19004,21.0
1753533046493,12:30:46.493,DEEP/USDT:USDT,0.18975,3.0,0.18971,59.0,0.19,3.0,0.19004,21.0
1753533046573,12:30:46.573,DEEP/USDT:USDT,0.18975,3.0,0.18971,59.0,0.19,3.0,0.19004,21.0
1753533047828,12:30:47.828,DEEP/USDT:USDT,0.18975,3.0,0.18971,59.0,0.19,3.0,0.19004,21.0
1753533048250,12:30:48.250,DEEP/USDT:USDT,0.18975,3.0,0.18971,59.0,0.19,3.0,0.19004,21.0
1753533049030,12:30:49.030,DEEP/USDT:USDT,0.18975,3.0,0.18972,59.0,0.19,3.0,0.19004,21.0
1753533049214,12:30:49.214,DEEP/USDT:USDT,0.18975,3.0,0.18972,59.0,0.19,3.0,0.19004,21.0
1753533049775,12:30:49.775,DEEP/USDT:USDT,0.18975,3.0,0.18972,59.0,0.19,3.0,0.19004,21.0
1753533049902,12:30:49.902,DEEP/USDT:USDT,0.18975,6.0,0.18972,59.0,0.19,3.0,0.19004,21.0
1753533049954,12:30:49.954,DEEP/USDT:USDT,0.18976,3.0,0.18975,6.0,0.19,3.0,0.19004,21.0
1753533050075,12:30:50.075,DEEP/USDT:USDT,0.18977,3.0,0.18976,3.0,0.19,3.0,0.19004,21.0
1753533050279,12:30:50.279,DEEP/USDT:USDT,0.18977,3.0,0.18975,3.0,0.19,3.0,0.19004,21.0
1753533050416,12:30:50.416,DEEP/USDT:USDT,0.18977,3.0,0.18972,59.0,0.19,3.0,0.19004,21.0
1753533050548,12:30:50.548,DEEP/USDT:USDT,0.18977,3.0,0.18971,21.0,0.19,3.0,0.19004,21.0
1753533050698,12:30:50.698,DEEP/USDT:USDT,0.18977,3.0,0.18971,21.0,0.19,3.0,0.19004,21.0
1753533051520,12:30:51.520,DEEP/USDT:USDT,0.18977,3.0,0.1897,27.0,0.19,3.0,0.19004,21.0
1753533051938,12:30:51.938,DEEP/USDT:USDT,0.18977,3.0,0.1897,27.0,0.19,3.0,0.19004,21.0
1753533052602,12:30:52.602,DEEP/USDT:USDT,0.18977,3.0,0.1897,27.0,0.19,3.0,0.19004,21.0
1753533052614,12:30:52.614,DEEP/USDT:USDT,0.18977,3.0,0.1897,27.0,0.19,3.0,0.19004,21.0
1753533052777,12:30:52.777,DEEP/USDT:USDT,0.18977,3.0,0.1897,27.0,0.19,3.0,0.19004,21.0
1753533053066,12:30:53.066,DEEP/USDT:USDT,0.18978,2.0,0.1897,27.0,0.19,3.0,0.19004,21.0
1753533053162,12:30:53.162,DEEP/USDT:USDT,0.18978,2.0,0.1897,27.0,0.19,3.0,0.19004,21.0
1753533053585,12:30:53.585,DEEP/USDT:USDT,0.18978,2.0,0.1897,27.0,0.19,3.0,0.19004,21.0
1753533056352,12:30:56.352,DEEP/USDT:USDT,0.18978,2.0,0.1897,27.0,0.19,3.0,0.19004,21.0
1753533056815,12:30:56.815,DEEP/USDT:USDT,0.18978,2.0,0.1897,27.0,0.19,3.0,0.19004,21.0
1753533057402,12:30:57.402,DEEP/USDT:USDT,0.18978,2.0,0.1897,27.0,0.18997,21.0,0.19,3.0
1753533057491,12:30:57.491,DEEP/USDT:USDT,0.18978,2.0,0.18969,3.0,0.18996,2.0,0.18997,22.0
1753533057518,12:30:57.518,DEEP/USDT:USDT,0.18969,3.0,0.18967,12.0,0.18996,2.0,0.18997,22.0
1753533057696,12:30:57.696,DEEP/USDT:USDT,0.1897,2.0,0.18969,6.0,0.18996,2.0,0.18997,22.0
1753533057869,12:30:57.869,DEEP/USDT:USDT,0.18971,2.0,0.1897,2.0,0.18996,2.0,0.18997,22.0
1753533057989,12:30:57.989,DEEP/USDT:USDT,0.18971,2.0,0.1897,2.0,0.18996,2.0,0.18997,22.0
1753533058067,12:30:58.067,DEEP/USDT:USDT,0.18964,2.0,0.18963,3.0,0.18996,2.0,0.18997,22.0
1753533058202,12:30:58.202,DEEP/USDT:USDT,0.18965,2.0,0.18963,3.0,0.1899,2.0,0.18991,21.0
1753533058291,12:30:58.291,DEEP/USDT:USDT,0.18965,2.0,0.18963,3.0,0.1899,2.0,0.18991,21.0
1753533058397,12:30:58.397,DEEP/USDT:USDT,0.18965,2.0,0.18963,3.0,0.1899,2.0,0.18991,21.0
1753533058494,12:30:58.494,DEEP/USDT:USDT,0.18959,6.0,0.18958,21.0,0.1899,2.0,0.18991,21.0
1753533058591,12:30:58.591,DEEP/USDT:USDT,0.1896,2.0,0.18959,3.0,0.1899,2.0,0.18991,21.0
1753533058678,12:30:58.678,DEEP/USDT:USDT,0.18961,2.0,0.1896,8.0,0.1899,2.0,0.18991,21.0
1753533058767,12:30:58.767,DEEP/USDT:USDT,0.18961,2.0,0.1896,5.0,0.1899,2.0,0.18991,21.0
1753533058887,12:30:58.887,DEEP/USDT:USDT,0.18961,2.0,0.1896,3.0,0.1899,2.0,0.18991,21.0
1753533059282,12:30:59.282,DEEP/USDT:USDT,0.18961,2.0,0.1896,3.0,0.1899,2.0,0.18991,21.0
1753533059671,12:30:59.671,DEEP/USDT:USDT,0.18961,2.0,0.18959,3.0,0.1899,2.0,0.18991,21.0
1753533059766,12:30:59.766,DEEP/USDT:USDT,0.18961,2.0,0.18959,3.0,0.18989,2.0,0.1899,1.0
1753533060093,12:31:00.093,DEEP/USDT:USDT,0.18962,2.0,0.1896,2.0,0.18983,2.0,0.18984,2.0
1753533060182,12:31:00.182,DEEP/USDT:USDT,0.1896,1.0,0.18957,2.0,0.18983,2.0,0.18984,2.0
1753533060228,12:31:00.228,DEEP/USDT:USDT,0.1896,1.0,0.18957,2.0,0.18983,2.0,0.18984,2.0
1753533060338,12:31:00.338,DEEP/USDT:USDT,0.18961,3.0,0.1896,1.0,0.18983,2.0,0.18984,1.0
1753533060537,12:31:00.537,DEEP/USDT:USDT,0.18961,3.0,0.1896,1.0,0.18983,2.0,0.18984,1.0
1753533060792,12:31:00.792,DEEP/USDT:USDT,0.18961,3.0,0.1896,1.0,0.18983,2.0,0.18984,1.0
1753533060995,12:31:00.995,DEEP/USDT:USDT,0.18954,2.0,0.18953,50.0,0.18983,2.0,0.18984,1.0
1753533061034,12:31:01.034,DEEP/USDT:USDT,0.18954,2.0,0.18953,50.0,0.18983,2.0,0.18984,1.0
1753533061111,12:31:01.111,DEEP/USDT:USDT,0.18954,2.0,0.18953,50.0,0.18983,2.0,0.18984,1.0
1753533061410,12:31:01.410,DEEP/USDT:USDT,0.18954,2.0,0.18953,50.0,0.18983,2.0,0.18984,1.0
1753533062397,12:31:02.397,DEEP/USDT:USDT,0.18954,2.0,0.18953,50.0,0.18977,3.0,0.18979,21.0
1753533062410,12:31:02.410,DEEP/USDT:USDT,0.18954,2.0,0.18953,50.0,0.18977,3.0,0.18979,21.0
1753533062593,12:31:02.593,DEEP/USDT:USDT,0.18954,2.0,0.18953,50.0,0.18977,3.0,0.18979,21.0
1753533062790,12:31:02.790,DEEP/USDT:USDT,0.18954,2.0,0.18953,50.0,0.18977,3.0,0.18979,21.0
1753533063225,12:31:03.225,DEEP/USDT:USDT,0.18954,2.0,0.18953,50.0,0.18977,3.0,0.18979,21.0
1753533063344,12:31:03.344,DEEP/USDT:USDT,0.18954,2.0,0.18953,50.0,0.18977,3.0,0.18979,21.0
1753533063475,12:31:03.475,DEEP/USDT:USDT,0.18954,2.0,0.18953,50.0,0.18977,3.0,0.18979,21.0
1753533063531,12:31:03.531,DEEP/USDT:USDT,0.18954,2.0,0.18953,50.0,0.18977,3.0,0.18979,21.0
1753533064216,12:31:04.216,DEEP/USDT:USDT,0.18954,2.0,0.18953,50.0,0.18977,3.0,0.18979,21.0
1753533064356,12:31:04.356,DEEP/USDT:USDT,0.18954,2.0,0.18953,50.0,0.18977,3.0,0.18979,21.0
1753533064618,12:31:04.618,DEEP/USDT:USDT,0.18954,2.0,0.18953,50.0,0.18977,3.0,0.18979,21.0
1753533065666,12:31:05.666,DEEP/USDT:USDT,0.18954,2.0,0.18953,50.0,0.18977,3.0,0.18979,21.0
1753533066014,12:31:06.014,DEEP/USDT:USDT,0.18954,2.0,0.18953,50.0,0.18977,3.0,0.18979,21.0
1753533067047,12:31:07.047,DEEP/USDT:USDT,0.18954,2.0,0.18953,50.0,0.18977,3.0,0.18979,21.0
1753533067314,12:31:07.314,DEEP/USDT:USDT,0.18954,2.0,0.18953,50.0,0.18977,3.0,0.18979,21.0
1753533067459,12:31:07.459,DEEP/USDT:USDT,0.18954,2.0,0.18953,50.0,0.18978,3.0,0.18979,22.0
1753533067801,12:31:07.801,DEEP/USDT:USDT,0.18954,2.0,0.18953,50.0,0.18978,3.0,0.18979,22.0
1753533067878,12:31:07.878,DEEP/USDT:USDT,0.18954,2.0,0.18953,50.0,0.18978,3.0,0.18979,22.0
1753533068694,12:31:08.694,DEEP/USDT:USDT,0.18954,2.0,0.18953,50.0,0.18978,3.0,0.18979,22.0
1753533068847,12:31:08.847,DEEP/USDT:USDT,0.18954,2.0,0.18953,50.0,0.18978,3.0,0.18979,21.0
1753533068978,12:31:08.978,DEEP/USDT:USDT,0.18954,2.0,0.18953,50.0,0.18978,3.0,0.18979,21.0
1753533069107,12:31:09.107,DEEP/USDT:USDT,0.18954,2.0,0.18953,50.0,0.18978,3.0,0.18979,21.0
1753533069939,12:31:09.939,DEEP/USDT:USDT,0.18954,2.0,0.18953,50.0,0.18978,3.0,0.18979,21.0
1753533071869,12:31:11.869,DEEP/USDT:USDT,0.18954,2.0,0.18953,50.0,0.18978,3.0,0.18979,21.0
1753533072088,12:31:12.088,DEEP/USDT:USDT,0.18954,2.0,0.18953,50.0,0.18978,3.0,0.18979,21.0
1753533072740,12:31:12.740,DEEP/USDT:USDT,0.18954,2.0,0.18953,50.0,0.18978,3.0,0.18979,21.0
1753533074260,12:31:14.260,DEEP/USDT:USDT,0.18954,2.0,0.18953,50.0,0.18978,3.0,0.18979,21.0
1753533076401,12:31:16.401,DEEP/USDT:USDT,0.18954,2.0,0.18953,50.0,0.18978,3.0,0.18979,21.0
1753533076683,12:31:16.683,DEEP/USDT:USDT,0.18954,2.0,0.18953,50.0,0.18978,3.0,0.18979,21.0
1753533077234,12:31:17.234,DEEP/USDT:USDT,0.18954,2.0,0.18953,50.0,0.18978,3.0,0.18979,21.0
1753533077331,12:31:17.331,DEEP/USDT:USDT,0.18954,2.0,0.18953,50.0,0.18983,2.0,0.18985,23.0
1753533077428,12:31:17.428,DEEP/USDT:USDT,0.18954,2.0,0.18953,50.0,0.18983,2.0,0.18985,23.0
1753533077578,12:31:17.578,DEEP/USDT:USDT,0.18954,2.0,0.18953,50.0,0.18983,2.0,0.18985,23.0
1753533077997,12:31:17.997,DEEP/USDT:USDT,0.18954,2.0,0.18953,50.0,0.18984,2.0,0.18985,21.0
1753533078013,12:31:18.013,DEEP/USDT:USDT,0.18954,2.0,0.18953,50.0,0.18984,2.0,0.18985,21.0
1753533078149,12:31:18.149,DEEP/USDT:USDT,0.18954,2.0,0.18953,50.0,0.18984,2.0,0.18985,21.0
1753533078440,12:31:18.440,DEEP/USDT:USDT,0.18954,2.0,0.18953,50.0,0.18984,2.0,0.18985,21.0
1753533078587,12:31:18.587,DEEP/USDT:USDT,0.18954,2.0,0.18953,50.0,0.18984,2.0,0.18985,21.0
1753533078853,12:31:18.853,DEEP/USDT:USDT,0.18954,2.0,0.18953,50.0,0.18984,2.0,0.18985,21.0
1753533079171,12:31:19.171,DEEP/USDT:USDT,0.18954,2.0,0.18953,50.0,0.18984,2.0,0.18985,21.0
1753533079668,12:31:19.668,DEEP/USDT:USDT,0.18954,2.0,0.18953,50.0,0.18984,2.0,0.18985,21.0
1753533080730,12:31:20.730,DEEP/USDT:USDT,0.18955,2.0,0.18954,3.0,0.18984,2.0,0.18985,21.0
1753533080890,12:31:20.890,DEEP/USDT:USDT,0.18955,2.0,0.18954,3.0,0.18984,2.0,0.18985,21.0
1753533081093,12:31:21.093,DEEP/USDT:USDT,0.18956,2.0,0.18955,3.0,0.18984,3.0,0.18985,21.0
1753533081168,12:31:21.168,DEEP/USDT:USDT,0.18956,2.0,0.18954,2.0,0.18978,2.0,0.18979,21.0
1753533081239,12:31:21.239,DEEP/USDT:USDT,0.18954,2.0,0.18953,50.0,0.18978,2.0,0.18979,21.0
1753533081309,12:31:21.309,DEEP/USDT:USDT,0.18954,2.0,0.18953,50.0,0.18978,2.0,0.18979,21.0
1753533081697,12:31:21.697,DEEP/USDT:USDT,0.18954,2.0,0.18953,50.0,0.18978,2.0,0.18979,21.0
1753533081729,12:31:21.729,DEEP/USDT:USDT,0.18954,2.0,0.18953,50.0,0.18978,2.0,0.18979,21.0
1753533081982,12:31:21.982,DEEP/USDT:USDT,0.18954,2.0,0.18953,50.0,0.18978,2.0,0.18979,21.0
1753533082149,12:31:22.149,DEEP/USDT:USDT,0.18954,2.0,0.18953,50.0,0.18978,2.0,0.18979,21.0
1753533082873,12:31:22.873,DEEP/USDT:USDT,0.18954,2.0,0.18953,50.0,0.18978,2.0,0.18979,21.0
1753533084774,12:31:24.774,DEEP/USDT:USDT,0.18954,2.0,0.18953,50.0,0.18978,2.0,0.18979,21.0
1753533089278,12:31:29.278,DEEP/USDT:USDT,0.18954,2.0,0.18953,50.0,0.18978,2.0,0.18979,21.0
1753533089989,12:31:29.989,DEEP/USDT:USDT,0.18954,2.0,0.18953,50.0,0.18978,2.0,0.18979,21.0
1753533090085,12:31:30.085,DEEP/USDT:USDT,0.18954,2.0,0.18953,51.0,0.18972,2.0,0.18973,22.0
1753533090188,12:31:30.188,DEEP/USDT:USDT,0.18954,2.0,0.18953,50.0,0.18972,2.0,0.18973,22.0
1753533090245,12:31:30.245,DEEP/USDT:USDT,0.18954,2.0,0.18953,50.0,0.18972,2.0,0.18973,22.0
1753533090640,12:31:30.640,DEEP/USDT:USDT,0.18954,2.0,0.18953,50.0,0.18972,2.0,0.18973,22.0
1753533091092,12:31:31.092,DEEP/USDT:USDT,0.18954,2.0,0.18953,50.0,0.18972,2.0,0.18973,22.0
1753533091581,12:31:31.581,DEEP/USDT:USDT,0.18954,2.0,0.18953,50.0,0.18972,2.0,0.18973,22.0
1753533093330,12:31:33.330,DEEP/USDT:USDT,0.18954,2.0,0.18953,50.0,0.18972,2.0,0.18973,22.0
1753533093447,12:31:33.447,DEEP/USDT:USDT,0.18954,2.0,0.18953,50.0,0.18972,2.0,0.18973,22.0
1753533094700,12:31:34.700,DEEP/USDT:USDT,0.18954,2.0,0.18953,50.0,0.18972,2.0,0.18973,22.0
1753533094803,12:31:34.803,DEEP/USDT:USDT,0.18955,2.0,0.18954,1.0,0.18972,2.0,0.18973,22.0
1753533094819,12:31:34.819,DEEP/USDT:USDT,0.18955,2.0,0.18954,1.0,0.18972,2.0,0.18973,22.0
1753533095087,12:31:35.087,DEEP/USDT:USDT,0.18955,2.0,0.18953,50.0,0.18972,2.0,0.18973,22.0
1753533095903,12:31:35.903,DEEP/USDT:USDT,0.18955,2.0,0.18953,50.0,0.18972,2.0,0.18973,22.0
1753533095904,12:31:35.904,DEEP/USDT:USDT,0.18955,2.0,0.18953,50.0,0.18972,2.0,0.18973,22.0
1753533096320,12:31:36.320,DEEP/USDT:USDT,0.18955,2.0,0.18953,50.0,0.18972,2.0,0.18973,22.0
1753533098248,12:31:38.248,DEEP/USDT:USDT,0.18956,2.0,0.18955,3.0,0.18972,2.0,0.18973,22.0
1753533098403,12:31:38.403,DEEP/USDT:USDT,0.18956,2.0,0.18955,1.0,0.18972,2.0,0.18973,22.0
1753533098602,12:31:38.602,DEEP/USDT:USDT,0.18956,2.0,0.18955,1.0,0.18972,2.0,0.18973,22.0
1753533098798,12:31:38.798,DEEP/USDT:USDT,0.18956,2.0,0.18955,1.0,0.18972,2.0,0.18973,22.0
1753533098884,12:31:38.884,DEEP/USDT:USDT,0.18956,2.0,0.18955,1.0,0.18972,2.0,0.18973,22.0
1753533098912,12:31:38.912,DEEP/USDT:USDT,0.18956,2.0,0.18955,1.0,0.18972,2.0,0.18973,22.0
1753533099062,12:31:39.062,DEEP/USDT:USDT,0.18956,2.0,0.18955,1.0,0.18972,2.0,0.18973,22.0
1753533100219,12:31:40.219,DEEP/USDT:USDT,0.18956,2.0,0.18955,1.0,0.18972,2.0,0.18973,22.0
1753533100374,12:31:40.374,DEEP/USDT:USDT,0.18956,2.0,0.18955,1.0,0.18972,2.0,0.18973,22.0
1753533100468,12:31:40.468,DEEP/USDT:USDT,0.18956,2.0,0.18955,1.0,0.18972,2.0,0.18973,22.0
1753533100589,12:31:40.589,DEEP/USDT:USDT,0.18956,2.0,0.18955,1.0,0.18972,2.0,0.18973,22.0
1753533100852,12:31:40.852,DEEP/USDT:USDT,0.18956,2.0,0.18955,1.0,0.18972,2.0,0.18973,22.0
1753533105699,12:31:45.699,DEEP/USDT:USDT,0.18956,2.0,0.18955,1.0,0.18972,2.0,0.18973,22.0
1753533105882,12:31:45.882,DEEP/USDT:USDT,0.18956,2.0,0.18955,1.0,0.18972,2.0,0.18973,22.0
1753533106107,12:31:46.107,DEEP/USDT:USDT,0.18956,2.0,0.18955,1.0,0.18972,2.0,0.18973,21.0
1753533106342,12:31:46.342,DEEP/USDT:USDT,0.18956,2.0,0.18955,1.0,0.18972,2.0,0.18973,21.0
1753533106431,12:31:46.431,DEEP/USDT:USDT,0.18956,2.0,0.18955,1.0,0.18972,2.0,0.18973,21.0
1753533108656,12:31:48.656,DEEP/USDT:USDT,0.18956,2.0,0.18955,1.0,0.18973,18.0,0.18978,2.0
1753533108915,12:31:48.915,DEEP/USDT:USDT,0.18956,2.0,0.18955,1.0,0.18973,18.0,0.18978,2.0
1753533109494,12:31:49.494,DEEP/USDT:USDT,0.18956,2.0,0.18955,1.0,0.18973,18.0,0.18978,2.0
1753533109755,12:31:49.755,DEEP/USDT:USDT,0.18956,2.0,0.18955,1.0,0.18973,18.0,0.18978,2.0
1753533110343,12:31:50.343,DEEP/USDT:USDT,0.18956,2.0,0.18955,1.0,0.18973,15.0,0.18978,2.0
1753533110414,12:31:50.414,DEEP/USDT:USDT,0.18956,2.0,0.18955,1.0,0.18978,2.0,0.18979,21.0
1753533110585,12:31:50.585,DEEP/USDT:USDT,0.18956,2.0,0.18955,1.0,0.18978,2.0,0.18979,21.0
1753533110625,12:31:50.625,DEEP/USDT:USDT,0.18956,2.0,0.18955,1.0,0.18978,2.0,0.18979,21.0
1753533110814,12:31:50.814,DEEP/USDT:USDT,0.18956,2.0,0.18955,1.0,0.18978,2.0,0.18979,21.0
1753533111002,12:31:51.002,DEEP/USDT:USDT,0.18956,2.0,0.18955,1.0,0.18978,2.0,0.18979,21.0
1753533111348,12:31:51.348,DEEP/USDT:USDT,0.18956,2.0,0.18955,1.0,0.18978,2.0,0.18979,21.0
1753533111452,12:31:51.452,DEEP/USDT:USDT,0.18956,2.0,0.18955,1.0,0.18978,2.0,0.18979,21.0
1753533111885,12:31:51.885,DEEP/USDT:USDT,0.18956,2.0,0.18955,1.0,0.18978,2.0,0.18979,21.0
1753533112069,12:31:52.069,DEEP/USDT:USDT,0.18956,2.0,0.18955,1.0,0.18983,2.0,0.18985,21.0
1753533112194,12:31:52.194,DEEP/USDT:USDT,0.18956,2.0,0.18955,1.0,0.18983,2.0,0.18985,21.0
1753533112303,12:31:52.303,DEEP/USDT:USDT,0.18956,2.0,0.18955,1.0,0.18983,2.0,0.18985,21.0
1753533112304,12:31:52.304,DEEP/USDT:USDT,0.18956,2.0,0.18955,1.0,0.18983,2.0,0.18985,21.0
1753533112718,12:31:52.718,DEEP/USDT:USDT,0.18956,2.0,0.18955,1.0,0.18983,2.0,0.18985,21.0
1753533115287,12:31:55.287,DEEP/USDT:USDT,0.18956,2.0,0.18955,1.0,0.18983,2.0,0.18985,21.0
1753533119356,12:31:59.356,DEEP/USDT:USDT,0.18956,2.0,0.18955,1.0,0.18983,2.0,0.18985,21.0
1753533120898,12:32:00.898,DEEP/USDT:USDT,0.18956,2.0,0.18955,1.0,0.18983,2.0,0.18985,21.0
1753533120971,12:32:00.971,DEEP/USDT:USDT,0.18956,2.0,0.18955,1.0,0.18985,21.0,0.18989,2.0
1753533121065,12:32:01.065,DEEP/USDT:USDT,0.18956,2.0,0.18955,1.0,0.18985,22.0,0.18989,2.0
1753533121176,12:32:01.176,DEEP/USDT:USDT,0.18956,2.0,0.18955,1.0,0.18985,22.0,0.18989,2.0
1753533121382,12:32:01.382,DEEP/USDT:USDT,0.18956,2.0,0.18955,1.0,0.18985,22.0,0.18989,2.0
1753533121594,12:32:01.594,DEEP/USDT:USDT,0.18956,2.0,0.18955,1.0,0.18985,22.0,0.18989,2.0
1753533122095,12:32:02.095,DEEP/USDT:USDT,0.18956,2.0,0.18955,1.0,0.18985,22.0,0.18989,2.0
1753533122110,12:32:02.110,DEEP/USDT:USDT,0.18956,2.0,0.18955,1.0,0.18985,21.0,0.18989,2.0
1753533122481,12:32:02.481,DEEP/USDT:USDT,0.18957,2.0,0.18956,3.0,0.18985,21.0,0.18989,2.0
1753533123890,12:32:03.890,DEEP/USDT:USDT,0.18957,2.0,0.18956,3.0,0.18985,21.0,0.18989,2.0
1753533125057,12:32:05.057,DEEP/USDT:USDT,0.18957,2.0,0.18956,3.0,0.18985,22.0,0.18989,2.0
1753533125193,12:32:05.193,DEEP/USDT:USDT,0.18957,2.0,0.18956,3.0,0.18989,2.0,0.18991,21.0
1753533125248,12:32:05.248,DEEP/USDT:USDT,0.18957,2.0,0.18956,3.0,0.18989,2.0,0.18991,21.0
1753533125369,12:32:05.369,DEEP/USDT:USDT,0.18957,2.0,0.18956,3.0,0.18989,2.0,0.18991,21.0
1753533125552,12:32:05.552,DEEP/USDT:USDT,0.18957,2.0,0.18955,1.0,0.18989,2.0,0.18991,21.0
1753533125665,12:32:05.665,DEEP/USDT:USDT,0.18957,2.0,0.18955,1.0,0.18989,2.0,0.18991,21.0
1753533126418,12:32:06.418,DEEP/USDT:USDT,0.18957,2.0,0.18955,1.0,0.18989,2.0,0.18991,21.0
1753533126893,12:32:06.893,DEEP/USDT:USDT,0.18959,2.0,0.18958,59.0,0.18989,2.0,0.18991,21.0
1753533127101,12:32:07.101,DEEP/USDT:USDT,0.18961,2.0,0.1896,3.0,0.18989,2.0,0.18991,21.0
1753533127124,12:32:07.124,DEEP/USDT:USDT,0.18961,2.0,0.1896,6.0,0.18989,2.0,0.18991,21.0
1753533127233,12:32:07.233,DEEP/USDT:USDT,0.18961,2.0,0.1896,6.0,0.18989,2.0,0.18991,21.0
1753533127362,12:32:07.362,DEEP/USDT:USDT,0.18961,2.0,0.1896,6.0,0.18989,2.0,0.18991,21.0
1753533127727,12:32:07.727,DEEP/USDT:USDT,0.18961,2.0,0.1896,6.0,0.18989,2.0,0.18991,21.0
1753533128147,12:32:08.147,DEEP/USDT:USDT,0.18961,2.0,0.1896,6.0,0.18989,2.0,0.18991,21.0
1753533128290,12:32:08.290,DEEP/USDT:USDT,0.18962,2.0,0.18961,3.0,0.18989,2.0,0.18991,21.0
1753533128309,12:32:08.309,DEEP/USDT:USDT,0.18962,2.0,0.18961,3.0,0.18989,2.0,0.18991,21.0
1753533128564,12:32:08.564,DEEP/USDT:USDT,0.18962,2.0,0.18961,3.0,0.18989,2.0,0.18991,21.0
1753533128855,12:32:08.855,DEEP/USDT:USDT,0.18962,2.0,0.18961,3.0,0.18989,2.0,0.18991,21.0
1753533128986,12:32:08.986,DEEP/USDT:USDT,0.18962,2.0,0.18961,3.0,0.18989,2.0,0.18991,21.0
1753533129888,12:32:09.888,DEEP/USDT:USDT,0.18962,2.0,0.18961,3.0,0.18989,2.0,0.18991,21.0
1753533129993,12:32:09.993,DEEP/USDT:USDT,0.18962,2.0,0.18961,3.0,0.18989,2.0,0.18991,21.0
1753533130210,12:32:10.210,DEEP/USDT:USDT,0.18962,2.0,0.18961,3.0,0.18989,2.0,0.18991,21.0
1753533130428,12:32:10.428,DEEP/USDT:USDT,0.18962,2.0,0.18961,3.0,0.18989,2.0,0.18991,21.0
1753533130634,12:32:10.634,DEEP/USDT:USDT,0.18963,2.0,0.18962,6.0,0.18989,2.0,0.18991,21.0
1753533130837,12:32:10.837,DEEP/USDT:USDT,0.18963,2.0,0.18962,6.0,0.18989,2.0,0.18991,21.0
1753533131030,12:32:11.030,DEEP/USDT:USDT,0.18963,2.0,0.18962,6.0,0.18989,2.0,0.18991,21.0
1753533131486,12:32:11.486,DEEP/USDT:USDT,0.18963,5.0,0.18962,6.0,0.18989,2.0,0.18991,21.0
1753533131530,12:32:11.530,DEEP/USDT:USDT,0.18964,2.0,0.18962,3.0,0.18989,2.0,0.18991,21.0
1753533131696,12:32:11.696,DEEP/USDT:USDT,0.18965,2.0,0.18964,3.0,0.18989,3.0,0.18991,21.0
1753533131867,12:32:11.867,DEEP/USDT:USDT,0.18966,2.0,0.18965,5.0,0.18989,3.0,0.18991,21.0
1753533132018,12:32:12.018,DEEP/USDT:USDT,0.18966,2.0,0.18965,3.0,0.18989,3.0,0.18991,21.0
1753533132668,12:32:12.668,DEEP/USDT:USDT,0.18966,2.0,0.18965,3.0,0.18989,3.0,0.18991,21.0
1753533133601,12:32:13.601,DEEP/USDT:USDT,0.18966,2.0,0.18965,3.0,0.18989,3.0,0.18991,21.0
1753533133651,12:32:13.651,DEEP/USDT:USDT,0.18966,2.0,0.18965,3.0,0.18989,3.0,0.18991,21.0
1753533134690,12:32:14.690,DEEP/USDT:USDT,0.18966,2.0,0.18958,59.0,0.18985,22.0,0.18989,2.0
1753533134764,12:32:14.764,DEEP/USDT:USDT,0.18966,2.0,0.18957,149.0,0.18985,22.0,0.18989,2.0
1753533135192,12:32:15.192,DEEP/USDT:USDT,0.18967,2.0,0.18966,1.0,0.18985,22.0,0.18989,2.0
1753533135215,12:32:15.215,DEEP/USDT:USDT,0.18967,2.0,0.18966,1.0,0.18985,23.0,0.18989,2.0
1753533135522,12:32:15.522,DEEP/USDT:USDT,0.18967,2.0,0.18966,1.0,0.18985,23.0,0.18989,2.0
1753533135938,12:32:15.938,DEEP/USDT:USDT,0.18967,2.0,0.18966,1.0,0.18985,23.0,0.18989,2.0
1753533136156,12:32:16.156,DEEP/USDT:USDT,0.18967,2.0,0.18966,1.0,0.18985,23.0,0.18989,2.0
1753533136353,12:32:16.353,DEEP/USDT:USDT,0.18967,2.0,0.18966,1.0,0.18985,23.0,0.18989,2.0
1753533138970,12:32:18.970,DEEP/USDT:USDT,0.18967,2.0,0.18966,1.0,0.18985,2.0,0.18989,2.0
1753533139176,12:32:19.176,DEEP/USDT:USDT,0.18967,2.0,0.18966,1.0,0.18985,2.0,0.18989,2.0
1753533139272,12:32:19.272,DEEP/USDT:USDT,0.18967,2.0,0.18966,1.0,0.18985,2.0,0.18989,2.0
1753533139424,12:32:19.424,DEEP/USDT:USDT,0.18967,2.0,0.18966,1.0,0.18985,4.0,0.18989,2.0
1753533141351,12:32:21.351,DEEP/USDT:USDT,0.18967,2.0,0.18966,1.0,0.18985,4.0,0.18989,2.0
1753533141602,12:32:21.602,DEEP/USDT:USDT,0.18967,2.0,0.18966,1.0,0.18985,4.0,0.18989,2.0
1753533143548,12:32:23.548,DEEP/USDT:USDT,0.18967,2.0,0.18966,1.0,0.18984,21.0,0.18985,4.0
1753533143639,12:32:23.639,DEEP/USDT:USDT,0.18967,2.0,0.18966,1.0,0.18984,22.0,0.18985,3.0
1753533143840,12:32:23.840,DEEP/USDT:USDT,0.18965,2.0,0.18957,149.0,0.18984,22.0,0.18985,3.0
1753533144041,12:32:24.041,DEEP/USDT:USDT,0.18965,2.0,0.18957,149.0,0.18984,22.0,0.18985,3.0
1753533144856,12:32:24.856,DEEP/USDT:USDT,0.18965,2.0,0.18957,149.0,0.18984,22.0,0.18985,3.0
1753533145268,12:32:25.268,DEEP/USDT:USDT,0.18965,2.0,0.18957,149.0,0.18984,22.0,0.18985,3.0
1753533145320,12:32:25.320,DEEP/USDT:USDT,0.18965,2.0,0.18957,149.0,0.18984,22.0,0.18985,3.0
1753533145682,12:32:25.682,DEEP/USDT:USDT,0.18965,2.0,0.18957,149.0,0.18984,22.0,0.18985,3.0
1753533146957,12:32:26.957,DEEP/USDT:USDT,0.18965,2.0,0.18957,149.0,0.18984,22.0,0.18985,3.0
1753533147703,12:32:27.703,DEEP/USDT:USDT,0.18965,2.0,0.18957,149.0,0.18984,22.0,0.18985,3.0
1753533147787,12:32:27.787,DEEP/USDT:USDT,0.18965,2.0,0.18957,149.0,0.18984,22.0,0.18985,3.0
1753533147926,12:32:27.926,DEEP/USDT:USDT,0.18965,2.0,0.18957,149.0,0.18984,22.0,0.18985,3.0
1753533148166,12:32:28.166,DEEP/USDT:USDT,0.18958,2.0,0.18957,147.0,0.18984,22.0,0.18985,3.0
1753533148300,12:32:28.300,DEEP/USDT:USDT,0.18958,2.0,0.18954,2.0,0.18977,21.0,0.18979,2.0
1753533148396,12:32:28.396,DEEP/USDT:USDT,0.18954,2.0,0.18953,50.0,0.18977,21.0,0.18979,2.0
1753533148603,12:32:28.603,DEEP/USDT:USDT,0.18954,2.0,0.18953,50.0,0.18977,22.0,0.18979,2.0
1753533148783,12:32:28.783,DEEP/USDT:USDT,0.18954,2.0,0.18953,50.0,0.18977,22.0,0.18979,2.0
1753533148956,12:32:28.956,DEEP/USDT:USDT,0.18954,2.0,0.18953,50.0,0.18977,22.0,0.18979,2.0
1753533149599,12:32:29.599,DEEP/USDT:USDT,0.18954,2.0,0.18953,50.0,0.18977,22.0,0.18979,2.0
1753533149788,12:32:29.788,DEEP/USDT:USDT,0.18954,2.0,0.18953,50.0,0.18977,22.0,0.18979,2.0
1753533149846,12:32:29.846,DEEP/USDT:USDT,0.18954,2.0,0.18953,50.0,0.18977,22.0,0.18979,2.0
1753533149934,12:32:29.934,DEEP/USDT:USDT,0.18954,2.0,0.18953,50.0,0.18977,22.0,0.18979,2.0
1753533150180,12:32:30.180,DEEP/USDT:USDT,0.18954,2.0,0.18953,50.0,0.18977,22.0,0.18979,2.0
1753533152107,12:32:32.107,DEEP/USDT:USDT,0.18954,2.0,0.18953,50.0,0.18977,22.0,0.18979,2.0
1753533152619,12:32:32.619,DEEP/USDT:USDT,0.18954,2.0,0.18953,50.0,0.18977,22.0,0.18979,2.0
1753533153033,12:32:33.033,DEEP/USDT:USDT,0.18954,2.0,0.18953,50.0,0.18977,22.0,0.18979,2.0
1753533153386,12:32:33.386,DEEP/USDT:USDT,0.18954,2.0,0.18953,50.0,0.18977,22.0,0.18979,2.0
1753533153436,12:32:33.436,DEEP/USDT:USDT,0.18954,2.0,0.18953,50.0,0.18977,22.0,0.18979,2.0
1753533153852,12:32:33.852,DEEP/USDT:USDT,0.18954,2.0,0.18953,50.0,0.18977,22.0,0.18979,2.0
1753533154094,12:32:34.094,DEEP/USDT:USDT,0.18954,2.0,0.18953,50.0,0.18977,22.0,0.18979,2.0
1753533154273,12:32:34.273,DEEP/USDT:USDT,0.18954,2.0,0.18953,50.0,0.18977,22.0,0.18979,2.0
1753533154703,12:32:34.703,DEEP/USDT:USDT,0.18954,2.0,0.18953,50.0,0.18977,22.0,0.18979,2.0
1753533154705,12:32:34.705,DEEP/USDT:USDT,0.18954,2.0,0.18953,50.0,0.18977,22.0,0.18979,2.0
1753533155168,12:32:35.168,DEEP/USDT:USDT,0.18954,2.0,0.18953,50.0,0.18977,22.0,0.18979,2.0
1753533155559,12:32:35.559,DEEP/USDT:USDT,0.18954,2.0,0.18953,50.0,0.18977,21.0,0.18979,2.0
1753533156400,12:32:36.400,DEEP/USDT:USDT,0.18954,2.0,0.18953,50.0,0.18977,21.0,0.18979,2.0
1753533156782,12:32:36.782,DEEP/USDT:USDT,0.18954,2.0,0.18953,50.0,0.18977,21.0,0.18979,2.0
1753533156966,12:32:36.966,DEEP/USDT:USDT,0.18954,2.0,0.18953,50.0,0.18977,22.0,0.18979,2.0
1753533157789,12:32:37.789,DEEP/USDT:USDT,0.18954,2.0,0.18953,50.0,0.18977,22.0,0.18979,2.0
1753533158388,12:32:38.388,DEEP/USDT:USDT,0.18954,2.0,0.18953,50.0,0.18977,22.0,0.18979,2.0
1753533158547,12:32:38.547,DEEP/USDT:USDT,0.18954,2.0,0.18953,50.0,0.18977,22.0,0.18979,2.0
1753533158611,12:32:38.611,DEEP/USDT:USDT,0.18954,2.0,0.18953,50.0,0.18977,22.0,0.18979,2.0
1753533159890,12:32:39.890,DEEP/USDT:USDT,0.18954,2.0,0.18953,50.0,0.18977,22.0,0.18979,2.0
1753533160326,12:32:40.326,DEEP/USDT:USDT,0.18954,2.0,0.18953,50.0,0.18977,22.0,0.18979,2.0
1753533160795,12:32:40.795,DEEP/USDT:USDT,0.18954,2.0,0.18953,50.0,0.18977,22.0,0.18979,2.0
1753533161729,12:32:41.729,DEEP/USDT:USDT,0.18954,2.0,0.18953,50.0,0.18977,22.0,0.18979,2.0
1753533162878,12:32:42.878,DEEP/USDT:USDT,0.18954,2.0,0.18953,50.0,0.18977,22.0,0.18983,2.0
1753533163638,12:32:43.638,DEEP/USDT:USDT,0.18954,2.0,0.18953,50.0,0.18977,22.0,0.18983,2.0
1753533164892,12:32:44.892,DEEP/USDT:USDT,0.18954,2.0,0.18953,50.0,0.18977,22.0,0.18983,2.0
1753533168637,12:32:48.637,DEEP/USDT:USDT,0.18954,2.0,0.18953,50.0,0.18976,3.0,0.18977,21.0
1753533168901,12:32:48.901,DEEP/USDT:USDT,0.18954,2.0,0.18953,50.0,0.18976,4.0,0.18977,21.0
1753533168912,12:32:48.912,DEEP/USDT:USDT,0.18954,2.0,0.18953,50.0,0.18975,3.0,0.18976,1.0
1753533169693,12:32:49.693,DEEP/USDT:USDT,0.18954,2.0,0.18953,50.0,0.18975,3.0,0.18976,1.0
1753533169945,12:32:49.945,DEEP/USDT:USDT,0.18954,2.0,0.18953,50.0,0.18975,3.0,0.18976,1.0
1753533171515,12:32:51.515,DEEP/USDT:USDT,0.18954,2.0,0.18953,50.0,0.18975,3.0,0.18976,1.0
1753533171715,12:32:51.715,DEEP/USDT:USDT,0.18954,2.0,0.18953,50.0,0.18975,3.0,0.18976,1.0
1753533172589,12:32:52.589,DEEP/USDT:USDT,0.18954,2.0,0.18953,50.0,0.18975,3.0,0.18976,1.0
1753533172652,12:32:52.652,DEEP/USDT:USDT,0.18954,2.0,0.18953,50.0,0.18975,3.0,0.18977,21.0
1753533172990,12:32:52.990,DEEP/USDT:USDT,0.18954,2.0,0.18953,50.0,0.18975,3.0,0.18977,21.0
1753533173304,12:32:53.304,DEEP/USDT:USDT,0.18954,2.0,0.18953,50.0,0.18971,22.0,0.18975,3.0
1753533173316,12:32:53.316,DEEP/USDT:USDT,0.18954,2.0,0.18953,50.0,0.18971,22.0,0.18975,3.0
1753533173413,12:32:53.413,DEEP/USDT:USDT,0.18954,2.0,0.18953,50.0,0.18971,22.0,0.18975,3.0
1753533173572,12:32:53.572,DEEP/USDT:USDT,0.18954,2.0,0.18953,50.0,0.18971,23.0,0.18975,3.0
1753533173681,12:32:53.681,DEEP/USDT:USDT,0.18954,2.0,0.18953,50.0,0.18971,23.0,0.18975,3.0
1753533173834,12:32:53.834,DEEP/USDT:USDT,0.18954,2.0,0.18953,50.0,0.18971,23.0,0.18975,3.0
1753533174659,12:32:54.659,DEEP/USDT:USDT,0.18954,2.0,0.18953,50.0,0.18971,23.0,0.18975,3.0
1753533175420,12:32:55.420,DEEP/USDT:USDT,0.18955,3.0,0.18954,1.0,0.18971,23.0,0.18975,3.0
1753533175504,12:32:55.504,DEEP/USDT:USDT,0.18955,3.0,0.18953,50.0,0.18971,23.0,0.18975,3.0
1753533175881,12:32:55.881,DEEP/USDT:USDT,0.18955,3.0,0.18953,50.0,0.18971,23.0,0.18975,3.0
1753533177092,12:32:57.092,DEEP/USDT:USDT,0.18955,3.0,0.18953,50.0,0.18971,23.0,0.18975,3.0
1753533178596,12:32:58.596,DEEP/USDT:USDT,0.18955,3.0,0.18953,50.0,0.18971,23.0,0.18975,3.0
1753533178620,12:32:58.620,DEEP/USDT:USDT,0.18955,3.0,0.18953,50.0,0.18971,23.0,0.18975,3.0
1753533178851,12:32:58.851,DEEP/USDT:USDT,0.18955,3.0,0.18953,50.0,0.18971,23.0,0.18975,3.0
1753533179004,12:32:59.004,DEEP/USDT:USDT,0.18953,50.0,0.18942,2.0,0.18971,23.0,0.18975,3.0
1753533179041,12:32:59.041,DEEP/USDT:USDT,0.18953,50.0,0.18942,2.0,0.18971,23.0,0.18975,3.0
1753533179121,12:32:59.121,DEEP/USDT:USDT,0.18953,50.0,0.18942,2.0,0.18971,23.0,0.18975,3.0
1753533179534,12:32:59.534,DEEP/USDT:USDT,0.18953,50.0,0.18942,2.0,0.18971,23.0,0.18975,3.0
1753533179935,12:32:59.935,DEEP/USDT:USDT,0.18953,50.0,0.18942,2.0,0.18971,23.0,0.18975,3.0
1753533180191,12:33:00.191,DEEP/USDT:USDT,0.18953,50.0,0.18942,2.0,0.18965,22.0,0.18966,1.0
1753533180231,12:33:00.231,DEEP/USDT:USDT,0.18953,50.0,0.18942,2.0,0.18965,22.0,0.18966,1.0
1753533180355,12:33:00.355,DEEP/USDT:USDT,0.18953,50.0,0.18942,2.0,0.18965,22.0,0.18966,1.0
1753533180692,12:33:00.692,DEEP/USDT:USDT,0.18953,50.0,0.18942,2.0,0.18965,23.0,0.18966,1.0
1753533180785,12:33:00.785,DEEP/USDT:USDT,0.18953,50.0,0.18942,2.0,0.18965,23.0,0.18966,1.0
1753533180891,12:33:00.891,DEEP/USDT:USDT,0.18953,50.0,0.18942,2.0,0.18965,23.0,0.18966,1.0
1753533180988,12:33:00.988,DEEP/USDT:USDT,0.18938,2.0,0.18936,12.0,0.18965,23.0,0.18966,1.0
1753533181098,12:33:01.098,DEEP/USDT:USDT,0.18938,2.0,0.18936,12.0,0.18965,23.0,0.18966,1.0
1753533181154,12:33:01.154,DEEP/USDT:USDT,0.18938,2.0,0.18936,12.0,0.18965,23.0,0.18966,1.0
1753533181292,12:33:01.292,DEEP/USDT:USDT,0.18938,2.0,0.18936,12.0,0.18965,23.0,0.18966,1.0
1753533181392,12:33:01.392,DEEP/USDT:USDT,0.18938,2.0,0.18936,12.0,0.18959,21.0,0.18961,3.0
1753533181409,12:33:01.409,DEEP/USDT:USDT,0.18938,2.0,0.18936,12.0,0.18959,21.0,0.18961,3.0
1753533181548,12:33:01.548,DEEP/USDT:USDT,0.18934,2.0,0.18933,9.0,0.18959,21.0,0.18961,3.0
1753533181638,12:33:01.638,DEEP/USDT:USDT,0.18934,2.0,0.18933,9.0,0.18959,22.0,0.18961,3.0
1753533182081,12:33:02.081,DEEP/USDT:USDT,0.18934,2.0,0.18933,9.0,0.18959,22.0,0.18961,3.0
1753533182333,12:33:02.333,DEEP/USDT:USDT,0.18934,2.0,0.18933,9.0,0.18959,22.0,0.18961,3.0
1753533182500,12:33:02.500,DEEP/USDT:USDT,0.18934,2.0,0.18933,9.0,0.18959,22.0,0.18961,3.0
1753533182764,12:33:02.764,DEEP/USDT:USDT,0.18934,2.0,0.18933,9.0,0.18959,22.0,0.18961,3.0
1753533182837,12:33:02.837,DEEP/USDT:USDT,0.18934,2.0,0.18933,9.0,0.18959,22.0,0.18961,3.0
1753533182914,12:33:02.914,DEEP/USDT:USDT,0.18934,2.0,0.18933,9.0,0.18959,22.0,0.18961,3.0
1753533184352,12:33:04.352,DEEP/USDT:USDT,0.18934,2.0,0.18933,9.0,0.18959,22.0,0.18961,3.0
1753533184471,12:33:04.471,DEEP/USDT:USDT,0.18934,2.0,0.18933,9.0,0.18959,22.0,0.18961,3.0
1753533184844,12:33:04.844,DEEP/USDT:USDT,0.18934,2.0,0.18933,9.0,0.18959,22.0,0.18961,3.0
1753533185437,12:33:05.437,DEEP/USDT:USDT,0.18934,2.0,0.18933,9.0,0.18959,22.0,0.18961,3.0
1753533185600,12:33:05.600,DEEP/USDT:USDT,0.18934,2.0,0.18932,12.0,0.18959,22.0,0.18961,3.0
1753533185624,12:33:05.624,DEEP/USDT:USDT,0.18934,2.0,0.18932,12.0,0.18959,22.0,0.18961,3.0
1753533185801,12:33:05.801,DEEP/USDT:USDT,0.18934,2.0,0.18932,3.0,0.18959,22.0,0.18961,3.0
1753533185889,12:33:05.889,DEEP/USDT:USDT,0.18923,3.0,0.18921,12.0,0.18952,21.0,0.18954,3.0
1753533185919,12:33:05.919,DEEP/USDT:USDT,0.18923,3.0,0.18922,59.0,0.18945,53.0,0.18947,3.0
1753533186169,12:33:06.169,DEEP/USDT:USDT,0.18924,3.0,0.18923,1.0,0.18945,53.0,0.18947,3.0
1753533186401,12:33:06.401,DEEP/USDT:USDT,0.18924,3.0,0.18923,4.0,0.18945,53.0,0.18947,3.0
1753533186503,12:33:06.503,DEEP/USDT:USDT,0.18924,3.0,0.18923,4.0,0.18945,53.0,0.18947,3.0
1753533186595,12:33:06.595,DEEP/USDT:USDT,0.18925,3.0,0.18924,1.0,0.18945,53.0,0.18947,3.0
1753533186686,12:33:06.686,DEEP/USDT:USDT,0.18926,3.0,0.18925,3.0,0.18945,53.0,0.18954,3.0
1753533186714,12:33:06.714,DEEP/USDT:USDT,0.18926,3.0,0.18925,3.0,0.18945,53.0,0.18954,3.0
1753533187020,12:33:07.020,DEEP/USDT:USDT,0.18926,3.0,0.18925,3.0,0.18945,53.0,0.18954,3.0
1753533187683,12:33:07.683,DEEP/USDT:USDT,0.18926,3.0,0.18925,3.0,0.18945,53.0,0.18954,3.0
1753533187848,12:33:07.848,DEEP/USDT:USDT,0.18926,3.0,0.18925,3.0,0.18945,53.0,0.18954,3.0
1753533187948,12:33:07.948,DEEP/USDT:USDT,0.18926,3.0,0.18925,3.0,0.18945,53.0,0.18954,3.0
1753533188193,12:33:08.193,DEEP/USDT:USDT,0.18926,3.0,0.18925,3.0,0.18945,53.0,0.18954,3.0
1753533188259,12:33:08.259,DEEP/USDT:USDT,0.18926,3.0,0.18925,3.0,0.18945,53.0,0.18954,3.0
1753533188670,12:33:08.670,DEEP/USDT:USDT,0.18926,3.0,0.18925,3.0,0.18954,3.0,0.18959,21.0
1753533188790,12:33:08.790,DEEP/USDT:USDT,0.18926,3.0,0.18925,3.0,0.18954,3.0,0.18959,21.0
1753533189071,12:33:09.071,DEEP/USDT:USDT,0.18927,3.0,0.18926,6.0,0.18954,4.0,0.18959,21.0
1753533189176,12:33:09.176,DEEP/USDT:USDT,0.18927,3.0,0.18926,3.0,0.18954,4.0,0.18959,21.0
1753533189900,12:33:09.900,DEEP/USDT:USDT,0.18927,3.0,0.18926,3.0,0.18954,4.0,0.18959,21.0
1753533190287,12:33:10.287,DEEP/USDT:USDT,0.18927,3.0,0.18926,3.0,0.18954,4.0,0.18959,21.0
1753533190321,12:33:10.321,DEEP/USDT:USDT,0.18927,3.0,0.18926,3.0,0.18954,4.0,0.18959,21.0
1753533190753,12:33:10.753,DEEP/USDT:USDT,0.18928,2.0,0.18927,3.0,0.18954,4.0,0.18959,21.0
1753533190954,12:33:10.954,DEEP/USDT:USDT,0.18928,2.0,0.18927,3.0,0.18954,4.0,0.18959,21.0
1753533191148,12:33:11.148,DEEP/USDT:USDT,0.18928,2.0,0.18927,3.0,0.18954,4.0,0.18959,21.0
1753533191561,12:33:11.561,DEEP/USDT:USDT,0.18928,2.0,0.18927,3.0,0.18954,4.0,0.18959,21.0
1753533192103,12:33:12.103,DEEP/USDT:USDT,0.18928,2.0,0.18927,3.0,0.18954,4.0,0.18959,21.0
1753533192147,12:33:12.147,DEEP/USDT:USDT,0.18929,2.0,0.18928,3.0,0.18954,4.0,0.18959,21.0
1753533192782,12:33:12.782,DEEP/USDT:USDT,0.18929,2.0,0.18928,3.0,0.18954,4.0,0.18959,21.0
1753533193083,12:33:13.083,DEEP/USDT:USDT,0.18929,2.0,0.18928,3.0,0.18954,4.0,0.18959,21.0
1753533193481,12:33:13.481,DEEP/USDT:USDT,0.18929,2.0,0.18928,3.0,0.18954,4.0,0.18959,21.0
1753533193701,12:33:13.701,DEEP/USDT:USDT,0.18929,2.0,0.18928,3.0,0.18954,3.0,0.18959,21.0
1753533193785,12:33:13.785,DEEP/USDT:USDT,0.18929,2.0,0.18928,3.0,0.18954,3.0,0.18959,21.0
1753533194875,12:33:14.875,DEEP/USDT:USDT,0.1893,2.0,0.18929,3.0,0.18954,3.0,0.18959,21.0
1753533195040,12:33:15.040,DEEP/USDT:USDT,0.1893,2.0,0.18929,6.0,0.18954,3.0,0.18959,21.0
1753533195248,12:33:15.248,DEEP/USDT:USDT,0.1893,2.0,0.18929,6.0,0.18954,3.0,0.18959,21.0
1753533196022,12:33:16.022,DEEP/USDT:USDT,0.1893,2.0,0.18929,6.0,0.18954,3.0,0.18959,21.0
1753533197020,12:33:17.020,DEEP/USDT:USDT,0.18931,2.0,0.1893,3.0,0.18954,3.0,0.18959,21.0
1753533197109,12:33:17.109,DEEP/USDT:USDT,0.18931,2.0,0.1893,3.0,0.18954,3.0,0.18959,21.0
1753533197244,12:33:17.244,DEEP/USDT:USDT,0.18931,2.0,0.1893,3.0,0.18954,3.0,0.18959,21.0
1753533197391,12:33:17.391,DEEP/USDT:USDT,0.18931,2.0,0.1893,3.0,0.18954,3.0,0.18959,21.0
1753533198086,12:33:18.086,DEEP/USDT:USDT,0.18931,2.0,0.1893,3.0,0.18954,3.0,0.18959,21.0
1753533198946,12:33:18.946,DEEP/USDT:USDT,0.18932,2.0,0.18931,3.0,0.18954,3.0,0.18959,21.0
1753533199295,12:33:19.295,DEEP/USDT:USDT,0.18933,2.0,0.18932,5.0,0.18954,3.0,0.18959,21.0
1753533199439,12:33:19.439,DEEP/USDT:USDT,0.18933,2.0,0.18932,3.0,0.18954,3.0,0.18959,21.0
1753533199568,12:33:19.568,DEEP/USDT:USDT,0.18933,2.0,0.18932,3.0,0.18954,3.0,0.18959,21.0
1753533199681,12:33:19.681,DEEP/USDT:USDT,0.18933,2.0,0.18932,3.0,0.18954,3.0,0.18959,21.0
1753533200098,12:33:20.098,DEEP/USDT:USDT,0.18933,2.0,0.18932,3.0,0.18954,3.0,0.18959,21.0
1753533200226,12:33:20.226,DEEP/USDT:USDT,0.18933,2.0,0.18932,3.0,0.18954,3.0,0.18959,21.0
1753533200495,12:33:20.495,DEEP/USDT:USDT,0.18934,2.0,0.18933,6.0,0.18954,3.0,0.18959,21.0
1753533200936,12:33:20.936,DEEP/USDT:USDT,0.18934,2.0,0.18933,6.0,0.18954,3.0,0.18959,21.0
1753533201747,12:33:21.747,DEEP/USDT:USDT,0.18934,2.0,0.18933,6.0,0.18954,3.0,0.18959,21.0
1753533202188,12:33:22.188,DEEP/USDT:USDT,0.18934,2.0,0.18933,6.0,0.18954,3.0,0.18959,21.0
1753533202390,12:33:22.390,DEEP/USDT:USDT,0.18934,5.0,0.18933,6.0,0.18954,3.0,0.18959,21.0
1753533202431,12:33:22.431,DEEP/USDT:USDT,0.18936,2.0,0.18935,1.0,0.18954,3.0,0.18959,21.0
1753533202559,12:33:22.559,DEEP/USDT:USDT,0.18936,2.0,0.18935,1.0,0.18954,3.0,0.18959,21.0
1753533202977,12:33:22.977,DEEP/USDT:USDT,0.18936,2.0,0.18935,1.0,0.18954,3.0,0.18959,21.0
1753533203892,12:33:23.892,DEEP/USDT:USDT,0.18936,2.0,0.18935,1.0,0.18954,3.0,0.18959,21.0
1753533204074,12:33:24.074,DEEP/USDT:USDT,0.18936,2.0,0.18935,1.0,0.18954,3.0,0.18959,21.0
1753533204900,12:33:24.900,DEEP/USDT:USDT,0.18936,2.0,0.18935,1.0,0.18954,4.0,0.18959,21.0
1753533205001,12:33:25.001,DEEP/USDT:USDT,0.18936,2.0,0.18935,1.0,0.18954,4.0,0.18959,21.0
1753533205046,12:33:25.046,DEEP/USDT:USDT,0.18936,2.0,0.18935,1.0,0.18954,4.0,0.18959,21.0
1753533205568,12:33:25.568,DEEP/USDT:USDT,0.18937,2.0,0.18936,3.0,0.18954,4.0,0.18959,21.0
1753533205819,12:33:25.819,DEEP/USDT:USDT,0.18937,2.0,0.18936,3.0,0.18954,4.0,0.18959,21.0
1753533206171,12:33:26.171,DEEP/USDT:USDT,0.18937,2.0,0.18936,3.0,0.18954,3.0,0.18959,21.0
1753533210096,12:33:30.096,DEEP/USDT:USDT,0.18937,2.0,0.18935,1.0,0.18954,3.0,0.18959,21.0
1753533210303,12:33:30.303,DEEP/USDT:USDT,0.18937,8.0,0.18935,1.0,0.18954,3.0,0.18959,21.0
1753533210328,12:33:30.328,DEEP/USDT:USDT,0.18938,2.0,0.18937,8.0,0.18954,5.0,0.18959,21.0
1753533210459,12:33:30.459,DEEP/USDT:USDT,0.18938,2.0,0.18937,6.0,0.18954,5.0,0.18959,21.0
1753533210661,12:33:30.661,DEEP/USDT:USDT,0.18938,2.0,0.18937,6.0,0.18954,5.0,0.18959,21.0
1753533210858,12:33:30.858,DEEP/USDT:USDT,0.18938,2.0,0.18937,6.0,0.18954,5.0,0.18959,21.0
1753533210922,12:33:30.922,DEEP/USDT:USDT,0.18938,2.0,0.18937,6.0,0.18954,5.0,0.18961,3.0
1753533211075,12:33:31.075,DEEP/USDT:USDT,0.18938,2.0,0.18937,6.0,0.18954,5.0,0.18961,3.0
1753533211197,12:33:31.197,DEEP/USDT:USDT,0.18938,2.0,0.18937,6.0,0.18961,3.0,0.18965,21.0
1753533211229,12:33:31.229,DEEP/USDT:USDT,0.18938,2.0,0.18937,6.0,0.18961,3.0,0.18965,21.0
1753533211494,12:33:31.494,DEEP/USDT:USDT,0.18939,2.0,0.18937,6.0,0.18961,4.0,0.18965,21.0
1753533211915,12:33:31.915,DEEP/USDT:USDT,0.18939,2.0,0.18937,6.0,0.18961,4.0,0.18965,21.0
1753533212378,12:33:32.378,DEEP/USDT:USDT,0.18939,2.0,0.18937,6.0,0.18961,4.0,0.18965,21.0
1753533212571,12:33:32.571,DEEP/USDT:USDT,0.1894,2.0,0.18937,6.0,0.18961,4.0,0.18965,21.0
1753533212739,12:33:32.739,DEEP/USDT:USDT,0.1894,2.0,0.18937,6.0,0.18961,4.0,0.18965,21.0
1753533213624,12:33:33.624,DEEP/USDT:USDT,0.1894,2.0,0.18929,2.0,0.18961,4.0,0.18965,21.0
1753533213728,12:33:33.728,DEEP/USDT:USDT,0.1893,2.0,0.18929,3.0,0.18961,4.0,0.18965,21.0
1753533213809,12:33:33.809,DEEP/USDT:USDT,0.1893,2.0,0.18929,3.0,0.18961,4.0,0.18965,21.0
1753533213961,12:33:33.961,DEEP/USDT:USDT,0.1893,2.0,0.18929,3.0,0.18961,4.0,0.18965,21.0
1753533214790,12:33:34.790,DEEP/USDT:USDT,0.1893,2.0,0.18929,3.0,0.18961,4.0,0.18965,21.0
1753533215183,12:33:35.183,DEEP/USDT:USDT,0.1893,2.0,0.18929,3.0,0.18961,4.0,0.18965,21.0
1753533215211,12:33:35.211,DEEP/USDT:USDT,0.1893,2.0,0.18929,3.0,0.18961,4.0,0.18965,21.0
1753533215683,12:33:35.683,DEEP/USDT:USDT,0.1893,2.0,0.18929,3.0,0.18961,4.0,0.18965,21.0
1753533215746,12:33:35.746,DEEP/USDT:USDT,0.18931,2.0,0.1893,5.0,0.18961,4.0,0.18965,21.0
1753533215899,12:33:35.899,DEEP/USDT:USDT,0.18931,2.0,0.1893,3.0,0.18961,4.0,0.18965,21.0
1753533216030,12:33:36.030,DEEP/USDT:USDT,0.18931,2.0,0.1893,3.0,0.18961,4.0,0.18965,21.0
1753533216363,12:33:36.363,DEEP/USDT:USDT,0.18932,2.0,0.18931,3.0,0.18961,4.0,0.18965,21.0
1753533216448,12:33:36.448,DEEP/USDT:USDT,0.18932,2.0,0.18931,6.0,0.18961,4.0,0.18965,21.0
1753533216874,12:33:36.874,DEEP/USDT:USDT,0.18932,2.0,0.18931,6.0,0.18961,4.0,0.18965,21.0
1753533217627,12:33:37.627,DEEP/USDT:USDT,0.18933,2.0,0.18932,3.0,0.18961,4.0,0.18965,21.0
1753533218102,12:33:38.102,DEEP/USDT:USDT,0.18933,2.0,0.18932,3.0,0.18961,4.0,0.18965,21.0
1753533218105,12:33:38.105,DEEP/USDT:USDT,0.18933,2.0,0.18932,3.0,0.18961,4.0,0.18965,21.0
1753533218274,12:33:38.274,DEEP/USDT:USDT,0.18933,2.0,0.18932,3.0,0.18961,4.0,0.18965,21.0
1753533218614,12:33:38.614,DEEP/USDT:USDT,0.18933,2.0,0.18932,3.0,0.18961,4.0,0.18965,21.0
1753533218959,12:33:38.959,DEEP/USDT:USDT,0.18933,2.0,0.18932,3.0,0.18961,4.0,0.18965,21.0
1753533219107,12:33:39.107,DEEP/USDT:USDT,0.18933,2.0,0.18932,3.0,0.18961,4.0,0.18965,21.0
1753533219393,12:33:39.393,DEEP/USDT:USDT,0.18933,2.0,0.18932,3.0,0.18961,4.0,0.18965,21.0
1753533219587,12:33:39.587,DEEP/USDT:USDT,0.18933,2.0,0.18932,3.0,0.18961,4.0,0.18965,21.0
1753533219645,12:33:39.645,DEEP/USDT:USDT,0.18933,2.0,0.18932,3.0,0.18961,4.0,0.18965,21.0
1753533219806,12:33:39.806,DEEP/USDT:USDT,0.18933,2.0,0.18932,3.0,0.18961,4.0,0.18965,21.0
1753533220891,12:33:40.891,DEEP/USDT:USDT,0.1893,2.0,0.18929,6.0,0.18961,4.0,0.18965,21.0
1753533221027,12:33:41.027,DEEP/USDT:USDT,0.1893,2.0,0.18929,6.0,0.18961,4.0,0.18965,21.0
1753533221845,12:33:41.845,DEEP/USDT:USDT,0.1893,2.0,0.18929,6.0,0.18961,4.0,0.18965,21.0
1753533222103,12:33:42.103,DEEP/USDT:USDT,0.1893,3.0,0.18929,6.0,0.18961,4.0,0.18965,21.0
1753533222127,12:33:42.127,DEEP/USDT:USDT,0.18931,2.0,0.1893,3.0,0.18961,4.0,0.18965,21.0
1753533222259,12:33:42.259,DEEP/USDT:USDT,0.18931,2.0,0.1893,3.0,0.18961,4.0,0.18965,21.0
1753533223075,12:33:43.075,DEEP/USDT:USDT,0.18931,2.0,0.1893,3.0,0.18961,4.0,0.18965,21.0
1753533223380,12:33:43.380,DEEP/USDT:USDT,0.18932,2.0,0.18931,11.0,0.18961,4.0,0.18965,21.0
1753533223489,12:33:43.489,DEEP/USDT:USDT,0.18932,2.0,0.18931,11.0,0.18961,4.0,0.18965,21.0
1753533223530,12:33:43.530,DEEP/USDT:USDT,0.18932,2.0,0.18931,9.0,0.18961,4.0,0.18965,21.0
1753533223905,12:33:43.905,DEEP/USDT:USDT,0.18932,2.0,0.18931,9.0,0.18961,4.0,0.18965,21.0
1753533224262,12:33:44.262,DEEP/USDT:USDT,0.18933,2.0,0.18932,6.0,0.18961,4.0,0.18965,21.0
1753533225130,12:33:45.130,DEEP/USDT:USDT,0.18933,2.0,0.18932,6.0,0.18961,4.0,0.18965,21.0
1753533225339,12:33:45.339,DEEP/USDT:USDT,0.18933,2.0,0.18932,6.0,0.18961,4.0,0.18965,21.0
1753533225537,12:33:45.537,DEEP/USDT:USDT,0.18933,2.0,0.18932,6.0,0.18961,4.0,0.18965,21.0
1753533226438,12:33:46.438,DEEP/USDT:USDT,0.18934,2.0,0.18933,9.0,0.18961,4.0,0.18965,21.0
1753533226762,12:33:46.762,DEEP/USDT:USDT,0.18934,2.0,0.18933,9.0,0.18961,4.0,0.18965,21.0
1753533227503,12:33:47.503,DEEP/USDT:USDT,0.18934,2.0,0.18933,9.0,0.18961,4.0,0.18965,21.0
1753533227600,12:33:47.600,DEEP/USDT:USDT,0.18936,2.0,0.18935,3.0,0.18961,4.0,0.18965,21.0
1753533227616,12:33:47.616,DEEP/USDT:USDT,0.18937,2.0,0.18936,3.0,0.18961,4.0,0.18965,21.0
1753533228019,12:33:48.019,DEEP/USDT:USDT,0.18937,2.0,0.18936,3.0,0.18961,4.0,0.18965,21.0
1753533229691,12:33:49.691,DEEP/USDT:USDT,0.18937,2.0,0.18936,3.0,0.18961,4.0,0.18965,21.0
1753533229752,12:33:49.752,DEEP/USDT:USDT,0.18938,2.0,0.18937,4.0,0.18961,4.0,0.18965,21.0
1753533230052,12:33:50.052,DEEP/USDT:USDT,0.18938,2.0,0.18937,4.0,0.18961,4.0,0.18965,21.0
1753533230802,12:33:50.802,DEEP/USDT:USDT,0.18938,2.0,0.18937,4.0,0.18961,4.0,0.18965,21.0
1753533230874,12:33:50.874,DEEP/USDT:USDT,0.18938,2.0,0.18937,4.0,0.18961,4.0,0.18965,21.0
1753533231131,12:33:51.131,DEEP/USDT:USDT,0.18938,2.0,0.18937,4.0,0.18961,4.0,0.18965,21.0
1753533232100,12:33:52.100,DEEP/USDT:USDT,0.18938,2.0,0.18937,4.0,0.18961,4.0,0.18965,21.0
1753533232174,12:33:52.174,DEEP/USDT:USDT,0.18939,2.0,0.18938,4.0,0.18961,3.0,0.18965,21.0
1753533232316,12:33:52.316,DEEP/USDT:USDT,0.18939,2.0,0.18938,4.0,0.18961,3.0,0.18965,21.0
1753533232528,12:33:52.528,DEEP/USDT:USDT,0.18939,2.0,0.18938,4.0,0.18961,3.0,0.18965,21.0
1753533232868,12:33:52.868,DEEP/USDT:USDT,0.1894,2.0,0.18939,6.0,0.18961,3.0,0.18965,21.0
1753533232944,12:33:52.944,DEEP/USDT:USDT,0.1894,2.0,0.18939,6.0,0.18961,3.0,0.18965,21.0
1753533233762,12:33:53.762,DEEP/USDT:USDT,0.1894,2.0,0.18939,6.0,0.18961,3.0,0.18965,21.0
1753533234178,12:33:54.178,DEEP/USDT:USDT,0.1894,2.0,0.18939,6.0,0.18961,3.0,0.18965,21.0
1753533234822,12:33:54.822,DEEP/USDT:USDT,0.18941,2.0,0.1894,7.0,0.18961,3.0,0.18965,21.0
1753533235000,12:33:55.000,DEEP/USDT:USDT,0.18941,2.0,0.1894,7.0,0.18961,4.0,0.18965,21.0
1753533235818,12:33:55.818,DEEP/USDT:USDT,0.18941,2.0,0.1894,7.0,0.18961,4.0,0.18965,21.0
1753533236427,12:33:56.427,DEEP/USDT:USDT,0.18941,2.0,0.1894,7.0,0.18961,4.0,0.18965,21.0
1753533236509,12:33:56.509,DEEP/USDT:USDT,0.18941,2.0,0.1894,7.0,0.18961,4.0,0.18965,21.0
1753533236786,12:33:56.786,DEEP/USDT:USDT,0.18939,2.0,0.18929,149.0,0.18959,21.0,0.18961,4.0
1753533236818,12:33:56.818,DEEP/USDT:USDT,0.18939,2.0,0.18929,149.0,0.18959,21.0,0.18961,4.0
1753533237037,12:33:57.037,DEEP/USDT:USDT,0.18939,2.0,0.18929,149.0,0.18959,21.0,0.18961,4.0
1753533237860,12:33:57.860,DEEP/USDT:USDT,0.18939,2.0,0.18929,149.0,0.18959,21.0,0.18961,4.0
1753533238593,12:33:58.593,DEEP/USDT:USDT,0.18939,2.0,0.18929,149.0,0.18959,21.0,0.18961,4.0
1753533240511,12:34:00.511,DEEP/USDT:USDT,0.18939,2.0,0.18929,149.0,0.18959,21.0,0.18961,3.0
1753533240967,12:34:00.967,DEEP/USDT:USDT,0.18939,2.0,0.18929,149.0,0.18957,3.0,0.18958,1.0
1753533241100,12:34:01.100,DEEP/USDT:USDT,0.18939,2.0,0.18929,149.0,0.18956,3.0,0.18957,1.0
1753533241109,12:34:01.109,DEEP/USDT:USDT,0.18939,2.0,0.18929,149.0,0.18956,3.0,0.18957,1.0
1753533241296,12:34:01.296,DEEP/USDT:USDT,0.1893,3.0,0.18929,147.0,0.18952,4.0,0.18953,21.0
1753533241309,12:34:01.309,DEEP/USDT:USDT,0.1893,3.0,0.18927,2.0,0.18951,3.0,0.18952,1.0
1753533241497,12:34:01.497,DEEP/USDT:USDT,0.18927,2.0,0.18923,12.0,0.18951,3.0,0.18952,1.0
1753533241914,12:34:01.914,DEEP/USDT:USDT,0.18927,2.0,0.18923,12.0,0.18951,3.0,0.18952,1.0
1753533242331,12:34:02.331,DEEP/USDT:USDT,0.18927,2.0,0.18923,12.0,0.18951,3.0,0.18952,1.0
1753533242897,12:34:02.897,DEEP/USDT:USDT,0.18927,2.0,0.18923,12.0,0.18951,3.0,0.18952,1.0
1753533243989,12:34:03.989,DEEP/USDT:USDT,0.18927,2.0,0.18923,12.0,0.18952,4.0,0.18953,21.0
1753533244009,12:34:04.009,DEEP/USDT:USDT,0.18927,2.0,0.18923,12.0,0.18952,4.0,0.18956,3.0
1753533244353,12:34:04.353,DEEP/USDT:USDT,0.18927,2.0,0.18923,12.0,0.18952,4.0,0.18956,3.0
1753533244547,12:34:04.547,DEEP/USDT:USDT,0.18927,2.0,0.18923,12.0,0.18951,3.0,0.18956,3.0
1753533244691,12:34:04.691,DEEP/USDT:USDT,0.18927,2.0,0.18923,12.0,0.18956,3.0,0.18959,21.0
1753533245172,12:34:05.172,DEEP/USDT:USDT,0.18927,2.0,0.18923,12.0,0.18956,3.0,0.18959,21.0
1753533245632,12:34:05.632,DEEP/USDT:USDT,0.18927,2.0,0.18923,12.0,0.18956,3.0,0.18959,21.0
1753533245767,12:34:05.767,DEEP/USDT:USDT,0.18925,3.0,0.18924,9.0,0.18956,3.0,0.18959,21.0
1753533245808,12:34:05.808,DEEP/USDT:USDT,0.18925,3.0,0.18924,9.0,0.18956,3.0,0.18959,21.0
1753533246000,12:34:06.000,DEEP/USDT:USDT,0.18925,3.0,0.18924,9.0,0.18956,3.0,0.18959,21.0
1753533246394,12:34:06.394,DEEP/USDT:USDT,0.18925,3.0,0.18924,9.0,0.18956,3.0,0.18959,21.0
1753533246587,12:34:06.587,DEEP/USDT:USDT,0.18925,3.0,0.18924,9.0,0.18956,3.0,0.18959,21.0
1753533246687,12:34:06.687,DEEP/USDT:USDT,0.18925,3.0,0.18924,9.0,0.18956,3.0,0.18959,21.0
1753533246728,12:34:06.728,DEEP/USDT:USDT,0.18925,3.0,0.18924,9.0,0.18956,3.0,0.18959,21.0
1753533246895,12:34:06.895,DEEP/USDT:USDT,0.18925,3.0,0.18924,9.0,0.18955,3.0,0.18956,1.0
1753533246977,12:34:06.977,DEEP/USDT:USDT,0.18926,3.0,0.18925,6.0,0.18955,3.0,0.18956,1.0
1753533248044,12:34:08.044,DEEP/USDT:USDT,0.18926,3.0,0.18925,6.0,0.18955,3.0,0.18956,1.0
1753533248225,12:34:08.225,DEEP/USDT:USDT,0.18926,3.0,0.18925,6.0,0.18955,3.0,0.18956,1.0
1753533248457,12:34:08.457,DEEP/USDT:USDT,0.18926,3.0,0.18925,6.0,0.18955,3.0,0.18956,1.0
1753533249366,12:34:09.366,DEEP/USDT:USDT,0.18926,3.0,0.18925,6.0,0.18955,3.0,0.18956,1.0
1753533249437,12:34:09.437,DEEP/USDT:USDT,0.18926,3.0,0.18925,6.0,0.18955,3.0,0.18956,1.0
1753533249598,12:34:09.598,DEEP/USDT:USDT,0.18926,3.0,0.18925,3.0,0.18947,3.0,0.18948,1.0
1753533249683,12:34:09.683,DEEP/USDT:USDT,0.18923,3.0,0.18921,3.0,0.18947,3.0,0.18948,1.0
1753533249803,12:34:09.803,DEEP/USDT:USDT,0.18924,3.0,0.18923,3.0,0.18947,3.0,0.18948,1.0
1753533249899,12:34:09.899,DEEP/USDT:USDT,0.18924,3.0,0.18923,9.0,0.18947,3.0,0.18948,1.0
1753533250104,12:34:10.104,DEEP/USDT:USDT,0.18924,3.0,0.18923,9.0,0.18947,3.0,0.18948,1.0
1753533250106,12:34:10.106,DEEP/USDT:USDT,0.18924,3.0,0.18923,9.0,0.18947,3.0,0.18948,1.0
1753533250215,12:34:10.215,DEEP/USDT:USDT,0.18924,3.0,0.18923,9.0,0.18947,3.0,0.18948,1.0
1753533250931,12:34:10.931,DEEP/USDT:USDT,0.18924,3.0,0.18923,9.0,0.18947,3.0,0.18948,1.0
1753533251161,12:34:11.161,DEEP/USDT:USDT,0.18924,3.0,0.18923,9.0,0.18947,3.0,0.18948,1.0
1753533251246,12:34:11.246,DEEP/USDT:USDT,0.18924,3.0,0.18923,6.0,0.18947,3.0,0.18948,1.0
1753533251349,12:34:11.349,DEEP/USDT:USDT,0.18924,3.0,0.18923,6.0,0.18947,3.0,0.18948,1.0
1753533251543,12:34:11.543,DEEP/USDT:USDT,0.18924,3.0,0.18923,6.0,0.18947,3.0,0.18948,1.0
1753533252099,12:34:12.099,DEEP/USDT:USDT,0.18924,3.0,0.18923,6.0,0.18947,3.0,0.18948,1.0
1753533252166,12:34:12.166,DEEP/USDT:USDT,0.18924,3.0,0.18923,6.0,0.18947,3.0,0.18948,1.0
1753533252891,12:34:12.891,DEEP/USDT:USDT,0.18924,3.0,0.18923,6.0,0.18947,3.0,0.18949,21.0
1753533252982,12:34:12.982,DEEP/USDT:USDT,0.18924,3.0,0.18923,6.0,0.18947,3.0,0.18949,21.0
1753533253095,12:34:13.095,DEEP/USDT:USDT,0.18924,3.0,0.18923,6.0,0.18947,3.0,0.18949,21.0
1753533253201,12:34:13.201,DEEP/USDT:USDT,0.18924,3.0,0.18923,6.0,0.18947,3.0,0.18949,21.0
1753533253271,12:34:13.271,DEEP/USDT:USDT,0.18924,3.0,0.18923,6.0,0.18947,3.0,0.18949,21.0
1753533253427,12:34:13.427,DEEP/USDT:USDT,0.18925,3.0,0.18924,6.0,0.18946,3.0,0.18947,1.0
1753533253580,12:34:13.580,DEEP/USDT:USDT,0.18925,3.0,0.18924,3.0,0.18946,3.0,0.18947,1.0
1753533253703,12:34:13.703,DEEP/USDT:USDT,0.18925,3.0,0.18924,3.0,0.18946,3.0,0.18947,1.0
1753533253797,12:34:13.797,DEEP/USDT:USDT,0.18925,3.0,0.18924,3.0,0.18946,3.0,0.18947,1.0
1753533254093,12:34:14.093,DEEP/USDT:USDT,0.18915,3.0,0.18913,30.0,0.18942,3.0,0.18943,22.0
1753533254198,12:34:14.198,DEEP/USDT:USDT,0.18913,3.0,0.18911,30.0,0.18942,3.0,0.18943,1.0
1753533254209,12:34:14.209,DEEP/USDT:USDT,0.18913,3.0,0.18911,30.0,0.18942,3.0,0.18943,1.0
1753533254398,12:34:14.398,DEEP/USDT:USDT,0.18913,3.0,0.18911,30.0,0.18942,3.0,0.18943,1.0
1753533254431,12:34:14.431,DEEP/USDT:USDT,0.18913,3.0,0.18911,30.0,0.18942,3.0,0.18943,1.0
1753533254609,12:34:14.609,DEEP/USDT:USDT,0.18913,3.0,0.18911,30.0,0.18942,3.0,0.18943,1.0
1753533254861,12:34:14.861,DEEP/USDT:USDT,0.18913,3.0,0.18911,30.0,0.18942,3.0,0.18943,1.0
1753533255027,12:34:15.027,DEEP/USDT:USDT,0.18913,3.0,0.18911,30.0,0.18942,3.0,0.18943,1.0
1753533255865,12:34:15.865,DEEP/USDT:USDT,0.18913,3.0,0.18911,30.0,0.18942,3.0,0.18943,1.0
1753533256323,12:34:16.323,DEEP/USDT:USDT,0.18913,3.0,0.18911,30.0,0.1894,3.0,0.18941,21.0
1753533256651,12:34:16.651,DEEP/USDT:USDT,0.18913,3.0,0.18911,30.0,0.1894,3.0,0.18941,21.0
1753533257096,12:34:17.096,DEEP/USDT:USDT,0.18913,3.0,0.18911,30.0,0.1894,3.0,0.18941,21.0
1753533257111,12:34:17.111,DEEP/USDT:USDT,0.18913,3.0,0.18911,30.0,0.1894,3.0,0.18941,21.0
1753533257499,12:34:17.499,DEEP/USDT:USDT,0.18913,3.0,0.18911,30.0,0.1894,3.0,0.18941,21.0
1753533257662,12:34:17.662,DEEP/USDT:USDT,0.18913,3.0,0.18911,30.0,0.1894,3.0,0.18941,21.0
1753533257832,12:34:17.832,DEEP/USDT:USDT,0.18913,3.0,0.18911,30.0,0.1894,3.0,0.18941,21.0
1753533258021,12:34:18.021,DEEP/USDT:USDT,0.18913,3.0,0.18911,30.0,0.1894,3.0,0.18941,21.0
1753533258386,12:34:18.386,DEEP/USDT:USDT,0.18913,3.0,0.18911,30.0,0.18941,21.0,0.18942,3.0
1753533258489,12:34:18.489,DEEP/USDT:USDT,0.18913,3.0,0.18911,30.0,0.18941,21.0,0.18943,1.0
1753533258726,12:34:18.726,DEEP/USDT:USDT,0.18913,3.0,0.18911,30.0,0.18941,21.0,0.18943,1.0
1753533259147,12:34:19.147,DEEP/USDT:USDT,0.18913,3.0,0.18911,30.0,0.18941,21.0,0.18943,1.0
1753533259236,12:34:19.236,DEEP/USDT:USDT,0.18913,3.0,0.18911,30.0,0.18943,1.0,0.18946,3.0
1753533259567,12:34:19.567,DEEP/USDT:USDT,0.18913,3.0,0.18911,30.0,0.18943,1.0,0.18946,3.0
1753533259981,12:34:19.981,DEEP/USDT:USDT,0.18913,3.0,0.18911,30.0,0.18943,1.0,0.18946,3.0
1753533260029,12:34:20.029,DEEP/USDT:USDT,0.18914,3.0,0.18913,1.0,0.18942,21.0,0.18943,1.0
1753533260109,12:34:20.109,DEEP/USDT:USDT,0.18914,3.0,0.18913,1.0,0.18941,3.0,0.18942,21.0
1753533260394,12:34:20.394,DEEP/USDT:USDT,0.18914,3.0,0.18913,1.0,0.18941,3.0,0.18942,21.0
1753533260584,12:34:20.584,DEEP/USDT:USDT,0.18914,3.0,0.18913,1.0,0.18941,3.0,0.18942,21.0
1753533260608,12:34:20.608,DEEP/USDT:USDT,0.18914,3.0,0.18913,1.0,0.18941,3.0,0.18942,21.0
1753533260814,12:34:20.814,DEEP/USDT:USDT,0.18914,3.0,0.18913,1.0,0.18941,3.0,0.18942,21.0
1753533261603,12:34:21.603,DEEP/USDT:USDT,0.18914,3.0,0.18913,1.0,0.18941,3.0,0.18942,21.0
1753533261908,12:34:21.908,DEEP/USDT:USDT,0.18914,3.0,0.18913,1.0,0.18941,3.0,0.18942,21.0
1753533262329,12:34:22.329,DEEP/USDT:USDT,0.18914,3.0,0.18913,1.0,0.18941,3.0,0.18942,21.0
1753533262453,12:34:22.453,DEEP/USDT:USDT,0.18914,3.0,0.18913,1.0,0.18941,3.0,0.18942,21.0
1753533263193,12:34:23.193,DEEP/USDT:USDT,0.18916,3.0,0.18915,21.0,0.18952,3.0,0.18955,3.0
1753533263288,12:34:23.288,DEEP/USDT:USDT,0.18923,3.0,0.18922,2.0,0.18961,3.0,0.18965,21.0
1753533263400,12:34:23.400,DEEP/USDT:USDT,0.18927,3.0,0.18926,1.0,0.1897,21.0,0.18971,3.0
1753533263498,12:34:23.498,DEEP/USDT:USDT,0.18927,3.0,0.18925,3.0,0.18963,3.0,0.18964,21.0
1753533263539,12:34:23.539,DEEP/USDT:USDT,0.18925,3.0,0.18924,1.0,0.18963,3.0,0.18964,21.0
1753533263677,12:34:23.677,DEEP/USDT:USDT,0.18925,3.0,0.18924,1.0,0.18963,3.0,0.18964,21.0
1753533263803,12:34:23.803,DEEP/USDT:USDT,0.18925,3.0,0.18924,1.0,0.18963,3.0,0.18964,21.0
1753533263838,12:34:23.838,DEEP/USDT:USDT,0.18925,3.0,0.18924,1.0,0.18963,3.0,0.18964,21.0
1753533264097,12:34:24.097,DEEP/USDT:USDT,0.18925,3.0,0.18924,1.0,0.18963,3.0,0.18964,21.0
1753533264106,12:34:24.106,DEEP/USDT:USDT,0.18925,3.0,0.18924,1.0,0.18963,3.0,0.18964,21.0
1753533264512,12:34:24.512,DEEP/USDT:USDT,0.18925,3.0,0.18924,1.0,0.18963,3.0,0.18964,21.0
1753533264836,12:34:24.836,DEEP/USDT:USDT,0.18925,3.0,0.18924,1.0,0.18963,3.0,0.18964,21.0
1753533264923,12:34:24.923,DEEP/USDT:USDT,0.18925,3.0,0.18924,1.0,0.18963,3.0,0.18964,21.0
1753533265174,12:34:25.174,DEEP/USDT:USDT,0.18928,3.0,0.18927,21.0,0.18963,3.0,0.18964,21.0
1753533265341,12:34:25.341,DEEP/USDT:USDT,0.18928,3.0,0.18927,21.0,0.18963,3.0,0.18964,21.0
1753533266158,12:34:26.158,DEEP/USDT:USDT,0.18928,3.0,0.18927,21.0,0.18963,3.0,0.18964,21.0
1753533266966,12:34:26.966,DEEP/USDT:USDT,0.18928,3.0,0.18927,21.0,0.18963,3.0,0.18964,21.0
1753533267931,12:34:27.931,DEEP/USDT:USDT,0.18929,3.0,0.18928,4.0,0.18963,3.0,0.18964,21.0
1753533268080,12:34:28.080,DEEP/USDT:USDT,0.18929,3.0,0.18928,1.0,0.18963,3.0,0.18964,21.0
1753533268196,12:34:28.196,DEEP/USDT:USDT,0.18929,3.0,0.18928,1.0,0.18963,3.0,0.18964,21.0
1753533268780,12:34:28.780,DEEP/USDT:USDT,0.18929,3.0,0.18928,1.0,0.18963,3.0,0.18964,21.0
1753533268826,12:34:28.826,DEEP/USDT:USDT,0.18929,3.0,0.18928,1.0,0.18963,3.0,0.18964,21.0
1753533269014,12:34:29.014,DEEP/USDT:USDT,0.18929,3.0,0.18928,1.0,0.18963,3.0,0.18964,21.0
1753533269439,12:34:29.439,DEEP/USDT:USDT,0.18929,3.0,0.18928,1.0,0.18963,3.0,0.18964,21.0
1753533272096,12:34:32.096,DEEP/USDT:USDT,0.1893,3.0,0.18929,1.0,0.18963,3.0,0.18964,21.0
1753533272266,12:34:32.266,DEEP/USDT:USDT,0.1893,3.0,0.18929,1.0,0.18963,3.0,0.18964,21.0
1753533272401,12:34:32.401,DEEP/USDT:USDT,0.1893,3.0,0.18929,1.0,0.18963,3.0,0.18964,21.0
1753533272603,12:34:32.603,DEEP/USDT:USDT,0.1893,3.0,0.18929,1.0,0.18963,3.0,0.18964,21.0
1753533272687,12:34:32.687,DEEP/USDT:USDT,0.1893,3.0,0.18929,1.0,0.18963,3.0,0.18964,21.0
1753533273119,12:34:33.119,DEEP/USDT:USDT,0.1893,3.0,0.18929,1.0,0.18963,3.0,0.18964,21.0
1753533273549,12:34:33.549,DEEP/USDT:USDT,0.1893,3.0,0.18929,1.0,0.18963,3.0,0.18964,21.0
1753533273786,12:34:33.786,DEEP/USDT:USDT,0.1893,3.0,0.18929,1.0,0.18963,3.0,0.18964,21.0
1753533274000,12:34:34.000,DEEP/USDT:USDT,0.1893,3.0,0.18929,1.0,0.18963,3.0,0.18964,21.0
1753533275021,12:34:35.021,DEEP/USDT:USDT,0.1893,3.0,0.18929,1.0,0.18963,3.0,0.18964,21.0
1753533275468,12:34:35.468,DEEP/USDT:USDT,0.1893,3.0,0.18929,1.0,0.18963,3.0,0.18964,21.0
1753533276716,12:34:36.716,DEEP/USDT:USDT,0.1893,3.0,0.18929,1.0,0.18963,3.0,0.18964,21.0
1753533276898,12:34:36.898,DEEP/USDT:USDT,0.1893,3.0,0.18927,21.0,0.18963,3.0,0.18964,21.0
1753533277056,12:34:37.056,DEEP/USDT:USDT,0.18926,3.0,0.18925,4.0,0.18963,3.0,0.18964,21.0
1753533277201,12:34:37.201,DEEP/USDT:USDT,0.18926,3.0,0.18925,1.0,0.18963,3.0,0.18964,21.0
1753533277515,12:34:37.515,DEEP/USDT:USDT,0.18926,3.0,0.18925,1.0,0.18963,3.0,0.18964,21.0
1753533278046,12:34:38.046,DEEP/USDT:USDT,0.18926,3.0,0.18925,1.0,0.18963,3.0,0.18964,21.0
1753533280364,12:34:40.364,DEEP/USDT:USDT,0.18928,3.0,0.18927,21.0,0.18963,3.0,0.18964,21.0
1753533280484,12:34:40.484,DEEP/USDT:USDT,0.18928,3.0,0.18927,21.0,0.18963,3.0,0.18964,21.0
1753533280755,12:34:40.755,DEEP/USDT:USDT,0.18928,3.0,0.18927,21.0,0.18963,3.0,0.18964,21.0
1753533280903,12:34:40.903,DEEP/USDT:USDT,0.18928,3.0,0.18927,21.0,0.18963,3.0,0.18964,21.0
1753533280905,12:34:40.905,DEEP/USDT:USDT,0.18928,3.0,0.18927,21.0,0.18963,3.0,0.18964,21.0
1753533281694,12:34:41.694,DEEP/USDT:USDT,0.18935,3.0,0.18934,21.0,0.18967,3.0,0.18969,3.0
1753533281788,12:34:41.788,DEEP/USDT:USDT,0.18937,3.0,0.18936,4.0,0.18975,3.0,0.18977,23.0
1753533281874,12:34:41.874,DEEP/USDT:USDT,0.18937,3.0,0.18936,1.0,0.18975,3.0,0.18977,23.0
1753533281927,12:34:41.927,DEEP/USDT:USDT,0.18937,3.0,0.18936,1.0,0.18975,3.0,0.18977,23.0
1753533282063,12:34:42.063,DEEP/USDT:USDT,0.18937,3.0,0.18936,1.0,0.18975,3.0,0.18977,23.0
1753533282184,12:34:42.184,DEEP/USDT:USDT,0.18937,3.0,0.18936,1.0,0.18975,3.0,0.18977,23.0
1753533282378,12:34:42.378,DEEP/USDT:USDT,0.18938,3.0,0.18937,6.0,0.18975,3.0,0.18977,23.0
1753533282590,12:34:42.590,DEEP/USDT:USDT,0.18941,3.0,0.1894,21.0,0.18975,3.0,0.18977,23.0
1753533283006,12:34:43.006,DEEP/USDT:USDT,0.18941,3.0,0.1894,21.0,0.18975,3.0,0.18977,23.0
1753533283342,12:34:43.342,DEEP/USDT:USDT,0.18942,3.0,0.1894,21.0,0.18975,3.0,0.18977,23.0
1753533283424,12:34:43.424,DEEP/USDT:USDT,0.18942,3.0,0.1894,21.0,0.18975,3.0,0.18977,23.0
1753533283841,12:34:43.841,DEEP/USDT:USDT,0.18942,3.0,0.1894,21.0,0.18975,3.0,0.18977,23.0
1753533283997,12:34:43.997,DEEP/USDT:USDT,0.18942,3.0,0.1894,21.0,0.18975,3.0,0.18977,23.0
1753533284976,12:34:44.976,DEEP/USDT:USDT,0.18943,3.0,0.18942,1.0,0.18975,3.0,0.18977,23.0
1753533285062,12:34:45.062,DEEP/USDT:USDT,0.18943,3.0,0.18942,1.0,0.18975,3.0,0.18977,23.0
1753533285893,12:34:45.893,DEEP/USDT:USDT,0.18943,3.0,0.18942,1.0,0.18975,3.0,0.18977,23.0
1753533286159,12:34:46.159,DEEP/USDT:USDT,0.18943,3.0,0.18942,1.0,0.18975,3.0,0.18977,23.0
1753533286300,12:34:46.300,DEEP/USDT:USDT,0.18943,3.0,0.18942,1.0,0.18977,3.0,0.18982,14.0
1753533287121,12:34:47.121,DEEP/USDT:USDT,0.18943,3.0,0.18942,1.0,0.18977,3.0,0.18982,14.0
1753533287362,12:34:47.362,DEEP/USDT:USDT,0.18943,3.0,0.18942,1.0,0.18975,3.0,0.18976,21.0
1753533287543,12:34:47.543,DEEP/USDT:USDT,0.18943,3.0,0.18942,1.0,0.18975,3.0,0.18976,21.0
1753533287887,12:34:47.887,DEEP/USDT:USDT,0.18943,3.0,0.18942,1.0,0.18975,3.0,0.18976,21.0
1753533287961,12:34:47.961,DEEP/USDT:USDT,0.18943,3.0,0.18942,1.0,0.18975,3.0,0.18976,21.0
1753533288480,12:34:48.480,DEEP/USDT:USDT,0.18943,3.0,0.18942,1.0,0.18975,3.0,0.18976,21.0
1753533288989,12:34:48.989,DEEP/USDT:USDT,0.18947,3.0,0.18946,21.0,0.18977,3.0,0.18982,14.0
1753533289099,12:34:49.099,DEEP/USDT:USDT,0.18947,3.0,0.18946,21.0,0.18977,3.0,0.18982,14.0
1753533289181,12:34:49.181,DEEP/USDT:USDT,0.18947,3.0,0.18946,21.0,0.18977,3.0,0.18982,14.0
1753533289338,12:34:49.338,DEEP/USDT:USDT,0.18948,3.0,0.18947,4.0,0.18977,3.0,0.18982,14.0
1753533289484,12:34:49.484,DEEP/USDT:USDT,0.18948,3.0,0.18947,4.0,0.18977,3.0,0.18982,14.0
1753533289601,12:34:49.601,DEEP/USDT:USDT,0.18948,3.0,0.18947,4.0,0.18977,3.0,0.18982,14.0
1753533289695,12:34:49.695,DEEP/USDT:USDT,0.18948,3.0,0.18947,4.0,0.18977,3.0,0.18982,14.0
1753533290013,12:34:50.013,DEEP/USDT:USDT,0.18948,3.0,0.18947,4.0,0.18977,3.0,0.18982,14.0
1753533290475,12:34:50.475,DEEP/USDT:USDT,0.18948,3.0,0.18947,4.0,0.18977,3.0,0.18982,14.0
1753533291454,12:34:51.454,DEEP/USDT:USDT,0.18949,2.0,0.18948,3.0,0.18977,3.0,0.18982,14.0
1753533291631,12:34:51.631,DEEP/USDT:USDT,0.18949,2.0,0.18948,3.0,0.18977,3.0,0.18982,14.0
1753533292048,12:34:52.048,DEEP/USDT:USDT,0.18949,2.0,0.18948,3.0,0.18977,3.0,0.18982,14.0
1753533293085,12:34:53.085,DEEP/USDT:USDT,0.18949,5.0,0.18948,3.0,0.18977,3.0,0.18982,14.0
1753533293113,12:34:53.113,DEEP/USDT:USDT,0.1895,2.0,0.18949,3.0,0.18977,3.0,0.18982,14.0
1753533293268,12:34:53.268,DEEP/USDT:USDT,0.1895,2.0,0.18949,3.0,0.18977,3.0,0.18982,14.0
1753533294087,12:34:54.087,DEEP/USDT:USDT,0.1895,2.0,0.18949,3.0,0.18977,3.0,0.18982,14.0
1753533294249,12:34:54.249,DEEP/USDT:USDT,0.18951,2.0,0.1895,1.0,0.18977,3.0,0.18982,14.0
1753533294503,12:34:54.503,DEEP/USDT:USDT,0.18951,2.0,0.1895,1.0,0.18977,3.0,0.18982,14.0
1753533294508,12:34:54.508,DEEP/USDT:USDT,0.18951,2.0,0.1895,1.0,0.18977,3.0,0.18982,14.0
1753533294850,12:34:54.850,DEEP/USDT:USDT,0.18951,2.0,0.1895,1.0,0.18983,2.0,0.18984,21.0
1753533294935,12:34:54.935,DEEP/USDT:USDT,0.18951,2.0,0.1895,1.0,0.18983,2.0,0.18984,21.0
1753533296160,12:34:56.160,DEEP/USDT:USDT,0.18951,2.0,0.1895,1.0,0.18983,2.0,0.18984,21.0
1753533296462,12:34:56.462,DEEP/USDT:USDT,0.18951,2.0,0.1895,1.0,0.18983,2.0,0.18984,21.0
1753533296577,12:34:56.577,DEEP/USDT:USDT,0.18951,2.0,0.1895,1.0,0.18983,2.0,0.18984,21.0
1753533296994,12:34:56.994,DEEP/USDT:USDT,0.18952,2.0,0.18951,3.0,0.18983,2.0,0.18984,21.0
1753533297080,12:34:57.080,DEEP/USDT:USDT,0.18952,2.0,0.1895,1.0,0.18983,2.0,0.18984,21.0
1753533297890,12:34:57.890,DEEP/USDT:USDT,0.18953,2.0,0.18952,2.0,0.18976,2.0,0.18977,21.0
1753533298000,12:34:58.000,DEEP/USDT:USDT,0.18953,2.0,0.18952,2.0,0.18983,2.0,0.18984,21.0
1753533298009,12:34:58.009,DEEP/USDT:USDT,0.18953,2.0,0.18952,2.0,0.18983,2.0,0.18984,21.0
1753533298349,12:34:58.349,DEEP/USDT:USDT,0.18953,2.0,0.18952,2.0,0.18983,2.0,0.18984,21.0
1753533299168,12:34:59.168,DEEP/USDT:USDT,0.18953,2.0,0.18952,2.0,0.18983,2.0,0.18984,21.0
1753533300133,12:35:00.133,DEEP/USDT:USDT,0.18953,2.0,0.18952,2.0,0.18983,2.0,0.18984,21.0
1753533300390,12:35:00.390,DEEP/USDT:USDT,0.18953,2.0,0.18952,2.0,0.18977,2.0,0.18978,21.0
1753533300520,12:35:00.520,DEEP/USDT:USDT,0.18953,2.0,0.18952,2.0,0.18977,2.0,0.18978,21.0
1753533300812,12:35:00.812,DEEP/USDT:USDT,0.18953,2.0,0.18952,2.0,0.18977,2.0,0.18978,21.0
1753533301102,12:35:01.102,DEEP/USDT:USDT,0.18953,2.0,0.18952,1.0,0.18977,2.0,0.18978,21.0
1753533301230,12:35:01.230,DEEP/USDT:USDT,0.18953,2.0,0.18952,1.0,0.18977,2.0,0.18978,21.0
1753533301430,12:35:01.430,DEEP/USDT:USDT,0.18953,2.0,0.18952,1.0,0.18977,2.0,0.18978,21.0
1753533301649,12:35:01.649,DEEP/USDT:USDT,0.18953,2.0,0.18952,1.0,0.18977,2.0,0.18978,21.0
1753533302668,12:35:02.668,DEEP/USDT:USDT,0.18954,2.0,0.18953,3.0,0.18983,2.0,0.18984,21.0
1753533302876,12:35:02.876,DEEP/USDT:USDT,0.18954,2.0,0.18953,1.0,0.18983,2.0,0.18984,21.0
1753533303198,12:35:03.198,DEEP/USDT:USDT,0.18954,2.0,0.18953,1.0,0.18983,2.0,0.18984,21.0
1753533307872,12:35:07.872,DEEP/USDT:USDT,0.18943,3.0,0.18941,147.0,0.18976,2.0,0.18977,21.0
1753533307909,12:35:07.909,DEEP/USDT:USDT,0.18943,3.0,0.1894,21.0,0.18976,2.0,0.18977,21.0
1753533308124,12:35:08.124,DEEP/USDT:USDT,0.18943,3.0,0.1894,21.0,0.18976,2.0,0.18977,21.0
1753533308767,12:35:08.767,DEEP/USDT:USDT,0.18939,2.0,0.18934,21.0,0.18976,2.0,0.18977,21.0
1753533308970,12:35:08.970,DEEP/USDT:USDT,0.18939,2.0,0.18934,21.0,0.1897,2.0,0.18971,21.0
1753533309099,12:35:09.099,DEEP/USDT:USDT,0.1894,2.0,0.18939,3.0,0.18969,2.0,0.1897,2.0
1753533309178,12:35:09.178,DEEP/USDT:USDT,0.1894,2.0,0.18939,3.0,0.18969,2.0,0.18971,21.0
1753533309363,12:35:09.363,DEEP/USDT:USDT,0.1894,2.0,0.18939,3.0,0.18969,2.0,0.18971,21.0
1753533309590,12:35:09.590,DEEP/USDT:USDT,0.18941,2.0,0.1894,6.0,0.18969,2.0,0.18971,21.0
1753533309649,12:35:09.649,DEEP/USDT:USDT,0.18941,2.0,0.1894,6.0,0.18969,2.0,0.18971,21.0
1753533309779,12:35:09.779,DEEP/USDT:USDT,0.18941,2.0,0.1894,6.0,0.18969,2.0,0.18971,21.0
1753533310198,12:35:10.198,DEEP/USDT:USDT,0.18941,2.0,0.1894,6.0,0.18969,2.0,0.18971,21.0
1753533310618,12:35:10.618,DEEP/USDT:USDT,0.18941,2.0,0.1894,6.0,0.18969,2.0,0.18971,21.0
1753533311004,12:35:11.004,DEEP/USDT:USDT,0.18941,2.0,0.1894,6.0,0.18969,2.0,0.18971,21.0
1753533312102,12:35:12.102,DEEP/USDT:USDT,0.18941,2.0,0.1894,6.0,0.18969,2.0,0.18971,21.0
1753533312701,12:35:12.701,DEEP/USDT:USDT,0.18941,5.0,0.18934,21.0,0.18969,2.0,0.18971,21.0
1753533312712,12:35:12.712,DEEP/USDT:USDT,0.18942,2.0,0.18941,5.0,0.18969,2.0,0.18971,21.0
1753533312860,12:35:12.860,DEEP/USDT:USDT,0.18942,2.0,0.18941,3.0,0.18969,2.0,0.18971,21.0
1753533313046,12:35:13.046,DEEP/USDT:USDT,0.18942,2.0,0.18941,3.0,0.18969,2.0,0.18971,21.0
1753533313178,12:35:13.178,DEEP/USDT:USDT,0.18942,2.0,0.18941,3.0,0.18968,2.0,0.18969,1.0
1753533313259,12:35:13.259,DEEP/USDT:USDT,0.18942,2.0,0.18941,3.0,0.18968,2.0,0.18971,21.0
1753533314048,12:35:14.048,DEEP/USDT:USDT,0.18942,2.0,0.18941,3.0,0.18968,2.0,0.18971,21.0
1753533314202,12:35:14.202,DEEP/USDT:USDT,0.18942,2.0,0.18941,3.0,0.18968,2.0,0.18971,21.0
1753533314288,12:35:14.288,DEEP/USDT:USDT,0.18942,2.0,0.18941,3.0,0.18968,2.0,0.18971,21.0
1753533314342,12:35:14.342,DEEP/USDT:USDT,0.18942,2.0,0.18941,3.0,0.18968,2.0,0.18971,21.0
1753533314494,12:35:14.494,DEEP/USDT:USDT,0.18942,2.0,0.18941,3.0,0.18968,2.0,0.18971,21.0
1753533315115,12:35:15.115,DEEP/USDT:USDT,0.18942,2.0,0.18941,3.0,0.18968,2.0,0.18971,21.0
1753533315391,12:35:15.391,DEEP/USDT:USDT,0.18943,2.0,0.18942,4.0,0.18968,2.0,0.18971,21.0
1753533315480,12:35:15.480,DEEP/USDT:USDT,0.18943,2.0,0.18942,1.0,0.18968,2.0,0.18971,21.0
1753533315614,12:35:15.614,DEEP/USDT:USDT,0.18943,2.0,0.18942,1.0,0.18968,2.0,0.18971,21.0
1753533316190,12:35:16.190,DEEP/USDT:USDT,0.18943,2.0,0.18942,1.0,0.18968,2.0,0.18971,21.0
1753533316294,12:35:16.294,DEEP/USDT:USDT,0.18943,2.0,0.18942,1.0,0.18968,2.0,0.18971,21.0
1753533317940,12:35:17.940,DEEP/USDT:USDT,0.18943,2.0,0.18942,1.0,0.18968,2.0,0.18971,21.0
1753533318348,12:35:18.348,DEEP/USDT:USDT,0.18943,2.0,0.18942,1.0,0.18968,2.0,0.18971,21.0
1753533320507,12:35:20.507,DEEP/USDT:USDT,0.18943,2.0,0.18942,1.0,0.18968,2.0,0.18971,21.0
1753533320908,12:35:20.908,DEEP/USDT:USDT,0.18943,2.0,0.18942,1.0,0.18968,2.0,0.18971,21.0
1753533321949,12:35:21.949,DEEP/USDT:USDT,0.18943,2.0,0.18942,1.0,0.18968,2.0,0.18971,21.0
1753533322144,12:35:22.144,DEEP/USDT:USDT,0.18943,2.0,0.18934,168.0,0.18968,2.0,0.18971,21.0
1753533322273,12:35:22.273,DEEP/USDT:USDT,0.18943,2.0,0.18934,168.0,0.18968,2.0,0.18971,21.0
1753533322367,12:35:22.367,DEEP/USDT:USDT,0.18943,2.0,0.18934,168.0,0.18968,2.0,0.18971,21.0
1753533323200,12:35:23.200,DEEP/USDT:USDT,0.18943,2.0,0.18934,168.0,0.18968,2.0,0.18971,21.0
1753533323369,12:35:23.369,DEEP/USDT:USDT,0.18943,2.0,0.18935,59.0,0.18968,2.0,0.18971,21.0
1753533323631,12:35:23.631,DEEP/USDT:USDT,0.18943,2.0,0.18935,59.0,0.18968,2.0,0.18971,21.0
1753533326972,12:35:26.972,DEEP/USDT:USDT,0.18943,2.0,0.18935,59.0,0.18968,2.0,0.18971,21.0
1753533327264,12:35:27.264,DEEP/USDT:USDT,0.18943,2.0,0.18935,59.0,0.18968,2.0,0.18971,21.0
1753533327505,12:35:27.505,DEEP/USDT:USDT,0.18943,2.0,0.18935,59.0,0.18968,2.0,0.18971,21.0
1753533328847,12:35:28.847,DEEP/USDT:USDT,0.18943,2.0,0.18935,59.0,0.18976,2.0,0.18977,21.0
1753533328928,12:35:28.928,DEEP/USDT:USDT,0.18943,2.0,0.18936,59.0,0.18975,3.0,0.18976,1.0
1753533329288,12:35:29.288,DEEP/USDT:USDT,0.18943,2.0,0.18936,59.0,0.18975,3.0,0.18976,1.0
1753533330117,12:35:30.117,DEEP/USDT:USDT,0.18943,2.0,0.18936,59.0,0.18975,3.0,0.18976,1.0
1753533330376,12:35:30.376,DEEP/USDT:USDT,0.18943,2.0,0.18936,59.0,0.1897,3.0,0.18971,21.0
1753533330427,12:35:30.427,DEEP/USDT:USDT,0.18943,2.0,0.18937,59.0,0.18969,3.0,0.1897,4.0
1753533330580,12:35:30.580,DEEP/USDT:USDT,0.18943,2.0,0.18937,59.0,0.18969,3.0,0.1897,1.0
1753533330943,12:35:30.943,DEEP/USDT:USDT,0.18943,2.0,0.18937,59.0,0.18969,3.0,0.1897,1.0
1753533334172,12:35:34.172,DEEP/USDT:USDT,0.18943,2.0,0.18937,59.0,0.18968,3.0,0.18971,21.0
1753533334577,12:35:34.577,DEEP/USDT:USDT,0.18943,2.0,0.18937,59.0,0.18968,3.0,0.18971,21.0
1753533335389,12:35:35.389,DEEP/USDT:USDT,0.18943,2.0,0.18938,59.0,0.18968,3.0,0.18971,21.0
1753533335793,12:35:35.793,DEEP/USDT:USDT,0.18943,2.0,0.18938,59.0,0.18968,3.0,0.18971,21.0
1753533336102,12:35:36.102,DEEP/USDT:USDT,0.18943,2.0,0.18938,59.0,0.18968,3.0,0.18971,21.0
1753533337182,12:35:37.182,DEEP/USDT:USDT,0.18944,3.0,0.18943,1.0,0.18975,3.0,0.18977,21.0
1753533337209,12:35:37.209,DEEP/USDT:USDT,0.18944,3.0,0.18943,1.0,0.18975,3.0,0.18977,21.0
1753533337431,12:35:37.431,DEEP/USDT:USDT,0.18944,3.0,0.18943,1.0,0.18975,3.0,0.18977,21.0
1753533338284,12:35:38.284,DEEP/USDT:USDT,0.18944,3.0,0.18943,1.0,0.18975,3.0,0.18977,21.0
1753533338458,12:35:38.458,DEEP/USDT:USDT,0.18945,3.0,0.18944,3.0,0.18975,3.0,0.18977,21.0
1753533338687,12:35:38.687,DEEP/USDT:USDT,0.18946,3.0,0.18945,6.0,0.18975,3.0,0.18977,21.0
1753533338714,12:35:38.714,DEEP/USDT:USDT,0.18946,3.0,0.18945,6.0,0.18975,3.0,0.18977,21.0
1753533339003,12:35:39.003,DEEP/USDT:USDT,0.18946,6.0,0.18945,6.0,0.18975,3.0,0.18977,21.0
1753533339011,12:35:39.011,DEEP/USDT:USDT,0.18947,3.0,0.18946,3.0,0.18975,3.0,0.18977,21.0
1753533339133,12:35:39.133,DEEP/USDT:USDT,0.18947,3.0,0.18946,3.0,0.18975,3.0,0.18977,21.0
1753533339954,12:35:39.954,DEEP/USDT:USDT,0.18947,3.0,0.18946,3.0,0.18975,3.0,0.18977,21.0
1753533340437,12:35:40.437,DEEP/USDT:USDT,0.18947,3.0,0.18946,3.0,0.18977,21.0,0.18983,2.0
1753533340515,12:35:40.515,DEEP/USDT:USDT,0.18947,3.0,0.18946,3.0,0.18977,21.0,0.18983,2.0
1753533340831,12:35:40.831,DEEP/USDT:USDT,0.18947,3.0,0.18946,3.0,0.18977,21.0,0.18983,2.0
1753533340991,12:35:40.991,DEEP/USDT:USDT,0.18948,2.0,0.18946,3.0,0.18977,21.0,0.18983,2.0
1753533341252,12:35:41.252,DEEP/USDT:USDT,0.18948,2.0,0.18945,6.0,0.18977,22.0,0.18983,2.0
1753533341478,12:35:41.478,DEEP/USDT:USDT,0.18948,2.0,0.18945,6.0,0.18977,22.0,0.18983,2.0
1753533341540,12:35:41.540,DEEP/USDT:USDT,0.18949,2.0,0.18948,3.0,0.18977,22.0,0.18983,2.0
1753533341661,12:35:41.661,DEEP/USDT:USDT,0.18949,2.0,0.18948,3.0,0.18977,22.0,0.18983,2.0
1753533342102,12:35:42.102,DEEP/USDT:USDT,0.18949,2.0,0.18948,3.0,0.18977,22.0,0.18983,2.0
1753533343292,12:35:43.292,DEEP/USDT:USDT,0.18949,2.0,0.18948,3.0,0.18977,22.0,0.18983,2.0
1753533343478,12:35:43.478,DEEP/USDT:USDT,0.1895,2.0,0.18949,9.0,0.18977,21.0,0.18983,2.0
1753533343703,12:35:43.703,DEEP/USDT:USDT,0.1895,2.0,0.18949,9.0,0.18977,21.0,0.18983,2.0
1753533343708,12:35:43.708,DEEP/USDT:USDT,0.1895,2.0,0.18949,9.0,0.18977,22.0,0.18983,2.0
1753533344121,12:35:44.121,DEEP/USDT:USDT,0.1895,2.0,0.18949,9.0,0.18977,22.0,0.18983,2.0
1753533344648,12:35:44.648,DEEP/USDT:USDT,0.1895,2.0,0.18949,9.0,0.18977,22.0,0.18983,2.0
1753533344935,12:35:44.935,DEEP/USDT:USDT,0.1895,2.0,0.18949,9.0,0.18977,22.0,0.18983,2.0
1753533345349,12:35:45.349,DEEP/USDT:USDT,0.1895,2.0,0.18949,9.0,0.18977,22.0,0.18983,2.0
1753533346974,12:35:46.974,DEEP/USDT:USDT,0.1895,2.0,0.18949,9.0,0.18977,22.0,0.18983,2.0
1753533347369,12:35:47.369,DEEP/USDT:USDT,0.1895,2.0,0.18949,9.0,0.18977,22.0,0.18983,2.0
1753533347673,12:35:47.673,DEEP/USDT:USDT,0.18951,2.0,0.1895,3.0,0.18977,22.0,0.18983,2.0
1753533347783,12:35:47.783,DEEP/USDT:USDT,0.18951,2.0,0.1895,3.0,0.18977,22.0,0.18983,2.0
1753533347999,12:35:47.999,DEEP/USDT:USDT,0.18951,2.0,0.1895,3.0,0.18977,22.0,0.18983,2.0
1753533348083,12:35:48.083,DEEP/USDT:USDT,0.18952,2.0,0.18951,6.0,0.18977,22.0,0.18983,2.0
1753533348196,12:35:48.196,DEEP/USDT:USDT,0.18952,2.0,0.18937,9.0,0.18977,22.0,0.18983,2.0
1753533348326,12:35:48.326,DEEP/USDT:USDT,0.18952,2.0,0.18937,9.0,0.18977,22.0,0.18983,2.0
1753533348551,12:35:48.551,DEEP/USDT:USDT,0.18952,2.0,0.18937,9.0,0.18977,22.0,0.18983,2.0
1753533349014,12:35:49.014,DEEP/USDT:USDT,0.18952,2.0,0.18937,9.0,0.18977,22.0,0.18983,2.0
1753533349430,12:35:49.430,DEEP/USDT:USDT,0.18952,2.0,0.18937,9.0,0.18977,22.0,0.18983,2.0
1753533349581,12:35:49.581,DEEP/USDT:USDT,0.18952,2.0,0.18937,9.0,0.18971,23.0,0.18973,2.0
1753533349847,12:35:49.847,DEEP/USDT:USDT,0.18952,2.0,0.18937,9.0,0.18971,23.0,0.18973,2.0
1753533350265,12:35:50.265,DEEP/USDT:USDT,0.18952,2.0,0.18937,9.0,0.18971,23.0,0.18973,2.0
1753533350691,12:35:50.691,DEEP/USDT:USDT,0.18952,2.0,0.18937,9.0,0.18971,23.0,0.18973,2.0
1753533353525,12:35:53.525,DEEP/USDT:USDT,0.18952,2.0,0.18937,9.0,0.18971,23.0,0.18973,2.0
1753533358558,12:35:58.558,DEEP/USDT:USDT,0.18952,2.0,0.18939,147.0,0.18971,23.0,0.18973,2.0
1753533358740,12:35:58.740,DEEP/USDT:USDT,0.18952,2.0,0.18939,147.0,0.18971,23.0,0.18973,2.0
1753533359155,12:35:59.155,DEEP/USDT:USDT,0.18952,2.0,0.18939,147.0,0.18971,23.0,0.18973,2.0
1753533359522,12:35:59.522,DEEP/USDT:USDT,0.18953,3.0,0.18952,3.0,0.18971,22.0,0.18973,2.0
1753533359673,12:35:59.673,DEEP/USDT:USDT,0.18953,3.0,0.18952,1.0,0.18971,22.0,0.18973,2.0
1753533361156,12:36:01.156,DEEP/USDT:USDT,0.18953,3.0,0.18952,1.0,0.18971,23.0,0.18973,2.0
1753533361502,12:36:01.502,DEEP/USDT:USDT,0.18953,3.0,0.18952,1.0,0.18973,2.0,0.18977,21.0
1753533361601,12:36:01.601,DEEP/USDT:USDT,0.18963,3.0,0.18962,21.0,0.18996,2.0,0.18998,3.0
1753533361684,12:36:01.684,DEEP/USDT:USDT,0.18963,3.0,0.18962,21.0,0.19006,3.0,0.1901,24.0
1753533361789,12:36:01.789,DEEP/USDT:USDT,0.18963,3.0,0.18962,21.0,0.19006,3.0,0.1901,24.0
1753533361901,12:36:01.901,DEEP/USDT:USDT,0.18963,3.0,0.18962,21.0,0.19006,3.0,0.1901,24.0
1753533362003,12:36:02.003,DEEP/USDT:USDT,0.18968,21.0,0.18964,3.0,0.19006,3.0,0.1901,24.0
1753533362048,12:36:02.048,DEEP/USDT:USDT,0.1897,3.0,0.18969,1.0,0.19006,3.0,0.1901,24.0
1753533362162,12:36:02.162,DEEP/USDT:USDT,0.1897,3.0,0.18968,21.0,0.19006,3.0,0.1901,24.0
1753533362357,12:36:02.357,DEEP/USDT:USDT,0.1897,3.0,0.18968,21.0,0.19006,3.0,0.1901,24.0
1753533362444,12:36:02.444,DEEP/USDT:USDT,0.1897,3.0,0.18968,21.0,0.19006,3.0,0.1901,24.0
1753533362908,12:36:02.908,DEEP/USDT:USDT,0.18971,3.0,0.1897,4.0,0.19006,3.0,0.1901,24.0
1753533363059,12:36:03.059,DEEP/USDT:USDT,0.18971,3.0,0.1897,1.0,0.19006,3.0,0.1901,24.0
1753533363265,12:36:03.265,DEEP/USDT:USDT,0.18971,3.0,0.1897,1.0,0.19006,3.0,0.1901,24.0
1753533363685,12:36:03.685,DEEP/USDT:USDT,0.18971,3.0,0.1897,1.0,0.19006,3.0,0.1901,24.0
1753533364101,12:36:04.101,DEEP/USDT:USDT,0.18971,3.0,0.1897,1.0,0.19006,3.0,0.1901,24.0
1753533364959,12:36:04.959,DEEP/USDT:USDT,0.18975,3.0,0.18974,21.0,0.19006,4.0,0.1901,24.0
1753533365009,12:36:05.009,DEEP/USDT:USDT,0.18975,3.0,0.18974,21.0,0.19006,4.0,0.1901,24.0
1753533365323,12:36:05.323,DEEP/USDT:USDT,0.18975,3.0,0.18974,21.0,0.19006,4.0,0.1901,24.0
1753533365812,12:36:05.812,DEEP/USDT:USDT,0.18975,3.0,0.18974,21.0,0.19006,4.0,0.1901,24.0
1753533366143,12:36:06.143,DEEP/USDT:USDT,0.18975,3.0,0.18974,21.0,0.19006,4.0,0.1901,24.0
1753533366536,12:36:06.536,DEEP/USDT:USDT,0.18975,3.0,0.18974,21.0,0.19006,4.0,0.1901,24.0
1753533367143,12:36:07.143,DEEP/USDT:USDT,0.18975,3.0,0.18974,21.0,0.19006,4.0,0.1901,24.0
1753533370872,12:36:10.872,DEEP/USDT:USDT,0.18971,3.0,0.18968,21.0,0.19006,4.0,0.1901,24.0
1753533370989,12:36:10.989,DEEP/USDT:USDT,0.18971,3.0,0.18968,21.0,0.19006,4.0,0.1901,24.0
1753533371408,12:36:11.408,DEEP/USDT:USDT,0.18971,3.0,0.18968,21.0,0.19006,4.0,0.1901,24.0
1753533373533,12:36:13.533,DEEP/USDT:USDT,0.18971,3.0,0.18968,21.0,0.19006,4.0,0.1901,24.0
1753533374238,12:36:14.238,DEEP/USDT:USDT,0.18971,3.0,0.18968,21.0,0.19006,4.0,0.1901,24.0
1753533374399,12:36:14.399,DEEP/USDT:USDT,0.18971,3.0,0.18968,21.0,0.19006,4.0,0.1901,24.0
1753533374419,12:36:14.419,DEEP/USDT:USDT,0.18971,3.0,0.18968,21.0,0.19006,4.0,0.1901,24.0
1753533375702,12:36:15.702,DEEP/USDT:USDT,0.18971,3.0,0.18968,21.0,0.19006,4.0,0.1901,24.0
1753533376144,12:36:16.144,DEEP/USDT:USDT,0.18971,3.0,0.18968,21.0,0.19006,4.0,0.1901,24.0
1753533376278,12:36:16.278,DEEP/USDT:USDT,0.18972,2.0,0.18968,21.0,0.19006,4.0,0.1901,24.0
1753533376363,12:36:16.363,DEEP/USDT:USDT,0.18972,2.0,0.18968,21.0,0.19006,4.0,0.1901,24.0
1753533376564,12:36:16.564,DEEP/USDT:USDT,0.18972,2.0,0.18968,21.0,0.19006,4.0,0.1901,24.0
1753533376674,12:36:16.674,DEEP/USDT:USDT,0.18972,2.0,0.18968,21.0,0.19006,4.0,0.1901,24.0
1753533378058,12:36:18.058,DEEP/USDT:USDT,0.18975,2.0,0.18974,21.0,0.19006,4.0,0.1901,24.0
1753533379099,12:36:19.099,DEEP/USDT:USDT,0.18975,2.0,0.18974,21.0,0.19006,4.0,0.1901,24.0
1753533379488,12:36:19.488,DEEP/USDT:USDT,0.18975,2.0,0.18974,21.0,0.19006,4.0,0.1901,24.0
1753533379597,12:36:19.597,DEEP/USDT:USDT,0.18975,2.0,0.18974,21.0,0.19006,4.0,0.1901,24.0
1753533379609,12:36:19.609,DEEP/USDT:USDT,0.18975,2.0,0.18974,21.0,0.19006,4.0,0.1901,24.0
1753533380318,12:36:20.318,DEEP/USDT:USDT,0.18975,2.0,0.18974,21.0,0.19006,4.0,0.1901,24.0
1753533380490,12:36:20.490,DEEP/USDT:USDT,0.18975,2.0,0.18974,21.0,0.19006,4.0,0.1901,3.0
1753533380868,12:36:20.868,DEEP/USDT:USDT,0.18975,2.0,0.18974,21.0,0.19006,4.0,0.19012,3.0
1753533381757,12:36:21.757,DEEP/USDT:USDT,0.18976,3.0,0.18974,21.0,0.19012,3.0,0.19015,14.0
1753533381809,12:36:21.809,DEEP/USDT:USDT,0.18976,3.0,0.18974,21.0,0.19012,3.0,0.19015,14.0
1753533381972,12:36:21.972,DEEP/USDT:USDT,0.18976,3.0,0.18974,21.0,0.19012,4.0,0.19015,14.0
1753533382029,12:36:22.029,DEEP/USDT:USDT,0.18976,3.0,0.18974,21.0,0.19012,4.0,0.19015,14.0
1753533382392,12:36:22.392,DEEP/USDT:USDT,0.18976,3.0,0.18974,21.0,0.19012,4.0,0.19015,14.0
1753533383023,12:36:23.023,DEEP/USDT:USDT,0.18976,3.0,0.18974,21.0,0.19012,4.0,0.19015,14.0
1753533383217,12:36:23.217,DEEP/USDT:USDT,0.18976,3.0,0.18974,21.0,0.19012,4.0,0.19015,14.0
1753533385172,12:36:25.172,DEEP/USDT:USDT,0.18976,3.0,0.18974,21.0,0.19012,4.0,0.19015,14.0
1753533385397,12:36:25.397,DEEP/USDT:USDT,0.18976,3.0,0.18974,21.0,0.19012,4.0,0.19015,14.0
1753533386197,12:36:26.197,DEEP/USDT:USDT,0.18983,3.0,0.18982,21.0,0.19012,4.0,0.19015,14.0
1753533386210,12:36:26.210,DEEP/USDT:USDT,0.18983,3.0,0.18982,21.0,0.19012,4.0,0.19015,14.0
1753533386400,12:36:26.400,DEEP/USDT:USDT,0.18983,3.0,0.18982,21.0,0.19012,4.0,0.19015,14.0
1753533386479,12:36:26.479,DEEP/USDT:USDT,0.18983,3.0,0.18982,21.0,0.19012,4.0,0.19015,14.0
1753533387340,12:36:27.340,DEEP/USDT:USDT,0.18983,3.0,0.18982,21.0,0.19012,4.0,0.19015,14.0
1753533387521,12:36:27.521,DEEP/USDT:USDT,0.18983,3.0,0.18982,21.0,0.19012,4.0,0.19015,14.0
1753533387616,12:36:27.616,DEEP/USDT:USDT,0.18983,3.0,0.18982,21.0,0.19012,3.0,0.19015,14.0
1753533387766,12:36:27.766,DEEP/USDT:USDT,0.18983,3.0,0.18982,21.0,0.19012,3.0,0.19015,14.0
1753533389398,12:36:29.398,DEEP/USDT:USDT,0.18983,3.0,0.18976,3.0,0.19012,3.0,0.19015,14.0
1753533389455,12:36:29.455,DEEP/USDT:USDT,0.18976,3.0,0.18974,21.0,0.19012,4.0,0.19015,14.0
1753533389528,12:36:29.528,DEEP/USDT:USDT,0.18981,3.0,0.1898,21.0,0.19012,4.0,0.19015,14.0
1753533389609,12:36:29.609,DEEP/USDT:USDT,0.18981,3.0,0.1898,21.0,0.19012,4.0,0.19015,14.0
1753533389789,12:36:29.789,DEEP/USDT:USDT,0.18981,3.0,0.1898,21.0,0.19012,4.0,0.19015,14.0
1753533390217,12:36:30.217,DEEP/USDT:USDT,0.18981,3.0,0.1898,21.0,0.19012,4.0,0.19015,14.0
1753533390415,12:36:30.415,DEEP/USDT:USDT,0.18981,3.0,0.1898,21.0,0.19012,4.0,0.19015,14.0
1753533390629,12:36:30.629,DEEP/USDT:USDT,0.18981,3.0,0.1898,21.0,0.19012,4.0,0.19015,14.0
1753533391078,12:36:31.078,DEEP/USDT:USDT,0.18982,3.0,0.18981,3.0,0.19012,4.0,0.19015,14.0
1753533391613,12:36:31.613,DEEP/USDT:USDT,0.18982,3.0,0.18981,3.0,0.19012,4.0,0.19015,14.0
1753533391728,12:36:31.728,DEEP/USDT:USDT,0.18982,3.0,0.18981,3.0,0.19012,2.0,0.19015,14.0
1753533391864,12:36:31.864,DEEP/USDT:USDT,0.18982,3.0,0.18981,3.0,0.19012,2.0,0.19015,14.0
1753533392292,12:36:32.292,DEEP/USDT:USDT,0.18982,3.0,0.18981,3.0,0.19012,1.0,0.19015,14.0
1753533392378,12:36:32.378,DEEP/USDT:USDT,0.18982,3.0,0.18981,3.0,0.19012,2.0,0.19015,14.0
1753533392628,12:36:32.628,DEEP/USDT:USDT,0.18982,3.0,0.18981,3.0,0.19012,2.0,0.19015,14.0
1753533393019,12:36:33.019,DEEP/USDT:USDT,0.18982,3.0,0.18981,3.0,0.19012,1.0,0.19015,14.0
1753533393938,12:36:33.938,DEEP/USDT:USDT,0.18982,3.0,0.18981,3.0,0.19012,2.0,0.19015,14.0
1753533394175,12:36:34.175,DEEP/USDT:USDT,0.18982,3.0,0.1898,21.0,0.19012,2.0,0.19015,14.0
1753533395037,12:36:35.037,DEEP/USDT:USDT,0.18982,3.0,0.1898,21.0,0.19012,2.0,0.19015,14.0
1753533395161,12:36:35.161,DEEP/USDT:USDT,0.18983,3.0,0.18982,6.0,0.19012,2.0,0.19015,14.0
1753533395258,12:36:35.258,DEEP/USDT:USDT,0.18983,3.0,0.18982,3.0,0.19012,1.0,0.19015,14.0
1753533395526,12:36:35.526,DEEP/USDT:USDT,0.18983,3.0,0.18982,3.0,0.19012,1.0,0.19015,14.0
1753533395909,12:36:35.909,DEEP/USDT:USDT,0.18983,3.0,0.18982,3.0,0.19012,2.0,0.19015,14.0
1753533396174,12:36:36.174,DEEP/USDT:USDT,0.18983,3.0,0.18982,3.0,0.19012,2.0,0.19015,14.0
1753533396228,12:36:36.228,DEEP/USDT:USDT,0.18983,3.0,0.18982,3.0,0.19012,2.0,0.19015,14.0
1753533396343,12:36:36.343,DEEP/USDT:USDT,0.18983,3.0,0.18982,3.0,0.19012,2.0,0.19015,14.0
1753533398290,12:36:38.290,DEEP/USDT:USDT,0.18984,3.0,0.18983,4.0,0.19012,1.0,0.19015,14.0
1753533398365,12:36:38.365,DEEP/USDT:USDT,0.18984,3.0,0.18983,1.0,0.19012,1.0,0.19015,14.0
1753533399385,12:36:39.385,DEEP/USDT:USDT,0.18984,3.0,0.1898,21.0,0.19012,1.0,0.19015,14.0
1753533399500,12:36:39.500,DEEP/USDT:USDT,0.18984,3.0,0.1898,21.0,0.19012,2.0,0.19015,14.0
1753533399585,12:36:39.585,DEEP/USDT:USDT,0.18984,3.0,0.1898,21.0,0.19012,2.0,0.19015,14.0
1753533400152,12:36:40.152,DEEP/USDT:USDT,0.18984,3.0,0.1898,21.0,0.19012,1.0,0.19015,14.0
1753533400405,12:36:40.405,DEEP/USDT:USDT,0.18984,3.0,0.1898,21.0,0.19012,1.0,0.19015,14.0
1753533401188,12:36:41.188,DEEP/USDT:USDT,0.18985,2.0,0.18984,3.0,0.19016,3.0,0.19018,8.0
1753533401280,12:36:41.280,DEEP/USDT:USDT,0.18988,2.0,0.18987,21.0,0.19016,3.0,0.19018,8.0
1753533401327,12:36:41.327,DEEP/USDT:USDT,0.18988,2.0,0.18987,21.0,0.19016,3.0,0.19018,8.0
1753533401426,12:36:41.426,DEEP/USDT:USDT,0.18988,2.0,0.18987,21.0,0.19016,3.0,0.19018,8.0
1753533401649,12:36:41.649,DEEP/USDT:USDT,0.18988,2.0,0.18987,21.0,0.19016,3.0,0.19018,8.0
1753533402063,12:36:42.063,DEEP/USDT:USDT,0.18988,2.0,0.18987,21.0,0.19016,3.0,0.19018,8.0
1753533402391,12:36:42.391,DEEP/USDT:USDT,0.18988,2.0,0.18987,21.0,0.19016,3.0,0.19018,8.0
1753533402485,12:36:42.485,DEEP/USDT:USDT,0.18988,5.0,0.18987,21.0,0.19016,3.0,0.19018,8.0
1753533402507,12:36:42.507,DEEP/USDT:USDT,0.18989,2.0,0.18988,3.0,0.19016,3.0,0.19018,8.0
1753533402765,12:36:42.765,DEEP/USDT:USDT,0.18994,2.0,0.18993,28.0,0.19016,3.0,0.19018,8.0
1753533402875,12:36:42.875,DEEP/USDT:USDT,0.18995,2.0,0.18994,3.0,0.19016,3.0,0.19018,8.0
1753533402941,12:36:42.941,DEEP/USDT:USDT,0.18995,2.0,0.18994,3.0,0.19016,3.0,0.19018,8.0
1753533403095,12:36:43.095,DEEP/USDT:USDT,0.18995,2.0,0.18994,3.0,0.19016,3.0,0.19018,8.0
1753533403143,12:36:43.143,DEEP/USDT:USDT,0.18995,2.0,0.18994,3.0,0.19016,3.0,0.19018,8.0
1753533403373,12:36:43.373,DEEP/USDT:USDT,0.18995,2.0,0.18994,3.0,0.19016,3.0,0.19018,8.0
1753533404552,12:36:44.552,DEEP/USDT:USDT,0.18995,2.0,0.18994,3.0,0.19016,3.0,0.19018,8.0
1753533404822,12:36:44.822,DEEP/USDT:USDT,0.18995,2.0,0.18994,3.0,0.19016,3.0,0.19018,8.0
1753533405004,12:36:45.004,DEEP/USDT:USDT,0.18995,2.0,0.18994,3.0,0.19016,3.0,0.19018,8.0
1753533405313,12:36:45.313,DEEP/USDT:USDT,0.18995,2.0,0.18994,3.0,0.19016,3.0,0.19018,8.0
1753533405417,12:36:45.417,DEEP/USDT:USDT,0.18995,2.0,0.18994,3.0,0.19016,3.0,0.19018,8.0
1753533405554,12:36:45.554,DEEP/USDT:USDT,0.18995,2.0,0.18994,3.0,0.19016,3.0,0.19018,8.0
1753533405830,12:36:45.830,DEEP/USDT:USDT,0.18995,2.0,0.18994,3.0,0.19016,3.0,0.19018,8.0
1753533406008,12:36:46.008,DEEP/USDT:USDT,0.18995,2.0,0.18993,22.0,0.19016,3.0,0.19018,8.0
1753533406183,12:36:46.183,DEEP/USDT:USDT,0.18996,2.0,0.18995,3.0,0.19016,3.0,0.19018,8.0
1753533406247,12:36:46.247,DEEP/USDT:USDT,0.18997,2.0,0.18996,9.0,0.19016,3.0,0.19018,8.0
1753533406401,12:36:46.401,DEEP/USDT:USDT,0.18997,2.0,0.18996,7.0,0.19016,3.0,0.19018,8.0
1753533406405,12:36:46.405,DEEP/USDT:USDT,0.18997,2.0,0.18996,6.0,0.19016,3.0,0.19018,8.0
1753533406660,12:36:46.660,DEEP/USDT:USDT,0.18997,2.0,0.18996,6.0,0.19016,3.0,0.19018,8.0
1753533406713,12:36:46.713,DEEP/USDT:USDT,0.18997,2.0,0.18996,6.0,0.19016,3.0,0.19018,8.0
1753533407080,12:36:47.080,DEEP/USDT:USDT,0.18997,2.0,0.18996,6.0,0.19016,3.0,0.19018,8.0
1753533407268,12:36:47.268,DEEP/USDT:USDT,0.18997,2.0,0.18993,21.0,0.19016,3.0,0.19018,8.0
1753533407385,12:36:47.385,DEEP/USDT:USDT,0.18997,2.0,0.18993,21.0,0.19016,3.0,0.19018,8.0
1753533408083,12:36:48.083,DEEP/USDT:USDT,0.18997,2.0,0.18993,21.0,0.19016,3.0,0.19018,8.0
1753533408108,12:36:48.108,DEEP/USDT:USDT,0.18997,2.0,0.18993,21.0,0.19016,3.0,0.19018,8.0
1753533408303,12:36:48.303,DEEP/USDT:USDT,0.18997,2.0,0.18993,21.0,0.19016,3.0,0.19018,8.0
1753533408304,12:36:48.304,DEEP/USDT:USDT,0.18997,2.0,0.18993,21.0,0.19016,3.0,0.19018,8.0
1753533408819,12:36:48.819,DEEP/USDT:USDT,0.18998,2.0,0.18997,1.0,0.19016,3.0,0.19018,8.0
1753533408906,12:36:48.906,DEEP/USDT:USDT,0.18998,2.0,0.18997,1.0,0.19016,4.0,0.19018,8.0
1753533409050,12:36:49.050,DEEP/USDT:USDT,0.18998,2.0,0.18997,1.0,0.19016,4.0,0.19018,8.0
1753533409124,12:36:49.124,DEEP/USDT:USDT,0.18998,2.0,0.18997,1.0,0.19016,4.0,0.19018,8.0
1753533409541,12:36:49.541,DEEP/USDT:USDT,0.18998,2.0,0.18997,1.0,0.19016,4.0,0.19018,8.0
1753533411131,12:36:51.131,DEEP/USDT:USDT,0.18998,2.0,0.18997,1.0,0.19016,4.0,0.19018,8.0
1753533412153,12:36:52.153,DEEP/USDT:USDT,0.18998,2.0,0.18997,1.0,0.19016,4.0,0.19018,8.0
1753533412368,12:36:52.368,DEEP/USDT:USDT,0.18998,2.0,0.18997,1.0,0.19016,4.0,0.19018,8.0
1753533413182,12:36:53.182,DEEP/USDT:USDT,0.18998,2.0,0.18997,1.0,0.19016,4.0,0.19018,8.0
1753533413886,12:36:53.886,DEEP/USDT:USDT,0.18998,2.0,0.18997,1.0,0.19016,4.0,0.19018,8.0
1753533414000,12:36:54.000,DEEP/USDT:USDT,0.1899,3.0,0.18989,4.0,0.19016,4.0,0.19018,8.0
1753533414004,12:36:54.004,DEEP/USDT:USDT,0.1899,3.0,0.18989,4.0,0.19016,4.0,0.19018,8.0
1753533414415,12:36:54.415,DEEP/USDT:USDT,0.1899,3.0,0.18989,4.0,0.19016,4.0,0.19018,8.0
1753533414830,12:36:54.830,DEEP/USDT:USDT,0.1899,3.0,0.18989,4.0,0.19016,4.0,0.19018,8.0
1753533415047,12:36:55.047,DEEP/USDT:USDT,0.1899,3.0,0.18989,4.0,0.19016,4.0,0.19018,8.0
1753533415503,12:36:55.503,DEEP/USDT:USDT,0.1899,3.0,0.18989,4.0,0.19016,4.0,0.19018,8.0
1753533415505,12:36:55.505,DEEP/USDT:USDT,0.1899,3.0,0.18989,4.0,0.19016,4.0,0.19018,8.0
1753533415644,12:36:55.644,DEEP/USDT:USDT,0.1899,3.0,0.18989,4.0,0.19016,4.0,0.19018,8.0
1753533417078,12:36:57.078,DEEP/USDT:USDT,0.1899,3.0,0.18989,1.0,0.19016,4.0,0.19018,8.0
1753533417299,12:36:57.299,DEEP/USDT:USDT,0.18991,3.0,0.1899,4.0,0.19016,4.0,0.19018,8.0
1753533417364,12:36:57.364,DEEP/USDT:USDT,0.18991,3.0,0.1899,4.0,0.19016,4.0,0.19018,8.0
1753533417680,12:36:57.680,DEEP/USDT:USDT,0.18991,3.0,0.1899,4.0,0.19016,4.0,0.19018,8.0
1753533418093,12:36:58.093,DEEP/USDT:USDT,0.18991,3.0,0.1899,4.0,0.19016,4.0,0.19018,8.0
1753533420401,12:37:00.401,DEEP/USDT:USDT,0.18992,3.0,0.18991,1.0,0.19016,4.0,0.19018,8.0
1753533420456,12:37:00.456,DEEP/USDT:USDT,0.18995,3.0,0.18994,21.0,0.19016,4.0,0.19018,8.0
1753533420519,12:37:00.519,DEEP/USDT:USDT,0.18995,3.0,0.18994,21.0,0.19016,4.0,0.19018,8.0
1753533420658,12:37:00.658,DEEP/USDT:USDT,0.18995,3.0,0.18994,21.0,0.19016,3.0,0.19018,8.0
1753533421125,12:37:01.125,DEEP/USDT:USDT,0.18995,3.0,0.18994,21.0,0.19016,3.0,0.19018,8.0
1753533421243,12:37:01.243,DEEP/USDT:USDT,0.18995,3.0,0.18994,21.0,0.19018,8.0,0.19026,2.0
1753533421362,12:37:01.362,DEEP/USDT:USDT,0.18995,3.0,0.18994,21.0,0.19018,5.0,0.19026,2.0
1753533421521,12:37:01.521,DEEP/USDT:USDT,0.18995,3.0,0.18994,21.0,0.19018,5.0,0.19026,2.0
1753533421800,12:37:01.800,DEEP/USDT:USDT,0.19,21.0,0.18995,3.0,0.19018,3.0,0.19026,2.0
1753533421871,12:37:01.871,DEEP/USDT:USDT,0.19002,3.0,0.19001,1.0,0.19018,3.0,0.1903,3.0
1753533422236,12:37:02.236,DEEP/USDT:USDT,0.19002,3.0,0.19001,1.0,0.19018,3.0,0.1903,3.0
1753533422842,12:37:02.842,DEEP/USDT:USDT,0.19002,3.0,0.19001,1.0,0.19018,3.0,0.1903,3.0
1753533423060,12:37:03.060,DEEP/USDT:USDT,0.19002,3.0,0.19001,1.0,0.19018,3.0,0.1903,3.0
1753533424003,12:37:04.003,DEEP/USDT:USDT,0.19002,3.0,0.19001,1.0,0.19018,3.0,0.1903,3.0
1753533424006,12:37:04.006,DEEP/USDT:USDT,0.19002,3.0,0.19001,1.0,0.19018,3.0,0.19024,3.0
1753533426140,12:37:06.140,DEEP/USDT:USDT,0.19002,3.0,0.19001,1.0,0.19018,3.0,0.1902,3.0
1753533426635,12:37:06.635,DEEP/USDT:USDT,0.19002,3.0,0.19001,1.0,0.19018,3.0,0.1902,3.0
1753533426847,12:37:06.847,DEEP/USDT:USDT,0.19002,3.0,0.19001,1.0,0.19018,7.0,0.1902,3.0
1753533427100,12:37:07.100,DEEP/USDT:USDT,0.19002,3.0,0.19001,1.0,0.19018,7.0,0.1902,3.0
1753533428064,12:37:08.064,DEEP/USDT:USDT,0.19002,3.0,0.19001,1.0,0.19018,7.0,0.1902,3.0
1753533428365,12:37:08.365,DEEP/USDT:USDT,0.19002,3.0,0.19001,1.0,0.19018,7.0,0.1902,3.0
1753533429150,12:37:09.150,DEEP/USDT:USDT,0.19002,3.0,0.19001,1.0,0.19018,7.0,0.1902,3.0
1753533430167,12:37:10.167,DEEP/USDT:USDT,0.19002,3.0,0.19001,1.0,0.19018,7.0,0.1902,3.0
1753533430793,12:37:10.793,DEEP/USDT:USDT,0.19003,3.0,0.19001,1.0,0.1902,3.0,0.19031,119.0
1753533430810,12:37:10.810,DEEP/USDT:USDT,0.19003,3.0,0.19001,1.0,0.1902,3.0,0.19031,119.0
1753533430973,12:37:10.973,DEEP/USDT:USDT,0.19003,3.0,0.19001,1.0,0.19022,3.0,0.19031,119.0
1753533431178,12:37:11.178,DEEP/USDT:USDT,0.19003,3.0,0.19001,1.0,0.19022,3.0,0.19031,119.0
1753533431297,12:37:11.297,DEEP/USDT:USDT,0.19003,3.0,0.19001,1.0,0.19022,3.0,0.19031,119.0
1753533431311,12:37:11.311,DEEP/USDT:USDT,0.19003,3.0,0.19001,1.0,0.19022,3.0,0.19031,119.0
1753533431599,12:37:11.599,DEEP/USDT:USDT,0.19003,3.0,0.19001,1.0,0.19022,3.0,0.19031,119.0
1753533432203,12:37:12.203,DEEP/USDT:USDT,0.18996,3.0,0.18995,1.0,0.19032,2.0,0.19036,143.0
1753533432209,12:37:12.209,DEEP/USDT:USDT,0.18996,3.0,0.18995,1.0,0.19032,2.0,0.19036,24.0
1753533432440,12:37:12.440,DEEP/USDT:USDT,0.18996,3.0,0.18995,1.0,0.19032,2.0,0.19036,24.0
1753533432573,12:37:12.573,DEEP/USDT:USDT,0.18996,3.0,0.18995,1.0,0.19032,2.0,0.19036,24.0
1753533432888,12:37:12.888,DEEP/USDT:USDT,0.18996,3.0,0.18995,1.0,0.19032,2.0,0.19036,24.0
1753533433101,12:37:13.101,DEEP/USDT:USDT,0.18996,3.0,0.18994,21.0,0.19032,3.0,0.19036,24.0
1753533433330,12:37:13.330,DEEP/USDT:USDT,0.18996,3.0,0.18994,21.0,0.19032,3.0,0.19036,24.0
1753533434161,12:37:14.161,DEEP/USDT:USDT,0.18996,3.0,0.18994,21.0,0.19032,3.0,0.19036,24.0
1753533434458,12:37:14.458,DEEP/USDT:USDT,0.18996,3.0,0.18994,21.0,0.19032,3.0,0.19036,24.0
1753533436752,12:37:16.752,DEEP/USDT:USDT,0.18996,3.0,0.18994,21.0,0.19032,3.0,0.19036,24.0
1753533436893,12:37:16.893,DEEP/USDT:USDT,0.18996,3.0,0.18994,21.0,0.19032,3.0,0.19036,24.0
1753533437203,12:37:17.203,DEEP/USDT:USDT,0.18996,3.0,0.18994,21.0,0.19032,3.0,0.19036,24.0
1753533437403,12:37:17.403,DEEP/USDT:USDT,0.18996,3.0,0.18994,21.0,0.19032,3.0,0.19036,24.0
1753533438170,12:37:18.170,DEEP/USDT:USDT,0.18996,3.0,0.18994,21.0,0.19032,3.0,0.19036,24.0
1753533442544,12:37:22.544,DEEP/USDT:USDT,0.18996,3.0,0.18994,21.0,0.19032,3.0,0.19036,24.0
1753533444581,12:37:24.581,DEEP/USDT:USDT,0.18996,3.0,0.18994,21.0,0.19032,3.0,0.19036,24.0
1753533444799,12:37:24.799,DEEP/USDT:USDT,0.18996,3.0,0.18994,21.0,0.19032,2.0,0.19036,24.0
1753533444804,12:37:24.804,DEEP/USDT:USDT,0.18996,3.0,0.18994,21.0,0.19032,3.0,0.19036,24.0
1753533444970,12:37:24.970,DEEP/USDT:USDT,0.18997,2.0,0.18996,4.0,0.19032,3.0,0.19036,24.0
1753533445100,12:37:25.100,DEEP/USDT:USDT,0.18997,2.0,0.18994,21.0,0.19032,3.0,0.19036,24.0
1753533445555,12:37:25.555,DEEP/USDT:USDT,0.18997,2.0,0.18994,21.0,0.19032,3.0,0.19036,24.0
1753533447199,12:37:27.199,DEEP/USDT:USDT,0.18997,2.0,0.18994,21.0,0.19032,2.0,0.19036,24.0
1753533447210,12:37:27.210,DEEP/USDT:USDT,0.18997,2.0,0.18994,21.0,0.19032,3.0,0.19036,24.0
1753533447494,12:37:27.494,DEEP/USDT:USDT,0.18997,2.0,0.18994,21.0,0.19032,3.0,0.19036,24.0
1753533447593,12:37:27.593,DEEP/USDT:USDT,0.18997,2.0,0.18994,21.0,0.19032,3.0,0.19036,24.0
1753533448415,12:37:28.415,DEEP/USDT:USDT,0.18997,2.0,0.18994,21.0,0.19032,3.0,0.19036,24.0
1753533448646,12:37:28.646,DEEP/USDT:USDT,0.18997,2.0,0.18994,21.0,0.19032,3.0,0.19036,24.0
1753533448869,12:37:28.869,DEEP/USDT:USDT,0.18997,2.0,0.18994,21.0,0.19032,3.0,0.19036,24.0
1753533448958,12:37:28.958,DEEP/USDT:USDT,0.19001,2.0,0.19,21.0,0.19032,3.0,0.19036,24.0
1753533449244,12:37:29.244,DEEP/USDT:USDT,0.19001,2.0,0.19,21.0,0.19032,3.0,0.19036,24.0
1753533452119,12:37:32.119,DEEP/USDT:USDT,0.19001,2.0,0.19,21.0,0.19032,3.0,0.19036,24.0
1753533452343,12:37:32.343,DEEP/USDT:USDT,0.19001,2.0,0.19,21.0,0.19032,3.0,0.19036,24.0
1753533452478,12:37:32.478,DEEP/USDT:USDT,0.19001,2.0,0.19,21.0,0.19032,3.0,0.19036,24.0
1753533452664,12:37:32.664,DEEP/USDT:USDT,0.19001,2.0,0.19,21.0,0.19032,3.0,0.19036,24.0
1753533453775,12:37:33.775,DEEP/USDT:USDT,0.18997,5.0,0.18994,21.0,0.19032,3.0,0.19036,24.0
1753533453812,12:37:33.812,DEEP/USDT:USDT,0.18998,2.0,0.18994,21.0,0.19032,3.0,0.19036,24.0
1753533454504,12:37:34.504,DEEP/USDT:USDT,0.18998,2.0,0.18994,21.0,0.19032,3.0,0.19036,24.0
1753533454505,12:37:34.505,DEEP/USDT:USDT,0.18998,2.0,0.18994,21.0,0.19032,3.0,0.19036,24.0
1753533457024,12:37:37.024,DEEP/USDT:USDT,0.18998,2.0,0.18994,21.0,0.19032,3.0,0.19036,24.0
1753533457340,12:37:37.340,DEEP/USDT:USDT,0.18998,2.0,0.18994,21.0,0.19032,3.0,0.19036,24.0
1753533457591,12:37:37.591,DEEP/USDT:USDT,0.18998,2.0,0.18994,21.0,0.19032,3.0,0.19036,24.0
1753533460150,12:37:40.150,DEEP/USDT:USDT,0.18998,2.0,0.18994,21.0,0.19032,2.0,0.19036,24.0
1753533460429,12:37:40.429,DEEP/USDT:USDT,0.18998,2.0,0.18994,21.0,0.19032,2.0,0.19036,24.0
1753533460574,12:37:40.574,DEEP/USDT:USDT,0.18998,2.0,0.18994,21.0,0.19032,2.0,0.19036,24.0
1753533460703,12:37:40.703,DEEP/USDT:USDT,0.18998,2.0,0.18994,21.0,0.19032,2.0,0.19036,24.0
1753533460934,12:37:40.934,DEEP/USDT:USDT,0.18999,3.0,0.18998,4.0,0.19032,2.0,0.19036,24.0
1753533461570,12:37:41.570,DEEP/USDT:USDT,0.18999,3.0,0.18998,4.0,0.19032,3.0,0.19036,24.0
1753533461797,12:37:41.797,DEEP/USDT:USDT,0.18999,3.0,0.18998,4.0,0.19032,3.0,0.19036,24.0
1753533462214,12:37:42.214,DEEP/USDT:USDT,0.18999,3.0,0.18998,4.0,0.19032,3.0,0.19036,24.0
1753533463128,12:37:43.128,DEEP/USDT:USDT,0.18999,3.0,0.18998,4.0,0.19032,3.0,0.19036,24.0
1753533464099,12:37:44.099,DEEP/USDT:USDT,0.18999,3.0,0.18994,21.0,0.19032,3.0,0.19036,24.0
1753533464108,12:37:44.108,DEEP/USDT:USDT,0.18999,3.0,0.18994,21.0,0.19032,3.0,0.19036,24.0
1753533464228,12:37:44.228,DEEP/USDT:USDT,0.18999,3.0,0.18994,21.0,0.19032,3.0,0.19036,24.0
1753533464643,12:37:44.643,DEEP/USDT:USDT,0.18999,3.0,0.18994,21.0,0.19032,3.0,0.19036,24.0
1753533466026,12:37:46.026,DEEP/USDT:USDT,0.18999,3.0,0.18994,21.0,0.19032,3.0,0.19036,24.0
1753533466267,12:37:46.267,DEEP/USDT:USDT,0.18999,3.0,0.18994,21.0,0.19032,3.0,0.19036,24.0
1753533467694,12:37:47.694,DEEP/USDT:USDT,0.18999,3.0,0.18994,21.0,0.19032,3.0,0.19036,24.0
1753533468198,12:37:48.198,DEEP/USDT:USDT,0.18999,3.0,0.18994,21.0,0.19032,3.0,0.19036,24.0
1753533468223,12:37:48.223,DEEP/USDT:USDT,0.18999,3.0,0.18994,21.0,0.19032,3.0,0.19036,24.0
1753533470601,12:37:50.601,DEEP/USDT:USDT,0.18999,3.0,0.18994,21.0,0.19032,3.0,0.19036,24.0
1753533471503,12:37:51.503,DEEP/USDT:USDT,0.18999,3.0,0.18994,21.0,0.19032,3.0,0.19036,24.0
1753533471505,12:37:51.505,DEEP/USDT:USDT,0.18999,3.0,0.18994,21.0,0.19032,3.0,0.19036,24.0
1753533472309,12:37:52.309,DEEP/USDT:USDT,0.18999,3.0,0.18994,21.0,0.19032,3.0,0.19036,24.0
1753533473642,12:37:53.642,DEEP/USDT:USDT,0.18999,3.0,0.18994,21.0,0.19032,3.0,0.19036,24.0
1753533477296,12:37:57.296,DEEP/USDT:USDT,0.18999,3.0,0.18994,21.0,0.19032,3.0,0.19036,24.0
1753533480267,12:38:00.267,DEEP/USDT:USDT,0.18999,3.0,0.18994,21.0,0.1903,21.0,0.19032,2.0
1753533480378,12:38:00.378,DEEP/USDT:USDT,0.18999,3.0,0.18994,21.0,0.1903,21.0,0.19032,2.0
1753533480635,12:38:00.635,DEEP/USDT:USDT,0.18999,3.0,0.18994,21.0,0.1903,21.0,0.19032,2.0
1753533481603,12:38:01.603,DEEP/USDT:USDT,0.18999,3.0,0.18994,21.0,0.1903,21.0,0.19032,2.0
1753533481604,12:38:01.604,DEEP/USDT:USDT,0.18999,3.0,0.18994,21.0,0.1903,21.0,0.19032,2.0
1753533481735,12:38:01.735,DEEP/USDT:USDT,0.18992,3.0,0.18987,21.0,0.1903,21.0,0.19032,2.0
1753533481809,12:38:01.809,DEEP/USDT:USDT,0.18992,3.0,0.18987,21.0,0.1903,21.0,0.19032,2.0
1753533482047,12:38:02.047,DEEP/USDT:USDT,0.18995,2.0,0.18994,21.0,0.1903,21.0,0.19032,2.0
