timestamp,time,symbol,bid1_price,bid1_volume,bid2_price,bid2_volume,ask1_price,ask1_volume,ask2_price,ask2_volume
1753533020000,12:30:20.000,CYBER/USDT:USDT,1.6179,68.0,1.6153,128.0,1.619,500.0,1.6192,1852.0
1753533023948,12:30:23.948,CYBER/USDT:USDT,1.6179,68.0,1.6153,128.0,1.619,500.0,1.6191,500.0
1753533025915,12:30:25.915,CYBER/USDT:USDT,1.6179,68.0,1.6153,128.0,1.6191,500.0,1.6192,1852.0
1753533030041,12:30:30.041,CYBER/USDT:USDT,1.6179,68.0,1.6153,128.0,1.6191,500.0,1.6192,1852.0
1753533043661,12:30:43.661,CYBER/USDT:USDT,1.6152,174.0,1.6151,500.0,1.6184,1853.0,1.6185,500.0
1753533043755,12:30:43.755,CYBER/USDT:USDT,1.6152,674.0,1.6151,1761.0,1.6184,1853.0,1.6185,500.0
1753533043796,12:30:43.796,CYBER/USDT:USDT,1.6152,674.0,1.6151,1761.0,1.6184,1853.0,1.6185,500.0
1753533043953,12:30:43.953,CYBER/USDT:USDT,1.6152,674.0,1.6151,1761.0,1.6184,1853.0,1.6185,500.0
1753533044703,12:30:44.703,CYBER/USDT:USDT,1.6152,674.0,1.6151,1761.0,1.6184,1853.0,1.619,500.0
1753533045010,12:30:45.010,CYBER/USDT:USDT,1.6152,674.0,1.6151,1761.0,1.6184,1853.0,1.619,500.0
1753533048915,12:30:48.915,CYBER/USDT:USDT,1.6152,674.0,1.6151,1761.0,1.6184,1853.0,1.619,500.0
1753533052668,12:30:52.668,CYBER/USDT:USDT,1.6152,674.0,1.6151,1761.0,1.6184,1853.0,1.619,500.0
1753533054740,12:30:54.740,CYBER/USDT:USDT,1.6152,674.0,1.6151,1761.0,1.6184,1853.0,1.619,500.0
1753533060158,12:31:00.158,CYBER/USDT:USDT,1.6152,674.0,1.6151,1761.0,1.6184,1853.0,1.619,500.0
1753533060251,12:31:00.251,CYBER/USDT:USDT,1.6152,674.0,1.6151,500.0,1.6182,1853.0,1.6183,1261.0
1753533060551,12:31:00.551,CYBER/USDT:USDT,1.6152,46.0,1.6141,128.0,1.6181,1575.0,1.6182,1853.0
1753533060656,12:31:00.656,CYBER/USDT:USDT,1.6142,546.0,1.6141,175.0,1.6181,1575.0,1.6182,1853.0
1753533060718,12:31:00.718,CYBER/USDT:USDT,1.6142,546.0,1.6141,175.0,1.6181,1575.0,1.6182,1853.0
1753533060823,12:31:00.823,CYBER/USDT:USDT,1.6142,546.0,1.6141,175.0,1.6181,1575.0,1.6182,1853.0
1753533061166,12:31:01.166,CYBER/USDT:USDT,1.6142,546.0,1.6141,175.0,1.6181,1575.0,1.6182,1853.0
1753533061205,12:31:01.205,CYBER/USDT:USDT,1.6142,546.0,1.6141,175.0,1.6181,1575.0,1.6182,1853.0
1753533061531,12:31:01.531,CYBER/USDT:USDT,1.6142,546.0,1.6141,175.0,1.6181,1575.0,1.6182,1853.0
1753533061900,12:31:01.900,CYBER/USDT:USDT,1.6142,546.0,1.6141,175.0,1.6181,1575.0,1.6182,1853.0
1753533062606,12:31:02.606,CYBER/USDT:USDT,1.6151,128.0,1.615,1575.0,1.6183,1261.0,1.619,500.0
1753533062746,12:31:02.746,CYBER/USDT:USDT,1.6152,46.0,1.6151,128.0,1.6187,1261.0,1.619,500.0
1753533062855,12:31:02.855,CYBER/USDT:USDT,1.6152,46.0,1.6151,128.0,1.6187,1261.0,1.619,500.0
1753533066771,12:31:06.771,CYBER/USDT:USDT,1.6152,46.0,1.6151,128.0,1.6187,1261.0,1.619,500.0
1753533067455,12:31:07.455,CYBER/USDT:USDT,1.6152,46.0,1.6151,128.0,1.6187,1261.0,1.619,500.0
1753533067515,12:31:07.515,CYBER/USDT:USDT,1.6152,46.0,1.6151,128.0,1.6187,1261.0,1.619,500.0
1753533067629,12:31:07.629,CYBER/USDT:USDT,1.6152,46.0,1.6143,128.0,1.6187,1261.0,1.619,500.0
1753533067687,12:31:07.687,CYBER/USDT:USDT,1.6151,128.0,1.615,1575.0,1.6187,1261.0,1.619,500.0
1753533067795,12:31:07.795,CYBER/USDT:USDT,1.6152,46.0,1.6151,128.0,1.6187,1261.0,1.619,500.0
1753533069269,12:31:09.269,CYBER/USDT:USDT,1.6152,46.0,1.6151,1389.0,1.6187,1261.0,1.619,500.0
1753533069365,12:31:09.365,CYBER/USDT:USDT,1.6152,46.0,1.6151,1389.0,1.6187,1261.0,1.619,500.0
1753533069456,12:31:09.456,CYBER/USDT:USDT,1.6153,628.0,1.6152,546.0,1.6196,1852.0,1.6197,500.0
1753533069496,12:31:09.496,CYBER/USDT:USDT,1.6154,546.0,1.6153,628.0,1.6196,1852.0,1.6197,500.0
1753533069596,12:31:09.596,CYBER/USDT:USDT,1.6154,546.0,1.6153,628.0,1.6196,1852.0,1.6197,500.0
1753533069717,12:31:09.717,CYBER/USDT:USDT,1.6155,128.0,1.6154,546.0,1.6191,1575.0,1.6196,1852.0
1753533069780,12:31:09.780,CYBER/USDT:USDT,1.6156,46.0,1.6155,128.0,1.6191,1575.0,1.6196,1852.0
1753533070011,12:31:10.011,CYBER/USDT:USDT,1.6156,46.0,1.6155,128.0,1.6191,1575.0,1.6196,1852.0
1753533070095,12:31:10.095,CYBER/USDT:USDT,1.6156,46.0,1.6155,128.0,1.6196,1852.0,1.6197,500.0
1753533070456,12:31:10.456,CYBER/USDT:USDT,1.6161,128.0,1.616,1575.0,1.6196,1852.0,1.6197,500.0
1753533070480,12:31:10.480,CYBER/USDT:USDT,1.6162,46.0,1.6161,128.0,1.6196,1852.0,1.6197,500.0
1753533070831,12:31:10.831,CYBER/USDT:USDT,1.6162,46.0,1.6161,128.0,1.6196,1852.0,1.6197,500.0
1753533071467,12:31:11.467,CYBER/USDT:USDT,1.6162,46.0,1.6161,128.0,1.6196,1852.0,1.6197,500.0
1753533071477,12:31:11.477,CYBER/USDT:USDT,1.6162,46.0,1.6161,128.0,1.6196,1852.0,1.6197,500.0
1753533071667,12:31:11.667,CYBER/USDT:USDT,1.6162,46.0,1.6153,128.0,1.6196,1852.0,1.6197,500.0
1753533071702,12:31:11.702,CYBER/USDT:USDT,1.6154,546.0,1.6153,128.0,1.6196,1852.0,1.6197,500.0
1753533072167,12:31:12.167,CYBER/USDT:USDT,1.6155,128.0,1.6154,546.0,1.6191,1575.0,1.6196,1852.0
1753533072180,12:31:12.180,CYBER/USDT:USDT,1.6156,46.0,1.6155,128.0,1.6191,1575.0,1.6196,1852.0
1753533072460,12:31:12.460,CYBER/USDT:USDT,1.6156,46.0,1.6155,128.0,1.6191,1575.0,1.6196,1852.0
1753533074480,12:31:14.480,CYBER/USDT:USDT,1.6156,46.0,1.6155,128.0,1.6191,1575.0,1.6196,1852.0
1753533074912,12:31:14.912,CYBER/USDT:USDT,1.6156,46.0,1.6155,128.0,1.6191,1575.0,1.6196,1852.0
1753533075713,12:31:15.713,CYBER/USDT:USDT,1.6156,46.0,1.6155,128.0,1.6191,1575.0,1.6196,1852.0
1753533076756,12:31:16.756,CYBER/USDT:USDT,1.6156,46.0,1.6153,128.0,1.6185,500.0,1.6186,1261.0
1753533076827,12:31:16.827,CYBER/USDT:USDT,1.6154,46.0,1.6141,128.0,1.6185,500.0,1.6186,1261.0
1753533076929,12:31:16.929,CYBER/USDT:USDT,1.6152,128.0,1.6151,1575.0,1.6185,500.0,1.6186,1261.0
1753533076980,12:31:16.980,CYBER/USDT:USDT,1.6153,46.0,1.6152,128.0,1.6185,500.0,1.6186,1261.0
1753533077172,12:31:17.172,CYBER/USDT:USDT,1.6153,46.0,1.6152,128.0,1.6185,500.0,1.6186,1261.0
1753533077239,12:31:17.239,CYBER/USDT:USDT,1.6153,46.0,1.6143,128.0,1.618,500.0,1.6181,1575.0
1753533077296,12:31:17.296,CYBER/USDT:USDT,1.6144,546.0,1.6143,128.0,1.618,500.0,1.6181,1575.0
1753533077397,12:31:17.397,CYBER/USDT:USDT,1.6144,546.0,1.6143,128.0,1.618,500.0,1.6181,1575.0
1753533077743,12:31:17.743,CYBER/USDT:USDT,1.6144,546.0,1.6143,128.0,1.618,500.0,1.6181,1575.0
1753533077965,12:31:17.965,CYBER/USDT:USDT,1.6144,546.0,1.6143,128.0,1.618,500.0,1.6181,1575.0
1753533078036,12:31:18.036,CYBER/USDT:USDT,1.6144,546.0,1.6143,128.0,1.6174,1261.0,1.618,500.0
1753533078165,12:31:18.165,CYBER/USDT:USDT,1.6144,546.0,1.6143,128.0,1.6174,1261.0,1.618,500.0
1753533078197,12:31:18.197,CYBER/USDT:USDT,1.6145,628.0,1.6144,46.0,1.6174,1261.0,1.618,500.0
1753533078276,12:31:18.276,CYBER/USDT:USDT,1.6145,628.0,1.6144,46.0,1.6174,1261.0,1.618,500.0
1753533078762,12:31:18.762,CYBER/USDT:USDT,1.6146,546.0,1.6145,128.0,1.6174,1261.0,1.618,500.0
1753533082324,12:31:22.324,CYBER/USDT:USDT,1.6146,546.0,1.6145,128.0,1.6172,500.0,1.6173,1854.0
1753533082443,12:31:22.443,CYBER/USDT:USDT,1.6146,546.0,1.6145,128.0,1.6172,2355.0,1.6174,1261.0
1753533082667,12:31:22.667,CYBER/USDT:USDT,1.6146,46.0,1.6144,128.0,1.617,500.0,1.6171,1575.0
1753533082707,12:31:22.707,CYBER/USDT:USDT,1.6145,46.0,1.613,128.0,1.617,500.0,1.6171,1575.0
1753533082800,12:31:22.800,CYBER/USDT:USDT,1.6131,593.0,1.613,128.0,1.617,500.0,1.6171,1575.0
1753533082948,12:31:22.948,CYBER/USDT:USDT,1.6131,593.0,1.613,128.0,1.617,500.0,1.6171,1575.0
1753533083001,12:31:23.001,CYBER/USDT:USDT,1.6132,539.0,1.6131,593.0,1.617,500.0,1.6171,1575.0
1753533083149,12:31:23.149,CYBER/USDT:USDT,1.6134,628.0,1.6133,593.0,1.617,500.0,1.6171,1575.0
1753533083269,12:31:23.269,CYBER/USDT:USDT,1.6135,93.0,1.6134,628.0,1.617,500.0,1.6171,1575.0
1753533083279,12:31:23.279,CYBER/USDT:USDT,1.6135,593.0,1.6134,128.0,1.617,500.0,1.6171,1575.0
1753533083455,12:31:23.455,CYBER/USDT:USDT,1.6135,593.0,1.6134,128.0,1.617,500.0,1.6171,1575.0
1753533083505,12:31:23.505,CYBER/USDT:USDT,1.6135,593.0,1.6134,128.0,1.617,500.0,1.6171,1575.0
1753533083838,12:31:23.838,CYBER/USDT:USDT,1.6135,593.0,1.6134,128.0,1.617,500.0,1.6171,1575.0
1753533085864,12:31:25.864,CYBER/USDT:USDT,1.6135,593.0,1.6134,128.0,1.617,500.0,1.6171,1575.0
1753533086697,12:31:26.697,CYBER/USDT:USDT,1.6135,593.0,1.6134,128.0,1.617,500.0,1.6171,1575.0
1753533087923,12:31:27.923,CYBER/USDT:USDT,1.6135,593.0,1.6134,128.0,1.617,500.0,1.6171,1575.0
1753533088771,12:31:28.771,CYBER/USDT:USDT,1.6135,593.0,1.6134,128.0,1.617,500.0,1.6171,1575.0
1753533089108,12:31:29.108,CYBER/USDT:USDT,1.6135,593.0,1.6134,128.0,1.617,500.0,1.6171,1575.0
1753533089520,12:31:29.520,CYBER/USDT:USDT,1.6135,593.0,1.6134,128.0,1.617,500.0,1.6171,1575.0
1753533089715,12:31:29.715,CYBER/USDT:USDT,1.614,128.0,1.6139,1575.0,1.617,500.0,1.6172,1855.0
1753533089780,12:31:29.780,CYBER/USDT:USDT,1.6141,93.0,1.614,128.0,1.617,500.0,1.6172,1855.0
1753533090772,12:31:30.772,CYBER/USDT:USDT,1.6141,93.0,1.614,128.0,1.617,500.0,1.6172,1855.0
1753533090772,12:31:30.772,CYBER/USDT:USDT,1.6141,93.0,1.614,128.0,1.617,500.0,1.6172,1855.0
1753533091137,12:31:31.137,CYBER/USDT:USDT,1.6141,93.0,1.614,128.0,1.617,500.0,1.6172,1855.0
1753533091552,12:31:31.552,CYBER/USDT:USDT,1.6141,93.0,1.614,128.0,1.617,500.0,1.6172,1855.0
1753533092797,12:31:32.797,CYBER/USDT:USDT,1.6141,93.0,1.614,128.0,1.617,500.0,1.6172,1855.0
1753533096831,12:31:36.831,CYBER/USDT:USDT,1.6141,93.0,1.614,128.0,1.617,500.0,1.6172,1855.0
1753533097646,12:31:37.646,CYBER/USDT:USDT,1.6141,93.0,1.614,128.0,1.617,500.0,1.6172,1855.0
1753533099665,12:31:39.665,CYBER/USDT:USDT,1.6141,93.0,1.614,128.0,1.617,500.0,1.6172,1855.0
1753533099727,12:31:39.727,CYBER/USDT:USDT,1.6142,128.0,1.6141,93.0,1.617,500.0,1.6172,1855.0
1753533099784,12:31:39.784,CYBER/USDT:USDT,1.6143,46.0,1.6142,128.0,1.617,500.0,1.6172,1855.0
1753533105754,12:31:45.754,CYBER/USDT:USDT,1.6143,46.0,1.6142,128.0,1.617,500.0,1.618,500.0
1753533106047,12:31:46.047,CYBER/USDT:USDT,1.6143,46.0,1.6142,128.0,1.6175,1261.0,1.618,500.0
1753533106107,12:31:46.107,CYBER/USDT:USDT,1.6143,46.0,1.6142,128.0,1.6175,1261.0,1.618,500.0
1753533106654,12:31:46.654,CYBER/USDT:USDT,1.6143,46.0,1.6142,128.0,1.6175,1261.0,1.618,500.0
1753533107775,12:31:47.775,CYBER/USDT:USDT,1.6143,46.0,1.6142,128.0,1.618,500.0,1.6185,500.0
1753533107957,12:31:47.957,CYBER/USDT:USDT,1.6143,46.0,1.6142,128.0,1.6175,1261.0,1.6178,500.0
1753533110171,12:31:50.171,CYBER/USDT:USDT,1.6143,46.0,1.6142,128.0,1.6175,1261.0,1.6178,500.0
1753533110942,12:31:50.942,CYBER/USDT:USDT,1.6143,46.0,1.6142,128.0,1.6175,1261.0,1.6178,500.0
1753533112561,12:31:52.561,CYBER/USDT:USDT,1.6143,46.0,1.6142,128.0,1.6175,1261.0,1.6178,500.0
1753533113937,12:31:53.937,CYBER/USDT:USDT,1.6143,46.0,1.6142,128.0,1.6175,1261.0,1.6178,500.0
1753533114465,12:31:54.465,CYBER/USDT:USDT,1.6143,46.0,1.6142,128.0,1.6178,500.0,1.6185,500.0
1753533114587,12:31:54.587,CYBER/USDT:USDT,1.6143,46.0,1.6142,128.0,1.6178,500.0,1.6185,500.0
1753533114785,12:31:54.785,CYBER/USDT:USDT,1.6143,46.0,1.6142,128.0,1.6178,500.0,1.6185,500.0
1753533114926,12:31:54.926,CYBER/USDT:USDT,1.6143,46.0,1.6142,128.0,1.618,500.0,1.6181,1575.0
1753533114997,12:31:54.997,CYBER/USDT:USDT,1.6143,46.0,1.6142,128.0,1.618,500.0,1.6181,1575.0
1753533116613,12:31:56.613,CYBER/USDT:USDT,1.6143,46.0,1.6142,128.0,1.618,500.0,1.6181,1575.0
1753533119642,12:31:59.642,CYBER/USDT:USDT,1.6143,46.0,1.6142,128.0,1.6175,1261.0,1.618,500.0
1753533119850,12:31:59.850,CYBER/USDT:USDT,1.6143,46.0,1.6142,128.0,1.6175,1261.0,1.618,500.0
1753533120683,12:32:00.683,CYBER/USDT:USDT,1.6143,46.0,1.6142,128.0,1.6175,1261.0,1.618,500.0
1753533121908,12:32:01.908,CYBER/USDT:USDT,1.6143,46.0,1.6142,128.0,1.6175,1261.0,1.618,500.0
1753533126794,12:32:06.794,CYBER/USDT:USDT,1.6143,46.0,1.6142,128.0,1.6175,1261.0,1.618,500.0
1753533128570,12:32:08.570,CYBER/USDT:USDT,1.6143,46.0,1.6142,128.0,1.6175,1261.0,1.618,500.0
1753533128766,12:32:08.766,CYBER/USDT:USDT,1.6143,46.0,1.6142,128.0,1.6175,1261.0,1.618,500.0
1753533128826,12:32:08.826,CYBER/USDT:USDT,1.6143,46.0,1.6142,128.0,1.6174,1854.0,1.6175,1261.0
1753533129155,12:32:09.155,CYBER/USDT:USDT,1.6143,46.0,1.6142,128.0,1.6174,1854.0,1.6175,1261.0
1753533130772,12:32:10.772,CYBER/USDT:USDT,1.6143,46.0,1.6142,128.0,1.6174,1854.0,1.6175,1261.0
1753533130778,12:32:10.778,CYBER/USDT:USDT,1.6143,46.0,1.6142,128.0,1.6174,1854.0,1.6175,1261.0
1753533133175,12:32:13.175,CYBER/USDT:USDT,1.6143,46.0,1.6142,128.0,1.6174,1854.0,1.6175,1261.0
1753533135051,12:32:15.051,CYBER/USDT:USDT,1.6143,46.0,1.6142,128.0,1.6174,1854.0,1.6175,1261.0
1753533136940,12:32:16.940,CYBER/USDT:USDT,1.6143,46.0,1.6142,128.0,1.6174,1854.0,1.6175,1261.0
1753533138816,12:32:18.816,CYBER/USDT:USDT,1.6143,46.0,1.6142,128.0,1.6174,1854.0,1.6175,1261.0
1753533139951,12:32:19.951,CYBER/USDT:USDT,1.6143,46.0,1.6142,128.0,1.6174,1854.0,1.6175,1261.0
1753533143665,12:32:23.665,CYBER/USDT:USDT,1.6143,46.0,1.6142,128.0,1.6174,1854.0,1.6175,1261.0
1753533143683,12:32:23.683,CYBER/USDT:USDT,1.6143,46.0,1.6142,128.0,1.6174,1854.0,1.6175,1261.0
1753533144312,12:32:24.312,CYBER/USDT:USDT,1.6143,46.0,1.6142,128.0,1.6174,1854.0,1.6175,1261.0
1753533146866,12:32:26.866,CYBER/USDT:USDT,1.6143,46.0,1.6142,128.0,1.6174,1854.0,1.6175,1261.0
1753533148755,12:32:28.755,CYBER/USDT:USDT,1.6143,46.0,1.6142,128.0,1.6171,1575.0,1.6174,1854.0
1753533148776,12:32:28.776,CYBER/USDT:USDT,1.6143,46.0,1.6142,128.0,1.6171,1575.0,1.6174,1854.0
1753533149532,12:32:29.532,CYBER/USDT:USDT,1.6143,46.0,1.6142,128.0,1.6171,1575.0,1.6174,1854.0
1753533150816,12:32:30.816,CYBER/USDT:USDT,1.6143,46.0,1.6142,128.0,1.6171,1575.0,1.6174,1854.0
1753533151008,12:32:31.008,CYBER/USDT:USDT,1.6143,46.0,1.6142,128.0,1.6174,1854.0,1.6175,1261.0
1753533151217,12:32:31.217,CYBER/USDT:USDT,1.6143,46.0,1.6142,128.0,1.6171,1575.0,1.6174,1854.0
1753533152961,12:32:32.961,CYBER/USDT:USDT,1.6143,46.0,1.6142,128.0,1.6171,1575.0,1.6174,1854.0
1753533154465,12:32:34.465,CYBER/USDT:USDT,1.6143,46.0,1.6131,128.0,1.6162,1856.0,1.6163,1261.0
1753533154527,12:32:34.527,CYBER/USDT:USDT,1.6133,128.0,1.6132,476.0,1.6162,1856.0,1.6163,1261.0
1753533154596,12:32:34.596,CYBER/USDT:USDT,1.6134,261.0,1.6133,128.0,1.6162,1856.0,1.6163,1261.0
1753533155227,12:32:35.227,CYBER/USDT:USDT,1.6134,46.0,1.6119,128.0,1.6162,1856.0,1.6163,1261.0
1753533155318,12:32:35.318,CYBER/USDT:USDT,1.613,128.0,1.6129,1575.0,1.6162,1856.0,1.6163,1261.0
1753533155380,12:32:35.380,CYBER/USDT:USDT,1.6131,89.0,1.613,128.0,1.6162,1856.0,1.6163,1261.0
1753533155527,12:32:35.527,CYBER/USDT:USDT,1.6131,89.0,1.613,128.0,1.6162,1856.0,1.6163,1261.0
1753533159748,12:32:39.748,CYBER/USDT:USDT,1.6131,89.0,1.613,128.0,1.6162,1856.0,1.6163,1261.0
1753533160966,12:32:40.966,CYBER/USDT:USDT,1.6131,89.0,1.613,128.0,1.6162,1856.0,1.6163,1261.0
1753533162259,12:32:42.259,CYBER/USDT:USDT,1.6131,89.0,1.613,128.0,1.6162,1856.0,1.6163,1261.0
1753533162324,12:32:42.324,CYBER/USDT:USDT,1.6131,89.0,1.613,128.0,1.6161,1575.0,1.6162,1856.0
1753533162584,12:32:42.584,CYBER/USDT:USDT,1.6131,89.0,1.613,128.0,1.6161,1575.0,1.6162,1856.0
1753533162817,12:32:42.817,CYBER/USDT:USDT,1.6131,89.0,1.613,128.0,1.6161,1575.0,1.6162,1856.0
1753533162996,12:32:42.996,CYBER/USDT:USDT,1.6131,89.0,1.613,128.0,1.6161,1575.0,1.6162,1856.0
1753533164177,12:32:44.177,CYBER/USDT:USDT,1.6131,89.0,1.613,128.0,1.6161,1575.0,1.6162,1856.0
1753533164661,12:32:44.661,CYBER/USDT:USDT,1.6131,89.0,1.613,128.0,1.6161,1575.0,1.6162,1856.0
1753533166938,12:32:46.938,CYBER/USDT:USDT,1.6132,128.0,1.6131,89.0,1.6161,1575.0,1.6162,1856.0
1753533166980,12:32:46.980,CYBER/USDT:USDT,1.6133,46.0,1.6132,128.0,1.6161,1575.0,1.6162,1856.0
1753533167087,12:32:47.087,CYBER/USDT:USDT,1.6131,43.0,1.6119,128.0,1.6161,1575.0,1.6162,1856.0
1753533167179,12:32:47.179,CYBER/USDT:USDT,1.6131,43.0,1.612,46.0,1.6161,1575.0,1.6162,1856.0
1753533169310,12:32:49.310,CYBER/USDT:USDT,1.6131,43.0,1.612,46.0,1.616,500.0,1.6161,1575.0
1753533169382,12:32:49.382,CYBER/USDT:USDT,1.6131,43.0,1.612,46.0,1.616,500.0,1.6161,1575.0
1753533174254,12:32:54.254,CYBER/USDT:USDT,1.6131,43.0,1.612,46.0,1.616,500.0,1.6161,500.0
1753533174660,12:32:54.660,CYBER/USDT:USDT,1.6131,43.0,1.612,46.0,1.616,500.0,1.6161,500.0
1753533176226,12:32:56.226,CYBER/USDT:USDT,1.6131,43.0,1.612,46.0,1.6161,500.0,1.6162,1856.0
1753533177907,12:32:57.907,CYBER/USDT:USDT,1.6131,43.0,1.6121,128.0,1.6161,500.0,1.6162,1856.0
1753533178017,12:32:58.017,CYBER/USDT:USDT,1.6131,43.0,1.6122,46.0,1.6161,2075.0,1.6162,1856.0
1753533178517,12:32:58.517,CYBER/USDT:USDT,1.6131,43.0,1.6122,46.0,1.6161,500.0,1.6162,1856.0
1753533179127,12:32:59.127,CYBER/USDT:USDT,1.613,128.0,1.6129,1575.0,1.6161,500.0,1.6162,1856.0
1753533179245,12:32:59.245,CYBER/USDT:USDT,1.613,174.0,1.6129,1575.0,1.6161,2075.0,1.6162,1856.0
1753533179280,12:32:59.280,CYBER/USDT:USDT,1.613,174.0,1.6129,1575.0,1.6161,2075.0,1.6162,1856.0
1753533179380,12:32:59.380,CYBER/USDT:USDT,1.613,174.0,1.6129,1575.0,1.6161,2075.0,1.6162,1856.0
1753533179479,12:32:59.479,CYBER/USDT:USDT,1.613,174.0,1.6129,1575.0,1.6161,2075.0,1.6162,1856.0
1753533179582,12:32:59.582,CYBER/USDT:USDT,1.613,174.0,1.6129,1575.0,1.6161,2075.0,1.6162,1856.0
1753533179681,12:32:59.681,CYBER/USDT:USDT,1.613,174.0,1.6129,1575.0,1.6161,2075.0,1.6162,1856.0
1753533179779,12:32:59.779,CYBER/USDT:USDT,1.613,174.0,1.6129,1575.0,1.6161,2075.0,1.6162,1856.0
1753533179880,12:32:59.880,CYBER/USDT:USDT,1.613,174.0,1.6129,1575.0,1.6161,2075.0,1.6162,1856.0
1753533179980,12:32:59.980,CYBER/USDT:USDT,1.613,174.0,1.6129,1575.0,1.6161,2075.0,1.6162,1856.0
1753533180079,12:33:00.079,CYBER/USDT:USDT,1.613,174.0,1.6129,1575.0,1.6161,2075.0,1.6162,1856.0
1753533180180,12:33:00.180,CYBER/USDT:USDT,1.613,174.0,1.6129,1575.0,1.6161,2075.0,1.6162,1856.0
1753533180280,12:33:00.280,CYBER/USDT:USDT,1.613,174.0,1.6129,1575.0,1.6161,2075.0,1.6162,1856.0
1753533180387,12:33:00.387,CYBER/USDT:USDT,1.613,174.0,1.6129,1575.0,1.6161,2075.0,1.6162,1856.0
1753533180511,12:33:00.511,CYBER/USDT:USDT,1.613,174.0,1.6129,1575.0,1.6161,2075.0,1.6162,1856.0
1753533180580,12:33:00.580,CYBER/USDT:USDT,1.613,174.0,1.6129,1575.0,1.6161,2075.0,1.6162,1856.0
1753533180727,12:33:00.727,CYBER/USDT:USDT,1.613,174.0,1.6129,1575.0,1.6161,2075.0,1.6162,1856.0
1753533180779,12:33:00.779,CYBER/USDT:USDT,1.613,174.0,1.6129,1575.0,1.6161,2075.0,1.6162,1856.0
1753533180898,12:33:00.898,CYBER/USDT:USDT,1.613,174.0,1.6129,1575.0,1.6161,3931.0,1.6163,1261.0
1753533180981,12:33:00.981,CYBER/USDT:USDT,1.613,174.0,1.6129,1575.0,1.6161,3931.0,1.6163,1261.0
1753533181083,12:33:01.083,CYBER/USDT:USDT,1.613,174.0,1.6129,1575.0,1.6161,3931.0,1.6163,1261.0
1753533181195,12:33:01.195,CYBER/USDT:USDT,1.613,174.0,1.6128,1575.0,1.6161,3931.0,1.6163,1261.0
1753533181280,12:33:01.280,CYBER/USDT:USDT,1.613,128.0,1.6129,46.0,1.6161,3931.0,1.6163,1261.0
1753533183056,12:33:03.056,CYBER/USDT:USDT,1.6129,46.0,1.6117,128.0,1.6161,3931.0,1.6163,1261.0
1753533183133,12:33:03.133,CYBER/USDT:USDT,1.6127,128.0,1.6126,1575.0,1.6161,3931.0,1.6163,1261.0
1753533183179,12:33:03.179,CYBER/USDT:USDT,1.6127,174.0,1.6126,1575.0,1.6161,3931.0,1.6163,1261.0
1753533183280,12:33:03.280,CYBER/USDT:USDT,1.6127,174.0,1.6126,1575.0,1.6161,3931.0,1.6163,1261.0
1753533183380,12:33:03.380,CYBER/USDT:USDT,1.6127,174.0,1.6126,1575.0,1.6161,3931.0,1.6163,1261.0
1753533183479,12:33:03.479,CYBER/USDT:USDT,1.6127,174.0,1.6126,1575.0,1.6161,3931.0,1.6163,1261.0
1753533183579,12:33:03.579,CYBER/USDT:USDT,1.6127,174.0,1.6126,1575.0,1.6161,3931.0,1.6163,1261.0
1753533183680,12:33:03.680,CYBER/USDT:USDT,1.6127,174.0,1.6126,1575.0,1.6161,3931.0,1.6163,1261.0
1753533183780,12:33:03.780,CYBER/USDT:USDT,1.6127,174.0,1.6126,1575.0,1.6161,3931.0,1.6163,1261.0
1753533183879,12:33:03.879,CYBER/USDT:USDT,1.6127,174.0,1.6126,1575.0,1.6161,3931.0,1.6163,1261.0
1753533183979,12:33:03.979,CYBER/USDT:USDT,1.6127,174.0,1.6126,1575.0,1.6161,3931.0,1.6163,1261.0
1753533184080,12:33:04.080,CYBER/USDT:USDT,1.6127,174.0,1.6126,1575.0,1.6161,3931.0,1.6163,1261.0
1753533184179,12:33:04.179,CYBER/USDT:USDT,1.6127,174.0,1.6126,1575.0,1.6161,3931.0,1.6163,1261.0
1753533184280,12:33:04.280,CYBER/USDT:USDT,1.6127,174.0,1.6126,1575.0,1.6161,3931.0,1.6163,1261.0
1753533184466,12:33:04.466,CYBER/USDT:USDT,1.6127,46.0,1.6119,128.0,1.6161,3931.0,1.6163,1261.0
1753533184564,12:33:04.564,CYBER/USDT:USDT,1.6119,128.0,1.6118,42.0,1.6161,3931.0,1.6163,1261.0
1753533185131,12:33:05.131,CYBER/USDT:USDT,1.6119,628.0,1.6118,42.0,1.6161,3931.0,1.6163,1261.0
1753533185180,12:33:05.180,CYBER/USDT:USDT,1.612,46.0,1.6119,628.0,1.6161,3931.0,1.6163,1261.0
1753533186120,12:33:06.120,CYBER/USDT:USDT,1.612,546.0,1.6119,628.0,1.6161,3931.0,1.6163,1261.0
1753533186647,12:33:06.647,CYBER/USDT:USDT,1.6121,853.0,1.612,546.0,1.6161,3931.0,1.6163,1261.0
1753533186772,12:33:06.772,CYBER/USDT:USDT,1.6122,261.0,1.6121,853.0,1.6161,3931.0,1.6163,1261.0
1753533186784,12:33:06.784,CYBER/USDT:USDT,1.6122,261.0,1.6121,853.0,1.6161,3931.0,1.6163,1261.0
1753533186880,12:33:06.880,CYBER/USDT:USDT,1.6122,261.0,1.6121,853.0,1.6161,3931.0,1.6163,1261.0
1753533187067,12:33:07.067,CYBER/USDT:USDT,1.6122,46.0,1.6117,128.0,1.6151,500.0,1.6161,2075.0
1753533187140,12:33:07.140,CYBER/USDT:USDT,1.6117,216.0,1.6116,1575.0,1.6151,500.0,1.616,500.0
1753533187249,12:33:07.249,CYBER/USDT:USDT,1.6117,216.0,1.6116,1575.0,1.6151,500.0,1.616,500.0
1753533187279,12:33:07.279,CYBER/USDT:USDT,1.6117,216.0,1.6116,1575.0,1.6151,500.0,1.616,500.0
1753533187468,12:33:07.468,CYBER/USDT:USDT,1.6117,216.0,1.6116,1575.0,1.6151,500.0,1.616,500.0
1753533187550,12:33:07.550,CYBER/USDT:USDT,1.6117,216.0,1.6116,1575.0,1.6151,500.0,1.616,500.0
1753533187580,12:33:07.580,CYBER/USDT:USDT,1.6117,216.0,1.6116,1575.0,1.6151,500.0,1.616,500.0
1753533187680,12:33:07.680,CYBER/USDT:USDT,1.6117,216.0,1.6116,1575.0,1.6151,500.0,1.616,500.0
1753533187780,12:33:07.780,CYBER/USDT:USDT,1.6117,216.0,1.6116,1575.0,1.6151,500.0,1.616,500.0
1753533187909,12:33:07.909,CYBER/USDT:USDT,1.6117,216.0,1.6116,1575.0,1.6151,500.0,1.616,500.0
1753533187981,12:33:07.981,CYBER/USDT:USDT,1.6117,216.0,1.6116,1575.0,1.6151,500.0,1.616,500.0
1753533188098,12:33:08.098,CYBER/USDT:USDT,1.6117,716.0,1.6116,1575.0,1.616,500.0,1.6161,1575.0
1753533188236,12:33:08.236,CYBER/USDT:USDT,1.6117,716.0,1.6116,1575.0,1.6152,1261.0,1.616,500.0
1753533190884,12:33:10.884,CYBER/USDT:USDT,1.6128,33.0,1.6127,174.0,1.616,500.0,1.6161,1575.0
1753533190981,12:33:10.981,CYBER/USDT:USDT,1.6128,33.0,1.6127,174.0,1.616,500.0,1.6161,1575.0
1753533191085,12:33:11.085,CYBER/USDT:USDT,1.6128,33.0,1.6127,174.0,1.616,500.0,1.6161,1575.0
1753533191182,12:33:11.182,CYBER/USDT:USDT,1.6128,33.0,1.6127,174.0,1.616,500.0,1.6161,1575.0
1753533191280,12:33:11.280,CYBER/USDT:USDT,1.6128,33.0,1.6127,174.0,1.616,500.0,1.6161,1575.0
1753533191380,12:33:11.380,CYBER/USDT:USDT,1.6128,33.0,1.6127,174.0,1.616,500.0,1.6161,1575.0
1753533191481,12:33:11.481,CYBER/USDT:USDT,1.6128,33.0,1.6127,174.0,1.616,500.0,1.6161,1575.0
1753533191580,12:33:11.580,CYBER/USDT:USDT,1.6128,33.0,1.6127,174.0,1.616,500.0,1.6161,1575.0
1753533191681,12:33:11.681,CYBER/USDT:USDT,1.6128,33.0,1.6127,174.0,1.616,500.0,1.6161,1575.0
1753533192012,12:33:12.012,CYBER/USDT:USDT,1.6128,33.0,1.6127,174.0,1.616,500.0,1.6161,1575.0
1753533192268,12:33:12.268,CYBER/USDT:USDT,1.6128,33.0,1.6127,128.0,1.616,500.0,1.6161,1575.0
1753533192277,12:33:12.277,CYBER/USDT:USDT,1.6128,33.0,1.6127,174.0,1.616,500.0,1.6161,1575.0
1753533192379,12:33:12.379,CYBER/USDT:USDT,1.6128,33.0,1.6127,174.0,1.616,500.0,1.6161,1575.0
1753533192480,12:33:12.480,CYBER/USDT:USDT,1.6128,33.0,1.6127,174.0,1.616,500.0,1.6161,1575.0
1753533192614,12:33:12.614,CYBER/USDT:USDT,1.6128,33.0,1.6127,174.0,1.616,500.0,1.6161,1575.0
1753533192680,12:33:12.680,CYBER/USDT:USDT,1.6128,33.0,1.6127,174.0,1.616,500.0,1.6161,1575.0
1753533192779,12:33:12.779,CYBER/USDT:USDT,1.6128,33.0,1.6127,174.0,1.616,500.0,1.6161,1575.0
1753533192879,12:33:12.879,CYBER/USDT:USDT,1.6128,33.0,1.6127,174.0,1.616,500.0,1.6161,1575.0
1753533192980,12:33:12.980,CYBER/USDT:USDT,1.6128,33.0,1.6127,174.0,1.616,500.0,1.6161,1575.0
1753533193080,12:33:13.080,CYBER/USDT:USDT,1.6128,33.0,1.6127,174.0,1.616,500.0,1.6161,1575.0
1753533193179,12:33:13.179,CYBER/USDT:USDT,1.6128,33.0,1.6127,174.0,1.616,500.0,1.6161,1575.0
1753533193284,12:33:13.284,CYBER/USDT:USDT,1.6128,33.0,1.6127,174.0,1.616,500.0,1.6161,1575.0
1753533193381,12:33:13.381,CYBER/USDT:USDT,1.6128,33.0,1.6127,174.0,1.616,500.0,1.6161,1575.0
1753533193480,12:33:13.480,CYBER/USDT:USDT,1.6128,33.0,1.6127,174.0,1.616,500.0,1.6161,1575.0
1753533193612,12:33:13.612,CYBER/USDT:USDT,1.6128,33.0,1.6127,174.0,1.616,500.0,1.6161,1575.0
1753533193680,12:33:13.680,CYBER/USDT:USDT,1.6128,33.0,1.6127,174.0,1.616,500.0,1.6161,1575.0
1753533193783,12:33:13.783,CYBER/USDT:USDT,1.6128,33.0,1.6127,174.0,1.616,500.0,1.6161,1575.0
1753533193880,12:33:13.880,CYBER/USDT:USDT,1.6128,33.0,1.6127,174.0,1.616,500.0,1.6161,1575.0
1753533193980,12:33:13.980,CYBER/USDT:USDT,1.6128,33.0,1.6127,174.0,1.616,500.0,1.6161,1575.0
1753533194080,12:33:14.080,CYBER/USDT:USDT,1.6128,33.0,1.6127,174.0,1.616,500.0,1.6161,1575.0
1753533194180,12:33:14.180,CYBER/USDT:USDT,1.6128,33.0,1.6127,174.0,1.616,500.0,1.6161,1575.0
1753533194280,12:33:14.280,CYBER/USDT:USDT,1.6128,33.0,1.6127,174.0,1.616,500.0,1.6161,1575.0
1753533194380,12:33:14.380,CYBER/USDT:USDT,1.6128,33.0,1.6127,174.0,1.616,500.0,1.6161,1575.0
1753533194480,12:33:14.480,CYBER/USDT:USDT,1.6128,33.0,1.6127,174.0,1.616,500.0,1.6161,1575.0
1753533194610,12:33:14.610,CYBER/USDT:USDT,1.6128,33.0,1.6127,174.0,1.616,500.0,1.6161,1575.0
1753533194680,12:33:14.680,CYBER/USDT:USDT,1.6128,33.0,1.6127,174.0,1.616,500.0,1.6161,1575.0
1753533194780,12:33:14.780,CYBER/USDT:USDT,1.6128,33.0,1.6127,174.0,1.616,500.0,1.6161,1575.0
1753533194879,12:33:14.879,CYBER/USDT:USDT,1.6128,33.0,1.6127,174.0,1.616,500.0,1.6161,1575.0
1753533194980,12:33:14.980,CYBER/USDT:USDT,1.6128,33.0,1.6127,174.0,1.616,500.0,1.6161,1575.0
1753533195081,12:33:15.081,CYBER/USDT:USDT,1.6128,33.0,1.6127,174.0,1.616,500.0,1.6161,1575.0
1753533195181,12:33:15.181,CYBER/USDT:USDT,1.6128,33.0,1.6127,174.0,1.616,500.0,1.6161,1575.0
1753533195280,12:33:15.280,CYBER/USDT:USDT,1.6128,33.0,1.6127,174.0,1.616,500.0,1.6161,1575.0
1753533195380,12:33:15.380,CYBER/USDT:USDT,1.6128,33.0,1.6127,174.0,1.616,500.0,1.6161,1575.0
1753533195480,12:33:15.480,CYBER/USDT:USDT,1.6128,33.0,1.6127,174.0,1.616,500.0,1.6161,1575.0
1753533195613,12:33:15.613,CYBER/USDT:USDT,1.6128,33.0,1.6127,174.0,1.616,500.0,1.6161,1575.0
1753533195679,12:33:15.679,CYBER/USDT:USDT,1.6128,33.0,1.6127,174.0,1.616,500.0,1.6161,1575.0
1753533195782,12:33:15.782,CYBER/USDT:USDT,1.6128,33.0,1.6127,174.0,1.616,500.0,1.6161,1575.0
1753533195879,12:33:15.879,CYBER/USDT:USDT,1.6128,33.0,1.6127,174.0,1.616,500.0,1.6161,1575.0
1753533195979,12:33:15.979,CYBER/USDT:USDT,1.6128,33.0,1.6127,174.0,1.616,500.0,1.6161,1575.0
1753533196080,12:33:16.080,CYBER/USDT:USDT,1.6128,33.0,1.6127,174.0,1.616,500.0,1.6161,1575.0
1753533196180,12:33:16.180,CYBER/USDT:USDT,1.6128,33.0,1.6127,174.0,1.616,500.0,1.6161,1575.0
1753533196280,12:33:16.280,CYBER/USDT:USDT,1.6128,33.0,1.6127,174.0,1.616,500.0,1.6161,1575.0
1753533196380,12:33:16.380,CYBER/USDT:USDT,1.6128,33.0,1.6127,174.0,1.616,500.0,1.6161,1575.0
1753533196479,12:33:16.479,CYBER/USDT:USDT,1.6128,33.0,1.6127,174.0,1.616,500.0,1.6161,1575.0
1753533196579,12:33:16.579,CYBER/USDT:USDT,1.6128,33.0,1.6127,174.0,1.616,500.0,1.6161,1575.0
1753533196679,12:33:16.679,CYBER/USDT:USDT,1.6128,33.0,1.6127,174.0,1.616,500.0,1.6161,1575.0
1753533196780,12:33:16.780,CYBER/USDT:USDT,1.6128,33.0,1.6127,174.0,1.616,500.0,1.6161,1575.0
1753533196881,12:33:16.881,CYBER/USDT:USDT,1.6128,33.0,1.6127,174.0,1.616,500.0,1.6161,1575.0
1753533196982,12:33:16.982,CYBER/USDT:USDT,1.6128,33.0,1.6127,174.0,1.616,500.0,1.6161,1575.0
1753533197086,12:33:17.086,CYBER/USDT:USDT,1.6128,33.0,1.6127,174.0,1.616,500.0,1.6161,1575.0
1753533197181,12:33:17.181,CYBER/USDT:USDT,1.6128,33.0,1.6127,174.0,1.616,500.0,1.6161,1575.0
1753533197280,12:33:17.280,CYBER/USDT:USDT,1.6128,33.0,1.6127,174.0,1.616,500.0,1.6161,1575.0
1753533197380,12:33:17.380,CYBER/USDT:USDT,1.6128,33.0,1.6127,174.0,1.616,500.0,1.6161,1575.0
1753533197483,12:33:17.483,CYBER/USDT:USDT,1.6128,33.0,1.6127,174.0,1.616,500.0,1.6161,1575.0
1753533197580,12:33:17.580,CYBER/USDT:USDT,1.6128,33.0,1.6127,174.0,1.616,500.0,1.6161,1575.0
1753533197679,12:33:17.679,CYBER/USDT:USDT,1.6128,33.0,1.6127,174.0,1.616,500.0,1.6161,1575.0
1753533197780,12:33:17.780,CYBER/USDT:USDT,1.6128,33.0,1.6127,174.0,1.616,500.0,1.6161,1575.0
1753533197879,12:33:17.879,CYBER/USDT:USDT,1.6128,33.0,1.6127,174.0,1.616,500.0,1.6161,1575.0
1753533197980,12:33:17.980,CYBER/USDT:USDT,1.6128,33.0,1.6127,174.0,1.616,500.0,1.6161,1575.0
1753533198080,12:33:18.080,CYBER/USDT:USDT,1.6128,33.0,1.6127,174.0,1.616,500.0,1.6161,1575.0
1753533198181,12:33:18.181,CYBER/USDT:USDT,1.6128,33.0,1.6127,174.0,1.616,500.0,1.6161,1575.0
1753533198280,12:33:18.280,CYBER/USDT:USDT,1.6128,33.0,1.6127,174.0,1.616,500.0,1.6161,1575.0
1753533198380,12:33:18.380,CYBER/USDT:USDT,1.6128,33.0,1.6127,174.0,1.616,500.0,1.6161,1575.0
1753533198480,12:33:18.480,CYBER/USDT:USDT,1.6128,33.0,1.6127,174.0,1.616,500.0,1.6161,1575.0
1753533198580,12:33:18.580,CYBER/USDT:USDT,1.6128,33.0,1.6127,174.0,1.616,500.0,1.6161,1575.0
1753533198680,12:33:18.680,CYBER/USDT:USDT,1.6128,33.0,1.6127,174.0,1.616,500.0,1.6161,1575.0
1753533198854,12:33:18.854,CYBER/USDT:USDT,1.6128,33.0,1.6127,174.0,1.616,500.0,1.6161,1575.0
1753533198880,12:33:18.880,CYBER/USDT:USDT,1.6128,33.0,1.6127,174.0,1.616,500.0,1.6161,1575.0
1753533198982,12:33:18.982,CYBER/USDT:USDT,1.6128,33.0,1.6127,174.0,1.616,500.0,1.6161,1575.0
1753533199079,12:33:19.079,CYBER/USDT:USDT,1.6128,33.0,1.6127,174.0,1.616,500.0,1.6161,1575.0
1753533199179,12:33:19.179,CYBER/USDT:USDT,1.6128,33.0,1.6127,174.0,1.616,500.0,1.6161,1575.0
1753533199279,12:33:19.279,CYBER/USDT:USDT,1.6128,33.0,1.6127,174.0,1.616,500.0,1.6161,1575.0
1753533199380,12:33:19.380,CYBER/USDT:USDT,1.6128,33.0,1.6127,174.0,1.616,500.0,1.6161,1575.0
1753533199479,12:33:19.479,CYBER/USDT:USDT,1.6128,33.0,1.6127,174.0,1.616,500.0,1.6161,1575.0
1753533199585,12:33:19.585,CYBER/USDT:USDT,1.6128,33.0,1.6127,174.0,1.616,500.0,1.6161,1575.0
1753533199680,12:33:19.680,CYBER/USDT:USDT,1.6128,33.0,1.6127,174.0,1.616,500.0,1.6161,1575.0
1753533199780,12:33:19.780,CYBER/USDT:USDT,1.6128,33.0,1.6127,174.0,1.616,500.0,1.6161,1575.0
1753533199880,12:33:19.880,CYBER/USDT:USDT,1.6128,33.0,1.6127,174.0,1.616,500.0,1.6161,1575.0
1753533199980,12:33:19.980,CYBER/USDT:USDT,1.6128,33.0,1.6127,174.0,1.616,500.0,1.6161,1575.0
1753533200079,12:33:20.079,CYBER/USDT:USDT,1.6128,33.0,1.6127,174.0,1.616,500.0,1.6161,1575.0
1753533200180,12:33:20.180,CYBER/USDT:USDT,1.6128,33.0,1.6127,174.0,1.616,500.0,1.6161,1575.0
1753533200279,12:33:20.279,CYBER/USDT:USDT,1.6128,33.0,1.6127,174.0,1.616,500.0,1.6161,1575.0
1753533200381,12:33:20.381,CYBER/USDT:USDT,1.6128,33.0,1.6127,174.0,1.616,500.0,1.6161,1575.0
1753533200483,12:33:20.483,CYBER/USDT:USDT,1.6128,33.0,1.6127,174.0,1.616,500.0,1.6161,1575.0
1753533200582,12:33:20.582,CYBER/USDT:USDT,1.6128,33.0,1.6127,174.0,1.616,500.0,1.6161,1575.0
1753533200680,12:33:20.680,CYBER/USDT:USDT,1.6128,33.0,1.6127,174.0,1.616,500.0,1.6161,1575.0
1753533200781,12:33:20.781,CYBER/USDT:USDT,1.6128,33.0,1.6127,174.0,1.616,500.0,1.6161,1575.0
1753533200882,12:33:20.882,CYBER/USDT:USDT,1.6128,33.0,1.6127,174.0,1.616,500.0,1.6161,1575.0
1753533200980,12:33:20.980,CYBER/USDT:USDT,1.6128,33.0,1.6127,174.0,1.616,500.0,1.6161,1575.0
1753533201084,12:33:21.084,CYBER/USDT:USDT,1.6128,33.0,1.6127,174.0,1.616,500.0,1.6161,1575.0
1753533201179,12:33:21.179,CYBER/USDT:USDT,1.6128,33.0,1.6127,174.0,1.616,500.0,1.6161,1575.0
1753533201283,12:33:21.283,CYBER/USDT:USDT,1.6128,33.0,1.6127,174.0,1.616,500.0,1.6161,1575.0
1753533201383,12:33:21.383,CYBER/USDT:USDT,1.6128,33.0,1.6127,174.0,1.616,500.0,1.6161,1575.0
1753533201484,12:33:21.484,CYBER/USDT:USDT,1.6128,33.0,1.6127,174.0,1.616,500.0,1.6161,1575.0
1753533201580,12:33:21.580,CYBER/USDT:USDT,1.6128,33.0,1.6127,174.0,1.616,500.0,1.6161,1575.0
1753533201680,12:33:21.680,CYBER/USDT:USDT,1.6128,33.0,1.6127,174.0,1.616,500.0,1.6161,1575.0
1753533201780,12:33:21.780,CYBER/USDT:USDT,1.6128,33.0,1.6127,174.0,1.616,500.0,1.6161,1575.0
1753533201880,12:33:21.880,CYBER/USDT:USDT,1.6128,33.0,1.6127,174.0,1.616,500.0,1.6161,1575.0
1753533201980,12:33:21.980,CYBER/USDT:USDT,1.6128,33.0,1.6127,174.0,1.616,500.0,1.6161,1575.0
1753533202079,12:33:22.079,CYBER/USDT:USDT,1.6128,33.0,1.6127,174.0,1.616,500.0,1.6161,1575.0
1753533202180,12:33:22.180,CYBER/USDT:USDT,1.6128,33.0,1.6127,174.0,1.616,500.0,1.6161,1575.0
1753533202280,12:33:22.280,CYBER/USDT:USDT,1.6128,33.0,1.6127,174.0,1.616,500.0,1.6161,1575.0
1753533202380,12:33:22.380,CYBER/USDT:USDT,1.6128,33.0,1.6127,174.0,1.616,500.0,1.6161,1575.0
1753533202482,12:33:22.482,CYBER/USDT:USDT,1.6128,33.0,1.6127,174.0,1.616,500.0,1.6161,1575.0
1753533202579,12:33:22.579,CYBER/USDT:USDT,1.6128,33.0,1.6127,174.0,1.616,500.0,1.6161,1575.0
1753533202680,12:33:22.680,CYBER/USDT:USDT,1.6128,33.0,1.6127,174.0,1.616,500.0,1.6161,1575.0
1753533202780,12:33:22.780,CYBER/USDT:USDT,1.6128,33.0,1.6127,174.0,1.616,500.0,1.6161,1575.0
1753533202880,12:33:22.880,CYBER/USDT:USDT,1.6128,33.0,1.6127,174.0,1.616,500.0,1.6161,1575.0
1753533202979,12:33:22.979,CYBER/USDT:USDT,1.6128,33.0,1.6127,174.0,1.616,500.0,1.6161,1575.0
1753533203079,12:33:23.079,CYBER/USDT:USDT,1.6128,33.0,1.6127,174.0,1.616,500.0,1.6161,1575.0
1753533203181,12:33:23.181,CYBER/USDT:USDT,1.6128,33.0,1.6127,174.0,1.616,500.0,1.6161,1575.0
1753533203280,12:33:23.280,CYBER/USDT:USDT,1.6128,33.0,1.6127,174.0,1.616,500.0,1.6161,1575.0
1753533203380,12:33:23.380,CYBER/USDT:USDT,1.6128,33.0,1.6127,174.0,1.616,500.0,1.6161,1575.0
1753533203485,12:33:23.485,CYBER/USDT:USDT,1.6128,33.0,1.6127,174.0,1.616,500.0,1.6161,1575.0
1753533203683,12:33:23.683,CYBER/USDT:USDT,1.6128,33.0,1.6127,174.0,1.616,500.0,1.6161,1575.0
1753533203780,12:33:23.780,CYBER/USDT:USDT,1.6128,33.0,1.6127,174.0,1.616,500.0,1.6161,1575.0
1753533203879,12:33:23.879,CYBER/USDT:USDT,1.6128,33.0,1.6127,174.0,1.616,500.0,1.6161,1575.0
1753533203979,12:33:23.979,CYBER/USDT:USDT,1.6128,33.0,1.6127,174.0,1.616,500.0,1.6161,1575.0
1753533204084,12:33:24.084,CYBER/USDT:USDT,1.6128,33.0,1.6127,174.0,1.616,500.0,1.6161,1575.0
1753533204180,12:33:24.180,CYBER/USDT:USDT,1.6128,33.0,1.6127,174.0,1.616,500.0,1.6161,1575.0
1753533204281,12:33:24.281,CYBER/USDT:USDT,1.6128,33.0,1.6127,174.0,1.616,500.0,1.6161,1575.0
1753533204381,12:33:24.381,CYBER/USDT:USDT,1.6128,33.0,1.6127,174.0,1.616,500.0,1.6161,1575.0
1753533204481,12:33:24.481,CYBER/USDT:USDT,1.6128,33.0,1.6127,174.0,1.616,500.0,1.6161,1575.0
1753533204580,12:33:24.580,CYBER/USDT:USDT,1.6128,33.0,1.6127,174.0,1.616,500.0,1.6161,1575.0
1753533204700,12:33:24.700,CYBER/USDT:USDT,1.6128,33.0,1.6127,174.0,1.616,500.0,1.6161,1575.0
1753533204780,12:33:24.780,CYBER/USDT:USDT,1.6128,33.0,1.6127,174.0,1.616,500.0,1.6161,1575.0
1753533204889,12:33:24.889,CYBER/USDT:USDT,1.6128,33.0,1.6127,174.0,1.616,500.0,1.6161,1575.0
1753533204981,12:33:24.981,CYBER/USDT:USDT,1.6128,33.0,1.6127,174.0,1.616,500.0,1.6161,1575.0
1753533205079,12:33:25.079,CYBER/USDT:USDT,1.6128,33.0,1.6127,174.0,1.616,500.0,1.6161,1575.0
1753533205185,12:33:25.185,CYBER/USDT:USDT,1.6128,33.0,1.6127,174.0,1.616,500.0,1.6161,1575.0
1753533205280,12:33:25.280,CYBER/USDT:USDT,1.6128,33.0,1.6127,174.0,1.616,500.0,1.6161,1575.0
1753533205381,12:33:25.381,CYBER/USDT:USDT,1.6128,33.0,1.6127,174.0,1.616,500.0,1.6161,1575.0
1753533205479,12:33:25.479,CYBER/USDT:USDT,1.6128,33.0,1.6127,174.0,1.616,500.0,1.6161,1575.0
1753533205579,12:33:25.579,CYBER/USDT:USDT,1.6128,33.0,1.6127,174.0,1.616,500.0,1.6161,1575.0
1753533205680,12:33:25.680,CYBER/USDT:USDT,1.6128,33.0,1.6127,174.0,1.616,500.0,1.6161,1575.0
1753533205783,12:33:25.783,CYBER/USDT:USDT,1.6128,33.0,1.6127,174.0,1.616,500.0,1.6161,1575.0
1753533205879,12:33:25.879,CYBER/USDT:USDT,1.6128,33.0,1.6127,174.0,1.616,500.0,1.6161,1575.0
1753533205979,12:33:25.979,CYBER/USDT:USDT,1.6128,33.0,1.6127,174.0,1.616,500.0,1.6161,1575.0
1753533206085,12:33:26.085,CYBER/USDT:USDT,1.6128,33.0,1.6127,174.0,1.616,500.0,1.6161,1575.0
1753533206181,12:33:26.181,CYBER/USDT:USDT,1.6128,33.0,1.6127,174.0,1.616,500.0,1.6161,1575.0
1753533206280,12:33:26.280,CYBER/USDT:USDT,1.6128,33.0,1.6127,174.0,1.616,500.0,1.6161,1575.0
1753533206379,12:33:26.379,CYBER/USDT:USDT,1.6128,33.0,1.6127,174.0,1.616,500.0,1.6161,1575.0
1753533206480,12:33:26.480,CYBER/USDT:USDT,1.6128,33.0,1.6127,174.0,1.616,500.0,1.6161,1575.0
1753533206671,12:33:26.671,CYBER/USDT:USDT,1.6128,33.0,1.6127,174.0,1.616,500.0,1.6161,1575.0
1753533206680,12:33:26.680,CYBER/USDT:USDT,1.6128,33.0,1.6127,174.0,1.616,500.0,1.6161,1575.0
1753533206780,12:33:26.780,CYBER/USDT:USDT,1.6128,33.0,1.6127,174.0,1.616,500.0,1.6161,1575.0
1753533206882,12:33:26.882,CYBER/USDT:USDT,1.6128,33.0,1.6127,174.0,1.616,500.0,1.6161,1575.0
1753533206981,12:33:26.981,CYBER/USDT:USDT,1.6128,33.0,1.6127,174.0,1.616,500.0,1.6161,1575.0
1753533207080,12:33:27.080,CYBER/USDT:USDT,1.6128,33.0,1.6127,174.0,1.616,500.0,1.6161,1575.0
1753533207813,12:33:27.813,CYBER/USDT:USDT,1.6128,33.0,1.6127,174.0,1.616,500.0,1.6161,1575.0
1753533207957,12:33:27.957,CYBER/USDT:USDT,1.6128,33.0,1.6127,174.0,1.616,500.0,1.6161,1575.0
1753533207982,12:33:27.982,CYBER/USDT:USDT,1.6128,33.0,1.6127,174.0,1.616,500.0,1.6161,1575.0
1753533208080,12:33:28.080,CYBER/USDT:USDT,1.6128,33.0,1.6127,174.0,1.616,500.0,1.6161,1575.0
1753533208180,12:33:28.180,CYBER/USDT:USDT,1.6128,33.0,1.6127,174.0,1.616,500.0,1.6161,1575.0
1753533208280,12:33:28.280,CYBER/USDT:USDT,1.6128,33.0,1.6127,174.0,1.616,500.0,1.6161,1575.0
1753533208381,12:33:28.381,CYBER/USDT:USDT,1.6128,33.0,1.6127,174.0,1.616,500.0,1.6161,1575.0
1753533208479,12:33:28.479,CYBER/USDT:USDT,1.6128,33.0,1.6127,174.0,1.616,500.0,1.6161,1575.0
1753533208579,12:33:28.579,CYBER/USDT:USDT,1.6128,33.0,1.6127,174.0,1.616,500.0,1.6161,1575.0
1753533208681,12:33:28.681,CYBER/USDT:USDT,1.6128,33.0,1.6127,174.0,1.616,500.0,1.6161,1575.0
1753533208783,12:33:28.783,CYBER/USDT:USDT,1.6128,33.0,1.6127,174.0,1.616,500.0,1.6161,1575.0
1753533208880,12:33:28.880,CYBER/USDT:USDT,1.6128,33.0,1.6127,174.0,1.616,500.0,1.6161,1575.0
1753533208980,12:33:28.980,CYBER/USDT:USDT,1.6128,33.0,1.6127,174.0,1.616,500.0,1.6161,1575.0
1753533209079,12:33:29.079,CYBER/USDT:USDT,1.6128,33.0,1.6127,174.0,1.616,500.0,1.6161,1575.0
1753533209179,12:33:29.179,CYBER/USDT:USDT,1.6128,33.0,1.6127,174.0,1.616,500.0,1.6161,1575.0
1753533209280,12:33:29.280,CYBER/USDT:USDT,1.6128,33.0,1.6127,174.0,1.616,500.0,1.6161,1575.0
1753533209380,12:33:29.380,CYBER/USDT:USDT,1.6128,33.0,1.6127,174.0,1.616,500.0,1.6161,1575.0
1753533209480,12:33:29.480,CYBER/USDT:USDT,1.6128,33.0,1.6127,174.0,1.616,500.0,1.6161,1575.0
1753533209580,12:33:29.580,CYBER/USDT:USDT,1.6128,33.0,1.6127,174.0,1.616,500.0,1.6161,1575.0
1753533209679,12:33:29.679,CYBER/USDT:USDT,1.6128,33.0,1.6127,174.0,1.616,500.0,1.6161,1575.0
1753533209780,12:33:29.780,CYBER/USDT:USDT,1.6128,33.0,1.6127,174.0,1.616,500.0,1.6161,1575.0
1753533209879,12:33:29.879,CYBER/USDT:USDT,1.6128,33.0,1.6127,174.0,1.616,500.0,1.6161,1575.0
1753533209979,12:33:29.979,CYBER/USDT:USDT,1.6128,33.0,1.6127,174.0,1.616,500.0,1.6161,1575.0
1753533210079,12:33:30.079,CYBER/USDT:USDT,1.6128,33.0,1.6127,174.0,1.616,500.0,1.6161,1575.0
1753533210180,12:33:30.180,CYBER/USDT:USDT,1.6128,33.0,1.6127,174.0,1.616,500.0,1.6161,1575.0
1753533210280,12:33:30.280,CYBER/USDT:USDT,1.6128,33.0,1.6127,174.0,1.616,500.0,1.6161,1575.0
1753533210380,12:33:30.380,CYBER/USDT:USDT,1.6128,33.0,1.6127,174.0,1.616,500.0,1.6161,1575.0
1753533210480,12:33:30.480,CYBER/USDT:USDT,1.6128,33.0,1.6127,174.0,1.616,500.0,1.6161,1575.0
1753533210580,12:33:30.580,CYBER/USDT:USDT,1.6128,33.0,1.6127,174.0,1.616,500.0,1.6161,1575.0
1753533210680,12:33:30.680,CYBER/USDT:USDT,1.6128,33.0,1.6127,174.0,1.616,500.0,1.6161,1575.0
1753533210784,12:33:30.784,CYBER/USDT:USDT,1.6128,33.0,1.6127,174.0,1.616,500.0,1.6161,1575.0
1753533210880,12:33:30.880,CYBER/USDT:USDT,1.6128,33.0,1.6127,174.0,1.616,500.0,1.6161,1575.0
1753533210980,12:33:30.980,CYBER/USDT:USDT,1.6128,33.0,1.6127,174.0,1.616,500.0,1.6161,1575.0
1753533211080,12:33:31.080,CYBER/USDT:USDT,1.6128,33.0,1.6127,174.0,1.616,500.0,1.6161,1575.0
1753533211180,12:33:31.180,CYBER/USDT:USDT,1.6128,33.0,1.6127,174.0,1.616,500.0,1.6161,1575.0
1753533211280,12:33:31.280,CYBER/USDT:USDT,1.6128,33.0,1.6127,174.0,1.616,500.0,1.6161,1575.0
1753533211379,12:33:31.379,CYBER/USDT:USDT,1.6128,33.0,1.6127,174.0,1.616,500.0,1.6161,1575.0
1753533211479,12:33:31.479,CYBER/USDT:USDT,1.6128,33.0,1.6127,174.0,1.616,500.0,1.6161,1575.0
1753533211580,12:33:31.580,CYBER/USDT:USDT,1.6128,33.0,1.6127,174.0,1.616,500.0,1.6161,1575.0
1753533211733,12:33:31.733,CYBER/USDT:USDT,1.6128,33.0,1.6127,174.0,1.616,500.0,1.6161,1575.0
1753533211780,12:33:31.780,CYBER/USDT:USDT,1.6128,33.0,1.6127,174.0,1.616,500.0,1.6161,1575.0
1753533211880,12:33:31.880,CYBER/USDT:USDT,1.6128,33.0,1.6127,174.0,1.616,500.0,1.6161,1575.0
1753533211981,12:33:31.981,CYBER/USDT:USDT,1.6128,33.0,1.6127,174.0,1.616,500.0,1.6161,1575.0
1753533212080,12:33:32.080,CYBER/USDT:USDT,1.6128,33.0,1.6127,174.0,1.616,500.0,1.6161,1575.0
1753533212180,12:33:32.180,CYBER/USDT:USDT,1.6128,33.0,1.6127,174.0,1.616,500.0,1.6161,1575.0
1753533212280,12:33:32.280,CYBER/USDT:USDT,1.6128,33.0,1.6127,174.0,1.616,500.0,1.6161,1575.0
1753533212380,12:33:32.380,CYBER/USDT:USDT,1.6128,33.0,1.6127,174.0,1.616,500.0,1.6161,1575.0
1753533212480,12:33:32.480,CYBER/USDT:USDT,1.6128,33.0,1.6127,174.0,1.616,500.0,1.6161,1575.0
1753533212579,12:33:32.579,CYBER/USDT:USDT,1.6128,33.0,1.6127,174.0,1.616,500.0,1.6161,1575.0
1753533212680,12:33:32.680,CYBER/USDT:USDT,1.6128,33.0,1.6127,174.0,1.616,500.0,1.6161,1575.0
1753533212779,12:33:32.779,CYBER/USDT:USDT,1.6128,33.0,1.6127,174.0,1.616,500.0,1.6161,1575.0
1753533212882,12:33:32.882,CYBER/USDT:USDT,1.6128,33.0,1.6127,174.0,1.616,500.0,1.6161,1575.0
1753533212980,12:33:32.980,CYBER/USDT:USDT,1.6128,33.0,1.6127,174.0,1.616,500.0,1.6161,1575.0
1753533213080,12:33:33.080,CYBER/USDT:USDT,1.6128,33.0,1.6127,174.0,1.616,500.0,1.6161,1575.0
1753533213180,12:33:33.180,CYBER/USDT:USDT,1.6128,33.0,1.6127,174.0,1.616,500.0,1.6161,1575.0
1753533213280,12:33:33.280,CYBER/USDT:USDT,1.6128,33.0,1.6127,174.0,1.616,500.0,1.6161,1575.0
1753533213380,12:33:33.380,CYBER/USDT:USDT,1.6128,33.0,1.6127,174.0,1.616,500.0,1.6161,1575.0
1753533213480,12:33:33.480,CYBER/USDT:USDT,1.6128,33.0,1.6127,174.0,1.616,500.0,1.6161,1575.0
1753533213579,12:33:33.579,CYBER/USDT:USDT,1.6128,33.0,1.6127,174.0,1.616,500.0,1.6161,1575.0
1753533213679,12:33:33.679,CYBER/USDT:USDT,1.6128,33.0,1.6127,174.0,1.616,500.0,1.6161,1575.0
1753533213784,12:33:33.784,CYBER/USDT:USDT,1.6128,33.0,1.6127,174.0,1.616,500.0,1.6161,1575.0
1753533213881,12:33:33.881,CYBER/USDT:USDT,1.6128,33.0,1.6127,174.0,1.616,500.0,1.6161,1575.0
1753533213980,12:33:33.980,CYBER/USDT:USDT,1.6128,33.0,1.6127,174.0,1.616,500.0,1.6161,1575.0
1753533214081,12:33:34.081,CYBER/USDT:USDT,1.6128,33.0,1.6127,174.0,1.616,500.0,1.6161,1575.0
1753533214193,12:33:34.193,CYBER/USDT:USDT,1.6128,33.0,1.6127,174.0,1.616,500.0,1.6161,1575.0
1753533214279,12:33:34.279,CYBER/USDT:USDT,1.6128,33.0,1.6127,174.0,1.616,500.0,1.6161,1575.0
1753533214380,12:33:34.380,CYBER/USDT:USDT,1.6128,33.0,1.6127,174.0,1.616,500.0,1.6161,1575.0
1753533214480,12:33:34.480,CYBER/USDT:USDT,1.6128,33.0,1.6127,174.0,1.616,500.0,1.6161,1575.0
1753533214580,12:33:34.580,CYBER/USDT:USDT,1.6128,33.0,1.6127,174.0,1.616,500.0,1.6161,1575.0
1753533214680,12:33:34.680,CYBER/USDT:USDT,1.6128,33.0,1.6127,174.0,1.616,500.0,1.6161,1575.0
1753533214781,12:33:34.781,CYBER/USDT:USDT,1.6128,33.0,1.6127,174.0,1.616,500.0,1.6161,1575.0
1753533214880,12:33:34.880,CYBER/USDT:USDT,1.6128,33.0,1.6127,174.0,1.616,500.0,1.6161,1575.0
1753533214980,12:33:34.980,CYBER/USDT:USDT,1.6128,33.0,1.6127,174.0,1.616,500.0,1.6161,1575.0
1753533215079,12:33:35.079,CYBER/USDT:USDT,1.6128,33.0,1.6127,174.0,1.616,500.0,1.6161,1575.0
1753533215179,12:33:35.179,CYBER/USDT:USDT,1.6128,33.0,1.6127,174.0,1.616,500.0,1.6161,1575.0
1753533215280,12:33:35.280,CYBER/USDT:USDT,1.6128,33.0,1.6127,174.0,1.616,500.0,1.6161,1575.0
1753533215383,12:33:35.383,CYBER/USDT:USDT,1.6128,33.0,1.6127,174.0,1.616,500.0,1.6161,1575.0
1753533215547,12:33:35.547,CYBER/USDT:USDT,1.6128,33.0,1.6127,174.0,1.616,500.0,1.6161,1575.0
1753533215601,12:33:35.601,CYBER/USDT:USDT,1.6128,33.0,1.6127,174.0,1.616,500.0,1.6161,1575.0
1753533215680,12:33:35.680,CYBER/USDT:USDT,1.6128,33.0,1.6127,174.0,1.616,500.0,1.6161,1575.0
1753533215780,12:33:35.780,CYBER/USDT:USDT,1.6128,33.0,1.6127,174.0,1.616,500.0,1.6161,1575.0
1753533215880,12:33:35.880,CYBER/USDT:USDT,1.6128,33.0,1.6127,174.0,1.616,500.0,1.6161,1575.0
1753533215980,12:33:35.980,CYBER/USDT:USDT,1.6128,33.0,1.6127,174.0,1.616,500.0,1.6161,1575.0
1753533216080,12:33:36.080,CYBER/USDT:USDT,1.6128,33.0,1.6127,174.0,1.616,500.0,1.6161,1575.0
1753533216179,12:33:36.179,CYBER/USDT:USDT,1.6128,33.0,1.6127,174.0,1.616,500.0,1.6161,1575.0
1753533216283,12:33:36.283,CYBER/USDT:USDT,1.6128,33.0,1.6127,174.0,1.616,500.0,1.6161,1575.0
1753533216379,12:33:36.379,CYBER/USDT:USDT,1.6128,33.0,1.6127,174.0,1.616,500.0,1.6161,1575.0
1753533216561,12:33:36.561,CYBER/USDT:USDT,1.6128,33.0,1.6127,174.0,1.616,500.0,1.6161,1575.0
1753533216579,12:33:36.579,CYBER/USDT:USDT,1.6128,33.0,1.6127,174.0,1.616,500.0,1.6161,1575.0
1753533216680,12:33:36.680,CYBER/USDT:USDT,1.6128,33.0,1.6127,174.0,1.616,500.0,1.6161,1575.0
1753533216780,12:33:36.780,CYBER/USDT:USDT,1.6128,33.0,1.6127,174.0,1.616,500.0,1.6161,1575.0
1753533216880,12:33:36.880,CYBER/USDT:USDT,1.6128,33.0,1.6127,174.0,1.616,500.0,1.6161,1575.0
1753533216982,12:33:36.982,CYBER/USDT:USDT,1.6128,33.0,1.6127,174.0,1.616,500.0,1.6161,1575.0
1753533217080,12:33:37.080,CYBER/USDT:USDT,1.6128,33.0,1.6127,174.0,1.616,500.0,1.6161,1575.0
1753533217180,12:33:37.180,CYBER/USDT:USDT,1.6128,33.0,1.6127,174.0,1.616,500.0,1.6161,1575.0
1753533217279,12:33:37.279,CYBER/USDT:USDT,1.6128,33.0,1.6127,174.0,1.616,500.0,1.6161,1575.0
1753533217381,12:33:37.381,CYBER/USDT:USDT,1.6128,33.0,1.6127,174.0,1.616,500.0,1.6161,1575.0
1753533217480,12:33:37.480,CYBER/USDT:USDT,1.6128,33.0,1.6127,174.0,1.616,500.0,1.6161,1575.0
1753533217579,12:33:37.579,CYBER/USDT:USDT,1.6128,33.0,1.6127,174.0,1.616,500.0,1.6161,1575.0
1753533217680,12:33:37.680,CYBER/USDT:USDT,1.6128,33.0,1.6127,174.0,1.616,500.0,1.6161,1575.0
1753533217781,12:33:37.781,CYBER/USDT:USDT,1.6128,33.0,1.6127,174.0,1.616,500.0,1.6161,1575.0
1753533217880,12:33:37.880,CYBER/USDT:USDT,1.6128,33.0,1.6127,174.0,1.616,500.0,1.6161,1575.0
1753533218000,12:33:38.000,CYBER/USDT:USDT,1.6128,33.0,1.6127,174.0,1.616,500.0,1.6161,1575.0
1753533218109,12:33:38.109,CYBER/USDT:USDT,1.6128,33.0,1.6127,174.0,1.616,500.0,1.6161,1575.0
1753533218183,12:33:38.183,CYBER/USDT:USDT,1.6128,33.0,1.6127,174.0,1.616,500.0,1.6161,1575.0
1753533218280,12:33:38.280,CYBER/USDT:USDT,1.6128,33.0,1.6127,174.0,1.616,500.0,1.6161,1575.0
1753533218380,12:33:38.380,CYBER/USDT:USDT,1.6128,33.0,1.6127,174.0,1.616,500.0,1.6161,1575.0
1753533218481,12:33:38.481,CYBER/USDT:USDT,1.6128,33.0,1.6127,174.0,1.616,500.0,1.6161,1575.0
1753533218579,12:33:38.579,CYBER/USDT:USDT,1.6128,33.0,1.6127,174.0,1.616,500.0,1.6161,1575.0
1753533218679,12:33:38.679,CYBER/USDT:USDT,1.6128,33.0,1.6127,174.0,1.616,500.0,1.6161,1575.0
1753533218779,12:33:38.779,CYBER/USDT:USDT,1.6128,33.0,1.6127,174.0,1.616,500.0,1.6161,1575.0
1753533218882,12:33:38.882,CYBER/USDT:USDT,1.6128,33.0,1.6127,174.0,1.616,500.0,1.6161,1575.0
1753533218979,12:33:38.979,CYBER/USDT:USDT,1.6128,33.0,1.6127,174.0,1.616,500.0,1.6161,1575.0
1753533219079,12:33:39.079,CYBER/USDT:USDT,1.6128,33.0,1.6127,174.0,1.616,500.0,1.6161,1575.0
1753533219179,12:33:39.179,CYBER/USDT:USDT,1.6128,33.0,1.6127,174.0,1.616,500.0,1.6161,1575.0
1753533219279,12:33:39.279,CYBER/USDT:USDT,1.6128,33.0,1.6127,174.0,1.616,500.0,1.6161,1575.0
1753533219379,12:33:39.379,CYBER/USDT:USDT,1.6128,33.0,1.6127,174.0,1.616,500.0,1.6161,1575.0
1753533219480,12:33:39.480,CYBER/USDT:USDT,1.6128,33.0,1.6127,174.0,1.616,500.0,1.6161,1575.0
1753533219579,12:33:39.579,CYBER/USDT:USDT,1.6128,33.0,1.6127,174.0,1.616,500.0,1.6161,1575.0
1753533219679,12:33:39.679,CYBER/USDT:USDT,1.6128,33.0,1.6127,174.0,1.616,500.0,1.6161,1575.0
1753533219779,12:33:39.779,CYBER/USDT:USDT,1.6128,33.0,1.6127,174.0,1.616,500.0,1.6161,1575.0
1753533219880,12:33:39.880,CYBER/USDT:USDT,1.6128,33.0,1.6127,174.0,1.616,500.0,1.6161,1575.0
1753533219980,12:33:39.980,CYBER/USDT:USDT,1.6128,33.0,1.6127,174.0,1.616,500.0,1.6161,1575.0
1753533220080,12:33:40.080,CYBER/USDT:USDT,1.6128,33.0,1.6127,174.0,1.616,500.0,1.6161,1575.0
1753533220180,12:33:40.180,CYBER/USDT:USDT,1.6128,33.0,1.6127,174.0,1.616,500.0,1.6161,1575.0
1753533220279,12:33:40.279,CYBER/USDT:USDT,1.6128,33.0,1.6127,174.0,1.616,500.0,1.6161,1575.0
1753533220380,12:33:40.380,CYBER/USDT:USDT,1.6128,33.0,1.6127,174.0,1.616,500.0,1.6161,1575.0
1753533220479,12:33:40.479,CYBER/USDT:USDT,1.6128,33.0,1.6127,174.0,1.616,500.0,1.6161,1575.0
1753533220579,12:33:40.579,CYBER/USDT:USDT,1.6128,33.0,1.6127,174.0,1.616,500.0,1.6161,1575.0
1753533220680,12:33:40.680,CYBER/USDT:USDT,1.6128,33.0,1.6127,174.0,1.616,500.0,1.6161,1575.0
1753533220780,12:33:40.780,CYBER/USDT:USDT,1.6128,33.0,1.6127,174.0,1.616,500.0,1.6161,1575.0
1753533220883,12:33:40.883,CYBER/USDT:USDT,1.6128,33.0,1.6127,174.0,1.616,500.0,1.6161,1575.0
1753533220983,12:33:40.983,CYBER/USDT:USDT,1.6128,33.0,1.6127,174.0,1.616,500.0,1.6161,1575.0
1753533221080,12:33:41.080,CYBER/USDT:USDT,1.6128,33.0,1.6127,174.0,1.616,500.0,1.6161,1575.0
1753533221180,12:33:41.180,CYBER/USDT:USDT,1.6128,33.0,1.6127,174.0,1.616,500.0,1.6161,1575.0
1753533221279,12:33:41.279,CYBER/USDT:USDT,1.6128,33.0,1.6127,174.0,1.616,500.0,1.6161,1575.0
1753533221379,12:33:41.379,CYBER/USDT:USDT,1.6128,33.0,1.6127,174.0,1.616,500.0,1.6161,1575.0
1753533221480,12:33:41.480,CYBER/USDT:USDT,1.6128,33.0,1.6127,174.0,1.616,500.0,1.6161,1575.0
1753533221579,12:33:41.579,CYBER/USDT:USDT,1.6128,33.0,1.6127,174.0,1.616,500.0,1.6161,1575.0
1753533221680,12:33:41.680,CYBER/USDT:USDT,1.6128,33.0,1.6127,174.0,1.616,500.0,1.6161,1575.0
1753533221779,12:33:41.779,CYBER/USDT:USDT,1.6128,33.0,1.6127,174.0,1.616,500.0,1.6161,1575.0
1753533221879,12:33:41.879,CYBER/USDT:USDT,1.6128,33.0,1.6127,174.0,1.616,500.0,1.6161,1575.0
1753533221979,12:33:41.979,CYBER/USDT:USDT,1.6128,33.0,1.6127,174.0,1.616,500.0,1.6161,1575.0
1753533222079,12:33:42.079,CYBER/USDT:USDT,1.6128,33.0,1.6127,174.0,1.616,500.0,1.6161,1575.0
1753533222181,12:33:42.181,CYBER/USDT:USDT,1.6128,33.0,1.6127,174.0,1.616,500.0,1.6161,1575.0
1753533222279,12:33:42.279,CYBER/USDT:USDT,1.6128,33.0,1.6127,174.0,1.616,500.0,1.6161,1575.0
1753533222379,12:33:42.379,CYBER/USDT:USDT,1.6128,33.0,1.6127,174.0,1.616,500.0,1.6161,1575.0
1753533222480,12:33:42.480,CYBER/USDT:USDT,1.6128,33.0,1.6127,174.0,1.616,500.0,1.6161,1575.0
1753533222579,12:33:42.579,CYBER/USDT:USDT,1.6128,33.0,1.6127,174.0,1.616,500.0,1.6161,1575.0
1753533222679,12:33:42.679,CYBER/USDT:USDT,1.6128,33.0,1.6127,174.0,1.616,500.0,1.6161,1575.0
1753533222780,12:33:42.780,CYBER/USDT:USDT,1.6128,33.0,1.6127,174.0,1.616,500.0,1.6161,1575.0
1753533222882,12:33:42.882,CYBER/USDT:USDT,1.6128,33.0,1.6127,174.0,1.616,500.0,1.6161,1575.0
1753533222980,12:33:42.980,CYBER/USDT:USDT,1.6128,33.0,1.6127,174.0,1.616,500.0,1.6161,1575.0
1753533223079,12:33:43.079,CYBER/USDT:USDT,1.6128,33.0,1.6127,174.0,1.616,500.0,1.6161,1575.0
1753533223179,12:33:43.179,CYBER/USDT:USDT,1.6128,33.0,1.6127,174.0,1.616,500.0,1.6161,1575.0
1753533223279,12:33:43.279,CYBER/USDT:USDT,1.6128,33.0,1.6127,174.0,1.616,500.0,1.6161,1575.0
1753533223380,12:33:43.380,CYBER/USDT:USDT,1.6128,33.0,1.6127,174.0,1.616,500.0,1.6161,1575.0
1753533223479,12:33:43.479,CYBER/USDT:USDT,1.6128,33.0,1.6127,174.0,1.616,500.0,1.6161,1575.0
1753533223579,12:33:43.579,CYBER/USDT:USDT,1.6128,33.0,1.6127,174.0,1.616,500.0,1.6161,1575.0
1753533223680,12:33:43.680,CYBER/USDT:USDT,1.6128,33.0,1.6127,174.0,1.616,500.0,1.6161,1575.0
1753533223780,12:33:43.780,CYBER/USDT:USDT,1.6128,33.0,1.6127,174.0,1.616,500.0,1.6161,1575.0
1753533223879,12:33:43.879,CYBER/USDT:USDT,1.6128,33.0,1.6127,174.0,1.616,500.0,1.6161,1575.0
1753533223980,12:33:43.980,CYBER/USDT:USDT,1.6128,33.0,1.6127,174.0,1.616,500.0,1.6161,1575.0
1753533224080,12:33:44.080,CYBER/USDT:USDT,1.6128,33.0,1.6127,174.0,1.616,500.0,1.6161,1575.0
1753533224180,12:33:44.180,CYBER/USDT:USDT,1.6128,33.0,1.6127,174.0,1.616,500.0,1.6161,1575.0
1753533224280,12:33:44.280,CYBER/USDT:USDT,1.6128,33.0,1.6127,174.0,1.616,500.0,1.6161,1575.0
1753533224379,12:33:44.379,CYBER/USDT:USDT,1.6128,33.0,1.6127,174.0,1.616,500.0,1.6161,1575.0
1753533224479,12:33:44.479,CYBER/USDT:USDT,1.6128,33.0,1.6127,174.0,1.616,500.0,1.6161,1575.0
1753533224579,12:33:44.579,CYBER/USDT:USDT,1.6128,33.0,1.6127,174.0,1.616,500.0,1.6161,1575.0
1753533224680,12:33:44.680,CYBER/USDT:USDT,1.6128,33.0,1.6127,174.0,1.616,500.0,1.6161,1575.0
1753533224779,12:33:44.779,CYBER/USDT:USDT,1.6128,33.0,1.6127,174.0,1.616,500.0,1.6161,1575.0
1753533224879,12:33:44.879,CYBER/USDT:USDT,1.6128,33.0,1.6127,174.0,1.616,500.0,1.6161,1575.0
1753533224980,12:33:44.980,CYBER/USDT:USDT,1.6128,33.0,1.6127,174.0,1.616,500.0,1.6161,1575.0
1753533225083,12:33:45.083,CYBER/USDT:USDT,1.6128,33.0,1.6127,174.0,1.616,500.0,1.6161,1575.0
1753533225184,12:33:45.184,CYBER/USDT:USDT,1.6128,33.0,1.6127,174.0,1.616,500.0,1.6161,1575.0
1753533225279,12:33:45.279,CYBER/USDT:USDT,1.6128,33.0,1.6127,174.0,1.616,500.0,1.6161,1575.0
1753533225382,12:33:45.382,CYBER/USDT:USDT,1.6128,33.0,1.6127,174.0,1.616,500.0,1.6161,1575.0
1753533225479,12:33:45.479,CYBER/USDT:USDT,1.6128,33.0,1.6127,174.0,1.616,500.0,1.6161,1575.0
1753533225579,12:33:45.579,CYBER/USDT:USDT,1.6128,33.0,1.6127,174.0,1.616,500.0,1.6161,1575.0
1753533225680,12:33:45.680,CYBER/USDT:USDT,1.6128,33.0,1.6127,174.0,1.616,500.0,1.6161,1575.0
1753533225780,12:33:45.780,CYBER/USDT:USDT,1.6128,33.0,1.6127,174.0,1.616,500.0,1.6161,1575.0
1753533225880,12:33:45.880,CYBER/USDT:USDT,1.6128,33.0,1.6127,174.0,1.616,500.0,1.6161,1575.0
1753533225979,12:33:45.979,CYBER/USDT:USDT,1.6128,33.0,1.6127,174.0,1.616,500.0,1.6161,1575.0
1753533226080,12:33:46.080,CYBER/USDT:USDT,1.6128,33.0,1.6127,174.0,1.616,500.0,1.6161,1575.0
1753533226180,12:33:46.180,CYBER/USDT:USDT,1.6128,33.0,1.6127,174.0,1.616,500.0,1.6161,1575.0
1753533226280,12:33:46.280,CYBER/USDT:USDT,1.6128,33.0,1.6127,174.0,1.616,500.0,1.6161,1575.0
1753533226381,12:33:46.381,CYBER/USDT:USDT,1.6128,33.0,1.6127,174.0,1.616,500.0,1.6161,1575.0
1753533226479,12:33:46.479,CYBER/USDT:USDT,1.6128,33.0,1.6127,174.0,1.616,500.0,1.6161,1575.0
1753533226580,12:33:46.580,CYBER/USDT:USDT,1.6128,33.0,1.6127,174.0,1.616,500.0,1.6161,1575.0
1753533226679,12:33:46.679,CYBER/USDT:USDT,1.6128,33.0,1.6127,174.0,1.616,500.0,1.6161,1575.0
1753533226780,12:33:46.780,CYBER/USDT:USDT,1.6128,33.0,1.6127,174.0,1.616,500.0,1.6161,1575.0
1753533226879,12:33:46.879,CYBER/USDT:USDT,1.6128,33.0,1.6127,174.0,1.616,500.0,1.6161,1575.0
1753533226979,12:33:46.979,CYBER/USDT:USDT,1.6128,33.0,1.6127,174.0,1.616,500.0,1.6161,1575.0
1753533227079,12:33:47.079,CYBER/USDT:USDT,1.6128,33.0,1.6127,174.0,1.616,500.0,1.6161,1575.0
1753533227179,12:33:47.179,CYBER/USDT:USDT,1.6128,33.0,1.6127,174.0,1.616,500.0,1.6161,1575.0
1753533227283,12:33:47.283,CYBER/USDT:USDT,1.6128,33.0,1.6127,174.0,1.616,500.0,1.6161,1575.0
1753533227381,12:33:47.381,CYBER/USDT:USDT,1.6128,33.0,1.6127,174.0,1.616,500.0,1.6161,1575.0
1753533227481,12:33:47.481,CYBER/USDT:USDT,1.6128,33.0,1.6127,174.0,1.616,500.0,1.6161,1575.0
1753533227582,12:33:47.582,CYBER/USDT:USDT,1.6128,33.0,1.6127,174.0,1.616,500.0,1.6161,1575.0
1753533227681,12:33:47.681,CYBER/USDT:USDT,1.6128,33.0,1.6127,174.0,1.616,500.0,1.6161,1575.0
1753533227780,12:33:47.780,CYBER/USDT:USDT,1.6128,33.0,1.6127,174.0,1.616,500.0,1.6161,1575.0
1753533227880,12:33:47.880,CYBER/USDT:USDT,1.6128,33.0,1.6127,174.0,1.616,500.0,1.6161,1575.0
1753533227980,12:33:47.980,CYBER/USDT:USDT,1.6128,33.0,1.6127,174.0,1.616,500.0,1.6161,1575.0
1753533228559,12:33:48.559,CYBER/USDT:USDT,1.6128,33.0,1.6127,174.0,1.616,500.0,1.6161,1575.0
1753533228579,12:33:48.579,CYBER/USDT:USDT,1.6128,33.0,1.6127,174.0,1.616,500.0,1.6161,1575.0
1753533228680,12:33:48.680,CYBER/USDT:USDT,1.6128,33.0,1.6127,174.0,1.616,500.0,1.6161,1575.0
1753533228779,12:33:48.779,CYBER/USDT:USDT,1.6128,33.0,1.6127,174.0,1.616,500.0,1.6161,1575.0
1753533228880,12:33:48.880,CYBER/USDT:USDT,1.6128,33.0,1.6127,174.0,1.616,500.0,1.6161,1575.0
1753533228981,12:33:48.981,CYBER/USDT:USDT,1.6128,33.0,1.6127,174.0,1.616,500.0,1.6161,1575.0
1753533229080,12:33:49.080,CYBER/USDT:USDT,1.6128,33.0,1.6127,174.0,1.616,500.0,1.6161,1575.0
1753533229180,12:33:49.180,CYBER/USDT:USDT,1.6128,33.0,1.6127,174.0,1.616,500.0,1.6161,1575.0
1753533229280,12:33:49.280,CYBER/USDT:USDT,1.6128,33.0,1.6127,174.0,1.616,500.0,1.6161,1575.0
1753533229380,12:33:49.380,CYBER/USDT:USDT,1.6128,33.0,1.6127,174.0,1.616,500.0,1.6161,1575.0
1753533229480,12:33:49.480,CYBER/USDT:USDT,1.6128,33.0,1.6127,174.0,1.616,500.0,1.6161,1575.0
1753533229581,12:33:49.581,CYBER/USDT:USDT,1.6128,33.0,1.6127,174.0,1.616,500.0,1.6161,1575.0
1753533229680,12:33:49.680,CYBER/USDT:USDT,1.6128,33.0,1.6127,174.0,1.616,500.0,1.6161,1575.0
1753533229780,12:33:49.780,CYBER/USDT:USDT,1.6128,33.0,1.6127,174.0,1.616,500.0,1.6161,1575.0
1753533229879,12:33:49.879,CYBER/USDT:USDT,1.6128,33.0,1.6127,174.0,1.616,500.0,1.6161,1575.0
1753533229980,12:33:49.980,CYBER/USDT:USDT,1.6128,33.0,1.6127,174.0,1.616,500.0,1.6161,1575.0
1753533230080,12:33:50.080,CYBER/USDT:USDT,1.6128,33.0,1.6127,174.0,1.616,500.0,1.6161,1575.0
1753533230180,12:33:50.180,CYBER/USDT:USDT,1.6128,33.0,1.6127,174.0,1.616,500.0,1.6161,1575.0
1753533230281,12:33:50.281,CYBER/USDT:USDT,1.6128,33.0,1.6127,174.0,1.616,500.0,1.6161,1575.0
1753533230380,12:33:50.380,CYBER/USDT:USDT,1.6128,33.0,1.6127,174.0,1.616,500.0,1.6161,1575.0
1753533230479,12:33:50.479,CYBER/USDT:USDT,1.6128,33.0,1.6127,174.0,1.616,500.0,1.6161,1575.0
1753533230580,12:33:50.580,CYBER/USDT:USDT,1.6128,33.0,1.6127,174.0,1.616,500.0,1.6161,1575.0
1753533230679,12:33:50.679,CYBER/USDT:USDT,1.6128,33.0,1.6127,174.0,1.616,500.0,1.6161,1575.0
1753533230779,12:33:50.779,CYBER/USDT:USDT,1.6128,33.0,1.6127,174.0,1.616,500.0,1.6161,1575.0
1753533230879,12:33:50.879,CYBER/USDT:USDT,1.6128,33.0,1.6127,174.0,1.616,500.0,1.6161,1575.0
1753533230979,12:33:50.979,CYBER/USDT:USDT,1.6128,33.0,1.6127,174.0,1.616,500.0,1.6161,1575.0
1753533231082,12:33:51.082,CYBER/USDT:USDT,1.6128,33.0,1.6127,174.0,1.616,500.0,1.6161,1575.0
1753533231183,12:33:51.183,CYBER/USDT:USDT,1.6128,33.0,1.6127,174.0,1.616,500.0,1.6161,1575.0
1753533231280,12:33:51.280,CYBER/USDT:USDT,1.6128,33.0,1.6127,174.0,1.616,500.0,1.6161,1575.0
1753533231380,12:33:51.380,CYBER/USDT:USDT,1.6128,33.0,1.6127,174.0,1.616,500.0,1.6161,1575.0
1753533231480,12:33:51.480,CYBER/USDT:USDT,1.6128,33.0,1.6127,174.0,1.616,500.0,1.6161,1575.0
1753533231584,12:33:51.584,CYBER/USDT:USDT,1.6128,33.0,1.6127,174.0,1.616,500.0,1.6161,1575.0
1753533231679,12:33:51.679,CYBER/USDT:USDT,1.6128,33.0,1.6127,174.0,1.616,500.0,1.6161,1575.0
1753533231780,12:33:51.780,CYBER/USDT:USDT,1.6128,33.0,1.6127,174.0,1.616,500.0,1.6161,1575.0
1753533231880,12:33:51.880,CYBER/USDT:USDT,1.6128,33.0,1.6127,174.0,1.616,500.0,1.6161,1575.0
1753533231980,12:33:51.980,CYBER/USDT:USDT,1.6128,33.0,1.6127,174.0,1.616,500.0,1.6161,1575.0
1753533232080,12:33:52.080,CYBER/USDT:USDT,1.6128,33.0,1.6127,174.0,1.616,500.0,1.6161,1575.0
1753533232179,12:33:52.179,CYBER/USDT:USDT,1.6128,33.0,1.6127,174.0,1.616,500.0,1.6161,1575.0
1753533232279,12:33:52.279,CYBER/USDT:USDT,1.6128,33.0,1.6127,174.0,1.616,500.0,1.6161,1575.0
1753533232380,12:33:52.380,CYBER/USDT:USDT,1.6128,33.0,1.6127,174.0,1.616,500.0,1.6161,1575.0
1753533232480,12:33:52.480,CYBER/USDT:USDT,1.6128,33.0,1.6127,174.0,1.616,500.0,1.6161,1575.0
1753533232580,12:33:52.580,CYBER/USDT:USDT,1.6128,33.0,1.6127,174.0,1.616,500.0,1.6161,1575.0
1753533232679,12:33:52.679,CYBER/USDT:USDT,1.6128,33.0,1.6127,174.0,1.616,500.0,1.6161,1575.0
1753533232779,12:33:52.779,CYBER/USDT:USDT,1.6128,33.0,1.6127,174.0,1.616,500.0,1.6161,1575.0
1753533232880,12:33:52.880,CYBER/USDT:USDT,1.6128,33.0,1.6127,174.0,1.616,500.0,1.6161,1575.0
1753533232980,12:33:52.980,CYBER/USDT:USDT,1.6128,33.0,1.6127,174.0,1.616,500.0,1.6161,1575.0
1753533233084,12:33:53.084,CYBER/USDT:USDT,1.6128,33.0,1.6127,174.0,1.616,500.0,1.6161,1575.0
1753533233179,12:33:53.179,CYBER/USDT:USDT,1.6128,33.0,1.6127,174.0,1.616,500.0,1.6161,1575.0
1753533233280,12:33:53.280,CYBER/USDT:USDT,1.6128,33.0,1.6127,174.0,1.616,500.0,1.6161,1575.0
1753533233380,12:33:53.380,CYBER/USDT:USDT,1.6128,33.0,1.6127,174.0,1.616,500.0,1.6161,1575.0
1753533233480,12:33:53.480,CYBER/USDT:USDT,1.6128,33.0,1.6127,174.0,1.616,500.0,1.6161,1575.0
1753533233579,12:33:53.579,CYBER/USDT:USDT,1.6128,33.0,1.6127,174.0,1.616,500.0,1.6161,1575.0
1753533233680,12:33:53.680,CYBER/USDT:USDT,1.6128,33.0,1.6127,174.0,1.616,500.0,1.6161,1575.0
1753533233782,12:33:53.782,CYBER/USDT:USDT,1.6128,33.0,1.6127,174.0,1.616,500.0,1.6161,1575.0
1753533233879,12:33:53.879,CYBER/USDT:USDT,1.6128,33.0,1.6127,174.0,1.616,500.0,1.6161,1575.0
1753533233979,12:33:53.979,CYBER/USDT:USDT,1.6128,33.0,1.6127,174.0,1.616,500.0,1.6161,1575.0
1753533234082,12:33:54.082,CYBER/USDT:USDT,1.6128,33.0,1.6127,174.0,1.616,500.0,1.6161,1575.0
1753533234180,12:33:54.180,CYBER/USDT:USDT,1.6128,33.0,1.6127,174.0,1.616,500.0,1.6161,1575.0
1753533234279,12:33:54.279,CYBER/USDT:USDT,1.6128,33.0,1.6127,174.0,1.616,500.0,1.6161,1575.0
1753533234380,12:33:54.380,CYBER/USDT:USDT,1.6128,33.0,1.6127,174.0,1.616,500.0,1.6161,1575.0
1753533234479,12:33:54.479,CYBER/USDT:USDT,1.6128,33.0,1.6127,174.0,1.616,500.0,1.6161,1575.0
1753533234580,12:33:54.580,CYBER/USDT:USDT,1.6128,33.0,1.6127,174.0,1.616,500.0,1.6161,1575.0
1753533234706,12:33:54.706,CYBER/USDT:USDT,1.6128,33.0,1.6127,174.0,1.616,500.0,1.6161,1575.0
1753533234779,12:33:54.779,CYBER/USDT:USDT,1.6128,33.0,1.6127,174.0,1.616,500.0,1.6161,1575.0
1753533234879,12:33:54.879,CYBER/USDT:USDT,1.6128,33.0,1.6127,174.0,1.616,500.0,1.6161,1575.0
1753533234981,12:33:54.981,CYBER/USDT:USDT,1.6128,33.0,1.6127,174.0,1.616,500.0,1.6161,1575.0
1753533235080,12:33:55.080,CYBER/USDT:USDT,1.6128,33.0,1.6127,174.0,1.616,500.0,1.6161,1575.0
1753533235179,12:33:55.179,CYBER/USDT:USDT,1.6128,33.0,1.6127,174.0,1.616,500.0,1.6161,1575.0
1753533235279,12:33:55.279,CYBER/USDT:USDT,1.6128,33.0,1.6127,174.0,1.616,500.0,1.6161,1575.0
1753533235380,12:33:55.380,CYBER/USDT:USDT,1.6128,33.0,1.6127,174.0,1.616,500.0,1.6161,1575.0
1753533235480,12:33:55.480,CYBER/USDT:USDT,1.6128,33.0,1.6127,174.0,1.616,500.0,1.6161,1575.0
1753533235581,12:33:55.581,CYBER/USDT:USDT,1.6128,33.0,1.6127,174.0,1.616,500.0,1.6161,1575.0
1753533235681,12:33:55.681,CYBER/USDT:USDT,1.6128,33.0,1.6127,174.0,1.616,500.0,1.6161,1575.0
1753533235784,12:33:55.784,CYBER/USDT:USDT,1.6128,33.0,1.6127,174.0,1.616,500.0,1.6161,1575.0
1753533235883,12:33:55.883,CYBER/USDT:USDT,1.6128,33.0,1.6127,174.0,1.616,500.0,1.6161,1575.0
1753533235980,12:33:55.980,CYBER/USDT:USDT,1.6128,33.0,1.6127,174.0,1.616,500.0,1.6161,1575.0
1753533236080,12:33:56.080,CYBER/USDT:USDT,1.6128,33.0,1.6127,174.0,1.616,500.0,1.6161,1575.0
1753533236190,12:33:56.190,CYBER/USDT:USDT,1.6128,33.0,1.6127,174.0,1.616,500.0,1.6161,1575.0
1753533236280,12:33:56.280,CYBER/USDT:USDT,1.6128,33.0,1.6127,174.0,1.616,500.0,1.6161,1575.0
1753533236379,12:33:56.379,CYBER/USDT:USDT,1.6128,33.0,1.6127,174.0,1.616,500.0,1.6161,1575.0
1753533236480,12:33:56.480,CYBER/USDT:USDT,1.6128,33.0,1.6127,174.0,1.616,500.0,1.6161,1575.0
1753533236580,12:33:56.580,CYBER/USDT:USDT,1.6128,33.0,1.6127,174.0,1.616,500.0,1.6161,1575.0
1753533236679,12:33:56.679,CYBER/USDT:USDT,1.6128,33.0,1.6127,174.0,1.616,500.0,1.6161,1575.0
1753533236781,12:33:56.781,CYBER/USDT:USDT,1.6128,33.0,1.6127,174.0,1.616,500.0,1.6161,1575.0
1753533236879,12:33:56.879,CYBER/USDT:USDT,1.6128,33.0,1.6127,174.0,1.616,500.0,1.6161,1575.0
1753533236980,12:33:56.980,CYBER/USDT:USDT,1.6128,33.0,1.6127,174.0,1.616,500.0,1.6161,1575.0
1753533237080,12:33:57.080,CYBER/USDT:USDT,1.6128,33.0,1.6127,174.0,1.616,500.0,1.6161,1575.0
1753533237180,12:33:57.180,CYBER/USDT:USDT,1.6128,33.0,1.6127,174.0,1.616,500.0,1.6161,1575.0
1753533237280,12:33:57.280,CYBER/USDT:USDT,1.6128,33.0,1.6127,174.0,1.616,500.0,1.6161,1575.0
1753533237380,12:33:57.380,CYBER/USDT:USDT,1.6128,33.0,1.6127,174.0,1.616,500.0,1.6161,1575.0
1753533237480,12:33:57.480,CYBER/USDT:USDT,1.6128,33.0,1.6127,174.0,1.616,500.0,1.6161,1575.0
1753533237584,12:33:57.584,CYBER/USDT:USDT,1.6128,33.0,1.6127,174.0,1.616,500.0,1.6161,1575.0
1753533237679,12:33:57.679,CYBER/USDT:USDT,1.6128,33.0,1.6127,174.0,1.616,500.0,1.6161,1575.0
1753533237780,12:33:57.780,CYBER/USDT:USDT,1.6128,33.0,1.6127,174.0,1.616,500.0,1.6161,1575.0
1753533237880,12:33:57.880,CYBER/USDT:USDT,1.6128,33.0,1.6127,174.0,1.616,500.0,1.6161,1575.0
1753533237980,12:33:57.980,CYBER/USDT:USDT,1.6128,33.0,1.6127,174.0,1.616,500.0,1.6161,1575.0
1753533238080,12:33:58.080,CYBER/USDT:USDT,1.6128,33.0,1.6127,174.0,1.616,500.0,1.6161,1575.0
1753533238180,12:33:58.180,CYBER/USDT:USDT,1.6128,33.0,1.6127,174.0,1.616,500.0,1.6161,1575.0
1753533238281,12:33:58.281,CYBER/USDT:USDT,1.6128,33.0,1.6127,174.0,1.616,500.0,1.6161,1575.0
1753533238381,12:33:58.381,CYBER/USDT:USDT,1.6128,33.0,1.6127,174.0,1.616,500.0,1.6161,1575.0
1753533238481,12:33:58.481,CYBER/USDT:USDT,1.6128,33.0,1.6127,174.0,1.616,500.0,1.6161,1575.0
1753533238580,12:33:58.580,CYBER/USDT:USDT,1.6128,33.0,1.6127,174.0,1.616,500.0,1.6161,1575.0
1753533238680,12:33:58.680,CYBER/USDT:USDT,1.6128,33.0,1.6127,174.0,1.616,500.0,1.6161,1575.0
1753533238780,12:33:58.780,CYBER/USDT:USDT,1.6128,33.0,1.6127,174.0,1.616,500.0,1.6161,1575.0
1753533238882,12:33:58.882,CYBER/USDT:USDT,1.6128,33.0,1.6127,174.0,1.616,500.0,1.6161,1575.0
1753533238981,12:33:58.981,CYBER/USDT:USDT,1.6128,33.0,1.6127,174.0,1.616,500.0,1.6161,1575.0
1753533239080,12:33:59.080,CYBER/USDT:USDT,1.6128,33.0,1.6127,174.0,1.616,500.0,1.6161,1575.0
1753533239180,12:33:59.180,CYBER/USDT:USDT,1.6128,33.0,1.6127,174.0,1.616,500.0,1.6161,1575.0
1753533239283,12:33:59.283,CYBER/USDT:USDT,1.6128,33.0,1.6127,174.0,1.616,500.0,1.6161,1575.0
1753533239381,12:33:59.381,CYBER/USDT:USDT,1.6128,33.0,1.6127,174.0,1.616,500.0,1.6161,1575.0
1753533239479,12:33:59.479,CYBER/USDT:USDT,1.6128,33.0,1.6127,174.0,1.616,500.0,1.6161,1575.0
1753533239580,12:33:59.580,CYBER/USDT:USDT,1.6128,33.0,1.6127,174.0,1.616,500.0,1.6161,1575.0
1753533239682,12:33:59.682,CYBER/USDT:USDT,1.6128,33.0,1.6127,174.0,1.616,500.0,1.6161,1575.0
1753533239779,12:33:59.779,CYBER/USDT:USDT,1.6128,33.0,1.6127,174.0,1.616,500.0,1.6161,1575.0
1753533239880,12:33:59.880,CYBER/USDT:USDT,1.6128,33.0,1.6127,174.0,1.616,500.0,1.6161,1575.0
1753533239980,12:33:59.980,CYBER/USDT:USDT,1.6128,33.0,1.6127,174.0,1.616,500.0,1.6161,1575.0
1753533240082,12:34:00.082,CYBER/USDT:USDT,1.6128,33.0,1.6127,174.0,1.616,500.0,1.6161,1575.0
1753533240181,12:34:00.181,CYBER/USDT:USDT,1.6128,33.0,1.6127,174.0,1.616,500.0,1.6161,1575.0
1753533240280,12:34:00.280,CYBER/USDT:USDT,1.6128,33.0,1.6127,174.0,1.616,500.0,1.6161,1575.0
1753533240381,12:34:00.381,CYBER/USDT:USDT,1.6128,33.0,1.6127,174.0,1.616,500.0,1.6161,1575.0
1753533240481,12:34:00.481,CYBER/USDT:USDT,1.6128,33.0,1.6127,174.0,1.616,500.0,1.6161,1575.0
1753533240579,12:34:00.579,CYBER/USDT:USDT,1.6128,33.0,1.6127,174.0,1.616,500.0,1.6161,1575.0
1753533240679,12:34:00.679,CYBER/USDT:USDT,1.6128,33.0,1.6127,174.0,1.616,500.0,1.6161,1575.0
1753533240779,12:34:00.779,CYBER/USDT:USDT,1.6128,33.0,1.6127,174.0,1.616,500.0,1.6161,1575.0
1753533240879,12:34:00.879,CYBER/USDT:USDT,1.6128,33.0,1.6127,174.0,1.616,500.0,1.6161,1575.0
1753533240983,12:34:00.983,CYBER/USDT:USDT,1.6128,33.0,1.6127,174.0,1.616,500.0,1.6161,1575.0
1753533241080,12:34:01.080,CYBER/USDT:USDT,1.6128,33.0,1.6127,174.0,1.616,500.0,1.6161,1575.0
1753533241180,12:34:01.180,CYBER/USDT:USDT,1.6128,33.0,1.6127,174.0,1.616,500.0,1.6161,1575.0
1753533241280,12:34:01.280,CYBER/USDT:USDT,1.6128,33.0,1.6127,174.0,1.616,500.0,1.6161,1575.0
1753533241379,12:34:01.379,CYBER/USDT:USDT,1.6128,33.0,1.6127,174.0,1.616,500.0,1.6161,1575.0
1753533241482,12:34:01.482,CYBER/USDT:USDT,1.6128,33.0,1.6127,174.0,1.616,500.0,1.6161,1575.0
1753533241580,12:34:01.580,CYBER/USDT:USDT,1.6128,33.0,1.6127,174.0,1.616,500.0,1.6161,1575.0
1753533241709,12:34:01.709,CYBER/USDT:USDT,1.6128,33.0,1.6127,174.0,1.616,500.0,1.6161,1575.0
1753533241785,12:34:01.785,CYBER/USDT:USDT,1.6128,33.0,1.6127,174.0,1.616,500.0,1.6161,1575.0
1753533241880,12:34:01.880,CYBER/USDT:USDT,1.6128,33.0,1.6127,174.0,1.616,500.0,1.6161,1575.0
1753533241980,12:34:01.980,CYBER/USDT:USDT,1.6128,33.0,1.6127,174.0,1.616,500.0,1.6161,1575.0
1753533242079,12:34:02.079,CYBER/USDT:USDT,1.6128,33.0,1.6127,174.0,1.616,500.0,1.6161,1575.0
1753533242180,12:34:02.180,CYBER/USDT:USDT,1.6128,33.0,1.6127,174.0,1.616,500.0,1.6161,1575.0
1753533242281,12:34:02.281,CYBER/USDT:USDT,1.6128,33.0,1.6127,174.0,1.616,500.0,1.6161,1575.0
1753533242380,12:34:02.380,CYBER/USDT:USDT,1.6128,33.0,1.6127,174.0,1.616,500.0,1.6161,1575.0
1753533242479,12:34:02.479,CYBER/USDT:USDT,1.6128,33.0,1.6127,174.0,1.616,500.0,1.6161,1575.0
1753533242580,12:34:02.580,CYBER/USDT:USDT,1.6128,33.0,1.6127,174.0,1.616,500.0,1.6161,1575.0
1753533242679,12:34:02.679,CYBER/USDT:USDT,1.6128,33.0,1.6127,174.0,1.616,500.0,1.6161,1575.0
1753533242780,12:34:02.780,CYBER/USDT:USDT,1.6128,33.0,1.6127,174.0,1.616,500.0,1.6161,1575.0
1753533242879,12:34:02.879,CYBER/USDT:USDT,1.6128,33.0,1.6127,174.0,1.616,500.0,1.6161,1575.0
1753533242984,12:34:02.984,CYBER/USDT:USDT,1.6128,33.0,1.6127,174.0,1.616,500.0,1.6161,1575.0
1753533243080,12:34:03.080,CYBER/USDT:USDT,1.6128,33.0,1.6127,174.0,1.616,500.0,1.6161,1575.0
1753533243179,12:34:03.179,CYBER/USDT:USDT,1.6128,33.0,1.6127,174.0,1.616,500.0,1.6161,1575.0
1753533243279,12:34:03.279,CYBER/USDT:USDT,1.6128,33.0,1.6127,174.0,1.616,500.0,1.6161,1575.0
1753533243379,12:34:03.379,CYBER/USDT:USDT,1.6128,33.0,1.6127,174.0,1.616,500.0,1.6161,1575.0
1753533243480,12:34:03.480,CYBER/USDT:USDT,1.6128,33.0,1.6127,174.0,1.616,500.0,1.6161,1575.0
1753533243580,12:34:03.580,CYBER/USDT:USDT,1.6128,33.0,1.6127,174.0,1.616,500.0,1.6161,1575.0
1753533243680,12:34:03.680,CYBER/USDT:USDT,1.6128,33.0,1.6127,174.0,1.616,500.0,1.6161,1575.0
1753533243783,12:34:03.783,CYBER/USDT:USDT,1.6128,33.0,1.6127,174.0,1.616,500.0,1.6161,1575.0
1753533243880,12:34:03.880,CYBER/USDT:USDT,1.6128,33.0,1.6127,174.0,1.616,500.0,1.6161,1575.0
1753533243980,12:34:03.980,CYBER/USDT:USDT,1.6128,33.0,1.6127,174.0,1.616,500.0,1.6161,1575.0
1753533244083,12:34:04.083,CYBER/USDT:USDT,1.6128,33.0,1.6127,174.0,1.616,500.0,1.6161,1575.0
1753533244182,12:34:04.182,CYBER/USDT:USDT,1.6128,33.0,1.6127,174.0,1.616,500.0,1.6161,1575.0
1753533244306,12:34:04.306,CYBER/USDT:USDT,1.6128,33.0,1.6127,174.0,1.616,500.0,1.6161,1575.0
1753533244381,12:34:04.381,CYBER/USDT:USDT,1.6128,33.0,1.6127,174.0,1.616,500.0,1.6161,1575.0
1753533244480,12:34:04.480,CYBER/USDT:USDT,1.6128,33.0,1.6127,174.0,1.616,500.0,1.6161,1575.0
1753533244579,12:34:04.579,CYBER/USDT:USDT,1.6128,33.0,1.6127,174.0,1.616,500.0,1.6161,1575.0
1753533244680,12:34:04.680,CYBER/USDT:USDT,1.6128,33.0,1.6127,174.0,1.616,500.0,1.6161,1575.0
1753533244780,12:34:04.780,CYBER/USDT:USDT,1.6128,33.0,1.6127,174.0,1.616,500.0,1.6161,1575.0
1753533244881,12:34:04.881,CYBER/USDT:USDT,1.6128,33.0,1.6127,174.0,1.616,500.0,1.6161,1575.0
1753533244982,12:34:04.982,CYBER/USDT:USDT,1.6128,33.0,1.6127,174.0,1.616,500.0,1.6161,1575.0
1753533245116,12:34:05.116,CYBER/USDT:USDT,1.6128,33.0,1.6127,174.0,1.616,500.0,1.6161,1575.0
1753533245179,12:34:05.179,CYBER/USDT:USDT,1.6128,33.0,1.6127,174.0,1.616,500.0,1.6161,1575.0
1753533245284,12:34:05.284,CYBER/USDT:USDT,1.6128,33.0,1.6127,174.0,1.616,500.0,1.6161,1575.0
1753533245381,12:34:05.381,CYBER/USDT:USDT,1.6128,33.0,1.6127,174.0,1.616,500.0,1.6161,1575.0
1753533245479,12:34:05.479,CYBER/USDT:USDT,1.6128,33.0,1.6127,174.0,1.616,500.0,1.6161,1575.0
1753533245580,12:34:05.580,CYBER/USDT:USDT,1.6128,33.0,1.6127,174.0,1.616,500.0,1.6161,1575.0
1753533245680,12:34:05.680,CYBER/USDT:USDT,1.6128,33.0,1.6127,174.0,1.616,500.0,1.6161,1575.0
1753533245780,12:34:05.780,CYBER/USDT:USDT,1.6128,33.0,1.6127,174.0,1.616,500.0,1.6161,1575.0
1753533245879,12:34:05.879,CYBER/USDT:USDT,1.6128,33.0,1.6127,174.0,1.616,500.0,1.6161,1575.0
1753533245980,12:34:05.980,CYBER/USDT:USDT,1.6128,33.0,1.6127,174.0,1.616,500.0,1.6161,1575.0
1753533246079,12:34:06.079,CYBER/USDT:USDT,1.6128,33.0,1.6127,174.0,1.616,500.0,1.6161,1575.0
1753533246180,12:34:06.180,CYBER/USDT:USDT,1.6128,33.0,1.6127,174.0,1.616,500.0,1.6161,1575.0
1753533246280,12:34:06.280,CYBER/USDT:USDT,1.6128,33.0,1.6127,174.0,1.616,500.0,1.6161,1575.0
1753533246380,12:34:06.380,CYBER/USDT:USDT,1.6128,33.0,1.6127,174.0,1.616,500.0,1.6161,1575.0
1753533246479,12:34:06.479,CYBER/USDT:USDT,1.6128,33.0,1.6127,174.0,1.616,500.0,1.6161,1575.0
1753533246580,12:34:06.580,CYBER/USDT:USDT,1.6128,33.0,1.6127,174.0,1.616,500.0,1.6161,1575.0
1753533246680,12:34:06.680,CYBER/USDT:USDT,1.6128,33.0,1.6127,174.0,1.616,500.0,1.6161,1575.0
1753533246781,12:34:06.781,CYBER/USDT:USDT,1.6128,33.0,1.6127,174.0,1.616,500.0,1.6161,1575.0
1753533246880,12:34:06.880,CYBER/USDT:USDT,1.6128,33.0,1.6127,174.0,1.616,500.0,1.6161,1575.0
1753533246980,12:34:06.980,CYBER/USDT:USDT,1.6128,33.0,1.6127,174.0,1.616,500.0,1.6161,1575.0
1753533247080,12:34:07.080,CYBER/USDT:USDT,1.6128,33.0,1.6127,174.0,1.616,500.0,1.6161,1575.0
1753533247180,12:34:07.180,CYBER/USDT:USDT,1.6128,33.0,1.6127,174.0,1.616,500.0,1.6161,1575.0
1753533247280,12:34:07.280,CYBER/USDT:USDT,1.6128,33.0,1.6127,174.0,1.616,500.0,1.6161,1575.0
1753533247383,12:34:07.383,CYBER/USDT:USDT,1.6128,33.0,1.6127,174.0,1.616,500.0,1.6161,1575.0
1753533247480,12:34:07.480,CYBER/USDT:USDT,1.6128,33.0,1.6127,174.0,1.616,500.0,1.6161,1575.0
1753533247580,12:34:07.580,CYBER/USDT:USDT,1.6128,33.0,1.6127,174.0,1.616,500.0,1.6161,1575.0
1753533247683,12:34:07.683,CYBER/USDT:USDT,1.6128,33.0,1.6127,174.0,1.616,500.0,1.6161,1575.0
1753533247785,12:34:07.785,CYBER/USDT:USDT,1.6128,33.0,1.6127,174.0,1.616,500.0,1.6161,1575.0
1753533247880,12:34:07.880,CYBER/USDT:USDT,1.6128,33.0,1.6127,174.0,1.616,500.0,1.6161,1575.0
1753533247980,12:34:07.980,CYBER/USDT:USDT,1.6128,33.0,1.6127,174.0,1.616,500.0,1.6161,1575.0
1753533248080,12:34:08.080,CYBER/USDT:USDT,1.6128,33.0,1.6127,174.0,1.616,500.0,1.6161,1575.0
1753533248180,12:34:08.180,CYBER/USDT:USDT,1.6128,33.0,1.6127,174.0,1.616,500.0,1.6161,1575.0
1753533248279,12:34:08.279,CYBER/USDT:USDT,1.6128,33.0,1.6127,174.0,1.616,500.0,1.6161,1575.0
1753533248379,12:34:08.379,CYBER/USDT:USDT,1.6128,33.0,1.6127,174.0,1.616,500.0,1.6161,1575.0
1753533248480,12:34:08.480,CYBER/USDT:USDT,1.6128,33.0,1.6127,174.0,1.616,500.0,1.6161,1575.0
1753533248579,12:34:08.579,CYBER/USDT:USDT,1.6128,33.0,1.6127,174.0,1.616,500.0,1.6161,1575.0
1753533248680,12:34:08.680,CYBER/USDT:USDT,1.6128,33.0,1.6127,174.0,1.616,500.0,1.6161,1575.0
1753533248784,12:34:08.784,CYBER/USDT:USDT,1.6128,33.0,1.6127,174.0,1.616,500.0,1.6161,1575.0
1753533249303,12:34:09.303,CYBER/USDT:USDT,1.6128,33.0,1.6127,174.0,1.616,500.0,1.6161,1575.0
1753533249379,12:34:09.379,CYBER/USDT:USDT,1.6128,33.0,1.6127,174.0,1.616,500.0,1.6161,1575.0
1753533249479,12:34:09.479,CYBER/USDT:USDT,1.6128,33.0,1.6127,174.0,1.616,500.0,1.6161,1575.0
1753533249581,12:34:09.581,CYBER/USDT:USDT,1.6128,33.0,1.6127,174.0,1.616,500.0,1.6161,1575.0
1753533249680,12:34:09.680,CYBER/USDT:USDT,1.6128,33.0,1.6127,174.0,1.616,500.0,1.6161,1575.0
1753533249780,12:34:09.780,CYBER/USDT:USDT,1.6128,33.0,1.6127,174.0,1.616,500.0,1.6161,1575.0
1753533249880,12:34:09.880,CYBER/USDT:USDT,1.6128,33.0,1.6127,174.0,1.616,500.0,1.6161,1575.0
1753533249983,12:34:09.983,CYBER/USDT:USDT,1.6128,33.0,1.6127,174.0,1.616,500.0,1.6161,1575.0
1753533250079,12:34:10.079,CYBER/USDT:USDT,1.6128,33.0,1.6127,174.0,1.616,500.0,1.6161,1575.0
1753533250183,12:34:10.183,CYBER/USDT:USDT,1.6128,33.0,1.6127,174.0,1.616,500.0,1.6161,1575.0
1753533250281,12:34:10.281,CYBER/USDT:USDT,1.6128,33.0,1.6127,174.0,1.616,500.0,1.6161,1575.0
1753533250381,12:34:10.381,CYBER/USDT:USDT,1.6128,33.0,1.6127,174.0,1.616,500.0,1.6161,1575.0
1753533250480,12:34:10.480,CYBER/USDT:USDT,1.6128,33.0,1.6127,174.0,1.616,500.0,1.6161,1575.0
1753533250580,12:34:10.580,CYBER/USDT:USDT,1.6128,33.0,1.6127,174.0,1.616,500.0,1.6161,1575.0
1753533250683,12:34:10.683,CYBER/USDT:USDT,1.6128,33.0,1.6127,174.0,1.616,500.0,1.6161,1575.0
1753533250780,12:34:10.780,CYBER/USDT:USDT,1.6128,33.0,1.6127,174.0,1.616,500.0,1.6161,1575.0
1753533250880,12:34:10.880,CYBER/USDT:USDT,1.6128,33.0,1.6127,174.0,1.616,500.0,1.6161,1575.0
1753533250979,12:34:10.979,CYBER/USDT:USDT,1.6128,33.0,1.6127,174.0,1.616,500.0,1.6161,1575.0
1753533251084,12:34:11.084,CYBER/USDT:USDT,1.6128,33.0,1.6127,174.0,1.616,500.0,1.6161,1575.0
1753533251179,12:34:11.179,CYBER/USDT:USDT,1.6128,33.0,1.6127,174.0,1.616,500.0,1.6161,1575.0
1753533251280,12:34:11.280,CYBER/USDT:USDT,1.6128,33.0,1.6127,174.0,1.616,500.0,1.6161,1575.0
1753533251380,12:34:11.380,CYBER/USDT:USDT,1.6128,33.0,1.6127,174.0,1.616,500.0,1.6161,1575.0
1753533251481,12:34:11.481,CYBER/USDT:USDT,1.6128,33.0,1.6127,174.0,1.616,500.0,1.6161,1575.0
1753533251579,12:34:11.579,CYBER/USDT:USDT,1.6128,33.0,1.6127,174.0,1.616,500.0,1.6161,1575.0
1753533251680,12:34:11.680,CYBER/USDT:USDT,1.6128,33.0,1.6127,174.0,1.616,500.0,1.6161,1575.0
1753533251779,12:34:11.779,CYBER/USDT:USDT,1.6128,33.0,1.6127,174.0,1.616,500.0,1.6161,1575.0
1753533251879,12:34:11.879,CYBER/USDT:USDT,1.6128,33.0,1.6127,174.0,1.616,500.0,1.6161,1575.0
1753533251980,12:34:11.980,CYBER/USDT:USDT,1.6128,33.0,1.6127,174.0,1.616,500.0,1.6161,1575.0
1753533252080,12:34:12.080,CYBER/USDT:USDT,1.6128,33.0,1.6127,174.0,1.616,500.0,1.6161,1575.0
1753533252188,12:34:12.188,CYBER/USDT:USDT,1.6128,33.0,1.6127,174.0,1.616,500.0,1.6161,1575.0
1753533252280,12:34:12.280,CYBER/USDT:USDT,1.6128,33.0,1.6127,174.0,1.616,500.0,1.6161,1575.0
1753533252379,12:34:12.379,CYBER/USDT:USDT,1.6128,33.0,1.6127,174.0,1.616,500.0,1.6161,1575.0
1753533252480,12:34:12.480,CYBER/USDT:USDT,1.6128,33.0,1.6127,174.0,1.616,500.0,1.6161,1575.0
1753533252581,12:34:12.581,CYBER/USDT:USDT,1.6128,33.0,1.6127,174.0,1.616,500.0,1.6161,1575.0
1753533252680,12:34:12.680,CYBER/USDT:USDT,1.6128,33.0,1.6127,174.0,1.616,500.0,1.6161,1575.0
1753533252816,12:34:12.816,CYBER/USDT:USDT,1.6128,33.0,1.6127,174.0,1.616,500.0,1.6161,1575.0
1753533252880,12:34:12.880,CYBER/USDT:USDT,1.6128,33.0,1.6127,174.0,1.616,500.0,1.6161,1575.0
1753533252985,12:34:12.985,CYBER/USDT:USDT,1.6128,33.0,1.6127,174.0,1.616,500.0,1.6161,1575.0
1753533253080,12:34:13.080,CYBER/USDT:USDT,1.6128,33.0,1.6127,174.0,1.616,500.0,1.6161,1575.0
1753533253184,12:34:13.184,CYBER/USDT:USDT,1.6128,33.0,1.6127,174.0,1.616,500.0,1.6161,1575.0
1753533253284,12:34:13.284,CYBER/USDT:USDT,1.6128,33.0,1.6127,174.0,1.616,500.0,1.6161,1575.0
1753533253380,12:34:13.380,CYBER/USDT:USDT,1.6128,33.0,1.6127,174.0,1.616,500.0,1.6161,1575.0
1753533253480,12:34:13.480,CYBER/USDT:USDT,1.6128,33.0,1.6127,174.0,1.616,500.0,1.6161,1575.0
1753533253580,12:34:13.580,CYBER/USDT:USDT,1.6128,33.0,1.6127,174.0,1.616,500.0,1.6161,1575.0
1753533253679,12:34:13.679,CYBER/USDT:USDT,1.6128,33.0,1.6127,174.0,1.616,500.0,1.6161,1575.0
1753533253780,12:34:13.780,CYBER/USDT:USDT,1.6128,33.0,1.6127,174.0,1.616,500.0,1.6161,1575.0
1753533253880,12:34:13.880,CYBER/USDT:USDT,1.6128,33.0,1.6127,174.0,1.616,500.0,1.6161,1575.0
1753533253980,12:34:13.980,CYBER/USDT:USDT,1.6128,33.0,1.6127,174.0,1.616,500.0,1.6161,1575.0
1753533254080,12:34:14.080,CYBER/USDT:USDT,1.6128,33.0,1.6127,174.0,1.616,500.0,1.6161,1575.0
1753533254181,12:34:14.181,CYBER/USDT:USDT,1.6128,33.0,1.6127,174.0,1.616,500.0,1.6161,1575.0
1753533254280,12:34:14.280,CYBER/USDT:USDT,1.6128,33.0,1.6127,174.0,1.616,500.0,1.6161,1575.0
1753533254380,12:34:14.380,CYBER/USDT:USDT,1.6128,33.0,1.6127,174.0,1.616,500.0,1.6161,1575.0
1753533254479,12:34:14.479,CYBER/USDT:USDT,1.6128,33.0,1.6127,174.0,1.616,500.0,1.6161,1575.0
1753533254580,12:34:14.580,CYBER/USDT:USDT,1.6128,33.0,1.6127,174.0,1.616,500.0,1.6161,1575.0
1753533254680,12:34:14.680,CYBER/USDT:USDT,1.6128,33.0,1.6127,174.0,1.616,500.0,1.6161,1575.0
1753533254780,12:34:14.780,CYBER/USDT:USDT,1.6128,33.0,1.6127,174.0,1.616,500.0,1.6161,1575.0
1753533254880,12:34:14.880,CYBER/USDT:USDT,1.6128,33.0,1.6127,174.0,1.616,500.0,1.6161,1575.0
1753533254979,12:34:14.979,CYBER/USDT:USDT,1.6128,33.0,1.6127,174.0,1.616,500.0,1.6161,1575.0
1753533255081,12:34:15.081,CYBER/USDT:USDT,1.6128,33.0,1.6127,174.0,1.616,500.0,1.6161,1575.0
1753533255180,12:34:15.180,CYBER/USDT:USDT,1.6128,33.0,1.6127,174.0,1.616,500.0,1.6161,1575.0
1753533255284,12:34:15.284,CYBER/USDT:USDT,1.6128,33.0,1.6127,174.0,1.616,500.0,1.6161,1575.0
1753533255380,12:34:15.380,CYBER/USDT:USDT,1.6128,33.0,1.6127,174.0,1.616,500.0,1.6161,1575.0
1753533255480,12:34:15.480,CYBER/USDT:USDT,1.6128,33.0,1.6127,174.0,1.616,500.0,1.6161,1575.0
1753533255581,12:34:15.581,CYBER/USDT:USDT,1.6128,33.0,1.6127,174.0,1.616,500.0,1.6161,1575.0
1753533255680,12:34:15.680,CYBER/USDT:USDT,1.6128,33.0,1.6127,174.0,1.616,500.0,1.6161,1575.0
1753533255780,12:34:15.780,CYBER/USDT:USDT,1.6128,33.0,1.6127,174.0,1.616,500.0,1.6161,1575.0
1753533255884,12:34:15.884,CYBER/USDT:USDT,1.6128,33.0,1.6127,174.0,1.616,500.0,1.6161,1575.0
1753533255983,12:34:15.983,CYBER/USDT:USDT,1.6128,33.0,1.6127,174.0,1.616,500.0,1.6161,1575.0
1753533256082,12:34:16.082,CYBER/USDT:USDT,1.6128,33.0,1.6127,174.0,1.616,500.0,1.6161,1575.0
1753533256180,12:34:16.180,CYBER/USDT:USDT,1.6128,33.0,1.6127,174.0,1.616,500.0,1.6161,1575.0
1753533256280,12:34:16.280,CYBER/USDT:USDT,1.6128,33.0,1.6127,174.0,1.616,500.0,1.6161,1575.0
1753533256380,12:34:16.380,CYBER/USDT:USDT,1.6128,33.0,1.6127,174.0,1.616,500.0,1.6161,1575.0
1753533256479,12:34:16.479,CYBER/USDT:USDT,1.6128,33.0,1.6127,174.0,1.616,500.0,1.6161,1575.0
1753533256580,12:34:16.580,CYBER/USDT:USDT,1.6128,33.0,1.6127,174.0,1.616,500.0,1.6161,1575.0
1753533256681,12:34:16.681,CYBER/USDT:USDT,1.6128,33.0,1.6127,174.0,1.616,500.0,1.6161,1575.0
1753533256842,12:34:16.842,CYBER/USDT:USDT,1.6128,33.0,1.6127,174.0,1.616,500.0,1.6161,1575.0
1753533256880,12:34:16.880,CYBER/USDT:USDT,1.6128,33.0,1.6127,174.0,1.616,500.0,1.6161,1575.0
1753533256980,12:34:16.980,CYBER/USDT:USDT,1.6128,33.0,1.6127,174.0,1.616,500.0,1.6161,1575.0
1753533257149,12:34:17.149,CYBER/USDT:USDT,1.6128,33.0,1.6127,174.0,1.616,500.0,1.6161,1575.0
1753533257181,12:34:17.181,CYBER/USDT:USDT,1.6128,33.0,1.6127,174.0,1.616,500.0,1.6161,1575.0
1753533257279,12:34:17.279,CYBER/USDT:USDT,1.6128,33.0,1.6127,174.0,1.616,500.0,1.6161,1575.0
1753533257381,12:34:17.381,CYBER/USDT:USDT,1.6128,33.0,1.6127,174.0,1.616,500.0,1.6161,1575.0
1753533257482,12:34:17.482,CYBER/USDT:USDT,1.6128,33.0,1.6127,174.0,1.616,500.0,1.6161,1575.0
1753533257580,12:34:17.580,CYBER/USDT:USDT,1.6128,33.0,1.6127,174.0,1.616,500.0,1.6161,1575.0
1753533257679,12:34:17.679,CYBER/USDT:USDT,1.6128,33.0,1.6127,174.0,1.616,500.0,1.6161,1575.0
1753533257779,12:34:17.779,CYBER/USDT:USDT,1.6128,33.0,1.6127,174.0,1.616,500.0,1.6161,1575.0
1753533257880,12:34:17.880,CYBER/USDT:USDT,1.6128,33.0,1.6127,174.0,1.616,500.0,1.6161,1575.0
1753533258058,12:34:18.058,CYBER/USDT:USDT,1.6128,33.0,1.6127,174.0,1.616,500.0,1.6161,1575.0
1753533258080,12:34:18.080,CYBER/USDT:USDT,1.6128,33.0,1.6127,174.0,1.616,500.0,1.6161,1575.0
1753533258191,12:34:18.191,CYBER/USDT:USDT,1.6128,33.0,1.6127,174.0,1.616,500.0,1.6161,1575.0
1753533258281,12:34:18.281,CYBER/USDT:USDT,1.6128,33.0,1.6127,174.0,1.616,500.0,1.6161,1575.0
1753533258385,12:34:18.385,CYBER/USDT:USDT,1.6128,33.0,1.6127,174.0,1.616,500.0,1.6161,1575.0
1753533258503,12:34:18.503,CYBER/USDT:USDT,1.6128,33.0,1.6127,174.0,1.616,500.0,1.6161,1575.0
1753533258581,12:34:18.581,CYBER/USDT:USDT,1.6128,33.0,1.6127,174.0,1.616,500.0,1.6161,1575.0
1753533258680,12:34:18.680,CYBER/USDT:USDT,1.6128,33.0,1.6127,174.0,1.616,500.0,1.6161,1575.0
1753533258780,12:34:18.780,CYBER/USDT:USDT,1.6128,33.0,1.6127,174.0,1.616,500.0,1.6161,1575.0
1753533258879,12:34:18.879,CYBER/USDT:USDT,1.6128,33.0,1.6127,174.0,1.616,500.0,1.6161,1575.0
1753533258979,12:34:18.979,CYBER/USDT:USDT,1.6128,33.0,1.6127,174.0,1.616,500.0,1.6161,1575.0
1753533259080,12:34:19.080,CYBER/USDT:USDT,1.6128,33.0,1.6127,174.0,1.616,500.0,1.6161,1575.0
1753533259180,12:34:19.180,CYBER/USDT:USDT,1.6128,33.0,1.6127,174.0,1.616,500.0,1.6161,1575.0
1753533259280,12:34:19.280,CYBER/USDT:USDT,1.6128,33.0,1.6127,174.0,1.616,500.0,1.6161,1575.0
1753533259380,12:34:19.380,CYBER/USDT:USDT,1.6128,33.0,1.6127,174.0,1.616,500.0,1.6161,1575.0
1753533259480,12:34:19.480,CYBER/USDT:USDT,1.6128,33.0,1.6127,174.0,1.616,500.0,1.6161,1575.0
1753533259580,12:34:19.580,CYBER/USDT:USDT,1.6128,33.0,1.6127,174.0,1.616,500.0,1.6161,1575.0
1753533259679,12:34:19.679,CYBER/USDT:USDT,1.6128,33.0,1.6127,174.0,1.616,500.0,1.6161,1575.0
1753533259780,12:34:19.780,CYBER/USDT:USDT,1.6128,33.0,1.6127,174.0,1.616,500.0,1.6161,1575.0
1753533259880,12:34:19.880,CYBER/USDT:USDT,1.6128,33.0,1.6127,174.0,1.616,500.0,1.6161,1575.0
1753533259980,12:34:19.980,CYBER/USDT:USDT,1.6128,33.0,1.6127,174.0,1.616,500.0,1.6161,1575.0
1753533260081,12:34:20.081,CYBER/USDT:USDT,1.6128,33.0,1.6127,174.0,1.616,500.0,1.6161,1575.0
1753533260180,12:34:20.180,CYBER/USDT:USDT,1.6128,33.0,1.6127,174.0,1.616,500.0,1.6161,1575.0
1753533260279,12:34:20.279,CYBER/USDT:USDT,1.6128,33.0,1.6127,174.0,1.616,500.0,1.6161,1575.0
1753533260380,12:34:20.380,CYBER/USDT:USDT,1.6128,33.0,1.6127,174.0,1.616,500.0,1.6161,1575.0
1753533260480,12:34:20.480,CYBER/USDT:USDT,1.6128,33.0,1.6127,174.0,1.616,500.0,1.6161,1575.0
1753533260581,12:34:20.581,CYBER/USDT:USDT,1.6128,33.0,1.6127,174.0,1.616,500.0,1.6161,1575.0
1753533260680,12:34:20.680,CYBER/USDT:USDT,1.6128,33.0,1.6127,174.0,1.616,500.0,1.6161,1575.0
1753533260779,12:34:20.779,CYBER/USDT:USDT,1.6128,33.0,1.6127,174.0,1.616,500.0,1.6161,1575.0
1753533260880,12:34:20.880,CYBER/USDT:USDT,1.6128,33.0,1.6127,174.0,1.616,500.0,1.6161,1575.0
1753533260979,12:34:20.979,CYBER/USDT:USDT,1.6128,33.0,1.6127,174.0,1.616,500.0,1.6161,1575.0
1753533261080,12:34:21.080,CYBER/USDT:USDT,1.6128,33.0,1.6127,174.0,1.616,500.0,1.6161,1575.0
1753533261179,12:34:21.179,CYBER/USDT:USDT,1.6128,33.0,1.6127,174.0,1.616,500.0,1.6161,1575.0
1753533261280,12:34:21.280,CYBER/USDT:USDT,1.6128,33.0,1.6127,174.0,1.616,500.0,1.6161,1575.0
1753533261380,12:34:21.380,CYBER/USDT:USDT,1.6128,33.0,1.6127,174.0,1.616,500.0,1.6161,1575.0
1753533261480,12:34:21.480,CYBER/USDT:USDT,1.6128,33.0,1.6127,174.0,1.616,500.0,1.6161,1575.0
1753533261580,12:34:21.580,CYBER/USDT:USDT,1.6128,33.0,1.6127,174.0,1.616,500.0,1.6161,1575.0
1753533261680,12:34:21.680,CYBER/USDT:USDT,1.6128,33.0,1.6127,174.0,1.616,500.0,1.6161,1575.0
1753533261779,12:34:21.779,CYBER/USDT:USDT,1.6128,33.0,1.6127,174.0,1.616,500.0,1.6161,1575.0
1753533261881,12:34:21.881,CYBER/USDT:USDT,1.6128,33.0,1.6127,174.0,1.616,500.0,1.6161,1575.0
1753533261980,12:34:21.980,CYBER/USDT:USDT,1.6128,33.0,1.6127,174.0,1.616,500.0,1.6161,1575.0
1753533262079,12:34:22.079,CYBER/USDT:USDT,1.6128,33.0,1.6127,174.0,1.616,500.0,1.6161,1575.0
1753533262181,12:34:22.181,CYBER/USDT:USDT,1.6128,33.0,1.6127,174.0,1.616,500.0,1.6161,1575.0
1753533262280,12:34:22.280,CYBER/USDT:USDT,1.6128,33.0,1.6127,174.0,1.616,500.0,1.6161,1575.0
1753533262379,12:34:22.379,CYBER/USDT:USDT,1.6128,33.0,1.6127,174.0,1.616,500.0,1.6161,1575.0
1753533262479,12:34:22.479,CYBER/USDT:USDT,1.6128,33.0,1.6127,174.0,1.616,500.0,1.6161,1575.0
1753533262580,12:34:22.580,CYBER/USDT:USDT,1.6128,33.0,1.6127,174.0,1.616,500.0,1.6161,1575.0
1753533262679,12:34:22.679,CYBER/USDT:USDT,1.6128,33.0,1.6127,174.0,1.616,500.0,1.6161,1575.0
1753533262779,12:34:22.779,CYBER/USDT:USDT,1.6128,33.0,1.6127,174.0,1.616,500.0,1.6161,1575.0
1753533262879,12:34:22.879,CYBER/USDT:USDT,1.6128,33.0,1.6127,174.0,1.616,500.0,1.6161,1575.0
1753533262980,12:34:22.980,CYBER/USDT:USDT,1.6128,33.0,1.6127,174.0,1.616,500.0,1.6161,1575.0
1753533263079,12:34:23.079,CYBER/USDT:USDT,1.6128,33.0,1.6127,174.0,1.616,500.0,1.6161,1575.0
1753533263180,12:34:23.180,CYBER/USDT:USDT,1.6128,33.0,1.6127,174.0,1.616,500.0,1.6161,1575.0
1753533263280,12:34:23.280,CYBER/USDT:USDT,1.6128,33.0,1.6127,174.0,1.616,500.0,1.6161,1575.0
1753533263380,12:34:23.380,CYBER/USDT:USDT,1.6128,33.0,1.6127,174.0,1.616,500.0,1.6161,1575.0
1753533263480,12:34:23.480,CYBER/USDT:USDT,1.6128,33.0,1.6127,174.0,1.616,500.0,1.6161,1575.0
1753533263580,12:34:23.580,CYBER/USDT:USDT,1.6128,33.0,1.6127,174.0,1.616,500.0,1.6161,1575.0
1753533263679,12:34:23.679,CYBER/USDT:USDT,1.6128,33.0,1.6127,174.0,1.616,500.0,1.6161,1575.0
1753533263780,12:34:23.780,CYBER/USDT:USDT,1.6128,33.0,1.6127,174.0,1.616,500.0,1.6161,1575.0
1753533263880,12:34:23.880,CYBER/USDT:USDT,1.6128,33.0,1.6127,174.0,1.616,500.0,1.6161,1575.0
1753533263980,12:34:23.980,CYBER/USDT:USDT,1.6128,33.0,1.6127,174.0,1.616,500.0,1.6161,1575.0
1753533264102,12:34:24.102,CYBER/USDT:USDT,1.6128,33.0,1.6127,174.0,1.616,500.0,1.6161,1575.0
1753533264179,12:34:24.179,CYBER/USDT:USDT,1.6128,33.0,1.6127,174.0,1.616,500.0,1.6161,1575.0
1753533264280,12:34:24.280,CYBER/USDT:USDT,1.6128,33.0,1.6127,174.0,1.616,500.0,1.6161,1575.0
1753533264380,12:34:24.380,CYBER/USDT:USDT,1.6128,33.0,1.6127,174.0,1.616,500.0,1.6161,1575.0
1753533264479,12:34:24.479,CYBER/USDT:USDT,1.6128,33.0,1.6127,174.0,1.616,500.0,1.6161,1575.0
1753533264579,12:34:24.579,CYBER/USDT:USDT,1.6128,33.0,1.6127,174.0,1.616,500.0,1.6161,1575.0
1753533264679,12:34:24.679,CYBER/USDT:USDT,1.6128,33.0,1.6127,174.0,1.616,500.0,1.6161,1575.0
1753533264780,12:34:24.780,CYBER/USDT:USDT,1.6128,33.0,1.6127,174.0,1.616,500.0,1.6161,1575.0
1753533264879,12:34:24.879,CYBER/USDT:USDT,1.6128,33.0,1.6127,174.0,1.616,500.0,1.6161,1575.0
1753533264985,12:34:24.985,CYBER/USDT:USDT,1.6128,33.0,1.6127,174.0,1.616,500.0,1.6161,1575.0
1753533265080,12:34:25.080,CYBER/USDT:USDT,1.6128,33.0,1.6127,174.0,1.616,500.0,1.6161,1575.0
1753533265179,12:34:25.179,CYBER/USDT:USDT,1.6128,33.0,1.6127,174.0,1.616,500.0,1.6161,1575.0
1753533265280,12:34:25.280,CYBER/USDT:USDT,1.6128,33.0,1.6127,174.0,1.616,500.0,1.6161,1575.0
1753533265380,12:34:25.380,CYBER/USDT:USDT,1.6128,33.0,1.6127,174.0,1.616,500.0,1.6161,1575.0
1753533265486,12:34:25.486,CYBER/USDT:USDT,1.6128,33.0,1.6127,174.0,1.616,500.0,1.6161,1575.0
1753533265580,12:34:25.580,CYBER/USDT:USDT,1.6128,33.0,1.6127,174.0,1.616,500.0,1.6161,1575.0
1753533265680,12:34:25.680,CYBER/USDT:USDT,1.6128,33.0,1.6127,174.0,1.616,500.0,1.6161,1575.0
1753533265780,12:34:25.780,CYBER/USDT:USDT,1.6128,33.0,1.6127,174.0,1.616,500.0,1.6161,1575.0
1753533265881,12:34:25.881,CYBER/USDT:USDT,1.6128,33.0,1.6127,174.0,1.616,500.0,1.6161,1575.0
1753533265980,12:34:25.980,CYBER/USDT:USDT,1.6128,33.0,1.6127,174.0,1.616,500.0,1.6161,1575.0
1753533266080,12:34:26.080,CYBER/USDT:USDT,1.6128,33.0,1.6127,174.0,1.616,500.0,1.6161,1575.0
1753533266180,12:34:26.180,CYBER/USDT:USDT,1.6128,33.0,1.6127,174.0,1.616,500.0,1.6161,1575.0
1753533266279,12:34:26.279,CYBER/USDT:USDT,1.6128,33.0,1.6127,174.0,1.616,500.0,1.6161,1575.0
1753533266379,12:34:26.379,CYBER/USDT:USDT,1.6128,33.0,1.6127,174.0,1.616,500.0,1.6161,1575.0
1753533266481,12:34:26.481,CYBER/USDT:USDT,1.6128,33.0,1.6127,174.0,1.616,500.0,1.6161,1575.0
1753533266580,12:34:26.580,CYBER/USDT:USDT,1.6128,33.0,1.6127,174.0,1.616,500.0,1.6161,1575.0
1753533266680,12:34:26.680,CYBER/USDT:USDT,1.6128,33.0,1.6127,174.0,1.616,500.0,1.6161,1575.0
1753533266781,12:34:26.781,CYBER/USDT:USDT,1.6128,33.0,1.6127,174.0,1.616,500.0,1.6161,1575.0
1753533266880,12:34:26.880,CYBER/USDT:USDT,1.6128,33.0,1.6127,174.0,1.616,500.0,1.6161,1575.0
1753533266980,12:34:26.980,CYBER/USDT:USDT,1.6128,33.0,1.6127,174.0,1.616,500.0,1.6161,1575.0
1753533267079,12:34:27.079,CYBER/USDT:USDT,1.6128,33.0,1.6127,174.0,1.616,500.0,1.6161,1575.0
1753533267179,12:34:27.179,CYBER/USDT:USDT,1.6128,33.0,1.6127,174.0,1.616,500.0,1.6161,1575.0
1753533267280,12:34:27.280,CYBER/USDT:USDT,1.6128,33.0,1.6127,174.0,1.616,500.0,1.6161,1575.0
1753533267380,12:34:27.380,CYBER/USDT:USDT,1.6128,33.0,1.6127,174.0,1.616,500.0,1.6161,1575.0
1753533267482,12:34:27.482,CYBER/USDT:USDT,1.6128,33.0,1.6127,174.0,1.616,500.0,1.6161,1575.0
1753533267581,12:34:27.581,CYBER/USDT:USDT,1.6128,33.0,1.6127,174.0,1.616,500.0,1.6161,1575.0
1753533267683,12:34:27.683,CYBER/USDT:USDT,1.6128,33.0,1.6127,174.0,1.616,500.0,1.6161,1575.0
1753533267781,12:34:27.781,CYBER/USDT:USDT,1.6128,33.0,1.6127,174.0,1.616,500.0,1.6161,1575.0
1753533267880,12:34:27.880,CYBER/USDT:USDT,1.6128,33.0,1.6127,174.0,1.616,500.0,1.6161,1575.0
1753533267980,12:34:27.980,CYBER/USDT:USDT,1.6128,33.0,1.6127,174.0,1.616,500.0,1.6161,1575.0
1753533268080,12:34:28.080,CYBER/USDT:USDT,1.6128,33.0,1.6127,174.0,1.616,500.0,1.6161,1575.0
1753533268180,12:34:28.180,CYBER/USDT:USDT,1.6128,33.0,1.6127,174.0,1.616,500.0,1.6161,1575.0
1753533268280,12:34:28.280,CYBER/USDT:USDT,1.6128,33.0,1.6127,174.0,1.616,500.0,1.6161,1575.0
1753533268380,12:34:28.380,CYBER/USDT:USDT,1.6128,33.0,1.6127,174.0,1.616,500.0,1.6161,1575.0
1753533268487,12:34:28.487,CYBER/USDT:USDT,1.6128,33.0,1.6127,174.0,1.616,500.0,1.6161,1575.0
1753533268579,12:34:28.579,CYBER/USDT:USDT,1.6128,33.0,1.6127,174.0,1.616,500.0,1.6161,1575.0
1753533268680,12:34:28.680,CYBER/USDT:USDT,1.6128,33.0,1.6127,174.0,1.616,500.0,1.6161,1575.0
1753533269250,12:34:29.250,CYBER/USDT:USDT,1.6128,33.0,1.6127,174.0,1.616,500.0,1.6161,1575.0
1753533269280,12:34:29.280,CYBER/USDT:USDT,1.6128,33.0,1.6127,174.0,1.616,500.0,1.6161,1575.0
1753533269381,12:34:29.381,CYBER/USDT:USDT,1.6128,33.0,1.6127,174.0,1.616,500.0,1.6161,1575.0
1753533269479,12:34:29.479,CYBER/USDT:USDT,1.6128,33.0,1.6127,174.0,1.616,500.0,1.6161,1575.0
1753533269580,12:34:29.580,CYBER/USDT:USDT,1.6128,33.0,1.6127,174.0,1.616,500.0,1.6161,1575.0
1753533269680,12:34:29.680,CYBER/USDT:USDT,1.6128,33.0,1.6127,174.0,1.616,500.0,1.6161,1575.0
1753533269780,12:34:29.780,CYBER/USDT:USDT,1.6128,33.0,1.6127,174.0,1.616,500.0,1.6161,1575.0
1753533269880,12:34:29.880,CYBER/USDT:USDT,1.6128,33.0,1.6127,174.0,1.616,500.0,1.6161,1575.0
1753533269980,12:34:29.980,CYBER/USDT:USDT,1.6128,33.0,1.6127,174.0,1.616,500.0,1.6161,1575.0
1753533270080,12:34:30.080,CYBER/USDT:USDT,1.6128,33.0,1.6127,174.0,1.616,500.0,1.6161,1575.0
1753533270180,12:34:30.180,CYBER/USDT:USDT,1.6128,33.0,1.6127,174.0,1.616,500.0,1.6161,1575.0
1753533270280,12:34:30.280,CYBER/USDT:USDT,1.6128,33.0,1.6127,174.0,1.616,500.0,1.6161,1575.0
1753533270380,12:34:30.380,CYBER/USDT:USDT,1.6128,33.0,1.6127,174.0,1.616,500.0,1.6161,1575.0
1753533270480,12:34:30.480,CYBER/USDT:USDT,1.6128,33.0,1.6127,174.0,1.616,500.0,1.6161,1575.0
1753533270580,12:34:30.580,CYBER/USDT:USDT,1.6128,33.0,1.6127,174.0,1.616,500.0,1.6161,1575.0
1753533270681,12:34:30.681,CYBER/USDT:USDT,1.6128,33.0,1.6127,174.0,1.616,500.0,1.6161,1575.0
1753533270780,12:34:30.780,CYBER/USDT:USDT,1.6128,33.0,1.6127,174.0,1.616,500.0,1.6161,1575.0
1753533270881,12:34:30.881,CYBER/USDT:USDT,1.6128,33.0,1.6127,174.0,1.616,500.0,1.6161,1575.0
1753533270980,12:34:30.980,CYBER/USDT:USDT,1.6128,33.0,1.6127,174.0,1.616,500.0,1.6161,1575.0
1753533271081,12:34:31.081,CYBER/USDT:USDT,1.6128,33.0,1.6127,174.0,1.616,500.0,1.6161,1575.0
1753533271179,12:34:31.179,CYBER/USDT:USDT,1.6128,33.0,1.6127,174.0,1.616,500.0,1.6161,1575.0
1753533271280,12:34:31.280,CYBER/USDT:USDT,1.6128,33.0,1.6127,174.0,1.616,500.0,1.6161,1575.0
1753533271379,12:34:31.379,CYBER/USDT:USDT,1.6128,33.0,1.6127,174.0,1.616,500.0,1.6161,1575.0
1753533271479,12:34:31.479,CYBER/USDT:USDT,1.6128,33.0,1.6127,174.0,1.616,500.0,1.6161,1575.0
1753533271581,12:34:31.581,CYBER/USDT:USDT,1.6128,33.0,1.6127,174.0,1.616,500.0,1.6161,1575.0
1753533271685,12:34:31.685,CYBER/USDT:USDT,1.6128,33.0,1.6127,174.0,1.616,500.0,1.6161,1575.0
1753533271780,12:34:31.780,CYBER/USDT:USDT,1.6128,33.0,1.6127,174.0,1.616,500.0,1.6161,1575.0
1753533271880,12:34:31.880,CYBER/USDT:USDT,1.6128,33.0,1.6127,174.0,1.616,500.0,1.6161,1575.0
1753533271980,12:34:31.980,CYBER/USDT:USDT,1.6128,33.0,1.6127,174.0,1.616,500.0,1.6161,1575.0
1753533272080,12:34:32.080,CYBER/USDT:USDT,1.6128,33.0,1.6127,174.0,1.616,500.0,1.6161,1575.0
1753533272179,12:34:32.179,CYBER/USDT:USDT,1.6128,33.0,1.6127,174.0,1.616,500.0,1.6161,1575.0
1753533272279,12:34:32.279,CYBER/USDT:USDT,1.6128,33.0,1.6127,174.0,1.616,500.0,1.6161,1575.0
1753533272379,12:34:32.379,CYBER/USDT:USDT,1.6128,33.0,1.6127,174.0,1.616,500.0,1.6161,1575.0
1753533272481,12:34:32.481,CYBER/USDT:USDT,1.6128,33.0,1.6127,174.0,1.616,500.0,1.6161,1575.0
1753533272579,12:34:32.579,CYBER/USDT:USDT,1.6128,33.0,1.6127,174.0,1.616,500.0,1.6161,1575.0
1753533272683,12:34:32.683,CYBER/USDT:USDT,1.6128,33.0,1.6127,174.0,1.616,500.0,1.6161,1575.0
1753533272780,12:34:32.780,CYBER/USDT:USDT,1.6128,33.0,1.6127,174.0,1.616,500.0,1.6161,1575.0
1753533272880,12:34:32.880,CYBER/USDT:USDT,1.6128,33.0,1.6127,174.0,1.616,500.0,1.6161,1575.0
1753533272980,12:34:32.980,CYBER/USDT:USDT,1.6128,33.0,1.6127,174.0,1.616,500.0,1.6161,1575.0
1753533273079,12:34:33.079,CYBER/USDT:USDT,1.6128,33.0,1.6127,174.0,1.616,500.0,1.6161,1575.0
1753533273181,12:34:33.181,CYBER/USDT:USDT,1.6128,33.0,1.6127,174.0,1.616,500.0,1.6161,1575.0
1753533273279,12:34:33.279,CYBER/USDT:USDT,1.6128,33.0,1.6127,174.0,1.616,500.0,1.6161,1575.0
1753533273380,12:34:33.380,CYBER/USDT:USDT,1.6128,33.0,1.6127,174.0,1.616,500.0,1.6161,1575.0
1753533273479,12:34:33.479,CYBER/USDT:USDT,1.6128,33.0,1.6127,174.0,1.616,500.0,1.6161,1575.0
1753533273583,12:34:33.583,CYBER/USDT:USDT,1.6128,33.0,1.6127,174.0,1.616,500.0,1.6161,1575.0
1753533273680,12:34:33.680,CYBER/USDT:USDT,1.6128,33.0,1.6127,174.0,1.616,500.0,1.6161,1575.0
1753533273779,12:34:33.779,CYBER/USDT:USDT,1.6128,33.0,1.6127,174.0,1.616,500.0,1.6161,1575.0
1753533273880,12:34:33.880,CYBER/USDT:USDT,1.6128,33.0,1.6127,174.0,1.616,500.0,1.6161,1575.0
1753533273979,12:34:33.979,CYBER/USDT:USDT,1.6128,33.0,1.6127,174.0,1.616,500.0,1.6161,1575.0
1753533274080,12:34:34.080,CYBER/USDT:USDT,1.6128,33.0,1.6127,174.0,1.616,500.0,1.6161,1575.0
1753533274180,12:34:34.180,CYBER/USDT:USDT,1.6128,33.0,1.6127,174.0,1.616,500.0,1.6161,1575.0
1753533274283,12:34:34.283,CYBER/USDT:USDT,1.6128,33.0,1.6127,174.0,1.616,500.0,1.6161,1575.0
1753533274382,12:34:34.382,CYBER/USDT:USDT,1.6128,33.0,1.6127,174.0,1.616,500.0,1.6161,1575.0
1753533274480,12:34:34.480,CYBER/USDT:USDT,1.6128,33.0,1.6127,174.0,1.616,500.0,1.6161,1575.0
1753533274579,12:34:34.579,CYBER/USDT:USDT,1.6128,33.0,1.6127,174.0,1.616,500.0,1.6161,1575.0
1753533274682,12:34:34.682,CYBER/USDT:USDT,1.6128,33.0,1.6127,174.0,1.616,500.0,1.6161,1575.0
