timestamp,time,symbol,bid1_price,bid1_volume,bid2_price,bid2_volume,ask1_price,ask1_volume,ask2_price,ask2_volume
1753533024000,12:30:24.000,BIGTIME/USDT:USDT,0.0659,24.0,0.06589,29.0,0.06594,9.0,0.06595,11.0
1753533024124,12:30:24.124,BIGTIME/USDT:USDT,0.0659,24.0,0.06589,29.0,0.06594,9.0,0.06595,11.0
1753533024336,12:30:24.336,BIGTIME/USDT:USDT,0.0659,24.0,0.06589,29.0,0.06594,9.0,0.06595,11.0
1753533027584,12:30:27.584,BIGTIME/USDT:USDT,0.0659,24.0,0.06589,29.0,0.06594,9.0,0.06595,11.0
1753533030054,12:30:30.054,BIGTIME/USDT:USDT,0.0659,24.0,0.06589,29.0,0.06594,9.0,0.06595,11.0
1753533034056,12:30:34.056,BIGTIME/USDT:USDT,0.0659,24.0,0.06589,29.0,0.06594,11.0,0.06595,11.0
1753533049957,12:30:49.957,BIGTIME/USDT:USDT,0.0659,24.0,0.06589,29.0,0.06594,2.0,0.06595,11.0
1753533050083,12:30:50.083,BIGTIME/USDT:USDT,0.0659,24.0,0.06589,29.0,0.06595,11.0,0.06596,29.0
1753533050492,12:30:50.492,BIGTIME/USDT:USDT,0.0659,24.0,0.06589,29.0,0.06595,11.0,0.06596,29.0
1753533051008,12:30:51.008,BIGTIME/USDT:USDT,0.0659,24.0,0.06589,29.0,0.06595,11.0,0.06596,29.0
1753533051307,12:30:51.307,BIGTIME/USDT:USDT,0.0659,24.0,0.06589,29.0,0.06595,11.0,0.06596,29.0
1753533051702,12:30:51.702,BIGTIME/USDT:USDT,0.0659,24.0,0.06589,29.0,0.06595,11.0,0.06596,29.0
1753533052127,12:30:52.127,BIGTIME/USDT:USDT,0.0659,24.0,0.06589,29.0,0.06595,11.0,0.06596,29.0
1753533052345,12:30:52.345,BIGTIME/USDT:USDT,0.0659,24.0,0.06589,29.0,0.06595,11.0,0.06596,29.0
1753533052547,12:30:52.547,BIGTIME/USDT:USDT,0.0659,24.0,0.06589,29.0,0.06595,11.0,0.06596,29.0
1753533053013,12:30:53.013,BIGTIME/USDT:USDT,0.0659,24.0,0.06589,29.0,0.06595,11.0,0.06596,29.0
1753533053672,12:30:53.672,BIGTIME/USDT:USDT,0.0659,24.0,0.06589,29.0,0.06595,11.0,0.06596,29.0
1753533059632,12:30:59.632,BIGTIME/USDT:USDT,0.0659,24.0,0.06589,29.0,0.06594,11.0,0.06595,11.0
1753533059692,12:30:59.692,BIGTIME/USDT:USDT,0.0659,22.0,0.06589,29.0,0.06594,11.0,0.06595,11.0
1753533059825,12:30:59.825,BIGTIME/USDT:USDT,0.0659,22.0,0.06589,29.0,0.06594,11.0,0.06595,11.0
1753533060010,12:31:00.010,BIGTIME/USDT:USDT,0.0659,22.0,0.06589,29.0,0.06594,11.0,0.06595,11.0
1753533060779,12:31:00.779,BIGTIME/USDT:USDT,0.0659,20.0,0.06589,20.0,0.06593,11.0,0.06594,11.0
1753533060906,12:31:00.906,BIGTIME/USDT:USDT,0.0659,20.0,0.06589,20.0,0.06593,11.0,0.06594,11.0
1753533061034,12:31:01.034,BIGTIME/USDT:USDT,0.06589,20.0,0.06588,63.0,0.06592,11.0,0.06593,13.0
1753533061455,12:31:01.455,BIGTIME/USDT:USDT,0.06589,20.0,0.06588,63.0,0.06592,11.0,0.06593,13.0
1753533062032,12:31:02.032,BIGTIME/USDT:USDT,0.06589,20.0,0.06588,63.0,0.06592,11.0,0.06593,13.0
1753533062280,12:31:02.280,BIGTIME/USDT:USDT,0.06589,20.0,0.06588,63.0,0.06592,11.0,0.06593,13.0
1753533062579,12:31:02.579,BIGTIME/USDT:USDT,0.06589,20.0,0.06588,63.0,0.06592,11.0,0.06593,13.0
1753533063004,12:31:03.004,BIGTIME/USDT:USDT,0.06589,20.0,0.06588,63.0,0.06592,11.0,0.06593,13.0
1753533064098,12:31:04.098,BIGTIME/USDT:USDT,0.06589,20.0,0.06588,63.0,0.06592,11.0,0.06593,13.0
1753533065444,12:31:05.444,BIGTIME/USDT:USDT,0.06589,20.0,0.06588,63.0,0.06593,11.0,0.06595,9.0
1753533065656,12:31:05.656,BIGTIME/USDT:USDT,0.06589,20.0,0.06588,63.0,0.06593,13.0,0.06595,9.0
1753533066299,12:31:06.299,BIGTIME/USDT:USDT,0.06589,22.0,0.06588,63.0,0.06593,13.0,0.06595,9.0
1753533067420,12:31:07.420,BIGTIME/USDT:USDT,0.06589,24.0,0.06588,63.0,0.06595,9.0,0.06596,29.0
1753533067531,12:31:07.531,BIGTIME/USDT:USDT,0.0659,30.0,0.06589,24.0,0.06595,9.0,0.06596,29.0
1753533067634,12:31:07.634,BIGTIME/USDT:USDT,0.0659,30.0,0.06589,24.0,0.06595,9.0,0.06596,29.0
1753533067945,12:31:07.945,BIGTIME/USDT:USDT,0.0659,30.0,0.06589,24.0,0.06595,9.0,0.06596,29.0
1753533068244,12:31:08.244,BIGTIME/USDT:USDT,0.0659,20.0,0.06589,20.0,0.06595,9.0,0.06596,29.0
1753533068351,12:31:08.351,BIGTIME/USDT:USDT,0.06589,20.0,0.06588,63.0,0.06595,9.0,0.06596,29.0
1753533068361,12:31:08.361,BIGTIME/USDT:USDT,0.06589,20.0,0.06588,63.0,0.06595,9.0,0.06596,29.0
1753533068482,12:31:08.482,BIGTIME/USDT:USDT,0.06589,20.0,0.06588,20.0,0.06595,9.0,0.06596,29.0
1753533068648,12:31:08.648,BIGTIME/USDT:USDT,0.06588,20.0,0.06587,143.0,0.06594,30.0,0.06595,29.0
1753533068665,12:31:08.665,BIGTIME/USDT:USDT,0.06588,20.0,0.06587,143.0,0.06593,10.0,0.06594,30.0
1753533068783,12:31:08.783,BIGTIME/USDT:USDT,0.06588,20.0,0.06587,143.0,0.06593,10.0,0.06594,30.0
1753533069244,12:31:09.244,BIGTIME/USDT:USDT,0.06588,20.0,0.06587,143.0,0.06591,10.0,0.06592,12.0
1753533069623,12:31:09.623,BIGTIME/USDT:USDT,0.06588,63.0,0.06587,143.0,0.06591,10.0,0.06592,12.0
1753533069671,12:31:09.671,BIGTIME/USDT:USDT,0.06588,63.0,0.06587,143.0,0.06591,10.0,0.06592,12.0
1753533069919,12:31:09.919,BIGTIME/USDT:USDT,0.06588,63.0,0.06587,143.0,0.06591,10.0,0.06592,12.0
1753533070015,12:31:10.015,BIGTIME/USDT:USDT,0.06588,63.0,0.06587,143.0,0.06591,10.0,0.06592,12.0
1753533071005,12:31:11.005,BIGTIME/USDT:USDT,0.06588,63.0,0.06587,143.0,0.06591,10.0,0.06592,12.0
1753533075274,12:31:15.274,BIGTIME/USDT:USDT,0.06588,20.0,0.06587,143.0,0.06591,12.0,0.06592,12.0
1753533076907,12:31:16.907,BIGTIME/USDT:USDT,0.06588,67.0,0.06587,143.0,0.06591,2.0,0.06592,12.0
1753533076982,12:31:16.982,BIGTIME/USDT:USDT,0.06588,24.0,0.06587,143.0,0.06591,2.0,0.06592,12.0
1753533077064,12:31:17.064,BIGTIME/USDT:USDT,0.06588,67.0,0.06587,143.0,0.06591,2.0,0.06592,12.0
1753533078026,12:31:18.026,BIGTIME/USDT:USDT,0.06589,22.0,0.06588,65.0,0.06593,9.0,0.06594,30.0
1753533078234,12:31:18.234,BIGTIME/USDT:USDT,0.06589,20.0,0.06588,65.0,0.06593,9.0,0.06594,30.0
1753533078477,12:31:18.477,BIGTIME/USDT:USDT,0.06589,20.0,0.06588,65.0,0.06593,9.0,0.06594,30.0
1753533079292,12:31:19.292,BIGTIME/USDT:USDT,0.06589,20.0,0.06588,65.0,0.06593,13.0,0.06594,30.0
1753533080358,12:31:20.358,BIGTIME/USDT:USDT,0.06589,20.0,0.06588,65.0,0.06592,9.0,0.06593,13.0
1753533080501,12:31:20.501,BIGTIME/USDT:USDT,0.06589,20.0,0.06588,65.0,0.06592,9.0,0.06593,13.0
1753533081010,12:31:21.010,BIGTIME/USDT:USDT,0.06589,20.0,0.06588,65.0,0.06592,9.0,0.06593,13.0
1753533081655,12:31:21.655,BIGTIME/USDT:USDT,0.06589,20.0,0.06588,63.0,0.06592,9.0,0.06593,13.0
1753533087004,12:31:27.004,BIGTIME/USDT:USDT,0.06589,20.0,0.06588,63.0,0.06592,9.0,0.06593,13.0
1753533087127,12:31:27.127,BIGTIME/USDT:USDT,0.06589,20.0,0.06588,63.0,0.06592,9.0,0.06593,13.0
1753533088628,12:31:28.628,BIGTIME/USDT:USDT,0.06589,20.0,0.06588,63.0,0.06592,9.0,0.06593,13.0
1753533091235,12:31:31.235,BIGTIME/USDT:USDT,0.06589,24.0,0.06588,63.0,0.06592,9.0,0.06593,13.0
1753533091395,12:31:31.395,BIGTIME/USDT:USDT,0.06589,24.0,0.06588,63.0,0.06592,9.0,0.06593,13.0
1753533093660,12:31:33.660,BIGTIME/USDT:USDT,0.06589,24.0,0.06588,63.0,0.06593,11.0,0.06594,30.0
1753533093749,12:31:33.749,BIGTIME/USDT:USDT,0.06589,24.0,0.06588,63.0,0.06594,30.0,0.06595,29.0
1753533093790,12:31:33.790,BIGTIME/USDT:USDT,0.06589,24.0,0.06588,63.0,0.06594,30.0,0.06595,29.0
1753533095003,12:31:35.003,BIGTIME/USDT:USDT,0.06589,24.0,0.06588,63.0,0.06594,30.0,0.06595,29.0
1753533095444,12:31:35.444,BIGTIME/USDT:USDT,0.06589,24.0,0.06588,63.0,0.06594,30.0,0.06595,29.0
1753533096806,12:31:36.806,BIGTIME/USDT:USDT,0.06589,24.0,0.06588,63.0,0.06594,30.0,0.06595,29.0
1753533103544,12:31:43.544,BIGTIME/USDT:USDT,0.0659,29.0,0.06589,99.0,0.06594,20.0,0.06595,29.0
1753533103615,12:31:43.615,BIGTIME/USDT:USDT,0.0659,29.0,0.06589,99.0,0.06594,20.0,0.06595,29.0
1753533103899,12:31:43.899,BIGTIME/USDT:USDT,0.0659,29.0,0.06589,99.0,0.06594,20.0,0.06595,29.0
1753533104009,12:31:44.009,BIGTIME/USDT:USDT,0.0659,29.0,0.06589,99.0,0.06594,20.0,0.06595,29.0
1753533104222,12:31:44.222,BIGTIME/USDT:USDT,0.0659,29.0,0.06589,99.0,0.06594,20.0,0.06595,29.0
1753533104406,12:31:44.406,BIGTIME/USDT:USDT,0.0659,29.0,0.06589,99.0,0.06594,20.0,0.06595,29.0
1753533104724,12:31:44.724,BIGTIME/USDT:USDT,0.0659,29.0,0.06589,99.0,0.06594,20.0,0.06595,29.0
1753533105120,12:31:45.120,BIGTIME/USDT:USDT,0.0659,29.0,0.06589,99.0,0.06594,20.0,0.06595,29.0
1753533105561,12:31:45.561,BIGTIME/USDT:USDT,0.0659,152.0,0.06589,99.0,0.06594,20.0,0.06595,29.0
1753533105579,12:31:45.579,BIGTIME/USDT:USDT,0.06591,50.0,0.0659,152.0,0.06594,20.0,0.06595,20.0
1753533106203,12:31:46.203,BIGTIME/USDT:USDT,0.06591,50.0,0.0659,152.0,0.06595,24.0,0.06596,29.0
1753533106341,12:31:46.341,BIGTIME/USDT:USDT,0.06591,50.0,0.0659,152.0,0.06595,24.0,0.06596,29.0
1753533106407,12:31:46.407,BIGTIME/USDT:USDT,0.06591,48.0,0.0659,152.0,0.06595,24.0,0.06596,29.0
1753533106555,12:31:46.555,BIGTIME/USDT:USDT,0.06591,48.0,0.0659,143.0,0.06594,9.0,0.06595,24.0
1753533106642,12:31:46.642,BIGTIME/USDT:USDT,0.06591,2.0,0.0659,143.0,0.06594,9.0,0.06595,24.0
1753533106756,12:31:46.756,BIGTIME/USDT:USDT,0.06591,2.0,0.0659,143.0,0.06594,9.0,0.06595,24.0
1753533106790,12:31:46.790,BIGTIME/USDT:USDT,0.06591,2.0,0.0659,20.0,0.06594,9.0,0.06595,24.0
1753533107842,12:31:47.842,BIGTIME/USDT:USDT,0.0659,20.0,0.06589,95.0,0.06594,9.0,0.06595,24.0
1753533107931,12:31:47.931,BIGTIME/USDT:USDT,0.0659,20.0,0.06589,95.0,0.06594,9.0,0.06595,24.0
1753533107975,12:31:47.975,BIGTIME/USDT:USDT,0.0659,20.0,0.06589,95.0,0.06594,9.0,0.06595,24.0
1753533108857,12:31:48.857,BIGTIME/USDT:USDT,0.0659,20.0,0.06589,95.0,0.06594,9.0,0.06595,24.0
1753533109023,12:31:49.023,BIGTIME/USDT:USDT,0.0659,20.0,0.06589,95.0,0.06594,9.0,0.06595,24.0
1753533109106,12:31:49.106,BIGTIME/USDT:USDT,0.0659,20.0,0.06589,95.0,0.06594,9.0,0.06595,24.0
1753533111560,12:31:51.560,BIGTIME/USDT:USDT,0.0659,20.0,0.06589,95.0,0.06594,9.0,0.06595,24.0
1753533111563,12:31:51.563,BIGTIME/USDT:USDT,0.0659,20.0,0.06589,95.0,0.06594,9.0,0.06595,24.0
1753533117439,12:31:57.439,BIGTIME/USDT:USDT,0.0659,20.0,0.06589,95.0,0.06594,9.0,0.06595,24.0
1753533119143,12:31:59.143,BIGTIME/USDT:USDT,0.0659,20.0,0.06589,20.0,0.06594,9.0,0.06595,24.0
1753533119508,12:31:59.508,BIGTIME/USDT:USDT,0.06589,20.0,0.06588,63.0,0.06594,9.0,0.06595,24.0
1753533119713,12:31:59.713,BIGTIME/USDT:USDT,0.06589,20.0,0.06588,20.0,0.06594,9.0,0.06595,24.0
1753533119844,12:31:59.844,BIGTIME/USDT:USDT,0.06588,20.0,0.06587,143.0,0.06594,9.0,0.06595,74.0
1753533119910,12:31:59.910,BIGTIME/USDT:USDT,0.06588,20.0,0.06587,20.0,0.06594,9.0,0.06595,74.0
1753533120043,12:32:00.043,BIGTIME/USDT:USDT,0.06586,20.0,0.06585,64.0,0.06594,29.0,0.06595,74.0
1753533120119,12:32:00.119,BIGTIME/USDT:USDT,0.06586,20.0,0.06585,64.0,0.06592,10.0,0.06593,30.0
1753533120163,12:32:00.163,BIGTIME/USDT:USDT,0.06586,20.0,0.06585,64.0,0.06592,10.0,0.06593,30.0
1753533120460,12:32:00.460,BIGTIME/USDT:USDT,0.06586,20.0,0.06585,64.0,0.06592,10.0,0.06593,30.0
1753533120461,12:32:00.461,BIGTIME/USDT:USDT,0.06586,20.0,0.06585,64.0,0.06592,10.0,0.06593,30.0
1753533121038,12:32:01.038,BIGTIME/USDT:USDT,0.06586,20.0,0.06585,64.0,0.06591,10.0,0.06592,30.0
1753533121298,12:32:01.298,BIGTIME/USDT:USDT,0.06586,20.0,0.06585,64.0,0.06591,10.0,0.06592,30.0
1753533122026,12:32:02.026,BIGTIME/USDT:USDT,0.06586,20.0,0.06585,64.0,0.06591,10.0,0.06592,30.0
1753533122555,12:32:02.555,BIGTIME/USDT:USDT,0.06584,20.0,0.06583,20.0,0.06591,10.0,0.06592,80.0
1753533122657,12:32:02.657,BIGTIME/USDT:USDT,0.06584,20.0,0.06583,20.0,0.06591,10.0,0.06592,80.0
1753533122758,12:32:02.758,BIGTIME/USDT:USDT,0.06584,20.0,0.06583,20.0,0.06591,10.0,0.06592,80.0
1753533122809,12:32:02.809,BIGTIME/USDT:USDT,0.06584,20.0,0.06583,20.0,0.06591,10.0,0.06592,80.0
1753533122935,12:32:02.935,BIGTIME/USDT:USDT,0.06584,20.0,0.06583,20.0,0.06591,10.0,0.06592,80.0
1753533123061,12:32:03.061,BIGTIME/USDT:USDT,0.06583,20.0,0.06582,72.0,0.06588,10.0,0.06589,30.0
1753533123084,12:32:03.084,BIGTIME/USDT:USDT,0.06583,22.0,0.06582,72.0,0.06587,10.0,0.06588,12.0
1753533123239,12:32:03.239,BIGTIME/USDT:USDT,0.06583,22.0,0.06582,72.0,0.06587,10.0,0.06588,12.0
1753533123444,12:32:03.444,BIGTIME/USDT:USDT,0.06583,22.0,0.06582,72.0,0.06587,10.0,0.06588,12.0
1753533123495,12:32:03.495,BIGTIME/USDT:USDT,0.06583,22.0,0.06582,72.0,0.06587,10.0,0.06588,12.0
1753533123803,12:32:03.803,BIGTIME/USDT:USDT,0.06583,22.0,0.06582,72.0,0.06587,10.0,0.06588,12.0
1753533123911,12:32:03.911,BIGTIME/USDT:USDT,0.06583,22.0,0.06582,72.0,0.06588,10.0,0.06589,30.0
1753533124002,12:32:04.002,BIGTIME/USDT:USDT,0.06583,22.0,0.06582,72.0,0.06588,10.0,0.06589,30.0
1753533124227,12:32:04.227,BIGTIME/USDT:USDT,0.06583,22.0,0.06582,72.0,0.06588,10.0,0.06589,30.0
1753533124323,12:32:04.323,BIGTIME/USDT:USDT,0.06583,22.0,0.06582,72.0,0.06588,10.0,0.06589,30.0
1753533125223,12:32:05.223,BIGTIME/USDT:USDT,0.06583,22.0,0.06582,72.0,0.06588,10.0,0.06589,30.0
1753533125848,12:32:05.848,BIGTIME/USDT:USDT,0.06583,24.0,0.06582,72.0,0.06588,10.0,0.06589,30.0
1753533126634,12:32:06.634,BIGTIME/USDT:USDT,0.06583,22.0,0.06582,72.0,0.06588,10.0,0.06589,30.0
1753533128555,12:32:08.555,BIGTIME/USDT:USDT,0.06583,22.0,0.06582,63.0,0.06588,10.0,0.06589,30.0
1753533128625,12:32:08.625,BIGTIME/USDT:USDT,0.06583,22.0,0.06582,63.0,0.06588,10.0,0.06589,30.0
1753533128723,12:32:08.723,BIGTIME/USDT:USDT,0.06583,22.0,0.06582,63.0,0.06588,10.0,0.06589,30.0
1753533129758,12:32:09.758,BIGTIME/USDT:USDT,0.06583,22.0,0.06582,63.0,0.06588,10.0,0.06589,30.0
1753533129803,12:32:09.803,BIGTIME/USDT:USDT,0.06583,22.0,0.06582,63.0,0.06588,10.0,0.06589,30.0
1753533129957,12:32:09.957,BIGTIME/USDT:USDT,0.06583,20.0,0.06582,63.0,0.06587,14.0,0.06588,30.0
1753533130023,12:32:10.023,BIGTIME/USDT:USDT,0.06583,20.0,0.06582,63.0,0.06587,14.0,0.06588,30.0
1753533130322,12:32:10.322,BIGTIME/USDT:USDT,0.06583,20.0,0.06582,63.0,0.06587,14.0,0.06588,30.0
1753533130445,12:32:10.445,BIGTIME/USDT:USDT,0.06583,20.0,0.06582,63.0,0.06587,14.0,0.06588,30.0
1753533131142,12:32:11.142,BIGTIME/USDT:USDT,0.06583,20.0,0.06582,63.0,0.06587,14.0,0.06588,30.0
1753533131839,12:32:11.839,BIGTIME/USDT:USDT,0.06583,22.0,0.06582,63.0,0.06587,14.0,0.06588,30.0
1753533132101,12:32:12.101,BIGTIME/USDT:USDT,0.06583,22.0,0.06582,63.0,0.06587,14.0,0.06588,30.0
1753533132213,12:32:12.213,BIGTIME/USDT:USDT,0.06583,22.0,0.06582,63.0,0.06587,14.0,0.06588,30.0
1753533132853,12:32:12.853,BIGTIME/USDT:USDT,0.06586,11.0,0.06585,29.0,0.0659,20.0,0.06591,30.0
1753533132952,12:32:12.952,BIGTIME/USDT:USDT,0.06586,13.0,0.06585,91.0,0.0659,20.0,0.06591,30.0
1753533133116,12:32:13.116,BIGTIME/USDT:USDT,0.06587,9.0,0.06586,13.0,0.0659,20.0,0.06591,20.0
1753533133195,12:32:13.195,BIGTIME/USDT:USDT,0.06587,9.0,0.06586,13.0,0.0659,20.0,0.06591,20.0
1753533133893,12:32:13.893,BIGTIME/USDT:USDT,0.06587,9.0,0.06586,13.0,0.06591,22.0,0.06592,30.0
1753533134044,12:32:14.044,BIGTIME/USDT:USDT,0.06587,9.0,0.06586,13.0,0.06591,24.0,0.06592,30.0
1753533136010,12:32:16.010,BIGTIME/USDT:USDT,0.06587,9.0,0.06586,13.0,0.06591,24.0,0.06592,30.0
1753533139007,12:32:19.007,BIGTIME/USDT:USDT,0.06587,9.0,0.06586,13.0,0.06591,24.0,0.06592,30.0
1753533140040,12:32:20.040,BIGTIME/USDT:USDT,0.06587,9.0,0.06586,13.0,0.06591,24.0,0.06592,30.0
1753533140104,12:32:20.104,BIGTIME/USDT:USDT,0.06587,9.0,0.06586,13.0,0.06592,30.0,0.06593,30.0
1753533140224,12:32:20.224,BIGTIME/USDT:USDT,0.06587,9.0,0.06586,13.0,0.06592,30.0,0.06593,30.0
1753533140515,12:32:20.515,BIGTIME/USDT:USDT,0.06587,9.0,0.06586,13.0,0.06592,30.0,0.06593,30.0
1753533140809,12:32:20.809,BIGTIME/USDT:USDT,0.06587,29.0,0.06586,13.0,0.06592,30.0,0.06593,30.0
1753533141236,12:32:21.236,BIGTIME/USDT:USDT,0.06587,20.0,0.06586,13.0,0.06591,13.0,0.06592,30.0
1753533141354,12:32:21.354,BIGTIME/USDT:USDT,0.06587,20.0,0.06586,13.0,0.06591,13.0,0.06592,30.0
1753533142030,12:32:22.030,BIGTIME/USDT:USDT,0.06587,20.0,0.06586,13.0,0.06591,11.0,0.06592,30.0
1753533143455,12:32:23.455,BIGTIME/USDT:USDT,0.06587,20.0,0.06586,13.0,0.06591,11.0,0.06592,30.0
1753533146025,12:32:26.025,BIGTIME/USDT:USDT,0.06587,20.0,0.06586,13.0,0.06591,11.0,0.06592,30.0
1753533146414,12:32:26.414,BIGTIME/USDT:USDT,0.06587,20.0,0.06586,13.0,0.06591,13.0,0.06592,30.0
1753533148699,12:32:28.699,BIGTIME/USDT:USDT,0.06587,20.0,0.06586,4.0,0.0659,10.0,0.06591,13.0
1753533148783,12:32:28.783,BIGTIME/USDT:USDT,0.06587,20.0,0.06586,4.0,0.0659,10.0,0.06591,13.0
1753533148984,12:32:28.984,BIGTIME/USDT:USDT,0.06587,20.0,0.06586,4.0,0.0659,10.0,0.06591,13.0
1753533150006,12:32:30.006,BIGTIME/USDT:USDT,0.06587,20.0,0.06586,4.0,0.0659,10.0,0.06591,13.0
1753533151057,12:32:31.057,BIGTIME/USDT:USDT,0.06587,20.0,0.06586,4.0,0.0659,10.0,0.06591,11.0
1753533154021,12:32:34.021,BIGTIME/USDT:USDT,0.06587,20.0,0.06586,4.0,0.0659,10.0,0.06591,11.0
1753533155559,12:32:35.559,BIGTIME/USDT:USDT,0.06587,20.0,0.06586,4.0,0.0659,12.0,0.06591,11.0
1753533155809,12:32:35.809,BIGTIME/USDT:USDT,0.06587,20.0,0.06586,4.0,0.0659,12.0,0.06591,11.0
1753533156407,12:32:36.407,BIGTIME/USDT:USDT,0.06587,20.0,0.06586,4.0,0.0659,10.0,0.06591,11.0
1753533156466,12:32:36.466,BIGTIME/USDT:USDT,0.06587,20.0,0.06586,4.0,0.0659,10.0,0.06591,11.0
1753533159258,12:32:39.258,BIGTIME/USDT:USDT,0.06587,20.0,0.06586,4.0,0.0659,10.0,0.06591,11.0
1753533162259,12:32:42.259,BIGTIME/USDT:USDT,0.06587,20.0,0.06586,4.0,0.0659,10.0,0.06591,11.0
1753533162276,12:32:42.276,BIGTIME/USDT:USDT,0.06587,20.0,0.06586,4.0,0.0659,10.0,0.06591,11.0
1753533165150,12:32:45.150,BIGTIME/USDT:USDT,0.06587,20.0,0.06586,4.0,0.0659,10.0,0.06591,11.0
1753533165556,12:32:45.556,BIGTIME/USDT:USDT,0.06587,20.0,0.06586,4.0,0.0659,10.0,0.06591,11.0
1753533166020,12:32:46.020,BIGTIME/USDT:USDT,0.06587,20.0,0.06586,2.0,0.0659,12.0,0.06591,11.0
1753533166068,12:32:46.068,BIGTIME/USDT:USDT,0.06587,20.0,0.06585,91.0,0.0659,14.0,0.06591,9.0
1753533167024,12:32:47.024,BIGTIME/USDT:USDT,0.06587,22.0,0.06585,91.0,0.06591,9.0,0.06592,30.0
1753533167068,12:32:47.068,BIGTIME/USDT:USDT,0.06587,22.0,0.06585,91.0,0.06591,11.0,0.06592,30.0
1753533167180,12:32:47.180,BIGTIME/USDT:USDT,0.06587,22.0,0.06585,91.0,0.06591,11.0,0.06592,30.0
1753533168693,12:32:48.693,BIGTIME/USDT:USDT,0.06587,22.0,0.06585,91.0,0.0659,12.0,0.06591,11.0
1753533168798,12:32:48.798,BIGTIME/USDT:USDT,0.06587,22.0,0.06585,91.0,0.0659,12.0,0.06591,11.0
1753533169013,12:32:49.013,BIGTIME/USDT:USDT,0.06587,22.0,0.06585,91.0,0.0659,12.0,0.06591,11.0
1753533169960,12:32:49.960,BIGTIME/USDT:USDT,0.06587,20.0,0.06585,91.0,0.0659,12.0,0.06591,11.0
1753533169964,12:32:49.964,BIGTIME/USDT:USDT,0.06587,20.0,0.06585,91.0,0.0659,14.0,0.06591,9.0
1753533170957,12:32:50.957,BIGTIME/USDT:USDT,0.06587,20.0,0.06585,91.0,0.0659,14.0,0.06591,9.0
1753533171094,12:32:51.094,BIGTIME/USDT:USDT,0.06587,20.0,0.06585,91.0,0.0659,17.0,0.06591,9.0
1753533171319,12:32:51.319,BIGTIME/USDT:USDT,0.06587,20.0,0.06585,91.0,0.0659,17.0,0.06591,9.0
1753533171564,12:32:51.564,BIGTIME/USDT:USDT,0.06587,20.0,0.06585,91.0,0.0659,17.0,0.06591,9.0
1753533172325,12:32:52.325,BIGTIME/USDT:USDT,0.06587,22.0,0.06585,91.0,0.0659,15.0,0.06591,9.0
1753533173789,12:32:53.789,BIGTIME/USDT:USDT,0.06587,20.0,0.06585,91.0,0.0659,17.0,0.06591,9.0
1753533174846,12:32:54.846,BIGTIME/USDT:USDT,0.06587,24.0,0.06585,91.0,0.0659,1.0,0.06591,9.0
1753533175003,12:32:55.003,BIGTIME/USDT:USDT,0.06587,22.0,0.06585,91.0,0.0659,11.0,0.06591,9.0
1753533175238,12:32:55.238,BIGTIME/USDT:USDT,0.06587,22.0,0.06585,91.0,0.0659,11.0,0.06591,9.0
1753533175359,12:32:55.359,BIGTIME/USDT:USDT,0.06587,20.0,0.06585,91.0,0.0659,15.0,0.06591,9.0
1753533175466,12:32:55.466,BIGTIME/USDT:USDT,0.06587,22.0,0.06585,91.0,0.0659,15.0,0.06591,9.0
1753533176134,12:32:56.134,BIGTIME/USDT:USDT,0.06587,22.0,0.06585,91.0,0.0659,12.0,0.06591,9.0
1753533176455,12:32:56.455,BIGTIME/USDT:USDT,0.06587,22.0,0.06585,91.0,0.0659,12.0,0.06591,9.0
1753533177035,12:32:57.035,BIGTIME/USDT:USDT,0.06587,22.0,0.06585,91.0,0.0659,12.0,0.06591,9.0
1753533177716,12:32:57.716,BIGTIME/USDT:USDT,0.06587,24.0,0.06585,91.0,0.06591,9.0,0.06592,30.0
1753533178147,12:32:58.147,BIGTIME/USDT:USDT,0.06587,24.0,0.06585,91.0,0.06591,9.0,0.06592,30.0
1753533178228,12:32:58.228,BIGTIME/USDT:USDT,0.06587,24.0,0.06585,91.0,0.06591,9.0,0.06592,30.0
1753533179618,12:32:59.618,BIGTIME/USDT:USDT,0.06587,22.0,0.06585,91.0,0.06591,9.0,0.06592,30.0
1753533180224,12:33:00.224,BIGTIME/USDT:USDT,0.06587,22.0,0.06585,91.0,0.06591,9.0,0.06592,30.0
1753533181452,12:33:01.452,BIGTIME/USDT:USDT,0.06585,20.0,0.06584,75.0,0.06591,9.0,0.06592,30.0
1753533181557,12:33:01.557,BIGTIME/USDT:USDT,0.06585,20.0,0.06583,20.0,0.06591,9.0,0.06592,30.0
1753533181729,12:33:01.729,BIGTIME/USDT:USDT,0.06585,20.0,0.06583,20.0,0.06591,9.0,0.06592,30.0
1753533182038,12:33:02.038,BIGTIME/USDT:USDT,0.06585,20.0,0.06583,20.0,0.06591,9.0,0.06592,30.0
1753533182341,12:33:02.341,BIGTIME/USDT:USDT,0.06583,20.0,0.06582,63.0,0.06591,29.0,0.06592,30.0
1753533182456,12:33:02.456,BIGTIME/USDT:USDT,0.06583,20.0,0.06582,63.0,0.06588,10.0,0.06589,30.0
1753533182515,12:33:02.515,BIGTIME/USDT:USDT,0.06583,20.0,0.06582,63.0,0.06588,10.0,0.06589,30.0
1753533185905,12:33:05.905,BIGTIME/USDT:USDT,0.06583,20.0,0.06582,63.0,0.06588,10.0,0.06589,30.0
1753533186495,12:33:06.495,BIGTIME/USDT:USDT,0.06583,20.0,0.06582,63.0,0.06588,10.0,0.06589,30.0
1753533186664,12:33:06.664,BIGTIME/USDT:USDT,0.06583,20.0,0.06582,63.0,0.06588,10.0,0.06589,30.0
1753533186863,12:33:06.863,BIGTIME/USDT:USDT,0.06583,20.0,0.06582,63.0,0.06588,10.0,0.06589,30.0
1753533192651,12:33:12.651,BIGTIME/USDT:USDT,0.06583,20.0,0.06582,63.0,0.06588,10.0,0.06589,30.0
1753533192663,12:33:12.663,BIGTIME/USDT:USDT,0.06583,20.0,0.06582,63.0,0.06588,10.0,0.06589,30.0
1753533193008,12:33:13.008,BIGTIME/USDT:USDT,0.06583,20.0,0.06582,63.0,0.06588,10.0,0.06589,30.0
1753533194092,12:33:14.092,BIGTIME/USDT:USDT,0.06583,20.0,0.06582,63.0,0.06588,10.0,0.06589,30.0
1753533200797,12:33:20.797,BIGTIME/USDT:USDT,0.06583,20.0,0.06582,63.0,0.06588,10.0,0.06589,30.0
1753533202159,12:33:22.159,BIGTIME/USDT:USDT,0.06577,46.0,0.06574,10.0,0.06583,10.0,0.06584,153.0
1753533202261,12:33:22.261,BIGTIME/USDT:USDT,0.06573,237.0,0.06572,519.0,0.06582,10.0,0.06583,85.0
1753533202360,12:33:22.360,BIGTIME/USDT:USDT,0.06571,9.0,0.06568,10.0,0.0658,10.0,0.06581,123.0
1753533202455,12:33:22.455,BIGTIME/USDT:USDT,0.0657,30.0,0.06569,20.0,0.06578,10.0,0.06579,85.0
1753533202537,12:33:22.537,BIGTIME/USDT:USDT,0.0657,20.0,0.06569,20.0,0.06578,10.0,0.06579,85.0
1753533202647,12:33:22.647,BIGTIME/USDT:USDT,0.0657,20.0,0.06569,20.0,0.06578,10.0,0.06579,85.0
1753533202751,12:33:22.751,BIGTIME/USDT:USDT,0.0657,20.0,0.06569,20.0,0.06578,10.0,0.06579,85.0
1753533203051,12:33:23.051,BIGTIME/USDT:USDT,0.0657,24.0,0.06569,32.0,0.06576,10.0,0.06577,10.0
1753533203109,12:33:23.109,BIGTIME/USDT:USDT,0.0657,24.0,0.06569,32.0,0.06576,10.0,0.06577,10.0
1753533203178,12:33:23.178,BIGTIME/USDT:USDT,0.0657,24.0,0.06569,32.0,0.06577,10.0,0.06578,133.0
1753533203547,12:33:23.547,BIGTIME/USDT:USDT,0.0657,24.0,0.06569,32.0,0.06576,10.0,0.06577,12.0
1753533203609,12:33:23.609,BIGTIME/USDT:USDT,0.0657,24.0,0.06569,32.0,0.06574,10.0,0.06575,30.0
1753533203923,12:33:23.923,BIGTIME/USDT:USDT,0.0657,20.0,0.06569,20.0,0.06574,10.0,0.06575,32.0
1753533204010,12:33:24.010,BIGTIME/USDT:USDT,0.0657,20.0,0.06569,20.0,0.06574,10.0,0.06575,32.0
1753533204065,12:33:24.065,BIGTIME/USDT:USDT,0.0657,20.0,0.06569,22.0,0.06574,10.0,0.06575,32.0
1753533204163,12:33:24.163,BIGTIME/USDT:USDT,0.0657,20.0,0.06569,22.0,0.06574,10.0,0.06575,32.0
1753533204560,12:33:24.560,BIGTIME/USDT:USDT,0.0657,20.0,0.06569,22.0,0.06574,10.0,0.06575,32.0
1753533204583,12:33:24.583,BIGTIME/USDT:USDT,0.0657,20.0,0.06569,22.0,0.06574,10.0,0.06575,32.0
1753533204840,12:33:24.840,BIGTIME/USDT:USDT,0.0657,20.0,0.06569,22.0,0.06574,10.0,0.06575,32.0
1753533205058,12:33:25.058,BIGTIME/USDT:USDT,0.0657,20.0,0.06569,22.0,0.06574,10.0,0.06575,32.0
1753533205597,12:33:25.597,BIGTIME/USDT:USDT,0.0657,20.0,0.06569,22.0,0.06574,10.0,0.06575,32.0
1753533205673,12:33:25.673,BIGTIME/USDT:USDT,0.0657,20.0,0.06569,22.0,0.06574,10.0,0.06575,34.0
1753533205994,12:33:25.994,BIGTIME/USDT:USDT,0.0657,20.0,0.06569,22.0,0.06574,10.0,0.06575,34.0
1753533206073,12:33:26.073,BIGTIME/USDT:USDT,0.0657,20.0,0.06569,22.0,0.06574,10.0,0.06575,34.0
1753533206165,12:33:26.165,BIGTIME/USDT:USDT,0.0657,20.0,0.06569,22.0,0.06574,10.0,0.06575,32.0
1753533207143,12:33:27.143,BIGTIME/USDT:USDT,0.0657,20.0,0.06569,22.0,0.06574,10.0,0.06575,32.0
1753533207556,12:33:27.556,BIGTIME/USDT:USDT,0.0657,20.0,0.06569,22.0,0.06574,10.0,0.06575,32.0
1753533207655,12:33:27.655,BIGTIME/USDT:USDT,0.0657,22.0,0.06569,24.0,0.06575,20.0,0.06576,30.0
1753533207905,12:33:27.905,BIGTIME/USDT:USDT,0.0657,22.0,0.06569,24.0,0.06575,20.0,0.06576,30.0
1753533208056,12:33:28.056,BIGTIME/USDT:USDT,0.0657,22.0,0.06569,24.0,0.06575,20.0,0.06576,30.0
1753533208490,12:33:28.490,BIGTIME/USDT:USDT,0.0657,22.0,0.06569,24.0,0.06575,20.0,0.06576,30.0
1753533208784,12:33:28.784,BIGTIME/USDT:USDT,0.0657,22.0,0.06569,24.0,0.06575,20.0,0.06576,30.0
1753533208876,12:33:28.876,BIGTIME/USDT:USDT,0.0657,22.0,0.06569,34.0,0.06575,20.0,0.06576,30.0
1753533209005,12:33:29.005,BIGTIME/USDT:USDT,0.0657,22.0,0.06569,34.0,0.06575,20.0,0.06576,30.0
1753533210024,12:33:30.024,BIGTIME/USDT:USDT,0.0657,22.0,0.06569,34.0,0.06575,20.0,0.06576,30.0
1753533210139,12:33:30.139,BIGTIME/USDT:USDT,0.0657,22.0,0.06569,34.0,0.06575,20.0,0.06576,30.0
1753533210307,12:33:30.307,BIGTIME/USDT:USDT,0.0657,22.0,0.06569,34.0,0.06575,20.0,0.06576,30.0
1753533210982,12:33:30.982,BIGTIME/USDT:USDT,0.0657,22.0,0.06569,34.0,0.06575,20.0,0.06576,30.0
1753533211647,12:33:31.647,BIGTIME/USDT:USDT,0.0657,22.0,0.06569,34.0,0.06575,20.0,0.06576,30.0
1753533212943,12:33:32.943,BIGTIME/USDT:USDT,0.06571,32.0,0.0657,22.0,0.06575,20.0,0.06576,30.0
1753533213318,12:33:33.318,BIGTIME/USDT:USDT,0.06571,32.0,0.0657,22.0,0.06575,20.0,0.06576,30.0
1753533213857,12:33:33.857,BIGTIME/USDT:USDT,0.06565,20.0,0.06564,127.0,0.06573,10.0,0.06574,10.0
1753533213958,12:33:33.958,BIGTIME/USDT:USDT,0.06565,20.0,0.06564,77.0,0.06571,10.0,0.06572,123.0
1753533214054,12:33:34.054,BIGTIME/USDT:USDT,0.06565,20.0,0.06562,30.0,0.0657,10.0,0.06571,12.0
1753533214147,12:33:34.147,BIGTIME/USDT:USDT,0.06565,22.0,0.06564,2.0,0.06569,10.0,0.0657,12.0
1753533214383,12:33:34.383,BIGTIME/USDT:USDT,0.06565,22.0,0.06564,2.0,0.06569,10.0,0.0657,12.0
1753533214636,12:33:34.636,BIGTIME/USDT:USDT,0.06565,22.0,0.06564,2.0,0.06569,10.0,0.0657,12.0
1753533214917,12:33:34.917,BIGTIME/USDT:USDT,0.06565,22.0,0.06564,2.0,0.06569,10.0,0.0657,12.0
1753533216759,12:33:36.759,BIGTIME/USDT:USDT,0.06565,22.0,0.06564,2.0,0.06569,10.0,0.0657,12.0
1753533216763,12:33:36.763,BIGTIME/USDT:USDT,0.06565,22.0,0.06564,2.0,0.06569,10.0,0.0657,12.0
1753533216954,12:33:36.954,BIGTIME/USDT:USDT,0.06565,20.0,0.06564,2.0,0.06569,12.0,0.0657,12.0
1753533217043,12:33:37.043,BIGTIME/USDT:USDT,0.06564,2.0,0.06562,20.0,0.06568,10.0,0.06569,12.0
1753533217137,12:33:37.137,BIGTIME/USDT:USDT,0.06562,24.0,0.06561,70.0,0.06567,10.0,0.06568,10.0
1753533217244,12:33:37.244,BIGTIME/USDT:USDT,0.06562,24.0,0.06561,30.0,0.0657,10.0,0.06571,10.0
1753533217271,12:33:37.271,BIGTIME/USDT:USDT,0.06562,24.0,0.06561,30.0,0.06571,10.0,0.06572,123.0
1753533217422,12:33:37.422,BIGTIME/USDT:USDT,0.06562,24.0,0.06561,30.0,0.06571,10.0,0.06572,123.0
1753533217560,12:33:37.560,BIGTIME/USDT:USDT,0.06562,24.0,0.06561,30.0,0.06571,10.0,0.06572,123.0
1753533217627,12:33:37.627,BIGTIME/USDT:USDT,0.06562,24.0,0.06561,30.0,0.06571,10.0,0.06572,123.0
1753533217749,12:33:37.749,BIGTIME/USDT:USDT,0.06562,22.0,0.06561,30.0,0.06571,10.0,0.06572,123.0
1753533217945,12:33:37.945,BIGTIME/USDT:USDT,0.06562,20.0,0.06561,30.0,0.06571,10.0,0.06572,123.0
1753533218023,12:33:38.023,BIGTIME/USDT:USDT,0.06562,20.0,0.06561,30.0,0.06571,10.0,0.06572,123.0
1753533218242,12:33:38.242,BIGTIME/USDT:USDT,0.06562,20.0,0.06561,30.0,0.06571,10.0,0.06572,123.0
1753533218343,12:33:38.343,BIGTIME/USDT:USDT,0.06562,20.0,0.06561,30.0,0.06571,10.0,0.06572,123.0
1753533218363,12:33:38.363,BIGTIME/USDT:USDT,0.06562,20.0,0.06561,30.0,0.06571,10.0,0.06572,123.0
1753533218932,12:33:38.932,BIGTIME/USDT:USDT,0.06562,20.0,0.06561,30.0,0.06571,10.0,0.06572,123.0
1753533219124,12:33:39.124,BIGTIME/USDT:USDT,0.06562,20.0,0.06561,30.0,0.06571,10.0,0.06572,123.0
1753533219164,12:33:39.164,BIGTIME/USDT:USDT,0.06562,20.0,0.06561,30.0,0.06571,10.0,0.06572,123.0
1753533219554,12:33:39.554,BIGTIME/USDT:USDT,0.06562,20.0,0.06561,30.0,0.06571,10.0,0.06572,123.0
1753533219694,12:33:39.694,BIGTIME/USDT:USDT,0.06562,20.0,0.06561,30.0,0.06571,10.0,0.06572,123.0
1753533220354,12:33:40.354,BIGTIME/USDT:USDT,0.06562,20.0,0.06561,20.0,0.06567,10.0,0.06568,14.0
1753533220400,12:33:40.400,BIGTIME/USDT:USDT,0.06562,22.0,0.06561,20.0,0.06567,10.0,0.06568,14.0
1753533220739,12:33:40.739,BIGTIME/USDT:USDT,0.06562,24.0,0.06561,20.0,0.06567,10.0,0.06568,14.0
1753533220923,12:33:40.923,BIGTIME/USDT:USDT,0.06562,4.0,0.06561,20.0,0.06567,10.0,0.06568,14.0
1753533221502,12:33:41.502,BIGTIME/USDT:USDT,0.06562,4.0,0.06561,20.0,0.06567,10.0,0.06568,14.0
1753533221900,12:33:41.900,BIGTIME/USDT:USDT,0.06562,24.0,0.06561,20.0,0.06567,10.0,0.06568,14.0
1753533222610,12:33:42.610,BIGTIME/USDT:USDT,0.06562,24.0,0.06561,20.0,0.06567,10.0,0.06568,14.0
1753533223107,12:33:43.107,BIGTIME/USDT:USDT,0.06562,24.0,0.06561,20.0,0.06567,10.0,0.06568,14.0
1753533223872,12:33:43.872,BIGTIME/USDT:USDT,0.06562,4.0,0.06561,20.0,0.06567,10.0,0.06568,14.0
1753533224546,12:33:44.546,BIGTIME/USDT:USDT,0.06562,4.0,0.06561,20.0,0.06567,10.0,0.06568,14.0
1753533224856,12:33:44.856,BIGTIME/USDT:USDT,0.06562,4.0,0.06561,20.0,0.06567,10.0,0.06568,14.0
1753533224862,12:33:44.862,BIGTIME/USDT:USDT,0.06562,24.0,0.06561,20.0,0.06567,10.0,0.06568,14.0
1753533226193,12:33:46.193,BIGTIME/USDT:USDT,0.06562,24.0,0.06561,20.0,0.06567,10.0,0.06568,12.0
1753533226411,12:33:46.411,BIGTIME/USDT:USDT,0.06562,24.0,0.06561,20.0,0.06567,10.0,0.06568,12.0
1753533226839,12:33:46.839,BIGTIME/USDT:USDT,0.06562,4.0,0.06561,20.0,0.06567,10.0,0.06568,12.0
1753533227640,12:33:47.640,BIGTIME/USDT:USDT,0.06562,4.0,0.06561,20.0,0.06567,10.0,0.06568,12.0
1753533227828,12:33:47.828,BIGTIME/USDT:USDT,0.06562,24.0,0.06561,20.0,0.06567,10.0,0.06568,12.0
1753533227952,12:33:47.952,BIGTIME/USDT:USDT,0.06562,24.0,0.06561,20.0,0.06567,10.0,0.06568,12.0
1753533229806,12:33:49.806,BIGTIME/USDT:USDT,0.06562,4.0,0.06561,20.0,0.06567,10.0,0.06568,12.0
1753533230335,12:33:50.335,BIGTIME/USDT:USDT,0.06562,4.0,0.06561,20.0,0.06567,12.0,0.06568,12.0
1753533230795,12:33:50.795,BIGTIME/USDT:USDT,0.06562,24.0,0.06561,20.0,0.06567,12.0,0.06568,12.0
1753533231580,12:33:51.580,BIGTIME/USDT:USDT,0.06562,24.0,0.06561,20.0,0.06566,12.0,0.06567,12.0
1753533231665,12:33:51.665,BIGTIME/USDT:USDT,0.06562,22.0,0.06561,20.0,0.06566,12.0,0.06567,12.0
1753533231783,12:33:51.783,BIGTIME/USDT:USDT,0.06562,22.0,0.06561,20.0,0.06566,12.0,0.06567,12.0
1753533231996,12:33:51.996,BIGTIME/USDT:USDT,0.06562,22.0,0.06561,20.0,0.06566,12.0,0.06567,12.0
1753533232436,12:33:52.436,BIGTIME/USDT:USDT,0.06562,20.0,0.06561,20.0,0.06565,10.0,0.06566,12.0
1753533232499,12:33:52.499,BIGTIME/USDT:USDT,0.06562,20.0,0.06561,22.0,0.06565,10.0,0.06566,12.0
1753533232817,12:33:52.817,BIGTIME/USDT:USDT,0.06562,20.0,0.06561,2.0,0.06565,10.0,0.06566,12.0
1753533233251,12:33:53.251,BIGTIME/USDT:USDT,0.06562,20.0,0.06561,2.0,0.06565,10.0,0.06566,12.0
1753533234044,12:33:54.044,BIGTIME/USDT:USDT,0.06562,22.0,0.06561,2.0,0.06565,10.0,0.06566,12.0
1753533234175,12:33:54.175,BIGTIME/USDT:USDT,0.06562,22.0,0.06561,2.0,0.06565,10.0,0.06566,12.0
1753533234641,12:33:54.641,BIGTIME/USDT:USDT,0.06562,22.0,0.06561,2.0,0.06565,10.0,0.06566,12.0
1753533235799,12:33:55.799,BIGTIME/USDT:USDT,0.06562,22.0,0.06561,2.0,0.06565,10.0,0.06566,12.0
1753533236557,12:33:56.557,BIGTIME/USDT:USDT,0.0656,20.0,0.06559,20.0,0.06565,12.0,0.06566,12.0
1753533236654,12:33:56.654,BIGTIME/USDT:USDT,0.0656,20.0,0.06559,20.0,0.06565,12.0,0.06566,12.0
1753533236729,12:33:56.729,BIGTIME/USDT:USDT,0.06559,20.0,0.06558,29.0,0.06565,10.0,0.06566,12.0
1753533236894,12:33:56.894,BIGTIME/USDT:USDT,0.06559,20.0,0.06558,29.0,0.06565,10.0,0.06566,12.0
1753533237009,12:33:57.009,BIGTIME/USDT:USDT,0.06559,20.0,0.06558,29.0,0.06565,10.0,0.06566,12.0
1753533237174,12:33:57.174,BIGTIME/USDT:USDT,0.06559,20.0,0.06558,29.0,0.06565,10.0,0.06566,12.0
1753533237313,12:33:57.313,BIGTIME/USDT:USDT,0.06559,20.0,0.06558,29.0,0.06565,10.0,0.06566,12.0
1753533237551,12:33:57.551,BIGTIME/USDT:USDT,0.0656,10.0,0.06559,96.0,0.06566,10.0,0.06568,10.0
1753533237625,12:33:57.625,BIGTIME/USDT:USDT,0.06561,106.0,0.0656,30.0,0.06568,10.0,0.06569,123.0
1753533237748,12:33:57.748,BIGTIME/USDT:USDT,0.06562,54.0,0.06561,96.0,0.06567,12.0,0.06568,11.0
1753533237766,12:33:57.766,BIGTIME/USDT:USDT,0.06562,54.0,0.06561,96.0,0.06567,12.0,0.06568,11.0
1753533238008,12:33:58.008,BIGTIME/USDT:USDT,0.06562,54.0,0.06561,96.0,0.06567,12.0,0.06568,11.0
1753533238147,12:33:58.147,BIGTIME/USDT:USDT,0.06562,54.0,0.06561,96.0,0.06567,12.0,0.06568,11.0
1753533238822,12:33:58.822,BIGTIME/USDT:USDT,0.06562,22.0,0.06561,96.0,0.06567,12.0,0.06568,11.0
1753533239443,12:33:59.443,BIGTIME/USDT:USDT,0.06562,22.0,0.06561,96.0,0.06567,12.0,0.06568,11.0
1753533239697,12:33:59.697,BIGTIME/USDT:USDT,0.06562,22.0,0.06561,96.0,0.06567,12.0,0.06568,11.0
1753533240058,12:34:00.058,BIGTIME/USDT:USDT,0.06562,22.0,0.06561,96.0,0.06567,12.0,0.06568,11.0
1753533240348,12:34:00.348,BIGTIME/USDT:USDT,0.06562,24.0,0.06561,96.0,0.06567,12.0,0.06568,11.0
1753533240544,12:34:00.544,BIGTIME/USDT:USDT,0.06562,24.0,0.06561,96.0,0.06567,12.0,0.06568,11.0
1753533240587,12:34:00.587,BIGTIME/USDT:USDT,0.06562,24.0,0.06561,96.0,0.06567,12.0,0.06568,11.0
1753533240797,12:34:00.797,BIGTIME/USDT:USDT,0.06562,24.0,0.06561,96.0,0.06567,12.0,0.06568,10.0
1753533241007,12:34:01.007,BIGTIME/USDT:USDT,0.06562,24.0,0.06561,96.0,0.06567,12.0,0.06568,10.0
1753533241909,12:34:01.909,BIGTIME/USDT:USDT,0.06562,24.0,0.06561,96.0,0.06567,14.0,0.06568,10.0
1753533242236,12:34:02.236,BIGTIME/USDT:USDT,0.06562,24.0,0.06561,96.0,0.06567,14.0,0.06568,10.0
1753533242506,12:34:02.506,BIGTIME/USDT:USDT,0.06562,24.0,0.06561,96.0,0.06567,14.0,0.06568,10.0
1753533242899,12:34:02.899,BIGTIME/USDT:USDT,0.06562,24.0,0.06561,96.0,0.06567,16.0,0.06571,10.0
1753533243782,12:34:03.782,BIGTIME/USDT:USDT,0.06562,24.0,0.06561,96.0,0.06567,16.0,0.06571,10.0
1753533244019,12:34:04.019,BIGTIME/USDT:USDT,0.06562,24.0,0.06561,96.0,0.06567,16.0,0.06571,10.0
1753533244146,12:34:04.146,BIGTIME/USDT:USDT,0.06562,24.0,0.06561,96.0,0.06567,10.0,0.06571,10.0
1753533244170,12:34:04.170,BIGTIME/USDT:USDT,0.06562,24.0,0.06561,96.0,0.06571,10.0,0.06572,123.0
1753533244286,12:34:04.286,BIGTIME/USDT:USDT,0.06562,24.0,0.06561,96.0,0.06571,10.0,0.06572,123.0
1753533245037,12:34:05.037,BIGTIME/USDT:USDT,0.06562,24.0,0.06561,96.0,0.06568,10.0,0.06569,125.0
1753533247518,12:34:07.518,BIGTIME/USDT:USDT,0.06562,24.0,0.06561,96.0,0.06568,10.0,0.06569,125.0
1753533248038,12:34:08.038,BIGTIME/USDT:USDT,0.06562,24.0,0.06561,96.0,0.06568,10.0,0.06569,123.0
1753533248989,12:34:08.989,BIGTIME/USDT:USDT,0.06562,24.0,0.06561,96.0,0.06568,12.0,0.06569,123.0
1753533250104,12:34:10.104,BIGTIME/USDT:USDT,0.06562,24.0,0.06561,96.0,0.06568,12.0,0.06569,123.0
1753533251547,12:34:11.547,BIGTIME/USDT:USDT,0.06562,24.0,0.06561,96.0,0.06568,12.0,0.06569,123.0
1753533252154,12:34:12.154,BIGTIME/USDT:USDT,0.06562,24.0,0.06561,96.0,0.06568,2.0,0.06571,10.0
1753533252259,12:34:12.259,BIGTIME/USDT:USDT,0.06563,30.0,0.06562,24.0,0.06571,11.0,0.06572,123.0
1753533252309,12:34:12.309,BIGTIME/USDT:USDT,0.06564,30.0,0.06563,30.0,0.06571,11.0,0.06572,123.0
1753533252366,12:34:12.366,BIGTIME/USDT:USDT,0.06564,30.0,0.06563,30.0,0.06571,11.0,0.06572,123.0
1753533252610,12:34:12.610,BIGTIME/USDT:USDT,0.06564,30.0,0.06563,30.0,0.06571,11.0,0.06572,123.0
1753533252783,12:34:12.783,BIGTIME/USDT:USDT,0.06564,30.0,0.06563,30.0,0.06571,11.0,0.06572,123.0
1753533253007,12:34:13.007,BIGTIME/USDT:USDT,0.06564,30.0,0.06563,30.0,0.06571,11.0,0.06572,123.0
1753533253538,12:34:13.538,BIGTIME/USDT:USDT,0.06564,30.0,0.06563,10.0,0.06571,11.0,0.06572,123.0
1753533256122,12:34:16.122,BIGTIME/USDT:USDT,0.06564,30.0,0.06563,10.0,0.06571,11.0,0.06572,123.0
1753533256411,12:34:16.411,BIGTIME/USDT:USDT,0.06564,30.0,0.06563,10.0,0.06571,11.0,0.06572,123.0
1753533258323,12:34:18.323,BIGTIME/USDT:USDT,0.06564,30.0,0.06563,10.0,0.06571,11.0,0.06572,123.0
1753533258458,12:34:18.458,BIGTIME/USDT:USDT,0.06565,30.0,0.06564,30.0,0.06574,10.0,0.06575,143.0
1753533258553,12:34:18.553,BIGTIME/USDT:USDT,0.06566,30.0,0.06565,30.0,0.06574,10.0,0.06575,143.0
1753533258563,12:34:18.563,BIGTIME/USDT:USDT,0.06566,30.0,0.06565,30.0,0.06574,10.0,0.06575,143.0
1753533258753,12:34:18.753,BIGTIME/USDT:USDT,0.06566,30.0,0.06565,30.0,0.06574,13.0,0.06575,143.0
1753533258844,12:34:18.844,BIGTIME/USDT:USDT,0.06566,30.0,0.06565,30.0,0.06574,13.0,0.06575,143.0
1753533260007,12:34:20.007,BIGTIME/USDT:USDT,0.06566,30.0,0.06565,30.0,0.06574,13.0,0.06575,143.0
1753533260268,12:34:20.268,BIGTIME/USDT:USDT,0.06566,30.0,0.06565,30.0,0.06574,13.0,0.06575,143.0
1753533260460,12:34:20.460,BIGTIME/USDT:USDT,0.06566,30.0,0.06565,30.0,0.06574,13.0,0.06575,123.0
1753533260529,12:34:20.529,BIGTIME/USDT:USDT,0.06566,30.0,0.06565,30.0,0.06574,13.0,0.06575,123.0
1753533260580,12:34:20.580,BIGTIME/USDT:USDT,0.06566,30.0,0.06565,30.0,0.06574,13.0,0.06575,123.0
1753533261756,12:34:21.756,BIGTIME/USDT:USDT,0.06566,20.0,0.06565,30.0,0.06573,10.0,0.06574,10.0
1753533261800,12:34:21.800,BIGTIME/USDT:USDT,0.06566,20.0,0.06565,30.0,0.06573,12.0,0.06574,10.0
1753533262012,12:34:22.012,BIGTIME/USDT:USDT,0.06566,20.0,0.06565,30.0,0.06573,12.0,0.06574,10.0
1753533262095,12:34:22.095,BIGTIME/USDT:USDT,0.06566,20.0,0.06565,30.0,0.06573,12.0,0.06574,10.0
1753533262513,12:34:22.513,BIGTIME/USDT:USDT,0.06566,20.0,0.06565,30.0,0.06573,12.0,0.06574,10.0
1753533265055,12:34:25.055,BIGTIME/USDT:USDT,0.06566,20.0,0.06565,30.0,0.06573,12.0,0.06574,10.0
1753533265064,12:34:25.064,BIGTIME/USDT:USDT,0.06566,20.0,0.06565,30.0,0.06573,12.0,0.06574,10.0
1753533265408,12:34:25.408,BIGTIME/USDT:USDT,0.06566,20.0,0.06565,30.0,0.06573,12.0,0.06574,10.0
1753533266407,12:34:26.407,BIGTIME/USDT:USDT,0.06566,20.0,0.06565,30.0,0.06573,32.0,0.06574,10.0
1753533267724,12:34:27.724,BIGTIME/USDT:USDT,0.06566,20.0,0.06565,30.0,0.06573,30.0,0.06574,10.0
1753533267824,12:34:27.824,BIGTIME/USDT:USDT,0.06566,20.0,0.06565,20.0,0.06572,10.0,0.06573,30.0
1753533268155,12:34:28.155,BIGTIME/USDT:USDT,0.06566,22.0,0.06565,20.0,0.06572,10.0,0.06573,30.0
1753533268164,12:34:28.164,BIGTIME/USDT:USDT,0.06566,22.0,0.06565,20.0,0.06572,12.0,0.06573,30.0
1753533268376,12:34:28.376,BIGTIME/USDT:USDT,0.06566,2.0,0.06565,20.0,0.06572,14.0,0.06573,30.0
1753533269360,12:34:29.360,BIGTIME/USDT:USDT,0.06566,22.0,0.06565,20.0,0.06572,14.0,0.06573,30.0
1753533269375,12:34:29.375,BIGTIME/USDT:USDT,0.06566,22.0,0.06565,20.0,0.06572,14.0,0.06573,30.0
1753533270011,12:34:30.011,BIGTIME/USDT:USDT,0.06566,22.0,0.06565,20.0,0.06572,12.0,0.06573,30.0
1753533270349,12:34:30.349,BIGTIME/USDT:USDT,0.06566,22.0,0.06565,20.0,0.06572,12.0,0.06573,30.0
1753533271342,12:34:31.342,BIGTIME/USDT:USDT,0.06566,2.0,0.06565,20.0,0.06572,12.0,0.06573,30.0
1753533272327,12:34:32.327,BIGTIME/USDT:USDT,0.06566,22.0,0.06565,20.0,0.06572,12.0,0.06573,30.0
1753533272600,12:34:32.600,BIGTIME/USDT:USDT,0.06566,22.0,0.06565,20.0,0.06572,12.0,0.06573,30.0
1753533272723,12:34:32.723,BIGTIME/USDT:USDT,0.06566,22.0,0.06565,20.0,0.06572,12.0,0.06573,30.0
1753533273541,12:34:33.541,BIGTIME/USDT:USDT,0.06566,22.0,0.06565,20.0,0.06572,12.0,0.06573,30.0
1753533274310,12:34:34.310,BIGTIME/USDT:USDT,0.06566,2.0,0.06565,20.0,0.06572,10.0,0.06573,30.0
1753533274620,12:34:34.620,BIGTIME/USDT:USDT,0.06566,2.0,0.06565,20.0,0.06572,10.0,0.06573,30.0
1753533275293,12:34:35.293,BIGTIME/USDT:USDT,0.06566,22.0,0.06565,20.0,0.06572,10.0,0.06573,30.0
1753533276683,12:34:36.683,BIGTIME/USDT:USDT,0.06566,22.0,0.06565,20.0,0.06572,10.0,0.06573,30.0
1753533277059,12:34:37.059,BIGTIME/USDT:USDT,0.06566,22.0,0.06565,20.0,0.06572,10.0,0.06573,30.0
1753533277270,12:34:37.270,BIGTIME/USDT:USDT,0.06566,2.0,0.06565,20.0,0.06572,10.0,0.06573,30.0
1753533278260,12:34:38.260,BIGTIME/USDT:USDT,0.06566,22.0,0.06565,20.0,0.06572,30.0,0.06573,30.0
1753533280237,12:34:40.237,BIGTIME/USDT:USDT,0.06566,2.0,0.06565,20.0,0.06572,30.0,0.06573,30.0
1753533280950,12:34:40.950,BIGTIME/USDT:USDT,0.06565,20.0,0.06564,216.0,0.06571,10.0,0.06572,30.0
1753533281043,12:34:41.043,BIGTIME/USDT:USDT,0.06565,20.0,0.06564,20.0,0.06571,10.0,0.06572,30.0
1753533281098,12:34:41.098,BIGTIME/USDT:USDT,0.06565,20.0,0.06564,20.0,0.06571,10.0,0.06572,30.0
1753533281229,12:34:41.229,BIGTIME/USDT:USDT,0.06563,20.0,0.06562,205.0,0.06571,30.0,0.06572,30.0
1753533281303,12:34:41.303,BIGTIME/USDT:USDT,0.06563,20.0,0.06562,20.0,0.06571,30.0,0.06572,30.0
1753533281523,12:34:41.523,BIGTIME/USDT:USDT,0.06563,20.0,0.06562,20.0,0.06571,30.0,0.06572,30.0
1753533281759,12:34:41.759,BIGTIME/USDT:USDT,0.06562,20.0,0.06561,314.0,0.06571,30.0,0.06572,30.0
1753533281939,12:34:41.939,BIGTIME/USDT:USDT,0.06562,20.0,0.06561,314.0,0.06571,30.0,0.06572,30.0
1753533282005,12:34:42.005,BIGTIME/USDT:USDT,0.06562,20.0,0.06561,314.0,0.06571,30.0,0.06572,30.0
1753533283794,12:34:43.794,BIGTIME/USDT:USDT,0.06563,20.0,0.06562,20.0,0.06571,30.0,0.06572,30.0
1753533283968,12:34:43.968,BIGTIME/USDT:USDT,0.06563,20.0,0.06562,20.0,0.06571,30.0,0.06572,30.0
1753533284553,12:34:44.553,BIGTIME/USDT:USDT,0.06563,20.0,0.06562,20.0,0.0657,152.0,0.06571,30.0
1753533284645,12:34:44.645,BIGTIME/USDT:USDT,0.06563,20.0,0.06562,20.0,0.0657,152.0,0.06571,30.0
1753533284704,12:34:44.704,BIGTIME/USDT:USDT,0.06563,20.0,0.06562,20.0,0.0657,152.0,0.06571,30.0
1753533284784,12:34:44.784,BIGTIME/USDT:USDT,0.06563,20.0,0.06562,20.0,0.0657,152.0,0.06571,30.0
1753533285031,12:34:45.031,BIGTIME/USDT:USDT,0.06563,20.0,0.06562,20.0,0.0657,152.0,0.06571,30.0
1753533285202,12:34:45.202,BIGTIME/USDT:USDT,0.06562,20.0,0.06561,96.0,0.0657,152.0,0.06571,30.0
1753533285618,12:34:45.618,BIGTIME/USDT:USDT,0.06562,20.0,0.06561,96.0,0.0657,152.0,0.06571,30.0
1753533286552,12:34:46.552,BIGTIME/USDT:USDT,0.06562,20.0,0.06561,96.0,0.0657,152.0,0.06571,30.0
1753533286844,12:34:46.844,BIGTIME/USDT:USDT,0.06562,20.0,0.06561,96.0,0.0657,152.0,0.06571,30.0
1753533287357,12:34:47.357,BIGTIME/USDT:USDT,0.06562,96.0,0.06561,20.0,0.0657,152.0,0.06571,30.0
1753533287406,12:34:47.406,BIGTIME/USDT:USDT,0.06562,96.0,0.06561,66.0,0.0657,29.0,0.06571,30.0
1753533287545,12:34:47.545,BIGTIME/USDT:USDT,0.06562,96.0,0.06561,66.0,0.0657,31.0,0.06571,30.0
1753533288212,12:34:48.212,BIGTIME/USDT:USDT,0.06563,24.0,0.06562,96.0,0.0657,31.0,0.06571,30.0
1753533288460,12:34:48.460,BIGTIME/USDT:USDT,0.06563,24.0,0.06562,96.0,0.0657,31.0,0.06571,30.0
1753533288461,12:34:48.461,BIGTIME/USDT:USDT,0.06563,24.0,0.06562,96.0,0.0657,31.0,0.06571,30.0
1753533289020,12:34:49.020,BIGTIME/USDT:USDT,0.06563,100.0,0.06562,20.0,0.0657,20.0,0.06571,30.0
1753533289444,12:34:49.444,BIGTIME/USDT:USDT,0.06565,22.0,0.06564,76.0,0.06571,22.0,0.06572,20.0
1753533289465,12:34:49.465,BIGTIME/USDT:USDT,0.06565,22.0,0.06564,76.0,0.06571,22.0,0.06572,20.0
1753533289581,12:34:49.581,BIGTIME/USDT:USDT,0.06565,22.0,0.06564,76.0,0.06571,20.0,0.06572,20.0
1753533289689,12:34:49.689,BIGTIME/USDT:USDT,0.06565,22.0,0.06564,76.0,0.06571,20.0,0.06572,20.0
1753533289768,12:34:49.768,BIGTIME/USDT:USDT,0.06565,22.0,0.06564,76.0,0.06571,20.0,0.06572,20.0
1753533290013,12:34:50.013,BIGTIME/USDT:USDT,0.06565,22.0,0.06564,76.0,0.06571,20.0,0.06572,20.0
1753533290140,12:34:50.140,BIGTIME/USDT:USDT,0.06565,22.0,0.06564,76.0,0.06572,20.0,0.06573,30.0
1753533290392,12:34:50.392,BIGTIME/USDT:USDT,0.06565,22.0,0.06564,76.0,0.06572,20.0,0.06573,30.0
1753533290511,12:34:50.511,BIGTIME/USDT:USDT,0.06565,22.0,0.06564,76.0,0.06572,20.0,0.06573,30.0
1753533290925,12:34:50.925,BIGTIME/USDT:USDT,0.06565,22.0,0.06564,76.0,0.06572,20.0,0.06573,30.0
1753533290972,12:34:50.972,BIGTIME/USDT:USDT,0.06565,22.0,0.06564,76.0,0.06572,20.0,0.06573,30.0
1753533291115,12:34:51.115,BIGTIME/USDT:USDT,0.06565,22.0,0.06564,76.0,0.06572,20.0,0.06573,30.0
1753533291902,12:34:51.902,BIGTIME/USDT:USDT,0.06565,22.0,0.06564,76.0,0.06572,22.0,0.06573,30.0
1753533293755,12:34:53.755,BIGTIME/USDT:USDT,0.06565,22.0,0.06564,76.0,0.06572,22.0,0.06573,30.0
1753533294023,12:34:54.023,BIGTIME/USDT:USDT,0.06565,22.0,0.06564,76.0,0.06572,22.0,0.06573,30.0
1753533294063,12:34:54.063,BIGTIME/USDT:USDT,0.06565,22.0,0.06564,76.0,0.06572,22.0,0.06573,30.0
1753533294292,12:34:54.292,BIGTIME/USDT:USDT,0.06565,22.0,0.06564,76.0,0.06572,20.0,0.06573,30.0
1753533295061,12:34:55.061,BIGTIME/USDT:USDT,0.06565,98.0,0.06563,9.0,0.06572,20.0,0.06573,30.0
1753533295084,12:34:55.084,BIGTIME/USDT:USDT,0.06566,22.0,0.06565,78.0,0.06572,20.0,0.06573,20.0
1753533295382,12:34:55.382,BIGTIME/USDT:USDT,0.06566,22.0,0.06565,78.0,0.06572,20.0,0.06573,20.0
1753533296059,12:34:56.059,BIGTIME/USDT:USDT,0.06566,22.0,0.06565,78.0,0.06573,20.0,0.06574,30.0
1753533296083,12:34:56.083,BIGTIME/USDT:USDT,0.06566,22.0,0.06565,78.0,0.06573,20.0,0.06574,30.0
1753533296199,12:34:56.199,BIGTIME/USDT:USDT,0.06566,22.0,0.06565,78.0,0.06573,20.0,0.06574,30.0
1753533297055,12:34:57.055,BIGTIME/USDT:USDT,0.06566,22.0,0.06565,78.0,0.06573,20.0,0.06574,30.0
1753533297557,12:34:57.557,BIGTIME/USDT:USDT,0.06566,98.0,0.06565,11.0,0.06574,20.0,0.06575,123.0
1753533297644,12:34:57.644,BIGTIME/USDT:USDT,0.06566,98.0,0.06565,11.0,0.06574,20.0,0.06576,20.0
1753533297724,12:34:57.724,BIGTIME/USDT:USDT,0.06568,22.0,0.06567,96.0,0.06574,20.0,0.06576,20.0
1753533297824,12:34:57.824,BIGTIME/USDT:USDT,0.06568,22.0,0.06567,96.0,0.06574,20.0,0.06576,20.0
1753533298038,12:34:58.038,BIGTIME/USDT:USDT,0.06568,22.0,0.06567,76.0,0.06576,20.0,0.06577,30.0
1753533298150,12:34:58.150,BIGTIME/USDT:USDT,0.06568,98.0,0.06566,20.0,0.06576,20.0,0.06577,30.0
1753533298252,12:34:58.252,BIGTIME/USDT:USDT,0.06568,98.0,0.06566,20.0,0.06576,20.0,0.06577,30.0
1753533298561,12:34:58.561,BIGTIME/USDT:USDT,0.06568,98.0,0.06566,20.0,0.06576,21.0,0.06577,30.0
1753533298603,12:34:58.603,BIGTIME/USDT:USDT,0.06568,98.0,0.06566,20.0,0.06576,21.0,0.06577,30.0
1753533299027,12:34:59.027,BIGTIME/USDT:USDT,0.06569,20.0,0.06568,78.0,0.06576,21.0,0.06577,30.0
1753533299450,12:34:59.450,BIGTIME/USDT:USDT,0.06569,20.0,0.06568,78.0,0.06576,21.0,0.06577,30.0
1753533299564,12:34:59.564,BIGTIME/USDT:USDT,0.06569,20.0,0.06568,78.0,0.06576,21.0,0.06577,30.0
1753533299943,12:34:59.943,BIGTIME/USDT:USDT,0.06569,20.0,0.06568,78.0,0.06576,21.0,0.06577,30.0
1753533300028,12:35:00.028,BIGTIME/USDT:USDT,0.06569,20.0,0.06568,78.0,0.06576,21.0,0.06577,30.0
1753533300710,12:35:00.710,BIGTIME/USDT:USDT,0.06569,20.0,0.06568,78.0,0.06576,21.0,0.06577,30.0
1753533301023,12:35:01.023,BIGTIME/USDT:USDT,0.06569,20.0,0.06568,78.0,0.06576,21.0,0.06577,30.0
1753533301082,12:35:01.082,BIGTIME/USDT:USDT,0.06569,20.0,0.06568,78.0,0.06576,21.0,0.06577,30.0
1753533301452,12:35:01.452,BIGTIME/USDT:USDT,0.06569,20.0,0.06568,76.0,0.06575,10.0,0.06576,21.0
1753533301548,12:35:01.548,BIGTIME/USDT:USDT,0.06569,20.0,0.06567,20.0,0.06575,31.0,0.06576,21.0
1753533302048,12:35:02.048,BIGTIME/USDT:USDT,0.06567,20.0,0.06566,184.0,0.06575,33.0,0.06576,20.0
1753533302301,12:35:02.301,BIGTIME/USDT:USDT,0.06567,20.0,0.06566,184.0,0.06575,33.0,0.06576,20.0
1753533302981,12:35:02.981,BIGTIME/USDT:USDT,0.06567,20.0,0.06566,184.0,0.06575,13.0,0.06576,20.0
1753533303104,12:35:03.104,BIGTIME/USDT:USDT,0.06567,96.0,0.06566,20.0,0.06575,12.0,0.06576,20.0
1753533303183,12:35:03.183,BIGTIME/USDT:USDT,0.06567,96.0,0.06566,20.0,0.06575,12.0,0.06576,20.0
1753533303523,12:35:03.523,BIGTIME/USDT:USDT,0.06567,96.0,0.06566,20.0,0.06575,12.0,0.06576,20.0
1753533303722,12:35:03.722,BIGTIME/USDT:USDT,0.06567,96.0,0.06566,20.0,0.06575,12.0,0.06576,20.0
1753533304003,12:35:04.003,BIGTIME/USDT:USDT,0.06568,20.0,0.06567,76.0,0.06575,2.0,0.06576,20.0
1753533304338,12:35:04.338,BIGTIME/USDT:USDT,0.06568,20.0,0.06567,76.0,0.06575,2.0,0.06576,20.0
1753533304753,12:35:04.753,BIGTIME/USDT:USDT,0.06568,20.0,0.06567,76.0,0.06575,2.0,0.06576,20.0
1753533305330,12:35:05.330,BIGTIME/USDT:USDT,0.06568,20.0,0.06566,20.0,0.06574,145.0,0.06575,10.0
1753533305423,12:35:05.423,BIGTIME/USDT:USDT,0.06568,20.0,0.06566,20.0,0.06574,145.0,0.06575,10.0
1753533305576,12:35:05.576,BIGTIME/USDT:USDT,0.06568,20.0,0.06566,20.0,0.06574,145.0,0.06575,10.0
1753533305948,12:35:05.948,BIGTIME/USDT:USDT,0.06565,20.0,0.06564,219.0,0.06574,145.0,0.06575,10.0
1753533306043,12:35:06.043,BIGTIME/USDT:USDT,0.06565,20.0,0.06564,69.0,0.06574,145.0,0.06575,10.0
1753533306063,12:35:06.063,BIGTIME/USDT:USDT,0.06565,20.0,0.06564,69.0,0.06574,145.0,0.06575,10.0
1753533306944,12:35:06.944,BIGTIME/USDT:USDT,0.06565,20.0,0.06564,69.0,0.06574,145.0,0.06575,10.0
1753533307217,12:35:07.217,BIGTIME/USDT:USDT,0.06565,20.0,0.06564,69.0,0.06574,145.0,0.06575,10.0
1753533307926,12:35:07.926,BIGTIME/USDT:USDT,0.06565,20.0,0.06564,69.0,0.06573,20.0,0.06574,145.0
1753533307964,12:35:07.964,BIGTIME/USDT:USDT,0.06565,20.0,0.06564,69.0,0.06573,20.0,0.06574,145.0
1753533308914,12:35:08.914,BIGTIME/USDT:USDT,0.06565,20.0,0.06564,69.0,0.06573,20.0,0.06574,145.0
1753533311406,12:35:11.406,BIGTIME/USDT:USDT,0.06565,20.0,0.06564,69.0,0.06573,20.0,0.06574,145.0
1753533311881,12:35:11.881,BIGTIME/USDT:USDT,0.06565,20.0,0.06564,69.0,0.06573,20.0,0.06574,145.0
1753533312644,12:35:12.644,BIGTIME/USDT:USDT,0.06565,20.0,0.06564,69.0,0.06573,20.0,0.06574,145.0
1753533315101,12:35:15.101,BIGTIME/USDT:USDT,0.06565,20.0,0.06564,69.0,0.06573,20.0,0.06574,145.0
1753533315303,12:35:15.303,BIGTIME/USDT:USDT,0.06565,20.0,0.06564,69.0,0.06573,20.0,0.06574,145.0
1753533315431,12:35:15.431,BIGTIME/USDT:USDT,0.06565,20.0,0.06564,60.0,0.06573,20.0,0.06574,145.0
1753533316481,12:35:16.481,BIGTIME/USDT:USDT,0.06565,20.0,0.06564,60.0,0.06573,20.0,0.06574,145.0
1753533317183,12:35:17.183,BIGTIME/USDT:USDT,0.06565,20.0,0.06564,60.0,0.06573,20.0,0.06574,145.0
1753533322256,12:35:22.256,BIGTIME/USDT:USDT,0.06565,20.0,0.06564,137.0,0.06573,20.0,0.06574,145.0
1753533322285,12:35:22.285,BIGTIME/USDT:USDT,0.06565,96.0,0.06564,137.0,0.06573,20.0,0.06574,21.0
1753533322429,12:35:22.429,BIGTIME/USDT:USDT,0.06567,22.0,0.06566,96.0,0.06573,20.0,0.06574,21.0
1753533322522,12:35:22.522,BIGTIME/USDT:USDT,0.06567,22.0,0.06566,96.0,0.06573,20.0,0.06574,21.0
1753533322594,12:35:22.594,BIGTIME/USDT:USDT,0.06567,98.0,0.06566,20.0,0.06573,20.0,0.06574,21.0
1753533322758,12:35:22.758,BIGTIME/USDT:USDT,0.06567,98.0,0.06566,20.0,0.06573,20.0,0.06574,1.0
1753533323007,12:35:23.007,BIGTIME/USDT:USDT,0.06567,98.0,0.06566,20.0,0.06573,20.0,0.06574,1.0
1753533323338,12:35:23.338,BIGTIME/USDT:USDT,0.06568,29.0,0.06567,98.0,0.06573,20.0,0.06574,1.0
1753533323747,12:35:23.747,BIGTIME/USDT:USDT,0.06568,29.0,0.06567,78.0,0.06573,20.0,0.06574,1.0
1753533324008,12:35:24.008,BIGTIME/USDT:USDT,0.06568,29.0,0.06567,78.0,0.06573,20.0,0.06574,1.0
1753533324560,12:35:24.560,BIGTIME/USDT:USDT,0.06568,29.0,0.06567,78.0,0.06573,20.0,0.06574,1.0
1753533325654,12:35:25.654,BIGTIME/USDT:USDT,0.06568,29.0,0.06567,78.0,0.06573,20.0,0.06574,1.0
1753533325884,12:35:25.884,BIGTIME/USDT:USDT,0.06568,29.0,0.06567,78.0,0.06573,20.0,0.06574,1.0
1753533326103,12:35:26.103,BIGTIME/USDT:USDT,0.06568,29.0,0.06567,78.0,0.06573,20.0,0.06574,1.0
1753533326184,12:35:26.184,BIGTIME/USDT:USDT,0.06568,29.0,0.06567,78.0,0.06573,20.0,0.06574,1.0
1753533326729,12:35:26.729,BIGTIME/USDT:USDT,0.06568,29.0,0.06567,78.0,0.06573,20.0,0.06574,1.0
1753533327008,12:35:27.008,BIGTIME/USDT:USDT,0.06568,29.0,0.06567,78.0,0.06573,20.0,0.06574,1.0
1753533327140,12:35:27.140,BIGTIME/USDT:USDT,0.06568,29.0,0.06567,78.0,0.06573,20.0,0.06574,1.0
1753533327164,12:35:27.164,BIGTIME/USDT:USDT,0.06568,29.0,0.06567,78.0,0.06573,20.0,0.06574,1.0
1753533332370,12:35:32.370,BIGTIME/USDT:USDT,0.06568,20.0,0.06567,78.0,0.06573,20.0,0.06574,1.0
1753533335704,12:35:35.704,BIGTIME/USDT:USDT,0.06568,20.0,0.06567,78.0,0.06573,21.0,0.06574,1.0
1753533337457,12:35:37.457,BIGTIME/USDT:USDT,0.06568,20.0,0.06567,78.0,0.06573,21.0,0.06574,1.0
1753533338317,12:35:38.317,BIGTIME/USDT:USDT,0.06568,20.0,0.06567,78.0,0.06574,1.0,0.06576,20.0
1753533338425,12:35:38.425,BIGTIME/USDT:USDT,0.06568,96.0,0.06567,45.0,0.06576,20.0,0.06577,30.0
1753533338580,12:35:38.580,BIGTIME/USDT:USDT,0.06568,96.0,0.06567,45.0,0.06576,20.0,0.06577,30.0
1753533338688,12:35:38.688,BIGTIME/USDT:USDT,0.06568,96.0,0.06567,45.0,0.06576,20.0,0.06577,30.0
1753533339925,12:35:39.925,BIGTIME/USDT:USDT,0.06569,29.0,0.06568,96.0,0.06576,20.0,0.06577,30.0
1753533340013,12:35:40.013,BIGTIME/USDT:USDT,0.06569,29.0,0.06568,96.0,0.06576,20.0,0.06577,30.0
1753533341123,12:35:41.123,BIGTIME/USDT:USDT,0.06569,29.0,0.06568,96.0,0.06576,20.0,0.06577,30.0
1753533341198,12:35:41.198,BIGTIME/USDT:USDT,0.06569,96.0,0.06568,20.0,0.06576,20.0,0.06577,30.0
1753533341354,12:35:41.354,BIGTIME/USDT:USDT,0.06569,96.0,0.06568,20.0,0.06576,22.0,0.06577,30.0
1753533341546,12:35:41.546,BIGTIME/USDT:USDT,0.0657,20.0,0.06569,76.0,0.06576,22.0,0.06577,30.0
1753533341639,12:35:41.639,BIGTIME/USDT:USDT,0.0657,22.0,0.06569,76.0,0.06576,22.0,0.06577,30.0
1753533341845,12:35:41.845,BIGTIME/USDT:USDT,0.0657,22.0,0.06569,76.0,0.06576,22.0,0.06577,30.0
1753533344677,12:35:44.677,BIGTIME/USDT:USDT,0.0657,22.0,0.06569,76.0,0.06576,22.0,0.06577,30.0
1753533346401,12:35:46.401,BIGTIME/USDT:USDT,0.0657,22.0,0.06569,76.0,0.06576,22.0,0.06577,30.0
1753533347557,12:35:47.557,BIGTIME/USDT:USDT,0.0657,22.0,0.06569,76.0,0.06576,22.0,0.06577,30.0
1753533347625,12:35:47.625,BIGTIME/USDT:USDT,0.0657,22.0,0.06569,76.0,0.06576,22.0,0.06577,30.0
1753533348732,12:35:48.732,BIGTIME/USDT:USDT,0.0657,22.0,0.06569,76.0,0.06576,20.0,0.06577,30.0
1753533348781,12:35:48.781,BIGTIME/USDT:USDT,0.0657,22.0,0.06569,76.0,0.06576,20.0,0.06577,30.0
1753533350376,12:35:50.376,BIGTIME/USDT:USDT,0.0657,22.0,0.06569,76.0,0.06576,22.0,0.06577,30.0
1753533350654,12:35:50.654,BIGTIME/USDT:USDT,0.0657,22.0,0.06569,76.0,0.06576,20.0,0.06577,30.0
1753533350743,12:35:50.743,BIGTIME/USDT:USDT,0.0657,98.0,0.06568,20.0,0.06576,22.0,0.06577,30.0
1753533350813,12:35:50.813,BIGTIME/USDT:USDT,0.0657,98.0,0.06568,20.0,0.06576,22.0,0.06577,30.0
1753533351449,12:35:51.449,BIGTIME/USDT:USDT,0.06571,20.0,0.0657,78.0,0.06576,23.0,0.06577,20.0
1753533351669,12:35:51.669,BIGTIME/USDT:USDT,0.06571,20.0,0.0657,78.0,0.06576,23.0,0.06577,20.0
1753533352423,12:35:52.423,BIGTIME/USDT:USDT,0.06571,20.0,0.0657,78.0,0.06576,3.0,0.06577,20.0
1753533352463,12:35:52.463,BIGTIME/USDT:USDT,0.06571,20.0,0.0657,78.0,0.06576,3.0,0.06577,20.0
1753533353003,12:35:53.003,BIGTIME/USDT:USDT,0.06571,20.0,0.0657,78.0,0.06576,3.0,0.06577,20.0
1753533353609,12:35:53.609,BIGTIME/USDT:USDT,0.06571,20.0,0.0657,78.0,0.06576,3.0,0.06577,20.0
1753533353961,12:35:53.961,BIGTIME/USDT:USDT,0.06571,20.0,0.0657,78.0,0.06577,20.0,0.06578,20.0
1753533354059,12:35:54.059,BIGTIME/USDT:USDT,0.06572,36.0,0.06571,20.0,0.06577,20.0,0.06578,20.0
1753533354133,12:35:54.133,BIGTIME/USDT:USDT,0.06572,22.0,0.06571,20.0,0.06577,21.0,0.06578,20.0
1753533354403,12:35:54.403,BIGTIME/USDT:USDT,0.06572,22.0,0.06571,20.0,0.06577,1.0,0.06578,20.0
1753533355399,12:35:55.399,BIGTIME/USDT:USDT,0.06572,2.0,0.06571,20.0,0.06577,1.0,0.06578,20.0
1753533355463,12:35:55.463,BIGTIME/USDT:USDT,0.06572,2.0,0.06571,20.0,0.06577,2.0,0.06578,20.0
1753533355641,12:35:55.641,BIGTIME/USDT:USDT,0.06572,2.0,0.06571,20.0,0.06577,2.0,0.06578,20.0
1753533356244,12:35:56.244,BIGTIME/USDT:USDT,0.06572,2.0,0.06571,20.0,0.06577,2.0,0.06578,20.0
1753533356262,12:35:56.262,BIGTIME/USDT:USDT,0.06572,2.0,0.06571,20.0,0.06577,2.0,0.06578,20.0
1753533356379,12:35:56.379,BIGTIME/USDT:USDT,0.06572,22.0,0.06571,20.0,0.06577,2.0,0.06578,20.0
1753533356687,12:35:56.687,BIGTIME/USDT:USDT,0.06572,22.0,0.06571,20.0,0.06577,2.0,0.06578,20.0
1753533357743,12:35:57.743,BIGTIME/USDT:USDT,0.06572,22.0,0.06571,20.0,0.06577,2.0,0.06578,20.0
1753533357772,12:35:57.772,BIGTIME/USDT:USDT,0.06572,22.0,0.06571,20.0,0.06577,1.0,0.06578,20.0
1753533358356,12:35:58.356,BIGTIME/USDT:USDT,0.06572,2.0,0.06571,20.0,0.06577,1.0,0.06578,20.0
1753533358362,12:35:58.362,BIGTIME/USDT:USDT,0.06572,2.0,0.06571,20.0,0.06577,1.0,0.06578,20.0
1753533359346,12:35:59.346,BIGTIME/USDT:USDT,0.06572,22.0,0.06571,20.0,0.06577,1.0,0.06578,20.0
1753533359363,12:35:59.363,BIGTIME/USDT:USDT,0.06572,22.0,0.06571,20.0,0.06577,1.0,0.06578,20.0
1753533360103,12:36:00.103,BIGTIME/USDT:USDT,0.06572,22.0,0.06571,20.0,0.06577,2.0,0.06578,20.0
1753533360854,12:36:00.854,BIGTIME/USDT:USDT,0.06572,22.0,0.06571,20.0,0.06578,20.0,0.06579,20.0
1753533360924,12:36:00.924,BIGTIME/USDT:USDT,0.06572,22.0,0.06571,20.0,0.06578,20.0,0.06579,20.0
1753533360961,12:36:00.961,BIGTIME/USDT:USDT,0.06572,22.0,0.06571,20.0,0.06578,20.0,0.06579,20.0
1753533361350,12:36:01.350,BIGTIME/USDT:USDT,0.06572,2.0,0.06571,20.0,0.06579,20.0,0.0658,30.0
1753533362313,12:36:02.313,BIGTIME/USDT:USDT,0.06572,22.0,0.06571,20.0,0.06579,20.0,0.0658,30.0
1753533364361,12:36:04.361,BIGTIME/USDT:USDT,0.06572,2.0,0.06571,20.0,0.06579,20.0,0.0658,30.0
1753533364420,12:36:04.420,BIGTIME/USDT:USDT,0.06572,2.0,0.06571,20.0,0.06579,20.0,0.0658,30.0
1753533364680,12:36:04.680,BIGTIME/USDT:USDT,0.06572,2.0,0.06571,20.0,0.06579,20.0,0.0658,30.0
1753533364821,12:36:04.821,BIGTIME/USDT:USDT,0.06572,2.0,0.06571,20.0,0.06579,20.0,0.0658,30.0
1753533365009,12:36:05.009,BIGTIME/USDT:USDT,0.06572,2.0,0.06571,20.0,0.06579,20.0,0.0658,30.0
1753533365284,12:36:05.284,BIGTIME/USDT:USDT,0.06572,22.0,0.06571,20.0,0.06579,22.0,0.0658,30.0
1753533365419,12:36:05.419,BIGTIME/USDT:USDT,0.06572,22.0,0.06571,20.0,0.06579,22.0,0.0658,30.0
1753533367003,12:36:07.003,BIGTIME/USDT:USDT,0.06572,22.0,0.06571,20.0,0.06579,22.0,0.0658,30.0
1753533367256,12:36:07.256,BIGTIME/USDT:USDT,0.06572,2.0,0.06571,20.0,0.06579,22.0,0.0658,30.0
1753533368148,12:36:08.148,BIGTIME/USDT:USDT,0.06573,96.0,0.06572,2.0,0.06579,22.0,0.0658,20.0
1753533368246,12:36:08.246,BIGTIME/USDT:USDT,0.06573,96.0,0.06572,2.0,0.06579,2.0,0.0658,20.0
1753533368346,12:36:08.346,BIGTIME/USDT:USDT,0.06573,96.0,0.06572,2.0,0.06579,2.0,0.0658,20.0
1753533369051,12:36:09.051,BIGTIME/USDT:USDT,0.06573,96.0,0.06572,2.0,0.0658,20.0,0.06581,143.0
1753533369244,12:36:09.244,BIGTIME/USDT:USDT,0.06573,96.0,0.06572,2.0,0.0658,20.0,0.06581,143.0
1753533370348,12:36:10.348,BIGTIME/USDT:USDT,0.06573,96.0,0.06572,2.0,0.0658,20.0,0.06581,143.0
1753533370367,12:36:10.367,BIGTIME/USDT:USDT,0.06573,96.0,0.06572,2.0,0.0658,20.0,0.06581,143.0
1753533370488,12:36:10.488,BIGTIME/USDT:USDT,0.06573,96.0,0.06572,2.0,0.0658,20.0,0.06581,143.0
1753533371508,12:36:11.508,BIGTIME/USDT:USDT,0.06573,96.0,0.06572,2.0,0.0658,22.0,0.06581,143.0
1753533375124,12:36:15.124,BIGTIME/USDT:USDT,0.06573,96.0,0.06572,2.0,0.0658,22.0,0.06581,143.0
1753533375659,12:36:15.659,BIGTIME/USDT:USDT,0.06573,96.0,0.06572,2.0,0.0658,20.0,0.06581,143.0
1753533377147,12:36:17.147,BIGTIME/USDT:USDT,0.06574,20.0,0.06573,96.0,0.0658,20.0,0.06581,143.0
1753533377690,12:36:17.690,BIGTIME/USDT:USDT,0.06574,20.0,0.06573,96.0,0.0658,20.0,0.06581,143.0
1753533378134,12:36:18.134,BIGTIME/USDT:USDT,0.06574,20.0,0.06573,76.0,0.0658,20.0,0.06581,143.0
1753533378163,12:36:18.163,BIGTIME/USDT:USDT,0.06574,20.0,0.06573,76.0,0.0658,20.0,0.06581,143.0
1753533378683,12:36:18.683,BIGTIME/USDT:USDT,0.06574,20.0,0.06573,76.0,0.0658,20.0,0.06581,143.0
1753533378995,12:36:18.995,BIGTIME/USDT:USDT,0.06574,20.0,0.06573,76.0,0.0658,22.0,0.06581,143.0
1753533379632,12:36:19.632,BIGTIME/USDT:USDT,0.06576,64.0,0.06575,139.0,0.06581,20.0,0.06582,20.0
1753533379729,12:36:19.729,BIGTIME/USDT:USDT,0.06576,64.0,0.06575,139.0,0.06581,20.0,0.06582,20.0
1753533379840,12:36:19.840,BIGTIME/USDT:USDT,0.06576,64.0,0.06575,139.0,0.06581,22.0,0.06582,20.0
1753533379902,12:36:19.902,BIGTIME/USDT:USDT,0.06576,64.0,0.06575,139.0,0.06581,22.0,0.06582,20.0
1753533380007,12:36:20.007,BIGTIME/USDT:USDT,0.06576,64.0,0.06575,139.0,0.06581,22.0,0.06582,20.0
1753533380126,12:36:20.126,BIGTIME/USDT:USDT,0.06576,64.0,0.06575,139.0,0.06581,2.0,0.06583,20.0
1753533381103,12:36:21.103,BIGTIME/USDT:USDT,0.06576,22.0,0.06575,139.0,0.06581,2.0,0.06583,20.0
1753533381473,12:36:21.473,BIGTIME/USDT:USDT,0.06576,22.0,0.06575,139.0,0.06583,20.0,0.06584,153.0
1753533381651,12:36:21.651,BIGTIME/USDT:USDT,0.06576,22.0,0.06575,139.0,0.06583,20.0,0.06584,153.0
1753533381758,12:36:21.758,BIGTIME/USDT:USDT,0.06576,22.0,0.06575,139.0,0.06583,20.0,0.06584,153.0
1753533381853,12:36:21.853,BIGTIME/USDT:USDT,0.06576,22.0,0.06575,139.0,0.06583,20.0,0.06584,153.0
1753533381889,12:36:21.889,BIGTIME/USDT:USDT,0.06576,22.0,0.06575,139.0,0.06583,20.0,0.06584,153.0
1753533382012,12:36:22.012,BIGTIME/USDT:USDT,0.06576,22.0,0.06575,139.0,0.06583,20.0,0.06584,153.0
1753533382527,12:36:22.527,BIGTIME/USDT:USDT,0.06576,22.0,0.06575,139.0,0.06583,22.0,0.06584,153.0
1753533382707,12:36:22.707,BIGTIME/USDT:USDT,0.06576,22.0,0.06575,139.0,0.06583,22.0,0.06584,153.0
1753533383065,12:36:23.065,BIGTIME/USDT:USDT,0.06576,22.0,0.06575,139.0,0.06583,22.0,0.06584,153.0
1753533385055,12:36:25.055,BIGTIME/USDT:USDT,0.06576,22.0,0.06575,139.0,0.06583,22.0,0.06584,153.0
1753533385070,12:36:25.070,BIGTIME/USDT:USDT,0.06576,21.0,0.06575,139.0,0.06583,22.0,0.06584,153.0
1753533385565,12:36:25.565,BIGTIME/USDT:USDT,0.06576,21.0,0.06575,139.0,0.06583,20.0,0.06584,153.0
1753533385756,12:36:25.756,BIGTIME/USDT:USDT,0.06576,21.0,0.06575,139.0,0.06583,20.0,0.06584,153.0
1753533385762,12:36:25.762,BIGTIME/USDT:USDT,0.06576,21.0,0.06575,139.0,0.06583,21.0,0.06584,153.0
1753533386045,12:36:26.045,BIGTIME/USDT:USDT,0.06576,21.0,0.06575,139.0,0.06583,21.0,0.06584,153.0
1753533389254,12:36:29.254,BIGTIME/USDT:USDT,0.06576,21.0,0.06575,139.0,0.06583,21.0,0.06584,153.0
1753533389754,12:36:29.754,BIGTIME/USDT:USDT,0.06576,21.0,0.06575,139.0,0.06583,21.0,0.06584,153.0
1753533390706,12:36:30.706,BIGTIME/USDT:USDT,0.06576,21.0,0.06575,139.0,0.06583,21.0,0.06584,153.0
1753533391620,12:36:31.620,BIGTIME/USDT:USDT,0.06576,21.0,0.06575,139.0,0.06583,21.0,0.06584,153.0
1753533391681,12:36:31.681,BIGTIME/USDT:USDT,0.06576,21.0,0.06575,139.0,0.06583,21.0,0.06584,153.0
1753533394202,12:36:34.202,BIGTIME/USDT:USDT,0.06576,21.0,0.06575,139.0,0.06583,21.0,0.06584,153.0
1753533394711,12:36:34.711,BIGTIME/USDT:USDT,0.06576,21.0,0.06575,139.0,0.06583,20.0,0.06584,30.0
1753533394860,12:36:34.860,BIGTIME/USDT:USDT,0.06576,21.0,0.06575,139.0,0.06583,23.0,0.06584,30.0
1753533394944,12:36:34.944,BIGTIME/USDT:USDT,0.06576,21.0,0.06575,139.0,0.06583,23.0,0.06584,30.0
1753533395377,12:36:35.377,BIGTIME/USDT:USDT,0.06576,21.0,0.06575,139.0,0.06583,23.0,0.06584,30.0
1753533395912,12:36:35.912,BIGTIME/USDT:USDT,0.06576,21.0,0.06575,139.0,0.06583,23.0,0.06584,30.0
1753533396034,12:36:36.034,BIGTIME/USDT:USDT,0.06576,21.0,0.06575,139.0,0.06583,23.0,0.06584,30.0
1753533402656,12:36:42.656,BIGTIME/USDT:USDT,0.06576,21.0,0.06575,139.0,0.06583,20.0,0.06584,30.0
1753533402825,12:36:42.825,BIGTIME/USDT:USDT,0.06576,21.0,0.06575,139.0,0.06583,20.0,0.06584,30.0
1753533403720,12:36:43.720,BIGTIME/USDT:USDT,0.06576,21.0,0.06575,139.0,0.06583,20.0,0.06584,30.0
1753533406980,12:36:46.980,BIGTIME/USDT:USDT,0.06576,21.0,0.06575,139.0,0.06583,23.0,0.06584,30.0
1753533415643,12:36:55.643,BIGTIME/USDT:USDT,0.06576,20.0,0.06575,20.0,0.06582,31.0,0.06583,143.0
1753533415736,12:36:55.736,BIGTIME/USDT:USDT,0.06573,20.0,0.06572,20.0,0.06582,31.0,0.06583,143.0
1753533416003,12:36:56.003,BIGTIME/USDT:USDT,0.06573,63.0,0.06572,143.0,0.06582,31.0,0.06583,143.0
1753533421357,12:37:01.357,BIGTIME/USDT:USDT,0.06575,20.0,0.06574,96.0,0.06582,22.0,0.06583,143.0
1753533421384,12:37:01.384,BIGTIME/USDT:USDT,0.06575,20.0,0.06574,96.0,0.06582,22.0,0.06583,143.0
1753533421767,12:37:01.767,BIGTIME/USDT:USDT,0.06575,20.0,0.06574,96.0,0.06582,22.0,0.06583,143.0
1753533424024,12:37:04.024,BIGTIME/USDT:USDT,0.06575,20.0,0.06574,96.0,0.06582,22.0,0.06583,143.0
1753533425060,12:37:05.060,BIGTIME/USDT:USDT,0.06575,20.0,0.06574,96.0,0.06582,22.0,0.06583,143.0
1753533425060,12:37:05.060,BIGTIME/USDT:USDT,0.06575,20.0,0.06574,96.0,0.06582,22.0,0.06583,143.0
1753533425221,12:37:05.221,BIGTIME/USDT:USDT,0.06575,20.0,0.06574,96.0,0.06582,22.0,0.06583,143.0
1753533425823,12:37:05.823,BIGTIME/USDT:USDT,0.06575,20.0,0.06574,96.0,0.06582,22.0,0.06583,143.0
1753533430948,12:37:10.948,BIGTIME/USDT:USDT,0.06575,20.0,0.06574,96.0,0.06582,20.0,0.06583,20.0
1753533431033,12:37:11.033,BIGTIME/USDT:USDT,0.06576,63.0,0.06575,143.0,0.06582,20.0,0.06583,20.0
1753533431559,12:37:11.559,BIGTIME/USDT:USDT,0.06576,63.0,0.06575,143.0,0.06584,20.0,0.06585,30.0
1753533431572,12:37:11.572,BIGTIME/USDT:USDT,0.06576,63.0,0.06575,143.0,0.06584,20.0,0.06585,30.0
1753533431830,12:37:11.830,BIGTIME/USDT:USDT,0.06576,63.0,0.06575,143.0,0.06584,20.0,0.06585,30.0
1753533431948,12:37:11.948,BIGTIME/USDT:USDT,0.06576,63.0,0.06575,143.0,0.06584,21.0,0.06585,30.0
1753533432860,12:37:12.860,BIGTIME/USDT:USDT,0.06576,63.0,0.06575,143.0,0.06584,21.0,0.06585,30.0
1753533432868,12:37:12.868,BIGTIME/USDT:USDT,0.06576,63.0,0.06575,143.0,0.06584,21.0,0.06585,30.0
1753533433055,12:37:13.055,BIGTIME/USDT:USDT,0.06576,63.0,0.06575,143.0,0.06584,21.0,0.06585,30.0
1753533444187,12:37:24.187,BIGTIME/USDT:USDT,0.06577,20.0,0.06576,63.0,0.06584,20.0,0.06585,30.0
1753533444387,12:37:24.387,BIGTIME/USDT:USDT,0.06577,20.0,0.06576,63.0,0.06584,20.0,0.06585,30.0
1753533444916,12:37:24.916,BIGTIME/USDT:USDT,0.06577,20.0,0.06576,63.0,0.06584,20.0,0.06585,30.0
1753533448670,12:37:28.670,BIGTIME/USDT:USDT,0.06577,20.0,0.06576,63.0,0.06584,20.0,0.06585,30.0
1753533450234,12:37:30.234,BIGTIME/USDT:USDT,0.06577,20.0,0.06576,63.0,0.06584,20.0,0.06585,30.0
1753533453304,12:37:33.304,BIGTIME/USDT:USDT,0.06577,20.0,0.06576,63.0,0.06584,20.0,0.06585,30.0
1753533453556,12:37:33.556,BIGTIME/USDT:USDT,0.06577,20.0,0.06576,63.0,0.06584,20.0,0.06585,30.0
1753533453568,12:37:33.568,BIGTIME/USDT:USDT,0.06577,20.0,0.06576,63.0,0.06584,20.0,0.06585,30.0
1753533455161,12:37:35.161,BIGTIME/USDT:USDT,0.06579,20.0,0.06578,143.0,0.06586,2.0,0.06587,20.0
1753533455260,12:37:35.260,BIGTIME/USDT:USDT,0.06583,40.0,0.06582,132.0,0.06589,21.0,0.06591,20.0
1753533455360,12:37:35.360,BIGTIME/USDT:USDT,0.06583,40.0,0.06582,132.0,0.06591,20.0,0.06592,20.0
1753533455435,12:37:35.435,BIGTIME/USDT:USDT,0.06583,40.0,0.06582,132.0,0.06591,20.0,0.06592,20.0
1753533455550,12:37:35.550,BIGTIME/USDT:USDT,0.06583,40.0,0.06582,132.0,0.06591,20.0,0.06592,20.0
1753533455624,12:37:35.624,BIGTIME/USDT:USDT,0.06583,40.0,0.06582,132.0,0.06591,20.0,0.06592,20.0
1753533455739,12:37:35.739,BIGTIME/USDT:USDT,0.06583,40.0,0.06582,132.0,0.06591,20.0,0.06592,20.0
1753533455835,12:37:35.835,BIGTIME/USDT:USDT,0.06583,40.0,0.06582,132.0,0.06591,20.0,0.06592,20.0
1753533455946,12:37:35.946,BIGTIME/USDT:USDT,0.06583,75.0,0.06582,57.0,0.06591,20.0,0.06592,20.0
1753533456010,12:37:36.010,BIGTIME/USDT:USDT,0.06583,75.0,0.06582,57.0,0.06591,20.0,0.06592,20.0
1753533456254,12:37:36.254,BIGTIME/USDT:USDT,0.06584,20.0,0.06583,95.0,0.06591,20.0,0.06592,20.0
1753533456284,12:37:36.284,BIGTIME/USDT:USDT,0.06584,22.0,0.06583,95.0,0.06591,20.0,0.06592,20.0
1753533456451,12:37:36.451,BIGTIME/USDT:USDT,0.06584,22.0,0.06583,95.0,0.06591,21.0,0.06592,20.0
1753533457242,12:37:37.242,BIGTIME/USDT:USDT,0.06584,22.0,0.06583,95.0,0.06591,1.0,0.06592,20.0
1753533458009,12:37:38.009,BIGTIME/USDT:USDT,0.06584,22.0,0.06583,95.0,0.06591,1.0,0.06592,20.0
1753533458231,12:37:38.231,BIGTIME/USDT:USDT,0.06584,22.0,0.06583,95.0,0.06591,21.0,0.06592,20.0
1753533458835,12:37:38.835,BIGTIME/USDT:USDT,0.06584,22.0,0.06583,95.0,0.06591,21.0,0.06592,20.0
1753533459691,12:37:39.691,BIGTIME/USDT:USDT,0.06584,22.0,0.06583,95.0,0.06591,21.0,0.06592,20.0
1753533460159,12:37:40.159,BIGTIME/USDT:USDT,0.06584,22.0,0.06583,95.0,0.06591,21.0,0.06592,20.0
1753533460218,12:37:40.218,BIGTIME/USDT:USDT,0.06584,22.0,0.06583,95.0,0.06591,1.0,0.06592,20.0
1753533460602,12:37:40.602,BIGTIME/USDT:USDT,0.06584,22.0,0.06583,95.0,0.06591,1.0,0.06592,20.0
1753533460953,12:37:40.953,BIGTIME/USDT:USDT,0.06584,22.0,0.06583,95.0,0.06591,1.0,0.06592,20.0
1753533460963,12:37:40.963,BIGTIME/USDT:USDT,0.06584,22.0,0.06583,95.0,0.06591,1.0,0.06592,20.0
1753533461103,12:37:41.103,BIGTIME/USDT:USDT,0.06584,22.0,0.06583,95.0,0.06591,1.0,0.06592,20.0
1753533461199,12:37:41.199,BIGTIME/USDT:USDT,0.06584,22.0,0.06583,95.0,0.06591,21.0,0.06592,20.0
1753533461453,12:37:41.453,BIGTIME/USDT:USDT,0.06584,22.0,0.06583,95.0,0.06591,21.0,0.06592,20.0
1753533462999,12:37:42.999,BIGTIME/USDT:USDT,0.06584,22.0,0.06583,95.0,0.06591,21.0,0.06592,20.0
1753533463175,12:37:43.175,BIGTIME/USDT:USDT,0.06584,22.0,0.06583,95.0,0.06591,1.0,0.06592,20.0
1753533463392,12:37:43.392,BIGTIME/USDT:USDT,0.06584,22.0,0.06583,95.0,0.06591,1.0,0.06592,20.0
1753533465154,12:37:45.154,BIGTIME/USDT:USDT,0.06584,22.0,0.06583,95.0,0.06591,21.0,0.06592,20.0
1753533465160,12:37:45.160,BIGTIME/USDT:USDT,0.06584,22.0,0.06583,95.0,0.06591,21.0,0.06592,20.0
1753533466558,12:37:46.558,BIGTIME/USDT:USDT,0.06584,22.0,0.06583,95.0,0.06591,21.0,0.06592,20.0
1753533466564,12:37:46.564,BIGTIME/USDT:USDT,0.06584,22.0,0.06583,95.0,0.06591,21.0,0.06592,20.0
1753533467131,12:37:47.131,BIGTIME/USDT:USDT,0.06584,22.0,0.06583,95.0,0.06591,1.0,0.06592,20.0
1753533468120,12:37:48.120,BIGTIME/USDT:USDT,0.06584,22.0,0.06583,95.0,0.06591,21.0,0.06592,20.0
1753533468750,12:37:48.750,BIGTIME/USDT:USDT,0.06584,22.0,0.06583,95.0,0.06591,21.0,0.06592,20.0
1753533469103,12:37:49.103,BIGTIME/USDT:USDT,0.06584,22.0,0.06583,95.0,0.06591,21.0,0.06592,20.0
1753533470102,12:37:50.102,BIGTIME/USDT:USDT,0.06584,22.0,0.06583,95.0,0.06591,1.0,0.06592,20.0
1753533470675,12:37:50.675,BIGTIME/USDT:USDT,0.06584,22.0,0.06583,95.0,0.06591,1.0,0.06592,20.0
1753533471086,12:37:51.086,BIGTIME/USDT:USDT,0.06584,22.0,0.06583,95.0,0.06591,21.0,0.06592,20.0
1753533473064,12:37:53.064,BIGTIME/USDT:USDT,0.06584,22.0,0.06583,95.0,0.06591,1.0,0.06592,20.0
1753533474053,12:37:54.053,BIGTIME/USDT:USDT,0.06584,22.0,0.06583,95.0,0.06591,21.0,0.06592,20.0
1753533476032,12:37:56.032,BIGTIME/USDT:USDT,0.06584,22.0,0.06583,95.0,0.06591,1.0,0.06592,20.0
1753533477020,12:37:57.020,BIGTIME/USDT:USDT,0.06584,22.0,0.06583,95.0,0.06591,21.0,0.06592,20.0
1753533478997,12:37:58.997,BIGTIME/USDT:USDT,0.06584,22.0,0.06583,95.0,0.06591,1.0,0.06592,20.0
1753533479986,12:37:59.986,BIGTIME/USDT:USDT,0.06584,22.0,0.06583,95.0,0.06591,21.0,0.06592,20.0
1753533480209,12:38:00.209,BIGTIME/USDT:USDT,0.06584,20.0,0.06583,95.0,0.06591,21.0,0.06592,20.0
1753533480283,12:38:00.283,BIGTIME/USDT:USDT,0.06584,20.0,0.06583,95.0,0.06591,21.0,0.06592,20.0
1753533480513,12:38:00.513,BIGTIME/USDT:USDT,0.06585,43.0,0.06584,143.0,0.06591,21.0,0.06592,20.0
1753533480645,12:38:00.645,BIGTIME/USDT:USDT,0.06585,43.0,0.06584,143.0,0.06591,21.0,0.06592,20.0
1753533480975,12:38:00.975,BIGTIME/USDT:USDT,0.06585,63.0,0.06584,143.0,0.06591,21.0,0.06592,20.0
1753533481228,12:38:01.228,BIGTIME/USDT:USDT,0.06585,63.0,0.06584,143.0,0.06591,22.0,0.06592,20.0
1753533481762,12:38:01.762,BIGTIME/USDT:USDT,0.06585,63.0,0.06584,143.0,0.06591,22.0,0.06592,20.0
1753533481964,12:38:01.964,BIGTIME/USDT:USDT,0.06585,63.0,0.06584,143.0,0.06591,2.0,0.06592,20.0
1753533482953,12:38:02.953,BIGTIME/USDT:USDT,0.06585,63.0,0.06584,143.0,0.06591,22.0,0.06592,20.0
1753533483417,12:38:03.417,BIGTIME/USDT:USDT,0.06585,20.0,0.06584,143.0,0.06591,22.0,0.06592,20.0
1753533483720,12:38:03.720,BIGTIME/USDT:USDT,0.06585,20.0,0.06584,20.0,0.06591,22.0,0.06592,20.0
1753533483847,12:38:03.847,BIGTIME/USDT:USDT,0.06585,20.0,0.06584,20.0,0.06591,22.0,0.06592,20.0
1753533483948,12:38:03.948,BIGTIME/USDT:USDT,0.06584,20.0,0.06583,95.0,0.0659,9.0,0.06591,22.0
1753533484043,12:38:04.043,BIGTIME/USDT:USDT,0.06584,20.0,0.06583,20.0,0.0659,29.0,0.06591,2.0
1753533484158,12:38:04.158,BIGTIME/USDT:USDT,0.06584,20.0,0.06583,20.0,0.06589,10.0,0.0659,29.0
1753533484256,12:38:04.256,BIGTIME/USDT:USDT,0.06582,20.0,0.06581,143.0,0.06588,9.0,0.06589,30.0
1753533484350,12:38:04.350,BIGTIME/USDT:USDT,0.06582,20.0,0.06581,20.0,0.06588,29.0,0.06589,30.0
1753533484448,12:38:04.448,BIGTIME/USDT:USDT,0.06581,20.0,0.0658,20.0,0.06588,29.0,0.06589,30.0
1753533484515,12:38:04.515,BIGTIME/USDT:USDT,0.06581,20.0,0.0658,20.0,0.06587,29.0,0.06588,29.0
1753533484631,12:38:04.631,BIGTIME/USDT:USDT,0.06581,20.0,0.0658,20.0,0.06586,11.0,0.06587,29.0
1753533484696,12:38:04.696,BIGTIME/USDT:USDT,0.06581,20.0,0.0658,20.0,0.06586,11.0,0.06587,29.0
1753533484783,12:38:04.783,BIGTIME/USDT:USDT,0.06581,20.0,0.0658,20.0,0.06586,11.0,0.06587,29.0
1753533484931,12:38:04.931,BIGTIME/USDT:USDT,0.0658,20.0,0.06579,57.0,0.06586,11.0,0.06587,29.0
1753533485261,12:38:05.261,BIGTIME/USDT:USDT,0.0658,20.0,0.06579,57.0,0.06586,11.0,0.06587,29.0
1753533485390,12:38:05.390,BIGTIME/USDT:USDT,0.0658,20.0,0.06579,131.0,0.06586,11.0,0.06587,29.0
1753533485525,12:38:05.525,BIGTIME/USDT:USDT,0.0658,20.0,0.06579,57.0,0.06586,11.0,0.06587,29.0
1753533485646,12:38:05.646,BIGTIME/USDT:USDT,0.0658,20.0,0.06579,57.0,0.06585,29.0,0.06586,11.0
1753533485737,12:38:05.737,BIGTIME/USDT:USDT,0.0658,20.0,0.06579,20.0,0.06585,29.0,0.06586,11.0
1753533485940,12:38:05.940,BIGTIME/USDT:USDT,0.06577,20.0,0.06576,63.0,0.06585,29.0,0.06586,11.0
1753533485984,12:38:05.984,BIGTIME/USDT:USDT,0.06577,20.0,0.06576,63.0,0.06585,29.0,0.06586,11.0
1753533486127,12:38:06.127,BIGTIME/USDT:USDT,0.06577,20.0,0.06576,63.0,0.06585,29.0,0.06586,11.0
1753533486318,12:38:06.318,BIGTIME/USDT:USDT,0.06577,20.0,0.06576,63.0,0.06584,29.0,0.06585,29.0
1753533486433,12:38:06.433,BIGTIME/USDT:USDT,0.06577,20.0,0.06576,63.0,0.06584,29.0,0.06585,29.0
1753533486546,12:38:06.546,BIGTIME/USDT:USDT,0.06577,20.0,0.06576,63.0,0.06584,29.0,0.06585,29.0
1753533486923,12:38:06.923,BIGTIME/USDT:USDT,0.06577,20.0,0.06576,63.0,0.06584,29.0,0.06585,29.0
1753533487004,12:38:07.004,BIGTIME/USDT:USDT,0.06577,20.0,0.06576,63.0,0.06584,29.0,0.06585,29.0
1753533487068,12:38:07.068,BIGTIME/USDT:USDT,0.06577,20.0,0.06576,63.0,0.06584,29.0,0.06585,29.0
1753533487897,12:38:07.897,BIGTIME/USDT:USDT,0.06577,20.0,0.06576,63.0,0.06584,29.0,0.06585,29.0
1753533488370,12:38:08.370,BIGTIME/USDT:USDT,0.06577,20.0,0.06576,63.0,0.06584,29.0,0.06585,29.0
1753533488613,12:38:08.613,BIGTIME/USDT:USDT,0.06577,20.0,0.06576,63.0,0.06584,29.0,0.06585,29.0
1753533488886,12:38:08.886,BIGTIME/USDT:USDT,0.06577,20.0,0.06576,63.0,0.06584,29.0,0.06585,29.0
1753533490004,12:38:10.004,BIGTIME/USDT:USDT,0.06577,20.0,0.06576,63.0,0.06584,29.0,0.06585,29.0
1753533490064,12:38:10.064,BIGTIME/USDT:USDT,0.06577,20.0,0.06576,63.0,0.06584,29.0,0.06585,29.0
1753533493844,12:38:13.844,BIGTIME/USDT:USDT,0.06577,20.0,0.06576,63.0,0.06584,29.0,0.06585,29.0
1753533493864,12:38:13.864,BIGTIME/USDT:USDT,0.06577,20.0,0.06576,63.0,0.06584,29.0,0.06585,29.0
1753533494773,12:38:14.773,BIGTIME/USDT:USDT,0.06577,20.0,0.06576,63.0,0.06584,29.0,0.06585,29.0
1753533497154,12:38:17.154,BIGTIME/USDT:USDT,0.06577,20.0,0.06576,63.0,0.06584,29.0,0.06585,29.0
1753533497178,12:38:17.178,BIGTIME/USDT:USDT,0.06577,20.0,0.06576,63.0,0.06584,29.0,0.06585,29.0
1753533498604,12:38:18.604,BIGTIME/USDT:USDT,0.06579,20.0,0.06578,219.0,0.06585,20.0,0.06586,9.0
1753533498703,12:38:18.703,BIGTIME/USDT:USDT,0.06579,86.0,0.06578,219.0,0.06585,20.0,0.06586,9.0
1753533498774,12:38:18.774,BIGTIME/USDT:USDT,0.06579,86.0,0.06578,199.0,0.06585,20.0,0.06586,9.0
1753533499040,12:38:19.040,BIGTIME/USDT:USDT,0.06579,86.0,0.06578,199.0,0.06585,20.0,0.06586,9.0
1753533499138,12:38:19.138,BIGTIME/USDT:USDT,0.06579,86.0,0.06578,199.0,0.06585,20.0,0.06586,9.0
1753533499184,12:38:19.184,BIGTIME/USDT:USDT,0.06579,20.0,0.06577,20.0,0.06585,20.0,0.06586,9.0
1753533499276,12:38:19.276,BIGTIME/USDT:USDT,0.06579,20.0,0.06577,20.0,0.06585,20.0,0.06586,9.0
1753533499763,12:38:19.763,BIGTIME/USDT:USDT,0.06577,20.0,0.06576,63.0,0.06585,20.0,0.06586,29.0
1753533500005,12:38:20.005,BIGTIME/USDT:USDT,0.06577,20.0,0.06576,63.0,0.06585,20.0,0.06586,29.0
1753533500261,12:38:20.261,BIGTIME/USDT:USDT,0.06577,20.0,0.06576,63.0,0.06585,20.0,0.06586,29.0
1753533505444,12:38:25.444,BIGTIME/USDT:USDT,0.06577,20.0,0.06576,63.0,0.06585,20.0,0.06586,29.0
1753533506523,12:38:26.523,BIGTIME/USDT:USDT,0.06577,20.0,0.06576,63.0,0.06584,30.0,0.06585,20.0
1753533506724,12:38:26.724,BIGTIME/USDT:USDT,0.06577,20.0,0.06576,63.0,0.06584,30.0,0.06585,20.0
1753533507675,12:38:27.675,BIGTIME/USDT:USDT,0.06577,20.0,0.06576,63.0,0.06584,10.0,0.06585,20.0
1753533507940,12:38:27.940,BIGTIME/USDT:USDT,0.06577,20.0,0.06576,63.0,0.06584,10.0,0.06585,20.0
1753533508663,12:38:28.663,BIGTIME/USDT:USDT,0.06577,20.0,0.06576,63.0,0.06584,30.0,0.06585,20.0
1753533510640,12:38:30.640,BIGTIME/USDT:USDT,0.06577,20.0,0.06576,63.0,0.06584,10.0,0.06585,20.0
1753533511223,12:38:31.223,BIGTIME/USDT:USDT,0.06577,20.0,0.06576,63.0,0.06584,10.0,0.06585,20.0
1753533511629,12:38:31.629,BIGTIME/USDT:USDT,0.06577,20.0,0.06576,63.0,0.06584,30.0,0.06585,20.0
1753533513607,12:38:33.607,BIGTIME/USDT:USDT,0.06577,20.0,0.06576,63.0,0.06584,10.0,0.06585,20.0
1753533514596,12:38:34.596,BIGTIME/USDT:USDT,0.06577,20.0,0.06576,63.0,0.06584,30.0,0.06585,20.0
1753533516216,12:38:36.216,BIGTIME/USDT:USDT,0.06577,20.0,0.06576,63.0,0.06584,30.0,0.06585,20.0
1753533516395,12:38:36.395,BIGTIME/USDT:USDT,0.06577,20.0,0.06576,63.0,0.06584,30.0,0.06585,20.0
1753533516578,12:38:36.578,BIGTIME/USDT:USDT,0.06577,20.0,0.06576,63.0,0.06584,10.0,0.06585,20.0
1753533517563,12:38:37.563,BIGTIME/USDT:USDT,0.06577,20.0,0.06576,63.0,0.06584,30.0,0.06585,20.0
1753533519540,12:38:39.540,BIGTIME/USDT:USDT,0.06577,20.0,0.06576,63.0,0.06584,10.0,0.06585,20.0
1753533519621,12:38:39.621,BIGTIME/USDT:USDT,0.06577,20.0,0.06576,63.0,0.06584,10.0,0.06585,20.0
1753533520529,12:38:40.529,BIGTIME/USDT:USDT,0.06577,20.0,0.06576,63.0,0.06584,30.0,0.06585,20.0
1753533522512,12:38:42.512,BIGTIME/USDT:USDT,0.06577,20.0,0.06576,63.0,0.06584,10.0,0.06585,20.0
1753533523499,12:38:43.499,BIGTIME/USDT:USDT,0.06577,20.0,0.06576,63.0,0.06584,30.0,0.06585,20.0
1753533524005,12:38:44.005,BIGTIME/USDT:USDT,0.06577,20.0,0.06576,63.0,0.06584,30.0,0.06585,20.0
1753533524455,12:38:44.455,BIGTIME/USDT:USDT,0.06577,20.0,0.06576,63.0,0.06584,30.0,0.06585,20.0
1753533525473,12:38:45.473,BIGTIME/USDT:USDT,0.06577,20.0,0.06576,63.0,0.06584,10.0,0.06585,20.0
1753533525672,12:38:45.672,BIGTIME/USDT:USDT,0.06577,20.0,0.06576,63.0,0.06584,10.0,0.06585,20.0
1753533526462,12:38:46.462,BIGTIME/USDT:USDT,0.06577,20.0,0.06576,63.0,0.06584,30.0,0.06585,20.0
1753533527846,12:38:47.846,BIGTIME/USDT:USDT,0.06577,20.0,0.06576,63.0,0.06583,29.0,0.06584,10.0
1753533527865,12:38:47.865,BIGTIME/USDT:USDT,0.06577,20.0,0.06576,63.0,0.06583,29.0,0.06584,10.0
1753533528094,12:38:48.094,BIGTIME/USDT:USDT,0.06577,20.0,0.06576,63.0,0.06583,29.0,0.06584,10.0
1753533528831,12:38:48.831,BIGTIME/USDT:USDT,0.06577,20.0,0.06576,63.0,0.06583,31.0,0.06584,10.0
1753533528918,12:38:48.918,BIGTIME/USDT:USDT,0.06577,20.0,0.06576,20.0,0.06583,31.0,0.06584,10.0
1753533529023,12:38:49.023,BIGTIME/USDT:USDT,0.06577,20.0,0.06576,20.0,0.06583,31.0,0.06584,10.0
1753533529122,12:38:49.122,BIGTIME/USDT:USDT,0.06577,20.0,0.06576,20.0,0.06583,31.0,0.06584,10.0
1753533529258,12:38:49.258,BIGTIME/USDT:USDT,0.06577,20.0,0.06576,20.0,0.06583,31.0,0.06584,10.0
1753533529314,12:38:49.314,BIGTIME/USDT:USDT,0.06577,20.0,0.06576,20.0,0.06583,31.0,0.06584,10.0
1753533529443,12:38:49.443,BIGTIME/USDT:USDT,0.06574,20.0,0.06573,73.0,0.06583,31.0,0.06584,10.0
1753533529532,12:38:49.532,BIGTIME/USDT:USDT,0.06574,20.0,0.06573,73.0,0.06583,31.0,0.06584,10.0
1753533529736,12:38:49.736,BIGTIME/USDT:USDT,0.06574,20.0,0.06573,73.0,0.06583,31.0,0.06584,10.0
1753533530530,12:38:50.530,BIGTIME/USDT:USDT,0.06574,20.0,0.06573,63.0,0.06582,29.0,0.06583,29.0
1753533530703,12:38:50.703,BIGTIME/USDT:USDT,0.06574,20.0,0.06573,63.0,0.06582,29.0,0.06583,29.0
1753533530943,12:38:50.943,BIGTIME/USDT:USDT,0.06574,20.0,0.06573,63.0,0.06582,29.0,0.06583,29.0
1753533533011,12:38:53.011,BIGTIME/USDT:USDT,0.06574,20.0,0.06573,63.0,0.06582,29.0,0.06583,29.0
1753533533791,12:38:53.791,BIGTIME/USDT:USDT,0.06574,20.0,0.06573,63.0,0.06582,29.0,0.06583,29.0
1753533534644,12:38:54.644,BIGTIME/USDT:USDT,0.06574,20.0,0.06573,63.0,0.06582,29.0,0.06583,29.0
1753533535958,12:38:55.958,BIGTIME/USDT:USDT,0.06576,58.0,0.06575,123.0,0.06582,20.0,0.06583,29.0
1753533535964,12:38:55.964,BIGTIME/USDT:USDT,0.06576,58.0,0.06575,123.0,0.06582,20.0,0.06583,29.0
1753533536123,12:38:56.123,BIGTIME/USDT:USDT,0.06576,58.0,0.06575,123.0,0.06582,20.0,0.06583,29.0
1753533536193,12:38:56.193,BIGTIME/USDT:USDT,0.06576,58.0,0.06575,123.0,0.06582,20.0,0.06583,29.0
1753533537012,12:38:57.012,BIGTIME/USDT:USDT,0.06576,58.0,0.06575,123.0,0.06582,20.0,0.06583,29.0
1753533538005,12:38:58.005,BIGTIME/USDT:USDT,0.06576,58.0,0.06575,123.0,0.06582,20.0,0.06583,29.0
1753533538601,12:38:58.601,BIGTIME/USDT:USDT,0.06576,58.0,0.06575,123.0,0.06582,20.0,0.06583,29.0
1753533539200,12:38:59.200,BIGTIME/USDT:USDT,0.06576,58.0,0.06575,123.0,0.06582,20.0,0.06583,29.0
1753533540454,12:39:00.454,BIGTIME/USDT:USDT,0.06577,97.0,0.06576,58.0,0.06582,20.0,0.06583,20.0
1753533540504,12:39:00.504,BIGTIME/USDT:USDT,0.06577,97.0,0.06576,58.0,0.06582,20.0,0.06583,20.0
1753533540630,12:39:00.630,BIGTIME/USDT:USDT,0.06577,97.0,0.06576,58.0,0.06582,20.0,0.06583,20.0
1753533541295,12:39:01.295,BIGTIME/USDT:USDT,0.06577,97.0,0.06576,58.0,0.06583,20.0,0.06584,9.0
1753533541450,12:39:01.450,BIGTIME/USDT:USDT,0.06577,97.0,0.06576,58.0,0.06583,20.0,0.06584,9.0
1753533542754,12:39:02.754,BIGTIME/USDT:USDT,0.06577,97.0,0.06576,58.0,0.06583,20.0,0.06584,9.0
1753533543071,12:39:03.071,BIGTIME/USDT:USDT,0.06577,97.0,0.06576,58.0,0.06583,20.0,0.06584,9.0
1753533545012,12:39:05.012,BIGTIME/USDT:USDT,0.06577,97.0,0.06576,58.0,0.06583,20.0,0.06584,9.0
1753533545986,12:39:05.986,BIGTIME/USDT:USDT,0.06577,97.0,0.06576,58.0,0.06583,20.0,0.06584,9.0
1753533546075,12:39:06.075,BIGTIME/USDT:USDT,0.06577,97.0,0.06576,58.0,0.06583,20.0,0.06584,9.0
1753533546801,12:39:06.801,BIGTIME/USDT:USDT,0.06577,97.0,0.06576,58.0,0.06583,20.0,0.06584,9.0
1753533547257,12:39:07.257,BIGTIME/USDT:USDT,0.06579,64.0,0.06578,220.0,0.06583,20.0,0.06585,20.0
1753533547319,12:39:07.319,BIGTIME/USDT:USDT,0.06579,64.0,0.06578,220.0,0.06583,20.0,0.06585,20.0
1753533547505,12:39:07.505,BIGTIME/USDT:USDT,0.06579,64.0,0.06578,220.0,0.06583,20.0,0.06585,20.0
1753533548217,12:39:08.217,BIGTIME/USDT:USDT,0.06579,64.0,0.06578,200.0,0.06585,20.0,0.06586,29.0
1753533548324,12:39:08.324,BIGTIME/USDT:USDT,0.06579,64.0,0.06578,200.0,0.06585,20.0,0.06586,29.0
1753533548411,12:39:08.411,BIGTIME/USDT:USDT,0.06579,64.0,0.06578,200.0,0.06585,20.0,0.06586,29.0
1753533548741,12:39:08.741,BIGTIME/USDT:USDT,0.06579,64.0,0.06578,200.0,0.06585,20.0,0.06586,29.0
1753533550158,12:39:10.158,BIGTIME/USDT:USDT,0.06579,139.0,0.06578,124.0,0.06585,20.0,0.06586,29.0
1753533550201,12:39:10.201,BIGTIME/USDT:USDT,0.0658,96.0,0.06579,64.0,0.06585,20.0,0.06586,20.0
1753533550275,12:39:10.275,BIGTIME/USDT:USDT,0.0658,96.0,0.06579,64.0,0.06585,20.0,0.06586,20.0
1753533550461,12:39:10.461,BIGTIME/USDT:USDT,0.0658,96.0,0.06579,64.0,0.06585,20.0,0.06586,20.0
1753533550578,12:39:10.578,BIGTIME/USDT:USDT,0.0658,96.0,0.06579,64.0,0.06586,20.0,0.06587,29.0
1753533550813,12:39:10.813,BIGTIME/USDT:USDT,0.0658,96.0,0.06579,64.0,0.06586,20.0,0.06587,29.0
1753533551100,12:39:11.100,BIGTIME/USDT:USDT,0.06581,25.0,0.0658,96.0,0.06586,20.0,0.06587,29.0
1753533551230,12:39:11.230,BIGTIME/USDT:USDT,0.06581,25.0,0.0658,96.0,0.06586,20.0,0.06587,29.0
1753533551635,12:39:11.635,BIGTIME/USDT:USDT,0.06581,25.0,0.0658,96.0,0.06586,20.0,0.06587,29.0
1753533552119,12:39:12.119,BIGTIME/USDT:USDT,0.06581,25.0,0.0658,96.0,0.06586,20.0,0.06587,29.0
1753533552177,12:39:12.177,BIGTIME/USDT:USDT,0.06581,25.0,0.0658,96.0,0.06586,20.0,0.06587,29.0
1753533553444,12:39:13.444,BIGTIME/USDT:USDT,0.06581,25.0,0.0658,96.0,0.06586,20.0,0.06587,29.0
1753533553961,12:39:13.961,BIGTIME/USDT:USDT,0.06581,96.0,0.0658,21.0,0.06586,20.0,0.06587,29.0
1753533553967,12:39:13.967,BIGTIME/USDT:USDT,0.06581,96.0,0.0658,21.0,0.06586,20.0,0.06587,29.0
1753533554071,12:39:14.071,BIGTIME/USDT:USDT,0.06581,96.0,0.0658,21.0,0.06586,20.0,0.06587,29.0
1753533555244,12:39:15.244,BIGTIME/USDT:USDT,0.06581,95.0,0.0658,20.0,0.06586,22.0,0.06587,29.0
1753533555263,12:39:15.263,BIGTIME/USDT:USDT,0.06581,95.0,0.0658,20.0,0.06586,22.0,0.06587,29.0
1753533555374,12:39:15.374,BIGTIME/USDT:USDT,0.06581,95.0,0.0658,20.0,0.06586,22.0,0.06587,29.0
1753533555668,12:39:15.668,BIGTIME/USDT:USDT,0.06581,95.0,0.0658,20.0,0.06586,22.0,0.06587,29.0
1753533556012,12:39:16.012,BIGTIME/USDT:USDT,0.06581,95.0,0.0658,20.0,0.06586,22.0,0.06587,29.0
1753533556127,12:39:16.127,BIGTIME/USDT:USDT,0.06581,75.0,0.0658,20.0,0.06586,22.0,0.06587,29.0
1753533560458,12:39:20.458,BIGTIME/USDT:USDT,0.06581,75.0,0.0658,20.0,0.06586,22.0,0.06587,29.0
1753533560501,12:39:20.501,BIGTIME/USDT:USDT,0.06581,75.0,0.0658,20.0,0.06586,22.0,0.06587,29.0
1753533563554,12:39:23.554,BIGTIME/USDT:USDT,0.06575,54.0,0.06574,20.0,0.06582,20.0,0.06584,9.0
1753533563577,12:39:23.577,BIGTIME/USDT:USDT,0.06575,20.0,0.06574,20.0,0.06582,20.0,0.06584,9.0
1753533563732,12:39:23.732,BIGTIME/USDT:USDT,0.06575,20.0,0.06574,20.0,0.06582,20.0,0.06584,9.0
1753533564039,12:39:24.039,BIGTIME/USDT:USDT,0.06575,20.0,0.06574,20.0,0.06582,20.0,0.06584,9.0
1753533565043,12:39:25.043,BIGTIME/USDT:USDT,0.06574,20.0,0.06573,29.0,0.06582,20.0,0.06583,143.0
1753533565359,12:39:25.359,BIGTIME/USDT:USDT,0.06574,20.0,0.06573,29.0,0.06582,20.0,0.06583,143.0
1753533565727,12:39:25.727,BIGTIME/USDT:USDT,0.06575,9.0,0.06574,20.0,0.06582,20.0,0.06583,143.0
1753533565842,12:39:25.842,BIGTIME/USDT:USDT,0.06574,20.0,0.06573,29.0,0.06582,20.0,0.06583,143.0
1753533566016,12:39:26.016,BIGTIME/USDT:USDT,0.06574,20.0,0.06573,29.0,0.06582,20.0,0.06583,143.0
1753533566217,12:39:26.217,BIGTIME/USDT:USDT,0.06574,20.0,0.06573,29.0,0.06582,20.0,0.06583,143.0
1753533569147,12:39:29.147,BIGTIME/USDT:USDT,0.06574,20.0,0.06573,29.0,0.06582,20.0,0.06583,143.0
1753533569177,12:39:29.177,BIGTIME/USDT:USDT,0.06574,20.0,0.06573,29.0,0.06582,20.0,0.06583,143.0
1753533570006,12:39:30.006,BIGTIME/USDT:USDT,0.06574,20.0,0.06573,29.0,0.06582,20.0,0.06583,143.0
1753533570620,12:39:30.620,BIGTIME/USDT:USDT,0.06574,20.0,0.06573,29.0,0.06582,20.0,0.06583,143.0
1753533570750,12:39:30.750,BIGTIME/USDT:USDT,0.06579,10.0,0.06578,76.0,0.06585,20.0,0.06586,20.0
1753533570827,12:39:30.827,BIGTIME/USDT:USDT,0.06579,10.0,0.06578,76.0,0.06585,20.0,0.06586,20.0
1753533570961,12:39:30.961,BIGTIME/USDT:USDT,0.06579,10.0,0.06578,76.0,0.06587,20.0,0.06588,29.0
1753533571058,12:39:31.058,BIGTIME/USDT:USDT,0.06579,10.0,0.06578,76.0,0.06587,20.0,0.06588,29.0
1753533571338,12:39:31.338,BIGTIME/USDT:USDT,0.06579,10.0,0.06578,76.0,0.06587,23.0,0.06588,29.0
1753533571796,12:39:31.796,BIGTIME/USDT:USDT,0.06579,10.0,0.06578,76.0,0.06587,23.0,0.06588,29.0
1753533571950,12:39:31.950,BIGTIME/USDT:USDT,0.06579,10.0,0.06578,76.0,0.06587,23.0,0.06588,29.0
1753533572011,12:39:32.011,BIGTIME/USDT:USDT,0.06579,10.0,0.06578,76.0,0.06587,23.0,0.06588,29.0
1753533572942,12:39:32.942,BIGTIME/USDT:USDT,0.06579,10.0,0.06578,76.0,0.06587,23.0,0.06588,29.0
1753533573764,12:39:33.764,BIGTIME/USDT:USDT,0.06579,10.0,0.06578,76.0,0.06587,23.0,0.06588,29.0
1753533574461,12:39:34.461,BIGTIME/USDT:USDT,0.06578,76.0,0.06577,75.0,0.06587,23.0,0.06588,29.0
1753533574558,12:39:34.558,BIGTIME/USDT:USDT,0.06578,76.0,0.06577,75.0,0.06586,29.0,0.06587,21.0
1753533574591,12:39:34.591,BIGTIME/USDT:USDT,0.06578,76.0,0.06575,9.0,0.06586,29.0,0.06587,21.0
1753533574775,12:39:34.775,BIGTIME/USDT:USDT,0.06578,76.0,0.06575,9.0,0.06586,29.0,0.06587,21.0
1753533575012,12:39:35.012,BIGTIME/USDT:USDT,0.06578,76.0,0.06575,9.0,0.06586,29.0,0.06587,21.0
1753533575504,12:39:35.504,BIGTIME/USDT:USDT,0.06578,76.0,0.06575,9.0,0.06586,29.0,0.06587,21.0
1753533575604,12:39:35.604,BIGTIME/USDT:USDT,0.06578,76.0,0.06575,9.0,0.06586,29.0,0.06587,21.0
1753533577843,12:39:37.843,BIGTIME/USDT:USDT,0.06578,76.0,0.06575,9.0,0.06586,29.0,0.06587,21.0
1753533577863,12:39:37.863,BIGTIME/USDT:USDT,0.06578,76.0,0.06575,9.0,0.06586,29.0,0.06587,21.0
1753533578980,12:39:38.980,BIGTIME/USDT:USDT,0.06578,76.0,0.06575,9.0,0.06586,32.0,0.06587,20.0
1753533579866,12:39:39.866,BIGTIME/USDT:USDT,0.06578,76.0,0.06575,9.0,0.06586,12.0,0.06587,20.0
1753533580856,12:39:40.856,BIGTIME/USDT:USDT,0.06578,76.0,0.06575,9.0,0.06586,29.0,0.06587,20.0
1753533581997,12:39:41.997,BIGTIME/USDT:USDT,0.06578,76.0,0.06575,9.0,0.06586,29.0,0.06587,20.0
1753533582827,12:39:42.827,BIGTIME/USDT:USDT,0.06578,76.0,0.06575,9.0,0.06586,9.0,0.06587,20.0
1753533583148,12:39:43.148,BIGTIME/USDT:USDT,0.06578,76.0,0.06576,75.0,0.06586,9.0,0.06587,20.0
1753533583166,12:39:43.166,BIGTIME/USDT:USDT,0.06578,76.0,0.06577,9.0,0.06586,9.0,0.06587,20.0
1753533583337,12:39:43.337,BIGTIME/USDT:USDT,0.06578,76.0,0.06577,9.0,0.06586,12.0,0.06587,20.0
1753533583816,12:39:43.816,BIGTIME/USDT:USDT,0.06578,76.0,0.06577,9.0,0.06586,32.0,0.06587,20.0
1753533585793,12:39:45.793,BIGTIME/USDT:USDT,0.06578,76.0,0.06577,9.0,0.06586,12.0,0.06587,20.0
1753533586782,12:39:46.782,BIGTIME/USDT:USDT,0.06578,76.0,0.06577,9.0,0.06586,32.0,0.06587,20.0
1753533588393,12:39:48.393,BIGTIME/USDT:USDT,0.06578,76.0,0.06576,75.0,0.06585,29.0,0.06586,9.0
1753533588478,12:39:48.478,BIGTIME/USDT:USDT,0.06578,76.0,0.06576,75.0,0.06585,32.0,0.06586,9.0
1753533588616,12:39:48.616,BIGTIME/USDT:USDT,0.06578,76.0,0.06576,75.0,0.06585,32.0,0.06586,9.0
1753533588761,12:39:48.761,BIGTIME/USDT:USDT,0.06578,76.0,0.06576,75.0,0.06585,32.0,0.06586,9.0
1753533589010,12:39:49.010,BIGTIME/USDT:USDT,0.06578,76.0,0.06576,75.0,0.06585,32.0,0.06586,9.0
1753533590351,12:39:50.351,BIGTIME/USDT:USDT,0.06575,9.0,0.06574,66.0,0.06584,29.0,0.06585,29.0
1753533590384,12:39:50.384,BIGTIME/USDT:USDT,0.06575,9.0,0.06574,66.0,0.06584,29.0,0.06585,29.0
1753533590463,12:39:50.463,BIGTIME/USDT:USDT,0.06575,9.0,0.06574,66.0,0.06584,29.0,0.06585,29.0
1753533590670,12:39:50.670,BIGTIME/USDT:USDT,0.06575,9.0,0.06574,66.0,0.06584,29.0,0.06585,29.0
1753533591013,12:39:51.013,BIGTIME/USDT:USDT,0.06575,9.0,0.06574,66.0,0.06584,29.0,0.06585,29.0
1753533591331,12:39:51.331,BIGTIME/USDT:USDT,0.06574,66.0,0.06573,152.0,0.06583,29.0,0.06584,29.0
1753533591550,12:39:51.550,BIGTIME/USDT:USDT,0.06574,142.0,0.06573,152.0,0.06583,29.0,0.06584,29.0
1753533591971,12:39:51.971,BIGTIME/USDT:USDT,0.06574,142.0,0.06573,152.0,0.06583,29.0,0.06584,29.0
1753533592360,12:39:52.360,BIGTIME/USDT:USDT,0.06575,56.0,0.06574,142.0,0.06582,29.0,0.06583,29.0
1753533592460,12:39:52.460,BIGTIME/USDT:USDT,0.06575,43.0,0.06574,142.0,0.06582,29.0,0.06583,29.0
1753533592513,12:39:52.513,BIGTIME/USDT:USDT,0.06574,96.0,0.06573,29.0,0.06582,29.0,0.06583,29.0
1753533592627,12:39:52.627,BIGTIME/USDT:USDT,0.06574,96.0,0.06573,29.0,0.06582,30.0,0.06583,29.0
1753533592715,12:39:52.715,BIGTIME/USDT:USDT,0.06574,96.0,0.06573,29.0,0.06582,30.0,0.06583,29.0
1753533592798,12:39:52.798,BIGTIME/USDT:USDT,0.06574,96.0,0.06573,29.0,0.06582,30.0,0.06583,29.0
1753533593184,12:39:53.184,BIGTIME/USDT:USDT,0.06574,96.0,0.06573,20.0,0.06581,31.0,0.06582,30.0
1753533593299,12:39:53.299,BIGTIME/USDT:USDT,0.06574,96.0,0.06573,20.0,0.06581,31.0,0.06582,30.0
1753533593619,12:39:53.619,BIGTIME/USDT:USDT,0.06574,96.0,0.06573,20.0,0.06581,31.0,0.06582,30.0
1753533593704,12:39:53.704,BIGTIME/USDT:USDT,0.06574,76.0,0.06573,20.0,0.06581,31.0,0.06582,30.0
1753533594003,12:39:54.003,BIGTIME/USDT:USDT,0.06574,76.0,0.06573,20.0,0.06581,31.0,0.06582,30.0
1753533594081,12:39:54.081,BIGTIME/USDT:USDT,0.06574,76.0,0.06573,20.0,0.06581,31.0,0.06582,30.0
1753533596147,12:39:56.147,BIGTIME/USDT:USDT,0.06574,76.0,0.06573,20.0,0.06581,31.0,0.06582,30.0
1753533596251,12:39:56.251,BIGTIME/USDT:USDT,0.06574,76.0,0.06573,20.0,0.06581,31.0,0.06582,29.0
1753533596288,12:39:56.288,BIGTIME/USDT:USDT,0.06574,76.0,0.06573,20.0,0.06581,33.0,0.06582,29.0
1753533596519,12:39:56.519,BIGTIME/USDT:USDT,0.06574,76.0,0.06573,20.0,0.06581,32.0,0.06582,29.0
1753533597417,12:39:57.417,BIGTIME/USDT:USDT,0.06574,76.0,0.06573,20.0,0.06581,32.0,0.06582,29.0
1753533598041,12:39:58.041,BIGTIME/USDT:USDT,0.06574,76.0,0.06573,20.0,0.06581,32.0,0.06582,29.0
1753533598822,12:39:58.822,BIGTIME/USDT:USDT,0.06574,76.0,0.06573,20.0,0.06581,32.0,0.06582,29.0
1753533601649,12:40:01.649,BIGTIME/USDT:USDT,0.06574,76.0,0.06573,20.0,0.06581,31.0,0.06582,29.0
1753533602476,12:40:02.476,BIGTIME/USDT:USDT,0.06574,76.0,0.06573,30.0,0.06581,20.0,0.06582,29.0
1753533602643,12:40:02.643,BIGTIME/USDT:USDT,0.06574,76.0,0.06573,30.0,0.06581,20.0,0.06582,29.0
1753533602725,12:40:02.725,BIGTIME/USDT:USDT,0.06574,76.0,0.06573,30.0,0.06582,20.0,0.06583,29.0
1753533603009,12:40:03.009,BIGTIME/USDT:USDT,0.06574,76.0,0.06573,30.0,0.06582,20.0,0.06583,29.0
1753533604266,12:40:04.266,BIGTIME/USDT:USDT,0.06575,10.0,0.06574,76.0,0.06582,20.0,0.06583,29.0
1753533604715,12:40:04.715,BIGTIME/USDT:USDT,0.06575,10.0,0.06574,76.0,0.06582,20.0,0.06583,29.0
1753533605353,12:40:05.353,BIGTIME/USDT:USDT,0.06574,76.0,0.06573,30.0,0.06582,20.0,0.06583,29.0
1753533605384,12:40:05.384,BIGTIME/USDT:USDT,0.06574,76.0,0.06573,30.0,0.06582,20.0,0.06583,29.0
1753533605541,12:40:05.541,BIGTIME/USDT:USDT,0.06574,76.0,0.06573,30.0,0.06582,20.0,0.06583,29.0
1753533607372,12:40:07.372,BIGTIME/USDT:USDT,0.06574,77.0,0.06573,30.0,0.06582,20.0,0.06583,29.0
1753533607567,12:40:07.567,BIGTIME/USDT:USDT,0.06574,77.0,0.06573,30.0,0.06582,20.0,0.06583,29.0
1753533608013,12:40:08.013,BIGTIME/USDT:USDT,0.06574,77.0,0.06573,30.0,0.06582,20.0,0.06583,29.0
1753533608092,12:40:08.092,BIGTIME/USDT:USDT,0.06574,76.0,0.06573,30.0,0.06582,20.0,0.06583,29.0
1753533608437,12:40:08.437,BIGTIME/USDT:USDT,0.06574,76.0,0.06573,30.0,0.06582,20.0,0.06583,29.0
1753533608782,12:40:08.782,BIGTIME/USDT:USDT,0.06574,76.0,0.06573,30.0,0.06582,20.0,0.06583,29.0
1753533609349,12:40:09.349,BIGTIME/USDT:USDT,0.06574,76.0,0.06573,30.0,0.06582,23.0,0.06583,29.0
1753533609703,12:40:09.703,BIGTIME/USDT:USDT,0.06574,76.0,0.06573,30.0,0.06582,23.0,0.06583,29.0
1753533611010,12:40:11.010,BIGTIME/USDT:USDT,0.06574,76.0,0.06573,30.0,0.06582,23.0,0.06583,29.0
1753533611233,12:40:11.233,BIGTIME/USDT:USDT,0.06574,76.0,0.06573,30.0,0.06582,23.0,0.06583,29.0
1753533611421,12:40:11.421,BIGTIME/USDT:USDT,0.06574,76.0,0.06573,30.0,0.06582,21.0,0.06583,29.0
1753533611842,12:40:11.842,BIGTIME/USDT:USDT,0.06574,76.0,0.06573,30.0,0.06582,21.0,0.06583,29.0
1753533612004,12:40:12.004,BIGTIME/USDT:USDT,0.06574,76.0,0.06573,30.0,0.06582,21.0,0.06583,29.0
1753533612081,12:40:12.081,BIGTIME/USDT:USDT,0.06575,36.0,0.06574,76.0,0.06582,21.0,0.06583,29.0
1753533612411,12:40:12.411,BIGTIME/USDT:USDT,0.06575,36.0,0.06574,76.0,0.06582,21.0,0.06583,29.0
1753533613653,12:40:13.653,BIGTIME/USDT:USDT,0.06575,36.0,0.06574,76.0,0.06582,21.0,0.06583,29.0
1753533613702,12:40:13.702,BIGTIME/USDT:USDT,0.06575,36.0,0.06574,76.0,0.06582,21.0,0.06583,29.0
1753533614531,12:40:14.531,BIGTIME/USDT:USDT,0.06574,76.0,0.06573,10.0,0.06582,21.0,0.06583,29.0
1753533614835,12:40:14.835,BIGTIME/USDT:USDT,0.06574,76.0,0.06573,10.0,0.06582,21.0,0.06583,29.0
1753533615102,12:40:15.102,BIGTIME/USDT:USDT,0.06575,36.0,0.06574,76.0,0.06582,21.0,0.06583,29.0
1753533615249,12:40:15.249,BIGTIME/USDT:USDT,0.06575,36.0,0.06574,76.0,0.06582,21.0,0.06583,29.0
1753533615517,12:40:15.517,BIGTIME/USDT:USDT,0.06575,36.0,0.06574,76.0,0.06582,21.0,0.06583,29.0
1753533615688,12:40:15.688,BIGTIME/USDT:USDT,0.06575,36.0,0.06574,76.0,0.06582,20.0,0.06583,29.0
1753533620212,12:40:20.212,BIGTIME/USDT:USDT,0.06574,76.0,0.06573,53.0,0.06582,20.0,0.06583,29.0
1753533620495,12:40:20.495,BIGTIME/USDT:USDT,0.06574,76.0,0.06573,53.0,0.06582,20.0,0.06583,29.0
1753533622620,12:40:22.620,BIGTIME/USDT:USDT,0.06575,36.0,0.06574,76.0,0.06582,20.0,0.06583,29.0
1753533622924,12:40:22.924,BIGTIME/USDT:USDT,0.06575,36.0,0.06574,76.0,0.06582,20.0,0.06583,29.0
1753533624156,12:40:24.156,BIGTIME/USDT:USDT,0.06576,1.0,0.06574,76.0,0.06582,20.0,0.06583,29.0
1753533624256,12:40:24.256,BIGTIME/USDT:USDT,0.06576,94.0,0.06575,9.0,0.06582,20.0,0.06583,29.0
1753533624553,12:40:24.553,BIGTIME/USDT:USDT,0.06576,94.0,0.06575,9.0,0.06582,20.0,0.06583,29.0
1753533626360,12:40:26.360,BIGTIME/USDT:USDT,0.06577,55.0,0.06576,21.0,0.06582,20.0,0.06583,29.0
1753533626364,12:40:26.364,BIGTIME/USDT:USDT,0.06577,21.0,0.06576,21.0,0.06582,20.0,0.06583,29.0
1753533626577,12:40:26.577,BIGTIME/USDT:USDT,0.06577,21.0,0.06576,21.0,0.06582,21.0,0.06583,29.0
1753533627326,12:40:27.326,BIGTIME/USDT:USDT,0.06577,21.0,0.06576,21.0,0.06582,21.0,0.06583,29.0
1753533629140,12:40:29.140,BIGTIME/USDT:USDT,0.06577,21.0,0.06576,21.0,0.06582,22.0,0.06583,29.0
1753533629418,12:40:29.418,BIGTIME/USDT:USDT,0.06577,21.0,0.06576,21.0,0.06582,22.0,0.06583,29.0
1753533629983,12:40:29.983,BIGTIME/USDT:USDT,0.06577,21.0,0.06576,21.0,0.06582,22.0,0.06583,29.0
1753533633420,12:40:33.420,BIGTIME/USDT:USDT,0.06577,21.0,0.06576,21.0,0.06582,21.0,0.06583,29.0
1753533633543,12:40:33.543,BIGTIME/USDT:USDT,0.06577,21.0,0.06576,21.0,0.06582,21.0,0.06583,29.0
1753533633815,12:40:33.815,BIGTIME/USDT:USDT,0.06577,21.0,0.06576,21.0,0.06582,21.0,0.06583,20.0
1753533633884,12:40:33.884,BIGTIME/USDT:USDT,0.06577,21.0,0.06576,21.0,0.06582,21.0,0.06583,20.0
1753533634248,12:40:34.248,BIGTIME/USDT:USDT,0.06577,21.0,0.06576,21.0,0.06582,1.0,0.06583,20.0
1753533634438,12:40:34.438,BIGTIME/USDT:USDT,0.06577,21.0,0.06576,21.0,0.06583,20.0,0.06584,29.0
1753533634703,12:40:34.703,BIGTIME/USDT:USDT,0.06577,21.0,0.06576,21.0,0.06583,20.0,0.06584,29.0
1753533638130,12:40:38.130,BIGTIME/USDT:USDT,0.06577,21.0,0.06576,21.0,0.06583,20.0,0.06584,29.0
1753533640027,12:40:40.027,BIGTIME/USDT:USDT,0.06577,21.0,0.06576,21.0,0.06582,11.0,0.06583,20.0
1753533640345,12:40:40.345,BIGTIME/USDT:USDT,0.06577,21.0,0.06576,21.0,0.06582,11.0,0.06583,20.0
1753533644011,12:40:44.011,BIGTIME/USDT:USDT,0.06577,21.0,0.06576,21.0,0.06582,11.0,0.06583,20.0
1753533644122,12:40:44.122,BIGTIME/USDT:USDT,0.06577,21.0,0.06576,21.0,0.06582,1.0,0.06583,20.0
1753533645903,12:40:45.903,BIGTIME/USDT:USDT,0.06577,21.0,0.06576,21.0,0.06583,20.0,0.06584,29.0
1753533645995,12:40:45.995,BIGTIME/USDT:USDT,0.06577,21.0,0.06576,21.0,0.06583,20.0,0.06584,29.0
1753533646261,12:40:46.261,BIGTIME/USDT:USDT,0.06577,21.0,0.06576,31.0,0.06583,20.0,0.06584,29.0
1753533646261,12:40:46.261,BIGTIME/USDT:USDT,0.06577,21.0,0.06576,31.0,0.06583,20.0,0.06584,29.0
1753533650853,12:40:50.853,BIGTIME/USDT:USDT,0.06577,21.0,0.06576,31.0,0.06583,20.0,0.06584,29.0
1753533653143,12:40:53.143,BIGTIME/USDT:USDT,0.06577,21.0,0.06576,31.0,0.06583,20.0,0.06584,29.0
1753533655765,12:40:55.765,BIGTIME/USDT:USDT,0.06577,21.0,0.06576,31.0,0.06583,20.0,0.06584,29.0
1753533658943,12:40:58.943,BIGTIME/USDT:USDT,0.06577,21.0,0.06576,31.0,0.06583,20.0,0.06584,29.0
1753533660458,12:41:00.458,BIGTIME/USDT:USDT,0.06578,9.0,0.06577,21.0,0.06583,20.0,0.06584,29.0
1753533660464,12:41:00.464,BIGTIME/USDT:USDT,0.06578,30.0,0.06577,21.0,0.06583,21.0,0.06584,20.0
1753533660946,12:41:00.946,BIGTIME/USDT:USDT,0.06578,30.0,0.06577,21.0,0.06583,2.0,0.06584,20.0
1753533661713,12:41:01.713,BIGTIME/USDT:USDT,0.06578,30.0,0.06577,21.0,0.06583,1.0,0.06584,20.0
1753533662099,12:41:02.099,BIGTIME/USDT:USDT,0.06578,30.0,0.06577,21.0,0.06583,1.0,0.06584,20.0
