timestamp,time,symbol,bid1_price,bid1_volume,bid2_price,bid2_volume,ask1_price,ask1_volume,ask2_price,ask2_volume
1753533020000,12:30:20.000,API3/USDT:USDT,0.7577,2.0,0.7574,1023.0,0.7579,68.0,0.7581,1619.0
1753533020612,12:30:20.612,API3/USDT:USDT,0.7575,2.0,0.7574,1023.0,0.7578,68.0,0.758,87.0
1753533020665,12:30:20.665,API3/USDT:USDT,0.7575,2.0,0.7574,1023.0,0.7578,68.0,0.758,87.0
1753533020940,12:30:20.940,API3/USDT:USDT,0.7576,341.0,0.7575,2.0,0.7578,68.0,0.758,87.0
1753533021093,12:30:21.093,API3/USDT:USDT,0.7574,1023.0,0.7573,3106.0,0.7578,68.0,0.758,87.0
1753533021134,12:30:21.134,API3/USDT:USDT,0.7575,2.0,0.7574,1023.0,0.7578,68.0,0.758,87.0
1753533022410,12:30:22.410,API3/USDT:USDT,0.7575,2.0,0.7574,1023.0,0.7578,68.0,0.758,87.0
1753533022608,12:30:22.608,API3/USDT:USDT,0.7575,2.0,0.7574,1023.0,0.7578,68.0,0.758,87.0
1753533022739,12:30:22.739,API3/USDT:USDT,0.7576,341.0,0.7575,2.0,0.7578,68.0,0.758,87.0
1753533022833,12:30:22.833,API3/USDT:USDT,0.7576,341.0,0.7574,1023.0,0.7578,68.0,0.758,87.0
1753533023009,12:30:23.009,API3/USDT:USDT,0.7576,352.0,0.7575,1173.0,0.7578,68.0,0.758,87.0
1753533023033,12:30:23.033,API3/USDT:USDT,0.7576,354.0,0.7575,1173.0,0.7578,68.0,0.758,87.0
1753533023149,12:30:23.149,API3/USDT:USDT,0.7576,2.0,0.7574,1021.0,0.7578,68.0,0.758,87.0
1753533023241,12:30:23.241,API3/USDT:USDT,0.7575,2.0,0.7574,1023.0,0.7578,68.0,0.758,87.0
1753533023726,12:30:23.726,API3/USDT:USDT,0.7576,292.0,0.7575,974.0,0.7578,68.0,0.758,87.0
1753533023769,12:30:23.769,API3/USDT:USDT,0.7575,2.0,0.7574,1023.0,0.7578,68.0,0.758,87.0
1753533023832,12:30:23.832,API3/USDT:USDT,0.7575,2.0,0.7574,1023.0,0.7578,68.0,0.758,87.0
1753533023937,12:30:23.937,API3/USDT:USDT,0.7575,2.0,0.7574,1023.0,0.7578,68.0,0.758,87.0
1753533024299,12:30:24.299,API3/USDT:USDT,0.7575,2.0,0.7574,1023.0,0.7578,68.0,0.758,87.0
1753533024723,12:30:24.723,API3/USDT:USDT,0.7576,364.0,0.7575,2.0,0.7578,68.0,0.758,87.0
1753533024756,12:30:24.756,API3/USDT:USDT,0.7574,1023.0,0.7573,3106.0,0.7578,68.0,0.758,87.0
1753533024837,12:30:24.837,API3/USDT:USDT,0.7575,2.0,0.7574,1023.0,0.7578,68.0,0.758,87.0
1753533027209,12:30:27.209,API3/USDT:USDT,0.7575,2.0,0.7574,1023.0,0.7578,68.0,0.758,87.0
1753533028914,12:30:28.914,API3/USDT:USDT,0.7575,2.0,0.7574,1023.0,0.758,87.0,0.7582,87.0
1753533029083,12:30:29.083,API3/USDT:USDT,0.7575,2.0,0.7574,1023.0,0.758,87.0,0.7582,87.0
1753533029294,12:30:29.294,API3/USDT:USDT,0.7576,333.0,0.7575,2.0,0.7577,68.0,0.7579,87.0
1753533029398,12:30:29.398,API3/USDT:USDT,0.7576,333.0,0.7575,2.0,0.7577,68.0,0.7579,87.0
1753533029498,12:30:29.498,API3/USDT:USDT,0.7576,333.0,0.7575,2.0,0.7577,68.0,0.7579,87.0
1753533029603,12:30:29.603,API3/USDT:USDT,0.7576,333.0,0.7575,2.0,0.7579,87.0,0.7586,150.0
1753533029709,12:30:29.709,API3/USDT:USDT,0.7577,2.0,0.7576,333.0,0.7579,87.0,0.7581,87.0
1753533029816,12:30:29.816,API3/USDT:USDT,0.7577,2.0,0.7574,1023.0,0.7578,68.0,0.7586,150.0
1753533029913,12:30:29.913,API3/USDT:USDT,0.7575,2.0,0.7574,1023.0,0.7578,68.0,0.758,87.0
1753533030025,12:30:30.025,API3/USDT:USDT,0.7575,2.0,0.7574,1023.0,0.7578,68.0,0.758,87.0
1753533030036,12:30:30.036,API3/USDT:USDT,0.7575,2.0,0.7574,1023.0,0.7578,68.0,0.758,87.0
1753533030326,12:30:30.326,API3/USDT:USDT,0.7575,2.0,0.7574,1023.0,0.7578,68.0,0.758,87.0
1753533031019,12:30:31.019,API3/USDT:USDT,0.7575,2.0,0.7574,1023.0,0.7578,68.0,0.758,87.0
1753533031372,12:30:31.372,API3/USDT:USDT,0.7576,333.0,0.7575,2.0,0.7578,68.0,0.758,87.0
1753533031433,12:30:31.433,API3/USDT:USDT,0.7576,333.0,0.7574,1023.0,0.7578,68.0,0.758,87.0
1753533032001,12:30:32.001,API3/USDT:USDT,0.7576,333.0,0.7574,1023.0,0.7578,68.0,0.758,87.0
1753533032191,12:30:32.191,API3/USDT:USDT,0.7575,971.0,0.7574,1023.0,0.7577,68.0,0.758,87.0
1753533032308,12:30:32.308,API3/USDT:USDT,0.7575,971.0,0.7574,1023.0,0.7579,87.0,0.7586,150.0
1753533032369,12:30:32.369,API3/USDT:USDT,0.7576,2.0,0.7574,1023.0,0.7579,87.0,0.7581,87.0
1753533032441,12:30:32.441,API3/USDT:USDT,0.7575,2.0,0.7574,1023.0,0.7579,87.0,0.7581,87.0
1753533032792,12:30:32.792,API3/USDT:USDT,0.7576,394.0,0.7575,2.0,0.7579,87.0,0.7581,87.0
1753533032843,12:30:32.843,API3/USDT:USDT,0.7577,2.0,0.7574,1023.0,0.7579,87.0,0.7581,87.0
1753533032982,12:30:32.982,API3/USDT:USDT,0.7575,2.0,0.7574,1023.0,0.7578,68.0,0.758,87.0
1753533033033,12:30:33.033,API3/USDT:USDT,0.7575,2.0,0.7574,1023.0,0.7578,68.0,0.758,87.0
1753533033185,12:30:33.185,API3/USDT:USDT,0.7575,2.0,0.7574,1023.0,0.7578,68.0,0.758,87.0
1753533034024,12:30:34.024,API3/USDT:USDT,0.7575,2.0,0.7574,1023.0,0.7578,68.0,0.758,87.0
1753533034402,12:30:34.402,API3/USDT:USDT,0.7575,2.0,0.7574,1023.0,0.7578,68.0,0.758,87.0
1753533034672,12:30:34.672,API3/USDT:USDT,0.7576,387.0,0.7575,2.0,0.7578,68.0,0.758,87.0
1753533034810,12:30:34.810,API3/USDT:USDT,0.7574,1023.0,0.7573,2419.0,0.7578,68.0,0.758,87.0
1753533034849,12:30:34.849,API3/USDT:USDT,0.7575,2.0,0.7574,1023.0,0.7577,68.0,0.758,87.0
1753533035116,12:30:35.116,API3/USDT:USDT,0.7575,2.0,0.7574,1023.0,0.7577,68.0,0.7579,87.0
1753533036802,12:30:36.802,API3/USDT:USDT,0.7575,2.0,0.7574,1023.0,0.7577,68.0,0.7579,87.0
1753533038512,12:30:38.512,API3/USDT:USDT,0.7575,2.0,0.7574,1023.0,0.7577,68.0,0.7579,87.0
1753533038599,12:30:38.599,API3/USDT:USDT,0.7575,2.0,0.7574,1023.0,0.7576,68.0,0.7579,87.0
1753533038675,12:30:38.675,API3/USDT:USDT,0.7575,2.0,0.7574,1023.0,0.7576,68.0,0.7578,87.0
1753533038758,12:30:38.758,API3/USDT:USDT,0.7575,2.0,0.7574,1023.0,0.7576,68.0,0.7578,87.0
1753533038840,12:30:38.840,API3/USDT:USDT,0.7575,2.0,0.7574,1023.0,0.7576,68.0,0.7578,87.0
1753533040527,12:30:40.527,API3/USDT:USDT,0.7575,2.0,0.7574,1023.0,0.7578,87.0,0.7583,262.0
1753533040550,12:30:40.550,API3/USDT:USDT,0.7575,2.0,0.7574,1023.0,0.7578,87.0,0.758,87.0
1753533040876,12:30:40.876,API3/USDT:USDT,0.7575,2.0,0.7574,1023.0,0.7578,87.0,0.758,87.0
1753533041602,12:30:41.602,API3/USDT:USDT,0.7575,2.0,0.7574,1023.0,0.7578,87.0,0.758,87.0
1753533042097,12:30:42.097,API3/USDT:USDT,0.7576,333.0,0.7575,2.0,0.7578,87.0,0.758,87.0
1753533042169,12:30:42.169,API3/USDT:USDT,0.7574,1023.0,0.7573,2419.0,0.7577,68.0,0.758,87.0
1753533042293,12:30:42.293,API3/USDT:USDT,0.7575,2.0,0.7574,1023.0,0.7576,68.0,0.7578,87.0
1753533042401,12:30:42.401,API3/USDT:USDT,0.7575,2.0,0.7574,1023.0,0.7578,87.0,0.7583,262.0
1753533042512,12:30:42.512,API3/USDT:USDT,0.7575,2.0,0.7574,1023.0,0.7578,87.0,0.758,87.0
1753533042627,12:30:42.627,API3/USDT:USDT,0.7575,2.0,0.7574,1023.0,0.7578,87.0,0.758,87.0
1753533044042,12:30:44.042,API3/USDT:USDT,0.7575,2.0,0.7574,1023.0,0.7578,87.0,0.758,87.0
1753533044346,12:30:44.346,API3/USDT:USDT,0.7575,2.0,0.7574,1023.0,0.7578,87.0,0.758,87.0
1753533046127,12:30:46.127,API3/USDT:USDT,0.7575,2.0,0.7574,1023.0,0.7578,87.0,0.758,87.0
1753533046402,12:30:46.402,API3/USDT:USDT,0.7575,2.0,0.7574,1023.0,0.7578,87.0,0.758,87.0
1753533046444,12:30:46.444,API3/USDT:USDT,0.7575,2.0,0.7574,1023.0,0.7578,87.0,0.758,87.0
1753533051000,12:30:51.000,API3/USDT:USDT,0.7575,2.0,0.7574,1023.0,0.758,87.0,0.7583,262.0
1753533051078,12:30:51.078,API3/USDT:USDT,0.7575,2.0,0.7574,1023.0,0.758,87.0,0.7582,87.0
1753533051201,12:30:51.201,API3/USDT:USDT,0.7575,2.0,0.7574,1023.0,0.758,87.0,0.7582,87.0
1753533051373,12:30:51.373,API3/USDT:USDT,0.7575,2.0,0.7574,1023.0,0.758,87.0,0.7582,87.0
1753533053663,12:30:53.663,API3/USDT:USDT,0.7575,2.0,0.7574,1023.0,0.758,87.0,0.7582,87.0
1753533054316,12:30:54.316,API3/USDT:USDT,0.7575,2.0,0.7574,1023.0,0.758,87.0,0.7582,87.0
1753533054431,12:30:54.431,API3/USDT:USDT,0.7575,2.0,0.7574,1294.0,0.758,87.0,0.7582,87.0
1753533054711,12:30:54.711,API3/USDT:USDT,0.7575,2.0,0.7574,1023.0,0.758,87.0,0.7582,87.0
1753533055597,12:30:55.597,API3/USDT:USDT,0.7575,2.0,0.7574,1023.0,0.758,87.0,0.7582,87.0
1753533056001,12:30:56.001,API3/USDT:USDT,0.7575,2.0,0.7574,1023.0,0.758,87.0,0.7582,87.0
1753533056348,12:30:56.348,API3/USDT:USDT,0.7575,2.0,0.7574,1023.0,0.758,87.0,0.7582,87.0
1753533057515,12:30:57.515,API3/USDT:USDT,0.7575,2.0,0.7574,1294.0,0.758,87.0,0.7582,87.0
1753533057559,12:30:57.559,API3/USDT:USDT,0.7575,2.0,0.7574,1023.0,0.758,87.0,0.7582,87.0
1753533060273,12:31:00.273,API3/USDT:USDT,0.7575,2.0,0.7574,2.0,0.7576,68.0,0.758,87.0
1753533060369,12:31:00.369,API3/USDT:USDT,0.7572,646.0,0.7571,2989.0,0.7576,68.0,0.758,87.0
1753533060481,12:31:00.481,API3/USDT:USDT,0.7572,646.0,0.7571,2147.0,0.7576,68.0,0.7578,87.0
1753533060586,12:31:00.586,API3/USDT:USDT,0.7572,646.0,0.7571,2147.0,0.7576,68.0,0.7578,87.0
1753533060723,12:31:00.723,API3/USDT:USDT,0.7572,646.0,0.7571,2147.0,0.7576,68.0,0.7578,87.0
1753533060810,12:31:00.810,API3/USDT:USDT,0.7572,646.0,0.7571,2147.0,0.7576,68.0,0.7578,87.0
1753533061063,12:31:01.063,API3/USDT:USDT,0.7572,646.0,0.7571,2147.0,0.7576,68.0,0.7578,87.0
1753533062322,12:31:02.322,API3/USDT:USDT,0.7572,646.0,0.7571,2147.0,0.7575,68.0,0.7577,87.0
1753533062370,12:31:02.370,API3/USDT:USDT,0.7572,646.0,0.7571,2147.0,0.7575,68.0,0.7577,87.0
1753533062430,12:31:02.430,API3/USDT:USDT,0.7572,646.0,0.7571,2147.0,0.7575,68.0,0.7577,87.0
1753533062697,12:31:02.697,API3/USDT:USDT,0.7572,646.0,0.7571,2147.0,0.7575,68.0,0.7577,87.0
1753533063017,12:31:03.017,API3/USDT:USDT,0.7572,646.0,0.7571,2147.0,0.7575,68.0,0.7577,87.0
1753533063265,12:31:03.265,API3/USDT:USDT,0.7572,646.0,0.7571,2147.0,0.7575,68.0,0.7577,87.0
1753533064328,12:31:04.328,API3/USDT:USDT,0.7572,646.0,0.7571,2147.0,0.7575,68.0,0.7577,87.0
1753533065602,12:31:05.602,API3/USDT:USDT,0.7572,646.0,0.7571,2147.0,0.7575,68.0,0.7577,87.0
1753533066524,12:31:06.524,API3/USDT:USDT,0.7572,646.0,0.7571,2147.0,0.7575,68.0,0.7577,87.0
1753533067011,12:31:07.011,API3/USDT:USDT,0.7572,646.0,0.7571,2147.0,0.7575,68.0,0.7577,87.0
1753533067461,12:31:07.461,API3/USDT:USDT,0.7572,646.0,0.7571,2147.0,0.7577,87.0,0.7579,87.0
1753533067556,12:31:07.556,API3/USDT:USDT,0.7572,646.0,0.7571,2147.0,0.7577,87.0,0.7579,87.0
1753533070049,12:31:10.049,API3/USDT:USDT,0.7572,646.0,0.7571,2147.0,0.7577,87.0,0.7579,87.0
1753533070409,12:31:10.409,API3/USDT:USDT,0.7572,646.0,0.7571,2147.0,0.7577,87.0,0.7579,87.0
1753533072010,12:31:12.010,API3/USDT:USDT,0.7573,54.0,0.7572,646.0,0.7575,68.0,0.7576,68.0
1753533072099,12:31:12.099,API3/USDT:USDT,0.7572,646.0,0.7571,2147.0,0.7575,68.0,0.7577,86.0
1753533072150,12:31:12.150,API3/USDT:USDT,0.7572,646.0,0.7571,2147.0,0.7575,68.0,0.7577,86.0
1753533072408,12:31:12.408,API3/USDT:USDT,0.7572,646.0,0.7571,2147.0,0.7575,68.0,0.7577,86.0
1753533072817,12:31:12.817,API3/USDT:USDT,0.7572,646.0,0.7571,2147.0,0.7575,68.0,0.7577,86.0
1753533072831,12:31:12.831,API3/USDT:USDT,0.7572,646.0,0.7571,2147.0,0.7575,68.0,0.7577,86.0
1753533073018,12:31:13.018,API3/USDT:USDT,0.7572,646.0,0.7571,2147.0,0.7575,68.0,0.7577,86.0
1753533073152,12:31:13.152,API3/USDT:USDT,0.7573,54.0,0.7572,646.0,0.7575,68.0,0.7577,86.0
1753533073860,12:31:13.860,API3/USDT:USDT,0.7572,646.0,0.7571,2147.0,0.7575,68.0,0.7577,86.0
1753533075019,12:31:15.019,API3/USDT:USDT,0.7573,30.0,0.7572,646.0,0.7575,68.0,0.7577,86.0
1753533075034,12:31:15.034,API3/USDT:USDT,0.7573,30.0,0.7572,646.0,0.7575,68.0,0.7577,86.0
1753533075202,12:31:15.202,API3/USDT:USDT,0.7573,30.0,0.7572,646.0,0.7575,68.0,0.7577,86.0
1753533078000,12:31:18.000,API3/USDT:USDT,0.7573,30.0,0.7572,646.0,0.7577,86.0,0.7579,86.0
1753533078073,12:31:18.073,API3/USDT:USDT,0.7573,30.0,0.7572,646.0,0.7577,86.0,0.7579,86.0
1753533078234,12:31:18.234,API3/USDT:USDT,0.7573,30.0,0.7572,646.0,0.7577,86.0,0.7579,86.0
1753533078520,12:31:18.520,API3/USDT:USDT,0.7572,646.0,0.7571,2147.0,0.7576,68.0,0.7577,86.0
1753533078600,12:31:18.600,API3/USDT:USDT,0.7572,646.0,0.7571,2147.0,0.7576,68.0,0.7578,86.0
1753533078705,12:31:18.705,API3/USDT:USDT,0.7572,646.0,0.7571,2147.0,0.7576,68.0,0.7578,86.0
1753533078905,12:31:18.905,API3/USDT:USDT,0.7572,646.0,0.7571,2147.0,0.7576,68.0,0.7578,86.0
1753533079031,12:31:19.031,API3/USDT:USDT,0.7572,646.0,0.7571,2147.0,0.7576,68.0,0.7578,86.0
1753533079322,12:31:19.322,API3/USDT:USDT,0.7572,646.0,0.7571,2147.0,0.7576,68.0,0.7578,86.0
1753533080002,12:31:20.002,API3/USDT:USDT,0.7572,646.0,0.7571,2147.0,0.7576,68.0,0.7578,86.0
1753533080275,12:31:20.275,API3/USDT:USDT,0.7573,107.0,0.7572,646.0,0.7576,68.0,0.7578,86.0
1753533080370,12:31:20.370,API3/USDT:USDT,0.7573,107.0,0.7572,646.0,0.7576,68.0,0.7578,86.0
1753533080817,12:31:20.817,API3/USDT:USDT,0.7573,107.0,0.7572,646.0,0.7576,68.0,0.7578,86.0
1753533081723,12:31:21.723,API3/USDT:USDT,0.7572,646.0,0.7571,2147.0,0.7575,68.0,0.7577,86.0
1753533081754,12:31:21.754,API3/USDT:USDT,0.7572,646.0,0.7571,2147.0,0.7575,68.0,0.7577,86.0
1753533081831,12:31:21.831,API3/USDT:USDT,0.7572,646.0,0.7571,2147.0,0.7575,68.0,0.7577,86.0
1753533083062,12:31:23.062,API3/USDT:USDT,0.7573,30.0,0.7572,646.0,0.7575,68.0,0.7577,86.0
1753533084806,12:31:24.806,API3/USDT:USDT,0.7573,30.0,0.7572,646.0,0.7575,68.0,0.7577,86.0
1753533085257,12:31:25.257,API3/USDT:USDT,0.7573,30.0,0.7572,646.0,0.7577,86.0,0.7579,86.0
1753533085387,12:31:25.387,API3/USDT:USDT,0.7573,30.0,0.7572,646.0,0.7577,86.0,0.7579,86.0
1753533085618,12:31:25.618,API3/USDT:USDT,0.7573,30.0,0.7572,646.0,0.7577,86.0,0.7579,86.0
1753533085631,12:31:25.631,API3/USDT:USDT,0.7573,30.0,0.7572,646.0,0.7577,86.0,0.7579,86.0
1753533089603,12:31:29.603,API3/USDT:USDT,0.7573,30.0,0.7572,646.0,0.7577,86.0,0.7579,86.0
1753533089726,12:31:29.726,API3/USDT:USDT,0.7572,646.0,0.7571,2147.0,0.7575,68.0,0.7579,86.0
1753533089825,12:31:29.825,API3/USDT:USDT,0.7572,646.0,0.7571,2147.0,0.7575,68.0,0.7577,86.0
1753533089836,12:31:29.836,API3/USDT:USDT,0.7572,646.0,0.7571,2147.0,0.7575,68.0,0.7577,86.0
1753533091046,12:31:31.046,API3/USDT:USDT,0.7572,646.0,0.7571,2147.0,0.7575,68.0,0.7577,86.0
1753533091460,12:31:31.460,API3/USDT:USDT,0.7572,646.0,0.7571,2147.0,0.7575,68.0,0.7577,86.0
1753533093050,12:31:33.050,API3/USDT:USDT,0.7572,646.0,0.7571,2147.0,0.7575,68.0,0.7577,86.0
1753533093719,12:31:33.719,API3/USDT:USDT,0.7572,646.0,0.7571,2147.0,0.7579,86.0,0.7581,86.0
1753533093750,12:31:33.750,API3/USDT:USDT,0.7572,646.0,0.7571,2147.0,0.7579,86.0,0.7581,86.0
1753533093893,12:31:33.893,API3/USDT:USDT,0.7572,646.0,0.7571,2147.0,0.7579,86.0,0.7581,86.0
1753533094403,12:31:34.403,API3/USDT:USDT,0.7572,646.0,0.7571,2147.0,0.7579,86.0,0.7581,86.0
1753533094713,12:31:34.713,API3/USDT:USDT,0.7572,646.0,0.7571,2147.0,0.7579,86.0,0.7581,86.0
1753533094908,12:31:34.908,API3/USDT:USDT,0.7572,646.0,0.7571,2147.0,0.7579,86.0,0.7581,86.0
1753533094946,12:31:34.946,API3/USDT:USDT,0.7572,646.0,0.7571,2147.0,0.7579,86.0,0.7581,86.0
1753533095119,12:31:35.119,API3/USDT:USDT,0.7572,646.0,0.7571,2147.0,0.7579,86.0,0.7581,86.0
1753533095132,12:31:35.132,API3/USDT:USDT,0.7572,646.0,0.7571,2147.0,0.7579,86.0,0.7581,86.0
1753533095370,12:31:35.370,API3/USDT:USDT,0.7573,271.0,0.7572,646.0,0.7579,86.0,0.7581,86.0
1753533095455,12:31:35.455,API3/USDT:USDT,0.7574,2.0,0.7573,271.0,0.7579,86.0,0.7581,86.0
1753533095689,12:31:35.689,API3/USDT:USDT,0.7575,644.0,0.7574,2145.0,0.7579,86.0,0.7581,86.0
1753533096013,12:31:36.013,API3/USDT:USDT,0.7575,644.0,0.7574,2145.0,0.7579,86.0,0.7581,86.0
1753533096078,12:31:36.078,API3/USDT:USDT,0.7576,2.0,0.7575,646.0,0.7579,86.0,0.7581,86.0
1753533096428,12:31:36.428,API3/USDT:USDT,0.7576,2.0,0.7575,646.0,0.7579,86.0,0.7581,86.0
1753533099203,12:31:39.203,API3/USDT:USDT,0.7576,2.0,0.7575,646.0,0.7579,86.0,0.7581,86.0
1753533099254,12:31:39.254,API3/USDT:USDT,0.7576,2.0,0.7575,646.0,0.7579,86.0,0.7581,86.0
1753533099626,12:31:39.626,API3/USDT:USDT,0.7576,2.0,0.7575,646.0,0.7586,150.0,0.7587,417.0
1753533099693,12:31:39.693,API3/USDT:USDT,0.7576,2.0,0.7575,646.0,0.7587,146.0,0.7589,1056.0
1753533099733,12:31:39.733,API3/USDT:USDT,0.7576,2.0,0.7575,646.0,0.7587,146.0,0.7589,632.0
1753533099925,12:31:39.925,API3/USDT:USDT,0.7577,30.0,0.7576,2.0,0.7581,68.0,0.7582,68.0
1753533099977,12:31:39.977,API3/USDT:USDT,0.7577,30.0,0.7576,2.0,0.758,68.0,0.7582,86.0
1753533100105,12:31:40.105,API3/USDT:USDT,0.7577,30.0,0.7576,2.0,0.758,68.0,0.7582,86.0
1753533101689,12:31:41.689,API3/USDT:USDT,0.7576,2.0,0.7575,646.0,0.7579,68.0,0.7581,86.0
1753533101733,12:31:41.733,API3/USDT:USDT,0.7576,2.0,0.7575,646.0,0.7579,68.0,0.7581,86.0
1753533102152,12:31:42.152,API3/USDT:USDT,0.7576,2.0,0.7575,646.0,0.7579,68.0,0.7581,86.0
1753533102322,12:31:42.322,API3/USDT:USDT,0.7576,2.0,0.7575,646.0,0.7579,68.0,0.7581,86.0
1753533103057,12:31:43.057,API3/USDT:USDT,0.7576,2.0,0.7575,646.0,0.7579,68.0,0.7581,86.0
1753533104009,12:31:44.009,API3/USDT:USDT,0.7576,2.0,0.7575,646.0,0.7579,68.0,0.7581,86.0
1753533104649,12:31:44.649,API3/USDT:USDT,0.7576,2.0,0.7575,646.0,0.7579,68.0,0.7581,86.0
1753533105620,12:31:45.620,API3/USDT:USDT,0.7576,2.0,0.7575,646.0,0.7581,86.0,0.7584,86.0
1753533105689,12:31:45.689,API3/USDT:USDT,0.7576,2.0,0.7575,646.0,0.7581,86.0,0.7584,86.0
1753533105784,12:31:45.784,API3/USDT:USDT,0.7576,2.0,0.7575,646.0,0.7581,86.0,0.7584,86.0
1753533106112,12:31:46.112,API3/USDT:USDT,0.7576,2.0,0.7575,646.0,0.7581,86.0,0.7584,86.0
1753533106509,12:31:46.509,API3/USDT:USDT,0.7576,2.0,0.7575,646.0,0.7581,86.0,0.7584,86.0
1753533107716,12:31:47.716,API3/USDT:USDT,0.7576,2.0,0.7575,646.0,0.7584,86.0,0.7586,86.0
1753533107808,12:31:47.808,API3/USDT:USDT,0.7576,2.0,0.7575,646.0,0.7584,86.0,0.7586,86.0
1753533108803,12:31:48.803,API3/USDT:USDT,0.7576,2.0,0.7575,646.0,0.7584,86.0,0.7586,86.0
1753533109083,12:31:49.083,API3/USDT:USDT,0.7576,2.0,0.7575,646.0,0.7584,86.0,0.7586,86.0
1753533110789,12:31:50.789,API3/USDT:USDT,0.7576,2.0,0.7575,646.0,0.7584,86.0,0.7586,86.0
1753533111278,12:31:51.278,API3/USDT:USDT,0.7576,2.0,0.7575,646.0,0.7584,86.0,0.7586,86.0
1753533111849,12:31:51.849,API3/USDT:USDT,0.7576,2.0,0.7575,646.0,0.7584,86.0,0.7586,86.0
1753533111930,12:31:51.930,API3/USDT:USDT,0.7576,2.0,0.7575,646.0,0.7584,86.0,0.7586,86.0
1753533112248,12:31:52.248,API3/USDT:USDT,0.7576,2.0,0.7575,646.0,0.7584,86.0,0.7586,86.0
1753533113603,12:31:53.603,API3/USDT:USDT,0.7576,2.0,0.7575,646.0,0.7584,86.0,0.7586,86.0
1753533114712,12:31:54.712,API3/USDT:USDT,0.7576,2.0,0.7575,646.0,0.7582,68.0,0.7583,68.0
1753533114770,12:31:54.770,API3/USDT:USDT,0.7576,2.0,0.7575,646.0,0.758,68.0,0.7586,86.0
1753533114892,12:31:54.892,API3/USDT:USDT,0.7576,2.0,0.7575,646.0,0.758,68.0,0.7582,86.0
1753533115099,12:31:55.099,API3/USDT:USDT,0.7576,2.0,0.7575,646.0,0.758,68.0,0.7582,86.0
1753533116484,12:31:56.484,API3/USDT:USDT,0.7576,2.0,0.7575,646.0,0.758,68.0,0.7582,86.0
1753533116719,12:31:56.719,API3/USDT:USDT,0.7576,2.0,0.7575,646.0,0.758,68.0,0.7582,86.0
1753533118405,12:31:58.405,API3/USDT:USDT,0.7576,2.0,0.7575,646.0,0.758,68.0,0.7582,86.0
1753533119120,12:31:59.120,API3/USDT:USDT,0.7576,2.0,0.7575,646.0,0.758,68.0,0.7582,86.0
1753533119301,12:31:59.301,API3/USDT:USDT,0.7576,2.0,0.7575,646.0,0.758,68.0,0.7582,86.0
1753533119542,12:31:59.542,API3/USDT:USDT,0.7576,2.0,0.7575,646.0,0.758,68.0,0.7582,86.0
1753533120426,12:32:00.426,API3/USDT:USDT,0.7576,2.0,0.7575,646.0,0.758,68.0,0.7582,86.0
1753533120515,12:32:00.515,API3/USDT:USDT,0.7576,2.0,0.7575,646.0,0.7577,68.0,0.758,68.0
1753533120614,12:32:00.614,API3/USDT:USDT,0.7576,2.0,0.7575,646.0,0.7577,68.0,0.758,68.0
1753533120637,12:32:00.637,API3/USDT:USDT,0.7576,2.0,0.7575,2.0,0.7577,68.0,0.758,68.0
1753533120795,12:32:00.795,API3/USDT:USDT,0.7575,4.0,0.7574,2143.0,0.7577,68.0,0.758,68.0
1753533120926,12:32:00.926,API3/USDT:USDT,0.7575,4.0,0.7574,2143.0,0.7577,68.0,0.7579,86.0
1753533121541,12:32:01.541,API3/USDT:USDT,0.7575,4.0,0.7574,2143.0,0.7577,68.0,0.7579,86.0
1753533122100,12:32:02.100,API3/USDT:USDT,0.7575,4.0,0.7574,2143.0,0.7577,68.0,0.7579,86.0
1753533122390,12:32:02.390,API3/USDT:USDT,0.7575,4.0,0.7574,2143.0,0.7577,68.0,0.7579,86.0
1753533123084,12:32:03.084,API3/USDT:USDT,0.7575,4.0,0.7574,2143.0,0.7577,68.0,0.7579,86.0
1753533123205,12:32:03.205,API3/USDT:USDT,0.7575,4.0,0.7574,2143.0,0.7577,68.0,0.7579,86.0
1753533124915,12:32:04.915,API3/USDT:USDT,0.7575,4.0,0.7574,2143.0,0.7577,68.0,0.7579,86.0
1753533126778,12:32:06.778,API3/USDT:USDT,0.7575,4.0,0.7574,2143.0,0.7577,68.0,0.7579,86.0
1753533127070,12:32:07.070,API3/USDT:USDT,0.7575,4.0,0.7574,2143.0,0.7577,68.0,0.7579,86.0
1753533128025,12:32:08.025,API3/USDT:USDT,0.7575,4.0,0.7574,2143.0,0.7577,68.0,0.7579,86.0
1753533128041,12:32:08.041,API3/USDT:USDT,0.7575,4.0,0.7574,2143.0,0.7577,68.0,0.7579,86.0
1753533128712,12:32:08.712,API3/USDT:USDT,0.7575,4.0,0.7574,2143.0,0.7577,68.0,0.7579,86.0
1753533128922,12:32:08.922,API3/USDT:USDT,0.7575,4.0,0.7571,2138.0,0.7577,68.0,0.7579,86.0
1753533128974,12:32:08.974,API3/USDT:USDT,0.7572,645.0,0.7571,2138.0,0.7575,68.0,0.7579,86.0
1753533129051,12:32:09.051,API3/USDT:USDT,0.7572,645.0,0.7571,2138.0,0.7575,68.0,0.7577,86.0
1753533129237,12:32:09.237,API3/USDT:USDT,0.7572,645.0,0.7571,2138.0,0.7575,68.0,0.7577,86.0
1753533129850,12:32:09.850,API3/USDT:USDT,0.7573,55.0,0.7572,645.0,0.7577,86.0,0.7579,86.0
1753533130051,12:32:10.051,API3/USDT:USDT,0.7573,55.0,0.7572,645.0,0.7577,86.0,0.7579,86.0
1753533132351,12:32:12.351,API3/USDT:USDT,0.7573,55.0,0.7572,645.0,0.7577,86.0,0.7579,86.0
1753533132479,12:32:12.479,API3/USDT:USDT,0.7573,55.0,0.7572,645.0,0.7577,86.0,0.7579,86.0
1753533132803,12:32:12.803,API3/USDT:USDT,0.7573,55.0,0.7572,645.0,0.7577,86.0,0.7579,86.0
1753533134326,12:32:14.326,API3/USDT:USDT,0.7573,55.0,0.7572,645.0,0.7579,86.0,0.7583,145.0
1753533134332,12:32:14.332,API3/USDT:USDT,0.7573,55.0,0.7572,645.0,0.7581,86.0,0.7583,145.0
1753533134501,12:32:14.501,API3/USDT:USDT,0.7573,55.0,0.7572,645.0,0.7581,86.0,0.7583,145.0
1753533134919,12:32:14.919,API3/USDT:USDT,0.7573,55.0,0.7572,645.0,0.7581,86.0,0.7583,145.0
1753533135416,12:32:15.416,API3/USDT:USDT,0.7573,55.0,0.7572,645.0,0.7581,86.0,0.7583,145.0
1753533135719,12:32:15.719,API3/USDT:USDT,0.7573,55.0,0.7572,645.0,0.7581,86.0,0.7583,145.0
1753533135909,12:32:15.909,API3/USDT:USDT,0.7573,55.0,0.7572,645.0,0.7581,86.0,0.7583,145.0
1753533136011,12:32:16.011,API3/USDT:USDT,0.7572,645.0,0.7571,2138.0,0.7579,68.0,0.758,68.0
1753533136109,12:32:16.109,API3/USDT:USDT,0.7572,645.0,0.7571,2138.0,0.7576,68.0,0.758,86.0
1753533136216,12:32:16.216,API3/USDT:USDT,0.7572,645.0,0.7571,2138.0,0.7576,68.0,0.7578,86.0
1753533137619,12:32:17.619,API3/USDT:USDT,0.7572,645.0,0.7571,2138.0,0.7576,68.0,0.7578,86.0
1753533137779,12:32:17.779,API3/USDT:USDT,0.7572,645.0,0.7571,2138.0,0.7576,68.0,0.7578,86.0
1753533140207,12:32:20.207,API3/USDT:USDT,0.7572,645.0,0.7571,2138.0,0.7578,86.0,0.758,86.0
1753533140250,12:32:20.250,API3/USDT:USDT,0.7572,645.0,0.7571,2138.0,0.7578,86.0,0.758,86.0
1753533140622,12:32:20.622,API3/USDT:USDT,0.7572,645.0,0.7571,2138.0,0.7578,86.0,0.758,86.0
1753533142410,12:32:22.410,API3/USDT:USDT,0.7572,645.0,0.7571,2138.0,0.7578,86.0,0.758,86.0
1753533144977,12:32:24.977,API3/USDT:USDT,0.7572,645.0,0.7571,2138.0,0.7575,68.0,0.758,86.0
1753533145054,12:32:25.054,API3/USDT:USDT,0.7572,645.0,0.7571,2138.0,0.7575,68.0,0.7577,86.0
1753533145142,12:32:25.142,API3/USDT:USDT,0.7572,645.0,0.7571,2138.0,0.7575,68.0,0.7577,86.0
1753533147204,12:32:27.204,API3/USDT:USDT,0.7572,645.0,0.7571,2138.0,0.7575,68.0,0.7577,86.0
1753533147759,12:32:27.759,API3/USDT:USDT,0.7572,645.0,0.7571,2138.0,0.7575,68.0,0.7577,86.0
1753533148118,12:32:28.118,API3/USDT:USDT,0.7572,645.0,0.7571,2138.0,0.7577,86.0,0.7579,86.0
1753533148283,12:32:28.283,API3/USDT:USDT,0.7572,645.0,0.7571,2138.0,0.7577,86.0,0.7579,86.0
1753533148450,12:32:28.450,API3/USDT:USDT,0.7572,645.0,0.7571,2138.0,0.7577,86.0,0.7579,86.0
1753533148708,12:32:28.708,API3/USDT:USDT,0.7572,645.0,0.7571,2138.0,0.7577,86.0,0.7579,86.0
1753533148983,12:32:28.983,API3/USDT:USDT,0.7572,645.0,0.7571,2138.0,0.7577,86.0,0.7579,86.0
1753533149599,12:32:29.599,API3/USDT:USDT,0.7572,645.0,0.7571,2138.0,0.7575,68.0,0.7579,86.0
1753533149649,12:32:29.649,API3/USDT:USDT,0.7572,645.0,0.7571,2138.0,0.7575,68.0,0.7579,86.0
1753533149818,12:32:29.818,API3/USDT:USDT,0.7572,645.0,0.7571,2138.0,0.7575,68.0,0.7577,86.0
1753533149934,12:32:29.934,API3/USDT:USDT,0.7572,645.0,0.7571,2138.0,0.7575,68.0,0.7577,86.0
1753533151084,12:32:31.084,API3/USDT:USDT,0.7572,645.0,0.7571,2138.0,0.7575,68.0,0.7577,86.0
1753533152004,12:32:32.004,API3/USDT:USDT,0.7572,645.0,0.7571,2138.0,0.7575,68.0,0.7577,86.0
1753533152770,12:32:32.770,API3/USDT:USDT,0.7572,645.0,0.7571,2138.0,0.7575,68.0,0.7577,86.0
1753533153161,12:32:33.161,API3/USDT:USDT,0.7572,645.0,0.7571,2138.0,0.7575,68.0,0.7577,86.0
1753533154709,12:32:34.709,API3/USDT:USDT,0.7572,645.0,0.7571,2138.0,0.7575,68.0,0.7577,86.0
1753533154770,12:32:34.770,API3/USDT:USDT,0.7572,645.0,0.7571,2138.0,0.7575,68.0,0.7577,86.0
1753533155003,12:32:35.003,API3/USDT:USDT,0.7572,645.0,0.7571,2138.0,0.7575,68.0,0.7577,86.0
1753533155624,12:32:35.624,API3/USDT:USDT,0.7572,4.0,0.7571,2138.0,0.7573,68.0,0.7577,86.0
1753533155726,12:32:35.726,API3/USDT:USDT,0.7572,4.0,0.7571,2138.0,0.7573,68.0,0.7575,86.0
1753533155805,12:32:35.805,API3/USDT:USDT,0.7572,4.0,0.7571,2138.0,0.7573,68.0,0.7575,86.0
1753533156006,12:32:36.006,API3/USDT:USDT,0.7572,4.0,0.7571,2138.0,0.7573,68.0,0.7575,86.0
1753533156490,12:32:36.490,API3/USDT:USDT,0.7572,4.0,0.7571,2138.0,0.7575,86.0,0.7577,86.0
1753533156692,12:32:36.692,API3/USDT:USDT,0.7572,4.0,0.7571,2138.0,0.7575,86.0,0.7577,86.0
1753533156823,12:32:36.823,API3/USDT:USDT,0.7572,4.0,0.7571,2138.0,0.7575,86.0,0.7577,86.0
1753533157241,12:32:37.241,API3/USDT:USDT,0.7572,4.0,0.7571,2138.0,0.7575,86.0,0.7577,86.0
1753533157869,12:32:37.869,API3/USDT:USDT,0.7572,4.0,0.7571,2138.0,0.7575,86.0,0.7577,86.0
1753533159750,12:32:39.750,API3/USDT:USDT,0.7572,4.0,0.7571,2138.0,0.7575,86.0,0.7577,86.0
1753533161129,12:32:41.129,API3/USDT:USDT,0.7572,4.0,0.7571,2138.0,0.7575,86.0,0.7577,86.0
1753533161490,12:32:41.490,API3/USDT:USDT,0.7572,645.0,0.7571,2138.0,0.7575,86.0,0.7577,86.0
1753533161604,12:32:41.604,API3/USDT:USDT,0.7572,645.0,0.7571,2138.0,0.7575,86.0,0.7577,86.0
1753533162271,12:32:42.271,API3/USDT:USDT,0.7572,4.0,0.757,722.0,0.7573,68.0,0.7575,86.0
1753533162388,12:32:42.388,API3/USDT:USDT,0.7571,2.0,0.757,724.0,0.7572,68.0,0.7575,86.0
1753533162509,12:32:42.509,API3/USDT:USDT,0.7571,2.0,0.757,724.0,0.7572,68.0,0.7574,85.0
1753533163689,12:32:43.689,API3/USDT:USDT,0.7571,2.0,0.757,724.0,0.7574,85.0,0.7576,85.0
1753533164101,12:32:44.101,API3/USDT:USDT,0.7571,2.0,0.757,724.0,0.7574,85.0,0.7576,85.0
1753533166405,12:32:46.405,API3/USDT:USDT,0.7571,2.0,0.757,724.0,0.7574,85.0,0.7576,85.0
1753533166443,12:32:46.443,API3/USDT:USDT,0.7571,2.0,0.757,724.0,0.7574,85.0,0.7576,85.0
1753533167025,12:32:47.025,API3/USDT:USDT,0.7571,2.0,0.757,724.0,0.7576,85.0,0.7581,144.0
1753533167050,12:32:47.050,API3/USDT:USDT,0.7571,2.0,0.757,724.0,0.7576,85.0,0.7578,85.0
1753533167324,12:32:47.324,API3/USDT:USDT,0.7571,2.0,0.757,724.0,0.7576,85.0,0.7578,85.0
1753533169232,12:32:49.232,API3/USDT:USDT,0.7572,54.0,0.7571,2.0,0.7576,85.0,0.7578,85.0
1753533169344,12:32:49.344,API3/USDT:USDT,0.7572,54.0,0.7571,2.0,0.7576,85.0,0.7578,85.0
1753533171205,12:32:51.205,API3/USDT:USDT,0.7572,54.0,0.7571,2.0,0.7576,85.0,0.7578,85.0
1753533174716,12:32:54.716,API3/USDT:USDT,0.7572,54.0,0.7571,2.0,0.7573,68.0,0.7576,85.0
1753533174753,12:32:54.753,API3/USDT:USDT,0.7572,54.0,0.7571,2.0,0.7573,68.0,0.7575,85.0
1753533174856,12:32:54.856,API3/USDT:USDT,0.7572,54.0,0.7571,2.0,0.7573,68.0,0.7575,85.0
1753533174998,12:32:54.998,API3/USDT:USDT,0.7572,54.0,0.7571,2.0,0.7573,68.0,0.7575,85.0
1753533176005,12:32:56.005,API3/USDT:USDT,0.7572,54.0,0.7571,2.0,0.7573,68.0,0.7575,85.0
1753533179424,12:32:59.424,API3/USDT:USDT,0.7571,2.0,0.757,724.0,0.7572,68.0,0.7575,85.0
1753533179522,12:32:59.522,API3/USDT:USDT,0.7571,2.0,0.757,724.0,0.7572,68.0,0.7574,85.0
1753533179548,12:32:59.548,API3/USDT:USDT,0.7571,2.0,0.757,724.0,0.7572,68.0,0.7574,85.0
1753533180805,12:33:00.805,API3/USDT:USDT,0.7571,2.0,0.757,724.0,0.7572,68.0,0.7574,85.0
1753533181110,12:33:01.110,API3/USDT:USDT,0.7571,2.0,0.757,724.0,0.7572,68.0,0.7574,85.0
1753533181212,12:33:01.212,API3/USDT:USDT,0.7571,2.0,0.757,2.0,0.7572,68.0,0.7574,85.0
1753533181239,12:33:01.239,API3/USDT:USDT,0.757,4.0,0.7569,2408.0,0.7572,68.0,0.7574,85.0
1753533181398,12:33:01.398,API3/USDT:USDT,0.757,4.0,0.7569,2408.0,0.7572,68.0,0.7574,85.0
1753533182674,12:33:02.674,API3/USDT:USDT,0.757,4.0,0.7569,2408.0,0.7572,68.0,0.7574,85.0
1753533182867,12:33:02.867,API3/USDT:USDT,0.757,4.0,0.7569,2408.0,0.7572,68.0,0.7574,85.0
1753533183079,12:33:03.079,API3/USDT:USDT,0.757,4.0,0.7569,2408.0,0.7572,68.0,0.7574,85.0
1753533183409,12:33:03.409,API3/USDT:USDT,0.757,4.0,0.7569,271.0,0.7572,68.0,0.7574,85.0
1753533183440,12:33:03.440,API3/USDT:USDT,0.757,2.0,0.7569,271.0,0.7572,68.0,0.7574,85.0
1753533183944,12:33:03.944,API3/USDT:USDT,0.757,2.0,0.7569,271.0,0.7572,68.0,0.7574,85.0
1753533184098,12:33:04.098,API3/USDT:USDT,0.757,2.0,0.7569,271.0,0.7572,68.0,0.7574,85.0
1753533185610,12:33:05.610,API3/USDT:USDT,0.757,2.0,0.7569,271.0,0.7572,68.0,0.7574,85.0
1753533185710,12:33:05.710,API3/USDT:USDT,0.757,2.0,0.7569,271.0,0.7572,68.0,0.7574,85.0
1753533185749,12:33:05.749,API3/USDT:USDT,0.757,2.0,0.7569,271.0,0.7572,68.0,0.7574,85.0
1753533188944,12:33:08.944,API3/USDT:USDT,0.757,2.0,0.7569,271.0,0.7572,68.0,0.7574,85.0
1753533189473,12:33:09.473,API3/USDT:USDT,0.757,2.0,0.7569,271.0,0.7572,68.0,0.7574,85.0
1753533190405,12:33:10.405,API3/USDT:USDT,0.757,2.0,0.7569,271.0,0.7572,68.0,0.7574,85.0
1753533190746,12:33:10.746,API3/USDT:USDT,0.757,2.0,0.7569,271.0,0.7574,85.0,0.7576,85.0
1753533190944,12:33:10.944,API3/USDT:USDT,0.757,2.0,0.7569,271.0,0.7574,85.0,0.7576,85.0
1753533191159,12:33:11.159,API3/USDT:USDT,0.757,2.0,0.7569,271.0,0.7574,85.0,0.7576,85.0
1753533194624,12:33:14.624,API3/USDT:USDT,0.757,2.0,0.7569,271.0,0.7571,68.0,0.7573,68.0
1753533194724,12:33:14.724,API3/USDT:USDT,0.757,2.0,0.7569,271.0,0.7571,68.0,0.7573,68.0
1753533194794,12:33:14.794,API3/USDT:USDT,0.757,2.0,0.7569,271.0,0.7571,68.0,0.7573,68.0
1753533194973,12:33:14.973,API3/USDT:USDT,0.757,2.0,0.7569,271.0,0.7571,68.0,0.7573,68.0
1753533195205,12:33:15.205,API3/USDT:USDT,0.757,2.0,0.7569,271.0,0.7571,68.0,0.7573,68.0
1753533197290,12:33:17.290,API3/USDT:USDT,0.757,2.0,0.7569,271.0,0.7573,68.0,0.7575,85.0
1753533197332,12:33:17.332,API3/USDT:USDT,0.757,2.0,0.7569,271.0,0.7573,68.0,0.7575,85.0
1753533197626,12:33:17.626,API3/USDT:USDT,0.757,2.0,0.7569,271.0,0.7573,68.0,0.7575,85.0
1753533198006,12:33:18.006,API3/USDT:USDT,0.757,2.0,0.7569,271.0,0.7573,68.0,0.7575,85.0
1753533199614,12:33:19.614,API3/USDT:USDT,0.757,2.0,0.7569,271.0,0.7573,68.0,0.7575,85.0
1753533199638,12:33:19.638,API3/USDT:USDT,0.757,2.0,0.7569,271.0,0.7573,68.0,0.7575,85.0
1753533200009,12:33:20.009,API3/USDT:USDT,0.757,2.0,0.7569,271.0,0.7573,68.0,0.7575,85.0
1753533200030,12:33:20.030,API3/USDT:USDT,0.757,2.0,0.7569,271.0,0.7573,68.0,0.7575,85.0
1753533204805,12:33:24.805,API3/USDT:USDT,0.757,2.0,0.7569,271.0,0.7573,68.0,0.7575,85.0
1753533206766,12:33:26.766,API3/USDT:USDT,0.757,2.0,0.7569,271.0,0.7575,85.0,0.7577,85.0
1753533206914,12:33:26.914,API3/USDT:USDT,0.757,2.0,0.7569,271.0,0.7575,85.0,0.7577,85.0
1753533209606,12:33:29.606,API3/USDT:USDT,0.757,2.0,0.7569,271.0,0.7575,85.0,0.7577,85.0
1753533209704,12:33:29.704,API3/USDT:USDT,0.757,2.0,0.7569,271.0,0.7575,85.0,0.7577,85.0
1753533210709,12:33:30.709,API3/USDT:USDT,0.757,2.0,0.7569,271.0,0.7575,85.0,0.7577,85.0
1753533211009,12:33:31.009,API3/USDT:USDT,0.757,2.0,0.7569,271.0,0.7575,85.0,0.7577,85.0
1753533211190,12:33:31.190,API3/USDT:USDT,0.757,2.0,0.7569,271.0,0.7575,85.0,0.7577,85.0
1753533213149,12:33:33.149,API3/USDT:USDT,0.757,2.0,0.7569,271.0,0.7575,85.0,0.7577,85.0
1753533214013,12:33:34.013,API3/USDT:USDT,0.757,2.0,0.7569,271.0,0.7575,85.0,0.7577,85.0
1753533214407,12:33:34.407,API3/USDT:USDT,0.757,2.0,0.7569,271.0,0.7575,85.0,0.7577,85.0
1753533216110,12:33:36.110,API3/USDT:USDT,0.757,2.0,0.7569,271.0,0.7575,85.0,0.7577,85.0
1753533218002,12:33:38.002,API3/USDT:USDT,0.757,2.0,0.7568,438.0,0.7571,68.0,0.7574,85.0
1753533218070,12:33:38.070,API3/USDT:USDT,0.7569,2.0,0.7568,438.0,0.757,68.0,0.7574,85.0
1753533218214,12:33:38.214,API3/USDT:USDT,0.7569,2.0,0.7568,438.0,0.757,68.0,0.7572,85.0
1753533218326,12:33:38.326,API3/USDT:USDT,0.7569,2.0,0.7568,438.0,0.757,68.0,0.7572,85.0
1753533218411,12:33:38.411,API3/USDT:USDT,0.7569,2.0,0.7568,438.0,0.757,68.0,0.7572,85.0
1753533219206,12:33:39.206,API3/USDT:USDT,0.7569,2.0,0.7568,438.0,0.757,68.0,0.7572,85.0
1753533219476,12:33:39.476,API3/USDT:USDT,0.7569,2.0,0.7568,438.0,0.757,68.0,0.7572,85.0
1753533219816,12:33:39.816,API3/USDT:USDT,0.7569,2.0,0.7568,438.0,0.757,68.0,0.7572,85.0
1753533219855,12:33:39.855,API3/USDT:USDT,0.7569,2.0,0.7568,438.0,0.757,68.0,0.7572,85.0
1753533220187,12:33:40.187,API3/USDT:USDT,0.7569,2.0,0.7568,438.0,0.7572,85.0,0.7579,148.0
1753533220294,12:33:40.294,API3/USDT:USDT,0.7569,2.0,0.7568,438.0,0.7572,85.0,0.7574,85.0
1753533220708,12:33:40.708,API3/USDT:USDT,0.7569,2.0,0.7568,438.0,0.7572,85.0,0.7574,85.0
1753533222309,12:33:42.309,API3/USDT:USDT,0.7569,2.0,0.7568,438.0,0.7572,85.0,0.7574,85.0
1753533222535,12:33:42.535,API3/USDT:USDT,0.7569,2.0,0.7568,438.0,0.7572,85.0,0.7574,85.0
1753533224006,12:33:44.006,API3/USDT:USDT,0.7569,2.0,0.7568,438.0,0.7572,85.0,0.7574,85.0
1753533225005,12:33:45.005,API3/USDT:USDT,0.7569,2.0,0.7568,438.0,0.7572,85.0,0.7574,85.0
1753533225625,12:33:45.625,API3/USDT:USDT,0.7569,2.0,0.7568,438.0,0.7572,85.0,0.7574,85.0
1753533225637,12:33:45.637,API3/USDT:USDT,0.7569,2.0,0.7568,438.0,0.7572,85.0,0.7574,85.0
1753533226089,12:33:46.089,API3/USDT:USDT,0.7569,2.0,0.7568,709.0,0.7574,85.0,0.7576,85.0
1753533226159,12:33:46.159,API3/USDT:USDT,0.7569,2.0,0.7568,709.0,0.7574,85.0,0.7576,85.0
1753533226345,12:33:46.345,API3/USDT:USDT,0.7569,2.0,0.7568,709.0,0.7574,85.0,0.7576,85.0
1753533228806,12:33:48.806,API3/USDT:USDT,0.7569,2.0,0.7568,709.0,0.7574,85.0,0.7576,85.0
1753533229172,12:33:49.172,API3/USDT:USDT,0.7569,2.0,0.7568,709.0,0.7574,85.0,0.7576,85.0
1753533230700,12:33:50.700,API3/USDT:USDT,0.7569,2.0,0.7568,709.0,0.7574,85.0,0.7576,85.0
1753533233606,12:33:53.606,API3/USDT:USDT,0.7569,2.0,0.7568,709.0,0.7574,85.0,0.7576,85.0
1753533234716,12:33:54.716,API3/USDT:USDT,0.7569,2.0,0.7568,709.0,0.7572,68.0,0.7573,68.0
1753533234826,12:33:54.826,API3/USDT:USDT,0.7569,2.0,0.7568,709.0,0.7571,68.0,0.7574,85.0
1753533234845,12:33:54.845,API3/USDT:USDT,0.7569,2.0,0.7568,709.0,0.7571,68.0,0.7574,85.0
1753533238410,12:33:58.410,API3/USDT:USDT,0.7569,2.0,0.7568,709.0,0.7571,68.0,0.7574,85.0
1753533238458,12:33:58.458,API3/USDT:USDT,0.7569,2.0,0.7568,709.0,0.7571,68.0,0.7574,85.0
1753533239596,12:33:59.596,API3/USDT:USDT,0.7569,2.0,0.7568,709.0,0.7571,68.0,0.7574,85.0
1753533243208,12:34:03.208,API3/USDT:USDT,0.7569,2.0,0.7568,709.0,0.7571,68.0,0.7574,85.0
1753533246120,12:34:06.120,API3/USDT:USDT,0.7569,2.0,0.7568,709.0,0.7574,85.0,0.7576,84.0
1753533246148,12:34:06.148,API3/USDT:USDT,0.7569,2.0,0.7568,709.0,0.7574,85.0,0.7576,84.0
1753533248007,12:34:08.007,API3/USDT:USDT,0.7569,2.0,0.7568,709.0,0.7574,85.0,0.7576,84.0
1753533251234,12:34:11.234,API3/USDT:USDT,0.7569,2.0,0.7568,709.0,0.7574,85.0,0.7576,84.0
1753533252175,12:34:12.175,API3/USDT:USDT,0.7569,2.0,0.7568,709.0,0.7574,85.0,0.7576,84.0
1753533252807,12:34:12.807,API3/USDT:USDT,0.7569,2.0,0.7568,709.0,0.7574,85.0,0.7576,84.0
1753533256749,12:34:16.749,API3/USDT:USDT,0.7569,2.0,0.7568,709.0,0.7574,85.0,0.7576,84.0
1753533256852,12:34:16.852,API3/USDT:USDT,0.7569,2.0,0.7568,438.0,0.7574,85.0,0.7576,84.0
1753533257608,12:34:17.608,API3/USDT:USDT,0.7569,2.0,0.7568,438.0,0.7574,85.0,0.7576,84.0
1753533258353,12:34:18.353,API3/USDT:USDT,0.7569,2.0,0.7568,438.0,0.7574,85.0,0.7576,84.0
1753533259717,12:34:19.717,API3/USDT:USDT,0.7569,2.0,0.7568,438.0,0.757,68.0,0.7572,84.0
1753533259790,12:34:19.790,API3/USDT:USDT,0.7569,2.0,0.7568,438.0,0.757,68.0,0.7572,84.0
1753533259881,12:34:19.881,API3/USDT:USDT,0.7569,2.0,0.7568,438.0,0.757,68.0,0.7572,84.0
1753533260725,12:34:20.725,API3/USDT:USDT,0.7569,2.0,0.7568,438.0,0.7572,84.0,0.7579,148.0
1753533260778,12:34:20.778,API3/USDT:USDT,0.7569,2.0,0.7568,438.0,0.7572,84.0,0.7574,84.0
1753533261107,12:34:21.107,API3/USDT:USDT,0.7569,2.0,0.7568,438.0,0.7572,84.0,0.7574,84.0
1753533261706,12:34:21.706,API3/USDT:USDT,0.7569,2.0,0.7568,438.0,0.7572,84.0,0.7574,84.0
1753533262409,12:34:22.409,API3/USDT:USDT,0.7569,2.0,0.7568,438.0,0.7572,84.0,0.7574,84.0
1753533262430,12:34:22.430,API3/USDT:USDT,0.7569,2.0,0.7568,438.0,0.7572,84.0,0.7574,84.0
1753533265187,12:34:25.187,API3/USDT:USDT,0.7569,2.0,0.7568,438.0,0.7572,84.0,0.7574,84.0
1753533265716,12:34:25.716,API3/USDT:USDT,0.7569,2.0,0.7568,438.0,0.7572,84.0,0.7574,84.0
1753533265730,12:34:25.730,API3/USDT:USDT,0.7569,2.0,0.7568,438.0,0.7572,84.0,0.7574,84.0
1753533267207,12:34:27.207,API3/USDT:USDT,0.7569,2.0,0.7568,438.0,0.7572,84.0,0.7574,84.0
1753533267575,12:34:27.575,API3/USDT:USDT,0.7569,2.0,0.7568,438.0,0.7572,84.0,0.7574,84.0
1753533269020,12:34:29.020,API3/USDT:USDT,0.7569,2.0,0.7568,438.0,0.757,68.0,0.7571,68.0
1753533269055,12:34:29.055,API3/USDT:USDT,0.7569,2.0,0.7568,438.0,0.757,68.0,0.7572,84.0
1753533269143,12:34:29.143,API3/USDT:USDT,0.7569,2.0,0.7568,2.0,0.757,68.0,0.7572,84.0
1753533269238,12:34:29.238,API3/USDT:USDT,0.7568,4.0,0.7567,2135.0,0.757,68.0,0.7572,84.0
1753533270775,12:34:30.775,API3/USDT:USDT,0.7568,4.0,0.7567,2135.0,0.757,68.0,0.7572,84.0
1753533271519,12:34:31.519,API3/USDT:USDT,0.7568,4.0,0.7567,2135.0,0.757,68.0,0.7572,84.0
1753533272019,12:34:32.019,API3/USDT:USDT,0.7568,4.0,0.7567,2135.0,0.757,68.0,0.7572,84.0
1753533274114,12:34:34.114,API3/USDT:USDT,0.7568,4.0,0.7567,2135.0,0.757,68.0,0.7572,84.0
1753533274148,12:34:34.148,API3/USDT:USDT,0.7568,4.0,0.7567,2135.0,0.757,68.0,0.7572,84.0
1753533274410,12:34:34.410,API3/USDT:USDT,0.7568,4.0,0.7567,2135.0,0.757,68.0,0.7572,84.0
1753533274544,12:34:34.544,API3/USDT:USDT,0.7568,4.0,0.7567,2135.0,0.7572,84.0,0.7574,84.0
1753533274649,12:34:34.649,API3/USDT:USDT,0.7568,4.0,0.7567,2135.0,0.7572,84.0,0.7574,84.0
1753533274873,12:34:34.873,API3/USDT:USDT,0.7568,4.0,0.7567,2135.0,0.7572,84.0,0.7574,84.0
1753533275293,12:34:35.293,API3/USDT:USDT,0.7568,4.0,0.7567,2135.0,0.7572,84.0,0.7574,84.0
1753533275690,12:34:35.690,API3/USDT:USDT,0.7568,4.0,0.7567,2135.0,0.7572,84.0,0.7574,84.0
1753533276807,12:34:36.807,API3/USDT:USDT,0.7568,4.0,0.7567,2135.0,0.7572,84.0,0.7574,84.0
1753533278198,12:34:38.198,API3/USDT:USDT,0.7568,4.0,0.7567,2135.0,0.7572,84.0,0.7574,84.0
1753533280926,12:34:40.926,API3/USDT:USDT,0.7568,4.0,0.7567,2135.0,0.7569,68.0,0.7571,68.0
1753533280988,12:34:40.988,API3/USDT:USDT,0.7568,4.0,0.7567,2135.0,0.7569,68.0,0.7571,68.0
1753533281116,12:34:41.116,API3/USDT:USDT,0.7568,4.0,0.7567,2135.0,0.7569,68.0,0.7571,68.0
1753533281235,12:34:41.235,API3/USDT:USDT,0.7568,4.0,0.7567,2135.0,0.7569,68.0,0.7571,68.0
1753533281518,12:34:41.518,API3/USDT:USDT,0.7568,4.0,0.7567,2135.0,0.7569,68.0,0.7571,68.0
1753533281609,12:34:41.609,API3/USDT:USDT,0.7568,4.0,0.7567,2135.0,0.7569,68.0,0.7571,68.0
1753533281637,12:34:41.637,API3/USDT:USDT,0.7568,4.0,0.7567,2135.0,0.7571,68.0,0.7576,147.0
1753533281765,12:34:41.765,API3/USDT:USDT,0.7568,4.0,0.7567,2135.0,0.7571,68.0,0.7574,84.0
1753533281964,12:34:41.964,API3/USDT:USDT,0.7568,4.0,0.7567,2135.0,0.7571,68.0,0.7574,84.0
1753533282383,12:34:42.383,API3/USDT:USDT,0.7568,4.0,0.7567,2135.0,0.7571,68.0,0.7574,84.0
1753533285484,12:34:45.484,API3/USDT:USDT,0.7568,4.0,0.7567,2135.0,0.7571,68.0,0.7574,84.0
1753533286408,12:34:46.408,API3/USDT:USDT,0.7568,4.0,0.7567,2135.0,0.7571,68.0,0.7574,84.0
1753533290317,12:34:50.317,API3/USDT:USDT,0.7568,4.0,0.7566,15.0,0.7569,68.0,0.7571,84.0
1753533290406,12:34:50.406,API3/USDT:USDT,0.7566,653.0,0.7565,2127.0,0.7569,68.0,0.7571,84.0
1753533290435,12:34:50.435,API3/USDT:USDT,0.7567,2.0,0.7566,653.0,0.7569,68.0,0.7571,84.0
1753533290534,12:34:50.534,API3/USDT:USDT,0.7567,2.0,0.7566,655.0,0.7569,68.0,0.7571,84.0
1753533291210,12:34:51.210,API3/USDT:USDT,0.7567,2.0,0.7566,655.0,0.7569,68.0,0.7571,84.0
1753533291231,12:34:51.231,API3/USDT:USDT,0.7567,2.0,0.7566,655.0,0.7569,68.0,0.7571,84.0
1753533291330,12:34:51.330,API3/USDT:USDT,0.7567,2.0,0.7566,655.0,0.7569,68.0,0.7571,84.0
1753533292519,12:34:52.519,API3/USDT:USDT,0.7567,2.0,0.7566,655.0,0.7569,68.0,0.7571,84.0
1753533295006,12:34:55.006,API3/USDT:USDT,0.7567,2.0,0.7566,655.0,0.7571,84.0,0.7578,262.0
1753533295049,12:34:55.049,API3/USDT:USDT,0.7567,2.0,0.7566,655.0,0.7571,84.0,0.7578,262.0
1753533295274,12:34:55.274,API3/USDT:USDT,0.7567,2.0,0.7566,655.0,0.7571,84.0,0.7574,84.0
1753533296008,12:34:56.008,API3/USDT:USDT,0.7567,2.0,0.7566,655.0,0.7571,84.0,0.7574,84.0
1753533296616,12:34:56.616,API3/USDT:USDT,0.7567,2.0,0.7566,655.0,0.7574,84.0,0.7576,84.0
1753533296649,12:34:56.649,API3/USDT:USDT,0.7567,2.0,0.7566,655.0,0.7574,84.0,0.7576,84.0
1753533296897,12:34:56.897,API3/USDT:USDT,0.7567,2.0,0.7566,655.0,0.7574,84.0,0.7576,84.0
1753533297574,12:34:57.574,API3/USDT:USDT,0.7567,2.0,0.7566,655.0,0.7574,84.0,0.7576,84.0
1753533297715,12:34:57.715,API3/USDT:USDT,0.7567,2.0,0.7566,655.0,0.7574,84.0,0.7576,84.0
1753533298557,12:34:58.557,API3/USDT:USDT,0.7567,2.0,0.7566,655.0,0.7574,84.0,0.7576,84.0
1753533299325,12:34:59.325,API3/USDT:USDT,0.7569,271.0,0.7568,421.0,0.7576,84.0,0.7578,84.0
1753533299410,12:34:59.410,API3/USDT:USDT,0.757,2.0,0.7569,271.0,0.7574,68.0,0.7576,84.0
1753533299491,12:34:59.491,API3/USDT:USDT,0.757,2.0,0.7569,271.0,0.7574,68.0,0.7576,84.0
1753533299671,12:34:59.671,API3/USDT:USDT,0.757,721.0,0.7569,2395.0,0.7574,68.0,0.7576,84.0
1753533299755,12:34:59.755,API3/USDT:USDT,0.757,723.0,0.7569,2395.0,0.7574,68.0,0.7576,84.0
1753533300117,12:35:00.117,API3/USDT:USDT,0.757,723.0,0.7569,2395.0,0.7576,84.0,0.758,262.0
1753533300172,12:35:00.172,API3/USDT:USDT,0.757,723.0,0.7569,2395.0,0.7576,84.0,0.7578,84.0
1753533300511,12:35:00.511,API3/USDT:USDT,0.757,723.0,0.7569,2395.0,0.7576,84.0,0.7578,84.0
1753533300588,12:35:00.588,API3/USDT:USDT,0.757,723.0,0.7569,2395.0,0.7576,84.0,0.7578,84.0
1753533300809,12:35:00.809,API3/USDT:USDT,0.757,723.0,0.7569,2395.0,0.7576,84.0,0.7578,84.0
1753533300830,12:35:00.830,API3/USDT:USDT,0.757,723.0,0.7569,2395.0,0.7576,84.0,0.7578,84.0
1753533301409,12:35:01.409,API3/USDT:USDT,0.757,723.0,0.7569,2395.0,0.7576,84.0,0.7578,84.0
1753533301430,12:35:01.430,API3/USDT:USDT,0.757,723.0,0.7569,2395.0,0.7576,84.0,0.7578,84.0
1753533302654,12:35:02.654,API3/USDT:USDT,0.757,723.0,0.7569,2395.0,0.7576,84.0,0.7578,84.0
1753533303582,12:35:03.582,API3/USDT:USDT,0.757,723.0,0.7569,2395.0,0.7576,84.0,0.7578,84.0
1753533303629,12:35:03.629,API3/USDT:USDT,0.757,723.0,0.7569,2395.0,0.7576,84.0,0.7578,84.0
1753533303765,12:35:03.765,API3/USDT:USDT,0.757,723.0,0.7569,2395.0,0.7576,84.0,0.7578,84.0
1753533303965,12:35:03.965,API3/USDT:USDT,0.757,723.0,0.7569,2395.0,0.7576,84.0,0.7578,84.0
1753533304216,12:35:04.216,API3/USDT:USDT,0.757,723.0,0.7569,2395.0,0.7576,84.0,0.7578,84.0
1753533304230,12:35:04.230,API3/USDT:USDT,0.757,723.0,0.7569,2395.0,0.7576,84.0,0.7578,84.0
1753533305609,12:35:05.609,API3/USDT:USDT,0.757,723.0,0.7569,2395.0,0.7576,84.0,0.7578,84.0
1753533305857,12:35:05.857,API3/USDT:USDT,0.757,723.0,0.7569,2395.0,0.7576,84.0,0.7578,84.0
1753533306270,12:35:06.270,API3/USDT:USDT,0.757,723.0,0.7569,2395.0,0.7576,84.0,0.7578,84.0
1753533308089,12:35:08.089,API3/USDT:USDT,0.757,723.0,0.7569,2395.0,0.7576,84.0,0.7578,84.0
1753533308584,12:35:08.584,API3/USDT:USDT,0.757,723.0,0.7569,2395.0,0.7576,84.0,0.7578,84.0
1753533310408,12:35:10.408,API3/USDT:USDT,0.757,723.0,0.7569,2395.0,0.7576,84.0,0.7578,84.0
1753533312069,12:35:12.069,API3/USDT:USDT,0.757,723.0,0.7569,2395.0,0.7576,84.0,0.7578,84.0
1753533315209,12:35:15.209,API3/USDT:USDT,0.757,723.0,0.7569,2395.0,0.7576,84.0,0.7578,84.0
1753533317849,12:35:17.849,API3/USDT:USDT,0.757,723.0,0.7569,2395.0,0.7576,84.0,0.7578,84.0
1753533320010,12:35:20.010,API3/USDT:USDT,0.757,723.0,0.7569,2395.0,0.7576,84.0,0.7578,84.0
1753533320031,12:35:20.031,API3/USDT:USDT,0.757,723.0,0.7569,2395.0,0.7576,84.0,0.7578,84.0
1753533323710,12:35:23.710,API3/USDT:USDT,0.757,723.0,0.7569,2395.0,0.7573,68.0,0.7574,68.0
1753533323787,12:35:23.787,API3/USDT:USDT,0.757,723.0,0.7569,2395.0,0.7573,68.0,0.7575,84.0
1753533323839,12:35:23.839,API3/USDT:USDT,0.757,723.0,0.7569,2395.0,0.7573,68.0,0.7575,84.0
1753533323957,12:35:23.957,API3/USDT:USDT,0.757,723.0,0.7569,2395.0,0.7573,68.0,0.7575,84.0
1753533324808,12:35:24.808,API3/USDT:USDT,0.757,723.0,0.7569,2395.0,0.7573,68.0,0.7575,84.0
1753533326085,12:35:26.085,API3/USDT:USDT,0.7571,54.0,0.757,723.0,0.7573,68.0,0.7575,84.0
1753533326385,12:35:26.385,API3/USDT:USDT,0.7571,54.0,0.757,723.0,0.7573,68.0,0.7575,84.0
1753533326799,12:35:26.799,API3/USDT:USDT,0.7571,54.0,0.757,723.0,0.7573,68.0,0.7575,84.0
1753533326849,12:35:26.849,API3/USDT:USDT,0.757,723.0,0.7569,2395.0,0.7573,68.0,0.7575,84.0
1753533327215,12:35:27.215,API3/USDT:USDT,0.757,723.0,0.7569,2395.0,0.7573,68.0,0.7575,84.0
1753533327629,12:35:27.629,API3/USDT:USDT,0.757,723.0,0.7569,2395.0,0.7573,68.0,0.7575,84.0
1753533328670,12:35:28.670,API3/USDT:USDT,0.7571,54.0,0.757,723.0,0.7573,68.0,0.7575,84.0
1753533329449,12:35:29.449,API3/USDT:USDT,0.7571,54.0,0.757,723.0,0.7573,68.0,0.7575,84.0
1753533329608,12:35:29.608,API3/USDT:USDT,0.7571,54.0,0.757,723.0,0.7573,68.0,0.7575,84.0
1753533329633,12:35:29.633,API3/USDT:USDT,0.757,723.0,0.7569,2395.0,0.7573,68.0,0.7575,84.0
1753533330052,12:35:30.052,API3/USDT:USDT,0.757,723.0,0.7569,2395.0,0.7573,68.0,0.7575,84.0
1753533330231,12:35:30.231,API3/USDT:USDT,0.757,723.0,0.7569,2395.0,0.7573,68.0,0.7575,84.0
1753533330463,12:35:30.463,API3/USDT:USDT,0.757,723.0,0.7569,2395.0,0.7573,68.0,0.7575,84.0
1753533332540,12:35:32.540,API3/USDT:USDT,0.757,723.0,0.7569,2395.0,0.7575,84.0,0.7577,84.0
1753533332694,12:35:32.694,API3/USDT:USDT,0.757,723.0,0.7569,2395.0,0.7575,84.0,0.7577,84.0
1753533332824,12:35:32.824,API3/USDT:USDT,0.757,723.0,0.7569,2395.0,0.7577,84.0,0.7579,84.0
1753533332884,12:35:32.884,API3/USDT:USDT,0.757,723.0,0.7569,2395.0,0.7577,84.0,0.7579,84.0
1753533333885,12:35:33.885,API3/USDT:USDT,0.757,723.0,0.7569,2395.0,0.7577,84.0,0.7579,84.0
1753533334122,12:35:34.122,API3/USDT:USDT,0.757,723.0,0.7569,2395.0,0.7577,84.0,0.7579,84.0
1753533334150,12:35:34.150,API3/USDT:USDT,0.757,723.0,0.7569,2395.0,0.7577,84.0,0.7579,84.0
1753533334409,12:35:34.409,API3/USDT:USDT,0.757,723.0,0.7569,2395.0,0.7577,84.0,0.7579,84.0
1753533335468,12:35:35.468,API3/USDT:USDT,0.757,723.0,0.7569,2395.0,0.7577,84.0,0.7579,84.0
1753533335724,12:35:35.724,API3/USDT:USDT,0.757,723.0,0.7569,2395.0,0.7577,84.0,0.7579,84.0
1753533337826,12:35:37.826,API3/USDT:USDT,0.7571,77.0,0.757,723.0,0.7576,68.0,0.7577,84.0
1753533337870,12:35:37.870,API3/USDT:USDT,0.7571,77.0,0.757,723.0,0.7574,68.0,0.7576,84.0
1753533337969,12:35:37.969,API3/USDT:USDT,0.7571,77.0,0.757,723.0,0.7574,68.0,0.7576,84.0
1753533338149,12:35:38.149,API3/USDT:USDT,0.7571,77.0,0.757,723.0,0.7574,68.0,0.7576,84.0
1753533338383,12:35:38.383,API3/USDT:USDT,0.7571,77.0,0.757,723.0,0.7576,84.0,0.7578,84.0
1753533338495,12:35:38.495,API3/USDT:USDT,0.757,723.0,0.7569,2395.0,0.7576,84.0,0.7578,84.0
1753533338602,12:35:38.602,API3/USDT:USDT,0.757,723.0,0.7569,2395.0,0.7576,84.0,0.7578,84.0
1753533339209,12:35:39.209,API3/USDT:USDT,0.757,723.0,0.7569,2395.0,0.7576,84.0,0.7578,84.0
1753533339420,12:35:39.420,API3/USDT:USDT,0.757,723.0,0.7569,2395.0,0.7576,84.0,0.7578,84.0
1753533339710,12:35:39.710,API3/USDT:USDT,0.757,723.0,0.7569,2395.0,0.7574,68.0,0.7575,68.0
1753533339770,12:35:39.770,API3/USDT:USDT,0.757,723.0,0.7569,2395.0,0.7573,68.0,0.7575,84.0
1753533339839,12:35:39.839,API3/USDT:USDT,0.757,723.0,0.7569,2395.0,0.7573,68.0,0.7575,84.0
1753533340016,12:35:40.016,API3/USDT:USDT,0.757,723.0,0.7569,2395.0,0.7573,68.0,0.7575,84.0
1753533340041,12:35:40.041,API3/USDT:USDT,0.7571,54.0,0.757,723.0,0.7573,68.0,0.7575,84.0
1753533340249,12:35:40.249,API3/USDT:USDT,0.7571,54.0,0.757,723.0,0.7573,68.0,0.7575,84.0
1753533340383,12:35:40.383,API3/USDT:USDT,0.7571,54.0,0.757,723.0,0.7575,84.0,0.7581,284.0
1753533340463,12:35:40.463,API3/USDT:USDT,0.7571,54.0,0.757,723.0,0.7575,84.0,0.7577,84.0
1753533340668,12:35:40.668,API3/USDT:USDT,0.7571,54.0,0.757,723.0,0.7575,84.0,0.7577,84.0
1753533341217,12:35:41.217,API3/USDT:USDT,0.7571,54.0,0.757,723.0,0.7575,84.0,0.7577,84.0
1753533341351,12:35:41.351,API3/USDT:USDT,0.757,723.0,0.7569,2395.0,0.7575,84.0,0.7577,84.0
1753533341491,12:35:41.491,API3/USDT:USDT,0.757,723.0,0.7569,2395.0,0.7575,84.0,0.7577,84.0
1753533344019,12:35:44.019,API3/USDT:USDT,0.757,723.0,0.7569,2395.0,0.7575,84.0,0.7577,84.0
1753533344030,12:35:44.030,API3/USDT:USDT,0.757,723.0,0.7569,2395.0,0.7575,84.0,0.7577,84.0
1753533346029,12:35:46.029,API3/USDT:USDT,0.757,723.0,0.7569,2395.0,0.7575,84.0,0.7577,84.0
1753533348626,12:35:48.626,API3/USDT:USDT,0.7571,54.0,0.757,723.0,0.7574,68.0,0.7575,84.0
1753533348672,12:35:48.672,API3/USDT:USDT,0.7571,54.0,0.757,723.0,0.7574,68.0,0.7576,84.0
1753533348809,12:35:48.809,API3/USDT:USDT,0.7571,54.0,0.757,723.0,0.7574,68.0,0.7576,84.0
1753533349110,12:35:49.110,API3/USDT:USDT,0.757,723.0,0.7569,2395.0,0.7573,68.0,0.7576,84.0
1753533349190,12:35:49.190,API3/USDT:USDT,0.757,723.0,0.7569,2395.0,0.7573,68.0,0.7575,84.0
1753533349711,12:35:49.711,API3/USDT:USDT,0.757,723.0,0.7569,2395.0,0.7573,68.0,0.7575,84.0
1753533349731,12:35:49.731,API3/USDT:USDT,0.757,723.0,0.7569,2395.0,0.7573,68.0,0.7575,84.0
1753533349993,12:35:49.993,API3/USDT:USDT,0.757,723.0,0.7569,2395.0,0.7573,68.0,0.7575,84.0
1753533350477,12:35:50.477,API3/USDT:USDT,0.757,723.0,0.7569,2395.0,0.7573,68.0,0.7575,84.0
1753533350722,12:35:50.722,API3/USDT:USDT,0.757,723.0,0.7569,2395.0,0.7575,84.0,0.758,145.0
1753533350815,12:35:50.815,API3/USDT:USDT,0.757,723.0,0.7569,2395.0,0.7575,84.0,0.7577,84.0
1753533352349,12:35:52.349,API3/USDT:USDT,0.757,723.0,0.7569,2395.0,0.7577,84.0,0.7579,84.0
1753533352513,12:35:52.513,API3/USDT:USDT,0.757,723.0,0.7569,2395.0,0.7577,84.0,0.7579,84.0
1753533352529,12:35:52.529,API3/USDT:USDT,0.757,723.0,0.7569,2395.0,0.7577,84.0,0.7579,84.0
1753533352870,12:35:52.870,API3/USDT:USDT,0.757,723.0,0.7569,2395.0,0.7577,84.0,0.7579,84.0
1753533353609,12:35:53.609,API3/USDT:USDT,0.757,723.0,0.7569,2395.0,0.7577,84.0,0.7579,84.0
1753533353686,12:35:53.686,API3/USDT:USDT,0.757,723.0,0.7569,2395.0,0.7577,84.0,0.7579,84.0
1753533354071,12:35:54.071,API3/USDT:USDT,0.757,723.0,0.7569,2395.0,0.7577,84.0,0.7579,84.0
1753533354715,12:35:54.715,API3/USDT:USDT,0.757,723.0,0.7569,2395.0,0.7575,68.0,0.7576,68.0
1753533354807,12:35:54.807,API3/USDT:USDT,0.757,723.0,0.7569,2395.0,0.7574,68.0,0.7576,84.0
1753533354904,12:35:54.904,API3/USDT:USDT,0.757,723.0,0.7569,2395.0,0.7574,68.0,0.7576,84.0
1753533355093,12:35:55.093,API3/USDT:USDT,0.757,723.0,0.7569,2395.0,0.7574,68.0,0.7576,84.0
1753533356248,12:35:56.248,API3/USDT:USDT,0.757,723.0,0.7569,2395.0,0.7574,68.0,0.7576,84.0
1753533356521,12:35:56.521,API3/USDT:USDT,0.757,723.0,0.7569,2395.0,0.7574,68.0,0.7576,84.0
1753533358411,12:35:58.411,API3/USDT:USDT,0.757,723.0,0.7569,2395.0,0.7574,68.0,0.7576,84.0
1753533360318,12:36:00.318,API3/USDT:USDT,0.757,723.0,0.7569,2395.0,0.7574,68.0,0.7576,84.0
1753533360346,12:36:00.346,API3/USDT:USDT,0.757,723.0,0.7569,2395.0,0.7574,68.0,0.7576,84.0
1753533360520,12:36:00.520,API3/USDT:USDT,0.757,723.0,0.7569,2395.0,0.7576,84.0,0.7581,148.0
1753533360556,12:36:00.556,API3/USDT:USDT,0.757,723.0,0.7569,2395.0,0.7576,84.0,0.7581,148.0
1753533360911,12:36:00.911,API3/USDT:USDT,0.757,723.0,0.7569,2395.0,0.7583,145.0,0.7584,417.0
1753533360978,12:36:00.978,API3/USDT:USDT,0.757,723.0,0.7569,2395.0,0.7583,145.0,0.7584,417.0
1753533361575,12:36:01.575,API3/USDT:USDT,0.7572,652.0,0.7571,2174.0,0.7582,68.0,0.7583,145.0
1753533361703,12:36:01.703,API3/USDT:USDT,0.7573,2.0,0.7572,2.0,0.7582,68.0,0.7583,145.0
1753533361815,12:36:01.815,API3/USDT:USDT,0.7571,2.0,0.757,721.0,0.7582,68.0,0.7583,145.0
1753533362021,12:36:02.021,API3/USDT:USDT,0.7571,2.0,0.757,721.0,0.7582,68.0,0.7583,145.0
1753533362117,12:36:02.117,API3/USDT:USDT,0.7571,2.0,0.757,721.0,0.7578,68.0,0.7583,145.0
1753533362149,12:36:02.149,API3/USDT:USDT,0.7571,2.0,0.757,721.0,0.7578,68.0,0.7583,145.0
1753533362235,12:36:02.235,API3/USDT:USDT,0.7571,2.0,0.757,721.0,0.7578,68.0,0.7583,145.0
1753533362394,12:36:02.394,API3/USDT:USDT,0.7571,2.0,0.757,721.0,0.7578,68.0,0.758,84.0
1753533362722,12:36:02.722,API3/USDT:USDT,0.7571,2.0,0.757,721.0,0.7578,68.0,0.758,84.0
1753533363057,12:36:03.057,API3/USDT:USDT,0.7571,2.0,0.757,721.0,0.7578,68.0,0.758,84.0
1753533363210,12:36:03.210,API3/USDT:USDT,0.7571,2.0,0.757,721.0,0.7578,68.0,0.758,84.0
1753533363230,12:36:03.230,API3/USDT:USDT,0.7571,2.0,0.757,721.0,0.7578,68.0,0.758,84.0
1753533363809,12:36:03.809,API3/USDT:USDT,0.7572,630.0,0.7571,2.0,0.7576,68.0,0.758,84.0
1753533363876,12:36:03.876,API3/USDT:USDT,0.7573,2.0,0.7572,630.0,0.7576,68.0,0.7578,84.0
1753533364258,12:36:04.258,API3/USDT:USDT,0.7573,2.0,0.7572,630.0,0.7576,68.0,0.7578,84.0
1753533364411,12:36:04.411,API3/USDT:USDT,0.7573,2.0,0.757,721.0,0.7576,68.0,0.7578,84.0
1753533364434,12:36:04.434,API3/USDT:USDT,0.7571,2.0,0.757,721.0,0.7576,68.0,0.7578,84.0
1753533364704,12:36:04.704,API3/USDT:USDT,0.7571,2.0,0.757,721.0,0.7576,68.0,0.7578,84.0
1753533368012,12:36:08.012,API3/USDT:USDT,0.7571,2.0,0.757,721.0,0.7576,68.0,0.7578,84.0
1753533368198,12:36:08.198,API3/USDT:USDT,0.7571,2.0,0.757,721.0,0.7578,84.0,0.7583,145.0
1753533368278,12:36:08.278,API3/USDT:USDT,0.7571,2.0,0.757,721.0,0.7578,84.0,0.7583,145.0
1753533368378,12:36:08.378,API3/USDT:USDT,0.7571,2.0,0.757,721.0,0.7578,84.0,0.758,84.0
1753533369068,12:36:09.068,API3/USDT:USDT,0.7573,271.0,0.7571,2.0,0.7578,84.0,0.758,84.0
1753533369157,12:36:09.157,API3/USDT:USDT,0.7574,2.0,0.7573,271.0,0.7578,84.0,0.758,84.0
1753533369275,12:36:09.275,API3/USDT:USDT,0.7574,2.0,0.7573,271.0,0.7578,84.0,0.758,84.0
1753533369574,12:36:09.574,API3/USDT:USDT,0.7574,2.0,0.7573,271.0,0.7578,84.0,0.758,84.0
1753533370069,12:36:10.069,API3/USDT:USDT,0.7574,2.0,0.7573,271.0,0.7578,84.0,0.758,84.0
1753533370387,12:36:10.387,API3/USDT:USDT,0.7574,2.0,0.7573,271.0,0.7578,84.0,0.758,84.0
1753533370749,12:36:10.749,API3/USDT:USDT,0.7574,2.0,0.7573,271.0,0.7578,84.0,0.758,84.0
1753533372810,12:36:12.810,API3/USDT:USDT,0.7574,2.0,0.7573,271.0,0.7578,84.0,0.758,84.0
1753533372903,12:36:12.903,API3/USDT:USDT,0.7574,2.0,0.7573,271.0,0.7578,84.0,0.758,84.0
1753533374720,12:36:14.720,API3/USDT:USDT,0.7574,2.0,0.7573,271.0,0.7576,68.0,0.7578,84.0
1753533374823,12:36:14.823,API3/USDT:USDT,0.7574,2.0,0.7573,271.0,0.7576,68.0,0.7578,84.0
1753533374830,12:36:14.830,API3/USDT:USDT,0.7574,2.0,0.7573,271.0,0.7576,68.0,0.7578,84.0
1753533375810,12:36:15.810,API3/USDT:USDT,0.7574,2.0,0.7573,271.0,0.7578,84.0,0.7585,146.0
1753533375863,12:36:15.863,API3/USDT:USDT,0.7574,2.0,0.7573,271.0,0.7578,84.0,0.758,84.0
1753533376040,12:36:16.040,API3/USDT:USDT,0.7574,2.0,0.7573,271.0,0.7578,84.0,0.758,84.0
1753533377613,12:36:17.613,API3/USDT:USDT,0.7574,2.0,0.7573,271.0,0.7578,84.0,0.758,84.0
1753533377660,12:36:17.660,API3/USDT:USDT,0.7574,2.0,0.7573,271.0,0.7578,84.0,0.758,84.0
1753533378923,12:36:18.923,API3/USDT:USDT,0.7574,2.0,0.7573,271.0,0.7578,84.0,0.758,84.0
1753533379143,12:36:19.143,API3/USDT:USDT,0.7574,2.0,0.7573,271.0,0.7578,84.0,0.758,84.0
1753533379408,12:36:19.408,API3/USDT:USDT,0.7574,2.0,0.7573,271.0,0.758,84.0,0.7582,84.0
1753533379461,12:36:19.461,API3/USDT:USDT,0.7574,2.0,0.7573,271.0,0.758,84.0,0.7582,84.0
1753533379589,12:36:19.589,API3/USDT:USDT,0.7574,2.0,0.7573,271.0,0.758,84.0,0.7582,84.0
1753533379688,12:36:19.688,API3/USDT:USDT,0.7574,2.0,0.7573,271.0,0.758,84.0,0.7582,84.0
1753533379813,12:36:19.813,API3/USDT:USDT,0.7574,2.0,0.7573,271.0,0.758,84.0,0.7582,84.0
1753533380354,12:36:20.354,API3/USDT:USDT,0.7574,2.0,0.7573,271.0,0.758,84.0,0.7582,84.0
1753533380507,12:36:20.507,API3/USDT:USDT,0.7574,2.0,0.7573,271.0,0.758,84.0,0.7582,84.0
1753533381509,12:36:21.509,API3/USDT:USDT,0.7574,2.0,0.7573,271.0,0.758,84.0,0.7582,84.0
1753533382411,12:36:22.411,API3/USDT:USDT,0.7574,2.0,0.7573,271.0,0.758,84.0,0.7582,84.0
1753533382429,12:36:22.429,API3/USDT:USDT,0.7574,2.0,0.7573,271.0,0.758,84.0,0.7582,84.0
1753533382613,12:36:22.613,API3/USDT:USDT,0.7574,2.0,0.7573,271.0,0.758,84.0,0.7582,84.0
1753533384469,12:36:24.469,API3/USDT:USDT,0.7574,2.0,0.7573,271.0,0.758,84.0,0.7582,84.0
1753533387220,12:36:27.220,API3/USDT:USDT,0.7574,2.0,0.7573,271.0,0.758,84.0,0.7582,84.0
1753533387511,12:36:27.511,API3/USDT:USDT,0.7574,2.0,0.7573,271.0,0.758,84.0,0.7582,84.0
1753533387620,12:36:27.620,API3/USDT:USDT,0.7574,2.0,0.7573,271.0,0.7582,84.0,0.7585,146.0
1753533387662,12:36:27.662,API3/USDT:USDT,0.7574,2.0,0.7573,271.0,0.7582,84.0,0.7584,84.0
1753533387760,12:36:27.760,API3/USDT:USDT,0.7574,2.0,0.7573,271.0,0.7582,84.0,0.7584,84.0
1753533391152,12:36:31.152,API3/USDT:USDT,0.7574,2.0,0.7573,271.0,0.7582,84.0,0.7584,84.0
1753533391389,12:36:31.389,API3/USDT:USDT,0.7574,2.0,0.7573,271.0,0.7582,84.0,0.7584,84.0
1753533391679,12:36:31.679,API3/USDT:USDT,0.7574,2.0,0.7573,271.0,0.7582,84.0,0.7584,84.0
1753533391909,12:36:31.909,API3/USDT:USDT,0.7574,2.0,0.7573,271.0,0.7578,68.0,0.7579,68.0
1753533392010,12:36:32.010,API3/USDT:USDT,0.7574,2.0,0.7573,271.0,0.7578,68.0,0.758,84.0
1753533392029,12:36:32.029,API3/USDT:USDT,0.7574,2.0,0.7573,271.0,0.7578,68.0,0.758,84.0
1753533392208,12:36:32.208,API3/USDT:USDT,0.7574,2.0,0.7573,271.0,0.7578,68.0,0.758,84.0
1753533392629,12:36:32.629,API3/USDT:USDT,0.7574,2.0,0.7573,271.0,0.7578,68.0,0.758,84.0
1753533392756,12:36:32.756,API3/USDT:USDT,0.7574,2.0,0.7573,271.0,0.7578,68.0,0.758,84.0
1753533394179,12:36:34.179,API3/USDT:USDT,0.7574,2.0,0.7573,271.0,0.7578,68.0,0.758,84.0
1753533394252,12:36:34.252,API3/USDT:USDT,0.7574,2.0,0.7573,271.0,0.7578,68.0,0.758,84.0
1753533396038,12:36:36.038,API3/USDT:USDT,0.7574,2.0,0.7573,271.0,0.7578,68.0,0.758,84.0
1753533396811,12:36:36.811,API3/USDT:USDT,0.7574,2.0,0.7573,271.0,0.7578,68.0,0.758,84.0
1753533396991,12:36:36.991,API3/USDT:USDT,0.7575,527.0,0.7574,2.0,0.758,84.0,0.7582,84.0
1753533397084,12:36:37.084,API3/USDT:USDT,0.7576,2.0,0.7575,527.0,0.758,84.0,0.7582,84.0
1753533397222,12:36:37.222,API3/USDT:USDT,0.7576,2.0,0.7573,271.0,0.7578,68.0,0.758,84.0
1753533397240,12:36:37.240,API3/USDT:USDT,0.7574,2.0,0.7573,271.0,0.7578,68.0,0.758,84.0
1753533397508,12:36:37.508,API3/USDT:USDT,0.7574,2.0,0.7573,271.0,0.7578,68.0,0.758,84.0
1753533397810,12:36:37.810,API3/USDT:USDT,0.7574,2.0,0.7573,271.0,0.7585,146.0,0.7586,262.0
1753533397871,12:36:37.871,API3/USDT:USDT,0.7574,2.0,0.7573,271.0,0.7585,146.0,0.7586,262.0
1753533397931,12:36:37.931,API3/USDT:USDT,0.7574,2.0,0.7573,271.0,0.7585,146.0,0.7586,262.0
1753533400310,12:36:40.310,API3/USDT:USDT,0.7574,2.0,0.7573,271.0,0.7581,68.0,0.7582,68.0
1753533400410,12:36:40.410,API3/USDT:USDT,0.7574,2.0,0.7573,271.0,0.7578,68.0,0.7585,146.0
1753533400439,12:36:40.439,API3/USDT:USDT,0.7574,2.0,0.7573,271.0,0.7578,68.0,0.758,84.0
1753533400544,12:36:40.544,API3/USDT:USDT,0.7574,2.0,0.7573,271.0,0.7578,68.0,0.758,84.0
1753533400790,12:36:40.790,API3/USDT:USDT,0.7574,2.0,0.7573,271.0,0.7578,68.0,0.758,84.0
1753533401082,12:36:41.082,API3/USDT:USDT,0.7574,2.0,0.7573,271.0,0.7578,68.0,0.758,84.0
1753533401210,12:36:41.210,API3/USDT:USDT,0.7574,2.0,0.7573,271.0,0.7578,68.0,0.758,84.0
1753533401309,12:36:41.309,API3/USDT:USDT,0.7574,2.0,0.7573,271.0,0.7578,68.0,0.758,84.0
1753533401349,12:36:41.349,API3/USDT:USDT,0.7574,2.0,0.7573,271.0,0.7578,68.0,0.758,84.0
1753533401612,12:36:41.612,API3/USDT:USDT,0.7574,2.0,0.7573,271.0,0.7578,68.0,0.758,84.0
1753533401635,12:36:41.635,API3/USDT:USDT,0.7574,2.0,0.7573,271.0,0.7578,68.0,0.758,84.0
1753533403115,12:36:43.115,API3/USDT:USDT,0.7575,1240.0,0.7574,2.0,0.7578,68.0,0.7579,68.0
1753533403141,12:36:43.141,API3/USDT:USDT,0.7576,376.0,0.7575,1240.0,0.7578,68.0,0.758,84.0
1753533403254,12:36:43.254,API3/USDT:USDT,0.7573,667.0,0.7572,144.0,0.7578,68.0,0.758,84.0
1753533403336,12:36:43.336,API3/USDT:USDT,0.7574,4.0,0.7573,667.0,0.7578,68.0,0.758,84.0
1753533406410,12:36:46.410,API3/USDT:USDT,0.7574,4.0,0.7573,667.0,0.7578,68.0,0.758,84.0
1753533406872,12:36:46.872,API3/USDT:USDT,0.7574,4.0,0.7573,667.0,0.7578,68.0,0.758,84.0
1753533407270,12:36:47.270,API3/USDT:USDT,0.7575,635.0,0.7574,2117.0,0.7578,68.0,0.758,84.0
1753533407338,12:36:47.338,API3/USDT:USDT,0.7576,4.0,0.7575,635.0,0.7578,68.0,0.758,84.0
1753533410522,12:36:50.522,API3/USDT:USDT,0.7576,4.0,0.7575,635.0,0.7578,68.0,0.758,84.0
1753533411211,12:36:51.211,API3/USDT:USDT,0.7576,4.0,0.7575,635.0,0.7578,68.0,0.758,84.0
1753533412434,12:36:52.434,API3/USDT:USDT,0.7576,4.0,0.7575,635.0,0.7578,68.0,0.758,84.0
1753533412538,12:36:52.538,API3/USDT:USDT,0.7575,639.0,0.7574,2113.0,0.7578,68.0,0.758,84.0
1753533415776,12:36:55.776,API3/USDT:USDT,0.7575,639.0,0.7574,2113.0,0.7578,68.0,0.758,84.0
1753533416011,12:36:56.011,API3/USDT:USDT,0.7575,639.0,0.7574,2113.0,0.7578,68.0,0.758,84.0
1753533416306,12:36:56.306,API3/USDT:USDT,0.7575,639.0,0.7574,2113.0,0.758,84.0,0.7582,84.0
1753533416400,12:36:56.400,API3/USDT:USDT,0.7575,639.0,0.7574,2113.0,0.7577,68.0,0.7582,84.0
1753533416430,12:36:56.430,API3/USDT:USDT,0.7575,639.0,0.7574,2113.0,0.7577,68.0,0.7579,84.0
1753533416534,12:36:56.534,API3/USDT:USDT,0.7575,639.0,0.7574,2113.0,0.7577,68.0,0.7579,84.0
1753533416658,12:36:56.658,API3/USDT:USDT,0.7575,639.0,0.7574,2113.0,0.7577,68.0,0.7579,84.0
1753533416926,12:36:56.926,API3/USDT:USDT,0.7575,639.0,0.7574,2113.0,0.7579,84.0,0.7581,84.0
1753533416980,12:36:56.980,API3/USDT:USDT,0.7575,639.0,0.7574,2113.0,0.7581,84.0,0.7584,84.0
1753533417107,12:36:57.107,API3/USDT:USDT,0.7575,639.0,0.7574,2113.0,0.7578,68.0,0.758,84.0
1753533417157,12:36:57.157,API3/USDT:USDT,0.7575,639.0,0.7574,2113.0,0.7578,68.0,0.758,84.0
1753533417277,12:36:57.277,API3/USDT:USDT,0.7575,639.0,0.7574,2113.0,0.7578,68.0,0.758,84.0
1753533417362,12:36:57.362,API3/USDT:USDT,0.7575,639.0,0.7574,2113.0,0.7578,68.0,0.758,84.0
1753533417650,12:36:57.650,API3/USDT:USDT,0.7575,639.0,0.7574,2113.0,0.758,84.0,0.7582,84.0
1753533417776,12:36:57.776,API3/USDT:USDT,0.7575,639.0,0.7574,2113.0,0.758,84.0,0.7582,84.0
1753533418619,12:36:58.619,API3/USDT:USDT,0.7575,4.0,0.7574,2113.0,0.7576,68.0,0.7578,84.0
1753533418713,12:36:58.713,API3/USDT:USDT,0.7575,4.0,0.7574,2113.0,0.7576,68.0,0.7578,84.0
1753533418999,12:36:58.999,API3/USDT:USDT,0.7575,638.0,0.7574,2113.0,0.7578,84.0,0.758,84.0
1753533419183,12:36:59.183,API3/USDT:USDT,0.7575,638.0,0.7574,2113.0,0.758,84.0,0.7585,146.0
1753533419310,12:36:59.310,API3/USDT:USDT,0.7576,68.0,0.7575,638.0,0.7577,68.0,0.7582,84.0
1753533419416,12:36:59.416,API3/USDT:USDT,0.7576,68.0,0.7575,638.0,0.7577,68.0,0.7579,84.0
1753533419440,12:36:59.440,API3/USDT:USDT,0.7576,68.0,0.7575,638.0,0.7577,68.0,0.7579,84.0
1753533419595,12:36:59.595,API3/USDT:USDT,0.7576,68.0,0.7575,638.0,0.7579,84.0,0.7581,84.0
1753533419890,12:36:59.890,API3/USDT:USDT,0.7576,68.0,0.7575,638.0,0.7579,84.0,0.7581,84.0
1753533420021,12:37:00.021,API3/USDT:USDT,0.7576,68.0,0.7575,638.0,0.7579,84.0,0.7581,84.0
1753533420375,12:37:00.375,API3/USDT:USDT,0.7576,68.0,0.7575,638.0,0.7579,84.0,0.7581,84.0
1753533420449,12:37:00.449,API3/USDT:USDT,0.7576,68.0,0.7575,638.0,0.7579,84.0,0.7581,84.0
1753533420811,12:37:00.811,API3/USDT:USDT,0.7576,68.0,0.7575,638.0,0.7579,84.0,0.7581,84.0
1753533421324,12:37:01.324,API3/USDT:USDT,0.7576,68.0,0.7575,638.0,0.7581,84.0,0.7585,146.0
1753533421419,12:37:01.419,API3/USDT:USDT,0.7578,271.0,0.7576,68.0,0.7588,68.0,0.7589,146.0
1753533421516,12:37:01.516,API3/USDT:USDT,0.7578,2383.0,0.7576,68.0,0.7588,68.0,0.7589,146.0
1753533421614,12:37:01.614,API3/USDT:USDT,0.7579,719.0,0.7578,2383.0,0.7588,68.0,0.7589,146.0
1753533421667,12:37:01.667,API3/USDT:USDT,0.7579,719.0,0.7578,2383.0,0.7588,68.0,0.7589,146.0
1753533421823,12:37:01.823,API3/USDT:USDT,0.7579,719.0,0.7578,2383.0,0.7588,68.0,0.7589,146.0
1753533421925,12:37:01.925,API3/USDT:USDT,0.7579,719.0,0.7578,2383.0,0.7588,68.0,0.7589,146.0
1753533422518,12:37:02.518,API3/USDT:USDT,0.7579,719.0,0.7578,2383.0,0.7588,68.0,0.7589,146.0
1753533422683,12:37:02.683,API3/USDT:USDT,0.7579,719.0,0.7578,2383.0,0.7588,68.0,0.7589,146.0
1753533422772,12:37:02.772,API3/USDT:USDT,0.7579,719.0,0.7578,2383.0,0.7588,68.0,0.7589,146.0
1753533423399,12:37:03.399,API3/USDT:USDT,0.7579,719.0,0.7578,2383.0,0.7588,68.0,0.7589,146.0
1753533423483,12:37:03.483,API3/USDT:USDT,0.7579,719.0,0.7578,2383.0,0.7588,68.0,0.7589,146.0
1753533424139,12:37:04.139,API3/USDT:USDT,0.7579,719.0,0.7578,2383.0,0.7588,68.0,0.7589,146.0
1753533425611,12:37:05.611,API3/USDT:USDT,0.7579,719.0,0.7578,2383.0,0.7588,68.0,0.7589,146.0
1753533427806,12:37:07.806,API3/USDT:USDT,0.7579,719.0,0.7578,2383.0,0.7588,68.0,0.7589,146.0
1753533428548,12:37:08.548,API3/USDT:USDT,0.7579,719.0,0.7578,2383.0,0.7588,68.0,0.7589,146.0
1753533429048,12:37:09.048,API3/USDT:USDT,0.7579,719.0,0.7578,2383.0,0.7588,68.0,0.7589,146.0
1753533429449,12:37:09.449,API3/USDT:USDT,0.7579,719.0,0.7578,2383.0,0.7588,68.0,0.7589,146.0
1753533430411,12:37:10.411,API3/USDT:USDT,0.7579,719.0,0.7578,2383.0,0.7588,68.0,0.7589,146.0
1753533430938,12:37:10.938,API3/USDT:USDT,0.7579,719.0,0.7578,2383.0,0.7588,68.0,0.7589,146.0
1753533431117,12:37:11.117,API3/USDT:USDT,0.7579,719.0,0.7578,2383.0,0.7588,68.0,0.759,84.0
1753533432017,12:37:12.017,API3/USDT:USDT,0.7582,858.0,0.7579,719.0,0.7585,68.0,0.759,84.0
1753533432049,12:37:12.049,API3/USDT:USDT,0.7583,4.0,0.7582,858.0,0.7585,68.0,0.7587,83.0
1753533432203,12:37:12.203,API3/USDT:USDT,0.7583,4.0,0.7579,715.0,0.7585,68.0,0.7587,83.0
1753533432236,12:37:12.236,API3/USDT:USDT,0.758,4.0,0.7579,715.0,0.7585,68.0,0.7587,83.0
1753533432409,12:37:12.409,API3/USDT:USDT,0.758,4.0,0.7579,715.0,0.7585,68.0,0.7587,83.0
1753533432820,12:37:12.820,API3/USDT:USDT,0.7582,473.0,0.758,4.0,0.7585,68.0,0.7587,83.0
1753533432829,12:37:12.829,API3/USDT:USDT,0.758,4.0,0.7579,715.0,0.7585,68.0,0.7587,83.0
1753533433199,12:37:13.199,API3/USDT:USDT,0.758,4.0,0.7579,715.0,0.7585,68.0,0.7587,83.0
1753533433619,12:37:13.619,API3/USDT:USDT,0.758,4.0,0.7579,715.0,0.7585,68.0,0.7587,83.0
1753533434306,12:37:14.306,API3/USDT:USDT,0.758,4.0,0.7579,715.0,0.7585,68.0,0.7587,83.0
1753533434683,12:37:14.683,API3/USDT:USDT,0.758,4.0,0.7579,715.0,0.7585,68.0,0.7587,83.0
1753533434781,12:37:14.781,API3/USDT:USDT,0.7582,475.0,0.7581,1583.0,0.7585,68.0,0.7587,83.0
1753533434871,12:37:14.871,API3/USDT:USDT,0.7582,4.0,0.7579,715.0,0.7585,68.0,0.7587,83.0
1753533434969,12:37:14.969,API3/USDT:USDT,0.758,4.0,0.7579,715.0,0.7584,68.0,0.7586,84.0
1753533435048,12:37:15.048,API3/USDT:USDT,0.758,4.0,0.7579,715.0,0.7584,68.0,0.7586,84.0
1753533435211,12:37:15.211,API3/USDT:USDT,0.758,4.0,0.7579,715.0,0.7584,68.0,0.7586,84.0
1753533435261,12:37:15.261,API3/USDT:USDT,0.758,4.0,0.7579,715.0,0.7584,68.0,0.7586,84.0
1753533435527,12:37:15.527,API3/USDT:USDT,0.7581,1661.0,0.758,4.0,0.7584,68.0,0.7586,84.0
1753533435556,12:37:15.556,API3/USDT:USDT,0.7582,502.0,0.7581,1661.0,0.7586,84.0,0.7588,84.0
1753533435723,12:37:15.723,API3/USDT:USDT,0.7582,4.0,0.7579,715.0,0.7584,68.0,0.7586,84.0
1753533435745,12:37:15.745,API3/USDT:USDT,0.758,4.0,0.7579,715.0,0.7584,68.0,0.7586,84.0
1753533435855,12:37:15.855,API3/USDT:USDT,0.7581,853.0,0.758,2842.0,0.7584,68.0,0.7586,84.0
1753533435949,12:37:15.949,API3/USDT:USDT,0.7582,4.0,0.7579,715.0,0.7584,68.0,0.7586,84.0
1753533436096,12:37:16.096,API3/USDT:USDT,0.758,4.0,0.7579,715.0,0.7584,68.0,0.7586,84.0
1753533436312,12:37:16.312,API3/USDT:USDT,0.758,4.0,0.7579,715.0,0.7585,68.0,0.7586,84.0
1753533436397,12:37:16.397,API3/USDT:USDT,0.758,4.0,0.7579,715.0,0.7584,68.0,0.7586,84.0
1753533436513,12:37:16.513,API3/USDT:USDT,0.758,4.0,0.7579,715.0,0.7584,68.0,0.7586,84.0
1753533436663,12:37:16.663,API3/USDT:USDT,0.7582,472.0,0.7581,1572.0,0.7584,68.0,0.7586,84.0
1753533436749,12:37:16.749,API3/USDT:USDT,0.7582,4.0,0.7579,715.0,0.7584,68.0,0.7586,84.0
1753533436835,12:37:16.835,API3/USDT:USDT,0.758,4.0,0.7579,715.0,0.7584,68.0,0.7586,84.0
1753533436932,12:37:16.932,API3/USDT:USDT,0.758,4.0,0.7579,715.0,0.7584,68.0,0.7586,84.0
1753533437131,12:37:17.131,API3/USDT:USDT,0.758,4.0,0.7579,1119.0,0.7584,68.0,0.7586,84.0
1753533437410,12:37:17.410,API3/USDT:USDT,0.7582,472.0,0.7581,1572.0,0.7586,84.0,0.7591,150.0
1753533437510,12:37:17.510,API3/USDT:USDT,0.7582,4.0,0.7579,1119.0,0.7584,68.0,0.7586,84.0
1753533437541,12:37:17.541,API3/USDT:USDT,0.758,4.0,0.7579,1119.0,0.7584,68.0,0.7586,84.0
1753533437802,12:37:17.802,API3/USDT:USDT,0.7582,472.0,0.7581,1572.0,0.7584,68.0,0.7586,84.0
1753533437834,12:37:17.834,API3/USDT:USDT,0.7582,476.0,0.7581,1572.0,0.7584,68.0,0.7586,84.0
1753533437949,12:37:17.949,API3/USDT:USDT,0.7582,4.0,0.7579,1119.0,0.7584,68.0,0.7586,84.0
1753533438054,12:37:18.054,API3/USDT:USDT,0.7582,472.0,0.7581,1572.0,0.7584,68.0,0.7586,84.0
1753533438149,12:37:18.149,API3/USDT:USDT,0.7582,4.0,0.7579,1119.0,0.7584,68.0,0.7586,84.0
1753533438240,12:37:18.240,API3/USDT:USDT,0.758,4.0,0.7579,1119.0,0.7584,68.0,0.7586,84.0
1753533438443,12:37:18.443,API3/USDT:USDT,0.7582,464.0,0.7581,1548.0,0.7584,68.0,0.7586,84.0
1753533438569,12:37:18.569,API3/USDT:USDT,0.7582,4.0,0.7579,1119.0,0.7584,68.0,0.7586,84.0
1753533438640,12:37:18.640,API3/USDT:USDT,0.758,4.0,0.7579,1119.0,0.7584,68.0,0.7586,84.0
1753533439390,12:37:19.390,API3/USDT:USDT,0.7582,529.0,0.7581,1762.0,0.7586,84.0,0.7588,84.0
1753533439435,12:37:19.435,API3/USDT:USDT,0.7582,533.0,0.7581,1762.0,0.7586,84.0,0.7588,84.0
1753533439618,12:37:19.618,API3/USDT:USDT,0.7582,4.0,0.7579,1119.0,0.7584,68.0,0.7586,84.0
1753533439724,12:37:19.724,API3/USDT:USDT,0.758,4.0,0.7579,1119.0,0.7584,68.0,0.7586,84.0
1753533439799,12:37:19.799,API3/USDT:USDT,0.758,4.0,0.7579,1119.0,0.7584,68.0,0.7586,84.0
1753533440011,12:37:20.011,API3/USDT:USDT,0.758,4.0,0.7579,1119.0,0.7584,68.0,0.7586,84.0
1753533440029,12:37:20.029,API3/USDT:USDT,0.758,4.0,0.7579,1119.0,0.7584,68.0,0.7586,84.0
1753533441061,12:37:21.061,API3/USDT:USDT,0.7582,469.0,0.7581,1562.0,0.7584,68.0,0.7586,84.0
1753533441134,12:37:21.134,API3/USDT:USDT,0.7582,473.0,0.7581,1562.0,0.7584,68.0,0.7586,84.0
1753533441249,12:37:21.249,API3/USDT:USDT,0.7582,4.0,0.7579,1119.0,0.7584,68.0,0.7586,84.0
1753533441423,12:37:21.423,API3/USDT:USDT,0.758,4.0,0.7579,1119.0,0.7583,68.0,0.7585,84.0
1753533444710,12:37:24.710,API3/USDT:USDT,0.758,4.0,0.7579,1119.0,0.7583,68.0,0.7585,84.0
1753533444811,12:37:24.811,API3/USDT:USDT,0.758,4.0,0.7579,1119.0,0.7583,68.0,0.7585,84.0
1753533444850,12:37:24.850,API3/USDT:USDT,0.758,4.0,0.7579,1119.0,0.7583,55.0,0.7585,84.0
1753533446287,12:37:26.287,API3/USDT:USDT,0.758,4.0,0.7579,1119.0,0.7585,84.0,0.7587,84.0
1753533446349,12:37:26.349,API3/USDT:USDT,0.758,4.0,0.7579,1119.0,0.7585,84.0,0.7587,84.0
1753533446527,12:37:26.527,API3/USDT:USDT,0.7582,405.0,0.7581,1350.0,0.7584,68.0,0.7586,84.0
1753533446579,12:37:26.579,API3/USDT:USDT,0.7579,1119.0,0.7578,2383.0,0.7583,68.0,0.7586,84.0
1753533446702,12:37:26.702,API3/USDT:USDT,0.758,4.0,0.7579,1119.0,0.7583,68.0,0.7585,84.0
1753533447114,12:37:27.114,API3/USDT:USDT,0.758,4.0,0.7579,1119.0,0.7585,84.0,0.7587,84.0
1753533447132,12:37:27.132,API3/USDT:USDT,0.758,4.0,0.7579,1119.0,0.7585,84.0,0.7587,84.0
1753533448409,12:37:28.409,API3/USDT:USDT,0.758,4.0,0.7579,1119.0,0.7585,84.0,0.7587,84.0
1753533448459,12:37:28.459,API3/USDT:USDT,0.758,4.0,0.7579,1119.0,0.7585,84.0,0.7587,84.0
1753533449611,12:37:29.611,API3/USDT:USDT,0.758,4.0,0.7579,1119.0,0.7585,84.0,0.7587,84.0
1753533450351,12:37:30.351,API3/USDT:USDT,0.7582,539.0,0.7581,1795.0,0.7585,84.0,0.7587,84.0
1753533450449,12:37:30.449,API3/USDT:USDT,0.7583,4.0,0.7579,1119.0,0.7585,84.0,0.7587,84.0
1753533450590,12:37:30.590,API3/USDT:USDT,0.758,4.0,0.7579,1119.0,0.7584,68.0,0.7586,84.0
1753533450649,12:37:30.649,API3/USDT:USDT,0.758,4.0,0.7579,1119.0,0.7584,68.0,0.7586,84.0
1753533450745,12:37:30.745,API3/USDT:USDT,0.758,4.0,0.7579,1119.0,0.7584,68.0,0.7586,84.0
1753533451243,12:37:31.243,API3/USDT:USDT,0.7582,484.0,0.7581,1613.0,0.7584,68.0,0.7586,84.0
1753533451389,12:37:31.389,API3/USDT:USDT,0.7579,1119.0,0.7578,2383.0,0.7583,68.0,0.7585,84.0
1753533451468,12:37:31.468,API3/USDT:USDT,0.758,4.0,0.7579,1119.0,0.7583,68.0,0.7585,84.0
1753533451560,12:37:31.560,API3/USDT:USDT,0.758,4.0,0.7579,1119.0,0.7583,68.0,0.7585,84.0
1753533452290,12:37:32.290,API3/USDT:USDT,0.7583,633.0,0.7582,2109.0,0.7585,84.0,0.7587,84.0
1753533452384,12:37:32.384,API3/USDT:USDT,0.7583,633.0,0.7582,2109.0,0.7585,84.0,0.7587,84.0
1753533452430,12:37:32.430,API3/USDT:USDT,0.7583,633.0,0.7582,2109.0,0.7585,84.0,0.7587,84.0
1753533452706,12:37:32.706,API3/USDT:USDT,0.7584,54.0,0.7583,633.0,0.7585,84.0,0.7587,84.0
1753533452801,12:37:32.801,API3/USDT:USDT,0.7584,58.0,0.7583,633.0,0.7585,84.0,0.7587,84.0
1753533453511,12:37:33.511,API3/USDT:USDT,0.7584,58.0,0.7583,633.0,0.7585,84.0,0.7587,84.0
1753533453925,12:37:33.925,API3/USDT:USDT,0.7584,4.0,0.7583,633.0,0.7586,68.0,0.7589,84.0
1753533453975,12:37:33.975,API3/USDT:USDT,0.7584,4.0,0.7583,633.0,0.7586,68.0,0.7588,84.0
1753533454065,12:37:34.065,API3/USDT:USDT,0.7584,4.0,0.7583,633.0,0.7586,68.0,0.7588,84.0
1753533454218,12:37:34.218,API3/USDT:USDT,0.7584,4.0,0.7583,633.0,0.7586,68.0,0.7588,84.0
1753533454411,12:37:34.411,API3/USDT:USDT,0.7584,4.0,0.7583,633.0,0.7586,68.0,0.7588,84.0
1753533455499,12:37:35.499,API3/USDT:USDT,0.7584,4.0,0.7583,633.0,0.7586,68.0,0.7588,84.0
1753533456020,12:37:36.020,API3/USDT:USDT,0.7584,4.0,0.7583,633.0,0.7586,68.0,0.7588,84.0
1753533456077,12:37:36.077,API3/USDT:USDT,0.7584,4.0,0.7583,633.0,0.7586,68.0,0.7588,84.0
1753533456323,12:37:36.323,API3/USDT:USDT,0.7584,4.0,0.7583,904.0,0.7588,84.0,0.7593,150.0
1753533456385,12:37:36.385,API3/USDT:USDT,0.7584,4.0,0.7583,904.0,0.7595,144.0,0.7596,556.0
1753533456470,12:37:36.470,API3/USDT:USDT,0.7584,4.0,0.7583,904.0,0.7595,144.0,0.7596,556.0
1753533456569,12:37:36.569,API3/USDT:USDT,0.7584,4.0,0.7583,271.0,0.7595,144.0,0.7596,556.0
1753533456725,12:37:36.725,API3/USDT:USDT,0.7586,633.0,0.7585,2109.0,0.7594,68.0,0.7595,144.0
1753533456771,12:37:36.771,API3/USDT:USDT,0.7587,4.0,0.7586,633.0,0.7594,68.0,0.7595,144.0
1753533456880,12:37:36.880,API3/USDT:USDT,0.7587,4.0,0.7586,633.0,0.7594,68.0,0.7595,144.0
1753533457705,12:37:37.705,API3/USDT:USDT,0.7587,4.0,0.7586,633.0,0.7594,68.0,0.7595,144.0
1753533458689,12:37:38.689,API3/USDT:USDT,0.7587,4.0,0.7586,633.0,0.7594,68.0,0.7595,144.0
1753533458870,12:37:38.870,API3/USDT:USDT,0.7587,4.0,0.7586,633.0,0.7594,68.0,0.7595,144.0
1753533459213,12:37:39.213,API3/USDT:USDT,0.7587,4.0,0.7586,633.0,0.7594,68.0,0.7595,144.0
1753533460324,12:37:40.324,API3/USDT:USDT,0.7587,4.0,0.7586,633.0,0.7594,68.0,0.7595,144.0
1753533461401,12:37:41.401,API3/USDT:USDT,0.7587,4.0,0.7586,633.0,0.7594,68.0,0.7595,144.0
1753533462670,12:37:42.670,API3/USDT:USDT,0.7587,4.0,0.7586,633.0,0.7594,68.0,0.7595,144.0
1753533463175,12:37:43.175,API3/USDT:USDT,0.7587,4.0,0.7586,633.0,0.7594,68.0,0.7595,144.0
1753533464012,12:37:44.012,API3/USDT:USDT,0.7587,4.0,0.7586,633.0,0.7594,68.0,0.7595,144.0
1753533468105,12:37:48.105,API3/USDT:USDT,0.7587,4.0,0.7586,633.0,0.7594,68.0,0.7595,144.0
1753533468589,12:37:48.589,API3/USDT:USDT,0.7587,4.0,0.7586,633.0,0.7594,68.0,0.7595,144.0
1753533468814,12:37:48.814,API3/USDT:USDT,0.7587,4.0,0.7586,633.0,0.7594,68.0,0.7595,144.0
1753533469081,12:37:49.081,API3/USDT:USDT,0.7587,4.0,0.7586,633.0,0.7594,68.0,0.7595,144.0
1753533470685,12:37:50.685,API3/USDT:USDT,0.7587,4.0,0.7586,633.0,0.7594,68.0,0.7595,144.0
1753533473335,12:37:53.335,API3/USDT:USDT,0.7587,4.0,0.7586,633.0,0.7594,68.0,0.7595,144.0
1753533473614,12:37:53.614,API3/USDT:USDT,0.7587,4.0,0.7586,633.0,0.7594,68.0,0.7595,144.0
1753533474178,12:37:54.178,API3/USDT:USDT,0.7587,4.0,0.7586,633.0,0.7594,68.0,0.7595,144.0
1753533474710,12:37:54.710,API3/USDT:USDT,0.7587,4.0,0.7586,633.0,0.7593,68.0,0.7594,68.0
1753533474816,12:37:54.816,API3/USDT:USDT,0.7587,4.0,0.7583,1341.0,0.7589,68.0,0.7594,84.0
1753533474862,12:37:54.862,API3/USDT:USDT,0.7584,4.0,0.7583,1341.0,0.7589,68.0,0.7591,84.0
1753533474996,12:37:54.996,API3/USDT:USDT,0.7584,4.0,0.7583,1341.0,0.7589,68.0,0.7591,84.0
1753533478248,12:37:58.248,API3/USDT:USDT,0.7584,4.0,0.7583,1341.0,0.7589,68.0,0.7591,84.0
1753533478412,12:37:58.412,API3/USDT:USDT,0.7584,4.0,0.7583,1341.0,0.7589,68.0,0.7591,84.0
1753533478430,12:37:58.430,API3/USDT:USDT,0.7584,4.0,0.7583,1341.0,0.7589,68.0,0.7591,84.0
1753533480690,12:38:00.690,API3/USDT:USDT,0.7584,4.0,0.7583,1341.0,0.7589,68.0,0.7591,84.0
1753533481098,12:38:01.098,API3/USDT:USDT,0.7584,4.0,0.7583,948.0,0.7589,68.0,0.7591,84.0
1753533481718,12:38:01.718,API3/USDT:USDT,0.7585,75.0,0.7584,4.0,0.7588,68.0,0.7589,68.0
1753533481778,12:38:01.778,API3/USDT:USDT,0.7586,4.0,0.7585,75.0,0.7587,68.0,0.7589,84.0
1753533481850,12:38:01.850,API3/USDT:USDT,0.7586,4.0,0.7583,948.0,0.7587,68.0,0.7589,84.0
1753533482198,12:38:02.198,API3/USDT:USDT,0.7584,2.0,0.7583,948.0,0.7587,68.0,0.7589,84.0
1753533482268,12:38:02.268,API3/USDT:USDT,0.7584,4.0,0.7583,948.0,0.7587,68.0,0.7589,84.0
1753533482686,12:38:02.686,API3/USDT:USDT,0.7584,4.0,0.7583,948.0,0.7587,68.0,0.7589,84.0
1753533483097,12:38:03.097,API3/USDT:USDT,0.7585,103.0,0.7584,4.0,0.7587,68.0,0.7589,84.0
1753533483212,12:38:03.212,API3/USDT:USDT,0.7583,948.0,0.7582,2508.0,0.7587,68.0,0.7589,84.0
1753533483235,12:38:03.235,API3/USDT:USDT,0.7584,4.0,0.7583,948.0,0.7587,68.0,0.7589,84.0
1753533483527,12:38:03.527,API3/USDT:USDT,0.7584,4.0,0.7583,948.0,0.7587,68.0,0.7589,84.0
1753533483596,12:38:03.596,API3/USDT:USDT,0.7584,4.0,0.7583,948.0,0.7587,68.0,0.7589,84.0
1753533484015,12:38:04.015,API3/USDT:USDT,0.7584,4.0,0.7583,677.0,0.7585,55.0,0.7589,84.0
1753533484050,12:38:04.050,API3/USDT:USDT,0.7584,4.0,0.7583,677.0,0.7585,55.0,0.7589,84.0
1753533484295,12:38:04.295,API3/USDT:USDT,0.7584,4.0,0.7583,677.0,0.7585,55.0,0.7589,84.0
1753533484336,12:38:04.336,API3/USDT:USDT,0.7584,4.0,0.7583,677.0,0.7585,55.0,0.7587,84.0
1753533484526,12:38:04.526,API3/USDT:USDT,0.7584,4.0,0.7582,2107.0,0.7585,55.0,0.7587,84.0
1753533484570,12:38:04.570,API3/USDT:USDT,0.7583,4.0,0.7582,2107.0,0.7585,55.0,0.7587,84.0
1753533484714,12:38:04.714,API3/USDT:USDT,0.7583,4.0,0.7582,2107.0,0.7585,55.0,0.7587,84.0
1753533484739,12:38:04.739,API3/USDT:USDT,0.7583,4.0,0.7582,2107.0,0.7585,55.0,0.7587,84.0
1753533484891,12:38:04.891,API3/USDT:USDT,0.7583,4.0,0.758,632.0,0.7584,68.0,0.7587,84.0
1753533484990,12:38:04.990,API3/USDT:USDT,0.7581,2.0,0.758,632.0,0.7582,68.0,0.7584,68.0
1753533485113,12:38:05.113,API3/USDT:USDT,0.7581,4.0,0.758,632.0,0.7582,68.0,0.7584,68.0
1753533485181,12:38:05.181,API3/USDT:USDT,0.7581,4.0,0.758,632.0,0.7582,68.0,0.7584,68.0
1753533485304,12:38:05.304,API3/USDT:USDT,0.7581,4.0,0.758,632.0,0.7582,68.0,0.7584,68.0
1753533485370,12:38:05.370,API3/USDT:USDT,0.7581,4.0,0.758,632.0,0.7582,68.0,0.7584,68.0
1753533485437,12:38:05.437,API3/USDT:USDT,0.7581,4.0,0.758,632.0,0.7582,68.0,0.7584,68.0
1753533485723,12:38:05.723,API3/USDT:USDT,0.7581,4.0,0.7579,2106.0,0.7582,68.0,0.7584,68.0
1753533485758,12:38:05.758,API3/USDT:USDT,0.758,4.0,0.7579,2106.0,0.7582,68.0,0.7584,68.0
1753533486011,12:38:06.011,API3/USDT:USDT,0.758,4.0,0.7577,632.0,0.7582,68.0,0.7584,68.0
1753533486116,12:38:06.116,API3/USDT:USDT,0.7578,4.0,0.7577,632.0,0.7581,84.0,0.7584,68.0
1753533486150,12:38:06.150,API3/USDT:USDT,0.7578,4.0,0.7577,632.0,0.7581,84.0,0.7584,68.0
1753533486400,12:38:06.400,API3/USDT:USDT,0.7578,4.0,0.7577,632.0,0.7581,84.0,0.7584,68.0
1753533486500,12:38:06.500,API3/USDT:USDT,0.7578,4.0,0.7577,632.0,0.7581,84.0,0.7584,68.0
1753533487079,12:38:07.079,API3/USDT:USDT,0.7578,4.0,0.7577,632.0,0.7581,84.0,0.7584,68.0
1753533487187,12:38:07.187,API3/USDT:USDT,0.7578,4.0,0.7577,632.0,0.7581,84.0,0.7584,68.0
1753533487748,12:38:07.748,API3/USDT:USDT,0.7578,4.0,0.7577,632.0,0.7581,84.0,0.7584,68.0
1753533488069,12:38:08.069,API3/USDT:USDT,0.7578,4.0,0.7577,632.0,0.7581,84.0,0.7584,68.0
1753533488348,12:38:08.348,API3/USDT:USDT,0.7578,4.0,0.7577,632.0,0.7581,84.0,0.7584,68.0
1753533489226,12:38:09.226,API3/USDT:USDT,0.7578,4.0,0.7577,632.0,0.7581,84.0,0.7584,68.0
1753533489250,12:38:09.250,API3/USDT:USDT,0.7578,4.0,0.7577,632.0,0.7581,84.0,0.7584,68.0
1753533490360,12:38:10.360,API3/USDT:USDT,0.7578,4.0,0.7577,632.0,0.7581,84.0,0.7584,68.0
1753533491609,12:38:11.609,API3/USDT:USDT,0.7578,4.0,0.7577,632.0,0.7581,84.0,0.7584,68.0
1753533491630,12:38:11.630,API3/USDT:USDT,0.7578,4.0,0.7577,632.0,0.7581,84.0,0.7584,68.0
1753533492005,12:38:12.005,API3/USDT:USDT,0.7578,4.0,0.7577,632.0,0.7584,68.0,0.7586,84.0
1753533492143,12:38:12.143,API3/USDT:USDT,0.7578,4.0,0.7577,632.0,0.7584,68.0,0.7586,84.0
1753533492470,12:38:12.470,API3/USDT:USDT,0.7578,4.0,0.7577,632.0,0.7579,68.0,0.7583,68.0
1753533492578,12:38:12.578,API3/USDT:USDT,0.7578,4.0,0.7577,632.0,0.7579,68.0,0.7581,84.0
1753533492630,12:38:12.630,API3/USDT:USDT,0.7578,4.0,0.7577,632.0,0.7579,68.0,0.7581,84.0
1753533492969,12:38:12.969,API3/USDT:USDT,0.7578,4.0,0.7577,632.0,0.7579,68.0,0.7581,84.0
1753533493070,12:38:13.070,API3/USDT:USDT,0.7578,4.0,0.7577,632.0,0.7581,84.0,0.7584,84.0
1753533493381,12:38:13.381,API3/USDT:USDT,0.7578,4.0,0.7577,632.0,0.7581,84.0,0.7584,84.0
1753533493458,12:38:13.458,API3/USDT:USDT,0.7578,4.0,0.7577,632.0,0.7581,84.0,0.7584,84.0
1753533494027,12:38:14.027,API3/USDT:USDT,0.7578,4.0,0.7577,632.0,0.7581,84.0,0.7584,84.0
1753533494686,12:38:14.686,API3/USDT:USDT,0.7578,4.0,0.7577,632.0,0.7581,84.0,0.7584,84.0
1753533495390,12:38:15.390,API3/USDT:USDT,0.7578,4.0,0.7577,632.0,0.7581,84.0,0.7584,84.0
1753533496814,12:38:16.814,API3/USDT:USDT,0.7578,4.0,0.7577,632.0,0.7581,84.0,0.7584,84.0
1753533496925,12:38:16.925,API3/USDT:USDT,0.7578,4.0,0.7577,632.0,0.7581,84.0,0.7584,84.0
1753533497019,12:38:17.019,API3/USDT:USDT,0.7578,4.0,0.7576,2106.0,0.7579,68.0,0.7581,84.0
1753533497101,12:38:17.101,API3/USDT:USDT,0.7577,4.0,0.7576,2106.0,0.7578,68.0,0.758,84.0
1753533497153,12:38:17.153,API3/USDT:USDT,0.7577,4.0,0.7576,2106.0,0.7578,68.0,0.758,84.0
1753533497325,12:38:17.325,API3/USDT:USDT,0.7577,4.0,0.7576,2106.0,0.7578,68.0,0.758,84.0
1753533497416,12:38:17.416,API3/USDT:USDT,0.7577,4.0,0.7576,2106.0,0.7578,68.0,0.758,84.0
1753533498827,12:38:18.827,API3/USDT:USDT,0.7577,4.0,0.7576,2106.0,0.7578,68.0,0.758,84.0
1753533498832,12:38:18.832,API3/USDT:USDT,0.7577,4.0,0.7576,2106.0,0.7578,68.0,0.758,84.0
1753533499205,12:38:19.205,API3/USDT:USDT,0.7577,4.0,0.7576,2106.0,0.7578,68.0,0.758,84.0
1753533499249,12:38:19.249,API3/USDT:USDT,0.7577,4.0,0.7576,2106.0,0.7578,68.0,0.758,84.0
1753533499356,12:38:19.356,API3/USDT:USDT,0.7577,4.0,0.7576,2106.0,0.7578,68.0,0.758,84.0
1753533500470,12:38:20.470,API3/USDT:USDT,0.7577,4.0,0.7576,2106.0,0.7578,68.0,0.758,84.0
1753533500650,12:38:20.650,API3/USDT:USDT,0.7577,4.0,0.7574,833.0,0.7578,68.0,0.758,84.0
1753533500797,12:38:20.797,API3/USDT:USDT,0.7575,4.0,0.7574,833.0,0.7577,68.0,0.7579,84.0
1753533501047,12:38:21.047,API3/USDT:USDT,0.7575,4.0,0.7574,833.0,0.7577,68.0,0.7579,84.0
1753533501410,12:38:21.410,API3/USDT:USDT,0.7575,4.0,0.7574,833.0,0.7577,55.0,0.7579,84.0
1753533501518,12:38:21.518,API3/USDT:USDT,0.7575,4.0,0.7574,833.0,0.7577,55.0,0.7579,84.0
1753533503369,12:38:23.369,API3/USDT:USDT,0.7575,4.0,0.7574,833.0,0.7577,55.0,0.7579,84.0
1753533503493,12:38:23.493,API3/USDT:USDT,0.7575,4.0,0.7574,833.0,0.7577,55.0,0.7579,84.0
1753533503628,12:38:23.628,API3/USDT:USDT,0.7575,4.0,0.7574,833.0,0.7577,55.0,0.7579,84.0
1753533506560,12:38:26.560,API3/USDT:USDT,0.7575,4.0,0.7574,833.0,0.7577,55.0,0.7579,84.0
1753533506686,12:38:26.686,API3/USDT:USDT,0.7575,4.0,0.7574,833.0,0.7577,55.0,0.7579,84.0
1753533508429,12:38:28.429,API3/USDT:USDT,0.7575,4.0,0.7574,833.0,0.7577,55.0,0.7579,84.0
1753533508949,12:38:28.949,API3/USDT:USDT,0.7575,4.0,0.7574,833.0,0.7577,55.0,0.7579,84.0
1753533509709,12:38:29.709,API3/USDT:USDT,0.7575,4.0,0.7574,833.0,0.7577,55.0,0.7579,84.0
1753533509730,12:38:29.730,API3/USDT:USDT,0.7575,4.0,0.7574,833.0,0.7577,55.0,0.7579,84.0
1753533510586,12:38:30.586,API3/USDT:USDT,0.7575,4.0,0.7574,833.0,0.7577,55.0,0.7579,84.0
1753533512366,12:38:32.366,API3/USDT:USDT,0.7575,4.0,0.7574,833.0,0.7577,55.0,0.7579,84.0
1753533513229,12:38:33.229,API3/USDT:USDT,0.7575,4.0,0.7574,833.0,0.7577,55.0,0.7579,84.0
1753533513982,12:38:33.982,API3/USDT:USDT,0.7575,4.0,0.7574,833.0,0.7579,84.0,0.7581,84.0
1753533514331,12:38:34.331,API3/USDT:USDT,0.7575,4.0,0.7574,833.0,0.7579,84.0,0.7581,84.0
1753533517124,12:38:37.124,API3/USDT:USDT,0.7575,4.0,0.7574,833.0,0.7579,84.0,0.7581,84.0
1753533518027,12:38:38.027,API3/USDT:USDT,0.7575,4.0,0.7574,833.0,0.7579,84.0,0.7581,84.0
1753533518049,12:38:38.049,API3/USDT:USDT,0.7575,4.0,0.7574,833.0,0.7579,84.0,0.7581,84.0
1753533518687,12:38:38.687,API3/USDT:USDT,0.7575,4.0,0.7574,833.0,0.7579,84.0,0.7581,84.0
1753533519038,12:38:39.038,API3/USDT:USDT,0.7575,4.0,0.7574,833.0,0.7579,84.0,0.7581,84.0
1753533522389,12:38:42.389,API3/USDT:USDT,0.7575,4.0,0.7574,833.0,0.7579,84.0,0.7581,84.0
1753533522827,12:38:42.827,API3/USDT:USDT,0.7575,4.0,0.7574,833.0,0.7579,84.0,0.7581,84.0
1753533522828,12:38:42.828,API3/USDT:USDT,0.7575,4.0,0.7574,833.0,0.7579,84.0,0.7581,84.0
1753533523489,12:38:43.489,API3/USDT:USDT,0.7575,4.0,0.7574,833.0,0.7579,84.0,0.7581,84.0
1753533525377,12:38:45.377,API3/USDT:USDT,0.7575,4.0,0.7574,833.0,0.7579,84.0,0.7581,84.0
1753533527627,12:38:47.627,API3/USDT:USDT,0.7575,4.0,0.7574,833.0,0.7579,84.0,0.7581,84.0
1753533527649,12:38:47.649,API3/USDT:USDT,0.7575,4.0,0.7574,833.0,0.7579,84.0,0.7581,84.0
1753533530691,12:38:50.691,API3/USDT:USDT,0.7575,4.0,0.7574,833.0,0.7579,84.0,0.7581,84.0
1753533532427,12:38:52.427,API3/USDT:USDT,0.7575,4.0,0.7574,833.0,0.7579,84.0,0.7581,84.0
1753533532428,12:38:52.428,API3/USDT:USDT,0.7575,4.0,0.7574,833.0,0.7579,84.0,0.7581,84.0
1753533534988,12:38:54.988,API3/USDT:USDT,0.7575,4.0,0.7574,833.0,0.7579,84.0,0.7581,84.0
1753533535069,12:38:55.069,API3/USDT:USDT,0.7575,4.0,0.7574,833.0,0.7579,84.0,0.7581,84.0
1753533535489,12:38:55.489,API3/USDT:USDT,0.7575,4.0,0.7574,833.0,0.7579,84.0,0.7581,84.0
1753533535993,12:38:55.993,API3/USDT:USDT,0.7575,4.0,0.7574,833.0,0.7581,84.0,0.7583,262.0
1753533536111,12:38:56.111,API3/USDT:USDT,0.7575,4.0,0.7574,833.0,0.7581,84.0,0.7583,262.0
1753533536131,12:38:56.131,API3/USDT:USDT,0.7575,4.0,0.7574,833.0,0.7581,84.0,0.7583,262.0
1753533537228,12:38:57.228,API3/USDT:USDT,0.7575,4.0,0.7574,833.0,0.7581,84.0,0.7583,262.0
1753533538017,12:38:58.017,API3/USDT:USDT,0.7575,4.0,0.7574,833.0,0.7581,84.0,0.7583,262.0
1753533538100,12:38:58.100,API3/USDT:USDT,0.7575,4.0,0.7574,833.0,0.7581,84.0,0.7583,262.0
1753533538735,12:38:58.735,API3/USDT:USDT,0.7575,4.0,0.7574,833.0,0.7581,84.0,0.7583,262.0
1753533539388,12:38:59.388,API3/USDT:USDT,0.7575,4.0,0.7574,833.0,0.7581,84.0,0.7583,262.0
1753533539739,12:38:59.739,API3/USDT:USDT,0.7575,4.0,0.7574,833.0,0.7581,84.0,0.7583,262.0
1753533540919,12:39:00.919,API3/USDT:USDT,0.7575,4.0,0.7574,833.0,0.7581,84.0,0.7583,262.0
1753533541507,12:39:01.507,API3/USDT:USDT,0.7575,4.0,0.7574,833.0,0.7581,84.0,0.7584,84.0
1753533541614,12:39:01.614,API3/USDT:USDT,0.7575,4.0,0.7574,833.0,0.7584,84.0,0.7586,84.0
1753533541649,12:39:01.649,API3/USDT:USDT,0.7575,4.0,0.7574,833.0,0.7584,84.0,0.7586,84.0
1753533542027,12:39:02.027,API3/USDT:USDT,0.7575,4.0,0.7574,833.0,0.7584,84.0,0.7586,84.0
1753533542050,12:39:02.050,API3/USDT:USDT,0.7575,4.0,0.7574,833.0,0.7584,84.0,0.7586,84.0
1753533542514,12:39:02.514,API3/USDT:USDT,0.7577,366.0,0.7575,4.0,0.7581,68.0,0.7582,68.0
1753533542576,12:39:02.576,API3/USDT:USDT,0.7578,4.0,0.7574,833.0,0.758,68.0,0.7582,84.0
1753533542688,12:39:02.688,API3/USDT:USDT,0.7575,4.0,0.7574,833.0,0.758,68.0,0.7582,84.0
1753533546619,12:39:06.619,API3/USDT:USDT,0.7575,4.0,0.7574,833.0,0.758,68.0,0.7582,84.0
1753533546827,12:39:06.827,API3/USDT:USDT,0.7577,455.0,0.7576,1516.0,0.758,68.0,0.7582,84.0
1753533546869,12:39:06.869,API3/USDT:USDT,0.7578,4.0,0.7574,833.0,0.758,68.0,0.7582,84.0
1753533547024,12:39:07.024,API3/USDT:USDT,0.7577,412.0,0.7576,1374.0,0.7582,84.0,0.7584,84.0
1753533547119,12:39:07.119,API3/USDT:USDT,0.7578,4.0,0.7574,833.0,0.758,68.0,0.7582,84.0
1753533547222,12:39:07.222,API3/USDT:USDT,0.7575,4.0,0.7574,833.0,0.7579,68.0,0.7581,84.0
1753533547403,12:39:07.403,API3/USDT:USDT,0.7575,4.0,0.7574,833.0,0.7581,84.0,0.7584,84.0
1753533547463,12:39:07.463,API3/USDT:USDT,0.7575,4.0,0.7574,833.0,0.7581,84.0,0.7584,84.0
1753533548316,12:39:08.316,API3/USDT:USDT,0.7577,271.0,0.7575,4.0,0.7584,84.0,0.7587,262.0
1753533548420,12:39:08.420,API3/USDT:USDT,0.7578,4.0,0.7577,271.0,0.7584,84.0,0.7586,84.0
1753533548682,12:39:08.682,API3/USDT:USDT,0.7578,4.0,0.7577,271.0,0.7584,84.0,0.7586,84.0
1753533550935,12:39:10.935,API3/USDT:USDT,0.7578,4.0,0.7577,271.0,0.7584,84.0,0.7586,84.0
1753533551396,12:39:11.396,API3/USDT:USDT,0.7578,4.0,0.7577,271.0,0.7584,84.0,0.7586,84.0
1753533551443,12:39:11.443,API3/USDT:USDT,0.7578,4.0,0.7577,271.0,0.7584,84.0,0.7586,84.0
1753533551650,12:39:11.650,API3/USDT:USDT,0.7578,4.0,0.7577,271.0,0.7584,84.0,0.7586,84.0
1753533551802,12:39:11.802,API3/USDT:USDT,0.7578,4.0,0.7577,271.0,0.7584,84.0,0.7586,84.0
1753533552302,12:39:12.302,API3/USDT:USDT,0.7578,4.0,0.7577,271.0,0.7584,84.0,0.7586,84.0
1753533554314,12:39:14.314,API3/USDT:USDT,0.7579,633.0,0.7578,2109.0,0.7584,84.0,0.7586,84.0
1753533554370,12:39:14.370,API3/USDT:USDT,0.758,4.0,0.7579,633.0,0.7586,84.0,0.7588,85.0
1753533554493,12:39:14.493,API3/USDT:USDT,0.758,4.0,0.7579,633.0,0.7586,84.0,0.7588,85.0
1753533554689,12:39:14.689,API3/USDT:USDT,0.758,4.0,0.7579,633.0,0.7586,84.0,0.7588,85.0
1753533554739,12:39:14.739,API3/USDT:USDT,0.758,4.0,0.7579,633.0,0.7586,84.0,0.7588,85.0
1753533555310,12:39:15.310,API3/USDT:USDT,0.758,4.0,0.7579,633.0,0.7586,84.0,0.7588,85.0
1753533555330,12:39:15.330,API3/USDT:USDT,0.758,4.0,0.7579,633.0,0.7586,84.0,0.7588,85.0
1753533555559,12:39:15.559,API3/USDT:USDT,0.758,4.0,0.7579,633.0,0.7586,84.0,0.7588,85.0
1753533556427,12:39:16.427,API3/USDT:USDT,0.758,4.0,0.7579,633.0,0.7586,84.0,0.7588,85.0
1753533556429,12:39:16.429,API3/USDT:USDT,0.758,4.0,0.7579,633.0,0.7586,84.0,0.7588,85.0
1753533559284,12:39:19.284,API3/USDT:USDT,0.758,4.0,0.7579,633.0,0.7586,84.0,0.7588,85.0
1753533559389,12:39:19.389,API3/USDT:USDT,0.758,4.0,0.7579,633.0,0.7586,84.0,0.7588,85.0
1753533561239,12:39:21.239,API3/USDT:USDT,0.758,4.0,0.7579,633.0,0.7586,84.0,0.7588,85.0
1753533564015,12:39:24.015,API3/USDT:USDT,0.758,4.0,0.7579,633.0,0.7586,84.0,0.7588,85.0
1753533564031,12:39:24.031,API3/USDT:USDT,0.758,4.0,0.7579,633.0,0.7586,84.0,0.7588,85.0
1753533564403,12:39:24.403,API3/USDT:USDT,0.758,4.0,0.7579,633.0,0.7586,84.0,0.7588,85.0
1753533564908,12:39:24.908,API3/USDT:USDT,0.758,4.0,0.7579,633.0,0.7586,84.0,0.7588,85.0
1753533565408,12:39:25.408,API3/USDT:USDT,0.758,4.0,0.7579,633.0,0.7586,84.0,0.7588,85.0
1753533566121,12:39:26.121,API3/USDT:USDT,0.758,4.0,0.7579,633.0,0.7586,84.0,0.7588,85.0
1753533566412,12:39:26.412,API3/USDT:USDT,0.758,4.0,0.7579,633.0,0.7586,84.0,0.7588,85.0
1753533570830,12:39:30.830,API3/USDT:USDT,0.758,4.0,0.7579,633.0,0.7586,84.0,0.7588,85.0
1753533574709,12:39:34.709,API3/USDT:USDT,0.758,4.0,0.7579,633.0,0.7583,68.0,0.7584,68.0
1753533574756,12:39:34.756,API3/USDT:USDT,0.758,4.0,0.7579,633.0,0.7583,68.0,0.7585,85.0
1753533574918,12:39:34.918,API3/USDT:USDT,0.758,4.0,0.7579,633.0,0.7583,68.0,0.7585,85.0
1753533575631,12:39:35.631,API3/USDT:USDT,0.758,4.0,0.7579,633.0,0.7583,68.0,0.7585,85.0
1753533577415,12:39:37.415,API3/USDT:USDT,0.758,4.0,0.7579,633.0,0.7583,68.0,0.7585,85.0
1753533579583,12:39:39.583,API3/USDT:USDT,0.758,4.0,0.7579,633.0,0.7585,85.0,0.7587,85.0
1753533579749,12:39:39.749,API3/USDT:USDT,0.758,4.0,0.7579,633.0,0.7585,85.0,0.7587,85.0
1753533580430,12:39:40.430,API3/USDT:USDT,0.758,4.0,0.7579,633.0,0.7585,85.0,0.7587,85.0
1753533581720,12:39:41.720,API3/USDT:USDT,0.758,4.0,0.7579,633.0,0.7585,85.0,0.7587,85.0
1753533581825,12:39:41.825,API3/USDT:USDT,0.758,4.0,0.7579,633.0,0.7587,85.0,0.759,147.0
1753533581851,12:39:41.851,API3/USDT:USDT,0.758,4.0,0.7579,633.0,0.7587,85.0,0.7589,85.0
1753533581954,12:39:41.954,API3/USDT:USDT,0.758,4.0,0.7579,633.0,0.7587,85.0,0.7589,85.0
1753533582172,12:39:42.172,API3/USDT:USDT,0.758,4.0,0.7579,633.0,0.7587,85.0,0.7589,85.0
1753533582425,12:39:42.425,API3/USDT:USDT,0.758,4.0,0.7579,633.0,0.7587,85.0,0.7589,85.0
1753533582796,12:39:42.796,API3/USDT:USDT,0.7581,251.0,0.758,4.0,0.7582,68.0,0.7586,68.0
1753533582883,12:39:42.883,API3/USDT:USDT,0.7582,68.0,0.758,4.0,0.7584,85.0,0.7586,68.0
1753533582992,12:39:42.992,API3/USDT:USDT,0.7582,68.0,0.7579,633.0,0.7584,85.0,0.7586,68.0
1753533583411,12:39:43.411,API3/USDT:USDT,0.7582,68.0,0.7579,633.0,0.7586,68.0,0.7588,85.0
1753533583483,12:39:43.483,API3/USDT:USDT,0.7583,4.0,0.7579,633.0,0.7584,68.0,0.7586,68.0
1753533583555,12:39:43.555,API3/USDT:USDT,0.758,4.0,0.7579,633.0,0.7584,68.0,0.7586,68.0
1753533583632,12:39:43.632,API3/USDT:USDT,0.758,4.0,0.7579,633.0,0.7584,68.0,0.7586,68.0
1753533583829,12:39:43.829,API3/USDT:USDT,0.758,4.0,0.7579,633.0,0.7584,68.0,0.7586,68.0
1753533584091,12:39:44.091,API3/USDT:USDT,0.7581,231.0,0.758,4.0,0.7585,68.0,0.7588,85.0
1753533584211,12:39:44.211,API3/USDT:USDT,0.7582,4.0,0.7579,633.0,0.7585,68.0,0.7588,85.0
1753533584314,12:39:44.314,API3/USDT:USDT,0.758,4.0,0.7579,633.0,0.7585,68.0,0.7587,85.0
1753533584350,12:39:44.350,API3/USDT:USDT,0.758,4.0,0.7579,633.0,0.7585,68.0,0.7587,85.0
1753533584670,12:39:44.670,API3/USDT:USDT,0.758,4.0,0.7579,633.0,0.7585,68.0,0.7587,85.0
1753533585249,12:39:45.249,API3/USDT:USDT,0.758,4.0,0.7579,633.0,0.7585,68.0,0.7587,85.0
1753533585486,12:39:45.486,API3/USDT:USDT,0.758,4.0,0.7579,633.0,0.7585,68.0,0.7587,85.0
1753533590089,12:39:50.089,API3/USDT:USDT,0.758,4.0,0.7579,633.0,0.7585,68.0,0.7587,85.0
1753533590277,12:39:50.277,API3/USDT:USDT,0.758,4.0,0.7579,633.0,0.7585,68.0,0.7587,85.0
1753533590415,12:39:50.415,API3/USDT:USDT,0.758,4.0,0.7579,633.0,0.7585,68.0,0.7587,85.0
1753533590429,12:39:50.429,API3/USDT:USDT,0.758,4.0,0.7579,633.0,0.7585,68.0,0.7587,85.0
1753533591423,12:39:51.423,API3/USDT:USDT,0.758,4.0,0.7579,633.0,0.7581,68.0,0.7584,68.0
1753533591527,12:39:51.527,API3/USDT:USDT,0.758,4.0,0.7579,633.0,0.7581,68.0,0.7584,68.0
1753533591528,12:39:51.528,API3/USDT:USDT,0.758,4.0,0.7579,633.0,0.7581,68.0,0.7584,68.0
1753533591753,12:39:51.753,API3/USDT:USDT,0.758,4.0,0.7579,633.0,0.7581,68.0,0.7584,68.0
1753533592316,12:39:52.316,API3/USDT:USDT,0.758,4.0,0.7579,633.0,0.7581,68.0,0.7584,68.0
1753533593221,12:39:53.221,API3/USDT:USDT,0.758,4.0,0.7579,633.0,0.7581,68.0,0.7584,68.0
1753533593229,12:39:53.229,API3/USDT:USDT,0.758,4.0,0.7579,633.0,0.7581,68.0,0.7584,68.0
1753533593566,12:39:53.566,API3/USDT:USDT,0.758,4.0,0.7579,633.0,0.7581,68.0,0.7584,68.0
1753533594423,12:39:54.423,API3/USDT:USDT,0.758,4.0,0.7579,633.0,0.7581,68.0,0.7584,68.0
1753533594850,12:39:54.850,API3/USDT:USDT,0.758,4.0,0.7579,633.0,0.7581,68.0,0.7584,68.0
1753533595023,12:39:55.023,API3/USDT:USDT,0.758,4.0,0.7579,633.0,0.7581,68.0,0.7584,68.0
1753533595058,12:39:55.058,API3/USDT:USDT,0.758,4.0,0.7578,2105.0,0.7581,68.0,0.7584,68.0
1753533595598,12:39:55.598,API3/USDT:USDT,0.7579,4.0,0.7578,2105.0,0.758,68.0,0.7582,85.0
1753533595652,12:39:55.652,API3/USDT:USDT,0.7579,4.0,0.7578,2105.0,0.758,68.0,0.7582,85.0
1753533595893,12:39:55.893,API3/USDT:USDT,0.7579,4.0,0.7578,2105.0,0.758,68.0,0.7582,85.0
1753533596005,12:39:56.005,API3/USDT:USDT,0.7579,4.0,0.7578,2105.0,0.758,68.0,0.7582,85.0
1753533598693,12:39:58.693,API3/USDT:USDT,0.7579,4.0,0.7578,2105.0,0.758,68.0,0.7582,85.0
1753533598795,12:39:58.795,API3/USDT:USDT,0.7579,4.0,0.7578,2105.0,0.758,68.0,0.7582,85.0
1753533598834,12:39:58.834,API3/USDT:USDT,0.7579,4.0,0.7578,2105.0,0.758,68.0,0.7582,85.0
1753533599631,12:39:59.631,API3/USDT:USDT,0.7579,4.0,0.7578,2105.0,0.758,68.0,0.7582,85.0
1753533600162,12:40:00.162,API3/USDT:USDT,0.7579,4.0,0.7578,2105.0,0.758,1600.0,0.7582,85.0
1753533600462,12:40:00.462,API3/USDT:USDT,0.7579,4.0,0.7578,2105.0,0.758,1600.0,0.7582,85.0
1753533601672,12:40:01.672,API3/USDT:USDT,0.7579,4.0,0.7578,2105.0,0.758,1532.0,0.7582,85.0
1753533601859,12:40:01.859,API3/USDT:USDT,0.7579,4.0,0.7578,2105.0,0.758,1532.0,0.7582,85.0
1753533603173,12:40:03.173,API3/USDT:USDT,0.7579,4.0,0.7578,2105.0,0.758,1532.0,0.7582,85.0
1753533603444,12:40:03.444,API3/USDT:USDT,0.7579,4.0,0.7578,2105.0,0.758,1532.0,0.7582,85.0
1753533603673,12:40:03.673,API3/USDT:USDT,0.7579,4.0,0.7578,2105.0,0.758,1532.0,0.7582,85.0
1753533604205,12:40:04.205,API3/USDT:USDT,0.7579,4.0,0.7578,2105.0,0.758,1532.0,0.7582,85.0
1753533604301,12:40:04.301,API3/USDT:USDT,0.7579,636.0,0.7578,2105.0,0.7586,262.0,0.7589,146.0
1753533604370,12:40:04.370,API3/USDT:USDT,0.7579,636.0,0.7578,2105.0,0.7588,86.0,0.7589,408.0
1753533604505,12:40:04.505,API3/USDT:USDT,0.7579,636.0,0.7578,2105.0,0.7588,86.0,0.7589,408.0
1753533605344,12:40:05.344,API3/USDT:USDT,0.7579,636.0,0.7578,2105.0,0.7588,86.0,0.7589,408.0
1753533605729,12:40:05.729,API3/USDT:USDT,0.7579,636.0,0.7578,2105.0,0.7588,86.0,0.7589,408.0
1753533606346,12:40:06.346,API3/USDT:USDT,0.7579,636.0,0.7578,2105.0,0.7588,86.0,0.7589,408.0
1753533606710,12:40:06.710,API3/USDT:USDT,0.7579,636.0,0.7578,2105.0,0.7588,86.0,0.7589,408.0
1753533609230,12:40:09.230,API3/USDT:USDT,0.7579,636.0,0.7578,2105.0,0.7588,86.0,0.7589,408.0
1753533611510,12:40:11.510,API3/USDT:USDT,0.758,54.0,0.7579,636.0,0.7583,68.0,0.7584,68.0
1753533611570,12:40:11.570,API3/USDT:USDT,0.758,54.0,0.7579,636.0,0.7582,68.0,0.7584,86.0
1753533611779,12:40:11.779,API3/USDT:USDT,0.758,54.0,0.7579,636.0,0.7582,68.0,0.7584,86.0
1753533612924,12:40:12.924,API3/USDT:USDT,0.758,54.0,0.7579,636.0,0.7584,86.0,0.7586,86.0
1753533612999,12:40:12.999,API3/USDT:USDT,0.758,54.0,0.7579,636.0,0.7584,86.0,0.7586,86.0
1753533614031,12:40:14.031,API3/USDT:USDT,0.758,54.0,0.7579,636.0,0.7584,86.0,0.7586,86.0
1753533616149,12:40:16.149,API3/USDT:USDT,0.758,54.0,0.7579,636.0,0.7584,86.0,0.7586,86.0
1753533616455,12:40:16.455,API3/USDT:USDT,0.758,54.0,0.7579,636.0,0.7584,86.0,0.7586,86.0
1753533618347,12:40:18.347,API3/USDT:USDT,0.758,54.0,0.7579,636.0,0.7584,86.0,0.7586,86.0
1753533618831,12:40:18.831,API3/USDT:USDT,0.758,54.0,0.7579,636.0,0.7584,86.0,0.7586,86.0
1753533619425,12:40:19.425,API3/USDT:USDT,0.758,54.0,0.7579,636.0,0.7584,86.0,0.7586,86.0
1753533619463,12:40:19.463,API3/USDT:USDT,0.758,54.0,0.7579,636.0,0.7584,86.0,0.7586,86.0
1753533621949,12:40:21.949,API3/USDT:USDT,0.758,54.0,0.7579,636.0,0.7584,86.0,0.7586,86.0
1753533623630,12:40:23.630,API3/USDT:USDT,0.758,54.0,0.7579,636.0,0.7584,86.0,0.7586,86.0
1753533623859,12:40:23.859,API3/USDT:USDT,0.758,54.0,0.7579,636.0,0.7584,86.0,0.7586,86.0
1753533628226,12:40:28.226,API3/USDT:USDT,0.758,54.0,0.7579,907.0,0.759,146.0,0.7592,86.0
1753533628288,12:40:28.288,API3/USDT:USDT,0.758,54.0,0.7579,907.0,0.759,146.0,0.7592,86.0
1753533628432,12:40:28.432,API3/USDT:USDT,0.758,54.0,0.7579,907.0,0.759,146.0,0.7592,86.0
1753533628614,12:40:28.614,API3/USDT:USDT,0.7579,907.0,0.7578,2105.0,0.759,146.0,0.7592,86.0
1753533628703,12:40:28.703,API3/USDT:USDT,0.7579,907.0,0.7578,2105.0,0.759,146.0,0.7592,86.0
