timestamp,time,symbol,bid1_price,bid1_volume,bid2_price,bid2_volume,ask1_price,ask1_volume,ask2_price,ask2_volume
1753533020000,12:30:20.000,COW/USDT:USDT,0.4001,77.0,0.4,11.0,0.4004,67.0,0.4005,71.0
1753533020028,12:30:20.028,COW/USDT:USDT,0.4001,77.0,0.4,11.0,0.4004,67.0,0.4005,71.0
1753533020032,12:30:20.032,COW/USDT:USDT,0.4001,79.0,0.4,11.0,0.4004,69.0,0.4005,71.0
1753533020183,12:30:20.183,COW/USDT:USDT,0.4001,79.0,0.4,11.0,0.4004,67.0,0.4005,71.0
1753533022062,12:30:22.062,COW/USDT:USDT,0.4001,77.0,0.4,11.0,0.4004,67.0,0.4005,71.0
1753533022454,12:30:22.454,COW/USDT:USDT,0.4001,77.0,0.4,11.0,0.4004,67.0,0.4005,71.0
1753533022818,12:30:22.818,COW/USDT:USDT,0.4001,77.0,0.4,11.0,0.4004,67.0,0.4005,71.0
1753533023371,12:30:23.371,COW/USDT:USDT,0.4,17.0,0.3999,77.0,0.4003,65.0,0.4004,71.0
1753533023510,12:30:23.510,COW/USDT:USDT,0.4001,12.0,0.4,82.0,0.4003,65.0,0.4004,71.0
1753533023612,12:30:23.612,COW/USDT:USDT,0.4001,12.0,0.4,76.0,0.4003,69.0,0.4004,71.0
1753533023662,12:30:23.662,COW/USDT:USDT,0.4001,12.0,0.4,76.0,0.4003,69.0,0.4004,71.0
1753533025065,12:30:25.065,COW/USDT:USDT,0.4001,12.0,0.4,76.0,0.4003,67.0,0.4004,71.0
1753533028149,12:30:28.149,COW/USDT:USDT,0.4001,12.0,0.4,76.0,0.4003,69.0,0.4004,71.0
1753533034022,12:30:34.022,COW/USDT:USDT,0.4,11.0,0.3999,66.0,0.4003,69.0,0.4004,71.0
1753533034052,12:30:34.052,COW/USDT:USDT,0.4,11.0,0.3999,77.0,0.4003,69.0,0.4004,71.0
1753533034143,12:30:34.143,COW/USDT:USDT,0.4,11.0,0.3999,77.0,0.4003,69.0,0.4004,71.0
1753533034426,12:30:34.426,COW/USDT:USDT,0.4,17.0,0.3999,77.0,0.4003,69.0,0.4004,71.0
1753533034559,12:30:34.559,COW/USDT:USDT,0.4,17.0,0.3999,77.0,0.4003,69.0,0.4004,71.0
1753533035074,12:30:35.074,COW/USDT:USDT,0.4,80.0,0.3999,77.0,0.4003,65.0,0.4004,71.0
1753533035376,12:30:35.376,COW/USDT:USDT,0.4,80.0,0.3999,77.0,0.4003,65.0,0.4004,71.0
1753533039325,12:30:39.325,COW/USDT:USDT,0.3998,403.0,0.3997,6.0,0.4002,66.0,0.4003,71.0
1753533039332,12:30:39.332,COW/USDT:USDT,0.3998,403.0,0.3997,6.0,0.4002,66.0,0.4003,71.0
1753533039443,12:30:39.443,COW/USDT:USDT,0.3998,403.0,0.3997,6.0,0.4002,66.0,0.4003,71.0
1753533039701,12:30:39.701,COW/USDT:USDT,0.3998,403.0,0.3996,85.0,0.4002,66.0,0.4003,71.0
1753533039872,12:30:39.872,COW/USDT:USDT,0.4,12.0,0.3999,77.0,0.4002,70.0,0.4003,71.0
1753533040006,12:30:40.006,COW/USDT:USDT,0.4,12.0,0.3999,77.0,0.4002,70.0,0.4003,71.0
1753533040277,12:30:40.277,COW/USDT:USDT,0.4,12.0,0.3999,77.0,0.4002,70.0,0.4003,71.0
1753533040690,12:30:40.690,COW/USDT:USDT,0.4,12.0,0.3999,77.0,0.4002,70.0,0.4003,71.0
1753533040997,12:30:40.997,COW/USDT:USDT,0.3999,77.0,0.3998,392.0,0.4002,70.0,0.4003,71.0
1753533041107,12:30:41.107,COW/USDT:USDT,0.3999,79.0,0.3998,403.0,0.4002,70.0,0.4003,71.0
1753533041160,12:30:41.160,COW/USDT:USDT,0.3999,79.0,0.3998,403.0,0.4002,70.0,0.4003,71.0
1753533041358,12:30:41.358,COW/USDT:USDT,0.3999,77.0,0.3998,403.0,0.4002,70.0,0.4003,71.0
1753533041525,12:30:41.525,COW/USDT:USDT,0.3999,77.0,0.3998,403.0,0.4002,70.0,0.4003,71.0
1753533041820,12:30:41.820,COW/USDT:USDT,0.3999,79.0,0.3998,403.0,0.4002,70.0,0.4003,71.0
1753533041939,12:30:41.939,COW/USDT:USDT,0.3999,79.0,0.3998,403.0,0.4002,70.0,0.4003,71.0
1753533042031,12:30:42.031,COW/USDT:USDT,0.3999,77.0,0.3998,403.0,0.4002,70.0,0.4003,71.0
1753533043820,12:30:43.820,COW/USDT:USDT,0.3999,79.0,0.3998,403.0,0.4002,70.0,0.4003,71.0
1753533043925,12:30:43.925,COW/USDT:USDT,0.3999,77.0,0.3998,403.0,0.4002,70.0,0.4003,71.0
1753533043966,12:30:43.966,COW/USDT:USDT,0.3999,79.0,0.3998,403.0,0.4002,70.0,0.4003,71.0
1753533044077,12:30:44.077,COW/USDT:USDT,0.3999,77.0,0.3998,403.0,0.4002,70.0,0.4003,71.0
1753533045938,12:30:45.938,COW/USDT:USDT,0.3999,77.0,0.3998,403.0,0.4002,70.0,0.4003,71.0
1753533046099,12:30:46.099,COW/USDT:USDT,0.3999,66.0,0.3998,403.0,0.4002,70.0,0.4003,71.0
1753533046568,12:30:46.568,COW/USDT:USDT,0.3999,66.0,0.3998,403.0,0.4002,74.0,0.4003,71.0
1753533046657,12:30:46.657,COW/USDT:USDT,0.3998,403.0,0.3996,85.0,0.4002,74.0,0.4003,71.0
1753533046772,12:30:46.772,COW/USDT:USDT,0.3998,403.0,0.3996,85.0,0.4002,74.0,0.4003,71.0
1753533047004,12:30:47.004,COW/USDT:USDT,0.3998,403.0,0.3996,85.0,0.4002,74.0,0.4003,71.0
1753533047193,12:30:47.193,COW/USDT:USDT,0.3998,403.0,0.3996,85.0,0.4002,74.0,0.4003,71.0
1753533047610,12:30:47.610,COW/USDT:USDT,0.3998,403.0,0.3996,85.0,0.4002,74.0,0.4003,71.0
1753533050012,12:30:50.012,COW/USDT:USDT,0.3998,403.0,0.3996,80.0,0.4002,74.0,0.4003,71.0
1753533050445,12:30:50.445,COW/USDT:USDT,0.3998,403.0,0.3996,80.0,0.4002,74.0,0.4003,71.0
1753533051012,12:30:51.012,COW/USDT:USDT,0.3998,403.0,0.3996,80.0,0.4002,74.0,0.4003,71.0
1753533052004,12:30:52.004,COW/USDT:USDT,0.3998,403.0,0.3996,80.0,0.4002,70.0,0.4003,71.0
1753533055598,12:30:55.598,COW/USDT:USDT,0.3998,403.0,0.3996,80.0,0.4002,70.0,0.4003,71.0
1753533056006,12:30:56.006,COW/USDT:USDT,0.3998,403.0,0.3996,80.0,0.4002,70.0,0.4003,71.0
1753533059596,12:30:59.596,COW/USDT:USDT,0.3998,403.0,0.3996,80.0,0.4002,70.0,0.4003,71.0
1753533059878,12:30:59.878,COW/USDT:USDT,0.3999,25.0,0.3998,403.0,0.4002,68.0,0.4003,71.0
1753533060010,12:31:00.010,COW/USDT:USDT,0.3999,25.0,0.3998,403.0,0.4002,68.0,0.4003,71.0
1753533060112,12:31:00.112,COW/USDT:USDT,0.3999,25.0,0.3998,403.0,0.4002,68.0,0.4003,71.0
1753533060594,12:31:00.594,COW/USDT:USDT,0.3999,25.0,0.3998,403.0,0.4002,66.0,0.4003,71.0
1753533063706,12:31:03.706,COW/USDT:USDT,0.3999,25.0,0.3998,403.0,0.4002,66.0,0.4003,71.0
1753533063800,12:31:03.800,COW/USDT:USDT,0.3999,25.0,0.3998,403.0,0.4002,66.0,0.4003,71.0
1753533067408,12:31:07.408,COW/USDT:USDT,0.3999,89.0,0.3998,403.0,0.4002,66.0,0.4003,71.0
1753533068524,12:31:08.524,COW/USDT:USDT,0.4001,12.0,0.4,12.0,0.4003,67.0,0.4004,71.0
1753533068556,12:31:08.556,COW/USDT:USDT,0.4001,12.0,0.4,12.0,0.4003,67.0,0.4004,71.0
1753533068664,12:31:08.664,COW/USDT:USDT,0.4001,12.0,0.4,12.0,0.4003,67.0,0.4004,71.0
1753533069070,12:31:09.070,COW/USDT:USDT,0.4001,12.0,0.4,12.0,0.4003,65.0,0.4004,71.0
1753533069184,12:31:09.184,COW/USDT:USDT,0.4001,14.0,0.4,12.0,0.4003,65.0,0.4004,71.0
1753533070005,12:31:10.005,COW/USDT:USDT,0.4001,14.0,0.4,12.0,0.4003,65.0,0.4004,71.0
1753533070042,12:31:10.042,COW/USDT:USDT,0.4001,14.0,0.4,12.0,0.4003,65.0,0.4004,71.0
1753533070320,12:31:10.320,COW/USDT:USDT,0.4001,14.0,0.4,12.0,0.4003,65.0,0.4004,71.0
1753533071004,12:31:11.004,COW/USDT:USDT,0.4001,14.0,0.4,12.0,0.4003,65.0,0.4004,71.0
1753533071222,12:31:11.222,COW/USDT:USDT,0.4001,12.0,0.4,12.0,0.4003,65.0,0.4004,71.0
1753533071321,12:31:11.321,COW/USDT:USDT,0.4001,12.0,0.4,12.0,0.4003,65.0,0.4004,71.0
1753533071590,12:31:11.590,COW/USDT:USDT,0.4001,12.0,0.4,12.0,0.4003,65.0,0.4004,71.0
1753533072011,12:31:12.011,COW/USDT:USDT,0.4001,14.0,0.4,12.0,0.4003,65.0,0.4004,71.0
1753533072098,12:31:12.098,COW/USDT:USDT,0.4001,2.0,0.4,12.0,0.4003,65.0,0.4004,71.0
1753533072179,12:31:12.179,COW/USDT:USDT,0.4001,2.0,0.4,12.0,0.4003,67.0,0.4004,71.0
1753533072692,12:31:12.692,COW/USDT:USDT,0.4,12.0,0.3999,75.0,0.4003,65.0,0.4004,71.0
1753533073111,12:31:13.111,COW/USDT:USDT,0.4,18.0,0.3999,75.0,0.4003,65.0,0.4004,71.0
1753533078017,12:31:18.017,COW/USDT:USDT,0.4002,12.0,0.4001,12.0,0.4004,65.0,0.4005,71.0
1753533078090,12:31:18.090,COW/USDT:USDT,0.4002,12.0,0.4001,12.0,0.4004,67.0,0.4005,71.0
1753533078198,12:31:18.198,COW/USDT:USDT,0.4002,12.0,0.4001,12.0,0.4004,67.0,0.4005,71.0
1753533078236,12:31:18.236,COW/USDT:USDT,0.4002,12.0,0.4001,12.0,0.4004,67.0,0.4005,71.0
1753533078377,12:31:18.377,COW/USDT:USDT,0.4002,12.0,0.4001,12.0,0.4004,67.0,0.4005,71.0
1753533078685,12:31:18.685,COW/USDT:USDT,0.4002,12.0,0.4001,12.0,0.4004,65.0,0.4005,71.0
1753533079010,12:31:19.010,COW/USDT:USDT,0.4002,12.0,0.4001,12.0,0.4004,67.0,0.4005,71.0
1753533079150,12:31:19.150,COW/USDT:USDT,0.4002,12.0,0.4001,12.0,0.4004,67.0,0.4005,71.0
1753533079284,12:31:19.284,COW/USDT:USDT,0.4002,12.0,0.4001,12.0,0.4004,67.0,0.4005,71.0
1753533079606,12:31:19.606,COW/USDT:USDT,0.4002,12.0,0.4001,12.0,0.4004,67.0,0.4005,71.0
1753533080178,12:31:20.178,COW/USDT:USDT,0.4002,12.0,0.4001,12.0,0.4004,67.0,0.4005,71.0
1753533081620,12:31:21.620,COW/USDT:USDT,0.4001,12.0,0.4,51.0,0.4004,69.0,0.4005,71.0
1753533081715,12:31:21.715,COW/USDT:USDT,0.4,51.0,0.3999,75.0,0.4004,69.0,0.4005,71.0
1753533081813,12:31:21.813,COW/USDT:USDT,0.4,114.0,0.3999,75.0,0.4004,69.0,0.4005,71.0
1753533082047,12:31:22.047,COW/USDT:USDT,0.4,114.0,0.3999,75.0,0.4004,69.0,0.4005,71.0
1753533082214,12:31:22.214,COW/USDT:USDT,0.4,51.0,0.3999,75.0,0.4003,63.0,0.4004,69.0
1753533082232,12:31:22.232,COW/USDT:USDT,0.4,51.0,0.3999,75.0,0.4003,63.0,0.4004,73.0
1753533082863,12:31:22.863,COW/USDT:USDT,0.4,51.0,0.3999,75.0,0.4003,63.0,0.4004,73.0
1753533083346,12:31:23.346,COW/USDT:USDT,0.4,51.0,0.3999,75.0,0.4003,63.0,0.4004,71.0
1753533090366,12:31:30.366,COW/USDT:USDT,0.4,114.0,0.3999,75.0,0.4003,63.0,0.4004,71.0
1753533090446,12:31:30.446,COW/USDT:USDT,0.4,51.0,0.3999,75.0,0.4003,63.0,0.4004,71.0
1753533091898,12:31:31.898,COW/USDT:USDT,0.4,51.0,0.3999,75.0,0.4003,63.0,0.4004,71.0
1753533093190,12:31:33.190,COW/USDT:USDT,0.4,51.0,0.3999,75.0,0.4003,63.0,0.4004,71.0
1753533093714,12:31:33.714,COW/USDT:USDT,0.4002,12.0,0.4001,12.0,0.4004,65.0,0.4005,71.0
1753533093799,12:31:33.799,COW/USDT:USDT,0.4002,12.0,0.4001,75.0,0.4004,67.0,0.4005,71.0
1753533093901,12:31:33.901,COW/USDT:USDT,0.4002,12.0,0.4001,75.0,0.4004,67.0,0.4005,71.0
1753533094103,12:31:34.103,COW/USDT:USDT,0.4002,12.0,0.4001,75.0,0.4004,84.0,0.4005,71.0
1753533094132,12:31:34.132,COW/USDT:USDT,0.4002,12.0,0.4001,75.0,0.4004,84.0,0.4005,71.0
1753533094269,12:31:34.269,COW/USDT:USDT,0.4002,12.0,0.4001,75.0,0.4004,67.0,0.4005,71.0
1753533094546,12:31:34.546,COW/USDT:USDT,0.4002,12.0,0.4001,75.0,0.4004,67.0,0.4005,71.0
1753533095358,12:31:35.358,COW/USDT:USDT,0.4002,12.0,0.4001,75.0,0.4004,69.0,0.4005,71.0
1753533095838,12:31:35.838,COW/USDT:USDT,0.4002,12.0,0.4001,75.0,0.4004,67.0,0.4005,71.0
1753533095976,12:31:35.976,COW/USDT:USDT,0.4002,12.0,0.4001,75.0,0.4004,67.0,0.4005,71.0
1753533097006,12:31:37.006,COW/USDT:USDT,0.4002,12.0,0.4001,75.0,0.4004,67.0,0.4005,71.0
1753533097816,12:31:37.816,COW/USDT:USDT,0.4002,12.0,0.4001,75.0,0.4004,67.0,0.4005,71.0
1753533098026,12:31:38.026,COW/USDT:USDT,0.4002,12.0,0.4001,75.0,0.4004,69.0,0.4005,71.0
1753533098319,12:31:38.319,COW/USDT:USDT,0.4002,12.0,0.4001,75.0,0.4004,67.0,0.4005,71.0
1753533098476,12:31:38.476,COW/USDT:USDT,0.4002,12.0,0.4001,75.0,0.4004,69.0,0.4005,71.0
1753533099156,12:31:39.156,COW/USDT:USDT,0.4002,12.0,0.4001,75.0,0.4004,67.0,0.4005,71.0
1753533099425,12:31:39.425,COW/USDT:USDT,0.4002,12.0,0.4001,75.0,0.4004,69.0,0.4005,71.0
1753533100831,12:31:40.831,COW/USDT:USDT,0.4002,12.0,0.4001,75.0,0.4004,67.0,0.4005,71.0
1753533101415,12:31:41.415,COW/USDT:USDT,0.4002,12.0,0.4001,75.0,0.4004,69.0,0.4005,71.0
1753533101539,12:31:41.539,COW/USDT:USDT,0.4001,75.0,0.4,114.0,0.4004,69.0,0.4005,71.0
1753533101868,12:31:41.868,COW/USDT:USDT,0.4001,75.0,0.4,114.0,0.4004,69.0,0.4005,71.0
1753533102281,12:31:42.281,COW/USDT:USDT,0.4001,75.0,0.4,114.0,0.4004,69.0,0.4005,71.0
1753533102368,12:31:42.368,COW/USDT:USDT,0.4001,75.0,0.4,114.0,0.4004,67.0,0.4005,71.0
1753533102697,12:31:42.697,COW/USDT:USDT,0.4001,75.0,0.4,114.0,0.4004,67.0,0.4005,71.0
1753533103166,12:31:43.166,COW/USDT:USDT,0.4001,75.0,0.4,114.0,0.4004,67.0,0.4005,71.0
1753533105601,12:31:45.601,COW/USDT:USDT,0.4001,75.0,0.4,114.0,0.4004,67.0,0.4005,71.0
1753533105866,12:31:45.866,COW/USDT:USDT,0.4001,75.0,0.4,114.0,0.4004,65.0,0.4005,71.0
1753533106205,12:31:46.205,COW/USDT:USDT,0.4001,75.0,0.4,114.0,0.4004,65.0,0.4005,71.0
1753533107705,12:31:47.705,COW/USDT:USDT,0.4001,75.0,0.4,114.0,0.4005,71.0,0.4006,406.0
1753533107728,12:31:47.728,COW/USDT:USDT,0.4001,75.0,0.4,114.0,0.4005,71.0,0.4006,406.0
1753533109093,12:31:49.093,COW/USDT:USDT,0.4001,75.0,0.4,114.0,0.4005,71.0,0.4006,276.0
1753533110009,12:31:50.009,COW/USDT:USDT,0.4001,75.0,0.4,114.0,0.4005,71.0,0.4006,276.0
1753533113025,12:31:53.025,COW/USDT:USDT,0.4002,78.0,0.4001,75.0,0.4006,201.0,0.4007,202.0
1753533113121,12:31:53.121,COW/USDT:USDT,0.4004,14.0,0.4003,12.0,0.4006,73.0,0.4007,72.0
1753533113215,12:31:53.215,COW/USDT:USDT,0.4005,12.0,0.4003,12.0,0.4007,74.0,0.4008,324.0
1753533113244,12:31:53.244,COW/USDT:USDT,0.4005,12.0,0.4004,11.0,0.4007,74.0,0.4008,324.0
1753533113352,12:31:53.352,COW/USDT:USDT,0.4005,12.0,0.4004,11.0,0.4007,74.0,0.4008,324.0
1753533113607,12:31:53.607,COW/USDT:USDT,0.4005,12.0,0.4004,11.0,0.4007,74.0,0.4008,324.0
1753533113701,12:31:53.701,COW/USDT:USDT,0.4005,12.0,0.4004,11.0,0.4007,74.0,0.4008,324.0
1753533114003,12:31:54.003,COW/USDT:USDT,0.4005,12.0,0.4004,11.0,0.4007,78.0,0.4008,324.0
1753533114211,12:31:54.211,COW/USDT:USDT,0.4004,11.0,0.4003,11.0,0.4007,78.0,0.4008,324.0
1753533114262,12:31:54.262,COW/USDT:USDT,0.4004,11.0,0.4003,11.0,0.4007,78.0,0.4008,324.0
1753533114430,12:31:54.430,COW/USDT:USDT,0.4004,11.0,0.4003,11.0,0.4007,78.0,0.4008,324.0
1753533114849,12:31:54.849,COW/USDT:USDT,0.4004,11.0,0.4003,11.0,0.4007,78.0,0.4008,324.0
1753533115090,12:31:55.090,COW/USDT:USDT,0.4004,11.0,0.4003,11.0,0.4006,68.0,0.4007,72.0
1753533116175,12:31:56.175,COW/USDT:USDT,0.4004,13.0,0.4003,11.0,0.4006,66.0,0.4007,72.0
1753533116486,12:31:56.486,COW/USDT:USDT,0.4004,13.0,0.4003,11.0,0.4006,68.0,0.4007,72.0
1753533117856,12:31:57.856,COW/USDT:USDT,0.4004,13.0,0.4003,11.0,0.4006,66.0,0.4007,72.0
1753533118877,12:31:58.877,COW/USDT:USDT,0.4004,11.0,0.4003,11.0,0.4006,68.0,0.4007,72.0
1753533119122,12:31:59.122,COW/USDT:USDT,0.4003,11.0,0.4002,66.0,0.4006,70.0,0.4007,72.0
1753533119227,12:31:59.227,COW/USDT:USDT,0.4003,11.0,0.4002,66.0,0.4006,70.0,0.4007,72.0
1753533119498,12:31:59.498,COW/USDT:USDT,0.4003,11.0,0.4002,66.0,0.4006,70.0,0.4007,72.0
1753533119718,12:31:59.718,COW/USDT:USDT,0.4003,17.0,0.4002,66.0,0.4006,70.0,0.4007,72.0
1753533120009,12:32:00.009,COW/USDT:USDT,0.4004,12.0,0.4003,11.0,0.4006,68.0,0.4007,72.0
1753533120300,12:32:00.300,COW/USDT:USDT,0.4004,12.0,0.4003,11.0,0.4006,74.0,0.4007,72.0
1753533120359,12:32:00.359,COW/USDT:USDT,0.4004,12.0,0.4003,11.0,0.4006,74.0,0.4007,72.0
1753533120539,12:32:00.539,COW/USDT:USDT,0.4004,12.0,0.4003,11.0,0.4006,72.0,0.4007,72.0
1753533121100,12:32:01.100,COW/USDT:USDT,0.4003,11.0,0.4001,74.0,0.4006,72.0,0.4007,72.0
1753533121471,12:32:01.471,COW/USDT:USDT,0.4003,17.0,0.4001,74.0,0.4006,72.0,0.4007,72.0
1753533123784,12:32:03.784,COW/USDT:USDT,0.4003,17.0,0.4002,40.0,0.4006,70.0,0.4007,72.0
1753533128506,12:32:08.506,COW/USDT:USDT,0.4003,17.0,0.4002,40.0,0.4005,68.0,0.4006,66.0
1753533128606,12:32:08.606,COW/USDT:USDT,0.4003,17.0,0.4002,40.0,0.4005,68.0,0.4006,66.0
1753533128639,12:32:08.639,COW/USDT:USDT,0.4003,17.0,0.4002,40.0,0.4005,68.0,0.4006,66.0
1753533128961,12:32:08.961,COW/USDT:USDT,0.4003,17.0,0.4002,40.0,0.4005,70.0,0.4006,66.0
1753533129063,12:32:09.063,COW/USDT:USDT,0.4003,17.0,0.4002,40.0,0.4005,70.0,0.4006,66.0
1753533129692,12:32:09.692,COW/USDT:USDT,0.4003,17.0,0.4002,40.0,0.4005,70.0,0.4006,66.0
1753533129881,12:32:09.881,COW/USDT:USDT,0.4003,17.0,0.4002,40.0,0.4005,70.0,0.4006,66.0
1753533130003,12:32:10.003,COW/USDT:USDT,0.4004,12.0,0.4003,11.0,0.4006,70.0,0.4007,72.0
1753533130297,12:32:10.297,COW/USDT:USDT,0.4004,12.0,0.4003,11.0,0.4006,70.0,0.4007,72.0
1753533131274,12:32:11.274,COW/USDT:USDT,0.4003,11.0,0.4002,40.0,0.4006,215.0,0.4007,72.0
1753533131376,12:32:11.376,COW/USDT:USDT,0.4003,17.0,0.4002,40.0,0.4006,222.0,0.4007,72.0
1753533131518,12:32:11.518,COW/USDT:USDT,0.4003,17.0,0.4002,40.0,0.4006,222.0,0.4007,72.0
1753533131934,12:32:11.934,COW/USDT:USDT,0.4003,17.0,0.4002,40.0,0.4006,222.0,0.4007,72.0
1753533132243,12:32:12.243,COW/USDT:USDT,0.4003,17.0,0.4002,40.0,0.4006,222.0,0.4007,72.0
1753533134325,12:32:14.325,COW/USDT:USDT,0.4003,6.0,0.4002,40.0,0.4006,222.0,0.4007,72.0
1753533134330,12:32:14.330,COW/USDT:USDT,0.4003,6.0,0.4002,40.0,0.4006,222.0,0.4007,72.0
1753533134479,12:32:14.479,COW/USDT:USDT,0.4003,6.0,0.4002,40.0,0.4006,222.0,0.4007,72.0
1753533140393,12:32:20.393,COW/USDT:USDT,0.4002,40.0,0.4001,74.0,0.4006,222.0,0.4007,72.0
1753533140499,12:32:20.499,COW/USDT:USDT,0.4002,40.0,0.4001,74.0,0.4005,63.0,0.4006,74.0
1753533140816,12:32:20.816,COW/USDT:USDT,0.4002,40.0,0.4001,74.0,0.4005,63.0,0.4006,74.0
1753533141208,12:32:21.208,COW/USDT:USDT,0.4002,40.0,0.4001,74.0,0.4005,63.0,0.4006,74.0
1753533141230,12:32:21.230,COW/USDT:USDT,0.4002,40.0,0.4001,74.0,0.4005,63.0,0.4006,72.0
1753533141550,12:32:21.550,COW/USDT:USDT,0.4002,40.0,0.4001,74.0,0.4005,63.0,0.4006,72.0
1753533142005,12:32:22.005,COW/USDT:USDT,0.4002,40.0,0.4001,74.0,0.4005,63.0,0.4006,72.0
1753533142041,12:32:22.041,COW/USDT:USDT,0.4002,40.0,0.4001,74.0,0.4005,63.0,0.4006,72.0
1753533142954,12:32:22.954,COW/USDT:USDT,0.4002,40.0,0.4001,74.0,0.4005,63.0,0.4006,72.0
1753533144879,12:32:24.879,COW/USDT:USDT,0.4002,40.0,0.4001,74.0,0.4005,69.0,0.4006,72.0
1753533146265,12:32:26.265,COW/USDT:USDT,0.4002,40.0,0.4001,74.0,0.4005,63.0,0.4006,72.0
1753533148004,12:32:28.004,COW/USDT:USDT,0.4002,40.0,0.4001,74.0,0.4005,63.0,0.4006,72.0
1753533148429,12:32:28.429,COW/USDT:USDT,0.4002,40.0,0.4001,74.0,0.4005,63.0,0.4006,72.0
1753533149004,12:32:29.004,COW/USDT:USDT,0.4002,40.0,0.4001,74.0,0.4005,63.0,0.4006,72.0
1753533152506,12:32:32.506,COW/USDT:USDT,0.4002,40.0,0.4001,74.0,0.4005,63.0,0.4006,72.0
1753533152638,12:32:32.638,COW/USDT:USDT,0.4002,40.0,0.4001,74.0,0.4005,63.0,0.4006,72.0
1753533155567,12:32:35.567,COW/USDT:USDT,0.4001,74.0,0.4,74.0,0.4005,67.0,0.4006,72.0
1753533156593,12:32:36.593,COW/USDT:USDT,0.4003,12.0,0.4002,64.0,0.4005,65.0,0.4006,72.0
1753533156636,12:32:36.636,COW/USDT:USDT,0.4003,12.0,0.4002,64.0,0.4005,65.0,0.4006,72.0
1753533156758,12:32:36.758,COW/USDT:USDT,0.4003,12.0,0.4002,64.0,0.4005,65.0,0.4006,72.0
1753533157003,12:32:37.003,COW/USDT:USDT,0.4003,12.0,0.4002,64.0,0.4005,65.0,0.4006,72.0
1753533157049,12:32:37.049,COW/USDT:USDT,0.4003,12.0,0.4002,64.0,0.4005,65.0,0.4006,72.0
1753533158003,12:32:38.003,COW/USDT:USDT,0.4003,12.0,0.4002,64.0,0.4005,65.0,0.4006,72.0
1753533158188,12:32:38.188,COW/USDT:USDT,0.4003,12.0,0.4002,64.0,0.4005,65.0,0.4006,72.0
1753533159004,12:32:39.004,COW/USDT:USDT,0.4003,12.0,0.4002,64.0,0.4005,65.0,0.4006,72.0
1753533161183,12:32:41.183,COW/USDT:USDT,0.4003,12.0,0.4002,64.0,0.4005,65.0,0.4006,72.0
1753533162005,12:32:42.005,COW/USDT:USDT,0.4003,12.0,0.4002,64.0,0.4005,65.0,0.4006,72.0
1753533162317,12:32:42.317,COW/USDT:USDT,0.4003,12.0,0.4002,64.0,0.4005,65.0,0.4006,72.0
1753533165010,12:32:45.010,COW/USDT:USDT,0.4003,12.0,0.4002,64.0,0.4005,65.0,0.4006,72.0
1753533165369,12:32:45.369,COW/USDT:USDT,0.4003,14.0,0.4002,64.0,0.4005,65.0,0.4006,72.0
1753533165842,12:32:45.842,COW/USDT:USDT,0.4003,14.0,0.4002,64.0,0.4005,65.0,0.4006,72.0
1753533166009,12:32:46.009,COW/USDT:USDT,0.4003,14.0,0.4002,64.0,0.4005,65.0,0.4006,72.0
1753533166030,12:32:46.030,COW/USDT:USDT,0.4003,12.0,0.4002,64.0,0.4005,65.0,0.4006,72.0
1753533167050,12:32:47.050,COW/USDT:USDT,0.4003,14.0,0.4002,64.0,0.4005,63.0,0.4006,72.0
1753533168007,12:32:48.007,COW/USDT:USDT,0.4003,14.0,0.4002,64.0,0.4005,63.0,0.4006,72.0
1753533168284,12:32:48.284,COW/USDT:USDT,0.4003,14.0,0.4002,64.0,0.4005,65.0,0.4006,72.0
1753533168461,12:32:48.461,COW/USDT:USDT,0.4003,12.0,0.4002,64.0,0.4005,65.0,0.4006,72.0
1753533168712,12:32:48.712,COW/USDT:USDT,0.4001,74.0,0.4,63.0,0.4005,67.0,0.4006,72.0
1753533168758,12:32:48.758,COW/USDT:USDT,0.4001,74.0,0.4,74.0,0.4005,67.0,0.4006,72.0
1753533169549,12:32:49.549,COW/USDT:USDT,0.4001,74.0,0.4,74.0,0.4005,67.0,0.4006,72.0
1753533169859,12:32:49.859,COW/USDT:USDT,0.4001,74.0,0.4,74.0,0.4005,71.0,0.4006,72.0
1753533169988,12:32:49.988,COW/USDT:USDT,0.4001,74.0,0.4,74.0,0.4004,63.0,0.4005,71.0
1753533170293,12:32:50.293,COW/USDT:USDT,0.4001,74.0,0.4,74.0,0.4004,63.0,0.4005,71.0
1753533170714,12:32:50.714,COW/USDT:USDT,0.4001,74.0,0.4,74.0,0.4004,63.0,0.4005,71.0
1753533177504,12:32:57.504,COW/USDT:USDT,0.4001,74.0,0.4,74.0,0.4004,63.0,0.4005,71.0
1753533177539,12:32:57.539,COW/USDT:USDT,0.4001,74.0,0.4,74.0,0.4004,63.0,0.4005,71.0
1753533180211,12:33:00.211,COW/USDT:USDT,0.4001,74.0,0.4,74.0,0.4004,63.0,0.4005,69.0
1753533180273,12:33:00.273,COW/USDT:USDT,0.4001,74.0,0.4,74.0,0.4004,63.0,0.4005,69.0
1753533184263,12:33:04.263,COW/USDT:USDT,0.4001,74.0,0.4,74.0,0.4004,63.0,0.4005,69.0
1753533185004,12:33:05.004,COW/USDT:USDT,0.4001,74.0,0.4,74.0,0.4004,63.0,0.4005,69.0
1753533190973,12:33:10.973,COW/USDT:USDT,0.4002,12.0,0.4001,74.0,0.4005,69.0,0.4006,72.0
1753533191231,12:33:11.231,COW/USDT:USDT,0.4002,18.0,0.4001,74.0,0.4005,69.0,0.4006,72.0
1753533191702,12:33:11.702,COW/USDT:USDT,0.4002,18.0,0.4001,74.0,0.4005,69.0,0.4006,72.0
1753533192105,12:33:12.105,COW/USDT:USDT,0.4002,12.0,0.4001,74.0,0.4005,69.0,0.4006,72.0
1753533192144,12:33:12.144,COW/USDT:USDT,0.4002,12.0,0.4001,74.0,0.4005,73.0,0.4006,72.0
1753533192340,12:33:12.340,COW/USDT:USDT,0.4002,12.0,0.4001,74.0,0.4004,65.0,0.4005,69.0
1753533192517,12:33:12.517,COW/USDT:USDT,0.4002,12.0,0.4001,74.0,0.4004,67.0,0.4005,69.0
1753533193493,12:33:13.493,COW/USDT:USDT,0.4002,12.0,0.4001,74.0,0.4004,65.0,0.4005,69.0
1753533193694,12:33:13.694,COW/USDT:USDT,0.4002,12.0,0.4001,74.0,0.4004,67.0,0.4005,69.0
1753533193955,12:33:13.955,COW/USDT:USDT,0.3999,64.0,0.3998,392.0,0.4003,63.0,0.4004,71.0
1753533194046,12:33:14.046,COW/USDT:USDT,0.3999,64.0,0.3998,403.0,0.4003,63.0,0.4004,71.0
1753533194142,12:33:14.142,COW/USDT:USDT,0.3999,64.0,0.3998,403.0,0.4003,63.0,0.4004,71.0
1753533194511,12:33:14.511,COW/USDT:USDT,0.4001,12.0,0.3999,64.0,0.4003,67.0,0.4004,69.0
1753533194620,12:33:14.620,COW/USDT:USDT,0.4001,12.0,0.4,11.0,0.4003,67.0,0.4004,69.0
1753533195012,12:33:15.012,COW/USDT:USDT,0.4,11.0,0.3999,75.0,0.4003,67.0,0.4004,69.0
1753533195397,12:33:15.397,COW/USDT:USDT,0.4001,12.0,0.4,11.0,0.4003,67.0,0.4004,69.0
1753533195452,12:33:15.452,COW/USDT:USDT,0.4001,12.0,0.4,11.0,0.4003,67.0,0.4004,69.0
1753533195810,12:33:15.810,COW/USDT:USDT,0.4001,12.0,0.4,11.0,0.4003,67.0,0.4004,69.0
1753533196626,12:33:16.626,COW/USDT:USDT,0.4,11.0,0.3999,75.0,0.4003,67.0,0.4004,69.0
1753533197041,12:33:17.041,COW/USDT:USDT,0.4,11.0,0.3999,75.0,0.4003,67.0,0.4004,69.0
1753533197213,12:33:17.213,COW/USDT:USDT,0.4,80.0,0.3999,75.0,0.4003,67.0,0.4004,69.0
1753533197276,12:33:17.276,COW/USDT:USDT,0.4,80.0,0.3999,75.0,0.4003,67.0,0.4004,69.0
1753533197455,12:33:17.455,COW/USDT:USDT,0.4,80.0,0.3999,75.0,0.4003,67.0,0.4004,69.0
1753533198950,12:33:18.950,COW/USDT:USDT,0.4,80.0,0.3999,75.0,0.4003,67.0,0.4004,69.0
1753533199075,12:33:19.075,COW/USDT:USDT,0.4,80.0,0.3999,75.0,0.4003,67.0,0.4004,69.0
1753533201267,12:33:21.267,COW/USDT:USDT,0.4,80.0,0.3999,75.0,0.4003,63.0,0.4004,69.0
1753533206084,12:33:26.084,COW/USDT:USDT,0.4,80.0,0.3999,75.0,0.4004,69.0,0.4005,69.0
1753533206149,12:33:26.149,COW/USDT:USDT,0.4,80.0,0.3999,75.0,0.4004,69.0,0.4005,69.0
1753533206324,12:33:26.324,COW/USDT:USDT,0.4,80.0,0.3999,75.0,0.4004,69.0,0.4005,69.0
1753533206565,12:33:26.565,COW/USDT:USDT,0.4,80.0,0.3999,75.0,0.4004,257.0,0.4005,69.0
1753533206740,12:33:26.740,COW/USDT:USDT,0.4,80.0,0.3999,75.0,0.4004,257.0,0.4005,69.0
1753533207876,12:33:27.876,COW/USDT:USDT,0.4,80.0,0.3999,75.0,0.4004,261.0,0.4005,69.0
1753533207966,12:33:27.966,COW/USDT:USDT,0.4,80.0,0.3999,75.0,0.4004,261.0,0.4005,69.0
1753533208891,12:33:28.891,COW/USDT:USDT,0.4002,14.0,0.4001,77.0,0.4004,63.0,0.4005,69.0
1753533208975,12:33:28.975,COW/USDT:USDT,0.4002,14.0,0.4001,77.0,0.4004,63.0,0.4005,69.0
1753533209184,12:33:29.184,COW/USDT:USDT,0.4002,14.0,0.4001,77.0,0.4004,63.0,0.4005,69.0
1753533209481,12:33:29.481,COW/USDT:USDT,0.4002,14.0,0.4001,77.0,0.4004,65.0,0.4005,69.0
1753533209599,12:33:29.599,COW/USDT:USDT,0.4001,77.0,0.4,11.0,0.4004,67.0,0.4005,69.0
1753533209999,12:33:29.999,COW/USDT:USDT,0.4001,77.0,0.4,11.0,0.4004,67.0,0.4005,69.0
1753533210031,12:33:30.031,COW/USDT:USDT,0.4001,12.0,0.4,11.0,0.4004,67.0,0.4005,69.0
1753533210412,12:33:30.412,COW/USDT:USDT,0.4001,12.0,0.4,11.0,0.4004,67.0,0.4005,69.0
1753533210502,12:33:30.502,COW/USDT:USDT,0.4001,12.0,0.4,11.0,0.4004,63.0,0.4005,69.0
1753533210802,12:33:30.802,COW/USDT:USDT,0.4001,12.0,0.4,51.0,0.4004,63.0,0.4005,69.0
1753533210901,12:33:30.901,COW/USDT:USDT,0.4001,18.0,0.4,51.0,0.4004,63.0,0.4005,69.0
1753533211003,12:33:31.003,COW/USDT:USDT,0.4001,12.0,0.4,51.0,0.4004,63.0,0.4005,69.0
1753533213776,12:33:33.776,COW/USDT:USDT,0.4001,77.0,0.4,51.0,0.4004,63.0,0.4005,69.0
1753533214086,12:33:34.086,COW/USDT:USDT,0.4001,77.0,0.4,51.0,0.4004,63.0,0.4005,69.0
1753533217718,12:33:37.718,COW/USDT:USDT,0.4001,12.0,0.4,51.0,0.4004,63.0,0.4005,69.0
1753533218120,12:33:38.120,COW/USDT:USDT,0.4001,12.0,0.4,51.0,0.4004,63.0,0.4005,69.0
1753533219871,12:33:39.871,COW/USDT:USDT,0.4001,12.0,0.4,51.0,0.4004,63.0,0.4005,69.0
1753533219970,12:33:39.970,COW/USDT:USDT,0.4001,12.0,0.4,51.0,0.4004,63.0,0.4005,69.0
1753533221763,12:33:41.763,COW/USDT:USDT,0.4001,12.0,0.4,51.0,0.4004,63.0,0.4005,69.0
1753533226586,12:33:46.586,COW/USDT:USDT,0.4,116.0,0.3999,75.0,0.4004,63.0,0.4005,69.0
1753533226999,12:33:46.999,COW/USDT:USDT,0.4,116.0,0.3999,75.0,0.4004,63.0,0.4005,69.0
1753533229997,12:33:49.997,COW/USDT:USDT,0.4,116.0,0.3999,75.0,0.4004,63.0,0.4005,69.0
1753533232015,12:33:52.015,COW/USDT:USDT,0.4,116.0,0.3999,75.0,0.4004,63.0,0.4005,69.0
1753533232123,12:33:52.123,COW/USDT:USDT,0.4002,12.0,0.4001,11.0,0.4004,65.0,0.4005,69.0
1753533232176,12:33:52.176,COW/USDT:USDT,0.4002,12.0,0.4001,11.0,0.4004,65.0,0.4005,69.0
1753533232240,12:33:52.240,COW/USDT:USDT,0.4002,12.0,0.4001,11.0,0.4004,65.0,0.4005,69.0
1753533233061,12:33:53.061,COW/USDT:USDT,0.4002,12.0,0.4001,11.0,0.4004,65.0,0.4005,69.0
1753533233217,12:33:53.217,COW/USDT:USDT,0.4001,11.0,0.4,105.0,0.4004,65.0,0.4005,69.0
1753533233269,12:33:53.269,COW/USDT:USDT,0.4001,11.0,0.4,116.0,0.4004,65.0,0.4005,69.0
1753533233475,12:33:53.475,COW/USDT:USDT,0.4001,11.0,0.4,116.0,0.4004,65.0,0.4005,69.0
1753533233899,12:33:53.899,COW/USDT:USDT,0.4001,11.0,0.4,116.0,0.4004,65.0,0.4005,69.0
1753533235005,12:33:55.005,COW/USDT:USDT,0.4001,11.0,0.4,116.0,0.4004,65.0,0.4005,69.0
1753533235133,12:33:55.133,COW/USDT:USDT,0.4001,11.0,0.4,116.0,0.4004,65.0,0.4005,69.0
1753533235476,12:33:55.476,COW/USDT:USDT,0.4001,17.0,0.4,116.0,0.4004,65.0,0.4005,69.0
1753533239987,12:33:59.987,COW/USDT:USDT,0.4001,17.0,0.4,116.0,0.4004,65.0,0.4005,69.0
1753533240367,12:34:00.367,COW/USDT:USDT,0.4001,17.0,0.4,116.0,0.4004,65.0,0.4005,69.0
1753533240523,12:34:00.523,COW/USDT:USDT,0.4002,12.0,0.4001,76.0,0.4004,65.0,0.4005,69.0
1753533240534,12:34:00.534,COW/USDT:USDT,0.4002,12.0,0.4001,76.0,0.4004,65.0,0.4005,69.0
1753533240783,12:34:00.783,COW/USDT:USDT,0.4002,12.0,0.4001,76.0,0.4004,65.0,0.4005,69.0
1753533242021,12:34:02.021,COW/USDT:USDT,0.4002,12.0,0.4001,76.0,0.4004,65.0,0.4005,69.0
1753533242031,12:34:02.031,COW/USDT:USDT,0.4002,12.0,0.4001,76.0,0.4004,63.0,0.4005,69.0
1753533242176,12:34:02.176,COW/USDT:USDT,0.4002,12.0,0.4001,76.0,0.4004,65.0,0.4005,69.0
1753533242410,12:34:02.410,COW/USDT:USDT,0.4002,12.0,0.4001,76.0,0.4004,65.0,0.4005,69.0
1753533243004,12:34:03.004,COW/USDT:USDT,0.4002,12.0,0.4001,76.0,0.4004,65.0,0.4005,69.0
1753533244184,12:34:04.184,COW/USDT:USDT,0.4002,14.0,0.4001,76.0,0.4004,63.0,0.4005,69.0
1753533246005,12:34:06.005,COW/USDT:USDT,0.4002,12.0,0.4001,76.0,0.4004,67.0,0.4005,69.0
1753533246576,12:34:06.576,COW/USDT:USDT,0.4002,12.0,0.4001,76.0,0.4004,67.0,0.4005,69.0
1753533247006,12:34:07.006,COW/USDT:USDT,0.4002,12.0,0.4001,76.0,0.4004,67.0,0.4005,69.0
1753533247267,12:34:07.267,COW/USDT:USDT,0.4002,14.0,0.4001,76.0,0.4004,65.0,0.4005,69.0
1753533247657,12:34:07.657,COW/USDT:USDT,0.4002,12.0,0.4001,76.0,0.4004,67.0,0.4005,69.0
1753533248786,12:34:08.786,COW/USDT:USDT,0.4002,14.0,0.4001,76.0,0.4004,65.0,0.4005,69.0
1753533249310,12:34:09.310,COW/USDT:USDT,0.4002,14.0,0.4001,76.0,0.4004,63.0,0.4005,69.0
1753533249847,12:34:09.847,COW/USDT:USDT,0.4002,12.0,0.4001,76.0,0.4004,63.0,0.4005,69.0
1753533249957,12:34:09.957,COW/USDT:USDT,0.4002,12.0,0.4001,76.0,0.4004,65.0,0.4005,69.0
1753533251924,12:34:11.924,COW/USDT:USDT,0.4002,12.0,0.4001,76.0,0.4004,65.0,0.4005,69.0
1753533252111,12:34:12.111,COW/USDT:USDT,0.4002,12.0,0.4001,76.0,0.4004,67.0,0.4005,69.0
1753533252170,12:34:12.170,COW/USDT:USDT,0.4002,12.0,0.4001,76.0,0.4004,67.0,0.4005,69.0
1753533252846,12:34:12.846,COW/USDT:USDT,0.4002,12.0,0.4001,76.0,0.4004,67.0,0.4005,69.0
1753533253662,12:34:13.662,COW/USDT:USDT,0.4002,12.0,0.4001,76.0,0.4004,65.0,0.4005,69.0
1753533254006,12:34:14.006,COW/USDT:USDT,0.4002,12.0,0.4001,76.0,0.4004,65.0,0.4005,69.0
1753533254111,12:34:14.111,COW/USDT:USDT,0.4002,12.0,0.4001,76.0,0.4004,63.0,0.4005,69.0
1753533254184,12:34:14.184,COW/USDT:USDT,0.4002,14.0,0.4001,76.0,0.4004,65.0,0.4005,69.0
1753533254524,12:34:14.524,COW/USDT:USDT,0.4002,14.0,0.4001,76.0,0.4004,63.0,0.4005,69.0
1753533257077,12:34:17.077,COW/USDT:USDT,0.4002,16.0,0.4001,76.0,0.4004,63.0,0.4005,69.0
1753533257761,12:34:17.761,COW/USDT:USDT,0.4002,12.0,0.4001,76.0,0.4004,65.0,0.4005,69.0
1753533258164,12:34:18.164,COW/USDT:USDT,0.4002,12.0,0.4001,76.0,0.4004,67.0,0.4005,69.0
1753533258396,12:34:18.396,COW/USDT:USDT,0.4002,78.0,0.4001,76.0,0.4005,63.0,0.4006,72.0
1753533258526,12:34:18.526,COW/USDT:USDT,0.4003,12.0,0.4002,78.0,0.4005,63.0,0.4006,72.0
1753533258624,12:34:18.624,COW/USDT:USDT,0.4004,18.0,0.4003,12.0,0.4006,68.0,0.4007,277.0
1753533258728,12:34:18.728,COW/USDT:USDT,0.4004,12.0,0.4003,12.0,0.4006,648.0,0.4007,147.0
1753533258736,12:34:18.736,COW/USDT:USDT,0.4004,12.0,0.4003,12.0,0.4006,648.0,0.4007,72.0
1753533258916,12:34:18.916,COW/USDT:USDT,0.4004,12.0,0.4003,12.0,0.4006,648.0,0.4007,72.0
1753533259007,12:34:19.007,COW/USDT:USDT,0.4004,12.0,0.4003,12.0,0.4006,648.0,0.4007,72.0
1753533259334,12:34:19.334,COW/USDT:USDT,0.4004,12.0,0.4003,12.0,0.4006,648.0,0.4007,72.0
1753533259687,12:34:19.687,COW/USDT:USDT,0.4004,12.0,0.4003,12.0,0.4006,68.0,0.4007,72.0
1753533259744,12:34:19.744,COW/USDT:USDT,0.4004,12.0,0.4003,12.0,0.4006,68.0,0.4007,72.0
1753533260253,12:34:20.253,COW/USDT:USDT,0.4004,12.0,0.4003,75.0,0.4006,68.0,0.4007,72.0
1753533260499,12:34:20.499,COW/USDT:USDT,0.4004,12.0,0.4003,75.0,0.4006,66.0,0.4007,72.0
1753533260590,12:34:20.590,COW/USDT:USDT,0.4004,12.0,0.4003,75.0,0.4006,68.0,0.4007,72.0
1753533260989,12:34:20.989,COW/USDT:USDT,0.4004,12.0,0.4003,75.0,0.4006,68.0,0.4007,72.0
1753533261560,12:34:21.560,COW/USDT:USDT,0.4004,12.0,0.4003,75.0,0.4006,66.0,0.4007,72.0
1753533261662,12:34:21.662,COW/USDT:USDT,0.4004,12.0,0.4003,75.0,0.4006,68.0,0.4007,72.0
1753533261788,12:34:21.788,COW/USDT:USDT,0.4003,75.0,0.4002,40.0,0.4006,176.0,0.4007,72.0
1753533263007,12:34:23.007,COW/USDT:USDT,0.4003,75.0,0.4002,40.0,0.4006,176.0,0.4007,72.0
1753533263423,12:34:23.423,COW/USDT:USDT,0.4003,75.0,0.4002,40.0,0.4006,176.0,0.4007,72.0
1753533266134,12:34:26.134,COW/USDT:USDT,0.4003,75.0,0.4002,40.0,0.4006,176.0,0.4007,72.0
1753533267614,12:34:27.614,COW/USDT:USDT,0.4003,12.0,0.4002,40.0,0.4005,63.0,0.4006,176.0
1753533267725,12:34:27.725,COW/USDT:USDT,0.4004,12.0,0.4003,14.0,0.4005,63.0,0.4006,66.0
1753533267771,12:34:27.771,COW/USDT:USDT,0.4004,12.0,0.4003,14.0,0.4006,68.0,0.4007,72.0
1753533267858,12:34:27.858,COW/USDT:USDT,0.4004,12.0,0.4003,14.0,0.4006,68.0,0.4007,72.0
1753533267981,12:34:27.981,COW/USDT:USDT,0.4004,12.0,0.4003,14.0,0.4006,68.0,0.4007,72.0
1753533268037,12:34:28.037,COW/USDT:USDT,0.4004,12.0,0.4003,14.0,0.4006,70.0,0.4007,72.0
1753533268750,12:34:28.750,COW/USDT:USDT,0.4004,12.0,0.4003,14.0,0.4005,63.0,0.4006,70.0
1753533269083,12:34:29.083,COW/USDT:USDT,0.4004,12.0,0.4003,14.0,0.4005,63.0,0.4006,70.0
1753533270229,12:34:30.229,COW/USDT:USDT,0.4004,12.0,0.4003,14.0,0.4005,63.0,0.4006,68.0
1753533275915,12:34:35.915,COW/USDT:USDT,0.4003,16.0,0.4002,40.0,0.4005,63.0,0.4006,68.0
1753533275989,12:34:35.989,COW/USDT:USDT,0.4003,16.0,0.4002,40.0,0.4005,63.0,0.4006,68.0
1753533276574,12:34:36.574,COW/USDT:USDT,0.4003,22.0,0.4002,40.0,0.4005,63.0,0.4006,68.0
1753533277211,12:34:37.211,COW/USDT:USDT,0.4003,22.0,0.4002,40.0,0.4005,63.0,0.4006,68.0
1753533278992,12:34:38.992,COW/USDT:USDT,0.4003,22.0,0.4002,40.0,0.4005,63.0,0.4006,68.0
1753533280924,12:34:40.924,COW/USDT:USDT,0.4001,76.0,0.4,17.0,0.4005,65.0,0.4006,72.0
1753533281019,12:34:41.019,COW/USDT:USDT,0.4002,14.0,0.4001,76.0,0.4004,66.0,0.4005,65.0
1753533281055,12:34:41.055,COW/USDT:USDT,0.4002,14.0,0.4001,76.0,0.4004,66.0,0.4005,65.0
1753533281232,12:34:41.232,COW/USDT:USDT,0.4002,80.0,0.4001,76.0,0.4005,65.0,0.4006,72.0
1753533281609,12:34:41.609,COW/USDT:USDT,0.4002,80.0,0.4001,76.0,0.4005,63.0,0.4006,72.0
1753533281687,12:34:41.687,COW/USDT:USDT,0.4002,80.0,0.4001,76.0,0.4005,63.0,0.4006,72.0
1753533288848,12:34:48.848,COW/USDT:USDT,0.4002,80.0,0.4001,76.0,0.4005,63.0,0.4006,72.0
1753533289018,12:34:49.018,COW/USDT:USDT,0.4004,12.0,0.4003,76.0,0.4006,68.0,0.4007,72.0
1753533289101,12:34:49.101,COW/USDT:USDT,0.4004,12.0,0.4003,76.0,0.4006,68.0,0.4007,72.0
1753533289493,12:34:49.493,COW/USDT:USDT,0.4003,12.0,0.4002,66.0,0.4006,183.0,0.4007,72.0
1753533292293,12:34:52.293,COW/USDT:USDT,0.4003,12.0,0.4002,66.0,0.4006,183.0,0.4007,72.0
1753533293085,12:34:53.085,COW/USDT:USDT,0.4003,12.0,0.4002,66.0,0.4006,183.0,0.4007,72.0
1753533293211,12:34:53.211,COW/USDT:USDT,0.4003,12.0,0.4002,66.0,0.4006,183.0,0.4007,72.0
1753533294318,12:34:54.318,COW/USDT:USDT,0.4004,12.0,0.4003,12.0,0.4006,183.0,0.4007,72.0
1753533294391,12:34:54.391,COW/USDT:USDT,0.4004,12.0,0.4003,12.0,0.4006,183.0,0.4007,72.0
1753533294537,12:34:54.537,COW/USDT:USDT,0.4004,12.0,0.4003,12.0,0.4006,183.0,0.4007,72.0
1753533295112,12:34:55.112,COW/USDT:USDT,0.4005,12.0,0.4004,86.0,0.4007,66.0,0.4008,72.0
1753533295226,12:34:55.226,COW/USDT:USDT,0.4005,12.0,0.4004,78.0,0.4007,68.0,0.4008,72.0
1753533295270,12:34:55.270,COW/USDT:USDT,0.4005,12.0,0.4004,78.0,0.4007,68.0,0.4008,72.0
1753533295375,12:34:55.375,COW/USDT:USDT,0.4005,12.0,0.4004,78.0,0.4007,68.0,0.4008,72.0
1753533295682,12:34:55.682,COW/USDT:USDT,0.4005,12.0,0.4004,78.0,0.4007,68.0,0.4008,72.0
1753533295779,12:34:55.779,COW/USDT:USDT,0.4005,12.0,0.4004,78.0,0.4007,68.0,0.4008,72.0
1753533296013,12:34:56.013,COW/USDT:USDT,0.4005,12.0,0.4004,78.0,0.4007,68.0,0.4008,72.0
1753533296076,12:34:56.076,COW/USDT:USDT,0.4005,12.0,0.4004,78.0,0.4007,68.0,0.4008,72.0
1753533296622,12:34:56.622,COW/USDT:USDT,0.4006,12.0,0.4005,78.0,0.4008,68.0,0.4009,72.0
1753533297012,12:34:57.012,COW/USDT:USDT,0.4006,12.0,0.4005,78.0,0.4008,68.0,0.4009,72.0
1753533298412,12:34:58.412,COW/USDT:USDT,0.4005,78.0,0.4004,75.0,0.4008,68.0,0.4009,72.0
1753533298723,12:34:58.723,COW/USDT:USDT,0.4005,78.0,0.4004,75.0,0.4008,68.0,0.4009,72.0
1753533298735,12:34:58.735,COW/USDT:USDT,0.4005,78.0,0.4004,75.0,0.4008,68.0,0.4009,72.0
1753533299052,12:34:59.052,COW/USDT:USDT,0.4005,78.0,0.4004,75.0,0.4008,68.0,0.4009,72.0
1753533300401,12:35:00.401,COW/USDT:USDT,0.4005,14.0,0.4004,75.0,0.4007,63.0,0.4008,68.0
1753533300515,12:35:00.515,COW/USDT:USDT,0.4005,12.0,0.4004,75.0,0.4007,65.0,0.4008,66.0
1753533300623,12:35:00.623,COW/USDT:USDT,0.4005,12.0,0.4004,75.0,0.4007,65.0,0.4008,66.0
1753533301087,12:35:01.087,COW/USDT:USDT,0.4005,14.0,0.4004,75.0,0.4007,65.0,0.4008,66.0
1753533301317,12:35:01.317,COW/USDT:USDT,0.4005,14.0,0.4004,75.0,0.4007,65.0,0.4008,66.0
1753533301405,12:35:01.405,COW/USDT:USDT,0.4005,12.0,0.4004,75.0,0.4007,67.0,0.4008,72.0
1753533302510,12:35:02.510,COW/USDT:USDT,0.4005,12.0,0.4004,75.0,0.4007,65.0,0.4008,72.0
1753533302774,12:35:02.774,COW/USDT:USDT,0.4005,14.0,0.4004,75.0,0.4007,65.0,0.4008,72.0
1753533303114,12:35:03.114,COW/USDT:USDT,0.4006,12.0,0.4005,77.0,0.4008,68.0,0.4009,72.0
1753533303151,12:35:03.151,COW/USDT:USDT,0.4006,12.0,0.4005,77.0,0.4008,68.0,0.4009,72.0
1753533303324,12:35:03.324,COW/USDT:USDT,0.4004,64.0,0.4002,77.0,0.4007,63.0,0.4008,76.0
1753533303363,12:35:03.363,COW/USDT:USDT,0.4004,64.0,0.4003,11.0,0.4007,752.0,0.4008,72.0
1753533303491,12:35:03.491,COW/USDT:USDT,0.4004,64.0,0.4003,11.0,0.4007,63.0,0.4008,72.0
1753533303908,12:35:03.908,COW/USDT:USDT,0.4004,64.0,0.4003,11.0,0.4007,63.0,0.4008,72.0
1753533304006,12:35:04.006,COW/USDT:USDT,0.4004,64.0,0.4003,11.0,0.4007,63.0,0.4008,72.0
1753533304183,12:35:04.183,COW/USDT:USDT,0.4004,64.0,0.4003,11.0,0.4007,65.0,0.4008,72.0
1753533305212,12:35:05.212,COW/USDT:USDT,0.4003,74.0,0.4002,66.0,0.4006,63.0,0.4007,71.0
1753533308092,12:35:08.092,COW/USDT:USDT,0.4004,63.0,0.4003,74.0,0.4007,65.0,0.4008,72.0
1753533308149,12:35:08.149,COW/USDT:USDT,0.4004,63.0,0.4003,74.0,0.4007,65.0,0.4008,72.0
1753533308345,12:35:08.345,COW/USDT:USDT,0.4004,63.0,0.4003,74.0,0.4007,65.0,0.4008,72.0
1753533309161,12:35:09.161,COW/USDT:USDT,0.4004,63.0,0.4003,74.0,0.4007,65.0,0.4008,72.0
1753533309318,12:35:09.318,COW/USDT:USDT,0.4003,74.0,0.4002,66.0,0.4006,65.0,0.4007,65.0
1753533309397,12:35:09.397,COW/USDT:USDT,0.4004,12.0,0.4003,74.0,0.4006,69.0,0.4007,69.0
1753533309577,12:35:09.577,COW/USDT:USDT,0.4004,12.0,0.4003,74.0,0.4006,69.0,0.4007,69.0
1753533311971,12:35:11.971,COW/USDT:USDT,0.4003,74.0,0.4002,66.0,0.4006,69.0,0.4007,69.0
1753533312404,12:35:12.404,COW/USDT:USDT,0.4003,74.0,0.4002,66.0,0.4006,69.0,0.4007,69.0
1753533314328,12:35:14.328,COW/USDT:USDT,0.4003,74.0,0.4002,66.0,0.4006,69.0,0.4007,69.0
1753533314328,12:35:14.328,COW/USDT:USDT,0.4003,74.0,0.4002,66.0,0.4006,69.0,0.4007,69.0
1753533330912,12:35:30.912,COW/USDT:USDT,0.4004,16.0,0.4003,74.0,0.4006,65.0,0.4007,69.0
1753533331005,12:35:31.005,COW/USDT:USDT,0.4004,16.0,0.4003,74.0,0.4006,65.0,0.4007,69.0
1753533336991,12:35:36.991,COW/USDT:USDT,0.4003,74.0,0.4002,66.0,0.4006,65.0,0.4007,69.0
1753533338319,12:35:38.319,COW/USDT:USDT,0.4005,12.0,0.4004,67.0,0.4007,69.0,0.4008,72.0
1753533338418,12:35:38.418,COW/USDT:USDT,0.4005,12.0,0.4004,78.0,0.4007,71.0,0.4008,72.0
1753533338584,12:35:38.584,COW/USDT:USDT,0.4005,12.0,0.4004,78.0,0.4007,71.0,0.4008,72.0
1753533339598,12:35:39.598,COW/USDT:USDT,0.4005,12.0,0.4004,78.0,0.4007,71.0,0.4008,72.0
1753533339707,12:35:39.707,COW/USDT:USDT,0.4005,12.0,0.4004,78.0,0.4007,67.0,0.4008,72.0
1753533339880,12:35:39.880,COW/USDT:USDT,0.4005,14.0,0.4004,76.0,0.4007,67.0,0.4008,72.0
1753533340399,12:35:40.399,COW/USDT:USDT,0.4005,12.0,0.4004,76.0,0.4007,71.0,0.4008,72.0
1753533344484,12:35:44.484,COW/USDT:USDT,0.4005,12.0,0.4004,76.0,0.4007,807.0,0.4008,72.0
1753533346053,12:35:46.053,COW/USDT:USDT,0.4004,13.0,0.4003,11.0,0.4006,65.0,0.4007,71.0
1753533348520,12:35:48.520,COW/USDT:USDT,0.4004,15.0,0.4003,11.0,0.4006,65.0,0.4007,71.0
1753533348532,12:35:48.532,COW/USDT:USDT,0.4004,15.0,0.4003,11.0,0.4006,65.0,0.4007,71.0
1753533350597,12:35:50.597,COW/USDT:USDT,0.4004,84.0,0.4003,11.0,0.4007,63.0,0.4008,72.0
1753533350722,12:35:50.722,COW/USDT:USDT,0.4005,12.0,0.4004,78.0,0.4007,65.0,0.4008,72.0
1753533350793,12:35:50.793,COW/USDT:USDT,0.4005,12.0,0.4004,78.0,0.4007,65.0,0.4008,72.0
1753533351004,12:35:51.004,COW/USDT:USDT,0.4004,76.0,0.4002,66.0,0.4007,801.0,0.4008,72.0
1753533351159,12:35:51.159,COW/USDT:USDT,0.4004,76.0,0.4002,66.0,0.4007,801.0,0.4008,72.0
1753533351470,12:35:51.470,COW/USDT:USDT,0.4004,76.0,0.4003,11.0,0.4007,801.0,0.4008,72.0
1753533351975,12:35:51.975,COW/USDT:USDT,0.4004,76.0,0.4003,11.0,0.4007,801.0,0.4008,72.0
1753533352385,12:35:52.385,COW/USDT:USDT,0.4004,76.0,0.4003,11.0,0.4007,799.0,0.4008,72.0
1753533352709,12:35:52.709,COW/USDT:USDT,0.4006,16.0,0.4005,74.0,0.4008,66.0,0.4009,72.0
1753533352816,12:35:52.816,COW/USDT:USDT,0.4006,16.0,0.4005,74.0,0.4008,66.0,0.4009,72.0
1753533352839,12:35:52.839,COW/USDT:USDT,0.4006,16.0,0.4005,74.0,0.4008,66.0,0.4009,72.0
1753533353267,12:35:53.267,COW/USDT:USDT,0.4006,16.0,0.4005,74.0,0.4008,66.0,0.4009,72.0
1753533353354,12:35:53.354,COW/USDT:USDT,0.4006,16.0,0.4005,74.0,0.4008,66.0,0.4009,72.0
1753533353689,12:35:53.689,COW/USDT:USDT,0.4006,16.0,0.4005,74.0,0.4008,66.0,0.4009,72.0
1753533354657,12:35:54.657,COW/USDT:USDT,0.4006,16.0,0.4005,74.0,0.4008,66.0,0.4009,72.0
1753533359300,12:35:59.300,COW/USDT:USDT,0.4006,14.0,0.4005,74.0,0.4008,202.0,0.4009,72.0
1753533360825,12:36:00.825,COW/USDT:USDT,0.4006,16.0,0.4005,74.0,0.4008,202.0,0.4009,72.0
1753533360873,12:36:00.873,COW/USDT:USDT,0.4006,81.0,0.4005,74.0,0.4009,66.0,0.401,146.0
1753533360956,12:36:00.956,COW/USDT:USDT,0.4006,81.0,0.4005,74.0,0.4009,66.0,0.401,146.0
1753533361784,12:36:01.784,COW/USDT:USDT,0.4006,81.0,0.4005,74.0,0.4009,66.0,0.401,146.0
1753533362008,12:36:02.008,COW/USDT:USDT,0.4006,81.0,0.4005,74.0,0.4009,66.0,0.401,146.0
1753533362175,12:36:02.175,COW/USDT:USDT,0.4006,81.0,0.4005,74.0,0.4009,66.0,0.401,146.0
1753533362894,12:36:02.894,COW/USDT:USDT,0.4006,81.0,0.4005,74.0,0.4009,66.0,0.401,146.0
1753533363199,12:36:03.199,COW/USDT:USDT,0.4006,81.0,0.4005,74.0,0.4009,66.0,0.401,146.0
1753533363386,12:36:03.386,COW/USDT:USDT,0.4006,81.0,0.4005,74.0,0.4009,209.0,0.401,146.0
1753533365707,12:36:05.707,COW/USDT:USDT,0.4006,81.0,0.4005,74.0,0.4009,66.0,0.401,146.0
1753533366366,12:36:06.366,COW/USDT:USDT,0.4006,81.0,0.4005,74.0,0.4009,66.0,0.401,146.0
1753533366533,12:36:06.533,COW/USDT:USDT,0.4006,81.0,0.4005,74.0,0.4009,204.0,0.401,146.0
1753533367397,12:36:07.397,COW/USDT:USDT,0.4006,81.0,0.4005,74.0,0.4009,204.0,0.401,146.0
1753533368003,12:36:08.003,COW/USDT:USDT,0.4006,81.0,0.4005,74.0,0.4009,204.0,0.401,146.0
1753533369104,12:36:09.104,COW/USDT:USDT,0.4006,81.0,0.4005,74.0,0.4009,66.0,0.401,140.0
1753533370214,12:36:10.214,COW/USDT:USDT,0.4006,81.0,0.4005,74.0,0.4009,66.0,0.401,146.0
1753533382325,12:36:22.325,COW/USDT:USDT,0.4007,12.0,0.4006,81.0,0.4009,70.0,0.401,146.0
1753533382393,12:36:22.393,COW/USDT:USDT,0.4007,12.0,0.4006,81.0,0.4009,70.0,0.401,146.0
1753533382564,12:36:22.564,COW/USDT:USDT,0.4007,12.0,0.4006,79.0,0.4009,70.0,0.401,146.0
1753533384302,12:36:24.302,COW/USDT:USDT,0.4007,16.0,0.4006,77.0,0.4009,66.0,0.401,146.0
1753533384383,12:36:24.383,COW/USDT:USDT,0.4007,12.0,0.4006,77.0,0.4009,70.0,0.401,146.0
1753533387078,12:36:27.078,COW/USDT:USDT,0.4007,16.0,0.4006,77.0,0.4009,66.0,0.401,146.0
1753533387225,12:36:27.225,COW/USDT:USDT,0.4008,12.0,0.4007,14.0,0.401,74.0,0.4011,70.0
1753533387324,12:36:27.324,COW/USDT:USDT,0.4008,12.0,0.4007,78.0,0.401,74.0,0.4011,70.0
1753533387427,12:36:27.427,COW/USDT:USDT,0.4008,12.0,0.4007,78.0,0.401,68.0,0.4011,70.0
1753533387529,12:36:27.529,COW/USDT:USDT,0.4008,12.0,0.4007,78.0,0.401,70.0,0.4011,70.0
1753533388011,12:36:28.011,COW/USDT:USDT,0.4008,12.0,0.4007,78.0,0.401,68.0,0.4011,70.0
1753533388062,12:36:28.062,COW/USDT:USDT,0.4008,12.0,0.4007,78.0,0.401,803.0,0.4011,70.0
1753533388491,12:36:28.491,COW/USDT:USDT,0.4008,12.0,0.4007,76.0,0.401,803.0,0.4011,70.0
1753533388861,12:36:28.861,COW/USDT:USDT,0.4008,12.0,0.4007,76.0,0.401,803.0,0.4011,70.0
1753533391218,12:36:31.218,COW/USDT:USDT,0.4008,12.0,0.4007,76.0,0.401,803.0,0.4011,142.0
1753533391236,12:36:31.236,COW/USDT:USDT,0.4008,12.0,0.4007,76.0,0.401,801.0,0.4011,142.0
1753533392375,12:36:32.375,COW/USDT:USDT,0.4007,14.0,0.4005,63.0,0.4009,65.0,0.401,74.0
1753533392570,12:36:32.570,COW/USDT:USDT,0.4007,16.0,0.4005,63.0,0.4009,65.0,0.401,74.0
1753533392729,12:36:32.729,COW/USDT:USDT,0.4007,16.0,0.4006,11.0,0.4009,65.0,0.401,74.0
1753533393377,12:36:33.377,COW/USDT:USDT,0.4007,16.0,0.4006,11.0,0.4009,65.0,0.401,74.0
1753533395401,12:36:35.401,COW/USDT:USDT,0.4007,22.0,0.4006,11.0,0.4009,65.0,0.401,74.0
1753533396378,12:36:36.378,COW/USDT:USDT,0.4007,22.0,0.4006,11.0,0.4009,65.0,0.401,74.0
1753533396679,12:36:36.679,COW/USDT:USDT,0.4007,16.0,0.4006,11.0,0.4009,65.0,0.401,74.0
1753533397110,12:36:37.110,COW/USDT:USDT,0.4007,16.0,0.4006,11.0,0.4009,65.0,0.401,74.0
1753533397251,12:36:37.251,COW/USDT:USDT,0.4007,16.0,0.4006,11.0,0.4009,65.0,0.401,74.0
1753533397383,12:36:37.383,COW/USDT:USDT,0.4007,16.0,0.4006,11.0,0.4009,65.0,0.401,74.0
1753533399006,12:36:39.006,COW/USDT:USDT,0.4007,16.0,0.4006,11.0,0.4009,65.0,0.401,74.0
1753533399877,12:36:39.877,COW/USDT:USDT,0.4007,16.0,0.4006,11.0,0.4009,65.0,0.401,74.0
1753533401111,12:36:41.111,COW/USDT:USDT,0.4007,22.0,0.4006,11.0,0.4009,65.0,0.401,74.0
1753533402006,12:36:42.006,COW/USDT:USDT,0.4007,22.0,0.4006,11.0,0.4009,65.0,0.401,74.0
1753533407166,12:36:47.166,COW/USDT:USDT,0.4007,16.0,0.4006,11.0,0.4009,65.0,0.401,74.0
1753533407828,12:36:47.828,COW/USDT:USDT,0.4007,22.0,0.4006,11.0,0.4009,65.0,0.401,74.0
1753533407828,12:36:47.828,COW/USDT:USDT,0.4007,22.0,0.4006,11.0,0.4009,65.0,0.401,74.0
1753533408007,12:36:48.007,COW/USDT:USDT,0.4007,22.0,0.4006,11.0,0.4009,65.0,0.401,74.0
1753533414514,12:36:54.514,COW/USDT:USDT,0.4007,22.0,0.4006,11.0,0.4009,65.0,0.401,72.0
1753533415634,12:36:55.634,COW/USDT:USDT,0.4007,16.0,0.4006,11.0,0.4009,65.0,0.401,72.0
1753533419912,12:36:59.912,COW/USDT:USDT,0.4007,86.0,0.4006,11.0,0.401,72.0,0.4011,142.0
1753533420704,12:37:00.704,COW/USDT:USDT,0.4007,86.0,0.4006,11.0,0.401,66.0,0.4011,142.0
1753533421426,12:37:01.426,COW/USDT:USDT,0.4009,20.0,0.4008,76.0,0.4011,136.0,0.4012,199.0
1753533421517,12:37:01.517,COW/USDT:USDT,0.4009,22.0,0.4008,76.0,0.4011,64.0,0.4012,69.0
1753533421615,12:37:01.615,COW/USDT:USDT,0.4011,12.0,0.4009,86.0,0.4012,63.0,0.4013,72.0
1753533421704,12:37:01.704,COW/USDT:USDT,0.4011,12.0,0.4009,78.0,0.4012,63.0,0.4013,72.0
1753533422006,12:37:02.006,COW/USDT:USDT,0.4011,12.0,0.4009,78.0,0.4012,63.0,0.4013,72.0
1753533422121,12:37:02.121,COW/USDT:USDT,0.4011,12.0,0.4009,78.0,0.4012,63.0,0.4013,72.0
1753533422223,12:37:02.223,COW/USDT:USDT,0.4011,12.0,0.4009,78.0,0.4012,63.0,0.4013,72.0
1753533422335,12:37:02.335,COW/USDT:USDT,0.4011,10.0,0.4009,78.0,0.4012,63.0,0.4013,72.0
1753533422498,12:37:02.498,COW/USDT:USDT,0.4011,10.0,0.4009,76.0,0.4012,1116.0,0.4013,72.0
1753533422709,12:37:02.709,COW/USDT:USDT,0.4009,76.0,0.4007,64.0,0.4012,1119.0,0.4013,72.0
1753533422906,12:37:02.906,COW/USDT:USDT,0.4009,76.0,0.4008,11.0,0.4012,1119.0,0.4013,72.0
1753533423365,12:37:03.365,COW/USDT:USDT,0.4009,76.0,0.4008,11.0,0.4012,1119.0,0.4013,72.0
1753533423489,12:37:03.489,COW/USDT:USDT,0.4009,76.0,0.4008,11.0,0.4012,1226.0,0.4013,72.0
1753533424126,12:37:04.126,COW/USDT:USDT,0.401,12.0,0.4009,16.0,0.4011,64.0,0.4012,1226.0
1753533424210,12:37:04.210,COW/USDT:USDT,0.401,12.0,0.4009,2.0,0.4011,64.0,0.4012,1116.0
1753533424486,12:37:04.486,COW/USDT:USDT,0.401,12.0,0.4009,2.0,0.4011,64.0,0.4012,1116.0
1753533424702,12:37:04.702,COW/USDT:USDT,0.401,12.0,0.4009,2.0,0.4011,64.0,0.4012,1122.0
1753533425571,12:37:05.571,COW/USDT:USDT,0.401,12.0,0.4009,2.0,0.4011,64.0,0.4012,1122.0
1753533425993,12:37:05.993,COW/USDT:USDT,0.401,12.0,0.4009,2.0,0.4011,64.0,0.4012,1122.0
1753533426084,12:37:06.084,COW/USDT:USDT,0.401,14.0,0.4008,11.0,0.4011,64.0,0.4012,1122.0
1753533426391,12:37:06.391,COW/USDT:USDT,0.401,12.0,0.4008,51.0,0.4011,64.0,0.4012,1116.0
1753533426473,12:37:06.473,COW/USDT:USDT,0.401,14.0,0.4008,51.0,0.4011,64.0,0.4012,1116.0
1753533426624,12:37:06.624,COW/USDT:USDT,0.4008,51.0,0.4007,64.0,0.4011,64.0,0.4012,1116.0
1753533426643,12:37:06.643,COW/USDT:USDT,0.4008,51.0,0.4007,64.0,0.4011,64.0,0.4012,1116.0
1753533426814,12:37:06.814,COW/USDT:USDT,0.4008,51.0,0.4007,64.0,0.4011,64.0,0.4012,1116.0
1753533426966,12:37:06.966,COW/USDT:USDT,0.4008,115.0,0.4007,64.0,0.4011,64.0,0.4012,1116.0
1753533427312,12:37:07.312,COW/USDT:USDT,0.401,12.0,0.4009,13.0,0.4011,64.0,0.4012,1116.0
1753533427362,12:37:07.362,COW/USDT:USDT,0.401,12.0,0.4009,13.0,0.4011,64.0,0.4012,1116.0
1753533427636,12:37:07.636,COW/USDT:USDT,0.401,12.0,0.4009,13.0,0.4011,64.0,0.4012,1116.0
1753533428589,12:37:08.589,COW/USDT:USDT,0.401,12.0,0.4009,13.0,0.4011,64.0,0.4012,1116.0
1753533429780,12:37:09.780,COW/USDT:USDT,0.401,14.0,0.4009,11.0,0.4011,64.0,0.4012,1116.0
1753533430624,12:37:10.624,COW/USDT:USDT,0.401,14.0,0.4009,11.0,0.4011,64.0,0.4012,1116.0
1753533430880,12:37:10.880,COW/USDT:USDT,0.401,14.0,0.4009,75.0,0.4012,1116.0,0.4013,72.0
1753533430988,12:37:10.988,COW/USDT:USDT,0.401,14.0,0.4009,75.0,0.4012,1116.0,0.4013,72.0
1753533431206,12:37:11.206,COW/USDT:USDT,0.401,14.0,0.4009,75.0,0.4012,1116.0,0.4013,72.0
1753533431271,12:37:11.271,COW/USDT:USDT,0.401,14.0,0.4009,75.0,0.4012,1116.0,0.4013,72.0
1753533431419,12:37:11.419,COW/USDT:USDT,0.401,14.0,0.4009,75.0,0.4012,1195.0,0.4013,72.0
1753533432004,12:37:12.004,COW/USDT:USDT,0.401,14.0,0.4009,75.0,0.4012,1195.0,0.4013,72.0
1753533432088,12:37:12.088,COW/USDT:USDT,0.401,14.0,0.4009,75.0,0.4012,1195.0,0.4013,72.0
1753533433126,12:37:13.126,COW/USDT:USDT,0.401,14.0,0.4009,75.0,0.4012,1195.0,0.4013,72.0
1753533434612,12:37:14.612,COW/USDT:USDT,0.401,14.0,0.4009,75.0,0.4012,1198.0,0.4013,72.0
1753533437851,12:37:17.851,COW/USDT:USDT,0.401,14.0,0.4009,75.0,0.4012,1200.0,0.4013,72.0
1753533437965,12:37:17.965,COW/USDT:USDT,0.401,14.0,0.4009,75.0,0.4012,1119.0,0.4013,72.0
1753533439793,12:37:19.793,COW/USDT:USDT,0.401,14.0,0.4009,75.0,0.4012,1121.0,0.4013,72.0
1753533439918,12:37:19.918,COW/USDT:USDT,0.401,14.0,0.4009,75.0,0.4012,1154.0,0.4013,72.0
1753533440466,12:37:20.466,COW/USDT:USDT,0.401,12.0,0.4009,75.0,0.4012,1154.0,0.4013,72.0
1753533440602,12:37:20.602,COW/USDT:USDT,0.401,12.0,0.4009,75.0,0.4012,1154.0,0.4013,72.0
1753533440724,12:37:20.724,COW/USDT:USDT,0.4011,14.0,0.401,2.0,0.4012,1053.0,0.4013,66.0
1753533440811,12:37:20.811,COW/USDT:USDT,0.4011,12.0,0.401,2.0,0.4012,1053.0,0.4013,66.0
1753533440883,12:37:20.883,COW/USDT:USDT,0.4011,14.0,0.401,2.0,0.4012,1053.0,0.4013,66.0
1753533441004,12:37:21.004,COW/USDT:USDT,0.4011,12.0,0.401,2.0,0.4012,1053.0,0.4013,66.0
1753533441083,12:37:21.083,COW/USDT:USDT,0.4011,12.0,0.401,2.0,0.4012,1053.0,0.4013,66.0
1753533444402,12:37:24.402,COW/USDT:USDT,0.4011,12.0,0.401,2.0,0.4012,1053.0,0.4013,66.0
1753533446218,12:37:26.218,COW/USDT:USDT,0.401,2.0,0.4009,75.0,0.4012,1053.0,0.4013,72.0
1753533446230,12:37:26.230,COW/USDT:USDT,0.401,2.0,0.4009,75.0,0.4012,1055.0,0.4013,72.0
1753533446525,12:37:26.525,COW/USDT:USDT,0.401,2.0,0.4009,75.0,0.4012,1053.0,0.4013,72.0
1753533446638,12:37:26.638,COW/USDT:USDT,0.401,2.0,0.4009,75.0,0.4012,1053.0,0.4013,72.0
1753533446778,12:37:26.778,COW/USDT:USDT,0.4009,75.0,0.4008,75.0,0.4012,1055.0,0.4013,72.0
1753533447118,12:37:27.118,COW/USDT:USDT,0.4011,12.0,0.4009,75.0,0.4012,1053.0,0.4013,72.0
1753533447141,12:37:27.141,COW/USDT:USDT,0.4011,12.0,0.4009,75.0,0.4012,1055.0,0.4013,72.0
1753533447452,12:37:27.452,COW/USDT:USDT,0.4011,12.0,0.4009,75.0,0.4012,1055.0,0.4013,72.0
1753533447864,12:37:27.864,COW/USDT:USDT,0.4011,12.0,0.4009,75.0,0.4012,1055.0,0.4013,72.0
1753533449768,12:37:29.768,COW/USDT:USDT,0.4011,12.0,0.4009,75.0,0.4012,1053.0,0.4013,72.0
1753533450218,12:37:30.218,COW/USDT:USDT,0.4009,75.0,0.4008,75.0,0.4012,1053.0,0.4013,72.0
1753533450285,12:37:30.285,COW/USDT:USDT,0.4009,75.0,0.4008,75.0,0.4012,1053.0,0.4013,72.0
1753533451510,12:37:31.510,COW/USDT:USDT,0.4011,12.0,0.401,4.0,0.4012,1053.0,0.4013,72.0
1753533451592,12:37:31.592,COW/USDT:USDT,0.4011,12.0,0.401,4.0,0.4012,1053.0,0.4013,72.0
1753533451872,12:37:31.872,COW/USDT:USDT,0.4009,75.0,0.4008,75.0,0.4012,1055.0,0.4013,72.0
1753533453141,12:37:33.141,COW/USDT:USDT,0.4009,75.0,0.4008,75.0,0.4012,1053.0,0.4013,72.0
1753533453527,12:37:33.527,COW/USDT:USDT,0.4009,75.0,0.4008,75.0,0.4012,1053.0,0.4013,72.0
1753533456728,12:37:36.728,COW/USDT:USDT,0.401,77.0,0.4009,75.0,0.4012,1053.0,0.4013,66.0
1753533456813,12:37:36.813,COW/USDT:USDT,0.4011,81.0,0.401,75.0,0.4012,1053.0,0.4014,64.0
1753533456872,12:37:36.872,COW/USDT:USDT,0.4011,81.0,0.401,75.0,0.4012,1053.0,0.4014,64.0
1753533457415,12:37:37.415,COW/USDT:USDT,0.4011,81.0,0.401,75.0,0.4012,1053.0,0.4014,64.0
1753533459881,12:37:39.881,COW/USDT:USDT,0.4011,81.0,0.401,75.0,0.4012,1053.0,0.4014,64.0
1753533459992,12:37:39.992,COW/USDT:USDT,0.4011,81.0,0.401,75.0,0.4012,1053.0,0.4014,64.0
1753533460432,12:37:40.432,COW/USDT:USDT,0.4011,81.0,0.401,75.0,0.4012,1053.0,0.4014,64.0
1753533460590,12:37:40.590,COW/USDT:USDT,0.4011,81.0,0.401,75.0,0.4012,1053.0,0.4014,64.0
1753533466940,12:37:46.940,COW/USDT:USDT,0.4011,79.0,0.401,75.0,0.4012,1053.0,0.4014,64.0
1753533468103,12:37:48.103,COW/USDT:USDT,0.4011,77.0,0.401,75.0,0.4012,1053.0,0.4014,64.0
1753533469249,12:37:49.249,COW/USDT:USDT,0.4011,79.0,0.401,75.0,0.4012,1053.0,0.4014,64.0
1753533470292,12:37:50.292,COW/USDT:USDT,0.4011,77.0,0.401,75.0,0.4012,1053.0,0.4014,64.0
1753533470426,12:37:50.426,COW/USDT:USDT,0.4011,77.0,0.401,75.0,0.4012,1053.0,0.4014,64.0
1753533470430,12:37:50.430,COW/USDT:USDT,0.4011,79.0,0.401,75.0,0.4012,1053.0,0.4014,64.0
1753533472090,12:37:52.090,COW/USDT:USDT,0.4011,77.0,0.401,75.0,0.4012,1053.0,0.4014,64.0
1753533472781,12:37:52.781,COW/USDT:USDT,0.4011,79.0,0.401,75.0,0.4012,1053.0,0.4014,64.0
1753533473602,12:37:53.602,COW/USDT:USDT,0.4011,77.0,0.401,75.0,0.4012,1053.0,0.4014,64.0
1753533473711,12:37:53.711,COW/USDT:USDT,0.4011,13.0,0.401,75.0,0.4012,1053.0,0.4014,64.0
1753533475079,12:37:55.079,COW/USDT:USDT,0.4011,13.0,0.401,75.0,0.4012,1055.0,0.4014,64.0
1753533475292,12:37:55.292,COW/USDT:USDT,0.4011,13.0,0.401,75.0,0.4012,1053.0,0.4014,64.0
1753533476189,12:37:56.189,COW/USDT:USDT,0.4011,13.0,0.401,75.0,0.4012,1055.0,0.4014,64.0
1753533476293,12:37:56.293,COW/USDT:USDT,0.4009,75.0,0.4008,75.0,0.4012,1057.0,0.4014,70.0
1753533477311,12:37:57.311,COW/USDT:USDT,0.4009,75.0,0.4008,75.0,0.4012,1057.0,0.4014,70.0
1753533477729,12:37:57.729,COW/USDT:USDT,0.4009,75.0,0.4008,75.0,0.4012,1057.0,0.4014,70.0
1753533478006,12:37:58.006,COW/USDT:USDT,0.4009,75.0,0.4008,75.0,0.4012,1057.0,0.4014,70.0
1753533483440,12:38:03.440,COW/USDT:USDT,0.4009,75.0,0.4008,75.0,0.4012,1057.0,0.4014,70.0
1753533483628,12:38:03.628,COW/USDT:USDT,0.4009,11.0,0.4008,75.0,0.4012,1057.0,0.4013,6.0
1753533483668,12:38:03.668,COW/USDT:USDT,0.4009,11.0,0.4008,75.0,0.4012,1057.0,0.4013,6.0
1753533483865,12:38:03.865,COW/USDT:USDT,0.4009,17.0,0.4008,75.0,0.4012,1057.0,0.4013,6.0
1753533484005,12:38:04.005,COW/USDT:USDT,0.4009,17.0,0.4008,75.0,0.4012,1063.0,0.4013,6.0
1753533484127,12:38:04.127,COW/USDT:USDT,0.4009,6.0,0.4008,75.0,0.4011,67.0,0.4012,1059.0
1753533484226,12:38:04.226,COW/USDT:USDT,0.4008,11.0,0.4007,392.0,0.4011,67.0,0.4012,1059.0
1753533484517,12:38:04.517,COW/USDT:USDT,0.4007,328.0,0.4006,63.0,0.401,67.0,0.4011,69.0
1753533484624,12:38:04.624,COW/USDT:USDT,0.4007,328.0,0.4006,63.0,0.401,67.0,0.4011,69.0
1753533484727,12:38:04.727,COW/USDT:USDT,0.4007,328.0,0.4006,63.0,0.401,67.0,0.4011,69.0
1753533484728,12:38:04.728,COW/USDT:USDT,0.4007,328.0,0.4006,63.0,0.401,73.0,0.4011,69.0
1753533485022,12:38:05.022,COW/USDT:USDT,0.4007,328.0,0.4006,74.0,0.401,73.0,0.4011,69.0
1753533485157,12:38:05.157,COW/USDT:USDT,0.4007,328.0,0.4006,74.0,0.401,73.0,0.4011,69.0
1753533485596,12:38:05.596,COW/USDT:USDT,0.4007,328.0,0.4006,74.0,0.4009,67.0,0.401,69.0
1753533485648,12:38:05.648,COW/USDT:USDT,0.4007,328.0,0.4006,74.0,0.4009,67.0,0.401,69.0
1753533485771,12:38:05.771,COW/USDT:USDT,0.4007,328.0,0.4006,74.0,0.4009,67.0,0.401,69.0
1753533485852,12:38:05.852,COW/USDT:USDT,0.4007,328.0,0.4006,74.0,0.4009,67.0,0.401,69.0
1753533486013,12:38:06.013,COW/USDT:USDT,0.4007,328.0,0.4006,74.0,0.4009,67.0,0.401,69.0
1753533486064,12:38:06.064,COW/USDT:USDT,0.4007,328.0,0.4006,74.0,0.4009,67.0,0.401,69.0
1753533486276,12:38:06.276,COW/USDT:USDT,0.4007,328.0,0.4006,74.0,0.4009,67.0,0.401,69.0
1753533486495,12:38:06.495,COW/USDT:USDT,0.4007,328.0,0.4006,74.0,0.4009,67.0,0.401,69.0
1753533486556,12:38:06.556,COW/USDT:USDT,0.4007,328.0,0.4006,74.0,0.4009,67.0,0.401,69.0
1753533486916,12:38:06.916,COW/USDT:USDT,0.4006,17.0,0.4005,326.0,0.4009,67.0,0.401,69.0
1753533487005,12:38:07.005,COW/USDT:USDT,0.4006,17.0,0.4005,326.0,0.4009,67.0,0.401,69.0
1753533487071,12:38:07.071,COW/USDT:USDT,0.4006,17.0,0.4005,326.0,0.4009,73.0,0.401,69.0
1753533487327,12:38:07.327,COW/USDT:USDT,0.4006,17.0,0.4005,326.0,0.4009,73.0,0.401,69.0
1753533488304,12:38:08.304,COW/USDT:USDT,0.4007,12.0,0.4006,74.0,0.4009,67.0,0.401,69.0
1753533488390,12:38:08.390,COW/USDT:USDT,0.4008,12.0,0.4007,12.0,0.4009,4.0,0.401,69.0
1753533488550,12:38:08.550,COW/USDT:USDT,0.4008,12.0,0.4007,12.0,0.4009,4.0,0.401,69.0
1753533489368,12:38:09.368,COW/USDT:USDT,0.4008,12.0,0.4007,12.0,0.4009,4.0,0.401,69.0
1753533489647,12:38:09.647,COW/USDT:USDT,0.4008,12.0,0.4007,12.0,0.4009,4.0,0.401,69.0
1753533489785,12:38:09.785,COW/USDT:USDT,0.4008,12.0,0.4007,12.0,0.4009,4.0,0.401,69.0
1753533490290,12:38:10.290,COW/USDT:USDT,0.4007,12.0,0.4006,74.0,0.4009,4.0,0.401,69.0
1753533491416,12:38:11.416,COW/USDT:USDT,0.4007,12.0,0.4006,74.0,0.4009,4.0,0.401,69.0
1753533491829,12:38:11.829,COW/USDT:USDT,0.4007,12.0,0.4006,74.0,0.4009,4.0,0.401,69.0
1753533491829,12:38:11.829,COW/USDT:USDT,0.4007,12.0,0.4006,74.0,0.4009,4.0,0.401,69.0
1753533493149,12:38:13.149,COW/USDT:USDT,0.4007,12.0,0.4006,74.0,0.4009,4.0,0.401,69.0
1753533493418,12:38:13.418,COW/USDT:USDT,0.4007,12.0,0.4006,74.0,0.4009,4.0,0.401,69.0
1753533496454,12:38:16.454,COW/USDT:USDT,0.4007,12.0,0.4006,74.0,0.4009,4.0,0.401,69.0
1753533497292,12:38:17.292,COW/USDT:USDT,0.4006,74.0,0.4005,326.0,0.4009,70.0,0.401,69.0
1753533497521,12:38:17.521,COW/USDT:USDT,0.4006,74.0,0.4005,326.0,0.4009,70.0,0.401,69.0
1753533497936,12:38:17.936,COW/USDT:USDT,0.4006,74.0,0.4005,326.0,0.4009,70.0,0.401,69.0
1753533498350,12:38:18.350,COW/USDT:USDT,0.4006,74.0,0.4005,326.0,0.4009,70.0,0.401,69.0
1753533500461,12:38:20.461,COW/USDT:USDT,0.4007,16.0,0.4006,74.0,0.4009,4.0,0.401,69.0
1753533500556,12:38:20.556,COW/USDT:USDT,0.4007,16.0,0.4006,74.0,0.4009,4.0,0.401,69.0
1753533500775,12:38:20.775,COW/USDT:USDT,0.4007,16.0,0.4006,74.0,0.4009,4.0,0.401,69.0
1753533503536,12:38:23.536,COW/USDT:USDT,0.4007,16.0,0.4006,74.0,0.4009,69.0,0.401,69.0
1753533504014,12:38:24.014,COW/USDT:USDT,0.4007,16.0,0.4006,74.0,0.4009,69.0,0.401,69.0
1753533504177,12:38:24.177,COW/USDT:USDT,0.4007,16.0,0.4006,74.0,0.4009,69.0,0.401,69.0
1753533506112,12:38:26.112,COW/USDT:USDT,0.4007,16.0,0.4006,74.0,0.4009,69.0,0.401,69.0
1753533506522,12:38:26.522,COW/USDT:USDT,0.4006,11.0,0.4005,326.0,0.4009,69.0,0.401,69.0
1753533506611,12:38:26.611,COW/USDT:USDT,0.4006,11.0,0.4005,74.0,0.4009,69.0,0.401,69.0
1753533506866,12:38:26.866,COW/USDT:USDT,0.4006,11.0,0.4005,74.0,0.4009,69.0,0.401,69.0
1753533507283,12:38:27.283,COW/USDT:USDT,0.4006,11.0,0.4005,74.0,0.4009,69.0,0.401,69.0
1753533507852,12:38:27.852,COW/USDT:USDT,0.4007,12.0,0.4006,11.0,0.4009,69.0,0.401,69.0
1753533507938,12:38:27.938,COW/USDT:USDT,0.4007,12.0,0.4006,11.0,0.4009,69.0,0.401,69.0
1753533508099,12:38:28.099,COW/USDT:USDT,0.4007,12.0,0.4006,11.0,0.4009,69.0,0.401,69.0
1753533510633,12:38:30.633,COW/USDT:USDT,0.4007,18.0,0.4006,11.0,0.4009,69.0,0.401,69.0
1753533510925,12:38:30.925,COW/USDT:USDT,0.4007,18.0,0.4006,11.0,0.4009,69.0,0.401,69.0
1753533516691,12:38:36.691,COW/USDT:USDT,0.4007,18.0,0.4006,11.0,0.4009,69.0,0.401,69.0
1753533517128,12:38:37.128,COW/USDT:USDT,0.4007,12.0,0.4006,11.0,0.4009,69.0,0.401,69.0
1753533517135,12:38:37.135,COW/USDT:USDT,0.4007,12.0,0.4006,11.0,0.4009,69.0,0.401,69.0
1753533517472,12:38:37.472,COW/USDT:USDT,0.4007,18.0,0.4006,11.0,0.4009,69.0,0.401,69.0
1753533520679,12:38:40.679,COW/USDT:USDT,0.4007,18.0,0.4006,11.0,0.4009,69.0,0.401,69.0
1753533521001,12:38:41.001,COW/USDT:USDT,0.4005,63.0,0.4004,402.0,0.4008,64.0,0.4009,71.0
1753533521447,12:38:41.447,COW/USDT:USDT,0.4005,63.0,0.4004,402.0,0.4008,64.0,0.4009,71.0
1753533522469,12:38:42.469,COW/USDT:USDT,0.4005,63.0,0.4004,402.0,0.4008,64.0,0.4009,71.0
1753533522687,12:38:42.687,COW/USDT:USDT,0.4005,63.0,0.4004,402.0,0.4008,64.0,0.4009,71.0
1753533523103,12:38:43.103,COW/USDT:USDT,0.4004,402.0,0.4003,11.0,0.4008,64.0,0.4009,71.0
1753533523517,12:38:43.517,COW/USDT:USDT,0.4004,402.0,0.4003,11.0,0.4008,64.0,0.4009,71.0
1753533523635,12:38:43.635,COW/USDT:USDT,0.4004,402.0,0.4003,11.0,0.4008,64.0,0.4009,71.0
1753533523931,12:38:43.931,COW/USDT:USDT,0.4004,402.0,0.4003,11.0,0.4008,64.0,0.4009,71.0
1753533524813,12:38:44.813,COW/USDT:USDT,0.4004,402.0,0.4003,11.0,0.4008,64.0,0.4009,71.0
1753533527579,12:38:47.579,COW/USDT:USDT,0.4006,12.0,0.4005,11.0,0.4008,68.0,0.4009,71.0
1753533527963,12:38:47.963,COW/USDT:USDT,0.4006,12.0,0.4005,11.0,0.4008,68.0,0.4009,71.0
1753533528383,12:38:48.383,COW/USDT:USDT,0.4006,12.0,0.4005,11.0,0.4008,68.0,0.4009,71.0
1753533530512,12:38:50.512,COW/USDT:USDT,0.4006,12.0,0.4005,11.0,0.4008,68.0,0.4009,71.0
1753533531017,12:38:51.017,COW/USDT:USDT,0.4006,12.0,0.4005,11.0,0.4008,68.0,0.4009,71.0
1753533531031,12:38:51.031,COW/USDT:USDT,0.4006,12.0,0.4005,11.0,0.4008,68.0,0.4009,71.0
1753533531217,12:38:51.217,COW/USDT:USDT,0.4006,12.0,0.4005,11.0,0.4008,68.0,0.4009,71.0
1753533531633,12:38:51.633,COW/USDT:USDT,0.4006,12.0,0.4005,11.0,0.4008,68.0,0.4009,71.0
1753533532052,12:38:52.052,COW/USDT:USDT,0.4006,12.0,0.4005,11.0,0.4008,68.0,0.4009,71.0
1753533534151,12:38:54.151,COW/USDT:USDT,0.4006,18.0,0.4005,76.0,0.4008,68.0,0.4009,71.0
1753533535961,12:38:55.961,COW/USDT:USDT,0.4006,20.0,0.4005,76.0,0.4009,71.0,0.401,69.0
1753533536459,12:38:56.459,COW/USDT:USDT,0.4006,18.0,0.4005,76.0,0.4009,71.0,0.401,69.0
1753533538352,12:38:58.352,COW/USDT:USDT,0.4006,18.0,0.4005,76.0,0.4009,229.0,0.401,69.0
1753533541068,12:39:01.068,COW/USDT:USDT,0.4006,18.0,0.4005,76.0,0.4009,233.0,0.401,69.0
1753533541822,12:39:01.822,COW/USDT:USDT,0.4008,12.0,0.4007,14.0,0.4009,65.0,0.401,69.0
1753533541926,12:39:01.926,COW/USDT:USDT,0.4008,12.0,0.4007,12.0,0.401,71.0,0.4011,69.0
1753533542003,12:39:02.003,COW/USDT:USDT,0.4008,12.0,0.4007,12.0,0.401,71.0,0.4011,69.0
1753533542130,12:39:02.130,COW/USDT:USDT,0.4008,12.0,0.4007,12.0,0.401,71.0,0.4011,69.0
1753533542131,12:39:02.131,COW/USDT:USDT,0.4008,12.0,0.4007,12.0,0.401,71.0,0.4011,69.0
1753533542254,12:39:02.254,COW/USDT:USDT,0.4008,12.0,0.4007,12.0,0.401,213.0,0.4011,69.0
1753533542557,12:39:02.557,COW/USDT:USDT,0.4008,12.0,0.4007,12.0,0.401,213.0,0.4011,69.0
1753533542804,12:39:02.804,COW/USDT:USDT,0.4007,12.0,0.4006,76.0,0.401,217.0,0.4011,69.0
1753533542970,12:39:02.970,COW/USDT:USDT,0.4007,12.0,0.4006,76.0,0.401,217.0,0.4011,69.0
1753533543385,12:39:03.385,COW/USDT:USDT,0.4007,12.0,0.4006,76.0,0.401,217.0,0.4011,69.0
1753533543801,12:39:03.801,COW/USDT:USDT,0.4007,12.0,0.4006,76.0,0.401,217.0,0.4011,69.0
1753533545041,12:39:05.041,COW/USDT:USDT,0.4007,12.0,0.4006,76.0,0.401,213.0,0.4011,69.0
1753533547420,12:39:07.420,COW/USDT:USDT,0.4007,18.0,0.4006,76.0,0.401,213.0,0.4011,69.0
1753533547438,12:39:07.438,COW/USDT:USDT,0.4008,12.0,0.4007,12.0,0.401,215.0,0.4011,69.0
1753533547573,12:39:07.573,COW/USDT:USDT,0.4008,12.0,0.4007,12.0,0.401,215.0,0.4011,69.0
1753533547834,12:39:07.834,COW/USDT:USDT,0.4008,12.0,0.4007,12.0,0.401,215.0,0.4011,69.0
1753533548013,12:39:08.013,COW/USDT:USDT,0.4008,12.0,0.4007,12.0,0.401,215.0,0.4011,69.0
1753533548205,12:39:08.205,COW/USDT:USDT,0.4008,12.0,0.4007,77.0,0.401,215.0,0.4011,69.0
1753533548326,12:39:08.326,COW/USDT:USDT,0.4008,12.0,0.4007,77.0,0.401,209.0,0.4011,69.0
1753533548329,12:39:08.329,COW/USDT:USDT,0.4008,12.0,0.4007,77.0,0.401,207.0,0.4011,69.0
1753533548492,12:39:08.492,COW/USDT:USDT,0.4008,12.0,0.4007,77.0,0.401,209.0,0.4011,69.0
1753533548579,12:39:08.579,COW/USDT:USDT,0.4008,12.0,0.4007,77.0,0.401,210.0,0.4011,69.0
1753533548650,12:39:08.650,COW/USDT:USDT,0.4008,12.0,0.4007,77.0,0.401,210.0,0.4011,69.0
1753533550516,12:39:10.516,COW/USDT:USDT,0.4008,12.0,0.4007,77.0,0.401,208.0,0.4011,69.0
1753533550629,12:39:10.629,COW/USDT:USDT,0.4004,5.0,0.4002,72.0,0.4009,394.0,0.401,216.0
1753533550719,12:39:10.719,COW/USDT:USDT,0.4003,12.0,0.4002,66.0,0.4007,72.0,0.4008,112.0
1753533550813,12:39:10.813,COW/USDT:USDT,0.4003,12.0,0.4002,66.0,0.4007,72.0,0.4008,112.0
1753533551006,12:39:11.006,COW/USDT:USDT,0.4003,12.0,0.4002,66.0,0.4007,72.0,0.4008,112.0
1753533551211,12:39:11.211,COW/USDT:USDT,0.4003,12.0,0.4002,66.0,0.4007,214.0,0.4008,72.0
1753533551313,12:39:11.313,COW/USDT:USDT,0.4004,12.0,0.4003,12.0,0.4007,214.0,0.4008,72.0
1753533551388,12:39:11.388,COW/USDT:USDT,0.4004,12.0,0.4003,12.0,0.4007,218.0,0.4008,72.0
1753533551505,12:39:11.505,COW/USDT:USDT,0.4004,12.0,0.4003,12.0,0.4007,218.0,0.4008,72.0
1753533551725,12:39:11.725,COW/USDT:USDT,0.4003,12.0,0.4002,66.0,0.4007,218.0,0.4008,72.0
1753533551921,12:39:11.921,COW/USDT:USDT,0.4003,12.0,0.4002,66.0,0.4007,218.0,0.4008,72.0
1753533552111,12:39:12.111,COW/USDT:USDT,0.4003,12.0,0.4002,66.0,0.4007,218.0,0.4008,72.0
1753533552773,12:39:12.773,COW/USDT:USDT,0.4003,78.0,0.4002,66.0,0.4007,218.0,0.4008,72.0
1753533553139,12:39:13.139,COW/USDT:USDT,0.4003,78.0,0.4002,66.0,0.4007,218.0,0.4008,72.0
1753533555093,12:39:15.093,COW/USDT:USDT,0.4003,78.0,0.4002,66.0,0.4007,218.0,0.4008,72.0
1753533555225,12:39:15.225,COW/USDT:USDT,0.4003,78.0,0.4002,66.0,0.4006,66.0,0.4007,218.0
1753533555238,12:39:15.238,COW/USDT:USDT,0.4003,12.0,0.4002,66.0,0.4006,70.0,0.4007,72.0
1753533555562,12:39:15.562,COW/USDT:USDT,0.4003,12.0,0.4002,66.0,0.4006,70.0,0.4007,72.0
1753533555751,12:39:15.751,COW/USDT:USDT,0.4003,14.0,0.4002,66.0,0.4006,70.0,0.4007,72.0
1753533556410,12:39:16.410,COW/USDT:USDT,0.4003,12.0,0.4002,66.0,0.4006,70.0,0.4007,72.0
1753533556570,12:39:16.570,COW/USDT:USDT,0.4003,12.0,0.4002,66.0,0.4006,70.0,0.4007,72.0
1753533556710,12:39:16.710,COW/USDT:USDT,0.4003,14.0,0.4002,66.0,0.4006,70.0,0.4007,72.0
1753533556785,12:39:16.785,COW/USDT:USDT,0.4003,12.0,0.4002,66.0,0.4006,70.0,0.4007,72.0
1753533556861,12:39:16.861,COW/USDT:USDT,0.4003,14.0,0.4002,66.0,0.4006,70.0,0.4007,72.0
1753533557121,12:39:17.121,COW/USDT:USDT,0.4003,14.0,0.4002,66.0,0.4006,70.0,0.4007,72.0
1753533557211,12:39:17.211,COW/USDT:USDT,0.4004,12.0,0.4003,12.0,0.4006,4.0,0.4007,72.0
1753533557314,12:39:17.314,COW/USDT:USDT,0.4004,12.0,0.4003,12.0,0.4006,2.0,0.4007,72.0
1753533557330,12:39:17.330,COW/USDT:USDT,0.4004,12.0,0.4003,12.0,0.4006,4.0,0.4007,72.0
1753533557597,12:39:17.597,COW/USDT:USDT,0.4004,12.0,0.4003,12.0,0.4006,4.0,0.4007,72.0
1753533558017,12:39:18.017,COW/USDT:USDT,0.4004,12.0,0.4003,12.0,0.4006,4.0,0.4007,72.0
1753533558220,12:39:18.220,COW/USDT:USDT,0.4004,12.0,0.4003,12.0,0.4006,4.0,0.4007,72.0
1753533558372,12:39:18.372,COW/USDT:USDT,0.4004,12.0,0.4003,12.0,0.4006,4.0,0.4007,72.0
1753533558721,12:39:18.721,COW/USDT:USDT,0.4004,12.0,0.4003,12.0,0.4006,4.0,0.4007,72.0
1753533558892,12:39:18.892,COW/USDT:USDT,0.4004,12.0,0.4003,77.0,0.4006,4.0,0.4007,72.0
1753533561512,12:39:21.512,COW/USDT:USDT,0.4004,12.0,0.4003,77.0,0.4006,4.0,0.4007,72.0
1753533561672,12:39:21.672,COW/USDT:USDT,0.4004,12.0,0.4003,77.0,0.4006,4.0,0.4007,72.0
1753533565420,12:39:25.420,COW/USDT:USDT,0.4003,77.0,0.4002,40.0,0.4006,35.0,0.4007,72.0
1753533565703,12:39:25.703,COW/USDT:USDT,0.4003,77.0,0.4002,40.0,0.4006,35.0,0.4007,72.0
1753533566524,12:39:26.524,COW/USDT:USDT,0.4003,77.0,0.4002,40.0,0.4006,35.0,0.4007,72.0
1753533568221,12:39:28.221,COW/USDT:USDT,0.4001,76.0,0.4,11.0,0.4005,105.0,0.4006,37.0
1753533568299,12:39:28.299,COW/USDT:USDT,0.4001,76.0,0.4,11.0,0.4005,111.0,0.4006,6.0
1753533568423,12:39:28.423,COW/USDT:USDT,0.4001,76.0,0.4,11.0,0.4005,111.0,0.4006,6.0
1753533568505,12:39:28.505,COW/USDT:USDT,0.4001,76.0,0.4,11.0,0.4005,111.0,0.4006,6.0
1753533568559,12:39:28.559,COW/USDT:USDT,0.4001,76.0,0.4,11.0,0.4005,111.0,0.4006,6.0
1753533569017,12:39:29.017,COW/USDT:USDT,0.4002,12.0,0.4001,76.0,0.4004,31.0,0.4005,111.0
1753533569045,12:39:29.045,COW/USDT:USDT,0.4002,12.0,0.4001,76.0,0.4004,35.0,0.4005,111.0
1753533569380,12:39:29.380,COW/USDT:USDT,0.4002,12.0,0.4001,76.0,0.4004,35.0,0.4005,111.0
1753533569796,12:39:29.796,COW/USDT:USDT,0.4002,12.0,0.4001,76.0,0.4004,35.0,0.4005,111.0
1753533570611,12:39:30.611,COW/USDT:USDT,0.4002,12.0,0.4001,76.0,0.4004,35.0,0.4005,71.0
1753533571020,12:39:31.020,COW/USDT:USDT,0.4001,78.0,0.4,11.0,0.4004,35.0,0.4005,71.0
1753533571304,12:39:31.304,COW/USDT:USDT,0.4003,12.0,0.4002,12.0,0.4005,69.0,0.4006,6.0
1753533571334,12:39:31.334,COW/USDT:USDT,0.4003,12.0,0.4002,12.0,0.4005,69.0,0.4006,6.0
1753533571435,12:39:31.435,COW/USDT:USDT,0.4003,12.0,0.4002,12.0,0.4005,69.0,0.4006,6.0
1753533571770,12:39:31.770,COW/USDT:USDT,0.4001,65.0,0.3999,70.0,0.4005,69.0,0.4006,6.0
1753533571893,12:39:31.893,COW/USDT:USDT,0.4,65.0,0.3999,64.0,0.4004,69.0,0.4005,71.0
1753533572020,12:39:32.020,COW/USDT:USDT,0.3999,70.0,0.3998,70.0,0.4004,69.0,0.4005,71.0
1753533572079,12:39:32.079,COW/USDT:USDT,0.4001,28.0,0.4,76.0,0.4004,69.0,0.4005,71.0
1753533572166,12:39:32.166,COW/USDT:USDT,0.4001,28.0,0.4,76.0,0.4004,69.0,0.4005,71.0
1753533572277,12:39:32.277,COW/USDT:USDT,0.4001,28.0,0.4,76.0,0.4004,69.0,0.4005,71.0
1753533572404,12:39:32.404,COW/USDT:USDT,0.4001,28.0,0.4,76.0,0.4004,69.0,0.4005,71.0
1753533572693,12:39:32.693,COW/USDT:USDT,0.4001,28.0,0.4,76.0,0.4004,69.0,0.4005,71.0
1753533575586,12:39:35.586,COW/USDT:USDT,0.4001,28.0,0.4,76.0,0.4004,73.0,0.4005,71.0
1753533575926,12:39:35.926,COW/USDT:USDT,0.4001,28.0,0.4,76.0,0.4004,73.0,0.4005,71.0
1753533576828,12:39:36.828,COW/USDT:USDT,0.4,65.0,0.3999,64.0,0.4003,114.0,0.4004,77.0
1753533576903,12:39:36.903,COW/USDT:USDT,0.3999,75.0,0.3998,75.0,0.4003,122.0,0.4004,71.0
1753533577007,12:39:37.007,COW/USDT:USDT,0.3999,75.0,0.3998,75.0,0.4003,122.0,0.4004,71.0
1753533577182,12:39:37.182,COW/USDT:USDT,0.3999,75.0,0.3998,75.0,0.4003,122.0,0.4004,71.0
1753533577560,12:39:37.560,COW/USDT:USDT,0.3999,75.0,0.3998,75.0,0.4003,122.0,0.4004,71.0
1753533580686,12:39:40.686,COW/USDT:USDT,0.3999,75.0,0.3998,75.0,0.4003,122.0,0.4004,71.0
1753533580768,12:39:40.768,COW/USDT:USDT,0.3999,75.0,0.3998,75.0,0.4003,122.0,0.4004,71.0
1753533580905,12:39:40.905,COW/USDT:USDT,0.3999,75.0,0.3998,75.0,0.4003,116.0,0.4004,71.0
1753533580941,12:39:40.941,COW/USDT:USDT,0.3999,75.0,0.3998,75.0,0.4003,116.0,0.4004,71.0
1753533581724,12:39:41.724,COW/USDT:USDT,0.4,82.0,0.3999,75.0,0.4003,116.0,0.4004,71.0
1753533581809,12:39:41.809,COW/USDT:USDT,0.4001,22.0,0.4,64.0,0.4004,65.0,0.4005,144.0
1753533581907,12:39:41.907,COW/USDT:USDT,0.4002,18.0,0.4001,14.0,0.4004,71.0,0.4005,144.0
1753533582014,12:39:42.014,COW/USDT:USDT,0.4002,18.0,0.4001,14.0,0.4004,71.0,0.4005,144.0
1753533582033,12:39:42.033,COW/USDT:USDT,0.4002,20.0,0.4001,12.0,0.4004,69.0,0.4005,144.0
1753533582374,12:39:42.374,COW/USDT:USDT,0.4002,18.0,0.4001,76.0,0.4004,69.0,0.4005,144.0
1753533582438,12:39:42.438,COW/USDT:USDT,0.4002,20.0,0.4001,76.0,0.4004,69.0,0.4005,144.0
1753533583135,12:39:43.135,COW/USDT:USDT,0.4002,18.0,0.4001,76.0,0.4004,101.0,0.4005,144.0
1753533583257,12:39:43.257,COW/USDT:USDT,0.4002,18.0,0.4001,76.0,0.4004,101.0,0.4005,144.0
1753533583363,12:39:43.363,COW/USDT:USDT,0.4002,18.0,0.4001,76.0,0.4004,101.0,0.4005,71.0
1753533583915,12:39:43.915,COW/USDT:USDT,0.4002,20.0,0.4001,76.0,0.4004,101.0,0.4005,71.0
1753533584080,12:39:44.080,COW/USDT:USDT,0.4002,20.0,0.4001,76.0,0.4004,69.0,0.4005,71.0
1753533584567,12:39:44.567,COW/USDT:USDT,0.4002,18.0,0.4001,76.0,0.4004,69.0,0.4005,71.0
1753533587597,12:39:47.597,COW/USDT:USDT,0.4002,18.0,0.4001,76.0,0.4004,69.0,0.4005,71.0
1753533588392,12:39:48.392,COW/USDT:USDT,0.4001,76.0,0.4,11.0,0.4004,73.0,0.4005,71.0
1753533588518,12:39:48.518,COW/USDT:USDT,0.4001,76.0,0.4,11.0,0.4004,73.0,0.4005,71.0
1753533589560,12:39:49.560,COW/USDT:USDT,0.4001,76.0,0.4,11.0,0.4004,101.0,0.4005,71.0
1753533589744,12:39:49.744,COW/USDT:USDT,0.4001,76.0,0.4,11.0,0.4004,101.0,0.4005,71.0
1753533590276,12:39:50.276,COW/USDT:USDT,0.4001,12.0,0.4,11.0,0.4004,101.0,0.4005,71.0
1753533590605,12:39:50.605,COW/USDT:USDT,0.4001,12.0,0.4,11.0,0.4004,107.0,0.4005,71.0
1753533591009,12:39:51.009,COW/USDT:USDT,0.4001,12.0,0.4,11.0,0.4004,107.0,0.4005,71.0
1753533591367,12:39:51.367,COW/USDT:USDT,0.4001,18.0,0.4,11.0,0.4004,107.0,0.4005,71.0
1753533592005,12:39:52.005,COW/USDT:USDT,0.4001,18.0,0.4,11.0,0.4004,107.0,0.4005,71.0
1753533593215,12:39:53.215,COW/USDT:USDT,0.3998,64.0,0.3997,6.0,0.4003,70.0,0.4004,71.0
1753533593260,12:39:53.260,COW/USDT:USDT,0.3999,16.0,0.3998,64.0,0.4003,75.0,0.4004,71.0
1753533593422,12:39:53.422,COW/USDT:USDT,0.4,12.0,0.3999,11.0,0.4003,75.0,0.4004,71.0
1753533593516,12:39:53.516,COW/USDT:USDT,0.3999,11.0,0.3998,64.0,0.4003,75.0,0.4004,71.0
1753533593579,12:39:53.579,COW/USDT:USDT,0.3999,11.0,0.3998,75.0,0.4003,70.0,0.4004,71.0
1753533593669,12:39:53.669,COW/USDT:USDT,0.3999,75.0,0.3998,75.0,0.4003,70.0,0.4004,71.0
1753533593912,12:39:53.912,COW/USDT:USDT,0.3999,75.0,0.3998,75.0,0.4002,59.0,0.4003,70.0
1753533594183,12:39:54.183,COW/USDT:USDT,0.3999,75.0,0.3998,75.0,0.4002,67.0,0.4003,70.0
1753533594239,12:39:54.239,COW/USDT:USDT,0.3999,75.0,0.3998,75.0,0.4002,67.0,0.4003,70.0
1753533594654,12:39:54.654,COW/USDT:USDT,0.3999,75.0,0.3998,75.0,0.4002,67.0,0.4003,70.0
1753533594742,12:39:54.742,COW/USDT:USDT,0.3999,75.0,0.3998,75.0,0.4002,67.0,0.4003,70.0
1753533594936,12:39:54.936,COW/USDT:USDT,0.3999,75.0,0.3998,75.0,0.4002,131.0,0.4003,70.0
1753533595644,12:39:55.644,COW/USDT:USDT,0.3999,75.0,0.3998,75.0,0.4002,131.0,0.4003,70.0
1753533595887,12:39:55.887,COW/USDT:USDT,0.3999,75.0,0.3998,75.0,0.4002,131.0,0.4003,70.0
1753533596003,12:39:56.003,COW/USDT:USDT,0.3999,77.0,0.3998,75.0,0.4002,131.0,0.4003,70.0
1753533596139,12:39:56.139,COW/USDT:USDT,0.3999,75.0,0.3998,75.0,0.4002,131.0,0.4003,70.0
1753533596708,12:39:56.708,COW/USDT:USDT,0.3999,75.0,0.3998,75.0,0.4002,131.0,0.4003,70.0
1753533598537,12:39:58.537,COW/USDT:USDT,0.3999,75.0,0.3998,75.0,0.4002,131.0,0.4003,70.0
1753533598956,12:39:58.956,COW/USDT:USDT,0.3999,75.0,0.3998,75.0,0.4002,72.0,0.4003,70.0
1753533599216,12:39:59.216,COW/USDT:USDT,0.3999,77.0,0.3998,75.0,0.4002,6.0,0.4003,70.0
1753533599356,12:39:59.356,COW/USDT:USDT,0.3999,75.0,0.3998,75.0,0.4002,6.0,0.4003,70.0
1753533599727,12:39:59.727,COW/USDT:USDT,0.4,12.0,0.3999,75.0,0.4002,6.0,0.4003,70.0
1753533599821,12:39:59.821,COW/USDT:USDT,0.4,12.0,0.3999,75.0,0.4002,8.0,0.4003,70.0
1753533599875,12:39:59.875,COW/USDT:USDT,0.4,12.0,0.3999,75.0,0.4002,8.0,0.4003,70.0
1753533599939,12:39:59.939,COW/USDT:USDT,0.4,12.0,0.3999,75.0,0.4002,8.0,0.4003,70.0
1753533600527,12:40:00.527,COW/USDT:USDT,0.4,12.0,0.3999,75.0,0.4002,8.0,0.4003,70.0
1753533601967,12:40:01.967,COW/USDT:USDT,0.3999,75.0,0.3998,75.0,0.4002,8.0,0.4003,70.0
1753533602391,12:40:02.391,COW/USDT:USDT,0.3999,75.0,0.3998,75.0,0.4002,8.0,0.4003,70.0
1753533602810,12:40:02.810,COW/USDT:USDT,0.3999,75.0,0.3998,75.0,0.4002,8.0,0.4003,70.0
1753533604118,12:40:04.118,COW/USDT:USDT,0.4002,28.0,0.4001,76.0,0.4004,2.0,0.4005,71.0
1753533604213,12:40:04.213,COW/USDT:USDT,0.4003,12.0,0.4002,12.0,0.4005,2.0,0.4006,334.0
1753533604287,12:40:04.287,COW/USDT:USDT,0.4003,12.0,0.4002,12.0,0.4005,2.0,0.4006,334.0
1753533604345,12:40:04.345,COW/USDT:USDT,0.4003,12.0,0.4002,12.0,0.4005,2.0,0.4006,334.0
1753533604493,12:40:04.493,COW/USDT:USDT,0.4003,12.0,0.4002,12.0,0.4005,2.0,0.4006,334.0
1753533605317,12:40:05.317,COW/USDT:USDT,0.4002,12.0,0.4001,64.0,0.4005,68.0,0.4006,334.0
1753533605390,12:40:05.390,COW/USDT:USDT,0.4002,12.0,0.4001,64.0,0.4005,68.0,0.4006,334.0
1753533605813,12:40:05.813,COW/USDT:USDT,0.4002,12.0,0.4001,75.0,0.4005,68.0,0.4006,334.0
1753533606100,12:40:06.100,COW/USDT:USDT,0.4002,18.0,0.4001,75.0,0.4005,68.0,0.4006,334.0
1753533606158,12:40:06.158,COW/USDT:USDT,0.4002,18.0,0.4001,75.0,0.4005,68.0,0.4006,334.0
1753533607005,12:40:07.005,COW/USDT:USDT,0.4002,18.0,0.4001,75.0,0.4005,68.0,0.4006,334.0
1753533607359,12:40:07.359,COW/USDT:USDT,0.4002,18.0,0.4001,75.0,0.4005,68.0,0.4006,334.0
1753533608818,12:40:08.818,COW/USDT:USDT,0.4002,18.0,0.4001,75.0,0.4005,99.0,0.4006,334.0
1753533609484,12:40:09.484,COW/USDT:USDT,0.4002,18.0,0.4001,75.0,0.4005,99.0,0.4006,334.0
1753533610006,12:40:10.006,COW/USDT:USDT,0.4002,18.0,0.4001,75.0,0.4005,99.0,0.4006,334.0
1753533610220,12:40:10.220,COW/USDT:USDT,0.4002,18.0,0.4001,75.0,0.4005,99.0,0.4006,334.0
1753533611022,12:40:11.022,COW/USDT:USDT,0.4002,18.0,0.4001,75.0,0.4005,99.0,0.4006,334.0
1753533612005,12:40:12.005,COW/USDT:USDT,0.4002,18.0,0.4001,75.0,0.4005,99.0,0.4006,334.0
1753533612310,12:40:12.310,COW/USDT:USDT,0.4003,12.0,0.4002,78.0,0.4005,68.0,0.4006,334.0
1753533612424,12:40:12.424,COW/USDT:USDT,0.4004,12.0,0.4003,12.0,0.4005,2.0,0.4006,328.0
1753533612451,12:40:12.451,COW/USDT:USDT,0.4004,12.0,0.4003,12.0,0.4005,2.0,0.4006,328.0
1753533612625,12:40:12.625,COW/USDT:USDT,0.4001,64.0,0.4,69.0,0.4004,12.0,0.4005,101.0
1753533612658,12:40:12.658,COW/USDT:USDT,0.4001,66.0,0.4,75.0,0.4004,12.0,0.4005,68.0
1753533612754,12:40:12.754,COW/USDT:USDT,0.4001,66.0,0.4,75.0,0.4004,12.0,0.4005,66.0
1753533613069,12:40:13.069,COW/USDT:USDT,0.4001,68.0,0.4,75.0,0.4004,14.0,0.4005,66.0
1753533613189,12:40:13.189,COW/USDT:USDT,0.4001,68.0,0.4,75.0,0.4004,16.0,0.4005,66.0
1753533613540,12:40:13.540,COW/USDT:USDT,0.4001,68.0,0.4,75.0,0.4004,16.0,0.4005,66.0
1753533613811,12:40:13.811,COW/USDT:USDT,0.4001,68.0,0.4,75.0,0.4004,16.0,0.4005,66.0
1753533613894,12:40:13.894,COW/USDT:USDT,0.4001,68.0,0.4,75.0,0.4004,16.0,0.4005,66.0
1753533614593,12:40:14.593,COW/USDT:USDT,0.4001,68.0,0.4,75.0,0.4004,16.0,0.4005,66.0
1753533616003,12:40:16.003,COW/USDT:USDT,0.4001,68.0,0.4,75.0,0.4004,16.0,0.4005,66.0
1753533616320,12:40:16.320,COW/USDT:USDT,0.3999,64.0,0.3998,75.0,0.4003,328.0,0.4004,72.0
1753533616360,12:40:16.360,COW/USDT:USDT,0.3999,64.0,0.3998,75.0,0.4003,328.0,0.4004,72.0
1753533616479,12:40:16.479,COW/USDT:USDT,0.3999,64.0,0.3998,75.0,0.4003,359.0,0.4004,72.0
1753533616736,12:40:16.736,COW/USDT:USDT,0.3999,64.0,0.3998,75.0,0.4003,359.0,0.4004,72.0
1753533616924,12:40:16.924,COW/USDT:USDT,0.3999,64.0,0.3998,75.0,0.4003,359.0,0.4004,72.0
1753533617007,12:40:17.007,COW/USDT:USDT,0.3999,64.0,0.3998,75.0,0.4003,359.0,0.4004,72.0
1753533617156,12:40:17.156,COW/USDT:USDT,0.3999,64.0,0.3998,75.0,0.4003,359.0,0.4004,72.0
1753533618007,12:40:18.007,COW/USDT:USDT,0.3999,64.0,0.3998,75.0,0.4003,359.0,0.4004,72.0
1753533619031,12:40:19.031,COW/USDT:USDT,0.3999,64.0,0.3998,75.0,0.4003,359.0,0.4004,145.0
1753533620336,12:40:20.336,COW/USDT:USDT,0.3999,64.0,0.3998,75.0,0.4003,359.0,0.4004,145.0
1753533624407,12:40:24.407,COW/USDT:USDT,0.3999,64.0,0.3998,75.0,0.4003,359.0,0.4004,145.0
1753533624437,12:40:24.437,COW/USDT:USDT,0.3999,64.0,0.3998,75.0,0.4003,359.0,0.4004,145.0
1753533625003,12:40:25.003,COW/USDT:USDT,0.3999,64.0,0.3998,75.0,0.4003,359.0,0.4004,145.0
1753533626552,12:40:26.552,COW/USDT:USDT,0.3999,64.0,0.3998,75.0,0.4003,359.0,0.4004,145.0
1753533627007,12:40:27.007,COW/USDT:USDT,0.3999,64.0,0.3998,75.0,0.4003,359.0,0.4004,145.0
1753533627712,12:40:27.712,COW/USDT:USDT,0.3999,64.0,0.3998,75.0,0.4003,359.0,0.4004,145.0
1753533628026,12:40:28.026,COW/USDT:USDT,0.3998,75.0,0.3996,74.0,0.4002,67.0,0.4003,365.0
1753533628063,12:40:28.063,COW/USDT:USDT,0.3998,75.0,0.3996,81.0,0.4002,67.0,0.4003,334.0
1753533628509,12:40:28.509,COW/USDT:USDT,0.3998,75.0,0.3996,81.0,0.4002,65.0,0.4003,334.0
1753533628557,12:40:28.557,COW/USDT:USDT,0.3998,75.0,0.3996,81.0,0.4002,65.0,0.4003,334.0
1753533628781,12:40:28.781,COW/USDT:USDT,0.3998,75.0,0.3996,81.0,0.4002,98.0,0.4003,334.0
1753533629006,12:40:29.006,COW/USDT:USDT,0.3998,75.0,0.3996,81.0,0.4002,98.0,0.4003,334.0
1753533629092,12:40:29.092,COW/USDT:USDT,0.3998,75.0,0.3996,81.0,0.4002,98.0,0.4003,334.0
1753533629189,12:40:29.189,COW/USDT:USDT,0.3998,75.0,0.3996,81.0,0.4002,98.0,0.4003,334.0
1753533629714,12:40:29.714,COW/USDT:USDT,0.4,16.0,0.3999,80.0,0.4002,2.0,0.4003,334.0
1753533629806,12:40:29.806,COW/USDT:USDT,0.4,16.0,0.3999,80.0,0.4003,332.0,0.4004,145.0
1753533629922,12:40:29.922,COW/USDT:USDT,0.4,16.0,0.3999,80.0,0.4003,621.0,0.4004,145.0
1753533630014,12:40:30.014,COW/USDT:USDT,0.4,16.0,0.3999,80.0,0.4003,621.0,0.4004,145.0
1753533630037,12:40:30.037,COW/USDT:USDT,0.4,16.0,0.3999,80.0,0.4003,621.0,0.4004,145.0
1753533630214,12:40:30.214,COW/USDT:USDT,0.4,16.0,0.3999,80.0,0.4003,621.0,0.4004,145.0
1753533630854,12:40:30.854,COW/USDT:USDT,0.4,16.0,0.3999,80.0,0.4003,621.0,0.4004,145.0
1753533631020,12:40:31.020,COW/USDT:USDT,0.4,18.0,0.3999,78.0,0.4003,621.0,0.4004,145.0
1753533631112,12:40:31.112,COW/USDT:USDT,0.4,16.0,0.3999,78.0,0.4003,619.0,0.4004,145.0
1753533631224,12:40:31.224,COW/USDT:USDT,0.4,18.0,0.3999,78.0,0.4003,621.0,0.4004,145.0
1753533631295,12:40:31.295,COW/USDT:USDT,0.4,16.0,0.3999,78.0,0.4003,621.0,0.4004,145.0
1753533631579,12:40:31.579,COW/USDT:USDT,0.4,16.0,0.3999,78.0,0.4003,621.0,0.4004,145.0
1753533632006,12:40:32.006,COW/USDT:USDT,0.4,18.0,0.3999,78.0,0.4003,621.0,0.4004,145.0
1753533632115,12:40:32.115,COW/USDT:USDT,0.4,18.0,0.3999,78.0,0.4003,621.0,0.4004,145.0
1753533632211,12:40:32.211,COW/USDT:USDT,0.4,18.0,0.3999,78.0,0.4003,621.0,0.4004,145.0
1753533632262,12:40:32.262,COW/USDT:USDT,0.4,18.0,0.3999,78.0,0.4003,621.0,0.4004,145.0
1753533633008,12:40:33.008,COW/USDT:USDT,0.4,18.0,0.3999,78.0,0.4003,621.0,0.4004,145.0
1753533633211,12:40:33.211,COW/USDT:USDT,0.4,18.0,0.3999,78.0,0.4003,621.0,0.4004,145.0
1753533633319,12:40:33.319,COW/USDT:USDT,0.4,16.0,0.3999,78.0,0.4003,621.0,0.4004,145.0
1753533633482,12:40:33.482,COW/USDT:USDT,0.4,16.0,0.3999,78.0,0.4003,619.0,0.4004,145.0
1753533634003,12:40:34.003,COW/USDT:USDT,0.4,16.0,0.3999,78.0,0.4003,619.0,0.4004,145.0
1753533634425,12:40:34.425,COW/USDT:USDT,0.4,82.0,0.3999,78.0,0.4003,619.0,0.4004,145.0
1753533634428,12:40:34.428,COW/USDT:USDT,0.4,84.0,0.3999,78.0,0.4003,619.0,0.4004,145.0
1753533635418,12:40:35.418,COW/USDT:USDT,0.4,84.0,0.3999,78.0,0.4003,330.0,0.4004,145.0
1753533635568,12:40:35.568,COW/USDT:USDT,0.4,84.0,0.3999,78.0,0.4003,403.0,0.4004,145.0
1753533637327,12:40:37.327,COW/USDT:USDT,0.4,18.0,0.3999,78.0,0.4003,403.0,0.4004,145.0
1753533637330,12:40:37.330,COW/USDT:USDT,0.4,16.0,0.3999,78.0,0.4003,403.0,0.4004,145.0
1753533641988,12:40:41.988,COW/USDT:USDT,0.4,16.0,0.3999,78.0,0.4003,403.0,0.4004,145.0
1753533652583,12:40:52.583,COW/USDT:USDT,0.4,16.0,0.3999,78.0,0.4003,403.0,0.4004,145.0
1753533659526,12:40:59.526,COW/USDT:USDT,0.4001,28.0,0.4,63.0,0.4004,145.0,0.4005,324.0
1753533659626,12:40:59.626,COW/USDT:USDT,0.4001,28.0,0.4,75.0,0.4004,73.0,0.4005,72.0
1753533659648,12:40:59.648,COW/USDT:USDT,0.4001,91.0,0.4,75.0,0.4005,72.0,0.4006,464.0
1753533659764,12:40:59.764,COW/USDT:USDT,0.4001,91.0,0.4,75.0,0.4004,166.0,0.4005,72.0
1753533660010,12:41:00.010,COW/USDT:USDT,0.4001,91.0,0.4,75.0,0.4004,166.0,0.4005,72.0
1753533660184,12:41:00.184,COW/USDT:USDT,0.4001,93.0,0.4,75.0,0.4004,170.0,0.4005,72.0
1753533660333,12:41:00.333,COW/USDT:USDT,0.4001,93.0,0.4,75.0,0.4004,170.0,0.4005,147.0
1753533660463,12:41:00.463,COW/USDT:USDT,0.4001,91.0,0.4,75.0,0.4004,170.0,0.4005,147.0
1753533661374,12:41:01.374,COW/USDT:USDT,0.4001,93.0,0.4,75.0,0.4004,170.0,0.4005,147.0
1753533661475,12:41:01.475,COW/USDT:USDT,0.4001,93.0,0.4,75.0,0.4004,170.0,0.4005,147.0
1753533662287,12:41:02.287,COW/USDT:USDT,0.4001,28.0,0.4,75.0,0.4004,170.0,0.4005,147.0
1753533662412,12:41:02.412,COW/USDT:USDT,0.4,75.0,0.3999,78.0,0.4004,170.0,0.4005,147.0
1753533662530,12:41:02.530,COW/USDT:USDT,0.4,75.0,0.3999,78.0,0.4004,170.0,0.4005,147.0
1753533662695,12:41:02.695,COW/USDT:USDT,0.4,75.0,0.3999,78.0,0.4004,170.0,0.4005,147.0
1753533663006,12:41:03.006,COW/USDT:USDT,0.4,75.0,0.3999,78.0,0.4004,170.0,0.4005,147.0
1753533663220,12:41:03.220,COW/USDT:USDT,0.4,75.0,0.3999,78.0,0.4004,170.0,0.4005,147.0
1753533664360,12:41:04.360,COW/USDT:USDT,0.4,75.0,0.3999,78.0,0.4004,176.0,0.4005,147.0
1753533664717,12:41:04.717,COW/USDT:USDT,0.4,75.0,0.3999,78.0,0.4004,176.0,0.4005,147.0
1753533666006,12:41:06.006,COW/USDT:USDT,0.4,75.0,0.3999,78.0,0.4004,176.0,0.4005,147.0
1753533669991,12:41:09.991,COW/USDT:USDT,0.4,75.0,0.3999,78.0,0.4004,176.0,0.4005,147.0
1753533670099,12:41:10.099,COW/USDT:USDT,0.4,75.0,0.3999,78.0,0.4004,181.0,0.4005,147.0
1753533675220,12:41:15.220,COW/USDT:USDT,0.4,75.0,0.3999,78.0,0.4004,176.0,0.4005,147.0
1753533678216,12:41:18.216,COW/USDT:USDT,0.4,75.0,0.3999,78.0,0.4004,177.0,0.4005,147.0
1753533680324,12:41:20.324,COW/USDT:USDT,0.4,75.0,0.3999,78.0,0.4004,176.0,0.4005,147.0
1753533686574,12:41:26.574,COW/USDT:USDT,0.4,75.0,0.3999,78.0,0.4004,170.0,0.4005,147.0
1753533687219,12:41:27.219,COW/USDT:USDT,0.4,75.0,0.3999,78.0,0.4004,171.0,0.4005,147.0
1753533687868,12:41:27.868,COW/USDT:USDT,0.4,75.0,0.3999,78.0,0.4004,171.0,0.4005,147.0
1753533689005,12:41:29.005,COW/USDT:USDT,0.4,75.0,0.3999,78.0,0.4004,171.0,0.4005,147.0
1753533691122,12:41:31.122,COW/USDT:USDT,0.4002,16.0,0.4001,78.0,0.4005,66.0,0.4006,199.0
1753533691206,12:41:31.206,COW/USDT:USDT,0.4003,18.0,0.4002,66.0,0.4006,633.0,0.4007,6.0
1753533691326,12:41:31.326,COW/USDT:USDT,0.4003,18.0,0.4002,66.0,0.4006,630.0,0.4007,6.0
1753533691601,12:41:31.601,COW/USDT:USDT,0.4003,18.0,0.4002,66.0,0.4006,630.0,0.4007,6.0
1753533691747,12:41:31.747,COW/USDT:USDT,0.4003,18.0,0.4002,66.0,0.4006,630.0,0.4007,6.0
1753533692116,12:41:32.116,COW/USDT:USDT,0.4003,18.0,0.4002,66.0,0.4006,637.0,0.4007,6.0
1753533692917,12:41:32.917,COW/USDT:USDT,0.4003,18.0,0.4002,66.0,0.4006,635.0,0.4007,6.0
1753533692965,12:41:32.965,COW/USDT:USDT,0.4003,18.0,0.4002,66.0,0.4006,637.0,0.4007,6.0
1753533695128,12:41:35.128,COW/USDT:USDT,0.4003,18.0,0.4002,66.0,0.4006,710.0,0.4007,6.0
1753533695128,12:41:35.128,COW/USDT:USDT,0.4003,18.0,0.4002,66.0,0.4006,710.0,0.4007,6.0
1753533697208,12:41:37.208,COW/USDT:USDT,0.4003,18.0,0.4002,66.0,0.4006,702.0,0.4007,6.0
1753533697305,12:41:37.305,COW/USDT:USDT,0.4003,18.0,0.4002,66.0,0.4006,629.0,0.4007,6.0
1753533697339,12:41:37.339,COW/USDT:USDT,0.4003,20.0,0.4002,66.0,0.4006,566.0,0.4007,6.0
1753533697517,12:41:37.517,COW/USDT:USDT,0.4004,12.0,0.4003,20.0,0.4006,266.0,0.4007,6.0
1753533697599,12:41:37.599,COW/USDT:USDT,0.4004,12.0,0.4003,12.0,0.4006,268.0,0.4007,6.0
1753533697808,12:41:37.808,COW/USDT:USDT,0.4004,12.0,0.4003,12.0,0.4006,268.0,0.4007,6.0
1753533698703,12:41:38.703,COW/USDT:USDT,0.4004,12.0,0.4003,12.0,0.4006,270.0,0.4007,6.0
1753533699029,12:41:39.029,COW/USDT:USDT,0.4004,12.0,0.4003,12.0,0.4006,270.0,0.4007,6.0
1753533699030,12:41:39.030,COW/USDT:USDT,0.4004,12.0,0.4003,12.0,0.4006,270.0,0.4007,6.0
1753533699749,12:41:39.749,COW/USDT:USDT,0.4004,12.0,0.4003,12.0,0.4006,270.0,0.4007,6.0
1753533699853,12:41:39.853,COW/USDT:USDT,0.4004,12.0,0.4003,12.0,0.4006,270.0,0.4007,6.0
1753533700127,12:41:40.127,COW/USDT:USDT,0.4004,12.0,0.4003,12.0,0.4006,268.0,0.4007,6.0
1753533700220,12:41:40.220,COW/USDT:USDT,0.4004,12.0,0.4003,12.0,0.4006,270.0,0.4007,6.0
1753533700305,12:41:40.305,COW/USDT:USDT,0.4004,12.0,0.4003,12.0,0.4006,270.0,0.4007,79.0
1753533700551,12:41:40.551,COW/USDT:USDT,0.4004,12.0,0.4003,78.0,0.4006,268.0,0.4007,79.0
1753533700794,12:41:40.794,COW/USDT:USDT,0.4004,12.0,0.4003,78.0,0.4006,268.0,0.4007,79.0
1753533700869,12:41:40.869,COW/USDT:USDT,0.4004,12.0,0.4003,78.0,0.4006,268.0,0.4007,79.0
1753533701075,12:41:41.075,COW/USDT:USDT,0.4004,12.0,0.4003,78.0,0.4006,268.0,0.4007,79.0
1753533701952,12:41:41.952,COW/USDT:USDT,0.4004,12.0,0.4003,78.0,0.4006,270.0,0.4007,79.0
1753533702326,12:41:42.326,COW/USDT:USDT,0.4004,12.0,0.4003,78.0,0.4006,7.0,0.4007,79.0
1753533702423,12:41:42.423,COW/USDT:USDT,0.4004,12.0,0.4003,78.0,0.4006,7.0,0.4007,79.0
1753533702584,12:41:42.584,COW/USDT:USDT,0.4004,12.0,0.4003,78.0,0.4007,79.0,0.4008,72.0
1753533702628,12:41:42.628,COW/USDT:USDT,0.4004,12.0,0.4003,78.0,0.4007,79.0,0.4008,72.0
1753533702770,12:41:42.770,COW/USDT:USDT,0.4004,18.0,0.4003,78.0,0.4007,79.0,0.4008,72.0
1753533703610,12:41:43.610,COW/USDT:USDT,0.4004,12.0,0.4003,78.0,0.4007,79.0,0.4008,72.0
1753533703782,12:41:43.782,COW/USDT:USDT,0.4004,12.0,0.4003,78.0,0.4006,291.0,0.4007,79.0
1753533704192,12:41:44.192,COW/USDT:USDT,0.4003,12.0,0.4002,40.0,0.4006,291.0,0.4007,79.0
1753533704313,12:41:44.313,COW/USDT:USDT,0.4003,12.0,0.4002,40.0,0.4006,291.0,0.4007,79.0
1753533704401,12:41:44.401,COW/USDT:USDT,0.4003,18.0,0.4002,40.0,0.4006,291.0,0.4007,79.0
1753533704612,12:41:44.612,COW/USDT:USDT,0.4003,18.0,0.4002,40.0,0.4006,291.0,0.4007,79.0
1753533704736,12:41:44.736,COW/USDT:USDT,0.4003,18.0,0.4002,40.0,0.4006,291.0,0.4007,79.0
1753533706228,12:41:46.228,COW/USDT:USDT,0.4005,12.0,0.4004,16.0,0.4006,6.0,0.4007,73.0
1753533706327,12:41:46.327,COW/USDT:USDT,0.4005,12.0,0.4004,16.0,0.4006,6.0,0.4007,73.0
1753533706376,12:41:46.376,COW/USDT:USDT,0.4005,12.0,0.4004,16.0,0.4006,6.0,0.4007,73.0
1753533706669,12:41:46.669,COW/USDT:USDT,0.4005,12.0,0.4004,14.0,0.4006,6.0,0.4007,73.0
1753533707006,12:41:47.006,COW/USDT:USDT,0.4005,12.0,0.4004,14.0,0.4006,6.0,0.4007,73.0
1753533707508,12:41:47.508,COW/USDT:USDT,0.4004,16.0,0.4003,78.0,0.4006,6.0,0.4007,73.0
1753533707604,12:41:47.604,COW/USDT:USDT,0.4004,16.0,0.4003,78.0,0.4006,6.0,0.4007,73.0
1753533708024,12:41:48.024,COW/USDT:USDT,0.4004,16.0,0.4003,78.0,0.4006,6.0,0.4007,73.0
1753533710642,12:41:50.642,COW/USDT:USDT,0.4004,12.0,0.4003,78.0,0.4006,6.0,0.4007,73.0
1753533711090,12:41:51.090,COW/USDT:USDT,0.4004,16.0,0.4003,78.0,0.4006,6.0,0.4007,73.0
1753533712495,12:41:52.495,COW/USDT:USDT,0.4004,12.0,0.4003,78.0,0.4006,6.0,0.4007,73.0
1753533713722,12:41:53.722,COW/USDT:USDT,0.4004,16.0,0.4003,78.0,0.4006,6.0,0.4007,73.0
1753533713731,12:41:53.731,COW/USDT:USDT,0.4005,12.0,0.4004,16.0,0.4006,6.0,0.4007,73.0
1753533713846,12:41:53.846,COW/USDT:USDT,0.4005,12.0,0.4004,16.0,0.4006,6.0,0.4007,73.0
1753533714077,12:41:54.077,COW/USDT:USDT,0.4005,12.0,0.4004,16.0,0.4006,6.0,0.4007,73.0
1753533716867,12:41:56.867,COW/USDT:USDT,0.4005,12.0,0.4004,12.0,0.4006,8.0,0.4007,73.0
1753533717319,12:41:57.319,COW/USDT:USDT,0.4005,12.0,0.4004,12.0,0.4006,8.0,0.4007,73.0
1753533717370,12:41:57.370,COW/USDT:USDT,0.4004,12.0,0.4003,78.0,0.4006,8.0,0.4007,73.0
1753533717445,12:41:57.445,COW/USDT:USDT,0.4004,12.0,0.4003,78.0,0.4006,8.0,0.4007,73.0
1753533717623,12:41:57.623,COW/USDT:USDT,0.4004,12.0,0.4003,78.0,0.4006,8.0,0.4007,73.0
1753533717736,12:41:57.736,COW/USDT:USDT,0.4004,12.0,0.4003,78.0,0.4006,8.0,0.4007,73.0
1753533718464,12:41:58.464,COW/USDT:USDT,0.4004,12.0,0.4003,78.0,0.4006,10.0,0.4007,73.0
1753533718562,12:41:58.562,COW/USDT:USDT,0.4004,12.0,0.4003,78.0,0.4006,10.0,0.4007,73.0
1753533720355,12:42:00.355,COW/USDT:USDT,0.4002,64.0,0.4001,78.0,0.4006,74.0,0.4007,79.0
1753533721004,12:42:01.004,COW/USDT:USDT,0.4002,64.0,0.4001,78.0,0.4006,74.0,0.4007,79.0
1753533730025,12:42:10.025,COW/USDT:USDT,0.4003,16.0,0.4002,64.0,0.4006,10.0,0.4007,79.0
1753533730050,12:42:10.050,COW/USDT:USDT,0.4003,16.0,0.4002,64.0,0.4006,10.0,0.4007,79.0
1753533730634,12:42:10.634,COW/USDT:USDT,0.4003,16.0,0.4002,64.0,0.4006,10.0,0.4007,79.0
1753533733222,12:42:13.222,COW/USDT:USDT,0.4002,64.0,0.4001,66.0,0.4006,75.0,0.4007,79.0
1753533733291,12:42:13.291,COW/USDT:USDT,0.4,63.0,0.3999,77.0,0.4006,81.0,0.4007,79.0
1753533733411,12:42:13.411,COW/USDT:USDT,0.4001,12.0,0.4,63.0,0.4005,65.0,0.4006,77.0
1753533733493,12:42:13.493,COW/USDT:USDT,0.4003,12.0,0.4002,12.0,0.4005,69.0,0.4006,71.0
1753533734010,12:42:14.010,COW/USDT:USDT,0.4003,12.0,0.4002,12.0,0.4005,69.0,0.4006,399.0
1753533734552,12:42:14.552,COW/USDT:USDT,0.4002,12.0,0.4001,52.0,0.4005,69.0,0.4006,399.0
1753533734713,12:42:14.713,COW/USDT:USDT,0.4002,12.0,0.4001,52.0,0.4005,69.0,0.4006,399.0
1753533736709,12:42:16.709,COW/USDT:USDT,0.4002,12.0,0.4001,52.0,0.4005,432.0,0.4006,399.0
1753533738120,12:42:18.120,COW/USDT:USDT,0.4004,12.0,0.4003,12.0,0.4006,67.0,0.4007,274.0
1753533738209,12:42:18.209,COW/USDT:USDT,0.4004,18.0,0.4003,12.0,0.4007,274.0,0.4008,76.0
1753533738313,12:42:18.313,COW/USDT:USDT,0.4004,83.0,0.4003,12.0,0.4008,202.0,0.4009,400.0
1753533738402,12:42:18.402,COW/USDT:USDT,0.4004,83.0,0.4003,12.0,0.4008,202.0,0.4009,72.0
1753533738500,12:42:18.500,COW/USDT:USDT,0.4004,83.0,0.4003,12.0,0.4008,72.0,0.4009,202.0
1753533738554,12:42:18.554,COW/USDT:USDT,0.4004,83.0,0.4003,12.0,0.4008,72.0,0.4009,202.0
1753533738779,12:42:18.779,COW/USDT:USDT,0.4004,83.0,0.4003,12.0,0.4008,72.0,0.4009,202.0
1753533739010,12:42:19.010,COW/USDT:USDT,0.4004,83.0,0.4003,12.0,0.4008,66.0,0.4009,202.0
1753533739702,12:42:19.702,COW/USDT:USDT,0.4004,83.0,0.4003,12.0,0.4008,66.0,0.4009,276.0
1753533740000,12:42:20.000,COW/USDT:USDT,0.4004,83.0,0.4003,12.0,0.4008,66.0,0.4009,276.0
1753533740584,12:42:20.584,COW/USDT:USDT,0.4005,12.0,0.4004,81.0,0.4007,206.0,0.4008,66.0
1753533740672,12:42:20.672,COW/USDT:USDT,0.4005,12.0,0.4004,81.0,0.4007,206.0,0.4008,66.0
1753533740818,12:42:20.818,COW/USDT:USDT,0.4005,12.0,0.4004,81.0,0.4007,206.0,0.4008,66.0
1753533740885,12:42:20.885,COW/USDT:USDT,0.4005,12.0,0.4004,81.0,0.4007,208.0,0.4008,66.0
1753533740990,12:42:20.990,COW/USDT:USDT,0.4005,12.0,0.4004,81.0,0.4007,206.0,0.4008,66.0
1753533741237,12:42:21.237,COW/USDT:USDT,0.4005,12.0,0.4004,81.0,0.4007,206.0,0.4008,66.0
1753533741371,12:42:21.371,COW/USDT:USDT,0.4005,20.0,0.4004,79.0,0.4007,206.0,0.4008,66.0
1753533741522,12:42:21.522,COW/USDT:USDT,0.4005,20.0,0.4004,79.0,0.4007,206.0,0.4008,66.0
1753533741744,12:42:21.744,COW/USDT:USDT,0.4005,18.0,0.4004,79.0,0.4007,206.0,0.4008,66.0
1753533742184,12:42:22.184,COW/USDT:USDT,0.4005,20.0,0.4004,79.0,0.4007,206.0,0.4008,66.0
1753533742454,12:42:22.454,COW/USDT:USDT,0.4005,18.0,0.4004,79.0,0.4007,206.0,0.4008,66.0
1753533742805,12:42:22.805,COW/USDT:USDT,0.4005,12.0,0.4004,79.0,0.4007,206.0,0.4008,66.0
1753533742892,12:42:22.892,COW/USDT:USDT,0.4006,12.0,0.4005,12.0,0.4008,68.0,0.4009,276.0
1753533742998,12:42:22.998,COW/USDT:USDT,0.4006,12.0,0.4005,12.0,0.4008,68.0,0.4009,276.0
1753533743127,12:42:23.127,COW/USDT:USDT,0.4006,12.0,0.4005,12.0,0.4008,68.0,0.4009,276.0
1753533743212,12:42:23.212,COW/USDT:USDT,0.4006,12.0,0.4005,12.0,0.4008,68.0,0.4009,276.0
1753533743328,12:42:23.328,COW/USDT:USDT,0.4004,65.0,0.4002,76.0,0.4008,70.0,0.4009,276.0
1753533743339,12:42:23.339,COW/USDT:USDT,0.4004,77.0,0.4002,76.0,0.4008,70.0,0.4009,276.0
1753533743467,12:42:23.467,COW/USDT:USDT,0.4004,77.0,0.4002,76.0,0.4008,76.0,0.4009,276.0
1753533743529,12:42:23.529,COW/USDT:USDT,0.4004,77.0,0.4002,71.0,0.4008,76.0,0.4009,276.0
1753533743646,12:42:23.646,COW/USDT:USDT,0.4004,77.0,0.4002,71.0,0.4008,76.0,0.4009,276.0
1753533743754,12:42:23.754,COW/USDT:USDT,0.4004,77.0,0.4002,71.0,0.4008,76.0,0.4009,276.0
1753533744010,12:42:24.010,COW/USDT:USDT,0.4004,77.0,0.4003,12.0,0.4008,76.0,0.4009,276.0
1753533744427,12:42:24.427,COW/USDT:USDT,0.4004,12.0,0.4003,12.0,0.4007,468.0,0.4008,72.0
1753533744574,12:42:24.574,COW/USDT:USDT,0.4004,12.0,0.4003,12.0,0.4007,468.0,0.4008,72.0
1753533746116,12:42:26.116,COW/USDT:USDT,0.4004,77.0,0.4003,12.0,0.4007,468.0,0.4008,72.0
1753533746227,12:42:26.227,COW/USDT:USDT,0.4005,81.0,0.4004,77.0,0.4009,270.0,0.401,199.0
1753533746293,12:42:26.293,COW/USDT:USDT,0.4005,81.0,0.4004,77.0,0.4009,270.0,0.401,199.0
1753533746388,12:42:26.388,COW/USDT:USDT,0.4005,81.0,0.4004,77.0,0.4009,140.0,0.401,199.0
1753533746524,12:42:26.524,COW/USDT:USDT,0.4005,81.0,0.4004,77.0,0.4009,140.0,0.401,69.0
1753533746543,12:42:26.543,COW/USDT:USDT,0.4005,81.0,0.4004,77.0,0.4009,140.0,0.401,69.0
1753533748005,12:42:28.005,COW/USDT:USDT,0.4005,81.0,0.4004,77.0,0.4009,140.0,0.401,69.0
1753533748993,12:42:28.993,COW/USDT:USDT,0.4005,16.0,0.4004,77.0,0.4008,393.0,0.4009,146.0
1753533750018,12:42:30.018,COW/USDT:USDT,0.4006,12.0,0.4005,20.0,0.4008,391.0,0.4009,146.0
1753533750092,12:42:30.092,COW/USDT:USDT,0.4006,12.0,0.4005,12.0,0.4008,391.0,0.4009,146.0
1753533750474,12:42:30.474,COW/USDT:USDT,0.4006,12.0,0.4005,12.0,0.4008,391.0,0.4009,146.0
1753533752503,12:42:32.503,COW/USDT:USDT,0.4006,12.0,0.4005,12.0,0.4008,393.0,0.4009,146.0
1753533752631,12:42:32.631,COW/USDT:USDT,0.4006,12.0,0.4005,12.0,0.4008,393.0,0.4009,146.0
1753533753884,12:42:33.884,COW/USDT:USDT,0.4006,12.0,0.4005,12.0,0.4008,391.0,0.4009,146.0
1753533755503,12:42:35.503,COW/USDT:USDT,0.4005,12.0,0.4004,65.0,0.4008,393.0,0.4009,146.0
1753533755807,12:42:35.807,COW/USDT:USDT,0.4005,12.0,0.4004,77.0,0.4008,393.0,0.4009,146.0
1753533756592,12:42:36.592,COW/USDT:USDT,0.4005,12.0,0.4004,77.0,0.4008,393.0,0.4009,146.0
1753533756670,12:42:36.670,COW/USDT:USDT,0.4005,12.0,0.4004,77.0,0.4008,393.0,0.4009,146.0
1753533757006,12:42:37.006,COW/USDT:USDT,0.4005,12.0,0.4004,77.0,0.4008,393.0,0.4009,146.0
1753533759328,12:42:39.328,COW/USDT:USDT,0.4005,12.0,0.4004,77.0,0.4007,69.0,0.4009,146.0
1753533759393,12:42:39.393,COW/USDT:USDT,0.4004,12.0,0.4002,70.0,0.4007,69.0,0.4008,6.0
1753533759444,12:42:39.444,COW/USDT:USDT,0.4004,12.0,0.4002,65.0,0.4007,69.0,0.4008,6.0
1753533759571,12:42:39.571,COW/USDT:USDT,0.4004,12.0,0.4002,65.0,0.4007,67.0,0.4008,6.0
1753533759979,12:42:39.979,COW/USDT:USDT,0.4004,12.0,0.4003,12.0,0.4007,67.0,0.4008,6.0
1753533760181,12:42:40.181,COW/USDT:USDT,0.4004,12.0,0.4003,12.0,0.4007,303.0,0.4008,6.0
1753533760597,12:42:40.597,COW/USDT:USDT,0.4005,12.0,0.4004,12.0,0.4007,240.0,0.4008,71.0
1753533760655,12:42:40.655,COW/USDT:USDT,0.4005,12.0,0.4004,12.0,0.4007,240.0,0.4008,71.0
1753533764876,12:42:44.876,COW/USDT:USDT,0.4005,12.0,0.4004,12.0,0.4007,238.0,0.4008,71.0
1753533765051,12:42:45.051,COW/USDT:USDT,0.4005,12.0,0.4004,12.0,0.4008,71.0,0.4009,146.0
1753533766405,12:42:46.405,COW/USDT:USDT,0.4005,12.0,0.4004,12.0,0.4007,150.0,0.4008,71.0
1753533766898,12:42:46.898,COW/USDT:USDT,0.4006,12.0,0.4004,12.0,0.4007,150.0,0.4008,71.0
1753533767013,12:42:47.013,COW/USDT:USDT,0.4005,14.0,0.4004,77.0,0.4007,150.0,0.4008,71.0
1753533767098,12:42:47.098,COW/USDT:USDT,0.4005,14.0,0.4004,77.0,0.4007,150.0,0.4008,71.0
1753533767145,12:42:47.145,COW/USDT:USDT,0.4005,12.0,0.4004,77.0,0.4007,150.0,0.4008,71.0
1753533767481,12:42:47.481,COW/USDT:USDT,0.4005,14.0,0.4004,77.0,0.4007,150.0,0.4008,71.0
1753533768943,12:42:48.943,COW/USDT:USDT,0.4005,12.0,0.4004,77.0,0.4007,150.0,0.4008,71.0
1753533769341,12:42:49.341,COW/USDT:USDT,0.4005,14.0,0.4004,77.0,0.4007,150.0,0.4008,71.0
1753533771160,12:42:51.160,COW/USDT:USDT,0.4005,14.0,0.4004,77.0,0.4007,150.0,0.4008,71.0
1753533772003,12:42:52.003,COW/USDT:USDT,0.4005,14.0,0.4004,77.0,0.4007,150.0,0.4008,71.0
1753533772191,12:42:52.191,COW/USDT:USDT,0.4005,12.0,0.4004,77.0,0.4007,154.0,0.4008,71.0
1753533773797,12:42:53.797,COW/USDT:USDT,0.4005,14.0,0.4004,77.0,0.4007,150.0,0.4008,71.0
1753533775914,12:42:55.914,COW/USDT:USDT,0.4006,12.0,0.4004,77.0,0.4009,146.0,0.401,69.0
1753533776016,12:42:56.016,COW/USDT:USDT,0.4006,18.0,0.4005,12.0,0.4009,146.0,0.401,69.0
1753533776032,12:42:56.032,COW/USDT:USDT,0.4006,18.0,0.4005,12.0,0.4009,146.0,0.401,69.0
1753533776765,12:42:56.765,COW/USDT:USDT,0.4006,12.0,0.4005,12.0,0.4009,146.0,0.401,69.0
1753533776845,12:42:56.845,COW/USDT:USDT,0.4006,12.0,0.4005,12.0,0.4009,146.0,0.401,69.0
1753533777221,12:42:57.221,COW/USDT:USDT,0.4006,12.0,0.4005,12.0,0.4009,147.0,0.401,69.0
1753533777264,12:42:57.264,COW/USDT:USDT,0.4006,12.0,0.4005,12.0,0.4009,147.0,0.401,69.0
1753533779090,12:42:59.090,COW/USDT:USDT,0.4006,12.0,0.4005,12.0,0.4008,330.0,0.4009,146.0
1753533779784,12:42:59.784,COW/USDT:USDT,0.4006,12.0,0.4005,12.0,0.4008,330.0,0.4009,146.0
1753533780183,12:43:00.183,COW/USDT:USDT,0.4006,12.0,0.4005,12.0,0.4008,332.0,0.4009,146.0
1753533781102,12:43:01.102,COW/USDT:USDT,0.4006,12.0,0.4005,12.0,0.4008,330.0,0.4009,146.0
1753533781184,12:43:01.184,COW/USDT:USDT,0.4006,12.0,0.4005,12.0,0.4008,332.0,0.4009,146.0
1753533781978,12:43:01.978,COW/USDT:USDT,0.4006,12.0,0.4005,12.0,0.4008,330.0,0.4009,146.0
1753533782183,12:43:02.183,COW/USDT:USDT,0.4006,12.0,0.4005,12.0,0.4008,332.0,0.4009,146.0
