timestamp,time,symbol,bid1_price,bid1_volume,bid2_price,bid2_volume,ask1_price,ask1_volume,ask2_price,ask2_volume
1753533022000,12:30:22.000,CHILLGUY/USDT:USDT,0.06901,96.0,0.069,140.0,0.06907,116.0,0.06908,213.0
1753533023190,12:30:23.190,CHILLGUY/USDT:USDT,0.06901,96.0,0.069,140.0,0.06907,116.0,0.06908,213.0
1753533023300,12:30:23.300,CHILLGUY/USDT:USDT,0.069,140.0,0.06899,259.0,0.06906,98.0,0.06907,116.0
1753533023397,12:30:23.397,CHILLGUY/USDT:USDT,0.06897,4797.0,0.06896,4880.0,0.06905,20.0,0.06906,311.0
1753533023525,12:30:23.525,CHILLGUY/USDT:USDT,0.06897,104.0,0.06896,523.0,0.06904,113.0,0.06905,20.0
1753533023602,12:30:23.602,CHILLGUY/USDT:USDT,0.06897,104.0,0.06896,523.0,0.06904,113.0,0.06905,20.0
1753533023825,12:30:23.825,CHILLGUY/USDT:USDT,0.06898,98.0,0.06897,104.0,0.06904,113.0,0.06905,20.0
1753533023929,12:30:23.929,CHILLGUY/USDT:USDT,0.06898,98.0,0.06897,104.0,0.06903,5.0,0.06904,113.0
1753533024015,12:30:24.015,CHILLGUY/USDT:USDT,0.06897,104.0,0.06896,523.0,0.06903,103.0,0.06904,113.0
1753533024109,12:30:24.109,CHILLGUY/USDT:USDT,0.06898,98.0,0.06897,104.0,0.06903,5.0,0.06904,113.0
1753533024271,12:30:24.271,CHILLGUY/USDT:USDT,0.06898,98.0,0.06897,104.0,0.06903,5.0,0.06904,113.0
1753533024432,12:30:24.432,CHILLGUY/USDT:USDT,0.06898,98.0,0.06897,104.0,0.06903,5.0,0.06904,113.0
1753533024499,12:30:24.499,CHILLGUY/USDT:USDT,0.06898,98.0,0.06896,523.0,0.06903,5.0,0.06904,113.0
1753533024589,12:30:24.589,CHILLGUY/USDT:USDT,0.06897,98.0,0.06896,124.0,0.06903,5.0,0.06904,113.0
1753533025218,12:30:25.218,CHILLGUY/USDT:USDT,0.06897,98.0,0.06896,124.0,0.06903,103.0,0.06904,113.0
1753533025759,12:30:25.759,CHILLGUY/USDT:USDT,0.06897,98.0,0.06896,117.0,0.06903,5.0,0.06904,113.0
1753533026908,12:30:26.908,CHILLGUY/USDT:USDT,0.06897,105.0,0.06896,117.0,0.06903,5.0,0.06904,113.0
1753533027052,12:30:27.052,CHILLGUY/USDT:USDT,0.06898,98.0,0.06897,98.0,0.06903,5.0,0.06904,113.0
1753533027198,12:30:27.198,CHILLGUY/USDT:USDT,0.06897,98.0,0.06896,117.0,0.06903,5.0,0.06904,113.0
1753533028067,12:30:28.067,CHILLGUY/USDT:USDT,0.06897,98.0,0.06896,117.0,0.06903,5.0,0.06904,113.0
1753533030058,12:30:30.058,CHILLGUY/USDT:USDT,0.06897,98.0,0.06896,117.0,0.06903,5.0,0.06904,113.0
1753533030766,12:30:30.766,CHILLGUY/USDT:USDT,0.06897,98.0,0.06896,117.0,0.06903,5.0,0.06904,113.0
1753533031759,12:30:31.759,CHILLGUY/USDT:USDT,0.06897,98.0,0.06896,117.0,0.06903,5.0,0.06904,113.0
1753533032627,12:30:32.627,CHILLGUY/USDT:USDT,0.06897,98.0,0.06896,117.0,0.06903,103.0,0.06904,113.0
1753533033399,12:30:33.399,CHILLGUY/USDT:USDT,0.06897,98.0,0.06896,117.0,0.06903,103.0,0.06904,113.0
1753533033935,12:30:33.935,CHILLGUY/USDT:USDT,0.06896,135.0,0.06895,420.0,0.06902,109.0,0.06903,116.0
1753533033987,12:30:33.987,CHILLGUY/USDT:USDT,0.06898,158.0,0.06896,117.0,0.06901,5.0,0.06902,109.0
1753533034144,12:30:34.144,CHILLGUY/USDT:USDT,0.06898,158.0,0.06896,95.0,0.06901,114.0,0.06902,163.0
1753533034165,12:30:34.165,CHILLGUY/USDT:USDT,0.06898,158.0,0.06896,95.0,0.06901,114.0,0.06902,163.0
1753533034272,12:30:34.272,CHILLGUY/USDT:USDT,0.06898,158.0,0.06895,98.0,0.06901,114.0,0.06902,163.0
1753533035095,12:30:35.095,CHILLGUY/USDT:USDT,0.06898,158.0,0.06895,98.0,0.06901,114.0,0.06902,163.0
1753533035397,12:30:35.397,CHILLGUY/USDT:USDT,0.06898,158.0,0.06895,98.0,0.06901,114.0,0.06902,163.0
1753533037314,12:30:37.314,CHILLGUY/USDT:USDT,0.06898,158.0,0.06894,1214.0,0.069,96.0,0.06901,114.0
1753533037427,12:30:37.427,CHILLGUY/USDT:USDT,0.06898,158.0,0.06894,1214.0,0.069,96.0,0.06901,109.0
1753533037508,12:30:37.508,CHILLGUY/USDT:USDT,0.06898,158.0,0.06894,96.0,0.069,96.0,0.06901,109.0
1753533037760,12:30:37.760,CHILLGUY/USDT:USDT,0.06898,158.0,0.06894,96.0,0.06901,109.0,0.06902,163.0
1753533037853,12:30:37.853,CHILLGUY/USDT:USDT,0.06898,158.0,0.06894,96.0,0.069,5.0,0.06901,109.0
1753533038507,12:30:38.507,CHILLGUY/USDT:USDT,0.06898,158.0,0.06894,96.0,0.069,101.0,0.06901,109.0
1753533038552,12:30:38.552,CHILLGUY/USDT:USDT,0.06898,158.0,0.06894,96.0,0.069,96.0,0.06901,109.0
1753533038673,12:30:38.673,CHILLGUY/USDT:USDT,0.06898,158.0,0.06894,96.0,0.069,96.0,0.06901,109.0
1753533039215,12:30:39.215,CHILLGUY/USDT:USDT,0.06898,158.0,0.06896,114.0,0.069,96.0,0.06901,109.0
1753533039506,12:30:39.506,CHILLGUY/USDT:USDT,0.06898,158.0,0.06894,96.0,0.069,96.0,0.06901,109.0
1753533040797,12:30:40.797,CHILLGUY/USDT:USDT,0.06898,158.0,0.06894,96.0,0.06901,109.0,0.06902,163.0
1753533040851,12:30:40.851,CHILLGUY/USDT:USDT,0.06898,158.0,0.06894,96.0,0.069,5.0,0.06901,109.0
1753533041078,12:30:41.078,CHILLGUY/USDT:USDT,0.06898,158.0,0.06894,96.0,0.069,5.0,0.06901,109.0
1753533042891,12:30:42.891,CHILLGUY/USDT:USDT,0.06898,158.0,0.06894,96.0,0.069,5.0,0.06901,109.0
1753533043503,12:30:43.503,CHILLGUY/USDT:USDT,0.06898,158.0,0.06894,96.0,0.069,100.0,0.06901,109.0
1753533043551,12:30:43.551,CHILLGUY/USDT:USDT,0.06898,158.0,0.06894,96.0,0.069,95.0,0.06901,109.0
1753533043756,12:30:43.756,CHILLGUY/USDT:USDT,0.06898,158.0,0.06896,114.0,0.069,95.0,0.06901,109.0
1753533044867,12:30:44.867,CHILLGUY/USDT:USDT,0.06898,158.0,0.06896,114.0,0.069,95.0,0.06901,109.0
1753533045072,12:30:45.072,CHILLGUY/USDT:USDT,0.06898,158.0,0.06896,114.0,0.069,95.0,0.06901,109.0
1753533045268,12:30:45.268,CHILLGUY/USDT:USDT,0.06898,158.0,0.06896,114.0,0.069,95.0,0.06901,109.0
1753533046756,12:30:46.756,CHILLGUY/USDT:USDT,0.06898,158.0,0.06896,114.0,0.06901,109.0,0.06902,163.0
1753533046852,12:30:46.852,CHILLGUY/USDT:USDT,0.06898,158.0,0.06896,114.0,0.069,5.0,0.06901,109.0
1753533047223,12:30:47.223,CHILLGUY/USDT:USDT,0.06898,158.0,0.06896,114.0,0.069,5.0,0.06901,109.0
1753533047925,12:30:47.925,CHILLGUY/USDT:USDT,0.06898,158.0,0.06896,114.0,0.069,5.0,0.06901,109.0
1753533048414,12:30:48.414,CHILLGUY/USDT:USDT,0.06898,158.0,0.06896,228.0,0.069,5.0,0.06901,109.0
1753533048782,12:30:48.782,CHILLGUY/USDT:USDT,0.06898,158.0,0.06896,228.0,0.069,5.0,0.06902,96.0
1753533048937,12:30:48.937,CHILLGUY/USDT:USDT,0.06898,158.0,0.06896,228.0,0.06901,5.0,0.06902,96.0
1753533049002,12:30:49.002,CHILLGUY/USDT:USDT,0.06898,158.0,0.06896,228.0,0.06901,5.0,0.06902,150.0
1753533049431,12:30:49.431,CHILLGUY/USDT:USDT,0.06893,98.0,0.06892,4925.0,0.069,95.0,0.06901,5.0
1753533049490,12:30:49.490,CHILLGUY/USDT:USDT,0.06896,158.0,0.06893,98.0,0.069,121.0,0.06901,113.0
1753533049569,12:30:49.569,CHILLGUY/USDT:USDT,0.06896,262.0,0.06894,95.0,0.069,121.0,0.06901,113.0
1753533049682,12:30:49.682,CHILLGUY/USDT:USDT,0.06896,262.0,0.06895,114.0,0.069,13.0,0.06901,59.0
1753533049756,12:30:49.756,CHILLGUY/USDT:USDT,0.06896,262.0,0.06895,114.0,0.06901,5.0,0.06902,96.0
1753533049868,12:30:49.868,CHILLGUY/USDT:USDT,0.06896,262.0,0.06895,114.0,0.06902,122.0,0.06903,5.0
1753533049957,12:30:49.957,CHILLGUY/USDT:USDT,0.06896,262.0,0.06895,209.0,0.06902,122.0,0.06903,5.0
1753533050574,12:30:50.574,CHILLGUY/USDT:USDT,0.06896,158.0,0.06895,209.0,0.06902,122.0,0.06903,5.0
1753533050776,12:30:50.776,CHILLGUY/USDT:USDT,0.06896,158.0,0.06895,209.0,0.06902,122.0,0.06903,5.0
1753533050929,12:30:50.929,CHILLGUY/USDT:USDT,0.06897,118.0,0.06896,386.0,0.06902,13.0,0.06903,5.0
1753533050982,12:30:50.982,CHILLGUY/USDT:USDT,0.06897,118.0,0.06896,386.0,0.06903,108.0,0.06904,116.0
1753533052108,12:30:52.108,CHILLGUY/USDT:USDT,0.06897,118.0,0.06896,386.0,0.06903,108.0,0.06904,116.0
1753533052407,12:30:52.407,CHILLGUY/USDT:USDT,0.06897,118.0,0.06896,363.0,0.06903,108.0,0.06904,116.0
1753533052755,12:30:52.755,CHILLGUY/USDT:USDT,0.06897,118.0,0.06896,363.0,0.06903,95.0,0.06904,116.0
1753533052849,12:30:52.849,CHILLGUY/USDT:USDT,0.06897,118.0,0.06896,363.0,0.06903,108.0,0.06904,116.0
1753533053830,12:30:53.830,CHILLGUY/USDT:USDT,0.06897,118.0,0.06896,363.0,0.06903,108.0,0.06904,116.0
1753533054090,12:30:54.090,CHILLGUY/USDT:USDT,0.06897,118.0,0.06896,363.0,0.06903,108.0,0.06904,116.0
1753533054784,12:30:54.784,CHILLGUY/USDT:USDT,0.06897,141.0,0.06896,363.0,0.06903,108.0,0.06904,116.0
1753533055772,12:30:55.772,CHILLGUY/USDT:USDT,0.06897,141.0,0.06896,363.0,0.06903,108.0,0.06904,116.0
1753533056043,12:30:56.043,CHILLGUY/USDT:USDT,0.06897,141.0,0.06896,363.0,0.06903,108.0,0.06904,116.0
1753533056436,12:30:56.436,CHILLGUY/USDT:USDT,0.06897,141.0,0.06896,363.0,0.06903,108.0,0.06904,116.0
1753533056473,12:30:56.473,CHILLGUY/USDT:USDT,0.06897,141.0,0.06896,363.0,0.06903,108.0,0.06904,116.0
1753533057498,12:30:57.498,CHILLGUY/USDT:USDT,0.06897,141.0,0.06896,363.0,0.06903,108.0,0.06904,116.0
1753533058827,12:30:58.827,CHILLGUY/USDT:USDT,0.06897,141.0,0.06896,363.0,0.06903,108.0,0.06904,116.0
1753533059509,12:30:59.509,CHILLGUY/USDT:USDT,0.06896,181.0,0.06895,95.0,0.06902,108.0,0.06903,108.0
1753533059628,12:30:59.628,CHILLGUY/USDT:USDT,0.06896,158.0,0.06894,95.0,0.06901,108.0,0.06902,327.0
1753533059710,12:30:59.710,CHILLGUY/USDT:USDT,0.06896,158.0,0.06894,95.0,0.06901,108.0,0.06902,327.0
1753533060288,12:31:00.288,CHILLGUY/USDT:USDT,0.06896,158.0,0.06894,95.0,0.06901,108.0,0.06902,327.0
1753533060531,12:31:00.531,CHILLGUY/USDT:USDT,0.06896,158.0,0.06894,95.0,0.06901,108.0,0.06902,327.0
1753533060737,12:31:00.737,CHILLGUY/USDT:USDT,0.06896,158.0,0.06893,869.0,0.069,110.0,0.06901,170.0
1753533060767,12:31:00.767,CHILLGUY/USDT:USDT,0.06892,98.0,0.06891,1542.0,0.06899,95.0,0.069,115.0
1753533060910,12:31:00.910,CHILLGUY/USDT:USDT,0.06892,123.0,0.06891,596.0,0.06899,110.0,0.069,115.0
1753533061037,12:31:01.037,CHILLGUY/USDT:USDT,0.06891,98.0,0.0689,99.0,0.06898,95.0,0.06899,110.0
1753533061144,12:31:01.144,CHILLGUY/USDT:USDT,0.0689,99.0,0.06888,597.0,0.06897,95.0,0.06898,115.0
1753533061230,12:31:01.230,CHILLGUY/USDT:USDT,0.0689,203.0,0.06888,597.0,0.06897,95.0,0.06898,115.0
1753533061328,12:31:01.328,CHILLGUY/USDT:USDT,0.0689,105.0,0.06888,99.0,0.06897,95.0,0.06898,115.0
1753533061422,12:31:01.422,CHILLGUY/USDT:USDT,0.0689,105.0,0.06888,99.0,0.06897,95.0,0.06898,130.0
1753533061528,12:31:01.528,CHILLGUY/USDT:USDT,0.0689,105.0,0.06888,99.0,0.06895,110.0,0.06896,322.0
1753533061608,12:31:01.608,CHILLGUY/USDT:USDT,0.0689,105.0,0.06888,99.0,0.06895,110.0,0.06896,322.0
1753533061707,12:31:01.707,CHILLGUY/USDT:USDT,0.0689,105.0,0.06888,99.0,0.06894,95.0,0.06895,110.0
1753533061843,12:31:01.843,CHILLGUY/USDT:USDT,0.0689,105.0,0.06888,99.0,0.06894,95.0,0.06895,115.0
1753533061929,12:31:01.929,CHILLGUY/USDT:USDT,0.0689,105.0,0.06888,99.0,0.06894,95.0,0.06895,115.0
1753533062050,12:31:02.050,CHILLGUY/USDT:USDT,0.0689,105.0,0.06887,99.0,0.06894,95.0,0.06895,115.0
1753533062226,12:31:02.226,CHILLGUY/USDT:USDT,0.0689,1.0,0.06887,99.0,0.06894,95.0,0.06895,115.0
1753533062272,12:31:02.272,CHILLGUY/USDT:USDT,0.0689,1.0,0.06887,99.0,0.06894,95.0,0.06895,115.0
1753533062399,12:31:02.399,CHILLGUY/USDT:USDT,0.0689,1.0,0.06886,95.0,0.06894,95.0,0.06895,115.0
1753533062744,12:31:02.744,CHILLGUY/USDT:USDT,0.0689,1.0,0.06886,95.0,0.06895,115.0,0.06896,322.0
1753533062812,12:31:02.812,CHILLGUY/USDT:USDT,0.0689,1.0,0.06886,95.0,0.06895,115.0,0.06896,322.0
1753533062915,12:31:02.915,CHILLGUY/USDT:USDT,0.0689,1.0,0.06886,95.0,0.06895,115.0,0.06896,322.0
1753533063099,12:31:03.099,CHILLGUY/USDT:USDT,0.0689,1.0,0.06886,95.0,0.06895,115.0,0.06896,322.0
1753533063216,12:31:03.216,CHILLGUY/USDT:USDT,0.0689,1.0,0.06886,95.0,0.06895,115.0,0.06896,322.0
1753533063306,12:31:03.306,CHILLGUY/USDT:USDT,0.0689,1.0,0.06886,95.0,0.06895,115.0,0.06896,322.0
1753533063522,12:31:03.522,CHILLGUY/USDT:USDT,0.0689,1.0,0.06886,95.0,0.06895,115.0,0.06896,322.0
1753533063937,12:31:03.937,CHILLGUY/USDT:USDT,0.0689,1.0,0.06886,95.0,0.06895,115.0,0.06896,322.0
1753533064517,12:31:04.517,CHILLGUY/USDT:USDT,0.0689,1.0,0.06885,97.0,0.06895,115.0,0.06896,322.0
1753533064769,12:31:04.769,CHILLGUY/USDT:USDT,0.0689,1.0,0.06885,112.0,0.06895,20.0,0.06896,322.0
1753533065162,12:31:05.162,CHILLGUY/USDT:USDT,0.0689,1.0,0.06885,112.0,0.06895,20.0,0.06896,322.0
1753533065390,12:31:05.390,CHILLGUY/USDT:USDT,0.0689,98.0,0.06885,112.0,0.06895,20.0,0.06896,322.0
1753533065488,12:31:05.488,CHILLGUY/USDT:USDT,0.0689,98.0,0.06889,114.0,0.06895,5.0,0.06896,110.0
1753533065599,12:31:05.599,CHILLGUY/USDT:USDT,0.06891,97.0,0.0689,98.0,0.06896,5.0,0.06897,95.0
1753533065716,12:31:05.716,CHILLGUY/USDT:USDT,0.06893,157.0,0.06891,201.0,0.06898,97.0,0.06899,216.0
1753533065804,12:31:05.804,CHILLGUY/USDT:USDT,0.06893,157.0,0.06891,201.0,0.06898,97.0,0.06899,216.0
1753533065908,12:31:05.908,CHILLGUY/USDT:USDT,0.06893,157.0,0.06891,201.0,0.06898,97.0,0.06899,216.0
1753533066043,12:31:06.043,CHILLGUY/USDT:USDT,0.06893,157.0,0.06891,201.0,0.06898,97.0,0.06899,216.0
1753533066049,12:31:06.049,CHILLGUY/USDT:USDT,0.06893,157.0,0.06891,201.0,0.06898,97.0,0.06899,216.0
1753533066428,12:31:06.428,CHILLGUY/USDT:USDT,0.06893,157.0,0.06891,201.0,0.06898,97.0,0.06899,216.0
1753533066450,12:31:06.450,CHILLGUY/USDT:USDT,0.06893,157.0,0.06891,201.0,0.06898,97.0,0.06899,216.0
1753533066745,12:31:06.745,CHILLGUY/USDT:USDT,0.06893,157.0,0.06891,97.0,0.06898,97.0,0.06899,216.0
1753533066768,12:31:06.768,CHILLGUY/USDT:USDT,0.06893,157.0,0.06891,97.0,0.06898,97.0,0.06899,216.0
1753533066848,12:31:06.848,CHILLGUY/USDT:USDT,0.06893,157.0,0.06891,97.0,0.06898,97.0,0.06899,216.0
1753533067106,12:31:07.106,CHILLGUY/USDT:USDT,0.06893,157.0,0.06891,97.0,0.06898,97.0,0.06899,216.0
1753533067229,12:31:07.229,CHILLGUY/USDT:USDT,0.06893,157.0,0.06892,228.0,0.06898,97.0,0.06899,216.0
1753533067326,12:31:07.326,CHILLGUY/USDT:USDT,0.06893,157.0,0.06892,228.0,0.06898,97.0,0.06899,216.0
1753533067444,12:31:07.444,CHILLGUY/USDT:USDT,0.06893,157.0,0.06892,114.0,0.06899,216.0,0.069,209.0
1753533067530,12:31:07.530,CHILLGUY/USDT:USDT,0.06894,97.0,0.06893,157.0,0.06899,119.0,0.069,209.0
1753533067564,12:31:07.564,CHILLGUY/USDT:USDT,0.06894,97.0,0.06893,271.0,0.06899,5.0,0.069,209.0
1753533067683,12:31:07.683,CHILLGUY/USDT:USDT,0.06894,97.0,0.06893,271.0,0.06899,5.0,0.069,209.0
1753533067769,12:31:07.769,CHILLGUY/USDT:USDT,0.06894,97.0,0.06893,271.0,0.06899,5.0,0.069,95.0
1753533067856,12:31:07.856,CHILLGUY/USDT:USDT,0.06894,97.0,0.06893,271.0,0.069,100.0,0.06901,95.0
1753533068201,12:31:08.201,CHILLGUY/USDT:USDT,0.06894,97.0,0.06893,271.0,0.069,100.0,0.06901,323.0
1753533068257,12:31:08.257,CHILLGUY/USDT:USDT,0.06894,97.0,0.06893,271.0,0.069,100.0,0.06901,323.0
1753533068363,12:31:08.363,CHILLGUY/USDT:USDT,0.06894,97.0,0.06893,271.0,0.069,100.0,0.06901,323.0
1753533068793,12:31:08.793,CHILLGUY/USDT:USDT,0.06894,97.0,0.06893,271.0,0.069,100.0,0.06901,323.0
1753533069024,12:31:09.024,CHILLGUY/USDT:USDT,0.06894,97.0,0.06893,271.0,0.069,5.0,0.06901,323.0
1753533069344,12:31:09.344,CHILLGUY/USDT:USDT,0.06894,97.0,0.06893,271.0,0.069,5.0,0.06901,95.0
1753533069410,12:31:09.410,CHILLGUY/USDT:USDT,0.06894,97.0,0.06893,271.0,0.06902,5.0,0.06903,95.0
1753533069452,12:31:09.452,CHILLGUY/USDT:USDT,0.06894,97.0,0.06893,271.0,0.06903,100.0,0.06904,98.0
1753533069842,12:31:09.842,CHILLGUY/USDT:USDT,0.06894,97.0,0.06893,271.0,0.06903,100.0,0.06904,98.0
1753533069933,12:31:09.933,CHILLGUY/USDT:USDT,0.06894,97.0,0.06893,271.0,0.06903,100.0,0.06904,98.0
1753533069948,12:31:09.948,CHILLGUY/USDT:USDT,0.06894,97.0,0.06893,271.0,0.06903,100.0,0.06904,98.0
1753533070388,12:31:10.388,CHILLGUY/USDT:USDT,0.06894,97.0,0.06893,271.0,0.06902,97.0,0.06903,100.0
1753533070672,12:31:10.672,CHILLGUY/USDT:USDT,0.06894,97.0,0.06893,271.0,0.06902,97.0,0.06903,100.0
1753533070769,12:31:10.769,CHILLGUY/USDT:USDT,0.06894,97.0,0.06893,271.0,0.06902,97.0,0.06903,100.0
1753533070919,12:31:10.919,CHILLGUY/USDT:USDT,0.06894,97.0,0.06893,271.0,0.06902,97.0,0.06903,100.0
1753533072116,12:31:12.116,CHILLGUY/USDT:USDT,0.06894,97.0,0.06893,271.0,0.06902,97.0,0.06903,100.0
1753533073105,12:31:13.105,CHILLGUY/USDT:USDT,0.06894,97.0,0.06893,271.0,0.06902,97.0,0.06903,100.0
1753533073828,12:31:13.828,CHILLGUY/USDT:USDT,0.06894,97.0,0.06893,271.0,0.06902,97.0,0.06903,100.0
1753533073848,12:31:13.848,CHILLGUY/USDT:USDT,0.06894,97.0,0.06893,271.0,0.06902,97.0,0.06903,100.0
1753533075289,12:31:15.289,CHILLGUY/USDT:USDT,0.06894,97.0,0.06893,271.0,0.06902,97.0,0.06903,100.0
1753533076790,12:31:16.790,CHILLGUY/USDT:USDT,0.06894,97.0,0.06893,271.0,0.06902,97.0,0.06903,100.0
1753533077427,12:31:17.427,CHILLGUY/USDT:USDT,0.06894,97.0,0.06893,271.0,0.06902,97.0,0.06903,100.0
1753533078036,12:31:18.036,CHILLGUY/USDT:USDT,0.06895,99.0,0.06894,798.0,0.06903,5.0,0.06905,97.0
1753533078143,12:31:18.143,CHILLGUY/USDT:USDT,0.06897,99.0,0.06896,124.0,0.06903,5.0,0.06905,97.0
1753533078240,12:31:18.240,CHILLGUY/USDT:USDT,0.06897,99.0,0.06896,124.0,0.06903,5.0,0.06905,97.0
1753533078288,12:31:18.288,CHILLGUY/USDT:USDT,0.06897,99.0,0.06896,124.0,0.06903,5.0,0.06905,97.0
1753533078418,12:31:18.418,CHILLGUY/USDT:USDT,0.06897,99.0,0.06896,124.0,0.06903,5.0,0.06905,97.0
1753533078744,12:31:18.744,CHILLGUY/USDT:USDT,0.06897,99.0,0.06896,139.0,0.06905,102.0,0.06906,97.0
1753533078841,12:31:18.841,CHILLGUY/USDT:USDT,0.06897,99.0,0.06896,139.0,0.06905,5.0,0.06906,97.0
1753533078856,12:31:18.856,CHILLGUY/USDT:USDT,0.06897,99.0,0.06896,139.0,0.06906,97.0,0.06907,5.0
1753533078947,12:31:18.947,CHILLGUY/USDT:USDT,0.06897,99.0,0.06896,139.0,0.06906,97.0,0.06907,5.0
1753533079070,12:31:19.070,CHILLGUY/USDT:USDT,0.06897,99.0,0.06896,139.0,0.06906,97.0,0.06907,5.0
1753533079258,12:31:19.258,CHILLGUY/USDT:USDT,0.06897,99.0,0.06896,139.0,0.06906,97.0,0.06907,5.0
1753533079629,12:31:19.629,CHILLGUY/USDT:USDT,0.06897,99.0,0.06896,139.0,0.06906,97.0,0.06907,5.0
1753533080124,12:31:20.124,CHILLGUY/USDT:USDT,0.06903,2.0,0.06897,99.0,0.06906,97.0,0.06907,5.0
1753533080236,12:31:20.236,CHILLGUY/USDT:USDT,0.06898,99.0,0.06897,904.0,0.06906,97.0,0.06907,5.0
1753533080268,12:31:20.268,CHILLGUY/USDT:USDT,0.06898,99.0,0.06897,641.0,0.06906,97.0,0.06907,5.0
1753533080388,12:31:20.388,CHILLGUY/USDT:USDT,0.06898,99.0,0.06897,641.0,0.06906,97.0,0.06907,5.0
1753533080480,12:31:20.480,CHILLGUY/USDT:USDT,0.06898,99.0,0.06897,641.0,0.06906,97.0,0.06907,5.0
1753533080789,12:31:20.789,CHILLGUY/USDT:USDT,0.06898,99.0,0.06897,641.0,0.06906,97.0,0.06907,5.0
1753533081670,12:31:21.670,CHILLGUY/USDT:USDT,0.06898,99.0,0.06897,641.0,0.06906,97.0,0.06907,119.0
1753533081751,12:31:21.751,CHILLGUY/USDT:USDT,0.06898,99.0,0.06897,641.0,0.06906,97.0,0.06907,119.0
1753533082008,12:31:22.008,CHILLGUY/USDT:USDT,0.06898,99.0,0.06897,641.0,0.06906,97.0,0.06907,5.0
1753533082113,12:31:22.113,CHILLGUY/USDT:USDT,0.06898,99.0,0.06897,656.0,0.06906,97.0,0.06907,5.0
1753533082238,12:31:22.238,CHILLGUY/USDT:USDT,0.06898,99.0,0.06897,641.0,0.06906,97.0,0.06907,5.0
1753533082532,12:31:22.532,CHILLGUY/USDT:USDT,0.06898,99.0,0.06897,634.0,0.06906,97.0,0.06907,5.0
1753533083539,12:31:23.539,CHILLGUY/USDT:USDT,0.06898,99.0,0.06897,634.0,0.06906,97.0,0.06907,5.0
1753533083928,12:31:23.928,CHILLGUY/USDT:USDT,0.06898,99.0,0.06897,634.0,0.06906,97.0,0.06907,5.0
1753533083954,12:31:23.954,CHILLGUY/USDT:USDT,0.06898,99.0,0.06897,634.0,0.06906,97.0,0.06908,5.0
1753533084408,12:31:24.408,CHILLGUY/USDT:USDT,0.06898,99.0,0.06897,634.0,0.06906,97.0,0.06908,5.0
1753533084554,12:31:24.554,CHILLGUY/USDT:USDT,0.06898,99.0,0.06897,634.0,0.06906,97.0,0.06908,5.0
1753533085028,12:31:25.028,CHILLGUY/USDT:USDT,0.06898,99.0,0.06897,634.0,0.06906,97.0,0.06908,5.0
1753533086067,12:31:26.067,CHILLGUY/USDT:USDT,0.06898,99.0,0.06897,634.0,0.06906,97.0,0.06908,5.0
1753533086185,12:31:26.185,CHILLGUY/USDT:USDT,0.06898,99.0,0.06897,634.0,0.06906,97.0,0.06908,5.0
1753533086410,12:31:26.410,CHILLGUY/USDT:USDT,0.06898,99.0,0.06897,634.0,0.06906,97.0,0.06908,5.0
1753533088245,12:31:28.245,CHILLGUY/USDT:USDT,0.06898,99.0,0.06897,634.0,0.06906,97.0,0.06908,5.0
1753533088248,12:31:28.248,CHILLGUY/USDT:USDT,0.06898,99.0,0.06897,634.0,0.06906,97.0,0.06908,5.0
1753533088364,12:31:28.364,CHILLGUY/USDT:USDT,0.06898,99.0,0.06897,634.0,0.06906,97.0,0.06908,5.0
1753533088658,12:31:28.658,CHILLGUY/USDT:USDT,0.06898,99.0,0.06897,634.0,0.06906,97.0,0.06908,5.0
1753533089234,12:31:29.234,CHILLGUY/USDT:USDT,0.06899,121.0,0.06898,749.0,0.06906,97.0,0.06908,5.0
1753533089292,12:31:29.292,CHILLGUY/USDT:USDT,0.069,121.0,0.06899,121.0,0.06908,5.0,0.06909,99.0
1753533089375,12:31:29.375,CHILLGUY/USDT:USDT,0.069,121.0,0.06899,121.0,0.06908,96.0,0.06909,119.0
1753533089474,12:31:29.474,CHILLGUY/USDT:USDT,0.069,121.0,0.06899,121.0,0.06908,96.0,0.06909,119.0
1753533089787,12:31:29.787,CHILLGUY/USDT:USDT,0.069,128.0,0.06899,121.0,0.06908,96.0,0.06909,119.0
1753533090425,12:31:30.425,CHILLGUY/USDT:USDT,0.06901,96.0,0.069,128.0,0.06908,96.0,0.06909,218.0
1753533090561,12:31:30.561,CHILLGUY/USDT:USDT,0.06901,96.0,0.069,128.0,0.06908,96.0,0.06909,218.0
1753533090698,12:31:30.698,CHILLGUY/USDT:USDT,0.06901,96.0,0.069,128.0,0.06908,96.0,0.06909,218.0
1753533090814,12:31:30.814,CHILLGUY/USDT:USDT,0.06901,96.0,0.069,128.0,0.06908,96.0,0.06909,218.0
1753533091528,12:31:31.528,CHILLGUY/USDT:USDT,0.06901,96.0,0.069,633.0,0.06908,96.0,0.06909,104.0
1753533091659,12:31:31.659,CHILLGUY/USDT:USDT,0.06901,96.0,0.069,633.0,0.06908,96.0,0.06909,104.0
1753533091919,12:31:31.919,CHILLGUY/USDT:USDT,0.06901,96.0,0.069,633.0,0.06908,96.0,0.06909,104.0
1753533092106,12:31:32.106,CHILLGUY/USDT:USDT,0.06901,96.0,0.069,648.0,0.06909,104.0,0.06913,15.0
1753533092228,12:31:32.228,CHILLGUY/USDT:USDT,0.06901,96.0,0.069,648.0,0.06909,99.0,0.06913,20.0
1753533092337,12:31:32.337,CHILLGUY/USDT:USDT,0.06901,96.0,0.069,648.0,0.06909,99.0,0.06913,20.0
1753533092390,12:31:32.390,CHILLGUY/USDT:USDT,0.06901,96.0,0.069,991.0,0.06909,99.0,0.06913,20.0
1753533092616,12:31:32.616,CHILLGUY/USDT:USDT,0.06901,96.0,0.069,991.0,0.06909,99.0,0.06913,20.0
1753533092717,12:31:32.717,CHILLGUY/USDT:USDT,0.06901,96.0,0.069,991.0,0.06909,99.0,0.06913,20.0
1753533092791,12:31:32.791,CHILLGUY/USDT:USDT,0.06901,96.0,0.069,991.0,0.06909,99.0,0.06913,20.0
1753533093132,12:31:33.132,CHILLGUY/USDT:USDT,0.06901,96.0,0.069,991.0,0.06909,99.0,0.06913,20.0
1753533093414,12:31:33.414,CHILLGUY/USDT:USDT,0.06902,125.0,0.06901,308.0,0.06909,99.0,0.06913,20.0
1753533093545,12:31:33.545,CHILLGUY/USDT:USDT,0.06903,98.0,0.06902,125.0,0.06912,98.0,0.06913,5.0
1753533093628,12:31:33.628,CHILLGUY/USDT:USDT,0.06903,125.0,0.06902,125.0,0.06911,98.0,0.06912,115.0
1753533093660,12:31:33.660,CHILLGUY/USDT:USDT,0.06904,98.0,0.06903,125.0,0.06911,103.0,0.06912,115.0
1753533093888,12:31:33.888,CHILLGUY/USDT:USDT,0.06904,98.0,0.06903,125.0,0.06911,103.0,0.06912,115.0
1753533093998,12:31:33.998,CHILLGUY/USDT:USDT,0.06904,98.0,0.06903,125.0,0.06911,103.0,0.06912,115.0
1753533094128,12:31:34.128,CHILLGUY/USDT:USDT,0.06904,98.0,0.06903,631.0,0.06911,103.0,0.06912,115.0
1753533094148,12:31:34.148,CHILLGUY/USDT:USDT,0.06904,98.0,0.06903,631.0,0.06911,103.0,0.06912,115.0
1753533094347,12:31:34.347,CHILLGUY/USDT:USDT,0.06904,98.0,0.06903,631.0,0.06911,103.0,0.06912,115.0
1753533094745,12:31:34.745,CHILLGUY/USDT:USDT,0.06904,98.0,0.06903,631.0,0.06911,103.0,0.06912,115.0
1753533094819,12:31:34.819,CHILLGUY/USDT:USDT,0.06904,98.0,0.06903,631.0,0.06911,103.0,0.06912,115.0
1753533095096,12:31:35.096,CHILLGUY/USDT:USDT,0.06904,98.0,0.06903,631.0,0.06911,103.0,0.06912,98.0
1753533095344,12:31:35.344,CHILLGUY/USDT:USDT,0.06904,98.0,0.06903,631.0,0.06911,5.0,0.06912,98.0
1753533095389,12:31:35.389,CHILLGUY/USDT:USDT,0.06904,98.0,0.06903,631.0,0.06912,98.0,0.06913,5.0
1753533095468,12:31:35.468,CHILLGUY/USDT:USDT,0.06904,98.0,0.06903,631.0,0.06912,98.0,0.06913,5.0
1753533095639,12:31:35.639,CHILLGUY/USDT:USDT,0.06904,98.0,0.06903,631.0,0.06912,98.0,0.06913,5.0
1753533096361,12:31:36.361,CHILLGUY/USDT:USDT,0.06904,98.0,0.06903,631.0,0.06912,98.0,0.06913,5.0
1753533096459,12:31:36.459,CHILLGUY/USDT:USDT,0.06904,98.0,0.06903,631.0,0.06912,98.0,0.06913,5.0
1753533096895,12:31:36.895,CHILLGUY/USDT:USDT,0.06904,98.0,0.06903,631.0,0.06912,98.0,0.06913,5.0
1753533097030,12:31:37.030,CHILLGUY/USDT:USDT,0.06905,125.0,0.06904,306.0,0.06912,98.0,0.06913,5.0
1753533097130,12:31:37.130,CHILLGUY/USDT:USDT,0.06906,125.0,0.06905,326.0,0.06913,103.0,0.06914,96.0
1753533097244,12:31:37.244,CHILLGUY/USDT:USDT,0.06906,125.0,0.06905,326.0,0.06912,98.0,0.06913,120.0
1753533097322,12:31:37.322,CHILLGUY/USDT:USDT,0.06906,27.0,0.06905,326.0,0.06912,98.0,0.06913,120.0
1753533097708,12:31:37.708,CHILLGUY/USDT:USDT,0.06906,27.0,0.06905,326.0,0.06912,98.0,0.06913,103.0
1753533098108,12:31:38.108,CHILLGUY/USDT:USDT,0.06906,27.0,0.06905,326.0,0.06912,98.0,0.06913,103.0
1753533099489,12:31:39.489,CHILLGUY/USDT:USDT,0.06906,27.0,0.06905,326.0,0.06912,98.0,0.06913,103.0
1753533099568,12:31:39.568,CHILLGUY/USDT:USDT,0.06906,27.0,0.06905,326.0,0.06912,98.0,0.06913,103.0
1753533100311,12:31:40.311,CHILLGUY/USDT:USDT,0.06906,27.0,0.06905,1887.0,0.06912,98.0,0.06913,103.0
1753533100538,12:31:40.538,CHILLGUY/USDT:USDT,0.06906,27.0,0.06905,1887.0,0.06912,98.0,0.06913,103.0
1753533100640,12:31:40.640,CHILLGUY/USDT:USDT,0.06906,27.0,0.06905,326.0,0.06912,98.0,0.06913,103.0
1753533100653,12:31:40.653,CHILLGUY/USDT:USDT,0.06906,35.0,0.06905,326.0,0.06912,98.0,0.06913,103.0
1753533100940,12:31:40.940,CHILLGUY/USDT:USDT,0.06906,35.0,0.06905,326.0,0.06912,98.0,0.06913,103.0
1753533100984,12:31:40.984,CHILLGUY/USDT:USDT,0.06906,35.0,0.06905,326.0,0.06912,98.0,0.06913,103.0
1753533101250,12:31:41.250,CHILLGUY/USDT:USDT,0.06906,27.0,0.06905,326.0,0.06912,98.0,0.06913,103.0
1753533101358,12:31:41.358,CHILLGUY/USDT:USDT,0.06906,27.0,0.06905,326.0,0.06912,98.0,0.06913,103.0
1753533101777,12:31:41.777,CHILLGUY/USDT:USDT,0.06906,27.0,0.06905,326.0,0.06912,98.0,0.06913,103.0
1753533102228,12:31:42.228,CHILLGUY/USDT:USDT,0.06906,27.0,0.06905,326.0,0.06912,98.0,0.06913,103.0
1753533102329,12:31:42.329,CHILLGUY/USDT:USDT,0.06906,125.0,0.06905,326.0,0.06912,98.0,0.06913,103.0
1753533102445,12:31:42.445,CHILLGUY/USDT:USDT,0.06906,125.0,0.06905,326.0,0.06913,120.0,0.06914,210.0
1753533102540,12:31:42.540,CHILLGUY/USDT:USDT,0.06905,9.0,0.06904,98.0,0.06912,98.0,0.06913,120.0
1753533102582,12:31:42.582,CHILLGUY/USDT:USDT,0.06905,9.0,0.06904,98.0,0.06912,98.0,0.06913,120.0
1753533102668,12:31:42.668,CHILLGUY/USDT:USDT,0.06905,9.0,0.06904,98.0,0.06912,98.0,0.06913,120.0
1753533102831,12:31:42.831,CHILLGUY/USDT:USDT,0.06905,134.0,0.06904,98.0,0.06912,98.0,0.06913,120.0
1753533102883,12:31:42.883,CHILLGUY/USDT:USDT,0.06905,134.0,0.06904,98.0,0.06912,98.0,0.06913,120.0
1753533103428,12:31:43.428,CHILLGUY/USDT:USDT,0.06905,134.0,0.06904,98.0,0.06912,98.0,0.06913,120.0
1753533103847,12:31:43.847,CHILLGUY/USDT:USDT,0.06905,134.0,0.06904,98.0,0.06912,98.0,0.06913,120.0
1753533104669,12:31:44.669,CHILLGUY/USDT:USDT,0.06905,161.0,0.06904,98.0,0.06912,98.0,0.06913,120.0
1753533105144,12:31:45.144,CHILLGUY/USDT:USDT,0.06905,152.0,0.06904,98.0,0.06912,98.0,0.06913,120.0
1753533105408,12:31:45.408,CHILLGUY/USDT:USDT,0.06905,152.0,0.06904,98.0,0.06912,98.0,0.06913,120.0
1753533106149,12:31:46.149,CHILLGUY/USDT:USDT,0.06905,152.0,0.06904,98.0,0.06912,98.0,0.06913,120.0
1753533107840,12:31:47.840,CHILLGUY/USDT:USDT,0.06905,27.0,0.06904,98.0,0.06912,98.0,0.06913,120.0
1753533107848,12:31:47.848,CHILLGUY/USDT:USDT,0.06905,27.0,0.06904,98.0,0.06912,98.0,0.06913,120.0
1753533108819,12:31:48.819,CHILLGUY/USDT:USDT,0.06905,27.0,0.06904,98.0,0.06912,98.0,0.06913,120.0
1753533108935,12:31:48.935,CHILLGUY/USDT:USDT,0.06903,98.0,0.06902,1659.0,0.06912,98.0,0.06913,120.0
1753533108952,12:31:48.952,CHILLGUY/USDT:USDT,0.06903,123.0,0.06902,1659.0,0.06912,98.0,0.06913,120.0
1753533109048,12:31:49.048,CHILLGUY/USDT:USDT,0.06903,621.0,0.06902,1659.0,0.06912,98.0,0.06913,120.0
1753533109895,12:31:49.895,CHILLGUY/USDT:USDT,0.06903,621.0,0.06902,1659.0,0.06912,98.0,0.06913,120.0
1753533111089,12:31:51.089,CHILLGUY/USDT:USDT,0.06903,621.0,0.06902,1659.0,0.06912,98.0,0.06913,120.0
1753533113374,12:31:53.374,CHILLGUY/USDT:USDT,0.06904,124.0,0.06903,596.0,0.06912,98.0,0.06913,120.0
1753533113525,12:31:53.525,CHILLGUY/USDT:USDT,0.06904,124.0,0.06903,596.0,0.06912,98.0,0.06913,120.0
1753533114929,12:31:54.929,CHILLGUY/USDT:USDT,0.06904,124.0,0.06903,596.0,0.06912,98.0,0.06913,120.0
1753533115036,12:31:55.036,CHILLGUY/USDT:USDT,0.06903,596.0,0.06902,1659.0,0.06912,98.0,0.06913,120.0
1753533115234,12:31:55.234,CHILLGUY/USDT:USDT,0.06902,116.0,0.06901,539.0,0.06912,98.0,0.06913,120.0
1753533115547,12:31:55.547,CHILLGUY/USDT:USDT,0.06902,116.0,0.06901,539.0,0.06912,98.0,0.06913,120.0
1753533116030,12:31:56.030,CHILLGUY/USDT:USDT,0.06902,98.0,0.06901,96.0,0.06912,98.0,0.06913,135.0
1753533116139,12:31:56.139,CHILLGUY/USDT:USDT,0.06901,96.0,0.069,601.0,0.06912,98.0,0.06913,135.0
1753533116444,12:31:56.444,CHILLGUY/USDT:USDT,0.06901,96.0,0.069,601.0,0.06912,98.0,0.06913,135.0
1753533116601,12:31:56.601,CHILLGUY/USDT:USDT,0.06901,96.0,0.069,601.0,0.06912,98.0,0.06913,135.0
1753533116842,12:31:56.842,CHILLGUY/USDT:USDT,0.06901,96.0,0.069,601.0,0.06912,98.0,0.06913,135.0
1753533117457,12:31:57.457,CHILLGUY/USDT:USDT,0.06901,96.0,0.069,601.0,0.06912,98.0,0.06913,135.0
1753533117557,12:31:57.557,CHILLGUY/USDT:USDT,0.06901,96.0,0.069,601.0,0.06912,98.0,0.06913,135.0
1753533117682,12:31:57.682,CHILLGUY/USDT:USDT,0.06901,96.0,0.069,601.0,0.06912,98.0,0.06913,135.0
1753533117755,12:31:57.755,CHILLGUY/USDT:USDT,0.06901,96.0,0.069,601.0,0.06912,98.0,0.06913,135.0
1753533117917,12:31:57.917,CHILLGUY/USDT:USDT,0.06901,96.0,0.069,601.0,0.06912,98.0,0.06913,135.0
1753533118331,12:31:58.331,CHILLGUY/USDT:USDT,0.06901,96.0,0.069,601.0,0.06912,98.0,0.06913,135.0
1753533119542,12:31:59.542,CHILLGUY/USDT:USDT,0.06901,96.0,0.069,601.0,0.06912,98.0,0.06913,135.0
1753533119637,12:31:59.637,CHILLGUY/USDT:USDT,0.06901,96.0,0.069,601.0,0.06911,97.0,0.06912,113.0
1753533119737,12:31:59.737,CHILLGUY/USDT:USDT,0.06901,96.0,0.069,601.0,0.06909,114.0,0.0691,114.0
1753533119831,12:31:59.831,CHILLGUY/USDT:USDT,0.069,601.0,0.06899,96.0,0.06908,97.0,0.06909,119.0
1753533119933,12:31:59.933,CHILLGUY/USDT:USDT,0.06898,99.0,0.06897,624.0,0.06908,97.0,0.06909,119.0
1753533120034,12:32:00.034,CHILLGUY/USDT:USDT,0.06898,99.0,0.06897,624.0,0.06908,97.0,0.06909,119.0
1753533120064,12:32:00.064,CHILLGUY/USDT:USDT,0.06898,99.0,0.06897,624.0,0.06908,97.0,0.06909,119.0
1753533120168,12:32:00.168,CHILLGUY/USDT:USDT,0.06898,99.0,0.06897,624.0,0.06908,97.0,0.06909,119.0
1753533120295,12:32:00.295,CHILLGUY/USDT:USDT,0.06898,99.0,0.06897,624.0,0.06908,97.0,0.06909,119.0
1753533120427,12:32:00.427,CHILLGUY/USDT:USDT,0.06898,99.0,0.06897,609.0,0.06908,97.0,0.06909,119.0
1753533120518,12:32:00.518,CHILLGUY/USDT:USDT,0.06898,99.0,0.06897,609.0,0.06908,97.0,0.06909,134.0
1753533120806,12:32:00.806,CHILLGUY/USDT:USDT,0.06898,99.0,0.06897,609.0,0.06908,97.0,0.06909,134.0
1753533122395,12:32:02.395,CHILLGUY/USDT:USDT,0.06898,99.0,0.06897,609.0,0.06908,97.0,0.06909,134.0
1753533122468,12:32:02.468,CHILLGUY/USDT:USDT,0.06898,99.0,0.06897,609.0,0.06908,97.0,0.06909,134.0
1753533126811,12:32:06.811,CHILLGUY/USDT:USDT,0.06898,99.0,0.06897,609.0,0.06908,97.0,0.06909,134.0
1753533128544,12:32:08.544,CHILLGUY/USDT:USDT,0.06898,99.0,0.06897,609.0,0.06908,97.0,0.06909,134.0
1753533128550,12:32:08.550,CHILLGUY/USDT:USDT,0.06898,99.0,0.06897,609.0,0.06908,97.0,0.06909,134.0
1753533129367,12:32:09.367,CHILLGUY/USDT:USDT,0.06898,99.0,0.06897,609.0,0.06908,97.0,0.06909,134.0
1753533129608,12:32:09.608,CHILLGUY/USDT:USDT,0.06898,99.0,0.06897,609.0,0.06908,97.0,0.06909,134.0
1753533129702,12:32:09.702,CHILLGUY/USDT:USDT,0.06898,99.0,0.06897,609.0,0.06908,97.0,0.06909,119.0
1753533130528,12:32:10.528,CHILLGUY/USDT:USDT,0.06898,99.0,0.06897,624.0,0.06908,97.0,0.06909,119.0
1753533130627,12:32:10.627,CHILLGUY/USDT:USDT,0.06898,99.0,0.06897,624.0,0.06908,97.0,0.06909,119.0
1753533130743,12:32:10.743,CHILLGUY/USDT:USDT,0.06898,99.0,0.06897,624.0,0.06908,97.0,0.06909,119.0
1753533131628,12:32:11.628,CHILLGUY/USDT:USDT,0.069,96.0,0.06899,150.0,0.06909,22.0,0.0691,114.0
1753533131701,12:32:11.701,CHILLGUY/USDT:USDT,0.069,96.0,0.06899,1726.0,0.06909,17.0,0.0691,114.0
1753533131834,12:32:11.834,CHILLGUY/USDT:USDT,0.06901,96.0,0.069,629.0,0.0691,114.0,0.06912,5.0
1753533131851,12:32:11.851,CHILLGUY/USDT:USDT,0.06901,96.0,0.069,629.0,0.0691,17.0,0.06912,5.0
1753533131948,12:32:11.948,CHILLGUY/USDT:USDT,0.06901,96.0,0.069,629.0,0.0691,17.0,0.06912,5.0
1753533132047,12:32:12.047,CHILLGUY/USDT:USDT,0.06901,96.0,0.069,629.0,0.0691,113.0,0.06912,5.0
1753533132214,12:32:12.214,CHILLGUY/USDT:USDT,0.06901,96.0,0.069,629.0,0.0691,113.0,0.06912,5.0
1753533132412,12:32:12.412,CHILLGUY/USDT:USDT,0.06901,96.0,0.069,629.0,0.0691,113.0,0.06912,5.0
1753533132497,12:32:12.497,CHILLGUY/USDT:USDT,0.06901,96.0,0.069,629.0,0.0691,113.0,0.06913,103.0
1753533133609,12:32:13.609,CHILLGUY/USDT:USDT,0.06901,96.0,0.069,614.0,0.06909,99.0,0.0691,131.0
1753533133655,12:32:13.655,CHILLGUY/USDT:USDT,0.06901,96.0,0.069,614.0,0.06909,104.0,0.0691,131.0
1753533133893,12:32:13.893,CHILLGUY/USDT:USDT,0.06901,96.0,0.069,614.0,0.06909,104.0,0.0691,131.0
1753533133988,12:32:13.988,CHILLGUY/USDT:USDT,0.06901,96.0,0.069,614.0,0.06909,104.0,0.0691,131.0
1753533135923,12:32:15.923,CHILLGUY/USDT:USDT,0.06901,96.0,0.069,614.0,0.06909,104.0,0.0691,131.0
1753533136326,12:32:16.326,CHILLGUY/USDT:USDT,0.06901,114.0,0.069,614.0,0.06909,104.0,0.0691,131.0
1753533136470,12:32:16.470,CHILLGUY/USDT:USDT,0.06901,96.0,0.069,614.0,0.06908,99.0,0.06909,104.0
1753533136562,12:32:16.562,CHILLGUY/USDT:USDT,0.06901,96.0,0.069,614.0,0.06908,99.0,0.06909,104.0
1753533138407,12:32:18.407,CHILLGUY/USDT:USDT,0.06901,123.0,0.069,814.0,0.06908,99.0,0.06909,104.0
1753533138529,12:32:18.529,CHILLGUY/USDT:USDT,0.06902,99.0,0.06901,96.0,0.06909,104.0,0.0691,131.0
1753533138549,12:32:18.549,CHILLGUY/USDT:USDT,0.06902,99.0,0.06901,96.0,0.06909,104.0,0.0691,131.0
1753533138667,12:32:18.667,CHILLGUY/USDT:USDT,0.06901,96.0,0.069,614.0,0.06909,104.0,0.0691,131.0
1753533140626,12:32:20.626,CHILLGUY/USDT:USDT,0.06905,1.0,0.06901,96.0,0.06909,104.0,0.0691,131.0
1753533140688,12:32:20.688,CHILLGUY/USDT:USDT,0.06905,1.0,0.06901,861.0,0.06909,104.0,0.0691,131.0
1753533141528,12:32:21.528,CHILLGUY/USDT:USDT,0.06905,1.0,0.06901,861.0,0.06909,104.0,0.0691,131.0
1753533141808,12:32:21.808,CHILLGUY/USDT:USDT,0.06905,1.0,0.06901,861.0,0.06909,104.0,0.0691,131.0
1753533142795,12:32:22.795,CHILLGUY/USDT:USDT,0.06905,1.0,0.06901,861.0,0.06909,104.0,0.0691,131.0
1753533143408,12:32:23.408,CHILLGUY/USDT:USDT,0.06905,1.0,0.06903,114.0,0.06909,104.0,0.0691,131.0
1753533145740,12:32:25.740,CHILLGUY/USDT:USDT,0.069,96.0,0.06899,96.0,0.06908,98.0,0.06909,104.0
1753533145805,12:32:25.805,CHILLGUY/USDT:USDT,0.06898,99.0,0.06897,1557.0,0.06907,41.0,0.06908,98.0
1753533145868,12:32:25.868,CHILLGUY/USDT:USDT,0.06898,99.0,0.06897,624.0,0.06907,41.0,0.06908,98.0
1753533146080,12:32:26.080,CHILLGUY/USDT:USDT,0.06899,98.0,0.06898,170.0,0.06907,41.0,0.06908,98.0
1753533146275,12:32:26.275,CHILLGUY/USDT:USDT,0.06899,98.0,0.06898,170.0,0.06907,41.0,0.06908,98.0
1753533146693,12:32:26.693,CHILLGUY/USDT:USDT,0.06899,98.0,0.06898,170.0,0.06907,41.0,0.06908,98.0
1753533146828,12:32:26.828,CHILLGUY/USDT:USDT,0.06899,98.0,0.06898,170.0,0.06907,41.0,0.06909,99.0
1753533147115,12:32:27.115,CHILLGUY/USDT:USDT,0.06899,98.0,0.06898,170.0,0.06907,41.0,0.06909,99.0
1753533147400,12:32:27.400,CHILLGUY/USDT:USDT,0.06899,98.0,0.06898,153.0,0.06907,41.0,0.06909,99.0
1753533147644,12:32:27.644,CHILLGUY/USDT:USDT,0.06899,98.0,0.06898,153.0,0.06907,41.0,0.06909,99.0
1753533148319,12:32:28.319,CHILLGUY/USDT:USDT,0.06899,98.0,0.06898,153.0,0.06907,41.0,0.06909,99.0
1753533148427,12:32:28.427,CHILLGUY/USDT:USDT,0.06899,105.0,0.06898,153.0,0.06907,41.0,0.06909,99.0
1753533148591,12:32:28.591,CHILLGUY/USDT:USDT,0.06899,105.0,0.06898,126.0,0.06906,98.0,0.06907,139.0
1753533148734,12:32:28.734,CHILLGUY/USDT:USDT,0.06899,105.0,0.06898,126.0,0.06905,5.0,0.06906,98.0
1753533149147,12:32:29.147,CHILLGUY/USDT:USDT,0.06899,105.0,0.06898,126.0,0.06905,5.0,0.06906,98.0
1753533149963,12:32:29.963,CHILLGUY/USDT:USDT,0.06899,105.0,0.06898,240.0,0.06905,5.0,0.06906,98.0
1753533150087,12:32:30.087,CHILLGUY/USDT:USDT,0.06899,105.0,0.06898,240.0,0.06905,5.0,0.06906,98.0
1753533150190,12:32:30.190,CHILLGUY/USDT:USDT,0.069,98.0,0.06899,98.0,0.06905,5.0,0.06907,134.0
1753533150312,12:32:30.312,CHILLGUY/USDT:USDT,0.06899,98.0,0.06898,240.0,0.06906,5.0,0.06907,134.0
1753533150394,12:32:30.394,CHILLGUY/USDT:USDT,0.06899,111.0,0.06898,240.0,0.06906,5.0,0.06907,134.0
1753533150824,12:32:30.824,CHILLGUY/USDT:USDT,0.06899,111.0,0.06898,240.0,0.06906,5.0,0.06907,134.0
1753533152028,12:32:32.028,CHILLGUY/USDT:USDT,0.06899,111.0,0.06898,240.0,0.06906,5.0,0.06907,134.0
1753533152144,12:32:32.144,CHILLGUY/USDT:USDT,0.069,98.0,0.06899,111.0,0.06906,5.0,0.06907,134.0
1753533152152,12:32:32.152,CHILLGUY/USDT:USDT,0.069,98.0,0.06899,98.0,0.06906,5.0,0.06907,134.0
1753533152295,12:32:32.295,CHILLGUY/USDT:USDT,0.06899,98.0,0.06898,240.0,0.06906,5.0,0.06907,134.0
1753533152425,12:32:32.425,CHILLGUY/USDT:USDT,0.06899,98.0,0.06898,240.0,0.06906,5.0,0.06907,134.0
1753533152802,12:32:32.802,CHILLGUY/USDT:USDT,0.06899,98.0,0.06898,240.0,0.06906,5.0,0.06907,134.0
1753533152928,12:32:32.928,CHILLGUY/USDT:USDT,0.06899,98.0,0.06898,240.0,0.06906,103.0,0.06907,134.0
1753533153060,12:32:33.060,CHILLGUY/USDT:USDT,0.06899,98.0,0.06898,126.0,0.06906,103.0,0.06907,134.0
1753533153734,12:32:33.734,CHILLGUY/USDT:USDT,0.06899,98.0,0.06898,126.0,0.06906,103.0,0.06907,134.0
1753533154470,12:32:34.470,CHILLGUY/USDT:USDT,0.06898,126.0,0.06897,609.0,0.06905,97.0,0.06906,103.0
1753533154630,12:32:34.630,CHILLGUY/USDT:USDT,0.06898,126.0,0.06897,723.0,0.06904,5.0,0.06905,97.0
1753533154661,12:32:34.661,CHILLGUY/USDT:USDT,0.06898,126.0,0.06897,723.0,0.06904,5.0,0.06905,97.0
1753533154861,12:32:34.861,CHILLGUY/USDT:USDT,0.06898,126.0,0.06897,723.0,0.06904,5.0,0.06905,97.0
1753533155445,12:32:35.445,CHILLGUY/USDT:USDT,0.06898,126.0,0.06897,723.0,0.06904,5.0,0.06906,98.0
1753533155468,12:32:35.468,CHILLGUY/USDT:USDT,0.06899,97.0,0.06898,126.0,0.06905,5.0,0.06906,98.0
1753533155686,12:32:35.686,CHILLGUY/USDT:USDT,0.06899,97.0,0.06898,126.0,0.06905,5.0,0.06906,98.0
1753533156104,12:32:36.104,CHILLGUY/USDT:USDT,0.06899,97.0,0.06898,126.0,0.06905,5.0,0.06906,98.0
1753533158185,12:32:38.185,CHILLGUY/USDT:USDT,0.06899,97.0,0.06898,126.0,0.06905,5.0,0.06906,98.0
1753533158474,12:32:38.474,CHILLGUY/USDT:USDT,0.06899,97.0,0.06898,126.0,0.06905,5.0,0.06906,98.0
1753533158581,12:32:38.581,CHILLGUY/USDT:USDT,0.06899,97.0,0.06898,126.0,0.06905,5.0,0.06906,98.0
1753533158794,12:32:38.794,CHILLGUY/USDT:USDT,0.06899,97.0,0.06898,126.0,0.06905,5.0,0.06906,98.0
1753533159932,12:32:39.932,CHILLGUY/USDT:USDT,0.06899,97.0,0.06898,126.0,0.06905,5.0,0.06906,98.0
1753533160165,12:32:40.165,CHILLGUY/USDT:USDT,0.06899,97.0,0.06898,126.0,0.06905,5.0,0.06906,98.0
1753533160696,12:32:40.696,CHILLGUY/USDT:USDT,0.06899,97.0,0.06898,126.0,0.06905,5.0,0.06906,98.0
1753533160982,12:32:40.982,CHILLGUY/USDT:USDT,0.06899,97.0,0.06898,126.0,0.06905,5.0,0.06906,98.0
1753533161405,12:32:41.405,CHILLGUY/USDT:USDT,0.06899,97.0,0.06898,126.0,0.06905,5.0,0.06906,98.0
1753533162237,12:32:42.237,CHILLGUY/USDT:USDT,0.06899,97.0,0.06898,126.0,0.06905,5.0,0.06906,98.0
1753533162256,12:32:42.256,CHILLGUY/USDT:USDT,0.06899,97.0,0.06898,126.0,0.06905,5.0,0.06906,98.0
1753533162950,12:32:42.950,CHILLGUY/USDT:USDT,0.06899,97.0,0.06898,126.0,0.06905,5.0,0.06906,98.0
1753533163098,12:32:43.098,CHILLGUY/USDT:USDT,0.06899,97.0,0.06898,126.0,0.06905,5.0,0.06906,98.0
1753533163228,12:32:43.228,CHILLGUY/USDT:USDT,0.06898,126.0,0.06897,609.0,0.06905,5.0,0.06906,98.0
1753533163307,12:32:43.307,CHILLGUY/USDT:USDT,0.06898,27.0,0.06897,609.0,0.06904,128.0,0.06905,427.0
1753533163430,12:32:43.430,CHILLGUY/USDT:USDT,0.06898,27.0,0.06897,609.0,0.06903,5.0,0.06904,128.0
1753533163456,12:32:43.456,CHILLGUY/USDT:USDT,0.06898,27.0,0.06897,609.0,0.06903,5.0,0.06904,128.0
1753533163845,12:32:43.845,CHILLGUY/USDT:USDT,0.06898,27.0,0.06897,609.0,0.06903,5.0,0.06904,128.0
1753533163931,12:32:43.931,CHILLGUY/USDT:USDT,0.06898,27.0,0.06897,609.0,0.06903,5.0,0.06904,128.0
1753533164092,12:32:44.092,CHILLGUY/USDT:USDT,0.06898,27.0,0.06897,609.0,0.06903,5.0,0.06904,128.0
1753533164327,12:32:44.327,CHILLGUY/USDT:USDT,0.06898,27.0,0.06897,609.0,0.06903,5.0,0.06904,128.0
1753533164631,12:32:44.631,CHILLGUY/USDT:USDT,0.06896,99.0,0.06895,1970.0,0.06903,101.0,0.06904,128.0
1753533164694,12:32:44.694,CHILLGUY/USDT:USDT,0.06895,99.0,0.06894,1520.0,0.06903,101.0,0.06904,128.0
1753533165141,12:32:45.141,CHILLGUY/USDT:USDT,0.06895,99.0,0.06894,1520.0,0.06903,101.0,0.06904,128.0
1753533165235,12:32:45.235,CHILLGUY/USDT:USDT,0.06897,96.0,0.06896,123.0,0.06903,101.0,0.06904,128.0
1753533165248,12:32:45.248,CHILLGUY/USDT:USDT,0.06897,96.0,0.06896,123.0,0.06903,5.0,0.06904,128.0
1753533165498,12:32:45.498,CHILLGUY/USDT:USDT,0.06897,96.0,0.06896,123.0,0.06903,5.0,0.06904,128.0
1753533165702,12:32:45.702,CHILLGUY/USDT:USDT,0.06897,96.0,0.06896,123.0,0.06903,5.0,0.06904,128.0
1753533165912,12:32:45.912,CHILLGUY/USDT:USDT,0.06897,96.0,0.06896,123.0,0.06903,5.0,0.06904,128.0
1753533166005,12:32:46.005,CHILLGUY/USDT:USDT,0.06897,96.0,0.06896,123.0,0.06903,101.0,0.06904,128.0
1753533166288,12:32:46.288,CHILLGUY/USDT:USDT,0.06897,96.0,0.06896,123.0,0.06903,101.0,0.06904,128.0
1753533167501,12:32:47.501,CHILLGUY/USDT:USDT,0.06897,96.0,0.06896,123.0,0.06903,101.0,0.06904,128.0
1753533168788,12:32:48.788,CHILLGUY/USDT:USDT,0.06897,96.0,0.06896,123.0,0.06903,101.0,0.06904,128.0
1753533169206,12:32:49.206,CHILLGUY/USDT:USDT,0.06897,96.0,0.06896,123.0,0.06903,101.0,0.06904,128.0
1753533169643,12:32:49.643,CHILLGUY/USDT:USDT,0.06897,96.0,0.06896,123.0,0.06903,101.0,0.06904,128.0
1753533170599,12:32:50.599,CHILLGUY/USDT:USDT,0.06897,96.0,0.06896,123.0,0.06903,101.0,0.06904,128.0
1753533171115,12:32:51.115,CHILLGUY/USDT:USDT,0.06897,96.0,0.06896,123.0,0.06903,101.0,0.06904,128.0
1753533171197,12:32:51.197,CHILLGUY/USDT:USDT,0.06897,96.0,0.06896,123.0,0.06903,101.0,0.06904,128.0
1753533172766,12:32:52.766,CHILLGUY/USDT:USDT,0.06897,96.0,0.06896,123.0,0.06903,101.0,0.06904,128.0
1753533173109,12:32:53.109,CHILLGUY/USDT:USDT,0.06895,99.0,0.06894,565.0,0.06902,129.0,0.06903,101.0
1753533173236,12:32:53.236,CHILLGUY/USDT:USDT,0.06895,99.0,0.06894,565.0,0.06901,97.0,0.06902,129.0
1753533173324,12:32:53.324,CHILLGUY/USDT:USDT,0.06895,99.0,0.06894,565.0,0.06901,102.0,0.06902,129.0
1753533173348,12:32:53.348,CHILLGUY/USDT:USDT,0.06895,99.0,0.06894,565.0,0.06901,102.0,0.06902,129.0
1753533173715,12:32:53.715,CHILLGUY/USDT:USDT,0.06895,99.0,0.06894,565.0,0.06901,102.0,0.06902,129.0
1753533173808,12:32:53.808,CHILLGUY/USDT:USDT,0.06895,99.0,0.06894,565.0,0.06901,102.0,0.06902,129.0
1753533174134,12:32:54.134,CHILLGUY/USDT:USDT,0.06895,99.0,0.06894,565.0,0.06901,102.0,0.06902,129.0
1753533174702,12:32:54.702,CHILLGUY/USDT:USDT,0.06895,99.0,0.06894,565.0,0.06901,102.0,0.06902,129.0
1753533174928,12:32:54.928,CHILLGUY/USDT:USDT,0.06895,99.0,0.06894,565.0,0.06901,102.0,0.06902,129.0
1753533176595,12:32:56.595,CHILLGUY/USDT:USDT,0.06895,99.0,0.06894,565.0,0.06901,102.0,0.06902,129.0
1753533177144,12:32:57.144,CHILLGUY/USDT:USDT,0.06895,126.0,0.06894,565.0,0.06901,102.0,0.06902,129.0
1753533177530,12:32:57.530,CHILLGUY/USDT:USDT,0.06895,126.0,0.06894,565.0,0.06901,102.0,0.06902,129.0
1753533177768,12:32:57.768,CHILLGUY/USDT:USDT,0.06895,126.0,0.06894,565.0,0.06901,102.0,0.06902,129.0
1753533178088,12:32:58.088,CHILLGUY/USDT:USDT,0.06895,126.0,0.06894,565.0,0.06901,102.0,0.06902,129.0
1753533178186,12:32:58.186,CHILLGUY/USDT:USDT,0.06895,126.0,0.06894,565.0,0.06901,102.0,0.06902,129.0
1753533179732,12:32:59.732,CHILLGUY/USDT:USDT,0.06892,97.0,0.06891,3957.0,0.069,129.0,0.06901,102.0
1753533179845,12:32:59.845,CHILLGUY/USDT:USDT,0.06893,97.0,0.06892,124.0,0.06899,5.0,0.069,129.0
1753533179847,12:32:59.847,CHILLGUY/USDT:USDT,0.06893,97.0,0.06892,124.0,0.06899,5.0,0.069,129.0
1753533180228,12:33:00.228,CHILLGUY/USDT:USDT,0.06893,97.0,0.06892,124.0,0.06899,5.0,0.069,129.0
1753533180344,12:33:00.344,CHILLGUY/USDT:USDT,0.06893,97.0,0.06892,124.0,0.06899,102.0,0.069,129.0
1753533180653,12:33:00.653,CHILLGUY/USDT:USDT,0.06893,97.0,0.06892,124.0,0.06899,102.0,0.069,129.0
1753533180935,12:33:00.935,CHILLGUY/USDT:USDT,0.06891,97.0,0.0689,1353.0,0.06898,97.0,0.06899,102.0
1753533181037,12:33:01.037,CHILLGUY/USDT:USDT,0.0689,98.0,0.06889,983.0,0.06897,35.0,0.06898,97.0
1753533181121,12:33:01.121,CHILLGUY/USDT:USDT,0.0689,98.0,0.06888,565.0,0.06897,132.0,0.06898,97.0
1753533181208,12:33:01.208,CHILLGUY/USDT:USDT,0.0689,98.0,0.06888,565.0,0.06897,132.0,0.06898,97.0
1753533181492,12:33:01.492,CHILLGUY/USDT:USDT,0.0689,98.0,0.06888,565.0,0.06897,132.0,0.06899,97.0
1753533181628,12:33:01.628,CHILLGUY/USDT:USDT,0.0689,98.0,0.06888,565.0,0.06897,132.0,0.06899,112.0
1753533181727,12:33:01.727,CHILLGUY/USDT:USDT,0.0689,98.0,0.06888,565.0,0.06897,132.0,0.06899,112.0
1753533181792,12:33:01.792,CHILLGUY/USDT:USDT,0.0689,1.0,0.06888,97.0,0.06896,97.0,0.06897,132.0
1753533181890,12:33:01.890,CHILLGUY/USDT:USDT,0.0689,1.0,0.06888,97.0,0.06895,5.0,0.06896,97.0
1753533181948,12:33:01.948,CHILLGUY/USDT:USDT,0.0689,1.0,0.06888,97.0,0.06895,5.0,0.06896,97.0
1753533182314,12:33:02.314,CHILLGUY/USDT:USDT,0.0689,1.0,0.06888,97.0,0.06895,5.0,0.06896,97.0
1753533182467,12:33:02.467,CHILLGUY/USDT:USDT,0.0689,1.0,0.06888,97.0,0.06895,5.0,0.06896,97.0
1753533182738,12:33:02.738,CHILLGUY/USDT:USDT,0.0689,1.0,0.06888,97.0,0.06895,5.0,0.06896,97.0
1753533183600,12:33:03.600,CHILLGUY/USDT:USDT,0.0689,1.0,0.06888,97.0,0.06895,5.0,0.06896,97.0
1753533183917,12:33:03.917,CHILLGUY/USDT:USDT,0.0689,1.0,0.06888,97.0,0.06895,5.0,0.06896,97.0
1753533183960,12:33:03.960,CHILLGUY/USDT:USDT,0.0689,1.0,0.06888,97.0,0.06895,5.0,0.06896,97.0
1753533184208,12:33:04.208,CHILLGUY/USDT:USDT,0.0689,1.0,0.06888,97.0,0.06895,5.0,0.06896,97.0
1753533184409,12:33:04.409,CHILLGUY/USDT:USDT,0.0689,1.0,0.06888,97.0,0.06895,5.0,0.06896,97.0
1753533185749,12:33:05.749,CHILLGUY/USDT:USDT,0.0689,1.0,0.06888,97.0,0.06895,5.0,0.06896,97.0
1753533185985,12:33:05.985,CHILLGUY/USDT:USDT,0.0689,1.0,0.06888,97.0,0.06895,5.0,0.06896,97.0
1753533186188,12:33:06.188,CHILLGUY/USDT:USDT,0.0689,1.0,0.06887,97.0,0.06895,5.0,0.06896,97.0
1753533186332,12:33:06.332,CHILLGUY/USDT:USDT,0.0689,1.0,0.06887,97.0,0.06895,5.0,0.06896,97.0
1753533186540,12:33:06.540,CHILLGUY/USDT:USDT,0.0689,1.0,0.06887,97.0,0.06895,5.0,0.06896,97.0
1753533186628,12:33:06.628,CHILLGUY/USDT:USDT,0.0689,1.0,0.06887,97.0,0.06895,5.0,0.06896,97.0
1753533186663,12:33:06.663,CHILLGUY/USDT:USDT,0.0689,1.0,0.06887,97.0,0.06895,5.0,0.06896,97.0
1753533186816,12:33:06.816,CHILLGUY/USDT:USDT,0.0689,1.0,0.06887,97.0,0.06895,5.0,0.06896,97.0
1753533186933,12:33:06.933,CHILLGUY/USDT:USDT,0.0689,1.0,0.06887,97.0,0.06895,5.0,0.06896,97.0
1753533187106,12:33:07.106,CHILLGUY/USDT:USDT,0.0689,1.0,0.06887,97.0,0.06895,5.0,0.06896,97.0
1753533187269,12:33:07.269,CHILLGUY/USDT:USDT,0.0689,1.0,0.06887,97.0,0.06895,100.0,0.06896,97.0
1753533187729,12:33:07.729,CHILLGUY/USDT:USDT,0.0689,1.0,0.06887,97.0,0.06895,100.0,0.06896,97.0
1753533187753,12:33:07.753,CHILLGUY/USDT:USDT,0.0689,1.0,0.06887,97.0,0.06895,100.0,0.06896,97.0
1753533187944,12:33:07.944,CHILLGUY/USDT:USDT,0.0689,1.0,0.06886,96.0,0.06895,100.0,0.06896,97.0
1753533187974,12:33:07.974,CHILLGUY/USDT:USDT,0.0689,1.0,0.06886,96.0,0.06895,100.0,0.06896,97.0
1753533188123,12:33:08.123,CHILLGUY/USDT:USDT,0.0689,1.0,0.06886,96.0,0.06895,100.0,0.06896,97.0
1753533188327,12:33:08.327,CHILLGUY/USDT:USDT,0.0689,1.0,0.06886,96.0,0.06895,100.0,0.06896,97.0
1753533188587,12:33:08.587,CHILLGUY/USDT:USDT,0.0689,1.0,0.06886,96.0,0.06895,100.0,0.06896,97.0
1753533188839,12:33:08.839,CHILLGUY/USDT:USDT,0.0689,1.0,0.06886,96.0,0.06895,100.0,0.06896,97.0
1753533189412,12:33:09.412,CHILLGUY/USDT:USDT,0.0689,1.0,0.06886,96.0,0.06895,100.0,0.06896,97.0
1753533189717,12:33:09.717,CHILLGUY/USDT:USDT,0.0689,1.0,0.06886,96.0,0.06895,100.0,0.06896,97.0
1753533190125,12:33:10.125,CHILLGUY/USDT:USDT,0.0689,1.0,0.06886,96.0,0.06895,100.0,0.06896,97.0
1753533190914,12:33:10.914,CHILLGUY/USDT:USDT,0.0689,1.0,0.06886,96.0,0.06895,5.0,0.06896,97.0
1753533191031,12:33:11.031,CHILLGUY/USDT:USDT,0.0689,1.0,0.06889,114.0,0.06895,5.0,0.06896,97.0
1753533191131,12:33:11.131,CHILLGUY/USDT:USDT,0.0689,124.0,0.06889,314.0,0.06895,5.0,0.06896,97.0
1753533191238,12:33:11.238,CHILLGUY/USDT:USDT,0.0689,96.0,0.06889,114.0,0.06895,5.0,0.06896,97.0
1753533191257,12:33:11.257,CHILLGUY/USDT:USDT,0.06891,95.0,0.0689,96.0,0.06895,5.0,0.06897,112.0
1753533191354,12:33:11.354,CHILLGUY/USDT:USDT,0.06891,95.0,0.0689,96.0,0.06896,5.0,0.06897,112.0
1753533191449,12:33:11.449,CHILLGUY/USDT:USDT,0.06891,95.0,0.0689,96.0,0.06896,5.0,0.06897,226.0
1753533191749,12:33:11.749,CHILLGUY/USDT:USDT,0.06891,95.0,0.0689,96.0,0.06896,5.0,0.06897,226.0
1753533191893,12:33:11.893,CHILLGUY/USDT:USDT,0.0689,96.0,0.06887,4923.0,0.06896,100.0,0.06897,226.0
1753533192007,12:33:12.007,CHILLGUY/USDT:USDT,0.0689,96.0,0.06887,3362.0,0.06896,100.0,0.06897,226.0
1753533192296,12:33:12.296,CHILLGUY/USDT:USDT,0.0689,1.0,0.06887,3362.0,0.06895,95.0,0.06896,100.0
1753533192420,12:33:12.420,CHILLGUY/USDT:USDT,0.0689,1.0,0.06887,3362.0,0.06894,5.0,0.06895,95.0
1753533192571,12:33:12.571,CHILLGUY/USDT:USDT,0.0689,1.0,0.06887,3362.0,0.06894,5.0,0.06895,95.0
1753533194435,12:33:14.435,CHILLGUY/USDT:USDT,0.0689,1.0,0.06887,3362.0,0.06894,5.0,0.06896,95.0
1753533194453,12:33:14.453,CHILLGUY/USDT:USDT,0.0689,1.0,0.06887,3362.0,0.06895,5.0,0.06896,95.0
1753533194593,12:33:14.593,CHILLGUY/USDT:USDT,0.0689,1.0,0.06887,3362.0,0.06895,102.0,0.06896,95.0
1753533195006,12:33:15.006,CHILLGUY/USDT:USDT,0.0689,1.0,0.06887,3362.0,0.06895,102.0,0.06896,95.0
1753533197219,12:33:17.219,CHILLGUY/USDT:USDT,0.0689,1.0,0.06887,3362.0,0.06895,102.0,0.06896,95.0
1753533197427,12:33:17.427,CHILLGUY/USDT:USDT,0.0689,1.0,0.06887,3362.0,0.06895,102.0,0.06896,95.0
1753533198410,12:33:18.410,CHILLGUY/USDT:USDT,0.0689,1.0,0.06889,114.0,0.06895,102.0,0.06896,95.0
1753533198862,12:33:18.862,CHILLGUY/USDT:USDT,0.0689,1.0,0.06889,114.0,0.06895,102.0,0.06896,95.0
1753533199245,12:33:19.245,CHILLGUY/USDT:USDT,0.0689,1.0,0.06889,114.0,0.06895,102.0,0.06896,95.0
1753533199248,12:33:19.248,CHILLGUY/USDT:USDT,0.0689,1.0,0.06889,114.0,0.06895,102.0,0.06896,95.0
1753533201396,12:33:21.396,CHILLGUY/USDT:USDT,0.0689,1.0,0.06889,114.0,0.06895,102.0,0.06896,95.0
1753533204393,12:33:24.393,CHILLGUY/USDT:USDT,0.0689,1.0,0.06889,114.0,0.06895,102.0,0.06896,95.0
1753533206013,12:33:26.013,CHILLGUY/USDT:USDT,0.0689,29.0,0.06889,314.0,0.06895,102.0,0.06896,95.0
1753533206074,12:33:26.074,CHILLGUY/USDT:USDT,0.0689,126.0,0.06889,314.0,0.06895,5.0,0.06896,95.0
1753533206207,12:33:26.207,CHILLGUY/USDT:USDT,0.06891,97.0,0.0689,126.0,0.06895,5.0,0.06897,97.0
1753533206288,12:33:26.288,CHILLGUY/USDT:USDT,0.06891,97.0,0.0689,126.0,0.06896,5.0,0.06897,97.0
1753533206348,12:33:26.348,CHILLGUY/USDT:USDT,0.06891,97.0,0.0689,126.0,0.06896,5.0,0.06897,97.0
1753533206563,12:33:26.563,CHILLGUY/USDT:USDT,0.06891,97.0,0.0689,126.0,0.06896,5.0,0.06897,97.0
1753533206683,12:33:26.683,CHILLGUY/USDT:USDT,0.06891,97.0,0.0689,126.0,0.06896,5.0,0.06897,97.0
1753533206831,12:33:26.831,CHILLGUY/USDT:USDT,0.06891,97.0,0.0689,126.0,0.06896,5.0,0.06897,97.0
1753533207310,12:33:27.310,CHILLGUY/USDT:USDT,0.06891,97.0,0.0689,126.0,0.06896,5.0,0.06897,211.0
1753533208388,12:33:28.388,CHILLGUY/USDT:USDT,0.06891,97.0,0.0689,126.0,0.06896,5.0,0.06897,325.0
1753533208468,12:33:28.468,CHILLGUY/USDT:USDT,0.06891,97.0,0.0689,126.0,0.06896,5.0,0.06897,325.0
1753533208709,12:33:28.709,CHILLGUY/USDT:USDT,0.06891,97.0,0.0689,126.0,0.06896,5.0,0.06897,325.0
1753533209931,12:33:29.931,CHILLGUY/USDT:USDT,0.06891,97.0,0.0689,126.0,0.06896,5.0,0.06897,325.0
1753533211891,12:33:31.891,CHILLGUY/USDT:USDT,0.06891,97.0,0.0689,126.0,0.06896,5.0,0.06897,325.0
1753533213391,12:33:33.391,CHILLGUY/USDT:USDT,0.06891,97.0,0.0689,126.0,0.06896,5.0,0.06897,325.0
1753533217287,12:33:37.287,CHILLGUY/USDT:USDT,0.06891,97.0,0.0689,126.0,0.06896,5.0,0.06897,325.0
1753533217393,12:33:37.393,CHILLGUY/USDT:USDT,0.0689,29.0,0.06889,314.0,0.06896,105.0,0.06897,325.0
1753533217469,12:33:37.469,CHILLGUY/USDT:USDT,0.0689,1.0,0.06888,1173.0,0.06895,126.0,0.06896,533.0
1753533217593,12:33:37.593,CHILLGUY/USDT:USDT,0.0689,1.0,0.06888,97.0,0.06894,5.0,0.06895,126.0
1753533217718,12:33:37.718,CHILLGUY/USDT:USDT,0.0689,1.0,0.06888,97.0,0.06894,105.0,0.06895,126.0
1753533217938,12:33:37.938,CHILLGUY/USDT:USDT,0.0689,1.0,0.06887,586.0,0.06893,100.0,0.06894,105.0
1753533217996,12:33:37.996,CHILLGUY/USDT:USDT,0.06891,130.0,0.0689,100.0,0.06893,113.0,0.06894,161.0
1753533218221,12:33:38.221,CHILLGUY/USDT:USDT,0.06891,130.0,0.0689,100.0,0.06893,113.0,0.06894,161.0
1753533219015,12:33:39.015,CHILLGUY/USDT:USDT,0.06891,130.0,0.0689,1.0,0.06893,113.0,0.06894,161.0
1753533219226,12:33:39.226,CHILLGUY/USDT:USDT,0.06891,130.0,0.0689,1.0,0.06893,13.0,0.06894,161.0
1753533219268,12:33:39.268,CHILLGUY/USDT:USDT,0.06891,130.0,0.0689,1.0,0.06895,126.0,0.06896,428.0
1753533219386,12:33:39.386,CHILLGUY/USDT:USDT,0.06891,229.0,0.0689,1.0,0.06894,5.0,0.06895,113.0
1753533219708,12:33:39.708,CHILLGUY/USDT:USDT,0.06891,229.0,0.0689,1.0,0.06894,5.0,0.06895,113.0
1753533220404,12:33:40.404,CHILLGUY/USDT:USDT,0.06891,130.0,0.0689,1.0,0.06894,5.0,0.06895,113.0
1753533220467,12:33:40.467,CHILLGUY/USDT:USDT,0.06891,130.0,0.0689,1.0,0.06894,5.0,0.06895,113.0
1753533222244,12:33:42.244,CHILLGUY/USDT:USDT,0.06891,130.0,0.0689,1.0,0.06894,5.0,0.06895,113.0
1753533222322,12:33:42.322,CHILLGUY/USDT:USDT,0.06891,130.0,0.0689,1.0,0.06894,5.0,0.06895,113.0
1753533222422,12:33:42.422,CHILLGUY/USDT:USDT,0.06891,130.0,0.0689,115.0,0.06894,5.0,0.06895,113.0
1753533222495,12:33:42.495,CHILLGUY/USDT:USDT,0.06891,130.0,0.0689,115.0,0.06894,5.0,0.06895,113.0
1753533224214,12:33:44.214,CHILLGUY/USDT:USDT,0.06891,158.0,0.0689,243.0,0.06894,5.0,0.06895,113.0
1753533224345,12:33:44.345,CHILLGUY/USDT:USDT,0.06891,130.0,0.0689,1.0,0.06894,5.0,0.06895,100.0
1753533224389,12:33:44.389,CHILLGUY/USDT:USDT,0.06891,158.0,0.0689,243.0,0.06894,5.0,0.06895,100.0
1753533224661,12:33:44.661,CHILLGUY/USDT:USDT,0.06891,158.0,0.0689,243.0,0.06894,5.0,0.06896,100.0
1753533224789,12:33:44.789,CHILLGUY/USDT:USDT,0.06891,158.0,0.0689,243.0,0.06895,5.0,0.06896,100.0
1753533224926,12:33:44.926,CHILLGUY/USDT:USDT,0.06891,158.0,0.0689,243.0,0.06895,5.0,0.06896,100.0
1753533225022,12:33:45.022,CHILLGUY/USDT:USDT,0.06891,158.0,0.0689,243.0,0.06895,5.0,0.06896,61.0
1753533225740,12:33:45.740,CHILLGUY/USDT:USDT,0.06891,130.0,0.0689,1.0,0.06895,105.0,0.06896,122.0
1753533225843,12:33:45.843,CHILLGUY/USDT:USDT,0.06891,130.0,0.0689,1.0,0.06894,126.0,0.06895,227.0
1753533225940,12:33:45.940,CHILLGUY/USDT:USDT,0.06891,130.0,0.0689,1.0,0.06894,126.0,0.06895,222.0
1753533226017,12:33:46.017,CHILLGUY/USDT:USDT,0.06891,130.0,0.0689,1.0,0.06894,126.0,0.06895,222.0
1753533226154,12:33:46.154,CHILLGUY/USDT:USDT,0.06891,130.0,0.0689,1.0,0.06894,126.0,0.06895,222.0
1753533226969,12:33:46.969,CHILLGUY/USDT:USDT,0.06891,130.0,0.0689,1.0,0.06894,126.0,0.06895,222.0
1753533227422,12:33:47.422,CHILLGUY/USDT:USDT,0.06891,130.0,0.0689,1.0,0.06894,126.0,0.06895,222.0
1753533228388,12:33:48.388,CHILLGUY/USDT:USDT,0.06891,130.0,0.0689,1.0,0.06894,126.0,0.06895,222.0
1753533230345,12:33:50.345,CHILLGUY/USDT:USDT,0.06891,130.0,0.0689,1.0,0.06894,126.0,0.06895,222.0
1753533230399,12:33:50.399,CHILLGUY/USDT:USDT,0.06891,130.0,0.0689,1.0,0.06894,126.0,0.06895,222.0
1753533230458,12:33:50.458,CHILLGUY/USDT:USDT,0.06891,130.0,0.0689,1.0,0.06894,126.0,0.06895,222.0
1753533231568,12:33:51.568,CHILLGUY/USDT:USDT,0.06891,130.0,0.0689,1.0,0.06893,100.0,0.06894,126.0
1753533231842,12:33:51.842,CHILLGUY/USDT:USDT,0.06891,130.0,0.0689,1.0,0.06893,100.0,0.06894,126.0
1753533232315,12:33:52.315,CHILLGUY/USDT:USDT,0.06891,130.0,0.0689,1.0,0.06893,100.0,0.06894,126.0
1753533232368,12:33:52.368,CHILLGUY/USDT:USDT,0.0689,1.0,0.06886,96.0,0.06893,100.0,0.06894,126.0
1753533232522,12:33:52.522,CHILLGUY/USDT:USDT,0.0689,99.0,0.06886,96.0,0.06892,18.0,0.06893,161.0
1753533232627,12:33:52.627,CHILLGUY/USDT:USDT,0.0689,99.0,0.06886,96.0,0.06892,18.0,0.06893,161.0
1753533232669,12:33:52.669,CHILLGUY/USDT:USDT,0.0689,99.0,0.06886,96.0,0.06892,18.0,0.06893,161.0
1753533233532,12:33:53.532,CHILLGUY/USDT:USDT,0.0689,1.0,0.06886,96.0,0.06892,18.0,0.06893,161.0
1753533233710,12:33:53.710,CHILLGUY/USDT:USDT,0.0689,1.0,0.06885,97.0,0.06892,18.0,0.06893,161.0
1753533233897,12:33:53.897,CHILLGUY/USDT:USDT,0.0689,1.0,0.06885,97.0,0.06892,18.0,0.06893,161.0
1753533235241,12:33:55.241,CHILLGUY/USDT:USDT,0.0689,1.0,0.06885,97.0,0.06892,18.0,0.06893,161.0
1753533235248,12:33:55.248,CHILLGUY/USDT:USDT,0.0689,1.0,0.06885,97.0,0.06892,5.0,0.06893,100.0
1753533235529,12:33:55.529,CHILLGUY/USDT:USDT,0.0689,1.0,0.06888,114.0,0.06892,5.0,0.06893,100.0
1753533235703,12:33:55.703,CHILLGUY/USDT:USDT,0.0689,1.0,0.06888,114.0,0.06892,5.0,0.06893,100.0
1753533235925,12:33:55.925,CHILLGUY/USDT:USDT,0.0689,1.0,0.06888,114.0,0.06892,5.0,0.06893,100.0
1753533236237,12:33:56.237,CHILLGUY/USDT:USDT,0.0689,1.0,0.06888,114.0,0.06892,5.0,0.06893,100.0
1753533236634,12:33:56.634,CHILLGUY/USDT:USDT,0.0689,1.0,0.06888,114.0,0.06892,5.0,0.06893,100.0
1753533236733,12:33:56.733,CHILLGUY/USDT:USDT,0.0689,1.0,0.06888,114.0,0.06892,5.0,0.06893,100.0
1753533237257,12:33:57.257,CHILLGUY/USDT:USDT,0.0689,1.0,0.06884,100.0,0.06892,5.0,0.06893,100.0
1753533237964,12:33:57.964,CHILLGUY/USDT:USDT,0.0689,1.0,0.06884,100.0,0.06892,5.0,0.06893,100.0
1753533238929,12:33:58.929,CHILLGUY/USDT:USDT,0.0689,1.0,0.06888,228.0,0.06892,5.0,0.06893,100.0
1753533239401,12:33:59.401,CHILLGUY/USDT:USDT,0.0689,1.0,0.06888,228.0,0.06892,5.0,0.06893,100.0
1753533239448,12:33:59.448,CHILLGUY/USDT:USDT,0.0689,1.0,0.06888,228.0,0.06892,5.0,0.06893,100.0
1753533240288,12:34:00.288,CHILLGUY/USDT:USDT,0.0689,1.0,0.06888,228.0,0.06892,5.0,0.06893,100.0
1753533240359,12:34:00.359,CHILLGUY/USDT:USDT,0.0689,1.0,0.06888,114.0,0.06892,5.0,0.06893,100.0
1753533240492,12:34:00.492,CHILLGUY/USDT:USDT,0.0689,1.0,0.06888,228.0,0.06892,5.0,0.06893,100.0
1753533240794,12:34:00.794,CHILLGUY/USDT:USDT,0.0689,1.0,0.06888,228.0,0.06892,5.0,0.06893,100.0
1753533243645,12:34:03.645,CHILLGUY/USDT:USDT,0.0689,1.0,0.06888,228.0,0.06892,5.0,0.06893,100.0
1753533243649,12:34:03.649,CHILLGUY/USDT:USDT,0.0689,1.0,0.06888,228.0,0.06892,5.0,0.06893,100.0
1753533243829,12:34:03.829,CHILLGUY/USDT:USDT,0.0689,1.0,0.06888,228.0,0.06892,5.0,0.06895,100.0
1753533243856,12:34:03.856,CHILLGUY/USDT:USDT,0.0689,1.0,0.06888,228.0,0.06894,5.0,0.06895,100.0
1753533243969,12:34:03.969,CHILLGUY/USDT:USDT,0.0689,1.0,0.06888,228.0,0.06894,5.0,0.06895,100.0
1753533244235,12:34:04.235,CHILLGUY/USDT:USDT,0.0689,150.0,0.06889,244.0,0.06894,5.0,0.06897,97.0
1753533244320,12:34:04.320,CHILLGUY/USDT:USDT,0.0689,150.0,0.06889,244.0,0.06896,5.0,0.06897,97.0
1753533244428,12:34:04.428,CHILLGUY/USDT:USDT,0.06893,130.0,0.0689,125.0,0.06896,5.0,0.06897,97.0
1753533244538,12:34:04.538,CHILLGUY/USDT:USDT,0.06893,130.0,0.0689,125.0,0.06896,5.0,0.06897,97.0
1753533244690,12:34:04.690,CHILLGUY/USDT:USDT,0.06893,130.0,0.0689,125.0,0.06896,5.0,0.06897,97.0
1753533244840,12:34:04.840,CHILLGUY/USDT:USDT,0.06893,130.0,0.0689,125.0,0.06896,5.0,0.06897,97.0
1753533244846,12:34:04.846,CHILLGUY/USDT:USDT,0.06893,130.0,0.0689,125.0,0.06896,5.0,0.06897,97.0
1753533245018,12:34:05.018,CHILLGUY/USDT:USDT,0.06893,130.0,0.0689,125.0,0.06896,5.0,0.06897,97.0
1753533246209,12:34:06.209,CHILLGUY/USDT:USDT,0.0689,26.0,0.06889,236.0,0.06895,123.0,0.06896,435.0
1753533246268,12:34:06.268,CHILLGUY/USDT:USDT,0.0689,26.0,0.06889,236.0,0.06895,123.0,0.06896,435.0
1753533246494,12:34:06.494,CHILLGUY/USDT:USDT,0.0689,26.0,0.06889,236.0,0.06894,99.0,0.06895,123.0
1753533246556,12:34:06.556,CHILLGUY/USDT:USDT,0.0689,26.0,0.06889,236.0,0.06894,104.0,0.06895,123.0
1753533246908,12:34:06.908,CHILLGUY/USDT:USDT,0.0689,26.0,0.06889,236.0,0.06894,104.0,0.06895,111.0
1753533247328,12:34:07.328,CHILLGUY/USDT:USDT,0.0689,26.0,0.06889,236.0,0.06894,104.0,0.06895,111.0
1753533247718,12:34:07.718,CHILLGUY/USDT:USDT,0.0689,26.0,0.06889,236.0,0.06894,104.0,0.06895,111.0
1753533248961,12:34:08.961,CHILLGUY/USDT:USDT,0.0689,26.0,0.06889,236.0,0.06894,104.0,0.06895,111.0
1753533249248,12:34:09.248,CHILLGUY/USDT:USDT,0.0689,26.0,0.06889,236.0,0.06894,104.0,0.06895,111.0
1753533250422,12:34:10.422,CHILLGUY/USDT:USDT,0.0689,26.0,0.06889,236.0,0.06894,104.0,0.06895,111.0
1753533250626,12:34:10.626,CHILLGUY/USDT:USDT,0.0689,26.0,0.06889,236.0,0.06894,104.0,0.06895,111.0
1753533250970,12:34:10.970,CHILLGUY/USDT:USDT,0.0689,26.0,0.06889,236.0,0.06894,104.0,0.06895,111.0
1753533251132,12:34:11.132,CHILLGUY/USDT:USDT,0.0689,26.0,0.06889,236.0,0.06894,104.0,0.06895,169.0
1753533252119,12:34:12.119,CHILLGUY/USDT:USDT,0.0689,1.0,0.06886,1112.0,0.06893,111.0,0.06894,104.0
1753533252195,12:34:12.195,CHILLGUY/USDT:USDT,0.0689,1.0,0.06886,1112.0,0.06893,123.0,0.06894,220.0
1753533252280,12:34:12.280,CHILLGUY/USDT:USDT,0.0689,1.0,0.06886,1112.0,0.06893,123.0,0.06894,220.0
1753533253022,12:34:13.022,CHILLGUY/USDT:USDT,0.0689,1.0,0.06886,1112.0,0.06893,123.0,0.06894,220.0
1753533253889,12:34:13.889,CHILLGUY/USDT:USDT,0.0689,1.0,0.06886,1112.0,0.06893,123.0,0.06894,220.0
1753533255130,12:34:15.130,CHILLGUY/USDT:USDT,0.0689,1.0,0.06889,114.0,0.06893,111.0,0.06894,162.0
1753533256030,12:34:16.030,CHILLGUY/USDT:USDT,0.0689,1.0,0.06887,96.0,0.06893,111.0,0.06894,220.0
1753533256102,12:34:16.102,CHILLGUY/USDT:USDT,0.0689,1.0,0.06887,96.0,0.06893,111.0,0.06894,220.0
1753533256242,12:34:16.242,CHILLGUY/USDT:USDT,0.0689,1.0,0.06889,114.0,0.06894,5.0,0.06895,111.0
1753533256260,12:34:16.260,CHILLGUY/USDT:USDT,0.0689,1.0,0.06889,114.0,0.06895,111.0,0.06896,5.0
1753533256368,12:34:16.368,CHILLGUY/USDT:USDT,0.0689,1.0,0.06889,114.0,0.06895,111.0,0.06896,5.0
1753533256449,12:34:16.449,CHILLGUY/USDT:USDT,0.0689,1.0,0.06889,114.0,0.06895,111.0,0.06896,119.0
1753533256679,12:34:16.679,CHILLGUY/USDT:USDT,0.0689,1.0,0.06889,114.0,0.06895,111.0,0.06896,119.0
1753533256905,12:34:16.905,CHILLGUY/USDT:USDT,0.0689,1.0,0.06889,114.0,0.06895,111.0,0.06896,119.0
1753533257042,12:34:17.042,CHILLGUY/USDT:USDT,0.0689,122.0,0.06889,316.0,0.06896,5.0,0.06897,97.0
1753533257134,12:34:17.134,CHILLGUY/USDT:USDT,0.0689,122.0,0.06889,316.0,0.06897,102.0,0.06899,97.0
1753533257208,12:34:17.208,CHILLGUY/USDT:USDT,0.0689,122.0,0.06889,316.0,0.06897,97.0,0.06898,5.0
1753533257686,12:34:17.686,CHILLGUY/USDT:USDT,0.0689,122.0,0.06889,316.0,0.06897,97.0,0.06898,5.0
1753533257807,12:34:17.807,CHILLGUY/USDT:USDT,0.0689,122.0,0.06889,316.0,0.06897,97.0,0.06898,5.0
1753533257925,12:34:17.925,CHILLGUY/USDT:USDT,0.06891,121.0,0.0689,122.0,0.06897,97.0,0.06898,5.0
1753533258236,12:34:18.236,CHILLGUY/USDT:USDT,0.06891,121.0,0.0689,122.0,0.06897,97.0,0.06898,5.0
1753533258306,12:34:18.306,CHILLGUY/USDT:USDT,0.06891,121.0,0.0689,122.0,0.06897,97.0,0.06898,5.0
1753533258388,12:34:18.388,CHILLGUY/USDT:USDT,0.06892,121.0,0.06891,121.0,0.06898,5.0,0.06899,97.0
1753533258540,12:34:18.540,CHILLGUY/USDT:USDT,0.06893,96.0,0.06892,121.0,0.06899,99.0,0.069,96.0
1753533258641,12:34:18.641,CHILLGUY/USDT:USDT,0.06893,96.0,0.06892,121.0,0.06899,102.0,0.069,96.0
1753533258884,12:34:18.884,CHILLGUY/USDT:USDT,0.06893,96.0,0.06892,121.0,0.06899,102.0,0.069,96.0
1753533259100,12:34:19.100,CHILLGUY/USDT:USDT,0.06893,96.0,0.06892,121.0,0.06899,102.0,0.069,210.0
1753533259476,12:34:19.476,CHILLGUY/USDT:USDT,0.06893,96.0,0.06892,121.0,0.06899,102.0,0.069,210.0
1753533260929,12:34:20.929,CHILLGUY/USDT:USDT,0.06892,25.0,0.06891,121.0,0.06898,96.0,0.06899,114.0
1753533261044,12:34:21.044,CHILLGUY/USDT:USDT,0.06892,121.0,0.06891,121.0,0.06898,96.0,0.06899,114.0
1753533261050,12:34:21.050,CHILLGUY/USDT:USDT,0.06892,121.0,0.06891,121.0,0.06898,96.0,0.06899,114.0
1753533262024,12:34:22.024,CHILLGUY/USDT:USDT,0.06892,121.0,0.06891,121.0,0.06898,97.0,0.06899,114.0
1753533262118,12:34:22.118,CHILLGUY/USDT:USDT,0.06892,121.0,0.06891,121.0,0.06898,96.0,0.06899,114.0
1753533262262,12:34:22.262,CHILLGUY/USDT:USDT,0.06892,121.0,0.06891,121.0,0.06898,96.0,0.06899,114.0
1753533263305,12:34:23.305,CHILLGUY/USDT:USDT,0.06892,121.0,0.06891,121.0,0.06898,108.0,0.06899,114.0
1753533264429,12:34:24.429,CHILLGUY/USDT:USDT,0.06892,121.0,0.06891,121.0,0.06898,108.0,0.06899,114.0
1753533267538,12:34:27.538,CHILLGUY/USDT:USDT,0.0689,97.0,0.06888,502.0,0.06897,109.0,0.06898,108.0
1753533267610,12:34:27.610,CHILLGUY/USDT:USDT,0.0689,1.0,0.06887,96.0,0.06896,97.0,0.06897,115.0
1753533267725,12:34:27.725,CHILLGUY/USDT:USDT,0.0689,1.0,0.06887,96.0,0.06895,109.0,0.06896,324.0
1753533267753,12:34:27.753,CHILLGUY/USDT:USDT,0.0689,1.0,0.06887,96.0,0.06895,115.0,0.06896,324.0
1753533268018,12:34:28.018,CHILLGUY/USDT:USDT,0.0689,1.0,0.06887,96.0,0.06895,115.0,0.06896,324.0
1753533268520,12:34:28.520,CHILLGUY/USDT:USDT,0.0689,1.0,0.06887,96.0,0.06895,115.0,0.06896,324.0
1753533268907,12:34:28.907,CHILLGUY/USDT:USDT,0.0689,1.0,0.06887,96.0,0.06894,97.0,0.06895,115.0
1753533268995,12:34:28.995,CHILLGUY/USDT:USDT,0.06891,128.0,0.0689,1.0,0.06894,97.0,0.06895,115.0
1753533269108,12:34:29.108,CHILLGUY/USDT:USDT,0.06891,128.0,0.0689,1.0,0.06894,97.0,0.06895,115.0
1753533269253,12:34:29.253,CHILLGUY/USDT:USDT,0.06891,128.0,0.0689,1.0,0.06894,97.0,0.06895,115.0
1753533269462,12:34:29.462,CHILLGUY/USDT:USDT,0.06891,128.0,0.0689,1.0,0.06894,97.0,0.06895,115.0
1753533269968,12:34:29.968,CHILLGUY/USDT:USDT,0.06891,128.0,0.0689,1.0,0.06895,115.0,0.06896,324.0
1753533270131,12:34:30.131,CHILLGUY/USDT:USDT,0.06891,128.0,0.0689,115.0,0.06895,115.0,0.06896,324.0
1753533270894,12:34:30.894,CHILLGUY/USDT:USDT,0.06891,128.0,0.0689,115.0,0.06895,115.0,0.06896,324.0
1753533271344,12:34:31.344,CHILLGUY/USDT:USDT,0.06891,128.0,0.0689,1.0,0.06894,111.0,0.06895,181.0
1753533271687,12:34:31.687,CHILLGUY/USDT:USDT,0.06891,128.0,0.0689,1.0,0.06894,111.0,0.06895,181.0
1753533272100,12:34:32.100,CHILLGUY/USDT:USDT,0.06891,128.0,0.0689,1.0,0.06894,111.0,0.06895,181.0
1753533275274,12:34:35.274,CHILLGUY/USDT:USDT,0.06891,128.0,0.0689,1.0,0.06894,111.0,0.06895,181.0
1753533275845,12:34:35.845,CHILLGUY/USDT:USDT,0.06891,128.0,0.0689,1.0,0.06894,14.0,0.06895,181.0
1753533275890,12:34:35.890,CHILLGUY/USDT:USDT,0.06891,154.0,0.0689,229.0,0.06895,6.0,0.06896,97.0
1753533276008,12:34:36.008,CHILLGUY/USDT:USDT,0.06891,154.0,0.0689,316.0,0.06896,131.0,0.06897,523.0
1753533276141,12:34:36.141,CHILLGUY/USDT:USDT,0.06891,154.0,0.0689,316.0,0.06896,131.0,0.06897,523.0
1753533276288,12:34:36.288,CHILLGUY/USDT:USDT,0.06891,154.0,0.0689,316.0,0.06896,131.0,0.06897,523.0
1753533276584,12:34:36.584,CHILLGUY/USDT:USDT,0.06891,154.0,0.0689,316.0,0.06896,131.0,0.06897,523.0
1753533276651,12:34:36.651,CHILLGUY/USDT:USDT,0.06891,128.0,0.0689,1.0,0.06896,131.0,0.06897,523.0
1753533276969,12:34:36.969,CHILLGUY/USDT:USDT,0.06891,128.0,0.0689,1.0,0.06896,131.0,0.06897,523.0
1753533277843,12:34:37.843,CHILLGUY/USDT:USDT,0.06891,128.0,0.0689,1.0,0.06895,98.0,0.06896,131.0
1753533277857,12:34:37.857,CHILLGUY/USDT:USDT,0.06891,128.0,0.0689,1.0,0.06895,98.0,0.06896,131.0
1753533278184,12:34:38.184,CHILLGUY/USDT:USDT,0.06891,128.0,0.0689,1.0,0.06895,98.0,0.06896,131.0
1753533278992,12:34:38.992,CHILLGUY/USDT:USDT,0.06891,128.0,0.0689,1.0,0.06895,98.0,0.06896,131.0
1753533279049,12:34:39.049,CHILLGUY/USDT:USDT,0.06891,128.0,0.0689,115.0,0.06895,98.0,0.06896,131.0
1753533280945,12:34:40.945,CHILLGUY/USDT:USDT,0.06886,4371.0,0.06885,5283.0,0.06895,98.0,0.06896,131.0
1753533281033,12:34:41.033,CHILLGUY/USDT:USDT,0.06884,1113.0,0.06883,5202.0,0.06893,98.0,0.06894,6.0
1753533281108,12:34:41.108,CHILLGUY/USDT:USDT,0.06884,230.0,0.06882,1558.0,0.06892,34.0,0.06893,98.0
1753533281244,12:34:41.244,CHILLGUY/USDT:USDT,0.06885,98.0,0.06884,230.0,0.06892,132.0,0.06893,98.0
1753533281304,12:34:41.304,CHILLGUY/USDT:USDT,0.06885,98.0,0.06884,230.0,0.06892,34.0,0.06893,98.0
1753533281388,12:34:41.388,CHILLGUY/USDT:USDT,0.06884,230.0,0.06882,1558.0,0.06891,98.0,0.06892,34.0
1753533281490,12:34:41.490,CHILLGUY/USDT:USDT,0.06884,230.0,0.06882,611.0,0.0689,6.0,0.06891,98.0
1753533281627,12:34:41.627,CHILLGUY/USDT:USDT,0.06885,98.0,0.06884,230.0,0.0689,6.0,0.06891,98.0
1753533281727,12:34:41.727,CHILLGUY/USDT:USDT,0.06885,98.0,0.06884,230.0,0.0689,6.0,0.06891,98.0
1753533282071,12:34:42.071,CHILLGUY/USDT:USDT,0.06885,98.0,0.06884,126.0,0.0689,6.0,0.06891,98.0
1753533282199,12:34:42.199,CHILLGUY/USDT:USDT,0.06885,98.0,0.06884,126.0,0.0689,6.0,0.06891,98.0
1753533282303,12:34:42.303,CHILLGUY/USDT:USDT,0.06885,98.0,0.06884,240.0,0.0689,6.0,0.06891,98.0
1753533282905,12:34:42.905,CHILLGUY/USDT:USDT,0.06885,98.0,0.06884,240.0,0.0689,6.0,0.06891,98.0
1753533284339,12:34:44.339,CHILLGUY/USDT:USDT,0.06885,98.0,0.06884,240.0,0.0689,6.0,0.06891,98.0
1753533284742,12:34:44.742,CHILLGUY/USDT:USDT,0.06885,98.0,0.06884,240.0,0.0689,6.0,0.06891,98.0
1753533284761,12:34:44.761,CHILLGUY/USDT:USDT,0.06885,98.0,0.06884,240.0,0.0689,6.0,0.06891,98.0
1753533285006,12:34:45.006,CHILLGUY/USDT:USDT,0.06885,98.0,0.06884,240.0,0.0689,6.0,0.06891,98.0
1753533285860,12:34:45.860,CHILLGUY/USDT:USDT,0.06885,98.0,0.06884,240.0,0.0689,6.0,0.06891,98.0
1753533286308,12:34:46.308,CHILLGUY/USDT:USDT,0.06885,98.0,0.06884,240.0,0.0689,6.0,0.06891,98.0
1753533286380,12:34:46.380,CHILLGUY/USDT:USDT,0.06885,98.0,0.06884,240.0,0.0689,6.0,0.06891,98.0
1753533288144,12:34:48.144,CHILLGUY/USDT:USDT,0.06885,98.0,0.06884,240.0,0.0689,6.0,0.06893,98.0
1753533288176,12:34:48.176,CHILLGUY/USDT:USDT,0.06885,98.0,0.06884,240.0,0.06892,6.0,0.06893,98.0
1753533288325,12:34:48.325,CHILLGUY/USDT:USDT,0.06888,142.0,0.06885,202.0,0.06892,6.0,0.06893,230.0
1753533288412,12:34:48.412,CHILLGUY/USDT:USDT,0.06888,142.0,0.06885,202.0,0.06892,6.0,0.06893,230.0
1753533288476,12:34:48.476,CHILLGUY/USDT:USDT,0.06888,142.0,0.06885,202.0,0.06892,102.0,0.06893,230.0
1753533288671,12:34:48.671,CHILLGUY/USDT:USDT,0.06888,142.0,0.06885,202.0,0.06892,102.0,0.06893,230.0
1753533289031,12:34:49.031,CHILLGUY/USDT:USDT,0.06888,142.0,0.06887,114.0,0.06892,6.0,0.06893,230.0
1753533289120,12:34:49.120,CHILLGUY/USDT:USDT,0.06888,142.0,0.06887,114.0,0.06892,6.0,0.06893,230.0
1753533289303,12:34:49.303,CHILLGUY/USDT:USDT,0.06888,142.0,0.06887,114.0,0.06892,6.0,0.06893,230.0
1753533289633,12:34:49.633,CHILLGUY/USDT:USDT,0.06888,142.0,0.06887,114.0,0.06892,6.0,0.06893,230.0
1753533291830,12:34:51.830,CHILLGUY/USDT:USDT,0.06888,142.0,0.06887,114.0,0.06892,6.0,0.06893,98.0
1753533291928,12:34:51.928,CHILLGUY/USDT:USDT,0.06888,142.0,0.06887,114.0,0.06892,6.0,0.06893,98.0
1753533292488,12:34:52.488,CHILLGUY/USDT:USDT,0.06888,142.0,0.06887,114.0,0.06892,6.0,0.06895,98.0
1753533292556,12:34:52.556,CHILLGUY/USDT:USDT,0.06888,142.0,0.06887,114.0,0.06894,6.0,0.06895,98.0
1753533292743,12:34:52.743,CHILLGUY/USDT:USDT,0.06888,142.0,0.06887,114.0,0.06894,102.0,0.06895,212.0
1753533292770,12:34:52.770,CHILLGUY/USDT:USDT,0.06888,142.0,0.06887,114.0,0.06894,102.0,0.06895,212.0
1753533292875,12:34:52.875,CHILLGUY/USDT:USDT,0.06888,142.0,0.06887,114.0,0.06894,102.0,0.06895,212.0
1753533293302,12:34:53.302,CHILLGUY/USDT:USDT,0.06888,142.0,0.06887,114.0,0.06894,102.0,0.06895,212.0
1753533294129,12:34:54.129,CHILLGUY/USDT:USDT,0.06888,142.0,0.06887,114.0,0.06894,102.0,0.06895,212.0
1753533294915,12:34:54.915,CHILLGUY/USDT:USDT,0.06888,142.0,0.06887,114.0,0.06894,102.0,0.06895,212.0
1753533294989,12:34:54.989,CHILLGUY/USDT:USDT,0.06889,123.0,0.06888,343.0,0.06894,6.0,0.06895,212.0
1753533295092,12:34:55.092,CHILLGUY/USDT:USDT,0.06889,149.0,0.06888,544.0,0.06894,6.0,0.06895,98.0
1753533295236,12:34:55.236,CHILLGUY/USDT:USDT,0.0689,97.0,0.06889,149.0,0.06894,6.0,0.06897,97.0
1753533295329,12:34:55.329,CHILLGUY/USDT:USDT,0.0689,97.0,0.06889,149.0,0.06896,6.0,0.06897,97.0
1753533295437,12:34:55.437,CHILLGUY/USDT:USDT,0.0689,97.0,0.06889,149.0,0.06896,6.0,0.06897,211.0
1753533295457,12:34:55.457,CHILLGUY/USDT:USDT,0.0689,97.0,0.06889,149.0,0.06896,6.0,0.06897,211.0
1753533295579,12:34:55.579,CHILLGUY/USDT:USDT,0.06889,52.0,0.06888,1259.0,0.06895,97.0,0.06896,117.0
1753533295701,12:34:55.701,CHILLGUY/USDT:USDT,0.06889,52.0,0.06888,1259.0,0.06894,6.0,0.06895,97.0
1753533295769,12:34:55.769,CHILLGUY/USDT:USDT,0.06889,52.0,0.06888,544.0,0.06894,6.0,0.06895,211.0
1753533296502,12:34:56.502,CHILLGUY/USDT:USDT,0.06889,149.0,0.06888,544.0,0.06894,6.0,0.06895,97.0
1753533296795,12:34:56.795,CHILLGUY/USDT:USDT,0.0689,97.0,0.06889,149.0,0.06894,6.0,0.06898,96.0
1753533296945,12:34:56.945,CHILLGUY/USDT:USDT,0.0689,97.0,0.06889,149.0,0.06897,20.0,0.06898,96.0
1753533296993,12:34:56.993,CHILLGUY/USDT:USDT,0.0689,97.0,0.06889,149.0,0.06897,20.0,0.06898,96.0
1753533297107,12:34:57.107,CHILLGUY/USDT:USDT,0.06889,149.0,0.06888,544.0,0.06896,97.0,0.06897,20.0
1753533297177,12:34:57.177,CHILLGUY/USDT:USDT,0.06889,149.0,0.06888,544.0,0.06895,6.0,0.06896,97.0
1753533297406,12:34:57.406,CHILLGUY/USDT:USDT,0.06889,149.0,0.06888,544.0,0.06895,6.0,0.06896,97.0
1753533297500,12:34:57.500,CHILLGUY/USDT:USDT,0.0689,97.0,0.06889,149.0,0.06895,6.0,0.06896,97.0
1753533298131,12:34:58.131,CHILLGUY/USDT:USDT,0.0689,97.0,0.06889,149.0,0.06895,6.0,0.06896,97.0
1753533298237,12:34:58.237,CHILLGUY/USDT:USDT,0.0689,97.0,0.06889,149.0,0.06895,6.0,0.06896,97.0
1753533298248,12:34:58.248,CHILLGUY/USDT:USDT,0.0689,97.0,0.06889,149.0,0.06895,6.0,0.06896,97.0
1753533298928,12:34:58.928,CHILLGUY/USDT:USDT,0.0689,97.0,0.06889,149.0,0.06895,6.0,0.06898,96.0
1753533299044,12:34:59.044,CHILLGUY/USDT:USDT,0.0689,97.0,0.06889,149.0,0.06897,6.0,0.06898,96.0
1753533299125,12:34:59.125,CHILLGUY/USDT:USDT,0.0689,97.0,0.06889,149.0,0.06897,6.0,0.06898,96.0
1753533299283,12:34:59.283,CHILLGUY/USDT:USDT,0.0689,97.0,0.06889,149.0,0.06897,6.0,0.06898,96.0
1753533299434,12:34:59.434,CHILLGUY/USDT:USDT,0.0689,97.0,0.06889,149.0,0.06897,6.0,0.06898,96.0
1753533299461,12:34:59.461,CHILLGUY/USDT:USDT,0.0689,97.0,0.06889,149.0,0.06897,6.0,0.06898,96.0
1753533299588,12:34:59.588,CHILLGUY/USDT:USDT,0.0689,97.0,0.06889,149.0,0.06897,103.0,0.06898,96.0
1753533300281,12:35:00.281,CHILLGUY/USDT:USDT,0.0689,97.0,0.06889,149.0,0.06896,97.0,0.06897,321.0
1753533300381,12:35:00.381,CHILLGUY/USDT:USDT,0.06889,149.0,0.06888,544.0,0.06895,6.0,0.06896,97.0
1753533300537,12:35:00.537,CHILLGUY/USDT:USDT,0.06889,149.0,0.06888,402.0,0.06895,6.0,0.06896,97.0
1753533300637,12:35:00.637,CHILLGUY/USDT:USDT,0.06889,149.0,0.06888,402.0,0.06895,6.0,0.06896,97.0
1753533300693,12:35:00.693,CHILLGUY/USDT:USDT,0.06889,149.0,0.06888,402.0,0.06895,6.0,0.06896,97.0
1753533301141,12:35:01.141,CHILLGUY/USDT:USDT,0.06889,149.0,0.06888,402.0,0.06895,6.0,0.06896,97.0
1753533301300,12:35:01.300,CHILLGUY/USDT:USDT,0.06889,149.0,0.06888,402.0,0.06895,6.0,0.06896,97.0
1753533301404,12:35:01.404,CHILLGUY/USDT:USDT,0.06889,149.0,0.06888,402.0,0.06895,6.0,0.06896,97.0
1753533301469,12:35:01.469,CHILLGUY/USDT:USDT,0.06889,52.0,0.06888,402.0,0.06895,6.0,0.06896,97.0
1753533301556,12:35:01.556,CHILLGUY/USDT:USDT,0.06889,52.0,0.06888,402.0,0.06895,6.0,0.06896,97.0
1753533301944,12:35:01.944,CHILLGUY/USDT:USDT,0.06889,52.0,0.06888,402.0,0.06895,6.0,0.06896,97.0
1753533301945,12:35:01.945,CHILLGUY/USDT:USDT,0.06889,52.0,0.06888,402.0,0.06895,6.0,0.06896,97.0
1753533302081,12:35:02.081,CHILLGUY/USDT:USDT,0.06889,52.0,0.06888,402.0,0.06895,6.0,0.06896,97.0
1753533302151,12:35:02.151,CHILLGUY/USDT:USDT,0.06889,149.0,0.06888,402.0,0.06895,6.0,0.06896,97.0
1753533302560,12:35:02.560,CHILLGUY/USDT:USDT,0.06889,149.0,0.06888,402.0,0.06895,6.0,0.06896,97.0
1753533302840,12:35:02.840,CHILLGUY/USDT:USDT,0.06889,149.0,0.06888,402.0,0.06895,6.0,0.06896,97.0
1753533303110,12:35:03.110,CHILLGUY/USDT:USDT,0.0689,99.0,0.06889,149.0,0.06895,6.0,0.06897,97.0
1753533303228,12:35:03.228,CHILLGUY/USDT:USDT,0.0689,99.0,0.06889,149.0,0.06896,6.0,0.06898,96.0
1753533303256,12:35:03.256,CHILLGUY/USDT:USDT,0.0689,99.0,0.06889,149.0,0.06897,6.0,0.06898,96.0
1753533303372,12:35:03.372,CHILLGUY/USDT:USDT,0.0689,99.0,0.06889,149.0,0.06897,6.0,0.06898,96.0
1753533303539,12:35:03.539,CHILLGUY/USDT:USDT,0.0689,99.0,0.06889,149.0,0.06897,6.0,0.06898,96.0
1753533303767,12:35:03.767,CHILLGUY/USDT:USDT,0.0689,99.0,0.06889,149.0,0.06897,6.0,0.06898,96.0
1753533303986,12:35:03.986,CHILLGUY/USDT:USDT,0.0689,99.0,0.06889,149.0,0.06897,6.0,0.06898,96.0
1753533305107,12:35:05.107,CHILLGUY/USDT:USDT,0.0689,99.0,0.06889,149.0,0.06897,6.0,0.06898,96.0
1753533305368,12:35:05.368,CHILLGUY/USDT:USDT,0.0689,99.0,0.06889,164.0,0.06897,6.0,0.069,96.0
1753533305471,12:35:05.471,CHILLGUY/USDT:USDT,0.0689,99.0,0.06889,164.0,0.06899,6.0,0.069,96.0
1753533305623,12:35:05.623,CHILLGUY/USDT:USDT,0.0689,99.0,0.06889,164.0,0.06899,105.0,0.069,96.0
1753533306545,12:35:06.545,CHILLGUY/USDT:USDT,0.0689,99.0,0.06889,164.0,0.06899,105.0,0.069,96.0
1753533306548,12:35:06.548,CHILLGUY/USDT:USDT,0.0689,99.0,0.06889,164.0,0.06899,105.0,0.069,96.0
1753533306713,12:35:06.713,CHILLGUY/USDT:USDT,0.0689,99.0,0.06889,164.0,0.06899,105.0,0.069,96.0
1753533306925,12:35:06.925,CHILLGUY/USDT:USDT,0.0689,99.0,0.06889,164.0,0.06899,105.0,0.069,96.0
1753533307401,12:35:07.401,CHILLGUY/USDT:USDT,0.0689,99.0,0.06889,164.0,0.06899,105.0,0.069,96.0
1753533308071,12:35:08.071,CHILLGUY/USDT:USDT,0.06891,99.0,0.0689,114.0,0.06899,6.0,0.06902,97.0
1753533308169,12:35:08.169,CHILLGUY/USDT:USDT,0.06891,99.0,0.0689,114.0,0.06901,6.0,0.06902,97.0
1753533308320,12:35:08.320,CHILLGUY/USDT:USDT,0.06893,99.0,0.06892,153.0,0.069,99.0,0.06901,22.0
1753533308430,12:35:08.430,CHILLGUY/USDT:USDT,0.06893,99.0,0.06892,153.0,0.06899,6.0,0.069,99.0
1753533308845,12:35:08.845,CHILLGUY/USDT:USDT,0.06893,99.0,0.06892,153.0,0.06899,105.0,0.069,208.0
1753533308848,12:35:08.848,CHILLGUY/USDT:USDT,0.06893,99.0,0.06892,153.0,0.06899,105.0,0.069,208.0
1753533308947,12:35:08.947,CHILLGUY/USDT:USDT,0.06893,99.0,0.06892,153.0,0.06899,105.0,0.069,208.0
1753533309053,12:35:09.053,CHILLGUY/USDT:USDT,0.06893,99.0,0.06892,153.0,0.06899,105.0,0.069,208.0
1753533309701,12:35:09.701,CHILLGUY/USDT:USDT,0.06893,99.0,0.06892,153.0,0.06899,105.0,0.069,208.0
1753533310291,12:35:10.291,CHILLGUY/USDT:USDT,0.06892,54.0,0.06891,99.0,0.06898,115.0,0.06899,307.0
1753533310354,12:35:10.354,CHILLGUY/USDT:USDT,0.06892,54.0,0.06891,99.0,0.06897,6.0,0.06898,115.0
1753533310518,12:35:10.518,CHILLGUY/USDT:USDT,0.06892,54.0,0.06891,99.0,0.06897,105.0,0.06898,115.0
1753533311837,12:35:11.837,CHILLGUY/USDT:USDT,0.06892,54.0,0.0689,99.0,0.06897,105.0,0.06898,115.0
1753533312109,12:35:12.109,CHILLGUY/USDT:USDT,0.06892,27.0,0.0689,99.0,0.06897,105.0,0.06898,115.0
1753533312793,12:35:12.793,CHILLGUY/USDT:USDT,0.06892,27.0,0.0689,99.0,0.06897,121.0,0.06898,317.0
1753533313996,12:35:13.996,CHILLGUY/USDT:USDT,0.06892,27.0,0.06889,97.0,0.06897,121.0,0.06898,317.0
1753533314229,12:35:14.229,CHILLGUY/USDT:USDT,0.06892,27.0,0.06891,109.0,0.06897,121.0,0.06898,317.0
1753533314314,12:35:14.314,CHILLGUY/USDT:USDT,0.06892,27.0,0.06891,109.0,0.06897,121.0,0.06898,317.0
1753533314842,12:35:14.842,CHILLGUY/USDT:USDT,0.06892,27.0,0.06891,109.0,0.06897,121.0,0.06898,317.0
1753533315031,12:35:15.031,CHILLGUY/USDT:USDT,0.06889,4304.0,0.06888,5282.0,0.06896,98.0,0.06897,121.0
1753533315089,12:35:15.089,CHILLGUY/USDT:USDT,0.06889,97.0,0.06888,109.0,0.06895,6.0,0.06896,98.0
1753533315234,12:35:15.234,CHILLGUY/USDT:USDT,0.06889,97.0,0.06888,109.0,0.06895,6.0,0.06896,98.0
1753533315299,12:35:15.299,CHILLGUY/USDT:USDT,0.06889,97.0,0.06888,109.0,0.06895,22.0,0.06896,300.0
1753533315421,12:35:15.421,CHILLGUY/USDT:USDT,0.06888,109.0,0.06887,1139.0,0.06895,22.0,0.06896,300.0
1753533315469,12:35:15.469,CHILLGUY/USDT:USDT,0.06888,109.0,0.06887,1139.0,0.06894,114.0,0.06895,224.0
1753533315628,12:35:15.628,CHILLGUY/USDT:USDT,0.06888,109.0,0.06887,97.0,0.06893,6.0,0.06894,114.0
1753533315709,12:35:15.709,CHILLGUY/USDT:USDT,0.06888,109.0,0.06887,97.0,0.06893,6.0,0.06894,114.0
1753533315752,12:35:15.752,CHILLGUY/USDT:USDT,0.06889,2.0,0.06888,109.0,0.06893,6.0,0.06894,114.0
1753533316091,12:35:16.091,CHILLGUY/USDT:USDT,0.06889,2.0,0.06888,109.0,0.06893,6.0,0.06894,114.0
1753533316154,12:35:16.154,CHILLGUY/USDT:USDT,0.06889,2.0,0.06888,109.0,0.06893,6.0,0.06894,114.0
1753533316517,12:35:16.517,CHILLGUY/USDT:USDT,0.06889,2.0,0.06888,109.0,0.06893,6.0,0.06894,114.0
1753533317066,12:35:17.066,CHILLGUY/USDT:USDT,0.06889,100.0,0.06888,109.0,0.06893,6.0,0.06894,16.0
1753533317168,12:35:17.168,CHILLGUY/USDT:USDT,0.06889,100.0,0.06888,109.0,0.06894,22.0,0.06895,218.0
1753533317342,12:35:17.342,CHILLGUY/USDT:USDT,0.06889,100.0,0.06888,109.0,0.06894,22.0,0.06895,218.0
1753533317839,12:35:17.839,CHILLGUY/USDT:USDT,0.06889,100.0,0.06888,109.0,0.06894,22.0,0.06895,218.0
1753533318940,12:35:18.940,CHILLGUY/USDT:USDT,0.06889,132.0,0.06888,109.0,0.06894,22.0,0.06895,218.0
1753533318949,12:35:18.949,CHILLGUY/USDT:USDT,0.06889,132.0,0.06888,109.0,0.06894,6.0,0.06895,16.0
1753533319068,12:35:19.068,CHILLGUY/USDT:USDT,0.06889,159.0,0.06888,109.0,0.06895,22.0,0.06896,300.0
1753533319363,12:35:19.363,CHILLGUY/USDT:USDT,0.06889,159.0,0.06888,109.0,0.06895,22.0,0.06896,300.0
1753533320063,12:35:20.063,CHILLGUY/USDT:USDT,0.06889,159.0,0.06888,109.0,0.06895,22.0,0.06896,300.0
1753533320188,12:35:20.188,CHILLGUY/USDT:USDT,0.06889,159.0,0.06888,109.0,0.06895,22.0,0.06896,300.0
1753533320328,12:35:20.328,CHILLGUY/USDT:USDT,0.0689,125.0,0.06889,350.0,0.06895,6.0,0.06896,98.0
1753533320383,12:35:20.383,CHILLGUY/USDT:USDT,0.0689,125.0,0.06889,348.0,0.06895,6.0,0.06896,207.0
1753533320496,12:35:20.496,CHILLGUY/USDT:USDT,0.0689,125.0,0.06889,348.0,0.06895,6.0,0.06896,207.0
1753533320841,12:35:20.841,CHILLGUY/USDT:USDT,0.0689,125.0,0.06889,316.0,0.06895,6.0,0.06896,98.0
1753533321010,12:35:21.010,CHILLGUY/USDT:USDT,0.0689,125.0,0.06889,316.0,0.06895,6.0,0.06896,98.0
1753533322072,12:35:22.072,CHILLGUY/USDT:USDT,0.0689,125.0,0.06889,316.0,0.06895,6.0,0.06896,207.0
1753533322428,12:35:22.428,CHILLGUY/USDT:USDT,0.0689,125.0,0.06889,316.0,0.06893,1.0,0.06895,6.0
1753533322517,12:35:22.517,CHILLGUY/USDT:USDT,0.0689,125.0,0.06889,316.0,0.06895,6.0,0.06896,98.0
1753533322631,12:35:22.631,CHILLGUY/USDT:USDT,0.0689,125.0,0.06889,316.0,0.06895,6.0,0.06896,98.0
1753533322669,12:35:22.669,CHILLGUY/USDT:USDT,0.0689,125.0,0.06889,316.0,0.06895,6.0,0.06898,99.0
1753533322771,12:35:22.771,CHILLGUY/USDT:USDT,0.0689,125.0,0.06889,316.0,0.06897,22.0,0.06898,99.0
1753533322921,12:35:22.921,CHILLGUY/USDT:USDT,0.0689,125.0,0.06889,316.0,0.06896,98.0,0.06897,22.0
1753533322974,12:35:22.974,CHILLGUY/USDT:USDT,0.0689,27.0,0.06889,316.0,0.06895,6.0,0.06896,98.0
1753533323047,12:35:23.047,CHILLGUY/USDT:USDT,0.0689,27.0,0.06889,316.0,0.06895,6.0,0.06896,98.0
1753533323838,12:35:23.838,CHILLGUY/USDT:USDT,0.0689,27.0,0.06889,316.0,0.06895,6.0,0.06896,98.0
1753533323866,12:35:23.866,CHILLGUY/USDT:USDT,0.0689,27.0,0.06889,316.0,0.06895,6.0,0.06896,98.0
1753533324329,12:35:24.329,CHILLGUY/USDT:USDT,0.0689,27.0,0.06889,316.0,0.06895,6.0,0.06898,99.0
1753533324410,12:35:24.410,CHILLGUY/USDT:USDT,0.0689,27.0,0.06889,316.0,0.06897,38.0,0.06898,99.0
1753533324518,12:35:24.518,CHILLGUY/USDT:USDT,0.0689,123.0,0.06889,316.0,0.06897,134.0,0.06898,99.0
1753533324685,12:35:24.685,CHILLGUY/USDT:USDT,0.0689,123.0,0.06889,316.0,0.06897,134.0,0.06898,99.0
1753533324845,12:35:24.845,CHILLGUY/USDT:USDT,0.0689,123.0,0.06889,316.0,0.06897,134.0,0.069,99.0
1753533324943,12:35:24.943,CHILLGUY/USDT:USDT,0.0689,123.0,0.06889,316.0,0.06896,96.0,0.06897,134.0
1753533324986,12:35:24.986,CHILLGUY/USDT:USDT,0.0689,123.0,0.06889,316.0,0.06895,6.0,0.06896,96.0
1753533325100,12:35:25.100,CHILLGUY/USDT:USDT,0.0689,123.0,0.06889,316.0,0.06895,6.0,0.06896,96.0
1753533325917,12:35:25.917,CHILLGUY/USDT:USDT,0.0689,123.0,0.06889,316.0,0.06895,6.0,0.06896,96.0
1753533326333,12:35:26.333,CHILLGUY/USDT:USDT,0.0689,123.0,0.06889,316.0,0.06895,6.0,0.06896,96.0
1753533326601,12:35:26.601,CHILLGUY/USDT:USDT,0.0689,123.0,0.06889,316.0,0.06895,6.0,0.06896,96.0
1753533326844,12:35:26.844,CHILLGUY/USDT:USDT,0.0689,123.0,0.06889,316.0,0.06895,6.0,0.06896,96.0
1753533327132,12:35:27.132,CHILLGUY/USDT:USDT,0.0689,27.0,0.06889,316.0,0.06895,6.0,0.06896,205.0
1753533327170,12:35:27.170,CHILLGUY/USDT:USDT,0.0689,27.0,0.06889,316.0,0.06895,6.0,0.06896,205.0
1753533327323,12:35:27.323,CHILLGUY/USDT:USDT,0.0689,27.0,0.06889,316.0,0.06895,102.0,0.06896,205.0
1753533329840,12:35:29.840,CHILLGUY/USDT:USDT,0.0689,27.0,0.06889,316.0,0.06895,102.0,0.06896,205.0
1753533331568,12:35:31.568,CHILLGUY/USDT:USDT,0.0689,27.0,0.06889,3678.0,0.06895,102.0,0.06896,205.0
1753533332602,12:35:32.602,CHILLGUY/USDT:USDT,0.0689,123.0,0.06889,3678.0,0.06895,6.0,0.06896,205.0
1753533332725,12:35:32.725,CHILLGUY/USDT:USDT,0.06891,96.0,0.0689,123.0,0.06895,6.0,0.06896,109.0
1753533332840,12:35:32.840,CHILLGUY/USDT:USDT,0.06891,96.0,0.0689,123.0,0.06895,6.0,0.06896,109.0
1753533332848,12:35:32.848,CHILLGUY/USDT:USDT,0.06891,121.0,0.0689,232.0,0.06895,6.0,0.06896,109.0
1753533335842,12:35:35.842,CHILLGUY/USDT:USDT,0.06891,121.0,0.0689,232.0,0.06895,6.0,0.06896,109.0
1753533335861,12:35:35.861,CHILLGUY/USDT:USDT,0.0689,123.0,0.06889,3651.0,0.06895,6.0,0.06896,109.0
1753533335967,12:35:35.967,CHILLGUY/USDT:USDT,0.0689,123.0,0.06889,289.0,0.06895,6.0,0.06896,109.0
1753533337528,12:35:37.528,CHILLGUY/USDT:USDT,0.06889,98.0,0.06887,4132.0,0.06895,104.0,0.06896,109.0
1753533337569,12:35:37.569,CHILLGUY/USDT:USDT,0.06888,123.0,0.06887,4157.0,0.06895,104.0,0.06896,109.0
1753533337689,12:35:37.689,CHILLGUY/USDT:USDT,0.06888,123.0,0.06887,122.0,0.06895,104.0,0.06896,109.0
1753533338318,12:35:38.318,CHILLGUY/USDT:USDT,0.06889,98.0,0.06888,123.0,0.06895,6.0,0.06897,16.0
1753533338538,12:35:38.538,CHILLGUY/USDT:USDT,0.06889,98.0,0.06888,123.0,0.06897,132.0,0.06899,6.0
1753533338552,12:35:38.552,CHILLGUY/USDT:USDT,0.06889,98.0,0.06888,123.0,0.06896,6.0,0.06897,132.0
1753533338839,12:35:38.839,CHILLGUY/USDT:USDT,0.0689,109.0,0.06889,98.0,0.06896,6.0,0.06897,132.0
1753533339129,12:35:39.129,CHILLGUY/USDT:USDT,0.06891,98.0,0.0689,109.0,0.06896,6.0,0.06897,132.0
1753533339168,12:35:39.168,CHILLGUY/USDT:USDT,0.06891,98.0,0.0689,109.0,0.06896,6.0,0.06897,132.0
1753533340013,12:35:40.013,CHILLGUY/USDT:USDT,0.06891,98.0,0.0689,109.0,0.06896,6.0,0.06897,132.0
1753533340191,12:35:40.191,CHILLGUY/USDT:USDT,0.06891,98.0,0.0689,109.0,0.06896,6.0,0.06897,132.0
1753533340335,12:35:40.335,CHILLGUY/USDT:USDT,0.06892,98.0,0.06891,123.0,0.06896,6.0,0.069,99.0
1753533340442,12:35:40.442,CHILLGUY/USDT:USDT,0.06892,98.0,0.06891,123.0,0.06899,42.0,0.069,99.0
1753533340513,12:35:40.513,CHILLGUY/USDT:USDT,0.06892,98.0,0.06891,123.0,0.06898,98.0,0.06899,42.0
1753533340558,12:35:40.558,CHILLGUY/USDT:USDT,0.06892,98.0,0.06891,123.0,0.06897,6.0,0.06898,98.0
1753533340671,12:35:40.671,CHILLGUY/USDT:USDT,0.06892,98.0,0.06891,123.0,0.06897,6.0,0.06898,98.0
1753533340852,12:35:40.852,CHILLGUY/USDT:USDT,0.06892,98.0,0.06891,123.0,0.06897,6.0,0.06898,98.0
1753533341092,12:35:41.092,CHILLGUY/USDT:USDT,0.06892,98.0,0.06891,123.0,0.06897,6.0,0.069,99.0
1753533341241,12:35:41.241,CHILLGUY/USDT:USDT,0.06892,98.0,0.06891,123.0,0.06899,6.0,0.069,99.0
1753533341337,12:35:41.337,CHILLGUY/USDT:USDT,0.06892,98.0,0.06891,123.0,0.06899,6.0,0.069,208.0
1753533341486,12:35:41.486,CHILLGUY/USDT:USDT,0.06892,98.0,0.06891,123.0,0.06899,104.0,0.069,208.0
1753533342075,12:35:42.075,CHILLGUY/USDT:USDT,0.06892,98.0,0.06891,123.0,0.06899,104.0,0.069,208.0
1753533342276,12:35:42.276,CHILLGUY/USDT:USDT,0.06892,98.0,0.06891,123.0,0.06899,104.0,0.069,208.0
1753533344842,12:35:44.842,CHILLGUY/USDT:USDT,0.06894,25.0,0.06893,302.0,0.06899,104.0,0.069,208.0
1753533345689,12:35:45.689,CHILLGUY/USDT:USDT,0.06894,25.0,0.06893,302.0,0.06899,104.0,0.069,208.0
1753533346650,12:35:46.650,CHILLGUY/USDT:USDT,0.06894,25.0,0.06893,302.0,0.06899,104.0,0.069,208.0
1753533346945,12:35:46.945,CHILLGUY/USDT:USDT,0.06891,849.0,0.0689,3362.0,0.06898,97.0,0.06899,104.0
1753533347031,12:35:47.031,CHILLGUY/USDT:USDT,0.06891,98.0,0.06889,600.0,0.06897,42.0,0.06898,297.0
1753533347049,12:35:47.049,CHILLGUY/USDT:USDT,0.06891,98.0,0.06889,1078.0,0.06897,42.0,0.06898,297.0
1753533347186,12:35:47.186,CHILLGUY/USDT:USDT,0.06891,98.0,0.06889,1078.0,0.06897,42.0,0.06898,297.0
1753533347588,12:35:47.588,CHILLGUY/USDT:USDT,0.06891,98.0,0.0689,218.0,0.06897,139.0,0.06898,297.0
1753533348129,12:35:48.129,CHILLGUY/USDT:USDT,0.06891,98.0,0.0689,218.0,0.06897,139.0,0.06898,297.0
1753533348634,12:35:48.634,CHILLGUY/USDT:USDT,0.06891,98.0,0.0689,218.0,0.06897,139.0,0.06898,297.0
1753533348807,12:35:48.807,CHILLGUY/USDT:USDT,0.06891,98.0,0.0689,218.0,0.06897,139.0,0.06898,297.0
1753533349149,12:35:49.149,CHILLGUY/USDT:USDT,0.06891,98.0,0.0689,218.0,0.06897,139.0,0.06898,297.0
1753533350634,12:35:50.634,CHILLGUY/USDT:USDT,0.06891,98.0,0.0689,218.0,0.06897,6.0,0.06899,98.0
1753533350708,12:35:50.708,CHILLGUY/USDT:USDT,0.06891,98.0,0.0689,218.0,0.06898,6.0,0.06899,98.0
1753533350843,12:35:50.843,CHILLGUY/USDT:USDT,0.06891,98.0,0.0689,218.0,0.06898,6.0,0.06899,207.0
1753533350982,12:35:50.982,CHILLGUY/USDT:USDT,0.06891,98.0,0.0689,218.0,0.06898,24.0,0.06899,207.0
1753533351343,12:35:51.343,CHILLGUY/USDT:USDT,0.06891,98.0,0.0689,218.0,0.06898,121.0,0.06899,207.0
1753533352181,12:35:52.181,CHILLGUY/USDT:USDT,0.06891,98.0,0.0689,218.0,0.06898,121.0,0.06899,207.0
1753533352528,12:35:52.528,CHILLGUY/USDT:USDT,0.06891,98.0,0.0689,233.0,0.06898,6.0,0.069,99.0
1753533352559,12:35:52.559,CHILLGUY/USDT:USDT,0.06891,98.0,0.0689,233.0,0.06899,6.0,0.069,99.0
1753533353003,12:35:53.003,CHILLGUY/USDT:USDT,0.06891,98.0,0.0689,233.0,0.06899,6.0,0.069,99.0
1753533353194,12:35:53.194,CHILLGUY/USDT:USDT,0.06892,97.0,0.06891,98.0,0.06899,6.0,0.069,99.0
1753533353345,12:35:53.345,CHILLGUY/USDT:USDT,0.06891,98.0,0.0689,233.0,0.06899,6.0,0.069,99.0
1753533353355,12:35:53.355,CHILLGUY/USDT:USDT,0.06891,98.0,0.0689,233.0,0.06899,103.0,0.069,99.0
1753533353839,12:35:53.839,CHILLGUY/USDT:USDT,0.06893,109.0,0.06891,98.0,0.06899,6.0,0.069,99.0
1753533353849,12:35:53.849,CHILLGUY/USDT:USDT,0.06893,134.0,0.06892,193.0,0.06899,6.0,0.069,208.0
1753533354373,12:35:54.373,CHILLGUY/USDT:USDT,0.06893,134.0,0.06892,193.0,0.06899,6.0,0.069,208.0
1753533354705,12:35:54.705,CHILLGUY/USDT:USDT,0.06893,134.0,0.06892,193.0,0.06899,6.0,0.069,208.0
1753533355036,12:35:55.036,CHILLGUY/USDT:USDT,0.06893,134.0,0.06892,193.0,0.06899,103.0,0.069,317.0
1753533356244,12:35:56.244,CHILLGUY/USDT:USDT,0.06893,149.0,0.06892,193.0,0.06899,103.0,0.069,317.0
1753533356249,12:35:56.249,CHILLGUY/USDT:USDT,0.06893,134.0,0.06892,193.0,0.06899,103.0,0.069,317.0
1753533356839,12:35:56.839,CHILLGUY/USDT:USDT,0.06893,134.0,0.06892,193.0,0.06899,103.0,0.069,317.0
1753533357836,12:35:57.836,CHILLGUY/USDT:USDT,0.06894,97.0,0.06893,134.0,0.06899,6.0,0.069,317.0
1753533357938,12:35:57.938,CHILLGUY/USDT:USDT,0.06894,97.0,0.06893,134.0,0.06899,6.0,0.069,317.0
1753533357948,12:35:57.948,CHILLGUY/USDT:USDT,0.06894,97.0,0.06893,134.0,0.06899,6.0,0.069,317.0
1753533359837,12:35:59.837,CHILLGUY/USDT:USDT,0.06894,97.0,0.06893,134.0,0.06899,6.0,0.069,317.0
1753533359893,12:35:59.893,CHILLGUY/USDT:USDT,0.06894,97.0,0.06893,134.0,0.06899,6.0,0.069,317.0
1753533360302,12:36:00.302,CHILLGUY/USDT:USDT,0.06894,97.0,0.06893,134.0,0.06899,6.0,0.069,317.0
1753533360597,12:36:00.597,CHILLGUY/USDT:USDT,0.06894,97.0,0.06893,134.0,0.06899,6.0,0.069,317.0
1753533360831,12:36:00.831,CHILLGUY/USDT:USDT,0.06894,97.0,0.06893,134.0,0.06899,6.0,0.069,109.0
1753533360907,12:36:00.907,CHILLGUY/USDT:USDT,0.06894,97.0,0.06893,134.0,0.06899,6.0,0.06903,97.0
1753533361027,12:36:01.027,CHILLGUY/USDT:USDT,0.06894,97.0,0.06893,134.0,0.06902,6.0,0.06903,97.0
1753533361128,12:36:01.128,CHILLGUY/USDT:USDT,0.06894,97.0,0.06893,134.0,0.06902,6.0,0.06903,97.0
1753533361582,12:36:01.582,CHILLGUY/USDT:USDT,0.06894,97.0,0.06893,134.0,0.06902,6.0,0.06903,97.0
1753533361734,12:36:01.734,CHILLGUY/USDT:USDT,0.06894,97.0,0.06893,134.0,0.06902,6.0,0.06903,97.0
1753533361832,12:36:01.832,CHILLGUY/USDT:USDT,0.06894,97.0,0.06893,149.0,0.06902,6.0,0.06904,96.0
1753533361891,12:36:01.891,CHILLGUY/USDT:USDT,0.06894,97.0,0.06893,134.0,0.06902,129.0,0.06903,103.0
1753533361976,12:36:01.976,CHILLGUY/USDT:USDT,0.06894,97.0,0.06893,134.0,0.06901,103.0,0.06902,129.0
1753533362073,12:36:02.073,CHILLGUY/USDT:USDT,0.06894,97.0,0.06893,134.0,0.06901,103.0,0.06902,129.0
1753533362243,12:36:02.243,CHILLGUY/USDT:USDT,0.06895,2.0,0.06894,97.0,0.06901,103.0,0.06902,129.0
1753533362378,12:36:02.378,CHILLGUY/USDT:USDT,0.06895,2.0,0.06894,97.0,0.06901,103.0,0.06902,129.0
1753533362530,12:36:02.530,CHILLGUY/USDT:USDT,0.06895,2.0,0.06894,97.0,0.06901,103.0,0.06902,129.0
1753533362717,12:36:02.717,CHILLGUY/USDT:USDT,0.06895,2.0,0.06894,97.0,0.06901,103.0,0.06902,129.0
1753533362844,12:36:02.844,CHILLGUY/USDT:USDT,0.06895,2.0,0.06894,97.0,0.06901,103.0,0.06902,129.0
1753533362873,12:36:02.873,CHILLGUY/USDT:USDT,0.06895,2.0,0.06894,97.0,0.06901,103.0,0.06902,129.0
1753533363021,12:36:03.021,CHILLGUY/USDT:USDT,0.06895,2.0,0.06894,97.0,0.06901,103.0,0.06902,129.0
1753533363424,12:36:03.424,CHILLGUY/USDT:USDT,0.06895,2.0,0.06894,97.0,0.06901,103.0,0.06902,129.0
1753533363589,12:36:03.589,CHILLGUY/USDT:USDT,0.06895,2.0,0.06894,97.0,0.069,99.0,0.06901,103.0
1753533363661,12:36:03.661,CHILLGUY/USDT:USDT,0.06895,2.0,0.06894,97.0,0.06899,6.0,0.069,99.0
1753533364042,12:36:04.042,CHILLGUY/USDT:USDT,0.06895,2.0,0.06894,97.0,0.06899,6.0,0.06901,97.0
1753533364052,12:36:04.052,CHILLGUY/USDT:USDT,0.06895,2.0,0.06894,97.0,0.069,6.0,0.06901,97.0
1753533364570,12:36:04.570,CHILLGUY/USDT:USDT,0.06895,2.0,0.06894,97.0,0.069,6.0,0.06901,97.0
1753533365840,12:36:05.840,CHILLGUY/USDT:USDT,0.06895,2.0,0.06894,97.0,0.069,6.0,0.06901,97.0
1753533365950,12:36:05.950,CHILLGUY/USDT:USDT,0.06895,2.0,0.06894,97.0,0.069,6.0,0.06901,97.0
1753533366360,12:36:06.360,CHILLGUY/USDT:USDT,0.06895,2.0,0.06894,97.0,0.069,6.0,0.06901,97.0
1753533366632,12:36:06.632,CHILLGUY/USDT:USDT,0.06895,2.0,0.06894,97.0,0.069,6.0,0.06901,97.0
1753533366704,12:36:06.704,CHILLGUY/USDT:USDT,0.06895,2.0,0.06894,97.0,0.069,6.0,0.06901,97.0
1753533366943,12:36:06.943,CHILLGUY/USDT:USDT,0.06895,2.0,0.06894,97.0,0.069,6.0,0.06901,97.0
1753533367012,12:36:07.012,CHILLGUY/USDT:USDT,0.06895,2.0,0.06894,97.0,0.069,105.0,0.06901,97.0
1753533367312,12:36:07.312,CHILLGUY/USDT:USDT,0.06895,2.0,0.06894,97.0,0.069,105.0,0.06901,97.0
1753533367442,12:36:07.442,CHILLGUY/USDT:USDT,0.06895,2.0,0.06894,97.0,0.069,105.0,0.06901,97.0
1753533368115,12:36:08.115,CHILLGUY/USDT:USDT,0.06895,2.0,0.06894,97.0,0.069,105.0,0.06901,97.0
1753533368228,12:36:08.228,CHILLGUY/USDT:USDT,0.06895,2.0,0.06894,97.0,0.069,105.0,0.06901,97.0
1753533368329,12:36:08.329,CHILLGUY/USDT:USDT,0.06895,2.0,0.06894,97.0,0.069,105.0,0.06901,97.0
1753533368845,12:36:08.845,CHILLGUY/USDT:USDT,0.06895,2.0,0.06894,97.0,0.069,105.0,0.06901,97.0
1753533369035,12:36:09.035,CHILLGUY/USDT:USDT,0.06895,2.0,0.06894,97.0,0.069,6.0,0.06901,97.0
1753533369112,12:36:09.112,CHILLGUY/USDT:USDT,0.06895,2.0,0.06894,97.0,0.069,6.0,0.06901,97.0
1753533369230,12:36:09.230,CHILLGUY/USDT:USDT,0.06895,2.0,0.06894,97.0,0.069,6.0,0.06901,97.0
1753533369267,12:36:09.267,CHILLGUY/USDT:USDT,0.06895,2.0,0.06894,97.0,0.069,6.0,0.06901,97.0
1753533369382,12:36:09.382,CHILLGUY/USDT:USDT,0.06895,2.0,0.06894,97.0,0.069,105.0,0.06901,97.0
1753533370743,12:36:10.743,CHILLGUY/USDT:USDT,0.06895,101.0,0.06894,97.0,0.069,6.0,0.06902,97.0
1753533370845,12:36:10.845,CHILLGUY/USDT:USDT,0.06894,97.0,0.06893,149.0,0.06901,6.0,0.06902,97.0
1753533370868,12:36:10.868,CHILLGUY/USDT:USDT,0.06895,99.0,0.06894,216.0,0.06901,6.0,0.06902,97.0
1753533370958,12:36:10.958,CHILLGUY/USDT:USDT,0.06896,150.0,0.06895,485.0,0.06901,6.0,0.06902,97.0
1753533371244,12:36:11.244,CHILLGUY/USDT:USDT,0.06896,157.0,0.06895,485.0,0.06902,97.0,0.06903,97.0
1753533371332,12:36:11.332,CHILLGUY/USDT:USDT,0.06897,103.0,0.06896,157.0,0.06901,2.0,0.06903,97.0
1753533371371,12:36:11.371,CHILLGUY/USDT:USDT,0.06898,3.0,0.06897,103.0,0.06905,99.0,0.06906,128.0
1753533371521,12:36:11.521,CHILLGUY/USDT:USDT,0.06898,3.0,0.06897,103.0,0.06905,99.0,0.06906,128.0
1753533371642,12:36:11.642,CHILLGUY/USDT:USDT,0.06898,3.0,0.06897,103.0,0.06905,99.0,0.06906,128.0
1753533371841,12:36:11.841,CHILLGUY/USDT:USDT,0.06898,3.0,0.06897,103.0,0.06905,99.0,0.06906,128.0
1753533371937,12:36:11.937,CHILLGUY/USDT:USDT,0.06898,3.0,0.06897,103.0,0.06905,99.0,0.06906,128.0
1753533371959,12:36:11.959,CHILLGUY/USDT:USDT,0.06898,3.0,0.06897,103.0,0.06905,99.0,0.06906,128.0
1753533372091,12:36:12.091,CHILLGUY/USDT:USDT,0.06898,109.0,0.06897,103.0,0.06905,99.0,0.06906,128.0
1753533372162,12:36:12.162,CHILLGUY/USDT:USDT,0.06899,4.0,0.06898,109.0,0.06905,99.0,0.06906,128.0
1753533372308,12:36:12.308,CHILLGUY/USDT:USDT,0.06899,54.0,0.06898,494.0,0.06905,99.0,0.06906,128.0
1753533372388,12:36:12.388,CHILLGUY/USDT:USDT,0.06899,54.0,0.06898,487.0,0.06905,99.0,0.06906,128.0
1753533372662,12:36:12.662,CHILLGUY/USDT:USDT,0.06899,54.0,0.06898,487.0,0.06905,99.0,0.06906,128.0
1753533372889,12:36:12.889,CHILLGUY/USDT:USDT,0.06899,54.0,0.06898,487.0,0.06905,99.0,0.06906,128.0
1753533373303,12:36:13.303,CHILLGUY/USDT:USDT,0.06899,54.0,0.06898,487.0,0.06905,99.0,0.06906,128.0
1753533374831,12:36:14.831,CHILLGUY/USDT:USDT,0.06899,54.0,0.06898,487.0,0.06905,99.0,0.06906,128.0
1753533375640,12:36:15.640,CHILLGUY/USDT:USDT,0.06899,150.0,0.06898,487.0,0.06905,99.0,0.06906,128.0
1753533375654,12:36:15.654,CHILLGUY/USDT:USDT,0.069,2.0,0.06899,150.0,0.06905,99.0,0.06906,128.0
1753533375768,12:36:15.768,CHILLGUY/USDT:USDT,0.069,2.0,0.06899,150.0,0.06905,99.0,0.06906,128.0
1753533375947,12:36:15.947,CHILLGUY/USDT:USDT,0.069,2.0,0.06899,150.0,0.06905,99.0,0.06906,128.0
1753533376131,12:36:16.131,CHILLGUY/USDT:USDT,0.069,2.0,0.06899,150.0,0.06905,99.0,0.06906,128.0
1753533377008,12:36:17.008,CHILLGUY/USDT:USDT,0.069,2.0,0.06899,150.0,0.06905,99.0,0.06906,128.0
1753533377324,12:36:17.324,CHILLGUY/USDT:USDT,0.069,2.0,0.06899,150.0,0.06905,99.0,0.06906,128.0
1753533377841,12:36:17.841,CHILLGUY/USDT:USDT,0.069,2.0,0.06899,150.0,0.06905,99.0,0.06906,112.0
1753533378829,12:36:18.829,CHILLGUY/USDT:USDT,0.069,2.0,0.06899,150.0,0.06905,99.0,0.06906,112.0
1753533378958,12:36:18.958,CHILLGUY/USDT:USDT,0.069,2.0,0.06899,150.0,0.06905,99.0,0.06906,112.0
1753533379172,12:36:19.172,CHILLGUY/USDT:USDT,0.069,2.0,0.06899,150.0,0.06905,99.0,0.06906,112.0
1753533379408,12:36:19.408,CHILLGUY/USDT:USDT,0.069,98.0,0.06899,150.0,0.06906,112.0,0.06907,98.0
1753533379468,12:36:19.468,CHILLGUY/USDT:USDT,0.06901,4.0,0.069,98.0,0.06906,112.0,0.06907,98.0
1753533380312,12:36:20.312,CHILLGUY/USDT:USDT,0.06901,4.0,0.069,2.0,0.06905,96.0,0.06906,112.0
1753533380354,12:36:20.354,CHILLGUY/USDT:USDT,0.069,6.0,0.06899,146.0,0.06905,96.0,0.06906,112.0
1753533380840,12:36:20.840,CHILLGUY/USDT:USDT,0.069,102.0,0.06899,146.0,0.06907,98.0,0.0691,609.0
1753533381309,12:36:21.309,CHILLGUY/USDT:USDT,0.069,102.0,0.06899,146.0,0.06907,98.0,0.0691,609.0
1753533382326,12:36:22.326,CHILLGUY/USDT:USDT,0.069,102.0,0.06899,146.0,0.06906,96.0,0.06907,130.0
1753533382348,12:36:22.348,CHILLGUY/USDT:USDT,0.069,6.0,0.06899,146.0,0.06906,96.0,0.06907,130.0
1753533382544,12:36:22.544,CHILLGUY/USDT:USDT,0.069,102.0,0.06899,146.0,0.06906,96.0,0.06907,114.0
1753533382631,12:36:22.631,CHILLGUY/USDT:USDT,0.069,102.0,0.06899,146.0,0.06906,96.0,0.06907,98.0
