timestamp,time,symbol,bid1_price,bid1_volume,bid2_price,bid2_volume,ask1_price,ask1_volume,ask2_price,ask2_volume
1753533019000,12:30:19.000,CGPT/USDT:USDT,0.10207,72.0,0.10205,66.0,0.10211,49.0,0.10213,8.0
1753533020081,12:30:20.081,CGPT/USDT:USDT,0.10207,72.0,0.10205,66.0,0.10226,5.0,0.10227,56.0
1753533020163,12:30:20.163,CGPT/USDT:USDT,0.10207,72.0,0.10205,66.0,0.10226,5.0,0.10227,56.0
1753533020280,12:30:20.280,CGPT/USDT:USDT,0.10207,72.0,0.10205,66.0,0.10219,49.0,0.1022,49.0
1753533020339,12:30:20.339,CGPT/USDT:USDT,0.10207,72.0,0.10205,66.0,0.10217,57.0,0.10222,56.0
1753533020609,12:30:20.609,CGPT/USDT:USDT,0.10207,72.0,0.10205,66.0,0.10217,57.0,0.10224,56.0
1753533020707,12:30:20.707,CGPT/USDT:USDT,0.10207,72.0,0.10205,66.0,0.10217,57.0,0.10224,56.0
1753533021020,12:30:21.020,CGPT/USDT:USDT,0.10207,72.0,0.10205,66.0,0.10217,57.0,0.10224,56.0
1753533021128,12:30:21.128,CGPT/USDT:USDT,0.10207,72.0,0.10205,66.0,0.10217,57.0,0.10224,56.0
1753533022191,12:30:22.191,CGPT/USDT:USDT,0.10207,72.0,0.10205,66.0,0.10217,57.0,0.10224,56.0
1753533022201,12:30:22.201,CGPT/USDT:USDT,0.10207,72.0,0.10205,66.0,0.10217,57.0,0.10224,56.0
1753533023394,12:30:23.394,CGPT/USDT:USDT,0.10207,16.0,0.10205,66.0,0.10213,49.0,0.10214,57.0
1753533023480,12:30:23.480,CGPT/USDT:USDT,0.10207,73.0,0.10205,66.0,0.10212,49.0,0.10214,8.0
1753533023562,12:30:23.562,CGPT/USDT:USDT,0.10207,73.0,0.10205,66.0,0.10212,49.0,0.10214,8.0
1753533023643,12:30:23.643,CGPT/USDT:USDT,0.10207,73.0,0.10205,66.0,0.10212,49.0,0.10214,8.0
1753533023764,12:30:23.764,CGPT/USDT:USDT,0.10207,130.0,0.10205,66.0,0.10212,49.0,0.10214,8.0
1753533023949,12:30:23.949,CGPT/USDT:USDT,0.10207,130.0,0.10205,56.0,0.10212,49.0,0.10214,8.0
1753533024391,12:30:24.391,CGPT/USDT:USDT,0.10207,130.0,0.10205,56.0,0.10212,49.0,0.10214,8.0
1753533025246,12:30:25.246,CGPT/USDT:USDT,0.10207,130.0,0.10205,56.0,0.10212,49.0,0.10214,8.0
1753533025334,12:30:25.334,CGPT/USDT:USDT,0.10207,130.0,0.10205,56.0,0.10212,49.0,0.10214,8.0
1753533025661,12:30:25.661,CGPT/USDT:USDT,0.10207,130.0,0.10205,56.0,0.10212,49.0,0.10214,8.0
1753533025801,12:30:25.801,CGPT/USDT:USDT,0.10207,130.0,0.10205,56.0,0.10212,49.0,0.10214,8.0
1753533026492,12:30:26.492,CGPT/USDT:USDT,0.10207,130.0,0.10205,56.0,0.10212,49.0,0.10214,8.0
1753533026888,12:30:26.888,CGPT/USDT:USDT,0.10207,130.0,0.10205,56.0,0.10212,49.0,0.10214,8.0
1753533028984,12:30:28.984,CGPT/USDT:USDT,0.10205,64.0,0.10204,26.0,0.10208,49.0,0.10212,57.0
1753533029086,12:30:29.086,CGPT/USDT:USDT,0.10205,157.0,0.10204,26.0,0.10219,105.0,0.1022,105.0
1753533029180,12:30:29.180,CGPT/USDT:USDT,0.10205,250.0,0.10204,26.0,0.10211,49.0,0.10212,49.0
1753533029280,12:30:29.280,CGPT/USDT:USDT,0.10206,10.0,0.10205,250.0,0.10213,8.0,0.10219,56.0
1753533029343,12:30:29.343,CGPT/USDT:USDT,0.10206,10.0,0.10205,250.0,0.10213,8.0,0.10219,56.0
1753533029619,12:30:29.619,CGPT/USDT:USDT,0.10206,10.0,0.10205,250.0,0.10213,8.0,0.1022,56.0
1753533030050,12:30:30.050,CGPT/USDT:USDT,0.10206,10.0,0.10205,250.0,0.10213,8.0,0.1022,56.0
1753533030171,12:30:30.171,CGPT/USDT:USDT,0.10206,10.0,0.10205,250.0,0.10213,8.0,0.1022,56.0
1753533031326,12:30:31.326,CGPT/USDT:USDT,0.10206,10.0,0.10205,250.0,0.10213,8.0,0.1022,56.0
1753533031473,12:30:31.473,CGPT/USDT:USDT,0.10206,10.0,0.10205,250.0,0.10213,8.0,0.1022,56.0
1753533032480,12:30:32.480,CGPT/USDT:USDT,0.10206,10.0,0.10205,250.0,0.10213,8.0,0.1022,56.0
1753533032501,12:30:32.501,CGPT/USDT:USDT,0.10206,10.0,0.10205,250.0,0.10213,8.0,0.1022,56.0
1753533032638,12:30:32.638,CGPT/USDT:USDT,0.10206,10.0,0.10205,250.0,0.10213,8.0,0.10222,56.0
1753533032859,12:30:32.859,CGPT/USDT:USDT,0.10206,10.0,0.10205,64.0,0.10213,8.0,0.10222,56.0
1753533032931,12:30:32.931,CGPT/USDT:USDT,0.10206,208.0,0.10205,64.0,0.1021,49.0,0.10212,8.0
1753533033084,12:30:33.084,CGPT/USDT:USDT,0.10207,10.0,0.10205,64.0,0.1021,49.0,0.10212,8.0
1753533033121,12:30:33.121,CGPT/USDT:USDT,0.10205,64.0,0.10204,16.0,0.10209,49.0,0.10212,8.0
1753533033441,12:30:33.441,CGPT/USDT:USDT,0.10205,64.0,0.10204,16.0,0.10209,49.0,0.10212,8.0
1753533033643,12:30:33.643,CGPT/USDT:USDT,0.10205,272.0,0.10204,16.0,0.10209,49.0,0.10212,8.0
1753533033709,12:30:33.709,CGPT/USDT:USDT,0.10206,10.0,0.10205,272.0,0.10209,49.0,0.10212,8.0
1753533033861,12:30:33.861,CGPT/USDT:USDT,0.10206,10.0,0.10205,272.0,0.10209,49.0,0.10212,8.0
1753533034091,12:30:34.091,CGPT/USDT:USDT,0.10206,10.0,0.10203,56.0,0.10207,49.0,0.10209,8.0
1753533034184,12:30:34.184,CGPT/USDT:USDT,0.10203,10.0,0.10202,170.0,0.10222,56.0,0.10223,5.0
1753533034285,12:30:34.285,CGPT/USDT:USDT,0.10202,278.0,0.10201,64.0,0.10214,49.0,0.10215,49.0
1753533034340,12:30:34.340,CGPT/USDT:USDT,0.10202,286.0,0.10201,64.0,0.10211,65.0,0.10217,56.0
1753533034707,12:30:34.707,CGPT/USDT:USDT,0.10202,286.0,0.10201,64.0,0.10211,65.0,0.10217,56.0
1753533035155,12:30:35.155,CGPT/USDT:USDT,0.10202,286.0,0.10201,359.0,0.10211,65.0,0.10217,56.0
1753533035203,12:30:35.203,CGPT/USDT:USDT,0.10202,286.0,0.10201,359.0,0.10211,65.0,0.10217,56.0
1753533035470,12:30:35.470,CGPT/USDT:USDT,0.10202,286.0,0.10201,359.0,0.10211,65.0,0.10218,56.0
1753533035850,12:30:35.850,CGPT/USDT:USDT,0.10202,286.0,0.10201,359.0,0.10211,65.0,0.10218,56.0
1753533036002,12:30:36.002,CGPT/USDT:USDT,0.10202,286.0,0.10201,359.0,0.10211,65.0,0.10218,56.0
1753533036375,12:30:36.375,CGPT/USDT:USDT,0.10202,286.0,0.10201,359.0,0.10211,65.0,0.10218,56.0
1753533036841,12:30:36.841,CGPT/USDT:USDT,0.10202,286.0,0.10201,359.0,0.10211,65.0,0.10218,56.0
1753533037187,12:30:37.187,CGPT/USDT:USDT,0.10202,286.0,0.10201,359.0,0.10211,65.0,0.10218,56.0
1753533037373,12:30:37.373,CGPT/USDT:USDT,0.10202,286.0,0.10201,64.0,0.10211,65.0,0.10218,56.0
1753533038422,12:30:38.422,CGPT/USDT:USDT,0.10202,286.0,0.10201,64.0,0.10211,65.0,0.10217,56.0
1753533038825,12:30:38.825,CGPT/USDT:USDT,0.10202,286.0,0.10201,64.0,0.10211,65.0,0.10217,56.0
1753533039704,12:30:39.704,CGPT/USDT:USDT,0.10202,286.0,0.10201,64.0,0.10211,65.0,0.10217,56.0
1753533039882,12:30:39.882,CGPT/USDT:USDT,0.10202,286.0,0.10201,64.0,0.10211,65.0,0.10217,56.0
1753533040416,12:30:40.416,CGPT/USDT:USDT,0.10202,286.0,0.10201,64.0,0.10211,65.0,0.10217,56.0
1753533041337,12:30:41.337,CGPT/USDT:USDT,0.10202,286.0,0.10201,64.0,0.10211,65.0,0.1022,56.0
1753533042392,12:30:42.392,CGPT/USDT:USDT,0.10202,335.0,0.10201,64.0,0.10211,65.0,0.1022,56.0
1753533042484,12:30:42.484,CGPT/USDT:USDT,0.10202,286.0,0.10201,64.0,0.10211,65.0,0.1022,56.0
1753533042986,12:30:42.986,CGPT/USDT:USDT,0.10202,286.0,0.10201,64.0,0.10209,49.0,0.1021,49.0
1753533043088,12:30:43.088,CGPT/USDT:USDT,0.10202,286.0,0.10201,64.0,0.10219,5.0,0.1022,56.0
1753533043179,12:30:43.179,CGPT/USDT:USDT,0.10202,286.0,0.10201,64.0,0.10213,49.0,0.10214,49.0
1753533043291,12:30:43.291,CGPT/USDT:USDT,0.10202,286.0,0.10201,64.0,0.10207,49.0,0.10208,57.0
1753533043375,12:30:43.375,CGPT/USDT:USDT,0.10202,286.0,0.10201,64.0,0.10207,8.0,0.10208,16.0
1753533043470,12:30:43.470,CGPT/USDT:USDT,0.10202,286.0,0.10201,64.0,0.10207,8.0,0.10208,16.0
1753533043731,12:30:43.731,CGPT/USDT:USDT,0.10202,286.0,0.10201,64.0,0.10207,8.0,0.10208,16.0
1753533044286,12:30:44.286,CGPT/USDT:USDT,0.10202,286.0,0.10201,64.0,0.10207,8.0,0.10208,16.0
1753533044300,12:30:44.300,CGPT/USDT:USDT,0.10202,286.0,0.10201,64.0,0.10206,49.0,0.10207,8.0
1753533044711,12:30:44.711,CGPT/USDT:USDT,0.10202,286.0,0.10201,64.0,0.10206,49.0,0.10207,8.0
1753533045204,12:30:45.204,CGPT/USDT:USDT,0.10202,286.0,0.10201,64.0,0.10206,49.0,0.10207,8.0
1753533045485,12:30:45.485,CGPT/USDT:USDT,0.10202,286.0,0.10201,64.0,0.10206,49.0,0.10207,8.0
1753533045895,12:30:45.895,CGPT/USDT:USDT,0.10202,292.0,0.10201,8.0,0.10206,49.0,0.10207,8.0
1753533045994,12:30:45.994,CGPT/USDT:USDT,0.10202,188.0,0.10201,8.0,0.10205,49.0,0.10207,8.0
1753533046016,12:30:46.016,CGPT/USDT:USDT,0.10202,178.0,0.10201,8.0,0.10205,49.0,0.10207,8.0
1753533046166,12:30:46.166,CGPT/USDT:USDT,0.10202,178.0,0.10201,8.0,0.10205,49.0,0.10207,8.0
1753533046204,12:30:46.204,CGPT/USDT:USDT,0.10202,178.0,0.10201,8.0,0.10205,49.0,0.10207,8.0
1753533046350,12:30:46.350,CGPT/USDT:USDT,0.10202,178.0,0.10201,8.0,0.10205,49.0,0.10207,8.0
1753533046661,12:30:46.661,CGPT/USDT:USDT,0.10202,178.0,0.10201,8.0,0.10205,49.0,0.10207,8.0
1753533047221,12:30:47.221,CGPT/USDT:USDT,0.10202,178.0,0.10201,8.0,0.10205,49.0,0.10207,8.0
1753533047554,12:30:47.554,CGPT/USDT:USDT,0.10202,178.0,0.10201,8.0,0.10205,49.0,0.10207,8.0
1753533048216,12:30:48.216,CGPT/USDT:USDT,0.10202,178.0,0.10201,8.0,0.10205,49.0,0.10207,8.0
1753533049366,12:30:49.366,CGPT/USDT:USDT,0.10202,178.0,0.10201,8.0,0.10217,56.0,0.10219,5.0
1753533049580,12:30:49.580,CGPT/USDT:USDT,0.10202,178.0,0.10201,8.0,0.10217,56.0,0.10219,5.0
1753533049815,12:30:49.815,CGPT/USDT:USDT,0.10202,178.0,0.10201,8.0,0.10217,56.0,0.10219,5.0
1753533050077,12:30:50.077,CGPT/USDT:USDT,0.10202,178.0,0.10201,8.0,0.10217,56.0,0.10219,5.0
1753533050195,12:30:50.195,CGPT/USDT:USDT,0.10202,267.0,0.10201,8.0,0.10217,56.0,0.10219,5.0
1753533050241,12:30:50.241,CGPT/USDT:USDT,0.10203,10.0,0.10202,178.0,0.10213,49.0,0.10217,56.0
1753533050394,12:30:50.394,CGPT/USDT:USDT,0.10202,178.0,0.10201,8.0,0.10207,49.0,0.10208,57.0
1753533050481,12:30:50.481,CGPT/USDT:USDT,0.10202,178.0,0.10201,8.0,0.10217,56.0,0.10219,5.0
1753533050510,12:30:50.510,CGPT/USDT:USDT,0.10202,178.0,0.10201,8.0,0.10217,56.0,0.10219,5.0
1753533050877,12:30:50.877,CGPT/USDT:USDT,0.10202,178.0,0.10201,8.0,0.10212,49.0,0.10213,49.0
1753533050979,12:30:50.979,CGPT/USDT:USDT,0.10202,178.0,0.10201,8.0,0.10207,49.0,0.10209,8.0
1753533051015,12:30:51.015,CGPT/USDT:USDT,0.10202,178.0,0.10201,8.0,0.10206,49.0,0.10209,8.0
1753533051360,12:30:51.360,CGPT/USDT:USDT,0.10202,178.0,0.10201,8.0,0.10206,49.0,0.10209,8.0
1753533051421,12:30:51.421,CGPT/USDT:USDT,0.10202,178.0,0.10201,8.0,0.10206,49.0,0.10209,8.0
1753533051797,12:30:51.797,CGPT/USDT:USDT,0.10202,178.0,0.10201,8.0,0.10206,49.0,0.10209,8.0
1753533053016,12:30:53.016,CGPT/USDT:USDT,0.10202,178.0,0.10201,8.0,0.10206,49.0,0.10209,8.0
1753533053691,12:30:53.691,CGPT/USDT:USDT,0.10202,170.0,0.10199,10.0,0.10206,8.0,0.10207,16.0
1753533053749,12:30:53.749,CGPT/USDT:USDT,0.10202,178.0,0.10201,16.0,0.10217,56.0,0.10219,5.0
1753533053843,12:30:53.843,CGPT/USDT:USDT,0.10202,178.0,0.10201,16.0,0.10217,56.0,0.10219,5.0
1753533054326,12:30:54.326,CGPT/USDT:USDT,0.10202,178.0,0.10201,16.0,0.10217,56.0,0.10219,5.0
1753533054448,12:30:54.448,CGPT/USDT:USDT,0.10202,178.0,0.10201,16.0,0.10217,56.0,0.10219,5.0
1753533054763,12:30:54.763,CGPT/USDT:USDT,0.10202,178.0,0.10201,16.0,0.10217,56.0,0.10219,5.0
1753533055963,12:30:55.963,CGPT/USDT:USDT,0.10202,178.0,0.10201,16.0,0.10217,56.0,0.10219,5.0
1753533056563,12:30:56.563,CGPT/USDT:USDT,0.10202,178.0,0.10201,16.0,0.10217,56.0,0.10219,5.0
1753533056776,12:30:56.776,CGPT/USDT:USDT,0.10202,178.0,0.10201,16.0,0.10217,56.0,0.10219,5.0
1753533056946,12:30:56.946,CGPT/USDT:USDT,0.10202,178.0,0.10201,16.0,0.10217,56.0,0.10219,5.0
1753533058610,12:30:58.610,CGPT/USDT:USDT,0.10202,178.0,0.10201,16.0,0.10217,56.0,0.10219,5.0
1753533058818,12:30:58.818,CGPT/USDT:USDT,0.10202,178.0,0.10201,16.0,0.10217,56.0,0.10219,5.0
1753533058958,12:30:58.958,CGPT/USDT:USDT,0.10202,178.0,0.10201,16.0,0.10217,56.0,0.10219,5.0
1753533059060,12:30:59.060,CGPT/USDT:USDT,0.10202,178.0,0.10201,16.0,0.10217,56.0,0.10219,5.0
1753533059146,12:30:59.146,CGPT/USDT:USDT,0.10202,178.0,0.10201,26.0,0.10217,56.0,0.10219,5.0
1753533059281,12:30:59.281,CGPT/USDT:USDT,0.10202,178.0,0.10201,26.0,0.10213,49.0,0.10214,49.0
1753533059380,12:30:59.380,CGPT/USDT:USDT,0.10202,178.0,0.10201,26.0,0.10208,49.0,0.10209,57.0
1753533059460,12:30:59.460,CGPT/USDT:USDT,0.10202,178.0,0.10201,26.0,0.10205,49.0,0.10206,8.0
1753533059649,12:30:59.649,CGPT/USDT:USDT,0.10202,178.0,0.10201,26.0,0.10205,49.0,0.10206,8.0
1753533060076,12:31:00.076,CGPT/USDT:USDT,0.10202,178.0,0.10201,26.0,0.10205,49.0,0.10206,8.0
1753533060187,12:31:00.187,CGPT/USDT:USDT,0.10202,178.0,0.10201,26.0,0.10205,49.0,0.10206,8.0
1753533060528,12:31:00.528,CGPT/USDT:USDT,0.10202,178.0,0.10201,26.0,0.10205,49.0,0.10206,8.0
1753533060983,12:31:00.983,CGPT/USDT:USDT,0.10202,178.0,0.10201,26.0,0.10205,49.0,0.10206,8.0
1753533061094,12:31:01.094,CGPT/USDT:USDT,0.10201,10.0,0.10199,8.0,0.10203,49.0,0.10205,8.0
1753533061186,12:31:01.186,CGPT/USDT:USDT,0.10197,10.0,0.10196,225.0,0.102,49.0,0.10202,16.0
1753533061281,12:31:01.281,CGPT/USDT:USDT,0.10197,10.0,0.10196,55.0,0.102,49.0,0.10202,16.0
1753533061340,12:31:01.340,CGPT/USDT:USDT,0.10195,16.0,0.10194,74.0,0.10198,49.0,0.10202,16.0
1753533061491,12:31:01.491,CGPT/USDT:USDT,0.10195,16.0,0.10194,74.0,0.10198,49.0,0.10202,16.0
1753533061505,12:31:01.505,CGPT/USDT:USDT,0.10195,16.0,0.10194,74.0,0.10198,49.0,0.10202,16.0
1753533061652,12:31:01.652,CGPT/USDT:USDT,0.10195,16.0,0.10194,74.0,0.10198,49.0,0.10202,16.0
1753533061792,12:31:01.792,CGPT/USDT:USDT,0.10195,67.0,0.10194,74.0,0.10213,5.0,0.10214,56.0
1753533061851,12:31:01.851,CGPT/USDT:USDT,0.10196,7.0,0.10195,16.0,0.10211,56.0,0.10212,56.0
1753533061977,12:31:01.977,CGPT/USDT:USDT,0.10196,10.0,0.10195,16.0,0.10212,56.0,0.10213,61.0
1753533062004,12:31:02.004,CGPT/USDT:USDT,0.10196,10.0,0.10195,16.0,0.10212,56.0,0.10213,61.0
1753533062284,12:31:02.284,CGPT/USDT:USDT,0.10196,10.0,0.10195,16.0,0.10212,56.0,0.10213,61.0
1753533062570,12:31:02.570,CGPT/USDT:USDT,0.10196,10.0,0.10195,16.0,0.10212,56.0,0.10213,61.0
1753533062881,12:31:02.881,CGPT/USDT:USDT,0.10196,10.0,0.10195,16.0,0.10212,56.0,0.10213,61.0
1753533062906,12:31:02.906,CGPT/USDT:USDT,0.10196,10.0,0.10195,16.0,0.10212,56.0,0.10213,61.0
1753533063088,12:31:03.088,CGPT/USDT:USDT,0.10196,10.0,0.10195,16.0,0.10212,56.0,0.10213,61.0
1753533063335,12:31:03.335,CGPT/USDT:USDT,0.10196,10.0,0.10195,16.0,0.10212,56.0,0.10213,61.0
1753533063571,12:31:03.571,CGPT/USDT:USDT,0.10196,10.0,0.10195,16.0,0.10212,56.0,0.10213,61.0
1753533063979,12:31:03.979,CGPT/USDT:USDT,0.10196,61.0,0.10195,16.0,0.10208,49.0,0.10209,49.0
1753533064081,12:31:04.081,CGPT/USDT:USDT,0.10196,61.0,0.10195,16.0,0.10205,65.0,0.10206,16.0
1753533064179,12:31:04.179,CGPT/USDT:USDT,0.10196,61.0,0.10195,16.0,0.10202,49.0,0.10203,49.0
1753533064246,12:31:04.246,CGPT/USDT:USDT,0.10196,61.0,0.10195,16.0,0.102,49.0,0.10202,16.0
1753533064381,12:31:04.381,CGPT/USDT:USDT,0.10196,61.0,0.10195,16.0,0.102,49.0,0.10202,16.0
1753533065260,12:31:05.260,CGPT/USDT:USDT,0.10196,61.0,0.10195,16.0,0.102,49.0,0.10202,16.0
1753533065706,12:31:05.706,CGPT/USDT:USDT,0.10196,61.0,0.10195,16.0,0.102,49.0,0.10202,16.0
1753533067220,12:31:07.220,CGPT/USDT:USDT,0.10196,61.0,0.10195,16.0,0.102,49.0,0.10202,16.0
1753533067438,12:31:07.438,CGPT/USDT:USDT,0.10196,112.0,0.10195,16.0,0.10212,56.0,0.10213,61.0
1753533067594,12:31:07.594,CGPT/USDT:USDT,0.10197,55.0,0.10196,61.0,0.10208,49.0,0.10209,49.0
1753533067668,12:31:07.668,CGPT/USDT:USDT,0.10198,26.0,0.10197,55.0,0.10208,65.0,0.10212,56.0
1753533067737,12:31:07.737,CGPT/USDT:USDT,0.10198,26.0,0.10197,55.0,0.10208,65.0,0.10212,56.0
1753533068180,12:31:08.180,CGPT/USDT:USDT,0.10198,26.0,0.10197,55.0,0.10208,65.0,0.10212,56.0
1753533069295,12:31:09.295,CGPT/USDT:USDT,0.10198,81.0,0.10197,55.0,0.10208,65.0,0.10212,56.0
1753533069392,12:31:09.392,CGPT/USDT:USDT,0.10199,55.0,0.10198,81.0,0.10207,49.0,0.10208,16.0
1753533069495,12:31:09.495,CGPT/USDT:USDT,0.102,10.0,0.10198,71.0,0.10205,16.0,0.10206,16.0
1753533069561,12:31:09.561,CGPT/USDT:USDT,0.10199,10.0,0.10198,71.0,0.10202,49.0,0.10206,16.0
1753533069618,12:31:09.618,CGPT/USDT:USDT,0.10199,10.0,0.10198,71.0,0.10202,49.0,0.10206,16.0
1753533069850,12:31:09.850,CGPT/USDT:USDT,0.10199,10.0,0.10198,71.0,0.10202,49.0,0.10206,16.0
1753533069898,12:31:09.898,CGPT/USDT:USDT,0.10199,10.0,0.10198,71.0,0.10202,49.0,0.10206,16.0
1753533070281,12:31:10.281,CGPT/USDT:USDT,0.10199,10.0,0.10198,71.0,0.10202,49.0,0.10206,16.0
1753533071106,12:31:11.106,CGPT/USDT:USDT,0.10199,10.0,0.10198,71.0,0.10202,49.0,0.10206,16.0
1753533071208,12:31:11.208,CGPT/USDT:USDT,0.10199,10.0,0.10198,71.0,0.10202,49.0,0.10206,16.0
1753533071515,12:31:11.515,CGPT/USDT:USDT,0.10199,10.0,0.10198,71.0,0.10202,49.0,0.10206,16.0
1753533071984,12:31:11.984,CGPT/USDT:USDT,0.10199,10.0,0.10198,71.0,0.10202,49.0,0.10206,16.0
1753533072084,12:31:12.084,CGPT/USDT:USDT,0.10199,10.0,0.10198,71.0,0.10202,49.0,0.10203,8.0
1753533072100,12:31:12.100,CGPT/USDT:USDT,0.10199,10.0,0.10198,71.0,0.10202,49.0,0.10203,16.0
1753533072344,12:31:12.344,CGPT/USDT:USDT,0.10199,10.0,0.10198,71.0,0.10202,49.0,0.10203,16.0
1753533072773,12:31:12.773,CGPT/USDT:USDT,0.10199,10.0,0.10198,71.0,0.10202,49.0,0.10203,16.0
1753533073189,12:31:13.189,CGPT/USDT:USDT,0.10199,10.0,0.10198,71.0,0.10202,49.0,0.10203,16.0
1753533074261,12:31:14.261,CGPT/USDT:USDT,0.10199,10.0,0.10198,71.0,0.10202,49.0,0.10203,16.0
1753533075617,12:31:15.617,CGPT/USDT:USDT,0.10199,10.0,0.10198,71.0,0.10202,49.0,0.10203,16.0
1753533077991,12:31:17.991,CGPT/USDT:USDT,0.10199,66.0,0.10198,71.0,0.10216,50.0,0.10217,56.0
1753533078068,12:31:18.068,CGPT/USDT:USDT,0.102,154.0,0.10199,123.0,0.10215,49.0,0.10216,50.0
1753533078195,12:31:18.195,CGPT/USDT:USDT,0.102,154.0,0.10199,66.0,0.10215,49.0,0.10216,50.0
1753533078213,12:31:18.213,CGPT/USDT:USDT,0.102,154.0,0.10199,66.0,0.10215,49.0,0.10216,50.0
1753533078488,12:31:18.488,CGPT/USDT:USDT,0.102,248.0,0.10199,66.0,0.10215,49.0,0.10216,50.0
1753533078690,12:31:18.690,CGPT/USDT:USDT,0.10201,56.0,0.102,154.0,0.10215,49.0,0.10216,50.0
1753533078722,12:31:18.722,CGPT/USDT:USDT,0.10201,66.0,0.102,154.0,0.10215,49.0,0.10216,50.0
1753533078879,12:31:18.879,CGPT/USDT:USDT,0.10201,66.0,0.102,154.0,0.10215,49.0,0.10216,50.0
1753533078900,12:31:18.900,CGPT/USDT:USDT,0.10201,66.0,0.102,154.0,0.10215,49.0,0.10216,50.0
1753533079384,12:31:19.384,CGPT/USDT:USDT,0.10201,66.0,0.102,154.0,0.10215,49.0,0.10216,50.0
1753533079468,12:31:19.468,CGPT/USDT:USDT,0.10201,66.0,0.102,154.0,0.10215,49.0,0.10216,50.0
1753533079500,12:31:19.500,CGPT/USDT:USDT,0.10201,66.0,0.102,154.0,0.10215,49.0,0.10216,50.0
1753533079717,12:31:19.717,CGPT/USDT:USDT,0.10201,66.0,0.102,154.0,0.10215,49.0,0.10216,50.0
1753533079868,12:31:19.868,CGPT/USDT:USDT,0.10201,66.0,0.102,154.0,0.10215,49.0,0.10216,50.0
1753533080856,12:31:20.856,CGPT/USDT:USDT,0.10201,66.0,0.102,154.0,0.10215,49.0,0.10216,50.0
1753533080937,12:31:20.937,CGPT/USDT:USDT,0.10201,66.0,0.102,154.0,0.10215,49.0,0.10216,50.0
1753533081106,12:31:21.106,CGPT/USDT:USDT,0.10201,66.0,0.102,56.0,0.10215,49.0,0.10216,50.0
1753533081220,12:31:21.220,CGPT/USDT:USDT,0.10201,66.0,0.10199,56.0,0.10215,49.0,0.10216,50.0
1753533081304,12:31:21.304,CGPT/USDT:USDT,0.10201,56.0,0.102,10.0,0.10215,49.0,0.10216,50.0
1753533081841,12:31:21.841,CGPT/USDT:USDT,0.10201,178.0,0.102,10.0,0.10215,49.0,0.10219,55.0
1753533081909,12:31:21.909,CGPT/USDT:USDT,0.10202,10.0,0.10201,178.0,0.10215,49.0,0.10219,55.0
1753533082162,12:31:22.162,CGPT/USDT:USDT,0.10202,10.0,0.10201,178.0,0.10215,49.0,0.10219,55.0
1753533082581,12:31:22.581,CGPT/USDT:USDT,0.10202,10.0,0.10201,178.0,0.10215,49.0,0.10219,55.0
1753533083501,12:31:23.501,CGPT/USDT:USDT,0.10202,10.0,0.10201,178.0,0.10215,49.0,0.10219,55.0
1753533083917,12:31:23.917,CGPT/USDT:USDT,0.10202,10.0,0.10201,178.0,0.10215,49.0,0.10217,56.0
1753533084206,12:31:24.206,CGPT/USDT:USDT,0.10202,10.0,0.10201,178.0,0.10215,49.0,0.10217,56.0
1753533084957,12:31:24.957,CGPT/USDT:USDT,0.10202,108.0,0.10201,56.0,0.10221,56.0,0.10224,192.0
1753533085074,12:31:25.074,CGPT/USDT:USDT,0.10202,108.0,0.10201,56.0,0.10221,56.0,0.10224,192.0
1753533085181,12:31:25.181,CGPT/USDT:USDT,0.10202,108.0,0.10201,56.0,0.10221,56.0,0.10224,192.0
1753533085203,12:31:25.203,CGPT/USDT:USDT,0.10202,108.0,0.10201,56.0,0.10221,56.0,0.10224,192.0
1753533085379,12:31:25.379,CGPT/USDT:USDT,0.10202,108.0,0.10201,56.0,0.10214,49.0,0.10215,49.0
1753533085480,12:31:25.480,CGPT/USDT:USDT,0.10202,124.0,0.10201,56.0,0.1021,49.0,0.10211,8.0
1753533085877,12:31:25.877,CGPT/USDT:USDT,0.10202,124.0,0.10201,56.0,0.1021,49.0,0.10211,8.0
1753533086313,12:31:26.313,CGPT/USDT:USDT,0.10202,124.0,0.10201,56.0,0.1021,49.0,0.10211,8.0
1753533086882,12:31:26.882,CGPT/USDT:USDT,0.10202,124.0,0.10198,55.0,0.1021,49.0,0.10211,8.0
1753533087265,12:31:27.265,CGPT/USDT:USDT,0.10202,124.0,0.10198,55.0,0.1021,49.0,0.10211,8.0
1753533087551,12:31:27.551,CGPT/USDT:USDT,0.10202,124.0,0.10198,55.0,0.1021,49.0,0.10211,8.0
1753533087890,12:31:27.890,CGPT/USDT:USDT,0.10202,124.0,0.10198,55.0,0.1021,49.0,0.10211,8.0
1753533087940,12:31:27.940,CGPT/USDT:USDT,0.10202,124.0,0.10198,55.0,0.1021,49.0,0.10211,8.0
1753533088426,12:31:28.426,CGPT/USDT:USDT,0.10202,124.0,0.102,300.0,0.1021,49.0,0.10211,8.0
1753533089571,12:31:29.571,CGPT/USDT:USDT,0.10202,124.0,0.102,300.0,0.1021,49.0,0.10211,8.0
1753533089937,12:31:29.937,CGPT/USDT:USDT,0.10202,124.0,0.102,300.0,0.1021,49.0,0.10211,8.0
1753533090388,12:31:30.388,CGPT/USDT:USDT,0.10202,124.0,0.102,300.0,0.1021,49.0,0.10211,8.0
1753533091179,12:31:31.179,CGPT/USDT:USDT,0.10202,26.0,0.102,300.0,0.1021,49.0,0.10211,8.0
1753533091209,12:31:31.209,CGPT/USDT:USDT,0.10202,114.0,0.10201,10.0,0.1021,49.0,0.10211,8.0
1753533091357,12:31:31.357,CGPT/USDT:USDT,0.10203,10.0,0.10202,114.0,0.10208,49.0,0.10209,8.0
1753533091615,12:31:31.615,CGPT/USDT:USDT,0.10203,10.0,0.10202,114.0,0.10208,49.0,0.10209,8.0
1753533092494,12:31:32.494,CGPT/USDT:USDT,0.10203,10.0,0.10202,114.0,0.10208,49.0,0.10209,8.0
1753533092548,12:31:32.548,CGPT/USDT:USDT,0.10203,10.0,0.10202,114.0,0.10208,49.0,0.10209,8.0
1753533092681,12:31:32.681,CGPT/USDT:USDT,0.10203,59.0,0.10202,114.0,0.10208,49.0,0.10209,8.0
1753533092842,12:31:32.842,CGPT/USDT:USDT,0.10203,59.0,0.10202,114.0,0.10208,49.0,0.10209,8.0
1753533092937,12:31:32.937,CGPT/USDT:USDT,0.10203,59.0,0.10202,114.0,0.10208,49.0,0.10209,8.0
1753533093104,12:31:33.104,CGPT/USDT:USDT,0.10203,59.0,0.10202,114.0,0.10208,57.0,0.10209,16.0
1753533093364,12:31:33.364,CGPT/USDT:USDT,0.10203,59.0,0.10202,114.0,0.10208,57.0,0.10209,16.0
1753533093683,12:31:33.683,CGPT/USDT:USDT,0.10203,59.0,0.10202,114.0,0.1022,49.0,0.10221,49.0
1753533093761,12:31:33.761,CGPT/USDT:USDT,0.10203,59.0,0.10202,114.0,0.10218,49.0,0.1022,55.0
1753533093832,12:31:33.832,CGPT/USDT:USDT,0.10204,55.0,0.10203,59.0,0.10218,49.0,0.1022,55.0
1753533094069,12:31:34.069,CGPT/USDT:USDT,0.10204,55.0,0.10203,59.0,0.10218,49.0,0.1022,55.0
1753533094235,12:31:34.235,CGPT/USDT:USDT,0.10204,55.0,0.10203,59.0,0.10218,49.0,0.1022,55.0
1753533094684,12:31:34.684,CGPT/USDT:USDT,0.10204,104.0,0.10203,59.0,0.10218,49.0,0.1022,55.0
1753533094780,12:31:34.780,CGPT/USDT:USDT,0.10205,155.0,0.10204,104.0,0.10214,49.0,0.10215,49.0
1753533094802,12:31:34.802,CGPT/USDT:USDT,0.10205,155.0,0.10204,104.0,0.10214,65.0,0.10215,16.0
1753533095060,12:31:35.060,CGPT/USDT:USDT,0.10205,155.0,0.10204,104.0,0.10214,65.0,0.10215,16.0
1753533095379,12:31:35.379,CGPT/USDT:USDT,0.10205,155.0,0.10204,104.0,0.10222,55.0,0.10225,5.0
1753533095494,12:31:35.494,CGPT/USDT:USDT,0.10206,56.0,0.10205,155.0,0.10222,55.0,0.10225,5.0
1753533095496,12:31:35.496,CGPT/USDT:USDT,0.10206,56.0,0.10205,155.0,0.10222,55.0,0.10225,5.0
1753533095678,12:31:35.678,CGPT/USDT:USDT,0.10206,56.0,0.10205,155.0,0.10222,55.0,0.10225,5.0
1753533095781,12:31:35.781,CGPT/USDT:USDT,0.10206,56.0,0.10205,155.0,0.10222,55.0,0.10225,5.0
1753533095799,12:31:35.799,CGPT/USDT:USDT,0.10206,56.0,0.10205,155.0,0.10222,55.0,0.10225,5.0
1753533095925,12:31:35.925,CGPT/USDT:USDT,0.10206,56.0,0.10205,155.0,0.10222,55.0,0.10225,5.0
1753533096079,12:31:36.079,CGPT/USDT:USDT,0.10206,56.0,0.10205,155.0,0.10222,55.0,0.10225,5.0
1753533096134,12:31:36.134,CGPT/USDT:USDT,0.10206,56.0,0.10205,155.0,0.10222,55.0,0.10225,5.0
1753533096381,12:31:36.381,CGPT/USDT:USDT,0.10206,118.0,0.10205,155.0,0.10227,5.0,0.10228,164.0
1753533096486,12:31:36.486,CGPT/USDT:USDT,0.10207,10.0,0.10206,118.0,0.10221,49.0,0.10222,49.0
1753533096580,12:31:36.580,CGPT/USDT:USDT,0.10207,10.0,0.10206,118.0,0.10217,49.0,0.10218,49.0
1753533096680,12:31:36.680,CGPT/USDT:USDT,0.10207,10.0,0.10206,113.0,0.10213,49.0,0.10215,8.0
1753533096783,12:31:36.783,CGPT/USDT:USDT,0.10207,10.0,0.10206,113.0,0.10213,49.0,0.10215,8.0
1753533096885,12:31:36.885,CGPT/USDT:USDT,0.10207,10.0,0.10206,113.0,0.10213,49.0,0.10215,8.0
1753533097204,12:31:37.204,CGPT/USDT:USDT,0.10207,10.0,0.10206,113.0,0.10213,49.0,0.10215,8.0
1753533097689,12:31:37.689,CGPT/USDT:USDT,0.10207,59.0,0.10206,56.0,0.10213,49.0,0.10215,8.0
1753533097773,12:31:37.773,CGPT/USDT:USDT,0.10207,108.0,0.10205,16.0,0.1021,49.0,0.10215,8.0
1753533097854,12:31:37.854,CGPT/USDT:USDT,0.10207,98.0,0.10206,10.0,0.1021,49.0,0.10215,8.0
1753533098066,12:31:38.066,CGPT/USDT:USDT,0.10207,196.0,0.10206,10.0,0.10215,8.0,0.10216,16.0
1753533098179,12:31:38.179,CGPT/USDT:USDT,0.10208,67.0,0.10207,155.0,0.10211,49.0,0.10215,8.0
1753533098223,12:31:38.223,CGPT/USDT:USDT,0.10208,18.0,0.10207,155.0,0.10211,49.0,0.10215,8.0
1753533098546,12:31:38.546,CGPT/USDT:USDT,0.10208,18.0,0.10207,155.0,0.10211,49.0,0.10213,8.0
1753533099088,12:31:39.088,CGPT/USDT:USDT,0.10208,83.0,0.10207,155.0,0.10211,49.0,0.10213,8.0
1753533099390,12:31:39.390,CGPT/USDT:USDT,0.10208,83.0,0.10207,155.0,0.10211,49.0,0.10213,8.0
1753533100261,12:31:40.261,CGPT/USDT:USDT,0.10208,83.0,0.10207,155.0,0.10211,49.0,0.10213,8.0
1753533101458,12:31:41.458,CGPT/USDT:USDT,0.10208,211.0,0.10207,8.0,0.10211,49.0,0.10213,8.0
1753533101572,12:31:41.572,CGPT/USDT:USDT,0.10208,275.0,0.10207,16.0,0.10215,8.0,0.10216,8.0
1753533101637,12:31:41.637,CGPT/USDT:USDT,0.10209,56.0,0.10208,275.0,0.10213,49.0,0.10215,16.0
1753533101823,12:31:41.823,CGPT/USDT:USDT,0.10209,56.0,0.10208,275.0,0.10213,49.0,0.10215,16.0
1753533102100,12:31:42.100,CGPT/USDT:USDT,0.10209,56.0,0.10208,210.0,0.10213,49.0,0.10215,16.0
1753533102253,12:31:42.253,CGPT/USDT:USDT,0.10209,56.0,0.10208,210.0,0.10213,49.0,0.10215,16.0
1753533102586,12:31:42.586,CGPT/USDT:USDT,0.10209,56.0,0.10208,210.0,0.10212,49.0,0.10215,16.0
1753533102685,12:31:42.685,CGPT/USDT:USDT,0.10209,7.0,0.10208,19.0,0.10211,49.0,0.10212,49.0
1753533102706,12:31:42.706,CGPT/USDT:USDT,0.10208,8.0,0.10207,8.0,0.10211,49.0,0.10214,8.0
1753533102870,12:31:42.870,CGPT/USDT:USDT,0.10204,56.0,0.10203,72.0,0.10211,49.0,0.10226,56.0
1753533102903,12:31:42.903,CGPT/USDT:USDT,0.10204,66.0,0.10203,72.0,0.10211,49.0,0.10226,56.0
1753533103103,12:31:43.103,CGPT/USDT:USDT,0.10204,66.0,0.10203,72.0,0.10211,49.0,0.10226,56.0
1753533103519,12:31:43.519,CGPT/USDT:USDT,0.10204,66.0,0.10203,72.0,0.10211,49.0,0.10226,56.0
1753533103621,12:31:43.621,CGPT/USDT:USDT,0.10204,66.0,0.10203,72.0,0.10211,49.0,0.10221,56.0
1753533103945,12:31:43.945,CGPT/USDT:USDT,0.10204,66.0,0.10203,72.0,0.10211,49.0,0.10221,56.0
1753533104036,12:31:44.036,CGPT/USDT:USDT,0.10204,66.0,0.10203,72.0,0.10211,49.0,0.10221,56.0
1753533104259,12:31:44.259,CGPT/USDT:USDT,0.10204,66.0,0.10203,72.0,0.10211,49.0,0.10221,56.0
1753533104363,12:31:44.363,CGPT/USDT:USDT,0.10204,66.0,0.10203,72.0,0.10211,49.0,0.10221,56.0
1753533104595,12:31:44.595,CGPT/USDT:USDT,0.10204,66.0,0.10203,72.0,0.10211,49.0,0.10221,56.0
1753533105668,12:31:45.668,CGPT/USDT:USDT,0.10204,66.0,0.10203,72.0,0.10211,49.0,0.10221,56.0
1753533106411,12:31:46.411,CGPT/USDT:USDT,0.10204,66.0,0.10203,72.0,0.10211,49.0,0.10221,56.0
1753533107490,12:31:47.490,CGPT/USDT:USDT,0.10204,66.0,0.10203,72.0,0.10211,49.0,0.10221,56.0
1753533107780,12:31:47.780,CGPT/USDT:USDT,0.10206,56.0,0.10205,170.0,0.10217,49.0,0.10218,49.0
1753533107864,12:31:47.864,CGPT/USDT:USDT,0.10206,66.0,0.10205,170.0,0.10215,49.0,0.10221,56.0
1753533108110,12:31:48.110,CGPT/USDT:USDT,0.10206,66.0,0.10205,170.0,0.10215,57.0,0.10221,56.0
1753533108290,12:31:48.290,CGPT/USDT:USDT,0.10206,66.0,0.10205,170.0,0.10215,57.0,0.10221,56.0
1753533108522,12:31:48.522,CGPT/USDT:USDT,0.10206,66.0,0.10205,170.0,0.10215,57.0,0.10221,56.0
1753533110420,12:31:50.420,CGPT/USDT:USDT,0.10206,66.0,0.10205,170.0,0.10215,57.0,0.10221,56.0
1753533110811,12:31:50.811,CGPT/USDT:USDT,0.10206,66.0,0.10205,72.0,0.10215,57.0,0.10221,56.0
1753533110979,12:31:50.979,CGPT/USDT:USDT,0.10206,86.0,0.10205,16.0,0.10209,49.0,0.10211,8.0
1753533111009,12:31:51.009,CGPT/USDT:USDT,0.10206,152.0,0.10205,16.0,0.10209,49.0,0.10211,8.0
1753533111103,12:31:51.103,CGPT/USDT:USDT,0.10207,3.0,0.10206,152.0,0.10209,49.0,0.10211,8.0
1753533111204,12:31:51.204,CGPT/USDT:USDT,0.10207,10.0,0.10206,152.0,0.10209,49.0,0.10211,8.0
1753533111382,12:31:51.382,CGPT/USDT:USDT,0.10207,10.0,0.10206,152.0,0.10209,49.0,0.10211,8.0
1753533111979,12:31:51.979,CGPT/USDT:USDT,0.10207,84.0,0.10206,152.0,0.10221,56.0,0.10225,50.0
1753533112218,12:31:52.218,CGPT/USDT:USDT,0.10207,84.0,0.10206,152.0,0.10221,56.0,0.10225,50.0
1753533112381,12:31:52.381,CGPT/USDT:USDT,0.10207,160.0,0.10206,152.0,0.10221,56.0,0.10225,50.0
1753533112699,12:31:52.699,CGPT/USDT:USDT,0.10207,160.0,0.10206,152.0,0.10221,56.0,0.10225,50.0
1753533113273,12:31:53.273,CGPT/USDT:USDT,0.10207,160.0,0.10206,152.0,0.10221,56.0,0.10225,50.0
1753533113300,12:31:53.300,CGPT/USDT:USDT,0.10207,160.0,0.10206,152.0,0.10221,56.0,0.10225,50.0
1753533113466,12:31:53.466,CGPT/USDT:USDT,0.10207,160.0,0.10206,152.0,0.10221,56.0,0.10225,50.0
1753533113854,12:31:53.854,CGPT/USDT:USDT,0.10207,160.0,0.10206,152.0,0.10221,56.0,0.10225,50.0
1753533114092,12:31:54.092,CGPT/USDT:USDT,0.10207,160.0,0.10206,76.0,0.10221,56.0,0.10225,50.0
1753533114101,12:31:54.101,CGPT/USDT:USDT,0.10207,160.0,0.10205,16.0,0.10221,56.0,0.10225,50.0
1753533114387,12:31:54.387,CGPT/USDT:USDT,0.10207,160.0,0.10205,16.0,0.10221,56.0,0.10225,50.0
1753533115211,12:31:55.211,CGPT/USDT:USDT,0.10207,160.0,0.10205,16.0,0.10221,56.0,0.10225,50.0
1753533115976,12:31:55.976,CGPT/USDT:USDT,0.10207,209.0,0.10205,16.0,0.10221,56.0,0.10225,50.0
1753533117740,12:31:57.740,CGPT/USDT:USDT,0.10207,209.0,0.10205,16.0,0.10221,56.0,0.10225,50.0
1753533118768,12:31:58.768,CGPT/USDT:USDT,0.10207,258.0,0.10205,16.0,0.10221,56.0,0.10225,50.0
1753533119175,12:31:59.175,CGPT/USDT:USDT,0.10207,209.0,0.10205,16.0,0.10221,56.0,0.10225,50.0
1753533119381,12:31:59.381,CGPT/USDT:USDT,0.10207,209.0,0.10205,16.0,0.10221,56.0,0.10225,50.0
1753533119489,12:31:59.489,CGPT/USDT:USDT,0.10207,209.0,0.10205,16.0,0.10221,56.0,0.10225,50.0
1753533119560,12:31:59.560,CGPT/USDT:USDT,0.10207,209.0,0.10205,16.0,0.10221,56.0,0.10225,50.0
1753533119715,12:31:59.715,CGPT/USDT:USDT,0.10207,209.0,0.10205,16.0,0.10221,56.0,0.10225,50.0
1753533120494,12:32:00.494,CGPT/USDT:USDT,0.10207,209.0,0.10205,16.0,0.10221,56.0,0.10225,50.0
1753533120522,12:32:00.522,CGPT/USDT:USDT,0.10207,209.0,0.10205,16.0,0.10221,56.0,0.10225,50.0
1753533120681,12:32:00.681,CGPT/USDT:USDT,0.10207,209.0,0.10205,16.0,0.10221,56.0,0.10224,192.0
1753533121182,12:32:01.182,CGPT/USDT:USDT,0.10207,209.0,0.10205,16.0,0.10221,56.0,0.10224,192.0
1753533121216,12:32:01.216,CGPT/USDT:USDT,0.10207,209.0,0.10205,16.0,0.10221,56.0,0.10224,192.0
1753533121382,12:32:01.382,CGPT/USDT:USDT,0.10207,209.0,0.10205,16.0,0.10215,49.0,0.10216,65.0
1753533121479,12:32:01.479,CGPT/USDT:USDT,0.10207,275.0,0.10205,16.0,0.10211,49.0,0.10213,16.0
1753533122000,12:32:02.000,CGPT/USDT:USDT,0.10207,275.0,0.10205,16.0,0.10211,49.0,0.10213,16.0
1753533122389,12:32:02.389,CGPT/USDT:USDT,0.10207,275.0,0.10205,16.0,0.10211,49.0,0.10213,16.0
1753533122484,12:32:02.484,CGPT/USDT:USDT,0.10207,275.0,0.10205,16.0,0.10211,49.0,0.10213,16.0
1753533122992,12:32:02.992,CGPT/USDT:USDT,0.10207,275.0,0.10205,16.0,0.10211,49.0,0.10213,16.0
1753533123380,12:32:03.380,CGPT/USDT:USDT,0.10207,275.0,0.10205,16.0,0.10211,49.0,0.10213,16.0
1753533123596,12:32:03.596,CGPT/USDT:USDT,0.10207,209.0,0.10205,16.0,0.10211,49.0,0.10213,16.0
1753533123600,12:32:03.600,CGPT/USDT:USDT,0.10207,209.0,0.10205,16.0,0.10211,49.0,0.10213,16.0
1753533124775,12:32:04.775,CGPT/USDT:USDT,0.10207,209.0,0.10205,16.0,0.10211,49.0,0.10213,16.0
1753533125036,12:32:05.036,CGPT/USDT:USDT,0.10207,209.0,0.10205,16.0,0.10211,49.0,0.10213,16.0
1753533125536,12:32:05.536,CGPT/USDT:USDT,0.10207,209.0,0.10205,16.0,0.10211,49.0,0.10213,16.0
1753533126285,12:32:06.285,CGPT/USDT:USDT,0.10207,209.0,0.10205,16.0,0.10211,49.0,0.10213,16.0
1753533126417,12:32:06.417,CGPT/USDT:USDT,0.10207,209.0,0.10205,16.0,0.10211,49.0,0.10213,16.0
1753533126573,12:32:06.573,CGPT/USDT:USDT,0.10207,217.0,0.10206,8.0,0.10211,49.0,0.10213,16.0
1753533126672,12:32:06.672,CGPT/USDT:USDT,0.10207,217.0,0.10206,8.0,0.10211,49.0,0.10213,16.0
1753533127354,12:32:07.354,CGPT/USDT:USDT,0.10207,217.0,0.10206,8.0,0.10211,49.0,0.10213,16.0
1753533127411,12:32:07.411,CGPT/USDT:USDT,0.10207,217.0,0.10206,8.0,0.10211,49.0,0.10213,16.0
1753533127623,12:32:07.623,CGPT/USDT:USDT,0.10207,141.0,0.10206,8.0,0.10211,49.0,0.10213,16.0
1753533127772,12:32:07.772,CGPT/USDT:USDT,0.10207,141.0,0.10206,8.0,0.10211,49.0,0.10213,16.0
1753533128560,12:32:08.560,CGPT/USDT:USDT,0.10207,133.0,0.10201,209.0,0.10208,49.0,0.10209,57.0
1753533128682,12:32:08.682,CGPT/USDT:USDT,0.10207,123.0,0.10202,10.0,0.10208,49.0,0.10209,8.0
1753533128706,12:32:08.706,CGPT/USDT:USDT,0.10207,123.0,0.10201,10.0,0.10208,49.0,0.10209,8.0
1753533129059,12:32:09.059,CGPT/USDT:USDT,0.10207,123.0,0.10201,10.0,0.10208,49.0,0.10209,8.0
1753533129488,12:32:09.488,CGPT/USDT:USDT,0.10207,123.0,0.10201,10.0,0.10208,49.0,0.10209,8.0
1753533130579,12:32:10.579,CGPT/USDT:USDT,0.10207,123.0,0.10201,10.0,0.10208,49.0,0.10209,8.0
1753533130601,12:32:10.601,CGPT/USDT:USDT,0.10207,123.0,0.10205,16.0,0.10208,49.0,0.10209,8.0
1753533131059,12:32:11.059,CGPT/USDT:USDT,0.10201,18.0,0.102,300.0,0.10207,49.0,0.10221,56.0
1753533131130,12:32:11.130,CGPT/USDT:USDT,0.10201,18.0,0.102,300.0,0.10207,49.0,0.10221,56.0
1753533131277,12:32:11.277,CGPT/USDT:USDT,0.10201,18.0,0.102,300.0,0.10207,49.0,0.10221,56.0
1753533131351,12:32:11.351,CGPT/USDT:USDT,0.10201,67.0,0.102,300.0,0.10207,49.0,0.10221,56.0
1753533131398,12:32:11.398,CGPT/USDT:USDT,0.10201,214.0,0.102,300.0,0.10207,49.0,0.10221,56.0
1753533131557,12:32:11.557,CGPT/USDT:USDT,0.10201,214.0,0.102,300.0,0.10207,49.0,0.10221,56.0
1753533132090,12:32:12.090,CGPT/USDT:USDT,0.10201,222.0,0.102,300.0,0.10207,49.0,0.10221,56.0
1753533132110,12:32:12.110,CGPT/USDT:USDT,0.10201,271.0,0.102,300.0,0.10207,49.0,0.10221,56.0
1753533132391,12:32:12.391,CGPT/USDT:USDT,0.10201,271.0,0.102,300.0,0.10221,56.0,0.10225,50.0
1753533132420,12:32:12.420,CGPT/USDT:USDT,0.10201,271.0,0.102,300.0,0.10221,56.0,0.10225,50.0
1753533132576,12:32:12.576,CGPT/USDT:USDT,0.10201,276.0,0.102,300.0,0.10221,56.0,0.10225,50.0
1753533132806,12:32:12.806,CGPT/USDT:USDT,0.10201,276.0,0.102,300.0,0.10221,56.0,0.10225,50.0
1753533133511,12:32:13.511,CGPT/USDT:USDT,0.10201,276.0,0.102,300.0,0.10221,56.0,0.10225,50.0
1753533133635,12:32:13.635,CGPT/USDT:USDT,0.10201,276.0,0.102,300.0,0.10221,56.0,0.10225,50.0
1753533133886,12:32:13.886,CGPT/USDT:USDT,0.10201,276.0,0.102,300.0,0.10214,49.0,0.10215,49.0
1753533133980,12:32:13.980,CGPT/USDT:USDT,0.10201,271.0,0.102,300.0,0.1021,57.0,0.10212,8.0
1753533134070,12:32:14.070,CGPT/USDT:USDT,0.10201,271.0,0.102,300.0,0.10208,49.0,0.10209,8.0
1753533134328,12:32:14.328,CGPT/USDT:USDT,0.10201,271.0,0.102,300.0,0.1021,8.0,0.10217,55.0
1753533134556,12:32:14.556,CGPT/USDT:USDT,0.10201,271.0,0.102,300.0,0.1021,8.0,0.10217,55.0
1753533134999,12:32:14.999,CGPT/USDT:USDT,0.10201,271.0,0.102,300.0,0.1021,8.0,0.10217,55.0
1753533135419,12:32:15.419,CGPT/USDT:USDT,0.10201,271.0,0.102,300.0,0.1021,8.0,0.10217,55.0
1753533136488,12:32:16.488,CGPT/USDT:USDT,0.10201,271.0,0.102,300.0,0.1021,8.0,0.1022,55.0
1753533137464,12:32:17.464,CGPT/USDT:USDT,0.10201,271.0,0.102,300.0,0.1021,8.0,0.1022,55.0
1753533137714,12:32:17.714,CGPT/USDT:USDT,0.10201,271.0,0.102,300.0,0.1022,55.0,0.10221,61.0
1753533137878,12:32:17.878,CGPT/USDT:USDT,0.10201,271.0,0.102,300.0,0.1022,55.0,0.10221,61.0
1753533138080,12:32:18.080,CGPT/USDT:USDT,0.10201,271.0,0.102,300.0,0.10214,49.0,0.10215,49.0
1753533138180,12:32:18.180,CGPT/USDT:USDT,0.10201,271.0,0.102,300.0,0.10209,49.0,0.1021,57.0
1753533138294,12:32:18.294,CGPT/USDT:USDT,0.10201,271.0,0.102,300.0,0.10208,49.0,0.1021,16.0
1753533138719,12:32:18.719,CGPT/USDT:USDT,0.10201,271.0,0.102,300.0,0.10208,49.0,0.1021,16.0
1753533139152,12:32:19.152,CGPT/USDT:USDT,0.10201,271.0,0.102,300.0,0.10208,49.0,0.1021,16.0
1753533139311,12:32:19.311,CGPT/USDT:USDT,0.10201,271.0,0.102,300.0,0.10208,49.0,0.1021,16.0
1753533139551,12:32:19.551,CGPT/USDT:USDT,0.10201,271.0,0.102,300.0,0.10208,49.0,0.1021,16.0
1753533140193,12:32:20.193,CGPT/USDT:USDT,0.10202,55.0,0.10201,271.0,0.10208,49.0,0.1021,16.0
1753533140216,12:32:20.216,CGPT/USDT:USDT,0.10202,202.0,0.10201,26.0,0.10208,49.0,0.1021,16.0
1753533140391,12:32:20.391,CGPT/USDT:USDT,0.10203,10.0,0.10202,202.0,0.10208,49.0,0.1021,16.0
1753533140403,12:32:20.403,CGPT/USDT:USDT,0.10203,49.0,0.10202,202.0,0.10208,49.0,0.1021,16.0
1753533140504,12:32:20.504,CGPT/USDT:USDT,0.10203,59.0,0.10202,202.0,0.10208,49.0,0.1021,16.0
1753533141621,12:32:21.621,CGPT/USDT:USDT,0.10203,59.0,0.10202,202.0,0.10208,49.0,0.1021,16.0
1753533142372,12:32:22.372,CGPT/USDT:USDT,0.10203,59.0,0.10202,202.0,0.10208,49.0,0.1021,16.0
1753533143041,12:32:23.041,CGPT/USDT:USDT,0.10203,108.0,0.10202,202.0,0.10208,49.0,0.1021,16.0
1753533143862,12:32:23.862,CGPT/USDT:USDT,0.10203,108.0,0.10202,202.0,0.10208,49.0,0.1021,16.0
1753533144104,12:32:24.104,CGPT/USDT:USDT,0.10203,108.0,0.10202,104.0,0.10208,49.0,0.1021,16.0
1753533144404,12:32:24.404,CGPT/USDT:USDT,0.10203,108.0,0.10202,55.0,0.10208,49.0,0.1021,16.0
1753533145260,12:32:25.260,CGPT/USDT:USDT,0.10203,108.0,0.10202,55.0,0.10208,49.0,0.1021,16.0
1753533145473,12:32:25.473,CGPT/USDT:USDT,0.10203,108.0,0.10202,55.0,0.10208,49.0,0.1021,16.0
1753533145879,12:32:25.879,CGPT/USDT:USDT,0.10203,108.0,0.10202,55.0,0.10208,49.0,0.1021,16.0
1753533146101,12:32:26.101,CGPT/USDT:USDT,0.10203,108.0,0.10202,55.0,0.10208,49.0,0.1021,16.0
1753533147084,12:32:27.084,CGPT/USDT:USDT,0.10203,124.0,0.10202,71.0,0.10208,49.0,0.1021,16.0
1753533147672,12:32:27.672,CGPT/USDT:USDT,0.10203,173.0,0.10202,71.0,0.10208,49.0,0.1021,16.0
1753533148226,12:32:28.226,CGPT/USDT:USDT,0.10203,271.0,0.10202,71.0,0.10208,49.0,0.1021,16.0
1753533148382,12:32:28.382,CGPT/USDT:USDT,0.10203,271.0,0.10202,71.0,0.10208,49.0,0.1021,16.0
1753533148483,12:32:28.483,CGPT/USDT:USDT,0.10203,271.0,0.10202,71.0,0.10208,49.0,0.1021,16.0
1753533150536,12:32:30.536,CGPT/USDT:USDT,0.10203,271.0,0.10202,71.0,0.10208,49.0,0.1021,16.0
1753533152085,12:32:32.085,CGPT/USDT:USDT,0.10203,271.0,0.10202,71.0,0.10208,49.0,0.1021,16.0
1753533152147,12:32:32.147,CGPT/USDT:USDT,0.10203,271.0,0.10202,71.0,0.10208,49.0,0.1021,16.0
1753533152230,12:32:32.230,CGPT/USDT:USDT,0.10203,271.0,0.10202,71.0,0.10208,49.0,0.1021,16.0
1753533152321,12:32:32.321,CGPT/USDT:USDT,0.10203,271.0,0.10202,71.0,0.10208,49.0,0.1021,16.0
1753533152880,12:32:32.880,CGPT/USDT:USDT,0.10203,271.0,0.10202,71.0,0.10208,49.0,0.1021,16.0
1753533152994,12:32:32.994,CGPT/USDT:USDT,0.10203,271.0,0.10202,16.0,0.10207,49.0,0.10208,49.0
1753533153084,12:32:33.084,CGPT/USDT:USDT,0.10203,10.0,0.10201,8.0,0.10204,49.0,0.10206,16.0
1753533153144,12:32:33.144,CGPT/USDT:USDT,0.10203,10.0,0.10199,56.0,0.10204,49.0,0.10206,16.0
1753533153279,12:32:33.279,CGPT/USDT:USDT,0.10196,59.0,0.10195,55.0,0.10202,49.0,0.10203,49.0
1753533153384,12:32:33.384,CGPT/USDT:USDT,0.10196,75.0,0.10195,55.0,0.10201,49.0,0.1022,55.0
1753533153582,12:32:33.582,CGPT/USDT:USDT,0.10196,75.0,0.10195,55.0,0.10201,49.0,0.1022,55.0
1753533153757,12:32:33.757,CGPT/USDT:USDT,0.10196,75.0,0.10195,55.0,0.10201,49.0,0.1022,55.0
1753533153985,12:32:33.985,CGPT/USDT:USDT,0.10197,104.0,0.10196,124.0,0.10215,89.0,0.10216,54.0
1753533154079,12:32:34.079,CGPT/USDT:USDT,0.10198,108.0,0.10197,104.0,0.10207,49.0,0.10208,49.0
1753533154193,12:32:34.193,CGPT/USDT:USDT,0.10198,116.0,0.10197,104.0,0.10202,49.0,0.10204,16.0
1753533154219,12:32:34.219,CGPT/USDT:USDT,0.10198,116.0,0.10197,104.0,0.10202,49.0,0.10204,16.0
1753533154394,12:32:34.394,CGPT/USDT:USDT,0.10199,57.0,0.10198,67.0,0.10204,8.0,0.10205,8.0
1753533154480,12:32:34.480,CGPT/USDT:USDT,0.102,59.0,0.10199,65.0,0.10214,54.0,0.10215,59.0
1753533154593,12:32:34.593,CGPT/USDT:USDT,0.102,108.0,0.10199,65.0,0.10212,54.0,0.10213,94.0
1753533154651,12:32:34.651,CGPT/USDT:USDT,0.102,10.0,0.10199,65.0,0.10211,25.0,0.10212,54.0
1753533154735,12:32:34.735,CGPT/USDT:USDT,0.102,10.0,0.10199,65.0,0.10211,25.0,0.10212,54.0
1753533155083,12:32:35.083,CGPT/USDT:USDT,0.102,10.0,0.10199,65.0,0.10211,33.0,0.10212,54.0
1753533155501,12:32:35.501,CGPT/USDT:USDT,0.102,10.0,0.10199,65.0,0.10211,33.0,0.10212,54.0
1753533155618,12:32:35.618,CGPT/USDT:USDT,0.102,10.0,0.10199,65.0,0.10211,41.0,0.10212,54.0
1753533155860,12:32:35.860,CGPT/USDT:USDT,0.102,10.0,0.10199,65.0,0.10211,41.0,0.10212,54.0
1753533155938,12:32:35.938,CGPT/USDT:USDT,0.102,10.0,0.10199,65.0,0.10211,41.0,0.10212,54.0
1753533156327,12:32:36.327,CGPT/USDT:USDT,0.102,10.0,0.10199,65.0,0.10211,41.0,0.10212,54.0
1753533156782,12:32:36.782,CGPT/USDT:USDT,0.102,10.0,0.10199,65.0,0.10207,49.0,0.10208,65.0
1753533156879,12:32:36.879,CGPT/USDT:USDT,0.10201,49.0,0.102,10.0,0.10202,49.0,0.10204,49.0
1753533156960,12:32:36.960,CGPT/USDT:USDT,0.10201,49.0,0.10197,10.0,0.10202,49.0,0.10205,16.0
1753533157171,12:32:37.171,CGPT/USDT:USDT,0.10202,49.0,0.10201,49.0,0.10203,49.0,0.10208,16.0
1753533157280,12:32:37.280,CGPT/USDT:USDT,0.10202,60.0,0.10201,57.0,0.10208,16.0,0.10209,8.0
1753533157321,12:32:37.321,CGPT/USDT:USDT,0.10203,7.0,0.10202,60.0,0.10204,49.0,0.10208,16.0
1753533157452,12:32:37.452,CGPT/USDT:USDT,0.10202,52.0,0.10201,49.0,0.10203,49.0,0.10208,16.0
1753533157606,12:32:37.606,CGPT/USDT:USDT,0.10202,52.0,0.10201,49.0,0.10203,49.0,0.10208,16.0
1753533157889,12:32:37.889,CGPT/USDT:USDT,0.10202,52.0,0.10201,49.0,0.10203,49.0,0.10208,16.0
1753533158038,12:32:38.038,CGPT/USDT:USDT,0.10202,52.0,0.10201,49.0,0.10203,49.0,0.10208,16.0
1753533158466,12:32:38.466,CGPT/USDT:USDT,0.10202,52.0,0.10201,49.0,0.10203,49.0,0.10208,16.0
1753533158967,12:32:38.967,CGPT/USDT:USDT,0.10202,3.0,0.10201,49.0,0.10203,49.0,0.10205,8.0
1753533159084,12:32:39.084,CGPT/USDT:USDT,0.10202,3.0,0.10201,49.0,0.10203,49.0,0.10205,16.0
1753533159722,12:32:39.722,CGPT/USDT:USDT,0.10202,3.0,0.10201,49.0,0.10203,49.0,0.10205,16.0
1753533160709,12:32:40.709,CGPT/USDT:USDT,0.10202,3.0,0.10201,49.0,0.10203,49.0,0.10205,16.0
1753533161208,12:32:41.208,CGPT/USDT:USDT,0.10202,3.0,0.10201,49.0,0.10203,49.0,0.10205,16.0
1753533162692,12:32:42.692,CGPT/USDT:USDT,0.10202,3.0,0.10201,49.0,0.10203,49.0,0.10205,16.0
1753533162928,12:32:42.928,CGPT/USDT:USDT,0.10202,3.0,0.10201,49.0,0.10203,49.0,0.10205,16.0
1753533165332,12:32:45.332,CGPT/USDT:USDT,0.10202,3.0,0.10201,49.0,0.10203,49.0,0.10205,16.0
1753533165622,12:32:45.622,CGPT/USDT:USDT,0.10202,3.0,0.10201,49.0,0.10203,49.0,0.10205,16.0
1753533167450,12:32:47.450,CGPT/USDT:USDT,0.10202,11.0,0.10201,65.0,0.10214,54.0,0.10215,59.0
1753533167503,12:32:47.503,CGPT/USDT:USDT,0.10202,18.0,0.10201,65.0,0.10214,54.0,0.10215,59.0
1753533167789,12:32:47.789,CGPT/USDT:USDT,0.10202,18.0,0.10201,65.0,0.10214,54.0,0.10215,59.0
1753533167864,12:32:47.864,CGPT/USDT:USDT,0.10202,18.0,0.10201,16.0,0.10214,54.0,0.10215,59.0
1753533167979,12:32:47.979,CGPT/USDT:USDT,0.10202,18.0,0.10201,16.0,0.10214,92.0,0.10215,59.0
1753533168179,12:32:48.179,CGPT/USDT:USDT,0.10202,18.0,0.10201,16.0,0.10203,49.0,0.1021,49.0
1753533168260,12:32:48.260,CGPT/USDT:USDT,0.10202,3.0,0.10199,16.0,0.10203,49.0,0.10205,8.0
1753533168319,12:32:48.319,CGPT/USDT:USDT,0.102,10.0,0.10197,55.0,0.10202,49.0,0.10203,8.0
1753533168430,12:32:48.430,CGPT/USDT:USDT,0.10198,75.0,0.10197,55.0,0.10202,49.0,0.10203,8.0
1753533168674,12:32:48.674,CGPT/USDT:USDT,0.10198,75.0,0.10197,55.0,0.10202,49.0,0.10203,8.0
1753533169048,12:32:49.048,CGPT/USDT:USDT,0.10198,124.0,0.10197,55.0,0.10202,49.0,0.10203,8.0
1753533169098,12:32:49.098,CGPT/USDT:USDT,0.10198,124.0,0.10197,55.0,0.10202,49.0,0.10203,8.0
1753533169522,12:32:49.522,CGPT/USDT:USDT,0.10198,124.0,0.10197,55.0,0.10202,49.0,0.10203,8.0
1753533170956,12:32:50.956,CGPT/USDT:USDT,0.10198,124.0,0.10197,55.0,0.10202,49.0,0.10203,8.0
1753533171172,12:32:51.172,CGPT/USDT:USDT,0.10198,75.0,0.10197,55.0,0.10202,49.0,0.10203,8.0
1753533171273,12:32:51.273,CGPT/USDT:USDT,0.10198,75.0,0.10197,55.0,0.10202,49.0,0.10203,8.0
1753533171554,12:32:51.554,CGPT/USDT:USDT,0.10198,75.0,0.10197,55.0,0.10202,49.0,0.10203,8.0
1753533173018,12:32:53.018,CGPT/USDT:USDT,0.10198,124.0,0.10197,55.0,0.10202,49.0,0.10203,8.0
1753533174352,12:32:54.352,CGPT/USDT:USDT,0.10198,124.0,0.10197,55.0,0.10202,49.0,0.10203,8.0
1753533176200,12:32:56.200,CGPT/USDT:USDT,0.10198,124.0,0.10197,55.0,0.10202,49.0,0.10203,8.0
1753533177383,12:32:57.383,CGPT/USDT:USDT,0.10198,124.0,0.10197,55.0,0.10202,49.0,0.10203,8.0
1753533178017,12:32:58.017,CGPT/USDT:USDT,0.10198,124.0,0.10197,55.0,0.10202,49.0,0.10203,8.0
1753533178210,12:32:58.210,CGPT/USDT:USDT,0.10198,26.0,0.10197,55.0,0.10202,49.0,0.10203,8.0
1753533178331,12:32:58.331,CGPT/USDT:USDT,0.10198,124.0,0.10197,55.0,0.10202,57.0,0.10203,8.0
1753533180229,12:33:00.229,CGPT/USDT:USDT,0.10198,124.0,0.10197,55.0,0.10202,49.0,0.10203,8.0
1753533180387,12:33:00.387,CGPT/USDT:USDT,0.10198,124.0,0.10197,55.0,0.10202,49.0,0.10203,8.0
1753533180762,12:33:00.762,CGPT/USDT:USDT,0.10198,124.0,0.10195,55.0,0.10202,49.0,0.10203,8.0
1753533180815,12:33:00.815,CGPT/USDT:USDT,0.10198,124.0,0.10195,55.0,0.10202,49.0,0.10203,8.0
1753533180943,12:33:00.943,CGPT/USDT:USDT,0.10198,173.0,0.10195,55.0,0.10202,49.0,0.10203,8.0
1753533181030,12:33:01.030,CGPT/USDT:USDT,0.10198,222.0,0.10195,55.0,0.10202,49.0,0.10203,8.0
1753533181232,12:33:01.232,CGPT/USDT:USDT,0.10198,173.0,0.10195,55.0,0.10202,49.0,0.10203,8.0
1753533181448,12:33:01.448,CGPT/USDT:USDT,0.10198,173.0,0.10195,55.0,0.10202,49.0,0.10203,8.0
1753533181654,12:33:01.654,CGPT/USDT:USDT,0.10198,173.0,0.10195,55.0,0.10202,49.0,0.10203,8.0
1753533181743,12:33:01.743,CGPT/USDT:USDT,0.10198,173.0,0.10195,55.0,0.10202,49.0,0.10203,8.0
1753533181806,12:33:01.806,CGPT/USDT:USDT,0.10198,173.0,0.10195,55.0,0.10202,49.0,0.10203,8.0
1753533181924,12:33:01.924,CGPT/USDT:USDT,0.10198,173.0,0.10195,55.0,0.10202,49.0,0.10203,8.0
1753533182095,12:33:02.095,CGPT/USDT:USDT,0.10198,18.0,0.10195,55.0,0.10202,57.0,0.10203,8.0
1753533182181,12:33:02.181,CGPT/USDT:USDT,0.10196,59.0,0.10193,56.0,0.10198,49.0,0.102,16.0
1753533182204,12:33:02.204,CGPT/USDT:USDT,0.10196,49.0,0.10195,16.0,0.10198,49.0,0.102,16.0
1753533182379,12:33:02.379,CGPT/USDT:USDT,0.10196,49.0,0.10195,16.0,0.10198,49.0,0.102,16.0
1753533182482,12:33:02.482,CGPT/USDT:USDT,0.10196,49.0,0.10195,16.0,0.10198,49.0,0.102,16.0
1753533183179,12:33:03.179,CGPT/USDT:USDT,0.10196,49.0,0.10195,16.0,0.10198,49.0,0.102,16.0
1753533183240,12:33:03.240,CGPT/USDT:USDT,0.10196,49.0,0.10195,16.0,0.10198,49.0,0.102,16.0
1753533183540,12:33:03.540,CGPT/USDT:USDT,0.10196,49.0,0.10195,16.0,0.10198,49.0,0.102,16.0
1753533183717,12:33:03.717,CGPT/USDT:USDT,0.10196,49.0,0.10195,16.0,0.10198,49.0,0.102,16.0
1753533184493,12:33:04.493,CGPT/USDT:USDT,0.10195,16.0,0.10193,351.0,0.10209,49.0,0.1021,55.0
1753533184580,12:33:04.580,CGPT/USDT:USDT,0.10196,10.0,0.10195,16.0,0.10203,49.0,0.10204,49.0
1753533184668,12:33:04.668,CGPT/USDT:USDT,0.10196,108.0,0.10195,16.0,0.10202,57.0,0.1021,55.0
1753533184966,12:33:04.966,CGPT/USDT:USDT,0.10196,157.0,0.10195,16.0,0.10202,57.0,0.1021,55.0
1753533185788,12:33:05.788,CGPT/USDT:USDT,0.10196,206.0,0.10195,16.0,0.10202,57.0,0.1021,55.0
1753533185893,12:33:05.893,CGPT/USDT:USDT,0.10196,206.0,0.10195,16.0,0.10202,57.0,0.1021,55.0
1753533186061,12:33:06.061,CGPT/USDT:USDT,0.10196,206.0,0.10195,16.0,0.10202,57.0,0.1021,55.0
1753533186207,12:33:06.207,CGPT/USDT:USDT,0.10196,206.0,0.10195,16.0,0.10202,57.0,0.1021,55.0
1753533186424,12:33:06.424,CGPT/USDT:USDT,0.10196,206.0,0.10195,16.0,0.10202,57.0,0.1021,55.0
1753533187693,12:33:07.693,CGPT/USDT:USDT,0.10196,206.0,0.10195,16.0,0.10202,57.0,0.1021,55.0
1753533188852,12:33:08.852,CGPT/USDT:USDT,0.10196,206.0,0.10195,16.0,0.10202,65.0,0.1021,55.0
1753533188929,12:33:08.929,CGPT/USDT:USDT,0.10196,206.0,0.10195,16.0,0.10202,65.0,0.1021,55.0
1753533189016,12:33:09.016,CGPT/USDT:USDT,0.10196,206.0,0.10195,16.0,0.10202,65.0,0.1021,55.0
1753533190168,12:33:10.168,CGPT/USDT:USDT,0.10196,157.0,0.10195,16.0,0.10202,65.0,0.1021,55.0
1753533190344,12:33:10.344,CGPT/USDT:USDT,0.10196,157.0,0.10195,16.0,0.10202,65.0,0.1021,55.0
1753533190482,12:33:10.482,CGPT/USDT:USDT,0.10196,157.0,0.10195,16.0,0.10202,65.0,0.1021,55.0
1753533191635,12:33:11.635,CGPT/USDT:USDT,0.10196,157.0,0.10195,16.0,0.10202,65.0,0.1021,55.0
1753533191870,12:33:11.870,CGPT/USDT:USDT,0.10196,157.0,0.10195,16.0,0.10202,65.0,0.1021,55.0
1753533191988,12:33:11.988,CGPT/USDT:USDT,0.10196,157.0,0.10195,16.0,0.10202,65.0,0.1021,55.0
1753533192001,12:33:12.001,CGPT/USDT:USDT,0.10196,157.0,0.10195,16.0,0.10202,65.0,0.1021,55.0
1753533192291,12:33:12.291,CGPT/USDT:USDT,0.10196,206.0,0.10195,16.0,0.10202,65.0,0.1021,55.0
1753533193774,12:33:13.774,CGPT/USDT:USDT,0.10196,206.0,0.10195,16.0,0.10202,65.0,0.1021,55.0
1753533193859,12:33:13.859,CGPT/USDT:USDT,0.10196,206.0,0.10195,16.0,0.10202,65.0,0.1021,55.0
1753533193939,12:33:13.939,CGPT/USDT:USDT,0.10196,206.0,0.10195,16.0,0.10202,65.0,0.1021,55.0
1753533194014,12:33:14.014,CGPT/USDT:USDT,0.10196,157.0,0.10195,16.0,0.10202,65.0,0.1021,55.0
1753533194642,12:33:14.642,CGPT/USDT:USDT,0.10196,157.0,0.10195,16.0,0.10202,65.0,0.1021,55.0
1753533194844,12:33:14.844,CGPT/USDT:USDT,0.10196,157.0,0.10195,16.0,0.10202,65.0,0.1021,55.0
1753533195076,12:33:15.076,CGPT/USDT:USDT,0.10196,157.0,0.10195,16.0,0.10202,65.0,0.1021,55.0
1753533195573,12:33:15.573,CGPT/USDT:USDT,0.10196,157.0,0.10195,16.0,0.10202,65.0,0.1021,55.0
1753533196120,12:33:16.120,CGPT/USDT:USDT,0.10196,157.0,0.10195,16.0,0.10202,65.0,0.1021,55.0
1753533196260,12:33:16.260,CGPT/USDT:USDT,0.10196,206.0,0.10195,16.0,0.10202,65.0,0.1021,55.0
1753533196346,12:33:16.346,CGPT/USDT:USDT,0.10196,157.0,0.10195,16.0,0.10202,65.0,0.1021,55.0
1753533196973,12:33:16.973,CGPT/USDT:USDT,0.10196,157.0,0.10195,16.0,0.10202,65.0,0.1021,55.0
1753533197230,12:33:17.230,CGPT/USDT:USDT,0.10196,157.0,0.10195,16.0,0.10202,65.0,0.1021,55.0
1753533197297,12:33:17.297,CGPT/USDT:USDT,0.10196,157.0,0.10195,16.0,0.10202,65.0,0.1021,55.0
1753533197566,12:33:17.566,CGPT/USDT:USDT,0.10196,157.0,0.10195,16.0,0.10202,65.0,0.1021,55.0
1753533197643,12:33:17.643,CGPT/USDT:USDT,0.10196,206.0,0.10195,16.0,0.10202,65.0,0.1021,55.0
1753533197906,12:33:17.906,CGPT/USDT:USDT,0.10196,206.0,0.10195,16.0,0.10202,65.0,0.1021,55.0
1753533198754,12:33:18.754,CGPT/USDT:USDT,0.10196,206.0,0.10195,16.0,0.10202,65.0,0.1021,55.0
1753533199171,12:33:19.171,CGPT/USDT:USDT,0.10196,206.0,0.10195,16.0,0.10202,65.0,0.1021,55.0
1753533199692,12:33:19.692,CGPT/USDT:USDT,0.10196,206.0,0.10195,16.0,0.10198,49.0,0.10199,49.0
1753533199731,12:33:19.731,CGPT/USDT:USDT,0.10196,196.0,0.10195,16.0,0.1021,55.0,0.10213,50.0
1753533199881,12:33:19.881,CGPT/USDT:USDT,0.10197,108.0,0.10193,351.0,0.10205,49.0,0.10206,49.0
1753533199980,12:33:19.980,CGPT/USDT:USDT,0.10197,173.0,0.10193,351.0,0.10201,57.0,0.10202,8.0
1753533200391,12:33:20.391,CGPT/USDT:USDT,0.10197,165.0,0.10193,351.0,0.10201,57.0,0.10202,8.0
1753533200683,12:33:20.683,CGPT/USDT:USDT,0.10197,165.0,0.10193,351.0,0.10201,57.0,0.10202,8.0
1753533200851,12:33:20.851,CGPT/USDT:USDT,0.10197,165.0,0.10196,8.0,0.10201,65.0,0.10202,16.0
1753533201654,12:33:21.654,CGPT/USDT:USDT,0.10197,165.0,0.10196,8.0,0.10201,65.0,0.10202,16.0
1753533201850,12:33:21.850,CGPT/USDT:USDT,0.10197,165.0,0.10196,8.0,0.10201,65.0,0.10202,16.0
1753533202042,12:33:22.042,CGPT/USDT:USDT,0.10197,165.0,0.10196,8.0,0.10201,65.0,0.10202,16.0
1753533202455,12:33:22.455,CGPT/USDT:USDT,0.10197,165.0,0.10196,8.0,0.10201,65.0,0.10202,16.0
1753533203060,12:33:23.060,CGPT/USDT:USDT,0.10197,116.0,0.10196,8.0,0.10201,65.0,0.10202,16.0
1753533203446,12:33:23.446,CGPT/USDT:USDT,0.10197,165.0,0.10196,8.0,0.10201,65.0,0.10202,16.0
1753533203497,12:33:23.497,CGPT/USDT:USDT,0.10197,116.0,0.10196,8.0,0.10201,65.0,0.10202,16.0
1753533203699,12:33:23.699,CGPT/USDT:USDT,0.10197,116.0,0.10196,8.0,0.10201,65.0,0.10202,16.0
1753533205069,12:33:25.069,CGPT/USDT:USDT,0.10197,116.0,0.10196,8.0,0.10201,65.0,0.10202,16.0
1753533205194,12:33:25.194,CGPT/USDT:USDT,0.10197,10.0,0.10195,8.0,0.10198,49.0,0.10201,16.0
1753533205287,12:33:25.287,CGPT/USDT:USDT,0.10191,71.0,0.1019,59.0,0.1021,60.0,0.10213,50.0
1753533205380,12:33:25.380,CGPT/USDT:USDT,0.10191,120.0,0.1019,59.0,0.10203,49.0,0.10204,49.0
1753533205481,12:33:25.481,CGPT/USDT:USDT,0.10192,108.0,0.10191,120.0,0.10198,49.0,0.10199,49.0
1753533205546,12:33:25.546,CGPT/USDT:USDT,0.10192,108.0,0.10191,120.0,0.10196,49.0,0.10209,60.0
1753533205761,12:33:25.761,CGPT/USDT:USDT,0.10192,108.0,0.10191,120.0,0.10196,49.0,0.10209,60.0
1753533206071,12:33:26.071,CGPT/USDT:USDT,0.10192,108.0,0.10191,120.0,0.10208,55.0,0.10209,60.0
1753533206188,12:33:26.188,CGPT/USDT:USDT,0.10193,55.0,0.10192,108.0,0.10208,55.0,0.10209,60.0
1753533206283,12:33:26.283,CGPT/USDT:USDT,0.10193,55.0,0.10192,108.0,0.10208,55.0,0.10209,60.0
1753533206573,12:33:26.573,CGPT/USDT:USDT,0.10193,55.0,0.10192,108.0,0.10208,55.0,0.10209,60.0
1753533206621,12:33:26.621,CGPT/USDT:USDT,0.10193,55.0,0.10192,108.0,0.10208,55.0,0.10209,60.0
1753533206872,12:33:26.872,CGPT/USDT:USDT,0.10193,55.0,0.10192,108.0,0.10208,136.0,0.10209,60.0
1753533207382,12:33:27.382,CGPT/USDT:USDT,0.10193,55.0,0.10192,10.0,0.10204,49.0,0.10205,49.0
1753533207483,12:33:27.483,CGPT/USDT:USDT,0.10193,251.0,0.10192,10.0,0.10196,49.0,0.10197,49.0
1753533207594,12:33:27.594,CGPT/USDT:USDT,0.10193,251.0,0.10192,10.0,0.10208,55.0,0.10209,60.0
1753533207695,12:33:27.695,CGPT/USDT:USDT,0.10193,251.0,0.10192,3.0,0.10208,55.0,0.10209,60.0
1753533207780,12:33:27.780,CGPT/USDT:USDT,0.10194,10.0,0.10193,202.0,0.10203,49.0,0.10204,65.0
1753533207880,12:33:27.880,CGPT/USDT:USDT,0.10194,26.0,0.10193,202.0,0.10203,49.0,0.10204,16.0
1753533208312,12:33:28.312,CGPT/USDT:USDT,0.10194,26.0,0.10193,202.0,0.10203,49.0,0.10204,16.0
1753533208757,12:33:28.757,CGPT/USDT:USDT,0.10194,26.0,0.10193,202.0,0.10203,49.0,0.10204,16.0
1753533208883,12:33:28.883,CGPT/USDT:USDT,0.10194,26.0,0.10193,202.0,0.10203,49.0,0.10204,16.0
1753533209198,12:33:29.198,CGPT/USDT:USDT,0.10194,26.0,0.10193,202.0,0.10203,49.0,0.10204,16.0
1753533209451,12:33:29.451,CGPT/USDT:USDT,0.10194,26.0,0.10193,202.0,0.10203,49.0,0.10204,16.0
1753533209622,12:33:29.622,CGPT/USDT:USDT,0.10194,26.0,0.10193,202.0,0.10203,49.0,0.10204,16.0
1753533210621,12:33:30.621,CGPT/USDT:USDT,0.10194,26.0,0.10193,202.0,0.10203,49.0,0.10204,16.0
1753533210850,12:33:30.850,CGPT/USDT:USDT,0.10194,26.0,0.10193,55.0,0.10203,49.0,0.10204,16.0
1753533210976,12:33:30.976,CGPT/USDT:USDT,0.10194,114.0,0.10193,55.0,0.10201,65.0,0.10202,16.0
1753533211088,12:33:31.088,CGPT/USDT:USDT,0.10194,16.0,0.10193,55.0,0.10201,16.0,0.10202,16.0
1753533211115,12:33:31.115,CGPT/USDT:USDT,0.10194,16.0,0.10193,55.0,0.10201,16.0,0.10202,16.0
1753533211257,12:33:31.257,CGPT/USDT:USDT,0.10194,16.0,0.10193,55.0,0.10201,16.0,0.10202,16.0
1753533211313,12:33:31.313,CGPT/USDT:USDT,0.10194,65.0,0.10193,55.0,0.10201,16.0,0.10202,16.0
1753533211731,12:33:31.731,CGPT/USDT:USDT,0.10194,65.0,0.10193,55.0,0.10201,16.0,0.10202,16.0
1753533212155,12:33:32.155,CGPT/USDT:USDT,0.10194,65.0,0.10193,55.0,0.10201,16.0,0.10202,16.0
1753533212473,12:33:32.473,CGPT/USDT:USDT,0.10194,65.0,0.10191,55.0,0.10201,16.0,0.10202,16.0
1753533213776,12:33:33.776,CGPT/USDT:USDT,0.10194,65.0,0.10191,55.0,0.10201,16.0,0.10202,16.0
1753533213807,12:33:33.807,CGPT/USDT:USDT,0.10194,65.0,0.10191,55.0,0.10201,16.0,0.10202,16.0
1753533214107,12:33:34.107,CGPT/USDT:USDT,0.10194,163.0,0.10191,55.0,0.10201,16.0,0.10202,16.0
1753533214203,12:33:34.203,CGPT/USDT:USDT,0.10194,163.0,0.10192,10.0,0.10201,16.0,0.10202,16.0
1753533214666,12:33:34.666,CGPT/USDT:USDT,0.10194,212.0,0.10192,10.0,0.10201,16.0,0.10202,16.0
1753533214759,12:33:34.759,CGPT/USDT:USDT,0.10195,10.0,0.10194,114.0,0.10198,49.0,0.10201,16.0
1753533214855,12:33:34.855,CGPT/USDT:USDT,0.10194,163.0,0.10191,55.0,0.10198,49.0,0.10201,16.0
1753533214993,12:33:34.993,CGPT/USDT:USDT,0.10194,163.0,0.10192,10.0,0.10198,49.0,0.10201,16.0
1753533215265,12:33:35.265,CGPT/USDT:USDT,0.10194,212.0,0.10192,10.0,0.10198,49.0,0.10201,16.0
1753533215304,12:33:35.304,CGPT/USDT:USDT,0.10195,10.0,0.10194,212.0,0.10198,49.0,0.10201,16.0
1753533215662,12:33:35.662,CGPT/USDT:USDT,0.10195,10.0,0.10194,114.0,0.10208,55.0,0.10209,60.0
1753533215780,12:33:35.780,CGPT/USDT:USDT,0.10194,163.0,0.10191,55.0,0.10204,49.0,0.10208,55.0
1753533215862,12:33:35.862,CGPT/USDT:USDT,0.10194,163.0,0.10192,10.0,0.10204,49.0,0.10208,55.0
1753533216124,12:33:36.124,CGPT/USDT:USDT,0.10194,163.0,0.10192,10.0,0.10204,49.0,0.10208,55.0
1753533216242,12:33:36.242,CGPT/USDT:USDT,0.10194,163.0,0.10192,10.0,0.10204,49.0,0.10208,55.0
1753533216318,12:33:36.318,CGPT/USDT:USDT,0.10194,163.0,0.10192,10.0,0.10204,49.0,0.10208,55.0
1753533216668,12:33:36.668,CGPT/USDT:USDT,0.10194,163.0,0.10192,10.0,0.10204,49.0,0.10208,55.0
1753533217930,12:33:37.930,CGPT/USDT:USDT,0.10194,163.0,0.10192,10.0,0.10204,49.0,0.10208,55.0
1753533218002,12:33:38.002,CGPT/USDT:USDT,0.10194,163.0,0.10192,10.0,0.10204,49.0,0.10208,55.0
1753533218300,12:33:38.300,CGPT/USDT:USDT,0.10194,163.0,0.10192,10.0,0.10204,49.0,0.10208,55.0
1753533218460,12:33:38.460,CGPT/USDT:USDT,0.10194,163.0,0.10192,10.0,0.10204,49.0,0.10208,55.0
1753533218945,12:33:38.945,CGPT/USDT:USDT,0.10194,212.0,0.10192,10.0,0.10204,49.0,0.10208,55.0
1753533219081,12:33:39.081,CGPT/USDT:USDT,0.10195,157.0,0.10194,16.0,0.10199,49.0,0.102,57.0
1753533219121,12:33:39.121,CGPT/USDT:USDT,0.10195,147.0,0.10194,16.0,0.10198,49.0,0.102,8.0
1753533219605,12:33:39.605,CGPT/USDT:USDT,0.10195,147.0,0.10194,16.0,0.10198,49.0,0.102,8.0
1753533220961,12:33:40.961,CGPT/USDT:USDT,0.10195,147.0,0.10194,16.0,0.10198,49.0,0.102,8.0
1753533221253,12:33:41.253,CGPT/USDT:USDT,0.10195,147.0,0.10194,16.0,0.10198,49.0,0.102,8.0
1753533221475,12:33:41.475,CGPT/USDT:USDT,0.10195,147.0,0.10194,16.0,0.10198,49.0,0.102,8.0
1753533222084,12:33:42.084,CGPT/USDT:USDT,0.10195,147.0,0.10194,16.0,0.10198,49.0,0.10199,8.0
1753533222635,12:33:42.635,CGPT/USDT:USDT,0.10195,147.0,0.10194,16.0,0.10198,49.0,0.10199,8.0
1753533224517,12:33:44.517,CGPT/USDT:USDT,0.10195,147.0,0.10194,16.0,0.10198,49.0,0.10199,8.0
1753533224865,12:33:44.865,CGPT/USDT:USDT,0.10195,147.0,0.10194,16.0,0.10198,49.0,0.10208,55.0
1753533224981,12:33:44.981,CGPT/USDT:USDT,0.10195,147.0,0.10194,16.0,0.10198,49.0,0.102,8.0
1753533225461,12:33:45.461,CGPT/USDT:USDT,0.10195,147.0,0.10194,16.0,0.10198,49.0,0.102,8.0
1753533225690,12:33:45.690,CGPT/USDT:USDT,0.10195,147.0,0.10194,16.0,0.10198,49.0,0.102,8.0
1753533227482,12:33:47.482,CGPT/USDT:USDT,0.10194,16.0,0.10192,10.0,0.10198,49.0,0.102,8.0
1753533227544,12:33:47.544,CGPT/USDT:USDT,0.10194,57.0,0.10193,8.0,0.10197,49.0,0.10199,8.0
1753533228587,12:33:48.587,CGPT/USDT:USDT,0.10194,57.0,0.10193,8.0,0.10197,49.0,0.10199,8.0
1753533228783,12:33:48.783,CGPT/USDT:USDT,0.10194,155.0,0.10193,8.0,0.10199,8.0,0.102,8.0
1753533228883,12:33:48.883,CGPT/USDT:USDT,0.10194,155.0,0.10193,8.0,0.10208,49.0,0.10209,49.0
1753533228986,12:33:48.986,CGPT/USDT:USDT,0.10194,204.0,0.10193,8.0,0.10203,49.0,0.10204,49.0
1753533229092,12:33:49.092,CGPT/USDT:USDT,0.10195,10.0,0.10194,155.0,0.10199,49.0,0.10201,16.0
1753533229104,12:33:49.104,CGPT/USDT:USDT,0.10194,155.0,0.10193,8.0,0.10199,49.0,0.10201,16.0
1753533229440,12:33:49.440,CGPT/USDT:USDT,0.10194,204.0,0.10193,8.0,0.10199,49.0,0.10201,16.0
1753533229562,12:33:49.562,CGPT/USDT:USDT,0.10195,10.0,0.10194,155.0,0.10199,49.0,0.10201,16.0
1753533229623,12:33:49.623,CGPT/USDT:USDT,0.10194,155.0,0.10193,8.0,0.10198,49.0,0.10201,16.0
1753533229857,12:33:49.857,CGPT/USDT:USDT,0.10194,155.0,0.10193,8.0,0.10198,49.0,0.10201,16.0
1753533230360,12:33:50.360,CGPT/USDT:USDT,0.10194,155.0,0.10193,8.0,0.10198,49.0,0.10201,16.0
1753533230401,12:33:50.401,CGPT/USDT:USDT,0.10194,155.0,0.10193,8.0,0.10198,49.0,0.10201,16.0
1753533230687,12:33:50.687,CGPT/USDT:USDT,0.10194,155.0,0.10193,8.0,0.10198,49.0,0.10201,16.0
1753533230845,12:33:50.845,CGPT/USDT:USDT,0.10194,155.0,0.10193,8.0,0.10198,49.0,0.10201,16.0
1753533230960,12:33:50.960,CGPT/USDT:USDT,0.10194,155.0,0.10193,8.0,0.10198,49.0,0.10201,16.0
1753533231276,12:33:51.276,CGPT/USDT:USDT,0.10194,155.0,0.10193,8.0,0.10198,49.0,0.10201,16.0
1753533231650,12:33:51.650,CGPT/USDT:USDT,0.10194,155.0,0.10193,8.0,0.10198,49.0,0.10199,8.0
1753533231738,12:33:51.738,CGPT/USDT:USDT,0.10194,204.0,0.10193,8.0,0.10198,49.0,0.10199,8.0
1753533231804,12:33:51.804,CGPT/USDT:USDT,0.10195,10.0,0.10194,204.0,0.10198,49.0,0.10199,8.0
1753533232093,12:33:52.093,CGPT/USDT:USDT,0.10195,10.0,0.10194,8.0,0.10198,49.0,0.10199,8.0
1753533232103,12:33:52.103,CGPT/USDT:USDT,0.10195,98.0,0.10194,8.0,0.10198,49.0,0.10199,16.0
1753533232742,12:33:52.742,CGPT/USDT:USDT,0.10195,98.0,0.10194,8.0,0.10198,49.0,0.10199,16.0
1753533233129,12:33:53.129,CGPT/USDT:USDT,0.10195,49.0,0.10194,8.0,0.10198,49.0,0.10199,16.0
1753533233265,12:33:53.265,CGPT/USDT:USDT,0.10195,49.0,0.10194,8.0,0.10198,49.0,0.10199,16.0
1753533233960,12:33:53.960,CGPT/USDT:USDT,0.10195,98.0,0.10194,8.0,0.10198,49.0,0.10199,16.0
1753533234016,12:33:54.016,CGPT/USDT:USDT,0.10195,49.0,0.10194,8.0,0.10198,49.0,0.10199,16.0
1753533234521,12:33:54.521,CGPT/USDT:USDT,0.10195,98.0,0.10194,8.0,0.10198,49.0,0.10199,16.0
1753533235166,12:33:55.166,CGPT/USDT:USDT,0.10195,147.0,0.10194,8.0,0.10198,49.0,0.10199,16.0
1753533235218,12:33:55.218,CGPT/USDT:USDT,0.10195,98.0,0.10194,8.0,0.10198,49.0,0.10199,16.0
1753533235304,12:33:55.304,CGPT/USDT:USDT,0.10195,98.0,0.10194,8.0,0.10198,49.0,0.10199,16.0
1753533235717,12:33:55.717,CGPT/USDT:USDT,0.10195,98.0,0.10194,8.0,0.10198,49.0,0.10199,16.0
1753533236440,12:33:56.440,CGPT/USDT:USDT,0.10195,98.0,0.10194,8.0,0.10198,49.0,0.10199,16.0
1753533237323,12:33:57.323,CGPT/USDT:USDT,0.10195,98.0,0.10194,8.0,0.10198,49.0,0.10199,16.0
1753533239003,12:33:59.003,CGPT/USDT:USDT,0.10195,98.0,0.10194,8.0,0.10198,49.0,0.10199,16.0
1753533239166,12:33:59.166,CGPT/USDT:USDT,0.10195,98.0,0.10194,8.0,0.10198,49.0,0.10199,16.0
1753533239268,12:33:59.268,CGPT/USDT:USDT,0.10195,98.0,0.10194,8.0,0.10198,49.0,0.10199,16.0
1753533239450,12:33:59.450,CGPT/USDT:USDT,0.10195,98.0,0.10194,8.0,0.10198,49.0,0.10199,16.0
1753533239751,12:33:59.751,CGPT/USDT:USDT,0.10195,155.0,0.10194,16.0,0.10198,49.0,0.10211,5.0
1753533239805,12:33:59.805,CGPT/USDT:USDT,0.10195,155.0,0.10194,16.0,0.10198,49.0,0.10211,5.0
1753533240795,12:34:00.795,CGPT/USDT:USDT,0.10195,155.0,0.10194,16.0,0.10198,49.0,0.10211,5.0
1753533240806,12:34:00.806,CGPT/USDT:USDT,0.10195,155.0,0.10194,16.0,0.10198,49.0,0.10211,5.0
1753533240963,12:34:00.963,CGPT/USDT:USDT,0.10195,106.0,0.10194,16.0,0.10198,49.0,0.10211,5.0
1753533241008,12:34:01.008,CGPT/USDT:USDT,0.10195,106.0,0.10194,16.0,0.10198,49.0,0.10211,5.0
1753533241112,12:34:01.112,CGPT/USDT:USDT,0.10195,155.0,0.10194,16.0,0.10198,49.0,0.10211,5.0
1753533241213,12:34:01.213,CGPT/USDT:USDT,0.10195,155.0,0.10194,16.0,0.10198,49.0,0.10211,5.0
1753533242081,12:34:02.081,CGPT/USDT:USDT,0.10195,155.0,0.10194,16.0,0.10198,49.0,0.10211,5.0
1753533242249,12:34:02.249,CGPT/USDT:USDT,0.10195,155.0,0.10194,16.0,0.10198,49.0,0.10211,5.0
1753533243071,12:34:03.071,CGPT/USDT:USDT,0.10195,155.0,0.10194,16.0,0.10198,49.0,0.10211,5.0
1753533243147,12:34:03.147,CGPT/USDT:USDT,0.10195,106.0,0.10194,16.0,0.10198,49.0,0.10211,5.0
1753533243281,12:34:03.281,CGPT/USDT:USDT,0.10195,106.0,0.10194,16.0,0.10198,49.0,0.10211,5.0
1753533243372,12:34:03.372,CGPT/USDT:USDT,0.10195,106.0,0.10194,16.0,0.10198,49.0,0.10211,5.0
1753533243588,12:34:03.588,CGPT/USDT:USDT,0.10195,106.0,0.10194,16.0,0.10209,56.0,0.10211,5.0
1753533243640,12:34:03.640,CGPT/USDT:USDT,0.10195,106.0,0.10194,16.0,0.10209,56.0,0.10211,5.0
1753533244074,12:34:04.074,CGPT/USDT:USDT,0.10195,106.0,0.10194,16.0,0.10209,56.0,0.10211,5.0
1753533244494,12:34:04.494,CGPT/USDT:USDT,0.10195,106.0,0.10194,16.0,0.10209,56.0,0.10211,5.0
1753533244880,12:34:04.880,CGPT/USDT:USDT,0.10195,8.0,0.10194,16.0,0.10205,49.0,0.10206,49.0
1753533244981,12:34:04.981,CGPT/USDT:USDT,0.10195,8.0,0.10194,16.0,0.102,49.0,0.10201,49.0
1753533245071,12:34:05.071,CGPT/USDT:USDT,0.10192,16.0,0.10191,55.0,0.10197,49.0,0.10198,8.0
1753533245129,12:34:05.129,CGPT/USDT:USDT,0.10192,16.0,0.10191,55.0,0.10197,49.0,0.10198,8.0
1753533245377,12:34:05.377,CGPT/USDT:USDT,0.10192,16.0,0.10191,55.0,0.10197,49.0,0.10198,8.0
1753533245819,12:34:05.819,CGPT/USDT:USDT,0.10192,16.0,0.10191,55.0,0.10197,49.0,0.10198,8.0
1753533246340,12:34:06.340,CGPT/USDT:USDT,0.10192,16.0,0.10191,55.0,0.10197,49.0,0.10198,8.0
1753533247818,12:34:07.818,CGPT/USDT:USDT,0.10192,16.0,0.10191,55.0,0.10197,49.0,0.10198,8.0
1753533247926,12:34:07.926,CGPT/USDT:USDT,0.10192,16.0,0.10191,55.0,0.10197,49.0,0.10198,8.0
1753533248031,12:34:08.031,CGPT/USDT:USDT,0.10192,16.0,0.10191,55.0,0.10197,49.0,0.10198,8.0
1753533249014,12:34:09.014,CGPT/USDT:USDT,0.10192,16.0,0.10191,55.0,0.10197,49.0,0.10198,8.0
1753533251114,12:34:11.114,CGPT/USDT:USDT,0.10192,16.0,0.10191,55.0,0.10197,49.0,0.10198,8.0
1753533254004,12:34:14.004,CGPT/USDT:USDT,0.10192,16.0,0.10191,55.0,0.10197,49.0,0.10198,8.0
1753533256384,12:34:16.384,CGPT/USDT:USDT,0.10192,16.0,0.10191,55.0,0.10197,49.0,0.10198,8.0
1753533256406,12:34:16.406,CGPT/USDT:USDT,0.10192,16.0,0.10191,55.0,0.10197,49.0,0.10198,8.0
1753533256937,12:34:16.937,CGPT/USDT:USDT,0.10192,16.0,0.10191,55.0,0.10197,49.0,0.10198,8.0
1753533257091,12:34:17.091,CGPT/USDT:USDT,0.10192,70.0,0.10191,55.0,0.10209,56.0,0.10211,5.0
1753533257159,12:34:17.159,CGPT/USDT:USDT,0.10193,10.0,0.10192,70.0,0.10208,25.0,0.10209,56.0
1753533257289,12:34:17.289,CGPT/USDT:USDT,0.10193,10.0,0.10192,70.0,0.10207,25.0,0.10209,56.0
1753533257672,12:34:17.672,CGPT/USDT:USDT,0.10193,10.0,0.10192,70.0,0.10207,25.0,0.10209,56.0
1753533258112,12:34:18.112,CGPT/USDT:USDT,0.10193,10.0,0.10192,70.0,0.10207,25.0,0.10209,56.0
1753533258362,12:34:18.362,CGPT/USDT:USDT,0.10193,64.0,0.10192,70.0,0.10207,25.0,0.10209,56.0
1753533258482,12:34:18.482,CGPT/USDT:USDT,0.10194,103.0,0.10193,64.0,0.10203,25.0,0.10204,25.0
1753533258582,12:34:18.582,CGPT/USDT:USDT,0.10197,25.0,0.10196,25.0,0.10209,56.0,0.10211,5.0
1753533258639,12:34:18.639,CGPT/USDT:USDT,0.10198,35.0,0.10194,54.0,0.10209,56.0,0.10211,5.0
1753533258709,12:34:18.709,CGPT/USDT:USDT,0.10198,35.0,0.10194,54.0,0.10209,56.0,0.10211,5.0
1753533258839,12:34:18.839,CGPT/USDT:USDT,0.10198,35.0,0.10194,54.0,0.10209,56.0,0.10211,5.0
1753533258994,12:34:18.994,CGPT/USDT:USDT,0.10198,35.0,0.10194,54.0,0.10209,56.0,0.10211,5.0
1753533258997,12:34:18.997,CGPT/USDT:USDT,0.10198,35.0,0.10194,54.0,0.10209,56.0,0.10211,5.0
1753533259259,12:34:19.259,CGPT/USDT:USDT,0.10198,10.0,0.10194,54.0,0.10209,56.0,0.10211,5.0
1753533259304,12:34:19.304,CGPT/USDT:USDT,0.10195,10.0,0.10194,54.0,0.10209,56.0,0.10211,5.0
1753533259667,12:34:19.667,CGPT/USDT:USDT,0.10195,10.0,0.10193,54.0,0.10209,56.0,0.10211,5.0
1753533259790,12:34:19.790,CGPT/USDT:USDT,0.10194,10.0,0.10193,54.0,0.10208,196.0,0.10209,56.0
1753533259852,12:34:19.852,CGPT/USDT:USDT,0.10198,25.0,0.10197,8.0,0.10208,212.0,0.10209,56.0
1753533259919,12:34:19.919,CGPT/USDT:USDT,0.10199,10.0,0.10197,8.0,0.10208,212.0,0.10209,56.0
1753533260084,12:34:20.084,CGPT/USDT:USDT,0.10197,8.0,0.10194,10.0,0.10208,406.0,0.10209,56.0
1753533260293,12:34:20.293,CGPT/USDT:USDT,0.10197,8.0,0.10194,10.0,0.10208,406.0,0.10209,56.0
1753533260751,12:34:20.751,CGPT/USDT:USDT,0.102,33.0,0.10199,8.0,0.10208,210.0,0.10211,5.0
1753533260841,12:34:20.841,CGPT/USDT:USDT,0.10201,10.0,0.102,8.0,0.10208,210.0,0.10211,5.0
1753533260963,12:34:20.963,CGPT/USDT:USDT,0.102,18.0,0.10199,8.0,0.10208,210.0,0.10211,5.0
1753533261040,12:34:21.040,CGPT/USDT:USDT,0.102,18.0,0.10199,8.0,0.10208,210.0,0.10211,5.0
1753533261116,12:34:21.116,CGPT/USDT:USDT,0.102,18.0,0.10199,8.0,0.10208,210.0,0.10211,5.0
1753533261806,12:34:21.806,CGPT/USDT:USDT,0.102,18.0,0.10199,8.0,0.10208,210.0,0.10211,5.0
1753533261942,12:34:21.942,CGPT/USDT:USDT,0.102,18.0,0.10199,8.0,0.10208,210.0,0.10211,5.0
1753533262040,12:34:22.040,CGPT/USDT:USDT,0.102,18.0,0.10199,8.0,0.10208,210.0,0.10211,5.0
1753533262640,12:34:22.640,CGPT/USDT:USDT,0.102,18.0,0.10199,8.0,0.10208,210.0,0.10211,5.0
1753533262805,12:34:22.805,CGPT/USDT:USDT,0.102,18.0,0.10199,8.0,0.10208,210.0,0.10211,5.0
1753533262964,12:34:22.964,CGPT/USDT:USDT,0.102,18.0,0.10199,8.0,0.10208,16.0,0.10211,5.0
1753533263173,12:34:23.173,CGPT/USDT:USDT,0.102,18.0,0.10199,8.0,0.10208,16.0,0.10211,5.0
1753533263392,12:34:23.392,CGPT/USDT:USDT,0.102,18.0,0.10199,8.0,0.10208,16.0,0.10211,5.0
1753533263595,12:34:23.595,CGPT/USDT:USDT,0.102,18.0,0.10199,8.0,0.10208,16.0,0.10211,5.0
1753533263596,12:34:23.596,CGPT/USDT:USDT,0.102,18.0,0.10199,8.0,0.10208,16.0,0.10211,5.0
1753533263846,12:34:23.846,CGPT/USDT:USDT,0.102,18.0,0.10199,8.0,0.10207,25.0,0.10208,16.0
1753533264063,12:34:24.063,CGPT/USDT:USDT,0.102,18.0,0.10199,8.0,0.10207,25.0,0.10208,16.0
1753533264434,12:34:24.434,CGPT/USDT:USDT,0.102,18.0,0.10199,8.0,0.10207,25.0,0.10208,16.0
1753533264504,12:34:24.504,CGPT/USDT:USDT,0.102,19.0,0.10199,8.0,0.10207,25.0,0.10208,16.0
1753533264727,12:34:24.727,CGPT/USDT:USDT,0.102,19.0,0.10199,8.0,0.10207,25.0,0.10208,16.0
1753533264857,12:34:24.857,CGPT/USDT:USDT,0.102,19.0,0.10199,8.0,0.10207,25.0,0.10208,16.0
1753533265252,12:34:25.252,CGPT/USDT:USDT,0.10202,25.0,0.10201,8.0,0.10208,16.0,0.10212,55.0
1753533265393,12:34:25.393,CGPT/USDT:USDT,0.10203,11.0,0.10201,8.0,0.10208,16.0,0.10212,55.0
1753533265427,12:34:25.427,CGPT/USDT:USDT,0.10201,19.0,0.102,16.0,0.10207,25.0,0.10208,16.0
1753533265679,12:34:25.679,CGPT/USDT:USDT,0.10203,33.0,0.10202,8.0,0.10208,8.0,0.10212,55.0
1753533265781,12:34:25.781,CGPT/USDT:USDT,0.10204,11.0,0.10203,8.0,0.10208,8.0,0.1021,8.0
1753533265809,12:34:25.809,CGPT/USDT:USDT,0.10203,19.0,0.10202,8.0,0.10208,8.0,0.1021,8.0
1753533265980,12:34:25.980,CGPT/USDT:USDT,0.10203,19.0,0.10202,8.0,0.10208,8.0,0.1021,8.0
1753533266104,12:34:26.104,CGPT/USDT:USDT,0.10203,19.0,0.10202,8.0,0.10208,8.0,0.1021,8.0
1753533266883,12:34:26.883,CGPT/USDT:USDT,0.10203,19.0,0.10202,8.0,0.10208,8.0,0.1021,8.0
1753533266938,12:34:26.938,CGPT/USDT:USDT,0.10203,19.0,0.10202,8.0,0.10208,8.0,0.1021,8.0
1753533267119,12:34:27.119,CGPT/USDT:USDT,0.10203,19.0,0.10202,8.0,0.10208,8.0,0.1021,8.0
1753533267361,12:34:27.361,CGPT/USDT:USDT,0.10203,19.0,0.10202,8.0,0.10208,8.0,0.1021,8.0
1753533267739,12:34:27.739,CGPT/USDT:USDT,0.10203,19.0,0.10202,8.0,0.10208,8.0,0.1021,8.0
1753533268118,12:34:28.118,CGPT/USDT:USDT,0.10203,19.0,0.10202,8.0,0.10208,8.0,0.1021,8.0
1753533268373,12:34:28.373,CGPT/USDT:USDT,0.10203,19.0,0.10202,8.0,0.10208,8.0,0.1021,8.0
1753533268582,12:34:28.582,CGPT/USDT:USDT,0.10203,19.0,0.10202,8.0,0.10208,8.0,0.1021,8.0
1753533268696,12:34:28.696,CGPT/USDT:USDT,0.10203,19.0,0.10202,8.0,0.10208,8.0,0.1021,8.0
1753533268760,12:34:28.760,CGPT/USDT:USDT,0.10203,19.0,0.10202,8.0,0.10208,8.0,0.1021,8.0
1753533268980,12:34:28.980,CGPT/USDT:USDT,0.10195,25.0,0.10194,25.0,0.10207,55.0,0.10208,63.0
1753533269080,12:34:29.080,CGPT/USDT:USDT,0.10201,25.0,0.102,25.0,0.10207,8.0,0.10208,63.0
1753533269101,12:34:29.101,CGPT/USDT:USDT,0.10201,25.0,0.10198,16.0,0.10207,8.0,0.10208,8.0
1753533269279,12:34:29.279,CGPT/USDT:USDT,0.10204,1.0,0.10202,4.0,0.10207,8.0,0.10208,8.0
1753533269395,12:34:29.395,CGPT/USDT:USDT,0.10199,2.0,0.10198,16.0,0.10207,18.0,0.10208,8.0
1753533269400,12:34:29.400,CGPT/USDT:USDT,0.10199,2.0,0.10198,16.0,0.10207,18.0,0.10208,8.0
1753533269811,12:34:29.811,CGPT/USDT:USDT,0.10199,2.0,0.10198,16.0,0.10207,18.0,0.10208,8.0
1753533271161,12:34:31.161,CGPT/USDT:USDT,0.10199,2.0,0.10198,16.0,0.10207,18.0,0.10208,8.0
1753533274104,12:34:34.104,CGPT/USDT:USDT,0.10199,2.0,0.10198,16.0,0.10207,18.0,0.10208,8.0
1753533276649,12:34:36.649,CGPT/USDT:USDT,0.10199,2.0,0.10198,16.0,0.10207,18.0,0.10208,8.0
1753533277085,12:34:37.085,CGPT/USDT:USDT,0.10199,2.0,0.10198,16.0,0.10207,18.0,0.10208,8.0
1753533277181,12:34:37.181,CGPT/USDT:USDT,0.10199,2.0,0.10198,16.0,0.10207,18.0,0.10208,8.0
1753533277352,12:34:37.352,CGPT/USDT:USDT,0.10199,2.0,0.10198,16.0,0.10207,18.0,0.10208,8.0
1753533277487,12:34:37.487,CGPT/USDT:USDT,0.10199,2.0,0.10198,16.0,0.10207,18.0,0.10208,8.0
1753533277627,12:34:37.627,CGPT/USDT:USDT,0.10199,2.0,0.10198,16.0,0.10207,18.0,0.10208,8.0
1753533277908,12:34:37.908,CGPT/USDT:USDT,0.10199,2.0,0.10198,16.0,0.10207,18.0,0.10208,8.0
1753533278042,12:34:38.042,CGPT/USDT:USDT,0.10199,2.0,0.10198,16.0,0.10207,18.0,0.10208,8.0
1753533278195,12:34:38.195,CGPT/USDT:USDT,0.102,25.0,0.10199,2.0,0.10207,18.0,0.10208,8.0
1753533278234,12:34:38.234,CGPT/USDT:USDT,0.10201,2.0,0.10198,16.0,0.10207,18.0,0.10208,8.0
1753533278329,12:34:38.329,CGPT/USDT:USDT,0.10199,2.0,0.10198,16.0,0.10207,18.0,0.10208,8.0
1753533278748,12:34:38.748,CGPT/USDT:USDT,0.10199,2.0,0.10198,16.0,0.10207,18.0,0.10208,8.0
1753533280182,12:34:40.182,CGPT/USDT:USDT,0.10199,2.0,0.10198,16.0,0.10207,18.0,0.10208,8.0
1753533280830,12:34:40.830,CGPT/USDT:USDT,0.10199,2.0,0.10198,16.0,0.10207,18.0,0.10208,8.0
1753533280989,12:34:40.989,CGPT/USDT:USDT,0.10199,2.0,0.10198,16.0,0.10207,18.0,0.10208,8.0
1753533281594,12:34:41.594,CGPT/USDT:USDT,0.10199,2.0,0.10198,16.0,0.10207,18.0,0.10208,8.0
1753533281988,12:34:41.988,CGPT/USDT:USDT,0.10199,2.0,0.10198,16.0,0.10207,18.0,0.10208,8.0
1753533282807,12:34:42.807,CGPT/USDT:USDT,0.10199,2.0,0.10198,16.0,0.10207,18.0,0.10208,8.0
1753533283064,12:34:43.064,CGPT/USDT:USDT,0.10199,2.0,0.10198,16.0,0.10207,18.0,0.10208,8.0
1753533283560,12:34:43.560,CGPT/USDT:USDT,0.10199,2.0,0.10198,16.0,0.10207,18.0,0.10208,8.0
1753533283766,12:34:43.766,CGPT/USDT:USDT,0.10199,2.0,0.10198,16.0,0.10207,18.0,0.10208,8.0
1753533284358,12:34:44.358,CGPT/USDT:USDT,0.10199,2.0,0.10198,16.0,0.10207,18.0,0.10208,8.0
1753533284820,12:34:44.820,CGPT/USDT:USDT,0.10199,2.0,0.10198,16.0,0.10207,18.0,0.10208,8.0
1753533285175,12:34:45.175,CGPT/USDT:USDT,0.10199,2.0,0.10198,16.0,0.10207,58.0,0.10208,8.0
1753533285373,12:34:45.373,CGPT/USDT:USDT,0.10199,2.0,0.10198,16.0,0.10207,58.0,0.10208,8.0
1753533285399,12:34:45.399,CGPT/USDT:USDT,0.10199,2.0,0.10198,16.0,0.10207,58.0,0.10208,8.0
1753533285643,12:34:45.643,CGPT/USDT:USDT,0.10199,2.0,0.10198,16.0,0.10207,58.0,0.10208,8.0
1753533286364,12:34:46.364,CGPT/USDT:USDT,0.10199,2.0,0.10198,16.0,0.10207,58.0,0.10208,8.0
1753533289082,12:34:49.082,CGPT/USDT:USDT,0.10199,2.0,0.10198,16.0,0.10207,58.0,0.10208,8.0
1753533289149,12:34:49.149,CGPT/USDT:USDT,0.10199,2.0,0.10198,16.0,0.10207,58.0,0.10208,8.0
1753533289258,12:34:49.258,CGPT/USDT:USDT,0.10199,2.0,0.10198,16.0,0.10207,58.0,0.10208,8.0
1753533289510,12:34:49.510,CGPT/USDT:USDT,0.10199,2.0,0.10198,16.0,0.10207,58.0,0.10208,8.0
1753533289974,12:34:49.974,CGPT/USDT:USDT,0.10199,2.0,0.10198,16.0,0.10207,58.0,0.10208,8.0
1753533290494,12:34:50.494,CGPT/USDT:USDT,0.10199,2.0,0.10198,16.0,0.10207,58.0,0.10208,8.0
1753533290554,12:34:50.554,CGPT/USDT:USDT,0.10199,2.0,0.10198,16.0,0.10207,58.0,0.10208,8.0
1753533290886,12:34:50.886,CGPT/USDT:USDT,0.10199,2.0,0.10198,16.0,0.10207,58.0,0.10208,8.0
1753533291472,12:34:51.472,CGPT/USDT:USDT,0.10199,2.0,0.10198,16.0,0.10207,58.0,0.10208,8.0
1753533292221,12:34:52.221,CGPT/USDT:USDT,0.10199,2.0,0.10198,16.0,0.10207,58.0,0.10208,8.0
1753533292460,12:34:52.460,CGPT/USDT:USDT,0.10199,2.0,0.10198,16.0,0.10207,58.0,0.10208,8.0
1753533293531,12:34:53.531,CGPT/USDT:USDT,0.10199,2.0,0.10198,16.0,0.10207,58.0,0.10208,8.0
1753533295059,12:34:55.059,CGPT/USDT:USDT,0.10199,2.0,0.10198,16.0,0.10207,58.0,0.10208,8.0
1753533295180,12:34:55.180,CGPT/USDT:USDT,0.10202,25.0,0.10201,16.0,0.10207,10.0,0.10208,8.0
1753533295222,12:34:55.222,CGPT/USDT:USDT,0.10203,2.0,0.10201,16.0,0.10208,8.0,0.1021,18.0
1753533295359,12:34:55.359,CGPT/USDT:USDT,0.10202,2.0,0.10201,16.0,0.10208,8.0,0.1021,18.0
1753533295409,12:34:55.409,CGPT/USDT:USDT,0.10202,2.0,0.10201,16.0,0.10208,8.0,0.1021,18.0
1753533295780,12:34:55.780,CGPT/USDT:USDT,0.10202,2.0,0.10201,16.0,0.10208,8.0,0.1021,18.0
1753533296220,12:34:56.220,CGPT/USDT:USDT,0.10202,2.0,0.10201,16.0,0.10208,8.0,0.1021,18.0
1753533296602,12:34:56.602,CGPT/USDT:USDT,0.10202,2.0,0.10201,16.0,0.10208,8.0,0.1021,18.0
1753533297772,12:34:57.772,CGPT/USDT:USDT,0.10202,2.0,0.10201,16.0,0.10208,8.0,0.1021,18.0
1753533298121,12:34:58.121,CGPT/USDT:USDT,0.10207,25.0,0.10206,16.0,0.1021,10.0,0.10215,50.0
1753533298264,12:34:58.264,CGPT/USDT:USDT,0.10208,1.0,0.10206,16.0,0.10214,10.0,0.10215,66.0
1753533298310,12:34:58.310,CGPT/USDT:USDT,0.10207,2.0,0.10206,16.0,0.10214,10.0,0.10215,66.0
1753533298581,12:34:58.581,CGPT/USDT:USDT,0.10207,2.0,0.10206,16.0,0.10214,10.0,0.10215,66.0
1753533298764,12:34:58.764,CGPT/USDT:USDT,0.10207,2.0,0.10206,16.0,0.10214,10.0,0.10215,66.0
1753533299340,12:34:59.340,CGPT/USDT:USDT,0.10207,2.0,0.10206,16.0,0.10214,10.0,0.10215,66.0
1753533299440,12:34:59.440,CGPT/USDT:USDT,0.10207,2.0,0.10206,16.0,0.10214,10.0,0.10215,66.0
1753533299633,12:34:59.633,CGPT/USDT:USDT,0.10207,2.0,0.10206,16.0,0.10214,10.0,0.10215,66.0
1753533299809,12:34:59.809,CGPT/USDT:USDT,0.10207,2.0,0.10206,16.0,0.10214,10.0,0.10215,66.0
1753533299934,12:34:59.934,CGPT/USDT:USDT,0.10207,2.0,0.10206,16.0,0.10213,56.0,0.10214,10.0
1753533300039,12:35:00.039,CGPT/USDT:USDT,0.10207,2.0,0.10196,55.0,0.10212,26.0,0.10213,16.0
1753533300183,12:35:00.183,CGPT/USDT:USDT,0.10201,25.0,0.10197,2.0,0.10212,26.0,0.10213,16.0
1753533300294,12:35:00.294,CGPT/USDT:USDT,0.10205,25.0,0.10203,8.0,0.10212,26.0,0.10213,16.0
1753533300332,12:35:00.332,CGPT/USDT:USDT,0.10206,2.0,0.10203,8.0,0.10212,26.0,0.10213,16.0
1753533300493,12:35:00.493,CGPT/USDT:USDT,0.10203,10.0,0.10202,8.0,0.10212,26.0,0.10213,16.0
1753533300568,12:35:00.568,CGPT/USDT:USDT,0.10203,10.0,0.10202,8.0,0.10212,26.0,0.10213,16.0
1753533300653,12:35:00.653,CGPT/USDT:USDT,0.10203,2.0,0.10196,55.0,0.10211,100.0,0.10212,26.0
1753533300755,12:35:00.755,CGPT/USDT:USDT,0.10198,25.0,0.10197,2.0,0.1021,10.0,0.10212,71.0
1753533300889,12:35:00.889,CGPT/USDT:USDT,0.10199,2.0,0.10196,55.0,0.10211,10.0,0.10212,71.0
1753533300913,12:35:00.913,CGPT/USDT:USDT,0.10197,2.0,0.10196,55.0,0.10211,10.0,0.10212,71.0
1753533301080,12:35:01.080,CGPT/USDT:USDT,0.10203,25.0,0.10202,25.0,0.10211,10.0,0.10212,71.0
1753533301123,12:35:01.123,CGPT/USDT:USDT,0.10204,2.0,0.102,16.0,0.10211,10.0,0.10212,71.0
1753533301204,12:35:01.204,CGPT/USDT:USDT,0.10201,2.0,0.102,16.0,0.10211,10.0,0.10212,71.0
1753533301425,12:35:01.425,CGPT/USDT:USDT,0.10201,2.0,0.102,16.0,0.10211,65.0,0.10212,71.0
1753533301747,12:35:01.747,CGPT/USDT:USDT,0.10201,2.0,0.102,16.0,0.10211,65.0,0.10212,71.0
1753533301839,12:35:01.839,CGPT/USDT:USDT,0.10204,25.0,0.10201,2.0,0.1021,40.0,0.10211,65.0
1753533301985,12:35:01.985,CGPT/USDT:USDT,0.10205,2.0,0.102,16.0,0.10209,10.0,0.10211,55.0
1753533302062,12:35:02.062,CGPT/USDT:USDT,0.10204,25.0,0.10203,16.0,0.1021,10.0,0.10211,55.0
1753533302156,12:35:02.156,CGPT/USDT:USDT,0.10205,2.0,0.10203,16.0,0.10209,25.0,0.1021,10.0
1753533302219,12:35:02.219,CGPT/USDT:USDT,0.10204,2.0,0.10203,16.0,0.10208,10.0,0.10209,41.0
1753533302340,12:35:02.340,CGPT/USDT:USDT,0.10204,2.0,0.10203,16.0,0.10208,10.0,0.10209,16.0
1753533302579,12:35:02.579,CGPT/USDT:USDT,0.10204,2.0,0.10203,16.0,0.10208,10.0,0.10209,16.0
1753533302749,12:35:02.749,CGPT/USDT:USDT,0.10204,2.0,0.10203,8.0,0.10208,35.0,0.10209,16.0
1753533302803,12:35:02.803,CGPT/USDT:USDT,0.10203,2.0,0.10197,55.0,0.10208,35.0,0.10209,16.0
1753533302980,12:35:02.980,CGPT/USDT:USDT,0.10204,25.0,0.10203,25.0,0.10208,35.0,0.10209,16.0
1753533303084,12:35:03.084,CGPT/USDT:USDT,0.10205,2.0,0.10201,16.0,0.10208,10.0,0.10209,16.0
1753533303185,12:35:03.185,CGPT/USDT:USDT,0.10205,25.0,0.10204,8.0,0.10208,10.0,0.10214,55.0
1753533303220,12:35:03.220,CGPT/USDT:USDT,0.10206,1.0,0.10204,16.0,0.10213,10.0,0.10214,71.0
1753533303310,12:35:03.310,CGPT/USDT:USDT,0.10205,2.0,0.10204,16.0,0.10213,10.0,0.10214,71.0
1753533303482,12:35:03.482,CGPT/USDT:USDT,0.10206,25.0,0.10205,2.0,0.10213,10.0,0.10214,71.0
1753533303545,12:35:03.545,CGPT/USDT:USDT,0.10207,2.0,0.10204,16.0,0.10213,10.0,0.10214,71.0
1753533303604,12:35:03.604,CGPT/USDT:USDT,0.10205,2.0,0.10204,16.0,0.10213,10.0,0.10214,71.0
1753533303863,12:35:03.863,CGPT/USDT:USDT,0.10205,2.0,0.10204,16.0,0.10213,10.0,0.10214,71.0
1753533304287,12:35:04.287,CGPT/USDT:USDT,0.10205,2.0,0.10204,16.0,0.10213,10.0,0.10214,71.0
1753533304703,12:35:04.703,CGPT/USDT:USDT,0.10205,2.0,0.10204,16.0,0.10213,10.0,0.10214,71.0
1753533305872,12:35:05.872,CGPT/USDT:USDT,0.10205,2.0,0.10204,16.0,0.10213,10.0,0.10214,71.0
1753533306878,12:35:06.878,CGPT/USDT:USDT,0.10205,2.0,0.10204,16.0,0.10213,10.0,0.10214,71.0
1753533307039,12:35:07.039,CGPT/USDT:USDT,0.10205,2.0,0.10204,16.0,0.10213,10.0,0.10214,71.0
1753533308419,12:35:08.419,CGPT/USDT:USDT,0.10205,2.0,0.10204,16.0,0.10213,10.0,0.10214,71.0
1753533308732,12:35:08.732,CGPT/USDT:USDT,0.10205,2.0,0.10204,16.0,0.10213,10.0,0.10214,71.0
1753533310288,12:35:10.288,CGPT/USDT:USDT,0.10205,2.0,0.10204,16.0,0.10212,25.0,0.10213,10.0
1753533310345,12:35:10.345,CGPT/USDT:USDT,0.10205,2.0,0.10204,16.0,0.10211,18.0,0.10212,33.0
1753533310470,12:35:10.470,CGPT/USDT:USDT,0.10205,2.0,0.10204,16.0,0.10211,26.0,0.10212,16.0
1753533310770,12:35:10.770,CGPT/USDT:USDT,0.10205,2.0,0.10204,16.0,0.10211,26.0,0.10212,16.0
1753533310868,12:35:10.868,CGPT/USDT:USDT,0.10205,2.0,0.10204,16.0,0.1021,40.0,0.10211,26.0
1753533310903,12:35:10.903,CGPT/USDT:USDT,0.10205,2.0,0.10204,16.0,0.10209,10.0,0.1021,40.0
1753533311192,12:35:11.192,CGPT/USDT:USDT,0.10205,2.0,0.10204,16.0,0.10209,10.0,0.1021,40.0
1753533311203,12:35:11.203,CGPT/USDT:USDT,0.10205,2.0,0.10204,16.0,0.10209,10.0,0.10211,16.0
1753533311359,12:35:11.359,CGPT/USDT:USDT,0.10205,2.0,0.10204,16.0,0.1021,10.0,0.10211,16.0
1753533311604,12:35:11.604,CGPT/USDT:USDT,0.10205,2.0,0.10204,16.0,0.1021,10.0,0.10211,16.0
1753533311928,12:35:11.928,CGPT/USDT:USDT,0.10205,2.0,0.10204,16.0,0.1021,10.0,0.10211,16.0
1753533312026,12:35:12.026,CGPT/USDT:USDT,0.10205,2.0,0.10204,16.0,0.1021,10.0,0.10211,16.0
1753533312183,12:35:12.183,CGPT/USDT:USDT,0.10205,2.0,0.10204,16.0,0.1021,10.0,0.10211,16.0
1753533312854,12:35:12.854,CGPT/USDT:USDT,0.10205,2.0,0.10204,16.0,0.1021,10.0,0.10211,16.0
1753533314710,12:35:14.710,CGPT/USDT:USDT,0.10204,16.0,0.10203,16.0,0.1021,10.0,0.10211,16.0
1753533314876,12:35:14.876,CGPT/USDT:USDT,0.10204,16.0,0.10203,16.0,0.1021,11.0,0.10211,16.0
1753533314981,12:35:14.981,CGPT/USDT:USDT,0.10204,16.0,0.10203,16.0,0.1021,11.0,0.10211,16.0
1753533315028,12:35:15.028,CGPT/USDT:USDT,0.10204,16.0,0.10203,16.0,0.1021,11.0,0.10211,16.0
1753533315706,12:35:15.706,CGPT/USDT:USDT,0.10204,16.0,0.10203,16.0,0.1021,11.0,0.10211,16.0
1753533316859,12:35:16.859,CGPT/USDT:USDT,0.10204,16.0,0.10203,16.0,0.1021,11.0,0.10211,16.0
1753533317279,12:35:17.279,CGPT/USDT:USDT,0.10204,16.0,0.10203,16.0,0.1021,11.0,0.10211,16.0
1753533317328,12:35:17.328,CGPT/USDT:USDT,0.10204,16.0,0.10203,16.0,0.1021,11.0,0.10211,16.0
1753533319986,12:35:19.986,CGPT/USDT:USDT,0.10196,55.0,0.10193,50.0,0.1021,11.0,0.10211,8.0
1753533320081,12:35:20.081,CGPT/USDT:USDT,0.10202,25.0,0.10201,25.0,0.10211,19.0,0.10212,63.0
1753533320189,12:35:20.189,CGPT/USDT:USDT,0.10204,25.0,0.10196,55.0,0.10211,19.0,0.10212,63.0
1753533320256,12:35:20.256,CGPT/USDT:USDT,0.10204,25.0,0.10196,55.0,0.10211,19.0,0.10212,63.0
1753533321018,12:35:21.018,CGPT/USDT:USDT,0.10204,25.0,0.10196,55.0,0.10211,19.0,0.10212,63.0
1753533321439,12:35:21.439,CGPT/USDT:USDT,0.10204,25.0,0.10196,55.0,0.10211,19.0,0.10212,63.0
1753533322140,12:35:22.140,CGPT/USDT:USDT,0.10204,25.0,0.10196,55.0,0.10211,19.0,0.10212,63.0
1753533322704,12:35:22.704,CGPT/USDT:USDT,0.10204,25.0,0.10196,55.0,0.1021,25.0,0.10211,19.0
1753533322806,12:35:22.806,CGPT/USDT:USDT,0.10204,25.0,0.10196,55.0,0.10209,11.0,0.1021,25.0
1753533323080,12:35:23.080,CGPT/USDT:USDT,0.10204,25.0,0.10196,55.0,0.10209,11.0,0.1021,25.0
1753533323285,12:35:23.285,CGPT/USDT:USDT,0.10204,25.0,0.10196,55.0,0.10209,11.0,0.1021,25.0
1753533323484,12:35:23.484,CGPT/USDT:USDT,0.10204,25.0,0.10196,55.0,0.10209,11.0,0.1021,25.0
1753533323962,12:35:23.962,CGPT/USDT:USDT,0.10204,25.0,0.10196,55.0,0.10209,11.0,0.10211,8.0
1753533324009,12:35:24.009,CGPT/USDT:USDT,0.10204,25.0,0.10196,55.0,0.10211,19.0,0.10212,63.0
1753533324346,12:35:24.346,CGPT/USDT:USDT,0.10204,25.0,0.10196,55.0,0.10211,19.0,0.10212,63.0
1753533324464,12:35:24.464,CGPT/USDT:USDT,0.10204,25.0,0.10196,55.0,0.1021,25.0,0.10211,19.0
1753533324504,12:35:24.504,CGPT/USDT:USDT,0.10204,25.0,0.10196,55.0,0.10209,11.0,0.1021,25.0
1753533324784,12:35:24.784,CGPT/USDT:USDT,0.10204,25.0,0.10196,55.0,0.10209,11.0,0.10211,8.0
1753533324803,12:35:24.803,CGPT/USDT:USDT,0.10204,25.0,0.10196,55.0,0.10211,19.0,0.10212,63.0
1753533325177,12:35:25.177,CGPT/USDT:USDT,0.10204,25.0,0.10196,55.0,0.10211,19.0,0.10212,63.0
1753533325479,12:35:25.479,CGPT/USDT:USDT,0.10204,25.0,0.10196,55.0,0.10211,19.0,0.10212,63.0
1753533326008,12:35:26.008,CGPT/USDT:USDT,0.10204,25.0,0.10196,55.0,0.10211,19.0,0.10212,63.0
1753533327194,12:35:27.194,CGPT/USDT:USDT,0.10196,55.0,0.10193,50.0,0.10211,75.0,0.10212,63.0
1753533327200,12:35:27.200,CGPT/USDT:USDT,0.10196,55.0,0.10193,50.0,0.10211,75.0,0.10212,63.0
1753533328046,12:35:28.046,CGPT/USDT:USDT,0.10196,55.0,0.10193,50.0,0.10211,75.0,0.10212,63.0
1753533328583,12:35:28.583,CGPT/USDT:USDT,0.10203,25.0,0.10202,33.0,0.1021,40.0,0.10211,75.0
1753533328604,12:35:28.604,CGPT/USDT:USDT,0.10204,25.0,0.10202,8.0,0.10209,11.0,0.1021,40.0
1753533328891,12:35:28.891,CGPT/USDT:USDT,0.10204,22.0,0.10202,8.0,0.10208,25.0,0.10209,11.0
1753533328906,12:35:28.906,CGPT/USDT:USDT,0.10204,22.0,0.10202,8.0,0.10207,11.0,0.10208,25.0
1753533329086,12:35:29.086,CGPT/USDT:USDT,0.10204,22.0,0.10202,16.0,0.10207,11.0,0.10208,33.0
1753533329131,12:35:29.131,CGPT/USDT:USDT,0.10204,22.0,0.10202,16.0,0.10207,11.0,0.10208,33.0
1753533329373,12:35:29.373,CGPT/USDT:USDT,0.10204,22.0,0.10202,16.0,0.10207,11.0,0.10208,41.0
1753533329832,12:35:29.832,CGPT/USDT:USDT,0.10204,22.0,0.10202,16.0,0.10207,11.0,0.10208,16.0
1753533329981,12:35:29.981,CGPT/USDT:USDT,0.10202,8.0,0.10196,55.0,0.10207,61.0,0.10208,16.0
1753533330000,12:35:30.000,CGPT/USDT:USDT,0.10202,8.0,0.10196,55.0,0.10207,61.0,0.10208,16.0
1753533330136,12:35:30.136,CGPT/USDT:USDT,0.10202,8.0,0.10196,55.0,0.10207,61.0,0.10208,16.0
1753533330761,12:35:30.761,CGPT/USDT:USDT,0.10196,55.0,0.10193,50.0,0.10207,61.0,0.10208,16.0
1753533330967,12:35:30.967,CGPT/USDT:USDT,0.10196,55.0,0.10193,50.0,0.10207,61.0,0.10208,16.0
1753533331792,12:35:31.792,CGPT/USDT:USDT,0.10196,55.0,0.10193,50.0,0.10207,61.0,0.10208,16.0
1753533332438,12:35:32.438,CGPT/USDT:USDT,0.10196,55.0,0.10193,50.0,0.10207,61.0,0.10208,16.0
1753533332582,12:35:32.582,CGPT/USDT:USDT,0.10196,55.0,0.10193,50.0,0.10207,61.0,0.10208,16.0
1753533332682,12:35:32.682,CGPT/USDT:USDT,0.10206,22.0,0.10199,56.0,0.10207,11.0,0.10208,16.0
1753533332761,12:35:32.761,CGPT/USDT:USDT,0.10207,38.0,0.10206,8.0,0.10214,71.0,0.10215,58.0
1753533332820,12:35:32.820,CGPT/USDT:USDT,0.10207,38.0,0.10206,8.0,0.10213,11.0,0.10214,71.0
1753533333019,12:35:33.019,CGPT/USDT:USDT,0.10207,38.0,0.10206,8.0,0.10213,11.0,0.10214,71.0
1753533333855,12:35:33.855,CGPT/USDT:USDT,0.10207,38.0,0.10206,8.0,0.10213,11.0,0.10214,71.0
1753533334144,12:35:34.144,CGPT/USDT:USDT,0.10207,38.0,0.10206,8.0,0.10213,11.0,0.10214,71.0
1753533334283,12:35:34.283,CGPT/USDT:USDT,0.10207,38.0,0.10206,8.0,0.10213,11.0,0.10214,71.0
1753533334820,12:35:34.820,CGPT/USDT:USDT,0.10207,38.0,0.10206,8.0,0.10213,11.0,0.10214,71.0
1753533335116,12:35:35.116,CGPT/USDT:USDT,0.10207,38.0,0.10206,8.0,0.10213,11.0,0.10214,71.0
1753533335397,12:35:35.397,CGPT/USDT:USDT,0.10207,38.0,0.10206,8.0,0.10213,11.0,0.10214,71.0
1753533335522,12:35:35.522,CGPT/USDT:USDT,0.10207,38.0,0.10206,8.0,0.10213,11.0,0.10214,71.0
1753533335842,12:35:35.842,CGPT/USDT:USDT,0.10207,38.0,0.10206,8.0,0.10213,11.0,0.10214,71.0
1753533335954,12:35:35.954,CGPT/USDT:USDT,0.10207,38.0,0.10206,8.0,0.10213,11.0,0.10214,71.0
1753533336557,12:35:36.557,CGPT/USDT:USDT,0.10207,16.0,0.10206,8.0,0.10213,11.0,0.10214,71.0
1753533336644,12:35:36.644,CGPT/USDT:USDT,0.10196,55.0,0.10193,50.0,0.10212,44.0,0.10213,11.0
1753533336779,12:35:36.779,CGPT/USDT:USDT,0.10201,22.0,0.102,22.0,0.10211,11.0,0.10214,55.0
1753533336825,12:35:36.825,CGPT/USDT:USDT,0.10202,30.0,0.10201,8.0,0.10211,60.0,0.10213,11.0
1753533336963,12:35:36.963,CGPT/USDT:USDT,0.10205,22.0,0.10204,8.0,0.1021,11.0,0.10211,16.0
1753533338085,12:35:38.085,CGPT/USDT:USDT,0.10207,22.0,0.10205,8.0,0.1021,11.0,0.10213,8.0
1753533338120,12:35:38.120,CGPT/USDT:USDT,0.10207,22.0,0.10205,8.0,0.10212,4.0,0.10213,8.0
1753533338203,12:35:38.203,CGPT/USDT:USDT,0.10207,22.0,0.10205,8.0,0.10212,11.0,0.10213,8.0
1753533338360,12:35:38.360,CGPT/USDT:USDT,0.1021,22.0,0.10208,8.0,0.10212,11.0,0.10215,50.0
1753533338438,12:35:38.438,CGPT/USDT:USDT,0.1021,22.0,0.10208,8.0,0.10214,11.0,0.10215,50.0
1753533338880,12:35:38.880,CGPT/USDT:USDT,0.1021,22.0,0.10208,8.0,0.10214,11.0,0.10215,50.0
1753533339156,12:35:39.156,CGPT/USDT:USDT,0.10208,8.0,0.10207,16.0,0.10214,11.0,0.10215,50.0
1753533339276,12:35:39.276,CGPT/USDT:USDT,0.10208,8.0,0.10207,16.0,0.10214,11.0,0.10215,50.0
1753533339483,12:35:39.483,CGPT/USDT:USDT,0.10208,8.0,0.10207,16.0,0.10213,50.0,0.10214,11.0
1753533339585,12:35:39.585,CGPT/USDT:USDT,0.10207,8.0,0.10206,8.0,0.10212,11.0,0.10213,16.0
1753533339693,12:35:39.693,CGPT/USDT:USDT,0.10202,22.0,0.10201,22.0,0.10212,55.0,0.10213,16.0
1753533339779,12:35:39.779,CGPT/USDT:USDT,0.10207,22.0,0.10206,22.0,0.10212,55.0,0.10213,16.0
1753533339820,12:35:39.820,CGPT/USDT:USDT,0.10208,22.0,0.10206,8.0,0.10212,55.0,0.10213,16.0
1753533340113,12:35:40.113,CGPT/USDT:USDT,0.10208,22.0,0.10206,8.0,0.10212,55.0,0.10213,16.0
1753533340943,12:35:40.943,CGPT/USDT:USDT,0.10208,22.0,0.10206,8.0,0.10212,55.0,0.10213,16.0
1753533341086,12:35:41.086,CGPT/USDT:USDT,0.10208,22.0,0.10206,8.0,0.10212,11.0,0.10213,16.0
1753533341165,12:35:41.165,CGPT/USDT:USDT,0.10211,22.0,0.10209,8.0,0.10212,11.0,0.10215,50.0
1753533341260,12:35:41.260,CGPT/USDT:USDT,0.10212,22.0,0.10211,8.0,0.10214,11.0,0.10218,55.0
1753533341384,12:35:41.384,CGPT/USDT:USDT,0.10212,30.0,0.10211,16.0,0.10217,11.0,0.10218,55.0
1753533341448,12:35:41.448,CGPT/USDT:USDT,0.10212,30.0,0.10211,16.0,0.10217,11.0,0.10218,55.0
1753533341796,12:35:41.796,CGPT/USDT:USDT,0.10212,30.0,0.10211,16.0,0.10217,11.0,0.10218,55.0
1753533341884,12:35:41.884,CGPT/USDT:USDT,0.10212,30.0,0.10211,16.0,0.10217,11.0,0.10218,55.0
1753533341903,12:35:41.903,CGPT/USDT:USDT,0.10212,30.0,0.10211,16.0,0.10217,11.0,0.10218,351.0
1753533342358,12:35:42.358,CGPT/USDT:USDT,0.10212,8.0,0.10211,16.0,0.10217,11.0,0.10218,351.0
1753533342429,12:35:42.429,CGPT/USDT:USDT,0.10212,8.0,0.10211,16.0,0.10217,11.0,0.10218,351.0
1753533342498,12:35:42.498,CGPT/USDT:USDT,0.10212,8.0,0.10211,16.0,0.10217,11.0,0.10218,351.0
1753533343039,12:35:43.039,CGPT/USDT:USDT,0.10212,8.0,0.10211,16.0,0.10217,11.0,0.10218,351.0
1753533344253,12:35:44.253,CGPT/USDT:USDT,0.10212,8.0,0.10211,16.0,0.10217,11.0,0.10218,351.0
1753533344412,12:35:44.412,CGPT/USDT:USDT,0.10212,8.0,0.10211,16.0,0.10217,215.0,0.10218,351.0
1753533344927,12:35:44.927,CGPT/USDT:USDT,0.10212,8.0,0.10211,16.0,0.10217,11.0,0.10218,351.0
1753533345552,12:35:45.552,CGPT/USDT:USDT,0.10212,8.0,0.10211,16.0,0.10217,11.0,0.10218,351.0
1753533345774,12:35:45.774,CGPT/USDT:USDT,0.10212,8.0,0.10211,16.0,0.10217,66.0,0.10218,351.0
1753533346481,12:35:46.481,CGPT/USDT:USDT,0.10211,8.0,0.1021,8.0,0.10216,204.0,0.10217,82.0
1753533346581,12:35:46.581,CGPT/USDT:USDT,0.10203,22.0,0.10202,22.0,0.10215,11.0,0.10217,55.0
1753533346681,12:35:46.681,CGPT/USDT:USDT,0.10207,22.0,0.10206,38.0,0.10215,143.0,0.10217,55.0
1753533346749,12:35:46.749,CGPT/USDT:USDT,0.10209,22.0,0.10206,16.0,0.10215,143.0,0.10217,55.0
1753533347015,12:35:47.015,CGPT/USDT:USDT,0.10209,22.0,0.10206,16.0,0.10215,132.0,0.10216,11.0
1753533347157,12:35:47.157,CGPT/USDT:USDT,0.10206,16.0,0.10201,55.0,0.10214,11.0,0.10215,132.0
1753533347219,12:35:47.219,CGPT/USDT:USDT,0.10206,16.0,0.10199,55.0,0.10214,11.0,0.10215,16.0
1753533347445,12:35:47.445,CGPT/USDT:USDT,0.10206,16.0,0.10199,55.0,0.10214,11.0,0.10215,16.0
1753533347539,12:35:47.539,CGPT/USDT:USDT,0.10206,16.0,0.10199,55.0,0.10214,11.0,0.10215,16.0
1753533347959,12:35:47.959,CGPT/USDT:USDT,0.10206,16.0,0.10199,55.0,0.10214,11.0,0.10215,16.0
1753533349385,12:35:49.385,CGPT/USDT:USDT,0.10206,16.0,0.10199,55.0,0.10214,11.0,0.10215,16.0
1753533349462,12:35:49.462,CGPT/USDT:USDT,0.10207,22.0,0.10206,16.0,0.10213,85.0,0.10214,11.0
1753533349527,12:35:49.527,CGPT/USDT:USDT,0.10207,22.0,0.10206,16.0,0.10212,19.0,0.10213,8.0
1753533349601,12:35:49.601,CGPT/USDT:USDT,0.10207,22.0,0.10206,16.0,0.10212,19.0,0.10213,8.0
1753533349990,12:35:49.990,CGPT/USDT:USDT,0.10207,22.0,0.10206,16.0,0.10212,19.0,0.10213,8.0
1753533350011,12:35:50.011,CGPT/USDT:USDT,0.10207,22.0,0.10206,16.0,0.10212,19.0,0.10213,8.0
1753533350272,12:35:50.272,CGPT/USDT:USDT,0.10207,22.0,0.10206,16.0,0.10212,27.0,0.10213,16.0
1753533352394,12:35:52.394,CGPT/USDT:USDT,0.10211,22.0,0.1021,8.0,0.10212,11.0,0.10222,55.0
1753533352480,12:35:52.480,CGPT/USDT:USDT,0.10211,22.0,0.1021,8.0,0.10221,11.0,0.10222,55.0
1753533352579,12:35:52.579,CGPT/USDT:USDT,0.10211,22.0,0.1021,8.0,0.10221,11.0,0.10222,55.0
1753533352649,12:35:52.649,CGPT/USDT:USDT,0.10213,30.0,0.10212,8.0,0.10221,19.0,0.10222,55.0
1753533352884,12:35:52.884,CGPT/USDT:USDT,0.10213,30.0,0.10212,8.0,0.10221,27.0,0.10222,55.0
1753533353021,12:35:53.021,CGPT/USDT:USDT,0.10213,30.0,0.10212,8.0,0.10221,27.0,0.10224,55.0
1753533353181,12:35:53.181,CGPT/USDT:USDT,0.10213,30.0,0.10212,8.0,0.10221,27.0,0.10224,55.0
1753533353240,12:35:53.240,CGPT/USDT:USDT,0.10213,30.0,0.10212,8.0,0.10221,27.0,0.10224,55.0
1753533353310,12:35:53.310,CGPT/USDT:USDT,0.10213,30.0,0.10212,8.0,0.10221,82.0,0.10224,55.0
1753533353440,12:35:53.440,CGPT/USDT:USDT,0.10213,30.0,0.10212,8.0,0.10221,82.0,0.10224,55.0
1753533353769,12:35:53.769,CGPT/USDT:USDT,0.10213,30.0,0.10212,8.0,0.10221,82.0,0.10224,55.0
1753533353859,12:35:53.859,CGPT/USDT:USDT,0.10213,30.0,0.10212,8.0,0.10221,82.0,0.10224,55.0
1753533353920,12:35:53.920,CGPT/USDT:USDT,0.10213,30.0,0.10212,8.0,0.10221,82.0,0.10224,55.0
1753533354137,12:35:54.137,CGPT/USDT:USDT,0.10213,30.0,0.10212,8.0,0.10221,82.0,0.10224,55.0
1753533354580,12:35:54.580,CGPT/USDT:USDT,0.10215,22.0,0.10214,22.0,0.1022,55.0,0.10221,82.0
1753533354654,12:35:54.654,CGPT/USDT:USDT,0.10205,55.0,0.10202,197.0,0.10219,11.0,0.1022,55.0
1753533354808,12:35:54.808,CGPT/USDT:USDT,0.10205,55.0,0.10202,197.0,0.10219,66.0,0.1022,55.0
1753533354958,12:35:54.958,CGPT/USDT:USDT,0.10205,55.0,0.10202,197.0,0.10219,66.0,0.1022,55.0
1753533355526,12:35:55.526,CGPT/USDT:USDT,0.10205,55.0,0.10202,197.0,0.10219,66.0,0.1022,55.0
1753533356059,12:35:56.059,CGPT/USDT:USDT,0.10205,55.0,0.10202,197.0,0.10219,66.0,0.1022,55.0
1753533356182,12:35:56.182,CGPT/USDT:USDT,0.10205,55.0,0.10202,197.0,0.10219,66.0,0.1022,55.0
1753533356563,12:35:56.563,CGPT/USDT:USDT,0.10205,55.0,0.10202,197.0,0.10219,66.0,0.1022,55.0
1753533357061,12:35:57.061,CGPT/USDT:USDT,0.10205,55.0,0.10202,197.0,0.10219,66.0,0.1022,55.0
1753533359172,12:35:59.172,CGPT/USDT:USDT,0.10205,55.0,0.10202,197.0,0.10219,66.0,0.1022,55.0
1753533360303,12:36:00.303,CGPT/USDT:USDT,0.10205,55.0,0.10202,197.0,0.10219,66.0,0.1022,55.0
1753533360455,12:36:00.455,CGPT/USDT:USDT,0.10205,55.0,0.10202,197.0,0.10219,66.0,0.1022,55.0
1753533360766,12:36:00.766,CGPT/USDT:USDT,0.10205,55.0,0.10202,197.0,0.10219,66.0,0.1022,55.0
1753533360854,12:36:00.854,CGPT/USDT:USDT,0.10205,55.0,0.10202,197.0,0.10219,66.0,0.1022,55.0
1753533360984,12:36:00.984,CGPT/USDT:USDT,0.10207,57.0,0.10206,106.0,0.10219,11.0,0.1022,55.0
1753533361030,12:36:01.030,CGPT/USDT:USDT,0.10207,57.0,0.10206,106.0,0.10219,11.0,0.10221,71.0
1753533361104,12:36:01.104,CGPT/USDT:USDT,0.10207,57.0,0.10206,106.0,0.1022,11.0,0.10221,71.0
1753533361853,12:36:01.853,CGPT/USDT:USDT,0.10207,57.0,0.10206,106.0,0.1022,11.0,0.10221,71.0
1753533361996,12:36:01.996,CGPT/USDT:USDT,0.10207,57.0,0.10206,106.0,0.1022,11.0,0.10221,71.0
1753533362167,12:36:02.167,CGPT/USDT:USDT,0.10207,57.0,0.10206,106.0,0.1022,11.0,0.10221,71.0
1753533362272,12:36:02.272,CGPT/USDT:USDT,0.10207,57.0,0.10206,106.0,0.1022,11.0,0.10221,71.0
1753533362786,12:36:02.786,CGPT/USDT:USDT,0.10207,57.0,0.10206,106.0,0.1022,11.0,0.10221,71.0
1753533362948,12:36:02.948,CGPT/USDT:USDT,0.10207,57.0,0.10206,106.0,0.1022,11.0,0.10221,71.0
1753533363090,12:36:03.090,CGPT/USDT:USDT,0.10208,57.0,0.10207,106.0,0.1022,11.0,0.10221,71.0
1753533363099,12:36:03.099,CGPT/USDT:USDT,0.10208,57.0,0.10207,106.0,0.1022,11.0,0.10221,16.0
1753533363281,12:36:03.281,CGPT/USDT:USDT,0.10208,57.0,0.10207,106.0,0.1022,11.0,0.10221,16.0
1753533363902,12:36:03.902,CGPT/USDT:USDT,0.10208,57.0,0.10207,106.0,0.1022,11.0,0.10221,16.0
1753533364254,12:36:04.254,CGPT/USDT:USDT,0.10209,57.0,0.10208,106.0,0.1022,11.0,0.10221,16.0
1753533364320,12:36:04.320,CGPT/USDT:USDT,0.10209,57.0,0.10208,106.0,0.1022,11.0,0.10221,16.0
1753533364792,12:36:04.792,CGPT/USDT:USDT,0.10209,57.0,0.10208,106.0,0.1022,11.0,0.10221,16.0
1753533365147,12:36:05.147,CGPT/USDT:USDT,0.10209,57.0,0.10208,106.0,0.1022,11.0,0.10221,16.0
1753533366120,12:36:06.120,CGPT/USDT:USDT,0.10209,57.0,0.10208,106.0,0.1022,11.0,0.10221,16.0
1753533366439,12:36:06.439,CGPT/USDT:USDT,0.10209,57.0,0.10208,106.0,0.1022,11.0,0.10221,16.0
1753533366503,12:36:06.503,CGPT/USDT:USDT,0.10209,57.0,0.10208,106.0,0.1022,11.0,0.10221,16.0
1753533367447,12:36:07.447,CGPT/USDT:USDT,0.10207,5.0,0.10206,57.0,0.1022,11.0,0.10221,16.0
1753533367571,12:36:07.571,CGPT/USDT:USDT,0.10207,5.0,0.10206,57.0,0.1022,11.0,0.10221,16.0
1753533367668,12:36:07.668,CGPT/USDT:USDT,0.10209,56.0,0.10208,105.0,0.1022,11.0,0.10221,16.0
1753533367988,12:36:07.988,CGPT/USDT:USDT,0.10209,56.0,0.10208,105.0,0.1022,11.0,0.10221,16.0
1753533369040,12:36:09.040,CGPT/USDT:USDT,0.10209,56.0,0.10208,105.0,0.1022,11.0,0.10221,8.0
1753533369217,12:36:09.217,CGPT/USDT:USDT,0.10209,56.0,0.10208,105.0,0.1022,11.0,0.10221,8.0
1753533370341,12:36:10.341,CGPT/USDT:USDT,0.10209,56.0,0.10208,105.0,0.1022,11.0,0.10221,8.0
1753533370435,12:36:10.435,CGPT/USDT:USDT,0.10209,56.0,0.10208,105.0,0.1022,11.0,0.10221,8.0
1753533372079,12:36:12.079,CGPT/USDT:USDT,0.10208,56.0,0.10207,5.0,0.1022,11.0,0.10221,8.0
1753533372266,12:36:12.266,CGPT/USDT:USDT,0.10209,98.0,0.10208,56.0,0.1022,11.0,0.10221,8.0
1753533372460,12:36:12.460,CGPT/USDT:USDT,0.10209,147.0,0.10208,56.0,0.1022,11.0,0.10221,8.0
1753533373457,12:36:13.457,CGPT/USDT:USDT,0.10209,196.0,0.10208,56.0,0.1022,11.0,0.10221,8.0
1753533373674,12:36:13.674,CGPT/USDT:USDT,0.10209,196.0,0.10208,56.0,0.1022,11.0,0.10221,8.0
1753533374061,12:36:14.061,CGPT/USDT:USDT,0.10209,196.0,0.10208,56.0,0.1022,11.0,0.10221,8.0
1753533375778,12:36:15.778,CGPT/USDT:USDT,0.1021,168.0,0.10209,49.0,0.1022,11.0,0.10221,8.0
