timestamp,time,symbol,bid1_price,bid1_volume,bid2_price,bid2_volume,ask1_price,ask1_volume,ask2_price,ask2_volume
1753533019000,12:30:19.000,B3/USDT:USDT,0.002722,36.0,0.002721,188.0,0.002726,30.0,0.002728,179.0
1753533019943,12:30:19.943,B3/USDT:USDT,0.002722,36.0,0.002721,188.0,0.002726,30.0,0.002728,179.0
1753533020361,12:30:20.361,B3/USDT:USDT,0.002722,36.0,0.002721,188.0,0.002726,30.0,0.002728,179.0
1753533020367,12:30:20.367,B3/USDT:USDT,0.002722,36.0,0.002721,188.0,0.002726,30.0,0.002728,179.0
1753533020611,12:30:20.611,B3/USDT:USDT,0.002722,36.0,0.002721,188.0,0.002726,30.0,0.002728,179.0
1753533020809,12:30:20.809,B3/USDT:USDT,0.002722,36.0,0.002721,188.0,0.002726,30.0,0.002728,179.0
1753533021064,12:30:21.064,B3/USDT:USDT,0.002722,36.0,0.002721,188.0,0.002726,30.0,0.002728,179.0
1753533021197,12:30:21.197,B3/USDT:USDT,0.002722,36.0,0.002721,188.0,0.002726,30.0,0.002728,179.0
1753533021296,12:30:21.296,B3/USDT:USDT,0.002722,36.0,0.002721,188.0,0.002726,30.0,0.002728,179.0
1753533021452,12:30:21.452,B3/USDT:USDT,0.002722,36.0,0.002721,188.0,0.002726,30.0,0.002728,179.0
1753533021583,12:30:21.583,B3/USDT:USDT,0.002722,36.0,0.002721,188.0,0.002726,30.0,0.002728,179.0
1753533021857,12:30:21.857,B3/USDT:USDT,0.002722,36.0,0.002721,188.0,0.002726,30.0,0.002728,179.0
1753533021878,12:30:21.878,B3/USDT:USDT,0.002722,36.0,0.002721,188.0,0.002726,30.0,0.002728,179.0
1753533022041,12:30:22.041,B3/USDT:USDT,0.002722,36.0,0.002721,188.0,0.002726,30.0,0.002728,179.0
1753533022422,12:30:22.422,B3/USDT:USDT,0.002722,36.0,0.002721,188.0,0.002726,30.0,0.002728,179.0
1753533022514,12:30:22.514,B3/USDT:USDT,0.002722,36.0,0.002721,188.0,0.002726,30.0,0.002728,179.0
1753533022583,12:30:22.583,B3/USDT:USDT,0.002722,36.0,0.002721,188.0,0.002726,30.0,0.002728,179.0
1753533022835,12:30:22.835,B3/USDT:USDT,0.002722,36.0,0.002721,188.0,0.002726,30.0,0.002728,179.0
1753533022952,12:30:22.952,B3/USDT:USDT,0.002722,36.0,0.002721,188.0,0.002726,30.0,0.002728,179.0
1753533023248,12:30:23.248,B3/USDT:USDT,0.002722,36.0,0.002721,188.0,0.002726,30.0,0.002728,179.0
1753533023348,12:30:23.348,B3/USDT:USDT,0.002722,36.0,0.002721,188.0,0.002726,30.0,0.002728,179.0
1753533023661,12:30:23.661,B3/USDT:USDT,0.002722,36.0,0.002721,188.0,0.002726,30.0,0.002728,179.0
1753533024143,12:30:24.143,B3/USDT:USDT,0.002722,36.0,0.002721,39.0,0.002726,30.0,0.002728,179.0
1753533024269,12:30:24.269,B3/USDT:USDT,0.002722,36.0,0.002721,39.0,0.002726,30.0,0.002728,179.0
1753533027562,12:30:27.562,B3/USDT:USDT,0.002722,36.0,0.002721,39.0,0.002726,30.0,0.002728,179.0
1753533027635,12:30:27.635,B3/USDT:USDT,0.002722,36.0,0.002721,39.0,0.002726,30.0,0.002728,179.0
1753533027729,12:30:27.729,B3/USDT:USDT,0.002722,36.0,0.002721,39.0,0.002726,30.0,0.002728,179.0
1753533028113,12:30:28.113,B3/USDT:USDT,0.002722,36.0,0.002721,30.0,0.002726,30.0,0.002728,179.0
1753533028949,12:30:28.949,B3/USDT:USDT,0.002722,6.0,0.002721,30.0,0.002726,30.0,0.002728,179.0
1753533029346,12:30:29.346,B3/USDT:USDT,0.002722,6.0,0.002721,30.0,0.002726,30.0,0.002728,179.0
1753533030040,12:30:30.040,B3/USDT:USDT,0.002722,6.0,0.002721,30.0,0.002726,30.0,0.002728,179.0
1753533030070,12:30:30.070,B3/USDT:USDT,0.002722,6.0,0.002721,30.0,0.002726,30.0,0.002728,179.0
1753533037057,12:30:37.057,B3/USDT:USDT,0.002722,6.0,0.002721,30.0,0.002726,30.0,0.002728,179.0
1753533043267,12:30:43.267,B3/USDT:USDT,0.002722,6.0,0.002721,30.0,0.002726,30.0,0.002728,179.0
1753533045255,12:30:45.255,B3/USDT:USDT,0.002722,6.0,0.002721,30.0,0.002726,30.0,0.002728,179.0
1753533045755,12:30:45.755,B3/USDT:USDT,0.002722,6.0,0.002721,30.0,0.002726,30.0,0.002728,179.0
1753533046548,12:30:46.548,B3/USDT:USDT,0.002722,6.0,0.002721,30.0,0.002726,30.0,0.002728,179.0
1753533046578,12:30:46.578,B3/USDT:USDT,0.002722,6.0,0.002721,30.0,0.002726,30.0,0.002728,179.0
1753533048804,12:30:48.804,B3/USDT:USDT,0.002722,6.0,0.002721,30.0,0.002726,30.0,0.002727,281.0
1753533049581,12:30:49.581,B3/USDT:USDT,0.002722,6.0,0.002721,30.0,0.002726,30.0,0.002727,281.0
1753533049886,12:30:49.886,B3/USDT:USDT,0.002722,6.0,0.002721,30.0,0.002726,30.0,0.002727,281.0
1753533060355,12:31:00.355,B3/USDT:USDT,0.002722,6.0,0.002721,30.0,0.002726,30.0,0.002727,281.0
1753533071012,12:31:11.012,B3/USDT:USDT,0.002722,6.0,0.002721,30.0,0.002726,30.0,0.002727,281.0
1753533074614,12:31:14.614,B3/USDT:USDT,0.002722,6.0,0.002721,30.0,0.002726,30.0,0.002727,281.0
1753533075010,12:31:15.010,B3/USDT:USDT,0.002722,6.0,0.002721,30.0,0.002726,30.0,0.002727,281.0
1753533075753,12:31:15.753,B3/USDT:USDT,0.002722,6.0,0.002721,30.0,0.002726,30.0,0.002727,281.0
1753533081652,12:31:21.652,B3/USDT:USDT,0.002722,6.0,0.002721,30.0,0.002726,30.0,0.002727,281.0
1753533090145,12:31:30.145,B3/USDT:USDT,0.002722,6.0,0.002721,30.0,0.002726,30.0,0.002727,281.0
1753533090434,12:31:30.434,B3/USDT:USDT,0.002722,6.0,0.002721,30.0,0.002726,30.0,0.002727,281.0
1753533091004,12:31:31.004,B3/USDT:USDT,0.002722,6.0,0.002721,30.0,0.002726,30.0,0.002727,281.0
1753533093763,12:31:33.763,B3/USDT:USDT,0.002722,6.0,0.002721,30.0,0.002726,30.0,0.002727,281.0
1753533093969,12:31:33.969,B3/USDT:USDT,0.002722,6.0,0.002721,30.0,0.002726,30.0,0.002727,281.0
1753533094112,12:31:34.112,B3/USDT:USDT,0.002722,115.0,0.002721,30.0,0.002726,30.0,0.002727,281.0
1753533095524,12:31:35.524,B3/USDT:USDT,0.002722,115.0,0.002721,30.0,0.002726,30.0,0.002727,281.0
1753533095597,12:31:35.597,B3/USDT:USDT,0.002722,115.0,0.002721,30.0,0.002726,30.0,0.002727,281.0
1753533095770,12:31:35.770,B3/USDT:USDT,0.002722,115.0,0.002721,30.0,0.002726,30.0,0.002727,281.0
1753533095916,12:31:35.916,B3/USDT:USDT,0.002722,115.0,0.002721,30.0,0.002726,30.0,0.002727,281.0
1753533096050,12:31:36.050,B3/USDT:USDT,0.002722,115.0,0.002721,30.0,0.002726,30.0,0.002727,281.0
1753533096950,12:31:36.950,B3/USDT:USDT,0.002722,115.0,0.002721,30.0,0.002726,30.0,0.002727,281.0
1753533096986,12:31:36.986,B3/USDT:USDT,0.002722,115.0,0.002721,30.0,0.002726,30.0,0.002727,281.0
1753533097101,12:31:37.101,B3/USDT:USDT,0.002722,115.0,0.002721,30.0,0.002726,30.0,0.002727,281.0
1753533097321,12:31:37.321,B3/USDT:USDT,0.002722,115.0,0.002721,30.0,0.002726,30.0,0.002727,281.0
1753533099026,12:31:39.026,B3/USDT:USDT,0.002722,115.0,0.002721,30.0,0.002726,30.0,0.002727,281.0
1753533099104,12:31:39.104,B3/USDT:USDT,0.002722,115.0,0.002721,30.0,0.002726,30.0,0.002727,281.0
1753533099190,12:31:39.190,B3/USDT:USDT,0.002722,115.0,0.002721,30.0,0.002726,30.0,0.002727,281.0
1753533099281,12:31:39.281,B3/USDT:USDT,0.002722,115.0,0.002721,30.0,0.002726,30.0,0.002727,281.0
1753533099412,12:31:39.412,B3/USDT:USDT,0.002722,115.0,0.002721,30.0,0.002726,30.0,0.002727,281.0
1753533099602,12:31:39.602,B3/USDT:USDT,0.002722,115.0,0.002721,30.0,0.002726,30.0,0.002727,281.0
1753533100252,12:31:40.252,B3/USDT:USDT,0.002722,115.0,0.002721,30.0,0.002726,30.0,0.002727,281.0
1753533100446,12:31:40.446,B3/USDT:USDT,0.002722,115.0,0.002721,30.0,0.002726,30.0,0.002727,281.0
1753533100637,12:31:40.637,B3/USDT:USDT,0.002722,115.0,0.002721,30.0,0.002726,30.0,0.002727,281.0
1753533100675,12:31:40.675,B3/USDT:USDT,0.002722,115.0,0.002721,30.0,0.002726,30.0,0.002727,281.0
1753533100775,12:31:40.775,B3/USDT:USDT,0.002722,115.0,0.002721,30.0,0.002726,30.0,0.002727,281.0
1753533100946,12:31:40.946,B3/USDT:USDT,0.002722,115.0,0.002721,30.0,0.002726,30.0,0.002727,281.0
1753533101046,12:31:41.046,B3/USDT:USDT,0.002722,115.0,0.002721,30.0,0.002726,30.0,0.002727,281.0
1753533101170,12:31:41.170,B3/USDT:USDT,0.002722,115.0,0.002721,30.0,0.002726,30.0,0.002727,281.0
1753533101900,12:31:41.900,B3/USDT:USDT,0.002722,6.0,0.002721,30.0,0.002726,30.0,0.002727,281.0
1753533102147,12:31:42.147,B3/USDT:USDT,0.002722,6.0,0.002721,30.0,0.002726,30.0,0.002727,281.0
1753533102241,12:31:42.241,B3/USDT:USDT,0.002722,6.0,0.002721,30.0,0.002726,30.0,0.002727,281.0
1753533102269,12:31:42.269,B3/USDT:USDT,0.002722,6.0,0.002721,30.0,0.002726,30.0,0.002727,281.0
1753533102376,12:31:42.376,B3/USDT:USDT,0.002722,6.0,0.002721,30.0,0.002726,30.0,0.002727,281.0
1753533102491,12:31:42.491,B3/USDT:USDT,0.002722,6.0,0.002721,30.0,0.002726,30.0,0.002727,281.0
1753533102685,12:31:42.685,B3/USDT:USDT,0.002722,6.0,0.002721,30.0,0.002726,30.0,0.002727,281.0
1753533102931,12:31:42.931,B3/USDT:USDT,0.002722,6.0,0.002721,141.0,0.002726,30.0,0.002727,281.0
1753533103151,12:31:43.151,B3/USDT:USDT,0.002722,6.0,0.002721,141.0,0.002726,30.0,0.002727,281.0
1753533103223,12:31:43.223,B3/USDT:USDT,0.002722,6.0,0.002721,141.0,0.002726,30.0,0.002727,281.0
1753533119129,12:31:59.129,B3/USDT:USDT,0.002722,6.0,0.002721,141.0,0.002726,30.0,0.002727,281.0
1753533122005,12:32:02.005,B3/USDT:USDT,0.002722,6.0,0.002721,141.0,0.002726,30.0,0.002727,281.0
1753533129049,12:32:09.049,B3/USDT:USDT,0.002722,6.0,0.002721,141.0,0.002726,30.0,0.002727,281.0
1753533131003,12:32:11.003,B3/USDT:USDT,0.002722,6.0,0.002721,141.0,0.002726,30.0,0.002727,281.0
1753533135640,12:32:15.640,B3/USDT:USDT,0.002722,6.0,0.002721,141.0,0.002726,30.0,0.002727,281.0
1753533136005,12:32:16.005,B3/USDT:USDT,0.002722,6.0,0.002721,141.0,0.002726,30.0,0.002727,281.0
1753533139199,12:32:19.199,B3/USDT:USDT,0.002722,6.0,0.002721,141.0,0.002726,30.0,0.002727,281.0
1753533140009,12:32:20.009,B3/USDT:USDT,0.002722,6.0,0.002721,141.0,0.002726,30.0,0.002727,281.0
1753533141264,12:32:21.264,B3/USDT:USDT,0.002722,6.0,0.002721,141.0,0.002726,30.0,0.002727,281.0
1753533143006,12:32:23.006,B3/USDT:USDT,0.002722,6.0,0.002721,141.0,0.002726,30.0,0.002727,281.0
1753533148426,12:32:28.426,B3/USDT:USDT,0.002722,6.0,0.002721,141.0,0.002726,30.0,0.002727,281.0
1753533148755,12:32:28.755,B3/USDT:USDT,0.002722,6.0,0.002721,141.0,0.002726,124.0,0.002727,281.0
1753533149003,12:32:29.003,B3/USDT:USDT,0.002722,6.0,0.002721,141.0,0.002726,124.0,0.002727,281.0
1753533150858,12:32:30.858,B3/USDT:USDT,0.002722,6.0,0.002721,141.0,0.002726,124.0,0.002727,281.0
1753533152225,12:32:32.225,B3/USDT:USDT,0.002722,6.0,0.002721,141.0,0.002726,124.0,0.002727,281.0
1753533152362,12:32:32.362,B3/USDT:USDT,0.002722,6.0,0.002721,30.0,0.002725,95.0,0.002726,132.0
1753533152424,12:32:32.424,B3/USDT:USDT,0.002722,6.0,0.002721,30.0,0.002725,244.0,0.002726,132.0
1753533152556,12:32:32.556,B3/USDT:USDT,0.002722,6.0,0.002719,95.0,0.002725,244.0,0.002726,132.0
1753533152632,12:32:32.632,B3/USDT:USDT,0.00272,6.0,0.002719,207.0,0.002725,244.0,0.002726,219.0
1753533152671,12:32:32.671,B3/USDT:USDT,0.00272,5.0,0.002719,207.0,0.002725,244.0,0.002726,219.0
1753533152768,12:32:32.768,B3/USDT:USDT,0.00272,5.0,0.002719,207.0,0.002725,244.0,0.002726,219.0
1753533153004,12:32:33.004,B3/USDT:USDT,0.00272,5.0,0.002719,207.0,0.002725,244.0,0.002726,219.0
1753533153244,12:32:33.244,B3/USDT:USDT,0.00272,6.0,0.002719,207.0,0.002725,244.0,0.002726,219.0
1753533153268,12:32:33.268,B3/USDT:USDT,0.00272,6.0,0.002719,207.0,0.002725,244.0,0.002726,219.0
1753533153397,12:32:33.397,B3/USDT:USDT,0.00272,6.0,0.002719,207.0,0.002725,244.0,0.002726,219.0
1753533153614,12:32:33.614,B3/USDT:USDT,0.00272,6.0,0.002719,207.0,0.002725,244.0,0.002726,219.0
1753533154537,12:32:34.537,B3/USDT:USDT,0.00272,6.0,0.002719,207.0,0.002724,30.0,0.002725,244.0
1753533154615,12:32:34.615,B3/USDT:USDT,0.00272,6.0,0.002719,207.0,0.002724,30.0,0.002725,244.0
1753533155031,12:32:35.031,B3/USDT:USDT,0.00272,6.0,0.002719,207.0,0.002724,30.0,0.002725,244.0
1753533162607,12:32:42.607,B3/USDT:USDT,0.00272,6.0,0.002719,207.0,0.002724,30.0,0.002725,244.0
1753533163466,12:32:43.466,B3/USDT:USDT,0.00272,6.0,0.002719,207.0,0.002724,30.0,0.002725,244.0
1753533166018,12:32:46.018,B3/USDT:USDT,0.00272,6.0,0.002719,207.0,0.002724,30.0,0.002725,244.0
1753533167010,12:32:47.010,B3/USDT:USDT,0.00272,6.0,0.002719,207.0,0.002724,30.0,0.002725,244.0
1753533167451,12:32:47.451,B3/USDT:USDT,0.00272,6.0,0.002719,207.0,0.002724,30.0,0.002725,244.0
1753533168704,12:32:48.704,B3/USDT:USDT,0.00272,6.0,0.002719,207.0,0.002724,30.0,0.002725,244.0
1753533169007,12:32:49.007,B3/USDT:USDT,0.00272,6.0,0.002719,207.0,0.002724,30.0,0.002725,244.0
1753533169249,12:32:49.249,B3/USDT:USDT,0.00272,6.0,0.002719,207.0,0.002724,30.0,0.002725,244.0
1753533174603,12:32:54.603,B3/USDT:USDT,0.00272,6.0,0.002719,207.0,0.002724,30.0,0.002725,244.0
1753533180100,12:33:00.100,B3/USDT:USDT,0.00272,6.0,0.002719,207.0,0.002724,30.0,0.002725,244.0
1753533180599,12:33:00.599,B3/USDT:USDT,0.00272,6.0,0.002719,207.0,0.002724,30.0,0.002725,244.0
1753533198610,12:33:18.610,B3/USDT:USDT,0.00272,6.0,0.002719,207.0,0.002724,30.0,0.002725,244.0
1753533198839,12:33:18.839,B3/USDT:USDT,0.00272,6.0,0.002719,207.0,0.002724,30.0,0.002725,244.0
1753533199260,12:33:19.260,B3/USDT:USDT,0.00272,6.0,0.002719,207.0,0.002724,30.0,0.002725,244.0
1753533219416,12:33:39.416,B3/USDT:USDT,0.00272,6.0,0.002719,207.0,0.002724,30.0,0.002725,244.0
1753533232005,12:33:52.005,B3/USDT:USDT,0.00272,6.0,0.002719,207.0,0.002724,30.0,0.002725,244.0
1753533232216,12:33:52.216,B3/USDT:USDT,0.00272,6.0,0.002719,207.0,0.002724,30.0,0.002725,244.0
1753533232763,12:33:52.763,B3/USDT:USDT,0.00272,6.0,0.002719,207.0,0.002724,30.0,0.002725,244.0
1753533232769,12:33:52.769,B3/USDT:USDT,0.00272,6.0,0.002719,207.0,0.002724,30.0,0.002725,244.0
1753533234623,12:33:54.623,B3/USDT:USDT,0.00272,6.0,0.002719,207.0,0.002724,30.0,0.002725,244.0
1753533234949,12:33:54.949,B3/USDT:USDT,0.00272,6.0,0.002719,207.0,0.002724,30.0,0.002725,244.0
1753533235011,12:33:55.011,B3/USDT:USDT,0.00272,6.0,0.002719,207.0,0.002724,30.0,0.002725,244.0
1753533235437,12:33:55.437,B3/USDT:USDT,0.00272,6.0,0.002719,207.0,0.002724,30.0,0.002725,244.0
1753533237927,12:33:57.927,B3/USDT:USDT,0.00272,6.0,0.002719,207.0,0.002724,30.0,0.002725,244.0
1753533240711,12:34:00.711,B3/USDT:USDT,0.00272,6.0,0.002719,207.0,0.002724,30.0,0.002725,244.0
1753533246633,12:34:06.633,B3/USDT:USDT,0.00272,6.0,0.002719,207.0,0.002724,30.0,0.002725,244.0
1753533266800,12:34:26.800,B3/USDT:USDT,0.00272,6.0,0.002719,207.0,0.002724,30.0,0.002725,244.0
1753533267672,12:34:27.672,B3/USDT:USDT,0.00272,6.0,0.002719,207.0,0.002724,30.0,0.002725,244.0
1753533268410,12:34:28.410,B3/USDT:USDT,0.00272,6.0,0.002719,207.0,0.002724,30.0,0.002725,244.0
1753533272004,12:34:32.004,B3/USDT:USDT,0.00272,6.0,0.002719,207.0,0.002724,30.0,0.002725,244.0
1753533272439,12:34:32.439,B3/USDT:USDT,0.00272,6.0,0.002719,207.0,0.002724,30.0,0.002725,244.0
1753533292593,12:34:52.593,B3/USDT:USDT,0.00272,6.0,0.002719,207.0,0.002724,30.0,0.002725,244.0
1753533297436,12:34:57.436,B3/USDT:USDT,0.00272,6.0,0.002719,215.0,0.002724,30.0,0.002725,149.0
1753533297563,12:34:57.563,B3/USDT:USDT,0.00272,99.0,0.002719,215.0,0.002724,30.0,0.002726,181.0
1753533297634,12:34:57.634,B3/USDT:USDT,0.00272,108.0,0.002719,215.0,0.002724,30.0,0.002726,181.0
1753533297747,12:34:57.747,B3/USDT:USDT,0.00272,108.0,0.002719,215.0,0.002724,30.0,0.002726,181.0
1753533297968,12:34:57.968,B3/USDT:USDT,0.00272,108.0,0.002719,215.0,0.002724,30.0,0.002726,94.0
1753533298483,12:34:58.483,B3/USDT:USDT,0.00272,108.0,0.002719,215.0,0.002724,30.0,0.002726,94.0
1753533298634,12:34:58.634,B3/USDT:USDT,0.00272,108.0,0.002719,215.0,0.002724,30.0,0.002726,94.0
1753533299056,12:34:59.056,B3/USDT:USDT,0.00272,108.0,0.002719,215.0,0.002724,30.0,0.002726,94.0
1753533299898,12:34:59.898,B3/USDT:USDT,0.002721,30.0,0.00272,108.0,0.002724,30.0,0.002727,357.0
1753533299983,12:34:59.983,B3/USDT:USDT,0.002722,6.0,0.002721,30.0,0.002724,30.0,0.002727,357.0
1753533300074,12:35:00.074,B3/USDT:USDT,0.002721,30.0,0.00272,102.0,0.002724,30.0,0.002727,357.0
1753533300172,12:35:00.172,B3/USDT:USDT,0.002722,6.0,0.002721,30.0,0.002724,30.0,0.002727,357.0
1753533300279,12:35:00.279,B3/USDT:USDT,0.002722,6.0,0.002721,30.0,0.002724,30.0,0.002727,357.0
1753533300658,12:35:00.658,B3/USDT:USDT,0.002722,6.0,0.002721,30.0,0.002724,30.0,0.002727,357.0
1753533301502,12:35:01.502,B3/USDT:USDT,0.002722,6.0,0.002721,30.0,0.002724,30.0,0.002727,357.0
1753533301954,12:35:01.954,B3/USDT:USDT,0.002722,6.0,0.002721,30.0,0.002724,30.0,0.002727,357.0
1753533302256,12:35:02.256,B3/USDT:USDT,0.002722,6.0,0.002721,30.0,0.002724,30.0,0.002727,357.0
1753533302282,12:35:02.282,B3/USDT:USDT,0.002722,6.0,0.002721,30.0,0.002724,30.0,0.002727,357.0
1753533303075,12:35:03.075,B3/USDT:USDT,0.002722,6.0,0.002721,30.0,0.002724,30.0,0.002727,357.0
1753533304456,12:35:04.456,B3/USDT:USDT,0.002722,6.0,0.002721,30.0,0.002724,30.0,0.002727,357.0
1753533309658,12:35:09.658,B3/USDT:USDT,0.002722,6.0,0.002721,30.0,0.002724,30.0,0.002727,357.0
1753533312747,12:35:12.747,B3/USDT:USDT,0.002722,6.0,0.002721,30.0,0.002724,30.0,0.002727,357.0
1753533313234,12:35:13.234,B3/USDT:USDT,0.002722,6.0,0.002721,137.0,0.002724,30.0,0.002727,357.0
1753533323586,12:35:23.586,B3/USDT:USDT,0.002722,6.0,0.002721,137.0,0.002724,30.0,0.002727,357.0
1753533324075,12:35:24.075,B3/USDT:USDT,0.002722,6.0,0.002721,137.0,0.002724,30.0,0.002727,357.0
1753533337367,12:35:37.367,B3/USDT:USDT,0.002722,6.0,0.002721,137.0,0.002724,30.0,0.002727,357.0
1753533338109,12:35:38.109,B3/USDT:USDT,0.002722,6.0,0.002721,137.0,0.002724,30.0,0.002727,357.0
1753533338325,12:35:38.325,B3/USDT:USDT,0.002722,6.0,0.002721,137.0,0.002724,30.0,0.002727,357.0
1753533340579,12:35:40.579,B3/USDT:USDT,0.002722,6.0,0.002721,137.0,0.002724,30.0,0.002727,357.0
1753533341156,12:35:41.156,B3/USDT:USDT,0.002722,6.0,0.002721,137.0,0.002724,30.0,0.002727,357.0
1753533342008,12:35:42.008,B3/USDT:USDT,0.002722,6.0,0.002721,137.0,0.002724,30.0,0.002727,357.0
1753533345453,12:35:45.453,B3/USDT:USDT,0.002722,6.0,0.002721,137.0,0.002724,30.0,0.002727,357.0
1753533345560,12:35:45.560,B3/USDT:USDT,0.002722,6.0,0.002721,137.0,0.002724,30.0,0.002727,357.0
1753533346006,12:35:46.006,B3/USDT:USDT,0.002722,6.0,0.002721,137.0,0.002724,30.0,0.002727,357.0
1753533346937,12:35:46.937,B3/USDT:USDT,0.002722,6.0,0.002721,137.0,0.002724,30.0,0.002727,357.0
1753533348680,12:35:48.680,B3/USDT:USDT,0.002722,6.0,0.002721,137.0,0.002724,30.0,0.002727,357.0
1753533348864,12:35:48.864,B3/USDT:USDT,0.002722,6.0,0.002721,137.0,0.002724,30.0,0.002727,357.0
1753533350604,12:35:50.604,B3/USDT:USDT,0.002722,6.0,0.002721,137.0,0.002724,30.0,0.002727,357.0
1753533351004,12:35:51.004,B3/USDT:USDT,0.002722,6.0,0.002721,137.0,0.002724,30.0,0.002727,357.0
1753533352299,12:35:52.299,B3/USDT:USDT,0.002722,6.0,0.002721,137.0,0.002724,30.0,0.002727,357.0
1753533356059,12:35:56.059,B3/USDT:USDT,0.002722,6.0,0.002721,137.0,0.002724,30.0,0.002727,357.0
1753533361921,12:36:01.921,B3/USDT:USDT,0.002722,6.0,0.002721,137.0,0.002724,30.0,0.002727,357.0
1753533367188,12:36:07.188,B3/USDT:USDT,0.002722,6.0,0.002721,137.0,0.002724,30.0,0.002727,357.0
1753533373758,12:36:13.758,B3/USDT:USDT,0.002722,6.0,0.002721,137.0,0.002724,30.0,0.002727,357.0
1753533378426,12:36:18.426,B3/USDT:USDT,0.002722,6.0,0.002721,137.0,0.002724,30.0,0.002727,357.0
1753533385064,12:36:25.064,B3/USDT:USDT,0.002722,6.0,0.002721,137.0,0.002727,262.0,0.002728,254.0
1753533385163,12:36:25.163,B3/USDT:USDT,0.002722,6.0,0.002721,137.0,0.002727,262.0,0.002728,254.0
1753533385341,12:36:25.341,B3/USDT:USDT,0.002722,6.0,0.002721,137.0,0.002727,262.0,0.002728,254.0
1753533385584,12:36:25.584,B3/USDT:USDT,0.002722,6.0,0.002721,137.0,0.002727,262.0,0.002728,254.0
1753533386857,12:36:26.857,B3/USDT:USDT,0.002722,6.0,0.002721,137.0,0.002727,262.0,0.002728,254.0
1753533390695,12:36:30.695,B3/USDT:USDT,0.002722,6.0,0.002721,137.0,0.002727,262.0,0.002728,254.0
1753533396138,12:36:36.138,B3/USDT:USDT,0.002722,6.0,0.002721,137.0,0.002727,262.0,0.002728,254.0
1753533396353,12:36:36.353,B3/USDT:USDT,0.002722,6.0,0.002721,137.0,0.002727,262.0,0.002728,254.0
1753533396452,12:36:36.452,B3/USDT:USDT,0.002722,6.0,0.002721,137.0,0.002727,262.0,0.002728,254.0
1753533396488,12:36:36.488,B3/USDT:USDT,0.002722,6.0,0.002721,137.0,0.002727,262.0,0.002728,254.0
1753533396868,12:36:36.868,B3/USDT:USDT,0.002722,6.0,0.002721,137.0,0.002727,262.0,0.002728,254.0
1753533397145,12:36:37.145,B3/USDT:USDT,0.002722,6.0,0.002721,137.0,0.002727,262.0,0.002728,254.0
1753533397213,12:36:37.213,B3/USDT:USDT,0.002722,6.0,0.002721,137.0,0.002727,262.0,0.002728,254.0
1753533397282,12:36:37.282,B3/USDT:USDT,0.002722,6.0,0.002721,137.0,0.002727,262.0,0.002728,254.0
1753533397718,12:36:37.718,B3/USDT:USDT,0.002722,6.0,0.002721,137.0,0.002727,262.0,0.002728,254.0
1753533398122,12:36:38.122,B3/USDT:USDT,0.002722,6.0,0.002721,137.0,0.002727,262.0,0.002728,254.0
1753533398346,12:36:38.346,B3/USDT:USDT,0.002722,6.0,0.002721,137.0,0.002727,262.0,0.002728,254.0
1753533398376,12:36:38.376,B3/USDT:USDT,0.002722,6.0,0.002721,137.0,0.002727,262.0,0.002728,254.0
1753533398543,12:36:38.543,B3/USDT:USDT,0.002722,6.0,0.002721,137.0,0.002727,262.0,0.002728,254.0
1753533398641,12:36:38.641,B3/USDT:USDT,0.002722,6.0,0.002721,137.0,0.002727,262.0,0.002728,254.0
1753533398962,12:36:38.962,B3/USDT:USDT,0.002722,6.0,0.002721,137.0,0.002727,262.0,0.002728,254.0
1753533398978,12:36:38.978,B3/USDT:USDT,0.002722,6.0,0.002721,137.0,0.002727,262.0,0.002728,254.0
1753533399217,12:36:39.217,B3/USDT:USDT,0.002722,6.0,0.002721,137.0,0.002727,262.0,0.002728,254.0
1753533399337,12:36:39.337,B3/USDT:USDT,0.002722,6.0,0.002721,137.0,0.002727,262.0,0.002728,254.0
1753533399381,12:36:39.381,B3/USDT:USDT,0.002722,6.0,0.002721,137.0,0.002727,262.0,0.002728,254.0
1753533399639,12:36:39.639,B3/USDT:USDT,0.002722,6.0,0.002721,137.0,0.002727,262.0,0.002728,254.0
1753533399750,12:36:39.750,B3/USDT:USDT,0.002722,6.0,0.002721,137.0,0.002727,262.0,0.002728,254.0
1753533399903,12:36:39.903,B3/USDT:USDT,0.002722,6.0,0.002721,137.0,0.002727,262.0,0.002728,254.0
1753533400201,12:36:40.201,B3/USDT:USDT,0.002722,6.0,0.002721,137.0,0.002727,262.0,0.002728,254.0
1753533400308,12:36:40.308,B3/USDT:USDT,0.002722,6.0,0.002721,137.0,0.002727,262.0,0.002728,254.0
1753533400378,12:36:40.378,B3/USDT:USDT,0.002722,6.0,0.002721,137.0,0.002727,262.0,0.002728,254.0
1753533400619,12:36:40.619,B3/USDT:USDT,0.002722,6.0,0.002721,137.0,0.002727,262.0,0.002728,254.0
1753533400837,12:36:40.837,B3/USDT:USDT,0.002722,6.0,0.002721,137.0,0.002727,262.0,0.002728,254.0
1753533400935,12:36:40.935,B3/USDT:USDT,0.002722,6.0,0.002721,137.0,0.002727,262.0,0.002728,254.0
1753533401263,12:36:41.263,B3/USDT:USDT,0.002722,6.0,0.002721,137.0,0.002727,262.0,0.002728,254.0
1753533401439,12:36:41.439,B3/USDT:USDT,0.002722,6.0,0.002721,137.0,0.002727,262.0,0.002728,254.0
1753533401540,12:36:41.540,B3/USDT:USDT,0.002722,6.0,0.002721,137.0,0.002727,262.0,0.002728,254.0
1753533401615,12:36:41.615,B3/USDT:USDT,0.002722,6.0,0.002721,137.0,0.002727,262.0,0.002728,254.0
1753533401746,12:36:41.746,B3/USDT:USDT,0.002722,6.0,0.002721,137.0,0.002727,262.0,0.002728,254.0
1753533401857,12:36:41.857,B3/USDT:USDT,0.002722,6.0,0.002721,137.0,0.002727,262.0,0.002728,254.0
1753533402033,12:36:42.033,B3/USDT:USDT,0.002722,6.0,0.002721,137.0,0.002727,262.0,0.002728,254.0
1753533402152,12:36:42.152,B3/USDT:USDT,0.002722,6.0,0.002721,137.0,0.002727,262.0,0.002728,254.0
1753533402302,12:36:42.302,B3/USDT:USDT,0.002722,6.0,0.002721,137.0,0.002727,262.0,0.002728,254.0
1753533402674,12:36:42.674,B3/USDT:USDT,0.002722,6.0,0.002721,137.0,0.002727,262.0,0.002728,254.0
1753533402817,12:36:42.817,B3/USDT:USDT,0.002722,6.0,0.002721,137.0,0.002727,262.0,0.002728,254.0
1753533403125,12:36:43.125,B3/USDT:USDT,0.002722,6.0,0.002721,137.0,0.002727,262.0,0.002728,254.0
1753533403438,12:36:43.438,B3/USDT:USDT,0.002722,6.0,0.002721,137.0,0.002727,262.0,0.002728,254.0
1753533404713,12:36:44.713,B3/USDT:USDT,0.002722,6.0,0.002721,137.0,0.002727,262.0,0.002728,254.0
1753533418975,12:36:58.975,B3/USDT:USDT,0.002722,6.0,0.002721,137.0,0.002727,262.0,0.002728,254.0
1753533428156,12:37:08.156,B3/USDT:USDT,0.002722,6.0,0.002721,137.0,0.002727,262.0,0.002728,254.0
1753533431735,12:37:11.735,B3/USDT:USDT,0.002722,6.0,0.002721,137.0,0.002727,76.0,0.002728,246.0
1753533431838,12:37:11.838,B3/USDT:USDT,0.002722,6.0,0.002721,137.0,0.002728,246.0,0.002729,176.0
1753533431952,12:37:11.952,B3/USDT:USDT,0.002722,6.0,0.002721,137.0,0.002728,246.0,0.002729,176.0
1753533432059,12:37:12.059,B3/USDT:USDT,0.002722,6.0,0.002721,146.0,0.002728,246.0,0.002729,176.0
1753533432882,12:37:12.882,B3/USDT:USDT,0.002722,6.0,0.002721,146.0,0.002728,246.0,0.002729,176.0
1753533433188,12:37:13.188,B3/USDT:USDT,0.002722,6.0,0.002721,146.0,0.002728,246.0,0.002729,176.0
1753533433303,12:37:13.303,B3/USDT:USDT,0.002722,6.0,0.002721,146.0,0.002728,246.0,0.002729,176.0
1753533434530,12:37:14.530,B3/USDT:USDT,0.002722,6.0,0.002721,146.0,0.002728,246.0,0.002729,176.0
1753533439724,12:37:19.724,B3/USDT:USDT,0.002722,6.0,0.002721,146.0,0.002728,246.0,0.002729,176.0
1753533441328,12:37:21.328,B3/USDT:USDT,0.002722,6.0,0.002721,146.0,0.002728,246.0,0.002729,176.0
1753533452188,12:37:32.188,B3/USDT:USDT,0.002722,6.0,0.002721,234.0,0.002728,246.0,0.002729,176.0
1753533455933,12:37:35.933,B3/USDT:USDT,0.002722,102.0,0.002721,234.0,0.002728,246.0,0.002729,176.0
1753533456236,12:37:36.236,B3/USDT:USDT,0.002723,86.0,0.002722,208.0,0.002729,176.0,0.00273,355.0
1753533456335,12:37:36.335,B3/USDT:USDT,0.002724,6.0,0.002723,86.0,0.002729,176.0,0.00273,355.0
1753533456557,12:37:36.557,B3/USDT:USDT,0.002724,6.0,0.002723,86.0,0.002729,176.0,0.00273,355.0
1753533456659,12:37:36.659,B3/USDT:USDT,0.002724,6.0,0.002723,86.0,0.002729,176.0,0.00273,355.0
1753533457884,12:37:37.884,B3/USDT:USDT,0.002724,6.0,0.002723,86.0,0.002729,176.0,0.00273,355.0
1753533458030,12:37:38.030,B3/USDT:USDT,0.002724,6.0,0.002723,86.0,0.002729,176.0,0.00273,355.0
1753533458227,12:37:38.227,B3/USDT:USDT,0.002724,6.0,0.002723,8.0,0.002729,176.0,0.00273,355.0
1753533458300,12:37:38.300,B3/USDT:USDT,0.002723,14.0,0.002722,202.0,0.002729,176.0,0.00273,355.0
1753533458721,12:37:38.721,B3/USDT:USDT,0.002723,14.0,0.002722,202.0,0.002729,176.0,0.00273,355.0
1753533459101,12:37:39.101,B3/USDT:USDT,0.002723,44.0,0.002722,202.0,0.002729,176.0,0.00273,355.0
1753533459686,12:37:39.686,B3/USDT:USDT,0.002723,44.0,0.002722,202.0,0.002729,176.0,0.00273,355.0
1753533459806,12:37:39.806,B3/USDT:USDT,0.002723,44.0,0.002722,202.0,0.002729,176.0,0.00273,355.0
1753533459940,12:37:39.940,B3/USDT:USDT,0.002723,44.0,0.002722,202.0,0.002729,176.0,0.00273,355.0
1753533460341,12:37:40.341,B3/USDT:USDT,0.002723,44.0,0.002722,202.0,0.002729,176.0,0.00273,355.0
1753533460760,12:37:40.760,B3/USDT:USDT,0.002723,44.0,0.002722,202.0,0.002729,176.0,0.00273,355.0
1753533460874,12:37:40.874,B3/USDT:USDT,0.002723,44.0,0.002722,202.0,0.002729,176.0,0.00273,355.0
1753533465727,12:37:45.727,B3/USDT:USDT,0.002723,44.0,0.002722,202.0,0.002729,176.0,0.00273,355.0
1753533467365,12:37:47.365,B3/USDT:USDT,0.002723,44.0,0.002722,202.0,0.002729,176.0,0.00273,355.0
1753533467386,12:37:47.386,B3/USDT:USDT,0.002723,44.0,0.002722,202.0,0.002729,176.0,0.00273,355.0
1753533467468,12:37:47.468,B3/USDT:USDT,0.002723,44.0,0.002722,202.0,0.002729,176.0,0.00273,355.0
1753533467865,12:37:47.865,B3/USDT:USDT,0.002723,44.0,0.002722,202.0,0.002729,176.0,0.00273,355.0
1753533467868,12:37:47.868,B3/USDT:USDT,0.002723,44.0,0.002722,113.0,0.002729,176.0,0.00273,355.0
1753533468365,12:37:48.365,B3/USDT:USDT,0.002723,156.0,0.002722,113.0,0.002729,176.0,0.00273,355.0
1753533468370,12:37:48.370,B3/USDT:USDT,0.002723,156.0,0.002722,113.0,0.002729,176.0,0.00273,355.0
1753533471348,12:37:51.348,B3/USDT:USDT,0.002723,174.0,0.002722,113.0,0.002729,176.0,0.00273,355.0
1753533471396,12:37:51.396,B3/USDT:USDT,0.002723,156.0,0.002722,113.0,0.002729,176.0,0.00273,355.0
1753533471469,12:37:51.469,B3/USDT:USDT,0.002723,174.0,0.002722,113.0,0.002729,176.0,0.00273,355.0
1753533473616,12:37:53.616,B3/USDT:USDT,0.002723,192.0,0.002722,113.0,0.002729,176.0,0.00273,355.0
1753533476324,12:37:56.324,B3/USDT:USDT,0.002723,192.0,0.002722,113.0,0.002729,171.0,0.00273,355.0
1753533477118,12:37:57.118,B3/USDT:USDT,0.002723,210.0,0.002722,113.0,0.002729,171.0,0.00273,355.0
1753533480315,12:38:00.315,B3/USDT:USDT,0.002723,156.0,0.002722,113.0,0.002729,79.0,0.00273,355.0
1753533480924,12:38:00.924,B3/USDT:USDT,0.002723,194.0,0.002722,113.0,0.002729,79.0,0.00273,355.0
1753533481040,12:38:01.040,B3/USDT:USDT,0.002724,75.0,0.002723,231.0,0.002729,79.0,0.00273,355.0
1753533481148,12:38:01.148,B3/USDT:USDT,0.002725,6.0,0.002723,150.0,0.002729,79.0,0.00273,355.0
1753533481190,12:38:01.190,B3/USDT:USDT,0.002724,6.0,0.002723,150.0,0.002729,79.0,0.00273,355.0
1753533481345,12:38:01.345,B3/USDT:USDT,0.002724,6.0,0.002723,150.0,0.002729,79.0,0.00273,355.0
1753533481372,12:38:01.372,B3/USDT:USDT,0.002724,6.0,0.002723,150.0,0.002729,79.0,0.00273,355.0
1753533481687,12:38:01.687,B3/USDT:USDT,0.002724,6.0,0.002723,150.0,0.002729,79.0,0.00273,355.0
1753533483442,12:38:03.442,B3/USDT:USDT,0.002724,6.0,0.002723,150.0,0.00273,355.0,0.002731,243.0
1753533483727,12:38:03.727,B3/USDT:USDT,0.002724,6.0,0.002723,150.0,0.00273,355.0,0.002731,243.0
1753533483839,12:38:03.839,B3/USDT:USDT,0.002724,6.0,0.002723,150.0,0.002729,30.0,0.00273,355.0
1753533484246,12:38:04.246,B3/USDT:USDT,0.002724,6.0,0.002723,150.0,0.002729,210.0,0.00273,355.0
1753533484299,12:38:04.299,B3/USDT:USDT,0.002724,6.0,0.002723,142.0,0.002729,210.0,0.00273,355.0
1753533484465,12:38:04.465,B3/USDT:USDT,0.002724,6.0,0.002723,142.0,0.002729,210.0,0.00273,355.0
1753533484829,12:38:04.829,B3/USDT:USDT,0.002724,6.0,0.002723,142.0,0.002729,210.0,0.00273,355.0
1753533484973,12:38:04.973,B3/USDT:USDT,0.002724,6.0,0.002723,142.0,0.002729,210.0,0.00273,355.0
1753533486021,12:38:06.021,B3/USDT:USDT,0.002724,6.0,0.002723,142.0,0.002729,210.0,0.00273,355.0
1753533486148,12:38:06.148,B3/USDT:USDT,0.002724,6.0,0.002723,142.0,0.002729,210.0,0.00273,355.0
1753533486632,12:38:06.632,B3/USDT:USDT,0.002724,6.0,0.002723,142.0,0.002729,210.0,0.00273,355.0
1753533489535,12:38:09.535,B3/USDT:USDT,0.002724,6.0,0.002723,142.0,0.002729,210.0,0.00273,355.0
1753533491502,12:38:11.502,B3/USDT:USDT,0.002724,6.0,0.002723,142.0,0.002729,210.0,0.00273,355.0
1753533496284,12:38:16.284,B3/USDT:USDT,0.002724,6.0,0.002723,142.0,0.002729,210.0,0.00273,355.0
1753533496784,12:38:16.784,B3/USDT:USDT,0.002724,6.0,0.002723,142.0,0.002729,210.0,0.00273,355.0
1753533499356,12:38:19.356,B3/USDT:USDT,0.002724,6.0,0.002723,142.0,0.002729,210.0,0.00273,355.0
1753533499556,12:38:19.556,B3/USDT:USDT,0.002724,6.0,0.002723,142.0,0.002729,210.0,0.00273,355.0
1753533519716,12:38:39.716,B3/USDT:USDT,0.002724,6.0,0.002723,142.0,0.002729,210.0,0.00273,355.0
1753533528237,12:38:48.237,B3/USDT:USDT,0.002724,6.0,0.002723,30.0,0.002729,210.0,0.00273,355.0
1753533528330,12:38:48.330,B3/USDT:USDT,0.002724,6.0,0.002723,30.0,0.002729,210.0,0.00273,355.0
1753533528468,12:38:48.468,B3/USDT:USDT,0.002724,6.0,0.002723,30.0,0.002729,210.0,0.00273,355.0
1753533528854,12:38:48.854,B3/USDT:USDT,0.002724,6.0,0.002723,30.0,0.002729,210.0,0.00273,355.0
1753533529007,12:38:49.007,B3/USDT:USDT,0.002724,6.0,0.002723,30.0,0.002729,210.0,0.00273,355.0
1753533529310,12:38:49.310,B3/USDT:USDT,0.002724,6.0,0.002721,149.0,0.002729,210.0,0.00273,355.0
1753533529388,12:38:49.388,B3/USDT:USDT,0.002722,36.0,0.002721,149.0,0.002729,210.0,0.00273,355.0
1753533530071,12:38:50.071,B3/USDT:USDT,0.002722,36.0,0.002721,149.0,0.002729,210.0,0.00273,355.0
1753533530750,12:38:50.750,B3/USDT:USDT,0.002722,36.0,0.002721,149.0,0.002729,210.0,0.00273,355.0
1753533530769,12:38:50.769,B3/USDT:USDT,0.002722,36.0,0.002721,149.0,0.002729,210.0,0.00273,355.0
1753533530988,12:38:50.988,B3/USDT:USDT,0.002722,113.0,0.002721,258.0,0.002729,210.0,0.00273,355.0
1753533535009,12:38:55.009,B3/USDT:USDT,0.002722,113.0,0.002721,267.0,0.002729,210.0,0.00273,355.0
1753533539353,12:38:59.353,B3/USDT:USDT,0.002722,113.0,0.002721,267.0,0.002729,210.0,0.00273,355.0
1753533540476,12:39:00.476,B3/USDT:USDT,0.002722,113.0,0.002721,267.0,0.002729,215.0,0.00273,355.0
1753533543761,12:39:03.761,B3/USDT:USDT,0.002722,113.0,0.002721,267.0,0.002729,215.0,0.00273,355.0
1753533546855,12:39:06.855,B3/USDT:USDT,0.002722,113.0,0.002721,267.0,0.002729,215.0,0.00273,355.0
1753533547985,12:39:07.985,B3/USDT:USDT,0.002722,113.0,0.002721,267.0,0.002729,210.0,0.00273,355.0
1753533551307,12:39:11.307,B3/USDT:USDT,0.002722,36.0,0.002721,158.0,0.002729,210.0,0.00273,355.0
1753533562956,12:39:22.956,B3/USDT:USDT,0.002722,36.0,0.002721,158.0,0.002729,210.0,0.00273,355.0
1753533563035,12:39:23.035,B3/USDT:USDT,0.002722,36.0,0.002721,158.0,0.002729,210.0,0.00273,355.0
1753533570672,12:39:30.672,B3/USDT:USDT,0.002722,45.0,0.002721,149.0,0.002729,210.0,0.00273,355.0
1753533571117,12:39:31.117,B3/USDT:USDT,0.002722,36.0,0.002721,158.0,0.002729,210.0,0.00273,355.0
1753533580839,12:39:40.839,B3/USDT:USDT,0.002722,45.0,0.002721,149.0,0.002729,210.0,0.00273,355.0
1753533582826,12:39:42.826,B3/USDT:USDT,0.002722,69.0,0.002721,149.0,0.002729,210.0,0.00273,355.0
1753533583327,12:39:43.327,B3/USDT:USDT,0.002722,171.0,0.002721,258.0,0.002729,210.0,0.00273,355.0
1753533583550,12:39:43.550,B3/USDT:USDT,0.002722,171.0,0.002721,258.0,0.002729,210.0,0.00273,355.0
1753533583620,12:39:43.620,B3/USDT:USDT,0.002722,162.0,0.002721,267.0,0.002729,210.0,0.00273,355.0
1753533583753,12:39:43.753,B3/USDT:USDT,0.002722,171.0,0.002721,258.0,0.002729,210.0,0.00273,355.0
1753533588126,12:39:48.126,B3/USDT:USDT,0.002722,246.0,0.002721,258.0,0.002729,210.0,0.00273,355.0
1753533588172,12:39:48.172,B3/USDT:USDT,0.002722,264.0,0.002721,267.0,0.002729,210.0,0.00273,355.0
1753533589160,12:39:49.160,B3/USDT:USDT,0.002722,264.0,0.002721,267.0,0.002729,210.0,0.00273,355.0
1753533589961,12:39:49.961,B3/USDT:USDT,0.002722,264.0,0.002721,267.0,0.002729,210.0,0.00273,355.0
1753533590082,12:39:50.082,B3/USDT:USDT,0.002722,273.0,0.002721,258.0,0.002729,210.0,0.00273,355.0
1753533590296,12:39:50.296,B3/USDT:USDT,0.002722,264.0,0.002721,267.0,0.002729,210.0,0.00273,355.0
1753533590897,12:39:50.897,B3/USDT:USDT,0.002722,113.0,0.002721,267.0,0.002729,210.0,0.00273,355.0
1753533591004,12:39:51.004,B3/USDT:USDT,0.002722,113.0,0.002721,267.0,0.002729,210.0,0.00273,355.0
1753533591359,12:39:51.359,B3/USDT:USDT,0.002722,113.0,0.002721,267.0,0.002729,210.0,0.00273,355.0
1753533591423,12:39:51.423,B3/USDT:USDT,0.002722,149.0,0.002721,267.0,0.002729,210.0,0.00273,355.0
1753533592013,12:39:52.013,B3/USDT:USDT,0.002722,167.0,0.002721,267.0,0.002729,210.0,0.00273,355.0
1753533593855,12:39:53.855,B3/USDT:USDT,0.002722,185.0,0.002721,267.0,0.002729,210.0,0.00273,355.0
1753533597780,12:39:57.780,B3/USDT:USDT,0.002722,185.0,0.002721,267.0,0.002729,210.0,0.00273,355.0
1753533598044,12:39:58.044,B3/USDT:USDT,0.002722,185.0,0.002721,267.0,0.002729,210.0,0.00273,355.0
1753533598281,12:39:58.281,B3/USDT:USDT,0.002722,185.0,0.002721,267.0,0.002729,210.0,0.00273,355.0
1753533598900,12:39:58.900,B3/USDT:USDT,0.002722,167.0,0.002721,468.0,0.002729,210.0,0.00273,355.0
1753533599733,12:39:59.733,B3/USDT:USDT,0.002722,176.0,0.002721,459.0,0.002729,210.0,0.00273,355.0
1753533600072,12:40:00.072,B3/USDT:USDT,0.002722,227.0,0.002721,459.0,0.002729,210.0,0.00273,355.0
1753533600823,12:40:00.823,B3/USDT:USDT,0.002722,227.0,0.002721,258.0,0.002729,210.0,0.00273,355.0
1753533603011,12:40:03.011,B3/USDT:USDT,0.002722,253.0,0.002721,258.0,0.002729,210.0,0.00273,355.0
1753533603220,12:40:03.220,B3/USDT:USDT,0.002722,279.0,0.002721,258.0,0.002729,210.0,0.00273,355.0
1753533608235,12:40:08.235,B3/USDT:USDT,0.002722,148.0,0.002721,258.0,0.002729,210.0,0.00273,355.0
1753533608336,12:40:08.336,B3/USDT:USDT,0.002722,232.0,0.002721,258.0,0.002729,210.0,0.00273,355.0
1753533609094,12:40:09.094,B3/USDT:USDT,0.002722,285.0,0.002721,258.0,0.002729,210.0,0.00273,355.0
1753533609733,12:40:09.733,B3/USDT:USDT,0.002722,285.0,0.002721,258.0,0.002729,210.0,0.00273,355.0
1753533610228,12:40:10.228,B3/USDT:USDT,0.002722,317.0,0.002721,258.0,0.002729,210.0,0.00273,355.0
1753533614624,12:40:14.624,B3/USDT:USDT,0.002722,317.0,0.002721,258.0,0.002729,210.0,0.00273,355.0
1753533619160,12:40:19.160,B3/USDT:USDT,0.002722,317.0,0.002721,149.0,0.002729,210.0,0.00273,355.0
1753533619167,12:40:19.167,B3/USDT:USDT,0.002722,240.0,0.002721,149.0,0.002729,210.0,0.00273,355.0
1753533627609,12:40:27.609,B3/USDT:USDT,0.002722,167.0,0.002721,149.0,0.002729,210.0,0.00273,355.0
1753533627856,12:40:27.856,B3/USDT:USDT,0.002722,237.0,0.002721,149.0,0.002729,210.0,0.00273,355.0
1753533627987,12:40:27.987,B3/USDT:USDT,0.002723,87.0,0.002722,289.0,0.002729,114.0,0.00273,355.0
1753533628087,12:40:28.087,B3/USDT:USDT,0.002724,6.0,0.002722,39.0,0.002729,114.0,0.00273,355.0
1753533628177,12:40:28.177,B3/USDT:USDT,0.002723,6.0,0.002722,39.0,0.002729,114.0,0.00273,355.0
1753533629094,12:40:29.094,B3/USDT:USDT,0.002723,6.0,0.002722,39.0,0.002729,114.0,0.00273,355.0
1753533630173,12:40:30.173,B3/USDT:USDT,0.002723,36.0,0.002722,39.0,0.002729,114.0,0.00273,355.0
1753533633187,12:40:33.187,B3/USDT:USDT,0.002723,36.0,0.002722,39.0,0.002729,114.0,0.00273,355.0
1753533634787,12:40:34.787,B3/USDT:USDT,0.002723,36.0,0.002722,39.0,0.002729,114.0,0.00273,355.0
1753533642851,12:40:42.851,B3/USDT:USDT,0.002723,36.0,0.002722,148.0,0.002729,114.0,0.00273,355.0
1753533648176,12:40:48.176,B3/USDT:USDT,0.002723,36.0,0.002722,148.0,0.002729,114.0,0.00273,355.0
1753533648649,12:40:48.649,B3/USDT:USDT,0.002723,36.0,0.002722,148.0,0.002729,114.0,0.00273,355.0
1753533648842,12:40:48.842,B3/USDT:USDT,0.002723,36.0,0.002722,148.0,0.002729,114.0,0.00273,355.0
1753533649041,12:40:49.041,B3/USDT:USDT,0.002723,36.0,0.002722,148.0,0.002729,114.0,0.00273,355.0
1753533649261,12:40:49.261,B3/USDT:USDT,0.002723,36.0,0.002722,148.0,0.002729,114.0,0.00273,355.0
1753533649679,12:40:49.679,B3/USDT:USDT,0.002723,36.0,0.002722,148.0,0.002729,114.0,0.00273,355.0
1753533655857,12:40:55.857,B3/USDT:USDT,0.002723,36.0,0.002722,148.0,0.002729,114.0,0.00273,355.0
1753533656038,12:40:56.038,B3/USDT:USDT,0.002723,36.0,0.002722,148.0,0.002729,114.0,0.00273,355.0
1753533656129,12:40:56.129,B3/USDT:USDT,0.002723,36.0,0.002722,148.0,0.002729,114.0,0.00273,355.0
1753533656220,12:40:56.220,B3/USDT:USDT,0.002723,36.0,0.002722,148.0,0.002729,114.0,0.00273,355.0
1753533657050,12:40:57.050,B3/USDT:USDT,0.002723,36.0,0.002722,148.0,0.002729,114.0,0.00273,355.0
1753533657101,12:40:57.101,B3/USDT:USDT,0.002723,36.0,0.002722,148.0,0.002729,114.0,0.00273,355.0
1753533658316,12:40:58.316,B3/USDT:USDT,0.002723,36.0,0.002722,148.0,0.002729,114.0,0.00273,355.0
1753533660801,12:41:00.801,B3/USDT:USDT,0.002723,36.0,0.002722,148.0,0.002729,114.0,0.00273,355.0
1753533662305,12:41:02.305,B3/USDT:USDT,0.002723,36.0,0.002722,148.0,0.002729,114.0,0.00273,355.0
1753533663237,12:41:03.237,B3/USDT:USDT,0.002723,36.0,0.002722,148.0,0.002729,104.0,0.00273,355.0
1753533667278,12:41:07.278,B3/USDT:USDT,0.002723,54.0,0.002722,148.0,0.002729,104.0,0.00273,355.0
1753533668821,12:41:08.821,B3/USDT:USDT,0.002723,63.0,0.002722,139.0,0.002729,104.0,0.00273,355.0
1753533669091,12:41:09.091,B3/USDT:USDT,0.002723,99.0,0.002722,139.0,0.002729,104.0,0.00273,355.0
1753533669812,12:41:09.812,B3/USDT:USDT,0.002723,90.0,0.002722,148.0,0.002729,104.0,0.00273,355.0
1753533670286,12:41:10.286,B3/USDT:USDT,0.002723,126.0,0.002722,148.0,0.002729,104.0,0.00273,355.0
1753533671161,12:41:11.161,B3/USDT:USDT,0.002723,135.0,0.002722,139.0,0.002729,30.0,0.00273,355.0
1753533671203,12:41:11.203,B3/USDT:USDT,0.002723,45.0,0.002722,139.0,0.002729,30.0,0.00273,355.0
1753533674482,12:41:14.482,B3/USDT:USDT,0.002723,135.0,0.002722,139.0,0.002729,30.0,0.00273,355.0
1753533675328,12:41:15.328,B3/USDT:USDT,0.002723,135.0,0.002722,213.0,0.002729,30.0,0.00273,355.0
1753533675472,12:41:15.472,B3/USDT:USDT,0.002723,135.0,0.002722,213.0,0.002729,30.0,0.00273,355.0
1753533675599,12:41:15.599,B3/USDT:USDT,0.002723,135.0,0.002722,213.0,0.002729,30.0,0.00273,355.0
1753533677862,12:41:17.862,B3/USDT:USDT,0.002723,157.0,0.002722,213.0,0.002729,30.0,0.00273,355.0
1753533681084,12:41:21.084,B3/USDT:USDT,0.002723,190.0,0.002722,213.0,0.002729,30.0,0.00273,355.0
1753533681451,12:41:21.451,B3/USDT:USDT,0.002723,190.0,0.002722,213.0,0.002729,30.0,0.00273,355.0
1753533687824,12:41:27.824,B3/USDT:USDT,0.002723,190.0,0.002722,305.0,0.002729,30.0,0.00273,355.0
1753533688160,12:41:28.160,B3/USDT:USDT,0.002723,190.0,0.002722,305.0,0.002729,30.0,0.00273,355.0
1753533688308,12:41:28.308,B3/USDT:USDT,0.002723,190.0,0.002722,305.0,0.002729,30.0,0.00273,355.0
1753533688392,12:41:28.392,B3/USDT:USDT,0.002723,190.0,0.002722,305.0,0.002729,30.0,0.00273,355.0
1753533688512,12:41:28.512,B3/USDT:USDT,0.002723,190.0,0.002722,305.0,0.002729,30.0,0.00273,355.0
1753533689061,12:41:29.061,B3/USDT:USDT,0.002723,190.0,0.002722,491.0,0.002729,30.0,0.00273,261.0
1753533689158,12:41:29.158,B3/USDT:USDT,0.002724,110.0,0.002723,170.0,0.002729,30.0,0.00273,75.0
1753533689261,12:41:29.261,B3/USDT:USDT,0.002725,54.0,0.002724,100.0,0.002729,30.0,0.002731,149.0
1753533689358,12:41:29.358,B3/USDT:USDT,0.002725,36.0,0.002724,100.0,0.002729,30.0,0.002731,149.0
1753533689413,12:41:29.413,B3/USDT:USDT,0.002725,36.0,0.002724,100.0,0.002729,30.0,0.002731,149.0
1753533689563,12:41:29.563,B3/USDT:USDT,0.002725,54.0,0.002724,100.0,0.002729,30.0,0.002731,149.0
1753533689659,12:41:29.659,B3/USDT:USDT,0.002725,90.0,0.002724,100.0,0.002729,30.0,0.002731,149.0
1753533689759,12:41:29.759,B3/USDT:USDT,0.002725,36.0,0.002724,100.0,0.002729,30.0,0.002731,149.0
1753533689860,12:41:29.860,B3/USDT:USDT,0.002725,54.0,0.002724,100.0,0.002729,30.0,0.002731,149.0
1753533689876,12:41:29.876,B3/USDT:USDT,0.002725,36.0,0.002724,100.0,0.002729,30.0,0.002731,149.0
1753533690023,12:41:30.023,B3/USDT:USDT,0.002725,36.0,0.002724,109.0,0.002729,30.0,0.002731,149.0
1753533690304,12:41:30.304,B3/USDT:USDT,0.002725,36.0,0.002724,109.0,0.002729,30.0,0.002731,149.0
1753533690382,12:41:30.382,B3/USDT:USDT,0.002725,36.0,0.002724,109.0,0.002729,30.0,0.002731,149.0
1753533690631,12:41:30.631,B3/USDT:USDT,0.002725,36.0,0.002724,109.0,0.002729,30.0,0.002731,149.0
1753533690753,12:41:30.753,B3/USDT:USDT,0.002725,36.0,0.002724,109.0,0.002729,30.0,0.002731,149.0
1753533690828,12:41:30.828,B3/USDT:USDT,0.002725,36.0,0.002724,109.0,0.002729,30.0,0.002731,149.0
1753533691108,12:41:31.108,B3/USDT:USDT,0.002725,72.0,0.002724,109.0,0.002729,30.0,0.002731,149.0
1753533691750,12:41:31.750,B3/USDT:USDT,0.002725,36.0,0.002724,109.0,0.002729,30.0,0.002731,149.0
1753533692217,12:41:32.217,B3/USDT:USDT,0.002725,36.0,0.002724,109.0,0.002729,30.0,0.002731,149.0
1753533692839,12:41:32.839,B3/USDT:USDT,0.002725,36.0,0.002724,101.0,0.002729,30.0,0.002731,149.0
1753533692953,12:41:32.953,B3/USDT:USDT,0.002725,36.0,0.002724,101.0,0.002729,30.0,0.002731,149.0
1753533693025,12:41:33.025,B3/USDT:USDT,0.002725,54.0,0.002724,101.0,0.002729,30.0,0.002731,149.0
1753533693136,12:41:33.136,B3/USDT:USDT,0.002725,36.0,0.002724,101.0,0.002729,30.0,0.002731,149.0
1753533693237,12:41:33.237,B3/USDT:USDT,0.002725,36.0,0.002724,101.0,0.002729,30.0,0.002731,149.0
1753533693353,12:41:33.353,B3/USDT:USDT,0.002725,36.0,0.002724,101.0,0.002729,30.0,0.002731,149.0
1753533693460,12:41:33.460,B3/USDT:USDT,0.002725,36.0,0.002724,101.0,0.002729,30.0,0.00273,30.0
1753533693563,12:41:33.563,B3/USDT:USDT,0.002725,54.0,0.002724,101.0,0.002729,30.0,0.00273,30.0
1753533693665,12:41:33.665,B3/USDT:USDT,0.002725,36.0,0.002724,101.0,0.002729,30.0,0.00273,30.0
1753533693706,12:41:33.706,B3/USDT:USDT,0.002725,36.0,0.002724,101.0,0.002729,30.0,0.00273,30.0
1753533693799,12:41:33.799,B3/USDT:USDT,0.002725,36.0,0.002724,101.0,0.002729,30.0,0.00273,30.0
1753533693927,12:41:33.927,B3/USDT:USDT,0.002725,36.0,0.002724,101.0,0.002729,30.0,0.00273,30.0
1753533694056,12:41:34.056,B3/USDT:USDT,0.002725,36.0,0.002724,101.0,0.002729,30.0,0.00273,30.0
1753533694163,12:41:34.163,B3/USDT:USDT,0.002725,36.0,0.002724,101.0,0.002729,30.0,0.00273,30.0
1753533694186,12:41:34.186,B3/USDT:USDT,0.002725,36.0,0.002724,101.0,0.002729,30.0,0.00273,30.0
1753533694294,12:41:34.294,B3/USDT:USDT,0.002725,36.0,0.002724,101.0,0.002729,30.0,0.00273,30.0
1753533694406,12:41:34.406,B3/USDT:USDT,0.002725,36.0,0.002724,101.0,0.002729,30.0,0.00273,30.0
1753533694518,12:41:34.518,B3/USDT:USDT,0.002725,36.0,0.002724,101.0,0.002729,30.0,0.00273,30.0
1753533694633,12:41:34.633,B3/USDT:USDT,0.002725,36.0,0.002724,101.0,0.002729,30.0,0.00273,30.0
1753533694859,12:41:34.859,B3/USDT:USDT,0.002725,36.0,0.002724,101.0,0.002729,30.0,0.00273,30.0
1753533694979,12:41:34.979,B3/USDT:USDT,0.002725,36.0,0.002724,101.0,0.002729,30.0,0.00273,30.0
1753533695132,12:41:35.132,B3/USDT:USDT,0.002725,36.0,0.002724,101.0,0.002729,30.0,0.00273,30.0
1753533695204,12:41:35.204,B3/USDT:USDT,0.002725,36.0,0.002724,101.0,0.002729,30.0,0.00273,30.0
1753533695333,12:41:35.333,B3/USDT:USDT,0.002725,72.0,0.002724,101.0,0.002729,30.0,0.00273,30.0
1753533695437,12:41:35.437,B3/USDT:USDT,0.002725,36.0,0.002724,101.0,0.00273,30.0,0.002731,149.0
1753533695539,12:41:35.539,B3/USDT:USDT,0.002725,36.0,0.002724,101.0,0.00273,30.0,0.002731,149.0
1753533696080,12:41:36.080,B3/USDT:USDT,0.002725,36.0,0.002724,101.0,0.00273,30.0,0.002731,149.0
1753533696497,12:41:36.497,B3/USDT:USDT,0.002725,36.0,0.002724,101.0,0.00273,30.0,0.002731,149.0
1753533698343,12:41:38.343,B3/USDT:USDT,0.002725,36.0,0.002724,101.0,0.00273,30.0,0.002731,149.0
1753533698848,12:41:38.848,B3/USDT:USDT,0.002725,36.0,0.002724,101.0,0.00273,30.0,0.002731,149.0
1753533699343,12:41:39.343,B3/USDT:USDT,0.002725,148.0,0.002724,109.0,0.00273,30.0,0.002731,149.0
1753533699817,12:41:39.817,B3/USDT:USDT,0.002725,148.0,0.002724,109.0,0.00273,30.0,0.002731,149.0
1753533700141,12:41:40.141,B3/USDT:USDT,0.002725,148.0,0.002724,109.0,0.00273,30.0,0.002731,149.0
1753533700633,12:41:40.633,B3/USDT:USDT,0.002725,176.0,0.002724,109.0,0.00273,30.0,0.002731,149.0
1753533700681,12:41:40.681,B3/USDT:USDT,0.002725,176.0,0.002724,109.0,0.00273,30.0,0.002731,149.0
1753533700781,12:41:40.781,B3/USDT:USDT,0.002725,185.0,0.002724,100.0,0.00273,30.0,0.002731,149.0
1753533702197,12:41:42.197,B3/USDT:USDT,0.002725,157.0,0.002724,100.0,0.00273,35.0,0.002731,149.0
1753533702492,12:41:42.492,B3/USDT:USDT,0.002725,185.0,0.002724,100.0,0.00273,35.0,0.002731,149.0
1753533702740,12:41:42.740,B3/USDT:USDT,0.002725,208.0,0.002724,100.0,0.00273,35.0,0.002731,149.0
1753533702830,12:41:42.830,B3/USDT:USDT,0.002725,208.0,0.002724,100.0,0.00273,30.0,0.002731,149.0
1753533703048,12:41:43.048,B3/USDT:USDT,0.002725,199.0,0.002724,109.0,0.00273,30.0,0.002731,149.0
1753533703123,12:41:43.123,B3/USDT:USDT,0.002725,208.0,0.002724,100.0,0.00273,30.0,0.002731,149.0
1753533703180,12:41:43.180,B3/USDT:USDT,0.002725,199.0,0.002724,109.0,0.00273,30.0,0.002731,149.0
1753533703341,12:41:43.341,B3/USDT:USDT,0.002725,199.0,0.002724,109.0,0.00273,30.0,0.002731,149.0
1753533703442,12:41:43.442,B3/USDT:USDT,0.002725,199.0,0.002724,109.0,0.00273,30.0,0.002731,149.0
1753533703551,12:41:43.551,B3/USDT:USDT,0.002725,199.0,0.002724,109.0,0.00273,30.0,0.002731,149.0
1753533703778,12:41:43.778,B3/USDT:USDT,0.002725,199.0,0.002724,109.0,0.00273,30.0,0.002731,149.0
1753533703866,12:41:43.866,B3/USDT:USDT,0.002725,199.0,0.002724,109.0,0.00273,30.0,0.002731,149.0
1753533704100,12:41:44.100,B3/USDT:USDT,0.002725,244.0,0.002724,109.0,0.00273,30.0,0.002731,149.0
1753533704183,12:41:44.183,B3/USDT:USDT,0.002725,244.0,0.002724,109.0,0.00273,30.0,0.002731,149.0
1753533704362,12:41:44.362,B3/USDT:USDT,0.002726,100.0,0.002725,148.0,0.00273,30.0,0.002731,149.0
1753533704374,12:41:44.374,B3/USDT:USDT,0.002727,6.0,0.002725,142.0,0.00273,30.0,0.002731,149.0
1753533704538,12:41:44.538,B3/USDT:USDT,0.002726,6.0,0.002725,142.0,0.00273,30.0,0.002731,149.0
1753533704639,12:41:44.639,B3/USDT:USDT,0.002726,6.0,0.002725,142.0,0.00273,30.0,0.002731,149.0
1753533704752,12:41:44.752,B3/USDT:USDT,0.002726,6.0,0.002725,142.0,0.00273,30.0,0.002731,149.0
1753533704836,12:41:44.836,B3/USDT:USDT,0.002726,6.0,0.002725,142.0,0.00273,30.0,0.002731,149.0
1753533704927,12:41:44.927,B3/USDT:USDT,0.002726,6.0,0.002725,142.0,0.00273,30.0,0.002731,149.0
1753533705056,12:41:45.056,B3/USDT:USDT,0.002726,6.0,0.002725,142.0,0.00273,30.0,0.002731,149.0
1753533705259,12:41:45.259,B3/USDT:USDT,0.002726,6.0,0.002725,142.0,0.00273,30.0,0.002731,149.0
1753533705346,12:41:45.346,B3/USDT:USDT,0.002726,6.0,0.002725,142.0,0.00273,30.0,0.002731,149.0
1753533705451,12:41:45.451,B3/USDT:USDT,0.002726,6.0,0.002725,142.0,0.00273,30.0,0.002731,149.0
1753533705831,12:41:45.831,B3/USDT:USDT,0.002726,6.0,0.002725,142.0,0.00273,30.0,0.002731,149.0
1753533705960,12:41:45.960,B3/USDT:USDT,0.002726,24.0,0.002725,142.0,0.00273,30.0,0.002731,149.0
1753533706060,12:41:46.060,B3/USDT:USDT,0.002726,24.0,0.002725,142.0,0.00273,30.0,0.002731,149.0
1753533706138,12:41:46.138,B3/USDT:USDT,0.002726,6.0,0.002725,142.0,0.00273,30.0,0.002731,149.0
1753533706188,12:41:46.188,B3/USDT:USDT,0.002726,6.0,0.002725,142.0,0.00273,30.0,0.002731,149.0
1753533706345,12:41:46.345,B3/USDT:USDT,0.002726,24.0,0.002725,142.0,0.00273,30.0,0.002731,149.0
1753533706391,12:41:46.391,B3/USDT:USDT,0.002726,6.0,0.002725,142.0,0.00273,30.0,0.002731,149.0
1753533706537,12:41:46.537,B3/USDT:USDT,0.002726,6.0,0.002725,142.0,0.00273,30.0,0.002731,149.0
1753533706573,12:41:46.573,B3/USDT:USDT,0.002726,6.0,0.002725,142.0,0.00273,30.0,0.002731,149.0
1753533706686,12:41:46.686,B3/USDT:USDT,0.002726,6.0,0.002725,142.0,0.00273,30.0,0.002731,149.0
1753533706788,12:41:46.788,B3/USDT:USDT,0.002726,6.0,0.002725,142.0,0.00273,30.0,0.002731,149.0
1753533706953,12:41:46.953,B3/USDT:USDT,0.002726,6.0,0.002725,142.0,0.00273,30.0,0.002731,149.0
1753533707008,12:41:47.008,B3/USDT:USDT,0.002726,6.0,0.002725,142.0,0.00273,30.0,0.002731,149.0
1753533707089,12:41:47.089,B3/USDT:USDT,0.002726,6.0,0.002725,142.0,0.00273,30.0,0.002731,149.0
1753533707364,12:41:47.364,B3/USDT:USDT,0.002726,6.0,0.002725,142.0,0.00273,30.0,0.002731,149.0
1753533707428,12:41:47.428,B3/USDT:USDT,0.002726,6.0,0.002725,142.0,0.00273,30.0,0.002731,149.0
1753533707549,12:41:47.549,B3/USDT:USDT,0.002726,6.0,0.002725,142.0,0.00273,30.0,0.002731,149.0
1753533707644,12:41:47.644,B3/USDT:USDT,0.002726,6.0,0.002725,142.0,0.00273,30.0,0.002731,149.0
1753533707720,12:41:47.720,B3/USDT:USDT,0.002726,6.0,0.002725,142.0,0.00273,30.0,0.002731,149.0
1753533707852,12:41:47.852,B3/USDT:USDT,0.002726,6.0,0.002725,142.0,0.00273,30.0,0.002731,149.0
1753533707870,12:41:47.870,B3/USDT:USDT,0.002726,6.0,0.002725,142.0,0.00273,30.0,0.002731,149.0
1753533708057,12:41:48.057,B3/USDT:USDT,0.002726,24.0,0.002725,142.0,0.00273,30.0,0.002731,149.0
1753533708067,12:41:48.067,B3/USDT:USDT,0.002726,6.0,0.002725,142.0,0.00273,30.0,0.002731,149.0
1753533708265,12:41:48.265,B3/USDT:USDT,0.002726,24.0,0.002725,142.0,0.00273,30.0,0.002731,149.0
1753533708300,12:41:48.300,B3/USDT:USDT,0.002726,36.0,0.002725,142.0,0.00273,30.0,0.002731,149.0
1753533708384,12:41:48.384,B3/USDT:USDT,0.002726,36.0,0.002725,142.0,0.00273,30.0,0.002731,149.0
1753533708480,12:41:48.480,B3/USDT:USDT,0.002726,36.0,0.002725,142.0,0.00273,30.0,0.002731,149.0
1753533708619,12:41:48.619,B3/USDT:USDT,0.002726,36.0,0.002725,142.0,0.00273,30.0,0.002731,149.0
1753533708742,12:41:48.742,B3/USDT:USDT,0.002726,36.0,0.002725,142.0,0.00273,30.0,0.002731,149.0
1753533708808,12:41:48.808,B3/USDT:USDT,0.002726,36.0,0.002725,142.0,0.00273,30.0,0.002731,149.0
1753533708915,12:41:48.915,B3/USDT:USDT,0.002726,36.0,0.002725,142.0,0.00273,30.0,0.002731,149.0
1753533709005,12:41:49.005,B3/USDT:USDT,0.002726,36.0,0.002725,151.0,0.00273,30.0,0.002731,149.0
1753533709130,12:41:49.130,B3/USDT:USDT,0.002726,36.0,0.002725,151.0,0.00273,30.0,0.002731,149.0
1753533709249,12:41:49.249,B3/USDT:USDT,0.002726,36.0,0.002725,142.0,0.00273,30.0,0.002731,149.0
1753533709346,12:41:49.346,B3/USDT:USDT,0.002726,36.0,0.002725,142.0,0.00273,30.0,0.002731,149.0
1753533709398,12:41:49.398,B3/USDT:USDT,0.002726,36.0,0.002725,142.0,0.00273,30.0,0.002731,149.0
1753533709564,12:41:49.564,B3/USDT:USDT,0.002726,54.0,0.002725,142.0,0.00273,30.0,0.002731,149.0
1753533709571,12:41:49.571,B3/USDT:USDT,0.002726,36.0,0.002725,142.0,0.00273,30.0,0.002731,149.0
1753533709692,12:41:49.692,B3/USDT:USDT,0.002726,36.0,0.002725,142.0,0.00273,30.0,0.002731,149.0
1753533709855,12:41:49.855,B3/USDT:USDT,0.002726,36.0,0.002725,142.0,0.00273,30.0,0.002731,149.0
1753533709959,12:41:49.959,B3/USDT:USDT,0.002726,36.0,0.002725,142.0,0.00273,30.0,0.002731,149.0
1753533710011,12:41:50.011,B3/USDT:USDT,0.002726,36.0,0.002725,151.0,0.00273,30.0,0.002731,149.0
1753533710108,12:41:50.108,B3/USDT:USDT,0.002726,36.0,0.002725,151.0,0.00273,30.0,0.002731,149.0
1753533710233,12:41:50.233,B3/USDT:USDT,0.002726,36.0,0.002725,151.0,0.00273,30.0,0.002731,149.0
1753533710309,12:41:50.309,B3/USDT:USDT,0.002726,36.0,0.002725,142.0,0.00273,30.0,0.002731,149.0
1753533710391,12:41:50.391,B3/USDT:USDT,0.002726,36.0,0.002725,142.0,0.00273,30.0,0.002731,149.0
1753533710548,12:41:50.548,B3/USDT:USDT,0.002726,36.0,0.002725,142.0,0.00273,30.0,0.002731,149.0
1753533710649,12:41:50.649,B3/USDT:USDT,0.002726,36.0,0.002725,142.0,0.00273,30.0,0.002731,149.0
1753533710760,12:41:50.760,B3/USDT:USDT,0.002726,36.0,0.002725,142.0,0.00273,30.0,0.002731,149.0
1753533710861,12:41:50.861,B3/USDT:USDT,0.002726,72.0,0.002725,142.0,0.00273,30.0,0.002731,149.0
1753533710965,12:41:50.965,B3/USDT:USDT,0.002726,54.0,0.002725,142.0,0.00273,30.0,0.002731,149.0
1753533710970,12:41:50.970,B3/USDT:USDT,0.002726,36.0,0.002725,142.0,0.00273,30.0,0.002731,149.0
1753533711075,12:41:51.075,B3/USDT:USDT,0.002726,36.0,0.002725,142.0,0.00273,30.0,0.002731,149.0
1753533711253,12:41:51.253,B3/USDT:USDT,0.002726,36.0,0.002725,142.0,0.00273,30.0,0.002731,149.0
1753533712889,12:41:52.889,B3/USDT:USDT,0.002726,54.0,0.002725,142.0,0.00273,30.0,0.002731,149.0
1753533713008,12:41:53.008,B3/USDT:USDT,0.002726,54.0,0.002725,151.0,0.00273,30.0,0.002731,149.0
1753533713199,12:41:53.199,B3/USDT:USDT,0.002726,54.0,0.002725,151.0,0.00273,30.0,0.002731,149.0
1753533716041,12:41:56.041,B3/USDT:USDT,0.002726,54.0,0.002725,151.0,0.00273,30.0,0.002731,149.0
1753533716071,12:41:56.071,B3/USDT:USDT,0.002726,54.0,0.002725,142.0,0.00273,30.0,0.002731,149.0
1753533718505,12:41:58.505,B3/USDT:USDT,0.002726,72.0,0.002725,142.0,0.00273,30.0,0.002731,149.0
1753533719658,12:41:59.658,B3/USDT:USDT,0.002726,36.0,0.002725,142.0,0.00273,30.0,0.002731,149.0
1753533720046,12:42:00.046,B3/USDT:USDT,0.002726,36.0,0.002725,142.0,0.00273,30.0,0.002731,149.0
1753533722407,12:42:02.407,B3/USDT:USDT,0.002726,36.0,0.002725,142.0,0.00273,30.0,0.002731,149.0
1753533729548,12:42:09.548,B3/USDT:USDT,0.002726,36.0,0.002725,235.0,0.00273,30.0,0.002731,149.0
1753533729576,12:42:09.576,B3/USDT:USDT,0.002726,36.0,0.002725,235.0,0.00273,30.0,0.002731,149.0
1753533729758,12:42:09.758,B3/USDT:USDT,0.002726,36.0,0.002725,235.0,0.00273,30.0,0.002731,149.0
1753533731547,12:42:11.547,B3/USDT:USDT,0.002726,36.0,0.002725,235.0,0.00273,30.0,0.002731,149.0
1753533738059,12:42:18.059,B3/USDT:USDT,0.002726,36.0,0.002725,235.0,0.00273,30.0,0.002731,149.0
1753533738069,12:42:18.069,B3/USDT:USDT,0.002726,36.0,0.002725,235.0,0.00273,30.0,0.002731,149.0
1753533739028,12:42:19.028,B3/USDT:USDT,0.002726,36.0,0.002725,244.0,0.00273,30.0,0.002731,149.0
1753533741147,12:42:21.147,B3/USDT:USDT,0.002726,36.0,0.002725,142.0,0.00273,38.0,0.002731,157.0
1753533741283,12:42:21.283,B3/USDT:USDT,0.002726,36.0,0.002725,142.0,0.00273,38.0,0.002731,157.0
1753533741456,12:42:21.456,B3/USDT:USDT,0.002726,36.0,0.002725,142.0,0.00273,38.0,0.002731,157.0
1753533741533,12:42:21.533,B3/USDT:USDT,0.002726,36.0,0.002725,142.0,0.00273,38.0,0.002731,157.0
1753533741665,12:42:21.665,B3/USDT:USDT,0.002726,36.0,0.002725,142.0,0.00273,38.0,0.002731,157.0
1753533741763,12:42:21.763,B3/USDT:USDT,0.002726,54.0,0.002725,142.0,0.00273,38.0,0.002731,157.0
1753533741815,12:42:21.815,B3/USDT:USDT,0.002726,36.0,0.002725,142.0,0.00273,38.0,0.002731,157.0
1753533741959,12:42:21.959,B3/USDT:USDT,0.002726,54.0,0.002725,142.0,0.00273,41.0,0.002731,157.0
1753533742065,12:42:22.065,B3/USDT:USDT,0.002726,54.0,0.002725,142.0,0.00273,41.0,0.002731,157.0
1753533742072,12:42:22.072,B3/USDT:USDT,0.002726,36.0,0.002725,142.0,0.00273,41.0,0.002731,157.0
1753533742448,12:42:22.448,B3/USDT:USDT,0.002726,36.0,0.002725,142.0,0.00273,41.0,0.002731,157.0
1753533742564,12:42:22.564,B3/USDT:USDT,0.002726,36.0,0.002725,142.0,0.00273,41.0,0.002731,157.0
1753533742633,12:42:22.633,B3/USDT:USDT,0.002726,36.0,0.002725,142.0,0.00273,41.0,0.002731,157.0
1753533742685,12:42:22.685,B3/USDT:USDT,0.002726,72.0,0.002725,142.0,0.00273,41.0,0.002731,157.0
1753533742834,12:42:22.834,B3/USDT:USDT,0.002726,54.0,0.002725,142.0,0.00273,41.0,0.002731,157.0
1753533742931,12:42:22.931,B3/USDT:USDT,0.002726,54.0,0.002725,142.0,0.00273,41.0,0.002731,157.0
1753533743029,12:42:23.029,B3/USDT:USDT,0.002726,54.0,0.002725,142.0,0.00273,41.0,0.002731,157.0
1753533743162,12:42:23.162,B3/USDT:USDT,0.002726,36.0,0.002725,142.0,0.00273,41.0,0.002731,157.0
1753533743253,12:42:23.253,B3/USDT:USDT,0.002726,36.0,0.002725,142.0,0.00273,41.0,0.002731,157.0
1753533743887,12:42:23.887,B3/USDT:USDT,0.002726,36.0,0.002725,142.0,0.00273,41.0,0.002731,157.0
1753533744229,12:42:24.229,B3/USDT:USDT,0.002726,36.0,0.002725,142.0,0.00273,41.0,0.002731,157.0
1753533744305,12:42:24.305,B3/USDT:USDT,0.002726,36.0,0.002725,142.0,0.00273,41.0,0.002731,157.0
1753533744588,12:42:24.588,B3/USDT:USDT,0.002726,36.0,0.002725,142.0,0.00273,41.0,0.002731,157.0
1753533744964,12:42:24.964,B3/USDT:USDT,0.002726,36.0,0.002725,142.0,0.00273,41.0,0.002731,157.0
1753533744978,12:42:24.978,B3/USDT:USDT,0.002726,36.0,0.002725,142.0,0.00273,41.0,0.002731,157.0
1753533745161,12:42:25.161,B3/USDT:USDT,0.002726,36.0,0.002725,142.0,0.00273,41.0,0.002731,157.0
1753533745250,12:42:25.250,B3/USDT:USDT,0.002726,36.0,0.002725,142.0,0.00273,41.0,0.002731,157.0
1753533745461,12:42:25.461,B3/USDT:USDT,0.002726,36.0,0.002725,142.0,0.00273,41.0,0.002731,157.0
1753533745637,12:42:25.637,B3/USDT:USDT,0.002726,36.0,0.002725,142.0,0.00273,41.0,0.002731,157.0
1753533745992,12:42:25.992,B3/USDT:USDT,0.002726,36.0,0.002725,142.0,0.00273,41.0,0.002731,157.0
1753533746114,12:42:26.114,B3/USDT:USDT,0.002726,36.0,0.002725,142.0,0.00273,41.0,0.002731,157.0
1753533746249,12:42:26.249,B3/USDT:USDT,0.002726,36.0,0.002725,142.0,0.00273,30.0,0.002731,149.0
1753533746271,12:42:26.271,B3/USDT:USDT,0.002726,36.0,0.002725,142.0,0.00273,30.0,0.002731,149.0
1753533746379,12:42:26.379,B3/USDT:USDT,0.002726,36.0,0.002725,142.0,0.00273,30.0,0.002731,149.0
1753533746471,12:42:26.471,B3/USDT:USDT,0.002726,36.0,0.002725,142.0,0.00273,30.0,0.002731,149.0
1753533746750,12:42:26.750,B3/USDT:USDT,0.002726,36.0,0.002725,217.0,0.00273,30.0,0.002731,149.0
1753533746983,12:42:26.983,B3/USDT:USDT,0.002726,36.0,0.002725,217.0,0.00273,30.0,0.002731,149.0
1753533747138,12:42:27.138,B3/USDT:USDT,0.002726,36.0,0.002725,217.0,0.00273,30.0,0.002731,149.0
1753533747288,12:42:27.288,B3/USDT:USDT,0.002726,36.0,0.002725,142.0,0.00273,30.0,0.002731,149.0
1753533747546,12:42:27.546,B3/USDT:USDT,0.002726,36.0,0.002725,142.0,0.00273,30.0,0.002731,149.0
1753533747567,12:42:27.567,B3/USDT:USDT,0.002726,36.0,0.002725,142.0,0.00273,30.0,0.002731,149.0
1753533750428,12:42:30.428,B3/USDT:USDT,0.002726,36.0,0.002725,142.0,0.00273,30.0,0.002731,149.0
1753533755427,12:42:35.427,B3/USDT:USDT,0.002726,36.0,0.002725,142.0,0.00273,30.0,0.002731,149.0
1753533757657,12:42:37.657,B3/USDT:USDT,0.002726,36.0,0.002725,142.0,0.00273,30.0,0.002731,149.0
1753533757825,12:42:37.825,B3/USDT:USDT,0.002726,36.0,0.002725,142.0,0.00273,30.0,0.002731,149.0
1753533758325,12:42:38.325,B3/USDT:USDT,0.002726,36.0,0.002725,142.0,0.00273,30.0,0.002731,149.0
1753533759103,12:42:39.103,B3/USDT:USDT,0.002726,36.0,0.002725,142.0,0.00273,30.0,0.002731,149.0
1753533760612,12:42:40.612,B3/USDT:USDT,0.002726,36.0,0.002725,142.0,0.00273,30.0,0.002731,149.0
1753533762124,12:42:42.124,B3/USDT:USDT,0.002726,36.0,0.002725,142.0,0.00273,30.0,0.002731,149.0
1753533763626,12:42:43.626,B3/USDT:USDT,0.002726,36.0,0.002725,142.0,0.00273,30.0,0.002731,149.0
1753533763917,12:42:43.917,B3/USDT:USDT,0.002726,36.0,0.002725,142.0,0.00273,30.0,0.002731,149.0
1753533765390,12:42:45.390,B3/USDT:USDT,0.002726,36.0,0.002725,142.0,0.00273,30.0,0.002731,149.0
1753533765587,12:42:45.587,B3/USDT:USDT,0.002726,36.0,0.002725,269.0,0.00273,30.0,0.002731,149.0
1753533766881,12:42:46.881,B3/USDT:USDT,0.002726,36.0,0.002725,269.0,0.00273,30.0,0.002731,149.0
1753533768395,12:42:48.395,B3/USDT:USDT,0.002726,36.0,0.002725,269.0,0.00273,30.0,0.002731,149.0
1753533768858,12:42:48.858,B3/USDT:USDT,0.002726,36.0,0.002725,269.0,0.00273,30.0,0.002731,149.0
1753533789019,12:43:09.019,B3/USDT:USDT,0.002726,36.0,0.002725,269.0,0.00273,30.0,0.002731,149.0
1753533799078,12:43:19.078,B3/USDT:USDT,0.002726,36.0,0.002725,269.0,0.00273,30.0,0.002731,149.0
1753533810447,12:43:30.447,B3/USDT:USDT,0.002726,36.0,0.002725,142.0,0.00273,30.0,0.002731,149.0
1753533816900,12:43:36.900,B3/USDT:USDT,0.002726,36.0,0.002725,142.0,0.00273,30.0,0.002731,149.0
1753533819349,12:43:39.349,B3/USDT:USDT,0.002726,36.0,0.002725,142.0,0.00273,30.0,0.002731,149.0
1753533820450,12:43:40.450,B3/USDT:USDT,0.002726,36.0,0.002725,142.0,0.00273,30.0,0.002731,149.0
1753533820467,12:43:40.467,B3/USDT:USDT,0.002726,36.0,0.002725,269.0,0.00273,30.0,0.002731,149.0
1753533829881,12:43:49.881,B3/USDT:USDT,0.002726,36.0,0.002725,269.0,0.00273,30.0,0.002731,149.0
1753533832531,12:43:52.531,B3/USDT:USDT,0.002726,36.0,0.002725,269.0,0.00273,38.0,0.002731,157.0
1753533837955,12:43:57.955,B3/USDT:USDT,0.002726,36.0,0.002725,269.0,0.00273,38.0,0.002731,157.0
1753533858116,12:44:18.116,B3/USDT:USDT,0.002726,36.0,0.002725,269.0,0.00273,38.0,0.002731,157.0
1753533869027,12:44:29.027,B3/USDT:USDT,0.002726,36.0,0.002725,269.0,0.00273,38.0,0.002731,157.0
1753533869073,12:44:29.073,B3/USDT:USDT,0.002727,1.0,0.002726,36.0,0.00273,38.0,0.002731,157.0
1753533869413,12:44:29.413,B3/USDT:USDT,0.002727,1.0,0.002726,36.0,0.00273,38.0,0.002731,157.0
1753533869826,12:44:29.826,B3/USDT:USDT,0.002727,1.0,0.002726,36.0,0.00273,38.0,0.002731,157.0
1753533870656,12:44:30.656,B3/USDT:USDT,0.002727,1.0,0.002726,36.0,0.00273,38.0,0.002731,157.0
1753533871081,12:44:31.081,B3/USDT:USDT,0.002727,1.0,0.002726,36.0,0.00273,38.0,0.002731,157.0
1753533884851,12:44:44.851,B3/USDT:USDT,0.002727,1.0,0.002726,36.0,0.00273,38.0,0.002731,157.0
1753533905012,12:45:05.012,B3/USDT:USDT,0.002727,1.0,0.002726,36.0,0.00273,38.0,0.002731,157.0
1753533908166,12:45:08.166,B3/USDT:USDT,0.002727,1.0,0.002726,36.0,0.00273,38.0,0.002731,157.0
1753533908268,12:45:08.268,B3/USDT:USDT,0.002727,1.0,0.002726,36.0,0.00273,38.0,0.002731,157.0
1753533928455,12:45:28.455,B3/USDT:USDT,0.002727,1.0,0.002726,36.0,0.00273,38.0,0.002731,157.0
1753533930542,12:45:30.542,B3/USDT:USDT,0.002727,1.0,0.002726,36.0,0.00273,38.0,0.002731,157.0
1753533933188,12:45:33.188,B3/USDT:USDT,0.002727,1.0,0.002726,36.0,0.00273,38.0,0.002731,157.0
1753533940548,12:45:40.548,B3/USDT:USDT,0.002727,1.0,0.002726,36.0,0.00273,38.0,0.002731,157.0
1753533948459,12:45:48.459,B3/USDT:USDT,0.002727,1.0,0.002726,36.0,0.00273,30.0,0.002732,178.0
1753533948584,12:45:48.584,B3/USDT:USDT,0.002727,1.0,0.002726,36.0,0.00273,30.0,0.002731,30.0
1753533949011,12:45:49.011,B3/USDT:USDT,0.002727,1.0,0.002726,36.0,0.00273,30.0,0.002731,30.0
1753533950562,12:45:50.562,B3/USDT:USDT,0.002727,1.0,0.002726,36.0,0.002731,30.0,0.002732,178.0
1753533950620,12:45:50.620,B3/USDT:USDT,0.002727,1.0,0.002726,36.0,0.002731,30.0,0.002732,84.0
1753533950757,12:45:50.757,B3/USDT:USDT,0.002727,1.0,0.002726,36.0,0.002731,30.0,0.002732,84.0
1753533950797,12:45:50.797,B3/USDT:USDT,0.002727,1.0,0.002726,36.0,0.002731,30.0,0.002732,84.0
1753533950868,12:45:50.868,B3/USDT:USDT,0.002727,1.0,0.002726,36.0,0.002731,30.0,0.002732,84.0
1753533951608,12:45:51.608,B3/USDT:USDT,0.002727,1.0,0.002726,36.0,0.002731,30.0,0.002732,84.0
1753533953555,12:45:53.555,B3/USDT:USDT,0.002727,1.0,0.002726,36.0,0.002731,30.0,0.002732,84.0
1753533959917,12:45:59.917,B3/USDT:USDT,0.002727,1.0,0.002726,36.0,0.002731,30.0,0.002732,84.0
1753533964408,12:46:04.408,B3/USDT:USDT,0.002727,1.0,0.002726,36.0,0.002731,30.0,0.002732,114.0
1753533974365,12:46:14.365,B3/USDT:USDT,0.002727,1.0,0.002726,36.0,0.002731,30.0,0.002732,114.0
1753533974865,12:46:14.865,B3/USDT:USDT,0.002727,108.0,0.002726,36.0,0.002731,30.0,0.002732,114.0
1753533974901,12:46:14.901,B3/USDT:USDT,0.002728,6.0,0.002727,108.0,0.002731,30.0,0.002732,114.0
1753533975033,12:46:15.033,B3/USDT:USDT,0.002726,30.0,0.002725,114.0,0.002731,30.0,0.002732,114.0
1753533975072,12:46:15.072,B3/USDT:USDT,0.002727,7.0,0.002726,30.0,0.002731,30.0,0.002732,114.0
1753533975360,12:46:15.360,B3/USDT:USDT,0.002727,7.0,0.002726,30.0,0.002731,30.0,0.002732,114.0
1753533975373,12:46:15.373,B3/USDT:USDT,0.002727,7.0,0.002726,30.0,0.002731,30.0,0.002732,114.0
1753533975801,12:46:15.801,B3/USDT:USDT,0.002727,7.0,0.002726,30.0,0.002731,30.0,0.002732,114.0
1753533976351,12:46:16.351,B3/USDT:USDT,0.002727,7.0,0.002726,30.0,0.002731,30.0,0.002732,114.0
1753533979264,12:46:19.264,B3/USDT:USDT,0.002727,7.0,0.002726,30.0,0.002731,30.0,0.002732,114.0
1753533979668,12:46:19.668,B3/USDT:USDT,0.002727,7.0,0.002726,137.0,0.002731,30.0,0.002732,114.0
1753533981805,12:46:21.805,B3/USDT:USDT,0.002727,7.0,0.002726,137.0,0.002731,30.0,0.002732,114.0
1753533993064,12:46:33.064,B3/USDT:USDT,0.002727,7.0,0.002726,137.0,0.002731,30.0,0.002732,114.0
1753533995009,12:46:35.009,B3/USDT:USDT,0.002727,7.0,0.002726,137.0,0.002731,30.0,0.002732,114.0
1753534005588,12:46:45.588,B3/USDT:USDT,0.002727,7.0,0.002726,137.0,0.002731,30.0,0.002732,114.0
1753534005940,12:46:45.940,B3/USDT:USDT,0.002727,37.0,0.002726,137.0,0.002731,30.0,0.002732,114.0
1753534007136,12:46:47.136,B3/USDT:USDT,0.002727,37.0,0.002726,137.0,0.002731,30.0,0.002732,114.0
1753534007531,12:46:47.531,B3/USDT:USDT,0.002727,37.0,0.002726,137.0,0.002731,30.0,0.002732,114.0
1753534008033,12:46:48.033,B3/USDT:USDT,0.002727,37.0,0.002726,137.0,0.002731,30.0,0.002732,114.0
1753534008528,12:46:48.528,B3/USDT:USDT,0.002727,37.0,0.002726,137.0,0.002731,30.0,0.002732,114.0
1753534008629,12:46:48.629,B3/USDT:USDT,0.002727,37.0,0.002726,137.0,0.002731,30.0,0.002732,114.0
1753534010007,12:46:50.007,B3/USDT:USDT,0.002727,37.0,0.002726,137.0,0.002731,30.0,0.002732,114.0
1753534010127,12:46:50.127,B3/USDT:USDT,0.002727,37.0,0.002726,137.0,0.002731,30.0,0.002732,114.0
1753534010531,12:46:50.531,B3/USDT:USDT,0.002727,37.0,0.002726,137.0,0.002731,30.0,0.002732,114.0
1753534011038,12:46:51.038,B3/USDT:USDT,0.002727,37.0,0.002726,137.0,0.002731,30.0,0.002732,114.0
1753534011533,12:46:51.533,B3/USDT:USDT,0.002727,37.0,0.002726,137.0,0.002731,30.0,0.002732,114.0
1753534013134,12:46:53.134,B3/USDT:USDT,0.002727,37.0,0.002726,137.0,0.002731,30.0,0.002732,114.0
1753534013327,12:46:53.327,B3/USDT:USDT,0.002727,37.0,0.002726,137.0,0.002731,30.0,0.002732,114.0
1753534014125,12:46:54.125,B3/USDT:USDT,0.002727,37.0,0.002726,137.0,0.002731,30.0,0.002732,114.0
1753534015006,12:46:55.006,B3/USDT:USDT,0.002727,37.0,0.002726,137.0,0.002731,30.0,0.002732,114.0
1753534015128,12:46:55.128,B3/USDT:USDT,0.002727,37.0,0.002726,137.0,0.002731,30.0,0.002732,114.0
1753534015532,12:46:55.532,B3/USDT:USDT,0.002727,37.0,0.002726,137.0,0.002731,30.0,0.002732,114.0
1753534016130,12:46:56.130,B3/USDT:USDT,0.002727,37.0,0.002726,137.0,0.002731,30.0,0.002732,114.0
1753534017011,12:46:57.011,B3/USDT:USDT,0.002727,37.0,0.002726,137.0,0.002731,30.0,0.002732,114.0
1753534037157,12:47:17.157,B3/USDT:USDT,0.002727,37.0,0.002726,137.0,0.002731,30.0,0.002732,114.0
1753534037178,12:47:17.178,B3/USDT:USDT,0.002727,37.0,0.002726,137.0,0.002731,30.0,0.002732,114.0
1753534037603,12:47:17.603,B3/USDT:USDT,0.002727,37.0,0.002726,137.0,0.002731,30.0,0.002732,114.0
1753534048012,12:47:28.012,B3/USDT:USDT,0.002727,37.0,0.002726,137.0,0.002731,30.0,0.002732,114.0
1753534050607,12:47:30.607,B3/USDT:USDT,0.002727,37.0,0.002726,137.0,0.002731,30.0,0.002732,114.0
1753534056192,12:47:36.192,B3/USDT:USDT,0.002727,37.0,0.002726,137.0,0.002731,30.0,0.002732,114.0
1753534057011,12:47:37.011,B3/USDT:USDT,0.002727,37.0,0.002726,137.0,0.002731,30.0,0.002732,114.0
1753534059627,12:47:39.627,B3/USDT:USDT,0.002727,37.0,0.002726,137.0,0.002731,30.0,0.002732,114.0
1753534063949,12:47:43.949,B3/USDT:USDT,0.002727,37.0,0.002726,137.0,0.002731,30.0,0.002732,114.0
1753534068245,12:47:48.245,B3/USDT:USDT,0.002727,37.0,0.002726,137.0,0.002731,30.0,0.002732,114.0
1753534069005,12:47:49.005,B3/USDT:USDT,0.002727,37.0,0.002726,137.0,0.002731,30.0,0.002732,114.0
1753534070637,12:47:50.637,B3/USDT:USDT,0.002727,37.0,0.002726,137.0,0.002731,30.0,0.002732,114.0
1753534072012,12:47:52.012,B3/USDT:USDT,0.002727,37.0,0.002726,137.0,0.002731,30.0,0.002732,114.0
1753534080140,12:48:00.140,B3/USDT:USDT,0.002727,37.0,0.002726,137.0,0.002731,30.0,0.002732,114.0
1753534082004,12:48:02.004,B3/USDT:USDT,0.002727,37.0,0.002726,137.0,0.002731,30.0,0.002732,114.0
1753534086247,12:48:06.247,B3/USDT:USDT,0.002727,37.0,0.002726,137.0,0.002731,30.0,0.002732,114.0
1753534087006,12:48:07.006,B3/USDT:USDT,0.002727,37.0,0.002726,137.0,0.002731,30.0,0.002732,114.0
1753534094941,12:48:14.941,B3/USDT:USDT,0.002727,37.0,0.002726,137.0,0.002731,30.0,0.002732,114.0
1753534096004,12:48:16.004,B3/USDT:USDT,0.002727,37.0,0.002726,137.0,0.002731,30.0,0.002732,114.0
1753534096622,12:48:16.622,B3/USDT:USDT,0.002727,37.0,0.002726,137.0,0.002731,30.0,0.002732,114.0
1753534097037,12:48:17.037,B3/USDT:USDT,0.002727,37.0,0.002726,137.0,0.002731,30.0,0.002732,114.0
1753534099006,12:48:19.006,B3/USDT:USDT,0.002727,37.0,0.002726,137.0,0.002731,30.0,0.002732,114.0
1753534101747,12:48:21.747,B3/USDT:USDT,0.002727,37.0,0.002726,137.0,0.002731,30.0,0.002732,114.0
1753534103003,12:48:23.003,B3/USDT:USDT,0.002727,37.0,0.002726,137.0,0.002731,30.0,0.002732,114.0
1753534107640,12:48:27.640,B3/USDT:USDT,0.002727,37.0,0.002726,137.0,0.002731,30.0,0.002732,114.0
1753534110647,12:48:30.647,B3/USDT:USDT,0.002727,37.0,0.002726,137.0,0.002731,30.0,0.002732,114.0
1753534114392,12:48:34.392,B3/USDT:USDT,0.002727,37.0,0.002726,137.0,0.002731,30.0,0.002732,114.0
1753534119255,12:48:39.255,B3/USDT:USDT,0.002727,37.0,0.002726,137.0,0.002731,30.0,0.002732,114.0
1753534120005,12:48:40.005,B3/USDT:USDT,0.002727,37.0,0.002726,137.0,0.002731,30.0,0.002732,114.0
1753534127327,12:48:47.327,B3/USDT:USDT,0.002727,37.0,0.002726,137.0,0.002731,30.0,0.002732,114.0
1753534130349,12:48:50.349,B3/USDT:USDT,0.002727,37.0,0.002726,137.0,0.002731,30.0,0.002732,114.0
1753534131006,12:48:51.006,B3/USDT:USDT,0.002727,37.0,0.002726,137.0,0.002731,30.0,0.002732,114.0
1753534138010,12:48:58.010,B3/USDT:USDT,0.002727,37.0,0.002726,137.0,0.002731,30.0,0.002732,114.0
1753534146434,12:49:06.434,B3/USDT:USDT,0.002727,37.0,0.002726,137.0,0.002731,30.0,0.002732,114.0
1753534166599,12:49:26.599,B3/USDT:USDT,0.002727,37.0,0.002726,137.0,0.002731,30.0,0.002732,114.0
1753534175236,12:49:35.236,B3/USDT:USDT,0.002727,37.0,0.002726,137.0,0.002731,30.0,0.002732,114.0
1753534176005,12:49:36.005,B3/USDT:USDT,0.002727,37.0,0.002726,137.0,0.002731,30.0,0.002732,114.0
1753534179314,12:49:39.314,B3/USDT:USDT,0.002727,130.0,0.002726,230.0,0.002731,30.0,0.002732,114.0
1753534180985,12:49:40.985,B3/USDT:USDT,0.002727,130.0,0.002726,230.0,0.002731,30.0,0.002732,114.0
1753534188288,12:49:48.288,B3/USDT:USDT,0.002728,94.0,0.002727,138.0,0.002731,30.0,0.002732,114.0
1753534188430,12:49:48.430,B3/USDT:USDT,0.002729,7.0,0.002728,94.0,0.002731,30.0,0.002732,114.0
1753534188538,12:49:48.538,B3/USDT:USDT,0.002729,7.0,0.002728,94.0,0.002731,30.0,0.002732,114.0
1753534188628,12:49:48.628,B3/USDT:USDT,0.002729,7.0,0.002728,94.0,0.002731,30.0,0.002732,114.0
1753534188814,12:49:48.814,B3/USDT:USDT,0.002729,7.0,0.002728,94.0,0.002731,30.0,0.002732,114.0
1753534189054,12:49:49.054,B3/USDT:USDT,0.002729,7.0,0.002728,94.0,0.002731,30.0,0.002732,114.0
1753534189155,12:49:49.155,B3/USDT:USDT,0.002729,7.0,0.002728,94.0,0.002731,30.0,0.002732,114.0
1753534189176,12:49:49.176,B3/USDT:USDT,0.002729,7.0,0.002728,94.0,0.002731,30.0,0.002732,114.0
1753534190548,12:49:50.548,B3/USDT:USDT,0.002729,7.0,0.002728,94.0,0.002731,30.0,0.002732,30.0
1753534190568,12:49:50.568,B3/USDT:USDT,0.002729,7.0,0.002728,94.0,0.002731,30.0,0.002732,30.0
1753534190855,12:49:50.855,B3/USDT:USDT,0.002729,7.0,0.002728,94.0,0.002732,30.0,0.002733,355.0
1753534190937,12:49:50.937,B3/USDT:USDT,0.002729,7.0,0.002728,94.0,0.002732,30.0,0.002733,355.0
1753534191009,12:49:51.009,B3/USDT:USDT,0.002729,7.0,0.002728,94.0,0.002732,30.0,0.002733,355.0
1753534191251,12:49:51.251,B3/USDT:USDT,0.002729,7.0,0.002728,94.0,0.002732,30.0,0.002733,355.0
1753534191457,12:49:51.457,B3/USDT:USDT,0.002729,7.0,0.002728,94.0,0.002732,30.0,0.002733,355.0
1753534191467,12:49:51.467,B3/USDT:USDT,0.002729,7.0,0.002728,94.0,0.002732,30.0,0.002733,355.0
1753534191973,12:49:51.973,B3/USDT:USDT,0.002729,7.0,0.002728,94.0,0.002732,30.0,0.002733,355.0
1753534192073,12:49:52.073,B3/USDT:USDT,0.002729,7.0,0.002728,94.0,0.002732,30.0,0.002733,355.0
1753534192494,12:49:52.494,B3/USDT:USDT,0.002729,7.0,0.002728,94.0,0.002732,30.0,0.002733,355.0
1753534193997,12:49:53.997,B3/USDT:USDT,0.002729,7.0,0.002728,94.0,0.002732,30.0,0.002733,355.0
1753534194155,12:49:54.155,B3/USDT:USDT,0.002729,7.0,0.002728,94.0,0.002732,110.0,0.002733,355.0
1753534194253,12:49:54.253,B3/USDT:USDT,0.002729,7.0,0.002728,94.0,0.002732,110.0,0.002733,355.0
1753534194297,12:49:54.297,B3/USDT:USDT,0.002729,7.0,0.002728,94.0,0.002732,110.0,0.002733,355.0
1753534195357,12:49:55.357,B3/USDT:USDT,0.002729,7.0,0.002728,94.0,0.002732,110.0,0.002733,355.0
1753534195655,12:49:55.655,B3/USDT:USDT,0.002729,7.0,0.002728,94.0,0.002732,110.0,0.002733,355.0
1753534195721,12:49:55.721,B3/USDT:USDT,0.002729,7.0,0.002728,94.0,0.002732,110.0,0.002733,355.0
1753534196060,12:49:56.060,B3/USDT:USDT,0.002729,7.0,0.002728,94.0,0.002732,110.0,0.002733,355.0
1753534196141,12:49:56.141,B3/USDT:USDT,0.002729,7.0,0.002728,94.0,0.002732,110.0,0.002733,355.0
1753534196263,12:49:56.263,B3/USDT:USDT,0.002729,7.0,0.002728,94.0,0.002732,110.0,0.002733,355.0
1753534196354,12:49:56.354,B3/USDT:USDT,0.002729,7.0,0.002728,94.0,0.002732,110.0,0.002733,355.0
1753534197012,12:49:57.012,B3/USDT:USDT,0.002729,7.0,0.002728,94.0,0.002732,110.0,0.002733,355.0
1753534198402,12:49:58.402,B3/USDT:USDT,0.002729,7.0,0.002728,94.0,0.002732,110.0,0.002733,355.0
1753534202842,12:50:02.842,B3/USDT:USDT,0.002729,7.0,0.002728,94.0,0.002732,30.0,0.002733,355.0
1753534203180,12:50:03.180,B3/USDT:USDT,0.002729,7.0,0.002728,94.0,0.002732,30.0,0.002733,355.0
1753534205150,12:50:05.150,B3/USDT:USDT,0.002729,102.0,0.002728,94.0,0.002732,30.0,0.002733,186.0
1753534205243,12:50:05.243,B3/USDT:USDT,0.002729,7.0,0.002728,94.0,0.002732,30.0,0.002733,186.0
1753534205327,12:50:05.327,B3/USDT:USDT,0.002729,7.0,0.002728,94.0,0.002732,30.0,0.002733,186.0
1753534205434,12:50:05.434,B3/USDT:USDT,0.002729,7.0,0.002728,94.0,0.002732,30.0,0.002733,186.0
1753534205560,12:50:05.560,B3/USDT:USDT,0.002729,7.0,0.002728,94.0,0.002732,30.0,0.002734,93.0
1753534205657,12:50:05.657,B3/USDT:USDT,0.002729,7.0,0.002728,94.0,0.002732,30.0,0.002734,93.0
1753534205748,12:50:05.748,B3/USDT:USDT,0.002729,37.0,0.002728,176.0,0.002732,30.0,0.002734,93.0
1753534205899,12:50:05.899,B3/USDT:USDT,0.002729,37.0,0.002728,176.0,0.002732,30.0,0.002734,93.0
1753534206006,12:50:06.006,B3/USDT:USDT,0.002729,37.0,0.002728,176.0,0.002732,30.0,0.002734,93.0
1753534206161,12:50:06.161,B3/USDT:USDT,0.002729,37.0,0.002728,176.0,0.002732,30.0,0.002733,95.0
1753534206168,12:50:06.168,B3/USDT:USDT,0.002729,37.0,0.002728,176.0,0.002732,30.0,0.002733,95.0
1753534206326,12:50:06.326,B3/USDT:USDT,0.002729,37.0,0.002728,176.0,0.002732,30.0,0.002733,95.0
1753534206727,12:50:06.727,B3/USDT:USDT,0.002729,37.0,0.002728,176.0,0.002732,30.0,0.002733,95.0
1753534206814,12:50:06.814,B3/USDT:USDT,0.002729,37.0,0.002728,176.0,0.002732,30.0,0.002733,95.0
1753534206964,12:50:06.964,B3/USDT:USDT,0.002729,37.0,0.002728,176.0,0.002732,30.0,0.002733,95.0
1753534207008,12:50:07.008,B3/USDT:USDT,0.002729,37.0,0.002728,176.0,0.002732,30.0,0.002733,95.0
1753534207174,12:50:07.174,B3/USDT:USDT,0.002729,37.0,0.002728,176.0,0.002732,30.0,0.002733,95.0
1753534207319,12:50:07.319,B3/USDT:USDT,0.002729,37.0,0.002728,176.0,0.002732,30.0,0.002733,95.0
1753534207777,12:50:07.777,B3/USDT:USDT,0.002729,37.0,0.002728,176.0,0.002732,30.0,0.002733,95.0
1753534209369,12:50:09.369,B3/USDT:USDT,0.002729,37.0,0.002728,176.0,0.002732,30.0,0.002733,95.0
1753534210004,12:50:10.004,B3/USDT:USDT,0.002729,37.0,0.002728,176.0,0.002732,30.0,0.002733,95.0
1753534212188,12:50:12.188,B3/USDT:USDT,0.002729,37.0,0.002728,94.0,0.002732,30.0,0.002733,179.0
1753534216921,12:50:16.921,B3/USDT:USDT,0.002729,37.0,0.002728,94.0,0.002732,30.0,0.002733,179.0
1753534218858,12:50:18.858,B3/USDT:USDT,0.002729,37.0,0.002728,94.0,0.002732,30.0,0.002733,179.0
1753534220848,12:50:20.848,B3/USDT:USDT,0.002729,37.0,0.002728,176.0,0.002732,30.0,0.002733,95.0
1753534220908,12:50:20.908,B3/USDT:USDT,0.002729,37.0,0.002728,94.0,0.002732,30.0,0.002733,95.0
1753534229048,12:50:29.048,B3/USDT:USDT,0.002729,37.0,0.002728,94.0,0.002732,30.0,0.002733,179.0
1753534231945,12:50:31.945,B3/USDT:USDT,0.002729,37.0,0.002728,94.0,0.002732,30.0,0.002733,179.0
1753534232062,12:50:32.062,B3/USDT:USDT,0.002729,37.0,0.002728,94.0,0.002732,30.0,0.002733,179.0
1753534232290,12:50:32.290,B3/USDT:USDT,0.002729,37.0,0.002728,94.0,0.002732,30.0,0.002733,179.0
1753534232448,12:50:32.448,B3/USDT:USDT,0.002729,37.0,0.002728,200.0,0.002732,30.0,0.002733,179.0
1753534233048,12:50:33.048,B3/USDT:USDT,0.002729,37.0,0.002728,200.0,0.002732,30.0,0.002733,179.0
1753534236489,12:50:36.489,B3/USDT:USDT,0.002729,37.0,0.002728,94.0,0.002732,30.0,0.002733,179.0
1753534237489,12:50:37.489,B3/USDT:USDT,0.002729,37.0,0.002728,94.0,0.002732,30.0,0.002733,179.0
1753534240505,12:50:40.505,B3/USDT:USDT,0.002729,37.0,0.002728,94.0,0.002732,30.0,0.002733,179.0
1753534242260,12:50:42.260,B3/USDT:USDT,0.002729,37.0,0.002728,94.0,0.002732,30.0,0.002733,179.0
1753534242505,12:50:42.505,B3/USDT:USDT,0.002729,37.0,0.002728,94.0,0.002732,30.0,0.002733,179.0
1753534243029,12:50:43.029,B3/USDT:USDT,0.002729,37.0,0.002728,94.0,0.002732,30.0,0.002733,179.0
1753534244011,12:50:44.011,B3/USDT:USDT,0.002729,37.0,0.002728,94.0,0.002732,30.0,0.002733,179.0
1753534244618,12:50:44.618,B3/USDT:USDT,0.002729,37.0,0.002728,94.0,0.002732,30.0,0.002733,179.0
1753534245094,12:50:45.094,B3/USDT:USDT,0.002729,37.0,0.002728,94.0,0.002732,30.0,0.002733,179.0
1753534246167,12:50:46.167,B3/USDT:USDT,0.002729,37.0,0.002728,94.0,0.002732,30.0,0.002733,179.0
1753534248006,12:50:48.006,B3/USDT:USDT,0.002729,37.0,0.002728,94.0,0.002732,30.0,0.002733,179.0
1753534248445,12:50:48.445,B3/USDT:USDT,0.002729,37.0,0.002728,94.0,0.002732,30.0,0.002733,179.0
1753534250455,12:50:50.455,B3/USDT:USDT,0.002729,37.0,0.002728,94.0,0.002732,30.0,0.002733,179.0
1753534251004,12:50:51.004,B3/USDT:USDT,0.002729,37.0,0.002728,94.0,0.002732,30.0,0.002733,179.0
1753534252668,12:50:52.668,B3/USDT:USDT,0.002729,37.0,0.002727,262.0,0.002732,30.0,0.002733,179.0
1753534253186,12:50:53.186,B3/USDT:USDT,0.002729,37.0,0.002727,262.0,0.002732,30.0,0.002733,179.0
1753534255856,12:50:55.856,B3/USDT:USDT,0.002729,37.0,0.002727,262.0,0.002732,38.0,0.002733,187.0
1753534258141,12:50:58.141,B3/USDT:USDT,0.002729,37.0,0.002727,262.0,0.002732,38.0,0.002733,187.0
1753534258231,12:50:58.231,B3/USDT:USDT,0.002729,37.0,0.002727,262.0,0.002732,38.0,0.002733,187.0
1753534261004,12:51:01.004,B3/USDT:USDT,0.002729,37.0,0.002727,262.0,0.002732,38.0,0.002733,187.0
1753534262291,12:51:02.291,B3/USDT:USDT,0.002729,37.0,0.002727,262.0,0.002732,38.0,0.002733,187.0
1753534263707,12:51:03.707,B3/USDT:USDT,0.002729,37.0,0.002727,262.0,0.002732,30.0,0.002733,179.0
1753534263807,12:51:03.807,B3/USDT:USDT,0.002729,37.0,0.002728,174.0,0.002732,30.0,0.002733,95.0
1753534264010,12:51:04.010,B3/USDT:USDT,0.002729,37.0,0.002728,174.0,0.002732,30.0,0.002733,95.0
1753534264254,12:51:04.254,B3/USDT:USDT,0.002729,37.0,0.002728,174.0,0.002732,30.0,0.002733,95.0
1753534264472,12:51:04.472,B3/USDT:USDT,0.002729,37.0,0.002728,174.0,0.002732,30.0,0.002733,95.0
1753534267329,12:51:07.329,B3/USDT:USDT,0.002729,37.0,0.002728,174.0,0.002732,30.0,0.002733,175.0
1753534268807,12:51:08.807,B3/USDT:USDT,0.002729,37.0,0.002728,92.0,0.002732,30.0,0.002733,175.0
1753534269148,12:51:09.148,B3/USDT:USDT,0.002729,37.0,0.002728,199.0,0.002732,30.0,0.002733,175.0
1753534270007,12:51:10.007,B3/USDT:USDT,0.002729,37.0,0.002728,199.0,0.002732,30.0,0.002733,175.0
1753534271528,12:51:11.528,B3/USDT:USDT,0.002729,37.0,0.002728,92.0,0.002732,30.0,0.002733,175.0
1753534272357,12:51:12.357,B3/USDT:USDT,0.002729,37.0,0.002728,92.0,0.002732,30.0,0.002733,175.0
1753534272529,12:51:12.529,B3/USDT:USDT,0.002729,37.0,0.002728,92.0,0.002732,30.0,0.002733,175.0
1753534281890,12:51:21.890,B3/USDT:USDT,0.002729,37.0,0.002728,92.0,0.002732,30.0,0.002733,175.0
1753534283003,12:51:23.003,B3/USDT:USDT,0.002729,37.0,0.002728,92.0,0.002732,30.0,0.002733,175.0
1753534284149,12:51:24.149,B3/USDT:USDT,0.002729,37.0,0.002728,92.0,0.002732,30.0,0.002733,175.0
1753534284572,12:51:24.572,B3/USDT:USDT,0.002729,37.0,0.002728,92.0,0.002732,30.0,0.002733,175.0
1753534285008,12:51:25.008,B3/USDT:USDT,0.002729,37.0,0.002728,92.0,0.002732,30.0,0.002733,175.0
1753534286202,12:51:26.202,B3/USDT:USDT,0.002729,37.0,0.002728,92.0,0.002732,30.0,0.002733,175.0
1753534287013,12:51:27.013,B3/USDT:USDT,0.002729,37.0,0.002728,92.0,0.002732,30.0,0.002733,175.0
1753534290128,12:51:30.128,B3/USDT:USDT,0.002729,37.0,0.002728,92.0,0.002732,30.0,0.002733,175.0
1753534292892,12:51:32.892,B3/USDT:USDT,0.002729,37.0,0.002728,92.0,0.002732,30.0,0.002733,175.0
1753534293003,12:51:33.003,B3/USDT:USDT,0.002729,37.0,0.002728,92.0,0.002732,30.0,0.002733,175.0
1753534294859,12:51:34.859,B3/USDT:USDT,0.002729,37.0,0.002728,92.0,0.002732,30.0,0.002733,175.0
1753534302907,12:51:42.907,B3/USDT:USDT,0.002729,37.0,0.002728,198.0,0.002732,30.0,0.002733,175.0
1753534306377,12:51:46.377,B3/USDT:USDT,0.002729,37.0,0.002728,198.0,0.002732,30.0,0.002733,175.0
1753534306894,12:51:46.894,B3/USDT:USDT,0.002729,37.0,0.002728,198.0,0.002732,30.0,0.002733,175.0
1753534309454,12:51:49.454,B3/USDT:USDT,0.002729,37.0,0.002728,198.0,0.002732,30.0,0.002733,175.0
1753534309467,12:51:49.467,B3/USDT:USDT,0.002729,37.0,0.002728,198.0,0.002732,30.0,0.002733,175.0
1753534310672,12:51:50.672,B3/USDT:USDT,0.002729,37.0,0.002728,198.0,0.002732,30.0,0.002733,175.0
1753534311456,12:51:51.456,B3/USDT:USDT,0.002729,37.0,0.002728,198.0,0.002732,30.0,0.002733,175.0
1753534312120,12:51:52.120,B3/USDT:USDT,0.002729,37.0,0.002728,198.0,0.002732,30.0,0.002733,175.0
1753534312210,12:51:52.210,B3/USDT:USDT,0.002729,37.0,0.002728,198.0,0.002732,30.0,0.002733,175.0
1753534314462,12:51:54.462,B3/USDT:USDT,0.002729,37.0,0.002728,198.0,0.002732,30.0,0.002733,175.0
1753534315023,12:51:55.023,B3/USDT:USDT,0.002729,37.0,0.002728,198.0,0.002732,30.0,0.002733,175.0
1753534318534,12:51:58.534,B3/USDT:USDT,0.002729,37.0,0.002728,198.0,0.002732,30.0,0.002733,175.0
1753534318932,12:51:58.932,B3/USDT:USDT,0.002729,37.0,0.002728,198.0,0.002732,30.0,0.002733,175.0
1753534320036,12:52:00.036,B3/USDT:USDT,0.002729,37.0,0.002728,198.0,0.002732,30.0,0.002733,175.0
1753534321517,12:52:01.517,B3/USDT:USDT,0.002729,37.0,0.002728,198.0,0.002732,30.0,0.002733,175.0
1753534322257,12:52:02.257,B3/USDT:USDT,0.002729,37.0,0.002728,198.0,0.002732,30.0,0.002733,175.0
1753534322354,12:52:02.354,B3/USDT:USDT,0.002729,37.0,0.002728,198.0,0.002732,30.0,0.002733,175.0
1753534326147,12:52:06.147,B3/USDT:USDT,0.002729,37.0,0.002728,198.0,0.002732,30.0,0.002733,175.0
1753534326300,12:52:06.300,B3/USDT:USDT,0.002729,37.0,0.002728,198.0,0.002732,30.0,0.002733,175.0
1753534327009,12:52:07.009,B3/USDT:USDT,0.002729,37.0,0.002728,198.0,0.002732,30.0,0.002733,175.0
1753534329146,12:52:09.146,B3/USDT:USDT,0.002729,37.0,0.002728,198.0,0.002732,30.0,0.002733,175.0
1753534330668,12:52:10.668,B3/USDT:USDT,0.002729,37.0,0.002728,198.0,0.002732,30.0,0.002733,175.0
1753534331318,12:52:11.318,B3/USDT:USDT,0.002729,37.0,0.002728,198.0,0.002732,30.0,0.002733,175.0
1753534332138,12:52:12.138,B3/USDT:USDT,0.002729,37.0,0.002728,198.0,0.002732,30.0,0.002733,175.0
1753534333649,12:52:13.649,B3/USDT:USDT,0.002729,37.0,0.002728,198.0,0.002732,30.0,0.002733,175.0
1753534335162,12:52:15.162,B3/USDT:USDT,0.002729,37.0,0.002728,198.0,0.002732,30.0,0.002733,175.0
1753534335303,12:52:15.303,B3/USDT:USDT,0.002729,37.0,0.002728,198.0,0.002732,30.0,0.002733,175.0
1753534336684,12:52:16.684,B3/USDT:USDT,0.002729,37.0,0.002728,198.0,0.002732,30.0,0.002733,175.0
1753534336847,12:52:16.847,B3/USDT:USDT,0.002729,37.0,0.002728,198.0,0.002732,30.0,0.002733,175.0
1753534336881,12:52:16.881,B3/USDT:USDT,0.002729,37.0,0.002728,198.0,0.002732,30.0,0.002733,175.0
1753534340958,12:52:20.958,B3/USDT:USDT,0.002729,37.0,0.002728,198.0,0.002732,30.0,0.002733,175.0
1753534340981,12:52:20.981,B3/USDT:USDT,0.002729,37.0,0.002728,92.0,0.002732,38.0,0.002733,183.0
1753534342013,12:52:22.013,B3/USDT:USDT,0.002729,37.0,0.002728,92.0,0.002732,38.0,0.002733,183.0
1753534350044,12:52:30.044,B3/USDT:USDT,0.002729,37.0,0.002728,92.0,0.002732,38.0,0.002733,183.0
1753534350541,12:52:30.541,B3/USDT:USDT,0.002729,37.0,0.002728,174.0,0.002732,30.0,0.002733,175.0
1753534351003,12:52:31.003,B3/USDT:USDT,0.002729,37.0,0.002728,174.0,0.002732,30.0,0.002733,175.0
1753534352058,12:52:32.058,B3/USDT:USDT,0.002729,37.0,0.002728,174.0,0.002732,30.0,0.002733,183.0
1753534354457,12:52:34.457,B3/USDT:USDT,0.002729,37.0,0.002728,166.0,0.002732,30.0,0.002733,183.0
1753534355055,12:52:35.055,B3/USDT:USDT,0.002729,37.0,0.002728,166.0,0.002732,30.0,0.002733,183.0
1753534362758,12:52:42.758,B3/USDT:USDT,0.002729,37.0,0.002728,166.0,0.002732,30.0,0.002733,183.0
1753534363012,12:52:43.012,B3/USDT:USDT,0.002729,37.0,0.002728,166.0,0.002732,30.0,0.002733,183.0
1753534363658,12:52:43.658,B3/USDT:USDT,0.002729,7.0,0.002726,191.0,0.002732,271.0,0.002733,183.0
1753534363760,12:52:43.760,B3/USDT:USDT,0.002727,7.0,0.002726,93.0,0.002732,271.0,0.002733,183.0
1753534363820,12:52:43.820,B3/USDT:USDT,0.002727,7.0,0.002726,93.0,0.002732,271.0,0.002733,183.0
1753534364032,12:52:44.032,B3/USDT:USDT,0.002727,7.0,0.002726,93.0,0.002731,77.0,0.002732,271.0
1753534364638,12:52:44.638,B3/USDT:USDT,0.002727,7.0,0.002726,93.0,0.002731,77.0,0.002732,271.0
1753534365147,12:52:45.147,B3/USDT:USDT,0.002727,7.0,0.002726,93.0,0.002731,77.0,0.002732,271.0
1753534367365,12:52:47.365,B3/USDT:USDT,0.002727,7.0,0.002726,93.0,0.002731,77.0,0.002732,271.0
1753534367386,12:52:47.386,B3/USDT:USDT,0.002727,7.0,0.002726,93.0,0.002731,77.0,0.002732,271.0
1753534367468,12:52:47.468,B3/USDT:USDT,0.002727,7.0,0.002726,93.0,0.002731,77.0,0.002732,271.0
1753534374420,12:52:54.420,B3/USDT:USDT,0.002727,7.0,0.002726,93.0,0.002731,77.0,0.002732,271.0
1753534374902,12:52:54.902,B3/USDT:USDT,0.002727,7.0,0.002726,93.0,0.002731,77.0,0.002732,271.0
1753534376059,12:52:56.059,B3/USDT:USDT,0.002727,7.0,0.002726,93.0,0.002731,77.0,0.002732,271.0
1753534378607,12:52:58.607,B3/USDT:USDT,0.002727,7.0,0.002726,93.0,0.002731,77.0,0.002732,271.0
1753534380007,12:53:00.007,B3/USDT:USDT,0.002727,7.0,0.002726,93.0,0.002731,77.0,0.002732,271.0
1753534394727,12:53:14.727,B3/USDT:USDT,0.002727,7.0,0.002726,93.0,0.002731,77.0,0.002732,271.0
1753534395210,12:53:15.210,B3/USDT:USDT,0.002727,7.0,0.002726,201.0,0.002731,77.0,0.002732,271.0
1753534415361,12:53:35.361,B3/USDT:USDT,0.002727,7.0,0.002726,201.0,0.002731,77.0,0.002732,271.0
1753534415372,12:53:35.372,B3/USDT:USDT,0.002727,7.0,0.002726,201.0,0.002731,77.0,0.002732,271.0
1753534418409,12:53:38.409,B3/USDT:USDT,0.002727,7.0,0.002726,93.0,0.002731,77.0,0.002732,271.0
1753534420282,12:53:40.282,B3/USDT:USDT,0.002727,7.0,0.002726,93.0,0.002731,77.0,0.002732,271.0
1753534426413,12:53:46.413,B3/USDT:USDT,0.002727,7.0,0.002726,93.0,0.002731,77.0,0.002732,271.0
1753534439858,12:53:59.858,B3/USDT:USDT,0.002727,7.0,0.002726,93.0,0.002731,77.0,0.002732,271.0
1753534439868,12:53:59.868,B3/USDT:USDT,0.002727,7.0,0.002726,93.0,0.002731,77.0,0.002732,271.0
1753534440007,12:54:00.007,B3/USDT:USDT,0.002727,7.0,0.002726,93.0,0.002731,77.0,0.002732,271.0
1753534444994,12:54:04.994,B3/USDT:USDT,0.002727,7.0,0.002726,93.0,0.002731,107.0,0.002732,271.0
1753534445469,12:54:05.469,B3/USDT:USDT,0.002727,7.0,0.002726,93.0,0.002731,107.0,0.002732,271.0
1753534446969,12:54:06.969,B3/USDT:USDT,0.002727,7.0,0.002725,281.0,0.002731,107.0,0.002732,271.0
1753534447090,12:54:07.090,B3/USDT:USDT,0.002726,7.0,0.002725,186.0,0.002731,107.0,0.002732,271.0
1753534447541,12:54:07.541,B3/USDT:USDT,0.002726,7.0,0.002725,186.0,0.002731,107.0,0.002732,271.0
1753534449708,12:54:09.708,B3/USDT:USDT,0.002726,7.0,0.002725,186.0,0.002731,107.0,0.002732,271.0
1753534451789,12:54:11.789,B3/USDT:USDT,0.002726,7.0,0.002725,186.0,0.002731,107.0,0.002732,271.0
1753534452099,12:54:12.099,B3/USDT:USDT,0.002726,7.0,0.002725,186.0,0.002731,107.0,0.002732,271.0
1753534452291,12:54:12.291,B3/USDT:USDT,0.002726,7.0,0.002725,186.0,0.002731,107.0,0.002732,271.0
1753534453011,12:54:13.011,B3/USDT:USDT,0.002726,7.0,0.002725,186.0,0.002731,107.0,0.002732,271.0
1753534453182,12:54:13.182,B3/USDT:USDT,0.002726,7.0,0.002725,186.0,0.002731,107.0,0.002732,271.0
1753534454879,12:54:14.879,B3/USDT:USDT,0.002726,37.0,0.002725,186.0,0.002731,107.0,0.002732,271.0
1753534461949,12:54:21.949,B3/USDT:USDT,0.002726,37.0,0.002725,186.0,0.002731,107.0,0.002732,271.0
1753534462009,12:54:22.009,B3/USDT:USDT,0.002726,37.0,0.002725,186.0,0.002731,107.0,0.002732,271.0
1753534471240,12:54:31.240,B3/USDT:USDT,0.002726,37.0,0.002725,186.0,0.002731,107.0,0.002732,271.0
1753534473012,12:54:33.012,B3/USDT:USDT,0.002726,37.0,0.002725,186.0,0.002731,107.0,0.002732,271.0
1753534474479,12:54:34.479,B3/USDT:USDT,0.002726,37.0,0.002725,186.0,0.002731,107.0,0.002732,271.0
1753534476008,12:54:36.008,B3/USDT:USDT,0.002726,37.0,0.002725,186.0,0.002731,107.0,0.002732,271.0
1753534477948,12:54:37.948,B3/USDT:USDT,0.002726,37.0,0.002725,186.0,0.002731,107.0,0.002732,271.0
1753534478007,12:54:38.007,B3/USDT:USDT,0.002726,37.0,0.002725,186.0,0.002731,107.0,0.002732,271.0
1753534486340,12:54:46.340,B3/USDT:USDT,0.002726,37.0,0.002725,186.0,0.002731,107.0,0.002732,271.0
1753534486441,12:54:46.441,B3/USDT:USDT,0.002726,37.0,0.002725,186.0,0.002731,107.0,0.002732,271.0
1753534489740,12:54:49.740,B3/USDT:USDT,0.002726,37.0,0.002725,186.0,0.002731,107.0,0.002732,271.0
1753534490827,12:54:50.827,B3/USDT:USDT,0.002726,37.0,0.002725,186.0,0.002731,107.0,0.002732,271.0
1753534492964,12:54:52.964,B3/USDT:USDT,0.002726,37.0,0.002725,186.0,0.002731,107.0,0.002732,271.0
1753534493005,12:54:53.005,B3/USDT:USDT,0.002726,37.0,0.002725,186.0,0.002731,107.0,0.002732,271.0
1753534493068,12:54:53.068,B3/USDT:USDT,0.002726,37.0,0.002725,186.0,0.002731,107.0,0.002732,271.0
1753534501149,12:55:01.149,B3/USDT:USDT,0.002726,37.0,0.002725,186.0,0.002731,107.0,0.002732,271.0
1753534502010,12:55:02.010,B3/USDT:USDT,0.002726,37.0,0.002725,186.0,0.002731,107.0,0.002732,271.0
1753534508344,12:55:08.344,B3/USDT:USDT,0.002726,37.0,0.002725,186.0,0.002731,107.0,0.002732,271.0
1753534509012,12:55:09.012,B3/USDT:USDT,0.002726,37.0,0.002725,186.0,0.002731,107.0,0.002732,271.0
1753534515415,12:55:15.415,B3/USDT:USDT,0.002726,37.0,0.002725,186.0,0.002731,107.0,0.002732,271.0
1753534517561,12:55:17.561,B3/USDT:USDT,0.002726,37.0,0.002725,186.0,0.002731,107.0,0.002732,271.0
1753534517609,12:55:17.609,B3/USDT:USDT,0.002726,37.0,0.002725,186.0,0.002731,107.0,0.002732,271.0
1753534517945,12:55:17.945,B3/USDT:USDT,0.002726,37.0,0.002725,186.0,0.002731,107.0,0.002732,271.0
1753534520011,12:55:20.011,B3/USDT:USDT,0.002726,37.0,0.002725,186.0,0.002731,107.0,0.002732,271.0
1753534520132,12:55:20.132,B3/USDT:USDT,0.002726,37.0,0.002725,186.0,0.002731,107.0,0.002732,271.0
1753534522007,12:55:22.007,B3/USDT:USDT,0.002726,37.0,0.002725,186.0,0.002731,107.0,0.002732,271.0
1753534531827,12:55:31.827,B3/USDT:USDT,0.002726,37.0,0.002725,186.0,0.002731,107.0,0.002732,271.0
1753534532004,12:55:32.004,B3/USDT:USDT,0.002726,37.0,0.002725,186.0,0.002731,107.0,0.002732,271.0
1753534532802,12:55:32.802,B3/USDT:USDT,0.002726,37.0,0.002725,186.0,0.002731,107.0,0.002732,271.0
1753534538004,12:55:38.004,B3/USDT:USDT,0.002726,37.0,0.002725,186.0,0.002731,107.0,0.002732,271.0
1753534551446,12:55:51.446,B3/USDT:USDT,0.002726,37.0,0.002725,186.0,0.002731,293.0,0.002732,271.0
1753534551467,12:55:51.467,B3/USDT:USDT,0.002726,37.0,0.002725,111.0,0.002731,293.0,0.002732,271.0
1753534553772,12:55:53.772,B3/USDT:USDT,0.002726,37.0,0.002725,141.0,0.002731,293.0,0.002732,271.0
1753534554752,12:55:54.752,B3/USDT:USDT,0.002726,37.0,0.002725,141.0,0.002731,293.0,0.002732,271.0
1753534566346,12:56:06.346,B3/USDT:USDT,0.002726,37.0,0.002725,141.0,0.002731,293.0,0.002732,271.0
1753534566368,12:56:06.368,B3/USDT:USDT,0.002726,37.0,0.002725,225.0,0.002731,293.0,0.002732,271.0
1753534571807,12:56:11.807,B3/USDT:USDT,0.002726,37.0,0.002725,141.0,0.002731,293.0,0.002732,271.0
1753534574987,12:56:14.987,B3/USDT:USDT,0.002726,37.0,0.002725,141.0,0.002731,293.0,0.002732,271.0
1753534575962,12:56:15.962,B3/USDT:USDT,0.002726,37.0,0.002725,30.0,0.00273,96.0,0.002731,293.0
1753534575966,12:56:15.966,B3/USDT:USDT,0.002726,37.0,0.002725,30.0,0.00273,96.0,0.002731,293.0
1753534576131,12:56:16.131,B3/USDT:USDT,0.002726,37.0,0.002725,30.0,0.00273,96.0,0.002731,293.0
1753534576553,12:56:16.553,B3/USDT:USDT,0.002726,7.0,0.002725,30.0,0.00273,126.0,0.002731,293.0
1753534577025,12:56:17.025,B3/USDT:USDT,0.002726,7.0,0.002725,30.0,0.00273,126.0,0.002731,293.0
1753534577216,12:56:17.216,B3/USDT:USDT,0.002726,7.0,0.002725,30.0,0.00273,126.0,0.002731,293.0
1753534577632,12:56:17.632,B3/USDT:USDT,0.002726,7.0,0.002725,30.0,0.00273,126.0,0.002731,293.0
1753534577676,12:56:17.676,B3/USDT:USDT,0.002726,7.0,0.002725,30.0,0.00273,126.0,0.002731,293.0
1753534577822,12:56:17.822,B3/USDT:USDT,0.002726,7.0,0.002725,30.0,0.00273,126.0,0.002731,293.0
1753534579152,12:56:19.152,B3/USDT:USDT,0.002726,7.0,0.002725,30.0,0.00273,126.0,0.002731,293.0
1753534579280,12:56:19.280,B3/USDT:USDT,0.002726,7.0,0.002725,30.0,0.00273,126.0,0.002731,293.0
1753534580200,12:56:20.200,B3/USDT:USDT,0.002726,7.0,0.002725,30.0,0.00273,126.0,0.002731,293.0
1753534580585,12:56:20.585,B3/USDT:USDT,0.002726,7.0,0.002725,30.0,0.00273,126.0,0.002731,293.0
1753534580665,12:56:20.665,B3/USDT:USDT,0.002726,7.0,0.002725,30.0,0.00273,126.0,0.002731,293.0
1753534581010,12:56:21.010,B3/USDT:USDT,0.002726,7.0,0.002725,30.0,0.00273,126.0,0.002731,293.0
1753534582213,12:56:22.213,B3/USDT:USDT,0.002726,7.0,0.002725,30.0,0.00273,126.0,0.002731,293.0
1753534582609,12:56:22.609,B3/USDT:USDT,0.002726,7.0,0.002725,30.0,0.00273,126.0,0.002731,293.0
1753534584823,12:56:24.823,B3/USDT:USDT,0.002726,7.0,0.002725,30.0,0.00273,126.0,0.002731,293.0
1753534586019,12:56:26.019,B3/USDT:USDT,0.002726,7.0,0.002725,30.0,0.00273,126.0,0.002731,293.0
1753534586690,12:56:26.690,B3/USDT:USDT,0.002726,7.0,0.002725,30.0,0.00273,126.0,0.002731,293.0
1753534587015,12:56:27.015,B3/USDT:USDT,0.002726,7.0,0.002725,30.0,0.00273,126.0,0.002731,293.0
1753534587087,12:56:27.087,B3/USDT:USDT,0.002726,7.0,0.002725,30.0,0.00273,126.0,0.002731,293.0
1753534587588,12:56:27.588,B3/USDT:USDT,0.002726,7.0,0.002725,30.0,0.00273,126.0,0.002731,293.0
1753534587958,12:56:27.958,B3/USDT:USDT,0.002726,7.0,0.002725,30.0,0.002729,94.0,0.00273,126.0
1753534587994,12:56:27.994,B3/USDT:USDT,0.002726,7.0,0.002724,30.0,0.002729,94.0,0.00273,126.0
1753534588116,12:56:28.116,B3/USDT:USDT,0.002725,7.0,0.002724,30.0,0.002729,94.0,0.00273,126.0
1753534588258,12:56:28.258,B3/USDT:USDT,0.002725,7.0,0.002724,30.0,0.002729,94.0,0.00273,126.0
1753534588384,12:56:28.384,B3/USDT:USDT,0.002725,7.0,0.002724,30.0,0.002729,124.0,0.00273,126.0
1753534589114,12:56:29.114,B3/USDT:USDT,0.002725,7.0,0.002724,30.0,0.002729,124.0,0.00273,126.0
1753534592007,12:56:32.007,B3/USDT:USDT,0.002725,7.0,0.002724,30.0,0.002729,124.0,0.00273,126.0
1753534592764,12:56:32.764,B3/USDT:USDT,0.002725,7.0,0.002724,30.0,0.002729,124.0,0.00273,126.0
1753534597241,12:56:37.241,B3/USDT:USDT,0.002725,7.0,0.002724,30.0,0.002729,124.0,0.00273,126.0
1753534597836,12:56:37.836,B3/USDT:USDT,0.002725,7.0,0.002724,30.0,0.002729,124.0,0.00273,126.0
1753534601004,12:56:41.004,B3/USDT:USDT,0.002725,7.0,0.002724,30.0,0.002729,124.0,0.00273,126.0
1753534601714,12:56:41.714,B3/USDT:USDT,0.002725,7.0,0.002724,30.0,0.002729,124.0,0.00273,126.0
1753534606451,12:56:46.451,B3/USDT:USDT,0.002725,7.0,0.002724,30.0,0.002729,124.0,0.00273,126.0
1753534609010,12:56:49.010,B3/USDT:USDT,0.002725,7.0,0.002724,30.0,0.002729,124.0,0.00273,126.0
1753534629160,12:57:09.160,B3/USDT:USDT,0.002725,7.0,0.002724,30.0,0.002729,124.0,0.00273,126.0
1753534629180,12:57:09.180,B3/USDT:USDT,0.002725,7.0,0.002724,30.0,0.002729,124.0,0.00273,126.0
1753534634957,12:57:14.957,B3/USDT:USDT,0.002725,7.0,0.002724,30.0,0.002729,124.0,0.00273,126.0
1753534655119,12:57:35.119,B3/USDT:USDT,0.002725,7.0,0.002724,30.0,0.002729,124.0,0.00273,126.0
1753534655727,12:57:35.727,B3/USDT:USDT,0.002725,7.0,0.002724,30.0,0.002729,124.0,0.00273,126.0
1753534658003,12:57:38.003,B3/USDT:USDT,0.002725,7.0,0.002724,30.0,0.002729,124.0,0.00273,126.0
1753534664398,12:57:44.398,B3/USDT:USDT,0.002725,7.0,0.002724,30.0,0.002729,124.0,0.00273,126.0
1753534667446,12:57:47.446,B3/USDT:USDT,0.002725,7.0,0.002724,30.0,0.002729,124.0,0.00273,126.0
1753534669247,12:57:49.247,B3/USDT:USDT,0.002725,7.0,0.002724,30.0,0.002729,124.0,0.00273,126.0
1753534674081,12:57:54.081,B3/USDT:USDT,0.002725,7.0,0.002724,30.0,0.002729,273.0,0.00273,126.0
1753534675295,12:57:55.295,B3/USDT:USDT,0.002725,7.0,0.002724,30.0,0.002729,124.0,0.00273,126.0
1753534675861,12:57:55.861,B3/USDT:USDT,0.002725,7.0,0.002724,30.0,0.002729,124.0,0.00273,126.0
1753534683661,12:58:03.661,B3/USDT:USDT,0.002725,7.0,0.002724,30.0,0.002729,273.0,0.00273,126.0
1753534686776,12:58:06.776,B3/USDT:USDT,0.002725,7.0,0.002724,30.0,0.002729,124.0,0.00273,126.0
1753534698792,12:58:18.792,B3/USDT:USDT,0.002725,7.0,0.002724,30.0,0.002729,132.0,0.00273,134.0
1753534709421,12:58:29.421,B3/USDT:USDT,0.002725,7.0,0.002724,30.0,0.002729,132.0,0.00273,134.0
1753534714901,12:58:34.901,B3/USDT:USDT,0.002725,7.0,0.002724,30.0,0.002729,132.0,0.00273,134.0
1753534720405,12:58:40.405,B3/USDT:USDT,0.002725,7.0,0.002724,30.0,0.002729,132.0,0.00273,134.0
1753534721426,12:58:41.426,B3/USDT:USDT,0.002725,7.0,0.002724,30.0,0.002729,132.0,0.00273,134.0
1753534721608,12:58:41.608,B3/USDT:USDT,0.002725,7.0,0.002724,30.0,0.002729,132.0,0.00273,134.0
1753534736851,12:58:56.851,B3/USDT:USDT,0.002725,7.0,0.002724,30.0,0.002728,84.0,0.002729,281.0
1753534736892,12:58:56.892,B3/USDT:USDT,0.002725,7.0,0.002724,30.0,0.002729,187.0,0.00273,134.0
1753534737003,12:58:57.003,B3/USDT:USDT,0.002725,7.0,0.002724,30.0,0.002729,187.0,0.00273,134.0
1753534740955,12:59:00.955,B3/USDT:USDT,0.002725,7.0,0.002724,30.0,0.002729,187.0,0.00273,134.0
1753534741006,12:59:01.006,B3/USDT:USDT,0.002725,7.0,0.002724,30.0,0.002729,187.0,0.00273,134.0
1753534753896,12:59:13.896,B3/USDT:USDT,0.002725,7.0,0.002724,30.0,0.002729,187.0,0.00273,134.0
1753534755015,12:59:15.015,B3/USDT:USDT,0.002725,7.0,0.002724,30.0,0.002729,38.0,0.00273,134.0
