timestamp,time,symbol,bid1_price,bid1_volume,bid2_price,bid2_volume,ask1_price,ask1_volume,ask2_price,ask2_volume
1753533022000,12:30:22.000,BDXN/USDT:USDT,0.03508,16.0,0.03507,1146.0,0.03516,1166.0,0.03517,1485.0
1753533022332,12:30:22.332,BDXN/USDT:USDT,0.03508,5.0,0.03507,1146.0,0.03516,1166.0,0.03517,1485.0
1753533022434,12:30:22.434,BDXN/USDT:USDT,0.03508,16.0,0.03507,1146.0,0.03516,1166.0,0.03517,1485.0
1753533022608,12:30:22.608,BDXN/USDT:USDT,0.03508,16.0,0.03507,1146.0,0.03516,1166.0,0.03517,1485.0
1753533023669,12:30:23.669,BDXN/USDT:USDT,0.03508,16.0,0.03507,1146.0,0.03516,1166.0,0.03517,1485.0
1753533023738,12:30:23.738,BDXN/USDT:USDT,0.03508,16.0,0.03507,1146.0,0.03516,1166.0,0.03517,1485.0
1753533027954,12:30:27.954,BDXN/USDT:USDT,0.03508,16.0,0.03507,1146.0,0.03516,1166.0,0.03517,1485.0
1753533028064,12:30:28.064,BDXN/USDT:USDT,0.03508,16.0,0.03507,1146.0,0.03516,1166.0,0.03517,1485.0
1753533028294,12:30:28.294,BDXN/USDT:USDT,0.03508,16.0,0.03507,1146.0,0.03516,1166.0,0.03517,1485.0
1753533028466,12:30:28.466,BDXN/USDT:USDT,0.03508,16.0,0.03507,1146.0,0.03516,1166.0,0.03517,1485.0
1753533028794,12:30:28.794,BDXN/USDT:USDT,0.03508,16.0,0.03507,1146.0,0.03516,1166.0,0.03517,1485.0
1753533028966,12:30:28.966,BDXN/USDT:USDT,0.03508,443.0,0.03507,1146.0,0.03516,1596.0,0.03517,1485.0
1753533029456,12:30:29.456,BDXN/USDT:USDT,0.03508,443.0,0.03507,1146.0,0.03516,1596.0,0.03517,1485.0
1753533029810,12:30:29.810,BDXN/USDT:USDT,0.03508,443.0,0.03507,1146.0,0.03516,1596.0,0.03517,1485.0
1753533030023,12:30:30.023,BDXN/USDT:USDT,0.03508,443.0,0.03507,1146.0,0.03516,1596.0,0.03517,1485.0
1753533030029,12:30:30.029,BDXN/USDT:USDT,0.03508,443.0,0.03507,1146.0,0.03516,1596.0,0.03517,1485.0
1753533030502,12:30:30.502,BDXN/USDT:USDT,0.03508,443.0,0.03507,1146.0,0.03516,1596.0,0.03517,1485.0
1753533032105,12:30:32.105,BDXN/USDT:USDT,0.03508,16.0,0.03507,1146.0,0.03516,1596.0,0.03517,1485.0
1753533038016,12:30:38.016,BDXN/USDT:USDT,0.03508,16.0,0.03507,1146.0,0.03515,1910.0,0.03516,1596.0
1753533038107,12:30:38.107,BDXN/USDT:USDT,0.03508,16.0,0.03507,1146.0,0.03515,1910.0,0.03516,1596.0
1753533038330,12:30:38.330,BDXN/USDT:USDT,0.03508,16.0,0.03507,1146.0,0.03515,1910.0,0.03516,1596.0
1753533038609,12:30:38.609,BDXN/USDT:USDT,0.03508,16.0,0.03507,1146.0,0.03515,1910.0,0.03516,1596.0
1753533038657,12:30:38.657,BDXN/USDT:USDT,0.03508,16.0,0.03507,1146.0,0.03515,1910.0,0.03516,1596.0
1753533038760,12:30:38.760,BDXN/USDT:USDT,0.03508,16.0,0.03507,1146.0,0.03515,1910.0,0.03516,1596.0
1753533039579,12:30:39.579,BDXN/USDT:USDT,0.03508,16.0,0.03507,1146.0,0.03515,1910.0,0.03516,1596.0
1753533040949,12:30:40.949,BDXN/USDT:USDT,0.03508,16.0,0.03507,1146.0,0.03515,1910.0,0.03516,1596.0
1753533042658,12:30:42.658,BDXN/USDT:USDT,0.03508,16.0,0.03507,1146.0,0.03515,1910.0,0.03516,1596.0
1753533047031,12:30:47.031,BDXN/USDT:USDT,0.03508,16.0,0.03507,1146.0,0.03515,1910.0,0.03516,1596.0
1753533049959,12:30:49.959,BDXN/USDT:USDT,0.03508,16.0,0.03507,1146.0,0.03515,1910.0,0.03516,1596.0
1753533051527,12:30:51.527,BDXN/USDT:USDT,0.03508,16.0,0.03507,1146.0,0.03515,1910.0,0.03516,1596.0
1753533052476,12:30:52.476,BDXN/USDT:USDT,0.03508,16.0,0.03507,1146.0,0.03515,1910.0,0.03516,1596.0
1753533053960,12:30:53.960,BDXN/USDT:USDT,0.03508,16.0,0.03507,1146.0,0.03515,1910.0,0.03516,1596.0
1753533056528,12:30:56.528,BDXN/USDT:USDT,0.03508,16.0,0.03507,1146.0,0.03515,1910.0,0.03516,1596.0
1753533058617,12:30:58.617,BDXN/USDT:USDT,0.03508,16.0,0.03503,1146.0,0.03515,1910.0,0.03516,1596.0
1753533058725,12:30:58.725,BDXN/USDT:USDT,0.03504,16.0,0.03503,1146.0,0.03515,1910.0,0.03516,1596.0
1753533059178,12:30:59.178,BDXN/USDT:USDT,0.03506,573.0,0.03504,16.0,0.03515,1910.0,0.03516,1596.0
1753533059241,12:30:59.241,BDXN/USDT:USDT,0.03507,16.0,0.03506,573.0,0.03515,1910.0,0.03516,1596.0
1753533059350,12:30:59.350,BDXN/USDT:USDT,0.03507,16.0,0.03506,573.0,0.03515,1910.0,0.03516,1596.0
1753533060287,12:31:00.287,BDXN/USDT:USDT,0.03507,16.0,0.03506,573.0,0.03515,1910.0,0.03516,1596.0
1753533061423,12:31:01.423,BDXN/USDT:USDT,0.03507,16.0,0.03506,573.0,0.03515,1910.0,0.03516,1596.0
1753533061445,12:31:01.445,BDXN/USDT:USDT,0.03507,16.0,0.03506,573.0,0.03515,1910.0,0.03516,1596.0
1753533066416,12:31:06.416,BDXN/USDT:USDT,0.03507,16.0,0.03506,573.0,0.03515,1910.0,0.03516,1596.0
1753533066915,12:31:06.915,BDXN/USDT:USDT,0.03507,16.0,0.03506,573.0,0.03515,1910.0,0.03516,1596.0
1753533067993,12:31:07.993,BDXN/USDT:USDT,0.03507,16.0,0.03506,573.0,0.03515,1910.0,0.03516,1596.0
1753533068631,12:31:08.631,BDXN/USDT:USDT,0.03507,16.0,0.03506,573.0,0.03515,1910.0,0.03516,1596.0
1753533077063,12:31:17.063,BDXN/USDT:USDT,0.03507,16.0,0.03504,417.0,0.03515,1910.0,0.03516,1596.0
1753533077143,12:31:17.143,BDXN/USDT:USDT,0.03505,16.0,0.03504,417.0,0.03515,1939.0,0.03516,1596.0
1753533077252,12:31:17.252,BDXN/USDT:USDT,0.03505,16.0,0.03504,417.0,0.03515,1910.0,0.03516,1596.0
1753533077511,12:31:17.511,BDXN/USDT:USDT,0.03505,16.0,0.03504,417.0,0.03515,1910.0,0.03516,1596.0
1753533077671,12:31:17.671,BDXN/USDT:USDT,0.03506,573.0,0.03505,16.0,0.03515,1910.0,0.03516,1596.0
1753533077733,12:31:17.733,BDXN/USDT:USDT,0.03507,16.0,0.03506,573.0,0.03515,1910.0,0.03516,1596.0
1753533077919,12:31:17.919,BDXN/USDT:USDT,0.03507,16.0,0.03506,573.0,0.03515,1910.0,0.03516,1596.0
1753533078018,12:31:18.018,BDXN/USDT:USDT,0.03507,16.0,0.03506,573.0,0.03515,1939.0,0.03516,1596.0
1753533078106,12:31:18.106,BDXN/USDT:USDT,0.03507,16.0,0.03506,573.0,0.03515,1910.0,0.03516,1596.0
1753533078196,12:31:18.196,BDXN/USDT:USDT,0.03507,16.0,0.03506,573.0,0.03515,1939.0,0.03516,1596.0
1753533078273,12:31:18.273,BDXN/USDT:USDT,0.03507,16.0,0.03506,573.0,0.03515,1910.0,0.03516,1596.0
1753533078794,12:31:18.794,BDXN/USDT:USDT,0.03507,16.0,0.03506,573.0,0.03515,1939.0,0.03516,1596.0
1753533078867,12:31:18.867,BDXN/USDT:USDT,0.03507,16.0,0.03506,573.0,0.03515,1910.0,0.03516,1596.0
1753533079114,12:31:19.114,BDXN/USDT:USDT,0.03507,16.0,0.03506,573.0,0.03515,1939.0,0.03516,1596.0
1753533079185,12:31:19.185,BDXN/USDT:USDT,0.03507,16.0,0.03506,573.0,0.03515,1910.0,0.03516,1596.0
1753533079261,12:31:19.261,BDXN/USDT:USDT,0.03507,16.0,0.03506,573.0,0.03515,1939.0,0.03516,1596.0
1753533079413,12:31:19.413,BDXN/USDT:USDT,0.03507,16.0,0.03506,573.0,0.03515,1939.0,0.03516,1596.0
1753533079485,12:31:19.485,BDXN/USDT:USDT,0.03507,16.0,0.03506,573.0,0.03515,1910.0,0.03516,1166.0
1753533079614,12:31:19.614,BDXN/USDT:USDT,0.03507,16.0,0.03506,573.0,0.03515,1939.0,0.03516,1166.0
1753533079686,12:31:19.686,BDXN/USDT:USDT,0.03507,16.0,0.03506,573.0,0.03515,1910.0,0.03516,1166.0
1753533080000,12:31:20.000,BDXN/USDT:USDT,0.03507,33.0,0.03506,573.0,0.03513,1931.0,0.03515,423.0
1753533080781,12:31:20.781,BDXN/USDT:USDT,0.03507,33.0,0.03506,573.0,0.03513,1931.0,0.03515,423.0
1753533083479,12:31:23.479,BDXN/USDT:USDT,0.03507,33.0,0.03506,573.0,0.03513,1931.0,0.03515,423.0
1753533084479,12:31:24.479,BDXN/USDT:USDT,0.03507,33.0,0.03506,573.0,0.03513,1931.0,0.03515,423.0
1753533087150,12:31:27.150,BDXN/USDT:USDT,0.03507,33.0,0.03506,573.0,0.03513,1931.0,0.03515,423.0
1753533093525,12:31:33.525,BDXN/USDT:USDT,0.03507,33.0,0.03506,573.0,0.03513,1931.0,0.03516,1149.0
1753533093559,12:31:33.559,BDXN/USDT:USDT,0.03507,33.0,0.03506,573.0,0.03513,1931.0,0.03516,1149.0
1753533094025,12:31:34.025,BDXN/USDT:USDT,0.03507,33.0,0.03506,573.0,0.03512,432.0,0.03513,1931.0
1753533094030,12:31:34.030,BDXN/USDT:USDT,0.03507,50.0,0.03506,573.0,0.03512,449.0,0.03513,1931.0
1753533094526,12:31:34.526,BDXN/USDT:USDT,0.03507,50.0,0.03506,573.0,0.03512,449.0,0.03513,1931.0
1753533094835,12:31:34.835,BDXN/USDT:USDT,0.03507,50.0,0.03506,573.0,0.03512,449.0,0.03513,1931.0
1753533095664,12:31:35.664,BDXN/USDT:USDT,0.03507,33.0,0.03506,573.0,0.03512,449.0,0.03513,1931.0
1753533097444,12:31:37.444,BDXN/USDT:USDT,0.03507,50.0,0.03506,573.0,0.03512,17.0,0.03513,1931.0
1753533097906,12:31:37.906,BDXN/USDT:USDT,0.03507,50.0,0.03503,1579.0,0.03512,17.0,0.03513,1931.0
1753533098078,12:31:38.078,BDXN/USDT:USDT,0.03507,16.0,0.03503,1579.0,0.03512,17.0,0.03513,1931.0
1753533098137,12:31:38.137,BDXN/USDT:USDT,0.03504,16.0,0.03503,1579.0,0.03512,17.0,0.03513,1931.0
1753533098477,12:31:38.477,BDXN/USDT:USDT,0.03504,16.0,0.03503,1579.0,0.03512,17.0,0.03513,1931.0
1753533099121,12:31:39.121,BDXN/USDT:USDT,0.03504,16.0,0.03503,1579.0,0.03512,1163.0,0.03513,1931.0
1753533099161,12:31:39.161,BDXN/USDT:USDT,0.03504,16.0,0.03503,1579.0,0.03512,1163.0,0.03513,1931.0
1753533099760,12:31:39.760,BDXN/USDT:USDT,0.03504,16.0,0.03503,1579.0,0.03512,1163.0,0.03513,1931.0
1753533103103,12:31:43.103,BDXN/USDT:USDT,0.03504,16.0,0.03503,1579.0,0.03512,1582.0,0.03513,1931.0
1753533103604,12:31:43.604,BDXN/USDT:USDT,0.03504,16.0,0.03503,1579.0,0.03512,1582.0,0.03513,1931.0
1753533104103,12:31:44.103,BDXN/USDT:USDT,0.03504,16.0,0.03503,1579.0,0.03512,1582.0,0.03513,1931.0
1753533108104,12:31:48.104,BDXN/USDT:USDT,0.03504,16.0,0.03503,1579.0,0.03512,1582.0,0.03513,1505.0
1753533108607,12:31:48.607,BDXN/USDT:USDT,0.03504,16.0,0.03503,1579.0,0.03511,438.0,0.03512,1582.0
1753533108667,12:31:48.667,BDXN/USDT:USDT,0.03504,16.0,0.03503,1579.0,0.03511,1926.0,0.03512,1582.0
1753533108743,12:31:48.743,BDXN/USDT:USDT,0.03504,16.0,0.03503,1579.0,0.03511,1926.0,0.03512,1582.0
1753533117649,12:31:57.649,BDXN/USDT:USDT,0.03504,16.0,0.03503,1146.0,0.03511,1926.0,0.03512,1582.0
1753533118212,12:31:58.212,BDXN/USDT:USDT,0.03504,16.0,0.03503,1146.0,0.03511,1926.0,0.03512,1582.0
1753533118712,12:31:58.712,BDXN/USDT:USDT,0.03504,16.0,0.03503,1146.0,0.03511,1926.0,0.03512,1582.0
1753533120413,12:32:00.413,BDXN/USDT:USDT,0.03506,590.0,0.03504,16.0,0.03512,1504.0,0.03516,1149.0
1753533120466,12:32:00.466,BDXN/USDT:USDT,0.03507,16.0,0.03506,590.0,0.03512,17.0,0.03513,1487.0
1753533121025,12:32:01.025,BDXN/USDT:USDT,0.03507,16.0,0.03506,590.0,0.03512,34.0,0.03513,1487.0
1753533121441,12:32:01.441,BDXN/USDT:USDT,0.03507,16.0,0.03506,590.0,0.03512,34.0,0.03513,1487.0
1753533122624,12:32:02.624,BDXN/USDT:USDT,0.03507,16.0,0.03506,573.0,0.03512,34.0,0.03513,1487.0
1753533122642,12:32:02.642,BDXN/USDT:USDT,0.03507,16.0,0.03503,1146.0,0.03512,34.0,0.03513,1487.0
1753533122778,12:32:02.778,BDXN/USDT:USDT,0.03506,573.0,0.03504,16.0,0.03512,34.0,0.03513,1487.0
1753533122837,12:32:02.837,BDXN/USDT:USDT,0.03507,16.0,0.03506,573.0,0.03512,34.0,0.03513,1487.0
1753533123023,12:32:03.023,BDXN/USDT:USDT,0.03507,16.0,0.03506,573.0,0.03512,34.0,0.03513,1487.0
1753533123183,12:32:03.183,BDXN/USDT:USDT,0.03507,16.0,0.03506,573.0,0.03512,34.0,0.03513,1487.0
1753533123324,12:32:03.324,BDXN/USDT:USDT,0.03507,16.0,0.03506,573.0,0.03512,34.0,0.03513,1487.0
1753533123488,12:32:03.488,BDXN/USDT:USDT,0.03507,16.0,0.03506,573.0,0.03512,34.0,0.03513,1487.0
1753533123589,12:32:03.589,BDXN/USDT:USDT,0.03507,16.0,0.03506,573.0,0.03512,34.0,0.03513,1487.0
1753533123721,12:32:03.721,BDXN/USDT:USDT,0.03507,16.0,0.03506,573.0,0.03512,34.0,0.03513,1487.0
1753533123876,12:32:03.876,BDXN/USDT:USDT,0.03507,16.0,0.03506,573.0,0.03512,34.0,0.03513,1487.0
1753533130810,12:32:10.810,BDXN/USDT:USDT,0.03507,16.0,0.03503,1146.0,0.03512,1180.0,0.03513,1487.0
1753533130837,12:32:10.837,BDXN/USDT:USDT,0.03504,16.0,0.03503,1146.0,0.03512,1180.0,0.03513,1487.0
1753533131003,12:32:11.003,BDXN/USDT:USDT,0.03504,16.0,0.03503,1146.0,0.03512,1180.0,0.03513,1487.0
1753533131552,12:32:11.552,BDXN/USDT:USDT,0.03504,16.0,0.03503,1146.0,0.03512,1180.0,0.03513,1487.0
1753533131705,12:32:11.705,BDXN/USDT:USDT,0.03504,16.0,0.03503,1146.0,0.03512,1180.0,0.03513,1487.0
1753533134036,12:32:14.036,BDXN/USDT:USDT,0.03504,16.0,0.03503,1571.0,0.03512,1180.0,0.03513,1909.0
1753533135315,12:32:15.315,BDXN/USDT:USDT,0.03504,16.0,0.03503,1571.0,0.03512,1180.0,0.03513,1909.0
1753533135492,12:32:15.492,BDXN/USDT:USDT,0.03506,573.0,0.03504,16.0,0.03512,34.0,0.03513,1909.0
1753533135539,12:32:15.539,BDXN/USDT:USDT,0.03507,16.0,0.03506,573.0,0.03512,34.0,0.03513,1487.0
1753533136801,12:32:16.801,BDXN/USDT:USDT,0.03507,16.0,0.03506,573.0,0.03512,34.0,0.03513,1487.0
1753533138786,12:32:18.786,BDXN/USDT:USDT,0.03507,16.0,0.03506,573.0,0.03512,34.0,0.03513,1487.0
1753533142125,12:32:22.125,BDXN/USDT:USDT,0.03507,16.0,0.03506,573.0,0.03512,34.0,0.03513,1907.0
1753533142628,12:32:22.628,BDXN/USDT:USDT,0.03507,16.0,0.03506,573.0,0.03512,34.0,0.03513,1907.0
1753533143683,12:32:23.683,BDXN/USDT:USDT,0.03507,16.0,0.03506,573.0,0.03512,34.0,0.03513,1907.0
1753533143787,12:32:23.787,BDXN/USDT:USDT,0.03507,16.0,0.03506,573.0,0.03512,34.0,0.03513,1907.0
1753533144287,12:32:24.287,BDXN/USDT:USDT,0.03507,16.0,0.03506,573.0,0.03512,34.0,0.03513,1907.0
1753533145199,12:32:25.199,BDXN/USDT:USDT,0.03507,16.0,0.03506,573.0,0.03512,34.0,0.03513,1907.0
1753533145625,12:32:25.625,BDXN/USDT:USDT,0.03507,33.0,0.03506,573.0,0.03512,34.0,0.03513,1907.0
1753533145627,12:32:25.627,BDXN/USDT:USDT,0.03507,50.0,0.03506,573.0,0.03512,34.0,0.03513,1907.0
1753533146857,12:32:26.857,BDXN/USDT:USDT,0.03507,50.0,0.03506,573.0,0.03512,34.0,0.03513,1907.0
1753533147329,12:32:27.329,BDXN/USDT:USDT,0.03507,50.0,0.03506,573.0,0.03512,34.0,0.03513,1907.0
1753533147626,12:32:27.626,BDXN/USDT:USDT,0.03507,50.0,0.03506,573.0,0.03512,34.0,0.03513,1907.0
1753533148126,12:32:28.126,BDXN/USDT:USDT,0.03507,50.0,0.03506,573.0,0.03512,466.0,0.03513,1907.0
1753533148528,12:32:28.528,BDXN/USDT:USDT,0.03507,50.0,0.03506,573.0,0.03512,466.0,0.03513,1907.0
1753533148939,12:32:28.939,BDXN/USDT:USDT,0.03507,50.0,0.03506,573.0,0.03512,34.0,0.03513,1907.0
1753533153199,12:32:33.199,BDXN/USDT:USDT,0.03507,50.0,0.03506,573.0,0.03512,34.0,0.03513,1907.0
1753533155091,12:32:35.091,BDXN/USDT:USDT,0.03507,50.0,0.03506,573.0,0.03512,34.0,0.03513,1907.0
1753533158021,12:32:38.021,BDXN/USDT:USDT,0.03507,50.0,0.03506,573.0,0.03512,460.0,0.03513,1907.0
1753533176216,12:32:56.216,BDXN/USDT:USDT,0.03507,50.0,0.03506,573.0,0.03512,460.0,0.03513,1907.0
1753533178027,12:32:58.027,BDXN/USDT:USDT,0.03507,50.0,0.03506,573.0,0.03512,460.0,0.03513,1907.0
1753533180500,12:33:00.500,BDXN/USDT:USDT,0.03507,50.0,0.03506,573.0,0.03512,34.0,0.03513,1907.0
1753533188002,12:33:08.002,BDXN/USDT:USDT,0.03507,50.0,0.03506,573.0,0.03512,34.0,0.03513,1907.0
1753533188518,12:33:08.518,BDXN/USDT:USDT,0.03507,1196.0,0.03506,573.0,0.03512,17.0,0.03513,1907.0
1753533189160,12:33:09.160,BDXN/USDT:USDT,0.03507,1196.0,0.03506,573.0,0.03512,17.0,0.03513,1487.0
1753533189575,12:33:09.575,BDXN/USDT:USDT,0.03507,1196.0,0.03506,573.0,0.03512,17.0,0.03513,1487.0
1753533190316,12:33:10.316,BDXN/USDT:USDT,0.03507,1196.0,0.03506,573.0,0.03512,17.0,0.03513,1487.0
1753533192142,12:33:12.142,BDXN/USDT:USDT,0.03507,1196.0,0.03506,573.0,0.03512,17.0,0.03513,1487.0
1753533193153,12:33:13.153,BDXN/USDT:USDT,0.03507,1196.0,0.03506,573.0,0.03512,17.0,0.03513,1487.0
1753533193661,12:33:13.661,BDXN/USDT:USDT,0.03507,1196.0,0.03506,573.0,0.03512,17.0,0.03513,1487.0
1753533194022,12:33:14.022,BDXN/USDT:USDT,0.03507,1196.0,0.03506,573.0,0.03513,1487.0,0.03514,420.0
1753533194121,12:33:14.121,BDXN/USDT:USDT,0.03511,573.0,0.03507,1179.0,0.03516,3.0,0.03521,1146.0
1753533194206,12:33:14.206,BDXN/USDT:USDT,0.03511,590.0,0.03507,1162.0,0.03516,3.0,0.03521,1146.0
1753533194263,12:33:14.263,BDXN/USDT:USDT,0.03511,590.0,0.03507,1162.0,0.03516,3.0,0.03521,1146.0
1753533194447,12:33:14.447,BDXN/USDT:USDT,0.03511,590.0,0.03507,1162.0,0.03516,3.0,0.03521,1146.0
1753533194730,12:33:14.730,BDXN/USDT:USDT,0.03511,590.0,0.03507,1162.0,0.03516,3.0,0.0352,431.0
1753533194899,12:33:14.899,BDXN/USDT:USDT,0.03511,607.0,0.03507,1162.0,0.03516,3.0,0.0352,431.0
1753533195059,12:33:15.059,BDXN/USDT:USDT,0.03511,607.0,0.03507,1162.0,0.03516,3.0,0.0352,431.0
1753533195140,12:33:15.140,BDXN/USDT:USDT,0.03511,607.0,0.03507,1162.0,0.03516,3.0,0.0352,431.0
1753533195709,12:33:15.709,BDXN/USDT:USDT,0.03511,607.0,0.03507,1162.0,0.03516,3.0,0.0352,431.0
1753533196130,12:33:16.130,BDXN/USDT:USDT,0.03511,607.0,0.03507,1162.0,0.03516,3.0,0.0352,431.0
1753533197169,12:33:17.169,BDXN/USDT:USDT,0.03511,607.0,0.03507,1162.0,0.03516,3.0,0.0352,431.0
1753533198806,12:33:18.806,BDXN/USDT:USDT,0.03511,607.0,0.03507,1162.0,0.03516,3.0,0.0352,431.0
1753533198962,12:33:18.962,BDXN/USDT:USDT,0.03511,607.0,0.03507,1162.0,0.03516,3.0,0.0352,431.0
1753533199561,12:33:19.561,BDXN/USDT:USDT,0.03511,607.0,0.03507,1162.0,0.03516,3.0,0.0352,431.0
1753533200061,12:33:20.061,BDXN/USDT:USDT,0.03511,607.0,0.03507,1162.0,0.03516,3.0,0.0352,431.0
1753533200584,12:33:20.584,BDXN/USDT:USDT,0.03512,425.0,0.03511,607.0,0.03516,3.0,0.0352,431.0
1753533200638,12:33:20.638,BDXN/USDT:USDT,0.03512,425.0,0.03511,607.0,0.03516,3.0,0.0352,431.0
1753533201809,12:33:21.809,BDXN/USDT:USDT,0.03512,425.0,0.03511,607.0,0.03516,3.0,0.0352,431.0
1753533202317,12:33:22.317,BDXN/USDT:USDT,0.03512,425.0,0.03511,607.0,0.03524,1576.0,0.03527,1151.0
1753533202400,12:33:22.400,BDXN/USDT:USDT,0.03512,425.0,0.03511,607.0,0.03524,1576.0,0.03527,1151.0
1753533202489,12:33:22.489,BDXN/USDT:USDT,0.03512,425.0,0.03511,607.0,0.03524,1576.0,0.03527,1151.0
1753533202529,12:33:22.529,BDXN/USDT:USDT,0.03512,425.0,0.03511,607.0,0.03524,1576.0,0.03527,1151.0
1753533202715,12:33:22.715,BDXN/USDT:USDT,0.03512,425.0,0.03511,607.0,0.03524,1576.0,0.03527,1151.0
1753533203808,12:33:23.808,BDXN/USDT:USDT,0.03512,425.0,0.03511,607.0,0.03523,573.0,0.03524,1576.0
1753533203929,12:33:23.929,BDXN/USDT:USDT,0.03512,425.0,0.03511,607.0,0.03523,573.0,0.03524,1576.0
1753533204761,12:33:24.761,BDXN/USDT:USDT,0.03512,425.0,0.03511,607.0,0.03523,573.0,0.03524,1576.0
1753533205488,12:33:25.488,BDXN/USDT:USDT,0.03512,425.0,0.03511,607.0,0.03524,1576.0,0.03527,1151.0
1753533205598,12:33:25.598,BDXN/USDT:USDT,0.03512,425.0,0.03511,607.0,0.03524,1576.0,0.03527,1151.0
1753533207099,12:33:27.099,BDXN/USDT:USDT,0.03511,607.0,0.03508,3.0,0.03524,1576.0,0.03527,1151.0
1753533207622,12:33:27.622,BDXN/USDT:USDT,0.03515,434.0,0.03511,573.0,0.03524,1576.0,0.03527,1151.0
1753533207704,12:33:27.704,BDXN/USDT:USDT,0.03515,434.0,0.03511,589.0,0.03524,1576.0,0.03527,1151.0
1753533207748,12:33:27.748,BDXN/USDT:USDT,0.03515,434.0,0.03511,589.0,0.03524,1576.0,0.03527,1151.0
1753533208819,12:33:28.819,BDXN/USDT:USDT,0.03516,573.0,0.03515,434.0,0.03524,1576.0,0.03527,1151.0
1753533208872,12:33:28.872,BDXN/USDT:USDT,0.03516,573.0,0.03515,434.0,0.03524,1576.0,0.03527,1151.0
1753533209310,12:33:29.310,BDXN/USDT:USDT,0.03516,573.0,0.03515,434.0,0.03524,1576.0,0.03527,1151.0
1753533209693,12:33:29.693,BDXN/USDT:USDT,0.03516,573.0,0.03515,434.0,0.03524,1576.0,0.03527,1151.0
1753533211883,12:33:31.883,BDXN/USDT:USDT,0.03516,573.0,0.03515,434.0,0.03524,1576.0,0.03527,1151.0
1753533212175,12:33:32.175,BDXN/USDT:USDT,0.03516,573.0,0.03515,434.0,0.03524,1576.0,0.03527,1151.0
1753533212602,12:33:32.602,BDXN/USDT:USDT,0.03516,573.0,0.03515,434.0,0.03523,432.0,0.03524,3059.0
1753533212634,12:33:32.634,BDXN/USDT:USDT,0.03516,573.0,0.03515,450.0,0.03523,432.0,0.03524,3059.0
1753533212925,12:33:32.925,BDXN/USDT:USDT,0.03516,573.0,0.03515,450.0,0.03523,432.0,0.03524,3059.0
1753533213338,12:33:33.338,BDXN/USDT:USDT,0.03516,573.0,0.03515,450.0,0.03523,432.0,0.03524,3059.0
1753533213754,12:33:33.754,BDXN/USDT:USDT,0.03516,573.0,0.03515,450.0,0.03523,432.0,0.03524,3059.0
1753533220712,12:33:40.712,BDXN/USDT:USDT,0.03516,573.0,0.03515,450.0,0.03523,432.0,0.03524,3059.0
1753533220792,12:33:40.792,BDXN/USDT:USDT,0.03516,573.0,0.03515,450.0,0.03523,432.0,0.03524,3059.0
1753533221672,12:33:41.672,BDXN/USDT:USDT,0.03516,573.0,0.03515,450.0,0.03523,432.0,0.03524,3059.0
1753533221788,12:33:41.788,BDXN/USDT:USDT,0.03516,573.0,0.03515,450.0,0.03523,432.0,0.03524,3059.0
1753533224259,12:33:44.259,BDXN/USDT:USDT,0.03516,573.0,0.03515,450.0,0.03524,3059.0,0.03527,1151.0
1753533224382,12:33:44.382,BDXN/USDT:USDT,0.03516,573.0,0.03515,450.0,0.03524,3059.0,0.03527,1151.0
1753533224633,12:33:44.633,BDXN/USDT:USDT,0.03516,573.0,0.03515,450.0,0.03524,3059.0,0.03527,1151.0
1753533224756,12:33:44.756,BDXN/USDT:USDT,0.03516,573.0,0.03515,450.0,0.03524,3059.0,0.03527,1151.0
1753533227361,12:33:47.361,BDXN/USDT:USDT,0.03516,573.0,0.03515,450.0,0.03524,3059.0,0.03527,1151.0
1753533229526,12:33:49.526,BDXN/USDT:USDT,0.03516,573.0,0.03515,450.0,0.03524,3.0,0.03527,5.0
1753533229611,12:33:49.611,BDXN/USDT:USDT,0.03516,573.0,0.03515,450.0,0.03524,3.0,0.03527,427.0
1753533229691,12:33:49.691,BDXN/USDT:USDT,0.03516,573.0,0.03515,450.0,0.03524,3.0,0.03527,427.0
1753533229876,12:33:49.876,BDXN/USDT:USDT,0.03516,573.0,0.03515,450.0,0.03524,3.0,0.03527,427.0
1753533230087,12:33:50.087,BDXN/USDT:USDT,0.03516,573.0,0.03515,450.0,0.03524,3.0,0.03527,427.0
1753533230728,12:33:50.728,BDXN/USDT:USDT,0.03516,573.0,0.03515,450.0,0.03524,3.0,0.03526,573.0
1753533230964,12:33:50.964,BDXN/USDT:USDT,0.03516,573.0,0.03515,450.0,0.03524,3.0,0.03526,573.0
1753533231900,12:33:51.900,BDXN/USDT:USDT,0.03516,573.0,0.03515,450.0,0.03524,3.0,0.03526,573.0
1753533232267,12:33:52.267,BDXN/USDT:USDT,0.03516,573.0,0.03515,450.0,0.03524,3.0,0.03526,573.0
1753533233668,12:33:53.668,BDXN/USDT:USDT,0.03516,995.0,0.03515,450.0,0.03524,3.0,0.03526,1002.0
1753533234316,12:33:54.316,BDXN/USDT:USDT,0.03516,995.0,0.03515,450.0,0.03524,3.0,0.03526,1002.0
1753533234668,12:33:54.668,BDXN/USDT:USDT,0.03516,995.0,0.03515,450.0,0.03524,3.0,0.03526,1002.0
1753533235111,12:33:55.111,BDXN/USDT:USDT,0.03516,995.0,0.03515,450.0,0.03524,3.0,0.03526,1002.0
1753533235168,12:33:55.168,BDXN/USDT:USDT,0.03516,995.0,0.03515,450.0,0.03524,3.0,0.03526,1002.0
1753533236157,12:33:56.157,BDXN/USDT:USDT,0.03516,995.0,0.03515,450.0,0.03524,3.0,0.03526,1002.0
1753533238670,12:33:58.670,BDXN/USDT:USDT,0.03516,995.0,0.03515,16.0,0.03524,3.0,0.03526,1002.0
1753533239169,12:33:59.169,BDXN/USDT:USDT,0.03517,431.0,0.03516,995.0,0.03524,3.0,0.03526,1002.0
1753533239238,12:33:59.238,BDXN/USDT:USDT,0.03517,447.0,0.03516,995.0,0.03524,3.0,0.03526,1002.0
1753533239701,12:33:59.701,BDXN/USDT:USDT,0.03517,1593.0,0.03516,995.0,0.03524,3.0,0.03525,1482.0
1753533240754,12:34:00.754,BDXN/USDT:USDT,0.03517,1593.0,0.03516,995.0,0.03524,3.0,0.03525,1482.0
1753533243015,12:34:03.015,BDXN/USDT:USDT,0.03517,1162.0,0.03516,995.0,0.03524,1149.0,0.03525,1482.0
1753533244118,12:34:04.118,BDXN/USDT:USDT,0.03517,1162.0,0.03516,573.0,0.03524,1149.0,0.03525,1482.0
1753533244189,12:34:04.189,BDXN/USDT:USDT,0.03517,1162.0,0.03516,573.0,0.03524,1149.0,0.03525,1482.0
1753533244287,12:34:04.287,BDXN/USDT:USDT,0.03517,1162.0,0.03516,573.0,0.03524,1149.0,0.03525,1482.0
1753533247619,12:34:07.619,BDXN/USDT:USDT,0.03517,1162.0,0.03516,573.0,0.03524,1149.0,0.03525,1482.0
1753533248024,12:34:08.024,BDXN/USDT:USDT,0.03517,1162.0,0.03516,573.0,0.03524,1149.0,0.03525,1482.0
1753533248119,12:34:08.119,BDXN/USDT:USDT,0.03517,1162.0,0.03516,573.0,0.03524,1149.0,0.03525,1482.0
1753533248624,12:34:08.624,BDXN/USDT:USDT,0.03517,1179.0,0.03516,573.0,0.03523,443.0,0.03524,1149.0
1753533248819,12:34:08.819,BDXN/USDT:USDT,0.03517,1179.0,0.03516,573.0,0.03523,443.0,0.03524,1149.0
1753533249652,12:34:09.652,BDXN/USDT:USDT,0.03517,1179.0,0.03516,573.0,0.03523,443.0,0.03524,1149.0
1753533249760,12:34:09.760,BDXN/USDT:USDT,0.03517,1179.0,0.03516,573.0,0.03523,1926.0,0.03524,1149.0
1753533250001,12:34:10.001,BDXN/USDT:USDT,0.03517,16.0,0.03514,1146.0,0.03523,1926.0,0.03524,1149.0
1753533250077,12:34:10.077,BDXN/USDT:USDT,0.03512,16.0,0.03511,573.0,0.03523,1926.0,0.03524,1149.0
1753533250133,12:34:10.133,BDXN/USDT:USDT,0.03511,589.0,0.0351,1146.0,0.03523,1926.0,0.03524,1149.0
1753533250255,12:34:10.255,BDXN/USDT:USDT,0.03511,589.0,0.0351,1146.0,0.03523,1926.0,0.03524,1149.0
1753533250893,12:34:10.893,BDXN/USDT:USDT,0.03511,589.0,0.0351,1146.0,0.03523,1926.0,0.03524,1149.0
1753533251785,12:34:11.785,BDXN/USDT:USDT,0.03512,420.0,0.03511,589.0,0.03523,1926.0,0.03524,1149.0
1753533252263,12:34:12.263,BDXN/USDT:USDT,0.03512,420.0,0.03511,589.0,0.03523,1926.0,0.03524,1149.0
1753533252938,12:34:12.938,BDXN/USDT:USDT,0.03512,420.0,0.03511,589.0,0.03523,1926.0,0.03524,1149.0
1753533256459,12:34:16.459,BDXN/USDT:USDT,0.03513,422.0,0.03512,420.0,0.03522,425.0,0.03523,1926.0
1753533256695,12:34:16.695,BDXN/USDT:USDT,0.03513,422.0,0.03512,420.0,0.03522,425.0,0.03523,1926.0
1753533256959,12:34:16.959,BDXN/USDT:USDT,0.03513,422.0,0.03512,420.0,0.03522,425.0,0.03523,1926.0
1753533257083,12:34:17.083,BDXN/USDT:USDT,0.03513,422.0,0.03512,420.0,0.03522,425.0,0.03523,1926.0
1753533257460,12:34:17.460,BDXN/USDT:USDT,0.03513,422.0,0.03512,420.0,0.03522,425.0,0.03523,1926.0
1753533257924,12:34:17.924,BDXN/USDT:USDT,0.03513,422.0,0.03512,420.0,0.03522,425.0,0.03523,1926.0
1753533257927,12:34:17.927,BDXN/USDT:USDT,0.03513,422.0,0.03512,420.0,0.03522,425.0,0.03523,1926.0
1753533260274,12:34:20.274,BDXN/USDT:USDT,0.03513,422.0,0.03512,420.0,0.03522,425.0,0.03523,1926.0
1753533260753,12:34:20.753,BDXN/USDT:USDT,0.03513,422.0,0.03512,420.0,0.03522,425.0,0.03523,1926.0
1753533262274,12:34:22.274,BDXN/USDT:USDT,0.03513,422.0,0.03512,420.0,0.03522,425.0,0.03523,1926.0
1753533263297,12:34:23.297,BDXN/USDT:USDT,0.03513,1568.0,0.03512,420.0,0.03523,1909.0,0.03524,1149.0
1753533263406,12:34:23.406,BDXN/USDT:USDT,0.03516,573.0,0.03514,16.0,0.03523,1483.0,0.03524,1149.0
1753533263509,12:34:23.509,BDXN/USDT:USDT,0.03516,573.0,0.03514,16.0,0.03523,1483.0,0.03524,1149.0
1753533263591,12:34:23.591,BDXN/USDT:USDT,0.03516,573.0,0.03514,16.0,0.03523,1483.0,0.03524,1149.0
1753533263921,12:34:23.921,BDXN/USDT:USDT,0.03516,573.0,0.03514,16.0,0.03524,1149.0,0.03526,573.0
1753533263929,12:34:23.929,BDXN/USDT:USDT,0.03516,573.0,0.03514,16.0,0.03524,1149.0,0.03525,1483.0
1753533264030,12:34:24.030,BDXN/USDT:USDT,0.03516,573.0,0.03514,16.0,0.03524,1149.0,0.03525,1483.0
1753533264887,12:34:24.887,BDXN/USDT:USDT,0.03516,573.0,0.03514,16.0,0.03524,1149.0,0.03525,1483.0
1753533264980,12:34:24.980,BDXN/USDT:USDT,0.03516,573.0,0.03514,16.0,0.03524,1149.0,0.03525,1903.0
1753533265313,12:34:25.313,BDXN/USDT:USDT,0.03516,573.0,0.03514,16.0,0.03524,1149.0,0.03525,1903.0
1753533266349,12:34:26.349,BDXN/USDT:USDT,0.03516,573.0,0.03514,16.0,0.03524,1149.0,0.03525,1903.0
1753533268272,12:34:28.272,BDXN/USDT:USDT,0.03516,573.0,0.03514,16.0,0.03524,1149.0,0.03525,1903.0
1753533269559,12:34:29.559,BDXN/USDT:USDT,0.03516,573.0,0.03514,16.0,0.03524,1149.0,0.03525,1903.0
1753533269757,12:34:29.757,BDXN/USDT:USDT,0.03516,573.0,0.03514,16.0,0.03524,1149.0,0.03525,1903.0
1753533270059,12:34:30.059,BDXN/USDT:USDT,0.03516,573.0,0.03514,442.0,0.03524,1149.0,0.03525,1903.0
1753533271350,12:34:31.350,BDXN/USDT:USDT,0.03516,573.0,0.03514,442.0,0.03524,1149.0,0.03525,1903.0
1753533271850,12:34:31.850,BDXN/USDT:USDT,0.03516,573.0,0.03514,442.0,0.03524,1149.0,0.03525,1903.0
1753533276018,12:34:36.018,BDXN/USDT:USDT,0.03516,573.0,0.03514,442.0,0.03524,1149.0,0.03525,1903.0
1753533276176,12:34:36.176,BDXN/USDT:USDT,0.03516,573.0,0.03514,16.0,0.03524,1178.0,0.03525,1903.0
1753533276274,12:34:36.274,BDXN/USDT:USDT,0.03516,573.0,0.03514,16.0,0.03524,1149.0,0.03525,1903.0
1753533276413,12:34:36.413,BDXN/USDT:USDT,0.03516,573.0,0.03514,16.0,0.03524,1178.0,0.03525,1903.0
1753533276485,12:34:36.485,BDXN/USDT:USDT,0.03516,573.0,0.03514,16.0,0.03524,1149.0,0.03525,1903.0
1753533276562,12:34:36.562,BDXN/USDT:USDT,0.03516,573.0,0.03514,16.0,0.03524,1178.0,0.03525,1903.0
1753533276634,12:34:36.634,BDXN/USDT:USDT,0.03516,573.0,0.03514,16.0,0.03524,1149.0,0.03525,1903.0
1753533277014,12:34:37.014,BDXN/USDT:USDT,0.03516,573.0,0.03514,16.0,0.03524,1178.0,0.03525,1903.0
1753533277088,12:34:37.088,BDXN/USDT:USDT,0.03516,573.0,0.03514,16.0,0.03524,1149.0,0.03525,1903.0
1753533277213,12:34:37.213,BDXN/USDT:USDT,0.03516,573.0,0.03514,16.0,0.03524,1178.0,0.03525,1903.0
1753533277285,12:34:37.285,BDXN/USDT:USDT,0.03516,573.0,0.03514,16.0,0.03524,1149.0,0.03525,1903.0
1753533277412,12:34:37.412,BDXN/USDT:USDT,0.03516,573.0,0.03514,16.0,0.03524,1178.0,0.03525,1903.0
1753533277485,12:34:37.485,BDXN/USDT:USDT,0.03516,573.0,0.03514,16.0,0.03524,1149.0,0.03525,1903.0
1753533277594,12:34:37.594,BDXN/USDT:USDT,0.03516,573.0,0.03514,16.0,0.03524,1178.0,0.03525,1903.0
1753533277666,12:34:37.666,BDXN/USDT:USDT,0.03516,573.0,0.03514,16.0,0.03524,1149.0,0.03525,1903.0
1753533278216,12:34:38.216,BDXN/USDT:USDT,0.03516,573.0,0.03514,16.0,0.03524,1178.0,0.03525,1903.0
1753533278288,12:34:38.288,BDXN/USDT:USDT,0.03516,573.0,0.03514,16.0,0.03524,1149.0,0.03525,1903.0
1753533278825,12:34:38.825,BDXN/USDT:USDT,0.03516,573.0,0.03514,16.0,0.03524,1149.0,0.03525,1903.0
1753533279013,12:34:39.013,BDXN/USDT:USDT,0.03516,573.0,0.03514,16.0,0.03524,1178.0,0.03525,1903.0
1753533279085,12:34:39.085,BDXN/USDT:USDT,0.03516,573.0,0.03514,16.0,0.03524,1149.0,0.03525,1903.0
1753533279214,12:34:39.214,BDXN/USDT:USDT,0.03516,573.0,0.03514,16.0,0.03524,1178.0,0.03525,1903.0
1753533279286,12:34:39.286,BDXN/USDT:USDT,0.03516,573.0,0.03514,16.0,0.03524,1149.0,0.03525,1903.0
1753533280022,12:34:40.022,BDXN/USDT:USDT,0.03516,573.0,0.03514,16.0,0.03524,1149.0,0.03525,1903.0
1753533280224,12:34:40.224,BDXN/USDT:USDT,0.03516,573.0,0.03514,16.0,0.03524,1178.0,0.03525,1903.0
1753533280288,12:34:40.288,BDXN/USDT:USDT,0.03516,573.0,0.03514,16.0,0.03524,1149.0,0.03525,1903.0
1753533280394,12:34:40.394,BDXN/USDT:USDT,0.03516,573.0,0.03514,16.0,0.03524,1178.0,0.03525,1903.0
1753533280466,12:34:40.466,BDXN/USDT:USDT,0.03516,573.0,0.03514,16.0,0.03524,1149.0,0.03525,1903.0
1753533280915,12:34:40.915,BDXN/USDT:USDT,0.03516,573.0,0.03514,16.0,0.03524,1178.0,0.03525,1903.0
1753533280992,12:34:40.992,BDXN/USDT:USDT,0.03516,573.0,0.03514,16.0,0.03524,1149.0,0.03525,1903.0
1753533281177,12:34:41.177,BDXN/USDT:USDT,0.03516,573.0,0.03514,16.0,0.03524,1178.0,0.03525,1903.0
1753533281250,12:34:41.250,BDXN/USDT:USDT,0.03516,573.0,0.03514,16.0,0.03524,1149.0,0.03525,1903.0
1753533281415,12:34:41.415,BDXN/USDT:USDT,0.03516,573.0,0.03514,16.0,0.03524,1178.0,0.03525,1903.0
1753533281487,12:34:41.487,BDXN/USDT:USDT,0.03516,573.0,0.03514,16.0,0.03524,1149.0,0.03525,1903.0
1753533281614,12:34:41.614,BDXN/USDT:USDT,0.03516,573.0,0.03514,16.0,0.03524,1178.0,0.03525,1903.0
1753533281686,12:34:41.686,BDXN/USDT:USDT,0.03516,573.0,0.03514,16.0,0.03524,1149.0,0.03525,1903.0
1753533281763,12:34:41.763,BDXN/USDT:USDT,0.03516,573.0,0.03514,16.0,0.03524,1178.0,0.03525,1903.0
1753533281914,12:34:41.914,BDXN/USDT:USDT,0.03516,573.0,0.03514,16.0,0.03524,1178.0,0.03525,1903.0
1753533281986,12:34:41.986,BDXN/USDT:USDT,0.03516,573.0,0.03514,16.0,0.03524,1149.0,0.03525,1903.0
1753533282213,12:34:42.213,BDXN/USDT:USDT,0.03516,573.0,0.03514,16.0,0.03524,1178.0,0.03525,1903.0
1753533282285,12:34:42.285,BDXN/USDT:USDT,0.03516,573.0,0.03514,16.0,0.03524,1149.0,0.03525,1903.0
1753533283324,12:34:43.324,BDXN/USDT:USDT,0.03516,573.0,0.03514,435.0,0.03523,424.0,0.03524,1149.0
1753533283371,12:34:43.371,BDXN/USDT:USDT,0.03516,573.0,0.03514,435.0,0.03523,1907.0,0.03524,1149.0
1753533283864,12:34:43.864,BDXN/USDT:USDT,0.03516,573.0,0.03514,435.0,0.03523,1907.0,0.03524,1149.0
1753533284825,12:34:44.825,BDXN/USDT:USDT,0.03516,573.0,0.03514,435.0,0.03523,1907.0,0.03524,1149.0
1753533285098,12:34:45.098,BDXN/USDT:USDT,0.03516,573.0,0.03514,435.0,0.03523,1907.0,0.03524,1149.0
1753533285325,12:34:45.325,BDXN/USDT:USDT,0.03516,573.0,0.03514,435.0,0.03523,1907.0,0.03524,1149.0
1753533286381,12:34:46.381,BDXN/USDT:USDT,0.03516,573.0,0.03514,435.0,0.03523,1907.0,0.03524,1149.0
1753533286464,12:34:46.464,BDXN/USDT:USDT,0.03516,573.0,0.03514,435.0,0.03523,1907.0,0.03524,1149.0
1753533286700,12:34:46.700,BDXN/USDT:USDT,0.03516,573.0,0.03514,435.0,0.03523,1907.0,0.03524,1149.0
1753533286745,12:34:46.745,BDXN/USDT:USDT,0.03516,573.0,0.03514,435.0,0.03523,1907.0,0.03524,1149.0
1753533286915,12:34:46.915,BDXN/USDT:USDT,0.03516,573.0,0.03514,435.0,0.03523,1907.0,0.03524,1149.0
1753533286976,12:34:46.976,BDXN/USDT:USDT,0.03516,573.0,0.03514,435.0,0.03523,1907.0,0.03524,1149.0
1753533288325,12:34:48.325,BDXN/USDT:USDT,0.03516,573.0,0.03514,435.0,0.03523,1907.0,0.03524,1149.0
1753533288329,12:34:48.329,BDXN/USDT:USDT,0.03516,573.0,0.03514,435.0,0.03523,1907.0,0.03524,1149.0
1753533288825,12:34:48.825,BDXN/USDT:USDT,0.03516,573.0,0.03515,428.0,0.03523,1907.0,0.03524,1149.0
1753533288907,12:34:48.907,BDXN/USDT:USDT,0.03516,573.0,0.03515,428.0,0.03523,1483.0,0.03524,1149.0
1753533289935,12:34:49.935,BDXN/USDT:USDT,0.03516,573.0,0.03515,428.0,0.03523,1483.0,0.03524,1149.0
1753533290371,12:34:50.371,BDXN/USDT:USDT,0.03516,573.0,0.03515,428.0,0.03523,1483.0,0.03524,1149.0
1753533291381,12:34:51.381,BDXN/USDT:USDT,0.03516,573.0,0.03515,428.0,0.03523,1483.0,0.03524,1149.0
1753533291430,12:34:51.430,BDXN/USDT:USDT,0.03516,573.0,0.03515,428.0,0.03523,1483.0,0.03524,1149.0
1753533292368,12:34:52.368,BDXN/USDT:USDT,0.03516,573.0,0.03515,428.0,0.03523,1483.0,0.03524,1149.0
1753533293909,12:34:53.909,BDXN/USDT:USDT,0.03516,573.0,0.03515,428.0,0.03523,1483.0,0.03524,1571.0
1753533294380,12:34:54.380,BDXN/USDT:USDT,0.03516,573.0,0.03515,428.0,0.03523,1483.0,0.03524,1571.0
1753533295366,12:34:55.366,BDXN/USDT:USDT,0.03516,1719.0,0.03515,428.0,0.03523,1483.0,0.03524,3.0
1753533295458,12:34:55.458,BDXN/USDT:USDT,0.03517,13.0,0.03516,1719.0,0.03523,1483.0,0.03524,3.0
1753533295997,12:34:55.997,BDXN/USDT:USDT,0.03517,13.0,0.03516,1719.0,0.03523,1483.0,0.03524,3.0
1753533299369,12:34:59.369,BDXN/USDT:USDT,0.03517,13.0,0.03516,1719.0,0.03523,1483.0,0.03524,3.0
1753533300057,12:35:00.057,BDXN/USDT:USDT,0.03517,13.0,0.03516,1719.0,0.03524,3.0,0.03525,1902.0
1753533300389,12:35:00.389,BDXN/USDT:USDT,0.03517,13.0,0.03516,1719.0,0.03524,3.0,0.03525,1482.0
1753533300807,12:35:00.807,BDXN/USDT:USDT,0.03517,13.0,0.03516,1719.0,0.03524,3.0,0.03525,1482.0
1753533300858,12:35:00.858,BDXN/USDT:USDT,0.03517,13.0,0.03516,1719.0,0.03524,3.0,0.03525,1482.0
1753533301325,12:35:01.325,BDXN/USDT:USDT,0.03517,13.0,0.03516,1719.0,0.03524,3.0,0.03525,1482.0
1753533301757,12:35:01.757,BDXN/USDT:USDT,0.03517,13.0,0.03516,1719.0,0.03524,32.0,0.03525,1482.0
1753533301828,12:35:01.828,BDXN/USDT:USDT,0.03517,13.0,0.03516,1719.0,0.03524,3.0,0.03525,1482.0
1753533302254,12:35:02.254,BDXN/USDT:USDT,0.03517,13.0,0.03516,1719.0,0.03524,32.0,0.03525,1482.0
1753533302326,12:35:02.326,BDXN/USDT:USDT,0.03517,13.0,0.03516,1719.0,0.03524,3.0,0.03525,1482.0
1753533302427,12:35:02.427,BDXN/USDT:USDT,0.03517,13.0,0.03516,1719.0,0.03524,3.0,0.03525,1482.0
1753533302903,12:35:02.903,BDXN/USDT:USDT,0.03517,13.0,0.03516,1719.0,0.03524,3.0,0.03525,1482.0
1753533302927,12:35:02.927,BDXN/USDT:USDT,0.03517,13.0,0.03516,2151.0,0.03524,3.0,0.03525,1482.0
1753533303404,12:35:03.404,BDXN/USDT:USDT,0.03517,13.0,0.03516,2151.0,0.03524,3.0,0.03525,1482.0
1753533303716,12:35:03.716,BDXN/USDT:USDT,0.03517,13.0,0.03516,2151.0,0.03524,32.0,0.03525,1482.0
1753533303788,12:35:03.788,BDXN/USDT:USDT,0.03517,13.0,0.03516,2151.0,0.03524,3.0,0.03525,1482.0
1753533303921,12:35:03.921,BDXN/USDT:USDT,0.03517,19.0,0.03516,2151.0,0.03524,3.0,0.03527,5.0
1753533304937,12:35:04.937,BDXN/USDT:USDT,0.03517,19.0,0.03516,2151.0,0.03524,3.0,0.03527,5.0
1753533305519,12:35:05.519,BDXN/USDT:USDT,0.03517,19.0,0.03516,2151.0,0.03524,3.0,0.03527,1724.0
1753533305760,12:35:05.760,BDXN/USDT:USDT,0.03517,19.0,0.03516,2151.0,0.03524,3.0,0.03527,1724.0
1753533306107,12:35:06.107,BDXN/USDT:USDT,0.03517,19.0,0.03516,2151.0,0.03524,3.0,0.03527,1724.0
1753533309806,12:35:09.806,BDXN/USDT:USDT,0.03517,19.0,0.03516,2151.0,0.03524,3.0,0.03527,2142.0
1753533310307,12:35:10.307,BDXN/USDT:USDT,0.03517,448.0,0.03516,2151.0,0.03524,3.0,0.03527,2142.0
1753533310841,12:35:10.841,BDXN/USDT:USDT,0.03517,448.0,0.03516,2151.0,0.03524,3.0,0.03527,5.0
1753533311025,12:35:11.025,BDXN/USDT:USDT,0.03517,448.0,0.03516,2151.0,0.03524,3.0,0.03527,5.0
1753533311034,12:35:11.034,BDXN/USDT:USDT,0.03517,448.0,0.03516,2151.0,0.03524,3.0,0.03527,5.0
1753533311537,12:35:11.537,BDXN/USDT:USDT,0.03517,448.0,0.03516,2151.0,0.03524,3.0,0.03527,5.0
1753533311818,12:35:11.818,BDXN/USDT:USDT,0.03517,448.0,0.03516,2151.0,0.03524,3.0,0.03527,5.0
1753533314441,12:35:14.441,BDXN/USDT:USDT,0.03517,448.0,0.03516,2151.0,0.03524,3.0,0.03527,5.0
1753533314926,12:35:14.926,BDXN/USDT:USDT,0.03517,448.0,0.03516,1719.0,0.03524,3.0,0.03527,5.0
1753533314950,12:35:14.950,BDXN/USDT:USDT,0.03517,448.0,0.03516,1719.0,0.03524,3.0,0.03527,1151.0
1753533315426,12:35:15.426,BDXN/USDT:USDT,0.03517,19.0,0.03516,1719.0,0.03524,3.0,0.03527,1151.0
1753533315864,12:35:15.864,BDXN/USDT:USDT,0.03519,461.0,0.03517,19.0,0.03524,3.0,0.03527,1151.0
1753533315933,12:35:15.933,BDXN/USDT:USDT,0.03519,461.0,0.03517,13.0,0.03524,3.0,0.03527,1151.0
1753533317081,12:35:17.081,BDXN/USDT:USDT,0.03519,461.0,0.03517,13.0,0.03524,3.0,0.03527,1151.0
1753533318924,12:35:18.924,BDXN/USDT:USDT,0.03519,461.0,0.03517,13.0,0.03524,3.0,0.03527,1151.0
1753533319425,12:35:19.425,BDXN/USDT:USDT,0.03519,461.0,0.03517,13.0,0.03524,3.0,0.03527,1151.0
1753533321874,12:35:21.874,BDXN/USDT:USDT,0.03519,461.0,0.03517,13.0,0.03524,3.0,0.03527,1151.0
1753533322420,12:35:22.420,BDXN/USDT:USDT,0.03519,461.0,0.03517,13.0,0.03524,3.0,0.03525,1.0
1753533323125,12:35:23.125,BDXN/USDT:USDT,0.03519,461.0,0.03517,13.0,0.03524,3.0,0.03525,1.0
1753533323126,12:35:23.126,BDXN/USDT:USDT,0.03519,461.0,0.03517,13.0,0.03524,3.0,0.03525,1.0
1753533324426,12:35:24.426,BDXN/USDT:USDT,0.03519,461.0,0.03517,13.0,0.03524,3.0,0.03525,1.0
1753533324926,12:35:24.926,BDXN/USDT:USDT,0.03519,461.0,0.03517,13.0,0.03524,3.0,0.03525,1.0
1753533325237,12:35:25.237,BDXN/USDT:USDT,0.03519,461.0,0.03517,13.0,0.03524,3.0,0.03525,1.0
1753533325426,12:35:25.426,BDXN/USDT:USDT,0.0352,419.0,0.03519,461.0,0.03524,3.0,0.03525,1.0
1753533325517,12:35:25.517,BDXN/USDT:USDT,0.0352,419.0,0.03519,461.0,0.03524,3.0,0.03527,1151.0
1753533325533,12:35:25.533,BDXN/USDT:USDT,0.0352,419.0,0.03519,461.0,0.03524,3.0,0.03527,1151.0
1753533325909,12:35:25.909,BDXN/USDT:USDT,0.0352,419.0,0.03519,461.0,0.03524,3.0,0.03527,1151.0
1753533325974,12:35:25.974,BDXN/USDT:USDT,0.0352,419.0,0.03519,461.0,0.03524,3.0,0.03527,1151.0
1753533326244,12:35:26.244,BDXN/USDT:USDT,0.03522,4108.0,0.03521,32.0,0.03524,3.0,0.03527,5.0
1753533326519,12:35:26.519,BDXN/USDT:USDT,0.03522,4108.0,0.03521,32.0,0.03524,3.0,0.03527,1151.0
1753533327926,12:35:27.926,BDXN/USDT:USDT,0.03522,4108.0,0.03521,32.0,0.03527,5.0,0.03529,435.0
1753533328023,12:35:28.023,BDXN/USDT:USDT,0.03523,1191.0,0.03522,4124.0,0.03527,5.0,0.0353,1146.0
1753533328049,12:35:28.049,BDXN/USDT:USDT,0.03523,1191.0,0.03522,4124.0,0.03527,5.0,0.0353,1146.0
1753533328563,12:35:28.563,BDXN/USDT:USDT,0.03523,1191.0,0.03522,4124.0,0.03527,5.0,0.0353,1146.0
1753533328836,12:35:28.836,BDXN/USDT:USDT,0.03523,1191.0,0.03522,4124.0,0.03527,5.0,0.0353,1146.0
1753533328930,12:35:28.930,BDXN/USDT:USDT,0.03523,1191.0,0.03522,4124.0,0.03527,5.0,0.0353,1146.0
1753533329263,12:35:29.263,BDXN/USDT:USDT,0.03523,1191.0,0.03522,4124.0,0.03527,5.0,0.0353,1146.0
1753533329390,12:35:29.390,BDXN/USDT:USDT,0.03523,1191.0,0.03522,4124.0,0.03527,5.0,0.0353,1146.0
1753533329559,12:35:29.559,BDXN/USDT:USDT,0.03523,1191.0,0.03522,4124.0,0.03527,5.0,0.0353,1146.0
1753533332533,12:35:32.533,BDXN/USDT:USDT,0.03523,1191.0,0.03522,4124.0,0.03527,5.0,0.0353,1146.0
1753533333033,12:35:33.033,BDXN/USDT:USDT,0.03523,1191.0,0.03522,4124.0,0.03527,5.0,0.0353,1146.0
1753533334531,12:35:34.531,BDXN/USDT:USDT,0.03523,1191.0,0.03522,4124.0,0.03527,5.0,0.0353,1146.0
1753533334907,12:35:34.907,BDXN/USDT:USDT,0.03523,1191.0,0.03522,4124.0,0.03527,5.0,0.0353,1146.0
1753533335031,12:35:35.031,BDXN/USDT:USDT,0.03523,1609.0,0.03522,4124.0,0.03527,5.0,0.0353,1146.0
1753533335157,12:35:35.157,BDXN/USDT:USDT,0.03523,1609.0,0.03522,4124.0,0.03527,5.0,0.0353,1146.0
1753533335333,12:35:35.333,BDXN/USDT:USDT,0.03523,1609.0,0.03522,4124.0,0.03527,5.0,0.0353,1146.0
1753533336201,12:35:36.201,BDXN/USDT:USDT,0.03523,1609.0,0.03522,4124.0,0.03527,5.0,0.0353,1146.0
1753533336631,12:35:36.631,BDXN/USDT:USDT,0.03523,1609.0,0.03522,4124.0,0.03527,5.0,0.0353,1146.0
1753533337793,12:35:37.793,BDXN/USDT:USDT,0.03523,2182.0,0.03522,4124.0,0.03527,5.0,0.0353,1146.0
1753533338383,12:35:38.383,BDXN/USDT:USDT,0.03523,2182.0,0.03522,4124.0,0.03527,5.0,0.0353,1146.0
1753533338462,12:35:38.462,BDXN/USDT:USDT,0.03523,2182.0,0.03522,4124.0,0.03527,5.0,0.03531,1480.0
1753533338647,12:35:38.647,BDXN/USDT:USDT,0.03523,2182.0,0.03522,4124.0,0.03527,5.0,0.0353,1146.0
1753533339412,12:35:39.412,BDXN/USDT:USDT,0.03523,2182.0,0.03522,4124.0,0.03527,5.0,0.0353,1146.0
1753533339884,12:35:39.884,BDXN/USDT:USDT,0.03523,2182.0,0.03522,4124.0,0.03527,5.0,0.0353,1146.0
1753533340073,12:35:40.073,BDXN/USDT:USDT,0.03523,2182.0,0.03522,4124.0,0.03527,5.0,0.0353,1146.0
1753533340489,12:35:40.489,BDXN/USDT:USDT,0.03523,2182.0,0.03522,4124.0,0.03527,5.0,0.03532,432.0
1753533340568,12:35:40.568,BDXN/USDT:USDT,0.03523,2182.0,0.03522,4124.0,0.03527,5.0,0.03532,3.0
1753533341068,12:35:41.068,BDXN/USDT:USDT,0.03523,2182.0,0.03522,4124.0,0.03527,5.0,0.03532,3.0
1753533341411,12:35:41.411,BDXN/USDT:USDT,0.03523,2182.0,0.03522,4124.0,0.03527,5.0,0.03532,3.0
1753533342199,12:35:42.199,BDXN/USDT:USDT,0.03523,2182.0,0.03522,4124.0,0.03527,5.0,0.03532,3.0
1753533342520,12:35:42.520,BDXN/USDT:USDT,0.03523,2182.0,0.03522,4124.0,0.03527,5.0,0.03532,3.0
1753533342600,12:35:42.600,BDXN/USDT:USDT,0.03523,2182.0,0.03522,4124.0,0.03527,5.0,0.03532,3.0
1753533342691,12:35:42.691,BDXN/USDT:USDT,0.03524,23.0,0.03523,2182.0,0.03527,5.0,0.03532,3.0
1753533342754,12:35:42.754,BDXN/USDT:USDT,0.03524,23.0,0.03523,2182.0,0.03527,5.0,0.03532,3.0
1753533343108,12:35:43.108,BDXN/USDT:USDT,0.03524,23.0,0.03523,2182.0,0.03527,5.0,0.03532,3.0
1753533343582,12:35:43.582,BDXN/USDT:USDT,0.03524,458.0,0.03523,2182.0,0.03527,5.0,0.03532,3.0
1753533343639,12:35:43.639,BDXN/USDT:USDT,0.03525,45.0,0.03524,490.0,0.03527,5.0,0.03532,3.0
1753533343743,12:35:43.743,BDXN/USDT:USDT,0.03525,32.0,0.03524,467.0,0.03527,5.0,0.03532,3.0
1753533343939,12:35:43.939,BDXN/USDT:USDT,0.03525,32.0,0.03524,467.0,0.03527,5.0,0.03532,3.0
1753533344713,12:35:44.713,BDXN/USDT:USDT,0.03525,32.0,0.03524,467.0,0.03532,3.0,0.03534,1146.0
1753533344782,12:35:44.782,BDXN/USDT:USDT,0.03526,13.0,0.03525,32.0,0.03532,3.0,0.03534,1146.0
1753533345223,12:35:45.223,BDXN/USDT:USDT,0.03526,13.0,0.03525,32.0,0.03532,3.0,0.03534,1146.0
1753533345226,12:35:45.226,BDXN/USDT:USDT,0.03526,13.0,0.03525,32.0,0.03532,3.0,0.03534,1146.0
1753533346071,12:35:46.071,BDXN/USDT:USDT,0.03526,13.0,0.03525,32.0,0.03532,3.0,0.03534,1146.0
1753533347010,12:35:47.010,BDXN/USDT:USDT,0.03526,13.0,0.03525,32.0,0.03532,3.0,0.03534,1146.0
1753533348199,12:35:48.199,BDXN/USDT:USDT,0.03526,13.0,0.03525,32.0,0.03532,3.0,0.03534,1146.0
1753533348244,12:35:48.244,BDXN/USDT:USDT,0.03526,13.0,0.03525,32.0,0.03532,3.0,0.03534,1146.0
1753533348699,12:35:48.699,BDXN/USDT:USDT,0.03526,437.0,0.03525,32.0,0.03532,3.0,0.03534,1146.0
1753533348791,12:35:48.791,BDXN/USDT:USDT,0.03526,437.0,0.03525,32.0,0.03532,3.0,0.03534,1146.0
1753533350203,12:35:50.203,BDXN/USDT:USDT,0.03526,437.0,0.03525,32.0,0.03532,3.0,0.03534,1146.0
1753533350614,12:35:50.614,BDXN/USDT:USDT,0.03526,437.0,0.03525,32.0,0.03532,3.0,0.03534,1146.0
1753533350703,12:35:50.703,BDXN/USDT:USDT,0.03526,437.0,0.03525,32.0,0.03532,3.0,0.03534,1146.0
1753533351044,12:35:51.044,BDXN/USDT:USDT,0.03526,437.0,0.03525,32.0,0.03532,3.0,0.03534,1146.0
1753533351588,12:35:51.588,BDXN/USDT:USDT,0.03526,437.0,0.03525,32.0,0.03532,3.0,0.03534,1146.0
1753533351894,12:35:51.894,BDXN/USDT:USDT,0.03526,437.0,0.03525,32.0,0.03532,3.0,0.03534,1146.0
1753533353431,12:35:53.431,BDXN/USDT:USDT,0.03526,437.0,0.03525,32.0,0.03532,3.0,0.03534,1146.0
1753533353539,12:35:53.539,BDXN/USDT:USDT,0.03526,437.0,0.03525,32.0,0.03532,3.0,0.03534,1146.0
1753533353957,12:35:53.957,BDXN/USDT:USDT,0.03527,461.0,0.03526,437.0,0.03532,3.0,0.03534,1146.0
1753533354035,12:35:54.035,BDXN/USDT:USDT,0.03528,13.0,0.03527,461.0,0.03532,3.0,0.03534,1146.0
1753533354279,12:35:54.279,BDXN/USDT:USDT,0.03528,13.0,0.03527,461.0,0.03532,3.0,0.03534,1146.0
1753533354670,12:35:54.670,BDXN/USDT:USDT,0.03528,13.0,0.03527,461.0,0.03532,3.0,0.03534,1146.0
1753533355083,12:35:55.083,BDXN/USDT:USDT,0.03528,13.0,0.03527,461.0,0.03532,3.0,0.03534,1146.0
1753533355210,12:35:55.210,BDXN/USDT:USDT,0.03528,586.0,0.03527,461.0,0.03532,3.0,0.03534,1146.0
1753533355597,12:35:55.597,BDXN/USDT:USDT,0.03528,586.0,0.03527,461.0,0.03532,3.0,0.03534,1146.0
1753533355646,12:35:55.646,BDXN/USDT:USDT,0.03528,586.0,0.03527,461.0,0.03532,3.0,0.03534,1146.0
1753533356576,12:35:56.576,BDXN/USDT:USDT,0.03528,586.0,0.03527,461.0,0.03532,3.0,0.03534,1146.0
1753533357587,12:35:57.587,BDXN/USDT:USDT,0.03528,586.0,0.03527,461.0,0.03532,3.0,0.03534,1146.0
1753533358659,12:35:58.659,BDXN/USDT:USDT,0.03528,586.0,0.03527,461.0,0.03532,3.0,0.03534,1146.0
1753533359126,12:35:59.126,BDXN/USDT:USDT,0.03528,586.0,0.03527,461.0,0.03532,3.0,0.03534,1146.0
1753533359160,12:35:59.160,BDXN/USDT:USDT,0.03528,1019.0,0.03527,461.0,0.03532,3.0,0.03534,1146.0
1753533359872,12:35:59.872,BDXN/USDT:USDT,0.03528,1019.0,0.03527,461.0,0.03532,3.0,0.03534,1146.0
1753533361210,12:36:01.210,BDXN/USDT:USDT,0.03528,446.0,0.03527,461.0,0.03532,3.0,0.03534,1146.0
1753533361241,12:36:01.241,BDXN/USDT:USDT,0.03528,446.0,0.03527,461.0,0.03532,3.0,0.03534,1146.0
1753533362302,12:36:02.302,BDXN/USDT:USDT,0.03528,446.0,0.03527,461.0,0.03532,3.0,0.03534,1146.0
1753533362361,12:36:02.361,BDXN/USDT:USDT,0.03528,13.0,0.03523,1719.0,0.03532,35.0,0.03534,1146.0
1753533362435,12:36:02.435,BDXN/USDT:USDT,0.03524,13.0,0.03523,1719.0,0.03532,35.0,0.03534,1146.0
1753533363024,12:36:03.024,BDXN/USDT:USDT,0.03525,422.0,0.03524,13.0,0.03535,424.0,0.03536,1478.0
1753533363127,12:36:03.127,BDXN/USDT:USDT,0.03526,1159.0,0.03524,3.0,0.03535,29.0,0.03537,1146.0
1753533363212,12:36:03.212,BDXN/USDT:USDT,0.03526,1159.0,0.03524,3.0,0.03537,1146.0,0.03538,2051.0
1753533363291,12:36:03.291,BDXN/USDT:USDT,0.03526,1159.0,0.03524,3.0,0.03537,1146.0,0.03538,2051.0
1753533363590,12:36:03.590,BDXN/USDT:USDT,0.03526,1159.0,0.03524,3.0,0.03537,1146.0,0.03538,2051.0
1753533364024,12:36:04.024,BDXN/USDT:USDT,0.03526,1159.0,0.03524,3.0,0.03537,1146.0,0.03538,2051.0
1753533364252,12:36:04.252,BDXN/USDT:USDT,0.03526,1175.0,0.03524,3.0,0.03537,1146.0,0.03538,2051.0
1753533364368,12:36:04.368,BDXN/USDT:USDT,0.03527,431.0,0.03526,1175.0,0.03537,1146.0,0.03538,2051.0
1753533364439,12:36:04.439,BDXN/USDT:USDT,0.03528,13.0,0.03527,431.0,0.03537,1146.0,0.03538,2051.0
1753533364872,12:36:04.872,BDXN/USDT:USDT,0.03528,13.0,0.03527,431.0,0.03537,1146.0,0.03538,2051.0
1753533365489,12:36:05.489,BDXN/USDT:USDT,0.03528,13.0,0.03527,431.0,0.03533,605.0,0.03534,32.0
1753533365626,12:36:05.626,BDXN/USDT:USDT,0.03528,13.0,0.03526,1146.0,0.03533,605.0,0.03534,32.0
1753533365693,12:36:05.693,BDXN/USDT:USDT,0.03527,13.0,0.03526,1146.0,0.03533,605.0,0.03534,32.0
1753533365902,12:36:05.902,BDXN/USDT:USDT,0.03527,13.0,0.03526,1146.0,0.03533,605.0,0.03534,32.0
1753533366104,12:36:06.104,BDXN/USDT:USDT,0.03527,13.0,0.03526,1146.0,0.03533,605.0,0.03534,32.0
1753533366267,12:36:06.267,BDXN/USDT:USDT,0.03527,13.0,0.03526,1579.0,0.03533,605.0,0.03534,32.0
1753533366768,12:36:06.768,BDXN/USDT:USDT,0.03527,13.0,0.03526,1579.0,0.03533,605.0,0.03534,32.0
1753533367268,12:36:07.268,BDXN/USDT:USDT,0.03527,13.0,0.03526,1579.0,0.03533,605.0,0.03534,32.0
1753533367348,12:36:07.348,BDXN/USDT:USDT,0.03527,13.0,0.03526,433.0,0.03533,605.0,0.03534,32.0
1753533367455,12:36:07.455,BDXN/USDT:USDT,0.03527,13.0,0.03526,433.0,0.03533,605.0,0.03534,32.0
1753533367794,12:36:07.794,BDXN/USDT:USDT,0.03527,13.0,0.03524,3.0,0.03533,605.0,0.03534,32.0
1753533367858,12:36:07.858,BDXN/USDT:USDT,0.03524,16.0,0.03523,1146.0,0.03533,605.0,0.03534,32.0
1753533368134,12:36:08.134,BDXN/USDT:USDT,0.03524,16.0,0.03523,1146.0,0.03533,605.0,0.03534,32.0
1753533368861,12:36:08.861,BDXN/USDT:USDT,0.03524,16.0,0.03523,1146.0,0.03533,605.0,0.03534,32.0
1753533369015,12:36:09.015,BDXN/USDT:USDT,0.03524,16.0,0.03523,1146.0,0.03533,605.0,0.03534,32.0
1753533369796,12:36:09.796,BDXN/USDT:USDT,0.03524,16.0,0.03523,1146.0,0.03533,605.0,0.03534,32.0
1753533370296,12:36:10.296,BDXN/USDT:USDT,0.03524,16.0,0.03523,1146.0,0.03533,605.0,0.03534,32.0
1753533370971,12:36:10.971,BDXN/USDT:USDT,0.03525,418.0,0.03524,16.0,0.03533,605.0,0.03534,32.0
1753533371036,12:36:11.036,BDXN/USDT:USDT,0.03526,13.0,0.03525,418.0,0.03533,605.0,0.03534,32.0
1753533371324,12:36:11.324,BDXN/USDT:USDT,0.03526,13.0,0.03525,418.0,0.03533,605.0,0.03534,32.0
1753533371867,12:36:11.867,BDXN/USDT:USDT,0.03526,13.0,0.03525,418.0,0.03533,605.0,0.03534,32.0
1753533373114,12:36:13.114,BDXN/USDT:USDT,0.03526,13.0,0.03525,418.0,0.03533,605.0,0.03534,32.0
1753533373141,12:36:13.141,BDXN/USDT:USDT,0.03526,13.0,0.03525,418.0,0.03533,1751.0,0.03534,1511.0
1753533375336,12:36:15.336,BDXN/USDT:USDT,0.03526,447.0,0.03525,418.0,0.03533,1751.0,0.03534,1939.0
1753533375916,12:36:15.916,BDXN/USDT:USDT,0.03526,447.0,0.03525,418.0,0.03533,1751.0,0.03534,1939.0
1753533378622,12:36:18.622,BDXN/USDT:USDT,0.03526,13.0,0.03524,3.0,0.03533,1780.0,0.03534,1939.0
1753533378668,12:36:18.668,BDXN/USDT:USDT,0.03524,16.0,0.03523,1564.0,0.03533,2210.0,0.03534,1939.0
1753533378774,12:36:18.774,BDXN/USDT:USDT,0.03524,16.0,0.03523,1564.0,0.03533,2181.0,0.03534,1939.0
1753533378915,12:36:18.915,BDXN/USDT:USDT,0.03524,16.0,0.03523,1564.0,0.03533,2210.0,0.03534,1939.0
1753533378987,12:36:18.987,BDXN/USDT:USDT,0.03524,16.0,0.03523,1564.0,0.03533,2181.0,0.03534,1939.0
1753533379174,12:36:19.174,BDXN/USDT:USDT,0.03524,16.0,0.03523,1564.0,0.03533,2210.0,0.03534,1939.0
1753533379262,12:36:19.262,BDXN/USDT:USDT,0.03524,16.0,0.03523,1564.0,0.03532,573.0,0.03533,1608.0
1753533379774,12:36:19.774,BDXN/USDT:USDT,0.03524,16.0,0.03523,1564.0,0.03532,602.0,0.03533,1608.0
1753533379846,12:36:19.846,BDXN/USDT:USDT,0.03524,16.0,0.03523,1564.0,0.03532,573.0,0.03533,1608.0
1753533379974,12:36:19.974,BDXN/USDT:USDT,0.03524,16.0,0.03523,1564.0,0.03532,573.0,0.03533,1608.0
1753533380093,12:36:20.093,BDXN/USDT:USDT,0.03524,16.0,0.03523,1564.0,0.03532,602.0,0.03533,1608.0
1753533380166,12:36:20.166,BDXN/USDT:USDT,0.03524,16.0,0.03523,1564.0,0.03532,573.0,0.03533,1608.0
1753533380407,12:36:20.407,BDXN/USDT:USDT,0.03524,16.0,0.03523,1564.0,0.03532,573.0,0.03533,1608.0
1753533380566,12:36:20.566,BDXN/USDT:USDT,0.03524,16.0,0.03523,1564.0,0.03532,573.0,0.03533,1608.0
1753533380785,12:36:20.785,BDXN/USDT:USDT,0.03524,589.0,0.03523,1564.0,0.03533,1608.0,0.03534,1939.0
1753533380873,12:36:20.873,BDXN/USDT:USDT,0.03524,589.0,0.03523,1564.0,0.03533,1637.0,0.03534,1939.0
1753533380958,12:36:20.958,BDXN/USDT:USDT,0.03524,589.0,0.03523,1564.0,0.03533,1608.0,0.03534,1939.0
1753533381194,12:36:21.194,BDXN/USDT:USDT,0.03524,589.0,0.03523,1564.0,0.03533,1608.0,0.03534,1939.0
1753533381607,12:36:21.607,BDXN/USDT:USDT,0.03524,589.0,0.03523,1564.0,0.03533,1608.0,0.03534,1939.0
1753533382226,12:36:22.226,BDXN/USDT:USDT,0.03524,589.0,0.03523,1564.0,0.03533,1608.0,0.03534,1939.0
1753533382414,12:36:22.414,BDXN/USDT:USDT,0.03524,589.0,0.03523,1564.0,0.03533,1637.0,0.03534,1939.0
1753533382487,12:36:22.487,BDXN/USDT:USDT,0.03524,589.0,0.03523,1564.0,0.03533,1608.0,0.03534,1939.0
1753533382825,12:36:22.825,BDXN/USDT:USDT,0.03524,1007.0,0.03523,1564.0,0.03533,1608.0,0.03534,1511.0
1753533383023,12:36:23.023,BDXN/USDT:USDT,0.03524,1007.0,0.03523,1564.0,0.03531,1.0,0.03533,1608.0
1753533383116,12:36:23.116,BDXN/USDT:USDT,0.03524,1007.0,0.03523,1564.0,0.03531,29.0,0.03533,1608.0
1753533383185,12:36:23.185,BDXN/USDT:USDT,0.03524,1007.0,0.03523,1564.0,0.03533,1608.0,0.03534,1511.0
1753533383243,12:36:23.243,BDXN/USDT:USDT,0.03524,1007.0,0.03523,1564.0,0.03532,429.0,0.03533,1608.0
1753533383514,12:36:23.514,BDXN/USDT:USDT,0.03524,1007.0,0.03523,1564.0,0.03532,458.0,0.03533,1608.0
1753533383586,12:36:23.586,BDXN/USDT:USDT,0.03524,1007.0,0.03523,1564.0,0.03532,429.0,0.03533,1608.0
1753533384020,12:36:24.020,BDXN/USDT:USDT,0.03524,1007.0,0.03523,1564.0,0.03532,429.0,0.03533,1608.0
1753533384113,12:36:24.113,BDXN/USDT:USDT,0.03524,1007.0,0.03523,1564.0,0.03532,458.0,0.03533,1608.0
1753533384184,12:36:24.184,BDXN/USDT:USDT,0.03524,1007.0,0.03523,1564.0,0.03532,429.0,0.03533,1608.0
1753533384714,12:36:24.714,BDXN/USDT:USDT,0.03524,1007.0,0.03523,1564.0,0.03532,458.0,0.03533,1608.0
1753533384785,12:36:24.785,BDXN/USDT:USDT,0.03524,1007.0,0.03523,1564.0,0.03532,429.0,0.03533,1608.0
1753533385273,12:36:25.273,BDXN/USDT:USDT,0.03524,1007.0,0.03523,1564.0,0.03532,429.0,0.03533,1592.0
1753533387681,12:36:27.681,BDXN/USDT:USDT,0.03524,1007.0,0.03523,1146.0,0.03532,429.0,0.03533,1592.0
1753533387768,12:36:27.768,BDXN/USDT:USDT,0.03525,416.0,0.03524,1007.0,0.03533,1162.0,0.03534,1495.0
1753533387926,12:36:27.926,BDXN/USDT:USDT,0.03526,1159.0,0.03525,416.0,0.03534,421.0,0.03537,1146.0
1753533387993,12:36:27.993,BDXN/USDT:USDT,0.03526,1159.0,0.03525,416.0,0.03534,29.0,0.03536,1478.0
1753533388065,12:36:28.065,BDXN/USDT:USDT,0.03527,93.0,0.03526,1159.0,0.03536,1478.0,0.03537,1146.0
1753533388225,12:36:28.225,BDXN/USDT:USDT,0.03527,93.0,0.03526,1159.0,0.03536,1478.0,0.03537,1146.0
1753533388316,12:36:28.316,BDXN/USDT:USDT,0.03527,93.0,0.03526,1159.0,0.03536,1507.0,0.03537,1146.0
1753533388388,12:36:28.388,BDXN/USDT:USDT,0.03527,93.0,0.03526,1159.0,0.03536,1478.0,0.03537,1146.0
1753533388514,12:36:28.514,BDXN/USDT:USDT,0.03527,93.0,0.03526,1159.0,0.03536,29.0,0.03537,2624.0
1753533388586,12:36:28.586,BDXN/USDT:USDT,0.03527,93.0,0.03526,1159.0,0.03537,2624.0,0.03538,573.0
1753533388807,12:36:28.807,BDXN/USDT:USDT,0.03527,93.0,0.03526,1159.0,0.03537,2624.0,0.03538,573.0
1753533388896,12:36:28.896,BDXN/USDT:USDT,0.03527,93.0,0.03526,1159.0,0.03537,2653.0,0.03538,573.0
1753533388968,12:36:28.968,BDXN/USDT:USDT,0.03527,93.0,0.03526,1159.0,0.03537,2624.0,0.03538,573.0
1753533389115,12:36:29.115,BDXN/USDT:USDT,0.03527,93.0,0.03526,1159.0,0.03537,2653.0,0.03538,573.0
1753533389187,12:36:29.187,BDXN/USDT:USDT,0.03527,93.0,0.03526,1159.0,0.03537,2624.0,0.03538,573.0
1753533389293,12:36:29.293,BDXN/USDT:USDT,0.03527,93.0,0.03526,1159.0,0.03537,2653.0,0.03538,573.0
1753533389365,12:36:29.365,BDXN/USDT:USDT,0.03527,93.0,0.03526,1159.0,0.03537,2624.0,0.03538,573.0
1753533389513,12:36:29.513,BDXN/USDT:USDT,0.03527,93.0,0.03526,1159.0,0.03537,2653.0,0.03538,573.0
1753533389584,12:36:29.584,BDXN/USDT:USDT,0.03527,93.0,0.03526,1159.0,0.03537,2624.0,0.03538,573.0
1753533389806,12:36:29.806,BDXN/USDT:USDT,0.03527,93.0,0.03526,1159.0,0.03537,2624.0,0.03538,573.0
1753533390217,12:36:30.217,BDXN/USDT:USDT,0.03527,93.0,0.03526,1159.0,0.03537,2653.0,0.03538,573.0
1753533390288,12:36:30.288,BDXN/USDT:USDT,0.03527,93.0,0.03526,1159.0,0.03537,2624.0,0.03538,573.0
1753533390515,12:36:30.515,BDXN/USDT:USDT,0.03527,93.0,0.03526,1159.0,0.03537,2653.0,0.03538,573.0
1753533390588,12:36:30.588,BDXN/USDT:USDT,0.03527,93.0,0.03526,1159.0,0.03537,2624.0,0.03538,573.0
1753533390712,12:36:30.712,BDXN/USDT:USDT,0.03527,93.0,0.03526,1159.0,0.03537,2653.0,0.03538,573.0
1753533390783,12:36:30.783,BDXN/USDT:USDT,0.03527,93.0,0.03526,1159.0,0.03537,2624.0,0.03538,573.0
1753533391014,12:36:31.014,BDXN/USDT:USDT,0.03527,93.0,0.03526,1159.0,0.03537,2653.0,0.03538,996.0
1753533391090,12:36:31.090,BDXN/USDT:USDT,0.03527,93.0,0.03526,1159.0,0.03537,2624.0,0.03538,996.0
1753533391216,12:36:31.216,BDXN/USDT:USDT,0.03529,432.0,0.03527,93.0,0.03537,2653.0,0.03538,996.0
1753533391288,12:36:31.288,BDXN/USDT:USDT,0.0353,29.0,0.03529,432.0,0.03537,2640.0,0.03538,996.0
1753533391358,12:36:31.358,BDXN/USDT:USDT,0.0353,29.0,0.03529,432.0,0.03537,2640.0,0.03538,996.0
1753533391474,12:36:31.474,BDXN/USDT:USDT,0.0353,29.0,0.03529,432.0,0.03537,2669.0,0.03538,996.0
1753533391546,12:36:31.546,BDXN/USDT:USDT,0.0353,29.0,0.03529,432.0,0.03537,2640.0,0.03538,996.0
1753533391900,12:36:31.900,BDXN/USDT:USDT,0.0353,13.0,0.03529,432.0,0.03537,2640.0,0.03538,996.0
1753533391993,12:36:31.993,BDXN/USDT:USDT,0.0353,13.0,0.03529,432.0,0.03537,2669.0,0.03538,996.0
1753533392120,12:36:32.120,BDXN/USDT:USDT,0.0353,602.0,0.03529,432.0,0.0354,1480.0,0.03542,1146.0
1753533392222,12:36:32.222,BDXN/USDT:USDT,0.0353,602.0,0.03529,432.0,0.0354,1480.0,0.03542,1146.0
1753533392249,12:36:32.249,BDXN/USDT:USDT,0.0353,602.0,0.03529,432.0,0.0354,1480.0,0.03542,1146.0
1753533392642,12:36:32.642,BDXN/USDT:USDT,0.0353,602.0,0.03529,432.0,0.0354,1480.0,0.03542,1146.0
1753533393076,12:36:33.076,BDXN/USDT:USDT,0.0353,602.0,0.03529,432.0,0.0354,1480.0,0.03542,1146.0
1753533393969,12:36:33.969,BDXN/USDT:USDT,0.0353,586.0,0.03529,432.0,0.03539,573.0,0.0354,1897.0
1753533394055,12:36:34.055,BDXN/USDT:USDT,0.0353,586.0,0.03529,432.0,0.03539,573.0,0.0354,1979.0
1753533394213,12:36:34.213,BDXN/USDT:USDT,0.0353,586.0,0.03529,432.0,0.03539,602.0,0.0354,1897.0
1753533394298,12:36:34.298,BDXN/USDT:USDT,0.0353,586.0,0.03529,432.0,0.03539,573.0,0.0354,1897.0
1753533394413,12:36:34.413,BDXN/USDT:USDT,0.0353,586.0,0.03529,432.0,0.03539,602.0,0.0354,1897.0
1753533394485,12:36:34.485,BDXN/USDT:USDT,0.0353,586.0,0.03529,432.0,0.03539,573.0,0.0354,1897.0
1753533394562,12:36:34.562,BDXN/USDT:USDT,0.0353,586.0,0.03529,432.0,0.03539,602.0,0.0354,1897.0
1753533394717,12:36:34.717,BDXN/USDT:USDT,0.0353,586.0,0.03529,432.0,0.03539,602.0,0.0354,1897.0
1753533394789,12:36:34.789,BDXN/USDT:USDT,0.0353,586.0,0.03529,432.0,0.03539,573.0,0.0354,1897.0
1753533395124,12:36:35.124,BDXN/USDT:USDT,0.0353,586.0,0.03529,432.0,0.03539,602.0,0.0354,1897.0
1753533395126,12:36:35.126,BDXN/USDT:USDT,0.0353,586.0,0.03529,432.0,0.03539,573.0,0.0354,1897.0
1753533395414,12:36:35.414,BDXN/USDT:USDT,0.0353,586.0,0.03529,432.0,0.03539,602.0,0.0354,1897.0
1753533395486,12:36:35.486,BDXN/USDT:USDT,0.0353,586.0,0.03529,432.0,0.03539,573.0,0.0354,1897.0
1753533395854,12:36:35.854,BDXN/USDT:USDT,0.0353,586.0,0.03529,432.0,0.03539,602.0,0.0354,1897.0
1753533395926,12:36:35.926,BDXN/USDT:USDT,0.0353,586.0,0.03529,432.0,0.03539,573.0,0.0354,1897.0
1753533396115,12:36:36.115,BDXN/USDT:USDT,0.0353,586.0,0.03529,432.0,0.03539,602.0,0.0354,1897.0
1753533396187,12:36:36.187,BDXN/USDT:USDT,0.0353,586.0,0.03529,432.0,0.03539,573.0,0.0354,1897.0
1753533396414,12:36:36.414,BDXN/USDT:USDT,0.0353,586.0,0.03529,432.0,0.03539,602.0,0.0354,1897.0
1753533396486,12:36:36.486,BDXN/USDT:USDT,0.0353,1006.0,0.03529,432.0,0.03539,1146.0,0.0354,1897.0
1753533396938,12:36:36.938,BDXN/USDT:USDT,0.0353,1006.0,0.03529,432.0,0.03539,1146.0,0.0354,1897.0
1753533399924,12:36:39.924,BDXN/USDT:USDT,0.0353,1006.0,0.03529,432.0,0.03539,1146.0,0.0354,1897.0
1753533400710,12:36:40.710,BDXN/USDT:USDT,0.0353,1006.0,0.03526,1146.0,0.03539,1146.0,0.0354,1897.0
1753533401211,12:36:41.211,BDXN/USDT:USDT,0.03531,427.0,0.0353,1006.0,0.03539,1146.0,0.0354,1897.0
1753533401324,12:36:41.324,BDXN/USDT:USDT,0.03532,13.0,0.03531,427.0,0.0354,1897.0,0.03542,1146.0
1753533401376,12:36:41.376,BDXN/USDT:USDT,0.03532,13.0,0.03531,427.0,0.0354,1897.0,0.03542,1146.0
1753533401482,12:36:41.482,BDXN/USDT:USDT,0.03532,1159.0,0.03531,427.0,0.0354,1897.0,0.03542,1146.0
1753533401626,12:36:41.626,BDXN/USDT:USDT,0.03532,1159.0,0.03531,427.0,0.0354,1897.0,0.03542,1146.0
1753533401955,12:36:41.955,BDXN/USDT:USDT,0.03532,1159.0,0.03531,427.0,0.0354,1897.0,0.03542,1146.0
1753533402062,12:36:42.062,BDXN/USDT:USDT,0.03532,1159.0,0.03531,427.0,0.0354,1897.0,0.03542,1146.0
1753533403665,12:36:43.665,BDXN/USDT:USDT,0.03532,1159.0,0.03531,427.0,0.0354,1897.0,0.03542,1146.0
1753533403918,12:36:43.918,BDXN/USDT:USDT,0.03535,573.0,0.03532,1159.0,0.0354,1897.0,0.03542,1146.0
1753533404026,12:36:44.026,BDXN/USDT:USDT,0.03536,13.0,0.03535,605.0,0.0354,3.0,0.03542,1475.0
1753533404110,12:36:44.110,BDXN/USDT:USDT,0.03536,13.0,0.03535,605.0,0.0354,3.0,0.03545,573.0
1753533404146,12:36:44.146,BDXN/USDT:USDT,0.03536,13.0,0.03535,605.0,0.0354,3.0,0.03545,573.0
1753533404262,12:36:44.262,BDXN/USDT:USDT,0.03536,13.0,0.03535,605.0,0.0354,3.0,0.03545,1719.0
1753533404411,12:36:44.411,BDXN/USDT:USDT,0.03536,13.0,0.03535,605.0,0.0354,3.0,0.03545,1719.0
1753533404896,12:36:44.896,BDXN/USDT:USDT,0.03536,13.0,0.03535,605.0,0.0354,3.0,0.03545,1719.0
1753533404934,12:36:44.934,BDXN/USDT:USDT,0.03536,65.0,0.03535,605.0,0.0354,3.0,0.03545,1719.0
1753533405319,12:36:45.319,BDXN/USDT:USDT,0.03536,65.0,0.03535,605.0,0.0354,3.0,0.03545,1719.0
1753533405476,12:36:45.476,BDXN/USDT:USDT,0.03536,65.0,0.03535,605.0,0.0354,3.0,0.03545,1719.0
1753533406217,12:36:46.217,BDXN/USDT:USDT,0.03536,65.0,0.03535,16.0,0.0354,3.0,0.03541,32.0
1753533406234,12:36:46.234,BDXN/USDT:USDT,0.03536,52.0,0.03535,16.0,0.0354,3.0,0.03541,32.0
1753533406457,12:36:46.457,BDXN/USDT:USDT,0.03536,52.0,0.03535,32.0,0.0354,3.0,0.03541,32.0
1753533406533,12:36:46.533,BDXN/USDT:USDT,0.03536,65.0,0.03535,32.0,0.0354,3.0,0.03541,32.0
1753533406957,12:36:46.957,BDXN/USDT:USDT,0.03536,65.0,0.03535,32.0,0.0354,3.0,0.03541,32.0
1753533407457,12:36:47.457,BDXN/USDT:USDT,0.03536,65.0,0.03535,32.0,0.0354,3.0,0.03541,32.0
1753533407957,12:36:47.957,BDXN/USDT:USDT,0.03536,65.0,0.03535,32.0,0.0354,3.0,0.03541,32.0
1753533408033,12:36:48.033,BDXN/USDT:USDT,0.03536,13.0,0.03535,32.0,0.0354,3.0,0.03541,32.0
1753533408206,12:36:48.206,BDXN/USDT:USDT,0.03536,13.0,0.03535,32.0,0.0354,3.0,0.03541,32.0
1753533411694,12:36:51.694,BDXN/USDT:USDT,0.03536,13.0,0.03533,424.0,0.0354,3.0,0.03541,32.0
1753533411787,12:36:51.787,BDXN/USDT:USDT,0.03534,13.0,0.03532,1146.0,0.0354,32.0,0.03541,32.0
1753533411914,12:36:51.914,BDXN/USDT:USDT,0.03533,13.0,0.03532,1146.0,0.0354,32.0,0.03541,32.0
1753533411987,12:36:51.987,BDXN/USDT:USDT,0.03533,13.0,0.03532,1146.0,0.0354,3.0,0.03541,32.0
1753533412092,12:36:52.092,BDXN/USDT:USDT,0.03533,13.0,0.03532,1146.0,0.0354,32.0,0.03541,32.0
1753533412164,12:36:52.164,BDXN/USDT:USDT,0.03533,13.0,0.03532,1146.0,0.0354,3.0,0.03541,32.0
1753533412275,12:36:52.275,BDXN/USDT:USDT,0.03533,13.0,0.03532,1146.0,0.0354,3.0,0.03541,32.0
1753533412495,12:36:52.495,BDXN/USDT:USDT,0.03533,13.0,0.03532,1146.0,0.0354,32.0,0.03541,32.0
1753533412566,12:36:52.566,BDXN/USDT:USDT,0.03533,13.0,0.03532,1146.0,0.0354,3.0,0.03541,32.0
1753533413117,12:36:53.117,BDXN/USDT:USDT,0.03533,13.0,0.03532,1146.0,0.0354,32.0,0.03541,32.0
1753533413189,12:36:53.189,BDXN/USDT:USDT,0.03533,13.0,0.03532,1146.0,0.0354,3.0,0.03541,32.0
1753533413616,12:36:53.616,BDXN/USDT:USDT,0.03533,13.0,0.03532,1146.0,0.0354,32.0,0.03541,32.0
1753533413688,12:36:53.688,BDXN/USDT:USDT,0.03533,13.0,0.03532,1146.0,0.0354,3.0,0.03541,32.0
1753533414005,12:36:54.005,BDXN/USDT:USDT,0.03533,13.0,0.03532,1146.0,0.0354,3.0,0.03541,32.0
1753533414116,12:36:54.116,BDXN/USDT:USDT,0.03533,13.0,0.03532,1146.0,0.0354,32.0,0.03541,32.0
1753533414189,12:36:54.189,BDXN/USDT:USDT,0.03533,13.0,0.03532,1146.0,0.0354,1479.0,0.03541,32.0
1753533414319,12:36:54.319,BDXN/USDT:USDT,0.03533,13.0,0.03532,1146.0,0.0354,1479.0,0.03541,32.0
1753533414469,12:36:54.469,BDXN/USDT:USDT,0.03533,13.0,0.03532,1146.0,0.0354,1479.0,0.03541,32.0
1753533414784,12:36:54.784,BDXN/USDT:USDT,0.03533,13.0,0.03532,1146.0,0.0354,1479.0,0.03541,32.0
1753533414916,12:36:54.916,BDXN/USDT:USDT,0.03533,13.0,0.03532,1146.0,0.0354,1929.0,0.03541,32.0
1753533414996,12:36:54.996,BDXN/USDT:USDT,0.03533,13.0,0.03532,1146.0,0.0354,1900.0,0.03541,32.0
1753533415127,12:36:55.127,BDXN/USDT:USDT,0.03533,13.0,0.03532,1146.0,0.0354,1479.0,0.03541,32.0
1753533415207,12:36:55.207,BDXN/USDT:USDT,0.03533,13.0,0.03532,1146.0,0.0354,1479.0,0.03541,32.0
1753533415293,12:36:55.293,BDXN/USDT:USDT,0.03533,13.0,0.03532,1146.0,0.0354,1508.0,0.03541,32.0
1753533415365,12:36:55.365,BDXN/USDT:USDT,0.03533,13.0,0.03532,1146.0,0.0354,1479.0,0.03541,32.0
1753533416426,12:36:56.426,BDXN/USDT:USDT,0.03533,13.0,0.03532,1146.0,0.0354,1479.0,0.03541,32.0
1753533416555,12:36:56.555,BDXN/USDT:USDT,0.03533,13.0,0.03532,1146.0,0.0354,1479.0,0.03541,32.0
1753533416788,12:36:56.788,BDXN/USDT:USDT,0.03533,13.0,0.03532,1146.0,0.0354,1479.0,0.03541,32.0
1753533416828,12:36:56.828,BDXN/USDT:USDT,0.03533,13.0,0.03532,1146.0,0.0354,1479.0,0.03541,32.0
1753533417289,12:36:57.289,BDXN/USDT:USDT,0.03533,13.0,0.03532,1146.0,0.0354,1479.0,0.03541,32.0
1753533417678,12:36:57.678,BDXN/USDT:USDT,0.03533,13.0,0.03532,1146.0,0.0354,1479.0,0.03541,32.0
1753533417908,12:36:57.908,BDXN/USDT:USDT,0.03533,13.0,0.03532,1146.0,0.0354,1479.0,0.03541,453.0
1753533420597,12:37:00.597,BDXN/USDT:USDT,0.03533,13.0,0.03532,1146.0,0.0354,1479.0,0.03541,453.0
1753533421208,12:37:01.208,BDXN/USDT:USDT,0.03533,13.0,0.03532,1146.0,0.0354,1479.0,0.03541,453.0
1753533421357,12:37:01.357,BDXN/USDT:USDT,0.03533,13.0,0.03532,1146.0,0.0354,1508.0,0.03541,453.0
1753533421442,12:37:01.442,BDXN/USDT:USDT,0.03533,13.0,0.03532,1146.0,0.0354,1479.0,0.03541,453.0
1753533421615,12:37:01.615,BDXN/USDT:USDT,0.03533,13.0,0.03532,1146.0,0.0354,1508.0,0.03541,453.0
1753533421689,12:37:01.689,BDXN/USDT:USDT,0.03533,13.0,0.03532,1146.0,0.0354,1479.0,0.03541,453.0
1753533422520,12:37:02.520,BDXN/USDT:USDT,0.03533,13.0,0.03532,1146.0,0.0354,1508.0,0.03541,453.0
1753533422587,12:37:02.587,BDXN/USDT:USDT,0.03533,13.0,0.03532,1146.0,0.0354,1479.0,0.03541,453.0
1753533423054,12:37:03.054,BDXN/USDT:USDT,0.03533,13.0,0.03532,1146.0,0.0354,1508.0,0.03541,453.0
1753533423143,12:37:03.143,BDXN/USDT:USDT,0.03533,13.0,0.03532,1146.0,0.0354,1479.0,0.03541,453.0
1753533423305,12:37:03.305,BDXN/USDT:USDT,0.03533,13.0,0.03532,1146.0,0.0354,1479.0,0.03541,453.0
1753533423396,12:37:03.396,BDXN/USDT:USDT,0.03533,13.0,0.03532,1146.0,0.0354,1508.0,0.03541,453.0
1753533423467,12:37:03.467,BDXN/USDT:USDT,0.03533,13.0,0.03532,1146.0,0.0354,1479.0,0.03541,453.0
1753533424054,12:37:04.054,BDXN/USDT:USDT,0.03533,13.0,0.03532,1146.0,0.0354,1508.0,0.03541,453.0
1753533424126,12:37:04.126,BDXN/USDT:USDT,0.03533,13.0,0.03532,1146.0,0.0354,1479.0,0.03541,453.0
1753533425527,12:37:05.527,BDXN/USDT:USDT,0.03533,13.0,0.03532,1146.0,0.03539,425.0,0.0354,1479.0
1753533425532,12:37:05.532,BDXN/USDT:USDT,0.03533,13.0,0.03532,1146.0,0.03539,1571.0,0.0354,1479.0
1753533425629,12:37:05.629,BDXN/USDT:USDT,0.03533,13.0,0.03532,1146.0,0.03539,1571.0,0.0354,1479.0
1753533426076,12:37:06.076,BDXN/USDT:USDT,0.03533,13.0,0.03532,1146.0,0.03539,1600.0,0.0354,1479.0
1753533426148,12:37:06.148,BDXN/USDT:USDT,0.03533,13.0,0.03532,1146.0,0.03539,1571.0,0.0354,1479.0
1753533426392,12:37:06.392,BDXN/USDT:USDT,0.03533,13.0,0.03532,1146.0,0.03539,1571.0,0.0354,1479.0
1753533427737,12:37:07.737,BDXN/USDT:USDT,0.03533,13.0,0.03532,1146.0,0.03539,1571.0,0.0354,1479.0
1753533428105,12:37:08.105,BDXN/USDT:USDT,0.03533,13.0,0.03532,1146.0,0.03539,1571.0,0.0354,1479.0
1753533428273,12:37:08.273,BDXN/USDT:USDT,0.03533,13.0,0.03532,1146.0,0.03539,1600.0,0.0354,1479.0
1753533428366,12:37:08.366,BDXN/USDT:USDT,0.03533,13.0,0.03532,1146.0,0.03539,1146.0,0.0354,1479.0
1753533428504,12:37:08.504,BDXN/USDT:USDT,0.03533,13.0,0.03532,1146.0,0.03539,1146.0,0.0354,1479.0
1753533428614,12:37:08.614,BDXN/USDT:USDT,0.03533,13.0,0.03532,1146.0,0.03539,1175.0,0.0354,1479.0
1753533428686,12:37:08.686,BDXN/USDT:USDT,0.03533,13.0,0.03532,1146.0,0.03539,1146.0,0.0354,1479.0
1753533429014,12:37:09.014,BDXN/USDT:USDT,0.03533,13.0,0.03532,1146.0,0.03539,1175.0,0.0354,1479.0
1753533429085,12:37:09.085,BDXN/USDT:USDT,0.03533,13.0,0.03532,1146.0,0.03539,1146.0,0.0354,1479.0
1753533429313,12:37:09.313,BDXN/USDT:USDT,0.03533,13.0,0.03532,1146.0,0.03539,1175.0,0.0354,1479.0
1753533429385,12:37:09.385,BDXN/USDT:USDT,0.03533,13.0,0.03532,1146.0,0.03539,1146.0,0.0354,1479.0
1753533429724,12:37:09.724,BDXN/USDT:USDT,0.03533,13.0,0.03532,1146.0,0.03539,1146.0,0.0354,1479.0
1753533429906,12:37:09.906,BDXN/USDT:USDT,0.03533,13.0,0.03532,1146.0,0.03539,1146.0,0.0354,1479.0
1753533430014,12:37:10.014,BDXN/USDT:USDT,0.03533,13.0,0.03532,1146.0,0.03539,1175.0,0.0354,1479.0
1753533430086,12:37:10.086,BDXN/USDT:USDT,0.03533,13.0,0.03532,1146.0,0.03539,1146.0,0.0354,1479.0
1753533430368,12:37:10.368,BDXN/USDT:USDT,0.03533,13.0,0.03532,1581.0,0.03539,1146.0,0.0354,1899.0
1753533430573,12:37:10.573,BDXN/USDT:USDT,0.03533,13.0,0.03532,1581.0,0.03539,1175.0,0.0354,1899.0
1753533430645,12:37:10.645,BDXN/USDT:USDT,0.03533,13.0,0.03532,1581.0,0.03539,1146.0,0.0354,1899.0
1753533430826,12:37:10.826,BDXN/USDT:USDT,0.03533,13.0,0.03532,1581.0,0.03539,1146.0,0.0354,1899.0
1753533430977,12:37:10.977,BDXN/USDT:USDT,0.03533,13.0,0.03532,1581.0,0.03539,1175.0,0.0354,1899.0
1753533431048,12:37:11.048,BDXN/USDT:USDT,0.03533,13.0,0.03532,1581.0,0.03539,1146.0,0.0354,1899.0
1753533431312,12:37:11.312,BDXN/USDT:USDT,0.03533,13.0,0.03532,1581.0,0.03539,1146.0,0.0354,1899.0
1753533431505,12:37:11.505,BDXN/USDT:USDT,0.03533,13.0,0.03532,1581.0,0.03539,1146.0,0.0354,1899.0
1753533431908,12:37:11.908,BDXN/USDT:USDT,0.03533,13.0,0.03532,1581.0,0.03539,1146.0,0.0354,1899.0
1753533432224,12:37:12.224,BDXN/USDT:USDT,0.03533,13.0,0.03532,1581.0,0.03539,1146.0,0.0354,1899.0
1753533432393,12:37:12.393,BDXN/USDT:USDT,0.03533,13.0,0.03532,1581.0,0.03539,1175.0,0.0354,1899.0
1753533432467,12:37:12.467,BDXN/USDT:USDT,0.03533,13.0,0.03532,1581.0,0.03539,1146.0,0.0354,1899.0
1753533433120,12:37:13.120,BDXN/USDT:USDT,0.03533,13.0,0.03532,1581.0,0.03539,1175.0,0.0354,1899.0
1753533433186,12:37:13.186,BDXN/USDT:USDT,0.03533,13.0,0.03532,1581.0,0.03539,1146.0,0.0354,1899.0
1753533433394,12:37:13.394,BDXN/USDT:USDT,0.03533,13.0,0.03532,1581.0,0.03539,1146.0,0.0354,1899.0
1753533433554,12:37:13.554,BDXN/USDT:USDT,0.03533,13.0,0.03532,1581.0,0.03539,1175.0,0.0354,1899.0
1753533433627,12:37:13.627,BDXN/USDT:USDT,0.03533,13.0,0.03532,1581.0,0.03539,1146.0,0.0354,1899.0
1753533434256,12:37:14.256,BDXN/USDT:USDT,0.03533,13.0,0.03532,1581.0,0.03539,1175.0,0.0354,1899.0
1753533434328,12:37:14.328,BDXN/USDT:USDT,0.03533,13.0,0.03532,1581.0,0.03539,1146.0,0.0354,1899.0
1753533434626,12:37:14.626,BDXN/USDT:USDT,0.03533,13.0,0.03532,1581.0,0.03539,1146.0,0.0354,1899.0
1753533435725,12:37:15.725,BDXN/USDT:USDT,0.03533,13.0,0.03532,1581.0,0.03539,1146.0,0.0354,1899.0
1753533436425,12:37:16.425,BDXN/USDT:USDT,0.03533,13.0,0.03532,1581.0,0.03539,1146.0,0.0354,1899.0
1753533436903,12:37:16.903,BDXN/USDT:USDT,0.03533,13.0,0.03532,1581.0,0.0354,1899.0,0.03541,421.0
1753533438079,12:37:18.079,BDXN/USDT:USDT,0.03533,13.0,0.03532,1581.0,0.0354,423.0,0.03541,1897.0
1753533438192,12:37:18.192,BDXN/USDT:USDT,0.03533,13.0,0.03532,1581.0,0.0354,423.0,0.03541,1897.0
1753533440422,12:37:20.422,BDXN/USDT:USDT,0.03533,13.0,0.03532,1581.0,0.0354,3.0,0.03541,1476.0
1753533440567,12:37:20.567,BDXN/USDT:USDT,0.03533,13.0,0.03532,1581.0,0.0354,3.0,0.03542,2621.0
1753533440708,12:37:20.708,BDXN/USDT:USDT,0.03533,13.0,0.03532,1581.0,0.0354,3.0,0.03542,1146.0
1753533441029,12:37:21.029,BDXN/USDT:USDT,0.03533,13.0,0.03532,1581.0,0.0354,3.0,0.03542,1146.0
1753533443904,12:37:23.904,BDXN/USDT:USDT,0.03533,13.0,0.03532,1581.0,0.0354,3.0,0.03542,1146.0
1753533444258,12:37:24.258,BDXN/USDT:USDT,0.03533,13.0,0.03532,1581.0,0.0354,3.0,0.03542,1146.0
1753533444407,12:37:24.407,BDXN/USDT:USDT,0.03534,417.0,0.03533,13.0,0.0354,3.0,0.03542,1146.0
1753533444516,12:37:24.516,BDXN/USDT:USDT,0.03535,618.0,0.03534,417.0,0.0354,3.0,0.03543,424.0
1753533444625,12:37:24.625,BDXN/USDT:USDT,0.03535,618.0,0.03534,417.0,0.0354,3.0,0.03545,1719.0
1753533444644,12:37:24.644,BDXN/USDT:USDT,0.03535,618.0,0.03534,417.0,0.0354,3.0,0.03545,1719.0
1753533444740,12:37:24.740,BDXN/USDT:USDT,0.03535,618.0,0.03534,417.0,0.0354,3.0,0.03545,1719.0
1753533445140,12:37:25.140,BDXN/USDT:USDT,0.03535,618.0,0.03534,417.0,0.0354,3.0,0.03545,1719.0
1753533445561,12:37:25.561,BDXN/USDT:USDT,0.03535,618.0,0.03534,417.0,0.0354,3.0,0.03545,1719.0
1753533445992,12:37:25.992,BDXN/USDT:USDT,0.03535,618.0,0.03534,417.0,0.0354,3.0,0.03545,1719.0
1753533446273,12:37:26.273,BDXN/USDT:USDT,0.03535,618.0,0.03534,417.0,0.0354,3.0,0.03545,1719.0
1753533446379,12:37:26.379,BDXN/USDT:USDT,0.03535,618.0,0.03534,417.0,0.0354,3.0,0.03545,1719.0
1753533447206,12:37:27.206,BDXN/USDT:USDT,0.03535,618.0,0.03534,417.0,0.0354,3.0,0.03545,1719.0
1753533447454,12:37:27.454,BDXN/USDT:USDT,0.03535,618.0,0.03534,417.0,0.0354,3.0,0.03545,1719.0
1753533448028,12:37:28.028,BDXN/USDT:USDT,0.03535,618.0,0.03534,417.0,0.0354,3.0,0.03545,1719.0
1753533449627,12:37:29.627,BDXN/USDT:USDT,0.03535,618.0,0.03534,417.0,0.0354,3.0,0.03545,1719.0
1753533452455,12:37:32.455,BDXN/USDT:USDT,0.03535,618.0,0.03534,417.0,0.0354,3.0,0.03545,2136.0
1753533452955,12:37:32.955,BDXN/USDT:USDT,0.03536,428.0,0.03535,618.0,0.0354,3.0,0.03545,2136.0
1753533453041,12:37:33.041,BDXN/USDT:USDT,0.03537,13.0,0.03536,428.0,0.0354,3.0,0.03545,2136.0
1753533453271,12:37:33.271,BDXN/USDT:USDT,0.03537,13.0,0.03536,428.0,0.0354,3.0,0.03545,2136.0
1753533454104,12:37:34.104,BDXN/USDT:USDT,0.03537,29.0,0.03536,444.0,0.0354,3.0,0.03545,2136.0
1753533454545,12:37:34.545,BDXN/USDT:USDT,0.03537,29.0,0.03536,444.0,0.0354,3.0,0.03545,2136.0
1753533454904,12:37:34.904,BDXN/USDT:USDT,0.03537,29.0,0.03536,444.0,0.0354,3.0,0.03541,16.0
1753533454959,12:37:34.959,BDXN/USDT:USDT,0.03537,29.0,0.03536,444.0,0.0354,3.0,0.03541,16.0
1753533457280,12:37:37.280,BDXN/USDT:USDT,0.03537,29.0,0.03536,444.0,0.0354,3.0,0.03541,16.0
1753533461558,12:37:41.558,BDXN/USDT:USDT,0.03537,29.0,0.03536,16.0,0.0354,3.0,0.03541,32.0
1753533461669,12:37:41.669,BDXN/USDT:USDT,0.03537,29.0,0.03536,16.0,0.0354,3.0,0.03541,32.0
1753533466682,12:37:46.682,BDXN/USDT:USDT,0.03537,29.0,0.03536,16.0,0.0354,3.0,0.03541,32.0
1753533467033,12:37:47.033,BDXN/USDT:USDT,0.03537,29.0,0.03536,16.0,0.0354,3.0,0.03541,32.0
1753533467171,12:37:47.171,BDXN/USDT:USDT,0.03537,29.0,0.03536,16.0,0.0354,3.0,0.03541,32.0
1753533468260,12:37:48.260,BDXN/USDT:USDT,0.03537,29.0,0.03536,16.0,0.0354,3.0,0.03541,32.0
1753533469837,12:37:49.837,BDXN/USDT:USDT,0.03537,29.0,0.03536,16.0,0.0354,3.0,0.03541,32.0
1753533477211,12:37:57.211,BDXN/USDT:USDT,0.03537,13.0,0.03535,16.0,0.0354,3.0,0.03541,32.0
1753533477316,12:37:57.316,BDXN/USDT:USDT,0.03536,573.0,0.03535,32.0,0.03544,430.0,0.03545,1891.0
1753533477415,12:37:57.415,BDXN/USDT:USDT,0.03537,13.0,0.03536,573.0,0.03545,1474.0,0.03547,573.0
1753533477527,12:37:57.527,BDXN/USDT:USDT,0.03537,13.0,0.03536,573.0,0.03545,1474.0,0.03547,573.0
1753533477545,12:37:57.545,BDXN/USDT:USDT,0.03537,13.0,0.03536,573.0,0.03545,1474.0,0.03547,573.0
1753533477805,12:37:57.805,BDXN/USDT:USDT,0.03537,13.0,0.03536,573.0,0.03545,1474.0,0.03547,573.0
1753533477827,12:37:57.827,BDXN/USDT:USDT,0.03537,13.0,0.03536,573.0,0.03545,1474.0,0.03547,573.0
1753533478345,12:37:58.345,BDXN/USDT:USDT,0.03537,13.0,0.03536,573.0,0.03545,1474.0,0.03547,573.0
1753533478824,12:37:58.824,BDXN/USDT:USDT,0.03537,13.0,0.03536,573.0,0.03545,1474.0,0.03547,573.0
1753533480294,12:38:00.294,BDXN/USDT:USDT,0.03537,13.0,0.03536,573.0,0.03545,1474.0,0.03547,573.0
1753533480422,12:38:00.422,BDXN/USDT:USDT,0.03537,13.0,0.03536,573.0,0.03545,1503.0,0.03546,434.0
1753533480468,12:38:00.468,BDXN/USDT:USDT,0.03537,13.0,0.03536,573.0,0.03545,1474.0,0.03546,434.0
1753533480714,12:38:00.714,BDXN/USDT:USDT,0.03537,13.0,0.03536,573.0,0.03545,1503.0,0.03546,434.0
1753533480786,12:38:00.786,BDXN/USDT:USDT,0.03537,13.0,0.03536,573.0,0.03545,1474.0,0.03546,434.0
1753533481212,12:38:01.212,BDXN/USDT:USDT,0.03537,13.0,0.03536,573.0,0.03545,1474.0,0.03546,434.0
1753533481256,12:38:01.256,BDXN/USDT:USDT,0.03537,13.0,0.03536,573.0,0.03545,1474.0,0.03546,434.0
1753533482327,12:38:02.327,BDXN/USDT:USDT,0.03537,13.0,0.03536,573.0,0.03545,1474.0,0.03546,434.0
1753533482404,12:38:02.404,BDXN/USDT:USDT,0.03537,13.0,0.03536,573.0,0.03545,1503.0,0.03546,434.0
1753533482476,12:38:02.476,BDXN/USDT:USDT,0.03537,13.0,0.03536,573.0,0.03545,1474.0,0.03546,434.0
1753533483506,12:38:03.506,BDXN/USDT:USDT,0.03537,13.0,0.03536,573.0,0.03545,1474.0,0.03546,434.0
1753533483813,12:38:03.813,BDXN/USDT:USDT,0.03537,13.0,0.03536,573.0,0.03545,1503.0,0.03546,434.0
1753533483888,12:38:03.888,BDXN/USDT:USDT,0.03537,13.0,0.03536,573.0,0.03545,1474.0,0.03546,434.0
1753533486222,12:38:06.222,BDXN/USDT:USDT,0.03537,13.0,0.03536,573.0,0.03545,1503.0,0.03546,434.0
1753533486293,12:38:06.293,BDXN/USDT:USDT,0.03537,13.0,0.03536,573.0,0.03545,1474.0,0.03546,434.0
1753533486642,12:38:06.642,BDXN/USDT:USDT,0.03537,13.0,0.03536,573.0,0.03545,1474.0,0.03546,434.0
1753533487214,12:38:07.214,BDXN/USDT:USDT,0.03537,13.0,0.03536,573.0,0.03545,1503.0,0.03546,434.0
1753533487286,12:38:07.286,BDXN/USDT:USDT,0.03537,13.0,0.03536,573.0,0.03545,1474.0,0.03546,434.0
1753533487363,12:38:07.363,BDXN/USDT:USDT,0.03537,13.0,0.03536,573.0,0.03545,1503.0,0.03546,434.0
1753533487435,12:38:07.435,BDXN/USDT:USDT,0.03537,13.0,0.03536,573.0,0.03545,1474.0,0.03546,434.0
1753533487614,12:38:07.614,BDXN/USDT:USDT,0.03537,13.0,0.03536,573.0,0.03545,1503.0,0.03546,434.0
1753533487686,12:38:07.686,BDXN/USDT:USDT,0.03537,13.0,0.03536,573.0,0.03545,1474.0,0.03546,434.0
1753533487815,12:38:07.815,BDXN/USDT:USDT,0.03537,13.0,0.03536,573.0,0.03545,1503.0,0.03546,434.0
1753533487899,12:38:07.899,BDXN/USDT:USDT,0.03537,13.0,0.03536,573.0,0.03545,1474.0,0.03546,434.0
1753533488073,12:38:08.073,BDXN/USDT:USDT,0.03537,13.0,0.03536,573.0,0.03545,1503.0,0.03546,434.0
1753533488145,12:38:08.145,BDXN/USDT:USDT,0.03537,13.0,0.03536,573.0,0.03545,1474.0,0.03546,434.0
1753533488423,12:38:08.423,BDXN/USDT:USDT,0.03537,13.0,0.03536,573.0,0.03545,1503.0,0.03546,434.0
1753533488499,12:38:08.499,BDXN/USDT:USDT,0.03537,13.0,0.03536,573.0,0.03545,1474.0,0.03546,434.0
1753533488595,12:38:08.595,BDXN/USDT:USDT,0.03537,13.0,0.03536,573.0,0.03545,1503.0,0.03546,434.0
1753533488667,12:38:08.667,BDXN/USDT:USDT,0.03537,13.0,0.03536,573.0,0.03545,1474.0,0.03546,434.0
1753533488795,12:38:08.795,BDXN/USDT:USDT,0.03537,13.0,0.03536,573.0,0.03545,1503.0,0.03546,434.0
1753533488867,12:38:08.867,BDXN/USDT:USDT,0.03537,13.0,0.03536,573.0,0.03545,1474.0,0.03546,434.0
1753533489173,12:38:09.173,BDXN/USDT:USDT,0.03537,13.0,0.03536,573.0,0.03545,1503.0,0.03546,434.0
1753533489245,12:38:09.245,BDXN/USDT:USDT,0.03537,13.0,0.03536,573.0,0.03545,1474.0,0.03546,434.0
1753533489414,12:38:09.414,BDXN/USDT:USDT,0.03537,13.0,0.03536,573.0,0.03545,1503.0,0.03546,434.0
1753533489520,12:38:09.520,BDXN/USDT:USDT,0.03537,13.0,0.03536,573.0,0.03545,1474.0,0.03547,573.0
1753533490024,12:38:10.024,BDXN/USDT:USDT,0.03537,13.0,0.03536,573.0,0.03542,446.0,0.03544,1146.0
1753533490061,12:38:10.061,BDXN/USDT:USDT,0.03537,13.0,0.03536,573.0,0.03542,1921.0,0.03544,1146.0
1753533490167,12:38:10.167,BDXN/USDT:USDT,0.03537,13.0,0.03536,573.0,0.03542,1921.0,0.03544,1146.0
1753533490424,12:38:10.424,BDXN/USDT:USDT,0.03537,29.0,0.03536,573.0,0.03542,1921.0,0.03544,1146.0
1753533491409,12:38:11.409,BDXN/USDT:USDT,0.03537,45.0,0.03536,573.0,0.03542,1921.0,0.03544,1146.0
1753533491579,12:38:11.579,BDXN/USDT:USDT,0.03537,45.0,0.03536,573.0,0.03542,1507.0,0.03544,1146.0
1753533493231,12:38:13.231,BDXN/USDT:USDT,0.03537,45.0,0.03536,573.0,0.03542,1507.0,0.03544,1146.0
1753533493429,12:38:13.429,BDXN/USDT:USDT,0.03537,45.0,0.03536,573.0,0.03542,1507.0,0.03544,1146.0
1753533494431,12:38:14.431,BDXN/USDT:USDT,0.03537,45.0,0.03536,573.0,0.03542,1507.0,0.03544,1567.0
1753533495903,12:38:15.903,BDXN/USDT:USDT,0.03537,45.0,0.03535,1146.0,0.03542,1507.0,0.03544,1567.0
1753533496258,12:38:16.258,BDXN/USDT:USDT,0.03537,45.0,0.03535,1146.0,0.03542,1507.0,0.03544,1567.0
1753533496725,12:38:16.725,BDXN/USDT:USDT,0.03537,45.0,0.03536,573.0,0.03544,1895.0,0.03547,573.0
1753533496769,12:38:16.769,BDXN/USDT:USDT,0.03537,45.0,0.03536,573.0,0.03544,1474.0,0.03547,573.0
1753533497075,12:38:17.075,BDXN/USDT:USDT,0.03537,45.0,0.03536,573.0,0.03544,1474.0,0.03547,573.0
1753533497603,12:38:17.603,BDXN/USDT:USDT,0.03537,45.0,0.03536,573.0,0.03544,1474.0,0.03546,429.0
1753533498027,12:38:18.027,BDXN/USDT:USDT,0.03537,45.0,0.03536,573.0,0.03544,1474.0,0.03546,429.0
1753533498069,12:38:18.069,BDXN/USDT:USDT,0.03537,45.0,0.03536,573.0,0.03544,1474.0,0.03546,429.0
1753533498310,12:38:18.310,BDXN/USDT:USDT,0.03537,45.0,0.03536,573.0,0.03544,1474.0,0.03546,429.0
1753533499156,12:38:19.156,BDXN/USDT:USDT,0.03537,45.0,0.03536,573.0,0.03544,1474.0,0.03546,429.0
1753533500424,12:38:20.424,BDXN/USDT:USDT,0.03537,45.0,0.03536,573.0,0.03544,1474.0,0.03546,429.0
1753533500923,12:38:20.923,BDXN/USDT:USDT,0.03537,45.0,0.03536,573.0,0.03544,1474.0,0.03546,429.0
1753533502423,12:38:22.423,BDXN/USDT:USDT,0.03537,45.0,0.03536,573.0,0.03544,1474.0,0.03545,432.0
1753533502923,12:38:22.923,BDXN/USDT:USDT,0.03537,45.0,0.03536,573.0,0.03544,1474.0,0.03545,432.0
1753533503208,12:38:23.208,BDXN/USDT:USDT,0.03537,45.0,0.03536,573.0,0.03544,1474.0,0.03545,432.0
1753533503272,12:38:23.272,BDXN/USDT:USDT,0.03537,45.0,0.03536,573.0,0.03544,1474.0,0.03546,429.0
1753533503357,12:38:23.357,BDXN/USDT:USDT,0.03537,45.0,0.03536,573.0,0.03544,1474.0,0.03546,429.0
1753533503825,12:38:23.825,BDXN/USDT:USDT,0.03537,45.0,0.03536,573.0,0.03544,1474.0,0.03546,429.0
1753533503912,12:38:23.912,BDXN/USDT:USDT,0.03537,45.0,0.03536,573.0,0.03544,1503.0,0.03546,429.0
1753533503984,12:38:23.984,BDXN/USDT:USDT,0.03537,45.0,0.03536,573.0,0.03544,1474.0,0.03546,429.0
1753533504153,12:38:24.153,BDXN/USDT:USDT,0.03537,45.0,0.03536,573.0,0.03544,1503.0,0.03546,429.0
1753533504226,12:38:24.226,BDXN/USDT:USDT,0.03537,45.0,0.03536,573.0,0.03544,1474.0,0.03546,429.0
1753533504443,12:38:24.443,BDXN/USDT:USDT,0.03537,45.0,0.03536,573.0,0.03544,1474.0,0.03546,429.0
1753533506207,12:38:26.207,BDXN/USDT:USDT,0.03537,45.0,0.03536,573.0,0.03546,1903.0,0.03547,573.0
1753533507275,12:38:27.275,BDXN/USDT:USDT,0.03537,45.0,0.03536,573.0,0.03546,1903.0,0.03547,573.0
1753533507782,12:38:27.782,BDXN/USDT:USDT,0.03537,470.0,0.03536,573.0,0.03546,1903.0,0.03547,573.0
1753533508094,12:38:28.094,BDXN/USDT:USDT,0.03537,470.0,0.03536,573.0,0.03546,1903.0,0.03547,573.0
1753533508608,12:38:28.608,BDXN/USDT:USDT,0.03537,470.0,0.03536,573.0,0.03546,1903.0,0.03547,573.0
1753533508774,12:38:28.774,BDXN/USDT:USDT,0.03537,470.0,0.03536,573.0,0.03546,1932.0,0.03547,573.0
1753533508845,12:38:28.845,BDXN/USDT:USDT,0.03537,470.0,0.03536,573.0,0.03546,1903.0,0.03547,573.0
1753533509109,12:38:29.109,BDXN/USDT:USDT,0.03537,470.0,0.03536,573.0,0.03546,1903.0,0.03547,573.0
1753533509505,12:38:29.505,BDXN/USDT:USDT,0.03537,470.0,0.03536,573.0,0.03546,1903.0,0.03547,573.0
1753533509725,12:38:29.725,BDXN/USDT:USDT,0.03537,470.0,0.03536,573.0,0.03546,1903.0,0.03547,573.0
1753533510092,12:38:30.092,BDXN/USDT:USDT,0.03537,45.0,0.03536,573.0,0.03546,1903.0,0.03547,573.0
1753533510176,12:38:30.176,BDXN/USDT:USDT,0.03537,45.0,0.03536,573.0,0.03546,1932.0,0.03547,573.0
1753533510252,12:38:30.252,BDXN/USDT:USDT,0.03537,45.0,0.03536,573.0,0.03546,1903.0,0.03547,573.0
1753533510654,12:38:30.654,BDXN/USDT:USDT,0.03537,45.0,0.03536,573.0,0.03546,1932.0,0.03547,573.0
1753533510726,12:38:30.726,BDXN/USDT:USDT,0.03537,45.0,0.03536,573.0,0.03546,1903.0,0.03547,573.0
1753533511115,12:38:31.115,BDXN/USDT:USDT,0.03537,45.0,0.03536,573.0,0.03546,1932.0,0.03547,573.0
1753533511186,12:38:31.186,BDXN/USDT:USDT,0.03537,45.0,0.03536,573.0,0.03546,1903.0,0.03547,573.0
1753533511264,12:38:31.264,BDXN/USDT:USDT,0.03537,45.0,0.03536,573.0,0.03546,1932.0,0.03547,573.0
1753533511336,12:38:31.336,BDXN/USDT:USDT,0.03537,45.0,0.03536,573.0,0.03546,1903.0,0.03547,573.0
1753533511952,12:38:31.952,BDXN/USDT:USDT,0.03537,45.0,0.03536,573.0,0.03546,1932.0,0.03547,573.0
1753533512114,12:38:32.114,BDXN/USDT:USDT,0.03537,45.0,0.03536,573.0,0.03546,1932.0,0.03547,573.0
1753533512186,12:38:32.186,BDXN/USDT:USDT,0.03537,45.0,0.03536,573.0,0.03546,1903.0,0.03547,573.0
1753533512510,12:38:32.510,BDXN/USDT:USDT,0.03537,45.0,0.03536,573.0,0.03546,1903.0,0.03547,573.0
1753533512595,12:38:32.595,BDXN/USDT:USDT,0.03537,45.0,0.03536,573.0,0.03545,1572.0,0.03546,1903.0
1753533513124,12:38:33.124,BDXN/USDT:USDT,0.03537,45.0,0.03536,573.0,0.03545,1572.0,0.03546,1903.0
1753533513334,12:38:33.334,BDXN/USDT:USDT,0.03537,45.0,0.03536,573.0,0.03545,1572.0,0.03546,1903.0
1753533513675,12:38:33.675,BDXN/USDT:USDT,0.03537,45.0,0.03536,573.0,0.03545,1601.0,0.03546,1903.0
1753533513747,12:38:33.747,BDXN/USDT:USDT,0.03537,45.0,0.03536,573.0,0.03545,1572.0,0.03546,1903.0
1753533514174,12:38:34.174,BDXN/USDT:USDT,0.03537,45.0,0.03536,573.0,0.03545,1601.0,0.03546,1903.0
1753533514245,12:38:34.245,BDXN/USDT:USDT,0.03537,45.0,0.03536,573.0,0.03545,1572.0,0.03546,1903.0
1753533515174,12:38:35.174,BDXN/USDT:USDT,0.03537,45.0,0.03536,573.0,0.03545,1601.0,0.03546,1903.0
1753533515245,12:38:35.245,BDXN/USDT:USDT,0.03537,45.0,0.03536,573.0,0.03545,1572.0,0.03546,1903.0
1753533516207,12:38:36.207,BDXN/USDT:USDT,0.03537,45.0,0.03536,573.0,0.03545,1572.0,0.03546,1903.0
1753533517593,12:38:37.593,BDXN/USDT:USDT,0.03537,45.0,0.03536,573.0,0.03545,1572.0,0.03546,1474.0
1753533518120,12:38:38.120,BDXN/USDT:USDT,0.03537,45.0,0.03536,573.0,0.03544,429.0,0.03545,1601.0
1753533518185,12:38:38.185,BDXN/USDT:USDT,0.03537,45.0,0.03536,573.0,0.03544,1903.0,0.03545,1572.0
1753533518825,12:38:38.825,BDXN/USDT:USDT,0.03537,45.0,0.03536,573.0,0.03544,1474.0,0.03545,426.0
1753533518917,12:38:38.917,BDXN/USDT:USDT,0.03537,45.0,0.03536,573.0,0.03548,1154.0,0.03551,1146.0
1753533519005,12:38:39.005,BDXN/USDT:USDT,0.03537,45.0,0.03536,573.0,0.03548,2656.0,0.03551,1146.0
1753533519077,12:38:39.077,BDXN/USDT:USDT,0.03537,45.0,0.03536,573.0,0.03548,2627.0,0.03551,1146.0
1753533519172,12:38:39.172,BDXN/USDT:USDT,0.03537,45.0,0.03536,573.0,0.03548,2656.0,0.03551,1146.0
1753533519321,12:38:39.321,BDXN/USDT:USDT,0.03537,45.0,0.03536,573.0,0.03548,2656.0,0.03551,1146.0
1753533519396,12:38:39.396,BDXN/USDT:USDT,0.03537,45.0,0.03536,573.0,0.03548,2627.0,0.03551,1146.0
1753533519474,12:38:39.474,BDXN/USDT:USDT,0.03537,45.0,0.03536,573.0,0.03548,2656.0,0.03551,1146.0
1753533519545,12:38:39.545,BDXN/USDT:USDT,0.03537,45.0,0.03536,573.0,0.03548,2627.0,0.03551,1146.0
1753533519724,12:38:39.724,BDXN/USDT:USDT,0.03537,45.0,0.03536,573.0,0.03548,2627.0,0.03551,1146.0
1753533519853,12:38:39.853,BDXN/USDT:USDT,0.03537,45.0,0.03536,573.0,0.03548,2656.0,0.03551,1146.0
1753533520012,12:38:40.012,BDXN/USDT:USDT,0.03537,45.0,0.03536,573.0,0.03548,2656.0,0.03551,1146.0
1753533520084,12:38:40.084,BDXN/USDT:USDT,0.03537,45.0,0.03536,573.0,0.03548,2627.0,0.03551,1146.0
1753533520164,12:38:40.164,BDXN/USDT:USDT,0.03537,45.0,0.03536,573.0,0.03548,2656.0,0.03551,1146.0
1753533520235,12:38:40.235,BDXN/USDT:USDT,0.03537,45.0,0.03536,573.0,0.03548,2627.0,0.03551,1146.0
1753533520615,12:38:40.615,BDXN/USDT:USDT,0.03537,45.0,0.03536,573.0,0.03548,2656.0,0.03551,1146.0
1753533520689,12:38:40.689,BDXN/USDT:USDT,0.03537,45.0,0.03536,573.0,0.03548,2627.0,0.03551,1146.0
1753533520913,12:38:40.913,BDXN/USDT:USDT,0.03537,45.0,0.03536,573.0,0.03548,2656.0,0.03551,1146.0
1753533520985,12:38:40.985,BDXN/USDT:USDT,0.03537,45.0,0.03536,573.0,0.03548,2627.0,0.03551,1146.0
1753533521114,12:38:41.114,BDXN/USDT:USDT,0.03537,45.0,0.03536,573.0,0.03548,2656.0,0.03551,1146.0
1753533521186,12:38:41.186,BDXN/USDT:USDT,0.03537,45.0,0.03536,573.0,0.03548,2627.0,0.03551,1146.0
1753533521413,12:38:41.413,BDXN/USDT:USDT,0.03537,45.0,0.03536,573.0,0.03548,2656.0,0.03551,1146.0
1753533521485,12:38:41.485,BDXN/USDT:USDT,0.03537,45.0,0.03536,573.0,0.03548,2627.0,0.03551,1146.0
1753533521594,12:38:41.594,BDXN/USDT:USDT,0.03537,45.0,0.03536,573.0,0.03548,2656.0,0.03551,1146.0
1753533521666,12:38:41.666,BDXN/USDT:USDT,0.03537,45.0,0.03536,573.0,0.03548,2627.0,0.03551,1146.0
1753533521799,12:38:41.799,BDXN/USDT:USDT,0.03537,45.0,0.03536,573.0,0.03548,2656.0,0.03551,1146.0
1753533521870,12:38:41.870,BDXN/USDT:USDT,0.03537,45.0,0.03536,573.0,0.03548,2627.0,0.03551,1146.0
1753533521994,12:38:41.994,BDXN/USDT:USDT,0.03537,45.0,0.03536,573.0,0.03548,2656.0,0.03551,1146.0
1753533522066,12:38:42.066,BDXN/USDT:USDT,0.03537,45.0,0.03536,573.0,0.03548,2627.0,0.03551,1146.0
1753533522416,12:38:42.416,BDXN/USDT:USDT,0.03537,45.0,0.03536,573.0,0.03547,414.0,0.03548,2656.0
1753533522514,12:38:42.514,BDXN/USDT:USDT,0.03541,605.0,0.03538,434.0,0.03547,414.0,0.03548,1481.0
1753533522608,12:38:42.608,BDXN/USDT:USDT,0.03542,13.0,0.03541,605.0,0.03548,40.0,0.03551,1146.0
1753533522725,12:38:42.725,BDXN/USDT:USDT,0.03542,13.0,0.03541,605.0,0.03548,69.0,0.03551,1146.0
1753533522749,12:38:42.749,BDXN/USDT:USDT,0.03542,13.0,0.03541,605.0,0.03548,40.0,0.03549,1472.0
1753533522926,12:38:42.926,BDXN/USDT:USDT,0.03542,13.0,0.03541,605.0,0.03548,40.0,0.03549,1472.0
1753533523113,12:38:43.113,BDXN/USDT:USDT,0.03542,13.0,0.03541,605.0,0.03548,69.0,0.03549,1472.0
1753533523150,12:38:43.150,BDXN/USDT:USDT,0.03542,13.0,0.03541,605.0,0.03548,40.0,0.03549,1472.0
1753533523414,12:38:43.414,BDXN/USDT:USDT,0.03542,13.0,0.03541,605.0,0.03548,53.0,0.03549,1472.0
1753533523502,12:38:43.502,BDXN/USDT:USDT,0.03542,13.0,0.03541,605.0,0.03548,40.0,0.03549,1472.0
1753533523611,12:38:43.611,BDXN/USDT:USDT,0.03542,13.0,0.03541,605.0,0.03548,40.0,0.03549,1472.0
1753533523714,12:38:43.714,BDXN/USDT:USDT,0.03542,13.0,0.03541,573.0,0.03548,69.0,0.03549,1472.0
1753533523786,12:38:43.786,BDXN/USDT:USDT,0.03542,13.0,0.03541,573.0,0.03548,40.0,0.03549,1472.0
1753533523915,12:38:43.915,BDXN/USDT:USDT,0.03542,45.0,0.03541,573.0,0.03548,1186.0,0.03549,1472.0
1753533523994,12:38:43.994,BDXN/USDT:USDT,0.03542,13.0,0.03541,573.0,0.03548,1215.0,0.03549,1891.0
1753533524066,12:38:44.066,BDXN/USDT:USDT,0.03542,13.0,0.03541,573.0,0.03548,1186.0,0.03549,1891.0
1753533524148,12:38:44.148,BDXN/USDT:USDT,0.03542,13.0,0.03541,573.0,0.03548,1186.0,0.03549,1891.0
1753533524376,12:38:44.376,BDXN/USDT:USDT,0.03542,13.0,0.03541,573.0,0.03548,1215.0,0.03549,1891.0
1753533524448,12:38:44.448,BDXN/USDT:USDT,0.03542,13.0,0.03541,573.0,0.03548,1186.0,0.03549,1891.0
1753533524699,12:38:44.699,BDXN/USDT:USDT,0.03542,13.0,0.03541,573.0,0.03548,1215.0,0.03549,1891.0
1753533524771,12:38:44.771,BDXN/USDT:USDT,0.03542,13.0,0.03541,573.0,0.03548,1186.0,0.03549,1891.0
1753533525093,12:38:45.093,BDXN/USDT:USDT,0.03542,13.0,0.03541,573.0,0.03548,1215.0,0.03549,1891.0
1753533525165,12:38:45.165,BDXN/USDT:USDT,0.03542,13.0,0.03541,573.0,0.03548,1186.0,0.03549,1891.0
1753533525677,12:38:45.677,BDXN/USDT:USDT,0.03542,13.0,0.03539,1146.0,0.03548,1215.0,0.03549,1891.0
1753533525825,12:38:45.825,BDXN/USDT:USDT,0.03541,573.0,0.0354,13.0,0.03548,24.0,0.03549,1891.0
1753533525908,12:38:45.908,BDXN/USDT:USDT,0.03542,45.0,0.03541,573.0,0.03548,472.0,0.03549,1891.0
1753533526015,12:38:46.015,BDXN/USDT:USDT,0.03542,45.0,0.03541,573.0,0.03548,472.0,0.03549,1891.0
1753533526087,12:38:46.087,BDXN/USDT:USDT,0.03542,45.0,0.03541,573.0,0.03548,443.0,0.03549,1891.0
1753533526173,12:38:46.173,BDXN/USDT:USDT,0.03542,45.0,0.03541,573.0,0.03548,472.0,0.03549,1891.0
1753533526245,12:38:46.245,BDXN/USDT:USDT,0.03542,45.0,0.03541,573.0,0.03548,443.0,0.03549,1891.0
1753533526715,12:38:46.715,BDXN/USDT:USDT,0.03542,45.0,0.03541,573.0,0.03548,472.0,0.03549,1891.0
1753533526786,12:38:46.786,BDXN/USDT:USDT,0.03542,45.0,0.03541,573.0,0.03548,443.0,0.03549,1891.0
1753533527012,12:38:47.012,BDXN/USDT:USDT,0.03542,45.0,0.03541,573.0,0.03548,488.0,0.03549,1891.0
1753533527084,12:38:47.084,BDXN/USDT:USDT,0.03542,45.0,0.03541,573.0,0.03548,459.0,0.03549,1891.0
1753533530910,12:38:50.910,BDXN/USDT:USDT,0.03542,45.0,0.03541,573.0,0.03548,459.0,0.03549,1891.0
1753533531214,12:38:51.214,BDXN/USDT:USDT,0.03542,1191.0,0.03541,573.0,0.03548,488.0,0.03549,1891.0
1753533531286,12:38:51.286,BDXN/USDT:USDT,0.03542,1191.0,0.03541,573.0,0.03548,459.0,0.03549,1891.0
1753533531608,12:38:51.608,BDXN/USDT:USDT,0.03542,1191.0,0.03541,573.0,0.03548,459.0,0.03549,1891.0
1753533531874,12:38:51.874,BDXN/USDT:USDT,0.03542,1191.0,0.03541,573.0,0.03548,488.0,0.03549,1891.0
1753533531947,12:38:51.947,BDXN/USDT:USDT,0.03542,1191.0,0.03541,573.0,0.03548,459.0,0.03549,1891.0
1753533532414,12:38:52.414,BDXN/USDT:USDT,0.03542,1191.0,0.03541,573.0,0.03548,488.0,0.03549,1891.0
1753533532485,12:38:52.485,BDXN/USDT:USDT,0.03542,1191.0,0.03541,573.0,0.03548,459.0,0.03549,1891.0
1753533532998,12:38:52.998,BDXN/USDT:USDT,0.03542,1191.0,0.03541,573.0,0.03548,8.0,0.03549,1891.0
1753533533114,12:38:53.114,BDXN/USDT:USDT,0.03542,1191.0,0.03541,573.0,0.03548,8.0,0.03549,1472.0
1753533533471,12:38:53.471,BDXN/USDT:USDT,0.03542,1191.0,0.03541,573.0,0.03548,8.0,0.0355,1472.0
1753533535069,12:38:55.069,BDXN/USDT:USDT,0.03542,1191.0,0.03541,573.0,0.03548,8.0,0.0355,1885.0
1753533536158,12:38:56.158,BDXN/USDT:USDT,0.03542,1191.0,0.03541,573.0,0.03548,8.0,0.0355,1885.0
1753533537410,12:38:57.410,BDXN/USDT:USDT,0.03542,1191.0,0.03541,573.0,0.03548,8.0,0.0355,1885.0
1753533541987,12:39:01.987,BDXN/USDT:USDT,0.03542,1191.0,0.03541,573.0,0.03548,8.0,0.0355,1885.0
1753533542316,12:39:02.316,BDXN/USDT:USDT,0.03542,1191.0,0.03541,573.0,0.03548,37.0,0.0355,1885.0
1753533542388,12:39:02.388,BDXN/USDT:USDT,0.03542,1191.0,0.03541,573.0,0.03548,8.0,0.0355,1885.0
1753533542514,12:39:02.514,BDXN/USDT:USDT,0.03542,1191.0,0.03541,573.0,0.03548,37.0,0.0355,1885.0
1753533542585,12:39:02.585,BDXN/USDT:USDT,0.03542,1191.0,0.03541,573.0,0.03548,8.0,0.0355,1885.0
1753533542974,12:39:02.974,BDXN/USDT:USDT,0.03542,1191.0,0.03541,573.0,0.03548,463.0,0.0355,1885.0
1753533543046,12:39:03.046,BDXN/USDT:USDT,0.03542,1191.0,0.03541,573.0,0.03548,434.0,0.0355,1885.0
1753533543213,12:39:03.213,BDXN/USDT:USDT,0.03542,1191.0,0.03541,573.0,0.03548,463.0,0.0355,1885.0
1753533543284,12:39:03.284,BDXN/USDT:USDT,0.03542,1191.0,0.03541,573.0,0.03548,434.0,0.0355,1885.0
1753533543525,12:39:03.525,BDXN/USDT:USDT,0.03542,1191.0,0.03541,573.0,0.03548,434.0,0.0355,413.0
1753533543617,12:39:03.617,BDXN/USDT:USDT,0.03542,1191.0,0.03541,573.0,0.03548,1935.0,0.0355,413.0
1753533543690,12:39:03.690,BDXN/USDT:USDT,0.03542,1191.0,0.03541,573.0,0.03548,1906.0,0.0355,413.0
1753533543814,12:39:03.814,BDXN/USDT:USDT,0.03542,1191.0,0.03541,573.0,0.03548,1935.0,0.0355,413.0
1753533543885,12:39:03.885,BDXN/USDT:USDT,0.03542,1191.0,0.03541,573.0,0.03548,1906.0,0.0355,413.0
1753533544126,12:39:04.126,BDXN/USDT:USDT,0.03542,1191.0,0.03541,573.0,0.03548,1906.0,0.0355,413.0
1753533544529,12:39:04.529,BDXN/USDT:USDT,0.03542,1191.0,0.03541,573.0,0.03548,1906.0,0.0355,413.0
1753533545029,12:39:05.029,BDXN/USDT:USDT,0.03542,1191.0,0.03541,573.0,0.03548,1906.0,0.0355,413.0
1753533545792,12:39:05.792,BDXN/USDT:USDT,0.03542,1191.0,0.03541,573.0,0.03548,1935.0,0.0355,413.0
1753533545865,12:39:05.865,BDXN/USDT:USDT,0.03542,1191.0,0.03541,573.0,0.03548,1906.0,0.0355,413.0
1753533546025,12:39:06.025,BDXN/USDT:USDT,0.03542,1191.0,0.03541,573.0,0.03548,1906.0,0.0355,413.0
1753533546114,12:39:06.114,BDXN/USDT:USDT,0.03542,1191.0,0.03541,573.0,0.03548,1935.0,0.0355,413.0
1753533546186,12:39:06.186,BDXN/USDT:USDT,0.03542,1191.0,0.03541,573.0,0.03548,1906.0,0.0355,413.0
1753533546754,12:39:06.754,BDXN/USDT:USDT,0.03542,1191.0,0.03541,573.0,0.03548,1935.0,0.0355,413.0
1753533546826,12:39:06.826,BDXN/USDT:USDT,0.03542,1191.0,0.03541,573.0,0.03548,1906.0,0.0355,413.0
1753533547115,12:39:07.115,BDXN/USDT:USDT,0.03542,1191.0,0.03541,573.0,0.03548,1935.0,0.0355,413.0
1753533547186,12:39:07.186,BDXN/USDT:USDT,0.03542,1191.0,0.03541,573.0,0.03548,1906.0,0.0355,413.0
1753533547274,12:39:07.274,BDXN/USDT:USDT,0.03542,1191.0,0.03541,573.0,0.03548,1935.0,0.0355,413.0
1753533547346,12:39:07.346,BDXN/USDT:USDT,0.03542,1191.0,0.03541,573.0,0.03548,1906.0,0.0355,413.0
1753533547774,12:39:07.774,BDXN/USDT:USDT,0.03542,1191.0,0.03541,573.0,0.03548,1935.0,0.0355,413.0
1753533547846,12:39:07.846,BDXN/USDT:USDT,0.03542,1191.0,0.03541,573.0,0.03548,1906.0,0.0355,413.0
1753533551275,12:39:11.275,BDXN/USDT:USDT,0.03542,1191.0,0.03541,573.0,0.03548,1906.0,0.0355,413.0
1753533551974,12:39:11.974,BDXN/USDT:USDT,0.03542,1191.0,0.03541,573.0,0.03548,1935.0,0.0355,413.0
1753533552045,12:39:12.045,BDXN/USDT:USDT,0.03542,1191.0,0.03541,573.0,0.03548,1906.0,0.0355,413.0
1753533552308,12:39:12.308,BDXN/USDT:USDT,0.03542,1191.0,0.03541,573.0,0.03548,1906.0,0.0355,413.0
1753533552513,12:39:12.513,BDXN/USDT:USDT,0.03542,1191.0,0.03541,573.0,0.03548,1935.0,0.0355,413.0
1753533552585,12:39:12.585,BDXN/USDT:USDT,0.03542,1191.0,0.03541,573.0,0.03548,1906.0,0.0355,413.0
1753533553014,12:39:13.014,BDXN/USDT:USDT,0.03542,1191.0,0.03541,573.0,0.03548,1935.0,0.0355,413.0
1753533553085,12:39:13.085,BDXN/USDT:USDT,0.03542,1191.0,0.03541,573.0,0.03548,1906.0,0.0355,413.0
1753533553516,12:39:13.516,BDXN/USDT:USDT,0.03542,1191.0,0.03541,573.0,0.03548,1935.0,0.0355,413.0
1753533553588,12:39:13.588,BDXN/USDT:USDT,0.03542,1191.0,0.03541,573.0,0.03548,1906.0,0.0355,413.0
1753533554013,12:39:14.013,BDXN/USDT:USDT,0.03542,1191.0,0.03541,573.0,0.03548,1935.0,0.0355,413.0
1753533554088,12:39:14.088,BDXN/USDT:USDT,0.03542,1191.0,0.03541,573.0,0.03548,1906.0,0.0355,413.0
1753533554714,12:39:14.714,BDXN/USDT:USDT,0.03542,1191.0,0.03541,573.0,0.03548,1935.0,0.0355,413.0
1753533554785,12:39:14.785,BDXN/USDT:USDT,0.03542,1191.0,0.03541,573.0,0.03548,1906.0,0.0355,413.0
1753533554914,12:39:14.914,BDXN/USDT:USDT,0.03542,1191.0,0.03541,573.0,0.03548,1935.0,0.0355,413.0
1753533554985,12:39:14.985,BDXN/USDT:USDT,0.03542,1191.0,0.03541,573.0,0.03548,1906.0,0.0355,413.0
1753533555114,12:39:15.114,BDXN/USDT:USDT,0.03542,1191.0,0.03541,573.0,0.03548,1935.0,0.0355,413.0
1753533555186,12:39:15.186,BDXN/USDT:USDT,0.03542,1191.0,0.03541,573.0,0.03548,1906.0,0.0355,413.0
1753533556054,12:39:16.054,BDXN/USDT:USDT,0.03542,1191.0,0.03541,573.0,0.03548,1935.0,0.0355,413.0
1753533556126,12:39:16.126,BDXN/USDT:USDT,0.03542,1191.0,0.03541,573.0,0.03548,1906.0,0.0355,413.0
1753533556824,12:39:16.824,BDXN/USDT:USDT,0.03542,1191.0,0.03541,573.0,0.03548,1906.0,0.0355,413.0
1753533557324,12:39:17.324,BDXN/USDT:USDT,0.03542,1191.0,0.03541,573.0,0.03548,1906.0,0.0355,413.0
1753533557656,12:39:17.656,BDXN/USDT:USDT,0.03542,1191.0,0.03541,573.0,0.03548,1935.0,0.0355,413.0
1753533557728,12:39:17.728,BDXN/USDT:USDT,0.03542,1191.0,0.03541,573.0,0.03548,1906.0,0.0355,413.0
1753533557926,12:39:17.926,BDXN/USDT:USDT,0.03542,1191.0,0.03541,573.0,0.03548,1906.0,0.0355,413.0
1753533558454,12:39:18.454,BDXN/USDT:USDT,0.03542,1191.0,0.03541,573.0,0.03548,1935.0,0.0355,413.0
1753533558527,12:39:18.527,BDXN/USDT:USDT,0.03542,1191.0,0.03541,573.0,0.03548,1906.0,0.0355,413.0
1753533559306,12:39:19.306,BDXN/USDT:USDT,0.03542,1191.0,0.03541,573.0,0.03548,1906.0,0.0355,413.0
1753533560295,12:39:20.295,BDXN/USDT:USDT,0.03542,1191.0,0.03541,573.0,0.03548,1935.0,0.0355,413.0
1753533560367,12:39:20.367,BDXN/USDT:USDT,0.03542,1191.0,0.03541,573.0,0.03548,1906.0,0.0355,413.0
1753533560826,12:39:20.826,BDXN/USDT:USDT,0.03542,1191.0,0.03541,573.0,0.03548,1906.0,0.0355,413.0
1753533560915,12:39:20.915,BDXN/USDT:USDT,0.03542,1191.0,0.03541,573.0,0.03548,1935.0,0.0355,413.0
1753533560987,12:39:20.987,BDXN/USDT:USDT,0.03542,1191.0,0.03541,573.0,0.03548,1906.0,0.0355,413.0
1753533561425,12:39:21.425,BDXN/USDT:USDT,0.03542,1191.0,0.03541,573.0,0.03548,1906.0,0.0355,413.0
1753533562015,12:39:22.015,BDXN/USDT:USDT,0.03542,1191.0,0.03541,573.0,0.03548,8.0,0.0355,1885.0
1753533562045,12:39:22.045,BDXN/USDT:USDT,0.03542,1191.0,0.03541,573.0,0.03548,8.0,0.0355,1472.0
1753533562201,12:39:22.201,BDXN/USDT:USDT,0.03542,1191.0,0.03541,573.0,0.03548,8.0,0.0355,1472.0
1753533563105,12:39:23.105,BDXN/USDT:USDT,0.03542,1191.0,0.03541,573.0,0.03548,8.0,0.0355,1472.0
1753533565605,12:39:25.605,BDXN/USDT:USDT,0.03542,1191.0,0.03541,573.0,0.03548,8.0,0.0355,1472.0
