timestamp,time,symbol,bid1_price,bid1_volume,bid2_price,bid2_volume,ask1_price,ask1_volume,ask2_price,ask2_volume
1753533021000,12:30:21.000,DYM/USDT:USDT,0.2811,45.0,0.281,556.0,0.2816,45.0,0.2817,392.0
1753533021422,12:30:21.422,DYM/USDT:USDT,0.2811,45.0,0.281,556.0,0.2816,45.0,0.2817,392.0
1753533021473,12:30:21.473,DYM/USDT:USDT,0.2811,45.0,0.281,556.0,0.2816,45.0,0.2817,392.0
1753533021725,12:30:21.725,DYM/USDT:USDT,0.2811,45.0,0.281,556.0,0.2816,45.0,0.2817,392.0
1753533021778,12:30:21.778,DYM/USDT:USDT,0.2811,45.0,0.281,556.0,0.2816,45.0,0.2817,392.0
1753533021885,12:30:21.885,DYM/USDT:USDT,0.2811,45.0,0.281,556.0,0.2816,45.0,0.2817,392.0
1753533021946,12:30:21.946,DYM/USDT:USDT,0.2811,45.0,0.281,556.0,0.2816,45.0,0.2817,392.0
1753533022198,12:30:22.198,DYM/USDT:USDT,0.2812,47.0,0.2811,555.0,0.2816,45.0,0.2817,392.0
1753533023578,12:30:23.578,DYM/USDT:USDT,0.2812,47.0,0.2811,555.0,0.2816,45.0,0.2817,392.0
1753533024025,12:30:24.025,DYM/USDT:USDT,0.2811,45.0,0.281,556.0,0.2815,47.0,0.2816,307.0
1753533026795,12:30:26.795,DYM/USDT:USDT,0.2811,45.0,0.281,1864.0,0.2815,47.0,0.2816,307.0
1753533034020,12:30:34.020,DYM/USDT:USDT,0.2811,45.0,0.281,556.0,0.2815,262.0,0.2816,45.0
1753533034177,12:30:34.177,DYM/USDT:USDT,0.2811,45.0,0.281,556.0,0.2814,46.0,0.2815,262.0
1753533039413,12:30:39.413,DYM/USDT:USDT,0.2811,45.0,0.281,556.0,0.2814,46.0,0.2815,262.0
1753533039565,12:30:39.565,DYM/USDT:USDT,0.281,46.0,0.2809,1818.0,0.2814,46.0,0.2815,262.0
1753533039665,12:30:39.665,DYM/USDT:USDT,0.281,46.0,0.2809,510.0,0.2813,46.0,0.2814,308.0
1753533039902,12:30:39.902,DYM/USDT:USDT,0.281,46.0,0.2809,510.0,0.2813,46.0,0.2814,308.0
1753533040619,12:30:40.619,DYM/USDT:USDT,0.281,556.0,0.2808,2065.0,0.2814,46.0,0.2815,262.0
1753533040718,12:30:40.718,DYM/USDT:USDT,0.2811,46.0,0.281,556.0,0.2814,46.0,0.2815,262.0
1753533040740,12:30:40.740,DYM/USDT:USDT,0.2811,46.0,0.281,556.0,0.2814,46.0,0.2815,262.0
1753533041409,12:30:41.409,DYM/USDT:USDT,0.2811,46.0,0.281,556.0,0.2814,46.0,0.2815,262.0
1753533041818,12:30:41.818,DYM/USDT:USDT,0.2811,46.0,0.281,556.0,0.2814,46.0,0.2815,262.0
1753533041898,12:30:41.898,DYM/USDT:USDT,0.2808,46.0,0.2807,712.0,0.2814,46.0,0.2815,296.0
1753533041960,12:30:41.960,DYM/USDT:USDT,0.2808,46.0,0.2807,712.0,0.2814,46.0,0.2815,296.0
1753533042056,12:30:42.056,DYM/USDT:USDT,0.2808,46.0,0.2807,712.0,0.2814,46.0,0.2815,296.0
1753533042553,12:30:42.553,DYM/USDT:USDT,0.2809,46.0,0.2808,296.0,0.2814,46.0,0.2815,296.0
1753533042662,12:30:42.662,DYM/USDT:USDT,0.2809,46.0,0.2808,296.0,0.2814,46.0,0.2815,296.0
1753533043720,12:30:43.720,DYM/USDT:USDT,0.2809,46.0,0.2808,296.0,0.2814,46.0,0.2815,296.0
1753533043926,12:30:43.926,DYM/USDT:USDT,0.2809,46.0,0.2808,296.0,0.2814,46.0,0.2815,296.0
1753533043941,12:30:43.941,DYM/USDT:USDT,0.2809,46.0,0.2808,296.0,0.2814,46.0,0.2815,296.0
1753533044622,12:30:44.622,DYM/USDT:USDT,0.2809,46.0,0.2808,296.0,0.2814,46.0,0.2815,296.0
1753533045897,12:30:45.897,DYM/USDT:USDT,0.2809,46.0,0.2808,296.0,0.2814,46.0,0.2815,296.0
1753533048124,12:30:48.124,DYM/USDT:USDT,0.2809,46.0,0.2808,2114.0,0.2813,46.0,0.2814,308.0
1753533048164,12:30:48.164,DYM/USDT:USDT,0.2809,46.0,0.2808,2114.0,0.2813,46.0,0.2814,308.0
1753533048382,12:30:48.382,DYM/USDT:USDT,0.2809,46.0,0.2808,2114.0,0.2813,46.0,0.2814,308.0
1753533049472,12:30:49.472,DYM/USDT:USDT,0.2809,46.0,0.2808,2114.0,0.2813,46.0,0.2814,308.0
1753533049600,12:30:49.600,DYM/USDT:USDT,0.2809,46.0,0.2808,2114.0,0.2813,46.0,0.2814,308.0
1753533050920,12:30:50.920,DYM/USDT:USDT,0.2809,556.0,0.2808,1604.0,0.2813,46.0,0.2814,308.0
1753533050976,12:30:50.976,DYM/USDT:USDT,0.281,47.0,0.2809,556.0,0.2813,46.0,0.2814,308.0
1753533053964,12:30:53.964,DYM/USDT:USDT,0.281,47.0,0.2809,556.0,0.2813,46.0,0.2814,308.0
1753533055067,12:30:55.067,DYM/USDT:USDT,0.281,47.0,0.2809,556.0,0.2813,46.0,0.2814,308.0
1753533056817,12:30:56.817,DYM/USDT:USDT,0.2809,46.0,0.2808,2114.0,0.2813,46.0,0.2814,308.0
1753533057027,12:30:57.027,DYM/USDT:USDT,0.2809,46.0,0.2808,2114.0,0.2813,46.0,0.2814,308.0
1753533057484,12:30:57.484,DYM/USDT:USDT,0.2809,46.0,0.2808,2114.0,0.2813,46.0,0.2814,308.0
1753533060108,12:31:00.108,DYM/USDT:USDT,0.2809,46.0,0.2808,2114.0,0.2813,46.0,0.2814,308.0
1753533060225,12:31:00.225,DYM/USDT:USDT,0.2809,46.0,0.2808,2114.0,0.2813,46.0,0.2814,308.0
1753533060298,12:31:00.298,DYM/USDT:USDT,0.2809,46.0,0.2808,2114.0,0.2813,46.0,0.2814,308.0
1753533060358,12:31:00.358,DYM/USDT:USDT,0.2809,46.0,0.2808,2114.0,0.2813,46.0,0.2814,308.0
1753533060658,12:31:00.658,DYM/USDT:USDT,0.2809,46.0,0.2808,2114.0,0.2813,46.0,0.2814,308.0
1753533061212,12:31:01.212,DYM/USDT:USDT,0.2809,46.0,0.2808,2114.0,0.2813,46.0,0.2814,308.0
1753533061316,12:31:01.316,DYM/USDT:USDT,0.2809,46.0,0.2808,806.0,0.2813,46.0,0.2814,308.0
1753533061336,12:31:01.336,DYM/USDT:USDT,0.2809,46.0,0.2808,556.0,0.2813,46.0,0.2814,308.0
1753533061674,12:31:01.674,DYM/USDT:USDT,0.2809,46.0,0.2808,556.0,0.2813,46.0,0.2814,308.0
1753533062007,12:31:02.007,DYM/USDT:USDT,0.2809,46.0,0.2808,556.0,0.2813,46.0,0.2814,308.0
1753533062206,12:31:02.206,DYM/USDT:USDT,0.2809,46.0,0.2808,556.0,0.2813,46.0,0.2814,308.0
1753533062770,12:31:02.770,DYM/USDT:USDT,0.2809,46.0,0.2808,556.0,0.2813,46.0,0.2814,308.0
1753533063026,12:31:03.026,DYM/USDT:USDT,0.2809,46.0,0.2808,556.0,0.2813,46.0,0.2814,308.0
1753533063087,12:31:03.087,DYM/USDT:USDT,0.2809,46.0,0.2808,556.0,0.2813,46.0,0.2814,308.0
1753533063423,12:31:03.423,DYM/USDT:USDT,0.2809,46.0,0.2808,556.0,0.2813,46.0,0.2814,308.0
1753533063448,12:31:03.448,DYM/USDT:USDT,0.2809,46.0,0.2808,556.0,0.2813,46.0,0.2814,308.0
1753533064005,12:31:04.005,DYM/USDT:USDT,0.2809,46.0,0.2808,556.0,0.2813,46.0,0.2814,308.0
1753533064071,12:31:04.071,DYM/USDT:USDT,0.2809,46.0,0.2808,556.0,0.2813,46.0,0.2814,308.0
1753533065007,12:31:05.007,DYM/USDT:USDT,0.2809,46.0,0.2808,556.0,0.2813,46.0,0.2814,308.0
1753533065271,12:31:05.271,DYM/USDT:USDT,0.2809,46.0,0.2808,556.0,0.2813,46.0,0.2814,308.0
1753533065388,12:31:05.388,DYM/USDT:USDT,0.2809,46.0,0.2808,556.0,0.2813,46.0,0.2814,308.0
1753533065478,12:31:05.478,DYM/USDT:USDT,0.2808,46.0,0.2807,510.0,0.2813,46.0,0.2814,308.0
1753533065560,12:31:05.560,DYM/USDT:USDT,0.2808,46.0,0.2806,758.0,0.2814,46.0,0.2815,688.0
1753533065712,12:31:05.712,DYM/USDT:USDT,0.2808,46.0,0.2806,758.0,0.2814,46.0,0.2815,688.0
1753533065786,12:31:05.786,DYM/USDT:USDT,0.2808,46.0,0.2806,758.0,0.2814,46.0,0.2815,688.0
1753533065954,12:31:05.954,DYM/USDT:USDT,0.2808,46.0,0.2806,758.0,0.2814,46.0,0.2815,688.0
1753533066104,12:31:06.104,DYM/USDT:USDT,0.2808,46.0,0.2806,758.0,0.2814,46.0,0.2815,688.0
1753533066208,12:31:06.208,DYM/USDT:USDT,0.2808,46.0,0.2806,758.0,0.2814,46.0,0.2815,688.0
1753533066298,12:31:06.298,DYM/USDT:USDT,0.2808,46.0,0.2807,250.0,0.2813,45.0,0.2814,296.0
1753533066347,12:31:06.347,DYM/USDT:USDT,0.2808,46.0,0.2807,760.0,0.2813,45.0,0.2814,558.0
1753533066528,12:31:06.528,DYM/USDT:USDT,0.2808,46.0,0.2807,760.0,0.2813,45.0,0.2814,558.0
1753533067016,12:31:07.016,DYM/USDT:USDT,0.2808,46.0,0.2807,760.0,0.2813,45.0,0.2814,558.0
1753533067534,12:31:07.534,DYM/USDT:USDT,0.2808,46.0,0.2807,760.0,0.2813,45.0,0.2814,558.0
1753533067534,12:31:07.534,DYM/USDT:USDT,0.2808,46.0,0.2807,760.0,0.2813,45.0,0.2814,558.0
1753533067745,12:31:07.745,DYM/USDT:USDT,0.2808,46.0,0.2807,760.0,0.2813,45.0,0.2814,558.0
1753533069007,12:31:09.007,DYM/USDT:USDT,0.2808,46.0,0.2807,760.0,0.2813,45.0,0.2814,558.0
1753533069227,12:31:09.227,DYM/USDT:USDT,0.2809,45.0,0.2808,556.0,0.2813,45.0,0.2814,296.0
1753533069242,12:31:09.242,DYM/USDT:USDT,0.2809,45.0,0.2808,556.0,0.2813,45.0,0.2814,296.0
1753533070586,12:31:10.586,DYM/USDT:USDT,0.2808,46.0,0.2807,250.0,0.2813,45.0,0.2814,296.0
1753533070664,12:31:10.664,DYM/USDT:USDT,0.2808,46.0,0.2807,250.0,0.2813,45.0,0.2814,296.0
1753533071225,12:31:11.225,DYM/USDT:USDT,0.2808,46.0,0.2807,250.0,0.2813,45.0,0.2814,296.0
1753533071253,12:31:11.253,DYM/USDT:USDT,0.2808,46.0,0.2807,250.0,0.2813,45.0,0.2814,296.0
1753533073202,12:31:13.202,DYM/USDT:USDT,0.2808,46.0,0.2807,250.0,0.2813,45.0,0.2814,296.0
1753533074164,12:31:14.164,DYM/USDT:USDT,0.2808,46.0,0.2807,250.0,0.2813,45.0,0.2814,296.0
1753533074791,12:31:14.791,DYM/USDT:USDT,0.2808,46.0,0.2807,760.0,0.2813,45.0,0.2814,296.0
1753533076756,12:31:16.756,DYM/USDT:USDT,0.2808,46.0,0.2807,760.0,0.2813,45.0,0.2814,296.0
1753533077117,12:31:17.117,DYM/USDT:USDT,0.2808,46.0,0.2807,760.0,0.2813,45.0,0.2814,296.0
1753533077158,12:31:17.158,DYM/USDT:USDT,0.2808,46.0,0.2807,760.0,0.2813,45.0,0.2814,296.0
1753533078022,12:31:18.022,DYM/USDT:USDT,0.2809,46.0,0.2808,556.0,0.2813,45.0,0.2814,296.0
1753533078070,12:31:18.070,DYM/USDT:USDT,0.2809,46.0,0.2808,46.0,0.2813,45.0,0.2814,296.0
1753533078175,12:31:18.175,DYM/USDT:USDT,0.2808,46.0,0.2807,250.0,0.2813,45.0,0.2814,296.0
1753533079007,12:31:19.007,DYM/USDT:USDT,0.2808,46.0,0.2807,961.0,0.2813,45.0,0.2814,296.0
1753533079135,12:31:19.135,DYM/USDT:USDT,0.2808,296.0,0.2807,961.0,0.2813,45.0,0.2814,296.0
1753533079137,12:31:19.137,DYM/USDT:USDT,0.2809,46.0,0.2808,296.0,0.2813,45.0,0.2814,296.0
1753533079408,12:31:19.408,DYM/USDT:USDT,0.2809,46.0,0.2808,296.0,0.2813,45.0,0.2814,296.0
1753533081778,12:31:21.778,DYM/USDT:USDT,0.2809,46.0,0.2808,296.0,0.2813,45.0,0.2814,296.0
1753533082205,12:31:22.205,DYM/USDT:USDT,0.2809,46.0,0.2808,296.0,0.2813,45.0,0.2814,296.0
1753533082236,12:31:22.236,DYM/USDT:USDT,0.2809,46.0,0.2808,296.0,0.2813,45.0,0.2814,296.0
1753533082398,12:31:22.398,DYM/USDT:USDT,0.2809,46.0,0.2808,296.0,0.2813,45.0,0.2814,296.0
1753533082719,12:31:22.719,DYM/USDT:USDT,0.2809,46.0,0.2808,296.0,0.2813,45.0,0.2814,296.0
1753533083121,12:31:23.121,DYM/USDT:USDT,0.2808,46.0,0.2807,250.0,0.2813,45.0,0.2814,296.0
1753533083140,12:31:23.140,DYM/USDT:USDT,0.2808,46.0,0.2807,250.0,0.2813,45.0,0.2814,296.0
1753533083317,12:31:23.317,DYM/USDT:USDT,0.2808,46.0,0.2807,250.0,0.2813,45.0,0.2814,296.0
1753533083361,12:31:23.361,DYM/USDT:USDT,0.2808,46.0,0.2807,250.0,0.2813,45.0,0.2814,296.0
1753533083797,12:31:23.797,DYM/USDT:USDT,0.2808,46.0,0.2807,250.0,0.2813,45.0,0.2814,296.0
1753533084079,12:31:24.079,DYM/USDT:USDT,0.2808,46.0,0.2807,250.0,0.2813,45.0,0.2814,296.0
1753533084712,12:31:24.712,DYM/USDT:USDT,0.2808,46.0,0.2807,250.0,0.2813,45.0,0.2814,296.0
1753533085068,12:31:25.068,DYM/USDT:USDT,0.2808,46.0,0.2807,250.0,0.2813,45.0,0.2814,296.0
1753533088242,12:31:28.242,DYM/USDT:USDT,0.2808,46.0,0.2807,250.0,0.2813,45.0,0.2814,296.0
1753533088660,12:31:28.660,DYM/USDT:USDT,0.2809,45.0,0.2808,556.0,0.2813,45.0,0.2814,558.0
1753533088760,12:31:28.760,DYM/USDT:USDT,0.281,45.0,0.2809,555.0,0.2813,45.0,0.2814,558.0
1753533088864,12:31:28.864,DYM/USDT:USDT,0.281,45.0,0.2809,1863.0,0.2813,45.0,0.2814,558.0
1753533089046,12:31:29.046,DYM/USDT:USDT,0.281,45.0,0.2809,1863.0,0.2813,45.0,0.2814,558.0
1753533089629,12:31:29.629,DYM/USDT:USDT,0.281,45.0,0.2809,1863.0,0.2813,45.0,0.2814,558.0
1753533089866,12:31:29.866,DYM/USDT:USDT,0.281,45.0,0.2809,1863.0,0.2813,45.0,0.2814,558.0
1753533091331,12:31:31.331,DYM/USDT:USDT,0.281,45.0,0.2809,1863.0,0.2813,45.0,0.2814,558.0
1753533093632,12:31:33.632,DYM/USDT:USDT,0.281,555.0,0.2809,1353.0,0.2813,45.0,0.2814,296.0
1753533093700,12:31:33.700,DYM/USDT:USDT,0.2811,46.0,0.281,45.0,0.2813,45.0,0.2814,296.0
1753533093822,12:31:33.822,DYM/USDT:USDT,0.281,45.0,0.2809,555.0,0.2813,45.0,0.2814,296.0
1753533093843,12:31:33.843,DYM/USDT:USDT,0.281,45.0,0.2809,555.0,0.2813,45.0,0.2814,296.0
1753533094006,12:31:34.006,DYM/USDT:USDT,0.281,45.0,0.2809,555.0,0.2813,45.0,0.2814,296.0
1753533096372,12:31:36.372,DYM/USDT:USDT,0.281,45.0,0.2809,555.0,0.2813,45.0,0.2814,296.0
1753533096458,12:31:36.458,DYM/USDT:USDT,0.281,45.0,0.2809,555.0,0.2813,45.0,0.2814,296.0
1753533096559,12:31:36.559,DYM/USDT:USDT,0.281,45.0,0.2809,555.0,0.2813,45.0,0.2814,296.0
1753533096740,12:31:36.740,DYM/USDT:USDT,0.281,45.0,0.2809,555.0,0.2813,45.0,0.2814,296.0
1753533096867,12:31:36.867,DYM/USDT:USDT,0.281,45.0,0.2809,555.0,0.2813,45.0,0.2814,296.0
1753533096983,12:31:36.983,DYM/USDT:USDT,0.281,45.0,0.2809,555.0,0.2813,45.0,0.2814,296.0
1753533100520,12:31:40.520,DYM/USDT:USDT,0.2811,45.0,0.281,555.0,0.2814,296.0,0.2815,46.0
1753533100603,12:31:40.603,DYM/USDT:USDT,0.2811,45.0,0.281,555.0,0.2813,45.0,0.2814,296.0
1753533100775,12:31:40.775,DYM/USDT:USDT,0.2811,45.0,0.281,555.0,0.2813,45.0,0.2814,296.0
1753533101310,12:31:41.310,DYM/USDT:USDT,0.2811,45.0,0.281,555.0,0.2814,296.0,0.2815,46.0
1753533101609,12:31:41.609,DYM/USDT:USDT,0.2811,45.0,0.281,555.0,0.2814,296.0,0.2815,46.0
1753533102226,12:31:42.226,DYM/USDT:USDT,0.2811,45.0,0.281,555.0,0.2815,46.0,0.2816,45.0
1753533102274,12:31:42.274,DYM/USDT:USDT,0.281,45.0,0.2809,555.0,0.2816,45.0,0.2817,308.0
1753533102340,12:31:42.340,DYM/USDT:USDT,0.281,45.0,0.2809,555.0,0.2816,45.0,0.2817,308.0
1753533102458,12:31:42.458,DYM/USDT:USDT,0.281,45.0,0.2809,555.0,0.2816,45.0,0.2817,308.0
1753533102872,12:31:42.872,DYM/USDT:USDT,0.2811,45.0,0.281,295.0,0.2816,45.0,0.2817,308.0
1753533103285,12:31:43.285,DYM/USDT:USDT,0.2811,45.0,0.281,295.0,0.2816,45.0,0.2817,308.0
1753533105521,12:31:45.521,DYM/USDT:USDT,0.2811,45.0,0.281,295.0,0.2816,45.0,0.2817,308.0
1753533105709,12:31:45.709,DYM/USDT:USDT,0.2811,45.0,0.281,805.0,0.2816,45.0,0.2817,308.0
1753533105812,12:31:45.812,DYM/USDT:USDT,0.2811,45.0,0.281,805.0,0.2816,45.0,0.2817,308.0
1753533107099,12:31:47.099,DYM/USDT:USDT,0.2811,45.0,0.281,805.0,0.2816,45.0,0.2817,308.0
1753533107326,12:31:47.326,DYM/USDT:USDT,0.2811,45.0,0.281,805.0,0.2816,45.0,0.2817,308.0
1753533107928,12:31:47.928,DYM/USDT:USDT,0.2811,45.0,0.281,805.0,0.2816,437.0,0.2817,46.0
1753533108017,12:31:48.017,DYM/USDT:USDT,0.2811,45.0,0.281,805.0,0.2815,45.0,0.2816,437.0
1753533108142,12:31:48.142,DYM/USDT:USDT,0.2811,45.0,0.281,805.0,0.2815,45.0,0.2816,437.0
1753533108497,12:31:48.497,DYM/USDT:USDT,0.2811,45.0,0.281,805.0,0.2815,45.0,0.2816,437.0
1753533108557,12:31:48.557,DYM/USDT:USDT,0.2811,45.0,0.281,805.0,0.2815,45.0,0.2816,437.0
1753533108654,12:31:48.654,DYM/USDT:USDT,0.2811,45.0,0.281,805.0,0.2815,45.0,0.2816,307.0
1753533108756,12:31:48.756,DYM/USDT:USDT,0.2811,45.0,0.281,805.0,0.2815,45.0,0.2816,307.0
1753533109280,12:31:49.280,DYM/USDT:USDT,0.2811,45.0,0.281,805.0,0.2815,45.0,0.2816,307.0
1753533110685,12:31:50.685,DYM/USDT:USDT,0.2811,45.0,0.281,805.0,0.2815,45.0,0.2816,307.0
1753533111818,12:31:51.818,DYM/USDT:USDT,0.2811,45.0,0.281,805.0,0.2814,47.0,0.2815,307.0
1753533111847,12:31:51.847,DYM/USDT:USDT,0.2811,45.0,0.281,805.0,0.2814,47.0,0.2815,307.0
1753533112188,12:31:52.188,DYM/USDT:USDT,0.2811,45.0,0.281,805.0,0.2814,47.0,0.2815,307.0
1753533113759,12:31:53.759,DYM/USDT:USDT,0.2811,45.0,0.281,805.0,0.2815,45.0,0.2816,307.0
1753533114264,12:31:54.264,DYM/USDT:USDT,0.2811,45.0,0.281,805.0,0.2815,45.0,0.2816,307.0
1753533114506,12:31:54.506,DYM/USDT:USDT,0.2811,45.0,0.281,805.0,0.2815,45.0,0.2816,307.0
1753533117606,12:31:57.606,DYM/USDT:USDT,0.2811,45.0,0.281,805.0,0.2815,45.0,0.2816,307.0
1753533118533,12:31:58.533,DYM/USDT:USDT,0.2811,45.0,0.281,805.0,0.2815,45.0,0.2816,45.0
1753533118577,12:31:58.577,DYM/USDT:USDT,0.2811,45.0,0.281,805.0,0.2815,262.0,0.2816,175.0
1753533118690,12:31:58.690,DYM/USDT:USDT,0.2811,45.0,0.281,805.0,0.2814,47.0,0.2815,262.0
1753533119024,12:31:59.024,DYM/USDT:USDT,0.2811,45.0,0.281,805.0,0.2814,47.0,0.2815,262.0
1753533119127,12:31:59.127,DYM/USDT:USDT,0.2811,45.0,0.281,805.0,0.2814,47.0,0.2815,262.0
1753533119529,12:31:59.529,DYM/USDT:USDT,0.2811,45.0,0.281,805.0,0.2814,47.0,0.2815,262.0
1753533119631,12:31:59.631,DYM/USDT:USDT,0.2811,45.0,0.281,295.0,0.2813,46.0,0.2814,47.0
1753533119716,12:31:59.716,DYM/USDT:USDT,0.2811,45.0,0.281,295.0,0.2814,47.0,0.2815,262.0
1753533119805,12:31:59.805,DYM/USDT:USDT,0.2811,45.0,0.281,295.0,0.2814,47.0,0.2815,262.0
1753533119906,12:31:59.906,DYM/USDT:USDT,0.2811,45.0,0.281,295.0,0.2814,47.0,0.2815,262.0
1753533120007,12:32:00.007,DYM/USDT:USDT,0.2811,45.0,0.281,295.0,0.2814,47.0,0.2815,262.0
1753533120309,12:32:00.309,DYM/USDT:USDT,0.2811,45.0,0.281,295.0,0.2814,47.0,0.2815,262.0
1753533121018,12:32:01.018,DYM/USDT:USDT,0.2811,45.0,0.281,295.0,0.2814,47.0,0.2815,262.0
1753533121162,12:32:01.162,DYM/USDT:USDT,0.2811,45.0,0.281,295.0,0.2814,47.0,0.2815,262.0
1753533122424,12:32:02.424,DYM/USDT:USDT,0.2811,45.0,0.281,295.0,0.2816,45.0,0.2817,309.0
1753533122497,12:32:02.497,DYM/USDT:USDT,0.2811,45.0,0.281,295.0,0.2815,46.0,0.2816,1110.0
1753533122578,12:32:02.578,DYM/USDT:USDT,0.2811,45.0,0.281,295.0,0.2815,46.0,0.2816,1110.0
1753533122827,12:32:02.827,DYM/USDT:USDT,0.2811,45.0,0.281,295.0,0.2815,46.0,0.2816,1110.0
1753533123704,12:32:03.704,DYM/USDT:USDT,0.2811,45.0,0.281,295.0,0.2815,46.0,0.2816,1110.0
1753533124045,12:32:04.045,DYM/USDT:USDT,0.2811,45.0,0.281,295.0,0.2815,46.0,0.2816,1110.0
1753533124623,12:32:04.623,DYM/USDT:USDT,0.2811,45.0,0.281,45.0,0.2815,46.0,0.2816,1110.0
1753533124644,12:32:04.644,DYM/USDT:USDT,0.2808,46.0,0.2807,711.0,0.2815,46.0,0.2816,1110.0
1753533124757,12:32:04.757,DYM/USDT:USDT,0.2808,46.0,0.2807,711.0,0.2815,46.0,0.2816,1110.0
1753533125616,12:32:05.616,DYM/USDT:USDT,0.2809,46.0,0.2808,296.0,0.2815,46.0,0.2816,1110.0
1753533125639,12:32:05.639,DYM/USDT:USDT,0.2809,46.0,0.2808,296.0,0.2815,46.0,0.2816,1110.0
1753533128582,12:32:08.582,DYM/USDT:USDT,0.2809,46.0,0.2808,296.0,0.2814,46.0,0.2815,296.0
1753533128656,12:32:08.656,DYM/USDT:USDT,0.2809,46.0,0.2808,296.0,0.2814,46.0,0.2815,296.0
1753533128800,12:32:08.800,DYM/USDT:USDT,0.2809,46.0,0.2808,296.0,0.2814,46.0,0.2815,296.0
1753533128880,12:32:08.880,DYM/USDT:USDT,0.2809,46.0,0.2808,296.0,0.2814,46.0,0.2815,296.0
1753533129004,12:32:09.004,DYM/USDT:USDT,0.2809,46.0,0.2808,296.0,0.2814,46.0,0.2815,296.0
1753533129218,12:32:09.218,DYM/USDT:USDT,0.2809,46.0,0.2808,296.0,0.2814,46.0,0.2815,296.0
1753533129297,12:32:09.297,DYM/USDT:USDT,0.2809,46.0,0.2808,296.0,0.2814,46.0,0.2815,296.0
1753533129468,12:32:09.468,DYM/USDT:USDT,0.2809,46.0,0.2808,296.0,0.2814,46.0,0.2815,296.0
1753533129596,12:32:09.596,DYM/USDT:USDT,0.2806,46.0,0.2805,712.0,0.2814,46.0,0.2815,296.0
1753533129640,12:32:09.640,DYM/USDT:USDT,0.2806,46.0,0.2805,712.0,0.2814,46.0,0.2815,296.0
1753533129824,12:32:09.824,DYM/USDT:USDT,0.2806,46.0,0.2805,712.0,0.2814,46.0,0.2815,296.0
1753533129838,12:32:09.838,DYM/USDT:USDT,0.2806,46.0,0.2805,712.0,0.2814,46.0,0.2815,296.0
1753533129978,12:32:09.978,DYM/USDT:USDT,0.2806,46.0,0.2805,712.0,0.2814,46.0,0.2815,296.0
1753533130078,12:32:10.078,DYM/USDT:USDT,0.2806,46.0,0.2805,712.0,0.2814,46.0,0.2815,296.0
1753533130196,12:32:10.196,DYM/USDT:USDT,0.2806,46.0,0.2805,712.0,0.2814,46.0,0.2815,296.0
1753533130329,12:32:10.329,DYM/USDT:USDT,0.2806,46.0,0.2805,712.0,0.2814,46.0,0.2815,296.0
1753533130337,12:32:10.337,DYM/USDT:USDT,0.2806,46.0,0.2805,712.0,0.2814,46.0,0.2815,296.0
1753533130598,12:32:10.598,DYM/USDT:USDT,0.2808,45.0,0.2807,1007.0,0.2814,46.0,0.2815,296.0
1753533130734,12:32:10.734,DYM/USDT:USDT,0.2808,45.0,0.2807,1007.0,0.2814,46.0,0.2815,296.0
1753533130738,12:32:10.738,DYM/USDT:USDT,0.2808,45.0,0.2807,1007.0,0.2814,46.0,0.2815,296.0
1753533131278,12:32:11.278,DYM/USDT:USDT,0.2808,45.0,0.2807,1007.0,0.2814,46.0,0.2815,296.0
1753533132027,12:32:12.027,DYM/USDT:USDT,0.2808,45.0,0.2807,1007.0,0.2814,46.0,0.2815,296.0
1753533132098,12:32:12.098,DYM/USDT:USDT,0.2808,45.0,0.2807,1007.0,0.2814,46.0,0.2815,296.0
1753533132534,12:32:12.534,DYM/USDT:USDT,0.2808,295.0,0.2807,1007.0,0.2814,46.0,0.2815,296.0
1753533132542,12:32:12.542,DYM/USDT:USDT,0.2809,45.0,0.2808,295.0,0.2814,46.0,0.2815,296.0
1753533133106,12:32:13.106,DYM/USDT:USDT,0.2809,45.0,0.2808,295.0,0.2814,46.0,0.2815,296.0
1753533133218,12:32:13.218,DYM/USDT:USDT,0.2809,45.0,0.2808,295.0,0.2814,46.0,0.2815,296.0
1753533133298,12:32:13.298,DYM/USDT:USDT,0.2809,45.0,0.2808,295.0,0.2814,46.0,0.2815,296.0
1753533133435,12:32:13.435,DYM/USDT:USDT,0.2809,45.0,0.2808,295.0,0.2814,46.0,0.2815,296.0
1753533133502,12:32:13.502,DYM/USDT:USDT,0.2809,45.0,0.2808,295.0,0.2814,46.0,0.2815,296.0
1753533134616,12:32:14.616,DYM/USDT:USDT,0.2809,45.0,0.2808,295.0,0.2814,46.0,0.2815,296.0
1753533134892,12:32:14.892,DYM/USDT:USDT,0.2809,45.0,0.2808,295.0,0.2814,46.0,0.2815,296.0
1753533135003,12:32:15.003,DYM/USDT:USDT,0.2809,45.0,0.2808,295.0,0.2814,46.0,0.2815,296.0
1753533135228,12:32:15.228,DYM/USDT:USDT,0.2809,45.0,0.2808,295.0,0.2814,46.0,0.2815,296.0
1753533135335,12:32:15.335,DYM/USDT:USDT,0.2809,45.0,0.2808,295.0,0.2814,46.0,0.2815,296.0
1753533135386,12:32:15.386,DYM/USDT:USDT,0.2809,45.0,0.2808,295.0,0.2814,46.0,0.2815,296.0
1753533135503,12:32:15.503,DYM/USDT:USDT,0.2809,45.0,0.2808,295.0,0.2814,46.0,0.2815,296.0
1753533135963,12:32:15.963,DYM/USDT:USDT,0.281,45.0,0.2809,555.0,0.2813,45.0,0.2814,308.0
1753533136040,12:32:16.040,DYM/USDT:USDT,0.281,45.0,0.2809,555.0,0.2813,45.0,0.2814,308.0
1753533136519,12:32:16.519,DYM/USDT:USDT,0.281,45.0,0.2809,555.0,0.2813,45.0,0.2814,308.0
1753533136681,12:32:16.681,DYM/USDT:USDT,0.281,45.0,0.2809,555.0,0.2813,45.0,0.2814,308.0
1753533140778,12:32:20.778,DYM/USDT:USDT,0.2809,45.0,0.2808,2113.0,0.2813,45.0,0.2814,308.0
1753533140844,12:32:20.844,DYM/USDT:USDT,0.2809,45.0,0.2808,805.0,0.2813,45.0,0.2814,308.0
1753533141202,12:32:21.202,DYM/USDT:USDT,0.2809,45.0,0.2808,805.0,0.2813,45.0,0.2814,308.0
1753533145268,12:32:25.268,DYM/USDT:USDT,0.2809,45.0,0.2808,805.0,0.2813,45.0,0.2814,308.0
1753533150803,12:32:30.803,DYM/USDT:USDT,0.2809,45.0,0.2808,805.0,0.2813,45.0,0.2814,308.0
1753533156018,12:32:36.018,DYM/USDT:USDT,0.2809,45.0,0.2808,805.0,0.2813,262.0,0.2814,176.0
1753533156214,12:32:36.214,DYM/USDT:USDT,0.2809,45.0,0.2808,805.0,0.2812,46.0,0.2813,262.0
1753533156630,12:32:36.630,DYM/USDT:USDT,0.2809,45.0,0.2808,805.0,0.2812,46.0,0.2813,262.0
1753533158234,12:32:38.234,DYM/USDT:USDT,0.2809,45.0,0.2808,805.0,0.2812,46.0,0.2814,46.0
1753533158251,12:32:38.251,DYM/USDT:USDT,0.2809,45.0,0.2808,805.0,0.2813,46.0,0.2814,308.0
1753533158665,12:32:38.665,DYM/USDT:USDT,0.2809,45.0,0.2808,805.0,0.2813,46.0,0.2814,308.0
1753533161450,12:32:41.450,DYM/USDT:USDT,0.2809,45.0,0.2808,805.0,0.2813,46.0,0.2814,308.0
1753533161915,12:32:41.915,DYM/USDT:USDT,0.2809,45.0,0.2808,805.0,0.2813,46.0,0.2814,308.0
1753533162208,12:32:42.208,DYM/USDT:USDT,0.2809,45.0,0.2808,805.0,0.2813,46.0,0.2814,308.0
1753533165702,12:32:45.702,DYM/USDT:USDT,0.2809,45.0,0.2808,805.0,0.2813,46.0,0.2814,308.0
1753533166019,12:32:46.019,DYM/USDT:USDT,0.2809,45.0,0.2808,805.0,0.2813,308.0,0.2814,176.0
1753533166048,12:32:46.048,DYM/USDT:USDT,0.2809,45.0,0.2808,805.0,0.2812,46.0,0.2813,308.0
1753533166400,12:32:46.400,DYM/USDT:USDT,0.2809,45.0,0.2808,805.0,0.2812,46.0,0.2813,308.0
1753533166823,12:32:46.823,DYM/USDT:USDT,0.2809,45.0,0.2808,805.0,0.2812,46.0,0.2813,308.0
1753533167011,12:32:47.011,DYM/USDT:USDT,0.2809,45.0,0.2808,805.0,0.2812,46.0,0.2813,308.0
1753533167230,12:32:47.230,DYM/USDT:USDT,0.2809,45.0,0.2808,805.0,0.2812,46.0,0.2813,308.0
1753533169177,12:32:49.177,DYM/USDT:USDT,0.2809,45.0,0.2808,805.0,0.2812,46.0,0.2813,308.0
1753533169520,12:32:49.520,DYM/USDT:USDT,0.2809,45.0,0.2808,805.0,0.2812,46.0,0.2813,308.0
1753533169546,12:32:49.546,DYM/USDT:USDT,0.2809,45.0,0.2808,805.0,0.2812,46.0,0.2813,308.0
1753533169730,12:32:49.730,DYM/USDT:USDT,0.2809,45.0,0.2808,805.0,0.2812,46.0,0.2813,308.0
1753533169751,12:32:49.751,DYM/USDT:USDT,0.2809,45.0,0.2808,805.0,0.2812,46.0,0.2813,308.0
1753533171013,12:32:51.013,DYM/USDT:USDT,0.2809,45.0,0.2808,805.0,0.2812,46.0,0.2813,308.0
1753533171718,12:32:51.718,DYM/USDT:USDT,0.2809,45.0,0.2808,805.0,0.2812,46.0,0.2813,308.0
1753533172169,12:32:52.169,DYM/USDT:USDT,0.2809,45.0,0.2808,805.0,0.2812,46.0,0.2813,308.0
1753533174127,12:32:54.127,DYM/USDT:USDT,0.2809,45.0,0.2808,805.0,0.2812,46.0,0.2813,308.0
1753533174154,12:32:54.154,DYM/USDT:USDT,0.2809,45.0,0.2808,805.0,0.2812,46.0,0.2813,308.0
1753533175181,12:32:55.181,DYM/USDT:USDT,0.2809,45.0,0.2808,805.0,0.2812,46.0,0.2813,308.0
1753533175528,12:32:55.528,DYM/USDT:USDT,0.2809,45.0,0.2808,805.0,0.2812,46.0,0.2813,308.0
1753533175540,12:32:55.540,DYM/USDT:USDT,0.2809,45.0,0.2808,805.0,0.2812,46.0,0.2813,308.0
1753533175686,12:32:55.686,DYM/USDT:USDT,0.2809,45.0,0.2808,805.0,0.2812,46.0,0.2813,308.0
1753533175809,12:32:55.809,DYM/USDT:USDT,0.2809,45.0,0.2808,805.0,0.2812,46.0,0.2813,308.0
1753533175869,12:32:55.869,DYM/USDT:USDT,0.2809,45.0,0.2808,805.0,0.2812,46.0,0.2813,308.0
1753533176099,12:32:56.099,DYM/USDT:USDT,0.2809,45.0,0.2808,805.0,0.2812,46.0,0.2813,308.0
1753533176435,12:32:56.435,DYM/USDT:USDT,0.2809,45.0,0.2808,805.0,0.2812,46.0,0.2813,308.0
1753533176481,12:32:56.481,DYM/USDT:USDT,0.2809,45.0,0.2808,805.0,0.2812,46.0,0.2813,308.0
1753533176700,12:32:56.700,DYM/USDT:USDT,0.2809,45.0,0.2808,805.0,0.2812,46.0,0.2813,308.0
1753533177714,12:32:57.714,DYM/USDT:USDT,0.2809,45.0,0.2808,805.0,0.2812,46.0,0.2813,308.0
1753533178020,12:32:58.020,DYM/USDT:USDT,0.2809,45.0,0.2808,805.0,0.2812,46.0,0.2813,308.0
1753533179116,12:32:59.116,DYM/USDT:USDT,0.2809,45.0,0.2808,805.0,0.2812,46.0,0.2813,308.0
1753533179819,12:32:59.819,DYM/USDT:USDT,0.2809,45.0,0.2808,805.0,0.2812,46.0,0.2813,308.0
1753533179840,12:32:59.840,DYM/USDT:USDT,0.2809,45.0,0.2808,805.0,0.2812,46.0,0.2813,308.0
1753533180024,12:33:00.024,DYM/USDT:USDT,0.2809,45.0,0.2808,805.0,0.2812,46.0,0.2813,308.0
1753533180122,12:33:00.122,DYM/USDT:USDT,0.2809,45.0,0.2808,805.0,0.2812,46.0,0.2813,308.0
1753533180184,12:33:00.184,DYM/USDT:USDT,0.2809,45.0,0.2808,805.0,0.2812,46.0,0.2813,308.0
1753533180316,12:33:00.316,DYM/USDT:USDT,0.2809,45.0,0.2808,805.0,0.2812,46.0,0.2813,308.0
1753533180345,12:33:00.345,DYM/USDT:USDT,0.2809,45.0,0.2808,805.0,0.2812,46.0,0.2813,308.0
1753533180735,12:33:00.735,DYM/USDT:USDT,0.2809,45.0,0.2808,805.0,0.2812,46.0,0.2813,308.0
1753533180812,12:33:00.812,DYM/USDT:USDT,0.2809,45.0,0.2808,805.0,0.2812,46.0,0.2813,308.0
1753533180852,12:33:00.852,DYM/USDT:USDT,0.2809,45.0,0.2808,805.0,0.2812,46.0,0.2813,308.0
1753533181007,12:33:01.007,DYM/USDT:USDT,0.2809,45.0,0.2808,295.0,0.2811,45.0,0.2812,308.0
1753533181372,12:33:01.372,DYM/USDT:USDT,0.2809,45.0,0.2808,295.0,0.2811,45.0,0.2812,308.0
1753533181791,12:33:01.791,DYM/USDT:USDT,0.2809,45.0,0.2808,295.0,0.2811,45.0,0.2812,308.0
1753533185089,12:33:05.089,DYM/USDT:USDT,0.2809,45.0,0.2808,295.0,0.2811,45.0,0.2812,308.0
1753533185429,12:33:05.429,DYM/USDT:USDT,0.2809,45.0,0.2808,295.0,0.2811,45.0,0.2812,308.0
1753533190987,12:33:10.987,DYM/USDT:USDT,0.2809,45.0,0.2808,295.0,0.2811,45.0,0.2812,46.0
1753533191115,12:33:11.115,DYM/USDT:USDT,0.2809,45.0,0.2808,295.0,0.2812,46.0,0.2813,308.0
1753533191602,12:33:11.602,DYM/USDT:USDT,0.2809,45.0,0.2808,295.0,0.2812,46.0,0.2813,308.0
1753533191840,12:33:11.840,DYM/USDT:USDT,0.2809,45.0,0.2808,295.0,0.2812,46.0,0.2813,308.0
1753533192007,12:33:12.007,DYM/USDT:USDT,0.2809,45.0,0.2808,295.0,0.2812,46.0,0.2813,308.0
1753533192419,12:33:12.419,DYM/USDT:USDT,0.2809,45.0,0.2808,295.0,0.2812,46.0,0.2813,308.0
1753533194679,12:33:14.679,DYM/USDT:USDT,0.2809,45.0,0.2808,295.0,0.2812,46.0,0.2813,308.0
1753533196257,12:33:16.257,DYM/USDT:USDT,0.2809,45.0,0.2808,295.0,0.2812,46.0,0.2813,308.0
1753533196867,12:33:16.867,DYM/USDT:USDT,0.2809,45.0,0.2808,295.0,0.2812,46.0,0.2813,308.0
1753533197015,12:33:17.015,DYM/USDT:USDT,0.2809,45.0,0.2808,295.0,0.2812,46.0,0.2813,308.0
1753533197492,12:33:17.492,DYM/USDT:USDT,0.2809,45.0,0.2808,295.0,0.2812,46.0,0.2813,308.0
1753533198511,12:33:18.511,DYM/USDT:USDT,0.2809,45.0,0.2808,295.0,0.2812,46.0,0.2813,308.0
1753533204558,12:33:24.558,DYM/USDT:USDT,0.2809,45.0,0.2808,295.0,0.2812,46.0,0.2813,308.0
1753533207400,12:33:27.400,DYM/USDT:USDT,0.2809,45.0,0.2808,295.0,0.2812,46.0,0.2813,308.0
1753533207554,12:33:27.554,DYM/USDT:USDT,0.2809,45.0,0.2808,295.0,0.2812,46.0,0.2813,308.0
1753533208200,12:33:28.200,DYM/USDT:USDT,0.2809,45.0,0.2808,295.0,0.2812,46.0,0.2813,308.0
1753533210081,12:33:30.081,DYM/USDT:USDT,0.2809,45.0,0.2808,295.0,0.2812,46.0,0.2813,308.0
1753533210204,12:33:30.204,DYM/USDT:USDT,0.2809,45.0,0.2808,295.0,0.2812,46.0,0.2813,308.0
1753533210550,12:33:30.550,DYM/USDT:USDT,0.2809,45.0,0.2808,295.0,0.2812,46.0,0.2813,308.0
1753533211366,12:33:31.366,DYM/USDT:USDT,0.2809,45.0,0.2808,295.0,0.2812,46.0,0.2813,308.0
1753533212899,12:33:32.899,DYM/USDT:USDT,0.2809,45.0,0.2808,295.0,0.2813,46.0,0.2814,308.0
1753533212951,12:33:32.951,DYM/USDT:USDT,0.2809,45.0,0.2808,295.0,0.2813,46.0,0.2814,308.0
1753533213817,12:33:33.817,DYM/USDT:USDT,0.2809,45.0,0.2808,295.0,0.2813,46.0,0.2814,308.0
1753533213887,12:33:33.887,DYM/USDT:USDT,0.2809,45.0,0.2808,295.0,0.2813,46.0,0.2814,308.0
1753533214019,12:33:34.019,DYM/USDT:USDT,0.2809,45.0,0.2808,295.0,0.2813,46.0,0.2814,308.0
1753533214552,12:33:34.552,DYM/USDT:USDT,0.2809,45.0,0.2808,295.0,0.2813,46.0,0.2814,308.0
1753533216764,12:33:36.764,DYM/USDT:USDT,0.2809,45.0,0.2808,295.0,0.2813,46.0,0.2814,308.0
1753533217931,12:33:37.931,DYM/USDT:USDT,0.2809,45.0,0.2808,295.0,0.2813,46.0,0.2814,308.0
1753533218018,12:33:38.018,DYM/USDT:USDT,0.2808,295.0,0.2807,45.0,0.2813,46.0,0.2814,308.0
1753533218076,12:33:38.076,DYM/USDT:USDT,0.2808,295.0,0.2807,45.0,0.2813,46.0,0.2814,308.0
1753533218242,12:33:38.242,DYM/USDT:USDT,0.2808,295.0,0.2807,45.0,0.2813,46.0,0.2814,308.0
1753533218433,12:33:38.433,DYM/USDT:USDT,0.2808,295.0,0.2807,45.0,0.2813,46.0,0.2814,308.0
1753533218502,12:33:38.502,DYM/USDT:USDT,0.2809,44.0,0.2808,295.0,0.2813,46.0,0.2814,308.0
1753533218563,12:33:38.563,DYM/USDT:USDT,0.2809,44.0,0.2808,295.0,0.2813,46.0,0.2814,308.0
1753533218940,12:33:38.940,DYM/USDT:USDT,0.2809,44.0,0.2808,295.0,0.2813,46.0,0.2814,308.0
1753533219083,12:33:39.083,DYM/USDT:USDT,0.2809,44.0,0.2808,295.0,0.2813,46.0,0.2814,308.0
1753533219322,12:33:39.322,DYM/USDT:USDT,0.2809,44.0,0.2808,295.0,0.2813,46.0,0.2814,308.0
1753533219583,12:33:39.583,DYM/USDT:USDT,0.2806,46.0,0.2804,757.0,0.2813,46.0,0.2814,308.0
1753533219728,12:33:39.728,DYM/USDT:USDT,0.2806,46.0,0.2805,712.0,0.2813,46.0,0.2814,308.0
1753533219831,12:33:39.831,DYM/USDT:USDT,0.2806,46.0,0.2805,712.0,0.2813,46.0,0.2814,308.0
1753533219869,12:33:39.869,DYM/USDT:USDT,0.2806,46.0,0.2805,712.0,0.2813,46.0,0.2814,308.0
1753533220548,12:33:40.548,DYM/USDT:USDT,0.2807,46.0,0.2806,296.0,0.2813,46.0,0.2814,308.0
1753533220948,12:33:40.948,DYM/USDT:USDT,0.2807,46.0,0.2806,296.0,0.2813,46.0,0.2814,308.0
1753533221269,12:33:41.269,DYM/USDT:USDT,0.2807,46.0,0.2806,296.0,0.2813,46.0,0.2814,308.0
1753533223496,12:33:43.496,DYM/USDT:USDT,0.2807,46.0,0.2806,296.0,0.2812,46.0,0.2813,308.0
1753533223576,12:33:43.576,DYM/USDT:USDT,0.2807,46.0,0.2806,296.0,0.2812,46.0,0.2813,308.0
1753533226089,12:33:46.089,DYM/USDT:USDT,0.2807,46.0,0.2806,296.0,0.2812,46.0,0.2813,308.0
1753533226271,12:33:46.271,DYM/USDT:USDT,0.2807,46.0,0.2806,296.0,0.2812,46.0,0.2813,308.0
1753533227513,12:33:47.513,DYM/USDT:USDT,0.2807,46.0,0.2806,296.0,0.2812,46.0,0.2813,308.0
1753533227589,12:33:47.589,DYM/USDT:USDT,0.2807,46.0,0.2806,296.0,0.2812,46.0,0.2813,308.0
1753533227687,12:33:47.687,DYM/USDT:USDT,0.2807,46.0,0.2806,296.0,0.2811,46.0,0.2812,308.0
1753533227746,12:33:47.746,DYM/USDT:USDT,0.2807,46.0,0.2806,296.0,0.2811,46.0,0.2812,308.0
1753533227907,12:33:47.907,DYM/USDT:USDT,0.2807,46.0,0.2806,296.0,0.2811,46.0,0.2812,308.0
1753533228518,12:33:48.518,DYM/USDT:USDT,0.2807,46.0,0.2806,296.0,0.2811,46.0,0.2812,308.0
1753533228615,12:33:48.615,DYM/USDT:USDT,0.2807,46.0,0.2806,296.0,0.2811,46.0,0.2812,308.0
1753533228729,12:33:48.729,DYM/USDT:USDT,0.2807,46.0,0.2806,296.0,0.2811,46.0,0.2812,308.0
1753533228787,12:33:48.787,DYM/USDT:USDT,0.2807,46.0,0.2806,296.0,0.2811,46.0,0.2812,308.0
1753533229718,12:33:49.718,DYM/USDT:USDT,0.2807,46.0,0.2806,296.0,0.2811,46.0,0.2812,308.0
1753533230010,12:33:50.010,DYM/USDT:USDT,0.2807,46.0,0.2806,296.0,0.2811,46.0,0.2812,308.0
1753533230114,12:33:50.114,DYM/USDT:USDT,0.2807,46.0,0.2806,296.0,0.2811,46.0,0.2812,308.0
1753533230225,12:33:50.225,DYM/USDT:USDT,0.2807,46.0,0.2806,296.0,0.2811,46.0,0.2812,308.0
1753533230332,12:33:50.332,DYM/USDT:USDT,0.2807,46.0,0.2806,296.0,0.2811,46.0,0.2812,308.0
1753533230352,12:33:50.352,DYM/USDT:USDT,0.2807,46.0,0.2806,296.0,0.2811,46.0,0.2812,308.0
1753533230515,12:33:50.515,DYM/USDT:USDT,0.2807,46.0,0.2806,296.0,0.2811,46.0,0.2812,308.0
1753533231791,12:33:51.791,DYM/USDT:USDT,0.2807,46.0,0.2806,296.0,0.2811,46.0,0.2812,308.0
1753533231964,12:33:51.964,DYM/USDT:USDT,0.2807,46.0,0.2806,296.0,0.2811,46.0,0.2812,308.0
1753533233496,12:33:53.496,DYM/USDT:USDT,0.2807,46.0,0.2806,2114.0,0.281,46.0,0.2811,308.0
1753533233615,12:33:53.615,DYM/USDT:USDT,0.2807,46.0,0.2806,2114.0,0.281,46.0,0.2811,308.0
1753533233655,12:33:53.655,DYM/USDT:USDT,0.2807,46.0,0.2806,2114.0,0.281,46.0,0.2811,308.0
1753533234155,12:33:54.155,DYM/USDT:USDT,0.2807,46.0,0.2806,2114.0,0.281,46.0,0.2811,308.0
1753533237159,12:33:57.159,DYM/USDT:USDT,0.2807,46.0,0.2806,2114.0,0.281,46.0,0.2811,308.0
1753533237559,12:33:57.559,DYM/USDT:USDT,0.2807,46.0,0.2806,2114.0,0.281,46.0,0.2811,308.0
1753533237656,12:33:57.656,DYM/USDT:USDT,0.2807,46.0,0.2806,2114.0,0.281,46.0,0.2811,308.0
1753533238178,12:33:58.178,DYM/USDT:USDT,0.2807,46.0,0.2806,2114.0,0.281,46.0,0.2811,308.0
1753533238467,12:33:58.467,DYM/USDT:USDT,0.2807,46.0,0.2806,2114.0,0.281,46.0,0.2811,308.0
1753533244134,12:34:04.134,DYM/USDT:USDT,0.2807,46.0,0.2806,2114.0,0.2811,46.0,0.2812,308.0
1753533244184,12:34:04.184,DYM/USDT:USDT,0.2807,46.0,0.2806,2114.0,0.2811,46.0,0.2812,308.0
1753533244275,12:34:04.275,DYM/USDT:USDT,0.2807,46.0,0.2806,2114.0,0.2811,46.0,0.2812,308.0
1753533244356,12:34:04.356,DYM/USDT:USDT,0.2807,46.0,0.2806,806.0,0.2811,46.0,0.2812,308.0
1753533247354,12:34:07.354,DYM/USDT:USDT,0.2807,46.0,0.2806,806.0,0.2811,46.0,0.2812,308.0
1753533247931,12:34:07.931,DYM/USDT:USDT,0.2807,46.0,0.2806,296.0,0.2811,308.0,0.2812,46.0
1753533247981,12:34:07.981,DYM/USDT:USDT,0.2807,46.0,0.2806,296.0,0.281,45.0,0.2811,308.0
1753533248214,12:34:08.214,DYM/USDT:USDT,0.2807,46.0,0.2806,296.0,0.281,45.0,0.2811,308.0
1753533249635,12:34:09.635,DYM/USDT:USDT,0.2807,46.0,0.2806,296.0,0.281,45.0,0.2811,308.0
1753533249836,12:34:09.836,DYM/USDT:USDT,0.2807,46.0,0.2806,296.0,0.281,45.0,0.2811,308.0
1753533249836,12:34:09.836,DYM/USDT:USDT,0.2807,46.0,0.2806,296.0,0.281,45.0,0.2811,308.0
1753533250152,12:34:10.152,DYM/USDT:USDT,0.2807,46.0,0.2806,296.0,0.281,45.0,0.2811,308.0
1753533251818,12:34:11.818,DYM/USDT:USDT,0.2807,46.0,0.2806,296.0,0.281,45.0,0.2811,308.0
1753533253723,12:34:13.723,DYM/USDT:USDT,0.2807,46.0,0.2806,806.0,0.281,45.0,0.2811,308.0
1753533253971,12:34:13.971,DYM/USDT:USDT,0.2807,46.0,0.2806,806.0,0.281,45.0,0.2811,308.0
1753533257084,12:34:17.084,DYM/USDT:USDT,0.2807,46.0,0.2806,806.0,0.281,45.0,0.2811,308.0
1753533257166,12:34:17.166,DYM/USDT:USDT,0.2807,46.0,0.2806,806.0,0.281,45.0,0.2811,308.0
1753533258424,12:34:18.424,DYM/USDT:USDT,0.2807,46.0,0.2806,806.0,0.281,44.0,0.2811,308.0
1753533258456,12:34:18.456,DYM/USDT:USDT,0.2807,46.0,0.2806,806.0,0.281,44.0,0.2811,308.0
1753533258564,12:34:18.564,DYM/USDT:USDT,0.2807,46.0,0.2806,806.0,0.2811,46.0,0.2812,262.0
1753533258693,12:34:18.693,DYM/USDT:USDT,0.2807,46.0,0.2806,806.0,0.2811,46.0,0.2812,262.0
1753533258762,12:34:18.762,DYM/USDT:USDT,0.2807,46.0,0.2806,806.0,0.2811,46.0,0.2812,262.0
1753533260005,12:34:20.005,DYM/USDT:USDT,0.2807,46.0,0.2806,806.0,0.2811,46.0,0.2812,262.0
1753533260318,12:34:20.318,DYM/USDT:USDT,0.2807,46.0,0.2806,806.0,0.2811,46.0,0.2812,262.0
1753533263164,12:34:23.164,DYM/USDT:USDT,0.2807,46.0,0.2806,806.0,0.2811,46.0,0.2812,262.0
1753533265608,12:34:25.608,DYM/USDT:USDT,0.2807,46.0,0.2806,1518.0,0.2811,46.0,0.2812,262.0
1753533265723,12:34:25.723,DYM/USDT:USDT,0.2807,46.0,0.2806,1518.0,0.2811,46.0,0.2812,262.0
1753533265826,12:34:25.826,DYM/USDT:USDT,0.2807,46.0,0.2806,1518.0,0.2811,46.0,0.2812,262.0
1753533266322,12:34:26.322,DYM/USDT:USDT,0.2807,46.0,0.2806,806.0,0.2811,46.0,0.2812,262.0
1753533267535,12:34:27.535,DYM/USDT:USDT,0.2807,46.0,0.2806,806.0,0.2811,46.0,0.2812,262.0
1753533267700,12:34:27.700,DYM/USDT:USDT,0.2807,46.0,0.2806,806.0,0.2811,262.0,0.2813,44.0
1753533267856,12:34:27.856,DYM/USDT:USDT,0.2807,46.0,0.2806,806.0,0.281,44.0,0.2811,262.0
1753533268006,12:34:28.006,DYM/USDT:USDT,0.2807,46.0,0.2806,806.0,0.281,44.0,0.2812,262.0
1753533268361,12:34:28.361,DYM/USDT:USDT,0.2807,46.0,0.2806,806.0,0.281,44.0,0.2812,262.0
1753533269004,12:34:29.004,DYM/USDT:USDT,0.2807,46.0,0.2806,806.0,0.281,44.0,0.2812,262.0
1753533269094,12:34:29.094,DYM/USDT:USDT,0.2807,46.0,0.2806,806.0,0.281,44.0,0.2812,262.0
1753533269188,12:34:29.188,DYM/USDT:USDT,0.2807,46.0,0.2806,806.0,0.281,44.0,0.2812,262.0
1753533271099,12:34:31.099,DYM/USDT:USDT,0.2807,46.0,0.2806,296.0,0.281,44.0,0.2811,262.0
1753533274418,12:34:34.418,DYM/USDT:USDT,0.2807,46.0,0.2806,296.0,0.281,44.0,0.2811,262.0
1753533274730,12:34:34.730,DYM/USDT:USDT,0.2807,46.0,0.2806,296.0,0.281,44.0,0.2811,262.0
1753533275015,12:34:35.015,DYM/USDT:USDT,0.2807,46.0,0.2806,296.0,0.281,44.0,0.2811,262.0
1753533275107,12:34:35.107,DYM/USDT:USDT,0.2807,46.0,0.2806,296.0,0.281,44.0,0.2811,262.0
1753533275301,12:34:35.301,DYM/USDT:USDT,0.2807,46.0,0.2806,296.0,0.281,44.0,0.2811,262.0
1753533276005,12:34:36.005,DYM/USDT:USDT,0.2807,46.0,0.2806,296.0,0.281,44.0,0.2811,262.0
1753533276198,12:34:36.198,DYM/USDT:USDT,0.2807,46.0,0.2806,296.0,0.281,44.0,0.2811,262.0
1753533276892,12:34:36.892,DYM/USDT:USDT,0.2807,46.0,0.2806,806.0,0.281,44.0,0.2811,262.0
1753533277300,12:34:37.300,DYM/USDT:USDT,0.2807,46.0,0.2806,806.0,0.281,44.0,0.2811,262.0
1753533277392,12:34:37.392,DYM/USDT:USDT,0.2807,46.0,0.2806,806.0,0.281,44.0,0.2811,262.0
1753533277468,12:34:37.468,DYM/USDT:USDT,0.2807,46.0,0.2806,806.0,0.281,44.0,0.2811,262.0
1753533277549,12:34:37.549,DYM/USDT:USDT,0.2807,46.0,0.2806,806.0,0.281,44.0,0.2811,262.0
1753533278565,12:34:38.565,DYM/USDT:USDT,0.2807,46.0,0.2806,806.0,0.281,44.0,0.2811,262.0
1753533278783,12:34:38.783,DYM/USDT:USDT,0.2807,46.0,0.2806,806.0,0.281,44.0,0.2811,262.0
1753533280429,12:34:40.429,DYM/USDT:USDT,0.2807,46.0,0.2806,806.0,0.281,44.0,0.2811,262.0
1753533280454,12:34:40.454,DYM/USDT:USDT,0.2807,46.0,0.2806,806.0,0.281,44.0,0.2811,262.0
1753533280613,12:34:40.613,DYM/USDT:USDT,0.2807,46.0,0.2806,806.0,0.281,44.0,0.2811,262.0
1753533280901,12:34:40.901,DYM/USDT:USDT,0.2807,46.0,0.2806,806.0,0.281,44.0,0.2811,262.0
1753533281020,12:34:41.020,DYM/USDT:USDT,0.2807,46.0,0.2806,296.0,0.2809,45.0,0.281,306.0
1753533281286,12:34:41.286,DYM/USDT:USDT,0.2807,46.0,0.2806,296.0,0.2809,45.0,0.281,306.0
1753533282123,12:34:42.123,DYM/USDT:USDT,0.2807,46.0,0.2806,296.0,0.2809,45.0,0.281,306.0
1753533282211,12:34:42.211,DYM/USDT:USDT,0.2807,46.0,0.2806,296.0,0.2809,45.0,0.281,306.0
1753533282507,12:34:42.507,DYM/USDT:USDT,0.2807,46.0,0.2806,296.0,0.2809,45.0,0.281,306.0
1753533283103,12:34:43.103,DYM/USDT:USDT,0.2807,46.0,0.2806,296.0,0.2809,45.0,0.281,306.0
1753533283918,12:34:43.918,DYM/USDT:USDT,0.2807,46.0,0.2806,296.0,0.2809,45.0,0.281,306.0
1753533284418,12:34:44.418,DYM/USDT:USDT,0.2807,46.0,0.2806,296.0,0.2809,45.0,0.281,306.0
1753533284751,12:34:44.751,DYM/USDT:USDT,0.2807,46.0,0.2806,296.0,0.2809,45.0,0.281,306.0
1753533286135,12:34:46.135,DYM/USDT:USDT,0.2807,46.0,0.2806,296.0,0.2809,45.0,0.281,306.0
1753533286549,12:34:46.549,DYM/USDT:USDT,0.2807,46.0,0.2806,296.0,0.2809,45.0,0.281,306.0
1753533289193,12:34:49.193,DYM/USDT:USDT,0.2807,46.0,0.2806,296.0,0.2809,45.0,0.281,306.0
1753533289334,12:34:49.334,DYM/USDT:USDT,0.2807,46.0,0.2806,296.0,0.2809,45.0,0.281,44.0
1753533289395,12:34:49.395,DYM/USDT:USDT,0.2807,46.0,0.2806,296.0,0.281,44.0,0.2811,262.0
1753533289440,12:34:49.440,DYM/USDT:USDT,0.2807,46.0,0.2806,296.0,0.281,44.0,0.2811,262.0
1753533289803,12:34:49.803,DYM/USDT:USDT,0.2807,46.0,0.2806,296.0,0.281,44.0,0.2811,262.0
1753533290916,12:34:50.916,DYM/USDT:USDT,0.2807,46.0,0.2806,296.0,0.281,44.0,0.2811,262.0
1753533291026,12:34:51.026,DYM/USDT:USDT,0.2807,46.0,0.2806,296.0,0.281,44.0,0.2811,262.0
1753533294846,12:34:54.846,DYM/USDT:USDT,0.2807,46.0,0.2806,806.0,0.281,44.0,0.2811,262.0
1753533295542,12:34:55.542,DYM/USDT:USDT,0.2807,46.0,0.2806,296.0,0.281,44.0,0.2811,262.0
1753533296427,12:34:56.427,DYM/USDT:USDT,0.2807,46.0,0.2806,296.0,0.2812,45.0,0.2813,556.0
1753533296535,12:34:56.535,DYM/USDT:USDT,0.2807,46.0,0.2806,296.0,0.2812,45.0,0.2813,556.0
1753533296557,12:34:56.557,DYM/USDT:USDT,0.2807,46.0,0.2806,296.0,0.2812,45.0,0.2813,556.0
1753533296678,12:34:56.678,DYM/USDT:USDT,0.2807,46.0,0.2806,296.0,0.2812,45.0,0.2813,556.0
1753533299218,12:34:59.218,DYM/USDT:USDT,0.2807,46.0,0.2806,296.0,0.2812,45.0,0.2813,556.0
1753533299333,12:34:59.333,DYM/USDT:USDT,0.2807,46.0,0.2806,1008.0,0.2812,45.0,0.2813,294.0
1753533299358,12:34:59.358,DYM/USDT:USDT,0.2807,46.0,0.2806,1008.0,0.2812,45.0,0.2813,294.0
1753533299462,12:34:59.462,DYM/USDT:USDT,0.2807,46.0,0.2806,1008.0,0.2812,45.0,0.2813,294.0
1753533299687,12:34:59.687,DYM/USDT:USDT,0.2808,46.0,0.2807,296.0,0.2812,45.0,0.2813,294.0
1753533300009,12:35:00.009,DYM/USDT:USDT,0.2808,46.0,0.2807,296.0,0.2812,45.0,0.2813,294.0
1753533300186,12:35:00.186,DYM/USDT:USDT,0.2808,46.0,0.2807,296.0,0.2812,45.0,0.2813,294.0
1753533300363,12:35:00.363,DYM/USDT:USDT,0.2808,46.0,0.2807,296.0,0.2812,45.0,0.2813,294.0
1753533301226,12:35:01.226,DYM/USDT:USDT,0.2808,46.0,0.2807,296.0,0.2812,45.0,0.2813,294.0
1753533301576,12:35:01.576,DYM/USDT:USDT,0.2808,46.0,0.2807,296.0,0.2812,45.0,0.2813,556.0
1753533301823,12:35:01.823,DYM/USDT:USDT,0.2808,46.0,0.2807,296.0,0.2812,45.0,0.2813,556.0
1753533301863,12:35:01.863,DYM/USDT:USDT,0.2808,46.0,0.2807,296.0,0.2812,45.0,0.2813,556.0
1753533302011,12:35:02.011,DYM/USDT:USDT,0.2808,46.0,0.2807,296.0,0.2812,45.0,0.2813,556.0
1753533302113,12:35:02.113,DYM/USDT:USDT,0.2808,46.0,0.2807,296.0,0.2812,45.0,0.2813,556.0
1753533302203,12:35:02.203,DYM/USDT:USDT,0.2808,46.0,0.2807,296.0,0.2812,45.0,0.2813,556.0
1753533302317,12:35:02.317,DYM/USDT:USDT,0.2808,46.0,0.2807,296.0,0.2812,45.0,0.2813,556.0
1753533302403,12:35:02.403,DYM/USDT:USDT,0.2808,46.0,0.2807,296.0,0.2812,45.0,0.2813,556.0
1753533302488,12:35:02.488,DYM/USDT:USDT,0.2808,46.0,0.2807,296.0,0.2812,45.0,0.2813,556.0
1753533305235,12:35:05.235,DYM/USDT:USDT,0.2808,46.0,0.2807,296.0,0.2812,45.0,0.2813,294.0
1753533305236,12:35:05.236,DYM/USDT:USDT,0.2808,46.0,0.2807,296.0,0.2812,45.0,0.2813,294.0
1753533311117,12:35:11.117,DYM/USDT:USDT,0.2808,46.0,0.2807,296.0,0.2812,307.0,0.2813,294.0
1753533311145,12:35:11.145,DYM/USDT:USDT,0.2808,46.0,0.2807,296.0,0.2811,46.0,0.2812,307.0
1753533311629,12:35:11.629,DYM/USDT:USDT,0.2808,46.0,0.2807,296.0,0.2812,45.0,0.2813,294.0
1753533311671,12:35:11.671,DYM/USDT:USDT,0.2808,46.0,0.2807,296.0,0.2812,45.0,0.2813,294.0
1753533311895,12:35:11.895,DYM/USDT:USDT,0.2808,46.0,0.2807,296.0,0.2812,45.0,0.2813,294.0
1753533312505,12:35:12.505,DYM/USDT:USDT,0.2808,46.0,0.2807,296.0,0.2812,45.0,0.2813,294.0
1753533316759,12:35:16.759,DYM/USDT:USDT,0.2808,46.0,0.2807,296.0,0.2812,45.0,0.2813,294.0
1753533322296,12:35:22.296,DYM/USDT:USDT,0.2808,46.0,0.2807,296.0,0.2812,45.0,0.2813,294.0
1753533326125,12:35:26.125,DYM/USDT:USDT,0.2808,46.0,0.2807,2114.0,0.2812,45.0,0.2813,556.0
1753533326160,12:35:26.160,DYM/USDT:USDT,0.2808,46.0,0.2807,2114.0,0.2812,45.0,0.2813,556.0
1753533326317,12:35:26.317,DYM/USDT:USDT,0.2808,46.0,0.2807,2114.0,0.2812,45.0,0.2813,556.0
1753533326416,12:35:26.416,DYM/USDT:USDT,0.2808,46.0,0.2807,2114.0,0.2812,45.0,0.2813,556.0
1753533326731,12:35:26.731,DYM/USDT:USDT,0.2808,46.0,0.2807,2114.0,0.2812,45.0,0.2813,556.0
1753533327231,12:35:27.231,DYM/USDT:USDT,0.2808,46.0,0.2807,2114.0,0.2812,45.0,0.2813,556.0
1753533327240,12:35:27.240,DYM/USDT:USDT,0.2808,46.0,0.2807,2114.0,0.2812,45.0,0.2813,556.0
1753533327627,12:35:27.627,DYM/USDT:USDT,0.2808,46.0,0.2807,2114.0,0.2812,45.0,0.2813,556.0
1753533327636,12:35:27.636,DYM/USDT:USDT,0.2808,46.0,0.2807,2114.0,0.2812,45.0,0.2813,556.0
1753533330662,12:35:30.662,DYM/USDT:USDT,0.2808,46.0,0.2807,2114.0,0.2812,45.0,0.2813,556.0
1753533331918,12:35:31.918,DYM/USDT:USDT,0.2808,46.0,0.2807,2114.0,0.2812,45.0,0.2813,294.0
1753533332706,12:35:32.706,DYM/USDT:USDT,0.2809,46.0,0.2808,556.0,0.2812,45.0,0.2813,294.0
1753533336959,12:35:36.959,DYM/USDT:USDT,0.2808,46.0,0.2807,2114.0,0.2812,45.0,0.2813,294.0
1753533338298,12:35:38.298,DYM/USDT:USDT,0.2809,46.0,0.2808,556.0,0.2812,45.0,0.2813,294.0
1753533348539,12:35:48.539,DYM/USDT:USDT,0.2809,46.0,0.2808,556.0,0.2812,45.0,0.2813,294.0
1753533350564,12:35:50.564,DYM/USDT:USDT,0.2809,46.0,0.2808,556.0,0.2812,45.0,0.2813,294.0
1753533350917,12:35:50.917,DYM/USDT:USDT,0.2809,46.0,0.2808,556.0,0.2812,45.0,0.2813,294.0
1753533353724,12:35:53.724,DYM/USDT:USDT,0.2809,46.0,0.2808,556.0,0.2812,45.0,0.2813,294.0
1753533353760,12:35:53.760,DYM/USDT:USDT,0.2809,46.0,0.2808,556.0,0.2812,45.0,0.2813,294.0
1753533353923,12:35:53.923,DYM/USDT:USDT,0.2809,46.0,0.2808,556.0,0.2812,45.0,0.2813,294.0
1753533354224,12:35:54.224,DYM/USDT:USDT,0.2809,46.0,0.2808,556.0,0.2812,45.0,0.2813,294.0
1753533354240,12:35:54.240,DYM/USDT:USDT,0.2809,46.0,0.2808,556.0,0.2812,45.0,0.2813,294.0
1753533354336,12:35:54.336,DYM/USDT:USDT,0.2809,46.0,0.2808,556.0,0.2812,45.0,0.2813,294.0
1753533354489,12:35:54.489,DYM/USDT:USDT,0.2809,46.0,0.2808,556.0,0.2812,45.0,0.2813,294.0
1753533354634,12:35:54.634,DYM/USDT:USDT,0.2809,46.0,0.2808,556.0,0.2812,45.0,0.2813,294.0
1753533354643,12:35:54.643,DYM/USDT:USDT,0.2809,46.0,0.2808,556.0,0.2812,45.0,0.2813,294.0
1753533355199,12:35:55.199,DYM/USDT:USDT,0.2809,46.0,0.2808,556.0,0.2812,45.0,0.2813,294.0
1753533355254,12:35:55.254,DYM/USDT:USDT,0.2809,46.0,0.2808,556.0,0.2812,45.0,0.2813,294.0
1753533355351,12:35:55.351,DYM/USDT:USDT,0.2809,46.0,0.2808,556.0,0.2812,45.0,0.2813,294.0
1753533356697,12:35:56.697,DYM/USDT:USDT,0.2809,46.0,0.2808,556.0,0.2812,45.0,0.2813,294.0
1753533356824,12:35:56.824,DYM/USDT:USDT,0.2809,46.0,0.2808,556.0,0.2812,45.0,0.2813,294.0
1753533357211,12:35:57.211,DYM/USDT:USDT,0.2809,46.0,0.2808,556.0,0.2812,45.0,0.2813,294.0
1753533357237,12:35:57.237,DYM/USDT:USDT,0.2809,46.0,0.2808,556.0,0.2812,45.0,0.2813,294.0
1753533357385,12:35:57.385,DYM/USDT:USDT,0.2809,46.0,0.2808,556.0,0.2812,45.0,0.2813,294.0
1753533357532,12:35:57.532,DYM/USDT:USDT,0.2809,46.0,0.2808,556.0,0.2812,45.0,0.2813,294.0
1753533358124,12:35:58.124,DYM/USDT:USDT,0.2809,46.0,0.2808,556.0,0.2812,45.0,0.2813,294.0
1753533358528,12:35:58.528,DYM/USDT:USDT,0.2809,46.0,0.2808,556.0,0.2812,45.0,0.2813,294.0
1753533358537,12:35:58.537,DYM/USDT:USDT,0.2809,46.0,0.2808,556.0,0.2812,45.0,0.2813,294.0
1753533359138,12:35:59.138,DYM/USDT:USDT,0.2809,46.0,0.2808,556.0,0.2812,45.0,0.2813,294.0
1753533359800,12:35:59.800,DYM/USDT:USDT,0.2809,46.0,0.2808,556.0,0.2812,45.0,0.2813,294.0
1753533360020,12:36:00.020,DYM/USDT:USDT,0.2809,46.0,0.2808,556.0,0.2812,45.0,0.2813,294.0
1753533360096,12:36:00.096,DYM/USDT:USDT,0.2809,46.0,0.2808,556.0,0.2812,45.0,0.2813,294.0
1753533360432,12:36:00.432,DYM/USDT:USDT,0.2809,46.0,0.2808,556.0,0.2812,45.0,0.2813,294.0
1753533360442,12:36:00.442,DYM/USDT:USDT,0.2809,46.0,0.2808,556.0,0.2812,45.0,0.2813,294.0
1753533360917,12:36:00.917,DYM/USDT:USDT,0.281,45.0,0.2809,556.0,0.2813,294.0,0.2814,46.0
1753533360942,12:36:00.942,DYM/USDT:USDT,0.281,45.0,0.2809,1864.0,0.2813,294.0,0.2814,46.0
1753533361054,12:36:01.054,DYM/USDT:USDT,0.281,45.0,0.2809,1864.0,0.2813,294.0,0.2814,46.0
1753533361766,12:36:01.766,DYM/USDT:USDT,0.281,45.0,0.2809,1864.0,0.2814,46.0,0.2815,558.0
1753533361911,12:36:01.911,DYM/USDT:USDT,0.281,45.0,0.2809,1864.0,0.2814,46.0,0.2815,558.0
1753533362029,12:36:02.029,DYM/USDT:USDT,0.281,45.0,0.2809,1864.0,0.2814,46.0,0.2815,558.0
1753533362124,12:36:02.124,DYM/USDT:USDT,0.281,45.0,0.2809,1864.0,0.2814,46.0,0.2815,558.0
1753533362475,12:36:02.475,DYM/USDT:USDT,0.281,45.0,0.2809,1864.0,0.2814,46.0,0.2815,558.0
1753533363309,12:36:03.309,DYM/USDT:USDT,0.281,45.0,0.2809,1864.0,0.2814,46.0,0.2815,558.0
1753533363533,12:36:03.533,DYM/USDT:USDT,0.281,45.0,0.2809,1864.0,0.2814,46.0,0.2815,558.0
1753533364619,12:36:04.619,DYM/USDT:USDT,0.281,45.0,0.2809,1864.0,0.2814,46.0,0.2815,558.0
1753533365875,12:36:05.875,DYM/USDT:USDT,0.281,45.0,0.2809,1864.0,0.2814,46.0,0.2815,558.0
1753533366168,12:36:06.168,DYM/USDT:USDT,0.281,45.0,0.2809,1864.0,0.2814,46.0,0.2815,558.0
1753533366402,12:36:06.402,DYM/USDT:USDT,0.281,45.0,0.2809,1864.0,0.2814,46.0,0.2815,558.0
1753533366768,12:36:06.768,DYM/USDT:USDT,0.281,45.0,0.2809,1864.0,0.2814,46.0,0.2815,558.0
1753533367103,12:36:07.103,DYM/USDT:USDT,0.281,45.0,0.2809,1864.0,0.2814,46.0,0.2815,558.0
1753533367195,12:36:07.195,DYM/USDT:USDT,0.281,45.0,0.2809,1864.0,0.2814,46.0,0.2815,558.0
1753533367332,12:36:07.332,DYM/USDT:USDT,0.281,45.0,0.2809,1864.0,0.2814,46.0,0.2815,558.0
1753533367476,12:36:07.476,DYM/USDT:USDT,0.281,45.0,0.2809,1864.0,0.2814,46.0,0.2815,558.0
1753533368174,12:36:08.174,DYM/USDT:USDT,0.281,45.0,0.2809,1864.0,0.2814,46.0,0.2815,558.0
1753533368321,12:36:08.321,DYM/USDT:USDT,0.281,45.0,0.2809,1864.0,0.2814,46.0,0.2815,558.0
1753533369076,12:36:09.076,DYM/USDT:USDT,0.2811,45.0,0.281,555.0,0.2814,46.0,0.2815,296.0
1753533369157,12:36:09.157,DYM/USDT:USDT,0.2811,45.0,0.281,555.0,0.2814,46.0,0.2815,296.0
1753533370003,12:36:10.003,DYM/USDT:USDT,0.2811,45.0,0.281,555.0,0.2814,46.0,0.2815,296.0
1753533370577,12:36:10.577,DYM/USDT:USDT,0.2811,45.0,0.281,555.0,0.2814,46.0,0.2815,296.0
1753533375577,12:36:15.577,DYM/USDT:USDT,0.2811,45.0,0.281,555.0,0.2814,46.0,0.2815,296.0
1753533376078,12:36:16.078,DYM/USDT:USDT,0.2811,45.0,0.281,555.0,0.2814,46.0,0.2815,296.0
1753533379517,12:36:19.517,DYM/USDT:USDT,0.2811,45.0,0.281,555.0,0.2815,296.0,0.2816,307.0
1753533379632,12:36:19.632,DYM/USDT:USDT,0.2812,47.0,0.2811,555.0,0.2816,45.0,0.2817,309.0
1753533379718,12:36:19.718,DYM/USDT:USDT,0.2812,47.0,0.2811,555.0,0.2816,45.0,0.2817,309.0
1753533380012,12:36:20.012,DYM/USDT:USDT,0.2812,47.0,0.2811,555.0,0.2816,45.0,0.2817,309.0
1753533380259,12:36:20.259,DYM/USDT:USDT,0.2812,47.0,0.2811,555.0,0.2816,45.0,0.2817,309.0
1753533381443,12:36:21.443,DYM/USDT:USDT,0.2812,47.0,0.2811,555.0,0.2816,45.0,0.2817,309.0
1753533381632,12:36:21.632,DYM/USDT:USDT,0.2812,47.0,0.2811,555.0,0.2816,45.0,0.2817,309.0
1753533384864,12:36:24.864,DYM/USDT:USDT,0.2812,47.0,0.2811,555.0,0.2816,45.0,0.2817,309.0
1753533386282,12:36:26.282,DYM/USDT:USDT,0.2812,47.0,0.2811,555.0,0.2816,45.0,0.2817,309.0
1753533386491,12:36:26.491,DYM/USDT:USDT,0.2812,47.0,0.2811,555.0,0.2816,45.0,0.2817,309.0
1753533386604,12:36:26.604,DYM/USDT:USDT,0.2812,47.0,0.2811,555.0,0.2816,45.0,0.2817,309.0
1753533386705,12:36:26.705,DYM/USDT:USDT,0.2812,47.0,0.2811,555.0,0.2816,45.0,0.2817,309.0
1753533386778,12:36:26.778,DYM/USDT:USDT,0.2812,47.0,0.2811,555.0,0.2816,45.0,0.2817,309.0
1753533387415,12:36:27.415,DYM/USDT:USDT,0.2812,47.0,0.2811,555.0,0.2816,45.0,0.2817,309.0
1753533391443,12:36:31.443,DYM/USDT:USDT,0.2812,47.0,0.2811,555.0,0.2816,45.0,0.2817,309.0
1753533391964,12:36:31.964,DYM/USDT:USDT,0.2812,47.0,0.2811,555.0,0.2816,45.0,0.2817,309.0
1753533392835,12:36:32.835,DYM/USDT:USDT,0.2812,47.0,0.2811,555.0,0.2816,45.0,0.2817,47.0
1753533392932,12:36:32.932,DYM/USDT:USDT,0.2812,47.0,0.2811,555.0,0.2817,47.0,0.2818,309.0
1753533393006,12:36:33.006,DYM/USDT:USDT,0.2813,46.0,0.2812,557.0,0.2817,47.0,0.2818,309.0
1753533393229,12:36:33.229,DYM/USDT:USDT,0.2813,46.0,0.2812,557.0,0.2817,47.0,0.2818,309.0
1753533393499,12:36:33.499,DYM/USDT:USDT,0.2813,46.0,0.2812,557.0,0.2817,47.0,0.2818,309.0
1753533393706,12:36:33.706,DYM/USDT:USDT,0.2813,46.0,0.2812,557.0,0.2817,47.0,0.2818,309.0
1753533394888,12:36:34.888,DYM/USDT:USDT,0.2813,46.0,0.2812,557.0,0.2817,47.0,0.2818,309.0
1753533396258,12:36:36.258,DYM/USDT:USDT,0.2813,46.0,0.2812,557.0,0.2817,47.0,0.2818,309.0
1753533396407,12:36:36.407,DYM/USDT:USDT,0.2813,46.0,0.2812,557.0,0.2817,47.0,0.2818,309.0
1753533396561,12:36:36.561,DYM/USDT:USDT,0.2813,46.0,0.2812,557.0,0.2817,47.0,0.2818,309.0
1753533397047,12:36:37.047,DYM/USDT:USDT,0.2813,46.0,0.2812,557.0,0.2817,47.0,0.2818,309.0
1753533397288,12:36:37.288,DYM/USDT:USDT,0.2813,46.0,0.2812,557.0,0.2817,47.0,0.2818,309.0
1753533397395,12:36:37.395,DYM/USDT:USDT,0.2813,46.0,0.2812,557.0,0.2817,47.0,0.2818,309.0
1753533397533,12:36:37.533,DYM/USDT:USDT,0.2813,46.0,0.2812,557.0,0.2817,47.0,0.2818,309.0
1753533397563,12:36:37.563,DYM/USDT:USDT,0.2813,46.0,0.2812,557.0,0.2817,47.0,0.2818,309.0
1753533397910,12:36:37.910,DYM/USDT:USDT,0.2813,46.0,0.2812,557.0,0.2817,47.0,0.2818,309.0
1753533398032,12:36:38.032,DYM/USDT:USDT,0.2813,46.0,0.2812,557.0,0.2817,47.0,0.2818,309.0
1753533398043,12:36:38.043,DYM/USDT:USDT,0.2813,46.0,0.2812,557.0,0.2817,47.0,0.2818,309.0
1753533398139,12:36:38.139,DYM/USDT:USDT,0.2813,46.0,0.2812,557.0,0.2817,47.0,0.2818,309.0
1753533398267,12:36:38.267,DYM/USDT:USDT,0.2813,46.0,0.2812,557.0,0.2817,47.0,0.2818,309.0
1753533398527,12:36:38.527,DYM/USDT:USDT,0.2813,556.0,0.2812,47.0,0.2817,47.0,0.2818,309.0
1753533398596,12:36:38.596,DYM/USDT:USDT,0.2814,46.0,0.2813,556.0,0.2817,47.0,0.2818,309.0
1753533398640,12:36:38.640,DYM/USDT:USDT,0.2814,46.0,0.2813,556.0,0.2817,47.0,0.2818,309.0
1753533399214,12:36:39.214,DYM/USDT:USDT,0.2814,46.0,0.2813,556.0,0.2817,47.0,0.2818,309.0
1753533399867,12:36:39.867,DYM/USDT:USDT,0.2814,46.0,0.2813,556.0,0.2817,47.0,0.2818,309.0
1753533400234,12:36:40.234,DYM/USDT:USDT,0.2814,46.0,0.2813,556.0,0.2817,47.0,0.2818,309.0
1753533400484,12:36:40.484,DYM/USDT:USDT,0.2814,46.0,0.2813,556.0,0.2817,47.0,0.2818,309.0
1753533400667,12:36:40.667,DYM/USDT:USDT,0.2814,46.0,0.2813,556.0,0.2817,47.0,0.2818,309.0
1753533401577,12:36:41.577,DYM/USDT:USDT,0.2814,46.0,0.2813,556.0,0.2818,47.0,0.2819,2228.0
1753533401678,12:36:41.678,DYM/USDT:USDT,0.2813,46.0,0.2812,557.0,0.2819,46.0,0.282,1357.0
1753533401759,12:36:41.759,DYM/USDT:USDT,0.2813,46.0,0.2812,557.0,0.2819,46.0,0.282,1357.0
1753533401857,12:36:41.857,DYM/USDT:USDT,0.2813,46.0,0.2812,557.0,0.2819,46.0,0.282,1357.0
1753533402008,12:36:42.008,DYM/USDT:USDT,0.2813,46.0,0.2812,557.0,0.2819,46.0,0.282,1357.0
1753533402362,12:36:42.362,DYM/USDT:USDT,0.2813,46.0,0.2812,557.0,0.2819,46.0,0.282,1357.0
1753533402494,12:36:42.494,DYM/USDT:USDT,0.2813,46.0,0.2812,557.0,0.2818,45.0,0.2819,296.0
1753533402686,12:36:42.686,DYM/USDT:USDT,0.2813,46.0,0.2812,557.0,0.2818,45.0,0.2819,296.0
1753533403095,12:36:43.095,DYM/USDT:USDT,0.2813,46.0,0.2812,557.0,0.2818,45.0,0.2819,296.0
1753533403516,12:36:43.516,DYM/USDT:USDT,0.2813,46.0,0.2812,557.0,0.2818,45.0,0.2819,296.0
1753533404278,12:36:44.278,DYM/USDT:USDT,0.2814,45.0,0.2813,556.0,0.2818,45.0,0.2819,296.0
1753533404434,12:36:44.434,DYM/USDT:USDT,0.2812,47.0,0.2811,510.0,0.2818,45.0,0.2819,296.0
1753533404478,12:36:44.478,DYM/USDT:USDT,0.2813,45.0,0.2812,557.0,0.2818,45.0,0.2819,558.0
1753533404596,12:36:44.596,DYM/USDT:USDT,0.2814,45.0,0.2813,555.0,0.2817,45.0,0.2818,307.0
1753533404715,12:36:44.715,DYM/USDT:USDT,0.2814,45.0,0.2813,555.0,0.2817,45.0,0.2818,307.0
1753533405379,12:36:45.379,DYM/USDT:USDT,0.2814,45.0,0.2813,555.0,0.2818,45.0,0.2819,1588.0
1753533405530,12:36:45.530,DYM/USDT:USDT,0.2813,45.0,0.2812,557.0,0.2818,45.0,0.2819,296.0
1753533405559,12:36:45.559,DYM/USDT:USDT,0.2812,47.0,0.2811,510.0,0.2818,45.0,0.2819,296.0
1753533405698,12:36:45.698,DYM/USDT:USDT,0.2813,45.0,0.2812,557.0,0.2818,45.0,0.2819,296.0
1753533405815,12:36:45.815,DYM/USDT:USDT,0.2812,47.0,0.2811,510.0,0.2818,45.0,0.2819,296.0
1753533405861,12:36:45.861,DYM/USDT:USDT,0.2813,45.0,0.2812,557.0,0.2818,45.0,0.2819,296.0
1753533406011,12:36:46.011,DYM/USDT:USDT,0.2812,47.0,0.2811,510.0,0.2818,45.0,0.2819,296.0
1753533406058,12:36:46.058,DYM/USDT:USDT,0.2813,45.0,0.2812,557.0,0.2818,45.0,0.2819,296.0
1753533406210,12:36:46.210,DYM/USDT:USDT,0.2812,47.0,0.2811,510.0,0.2818,45.0,0.2819,296.0
1753533406258,12:36:46.258,DYM/USDT:USDT,0.2813,45.0,0.2812,557.0,0.2818,45.0,0.2819,296.0
1753533406409,12:36:46.409,DYM/USDT:USDT,0.2812,47.0,0.2811,510.0,0.2818,45.0,0.2819,296.0
1753533406464,12:36:46.464,DYM/USDT:USDT,0.2813,45.0,0.2812,807.0,0.2818,45.0,0.2819,296.0
1753533411120,12:36:51.120,DYM/USDT:USDT,0.2814,45.0,0.2813,555.0,0.2818,45.0,0.2819,296.0
1753533411161,12:36:51.161,DYM/USDT:USDT,0.2814,45.0,0.2813,555.0,0.2818,45.0,0.2819,296.0
1753533411458,12:36:51.458,DYM/USDT:USDT,0.2814,45.0,0.2813,555.0,0.2818,45.0,0.2819,296.0
1753533412548,12:36:52.548,DYM/USDT:USDT,0.2814,45.0,0.2813,555.0,0.2818,45.0,0.2819,296.0
1753533412791,12:36:52.791,DYM/USDT:USDT,0.2814,45.0,0.2813,555.0,0.2818,45.0,0.2819,296.0
1753533421409,12:37:01.409,DYM/USDT:USDT,0.2814,45.0,0.2813,555.0,0.2818,45.0,0.2819,296.0
1753533421498,12:37:01.498,DYM/USDT:USDT,0.2815,46.0,0.2814,555.0,0.2818,45.0,0.2819,296.0
1753533421578,12:37:01.578,DYM/USDT:USDT,0.2815,46.0,0.2814,45.0,0.2818,45.0,0.2819,296.0
1753533421654,12:37:01.654,DYM/USDT:USDT,0.2814,45.0,0.2813,555.0,0.2818,45.0,0.2819,296.0
1753533421984,12:37:01.984,DYM/USDT:USDT,0.2814,45.0,0.2813,555.0,0.2818,45.0,0.2819,296.0
1753533422800,12:37:02.800,DYM/USDT:USDT,0.2813,45.0,0.2812,807.0,0.2818,45.0,0.2819,296.0
1753533422906,12:37:02.906,DYM/USDT:USDT,0.2813,45.0,0.2812,807.0,0.2818,45.0,0.2819,296.0
1753533423032,12:37:03.032,DYM/USDT:USDT,0.2813,45.0,0.2812,807.0,0.2818,45.0,0.2819,296.0
1753533423125,12:37:03.125,DYM/USDT:USDT,0.2813,45.0,0.2812,1517.0,0.2818,45.0,0.2819,296.0
1753533423336,12:37:03.336,DYM/USDT:USDT,0.2815,46.0,0.2814,296.0,0.2821,45.0,0.2822,1111.0
1753533423414,12:37:03.414,DYM/USDT:USDT,0.2815,46.0,0.2814,296.0,0.2821,45.0,0.2822,1111.0
1753533423530,12:37:03.530,DYM/USDT:USDT,0.2815,46.0,0.2814,296.0,0.2821,45.0,0.2822,1111.0
1753533423590,12:37:03.590,DYM/USDT:USDT,0.2815,46.0,0.2814,296.0,0.2821,45.0,0.2822,1111.0
1753533423725,12:37:03.725,DYM/USDT:USDT,0.2815,46.0,0.2814,296.0,0.2821,45.0,0.2822,1111.0
1753533423743,12:37:03.743,DYM/USDT:USDT,0.2815,46.0,0.2814,296.0,0.2821,45.0,0.2822,1111.0
1753533424258,12:37:04.258,DYM/USDT:USDT,0.2815,46.0,0.2814,296.0,0.282,46.0,0.2821,295.0
1753533424396,12:37:04.396,DYM/USDT:USDT,0.2815,46.0,0.2814,296.0,0.282,46.0,0.2821,295.0
1753533424556,12:37:04.556,DYM/USDT:USDT,0.2815,46.0,0.2814,296.0,0.282,46.0,0.2821,295.0
1753533425240,12:37:05.240,DYM/USDT:USDT,0.2815,46.0,0.2814,296.0,0.282,46.0,0.2821,295.0
1753533426152,12:37:06.152,DYM/USDT:USDT,0.2815,46.0,0.2814,296.0,0.282,46.0,0.2821,295.0
1753533426331,12:37:06.331,DYM/USDT:USDT,0.2815,46.0,0.2814,296.0,0.282,46.0,0.2821,295.0
1753533426475,12:37:06.475,DYM/USDT:USDT,0.2815,46.0,0.2814,296.0,0.282,46.0,0.2821,295.0
1753533426598,12:37:06.598,DYM/USDT:USDT,0.2815,46.0,0.2814,296.0,0.282,46.0,0.2821,295.0
1753533427389,12:37:07.389,DYM/USDT:USDT,0.2815,46.0,0.2814,296.0,0.282,46.0,0.2821,295.0
1753533427832,12:37:07.832,DYM/USDT:USDT,0.2815,46.0,0.2814,296.0,0.282,46.0,0.2821,295.0
1753533429527,12:37:09.527,DYM/USDT:USDT,0.2815,46.0,0.2814,296.0,0.282,46.0,0.2821,295.0
1753533429578,12:37:09.578,DYM/USDT:USDT,0.2815,46.0,0.2814,296.0,0.282,46.0,0.2821,295.0
1753533429908,12:37:09.908,DYM/USDT:USDT,0.2815,46.0,0.2814,296.0,0.282,46.0,0.2821,295.0
1753533430400,12:37:10.400,DYM/USDT:USDT,0.2815,46.0,0.2814,296.0,0.282,46.0,0.2821,557.0
1753533431014,12:37:11.014,DYM/USDT:USDT,0.2815,46.0,0.2814,296.0,0.282,46.0,0.2821,557.0
1753533431942,12:37:11.942,DYM/USDT:USDT,0.2815,46.0,0.2814,296.0,0.282,46.0,0.2821,557.0
1753533432267,12:37:12.267,DYM/USDT:USDT,0.2815,46.0,0.2814,296.0,0.282,46.0,0.2821,557.0
1753533435095,12:37:15.095,DYM/USDT:USDT,0.2815,46.0,0.2814,296.0,0.282,46.0,0.2821,557.0
1753533436175,12:37:16.175,DYM/USDT:USDT,0.2815,46.0,0.2814,806.0,0.282,46.0,0.2821,557.0
1753533438151,12:37:18.151,DYM/USDT:USDT,0.2815,46.0,0.2814,806.0,0.282,46.0,0.2821,557.0
1753533439482,12:37:19.482,DYM/USDT:USDT,0.2815,46.0,0.2814,806.0,0.282,46.0,0.2821,557.0
1753533441011,12:37:21.011,DYM/USDT:USDT,0.2815,46.0,0.2814,806.0,0.282,46.0,0.2821,557.0
1753533441056,12:37:21.056,DYM/USDT:USDT,0.2815,46.0,0.2814,806.0,0.282,46.0,0.2821,557.0
1753533441432,12:37:21.432,DYM/USDT:USDT,0.2815,46.0,0.2814,806.0,0.282,46.0,0.2821,557.0
1753533441969,12:37:21.969,DYM/USDT:USDT,0.2815,46.0,0.2814,806.0,0.282,46.0,0.2821,557.0
1753533447484,12:37:27.484,DYM/USDT:USDT,0.2816,46.0,0.2815,556.0,0.282,46.0,0.2821,295.0
1753533447631,12:37:27.631,DYM/USDT:USDT,0.2815,46.0,0.2814,806.0,0.282,46.0,0.2821,295.0
1753533448019,12:37:28.019,DYM/USDT:USDT,0.2815,46.0,0.2814,806.0,0.282,46.0,0.2821,295.0
1753533450939,12:37:30.939,DYM/USDT:USDT,0.2815,46.0,0.2814,806.0,0.282,46.0,0.2821,295.0
1753533451398,12:37:31.398,DYM/USDT:USDT,0.2815,46.0,0.2814,806.0,0.282,46.0,0.2821,295.0
1753533451688,12:37:31.688,DYM/USDT:USDT,0.2815,46.0,0.2814,806.0,0.282,46.0,0.2821,295.0
1753533455931,12:37:35.931,DYM/USDT:USDT,0.2815,46.0,0.2814,296.0,0.282,46.0,0.2821,295.0
1753533455950,12:37:35.950,DYM/USDT:USDT,0.2815,46.0,0.2814,1006.0,0.282,46.0,0.2821,295.0
1753533456124,12:37:36.124,DYM/USDT:USDT,0.2816,44.0,0.2815,756.0,0.2824,46.0,0.2825,1894.0
1753533456210,12:37:36.210,DYM/USDT:USDT,0.2818,44.0,0.2817,510.0,0.2825,45.0,0.2826,174.0
1753533456310,12:37:36.310,DYM/USDT:USDT,0.2818,44.0,0.2817,510.0,0.2823,44.0,0.2824,262.0
1753533456529,12:37:36.529,DYM/USDT:USDT,0.2818,44.0,0.2817,510.0,0.2823,44.0,0.2824,262.0
1753533457633,12:37:37.633,DYM/USDT:USDT,0.2818,44.0,0.2817,510.0,0.2823,44.0,0.2824,262.0
1753533457755,12:37:37.755,DYM/USDT:USDT,0.2818,44.0,0.2817,510.0,0.2823,44.0,0.2824,262.0
1753533458280,12:37:38.280,DYM/USDT:USDT,0.2818,44.0,0.2817,510.0,0.2823,44.0,0.2824,262.0
1753533458339,12:37:38.339,DYM/USDT:USDT,0.2818,44.0,0.2817,510.0,0.2823,44.0,0.2824,262.0
1753533459739,12:37:39.739,DYM/USDT:USDT,0.2818,44.0,0.2817,510.0,0.2823,44.0,0.2824,262.0
1753533460608,12:37:40.608,DYM/USDT:USDT,0.2818,44.0,0.2817,510.0,0.2823,44.0,0.2824,262.0
1753533461005,12:37:41.005,DYM/USDT:USDT,0.2818,44.0,0.2817,510.0,0.2823,44.0,0.2824,262.0
1753533461391,12:37:41.391,DYM/USDT:USDT,0.2818,44.0,0.2817,510.0,0.2823,44.0,0.2824,262.0
1753533462205,12:37:42.205,DYM/USDT:USDT,0.2818,44.0,0.2817,510.0,0.2823,44.0,0.2824,262.0
1753533462359,12:37:42.359,DYM/USDT:USDT,0.2818,44.0,0.2816,554.0,0.2825,45.0,0.2826,306.0
1753533462447,12:37:42.447,DYM/USDT:USDT,0.2818,44.0,0.2816,554.0,0.2825,45.0,0.2826,306.0
1753533462619,12:37:42.619,DYM/USDT:USDT,0.2818,44.0,0.2816,554.0,0.2825,45.0,0.2826,306.0
1753533462818,12:37:42.818,DYM/USDT:USDT,0.2818,44.0,0.2816,554.0,0.2824,295.0,0.2825,295.0
1753533462842,12:37:42.842,DYM/USDT:USDT,0.2818,44.0,0.2816,554.0,0.2823,45.0,0.2824,295.0
1753533463508,12:37:43.508,DYM/USDT:USDT,0.2818,44.0,0.2816,554.0,0.2823,45.0,0.2824,295.0
1753533464237,12:37:44.237,DYM/USDT:USDT,0.2818,44.0,0.2816,554.0,0.2823,45.0,0.2824,295.0
1753533465053,12:37:45.053,DYM/USDT:USDT,0.2818,44.0,0.2816,554.0,0.2823,45.0,0.2824,295.0
1753533465840,12:37:45.840,DYM/USDT:USDT,0.2818,44.0,0.2816,554.0,0.2823,45.0,0.2824,295.0
1753533468033,12:37:48.033,DYM/USDT:USDT,0.2818,44.0,0.2817,510.0,0.2823,45.0,0.2824,295.0
1753533468038,12:37:48.038,DYM/USDT:USDT,0.2818,44.0,0.2817,510.0,0.2823,45.0,0.2824,295.0
1753533468275,12:37:48.275,DYM/USDT:USDT,0.2818,44.0,0.2817,510.0,0.2823,45.0,0.2824,295.0
1753533468434,12:37:48.434,DYM/USDT:USDT,0.2818,44.0,0.2817,510.0,0.2823,45.0,0.2824,295.0
1753533468435,12:37:48.435,DYM/USDT:USDT,0.2818,44.0,0.2817,510.0,0.2823,45.0,0.2824,295.0
1753533469386,12:37:49.386,DYM/USDT:USDT,0.2818,44.0,0.2817,510.0,0.2823,45.0,0.2824,295.0
1753533469532,12:37:49.532,DYM/USDT:USDT,0.2818,44.0,0.2817,510.0,0.2823,45.0,0.2824,295.0
1753533470447,12:37:50.447,DYM/USDT:USDT,0.2818,44.0,0.2817,510.0,0.2823,45.0,0.2824,295.0
1753533470594,12:37:50.594,DYM/USDT:USDT,0.2818,44.0,0.2817,510.0,0.2823,45.0,0.2824,295.0
1753533470840,12:37:50.840,DYM/USDT:USDT,0.2818,44.0,0.2817,510.0,0.2823,45.0,0.2824,295.0
1753533471340,12:37:51.340,DYM/USDT:USDT,0.2818,44.0,0.2817,510.0,0.2823,45.0,0.2824,295.0
1753533472805,12:37:52.805,DYM/USDT:USDT,0.2818,44.0,0.2817,510.0,0.2823,45.0,0.2824,295.0
1753533473722,12:37:53.722,DYM/USDT:USDT,0.2818,554.0,0.2816,44.0,0.2823,45.0,0.2824,295.0
1753533473744,12:37:53.744,DYM/USDT:USDT,0.2819,46.0,0.2818,554.0,0.2823,45.0,0.2824,295.0
1753533473920,12:37:53.920,DYM/USDT:USDT,0.2816,44.0,0.2815,756.0,0.2823,45.0,0.2824,557.0
1753533473941,12:37:53.941,DYM/USDT:USDT,0.2818,46.0,0.2817,510.0,0.2823,45.0,0.2824,557.0
1753533474058,12:37:54.058,DYM/USDT:USDT,0.2819,46.0,0.2818,556.0,0.2823,45.0,0.2824,557.0
1753533474210,12:37:54.210,DYM/USDT:USDT,0.2818,46.0,0.2817,510.0,0.2823,45.0,0.2824,557.0
1753533474258,12:37:54.258,DYM/USDT:USDT,0.2819,46.0,0.2818,556.0,0.2823,45.0,0.2824,557.0
1753533474411,12:37:54.411,DYM/USDT:USDT,0.2818,46.0,0.2817,510.0,0.2823,45.0,0.2824,557.0
1753533474458,12:37:54.458,DYM/USDT:USDT,0.2819,46.0,0.2818,556.0,0.2823,45.0,0.2824,557.0
1753533474610,12:37:54.610,DYM/USDT:USDT,0.2818,46.0,0.2817,510.0,0.2823,45.0,0.2824,557.0
1753533474658,12:37:54.658,DYM/USDT:USDT,0.2819,46.0,0.2818,556.0,0.2823,45.0,0.2824,557.0
1753533474811,12:37:54.811,DYM/USDT:USDT,0.2818,46.0,0.2817,510.0,0.2823,45.0,0.2824,557.0
1753533474859,12:37:54.859,DYM/USDT:USDT,0.2819,46.0,0.2818,556.0,0.2823,45.0,0.2824,557.0
1753533475011,12:37:55.011,DYM/USDT:USDT,0.2818,46.0,0.2817,510.0,0.2823,45.0,0.2824,557.0
1753533475059,12:37:55.059,DYM/USDT:USDT,0.2819,46.0,0.2818,556.0,0.2823,45.0,0.2824,557.0
1753533475212,12:37:55.212,DYM/USDT:USDT,0.2818,46.0,0.2817,510.0,0.2823,45.0,0.2824,557.0
1753533475258,12:37:55.258,DYM/USDT:USDT,0.2819,46.0,0.2818,556.0,0.2823,45.0,0.2824,557.0
1753533475410,12:37:55.410,DYM/USDT:USDT,0.2818,46.0,0.2817,510.0,0.2823,45.0,0.2824,557.0
1753533475458,12:37:55.458,DYM/USDT:USDT,0.2819,46.0,0.2818,556.0,0.2823,45.0,0.2824,557.0
1753533475611,12:37:55.611,DYM/USDT:USDT,0.2818,46.0,0.2817,510.0,0.2823,45.0,0.2824,557.0
1753533475659,12:37:55.659,DYM/USDT:USDT,0.2819,46.0,0.2818,556.0,0.2823,45.0,0.2824,557.0
1753533475810,12:37:55.810,DYM/USDT:USDT,0.2818,46.0,0.2817,510.0,0.2823,45.0,0.2824,557.0
1753533475858,12:37:55.858,DYM/USDT:USDT,0.2819,46.0,0.2818,556.0,0.2823,45.0,0.2824,557.0
1753533476010,12:37:56.010,DYM/USDT:USDT,0.2818,46.0,0.2817,510.0,0.2823,45.0,0.2824,557.0
1753533476059,12:37:56.059,DYM/USDT:USDT,0.2819,46.0,0.2818,556.0,0.2823,45.0,0.2824,557.0
1753533476212,12:37:56.212,DYM/USDT:USDT,0.2818,46.0,0.2817,510.0,0.2823,45.0,0.2824,557.0
1753533476258,12:37:56.258,DYM/USDT:USDT,0.2819,46.0,0.2818,556.0,0.2823,45.0,0.2824,295.0
1753533476412,12:37:56.412,DYM/USDT:USDT,0.2818,46.0,0.2817,510.0,0.2823,45.0,0.2824,295.0
1753533476458,12:37:56.458,DYM/USDT:USDT,0.2819,46.0,0.2818,556.0,0.2823,45.0,0.2824,295.0
1753533476620,12:37:56.620,DYM/USDT:USDT,0.2818,46.0,0.2817,510.0,0.2823,45.0,0.2824,295.0
1753533476658,12:37:56.658,DYM/USDT:USDT,0.2819,46.0,0.2818,556.0,0.2823,45.0,0.2824,295.0
1753533476810,12:37:56.810,DYM/USDT:USDT,0.2818,46.0,0.2817,510.0,0.2823,45.0,0.2824,295.0
1753533476858,12:37:56.858,DYM/USDT:USDT,0.2819,46.0,0.2818,556.0,0.2823,45.0,0.2824,295.0
1753533477011,12:37:57.011,DYM/USDT:USDT,0.2818,46.0,0.2817,510.0,0.2823,45.0,0.2824,295.0
1753533477058,12:37:57.058,DYM/USDT:USDT,0.2819,46.0,0.2818,556.0,0.2823,45.0,0.2824,295.0
1753533477211,12:37:57.211,DYM/USDT:USDT,0.2818,46.0,0.2817,510.0,0.2823,45.0,0.2824,295.0
1753533477258,12:37:57.258,DYM/USDT:USDT,0.2819,46.0,0.2818,556.0,0.2823,45.0,0.2824,295.0
1753533477410,12:37:57.410,DYM/USDT:USDT,0.2818,46.0,0.2817,510.0,0.2823,45.0,0.2824,295.0
1753533477456,12:37:57.456,DYM/USDT:USDT,0.2819,46.0,0.2818,556.0,0.2823,45.0,0.2824,295.0
1753533477609,12:37:57.609,DYM/USDT:USDT,0.2818,46.0,0.2817,510.0,0.2823,45.0,0.2824,295.0
1753533477690,12:37:57.690,DYM/USDT:USDT,0.2819,556.0,0.2818,46.0,0.2823,45.0,0.2824,295.0
1753533477766,12:37:57.766,DYM/USDT:USDT,0.282,46.0,0.2819,556.0,0.2823,45.0,0.2824,295.0
1753533479357,12:37:59.357,DYM/USDT:USDT,0.282,46.0,0.2819,556.0,0.2823,45.0,0.2824,295.0
1753533480400,12:38:00.400,DYM/USDT:USDT,0.282,46.0,0.2819,556.0,0.2823,45.0,0.2824,295.0
1753533480765,12:38:00.765,DYM/USDT:USDT,0.2819,46.0,0.2817,510.0,0.2823,45.0,0.2824,557.0
1753533481125,12:38:01.125,DYM/USDT:USDT,0.2819,46.0,0.2817,510.0,0.2823,45.0,0.2824,557.0
1753533481225,12:38:01.225,DYM/USDT:USDT,0.2819,46.0,0.2816,554.0,0.2822,46.0,0.2823,1369.0
1753533481471,12:38:01.471,DYM/USDT:USDT,0.2819,46.0,0.2816,554.0,0.2822,46.0,0.2823,1369.0
1753533481626,12:38:01.626,DYM/USDT:USDT,0.2819,46.0,0.2816,554.0,0.2822,46.0,0.2823,1369.0
1753533482012,12:38:02.012,DYM/USDT:USDT,0.2819,46.0,0.2816,554.0,0.2822,46.0,0.2823,1369.0
1753533483828,12:38:03.828,DYM/USDT:USDT,0.2819,46.0,0.2816,554.0,0.2822,46.0,0.2823,1369.0
1753533483849,12:38:03.849,DYM/USDT:USDT,0.2817,46.0,0.2816,554.0,0.2822,46.0,0.2823,1369.0
1753533484006,12:38:04.006,DYM/USDT:USDT,0.2817,46.0,0.2816,554.0,0.2822,46.0,0.2823,1369.0
1753533484065,12:38:04.065,DYM/USDT:USDT,0.2817,46.0,0.2816,554.0,0.2822,46.0,0.2823,1369.0
1753533484318,12:38:04.318,DYM/USDT:USDT,0.2816,44.0,0.2815,556.0,0.2822,46.0,0.2823,1369.0
1753533484424,12:38:04.424,DYM/USDT:USDT,0.2815,46.0,0.2814,296.0,0.2821,296.0,0.2822,1109.0
1753533484523,12:38:04.523,DYM/USDT:USDT,0.2815,46.0,0.2814,296.0,0.282,46.0,0.2821,296.0
1753533484630,12:38:04.630,DYM/USDT:USDT,0.2815,46.0,0.2814,296.0,0.2819,46.0,0.282,296.0
1753533484713,12:38:04.713,DYM/USDT:USDT,0.2815,46.0,0.2814,296.0,0.2819,46.0,0.282,296.0
1753533484815,12:38:04.815,DYM/USDT:USDT,0.2815,46.0,0.2814,296.0,0.2819,46.0,0.282,296.0
1753533484923,12:38:04.923,DYM/USDT:USDT,0.2815,46.0,0.2814,296.0,0.2819,46.0,0.282,296.0
1753533485018,12:38:05.018,DYM/USDT:USDT,0.2815,46.0,0.2814,296.0,0.2819,46.0,0.282,296.0
1753533485122,12:38:05.122,DYM/USDT:USDT,0.2815,46.0,0.2814,296.0,0.2819,46.0,0.282,296.0
1753533485165,12:38:05.165,DYM/USDT:USDT,0.2815,46.0,0.2814,296.0,0.2819,46.0,0.282,296.0
1753533485322,12:38:05.322,DYM/USDT:USDT,0.2815,46.0,0.2814,296.0,0.2819,46.0,0.282,296.0
1753533485434,12:38:05.434,DYM/USDT:USDT,0.2815,46.0,0.2814,296.0,0.2819,46.0,0.282,296.0
1753533485669,12:38:05.669,DYM/USDT:USDT,0.2815,46.0,0.2814,296.0,0.2819,46.0,0.282,296.0
1753533485859,12:38:05.859,DYM/USDT:USDT,0.2815,46.0,0.2814,296.0,0.2819,46.0,0.282,296.0
1753533486018,12:38:06.018,DYM/USDT:USDT,0.2815,46.0,0.2814,296.0,0.2819,46.0,0.282,296.0
1753533486217,12:38:06.217,DYM/USDT:USDT,0.2815,46.0,0.2814,296.0,0.2819,46.0,0.282,296.0
1753533486257,12:38:06.257,DYM/USDT:USDT,0.2815,46.0,0.2814,296.0,0.2819,46.0,0.282,296.0
1753533486395,12:38:06.395,DYM/USDT:USDT,0.2815,46.0,0.2814,296.0,0.2819,46.0,0.282,296.0
1753533486697,12:38:06.697,DYM/USDT:USDT,0.2815,46.0,0.2814,296.0,0.2819,46.0,0.282,296.0
1753533487963,12:38:07.963,DYM/USDT:USDT,0.2815,46.0,0.2814,296.0,0.2819,46.0,0.282,296.0
1753533488334,12:38:08.334,DYM/USDT:USDT,0.2815,46.0,0.2814,296.0,0.2819,46.0,0.282,296.0
1753533489698,12:38:09.698,DYM/USDT:USDT,0.2815,46.0,0.2814,296.0,0.2819,46.0,0.282,558.0
1753533489927,12:38:09.927,DYM/USDT:USDT,0.2815,46.0,0.2814,296.0,0.2819,46.0,0.282,558.0
1753533490093,12:38:10.093,DYM/USDT:USDT,0.2815,46.0,0.2814,296.0,0.2819,46.0,0.282,558.0
1753533490311,12:38:10.311,DYM/USDT:USDT,0.2815,46.0,0.2814,296.0,0.2819,46.0,0.282,558.0
1753533491125,12:38:11.125,DYM/USDT:USDT,0.2815,46.0,0.2814,296.0,0.2819,46.0,0.282,558.0
1753533492322,12:38:12.322,DYM/USDT:USDT,0.2815,46.0,0.2814,296.0,0.2819,46.0,0.282,296.0
1753533492418,12:38:12.418,DYM/USDT:USDT,0.2815,46.0,0.2814,296.0,0.2819,46.0,0.282,296.0
1753533492477,12:38:12.477,DYM/USDT:USDT,0.2815,46.0,0.2814,296.0,0.2819,46.0,0.282,296.0
1753533492718,12:38:12.718,DYM/USDT:USDT,0.2815,46.0,0.2814,296.0,0.2819,46.0,0.282,296.0
1753533492743,12:38:12.743,DYM/USDT:USDT,0.2815,46.0,0.2814,296.0,0.2819,46.0,0.282,296.0
1753533493158,12:38:13.158,DYM/USDT:USDT,0.2815,46.0,0.2814,296.0,0.2819,46.0,0.282,296.0
1753533494374,12:38:14.374,DYM/USDT:USDT,0.2815,46.0,0.2814,296.0,0.2819,46.0,0.282,296.0
1753533495821,12:38:15.821,DYM/USDT:USDT,0.2815,46.0,0.2814,296.0,0.2819,46.0,0.282,296.0
1753533496198,12:38:16.198,DYM/USDT:USDT,0.2815,46.0,0.2814,296.0,0.2819,46.0,0.282,296.0
1753533496432,12:38:16.432,DYM/USDT:USDT,0.2815,46.0,0.2814,296.0,0.2819,46.0,0.282,296.0
1753533496542,12:38:16.542,DYM/USDT:USDT,0.2815,46.0,0.2814,296.0,0.2819,46.0,0.282,296.0
1753533496998,12:38:16.998,DYM/USDT:USDT,0.2815,46.0,0.2814,296.0,0.2819,46.0,0.282,296.0
1753533497105,12:38:17.105,DYM/USDT:USDT,0.2815,46.0,0.2814,296.0,0.2819,46.0,0.282,296.0
1753533497301,12:38:17.301,DYM/USDT:USDT,0.2815,46.0,0.2814,296.0,0.2819,46.0,0.282,296.0
1753533497535,12:38:17.535,DYM/USDT:USDT,0.2814,296.0,0.2813,805.0,0.2818,45.0,0.2819,1372.0
1753533497603,12:38:17.603,DYM/USDT:USDT,0.2814,296.0,0.2813,805.0,0.2818,45.0,0.2819,1372.0
1753533497804,12:38:17.804,DYM/USDT:USDT,0.2815,45.0,0.2814,296.0,0.2818,45.0,0.2819,1372.0
1753533498021,12:38:18.021,DYM/USDT:USDT,0.2815,45.0,0.2814,296.0,0.2818,45.0,0.2819,1372.0
1753533498439,12:38:18.439,DYM/USDT:USDT,0.2815,45.0,0.2814,296.0,0.2818,45.0,0.2819,1372.0
1753533498692,12:38:18.692,DYM/USDT:USDT,0.2815,45.0,0.2814,296.0,0.2818,45.0,0.2819,1372.0
1753533499257,12:38:19.257,DYM/USDT:USDT,0.2815,45.0,0.2814,296.0,0.2818,45.0,0.2819,1372.0
1753533500784,12:38:20.784,DYM/USDT:USDT,0.2815,45.0,0.2814,296.0,0.2818,45.0,0.2819,1372.0
1753533502140,12:38:22.140,DYM/USDT:USDT,0.2815,45.0,0.2814,296.0,0.2818,45.0,0.2819,1372.0
1753533502364,12:38:22.364,DYM/USDT:USDT,0.2815,45.0,0.2814,296.0,0.2818,45.0,0.2819,1372.0
1753533502486,12:38:22.486,DYM/USDT:USDT,0.2815,45.0,0.2814,296.0,0.2818,45.0,0.2819,1372.0
1753533502726,12:38:22.726,DYM/USDT:USDT,0.2815,45.0,0.2814,296.0,0.2818,45.0,0.2819,1372.0
1753533502787,12:38:22.787,DYM/USDT:USDT,0.2815,45.0,0.2814,296.0,0.2818,45.0,0.2819,1110.0
1753533510330,12:38:30.330,DYM/USDT:USDT,0.2815,45.0,0.2814,296.0,0.2818,45.0,0.2819,1110.0
1753533511385,12:38:31.385,DYM/USDT:USDT,0.2815,45.0,0.2814,296.0,0.2818,45.0,0.2819,1110.0
1753533512633,12:38:32.633,DYM/USDT:USDT,0.2815,45.0,0.2814,296.0,0.2818,45.0,0.2819,1110.0
1753533512703,12:38:32.703,DYM/USDT:USDT,0.2815,45.0,0.2814,296.0,0.2818,45.0,0.2819,1110.0
1753533513315,12:38:33.315,DYM/USDT:USDT,0.2815,45.0,0.2814,296.0,0.2818,45.0,0.2819,1110.0
1753533513616,12:38:33.616,DYM/USDT:USDT,0.2815,45.0,0.2814,296.0,0.2818,45.0,0.2819,1110.0
1753533513647,12:38:33.647,DYM/USDT:USDT,0.2815,45.0,0.2814,296.0,0.2818,45.0,0.2819,1110.0
1753533513995,12:38:33.995,DYM/USDT:USDT,0.2815,45.0,0.2814,806.0,0.2818,45.0,0.2819,1110.0
1753533514217,12:38:34.217,DYM/USDT:USDT,0.2815,45.0,0.2814,806.0,0.2818,45.0,0.2819,1110.0
1753533514237,12:38:34.237,DYM/USDT:USDT,0.2815,45.0,0.2814,806.0,0.2818,45.0,0.2819,1110.0
1753533516118,12:38:36.118,DYM/USDT:USDT,0.2815,45.0,0.2814,806.0,0.2818,45.0,0.2819,1110.0
1753533516278,12:38:36.278,DYM/USDT:USDT,0.2815,45.0,0.2814,806.0,0.2818,45.0,0.2819,1110.0
1753533516460,12:38:36.460,DYM/USDT:USDT,0.2815,45.0,0.2814,806.0,0.2818,45.0,0.2819,1110.0
1753533517131,12:38:37.131,DYM/USDT:USDT,0.2815,45.0,0.2814,806.0,0.2818,45.0,0.2819,1110.0
1753533517268,12:38:37.268,DYM/USDT:USDT,0.2815,45.0,0.2814,296.0,0.2818,45.0,0.2819,1110.0
1753533517723,12:38:37.723,DYM/USDT:USDT,0.2815,45.0,0.2814,296.0,0.2818,45.0,0.2819,1110.0
1753533517897,12:38:37.897,DYM/USDT:USDT,0.2815,45.0,0.2814,296.0,0.2818,45.0,0.2819,1110.0
1753533517978,12:38:37.978,DYM/USDT:USDT,0.2815,45.0,0.2814,296.0,0.2818,45.0,0.2819,1110.0
1753533518360,12:38:38.360,DYM/USDT:USDT,0.2815,45.0,0.2814,296.0,0.2818,45.0,0.2819,1110.0
1753533519198,12:38:39.198,DYM/USDT:USDT,0.2815,45.0,0.2814,296.0,0.2818,45.0,0.2819,1110.0
1753533519695,12:38:39.695,DYM/USDT:USDT,0.2815,45.0,0.2814,296.0,0.2818,45.0,0.2819,1110.0
1753533520248,12:38:40.248,DYM/USDT:USDT,0.2815,45.0,0.2814,296.0,0.2818,45.0,0.2819,1110.0
1753533524718,12:38:44.718,DYM/USDT:USDT,0.2815,45.0,0.2814,296.0,0.2818,45.0,0.2819,1110.0
1753533525195,12:38:45.195,DYM/USDT:USDT,0.2815,45.0,0.2814,296.0,0.2818,45.0,0.2819,1110.0
1753533525321,12:38:45.321,DYM/USDT:USDT,0.2815,45.0,0.2814,296.0,0.2818,45.0,0.2819,1110.0
1753533526521,12:38:46.521,DYM/USDT:USDT,0.2815,45.0,0.2814,296.0,0.2818,45.0,0.2819,1110.0
1753533531378,12:38:51.378,DYM/USDT:USDT,0.2815,45.0,0.2814,296.0,0.2818,45.0,0.2819,1110.0
1753533531613,12:38:51.613,DYM/USDT:USDT,0.2815,45.0,0.2814,296.0,0.2818,45.0,0.2819,1110.0
1753533533321,12:38:53.321,DYM/USDT:USDT,0.2815,45.0,0.2814,296.0,0.2818,45.0,0.2819,1110.0
1753533533902,12:38:53.902,DYM/USDT:USDT,0.2815,45.0,0.2814,296.0,0.2818,45.0,0.2819,1110.0
1753533534005,12:38:54.005,DYM/USDT:USDT,0.2815,45.0,0.2814,296.0,0.2818,45.0,0.2819,1110.0
1753533534177,12:38:54.177,DYM/USDT:USDT,0.2815,45.0,0.2814,806.0,0.2818,45.0,0.2819,1110.0
1753533535006,12:38:55.006,DYM/USDT:USDT,0.2815,45.0,0.2814,806.0,0.2818,45.0,0.2819,1110.0
1753533535601,12:38:55.601,DYM/USDT:USDT,0.2815,45.0,0.2814,806.0,0.2818,45.0,0.2819,1110.0
1753533535740,12:38:55.740,DYM/USDT:USDT,0.2815,45.0,0.2814,806.0,0.2818,45.0,0.2819,1110.0
1753533535986,12:38:55.986,DYM/USDT:USDT,0.2815,45.0,0.2814,556.0,0.2818,45.0,0.2819,1110.0
1753533536190,12:38:56.190,DYM/USDT:USDT,0.2815,45.0,0.2814,556.0,0.2818,45.0,0.2819,1110.0
1753533536865,12:38:56.865,DYM/USDT:USDT,0.2815,45.0,0.2814,556.0,0.2818,45.0,0.2819,1110.0
1753533539878,12:38:59.878,DYM/USDT:USDT,0.2815,45.0,0.2814,556.0,0.2818,45.0,0.2819,1110.0
1753533541498,12:39:01.498,DYM/USDT:USDT,0.2815,510.0,0.2812,47.0,0.282,46.0,0.2821,2164.0
1753533541596,12:39:01.596,DYM/USDT:USDT,0.2814,46.0,0.2813,296.0,0.282,46.0,0.2821,1134.0
1753533541658,12:39:01.658,DYM/USDT:USDT,0.2815,46.0,0.2814,556.0,0.282,46.0,0.2821,1134.0
1753533541758,12:39:01.758,DYM/USDT:USDT,0.2816,46.0,0.2815,556.0,0.282,46.0,0.2821,1134.0
1753533541839,12:39:01.839,DYM/USDT:USDT,0.2816,46.0,0.2815,556.0,0.282,46.0,0.2821,1134.0
1753533542548,12:39:02.548,DYM/USDT:USDT,0.2816,46.0,0.2815,556.0,0.282,46.0,0.2821,1134.0
1753533542878,12:39:02.878,DYM/USDT:USDT,0.2816,46.0,0.2815,556.0,0.282,46.0,0.2821,1134.0
1753533547233,12:39:07.233,DYM/USDT:USDT,0.2816,46.0,0.2815,556.0,0.282,46.0,0.2821,1134.0
1753533547239,12:39:07.239,DYM/USDT:USDT,0.2816,46.0,0.2815,556.0,0.282,46.0,0.2821,308.0
1753533549733,12:39:09.733,DYM/USDT:USDT,0.2816,46.0,0.2815,556.0,0.282,46.0,0.2821,308.0
1753533549738,12:39:09.738,DYM/USDT:USDT,0.2816,46.0,0.2815,556.0,0.282,46.0,0.2821,308.0
1753533552119,12:39:12.119,DYM/USDT:USDT,0.2816,46.0,0.2815,556.0,0.282,46.0,0.2821,46.0
1753533552231,12:39:12.231,DYM/USDT:USDT,0.2816,46.0,0.2815,556.0,0.2821,46.0,0.2822,3099.0
1753533552298,12:39:12.298,DYM/USDT:USDT,0.2816,46.0,0.2815,556.0,0.2821,46.0,0.2822,308.0
1753533552399,12:39:12.399,DYM/USDT:USDT,0.2816,46.0,0.2815,556.0,0.2821,46.0,0.2822,308.0
1753533552529,12:39:12.529,DYM/USDT:USDT,0.2816,46.0,0.2815,556.0,0.2821,46.0,0.2822,308.0
1753533553007,12:39:13.007,DYM/USDT:USDT,0.2816,46.0,0.2815,556.0,0.2821,46.0,0.2822,308.0
1753533553643,12:39:13.643,DYM/USDT:USDT,0.2816,46.0,0.2815,556.0,0.2821,46.0,0.2822,308.0
1753533553745,12:39:13.745,DYM/USDT:USDT,0.2816,46.0,0.2815,556.0,0.2821,46.0,0.2822,308.0
1753533554007,12:39:14.007,DYM/USDT:USDT,0.2816,46.0,0.2815,556.0,0.2821,46.0,0.2822,308.0
1753533556062,12:39:16.062,DYM/USDT:USDT,0.2816,46.0,0.2815,556.0,0.2821,46.0,0.2822,308.0
1753533556669,12:39:16.669,DYM/USDT:USDT,0.2816,46.0,0.2815,556.0,0.2821,46.0,0.2822,308.0
1753533557004,12:39:17.004,DYM/USDT:USDT,0.2816,46.0,0.2815,556.0,0.2821,46.0,0.2822,308.0
1753533557230,12:39:17.230,DYM/USDT:USDT,0.2816,46.0,0.2815,556.0,0.2821,46.0,0.2822,308.0
1753533561854,12:39:21.854,DYM/USDT:USDT,0.2816,46.0,0.2815,556.0,0.2821,46.0,0.2822,308.0
1753533562333,12:39:22.333,DYM/USDT:USDT,0.2816,46.0,0.2815,556.0,0.2821,46.0,0.2822,308.0
1753533562337,12:39:22.337,DYM/USDT:USDT,0.2816,46.0,0.2815,556.0,0.2821,46.0,0.2822,308.0
1753533563052,12:39:23.052,DYM/USDT:USDT,0.2816,46.0,0.2815,556.0,0.2821,46.0,0.2822,308.0
1753533563552,12:39:23.552,DYM/USDT:USDT,0.2816,46.0,0.2815,556.0,0.2821,46.0,0.2822,308.0
1753533565135,12:39:25.135,DYM/USDT:USDT,0.2816,46.0,0.2815,556.0,0.2821,46.0,0.2822,308.0
1753533566618,12:39:26.618,DYM/USDT:USDT,0.2816,46.0,0.2815,556.0,0.2821,46.0,0.2822,308.0
1753533566699,12:39:26.699,DYM/USDT:USDT,0.2816,46.0,0.2815,556.0,0.2821,46.0,0.2822,308.0
1753533570132,12:39:30.132,DYM/USDT:USDT,0.2816,46.0,0.2815,46.0,0.2821,1109.0,0.2822,308.0
1753533570138,12:39:30.138,DYM/USDT:USDT,0.2815,46.0,0.2814,556.0,0.282,45.0,0.2821,1109.0
1753533570643,12:39:30.643,DYM/USDT:USDT,0.2815,46.0,0.2814,556.0,0.282,45.0,0.2821,1109.0
1753533571004,12:39:31.004,DYM/USDT:USDT,0.2815,46.0,0.2814,556.0,0.282,45.0,0.2821,1109.0
1753533571678,12:39:31.678,DYM/USDT:USDT,0.2816,45.0,0.2815,556.0,0.282,45.0,0.2821,1109.0
1753533571852,12:39:31.852,DYM/USDT:USDT,0.2816,45.0,0.2815,556.0,0.282,45.0,0.2821,1109.0
1753533573933,12:39:33.933,DYM/USDT:USDT,0.2816,45.0,0.2815,556.0,0.282,45.0,0.2821,1109.0
1753533573958,12:39:33.958,DYM/USDT:USDT,0.2816,45.0,0.2815,556.0,0.282,45.0,0.2821,1109.0
1753533574055,12:39:34.055,DYM/USDT:USDT,0.2816,45.0,0.2815,556.0,0.282,45.0,0.2821,1109.0
1753533574181,12:39:34.181,DYM/USDT:USDT,0.2816,45.0,0.2815,556.0,0.282,45.0,0.2821,1109.0
1753533574325,12:39:34.325,DYM/USDT:USDT,0.2816,45.0,0.2815,556.0,0.282,45.0,0.2821,1109.0
1753533574355,12:39:34.355,DYM/USDT:USDT,0.2816,45.0,0.2815,556.0,0.282,45.0,0.2821,1109.0
1753533575022,12:39:35.022,DYM/USDT:USDT,0.2816,45.0,0.2815,556.0,0.282,45.0,0.2821,1109.0
1753533575052,12:39:35.052,DYM/USDT:USDT,0.2816,45.0,0.2815,556.0,0.282,45.0,0.2821,1109.0
1753533575191,12:39:35.191,DYM/USDT:USDT,0.2816,45.0,0.2815,556.0,0.282,45.0,0.2821,1109.0
1753533575287,12:39:35.287,DYM/USDT:USDT,0.2816,45.0,0.2815,556.0,0.282,45.0,0.2821,1109.0
1753533575567,12:39:35.567,DYM/USDT:USDT,0.2816,45.0,0.2815,556.0,0.282,45.0,0.2821,1109.0
1753533576032,12:39:36.032,DYM/USDT:USDT,0.2816,45.0,0.2815,556.0,0.282,45.0,0.2821,1109.0
1753533576036,12:39:36.036,DYM/USDT:USDT,0.2816,45.0,0.2815,556.0,0.282,45.0,0.2821,1109.0
1753533576234,12:39:36.234,DYM/USDT:USDT,0.2816,45.0,0.2815,556.0,0.282,45.0,0.2821,1109.0
1753533578028,12:39:38.028,DYM/USDT:USDT,0.2816,45.0,0.2815,556.0,0.282,45.0,0.2821,1109.0
1753533578038,12:39:38.038,DYM/USDT:USDT,0.2816,45.0,0.2815,556.0,0.282,45.0,0.2821,1109.0
1753533580834,12:39:40.834,DYM/USDT:USDT,0.2816,510.0,0.2815,46.0,0.2821,46.0,0.2822,1338.0
1753533580930,12:39:40.930,DYM/USDT:USDT,0.2816,510.0,0.2815,46.0,0.2823,45.0,0.2824,307.0
1753533581017,12:39:41.017,DYM/USDT:USDT,0.2817,46.0,0.2816,510.0,0.2822,46.0,0.2823,1107.0
1753533581127,12:39:41.127,DYM/USDT:USDT,0.2817,46.0,0.2816,510.0,0.2822,46.0,0.2823,1107.0
1753533581231,12:39:41.231,DYM/USDT:USDT,0.2817,46.0,0.2816,510.0,0.2822,46.0,0.2823,1107.0
1753533581317,12:39:41.317,DYM/USDT:USDT,0.2817,46.0,0.2816,510.0,0.2822,46.0,0.2823,1107.0
1753533582331,12:39:42.331,DYM/USDT:USDT,0.2817,46.0,0.2815,556.0,0.2822,46.0,0.2823,1107.0
1753533582377,12:39:42.377,DYM/USDT:USDT,0.2817,46.0,0.2815,556.0,0.2822,46.0,0.2823,1107.0
1753533582463,12:39:42.463,DYM/USDT:USDT,0.2817,46.0,0.2816,250.0,0.2822,46.0,0.2823,1107.0
1753533582745,12:39:42.745,DYM/USDT:USDT,0.2817,46.0,0.2816,250.0,0.2822,46.0,0.2823,1107.0
1753533583062,12:39:43.062,DYM/USDT:USDT,0.2817,46.0,0.2816,250.0,0.2822,46.0,0.2823,1107.0
1753533583223,12:39:43.223,DYM/USDT:USDT,0.2817,46.0,0.2816,959.0,0.2822,46.0,0.2823,1107.0
1753533584751,12:39:44.751,DYM/USDT:USDT,0.2817,46.0,0.2816,959.0,0.2822,46.0,0.2823,1107.0
1753533585189,12:39:45.189,DYM/USDT:USDT,0.2817,46.0,0.2816,959.0,0.2822,46.0,0.2823,1107.0
1753533586264,12:39:46.264,DYM/USDT:USDT,0.2817,46.0,0.2816,959.0,0.2822,46.0,0.2823,1107.0
1753533586384,12:39:46.384,DYM/USDT:USDT,0.2817,46.0,0.2816,250.0,0.2822,46.0,0.2823,1107.0
1753533587004,12:39:47.004,DYM/USDT:USDT,0.2817,46.0,0.2816,250.0,0.2822,46.0,0.2823,1107.0
1753533590324,12:39:50.324,DYM/USDT:USDT,0.2817,46.0,0.2816,250.0,0.2822,46.0,0.2823,1107.0
1753533590428,12:39:50.428,DYM/USDT:USDT,0.2817,46.0,0.2816,250.0,0.2822,46.0,0.2823,1107.0
1753533591318,12:39:51.318,DYM/USDT:USDT,0.2817,46.0,0.2816,250.0,0.2822,1109.0,0.2823,45.0
1753533591414,12:39:51.414,DYM/USDT:USDT,0.2817,46.0,0.2816,250.0,0.2821,46.0,0.2822,1109.0
1753533591516,12:39:51.516,DYM/USDT:USDT,0.2817,46.0,0.2816,250.0,0.2821,46.0,0.2822,1109.0
1753533591631,12:39:51.631,DYM/USDT:USDT,0.2817,46.0,0.2816,250.0,0.2821,46.0,0.2822,1109.0
1753533591644,12:39:51.644,DYM/USDT:USDT,0.2817,46.0,0.2816,250.0,0.2821,46.0,0.2822,1109.0
1753533591787,12:39:51.787,DYM/USDT:USDT,0.2817,46.0,0.2816,250.0,0.2821,46.0,0.2822,1109.0
1753533592019,12:39:52.019,DYM/USDT:USDT,0.2817,46.0,0.2816,250.0,0.2821,46.0,0.2822,1109.0
1753533592376,12:39:52.376,DYM/USDT:USDT,0.2817,46.0,0.2816,250.0,0.2821,46.0,0.2822,1109.0
1753533592628,12:39:52.628,DYM/USDT:USDT,0.2817,46.0,0.2816,250.0,0.2821,46.0,0.2822,1109.0
1753533593616,12:39:53.616,DYM/USDT:USDT,0.2817,46.0,0.2816,250.0,0.2821,46.0,0.2822,1109.0
1753533593672,12:39:53.672,DYM/USDT:USDT,0.2817,46.0,0.2816,250.0,0.2821,46.0,0.2822,1109.0
1753533594140,12:39:54.140,DYM/USDT:USDT,0.2817,46.0,0.2816,250.0,0.2821,46.0,0.2822,1109.0
1753533594497,12:39:54.497,DYM/USDT:USDT,0.2817,46.0,0.2816,250.0,0.2821,46.0,0.2822,1109.0
1753533594934,12:39:54.934,DYM/USDT:USDT,0.2816,250.0,0.2815,46.0,0.2821,46.0,0.2822,1109.0
1753533594980,12:39:54.980,DYM/USDT:USDT,0.2817,46.0,0.2815,46.0,0.282,46.0,0.2821,1109.0
1753533595097,12:39:55.097,DYM/USDT:USDT,0.2814,46.0,0.2813,296.0,0.282,46.0,0.2821,1109.0
1753533595166,12:39:55.166,DYM/USDT:USDT,0.2814,46.0,0.2813,1006.0,0.282,46.0,0.2821,1109.0
1753533595266,12:39:55.266,DYM/USDT:USDT,0.2814,46.0,0.2813,1006.0,0.282,46.0,0.2821,1109.0
1753533595992,12:39:55.992,DYM/USDT:USDT,0.2814,46.0,0.2813,1006.0,0.282,46.0,0.2821,1109.0
1753533597124,12:39:57.124,DYM/USDT:USDT,0.2815,46.0,0.2814,556.0,0.282,46.0,0.2821,1109.0
1753533597157,12:39:57.157,DYM/USDT:USDT,0.2815,46.0,0.2814,556.0,0.282,46.0,0.2821,1109.0
1753533598891,12:39:58.891,DYM/USDT:USDT,0.2815,46.0,0.2814,556.0,0.282,46.0,0.2821,1109.0
1753533599008,12:39:59.008,DYM/USDT:USDT,0.2815,46.0,0.2814,1266.0,0.282,46.0,0.2821,1109.0
1753533599136,12:39:59.136,DYM/USDT:USDT,0.2815,46.0,0.2814,1266.0,0.282,46.0,0.2821,1109.0
1753533599304,12:39:59.304,DYM/USDT:USDT,0.2815,46.0,0.2814,1266.0,0.282,46.0,0.2821,1109.0
1753533600298,12:40:00.298,DYM/USDT:USDT,0.2816,47.0,0.2815,556.0,0.282,46.0,0.2821,1109.0
1753533600398,12:40:00.398,DYM/USDT:USDT,0.2816,47.0,0.2815,46.0,0.282,46.0,0.2821,1109.0
1753533600450,12:40:00.450,DYM/USDT:USDT,0.2815,46.0,0.2814,1266.0,0.282,46.0,0.2821,1109.0
1753533601370,12:40:01.370,DYM/USDT:USDT,0.2815,46.0,0.2814,1266.0,0.282,46.0,0.2821,1109.0
1753533602135,12:40:02.135,DYM/USDT:USDT,0.2815,46.0,0.2814,1266.0,0.282,46.0,0.2821,1109.0
1753533602208,12:40:02.208,DYM/USDT:USDT,0.2815,46.0,0.2814,1266.0,0.282,46.0,0.2821,1109.0
1753533602302,12:40:02.302,DYM/USDT:USDT,0.2815,46.0,0.2814,1266.0,0.282,46.0,0.2821,1109.0
1753533603234,12:40:03.234,DYM/USDT:USDT,0.2816,47.0,0.2815,296.0,0.282,46.0,0.2821,1109.0
1753533603240,12:40:03.240,DYM/USDT:USDT,0.2816,47.0,0.2815,296.0,0.282,46.0,0.2821,1109.0
1753533604132,12:40:04.132,DYM/USDT:USDT,0.2816,47.0,0.2815,296.0,0.282,46.0,0.2821,1109.0
1753533604217,12:40:04.217,DYM/USDT:USDT,0.2816,47.0,0.2815,296.0,0.282,46.0,0.2821,1109.0
1753533604239,12:40:04.239,DYM/USDT:USDT,0.2816,47.0,0.2815,296.0,0.282,46.0,0.2821,1109.0
1753533609218,12:40:09.218,DYM/USDT:USDT,0.2816,47.0,0.2815,296.0,0.282,46.0,0.2821,46.0
1753533609265,12:40:09.265,DYM/USDT:USDT,0.2816,47.0,0.2815,296.0,0.2822,46.0,0.2824,307.0
1753533609371,12:40:09.371,DYM/USDT:USDT,0.2817,47.0,0.2816,557.0,0.2822,46.0,0.2823,262.0
1753533609439,12:40:09.439,DYM/USDT:USDT,0.2817,47.0,0.2816,557.0,0.2822,46.0,0.2823,262.0
1753533609538,12:40:09.538,DYM/USDT:USDT,0.2817,47.0,0.2816,557.0,0.2822,46.0,0.2823,262.0
1753533611346,12:40:11.346,DYM/USDT:USDT,0.2817,47.0,0.2816,557.0,0.2822,46.0,0.2823,262.0
1753533611797,12:40:11.797,DYM/USDT:USDT,0.2817,47.0,0.2816,557.0,0.2822,46.0,0.2823,262.0
1753533613513,12:40:13.513,DYM/USDT:USDT,0.2817,47.0,0.2816,557.0,0.2822,46.0,0.2823,262.0
1753533614357,12:40:14.357,DYM/USDT:USDT,0.2817,47.0,0.2816,557.0,0.2822,46.0,0.2823,262.0
1753533615729,12:40:15.729,DYM/USDT:USDT,0.2819,45.0,0.2818,510.0,0.2822,46.0,0.2823,262.0
1753533615807,12:40:15.807,DYM/USDT:USDT,0.2819,45.0,0.2818,510.0,0.2822,46.0,0.2823,262.0
1753533617542,12:40:17.542,DYM/USDT:USDT,0.2819,45.0,0.2817,510.0,0.2822,46.0,0.2823,262.0
1753533617840,12:40:17.840,DYM/USDT:USDT,0.2819,45.0,0.2817,510.0,0.2822,46.0,0.2823,262.0
1753533618069,12:40:18.069,DYM/USDT:USDT,0.2819,45.0,0.2817,510.0,0.2822,46.0,0.2823,262.0
1753533624217,12:40:24.217,DYM/USDT:USDT,0.2819,45.0,0.2817,510.0,0.2822,46.0,0.2823,262.0
1753533624262,12:40:24.262,DYM/USDT:USDT,0.2819,45.0,0.2817,510.0,0.2822,46.0,0.2823,262.0
1753533625232,12:40:25.232,DYM/USDT:USDT,0.2819,45.0,0.2817,510.0,0.2822,46.0,0.2823,262.0
1753533625238,12:40:25.238,DYM/USDT:USDT,0.2819,45.0,0.2817,510.0,0.2822,46.0,0.2823,262.0
1753533625568,12:40:25.568,DYM/USDT:USDT,0.2819,45.0,0.2817,510.0,0.2822,46.0,0.2823,262.0
1753533626217,12:40:26.217,DYM/USDT:USDT,0.2819,45.0,0.2817,510.0,0.2822,46.0,0.2823,262.0
1753533627322,12:40:27.322,DYM/USDT:USDT,0.2819,45.0,0.2817,510.0,0.2822,46.0,0.2823,262.0
1753533627531,12:40:27.531,DYM/USDT:USDT,0.2819,45.0,0.2817,510.0,0.2822,46.0,0.2823,262.0
1753533631023,12:40:31.023,DYM/USDT:USDT,0.2819,45.0,0.2818,510.0,0.2822,46.0,0.2823,262.0
1753533631121,12:40:31.121,DYM/USDT:USDT,0.2819,45.0,0.2818,510.0,0.2822,46.0,0.2823,262.0
1753533633758,12:40:33.758,DYM/USDT:USDT,0.2819,45.0,0.2818,510.0,0.2822,46.0,0.2823,262.0
1753533633868,12:40:33.868,DYM/USDT:USDT,0.2819,45.0,0.2818,510.0,0.2822,46.0,0.2823,262.0
1753533634646,12:40:34.646,DYM/USDT:USDT,0.2819,45.0,0.2818,510.0,0.2822,46.0,0.2823,262.0
1753533635004,12:40:35.004,DYM/USDT:USDT,0.2819,45.0,0.2818,510.0,0.2822,46.0,0.2823,262.0
1753533635233,12:40:35.233,DYM/USDT:USDT,0.2819,45.0,0.2818,510.0,0.2822,46.0,0.2823,262.0
1753533635299,12:40:35.299,DYM/USDT:USDT,0.2819,45.0,0.2818,510.0,0.2822,46.0,0.2823,262.0
1753533640027,12:40:40.027,DYM/USDT:USDT,0.2819,45.0,0.2818,510.0,0.2822,46.0,0.2823,262.0
1753533640523,12:40:40.523,DYM/USDT:USDT,0.2819,45.0,0.2818,510.0,0.2822,46.0,0.2823,262.0
1753533641802,12:40:41.802,DYM/USDT:USDT,0.2819,45.0,0.2817,510.0,0.2822,46.0,0.2823,262.0
1753533643724,12:40:43.724,DYM/USDT:USDT,0.2816,47.0,0.2815,1005.0,0.2822,46.0,0.2823,262.0
1753533643806,12:40:43.806,DYM/USDT:USDT,0.2817,45.0,0.2816,807.0,0.2822,46.0,0.2823,262.0
1753533643877,12:40:43.877,DYM/USDT:USDT,0.2818,45.0,0.2817,555.0,0.2822,46.0,0.2823,262.0
1753533653373,12:40:53.373,DYM/USDT:USDT,0.2818,45.0,0.2817,555.0,0.2822,46.0,0.2823,262.0
1753533659804,12:40:59.804,DYM/USDT:USDT,0.2819,46.0,0.2818,555.0,0.2822,46.0,0.2824,1337.0
1753533660010,12:41:00.010,DYM/USDT:USDT,0.2819,46.0,0.2818,555.0,0.2822,46.0,0.2824,1337.0
1753533661835,12:41:01.835,DYM/USDT:USDT,0.2819,46.0,0.2818,555.0,0.2824,45.0,0.2825,1338.0
1753533661924,12:41:01.924,DYM/USDT:USDT,0.2819,46.0,0.2818,555.0,0.2824,45.0,0.2825,308.0
1753533661980,12:41:01.980,DYM/USDT:USDT,0.2819,46.0,0.2818,555.0,0.2824,45.0,0.2825,308.0
1753533662128,12:41:02.128,DYM/USDT:USDT,0.2819,46.0,0.2818,555.0,0.2824,45.0,0.2825,308.0
1753533662224,12:41:02.224,DYM/USDT:USDT,0.2819,46.0,0.2818,555.0,0.2824,45.0,0.2825,308.0
1753533662274,12:41:02.274,DYM/USDT:USDT,0.2819,46.0,0.2818,555.0,0.2824,45.0,0.2825,308.0
1753533662337,12:41:02.337,DYM/USDT:USDT,0.2819,46.0,0.2818,555.0,0.2824,45.0,0.2825,308.0
1753533662648,12:41:02.648,DYM/USDT:USDT,0.2819,46.0,0.2818,555.0,0.2824,45.0,0.2825,308.0
1753533663025,12:41:03.025,DYM/USDT:USDT,0.2819,46.0,0.2818,555.0,0.2824,45.0,0.2825,308.0
1753533663096,12:41:03.096,DYM/USDT:USDT,0.2819,46.0,0.2818,555.0,0.2824,45.0,0.2825,308.0
1753533663323,12:41:03.323,DYM/USDT:USDT,0.2819,46.0,0.2818,555.0,0.2824,45.0,0.2825,308.0
1753533663338,12:41:03.338,DYM/USDT:USDT,0.2819,46.0,0.2818,555.0,0.2824,45.0,0.2825,308.0
1753533664004,12:41:04.004,DYM/USDT:USDT,0.2819,46.0,0.2818,555.0,0.2824,45.0,0.2825,308.0
1753533664121,12:41:04.121,DYM/USDT:USDT,0.2819,46.0,0.2818,555.0,0.2824,45.0,0.2825,308.0
1753533664143,12:41:04.143,DYM/USDT:USDT,0.2819,46.0,0.2818,555.0,0.2824,45.0,0.2825,308.0
1753533664972,12:41:04.972,DYM/USDT:USDT,0.2819,46.0,0.2818,555.0,0.2824,45.0,0.2825,308.0
1753533665047,12:41:05.047,DYM/USDT:USDT,0.2819,46.0,0.2818,555.0,0.2824,45.0,0.2825,308.0
1753533665140,12:41:05.140,DYM/USDT:USDT,0.2819,46.0,0.2818,555.0,0.2824,45.0,0.2825,308.0
1753533665327,12:41:05.327,DYM/USDT:USDT,0.2819,46.0,0.2818,555.0,0.2824,45.0,0.2825,308.0
1753533665653,12:41:05.653,DYM/USDT:USDT,0.2819,46.0,0.2818,555.0,0.2824,45.0,0.2825,308.0
1753533665802,12:41:05.802,DYM/USDT:USDT,0.2819,46.0,0.2818,555.0,0.2824,45.0,0.2825,308.0
1753533666383,12:41:06.383,DYM/USDT:USDT,0.2819,46.0,0.2818,555.0,0.2824,45.0,0.2825,308.0
1753533666657,12:41:06.657,DYM/USDT:USDT,0.2819,46.0,0.2818,555.0,0.2824,45.0,0.2825,308.0
1753533666826,12:41:06.826,DYM/USDT:USDT,0.2819,46.0,0.2818,555.0,0.2824,45.0,0.2825,308.0
1753533666877,12:41:06.877,DYM/USDT:USDT,0.2819,46.0,0.2818,555.0,0.2824,45.0,0.2825,308.0
1753533666964,12:41:06.964,DYM/USDT:USDT,0.2819,46.0,0.2818,555.0,0.2824,45.0,0.2825,308.0
1753533667927,12:41:07.927,DYM/USDT:USDT,0.2819,46.0,0.2818,555.0,0.2825,49.0,0.2826,917.0
1753533668004,12:41:08.004,DYM/USDT:USDT,0.2819,46.0,0.2818,555.0,0.2825,49.0,0.2826,917.0
1753533668131,12:41:08.131,DYM/USDT:USDT,0.2819,46.0,0.2818,555.0,0.2825,49.0,0.2826,917.0
1753533668173,12:41:08.173,DYM/USDT:USDT,0.2819,46.0,0.2818,555.0,0.2825,49.0,0.2826,917.0
1753533668294,12:41:08.294,DYM/USDT:USDT,0.2819,46.0,0.2818,555.0,0.2825,49.0,0.2826,917.0
1753533668407,12:41:08.407,DYM/USDT:USDT,0.2819,46.0,0.2818,555.0,0.2825,49.0,0.2826,917.0
1753533668493,12:41:08.493,DYM/USDT:USDT,0.2819,46.0,0.2818,555.0,0.2825,299.0,0.2826,917.0
1753533669227,12:41:09.227,DYM/USDT:USDT,0.2819,46.0,0.2818,555.0,0.2825,299.0,0.2826,917.0
1753533669312,12:41:09.312,DYM/USDT:USDT,0.2819,46.0,0.2818,555.0,0.2825,299.0,0.2826,917.0
1753533670016,12:41:10.016,DYM/USDT:USDT,0.2819,46.0,0.2818,555.0,0.2825,299.0,0.2826,917.0
1753533670539,12:41:10.539,DYM/USDT:USDT,0.2819,46.0,0.2818,555.0,0.2825,299.0,0.2826,917.0
1753533671914,12:41:11.914,DYM/USDT:USDT,0.2819,46.0,0.2818,555.0,0.2825,299.0,0.2826,917.0
1753533672047,12:41:12.047,DYM/USDT:USDT,0.2819,46.0,0.2818,555.0,0.2825,299.0,0.2826,917.0
1753533673924,12:41:13.924,DYM/USDT:USDT,0.2819,46.0,0.2818,555.0,0.2825,299.0,0.2826,917.0
1753533673989,12:41:13.989,DYM/USDT:USDT,0.2819,46.0,0.2818,555.0,0.2825,299.0,0.2826,917.0
1753533674418,12:41:14.418,DYM/USDT:USDT,0.2818,45.0,0.2817,555.0,0.2825,1360.0,0.2826,130.0
1753533674438,12:41:14.438,DYM/USDT:USDT,0.2818,45.0,0.2817,555.0,0.2825,1360.0,0.2826,176.0
1753533674568,12:41:14.568,DYM/USDT:USDT,0.2818,45.0,0.2817,555.0,0.2823,250.0,0.2824,1062.0
1753533674640,12:41:14.640,DYM/USDT:USDT,0.2818,45.0,0.2817,555.0,0.2823,442.0,0.2824,1062.0
1753533674739,12:41:14.739,DYM/USDT:USDT,0.2818,45.0,0.2817,555.0,0.2823,442.0,0.2824,1062.0
1753533675005,12:41:15.005,DYM/USDT:USDT,0.2818,45.0,0.2817,555.0,0.2823,442.0,0.2824,1062.0
1753533675162,12:41:15.162,DYM/USDT:USDT,0.2818,45.0,0.2817,555.0,0.2823,442.0,0.2824,1062.0
1753533678972,12:41:18.972,DYM/USDT:USDT,0.2818,45.0,0.2817,555.0,0.2823,442.0,0.2824,1062.0
1753533679221,12:41:19.221,DYM/USDT:USDT,0.2818,45.0,0.2817,555.0,0.2823,442.0,0.2824,1062.0
1753533679401,12:41:19.401,DYM/USDT:USDT,0.2818,45.0,0.2817,555.0,0.2823,442.0,0.2824,1062.0
1753533679458,12:41:19.458,DYM/USDT:USDT,0.2818,45.0,0.2817,555.0,0.2823,442.0,0.2824,1192.0
1753533679548,12:41:19.548,DYM/USDT:USDT,0.2818,45.0,0.2817,555.0,0.2823,442.0,0.2824,1192.0
1753533684718,12:41:24.718,DYM/USDT:USDT,0.2818,45.0,0.2817,555.0,0.2823,250.0,0.2824,1254.0
1753533684758,12:41:24.758,DYM/USDT:USDT,0.2819,46.0,0.2818,555.0,0.2823,250.0,0.2824,1254.0
1753533684910,12:41:24.910,DYM/USDT:USDT,0.2818,45.0,0.2817,555.0,0.2823,250.0,0.2824,1254.0
1753533685699,12:41:25.699,DYM/USDT:USDT,0.2819,46.0,0.2818,555.0,0.2823,250.0,0.2824,1254.0
1753533686551,12:41:26.551,DYM/USDT:USDT,0.2819,46.0,0.2818,555.0,0.2823,250.0,0.2824,1254.0
1753533689225,12:41:29.225,DYM/USDT:USDT,0.2819,46.0,0.2818,555.0,0.2823,250.0,0.2824,1254.0
1753533692327,12:41:32.327,DYM/USDT:USDT,0.2819,46.0,0.2818,555.0,0.2823,250.0,0.2824,1254.0
1753533692343,12:41:32.343,DYM/USDT:USDT,0.2819,46.0,0.2818,555.0,0.2823,250.0,0.2824,1254.0
1753533692500,12:41:32.500,DYM/USDT:USDT,0.2819,46.0,0.2818,555.0,0.2823,250.0,0.2824,1254.0
1753533698760,12:41:38.760,DYM/USDT:USDT,0.2818,45.0,0.2817,754.0,0.2823,250.0,0.2824,46.0
1753533698879,12:41:38.879,DYM/USDT:USDT,0.2817,45.0,0.2816,1006.0,0.2823,250.0,0.2824,46.0
1753533699035,12:41:39.035,DYM/USDT:USDT,0.2819,46.0,0.2818,510.0,0.2823,250.0,0.2824,46.0
1753533700577,12:41:40.577,DYM/USDT:USDT,0.2819,46.0,0.2818,510.0,0.2823,250.0,0.2824,46.0
1753533700693,12:41:40.693,DYM/USDT:USDT,0.2819,46.0,0.2818,510.0,0.2823,250.0,0.2824,46.0
1753533702007,12:41:42.007,DYM/USDT:USDT,0.2819,46.0,0.2818,510.0,0.2823,250.0,0.2824,46.0
1753533702612,12:41:42.612,DYM/USDT:USDT,0.282,45.0,0.2819,556.0,0.2823,250.0,0.2824,46.0
1753533702651,12:41:42.651,DYM/USDT:USDT,0.282,45.0,0.2819,46.0,0.2823,250.0,0.2824,46.0
1753533702764,12:41:42.764,DYM/USDT:USDT,0.2819,46.0,0.2818,510.0,0.2823,250.0,0.2824,46.0
1753533702858,12:41:42.858,DYM/USDT:USDT,0.282,45.0,0.2819,556.0,0.2823,250.0,0.2824,46.0
1753533703016,12:41:43.016,DYM/USDT:USDT,0.2819,46.0,0.2818,510.0,0.2823,250.0,0.2824,46.0
1753533703058,12:41:43.058,DYM/USDT:USDT,0.282,45.0,0.2819,556.0,0.2823,250.0,0.2824,46.0
1753533703211,12:41:43.211,DYM/USDT:USDT,0.2819,46.0,0.2818,510.0,0.2823,250.0,0.2824,46.0
1753533703259,12:41:43.259,DYM/USDT:USDT,0.282,45.0,0.2819,556.0,0.2823,250.0,0.2824,46.0
1753533703412,12:41:43.412,DYM/USDT:USDT,0.2819,46.0,0.2818,510.0,0.2823,250.0,0.2824,46.0
1753533703458,12:41:43.458,DYM/USDT:USDT,0.282,45.0,0.2819,556.0,0.2823,250.0,0.2824,46.0
1753533703611,12:41:43.611,DYM/USDT:USDT,0.2819,46.0,0.2818,510.0,0.2823,250.0,0.2824,46.0
1753533703658,12:41:43.658,DYM/USDT:USDT,0.282,45.0,0.2819,556.0,0.2823,250.0,0.2824,46.0
1753533703810,12:41:43.810,DYM/USDT:USDT,0.2819,46.0,0.2818,510.0,0.2823,250.0,0.2824,46.0
1753533703858,12:41:43.858,DYM/USDT:USDT,0.282,45.0,0.2819,556.0,0.2823,250.0,0.2824,46.0
1753533704011,12:41:44.011,DYM/USDT:USDT,0.2819,46.0,0.2818,510.0,0.2823,250.0,0.2824,46.0
1753533704059,12:41:44.059,DYM/USDT:USDT,0.282,45.0,0.2819,556.0,0.2823,250.0,0.2824,46.0
1753533704212,12:41:44.212,DYM/USDT:USDT,0.2819,46.0,0.2818,510.0,0.2823,250.0,0.2824,46.0
1753533704258,12:41:44.258,DYM/USDT:USDT,0.282,45.0,0.2819,556.0,0.2823,250.0,0.2824,46.0
1753533704412,12:41:44.412,DYM/USDT:USDT,0.2819,46.0,0.2818,510.0,0.2823,250.0,0.2824,46.0
1753533704459,12:41:44.459,DYM/USDT:USDT,0.282,45.0,0.2819,556.0,0.2823,250.0,0.2824,46.0
1753533704612,12:41:44.612,DYM/USDT:USDT,0.2819,46.0,0.2818,510.0,0.2823,250.0,0.2824,46.0
1753533704658,12:41:44.658,DYM/USDT:USDT,0.282,45.0,0.2819,556.0,0.2823,250.0,0.2824,46.0
