timestamp,time,symbol,bid1_price,bid1_volume,bid2_price,bid2_volume,ask1_price,ask1_volume,ask2_price,ask2_volume
1753533020000,12:30:20.000,BAND/USDT:USDT,0.7285,169.0,0.7284,280.0,0.7291,162.0,0.7292,219.0
1753533023969,12:30:23.969,BAND/USDT:USDT,0.7285,169.0,0.7284,280.0,0.7291,162.0,0.7292,219.0
1753533026311,12:30:26.311,BAND/USDT:USDT,0.7285,169.0,0.7284,280.0,0.7291,162.0,0.7292,219.0
1753533030037,12:30:30.037,BAND/USDT:USDT,0.7285,169.0,0.7284,280.0,0.7291,162.0,0.7292,219.0
1753533030046,12:30:30.046,BAND/USDT:USDT,0.7285,169.0,0.7284,280.0,0.7291,162.0,0.7292,219.0
1753533033964,12:30:33.964,BAND/USDT:USDT,0.7285,169.0,0.7284,280.0,0.7291,162.0,0.7292,219.0
1753533035281,12:30:35.281,BAND/USDT:USDT,0.7285,169.0,0.7284,280.0,0.7291,162.0,0.7292,219.0
1753533038597,12:30:38.597,BAND/USDT:USDT,0.7284,280.0,0.7278,439.0,0.7291,162.0,0.7292,219.0
1753533038831,12:30:38.831,BAND/USDT:USDT,0.7284,280.0,0.7278,439.0,0.7291,162.0,0.7292,219.0
1753533039855,12:30:39.855,BAND/USDT:USDT,0.7285,168.0,0.7284,280.0,0.7291,162.0,0.7292,219.0
1753533040068,12:30:40.068,BAND/USDT:USDT,0.7285,168.0,0.7284,280.0,0.7291,162.0,0.7292,219.0
1753533041103,12:30:41.103,BAND/USDT:USDT,0.7285,168.0,0.7284,280.0,0.7291,162.0,0.7292,219.0
1753533048055,12:30:48.055,BAND/USDT:USDT,0.7284,280.0,0.7278,439.0,0.7291,162.0,0.7292,219.0
1753533048164,12:30:48.164,BAND/USDT:USDT,0.7284,280.0,0.7278,439.0,0.7291,162.0,0.7292,219.0
1753533048761,12:30:48.761,BAND/USDT:USDT,0.7285,162.0,0.7284,280.0,0.7291,162.0,0.7292,219.0
1753533049791,12:30:49.791,BAND/USDT:USDT,0.7285,162.0,0.7284,280.0,0.7291,162.0,0.7292,219.0
1753533049873,12:30:49.873,BAND/USDT:USDT,0.7285,162.0,0.7284,280.0,0.7291,162.0,0.7292,219.0
1753533050173,12:30:50.173,BAND/USDT:USDT,0.7285,162.0,0.7284,224.0,0.7291,162.0,0.7292,219.0
1753533050270,12:30:50.270,BAND/USDT:USDT,0.7285,162.0,0.7284,224.0,0.7291,162.0,0.7292,219.0
1753533050777,12:30:50.777,BAND/USDT:USDT,0.7285,162.0,0.7284,224.0,0.7291,162.0,0.7292,219.0
1753533051331,12:30:51.331,BAND/USDT:USDT,0.7285,162.0,0.7284,224.0,0.7291,162.0,0.7292,219.0
1753533051362,12:30:51.362,BAND/USDT:USDT,0.7285,162.0,0.7284,224.0,0.7291,162.0,0.7292,219.0
1753533052821,12:30:52.821,BAND/USDT:USDT,0.7285,162.0,0.7284,224.0,0.7291,162.0,0.7292,219.0
1753533053060,12:30:53.060,BAND/USDT:USDT,0.7285,162.0,0.7284,224.0,0.7291,162.0,0.7292,219.0
1753533054511,12:30:54.511,BAND/USDT:USDT,0.7285,162.0,0.7284,224.0,0.7291,162.0,0.7292,219.0
1753533055015,12:30:55.015,BAND/USDT:USDT,0.7285,163.0,0.7284,224.0,0.7291,162.0,0.7292,219.0
1753533055201,12:30:55.201,BAND/USDT:USDT,0.7284,224.0,0.7278,439.0,0.7291,162.0,0.7292,219.0
1753533056020,12:30:56.020,BAND/USDT:USDT,0.7284,224.0,0.7278,439.0,0.7291,162.0,0.7292,219.0
1753533056305,12:30:56.305,BAND/USDT:USDT,0.7284,224.0,0.7278,439.0,0.7291,162.0,0.7292,219.0
1753533057520,12:30:57.520,BAND/USDT:USDT,0.7284,224.0,0.7278,439.0,0.7291,162.0,0.7292,219.0
1753533057941,12:30:57.941,BAND/USDT:USDT,0.7284,224.0,0.7278,439.0,0.7291,162.0,0.7292,219.0
1753533058496,12:30:58.496,BAND/USDT:USDT,0.7284,224.0,0.7283,179.0,0.7291,162.0,0.7292,219.0
1753533058829,12:30:58.829,BAND/USDT:USDT,0.7284,224.0,0.7283,179.0,0.7291,162.0,0.7292,219.0
1753533059591,12:30:59.591,BAND/USDT:USDT,0.7284,56.0,0.7283,179.0,0.7291,162.0,0.7292,219.0
1753533061133,12:31:01.133,BAND/USDT:USDT,0.7281,163.0,0.7277,163.0,0.7291,162.0,0.7292,492.0
1753533061237,12:31:01.237,BAND/USDT:USDT,0.7281,163.0,0.7277,163.0,0.7291,162.0,0.7292,219.0
1753533061338,12:31:01.338,BAND/USDT:USDT,0.7269,169.0,0.7267,659.0,0.7291,162.0,0.7292,492.0
1753533061433,12:31:01.433,BAND/USDT:USDT,0.7272,4625.0,0.7271,663.0,0.7291,162.0,0.7292,492.0
1753533061532,12:31:01.532,BAND/USDT:USDT,0.7272,4625.0,0.7271,663.0,0.7291,162.0,0.7292,492.0
1753533061635,12:31:01.635,BAND/USDT:USDT,0.7272,4625.0,0.7271,663.0,0.7291,162.0,0.7292,492.0
1753533061696,12:31:01.696,BAND/USDT:USDT,0.7272,4625.0,0.7271,663.0,0.7291,162.0,0.7292,492.0
1753533061830,12:31:01.830,BAND/USDT:USDT,0.7272,4625.0,0.7271,663.0,0.7291,162.0,0.7292,492.0
1753533062057,12:31:02.057,BAND/USDT:USDT,0.7272,4625.0,0.7271,663.0,0.7291,162.0,0.7292,492.0
1753533062196,12:31:02.196,BAND/USDT:USDT,0.7272,4625.0,0.7271,663.0,0.7291,162.0,0.7292,492.0
1753533062333,12:31:02.333,BAND/USDT:USDT,0.7272,4625.0,0.7271,663.0,0.7289,163.0,0.729,15149.0
1753533062425,12:31:02.425,BAND/USDT:USDT,0.7272,4625.0,0.7271,663.0,0.7289,163.0,0.729,15149.0
1753533062769,12:31:02.769,BAND/USDT:USDT,0.7272,4625.0,0.7271,663.0,0.7289,163.0,0.729,30298.0
1753533062903,12:31:02.903,BAND/USDT:USDT,0.7272,4625.0,0.7271,663.0,0.7289,163.0,0.729,30298.0
1753533063317,12:31:03.317,BAND/USDT:USDT,0.7272,4625.0,0.7271,163.0,0.7289,163.0,0.729,30298.0
1753533063585,12:31:03.585,BAND/USDT:USDT,0.7272,4625.0,0.7271,163.0,0.7289,163.0,0.729,30298.0
1753533064310,12:31:04.310,BAND/USDT:USDT,0.7272,4625.0,0.7271,163.0,0.7289,163.0,0.729,30298.0
1753533066534,12:31:06.534,BAND/USDT:USDT,0.7272,4625.0,0.7271,163.0,0.7289,163.0,0.729,30298.0
1753533066740,12:31:06.740,BAND/USDT:USDT,0.7272,4625.0,0.7271,163.0,0.7289,163.0,0.729,30298.0
1753533067137,12:31:07.137,BAND/USDT:USDT,0.7272,4625.0,0.7271,163.0,0.7289,163.0,0.729,30298.0
1753533067269,12:31:07.269,BAND/USDT:USDT,0.7272,4625.0,0.7271,163.0,0.7289,163.0,0.729,30298.0
1753533067522,12:31:07.522,BAND/USDT:USDT,0.7272,4625.0,0.7271,163.0,0.7289,163.0,0.729,30298.0
1753533068305,12:31:08.305,BAND/USDT:USDT,0.7272,4625.0,0.7271,163.0,0.7289,163.0,0.729,30298.0
1753533068423,12:31:08.423,BAND/USDT:USDT,0.7272,4625.0,0.7271,163.0,0.7291,162.0,0.7292,492.0
1753533068468,12:31:08.468,BAND/USDT:USDT,0.7272,4625.0,0.7271,163.0,0.7291,162.0,0.7292,492.0
1753533069269,12:31:09.269,BAND/USDT:USDT,0.7272,4625.0,0.7271,163.0,0.7291,162.0,0.7292,492.0
1753533069526,12:31:09.526,BAND/USDT:USDT,0.7272,4625.0,0.7271,163.0,0.7291,162.0,0.7292,492.0
1753533069686,12:31:09.686,BAND/USDT:USDT,0.7272,4625.0,0.7271,163.0,0.7291,162.0,0.7292,492.0
1753533069803,12:31:09.803,BAND/USDT:USDT,0.7272,4625.0,0.7271,163.0,0.7291,162.0,0.7292,492.0
1753533070125,12:31:10.125,BAND/USDT:USDT,0.7272,4625.0,0.7271,163.0,0.7291,162.0,0.7292,492.0
1753533070143,12:31:10.143,BAND/USDT:USDT,0.7272,4625.0,0.7271,163.0,0.7291,162.0,0.7292,492.0
1753533070263,12:31:10.263,BAND/USDT:USDT,0.7272,4625.0,0.7271,163.0,0.7291,162.0,0.7292,492.0
1753533070527,12:31:10.527,BAND/USDT:USDT,0.7272,4625.0,0.7271,163.0,0.7291,162.0,0.7292,492.0
1753533070569,12:31:10.569,BAND/USDT:USDT,0.7272,4625.0,0.7271,163.0,0.7291,162.0,0.7292,492.0
1753533070703,12:31:10.703,BAND/USDT:USDT,0.7272,4625.0,0.7271,163.0,0.7291,162.0,0.7292,492.0
1753533070908,12:31:10.908,BAND/USDT:USDT,0.7272,4625.0,0.7271,163.0,0.7291,162.0,0.7292,492.0
1753533071024,12:31:11.024,BAND/USDT:USDT,0.7272,4625.0,0.7271,163.0,0.7291,162.0,0.7292,492.0
1753533071237,12:31:11.237,BAND/USDT:USDT,0.7272,4625.0,0.7271,163.0,0.7291,162.0,0.7292,492.0
1753533071625,12:31:11.625,BAND/USDT:USDT,0.7272,4625.0,0.7271,163.0,0.7291,162.0,0.7292,219.0
1753533072431,12:31:12.431,BAND/USDT:USDT,0.7274,4124.0,0.7273,21573.0,0.7291,162.0,0.7292,219.0
1753533072536,12:31:12.536,BAND/USDT:USDT,0.7274,4124.0,0.7273,162.0,0.7291,162.0,0.7292,219.0
1753533072663,12:31:12.663,BAND/USDT:USDT,0.7274,4124.0,0.7273,162.0,0.7291,162.0,0.7292,219.0
1753533073013,12:31:13.013,BAND/USDT:USDT,0.7274,4124.0,0.7273,162.0,0.7291,162.0,0.7292,219.0
1753533073791,12:31:13.791,BAND/USDT:USDT,0.7276,4123.0,0.7275,12792.0,0.7291,162.0,0.7292,219.0
1753533073896,12:31:13.896,BAND/USDT:USDT,0.7276,4123.0,0.7273,162.0,0.7291,162.0,0.7292,219.0
1753533075658,12:31:15.658,BAND/USDT:USDT,0.7276,4123.0,0.7273,162.0,0.7291,162.0,0.7292,219.0
1753533075895,12:31:15.895,BAND/USDT:USDT,0.7276,4123.0,0.7273,162.0,0.7291,162.0,0.7292,219.0
1753533075943,12:31:15.943,BAND/USDT:USDT,0.7276,4123.0,0.7273,162.0,0.7291,162.0,0.7292,219.0
1753533077821,12:31:17.821,BAND/USDT:USDT,0.7278,4122.0,0.7277,3040.0,0.7291,162.0,0.7292,219.0
1753533077839,12:31:17.839,BAND/USDT:USDT,0.7278,4122.0,0.7277,166.0,0.7291,162.0,0.7292,219.0
1753533078016,12:31:18.016,BAND/USDT:USDT,0.7278,4122.0,0.7277,166.0,0.7291,162.0,0.7292,219.0
1753533078052,12:31:18.052,BAND/USDT:USDT,0.7278,4122.0,0.7277,166.0,0.7291,162.0,0.7292,219.0
1753533078469,12:31:18.469,BAND/USDT:USDT,0.7278,4122.0,0.7273,162.0,0.7291,162.0,0.7292,219.0
1753533085421,12:31:25.421,BAND/USDT:USDT,0.728,4170.0,0.7279,215.0,0.729,165.0,0.7291,211.0
1753533085455,12:31:25.455,BAND/USDT:USDT,0.728,4170.0,0.7279,215.0,0.729,165.0,0.7291,211.0
1753533085770,12:31:25.770,BAND/USDT:USDT,0.728,4170.0,0.7279,215.0,0.729,165.0,0.7291,211.0
1753533086067,12:31:26.067,BAND/USDT:USDT,0.728,4170.0,0.7279,215.0,0.729,165.0,0.7291,211.0
1753533086232,12:31:26.232,BAND/USDT:USDT,0.728,4170.0,0.7279,215.0,0.729,165.0,0.7291,211.0
1753533086244,12:31:26.244,BAND/USDT:USDT,0.728,4170.0,0.7279,215.0,0.729,165.0,0.7291,211.0
1753533086439,12:31:26.439,BAND/USDT:USDT,0.728,4170.0,0.7279,215.0,0.729,165.0,0.7291,211.0
1753533086627,12:31:26.627,BAND/USDT:USDT,0.728,4170.0,0.7279,215.0,0.729,165.0,0.7291,211.0
1753533086872,12:31:26.872,BAND/USDT:USDT,0.728,4170.0,0.7279,215.0,0.729,165.0,0.7291,211.0
1753533086943,12:31:26.943,BAND/USDT:USDT,0.728,4170.0,0.7279,215.0,0.729,165.0,0.7291,211.0
1753533087383,12:31:27.383,BAND/USDT:USDT,0.728,4170.0,0.7279,215.0,0.729,165.0,0.7291,211.0
1753533090083,12:31:30.083,BAND/USDT:USDT,0.728,4170.0,0.7279,215.0,0.729,165.0,0.7291,211.0
1753533095337,12:31:35.337,BAND/USDT:USDT,0.728,4170.0,0.7279,215.0,0.729,165.0,0.7291,211.0
1753533095450,12:31:35.450,BAND/USDT:USDT,0.728,4170.0,0.7279,215.0,0.729,165.0,0.7291,211.0
1753533097538,12:31:37.538,BAND/USDT:USDT,0.7284,730.0,0.7283,5019.0,0.7291,211.0,0.7292,219.0
1753533097556,12:31:37.556,BAND/USDT:USDT,0.7285,900.0,0.7284,4472.0,0.7291,211.0,0.7292,219.0
1753533097662,12:31:37.662,BAND/USDT:USDT,0.7285,336.0,0.7284,4472.0,0.729,166.0,0.7291,211.0
1753533097915,12:31:37.915,BAND/USDT:USDT,0.7285,336.0,0.7284,4472.0,0.729,166.0,0.7291,211.0
1753533098559,12:31:38.559,BAND/USDT:USDT,0.7285,336.0,0.7284,4472.0,0.7291,211.0,0.7292,219.0
1753533098803,12:31:38.803,BAND/USDT:USDT,0.7285,336.0,0.7284,4472.0,0.7291,211.0,0.7292,219.0
1753533098923,12:31:38.923,BAND/USDT:USDT,0.7285,336.0,0.7284,4472.0,0.7291,211.0,0.7292,219.0
1753533099035,12:31:39.035,BAND/USDT:USDT,0.7285,336.0,0.7284,4472.0,0.729,166.0,0.7291,211.0
1753533100143,12:31:40.143,BAND/USDT:USDT,0.7286,730.0,0.7285,336.0,0.7291,211.0,0.7292,219.0
1753533100313,12:31:40.313,BAND/USDT:USDT,0.7286,900.0,0.7285,524.0,0.7291,211.0,0.7292,219.0
1753533100522,12:31:40.522,BAND/USDT:USDT,0.7286,336.0,0.7285,524.0,0.729,166.0,0.7291,211.0
1753533101912,12:31:41.912,BAND/USDT:USDT,0.7286,336.0,0.7285,524.0,0.729,166.0,0.7291,211.0
1753533102336,12:31:42.336,BAND/USDT:USDT,0.7286,336.0,0.7285,524.0,0.7291,211.0,0.7292,219.0
1753533102356,12:31:42.356,BAND/USDT:USDT,0.7287,730.0,0.7286,336.0,0.7291,211.0,0.7292,219.0
1753533103078,12:31:43.078,BAND/USDT:USDT,0.7287,730.0,0.7286,336.0,0.7291,211.0,0.7292,219.0
1753533103179,12:31:43.179,BAND/USDT:USDT,0.7286,336.0,0.7285,524.0,0.7291,211.0,0.7292,219.0
1753533103262,12:31:43.262,BAND/USDT:USDT,0.7286,336.0,0.7285,524.0,0.729,165.0,0.7291,211.0
1753533103359,12:31:43.359,BAND/USDT:USDT,0.7286,336.0,0.7285,524.0,0.7291,211.0,0.7292,219.0
1753533104835,12:31:44.835,BAND/USDT:USDT,0.7286,336.0,0.7285,524.0,0.7291,211.0,0.7292,219.0
1753533105525,12:31:45.525,BAND/USDT:USDT,0.7288,730.0,0.7286,336.0,0.7291,49.0,0.7292,219.0
1753533105620,12:31:45.620,BAND/USDT:USDT,0.7291,730.0,0.729,165.0,0.7293,169.0,0.7294,179.0
1753533105834,12:31:45.834,BAND/USDT:USDT,0.7291,730.0,0.729,165.0,0.7293,169.0,0.7294,179.0
1753533105943,12:31:45.943,BAND/USDT:USDT,0.7291,730.0,0.729,165.0,0.7293,169.0,0.7294,179.0
1753533106264,12:31:46.264,BAND/USDT:USDT,0.7291,730.0,0.729,165.0,0.7293,169.0,0.7294,179.0
1753533106358,12:31:46.358,BAND/USDT:USDT,0.7291,730.0,0.729,165.0,0.7293,169.0,0.7294,179.0
1753533107713,12:31:47.713,BAND/USDT:USDT,0.7291,730.0,0.729,165.0,0.7294,344.0,0.7296,179.0
1753533107834,12:31:47.834,BAND/USDT:USDT,0.7291,730.0,0.729,165.0,0.7293,165.0,0.7294,344.0
1753533108801,12:31:48.801,BAND/USDT:USDT,0.7291,730.0,0.729,165.0,0.7293,165.0,0.7294,344.0
1753533110585,12:31:50.585,BAND/USDT:USDT,0.7291,730.0,0.729,165.0,0.7293,165.0,0.7294,344.0
1753533110778,12:31:50.778,BAND/USDT:USDT,0.7291,730.0,0.729,165.0,0.7293,165.0,0.7294,344.0
1753533111671,12:31:51.671,BAND/USDT:USDT,0.7291,730.0,0.729,165.0,0.7293,165.0,0.7294,344.0
1753533112404,12:31:52.404,BAND/USDT:USDT,0.7291,730.0,0.729,165.0,0.7293,165.0,0.7294,344.0
1753533113716,12:31:53.716,BAND/USDT:USDT,0.7291,730.0,0.729,165.0,0.7293,165.0,0.7294,344.0
1753533113968,12:31:53.968,BAND/USDT:USDT,0.7292,730.0,0.729,165.0,0.7293,165.0,0.7294,344.0
1753533114097,12:31:54.097,BAND/USDT:USDT,0.729,165.0,0.7289,179.0,0.7293,165.0,0.7294,344.0
1753533114470,12:31:54.470,BAND/USDT:USDT,0.729,165.0,0.7289,179.0,0.7293,165.0,0.7294,344.0
1753533114922,12:31:54.922,BAND/USDT:USDT,0.729,165.0,0.7289,179.0,0.7293,165.0,0.7294,344.0
1753533115369,12:31:55.369,BAND/USDT:USDT,0.729,165.0,0.7289,179.0,0.7293,165.0,0.7294,344.0
1753533115462,12:31:55.462,BAND/USDT:USDT,0.729,165.0,0.7289,179.0,0.7293,165.0,0.7294,344.0
1753533116784,12:31:56.784,BAND/USDT:USDT,0.729,165.0,0.7289,179.0,0.7293,165.0,0.7294,344.0
1753533119028,12:31:59.028,BAND/USDT:USDT,0.7289,344.0,0.7288,523.0,0.7293,165.0,0.7294,523.0
1753533119054,12:31:59.054,BAND/USDT:USDT,0.7289,344.0,0.7288,523.0,0.7293,165.0,0.7294,523.0
1753533119508,12:31:59.508,BAND/USDT:USDT,0.7285,166.0,0.7284,4284.0,0.7293,165.0,0.7294,523.0
1753533120150,12:32:00.150,BAND/USDT:USDT,0.7285,166.0,0.7284,4284.0,0.7293,165.0,0.7294,523.0
1753533122637,12:32:02.637,BAND/USDT:USDT,0.7285,166.0,0.7284,166.0,0.7293,165.0,0.7294,523.0
1753533122738,12:32:02.738,BAND/USDT:USDT,0.7276,5018.0,0.7275,1395.0,0.7292,165.0,0.7293,165.0
1753533122838,12:32:02.838,BAND/USDT:USDT,0.7285,165.0,0.7284,1211.0,0.7293,165.0,0.7294,523.0
1753533122861,12:32:02.861,BAND/USDT:USDT,0.7286,730.0,0.7285,165.0,0.7293,165.0,0.7294,523.0
1753533123717,12:32:03.717,BAND/USDT:USDT,0.7287,164.0,0.7285,165.0,0.7293,165.0,0.7294,523.0
1753533123862,12:32:03.862,BAND/USDT:USDT,0.7285,165.0,0.7284,481.0,0.7293,165.0,0.7294,523.0
1753533125154,12:32:05.154,BAND/USDT:USDT,0.7285,165.0,0.7284,481.0,0.7293,165.0,0.7294,523.0
1753533125485,12:32:05.485,BAND/USDT:USDT,0.7285,165.0,0.7284,481.0,0.7293,165.0,0.7294,523.0
1753533126096,12:32:06.096,BAND/USDT:USDT,0.7285,165.0,0.7284,481.0,0.7293,165.0,0.7294,523.0
1753533126519,12:32:06.519,BAND/USDT:USDT,0.7285,165.0,0.7284,481.0,0.7293,165.0,0.7294,523.0
1753533126617,12:32:06.617,BAND/USDT:USDT,0.7285,165.0,0.7284,481.0,0.7293,165.0,0.7294,523.0
1753533126648,12:32:06.648,BAND/USDT:USDT,0.7285,165.0,0.7284,481.0,0.7293,165.0,0.7294,523.0
1753533126850,12:32:06.850,BAND/USDT:USDT,0.7285,165.0,0.7284,481.0,0.7293,165.0,0.7294,523.0
1753533127009,12:32:07.009,BAND/USDT:USDT,0.7285,165.0,0.7284,481.0,0.7293,165.0,0.7294,523.0
1753533127247,12:32:07.247,BAND/USDT:USDT,0.7285,165.0,0.7284,481.0,0.7293,165.0,0.7294,523.0
1753533128144,12:32:08.144,BAND/USDT:USDT,0.7285,165.0,0.7284,481.0,0.7293,165.0,0.7294,523.0
1753533130945,12:32:10.945,BAND/USDT:USDT,0.7285,165.0,0.7284,481.0,0.7293,165.0,0.7294,523.0
1753533133938,12:32:13.938,BAND/USDT:USDT,0.7285,165.0,0.7284,481.0,0.7293,165.0,0.7294,523.0
1753533134028,12:32:14.028,BAND/USDT:USDT,0.7285,165.0,0.7284,481.0,0.7293,165.0,0.7294,523.0
1753533134043,12:32:14.043,BAND/USDT:USDT,0.7285,165.0,0.7284,481.0,0.7293,165.0,0.7294,523.0
1753533136899,12:32:16.899,BAND/USDT:USDT,0.7285,165.0,0.7284,481.0,0.7293,165.0,0.7294,523.0
1753533140000,12:32:20.000,BAND/USDT:USDT,0.7285,165.0,0.7284,481.0,0.729,169.0,0.7291,268.0
1753533140060,12:32:20.060,BAND/USDT:USDT,0.7285,165.0,0.7284,481.0,0.729,169.0,0.7291,268.0
1753533140421,12:32:20.421,BAND/USDT:USDT,0.7285,165.0,0.7284,481.0,0.729,169.0,0.7291,268.0
1753533140822,12:32:20.822,BAND/USDT:USDT,0.7286,1.0,0.7285,165.0,0.729,169.0,0.7291,268.0
1753533140936,12:32:20.936,BAND/USDT:USDT,0.7286,1.0,0.7285,165.0,0.729,169.0,0.7291,268.0
1753533140979,12:32:20.979,BAND/USDT:USDT,0.7286,170.0,0.7285,165.0,0.729,169.0,0.7291,268.0
1753533141201,12:32:21.201,BAND/USDT:USDT,0.7286,1.0,0.7285,165.0,0.729,169.0,0.7291,268.0
1753533142282,12:32:22.282,BAND/USDT:USDT,0.7286,1.0,0.7285,165.0,0.729,169.0,0.7291,268.0
1753533143037,12:32:23.037,BAND/USDT:USDT,0.7286,1.0,0.7285,165.0,0.729,169.0,0.7291,268.0
1753533143072,12:32:23.072,BAND/USDT:USDT,0.7286,1.0,0.7285,165.0,0.7288,163.0,0.7289,688.0
1753533143267,12:32:23.267,BAND/USDT:USDT,0.7286,1.0,0.7285,165.0,0.7288,163.0,0.7289,688.0
1753533143533,12:32:23.533,BAND/USDT:USDT,0.7286,1.0,0.7285,165.0,0.729,169.0,0.7291,268.0
1753533143738,12:32:23.738,BAND/USDT:USDT,0.7286,1.0,0.7285,165.0,0.729,169.0,0.7291,268.0
1753533144420,12:32:24.420,BAND/USDT:USDT,0.7286,1.0,0.7285,165.0,0.729,169.0,0.7291,268.0
1753533144844,12:32:24.844,BAND/USDT:USDT,0.7286,1.0,0.7285,165.0,0.729,169.0,0.7291,268.0
1753533145002,12:32:25.002,BAND/USDT:USDT,0.7286,164.0,0.7285,165.0,0.729,169.0,0.7291,268.0
1753533145117,12:32:25.117,BAND/USDT:USDT,0.7286,163.0,0.7285,165.0,0.729,169.0,0.7291,268.0
1753533145154,12:32:25.154,BAND/USDT:USDT,0.7285,165.0,0.7284,481.0,0.729,169.0,0.7291,268.0
1753533145325,12:32:25.325,BAND/USDT:USDT,0.7285,165.0,0.7284,481.0,0.729,169.0,0.7291,268.0
1753533145845,12:32:25.845,BAND/USDT:USDT,0.7285,165.0,0.7284,481.0,0.729,169.0,0.7291,268.0
1753533146388,12:32:26.388,BAND/USDT:USDT,0.7285,165.0,0.7284,481.0,0.729,169.0,0.7291,268.0
1753533148437,12:32:28.437,BAND/USDT:USDT,0.7284,481.0,0.7281,165.0,0.729,169.0,0.7291,268.0
1753533148547,12:32:28.547,BAND/USDT:USDT,0.7284,481.0,0.7281,165.0,0.729,169.0,0.7291,268.0
1753533148728,12:32:28.728,BAND/USDT:USDT,0.7284,158.0,0.7281,165.0,0.729,169.0,0.7291,268.0
1753533148795,12:32:28.795,BAND/USDT:USDT,0.7284,158.0,0.7281,165.0,0.729,169.0,0.7291,268.0
1753533148855,12:32:28.855,BAND/USDT:USDT,0.7284,158.0,0.7281,165.0,0.729,169.0,0.7291,268.0
1753533149005,12:32:29.005,BAND/USDT:USDT,0.7284,321.0,0.7281,165.0,0.729,169.0,0.7291,268.0
1753533149428,12:32:29.428,BAND/USDT:USDT,0.7285,163.0,0.7284,479.0,0.729,169.0,0.7291,268.0
1753533149765,12:32:29.765,BAND/USDT:USDT,0.7285,163.0,0.7284,479.0,0.729,169.0,0.7291,268.0
1753533150178,12:32:30.178,BAND/USDT:USDT,0.7285,163.0,0.7284,479.0,0.729,169.0,0.7291,268.0
1753533151622,12:32:31.622,BAND/USDT:USDT,0.7285,163.0,0.7284,479.0,0.729,169.0,0.7291,268.0
1753533152908,12:32:32.908,BAND/USDT:USDT,0.7284,479.0,0.7281,165.0,0.729,169.0,0.7291,268.0
1753533153039,12:32:33.039,BAND/USDT:USDT,0.7284,479.0,0.7281,165.0,0.729,169.0,0.7291,268.0
1753533153947,12:32:33.947,BAND/USDT:USDT,0.7284,479.0,0.7281,165.0,0.729,169.0,0.7291,268.0
1753533154375,12:32:34.375,BAND/USDT:USDT,0.7284,316.0,0.7281,165.0,0.729,169.0,0.7291,268.0
1753533154531,12:32:34.531,BAND/USDT:USDT,0.7284,316.0,0.7281,165.0,0.729,169.0,0.7291,268.0
1753533154639,12:32:34.639,BAND/USDT:USDT,0.7272,4125.0,0.7271,169.0,0.729,169.0,0.7291,541.0
1753533154696,12:32:34.696,BAND/USDT:USDT,0.7277,169.0,0.7276,4292.0,0.729,169.0,0.7291,268.0
1753533154754,12:32:34.754,BAND/USDT:USDT,0.7277,169.0,0.7276,4292.0,0.729,169.0,0.7291,268.0
1753533155110,12:32:35.110,BAND/USDT:USDT,0.7277,169.0,0.7276,4292.0,0.729,169.0,0.7291,268.0
1753533155322,12:32:35.322,BAND/USDT:USDT,0.7278,899.0,0.7277,4291.0,0.729,169.0,0.7291,268.0
1753533155435,12:32:35.435,BAND/USDT:USDT,0.7285,730.0,0.7284,179.0,0.729,169.0,0.7291,268.0
1753533155471,12:32:35.471,BAND/USDT:USDT,0.7285,730.0,0.7284,348.0,0.729,169.0,0.7291,268.0
1753533155544,12:32:35.544,BAND/USDT:USDT,0.7285,730.0,0.7284,179.0,0.729,169.0,0.7291,268.0
1753533156192,12:32:36.192,BAND/USDT:USDT,0.7285,730.0,0.7284,348.0,0.729,169.0,0.7291,268.0
1753533156386,12:32:36.386,BAND/USDT:USDT,0.7285,730.0,0.7284,348.0,0.729,169.0,0.7291,268.0
1753533157134,12:32:37.134,BAND/USDT:USDT,0.7286,169.0,0.7285,730.0,0.729,169.0,0.7291,268.0
1753533157215,12:32:37.215,BAND/USDT:USDT,0.7287,730.0,0.7284,348.0,0.729,169.0,0.7291,218.0
1753533157631,12:32:37.631,BAND/USDT:USDT,0.7287,730.0,0.7284,348.0,0.729,169.0,0.7291,218.0
1753533160126,12:32:40.126,BAND/USDT:USDT,0.7287,730.0,0.7284,348.0,0.729,169.0,0.7291,218.0
1753533160465,12:32:40.465,BAND/USDT:USDT,0.7287,730.0,0.7284,348.0,0.729,169.0,0.7291,218.0
1753533163107,12:32:43.107,BAND/USDT:USDT,0.7287,730.0,0.7284,348.0,0.729,169.0,0.7291,218.0
1753533163375,12:32:43.375,BAND/USDT:USDT,0.7287,730.0,0.7284,348.0,0.729,169.0,0.7291,218.0
1753533166057,12:32:46.057,BAND/USDT:USDT,0.7287,730.0,0.7284,348.0,0.729,169.0,0.7291,218.0
1753533166268,12:32:46.268,BAND/USDT:USDT,0.7287,730.0,0.7284,348.0,0.729,169.0,0.7291,218.0
1753533166958,12:32:46.958,BAND/USDT:USDT,0.7287,730.0,0.7284,348.0,0.729,169.0,0.7291,218.0
1753533168939,12:32:48.939,BAND/USDT:USDT,0.7287,730.0,0.7284,348.0,0.729,169.0,0.7291,218.0
1753533169104,12:32:49.104,BAND/USDT:USDT,0.7287,730.0,0.7284,348.0,0.729,169.0,0.7291,218.0
1753533171845,12:32:51.845,BAND/USDT:USDT,0.7287,730.0,0.7284,348.0,0.729,169.0,0.7291,218.0
1753533172339,12:32:52.339,BAND/USDT:USDT,0.7287,730.0,0.7284,348.0,0.729,169.0,0.7291,218.0
1753533172341,12:32:52.341,BAND/USDT:USDT,0.7287,730.0,0.7285,179.0,0.729,169.0,0.7291,218.0
1753533173086,12:32:53.086,BAND/USDT:USDT,0.7287,730.0,0.7286,179.0,0.729,169.0,0.7291,397.0
1753533173197,12:32:53.197,BAND/USDT:USDT,0.7286,179.0,0.7285,358.0,0.729,169.0,0.7291,397.0
1753533173554,12:32:53.554,BAND/USDT:USDT,0.7286,179.0,0.7285,358.0,0.729,169.0,0.7291,397.0
1753533173717,12:32:53.717,BAND/USDT:USDT,0.7288,730.0,0.7287,179.0,0.729,169.0,0.7291,218.0
1753533173745,12:32:53.745,BAND/USDT:USDT,0.7288,730.0,0.7287,179.0,0.729,169.0,0.7291,218.0
1753533173969,12:32:53.969,BAND/USDT:USDT,0.7288,730.0,0.7287,179.0,0.729,169.0,0.7291,218.0
1753533174848,12:32:54.848,BAND/USDT:USDT,0.7288,730.0,0.7287,179.0,0.729,169.0,0.7291,218.0
1753533175194,12:32:55.194,BAND/USDT:USDT,0.7288,730.0,0.7287,179.0,0.729,169.0,0.7291,218.0
1753533177777,12:32:57.777,BAND/USDT:USDT,0.7288,730.0,0.7287,179.0,0.729,169.0,0.7291,218.0
1753533178299,12:32:58.299,BAND/USDT:USDT,0.7288,730.0,0.7287,179.0,0.729,169.0,0.7291,218.0
1753533180499,12:33:00.499,BAND/USDT:USDT,0.7288,730.0,0.7287,179.0,0.729,169.0,0.7291,218.0
1753533180679,12:33:00.679,BAND/USDT:USDT,0.7288,730.0,0.7287,179.0,0.729,169.0,0.7291,218.0
1753533180768,12:33:00.768,BAND/USDT:USDT,0.7286,179.0,0.7285,358.0,0.729,169.0,0.7291,397.0
1753533180845,12:33:00.845,BAND/USDT:USDT,0.7286,179.0,0.7285,358.0,0.729,169.0,0.7291,397.0
1753533181114,12:33:01.114,BAND/USDT:USDT,0.7278,169.0,0.7277,4291.0,0.729,169.0,0.7291,397.0
1753533181142,12:33:01.142,BAND/USDT:USDT,0.7278,169.0,0.7277,4291.0,0.729,169.0,0.7291,397.0
1753533181271,12:33:01.271,BAND/USDT:USDT,0.7278,169.0,0.7277,4291.0,0.729,169.0,0.7291,397.0
1753533181673,12:33:01.673,BAND/USDT:USDT,0.7278,169.0,0.7277,4291.0,0.729,169.0,0.7291,397.0
1753533182159,12:33:02.159,BAND/USDT:USDT,0.7278,169.0,0.7277,4291.0,0.729,169.0,0.7291,397.0
1753533183501,12:33:03.501,BAND/USDT:USDT,0.7278,169.0,0.7277,4291.0,0.729,169.0,0.7291,397.0
1753533186314,12:33:06.314,BAND/USDT:USDT,0.7278,169.0,0.7277,4291.0,0.729,169.0,0.7291,397.0
1753533186623,12:33:06.623,BAND/USDT:USDT,0.7284,885.0,0.7283,324.0,0.729,169.0,0.7291,397.0
1753533186753,12:33:06.753,BAND/USDT:USDT,0.7284,885.0,0.7283,324.0,0.729,169.0,0.7291,397.0
1753533188478,12:33:08.478,BAND/USDT:USDT,0.7284,885.0,0.7283,324.0,0.729,169.0,0.7291,397.0
1753533188838,12:33:08.838,BAND/USDT:USDT,0.7284,885.0,0.7283,324.0,0.729,169.0,0.7291,397.0
1753533188854,12:33:08.854,BAND/USDT:USDT,0.7284,885.0,0.7283,324.0,0.729,169.0,0.7291,397.0
1753533189045,12:33:09.045,BAND/USDT:USDT,0.7284,885.0,0.7283,324.0,0.729,169.0,0.7291,397.0
1753533189184,12:33:09.184,BAND/USDT:USDT,0.7284,885.0,0.7283,324.0,0.729,169.0,0.7291,397.0
1753533190308,12:33:10.308,BAND/USDT:USDT,0.7284,885.0,0.7283,324.0,0.729,169.0,0.7291,397.0
1753533190921,12:33:10.921,BAND/USDT:USDT,0.7285,155.0,0.7284,359.0,0.729,169.0,0.7291,397.0
1753533191125,12:33:11.125,BAND/USDT:USDT,0.7285,155.0,0.7284,359.0,0.729,169.0,0.7291,397.0
1753533191304,12:33:11.304,BAND/USDT:USDT,0.7285,324.0,0.7284,359.0,0.729,169.0,0.7291,397.0
1753533191701,12:33:11.701,BAND/USDT:USDT,0.7285,155.0,0.7284,359.0,0.729,169.0,0.7291,397.0
1753533191959,12:33:11.959,BAND/USDT:USDT,0.7285,155.0,0.7284,359.0,0.729,169.0,0.7291,397.0
1753533192101,12:33:12.101,BAND/USDT:USDT,0.7285,155.0,0.7284,359.0,0.729,169.0,0.7291,397.0
1753533192432,12:33:12.432,BAND/USDT:USDT,0.7285,155.0,0.7284,359.0,0.729,169.0,0.7291,397.0
1753533192971,12:33:12.971,BAND/USDT:USDT,0.7285,155.0,0.7284,359.0,0.729,169.0,0.7291,397.0
1753533193372,12:33:13.372,BAND/USDT:USDT,0.7285,155.0,0.7284,359.0,0.729,169.0,0.7291,397.0
1753533194737,12:33:14.737,BAND/USDT:USDT,0.7285,155.0,0.7284,359.0,0.729,169.0,0.7291,397.0
1753533197491,12:33:17.491,BAND/USDT:USDT,0.7285,155.0,0.7284,359.0,0.729,169.0,0.7291,397.0
1753533197653,12:33:17.653,BAND/USDT:USDT,0.7285,155.0,0.7284,359.0,0.729,169.0,0.7291,397.0
1753533200342,12:33:20.342,BAND/USDT:USDT,0.7285,155.0,0.7284,359.0,0.729,169.0,0.7291,397.0
1753533200731,12:33:20.731,BAND/USDT:USDT,0.7285,155.0,0.7284,359.0,0.729,169.0,0.7291,397.0
1753533202487,12:33:22.487,BAND/USDT:USDT,0.7284,155.0,0.7278,169.0,0.729,169.0,0.7291,397.0
1753533202638,12:33:22.638,BAND/USDT:USDT,0.728,894.0,0.7279,730.0,0.7289,164.0,0.729,855.0
1753533202700,12:33:22.700,BAND/USDT:USDT,0.7284,885.0,0.7283,204.0,0.7288,164.0,0.7289,214.0
1753533202775,12:33:22.775,BAND/USDT:USDT,0.7284,885.0,0.7283,204.0,0.7288,164.0,0.7289,2969.0
1753533202990,12:33:22.990,BAND/USDT:USDT,0.7284,885.0,0.7283,204.0,0.7288,164.0,0.7289,2969.0
1753533203746,12:33:23.746,BAND/USDT:USDT,0.7284,885.0,0.7283,204.0,0.7288,164.0,0.7289,2969.0
1753533204234,12:33:24.234,BAND/USDT:USDT,0.7284,885.0,0.7283,204.0,0.7288,164.0,0.7289,3148.0
1753533205114,12:33:25.114,BAND/USDT:USDT,0.7284,885.0,0.7283,204.0,0.7288,164.0,0.7289,393.0
1753533206643,12:33:26.643,BAND/USDT:USDT,0.7284,885.0,0.7283,204.0,0.7288,164.0,0.7289,393.0
1753533208899,12:33:28.899,BAND/USDT:USDT,0.7285,168.0,0.7284,502.0,0.7288,164.0,0.7289,393.0
1753533209102,12:33:29.102,BAND/USDT:USDT,0.7284,502.0,0.7283,204.0,0.7288,164.0,0.7289,393.0
1753533209441,12:33:29.441,BAND/USDT:USDT,0.7284,502.0,0.7283,204.0,0.7288,164.0,0.7289,393.0
1753533210708,12:33:30.708,BAND/USDT:USDT,0.7284,334.0,0.7283,204.0,0.7288,164.0,0.7289,393.0
1753533211126,12:33:31.126,BAND/USDT:USDT,0.7284,334.0,0.7283,204.0,0.7288,164.0,0.7289,393.0
1753533213788,12:33:33.788,BAND/USDT:USDT,0.7284,334.0,0.7283,204.0,0.7288,164.0,0.7289,393.0
1753533214227,12:33:34.227,BAND/USDT:USDT,0.7284,334.0,0.7283,204.0,0.7288,164.0,0.7289,393.0
1753533214618,12:33:34.618,BAND/USDT:USDT,0.7284,334.0,0.7283,204.0,0.7288,164.0,0.7289,393.0
1753533215050,12:33:35.050,BAND/USDT:USDT,0.7284,334.0,0.7283,204.0,0.7288,164.0,0.7289,393.0
1753533217772,12:33:37.772,BAND/USDT:USDT,0.7284,334.0,0.7283,204.0,0.7288,164.0,0.7289,393.0
1753533218230,12:33:38.230,BAND/USDT:USDT,0.7284,334.0,0.7283,204.0,0.7288,164.0,0.7289,393.0
1753533218265,12:33:38.265,BAND/USDT:USDT,0.7284,334.0,0.7283,204.0,0.7288,164.0,0.7289,393.0
1753533218341,12:33:38.341,BAND/USDT:USDT,0.7284,334.0,0.7283,204.0,0.7288,164.0,0.7289,393.0
1753533218442,12:33:38.442,BAND/USDT:USDT,0.7284,155.0,0.7283,204.0,0.7288,164.0,0.7289,393.0
1753533218581,12:33:38.581,BAND/USDT:USDT,0.7278,169.0,0.7277,4291.0,0.7288,164.0,0.7289,393.0
1753533218806,12:33:38.806,BAND/USDT:USDT,0.7278,169.0,0.7277,4291.0,0.7288,164.0,0.7289,393.0
1753533219582,12:33:39.582,BAND/USDT:USDT,0.7278,169.0,0.7277,4291.0,0.7288,164.0,0.7289,393.0
1753533220616,12:33:40.616,BAND/USDT:USDT,0.7278,169.0,0.7277,4291.0,0.7288,164.0,0.7289,393.0
1753533220835,12:33:40.835,BAND/USDT:USDT,0.7278,169.0,0.7277,4291.0,0.7288,164.0,0.7289,393.0
1753533221562,12:33:41.562,BAND/USDT:USDT,0.7278,169.0,0.7277,4291.0,0.7288,164.0,0.7289,393.0
1753533222519,12:33:42.519,BAND/USDT:USDT,0.7278,169.0,0.7277,4291.0,0.7288,164.0,0.7289,393.0
1753533222854,12:33:42.854,BAND/USDT:USDT,0.7278,169.0,0.7277,4291.0,0.7288,164.0,0.7289,393.0
1753533224417,12:33:44.417,BAND/USDT:USDT,0.7278,169.0,0.7277,4291.0,0.7288,164.0,0.7289,393.0
1753533226566,12:33:46.566,BAND/USDT:USDT,0.7278,169.0,0.7277,4291.0,0.7288,164.0,0.7289,393.0
1753533227724,12:33:47.724,BAND/USDT:USDT,0.7278,169.0,0.7277,4291.0,0.7288,164.0,0.7289,393.0
1753533227743,12:33:47.743,BAND/USDT:USDT,0.7278,169.0,0.7277,4291.0,0.7288,164.0,0.7289,393.0
1753533228782,12:33:48.782,BAND/USDT:USDT,0.7278,169.0,0.7277,4291.0,0.7288,164.0,0.7289,393.0
1753533228935,12:33:48.935,BAND/USDT:USDT,0.7278,169.0,0.7277,4291.0,0.7288,164.0,0.7289,393.0
1753533229292,12:33:49.292,BAND/USDT:USDT,0.7278,169.0,0.7277,4291.0,0.7288,164.0,0.7289,393.0
1753533229722,12:33:49.722,BAND/USDT:USDT,0.7278,169.0,0.7277,4291.0,0.7288,164.0,0.7289,393.0
1753533230336,12:33:50.336,BAND/USDT:USDT,0.7281,893.0,0.728,893.0,0.7286,163.0,0.7288,164.0
1753533230361,12:33:50.361,BAND/USDT:USDT,0.7283,730.0,0.7282,471.0,0.7286,163.0,0.7287,179.0
1753533230564,12:33:50.564,BAND/USDT:USDT,0.7283,730.0,0.7282,471.0,0.7286,163.0,0.7287,179.0
1753533231031,12:33:51.031,BAND/USDT:USDT,0.7282,471.0,0.7281,571.0,0.7286,163.0,0.7287,179.0
1753533231098,12:33:51.098,BAND/USDT:USDT,0.7281,163.0,0.728,521.0,0.7284,163.0,0.7285,179.0
1753533231429,12:33:51.429,BAND/USDT:USDT,0.7281,163.0,0.728,521.0,0.7284,163.0,0.7285,179.0
1753533231659,12:33:51.659,BAND/USDT:USDT,0.7281,163.0,0.728,342.0,0.7284,163.0,0.7285,179.0
1753533231806,12:33:51.806,BAND/USDT:USDT,0.7281,163.0,0.728,342.0,0.7284,163.0,0.7285,179.0
1753533232335,12:33:52.335,BAND/USDT:USDT,0.728,342.0,0.7278,169.0,0.7284,163.0,0.7285,179.0
1753533232418,12:33:52.418,BAND/USDT:USDT,0.728,342.0,0.7278,169.0,0.7284,163.0,0.7285,179.0
1753533232638,12:33:52.638,BAND/USDT:USDT,0.728,342.0,0.7279,179.0,0.7284,163.0,0.7285,179.0
1753533233353,12:33:53.353,BAND/USDT:USDT,0.7281,162.0,0.728,342.0,0.7284,163.0,0.7285,179.0
1753533233439,12:33:53.439,BAND/USDT:USDT,0.7281,162.0,0.728,342.0,0.7284,163.0,0.7285,179.0
1753533235260,12:33:55.260,BAND/USDT:USDT,0.7281,162.0,0.728,342.0,0.7284,163.0,0.7285,179.0
1753533235385,12:33:55.385,BAND/USDT:USDT,0.7281,162.0,0.728,342.0,0.7284,163.0,0.7285,179.0
1753533238363,12:33:58.363,BAND/USDT:USDT,0.7281,162.0,0.728,342.0,0.7284,163.0,0.7285,179.0
1753533238832,12:33:58.832,BAND/USDT:USDT,0.728,342.0,0.7279,179.0,0.7284,163.0,0.7285,179.0
1753533239137,12:33:59.137,BAND/USDT:USDT,0.7283,884.0,0.7282,383.0,0.7291,169.0,0.7297,163.0
1753533239176,12:33:59.176,BAND/USDT:USDT,0.7284,730.0,0.7283,154.0,0.7295,162.0,0.7296,4111.0
1753533239533,12:33:59.533,BAND/USDT:USDT,0.7284,730.0,0.7283,154.0,0.7293,162.0,0.7294,4112.0
1753533239550,12:33:59.550,BAND/USDT:USDT,0.7284,730.0,0.7283,154.0,0.7292,162.0,0.7293,4275.0
1753533239951,12:33:59.951,BAND/USDT:USDT,0.7284,730.0,0.7283,154.0,0.7292,162.0,0.7293,4275.0
1753533240116,12:34:00.116,BAND/USDT:USDT,0.7284,891.0,0.7283,154.0,0.7291,162.0,0.7292,262.0
1753533240378,12:34:00.378,BAND/USDT:USDT,0.7284,891.0,0.7283,154.0,0.7291,162.0,0.7292,262.0
1753533240494,12:34:00.494,BAND/USDT:USDT,0.7284,891.0,0.7283,316.0,0.7291,162.0,0.7292,262.0
1753533240984,12:34:00.984,BAND/USDT:USDT,0.7284,891.0,0.7283,316.0,0.7291,162.0,0.7292,262.0
1753533241201,12:34:01.201,BAND/USDT:USDT,0.7284,891.0,0.7283,316.0,0.7291,162.0,0.7292,262.0
1753533241285,12:34:01.285,BAND/USDT:USDT,0.7284,891.0,0.7283,316.0,0.7291,162.0,0.7292,262.0
1753533241867,12:34:01.867,BAND/USDT:USDT,0.7284,891.0,0.7283,316.0,0.7291,162.0,0.7292,262.0
1753533242052,12:34:02.052,BAND/USDT:USDT,0.7284,891.0,0.7283,316.0,0.7291,162.0,0.7292,262.0
1753533242373,12:34:02.373,BAND/USDT:USDT,0.7284,891.0,0.7283,316.0,0.7291,162.0,0.7292,262.0
1753533242810,12:34:02.810,BAND/USDT:USDT,0.7284,891.0,0.7283,316.0,0.7291,162.0,0.7292,262.0
1753533243231,12:34:03.231,BAND/USDT:USDT,0.7284,891.0,0.7283,154.0,0.7291,162.0,0.7292,262.0
1753533243385,12:34:03.385,BAND/USDT:USDT,0.7284,891.0,0.7283,319.0,0.7291,162.0,0.7292,262.0
1753533243621,12:34:03.621,BAND/USDT:USDT,0.7284,891.0,0.7283,319.0,0.7291,162.0,0.7292,262.0
1753533244117,12:34:04.117,BAND/USDT:USDT,0.7284,891.0,0.7283,319.0,0.7291,162.0,0.7292,262.0
1753533244312,12:34:04.312,BAND/USDT:USDT,0.7284,891.0,0.7283,319.0,0.7291,162.0,0.7292,262.0
1753533244434,12:34:04.434,BAND/USDT:USDT,0.7284,891.0,0.7283,319.0,0.7291,162.0,0.7292,262.0
1753533245160,12:34:05.160,BAND/USDT:USDT,0.7284,891.0,0.7283,319.0,0.7291,162.0,0.7292,262.0
1753533245330,12:34:05.330,BAND/USDT:USDT,0.7284,891.0,0.7283,319.0,0.7291,162.0,0.7292,262.0
1753533245395,12:34:05.395,BAND/USDT:USDT,0.7284,891.0,0.7283,319.0,0.7291,162.0,0.7292,262.0
1753533245678,12:34:05.678,BAND/USDT:USDT,0.7284,891.0,0.7283,319.0,0.7291,162.0,0.7292,262.0
1753533246086,12:34:06.086,BAND/USDT:USDT,0.7284,891.0,0.7283,319.0,0.7291,162.0,0.7292,262.0
1753533246249,12:34:06.249,BAND/USDT:USDT,0.7284,891.0,0.7283,154.0,0.7291,162.0,0.7292,262.0
1753533246912,12:34:06.912,BAND/USDT:USDT,0.7284,891.0,0.7283,154.0,0.7291,162.0,0.7292,262.0
1753533247267,12:34:07.267,BAND/USDT:USDT,0.7284,891.0,0.7283,154.0,0.7291,162.0,0.7292,262.0
1753533247533,12:34:07.533,BAND/USDT:USDT,0.7284,891.0,0.7283,154.0,0.7291,162.0,0.7292,262.0
1753533247781,12:34:07.781,BAND/USDT:USDT,0.7284,891.0,0.7283,154.0,0.7291,162.0,0.7292,262.0
1753533248129,12:34:08.129,BAND/USDT:USDT,0.7284,891.0,0.7283,154.0,0.7291,162.0,0.7292,262.0
1753533248229,12:34:08.229,BAND/USDT:USDT,0.7284,891.0,0.7283,154.0,0.7291,162.0,0.7292,262.0
1753533248263,12:34:08.263,BAND/USDT:USDT,0.7284,891.0,0.7283,154.0,0.7291,162.0,0.7292,262.0
1753533248421,12:34:08.421,BAND/USDT:USDT,0.7277,169.0,0.7271,665.0,0.729,165.0,0.7291,4276.0
1753533248527,12:34:08.527,BAND/USDT:USDT,0.728,895.0,0.7279,730.0,0.7289,165.0,0.729,851.0
1753533248589,12:34:08.589,BAND/USDT:USDT,0.7283,730.0,0.7282,505.0,0.7288,165.0,0.7289,265.0
1753533248996,12:34:08.996,BAND/USDT:USDT,0.7283,730.0,0.7282,505.0,0.7288,165.0,0.7289,265.0
1753533249218,12:34:09.218,BAND/USDT:USDT,0.7283,730.0,0.7282,505.0,0.7288,165.0,0.7289,265.0
1753533249402,12:34:09.402,BAND/USDT:USDT,0.7283,730.0,0.7282,505.0,0.7288,165.0,0.7289,265.0
1753533249899,12:34:09.899,BAND/USDT:USDT,0.7283,730.0,0.7282,505.0,0.7288,165.0,0.7289,265.0
1753533250223,12:34:10.223,BAND/USDT:USDT,0.7283,730.0,0.7282,505.0,0.7288,165.0,0.7289,265.0
1753533251223,12:34:11.223,BAND/USDT:USDT,0.7283,730.0,0.7282,505.0,0.7288,165.0,0.7289,265.0
1753533251526,12:34:11.526,BAND/USDT:USDT,0.7283,730.0,0.7282,505.0,0.7288,165.0,0.7289,265.0
1753533252031,12:34:12.031,BAND/USDT:USDT,0.7283,730.0,0.7282,161.0,0.7286,165.0,0.7287,265.0
1753533252128,12:34:12.128,BAND/USDT:USDT,0.7277,169.0,0.7271,665.0,0.7286,165.0,0.7287,265.0
1753533252195,12:34:12.195,BAND/USDT:USDT,0.7277,169.0,0.7271,665.0,0.7286,165.0,0.7287,265.0
1753533252253,12:34:12.253,BAND/USDT:USDT,0.7277,169.0,0.7271,665.0,0.7286,165.0,0.7287,265.0
1753533252710,12:34:12.710,BAND/USDT:USDT,0.7277,169.0,0.7271,665.0,0.7286,165.0,0.7287,265.0
1753533253084,12:34:13.084,BAND/USDT:USDT,0.7277,169.0,0.7271,665.0,0.7286,165.0,0.7287,265.0
1753533253174,12:34:13.174,BAND/USDT:USDT,0.7277,169.0,0.7271,665.0,0.7286,165.0,0.7287,265.0
1753533253415,12:34:13.415,BAND/USDT:USDT,0.7277,169.0,0.7271,665.0,0.7286,165.0,0.7287,265.0
1753533254370,12:34:14.370,BAND/USDT:USDT,0.7277,169.0,0.7271,665.0,0.7286,165.0,0.7287,265.0
1753533254741,12:34:14.741,BAND/USDT:USDT,0.7277,169.0,0.7271,665.0,0.7286,165.0,0.7287,265.0
1753533255027,12:34:15.027,BAND/USDT:USDT,0.7277,169.0,0.7271,665.0,0.7286,165.0,0.7287,265.0
1753533255487,12:34:15.487,BAND/USDT:USDT,0.7277,169.0,0.7271,665.0,0.7286,165.0,0.7287,265.0
1753533256222,12:34:16.222,BAND/USDT:USDT,0.728,730.0,0.7279,892.0,0.7286,165.0,0.7287,265.0
1753533256282,12:34:16.282,BAND/USDT:USDT,0.7284,730.0,0.7282,162.0,0.7286,165.0,0.7287,265.0
1753533256402,12:34:16.402,BAND/USDT:USDT,0.7284,730.0,0.7282,162.0,0.7286,165.0,0.7287,265.0
1753533256680,12:34:16.680,BAND/USDT:USDT,0.7284,730.0,0.7282,162.0,0.7286,165.0,0.7287,265.0
1753533256822,12:34:16.822,BAND/USDT:USDT,0.7284,730.0,0.7282,162.0,0.7286,165.0,0.7287,265.0
1753533257006,12:34:17.006,BAND/USDT:USDT,0.7284,730.0,0.7282,162.0,0.7286,165.0,0.7287,265.0
1753533257135,12:34:17.135,BAND/USDT:USDT,0.7284,730.0,0.7282,162.0,0.7286,165.0,0.7287,265.0
1753533257186,12:34:17.186,BAND/USDT:USDT,0.7284,730.0,0.7282,162.0,0.7286,165.0,0.7287,265.0
1753533257993,12:34:17.993,BAND/USDT:USDT,0.7284,730.0,0.7282,162.0,0.7286,165.0,0.7287,265.0
1753533258303,12:34:18.303,BAND/USDT:USDT,0.7284,730.0,0.7282,162.0,0.7286,165.0,0.7287,265.0
1753533258524,12:34:18.524,BAND/USDT:USDT,0.7286,730.0,0.7283,520.0,0.7288,165.0,0.7289,215.0
1753533258562,12:34:18.562,BAND/USDT:USDT,0.7286,730.0,0.7284,162.0,0.7289,165.0,0.729,15493.0
1753533258863,12:34:18.863,BAND/USDT:USDT,0.7286,730.0,0.7285,358.0,0.7289,165.0,0.729,15493.0
1753533259122,12:34:19.122,BAND/USDT:USDT,0.7286,730.0,0.7285,358.0,0.7289,165.0,0.729,15493.0
1753533259275,12:34:19.275,BAND/USDT:USDT,0.7286,730.0,0.7285,358.0,0.7289,165.0,0.729,15493.0
1753533260095,12:34:20.095,BAND/USDT:USDT,0.7286,730.0,0.7285,358.0,0.7289,165.0,0.729,15493.0
1753533261103,12:34:21.103,BAND/USDT:USDT,0.7286,730.0,0.7285,358.0,0.7289,165.0,0.729,15493.0
1753533264061,12:34:24.061,BAND/USDT:USDT,0.7286,730.0,0.7285,358.0,0.7289,165.0,0.729,15493.0
1753533265528,12:34:25.528,BAND/USDT:USDT,0.7286,730.0,0.7285,358.0,0.7289,165.0,0.729,344.0
1753533265579,12:34:25.579,BAND/USDT:USDT,0.7286,730.0,0.7285,358.0,0.7289,165.0,0.729,344.0
1753533265727,12:34:25.727,BAND/USDT:USDT,0.7286,730.0,0.7285,358.0,0.7289,165.0,0.729,344.0
1753533266044,12:34:26.044,BAND/USDT:USDT,0.7286,730.0,0.7285,358.0,0.7289,165.0,0.729,344.0
1753533266310,12:34:26.310,BAND/USDT:USDT,0.7286,730.0,0.7285,523.0,0.7289,165.0,0.729,344.0
1753533266381,12:34:26.381,BAND/USDT:USDT,0.7286,730.0,0.7285,523.0,0.7289,165.0,0.729,344.0
1753533267028,12:34:27.028,BAND/USDT:USDT,0.7286,730.0,0.7285,523.0,0.7289,165.0,0.729,344.0
1753533267063,12:34:27.063,BAND/USDT:USDT,0.7286,730.0,0.7285,523.0,0.7289,165.0,0.729,344.0
1753533267375,12:34:27.375,BAND/USDT:USDT,0.7286,730.0,0.7285,523.0,0.7289,165.0,0.729,344.0
1753533267514,12:34:27.514,BAND/USDT:USDT,0.7286,730.0,0.7285,358.0,0.7289,165.0,0.729,344.0
1753533267611,12:34:27.611,BAND/USDT:USDT,0.7286,730.0,0.7285,358.0,0.7289,165.0,0.729,344.0
1753533267725,12:34:27.725,BAND/USDT:USDT,0.728,162.0,0.7277,169.0,0.7288,215.0,0.7289,524.0
1753533267827,12:34:27.827,BAND/USDT:USDT,0.7282,895.0,0.7281,1052.0,0.7287,215.0,0.7288,215.0
1753533267883,12:34:27.883,BAND/USDT:USDT,0.7284,730.0,0.7283,344.0,0.7286,165.0,0.7287,215.0
1753533268237,12:34:28.237,BAND/USDT:USDT,0.7284,730.0,0.7283,523.0,0.7286,165.0,0.7287,165.0
1753533268244,12:34:28.244,BAND/USDT:USDT,0.7284,730.0,0.7283,523.0,0.7287,165.0,0.7288,215.0
1753533268684,12:34:28.684,BAND/USDT:USDT,0.7285,891.0,0.7284,198.0,0.7288,165.0,0.7289,344.0
1753533268741,12:34:28.741,BAND/USDT:USDT,0.7285,891.0,0.7284,198.0,0.7288,165.0,0.7289,344.0
1753533269006,12:34:29.006,BAND/USDT:USDT,0.7285,891.0,0.7284,198.0,0.7288,165.0,0.7289,344.0
1753533269085,12:34:29.085,BAND/USDT:USDT,0.7285,891.0,0.7284,198.0,0.7288,165.0,0.7289,344.0
1753533269889,12:34:29.889,BAND/USDT:USDT,0.7285,891.0,0.7284,198.0,0.7288,165.0,0.7289,344.0
1753533269984,12:34:29.984,BAND/USDT:USDT,0.7285,891.0,0.7284,198.0,0.7288,165.0,0.7289,344.0
1753533270310,12:34:30.310,BAND/USDT:USDT,0.7285,891.0,0.7284,198.0,0.7288,165.0,0.7289,344.0
1753533272694,12:34:32.694,BAND/USDT:USDT,0.7285,891.0,0.7284,198.0,0.7288,165.0,0.7289,344.0
1753533272961,12:34:32.961,BAND/USDT:USDT,0.7285,891.0,0.7284,198.0,0.7288,165.0,0.7289,344.0
1753533273946,12:34:33.946,BAND/USDT:USDT,0.7285,1062.0,0.7284,385.0,0.7288,165.0,0.7289,344.0
1753533274358,12:34:34.358,BAND/USDT:USDT,0.7285,1062.0,0.7284,385.0,0.7288,165.0,0.7289,344.0
1753533274487,12:34:34.487,BAND/USDT:USDT,0.7285,1062.0,0.7284,385.0,0.7288,165.0,0.7289,344.0
1753533274939,12:34:34.939,BAND/USDT:USDT,0.7285,1062.0,0.7284,385.0,0.7288,165.0,0.7289,344.0
1753533274944,12:34:34.944,BAND/USDT:USDT,0.7285,1062.0,0.7284,385.0,0.7288,165.0,0.7289,344.0
1753533275775,12:34:35.775,BAND/USDT:USDT,0.7285,1062.0,0.7284,385.0,0.7288,165.0,0.7289,344.0
1753533275928,12:34:35.928,BAND/USDT:USDT,0.7285,1062.0,0.7284,385.0,0.7288,165.0,0.7289,344.0
1753533275969,12:34:35.969,BAND/USDT:USDT,0.7285,1062.0,0.7284,385.0,0.7288,165.0,0.7289,344.0
1753533276924,12:34:36.924,BAND/USDT:USDT,0.7285,1062.0,0.7284,385.0,0.7288,165.0,0.7289,344.0
1753533277190,12:34:37.190,BAND/USDT:USDT,0.7285,1062.0,0.7284,385.0,0.7288,165.0,0.7289,344.0
1753533277905,12:34:37.905,BAND/USDT:USDT,0.7285,1062.0,0.7284,385.0,0.7288,165.0,0.7289,344.0
1753533278370,12:34:38.370,BAND/USDT:USDT,0.7285,332.0,0.7284,385.0,0.7288,165.0,0.7289,344.0
1753533278503,12:34:38.503,BAND/USDT:USDT,0.7285,332.0,0.7284,385.0,0.7288,165.0,0.7289,344.0
1753533278813,12:34:38.813,BAND/USDT:USDT,0.7285,332.0,0.7284,385.0,0.7288,165.0,0.7289,344.0
1753533278894,12:34:38.894,BAND/USDT:USDT,0.7285,332.0,0.7284,385.0,0.7288,165.0,0.7289,344.0
1753533280902,12:34:40.902,BAND/USDT:USDT,0.7277,169.0,0.7274,662.0,0.7288,165.0,0.7289,344.0
1753533280954,12:34:40.954,BAND/USDT:USDT,0.7277,169.0,0.7274,662.0,0.7288,165.0,0.7289,344.0
1753533281268,12:34:41.268,BAND/USDT:USDT,0.7277,169.0,0.7274,662.0,0.729,165.0,0.7291,4276.0
1753533281353,12:34:41.353,BAND/USDT:USDT,0.7277,169.0,0.7274,662.0,0.729,165.0,0.7291,4276.0
1753533281668,12:34:41.668,BAND/USDT:USDT,0.7277,169.0,0.7274,662.0,0.729,165.0,0.7291,4276.0
1753533281861,12:34:41.861,BAND/USDT:USDT,0.7277,169.0,0.7274,662.0,0.729,165.0,0.7291,4276.0
1753533282862,12:34:42.862,BAND/USDT:USDT,0.7277,169.0,0.7274,662.0,0.729,165.0,0.7291,4276.0
1753533283294,12:34:43.294,BAND/USDT:USDT,0.7277,169.0,0.7274,662.0,0.729,165.0,0.7291,4276.0
1753533283839,12:34:43.839,BAND/USDT:USDT,0.7277,169.0,0.7274,662.0,0.729,165.0,0.7291,4276.0
1753533283877,12:34:43.877,BAND/USDT:USDT,0.7277,169.0,0.7274,662.0,0.729,165.0,0.7291,4276.0
1753533284107,12:34:44.107,BAND/USDT:USDT,0.7277,169.0,0.7274,662.0,0.729,165.0,0.7291,4276.0
1753533284817,12:34:44.817,BAND/USDT:USDT,0.7277,169.0,0.7274,662.0,0.729,165.0,0.7291,4276.0
1753533284887,12:34:44.887,BAND/USDT:USDT,0.7277,169.0,0.7274,662.0,0.729,165.0,0.7291,4276.0
1753533285322,12:34:45.322,BAND/USDT:USDT,0.7277,169.0,0.7274,662.0,0.729,165.0,0.7291,4276.0
1753533285948,12:34:45.948,BAND/USDT:USDT,0.7277,169.0,0.7274,662.0,0.729,165.0,0.7291,4276.0
1753533286143,12:34:46.143,BAND/USDT:USDT,0.7277,169.0,0.7274,662.0,0.729,165.0,0.7291,4276.0
1753533286631,12:34:46.631,BAND/USDT:USDT,0.7277,169.0,0.7274,662.0,0.729,165.0,0.7291,4276.0
1753533288804,12:34:48.804,BAND/USDT:USDT,0.7277,169.0,0.7274,662.0,0.729,165.0,0.7291,4276.0
1753533289069,12:34:49.069,BAND/USDT:USDT,0.7277,169.0,0.7274,662.0,0.729,165.0,0.7291,4276.0
1753533289305,12:34:49.305,BAND/USDT:USDT,0.7277,169.0,0.7274,662.0,0.729,165.0,0.7291,4276.0
1753533290848,12:34:50.848,BAND/USDT:USDT,0.7277,169.0,0.7274,662.0,0.729,165.0,0.7291,4276.0
1753533292002,12:34:52.002,BAND/USDT:USDT,0.7277,169.0,0.7274,662.0,0.729,165.0,0.7291,4276.0
1753533292135,12:34:52.135,BAND/USDT:USDT,0.7277,169.0,0.7274,662.0,0.729,165.0,0.7291,4276.0
1753533293025,12:34:53.025,BAND/USDT:USDT,0.7279,895.0,0.7278,730.0,0.729,165.0,0.7291,4276.0
1753533293137,12:34:53.137,BAND/USDT:USDT,0.7285,730.0,0.7284,895.0,0.729,165.0,0.7291,4276.0
1753533293163,12:34:53.163,BAND/USDT:USDT,0.7285,1054.0,0.7284,165.0,0.729,165.0,0.7291,4276.0
1753533293438,12:34:53.438,BAND/USDT:USDT,0.7285,1054.0,0.7284,165.0,0.729,165.0,0.7291,4276.0
1753533293744,12:34:53.744,BAND/USDT:USDT,0.7285,1054.0,0.7284,165.0,0.729,165.0,0.7291,4276.0
1753533293904,12:34:53.904,BAND/USDT:USDT,0.7285,1054.0,0.7284,165.0,0.729,165.0,0.7291,4276.0
1753533294115,12:34:54.115,BAND/USDT:USDT,0.7285,1054.0,0.7284,165.0,0.729,165.0,0.7291,4276.0
1753533294303,12:34:54.303,BAND/USDT:USDT,0.7285,1054.0,0.7284,165.0,0.729,165.0,0.7291,4276.0
1753533294357,12:34:54.357,BAND/USDT:USDT,0.7285,1054.0,0.7284,165.0,0.729,165.0,0.7291,4276.0
1753533294726,12:34:54.726,BAND/USDT:USDT,0.7285,1054.0,0.7284,165.0,0.729,165.0,0.7291,4276.0
1753533294823,12:34:54.823,BAND/USDT:USDT,0.7285,1054.0,0.7283,165.0,0.729,165.0,0.7291,4276.0
1753533295026,12:34:55.026,BAND/USDT:USDT,0.7288,165.0,0.7287,898.0,0.7293,162.0,0.7299,665.0
1753533295129,12:34:55.129,BAND/USDT:USDT,0.7289,165.0,0.7288,321.0,0.7293,162.0,0.7299,665.0
1753533295535,12:34:55.535,BAND/USDT:USDT,0.7288,321.0,0.7287,168.0,0.7293,162.0,0.7299,665.0
1753533295608,12:34:55.608,BAND/USDT:USDT,0.7288,156.0,0.7287,168.0,0.7293,162.0,0.7299,665.0
1753533296031,12:34:56.031,BAND/USDT:USDT,0.7289,730.0,0.7288,321.0,0.7293,162.0,0.7299,665.0
1753533297014,12:34:57.014,BAND/USDT:USDT,0.7289,730.0,0.7288,321.0,0.7293,162.0,0.7299,665.0
1753533297045,12:34:57.045,BAND/USDT:USDT,0.7289,730.0,0.7288,321.0,0.7293,162.0,0.7299,665.0
1753533297393,12:34:57.393,BAND/USDT:USDT,0.7289,730.0,0.7288,321.0,0.7293,162.0,0.7299,665.0
1753533297522,12:34:57.522,BAND/USDT:USDT,0.7289,165.0,0.7288,321.0,0.7293,162.0,0.7299,665.0
1753533297572,12:34:57.572,BAND/USDT:USDT,0.7289,165.0,0.7288,321.0,0.7293,162.0,0.7299,665.0
1753533298303,12:34:58.303,BAND/USDT:USDT,0.7289,165.0,0.7288,321.0,0.7293,162.0,0.7299,665.0
1753533298682,12:34:58.682,BAND/USDT:USDT,0.7289,165.0,0.7288,321.0,0.7293,162.0,0.7299,665.0
1753533299660,12:34:59.660,BAND/USDT:USDT,0.7289,165.0,0.7288,321.0,0.7293,162.0,0.7299,665.0
1753533299995,12:34:59.995,BAND/USDT:USDT,0.7289,165.0,0.7288,321.0,0.7293,162.0,0.7299,665.0
1753533300437,12:35:00.437,BAND/USDT:USDT,0.7288,321.0,0.7287,168.0,0.7293,162.0,0.7299,665.0
1753533300445,12:35:00.445,BAND/USDT:USDT,0.7288,321.0,0.7287,168.0,0.7293,162.0,0.7299,665.0
1753533301409,12:35:01.409,BAND/USDT:USDT,0.7288,156.0,0.7287,168.0,0.7293,162.0,0.7299,665.0
1753533301911,12:35:01.911,BAND/USDT:USDT,0.729,730.0,0.7288,321.0,0.7293,162.0,0.7299,665.0
1753533302000,12:35:02.000,BAND/USDT:USDT,0.729,730.0,0.7288,321.0,0.7293,162.0,0.7299,665.0
1753533302449,12:35:02.449,BAND/USDT:USDT,0.729,730.0,0.7288,321.0,0.7293,162.0,0.7299,665.0
1753533302828,12:35:02.828,BAND/USDT:USDT,0.729,730.0,0.7288,321.0,0.7293,162.0,0.7299,665.0
1753533303716,12:35:03.716,BAND/USDT:USDT,0.729,730.0,0.7289,162.0,0.7293,162.0,0.7299,665.0
1753533303809,12:35:03.809,BAND/USDT:USDT,0.7291,162.0,0.729,168.0,0.7293,162.0,0.7299,665.0
1753533303900,12:35:03.900,BAND/USDT:USDT,0.7291,162.0,0.729,168.0,0.7293,162.0,0.7299,665.0
1753533303963,12:35:03.963,BAND/USDT:USDT,0.7291,162.0,0.729,168.0,0.7293,162.0,0.7299,665.0
1753533304138,12:35:04.138,BAND/USDT:USDT,0.729,330.0,0.7289,162.0,0.7293,162.0,0.7299,665.0
1753533304166,12:35:04.166,BAND/USDT:USDT,0.729,330.0,0.7289,162.0,0.7293,162.0,0.7299,665.0
1753533304360,12:35:04.360,BAND/USDT:USDT,0.7292,730.0,0.7291,162.0,0.7293,162.0,0.7299,665.0
1753533304536,12:35:04.536,BAND/USDT:USDT,0.7292,730.0,0.7291,162.0,0.7299,665.0,0.73,669.0
1753533304615,12:35:04.615,BAND/USDT:USDT,0.7293,898.0,0.7292,156.0,0.7298,162.0,0.7299,665.0
1753533304673,12:35:04.673,BAND/USDT:USDT,0.7293,898.0,0.7292,156.0,0.7298,162.0,0.7299,665.0
1753533304830,12:35:04.830,BAND/USDT:USDT,0.7293,898.0,0.7292,156.0,0.7298,162.0,0.7299,665.0
1753533304858,12:35:04.858,BAND/USDT:USDT,0.7293,898.0,0.7292,156.0,0.7298,162.0,0.7299,665.0
1753533304987,12:35:04.987,BAND/USDT:USDT,0.7293,898.0,0.7292,156.0,0.7298,162.0,0.7299,665.0
1753533305514,12:35:05.514,BAND/USDT:USDT,0.7293,168.0,0.7292,156.0,0.7298,162.0,0.7299,665.0
1753533305768,12:35:05.768,BAND/USDT:USDT,0.7293,168.0,0.7292,156.0,0.7298,162.0,0.7299,665.0
1753533307621,12:35:07.621,BAND/USDT:USDT,0.7293,168.0,0.7292,156.0,0.7298,162.0,0.7299,665.0
1753533307816,12:35:07.816,BAND/USDT:USDT,0.7293,168.0,0.7292,156.0,0.7298,162.0,0.7299,665.0
1753533309098,12:35:09.098,BAND/USDT:USDT,0.7292,156.0,0.7289,162.0,0.7298,162.0,0.7299,665.0
1753533309185,12:35:09.185,BAND/USDT:USDT,0.7293,730.0,0.7292,156.0,0.7298,162.0,0.7299,665.0
1753533309512,12:35:09.512,BAND/USDT:USDT,0.7293,730.0,0.7292,156.0,0.7298,162.0,0.7299,665.0
1753533310026,12:35:10.026,BAND/USDT:USDT,0.7293,730.0,0.7292,156.0,0.7298,162.0,0.7299,665.0
1753533310307,12:35:10.307,BAND/USDT:USDT,0.7293,730.0,0.7292,156.0,0.7298,162.0,0.7299,665.0
1753533310474,12:35:10.474,BAND/USDT:USDT,0.7293,328.0,0.7291,168.0,0.7298,162.0,0.7299,665.0
1753533310586,12:35:10.586,BAND/USDT:USDT,0.7293,328.0,0.7291,168.0,0.7298,162.0,0.7299,665.0
1753533310750,12:35:10.750,BAND/USDT:USDT,0.7293,328.0,0.7291,168.0,0.7298,162.0,0.7299,665.0
1753533312330,12:35:12.330,BAND/USDT:USDT,0.7293,328.0,0.7291,168.0,0.7298,162.0,0.7299,665.0
1753533312379,12:35:12.379,BAND/USDT:USDT,0.7293,328.0,0.7291,168.0,0.7298,162.0,0.7299,665.0
1753533312951,12:35:12.951,BAND/USDT:USDT,0.7293,328.0,0.7291,168.0,0.7298,162.0,0.7299,665.0
1753533314398,12:35:14.398,BAND/USDT:USDT,0.7293,328.0,0.7291,168.0,0.7298,162.0,0.7299,665.0
1753533315188,12:35:15.188,BAND/USDT:USDT,0.7293,328.0,0.7291,168.0,0.7298,162.0,0.7299,665.0
1753533315512,12:35:15.512,BAND/USDT:USDT,0.728,4120.0,0.7277,169.0,0.7297,165.0,0.7298,435.0
1753533315632,12:35:15.632,BAND/USDT:USDT,0.7284,895.0,0.7283,895.0,0.7297,165.0,0.7298,435.0
1753533315718,12:35:15.718,BAND/USDT:USDT,0.729,730.0,0.7289,489.0,0.7298,162.0,0.7299,665.0
1753533315803,12:35:15.803,BAND/USDT:USDT,0.7291,730.0,0.7289,489.0,0.7298,162.0,0.7299,665.0
1753533315850,12:35:15.850,BAND/USDT:USDT,0.7291,730.0,0.7289,489.0,0.7298,162.0,0.7299,665.0
1753533316089,12:35:16.089,BAND/USDT:USDT,0.7291,730.0,0.7289,489.0,0.7298,162.0,0.7299,665.0
1753533316460,12:35:16.460,BAND/USDT:USDT,0.7291,730.0,0.7289,489.0,0.7298,162.0,0.7299,665.0
1753533316815,12:35:16.815,BAND/USDT:USDT,0.7291,730.0,0.729,165.0,0.7298,162.0,0.7299,665.0
1753533316927,12:35:16.927,BAND/USDT:USDT,0.7291,730.0,0.729,165.0,0.7298,162.0,0.7299,665.0
1753533318482,12:35:18.482,BAND/USDT:USDT,0.7291,730.0,0.729,165.0,0.7298,162.0,0.7299,665.0
1753533321352,12:35:21.352,BAND/USDT:USDT,0.7291,730.0,0.729,165.0,0.7298,162.0,0.7299,665.0
1753533322530,12:35:22.530,BAND/USDT:USDT,0.7294,730.0,0.7292,324.0,0.7297,165.0,0.7298,162.0
1753533322592,12:35:22.592,BAND/USDT:USDT,0.7294,730.0,0.7292,324.0,0.7297,165.0,0.7298,162.0
1753533322727,12:35:22.727,BAND/USDT:USDT,0.7295,730.0,0.7292,324.0,0.7298,162.0,0.7299,665.0
1753533323018,12:35:23.018,BAND/USDT:USDT,0.7292,324.0,0.729,165.0,0.7298,162.0,0.7299,665.0
1753533323046,12:35:23.046,BAND/USDT:USDT,0.7292,324.0,0.729,165.0,0.7298,162.0,0.7299,665.0
1753533323177,12:35:23.177,BAND/USDT:USDT,0.7292,324.0,0.729,165.0,0.7298,162.0,0.7299,665.0
1753533323437,12:35:23.437,BAND/USDT:USDT,0.7292,324.0,0.729,165.0,0.7298,162.0,0.7299,665.0
1753533323738,12:35:23.738,BAND/USDT:USDT,0.7291,730.0,0.729,165.0,0.7294,168.0,0.7295,15149.0
1753533323802,12:35:23.802,BAND/USDT:USDT,0.7293,730.0,0.7289,165.0,0.7294,168.0,0.7295,15149.0
1753533323856,12:35:23.856,BAND/USDT:USDT,0.7293,730.0,0.7289,165.0,0.7294,168.0,0.7295,15149.0
1753533324237,12:35:24.237,BAND/USDT:USDT,0.7293,730.0,0.7285,165.0,0.7294,168.0,0.7295,15149.0
1753533324244,12:35:24.244,BAND/USDT:USDT,0.7293,730.0,0.7285,165.0,0.7294,168.0,0.7295,15149.0
1753533324371,12:35:24.371,BAND/USDT:USDT,0.7293,730.0,0.7285,165.0,0.7294,168.0,0.7295,15149.0
1753533325222,12:35:25.222,BAND/USDT:USDT,0.7283,165.0,0.7281,165.0,0.7294,168.0,0.7295,15149.0
1753533325328,12:35:25.328,BAND/USDT:USDT,0.7289,898.0,0.7288,898.0,0.7294,168.0,0.7295,15149.0
1753533325382,12:35:25.382,BAND/USDT:USDT,0.7291,730.0,0.729,168.0,0.7294,168.0,0.7295,15149.0
1753533325477,12:35:25.477,BAND/USDT:USDT,0.7291,730.0,0.729,168.0,0.7294,168.0,0.7295,15149.0
1753533326691,12:35:26.691,BAND/USDT:USDT,0.7291,730.0,0.7289,546.0,0.7294,168.0,0.7295,15149.0
1753533326831,12:35:26.831,BAND/USDT:USDT,0.7291,730.0,0.7289,546.0,0.7294,168.0,0.7295,15149.0
1753533326849,12:35:26.849,BAND/USDT:USDT,0.7291,730.0,0.7289,546.0,0.7294,168.0,0.7295,15149.0
1753533327132,12:35:27.132,BAND/USDT:USDT,0.7291,730.0,0.7289,546.0,0.7294,168.0,0.7295,15149.0
1753533327338,12:35:27.338,BAND/USDT:USDT,0.7289,546.0,0.7288,357.0,0.7294,168.0,0.7295,15149.0
1753533327356,12:35:27.356,BAND/USDT:USDT,0.7289,546.0,0.7288,357.0,0.7294,168.0,0.7295,15149.0
1753533327778,12:35:27.778,BAND/USDT:USDT,0.7289,546.0,0.7288,357.0,0.7294,168.0,0.7295,15149.0
1753533327929,12:35:27.929,BAND/USDT:USDT,0.7289,546.0,0.7288,357.0,0.7294,168.0,0.7295,15149.0
1753533327950,12:35:27.950,BAND/USDT:USDT,0.7289,546.0,0.7288,357.0,0.7294,168.0,0.7295,15149.0
1753533328365,12:35:28.365,BAND/USDT:USDT,0.7289,357.0,0.7288,357.0,0.7293,168.0,0.7294,266.0
1753533328775,12:35:28.775,BAND/USDT:USDT,0.7289,357.0,0.7288,357.0,0.7293,168.0,0.7294,266.0
1753533329194,12:35:29.194,BAND/USDT:USDT,0.7289,357.0,0.7288,357.0,0.7293,168.0,0.7294,266.0
1753533329602,12:35:29.602,BAND/USDT:USDT,0.7289,357.0,0.7288,357.0,0.7293,168.0,0.7294,266.0
1753533329654,12:35:29.654,BAND/USDT:USDT,0.7289,357.0,0.7288,357.0,0.7293,168.0,0.7294,266.0
1753533330019,12:35:30.019,BAND/USDT:USDT,0.7289,357.0,0.7288,357.0,0.7293,168.0,0.7294,266.0
1753533330104,12:35:30.104,BAND/USDT:USDT,0.7289,357.0,0.7288,357.0,0.7293,168.0,0.7294,266.0
1753533330191,12:35:30.191,BAND/USDT:USDT,0.7283,168.0,0.7282,4119.0,0.7293,168.0,0.7294,266.0
1753533330315,12:35:30.315,BAND/USDT:USDT,0.7283,168.0,0.7282,4119.0,0.7293,168.0,0.7294,266.0
1753533330351,12:35:30.351,BAND/USDT:USDT,0.7283,168.0,0.7282,4119.0,0.7293,168.0,0.7294,266.0
1753533330455,12:35:30.455,BAND/USDT:USDT,0.7283,168.0,0.7282,4119.0,0.7293,168.0,0.7294,266.0
1753533330872,12:35:30.872,BAND/USDT:USDT,0.7283,168.0,0.7282,4119.0,0.7293,168.0,0.7294,266.0
1753533331016,12:35:31.016,BAND/USDT:USDT,0.7283,168.0,0.7282,4119.0,0.7293,168.0,0.7294,266.0
1753533331119,12:35:31.119,BAND/USDT:USDT,0.7283,168.0,0.7282,4119.0,0.7293,168.0,0.7294,266.0
1753533331313,12:35:31.313,BAND/USDT:USDT,0.7283,168.0,0.7282,4119.0,0.7293,168.0,0.7294,266.0
1753533331343,12:35:31.343,BAND/USDT:USDT,0.7283,168.0,0.7282,4119.0,0.7293,168.0,0.7294,266.0
1753533331732,12:35:31.732,BAND/USDT:USDT,0.7283,168.0,0.7282,4119.0,0.7293,168.0,0.7294,266.0
1753533331770,12:35:31.770,BAND/USDT:USDT,0.7283,168.0,0.7282,4119.0,0.7293,168.0,0.7294,266.0
1753533332131,12:35:32.131,BAND/USDT:USDT,0.7283,168.0,0.7282,4119.0,0.7293,168.0,0.7294,266.0
1753533332188,12:35:32.188,BAND/USDT:USDT,0.7283,168.0,0.7282,4119.0,0.7293,168.0,0.7294,266.0
1753533332293,12:35:32.293,BAND/USDT:USDT,0.7283,168.0,0.7282,4119.0,0.7293,168.0,0.7294,266.0
1753533332545,12:35:32.545,BAND/USDT:USDT,0.7283,168.0,0.7282,4119.0,0.7293,168.0,0.7294,266.0
1753533332727,12:35:32.727,BAND/USDT:USDT,0.7288,168.0,0.7287,898.0,0.7293,168.0,0.7294,266.0
1753533332830,12:35:32.830,BAND/USDT:USDT,0.7291,730.0,0.729,168.0,0.7293,168.0,0.7294,266.0
1753533332974,12:35:32.974,BAND/USDT:USDT,0.7291,730.0,0.729,168.0,0.7293,168.0,0.7294,266.0
1753533333074,12:35:33.074,BAND/USDT:USDT,0.7291,730.0,0.729,168.0,0.7293,168.0,0.7294,266.0
1753533333813,12:35:33.813,BAND/USDT:USDT,0.7291,730.0,0.729,168.0,0.7293,168.0,0.7294,266.0
1753533334229,12:35:34.229,BAND/USDT:USDT,0.7291,730.0,0.729,168.0,0.7293,168.0,0.7294,266.0
1753533334619,12:35:34.619,BAND/USDT:USDT,0.7291,730.0,0.729,168.0,0.7293,168.0,0.7294,266.0
1753533334975,12:35:34.975,BAND/USDT:USDT,0.7291,730.0,0.729,168.0,0.7293,168.0,0.7294,266.0
1753533336060,12:35:36.060,BAND/USDT:USDT,0.7291,730.0,0.729,168.0,0.7293,168.0,0.7294,266.0
1753533336224,12:35:36.224,BAND/USDT:USDT,0.7291,730.0,0.729,168.0,0.7293,168.0,0.7294,266.0
1753533337323,12:35:37.323,BAND/USDT:USDT,0.729,168.0,0.7289,189.0,0.7293,168.0,0.7294,266.0
1753533337450,12:35:37.450,BAND/USDT:USDT,0.729,168.0,0.7289,189.0,0.7293,168.0,0.7294,266.0
1753533337762,12:35:37.762,BAND/USDT:USDT,0.729,165.0,0.7289,354.0,0.7293,168.0,0.7294,266.0
1753533338227,12:35:38.227,BAND/USDT:USDT,0.729,165.0,0.7289,354.0,0.7293,168.0,0.7294,266.0
1753533338323,12:35:38.323,BAND/USDT:USDT,0.7293,730.0,0.7292,165.0,0.7294,168.0,0.7298,162.0
1753533338424,12:35:38.424,BAND/USDT:USDT,0.7294,884.0,0.7293,378.0,0.7298,162.0,0.7299,665.0
1753533338438,12:35:38.438,BAND/USDT:USDT,0.7294,884.0,0.7293,378.0,0.7298,162.0,0.7299,665.0
1753533338675,12:35:38.675,BAND/USDT:USDT,0.7294,884.0,0.7293,378.0,0.7298,162.0,0.7299,854.0
1753533338895,12:35:38.895,BAND/USDT:USDT,0.7294,884.0,0.7293,378.0,0.7298,162.0,0.7299,854.0
1753533339224,12:35:39.224,BAND/USDT:USDT,0.7294,884.0,0.7293,378.0,0.7298,162.0,0.7299,854.0
1753533340196,12:35:40.196,BAND/USDT:USDT,0.7294,884.0,0.7293,378.0,0.7298,162.0,0.7299,1043.0
1753533340304,12:35:40.304,BAND/USDT:USDT,0.7294,884.0,0.7293,378.0,0.7298,162.0,0.7299,1043.0
1753533341697,12:35:41.697,BAND/USDT:USDT,0.7294,884.0,0.7293,378.0,0.7298,162.0,0.7299,1043.0
1753533341925,12:35:41.925,BAND/USDT:USDT,0.7294,884.0,0.7293,378.0,0.7298,162.0,0.7299,1043.0
1753533342202,12:35:42.202,BAND/USDT:USDT,0.7294,884.0,0.7293,378.0,0.7298,162.0,0.7299,1043.0
1753533343170,12:35:43.170,BAND/USDT:USDT,0.7294,884.0,0.7293,378.0,0.7298,162.0,0.7299,1043.0
1753533344148,12:35:44.148,BAND/USDT:USDT,0.7294,884.0,0.7293,378.0,0.7298,162.0,0.7299,1043.0
1753533344421,12:35:44.421,BAND/USDT:USDT,0.7294,884.0,0.7293,378.0,0.7298,162.0,0.7299,1043.0
1753533344617,12:35:44.617,BAND/USDT:USDT,0.7294,884.0,0.7293,378.0,0.7298,162.0,0.7299,1043.0
1753533345137,12:35:45.137,BAND/USDT:USDT,0.7294,884.0,0.7293,378.0,0.7298,162.0,0.7299,1043.0
1753533345425,12:35:45.425,BAND/USDT:USDT,0.7294,884.0,0.7293,378.0,0.7298,162.0,0.7299,1043.0
1753533345573,12:35:45.573,BAND/USDT:USDT,0.7294,884.0,0.7293,378.0,0.7298,162.0,0.7299,1043.0
1753533345935,12:35:45.935,BAND/USDT:USDT,0.7294,884.0,0.7293,378.0,0.7298,162.0,0.7299,1043.0
1753533347447,12:35:47.447,BAND/USDT:USDT,0.7294,884.0,0.7293,378.0,0.7298,162.0,0.7299,1043.0
1753533347623,12:35:47.623,BAND/USDT:USDT,0.7293,154.0,0.7287,168.0,0.7298,162.0,0.7299,1043.0
1753533348051,12:35:48.051,BAND/USDT:USDT,0.7293,154.0,0.7287,168.0,0.7298,162.0,0.7299,1043.0
1753533349048,12:35:49.048,BAND/USDT:USDT,0.7293,154.0,0.7287,168.0,0.7298,162.0,0.7299,1043.0
1753533349277,12:35:49.277,BAND/USDT:USDT,0.7293,154.0,0.7287,168.0,0.7298,162.0,0.7299,1043.0
1753533350413,12:35:50.413,BAND/USDT:USDT,0.7293,154.0,0.7287,168.0,0.7298,162.0,0.7299,1043.0
1753533350457,12:35:50.457,BAND/USDT:USDT,0.7293,154.0,0.7284,168.0,0.7298,162.0,0.7299,1043.0
1753533350587,12:35:50.587,BAND/USDT:USDT,0.7293,154.0,0.7284,168.0,0.7298,162.0,0.7299,1043.0
1753533350722,12:35:50.722,BAND/USDT:USDT,0.7295,730.0,0.7294,884.0,0.7298,162.0,0.7299,1043.0
1753533350748,12:35:50.748,BAND/USDT:USDT,0.7295,730.0,0.7294,154.0,0.7298,162.0,0.7299,854.0
1753533350915,12:35:50.915,BAND/USDT:USDT,0.7295,730.0,0.7294,154.0,0.7298,162.0,0.7299,854.0
1753533352310,12:35:52.310,BAND/USDT:USDT,0.7295,884.0,0.7294,540.0,0.7298,162.0,0.7299,665.0
1753533352523,12:35:52.523,BAND/USDT:USDT,0.7298,1095.0,0.7295,884.0,0.7299,165.0,0.73,669.0
1753533352624,12:35:52.624,BAND/USDT:USDT,0.7298,1095.0,0.7297,378.0,0.7299,165.0,0.73,669.0
1753533352662,12:35:52.662,BAND/USDT:USDT,0.7298,1095.0,0.7297,378.0,0.7299,165.0,0.73,669.0
1753533352987,12:35:52.987,BAND/USDT:USDT,0.7298,1095.0,0.7297,378.0,0.7299,165.0,0.73,669.0
1753533353136,12:35:53.136,BAND/USDT:USDT,0.7298,1095.0,0.7297,378.0,0.7299,165.0,0.73,669.0
1753533353154,12:35:53.154,BAND/USDT:USDT,0.7298,1095.0,0.7297,378.0,0.7299,165.0,0.73,669.0
1753533353247,12:35:53.247,BAND/USDT:USDT,0.7298,1095.0,0.7297,378.0,0.7299,165.0,0.73,669.0
1753533353423,12:35:53.423,BAND/USDT:USDT,0.7298,1095.0,0.7297,378.0,0.7299,165.0,0.73,669.0
1753533353637,12:35:53.637,BAND/USDT:USDT,0.7298,1095.0,0.7297,378.0,0.7299,165.0,0.73,669.0
1753533353644,12:35:53.644,BAND/USDT:USDT,0.7298,1095.0,0.7297,378.0,0.7299,165.0,0.73,669.0
1753533353812,12:35:53.812,BAND/USDT:USDT,0.7298,1095.0,0.7297,378.0,0.7299,165.0,0.73,669.0
1753533354037,12:35:54.037,BAND/USDT:USDT,0.7298,1095.0,0.7297,378.0,0.7299,165.0,0.73,169.0
1753533354122,12:35:54.122,BAND/USDT:USDT,0.7298,1095.0,0.7297,378.0,0.7302,167.0,0.7303,217.0
1753533356172,12:35:56.172,BAND/USDT:USDT,0.7298,1095.0,0.7297,378.0,0.7302,167.0,0.7303,217.0
1753533356661,12:35:56.661,BAND/USDT:USDT,0.7298,1095.0,0.7297,378.0,0.7302,167.0,0.7303,217.0
1753533357895,12:35:57.895,BAND/USDT:USDT,0.7298,1095.0,0.7297,378.0,0.7302,167.0,0.7303,217.0
1753533359222,12:35:59.222,BAND/USDT:USDT,0.7298,1095.0,0.7297,378.0,0.7302,217.0,0.7303,496.0
1753533359248,12:35:59.248,BAND/USDT:USDT,0.7298,1095.0,0.7297,378.0,0.7301,167.0,0.7302,217.0
1753533359516,12:35:59.516,BAND/USDT:USDT,0.7298,1095.0,0.7297,378.0,0.7301,167.0,0.7302,217.0
1753533360948,12:36:00.948,BAND/USDT:USDT,0.7298,1095.0,0.7297,378.0,0.7301,167.0,0.7302,217.0
1753533361521,12:36:01.521,BAND/USDT:USDT,0.7299,730.0,0.7298,1095.0,0.7301,167.0,0.7302,217.0
1753533361602,12:36:01.602,BAND/USDT:USDT,0.73,730.0,0.7297,545.0,0.7301,167.0,0.7302,217.0
1753533361765,12:36:01.765,BAND/USDT:USDT,0.73,730.0,0.7298,167.0,0.7301,167.0,0.7302,217.0
1753533361935,12:36:01.935,BAND/USDT:USDT,0.73,730.0,0.7297,545.0,0.7301,167.0,0.7302,217.0
1753533361961,12:36:01.961,BAND/USDT:USDT,0.73,730.0,0.7297,545.0,0.7301,167.0,0.7302,217.0
1753533362102,12:36:02.102,BAND/USDT:USDT,0.73,730.0,0.7298,167.0,0.7301,167.0,0.7302,217.0
1753533362141,12:36:02.141,BAND/USDT:USDT,0.73,730.0,0.7297,545.0,0.7301,167.0,0.7302,217.0
1753533362391,12:36:02.391,BAND/USDT:USDT,0.73,730.0,0.7297,545.0,0.7301,167.0,0.7302,217.0
1753533363508,12:36:03.508,BAND/USDT:USDT,0.73,730.0,0.7297,378.0,0.7301,167.0,0.7302,217.0
1753533363570,12:36:03.570,BAND/USDT:USDT,0.73,730.0,0.7297,540.0,0.7301,167.0,0.7302,217.0
1753533363704,12:36:03.704,BAND/USDT:USDT,0.73,730.0,0.7298,162.0,0.7301,167.0,0.7302,217.0
1753533363857,12:36:03.857,BAND/USDT:USDT,0.73,730.0,0.7297,540.0,0.7301,167.0,0.7302,217.0
1753533364194,12:36:04.194,BAND/USDT:USDT,0.73,730.0,0.7298,162.0,0.7301,167.0,0.7302,217.0
1753533364402,12:36:04.402,BAND/USDT:USDT,0.73,730.0,0.7298,162.0,0.7301,167.0,0.7302,217.0
1753533364594,12:36:04.594,BAND/USDT:USDT,0.73,730.0,0.7297,540.0,0.7301,167.0,0.7302,217.0
1753533364671,12:36:04.671,BAND/USDT:USDT,0.73,730.0,0.7297,540.0,0.7301,167.0,0.7302,217.0
1753533364865,12:36:04.865,BAND/USDT:USDT,0.73,730.0,0.7297,540.0,0.7301,167.0,0.7302,217.0
1753533365845,12:36:05.845,BAND/USDT:USDT,0.73,730.0,0.7298,162.0,0.7301,167.0,0.7302,217.0
1753533366084,12:36:06.084,BAND/USDT:USDT,0.73,730.0,0.7298,162.0,0.7301,167.0,0.7302,217.0
1753533366637,12:36:06.637,BAND/USDT:USDT,0.7297,162.0,0.7284,168.0,0.7301,217.0,0.7302,217.0
1753533366692,12:36:06.692,BAND/USDT:USDT,0.7299,730.0,0.7284,168.0,0.73,212.0,0.7301,480.0
1753533366903,12:36:06.903,BAND/USDT:USDT,0.7299,730.0,0.7284,168.0,0.73,212.0,0.7301,480.0
1753533367328,12:36:07.328,BAND/USDT:USDT,0.7299,730.0,0.7284,168.0,0.73,212.0,0.7301,480.0
1753533367426,12:36:07.426,BAND/USDT:USDT,0.7299,730.0,0.7284,168.0,0.73,212.0,0.7301,480.0
1753533367537,12:36:07.537,BAND/USDT:USDT,0.7299,730.0,0.7284,168.0,0.73,212.0,0.7301,480.0
1753533367755,12:36:07.755,BAND/USDT:USDT,0.7299,730.0,0.7284,168.0,0.73,212.0,0.7301,480.0
1753533367880,12:36:07.880,BAND/USDT:USDT,0.7299,730.0,0.7284,168.0,0.73,212.0,0.7301,480.0
1753533368322,12:36:08.322,BAND/USDT:USDT,0.7299,730.0,0.7284,168.0,0.73,212.0,0.7301,480.0
1753533368909,12:36:08.909,BAND/USDT:USDT,0.7299,730.0,0.7284,168.0,0.73,212.0,0.7301,480.0
1753533369034,12:36:09.034,BAND/USDT:USDT,0.7299,730.0,0.7284,168.0,0.7301,217.0,0.7303,167.0
1753533369134,12:36:09.134,BAND/USDT:USDT,0.7302,730.0,0.73,189.0,0.7303,162.0,0.7304,217.0
1753533369228,12:36:09.228,BAND/USDT:USDT,0.7302,730.0,0.73,189.0,0.7303,162.0,0.7304,217.0
1753533369242,12:36:09.242,BAND/USDT:USDT,0.7302,730.0,0.73,189.0,0.7303,162.0,0.7304,217.0
1753533369436,12:36:09.436,BAND/USDT:USDT,0.7285,4118.0,0.7284,168.0,0.7303,162.0,0.7304,217.0
1753533369531,12:36:09.531,BAND/USDT:USDT,0.7294,892.0,0.7293,892.0,0.7303,162.0,0.7304,217.0
1753533369622,12:36:09.622,BAND/USDT:USDT,0.7299,730.0,0.7298,901.0,0.7303,162.0,0.7304,167.0
1753533369662,12:36:09.662,BAND/USDT:USDT,0.7299,901.0,0.7298,378.0,0.7305,165.0,0.7307,668.0
1753533369820,12:36:09.820,BAND/USDT:USDT,0.7299,901.0,0.7298,378.0,0.7305,165.0,0.7307,668.0
1753533369930,12:36:09.930,BAND/USDT:USDT,0.7299,901.0,0.7298,378.0,0.7305,165.0,0.7307,668.0
1753533369969,12:36:09.969,BAND/USDT:USDT,0.7299,901.0,0.7298,378.0,0.7305,165.0,0.7307,668.0
1753533370269,12:36:10.269,BAND/USDT:USDT,0.7299,901.0,0.7298,378.0,0.7305,165.0,0.7307,668.0
1753533370471,12:36:10.471,BAND/USDT:USDT,0.7299,901.0,0.7298,378.0,0.7305,165.0,0.7307,668.0
1753533370749,12:36:10.749,BAND/USDT:USDT,0.7299,901.0,0.7298,378.0,0.7305,165.0,0.7307,668.0
1753533371828,12:36:11.828,BAND/USDT:USDT,0.7299,901.0,0.7298,378.0,0.7305,165.0,0.7306,189.0
1753533372096,12:36:12.096,BAND/USDT:USDT,0.7299,171.0,0.7298,378.0,0.7305,165.0,0.7306,189.0
1753533372188,12:36:12.188,BAND/USDT:USDT,0.7299,171.0,0.7298,378.0,0.7305,165.0,0.7306,189.0
1753533372786,12:36:12.786,BAND/USDT:USDT,0.7299,171.0,0.7298,378.0,0.7305,165.0,0.7306,189.0
1753533373193,12:36:13.193,BAND/USDT:USDT,0.7299,171.0,0.7298,378.0,0.7305,165.0,0.7306,189.0
1753533373335,12:36:13.335,BAND/USDT:USDT,0.7299,171.0,0.7298,378.0,0.7305,165.0,0.7306,189.0
1753533373626,12:36:13.626,BAND/USDT:USDT,0.7298,378.0,0.7297,207.0,0.7305,215.0,0.7306,189.0
1753533373642,12:36:13.642,BAND/USDT:USDT,0.7299,730.0,0.7298,378.0,0.7304,164.0,0.7305,215.0
1753533373868,12:36:13.868,BAND/USDT:USDT,0.7299,730.0,0.7298,378.0,0.7304,164.0,0.7305,215.0
1753533374437,12:36:14.437,BAND/USDT:USDT,0.7299,730.0,0.7298,378.0,0.7304,164.0,0.7305,215.0
1753533374693,12:36:14.693,BAND/USDT:USDT,0.7299,730.0,0.7298,378.0,0.7304,164.0,0.7305,215.0
1753533374874,12:36:14.874,BAND/USDT:USDT,0.7299,730.0,0.7298,378.0,0.7304,164.0,0.7305,215.0
1753533375091,12:36:15.091,BAND/USDT:USDT,0.7299,730.0,0.7298,378.0,0.7304,164.0,0.7305,215.0
1753533375143,12:36:15.143,BAND/USDT:USDT,0.7299,730.0,0.7298,378.0,0.7304,164.0,0.7305,215.0
1753533376001,12:36:16.001,BAND/USDT:USDT,0.7299,730.0,0.7298,378.0,0.7304,164.0,0.7305,215.0
1753533376319,12:36:16.319,BAND/USDT:USDT,0.7299,730.0,0.7298,378.0,0.7304,164.0,0.7305,215.0
1753533378880,12:36:18.880,BAND/USDT:USDT,0.7299,730.0,0.7298,378.0,0.7304,164.0,0.7305,215.0
1753533379146,12:36:19.146,BAND/USDT:USDT,0.7299,730.0,0.7298,378.0,0.7304,164.0,0.7305,215.0
1753533379888,12:36:19.888,BAND/USDT:USDT,0.7299,730.0,0.7298,378.0,0.7304,164.0,0.7305,215.0
1753533380132,12:36:20.132,BAND/USDT:USDT,0.73,1072.0,0.7299,414.0,0.7304,164.0,0.7305,215.0
1753533380365,12:36:20.365,BAND/USDT:USDT,0.73,1072.0,0.7299,414.0,0.7304,164.0,0.7305,215.0
1753533381531,12:36:21.531,BAND/USDT:USDT,0.73,1072.0,0.7299,414.0,0.7304,164.0,0.7305,215.0
1753533381592,12:36:21.592,BAND/USDT:USDT,0.73,1072.0,0.7299,414.0,0.7304,164.0,0.7305,215.0
1753533381903,12:36:21.903,BAND/USDT:USDT,0.7302,730.0,0.73,342.0,0.7303,164.0,0.7304,164.0
1753533382026,12:36:22.026,BAND/USDT:USDT,0.7302,1072.0,0.7301,414.0,0.7305,165.0,0.7306,189.0
1753533382127,12:36:22.127,BAND/USDT:USDT,0.7302,1072.0,0.7301,414.0,0.7305,165.0,0.7306,189.0
1753533382142,12:36:22.142,BAND/USDT:USDT,0.7302,1072.0,0.7301,414.0,0.7305,165.0,0.7306,189.0
1753533382596,12:36:22.596,BAND/USDT:USDT,0.7302,1072.0,0.7301,414.0,0.7305,165.0,0.7306,189.0
1753533382823,12:36:22.823,BAND/USDT:USDT,0.7302,1072.0,0.7301,414.0,0.7305,165.0,0.7306,189.0
1753533382917,12:36:22.917,BAND/USDT:USDT,0.7302,1072.0,0.7301,414.0,0.7305,165.0,0.7306,189.0
1753533383111,12:36:23.111,BAND/USDT:USDT,0.7302,1072.0,0.7301,414.0,0.7305,165.0,0.7306,189.0
1753533384230,12:36:24.230,BAND/USDT:USDT,0.7302,901.0,0.7301,207.0,0.7305,165.0,0.7306,217.0
1753533384307,12:36:24.307,BAND/USDT:USDT,0.7302,901.0,0.7301,207.0,0.7305,165.0,0.7306,217.0
1753533384446,12:36:24.446,BAND/USDT:USDT,0.7302,901.0,0.7301,207.0,0.7305,165.0,0.7306,217.0
1753533387120,12:36:27.120,BAND/USDT:USDT,0.7302,901.0,0.7301,207.0,0.7305,165.0,0.7306,217.0
1753533387273,12:36:27.273,BAND/USDT:USDT,0.7302,901.0,0.7301,207.0,0.7305,165.0,0.7306,217.0
1753533388074,12:36:28.074,BAND/USDT:USDT,0.7302,901.0,0.7301,207.0,0.7305,165.0,0.7306,217.0
1753533389913,12:36:29.913,BAND/USDT:USDT,0.7302,901.0,0.7301,207.0,0.7305,165.0,0.7306,217.0
1753533390121,12:36:30.121,BAND/USDT:USDT,0.7302,901.0,0.7301,207.0,0.7305,165.0,0.7306,217.0
1753533390916,12:36:30.916,BAND/USDT:USDT,0.7302,901.0,0.7301,207.0,0.7305,165.0,0.7306,217.0
1753533392902,12:36:32.902,BAND/USDT:USDT,0.7302,901.0,0.7301,207.0,0.7305,165.0,0.7306,217.0
1753533392952,12:36:32.952,BAND/USDT:USDT,0.7302,901.0,0.7301,207.0,0.7305,165.0,0.7306,217.0
1753533393354,12:36:33.354,BAND/USDT:USDT,0.7302,901.0,0.7301,207.0,0.7305,165.0,0.7306,217.0
1753533394165,12:36:34.165,BAND/USDT:USDT,0.7302,901.0,0.7301,207.0,0.7305,165.0,0.7306,217.0
1753533394606,12:36:34.606,BAND/USDT:USDT,0.7302,901.0,0.7301,207.0,0.7305,165.0,0.7306,217.0
1753533395511,12:36:35.511,BAND/USDT:USDT,0.7302,901.0,0.7301,207.0,0.7305,165.0,0.7306,217.0
1753533395583,12:36:35.583,BAND/USDT:USDT,0.7302,901.0,0.7301,207.0,0.7305,165.0,0.7306,217.0
1753533395794,12:36:35.794,BAND/USDT:USDT,0.7302,901.0,0.7301,207.0,0.7305,165.0,0.7306,217.0
1753533395882,12:36:35.882,BAND/USDT:USDT,0.7302,901.0,0.7301,207.0,0.7305,165.0,0.7306,217.0
1753533395989,12:36:35.989,BAND/USDT:USDT,0.7302,901.0,0.7301,207.0,0.7305,165.0,0.7306,217.0
1753533396234,12:36:36.234,BAND/USDT:USDT,0.7297,166.0,0.7291,662.0,0.7305,165.0,0.7306,217.0
1753533396285,12:36:36.285,BAND/USDT:USDT,0.7298,528.0,0.7297,355.0,0.7299,2.0,0.7305,165.0
1753533396400,12:36:36.400,BAND/USDT:USDT,0.7298,528.0,0.7297,355.0,0.7299,2.0,0.7305,165.0
1753533396447,12:36:36.447,BAND/USDT:USDT,0.7298,528.0,0.7297,355.0,0.7299,2.0,0.7305,165.0
1753533396607,12:36:36.607,BAND/USDT:USDT,0.7298,528.0,0.7297,355.0,0.7299,168.0,0.7305,165.0
1753533396729,12:36:36.729,BAND/USDT:USDT,0.7298,528.0,0.7297,189.0,0.7299,168.0,0.7305,165.0
1753533397038,12:36:37.038,BAND/USDT:USDT,0.7298,528.0,0.7297,189.0,0.7299,168.0,0.7305,165.0
1753533397042,12:36:37.042,BAND/USDT:USDT,0.7298,528.0,0.7297,378.0,0.7299,168.0,0.7305,165.0
1753533397558,12:36:37.558,BAND/USDT:USDT,0.7298,528.0,0.7297,378.0,0.7299,168.0,0.7305,165.0
1753533398187,12:36:38.187,BAND/USDT:USDT,0.7298,528.0,0.7297,544.0,0.7299,168.0,0.7305,165.0
1753533398270,12:36:38.270,BAND/USDT:USDT,0.7298,528.0,0.7297,544.0,0.7299,168.0,0.7305,165.0
1753533398569,12:36:38.569,BAND/USDT:USDT,0.7298,528.0,0.7297,544.0,0.7299,168.0,0.7305,165.0
1753533399524,12:36:39.524,BAND/USDT:USDT,0.7298,528.0,0.7297,544.0,0.7299,168.0,0.7305,165.0
1753533399593,12:36:39.593,BAND/USDT:USDT,0.7298,528.0,0.7297,544.0,0.7299,168.0,0.7305,165.0
1753533399890,12:36:39.890,BAND/USDT:USDT,0.7298,528.0,0.7297,378.0,0.7299,168.0,0.7305,165.0
1753533400523,12:36:40.523,BAND/USDT:USDT,0.7298,528.0,0.7297,378.0,0.7299,168.0,0.7305,165.0
1753533401071,12:36:41.071,BAND/USDT:USDT,0.7298,528.0,0.7297,544.0,0.7299,168.0,0.7305,165.0
1753533401381,12:36:41.381,BAND/USDT:USDT,0.7298,528.0,0.7297,544.0,0.7299,168.0,0.7305,165.0
1753533401523,12:36:41.523,BAND/USDT:USDT,0.7298,528.0,0.7297,544.0,0.7299,168.0,0.7305,165.0
1753533402526,12:36:42.526,BAND/USDT:USDT,0.7298,528.0,0.7297,544.0,0.7299,168.0,0.7305,165.0
1753533402624,12:36:42.624,BAND/USDT:USDT,0.7298,528.0,0.7297,544.0,0.7299,2.0,0.7305,165.0
1753533403503,12:36:43.503,BAND/USDT:USDT,0.7298,528.0,0.7297,544.0,0.7299,2.0,0.7305,165.0
1753533404324,12:36:44.324,BAND/USDT:USDT,0.7298,528.0,0.7297,544.0,0.7299,2.0,0.7305,165.0
1753533404502,12:36:44.502,BAND/USDT:USDT,0.7298,528.0,0.7297,544.0,0.7299,2.0,0.7305,165.0
1753533404654,12:36:44.654,BAND/USDT:USDT,0.7298,528.0,0.7297,544.0,0.7299,2.0,0.7305,165.0
1753533404809,12:36:44.809,BAND/USDT:USDT,0.7298,528.0,0.7297,544.0,0.7299,165.0,0.7305,165.0
1753533405505,12:36:45.505,BAND/USDT:USDT,0.7298,528.0,0.7297,544.0,0.7299,165.0,0.7305,165.0
1753533405552,12:36:45.552,BAND/USDT:USDT,0.7298,528.0,0.7297,544.0,0.7299,165.0,0.7305,165.0
1753533405866,12:36:45.866,BAND/USDT:USDT,0.7298,528.0,0.7297,378.0,0.7299,165.0,0.7305,165.0
1753533406137,12:36:46.137,BAND/USDT:USDT,0.7297,378.0,0.7296,378.0,0.7299,165.0,0.7305,165.0
1753533406186,12:36:46.186,BAND/USDT:USDT,0.7295,544.0,0.7291,662.0,0.7298,163.0,0.7299,165.0
1753533406242,12:36:46.242,BAND/USDT:USDT,0.7295,544.0,0.7291,662.0,0.7298,163.0,0.7299,165.0
1753533406381,12:36:46.381,BAND/USDT:USDT,0.7295,355.0,0.7291,662.0,0.7298,163.0,0.7299,165.0
1753533406538,12:36:46.538,BAND/USDT:USDT,0.7295,355.0,0.7294,189.0,0.7298,163.0,0.7299,165.0
1753533406638,12:36:46.638,BAND/USDT:USDT,0.7298,528.0,0.7297,528.0,0.7299,165.0,0.7305,165.0
1753533406685,12:36:46.685,BAND/USDT:USDT,0.7298,528.0,0.7297,189.0,0.7299,165.0,0.7305,165.0
1753533406795,12:36:46.795,BAND/USDT:USDT,0.7298,528.0,0.7297,189.0,0.7299,165.0,0.7305,165.0
1753533406981,12:36:46.981,BAND/USDT:USDT,0.7295,355.0,0.7294,189.0,0.7298,163.0,0.7299,165.0
1753533407223,12:36:47.223,BAND/USDT:USDT,0.7295,355.0,0.7294,189.0,0.7298,163.0,0.7299,165.0
1753533407435,12:36:47.435,BAND/USDT:USDT,0.7295,355.0,0.7294,189.0,0.7298,163.0,0.7299,165.0
1753533407446,12:36:47.446,BAND/USDT:USDT,0.7295,355.0,0.7294,189.0,0.7298,163.0,0.7299,165.0
1753533407829,12:36:47.829,BAND/USDT:USDT,0.7295,355.0,0.7294,189.0,0.7298,163.0,0.7299,165.0
1753533408042,12:36:48.042,BAND/USDT:USDT,0.7295,355.0,0.7294,189.0,0.7298,163.0,0.7299,165.0
1753533408424,12:36:48.424,BAND/USDT:USDT,0.7295,355.0,0.7294,189.0,0.7298,163.0,0.7299,165.0
1753533408726,12:36:48.726,BAND/USDT:USDT,0.7298,528.0,0.7297,189.0,0.7299,165.0,0.7305,165.0
1753533408814,12:36:48.814,BAND/USDT:USDT,0.7298,528.0,0.7297,352.0,0.7299,165.0,0.7305,165.0
1753533408873,12:36:48.873,BAND/USDT:USDT,0.7298,528.0,0.7297,352.0,0.7299,165.0,0.7305,165.0
1753533409297,12:36:49.297,BAND/USDT:USDT,0.7298,528.0,0.7297,352.0,0.7299,165.0,0.7305,165.0
1753533410150,12:36:50.150,BAND/USDT:USDT,0.7298,528.0,0.7297,352.0,0.7299,165.0,0.7305,165.0
1753533410402,12:36:50.402,BAND/USDT:USDT,0.7298,528.0,0.7297,352.0,0.7299,165.0,0.7305,165.0
1753533411350,12:36:51.350,BAND/USDT:USDT,0.7298,528.0,0.7297,352.0,0.7299,2.0,0.7305,165.0
1753533412046,12:36:52.046,BAND/USDT:USDT,0.7298,528.0,0.7297,352.0,0.7299,2.0,0.7305,165.0
1753533412238,12:36:52.238,BAND/USDT:USDT,0.7298,528.0,0.7297,352.0,0.7299,165.0,0.7305,165.0
1753533413059,12:36:53.059,BAND/USDT:USDT,0.7298,528.0,0.7297,352.0,0.7299,165.0,0.7305,165.0
1753533413379,12:36:53.379,BAND/USDT:USDT,0.7298,528.0,0.7297,352.0,0.7299,165.0,0.7305,165.0
1753533415636,12:36:55.636,BAND/USDT:USDT,0.7298,528.0,0.7297,352.0,0.7299,2.0,0.7305,165.0
1753533416166,12:36:56.166,BAND/USDT:USDT,0.7298,528.0,0.7297,352.0,0.7299,2.0,0.7305,165.0
1753533416335,12:36:56.335,BAND/USDT:USDT,0.7298,528.0,0.7297,352.0,0.7299,2.0,0.7305,165.0
1753533416345,12:36:56.345,BAND/USDT:USDT,0.7298,528.0,0.7297,352.0,0.7299,2.0,0.7305,165.0
1753533416873,12:36:56.873,BAND/USDT:USDT,0.7298,528.0,0.7297,352.0,0.7299,2.0,0.7305,165.0
1753533417025,12:36:57.025,BAND/USDT:USDT,0.7298,528.0,0.7297,352.0,0.7299,164.0,0.7305,165.0
1753533417528,12:36:57.528,BAND/USDT:USDT,0.7298,528.0,0.7297,352.0,0.7299,2.0,0.7305,165.0
1753533418637,12:36:58.637,BAND/USDT:USDT,0.7299,528.0,0.7298,528.0,0.7305,165.0,0.7307,668.0
1753533418681,12:36:58.681,BAND/USDT:USDT,0.7301,528.0,0.7299,181.0,0.7304,162.0,0.7305,215.0
1753533418862,12:36:58.862,BAND/USDT:USDT,0.7299,181.0,0.7297,163.0,0.7304,162.0,0.7305,215.0
1753533418965,12:36:58.965,BAND/USDT:USDT,0.7299,181.0,0.7297,163.0,0.7304,162.0,0.7305,215.0
1753533419212,12:36:59.212,BAND/USDT:USDT,0.7299,181.0,0.7296,163.0,0.7304,162.0,0.7305,215.0
1753533419324,12:36:59.324,BAND/USDT:USDT,0.7295,166.0,0.7293,163.0,0.7303,162.0,0.7304,212.0
1753533419343,12:36:59.343,BAND/USDT:USDT,0.7293,163.0,0.7291,662.0,0.7303,162.0,0.7304,212.0
1753533419922,12:36:59.922,BAND/USDT:USDT,0.7293,163.0,0.7291,662.0,0.7303,162.0,0.7304,212.0
1753533420191,12:37:00.191,BAND/USDT:USDT,0.7293,163.0,0.7291,662.0,0.7303,162.0,0.7304,212.0
1753533420322,12:37:00.322,BAND/USDT:USDT,0.7293,163.0,0.7291,662.0,0.7303,162.0,0.7304,212.0
1753533421305,12:37:01.305,BAND/USDT:USDT,0.7293,163.0,0.7291,662.0,0.7303,162.0,0.7304,212.0
1753533421423,12:37:01.423,BAND/USDT:USDT,0.7294,162.0,0.7293,4276.0,0.7303,162.0,0.7304,212.0
1753533421453,12:37:01.453,BAND/USDT:USDT,0.7294,162.0,0.7293,4276.0,0.7303,162.0,0.7304,212.0
1753533421722,12:37:01.722,BAND/USDT:USDT,0.7295,162.0,0.7294,4274.0,0.7303,162.0,0.7304,212.0
1753533421784,12:37:01.784,BAND/USDT:USDT,0.7297,162.0,0.7296,330.0,0.7303,211.0,0.7304,212.0
1753533421912,12:37:01.912,BAND/USDT:USDT,0.7297,162.0,0.7296,330.0,0.7303,211.0,0.7304,212.0
1753533422150,12:37:02.150,BAND/USDT:USDT,0.7297,162.0,0.7296,330.0,0.7303,49.0,0.7304,212.0
1753533422268,12:37:02.268,BAND/USDT:USDT,0.7297,162.0,0.7296,330.0,0.7303,49.0,0.7304,212.0
1753533422407,12:37:02.407,BAND/USDT:USDT,0.7297,162.0,0.7296,330.0,0.7303,49.0,0.7304,212.0
1753533424201,12:37:04.201,BAND/USDT:USDT,0.7297,162.0,0.7296,330.0,0.7302,165.0,0.7303,214.0
1753533424257,12:37:04.257,BAND/USDT:USDT,0.7297,162.0,0.7296,330.0,0.7302,165.0,0.7303,214.0
1753533424393,12:37:04.393,BAND/USDT:USDT,0.7297,162.0,0.7296,330.0,0.7303,214.0,0.7304,212.0
1753533424546,12:37:04.546,BAND/USDT:USDT,0.7297,162.0,0.7296,330.0,0.7303,214.0,0.7304,212.0
1753533424672,12:37:04.672,BAND/USDT:USDT,0.7297,162.0,0.7296,330.0,0.7303,214.0,0.7304,212.0
1753533425012,12:37:05.012,BAND/USDT:USDT,0.7297,162.0,0.7296,330.0,0.7302,165.0,0.7303,214.0
1753533425091,12:37:05.091,BAND/USDT:USDT,0.7297,162.0,0.7296,330.0,0.7302,165.0,0.7303,214.0
1753533425235,12:37:05.235,BAND/USDT:USDT,0.7297,162.0,0.7296,330.0,0.7302,165.0,0.7303,214.0
1753533425669,12:37:05.669,BAND/USDT:USDT,0.7297,162.0,0.7296,330.0,0.7303,214.0,0.7304,212.0
1753533425912,12:37:05.912,BAND/USDT:USDT,0.7297,162.0,0.7296,330.0,0.7303,214.0,0.7304,212.0
1753533426146,12:37:06.146,BAND/USDT:USDT,0.7297,162.0,0.7296,330.0,0.7303,49.0,0.7304,212.0
1753533427223,12:37:07.223,BAND/USDT:USDT,0.7297,162.0,0.7296,330.0,0.7303,214.0,0.7304,212.0
1753533427379,12:37:07.379,BAND/USDT:USDT,0.7297,162.0,0.7296,330.0,0.7303,214.0,0.7304,212.0
1753533427574,12:37:07.574,BAND/USDT:USDT,0.7297,162.0,0.7296,330.0,0.7303,214.0,0.7304,212.0
1753533428228,12:37:08.228,BAND/USDT:USDT,0.7298,165.0,0.7297,330.0,0.7303,49.0,0.7304,212.0
1753533428835,12:37:08.835,BAND/USDT:USDT,0.7299,165.0,0.7298,333.0,0.7303,49.0,0.7304,162.0
1753533430116,12:37:10.116,BAND/USDT:USDT,0.7299,165.0,0.7298,333.0,0.7303,49.0,0.7305,165.0
1753533430286,12:37:10.286,BAND/USDT:USDT,0.7299,165.0,0.7298,333.0,0.7303,49.0,0.7305,165.0
1753533431434,12:37:11.434,BAND/USDT:USDT,0.7299,165.0,0.7298,333.0,0.7305,354.0,0.7307,668.0
1753533431535,12:37:11.535,BAND/USDT:USDT,0.7299,165.0,0.7298,333.0,0.7304,165.0,0.7305,354.0
1753533432159,12:37:12.159,BAND/USDT:USDT,0.7299,165.0,0.7298,333.0,0.7304,165.0,0.7305,354.0
1753533432543,12:37:12.543,BAND/USDT:USDT,0.7299,165.0,0.7298,333.0,0.7304,165.0,0.7305,354.0
1753533432695,12:37:12.695,BAND/USDT:USDT,0.7299,165.0,0.7298,333.0,0.7304,165.0,0.7305,543.0
1753533432811,12:37:12.811,BAND/USDT:USDT,0.7299,165.0,0.7298,333.0,0.7304,165.0,0.7305,543.0
1753533433062,12:37:13.062,BAND/USDT:USDT,0.7299,165.0,0.7298,333.0,0.7304,165.0,0.7305,543.0
1753533433145,12:37:13.145,BAND/USDT:USDT,0.7299,165.0,0.7298,333.0,0.7304,165.0,0.7305,543.0
1753533435702,12:37:15.702,BAND/USDT:USDT,0.7299,165.0,0.7298,333.0,0.7304,165.0,0.7305,543.0
1753533435766,12:37:15.766,BAND/USDT:USDT,0.7299,165.0,0.7298,333.0,0.7304,165.0,0.7305,543.0
1753533436335,12:37:16.335,BAND/USDT:USDT,0.7299,333.0,0.7298,543.0,0.7304,165.0,0.7305,543.0
1753533436342,12:37:16.342,BAND/USDT:USDT,0.73,163.0,0.7299,333.0,0.7304,165.0,0.7305,543.0
1753533438426,12:37:18.426,BAND/USDT:USDT,0.7301,163.0,0.73,331.0,0.7304,165.0,0.7305,354.0
1753533438464,12:37:18.464,BAND/USDT:USDT,0.7301,163.0,0.73,331.0,0.7304,165.0,0.7305,354.0
1753533438629,12:37:18.629,BAND/USDT:USDT,0.7301,163.0,0.73,331.0,0.7304,165.0,0.7305,354.0
1753533438889,12:37:18.889,BAND/USDT:USDT,0.7301,163.0,0.73,331.0,0.7304,165.0,0.7305,354.0
1753533440093,12:37:20.093,BAND/USDT:USDT,0.7301,163.0,0.73,331.0,0.7304,165.0,0.7305,354.0
1753533441220,12:37:21.220,BAND/USDT:USDT,0.7301,163.0,0.73,331.0,0.7304,165.0,0.7305,354.0
1753533441412,12:37:21.412,BAND/USDT:USDT,0.7301,163.0,0.73,331.0,0.7304,165.0,0.7305,354.0
1753533443399,12:37:23.399,BAND/USDT:USDT,0.73,331.0,0.7299,543.0,0.7304,165.0,0.7305,354.0
1753533443722,12:37:23.722,BAND/USDT:USDT,0.73,331.0,0.7299,543.0,0.7304,165.0,0.7305,354.0
1753533444071,12:37:24.071,BAND/USDT:USDT,0.73,331.0,0.7299,543.0,0.7304,165.0,0.7305,354.0
1753533444317,12:37:24.317,BAND/USDT:USDT,0.7301,163.0,0.73,331.0,0.7304,165.0,0.7305,354.0
1753533444391,12:37:24.391,BAND/USDT:USDT,0.7301,163.0,0.73,331.0,0.7304,165.0,0.7305,354.0
1753533444538,12:37:24.538,BAND/USDT:USDT,0.7301,163.0,0.73,331.0,0.7304,165.0,0.7305,354.0
1753533444953,12:37:24.953,BAND/USDT:USDT,0.7301,163.0,0.73,331.0,0.7304,165.0,0.7305,354.0
1753533446755,12:37:26.755,BAND/USDT:USDT,0.73,331.0,0.7299,543.0,0.7304,165.0,0.7305,543.0
1753533446974,12:37:26.974,BAND/USDT:USDT,0.73,331.0,0.7299,543.0,0.7304,165.0,0.7305,543.0
1753533447058,12:37:27.058,BAND/USDT:USDT,0.7301,163.0,0.73,331.0,0.7304,165.0,0.7305,354.0
1753533447213,12:37:27.213,BAND/USDT:USDT,0.7301,163.0,0.73,331.0,0.7304,165.0,0.7305,354.0
1753533447436,12:37:27.436,BAND/USDT:USDT,0.7301,163.0,0.73,331.0,0.7304,165.0,0.7305,354.0
1753533450115,12:37:30.115,BAND/USDT:USDT,0.7301,163.0,0.73,331.0,0.7304,165.0,0.7305,354.0
1753533450227,12:37:30.227,BAND/USDT:USDT,0.7301,163.0,0.73,331.0,0.7304,165.0,0.7305,354.0
1753533451235,12:37:31.235,BAND/USDT:USDT,0.7301,163.0,0.73,331.0,0.7304,165.0,0.7305,354.0
1753533452080,12:37:32.080,BAND/USDT:USDT,0.7301,163.0,0.73,331.0,0.7305,354.0,0.7306,189.0
1753533452282,12:37:32.282,BAND/USDT:USDT,0.7301,163.0,0.73,331.0,0.7305,354.0,0.7306,189.0
1753533453012,12:37:33.012,BAND/USDT:USDT,0.7301,163.0,0.73,331.0,0.7305,354.0,0.7306,189.0
1753533455834,12:37:35.834,BAND/USDT:USDT,0.7301,163.0,0.73,331.0,0.7305,189.0,0.7306,351.0
1753533455926,12:37:35.926,BAND/USDT:USDT,0.7304,162.0,0.7303,318.0,0.7306,162.0,0.7308,165.0
1753533456024,12:37:36.024,BAND/USDT:USDT,0.7304,162.0,0.7303,318.0,0.7306,151.0,0.7308,165.0
1753533456058,12:37:36.058,BAND/USDT:USDT,0.7304,162.0,0.7303,318.0,0.7306,151.0,0.7308,165.0
1753533456177,12:37:36.177,BAND/USDT:USDT,0.7304,162.0,0.7303,318.0,0.7306,151.0,0.7308,165.0
1753533456323,12:37:36.323,BAND/USDT:USDT,0.7304,162.0,0.7303,318.0,0.7306,151.0,0.7308,165.0
1753533456474,12:37:36.474,BAND/USDT:USDT,0.7304,162.0,0.7303,318.0,0.7306,151.0,0.7308,165.0
1753533456697,12:37:36.697,BAND/USDT:USDT,0.7304,162.0,0.7303,318.0,0.7306,151.0,0.7308,165.0
1753533456901,12:37:36.901,BAND/USDT:USDT,0.7304,162.0,0.7303,318.0,0.7306,151.0,0.7308,165.0
1753533456991,12:37:36.991,BAND/USDT:USDT,0.7304,162.0,0.7303,318.0,0.7306,313.0,0.7308,165.0
1753533457111,12:37:37.111,BAND/USDT:USDT,0.7304,162.0,0.7303,318.0,0.7306,313.0,0.7308,165.0
1753533457754,12:37:37.754,BAND/USDT:USDT,0.7304,162.0,0.7303,318.0,0.7306,313.0,0.7308,354.0
1753533458629,12:37:38.629,BAND/USDT:USDT,0.7304,162.0,0.7303,318.0,0.7306,313.0,0.7308,354.0
1753533459236,12:37:39.236,BAND/USDT:USDT,0.7304,162.0,0.7303,318.0,0.7306,313.0,0.7308,354.0
1753533459304,12:37:39.304,BAND/USDT:USDT,0.7304,162.0,0.7303,318.0,0.7306,313.0,0.7308,354.0
1753533460324,12:37:40.324,BAND/USDT:USDT,0.7304,162.0,0.7303,318.0,0.7306,313.0,0.7308,354.0
1753533460414,12:37:40.414,BAND/USDT:USDT,0.7304,162.0,0.7303,318.0,0.7306,151.0,0.7308,354.0
1753533461374,12:37:41.374,BAND/USDT:USDT,0.7304,162.0,0.7303,318.0,0.7306,151.0,0.7308,354.0
1753533461578,12:37:41.578,BAND/USDT:USDT,0.7304,162.0,0.7303,318.0,0.7306,313.0,0.7308,354.0
1753533462264,12:37:42.264,BAND/USDT:USDT,0.7304,162.0,0.7303,318.0,0.7306,151.0,0.7308,354.0
1753533463906,12:37:43.906,BAND/USDT:USDT,0.7304,162.0,0.7303,318.0,0.7306,316.0,0.7308,354.0
1753533463981,12:37:43.981,BAND/USDT:USDT,0.7304,162.0,0.7303,318.0,0.7306,151.0,0.7308,354.0
1753533464162,12:37:44.162,BAND/USDT:USDT,0.7304,162.0,0.7303,318.0,0.7306,151.0,0.7308,354.0
1753533465294,12:37:45.294,BAND/USDT:USDT,0.7304,162.0,0.7303,318.0,0.7306,151.0,0.7308,354.0
1753533465362,12:37:45.362,BAND/USDT:USDT,0.7304,162.0,0.7303,318.0,0.7306,151.0,0.7308,354.0
1753533465530,12:37:45.530,BAND/USDT:USDT,0.7304,162.0,0.7303,318.0,0.7306,151.0,0.7308,354.0
1753533465804,12:37:45.804,BAND/USDT:USDT,0.7304,162.0,0.7303,318.0,0.7306,151.0,0.7308,354.0
1753533466110,12:37:46.110,BAND/USDT:USDT,0.7304,162.0,0.7303,318.0,0.7306,151.0,0.7308,354.0
1753533466301,12:37:46.301,BAND/USDT:USDT,0.7304,162.0,0.7303,318.0,0.7306,151.0,0.7308,354.0
1753533466783,12:37:46.783,BAND/USDT:USDT,0.7304,162.0,0.7303,318.0,0.7306,151.0,0.7308,354.0
1753533466974,12:37:46.974,BAND/USDT:USDT,0.7304,162.0,0.7303,318.0,0.7306,151.0,0.7308,354.0
1753533467786,12:37:47.786,BAND/USDT:USDT,0.7304,162.0,0.7303,318.0,0.7306,151.0,0.7308,354.0
1753533467920,12:37:47.920,BAND/USDT:USDT,0.7304,162.0,0.7303,318.0,0.7306,316.0,0.7308,543.0
1753533468803,12:37:48.803,BAND/USDT:USDT,0.7304,162.0,0.7303,318.0,0.7306,151.0,0.7308,543.0
1753533469803,12:37:49.803,BAND/USDT:USDT,0.7304,162.0,0.7303,318.0,0.7306,151.0,0.7308,543.0
1753533470069,12:37:50.069,BAND/USDT:USDT,0.7304,162.0,0.7303,318.0,0.7306,151.0,0.7308,543.0
1753533470198,12:37:50.198,BAND/USDT:USDT,0.7304,162.0,0.7303,318.0,0.7306,151.0,0.7308,543.0
1753533472540,12:37:52.540,BAND/USDT:USDT,0.7304,162.0,0.7303,318.0,0.7306,151.0,0.7308,543.0
1753533475449,12:37:55.449,BAND/USDT:USDT,0.7304,162.0,0.7303,318.0,0.7306,151.0,0.7308,543.0
1753533478453,12:37:58.453,BAND/USDT:USDT,0.7304,162.0,0.7303,318.0,0.7306,151.0,0.7308,543.0
1753533479125,12:37:59.125,BAND/USDT:USDT,0.7304,162.0,0.7303,318.0,0.7306,151.0,0.7308,543.0
1753533480051,12:38:00.051,BAND/USDT:USDT,0.7304,162.0,0.7303,318.0,0.7306,313.0,0.7308,543.0
1753533480808,12:38:00.808,BAND/USDT:USDT,0.7295,162.0,0.7294,4274.0,0.7305,162.0,0.7306,691.0
1753533480926,12:38:00.926,BAND/USDT:USDT,0.7297,162.0,0.7296,4111.0,0.7305,162.0,0.7306,691.0
1753533480947,12:38:00.947,BAND/USDT:USDT,0.7297,162.0,0.7296,4111.0,0.7305,162.0,0.7306,691.0
1753533481172,12:38:01.172,BAND/USDT:USDT,0.7297,162.0,0.7296,4111.0,0.7305,162.0,0.7306,691.0
1753533481317,12:38:01.317,BAND/USDT:USDT,0.7297,162.0,0.7296,4111.0,0.7305,162.0,0.7306,691.0
1753533481627,12:38:01.627,BAND/USDT:USDT,0.7297,162.0,0.7296,4111.0,0.7305,162.0,0.7306,691.0
1753533482605,12:38:02.605,BAND/USDT:USDT,0.7297,162.0,0.7296,4111.0,0.7305,162.0,0.7306,691.0
1753533483603,12:38:03.603,BAND/USDT:USDT,0.7297,162.0,0.7296,4111.0,0.7305,162.0,0.7306,691.0
1753533483776,12:38:03.776,BAND/USDT:USDT,0.7297,162.0,0.7296,4111.0,0.7305,162.0,0.7306,691.0
1753533484438,12:38:04.438,BAND/USDT:USDT,0.7297,162.0,0.7296,4111.0,0.7305,162.0,0.7306,691.0
1753533484531,12:38:04.531,BAND/USDT:USDT,0.7297,162.0,0.7294,162.0,0.7305,162.0,0.7306,691.0
1753533484624,12:38:04.624,BAND/USDT:USDT,0.7294,162.0,0.7285,662.0,0.7305,162.0,0.7306,691.0
1753533485590,12:38:05.590,BAND/USDT:USDT,0.7294,162.0,0.7285,662.0,0.7305,162.0,0.7306,691.0
1753533485723,12:38:05.723,BAND/USDT:USDT,0.7294,162.0,0.7285,662.0,0.7305,162.0,0.7306,691.0
1753533485779,12:38:05.779,BAND/USDT:USDT,0.7294,162.0,0.7285,662.0,0.7305,162.0,0.7306,691.0
1753533485916,12:38:05.916,BAND/USDT:USDT,0.7294,162.0,0.7285,662.0,0.7305,162.0,0.7306,691.0
1753533486033,12:38:06.033,BAND/USDT:USDT,0.7294,162.0,0.7285,662.0,0.7304,167.0,0.7305,4268.0
1753533486129,12:38:06.129,BAND/USDT:USDT,0.7294,162.0,0.7285,662.0,0.7304,167.0,0.7305,4268.0
1753533486206,12:38:06.206,BAND/USDT:USDT,0.7294,162.0,0.7285,662.0,0.7304,167.0,0.7305,4268.0
1753533486503,12:38:06.503,BAND/USDT:USDT,0.7294,162.0,0.7285,662.0,0.7301,167.0,0.7302,216.0
1753533486631,12:38:06.631,BAND/USDT:USDT,0.7294,162.0,0.7285,662.0,0.7301,167.0,0.7302,216.0
1753533487058,12:38:07.058,BAND/USDT:USDT,0.7294,162.0,0.7285,662.0,0.7301,167.0,0.7302,216.0
1753533488063,12:38:08.063,BAND/USDT:USDT,0.7294,162.0,0.7285,662.0,0.7301,167.0,0.7302,216.0
1753533488307,12:38:08.307,BAND/USDT:USDT,0.7294,162.0,0.7285,662.0,0.7301,167.0,0.7302,216.0
1753533488733,12:38:08.733,BAND/USDT:USDT,0.7294,162.0,0.7285,662.0,0.7301,167.0,0.7302,216.0
1753533489415,12:38:09.415,BAND/USDT:USDT,0.7294,162.0,0.7285,662.0,0.7301,167.0,0.7302,216.0
1753533489510,12:38:09.510,BAND/USDT:USDT,0.7294,162.0,0.7285,662.0,0.7301,167.0,0.7302,216.0
1753533490331,12:38:10.331,BAND/USDT:USDT,0.7294,162.0,0.7285,662.0,0.7301,167.0,0.7302,216.0
1753533491488,12:38:11.488,BAND/USDT:USDT,0.7294,162.0,0.7285,662.0,0.7301,167.0,0.7302,216.0
1753533492136,12:38:12.136,BAND/USDT:USDT,0.7294,162.0,0.7285,662.0,0.7301,167.0,0.7302,216.0
1753533492725,12:38:12.725,BAND/USDT:USDT,0.7294,162.0,0.7285,662.0,0.7301,167.0,0.7302,216.0
1753533493153,12:38:13.153,BAND/USDT:USDT,0.7294,162.0,0.7285,662.0,0.7301,167.0,0.7302,216.0
1753533494214,12:38:14.214,BAND/USDT:USDT,0.7294,162.0,0.7285,662.0,0.7301,167.0,0.7302,216.0
1753533494376,12:38:14.376,BAND/USDT:USDT,0.7294,162.0,0.7285,662.0,0.7301,167.0,0.7302,216.0
1753533496925,12:38:16.925,BAND/USDT:USDT,0.7294,162.0,0.7285,662.0,0.7301,167.0,0.7302,216.0
1753533497414,12:38:17.414,BAND/USDT:USDT,0.7287,164.0,0.7286,4281.0,0.7301,167.0,0.7302,216.0
1753533497518,12:38:17.518,BAND/USDT:USDT,0.7287,164.0,0.7286,4281.0,0.7301,167.0,0.7302,216.0
1753533497637,12:38:17.637,BAND/USDT:USDT,0.7287,164.0,0.7286,4281.0,0.7301,167.0,0.7302,216.0
1753533497718,12:38:17.718,BAND/USDT:USDT,0.7287,164.0,0.7286,4281.0,0.7301,167.0,0.7302,216.0
1753533498645,12:38:18.645,BAND/USDT:USDT,0.7287,164.0,0.7286,4281.0,0.7301,167.0,0.7302,216.0
1753533498873,12:38:18.873,BAND/USDT:USDT,0.7287,164.0,0.7286,4281.0,0.7301,167.0,0.7302,216.0
1753533499679,12:38:19.679,BAND/USDT:USDT,0.7287,164.0,0.7286,4281.0,0.7301,167.0,0.7302,216.0
1753533499802,12:38:19.802,BAND/USDT:USDT,0.7287,164.0,0.7286,4281.0,0.7301,167.0,0.7302,216.0
1753533500387,12:38:20.387,BAND/USDT:USDT,0.7287,164.0,0.7286,4281.0,0.7301,167.0,0.7302,216.0
1753533501687,12:38:21.687,BAND/USDT:USDT,0.7287,164.0,0.7286,4281.0,0.7301,167.0,0.7302,216.0
1753533502121,12:38:22.121,BAND/USDT:USDT,0.7287,164.0,0.7286,4281.0,0.7301,167.0,0.7302,216.0
1753533502322,12:38:22.322,BAND/USDT:USDT,0.7287,164.0,0.7286,4281.0,0.7301,167.0,0.7302,216.0
1753533502444,12:38:22.444,BAND/USDT:USDT,0.7287,164.0,0.7286,4281.0,0.7301,167.0,0.7302,216.0
1753533503354,12:38:23.354,BAND/USDT:USDT,0.7287,164.0,0.7286,4281.0,0.7301,167.0,0.7302,216.0
1753533503743,12:38:23.743,BAND/USDT:USDT,0.7287,164.0,0.7286,4281.0,0.7301,167.0,0.7302,216.0
1753533504331,12:38:24.331,BAND/USDT:USDT,0.7298,2.0,0.7287,164.0,0.7301,167.0,0.7302,216.0
1753533504418,12:38:24.418,BAND/USDT:USDT,0.7287,164.0,0.7286,4281.0,0.7301,167.0,0.7302,216.0
1753533505147,12:38:25.147,BAND/USDT:USDT,0.7287,164.0,0.7286,4281.0,0.7301,167.0,0.7302,216.0
1753533505377,12:38:25.377,BAND/USDT:USDT,0.7287,164.0,0.7286,4281.0,0.7301,167.0,0.7302,216.0
1753533506321,12:38:26.321,BAND/USDT:USDT,0.7287,164.0,0.7286,4281.0,0.7301,167.0,0.7302,216.0
1753533506374,12:38:26.374,BAND/USDT:USDT,0.7289,169.0,0.7288,4116.0,0.7301,167.0,0.7302,216.0
1753533506567,12:38:26.567,BAND/USDT:USDT,0.7289,169.0,0.7288,4116.0,0.7301,167.0,0.7302,216.0
1753533508181,12:38:28.181,BAND/USDT:USDT,0.7289,169.0,0.7288,4116.0,0.7301,167.0,0.7302,216.0
1753533508596,12:38:28.596,BAND/USDT:USDT,0.7289,169.0,0.7288,4116.0,0.7301,167.0,0.7302,216.0
1753533509010,12:38:29.010,BAND/USDT:USDT,0.729,169.0,0.7289,459.0,0.7298,169.0,0.7299,218.0
1753533511172,12:38:31.172,BAND/USDT:USDT,0.729,169.0,0.7289,459.0,0.7298,169.0,0.7299,218.0
1753533511265,12:38:31.265,BAND/USDT:USDT,0.729,169.0,0.7289,459.0,0.7298,169.0,0.7299,218.0
1753533511437,12:38:31.437,BAND/USDT:USDT,0.729,169.0,0.7289,459.0,0.7298,169.0,0.7299,218.0
1753533514018,12:38:34.018,BAND/USDT:USDT,0.729,169.0,0.7289,459.0,0.7298,169.0,0.7299,218.0
1753533515019,12:38:35.019,BAND/USDT:USDT,0.729,169.0,0.7289,459.0,0.7298,169.0,0.7299,218.0
1753533516919,12:38:36.919,BAND/USDT:USDT,0.729,169.0,0.7289,459.0,0.7298,169.0,0.7299,218.0
1753533518324,12:38:38.324,BAND/USDT:USDT,0.729,169.0,0.7289,459.0,0.7298,169.0,0.7299,218.0
1753533519816,12:38:39.816,BAND/USDT:USDT,0.729,169.0,0.7289,459.0,0.7298,169.0,0.7299,218.0
1753533522647,12:38:42.647,BAND/USDT:USDT,0.729,169.0,0.7289,459.0,0.7298,169.0,0.7299,218.0
1753533525526,12:38:45.526,BAND/USDT:USDT,0.729,169.0,0.7289,459.0,0.7298,169.0,0.7299,218.0
1753533530925,12:38:50.925,BAND/USDT:USDT,0.729,169.0,0.7289,459.0,0.7298,169.0,0.7299,218.0
1753533531004,12:38:51.004,BAND/USDT:USDT,0.729,169.0,0.7289,459.0,0.7298,169.0,0.7299,218.0
1753533531071,12:38:51.071,BAND/USDT:USDT,0.729,169.0,0.7289,459.0,0.7298,169.0,0.7299,218.0
1753533531230,12:38:51.230,BAND/USDT:USDT,0.729,169.0,0.7289,459.0,0.7298,169.0,0.7299,218.0
1753533531627,12:38:51.627,BAND/USDT:USDT,0.729,169.0,0.7289,459.0,0.7298,169.0,0.7299,218.0
1753533532131,12:38:52.131,BAND/USDT:USDT,0.729,169.0,0.7289,459.0,0.7298,169.0,0.7299,218.0
1753533532237,12:38:52.237,BAND/USDT:USDT,0.7289,169.0,0.7274,167.0,0.7295,168.0,0.7296,217.0
1753533532340,12:38:52.340,BAND/USDT:USDT,0.7277,4122.0,0.7276,168.0,0.7295,168.0,0.7296,490.0
1753533532426,12:38:52.426,BAND/USDT:USDT,0.7284,168.0,0.7283,4119.0,0.7295,168.0,0.7296,217.0
1753533532516,12:38:52.516,BAND/USDT:USDT,0.7286,168.0,0.7285,440.0,0.7295,168.0,0.7296,217.0
1753533534236,12:38:54.236,BAND/USDT:USDT,0.7286,168.0,0.7285,440.0,0.7295,168.0,0.7296,217.0
1753533535430,12:38:55.430,BAND/USDT:USDT,0.7286,168.0,0.7285,440.0,0.7295,168.0,0.7296,217.0
1753533535442,12:38:55.442,BAND/USDT:USDT,0.7286,168.0,0.7285,440.0,0.7295,168.0,0.7296,217.0
1753533535930,12:38:55.930,BAND/USDT:USDT,0.7286,168.0,0.7285,440.0,0.7296,217.0,0.7297,549.0
1753533536035,12:38:56.035,BAND/USDT:USDT,0.7287,166.0,0.7286,4285.0,0.7295,166.0,0.7296,217.0
1753533536275,12:38:56.275,BAND/USDT:USDT,0.7287,166.0,0.7286,4285.0,0.7296,217.0,0.7297,549.0
1753533536442,12:38:56.442,BAND/USDT:USDT,0.7287,166.0,0.7286,4285.0,0.7295,166.0,0.7296,217.0
1753533536877,12:38:56.877,BAND/USDT:USDT,0.7287,166.0,0.7286,4285.0,0.7295,166.0,0.7296,217.0
1753533539051,12:38:59.051,BAND/USDT:USDT,0.7287,166.0,0.7286,4285.0,0.7296,217.0,0.7297,549.0
1753533539651,12:38:59.651,BAND/USDT:USDT,0.7287,166.0,0.7286,4285.0,0.7296,217.0,0.7297,549.0
1753533539982,12:38:59.982,BAND/USDT:USDT,0.7287,166.0,0.7286,4285.0,0.7295,166.0,0.7296,217.0
1753533540131,12:39:00.131,BAND/USDT:USDT,0.7287,166.0,0.7286,4285.0,0.7295,166.0,0.7296,217.0
1753533540304,12:39:00.304,BAND/USDT:USDT,0.7287,166.0,0.7286,4285.0,0.7296,217.0,0.7297,549.0
1753533540548,12:39:00.548,BAND/USDT:USDT,0.7287,166.0,0.7286,4285.0,0.7296,217.0,0.7297,549.0
1753533540940,12:39:00.940,BAND/USDT:USDT,0.7287,166.0,0.7286,4285.0,0.7296,217.0,0.7297,549.0
1753533541502,12:39:01.502,BAND/USDT:USDT,0.7289,166.0,0.7288,420.0,0.7296,49.0,0.7297,549.0
1753533541671,12:39:01.671,BAND/USDT:USDT,0.729,166.0,0.7289,4281.0,0.7297,54.0,0.7298,493.0
1753533541770,12:39:01.770,BAND/USDT:USDT,0.729,166.0,0.7289,4281.0,0.7297,54.0,0.7298,493.0
1753533542462,12:39:02.462,BAND/USDT:USDT,0.729,166.0,0.7289,4281.0,0.7297,220.0,0.7298,493.0
1753533543925,12:39:03.925,BAND/USDT:USDT,0.729,166.0,0.7289,4281.0,0.7297,220.0,0.7298,493.0
1753533544195,12:39:04.195,BAND/USDT:USDT,0.729,166.0,0.7289,4281.0,0.7297,220.0,0.7298,493.0
1753533544925,12:39:04.925,BAND/USDT:USDT,0.729,166.0,0.7289,4281.0,0.7297,220.0,0.7298,493.0
1753533545376,12:39:05.376,BAND/USDT:USDT,0.729,166.0,0.7289,4281.0,0.7297,220.0,0.7298,493.0
1753533545905,12:39:05.905,BAND/USDT:USDT,0.729,166.0,0.7289,4281.0,0.7297,220.0,0.7298,493.0
1753533546066,12:39:06.066,BAND/USDT:USDT,0.729,166.0,0.7289,4281.0,0.7297,54.0,0.7298,493.0
1753533546423,12:39:06.423,BAND/USDT:USDT,0.729,166.0,0.7289,4281.0,0.7297,223.0,0.7298,493.0
1753533546882,12:39:06.882,BAND/USDT:USDT,0.729,166.0,0.7289,4281.0,0.7297,223.0,0.7298,682.0
1753533547225,12:39:07.225,BAND/USDT:USDT,0.729,166.0,0.7289,4281.0,0.7297,54.0,0.7298,682.0
1753533547599,12:39:07.599,BAND/USDT:USDT,0.729,166.0,0.7289,4281.0,0.7297,54.0,0.7298,513.0
1753533547737,12:39:07.737,BAND/USDT:USDT,0.729,166.0,0.7289,4281.0,0.7297,54.0,0.7298,513.0
1753533547757,12:39:07.757,BAND/USDT:USDT,0.729,166.0,0.7289,4281.0,0.7297,54.0,0.7298,513.0
1753533547884,12:39:07.884,BAND/USDT:USDT,0.729,166.0,0.7289,4281.0,0.7297,54.0,0.7298,513.0
1753533548030,12:39:08.030,BAND/USDT:USDT,0.729,166.0,0.7289,4281.0,0.7297,54.0,0.7298,513.0
1753533548134,12:39:08.134,BAND/USDT:USDT,0.729,166.0,0.7289,4281.0,0.7297,54.0,0.7298,513.0
1753533548865,12:39:08.865,BAND/USDT:USDT,0.729,166.0,0.7289,4281.0,0.7297,54.0,0.7298,513.0
1753533549830,12:39:09.830,BAND/USDT:USDT,0.729,166.0,0.7289,4281.0,0.7297,54.0,0.7298,513.0
1753533550596,12:39:10.596,BAND/USDT:USDT,0.729,166.0,0.7289,4281.0,0.7297,223.0,0.7298,513.0
1753533550933,12:39:10.933,BAND/USDT:USDT,0.729,166.0,0.7289,4281.0,0.7297,223.0,0.7298,513.0
1753533551026,12:39:11.026,BAND/USDT:USDT,0.729,166.0,0.7289,4281.0,0.7297,54.0,0.7298,513.0
1753533551540,12:39:11.540,BAND/USDT:USDT,0.729,166.0,0.7289,4281.0,0.7297,54.0,0.7298,513.0
1753533551808,12:39:11.808,BAND/USDT:USDT,0.729,166.0,0.7289,4281.0,0.7297,54.0,0.7298,513.0
1753533553786,12:39:13.786,BAND/USDT:USDT,0.729,166.0,0.7289,4281.0,0.7297,54.0,0.7298,513.0
1753533555235,12:39:15.235,BAND/USDT:USDT,0.729,166.0,0.7289,4281.0,0.7297,220.0,0.7298,513.0
1753533555310,12:39:15.310,BAND/USDT:USDT,0.729,166.0,0.7289,4281.0,0.7297,220.0,0.7298,513.0
1753533555563,12:39:15.563,BAND/USDT:USDT,0.729,166.0,0.7289,4281.0,0.7297,54.0,0.7298,513.0
1753533556523,12:39:16.523,BAND/USDT:USDT,0.7292,166.0,0.7291,420.0,0.7297,54.0,0.7298,513.0
1753533556672,12:39:16.672,BAND/USDT:USDT,0.7292,166.0,0.7291,420.0,0.7297,54.0,0.7298,513.0
1753533556752,12:39:16.752,BAND/USDT:USDT,0.7292,166.0,0.7291,420.0,0.7297,54.0,0.7298,513.0
1753533558322,12:39:18.322,BAND/USDT:USDT,0.7292,166.0,0.7291,420.0,0.7297,220.0,0.7298,513.0
1753533559498,12:39:19.498,BAND/USDT:USDT,0.7292,166.0,0.7291,420.0,0.7297,220.0,0.7298,513.0
1753533559572,12:39:19.572,BAND/USDT:USDT,0.7292,166.0,0.7291,420.0,0.7297,54.0,0.7298,513.0
1753533560903,12:39:20.903,BAND/USDT:USDT,0.7292,166.0,0.7291,420.0,0.7297,220.0,0.7298,513.0
1753533562535,12:39:22.535,BAND/USDT:USDT,0.7292,166.0,0.7291,420.0,0.7297,220.0,0.7298,513.0
