timestamp,time,symbol,bid1_price,bid1_volume,bid2_price,bid2_volume,ask1_price,ask1_volume,ask2_price,ask2_volume
1753533019000,12:30:19.000,BB/USDT:USDT,0.1114,46.0,0.11139,8.0,0.11146,29.0,0.11147,16.0
1753533020987,12:30:20.987,BB/USDT:USDT,0.1114,46.0,0.11139,8.0,0.11146,29.0,0.11147,16.0
1753533021640,12:30:21.640,BB/USDT:USDT,0.1114,46.0,0.11139,8.0,0.11146,29.0,0.11147,16.0
1753533022432,12:30:22.432,BB/USDT:USDT,0.11141,44.0,0.1114,46.0,0.11146,29.0,0.11156,22.0
1753533022525,12:30:22.525,BB/USDT:USDT,0.1114,2.0,0.11139,16.0,0.11146,29.0,0.1115,8.0
1753533022616,12:30:22.616,BB/USDT:USDT,0.11139,16.0,0.11138,16.0,0.11146,29.0,0.11149,22.0
1753533022687,12:30:22.687,BB/USDT:USDT,0.11139,16.0,0.11138,16.0,0.11146,29.0,0.11149,22.0
1753533023062,12:30:23.062,BB/USDT:USDT,0.11139,16.0,0.11138,16.0,0.11146,29.0,0.11149,22.0
1753533023159,12:30:23.159,BB/USDT:USDT,0.11139,16.0,0.11138,16.0,0.11146,29.0,0.11149,22.0
1753533025295,12:30:25.295,BB/USDT:USDT,0.11139,16.0,0.11138,16.0,0.11146,29.0,0.11149,22.0
1753533025397,12:30:25.397,BB/USDT:USDT,0.11139,16.0,0.11138,16.0,0.11146,29.0,0.11149,22.0
1753533026022,12:30:26.022,BB/USDT:USDT,0.11139,16.0,0.11138,16.0,0.11146,29.0,0.11147,8.0
1753533026047,12:30:26.047,BB/USDT:USDT,0.11139,16.0,0.11138,16.0,0.11146,29.0,0.11147,8.0
1753533026521,12:30:26.521,BB/USDT:USDT,0.11139,16.0,0.11138,16.0,0.11146,29.0,0.11157,22.0
1753533026652,12:30:26.652,BB/USDT:USDT,0.11139,16.0,0.11138,16.0,0.11146,29.0,0.11157,22.0
1753533026908,12:30:26.908,BB/USDT:USDT,0.11139,16.0,0.11138,16.0,0.11146,29.0,0.11157,22.0
1753533027017,12:30:27.017,BB/USDT:USDT,0.11139,16.0,0.11138,16.0,0.11146,29.0,0.11156,50.0
1753533027453,12:30:27.453,BB/USDT:USDT,0.11139,16.0,0.11138,16.0,0.11146,29.0,0.11156,50.0
1753533027684,12:30:27.684,BB/USDT:USDT,0.11139,16.0,0.11138,16.0,0.11146,29.0,0.11147,17.0
1753533028025,12:30:28.025,BB/USDT:USDT,0.11139,16.0,0.11138,16.0,0.11146,37.0,0.11147,33.0
1753533028124,12:30:28.124,BB/USDT:USDT,0.11134,9.0,0.11129,9.0,0.11146,37.0,0.11147,25.0
1753533028726,12:30:28.726,BB/USDT:USDT,0.11134,9.0,0.11129,9.0,0.11146,37.0,0.11147,8.0
1753533028995,12:30:28.995,BB/USDT:USDT,0.11134,9.0,0.11129,9.0,0.11146,37.0,0.11147,8.0
1753533029637,12:30:29.637,BB/USDT:USDT,0.11134,9.0,0.11129,9.0,0.11146,37.0,0.11147,8.0
1753533029755,12:30:29.755,BB/USDT:USDT,0.11134,9.0,0.11129,9.0,0.11146,37.0,0.11147,8.0
1753533030029,12:30:30.029,BB/USDT:USDT,0.11134,9.0,0.11129,9.0,0.11146,37.0,0.11147,8.0
1753533030064,12:30:30.064,BB/USDT:USDT,0.11134,9.0,0.11129,9.0,0.11146,37.0,0.11147,8.0
1753533030174,12:30:30.174,BB/USDT:USDT,0.11134,9.0,0.11129,9.0,0.11146,37.0,0.11147,8.0
1753533031024,12:30:31.024,BB/USDT:USDT,0.11134,9.0,0.11129,9.0,0.11146,37.0,0.11147,8.0
1753533031720,12:30:31.720,BB/USDT:USDT,0.1114,44.0,0.11139,52.0,0.11146,29.0,0.11156,50.0
1753533031784,12:30:31.784,BB/USDT:USDT,0.11141,44.0,0.1114,2.0,0.11146,29.0,0.11148,8.0
1753533031837,12:30:31.837,BB/USDT:USDT,0.11141,44.0,0.1114,2.0,0.11146,29.0,0.11148,8.0
1753533032137,12:30:32.137,BB/USDT:USDT,0.11141,44.0,0.1114,2.0,0.11146,29.0,0.11148,8.0
1753533032877,12:30:32.877,BB/USDT:USDT,0.11141,44.0,0.1114,2.0,0.11146,29.0,0.11148,8.0
1753533033020,12:30:33.020,BB/USDT:USDT,0.11141,44.0,0.1114,2.0,0.11146,29.0,0.11148,16.0
1753533034004,12:30:34.004,BB/USDT:USDT,0.11141,44.0,0.1114,2.0,0.11146,29.0,0.11148,16.0
1753533034927,12:30:34.927,BB/USDT:USDT,0.11141,44.0,0.1114,2.0,0.11146,29.0,0.11148,16.0
1753533038023,12:30:38.023,BB/USDT:USDT,0.11141,44.0,0.1114,2.0,0.11146,29.0,0.11148,16.0
1753533038046,12:30:38.046,BB/USDT:USDT,0.11141,44.0,0.1114,2.0,0.11146,29.0,0.11148,16.0
1753533038248,12:30:38.248,BB/USDT:USDT,0.11141,44.0,0.1114,2.0,0.11146,29.0,0.11148,16.0
1753533039260,12:30:39.260,BB/USDT:USDT,0.11141,44.0,0.1114,2.0,0.11146,29.0,0.11148,16.0
1753533041682,12:30:41.682,BB/USDT:USDT,0.11143,44.0,0.1114,2.0,0.11146,29.0,0.11148,8.0
1753533041791,12:30:41.791,BB/USDT:USDT,0.11143,44.0,0.1114,2.0,0.11146,29.0,0.11148,8.0
1753533042272,12:30:42.272,BB/USDT:USDT,0.11143,44.0,0.1114,2.0,0.11146,29.0,0.11148,16.0
1753533044277,12:30:44.277,BB/USDT:USDT,0.11143,44.0,0.1114,2.0,0.11146,29.0,0.11147,17.0
1753533044348,12:30:44.348,BB/USDT:USDT,0.11143,44.0,0.11138,2.0,0.11146,29.0,0.11147,17.0
1753533044704,12:30:44.704,BB/USDT:USDT,0.11143,44.0,0.11138,2.0,0.11146,29.0,0.11147,17.0
1753533045304,12:30:45.304,BB/USDT:USDT,0.11143,44.0,0.11138,2.0,0.11146,29.0,0.11148,16.0
1753533046521,12:30:46.521,BB/USDT:USDT,0.11142,44.0,0.11138,2.0,0.11146,29.0,0.11148,16.0
1753533046613,12:30:46.613,BB/USDT:USDT,0.11142,44.0,0.11136,9.0,0.11146,29.0,0.11148,16.0
1753533046726,12:30:46.726,BB/USDT:USDT,0.11137,2.0,0.11131,9.0,0.11146,45.0,0.11147,33.0
1753533046821,12:30:46.821,BB/USDT:USDT,0.11135,44.0,0.11134,44.0,0.11145,21.0,0.11146,8.0
1753533046929,12:30:46.929,BB/USDT:USDT,0.11141,44.0,0.11137,16.0,0.11145,21.0,0.11146,16.0
1753533047031,12:30:47.031,BB/USDT:USDT,0.11141,44.0,0.11138,2.0,0.11145,21.0,0.11146,16.0
1753533047735,12:30:47.735,BB/USDT:USDT,0.11141,44.0,0.11138,2.0,0.11145,21.0,0.11146,16.0
1753533047972,12:30:47.972,BB/USDT:USDT,0.11141,44.0,0.11138,2.0,0.11145,21.0,0.11146,16.0
1753533049476,12:30:49.476,BB/USDT:USDT,0.11138,2.0,0.11137,16.0,0.11145,21.0,0.11146,16.0
1753533049591,12:30:49.591,BB/USDT:USDT,0.11137,16.0,0.11131,9.0,0.11145,21.0,0.11146,16.0
1753533049730,12:30:49.730,BB/USDT:USDT,0.11137,8.0,0.11131,9.0,0.11145,21.0,0.11146,16.0
1753533050181,12:30:50.181,BB/USDT:USDT,0.11137,8.0,0.11131,9.0,0.11145,21.0,0.11146,25.0
1753533050458,12:30:50.458,BB/USDT:USDT,0.11137,8.0,0.11131,9.0,0.11145,21.0,0.11146,25.0
1753533050917,12:30:50.917,BB/USDT:USDT,0.11137,8.0,0.11131,9.0,0.11145,21.0,0.11146,17.0
1753533051228,12:30:51.228,BB/USDT:USDT,0.11137,8.0,0.11131,9.0,0.11145,21.0,0.11146,8.0
1753533051329,12:30:51.329,BB/USDT:USDT,0.11142,44.0,0.11137,16.0,0.11145,21.0,0.11147,8.0
1753533051433,12:30:51.433,BB/USDT:USDT,0.11142,44.0,0.11138,2.0,0.11145,21.0,0.11147,8.0
1753533051702,12:30:51.702,BB/USDT:USDT,0.11142,44.0,0.11138,2.0,0.11145,21.0,0.11147,16.0
1753533052517,12:30:52.517,BB/USDT:USDT,0.11144,44.0,0.11143,8.0,0.11145,21.0,0.11156,50.0
1753533052585,12:30:52.585,BB/USDT:USDT,0.11143,8.0,0.11142,8.0,0.11145,21.0,0.11156,50.0
1753533052691,12:30:52.691,BB/USDT:USDT,0.1114,16.0,0.11137,11.0,0.11145,21.0,0.11156,50.0
1753533052740,12:30:52.740,BB/USDT:USDT,0.1114,16.0,0.11137,9.0,0.11145,21.0,0.11156,50.0
1753533052920,12:30:52.920,BB/USDT:USDT,0.1114,16.0,0.11137,9.0,0.11145,21.0,0.11156,50.0
1753533053232,12:30:53.232,BB/USDT:USDT,0.1114,16.0,0.11137,9.0,0.11145,21.0,0.11148,9.0
1753533053495,12:30:53.495,BB/USDT:USDT,0.1114,16.0,0.11137,9.0,0.11145,21.0,0.11148,9.0
1753533053736,12:30:53.736,BB/USDT:USDT,0.1114,16.0,0.11137,9.0,0.11145,21.0,0.11148,9.0
1753533054149,12:30:54.149,BB/USDT:USDT,0.1114,16.0,0.11137,9.0,0.11145,21.0,0.11148,9.0
1753533054262,12:30:54.262,BB/USDT:USDT,0.1114,16.0,0.11137,9.0,0.11145,21.0,0.11156,50.0
1753533055728,12:30:55.728,BB/USDT:USDT,0.1114,16.0,0.11137,9.0,0.11145,21.0,0.11148,9.0
1753533055772,12:30:55.772,BB/USDT:USDT,0.1114,16.0,0.11137,9.0,0.11145,21.0,0.11148,9.0
1753533056785,12:30:56.785,BB/USDT:USDT,0.1114,16.0,0.11137,9.0,0.11145,21.0,0.11156,50.0
1753533057317,12:30:57.317,BB/USDT:USDT,0.11137,9.0,0.11131,9.0,0.11145,21.0,0.11148,17.0
1753533057396,12:30:57.396,BB/USDT:USDT,0.11141,44.0,0.11137,16.0,0.11145,21.0,0.11147,8.0
1753533057499,12:30:57.499,BB/USDT:USDT,0.11141,44.0,0.11138,2.0,0.11145,21.0,0.11147,16.0
1753533057540,12:30:57.540,BB/USDT:USDT,0.11141,44.0,0.11137,16.0,0.11145,21.0,0.11147,16.0
1753533057647,12:30:57.647,BB/USDT:USDT,0.11141,44.0,0.11138,2.0,0.11145,21.0,0.11147,16.0
1753533058320,12:30:58.320,BB/USDT:USDT,0.11141,44.0,0.11138,2.0,0.11145,21.0,0.11147,16.0
1753533058727,12:30:58.727,BB/USDT:USDT,0.11141,52.0,0.1114,16.0,0.11145,21.0,0.11147,16.0
1753533058756,12:30:58.756,BB/USDT:USDT,0.11142,2.0,0.1114,8.0,0.11145,21.0,0.11147,16.0
1753533058841,12:30:58.841,BB/USDT:USDT,0.1114,8.0,0.11139,8.0,0.11145,21.0,0.11147,16.0
1753533059678,12:30:59.678,BB/USDT:USDT,0.1114,8.0,0.11139,8.0,0.11145,21.0,0.11147,16.0
1753533059806,12:30:59.806,BB/USDT:USDT,0.1114,8.0,0.11139,8.0,0.11145,21.0,0.11147,16.0
1753533059856,12:30:59.856,BB/USDT:USDT,0.1114,8.0,0.11139,8.0,0.11145,21.0,0.11147,16.0
1753533060231,12:31:00.231,BB/USDT:USDT,0.11138,44.0,0.11137,44.0,0.11145,21.0,0.11147,8.0
1753533060324,12:31:00.324,BB/USDT:USDT,0.1114,44.0,0.11138,2.0,0.11145,21.0,0.11146,9.0
1753533060429,12:31:00.429,BB/USDT:USDT,0.1114,44.0,0.11139,8.0,0.11145,21.0,0.11146,9.0
1753533060440,12:31:00.440,BB/USDT:USDT,0.1114,46.0,0.11139,8.0,0.11145,21.0,0.11146,9.0
1753533061014,12:31:01.014,BB/USDT:USDT,0.1114,46.0,0.11134,9.0,0.11145,21.0,0.11146,9.0
1753533061317,12:31:01.317,BB/USDT:USDT,0.1114,46.0,0.11138,8.0,0.11145,21.0,0.11147,16.0
1753533061518,12:31:01.518,BB/USDT:USDT,0.1114,2.0,0.11134,9.0,0.11145,21.0,0.11147,16.0
1753533061729,12:31:01.729,BB/USDT:USDT,0.1114,2.0,0.11134,9.0,0.11145,21.0,0.11146,9.0
1753533061734,12:31:01.734,BB/USDT:USDT,0.1114,2.0,0.11134,9.0,0.11145,21.0,0.11146,9.0
1753533061856,12:31:01.856,BB/USDT:USDT,0.11134,9.0,0.11128,2.0,0.11145,21.0,0.11146,9.0
1753533062019,12:31:02.019,BB/USDT:USDT,0.11135,44.0,0.11129,9.0,0.11145,21.0,0.11146,9.0
1753533062114,12:31:02.114,BB/USDT:USDT,0.11141,44.0,0.1114,44.0,0.11145,21.0,0.11146,9.0
1753533062220,12:31:02.220,BB/USDT:USDT,0.11141,46.0,0.11136,17.0,0.11145,21.0,0.11146,9.0
1753533062241,12:31:02.241,BB/USDT:USDT,0.11141,44.0,0.11137,2.0,0.11145,21.0,0.11146,9.0
1753533062750,12:31:02.750,BB/USDT:USDT,0.11141,44.0,0.11137,2.0,0.11145,21.0,0.11147,16.0
1753533063402,12:31:03.402,BB/USDT:USDT,0.11141,44.0,0.11137,2.0,0.11145,30.0,0.11147,16.0
1753533064004,12:31:04.004,BB/USDT:USDT,0.11141,44.0,0.11137,2.0,0.11145,30.0,0.11147,16.0
1753533064416,12:31:04.416,BB/USDT:USDT,0.11141,44.0,0.11137,2.0,0.11145,21.0,0.11147,16.0
1753533064521,12:31:04.521,BB/USDT:USDT,0.11137,2.0,0.11136,8.0,0.11145,21.0,0.11147,16.0
1753533064626,12:31:04.626,BB/USDT:USDT,0.11141,44.0,0.11136,17.0,0.11145,21.0,0.11147,16.0
1753533064731,12:31:04.731,BB/USDT:USDT,0.11141,44.0,0.11137,2.0,0.11145,21.0,0.11147,16.0
1753533065126,12:31:05.126,BB/USDT:USDT,0.11141,44.0,0.1114,8.0,0.11145,21.0,0.11147,16.0
1753533065140,12:31:05.140,BB/USDT:USDT,0.11141,46.0,0.1114,8.0,0.11145,21.0,0.11147,16.0
1753533065598,12:31:05.598,BB/USDT:USDT,0.11141,46.0,0.1114,8.0,0.11145,21.0,0.11147,16.0
1753533066210,12:31:06.210,BB/USDT:USDT,0.11141,2.0,0.11139,8.0,0.11145,21.0,0.11147,16.0
1753533066240,12:31:06.240,BB/USDT:USDT,0.11139,8.0,0.11136,9.0,0.11145,21.0,0.11147,16.0
1753533067417,12:31:07.417,BB/USDT:USDT,0.11139,8.0,0.11138,8.0,0.11145,21.0,0.11147,16.0
1753533067515,12:31:07.515,BB/USDT:USDT,0.1114,44.0,0.11139,8.0,0.11145,21.0,0.11147,8.0
1753533067560,12:31:07.560,BB/USDT:USDT,0.1114,46.0,0.11139,8.0,0.11145,21.0,0.11156,50.0
1753533067657,12:31:07.657,BB/USDT:USDT,0.1114,46.0,0.11139,8.0,0.11145,21.0,0.11156,50.0
1753533068367,12:31:08.367,BB/USDT:USDT,0.1114,46.0,0.11139,8.0,0.11145,21.0,0.11156,50.0
1753533068548,12:31:08.548,BB/USDT:USDT,0.1114,46.0,0.11139,8.0,0.11145,21.0,0.11156,50.0
1753533069033,12:31:09.033,BB/USDT:USDT,0.11144,44.0,0.11141,44.0,0.11155,268.0,0.11156,50.0
1753533069122,12:31:09.122,BB/USDT:USDT,0.11145,44.0,0.11142,2.0,0.11155,290.0,0.11156,50.0
1753533069164,12:31:09.164,BB/USDT:USDT,0.11145,44.0,0.11137,2.0,0.11155,290.0,0.11156,50.0
1753533069297,12:31:09.297,BB/USDT:USDT,0.11145,44.0,0.11139,9.0,0.11155,290.0,0.11156,50.0
1753533069351,12:31:09.351,BB/USDT:USDT,0.11145,44.0,0.1114,2.0,0.11155,290.0,0.11156,50.0
1753533069456,12:31:09.456,BB/USDT:USDT,0.11145,44.0,0.1114,2.0,0.11155,290.0,0.11156,50.0
1753533069559,12:31:09.559,BB/USDT:USDT,0.11145,44.0,0.1114,2.0,0.11155,298.0,0.11158,50.0
1753533070016,12:31:10.016,BB/USDT:USDT,0.11145,44.0,0.1114,2.0,0.11155,276.0,0.11157,22.0
1753533070118,12:31:10.118,BB/USDT:USDT,0.11145,44.0,0.1114,2.0,0.11155,276.0,0.11157,22.0
1753533070409,12:31:10.409,BB/USDT:USDT,0.11145,44.0,0.1114,2.0,0.11155,276.0,0.11157,22.0
1753533070531,12:31:10.531,BB/USDT:USDT,0.11145,44.0,0.1114,2.0,0.11155,276.0,0.11157,22.0
1753533070819,12:31:10.819,BB/USDT:USDT,0.11148,44.0,0.1114,2.0,0.11154,218.0,0.11155,276.0
1753533070922,12:31:10.922,BB/USDT:USDT,0.11148,44.0,0.11143,9.0,0.11154,218.0,0.11155,276.0
1753533070941,12:31:10.941,BB/USDT:USDT,0.11148,44.0,0.11144,2.0,0.11154,218.0,0.11155,276.0
1753533071125,12:31:11.125,BB/USDT:USDT,0.11148,44.0,0.11144,2.0,0.11154,218.0,0.11155,276.0
1753533071790,12:31:11.790,BB/USDT:USDT,0.11148,44.0,0.11144,2.0,0.11154,263.0,0.11155,276.0
1753533071940,12:31:11.940,BB/USDT:USDT,0.11148,44.0,0.11144,2.0,0.11154,263.0,0.11155,276.0
1753533072320,12:31:12.320,BB/USDT:USDT,0.11144,2.0,0.11138,9.0,0.11154,263.0,0.11155,276.0
1753533072357,12:31:12.357,BB/USDT:USDT,0.11138,9.0,0.11133,2.0,0.11154,263.0,0.11155,276.0
1753533072438,12:31:12.438,BB/USDT:USDT,0.11138,9.0,0.11133,2.0,0.11154,272.0,0.11155,276.0
1753533072686,12:31:12.686,BB/USDT:USDT,0.11138,9.0,0.11133,2.0,0.11154,272.0,0.11155,276.0
1753533072772,12:31:12.772,BB/USDT:USDT,0.11138,9.0,0.11133,2.0,0.11154,272.0,0.11155,276.0
1753533073451,12:31:13.451,BB/USDT:USDT,0.11138,9.0,0.11133,2.0,0.11154,263.0,0.11155,276.0
1753533073595,12:31:13.595,BB/USDT:USDT,0.11138,9.0,0.11133,2.0,0.11154,263.0,0.11155,276.0
1753533074044,12:31:14.044,BB/USDT:USDT,0.11138,9.0,0.11133,2.0,0.11154,272.0,0.11155,276.0
1753533074696,12:31:14.696,BB/USDT:USDT,0.11138,9.0,0.11133,2.0,0.11154,272.0,0.11155,276.0
1753533074851,12:31:14.851,BB/USDT:USDT,0.11138,9.0,0.11133,2.0,0.11154,272.0,0.11155,276.0
1753533075104,12:31:15.104,BB/USDT:USDT,0.11138,9.0,0.11133,2.0,0.11154,272.0,0.11155,276.0
1753533075378,12:31:15.378,BB/USDT:USDT,0.11138,9.0,0.11133,2.0,0.11154,585.0,0.11155,8.0
1753533075526,12:31:15.526,BB/USDT:USDT,0.11142,44.0,0.11141,44.0,0.11153,95.0,0.11154,285.0
1753533075631,12:31:15.631,BB/USDT:USDT,0.11146,44.0,0.11142,2.0,0.11153,95.0,0.11154,285.0
1753533075641,12:31:15.641,BB/USDT:USDT,0.11146,44.0,0.1114,9.0,0.11153,95.0,0.11154,285.0
1753533075796,12:31:15.796,BB/USDT:USDT,0.11141,2.0,0.11132,50.0,0.11153,95.0,0.11154,285.0
1753533075900,12:31:15.900,BB/USDT:USDT,0.11133,2.0,0.11132,50.0,0.11153,95.0,0.11154,285.0
1753533076020,12:31:16.020,BB/USDT:USDT,0.11137,44.0,0.11136,44.0,0.11152,61.0,0.11153,50.0
1753533076119,12:31:16.119,BB/USDT:USDT,0.11144,44.0,0.11143,44.0,0.11152,106.0,0.11153,58.0
1753533076161,12:31:16.161,BB/USDT:USDT,0.11145,44.0,0.11144,2.0,0.11152,106.0,0.11153,58.0
1753533076267,12:31:16.267,BB/USDT:USDT,0.11145,44.0,0.11142,2.0,0.11152,106.0,0.11153,58.0
1753533077012,12:31:17.012,BB/USDT:USDT,0.11145,44.0,0.11144,8.0,0.11152,106.0,0.11153,58.0
1753533077040,12:31:17.040,BB/USDT:USDT,0.11145,46.0,0.11144,8.0,0.11152,106.0,0.11153,58.0
1753533077256,12:31:17.256,BB/USDT:USDT,0.11145,46.0,0.11144,8.0,0.11152,106.0,0.11153,50.0
1753533077867,12:31:17.867,BB/USDT:USDT,0.11145,46.0,0.11144,8.0,0.11152,61.0,0.11153,50.0
1753533078025,12:31:18.025,BB/USDT:USDT,0.11152,44.0,0.11147,60.0,0.11153,50.0,0.11154,268.0
1753533078129,12:31:18.129,BB/USDT:USDT,0.11152,44.0,0.11151,8.0,0.11153,50.0,0.11154,268.0
1753533078223,12:31:18.223,BB/USDT:USDT,0.11152,44.0,0.11147,8.0,0.11153,50.0,0.11157,22.0
1753533078330,12:31:18.330,BB/USDT:USDT,0.11152,44.0,0.11151,16.0,0.11153,50.0,0.11157,22.0
1753533078376,12:31:18.376,BB/USDT:USDT,0.11151,16.0,0.11146,9.0,0.11153,50.0,0.11157,22.0
1753533078525,12:31:18.525,BB/USDT:USDT,0.11154,44.0,0.11153,44.0,0.11157,22.0,0.1116,6.0
1753533078603,12:31:18.603,BB/USDT:USDT,0.11154,44.0,0.11151,8.0,0.11157,22.0,0.1116,6.0
1753533078727,12:31:18.727,BB/USDT:USDT,0.11154,44.0,0.11151,8.0,0.11157,22.0,0.1116,6.0
1753533078794,12:31:18.794,BB/USDT:USDT,0.11154,44.0,0.11151,8.0,0.11157,22.0,0.1116,6.0
1753533078884,12:31:18.884,BB/USDT:USDT,0.11154,44.0,0.11152,2.0,0.11157,22.0,0.1116,6.0
1753533079014,12:31:19.014,BB/USDT:USDT,0.11154,44.0,0.11152,2.0,0.11159,22.0,0.1116,6.0
1753533079202,12:31:19.202,BB/USDT:USDT,0.11154,44.0,0.11152,2.0,0.11159,22.0,0.1116,6.0
1753533079427,12:31:19.427,BB/USDT:USDT,0.11154,44.0,0.11152,2.0,0.11159,22.0,0.1116,6.0
1753533079438,12:31:19.438,BB/USDT:USDT,0.11154,44.0,0.11152,2.0,0.11159,22.0,0.1116,6.0
1753533079690,12:31:19.690,BB/USDT:USDT,0.11154,44.0,0.11152,2.0,0.11159,22.0,0.1116,6.0
1753533080022,12:31:20.022,BB/USDT:USDT,0.11154,44.0,0.11152,2.0,0.11159,22.0,0.1116,6.0
1753533080117,12:31:20.117,BB/USDT:USDT,0.11154,44.0,0.11152,2.0,0.11159,22.0,0.1116,6.0
1753533080211,12:31:20.211,BB/USDT:USDT,0.11154,44.0,0.11152,2.0,0.11159,22.0,0.1116,6.0
1753533080512,12:31:20.512,BB/USDT:USDT,0.11154,44.0,0.11152,2.0,0.11159,22.0,0.1116,6.0
1753533080712,12:31:20.712,BB/USDT:USDT,0.11154,44.0,0.11152,2.0,0.11159,22.0,0.1116,6.0
1753533081333,12:31:21.333,BB/USDT:USDT,0.11154,44.0,0.11152,2.0,0.11159,22.0,0.1116,6.0
1753533081404,12:31:21.404,BB/USDT:USDT,0.11154,44.0,0.11152,2.0,0.11159,22.0,0.1116,6.0
1753533081730,12:31:21.730,BB/USDT:USDT,0.11154,44.0,0.11152,2.0,0.11159,22.0,0.1116,6.0
1753533081744,12:31:21.744,BB/USDT:USDT,0.11154,44.0,0.11149,2.0,0.11159,22.0,0.1116,6.0
1753533081891,12:31:21.891,BB/USDT:USDT,0.11154,44.0,0.11149,2.0,0.11159,22.0,0.1116,6.0
1753533082222,12:31:22.222,BB/USDT:USDT,0.11149,2.0,0.11137,50.0,0.11159,22.0,0.1116,6.0
1753533082276,12:31:22.276,BB/USDT:USDT,0.11144,44.0,0.11138,2.0,0.11159,22.0,0.1116,6.0
1753533082422,12:31:22.422,BB/USDT:USDT,0.11144,44.0,0.11138,2.0,0.11159,31.0,0.1116,6.0
1753533082598,12:31:22.598,BB/USDT:USDT,0.11144,44.0,0.11138,11.0,0.11159,31.0,0.1116,6.0
1753533083096,12:31:23.096,BB/USDT:USDT,0.11144,44.0,0.11138,11.0,0.11159,31.0,0.1116,6.0
1753533083308,12:31:23.308,BB/USDT:USDT,0.11144,44.0,0.11138,11.0,0.11159,31.0,0.1116,6.0
1753533083373,12:31:23.373,BB/USDT:USDT,0.11144,44.0,0.11138,11.0,0.11159,22.0,0.1116,6.0
1753533083513,12:31:23.513,BB/USDT:USDT,0.11144,44.0,0.11138,11.0,0.11159,22.0,0.1116,6.0
1753533083552,12:31:23.552,BB/USDT:USDT,0.11144,44.0,0.11138,11.0,0.11159,22.0,0.1116,6.0
1753533084079,12:31:24.079,BB/USDT:USDT,0.11144,44.0,0.11138,11.0,0.11159,22.0,0.1116,6.0
1753533084310,12:31:24.310,BB/USDT:USDT,0.11144,44.0,0.11138,11.0,0.11159,22.0,0.1116,6.0
1753533084370,12:31:24.370,BB/USDT:USDT,0.11144,44.0,0.11138,11.0,0.11159,22.0,0.1116,6.0
1753533084521,12:31:24.521,BB/USDT:USDT,0.11144,44.0,0.11138,11.0,0.11159,71.0,0.1116,6.0
1753533084882,12:31:24.882,BB/USDT:USDT,0.11144,44.0,0.11138,11.0,0.11159,71.0,0.1116,6.0
1753533085277,12:31:25.277,BB/USDT:USDT,0.11144,44.0,0.11138,11.0,0.11159,71.0,0.1116,6.0
1753533085642,12:31:25.642,BB/USDT:USDT,0.11144,44.0,0.11138,11.0,0.11159,71.0,0.1116,6.0
1753533085764,12:31:25.764,BB/USDT:USDT,0.11144,44.0,0.11138,11.0,0.11159,71.0,0.1116,6.0
1753533086227,12:31:26.227,BB/USDT:USDT,0.11148,44.0,0.11147,44.0,0.11158,324.0,0.11159,362.0
1753533086329,12:31:26.329,BB/USDT:USDT,0.11151,44.0,0.11148,2.0,0.11158,332.0,0.11159,362.0
1753533086434,12:31:26.434,BB/USDT:USDT,0.11151,44.0,0.11146,2.0,0.11158,332.0,0.11159,362.0
1753533086622,12:31:26.622,BB/USDT:USDT,0.11151,44.0,0.11146,2.0,0.11158,332.0,0.11159,362.0
1753533086721,12:31:26.721,BB/USDT:USDT,0.11146,2.0,0.11137,50.0,0.11158,332.0,0.11159,362.0
1753533086799,12:31:26.799,BB/USDT:USDT,0.1114,9.0,0.11138,2.0,0.11158,332.0,0.11159,362.0
1753533087041,12:31:27.041,BB/USDT:USDT,0.1114,9.0,0.11138,2.0,0.11158,332.0,0.11159,362.0
1753533087826,12:31:27.826,BB/USDT:USDT,0.1114,9.0,0.11138,2.0,0.11158,332.0,0.11159,313.0
1753533087856,12:31:27.856,BB/USDT:USDT,0.1114,9.0,0.11138,2.0,0.11158,332.0,0.11159,313.0
1753533088271,12:31:28.271,BB/USDT:USDT,0.1114,9.0,0.11138,2.0,0.11158,332.0,0.11159,313.0
1753533089216,12:31:29.216,BB/USDT:USDT,0.11147,44.0,0.11146,44.0,0.11158,414.0,0.11159,268.0
1753533089317,12:31:29.317,BB/USDT:USDT,0.11151,44.0,0.11147,10.0,0.11158,414.0,0.11159,268.0
1753533089377,12:31:29.377,BB/USDT:USDT,0.11151,44.0,0.11147,10.0,0.11158,414.0,0.11159,268.0
1753533089492,12:31:29.492,BB/USDT:USDT,0.11151,44.0,0.11147,10.0,0.11158,414.0,0.11159,268.0
1753533090025,12:31:30.025,BB/USDT:USDT,0.11151,44.0,0.11147,10.0,0.11158,414.0,0.11159,268.0
1753533090303,12:31:30.303,BB/USDT:USDT,0.11151,44.0,0.11147,10.0,0.11158,414.0,0.11159,268.0
1753533090710,12:31:30.710,BB/USDT:USDT,0.11151,44.0,0.11147,10.0,0.11158,414.0,0.11159,268.0
1753533091527,12:31:31.527,BB/USDT:USDT,0.11151,44.0,0.11147,10.0,0.11158,414.0,0.11159,268.0
1753533091725,12:31:31.725,BB/USDT:USDT,0.11151,44.0,0.1115,8.0,0.11158,414.0,0.11159,268.0
1753533091740,12:31:31.740,BB/USDT:USDT,0.11151,46.0,0.1115,8.0,0.11158,414.0,0.11159,268.0
1753533092004,12:31:32.004,BB/USDT:USDT,0.11151,46.0,0.1115,8.0,0.11158,414.0,0.11159,268.0
1753533092117,12:31:32.117,BB/USDT:USDT,0.11152,44.0,0.11151,2.0,0.11158,316.0,0.11159,268.0
1753533092216,12:31:32.216,BB/USDT:USDT,0.11153,44.0,0.11151,2.0,0.11158,316.0,0.11159,268.0
1753533092282,12:31:32.282,BB/USDT:USDT,0.11153,44.0,0.11151,2.0,0.11158,316.0,0.11159,268.0
1753533092402,12:31:32.402,BB/USDT:USDT,0.11153,44.0,0.11151,2.0,0.11158,316.0,0.11159,268.0
1753533092756,12:31:32.756,BB/USDT:USDT,0.11153,44.0,0.11151,2.0,0.11158,316.0,0.11159,268.0
1753533093168,12:31:33.168,BB/USDT:USDT,0.11153,44.0,0.11151,2.0,0.11158,316.0,0.11159,268.0
1753533093410,12:31:33.410,BB/USDT:USDT,0.11153,44.0,0.11151,2.0,0.11158,316.0,0.11159,268.0
1753533093631,12:31:33.631,BB/USDT:USDT,0.11153,52.0,0.11152,16.0,0.11158,316.0,0.11159,268.0
1753533093716,12:31:33.716,BB/USDT:USDT,0.11154,2.0,0.11153,8.0,0.11158,316.0,0.11159,268.0
1753533093828,12:31:33.828,BB/USDT:USDT,0.11154,44.0,0.11153,8.0,0.11177,72.0,0.11178,241.0
1753533093917,12:31:33.917,BB/USDT:USDT,0.11154,44.0,0.11153,8.0,0.11177,128.0,0.11178,241.0
1753533094005,12:31:34.005,BB/USDT:USDT,0.11154,44.0,0.11153,8.0,0.11177,396.0,0.11178,241.0
1753533094277,12:31:34.277,BB/USDT:USDT,0.11154,44.0,0.11153,8.0,0.11177,396.0,0.11178,241.0
1753533094434,12:31:34.434,BB/USDT:USDT,0.11154,44.0,0.11153,8.0,0.11177,396.0,0.11178,241.0
1753533094516,12:31:34.516,BB/USDT:USDT,0.11157,44.0,0.11156,44.0,0.11177,396.0,0.11179,50.0
1753533094603,12:31:34.603,BB/USDT:USDT,0.1116,44.0,0.11154,9.0,0.11177,486.0,0.11179,50.0
1753533094708,12:31:34.708,BB/USDT:USDT,0.1116,44.0,0.11154,9.0,0.11177,486.0,0.11179,50.0
1753533094830,12:31:34.830,BB/USDT:USDT,0.1116,44.0,0.11154,9.0,0.11177,475.0,0.11179,50.0
1753533094918,12:31:34.918,BB/USDT:USDT,0.1116,44.0,0.11154,9.0,0.11177,484.0,0.11179,50.0
1753533095030,12:31:35.030,BB/USDT:USDT,0.1116,44.0,0.11154,9.0,0.11177,520.0,0.11179,50.0
1753533095058,12:31:35.058,BB/USDT:USDT,0.1116,44.0,0.11154,9.0,0.11177,520.0,0.11179,50.0
1753533095219,12:31:35.219,BB/USDT:USDT,0.1116,44.0,0.11154,9.0,0.11177,520.0,0.11179,50.0
1753533095331,12:31:35.331,BB/USDT:USDT,0.1116,44.0,0.11154,9.0,0.11177,470.0,0.11179,50.0
1753533095356,12:31:35.356,BB/USDT:USDT,0.1116,44.0,0.11154,9.0,0.11177,470.0,0.11179,50.0
1753533095597,12:31:35.597,BB/USDT:USDT,0.1116,44.0,0.11154,9.0,0.11177,470.0,0.11179,50.0
1753533095646,12:31:35.646,BB/USDT:USDT,0.1116,44.0,0.11154,9.0,0.11177,470.0,0.11179,50.0
1753533095965,12:31:35.965,BB/USDT:USDT,0.1116,44.0,0.11154,9.0,0.11177,560.0,0.11179,50.0
1753533096064,12:31:36.064,BB/USDT:USDT,0.1116,44.0,0.11154,9.0,0.11177,560.0,0.11179,50.0
1753533096237,12:31:36.237,BB/USDT:USDT,0.1116,44.0,0.11154,9.0,0.11177,560.0,0.11179,50.0
1753533096356,12:31:36.356,BB/USDT:USDT,0.1116,44.0,0.11154,9.0,0.11177,560.0,0.11179,50.0
1753533096491,12:31:36.491,BB/USDT:USDT,0.1116,44.0,0.11154,9.0,0.11177,560.0,0.11179,50.0
1753533096870,12:31:36.870,BB/USDT:USDT,0.1116,44.0,0.11154,9.0,0.11177,560.0,0.11179,50.0
1753533097225,12:31:37.225,BB/USDT:USDT,0.1116,44.0,0.11154,9.0,0.11177,560.0,0.11188,241.0
1753533097440,12:31:37.440,BB/USDT:USDT,0.1116,44.0,0.11154,9.0,0.11177,560.0,0.11182,445.0
1753533098721,12:31:38.721,BB/USDT:USDT,0.11165,44.0,0.11164,44.0,0.11176,210.0,0.11177,403.0
1753533098801,12:31:38.801,BB/USDT:USDT,0.11167,44.0,0.11159,9.0,0.11176,210.0,0.11177,403.0
1753533098902,12:31:38.902,BB/USDT:USDT,0.11167,44.0,0.11161,9.0,0.11176,210.0,0.11177,403.0
1753533098992,12:31:38.992,BB/USDT:USDT,0.11167,44.0,0.11161,9.0,0.11176,300.0,0.11177,313.0
1753533099157,12:31:39.157,BB/USDT:USDT,0.11167,44.0,0.11161,9.0,0.11176,300.0,0.11177,313.0
1753533099709,12:31:39.709,BB/USDT:USDT,0.11167,44.0,0.11161,9.0,0.11176,300.0,0.11177,313.0
1753533099776,12:31:39.776,BB/USDT:USDT,0.11167,44.0,0.11161,9.0,0.11176,300.0,0.11177,313.0
1753533100532,12:31:40.532,BB/USDT:USDT,0.11167,44.0,0.11161,9.0,0.11176,300.0,0.11177,313.0
1753533100672,12:31:40.672,BB/USDT:USDT,0.11167,44.0,0.11161,9.0,0.11176,300.0,0.11177,268.0
1753533100825,12:31:40.825,BB/USDT:USDT,0.11167,44.0,0.11161,9.0,0.11176,300.0,0.11177,268.0
1753533101217,12:31:41.217,BB/USDT:USDT,0.11167,44.0,0.11161,9.0,0.11176,300.0,0.11177,268.0
1753533101236,12:31:41.236,BB/USDT:USDT,0.11167,44.0,0.11161,9.0,0.11176,300.0,0.11177,268.0
1753533101633,12:31:41.633,BB/USDT:USDT,0.11167,44.0,0.11161,9.0,0.11176,300.0,0.11177,268.0
1753533101731,12:31:41.731,BB/USDT:USDT,0.11173,44.0,0.11172,44.0,0.11176,75.0,0.11177,268.0
1753533101777,12:31:41.777,BB/USDT:USDT,0.11154,50.0,0.11153,240.0,0.11176,45.0,0.11177,268.0
1753533102005,12:31:42.005,BB/USDT:USDT,0.11154,51.0,0.11153,240.0,0.11176,45.0,0.11177,268.0
1753533102126,12:31:42.126,BB/USDT:USDT,0.11155,23.0,0.11154,51.0,0.11176,45.0,0.11177,268.0
1753533102219,12:31:42.219,BB/USDT:USDT,0.11161,44.0,0.1116,44.0,0.11176,45.0,0.11177,268.0
1753533102316,12:31:42.316,BB/USDT:USDT,0.11167,44.0,0.11166,44.0,0.11176,45.0,0.11177,268.0
1753533102416,12:31:42.416,BB/USDT:USDT,0.11169,44.0,0.11167,8.0,0.11176,45.0,0.11177,268.0
1753533102507,12:31:42.507,BB/USDT:USDT,0.11172,44.0,0.11167,8.0,0.11176,45.0,0.11177,268.0
1753533102615,12:31:42.615,BB/USDT:USDT,0.11172,44.0,0.11167,8.0,0.11176,45.0,0.11177,268.0
1753533102726,12:31:42.726,BB/USDT:USDT,0.11167,8.0,0.11166,8.0,0.11179,112.0,0.1118,8.0
1753533102820,12:31:42.820,BB/USDT:USDT,0.11168,44.0,0.11167,16.0,0.11179,157.0,0.1118,8.0
1753533102931,12:31:42.931,BB/USDT:USDT,0.11168,44.0,0.11167,16.0,0.11179,112.0,0.1118,8.0
1753533103004,12:31:43.004,BB/USDT:USDT,0.11168,44.0,0.11167,16.0,0.11179,112.0,0.1118,8.0
1753533103094,12:31:43.094,BB/USDT:USDT,0.11168,44.0,0.11167,16.0,0.11179,157.0,0.1118,8.0
1753533103159,12:31:43.159,BB/USDT:USDT,0.11168,44.0,0.11167,16.0,0.11179,157.0,0.1118,8.0
1753533103821,12:31:43.821,BB/USDT:USDT,0.11168,44.0,0.11167,16.0,0.11179,157.0,0.1118,8.0
1753533103928,12:31:43.928,BB/USDT:USDT,0.11168,44.0,0.11167,16.0,0.11179,247.0,0.1118,8.0
1753533103975,12:31:43.975,BB/USDT:USDT,0.11168,44.0,0.11167,16.0,0.11179,247.0,0.1118,8.0
1753533104226,12:31:44.226,BB/USDT:USDT,0.11168,44.0,0.11167,16.0,0.11179,157.0,0.1118,8.0
1753533104304,12:31:44.304,BB/USDT:USDT,0.11168,44.0,0.11167,16.0,0.11179,45.0,0.11189,22.0
1753533104430,12:31:44.430,BB/USDT:USDT,0.11168,44.0,0.11167,16.0,0.11179,135.0,0.11189,22.0
1753533104576,12:31:44.576,BB/USDT:USDT,0.11168,44.0,0.11167,16.0,0.11179,45.0,0.11189,22.0
1753533104719,12:31:44.719,BB/USDT:USDT,0.11168,44.0,0.11167,16.0,0.11178,22.0,0.11179,135.0
1753533104817,12:31:44.817,BB/USDT:USDT,0.11175,44.0,0.11174,44.0,0.11178,22.0,0.1118,8.0
1753533104929,12:31:44.929,BB/USDT:USDT,0.11176,44.0,0.1117,9.0,0.11178,22.0,0.1118,8.0
1753533105026,12:31:45.026,BB/USDT:USDT,0.11176,44.0,0.1117,9.0,0.11178,112.0,0.1118,8.0
1753533105126,12:31:45.126,BB/USDT:USDT,0.11176,44.0,0.1117,9.0,0.11178,112.0,0.1118,8.0
1753533105230,12:31:45.230,BB/USDT:USDT,0.11176,44.0,0.1117,9.0,0.11178,67.0,0.1118,8.0
1753533105296,12:31:45.296,BB/USDT:USDT,0.1117,9.0,0.11162,9.0,0.11178,202.0,0.1118,8.0
1753533105423,12:31:45.423,BB/USDT:USDT,0.1117,9.0,0.11162,9.0,0.11178,202.0,0.1118,16.0
1753533105717,12:31:45.717,BB/USDT:USDT,0.11174,44.0,0.11173,44.0,0.11178,202.0,0.1118,16.0
1753533105812,12:31:45.812,BB/USDT:USDT,0.11175,44.0,0.11169,17.0,0.11178,202.0,0.1118,8.0
1753533105864,12:31:45.864,BB/USDT:USDT,0.11175,44.0,0.11169,17.0,0.11178,22.0,0.1118,8.0
1753533106031,12:31:46.031,BB/USDT:USDT,0.11178,44.0,0.11172,8.0,0.11182,22.0,0.11183,8.0
1753533106133,12:31:46.133,BB/USDT:USDT,0.11158,50.0,0.11157,240.0,0.11183,104.0,0.11188,22.0
1753533106177,12:31:46.177,BB/USDT:USDT,0.1116,50.0,0.11159,268.0,0.11183,204.0,0.11188,22.0
1753533106273,12:31:46.273,BB/USDT:USDT,0.1116,50.0,0.11159,268.0,0.11183,261.0,0.11188,22.0
1753533106428,12:31:46.428,BB/USDT:USDT,0.1116,50.0,0.11159,268.0,0.11183,326.0,0.11188,22.0
1753533106496,12:31:46.496,BB/USDT:USDT,0.1116,51.0,0.11159,268.0,0.11183,326.0,0.11188,22.0
1753533106590,12:31:46.590,BB/USDT:USDT,0.1116,51.0,0.11159,268.0,0.11183,261.0,0.11188,22.0
1753533106698,12:31:46.698,BB/USDT:USDT,0.1116,51.0,0.11159,268.0,0.11183,261.0,0.11188,22.0
1753533106745,12:31:46.745,BB/USDT:USDT,0.1116,51.0,0.11159,268.0,0.11183,326.0,0.11188,22.0
1753533106835,12:31:46.835,BB/USDT:USDT,0.1116,50.0,0.11159,268.0,0.11183,326.0,0.11188,22.0
1753533106934,12:31:46.934,BB/USDT:USDT,0.1116,51.0,0.11159,268.0,0.11183,326.0,0.11188,22.0
1753533107135,12:31:47.135,BB/USDT:USDT,0.11161,44.0,0.1116,318.0,0.11182,50.0,0.11183,326.0
1753533107231,12:31:47.231,BB/USDT:USDT,0.11168,44.0,0.11167,44.0,0.11182,50.0,0.11183,213.0
1753533107324,12:31:47.324,BB/USDT:USDT,0.11173,44.0,0.11171,8.0,0.11182,50.0,0.11183,213.0
1753533107386,12:31:47.386,BB/USDT:USDT,0.11173,44.0,0.11171,8.0,0.11182,50.0,0.11183,213.0
1753533107491,12:31:47.491,BB/USDT:USDT,0.11173,44.0,0.11171,8.0,0.11182,50.0,0.11183,213.0
1753533107723,12:31:47.723,BB/USDT:USDT,0.11173,44.0,0.11171,8.0,0.11182,50.0,0.11183,213.0
1753533107778,12:31:47.778,BB/USDT:USDT,0.11173,44.0,0.11171,8.0,0.11182,50.0,0.11183,213.0
1753533107894,12:31:47.894,BB/USDT:USDT,0.11173,44.0,0.11171,8.0,0.11182,50.0,0.11183,221.0
1753533108132,12:31:48.132,BB/USDT:USDT,0.11173,44.0,0.11171,8.0,0.11182,50.0,0.11183,221.0
1753533108136,12:31:48.136,BB/USDT:USDT,0.11173,44.0,0.11171,8.0,0.11182,50.0,0.11183,221.0
1753533108710,12:31:48.710,BB/USDT:USDT,0.11173,44.0,0.11171,8.0,0.11182,50.0,0.11183,221.0
1753533109124,12:31:49.124,BB/USDT:USDT,0.11173,44.0,0.11171,8.0,0.11182,50.0,0.11183,221.0
1753533109194,12:31:49.194,BB/USDT:USDT,0.11173,44.0,0.11171,8.0,0.11182,109.0,0.11183,73.0
1753533109454,12:31:49.454,BB/USDT:USDT,0.11173,44.0,0.11171,8.0,0.11182,109.0,0.11183,8.0
1753533109833,12:31:49.833,BB/USDT:USDT,0.11178,44.0,0.11177,44.0,0.11182,50.0,0.11188,22.0
1753533109900,12:31:49.900,BB/USDT:USDT,0.1118,44.0,0.11175,17.0,0.11182,50.0,0.11188,22.0
1753533110006,12:31:50.006,BB/USDT:USDT,0.1118,44.0,0.11175,17.0,0.11182,50.0,0.11186,22.0
1753533110126,12:31:50.126,BB/USDT:USDT,0.11182,44.0,0.11181,44.0,0.11186,270.0,0.11187,8.0
1753533110229,12:31:50.229,BB/USDT:USDT,0.11175,17.0,0.11174,8.0,0.11186,270.0,0.11187,8.0
1753533110243,12:31:50.243,BB/USDT:USDT,0.11175,17.0,0.11174,8.0,0.11186,270.0,0.11187,8.0
1753533110429,12:31:50.429,BB/USDT:USDT,0.11175,17.0,0.11174,8.0,0.11186,270.0,0.11187,8.0
1753533110629,12:31:50.629,BB/USDT:USDT,0.11175,17.0,0.11174,8.0,0.11186,330.0,0.11187,16.0
1753533110763,12:31:50.763,BB/USDT:USDT,0.11175,17.0,0.11174,8.0,0.11186,330.0,0.11187,16.0
1753533111022,12:31:51.022,BB/USDT:USDT,0.11175,9.0,0.11162,50.0,0.11186,330.0,0.11187,16.0
1753533111170,12:31:51.170,BB/USDT:USDT,0.11175,9.0,0.11162,50.0,0.11186,330.0,0.11187,16.0
1753533111626,12:31:51.626,BB/USDT:USDT,0.11175,9.0,0.11162,50.0,0.11186,330.0,0.11187,16.0
1753533111676,12:31:51.676,BB/USDT:USDT,0.11175,9.0,0.11162,50.0,0.11186,330.0,0.11187,16.0
1753533111877,12:31:51.877,BB/USDT:USDT,0.11175,9.0,0.11162,50.0,0.11186,330.0,0.11187,16.0
1753533111999,12:31:51.999,BB/USDT:USDT,0.11175,9.0,0.11162,50.0,0.11186,330.0,0.11187,16.0
1753533112119,12:31:52.119,BB/USDT:USDT,0.11175,9.0,0.11162,50.0,0.11186,330.0,0.11187,16.0
1753533112175,12:31:52.175,BB/USDT:USDT,0.11175,9.0,0.11162,50.0,0.11186,416.0,0.11187,16.0
1753533112497,12:31:52.497,BB/USDT:USDT,0.11175,9.0,0.11162,50.0,0.11186,416.0,0.11187,16.0
1753533112823,12:31:52.823,BB/USDT:USDT,0.11175,9.0,0.11162,50.0,0.11186,416.0,0.11187,16.0
1753533113183,12:31:53.183,BB/USDT:USDT,0.11175,9.0,0.11162,50.0,0.11186,416.0,0.11187,16.0
1753533113803,12:31:53.803,BB/USDT:USDT,0.11175,9.0,0.11162,50.0,0.11186,416.0,0.11187,16.0
1753533114036,12:31:54.036,BB/USDT:USDT,0.11175,9.0,0.11162,50.0,0.11186,416.0,0.11187,16.0
1753533115118,12:31:55.118,BB/USDT:USDT,0.11175,9.0,0.11162,50.0,0.11186,416.0,0.11187,16.0
1753533116013,12:31:56.013,BB/USDT:USDT,0.11175,9.0,0.11162,50.0,0.11186,416.0,0.11187,16.0
1753533116235,12:31:56.235,BB/USDT:USDT,0.11175,9.0,0.11162,50.0,0.11186,416.0,0.11187,16.0
1753533116848,12:31:56.848,BB/USDT:USDT,0.11175,9.0,0.11162,50.0,0.11186,416.0,0.11187,16.0
1753533118129,12:31:58.129,BB/USDT:USDT,0.11175,9.0,0.11162,50.0,0.11186,67.0,0.11187,16.0
1753533118171,12:31:58.171,BB/USDT:USDT,0.11175,9.0,0.11162,50.0,0.11186,247.0,0.11187,16.0
1753533118453,12:31:58.453,BB/USDT:USDT,0.11175,9.0,0.11162,50.0,0.11186,247.0,0.11187,16.0
1753533118874,12:31:58.874,BB/USDT:USDT,0.11175,9.0,0.11162,50.0,0.11186,247.0,0.11187,16.0
1753533118980,12:31:58.980,BB/USDT:USDT,0.11175,9.0,0.11162,50.0,0.11186,247.0,0.11187,16.0
1753533119606,12:31:59.606,BB/USDT:USDT,0.11175,9.0,0.11162,50.0,0.11186,247.0,0.11187,16.0
1753533120016,12:32:00.016,BB/USDT:USDT,0.11177,44.0,0.11176,44.0,0.11186,247.0,0.11187,16.0
1753533120106,12:32:00.106,BB/USDT:USDT,0.11177,44.0,0.11171,9.0,0.11186,247.0,0.11187,16.0
1753533120150,12:32:00.150,BB/USDT:USDT,0.11177,44.0,0.11171,9.0,0.11186,247.0,0.11187,16.0
1753533120309,12:32:00.309,BB/USDT:USDT,0.11177,44.0,0.11171,9.0,0.11186,202.0,0.11187,16.0
1753533120959,12:32:00.959,BB/USDT:USDT,0.11177,44.0,0.11171,9.0,0.11186,202.0,0.11187,16.0
1753533122439,12:32:02.439,BB/USDT:USDT,0.11177,44.0,0.11171,9.0,0.11186,202.0,0.11187,16.0
1753533123004,12:32:03.004,BB/USDT:USDT,0.11177,44.0,0.11171,9.0,0.11186,292.0,0.11187,16.0
1753533123925,12:32:03.925,BB/USDT:USDT,0.11177,44.0,0.11171,9.0,0.11186,292.0,0.11187,16.0
1753533124565,12:32:04.565,BB/USDT:USDT,0.11177,44.0,0.11171,9.0,0.11186,292.0,0.11187,16.0
1753533125275,12:32:05.275,BB/USDT:USDT,0.11177,44.0,0.11171,9.0,0.11186,292.0,0.11187,16.0
1753533125734,12:32:05.734,BB/USDT:USDT,0.11177,44.0,0.11171,9.0,0.11186,292.0,0.11187,16.0
1753533126096,12:32:06.096,BB/USDT:USDT,0.11177,44.0,0.11171,9.0,0.11186,337.0,0.11187,16.0
1753533126740,12:32:06.740,BB/USDT:USDT,0.11177,44.0,0.11171,9.0,0.11186,337.0,0.11187,16.0
1753533128904,12:32:08.904,BB/USDT:USDT,0.11177,44.0,0.11171,9.0,0.11186,337.0,0.11187,16.0
1753533130603,12:32:10.603,BB/USDT:USDT,0.11177,44.0,0.11171,9.0,0.11186,337.0,0.11187,16.0
1753533131047,12:32:11.047,BB/USDT:USDT,0.11177,44.0,0.11171,9.0,0.11186,337.0,0.11187,16.0
1753533131931,12:32:11.931,BB/USDT:USDT,0.11177,44.0,0.11171,9.0,0.11186,112.0,0.11187,16.0
1753533132649,12:32:12.649,BB/USDT:USDT,0.11177,44.0,0.11171,9.0,0.11186,157.0,0.11187,16.0
1753533132831,12:32:12.831,BB/USDT:USDT,0.11177,44.0,0.11171,9.0,0.11186,202.0,0.11187,16.0
1753533134333,12:32:14.333,BB/USDT:USDT,0.11162,50.0,0.11161,268.0,0.11186,247.0,0.11187,16.0
1753533134359,12:32:14.359,BB/USDT:USDT,0.11162,50.0,0.11161,268.0,0.11186,247.0,0.11187,8.0
1753533134515,12:32:14.515,BB/USDT:USDT,0.11162,51.0,0.11161,268.0,0.11186,292.0,0.11187,8.0
1753533134643,12:32:14.643,BB/USDT:USDT,0.11162,50.0,0.11161,268.0,0.11186,337.0,0.11187,8.0
1753533134819,12:32:14.819,BB/USDT:USDT,0.11164,44.0,0.11163,44.0,0.11185,72.0,0.11186,315.0
1753533134918,12:32:14.918,BB/USDT:USDT,0.11169,44.0,0.11168,44.0,0.11185,72.0,0.11186,315.0
1753533135025,12:32:15.025,BB/USDT:USDT,0.11176,44.0,0.11175,44.0,0.11185,80.0,0.11186,225.0
1753533135133,12:32:15.133,BB/USDT:USDT,0.11178,44.0,0.11162,50.0,0.11185,80.0,0.11186,225.0
1753533135227,12:32:15.227,BB/USDT:USDT,0.11178,44.0,0.11172,9.0,0.11185,80.0,0.11186,225.0
1753533135288,12:32:15.288,BB/USDT:USDT,0.11178,44.0,0.11172,9.0,0.11185,80.0,0.11186,225.0
1753533135797,12:32:15.797,BB/USDT:USDT,0.11178,44.0,0.11172,9.0,0.11185,80.0,0.11186,225.0
1753533135926,12:32:15.926,BB/USDT:USDT,0.11172,9.0,0.11166,9.0,0.11185,170.0,0.11186,135.0
1753533136450,12:32:16.450,BB/USDT:USDT,0.11172,9.0,0.11166,9.0,0.11185,215.0,0.11186,135.0
1753533136923,12:32:16.923,BB/USDT:USDT,0.11177,44.0,0.11176,44.0,0.11185,215.0,0.11186,135.0
1753533137019,12:32:17.019,BB/USDT:USDT,0.11178,44.0,0.11173,16.0,0.11185,252.0,0.11186,135.0
1753533137112,12:32:17.112,BB/USDT:USDT,0.11178,44.0,0.11173,16.0,0.11185,207.0,0.11186,135.0
1753533137527,12:32:17.527,BB/USDT:USDT,0.11178,44.0,0.11173,16.0,0.11185,207.0,0.11186,135.0
1753533137778,12:32:17.778,BB/USDT:USDT,0.11178,44.0,0.11173,16.0,0.11185,207.0,0.11186,135.0
1753533137899,12:32:17.899,BB/USDT:USDT,0.11178,44.0,0.11173,16.0,0.11185,207.0,0.11187,16.0
1753533138006,12:32:18.006,BB/USDT:USDT,0.11178,44.0,0.11176,8.0,0.11185,275.0,0.11186,22.0
1753533138758,12:32:18.758,BB/USDT:USDT,0.11178,44.0,0.11176,8.0,0.11185,275.0,0.11186,22.0
1753533139024,12:32:19.024,BB/USDT:USDT,0.11178,44.0,0.11176,8.0,0.11185,320.0,0.11186,22.0
1753533139729,12:32:19.729,BB/USDT:USDT,0.11178,44.0,0.11173,8.0,0.11185,320.0,0.11186,22.0
1753533140211,12:32:20.211,BB/USDT:USDT,0.11178,52.0,0.11177,8.0,0.11185,95.0,0.11186,22.0
1753533140331,12:32:20.331,BB/USDT:USDT,0.11179,44.0,0.11178,52.0,0.11185,95.0,0.11186,22.0
1753533140376,12:32:20.376,BB/USDT:USDT,0.11178,8.0,0.11177,16.0,0.11185,95.0,0.11186,22.0
1753533140517,12:32:20.517,BB/USDT:USDT,0.11178,8.0,0.11177,8.0,0.11185,95.0,0.11186,22.0
1753533140536,12:32:20.536,BB/USDT:USDT,0.11178,8.0,0.11177,8.0,0.11185,95.0,0.11186,22.0
1753533140741,12:32:20.741,BB/USDT:USDT,0.11178,8.0,0.11177,8.0,0.11185,95.0,0.11186,22.0
1753533141290,12:32:21.290,BB/USDT:USDT,0.11173,9.0,0.11162,50.0,0.11185,95.0,0.11186,22.0
1753533141359,12:32:21.359,BB/USDT:USDT,0.11173,9.0,0.11162,50.0,0.11185,95.0,0.11186,22.0
1753533141570,12:32:21.570,BB/USDT:USDT,0.11173,9.0,0.11162,50.0,0.11185,95.0,0.11186,22.0
1753533141856,12:32:21.856,BB/USDT:USDT,0.11173,9.0,0.11162,50.0,0.11185,95.0,0.11186,22.0
1753533142327,12:32:22.327,BB/USDT:USDT,0.11173,9.0,0.11162,50.0,0.11185,95.0,0.11186,22.0
1753533142341,12:32:22.341,BB/USDT:USDT,0.11173,9.0,0.11162,50.0,0.11185,95.0,0.11189,22.0
1753533142761,12:32:22.761,BB/USDT:USDT,0.11173,9.0,0.11162,50.0,0.11185,95.0,0.11189,22.0
1753533143017,12:32:23.017,BB/USDT:USDT,0.11178,44.0,0.11177,60.0,0.11185,45.0,0.11189,22.0
1753533143117,12:32:23.117,BB/USDT:USDT,0.11181,44.0,0.11177,16.0,0.11185,45.0,0.11189,22.0
1753533143187,12:32:23.187,BB/USDT:USDT,0.11181,44.0,0.11177,16.0,0.11185,45.0,0.11189,22.0
1753533144019,12:32:24.019,BB/USDT:USDT,0.11181,44.0,0.11177,16.0,0.11185,45.0,0.11189,22.0
1753533144038,12:32:24.038,BB/USDT:USDT,0.11181,44.0,0.11177,16.0,0.11185,45.0,0.11189,22.0
1753533144386,12:32:24.386,BB/USDT:USDT,0.11181,44.0,0.11177,16.0,0.11185,45.0,0.11189,22.0
1753533144690,12:32:24.690,BB/USDT:USDT,0.11181,44.0,0.11177,16.0,0.11185,45.0,0.11189,22.0
1753533144743,12:32:24.743,BB/USDT:USDT,0.11181,44.0,0.11177,16.0,0.11185,45.0,0.11188,8.0
1753533144931,12:32:24.931,BB/USDT:USDT,0.11162,50.0,0.11161,268.0,0.11185,441.0,0.11186,8.0
1753533145017,12:32:25.017,BB/USDT:USDT,0.11169,44.0,0.11168,44.0,0.11184,67.0,0.11185,276.0
1753533145129,12:32:25.129,BB/USDT:USDT,0.11175,44.0,0.11174,44.0,0.11184,75.0,0.11185,276.0
1753533145219,12:32:25.219,BB/USDT:USDT,0.11175,44.0,0.11162,50.0,0.11184,75.0,0.11185,276.0
1753533145303,12:32:25.303,BB/USDT:USDT,0.11175,44.0,0.11162,50.0,0.11184,343.0,0.11185,8.0
1753533145416,12:32:25.416,BB/USDT:USDT,0.11163,44.0,0.11162,50.0,0.11183,268.0,0.11184,75.0
1753533145519,12:32:25.519,BB/USDT:USDT,0.1117,44.0,0.11169,44.0,0.11183,290.0,0.11184,53.0
1753533145622,12:32:25.622,BB/USDT:USDT,0.11172,44.0,0.11162,50.0,0.11183,290.0,0.11184,53.0
1753533145679,12:32:25.679,BB/USDT:USDT,0.11172,44.0,0.11155,52.0,0.11183,290.0,0.11184,53.0
1753533145743,12:32:25.743,BB/USDT:USDT,0.11172,44.0,0.11155,50.0,0.11183,290.0,0.11184,53.0
1753533145874,12:32:25.874,BB/USDT:USDT,0.11172,44.0,0.11155,50.0,0.11183,401.0,0.11184,53.0
1753533146005,12:32:26.005,BB/USDT:USDT,0.11172,44.0,0.11155,50.0,0.11183,401.0,0.11184,53.0
1753533146098,12:32:26.098,BB/USDT:USDT,0.11155,50.0,0.11154,50.0,0.11183,577.0,0.11184,53.0
1753533146228,12:32:26.228,BB/USDT:USDT,0.11155,50.0,0.11154,50.0,0.11183,577.0,0.11184,53.0
1753533146240,12:32:26.240,BB/USDT:USDT,0.11155,50.0,0.11154,50.0,0.11183,577.0,0.11184,53.0
1753533146716,12:32:26.716,BB/USDT:USDT,0.11158,44.0,0.11157,44.0,0.11182,318.0,0.11183,309.0
1753533146818,12:32:26.818,BB/USDT:USDT,0.11163,44.0,0.11162,44.0,0.11182,318.0,0.11183,309.0
1753533146920,12:32:26.920,BB/USDT:USDT,0.11169,44.0,0.11168,44.0,0.11182,318.0,0.11183,309.0
1753533147026,12:32:27.026,BB/USDT:USDT,0.11173,44.0,0.11149,294.0,0.11182,318.0,0.11183,309.0
1753533148009,12:32:28.009,BB/USDT:USDT,0.11173,44.0,0.11149,294.0,0.11181,22.0,0.11182,388.0
1753533148415,12:32:28.415,BB/USDT:USDT,0.11173,44.0,0.11149,294.0,0.11181,30.0,0.11182,396.0
1753533148720,12:32:28.720,BB/USDT:USDT,0.11151,269.0,0.1115,50.0,0.11181,30.0,0.11182,396.0
1753533148816,12:32:28.816,BB/USDT:USDT,0.1116,44.0,0.11159,44.0,0.11179,72.0,0.1118,268.0
1753533148924,12:32:28.924,BB/USDT:USDT,0.11165,44.0,0.11164,52.0,0.11179,125.0,0.1118,268.0
1753533149017,12:32:29.017,BB/USDT:USDT,0.11168,44.0,0.11164,8.0,0.11179,125.0,0.1118,268.0
1753533149040,12:32:29.040,BB/USDT:USDT,0.11168,44.0,0.11164,8.0,0.11179,125.0,0.1118,268.0
1753533149221,12:32:29.221,BB/USDT:USDT,0.11168,44.0,0.11164,8.0,0.11179,125.0,0.1118,268.0
1753533149289,12:32:29.289,BB/USDT:USDT,0.11168,44.0,0.11164,8.0,0.11179,125.0,0.1118,268.0
1753533149369,12:32:29.369,BB/USDT:USDT,0.11168,44.0,0.11164,8.0,0.11179,125.0,0.1118,268.0
1753533149478,12:32:29.478,BB/USDT:USDT,0.11168,44.0,0.11164,8.0,0.11179,170.0,0.1118,268.0
1753533149569,12:32:29.569,BB/USDT:USDT,0.11168,44.0,0.11164,8.0,0.11179,215.0,0.1118,268.0
1753533150016,12:32:30.016,BB/USDT:USDT,0.11168,44.0,0.11164,8.0,0.11179,260.0,0.1118,268.0
1753533150045,12:32:30.045,BB/USDT:USDT,0.11168,44.0,0.11164,8.0,0.11179,260.0,0.1118,268.0
1753533150626,12:32:30.626,BB/USDT:USDT,0.11168,44.0,0.11164,8.0,0.11179,260.0,0.1118,268.0
1753533150665,12:32:30.665,BB/USDT:USDT,0.11168,44.0,0.11164,8.0,0.11179,260.0,0.1118,268.0
1753533150919,12:32:30.919,BB/USDT:USDT,0.11168,44.0,0.11164,8.0,0.11179,215.0,0.1118,268.0
1753533151030,12:32:31.030,BB/USDT:USDT,0.11164,8.0,0.11154,50.0,0.11179,215.0,0.1118,268.0
1753533151095,12:32:31.095,BB/USDT:USDT,0.11164,8.0,0.11154,50.0,0.11179,215.0,0.1118,268.0
1753533151620,12:32:31.620,BB/USDT:USDT,0.11164,8.0,0.11154,50.0,0.11179,215.0,0.1118,268.0
1753533151724,12:32:31.724,BB/USDT:USDT,0.11164,8.0,0.11154,50.0,0.11179,215.0,0.1118,268.0
1753533151775,12:32:31.775,BB/USDT:USDT,0.11164,8.0,0.11154,50.0,0.11179,215.0,0.1118,268.0
1753533151923,12:32:31.923,BB/USDT:USDT,0.11164,8.0,0.11154,50.0,0.11179,215.0,0.1118,268.0
1753533152028,12:32:32.028,BB/USDT:USDT,0.11164,8.0,0.11154,50.0,0.11179,215.0,0.1118,268.0
1753533152083,12:32:32.083,BB/USDT:USDT,0.11164,8.0,0.11154,50.0,0.11179,215.0,0.1118,268.0
1753533152222,12:32:32.222,BB/USDT:USDT,0.11164,8.0,0.11154,50.0,0.11179,215.0,0.1118,268.0
1753533152725,12:32:32.725,BB/USDT:USDT,0.11164,8.0,0.11154,50.0,0.11179,215.0,0.1118,268.0
1753533152770,12:32:32.770,BB/USDT:USDT,0.11164,8.0,0.11154,50.0,0.11179,215.0,0.1118,268.0
1753533153624,12:32:33.624,BB/USDT:USDT,0.11164,8.0,0.11154,50.0,0.11179,215.0,0.1118,268.0
1753533153647,12:32:33.647,BB/USDT:USDT,0.11164,8.0,0.11154,50.0,0.11179,215.0,0.1118,268.0
1753533154380,12:32:34.380,BB/USDT:USDT,0.11164,8.0,0.11154,50.0,0.11179,215.0,0.1118,268.0
1753533154471,12:32:34.471,BB/USDT:USDT,0.11164,8.0,0.11154,50.0,0.11179,215.0,0.1118,268.0
1753533154575,12:32:34.575,BB/USDT:USDT,0.11164,8.0,0.11154,50.0,0.11179,215.0,0.1118,268.0
1753533154802,12:32:34.802,BB/USDT:USDT,0.11164,8.0,0.11154,50.0,0.11179,215.0,0.1118,268.0
1753533154884,12:32:34.884,BB/USDT:USDT,0.11164,8.0,0.11154,50.0,0.11179,215.0,0.1118,268.0
1753533156092,12:32:36.092,BB/USDT:USDT,0.11164,8.0,0.11154,50.0,0.11179,215.0,0.1118,268.0
1753533156913,12:32:36.913,BB/USDT:USDT,0.11164,8.0,0.11154,50.0,0.11179,483.0,0.11181,8.0
1753533157006,12:32:37.006,BB/USDT:USDT,0.11164,8.0,0.11154,50.0,0.11179,483.0,0.11181,8.0
1753533157070,12:32:37.070,BB/USDT:USDT,0.11164,8.0,0.11154,50.0,0.11179,483.0,0.11181,8.0
1753533157545,12:32:37.545,BB/USDT:USDT,0.11164,8.0,0.11154,50.0,0.11179,433.0,0.11181,8.0
1753533157665,12:32:37.665,BB/USDT:USDT,0.11164,8.0,0.11154,50.0,0.11179,433.0,0.11181,8.0
1753533159169,12:32:39.169,BB/USDT:USDT,0.11164,8.0,0.11154,50.0,0.11179,433.0,0.11181,8.0
1753533159282,12:32:39.282,BB/USDT:USDT,0.11164,8.0,0.11154,50.0,0.11179,478.0,0.11181,8.0
1753533159531,12:32:39.531,BB/USDT:USDT,0.11164,8.0,0.11154,50.0,0.11178,50.0,0.11179,478.0
1753533159576,12:32:39.576,BB/USDT:USDT,0.11168,44.0,0.11164,8.0,0.11178,252.0,0.11179,321.0
1753533159698,12:32:39.698,BB/USDT:USDT,0.11168,44.0,0.11164,8.0,0.11178,207.0,0.11179,321.0
1753533160027,12:32:40.027,BB/USDT:USDT,0.11164,8.0,0.11154,50.0,0.11178,207.0,0.11179,321.0
1753533160086,12:32:40.086,BB/USDT:USDT,0.11164,8.0,0.11154,50.0,0.11178,207.0,0.11179,276.0
1753533160521,12:32:40.521,BB/USDT:USDT,0.11164,8.0,0.11154,50.0,0.11178,207.0,0.11179,276.0
1753533160579,12:32:40.579,BB/USDT:USDT,0.11164,8.0,0.11154,50.0,0.11178,252.0,0.11179,276.0
1753533160731,12:32:40.731,BB/USDT:USDT,0.11154,50.0,0.11153,268.0,0.11178,252.0,0.11179,276.0
1753533160775,12:32:40.775,BB/USDT:USDT,0.11154,50.0,0.11153,268.0,0.11178,252.0,0.11179,276.0
1753533161133,12:32:41.133,BB/USDT:USDT,0.11154,50.0,0.11153,268.0,0.11178,252.0,0.11179,276.0
1753533161140,12:32:41.140,BB/USDT:USDT,0.11154,50.0,0.11153,268.0,0.11178,252.0,0.11179,276.0
1753533161412,12:32:41.412,BB/USDT:USDT,0.11154,50.0,0.11153,268.0,0.11178,252.0,0.11179,276.0
1753533163510,12:32:43.510,BB/USDT:USDT,0.11154,50.0,0.11153,268.0,0.11178,342.0,0.11179,276.0
1753533163555,12:32:43.555,BB/USDT:USDT,0.11154,50.0,0.11153,268.0,0.11178,342.0,0.11179,276.0
1753533165721,12:32:45.721,BB/USDT:USDT,0.11154,50.0,0.11153,268.0,0.11178,342.0,0.11179,276.0
1753533165747,12:32:45.747,BB/USDT:USDT,0.11154,50.0,0.11153,268.0,0.11178,342.0,0.11179,276.0
1753533166512,12:32:46.512,BB/USDT:USDT,0.11154,50.0,0.11153,268.0,0.11178,342.0,0.11179,276.0
1753533166539,12:32:46.539,BB/USDT:USDT,0.11154,50.0,0.11153,268.0,0.11178,342.0,0.11179,276.0
1753533167871,12:32:47.871,BB/USDT:USDT,0.11154,50.0,0.11153,268.0,0.11178,342.0,0.11179,276.0
1753533168730,12:32:48.730,BB/USDT:USDT,0.11154,50.0,0.11153,268.0,0.11178,475.0,0.11179,8.0
1753533168820,12:32:48.820,BB/USDT:USDT,0.11154,50.0,0.11153,268.0,0.11176,50.0,0.11177,255.0
1753533168882,12:32:48.882,BB/USDT:USDT,0.11157,44.0,0.11154,50.0,0.11176,117.0,0.11177,233.0
1753533169422,12:32:49.422,BB/USDT:USDT,0.11157,44.0,0.11154,50.0,0.11176,117.0,0.11177,233.0
1753533170024,12:32:50.024,BB/USDT:USDT,0.11157,44.0,0.11154,50.0,0.11176,117.0,0.11177,233.0
1753533170083,12:32:50.083,BB/USDT:USDT,0.11157,44.0,0.11154,50.0,0.11176,117.0,0.11177,233.0
1753533170135,12:32:50.135,BB/USDT:USDT,0.11157,44.0,0.11154,50.0,0.11176,117.0,0.11177,233.0
1753533170418,12:32:50.418,BB/USDT:USDT,0.11157,44.0,0.11154,50.0,0.11176,117.0,0.11177,233.0
1753533170502,12:32:50.502,BB/USDT:USDT,0.11157,44.0,0.11154,50.0,0.11176,117.0,0.11177,233.0
1753533171423,12:32:51.423,BB/USDT:USDT,0.11157,44.0,0.11154,50.0,0.11176,117.0,0.11177,233.0
1753533171521,12:32:51.521,BB/USDT:USDT,0.1116,44.0,0.11158,41.0,0.11176,117.0,0.11177,233.0
1753533171616,12:32:51.616,BB/USDT:USDT,0.11164,44.0,0.11163,44.0,0.11176,125.0,0.11177,233.0
1753533171656,12:32:51.656,BB/USDT:USDT,0.11165,44.0,0.11154,50.0,0.11176,125.0,0.11177,233.0
1753533171801,12:32:51.801,BB/USDT:USDT,0.11165,44.0,0.11154,50.0,0.11176,125.0,0.11177,233.0
1753533172169,12:32:52.169,BB/USDT:USDT,0.11165,44.0,0.11154,50.0,0.11176,125.0,0.11177,233.0
1753533172313,12:32:52.313,BB/USDT:USDT,0.11165,44.0,0.11154,50.0,0.11176,125.0,0.11177,233.0
1753533172386,12:32:52.386,BB/USDT:USDT,0.11165,44.0,0.11154,50.0,0.11176,125.0,0.11177,233.0
1753533173375,12:32:53.375,BB/USDT:USDT,0.11165,44.0,0.11154,50.0,0.11176,125.0,0.11177,233.0
1753533173576,12:32:53.576,BB/USDT:USDT,0.11165,44.0,0.11154,50.0,0.11176,125.0,0.11177,50.0
1753533173700,12:32:53.700,BB/USDT:USDT,0.11165,44.0,0.11154,50.0,0.11176,125.0,0.11177,50.0
1753533173831,12:32:53.831,BB/USDT:USDT,0.11165,44.0,0.11154,50.0,0.11176,125.0,0.11177,50.0
1753533174029,12:32:54.029,BB/USDT:USDT,0.11165,44.0,0.11154,50.0,0.11176,125.0,0.11177,50.0
1753533174107,12:32:54.107,BB/USDT:USDT,0.11165,44.0,0.11154,50.0,0.11176,170.0,0.11177,50.0
1753533174206,12:32:54.206,BB/USDT:USDT,0.11165,44.0,0.11154,50.0,0.11176,305.0,0.11177,50.0
1753533174324,12:32:54.324,BB/USDT:USDT,0.11165,44.0,0.11154,50.0,0.11176,305.0,0.11177,50.0
1753533174383,12:32:54.383,BB/USDT:USDT,0.11165,44.0,0.11154,50.0,0.11176,255.0,0.11177,50.0
1753533175428,12:32:55.428,BB/USDT:USDT,0.11165,44.0,0.11154,50.0,0.11176,255.0,0.11177,50.0
1753533176155,12:32:56.155,BB/USDT:USDT,0.11165,44.0,0.11154,50.0,0.11176,353.0,0.11177,50.0
1753533176333,12:32:56.333,BB/USDT:USDT,0.11165,44.0,0.11154,50.0,0.11176,353.0,0.11177,50.0
1753533176343,12:32:56.343,BB/USDT:USDT,0.11165,44.0,0.11154,50.0,0.11176,353.0,0.11177,50.0
1753533176501,12:32:56.501,BB/USDT:USDT,0.11165,44.0,0.11154,50.0,0.11176,353.0,0.11177,50.0
1753533178505,12:32:58.505,BB/USDT:USDT,0.11165,44.0,0.11154,50.0,0.11176,353.0,0.11177,50.0
1753533180198,12:33:00.198,BB/USDT:USDT,0.11165,44.0,0.11154,50.0,0.11176,353.0,0.11177,50.0
1753533180930,12:33:00.930,BB/USDT:USDT,0.11161,44.0,0.1116,44.0,0.11174,117.0,0.11175,50.0
1753533181028,12:33:01.028,BB/USDT:USDT,0.11154,50.0,0.11153,268.0,0.11174,117.0,0.11175,50.0
1753533181107,12:33:01.107,BB/USDT:USDT,0.11154,50.0,0.11153,268.0,0.11174,430.0,0.11175,50.0
1753533181224,12:33:01.224,BB/USDT:USDT,0.11155,44.0,0.11148,9.0,0.11169,46.0,0.11172,50.0
1753533181296,12:33:01.296,BB/USDT:USDT,0.11155,44.0,0.11148,9.0,0.11169,46.0,0.11172,50.0
1753533181410,12:33:01.410,BB/USDT:USDT,0.11155,44.0,0.11148,9.0,0.11169,46.0,0.11172,50.0
1753533181464,12:33:01.464,BB/USDT:USDT,0.11155,44.0,0.11148,9.0,0.11169,226.0,0.11172,50.0
1753533181560,12:33:01.560,BB/USDT:USDT,0.11155,44.0,0.11148,9.0,0.11169,226.0,0.11172,50.0
1753533181703,12:33:01.703,BB/USDT:USDT,0.11155,44.0,0.11148,9.0,0.11169,316.0,0.11172,50.0
1753533181856,12:33:01.856,BB/USDT:USDT,0.11155,44.0,0.11148,9.0,0.11169,316.0,0.11172,50.0
1753533182017,12:33:02.017,BB/USDT:USDT,0.11155,44.0,0.11148,9.0,0.11168,38.0,0.11169,316.0
1753533182108,12:33:02.108,BB/USDT:USDT,0.11155,44.0,0.11148,9.0,0.11168,38.0,0.11169,316.0
1753533182230,12:33:02.230,BB/USDT:USDT,0.11155,44.0,0.11148,9.0,0.11168,38.0,0.11169,316.0
1753533182318,12:33:02.318,BB/USDT:USDT,0.11158,44.0,0.11157,44.0,0.11168,38.0,0.11169,271.0
1753533182410,12:33:02.410,BB/USDT:USDT,0.11159,44.0,0.11148,9.0,0.11168,38.0,0.11169,181.0
1753533182671,12:33:02.671,BB/USDT:USDT,0.11159,44.0,0.11148,9.0,0.11168,38.0,0.11169,181.0
1753533182799,12:33:02.799,BB/USDT:USDT,0.11159,44.0,0.11148,9.0,0.11168,38.0,0.11169,181.0
1753533182841,12:33:02.841,BB/USDT:USDT,0.11159,44.0,0.11148,9.0,0.11168,38.0,0.11169,181.0
1753533183030,12:33:03.030,BB/USDT:USDT,0.11159,44.0,0.11148,9.0,0.11168,38.0,0.11169,181.0
1753533183107,12:33:03.107,BB/USDT:USDT,0.11148,9.0,0.11133,50.0,0.11168,38.0,0.11169,181.0
1753533183258,12:33:03.258,BB/USDT:USDT,0.11148,9.0,0.11133,50.0,0.11168,88.0,0.11169,181.0
1753533183490,12:33:03.490,BB/USDT:USDT,0.11148,9.0,0.11133,50.0,0.11168,88.0,0.11169,181.0
1753533184007,12:33:04.007,BB/USDT:USDT,0.11148,9.0,0.11133,50.0,0.11168,88.0,0.11169,181.0
1753533184059,12:33:04.059,BB/USDT:USDT,0.11148,9.0,0.11133,50.0,0.11168,183.0,0.11169,181.0
1753533184205,12:33:04.205,BB/USDT:USDT,0.11148,9.0,0.11133,50.0,0.11168,233.0,0.11169,136.0
1753533184276,12:33:04.276,BB/USDT:USDT,0.11148,9.0,0.11133,50.0,0.11168,233.0,0.11169,136.0
1753533184516,12:33:04.516,BB/USDT:USDT,0.11154,44.0,0.11153,44.0,0.11168,233.0,0.11169,1.0
1753533184607,12:33:04.607,BB/USDT:USDT,0.11156,44.0,0.11135,2.0,0.11168,283.0,0.11169,1.0
1753533184712,12:33:04.712,BB/USDT:USDT,0.11156,44.0,0.11135,2.0,0.11168,283.0,0.11169,1.0
1753533185112,12:33:05.112,BB/USDT:USDT,0.11156,44.0,0.11135,2.0,0.11168,283.0,0.11169,1.0
1753533185233,12:33:05.233,BB/USDT:USDT,0.11156,44.0,0.11135,2.0,0.11168,283.0,0.11169,1.0
1753533185336,12:33:05.336,BB/USDT:USDT,0.11156,44.0,0.11135,2.0,0.11168,283.0,0.11169,1.0
1753533185790,12:33:05.790,BB/USDT:USDT,0.11156,44.0,0.11135,2.0,0.11168,387.0,0.11169,1.0
1753533185857,12:33:05.857,BB/USDT:USDT,0.11156,44.0,0.11135,2.0,0.11168,387.0,0.11169,1.0
1753533187117,12:33:07.117,BB/USDT:USDT,0.11156,44.0,0.11135,2.0,0.11168,387.0,0.11169,1.0
1753533187269,12:33:07.269,BB/USDT:USDT,0.11156,44.0,0.11135,2.0,0.11168,387.0,0.11169,1.0
1753533187934,12:33:07.934,BB/USDT:USDT,0.11135,2.0,0.11134,453.0,0.11167,197.0,0.11168,700.0
1753533188017,12:33:08.017,BB/USDT:USDT,0.11142,44.0,0.11141,44.0,0.11166,207.0,0.11167,50.0
1753533188116,12:33:08.116,BB/USDT:USDT,0.11147,44.0,0.11146,44.0,0.11166,252.0,0.11167,50.0
1753533188200,12:33:08.200,BB/USDT:USDT,0.11147,44.0,0.1114,269.0,0.11166,252.0,0.11167,50.0
1753533188271,12:33:08.271,BB/USDT:USDT,0.11147,44.0,0.1114,269.0,0.11166,252.0,0.11167,50.0
1753533188476,12:33:08.476,BB/USDT:USDT,0.11147,44.0,0.1114,269.0,0.11166,252.0,0.11167,50.0
1753533188754,12:33:08.754,BB/USDT:USDT,0.11147,44.0,0.1114,269.0,0.11166,252.0,0.11167,50.0
1753533189083,12:33:09.083,BB/USDT:USDT,0.11147,44.0,0.1114,269.0,0.11166,252.0,0.11167,50.0
1753533189194,12:33:09.194,BB/USDT:USDT,0.11147,44.0,0.1114,269.0,0.11166,301.0,0.11167,50.0
1753533189431,12:33:09.431,BB/USDT:USDT,0.11147,44.0,0.1114,269.0,0.11166,301.0,0.11167,50.0
1753533190503,12:33:10.503,BB/USDT:USDT,0.11147,44.0,0.1114,269.0,0.11166,301.0,0.11167,50.0
1753533190539,12:33:10.539,BB/USDT:USDT,0.11147,44.0,0.1114,269.0,0.11166,301.0,0.11167,50.0
1753533190775,12:33:10.775,BB/USDT:USDT,0.11147,44.0,0.1114,269.0,0.11166,301.0,0.11167,50.0
1753533191005,12:33:11.005,BB/USDT:USDT,0.11147,44.0,0.1114,269.0,0.11166,301.0,0.11167,50.0
1753533191096,12:33:11.096,BB/USDT:USDT,0.11147,44.0,0.1114,269.0,0.11166,301.0,0.11167,50.0
1753533191166,12:33:11.166,BB/USDT:USDT,0.11147,44.0,0.1114,269.0,0.11166,301.0,0.11167,50.0
1753533191625,12:33:11.625,BB/USDT:USDT,0.11147,44.0,0.1114,269.0,0.11166,301.0,0.11167,50.0
1753533191656,12:33:11.656,BB/USDT:USDT,0.11147,44.0,0.1114,269.0,0.11166,301.0,0.11167,50.0
1753533191994,12:33:11.994,BB/USDT:USDT,0.11147,44.0,0.1114,269.0,0.11166,301.0,0.11167,50.0
1753533192155,12:33:12.155,BB/USDT:USDT,0.11147,44.0,0.1114,269.0,0.11166,301.0,0.11167,50.0
1753533193076,12:33:13.076,BB/USDT:USDT,0.11147,45.0,0.1114,269.0,0.11166,301.0,0.11167,50.0
1753533193146,12:33:13.146,BB/USDT:USDT,0.11147,44.0,0.1114,269.0,0.11166,301.0,0.11167,50.0
1753533193739,12:33:13.739,BB/USDT:USDT,0.11147,44.0,0.1114,269.0,0.11166,301.0,0.11167,50.0
1753533194022,12:33:14.022,BB/USDT:USDT,0.11147,44.0,0.1114,269.0,0.11166,301.0,0.11167,50.0
1753533194419,12:33:14.419,BB/USDT:USDT,0.11136,44.0,0.11133,2.0,0.11162,335.0,0.11163,50.0
1753533194523,12:33:14.523,BB/USDT:USDT,0.11137,44.0,0.11123,2.0,0.11162,335.0,0.11163,50.0
1753533194634,12:33:14.634,BB/USDT:USDT,0.11137,44.0,0.11123,2.0,0.11162,335.0,0.11163,50.0
1753533194717,12:33:14.717,BB/USDT:USDT,0.11137,44.0,0.11122,2.0,0.11162,335.0,0.11163,50.0
1753533194754,12:33:14.754,BB/USDT:USDT,0.11137,44.0,0.11122,2.0,0.11162,335.0,0.11163,50.0
1753533194858,12:33:14.858,BB/USDT:USDT,0.11137,44.0,0.11122,2.0,0.11162,335.0,0.11163,50.0
1753533195122,12:33:15.122,BB/USDT:USDT,0.11137,44.0,0.11122,2.0,0.11162,335.0,0.11163,50.0
1753533195302,12:33:15.302,BB/USDT:USDT,0.11137,44.0,0.11122,2.0,0.11162,470.0,0.11163,50.0
1753533195363,12:33:15.363,BB/USDT:USDT,0.11137,44.0,0.11122,2.0,0.11162,470.0,0.11163,50.0
1753533195898,12:33:15.898,BB/USDT:USDT,0.11137,44.0,0.11122,2.0,0.11162,470.0,0.11163,50.0
1753533196121,12:33:16.121,BB/USDT:USDT,0.11137,44.0,0.11122,2.0,0.11161,50.0,0.11162,520.0
1753533196202,12:33:16.202,BB/USDT:USDT,0.11142,44.0,0.11122,2.0,0.1116,385.0,0.11161,50.0
1753533196375,12:33:16.375,BB/USDT:USDT,0.11142,44.0,0.11122,2.0,0.1116,340.0,0.11161,50.0
1753533196483,12:33:16.483,BB/USDT:USDT,0.11142,44.0,0.11122,2.0,0.1116,341.0,0.11161,50.0
1753533196594,12:33:16.594,BB/USDT:USDT,0.11142,44.0,0.11122,2.0,0.1116,340.0,0.11161,50.0
1753533197009,12:33:17.009,BB/USDT:USDT,0.11142,44.0,0.11122,2.0,0.1116,340.0,0.11161,50.0
1753533197120,12:33:17.120,BB/USDT:USDT,0.11123,269.0,0.11122,2.0,0.1116,340.0,0.11161,50.0
1753533197218,12:33:17.218,BB/USDT:USDT,0.11129,44.0,0.11128,94.0,0.1116,340.0,0.11161,50.0
1753533197317,12:33:17.317,BB/USDT:USDT,0.11136,44.0,0.11135,44.0,0.1116,340.0,0.11161,50.0
1753533197417,12:33:17.417,BB/USDT:USDT,0.11141,44.0,0.1114,44.0,0.1116,348.0,0.11161,50.0
1753533197457,12:33:17.457,BB/USDT:USDT,0.11142,44.0,0.11136,1.0,0.1116,356.0,0.11161,50.0
1753533197541,12:33:17.541,BB/USDT:USDT,0.11142,44.0,0.11125,50.0,0.1116,356.0,0.11161,50.0
1753533197716,12:33:17.716,BB/USDT:USDT,0.11142,44.0,0.11125,50.0,0.1116,356.0,0.11161,50.0
1753533197924,12:33:17.924,BB/USDT:USDT,0.11142,44.0,0.11125,50.0,0.1116,401.0,0.11161,50.0
1753533198089,12:33:18.089,BB/USDT:USDT,0.11142,44.0,0.11125,50.0,0.11159,50.0,0.1116,396.0
1753533198534,12:33:18.534,BB/USDT:USDT,0.11142,44.0,0.11125,50.0,0.11159,50.0,0.1116,396.0
1753533198570,12:33:18.570,BB/USDT:USDT,0.11142,44.0,0.11125,50.0,0.11156,290.0,0.11157,50.0
1753533198936,12:33:18.936,BB/USDT:USDT,0.11142,44.0,0.11125,50.0,0.11156,290.0,0.11157,50.0
1753533199954,12:33:19.954,BB/USDT:USDT,0.11142,44.0,0.11125,50.0,0.11156,290.0,0.11157,50.0
1753533200128,12:33:20.128,BB/USDT:USDT,0.11142,44.0,0.11125,50.0,0.11156,290.0,0.11157,50.0
1753533200247,12:33:20.247,BB/USDT:USDT,0.11142,44.0,0.11125,50.0,0.11156,290.0,0.11157,50.0
1753533200798,12:33:20.798,BB/USDT:USDT,0.11142,44.0,0.11125,50.0,0.11156,380.0,0.11157,50.0
1753533200958,12:33:20.958,BB/USDT:USDT,0.11142,44.0,0.11125,50.0,0.11156,335.0,0.11157,50.0
1753533201412,12:33:21.412,BB/USDT:USDT,0.11142,44.0,0.11125,50.0,0.11156,335.0,0.11157,50.0
1753533201764,12:33:21.764,BB/USDT:USDT,0.11142,44.0,0.11125,50.0,0.11156,470.0,0.11157,50.0
1753533202049,12:33:22.049,BB/USDT:USDT,0.11142,44.0,0.11125,50.0,0.11156,425.0,0.11159,50.0
1753533202403,12:33:22.403,BB/USDT:USDT,0.11142,44.0,0.11125,50.0,0.11156,425.0,0.11159,50.0
1753533202797,12:33:22.797,BB/USDT:USDT,0.11142,44.0,0.11125,50.0,0.11156,425.0,0.11159,50.0
1753533202877,12:33:22.877,BB/USDT:USDT,0.11142,44.0,0.11125,50.0,0.11156,441.0,0.11159,50.0
1753533203032,12:33:23.032,BB/USDT:USDT,0.11142,44.0,0.11125,50.0,0.11156,441.0,0.11168,50.0
1753533203036,12:33:23.036,BB/USDT:USDT,0.11142,44.0,0.11125,50.0,0.11156,441.0,0.11168,50.0
1753533204060,12:33:24.060,BB/USDT:USDT,0.11142,44.0,0.11125,50.0,0.11156,441.0,0.11168,50.0
1753533204302,12:33:24.302,BB/USDT:USDT,0.11142,44.0,0.11125,50.0,0.11156,441.0,0.11168,50.0
1753533204554,12:33:24.554,BB/USDT:USDT,0.11142,44.0,0.11125,50.0,0.11156,441.0,0.11168,50.0
1753533205305,12:33:25.305,BB/USDT:USDT,0.11142,44.0,0.11125,50.0,0.11156,441.0,0.11168,50.0
1753533206695,12:33:26.695,BB/USDT:USDT,0.11142,44.0,0.11125,50.0,0.11156,441.0,0.11168,50.0
1753533207417,12:33:27.417,BB/USDT:USDT,0.11142,44.0,0.11125,50.0,0.11156,441.0,0.11168,50.0
1753533207435,12:33:27.435,BB/USDT:USDT,0.11142,44.0,0.11125,50.0,0.11156,486.0,0.11168,50.0
1753533207997,12:33:27.997,BB/USDT:USDT,0.11142,44.0,0.11125,50.0,0.11156,486.0,0.11168,50.0
1753533208426,12:33:28.426,BB/USDT:USDT,0.11142,44.0,0.11125,50.0,0.11156,486.0,0.11168,50.0
1753533208491,12:33:28.491,BB/USDT:USDT,0.11142,44.0,0.11125,50.0,0.11156,531.0,0.11168,50.0
1753533208833,12:33:28.833,BB/USDT:USDT,0.11142,44.0,0.11125,50.0,0.11156,531.0,0.11168,50.0
1753533208924,12:33:28.924,BB/USDT:USDT,0.11145,44.0,0.11144,52.0,0.11156,306.0,0.11168,50.0
1753533209028,12:33:29.028,BB/USDT:USDT,0.11146,44.0,0.11144,8.0,0.11156,306.0,0.11168,50.0
1753533209074,12:33:29.074,BB/USDT:USDT,0.11146,44.0,0.11144,8.0,0.11156,306.0,0.11168,50.0
1753533209407,12:33:29.407,BB/USDT:USDT,0.11146,44.0,0.11144,8.0,0.11156,306.0,0.11168,50.0
1753533209445,12:33:29.445,BB/USDT:USDT,0.11146,44.0,0.11144,8.0,0.11156,306.0,0.11168,50.0
1753533210083,12:33:30.083,BB/USDT:USDT,0.11125,50.0,0.11124,52.0,0.11156,298.0,0.11168,50.0
1753533210281,12:33:30.281,BB/USDT:USDT,0.11125,50.0,0.11124,52.0,0.11156,298.0,0.11168,50.0
1753533210979,12:33:30.979,BB/USDT:USDT,0.11126,44.0,0.11125,50.0,0.11154,290.0,0.11155,50.0
1753533211932,12:33:31.932,BB/USDT:USDT,0.11126,44.0,0.11125,50.0,0.11154,290.0,0.11155,50.0
1753533212257,12:33:32.257,BB/USDT:USDT,0.11126,44.0,0.11125,50.0,0.11154,290.0,0.11155,50.0
1753533212337,12:33:32.337,BB/USDT:USDT,0.11126,44.0,0.11125,50.0,0.11154,290.0,0.11155,50.0
1753533213179,12:33:33.179,BB/USDT:USDT,0.11126,44.0,0.11125,50.0,0.11154,290.0,0.11155,50.0
1753533214459,12:33:34.459,BB/USDT:USDT,0.11126,44.0,0.11125,50.0,0.11154,290.0,0.11155,50.0
1753533214917,12:33:34.917,BB/USDT:USDT,0.11129,44.0,0.11128,44.0,0.11152,291.0,0.11153,50.0
1753533215016,12:33:35.016,BB/USDT:USDT,0.11134,44.0,0.11133,44.0,0.11152,291.0,0.11153,50.0
1753533215116,12:33:35.116,BB/USDT:USDT,0.1114,44.0,0.11139,44.0,0.11152,307.0,0.11153,50.0
1753533215198,12:33:35.198,BB/USDT:USDT,0.11143,44.0,0.11138,8.0,0.11152,307.0,0.11153,50.0
1753533215349,12:33:35.349,BB/USDT:USDT,0.11143,44.0,0.11138,8.0,0.11152,307.0,0.11153,50.0
1753533215517,12:33:35.517,BB/USDT:USDT,0.11143,44.0,0.11138,8.0,0.11152,307.0,0.11153,50.0
1753533215570,12:33:35.570,BB/USDT:USDT,0.11143,44.0,0.11138,8.0,0.11152,307.0,0.11153,50.0
1753533215929,12:33:35.929,BB/USDT:USDT,0.11143,44.0,0.11138,8.0,0.11152,285.0,0.11167,22.0
1753533216002,12:33:36.002,BB/USDT:USDT,0.11138,8.0,0.11125,50.0,0.11152,465.0,0.11167,22.0
1753533216090,12:33:36.090,BB/USDT:USDT,0.11138,8.0,0.11125,50.0,0.11152,510.0,0.11167,22.0
1753533216350,12:33:36.350,BB/USDT:USDT,0.11138,8.0,0.11125,50.0,0.11152,510.0,0.11167,22.0
1753533217328,12:33:37.328,BB/USDT:USDT,0.11125,50.0,0.11124,52.0,0.11151,22.0,0.11152,510.0
1753533217420,12:33:37.420,BB/USDT:USDT,0.11132,44.0,0.11131,44.0,0.1115,291.0,0.11151,140.0
1753533217518,12:33:37.518,BB/USDT:USDT,0.11137,44.0,0.11136,44.0,0.1115,299.0,0.11151,140.0
1753533217560,12:33:37.560,BB/USDT:USDT,0.11137,44.0,0.11125,50.0,0.1115,299.0,0.11151,140.0
1753533217930,12:33:37.930,BB/USDT:USDT,0.11137,44.0,0.11125,50.0,0.1115,299.0,0.11151,342.0
1753533218011,12:33:38.011,BB/USDT:USDT,0.11125,50.0,0.11124,52.0,0.1115,299.0,0.11151,342.0
1753533218094,12:33:38.094,BB/USDT:USDT,0.11125,50.0,0.11124,52.0,0.1115,299.0,0.11151,342.0
1753533218229,12:33:38.229,BB/USDT:USDT,0.11125,51.0,0.11124,52.0,0.1115,299.0,0.11151,342.0
1753533218268,12:33:38.268,BB/USDT:USDT,0.11125,51.0,0.11124,52.0,0.1115,299.0,0.11151,342.0
1753533218434,12:33:38.434,BB/USDT:USDT,0.11125,50.0,0.11124,52.0,0.1115,299.0,0.11151,342.0
1753533218534,12:33:38.534,BB/USDT:USDT,0.11125,51.0,0.11124,52.0,0.1115,299.0,0.11151,342.0
1753533218933,12:33:38.933,BB/USDT:USDT,0.11125,51.0,0.11124,52.0,0.11146,426.0,0.11149,50.0
1753533218936,12:33:38.936,BB/USDT:USDT,0.11125,51.0,0.11124,52.0,0.11146,471.0,0.11149,50.0
1753533219133,12:33:39.133,BB/USDT:USDT,0.11125,50.0,0.11124,52.0,0.11146,471.0,0.11149,50.0
1753533219141,12:33:39.141,BB/USDT:USDT,0.11125,50.0,0.11124,52.0,0.11146,516.0,0.11149,50.0
1753533219667,12:33:39.667,BB/USDT:USDT,0.11125,50.0,0.11124,52.0,0.11146,516.0,0.11149,50.0
1753533219857,12:33:39.857,BB/USDT:USDT,0.11125,50.0,0.11124,52.0,0.11146,516.0,0.11149,50.0
1753533220006,12:33:40.006,BB/USDT:USDT,0.11125,51.0,0.11124,52.0,0.11146,494.0,0.11148,22.0
1753533220165,12:33:40.165,BB/USDT:USDT,0.11125,50.0,0.11124,52.0,0.11146,494.0,0.11148,22.0
1753533220409,12:33:40.409,BB/USDT:USDT,0.11125,51.0,0.11124,52.0,0.11146,494.0,0.11148,22.0
1753533220458,12:33:40.458,BB/USDT:USDT,0.11125,50.0,0.11124,52.0,0.11146,494.0,0.11148,22.0
1753533220631,12:33:40.631,BB/USDT:USDT,0.11125,50.0,0.11124,52.0,0.11146,494.0,0.11148,22.0
1753533220833,12:33:40.833,BB/USDT:USDT,0.11125,50.0,0.11124,52.0,0.11145,50.0,0.11146,494.0
1753533220916,12:33:40.916,BB/USDT:USDT,0.11132,44.0,0.11131,44.0,0.11144,277.0,0.11145,58.0
1753533220996,12:33:40.996,BB/USDT:USDT,0.11136,44.0,0.11129,8.0,0.11144,277.0,0.11145,58.0
1753533221822,12:33:41.822,BB/USDT:USDT,0.11136,44.0,0.11129,8.0,0.11144,277.0,0.11145,58.0
1753533221845,12:33:41.845,BB/USDT:USDT,0.11136,44.0,0.11129,8.0,0.11144,277.0,0.11145,58.0
1753533222100,12:33:42.100,BB/USDT:USDT,0.11136,44.0,0.11129,8.0,0.11144,277.0,0.11145,58.0
1753533222810,12:33:42.810,BB/USDT:USDT,0.11136,44.0,0.11129,8.0,0.11144,277.0,0.11145,58.0
1753533223003,12:33:43.003,BB/USDT:USDT,0.11136,44.0,0.11129,8.0,0.11144,277.0,0.11145,80.0
1753533223191,12:33:43.191,BB/USDT:USDT,0.11136,44.0,0.11129,8.0,0.11144,277.0,0.11145,80.0
1753533223859,12:33:43.859,BB/USDT:USDT,0.11136,44.0,0.11129,8.0,0.11144,277.0,0.11145,80.0
1753533224031,12:33:44.031,BB/USDT:USDT,0.11136,44.0,0.11129,8.0,0.11144,277.0,0.11145,80.0
1753533224267,12:33:44.267,BB/USDT:USDT,0.11136,44.0,0.11129,8.0,0.11144,277.0,0.11145,80.0
1753533224788,12:33:44.788,BB/USDT:USDT,0.11136,44.0,0.11129,8.0,0.11144,277.0,0.11145,80.0
1753533225102,12:33:45.102,BB/USDT:USDT,0.11136,44.0,0.11129,8.0,0.11144,367.0,0.11145,58.0
1753533225782,12:33:45.782,BB/USDT:USDT,0.11136,44.0,0.11129,8.0,0.11144,277.0,0.11145,8.0
1753533226119,12:33:46.119,BB/USDT:USDT,0.11136,44.0,0.11129,8.0,0.11144,277.0,0.11145,8.0
1753533226220,12:33:46.220,BB/USDT:USDT,0.11136,44.0,0.11125,50.0,0.11144,277.0,0.11145,8.0
1753533226707,12:33:46.707,BB/USDT:USDT,0.11136,44.0,0.11125,50.0,0.11144,322.0,0.11145,8.0
1753533226831,12:33:46.831,BB/USDT:USDT,0.11136,44.0,0.11125,50.0,0.11144,322.0,0.11145,8.0
1753533227755,12:33:47.755,BB/USDT:USDT,0.11136,44.0,0.11125,50.0,0.11144,322.0,0.11145,8.0
1753533228093,12:33:48.093,BB/USDT:USDT,0.11136,44.0,0.11125,50.0,0.11144,412.0,0.11145,8.0
1753533228393,12:33:48.393,BB/USDT:USDT,0.11136,44.0,0.11125,50.0,0.11144,412.0,0.11145,8.0
1753533228437,12:33:48.437,BB/USDT:USDT,0.11136,44.0,0.11125,50.0,0.11144,457.0,0.11145,8.0
1753533228806,12:33:48.806,BB/USDT:USDT,0.11136,44.0,0.11125,50.0,0.11144,412.0,0.11145,8.0
1753533230117,12:33:50.117,BB/USDT:USDT,0.11136,44.0,0.11125,50.0,0.11144,457.0,0.11145,8.0
1753533230558,12:33:50.558,BB/USDT:USDT,0.11136,44.0,0.11125,50.0,0.11144,457.0,0.11145,8.0
1753533230722,12:33:50.722,BB/USDT:USDT,0.11136,44.0,0.11125,50.0,0.11144,457.0,0.11145,8.0
1753533230739,12:33:50.739,BB/USDT:USDT,0.11136,44.0,0.11125,50.0,0.11144,457.0,0.11145,8.0
1753533231109,12:33:51.109,BB/USDT:USDT,0.11136,44.0,0.11125,50.0,0.11144,457.0,0.11145,8.0
1753533231380,12:33:51.380,BB/USDT:USDT,0.11136,44.0,0.11125,50.0,0.11144,457.0,0.11145,8.0
1753533231710,12:33:51.710,BB/USDT:USDT,0.11136,44.0,0.11125,50.0,0.11144,457.0,0.11145,8.0
1753533231932,12:33:51.932,BB/USDT:USDT,0.11136,44.0,0.11125,50.0,0.11144,457.0,0.11145,8.0
1753533231993,12:33:51.993,BB/USDT:USDT,0.11136,44.0,0.11125,50.0,0.11144,479.0,0.11145,8.0
1753533232102,12:33:52.102,BB/USDT:USDT,0.11136,44.0,0.11125,50.0,0.11144,524.0,0.11145,8.0
1753533232361,12:33:52.361,BB/USDT:USDT,0.11136,44.0,0.11125,50.0,0.11144,524.0,0.11145,8.0
1753533232711,12:33:52.711,BB/USDT:USDT,0.11136,44.0,0.11125,50.0,0.11144,524.0,0.11145,8.0
1753533232798,12:33:52.798,BB/USDT:USDT,0.11136,44.0,0.11125,50.0,0.11144,569.0,0.11145,8.0
1753533233117,12:33:53.117,BB/USDT:USDT,0.11136,44.0,0.11125,50.0,0.11144,569.0,0.11145,8.0
1753533233687,12:33:53.687,BB/USDT:USDT,0.11136,44.0,0.11125,50.0,0.11144,569.0,0.11145,8.0
1753533233791,12:33:53.791,BB/USDT:USDT,0.11136,44.0,0.11125,50.0,0.11144,479.0,0.11145,8.0
1753533233917,12:33:53.917,BB/USDT:USDT,0.11136,44.0,0.11125,50.0,0.11144,457.0,0.11145,8.0
1753533234876,12:33:54.876,BB/USDT:USDT,0.11136,44.0,0.11125,50.0,0.11144,457.0,0.11145,8.0
1753533238832,12:33:58.832,BB/USDT:USDT,0.11125,50.0,0.11124,52.0,0.11144,502.0,0.11145,8.0
1753533238846,12:33:58.846,BB/USDT:USDT,0.11125,50.0,0.11124,50.0,0.11144,569.0,0.11145,8.0
1753533239252,12:33:59.252,BB/USDT:USDT,0.11125,50.0,0.11124,50.0,0.11144,569.0,0.11145,8.0
1753533239419,12:33:59.419,BB/USDT:USDT,0.11125,50.0,0.11124,50.0,0.11143,184.0,0.11144,614.0
1753533239456,12:33:59.456,BB/USDT:USDT,0.11127,44.0,0.11121,50.0,0.11143,404.0,0.11144,98.0
1753533239623,12:33:59.623,BB/USDT:USDT,0.11127,44.0,0.11121,50.0,0.11143,404.0,0.11144,98.0
1753533239644,12:33:59.644,BB/USDT:USDT,0.11127,44.0,0.11121,50.0,0.11143,404.0,0.11144,98.0
1753533239750,12:33:59.750,BB/USDT:USDT,0.11127,44.0,0.11121,50.0,0.11143,404.0,0.11144,98.0
1753533240214,12:34:00.214,BB/USDT:USDT,0.11127,44.0,0.11121,50.0,0.11143,449.0,0.11144,120.0
1753533240611,12:34:00.611,BB/USDT:USDT,0.11127,44.0,0.11121,50.0,0.11143,449.0,0.11144,120.0
1753533240994,12:34:00.994,BB/USDT:USDT,0.11127,44.0,0.11121,50.0,0.11143,449.0,0.11144,120.0
1753533241393,12:34:01.393,BB/USDT:USDT,0.11127,44.0,0.11121,50.0,0.11143,449.0,0.11144,120.0
1753533241633,12:34:01.633,BB/USDT:USDT,0.11131,44.0,0.1113,94.0,0.11149,22.0,0.11177,50.0
1753533241732,12:34:01.732,BB/USDT:USDT,0.11139,44.0,0.11138,44.0,0.11174,470.0,0.11175,285.0
1753533241827,12:34:01.827,BB/USDT:USDT,0.11148,44.0,0.11147,44.0,0.11172,299.0,0.11173,292.0
1753533241928,12:34:01.928,BB/USDT:USDT,0.11152,44.0,0.11121,50.0,0.11172,395.0,0.11173,292.0
1753533242017,12:34:02.017,BB/USDT:USDT,0.11125,44.0,0.11124,44.0,0.1117,290.0,0.11172,537.0
1753533242116,12:34:02.116,BB/USDT:USDT,0.1113,44.0,0.11129,44.0,0.1117,290.0,0.11172,449.0
1753533242217,12:34:02.217,BB/USDT:USDT,0.11136,44.0,0.11135,44.0,0.1117,290.0,0.11172,449.0
1753533242316,12:34:02.316,BB/USDT:USDT,0.11141,44.0,0.1114,44.0,0.1117,377.0,0.11172,449.0
1753533242419,12:34:02.419,BB/USDT:USDT,0.11146,44.0,0.11145,44.0,0.1117,401.0,0.11172,449.0
1753533242517,12:34:02.517,BB/USDT:USDT,0.11151,44.0,0.1115,44.0,0.1117,409.0,0.11172,449.0
1753533242630,12:34:02.630,BB/USDT:USDT,0.11151,44.0,0.11123,2.0,0.11168,380.0,0.11169,448.0
1753533242714,12:34:02.714,BB/USDT:USDT,0.11151,44.0,0.11123,2.0,0.11168,503.0,0.11169,448.0
1753533242830,12:34:02.830,BB/USDT:USDT,0.11151,44.0,0.11123,2.0,0.11165,268.0,0.11166,50.0
1753533242925,12:34:02.925,BB/USDT:USDT,0.11123,2.0,0.11122,269.0,0.11161,290.0,0.11162,50.0
1753533243023,12:34:03.023,BB/USDT:USDT,0.11123,2.0,0.11122,269.0,0.11161,290.0,0.11162,50.0
1753533243127,12:34:03.127,BB/USDT:USDT,0.11123,2.0,0.11122,269.0,0.11161,425.0,0.11162,50.0
1753533243181,12:34:03.181,BB/USDT:USDT,0.11123,2.0,0.11122,269.0,0.11161,515.0,0.11162,50.0
1753533243313,12:34:03.313,BB/USDT:USDT,0.11123,2.0,0.11122,269.0,0.11161,515.0,0.11162,50.0
1753533243336,12:34:03.336,BB/USDT:USDT,0.11123,2.0,0.11122,269.0,0.11161,515.0,0.11162,50.0
1753533243617,12:34:03.617,BB/USDT:USDT,0.11126,44.0,0.11125,94.0,0.11161,515.0,0.11164,66.0
1753533243717,12:34:03.717,BB/USDT:USDT,0.11131,44.0,0.1113,44.0,0.11161,560.0,0.11164,66.0
1753533243816,12:34:03.816,BB/USDT:USDT,0.11137,44.0,0.11136,44.0,0.11161,560.0,0.11164,66.0
1753533243916,12:34:03.916,BB/USDT:USDT,0.11145,44.0,0.11144,44.0,0.11161,560.0,0.11164,66.0
1753533244002,12:34:04.002,BB/USDT:USDT,0.11148,44.0,0.11134,8.0,0.11161,560.0,0.11164,66.0
1753533244037,12:34:04.037,BB/USDT:USDT,0.11148,44.0,0.11134,8.0,0.11161,561.0,0.11164,66.0
1753533244224,12:34:04.224,BB/USDT:USDT,0.11148,44.0,0.11134,8.0,0.11161,560.0,0.11164,66.0
1753533244565,12:34:04.565,BB/USDT:USDT,0.11148,44.0,0.11134,8.0,0.11161,560.0,0.11164,66.0
1753533245298,12:34:05.298,BB/USDT:USDT,0.11148,44.0,0.11134,8.0,0.11161,560.0,0.11164,66.0
1753533245557,12:34:05.557,BB/USDT:USDT,0.11148,44.0,0.11134,8.0,0.11161,560.0,0.11164,66.0
1753533245694,12:34:05.694,BB/USDT:USDT,0.11148,44.0,0.11134,8.0,0.11161,560.0,0.11164,66.0
1753533246119,12:34:06.119,BB/USDT:USDT,0.11148,44.0,0.11124,2.0,0.11161,560.0,0.11164,66.0
1753533246137,12:34:06.137,BB/USDT:USDT,0.11148,44.0,0.11124,2.0,0.11161,560.0,0.11164,66.0
1753533246330,12:34:06.330,BB/USDT:USDT,0.11148,44.0,0.11124,2.0,0.11159,290.0,0.1116,317.0
1753533246355,12:34:06.355,BB/USDT:USDT,0.11148,44.0,0.11124,2.0,0.11159,380.0,0.1116,135.0
1753533246442,12:34:06.442,BB/USDT:USDT,0.11148,44.0,0.11124,2.0,0.11159,380.0,0.1116,135.0
1753533246543,12:34:06.543,BB/USDT:USDT,0.11148,44.0,0.11125,50.0,0.11159,380.0,0.1116,135.0
1753533246640,12:34:06.640,BB/USDT:USDT,0.11148,44.0,0.11126,2.0,0.11159,380.0,0.1116,135.0
1753533247272,12:34:07.272,BB/USDT:USDT,0.11148,44.0,0.11126,2.0,0.11159,396.0,0.1116,151.0
1753533247532,12:34:07.532,BB/USDT:USDT,0.11148,44.0,0.11127,50.0,0.11159,396.0,0.1116,151.0
1753533247545,12:34:07.545,BB/USDT:USDT,0.11148,44.0,0.11127,50.0,0.11159,441.0,0.1116,151.0
1753533247699,12:34:07.699,BB/USDT:USDT,0.11148,44.0,0.11127,50.0,0.11159,441.0,0.1116,151.0
1753533247853,12:34:07.853,BB/USDT:USDT,0.11148,44.0,0.11127,50.0,0.11159,441.0,0.1116,151.0
1753533248016,12:34:08.016,BB/USDT:USDT,0.11148,44.0,0.11124,50.0,0.11159,441.0,0.1116,151.0
1753533248040,12:34:08.040,BB/USDT:USDT,0.11148,44.0,0.11125,2.0,0.11159,441.0,0.1116,151.0
1753533248175,12:34:08.175,BB/USDT:USDT,0.11148,44.0,0.11125,2.0,0.11159,441.0,0.1116,151.0
1753533248281,12:34:08.281,BB/USDT:USDT,0.11148,44.0,0.11125,2.0,0.11159,441.0,0.1116,151.0
1753533248521,12:34:08.521,BB/USDT:USDT,0.11148,44.0,0.11126,50.0,0.11159,441.0,0.1116,151.0
1753533248541,12:34:08.541,BB/USDT:USDT,0.11148,44.0,0.11126,50.0,0.11159,441.0,0.1116,151.0
1753533249399,12:34:09.399,BB/USDT:USDT,0.11126,50.0,0.11123,52.0,0.11159,478.0,0.1116,8.0
1753533249495,12:34:09.495,BB/USDT:USDT,0.11126,50.0,0.11123,52.0,0.11159,568.0,0.1116,8.0
1753533249628,12:34:09.628,BB/USDT:USDT,0.11126,51.0,0.11123,52.0,0.11159,568.0,0.1116,8.0
1753533249717,12:34:09.717,BB/USDT:USDT,0.1113,44.0,0.11129,94.0,0.11157,290.0,0.11158,45.0
1753533249820,12:34:09.820,BB/USDT:USDT,0.11136,44.0,0.11135,44.0,0.11157,290.0,0.11158,45.0
1753533249917,12:34:09.917,BB/USDT:USDT,0.11142,44.0,0.11141,44.0,0.11157,343.0,0.11158,45.0
1753533250017,12:34:10.017,BB/USDT:USDT,0.11147,44.0,0.11146,44.0,0.11157,343.0,0.11158,45.0
1753533250099,12:34:10.099,BB/USDT:USDT,0.11147,44.0,0.11139,8.0,0.11157,343.0,0.11158,45.0
1753533250562,12:34:10.562,BB/USDT:USDT,0.11147,44.0,0.11139,8.0,0.11157,343.0,0.11158,45.0
1753533251121,12:34:11.121,BB/USDT:USDT,0.1115,44.0,0.11149,44.0,0.11157,290.0,0.11159,8.0
1753533251232,12:34:11.232,BB/USDT:USDT,0.11127,94.0,0.11126,319.0,0.11157,290.0,0.1117,362.0
1753533251316,12:34:11.316,BB/USDT:USDT,0.11133,44.0,0.11132,44.0,0.11157,290.0,0.1117,362.0
1753533251417,12:34:11.417,BB/USDT:USDT,0.11139,44.0,0.11138,44.0,0.11157,290.0,0.1117,362.0
1753533251516,12:34:11.516,BB/USDT:USDT,0.11143,44.0,0.11142,44.0,0.11157,290.0,0.1117,362.0
1753533251542,12:34:11.542,BB/USDT:USDT,0.11143,44.0,0.11139,16.0,0.11157,290.0,0.1117,362.0
1753533251722,12:34:11.722,BB/USDT:USDT,0.11143,44.0,0.11139,16.0,0.11157,290.0,0.11158,8.0
1753533252218,12:34:12.218,BB/USDT:USDT,0.11143,44.0,0.11139,16.0,0.11157,290.0,0.11158,8.0
1753533252238,12:34:12.238,BB/USDT:USDT,0.11143,44.0,0.11139,16.0,0.11157,290.0,0.11158,8.0
1753533252513,12:34:12.513,BB/USDT:USDT,0.11143,44.0,0.11139,16.0,0.11157,470.0,0.11158,8.0
1753533252545,12:34:12.545,BB/USDT:USDT,0.11143,44.0,0.11139,16.0,0.11157,470.0,0.11158,8.0
1753533252885,12:34:12.885,BB/USDT:USDT,0.11143,44.0,0.11139,16.0,0.11157,560.0,0.11158,8.0
1753533253005,12:34:13.005,BB/USDT:USDT,0.11143,44.0,0.11139,16.0,0.11157,560.0,0.11158,8.0
1753533254382,12:34:14.382,BB/USDT:USDT,0.11143,44.0,0.11139,16.0,0.11157,560.0,0.11158,8.0
1753533255019,12:34:15.019,BB/USDT:USDT,0.11143,44.0,0.11139,16.0,0.11156,182.0,0.11157,605.0
1753533255128,12:34:15.128,BB/USDT:USDT,0.11146,44.0,0.11145,44.0,0.11155,290.0,0.11156,182.0
1753533255175,12:34:15.175,BB/USDT:USDT,0.11147,44.0,0.11139,16.0,0.11155,298.0,0.11156,8.0
1753533255392,12:34:15.392,BB/USDT:USDT,0.11147,44.0,0.11139,8.0,0.11155,298.0,0.11156,8.0
1753533255606,12:34:15.606,BB/USDT:USDT,0.11147,44.0,0.11139,8.0,0.11155,298.0,0.11156,8.0
1753533255730,12:34:15.730,BB/USDT:USDT,0.11147,44.0,0.11139,8.0,0.11155,343.0,0.11156,8.0
1753533255917,12:34:15.917,BB/USDT:USDT,0.11147,44.0,0.11129,52.0,0.11155,405.0,0.11156,8.0
1753533256025,12:34:16.025,BB/USDT:USDT,0.11147,44.0,0.11129,52.0,0.11155,450.0,0.11156,8.0
1753533256300,12:34:16.300,BB/USDT:USDT,0.11147,44.0,0.11129,52.0,0.11155,450.0,0.11156,8.0
1753533256534,12:34:16.534,BB/USDT:USDT,0.11147,44.0,0.11129,52.0,0.11155,450.0,0.11156,8.0
1753533256937,12:34:16.937,BB/USDT:USDT,0.11147,44.0,0.11129,52.0,0.11155,478.0,0.11156,8.0
1753533257371,12:34:17.371,BB/USDT:USDT,0.11147,44.0,0.11129,52.0,0.11155,495.0,0.11156,8.0
1753533257461,12:34:17.461,BB/USDT:USDT,0.11129,52.0,0.11128,269.0,0.11153,268.0,0.11154,15.0
1753533257616,12:34:17.616,BB/USDT:USDT,0.11134,44.0,0.11133,44.0,0.11152,7.0,0.11153,268.0
1753533257718,12:34:17.718,BB/USDT:USDT,0.11139,44.0,0.11138,60.0,0.11152,7.0,0.11153,268.0
1753533257799,12:34:17.799,BB/USDT:USDT,0.11146,44.0,0.11138,16.0,0.11152,15.0,0.11153,276.0
1753533258257,12:34:18.257,BB/USDT:USDT,0.11146,44.0,0.11142,16.0,0.11152,15.0,0.11153,276.0
1753533258413,12:34:18.413,BB/USDT:USDT,0.11148,44.0,0.11142,16.0,0.11152,7.0,0.11153,268.0
1753533258456,12:34:18.456,BB/USDT:USDT,0.11148,44.0,0.11142,16.0,0.11152,7.0,0.11153,268.0
1753533258690,12:34:18.690,BB/USDT:USDT,0.11148,44.0,0.11142,16.0,0.11152,7.0,0.11153,268.0
1753533259187,12:34:19.187,BB/USDT:USDT,0.11142,8.0,0.11129,52.0,0.11152,321.0,0.11154,8.0
1753533259325,12:34:19.325,BB/USDT:USDT,0.11142,8.0,0.11129,52.0,0.11152,276.0,0.11153,22.0
1753533260030,12:34:20.030,BB/USDT:USDT,0.11142,8.0,0.11129,52.0,0.11152,276.0,0.11153,22.0
1753533260326,12:34:20.326,BB/USDT:USDT,0.11144,44.0,0.11142,8.0,0.11151,269.0,0.11152,15.0
1753533260350,12:34:20.350,BB/USDT:USDT,0.11144,44.0,0.11142,8.0,0.11151,269.0,0.11152,8.0
1753533260723,12:34:20.723,BB/USDT:USDT,0.11149,44.0,0.11148,44.0,0.11151,269.0,0.11173,22.0
1753533260833,12:34:20.833,BB/USDT:USDT,0.11149,44.0,0.11146,8.0,0.11151,269.0,0.11172,22.0
1753533261761,12:34:21.761,BB/USDT:USDT,0.11149,44.0,0.11146,8.0,0.11151,269.0,0.11172,22.0
1753533262171,12:34:22.171,BB/USDT:USDT,0.11149,44.0,0.11148,8.0,0.11151,269.0,0.11172,22.0
1753533262328,12:34:22.328,BB/USDT:USDT,0.11149,44.0,0.11148,8.0,0.11151,269.0,0.11172,22.0
1753533262359,12:34:22.359,BB/USDT:USDT,0.11149,44.0,0.11148,8.0,0.11151,269.0,0.11172,22.0
1753533263017,12:34:23.017,BB/USDT:USDT,0.11149,44.0,0.11148,8.0,0.11151,269.0,0.11172,22.0
1753533263042,12:34:23.042,BB/USDT:USDT,0.11149,44.0,0.11148,8.0,0.11151,269.0,0.11172,22.0
1753533264825,12:34:24.825,BB/USDT:USDT,0.11151,44.0,0.1115,44.0,0.11171,322.0,0.11172,202.0
1753533264915,12:34:24.915,BB/USDT:USDT,0.11152,44.0,0.11146,8.0,0.11169,268.0,0.1117,24.0
1753533265016,12:34:25.016,BB/USDT:USDT,0.11152,44.0,0.11146,8.0,0.11167,290.0,0.11168,54.0
1753533265072,12:34:25.072,BB/USDT:USDT,0.11152,44.0,0.11146,8.0,0.11165,290.0,0.11166,144.0
1753533265189,12:34:25.189,BB/USDT:USDT,0.11152,44.0,0.11146,8.0,0.11163,298.0,0.11164,99.0
1753533265320,12:34:25.320,BB/USDT:USDT,0.11152,44.0,0.11146,8.0,0.11161,335.0,0.11162,17.0
1753533265342,12:34:25.342,BB/USDT:USDT,0.11152,44.0,0.11146,8.0,0.1116,9.0,0.11161,335.0
1753533265626,12:34:25.626,BB/USDT:USDT,0.11152,44.0,0.11146,8.0,0.11159,433.0,0.1116,107.0
1753533265690,12:34:25.690,BB/USDT:USDT,0.11152,44.0,0.11146,8.0,0.11157,268.0,0.11158,24.0
1753533265740,12:34:25.740,BB/USDT:USDT,0.11152,44.0,0.11146,8.0,0.11156,2.0,0.11157,268.0
1753533265933,12:34:25.933,BB/USDT:USDT,0.11129,50.0,0.11128,269.0,0.11156,270.0,0.11158,22.0
1753533266012,12:34:26.012,BB/USDT:USDT,0.11137,44.0,0.11136,44.0,0.11155,22.0,0.11156,270.0
1753533266116,12:34:26.116,BB/USDT:USDT,0.11143,44.0,0.11142,44.0,0.11156,270.0,0.11172,22.0
1753533266222,12:34:26.222,BB/USDT:USDT,0.11148,44.0,0.11147,44.0,0.11156,315.0,0.11172,22.0
1753533266257,12:34:26.257,BB/USDT:USDT,0.11149,44.0,0.11145,16.0,0.11156,315.0,0.11172,22.0
1753533266521,12:34:26.521,BB/USDT:USDT,0.11149,44.0,0.11145,16.0,0.11156,315.0,0.11172,22.0
1753533266658,12:34:26.658,BB/USDT:USDT,0.11149,44.0,0.11145,16.0,0.11156,315.0,0.11172,22.0
1753533266905,12:34:26.905,BB/USDT:USDT,0.11149,44.0,0.11145,16.0,0.11156,315.0,0.11172,22.0
1753533267340,12:34:27.340,BB/USDT:USDT,0.11149,44.0,0.11145,16.0,0.11156,315.0,0.11172,22.0
1753533267632,12:34:27.632,BB/USDT:USDT,0.11149,44.0,0.11145,16.0,0.11156,315.0,0.11157,8.0
1753533267650,12:34:27.650,BB/USDT:USDT,0.11149,44.0,0.11145,8.0,0.11155,22.0,0.11156,315.0
1753533268026,12:34:28.026,BB/USDT:USDT,0.11129,50.0,0.11128,269.0,0.11154,313.0,0.11155,22.0
1753533268124,12:34:28.124,BB/USDT:USDT,0.11136,44.0,0.11135,44.0,0.11153,270.0,0.11155,22.0
1753533268216,12:34:28.216,BB/USDT:USDT,0.11142,44.0,0.11141,44.0,0.11153,270.0,0.11155,22.0
1753533268257,12:34:28.257,BB/USDT:USDT,0.11143,44.0,0.11141,8.0,0.11153,270.0,0.11155,30.0
1753533269479,12:34:29.479,BB/USDT:USDT,0.11143,44.0,0.11141,8.0,0.11153,270.0,0.11155,30.0
1753533270145,12:34:30.145,BB/USDT:USDT,0.11143,44.0,0.11141,16.0,0.11153,270.0,0.11155,30.0
1753533271004,12:34:31.004,BB/USDT:USDT,0.11143,44.0,0.11141,16.0,0.11153,270.0,0.11155,8.0
1753533271629,12:34:31.629,BB/USDT:USDT,0.11143,44.0,0.11141,16.0,0.11153,270.0,0.11155,8.0
1753533272632,12:34:32.632,BB/USDT:USDT,0.11143,44.0,0.11141,16.0,0.11153,270.0,0.11155,8.0
1753533273133,12:34:33.133,BB/USDT:USDT,0.11152,44.0,0.11146,8.0,0.11153,270.0,0.11156,22.0
1753533273159,12:34:33.159,BB/USDT:USDT,0.11152,44.0,0.1115,8.0,0.11153,268.0,0.11157,8.0
1753533273260,12:34:33.260,BB/USDT:USDT,0.11152,44.0,0.1115,8.0,0.11153,268.0,0.11157,8.0
1753533273458,12:34:33.458,BB/USDT:USDT,0.11149,8.0,0.11148,8.0,0.11153,268.0,0.11157,8.0
1753533273590,12:34:33.590,BB/USDT:USDT,0.11149,8.0,0.11148,8.0,0.11152,2.0,0.11153,268.0
1753533273812,12:34:33.812,BB/USDT:USDT,0.11149,8.0,0.11148,8.0,0.11152,2.0,0.11153,268.0
1753533275008,12:34:35.008,BB/USDT:USDT,0.11149,8.0,0.11148,8.0,0.11152,2.0,0.11153,268.0
1753533276009,12:34:36.009,BB/USDT:USDT,0.11149,8.0,0.11148,8.0,0.11152,2.0,0.11153,268.0
1753533277682,12:34:37.682,BB/USDT:USDT,0.11149,8.0,0.11148,8.0,0.11152,2.0,0.11153,268.0
1753533277781,12:34:37.781,BB/USDT:USDT,0.11149,8.0,0.11148,8.0,0.11152,2.0,0.11153,268.0
1753533278173,12:34:38.173,BB/USDT:USDT,0.11149,8.0,0.11148,8.0,0.11152,2.0,0.11153,268.0
1753533278239,12:34:38.239,BB/USDT:USDT,0.11149,8.0,0.11148,8.0,0.11152,2.0,0.11153,268.0
1753533278615,12:34:38.615,BB/USDT:USDT,0.11149,8.0,0.11148,8.0,0.11152,2.0,0.11153,268.0
1753533280170,12:34:40.170,BB/USDT:USDT,0.11149,8.0,0.11148,8.0,0.11152,2.0,0.11153,268.0
1753533280349,12:34:40.349,BB/USDT:USDT,0.11149,8.0,0.11148,8.0,0.11152,2.0,0.11153,268.0
1753533280915,12:34:40.915,BB/USDT:USDT,0.11129,50.0,0.11128,269.0,0.11152,2.0,0.11153,268.0
1753533281022,12:34:41.022,BB/USDT:USDT,0.11135,44.0,0.11134,44.0,0.11152,2.0,0.11153,268.0
1753533281117,12:34:41.117,BB/USDT:USDT,0.1114,44.0,0.11139,52.0,0.11152,2.0,0.11153,268.0
1753533281201,12:34:41.201,BB/USDT:USDT,0.11145,44.0,0.11144,8.0,0.11152,2.0,0.11153,268.0
1753533281423,12:34:41.423,BB/USDT:USDT,0.11145,44.0,0.11144,8.0,0.11152,2.0,0.11153,268.0
1753533281810,12:34:41.810,BB/USDT:USDT,0.11145,44.0,0.11144,8.0,0.11152,2.0,0.11153,268.0
1753533282222,12:34:42.222,BB/USDT:USDT,0.11145,44.0,0.11144,8.0,0.11152,2.0,0.11153,268.0
1753533282496,12:34:42.496,BB/USDT:USDT,0.11145,44.0,0.11144,8.0,0.11152,2.0,0.11153,268.0
1753533283038,12:34:43.038,BB/USDT:USDT,0.11145,44.0,0.11144,8.0,0.11152,2.0,0.11153,268.0
1753533284029,12:34:44.029,BB/USDT:USDT,0.11151,44.0,0.11146,52.0,0.11152,2.0,0.11172,22.0
1753533284129,12:34:44.129,BB/USDT:USDT,0.11154,44.0,0.11129,269.0,0.11171,358.0,0.11172,114.0
1753533284217,12:34:44.217,BB/USDT:USDT,0.11154,44.0,0.11129,269.0,0.11169,276.0,0.1117,24.0
1753533284301,12:34:44.301,BB/USDT:USDT,0.11154,44.0,0.11129,269.0,0.11167,335.0,0.11168,55.0
1753533284398,12:34:44.398,BB/USDT:USDT,0.11154,44.0,0.11129,269.0,0.11165,268.0,0.11166,204.0
1753533284516,12:34:44.516,BB/USDT:USDT,0.11154,44.0,0.11129,269.0,0.11163,335.0,0.11164,55.0
1753533284540,12:34:44.540,BB/USDT:USDT,0.11154,44.0,0.11129,269.0,0.11162,2.0,0.11163,335.0
1753533284676,12:34:44.676,BB/USDT:USDT,0.11154,44.0,0.11129,269.0,0.11162,270.0,0.11163,67.0
1753533284826,12:34:44.826,BB/USDT:USDT,0.11154,44.0,0.11129,269.0,0.11162,270.0,0.11163,67.0
1753533285033,12:34:45.033,BB/USDT:USDT,0.11131,269.0,0.1113,44.0,0.11161,268.0,0.11162,47.0
1753533285117,12:34:45.117,BB/USDT:USDT,0.11138,44.0,0.11137,44.0,0.1116,427.0,0.11162,45.0
1753533285217,12:34:45.217,BB/USDT:USDT,0.11143,44.0,0.11142,44.0,0.1116,427.0,0.11162,45.0
1753533285320,12:34:45.320,BB/USDT:USDT,0.1115,44.0,0.11149,44.0,0.1116,472.0,0.11161,8.0
1753533285416,12:34:45.416,BB/USDT:USDT,0.11151,44.0,0.11146,8.0,0.11159,290.0,0.1116,182.0
1753533285444,12:34:45.444,BB/USDT:USDT,0.11151,44.0,0.11146,8.0,0.11158,24.0,0.11159,276.0
1753533285626,12:34:45.626,BB/USDT:USDT,0.11151,44.0,0.11146,8.0,0.11158,24.0,0.11159,276.0
1753533286133,12:34:46.133,BB/USDT:USDT,0.11146,8.0,0.11145,8.0,0.11158,337.0,0.11159,276.0
1753533286229,12:34:46.229,BB/USDT:USDT,0.11146,8.0,0.11145,8.0,0.11158,337.0,0.11159,8.0
1753533286833,12:34:46.833,BB/USDT:USDT,0.11146,8.0,0.11145,8.0,0.11158,337.0,0.11159,8.0
1753533287015,12:34:47.015,BB/USDT:USDT,0.11146,8.0,0.11145,8.0,0.11158,337.0,0.11159,8.0
1753533287222,12:34:47.222,BB/USDT:USDT,0.11146,8.0,0.11145,8.0,0.11158,337.0,0.11159,8.0
1753533288092,12:34:48.092,BB/USDT:USDT,0.11146,8.0,0.11145,8.0,0.11158,382.0,0.11159,8.0
1753533288763,12:34:48.763,BB/USDT:USDT,0.11146,8.0,0.11145,8.0,0.11158,382.0,0.11159,8.0
1753533288992,12:34:48.992,BB/USDT:USDT,0.11146,8.0,0.11145,8.0,0.11158,382.0,0.11159,8.0
1753533289088,12:34:49.088,BB/USDT:USDT,0.11146,8.0,0.11145,8.0,0.11158,427.0,0.11159,8.0
1753533289693,12:34:49.693,BB/USDT:USDT,0.11146,8.0,0.11145,8.0,0.11158,427.0,0.11159,8.0
1753533290349,12:34:50.349,BB/USDT:USDT,0.11146,8.0,0.11145,8.0,0.11158,427.0,0.11159,8.0
1753533291084,12:34:51.084,BB/USDT:USDT,0.11146,8.0,0.11145,8.0,0.11158,562.0,0.11159,8.0
1753533291218,12:34:51.218,BB/USDT:USDT,0.11146,8.0,0.11145,8.0,0.11158,562.0,0.11159,8.0
1753533292415,12:34:52.415,BB/USDT:USDT,0.11146,8.0,0.11145,8.0,0.11158,517.0,0.11159,8.0
1753533292518,12:34:52.518,BB/USDT:USDT,0.11146,8.0,0.11145,8.0,0.11158,427.0,0.11159,8.0
1753533292571,12:34:52.571,BB/USDT:USDT,0.11146,8.0,0.11145,8.0,0.11158,427.0,0.11159,8.0
1753533293295,12:34:53.295,BB/USDT:USDT,0.11146,8.0,0.11145,8.0,0.11158,427.0,0.11159,8.0
1753533294433,12:34:54.433,BB/USDT:USDT,0.11151,44.0,0.1115,44.0,0.11158,450.0,0.11159,8.0
1753533294496,12:34:54.496,BB/USDT:USDT,0.11152,44.0,0.11151,8.0,0.11158,292.0,0.11159,8.0
1753533295256,12:34:55.256,BB/USDT:USDT,0.1115,8.0,0.11149,8.0,0.11158,292.0,0.11159,8.0
1753533295442,12:34:55.442,BB/USDT:USDT,0.1115,8.0,0.11149,8.0,0.11158,292.0,0.11159,8.0
1753533295630,12:34:55.630,BB/USDT:USDT,0.1115,8.0,0.11149,8.0,0.11158,292.0,0.11159,8.0
1753533295658,12:34:55.658,BB/USDT:USDT,0.1115,8.0,0.11149,8.0,0.11158,292.0,0.11159,8.0
1753533295953,12:34:55.953,BB/USDT:USDT,0.1115,8.0,0.11149,8.0,0.11158,292.0,0.11159,8.0
1753533296130,12:34:56.130,BB/USDT:USDT,0.1115,8.0,0.11149,8.0,0.11158,292.0,0.11159,8.0
1753533297182,12:34:57.182,BB/USDT:USDT,0.1115,8.0,0.11149,8.0,0.11158,292.0,0.11159,8.0
1753533297394,12:34:57.394,BB/USDT:USDT,0.1115,8.0,0.11149,8.0,0.11158,292.0,0.11159,8.0
1753533297578,12:34:57.578,BB/USDT:USDT,0.1115,8.0,0.11149,8.0,0.11158,292.0,0.11159,8.0
1753533298002,12:34:58.002,BB/USDT:USDT,0.1115,8.0,0.11149,8.0,0.11158,292.0,0.11159,8.0
1753533298133,12:34:58.133,BB/USDT:USDT,0.11152,44.0,0.11151,44.0,0.11158,2.0,0.11173,22.0
1753533298233,12:34:58.233,BB/USDT:USDT,0.11158,44.0,0.11132,269.0,0.11172,313.0,0.11173,159.0
1753533298292,12:34:58.292,BB/USDT:USDT,0.11158,44.0,0.11133,1.0,0.1117,276.0,0.11171,23.0
1753533298431,12:34:58.431,BB/USDT:USDT,0.11158,44.0,0.11133,1.0,0.11169,291.0,0.1117,321.0
1753533298450,12:34:58.450,BB/USDT:USDT,0.11158,44.0,0.11133,1.0,0.11169,336.0,0.1117,54.0
1753533298535,12:34:58.535,BB/USDT:USDT,0.11158,44.0,0.11133,1.0,0.11169,336.0,0.1117,53.0
1753533299005,12:34:59.005,BB/USDT:USDT,0.11158,44.0,0.11133,1.0,0.11169,337.0,0.1117,53.0
1753533299039,12:34:59.039,BB/USDT:USDT,0.11158,44.0,0.11133,1.0,0.11169,336.0,0.1117,53.0
1753533299192,12:34:59.192,BB/USDT:USDT,0.11158,44.0,0.11133,455.0,0.11169,336.0,0.1117,53.0
1753533299324,12:34:59.324,BB/USDT:USDT,0.11133,455.0,0.11132,269.0,0.11168,268.0,0.11169,68.0
1753533299430,12:34:59.430,BB/USDT:USDT,0.11143,44.0,0.11142,313.0,0.11167,113.0,0.11168,268.0
1753533299517,12:34:59.517,BB/USDT:USDT,0.11149,44.0,0.11148,44.0,0.11167,113.0,0.11168,268.0
1753533299579,12:34:59.579,BB/USDT:USDT,0.11151,44.0,0.1115,8.0,0.11167,113.0,0.11168,268.0
1753533299711,12:34:59.711,BB/USDT:USDT,0.11151,44.0,0.1115,8.0,0.11167,113.0,0.11168,268.0
1753533300074,12:35:00.074,BB/USDT:USDT,0.11151,52.0,0.1115,8.0,0.11167,113.0,0.11168,268.0
1753533300217,12:35:00.217,BB/USDT:USDT,0.11157,44.0,0.11155,7.0,0.11167,23.0,0.11168,268.0
1753533300281,12:35:00.281,BB/USDT:USDT,0.11159,44.0,0.11155,7.0,0.11167,113.0,0.11168,268.0
1753533300431,12:35:00.431,BB/USDT:USDT,0.11154,44.0,0.11151,8.0,0.11166,320.0,0.11167,120.0
1753533300492,12:35:00.492,BB/USDT:USDT,0.11154,44.0,0.11151,8.0,0.11165,30.0,0.11166,327.0
1753533300560,12:35:00.560,BB/USDT:USDT,0.11154,44.0,0.11151,8.0,0.11165,30.0,0.11166,327.0
1753533301497,12:35:01.497,BB/USDT:USDT,0.11154,44.0,0.11151,8.0,0.11165,343.0,0.11166,59.0
1753533301839,12:35:01.839,BB/USDT:USDT,0.11154,44.0,0.11151,8.0,0.11165,343.0,0.11166,59.0
1753533301936,12:35:01.936,BB/USDT:USDT,0.11154,44.0,0.11151,8.0,0.11165,483.0,0.11166,59.0
1753533303320,12:35:03.320,BB/USDT:USDT,0.11154,44.0,0.11151,8.0,0.11165,528.0,0.11166,59.0
1753533303497,12:35:03.497,BB/USDT:USDT,0.11154,44.0,0.11151,8.0,0.11164,185.0,0.11165,618.0
1753533303616,12:35:03.616,BB/USDT:USDT,0.11154,44.0,0.11151,8.0,0.11163,1.0,0.11164,268.0
1753533303656,12:35:03.656,BB/USDT:USDT,0.11154,44.0,0.11151,8.0,0.11163,1.0,0.11164,268.0
1753533303965,12:35:03.965,BB/USDT:USDT,0.11154,44.0,0.11151,8.0,0.11163,1.0,0.11164,268.0
1753533304131,12:35:04.131,BB/USDT:USDT,0.11154,44.0,0.11151,8.0,0.11163,1.0,0.11164,268.0
1753533304217,12:35:04.217,BB/USDT:USDT,0.11154,44.0,0.11151,8.0,0.11163,1.0,0.11164,268.0
1753533304527,12:35:04.527,BB/USDT:USDT,0.11154,44.0,0.11151,8.0,0.11163,1.0,0.11164,268.0
1753533305219,12:35:05.219,BB/USDT:USDT,0.11154,44.0,0.11151,8.0,0.11163,1.0,0.11164,268.0
1753533305277,12:35:05.277,BB/USDT:USDT,0.11154,44.0,0.11151,8.0,0.11163,46.0,0.11164,268.0
1753533305357,12:35:05.357,BB/USDT:USDT,0.11154,44.0,0.11151,8.0,0.11163,46.0,0.11164,268.0
1753533305518,12:35:05.518,BB/USDT:USDT,0.11154,44.0,0.11151,8.0,0.11163,46.0,0.11164,268.0
1753533305546,12:35:05.546,BB/USDT:USDT,0.11154,44.0,0.11151,8.0,0.11163,91.0,0.11164,268.0
1753533306110,12:35:06.110,BB/USDT:USDT,0.11154,44.0,0.11151,8.0,0.11163,91.0,0.11164,268.0
1753533306196,12:35:06.196,BB/USDT:USDT,0.11154,44.0,0.11151,8.0,0.11163,91.0,0.11164,268.0
1753533306521,12:35:06.521,BB/USDT:USDT,0.11154,44.0,0.11151,8.0,0.11163,136.0,0.11164,268.0
1753533306565,12:35:06.565,BB/USDT:USDT,0.11154,44.0,0.11151,8.0,0.11163,136.0,0.11164,268.0
1753533307008,12:35:07.008,BB/USDT:USDT,0.11154,44.0,0.11151,8.0,0.11163,136.0,0.11164,268.0
1753533307314,12:35:07.314,BB/USDT:USDT,0.11154,44.0,0.11151,8.0,0.11163,143.0,0.11164,275.0
1753533307516,12:35:07.516,BB/USDT:USDT,0.11154,44.0,0.11151,8.0,0.11163,188.0,0.11164,275.0
1753533307918,12:35:07.918,BB/USDT:USDT,0.11154,44.0,0.11151,8.0,0.11163,53.0,0.11164,275.0
1753533308225,12:35:08.225,BB/USDT:USDT,0.11154,44.0,0.11151,8.0,0.11163,53.0,0.11164,275.0
1753533308261,12:35:08.261,BB/USDT:USDT,0.11154,44.0,0.11151,8.0,0.11163,53.0,0.11164,275.0
1753533308417,12:35:08.417,BB/USDT:USDT,0.11154,44.0,0.11151,8.0,0.11163,53.0,0.11164,275.0
1753533309004,12:35:09.004,BB/USDT:USDT,0.11154,44.0,0.11151,8.0,0.11163,53.0,0.11164,275.0
1753533309393,12:35:09.393,BB/USDT:USDT,0.11154,44.0,0.11151,8.0,0.11163,188.0,0.11164,275.0
1753533309475,12:35:09.475,BB/USDT:USDT,0.11154,44.0,0.11151,8.0,0.11163,233.0,0.11164,275.0
1753533310282,12:35:10.282,BB/USDT:USDT,0.11154,44.0,0.11151,8.0,0.11163,233.0,0.11164,275.0
1753533310403,12:35:10.403,BB/USDT:USDT,0.11154,44.0,0.11151,8.0,0.11163,233.0,0.11164,275.0
1753533310531,12:35:10.531,BB/USDT:USDT,0.11154,44.0,0.11151,8.0,0.11163,53.0,0.11164,275.0
1753533311096,12:35:11.096,BB/USDT:USDT,0.11154,44.0,0.11151,8.0,0.11163,53.0,0.11164,275.0
1753533311814,12:35:11.814,BB/USDT:USDT,0.11154,44.0,0.11151,8.0,0.11163,53.0,0.11164,275.0
1753533312317,12:35:12.317,BB/USDT:USDT,0.11154,44.0,0.11151,8.0,0.11163,53.0,0.11164,275.0
1753533312336,12:35:12.336,BB/USDT:USDT,0.11154,51.0,0.11143,51.0,0.11163,53.0,0.11164,275.0
1753533312542,12:35:12.542,BB/USDT:USDT,0.11154,51.0,0.11143,51.0,0.11163,53.0,0.11164,275.0
1753533314339,12:35:14.339,BB/USDT:USDT,0.11154,51.0,0.11143,51.0,0.11163,53.0,0.11164,275.0
1753533314692,12:35:14.692,BB/USDT:USDT,0.11154,51.0,0.11143,51.0,0.11163,53.0,0.11164,275.0
1753533315432,12:35:15.432,BB/USDT:USDT,0.11143,51.0,0.11142,269.0,0.11163,143.0,0.11164,275.0
1753533315476,12:35:15.476,BB/USDT:USDT,0.11143,51.0,0.1113,50.0,0.11163,143.0,0.11164,275.0
1753533315541,12:35:15.541,BB/USDT:USDT,0.11143,50.0,0.1113,50.0,0.11163,143.0,0.11164,275.0
1753533315830,12:35:15.830,BB/USDT:USDT,0.11126,94.0,0.11125,319.0,0.11162,95.0,0.11163,96.0
1753533315863,12:35:15.863,BB/USDT:USDT,0.11127,270.0,0.11126,50.0,0.11161,51.0,0.11162,50.0
1753533315959,12:35:15.959,BB/USDT:USDT,0.11127,270.0,0.11126,50.0,0.11161,96.0,0.11162,50.0
1753533316372,12:35:16.372,BB/USDT:USDT,0.11127,270.0,0.11126,50.0,0.11161,96.0,0.11162,50.0
1753533316532,12:35:16.532,BB/USDT:USDT,0.11127,270.0,0.11126,50.0,0.11161,96.0,0.11162,50.0
1753533316826,12:35:16.826,BB/USDT:USDT,0.11127,270.0,0.11126,50.0,0.11161,96.0,0.11162,50.0
1753533316923,12:35:16.923,BB/USDT:USDT,0.11136,44.0,0.11135,44.0,0.11161,96.0,0.11162,50.0
1753533316996,12:35:16.996,BB/USDT:USDT,0.1114,44.0,0.11139,44.0,0.11161,96.0,0.11162,50.0
1753533317080,12:35:17.080,BB/USDT:USDT,0.11142,51.0,0.11135,1.0,0.11161,96.0,0.11162,50.0
1753533317206,12:35:17.206,BB/USDT:USDT,0.11142,51.0,0.11135,1.0,0.11161,96.0,0.11162,50.0
1753533317740,12:35:17.740,BB/USDT:USDT,0.11142,51.0,0.11135,1.0,0.11161,46.0,0.11163,50.0
1753533317907,12:35:17.907,BB/USDT:USDT,0.11142,51.0,0.11135,1.0,0.11161,313.0,0.11162,23.0
1753533318022,12:35:18.022,BB/USDT:USDT,0.11148,44.0,0.11147,44.0,0.1116,8.0,0.11161,268.0
1753533318122,12:35:18.122,BB/USDT:USDT,0.11152,44.0,0.11142,14.0,0.1116,8.0,0.11161,268.0
1753533318137,12:35:18.137,BB/USDT:USDT,0.11152,44.0,0.11142,14.0,0.1116,8.0,0.11161,268.0
1753533318269,12:35:18.269,BB/USDT:USDT,0.11152,44.0,0.11142,14.0,0.1116,8.0,0.11161,268.0
1753533318433,12:35:18.433,BB/USDT:USDT,0.11152,44.0,0.11142,14.0,0.1116,8.0,0.11161,268.0
1753533319018,12:35:19.018,BB/USDT:USDT,0.11152,44.0,0.11142,14.0,0.1116,8.0,0.11161,268.0
1753533319115,12:35:19.115,BB/USDT:USDT,0.11152,44.0,0.11142,14.0,0.1116,188.0,0.11161,268.0
1753533319162,12:35:19.162,BB/USDT:USDT,0.11152,44.0,0.11142,14.0,0.1116,8.0,0.11161,268.0
1753533319250,12:35:19.250,BB/USDT:USDT,0.11152,44.0,0.11142,14.0,0.1116,8.0,0.11161,268.0
1753533319614,12:35:19.614,BB/USDT:USDT,0.11152,44.0,0.11142,14.0,0.1116,143.0,0.11161,268.0
1753533319676,12:35:19.676,BB/USDT:USDT,0.11152,44.0,0.11142,7.0,0.1116,8.0,0.11161,268.0
1753533319830,12:35:19.830,BB/USDT:USDT,0.11152,44.0,0.11142,7.0,0.1116,53.0,0.11161,268.0
1753533321144,12:35:21.144,BB/USDT:USDT,0.11152,44.0,0.11142,7.0,0.1116,53.0,0.11161,268.0
1753533321282,12:35:21.282,BB/USDT:USDT,0.11152,44.0,0.11142,7.0,0.1116,53.0,0.11161,268.0
1753533321834,12:35:21.834,BB/USDT:USDT,0.11152,44.0,0.11142,7.0,0.1116,53.0,0.11161,268.0
1753533322096,12:35:22.096,BB/USDT:USDT,0.11152,44.0,0.11142,7.0,0.1116,53.0,0.11161,268.0
1753533322326,12:35:22.326,BB/USDT:USDT,0.11152,44.0,0.11142,7.0,0.11159,1.0,0.1116,8.0
1753533322417,12:35:22.417,BB/USDT:USDT,0.11152,44.0,0.11142,7.0,0.1116,8.0,0.11161,268.0
1753533323307,12:35:23.307,BB/USDT:USDT,0.11152,44.0,0.11142,7.0,0.1116,8.0,0.11161,268.0
1753533323730,12:35:23.730,BB/USDT:USDT,0.11152,44.0,0.11135,1.0,0.1116,8.0,0.11161,268.0
1753533324119,12:35:24.119,BB/USDT:USDT,0.11152,44.0,0.11135,1.0,0.1116,8.0,0.11161,268.0
1753533325956,12:35:25.956,BB/USDT:USDT,0.11135,1.0,0.11134,269.0,0.1116,8.0,0.11161,268.0
1753533326144,12:35:26.144,BB/USDT:USDT,0.11135,1.0,0.11134,269.0,0.1116,8.0,0.11161,268.0
1753533326298,12:35:26.298,BB/USDT:USDT,0.11135,1.0,0.11134,269.0,0.1116,143.0,0.11161,268.0
1753533326605,12:35:26.605,BB/USDT:USDT,0.11135,1.0,0.11134,269.0,0.1116,98.0,0.11161,268.0
1753533326920,12:35:26.920,BB/USDT:USDT,0.11141,44.0,0.1114,44.0,0.1116,188.0,0.11161,268.0
1753533327017,12:35:27.017,BB/USDT:USDT,0.11147,44.0,0.11146,44.0,0.1116,233.0,0.11161,268.0
1753533327059,12:35:27.059,BB/USDT:USDT,0.11149,44.0,0.11135,1.0,0.1116,240.0,0.11161,268.0
1753533327156,12:35:27.156,BB/USDT:USDT,0.11151,44.0,0.11135,1.0,0.1116,240.0,0.11161,268.0
1753533328216,12:35:28.216,BB/USDT:USDT,0.11151,44.0,0.11135,1.0,0.1116,240.0,0.11161,268.0
1753533329204,12:35:29.204,BB/USDT:USDT,0.11151,44.0,0.11135,1.0,0.1116,240.0,0.11161,268.0
1753533329720,12:35:29.720,BB/USDT:USDT,0.11151,44.0,0.11135,1.0,0.1116,240.0,0.11161,268.0
1753533329801,12:35:29.801,BB/USDT:USDT,0.11151,44.0,0.11135,1.0,0.1116,240.0,0.11161,268.0
1753533330216,12:35:30.216,BB/USDT:USDT,0.11151,44.0,0.11135,1.0,0.1116,240.0,0.11161,268.0
1753533331482,12:35:31.482,BB/USDT:USDT,0.11151,44.0,0.11135,1.0,0.1116,240.0,0.11161,268.0
1753533332729,12:35:32.729,BB/USDT:USDT,0.11151,44.0,0.11135,1.0,0.1116,15.0,0.11161,268.0
1753533332830,12:35:32.830,BB/USDT:USDT,0.11151,44.0,0.11135,1.0,0.1116,60.0,0.11161,268.0
1753533332978,12:35:32.978,BB/USDT:USDT,0.11151,44.0,0.11135,1.0,0.1116,195.0,0.11161,268.0
1753533333127,12:35:33.127,BB/USDT:USDT,0.11151,44.0,0.11135,1.0,0.1116,195.0,0.11161,268.0
1753533334399,12:35:34.399,BB/USDT:USDT,0.11155,44.0,0.11154,7.0,0.1116,1.0,0.11161,268.0
1753533336216,12:35:36.216,BB/USDT:USDT,0.11154,7.0,0.11153,7.0,0.1116,46.0,0.11161,275.0
1753533336317,12:35:36.317,BB/USDT:USDT,0.11139,44.0,0.11138,44.0,0.1116,46.0,0.11161,275.0
1753533336417,12:35:36.417,BB/USDT:USDT,0.11146,44.0,0.11145,44.0,0.1116,46.0,0.11161,275.0
