timestamp,time,symbol,bid1_price,bid1_volume,bid2_price,bid2_volume,ask1_price,ask1_volume,ask2_price,ask2_volume
1753533020000,12:30:20.000,B2/USDT:USDT,0.3856,132.0,0.3855,106.0,0.3866,50.0,0.3867,79.0
1753533020439,12:30:20.439,B2/USDT:USDT,0.3856,132.0,0.3855,106.0,0.3866,50.0,0.3867,79.0
1753533029752,12:30:29.752,B2/USDT:USDT,0.3856,132.0,0.3855,106.0,0.3866,50.0,0.3867,79.0
1753533029967,12:30:29.967,B2/USDT:USDT,0.3856,132.0,0.3855,106.0,0.3866,50.0,0.3867,79.0
1753533030040,12:30:30.040,B2/USDT:USDT,0.3856,132.0,0.3855,106.0,0.3866,50.0,0.3867,79.0
1753533030090,12:30:30.090,B2/USDT:USDT,0.3856,132.0,0.3855,106.0,0.3866,50.0,0.3867,79.0
1753533040032,12:30:40.032,B2/USDT:USDT,0.3856,132.0,0.3855,106.0,0.3866,50.0,0.3867,79.0
1753533050251,12:30:50.251,B2/USDT:USDT,0.3856,132.0,0.3855,106.0,0.3866,50.0,0.3867,79.0
1753533050753,12:30:50.753,B2/USDT:USDT,0.3856,132.0,0.3855,106.0,0.3866,50.0,0.3867,79.0
1753533052143,12:30:52.143,B2/USDT:USDT,0.3856,132.0,0.3855,106.0,0.3866,50.0,0.3867,79.0
1753533062110,12:31:02.110,B2/USDT:USDT,0.3856,132.0,0.3855,106.0,0.3866,50.0,0.3867,79.0
1753533062514,12:31:02.514,B2/USDT:USDT,0.3856,132.0,0.3855,106.0,0.3866,50.0,0.3867,79.0
1753533073238,12:31:13.238,B2/USDT:USDT,0.3856,132.0,0.3855,106.0,0.3866,50.0,0.3867,79.0
1753533073862,12:31:13.862,B2/USDT:USDT,0.3856,132.0,0.3855,106.0,0.3866,50.0,0.3867,79.0
1753533097245,12:31:37.245,B2/USDT:USDT,0.3856,132.0,0.3855,106.0,0.3866,50.0,0.3867,79.0
1753533107267,12:31:47.267,B2/USDT:USDT,0.3856,132.0,0.3855,106.0,0.3866,50.0,0.3867,79.0
1753533107320,12:31:47.320,B2/USDT:USDT,0.3856,132.0,0.3855,106.0,0.3866,50.0,0.3867,79.0
1753533113873,12:31:53.873,B2/USDT:USDT,0.3856,53.0,0.3855,79.0,0.3864,132.0,0.3867,79.0
1753533113971,12:31:53.971,B2/USDT:USDT,0.3856,53.0,0.3854,135.0,0.3864,132.0,0.3867,79.0
1753533114143,12:31:54.143,B2/USDT:USDT,0.3856,53.0,0.3855,106.0,0.3864,132.0,0.3867,79.0
1753533114307,12:31:54.307,B2/USDT:USDT,0.3856,53.0,0.3855,106.0,0.3864,132.0,0.3867,79.0
1753533114722,12:31:54.722,B2/USDT:USDT,0.3856,53.0,0.3855,106.0,0.3864,132.0,0.3867,79.0
1753533117166,12:31:57.166,B2/USDT:USDT,0.3856,53.0,0.3855,106.0,0.3864,132.0,0.3867,79.0
1753533122919,12:32:02.919,B2/USDT:USDT,0.3856,53.0,0.3855,106.0,0.3864,132.0,0.3867,79.0
1753533125048,12:32:05.048,B2/USDT:USDT,0.3856,53.0,0.3855,185.0,0.3864,132.0,0.3867,79.0
1753533135241,12:32:15.241,B2/USDT:USDT,0.3856,53.0,0.3855,185.0,0.3864,132.0,0.3867,82.0
1753533162548,12:32:42.548,B2/USDT:USDT,0.3856,53.0,0.3855,185.0,0.3864,132.0,0.3867,82.0
1753533165910,12:32:45.910,B2/USDT:USDT,0.3856,53.0,0.3855,185.0,0.3864,132.0,0.3867,82.0
1753533182190,12:33:02.190,B2/USDT:USDT,0.3856,53.0,0.3855,185.0,0.3864,132.0,0.3867,82.0
1753533203520,12:33:23.520,B2/USDT:USDT,0.3856,53.0,0.3855,185.0,0.3864,132.0,0.3867,82.0
1753533210716,12:33:30.716,B2/USDT:USDT,0.3856,53.0,0.3855,185.0,0.3864,132.0,0.3867,82.0
1753533211325,12:33:31.325,B2/USDT:USDT,0.3856,53.0,0.3855,185.0,0.3864,132.0,0.3867,82.0
1753533222578,12:33:42.578,B2/USDT:USDT,0.3856,53.0,0.3855,185.0,0.3864,132.0,0.3867,82.0
1753533222604,12:33:42.604,B2/USDT:USDT,0.3856,53.0,0.3855,185.0,0.3864,132.0,0.3867,82.0
1753533255977,12:34:15.977,B2/USDT:USDT,0.3856,53.0,0.3855,185.0,0.3864,132.0,0.3867,82.0
1753533258534,12:34:18.534,B2/USDT:USDT,0.3856,53.0,0.3855,185.0,0.3864,132.0,0.3867,82.0
1753533267563,12:34:27.563,B2/USDT:USDT,0.3856,53.0,0.3855,185.0,0.3864,132.0,0.3867,82.0
1753533274550,12:34:34.550,B2/USDT:USDT,0.3856,53.0,0.3855,185.0,0.3864,132.0,0.3867,82.0
1753533274583,12:34:34.583,B2/USDT:USDT,0.3856,53.0,0.3855,185.0,0.3864,132.0,0.3867,82.0
1753533282657,12:34:42.657,B2/USDT:USDT,0.3856,53.0,0.3855,185.0,0.3864,132.0,0.3867,82.0
1753533288128,12:34:48.128,B2/USDT:USDT,0.3856,53.0,0.3855,185.0,0.3864,132.0,0.3867,82.0
1753533299196,12:34:59.196,B2/USDT:USDT,0.3856,53.0,0.3855,185.0,0.3864,132.0,0.3867,82.0
1753533300329,12:35:00.329,B2/USDT:USDT,0.3856,53.0,0.3855,185.0,0.3864,132.0,0.3867,82.0
1753533303671,12:35:03.671,B2/USDT:USDT,0.3856,53.0,0.3855,185.0,0.3864,132.0,0.3867,82.0
1753533342470,12:35:42.470,B2/USDT:USDT,0.3856,53.0,0.3855,185.0,0.3864,132.0,0.3867,82.0
1753533342724,12:35:42.724,B2/USDT:USDT,0.3856,53.0,0.3855,185.0,0.3864,132.0,0.3867,82.0
1753533346400,12:35:46.400,B2/USDT:USDT,0.3856,53.0,0.3855,185.0,0.3864,132.0,0.3867,82.0
1753533348129,12:35:48.129,B2/USDT:USDT,0.3856,53.0,0.3855,185.0,0.3864,132.0,0.3867,82.0
1753533351244,12:35:51.244,B2/USDT:USDT,0.3856,53.0,0.3855,185.0,0.3864,132.0,0.3867,82.0
1753533351284,12:35:51.284,B2/USDT:USDT,0.3856,53.0,0.3855,185.0,0.3864,132.0,0.3867,82.0
1753533358128,12:35:58.128,B2/USDT:USDT,0.3856,53.0,0.3855,185.0,0.3864,132.0,0.3867,82.0
1753533359154,12:35:59.154,B2/USDT:USDT,0.3856,53.0,0.3855,185.0,0.3864,132.0,0.3867,82.0
1753533364255,12:36:04.255,B2/USDT:USDT,0.3856,53.0,0.3855,185.0,0.3864,132.0,0.3867,82.0
1753533387863,12:36:27.863,B2/USDT:USDT,0.3856,53.0,0.3855,185.0,0.3864,132.0,0.3867,82.0
1753533415221,12:36:55.221,B2/USDT:USDT,0.3856,53.0,0.3855,185.0,0.3864,132.0,0.3867,82.0
1753533422426,12:37:02.426,B2/USDT:USDT,0.3856,53.0,0.3855,185.0,0.3864,132.0,0.3867,82.0
1753533435416,12:37:15.416,B2/USDT:USDT,0.3856,53.0,0.3855,185.0,0.3864,132.0,0.3867,82.0
1753533445475,12:37:25.475,B2/USDT:USDT,0.3856,53.0,0.3855,185.0,0.3864,132.0,0.3867,82.0
1753533455407,12:37:35.407,B2/USDT:USDT,0.3856,53.0,0.3855,185.0,0.3864,132.0,0.3867,82.0
1753533455534,12:37:35.534,B2/USDT:USDT,0.3856,53.0,0.3855,185.0,0.3864,132.0,0.3867,82.0
1753533464072,12:37:44.072,B2/USDT:USDT,0.3856,116.0,0.3855,380.0,0.3867,79.0,0.3868,132.0
1753533464165,12:37:44.165,B2/USDT:USDT,0.3856,116.0,0.3855,380.0,0.3867,79.0,0.3868,132.0
1753533464265,12:37:44.265,B2/USDT:USDT,0.3856,124.0,0.3855,380.0,0.3867,79.0,0.3868,132.0
1753533465574,12:37:45.574,B2/USDT:USDT,0.3856,124.0,0.3855,380.0,0.3867,79.0,0.3868,132.0
1753533465599,12:37:45.599,B2/USDT:USDT,0.3856,124.0,0.3855,380.0,0.3867,79.0,0.3868,132.0
1753533470125,12:37:50.125,B2/USDT:USDT,0.3857,66.0,0.3856,116.0,0.3867,79.0,0.3868,132.0
1753533470988,12:37:50.988,B2/USDT:USDT,0.3857,66.0,0.3856,116.0,0.3867,79.0,0.3868,132.0
1753533472492,12:37:52.492,B2/USDT:USDT,0.3857,66.0,0.3856,116.0,0.3867,79.0,0.3868,132.0
1753533475655,12:37:55.655,B2/USDT:USDT,0.3857,66.0,0.3856,116.0,0.3867,79.0,0.3868,132.0
1753533481317,12:38:01.317,B2/USDT:USDT,0.3857,66.0,0.3856,116.0,0.3867,79.0,0.3868,132.0
1753533482129,12:38:02.129,B2/USDT:USDT,0.3857,66.0,0.3856,116.0,0.3867,79.0,0.3868,132.0
1753533485707,12:38:05.707,B2/USDT:USDT,0.3857,66.0,0.3856,116.0,0.3867,79.0,0.3868,132.0
1753533494303,12:38:14.303,B2/USDT:USDT,0.3857,66.0,0.3856,116.0,0.3867,79.0,0.3868,132.0
1753533494652,12:38:14.652,B2/USDT:USDT,0.3857,66.0,0.3856,116.0,0.3867,79.0,0.3868,132.0
1753533495469,12:38:15.469,B2/USDT:USDT,0.3857,66.0,0.3856,116.0,0.3867,79.0,0.3868,132.0
1753533495764,12:38:15.764,B2/USDT:USDT,0.3857,66.0,0.3856,116.0,0.3867,79.0,0.3868,132.0
1753533505836,12:38:25.836,B2/USDT:USDT,0.3857,66.0,0.3856,116.0,0.3867,79.0,0.3868,132.0
1753533515474,12:38:35.474,B2/USDT:USDT,0.3857,66.0,0.3856,116.0,0.3867,79.0,0.3868,132.0
1753533515869,12:38:35.869,B2/USDT:USDT,0.3857,66.0,0.3856,116.0,0.3867,79.0,0.3868,132.0
1753533515893,12:38:35.893,B2/USDT:USDT,0.3857,66.0,0.3856,116.0,0.3867,79.0,0.3868,132.0
1753533519133,12:38:39.133,B2/USDT:USDT,0.3856,53.0,0.3855,457.0,0.3867,79.0,0.3868,132.0
1753533519286,12:38:39.286,B2/USDT:USDT,0.3856,53.0,0.3855,457.0,0.3867,79.0,0.3868,132.0
1753533519702,12:38:39.702,B2/USDT:USDT,0.3856,53.0,0.3855,457.0,0.3867,79.0,0.3868,132.0
1753533520316,12:38:40.316,B2/USDT:USDT,0.3856,53.0,0.3855,457.0,0.3867,79.0,0.3868,132.0
1753533531262,12:38:51.262,B2/USDT:USDT,0.3856,53.0,0.3855,452.0,0.3867,79.0,0.3868,132.0
1753533531469,12:38:51.469,B2/USDT:USDT,0.3856,53.0,0.3855,452.0,0.3867,79.0,0.3868,132.0
1753533548045,12:39:08.045,B2/USDT:USDT,0.3856,53.0,0.3855,452.0,0.3867,79.0,0.3868,132.0
1753533548355,12:39:08.355,B2/USDT:USDT,0.3856,53.0,0.3855,452.0,0.3867,79.0,0.3868,132.0
1753533548392,12:39:08.392,B2/USDT:USDT,0.3856,53.0,0.3855,452.0,0.3867,79.0,0.3868,132.0
1753533577334,12:39:37.334,B2/USDT:USDT,0.3856,53.0,0.3855,452.0,0.3867,79.0,0.3868,132.0
1753533637377,12:40:37.377,B2/USDT:USDT,0.3856,53.0,0.3854,137.0,0.3869,3.0,0.387,63.0
1753533637425,12:40:37.425,B2/USDT:USDT,0.3856,53.0,0.3855,135.0,0.3867,132.0,0.3869,82.0
1753533637564,12:40:37.564,B2/USDT:USDT,0.3856,53.0,0.3855,135.0,0.3867,132.0,0.3869,82.0
1753533637676,12:40:37.676,B2/USDT:USDT,0.3856,53.0,0.3855,135.0,0.3867,132.0,0.3869,82.0
1753533637702,12:40:37.702,B2/USDT:USDT,0.3856,53.0,0.3855,135.0,0.3867,132.0,0.3869,82.0
1753533637918,12:40:37.918,B2/USDT:USDT,0.3856,132.0,0.3855,135.0,0.3867,132.0,0.3869,82.0
1753533638477,12:40:38.477,B2/USDT:USDT,0.3856,132.0,0.3855,135.0,0.3867,132.0,0.3869,82.0
1753533638480,12:40:38.480,B2/USDT:USDT,0.3856,132.0,0.3855,135.0,0.3867,132.0,0.3869,82.0
1753533640641,12:40:40.641,B2/USDT:USDT,0.3856,132.0,0.3855,135.0,0.3867,132.0,0.3869,82.0
1753533640955,12:40:40.955,B2/USDT:USDT,0.3856,132.0,0.3855,135.0,0.3867,132.0,0.3869,82.0
1753533641941,12:40:41.941,B2/USDT:USDT,0.3858,106.0,0.3856,82.0,0.3867,132.0,0.3869,79.0
1753533642797,12:40:42.797,B2/USDT:USDT,0.3858,106.0,0.3856,82.0,0.3867,132.0,0.3869,79.0
1753533642923,12:40:42.923,B2/USDT:USDT,0.3858,106.0,0.3856,82.0,0.3867,132.0,0.3869,79.0
1753533644939,12:40:44.939,B2/USDT:USDT,0.3858,106.0,0.3856,82.0,0.3867,132.0,0.3869,79.0
1753533646102,12:40:46.102,B2/USDT:USDT,0.3858,106.0,0.3856,82.0,0.3867,132.0,0.3869,79.0
1753533647104,12:40:47.104,B2/USDT:USDT,0.3858,106.0,0.3856,82.0,0.3867,132.0,0.3869,79.0
1753533647459,12:40:47.459,B2/USDT:USDT,0.3858,106.0,0.3856,217.0,0.3867,132.0,0.3869,79.0
1753533649293,12:40:49.293,B2/USDT:USDT,0.3858,106.0,0.3856,217.0,0.3867,132.0,0.3869,79.0
1753533649908,12:40:49.908,B2/USDT:USDT,0.3858,106.0,0.3856,217.0,0.3867,132.0,0.3869,79.0
1753533650093,12:40:50.093,B2/USDT:USDT,0.3858,106.0,0.3856,217.0,0.3867,132.0,0.3869,79.0
1753533650365,12:40:50.365,B2/USDT:USDT,0.3858,106.0,0.3856,217.0,0.3867,132.0,0.3869,79.0
1753533650656,12:40:50.656,B2/USDT:USDT,0.3858,106.0,0.3856,217.0,0.3867,132.0,0.3869,79.0
1753533651467,12:40:51.467,B2/USDT:USDT,0.3858,106.0,0.3856,217.0,0.3867,132.0,0.3869,79.0
1753533652463,12:40:52.463,B2/USDT:USDT,0.3858,106.0,0.3856,217.0,0.3867,132.0,0.3869,79.0
1753533653637,12:40:53.637,B2/USDT:USDT,0.3858,106.0,0.3856,217.0,0.3867,132.0,0.3869,79.0
1753533655833,12:40:55.833,B2/USDT:USDT,0.3858,106.0,0.3856,217.0,0.3867,132.0,0.3869,79.0
1753533658025,12:40:58.025,B2/USDT:USDT,0.3858,106.0,0.3856,217.0,0.3867,132.0,0.3869,79.0
1753533660179,12:41:00.179,B2/USDT:USDT,0.3858,106.0,0.3856,217.0,0.3867,132.0,0.3869,79.0
1753533660423,12:41:00.423,B2/USDT:USDT,0.3858,106.0,0.3856,217.0,0.3867,132.0,0.3869,79.0
1753533661920,12:41:01.920,B2/USDT:USDT,0.3858,106.0,0.3856,217.0,0.3867,132.0,0.3869,79.0
1753533662320,12:41:02.320,B2/USDT:USDT,0.3858,106.0,0.3856,217.0,0.3867,132.0,0.3869,79.0
1753533663376,12:41:03.376,B2/USDT:USDT,0.3858,106.0,0.3856,217.0,0.3867,132.0,0.3869,79.0
1753533664459,12:41:04.459,B2/USDT:USDT,0.3858,106.0,0.3856,217.0,0.3867,132.0,0.3869,79.0
1753533670314,12:41:10.314,B2/USDT:USDT,0.3858,106.0,0.3856,217.0,0.3867,132.0,0.3869,79.0
1753533673932,12:41:13.932,B2/USDT:USDT,0.3858,106.0,0.3856,217.0,0.3867,132.0,0.3869,79.0
1753533675267,12:41:15.267,B2/USDT:USDT,0.3858,106.0,0.3856,217.0,0.3867,132.0,0.3869,79.0
1753533676717,12:41:16.717,B2/USDT:USDT,0.3858,106.0,0.3856,217.0,0.3867,132.0,0.3869,79.0
1753533685941,12:41:25.941,B2/USDT:USDT,0.3858,106.0,0.3856,217.0,0.3867,132.0,0.3869,79.0
1753533686103,12:41:26.103,B2/USDT:USDT,0.3858,106.0,0.3856,217.0,0.3867,132.0,0.3869,79.0
1753533686822,12:41:26.822,B2/USDT:USDT,0.3858,106.0,0.3856,217.0,0.3867,132.0,0.3869,79.0
1753533697977,12:41:37.977,B2/USDT:USDT,0.3858,106.0,0.3856,217.0,0.3867,132.0,0.3869,79.0
1753533699145,12:41:39.145,B2/USDT:USDT,0.3858,106.0,0.3856,217.0,0.3867,132.0,0.3869,79.0
1753533703339,12:41:43.339,B2/USDT:USDT,0.3859,50.0,0.3858,106.0,0.3867,132.0,0.3869,79.0
1753533703701,12:41:43.701,B2/USDT:USDT,0.3859,50.0,0.3858,106.0,0.3867,132.0,0.3869,79.0
1753533704122,12:41:44.122,B2/USDT:USDT,0.3859,50.0,0.3858,106.0,0.3867,132.0,0.3869,79.0
1753533709959,12:41:49.959,B2/USDT:USDT,0.3859,50.0,0.3858,106.0,0.3867,132.0,0.3869,79.0
1753533709984,12:41:49.984,B2/USDT:USDT,0.3859,50.0,0.3858,106.0,0.3867,132.0,0.3869,79.0
1753533710997,12:41:50.997,B2/USDT:USDT,0.3859,50.0,0.3858,106.0,0.3867,132.0,0.3869,79.0
1753533712091,12:41:52.091,B2/USDT:USDT,0.3859,50.0,0.3858,106.0,0.3867,132.0,0.3869,79.0
1753533715397,12:41:55.397,B2/USDT:USDT,0.3859,50.0,0.3858,106.0,0.3867,132.0,0.3869,79.0
1753533716425,12:41:56.425,B2/USDT:USDT,0.3859,50.0,0.3858,106.0,0.3867,132.0,0.3869,79.0
1753533722106,12:42:02.106,B2/USDT:USDT,0.3859,50.0,0.3858,106.0,0.3867,132.0,0.3869,79.0
1753533722846,12:42:02.846,B2/USDT:USDT,0.3859,50.0,0.3858,106.0,0.3867,132.0,0.3869,79.0
1753533728408,12:42:08.408,B2/USDT:USDT,0.3859,50.0,0.3858,106.0,0.3867,132.0,0.3869,79.0
1753533728526,12:42:08.526,B2/USDT:USDT,0.3859,50.0,0.3858,106.0,0.3867,132.0,0.3869,79.0
1753533729309,12:42:09.309,B2/USDT:USDT,0.3859,50.0,0.3858,106.0,0.3867,132.0,0.3869,79.0
1753533739219,12:42:19.219,B2/USDT:USDT,0.3859,50.0,0.3858,106.0,0.3867,132.0,0.3869,79.0
1753533740536,12:42:20.536,B2/USDT:USDT,0.3859,50.0,0.3858,106.0,0.3867,132.0,0.3869,79.0
1753533740583,12:42:20.583,B2/USDT:USDT,0.3859,50.0,0.3858,106.0,0.3867,132.0,0.3869,79.0
1753533741421,12:42:21.421,B2/USDT:USDT,0.3859,50.0,0.3858,106.0,0.3867,132.0,0.3869,79.0
1753533741483,12:42:21.483,B2/USDT:USDT,0.3859,50.0,0.3858,106.0,0.3867,132.0,0.3869,79.0
1753533742280,12:42:22.280,B2/USDT:USDT,0.3859,50.0,0.3858,106.0,0.3867,132.0,0.3869,79.0
1753533753567,12:42:33.567,B2/USDT:USDT,0.3859,50.0,0.3858,106.0,0.3867,132.0,0.3869,79.0
1753533754432,12:42:34.432,B2/USDT:USDT,0.3859,50.0,0.3858,106.0,0.3867,132.0,0.3869,79.0
1753533754484,12:42:34.484,B2/USDT:USDT,0.3859,50.0,0.3858,106.0,0.3867,132.0,0.3869,79.0
1753533755257,12:42:35.257,B2/USDT:USDT,0.3859,50.0,0.3858,106.0,0.3867,132.0,0.3869,79.0
1753533766550,12:42:46.550,B2/USDT:USDT,0.3859,50.0,0.3858,106.0,0.3867,132.0,0.3869,79.0
1753533767443,12:42:47.443,B2/USDT:USDT,0.3859,50.0,0.3858,106.0,0.3867,132.0,0.3869,79.0
1753533767484,12:42:47.484,B2/USDT:USDT,0.3859,50.0,0.3858,106.0,0.3867,132.0,0.3869,79.0
1753533768297,12:42:48.297,B2/USDT:USDT,0.3859,50.0,0.3858,106.0,0.3867,132.0,0.3869,79.0
1753533779468,12:42:59.468,B2/USDT:USDT,0.3859,50.0,0.3858,106.0,0.3867,132.0,0.3869,79.0
1753533781348,12:43:01.348,B2/USDT:USDT,0.3859,50.0,0.3858,106.0,0.3867,132.0,0.3869,79.0
1753533783354,12:43:03.354,B2/USDT:USDT,0.3859,50.0,0.3858,106.0,0.3867,132.0,0.3869,79.0
1753533791478,12:43:11.478,B2/USDT:USDT,0.3859,50.0,0.3858,106.0,0.3867,132.0,0.3869,79.0
1753533793455,12:43:13.455,B2/USDT:USDT,0.3859,50.0,0.3858,106.0,0.3867,132.0,0.3869,79.0
1753533814168,12:43:34.168,B2/USDT:USDT,0.3859,50.0,0.3858,106.0,0.3867,132.0,0.3869,79.0
1753533814206,12:43:34.206,B2/USDT:USDT,0.3859,50.0,0.3858,106.0,0.3867,132.0,0.3869,79.0
1753533815223,12:43:35.223,B2/USDT:USDT,0.3859,50.0,0.3858,106.0,0.3867,132.0,0.3869,79.0
1753533819468,12:43:39.468,B2/USDT:USDT,0.3859,50.0,0.3858,106.0,0.3867,132.0,0.3869,79.0
1753533819699,12:43:39.699,B2/USDT:USDT,0.3859,50.0,0.3858,106.0,0.3867,132.0,0.3869,79.0
1753533832478,12:43:52.478,B2/USDT:USDT,0.3859,50.0,0.3858,106.0,0.3867,132.0,0.3869,79.0
1753533832478,12:43:52.478,B2/USDT:USDT,0.3859,50.0,0.3858,106.0,0.3867,132.0,0.3869,79.0
1753533843854,12:44:03.854,B2/USDT:USDT,0.3859,50.0,0.3858,106.0,0.3867,132.0,0.3869,79.0
1753533853922,12:44:13.922,B2/USDT:USDT,0.3859,50.0,0.3858,106.0,0.3867,132.0,0.3869,79.0
1753533863977,12:44:23.977,B2/USDT:USDT,0.3859,50.0,0.3858,106.0,0.3867,132.0,0.3869,79.0
1753533874040,12:44:34.040,B2/USDT:USDT,0.3859,50.0,0.3858,106.0,0.3867,132.0,0.3869,79.0
1753533874375,12:44:34.375,B2/USDT:USDT,0.3859,50.0,0.3858,106.0,0.3867,132.0,0.3869,79.0
1753533874641,12:44:34.641,B2/USDT:USDT,0.3859,50.0,0.3858,106.0,0.3867,132.0,0.3869,79.0
1753533878750,12:44:38.750,B2/USDT:USDT,0.3859,50.0,0.3858,106.0,0.3867,132.0,0.3869,79.0
1753533879033,12:44:39.033,B2/USDT:USDT,0.3859,50.0,0.3858,106.0,0.3867,132.0,0.3869,79.0
1753533884106,12:44:44.106,B2/USDT:USDT,0.3859,50.0,0.3858,106.0,0.3867,132.0,0.3869,79.0
1753533900850,12:45:00.850,B2/USDT:USDT,0.3859,50.0,0.3858,106.0,0.3867,132.0,0.3869,79.0
1753533925204,12:45:25.204,B2/USDT:USDT,0.3859,50.0,0.3858,106.0,0.3867,132.0,0.3869,79.0
1753533926165,12:45:26.165,B2/USDT:USDT,0.3859,50.0,0.3858,106.0,0.3867,132.0,0.3869,79.0
1753533927671,12:45:27.671,B2/USDT:USDT,0.3859,50.0,0.3858,106.0,0.3867,132.0,0.3869,79.0
1753533929208,12:45:29.208,B2/USDT:USDT,0.3859,50.0,0.3858,106.0,0.3867,132.0,0.3869,79.0
1753533930912,12:45:30.912,B2/USDT:USDT,0.3859,50.0,0.3858,106.0,0.3867,132.0,0.3869,79.0
1753533934440,12:45:34.440,B2/USDT:USDT,0.3859,50.0,0.3858,106.0,0.3867,132.0,0.3869,79.0
1753533942331,12:45:42.331,B2/USDT:USDT,0.3859,50.0,0.3858,106.0,0.3867,132.0,0.3869,79.0
1753533942585,12:45:42.585,B2/USDT:USDT,0.3859,50.0,0.3858,106.0,0.3867,132.0,0.3869,79.0
1753533952355,12:45:52.355,B2/USDT:USDT,0.3859,50.0,0.3858,106.0,0.3867,132.0,0.3869,79.0
1753533952380,12:45:52.380,B2/USDT:USDT,0.3859,50.0,0.3858,106.0,0.3867,132.0,0.3869,79.0
1753533962444,12:46:02.444,B2/USDT:USDT,0.3859,50.0,0.3858,106.0,0.3867,132.0,0.3869,79.0
1753533965830,12:46:05.830,B2/USDT:USDT,0.3859,50.0,0.3858,106.0,0.3867,132.0,0.3869,79.0
1753533972503,12:46:12.503,B2/USDT:USDT,0.3859,50.0,0.3858,106.0,0.3867,132.0,0.3869,79.0
1753533981119,12:46:21.119,B2/USDT:USDT,0.3859,50.0,0.3858,106.0,0.3867,132.0,0.3869,79.0
1753533982556,12:46:22.556,B2/USDT:USDT,0.3859,50.0,0.3858,106.0,0.3867,132.0,0.3869,79.0
1753533987128,12:46:27.128,B2/USDT:USDT,0.3859,50.0,0.3858,106.0,0.3867,132.0,0.3869,79.0
1753533991433,12:46:31.433,B2/USDT:USDT,0.3859,50.0,0.3858,106.0,0.3867,132.0,0.3869,79.0
1753533994474,12:46:34.474,B2/USDT:USDT,0.3859,50.0,0.3858,106.0,0.3867,132.0,0.3869,79.0
1753533994499,12:46:34.499,B2/USDT:USDT,0.3859,50.0,0.3858,106.0,0.3867,132.0,0.3869,79.0
1753533998331,12:46:38.331,B2/USDT:USDT,0.3859,50.0,0.3858,106.0,0.3869,79.0,0.3871,63.0
1753533998735,12:46:38.735,B2/USDT:USDT,0.3859,50.0,0.3858,106.0,0.3869,79.0,0.3871,63.0
1753533999553,12:46:39.553,B2/USDT:USDT,0.3859,50.0,0.3858,106.0,0.3869,79.0,0.3871,63.0
1753534001472,12:46:41.472,B2/USDT:USDT,0.3859,50.0,0.3858,106.0,0.3869,79.0,0.3871,63.0
1753534001497,12:46:41.497,B2/USDT:USDT,0.3859,50.0,0.3858,106.0,0.3869,79.0,0.3871,63.0
1753534007542,12:46:47.542,B2/USDT:USDT,0.3859,50.0,0.3858,106.0,0.3869,79.0,0.3871,66.0
1753534011565,12:46:51.565,B2/USDT:USDT,0.3859,50.0,0.3858,106.0,0.3869,79.0,0.3871,66.0
1753534021618,12:47:01.618,B2/USDT:USDT,0.3859,50.0,0.3858,106.0,0.3869,79.0,0.3871,66.0
1753534031669,12:47:11.669,B2/USDT:USDT,0.3859,50.0,0.3858,106.0,0.3869,79.0,0.3871,66.0
1753534040362,12:47:20.362,B2/USDT:USDT,0.3859,50.0,0.3858,106.0,0.3869,79.0,0.3871,66.0
1753534041774,12:47:21.774,B2/USDT:USDT,0.3859,50.0,0.3858,106.0,0.3869,79.0,0.3871,66.0
1753534051830,12:47:31.830,B2/USDT:USDT,0.3859,50.0,0.3858,106.0,0.3869,79.0,0.3871,66.0
1753534054567,12:47:34.567,B2/USDT:USDT,0.3859,50.0,0.3858,106.0,0.3869,79.0,0.3871,66.0
1753534061878,12:47:41.878,B2/USDT:USDT,0.3859,50.0,0.3858,106.0,0.3869,79.0,0.3871,66.0
1753534071925,12:47:51.925,B2/USDT:USDT,0.3859,50.0,0.3858,106.0,0.3869,79.0,0.3871,66.0
1753534081972,12:48:01.972,B2/USDT:USDT,0.3859,50.0,0.3858,106.0,0.3869,79.0,0.3871,66.0
1753534081997,12:48:01.997,B2/USDT:USDT,0.3859,50.0,0.3858,106.0,0.3869,79.0,0.3871,66.0
1753534092077,12:48:12.077,B2/USDT:USDT,0.3859,50.0,0.3858,106.0,0.3869,79.0,0.3871,66.0
1753534092102,12:48:12.102,B2/USDT:USDT,0.3859,50.0,0.3858,106.0,0.3869,79.0,0.3871,66.0
1753534102172,12:48:22.172,B2/USDT:USDT,0.3859,50.0,0.3858,106.0,0.3869,79.0,0.3871,66.0
1753534112242,12:48:32.242,B2/USDT:USDT,0.3859,50.0,0.3858,106.0,0.3869,79.0,0.3871,66.0
1753534114625,12:48:34.625,B2/USDT:USDT,0.3859,50.0,0.3858,106.0,0.3869,79.0,0.3871,66.0
1753534122267,12:48:42.267,B2/USDT:USDT,0.3859,50.0,0.3858,106.0,0.3869,79.0,0.3871,66.0
1753534122295,12:48:42.295,B2/USDT:USDT,0.3859,50.0,0.3858,106.0,0.3869,79.0,0.3871,66.0
1753534132351,12:48:52.351,B2/USDT:USDT,0.3859,50.0,0.3858,106.0,0.3869,79.0,0.3871,66.0
1753534142419,12:49:02.419,B2/USDT:USDT,0.3859,50.0,0.3858,106.0,0.3869,79.0,0.3871,66.0
1753534146835,12:49:06.835,B2/USDT:USDT,0.3859,50.0,0.3858,238.0,0.3869,79.0,0.3871,66.0
1753534152476,12:49:12.476,B2/USDT:USDT,0.3859,50.0,0.3858,238.0,0.3869,79.0,0.3871,66.0
1753534162532,12:49:22.532,B2/USDT:USDT,0.3859,50.0,0.3858,238.0,0.3869,79.0,0.3871,66.0
1753534172563,12:49:32.563,B2/USDT:USDT,0.3859,50.0,0.3858,238.0,0.3869,79.0,0.3871,66.0
1753534172586,12:49:32.586,B2/USDT:USDT,0.3859,50.0,0.3858,238.0,0.3869,79.0,0.3871,66.0
1753534174662,12:49:34.662,B2/USDT:USDT,0.3859,50.0,0.3858,238.0,0.3869,79.0,0.3871,66.0
1753534174688,12:49:34.688,B2/USDT:USDT,0.3859,50.0,0.3858,238.0,0.3869,79.0,0.3871,66.0
1753534182650,12:49:42.650,B2/USDT:USDT,0.3859,50.0,0.3858,238.0,0.3869,79.0,0.3871,66.0
1753534183719,12:49:43.719,B2/USDT:USDT,0.3859,50.0,0.3858,238.0,0.3869,79.0,0.3871,66.0
1753534185616,12:49:45.616,B2/USDT:USDT,0.3859,50.0,0.3858,238.0,0.3869,79.0,0.3871,66.0
1753534187581,12:49:47.581,B2/USDT:USDT,0.3859,50.0,0.3858,238.0,0.3869,79.0,0.3871,66.0
1753534192708,12:49:52.708,B2/USDT:USDT,0.3859,50.0,0.3858,238.0,0.3869,79.0,0.3871,66.0
1753534196729,12:49:56.729,B2/USDT:USDT,0.3859,50.0,0.3858,238.0,0.3869,79.0,0.3871,66.0
1753534202773,12:50:02.773,B2/USDT:USDT,0.3859,50.0,0.3858,238.0,0.3869,79.0,0.3871,66.0
1753534205258,12:50:05.258,B2/USDT:USDT,0.386,64.0,0.3859,114.0,0.3869,79.0,0.3871,3.0
1753534205355,12:50:05.355,B2/USDT:USDT,0.386,143.0,0.3859,64.0,0.3869,79.0,0.3871,3.0
1753534205471,12:50:05.471,B2/USDT:USDT,0.386,153.0,0.3859,64.0,0.3869,79.0,0.3871,3.0
1753534205570,12:50:05.570,B2/USDT:USDT,0.386,153.0,0.3859,64.0,0.3869,79.0,0.3871,3.0
1753534205660,12:50:05.660,B2/USDT:USDT,0.3862,106.0,0.3861,64.0,0.3869,79.0,0.3871,3.0
1753534205845,12:50:05.845,B2/USDT:USDT,0.3862,106.0,0.3861,64.0,0.3872,135.0,0.3873,79.0
1753534205975,12:50:05.975,B2/USDT:USDT,0.3862,106.0,0.3861,64.0,0.3872,132.0,0.3873,79.0
1753534206027,12:50:06.027,B2/USDT:USDT,0.3862,106.0,0.3861,64.0,0.3872,132.0,0.3873,79.0
1753534206143,12:50:06.143,B2/USDT:USDT,0.3862,106.0,0.3861,64.0,0.3872,132.0,0.3873,79.0
1753534206697,12:50:06.697,B2/USDT:USDT,0.3862,106.0,0.3861,64.0,0.3872,132.0,0.3873,79.0
1753534207136,12:50:07.136,B2/USDT:USDT,0.3862,106.0,0.3861,64.0,0.3872,132.0,0.3873,79.0
1753534207227,12:50:07.227,B2/USDT:USDT,0.3862,106.0,0.3861,64.0,0.3872,132.0,0.3873,79.0
1753534209342,12:50:09.342,B2/USDT:USDT,0.3862,106.0,0.3861,64.0,0.3872,132.0,0.3873,79.0
1753534209756,12:50:09.756,B2/USDT:USDT,0.3862,106.0,0.3861,64.0,0.3872,132.0,0.3873,79.0
1753534211592,12:50:11.592,B2/USDT:USDT,0.3862,106.0,0.3861,64.0,0.3872,132.0,0.3873,79.0
1753534211682,12:50:11.682,B2/USDT:USDT,0.3862,106.0,0.3861,64.0,0.3872,132.0,0.3873,79.0
1753534212842,12:50:12.842,B2/USDT:USDT,0.3862,106.0,0.3861,64.0,0.3872,132.0,0.3873,79.0
1753534222770,12:50:22.770,B2/USDT:USDT,0.3862,106.0,0.3861,64.0,0.3872,132.0,0.3873,79.0
1753534222865,12:50:22.865,B2/USDT:USDT,0.3862,106.0,0.3861,64.0,0.3872,132.0,0.3873,79.0
1753534222892,12:50:22.892,B2/USDT:USDT,0.3862,106.0,0.3861,64.0,0.3872,132.0,0.3873,79.0
1753534232950,12:50:32.950,B2/USDT:USDT,0.3862,106.0,0.3861,64.0,0.3872,132.0,0.3873,79.0
1753534234754,12:50:34.754,B2/USDT:USDT,0.3862,106.0,0.3861,64.0,0.3872,132.0,0.3873,79.0
1753534243077,12:50:43.077,B2/USDT:USDT,0.3862,106.0,0.3861,64.0,0.3872,132.0,0.3873,79.0
1753534248015,12:50:48.015,B2/USDT:USDT,0.3862,106.0,0.386,278.0,0.3872,132.0,0.3873,79.0
1753534249022,12:50:49.022,B2/USDT:USDT,0.3862,106.0,0.386,278.0,0.3872,132.0,0.3873,79.0
1753534249192,12:50:49.192,B2/USDT:USDT,0.3862,106.0,0.386,214.0,0.3871,50.0,0.3872,132.0
1753534249841,12:50:49.841,B2/USDT:USDT,0.3862,106.0,0.386,214.0,0.3871,50.0,0.3872,132.0
1753534253127,12:50:53.127,B2/USDT:USDT,0.3862,106.0,0.386,214.0,0.3871,50.0,0.3872,132.0
1753534253884,12:50:53.884,B2/USDT:USDT,0.3862,106.0,0.386,214.0,0.3871,50.0,0.3872,132.0
1753534263159,12:51:03.159,B2/USDT:USDT,0.3862,106.0,0.386,79.0,0.3871,50.0,0.3872,132.0
1753534263183,12:51:03.183,B2/USDT:USDT,0.3862,106.0,0.386,214.0,0.3871,50.0,0.3872,132.0
1753534273236,12:51:13.236,B2/USDT:USDT,0.3862,106.0,0.386,214.0,0.3871,50.0,0.3872,132.0
1753534294809,12:51:34.809,B2/USDT:USDT,0.3862,106.0,0.386,214.0,0.3871,50.0,0.3872,132.0
1753534354874,12:52:34.874,B2/USDT:USDT,0.3862,106.0,0.386,214.0,0.3871,50.0,0.3872,132.0
1753534354965,12:52:34.965,B2/USDT:USDT,0.3862,106.0,0.386,214.0,0.3871,50.0,0.3872,132.0
1753534355067,12:52:35.067,B2/USDT:USDT,0.3862,106.0,0.386,214.0,0.3871,50.0,0.3872,132.0
1753534355177,12:52:35.177,B2/USDT:USDT,0.3862,106.0,0.386,214.0,0.3871,50.0,0.3872,132.0
1753534355188,12:52:35.188,B2/USDT:USDT,0.3862,106.0,0.386,214.0,0.3871,50.0,0.3872,132.0
1753534362594,12:52:42.594,B2/USDT:USDT,0.3862,106.0,0.386,214.0,0.3871,50.0,0.3872,132.0
1753534368930,12:52:48.930,B2/USDT:USDT,0.3862,106.0,0.386,214.0,0.3871,50.0,0.3872,132.0
1753534369157,12:52:49.157,B2/USDT:USDT,0.3862,106.0,0.386,214.0,0.3871,50.0,0.3872,132.0
1753534372497,12:52:52.497,B2/USDT:USDT,0.3862,106.0,0.386,214.0,0.3871,50.0,0.3872,132.0
1753534377215,12:52:57.215,B2/USDT:USDT,0.3862,106.0,0.386,214.0,0.3871,50.0,0.3872,132.0
1753534386893,12:53:06.893,B2/USDT:USDT,0.3862,106.0,0.386,214.0,0.3871,50.0,0.3872,132.0
1753534387210,12:53:07.210,B2/USDT:USDT,0.3862,106.0,0.386,214.0,0.3871,50.0,0.3872,132.0
1753534393282,12:53:13.282,B2/USDT:USDT,0.3862,106.0,0.386,214.0,0.3871,50.0,0.3872,132.0
1753534397276,12:53:17.276,B2/USDT:USDT,0.3862,106.0,0.386,214.0,0.3871,50.0,0.3872,132.0
1753534414926,12:53:34.926,B2/USDT:USDT,0.3862,106.0,0.386,214.0,0.3871,50.0,0.3872,132.0
1753534440051,12:54:00.051,B2/USDT:USDT,0.3862,106.0,0.386,79.0,0.3871,50.0,0.3872,132.0
1753534440081,12:54:00.081,B2/USDT:USDT,0.3862,106.0,0.386,214.0,0.3871,50.0,0.3872,132.0
1753534457173,12:54:17.173,B2/USDT:USDT,0.3862,106.0,0.386,214.0,0.3871,50.0,0.3872,132.0
1753534457183,12:54:17.183,B2/USDT:USDT,0.3862,106.0,0.386,214.0,0.3871,50.0,0.3872,132.0
1753534500143,12:55:00.143,B2/USDT:USDT,0.3862,106.0,0.386,214.0,0.3871,50.0,0.3872,132.0
1753534515555,12:55:15.555,B2/USDT:USDT,0.3862,106.0,0.386,214.0,0.3871,50.0,0.3872,132.0
1753534535201,12:55:35.201,B2/USDT:USDT,0.3862,106.0,0.386,214.0,0.3871,50.0,0.3872,132.0
1753534566828,12:56:06.828,B2/USDT:USDT,0.3862,106.0,0.386,214.0,0.3871,50.0,0.3872,132.0
1753534576876,12:56:16.876,B2/USDT:USDT,0.3862,106.0,0.386,214.0,0.3871,50.0,0.3872,132.0
1753534582903,12:56:22.903,B2/USDT:USDT,0.3862,106.0,0.386,214.0,0.3871,50.0,0.3872,132.0
1753534592776,12:56:32.776,B2/USDT:USDT,0.386,214.0,0.3859,5.0,0.3871,50.0,0.3872,132.0
1753534592803,12:56:32.803,B2/USDT:USDT,0.386,214.0,0.3858,243.0,0.3871,50.0,0.3872,135.0
1753534594306,12:56:34.306,B2/USDT:USDT,0.3861,50.0,0.386,214.0,0.3871,50.0,0.3872,135.0
1753534600750,12:56:40.750,B2/USDT:USDT,0.3862,106.0,0.386,214.0,0.3871,50.0,0.3872,135.0
1753534611662,12:56:51.662,B2/USDT:USDT,0.3862,106.0,0.386,214.0,0.3871,50.0,0.3872,132.0
1753534618254,12:56:58.254,B2/USDT:USDT,0.3862,106.0,0.386,214.0,0.3871,50.0,0.3872,132.0
1753534669760,12:57:49.760,B2/USDT:USDT,0.3862,106.0,0.386,214.0,0.3871,50.0,0.3872,132.0
1753534678258,12:57:58.258,B2/USDT:USDT,0.3862,106.0,0.386,214.0,0.3871,50.0,0.3872,132.0
1753534717276,12:58:37.276,B2/USDT:USDT,0.3862,106.0,0.386,214.0,0.3871,50.0,0.3872,132.0
1753534723138,12:58:43.138,B2/USDT:USDT,0.3862,106.0,0.386,214.0,0.3871,50.0,0.3872,196.0
1753534727496,12:58:47.496,B2/USDT:USDT,0.3862,106.0,0.386,214.0,0.3871,114.0,0.3872,196.0
1753534727961,12:58:47.961,B2/USDT:USDT,0.3862,106.0,0.386,214.0,0.3871,114.0,0.3872,196.0
1753534738135,12:58:58.135,B2/USDT:USDT,0.3862,106.0,0.386,214.0,0.387,66.0,0.3871,64.0
1753534738285,12:58:58.285,B2/USDT:USDT,0.3862,106.0,0.386,214.0,0.3871,64.0,0.3872,196.0
1753534756294,12:59:16.294,B2/USDT:USDT,0.3862,106.0,0.386,214.0,0.3871,64.0,0.3872,196.0
1753534765031,12:59:25.031,B2/USDT:USDT,0.3862,106.0,0.3861,64.0,0.3871,64.0,0.3872,196.0
1753534789336,12:59:49.336,B2/USDT:USDT,0.3862,106.0,0.3861,64.0,0.3871,64.0,0.3872,196.0
1753534789919,12:59:49.919,B2/USDT:USDT,0.3862,106.0,0.3861,64.0,0.3871,64.0,0.3872,196.0
1753534795311,12:59:55.311,B2/USDT:USDT,0.3862,106.0,0.3861,64.0,0.3871,64.0,0.3872,196.0
1753534825069,13:00:25.069,B2/USDT:USDT,0.3862,106.0,0.3861,64.0,0.3871,64.0,0.3872,196.0
1753534825092,13:00:25.092,B2/USDT:USDT,0.3862,106.0,0.3861,64.0,0.3871,64.0,0.3872,196.0
1753534825351,13:00:25.351,B2/USDT:USDT,0.3862,106.0,0.3861,64.0,0.3871,64.0,0.3872,196.0
1753534834361,13:00:34.361,B2/USDT:USDT,0.3862,106.0,0.3861,64.0,0.3871,64.0,0.3872,196.0
1753534882562,13:01:22.562,B2/USDT:USDT,0.386,214.0,0.3859,5.0,0.3867,64.0,0.3868,132.0
1753534882674,13:01:22.674,B2/USDT:USDT,0.3856,3.0,0.3855,66.0,0.3863,64.0,0.3864,132.0
1753534882771,13:01:22.771,B2/USDT:USDT,0.3856,3.0,0.3855,145.0,0.3862,64.0,0.3863,64.0
1753534882863,13:01:22.863,B2/USDT:USDT,0.3857,64.0,0.3856,3.0,0.3865,5.0,0.3866,64.0
1753534882891,13:01:22.891,B2/USDT:USDT,0.3857,64.0,0.3856,3.0,0.3866,64.0,0.3867,148.0
1753534883120,13:01:23.120,B2/USDT:USDT,0.3857,64.0,0.3856,3.0,0.3863,64.0,0.3864,196.0
1753534883208,13:01:23.208,B2/USDT:USDT,0.3857,64.0,0.3856,3.0,0.3863,64.0,0.3864,196.0
1753534884445,13:01:24.445,B2/USDT:USDT,0.3857,64.0,0.3856,3.0,0.3863,64.0,0.3864,196.0
1753534884690,13:01:24.690,B2/USDT:USDT,0.3857,64.0,0.3856,3.0,0.3863,64.0,0.3864,196.0
1753534884883,13:01:24.883,B2/USDT:USDT,0.3857,64.0,0.3856,3.0,0.3863,64.0,0.3864,196.0
1753534885135,13:01:25.135,B2/USDT:USDT,0.3857,64.0,0.3856,3.0,0.3863,64.0,0.3864,196.0
1753534885307,13:01:25.307,B2/USDT:USDT,0.3857,64.0,0.3856,3.0,0.3863,64.0,0.3864,196.0
1753534886374,13:01:26.374,B2/USDT:USDT,0.3857,64.0,0.3856,3.0,0.3863,64.0,0.3864,196.0
1753534886382,13:01:26.382,B2/USDT:USDT,0.3857,64.0,0.3856,3.0,0.3863,64.0,0.3864,196.0
1753534886818,13:01:26.818,B2/USDT:USDT,0.3857,64.0,0.3856,3.0,0.3863,64.0,0.3864,196.0
1753534887677,13:01:27.677,B2/USDT:USDT,0.3856,3.0,0.3855,145.0,0.3862,64.0,0.3863,143.0
1753534887742,13:01:27.742,B2/USDT:USDT,0.3856,67.0,0.3855,145.0,0.3862,64.0,0.3863,143.0
1753534887849,13:01:27.849,B2/USDT:USDT,0.3856,67.0,0.3855,145.0,0.3862,64.0,0.3863,143.0
1753534887896,13:01:27.896,B2/USDT:USDT,0.3856,67.0,0.3855,145.0,0.3862,64.0,0.3863,143.0
1753534888957,13:01:28.957,B2/USDT:USDT,0.3856,255.0,0.3855,145.0,0.3862,64.0,0.3863,143.0
1753534889359,13:01:29.359,B2/USDT:USDT,0.3856,255.0,0.3855,145.0,0.3862,64.0,0.3863,143.0
1753534889507,13:01:29.507,B2/USDT:USDT,0.3856,255.0,0.3855,145.0,0.3862,64.0,0.3863,143.0
1753534889778,13:01:29.778,B2/USDT:USDT,0.3856,255.0,0.3855,145.0,0.3862,64.0,0.3863,143.0
1753534889778,13:01:29.778,B2/USDT:USDT,0.3856,255.0,0.3855,145.0,0.3862,64.0,0.3863,143.0
1753534890148,13:01:30.148,B2/USDT:USDT,0.3856,255.0,0.3855,145.0,0.3862,64.0,0.3863,143.0
1753534890204,13:01:30.204,B2/USDT:USDT,0.3856,255.0,0.3855,145.0,0.3862,64.0,0.3863,143.0
1753534890972,13:01:30.972,B2/USDT:USDT,0.3856,67.0,0.3855,145.0,0.3862,64.0,0.3863,143.0
1753534899406,13:01:39.406,B2/USDT:USDT,0.3856,67.0,0.3855,145.0,0.3862,64.0,0.3863,143.0
1753534906130,13:01:46.130,B2/USDT:USDT,0.3856,3.0,0.3855,145.0,0.3862,64.0,0.3863,143.0
1753534912133,13:01:52.133,B2/USDT:USDT,0.3856,3.0,0.3855,79.0,0.3863,79.0,0.3864,132.0
1753534912347,13:01:52.347,B2/USDT:USDT,0.3856,3.0,0.3855,79.0,0.3863,79.0,0.3864,132.0
1753534912394,13:01:52.394,B2/USDT:USDT,0.3856,3.0,0.3855,79.0,0.3863,79.0,0.3864,132.0
1753534913169,13:01:53.169,B2/USDT:USDT,0.3856,3.0,0.3855,79.0,0.3863,79.0,0.3864,132.0
1753534914291,13:01:54.291,B2/USDT:USDT,0.3856,3.0,0.3854,106.0,0.3863,79.0,0.3864,132.0
1753534915209,13:01:55.209,B2/USDT:USDT,0.3856,3.0,0.3854,106.0,0.3863,79.0,0.3864,132.0
1753534935541,13:02:15.541,B2/USDT:USDT,0.3856,3.0,0.3851,64.0,0.3863,79.0,0.3864,132.0
1753534936477,13:02:16.477,B2/USDT:USDT,0.3856,3.0,0.3853,106.0,0.3862,50.0,0.3863,79.0
1753534936576,13:02:16.576,B2/USDT:USDT,0.3856,3.0,0.3853,106.0,0.3862,50.0,0.3863,79.0
1753534936993,13:02:16.993,B2/USDT:USDT,0.3856,3.0,0.3853,106.0,0.3862,50.0,0.3863,79.0
1753534937413,13:02:17.413,B2/USDT:USDT,0.3856,3.0,0.3853,106.0,0.3862,50.0,0.3863,79.0
1753534938458,13:02:18.458,B2/USDT:USDT,0.3856,3.0,0.3854,129.0,0.3862,50.0,0.3863,79.0
1753534939281,13:02:19.281,B2/USDT:USDT,0.3856,3.0,0.3854,50.0,0.3862,50.0,0.3863,79.0
1753534939444,13:02:19.444,B2/USDT:USDT,0.3856,3.0,0.3854,50.0,0.3862,50.0,0.3863,79.0
1753534953805,13:02:33.805,B2/USDT:USDT,0.3856,3.0,0.3854,50.0,0.3862,50.0,0.3863,79.0
1753534954273,13:02:34.273,B2/USDT:USDT,0.3854,50.0,0.385,79.0,0.386,132.0,0.3863,84.0
1753534954352,13:02:34.352,B2/USDT:USDT,0.3854,50.0,0.385,79.0,0.386,132.0,0.3863,84.0
1753534954456,13:02:34.456,B2/USDT:USDT,0.3854,50.0,0.385,79.0,0.386,132.0,0.3863,84.0
1753534954778,13:02:34.778,B2/USDT:USDT,0.3854,50.0,0.385,79.0,0.386,132.0,0.3863,84.0
1753534954780,13:02:34.780,B2/USDT:USDT,0.3854,50.0,0.385,79.0,0.386,132.0,0.3863,84.0
1753534955606,13:02:35.606,B2/USDT:USDT,0.3854,50.0,0.385,79.0,0.386,132.0,0.3863,84.0
1753534956030,13:02:36.030,B2/USDT:USDT,0.3854,50.0,0.385,79.0,0.386,132.0,0.3863,84.0
1753534964443,13:02:44.443,B2/USDT:USDT,0.3854,50.0,0.385,79.0,0.386,132.0,0.3863,84.0
1753534972252,13:02:52.252,B2/USDT:USDT,0.3854,50.0,0.385,79.0,0.386,132.0,0.3863,84.0
1753534976353,13:02:56.353,B2/USDT:USDT,0.3854,50.0,0.385,79.0,0.386,132.0,0.3863,84.0
1753535005130,13:03:25.130,B2/USDT:USDT,0.3854,50.0,0.385,79.0,0.386,132.0,0.3863,84.0
1753535010714,13:03:30.714,B2/USDT:USDT,0.3854,50.0,0.385,79.0,0.386,132.0,0.3863,84.0
1753535016443,13:03:36.443,B2/USDT:USDT,0.3854,50.0,0.385,79.0,0.386,132.0,0.3863,84.0
1753535021711,13:03:41.711,B2/USDT:USDT,0.3854,50.0,0.385,79.0,0.386,132.0,0.3863,84.0
1753535027127,13:03:47.127,B2/USDT:USDT,0.3854,50.0,0.385,79.0,0.386,132.0,0.3863,84.0
1753535042455,13:04:02.455,B2/USDT:USDT,0.3854,50.0,0.385,211.0,0.3863,84.0,0.3864,132.0
1753535043269,13:04:03.269,B2/USDT:USDT,0.3854,50.0,0.3851,50.0,0.3863,84.0,0.3864,132.0
1753535043395,13:04:03.395,B2/USDT:USDT,0.3854,50.0,0.3851,50.0,0.3863,84.0,0.3864,132.0
1753535043494,13:04:03.494,B2/USDT:USDT,0.3854,50.0,0.3851,50.0,0.3863,84.0,0.3864,132.0
1753535044259,13:04:04.259,B2/USDT:USDT,0.3853,106.0,0.3851,50.0,0.3863,84.0,0.3864,132.0
1753535044301,13:04:04.301,B2/USDT:USDT,0.3854,129.0,0.3853,106.0,0.3863,79.0,0.3864,137.0
1753535050791,13:04:10.791,B2/USDT:USDT,0.3854,129.0,0.3853,106.0,0.3863,79.0,0.3864,137.0
1753535055474,13:04:15.474,B2/USDT:USDT,0.3854,129.0,0.3853,106.0,0.3863,79.0,0.3864,137.0
1753535094495,13:04:54.495,B2/USDT:USDT,0.3854,129.0,0.3853,106.0,0.3863,79.0,0.3864,137.0
1753535154563,13:05:54.563,B2/USDT:USDT,0.3854,50.0,0.385,185.0,0.3866,5.0,0.3867,50.0
1753535154636,13:05:54.636,B2/USDT:USDT,0.3854,50.0,0.385,185.0,0.3866,55.0,0.3867,50.0
1753535154767,13:05:54.767,B2/USDT:USDT,0.3855,106.0,0.385,185.0,0.3866,55.0,0.3867,50.0
1753535154875,13:05:54.875,B2/USDT:USDT,0.3855,106.0,0.385,185.0,0.3866,55.0,0.3867,50.0
1753535154893,13:05:54.893,B2/USDT:USDT,0.3855,106.0,0.385,185.0,0.3866,55.0,0.3867,50.0
1753535155011,13:05:55.011,B2/USDT:USDT,0.3856,50.0,0.3855,106.0,0.3866,55.0,0.3867,50.0
1753535155886,13:05:55.886,B2/USDT:USDT,0.3856,50.0,0.3855,106.0,0.3866,55.0,0.3867,50.0
1753535156016,13:05:56.016,B2/USDT:USDT,0.3856,50.0,0.3855,106.0,0.3866,5.0,0.3867,50.0
1753535156314,13:05:56.314,B2/USDT:USDT,0.3856,50.0,0.3855,106.0,0.3866,5.0,0.3867,50.0
1753535156884,13:05:56.884,B2/USDT:USDT,0.3856,50.0,0.3855,106.0,0.3866,5.0,0.3867,50.0
1753535156987,13:05:56.987,B2/USDT:USDT,0.3856,50.0,0.3855,106.0,0.3866,55.0,0.3867,50.0
1753535158964,13:05:58.964,B2/USDT:USDT,0.3856,50.0,0.3855,106.0,0.3866,5.0,0.3867,50.0
1753535159033,13:05:59.033,B2/USDT:USDT,0.3856,50.0,0.3855,106.0,0.3866,5.0,0.3867,50.0
1753535159167,13:05:59.167,B2/USDT:USDT,0.3856,50.0,0.3855,106.0,0.3866,5.0,0.3867,50.0
1753535159542,13:05:59.542,B2/USDT:USDT,0.3856,50.0,0.3855,106.0,0.3866,5.0,0.3867,50.0
1753535159957,13:05:59.957,B2/USDT:USDT,0.3856,50.0,0.3855,106.0,0.3866,55.0,0.3867,50.0
1753535160068,13:06:00.068,B2/USDT:USDT,0.3856,50.0,0.3855,106.0,0.3866,55.0,0.3867,50.0
1753535160085,13:06:00.085,B2/USDT:USDT,0.3856,50.0,0.3855,106.0,0.3866,55.0,0.3867,50.0
1753535160383,13:06:00.383,B2/USDT:USDT,0.3856,50.0,0.3855,106.0,0.3866,55.0,0.3867,50.0
1753535160965,13:06:00.965,B2/USDT:USDT,0.3856,50.0,0.3855,106.0,0.3866,55.0,0.3867,50.0
1753535161186,13:06:01.186,B2/USDT:USDT,0.3856,50.0,0.3855,106.0,0.3866,55.0,0.3867,50.0
1753535161939,13:06:01.939,B2/USDT:USDT,0.3856,50.0,0.3855,106.0,0.3866,5.0,0.3867,50.0
1753535162925,13:06:02.925,B2/USDT:USDT,0.3856,50.0,0.3855,106.0,0.3866,55.0,0.3867,50.0
1753535163235,13:06:03.235,B2/USDT:USDT,0.3856,50.0,0.3855,106.0,0.3866,55.0,0.3867,50.0
1753535163315,13:06:03.315,B2/USDT:USDT,0.3856,50.0,0.3855,106.0,0.3866,55.0,0.3867,50.0
1753535163931,13:06:03.931,B2/USDT:USDT,0.3856,50.0,0.3855,106.0,0.3866,55.0,0.3867,50.0
1753535164897,13:06:04.897,B2/USDT:USDT,0.3856,50.0,0.3855,106.0,0.3866,5.0,0.3867,50.0
1753535165460,13:06:05.460,B2/USDT:USDT,0.3856,50.0,0.3855,106.0,0.3867,55.0,0.3868,132.0
1753535165640,13:06:05.640,B2/USDT:USDT,0.3856,50.0,0.3855,106.0,0.3867,55.0,0.3868,132.0
1753535166527,13:06:06.527,B2/USDT:USDT,0.3856,50.0,0.3855,106.0,0.3867,55.0,0.3868,132.0
1753535166582,13:06:06.582,B2/USDT:USDT,0.3856,50.0,0.3855,106.0,0.3867,55.0,0.3868,132.0
1753535167595,13:06:07.595,B2/USDT:USDT,0.3856,50.0,0.3855,106.0,0.3867,55.0,0.3868,132.0
1753535169501,13:06:09.501,B2/USDT:USDT,0.3856,50.0,0.3855,106.0,0.3867,55.0,0.3868,132.0
1753535169754,13:06:09.754,B2/USDT:USDT,0.3856,50.0,0.3855,106.0,0.3867,55.0,0.3868,132.0
1753535172554,13:06:12.554,B2/USDT:USDT,0.3856,50.0,0.3855,106.0,0.3867,55.0,0.3868,132.0
1753535177922,13:06:17.922,B2/USDT:USDT,0.3856,50.0,0.3855,106.0,0.3867,55.0,0.3868,132.0
1753535178024,13:06:18.024,B2/USDT:USDT,0.3856,50.0,0.385,185.0,0.3864,132.0,0.3867,5.0
1753535178542,13:06:18.542,B2/USDT:USDT,0.3856,50.0,0.385,185.0,0.3864,132.0,0.3867,5.0
1753535178744,13:06:18.744,B2/USDT:USDT,0.3856,50.0,0.385,185.0,0.3863,50.0,0.3864,132.0
1753535178958,13:06:18.958,B2/USDT:USDT,0.3856,50.0,0.385,185.0,0.3863,50.0,0.3864,132.0
1753535179411,13:06:19.411,B2/USDT:USDT,0.3856,50.0,0.385,185.0,0.3863,50.0,0.3864,132.0
1753535179826,13:06:19.826,B2/USDT:USDT,0.3856,50.0,0.385,185.0,0.3863,50.0,0.3864,132.0
1753535181719,13:06:21.719,B2/USDT:USDT,0.3856,50.0,0.3851,50.0,0.3863,129.0,0.3864,132.0
1753535182664,13:06:22.664,B2/USDT:USDT,0.3856,50.0,0.3851,50.0,0.3863,129.0,0.3864,132.0
1753535182720,13:06:22.720,B2/USDT:USDT,0.3851,50.0,0.385,185.0,0.3863,134.0,0.3864,132.0
1753535183907,13:06:23.907,B2/USDT:USDT,0.3851,50.0,0.385,185.0,0.3863,134.0,0.3864,132.0
1753535185564,13:06:25.564,B2/USDT:USDT,0.3851,50.0,0.385,185.0,0.3863,134.0,0.3864,132.0
1753535186759,13:06:26.759,B2/USDT:USDT,0.3851,50.0,0.385,185.0,0.3863,134.0,0.3864,132.0
1753535186908,13:06:26.908,B2/USDT:USDT,0.3851,50.0,0.385,185.0,0.3863,134.0,0.3864,132.0
1753535187918,13:06:27.918,B2/USDT:USDT,0.3851,50.0,0.385,185.0,0.3863,134.0,0.3864,132.0
1753535189043,13:06:29.043,B2/USDT:USDT,0.3851,50.0,0.385,185.0,0.3863,134.0,0.3864,132.0
1753535189761,13:06:29.761,B2/USDT:USDT,0.3851,50.0,0.385,185.0,0.3863,134.0,0.3864,132.0
1753535189810,13:06:29.810,B2/USDT:USDT,0.3851,50.0,0.385,185.0,0.3863,134.0,0.3864,132.0
1753535190546,13:06:30.546,B2/USDT:USDT,0.3851,50.0,0.385,185.0,0.3863,134.0,0.3864,132.0
1753535191192,13:06:31.192,B2/USDT:USDT,0.3851,50.0,0.385,185.0,0.3863,134.0,0.3864,132.0
1753535194623,13:06:34.623,B2/USDT:USDT,0.3851,50.0,0.385,185.0,0.3863,134.0,0.3864,132.0
1753535202178,13:06:42.178,B2/USDT:USDT,0.3851,50.0,0.385,185.0,0.3863,134.0,0.3864,132.0
1753535202286,13:06:42.286,B2/USDT:USDT,0.3851,53.0,0.385,185.0,0.3863,134.0,0.3864,132.0
1753535202569,13:06:42.569,B2/USDT:USDT,0.3851,53.0,0.385,185.0,0.3863,134.0,0.3864,132.0
1753535202832,13:06:42.832,B2/USDT:USDT,0.3851,53.0,0.385,185.0,0.3863,134.0,0.3864,132.0
1753535204032,13:06:44.032,B2/USDT:USDT,0.3851,53.0,0.385,185.0,0.3863,134.0,0.3864,132.0
1753535212900,13:06:52.900,B2/USDT:USDT,0.3851,53.0,0.385,185.0,0.3863,134.0,0.3864,132.0
1753535213736,13:06:53.736,B2/USDT:USDT,0.3851,53.0,0.385,185.0,0.3863,134.0,0.3864,132.0
1753535214361,13:06:54.361,B2/USDT:USDT,0.3854,106.0,0.3851,3.0,0.3863,134.0,0.3864,132.0
1753535214387,13:06:54.387,B2/USDT:USDT,0.3854,106.0,0.385,185.0,0.3863,134.0,0.3864,132.0
1753535214580,13:06:54.580,B2/USDT:USDT,0.3854,106.0,0.385,185.0,0.3863,134.0,0.3864,132.0
1753535214582,13:06:54.582,B2/USDT:USDT,0.3854,106.0,0.385,185.0,0.3863,134.0,0.3864,132.0
1753535214774,13:06:54.774,B2/USDT:USDT,0.3854,106.0,0.385,185.0,0.3863,134.0,0.3864,132.0
1753535216964,13:06:56.964,B2/USDT:USDT,0.3854,106.0,0.385,185.0,0.3863,134.0,0.3864,132.0
1753535224600,13:07:04.600,B2/USDT:USDT,0.3854,106.0,0.385,185.0,0.3863,129.0,0.3864,137.0
1753535237593,13:07:17.593,B2/USDT:USDT,0.3854,106.0,0.385,185.0,0.3863,129.0,0.3864,137.0
1753535259176,13:07:39.176,B2/USDT:USDT,0.3854,106.0,0.385,185.0,0.3863,129.0,0.3864,137.0
1753535262137,13:07:42.137,B2/USDT:USDT,0.3854,106.0,0.385,185.0,0.3863,129.0,0.3864,137.0
1753535264878,13:07:44.878,B2/USDT:USDT,0.3854,106.0,0.385,185.0,0.3863,129.0,0.3864,137.0
1753535272971,13:07:52.971,B2/USDT:USDT,0.3854,106.0,0.385,185.0,0.3863,129.0,0.3864,137.0
1753535276128,13:07:56.128,B2/USDT:USDT,0.3854,106.0,0.385,185.0,0.3863,129.0,0.3864,137.0
1753535283128,13:08:03.128,B2/USDT:USDT,0.3854,106.0,0.385,185.0,0.3863,129.0,0.3864,137.0
1753535301093,13:08:21.093,B2/USDT:USDT,0.3854,106.0,0.385,185.0,0.3863,129.0,0.3864,137.0
1753535314129,13:08:34.129,B2/USDT:USDT,0.3854,106.0,0.385,185.0,0.3863,129.0,0.3864,137.0
1753535333028,13:08:53.028,B2/USDT:USDT,0.3854,106.0,0.385,185.0,0.3863,129.0,0.3864,137.0
1753535341633,13:09:01.633,B2/USDT:USDT,0.3854,106.0,0.385,185.0,0.3863,129.0,0.3864,137.0
1753535343962,13:09:03.962,B2/USDT:USDT,0.3854,106.0,0.385,185.0,0.3863,129.0,0.3864,137.0
1753535344666,13:09:04.666,B2/USDT:USDT,0.3854,106.0,0.385,185.0,0.3863,129.0,0.3864,137.0
1753535349248,13:09:09.248,B2/USDT:USDT,0.3854,106.0,0.385,185.0,0.3863,129.0,0.3864,137.0
1753535350699,13:09:10.699,B2/USDT:USDT,0.3854,106.0,0.385,185.0,0.3863,129.0,0.3864,137.0
1753535368717,13:09:28.717,B2/USDT:USDT,0.3854,106.0,0.385,185.0,0.3863,129.0,0.3864,137.0
1753535378138,13:09:38.138,B2/USDT:USDT,0.3854,106.0,0.385,185.0,0.3863,129.0,0.3864,137.0
1753535388680,13:09:48.680,B2/USDT:USDT,0.3854,106.0,0.385,185.0,0.3863,129.0,0.3864,137.0
1753535393058,13:09:53.058,B2/USDT:USDT,0.3854,106.0,0.385,185.0,0.3863,129.0,0.3864,137.0
1753535393128,13:09:53.128,B2/USDT:USDT,0.3854,106.0,0.385,185.0,0.3863,129.0,0.3864,137.0
1753535394357,13:09:54.357,B2/USDT:USDT,0.3854,106.0,0.385,185.0,0.3863,129.0,0.3864,137.0
1753535408128,13:10:08.128,B2/USDT:USDT,0.3854,106.0,0.385,185.0,0.3863,129.0,0.3864,137.0
1753535428598,13:10:28.598,B2/USDT:USDT,0.3854,106.0,0.385,185.0,0.3863,129.0,0.3864,137.0
1753535437626,13:10:37.626,B2/USDT:USDT,0.3854,106.0,0.385,185.0,0.3863,129.0,0.3864,137.0
1753535440744,13:10:40.744,B2/USDT:USDT,0.3854,106.0,0.385,185.0,0.3863,129.0,0.3864,137.0
1753535450054,13:10:50.054,B2/USDT:USDT,0.3854,106.0,0.385,185.0,0.3863,129.0,0.3864,137.0
1753535472844,13:11:12.844,B2/USDT:USDT,0.385,185.0,0.3849,177.0,0.3862,55.0,0.3863,129.0
1753535472968,13:11:12.968,B2/USDT:USDT,0.385,185.0,0.3849,177.0,0.3862,55.0,0.3863,129.0
1753535473058,13:11:13.058,B2/USDT:USDT,0.385,188.0,0.3849,177.0,0.3862,55.0,0.3863,129.0
1753535473129,13:11:13.129,B2/USDT:USDT,0.385,185.0,0.3849,177.0,0.3862,55.0,0.3863,129.0
1753535473279,13:11:13.279,B2/USDT:USDT,0.385,185.0,0.3849,177.0,0.3862,55.0,0.3863,129.0
1753535473359,13:11:13.359,B2/USDT:USDT,0.385,188.0,0.3849,177.0,0.3862,55.0,0.3863,129.0
1753535473431,13:11:13.431,B2/USDT:USDT,0.3851,50.0,0.385,185.0,0.3862,55.0,0.3863,129.0
1753535473518,13:11:13.518,B2/USDT:USDT,0.3851,53.0,0.385,185.0,0.3862,55.0,0.3863,129.0
1753535473666,13:11:13.666,B2/USDT:USDT,0.3851,53.0,0.385,185.0,0.3862,55.0,0.3863,129.0
1753535473737,13:11:13.737,B2/USDT:USDT,0.3851,50.0,0.385,185.0,0.3862,55.0,0.3863,129.0
1753535473857,13:11:13.857,B2/USDT:USDT,0.3851,53.0,0.385,185.0,0.3862,55.0,0.3863,129.0
1753535473929,13:11:13.929,B2/USDT:USDT,0.3851,50.0,0.385,185.0,0.3862,55.0,0.3863,129.0
1753535474016,13:11:14.016,B2/USDT:USDT,0.3851,53.0,0.385,185.0,0.3862,55.0,0.3863,129.0
1753535474165,13:11:14.165,B2/USDT:USDT,0.3851,53.0,0.385,185.0,0.3862,55.0,0.3863,129.0
1753535474237,13:11:14.237,B2/USDT:USDT,0.3851,50.0,0.385,185.0,0.3862,55.0,0.3863,129.0
1753535474318,13:11:14.318,B2/USDT:USDT,0.3851,53.0,0.385,185.0,0.3862,55.0,0.3863,129.0
1753535474390,13:11:14.390,B2/USDT:USDT,0.3851,50.0,0.385,185.0,0.3862,55.0,0.3863,129.0
1753535474558,13:11:14.558,B2/USDT:USDT,0.3851,50.0,0.385,185.0,0.3862,55.0,0.3863,129.0
1753535474638,13:11:14.638,B2/USDT:USDT,0.3851,53.0,0.385,185.0,0.3862,55.0,0.3863,129.0
1753535474710,13:11:14.710,B2/USDT:USDT,0.3851,50.0,0.385,185.0,0.3862,55.0,0.3863,129.0
1753535474859,13:11:14.859,B2/USDT:USDT,0.3851,50.0,0.385,185.0,0.3862,55.0,0.3863,129.0
1753535474938,13:11:14.938,B2/USDT:USDT,0.3851,53.0,0.385,185.0,0.3862,55.0,0.3863,129.0
1753535475011,13:11:15.011,B2/USDT:USDT,0.3851,50.0,0.385,185.0,0.3862,55.0,0.3863,129.0
1753535475170,13:11:15.170,B2/USDT:USDT,0.3851,50.0,0.385,185.0,0.3862,55.0,0.3863,129.0
1753535475368,13:11:15.368,B2/USDT:USDT,0.3851,50.0,0.385,185.0,0.3862,55.0,0.3863,129.0
1753535475444,13:11:15.444,B2/USDT:USDT,0.3851,53.0,0.385,185.0,0.3862,55.0,0.3863,129.0
1753535475516,13:11:15.516,B2/USDT:USDT,0.3851,50.0,0.385,185.0,0.3862,55.0,0.3863,129.0
1753535475668,13:11:15.668,B2/USDT:USDT,0.3851,50.0,0.385,185.0,0.3862,55.0,0.3863,129.0
1753535475758,13:11:15.758,B2/USDT:USDT,0.3851,53.0,0.385,185.0,0.3862,55.0,0.3863,129.0
1753535475830,13:11:15.830,B2/USDT:USDT,0.3851,50.0,0.385,185.0,0.3862,55.0,0.3863,129.0
1753535475918,13:11:15.918,B2/USDT:USDT,0.3851,53.0,0.385,185.0,0.3862,55.0,0.3863,129.0
1753535476079,13:11:16.079,B2/USDT:USDT,0.3851,53.0,0.385,185.0,0.3862,55.0,0.3863,129.0
1753535476150,13:11:16.150,B2/USDT:USDT,0.3851,50.0,0.385,185.0,0.3862,55.0,0.3863,129.0
1753535476237,13:11:16.237,B2/USDT:USDT,0.3851,53.0,0.385,185.0,0.3862,55.0,0.3863,129.0
1753535476309,13:11:16.309,B2/USDT:USDT,0.3851,50.0,0.385,185.0,0.3862,55.0,0.3863,129.0
1753535476457,13:11:16.457,B2/USDT:USDT,0.3851,50.0,0.385,185.0,0.3862,55.0,0.3863,129.0
1753535476536,13:11:16.536,B2/USDT:USDT,0.3851,53.0,0.385,185.0,0.3862,55.0,0.3863,129.0
1753535476608,13:11:16.608,B2/USDT:USDT,0.3851,50.0,0.385,185.0,0.3862,55.0,0.3863,129.0
1753535476759,13:11:16.759,B2/USDT:USDT,0.3851,50.0,0.385,185.0,0.3862,55.0,0.3863,129.0
1753535476837,13:11:16.837,B2/USDT:USDT,0.3851,53.0,0.385,185.0,0.3862,55.0,0.3863,129.0
1753535476908,13:11:16.908,B2/USDT:USDT,0.3851,50.0,0.385,185.0,0.3862,55.0,0.3863,129.0
1753535477056,13:11:17.056,B2/USDT:USDT,0.3851,50.0,0.385,185.0,0.3862,55.0,0.3863,129.0
1753535477137,13:11:17.137,B2/USDT:USDT,0.3851,53.0,0.385,185.0,0.3862,55.0,0.3863,129.0
1753535477208,13:11:17.208,B2/USDT:USDT,0.3851,50.0,0.385,185.0,0.3862,55.0,0.3863,129.0
1753535477357,13:11:17.357,B2/USDT:USDT,0.3851,50.0,0.385,185.0,0.3862,55.0,0.3863,129.0
1753535477437,13:11:17.437,B2/USDT:USDT,0.3851,53.0,0.385,185.0,0.3862,55.0,0.3863,129.0
1753535477510,13:11:17.510,B2/USDT:USDT,0.3851,50.0,0.385,185.0,0.3862,55.0,0.3863,129.0
1753535477673,13:11:17.673,B2/USDT:USDT,0.3851,50.0,0.385,185.0,0.3862,55.0,0.3863,129.0
1753535477839,13:11:17.839,B2/USDT:USDT,0.3851,53.0,0.385,185.0,0.3862,55.0,0.3863,129.0
1753535477910,13:11:17.910,B2/USDT:USDT,0.3851,50.0,0.385,185.0,0.3862,55.0,0.3863,129.0
1753535478041,13:11:18.041,B2/USDT:USDT,0.3851,53.0,0.385,185.0,0.3862,55.0,0.3863,129.0
1753535478113,13:11:18.113,B2/USDT:USDT,0.3851,50.0,0.385,185.0,0.3862,55.0,0.3863,129.0
1753535478260,13:11:18.260,B2/USDT:USDT,0.3851,53.0,0.385,185.0,0.3862,55.0,0.3863,129.0
1753535478331,13:11:18.331,B2/USDT:USDT,0.3851,50.0,0.385,185.0,0.3862,55.0,0.3863,129.0
1753535478479,13:11:18.479,B2/USDT:USDT,0.3851,50.0,0.385,185.0,0.3862,55.0,0.3863,129.0
1753535478557,13:11:18.557,B2/USDT:USDT,0.3851,53.0,0.385,185.0,0.3862,55.0,0.3863,129.0
1753535478644,13:11:18.644,B2/USDT:USDT,0.3851,50.0,0.385,185.0,0.3862,55.0,0.3863,129.0
1753535478716,13:11:18.716,B2/USDT:USDT,0.3851,53.0,0.385,185.0,0.3862,55.0,0.3863,129.0
1753535478864,13:11:18.864,B2/USDT:USDT,0.3851,53.0,0.385,185.0,0.3862,55.0,0.3863,129.0
1753535478936,13:11:18.936,B2/USDT:USDT,0.3851,50.0,0.385,185.0,0.3862,55.0,0.3863,129.0
1753535479017,13:11:19.017,B2/USDT:USDT,0.3851,53.0,0.385,185.0,0.3862,55.0,0.3863,129.0
1753535479165,13:11:19.165,B2/USDT:USDT,0.3851,53.0,0.385,185.0,0.3862,55.0,0.3863,129.0
1753535479236,13:11:19.236,B2/USDT:USDT,0.3851,50.0,0.385,185.0,0.3862,55.0,0.3863,129.0
1753535479318,13:11:19.318,B2/USDT:USDT,0.3851,53.0,0.385,185.0,0.3862,55.0,0.3863,129.0
1753535479464,13:11:19.464,B2/USDT:USDT,0.3851,53.0,0.385,185.0,0.3862,55.0,0.3863,129.0
1753535479536,13:11:19.536,B2/USDT:USDT,0.3851,50.0,0.385,185.0,0.3862,55.0,0.3863,129.0
1753535479619,13:11:19.619,B2/USDT:USDT,0.3851,53.0,0.385,185.0,0.3862,55.0,0.3863,129.0
1753535479691,13:11:19.691,B2/USDT:USDT,0.3851,50.0,0.385,185.0,0.3862,55.0,0.3863,129.0
1753535479853,13:11:19.853,B2/USDT:USDT,0.3851,50.0,0.385,185.0,0.3862,55.0,0.3863,129.0
1753535479939,13:11:19.939,B2/USDT:USDT,0.3851,53.0,0.385,185.0,0.3862,55.0,0.3863,129.0
1753535480010,13:11:20.010,B2/USDT:USDT,0.3851,50.0,0.385,185.0,0.3862,55.0,0.3863,129.0
1753535480159,13:11:20.159,B2/USDT:USDT,0.3851,50.0,0.385,185.0,0.3862,55.0,0.3863,129.0
1753535480237,13:11:20.237,B2/USDT:USDT,0.3851,53.0,0.385,185.0,0.3862,55.0,0.3863,129.0
1753535480310,13:11:20.310,B2/USDT:USDT,0.3851,50.0,0.385,185.0,0.3862,55.0,0.3863,129.0
1753535480474,13:11:20.474,B2/USDT:USDT,0.3851,50.0,0.385,185.0,0.3862,55.0,0.3863,129.0
1753535480559,13:11:20.559,B2/USDT:USDT,0.3851,53.0,0.385,185.0,0.3862,55.0,0.3863,129.0
1753535480631,13:11:20.631,B2/USDT:USDT,0.3851,50.0,0.385,185.0,0.3862,55.0,0.3863,129.0
1753535480777,13:11:20.777,B2/USDT:USDT,0.3851,50.0,0.385,185.0,0.3862,55.0,0.3863,129.0
1753535480859,13:11:20.859,B2/USDT:USDT,0.3851,53.0,0.385,185.0,0.3862,55.0,0.3863,129.0
1753535480930,13:11:20.930,B2/USDT:USDT,0.3851,50.0,0.385,185.0,0.3862,55.0,0.3863,129.0
1753535481018,13:11:21.018,B2/USDT:USDT,0.3851,53.0,0.385,185.0,0.3862,55.0,0.3863,129.0
1753535481177,13:11:21.177,B2/USDT:USDT,0.3851,53.0,0.385,185.0,0.3862,55.0,0.3863,129.0
1753535481249,13:11:21.249,B2/USDT:USDT,0.3851,50.0,0.385,185.0,0.3862,55.0,0.3863,129.0
1753535481339,13:11:21.339,B2/USDT:USDT,0.3851,53.0,0.385,185.0,0.3862,55.0,0.3863,129.0
1753535481411,13:11:21.411,B2/USDT:USDT,0.3851,50.0,0.385,185.0,0.3862,55.0,0.3863,129.0
1753535481559,13:11:21.559,B2/USDT:USDT,0.3851,50.0,0.385,185.0,0.3862,55.0,0.3863,129.0
1753535481637,13:11:21.637,B2/USDT:USDT,0.3851,53.0,0.385,185.0,0.3862,55.0,0.3863,129.0
1753535481710,13:11:21.710,B2/USDT:USDT,0.3851,50.0,0.385,185.0,0.3862,55.0,0.3863,129.0
1753535481856,13:11:21.856,B2/USDT:USDT,0.3851,50.0,0.385,185.0,0.3862,55.0,0.3863,129.0
1753535481977,13:11:21.977,B2/USDT:USDT,0.3851,53.0,0.385,185.0,0.3862,55.0,0.3863,129.0
1753535482050,13:11:22.050,B2/USDT:USDT,0.3851,50.0,0.385,185.0,0.3862,55.0,0.3863,129.0
1753535482137,13:11:22.137,B2/USDT:USDT,0.3851,53.0,0.385,185.0,0.3862,55.0,0.3863,129.0
1753535482209,13:11:22.209,B2/USDT:USDT,0.3851,50.0,0.385,185.0,0.3862,55.0,0.3863,129.0
1753535482369,13:11:22.369,B2/USDT:USDT,0.3851,50.0,0.385,185.0,0.3862,55.0,0.3863,129.0
1753535482458,13:11:22.458,B2/USDT:USDT,0.3851,53.0,0.385,185.0,0.3862,55.0,0.3863,129.0
1753535482529,13:11:22.529,B2/USDT:USDT,0.3851,50.0,0.385,185.0,0.3862,55.0,0.3863,129.0
1753535482677,13:11:22.677,B2/USDT:USDT,0.3851,50.0,0.385,185.0,0.3862,55.0,0.3863,129.0
1753535482757,13:11:22.757,B2/USDT:USDT,0.3851,53.0,0.385,185.0,0.3862,55.0,0.3863,129.0
1753535482829,13:11:22.829,B2/USDT:USDT,0.3851,50.0,0.385,185.0,0.3862,55.0,0.3863,129.0
1753535482976,13:11:22.976,B2/USDT:USDT,0.3851,50.0,0.385,185.0,0.3862,55.0,0.3863,129.0
1753535483060,13:11:23.060,B2/USDT:USDT,0.3851,53.0,0.385,185.0,0.3862,55.0,0.3863,129.0
1753535483131,13:11:23.131,B2/USDT:USDT,0.3851,50.0,0.385,185.0,0.3862,55.0,0.3863,129.0
1753535483216,13:11:23.216,B2/USDT:USDT,0.3851,53.0,0.385,185.0,0.3862,55.0,0.3863,129.0
1753535483288,13:11:23.288,B2/USDT:USDT,0.3851,50.0,0.385,185.0,0.3862,55.0,0.3863,129.0
1753535483452,13:11:23.452,B2/USDT:USDT,0.3851,50.0,0.385,185.0,0.3862,55.0,0.3863,129.0
1753535483538,13:11:23.538,B2/USDT:USDT,0.3851,53.0,0.385,185.0,0.3862,55.0,0.3863,129.0
1753535483610,13:11:23.610,B2/USDT:USDT,0.3851,50.0,0.385,185.0,0.3862,55.0,0.3863,129.0
1753535483759,13:11:23.759,B2/USDT:USDT,0.3851,50.0,0.385,185.0,0.3862,55.0,0.3863,129.0
1753535483837,13:11:23.837,B2/USDT:USDT,0.3851,53.0,0.385,185.0,0.3862,55.0,0.3863,129.0
1753535483909,13:11:23.909,B2/USDT:USDT,0.3851,50.0,0.385,185.0,0.3862,55.0,0.3863,129.0
1753535484057,13:11:24.057,B2/USDT:USDT,0.3851,50.0,0.385,185.0,0.3862,55.0,0.3863,129.0
1753535484138,13:11:24.138,B2/USDT:USDT,0.3851,53.0,0.385,185.0,0.3862,55.0,0.3863,129.0
1753535484210,13:11:24.210,B2/USDT:USDT,0.3851,50.0,0.385,185.0,0.3862,55.0,0.3863,129.0
1753535484368,13:11:24.368,B2/USDT:USDT,0.3851,50.0,0.385,185.0,0.3862,55.0,0.3863,129.0
1753535484444,13:11:24.444,B2/USDT:USDT,0.3851,53.0,0.385,185.0,0.3862,55.0,0.3863,129.0
1753535484516,13:11:24.516,B2/USDT:USDT,0.3851,50.0,0.385,185.0,0.3862,55.0,0.3863,129.0
1753535484675,13:11:24.675,B2/USDT:USDT,0.3851,50.0,0.385,185.0,0.3862,55.0,0.3863,129.0
1753535484759,13:11:24.759,B2/USDT:USDT,0.3851,53.0,0.385,185.0,0.3862,55.0,0.3863,129.0
1753535484831,13:11:24.831,B2/USDT:USDT,0.3851,50.0,0.385,185.0,0.3862,55.0,0.3863,129.0
1753535484917,13:11:24.917,B2/USDT:USDT,0.3851,53.0,0.385,185.0,0.3862,55.0,0.3863,129.0
1753535485150,13:11:25.150,B2/USDT:USDT,0.3851,50.0,0.385,185.0,0.3862,55.0,0.3863,129.0
1753535485237,13:11:25.237,B2/USDT:USDT,0.3851,53.0,0.385,185.0,0.3862,55.0,0.3863,129.0
1753535485308,13:11:25.308,B2/USDT:USDT,0.3851,50.0,0.385,185.0,0.3862,55.0,0.3863,129.0
1753535485469,13:11:25.469,B2/USDT:USDT,0.3851,50.0,0.385,185.0,0.3862,55.0,0.3863,129.0
1753535485559,13:11:25.559,B2/USDT:USDT,0.3851,53.0,0.385,185.0,0.3862,55.0,0.3863,129.0
1753535485631,13:11:25.631,B2/USDT:USDT,0.3851,50.0,0.385,185.0,0.3862,55.0,0.3863,129.0
1753535485719,13:11:25.719,B2/USDT:USDT,0.3851,53.0,0.385,185.0,0.3862,55.0,0.3863,129.0
1753535485877,13:11:25.877,B2/USDT:USDT,0.3851,53.0,0.385,185.0,0.3862,55.0,0.3863,129.0
1753535485949,13:11:25.949,B2/USDT:USDT,0.3851,50.0,0.385,185.0,0.3862,55.0,0.3863,129.0
1753535486024,13:11:26.024,B2/USDT:USDT,0.3851,53.0,0.385,185.0,0.3862,55.0,0.3863,129.0
1753535486178,13:11:26.178,B2/USDT:USDT,0.3851,53.0,0.385,185.0,0.3862,55.0,0.3863,129.0
1753535486249,13:11:26.249,B2/USDT:USDT,0.3851,50.0,0.385,185.0,0.3862,55.0,0.3863,129.0
1753535486326,13:11:26.326,B2/USDT:USDT,0.3851,53.0,0.385,185.0,0.3862,55.0,0.3863,129.0
1753535486477,13:11:26.477,B2/USDT:USDT,0.3851,53.0,0.385,185.0,0.3862,55.0,0.3863,129.0
1753535486549,13:11:26.549,B2/USDT:USDT,0.3851,50.0,0.385,185.0,0.3862,55.0,0.3863,129.0
1753535486624,13:11:26.624,B2/USDT:USDT,0.3851,53.0,0.385,185.0,0.3862,55.0,0.3863,129.0
1753535486776,13:11:26.776,B2/USDT:USDT,0.3851,53.0,0.385,185.0,0.3862,55.0,0.3863,129.0
1753535486848,13:11:26.848,B2/USDT:USDT,0.3851,50.0,0.385,185.0,0.3862,55.0,0.3863,129.0
1753535486924,13:11:26.924,B2/USDT:USDT,0.3851,53.0,0.385,185.0,0.3862,55.0,0.3863,129.0
1753535487079,13:11:27.079,B2/USDT:USDT,0.3851,53.0,0.385,185.0,0.3862,55.0,0.3863,129.0
1753535487150,13:11:27.150,B2/USDT:USDT,0.3851,50.0,0.385,185.0,0.3862,55.0,0.3863,129.0
1753535487226,13:11:27.226,B2/USDT:USDT,0.3851,53.0,0.385,185.0,0.3862,55.0,0.3863,129.0
1753535487297,13:11:27.297,B2/USDT:USDT,0.3851,50.0,0.385,185.0,0.3862,55.0,0.3863,129.0
1753535487455,13:11:27.455,B2/USDT:USDT,0.3851,50.0,0.385,185.0,0.3862,55.0,0.3863,129.0
1753535487543,13:11:27.543,B2/USDT:USDT,0.3851,53.0,0.385,185.0,0.3862,55.0,0.3863,129.0
1753535487616,13:11:27.616,B2/USDT:USDT,0.3851,50.0,0.385,185.0,0.3862,55.0,0.3863,129.0
1753535487769,13:11:27.769,B2/USDT:USDT,0.3851,50.0,0.385,185.0,0.3862,55.0,0.3863,129.0
1753535487865,13:11:27.865,B2/USDT:USDT,0.3851,53.0,0.385,185.0,0.3862,55.0,0.3863,129.0
1753535487915,13:11:27.915,B2/USDT:USDT,0.3851,50.0,0.385,185.0,0.3862,55.0,0.3863,129.0
1753535488070,13:11:28.070,B2/USDT:USDT,0.3851,50.0,0.385,185.0,0.3862,55.0,0.3863,129.0
1753535488159,13:11:28.159,B2/USDT:USDT,0.3851,53.0,0.385,185.0,0.3862,55.0,0.3863,129.0
1753535488231,13:11:28.231,B2/USDT:USDT,0.3851,50.0,0.385,185.0,0.3862,55.0,0.3863,129.0
1753535488318,13:11:28.318,B2/USDT:USDT,0.3851,53.0,0.385,185.0,0.3862,55.0,0.3863,129.0
1753535488470,13:11:28.470,B2/USDT:USDT,0.3851,53.0,0.385,185.0,0.3862,55.0,0.3863,129.0
1753535488535,13:11:28.535,B2/USDT:USDT,0.3851,50.0,0.385,185.0,0.3862,55.0,0.3863,129.0
1753535488618,13:11:28.618,B2/USDT:USDT,0.3851,53.0,0.385,185.0,0.3862,55.0,0.3863,129.0
1753535488777,13:11:28.777,B2/USDT:USDT,0.3851,53.0,0.385,185.0,0.3862,55.0,0.3863,129.0
1753535488849,13:11:28.849,B2/USDT:USDT,0.3851,50.0,0.385,185.0,0.3862,55.0,0.3863,129.0
1753535488938,13:11:28.938,B2/USDT:USDT,0.3851,53.0,0.385,185.0,0.3862,55.0,0.3863,129.0
1753535489009,13:11:29.009,B2/USDT:USDT,0.3851,50.0,0.385,185.0,0.3862,55.0,0.3863,129.0
1753535489157,13:11:29.157,B2/USDT:USDT,0.3851,50.0,0.385,185.0,0.3862,55.0,0.3863,129.0
1753535489238,13:11:29.238,B2/USDT:USDT,0.3851,53.0,0.385,185.0,0.3862,55.0,0.3863,129.0
1753535489310,13:11:29.310,B2/USDT:USDT,0.3851,50.0,0.385,185.0,0.3862,55.0,0.3863,129.0
1753535489470,13:11:29.470,B2/USDT:USDT,0.3851,50.0,0.385,185.0,0.3862,55.0,0.3863,129.0
1753535489559,13:11:29.559,B2/USDT:USDT,0.3851,53.0,0.385,185.0,0.3862,55.0,0.3863,129.0
1753535489631,13:11:29.631,B2/USDT:USDT,0.3851,50.0,0.385,185.0,0.3862,55.0,0.3863,129.0
1753535489717,13:11:29.717,B2/USDT:USDT,0.3851,53.0,0.385,185.0,0.3862,55.0,0.3863,129.0
1753535489788,13:11:29.788,B2/USDT:USDT,0.3851,50.0,0.385,185.0,0.3862,55.0,0.3863,129.0
1753535489968,13:11:29.968,B2/USDT:USDT,0.3851,50.0,0.385,185.0,0.3862,55.0,0.3863,129.0
1753535490046,13:11:30.046,B2/USDT:USDT,0.3851,53.0,0.385,185.0,0.3862,55.0,0.3863,129.0
1753535490118,13:11:30.118,B2/USDT:USDT,0.3851,50.0,0.385,185.0,0.3862,55.0,0.3863,129.0
1753535490269,13:11:30.269,B2/USDT:USDT,0.3851,50.0,0.385,185.0,0.3862,55.0,0.3863,129.0
1753535490359,13:11:30.359,B2/USDT:USDT,0.3851,53.0,0.385,185.0,0.3862,55.0,0.3863,129.0
1753535490431,13:11:30.431,B2/USDT:USDT,0.3851,50.0,0.385,185.0,0.3862,55.0,0.3863,129.0
1753535490516,13:11:30.516,B2/USDT:USDT,0.3851,53.0,0.385,185.0,0.3862,55.0,0.3863,129.0
1753535490588,13:11:30.588,B2/USDT:USDT,0.3851,50.0,0.385,185.0,0.3862,55.0,0.3863,129.0
1753535490751,13:11:30.751,B2/USDT:USDT,0.3851,50.0,0.385,185.0,0.3862,55.0,0.3863,129.0
1753535490845,13:11:30.845,B2/USDT:USDT,0.3851,53.0,0.385,185.0,0.3862,55.0,0.3863,129.0
1753535490918,13:11:30.918,B2/USDT:USDT,0.3851,50.0,0.385,185.0,0.3862,55.0,0.3863,129.0
1753535491071,13:11:31.071,B2/USDT:USDT,0.3851,50.0,0.385,185.0,0.3862,55.0,0.3863,129.0
1753535491159,13:11:31.159,B2/USDT:USDT,0.3851,53.0,0.385,185.0,0.3862,55.0,0.3863,129.0
1753535491233,13:11:31.233,B2/USDT:USDT,0.3851,50.0,0.385,185.0,0.3862,55.0,0.3863,129.0
1753535491318,13:11:31.318,B2/USDT:USDT,0.3851,53.0,0.385,185.0,0.3862,55.0,0.3863,129.0
1753535491477,13:11:31.477,B2/USDT:USDT,0.3851,53.0,0.385,185.0,0.3862,55.0,0.3863,129.0
1753535491551,13:11:31.551,B2/USDT:USDT,0.3851,50.0,0.385,185.0,0.3862,55.0,0.3863,129.0
1753535491638,13:11:31.638,B2/USDT:USDT,0.3851,53.0,0.385,185.0,0.3862,55.0,0.3863,129.0
1753535491710,13:11:31.710,B2/USDT:USDT,0.3851,50.0,0.385,185.0,0.3862,55.0,0.3863,129.0
1753535491872,13:11:31.872,B2/USDT:USDT,0.3851,50.0,0.385,185.0,0.3862,55.0,0.3863,129.0
1753535492069,13:11:32.069,B2/USDT:USDT,0.3851,50.0,0.385,185.0,0.3862,55.0,0.3863,129.0
1753535492159,13:11:32.159,B2/USDT:USDT,0.3851,53.0,0.385,185.0,0.3862,55.0,0.3863,129.0
1753535492233,13:11:32.233,B2/USDT:USDT,0.3851,50.0,0.385,185.0,0.3862,55.0,0.3863,129.0
1753535492318,13:11:32.318,B2/USDT:USDT,0.3851,53.0,0.385,185.0,0.3862,55.0,0.3863,129.0
1753535492479,13:11:32.479,B2/USDT:USDT,0.3851,53.0,0.385,185.0,0.3862,55.0,0.3863,129.0
1753535492550,13:11:32.550,B2/USDT:USDT,0.3851,50.0,0.385,185.0,0.3862,55.0,0.3863,129.0
1753535492639,13:11:32.639,B2/USDT:USDT,0.3851,53.0,0.385,185.0,0.3862,55.0,0.3863,129.0
1753535492711,13:11:32.711,B2/USDT:USDT,0.3851,50.0,0.385,185.0,0.3862,55.0,0.3863,129.0
1753535492858,13:11:32.858,B2/USDT:USDT,0.3851,50.0,0.385,185.0,0.3862,55.0,0.3863,129.0
1753535492942,13:11:32.942,B2/USDT:USDT,0.3851,53.0,0.385,185.0,0.3862,55.0,0.3863,129.0
1753535493015,13:11:33.015,B2/USDT:USDT,0.3851,50.0,0.385,185.0,0.3862,55.0,0.3863,129.0
1753535493168,13:11:33.168,B2/USDT:USDT,0.3851,50.0,0.385,185.0,0.3862,55.0,0.3863,129.0
1753535493245,13:11:33.245,B2/USDT:USDT,0.3851,53.0,0.385,185.0,0.3862,55.0,0.3863,129.0
1753535493317,13:11:33.317,B2/USDT:USDT,0.3851,50.0,0.385,185.0,0.3862,55.0,0.3863,129.0
1753535493472,13:11:33.472,B2/USDT:USDT,0.3851,50.0,0.385,185.0,0.3862,55.0,0.3863,129.0
1753535493549,13:11:33.549,B2/USDT:USDT,0.3851,53.0,0.385,185.0,0.3862,55.0,0.3863,129.0
1753535493621,13:11:33.621,B2/USDT:USDT,0.3851,50.0,0.385,185.0,0.3862,55.0,0.3863,129.0
1753535493770,13:11:33.770,B2/USDT:USDT,0.3851,50.0,0.385,185.0,0.3862,55.0,0.3863,129.0
1753535493878,13:11:33.878,B2/USDT:USDT,0.3851,53.0,0.385,185.0,0.3862,55.0,0.3863,129.0
1753535493949,13:11:33.949,B2/USDT:USDT,0.3851,50.0,0.385,185.0,0.3862,55.0,0.3863,129.0
1753535494023,13:11:34.023,B2/USDT:USDT,0.3851,53.0,0.385,185.0,0.3862,55.0,0.3863,129.0
1753535494178,13:11:34.178,B2/USDT:USDT,0.3851,53.0,0.385,185.0,0.3862,55.0,0.3863,129.0
1753535494250,13:11:34.250,B2/USDT:USDT,0.3851,50.0,0.385,185.0,0.3862,55.0,0.3863,129.0
1753535494337,13:11:34.337,B2/USDT:USDT,0.3851,53.0,0.385,185.0,0.3862,55.0,0.3863,129.0
1753535494409,13:11:34.409,B2/USDT:USDT,0.3851,50.0,0.385,185.0,0.3862,55.0,0.3863,129.0
1753535494569,13:11:34.569,B2/USDT:USDT,0.3851,50.0,0.385,185.0,0.3862,55.0,0.3863,129.0
1753535494644,13:11:34.644,B2/USDT:USDT,0.3851,53.0,0.385,185.0,0.3862,55.0,0.3863,129.0
1753535494717,13:11:34.717,B2/USDT:USDT,0.3851,50.0,0.385,185.0,0.3862,55.0,0.3863,129.0
1753535494870,13:11:34.870,B2/USDT:USDT,0.3851,50.0,0.385,185.0,0.3862,55.0,0.3863,129.0
1753535494946,13:11:34.946,B2/USDT:USDT,0.3851,53.0,0.385,185.0,0.3862,55.0,0.3863,129.0
1753535495019,13:11:35.019,B2/USDT:USDT,0.3851,50.0,0.385,185.0,0.3862,55.0,0.3863,129.0
1753535495171,13:11:35.171,B2/USDT:USDT,0.3851,50.0,0.385,185.0,0.3862,55.0,0.3863,129.0
1753535495259,13:11:35.259,B2/USDT:USDT,0.3851,53.0,0.385,185.0,0.3862,55.0,0.3863,129.0
1753535495330,13:11:35.330,B2/USDT:USDT,0.3851,50.0,0.385,185.0,0.3862,55.0,0.3863,129.0
1753535495419,13:11:35.419,B2/USDT:USDT,0.3851,53.0,0.385,185.0,0.3862,55.0,0.3863,129.0
1753535495492,13:11:35.492,B2/USDT:USDT,0.3851,50.0,0.385,185.0,0.3862,55.0,0.3863,129.0
1753535495621,13:11:35.621,B2/USDT:USDT,0.3851,53.0,0.385,185.0,0.3862,55.0,0.3863,129.0
1753535495776,13:11:35.776,B2/USDT:USDT,0.3851,53.0,0.385,185.0,0.3862,55.0,0.3863,129.0
1753535495848,13:11:35.848,B2/USDT:USDT,0.3851,50.0,0.385,185.0,0.3862,55.0,0.3863,129.0
1753535495938,13:11:35.938,B2/USDT:USDT,0.3851,53.0,0.385,185.0,0.3862,55.0,0.3863,129.0
1753535496010,13:11:36.010,B2/USDT:USDT,0.3851,50.0,0.385,185.0,0.3862,55.0,0.3863,129.0
1753535496158,13:11:36.158,B2/USDT:USDT,0.3851,50.0,0.385,185.0,0.3862,55.0,0.3863,129.0
1753535496238,13:11:36.238,B2/USDT:USDT,0.3851,53.0,0.385,185.0,0.3862,55.0,0.3863,129.0
1753535496309,13:11:36.309,B2/USDT:USDT,0.3851,50.0,0.385,185.0,0.3862,55.0,0.3863,129.0
1753535496460,13:11:36.460,B2/USDT:USDT,0.3851,50.0,0.385,185.0,0.3862,55.0,0.3863,129.0
1753535496539,13:11:36.539,B2/USDT:USDT,0.3851,53.0,0.385,185.0,0.3862,55.0,0.3863,129.0
1753535496611,13:11:36.611,B2/USDT:USDT,0.3851,50.0,0.385,185.0,0.3862,55.0,0.3863,129.0
1753535496758,13:11:36.758,B2/USDT:USDT,0.3851,50.0,0.385,185.0,0.3862,55.0,0.3863,129.0
1753535496838,13:11:36.838,B2/USDT:USDT,0.3851,53.0,0.385,185.0,0.3862,55.0,0.3863,129.0
1753535496910,13:11:36.910,B2/USDT:USDT,0.3851,50.0,0.385,185.0,0.3862,55.0,0.3863,129.0
1753535497068,13:11:37.068,B2/USDT:USDT,0.3851,50.0,0.385,185.0,0.3862,55.0,0.3863,129.0
1753535497145,13:11:37.145,B2/USDT:USDT,0.3851,53.0,0.385,185.0,0.3862,55.0,0.3863,129.0
1753535497219,13:11:37.219,B2/USDT:USDT,0.3851,50.0,0.385,185.0,0.3862,55.0,0.3863,129.0
1753535497369,13:11:37.369,B2/USDT:USDT,0.3851,50.0,0.385,185.0,0.3862,55.0,0.3863,129.0
1753535497445,13:11:37.445,B2/USDT:USDT,0.3851,53.0,0.385,185.0,0.3862,55.0,0.3863,129.0
1753535497516,13:11:37.516,B2/USDT:USDT,0.3851,50.0,0.385,185.0,0.3862,55.0,0.3863,129.0
1753535497671,13:11:37.671,B2/USDT:USDT,0.3851,50.0,0.385,185.0,0.3862,55.0,0.3863,129.0
1753535497751,13:11:37.751,B2/USDT:USDT,0.3851,53.0,0.385,185.0,0.3862,55.0,0.3863,129.0
1753535497823,13:11:37.823,B2/USDT:USDT,0.3851,50.0,0.385,185.0,0.3862,55.0,0.3863,129.0
1753535497970,13:11:37.970,B2/USDT:USDT,0.3851,50.0,0.385,185.0,0.3862,55.0,0.3863,129.0
1753535498061,13:11:38.061,B2/USDT:USDT,0.3851,53.0,0.385,185.0,0.3862,55.0,0.3863,129.0
1753535498135,13:11:38.135,B2/USDT:USDT,0.3851,50.0,0.385,185.0,0.3862,55.0,0.3863,129.0
1753535498217,13:11:38.217,B2/USDT:USDT,0.3851,53.0,0.385,185.0,0.3862,55.0,0.3863,129.0
1753535498367,13:11:38.367,B2/USDT:USDT,0.3851,53.0,0.385,185.0,0.3862,55.0,0.3863,129.0
1753535498439,13:11:38.439,B2/USDT:USDT,0.3851,50.0,0.385,185.0,0.3862,55.0,0.3863,129.0
1753535498517,13:11:38.517,B2/USDT:USDT,0.3851,53.0,0.385,185.0,0.3862,55.0,0.3863,129.0
1753535498668,13:11:38.668,B2/USDT:USDT,0.3851,53.0,0.385,185.0,0.3862,55.0,0.3863,129.0
1753535498740,13:11:38.740,B2/USDT:USDT,0.3851,50.0,0.385,185.0,0.3862,55.0,0.3863,129.0
1753535498817,13:11:38.817,B2/USDT:USDT,0.3851,53.0,0.385,185.0,0.3862,55.0,0.3863,129.0
1753535498890,13:11:38.890,B2/USDT:USDT,0.3851,50.0,0.385,185.0,0.3862,55.0,0.3863,129.0
1753535499051,13:11:39.051,B2/USDT:USDT,0.3851,50.0,0.385,185.0,0.3862,55.0,0.3863,129.0
1753535499138,13:11:39.138,B2/USDT:USDT,0.3851,53.0,0.385,185.0,0.3862,55.0,0.3863,129.0
1753535499209,13:11:39.209,B2/USDT:USDT,0.3851,50.0,0.385,185.0,0.3862,55.0,0.3863,129.0
1753535499358,13:11:39.358,B2/USDT:USDT,0.3851,50.0,0.385,185.0,0.3862,55.0,0.3863,129.0
1753535499436,13:11:39.436,B2/USDT:USDT,0.3851,53.0,0.385,185.0,0.3862,55.0,0.3863,129.0
1753535499508,13:11:39.508,B2/USDT:USDT,0.3851,50.0,0.385,185.0,0.3862,55.0,0.3863,129.0
1753535499658,13:11:39.658,B2/USDT:USDT,0.3851,50.0,0.385,185.0,0.3862,55.0,0.3863,129.0
1753535499737,13:11:39.737,B2/USDT:USDT,0.3851,53.0,0.385,185.0,0.3862,55.0,0.3863,129.0
1753535499812,13:11:39.812,B2/USDT:USDT,0.3851,50.0,0.385,185.0,0.3862,55.0,0.3863,129.0
1753535499959,13:11:39.959,B2/USDT:USDT,0.3851,50.0,0.385,185.0,0.3862,55.0,0.3863,129.0
1753535500038,13:11:40.038,B2/USDT:USDT,0.3851,53.0,0.385,185.0,0.3862,55.0,0.3863,129.0
1753535500111,13:11:40.111,B2/USDT:USDT,0.3851,50.0,0.385,185.0,0.3862,55.0,0.3863,129.0
1753535500270,13:11:40.270,B2/USDT:USDT,0.3851,50.0,0.385,185.0,0.3862,55.0,0.3863,129.0
1753535500359,13:11:40.359,B2/USDT:USDT,0.3851,53.0,0.385,185.0,0.3862,55.0,0.3863,129.0
1753535500430,13:11:40.430,B2/USDT:USDT,0.3851,50.0,0.385,185.0,0.3862,55.0,0.3863,129.0
1753535500517,13:11:40.517,B2/USDT:USDT,0.3851,53.0,0.385,185.0,0.3862,55.0,0.3863,129.0
1753535500665,13:11:40.665,B2/USDT:USDT,0.3851,53.0,0.385,185.0,0.3862,55.0,0.3863,129.0
1753535500736,13:11:40.736,B2/USDT:USDT,0.3851,50.0,0.385,185.0,0.3862,55.0,0.3863,129.0
1753535500816,13:11:40.816,B2/USDT:USDT,0.3851,53.0,0.385,185.0,0.3862,55.0,0.3863,129.0
1753535501049,13:11:41.049,B2/USDT:USDT,0.3851,50.0,0.385,185.0,0.3862,55.0,0.3863,129.0
1753535501137,13:11:41.137,B2/USDT:USDT,0.3851,53.0,0.385,185.0,0.3862,55.0,0.3863,129.0
1753535501208,13:11:41.208,B2/USDT:USDT,0.3851,50.0,0.385,185.0,0.3862,55.0,0.3863,129.0
1753535501356,13:11:41.356,B2/USDT:USDT,0.3851,50.0,0.385,185.0,0.3862,55.0,0.3863,129.0
1753535501441,13:11:41.441,B2/USDT:USDT,0.3851,53.0,0.385,185.0,0.3862,55.0,0.3863,129.0
1753535501512,13:11:41.512,B2/USDT:USDT,0.3851,50.0,0.385,185.0,0.3862,55.0,0.3863,129.0
1753535501662,13:11:41.662,B2/USDT:USDT,0.3851,50.0,0.385,185.0,0.3862,55.0,0.3863,129.0
1753535501868,13:11:41.868,B2/USDT:USDT,0.3851,50.0,0.385,185.0,0.3862,55.0,0.3863,129.0
1753535501944,13:11:41.944,B2/USDT:USDT,0.3851,53.0,0.385,185.0,0.3862,55.0,0.3863,129.0
1753535502015,13:11:42.015,B2/USDT:USDT,0.3851,50.0,0.385,185.0,0.3862,55.0,0.3863,129.0
1753535502169,13:11:42.169,B2/USDT:USDT,0.3851,50.0,0.385,185.0,0.3862,55.0,0.3863,129.0
1753535502244,13:11:42.244,B2/USDT:USDT,0.3851,53.0,0.385,185.0,0.3862,55.0,0.3863,129.0
1753535502316,13:11:42.316,B2/USDT:USDT,0.3851,50.0,0.385,185.0,0.3862,55.0,0.3863,129.0
1753535502470,13:11:42.470,B2/USDT:USDT,0.3851,50.0,0.385,185.0,0.3862,55.0,0.3863,129.0
1753535502547,13:11:42.547,B2/USDT:USDT,0.3851,53.0,0.385,185.0,0.3862,55.0,0.3863,129.0
1753535502618,13:11:42.618,B2/USDT:USDT,0.3851,50.0,0.385,185.0,0.3862,55.0,0.3863,129.0
1753535502768,13:11:42.768,B2/USDT:USDT,0.3851,50.0,0.385,185.0,0.3862,55.0,0.3863,129.0
1753535502862,13:11:42.862,B2/USDT:USDT,0.3851,53.0,0.385,185.0,0.3862,55.0,0.3863,129.0
1753535502934,13:11:42.934,B2/USDT:USDT,0.3851,50.0,0.385,185.0,0.3862,55.0,0.3863,129.0
1753535503017,13:11:43.017,B2/USDT:USDT,0.3851,53.0,0.385,185.0,0.3862,55.0,0.3863,129.0
1753535503164,13:11:43.164,B2/USDT:USDT,0.3851,53.0,0.385,185.0,0.3862,55.0,0.3863,129.0
1753535503238,13:11:43.238,B2/USDT:USDT,0.3851,50.0,0.385,185.0,0.3862,55.0,0.3863,129.0
1753535503317,13:11:43.317,B2/USDT:USDT,0.3851,53.0,0.385,185.0,0.3862,55.0,0.3863,129.0
1753535503464,13:11:43.464,B2/USDT:USDT,0.3851,53.0,0.385,185.0,0.3862,55.0,0.3863,129.0
1753535503536,13:11:43.536,B2/USDT:USDT,0.3851,50.0,0.385,185.0,0.3862,55.0,0.3863,129.0
1753535503617,13:11:43.617,B2/USDT:USDT,0.3851,53.0,0.385,185.0,0.3862,55.0,0.3863,129.0
1753535503688,13:11:43.688,B2/USDT:USDT,0.3851,50.0,0.385,185.0,0.3862,55.0,0.3863,129.0
1753535503850,13:11:43.850,B2/USDT:USDT,0.3851,50.0,0.385,185.0,0.3862,55.0,0.3863,129.0
1753535503926,13:11:43.926,B2/USDT:USDT,0.3851,53.0,0.385,185.0,0.3862,55.0,0.3863,129.0
1753535504079,13:11:44.079,B2/USDT:USDT,0.3851,53.0,0.385,185.0,0.3862,55.0,0.3863,129.0
1753535504150,13:11:44.150,B2/USDT:USDT,0.3851,50.0,0.385,185.0,0.3862,55.0,0.3863,129.0
1753535504238,13:11:44.238,B2/USDT:USDT,0.3851,53.0,0.385,185.0,0.3862,55.0,0.3863,129.0
1753535504310,13:11:44.310,B2/USDT:USDT,0.3851,50.0,0.385,185.0,0.3862,55.0,0.3863,129.0
1753535504458,13:11:44.458,B2/USDT:USDT,0.3851,50.0,0.385,185.0,0.3862,55.0,0.3863,129.0
1753535504537,13:11:44.537,B2/USDT:USDT,0.3851,53.0,0.385,185.0,0.3862,55.0,0.3863,129.0
1753535504609,13:11:44.609,B2/USDT:USDT,0.3851,50.0,0.385,185.0,0.3862,55.0,0.3863,129.0
1753535504755,13:11:44.755,B2/USDT:USDT,0.3851,50.0,0.385,185.0,0.3862,55.0,0.3863,129.0
1753535504830,13:11:44.830,B2/USDT:USDT,0.3851,53.0,0.385,185.0,0.3862,55.0,0.3863,129.0
1753535504902,13:11:44.902,B2/USDT:USDT,0.3851,50.0,0.385,185.0,0.3862,55.0,0.3863,129.0
1753535505051,13:11:45.051,B2/USDT:USDT,0.3851,50.0,0.385,185.0,0.3862,55.0,0.3863,129.0
1753535505143,13:11:45.143,B2/USDT:USDT,0.3851,56.0,0.385,185.0,0.3862,55.0,0.3863,129.0
1753535505217,13:11:45.217,B2/USDT:USDT,0.3851,53.0,0.385,185.0,0.3862,55.0,0.3863,129.0
1753535505370,13:11:45.370,B2/USDT:USDT,0.3851,53.0,0.385,185.0,0.3862,55.0,0.3863,129.0
1753535505446,13:11:45.446,B2/USDT:USDT,0.3851,56.0,0.385,185.0,0.3862,55.0,0.3863,129.0
1753535505518,13:11:45.518,B2/USDT:USDT,0.3851,53.0,0.385,185.0,0.3862,55.0,0.3863,129.0
1753535505670,13:11:45.670,B2/USDT:USDT,0.3851,53.0,0.385,185.0,0.3862,55.0,0.3863,129.0
1753535505760,13:11:45.760,B2/USDT:USDT,0.3851,56.0,0.385,185.0,0.3862,55.0,0.3863,129.0
1753535505832,13:11:45.832,B2/USDT:USDT,0.3851,53.0,0.385,185.0,0.3862,55.0,0.3863,129.0
1753535505924,13:11:45.924,B2/USDT:USDT,0.3851,56.0,0.385,185.0,0.3862,55.0,0.3863,129.0
1753535505995,13:11:45.995,B2/USDT:USDT,0.3851,53.0,0.385,185.0,0.3862,55.0,0.3863,129.0
1753535506152,13:11:46.152,B2/USDT:USDT,0.3851,53.0,0.385,185.0,0.3862,55.0,0.3863,129.0
1753535506239,13:11:46.239,B2/USDT:USDT,0.3851,56.0,0.385,185.0,0.3862,55.0,0.3863,129.0
1753535506311,13:11:46.311,B2/USDT:USDT,0.3851,53.0,0.385,185.0,0.3862,55.0,0.3863,129.0
1753535506470,13:11:46.470,B2/USDT:USDT,0.3851,53.0,0.385,185.0,0.3862,55.0,0.3863,129.0
1753535506544,13:11:46.544,B2/USDT:USDT,0.3851,56.0,0.385,185.0,0.3862,55.0,0.3863,129.0
1753535506617,13:11:46.617,B2/USDT:USDT,0.3851,53.0,0.385,185.0,0.3862,55.0,0.3863,129.0
1753535506771,13:11:46.771,B2/USDT:USDT,0.3851,53.0,0.385,185.0,0.3862,55.0,0.3863,129.0
1753535506857,13:11:46.857,B2/USDT:USDT,0.3851,56.0,0.385,185.0,0.3862,55.0,0.3863,129.0
1753535506929,13:11:46.929,B2/USDT:USDT,0.3851,53.0,0.385,185.0,0.3862,55.0,0.3863,129.0
1753535507016,13:11:47.016,B2/USDT:USDT,0.3851,56.0,0.385,185.0,0.3862,55.0,0.3863,129.0
1753535507166,13:11:47.166,B2/USDT:USDT,0.3851,56.0,0.385,185.0,0.3862,55.0,0.3863,129.0
1753535507237,13:11:47.237,B2/USDT:USDT,0.3851,53.0,0.385,185.0,0.3862,55.0,0.3863,129.0
1753535507317,13:11:47.317,B2/USDT:USDT,0.3851,56.0,0.385,185.0,0.3862,55.0,0.3863,129.0
1753535507465,13:11:47.465,B2/USDT:USDT,0.3851,56.0,0.385,185.0,0.3862,55.0,0.3863,129.0
1753535507537,13:11:47.537,B2/USDT:USDT,0.3851,53.0,0.385,185.0,0.3862,55.0,0.3863,129.0
1753535507618,13:11:47.618,B2/USDT:USDT,0.3851,56.0,0.385,185.0,0.3862,55.0,0.3863,129.0
1753535507690,13:11:47.690,B2/USDT:USDT,0.3851,53.0,0.385,185.0,0.3862,55.0,0.3863,129.0
1753535507860,13:11:47.860,B2/USDT:USDT,0.3851,53.0,0.385,185.0,0.3862,55.0,0.3863,129.0
1753535507937,13:11:47.937,B2/USDT:USDT,0.3851,56.0,0.385,185.0,0.3862,55.0,0.3863,129.0
1753535508010,13:11:48.010,B2/USDT:USDT,0.3851,53.0,0.385,185.0,0.3862,55.0,0.3863,129.0
1753535508158,13:11:48.158,B2/USDT:USDT,0.3851,53.0,0.385,185.0,0.3862,55.0,0.3863,129.0
1753535508238,13:11:48.238,B2/USDT:USDT,0.3851,56.0,0.385,185.0,0.3862,55.0,0.3863,129.0
1753535508309,13:11:48.309,B2/USDT:USDT,0.3851,53.0,0.385,185.0,0.3862,55.0,0.3863,129.0
1753535508459,13:11:48.459,B2/USDT:USDT,0.3851,53.0,0.385,185.0,0.3862,55.0,0.3863,129.0
1753535508568,13:11:48.568,B2/USDT:USDT,0.3851,56.0,0.385,185.0,0.3862,55.0,0.3863,79.0
1753535508608,13:11:48.608,B2/USDT:USDT,0.3851,53.0,0.385,185.0,0.3862,55.0,0.3863,79.0
1753535508759,13:11:48.759,B2/USDT:USDT,0.3851,53.0,0.385,185.0,0.3862,55.0,0.3863,79.0
1753535514050,13:11:54.050,B2/USDT:USDT,0.3851,50.0,0.385,185.0,0.3862,55.0,0.3863,79.0
1753535514153,13:11:54.153,B2/USDT:USDT,0.3851,53.0,0.385,185.0,0.3862,55.0,0.3863,79.0
1753535514189,13:11:54.189,B2/USDT:USDT,0.3851,50.0,0.385,185.0,0.3862,55.0,0.3863,79.0
1753535515270,13:11:55.270,B2/USDT:USDT,0.3851,53.0,0.385,185.0,0.3862,55.0,0.3863,79.0
1753535515343,13:11:55.343,B2/USDT:USDT,0.3851,50.0,0.385,185.0,0.3862,55.0,0.3863,79.0
1753535515420,13:11:55.420,B2/USDT:USDT,0.3851,53.0,0.385,185.0,0.3862,55.0,0.3863,79.0
1753535515491,13:11:55.491,B2/USDT:USDT,0.3851,50.0,0.385,185.0,0.3862,55.0,0.3863,79.0
1753535515649,13:11:55.649,B2/USDT:USDT,0.3851,50.0,0.385,185.0,0.3862,55.0,0.3863,79.0
1753535515723,13:11:55.723,B2/USDT:USDT,0.3851,53.0,0.385,185.0,0.3862,55.0,0.3863,79.0
1753535515795,13:11:55.795,B2/USDT:USDT,0.3851,50.0,0.385,185.0,0.3862,55.0,0.3863,79.0
1753535515951,13:11:55.951,B2/USDT:USDT,0.3851,50.0,0.385,185.0,0.3862,55.0,0.3863,79.0
1753535516027,13:11:56.027,B2/USDT:USDT,0.3851,53.0,0.385,185.0,0.3862,55.0,0.3863,79.0
1753535516178,13:11:56.178,B2/USDT:USDT,0.3851,53.0,0.385,185.0,0.3862,55.0,0.3863,79.0
1753535516249,13:11:56.249,B2/USDT:USDT,0.3851,50.0,0.385,185.0,0.3862,55.0,0.3863,79.0
1753535516338,13:11:56.338,B2/USDT:USDT,0.3851,53.0,0.385,185.0,0.3862,55.0,0.3863,79.0
1753535516410,13:11:56.410,B2/USDT:USDT,0.3851,50.0,0.385,185.0,0.3862,55.0,0.3863,79.0
1753535516559,13:11:56.559,B2/USDT:USDT,0.3851,50.0,0.385,185.0,0.3862,55.0,0.3863,79.0
1753535516636,13:11:56.636,B2/USDT:USDT,0.3851,53.0,0.385,185.0,0.3862,55.0,0.3863,79.0
1753535516708,13:11:56.708,B2/USDT:USDT,0.3851,50.0,0.385,185.0,0.3862,55.0,0.3863,79.0
1753535516868,13:11:56.868,B2/USDT:USDT,0.3851,50.0,0.385,185.0,0.3862,55.0,0.3863,79.0
1753535516959,13:11:56.959,B2/USDT:USDT,0.3851,53.0,0.385,185.0,0.3862,55.0,0.3863,79.0
1753535517030,13:11:57.030,B2/USDT:USDT,0.3851,50.0,0.385,185.0,0.3862,55.0,0.3863,79.0
1753535517178,13:11:57.178,B2/USDT:USDT,0.3851,50.0,0.385,185.0,0.3862,55.0,0.3863,79.0
1753535517258,13:11:57.258,B2/USDT:USDT,0.3851,53.0,0.385,185.0,0.3862,55.0,0.3863,79.0
1753535517329,13:11:57.329,B2/USDT:USDT,0.3851,50.0,0.385,185.0,0.3862,55.0,0.3863,79.0
1753535517475,13:11:57.475,B2/USDT:USDT,0.3851,50.0,0.385,185.0,0.3862,55.0,0.3863,79.0
1753535517559,13:11:57.559,B2/USDT:USDT,0.3851,53.0,0.385,185.0,0.3862,55.0,0.3863,79.0
1753535517631,13:11:57.631,B2/USDT:USDT,0.3851,50.0,0.385,185.0,0.3862,55.0,0.3863,79.0
1753535517718,13:11:57.718,B2/USDT:USDT,0.3851,53.0,0.385,185.0,0.3862,55.0,0.3863,79.0
1753535517879,13:11:57.879,B2/USDT:USDT,0.3851,53.0,0.385,185.0,0.3862,55.0,0.3863,79.0
1753535517950,13:11:57.950,B2/USDT:USDT,0.3851,50.0,0.385,185.0,0.3862,55.0,0.3863,79.0
1753535518026,13:11:58.026,B2/USDT:USDT,0.3851,53.0,0.385,185.0,0.3862,55.0,0.3863,79.0
1753535518177,13:11:58.177,B2/USDT:USDT,0.3851,53.0,0.385,185.0,0.3862,55.0,0.3863,79.0
1753535518248,13:11:58.248,B2/USDT:USDT,0.3851,50.0,0.385,185.0,0.3862,55.0,0.3863,79.0
1753535518323,13:11:58.323,B2/USDT:USDT,0.3851,53.0,0.385,185.0,0.3862,55.0,0.3863,79.0
1753535518394,13:11:58.394,B2/USDT:USDT,0.3851,50.0,0.385,185.0,0.3862,55.0,0.3863,79.0
1753535518551,13:11:58.551,B2/USDT:USDT,0.3851,50.0,0.385,185.0,0.3862,55.0,0.3863,79.0
1753535518639,13:11:58.639,B2/USDT:USDT,0.3851,53.0,0.385,185.0,0.3862,55.0,0.3863,79.0
1753535518710,13:11:58.710,B2/USDT:USDT,0.3851,50.0,0.385,185.0,0.3862,55.0,0.3863,79.0
1753535518857,13:11:58.857,B2/USDT:USDT,0.3851,50.0,0.385,185.0,0.3862,55.0,0.3863,79.0
1753535518939,13:11:58.939,B2/USDT:USDT,0.3851,53.0,0.385,185.0,0.3862,55.0,0.3863,79.0
1753535519011,13:11:59.011,B2/USDT:USDT,0.3851,50.0,0.385,185.0,0.3862,55.0,0.3863,79.0
1753535519160,13:11:59.160,B2/USDT:USDT,0.3851,50.0,0.385,185.0,0.3862,55.0,0.3863,79.0
1753535519238,13:11:59.238,B2/USDT:USDT,0.3851,53.0,0.385,185.0,0.3862,55.0,0.3863,79.0
1753535519310,13:11:59.310,B2/USDT:USDT,0.3851,50.0,0.385,185.0,0.3862,55.0,0.3863,79.0
1753535519457,13:11:59.457,B2/USDT:USDT,0.3851,50.0,0.385,185.0,0.3862,55.0,0.3863,79.0
1753535519536,13:11:59.536,B2/USDT:USDT,0.3851,53.0,0.385,185.0,0.3862,55.0,0.3863,79.0
1753535519608,13:11:59.608,B2/USDT:USDT,0.3851,50.0,0.385,185.0,0.3862,55.0,0.3863,79.0
1753535519770,13:11:59.770,B2/USDT:USDT,0.3851,50.0,0.385,185.0,0.3862,55.0,0.3863,79.0
1753535519847,13:11:59.847,B2/USDT:USDT,0.3851,53.0,0.385,185.0,0.3862,55.0,0.3863,79.0
1753535519920,13:11:59.920,B2/USDT:USDT,0.3851,50.0,0.385,185.0,0.3862,55.0,0.3863,79.0
1753535520018,13:12:00.018,B2/USDT:USDT,0.3851,53.0,0.385,185.0,0.3862,55.0,0.3863,79.0
1753535520091,13:12:00.091,B2/USDT:USDT,0.3851,50.0,0.385,185.0,0.3862,55.0,0.3863,79.0
1753535520250,13:12:00.250,B2/USDT:USDT,0.3851,50.0,0.385,185.0,0.3862,55.0,0.3863,79.0
1753535520338,13:12:00.338,B2/USDT:USDT,0.3851,53.0,0.385,185.0,0.3862,55.0,0.3863,79.0
1753535520410,13:12:00.410,B2/USDT:USDT,0.3851,50.0,0.385,185.0,0.3862,55.0,0.3863,79.0
1753535520570,13:12:00.570,B2/USDT:USDT,0.3851,50.0,0.385,185.0,0.3862,55.0,0.3863,79.0
1753535520645,13:12:00.645,B2/USDT:USDT,0.3851,53.0,0.385,185.0,0.3862,55.0,0.3863,79.0
1753535520719,13:12:00.719,B2/USDT:USDT,0.3851,50.0,0.385,185.0,0.3862,55.0,0.3863,79.0
1753535520872,13:12:00.872,B2/USDT:USDT,0.3851,50.0,0.385,185.0,0.3862,55.0,0.3863,79.0
1753535520958,13:12:00.958,B2/USDT:USDT,0.3851,53.0,0.385,185.0,0.3862,55.0,0.3863,79.0
1753535521031,13:12:01.031,B2/USDT:USDT,0.3851,50.0,0.385,185.0,0.3862,55.0,0.3863,79.0
1753535521119,13:12:01.119,B2/USDT:USDT,0.3851,53.0,0.385,185.0,0.3862,55.0,0.3863,79.0
1753535521279,13:12:01.279,B2/USDT:USDT,0.3851,53.0,0.385,185.0,0.3862,55.0,0.3863,79.0
1753535521353,13:12:01.353,B2/USDT:USDT,0.3851,50.0,0.385,185.0,0.3862,55.0,0.3863,79.0
1753535521438,13:12:01.438,B2/USDT:USDT,0.3851,53.0,0.385,185.0,0.3862,55.0,0.3863,79.0
1753535521513,13:12:01.513,B2/USDT:USDT,0.3851,50.0,0.385,185.0,0.3862,55.0,0.3863,79.0
1753535521673,13:12:01.673,B2/USDT:USDT,0.3851,50.0,0.385,185.0,0.3862,55.0,0.3863,79.0
1753535521758,13:12:01.758,B2/USDT:USDT,0.3851,53.0,0.385,185.0,0.3862,55.0,0.3863,79.0
1753535521832,13:12:01.832,B2/USDT:USDT,0.3851,50.0,0.385,185.0,0.3862,55.0,0.3863,79.0
1753535522044,13:12:02.044,B2/USDT:USDT,0.3851,53.0,0.385,185.0,0.3862,55.0,0.3863,79.0
1753535522116,13:12:02.116,B2/USDT:USDT,0.3851,50.0,0.385,185.0,0.3862,55.0,0.3863,79.0
1753535522355,13:12:02.355,B2/USDT:USDT,0.3851,50.0,0.385,185.0,0.3862,55.0,0.3863,79.0
1753535522516,13:12:02.516,B2/USDT:USDT,0.3851,53.0,0.385,185.0,0.3862,55.0,0.3863,79.0
1753535522678,13:12:02.678,B2/USDT:USDT,0.3851,53.0,0.385,185.0,0.3862,55.0,0.3863,79.0
1753535522749,13:12:02.749,B2/USDT:USDT,0.3851,50.0,0.385,185.0,0.3862,55.0,0.3863,79.0
1753535522824,13:12:02.824,B2/USDT:USDT,0.3851,53.0,0.385,185.0,0.3862,55.0,0.3863,79.0
1753535522895,13:12:02.895,B2/USDT:USDT,0.3851,50.0,0.385,185.0,0.3862,55.0,0.3863,79.0
1753535523050,13:12:03.050,B2/USDT:USDT,0.3851,50.0,0.385,185.0,0.3862,55.0,0.3863,79.0
1753535523138,13:12:03.138,B2/USDT:USDT,0.3851,53.0,0.385,185.0,0.3862,55.0,0.3863,79.0
1753535523212,13:12:03.212,B2/USDT:USDT,0.3851,50.0,0.385,185.0,0.3862,55.0,0.3863,79.0
1753535523371,13:12:03.371,B2/USDT:USDT,0.3851,50.0,0.385,185.0,0.3862,55.0,0.3863,79.0
1753535523458,13:12:03.458,B2/USDT:USDT,0.3851,53.0,0.385,185.0,0.3862,55.0,0.3863,79.0
1753535523530,13:12:03.530,B2/USDT:USDT,0.3851,50.0,0.385,185.0,0.3862,55.0,0.3863,79.0
1753535523617,13:12:03.617,B2/USDT:USDT,0.3851,53.0,0.385,185.0,0.3862,55.0,0.3863,79.0
1753535523777,13:12:03.777,B2/USDT:USDT,0.3851,53.0,0.385,185.0,0.3862,55.0,0.3863,79.0
1753535523849,13:12:03.849,B2/USDT:USDT,0.3851,50.0,0.385,185.0,0.3862,55.0,0.3863,79.0
1753535523924,13:12:03.924,B2/USDT:USDT,0.3851,53.0,0.385,185.0,0.3862,55.0,0.3863,79.0
1753535523996,13:12:03.996,B2/USDT:USDT,0.3851,50.0,0.385,185.0,0.3862,55.0,0.3863,79.0
1753535524150,13:12:04.150,B2/USDT:USDT,0.3851,50.0,0.385,185.0,0.3862,55.0,0.3863,79.0
1753535524227,13:12:04.227,B2/USDT:USDT,0.3851,53.0,0.385,185.0,0.3862,55.0,0.3863,79.0
1753535524378,13:12:04.378,B2/USDT:USDT,0.3851,53.0,0.385,185.0,0.3862,55.0,0.3863,79.0
1753535524449,13:12:04.449,B2/USDT:USDT,0.3851,50.0,0.385,185.0,0.3862,55.0,0.3863,79.0
1753535524537,13:12:04.537,B2/USDT:USDT,0.3851,53.0,0.385,185.0,0.3862,55.0,0.3863,79.0
1753535524608,13:12:04.608,B2/USDT:USDT,0.3851,50.0,0.385,185.0,0.3862,55.0,0.3863,79.0
1753535524770,13:12:04.770,B2/USDT:USDT,0.3851,50.0,0.385,185.0,0.3862,55.0,0.3863,79.0
1753535524859,13:12:04.859,B2/USDT:USDT,0.3851,53.0,0.385,185.0,0.3862,55.0,0.3863,79.0
1753535524931,13:12:04.931,B2/USDT:USDT,0.3851,50.0,0.385,185.0,0.3862,55.0,0.3863,79.0
1753535525078,13:12:05.078,B2/USDT:USDT,0.3851,50.0,0.385,185.0,0.3862,55.0,0.3863,79.0
1753535525161,13:12:05.161,B2/USDT:USDT,0.3851,53.0,0.385,185.0,0.3862,55.0,0.3863,79.0
1753535525233,13:12:05.233,B2/USDT:USDT,0.3851,50.0,0.385,185.0,0.3862,55.0,0.3863,79.0
1753535525316,13:12:05.316,B2/USDT:USDT,0.3851,53.0,0.385,185.0,0.3862,55.0,0.3863,79.0
1753535525478,13:12:05.478,B2/USDT:USDT,0.3851,53.0,0.385,185.0,0.3862,55.0,0.3863,79.0
1753535525550,13:12:05.550,B2/USDT:USDT,0.3851,50.0,0.385,185.0,0.3862,55.0,0.3863,79.0
1753535525643,13:12:05.643,B2/USDT:USDT,0.3851,53.0,0.385,185.0,0.3862,55.0,0.3863,79.0
1753535525715,13:12:05.715,B2/USDT:USDT,0.3851,50.0,0.385,185.0,0.3862,55.0,0.3863,79.0
1753535525955,13:12:05.955,B2/USDT:USDT,0.3851,50.0,0.385,185.0,0.3862,55.0,0.3863,79.0
1753535526063,13:12:06.063,B2/USDT:USDT,0.3851,53.0,0.385,185.0,0.3862,55.0,0.3863,79.0
1753535526136,13:12:06.136,B2/USDT:USDT,0.3851,50.0,0.385,185.0,0.3862,55.0,0.3863,79.0
1753535526219,13:12:06.219,B2/USDT:USDT,0.3851,53.0,0.385,185.0,0.3862,55.0,0.3863,79.0
1753535526377,13:12:06.377,B2/USDT:USDT,0.3851,53.0,0.385,185.0,0.3862,55.0,0.3863,79.0
1753535526452,13:12:06.452,B2/USDT:USDT,0.3851,50.0,0.385,185.0,0.3862,55.0,0.3863,79.0
1753535526539,13:12:06.539,B2/USDT:USDT,0.3851,53.0,0.385,185.0,0.3862,55.0,0.3863,79.0
1753535526612,13:12:06.612,B2/USDT:USDT,0.3851,50.0,0.385,185.0,0.3862,55.0,0.3863,79.0
1753535526764,13:12:06.764,B2/USDT:USDT,0.3851,50.0,0.385,185.0,0.3862,55.0,0.3863,79.0
1753535526840,13:12:06.840,B2/USDT:USDT,0.3851,53.0,0.385,185.0,0.3862,55.0,0.3863,79.0
1753535526911,13:12:06.911,B2/USDT:USDT,0.3851,50.0,0.385,185.0,0.3862,55.0,0.3863,79.0
1753535527070,13:12:07.070,B2/USDT:USDT,0.3851,50.0,0.385,185.0,0.3862,55.0,0.3863,79.0
1753535527160,13:12:07.160,B2/USDT:USDT,0.3851,53.0,0.385,185.0,0.3862,55.0,0.3863,79.0
1753535527234,13:12:07.234,B2/USDT:USDT,0.3851,50.0,0.385,185.0,0.3862,55.0,0.3863,79.0
1753535527327,13:12:07.327,B2/USDT:USDT,0.3851,53.0,0.385,185.0,0.3862,55.0,0.3863,79.0
1753535527606,13:12:07.606,B2/USDT:USDT,0.3851,50.0,0.385,185.0,0.3862,55.0,0.3863,79.0
1753535527756,13:12:07.756,B2/USDT:USDT,0.3851,50.0,0.385,185.0,0.3862,55.0,0.3863,79.0
1753535527836,13:12:07.836,B2/USDT:USDT,0.3851,53.0,0.385,185.0,0.3862,55.0,0.3863,79.0
1753535527908,13:12:07.908,B2/USDT:USDT,0.3851,50.0,0.385,185.0,0.3862,55.0,0.3863,79.0
1753535528056,13:12:08.056,B2/USDT:USDT,0.3851,50.0,0.385,185.0,0.3862,55.0,0.3863,79.0
1753535528139,13:12:08.139,B2/USDT:USDT,0.3851,53.0,0.385,185.0,0.3862,55.0,0.3863,79.0
1753535528210,13:12:08.210,B2/USDT:USDT,0.3851,50.0,0.385,185.0,0.3862,55.0,0.3863,79.0
1753535528369,13:12:08.369,B2/USDT:USDT,0.3851,50.0,0.385,185.0,0.3862,55.0,0.3863,79.0
1753535528460,13:12:08.460,B2/USDT:USDT,0.3851,53.0,0.385,185.0,0.3862,55.0,0.3863,79.0
1753535528532,13:12:08.532,B2/USDT:USDT,0.3851,50.0,0.385,185.0,0.3862,55.0,0.3863,79.0
1753535528617,13:12:08.617,B2/USDT:USDT,0.3851,53.0,0.385,185.0,0.3862,55.0,0.3863,79.0
1753535528765,13:12:08.765,B2/USDT:USDT,0.3851,53.0,0.385,185.0,0.3862,55.0,0.3863,79.0
1753535528836,13:12:08.836,B2/USDT:USDT,0.3851,50.0,0.385,185.0,0.3862,55.0,0.3863,79.0
1753535528917,13:12:08.917,B2/USDT:USDT,0.3851,53.0,0.385,185.0,0.3862,55.0,0.3863,79.0
1753535529065,13:12:09.065,B2/USDT:USDT,0.3851,53.0,0.385,185.0,0.3862,55.0,0.3863,79.0
1753535529136,13:12:09.136,B2/USDT:USDT,0.3851,50.0,0.385,185.0,0.3862,55.0,0.3863,79.0
1753535529218,13:12:09.218,B2/USDT:USDT,0.3851,53.0,0.385,185.0,0.3862,55.0,0.3863,79.0
1753535529366,13:12:09.366,B2/USDT:USDT,0.3851,53.0,0.385,185.0,0.3862,55.0,0.3863,79.0
1753535529441,13:12:09.441,B2/USDT:USDT,0.3851,50.0,0.385,185.0,0.3862,55.0,0.3863,79.0
1753535529518,13:12:09.518,B2/USDT:USDT,0.3851,53.0,0.385,185.0,0.3862,55.0,0.3863,79.0
1753535529666,13:12:09.666,B2/USDT:USDT,0.3851,53.0,0.385,185.0,0.3862,55.0,0.3863,79.0
1753535529738,13:12:09.738,B2/USDT:USDT,0.3851,50.0,0.385,185.0,0.3862,55.0,0.3863,79.0
1753535529838,13:12:09.838,B2/USDT:USDT,0.3851,53.0,0.385,185.0,0.3862,55.0,0.3863,79.0
1753535529910,13:12:09.910,B2/USDT:USDT,0.3851,50.0,0.385,185.0,0.3862,55.0,0.3863,79.0
1753535530059,13:12:10.059,B2/USDT:USDT,0.3851,53.0,0.385,185.0,0.3862,55.0,0.3863,79.0
1753535530131,13:12:10.131,B2/USDT:USDT,0.3851,50.0,0.385,185.0,0.3862,55.0,0.3863,79.0
1753535530220,13:12:10.220,B2/USDT:USDT,0.3851,53.0,0.385,185.0,0.3862,55.0,0.3863,79.0
1753535530376,13:12:10.376,B2/USDT:USDT,0.3851,53.0,0.385,185.0,0.3862,55.0,0.3863,79.0
1753535530448,13:12:10.448,B2/USDT:USDT,0.3851,50.0,0.385,185.0,0.3862,55.0,0.3863,79.0
1753535530525,13:12:10.525,B2/USDT:USDT,0.3851,53.0,0.385,185.0,0.3862,55.0,0.3863,79.0
1753535530677,13:12:10.677,B2/USDT:USDT,0.3851,53.0,0.385,185.0,0.3862,55.0,0.3863,79.0
1753535530749,13:12:10.749,B2/USDT:USDT,0.3851,50.0,0.385,185.0,0.3862,55.0,0.3863,79.0
1753535530825,13:12:10.825,B2/USDT:USDT,0.3851,53.0,0.385,185.0,0.3862,55.0,0.3863,79.0
1753535530976,13:12:10.976,B2/USDT:USDT,0.3851,53.0,0.385,185.0,0.3862,55.0,0.3863,79.0
1753535531048,13:12:11.048,B2/USDT:USDT,0.3851,50.0,0.385,185.0,0.3862,55.0,0.3863,79.0
1753535531122,13:12:11.122,B2/USDT:USDT,0.3851,53.0,0.385,185.0,0.3862,55.0,0.3863,79.0
1753535531277,13:12:11.277,B2/USDT:USDT,0.3851,53.0,0.385,185.0,0.3862,55.0,0.3863,79.0
1753535531349,13:12:11.349,B2/USDT:USDT,0.3851,50.0,0.385,185.0,0.3862,55.0,0.3863,79.0
1753535531424,13:12:11.424,B2/USDT:USDT,0.3851,53.0,0.385,185.0,0.3862,55.0,0.3863,79.0
1753535531577,13:12:11.577,B2/USDT:USDT,0.3851,53.0,0.385,185.0,0.3862,55.0,0.3863,79.0
1753535531649,13:12:11.649,B2/USDT:USDT,0.3851,50.0,0.385,185.0,0.3862,55.0,0.3863,79.0
1753535531739,13:12:11.739,B2/USDT:USDT,0.3851,53.0,0.385,185.0,0.3862,55.0,0.3863,79.0
1753535531810,13:12:11.810,B2/USDT:USDT,0.3851,50.0,0.385,185.0,0.3862,55.0,0.3863,79.0
1753535531916,13:12:11.916,B2/USDT:USDT,0.3851,53.0,0.385,185.0,0.3862,55.0,0.3863,79.0
1753535531987,13:12:11.987,B2/USDT:USDT,0.3851,50.0,0.385,185.0,0.3862,55.0,0.3863,79.0
1753535532152,13:12:12.152,B2/USDT:USDT,0.3851,50.0,0.385,185.0,0.3862,55.0,0.3863,79.0
1753535532238,13:12:12.238,B2/USDT:USDT,0.3851,53.0,0.385,185.0,0.3862,55.0,0.3863,79.0
1753535532309,13:12:12.309,B2/USDT:USDT,0.3851,50.0,0.385,185.0,0.3862,55.0,0.3863,79.0
1753535532457,13:12:12.457,B2/USDT:USDT,0.3851,50.0,0.385,185.0,0.3862,55.0,0.3863,79.0
1753535532536,13:12:12.536,B2/USDT:USDT,0.3851,53.0,0.385,185.0,0.3862,55.0,0.3863,79.0
1753535532608,13:12:12.608,B2/USDT:USDT,0.3851,50.0,0.385,185.0,0.3862,55.0,0.3863,79.0
1753535532757,13:12:12.757,B2/USDT:USDT,0.3851,50.0,0.385,185.0,0.3862,55.0,0.3863,79.0
1753535532837,13:12:12.837,B2/USDT:USDT,0.3851,53.0,0.385,185.0,0.3862,55.0,0.3863,79.0
1753535532909,13:12:12.909,B2/USDT:USDT,0.3851,50.0,0.385,185.0,0.3862,55.0,0.3863,79.0
1753535533058,13:12:13.058,B2/USDT:USDT,0.3851,50.0,0.385,185.0,0.3862,55.0,0.3863,79.0
1753535533138,13:12:13.138,B2/USDT:USDT,0.3851,53.0,0.385,185.0,0.3862,55.0,0.3863,79.0
1753535533212,13:12:13.212,B2/USDT:USDT,0.3851,50.0,0.385,185.0,0.3862,55.0,0.3863,79.0
1753535533369,13:12:13.369,B2/USDT:USDT,0.3851,50.0,0.385,185.0,0.3862,55.0,0.3863,79.0
1753535533461,13:12:13.461,B2/USDT:USDT,0.3851,53.0,0.385,185.0,0.3862,55.0,0.3863,79.0
1753535533532,13:12:13.532,B2/USDT:USDT,0.3851,50.0,0.385,185.0,0.3862,55.0,0.3863,79.0
1753535533618,13:12:13.618,B2/USDT:USDT,0.3851,53.0,0.385,185.0,0.3862,55.0,0.3863,79.0
1753535533777,13:12:13.777,B2/USDT:USDT,0.3851,53.0,0.385,185.0,0.3862,55.0,0.3863,79.0
1753535533850,13:12:13.850,B2/USDT:USDT,0.3851,50.0,0.385,185.0,0.3862,55.0,0.3863,79.0
1753535533937,13:12:13.937,B2/USDT:USDT,0.3851,53.0,0.385,185.0,0.3862,55.0,0.3863,79.0
1753535534009,13:12:14.009,B2/USDT:USDT,0.3851,50.0,0.385,185.0,0.3862,55.0,0.3863,79.0
1753535534156,13:12:14.156,B2/USDT:USDT,0.3851,50.0,0.385,185.0,0.3862,55.0,0.3863,79.0
1753535534239,13:12:14.239,B2/USDT:USDT,0.3851,53.0,0.385,185.0,0.3862,55.0,0.3863,79.0
1753535534311,13:12:14.311,B2/USDT:USDT,0.3851,50.0,0.385,185.0,0.3862,55.0,0.3863,79.0
1753535534458,13:12:14.458,B2/USDT:USDT,0.3851,50.0,0.385,185.0,0.3862,55.0,0.3863,79.0
1753535534538,13:12:14.538,B2/USDT:USDT,0.3851,53.0,0.385,185.0,0.3862,55.0,0.3863,79.0
1753535534612,13:12:14.612,B2/USDT:USDT,0.3851,50.0,0.385,185.0,0.3862,55.0,0.3863,79.0
1753535534769,13:12:14.769,B2/USDT:USDT,0.3851,50.0,0.385,185.0,0.3862,55.0,0.3863,79.0
1753535534845,13:12:14.845,B2/USDT:USDT,0.3851,53.0,0.385,185.0,0.3862,55.0,0.3863,79.0
1753535534917,13:12:14.917,B2/USDT:USDT,0.3851,50.0,0.385,185.0,0.3862,55.0,0.3863,79.0
1753535535069,13:12:15.069,B2/USDT:USDT,0.3851,50.0,0.385,185.0,0.3862,55.0,0.3863,79.0
1753535535144,13:12:15.144,B2/USDT:USDT,0.3851,53.0,0.385,185.0,0.3862,55.0,0.3863,79.0
1753535535216,13:12:15.216,B2/USDT:USDT,0.3851,50.0,0.385,185.0,0.3862,55.0,0.3863,79.0
1753535535371,13:12:15.371,B2/USDT:USDT,0.3851,50.0,0.385,185.0,0.3862,55.0,0.3863,79.0
1753535535445,13:12:15.445,B2/USDT:USDT,0.3851,53.0,0.385,185.0,0.3862,55.0,0.3863,79.0
1753535535517,13:12:15.517,B2/USDT:USDT,0.3851,50.0,0.385,185.0,0.3862,55.0,0.3863,79.0
1753535535670,13:12:15.670,B2/USDT:USDT,0.3851,50.0,0.385,185.0,0.3862,55.0,0.3863,79.0
1753535535759,13:12:15.759,B2/USDT:USDT,0.3851,53.0,0.385,185.0,0.3862,55.0,0.3863,79.0
1753535535830,13:12:15.830,B2/USDT:USDT,0.3851,50.0,0.385,185.0,0.3862,55.0,0.3863,79.0
1753535535918,13:12:15.918,B2/USDT:USDT,0.3851,53.0,0.385,185.0,0.3862,55.0,0.3863,79.0
1753535536064,13:12:16.064,B2/USDT:USDT,0.3851,53.0,0.385,185.0,0.3862,55.0,0.3863,79.0
1753535536136,13:12:16.136,B2/USDT:USDT,0.3851,50.0,0.385,185.0,0.3862,55.0,0.3863,79.0
1753535536218,13:12:16.218,B2/USDT:USDT,0.3851,53.0,0.385,185.0,0.3862,55.0,0.3863,79.0
1753535536365,13:12:16.365,B2/USDT:USDT,0.3851,53.0,0.385,185.0,0.3862,55.0,0.3863,79.0
1753535536437,13:12:16.437,B2/USDT:USDT,0.3851,50.0,0.385,185.0,0.3862,55.0,0.3863,79.0
1753535536518,13:12:16.518,B2/USDT:USDT,0.3851,53.0,0.385,185.0,0.3862,55.0,0.3863,79.0
1753535536590,13:12:16.590,B2/USDT:USDT,0.3851,50.0,0.385,185.0,0.3862,55.0,0.3863,79.0
1753535536751,13:12:16.751,B2/USDT:USDT,0.3851,50.0,0.385,185.0,0.3862,55.0,0.3863,79.0
1753535536824,13:12:16.824,B2/USDT:USDT,0.3851,56.0,0.385,185.0,0.3862,55.0,0.3863,79.0
1753535536977,13:12:16.977,B2/USDT:USDT,0.3851,56.0,0.385,185.0,0.3862,55.0,0.3863,79.0
1753535537049,13:12:17.049,B2/USDT:USDT,0.3851,53.0,0.385,185.0,0.3862,55.0,0.3863,79.0
1753535537124,13:12:17.124,B2/USDT:USDT,0.3851,56.0,0.385,185.0,0.3862,55.0,0.3863,79.0
1753535537278,13:12:17.278,B2/USDT:USDT,0.3851,56.0,0.385,185.0,0.3862,55.0,0.3863,79.0
1753535537350,13:12:17.350,B2/USDT:USDT,0.3851,53.0,0.385,185.0,0.3862,55.0,0.3863,79.0
1753535537461,13:12:17.461,B2/USDT:USDT,0.3851,56.0,0.385,185.0,0.3862,55.0,0.3863,79.0
1753535537533,13:12:17.533,B2/USDT:USDT,0.3851,53.0,0.385,185.0,0.3862,55.0,0.3863,79.0
1753535537618,13:12:17.618,B2/USDT:USDT,0.3851,56.0,0.385,185.0,0.3862,55.0,0.3863,79.0
1753535537764,13:12:17.764,B2/USDT:USDT,0.3851,56.0,0.385,185.0,0.3862,55.0,0.3863,79.0
1753535537835,13:12:17.835,B2/USDT:USDT,0.3851,53.0,0.385,185.0,0.3862,55.0,0.3863,79.0
1753535537918,13:12:17.918,B2/USDT:USDT,0.3851,56.0,0.385,185.0,0.3862,55.0,0.3863,79.0
1753535538067,13:12:18.067,B2/USDT:USDT,0.3851,56.0,0.385,185.0,0.3862,55.0,0.3863,79.0
1753535538141,13:12:18.141,B2/USDT:USDT,0.3851,53.0,0.385,185.0,0.3862,55.0,0.3863,79.0
1753535538217,13:12:18.217,B2/USDT:USDT,0.3851,56.0,0.385,185.0,0.3862,55.0,0.3863,79.0
1753535538364,13:12:18.364,B2/USDT:USDT,0.3851,56.0,0.385,185.0,0.3862,55.0,0.3863,79.0
1753535538436,13:12:18.436,B2/USDT:USDT,0.3851,53.0,0.385,185.0,0.3862,55.0,0.3863,79.0
1753535538519,13:12:18.519,B2/USDT:USDT,0.3851,56.0,0.385,185.0,0.3862,55.0,0.3863,79.0
1753535538680,13:12:18.680,B2/USDT:USDT,0.3851,56.0,0.385,185.0,0.3862,55.0,0.3863,79.0
1753535538751,13:12:18.751,B2/USDT:USDT,0.3851,53.0,0.385,185.0,0.3862,55.0,0.3863,79.0
1753535538837,13:12:18.837,B2/USDT:USDT,0.3851,56.0,0.385,185.0,0.3862,55.0,0.3863,79.0
1753535538908,13:12:18.908,B2/USDT:USDT,0.3851,53.0,0.385,185.0,0.3862,55.0,0.3863,79.0
1753535539056,13:12:19.056,B2/USDT:USDT,0.3851,53.0,0.385,185.0,0.3862,55.0,0.3863,79.0
1753535539137,13:12:19.137,B2/USDT:USDT,0.3851,56.0,0.385,185.0,0.3862,55.0,0.3863,79.0
1753535539209,13:12:19.209,B2/USDT:USDT,0.3851,53.0,0.385,185.0,0.3862,55.0,0.3863,79.0
1753535539356,13:12:19.356,B2/USDT:USDT,0.3851,53.0,0.385,185.0,0.3862,55.0,0.3863,79.0
1753535539438,13:12:19.438,B2/USDT:USDT,0.3851,56.0,0.385,185.0,0.3862,55.0,0.3863,79.0
1753535539511,13:12:19.511,B2/USDT:USDT,0.3851,53.0,0.385,185.0,0.3862,55.0,0.3863,79.0
1753535539603,13:12:19.603,B2/USDT:USDT,0.3851,56.0,0.385,185.0,0.3862,55.0,0.3863,79.0
1753535539680,13:12:19.680,B2/USDT:USDT,0.3851,53.0,0.385,185.0,0.3862,55.0,0.3863,79.0
1753535539837,13:12:19.837,B2/USDT:USDT,0.3851,56.0,0.385,185.0,0.3862,55.0,0.3863,79.0
1753535539908,13:12:19.908,B2/USDT:USDT,0.3851,53.0,0.385,185.0,0.3862,55.0,0.3863,79.0
1753535540067,13:12:20.067,B2/USDT:USDT,0.3851,53.0,0.385,185.0,0.3862,55.0,0.3863,79.0
1753535540142,13:12:20.142,B2/USDT:USDT,0.3851,56.0,0.385,185.0,0.3862,55.0,0.3863,79.0
1753535540214,13:12:20.214,B2/USDT:USDT,0.3851,53.0,0.385,185.0,0.3862,55.0,0.3863,79.0
1753535540369,13:12:20.369,B2/USDT:USDT,0.3851,53.0,0.385,185.0,0.3862,55.0,0.3863,79.0
1753535540459,13:12:20.459,B2/USDT:USDT,0.3851,56.0,0.385,185.0,0.3862,55.0,0.3863,79.0
1753535540531,13:12:20.531,B2/USDT:USDT,0.3851,53.0,0.385,185.0,0.3862,55.0,0.3863,79.0
1753535540606,13:12:20.606,B2/USDT:USDT,0.3851,56.0,0.385,185.0,0.3862,55.0,0.3863,79.0
1753535540758,13:12:20.758,B2/USDT:USDT,0.3851,56.0,0.385,185.0,0.3862,55.0,0.3863,79.0
1753535540830,13:12:20.830,B2/USDT:USDT,0.3851,53.0,0.385,185.0,0.3862,55.0,0.3863,79.0
1753535540917,13:12:20.917,B2/USDT:USDT,0.3851,56.0,0.385,185.0,0.3862,55.0,0.3863,79.0
1753535541064,13:12:21.064,B2/USDT:USDT,0.3851,56.0,0.385,185.0,0.3862,55.0,0.3863,79.0
1753535541136,13:12:21.136,B2/USDT:USDT,0.3851,53.0,0.385,185.0,0.3862,55.0,0.3863,79.0
1753535541218,13:12:21.218,B2/USDT:USDT,0.3851,56.0,0.385,185.0,0.3862,55.0,0.3863,79.0
1753535541377,13:12:21.377,B2/USDT:USDT,0.3851,56.0,0.385,185.0,0.3862,55.0,0.3863,79.0
1753535541451,13:12:21.451,B2/USDT:USDT,0.3851,53.0,0.385,185.0,0.3862,55.0,0.3863,79.0
1753535541536,13:12:21.536,B2/USDT:USDT,0.3851,56.0,0.385,185.0,0.3862,55.0,0.3863,79.0
1753535541608,13:12:21.608,B2/USDT:USDT,0.3851,53.0,0.385,185.0,0.3862,55.0,0.3863,79.0
1753535541755,13:12:21.755,B2/USDT:USDT,0.3851,53.0,0.385,185.0,0.3862,55.0,0.3863,79.0
1753535541877,13:12:21.877,B2/USDT:USDT,0.3851,56.0,0.385,185.0,0.3862,55.0,0.3863,79.0
1753535541950,13:12:21.950,B2/USDT:USDT,0.3851,53.0,0.385,185.0,0.3862,55.0,0.3863,79.0
1753535542037,13:12:22.037,B2/USDT:USDT,0.3851,56.0,0.385,185.0,0.3862,55.0,0.3863,79.0
1753535542109,13:12:22.109,B2/USDT:USDT,0.3851,53.0,0.385,185.0,0.3862,55.0,0.3863,79.0
1753535542275,13:12:22.275,B2/USDT:USDT,0.3851,53.0,0.385,185.0,0.3862,55.0,0.3863,79.0
1753535542359,13:12:22.359,B2/USDT:USDT,0.3851,56.0,0.385,185.0,0.3862,55.0,0.3863,79.0
