timestamp,time,symbol,bid1_price,bid1_volume,bid2_price,bid2_volume,ask1_price,ask1_volume,ask2_price,ask2_volume
1753533019000,12:30:19.000,DMC/USDT:USDT,0.004316,751.0,0.004315,22.0,0.004325,1.0,0.004326,345.0
1753533020084,12:30:20.084,DMC/USDT:USDT,0.004316,751.0,0.004315,22.0,0.004325,1.0,0.004326,345.0
1753533021325,12:30:21.325,DMC/USDT:USDT,0.004316,751.0,0.004315,22.0,0.004325,1.0,0.004326,345.0
1753533021583,12:30:21.583,DMC/USDT:USDT,0.004316,751.0,0.004315,22.0,0.004325,1.0,0.004326,345.0
1753533021712,12:30:21.712,DMC/USDT:USDT,0.004316,751.0,0.004315,22.0,0.004325,1.0,0.004326,345.0
1753533022128,12:30:22.128,DMC/USDT:USDT,0.004316,751.0,0.004315,22.0,0.004325,1.0,0.004326,345.0
1753533022826,12:30:22.826,DMC/USDT:USDT,0.004316,751.0,0.004315,22.0,0.004325,1.0,0.004326,345.0
1753533024028,12:30:24.028,DMC/USDT:USDT,0.004316,751.0,0.004315,22.0,0.004325,1.0,0.004326,345.0
1753533024163,12:30:24.163,DMC/USDT:USDT,0.004316,751.0,0.004315,22.0,0.004325,1.0,0.004326,345.0
1753533025005,12:30:25.005,DMC/USDT:USDT,0.004316,751.0,0.004315,22.0,0.004325,1.0,0.004326,345.0
1753533026383,12:30:26.383,DMC/USDT:USDT,0.004316,751.0,0.004315,22.0,0.004325,1.0,0.004326,345.0
1753533030023,12:30:30.023,DMC/USDT:USDT,0.004316,751.0,0.004315,22.0,0.004325,1.0,0.004326,345.0
1753533031183,12:30:31.183,DMC/USDT:USDT,0.004316,751.0,0.004315,22.0,0.004325,1.0,0.004326,345.0
1753533032556,12:30:32.556,DMC/USDT:USDT,0.004316,751.0,0.004315,22.0,0.004325,1.0,0.004327,695.0
1753533032641,12:30:32.641,DMC/USDT:USDT,0.004316,751.0,0.004315,22.0,0.004326,1.0,0.004327,695.0
1753533033072,12:30:33.072,DMC/USDT:USDT,0.004316,751.0,0.004315,22.0,0.004323,351.0,0.004326,1.0
1753533033149,12:30:33.149,DMC/USDT:USDT,0.004316,751.0,0.004315,22.0,0.004322,1.0,0.004323,351.0
1753533033537,12:30:33.537,DMC/USDT:USDT,0.004316,751.0,0.004315,22.0,0.004322,1.0,0.004323,351.0
1753533033726,12:30:33.726,DMC/USDT:USDT,0.004316,751.0,0.004315,22.0,0.004322,1.0,0.004323,351.0
1753533033977,12:30:33.977,DMC/USDT:USDT,0.004316,751.0,0.004315,22.0,0.004322,1.0,0.004323,351.0
1753533034994,12:30:34.994,DMC/USDT:USDT,0.004316,751.0,0.004315,22.0,0.004322,1.0,0.004323,351.0
1753533035983,12:30:35.983,DMC/USDT:USDT,0.004316,751.0,0.004315,22.0,0.004322,1.0,0.004323,351.0
1753533037191,12:30:37.191,DMC/USDT:USDT,0.004316,751.0,0.004315,22.0,0.004327,1.0,0.004328,2583.0
1753533037244,12:30:37.244,DMC/USDT:USDT,0.004317,1.0,0.004316,751.0,0.004327,1.0,0.004328,2583.0
1753533037481,12:30:37.481,DMC/USDT:USDT,0.004317,1.0,0.004316,751.0,0.004327,1.0,0.004328,2583.0
1753533037630,12:30:37.630,DMC/USDT:USDT,0.004317,1.0,0.004316,2.0,0.004327,1.0,0.004328,2583.0
1753533037641,12:30:37.641,DMC/USDT:USDT,0.004314,3.0,0.004313,1374.0,0.004327,1.0,0.004328,2583.0
1753533038046,12:30:38.046,DMC/USDT:USDT,0.004314,3.0,0.004313,1374.0,0.004327,1.0,0.004328,2583.0
1753533038163,12:30:38.163,DMC/USDT:USDT,0.004314,3.0,0.004313,1374.0,0.004327,1.0,0.004328,2583.0
1753533038291,12:30:38.291,DMC/USDT:USDT,0.004314,752.0,0.004313,1374.0,0.004327,1.0,0.004328,2583.0
1753533038480,12:30:38.480,DMC/USDT:USDT,0.004314,752.0,0.004313,1374.0,0.004327,1.0,0.004328,2583.0
1753533038815,12:30:38.815,DMC/USDT:USDT,0.004314,752.0,0.004313,1374.0,0.004327,1.0,0.004328,3957.0
1753533038921,12:30:38.921,DMC/USDT:USDT,0.004314,752.0,0.004313,1374.0,0.004327,1.0,0.004328,3957.0
1753533038940,12:30:38.940,DMC/USDT:USDT,0.004314,752.0,0.004313,1374.0,0.004326,346.0,0.004327,1.0
1753533040783,12:30:40.783,DMC/USDT:USDT,0.004314,752.0,0.004313,1374.0,0.004326,346.0,0.004327,1.0
1753533043720,12:30:43.720,DMC/USDT:USDT,0.004318,694.0,0.004317,1374.0,0.004327,1.0,0.004334,694.0
1753533043832,12:30:43.832,DMC/USDT:USDT,0.004319,77.0,0.004318,694.0,0.004327,1.0,0.004334,694.0
1753533043901,12:30:43.901,DMC/USDT:USDT,0.004319,77.0,0.004318,694.0,0.004327,1.0,0.004334,694.0
1753533043940,12:30:43.940,DMC/USDT:USDT,0.004319,155.0,0.004318,694.0,0.004327,1.0,0.004334,694.0
1753533044205,12:30:44.205,DMC/USDT:USDT,0.004319,155.0,0.004318,694.0,0.004327,1.0,0.004334,694.0
1753533044329,12:30:44.329,DMC/USDT:USDT,0.004324,2068.0,0.004321,1374.0,0.004338,348.0,0.004341,230.0
1753533044432,12:30:44.432,DMC/USDT:USDT,0.004325,3.0,0.004321,1374.0,0.004336,1.0,0.004338,348.0
1753533044489,12:30:44.489,DMC/USDT:USDT,0.004324,749.0,0.004322,3.0,0.004336,1.0,0.004338,348.0
1753533044613,12:30:44.613,DMC/USDT:USDT,0.004325,697.0,0.004324,749.0,0.004336,1.0,0.004338,348.0
1753533044704,12:30:44.704,DMC/USDT:USDT,0.004325,697.0,0.004324,749.0,0.004336,1.0,0.004338,348.0
1753533044930,12:30:44.930,DMC/USDT:USDT,0.004325,3.0,0.004321,1374.0,0.004336,1.0,0.004338,348.0
1753533044972,12:30:44.972,DMC/USDT:USDT,0.004324,694.0,0.004322,3.0,0.004336,1.0,0.004338,348.0
1753533045082,12:30:45.082,DMC/USDT:USDT,0.004325,13.0,0.004321,1374.0,0.004336,11.0,0.004338,348.0
1753533045227,12:30:45.227,DMC/USDT:USDT,0.004325,10.0,0.004322,3.0,0.004336,11.0,0.004338,348.0
1753533045288,12:30:45.288,DMC/USDT:USDT,0.004325,10.0,0.004322,3.0,0.004336,11.0,0.004338,348.0
1753533045517,12:30:45.517,DMC/USDT:USDT,0.004325,759.0,0.004322,3.0,0.004336,11.0,0.004338,348.0
1753533045557,12:30:45.557,DMC/USDT:USDT,0.004326,13.0,0.004325,759.0,0.004336,21.0,0.004338,348.0
1753533045719,12:30:45.719,DMC/USDT:USDT,0.004326,13.0,0.004325,759.0,0.004336,21.0,0.004338,348.0
1753533045760,12:30:45.760,DMC/USDT:USDT,0.004326,13.0,0.004325,759.0,0.004336,21.0,0.004338,348.0
1753533045908,12:30:45.908,DMC/USDT:USDT,0.004326,13.0,0.004325,10.0,0.004336,21.0,0.004338,348.0
1753533045978,12:30:45.978,DMC/USDT:USDT,0.004326,10.0,0.004325,10.0,0.004336,21.0,0.004338,348.0
1753533046065,12:30:46.065,DMC/USDT:USDT,0.004326,10.0,0.004325,10.0,0.004336,21.0,0.004338,348.0
1753533046324,12:30:46.324,DMC/USDT:USDT,0.004326,10.0,0.004325,10.0,0.004336,21.0,0.004338,348.0
1753533046425,12:30:46.425,DMC/USDT:USDT,0.004326,10.0,0.004325,10.0,0.004336,21.0,0.004338,348.0
1753533046527,12:30:46.527,DMC/USDT:USDT,0.004326,759.0,0.004325,10.0,0.004336,21.0,0.004338,348.0
1753533046561,12:30:46.561,DMC/USDT:USDT,0.004327,3.0,0.004326,759.0,0.004336,21.0,0.004338,348.0
1753533046652,12:30:46.652,DMC/USDT:USDT,0.004327,3.0,0.004326,759.0,0.004336,21.0,0.004338,348.0
1753533046812,12:30:46.812,DMC/USDT:USDT,0.004327,3.0,0.004326,10.0,0.004336,21.0,0.004338,348.0
1753533046847,12:30:46.847,DMC/USDT:USDT,0.004326,10.0,0.004325,10.0,0.004336,21.0,0.004338,348.0
1753533046935,12:30:46.935,DMC/USDT:USDT,0.004326,10.0,0.004325,10.0,0.004336,21.0,0.004338,348.0
1753533047213,12:30:47.213,DMC/USDT:USDT,0.004326,10.0,0.004325,10.0,0.004336,21.0,0.004338,348.0
1753533047461,12:30:47.461,DMC/USDT:USDT,0.004326,759.0,0.004325,10.0,0.004336,21.0,0.004338,348.0
1753533047633,12:30:47.633,DMC/USDT:USDT,0.004327,3.0,0.004326,759.0,0.004336,21.0,0.004338,348.0
1753533047726,12:30:47.726,DMC/USDT:USDT,0.004327,3.0,0.004326,759.0,0.004336,21.0,0.004338,348.0
1753533047779,12:30:47.779,DMC/USDT:USDT,0.004327,3.0,0.004326,10.0,0.004336,21.0,0.004338,348.0
1753533047846,12:30:47.846,DMC/USDT:USDT,0.004326,10.0,0.004325,10.0,0.004336,21.0,0.004338,348.0
1753533047978,12:30:47.978,DMC/USDT:USDT,0.004326,10.0,0.004325,10.0,0.004336,21.0,0.004338,348.0
1753533048187,12:30:48.187,DMC/USDT:USDT,0.004326,10.0,0.004325,10.0,0.004336,21.0,0.004338,348.0
1753533048319,12:30:48.319,DMC/USDT:USDT,0.004326,10.0,0.004325,10.0,0.004336,21.0,0.004338,348.0
1753533048422,12:30:48.422,DMC/USDT:USDT,0.004326,759.0,0.004325,10.0,0.004336,21.0,0.004338,348.0
1753533048454,12:30:48.454,DMC/USDT:USDT,0.004327,3.0,0.004326,759.0,0.004336,21.0,0.004338,348.0
1753533048747,12:30:48.747,DMC/USDT:USDT,0.004327,3.0,0.004326,10.0,0.004336,21.0,0.004338,348.0
1753533048847,12:30:48.847,DMC/USDT:USDT,0.004326,10.0,0.004325,10.0,0.004336,21.0,0.004338,348.0
1753533049200,12:30:49.200,DMC/USDT:USDT,0.004326,10.0,0.004325,10.0,0.004336,21.0,0.004338,348.0
1753533049407,12:30:49.407,DMC/USDT:USDT,0.004326,759.0,0.004325,10.0,0.004336,21.0,0.004338,348.0
1753533049447,12:30:49.447,DMC/USDT:USDT,0.004327,3.0,0.004326,759.0,0.004336,21.0,0.004338,348.0
1753533049711,12:30:49.711,DMC/USDT:USDT,0.004327,3.0,0.004326,10.0,0.004336,21.0,0.004338,348.0
1753533049787,12:30:49.787,DMC/USDT:USDT,0.004326,10.0,0.004325,10.0,0.004336,21.0,0.004338,348.0
1753533050010,12:30:50.010,DMC/USDT:USDT,0.004326,10.0,0.004325,10.0,0.004336,21.0,0.004338,348.0
1753533050081,12:30:50.081,DMC/USDT:USDT,0.004326,10.0,0.004325,10.0,0.004336,21.0,0.004338,348.0
1753533050184,12:30:50.184,DMC/USDT:USDT,0.004326,10.0,0.004325,10.0,0.004336,21.0,0.004338,348.0
1753533050393,12:30:50.393,DMC/USDT:USDT,0.004326,759.0,0.004325,10.0,0.004336,21.0,0.004338,348.0
1753533050533,12:30:50.533,DMC/USDT:USDT,0.004327,3.0,0.004326,759.0,0.004336,21.0,0.004338,348.0
1753533050716,12:30:50.716,DMC/USDT:USDT,0.004327,3.0,0.004326,10.0,0.004336,21.0,0.004338,348.0
1753533050742,12:30:50.742,DMC/USDT:USDT,0.004326,10.0,0.004325,10.0,0.004336,21.0,0.004338,348.0
1753533050913,12:30:50.913,DMC/USDT:USDT,0.004326,10.0,0.004325,10.0,0.004336,21.0,0.004338,348.0
1753533051418,12:30:51.418,DMC/USDT:USDT,0.004326,759.0,0.004325,10.0,0.004336,21.0,0.004338,348.0
1753533051448,12:30:51.448,DMC/USDT:USDT,0.004327,3.0,0.004326,759.0,0.004336,21.0,0.004338,348.0
1753533051738,12:30:51.738,DMC/USDT:USDT,0.004327,3.0,0.004326,10.0,0.004336,21.0,0.004338,348.0
1753533051841,12:30:51.841,DMC/USDT:USDT,0.004326,10.0,0.004325,10.0,0.004336,21.0,0.004338,348.0
1753533052155,12:30:52.155,DMC/USDT:USDT,0.004326,10.0,0.004325,10.0,0.004336,21.0,0.004338,348.0
1753533052411,12:30:52.411,DMC/USDT:USDT,0.004326,759.0,0.004325,10.0,0.004336,21.0,0.004338,348.0
1753533052521,12:30:52.521,DMC/USDT:USDT,0.004327,697.0,0.004326,759.0,0.004336,21.0,0.004342,3967.0
1753533052630,12:30:52.630,DMC/USDT:USDT,0.004327,721.0,0.004326,759.0,0.004336,21.0,0.004344,330.0
1753533052733,12:30:52.733,DMC/USDT:USDT,0.004328,1374.0,0.004327,697.0,0.004344,230.0,0.004345,3907.0
1753533052827,12:30:52.827,DMC/USDT:USDT,0.004329,3.0,0.004328,1374.0,0.004344,924.0,0.004345,3908.0
1753533052871,12:30:52.871,DMC/USDT:USDT,0.004329,3.0,0.004326,694.0,0.004343,1374.0,0.004344,3517.0
1753533053001,12:30:53.001,DMC/USDT:USDT,0.004327,3.0,0.004326,694.0,0.004343,1374.0,0.004344,3517.0
1753533053113,12:30:53.113,DMC/USDT:USDT,0.004327,27.0,0.004326,694.0,0.004343,1374.0,0.004344,2823.0
1753533053150,12:30:53.150,DMC/USDT:USDT,0.004327,3.0,0.004326,694.0,0.004343,1374.0,0.004344,3517.0
1753533053323,12:30:53.323,DMC/USDT:USDT,0.004327,3.0,0.004326,694.0,0.004342,344.0,0.004343,1374.0
1753533053405,12:30:53.405,DMC/USDT:USDT,0.004327,776.0,0.004326,694.0,0.004342,344.0,0.004343,1374.0
1753533053573,12:30:53.573,DMC/USDT:USDT,0.004327,776.0,0.004326,694.0,0.004342,344.0,0.004343,1374.0
1753533053695,12:30:53.695,DMC/USDT:USDT,0.004327,752.0,0.004326,694.0,0.004342,344.0,0.004343,1374.0
1753533054012,12:30:54.012,DMC/USDT:USDT,0.004327,752.0,0.004326,694.0,0.004342,344.0,0.004343,1374.0
1753533054118,12:30:54.118,DMC/USDT:USDT,0.004327,752.0,0.004325,1374.0,0.004342,344.0,0.004343,1374.0
1753533054189,12:30:54.189,DMC/USDT:USDT,0.004327,752.0,0.004326,694.0,0.004342,344.0,0.004343,1374.0
1753533054322,12:30:54.322,DMC/USDT:USDT,0.004327,752.0,0.004326,694.0,0.004342,344.0,0.004343,1374.0
1753533054408,12:30:54.408,DMC/USDT:USDT,0.004327,752.0,0.004325,1714.0,0.004342,344.0,0.004343,1374.0
1753533054461,12:30:54.461,DMC/USDT:USDT,0.004327,752.0,0.004326,694.0,0.00434,1374.0,0.004342,344.0
1753533054613,12:30:54.613,DMC/USDT:USDT,0.004327,752.0,0.004326,694.0,0.00434,1374.0,0.004342,344.0
1753533054727,12:30:54.727,DMC/USDT:USDT,0.004327,752.0,0.004325,1714.0,0.00434,1374.0,0.004342,344.0
1753533054821,12:30:54.821,DMC/USDT:USDT,0.004327,752.0,0.004326,694.0,0.00434,1374.0,0.004342,344.0
1753533055028,12:30:55.028,DMC/USDT:USDT,0.004327,752.0,0.004326,694.0,0.00434,1374.0,0.004342,344.0
1753533055123,12:30:55.123,DMC/USDT:USDT,0.004327,752.0,0.004326,694.0,0.00434,1374.0,0.004342,344.0
1753533055186,12:30:55.186,DMC/USDT:USDT,0.004327,752.0,0.004326,694.0,0.00434,1374.0,0.004342,1038.0
1753533055309,12:30:55.309,DMC/USDT:USDT,0.004327,752.0,0.004325,1714.0,0.00434,1374.0,0.004342,344.0
1753533055360,12:30:55.360,DMC/USDT:USDT,0.004327,752.0,0.004326,694.0,0.00434,1374.0,0.004342,344.0
1753533055466,12:30:55.466,DMC/USDT:USDT,0.004327,752.0,0.004326,694.0,0.004342,344.0,0.004343,1374.0
1753533055588,12:30:55.588,DMC/USDT:USDT,0.004328,1374.0,0.004327,752.0,0.004342,344.0,0.004343,1374.0
1753533055723,12:30:55.723,DMC/USDT:USDT,0.004329,3.0,0.004328,1374.0,0.004342,344.0,0.004343,1374.0
1753533055906,12:30:55.906,DMC/USDT:USDT,0.004329,3.0,0.004328,1374.0,0.004342,344.0,0.004343,2068.0
1753533056018,12:30:56.018,DMC/USDT:USDT,0.004329,3.0,0.004326,694.0,0.004342,344.0,0.004343,1374.0
1753533056047,12:30:56.047,DMC/USDT:USDT,0.004327,3.0,0.004326,694.0,0.004342,344.0,0.004343,1374.0
1753533056277,12:30:56.277,DMC/USDT:USDT,0.004327,3.0,0.004326,694.0,0.004342,344.0,0.004343,1374.0
1753533056395,12:30:56.395,DMC/USDT:USDT,0.004328,1374.0,0.004327,3.0,0.004342,344.0,0.004343,1374.0
1753533056533,12:30:56.533,DMC/USDT:USDT,0.004332,694.0,0.004331,1374.0,0.004345,1.0,0.004346,1374.0
1753533056628,12:30:56.628,DMC/USDT:USDT,0.004333,3.0,0.004332,694.0,0.004345,1.0,0.004349,2605.0
1753533056735,12:30:56.735,DMC/USDT:USDT,0.004333,3.0,0.004332,749.0,0.004345,1.0,0.004347,1374.0
1753533056799,12:30:56.799,DMC/USDT:USDT,0.004333,3.0,0.004332,1443.0,0.004345,1.0,0.004347,1374.0
1753533056852,12:30:56.852,DMC/USDT:USDT,0.004333,3.0,0.004332,749.0,0.004345,1.0,0.004347,1374.0
1753533057022,12:30:57.022,DMC/USDT:USDT,0.004333,3.0,0.004332,694.0,0.004345,11.0,0.004347,1374.0
1753533057122,12:30:57.122,DMC/USDT:USDT,0.004333,3.0,0.004332,694.0,0.004345,11.0,0.004347,1374.0
1753533057323,12:30:57.323,DMC/USDT:USDT,0.004333,3.0,0.004328,1374.0,0.004345,11.0,0.004347,1374.0
1753533057341,12:30:57.341,DMC/USDT:USDT,0.004333,10.0,0.004329,3.0,0.004345,11.0,0.004347,1374.0
1753533057599,12:30:57.599,DMC/USDT:USDT,0.004333,10.0,0.004329,3.0,0.004345,11.0,0.004347,1374.0
1753533057669,12:30:57.669,DMC/USDT:USDT,0.004333,759.0,0.004329,3.0,0.004345,11.0,0.004347,1374.0
1753533057825,12:30:57.825,DMC/USDT:USDT,0.004334,13.0,0.004333,759.0,0.004345,21.0,0.004346,694.0
1753533057931,12:30:57.931,DMC/USDT:USDT,0.004334,13.0,0.004333,759.0,0.004345,21.0,0.004346,694.0
1753533057992,12:30:57.992,DMC/USDT:USDT,0.004334,13.0,0.004333,10.0,0.004344,92.0,0.004345,21.0
1753533058052,12:30:58.052,DMC/USDT:USDT,0.004334,10.0,0.004333,10.0,0.004344,92.0,0.004345,21.0
1753533058188,12:30:58.188,DMC/USDT:USDT,0.004334,10.0,0.004333,10.0,0.004344,92.0,0.004345,21.0
1753533058522,12:30:58.522,DMC/USDT:USDT,0.004334,10.0,0.004333,10.0,0.004344,440.0,0.004345,21.0
1753533058587,12:30:58.587,DMC/USDT:USDT,0.004334,10.0,0.004333,10.0,0.004344,440.0,0.004345,21.0
1753533058695,12:30:58.695,DMC/USDT:USDT,0.004334,759.0,0.004333,10.0,0.004344,92.0,0.004345,21.0
1753533058805,12:30:58.805,DMC/USDT:USDT,0.004335,3.0,0.004334,759.0,0.004344,92.0,0.004345,21.0
1753533058928,12:30:58.928,DMC/USDT:USDT,0.004335,3.0,0.004334,759.0,0.004344,92.0,0.004345,21.0
1753533058978,12:30:58.978,DMC/USDT:USDT,0.004335,3.0,0.004334,10.0,0.004344,92.0,0.004345,21.0
1753533059048,12:30:59.048,DMC/USDT:USDT,0.004334,10.0,0.004333,10.0,0.004344,92.0,0.004345,21.0
1753533059383,12:30:59.383,DMC/USDT:USDT,0.004334,10.0,0.004333,10.0,0.004344,92.0,0.004345,21.0
1753533059532,12:30:59.532,DMC/USDT:USDT,0.004334,10.0,0.004333,10.0,0.004344,92.0,0.004345,21.0
1753533059630,12:30:59.630,DMC/USDT:USDT,0.004334,10.0,0.004333,13.0,0.004344,92.0,0.004345,21.0
1753533059723,12:30:59.723,DMC/USDT:USDT,0.004334,759.0,0.004333,13.0,0.004344,92.0,0.004345,21.0
1753533059741,12:30:59.741,DMC/USDT:USDT,0.004335,3.0,0.004334,759.0,0.004344,92.0,0.004345,21.0
1753533059845,12:30:59.845,DMC/USDT:USDT,0.004335,3.0,0.004334,759.0,0.004344,92.0,0.004345,21.0
1753533059966,12:30:59.966,DMC/USDT:USDT,0.004335,3.0,0.004334,10.0,0.004344,92.0,0.004345,21.0
1753533060041,12:31:00.041,DMC/USDT:USDT,0.004334,10.0,0.004333,13.0,0.004344,92.0,0.004345,21.0
1753533060188,12:31:00.188,DMC/USDT:USDT,0.004334,10.0,0.004333,13.0,0.004344,92.0,0.004345,21.0
1753533060621,12:31:00.621,DMC/USDT:USDT,0.004334,759.0,0.004333,13.0,0.004344,92.0,0.004345,21.0
1753533060641,12:31:00.641,DMC/USDT:USDT,0.004335,3.0,0.004334,759.0,0.004344,92.0,0.004345,21.0
1753533061028,12:31:01.028,DMC/USDT:USDT,0.004335,3.0,0.004334,10.0,0.004344,92.0,0.004345,21.0
1753533061080,12:31:01.080,DMC/USDT:USDT,0.004334,10.0,0.004333,13.0,0.004344,92.0,0.004345,21.0
1753533061177,12:31:01.177,DMC/USDT:USDT,0.004334,10.0,0.004333,13.0,0.004344,92.0,0.004345,21.0
1753533061451,12:31:01.451,DMC/USDT:USDT,0.004334,10.0,0.004333,13.0,0.004344,92.0,0.004345,21.0
1753533061619,12:31:01.619,DMC/USDT:USDT,0.004334,759.0,0.004333,13.0,0.004344,92.0,0.004345,21.0
1753533061694,12:31:01.694,DMC/USDT:USDT,0.004334,759.0,0.004333,13.0,0.004344,92.0,0.004345,21.0
1753533061824,12:31:01.824,DMC/USDT:USDT,0.004335,3.0,0.004334,759.0,0.004344,92.0,0.004345,21.0
1753533061887,12:31:01.887,DMC/USDT:USDT,0.004335,3.0,0.004334,759.0,0.004344,92.0,0.004345,21.0
1753533061946,12:31:01.946,DMC/USDT:USDT,0.004335,3.0,0.004334,10.0,0.004344,92.0,0.004345,21.0
1753533062041,12:31:02.041,DMC/USDT:USDT,0.004334,10.0,0.004333,13.0,0.004344,92.0,0.004345,21.0
1753533062197,12:31:02.197,DMC/USDT:USDT,0.004334,10.0,0.004333,13.0,0.004344,92.0,0.004345,21.0
1753533062318,12:31:02.318,DMC/USDT:USDT,0.004334,10.0,0.004333,13.0,0.004344,92.0,0.004345,21.0
1753533062430,12:31:02.430,DMC/USDT:USDT,0.004334,10.0,0.004333,13.0,0.004344,92.0,0.004345,21.0
1753533062600,12:31:02.600,DMC/USDT:USDT,0.004334,759.0,0.004333,13.0,0.004344,92.0,0.004345,21.0
1753533062644,12:31:02.644,DMC/USDT:USDT,0.004335,3.0,0.004334,759.0,0.004344,92.0,0.004345,21.0
1753533062784,12:31:02.784,DMC/USDT:USDT,0.004335,3.0,0.004334,759.0,0.004344,92.0,0.004345,21.0
1753533062921,12:31:02.921,DMC/USDT:USDT,0.004335,3.0,0.004334,10.0,0.004344,92.0,0.004345,21.0
1753533063033,12:31:03.033,DMC/USDT:USDT,0.004334,10.0,0.004333,13.0,0.004344,92.0,0.004345,21.0
1753533063123,12:31:03.123,DMC/USDT:USDT,0.004334,10.0,0.004333,13.0,0.004344,92.0,0.004345,21.0
1753533063190,12:31:03.190,DMC/USDT:USDT,0.004334,10.0,0.004333,13.0,0.004344,92.0,0.004345,21.0
1753533063582,12:31:03.582,DMC/USDT:USDT,0.004334,759.0,0.004333,13.0,0.004344,92.0,0.004345,21.0
1753533063641,12:31:03.641,DMC/USDT:USDT,0.004335,3.0,0.004334,759.0,0.004344,92.0,0.004345,21.0
1753533063784,12:31:03.784,DMC/USDT:USDT,0.004335,3.0,0.004334,759.0,0.004344,92.0,0.004345,21.0
1753533063906,12:31:03.906,DMC/USDT:USDT,0.004335,3.0,0.004334,10.0,0.004344,92.0,0.004345,21.0
1753533064020,12:31:04.020,DMC/USDT:USDT,0.004334,10.0,0.004333,13.0,0.004344,92.0,0.004345,21.0
1753533064046,12:31:04.046,DMC/USDT:USDT,0.004334,10.0,0.004333,13.0,0.004344,92.0,0.004345,21.0
1753533064555,12:31:04.555,DMC/USDT:USDT,0.004334,759.0,0.004333,13.0,0.004344,92.0,0.004345,21.0
1753533064689,12:31:04.689,DMC/USDT:USDT,0.004335,3.0,0.004334,759.0,0.004344,92.0,0.004345,21.0
1753533064881,12:31:04.881,DMC/USDT:USDT,0.004335,3.0,0.004334,10.0,0.004344,92.0,0.004345,21.0
1753533064941,12:31:04.941,DMC/USDT:USDT,0.004334,10.0,0.004333,13.0,0.004344,92.0,0.004345,21.0
1753533065185,12:31:05.185,DMC/USDT:USDT,0.004334,10.0,0.004333,13.0,0.004344,92.0,0.004345,21.0
1753533065291,12:31:05.291,DMC/USDT:USDT,0.004334,10.0,0.004333,13.0,0.004344,92.0,0.004345,21.0
1753533065518,12:31:05.518,DMC/USDT:USDT,0.004334,10.0,0.004333,13.0,0.004344,92.0,0.004345,21.0
1753533065549,12:31:05.549,DMC/USDT:USDT,0.004334,759.0,0.004333,13.0,0.004344,92.0,0.004345,21.0
1753533065720,12:31:05.720,DMC/USDT:USDT,0.004335,3.0,0.004334,759.0,0.004344,92.0,0.004345,21.0
1753533065777,12:31:05.777,DMC/USDT:USDT,0.004336,1384.0,0.004335,3.0,0.004344,92.0,0.004345,21.0
1753533065882,12:31:05.882,DMC/USDT:USDT,0.004337,13.0,0.004336,1384.0,0.004344,92.0,0.004345,21.0
1753533066007,12:31:06.007,DMC/USDT:USDT,0.004337,13.0,0.004336,10.0,0.004344,92.0,0.004345,21.0
1753533066057,12:31:06.057,DMC/USDT:USDT,0.004337,10.0,0.004336,10.0,0.004344,92.0,0.004345,21.0
1753533066526,12:31:06.526,DMC/USDT:USDT,0.004337,759.0,0.004336,10.0,0.004344,92.0,0.004345,21.0
1753533066541,12:31:06.541,DMC/USDT:USDT,0.004338,3.0,0.004337,759.0,0.004344,92.0,0.004345,21.0
1753533066838,12:31:06.838,DMC/USDT:USDT,0.004338,3.0,0.004337,10.0,0.004344,92.0,0.004345,21.0
1753533066941,12:31:06.941,DMC/USDT:USDT,0.004337,10.0,0.004336,10.0,0.004344,92.0,0.004345,21.0
1753533067490,12:31:07.490,DMC/USDT:USDT,0.004337,759.0,0.004336,10.0,0.004344,92.0,0.004345,21.0
1753533067586,12:31:07.586,DMC/USDT:USDT,0.004338,3.0,0.004337,759.0,0.004344,92.0,0.004345,21.0
1753533067697,12:31:07.697,DMC/USDT:USDT,0.004338,13.0,0.004337,759.0,0.004344,92.0,0.004345,21.0
1753533067815,12:31:07.815,DMC/USDT:USDT,0.004338,13.0,0.004337,10.0,0.004344,92.0,0.004345,21.0
1753533067922,12:31:07.922,DMC/USDT:USDT,0.004338,10.0,0.004337,10.0,0.004344,92.0,0.004345,21.0
1753533067941,12:31:07.941,DMC/USDT:USDT,0.004338,10.0,0.004337,10.0,0.004344,92.0,0.004345,21.0
1753533068091,12:31:08.091,DMC/USDT:USDT,0.004338,10.0,0.004337,10.0,0.004344,92.0,0.004345,21.0
1753533068430,12:31:08.430,DMC/USDT:USDT,0.004338,10.0,0.004337,10.0,0.004345,1.0,0.004349,2605.0
1753533068530,12:31:08.530,DMC/USDT:USDT,0.004338,759.0,0.004337,10.0,0.004345,1.0,0.004352,1374.0
1753533068590,12:31:08.590,DMC/USDT:USDT,0.004339,105.0,0.004338,759.0,0.004345,1.0,0.004352,1374.0
1753533068785,12:31:08.785,DMC/USDT:USDT,0.004339,105.0,0.004338,10.0,0.004345,1.0,0.004352,1374.0
1753533068930,12:31:08.930,DMC/USDT:USDT,0.004339,102.0,0.004338,10.0,0.004345,1.0,0.004346,10.0
1753533069064,12:31:09.064,DMC/USDT:USDT,0.004339,102.0,0.004338,10.0,0.004345,1.0,0.004346,10.0
1753533069262,12:31:09.262,DMC/USDT:USDT,0.004339,102.0,0.004338,10.0,0.004345,803.0,0.004346,10.0
1753533069431,12:31:09.431,DMC/USDT:USDT,0.004339,851.0,0.004338,10.0,0.004345,803.0,0.004346,10.0
1753533069441,12:31:09.441,DMC/USDT:USDT,0.00434,3.0,0.004339,851.0,0.004345,803.0,0.004346,10.0
1753533069548,12:31:09.548,DMC/USDT:USDT,0.00434,13.0,0.004339,769.0,0.004345,803.0,0.004346,10.0
1753533069696,12:31:09.696,DMC/USDT:USDT,0.00434,13.0,0.004339,769.0,0.004345,803.0,0.004346,20.0
1753533069810,12:31:09.810,DMC/USDT:USDT,0.004341,102.0,0.00434,23.0,0.004351,353.0,0.004352,1374.0
1753533069853,12:31:09.853,DMC/USDT:USDT,0.004341,102.0,0.00434,20.0,0.004351,353.0,0.004352,1374.0
1753533069934,12:31:09.934,DMC/USDT:USDT,0.004341,102.0,0.00434,20.0,0.004351,353.0,0.004352,1374.0
1753533070041,12:31:10.041,DMC/USDT:USDT,0.004341,102.0,0.00434,20.0,0.004351,353.0,0.004352,1374.0
1753533070170,12:31:10.170,DMC/USDT:USDT,0.004341,102.0,0.00434,20.0,0.004351,353.0,0.004352,1374.0
1753533070422,12:31:10.422,DMC/USDT:USDT,0.004341,851.0,0.00434,20.0,0.004353,2639.0,0.004354,1.0
1753533070518,12:31:10.518,DMC/USDT:USDT,0.004341,851.0,0.00434,20.0,0.004354,1.0,0.004356,230.0
1753533070610,12:31:10.610,DMC/USDT:USDT,0.004341,851.0,0.00434,20.0,0.004354,1.0,0.004356,230.0
1753533070723,12:31:10.723,DMC/USDT:USDT,0.004341,851.0,0.00434,20.0,0.004354,1.0,0.004355,347.0
1753533070914,12:31:10.914,DMC/USDT:USDT,0.004341,851.0,0.00434,20.0,0.004354,1.0,0.004355,347.0
1753533071031,12:31:11.031,DMC/USDT:USDT,0.004341,851.0,0.00434,20.0,0.004354,1.0,0.004355,347.0
1753533071581,12:31:11.581,DMC/USDT:USDT,0.004344,694.0,0.004341,841.0,0.004354,1.0,0.004355,347.0
1753533071689,12:31:11.689,DMC/USDT:USDT,0.004342,3.0,0.004341,749.0,0.004354,1.0,0.004355,347.0
1753533071741,12:31:11.741,DMC/USDT:USDT,0.004341,749.0,0.004339,3.0,0.004354,1.0,0.004355,347.0
1753533071841,12:31:11.841,DMC/USDT:USDT,0.004342,92.0,0.004341,749.0,0.004354,1.0,0.004355,347.0
1753533072029,12:31:12.029,DMC/USDT:USDT,0.004342,92.0,0.004339,3.0,0.004354,1.0,0.004355,347.0
1753533072041,12:31:12.041,DMC/USDT:USDT,0.004342,92.0,0.004338,697.0,0.004354,1.0,0.004355,347.0
1753533072249,12:31:12.249,DMC/USDT:USDT,0.004342,92.0,0.004338,697.0,0.004354,1.0,0.004355,347.0
1753533072469,12:31:12.469,DMC/USDT:USDT,0.004342,92.0,0.004338,697.0,0.004354,1.0,0.004355,347.0
1753533072669,12:31:12.669,DMC/USDT:USDT,0.004342,841.0,0.004338,697.0,0.004354,1.0,0.004355,347.0
1753533072824,12:31:12.824,DMC/USDT:USDT,0.004342,841.0,0.004338,697.0,0.004354,1.0,0.004355,347.0
1753533073064,12:31:13.064,DMC/USDT:USDT,0.004342,841.0,0.004338,697.0,0.004354,1.0,0.004355,347.0
1753533073212,12:31:13.212,DMC/USDT:USDT,0.004342,841.0,0.004338,697.0,0.004354,1.0,0.004355,347.0
1753533073246,12:31:13.246,DMC/USDT:USDT,0.004342,841.0,0.004338,697.0,0.004354,1.0,0.004355,347.0
1753533073388,12:31:13.388,DMC/USDT:USDT,0.004342,841.0,0.004338,697.0,0.004354,1.0,0.004355,347.0
1753533073694,12:31:13.694,DMC/USDT:USDT,0.004342,841.0,0.004338,697.0,0.004354,1.0,0.004355,347.0
1753533073823,12:31:13.823,DMC/USDT:USDT,0.004342,841.0,0.004338,697.0,0.004354,801.0,0.004355,347.0
1753533074411,12:31:14.411,DMC/USDT:USDT,0.004342,841.0,0.004338,697.0,0.004354,801.0,0.004355,347.0
1753533074683,12:31:14.683,DMC/USDT:USDT,0.004342,841.0,0.004338,697.0,0.004354,801.0,0.004355,347.0
1753533075384,12:31:15.384,DMC/USDT:USDT,0.004342,841.0,0.004338,697.0,0.004354,801.0,0.004355,347.0
1753533075527,12:31:15.527,DMC/USDT:USDT,0.004342,841.0,0.004338,697.0,0.004354,801.0,0.004355,347.0
1753533075705,12:31:15.705,DMC/USDT:USDT,0.004342,841.0,0.004338,697.0,0.004354,801.0,0.004355,347.0
1753533075885,12:31:15.885,DMC/USDT:USDT,0.004342,841.0,0.004338,697.0,0.004354,801.0,0.004355,347.0
1753533076004,12:31:16.004,DMC/USDT:USDT,0.004342,841.0,0.004338,697.0,0.004354,801.0,0.004355,347.0
1753533076115,12:31:16.115,DMC/USDT:USDT,0.004342,841.0,0.004338,697.0,0.004354,2175.0,0.004355,347.0
1753533076210,12:31:16.210,DMC/USDT:USDT,0.004342,841.0,0.004338,697.0,0.004354,801.0,0.004356,230.0
1753533076316,12:31:16.316,DMC/USDT:USDT,0.004344,694.0,0.004342,841.0,0.004354,801.0,0.004356,230.0
1753533076433,12:31:16.433,DMC/USDT:USDT,0.004345,92.0,0.004344,694.0,0.004354,801.0,0.004358,2639.0
1753533076518,12:31:16.518,DMC/USDT:USDT,0.004345,92.0,0.004344,694.0,0.004354,801.0,0.004359,580.0
1753533076592,12:31:16.592,DMC/USDT:USDT,0.004345,92.0,0.004344,694.0,0.004354,801.0,0.004359,230.0
1753533076711,12:31:16.711,DMC/USDT:USDT,0.004345,92.0,0.004344,694.0,0.004354,801.0,0.004359,230.0
1753533076827,12:31:16.827,DMC/USDT:USDT,0.004345,92.0,0.004344,694.0,0.004354,801.0,0.004359,230.0
1753533077131,12:31:17.131,DMC/USDT:USDT,0.004345,92.0,0.004344,694.0,0.004354,801.0,0.004359,230.0
1753533077138,12:31:17.138,DMC/USDT:USDT,0.004345,92.0,0.004344,694.0,0.004354,801.0,0.004359,230.0
1753533077241,12:31:17.241,DMC/USDT:USDT,0.004345,841.0,0.004344,694.0,0.004354,801.0,0.004359,1604.0
1753533077341,12:31:17.341,DMC/USDT:USDT,0.004345,844.0,0.004344,694.0,0.004354,801.0,0.004359,1604.0
1753533077706,12:31:17.706,DMC/USDT:USDT,0.004345,844.0,0.004344,694.0,0.004354,801.0,0.004359,1604.0
1753533077824,12:31:17.824,DMC/USDT:USDT,0.004345,844.0,0.004344,694.0,0.004354,801.0,0.004359,1604.0
1753533077982,12:31:17.982,DMC/USDT:USDT,0.004345,844.0,0.004344,694.0,0.004354,801.0,0.004359,1604.0
1753533078439,12:31:18.439,DMC/USDT:USDT,0.004345,844.0,0.004344,694.0,0.004354,801.0,0.004359,1604.0
1753533079702,12:31:19.702,DMC/USDT:USDT,0.004345,844.0,0.004344,694.0,0.004354,801.0,0.004359,1604.0
1753533079771,12:31:19.771,DMC/USDT:USDT,0.004345,844.0,0.004344,694.0,0.004354,801.0,0.004359,1604.0
1753533080307,12:31:20.307,DMC/USDT:USDT,0.004345,844.0,0.004344,694.0,0.004354,801.0,0.004359,1604.0
1753533080702,12:31:20.702,DMC/USDT:USDT,0.004345,844.0,0.00434,1714.0,0.004354,801.0,0.004359,1604.0
1753533080741,12:31:20.741,DMC/USDT:USDT,0.004345,841.0,0.004341,3.0,0.004354,801.0,0.004359,1604.0
1753533080932,12:31:20.932,DMC/USDT:USDT,0.004345,841.0,0.004341,3.0,0.004354,801.0,0.004359,1604.0
1753533081184,12:31:21.184,DMC/USDT:USDT,0.004345,841.0,0.004341,3.0,0.004354,801.0,0.004359,1604.0
1753533081257,12:31:21.257,DMC/USDT:USDT,0.004345,841.0,0.004341,3.0,0.004354,801.0,0.004359,1604.0
1753533081890,12:31:21.890,DMC/USDT:USDT,0.004346,2068.0,0.004345,841.0,0.004354,801.0,0.004359,230.0
1753533082030,12:31:22.030,DMC/USDT:USDT,0.004347,115.0,0.004346,2068.0,0.004354,801.0,0.004359,230.0
1753533082097,12:31:22.097,DMC/USDT:USDT,0.004347,115.0,0.004346,2068.0,0.004354,811.0,0.004359,230.0
1753533082489,12:31:22.489,DMC/USDT:USDT,0.004347,115.0,0.004346,2068.0,0.00436,230.0,0.004361,2649.0
1753533082629,12:31:22.629,DMC/USDT:USDT,0.004347,115.0,0.004346,2068.0,0.004361,2879.0,0.004362,1374.0
1753533082638,12:31:22.638,DMC/USDT:USDT,0.004347,115.0,0.004346,2068.0,0.004361,2879.0,0.004362,1374.0
1753533082735,12:31:22.735,DMC/USDT:USDT,0.004347,864.0,0.004346,2068.0,0.004361,2879.0,0.004362,1374.0
1753533082911,12:31:22.911,DMC/USDT:USDT,0.004347,864.0,0.004346,2068.0,0.004361,2649.0,0.004362,1374.0
1753533082986,12:31:22.986,DMC/USDT:USDT,0.004347,864.0,0.004346,2068.0,0.004361,2649.0,0.004362,1374.0
1753533083109,12:31:23.109,DMC/USDT:USDT,0.004347,864.0,0.004346,2068.0,0.004361,2649.0,0.004362,1374.0
1753533083225,12:31:23.225,DMC/USDT:USDT,0.004352,694.0,0.00435,1374.0,0.004363,1.0,0.004364,347.0
1753533083324,12:31:23.324,DMC/USDT:USDT,0.004352,694.0,0.004351,3.0,0.004363,1.0,0.004364,347.0
1753533083390,12:31:23.390,DMC/USDT:USDT,0.004351,3.0,0.00435,1374.0,0.004363,1.0,0.004364,347.0
1753533083498,12:31:23.498,DMC/USDT:USDT,0.004351,3.0,0.00435,1374.0,0.004363,1.0,0.004364,347.0
1753533083832,12:31:23.832,DMC/USDT:USDT,0.004353,1374.0,0.004352,717.0,0.004363,1.0,0.004368,2664.0
1753533083925,12:31:23.925,DMC/USDT:USDT,0.004354,13.0,0.004353,1374.0,0.004363,11.0,0.004368,2664.0
1753533084035,12:31:24.035,DMC/USDT:USDT,0.004358,694.0,0.004356,1397.0,0.00437,1.0,0.004377,3884.0
1753533084132,12:31:24.132,DMC/USDT:USDT,0.004359,102.0,0.004358,694.0,0.00437,1.0,0.004372,1.0
1753533084217,12:31:24.217,DMC/USDT:USDT,0.004359,102.0,0.004358,694.0,0.00437,1.0,0.004372,1.0
1753533084321,12:31:24.321,DMC/USDT:USDT,0.004359,102.0,0.004357,3.0,0.00437,1.0,0.004372,1.0
1753533084430,12:31:24.430,DMC/USDT:USDT,0.00436,2078.0,0.004359,102.0,0.00437,1.0,0.004372,1.0
1753533084530,12:31:24.530,DMC/USDT:USDT,0.004361,3.0,0.00436,2078.0,0.00437,1.0,0.004372,1.0
1753533084567,12:31:24.567,DMC/USDT:USDT,0.004361,3.0,0.00436,2078.0,0.00437,1.0,0.004372,1.0
1753533084681,12:31:24.681,DMC/USDT:USDT,0.004361,95.0,0.00436,2078.0,0.00437,1.0,0.004372,1.0
1753533084999,12:31:24.999,DMC/USDT:USDT,0.004361,844.0,0.00436,2078.0,0.00437,1.0,0.004372,1.0
1753533085067,12:31:25.067,DMC/USDT:USDT,0.004361,844.0,0.00436,2078.0,0.00437,1.0,0.004372,1.0
1753533085276,12:31:25.276,DMC/USDT:USDT,0.004361,844.0,0.00436,2078.0,0.00437,1.0,0.004372,1.0
1753533085704,12:31:25.704,DMC/USDT:USDT,0.004361,844.0,0.00436,2078.0,0.00437,1.0,0.004372,1.0
1753533085793,12:31:25.793,DMC/USDT:USDT,0.004361,844.0,0.00436,2078.0,0.00437,1.0,0.004372,1.0
1753533085933,12:31:25.933,DMC/USDT:USDT,0.004361,844.0,0.00436,2078.0,0.00437,1.0,0.004372,1.0
1753533086097,12:31:26.097,DMC/USDT:USDT,0.004364,100.0,0.004363,1494.0,0.00437,1.0,0.004372,1.0
1753533086231,12:31:26.231,DMC/USDT:USDT,0.004367,100.0,0.004366,1394.0,0.004372,1.0,0.00438,337.0
1753533086318,12:31:26.318,DMC/USDT:USDT,0.004368,92.0,0.004367,797.0,0.004372,1.0,0.00438,337.0
1753533086366,12:31:26.366,DMC/USDT:USDT,0.004368,92.0,0.004367,797.0,0.004372,1.0,0.00438,337.0
1753533086899,12:31:26.899,DMC/USDT:USDT,0.004368,841.0,0.004367,797.0,0.004372,1.0,0.00438,337.0
1753533087093,12:31:27.093,DMC/USDT:USDT,0.00437,1394.0,0.004368,841.0,0.004383,2696.0,0.004384,3882.0
1753533087229,12:31:27.229,DMC/USDT:USDT,0.004373,10.0,0.004372,10.0,0.004381,1.0,0.004386,343.0
1753533087303,12:31:27.303,DMC/USDT:USDT,0.004374,91.0,0.004373,10.0,0.004381,1.0,0.004383,10.0
1753533087362,12:31:27.362,DMC/USDT:USDT,0.004374,91.0,0.004373,10.0,0.004381,1.0,0.004383,10.0
1753533087533,12:31:27.533,DMC/USDT:USDT,0.004374,91.0,0.004373,10.0,0.004381,1.0,0.004383,10.0
1753533087592,12:31:27.592,DMC/USDT:USDT,0.004374,91.0,0.004373,10.0,0.004381,1.0,0.004383,10.0
1753533087895,12:31:27.895,DMC/USDT:USDT,0.004374,91.0,0.004373,10.0,0.004381,1.0,0.004383,10.0
1753533088020,12:31:28.020,DMC/USDT:USDT,0.004374,91.0,0.004373,10.0,0.004381,1.0,0.004383,10.0
1753533088190,12:31:28.190,DMC/USDT:USDT,0.004374,91.0,0.004373,10.0,0.004381,1.0,0.004383,10.0
1753533088329,12:31:28.329,DMC/USDT:USDT,0.004374,840.0,0.004373,10.0,0.004381,1.0,0.004383,10.0
1753533088447,12:31:28.447,DMC/USDT:USDT,0.004374,840.0,0.004373,10.0,0.004381,1.0,0.004383,10.0
1753533088697,12:31:28.697,DMC/USDT:USDT,0.004374,840.0,0.004373,10.0,0.004381,1.0,0.004383,10.0
1753533088920,12:31:28.920,DMC/USDT:USDT,0.004374,840.0,0.004373,10.0,0.004381,1.0,0.004383,10.0
1753533089031,12:31:29.031,DMC/USDT:USDT,0.004374,840.0,0.004373,10.0,0.004381,1.0,0.004383,10.0
1753533089199,12:31:29.199,DMC/USDT:USDT,0.004373,10.0,0.004372,10.0,0.004381,1.0,0.004383,10.0
1753533089275,12:31:29.275,DMC/USDT:USDT,0.004373,10.0,0.004372,10.0,0.004381,1.0,0.004383,10.0
1753533089485,12:31:29.485,DMC/USDT:USDT,0.004373,10.0,0.004372,10.0,0.004381,1.0,0.004383,10.0
1753533089704,12:31:29.704,DMC/USDT:USDT,0.004373,10.0,0.004372,10.0,0.004381,1.0,0.004383,10.0
1753533089791,12:31:29.791,DMC/USDT:USDT,0.004373,10.0,0.004372,10.0,0.004381,1.0,0.004383,10.0
1753533089953,12:31:29.953,DMC/USDT:USDT,0.004373,10.0,0.004372,10.0,0.004381,1.0,0.004383,10.0
1753533090143,12:31:30.143,DMC/USDT:USDT,0.004373,10.0,0.004372,10.0,0.004381,1.0,0.004383,10.0
1753533090254,12:31:30.254,DMC/USDT:USDT,0.004373,10.0,0.004372,10.0,0.004381,1.0,0.004383,10.0
1753533090420,12:31:30.420,DMC/USDT:USDT,0.004373,10.0,0.004372,10.0,0.004381,1.0,0.004383,10.0
1753533090561,12:31:30.561,DMC/USDT:USDT,0.004373,10.0,0.004372,10.0,0.004381,1.0,0.004383,10.0
1753533090698,12:31:30.698,DMC/USDT:USDT,0.004373,10.0,0.004372,10.0,0.004381,1.0,0.004383,10.0
1753533090920,12:31:30.920,DMC/USDT:USDT,0.004373,10.0,0.004372,10.0,0.004381,1.0,0.004383,10.0
1753533091257,12:31:31.257,DMC/USDT:USDT,0.004373,10.0,0.004372,10.0,0.004381,1.0,0.004383,10.0
1753533091631,12:31:31.631,DMC/USDT:USDT,0.004373,10.0,0.004372,10.0,0.004381,1.0,0.004383,10.0
1753533091702,12:31:31.702,DMC/USDT:USDT,0.004373,10.0,0.004372,10.0,0.004381,1.0,0.004383,10.0
1753533091772,12:31:31.772,DMC/USDT:USDT,0.004373,10.0,0.004372,10.0,0.004381,1.0,0.004383,10.0
1753533091921,12:31:31.921,DMC/USDT:USDT,0.004373,10.0,0.004372,10.0,0.004381,1.0,0.004383,10.0
1753533092028,12:31:32.028,DMC/USDT:USDT,0.004373,10.0,0.004372,10.0,0.004381,1.0,0.004383,10.0
1753533092042,12:31:32.042,DMC/USDT:USDT,0.004373,10.0,0.004372,10.0,0.004381,1.0,0.004383,10.0
1753533092233,12:31:32.233,DMC/USDT:USDT,0.004373,10.0,0.004372,10.0,0.004381,1.0,0.004383,10.0
1753533092261,12:31:32.261,DMC/USDT:USDT,0.004373,10.0,0.004372,10.0,0.004381,1.0,0.004383,10.0
1753533092459,12:31:32.459,DMC/USDT:USDT,0.004373,10.0,0.004372,10.0,0.004381,802.0,0.004383,10.0
1753533092796,12:31:32.796,DMC/USDT:USDT,0.004373,10.0,0.004372,10.0,0.004381,802.0,0.004383,10.0
1753533092885,12:31:32.885,DMC/USDT:USDT,0.004373,10.0,0.004372,10.0,0.004381,802.0,0.004383,10.0
1753533093009,12:31:33.009,DMC/USDT:USDT,0.004373,10.0,0.004372,10.0,0.004381,802.0,0.004383,10.0
1753533093132,12:31:33.132,DMC/USDT:USDT,0.004373,10.0,0.004372,10.0,0.004381,802.0,0.004383,10.0
1753533093193,12:31:33.193,DMC/USDT:USDT,0.004373,10.0,0.004372,10.0,0.004381,802.0,0.004383,10.0
1753533093238,12:31:33.238,DMC/USDT:USDT,0.004373,10.0,0.004372,10.0,0.004381,802.0,0.004383,10.0
1753533093370,12:31:33.370,DMC/USDT:USDT,0.004373,10.0,0.004372,10.0,0.004381,802.0,0.004383,10.0
1753533093608,12:31:33.608,DMC/USDT:USDT,0.004373,10.0,0.004372,10.0,0.004381,802.0,0.004383,10.0
1753533093711,12:31:33.711,DMC/USDT:USDT,0.004374,694.0,0.004373,20.0,0.004381,802.0,0.004383,10.0
1753533093833,12:31:33.833,DMC/USDT:USDT,0.004373,20.0,0.004372,10.0,0.004381,802.0,0.004383,10.0
1753533093920,12:31:33.920,DMC/USDT:USDT,0.004373,20.0,0.004372,10.0,0.004381,802.0,0.004383,10.0
1753533094284,12:31:34.284,DMC/USDT:USDT,0.004373,20.0,0.004372,10.0,0.004381,802.0,0.004383,10.0
1753533094703,12:31:34.703,DMC/USDT:USDT,0.004373,20.0,0.004372,10.0,0.004381,802.0,0.004383,10.0
1753533094799,12:31:34.799,DMC/USDT:USDT,0.004373,20.0,0.004372,10.0,0.004381,802.0,0.004383,10.0
1753533094853,12:31:34.853,DMC/USDT:USDT,0.004373,20.0,0.004372,10.0,0.004381,802.0,0.004383,10.0
1753533095032,12:31:35.032,DMC/USDT:USDT,0.004374,694.0,0.004373,20.0,0.004381,802.0,0.004383,10.0
1753533095133,12:31:35.133,DMC/USDT:USDT,0.004375,100.0,0.004374,2168.0,0.004389,1.0,0.00439,2672.0
1753533095232,12:31:35.232,DMC/USDT:USDT,0.004376,3.0,0.004375,100.0,0.004388,3.0,0.004389,1.0
1753533095298,12:31:35.298,DMC/USDT:USDT,0.004376,3.0,0.004375,100.0,0.004388,3.0,0.004389,1.0
1753533095343,12:31:35.343,DMC/USDT:USDT,0.004376,3.0,0.004375,103.0,0.004388,3.0,0.004389,1.0
1753533095633,12:31:35.633,DMC/USDT:USDT,0.004376,3.0,0.004375,103.0,0.004388,3.0,0.004389,1.0
1753533095654,12:31:35.654,DMC/USDT:USDT,0.004376,3.0,0.004375,103.0,0.004388,3.0,0.004389,1.0
1753533095798,12:31:35.798,DMC/USDT:USDT,0.004376,26.0,0.004375,103.0,0.004388,3.0,0.004389,1.0
1753533095933,12:31:35.933,DMC/USDT:USDT,0.004376,26.0,0.004375,103.0,0.004388,3.0,0.004389,1.0
1753533095999,12:31:35.999,DMC/USDT:USDT,0.004376,26.0,0.004375,103.0,0.004388,3.0,0.004389,1.0
1753533096061,12:31:36.061,DMC/USDT:USDT,0.004377,3.0,0.004375,103.0,0.004388,3.0,0.004389,1.0
1753533096143,12:31:36.143,DMC/USDT:USDT,0.004376,3.0,0.004375,103.0,0.004388,3.0,0.004389,1.0
1753533096253,12:31:36.253,DMC/USDT:USDT,0.004376,3.0,0.004375,103.0,0.004388,3.0,0.004389,1.0
1753533096346,12:31:36.346,DMC/USDT:USDT,0.004376,31.0,0.004375,103.0,0.004388,3.0,0.004389,1.0
1753533096462,12:31:36.462,DMC/USDT:USDT,0.004377,123.0,0.004375,103.0,0.004388,3.0,0.004389,1.0
1753533096558,12:31:36.558,DMC/USDT:USDT,0.004378,103.0,0.004377,20.0,0.004388,3.0,0.004389,1.0
1753533096730,12:31:36.730,DMC/USDT:USDT,0.004381,100.0,0.00438,814.0,0.004388,3.0,0.004389,1.0
1753533096832,12:31:36.832,DMC/USDT:USDT,0.004382,3.0,0.004381,100.0,0.004388,3.0,0.004389,11.0
1753533096848,12:31:36.848,DMC/USDT:USDT,0.004382,3.0,0.004381,100.0,0.004388,3.0,0.004389,11.0
1753533097015,12:31:37.015,DMC/USDT:USDT,0.004382,3.0,0.004381,100.0,0.004388,3.0,0.004389,11.0
1753533097060,12:31:37.060,DMC/USDT:USDT,0.004382,3.0,0.004381,100.0,0.004388,3.0,0.004389,11.0
1753533097179,12:31:37.179,DMC/USDT:USDT,0.004382,3.0,0.004381,100.0,0.004388,3.0,0.004389,11.0
1753533097272,12:31:37.272,DMC/USDT:USDT,0.004382,3.0,0.004381,100.0,0.004388,3.0,0.004389,11.0
1753533097576,12:31:37.576,DMC/USDT:USDT,0.004382,3.0,0.004381,100.0,0.004388,3.0,0.004389,11.0
1753533097729,12:31:37.729,DMC/USDT:USDT,0.004382,3.0,0.004381,100.0,0.004388,3.0,0.004389,11.0
1753533098131,12:31:38.131,DMC/USDT:USDT,0.004382,3.0,0.004381,100.0,0.004388,3.0,0.004389,11.0
1753533098183,12:31:38.183,DMC/USDT:USDT,0.004382,3.0,0.004381,100.0,0.004388,3.0,0.004389,11.0
1753533098631,12:31:38.631,DMC/USDT:USDT,0.004382,3.0,0.004381,100.0,0.004388,3.0,0.004389,11.0
1753533099453,12:31:39.453,DMC/USDT:USDT,0.004382,3.0,0.004381,100.0,0.004388,3.0,0.004389,11.0
1753533100499,12:31:40.499,DMC/USDT:USDT,0.004382,3.0,0.004381,100.0,0.004388,3.0,0.004389,11.0
1753533100699,12:31:40.699,DMC/USDT:USDT,0.004382,3.0,0.004381,100.0,0.004388,3.0,0.004389,11.0
1753533100945,12:31:40.945,DMC/USDT:USDT,0.004382,3.0,0.004381,100.0,0.004388,3.0,0.004389,11.0
1753533101196,12:31:41.196,DMC/USDT:USDT,0.004382,3.0,0.004381,100.0,0.004388,3.0,0.004389,11.0
1753533101261,12:31:41.261,DMC/USDT:USDT,0.004382,3.0,0.004381,100.0,0.004388,3.0,0.004389,11.0
1753533102017,12:31:42.017,DMC/USDT:USDT,0.004382,13.0,0.004381,100.0,0.004388,3.0,0.004389,11.0
1753533102047,12:31:42.047,DMC/USDT:USDT,0.004383,3.0,0.004382,10.0,0.004388,3.0,0.004389,11.0
1753533102148,12:31:42.148,DMC/USDT:USDT,0.004383,3.0,0.004382,10.0,0.004388,3.0,0.004389,11.0
1753533102381,12:31:42.381,DMC/USDT:USDT,0.004383,3.0,0.004382,10.0,0.004388,3.0,0.004389,11.0
1753533102533,12:31:42.533,DMC/USDT:USDT,0.004384,10.0,0.004383,13.0,0.004398,1374.0,0.004402,4781.0
1753533102629,12:31:42.629,DMC/USDT:USDT,0.004385,5.0,0.004384,10.0,0.004399,1.0,0.004402,4087.0
1753533102709,12:31:42.709,DMC/USDT:USDT,0.004385,5.0,0.004384,10.0,0.004399,1.0,0.0044,1374.0
1753533102783,12:31:42.783,DMC/USDT:USDT,0.004385,5.0,0.004384,10.0,0.004399,1.0,0.004401,2769.0
1753533102919,12:31:42.919,DMC/USDT:USDT,0.004385,5.0,0.004384,10.0,0.004399,1.0,0.0044,1374.0
1753533102957,12:31:42.957,DMC/USDT:USDT,0.004385,5.0,0.004384,10.0,0.004399,1.0,0.0044,1374.0
1753533103197,12:31:43.197,DMC/USDT:USDT,0.004385,5.0,0.004384,10.0,0.004399,910.0,0.0044,1374.0
1753533103388,12:31:43.388,DMC/USDT:USDT,0.004385,5.0,0.004384,10.0,0.004399,910.0,0.0044,1374.0
1753533103733,12:31:43.733,DMC/USDT:USDT,0.004385,5.0,0.004384,10.0,0.004399,910.0,0.0044,1374.0
1753533103741,12:31:43.741,DMC/USDT:USDT,0.004385,5.0,0.004384,10.0,0.004399,910.0,0.0044,1374.0
1753533104032,12:31:44.032,DMC/USDT:USDT,0.004377,1.0,0.004375,46.0,0.004384,1374.0,0.004387,1374.0
1753533104132,12:31:44.132,DMC/USDT:USDT,0.004378,132.0,0.004377,1.0,0.004384,20.0,0.004385,20.0
1753533104221,12:31:44.221,DMC/USDT:USDT,0.004379,1.0,0.004377,1.0,0.004383,5.0,0.004384,20.0
1753533104317,12:31:44.317,DMC/USDT:USDT,0.004378,1.0,0.004377,1.0,0.004383,5.0,0.004384,20.0
1753533104429,12:31:44.429,DMC/USDT:USDT,0.004378,1.0,0.004377,1.0,0.004383,5.0,0.004384,20.0
1753533104491,12:31:44.491,DMC/USDT:USDT,0.004378,1.0,0.004377,1.0,0.004383,5.0,0.004384,20.0
1753533104606,12:31:44.606,DMC/USDT:USDT,0.004378,1.0,0.004377,1.0,0.004383,5.0,0.004384,20.0
1753533104662,12:31:44.662,DMC/USDT:USDT,0.004378,1.0,0.004377,1.0,0.004383,5.0,0.004384,20.0
1753533104765,12:31:44.765,DMC/USDT:USDT,0.004378,1.0,0.004377,1.0,0.004383,5.0,0.004384,20.0
1753533104914,12:31:44.914,DMC/USDT:USDT,0.004378,1.0,0.004377,1.0,0.004383,5.0,0.004384,20.0
1753533105018,12:31:45.018,DMC/USDT:USDT,0.004378,1.0,0.004377,1.0,0.004383,5.0,0.004384,20.0
1753533105206,12:31:45.206,DMC/USDT:USDT,0.004378,1.0,0.004377,1.0,0.004383,5.0,0.004384,20.0
1753533105288,12:31:45.288,DMC/USDT:USDT,0.004378,1.0,0.004377,1.0,0.004383,5.0,0.004384,20.0
1753533105344,12:31:45.344,DMC/USDT:USDT,0.004378,1.0,0.004377,1.0,0.004383,5.0,0.004384,20.0
1753533105632,12:31:45.632,DMC/USDT:USDT,0.004378,1.0,0.004377,1.0,0.004383,5.0,0.004384,10.0
1753533105700,12:31:45.700,DMC/USDT:USDT,0.004378,1.0,0.004377,1.0,0.004383,5.0,0.004384,10.0
1753533105801,12:31:45.801,DMC/USDT:USDT,0.004378,1.0,0.004377,1.0,0.004383,5.0,0.004384,10.0
1753533105946,12:31:45.946,DMC/USDT:USDT,0.004378,1.0,0.004377,1.0,0.004383,5.0,0.004384,10.0
1753533106078,12:31:46.078,DMC/USDT:USDT,0.004378,1.0,0.004377,1.0,0.004383,5.0,0.004386,10.0
1753533106227,12:31:46.227,DMC/USDT:USDT,0.004378,1.0,0.004377,1.0,0.004385,5.0,0.004386,10.0
1753533106482,12:31:46.482,DMC/USDT:USDT,0.004378,1.0,0.004377,1.0,0.004385,5.0,0.004386,10.0
1753533106806,12:31:46.806,DMC/USDT:USDT,0.004378,1.0,0.004377,1.0,0.004385,5.0,0.004386,10.0
1753533106901,12:31:46.901,DMC/USDT:USDT,0.004378,1.0,0.004377,1.0,0.004385,5.0,0.004386,10.0
1753533106961,12:31:46.961,DMC/USDT:USDT,0.004378,1.0,0.004377,1.0,0.004385,5.0,0.004386,10.0
1753533107124,12:31:47.124,DMC/USDT:USDT,0.004379,2068.0,0.004378,11.0,0.004391,3.0,0.004395,694.0
1753533107216,12:31:47.216,DMC/USDT:USDT,0.00438,6.0,0.004379,2068.0,0.004395,1606.0,0.004396,1374.0
1753533107333,12:31:47.333,DMC/USDT:USDT,0.00438,45.0,0.004379,2068.0,0.004395,912.0,0.004397,4282.0
1753533107361,12:31:47.361,DMC/USDT:USDT,0.004381,5.0,0.00438,1.0,0.004395,909.0,0.004396,3.0
1753533107463,12:31:47.463,DMC/USDT:USDT,0.00438,52.0,0.004379,2068.0,0.004395,909.0,0.004396,3.0
1753533107561,12:31:47.561,DMC/USDT:USDT,0.004381,5.0,0.00438,1.0,0.004395,909.0,0.004396,3.0
1753533107641,12:31:47.641,DMC/USDT:USDT,0.00438,6.0,0.004379,2068.0,0.004395,909.0,0.004396,3.0
1753533107802,12:31:47.802,DMC/USDT:USDT,0.00438,6.0,0.004379,2068.0,0.004395,909.0,0.004396,3.0
1753533107926,12:31:47.926,DMC/USDT:USDT,0.00438,50.0,0.004379,2068.0,0.004395,909.0,0.004396,3.0
1753533107960,12:31:47.960,DMC/USDT:USDT,0.004381,5.0,0.00438,1.0,0.004395,909.0,0.004396,3.0
1753533108044,12:31:48.044,DMC/USDT:USDT,0.00438,6.0,0.004379,2068.0,0.004395,909.0,0.004396,3.0
1753533108210,12:31:48.210,DMC/USDT:USDT,0.00438,6.0,0.004379,2068.0,0.004395,909.0,0.004396,3.0
1753533108302,12:31:48.302,DMC/USDT:USDT,0.004382,1384.0,0.00438,6.0,0.004395,919.0,0.004396,3.0
1753533108422,12:31:48.422,DMC/USDT:USDT,0.004383,39.0,0.004382,1384.0,0.004395,929.0,0.004396,3.0
1753533108515,12:31:48.515,DMC/USDT:USDT,0.004384,5.0,0.004383,11.0,0.004395,929.0,0.004396,3.0
1753533108674,12:31:48.674,DMC/USDT:USDT,0.004384,5.0,0.004383,11.0,0.004395,929.0,0.004396,3.0
1753533109117,12:31:49.117,DMC/USDT:USDT,0.004384,5.0,0.004383,11.0,0.004395,929.0,0.004396,3.0
1753533109726,12:31:49.726,DMC/USDT:USDT,0.004384,5.0,0.004383,11.0,0.004395,929.0,0.004396,3.0
1753533109785,12:31:49.785,DMC/USDT:USDT,0.004384,5.0,0.004383,11.0,0.004395,929.0,0.004396,3.0
1753533110034,12:31:50.034,DMC/USDT:USDT,0.004384,5.0,0.004383,11.0,0.004395,929.0,0.004396,3.0
1753533110226,12:31:50.226,DMC/USDT:USDT,0.004384,5.0,0.004383,11.0,0.004395,929.0,0.004396,3.0
1753533110341,12:31:50.341,DMC/USDT:USDT,0.004384,5.0,0.004383,11.0,0.004395,929.0,0.004396,3.0
1753533110573,12:31:50.573,DMC/USDT:USDT,0.004384,5.0,0.004383,11.0,0.004395,929.0,0.004396,3.0
1753533110792,12:31:50.792,DMC/USDT:USDT,0.004384,31.0,0.004383,11.0,0.004395,929.0,0.004396,3.0
1753533110861,12:31:50.861,DMC/USDT:USDT,0.004385,15.0,0.004383,11.0,0.004395,929.0,0.004396,3.0
1753533110981,12:31:50.981,DMC/USDT:USDT,0.004386,5.0,0.004385,10.0,0.004395,919.0,0.004396,3.0
1753533111059,12:31:51.059,DMC/USDT:USDT,0.004386,5.0,0.004385,10.0,0.004395,919.0,0.004396,13.0
1753533111217,12:31:51.217,DMC/USDT:USDT,0.004386,5.0,0.004385,10.0,0.004395,919.0,0.004396,13.0
1753533111700,12:31:51.700,DMC/USDT:USDT,0.004386,5.0,0.004385,10.0,0.004395,919.0,0.004396,13.0
1753533111995,12:31:51.995,DMC/USDT:USDT,0.004386,5.0,0.004385,10.0,0.004395,919.0,0.004396,13.0
1753533112083,12:31:52.083,DMC/USDT:USDT,0.004386,5.0,0.004385,10.0,0.004395,919.0,0.004396,13.0
1753533112388,12:31:52.388,DMC/USDT:USDT,0.004386,5.0,0.004385,10.0,0.004395,919.0,0.004396,13.0
1753533112486,12:31:52.486,DMC/USDT:USDT,0.004386,5.0,0.004385,10.0,0.004395,919.0,0.004396,13.0
1753533112700,12:31:52.700,DMC/USDT:USDT,0.004386,5.0,0.004385,10.0,0.004395,919.0,0.004396,13.0
1753533113218,12:31:53.218,DMC/USDT:USDT,0.004386,5.0,0.004385,10.0,0.004395,919.0,0.004396,13.0
1753533113295,12:31:53.295,DMC/USDT:USDT,0.004386,5.0,0.004385,10.0,0.004395,919.0,0.004396,13.0
1753533113397,12:31:53.397,DMC/USDT:USDT,0.004386,5.0,0.004385,10.0,0.004395,919.0,0.004396,13.0
1753533113612,12:31:53.612,DMC/USDT:USDT,0.004386,5.0,0.004385,10.0,0.004395,919.0,0.004396,13.0
1753533113713,12:31:53.713,DMC/USDT:USDT,0.004386,5.0,0.004385,10.0,0.004395,919.0,0.004396,13.0
1753533113840,12:31:53.840,DMC/USDT:USDT,0.004386,5.0,0.004385,10.0,0.004395,919.0,0.004396,13.0
1753533114628,12:31:54.628,DMC/USDT:USDT,0.004386,5.0,0.004385,10.0,0.004395,919.0,0.004396,13.0
1753533114690,12:31:54.690,DMC/USDT:USDT,0.004386,5.0,0.004385,10.0,0.004395,919.0,0.004396,13.0
1753533114798,12:31:54.798,DMC/USDT:USDT,0.004386,5.0,0.004385,10.0,0.004395,1720.0,0.004396,13.0
1753533114879,12:31:54.879,DMC/USDT:USDT,0.004386,5.0,0.004385,10.0,0.004394,3.0,0.004395,1720.0
1753533115312,12:31:55.312,DMC/USDT:USDT,0.004386,5.0,0.004385,10.0,0.004394,3.0,0.004395,1720.0
1753533115718,12:31:55.718,DMC/USDT:USDT,0.004386,38.0,0.004385,10.0,0.004395,647.0,0.004396,10.0
1753533115821,12:31:55.821,DMC/USDT:USDT,0.004387,5.0,0.004386,10.0,0.004396,10.0,0.004397,2908.0
1753533115923,12:31:55.923,DMC/USDT:USDT,0.004387,5.0,0.004386,10.0,0.004396,10.0,0.004397,2908.0
1753533116122,12:31:56.122,DMC/USDT:USDT,0.004387,5.0,0.004386,10.0,0.004396,10.0,0.004397,2908.0
1753533116153,12:31:56.153,DMC/USDT:USDT,0.004387,5.0,0.004386,10.0,0.004396,10.0,0.004397,2908.0
1753533116422,12:31:56.422,DMC/USDT:USDT,0.004387,28.0,0.004386,10.0,0.004396,10.0,0.004399,1.0
1753533116531,12:31:56.531,DMC/USDT:USDT,0.004388,15.0,0.004386,10.0,0.004396,10.0,0.004399,1.0
1753533116585,12:31:56.585,DMC/USDT:USDT,0.004389,5.0,0.004388,10.0,0.004399,1.0,0.004401,350.0
1753533116795,12:31:56.795,DMC/USDT:USDT,0.004389,5.0,0.004388,10.0,0.004399,1.0,0.004401,350.0
1753533117029,12:31:57.029,DMC/USDT:USDT,0.004389,28.0,0.004388,10.0,0.004399,11.0,0.004401,350.0
1753533117119,12:31:57.119,DMC/USDT:USDT,0.00439,15.0,0.004388,10.0,0.004399,11.0,0.004401,350.0
1753533117230,12:31:57.230,DMC/USDT:USDT,0.004391,15.0,0.00439,20.0,0.004399,647.0,0.004401,350.0
1753533117241,12:31:57.241,DMC/USDT:USDT,0.004392,5.0,0.004391,10.0,0.004399,647.0,0.004401,350.0
1753533117418,12:31:57.418,DMC/USDT:USDT,0.004392,5.0,0.004391,10.0,0.004399,647.0,0.004401,350.0
1753533117508,12:31:57.508,DMC/USDT:USDT,0.004392,5.0,0.004391,10.0,0.004399,647.0,0.004401,350.0
1753533117697,12:31:57.697,DMC/USDT:USDT,0.004392,5.0,0.004391,10.0,0.004399,647.0,0.004401,350.0
1753533117786,12:31:57.786,DMC/USDT:USDT,0.004392,5.0,0.004391,10.0,0.004399,647.0,0.004401,350.0
1753533117934,12:31:57.934,DMC/USDT:USDT,0.004392,5.0,0.004391,10.0,0.004399,1294.0,0.004401,350.0
1753533118318,12:31:58.318,DMC/USDT:USDT,0.004392,5.0,0.004391,10.0,0.004399,912.0,0.0044,10.0
1753533118432,12:31:58.432,DMC/USDT:USDT,0.004392,33.0,0.004391,10.0,0.004408,2070.0,0.004412,230.0
1753533118517,12:31:58.517,DMC/USDT:USDT,0.004393,29.0,0.004392,694.0,0.004408,696.0,0.00441,1374.0
1753533118616,12:31:58.616,DMC/USDT:USDT,0.004395,23.0,0.004394,3.0,0.004408,2.0,0.00441,1374.0
1753533118719,12:31:58.719,DMC/USDT:USDT,0.004396,26.0,0.004392,694.0,0.004408,2.0,0.00441,1374.0
1753533118824,12:31:58.824,DMC/USDT:USDT,0.004397,3.0,0.004392,694.0,0.004408,2.0,0.00441,1374.0
1753533118868,12:31:58.868,DMC/USDT:USDT,0.004393,131.0,0.004392,694.0,0.004408,2.0,0.00441,1374.0
1753533119005,12:31:59.005,DMC/USDT:USDT,0.004394,54.0,0.004391,1377.0,0.004408,2.0,0.00441,1374.0
1753533119128,12:31:59.128,DMC/USDT:USDT,0.004395,3.0,0.004391,1377.0,0.004408,2.0,0.00441,1374.0
1753533119157,12:31:59.157,DMC/USDT:USDT,0.004392,697.0,0.004391,1377.0,0.004408,2.0,0.00441,1374.0
1753533119273,12:31:59.273,DMC/USDT:USDT,0.004393,110.0,0.004392,694.0,0.004408,2.0,0.00441,1374.0
1753533119426,12:31:59.426,DMC/USDT:USDT,0.004394,3.0,0.004391,3.0,0.004405,694.0,0.004408,2.0
1753533119523,12:31:59.523,DMC/USDT:USDT,0.004391,339.0,0.004389,3.0,0.004405,694.0,0.004408,2.0
1753533119621,12:31:59.621,DMC/USDT:USDT,0.004391,362.0,0.004389,3.0,0.004407,1374.0,0.004408,2.0
1753533119731,12:31:59.731,DMC/USDT:USDT,0.004392,3.0,0.004391,339.0,0.004405,694.0,0.004407,1374.0
1753533119808,12:31:59.808,DMC/USDT:USDT,0.004392,13.0,0.004391,339.0,0.004404,1374.0,0.004405,694.0
1753533119842,12:31:59.842,DMC/USDT:USDT,0.004393,3.0,0.004392,10.0,0.004404,1374.0,0.004405,694.0
1753533120032,12:32:00.032,DMC/USDT:USDT,0.004393,3.0,0.004392,10.0,0.004404,1374.0,0.004405,694.0
1753533120034,12:32:00.034,DMC/USDT:USDT,0.004393,3.0,0.004392,10.0,0.004404,1374.0,0.004405,694.0
1753533120216,12:32:00.216,DMC/USDT:USDT,0.004393,3.0,0.004392,10.0,0.004404,1374.0,0.004405,694.0
1753533120259,12:32:00.259,DMC/USDT:USDT,0.004393,3.0,0.004392,10.0,0.004403,54.0,0.004404,1374.0
1753533120393,12:32:00.393,DMC/USDT:USDT,0.004393,3.0,0.004392,10.0,0.004403,54.0,0.004404,1374.0
1753533120490,12:32:00.490,DMC/USDT:USDT,0.004393,3.0,0.004392,10.0,0.004403,54.0,0.004404,1374.0
1753533120605,12:32:00.605,DMC/USDT:USDT,0.004393,3.0,0.004392,10.0,0.004403,748.0,0.004404,1374.0
1753533120894,12:32:00.894,DMC/USDT:USDT,0.004393,3.0,0.004392,10.0,0.004403,54.0,0.004407,1374.0
1753533121025,12:32:01.025,DMC/USDT:USDT,0.004393,3.0,0.004392,10.0,0.004403,54.0,0.004407,1374.0
1753533121332,12:32:01.332,DMC/USDT:USDT,0.004393,3.0,0.004392,10.0,0.004403,54.0,0.004407,1374.0
1753533121534,12:32:01.534,DMC/USDT:USDT,0.004393,39.0,0.004392,10.0,0.004403,54.0,0.004407,1374.0
1753533121624,12:32:01.624,DMC/USDT:USDT,0.004394,3.0,0.004393,10.0,0.004403,54.0,0.004407,1374.0
1753533121729,12:32:01.729,DMC/USDT:USDT,0.004394,52.0,0.004393,10.0,0.004403,54.0,0.004408,2.0
1753533121773,12:32:01.773,DMC/USDT:USDT,0.004395,3.0,0.004393,10.0,0.004403,54.0,0.004408,2.0
1753533121845,12:32:01.845,DMC/USDT:USDT,0.004394,3.0,0.004393,10.0,0.004403,54.0,0.004408,2.0
1753533122060,12:32:02.060,DMC/USDT:USDT,0.004394,3.0,0.004393,10.0,0.004403,54.0,0.004408,2.0
1753533122207,12:32:02.207,DMC/USDT:USDT,0.004394,3.0,0.004393,10.0,0.004403,54.0,0.004407,1374.0
1753533122255,12:32:02.255,DMC/USDT:USDT,0.004394,3.0,0.004393,10.0,0.004403,54.0,0.004407,1374.0
1753533122535,12:32:02.535,DMC/USDT:USDT,0.004394,3.0,0.004393,10.0,0.004403,54.0,0.004407,1374.0
1753533123029,12:32:03.029,DMC/USDT:USDT,0.004394,3.0,0.004393,10.0,0.004403,54.0,0.004407,1374.0
1753533123184,12:32:03.184,DMC/USDT:USDT,0.004394,3.0,0.004393,10.0,0.004403,54.0,0.004407,1374.0
1753533123331,12:32:03.331,DMC/USDT:USDT,0.004394,3.0,0.004393,10.0,0.004403,54.0,0.004407,1374.0
1753533123344,12:32:03.344,DMC/USDT:USDT,0.004394,3.0,0.004393,10.0,0.004403,54.0,0.004408,2.0
1753533123526,12:32:03.526,DMC/USDT:USDT,0.004395,1407.0,0.004394,13.0,0.004408,2.0,0.004411,694.0
1753533123633,12:32:03.633,DMC/USDT:USDT,0.004396,32.0,0.004395,1384.0,0.004408,2.0,0.004411,694.0
1753533123729,12:32:03.729,DMC/USDT:USDT,0.004398,1446.0,0.004397,3.0,0.004408,2.0,0.004412,230.0
1753533123831,12:32:03.831,DMC/USDT:USDT,0.004399,697.0,0.004398,1394.0,0.004408,2.0,0.004416,3848.0
1753533123926,12:32:03.926,DMC/USDT:USDT,0.0044,3.0,0.004399,694.0,0.004408,2.0,0.004415,349.0
1753533124033,12:32:04.033,DMC/USDT:USDT,0.0044,3.0,0.004399,694.0,0.004408,2.0,0.004413,230.0
1753533124079,12:32:04.079,DMC/USDT:USDT,0.0044,3.0,0.004399,694.0,0.004408,2.0,0.004413,230.0
1753533124219,12:32:04.219,DMC/USDT:USDT,0.0044,65.0,0.004399,694.0,0.004408,2.0,0.004415,349.0
1753533124332,12:32:04.332,DMC/USDT:USDT,0.004401,23.0,0.0044,20.0,0.004408,2.0,0.004415,349.0
1753533124412,12:32:04.412,DMC/USDT:USDT,0.004402,3.0,0.004401,20.0,0.004408,2.0,0.004415,349.0
1753533124519,12:32:04.519,DMC/USDT:USDT,0.004402,21.0,0.004401,10.0,0.004408,2.0,0.004413,924.0
1753533124570,12:32:04.570,DMC/USDT:USDT,0.004402,21.0,0.004401,10.0,0.004408,2.0,0.004413,924.0
1753533124709,12:32:04.709,DMC/USDT:USDT,0.004402,21.0,0.004401,10.0,0.004408,2.0,0.004413,924.0
1753533124772,12:32:04.772,DMC/USDT:USDT,0.004402,21.0,0.004401,10.0,0.004408,2.0,0.004413,924.0
1753533124882,12:32:04.882,DMC/USDT:USDT,0.004402,21.0,0.004401,10.0,0.004408,2.0,0.004414,1374.0
1753533125212,12:32:05.212,DMC/USDT:USDT,0.004402,21.0,0.004401,10.0,0.004408,2.0,0.004414,1374.0
1753533125325,12:32:05.325,DMC/USDT:USDT,0.004402,21.0,0.004401,10.0,0.004415,349.0,0.004416,3003.0
1753533125398,12:32:05.398,DMC/USDT:USDT,0.004402,21.0,0.004401,10.0,0.004415,349.0,0.004416,3003.0
1753533125517,12:32:05.517,DMC/USDT:USDT,0.004402,44.0,0.004401,10.0,0.004416,3003.0,0.004417,1375.0
1753533125618,12:32:05.618,DMC/USDT:USDT,0.004404,3720.0,0.004403,1377.0,0.004417,1.0,0.004422,1374.0
1753533125717,12:32:05.717,DMC/USDT:USDT,0.00441,714.0,0.004409,20.0,0.004417,1.0,0.004426,230.0
1753533125803,12:32:05.803,DMC/USDT:USDT,0.004411,3.0,0.00441,714.0,0.004417,1.0,0.004426,230.0
1753533125924,12:32:05.924,DMC/USDT:USDT,0.004411,3.0,0.00441,714.0,0.004417,1.0,0.004426,230.0
1753533126165,12:32:06.165,DMC/USDT:USDT,0.004411,3.0,0.00441,714.0,0.004417,1.0,0.004426,230.0
1753533126417,12:32:06.417,DMC/USDT:USDT,0.004411,3.0,0.00441,714.0,0.004417,1.0,0.004425,100.0
1753533126515,12:32:06.515,DMC/USDT:USDT,0.004411,1418.0,0.00441,714.0,0.004426,230.0,0.004427,1375.0
1753533126562,12:32:06.562,DMC/USDT:USDT,0.004412,3.0,0.004411,1392.0,0.004426,1.0,0.004427,1605.0
1753533126662,12:32:06.662,DMC/USDT:USDT,0.004412,3.0,0.004411,1374.0,0.004426,1.0,0.004427,1605.0
1753533126771,12:32:06.771,DMC/USDT:USDT,0.004412,3.0,0.004411,1374.0,0.004426,1.0,0.004427,1605.0
1753533126930,12:32:06.930,DMC/USDT:USDT,0.004412,26.0,0.004411,1374.0,0.004426,1.0,0.004427,1375.0
1753533127025,12:32:07.025,DMC/USDT:USDT,0.004413,3.0,0.00441,714.0,0.004426,1.0,0.004427,1605.0
1753533127131,12:32:07.131,DMC/USDT:USDT,0.004411,3.0,0.00441,714.0,0.004426,1.0,0.004427,1605.0
1753533127208,12:32:07.208,DMC/USDT:USDT,0.004411,3.0,0.00441,714.0,0.004426,802.0,0.004427,1605.0
1753533127244,12:32:07.244,DMC/USDT:USDT,0.004411,3.0,0.00441,714.0,0.004426,802.0,0.004427,1605.0
1753533127366,12:32:07.366,DMC/USDT:USDT,0.004411,3.0,0.00441,714.0,0.004424,1374.0,0.004426,802.0
1753533127517,12:32:07.517,DMC/USDT:USDT,0.004411,3.0,0.00441,714.0,0.004424,1374.0,0.004426,802.0
1753533127592,12:32:07.592,DMC/USDT:USDT,0.004411,3.0,0.00441,714.0,0.004424,1374.0,0.004426,802.0
1753533127688,12:32:07.688,DMC/USDT:USDT,0.004411,3.0,0.00441,714.0,0.004424,1374.0,0.004426,802.0
1753533127828,12:32:07.828,DMC/USDT:USDT,0.004411,3.0,0.00441,714.0,0.004424,1374.0,0.004426,802.0
1753533128030,12:32:08.030,DMC/USDT:USDT,0.004411,3.0,0.00441,20.0,0.004424,1374.0,0.004426,802.0
1753533128081,12:32:08.081,DMC/USDT:USDT,0.004411,3.0,0.00441,20.0,0.004424,1374.0,0.004426,802.0
1753533128226,12:32:08.226,DMC/USDT:USDT,0.004411,3.0,0.00441,20.0,0.004424,1374.0,0.004426,1.0
1753533128314,12:32:08.314,DMC/USDT:USDT,0.004411,3.0,0.00441,20.0,0.004424,1374.0,0.004426,1.0
1753533128420,12:32:08.420,DMC/USDT:USDT,0.004411,3.0,0.00441,714.0,0.004426,1.0,0.004427,1605.0
1753533128533,12:32:08.533,DMC/USDT:USDT,0.004411,3.0,0.00441,714.0,0.004426,1.0,0.004427,1605.0
1753533128564,12:32:08.564,DMC/USDT:USDT,0.004411,3.0,0.00441,714.0,0.004426,1.0,0.004427,1605.0
1753533128730,12:32:08.730,DMC/USDT:USDT,0.004411,1400.0,0.00441,714.0,0.004426,1.0,0.004427,1.0
1753533128825,12:32:08.825,DMC/USDT:USDT,0.004414,1374.0,0.004412,50.0,0.004426,1.0,0.004427,1.0
1753533128933,12:32:08.933,DMC/USDT:USDT,0.004417,1412.0,0.004416,694.0,0.004426,1.0,0.004427,1.0
1753533129033,12:32:09.033,DMC/USDT:USDT,0.004427,484.0,0.00442,1374.0,0.004437,1374.0,0.004438,230.0
1753533129132,12:32:09.132,DMC/USDT:USDT,0.004428,21.0,0.004426,10.0,0.004435,1.0,0.004441,694.0
1753533129201,12:32:09.201,DMC/USDT:USDT,0.004428,18.0,0.004427,3.0,0.004435,1.0,0.004441,694.0
1753533129306,12:32:09.306,DMC/USDT:USDT,0.004428,18.0,0.004427,3.0,0.004435,1.0,0.004442,1374.0
1753533129427,12:32:09.427,DMC/USDT:USDT,0.004428,18.0,0.004427,3.0,0.004435,1.0,0.00444,336.0
1753533129512,12:32:09.512,DMC/USDT:USDT,0.004428,18.0,0.004427,3.0,0.004435,1.0,0.00444,336.0
1753533129630,12:32:09.630,DMC/USDT:USDT,0.004428,18.0,0.004427,3.0,0.004435,1.0,0.00444,336.0
1753533129647,12:32:09.647,DMC/USDT:USDT,0.004428,18.0,0.004427,3.0,0.004435,1.0,0.00444,336.0
1753533129984,12:32:09.984,DMC/USDT:USDT,0.004428,18.0,0.004427,3.0,0.004435,1.0,0.00444,336.0
1753533130130,12:32:10.130,DMC/USDT:USDT,0.004428,18.0,0.004427,3.0,0.004442,1374.0,0.004444,3007.0
1753533130217,12:32:10.217,DMC/USDT:USDT,0.004429,2094.0,0.004428,18.0,0.004444,1.0,0.004446,1.0
1753533130327,12:32:10.327,DMC/USDT:USDT,0.004431,3147.0,0.00443,23.0,0.004442,801.0,0.004444,1.0
1753533130413,12:32:10.413,DMC/USDT:USDT,0.004435,694.0,0.004434,10.0,0.004442,801.0,0.004444,1.0
1753533130528,12:32:10.528,DMC/USDT:USDT,0.004436,21.0,0.004435,694.0,0.004444,1.0,0.004446,1.0
1753533130633,12:32:10.633,DMC/USDT:USDT,0.004436,21.0,0.004435,694.0,0.004446,1.0,0.004451,430.0
1753533130731,12:32:10.731,DMC/USDT:USDT,0.004436,44.0,0.004435,694.0,0.004451,90.0,0.004452,1374.0
1753533130830,12:32:10.830,DMC/USDT:USDT,0.004437,3.0,0.004436,18.0,0.004451,90.0,0.004452,1374.0
1753533130854,12:32:10.854,DMC/USDT:USDT,0.004436,3.0,0.004435,694.0,0.004451,90.0,0.004452,1374.0
1753533131031,12:32:11.031,DMC/USDT:USDT,0.004437,694.0,0.004436,3.0,0.004451,90.0,0.004452,1374.0
1753533131132,12:32:11.132,DMC/USDT:USDT,0.004438,3.0,0.004437,694.0,0.004451,90.0,0.004452,1374.0
1753533131231,12:32:11.231,DMC/USDT:USDT,0.004438,3.0,0.004437,694.0,0.004451,90.0,0.004452,1374.0
1753533131306,12:32:11.306,DMC/USDT:USDT,0.004438,3.0,0.004437,694.0,0.004451,90.0,0.004452,1374.0
1753533131417,12:32:11.417,DMC/USDT:USDT,0.004438,3.0,0.004437,694.0,0.004451,90.0,0.004452,1374.0
1753533131490,12:32:11.490,DMC/USDT:USDT,0.004438,3.0,0.004437,694.0,0.004451,90.0,0.004452,1374.0
1753533131633,12:32:11.633,DMC/USDT:USDT,0.004449,694.0,0.004448,1374.0,0.004465,1.0,0.004469,230.0
1753533131732,12:32:11.732,DMC/USDT:USDT,0.004451,10.0,0.00445,13.0,0.004462,1.0,0.004465,1.0
1753533131824,12:32:11.824,DMC/USDT:USDT,0.004455,694.0,0.004452,3.0,0.004462,1.0,0.004465,1.0
1753533131923,12:32:11.923,DMC/USDT:USDT,0.004456,13.0,0.004451,1374.0,0.004472,1374.0,0.004476,694.0
1753533132029,12:32:12.029,DMC/USDT:USDT,0.004457,694.0,0.004456,13.0,0.004471,347.0,0.004476,694.0
1753533132121,12:32:12.121,DMC/USDT:USDT,0.004457,694.0,0.004456,13.0,0.004471,347.0,0.004476,694.0
1753533132231,12:32:12.231,DMC/USDT:USDT,0.004457,694.0,0.004456,13.0,0.004471,347.0,0.004475,694.0
1753533132324,12:32:12.324,DMC/USDT:USDT,0.004457,694.0,0.004456,13.0,0.004471,347.0,0.004474,1374.0
1753533132372,12:32:12.372,DMC/USDT:USDT,0.004457,694.0,0.004456,13.0,0.004471,347.0,0.004474,1374.0
1753533132508,12:32:12.508,DMC/USDT:USDT,0.004457,697.0,0.004456,10.0,0.004471,347.0,0.004474,1374.0
1753533132628,12:32:12.628,DMC/USDT:USDT,0.004458,3.0,0.004457,694.0,0.004471,347.0,0.004474,1374.0
1753533132732,12:32:12.732,DMC/USDT:USDT,0.004458,1377.0,0.004457,694.0,0.004471,347.0,0.004474,1374.0
1753533132768,12:32:12.768,DMC/USDT:USDT,0.004459,3.0,0.004458,1374.0,0.004471,347.0,0.004474,1374.0
1753533133032,12:32:13.032,DMC/USDT:USDT,0.004459,3.0,0.004458,1374.0,0.004471,347.0,0.004474,1374.0
1753533133104,12:32:13.104,DMC/USDT:USDT,0.004459,3.0,0.004458,1374.0,0.004471,347.0,0.004474,1374.0
1753533133226,12:32:13.226,DMC/USDT:USDT,0.004459,3.0,0.004456,10.0,0.004471,347.0,0.004474,1374.0
1753533133245,12:32:13.245,DMC/USDT:USDT,0.004457,3.0,0.004456,10.0,0.004471,347.0,0.004474,1374.0
1753533133429,12:32:13.429,DMC/USDT:USDT,0.004457,3.0,0.004456,10.0,0.004471,347.0,0.004474,1374.0
1753533133532,12:32:13.532,DMC/USDT:USDT,0.004457,3.0,0.004456,10.0,0.004471,347.0,0.004474,1374.0
1753533133633,12:32:13.633,DMC/USDT:USDT,0.004425,804.0,0.004419,694.0,0.004435,1374.0,0.004438,1374.0
1753533133728,12:32:13.728,DMC/USDT:USDT,0.004425,352.0,0.004424,10.0,0.004441,694.0,0.004443,10.0
1753533133820,12:32:13.820,DMC/USDT:USDT,0.004426,13.0,0.004425,10.0,0.004439,230.0,0.00444,21.0
1753533133933,12:32:13.933,DMC/USDT:USDT,0.004427,3.0,0.004426,10.0,0.004438,21.0,0.004441,694.0
1753533134020,12:32:14.020,DMC/USDT:USDT,0.004427,3.0,0.004426,10.0,0.004435,694.0,0.004438,18.0
1753533134064,12:32:14.064,DMC/USDT:USDT,0.004427,3.0,0.004426,10.0,0.004434,21.0,0.004435,694.0
1753533134181,12:32:14.181,DMC/USDT:USDT,0.004427,3.0,0.004419,20.0,0.004434,21.0,0.004441,694.0
1753533134301,12:32:14.301,DMC/USDT:USDT,0.004422,1374.0,0.00442,346.0,0.004434,18.0,0.00444,3.0
1753533134427,12:32:14.427,DMC/USDT:USDT,0.004423,3.0,0.00442,343.0,0.004434,18.0,0.00444,3.0
1753533134533,12:32:14.533,DMC/USDT:USDT,0.004421,3.0,0.00442,343.0,0.004434,18.0,0.00444,3.0
1753533134620,12:32:14.620,DMC/USDT:USDT,0.004421,3.0,0.00442,343.0,0.004434,18.0,0.004439,1374.0
1753533134730,12:32:14.730,DMC/USDT:USDT,0.004421,3.0,0.00442,343.0,0.004434,18.0,0.004438,3.0
1753533134829,12:32:14.829,DMC/USDT:USDT,0.004421,3.0,0.00442,343.0,0.004433,694.0,0.004434,18.0
1753533134918,12:32:14.918,DMC/USDT:USDT,0.004421,3.0,0.004419,20.0,0.004432,3.0,0.004433,694.0
1753533135018,12:32:15.018,DMC/USDT:USDT,0.00442,3.0,0.004419,20.0,0.004432,1377.0,0.004433,1823.0
1753533135133,12:32:15.133,DMC/USDT:USDT,0.00442,3.0,0.004419,20.0,0.004431,3.0,0.004433,1823.0
1753533135218,12:32:15.218,DMC/USDT:USDT,0.00442,3.0,0.004419,20.0,0.004432,3.0,0.004433,1823.0
1753533135331,12:32:15.331,DMC/USDT:USDT,0.00442,46.0,0.004419,20.0,0.004432,3.0,0.004433,1129.0
1753533135429,12:32:15.429,DMC/USDT:USDT,0.004421,26.0,0.00442,23.0,0.004432,3.0,0.004433,1129.0
1753533135515,12:32:15.515,DMC/USDT:USDT,0.004422,41.0,0.004419,20.0,0.004432,3.0,0.004433,1129.0
1753533135607,12:32:15.607,DMC/USDT:USDT,0.004423,31.0,0.004419,20.0,0.004432,3.0,0.004433,1129.0
1753533135721,12:32:15.721,DMC/USDT:USDT,0.004424,113.0,0.004422,694.0,0.004432,3.0,0.004433,1129.0
1753533135830,12:32:15.830,DMC/USDT:USDT,0.004426,1497.0,0.004425,13.0,0.004441,3388.0,0.004442,694.0
1753533135924,12:32:15.924,DMC/USDT:USDT,0.004427,95.0,0.004426,1384.0,0.004442,694.0,0.004443,10.0
1753533136023,12:32:16.023,DMC/USDT:USDT,0.004429,1374.0,0.004428,95.0,0.004443,10.0,0.004444,704.0
1753533136129,12:32:16.129,DMC/USDT:USDT,0.00443,66.0,0.004429,1374.0,0.004443,10.0,0.004444,704.0
1753533136233,12:32:16.233,DMC/USDT:USDT,0.004431,28.0,0.004429,1374.0,0.004443,10.0,0.004444,10.0
1753533136327,12:32:16.327,DMC/USDT:USDT,0.004432,38.0,0.00443,10.0,0.004443,10.0,0.004444,10.0
1753533136421,12:32:16.421,DMC/USDT:USDT,0.004433,5.0,0.004432,10.0,0.004443,10.0,0.004444,10.0
1753533136530,12:32:16.530,DMC/USDT:USDT,0.004433,28.0,0.004432,10.0,0.004443,10.0,0.004444,10.0
1753533136560,12:32:16.560,DMC/USDT:USDT,0.004434,5.0,0.004432,10.0,0.004443,10.0,0.004444,10.0
1753533136710,12:32:16.710,DMC/USDT:USDT,0.004433,5.0,0.004432,10.0,0.004443,10.0,0.004444,10.0
1753533136825,12:32:16.825,DMC/USDT:USDT,0.004433,5.0,0.004432,10.0,0.004443,10.0,0.004444,10.0
1753533136882,12:32:16.882,DMC/USDT:USDT,0.004433,5.0,0.004432,10.0,0.004443,10.0,0.004444,10.0
1753533136954,12:32:16.954,DMC/USDT:USDT,0.004433,5.0,0.004432,10.0,0.004443,10.0,0.004444,10.0
1753533137231,12:32:17.231,DMC/USDT:USDT,0.004433,5.0,0.004432,10.0,0.004443,10.0,0.004444,10.0
1753533137328,12:32:17.328,DMC/USDT:USDT,0.004433,28.0,0.004432,10.0,0.004443,10.0,0.004444,10.0
1753533137363,12:32:17.363,DMC/USDT:USDT,0.004434,5.0,0.004432,10.0,0.004443,10.0,0.004444,10.0
1753533137463,12:32:17.463,DMC/USDT:USDT,0.004433,1469.0,0.004432,10.0,0.004443,10.0,0.004444,10.0
1753533137571,12:32:17.571,DMC/USDT:USDT,0.004434,5.0,0.004433,1374.0,0.004443,10.0,0.004444,10.0
1753533137722,12:32:17.722,DMC/USDT:USDT,0.004434,28.0,0.004433,1374.0,0.004443,10.0,0.004444,10.0
1753533137774,12:32:17.774,DMC/USDT:USDT,0.004435,5.0,0.004433,1374.0,0.004443,10.0,0.004444,10.0
1753533137841,12:32:17.841,DMC/USDT:USDT,0.004434,5.0,0.004433,1374.0,0.004443,10.0,0.004444,10.0
1753533138130,12:32:18.130,DMC/USDT:USDT,0.004434,5.0,0.004432,10.0,0.004443,10.0,0.004444,10.0
1753533138213,12:32:18.213,DMC/USDT:USDT,0.004433,5.0,0.004432,10.0,0.004443,642.0,0.004444,10.0
1753533138334,12:32:18.334,DMC/USDT:USDT,0.004433,5.0,0.004422,694.0,0.004441,1374.0,0.004442,694.0
1753533138364,12:32:18.364,DMC/USDT:USDT,0.004424,1465.0,0.004423,5.0,0.004441,1374.0,0.004442,694.0
1753533138467,12:32:18.467,DMC/USDT:USDT,0.004425,48.0,0.004424,1394.0,0.004441,1374.0,0.004442,694.0
1753533138630,12:32:18.630,DMC/USDT:USDT,0.004426,5.0,0.004424,1394.0,0.004441,1374.0,0.004442,694.0
1753533138710,12:32:18.710,DMC/USDT:USDT,0.004425,5.0,0.004424,1394.0,0.004441,1374.0,0.004442,694.0
1753533138761,12:32:18.761,DMC/USDT:USDT,0.004425,5.0,0.004424,1394.0,0.004441,1374.0,0.004442,694.0
1753533139022,12:32:19.022,DMC/USDT:USDT,0.004425,48.0,0.004424,1394.0,0.004441,1374.0,0.004442,694.0
1753533139060,12:32:19.060,DMC/USDT:USDT,0.004426,5.0,0.004424,1394.0,0.004441,1374.0,0.004442,694.0
1753533139227,12:32:19.227,DMC/USDT:USDT,0.004426,336.0,0.004425,5.0,0.004441,1374.0,0.004442,694.0
1753533139302,12:32:19.302,DMC/USDT:USDT,0.004427,5.0,0.004426,336.0,0.004442,694.0,0.004443,10.0
1753533139386,12:32:19.386,DMC/USDT:USDT,0.004427,5.0,0.004426,336.0,0.004442,694.0,0.004443,3439.0
1753533139515,12:32:19.515,DMC/USDT:USDT,0.004427,5.0,0.004426,336.0,0.004441,1374.0,0.004442,694.0
1753533139579,12:32:19.579,DMC/USDT:USDT,0.004427,5.0,0.004426,336.0,0.004441,1374.0,0.004442,694.0
1753533139730,12:32:19.730,DMC/USDT:USDT,0.004427,5.0,0.004426,336.0,0.004441,1374.0,0.004442,694.0
1753533139742,12:32:19.742,DMC/USDT:USDT,0.004427,5.0,0.004426,336.0,0.004441,1374.0,0.004442,694.0
1753533139899,12:32:19.899,DMC/USDT:USDT,0.004427,5.0,0.004426,336.0,0.004441,1374.0,0.004442,694.0
1753533140026,12:32:20.026,DMC/USDT:USDT,0.004427,5.0,0.004426,336.0,0.004441,1374.0,0.004442,694.0
1753533140226,12:32:20.226,DMC/USDT:USDT,0.004427,45.0,0.004426,336.0,0.004442,694.0,0.004443,3439.0
1753533140289,12:32:20.289,DMC/USDT:USDT,0.004428,5.0,0.004426,336.0,0.004442,694.0,0.004443,3439.0
1753533140402,12:32:20.402,DMC/USDT:USDT,0.004427,5.0,0.004426,336.0,0.004441,1374.0,0.004442,694.0
1753533140463,12:32:20.463,DMC/USDT:USDT,0.004427,5.0,0.004426,336.0,0.004441,1374.0,0.004442,694.0
1753533140581,12:32:20.581,DMC/USDT:USDT,0.004427,5.0,0.004426,336.0,0.004441,1374.0,0.004442,694.0
1753533140698,12:32:20.698,DMC/USDT:USDT,0.004427,5.0,0.004426,336.0,0.004441,1374.0,0.004442,694.0
1753533141428,12:32:21.428,DMC/USDT:USDT,0.004427,5.0,0.004424,1394.0,0.004436,694.0,0.004438,1374.0
1753533141528,12:32:21.528,DMC/USDT:USDT,0.004425,5.0,0.004424,20.0,0.004436,694.0,0.004438,1374.0
1753533141632,12:32:21.632,DMC/USDT:USDT,0.004407,1.0,0.004406,2099.0,0.004426,1384.0,0.004427,10.0
1753533141693,12:32:21.693,DMC/USDT:USDT,0.004408,34.0,0.004407,1.0,0.004422,10.0,0.004423,1374.0
1753533141833,12:32:21.833,DMC/USDT:USDT,0.004407,1.0,0.004406,10.0,0.004416,704.0,0.004417,1384.0
1753533141933,12:32:21.933,DMC/USDT:USDT,0.0044,33.0,0.004396,90.0,0.004414,1374.0,0.004415,234.0
1753533142026,12:32:22.026,DMC/USDT:USDT,0.004401,1.0,0.0044,10.0,0.00441,704.0,0.004411,10.0
1753533142119,12:32:22.119,DMC/USDT:USDT,0.004401,1.0,0.0044,10.0,0.004409,4.0,0.00441,10.0
1753533142151,12:32:22.151,DMC/USDT:USDT,0.004401,2.0,0.0044,10.0,0.004409,3.0,0.00441,10.0
1753533142305,12:32:22.305,DMC/USDT:USDT,0.004404,1.0,0.004401,3.0,0.004409,3.0,0.00441,10.0
1753533142419,12:32:22.419,DMC/USDT:USDT,0.004405,3.0,0.004404,1.0,0.004409,3.0,0.00441,10.0
1753533142511,12:32:22.511,DMC/USDT:USDT,0.004405,3.0,0.004404,1.0,0.004409,3.0,0.00441,10.0
1753533142592,12:32:22.592,DMC/USDT:USDT,0.004405,3.0,0.004404,1.0,0.004409,3.0,0.00441,10.0
1753533142650,12:32:22.650,DMC/USDT:USDT,0.004405,3.0,0.004404,1.0,0.004409,3.0,0.00441,10.0
1753533142915,12:32:22.915,DMC/USDT:USDT,0.004405,3.0,0.004404,1.0,0.004409,3.0,0.00441,10.0
1753533143033,12:32:23.033,DMC/USDT:USDT,0.004405,3.0,0.004404,1.0,0.004409,3.0,0.00441,10.0
1753533143117,12:32:23.117,DMC/USDT:USDT,0.004405,3.0,0.004404,1.0,0.004409,3.0,0.00441,10.0
1753533143232,12:32:23.232,DMC/USDT:USDT,0.004405,3.0,0.004404,1.0,0.004409,3.0,0.00441,10.0
1753533143333,12:32:23.333,DMC/USDT:USDT,0.004405,3.0,0.004404,1.0,0.004409,3.0,0.00441,10.0
1753533143359,12:32:23.359,DMC/USDT:USDT,0.004405,3.0,0.004404,1.0,0.004409,3.0,0.00441,10.0
1753533143631,12:32:23.631,DMC/USDT:USDT,0.004405,3.0,0.004404,1.0,0.004409,3.0,0.00441,10.0
1753533143643,12:32:23.643,DMC/USDT:USDT,0.004405,3.0,0.004404,1.0,0.004409,3.0,0.00441,10.0
1753533143930,12:32:23.930,DMC/USDT:USDT,0.004405,3.0,0.004404,1.0,0.004409,3.0,0.00441,10.0
1753533144029,12:32:24.029,DMC/USDT:USDT,0.004405,1147.0,0.004404,11.0,0.004416,704.0,0.004417,4984.0
1753533144061,12:32:24.061,DMC/USDT:USDT,0.004406,5.0,0.004405,1144.0,0.004416,704.0,0.004417,4984.0
1753533144213,12:32:24.213,DMC/USDT:USDT,0.004406,5.0,0.004405,1144.0,0.004416,704.0,0.004417,4984.0
1753533144320,12:32:24.320,DMC/USDT:USDT,0.004406,5.0,0.004405,10.0,0.004416,704.0,0.004417,3610.0
1753533144341,12:32:24.341,DMC/USDT:USDT,0.004406,5.0,0.004405,10.0,0.004416,704.0,0.004417,3610.0
1753533144628,12:32:24.628,DMC/USDT:USDT,0.004406,5.0,0.004405,10.0,0.004416,704.0,0.004417,3610.0
1753533144726,12:32:24.726,DMC/USDT:USDT,0.004406,5.0,0.004405,10.0,0.004416,704.0,0.004417,3610.0
1753533144741,12:32:24.741,DMC/USDT:USDT,0.004406,5.0,0.004405,10.0,0.004416,704.0,0.004417,3610.0
1753533144931,12:32:24.931,DMC/USDT:USDT,0.004406,1138.0,0.004405,10.0,0.004416,704.0,0.004417,3610.0
1753533144944,12:32:24.944,DMC/USDT:USDT,0.004407,5.0,0.004406,1133.0,0.004416,704.0,0.004417,3610.0
1753533145054,12:32:25.054,DMC/USDT:USDT,0.004407,5.0,0.004406,1133.0,0.004416,704.0,0.004417,3610.0
1753533145199,12:32:25.199,DMC/USDT:USDT,0.004407,5.0,0.004405,10.0,0.004416,2078.0,0.004417,3610.0
1753533145241,12:32:25.241,DMC/USDT:USDT,0.004406,5.0,0.004405,10.0,0.004416,2078.0,0.004417,3610.0
1753533145472,12:32:25.472,DMC/USDT:USDT,0.004406,5.0,0.004405,10.0,0.004416,2078.0,0.004417,3610.0
1753533145705,12:32:25.705,DMC/USDT:USDT,0.004406,5.0,0.004405,10.0,0.004416,1384.0,0.004417,3610.0
1753533145753,12:32:25.753,DMC/USDT:USDT,0.004406,1138.0,0.004405,10.0,0.004416,2078.0,0.004417,3610.0
1753533145841,12:32:25.841,DMC/USDT:USDT,0.004407,5.0,0.004406,1133.0,0.004416,2078.0,0.004417,3610.0
1753533146008,12:32:26.008,DMC/USDT:USDT,0.004407,5.0,0.004406,1133.0,0.004416,2078.0,0.004417,3610.0
1753533146062,12:32:26.062,DMC/USDT:USDT,0.004407,5.0,0.004405,20.0,0.004416,2078.0,0.004417,3610.0
1753533146141,12:32:26.141,DMC/USDT:USDT,0.004406,5.0,0.004405,20.0,0.004416,2078.0,0.004417,3610.0
1753533146290,12:32:26.290,DMC/USDT:USDT,0.004406,5.0,0.004405,20.0,0.004416,2078.0,0.004417,3610.0
1753533146631,12:32:26.631,DMC/USDT:USDT,0.004406,5.0,0.004405,20.0,0.004416,2078.0,0.004417,3610.0
1753533146714,12:32:26.714,DMC/USDT:USDT,0.004403,10.0,0.004397,1374.0,0.004413,1374.0,0.004415,100.0
1753533146831,12:32:26.831,DMC/USDT:USDT,0.004404,1.0,0.004403,10.0,0.004412,25.0,0.004413,1394.0
1753533146907,12:32:26.907,DMC/USDT:USDT,0.004404,1.0,0.004403,10.0,0.004411,5.0,0.004412,120.0
1753533146961,12:32:26.961,DMC/USDT:USDT,0.004404,1.0,0.004396,320.0,0.004411,5.0,0.004412,120.0
1753533147131,12:32:27.131,DMC/USDT:USDT,0.004397,34.0,0.004396,90.0,0.004408,1394.0,0.004409,714.0
1753533147206,12:32:27.206,DMC/USDT:USDT,0.004398,1.0,0.004397,10.0,0.004407,105.0,0.004408,5116.0
1753533147328,12:32:27.328,DMC/USDT:USDT,0.004395,1.0,0.004394,10.0,0.004403,10.0,0.004404,20.0
1753533147407,12:32:27.407,DMC/USDT:USDT,0.004395,1.0,0.004392,10.0,0.004402,5.0,0.004403,10.0
1753533147516,12:32:27.516,DMC/USDT:USDT,0.004395,1.0,0.004392,10.0,0.004401,694.0,0.004402,5.0
1753533147585,12:32:27.585,DMC/USDT:USDT,0.004395,1.0,0.004392,10.0,0.0044,5.0,0.004401,694.0
1753533147641,12:32:27.641,DMC/USDT:USDT,0.004395,1.0,0.004392,10.0,0.0044,5.0,0.004401,694.0
1753533147922,12:32:27.922,DMC/USDT:USDT,0.004395,1.0,0.004392,10.0,0.0044,5.0,0.004401,694.0
1753533148024,12:32:28.024,DMC/USDT:USDT,0.004395,1.0,0.004392,10.0,0.0044,5.0,0.004401,694.0
1753533148041,12:32:28.041,DMC/USDT:USDT,0.004395,1.0,0.004392,10.0,0.0044,5.0,0.004401,694.0
1753533148212,12:32:28.212,DMC/USDT:USDT,0.004395,1.0,0.004392,10.0,0.0044,5.0,0.004403,10.0
1753533148310,12:32:28.310,DMC/USDT:USDT,0.004395,1.0,0.004392,10.0,0.004401,694.0,0.004402,5.0
1753533148430,12:32:28.430,DMC/USDT:USDT,0.004395,1.0,0.004392,10.0,0.0044,5.0,0.004403,10.0
1753533148504,12:32:28.504,DMC/USDT:USDT,0.004395,1.0,0.004392,10.0,0.004402,5.0,0.004403,704.0
1753533148612,12:32:28.612,DMC/USDT:USDT,0.004395,1.0,0.004392,10.0,0.004402,5.0,0.004403,704.0
1753533148933,12:32:28.933,DMC/USDT:USDT,0.004395,1.0,0.004392,10.0,0.004402,5.0,0.004403,704.0
1753533149131,12:32:29.131,DMC/USDT:USDT,0.004395,1.0,0.004392,10.0,0.004402,5.0,0.004403,704.0
1753533149139,12:32:29.139,DMC/USDT:USDT,0.004395,1.0,0.004392,10.0,0.004402,5.0,0.004403,704.0
1753533149327,12:32:29.327,DMC/USDT:USDT,0.004395,1.0,0.004392,10.0,0.0044,694.0,0.004402,22.0
1753533149387,12:32:29.387,DMC/USDT:USDT,0.004395,1.0,0.004392,10.0,0.004399,22.0,0.004402,694.0
1753533149478,12:32:29.478,DMC/USDT:USDT,0.004395,1.0,0.004392,10.0,0.004399,17.0,0.004401,5.0
1753533149591,12:32:29.591,DMC/USDT:USDT,0.004395,1.0,0.004392,10.0,0.004399,17.0,0.004401,5.0
1753533149705,12:32:29.705,DMC/USDT:USDT,0.004395,1.0,0.004392,10.0,0.004399,17.0,0.004401,5.0
1753533150127,12:32:30.127,DMC/USDT:USDT,0.004395,1.0,0.004392,10.0,0.004399,17.0,0.004401,5.0
1753533150150,12:32:30.150,DMC/USDT:USDT,0.004395,1.0,0.004392,10.0,0.004399,17.0,0.0044,10.0
1753533150241,12:32:30.241,DMC/USDT:USDT,0.004395,1.0,0.004392,10.0,0.004399,22.0,0.0044,10.0
1753533150426,12:32:30.426,DMC/USDT:USDT,0.004392,10.0,0.004389,1.0,0.004399,22.0,0.0044,10.0
1753533150447,12:32:30.447,DMC/USDT:USDT,0.004392,10.0,0.004389,1.0,0.004399,22.0,0.0044,10.0
1753533150551,12:32:30.551,DMC/USDT:USDT,0.004392,10.0,0.004389,1.0,0.004399,22.0,0.0044,10.0
1753533151400,12:32:31.400,DMC/USDT:USDT,0.004392,10.0,0.004389,1.0,0.004399,22.0,0.0044,10.0
1753533151490,12:32:31.490,DMC/USDT:USDT,0.004392,10.0,0.00439,10.0,0.004399,22.0,0.0044,10.0
1753533151595,12:32:31.595,DMC/USDT:USDT,0.004393,1.0,0.004392,10.0,0.004399,22.0,0.0044,10.0
1753533151720,12:32:31.720,DMC/USDT:USDT,0.004393,1.0,0.004392,10.0,0.004399,22.0,0.0044,10.0
1753533151780,12:32:31.780,DMC/USDT:USDT,0.004393,1.0,0.004392,10.0,0.004399,22.0,0.0044,10.0
1753533151889,12:32:31.889,DMC/USDT:USDT,0.004393,1138.0,0.004392,10.0,0.004399,22.0,0.0044,10.0
1753533152012,12:32:32.012,DMC/USDT:USDT,0.004393,1148.0,0.004392,20.0,0.004399,22.0,0.0044,10.0
1753533152121,12:32:32.121,DMC/USDT:USDT,0.004393,1148.0,0.004392,20.0,0.004399,22.0,0.0044,10.0
1753533152198,12:32:32.198,DMC/USDT:USDT,0.004393,1148.0,0.004392,20.0,0.004399,22.0,0.0044,10.0
1753533152345,12:32:32.345,DMC/USDT:USDT,0.004393,1148.0,0.004392,20.0,0.004399,22.0,0.0044,10.0
1753533152702,12:32:32.702,DMC/USDT:USDT,0.004393,1148.0,0.004392,20.0,0.004399,22.0,0.0044,10.0
1753533152819,12:32:32.819,DMC/USDT:USDT,0.004393,1148.0,0.004392,20.0,0.004399,22.0,0.0044,10.0
1753533152888,12:32:32.888,DMC/USDT:USDT,0.004393,1148.0,0.004392,20.0,0.004399,22.0,0.0044,10.0
1753533153027,12:32:33.027,DMC/USDT:USDT,0.004393,1148.0,0.004392,20.0,0.004399,22.0,0.0044,10.0
1753533153117,12:32:33.117,DMC/USDT:USDT,0.004393,1148.0,0.004392,20.0,0.004399,22.0,0.0044,10.0
1753533153377,12:32:33.377,DMC/USDT:USDT,0.004393,1148.0,0.004392,20.0,0.004399,22.0,0.0044,10.0
1753533153722,12:32:33.722,DMC/USDT:USDT,0.004393,1148.0,0.004392,20.0,0.004399,22.0,0.0044,10.0
1753533153736,12:32:33.736,DMC/USDT:USDT,0.004393,1148.0,0.004392,20.0,0.004399,22.0,0.0044,10.0
1753533153894,12:32:33.894,DMC/USDT:USDT,0.004393,1148.0,0.004392,20.0,0.004399,22.0,0.0044,10.0
1753533154045,12:32:34.045,DMC/USDT:USDT,0.004393,1148.0,0.004392,20.0,0.004399,22.0,0.0044,10.0
1753533154300,12:32:34.300,DMC/USDT:USDT,0.004393,1148.0,0.004392,20.0,0.004399,22.0,0.0044,10.0
1753533155382,12:32:35.382,DMC/USDT:USDT,0.004392,10.0,0.004389,1.0,0.004399,32.0,0.0044,20.0
1753533155462,12:32:35.462,DMC/USDT:USDT,0.004392,10.0,0.004389,1.0,0.004398,5.0,0.004399,27.0
1753533155617,12:32:35.617,DMC/USDT:USDT,0.004392,10.0,0.004391,10.0,0.004398,5.0,0.004399,10.0
1753533155933,12:32:35.933,DMC/USDT:USDT,0.004392,721.0,0.004391,10.0,0.004398,5.0,0.0044,10.0
1753533155940,12:32:35.940,DMC/USDT:USDT,0.004392,721.0,0.004391,10.0,0.004399,5.0,0.0044,10.0
1753533156126,12:32:36.126,DMC/USDT:USDT,0.004392,721.0,0.004391,10.0,0.004399,5.0,0.0044,10.0
1753533156297,12:32:36.297,DMC/USDT:USDT,0.004392,721.0,0.004391,10.0,0.004399,5.0,0.0044,10.0
1753533156419,12:32:36.419,DMC/USDT:USDT,0.004392,721.0,0.004391,10.0,0.004399,5.0,0.0044,10.0
1753533156484,12:32:36.484,DMC/USDT:USDT,0.004392,721.0,0.004391,10.0,0.004399,5.0,0.0044,10.0
1753533156611,12:32:36.611,DMC/USDT:USDT,0.004392,721.0,0.004391,10.0,0.004399,5.0,0.0044,10.0
1753533157004,12:32:37.004,DMC/USDT:USDT,0.004392,721.0,0.004391,10.0,0.004399,5.0,0.0044,10.0
1753533157117,12:32:37.117,DMC/USDT:USDT,0.004392,721.0,0.004391,10.0,0.004399,5.0,0.0044,10.0
1753533157520,12:32:37.520,DMC/USDT:USDT,0.004392,721.0,0.004391,10.0,0.004399,5.0,0.0044,10.0
1753533157621,12:32:37.621,DMC/USDT:USDT,0.004392,721.0,0.004391,10.0,0.004399,5.0,0.0044,10.0
1753533158433,12:32:38.433,DMC/USDT:USDT,0.004392,721.0,0.004391,10.0,0.004399,5.0,0.0044,10.0
1753533158517,12:32:38.517,DMC/USDT:USDT,0.004389,1.0,0.004386,1.0,0.004397,694.0,0.004399,1479.0
1753533158557,12:32:38.557,DMC/USDT:USDT,0.004389,1.0,0.004386,1.0,0.004396,15.0,0.004397,704.0
1753533158659,12:32:38.659,DMC/USDT:USDT,0.004389,1.0,0.004388,10.0,0.004395,5.0,0.004396,10.0
1753533158826,12:32:38.826,DMC/USDT:USDT,0.004389,1.0,0.004388,10.0,0.004395,5.0,0.004396,10.0
1753533158898,12:32:38.898,DMC/USDT:USDT,0.004389,1.0,0.004388,10.0,0.004395,5.0,0.004396,10.0
1753533158988,12:32:38.988,DMC/USDT:USDT,0.004389,1.0,0.004388,10.0,0.004395,5.0,0.004396,10.0
1753533159131,12:32:39.131,DMC/USDT:USDT,0.004389,1.0,0.004388,10.0,0.004395,5.0,0.004396,10.0
1753533159179,12:32:39.179,DMC/USDT:USDT,0.004389,1.0,0.004388,10.0,0.004395,5.0,0.004396,10.0
1753533159243,12:32:39.243,DMC/USDT:USDT,0.004389,1.0,0.004388,10.0,0.004395,5.0,0.004396,10.0
1753533159452,12:32:39.452,DMC/USDT:USDT,0.004389,1.0,0.004388,10.0,0.004395,5.0,0.004396,10.0
1753533160083,12:32:40.083,DMC/USDT:USDT,0.004389,1.0,0.004388,10.0,0.004395,5.0,0.004396,10.0
1753533160317,12:32:40.317,DMC/USDT:USDT,0.004389,1.0,0.004388,10.0,0.004395,5.0,0.004396,10.0
1753533160400,12:32:40.400,DMC/USDT:USDT,0.004389,1.0,0.004388,20.0,0.004395,5.0,0.004396,10.0
1753533160442,12:32:40.442,DMC/USDT:USDT,0.004389,1.0,0.004388,20.0,0.004395,5.0,0.004396,10.0
1753533160617,12:32:40.617,DMC/USDT:USDT,0.004389,1.0,0.004388,20.0,0.004395,5.0,0.004396,10.0
1753533160711,12:32:40.711,DMC/USDT:USDT,0.004389,1.0,0.004388,20.0,0.004395,5.0,0.004396,10.0
1753533161220,12:32:41.220,DMC/USDT:USDT,0.004389,1.0,0.004388,20.0,0.004395,5.0,0.004396,10.0
1753533161320,12:32:41.320,DMC/USDT:USDT,0.004389,1.0,0.004388,20.0,0.004395,5.0,0.004396,10.0
1753533161697,12:32:41.697,DMC/USDT:USDT,0.004389,1.0,0.004388,20.0,0.004395,5.0,0.004396,10.0
1753533161800,12:32:41.800,DMC/USDT:USDT,0.004389,1.0,0.004388,20.0,0.004395,5.0,0.004396,10.0
1753533161886,12:32:41.886,DMC/USDT:USDT,0.004389,1.0,0.004388,20.0,0.004395,5.0,0.004396,10.0
1753533162047,12:32:42.047,DMC/USDT:USDT,0.004389,1.0,0.004388,20.0,0.004395,5.0,0.004396,10.0
1753533162838,12:32:42.838,DMC/USDT:USDT,0.004389,1.0,0.004388,20.0,0.004395,5.0,0.004396,10.0
1753533163078,12:32:43.078,DMC/USDT:USDT,0.004389,1.0,0.004388,20.0,0.004395,5.0,0.004396,10.0
1753533163622,12:32:43.622,DMC/USDT:USDT,0.004389,1.0,0.004388,20.0,0.004395,5.0,0.004396,10.0
1753533163707,12:32:43.707,DMC/USDT:USDT,0.004389,1.0,0.004388,20.0,0.004395,5.0,0.004396,10.0
1753533163742,12:32:43.742,DMC/USDT:USDT,0.004389,1.0,0.004388,20.0,0.004395,5.0,0.004396,10.0
1753533163882,12:32:43.882,DMC/USDT:USDT,0.004389,1.0,0.004388,20.0,0.004395,5.0,0.004396,10.0
1753533164667,12:32:44.667,DMC/USDT:USDT,0.004389,1.0,0.004388,20.0,0.004395,5.0,0.004396,10.0
1753533164909,12:32:44.909,DMC/USDT:USDT,0.004389,1.0,0.004388,20.0,0.004395,5.0,0.004396,10.0
1753533164941,12:32:44.941,DMC/USDT:USDT,0.004389,1.0,0.004388,20.0,0.004395,5.0,0.004396,10.0
1753533165055,12:32:45.055,DMC/USDT:USDT,0.004389,1.0,0.004388,20.0,0.004395,5.0,0.004396,10.0
1753533165270,12:32:45.270,DMC/USDT:USDT,0.004389,1.0,0.004388,20.0,0.004395,5.0,0.004396,10.0
1753533166063,12:32:46.063,DMC/USDT:USDT,0.004389,1.0,0.004388,20.0,0.004395,5.0,0.004396,10.0
1753533166193,12:32:46.193,DMC/USDT:USDT,0.004389,1.0,0.004388,20.0,0.004395,5.0,0.004396,10.0
1753533166934,12:32:46.934,DMC/USDT:USDT,0.004389,1.0,0.004388,20.0,0.004395,5.0,0.004396,10.0
1753533167042,12:32:47.042,DMC/USDT:USDT,0.004389,1.0,0.004388,20.0,0.004395,5.0,0.004396,10.0
1753533167501,12:32:47.501,DMC/USDT:USDT,0.004389,1.0,0.004388,20.0,0.004395,5.0,0.004396,10.0
1753533167565,12:32:47.565,DMC/USDT:USDT,0.004389,1.0,0.004388,20.0,0.004395,5.0,0.004396,10.0
1753533167691,12:32:47.691,DMC/USDT:USDT,0.004389,1.0,0.004388,20.0,0.004395,5.0,0.004396,10.0
1753533167781,12:32:47.781,DMC/USDT:USDT,0.004389,1.0,0.004388,20.0,0.004395,5.0,0.004396,10.0
1753533167843,12:32:47.843,DMC/USDT:USDT,0.004389,1.0,0.004388,20.0,0.004395,5.0,0.004396,10.0
1753533168099,12:32:48.099,DMC/USDT:USDT,0.004389,1.0,0.004388,20.0,0.004395,5.0,0.004396,10.0
1753533168247,12:32:48.247,DMC/USDT:USDT,0.004389,1.0,0.004388,20.0,0.004395,5.0,0.004396,10.0
1753533168905,12:32:48.905,DMC/USDT:USDT,0.004389,1.0,0.004388,20.0,0.004395,5.0,0.004396,10.0
1753533168977,12:32:48.977,DMC/USDT:USDT,0.004389,1.0,0.004388,20.0,0.004395,5.0,0.004396,10.0
1753533169078,12:32:49.078,DMC/USDT:USDT,0.004389,1.0,0.004388,20.0,0.004395,5.0,0.004396,10.0
1753533169161,12:32:49.161,DMC/USDT:USDT,0.004389,1.0,0.004388,20.0,0.004395,5.0,0.004396,10.0
1753533169319,12:32:49.319,DMC/USDT:USDT,0.004389,1.0,0.004388,20.0,0.004395,5.0,0.004396,10.0
1753533169342,12:32:49.342,DMC/USDT:USDT,0.004389,1.0,0.004388,20.0,0.004395,5.0,0.004396,10.0
1753533169449,12:32:49.449,DMC/USDT:USDT,0.004389,1.0,0.004388,20.0,0.004395,5.0,0.004396,10.0
1753533170157,12:32:50.157,DMC/USDT:USDT,0.004389,1.0,0.004388,20.0,0.004395,5.0,0.004396,10.0
1753533170327,12:32:50.327,DMC/USDT:USDT,0.004389,1.0,0.004388,20.0,0.004395,5.0,0.004396,10.0
1753533170497,12:32:50.497,DMC/USDT:USDT,0.004389,1.0,0.004388,20.0,0.004395,5.0,0.004396,10.0
1753533170558,12:32:50.558,DMC/USDT:USDT,0.004389,1.0,0.004388,20.0,0.004395,5.0,0.004396,10.0
1753533170690,12:32:50.690,DMC/USDT:USDT,0.004389,1.0,0.004388,20.0,0.004395,5.0,0.004396,10.0
1753533171192,12:32:51.192,DMC/USDT:USDT,0.004389,1.0,0.004388,20.0,0.004395,5.0,0.004396,10.0
1753533171380,12:32:51.380,DMC/USDT:USDT,0.004389,1.0,0.004388,20.0,0.004395,5.0,0.004396,10.0
1753533171646,12:32:51.646,DMC/USDT:USDT,0.004389,1.0,0.004388,20.0,0.004395,5.0,0.004396,10.0
1753533171808,12:32:51.808,DMC/USDT:USDT,0.004389,1.0,0.004386,1.0,0.004394,10.0,0.004395,15.0
1753533171922,12:32:51.922,DMC/USDT:USDT,0.004389,1.0,0.004386,1.0,0.004393,15.0,0.004394,20.0
1753533172019,12:32:52.019,DMC/USDT:USDT,0.004389,1.0,0.004386,1.0,0.004392,5.0,0.004393,10.0
1753533172207,12:32:52.207,DMC/USDT:USDT,0.004389,1.0,0.004386,1.0,0.004392,5.0,0.004393,10.0
1753533172256,12:32:52.256,DMC/USDT:USDT,0.004389,1.0,0.004386,1.0,0.004392,5.0,0.004393,10.0
1753533172633,12:32:52.633,DMC/USDT:USDT,0.004389,1.0,0.004386,11.0,0.004392,5.0,0.004393,10.0
1753533172683,12:32:52.683,DMC/USDT:USDT,0.004389,1.0,0.004386,11.0,0.004392,5.0,0.004393,10.0
1753533172832,12:32:52.832,DMC/USDT:USDT,0.004389,1.0,0.004386,11.0,0.004392,5.0,0.004393,10.0
1753533172934,12:32:52.934,DMC/USDT:USDT,0.00439,1474.0,0.004389,11.0,0.004402,3840.0,0.004403,694.0
1753533173033,12:32:53.033,DMC/USDT:USDT,0.004391,1431.0,0.00439,100.0,0.004402,23.0,0.004408,1.0
1753533173129,12:32:53.129,DMC/USDT:USDT,0.004394,694.0,0.004391,1374.0,0.004408,1.0,0.004413,1374.0
1753533173171,12:32:53.171,DMC/USDT:USDT,0.004394,694.0,0.004391,1374.0,0.004408,24.0,0.004413,1374.0
1753533173333,12:32:53.333,DMC/USDT:USDT,0.004394,714.0,0.004393,20.0,0.004401,1.0,0.004408,1.0
1753533173383,12:32:53.383,DMC/USDT:USDT,0.004395,2.0,0.004394,20.0,0.004408,1.0,0.004412,100.0
1753533173533,12:32:53.533,DMC/USDT:USDT,0.004395,2.0,0.004394,20.0,0.004408,1.0,0.004412,100.0
1753533173597,12:32:53.597,DMC/USDT:USDT,0.004396,694.0,0.004395,2.0,0.004408,11.0,0.004411,18.0
1753533173712,12:32:53.712,DMC/USDT:USDT,0.004397,2.0,0.004394,20.0,0.004408,11.0,0.004412,100.0
1753533173830,12:32:53.830,DMC/USDT:USDT,0.004396,694.0,0.004395,2.0,0.004407,18.0,0.004408,11.0
1753533173913,12:32:53.913,DMC/USDT:USDT,0.004397,2.0,0.004394,20.0,0.004407,18.0,0.004408,11.0
1753533174027,12:32:54.027,DMC/USDT:USDT,0.004395,2.0,0.004394,20.0,0.004407,18.0,0.004408,11.0
1753533174091,12:32:54.091,DMC/USDT:USDT,0.004396,694.0,0.004395,2.0,0.004407,18.0,0.004408,11.0
1753533174211,12:32:54.211,DMC/USDT:USDT,0.004397,2.0,0.004394,20.0,0.004407,18.0,0.004408,11.0
1753533174249,12:32:54.249,DMC/USDT:USDT,0.004395,696.0,0.004394,20.0,0.004407,18.0,0.004408,11.0
1753533174395,12:32:54.395,DMC/USDT:USDT,0.004396,2.0,0.004395,694.0,0.004407,18.0,0.004408,11.0
1753533174496,12:32:54.496,DMC/USDT:USDT,0.004396,2.0,0.004395,694.0,0.004407,18.0,0.004408,11.0
1753533174831,12:32:54.831,DMC/USDT:USDT,0.004396,2.0,0.004395,694.0,0.004407,18.0,0.004408,11.0
1753533175269,12:32:55.269,DMC/USDT:USDT,0.004396,2.0,0.004395,694.0,0.004407,18.0,0.004408,11.0
1753533177322,12:32:57.322,DMC/USDT:USDT,0.004396,2.0,0.004395,694.0,0.004407,18.0,0.004408,11.0
1753533177620,12:32:57.620,DMC/USDT:USDT,0.004396,2.0,0.004395,694.0,0.004407,18.0,0.004408,11.0
1753533178258,12:32:58.258,DMC/USDT:USDT,0.004396,2.0,0.004395,694.0,0.004407,18.0,0.004408,11.0
1753533178793,12:32:58.793,DMC/USDT:USDT,0.004396,2.0,0.004395,694.0,0.004407,18.0,0.004408,11.0
1753533178925,12:32:58.925,DMC/USDT:USDT,0.004396,2.0,0.004395,694.0,0.004407,18.0,0.004408,11.0
1753533179053,12:32:59.053,DMC/USDT:USDT,0.004396,2.0,0.004395,694.0,0.004407,18.0,0.004408,11.0
1753533179327,12:32:59.327,DMC/USDT:USDT,0.004396,2.0,0.004395,694.0,0.004407,18.0,0.004408,11.0
1753533179713,12:32:59.713,DMC/USDT:USDT,0.004401,20.0,0.0044,20.0,0.004408,1.0,0.004416,3840.0
1753533179782,12:32:59.782,DMC/USDT:USDT,0.004402,2.0,0.004401,20.0,0.004408,11.0,0.004409,10.0
1753533179904,12:32:59.904,DMC/USDT:USDT,0.004402,2.0,0.004401,20.0,0.004408,11.0,0.004409,10.0
1753533180106,12:33:00.106,DMC/USDT:USDT,0.004402,2.0,0.004401,20.0,0.004408,11.0,0.004409,10.0
1753533180213,12:33:00.213,DMC/USDT:USDT,0.004402,2.0,0.004401,20.0,0.004408,11.0,0.004409,10.0
1753533180324,12:33:00.324,DMC/USDT:USDT,0.004403,694.0,0.004402,102.0,0.00442,1374.0,0.004422,4533.0
1753533180433,12:33:00.433,DMC/USDT:USDT,0.004404,1403.0,0.004403,694.0,0.004417,1.0,0.00442,346.0
1753533180515,12:33:00.515,DMC/USDT:USDT,0.004405,5.0,0.004403,694.0,0.004417,1.0,0.00442,1720.0
1753533180582,12:33:00.582,DMC/USDT:USDT,0.004404,32.0,0.004403,694.0,0.004417,1.0,0.00442,1720.0
1753533180709,12:33:00.709,DMC/USDT:USDT,0.004405,2.0,0.004403,694.0,0.004417,1.0,0.00442,1720.0
1753533180820,12:33:00.820,DMC/USDT:USDT,0.004404,2.0,0.004403,694.0,0.004417,1.0,0.00442,1720.0
1753533181007,12:33:01.007,DMC/USDT:USDT,0.004404,2.0,0.004403,694.0,0.004417,1.0,0.00442,1720.0
1753533181088,12:33:01.088,DMC/USDT:USDT,0.004404,2.0,0.004403,694.0,0.004417,1.0,0.00442,1720.0
1753533181233,12:33:01.233,DMC/USDT:USDT,0.004404,2.0,0.004403,694.0,0.004417,1.0,0.00442,1720.0
1753533181324,12:33:01.324,DMC/USDT:USDT,0.004404,2.0,0.004403,694.0,0.004417,1.0,0.00442,1720.0
1753533181361,12:33:01.361,DMC/USDT:USDT,0.004404,2.0,0.004403,694.0,0.004417,11.0,0.00442,1720.0
1753533181447,12:33:01.447,DMC/USDT:USDT,0.004404,2.0,0.004403,694.0,0.004417,11.0,0.00442,1720.0
1753533181830,12:33:01.830,DMC/USDT:USDT,0.004404,12.0,0.004403,694.0,0.004417,11.0,0.00442,1720.0
1753533181871,12:33:01.871,DMC/USDT:USDT,0.004405,12.0,0.004404,10.0,0.004417,11.0,0.00442,1720.0
1753533181942,12:33:01.942,DMC/USDT:USDT,0.004406,2.0,0.004405,10.0,0.004417,11.0,0.00442,1720.0
1753533182288,12:33:02.288,DMC/USDT:USDT,0.004406,2.0,0.004405,10.0,0.004417,11.0,0.00442,1720.0
1753533182346,12:33:02.346,DMC/USDT:USDT,0.004406,2.0,0.004405,10.0,0.004417,11.0,0.00442,1720.0
1753533182529,12:33:02.529,DMC/USDT:USDT,0.004406,2.0,0.004405,10.0,0.004417,11.0,0.00442,1720.0
1753533182721,12:33:02.721,DMC/USDT:USDT,0.004406,2.0,0.004405,10.0,0.004417,11.0,0.00442,1720.0
1753533183212,12:33:03.212,DMC/USDT:USDT,0.004406,2.0,0.004405,10.0,0.004417,11.0,0.00442,1720.0
1753533183297,12:33:03.297,DMC/USDT:USDT,0.004406,2.0,0.004405,10.0,0.004417,11.0,0.00442,1720.0
1753533183661,12:33:03.661,DMC/USDT:USDT,0.004406,2.0,0.004405,10.0,0.004417,11.0,0.00442,1720.0
1753533183735,12:33:03.735,DMC/USDT:USDT,0.004406,2.0,0.004405,10.0,0.004417,11.0,0.00442,1720.0
1753533184483,12:33:04.483,DMC/USDT:USDT,0.004406,2.0,0.004405,10.0,0.004417,11.0,0.00442,1720.0
1753533184898,12:33:04.898,DMC/USDT:USDT,0.004406,2.0,0.004405,10.0,0.004417,11.0,0.00442,1720.0
1753533186009,12:33:06.009,DMC/USDT:USDT,0.004406,2.0,0.004404,10.0,0.004414,1384.0,0.004415,10.0
1753533186132,12:33:06.132,DMC/USDT:USDT,0.004405,2.0,0.004404,10.0,0.004414,1384.0,0.004415,10.0
1753533186257,12:33:06.257,DMC/USDT:USDT,0.004405,12.0,0.004404,10.0,0.004414,10.0,0.004415,10.0
1753533186343,12:33:06.343,DMC/USDT:USDT,0.004406,2.0,0.004405,10.0,0.004414,10.0,0.004415,10.0
1753533186582,12:33:06.582,DMC/USDT:USDT,0.004406,2.0,0.004405,10.0,0.004414,10.0,0.004415,10.0
1753533186738,12:33:06.738,DMC/USDT:USDT,0.004406,2.0,0.004405,10.0,0.004414,10.0,0.004415,10.0
1753533186877,12:33:06.877,DMC/USDT:USDT,0.004406,2.0,0.004405,10.0,0.004414,10.0,0.004415,10.0
1753533187429,12:33:07.429,DMC/USDT:USDT,0.004406,2.0,0.004405,10.0,0.004414,10.0,0.004415,10.0
1753533187632,12:33:07.632,DMC/USDT:USDT,0.004406,2.0,0.004405,10.0,0.004414,10.0,0.004415,10.0
1753533187865,12:33:07.865,DMC/USDT:USDT,0.004406,2.0,0.004405,10.0,0.004414,10.0,0.004415,10.0
1753533188275,12:33:08.275,DMC/USDT:USDT,0.004406,2.0,0.004405,10.0,0.004414,10.0,0.004415,10.0
1753533188344,12:33:08.344,DMC/USDT:USDT,0.004406,2.0,0.004405,10.0,0.004414,10.0,0.004415,10.0
1753533189099,12:33:09.099,DMC/USDT:USDT,0.004406,2.0,0.004405,10.0,0.004414,10.0,0.004415,10.0
1753533190927,12:33:10.927,DMC/USDT:USDT,0.004406,2.0,0.004405,10.0,0.004414,10.0,0.004415,10.0
1753533191231,12:33:11.231,DMC/USDT:USDT,0.004406,2.0,0.004405,10.0,0.004414,10.0,0.004415,10.0
1753533191244,12:33:11.244,DMC/USDT:USDT,0.004406,2.0,0.004405,10.0,0.004414,10.0,0.004415,10.0
1753533191731,12:33:11.731,DMC/USDT:USDT,0.004406,2.0,0.004405,10.0,0.004414,10.0,0.004415,10.0
1753533192433,12:33:12.433,DMC/USDT:USDT,0.004406,2.0,0.004405,10.0,0.004414,10.0,0.004415,10.0
1753533192472,12:33:12.472,DMC/USDT:USDT,0.004406,2.0,0.004405,10.0,0.004414,10.0,0.004415,10.0
1753533192666,12:33:12.666,DMC/USDT:USDT,0.004406,2.0,0.004405,10.0,0.004414,10.0,0.004415,10.0
1753533193627,12:33:13.627,DMC/USDT:USDT,0.004406,2.0,0.004405,10.0,0.004414,10.0,0.004415,10.0
1753533196492,12:33:16.492,DMC/USDT:USDT,0.004406,2.0,0.004405,10.0,0.004414,10.0,0.004415,10.0
1753533197789,12:33:17.789,DMC/USDT:USDT,0.004406,2.0,0.004405,10.0,0.004414,10.0,0.004415,10.0
1753533199723,12:33:19.723,DMC/USDT:USDT,0.004406,2.0,0.004405,10.0,0.004414,10.0,0.004415,10.0
1753533199885,12:33:19.885,DMC/USDT:USDT,0.004406,2.0,0.004405,10.0,0.004414,10.0,0.004415,10.0
1753533200425,12:33:20.425,DMC/USDT:USDT,0.004406,2.0,0.004405,10.0,0.004414,10.0,0.004415,10.0
1753533201276,12:33:21.276,DMC/USDT:USDT,0.004406,2.0,0.004405,10.0,0.004414,10.0,0.004415,10.0
1753533201806,12:33:21.806,DMC/USDT:USDT,0.004406,2.0,0.004405,10.0,0.004414,10.0,0.004415,10.0
1753533206076,12:33:26.076,DMC/USDT:USDT,0.004406,2.0,0.004405,10.0,0.004414,10.0,0.004415,10.0
1753533206300,12:33:26.300,DMC/USDT:USDT,0.004406,2.0,0.004405,10.0,0.004414,10.0,0.004415,10.0
1753533206399,12:33:26.399,DMC/USDT:USDT,0.004406,2.0,0.004405,10.0,0.004414,10.0,0.004415,10.0
1753533206530,12:33:26.530,DMC/USDT:USDT,0.004406,2.0,0.004405,10.0,0.004414,10.0,0.004415,10.0
1753533208651,12:33:28.651,DMC/USDT:USDT,0.004406,2.0,0.004405,10.0,0.004414,10.0,0.004415,10.0
1753533208968,12:33:28.968,DMC/USDT:USDT,0.004406,2.0,0.004405,10.0,0.004414,10.0,0.004415,10.0
1753533209650,12:33:29.650,DMC/USDT:USDT,0.004406,2.0,0.004405,10.0,0.004414,10.0,0.004415,10.0
1753533209833,12:33:29.833,DMC/USDT:USDT,0.004406,2.0,0.004405,10.0,0.004414,10.0,0.004415,10.0
1753533210483,12:33:30.483,DMC/USDT:USDT,0.004403,3.0,0.004397,5213.0,0.004413,1384.0,0.004414,110.0
1753533210633,12:33:30.633,DMC/USDT:USDT,0.004398,26.0,0.004397,1374.0,0.004413,1384.0,0.004414,110.0
1753533210724,12:33:30.724,DMC/USDT:USDT,0.004398,3.0,0.004395,2069.0,0.004413,1384.0,0.004414,110.0
1753533210833,12:33:30.833,DMC/USDT:USDT,0.004396,57.0,0.004395,2069.0,0.004413,1384.0,0.004414,10.0
1753533210834,12:33:30.834,DMC/USDT:USDT,0.004396,57.0,0.004395,2069.0,0.004413,1384.0,0.004414,10.0
1753533210939,12:33:30.939,DMC/USDT:USDT,0.004399,335.0,0.004396,57.0,0.004413,1384.0,0.004414,10.0
1753533211045,12:33:31.045,DMC/USDT:USDT,0.0044,57.0,0.004399,335.0,0.004413,1384.0,0.004414,10.0
1753533211274,12:33:31.274,DMC/USDT:USDT,0.0044,57.0,0.004399,335.0,0.004413,1384.0,0.004414,10.0
1753533211367,12:33:31.367,DMC/USDT:USDT,0.0044,57.0,0.004399,335.0,0.004413,10.0,0.004414,10.0
1753533211709,12:33:31.709,DMC/USDT:USDT,0.0044,57.0,0.004399,335.0,0.004413,10.0,0.004414,10.0
1753533211947,12:33:31.947,DMC/USDT:USDT,0.0044,57.0,0.004399,335.0,0.004413,10.0,0.004414,10.0
1753533212113,12:33:32.113,DMC/USDT:USDT,0.0044,57.0,0.004399,335.0,0.004413,10.0,0.004414,10.0
1753533212876,12:33:32.876,DMC/USDT:USDT,0.0044,57.0,0.004399,335.0,0.004413,10.0,0.004414,10.0
1753533215372,12:33:35.372,DMC/USDT:USDT,0.0044,57.0,0.004399,335.0,0.004413,10.0,0.004414,10.0
1753533215758,12:33:35.758,DMC/USDT:USDT,0.0044,57.0,0.004399,335.0,0.004413,10.0,0.004414,10.0
1753533216193,12:33:36.193,DMC/USDT:USDT,0.0044,57.0,0.004399,335.0,0.004413,10.0,0.004414,10.0
1753533217122,12:33:37.122,DMC/USDT:USDT,0.0044,57.0,0.004399,335.0,0.004413,10.0,0.004414,10.0
1753533217311,12:33:37.311,DMC/USDT:USDT,0.0044,57.0,0.004399,335.0,0.004413,10.0,0.004414,10.0
1753533217428,12:33:37.428,DMC/USDT:USDT,0.0044,57.0,0.004399,335.0,0.004413,10.0,0.004414,10.0
1753533217491,12:33:37.491,DMC/USDT:USDT,0.0044,57.0,0.004399,335.0,0.004413,10.0,0.004414,10.0
1753533217551,12:33:37.551,DMC/USDT:USDT,0.0044,57.0,0.004399,335.0,0.004413,10.0,0.004414,704.0
1753533217675,12:33:37.675,DMC/USDT:USDT,0.0044,57.0,0.004399,335.0,0.004413,10.0,0.004414,10.0
1753533217785,12:33:37.785,DMC/USDT:USDT,0.0044,57.0,0.004399,335.0,0.004413,10.0,0.004414,704.0
1753533218007,12:33:38.007,DMC/USDT:USDT,0.0044,57.0,0.004399,335.0,0.004413,10.0,0.004414,704.0
1753533218574,12:33:38.574,DMC/USDT:USDT,0.0044,57.0,0.004399,335.0,0.004413,10.0,0.004414,704.0
1753533218651,12:33:38.651,DMC/USDT:USDT,0.0044,57.0,0.004399,335.0,0.004412,1374.0,0.004413,10.0
1753533218880,12:33:38.880,DMC/USDT:USDT,0.0044,57.0,0.004399,335.0,0.004412,1374.0,0.004413,10.0
1753533219003,12:33:39.003,DMC/USDT:USDT,0.0044,57.0,0.004399,335.0,0.004412,1374.0,0.004413,10.0
1753533219067,12:33:39.067,DMC/USDT:USDT,0.0044,57.0,0.004399,335.0,0.004412,1374.0,0.004413,10.0
1753533219429,12:33:39.429,DMC/USDT:USDT,0.0044,57.0,0.004399,335.0,0.004412,1374.0,0.004413,10.0
1753533220196,12:33:40.196,DMC/USDT:USDT,0.0044,57.0,0.004399,335.0,0.004413,10.0,0.004414,704.0
1753533220297,12:33:40.297,DMC/USDT:USDT,0.0044,57.0,0.004399,335.0,0.004413,10.0,0.004414,10.0
1753533220346,12:33:40.346,DMC/USDT:USDT,0.0044,57.0,0.004399,335.0,0.004413,10.0,0.004414,704.0
1753533220479,12:33:40.479,DMC/USDT:USDT,0.0044,57.0,0.004399,335.0,0.004413,10.0,0.004414,10.0
1753533220613,12:33:40.613,DMC/USDT:USDT,0.0044,57.0,0.004399,335.0,0.004413,10.0,0.004414,704.0
1753533220707,12:33:40.707,DMC/USDT:USDT,0.0044,57.0,0.004399,335.0,0.004413,1384.0,0.004414,704.0
