timestamp,time,symbol,bid1_price,bid1_volume,bid2_price,bid2_volume,ask1_price,ask1_volume,ask2_price,ask2_volume
1753533020000,12:30:20.000,CVC/USDT:USDT,0.10391,20.0,0.1039,50.0,0.10397,19.0,0.10399,147.0
1753533020854,12:30:20.854,CVC/USDT:USDT,0.10391,20.0,0.1039,50.0,0.10397,19.0,0.10399,147.0
1753533021615,12:30:21.615,CVC/USDT:USDT,0.10391,20.0,0.1039,50.0,0.10397,19.0,0.10399,147.0
1753533024022,12:30:24.022,CVC/USDT:USDT,0.10391,20.0,0.1039,50.0,0.10397,19.0,0.10399,147.0
1753533026646,12:30:26.646,CVC/USDT:USDT,0.10391,20.0,0.1039,50.0,0.10397,19.0,0.10399,147.0
1753533029187,12:30:29.187,CVC/USDT:USDT,0.10391,20.0,0.1039,50.0,0.10397,39.0,0.10399,147.0
1753533029478,12:30:29.478,CVC/USDT:USDT,0.10391,20.0,0.1039,50.0,0.10397,39.0,0.10399,147.0
1753533029586,12:30:29.586,CVC/USDT:USDT,0.10391,20.0,0.1039,50.0,0.10397,39.0,0.10399,147.0
1753533032438,12:30:32.438,CVC/USDT:USDT,0.10391,20.0,0.1039,50.0,0.10397,39.0,0.10399,147.0
1753533033422,12:30:33.422,CVC/USDT:USDT,0.10391,20.0,0.1039,50.0,0.10397,39.0,0.10399,147.0
1753533033519,12:30:33.519,CVC/USDT:USDT,0.1039,50.0,0.10389,19.0,0.10396,19.0,0.10397,39.0
1753533033579,12:30:33.579,CVC/USDT:USDT,0.1039,50.0,0.10389,19.0,0.10396,19.0,0.10397,39.0
1753533033732,12:30:33.732,CVC/USDT:USDT,0.1039,50.0,0.10389,19.0,0.10396,19.0,0.10397,39.0
1753533034148,12:30:34.148,CVC/USDT:USDT,0.1039,50.0,0.10389,19.0,0.10396,19.0,0.10397,39.0
1753533034628,12:30:34.628,CVC/USDT:USDT,0.1039,50.0,0.10389,19.0,0.10396,19.0,0.10397,39.0
1753533038231,12:30:38.231,CVC/USDT:USDT,0.1039,50.0,0.10389,19.0,0.10396,146.0,0.10397,39.0
1753533041467,12:30:41.467,CVC/USDT:USDT,0.1039,50.0,0.10389,19.0,0.10396,165.0,0.10397,20.0
1753533041659,12:30:41.659,CVC/USDT:USDT,0.1039,50.0,0.10389,19.0,0.10396,165.0,0.10397,20.0
1753533042100,12:30:42.100,CVC/USDT:USDT,0.1039,50.0,0.10389,19.0,0.10395,19.0,0.10396,165.0
1753533042675,12:30:42.675,CVC/USDT:USDT,0.1039,50.0,0.10389,19.0,0.10395,19.0,0.10396,165.0
1753533043724,12:30:43.724,CVC/USDT:USDT,0.1039,50.0,0.10389,19.0,0.10395,19.0,0.10396,165.0
1753533044022,12:30:44.022,CVC/USDT:USDT,0.1039,50.0,0.10389,19.0,0.10395,19.0,0.10396,165.0
1753533044043,12:30:44.043,CVC/USDT:USDT,0.1039,50.0,0.10389,19.0,0.10395,19.0,0.10396,165.0
1753533044709,12:30:44.709,CVC/USDT:USDT,0.1039,50.0,0.10389,19.0,0.10395,19.0,0.10396,165.0
1753533046923,12:30:46.923,CVC/USDT:USDT,0.1039,50.0,0.10389,19.0,0.10395,19.0,0.10396,165.0
1753533047266,12:30:47.266,CVC/USDT:USDT,0.1039,50.0,0.10389,19.0,0.10395,19.0,0.10396,165.0
1753533047836,12:30:47.836,CVC/USDT:USDT,0.1039,50.0,0.10389,19.0,0.10395,19.0,0.10396,165.0
1753533049395,12:30:49.395,CVC/USDT:USDT,0.1039,50.0,0.10389,19.0,0.10395,19.0,0.10396,165.0
1753533050178,12:30:50.178,CVC/USDT:USDT,0.1039,50.0,0.10389,19.0,0.10395,19.0,0.10396,165.0
1753533052874,12:30:52.874,CVC/USDT:USDT,0.1039,50.0,0.10389,19.0,0.10395,19.0,0.10396,165.0
1753533053081,12:30:53.081,CVC/USDT:USDT,0.1039,50.0,0.10389,19.0,0.10395,19.0,0.10396,165.0
1753533055607,12:30:55.607,CVC/USDT:USDT,0.1039,50.0,0.10389,19.0,0.10395,19.0,0.10396,165.0
1753533059598,12:30:59.598,CVC/USDT:USDT,0.1039,50.0,0.10389,19.0,0.10395,19.0,0.10396,165.0
1753533059686,12:30:59.686,CVC/USDT:USDT,0.1039,50.0,0.10389,19.0,0.10395,19.0,0.10396,165.0
1753533059828,12:30:59.828,CVC/USDT:USDT,0.10386,20.0,0.10384,50.0,0.10393,39.0,0.10394,127.0
1753533059933,12:30:59.933,CVC/USDT:USDT,0.10386,20.0,0.10384,50.0,0.10392,147.0,0.10393,39.0
1753533059995,12:30:59.995,CVC/USDT:USDT,0.10386,20.0,0.10384,50.0,0.10392,147.0,0.10393,39.0
1753533060132,12:31:00.132,CVC/USDT:USDT,0.10386,20.0,0.10384,50.0,0.10392,147.0,0.10393,39.0
1753533060233,12:31:00.233,CVC/USDT:USDT,0.10386,20.0,0.10384,50.0,0.10392,147.0,0.10393,39.0
1753533060427,12:31:00.427,CVC/USDT:USDT,0.10386,20.0,0.10384,50.0,0.10392,147.0,0.10393,39.0
1753533060812,12:31:00.812,CVC/USDT:USDT,0.10385,20.0,0.10384,50.0,0.10391,39.0,0.10392,147.0
1753533060856,12:31:00.856,CVC/USDT:USDT,0.10385,20.0,0.10384,50.0,0.10391,39.0,0.10392,147.0
1753533061066,12:31:01.066,CVC/USDT:USDT,0.10385,20.0,0.10384,50.0,0.1039,20.0,0.10391,39.0
1753533061145,12:31:01.145,CVC/USDT:USDT,0.10385,20.0,0.10384,50.0,0.1039,20.0,0.10391,39.0
1753533061327,12:31:01.327,CVC/USDT:USDT,0.10385,20.0,0.10384,50.0,0.1039,147.0,0.10391,39.0
1753533061532,12:31:01.532,CVC/USDT:USDT,0.10385,20.0,0.10384,50.0,0.1039,147.0,0.10391,39.0
1753533061547,12:31:01.547,CVC/USDT:USDT,0.10385,20.0,0.10384,50.0,0.1039,147.0,0.10391,39.0
1753533061672,12:31:01.672,CVC/USDT:USDT,0.10385,20.0,0.10384,50.0,0.1039,127.0,0.10391,39.0
1753533061780,12:31:01.780,CVC/USDT:USDT,0.10385,20.0,0.10384,50.0,0.1039,127.0,0.10391,39.0
1753533062126,12:31:02.126,CVC/USDT:USDT,0.10378,20.0,0.10377,32.0,0.10389,19.0,0.1039,127.0
1753533062225,12:31:02.225,CVC/USDT:USDT,0.10378,20.0,0.10377,32.0,0.10389,19.0,0.1039,127.0
1753533062332,12:31:02.332,CVC/USDT:USDT,0.10378,20.0,0.10377,32.0,0.10389,19.0,0.1039,127.0
1753533062439,12:31:02.439,CVC/USDT:USDT,0.10378,20.0,0.10377,32.0,0.10389,19.0,0.1039,127.0
1753533062455,12:31:02.455,CVC/USDT:USDT,0.10378,20.0,0.10377,32.0,0.10389,19.0,0.1039,127.0
1753533062623,12:31:02.623,CVC/USDT:USDT,0.10378,20.0,0.10377,32.0,0.10389,166.0,0.10391,20.0
1753533062737,12:31:02.737,CVC/USDT:USDT,0.10378,20.0,0.10377,32.0,0.10388,20.0,0.10389,166.0
1753533062771,12:31:02.771,CVC/USDT:USDT,0.10377,20.0,0.10376,194.0,0.10387,19.0,0.10388,20.0
1753533062927,12:31:02.927,CVC/USDT:USDT,0.10377,20.0,0.10376,194.0,0.1039,19.0,0.10391,20.0
1753533062944,12:31:02.944,CVC/USDT:USDT,0.10377,20.0,0.10376,194.0,0.1039,19.0,0.10391,20.0
1753533063103,12:31:03.103,CVC/USDT:USDT,0.10378,19.0,0.10377,70.0,0.1039,19.0,0.10391,20.0
1753533063327,12:31:03.327,CVC/USDT:USDT,0.10378,19.0,0.10377,70.0,0.1039,19.0,0.10391,20.0
1753533063445,12:31:03.445,CVC/USDT:USDT,0.10378,19.0,0.10377,70.0,0.1039,19.0,0.10391,20.0
1753533064031,12:31:04.031,CVC/USDT:USDT,0.10378,19.0,0.10377,70.0,0.1039,19.0,0.10391,20.0
1753533064313,12:31:04.313,CVC/USDT:USDT,0.10378,19.0,0.10377,70.0,0.1039,19.0,0.10391,20.0
1753533067138,12:31:07.138,CVC/USDT:USDT,0.10378,19.0,0.10377,70.0,0.1039,19.0,0.10391,20.0
1753533067192,12:31:07.192,CVC/USDT:USDT,0.10378,19.0,0.10377,70.0,0.1039,19.0,0.10391,20.0
1753533067453,12:31:07.453,CVC/USDT:USDT,0.10378,19.0,0.10377,70.0,0.1039,19.0,0.10392,127.0
1753533068070,12:31:08.070,CVC/USDT:USDT,0.10379,19.0,0.10378,69.0,0.10391,19.0,0.10392,127.0
1753533068284,12:31:08.284,CVC/USDT:USDT,0.10379,19.0,0.10378,69.0,0.10391,19.0,0.10392,127.0
1753533068700,12:31:08.700,CVC/USDT:USDT,0.10379,19.0,0.10378,69.0,0.10391,19.0,0.10392,127.0
1753533069037,12:31:09.037,CVC/USDT:USDT,0.1038,19.0,0.10379,69.0,0.10391,19.0,0.10392,127.0
1753533069125,12:31:09.125,CVC/USDT:USDT,0.1038,19.0,0.10379,69.0,0.10391,19.0,0.10392,127.0
1753533069540,12:31:09.540,CVC/USDT:USDT,0.1038,19.0,0.10379,69.0,0.10391,19.0,0.10392,127.0
1753533069540,12:31:09.540,CVC/USDT:USDT,0.1038,19.0,0.10379,69.0,0.10391,19.0,0.10392,127.0
1753533069811,12:31:09.811,CVC/USDT:USDT,0.1038,19.0,0.10379,69.0,0.10391,19.0,0.10392,127.0
1753533070013,12:31:10.013,CVC/USDT:USDT,0.1038,19.0,0.10379,69.0,0.10391,19.0,0.10392,127.0
1753533070762,12:31:10.762,CVC/USDT:USDT,0.1038,19.0,0.10379,69.0,0.10391,19.0,0.10392,127.0
1753533072667,12:31:12.667,CVC/USDT:USDT,0.1038,19.0,0.10379,69.0,0.10391,19.0,0.10392,127.0
1753533076817,12:31:16.817,CVC/USDT:USDT,0.1038,19.0,0.10379,69.0,0.10391,19.0,0.10392,127.0
1753533078218,12:31:18.218,CVC/USDT:USDT,0.10381,20.0,0.1038,31.0,0.10391,19.0,0.10392,127.0
1753533078814,12:31:18.814,CVC/USDT:USDT,0.10381,20.0,0.1038,31.0,0.10391,19.0,0.10392,127.0
1753533080041,12:31:20.041,CVC/USDT:USDT,0.10381,20.0,0.1038,31.0,0.10391,19.0,0.10392,127.0
1753533081671,12:31:21.671,CVC/USDT:USDT,0.10381,20.0,0.1038,31.0,0.10391,19.0,0.10392,127.0
1753533082233,12:31:22.233,CVC/USDT:USDT,0.10381,20.0,0.1038,31.0,0.10391,39.0,0.10392,127.0
1753533082240,12:31:22.240,CVC/USDT:USDT,0.10381,20.0,0.1038,31.0,0.10391,39.0,0.10392,127.0
1753533085825,12:31:25.825,CVC/USDT:USDT,0.1038,19.0,0.10379,69.0,0.10391,39.0,0.10392,127.0
1753533086061,12:31:26.061,CVC/USDT:USDT,0.1038,19.0,0.10379,69.0,0.10391,39.0,0.10392,127.0
1753533093257,12:31:33.257,CVC/USDT:USDT,0.1038,19.0,0.10379,69.0,0.10391,39.0,0.10392,127.0
1753533093630,12:31:33.630,CVC/USDT:USDT,0.1038,19.0,0.10379,69.0,0.10391,19.0,0.10392,127.0
1753533095545,12:31:35.545,CVC/USDT:USDT,0.1038,19.0,0.10379,69.0,0.10391,19.0,0.10392,127.0
1753533099048,12:31:39.048,CVC/USDT:USDT,0.1038,19.0,0.10379,69.0,0.10391,19.0,0.10392,127.0
1753533099156,12:31:39.156,CVC/USDT:USDT,0.10381,19.0,0.1038,31.0,0.10391,19.0,0.10392,127.0
1753533099296,12:31:39.296,CVC/USDT:USDT,0.10381,19.0,0.1038,31.0,0.10391,19.0,0.10392,127.0
1753533099739,12:31:39.739,CVC/USDT:USDT,0.10381,19.0,0.1038,31.0,0.10391,19.0,0.10392,127.0
1753533102527,12:31:42.527,CVC/USDT:USDT,0.10381,19.0,0.1038,31.0,0.10397,19.0,0.10398,127.0
1753533102641,12:31:42.641,CVC/USDT:USDT,0.10383,19.0,0.10382,194.0,0.10395,19.0,0.10396,19.0
1753533102731,12:31:42.731,CVC/USDT:USDT,0.10383,19.0,0.10382,194.0,0.10395,19.0,0.10396,19.0
1753533102850,12:31:42.850,CVC/USDT:USDT,0.10383,19.0,0.10382,194.0,0.10395,19.0,0.10396,19.0
1753533103794,12:31:43.794,CVC/USDT:USDT,0.10383,19.0,0.10382,194.0,0.10395,19.0,0.10396,19.0
1753533104213,12:31:44.213,CVC/USDT:USDT,0.10383,19.0,0.10382,194.0,0.10395,19.0,0.10396,19.0
1753533104837,12:31:44.837,CVC/USDT:USDT,0.10383,19.0,0.10382,194.0,0.10395,19.0,0.10396,19.0
1753533104914,12:31:44.914,CVC/USDT:USDT,0.10383,19.0,0.10382,194.0,0.10395,19.0,0.10396,19.0
1753533105037,12:31:45.037,CVC/USDT:USDT,0.10383,19.0,0.10382,194.0,0.10395,19.0,0.10396,19.0
1753533105432,12:31:45.432,CVC/USDT:USDT,0.10383,19.0,0.10382,194.0,0.10395,19.0,0.10396,19.0
1753533105621,12:31:45.621,CVC/USDT:USDT,0.10383,19.0,0.10382,194.0,0.10395,19.0,0.10396,19.0
1753533105648,12:31:45.648,CVC/USDT:USDT,0.10383,19.0,0.10382,194.0,0.10395,19.0,0.10396,19.0
1753533105859,12:31:45.859,CVC/USDT:USDT,0.10383,19.0,0.10382,194.0,0.10395,19.0,0.10396,19.0
1753533106278,12:31:46.278,CVC/USDT:USDT,0.10383,19.0,0.10382,194.0,0.10395,19.0,0.10396,19.0
1753533106598,12:31:46.598,CVC/USDT:USDT,0.10383,19.0,0.10382,194.0,0.10395,19.0,0.10396,19.0
1753533107713,12:31:47.713,CVC/USDT:USDT,0.10383,19.0,0.10382,194.0,0.10395,19.0,0.10397,127.0
1753533108702,12:31:48.702,CVC/USDT:USDT,0.10383,19.0,0.10382,194.0,0.10395,19.0,0.10397,127.0
1753533110589,12:31:50.589,CVC/USDT:USDT,0.10383,19.0,0.10382,194.0,0.10395,19.0,0.10397,127.0
1753533111532,12:31:51.532,CVC/USDT:USDT,0.10383,19.0,0.10382,194.0,0.10395,19.0,0.10397,127.0
1753533112884,12:31:52.884,CVC/USDT:USDT,0.10383,19.0,0.10382,194.0,0.10396,19.0,0.10397,127.0
1753533113559,12:31:53.559,CVC/USDT:USDT,0.10383,19.0,0.10382,194.0,0.10396,19.0,0.10397,127.0
1753533119165,12:31:59.165,CVC/USDT:USDT,0.10383,19.0,0.10381,54.0,0.10396,38.0,0.10397,127.0
1753533119336,12:31:59.336,CVC/USDT:USDT,0.10383,19.0,0.10381,54.0,0.10395,19.0,0.10396,38.0
1753533119367,12:31:59.367,CVC/USDT:USDT,0.10383,19.0,0.10381,54.0,0.10394,19.0,0.10395,19.0
1753533119603,12:31:59.603,CVC/USDT:USDT,0.10383,19.0,0.10381,54.0,0.10394,19.0,0.10395,19.0
1753533119714,12:31:59.714,CVC/USDT:USDT,0.10383,19.0,0.10381,54.0,0.10394,19.0,0.10396,19.0
1753533120830,12:32:00.830,CVC/USDT:USDT,0.10383,19.0,0.10381,54.0,0.10394,19.0,0.10396,19.0
1753533125113,12:32:05.113,CVC/USDT:USDT,0.10383,19.0,0.10381,54.0,0.10394,19.0,0.10396,19.0
1753533130006,12:32:10.006,CVC/USDT:USDT,0.10383,19.0,0.10381,54.0,0.10395,19.0,0.10396,19.0
1753533130907,12:32:10.907,CVC/USDT:USDT,0.10383,19.0,0.10381,54.0,0.10393,19.0,0.10394,19.0
1753533130966,12:32:10.966,CVC/USDT:USDT,0.10383,19.0,0.10381,54.0,0.10393,19.0,0.10394,19.0
1753533131328,12:32:11.328,CVC/USDT:USDT,0.10383,19.0,0.10381,54.0,0.10393,19.0,0.10394,19.0
1753533131768,12:32:11.768,CVC/USDT:USDT,0.10383,19.0,0.10381,54.0,0.10393,19.0,0.10394,19.0
1753533132994,12:32:12.994,CVC/USDT:USDT,0.10383,19.0,0.10381,54.0,0.10393,19.0,0.10394,19.0
1753533135174,12:32:15.174,CVC/USDT:USDT,0.10383,19.0,0.10381,54.0,0.10393,19.0,0.10394,19.0
1753533136031,12:32:16.031,CVC/USDT:USDT,0.10383,19.0,0.10381,54.0,0.10393,19.0,0.10394,19.0
1753533136610,12:32:16.610,CVC/USDT:USDT,0.10383,19.0,0.10381,54.0,0.10393,19.0,0.10394,19.0
1753533136698,12:32:16.698,CVC/USDT:USDT,0.10383,19.0,0.10381,54.0,0.10393,19.0,0.10394,19.0
1753533139143,12:32:19.143,CVC/USDT:USDT,0.10383,19.0,0.10381,54.0,0.10393,19.0,0.10394,19.0
1753533140155,12:32:20.155,CVC/USDT:USDT,0.10383,19.0,0.10381,54.0,0.10393,19.0,0.10394,19.0
1753533140639,12:32:20.639,CVC/USDT:USDT,0.10383,19.0,0.10381,54.0,0.10393,19.0,0.10394,19.0
1753533142195,12:32:22.195,CVC/USDT:USDT,0.10383,19.0,0.10381,54.0,0.10393,19.0,0.10394,19.0
1753533142384,12:32:22.384,CVC/USDT:USDT,0.10383,19.0,0.10381,54.0,0.10393,19.0,0.10394,19.0
1753533142491,12:32:22.491,CVC/USDT:USDT,0.10383,19.0,0.10381,54.0,0.10393,19.0,0.10394,19.0
1753533143426,12:32:23.426,CVC/USDT:USDT,0.10383,19.0,0.10381,54.0,0.10393,19.0,0.10394,19.0
1753533145684,12:32:25.684,CVC/USDT:USDT,0.10383,19.0,0.10381,54.0,0.10393,19.0,0.10394,19.0
1753533148700,12:32:28.700,CVC/USDT:USDT,0.10383,19.0,0.10381,54.0,0.10393,19.0,0.10394,19.0
1753533150274,12:32:30.274,CVC/USDT:USDT,0.10383,19.0,0.10381,54.0,0.10393,19.0,0.10394,19.0
1753533153442,12:32:33.442,CVC/USDT:USDT,0.10383,19.0,0.10381,54.0,0.10393,19.0,0.10394,19.0
1753533153603,12:32:33.603,CVC/USDT:USDT,0.10383,19.0,0.10381,54.0,0.10393,19.0,0.10394,19.0
1753533153913,12:32:33.913,CVC/USDT:USDT,0.10383,19.0,0.10381,54.0,0.10393,19.0,0.10394,19.0
1753533153947,12:32:33.947,CVC/USDT:USDT,0.10383,19.0,0.10381,54.0,0.10393,19.0,0.10394,19.0
1753533154126,12:32:34.126,CVC/USDT:USDT,0.1038,19.0,0.10379,69.0,0.10393,19.0,0.10394,19.0
1753533154147,12:32:34.147,CVC/USDT:USDT,0.1038,19.0,0.10379,69.0,0.10393,19.0,0.10394,19.0
1753533154337,12:32:34.337,CVC/USDT:USDT,0.1038,19.0,0.10379,69.0,0.10391,19.0,0.10392,20.0
1753533154527,12:32:34.527,CVC/USDT:USDT,0.1038,19.0,0.10379,69.0,0.10391,19.0,0.10392,20.0
1753533154633,12:32:34.633,CVC/USDT:USDT,0.1038,19.0,0.10379,69.0,0.10391,19.0,0.10392,20.0
1753533154744,12:32:34.744,CVC/USDT:USDT,0.1038,19.0,0.10379,69.0,0.10391,19.0,0.10392,20.0
1753533155544,12:32:35.544,CVC/USDT:USDT,0.1038,19.0,0.10379,69.0,0.10391,19.0,0.10392,20.0
1753533157108,12:32:37.108,CVC/USDT:USDT,0.1038,19.0,0.10379,69.0,0.10391,19.0,0.10392,20.0
1753533157170,12:32:37.170,CVC/USDT:USDT,0.1038,19.0,0.10379,69.0,0.10393,19.0,0.10394,19.0
1753533157588,12:32:37.588,CVC/USDT:USDT,0.1038,19.0,0.10379,69.0,0.10393,19.0,0.10394,19.0
1753533158008,12:32:38.008,CVC/USDT:USDT,0.1038,19.0,0.10379,69.0,0.10393,19.0,0.10394,19.0
1753533159708,12:32:39.708,CVC/USDT:USDT,0.1038,19.0,0.10379,69.0,0.10393,19.0,0.10394,19.0
1753533160966,12:32:40.966,CVC/USDT:USDT,0.1038,19.0,0.10379,69.0,0.10393,19.0,0.10394,19.0
1753533161992,12:32:41.992,CVC/USDT:USDT,0.1038,19.0,0.10379,69.0,0.10393,19.0,0.10394,19.0
1753533162131,12:32:42.131,CVC/USDT:USDT,0.1038,19.0,0.10379,69.0,0.10393,19.0,0.10394,19.0
1753533162287,12:32:42.287,CVC/USDT:USDT,0.1038,19.0,0.10379,69.0,0.10391,19.0,0.10392,20.0
1753533162438,12:32:42.438,CVC/USDT:USDT,0.1038,19.0,0.10379,69.0,0.10391,19.0,0.10392,20.0
1753533162856,12:32:42.856,CVC/USDT:USDT,0.1038,19.0,0.10379,69.0,0.10391,19.0,0.10392,20.0
1753533163127,12:32:43.127,CVC/USDT:USDT,0.1038,19.0,0.10379,69.0,0.10393,19.0,0.10394,19.0
1753533163149,12:32:43.149,CVC/USDT:USDT,0.1038,19.0,0.10379,69.0,0.10393,19.0,0.10394,19.0
1753533163307,12:32:43.307,CVC/USDT:USDT,0.1038,19.0,0.10379,69.0,0.10391,19.0,0.10392,19.0
1753533165661,12:32:45.661,CVC/USDT:USDT,0.1038,19.0,0.10379,69.0,0.10391,19.0,0.10392,19.0
1753533166011,12:32:46.011,CVC/USDT:USDT,0.1038,19.0,0.10379,69.0,0.10391,38.0,0.10392,19.0
1753533166085,12:32:46.085,CVC/USDT:USDT,0.1038,19.0,0.10379,69.0,0.10391,38.0,0.10394,19.0
1753533166904,12:32:46.904,CVC/USDT:USDT,0.1038,19.0,0.10379,69.0,0.10391,38.0,0.10394,19.0
1753533171452,12:32:51.452,CVC/USDT:USDT,0.1038,19.0,0.10379,69.0,0.10391,38.0,0.10394,19.0
1753533171800,12:32:51.800,CVC/USDT:USDT,0.1038,19.0,0.10379,69.0,0.10391,38.0,0.10394,19.0
1753533172669,12:32:52.669,CVC/USDT:USDT,0.1038,19.0,0.10379,69.0,0.10391,38.0,0.10394,19.0
1753533173426,12:32:53.426,CVC/USDT:USDT,0.1038,19.0,0.10379,69.0,0.10389,19.0,0.1039,20.0
1753533173446,12:32:53.446,CVC/USDT:USDT,0.1038,19.0,0.10379,69.0,0.10389,19.0,0.1039,20.0
1753533173544,12:32:53.544,CVC/USDT:USDT,0.1038,19.0,0.10379,69.0,0.10389,19.0,0.1039,20.0
1753533173804,12:32:53.804,CVC/USDT:USDT,0.1038,19.0,0.10379,69.0,0.10389,19.0,0.1039,20.0
1753533174225,12:32:54.225,CVC/USDT:USDT,0.1038,19.0,0.10379,69.0,0.10389,19.0,0.1039,20.0
1753533174850,12:32:54.850,CVC/USDT:USDT,0.1038,19.0,0.10379,69.0,0.10389,19.0,0.10391,19.0
1753533175841,12:32:55.841,CVC/USDT:USDT,0.1038,19.0,0.10379,69.0,0.10389,19.0,0.10391,19.0
1753533177226,12:32:57.226,CVC/USDT:USDT,0.1038,19.0,0.10379,69.0,0.10389,19.0,0.10391,19.0
1753533177467,12:32:57.467,CVC/USDT:USDT,0.1038,19.0,0.10379,69.0,0.10389,19.0,0.10391,19.0
1753533177806,12:32:57.806,CVC/USDT:USDT,0.1038,19.0,0.10379,69.0,0.10389,19.0,0.10391,19.0
1753533177891,12:32:57.891,CVC/USDT:USDT,0.1038,19.0,0.10379,69.0,0.10389,19.0,0.10391,19.0
1753533178719,12:32:58.719,CVC/USDT:USDT,0.1038,19.0,0.10379,69.0,0.10389,19.0,0.10391,19.0
1753533179867,12:32:59.867,CVC/USDT:USDT,0.1038,19.0,0.10379,69.0,0.10389,19.0,0.10391,19.0
1753533180527,12:33:00.527,CVC/USDT:USDT,0.1038,19.0,0.10379,69.0,0.10389,19.0,0.10391,19.0
1753533180697,12:33:00.697,CVC/USDT:USDT,0.1038,19.0,0.10379,69.0,0.10389,19.0,0.10391,19.0
1753533180762,12:33:00.762,CVC/USDT:USDT,0.1038,19.0,0.10379,69.0,0.10389,19.0,0.10391,19.0
1753533180887,12:33:00.887,CVC/USDT:USDT,0.1038,19.0,0.10379,69.0,0.10389,19.0,0.10391,19.0
1753533181037,12:33:01.037,CVC/USDT:USDT,0.1038,19.0,0.10379,69.0,0.10389,39.0,0.10391,19.0
1753533181042,12:33:01.042,CVC/USDT:USDT,0.1038,19.0,0.10379,69.0,0.10389,39.0,0.10391,19.0
1753533181950,12:33:01.950,CVC/USDT:USDT,0.1038,19.0,0.10379,69.0,0.10389,39.0,0.10391,19.0
1753533183036,12:33:03.036,CVC/USDT:USDT,0.1038,19.0,0.10379,69.0,0.10387,19.0,0.10388,20.0
1753533183056,12:33:03.056,CVC/USDT:USDT,0.1038,19.0,0.10379,69.0,0.10387,19.0,0.10388,20.0
1753533183178,12:33:03.178,CVC/USDT:USDT,0.1038,19.0,0.10379,69.0,0.10387,19.0,0.10388,20.0
1753533183278,12:33:03.278,CVC/USDT:USDT,0.1038,19.0,0.10379,69.0,0.10387,19.0,0.10388,20.0
1753533183464,12:33:03.464,CVC/USDT:USDT,0.1038,19.0,0.10379,69.0,0.10387,19.0,0.10389,20.0
1753533184002,12:33:04.002,CVC/USDT:USDT,0.1038,19.0,0.10379,69.0,0.10387,19.0,0.10389,20.0
1753533185378,12:33:05.378,CVC/USDT:USDT,0.1038,19.0,0.10379,69.0,0.10387,19.0,0.10389,20.0
1753533186332,12:33:06.332,CVC/USDT:USDT,0.1038,19.0,0.10379,69.0,0.1039,19.0,0.10391,19.0
1753533186367,12:33:06.367,CVC/USDT:USDT,0.1038,19.0,0.10379,69.0,0.1039,19.0,0.10391,19.0
1753533186507,12:33:06.507,CVC/USDT:USDT,0.1038,19.0,0.10379,69.0,0.10388,19.0,0.10389,20.0
1753533186639,12:33:06.639,CVC/USDT:USDT,0.1038,19.0,0.10379,69.0,0.10388,19.0,0.10389,20.0
1753533186665,12:33:06.665,CVC/USDT:USDT,0.1038,19.0,0.10379,69.0,0.10388,19.0,0.10389,20.0
1753533186825,12:33:06.825,CVC/USDT:USDT,0.1038,19.0,0.10379,69.0,0.10388,39.0,0.10389,20.0
1753533186875,12:33:06.875,CVC/USDT:USDT,0.1038,19.0,0.10379,69.0,0.10388,39.0,0.10389,20.0
1753533188964,12:33:08.964,CVC/USDT:USDT,0.1038,19.0,0.10379,69.0,0.10388,39.0,0.10389,20.0
1753533189206,12:33:09.206,CVC/USDT:USDT,0.1038,19.0,0.10379,69.0,0.10388,39.0,0.10391,19.0
1753533189301,12:33:09.301,CVC/USDT:USDT,0.1038,19.0,0.10379,69.0,0.10388,39.0,0.10391,19.0
1753533190145,12:33:10.145,CVC/USDT:USDT,0.1038,19.0,0.10379,69.0,0.10388,39.0,0.10391,19.0
1753533190519,12:33:10.519,CVC/USDT:USDT,0.1038,19.0,0.10379,69.0,0.10388,39.0,0.10391,19.0
1753533190736,12:33:10.736,CVC/USDT:USDT,0.1038,19.0,0.10379,69.0,0.10388,19.0,0.10391,19.0
1753533190755,12:33:10.755,CVC/USDT:USDT,0.1038,19.0,0.10379,69.0,0.1039,19.0,0.10391,19.0
1753533190933,12:33:10.933,CVC/USDT:USDT,0.1038,19.0,0.10379,69.0,0.1039,19.0,0.10391,19.0
1753533191745,12:33:11.745,CVC/USDT:USDT,0.1038,19.0,0.10379,69.0,0.1039,19.0,0.10391,19.0
1753533192156,12:33:12.156,CVC/USDT:USDT,0.1038,19.0,0.10379,69.0,0.1039,19.0,0.10391,19.0
1753533192400,12:33:12.400,CVC/USDT:USDT,0.1038,19.0,0.10379,69.0,0.1039,19.0,0.10391,19.0
1753533192504,12:33:12.504,CVC/USDT:USDT,0.1038,19.0,0.10379,69.0,0.1039,19.0,0.10391,19.0
1753533192652,12:33:12.652,CVC/USDT:USDT,0.1038,19.0,0.10379,69.0,0.1039,19.0,0.10391,19.0
1753533192817,12:33:12.817,CVC/USDT:USDT,0.1038,19.0,0.10379,69.0,0.1039,19.0,0.10391,19.0
1753533192898,12:33:12.898,CVC/USDT:USDT,0.1038,19.0,0.10379,69.0,0.1039,19.0,0.10391,19.0
1753533193783,12:33:13.783,CVC/USDT:USDT,0.1038,19.0,0.10379,69.0,0.1039,19.0,0.10391,19.0
1753533193910,12:33:13.910,CVC/USDT:USDT,0.1038,19.0,0.10379,69.0,0.1039,19.0,0.10391,19.0
1753533194082,12:33:14.082,CVC/USDT:USDT,0.1038,19.0,0.10379,69.0,0.1039,19.0,0.10391,19.0
1753533194240,12:33:14.240,CVC/USDT:USDT,0.1038,19.0,0.10379,69.0,0.1039,39.0,0.10391,19.0
1753533194738,12:33:14.738,CVC/USDT:USDT,0.1038,19.0,0.10379,69.0,0.10388,19.0,0.10389,20.0
1753533194980,12:33:14.980,CVC/USDT:USDT,0.1038,19.0,0.10379,69.0,0.10388,19.0,0.10389,20.0
1753533195794,12:33:15.794,CVC/USDT:USDT,0.1038,19.0,0.10379,69.0,0.10388,19.0,0.10389,20.0
1753533195856,12:33:15.856,CVC/USDT:USDT,0.1038,19.0,0.10379,69.0,0.10388,19.0,0.10389,20.0
1753533197517,12:33:17.517,CVC/USDT:USDT,0.1038,19.0,0.10379,69.0,0.10388,19.0,0.10389,20.0
1753533197714,12:33:17.714,CVC/USDT:USDT,0.1038,19.0,0.10379,69.0,0.1039,19.0,0.10391,19.0
1753533197813,12:33:17.813,CVC/USDT:USDT,0.1038,19.0,0.10379,69.0,0.1039,19.0,0.10391,19.0
1753533197891,12:33:17.891,CVC/USDT:USDT,0.1038,19.0,0.10379,69.0,0.1039,19.0,0.10391,19.0
1753533199036,12:33:19.036,CVC/USDT:USDT,0.1038,19.0,0.10379,69.0,0.1039,39.0,0.10391,19.0
1753533199443,12:33:19.443,CVC/USDT:USDT,0.1038,19.0,0.10379,69.0,0.1039,39.0,0.10391,19.0
1753533199762,12:33:19.762,CVC/USDT:USDT,0.1038,19.0,0.10379,69.0,0.1039,39.0,0.10391,19.0
1753533200738,12:33:20.738,CVC/USDT:USDT,0.1038,19.0,0.10379,69.0,0.10388,19.0,0.10389,20.0
1753533201864,12:33:21.864,CVC/USDT:USDT,0.1038,19.0,0.10379,69.0,0.10388,19.0,0.10389,20.0
1753533202764,12:33:22.764,CVC/USDT:USDT,0.1038,19.0,0.10379,69.0,0.10388,19.0,0.10389,20.0
1753533203308,12:33:23.308,CVC/USDT:USDT,0.1038,19.0,0.10379,69.0,0.10388,19.0,0.10389,20.0
1753533203747,12:33:23.747,CVC/USDT:USDT,0.1038,19.0,0.10379,69.0,0.10388,19.0,0.1039,20.0
1753533206188,12:33:26.188,CVC/USDT:USDT,0.1038,19.0,0.10379,69.0,0.10388,19.0,0.1039,20.0
1753533206704,12:33:26.704,CVC/USDT:USDT,0.1038,19.0,0.10379,69.0,0.1039,19.0,0.10391,19.0
1753533207146,12:33:27.146,CVC/USDT:USDT,0.1038,19.0,0.10379,69.0,0.1039,39.0,0.10391,19.0
1753533207923,12:33:27.923,CVC/USDT:USDT,0.1038,19.0,0.10379,69.0,0.1039,39.0,0.10391,19.0
1753533209100,12:33:29.100,CVC/USDT:USDT,0.1038,19.0,0.10379,69.0,0.1039,39.0,0.10391,19.0
1753533209334,12:33:29.334,CVC/USDT:USDT,0.1038,19.0,0.10379,69.0,0.1039,39.0,0.10391,19.0
1753533211169,12:33:31.169,CVC/USDT:USDT,0.1038,19.0,0.10379,69.0,0.1039,39.0,0.10391,19.0
1753533211723,12:33:31.723,CVC/USDT:USDT,0.1038,19.0,0.10379,69.0,0.1039,19.0,0.10391,19.0
1753533212372,12:33:32.372,CVC/USDT:USDT,0.1038,19.0,0.10379,69.0,0.1039,19.0,0.10391,19.0
1753533214894,12:33:34.894,CVC/USDT:USDT,0.1038,19.0,0.10379,69.0,0.1039,19.0,0.10391,19.0
1753533216612,12:33:36.612,CVC/USDT:USDT,0.1038,19.0,0.10379,69.0,0.1039,19.0,0.10391,19.0
1753533216734,12:33:36.734,CVC/USDT:USDT,0.1038,19.0,0.10379,69.0,0.1039,19.0,0.10391,19.0
1753533218046,12:33:38.046,CVC/USDT:USDT,0.1038,19.0,0.10379,69.0,0.1039,19.0,0.10391,19.0
1753533219734,12:33:39.734,CVC/USDT:USDT,0.1038,19.0,0.10379,69.0,0.1039,19.0,0.10391,19.0
1753533220695,12:33:40.695,CVC/USDT:USDT,0.1038,19.0,0.10379,69.0,0.1039,19.0,0.10391,19.0
1753533226478,12:33:46.478,CVC/USDT:USDT,0.1038,19.0,0.10379,69.0,0.1039,19.0,0.10391,19.0
1753533226668,12:33:46.668,CVC/USDT:USDT,0.1038,19.0,0.10379,69.0,0.1039,19.0,0.10391,19.0
1753533228492,12:33:48.492,CVC/USDT:USDT,0.1038,19.0,0.10379,69.0,0.1039,19.0,0.10391,19.0
1753533228566,12:33:48.566,CVC/USDT:USDT,0.1038,19.0,0.10379,69.0,0.1039,19.0,0.10391,19.0
1753533228852,12:33:48.852,CVC/USDT:USDT,0.1038,19.0,0.10379,69.0,0.1039,19.0,0.10391,19.0
1753533232323,12:33:52.323,CVC/USDT:USDT,0.1038,19.0,0.10379,69.0,0.1039,19.0,0.10391,19.0
1753533232494,12:33:52.494,CVC/USDT:USDT,0.1038,19.0,0.10379,69.0,0.1039,19.0,0.10391,19.0
1753533233049,12:33:53.049,CVC/USDT:USDT,0.1038,19.0,0.10379,69.0,0.1039,19.0,0.10391,19.0
1753533237696,12:33:57.696,CVC/USDT:USDT,0.1038,19.0,0.10379,69.0,0.1039,19.0,0.10391,19.0
1753533238061,12:33:58.061,CVC/USDT:USDT,0.1038,19.0,0.10379,69.0,0.1039,19.0,0.10391,19.0
1753533240603,12:34:00.603,CVC/USDT:USDT,0.1038,19.0,0.10379,69.0,0.1039,19.0,0.10391,19.0
1753533240820,12:34:00.820,CVC/USDT:USDT,0.1038,19.0,0.10379,69.0,0.1039,19.0,0.10391,19.0
1753533241825,12:34:01.825,CVC/USDT:USDT,0.1038,19.0,0.10379,69.0,0.1039,19.0,0.10391,19.0
1753533241844,12:34:01.844,CVC/USDT:USDT,0.1038,19.0,0.10379,69.0,0.1039,19.0,0.10391,19.0
1753533243853,12:34:03.853,CVC/USDT:USDT,0.1038,19.0,0.10379,69.0,0.1039,19.0,0.10391,19.0
1753533244071,12:34:04.071,CVC/USDT:USDT,0.1038,19.0,0.10379,69.0,0.1039,19.0,0.10391,19.0
1753533246508,12:34:06.508,CVC/USDT:USDT,0.1038,19.0,0.10379,69.0,0.1039,166.0,0.10391,19.0
1753533246602,12:34:06.602,CVC/USDT:USDT,0.1038,19.0,0.10379,69.0,0.1039,166.0,0.10391,19.0
1753533246913,12:34:06.913,CVC/USDT:USDT,0.1038,19.0,0.10379,69.0,0.1039,166.0,0.10398,19.0
1753533247071,12:34:07.071,CVC/USDT:USDT,0.1038,19.0,0.10379,69.0,0.1039,166.0,0.10398,19.0
1753533247828,12:34:07.828,CVC/USDT:USDT,0.1038,19.0,0.10379,69.0,0.1039,166.0,0.10398,19.0
1753533249645,12:34:09.645,CVC/USDT:USDT,0.1038,19.0,0.10379,69.0,0.1039,166.0,0.10398,19.0
1753533252132,12:34:12.132,CVC/USDT:USDT,0.1038,19.0,0.10379,69.0,0.10388,19.0,0.10389,20.0
1753533252286,12:34:12.286,CVC/USDT:USDT,0.1038,19.0,0.10379,69.0,0.10388,19.0,0.10389,20.0
1753533252438,12:34:12.438,CVC/USDT:USDT,0.1038,19.0,0.10379,69.0,0.10388,19.0,0.10389,20.0
1753533253146,12:34:13.146,CVC/USDT:USDT,0.1038,19.0,0.10379,69.0,0.10388,19.0,0.10389,20.0
1753533253883,12:34:13.883,CVC/USDT:USDT,0.1038,19.0,0.10379,69.0,0.10388,19.0,0.10389,20.0
1753533255437,12:34:15.437,CVC/USDT:USDT,0.1038,19.0,0.10379,69.0,0.10388,19.0,0.10389,20.0
1753533255463,12:34:15.463,CVC/USDT:USDT,0.1038,19.0,0.10379,69.0,0.10388,19.0,0.10389,20.0
1753533256267,12:34:16.267,CVC/USDT:USDT,0.1038,19.0,0.10379,69.0,0.10388,19.0,0.1039,147.0
1753533256778,12:34:16.778,CVC/USDT:USDT,0.1038,19.0,0.10379,69.0,0.10388,19.0,0.1039,147.0
1753533258434,12:34:18.434,CVC/USDT:USDT,0.1038,19.0,0.10379,69.0,0.10388,19.0,0.1039,147.0
1753533258507,12:34:18.507,CVC/USDT:USDT,0.1038,19.0,0.10379,69.0,0.10388,19.0,0.1039,147.0
1753533261231,12:34:21.231,CVC/USDT:USDT,0.1038,19.0,0.10379,69.0,0.10388,19.0,0.1039,147.0
1753533264787,12:34:24.787,CVC/USDT:USDT,0.1038,19.0,0.10379,69.0,0.10389,19.0,0.1039,147.0
1753533264864,12:34:24.864,CVC/USDT:USDT,0.1038,19.0,0.10379,69.0,0.10389,19.0,0.1039,147.0
1753533265224,12:34:25.224,CVC/USDT:USDT,0.1038,19.0,0.10379,69.0,0.10389,19.0,0.1039,147.0
1753533266039,12:34:26.039,CVC/USDT:USDT,0.1038,19.0,0.10379,69.0,0.10389,19.0,0.1039,147.0
1753533267023,12:34:27.023,CVC/USDT:USDT,0.1038,19.0,0.10379,69.0,0.10389,19.0,0.1039,147.0
1753533267782,12:34:27.782,CVC/USDT:USDT,0.1038,19.0,0.10379,69.0,0.10389,19.0,0.1039,147.0
1753533273009,12:34:33.009,CVC/USDT:USDT,0.1038,19.0,0.10379,69.0,0.10389,19.0,0.1039,147.0
1753533278607,12:34:38.607,CVC/USDT:USDT,0.1038,19.0,0.10379,69.0,0.10389,19.0,0.1039,147.0
1753533280929,12:34:40.929,CVC/USDT:USDT,0.1038,19.0,0.10379,69.0,0.10388,19.0,0.10389,38.0
1753533281030,12:34:41.030,CVC/USDT:USDT,0.1038,19.0,0.10379,69.0,0.10387,19.0,0.10388,19.0
1753533281259,12:34:41.259,CVC/USDT:USDT,0.1038,19.0,0.10379,69.0,0.10387,19.0,0.10389,19.0
1753533281755,12:34:41.755,CVC/USDT:USDT,0.1038,19.0,0.10379,69.0,0.10387,19.0,0.10389,19.0
1753533282156,12:34:42.156,CVC/USDT:USDT,0.1038,19.0,0.10379,69.0,0.10387,19.0,0.10389,19.0
1753533282571,12:34:42.571,CVC/USDT:USDT,0.1038,19.0,0.10379,69.0,0.10387,19.0,0.10389,19.0
1753533284398,12:34:44.398,CVC/USDT:USDT,0.1038,19.0,0.10379,69.0,0.10387,19.0,0.10389,19.0
1753533285063,12:34:45.063,CVC/USDT:USDT,0.1038,19.0,0.10379,69.0,0.10387,19.0,0.10389,19.0
1753533286930,12:34:46.930,CVC/USDT:USDT,0.1038,19.0,0.10379,69.0,0.10387,19.0,0.10389,19.0
1753533288874,12:34:48.874,CVC/USDT:USDT,0.1038,19.0,0.10379,69.0,0.10387,19.0,0.10389,19.0
1753533289067,12:34:49.067,CVC/USDT:USDT,0.1038,19.0,0.10379,69.0,0.10387,19.0,0.10389,19.0
1753533290193,12:34:50.193,CVC/USDT:USDT,0.1038,19.0,0.10379,69.0,0.10387,19.0,0.10389,19.0
1753533294328,12:34:54.328,CVC/USDT:USDT,0.1038,19.0,0.10379,69.0,0.10389,19.0,0.1039,147.0
1753533294634,12:34:54.634,CVC/USDT:USDT,0.1038,19.0,0.10379,69.0,0.10389,19.0,0.1039,147.0
1753533295062,12:34:55.062,CVC/USDT:USDT,0.1038,19.0,0.10379,69.0,0.10389,19.0,0.1039,147.0
1753533295983,12:34:55.983,CVC/USDT:USDT,0.1038,19.0,0.10379,69.0,0.10389,146.0,0.1039,20.0
1753533297408,12:34:57.408,CVC/USDT:USDT,0.1038,19.0,0.10379,69.0,0.10389,146.0,0.10398,19.0
1753533297514,12:34:57.514,CVC/USDT:USDT,0.1038,19.0,0.10379,69.0,0.10389,146.0,0.10398,19.0
1753533297713,12:34:57.713,CVC/USDT:USDT,0.1038,19.0,0.10379,69.0,0.10389,146.0,0.10398,19.0
1753533297782,12:34:57.782,CVC/USDT:USDT,0.1038,19.0,0.10379,69.0,0.10389,146.0,0.10398,19.0
1753533297919,12:34:57.919,CVC/USDT:USDT,0.1038,19.0,0.10379,69.0,0.10389,146.0,0.10398,19.0
1753533300343,12:35:00.343,CVC/USDT:USDT,0.1038,19.0,0.10379,69.0,0.10389,146.0,0.10398,19.0
1753533300760,12:35:00.760,CVC/USDT:USDT,0.1038,19.0,0.10379,69.0,0.10389,146.0,0.10398,19.0
1753533301095,12:35:01.095,CVC/USDT:USDT,0.1038,19.0,0.10379,69.0,0.10389,146.0,0.10398,19.0
1753533301316,12:35:01.316,CVC/USDT:USDT,0.1038,19.0,0.10379,69.0,0.10389,156.0,0.10398,19.0
1753533301775,12:35:01.775,CVC/USDT:USDT,0.1038,19.0,0.10379,69.0,0.10389,156.0,0.10398,19.0
1753533303759,12:35:03.759,CVC/USDT:USDT,0.1038,19.0,0.10379,69.0,0.10389,156.0,0.10398,19.0
1753533306250,12:35:06.250,CVC/USDT:USDT,0.1038,19.0,0.10379,69.0,0.10389,156.0,0.10398,19.0
1753533306982,12:35:06.982,CVC/USDT:USDT,0.1038,19.0,0.10379,69.0,0.10389,156.0,0.10398,19.0
1753533307428,12:35:07.428,CVC/USDT:USDT,0.1038,19.0,0.10379,69.0,0.10389,156.0,0.10398,19.0
1753533307567,12:35:07.567,CVC/USDT:USDT,0.1038,19.0,0.10379,69.0,0.10389,156.0,0.10398,19.0
1753533311985,12:35:11.985,CVC/USDT:USDT,0.1038,19.0,0.10379,69.0,0.10389,156.0,0.10398,19.0
1753533313295,12:35:13.295,CVC/USDT:USDT,0.1038,19.0,0.10379,69.0,0.10389,156.0,0.10398,19.0
1753533313359,12:35:13.359,CVC/USDT:USDT,0.1038,19.0,0.10379,69.0,0.10389,156.0,0.10398,19.0
1753533313720,12:35:13.720,CVC/USDT:USDT,0.1038,19.0,0.10379,69.0,0.10389,146.0,0.10398,19.0
1753533313820,12:35:13.820,CVC/USDT:USDT,0.1038,19.0,0.10379,69.0,0.10389,156.0,0.10398,19.0
1753533314996,12:35:14.996,CVC/USDT:USDT,0.1038,19.0,0.10379,69.0,0.10389,156.0,0.10398,19.0
1753533315094,12:35:15.094,CVC/USDT:USDT,0.1038,19.0,0.10379,69.0,0.10389,156.0,0.10398,19.0
1753533318216,12:35:18.216,CVC/USDT:USDT,0.1038,19.0,0.10379,69.0,0.10389,156.0,0.10398,19.0
1753533318362,12:35:18.362,CVC/USDT:USDT,0.1038,19.0,0.10379,69.0,0.10389,156.0,0.10398,19.0
1753533319151,12:35:19.151,CVC/USDT:USDT,0.1038,19.0,0.10379,69.0,0.10389,156.0,0.10398,19.0
1753533319313,12:35:19.313,CVC/USDT:USDT,0.1038,19.0,0.10379,69.0,0.10389,156.0,0.10398,19.0
1753533324570,12:35:24.570,CVC/USDT:USDT,0.1038,19.0,0.10379,69.0,0.10389,146.0,0.10398,19.0
1753533324942,12:35:24.942,CVC/USDT:USDT,0.1038,19.0,0.10379,69.0,0.10389,146.0,0.10398,19.0
1753533324943,12:35:24.943,CVC/USDT:USDT,0.1038,19.0,0.10379,69.0,0.10389,146.0,0.10398,19.0
1753533330735,12:35:30.735,CVC/USDT:USDT,0.1038,19.0,0.10379,69.0,0.10389,146.0,0.10398,19.0
1753533336527,12:35:36.527,CVC/USDT:USDT,0.1038,19.0,0.10379,69.0,0.10389,146.0,0.10398,19.0
1753533342320,12:35:42.320,CVC/USDT:USDT,0.1038,19.0,0.10379,69.0,0.10389,146.0,0.10398,19.0
1753533345686,12:35:45.686,CVC/USDT:USDT,0.1038,19.0,0.10379,69.0,0.10389,146.0,0.10398,19.0
1753533345820,12:35:45.820,CVC/USDT:USDT,0.1038,19.0,0.10379,69.0,0.10389,146.0,0.10398,19.0
1753533348112,12:35:48.112,CVC/USDT:USDT,0.1038,19.0,0.10379,69.0,0.10389,146.0,0.10398,19.0
1753533350827,12:35:50.827,CVC/USDT:USDT,0.1038,19.0,0.10379,69.0,0.10389,146.0,0.10398,19.0
1753533352366,12:35:52.366,CVC/USDT:USDT,0.1038,19.0,0.10379,69.0,0.10389,146.0,0.10398,19.0
1753533353904,12:35:53.904,CVC/USDT:USDT,0.1038,19.0,0.10379,69.0,0.10389,146.0,0.10398,19.0
1753533355686,12:35:55.686,CVC/USDT:USDT,0.1038,19.0,0.10379,69.0,0.10389,179.0,0.10398,19.0
1753533359697,12:35:59.697,CVC/USDT:USDT,0.1038,19.0,0.10379,69.0,0.10389,179.0,0.10398,19.0
1753533361627,12:36:01.627,CVC/USDT:USDT,0.1038,19.0,0.10379,69.0,0.10392,19.0,0.10393,20.0
1753533361738,12:36:01.738,CVC/USDT:USDT,0.1038,19.0,0.10379,69.0,0.10392,29.0,0.10393,20.0
1753533361743,12:36:01.743,CVC/USDT:USDT,0.1038,19.0,0.10379,69.0,0.10392,29.0,0.10393,20.0
1753533362338,12:36:02.338,CVC/USDT:USDT,0.1038,19.0,0.10379,69.0,0.10392,29.0,0.10393,20.0
1753533364368,12:36:04.368,CVC/USDT:USDT,0.1038,19.0,0.10379,69.0,0.10392,29.0,0.10393,20.0
1753533365489,12:36:05.489,CVC/USDT:USDT,0.1038,19.0,0.10379,69.0,0.10392,29.0,0.10393,20.0
1753533365677,12:36:05.677,CVC/USDT:USDT,0.1038,19.0,0.10379,69.0,0.10392,29.0,0.10393,20.0
1753533366501,12:36:06.501,CVC/USDT:USDT,0.1038,19.0,0.10379,69.0,0.10392,29.0,0.10393,20.0
1753533367045,12:36:07.045,CVC/USDT:USDT,0.1038,19.0,0.10379,69.0,0.10392,29.0,0.10393,20.0
1753533367480,12:36:07.480,CVC/USDT:USDT,0.1038,19.0,0.10379,69.0,0.10392,29.0,0.10393,20.0
1753533369114,12:36:09.114,CVC/USDT:USDT,0.1038,19.0,0.10379,69.0,0.10392,19.0,0.10393,20.0
1753533369160,12:36:09.160,CVC/USDT:USDT,0.1038,19.0,0.10379,69.0,0.10392,19.0,0.10393,20.0
1753533369247,12:36:09.247,CVC/USDT:USDT,0.1038,19.0,0.10379,69.0,0.10392,19.0,0.10393,20.0
1753533370481,12:36:10.481,CVC/USDT:USDT,0.1038,19.0,0.10379,69.0,0.10392,19.0,0.10393,20.0
1753533374177,12:36:14.177,CVC/USDT:USDT,0.1038,19.0,0.10379,69.0,0.10392,19.0,0.10393,20.0
1753533383938,12:36:23.938,CVC/USDT:USDT,0.1038,19.0,0.10379,69.0,0.10392,19.0,0.10393,20.0
1753533384466,12:36:24.466,CVC/USDT:USDT,0.1038,19.0,0.10379,69.0,0.10392,19.0,0.10393,20.0
1753533385034,12:36:25.034,CVC/USDT:USDT,0.1038,19.0,0.10379,69.0,0.10395,19.0,0.10396,20.0
1753533385046,12:36:25.046,CVC/USDT:USDT,0.1038,19.0,0.10379,69.0,0.10395,146.0,0.10396,20.0
1753533385209,12:36:25.209,CVC/USDT:USDT,0.1038,19.0,0.10379,69.0,0.10393,19.0,0.10394,20.0
1753533386079,12:36:26.079,CVC/USDT:USDT,0.1038,19.0,0.10379,69.0,0.10393,19.0,0.10394,20.0
1753533386758,12:36:26.758,CVC/USDT:USDT,0.1038,19.0,0.10379,69.0,0.10393,19.0,0.10394,20.0
1753533387121,12:36:27.121,CVC/USDT:USDT,0.1038,19.0,0.10379,69.0,0.10393,19.0,0.10394,20.0
1753533388114,12:36:28.114,CVC/USDT:USDT,0.1038,19.0,0.10379,69.0,0.10393,19.0,0.10394,20.0
1753533388657,12:36:28.657,CVC/USDT:USDT,0.1038,19.0,0.10379,69.0,0.10393,19.0,0.10394,20.0
1753533392851,12:36:32.851,CVC/USDT:USDT,0.1038,19.0,0.10379,69.0,0.10393,19.0,0.10394,20.0
1753533397279,12:36:37.279,CVC/USDT:USDT,0.1038,19.0,0.10379,69.0,0.10393,19.0,0.10394,20.0
1753533397358,12:36:37.358,CVC/USDT:USDT,0.1038,19.0,0.10379,69.0,0.10393,19.0,0.10394,20.0
1753533397531,12:36:37.531,CVC/USDT:USDT,0.1038,19.0,0.10379,69.0,0.10393,19.0,0.10394,20.0
1753533399521,12:36:39.521,CVC/USDT:USDT,0.1038,19.0,0.10379,69.0,0.10393,19.0,0.10394,20.0
1753533399630,12:36:39.630,CVC/USDT:USDT,0.1038,19.0,0.10379,69.0,0.10393,19.0,0.10394,20.0
1753533399871,12:36:39.871,CVC/USDT:USDT,0.1038,19.0,0.10379,69.0,0.10393,19.0,0.10394,20.0
1753533400017,12:36:40.017,CVC/USDT:USDT,0.1038,19.0,0.10379,69.0,0.10393,38.0,0.10394,20.0
1753533400240,12:36:40.240,CVC/USDT:USDT,0.1038,19.0,0.10379,69.0,0.10393,38.0,0.10394,20.0
1753533400241,12:36:40.241,CVC/USDT:USDT,0.1038,19.0,0.10379,69.0,0.10393,38.0,0.10394,20.0
1753533402631,12:36:42.631,CVC/USDT:USDT,0.1038,19.0,0.10379,69.0,0.10393,38.0,0.10394,20.0
1753533407220,12:36:47.220,CVC/USDT:USDT,0.1038,19.0,0.10379,69.0,0.10391,19.0,0.10392,19.0
1753533408209,12:36:48.209,CVC/USDT:USDT,0.1038,19.0,0.10379,69.0,0.10391,19.0,0.10392,19.0
1753533408271,12:36:48.271,CVC/USDT:USDT,0.1038,19.0,0.10379,69.0,0.10391,19.0,0.10392,19.0
1753533408878,12:36:48.878,CVC/USDT:USDT,0.1038,19.0,0.10379,69.0,0.10391,19.0,0.10392,19.0
1753533410227,12:36:50.227,CVC/USDT:USDT,0.1038,19.0,0.10379,69.0,0.10391,19.0,0.10392,19.0
1753533410247,12:36:50.247,CVC/USDT:USDT,0.1038,19.0,0.10379,69.0,0.10391,19.0,0.10392,19.0
1753533411990,12:36:51.990,CVC/USDT:USDT,0.1038,19.0,0.10379,69.0,0.10391,19.0,0.10392,19.0
1753533412266,12:36:52.266,CVC/USDT:USDT,0.1038,19.0,0.10379,69.0,0.10391,19.0,0.10392,19.0
1753533412851,12:36:52.851,CVC/USDT:USDT,0.1038,19.0,0.10379,69.0,0.10391,19.0,0.10392,19.0
1753533413054,12:36:53.054,CVC/USDT:USDT,0.1038,19.0,0.10379,69.0,0.10391,19.0,0.10393,19.0
1753533413153,12:36:53.153,CVC/USDT:USDT,0.1038,19.0,0.10379,69.0,0.10391,19.0,0.10393,19.0
1753533416192,12:36:56.192,CVC/USDT:USDT,0.1038,19.0,0.10379,69.0,0.10393,19.0,0.10394,20.0
1753533416327,12:36:56.327,CVC/USDT:USDT,0.1038,19.0,0.10379,69.0,0.10391,19.0,0.10392,20.0
1753533419227,12:36:59.227,CVC/USDT:USDT,0.1038,19.0,0.10379,69.0,0.10393,19.0,0.10394,20.0
1753533419245,12:36:59.245,CVC/USDT:USDT,0.1038,19.0,0.10379,69.0,0.10393,39.0,0.10394,20.0
1753533419341,12:36:59.341,CVC/USDT:USDT,0.1038,19.0,0.10379,69.0,0.10393,39.0,0.10394,20.0
1753533420165,12:37:00.165,CVC/USDT:USDT,0.1038,19.0,0.10379,69.0,0.10393,39.0,0.10394,20.0
1753533420393,12:37:00.393,CVC/USDT:USDT,0.1038,19.0,0.10379,69.0,0.10393,39.0,0.10394,20.0
1753533420835,12:37:00.835,CVC/USDT:USDT,0.1038,19.0,0.10379,69.0,0.10392,20.0,0.10393,39.0
1753533420863,12:37:00.863,CVC/USDT:USDT,0.1038,19.0,0.10379,69.0,0.10391,19.0,0.10392,20.0
1753533421214,12:37:01.214,CVC/USDT:USDT,0.1038,19.0,0.10379,69.0,0.10391,19.0,0.10392,20.0
1753533421433,12:37:01.433,CVC/USDT:USDT,0.1038,19.0,0.10379,69.0,0.10391,19.0,0.10393,20.0
1753533421915,12:37:01.915,CVC/USDT:USDT,0.1038,19.0,0.10379,69.0,0.10391,19.0,0.10394,20.0
1753533422121,12:37:02.121,CVC/USDT:USDT,0.1038,19.0,0.10379,69.0,0.10393,19.0,0.10394,20.0
1753533422432,12:37:02.432,CVC/USDT:USDT,0.1038,19.0,0.10379,69.0,0.10393,19.0,0.10394,20.0
1753533423045,12:37:03.045,CVC/USDT:USDT,0.10381,20.0,0.1038,69.0,0.10393,19.0,0.10394,20.0
1753533423411,12:37:03.411,CVC/USDT:USDT,0.10381,20.0,0.1038,69.0,0.10393,19.0,0.10394,20.0
1753533423710,12:37:03.710,CVC/USDT:USDT,0.10381,20.0,0.1038,69.0,0.10393,19.0,0.10394,20.0
1753533423861,12:37:03.861,CVC/USDT:USDT,0.10381,20.0,0.1038,69.0,0.10393,19.0,0.10394,20.0
1753533424068,12:37:04.068,CVC/USDT:USDT,0.10381,20.0,0.1038,69.0,0.10393,19.0,0.10394,20.0
1753533424180,12:37:04.180,CVC/USDT:USDT,0.10381,20.0,0.1038,69.0,0.10393,19.0,0.10394,20.0
1753533424281,12:37:04.281,CVC/USDT:USDT,0.10381,20.0,0.1038,69.0,0.10393,19.0,0.10394,20.0
1753533425143,12:37:05.143,CVC/USDT:USDT,0.10381,20.0,0.1038,69.0,0.10393,39.0,0.10394,20.0
1753533425695,12:37:05.695,CVC/USDT:USDT,0.10381,20.0,0.1038,69.0,0.10393,19.0,0.10394,20.0
1753533426861,12:37:06.861,CVC/USDT:USDT,0.10381,20.0,0.1038,69.0,0.10393,19.0,0.10394,20.0
1753533434843,12:37:14.843,CVC/USDT:USDT,0.10381,20.0,0.1038,69.0,0.10393,19.0,0.10394,20.0
1753533437891,12:37:17.891,CVC/USDT:USDT,0.10381,20.0,0.1038,69.0,0.10393,19.0,0.10394,20.0
1753533441915,12:37:21.915,CVC/USDT:USDT,0.10381,20.0,0.1038,69.0,0.10393,19.0,0.10394,20.0
1753533442025,12:37:22.025,CVC/USDT:USDT,0.10381,20.0,0.1038,69.0,0.10393,19.0,0.10394,20.0
1753533442552,12:37:22.552,CVC/USDT:USDT,0.10381,20.0,0.1038,69.0,0.10393,19.0,0.10394,20.0
1753533443683,12:37:23.683,CVC/USDT:USDT,0.10381,20.0,0.1038,69.0,0.10393,19.0,0.10394,20.0
1753533445165,12:37:25.165,CVC/USDT:USDT,0.10381,20.0,0.1038,69.0,0.10393,38.0,0.10394,20.0
1753533447043,12:37:27.043,CVC/USDT:USDT,0.10381,20.0,0.1038,69.0,0.10393,19.0,0.10394,20.0
1753533449475,12:37:29.475,CVC/USDT:USDT,0.10381,20.0,0.1038,69.0,0.10393,19.0,0.10394,20.0
1753533451134,12:37:31.134,CVC/USDT:USDT,0.10381,20.0,0.1038,69.0,0.10393,19.0,0.10394,20.0
1753533455267,12:37:35.267,CVC/USDT:USDT,0.10381,20.0,0.1038,69.0,0.10393,19.0,0.10394,20.0
1753533455663,12:37:35.663,CVC/USDT:USDT,0.10381,20.0,0.1038,69.0,0.10393,19.0,0.10394,20.0
1753533455930,12:37:35.930,CVC/USDT:USDT,0.10384,20.0,0.10383,194.0,0.10393,19.0,0.10398,19.0
1753533456038,12:37:36.038,CVC/USDT:USDT,0.10387,20.0,0.10386,50.0,0.104,20.0,0.10401,20.0
1753533456134,12:37:36.134,CVC/USDT:USDT,0.10389,20.0,0.10388,26.0,0.10401,20.0,0.10402,20.0
1753533456239,12:37:36.239,CVC/USDT:USDT,0.10389,20.0,0.10388,26.0,0.10402,20.0,0.10403,50.0
1753533456338,12:37:36.338,CVC/USDT:USDT,0.10389,17.0,0.10387,20.0,0.10402,20.0,0.10403,50.0
1753533456430,12:37:36.430,CVC/USDT:USDT,0.10391,20.0,0.1039,19.0,0.10401,19.0,0.10402,20.0
1753533456452,12:37:36.452,CVC/USDT:USDT,0.10391,20.0,0.1039,19.0,0.10401,19.0,0.10402,20.0
1753533456565,12:37:36.565,CVC/USDT:USDT,0.10393,20.0,0.10392,19.0,0.10401,19.0,0.10402,20.0
1753533456669,12:37:36.669,CVC/USDT:USDT,0.10394,20.0,0.10393,39.0,0.10401,19.0,0.10402,20.0
1753533456769,12:37:36.769,CVC/USDT:USDT,0.10394,20.0,0.10393,39.0,0.10401,19.0,0.10402,20.0
1753533456899,12:37:36.899,CVC/USDT:USDT,0.10394,20.0,0.10393,39.0,0.10401,19.0,0.10402,20.0
1753533457089,12:37:37.089,CVC/USDT:USDT,0.10394,20.0,0.10393,39.0,0.10401,19.0,0.10402,20.0
1753533457288,12:37:37.288,CVC/USDT:USDT,0.10394,20.0,0.10393,39.0,0.10401,19.0,0.10402,20.0
1753533457352,12:37:37.352,CVC/USDT:USDT,0.10394,20.0,0.10393,39.0,0.10401,19.0,0.10402,20.0
1753533457520,12:37:37.520,CVC/USDT:USDT,0.10394,20.0,0.10393,39.0,0.10401,19.0,0.10402,20.0
1753533458474,12:37:38.474,CVC/USDT:USDT,0.10394,20.0,0.10393,39.0,0.10401,19.0,0.10402,20.0
1753533458632,12:37:38.632,CVC/USDT:USDT,0.10394,20.0,0.10393,39.0,0.10401,19.0,0.10402,20.0
1753533459071,12:37:39.071,CVC/USDT:USDT,0.10394,20.0,0.10393,39.0,0.10401,19.0,0.10402,20.0
1753533459212,12:37:39.212,CVC/USDT:USDT,0.10396,20.0,0.10395,19.0,0.10403,53.0,0.10404,20.0
1753533459245,12:37:39.245,CVC/USDT:USDT,0.10396,20.0,0.10395,19.0,0.10403,53.0,0.10404,20.0
1753533459567,12:37:39.567,CVC/USDT:USDT,0.10396,20.0,0.10395,19.0,0.10403,53.0,0.10404,20.0
1753533459990,12:37:39.990,CVC/USDT:USDT,0.10396,20.0,0.10395,19.0,0.10403,53.0,0.10404,20.0
1753533460406,12:37:40.406,CVC/USDT:USDT,0.10396,20.0,0.10395,19.0,0.10403,53.0,0.10404,20.0
1753533460464,12:37:40.464,CVC/USDT:USDT,0.10396,20.0,0.10395,19.0,0.10403,53.0,0.10404,20.0
1753533460607,12:37:40.607,CVC/USDT:USDT,0.10396,20.0,0.10395,19.0,0.10403,53.0,0.10404,20.0
1753533461374,12:37:41.374,CVC/USDT:USDT,0.10396,20.0,0.10395,19.0,0.10403,53.0,0.10404,20.0
1753533462060,12:37:42.060,CVC/USDT:USDT,0.10396,20.0,0.10395,19.0,0.10403,53.0,0.10404,20.0
1753533462431,12:37:42.431,CVC/USDT:USDT,0.10396,20.0,0.10395,19.0,0.10403,53.0,0.10404,20.0
1753533462667,12:37:42.667,CVC/USDT:USDT,0.10396,20.0,0.10395,19.0,0.10403,53.0,0.10404,20.0
1753533463831,12:37:43.831,CVC/USDT:USDT,0.10396,20.0,0.10395,19.0,0.10403,53.0,0.10404,20.0
1753533463874,12:37:43.874,CVC/USDT:USDT,0.10396,20.0,0.10395,19.0,0.10403,53.0,0.10404,20.0
1753533463955,12:37:43.955,CVC/USDT:USDT,0.10396,20.0,0.10395,19.0,0.10403,53.0,0.10404,20.0
1753533464166,12:37:44.166,CVC/USDT:USDT,0.10396,20.0,0.10392,19.0,0.10403,53.0,0.10404,20.0
1753533465663,12:37:45.663,CVC/USDT:USDT,0.10396,20.0,0.10392,19.0,0.10403,53.0,0.10404,20.0
1753533466974,12:37:46.974,CVC/USDT:USDT,0.10396,20.0,0.10392,19.0,0.10403,53.0,0.10404,20.0
1753533467530,12:37:47.530,CVC/USDT:USDT,0.10396,20.0,0.10392,19.0,0.10403,53.0,0.10404,20.0
1753533469803,12:37:49.803,CVC/USDT:USDT,0.10396,20.0,0.10392,19.0,0.10403,53.0,0.10404,20.0
1753533470572,12:37:50.572,CVC/USDT:USDT,0.10396,20.0,0.10392,19.0,0.10403,53.0,0.10404,20.0
1753533472540,12:37:52.540,CVC/USDT:USDT,0.10396,20.0,0.10392,19.0,0.10403,53.0,0.10404,20.0
1753533473525,12:37:53.525,CVC/USDT:USDT,0.10396,20.0,0.10392,19.0,0.10403,53.0,0.10404,20.0
1753533473615,12:37:53.615,CVC/USDT:USDT,0.10396,20.0,0.10392,19.0,0.10403,53.0,0.10404,20.0
1753533475539,12:37:55.539,CVC/USDT:USDT,0.10396,20.0,0.10392,19.0,0.10403,53.0,0.10404,20.0
1753533476519,12:37:56.519,CVC/USDT:USDT,0.10396,20.0,0.10392,19.0,0.10403,53.0,0.10404,20.0
1753533477429,12:37:57.429,CVC/USDT:USDT,0.10396,20.0,0.10392,19.0,0.10403,53.0,0.10404,20.0
1753533478578,12:37:58.578,CVC/USDT:USDT,0.10396,20.0,0.10392,19.0,0.10403,53.0,0.10404,147.0
1753533479407,12:37:59.407,CVC/USDT:USDT,0.10396,20.0,0.10392,19.0,0.10403,53.0,0.10404,147.0
1753533482937,12:38:02.937,CVC/USDT:USDT,0.10398,19.0,0.10397,19.0,0.10405,19.0,0.10407,20.0
1753533482988,12:38:02.988,CVC/USDT:USDT,0.10398,19.0,0.10397,19.0,0.10405,19.0,0.10407,20.0
1753533483067,12:38:03.067,CVC/USDT:USDT,0.10398,38.0,0.10396,20.0,0.10407,20.0,0.10415,177.0
1753533483224,12:38:03.224,CVC/USDT:USDT,0.10398,38.0,0.10396,20.0,0.10407,20.0,0.10414,127.0
1753533483298,12:38:03.298,CVC/USDT:USDT,0.10398,38.0,0.10396,20.0,0.10407,147.0,0.10415,50.0
1753533483428,12:38:03.428,CVC/USDT:USDT,0.10398,38.0,0.10396,20.0,0.10407,147.0,0.10415,50.0
1753533483839,12:38:03.839,CVC/USDT:USDT,0.10398,19.0,0.10391,20.0,0.10407,147.0,0.10415,50.0
1753533483842,12:38:03.842,CVC/USDT:USDT,0.10398,19.0,0.10391,20.0,0.10407,147.0,0.10415,50.0
1753533484064,12:38:04.064,CVC/USDT:USDT,0.10393,19.0,0.10392,19.0,0.10407,147.0,0.10415,50.0
1753533484146,12:38:04.146,CVC/USDT:USDT,0.10393,19.0,0.10392,19.0,0.10407,147.0,0.10415,50.0
1753533484321,12:38:04.321,CVC/USDT:USDT,0.10393,19.0,0.10392,19.0,0.10407,147.0,0.10415,50.0
1753533484340,12:38:04.340,CVC/USDT:USDT,0.10393,19.0,0.10392,19.0,0.10407,147.0,0.10415,50.0
1753533484532,12:38:04.532,CVC/USDT:USDT,0.10393,19.0,0.10392,19.0,0.10407,147.0,0.10415,50.0
1753533484686,12:38:04.686,CVC/USDT:USDT,0.10393,19.0,0.10392,19.0,0.10407,147.0,0.10415,50.0
1753533484833,12:38:04.833,CVC/USDT:USDT,0.10394,19.0,0.10391,20.0,0.10407,180.0,0.10415,50.0
1753533484934,12:38:04.934,CVC/USDT:USDT,0.10394,19.0,0.10391,20.0,0.10406,127.0,0.10407,53.0
1753533485024,12:38:05.024,CVC/USDT:USDT,0.10393,19.0,0.10392,19.0,0.10405,69.0,0.10406,177.0
1753533485044,12:38:05.044,CVC/USDT:USDT,0.10393,19.0,0.10392,19.0,0.10405,69.0,0.10406,177.0
1753533485291,12:38:05.291,CVC/USDT:USDT,0.10395,19.0,0.10393,19.0,0.10405,69.0,0.10406,177.0
1753533485528,12:38:05.528,CVC/USDT:USDT,0.10394,19.0,0.10391,20.0,0.10405,69.0,0.10406,177.0
1753533485572,12:38:05.572,CVC/USDT:USDT,0.10394,19.0,0.10391,20.0,0.10405,69.0,0.10406,177.0
1753533485665,12:38:05.665,CVC/USDT:USDT,0.10392,19.0,0.10391,20.0,0.10405,69.0,0.10406,177.0
1753533486162,12:38:06.162,CVC/USDT:USDT,0.10392,19.0,0.10391,20.0,0.10405,69.0,0.10406,177.0
1753533486274,12:38:06.274,CVC/USDT:USDT,0.10392,19.0,0.10391,20.0,0.10405,69.0,0.10406,177.0
1753533486507,12:38:06.507,CVC/USDT:USDT,0.10392,38.0,0.10391,20.0,0.10404,127.0,0.10405,19.0
1753533486545,12:38:06.545,CVC/USDT:USDT,0.10392,38.0,0.10391,20.0,0.10404,127.0,0.10405,19.0
1753533486788,12:38:06.788,CVC/USDT:USDT,0.10392,38.0,0.10391,20.0,0.10404,127.0,0.10405,19.0
1753533487174,12:38:07.174,CVC/USDT:USDT,0.10392,38.0,0.10391,20.0,0.10404,211.0,0.10405,19.0
1753533487518,12:38:07.518,CVC/USDT:USDT,0.10392,38.0,0.10391,20.0,0.10404,211.0,0.10405,19.0
1753533488309,12:38:08.309,CVC/USDT:USDT,0.10394,19.0,0.10393,19.0,0.10404,211.0,0.10405,19.0
1753533488343,12:38:08.343,CVC/USDT:USDT,0.10394,19.0,0.10393,19.0,0.10404,211.0,0.10405,19.0
1753533488732,12:38:08.732,CVC/USDT:USDT,0.10394,19.0,0.10392,19.0,0.10404,211.0,0.10405,19.0
1753533488877,12:38:08.877,CVC/USDT:USDT,0.10394,19.0,0.10392,19.0,0.10404,137.0,0.10405,19.0
1753533489333,12:38:09.333,CVC/USDT:USDT,0.10394,19.0,0.10392,19.0,0.10404,149.0,0.10405,19.0
1753533489340,12:38:09.340,CVC/USDT:USDT,0.10394,19.0,0.10392,19.0,0.10404,137.0,0.10405,19.0
1753533489544,12:38:09.544,CVC/USDT:USDT,0.10394,19.0,0.10392,19.0,0.10404,137.0,0.10405,19.0
1753533489826,12:38:09.826,CVC/USDT:USDT,0.10394,19.0,0.10392,19.0,0.10404,137.0,0.10405,19.0
1753533490449,12:38:10.449,CVC/USDT:USDT,0.10394,19.0,0.10392,19.0,0.10404,149.0,0.10405,19.0
1753533491085,12:38:11.085,CVC/USDT:USDT,0.10394,19.0,0.10392,19.0,0.10404,149.0,0.10405,19.0
1753533491447,12:38:11.447,CVC/USDT:USDT,0.10392,19.0,0.10391,20.0,0.10404,149.0,0.10405,19.0
1753533491607,12:38:11.607,CVC/USDT:USDT,0.10394,19.0,0.10393,19.0,0.10404,149.0,0.10405,19.0
1753533492194,12:38:12.194,CVC/USDT:USDT,0.10394,13.0,0.10393,19.0,0.10404,159.0,0.10405,19.0
1753533492431,12:38:12.431,CVC/USDT:USDT,0.10392,19.0,0.10391,20.0,0.10403,41.0,0.10404,149.0
1753533492443,12:38:12.443,CVC/USDT:USDT,0.10392,19.0,0.10391,20.0,0.10403,41.0,0.10404,149.0
1753533492937,12:38:12.937,CVC/USDT:USDT,0.10392,19.0,0.10391,20.0,0.10401,12.0,0.10402,127.0
1753533492947,12:38:12.947,CVC/USDT:USDT,0.10392,19.0,0.10391,20.0,0.10401,158.0,0.10403,29.0
1753533493155,12:38:13.155,CVC/USDT:USDT,0.10392,19.0,0.10391,20.0,0.10401,158.0,0.10403,29.0
1753533493306,12:38:13.306,CVC/USDT:USDT,0.10392,19.0,0.10391,20.0,0.10401,158.0,0.10403,29.0
1753533493534,12:38:13.534,CVC/USDT:USDT,0.10392,19.0,0.10391,20.0,0.10401,158.0,0.10403,29.0
1753533493626,12:38:13.626,CVC/USDT:USDT,0.10392,19.0,0.10391,20.0,0.10401,168.0,0.10403,29.0
1753533493790,12:38:13.790,CVC/USDT:USDT,0.10392,38.0,0.10391,20.0,0.10401,168.0,0.10403,29.0
1753533494098,12:38:14.098,CVC/USDT:USDT,0.10393,38.0,0.10392,19.0,0.10401,168.0,0.10403,29.0
1753533494212,12:38:14.212,CVC/USDT:USDT,0.10393,38.0,0.10391,20.0,0.10401,168.0,0.10403,29.0
1753533494242,12:38:14.242,CVC/USDT:USDT,0.10393,38.0,0.10391,20.0,0.10401,168.0,0.10403,29.0
1753533494426,12:38:14.426,CVC/USDT:USDT,0.10393,38.0,0.10391,20.0,0.10401,168.0,0.10403,29.0
1753533495403,12:38:15.403,CVC/USDT:USDT,0.10393,38.0,0.10391,20.0,0.10401,263.0,0.10403,19.0
1753533495649,12:38:15.649,CVC/USDT:USDT,0.10393,38.0,0.10391,20.0,0.10401,263.0,0.10403,19.0
1753533496590,12:38:16.590,CVC/USDT:USDT,0.10393,38.0,0.10391,20.0,0.10401,263.0,0.10403,19.0
1753533496924,12:38:16.924,CVC/USDT:USDT,0.10393,38.0,0.10391,20.0,0.10401,263.0,0.10405,19.0
1753533497289,12:38:17.289,CVC/USDT:USDT,0.10392,19.0,0.10391,20.0,0.10401,178.0,0.10405,19.0
1753533499008,12:38:19.008,CVC/USDT:USDT,0.10392,38.0,0.10391,20.0,0.10401,178.0,0.10405,19.0
1753533499053,12:38:19.053,CVC/USDT:USDT,0.10393,38.0,0.10392,19.0,0.10401,178.0,0.10405,19.0
1753533499316,12:38:19.316,CVC/USDT:USDT,0.10393,38.0,0.10392,19.0,0.10401,178.0,0.10405,19.0
1753533499683,12:38:19.683,CVC/USDT:USDT,0.10393,38.0,0.10391,20.0,0.10401,178.0,0.10405,19.0
1753533500172,12:38:20.172,CVC/USDT:USDT,0.10393,38.0,0.10391,20.0,0.10401,178.0,0.10405,19.0
1753533500565,12:38:20.565,CVC/USDT:USDT,0.10393,38.0,0.10391,20.0,0.10401,178.0,0.10405,19.0
1753533501607,12:38:21.607,CVC/USDT:USDT,0.10393,38.0,0.10391,20.0,0.10401,178.0,0.10405,19.0
1753533502341,12:38:22.341,CVC/USDT:USDT,0.10393,38.0,0.10391,20.0,0.10401,178.0,0.10405,19.0
1753533503534,12:38:23.534,CVC/USDT:USDT,0.10392,19.0,0.10391,20.0,0.10401,178.0,0.10405,19.0
1753533503735,12:38:23.735,CVC/USDT:USDT,0.10392,39.0,0.10391,20.0,0.10401,178.0,0.10405,19.0
1753533506068,12:38:26.068,CVC/USDT:USDT,0.10393,39.0,0.10392,20.0,0.10401,178.0,0.10405,19.0
1753533506518,12:38:26.518,CVC/USDT:USDT,0.10393,19.0,0.10392,20.0,0.10401,178.0,0.10405,19.0
1753533506600,12:38:26.600,CVC/USDT:USDT,0.10393,19.0,0.10392,20.0,0.10401,178.0,0.10405,19.0
1753533507413,12:38:27.413,CVC/USDT:USDT,0.10393,19.0,0.10392,20.0,0.10401,178.0,0.10405,19.0
1753533507724,12:38:27.724,CVC/USDT:USDT,0.10392,38.0,0.10391,20.0,0.104,20.0,0.10401,178.0
1753533507816,12:38:27.816,CVC/USDT:USDT,0.10392,38.0,0.10391,20.0,0.10399,20.0,0.104,33.0
1753533507901,12:38:27.901,CVC/USDT:USDT,0.10392,38.0,0.10391,20.0,0.10399,20.0,0.104,33.0
1753533508631,12:38:28.631,CVC/USDT:USDT,0.10392,38.0,0.10391,20.0,0.10399,20.0,0.104,33.0
1753533508666,12:38:28.666,CVC/USDT:USDT,0.10392,38.0,0.10391,20.0,0.10399,20.0,0.104,33.0
1753533509053,12:38:29.053,CVC/USDT:USDT,0.10392,38.0,0.10391,20.0,0.10399,20.0,0.104,33.0
1753533509878,12:38:29.878,CVC/USDT:USDT,0.10392,38.0,0.10391,20.0,0.10399,20.0,0.104,33.0
1753533511828,12:38:31.828,CVC/USDT:USDT,0.10394,20.0,0.10393,39.0,0.10401,206.0,0.10405,19.0
1753533511922,12:38:31.922,CVC/USDT:USDT,0.10394,20.0,0.10393,39.0,0.10401,32.0,0.10405,146.0
1753533512028,12:38:32.028,CVC/USDT:USDT,0.10394,18.0,0.10393,39.0,0.104,20.0,0.10401,32.0
1753533512317,12:38:32.317,CVC/USDT:USDT,0.10394,18.0,0.10393,39.0,0.104,20.0,0.10401,32.0
1753533512828,12:38:32.828,CVC/USDT:USDT,0.10394,4.0,0.10393,39.0,0.104,20.0,0.10401,32.0
1753533514023,12:38:34.023,CVC/USDT:USDT,0.10393,20.0,0.10392,19.0,0.104,33.0,0.10401,19.0
1753533514340,12:38:34.340,CVC/USDT:USDT,0.10393,20.0,0.10392,19.0,0.104,33.0,0.10401,19.0
1753533514887,12:38:34.887,CVC/USDT:USDT,0.10393,20.0,0.10392,19.0,0.104,33.0,0.10401,19.0
1753533514994,12:38:34.994,CVC/USDT:USDT,0.10393,20.0,0.10392,19.0,0.104,33.0,0.10401,19.0
1753533515562,12:38:35.562,CVC/USDT:USDT,0.10393,20.0,0.10392,19.0,0.104,33.0,0.10401,19.0
1753533516088,12:38:36.088,CVC/USDT:USDT,0.10393,20.0,0.10392,19.0,0.104,33.0,0.10401,19.0
1753533516983,12:38:36.983,CVC/USDT:USDT,0.10393,20.0,0.10392,19.0,0.104,33.0,0.10401,19.0
1753533517179,12:38:37.179,CVC/USDT:USDT,0.10393,20.0,0.10392,19.0,0.104,33.0,0.10401,19.0
1753533519268,12:38:39.268,CVC/USDT:USDT,0.10393,20.0,0.10392,19.0,0.104,33.0,0.10401,19.0
1753533521916,12:38:41.916,CVC/USDT:USDT,0.10393,20.0,0.10392,19.0,0.104,33.0,0.10401,19.0
1753533522015,12:38:42.015,CVC/USDT:USDT,0.10393,20.0,0.10392,19.0,0.104,33.0,0.10401,19.0
1753533522127,12:38:42.127,CVC/USDT:USDT,0.10393,20.0,0.10392,19.0,0.10399,19.0,0.104,33.0
1753533522434,12:38:42.434,CVC/USDT:USDT,0.10393,20.0,0.10392,19.0,0.10399,19.0,0.104,33.0
1753533522647,12:38:42.647,CVC/USDT:USDT,0.10393,20.0,0.10392,19.0,0.10399,19.0,0.104,33.0
1753533526500,12:38:46.500,CVC/USDT:USDT,0.10393,20.0,0.10392,19.0,0.10399,19.0,0.104,33.0
1753533527672,12:38:47.672,CVC/USDT:USDT,0.10393,20.0,0.10392,19.0,0.10399,19.0,0.104,33.0
1753533528069,12:38:48.069,CVC/USDT:USDT,0.10393,20.0,0.10392,19.0,0.10399,19.0,0.104,33.0
1753533530222,12:38:50.222,CVC/USDT:USDT,0.10393,20.0,0.10392,19.0,0.10399,19.0,0.104,33.0
1753533530501,12:38:50.501,CVC/USDT:USDT,0.10393,20.0,0.10392,19.0,0.10399,19.0,0.104,33.0
1753533531355,12:38:51.355,CVC/USDT:USDT,0.10393,20.0,0.10392,19.0,0.10399,19.0,0.104,33.0
1753533533464,12:38:53.464,CVC/USDT:USDT,0.10393,20.0,0.10392,19.0,0.10399,19.0,0.104,33.0
1753533533731,12:38:53.731,CVC/USDT:USDT,0.10393,20.0,0.10392,19.0,0.10399,19.0,0.104,33.0
1753533534136,12:38:54.136,CVC/USDT:USDT,0.10393,20.0,0.10392,19.0,0.104,33.0,0.10401,19.0
1753533534146,12:38:54.146,CVC/USDT:USDT,0.10393,20.0,0.10392,19.0,0.104,33.0,0.10401,19.0
1753533534552,12:38:54.552,CVC/USDT:USDT,0.10393,20.0,0.10392,19.0,0.104,33.0,0.10401,19.0
1753533535771,12:38:55.771,CVC/USDT:USDT,0.10393,20.0,0.10392,19.0,0.104,33.0,0.10401,19.0
1753533535907,12:38:55.907,CVC/USDT:USDT,0.10393,39.0,0.10391,20.0,0.10401,32.0,0.10404,127.0
1753533536575,12:38:56.575,CVC/USDT:USDT,0.10393,39.0,0.10391,20.0,0.10401,32.0,0.10404,127.0
1753533537585,12:38:57.585,CVC/USDT:USDT,0.10393,39.0,0.10391,20.0,0.10401,32.0,0.10404,127.0
1753533539256,12:38:59.256,CVC/USDT:USDT,0.10393,39.0,0.10391,20.0,0.10401,32.0,0.10404,127.0
1753533539399,12:38:59.399,CVC/USDT:USDT,0.10393,39.0,0.10391,20.0,0.10401,32.0,0.10404,127.0
1753533545034,12:39:05.034,CVC/USDT:USDT,0.10391,20.0,0.10389,19.0,0.10398,32.0,0.10399,19.0
1753533545081,12:39:05.081,CVC/USDT:USDT,0.10391,20.0,0.10389,19.0,0.10397,19.0,0.10398,32.0
1753533545455,12:39:05.455,CVC/USDT:USDT,0.10391,20.0,0.10389,19.0,0.10397,19.0,0.10398,32.0
1753533545660,12:39:05.660,CVC/USDT:USDT,0.10391,20.0,0.10389,19.0,0.10397,19.0,0.10398,32.0
1753533547228,12:39:07.228,CVC/USDT:USDT,0.10391,20.0,0.10389,19.0,0.10398,32.0,0.10399,19.0
1753533547482,12:39:07.482,CVC/USDT:USDT,0.10391,20.0,0.10389,19.0,0.10398,32.0,0.10399,19.0
1753533548191,12:39:08.191,CVC/USDT:USDT,0.10391,20.0,0.10389,19.0,0.10398,32.0,0.10399,19.0
1753533548328,12:39:08.328,CVC/USDT:USDT,0.10391,39.0,0.10388,50.0,0.10399,32.0,0.104,146.0
1753533548611,12:39:08.611,CVC/USDT:USDT,0.10391,39.0,0.10388,50.0,0.10399,32.0,0.104,146.0
1753533549506,12:39:09.506,CVC/USDT:USDT,0.10391,39.0,0.10388,50.0,0.10399,32.0,0.104,146.0
1753533550138,12:39:10.138,CVC/USDT:USDT,0.10391,39.0,0.10388,50.0,0.10399,13.0,0.104,146.0
1753533550140,12:39:10.140,CVC/USDT:USDT,0.10391,39.0,0.10388,50.0,0.10399,13.0,0.104,146.0
1753533550604,12:39:10.604,CVC/USDT:USDT,0.10391,39.0,0.10388,50.0,0.10399,13.0,0.104,146.0
1753533550733,12:39:10.733,CVC/USDT:USDT,0.10391,39.0,0.10388,50.0,0.10399,13.0,0.104,146.0
1753533551241,12:39:11.241,CVC/USDT:USDT,0.10391,39.0,0.10388,50.0,0.10399,13.0,0.104,146.0
1753533551579,12:39:11.579,CVC/USDT:USDT,0.10391,39.0,0.10388,50.0,0.10399,13.0,0.104,146.0
1753533552037,12:39:12.037,CVC/USDT:USDT,0.10391,39.0,0.10388,50.0,0.10399,13.0,0.104,146.0
1753533552133,12:39:12.133,CVC/USDT:USDT,0.10391,39.0,0.10388,50.0,0.10399,13.0,0.104,127.0
1753533552232,12:39:12.232,CVC/USDT:USDT,0.10391,39.0,0.10388,50.0,0.10399,13.0,0.10403,19.0
1753533552248,12:39:12.248,CVC/USDT:USDT,0.10391,39.0,0.10388,50.0,0.10402,13.0,0.10403,19.0
1753533552352,12:39:12.352,CVC/USDT:USDT,0.10391,39.0,0.10388,50.0,0.10402,13.0,0.10403,19.0
1753533552836,12:39:12.836,CVC/USDT:USDT,0.10391,39.0,0.10388,50.0,0.10402,13.0,0.10403,19.0
1753533554585,12:39:14.585,CVC/USDT:USDT,0.10391,39.0,0.10388,50.0,0.10402,13.0,0.10403,19.0
1753533554783,12:39:14.783,CVC/USDT:USDT,0.10391,39.0,0.10388,50.0,0.10402,13.0,0.10403,19.0
1753533558153,12:39:18.153,CVC/USDT:USDT,0.10391,39.0,0.10388,50.0,0.10402,13.0,0.10403,19.0
1753533561622,12:39:21.622,CVC/USDT:USDT,0.10391,39.0,0.10388,50.0,0.10402,13.0,0.10403,19.0
1753533562428,12:39:22.428,CVC/USDT:USDT,0.10391,39.0,0.10388,50.0,0.10402,13.0,0.10403,19.0
1753533562536,12:39:22.536,CVC/USDT:USDT,0.10391,39.0,0.10388,50.0,0.10402,13.0,0.10403,19.0
1753533562852,12:39:22.852,CVC/USDT:USDT,0.10391,39.0,0.10388,50.0,0.10402,13.0,0.10403,19.0
1753533565426,12:39:25.426,CVC/USDT:USDT,0.10391,39.0,0.10388,50.0,0.10402,13.0,0.10403,19.0
1753533568219,12:39:28.219,CVC/USDT:USDT,0.10391,39.0,0.10388,50.0,0.10402,13.0,0.10403,19.0
1753533568288,12:39:28.288,CVC/USDT:USDT,0.10391,39.0,0.10388,50.0,0.10402,13.0,0.10403,19.0
1753533568392,12:39:28.392,CVC/USDT:USDT,0.10391,39.0,0.10388,50.0,0.10402,13.0,0.10403,19.0
1753533571034,12:39:31.034,CVC/USDT:USDT,0.10391,39.0,0.10388,50.0,0.10402,13.0,0.10403,19.0
1753533571692,12:39:31.692,CVC/USDT:USDT,0.10391,39.0,0.10388,50.0,0.10402,13.0,0.10403,19.0
1753533571933,12:39:31.933,CVC/USDT:USDT,0.10391,39.0,0.10388,50.0,0.10402,13.0,0.10403,19.0
1753533572111,12:39:32.111,CVC/USDT:USDT,0.10391,39.0,0.10388,50.0,0.10402,13.0,0.10403,19.0
1753533572927,12:39:32.927,CVC/USDT:USDT,0.10394,39.0,0.10392,20.0,0.10402,13.0,0.10403,19.0
1753533572945,12:39:32.945,CVC/USDT:USDT,0.10395,20.0,0.10394,39.0,0.10402,13.0,0.10403,19.0
1753533573339,12:39:33.339,CVC/USDT:USDT,0.10395,20.0,0.10394,39.0,0.10402,13.0,0.10403,19.0
1753533573432,12:39:33.432,CVC/USDT:USDT,0.10395,14.0,0.10394,39.0,0.10402,13.0,0.10403,19.0
1753533573771,12:39:33.771,CVC/USDT:USDT,0.10395,14.0,0.10394,39.0,0.10402,13.0,0.10403,19.0
1753533573904,12:39:33.904,CVC/USDT:USDT,0.10395,14.0,0.10394,39.0,0.10402,13.0,0.10403,19.0
1753533574602,12:39:34.602,CVC/USDT:USDT,0.10395,14.0,0.10394,39.0,0.10402,13.0,0.10403,19.0
1753533575088,12:39:35.088,CVC/USDT:USDT,0.10395,14.0,0.10394,39.0,0.10402,13.0,0.10403,19.0
1753533576908,12:39:36.908,CVC/USDT:USDT,0.10395,14.0,0.10394,39.0,0.10402,13.0,0.10403,19.0
1753533577324,12:39:37.324,CVC/USDT:USDT,0.10395,14.0,0.10394,39.0,0.10402,13.0,0.10403,19.0
1753533577521,12:39:37.521,CVC/USDT:USDT,0.10395,14.0,0.10394,39.0,0.10402,13.0,0.10403,19.0
1753533577749,12:39:37.749,CVC/USDT:USDT,0.10395,14.0,0.10394,39.0,0.10402,13.0,0.10403,19.0
1753533577875,12:39:37.875,CVC/USDT:USDT,0.10395,14.0,0.10394,39.0,0.10402,13.0,0.10403,19.0
1753533577967,12:39:37.967,CVC/USDT:USDT,0.10395,14.0,0.10394,39.0,0.10402,13.0,0.10403,19.0
1753533582238,12:39:42.238,CVC/USDT:USDT,0.10395,12.0,0.10394,39.0,0.10402,13.0,0.10403,19.0
1753533582469,12:39:42.469,CVC/USDT:USDT,0.10395,12.0,0.10394,39.0,0.10402,13.0,0.10403,19.0
1753533582699,12:39:42.699,CVC/USDT:USDT,0.10395,12.0,0.10394,39.0,0.10402,140.0,0.10403,19.0
1753533583560,12:39:43.560,CVC/USDT:USDT,0.10395,12.0,0.10394,39.0,0.10402,140.0,0.10403,19.0
1753533585591,12:39:45.591,CVC/USDT:USDT,0.10395,12.0,0.10394,39.0,0.10402,140.0,0.10407,20.0
1753533586385,12:39:46.385,CVC/USDT:USDT,0.10395,12.0,0.10394,39.0,0.10402,140.0,0.10407,20.0
1753533590334,12:39:50.334,CVC/USDT:USDT,0.10392,19.0,0.10391,20.0,0.10401,32.0,0.10402,127.0
1753533590408,12:39:50.408,CVC/USDT:USDT,0.10392,19.0,0.10391,20.0,0.10401,32.0,0.10402,127.0
1753533590513,12:39:50.513,CVC/USDT:USDT,0.10392,19.0,0.10391,20.0,0.10401,32.0,0.10402,127.0
1753533590647,12:39:50.647,CVC/USDT:USDT,0.10392,38.0,0.10391,20.0,0.10401,32.0,0.10402,127.0
1753533590926,12:39:50.926,CVC/USDT:USDT,0.10392,38.0,0.10391,20.0,0.104,19.0,0.10401,159.0
1753533591000,12:39:51.000,CVC/USDT:USDT,0.10392,38.0,0.10391,20.0,0.104,32.0,0.10401,146.0
1753533593156,12:39:53.156,CVC/USDT:USDT,0.10392,38.0,0.10391,20.0,0.10399,19.0,0.104,32.0
1753533593246,12:39:53.246,CVC/USDT:USDT,0.10392,38.0,0.10391,20.0,0.10399,19.0,0.104,32.0
1753533593646,12:39:53.646,CVC/USDT:USDT,0.10392,38.0,0.10391,20.0,0.10399,19.0,0.104,32.0
1753533596125,12:39:56.125,CVC/USDT:USDT,0.10392,38.0,0.10391,20.0,0.10399,19.0,0.104,32.0
1753533596927,12:39:56.927,CVC/USDT:USDT,0.10392,38.0,0.10391,20.0,0.10399,19.0,0.104,32.0
1753533597226,12:39:57.226,CVC/USDT:USDT,0.10391,20.0,0.10389,19.0,0.10398,32.0,0.10399,146.0
1753533597758,12:39:57.758,CVC/USDT:USDT,0.10391,20.0,0.10389,19.0,0.10398,32.0,0.10399,146.0
1753533598367,12:39:58.367,CVC/USDT:USDT,0.10391,20.0,0.10389,19.0,0.10398,32.0,0.10399,146.0
1753533598802,12:39:58.802,CVC/USDT:USDT,0.10391,20.0,0.10389,19.0,0.10398,13.0,0.10399,146.0
1753533598931,12:39:58.931,CVC/USDT:USDT,0.10391,39.0,0.10388,50.0,0.10399,159.0,0.104,19.0
1753533598946,12:39:58.946,CVC/USDT:USDT,0.10391,39.0,0.10388,50.0,0.10399,159.0,0.104,19.0
1753533599408,12:39:59.408,CVC/USDT:USDT,0.10391,39.0,0.10388,50.0,0.10399,159.0,0.10401,19.0
1753533599785,12:39:59.785,CVC/USDT:USDT,0.10391,39.0,0.10388,50.0,0.10399,159.0,0.10401,19.0
1753533600607,12:40:00.607,CVC/USDT:USDT,0.10391,39.0,0.10388,50.0,0.10399,159.0,0.10401,19.0
1753533602060,12:40:02.060,CVC/USDT:USDT,0.10391,39.0,0.10388,50.0,0.10399,159.0,0.10407,20.0
1753533602634,12:40:02.634,CVC/USDT:USDT,0.10391,39.0,0.10388,50.0,0.10399,159.0,0.10407,20.0
1753533602972,12:40:02.972,CVC/USDT:USDT,0.10391,39.0,0.10388,50.0,0.10399,159.0,0.10407,20.0
1753533603446,12:40:03.446,CVC/USDT:USDT,0.10391,39.0,0.10388,50.0,0.10399,159.0,0.10407,20.0
1753533604535,12:40:04.535,CVC/USDT:USDT,0.10391,39.0,0.10388,50.0,0.10399,169.0,0.10407,20.0
1753533606649,12:40:06.649,CVC/USDT:USDT,0.10391,20.0,0.10389,19.0,0.10398,32.0,0.10399,156.0
1753533606929,12:40:06.929,CVC/USDT:USDT,0.10391,20.0,0.10389,19.0,0.10398,13.0,0.10399,156.0
1753533606968,12:40:06.968,CVC/USDT:USDT,0.10391,39.0,0.10388,50.0,0.10399,158.0,0.10407,20.0
1753533608787,12:40:08.787,CVC/USDT:USDT,0.10391,39.0,0.10388,50.0,0.10399,158.0,0.10407,20.0
1753533611115,12:40:11.115,CVC/USDT:USDT,0.10391,39.0,0.10388,50.0,0.10399,140.0,0.10407,20.0
1753533612196,12:40:12.196,CVC/USDT:USDT,0.10391,39.0,0.10388,50.0,0.10399,158.0,0.10407,20.0
1753533612264,12:40:12.264,CVC/USDT:USDT,0.10391,39.0,0.10388,50.0,0.10399,158.0,0.10407,20.0
1753533614557,12:40:14.557,CVC/USDT:USDT,0.10391,39.0,0.10388,50.0,0.10399,158.0,0.10407,20.0
1753533615349,12:40:15.349,CVC/USDT:USDT,0.10391,39.0,0.10388,50.0,0.10399,158.0,0.10407,20.0
1753533617346,12:40:17.346,CVC/USDT:USDT,0.10391,39.0,0.10388,50.0,0.10399,140.0,0.10407,20.0
1753533617531,12:40:17.531,CVC/USDT:USDT,0.10391,39.0,0.10388,50.0,0.10399,254.0,0.10407,20.0
1753533618380,12:40:18.380,CVC/USDT:USDT,0.10391,39.0,0.10388,50.0,0.10399,254.0,0.10407,20.0
1753533619137,12:40:19.137,CVC/USDT:USDT,0.10391,39.0,0.10388,50.0,0.10399,254.0,0.10407,20.0
1753533619664,12:40:19.664,CVC/USDT:USDT,0.10391,39.0,0.10388,50.0,0.10399,254.0,0.10407,20.0
1753533620349,12:40:20.349,CVC/USDT:USDT,0.10391,39.0,0.10388,50.0,0.10399,254.0,0.10407,20.0
1753533620472,12:40:20.472,CVC/USDT:USDT,0.10391,39.0,0.10388,50.0,0.10399,311.0,0.10407,20.0
1753533620932,12:40:20.932,CVC/USDT:USDT,0.10391,39.0,0.10388,50.0,0.10399,311.0,0.10407,20.0
1753533622152,12:40:22.152,CVC/USDT:USDT,0.10391,39.0,0.10388,50.0,0.10399,311.0,0.10407,20.0
1753533624406,12:40:24.406,CVC/USDT:USDT,0.10391,39.0,0.10388,50.0,0.10399,311.0,0.10407,20.0
1753533625511,12:40:25.511,CVC/USDT:USDT,0.10391,39.0,0.10388,50.0,0.10399,140.0,0.10407,20.0
1753533625571,12:40:25.571,CVC/USDT:USDT,0.10391,39.0,0.10388,50.0,0.10399,314.0,0.10407,20.0
1753533626141,12:40:26.141,CVC/USDT:USDT,0.10391,39.0,0.10388,50.0,0.10399,314.0,0.10407,20.0
1753533627829,12:40:27.829,CVC/USDT:USDT,0.10391,18.0,0.10389,19.0,0.10398,33.0,0.10399,301.0
1753533627847,12:40:27.847,CVC/USDT:USDT,0.10391,18.0,0.10389,19.0,0.10398,33.0,0.10399,301.0
1753533628026,12:40:28.026,CVC/USDT:USDT,0.10391,18.0,0.10389,19.0,0.10398,33.0,0.10399,301.0
1753533628572,12:40:28.572,CVC/USDT:USDT,0.10391,18.0,0.10389,19.0,0.10398,92.0,0.10399,243.0
1753533629327,12:40:29.327,CVC/USDT:USDT,0.10391,18.0,0.10389,19.0,0.10398,207.0,0.10399,127.0
1753533631347,12:40:31.347,CVC/USDT:USDT,0.10391,18.0,0.10389,19.0,0.10398,207.0,0.10399,127.0
1753533631933,12:40:31.933,CVC/USDT:USDT,0.10391,18.0,0.10389,19.0,0.10398,207.0,0.10399,127.0
1753533633847,12:40:33.847,CVC/USDT:USDT,0.10391,18.0,0.10389,19.0,0.10398,207.0,0.10399,127.0
1753533634511,12:40:34.511,CVC/USDT:USDT,0.10391,18.0,0.10389,19.0,0.10398,33.0,0.10399,127.0
1753533634570,12:40:34.570,CVC/USDT:USDT,0.10391,18.0,0.10389,19.0,0.10398,465.0,0.10399,127.0
1753533636655,12:40:36.655,CVC/USDT:USDT,0.10391,18.0,0.10389,19.0,0.10398,465.0,0.10399,127.0
1753533637727,12:40:37.727,CVC/USDT:USDT,0.10391,18.0,0.10389,19.0,0.10398,465.0,0.10399,127.0
1753533637931,12:40:37.931,CVC/USDT:USDT,0.10391,17.0,0.10389,19.0,0.10398,465.0,0.10399,127.0
1753533638121,12:40:38.121,CVC/USDT:USDT,0.10389,39.0,0.10388,50.0,0.10397,423.0,0.10398,20.0
1753533638163,12:40:38.163,CVC/USDT:USDT,0.10389,39.0,0.10388,50.0,0.10397,633.0,0.10398,20.0
1753533638538,12:40:38.538,CVC/USDT:USDT,0.10389,39.0,0.10388,50.0,0.10397,633.0,0.10398,20.0
1753533639909,12:40:39.909,CVC/USDT:USDT,0.10389,39.0,0.10388,50.0,0.10396,20.0,0.10397,438.0
1753533639961,12:40:39.961,CVC/USDT:USDT,0.10389,39.0,0.10388,50.0,0.10396,20.0,0.10397,438.0
1753533640134,12:40:40.134,CVC/USDT:USDT,0.10389,39.0,0.10388,50.0,0.10396,20.0,0.10397,438.0
1753533640180,12:40:40.180,CVC/USDT:USDT,0.10389,39.0,0.10388,50.0,0.10396,20.0,0.10397,438.0
1753533641315,12:40:41.315,CVC/USDT:USDT,0.10389,39.0,0.10388,50.0,0.10396,494.0,0.10397,33.0
1753533641793,12:40:41.793,CVC/USDT:USDT,0.10389,39.0,0.10388,50.0,0.10396,494.0,0.10397,33.0
1753533642640,12:40:42.640,CVC/USDT:USDT,0.10389,39.0,0.10388,50.0,0.10396,494.0,0.10397,33.0
1753533642641,12:40:42.641,CVC/USDT:USDT,0.10389,39.0,0.10388,50.0,0.10396,494.0,0.10397,33.0
1753533642837,12:40:42.837,CVC/USDT:USDT,0.10389,39.0,0.10388,50.0,0.10396,474.0,0.10397,33.0
1753533642851,12:40:42.851,CVC/USDT:USDT,0.10389,39.0,0.10388,50.0,0.10396,474.0,0.10397,33.0
1753533643519,12:40:43.519,CVC/USDT:USDT,0.10389,39.0,0.10388,50.0,0.10396,474.0,0.10397,33.0
1753533643626,12:40:43.626,CVC/USDT:USDT,0.10389,39.0,0.10388,50.0,0.10396,474.0,0.10397,33.0
1753533643717,12:40:43.717,CVC/USDT:USDT,0.10389,39.0,0.10388,50.0,0.10396,474.0,0.10397,33.0
1753533643894,12:40:43.894,CVC/USDT:USDT,0.10389,39.0,0.10388,50.0,0.10396,474.0,0.10397,33.0
1753533644597,12:40:44.597,CVC/USDT:USDT,0.10389,39.0,0.10388,50.0,0.10396,474.0,0.10397,33.0
1753533644677,12:40:44.677,CVC/USDT:USDT,0.10389,39.0,0.10388,50.0,0.10396,474.0,0.10397,33.0
1753533645508,12:40:45.508,CVC/USDT:USDT,0.10389,39.0,0.10388,50.0,0.10396,474.0,0.10397,33.0
1753533648127,12:40:48.127,CVC/USDT:USDT,0.10389,20.0,0.10388,69.0,0.10396,575.0,0.10397,20.0
1753533649310,12:40:49.310,CVC/USDT:USDT,0.10389,20.0,0.10388,69.0,0.10396,575.0,0.10397,20.0
1753533650573,12:40:50.573,CVC/USDT:USDT,0.10389,20.0,0.10388,69.0,0.10396,575.0,0.10398,20.0
1753533651549,12:40:51.549,CVC/USDT:USDT,0.10389,20.0,0.10388,69.0,0.10396,575.0,0.10398,20.0
1753533653432,12:40:53.432,CVC/USDT:USDT,0.10389,20.0,0.10388,69.0,0.10396,575.0,0.10398,20.0
1753533653447,12:40:53.447,CVC/USDT:USDT,0.10389,20.0,0.10388,69.0,0.10396,575.0,0.10398,20.0
1753533655124,12:40:55.124,CVC/USDT:USDT,0.10389,20.0,0.10388,69.0,0.10396,575.0,0.10398,20.0
1753533655219,12:40:55.219,CVC/USDT:USDT,0.10389,20.0,0.10388,69.0,0.10396,643.0,0.10398,20.0
1753533655576,12:40:55.576,CVC/USDT:USDT,0.10389,20.0,0.10388,69.0,0.10396,643.0,0.10398,20.0
1753533656535,12:40:56.535,CVC/USDT:USDT,0.10389,20.0,0.10388,69.0,0.10396,643.0,0.10398,20.0
1753533657593,12:40:57.593,CVC/USDT:USDT,0.10389,20.0,0.10388,69.0,0.10396,643.0,0.10398,20.0
1753533657718,12:40:57.718,CVC/USDT:USDT,0.10389,32.0,0.10388,69.0,0.10396,643.0,0.10398,20.0
1753533657831,12:40:57.831,CVC/USDT:USDT,0.1039,39.0,0.10389,32.0,0.10398,61.0,0.10402,20.0
1753533657920,12:40:57.920,CVC/USDT:USDT,0.1039,39.0,0.10389,20.0,0.10398,61.0,0.10402,20.0
1753533658005,12:40:58.005,CVC/USDT:USDT,0.1039,51.0,0.10389,20.0,0.10398,61.0,0.10402,20.0
1753533658390,12:40:58.390,CVC/USDT:USDT,0.1039,51.0,0.10389,20.0,0.10398,61.0,0.10402,20.0
1753533658821,12:40:58.821,CVC/USDT:USDT,0.1039,51.0,0.10389,20.0,0.10398,61.0,0.10402,20.0
1753533659032,12:40:59.032,CVC/USDT:USDT,0.1039,39.0,0.10389,20.0,0.10401,13.0,0.10402,40.0
1753533659089,12:40:59.089,CVC/USDT:USDT,0.1039,39.0,0.10389,20.0,0.10401,33.0,0.10402,20.0
1753533659237,12:40:59.237,CVC/USDT:USDT,0.1039,39.0,0.10389,20.0,0.10401,33.0,0.10402,20.0
1753533661024,12:41:01.024,CVC/USDT:USDT,0.1039,39.0,0.10389,20.0,0.10401,33.0,0.10402,20.0
1753533661256,12:41:01.256,CVC/USDT:USDT,0.1039,39.0,0.10389,20.0,0.10401,33.0,0.10402,20.0
1753533662425,12:41:02.425,CVC/USDT:USDT,0.1039,39.0,0.10389,20.0,0.10401,33.0,0.10402,20.0
1753533663792,12:41:03.792,CVC/USDT:USDT,0.1039,39.0,0.10389,20.0,0.10401,33.0,0.10402,20.0
1753533664025,12:41:04.025,CVC/USDT:USDT,0.1039,39.0,0.10389,20.0,0.10401,33.0,0.10402,20.0
1753533664311,12:41:04.311,CVC/USDT:USDT,0.1039,39.0,0.10389,20.0,0.10401,33.0,0.10402,20.0
1753533664488,12:41:04.488,CVC/USDT:USDT,0.1039,39.0,0.10389,20.0,0.10401,33.0,0.10402,20.0
1753533667906,12:41:07.906,CVC/USDT:USDT,0.1039,39.0,0.10389,20.0,0.10401,33.0,0.10402,20.0
1753533668027,12:41:08.027,CVC/USDT:USDT,0.1039,39.0,0.10389,20.0,0.10401,13.0,0.10402,20.0
1753533669584,12:41:09.584,CVC/USDT:USDT,0.1039,39.0,0.10389,20.0,0.10401,13.0,0.10402,20.0
1753533669720,12:41:09.720,CVC/USDT:USDT,0.1039,39.0,0.10389,20.0,0.10401,13.0,0.10402,20.0
1753533671131,12:41:11.131,CVC/USDT:USDT,0.1039,39.0,0.10389,20.0,0.10401,13.0,0.10402,20.0
1753533671204,12:41:11.204,CVC/USDT:USDT,0.1039,39.0,0.10389,20.0,0.10404,13.0,0.10405,20.0
1753533671246,12:41:11.246,CVC/USDT:USDT,0.1039,39.0,0.10389,20.0,0.10404,13.0,0.10405,20.0
1753533671362,12:41:11.362,CVC/USDT:USDT,0.1039,39.0,0.10389,20.0,0.10404,13.0,0.10405,20.0
1753533671514,12:41:11.514,CVC/USDT:USDT,0.1039,39.0,0.10389,20.0,0.10404,33.0,0.10405,20.0
1753533673328,12:41:13.328,CVC/USDT:USDT,0.1039,39.0,0.10389,20.0,0.10402,13.0,0.10403,19.0
1753533673343,12:41:13.343,CVC/USDT:USDT,0.1039,39.0,0.10389,20.0,0.10402,13.0,0.10403,19.0
1753533673747,12:41:13.747,CVC/USDT:USDT,0.1039,39.0,0.10389,20.0,0.10402,13.0,0.10403,19.0
1753533674077,12:41:14.077,CVC/USDT:USDT,0.1039,39.0,0.10389,20.0,0.10402,13.0,0.10404,20.0
1753533674212,12:41:14.212,CVC/USDT:USDT,0.1039,39.0,0.10389,20.0,0.10402,13.0,0.10404,20.0
1753533674839,12:41:14.839,CVC/USDT:USDT,0.1039,39.0,0.10389,20.0,0.10402,13.0,0.10404,20.0
1753533674968,12:41:14.968,CVC/USDT:USDT,0.1039,39.0,0.10389,20.0,0.10402,13.0,0.10404,20.0
1753533675191,12:41:15.191,CVC/USDT:USDT,0.1039,39.0,0.10389,20.0,0.10402,13.0,0.10404,20.0
1753533675685,12:41:15.685,CVC/USDT:USDT,0.1039,39.0,0.10389,20.0,0.10402,13.0,0.10404,20.0
1753533675796,12:41:15.796,CVC/USDT:USDT,0.1039,39.0,0.10389,20.0,0.10402,13.0,0.10404,20.0
1753533676173,12:41:16.173,CVC/USDT:USDT,0.1039,39.0,0.10389,20.0,0.10402,13.0,0.10404,20.0
1753533676630,12:41:16.630,CVC/USDT:USDT,0.1039,39.0,0.10389,20.0,0.10402,13.0,0.10404,20.0
1753533676668,12:41:16.668,CVC/USDT:USDT,0.1039,39.0,0.10389,20.0,0.10402,13.0,0.10404,20.0
1753533677007,12:41:17.007,CVC/USDT:USDT,0.1039,39.0,0.10389,20.0,0.10404,13.0,0.10405,20.0
1753533677171,12:41:17.171,CVC/USDT:USDT,0.1039,39.0,0.10389,20.0,0.10402,13.0,0.10403,19.0
1753533677390,12:41:17.390,CVC/USDT:USDT,0.1039,39.0,0.10389,20.0,0.10402,32.0,0.10403,19.0
1753533677801,12:41:17.801,CVC/USDT:USDT,0.1039,39.0,0.10389,20.0,0.10402,32.0,0.10403,19.0
1753533677846,12:41:17.846,CVC/USDT:USDT,0.1039,39.0,0.10389,20.0,0.10402,32.0,0.10403,19.0
1753533678166,12:41:18.166,CVC/USDT:USDT,0.1039,39.0,0.10389,20.0,0.10402,32.0,0.10403,19.0
1753533680005,12:41:20.005,CVC/USDT:USDT,0.1039,39.0,0.10389,20.0,0.10402,32.0,0.10405,20.0
1753533681168,12:41:21.168,CVC/USDT:USDT,0.1039,39.0,0.10389,20.0,0.10402,32.0,0.10405,20.0
1753533681580,12:41:21.580,CVC/USDT:USDT,0.1039,39.0,0.10389,20.0,0.10402,32.0,0.10405,20.0
1753533682367,12:41:22.367,CVC/USDT:USDT,0.1039,39.0,0.10389,20.0,0.104,13.0,0.10401,19.0
1753533683125,12:41:23.125,CVC/USDT:USDT,0.1039,39.0,0.10389,20.0,0.104,13.0,0.10402,19.0
1753533684159,12:41:24.159,CVC/USDT:USDT,0.1039,39.0,0.10389,20.0,0.104,13.0,0.10402,19.0
1753533686024,12:41:26.024,CVC/USDT:USDT,0.1039,39.0,0.10389,20.0,0.10403,20.0,0.10404,13.0
1753533686067,12:41:26.067,CVC/USDT:USDT,0.1039,39.0,0.10389,20.0,0.10402,13.0,0.10403,20.0
1753533686184,12:41:26.184,CVC/USDT:USDT,0.1039,39.0,0.10389,20.0,0.10402,13.0,0.10403,20.0
1753533686341,12:41:26.341,CVC/USDT:USDT,0.1039,39.0,0.10389,20.0,0.10402,13.0,0.10403,20.0
1753533686349,12:41:26.349,CVC/USDT:USDT,0.1039,39.0,0.10389,20.0,0.104,13.0,0.10401,20.0
1753533686446,12:41:26.446,CVC/USDT:USDT,0.1039,39.0,0.10389,20.0,0.104,13.0,0.10401,20.0
1753533686662,12:41:26.662,CVC/USDT:USDT,0.1039,39.0,0.10389,20.0,0.104,13.0,0.10401,20.0
1753533689026,12:41:29.026,CVC/USDT:USDT,0.1039,39.0,0.10389,20.0,0.10402,13.0,0.10405,20.0
1753533689088,12:41:29.088,CVC/USDT:USDT,0.1039,39.0,0.10389,20.0,0.10402,13.0,0.10403,20.0
1753533689191,12:41:29.191,CVC/USDT:USDT,0.1039,39.0,0.10389,20.0,0.10402,33.0,0.10403,20.0
1753533689856,12:41:29.856,CVC/USDT:USDT,0.1039,39.0,0.10389,20.0,0.10402,33.0,0.10403,20.0
1753533692063,12:41:32.063,CVC/USDT:USDT,0.1039,39.0,0.10389,20.0,0.10402,33.0,0.10405,20.0
1753533692708,12:41:32.708,CVC/USDT:USDT,0.1039,39.0,0.10389,20.0,0.10402,33.0,0.10405,20.0
1753533694613,12:41:34.613,CVC/USDT:USDT,0.1039,39.0,0.10389,20.0,0.10402,33.0,0.10405,20.0
1753533694759,12:41:34.759,CVC/USDT:USDT,0.1039,39.0,0.10389,20.0,0.10402,33.0,0.10405,20.0
1753533695056,12:41:35.056,CVC/USDT:USDT,0.1039,39.0,0.10389,20.0,0.10402,33.0,0.10405,20.0
1753533695650,12:41:35.650,CVC/USDT:USDT,0.1039,39.0,0.10389,20.0,0.10402,33.0,0.10405,20.0
1753533695955,12:41:35.955,CVC/USDT:USDT,0.1039,39.0,0.10389,20.0,0.10402,33.0,0.10405,20.0
1753533697237,12:41:37.237,CVC/USDT:USDT,0.1039,39.0,0.10389,20.0,0.10402,13.0,0.10405,20.0
1753533697265,12:41:37.265,CVC/USDT:USDT,0.1039,39.0,0.10389,20.0,0.10404,33.0,0.10405,20.0
1753533697345,12:41:37.345,CVC/USDT:USDT,0.1039,39.0,0.10389,20.0,0.10404,33.0,0.10405,20.0
1753533697506,12:41:37.506,CVC/USDT:USDT,0.1039,39.0,0.10389,20.0,0.10402,13.0,0.10403,20.0
1753533697921,12:41:37.921,CVC/USDT:USDT,0.1039,39.0,0.10389,20.0,0.10402,13.0,0.10403,20.0
1753533698021,12:41:38.021,CVC/USDT:USDT,0.10395,20.0,0.10394,19.0,0.10402,13.0,0.10404,20.0
1753533698134,12:41:38.134,CVC/USDT:USDT,0.10396,20.0,0.10395,39.0,0.10403,13.0,0.10404,20.0
1753533698347,12:41:38.347,CVC/USDT:USDT,0.10396,20.0,0.10395,39.0,0.10403,13.0,0.10404,20.0
1753533698779,12:41:38.779,CVC/USDT:USDT,0.10396,20.0,0.10395,39.0,0.10403,13.0,0.10404,20.0
1753533700968,12:41:40.968,CVC/USDT:USDT,0.10396,20.0,0.10395,39.0,0.10403,13.0,0.10405,20.0
1753533701052,12:41:41.052,CVC/USDT:USDT,0.10396,20.0,0.10395,39.0,0.10403,13.0,0.10405,20.0
1753533701439,12:41:41.439,CVC/USDT:USDT,0.10396,20.0,0.10395,39.0,0.10403,13.0,0.10405,20.0
1753533701442,12:41:41.442,CVC/USDT:USDT,0.10396,20.0,0.10395,39.0,0.10403,13.0,0.10405,20.0
1753533701614,12:41:41.614,CVC/USDT:USDT,0.10396,20.0,0.10395,39.0,0.10403,13.0,0.10405,20.0
1753533703738,12:41:43.738,CVC/USDT:USDT,0.10396,20.0,0.10395,39.0,0.10403,13.0,0.10405,20.0
1753533703741,12:41:43.741,CVC/USDT:USDT,0.10396,20.0,0.10395,39.0,0.10403,13.0,0.10405,20.0
1753533703866,12:41:43.866,CVC/USDT:USDT,0.10396,20.0,0.10395,39.0,0.10403,13.0,0.10405,20.0
1753533706582,12:41:46.582,CVC/USDT:USDT,0.10396,20.0,0.10395,39.0,0.10403,13.0,0.10405,20.0
1753533706865,12:41:46.865,CVC/USDT:USDT,0.10396,20.0,0.10395,39.0,0.10403,13.0,0.10405,20.0
1753533707233,12:41:47.233,CVC/USDT:USDT,0.10396,20.0,0.10395,39.0,0.10403,13.0,0.10405,20.0
1753533707243,12:41:47.243,CVC/USDT:USDT,0.10396,20.0,0.10395,39.0,0.10403,13.0,0.10405,20.0
1753533712623,12:41:52.623,CVC/USDT:USDT,0.10397,19.0,0.10396,39.0,0.10404,13.0,0.10405,20.0
1753533712925,12:41:52.925,CVC/USDT:USDT,0.10397,19.0,0.10396,39.0,0.10404,13.0,0.10405,20.0
1753533713025,12:41:53.025,CVC/USDT:USDT,0.10397,19.0,0.10396,39.0,0.10404,13.0,0.10405,20.0
1753533713383,12:41:53.383,CVC/USDT:USDT,0.10397,19.0,0.10396,39.0,0.10404,13.0,0.10405,20.0
1753533713759,12:41:53.759,CVC/USDT:USDT,0.10397,19.0,0.10396,39.0,0.10404,13.0,0.10405,20.0
1753533715508,12:41:55.508,CVC/USDT:USDT,0.10397,19.0,0.10396,39.0,0.10404,13.0,0.10405,20.0
1753533715787,12:41:55.787,CVC/USDT:USDT,0.10397,19.0,0.10396,39.0,0.10404,13.0,0.10405,20.0
1753533716063,12:41:56.063,CVC/USDT:USDT,0.10397,19.0,0.10396,39.0,0.10404,13.0,0.10405,20.0
1753533716937,12:41:56.937,CVC/USDT:USDT,0.10397,19.0,0.10396,39.0,0.10404,13.0,0.10405,20.0
1753533717030,12:41:57.030,CVC/USDT:USDT,0.10397,19.0,0.10396,39.0,0.10404,13.0,0.10405,20.0
1753533717275,12:41:57.275,CVC/USDT:USDT,0.10397,19.0,0.10396,39.0,0.10404,13.0,0.10405,20.0
1753533717430,12:41:57.430,CVC/USDT:USDT,0.10397,19.0,0.10396,39.0,0.10403,19.0,0.10404,13.0
1753533717876,12:41:57.876,CVC/USDT:USDT,0.10397,19.0,0.10396,39.0,0.10403,19.0,0.10404,13.0
1753533718817,12:41:58.817,CVC/USDT:USDT,0.10397,19.0,0.10396,39.0,0.10403,19.0,0.10404,13.0
1753533720532,12:42:00.532,CVC/USDT:USDT,0.10396,20.0,0.10392,84.0,0.10403,32.0,0.10405,20.0
1753533720546,12:42:00.546,CVC/USDT:USDT,0.10396,20.0,0.10392,84.0,0.10402,19.0,0.10403,32.0
1753533720730,12:42:00.730,CVC/USDT:USDT,0.10396,20.0,0.10392,84.0,0.10402,19.0,0.10403,32.0
1753533722024,12:42:02.024,CVC/USDT:USDT,0.10396,20.0,0.10392,84.0,0.10402,19.0,0.10403,32.0
1753533724611,12:42:04.611,CVC/USDT:USDT,0.10396,20.0,0.10392,84.0,0.10402,19.0,0.10403,32.0
1753533726158,12:42:06.158,CVC/USDT:USDT,0.10396,20.0,0.10392,84.0,0.10402,19.0,0.10403,32.0
1753533726737,12:42:06.737,CVC/USDT:USDT,0.10396,20.0,0.10392,84.0,0.10402,19.0,0.10403,32.0
1753533727718,12:42:07.718,CVC/USDT:USDT,0.10396,20.0,0.10392,84.0,0.10402,19.0,0.10403,32.0
1753533728904,12:42:08.904,CVC/USDT:USDT,0.10396,20.0,0.10392,84.0,0.10402,19.0,0.10403,32.0
1753533729493,12:42:09.493,CVC/USDT:USDT,0.10396,20.0,0.10392,84.0,0.10403,32.0,0.10405,20.0
1753533729744,12:42:09.744,CVC/USDT:USDT,0.10396,20.0,0.10392,84.0,0.10403,32.0,0.10405,20.0
1753533732526,12:42:12.526,CVC/USDT:USDT,0.10396,20.0,0.10392,84.0,0.10403,32.0,0.10405,20.0
1753533733123,12:42:13.123,CVC/USDT:USDT,0.10397,20.0,0.10396,39.0,0.10404,13.0,0.10405,20.0
1753533733193,12:42:13.193,CVC/USDT:USDT,0.10397,20.0,0.10396,39.0,0.10404,13.0,0.10405,20.0
1753533733369,12:42:13.369,CVC/USDT:USDT,0.10397,20.0,0.10396,39.0,0.10404,33.0,0.10405,20.0
1753533733481,12:42:13.481,CVC/USDT:USDT,0.10397,20.0,0.10396,39.0,0.10403,20.0,0.10404,33.0
1753533733592,12:42:13.592,CVC/USDT:USDT,0.10397,20.0,0.10396,39.0,0.10403,20.0,0.10404,33.0
1753533733782,12:42:13.782,CVC/USDT:USDT,0.10397,20.0,0.10396,39.0,0.10403,20.0,0.10404,33.0
1753533736195,12:42:16.195,CVC/USDT:USDT,0.10397,20.0,0.10396,39.0,0.10403,20.0,0.10404,33.0
1753533738095,12:42:18.095,CVC/USDT:USDT,0.10397,20.0,0.10396,39.0,0.10404,13.0,0.10405,20.0
1753533738480,12:42:18.480,CVC/USDT:USDT,0.10397,20.0,0.10396,39.0,0.10404,13.0,0.10405,20.0
1753533738624,12:42:18.624,CVC/USDT:USDT,0.10397,20.0,0.10396,39.0,0.10404,13.0,0.10405,20.0
1753533738696,12:42:18.696,CVC/USDT:USDT,0.10397,20.0,0.10396,39.0,0.10404,13.0,0.10405,20.0
1753533741987,12:42:21.987,CVC/USDT:USDT,0.10397,20.0,0.10396,39.0,0.10404,13.0,0.10405,20.0
1753533742817,12:42:22.817,CVC/USDT:USDT,0.10397,20.0,0.10396,39.0,0.10404,33.0,0.10405,20.0
1753533743315,12:42:23.315,CVC/USDT:USDT,0.10396,20.0,0.10393,19.0,0.10403,33.0,0.10404,20.0
1753533743456,12:42:23.456,CVC/USDT:USDT,0.10396,20.0,0.10393,19.0,0.10403,33.0,0.10404,20.0
1753533743664,12:42:23.664,CVC/USDT:USDT,0.10396,20.0,0.10393,19.0,0.10403,33.0,0.10405,20.0
1753533743873,12:42:23.873,CVC/USDT:USDT,0.10396,20.0,0.10393,19.0,0.10403,33.0,0.10405,20.0
1753533744622,12:42:24.622,CVC/USDT:USDT,0.10396,20.0,0.10393,19.0,0.10403,33.0,0.10405,20.0
1753533744687,12:42:24.687,CVC/USDT:USDT,0.10396,20.0,0.10393,19.0,0.10403,33.0,0.10405,20.0
1753533746137,12:42:26.137,CVC/USDT:USDT,0.10396,20.0,0.10393,19.0,0.10403,13.0,0.10407,127.0
1753533746226,12:42:26.226,CVC/USDT:USDT,0.10397,20.0,0.10396,39.0,0.10404,13.0,0.10406,20.0
1753533746311,12:42:26.311,CVC/USDT:USDT,0.10397,20.0,0.10396,39.0,0.10404,13.0,0.10406,20.0
1753533746407,12:42:26.407,CVC/USDT:USDT,0.10398,20.0,0.10397,39.0,0.10405,13.0,0.10406,20.0
1753533746450,12:42:26.450,CVC/USDT:USDT,0.10398,20.0,0.10397,39.0,0.10405,13.0,0.10406,20.0
1753533746579,12:42:26.579,CVC/USDT:USDT,0.10398,19.0,0.10397,39.0,0.10405,33.0,0.10406,20.0
1753533746823,12:42:26.823,CVC/USDT:USDT,0.10398,18.0,0.10397,39.0,0.10405,33.0,0.10406,20.0
1753533750675,12:42:30.675,CVC/USDT:USDT,0.10398,18.0,0.10397,39.0,0.10405,33.0,0.10406,20.0
1753533750862,12:42:30.862,CVC/USDT:USDT,0.10398,18.0,0.10397,39.0,0.10405,33.0,0.10406,20.0
1753533752584,12:42:32.584,CVC/USDT:USDT,0.10398,18.0,0.10397,39.0,0.10405,33.0,0.10406,20.0
1753533752898,12:42:32.898,CVC/USDT:USDT,0.10398,18.0,0.10397,39.0,0.10405,33.0,0.10406,20.0
1753533753731,12:42:33.731,CVC/USDT:USDT,0.10398,18.0,0.10397,39.0,0.10405,33.0,0.10406,20.0
1753533755716,12:42:35.716,CVC/USDT:USDT,0.10398,18.0,0.10397,39.0,0.10405,33.0,0.10406,20.0
1753533756469,12:42:36.469,CVC/USDT:USDT,0.10398,18.0,0.10397,39.0,0.10405,33.0,0.10406,20.0
1753533756771,12:42:36.771,CVC/USDT:USDT,0.10398,18.0,0.10397,39.0,0.10404,19.0,0.10405,33.0
1753533757792,12:42:37.792,CVC/USDT:USDT,0.10398,18.0,0.10397,39.0,0.10404,19.0,0.10405,33.0
1753533758237,12:42:38.237,CVC/USDT:USDT,0.10398,18.0,0.10397,39.0,0.10405,33.0,0.10406,20.0
1753533759011,12:42:39.011,CVC/USDT:USDT,0.10398,18.0,0.10397,39.0,0.10405,33.0,0.10406,20.0
1753533759284,12:42:39.284,CVC/USDT:USDT,0.10398,18.0,0.10397,39.0,0.10404,19.0,0.10405,33.0
1753533759428,12:42:39.428,CVC/USDT:USDT,0.10398,18.0,0.10397,39.0,0.10404,19.0,0.10405,33.0
1753533759832,12:42:39.832,CVC/USDT:USDT,0.10398,18.0,0.10397,39.0,0.10404,19.0,0.10405,33.0
1753533762266,12:42:42.266,CVC/USDT:USDT,0.10398,18.0,0.10397,39.0,0.10404,19.0,0.10405,33.0
1753533766668,12:42:46.668,CVC/USDT:USDT,0.10398,18.0,0.10397,39.0,0.10404,19.0,0.10405,33.0
1753533767163,12:42:47.163,CVC/USDT:USDT,0.10398,18.0,0.10397,39.0,0.10405,33.0,0.10406,20.0
1753533767875,12:42:47.875,CVC/USDT:USDT,0.10398,18.0,0.10397,39.0,0.10405,33.0,0.10406,20.0
1753533768053,12:42:48.053,CVC/USDT:USDT,0.10398,18.0,0.10397,39.0,0.10405,33.0,0.10406,20.0
1753533768164,12:42:48.164,CVC/USDT:USDT,0.10398,18.0,0.10397,39.0,0.10405,33.0,0.10406,20.0
1753533773845,12:42:53.845,CVC/USDT:USDT,0.10398,18.0,0.10397,39.0,0.10405,33.0,0.10406,20.0
1753533775908,12:42:55.908,CVC/USDT:USDT,0.10398,37.0,0.10397,20.0,0.10406,33.0,0.10407,127.0
1753533776261,12:42:56.261,CVC/USDT:USDT,0.10398,37.0,0.10396,20.0,0.10406,43.0,0.10407,127.0
1753533776378,12:42:56.378,CVC/USDT:USDT,0.10398,37.0,0.10396,20.0,0.10406,43.0,0.10407,127.0
1753533776485,12:42:56.485,CVC/USDT:USDT,0.10398,37.0,0.10396,20.0,0.10406,43.0,0.10407,127.0
1753533776605,12:42:56.605,CVC/USDT:USDT,0.10398,37.0,0.10396,20.0,0.10406,43.0,0.10407,127.0
1753533776778,12:42:56.778,CVC/USDT:USDT,0.10398,37.0,0.10396,20.0,0.10406,43.0,0.10407,127.0
1753533778379,12:42:58.379,CVC/USDT:USDT,0.10398,37.0,0.10396,20.0,0.10406,43.0,0.10407,127.0
1753533779637,12:42:59.637,CVC/USDT:USDT,0.10398,37.0,0.10396,20.0,0.10406,43.0,0.10407,127.0
1753533780012,12:43:00.012,CVC/USDT:USDT,0.10398,37.0,0.10396,20.0,0.10406,43.0,0.10407,127.0
1753533781621,12:43:01.621,CVC/USDT:USDT,0.10398,37.0,0.10396,20.0,0.10406,43.0,0.10407,127.0
1753533783525,12:43:03.525,CVC/USDT:USDT,0.10398,37.0,0.10396,20.0,0.10406,23.0,0.10407,127.0
1753533784655,12:43:04.655,CVC/USDT:USDT,0.10398,37.0,0.10396,20.0,0.10406,23.0,0.10407,127.0
1753533786051,12:43:06.051,CVC/USDT:USDT,0.10398,37.0,0.10396,20.0,0.10406,23.0,0.10407,127.0
1753533786826,12:43:06.826,CVC/USDT:USDT,0.10398,37.0,0.10396,20.0,0.10406,43.0,0.10409,19.0
1753533786908,12:43:06.908,CVC/USDT:USDT,0.10398,37.0,0.10396,20.0,0.10406,43.0,0.10409,19.0
1753533787074,12:43:07.074,CVC/USDT:USDT,0.10398,37.0,0.10396,20.0,0.10406,43.0,0.10409,19.0
1753533788070,12:43:08.070,CVC/USDT:USDT,0.10398,37.0,0.10396,20.0,0.10406,43.0,0.10409,19.0
1753533788704,12:43:08.704,CVC/USDT:USDT,0.10398,37.0,0.10396,20.0,0.10406,43.0,0.10409,19.0
1753533789214,12:43:09.214,CVC/USDT:USDT,0.10398,37.0,0.10396,20.0,0.10406,104.0,0.10409,19.0
1753533791222,12:43:11.222,CVC/USDT:USDT,0.10398,37.0,0.10396,20.0,0.10406,104.0,0.10409,19.0
1753533792037,12:43:12.037,CVC/USDT:USDT,0.10398,37.0,0.10396,20.0,0.10406,104.0,0.10409,19.0
1753533795909,12:43:15.909,CVC/USDT:USDT,0.10398,37.0,0.10396,20.0,0.10406,84.0,0.10409,19.0
1753533796004,12:43:16.004,CVC/USDT:USDT,0.10398,37.0,0.10396,20.0,0.10406,84.0,0.10409,19.0
1753533796090,12:43:16.090,CVC/USDT:USDT,0.10398,37.0,0.10396,20.0,0.10406,84.0,0.10409,19.0
1753533796818,12:43:16.818,CVC/USDT:USDT,0.10398,37.0,0.10396,20.0,0.10406,84.0,0.10409,19.0
1753533797025,12:43:17.025,CVC/USDT:USDT,0.10398,37.0,0.10396,20.0,0.10406,84.0,0.10409,19.0
1753533797558,12:43:17.558,CVC/USDT:USDT,0.10398,37.0,0.10396,20.0,0.10406,159.0,0.10409,19.0
1753533797742,12:43:17.742,CVC/USDT:USDT,0.10398,37.0,0.10396,20.0,0.10406,159.0,0.10409,19.0
1753533801251,12:43:21.251,CVC/USDT:USDT,0.10398,37.0,0.10396,20.0,0.10406,159.0,0.10409,19.0
1753533801437,12:43:21.437,CVC/USDT:USDT,0.10398,37.0,0.10396,20.0,0.10406,159.0,0.10409,19.0
1753533802806,12:43:22.806,CVC/USDT:USDT,0.10398,37.0,0.10396,20.0,0.10406,159.0,0.10409,19.0
1753533803226,12:43:23.226,CVC/USDT:USDT,0.10398,37.0,0.10396,20.0,0.10406,13.0,0.10409,19.0
1753533803279,12:43:23.279,CVC/USDT:USDT,0.10398,37.0,0.10396,20.0,0.10406,289.0,0.10409,19.0
1753533803773,12:43:23.773,CVC/USDT:USDT,0.10398,37.0,0.10396,20.0,0.10406,289.0,0.10409,19.0
1753533806831,12:43:26.831,CVC/USDT:USDT,0.10399,20.0,0.10398,37.0,0.10406,289.0,0.10409,19.0
1753533807003,12:43:27.003,CVC/USDT:USDT,0.10399,20.0,0.10398,37.0,0.10406,289.0,0.10409,19.0
1753533807695,12:43:27.695,CVC/USDT:USDT,0.10399,20.0,0.10398,37.0,0.10406,289.0,0.10409,19.0
1753533807830,12:43:27.830,CVC/USDT:USDT,0.10399,20.0,0.10398,37.0,0.10406,289.0,0.10409,19.0
1753533808598,12:43:28.598,CVC/USDT:USDT,0.10399,20.0,0.10398,37.0,0.10406,289.0,0.10408,127.0
1753533811304,12:43:31.304,CVC/USDT:USDT,0.10399,20.0,0.10398,37.0,0.10406,289.0,0.10408,127.0
1753533811857,12:43:31.857,CVC/USDT:USDT,0.10399,20.0,0.10398,37.0,0.10406,289.0,0.10408,127.0
1753533812227,12:43:32.227,CVC/USDT:USDT,0.10399,39.0,0.10398,18.0,0.10407,13.0,0.10408,127.0
1753533812279,12:43:32.279,CVC/USDT:USDT,0.104,20.0,0.10399,39.0,0.10407,342.0,0.10408,127.0
1753533812707,12:43:32.707,CVC/USDT:USDT,0.104,12.0,0.10399,39.0,0.10406,20.0,0.10407,342.0
1753533813113,12:43:33.113,CVC/USDT:USDT,0.104,12.0,0.10399,39.0,0.10406,20.0,0.10407,342.0
1753533813940,12:43:33.940,CVC/USDT:USDT,0.104,12.0,0.10399,39.0,0.10406,20.0,0.10407,342.0
1753533814319,12:43:34.319,CVC/USDT:USDT,0.104,12.0,0.10399,39.0,0.10406,20.0,0.10407,342.0
1753533814391,12:43:34.391,CVC/USDT:USDT,0.104,12.0,0.10399,39.0,0.10406,20.0,0.10407,342.0
1753533815926,12:43:35.926,CVC/USDT:USDT,0.104,12.0,0.10399,39.0,0.10406,126.0,0.10407,239.0
1753533816155,12:43:36.155,CVC/USDT:USDT,0.104,12.0,0.10399,39.0,0.10406,338.0,0.10407,33.0
1753533820184,12:43:40.184,CVC/USDT:USDT,0.104,12.0,0.10399,39.0,0.10406,338.0,0.10407,33.0
1753533822432,12:43:42.432,CVC/USDT:USDT,0.104,12.0,0.10399,39.0,0.10406,244.0,0.10407,33.0
1753533822454,12:43:42.454,CVC/USDT:USDT,0.104,12.0,0.10399,39.0,0.10406,356.0,0.10407,33.0
1753533825975,12:43:45.975,CVC/USDT:USDT,0.104,12.0,0.10399,39.0,0.10406,356.0,0.10407,33.0
1753533828395,12:43:48.395,CVC/USDT:USDT,0.104,12.0,0.10399,39.0,0.10406,336.0,0.10407,33.0
1753533831767,12:43:51.767,CVC/USDT:USDT,0.104,12.0,0.10399,39.0,0.10406,336.0,0.10407,33.0
1753533834648,12:43:54.648,CVC/USDT:USDT,0.104,12.0,0.10399,39.0,0.10407,33.0,0.10408,127.0
1753533834815,12:43:54.815,CVC/USDT:USDT,0.104,12.0,0.10399,39.0,0.10406,348.0,0.10407,33.0
1753533837560,12:43:57.560,CVC/USDT:USDT,0.104,12.0,0.10399,39.0,0.10406,348.0,0.10407,33.0
1753533842396,12:44:02.396,CVC/USDT:USDT,0.104,12.0,0.10399,39.0,0.10406,348.0,0.10407,33.0
1753533842497,12:44:02.497,CVC/USDT:USDT,0.104,12.0,0.10399,39.0,0.10406,348.0,0.10407,33.0
1753533843086,12:44:03.086,CVC/USDT:USDT,0.104,12.0,0.10399,39.0,0.10406,348.0,0.10407,33.0
1753533843423,12:44:03.423,CVC/USDT:USDT,0.104,12.0,0.10399,39.0,0.10406,348.0,0.10407,33.0
1753533844840,12:44:04.840,CVC/USDT:USDT,0.104,12.0,0.10399,39.0,0.10406,240.0,0.10407,33.0
1753533844886,12:44:04.886,CVC/USDT:USDT,0.104,12.0,0.10399,39.0,0.10406,360.0,0.10407,33.0
1753533845881,12:44:05.881,CVC/USDT:USDT,0.104,12.0,0.10399,39.0,0.10406,360.0,0.10407,33.0
1753533847274,12:44:07.274,CVC/USDT:USDT,0.104,12.0,0.10399,39.0,0.10406,360.0,0.10407,33.0
1753533847978,12:44:07.978,CVC/USDT:USDT,0.104,12.0,0.10399,39.0,0.10406,360.0,0.10407,33.0
1753533849144,12:44:09.144,CVC/USDT:USDT,0.104,12.0,0.10399,39.0,0.10406,360.0,0.10407,33.0
1753533850038,12:44:10.038,CVC/USDT:USDT,0.104,12.0,0.10399,39.0,0.10406,244.0,0.10407,33.0
1753533850050,12:44:10.050,CVC/USDT:USDT,0.104,12.0,0.10399,39.0,0.10406,366.0,0.10407,33.0
1753533852092,12:44:12.092,CVC/USDT:USDT,0.104,12.0,0.10399,39.0,0.10406,366.0,0.10407,33.0
1753533852198,12:44:12.198,CVC/USDT:USDT,0.104,12.0,0.10399,39.0,0.10406,366.0,0.10407,33.0
1753533852523,12:44:12.523,CVC/USDT:USDT,0.104,12.0,0.10399,39.0,0.10406,366.0,0.10407,33.0
1753533854936,12:44:14.936,CVC/USDT:USDT,0.104,12.0,0.10399,39.0,0.10406,366.0,0.10407,33.0
1753533855114,12:44:15.114,CVC/USDT:USDT,0.104,12.0,0.10399,39.0,0.10407,33.0,0.10408,127.0
1753533855177,12:44:15.177,CVC/USDT:USDT,0.104,12.0,0.10399,39.0,0.10406,372.0,0.10407,33.0
1753533857300,12:44:17.300,CVC/USDT:USDT,0.104,12.0,0.10399,39.0,0.10406,372.0,0.10407,33.0
1753533860727,12:44:20.727,CVC/USDT:USDT,0.104,12.0,0.10399,39.0,0.10406,372.0,0.10407,33.0
1753533861105,12:44:21.105,CVC/USDT:USDT,0.104,12.0,0.10399,39.0,0.10407,33.0,0.10408,127.0
1753533861165,12:44:21.165,CVC/USDT:USDT,0.104,12.0,0.10399,39.0,0.10407,408.0,0.10408,127.0
1753533862300,12:44:22.300,CVC/USDT:USDT,0.104,12.0,0.10399,39.0,0.10407,408.0,0.10408,127.0
1753533867827,12:44:27.827,CVC/USDT:USDT,0.104,12.0,0.10399,39.0,0.10407,33.0,0.10408,127.0
1753533867886,12:44:27.886,CVC/USDT:USDT,0.104,12.0,0.10399,39.0,0.10407,411.0,0.10408,127.0
1753533870737,12:44:30.737,CVC/USDT:USDT,0.104,20.0,0.10399,39.0,0.10406,20.0,0.10407,411.0
1753533871016,12:44:31.016,CVC/USDT:USDT,0.104,20.0,0.10399,39.0,0.10406,146.0,0.10407,285.0
1753533871710,12:44:31.710,CVC/USDT:USDT,0.104,20.0,0.10399,39.0,0.10406,398.0,0.10407,33.0
1753533872312,12:44:32.312,CVC/USDT:USDT,0.104,20.0,0.10399,39.0,0.10406,398.0,0.10407,33.0
1753533874338,12:44:34.338,CVC/USDT:USDT,0.10399,39.0,0.10396,20.0,0.10405,20.0,0.10406,398.0
1753533874428,12:44:34.428,CVC/USDT:USDT,0.10397,19.0,0.10396,20.0,0.10404,20.0,0.10405,147.0
1753533874464,12:44:34.464,CVC/USDT:USDT,0.10397,20.0,0.10396,39.0,0.10404,33.0,0.10405,147.0
1753533874583,12:44:34.583,CVC/USDT:USDT,0.10397,20.0,0.10396,39.0,0.10404,33.0,0.10405,147.0
1753533875086,12:44:35.086,CVC/USDT:USDT,0.10397,20.0,0.10396,39.0,0.10404,33.0,0.10405,147.0
1753533876699,12:44:36.699,CVC/USDT:USDT,0.10397,20.0,0.10396,39.0,0.10404,13.0,0.10405,147.0
1753533877175,12:44:37.175,CVC/USDT:USDT,0.10397,20.0,0.10396,39.0,0.10404,25.0,0.10405,20.0
1753533877370,12:44:37.370,CVC/USDT:USDT,0.10397,20.0,0.10396,39.0,0.10404,25.0,0.10407,20.0
1753533877918,12:44:37.918,CVC/USDT:USDT,0.10397,20.0,0.10396,39.0,0.10404,25.0,0.10407,20.0
1753533880799,12:44:40.799,CVC/USDT:USDT,0.10397,20.0,0.10396,39.0,0.10404,45.0,0.10407,20.0
1753533884806,12:44:44.806,CVC/USDT:USDT,0.10397,20.0,0.10396,39.0,0.10404,25.0,0.10407,20.0
1753533885939,12:44:45.939,CVC/USDT:USDT,0.10397,20.0,0.10396,39.0,0.10404,40.0,0.10407,20.0
1753533887821,12:44:47.821,CVC/USDT:USDT,0.10397,20.0,0.10396,39.0,0.10403,20.0,0.10404,60.0
1753533889195,12:44:49.195,CVC/USDT:USDT,0.10397,20.0,0.10396,39.0,0.10403,35.0,0.10404,33.0
1753533893488,12:44:53.488,CVC/USDT:USDT,0.10397,20.0,0.10396,39.0,0.10403,15.0,0.10404,33.0
1753533894625,12:44:54.625,CVC/USDT:USDT,0.10397,20.0,0.10396,39.0,0.10404,43.0,0.10407,20.0
1753533894910,12:44:54.910,CVC/USDT:USDT,0.10397,20.0,0.10396,39.0,0.10404,23.0,0.10407,20.0
1753533895201,12:44:55.201,CVC/USDT:USDT,0.10397,20.0,0.10396,39.0,0.10404,41.0,0.10407,20.0
1753533895325,12:44:55.325,CVC/USDT:USDT,0.10397,20.0,0.10396,39.0,0.10404,61.0,0.10407,20.0
1753533895577,12:44:55.577,CVC/USDT:USDT,0.10397,20.0,0.10396,39.0,0.10404,43.0,0.10407,20.0
1753533895739,12:44:55.739,CVC/USDT:USDT,0.10397,20.0,0.10396,39.0,0.10404,43.0,0.10407,20.0
1753533895858,12:44:55.858,CVC/USDT:USDT,0.10397,20.0,0.10396,39.0,0.10404,43.0,0.10407,20.0
1753533900735,12:45:00.735,CVC/USDT:USDT,0.10397,20.0,0.10396,39.0,0.10404,43.0,0.10407,20.0
1753533901012,12:45:01.012,CVC/USDT:USDT,0.10397,20.0,0.10396,39.0,0.10404,33.0,0.10407,20.0
1753533901117,12:45:01.117,CVC/USDT:USDT,0.10397,20.0,0.10396,39.0,0.10404,48.0,0.10407,20.0
1753533901215,12:45:01.215,CVC/USDT:USDT,0.10397,20.0,0.10396,39.0,0.10404,48.0,0.10407,20.0
1753533905632,12:45:05.632,CVC/USDT:USDT,0.10397,20.0,0.10396,39.0,0.10404,48.0,0.10407,20.0
1753533906312,12:45:06.312,CVC/USDT:USDT,0.10397,20.0,0.10396,39.0,0.10404,48.0,0.10407,20.0
1753533907090,12:45:07.090,CVC/USDT:USDT,0.10397,20.0,0.10396,39.0,0.10404,48.0,0.10407,20.0
1753533908197,12:45:08.197,CVC/USDT:USDT,0.10397,20.0,0.10396,20.0,0.10403,33.0,0.10404,20.0
1753533908313,12:45:08.313,CVC/USDT:USDT,0.10397,20.0,0.10396,39.0,0.10403,20.0,0.10404,33.0
1753533908460,12:45:08.460,CVC/USDT:USDT,0.10397,20.0,0.10396,39.0,0.10403,20.0,0.10404,33.0
1753533908936,12:45:08.936,CVC/USDT:USDT,0.10397,20.0,0.10396,39.0,0.10403,20.0,0.10404,33.0
1753533914217,12:45:14.217,CVC/USDT:USDT,0.10397,20.0,0.10396,39.0,0.10403,20.0,0.10404,33.0
1753533917191,12:45:17.191,CVC/USDT:USDT,0.10397,20.0,0.10396,39.0,0.10403,20.0,0.10404,33.0
1753533918915,12:45:18.915,CVC/USDT:USDT,0.10397,20.0,0.10396,39.0,0.10404,43.0,0.10407,20.0
1753533920201,12:45:20.201,CVC/USDT:USDT,0.10397,20.0,0.10396,39.0,0.10404,43.0,0.10407,20.0
1753533922090,12:45:22.090,CVC/USDT:USDT,0.10397,20.0,0.10396,39.0,0.10404,23.0,0.10407,20.0
1753533923116,12:45:23.116,CVC/USDT:USDT,0.10397,20.0,0.10396,39.0,0.10404,23.0,0.10407,20.0
1753533923504,12:45:23.504,CVC/USDT:USDT,0.10397,20.0,0.10396,39.0,0.10404,43.0,0.10407,20.0
1753533923598,12:45:23.598,CVC/USDT:USDT,0.10397,20.0,0.10396,39.0,0.10404,43.0,0.10407,20.0
1753533926895,12:45:26.895,CVC/USDT:USDT,0.10397,20.0,0.10396,39.0,0.10403,20.0,0.10404,33.0
1753533927010,12:45:27.010,CVC/USDT:USDT,0.10397,20.0,0.10396,39.0,0.10403,20.0,0.10404,33.0
1753533927160,12:45:27.160,CVC/USDT:USDT,0.10397,20.0,0.10396,39.0,0.10403,20.0,0.10404,33.0
1753533928016,12:45:28.016,CVC/USDT:USDT,0.10397,20.0,0.10396,39.0,0.10404,155.0,0.10407,20.0
1753533928245,12:45:28.245,CVC/USDT:USDT,0.10397,20.0,0.10396,39.0,0.10404,155.0,0.10407,20.0
1753533929068,12:45:29.068,CVC/USDT:USDT,0.10397,20.0,0.10396,39.0,0.10404,155.0,0.10407,20.0
1753533930238,12:45:30.238,CVC/USDT:USDT,0.10397,20.0,0.10396,39.0,0.10404,155.0,0.10407,20.0
1753533932397,12:45:32.397,CVC/USDT:USDT,0.10397,20.0,0.10396,39.0,0.10404,155.0,0.10407,20.0
1753533933097,12:45:33.097,CVC/USDT:USDT,0.10397,20.0,0.10396,39.0,0.10404,155.0,0.10407,20.0
1753533933625,12:45:33.625,CVC/USDT:USDT,0.10399,19.0,0.10398,19.0,0.10406,13.0,0.10407,20.0
1753533933662,12:45:33.662,CVC/USDT:USDT,0.104,19.0,0.10399,38.0,0.10406,19.0,0.10407,177.0
1753533933822,12:45:33.822,CVC/USDT:USDT,0.104,12.0,0.10399,38.0,0.10406,19.0,0.10407,321.0
1753533933998,12:45:33.998,CVC/USDT:USDT,0.104,11.0,0.10399,38.0,0.10406,19.0,0.10407,321.0
1753533934086,12:45:34.086,CVC/USDT:USDT,0.10399,19.0,0.10398,19.0,0.10406,32.0,0.10407,308.0
1753533934311,12:45:34.311,CVC/USDT:USDT,0.10399,17.0,0.10398,19.0,0.10405,19.0,0.10406,32.0
1753533935010,12:45:35.010,CVC/USDT:USDT,0.10399,17.0,0.10398,19.0,0.10405,19.0,0.10406,32.0
1753533935146,12:45:35.146,CVC/USDT:USDT,0.10399,17.0,0.10398,19.0,0.10405,19.0,0.10406,32.0
1753533936030,12:45:36.030,CVC/USDT:USDT,0.10399,17.0,0.10398,19.0,0.10405,19.0,0.10406,32.0
1753533936098,12:45:36.098,CVC/USDT:USDT,0.10399,17.0,0.10398,19.0,0.10405,19.0,0.10406,32.0
1753533936732,12:45:36.732,CVC/USDT:USDT,0.10399,17.0,0.10398,19.0,0.10405,164.0,0.10406,32.0
1753533936764,12:45:36.764,CVC/USDT:USDT,0.10399,17.0,0.10398,19.0,0.10405,164.0,0.10406,32.0
1753533936857,12:45:36.857,CVC/USDT:USDT,0.10399,17.0,0.10398,19.0,0.10405,309.0,0.10406,32.0
1753533939102,12:45:39.102,CVC/USDT:USDT,0.10399,17.0,0.10398,19.0,0.10405,309.0,0.10406,32.0
1753533940468,12:45:40.468,CVC/USDT:USDT,0.10399,17.0,0.10398,19.0,0.10405,290.0,0.10406,32.0
