timestamp,time,symbol,bid1_price,bid1_volume,bid2_price,bid2_volume,ask1_price,ask1_volume,ask2_price,ask2_volume
1753533030000,12:30:30.000,COS/USDT:USDT,0.004024,2.0,0.004021,4.0,0.004031,14.0,0.004032,14.0
1753533031634,12:30:31.634,COS/USDT:USDT,0.004024,2.0,0.004021,4.0,0.004031,14.0,0.004032,14.0
1753533034835,12:30:34.835,COS/USDT:USDT,0.004024,2.0,0.004021,4.0,0.004031,14.0,0.004032,14.0
1753533034929,12:30:34.929,COS/USDT:USDT,0.004021,4.0,0.00402,4.0,0.004029,5.0,0.00403,9.0
1753533035100,12:30:35.100,COS/USDT:USDT,0.004021,4.0,0.00402,4.0,0.004029,5.0,0.00403,9.0
1753533035201,12:30:35.201,COS/USDT:USDT,0.004021,4.0,0.00402,4.0,0.004029,5.0,0.00403,9.0
1753533035601,12:30:35.601,COS/USDT:USDT,0.004021,4.0,0.00402,4.0,0.004029,5.0,0.00403,9.0
1753533035846,12:30:35.846,COS/USDT:USDT,0.004021,4.0,0.00402,4.0,0.004029,5.0,0.00403,9.0
1753533035863,12:30:35.863,COS/USDT:USDT,0.004021,4.0,0.00402,4.0,0.004029,5.0,0.00403,9.0
1753533036028,12:30:36.028,COS/USDT:USDT,0.004021,4.0,0.00402,4.0,0.004029,5.0,0.00403,9.0
1753533036265,12:30:36.265,COS/USDT:USDT,0.004021,4.0,0.00402,4.0,0.004029,5.0,0.00403,9.0
1753533040253,12:30:40.253,COS/USDT:USDT,0.004021,4.0,0.00402,4.0,0.004029,5.0,0.00403,9.0
1753533040261,12:30:40.261,COS/USDT:USDT,0.004021,4.0,0.00402,4.0,0.004029,5.0,0.00403,9.0
1753533041544,12:30:41.544,COS/USDT:USDT,0.004021,4.0,0.00402,4.0,0.004029,5.0,0.00403,9.0
1753533045005,12:30:45.005,COS/USDT:USDT,0.004021,4.0,0.00402,4.0,0.004029,5.0,0.00403,9.0
1753533048862,12:30:48.862,COS/USDT:USDT,0.004021,4.0,0.00402,4.0,0.004029,5.0,0.00403,9.0
1753533050190,12:30:50.190,COS/USDT:USDT,0.004021,4.0,0.00402,4.0,0.004029,5.0,0.00403,9.0
1753533051156,12:30:51.156,COS/USDT:USDT,0.004021,9.0,0.00402,4.0,0.004029,5.0,0.00403,9.0
1753533051223,12:30:51.223,COS/USDT:USDT,0.004021,9.0,0.00402,4.0,0.004029,5.0,0.00403,9.0
1753533052321,12:30:52.321,COS/USDT:USDT,0.004021,9.0,0.00402,4.0,0.004029,5.0,0.00403,9.0
1753533053271,12:30:53.271,COS/USDT:USDT,0.004021,9.0,0.00402,4.0,0.004029,5.0,0.00403,9.0
1753533053482,12:30:53.482,COS/USDT:USDT,0.004021,9.0,0.00402,4.0,0.004029,5.0,0.00403,9.0
1753533054124,12:30:54.124,COS/USDT:USDT,0.004021,9.0,0.00402,4.0,0.004029,5.0,0.00403,9.0
1753533054233,12:30:54.233,COS/USDT:USDT,0.004021,9.0,0.00402,4.0,0.004029,5.0,0.00403,9.0
1753533054935,12:30:54.935,COS/USDT:USDT,0.004021,9.0,0.00402,4.0,0.004029,5.0,0.00403,9.0
1753533055234,12:30:55.234,COS/USDT:USDT,0.004021,9.0,0.00402,4.0,0.004029,5.0,0.00403,9.0
1753533055921,12:30:55.921,COS/USDT:USDT,0.004021,9.0,0.00402,4.0,0.004029,5.0,0.00403,9.0
1753533056228,12:30:56.228,COS/USDT:USDT,0.004021,9.0,0.00402,4.0,0.004029,5.0,0.00403,9.0
1753533057055,12:30:57.055,COS/USDT:USDT,0.004021,9.0,0.00402,4.0,0.004029,5.0,0.00403,9.0
1753533057126,12:30:57.126,COS/USDT:USDT,0.004021,9.0,0.00402,4.0,0.004029,5.0,0.00403,9.0
1753533057255,12:30:57.255,COS/USDT:USDT,0.004021,9.0,0.00402,4.0,0.004029,5.0,0.00403,9.0
1753533057731,12:30:57.731,COS/USDT:USDT,0.004021,9.0,0.00402,4.0,0.004029,5.0,0.00403,9.0
1753533058242,12:30:58.242,COS/USDT:USDT,0.004021,9.0,0.00402,4.0,0.004029,5.0,0.00403,9.0
1753533058559,12:30:58.559,COS/USDT:USDT,0.004021,9.0,0.00402,4.0,0.004029,5.0,0.00403,9.0
1753533059263,12:30:59.263,COS/USDT:USDT,0.004021,9.0,0.00402,4.0,0.004029,5.0,0.00403,9.0
1753533059532,12:30:59.532,COS/USDT:USDT,0.004021,9.0,0.00402,4.0,0.004029,5.0,0.00403,9.0
1753533060263,12:31:00.263,COS/USDT:USDT,0.004021,9.0,0.00402,4.0,0.004029,5.0,0.00403,9.0
1753533060652,12:31:00.652,COS/USDT:USDT,0.004021,9.0,0.00402,4.0,0.004029,5.0,0.00403,9.0
1753533060823,12:31:00.823,COS/USDT:USDT,0.004021,9.0,0.00402,4.0,0.004029,5.0,0.00403,9.0
1753533060907,12:31:00.907,COS/USDT:USDT,0.004021,9.0,0.00402,4.0,0.004029,5.0,0.00403,9.0
1753533061048,12:31:01.048,COS/USDT:USDT,0.004021,9.0,0.00402,4.0,0.004029,5.0,0.00403,9.0
1753533061236,12:31:01.236,COS/USDT:USDT,0.004021,9.0,0.00402,4.0,0.004029,5.0,0.00403,9.0
1753533061293,12:31:01.293,COS/USDT:USDT,0.004021,9.0,0.00402,4.0,0.004029,5.0,0.00403,9.0
1753533061880,12:31:01.880,COS/USDT:USDT,0.004021,9.0,0.00402,4.0,0.004029,5.0,0.00403,9.0
1753533062950,12:31:02.950,COS/USDT:USDT,0.004021,9.0,0.00402,4.0,0.004029,5.0,0.00403,9.0
1753533063055,12:31:03.055,COS/USDT:USDT,0.004021,9.0,0.00402,4.0,0.004029,5.0,0.00403,9.0
1753533063110,12:31:03.110,COS/USDT:USDT,0.004021,9.0,0.00402,4.0,0.004029,5.0,0.00403,9.0
1753533063174,12:31:03.174,COS/USDT:USDT,0.004021,9.0,0.00402,4.0,0.004029,5.0,0.00403,9.0
1753533064396,12:31:04.396,COS/USDT:USDT,0.004021,9.0,0.00402,4.0,0.004029,5.0,0.00403,9.0
1753533065316,12:31:05.316,COS/USDT:USDT,0.004021,9.0,0.00402,4.0,0.004029,5.0,0.00403,9.0
1753533090322,12:31:30.322,COS/USDT:USDT,0.004023,4.0,0.004022,5.0,0.00403,4.0,0.004031,14.0
1753533090538,12:31:30.538,COS/USDT:USDT,0.004023,4.0,0.004022,5.0,0.00403,4.0,0.004031,14.0
1753533090581,12:31:30.581,COS/USDT:USDT,0.004023,4.0,0.004022,5.0,0.00403,4.0,0.004031,14.0
1753533090959,12:31:30.959,COS/USDT:USDT,0.004023,4.0,0.004022,5.0,0.00403,4.0,0.004031,14.0
1753533091220,12:31:31.220,COS/USDT:USDT,0.004022,4.0,0.004021,5.0,0.00403,4.0,0.004031,14.0
1753533091422,12:31:31.422,COS/USDT:USDT,0.004022,4.0,0.004021,5.0,0.00403,4.0,0.004031,14.0
1753533091788,12:31:31.788,COS/USDT:USDT,0.004022,4.0,0.004021,5.0,0.00403,4.0,0.004031,14.0
1753533093435,12:31:33.435,COS/USDT:USDT,0.004022,52.0,0.004021,174.0,0.00403,4.0,0.004031,14.0
1753533093550,12:31:33.550,COS/USDT:USDT,0.004023,4.0,0.004022,52.0,0.00403,4.0,0.004031,14.0
1753533093905,12:31:33.905,COS/USDT:USDT,0.004023,4.0,0.004022,52.0,0.00403,4.0,0.004031,14.0
1753533100057,12:31:40.057,COS/USDT:USDT,0.004025,4.0,0.004024,9.0,0.00403,4.0,0.004031,10.0
1753533100148,12:31:40.148,COS/USDT:USDT,0.004028,4.0,0.004027,5.0,0.004035,12.0,0.004036,10.0
1753533100228,12:31:40.228,COS/USDT:USDT,0.004028,4.0,0.004027,5.0,0.004035,12.0,0.004036,10.0
1753533100350,12:31:40.350,COS/USDT:USDT,0.004028,4.0,0.004027,5.0,0.004035,12.0,0.004036,10.0
1753533100438,12:31:40.438,COS/USDT:USDT,0.004028,4.0,0.004027,5.0,0.004035,12.0,0.004036,10.0
1753533100480,12:31:40.480,COS/USDT:USDT,0.004028,4.0,0.004027,56.0,0.004035,2.0,0.004036,10.0
1753533100922,12:31:40.922,COS/USDT:USDT,0.004028,4.0,0.004027,56.0,0.004035,2.0,0.004036,10.0
1753533101064,12:31:41.064,COS/USDT:USDT,0.004028,6.0,0.004027,56.0,0.004035,4.0,0.004036,10.0
1753533101329,12:31:41.329,COS/USDT:USDT,0.004028,6.0,0.004027,56.0,0.004035,4.0,0.004036,10.0
1753533101788,12:31:41.788,COS/USDT:USDT,0.004028,13.0,0.004027,56.0,0.004035,4.0,0.004036,10.0
1753533102052,12:31:42.052,COS/USDT:USDT,0.004028,13.0,0.004027,56.0,0.004035,4.0,0.004036,10.0
1753533102951,12:31:42.951,COS/USDT:USDT,0.004028,13.0,0.004027,56.0,0.004035,4.0,0.004036,10.0
1753533104204,12:31:44.204,COS/USDT:USDT,0.004028,13.0,0.004027,56.0,0.004035,4.0,0.004036,10.0
1753533104555,12:31:44.555,COS/USDT:USDT,0.004028,13.0,0.004027,56.0,0.004035,4.0,0.004036,10.0
1753533104575,12:31:44.575,COS/USDT:USDT,0.004028,13.0,0.004027,56.0,0.004035,4.0,0.004036,10.0
1753533105006,12:31:45.006,COS/USDT:USDT,0.004028,13.0,0.004027,56.0,0.004035,4.0,0.004036,10.0
1753533106142,12:31:46.142,COS/USDT:USDT,0.00403,4.0,0.004029,5.0,0.004035,2.0,0.004036,10.0
1753533106234,12:31:46.234,COS/USDT:USDT,0.00403,6.0,0.004029,5.0,0.004035,2.0,0.004036,10.0
1753533106350,12:31:46.350,COS/USDT:USDT,0.00403,6.0,0.004029,5.0,0.004035,2.0,0.004036,10.0
1753533106420,12:31:46.420,COS/USDT:USDT,0.00403,8.0,0.004029,5.0,0.004035,2.0,0.00404,10.0
1753533107050,12:31:47.050,COS/USDT:USDT,0.00403,8.0,0.004029,5.0,0.004035,2.0,0.00404,10.0
1753533107885,12:31:47.885,COS/USDT:USDT,0.00403,6.0,0.004029,5.0,0.004035,2.0,0.00404,10.0
1753533108281,12:31:48.281,COS/USDT:USDT,0.00403,6.0,0.004029,5.0,0.004035,2.0,0.00404,10.0
1753533108502,12:31:48.502,COS/USDT:USDT,0.00403,2.0,0.004029,4.0,0.004035,2.0,0.00404,10.0
1753533110690,12:31:50.690,COS/USDT:USDT,0.00403,2.0,0.004029,4.0,0.004035,2.0,0.00404,10.0
1753533112892,12:31:52.892,COS/USDT:USDT,0.00403,2.0,0.004029,4.0,0.004035,2.0,0.00404,10.0
1753533115102,12:31:55.102,COS/USDT:USDT,0.00403,2.0,0.004029,4.0,0.004035,2.0,0.00404,10.0
1753533115373,12:31:55.373,COS/USDT:USDT,0.00403,2.0,0.004029,4.0,0.004035,2.0,0.00404,10.0
1753533116362,12:31:56.362,COS/USDT:USDT,0.00403,2.0,0.004029,4.0,0.004035,2.0,0.00404,10.0
1753533117351,12:31:57.351,COS/USDT:USDT,0.00403,2.0,0.004029,4.0,0.004035,2.0,0.00404,10.0
1753533118264,12:31:58.264,COS/USDT:USDT,0.00403,2.0,0.004029,4.0,0.004035,2.0,0.00404,10.0
1753533120648,12:32:00.648,COS/USDT:USDT,0.00403,4.0,0.004029,4.0,0.004035,2.0,0.00404,21.0
1753533120734,12:32:00.734,COS/USDT:USDT,0.004031,4.0,0.00403,4.0,0.004035,2.0,0.00404,21.0
1753533120802,12:32:00.802,COS/USDT:USDT,0.004031,4.0,0.00403,4.0,0.004035,2.0,0.00404,21.0
1753533121293,12:32:01.293,COS/USDT:USDT,0.004031,4.0,0.00403,4.0,0.004035,2.0,0.00404,21.0
1753533122036,12:32:02.036,COS/USDT:USDT,0.004031,4.0,0.00403,4.0,0.004035,2.0,0.00404,21.0
1753533122464,12:32:02.464,COS/USDT:USDT,0.004031,4.0,0.00403,4.0,0.004035,2.0,0.00404,21.0
1753533123652,12:32:03.652,COS/USDT:USDT,0.004031,4.0,0.00403,2.0,0.004039,4.0,0.00404,25.0
1753533123691,12:32:03.691,COS/USDT:USDT,0.00403,2.0,0.004029,4.0,0.004039,4.0,0.00404,25.0
1753533124109,12:32:04.109,COS/USDT:USDT,0.00403,2.0,0.004029,4.0,0.004039,4.0,0.00404,25.0
1753533124932,12:32:04.932,COS/USDT:USDT,0.00403,2.0,0.004029,4.0,0.004039,4.0,0.00404,25.0
1753533125347,12:32:05.347,COS/USDT:USDT,0.00403,2.0,0.004029,4.0,0.004039,4.0,0.00404,25.0
1753533125790,12:32:05.790,COS/USDT:USDT,0.00403,2.0,0.004029,4.0,0.004039,4.0,0.00404,25.0
1753533126164,12:32:06.164,COS/USDT:USDT,0.00403,2.0,0.004029,4.0,0.004039,4.0,0.00404,25.0
1753533126584,12:32:06.584,COS/USDT:USDT,0.00403,2.0,0.004029,4.0,0.004039,4.0,0.00404,25.0
1753533127013,12:32:07.013,COS/USDT:USDT,0.00403,2.0,0.004029,4.0,0.004039,4.0,0.00404,25.0
1753533128583,12:32:08.583,COS/USDT:USDT,0.004029,4.0,0.004028,5.0,0.004039,4.0,0.00404,25.0
1753533128664,12:32:08.664,COS/USDT:USDT,0.004029,4.0,0.004028,5.0,0.004039,4.0,0.00404,25.0
1753533129119,12:32:09.119,COS/USDT:USDT,0.004029,4.0,0.004028,5.0,0.004039,4.0,0.00404,25.0
1753533130583,12:32:10.583,COS/USDT:USDT,0.004029,4.0,0.004028,5.0,0.004039,4.0,0.00404,25.0
1753533141589,12:32:21.589,COS/USDT:USDT,0.004029,4.0,0.004028,5.0,0.004038,4.0,0.004039,14.0
1753533142020,12:32:22.020,COS/USDT:USDT,0.004029,4.0,0.004028,5.0,0.004038,4.0,0.004039,14.0
1753533150656,12:32:30.656,COS/USDT:USDT,0.004029,4.0,0.004028,5.0,0.004038,18.0,0.004039,29.0
1753533150663,12:32:30.663,COS/USDT:USDT,0.004029,4.0,0.004028,5.0,0.004038,4.0,0.004039,14.0
1753533165751,12:32:45.751,COS/USDT:USDT,0.004029,4.0,0.004028,5.0,0.004038,4.0,0.004039,14.0
1753533165804,12:32:45.804,COS/USDT:USDT,0.004029,4.0,0.004028,5.0,0.004038,4.0,0.004039,14.0
1753533166223,12:32:46.223,COS/USDT:USDT,0.004029,4.0,0.004028,5.0,0.004038,4.0,0.004039,14.0
1753533168649,12:32:48.649,COS/USDT:USDT,0.004029,4.0,0.004028,5.0,0.004038,4.0,0.004039,37.0
1753533168662,12:32:48.662,COS/USDT:USDT,0.004029,4.0,0.004028,5.0,0.004038,4.0,0.004039,25.0
1753533176682,12:32:56.682,COS/USDT:USDT,0.004029,4.0,0.004028,5.0,0.004038,14.0,0.004039,25.0
1753533201649,12:33:21.649,COS/USDT:USDT,0.004029,4.0,0.004028,5.0,0.004038,43.0,0.004039,25.0
1753533201696,12:33:21.696,COS/USDT:USDT,0.004029,4.0,0.004028,5.0,0.004038,14.0,0.004039,25.0
1753533210655,12:33:30.655,COS/USDT:USDT,0.004029,4.0,0.004028,5.0,0.004036,29.0,0.004037,9.0
1753533210701,12:33:30.701,COS/USDT:USDT,0.004028,4.0,0.004027,56.0,0.004038,14.0,0.004039,15.0
1753533210895,12:33:30.895,COS/USDT:USDT,0.004028,4.0,0.004027,56.0,0.004038,14.0,0.004039,15.0
1753533211313,12:33:31.313,COS/USDT:USDT,0.004028,4.0,0.004027,56.0,0.004038,14.0,0.004039,15.0
1753533220701,12:33:40.701,COS/USDT:USDT,0.004028,4.0,0.004027,56.0,0.004038,14.0,0.004039,25.0
1753533220990,12:33:40.990,COS/USDT:USDT,0.004028,4.0,0.004027,56.0,0.004038,14.0,0.004039,25.0
1753533229493,12:33:49.493,COS/USDT:USDT,0.004028,4.0,0.004027,56.0,0.004038,14.0,0.004039,15.0
1753533237648,12:33:57.648,COS/USDT:USDT,0.004028,4.0,0.004027,56.0,0.004038,14.0,0.004039,30.0
1753533237662,12:33:57.662,COS/USDT:USDT,0.004028,4.0,0.004027,56.0,0.004038,14.0,0.004039,15.0
1753533239514,12:33:59.514,COS/USDT:USDT,0.004028,4.0,0.004027,56.0,0.004038,14.0,0.004039,25.0
1753533240650,12:34:00.650,COS/USDT:USDT,0.004028,4.0,0.004027,56.0,0.004038,43.0,0.004039,34.0
1753533240670,12:34:00.670,COS/USDT:USDT,0.004028,4.0,0.004027,56.0,0.004038,14.0,0.004039,14.0
1753533246650,12:34:06.650,COS/USDT:USDT,0.004028,4.0,0.004027,56.0,0.004038,14.0,0.004039,43.0
1753533246664,12:34:06.664,COS/USDT:USDT,0.004028,4.0,0.004027,56.0,0.004038,14.0,0.004039,14.0
1753533249649,12:34:09.649,COS/USDT:USDT,0.004028,4.0,0.004027,56.0,0.004037,11.0,0.004038,14.0
1753533249663,12:34:09.663,COS/USDT:USDT,0.004028,4.0,0.004027,56.0,0.004038,14.0,0.004039,14.0
1753533267954,12:34:27.954,COS/USDT:USDT,0.004028,4.0,0.004027,56.0,0.004038,14.0,0.004039,4.0
1753533273650,12:34:33.650,COS/USDT:USDT,0.004028,4.0,0.004027,56.0,0.004038,54.0,0.004039,13.0
1753533273664,12:34:33.664,COS/USDT:USDT,0.004028,4.0,0.004027,56.0,0.004038,14.0,0.004039,4.0
1753533276651,12:34:36.651,COS/USDT:USDT,0.004028,4.0,0.004027,56.0,0.004037,24.0,0.004038,28.0
1753533276663,12:34:36.663,COS/USDT:USDT,0.004028,4.0,0.004027,56.0,0.004038,14.0,0.004039,4.0
1753533279653,12:34:39.653,COS/USDT:USDT,0.004028,4.0,0.004027,56.0,0.004038,27.0,0.004039,17.0
1753533279662,12:34:39.662,COS/USDT:USDT,0.004028,4.0,0.004027,56.0,0.004038,14.0,0.004039,4.0
1753533280523,12:34:40.523,COS/USDT:USDT,0.004028,4.0,0.004027,56.0,0.004038,14.0,0.004039,14.0
1753533284213,12:34:44.213,COS/USDT:USDT,0.004028,4.0,0.004027,56.0,0.004038,14.0,0.004039,4.0
1753533318257,12:35:18.257,COS/USDT:USDT,0.004028,8.0,0.004027,56.0,0.004038,14.0,0.004039,4.0
1753533326674,12:35:26.674,COS/USDT:USDT,0.004028,8.0,0.004027,56.0,0.004038,14.0,0.004039,4.0
1753533346383,12:35:46.383,COS/USDT:USDT,0.004028,8.0,0.004027,56.0,0.004038,14.0,0.004039,4.0
1753533347995,12:35:47.995,COS/USDT:USDT,0.004028,8.0,0.004027,56.0,0.004038,14.0,0.004039,4.0
1753533369254,12:36:09.254,COS/USDT:USDT,0.004029,4.0,0.004028,8.0,0.004038,10.0,0.00404,25.0
1753533369303,12:36:09.303,COS/USDT:USDT,0.00403,174.0,0.004029,4.0,0.004038,10.0,0.00404,14.0
1753533369673,12:36:09.673,COS/USDT:USDT,0.00403,174.0,0.004029,4.0,0.004038,10.0,0.00404,14.0
1753533370498,12:36:10.498,COS/USDT:USDT,0.00403,174.0,0.004029,4.0,0.004038,10.0,0.00404,14.0
1753533370922,12:36:10.922,COS/USDT:USDT,0.00403,174.0,0.004029,4.0,0.004038,10.0,0.00404,14.0
1753533372120,12:36:12.120,COS/USDT:USDT,0.00403,4.0,0.004029,4.0,0.004038,10.0,0.00404,14.0
1753533372546,12:36:12.546,COS/USDT:USDT,0.00403,4.0,0.004029,4.0,0.004038,10.0,0.00404,14.0
1753533373508,12:36:13.508,COS/USDT:USDT,0.00403,4.0,0.004029,4.0,0.004038,10.0,0.00404,14.0
1753533373766,12:36:13.766,COS/USDT:USDT,0.00403,4.0,0.004029,4.0,0.004038,10.0,0.00404,14.0
1753533374649,12:36:14.649,COS/USDT:USDT,0.00403,4.0,0.004029,4.0,0.004038,10.0,0.00404,14.0
1753533378954,12:36:18.954,COS/USDT:USDT,0.004031,5.0,0.00403,9.0,0.004038,10.0,0.00404,10.0
1753533379023,12:36:19.023,COS/USDT:USDT,0.004032,8.0,0.004031,5.0,0.004038,12.0,0.00404,10.0
1753533379112,12:36:19.112,COS/USDT:USDT,0.004032,8.0,0.004031,5.0,0.004038,12.0,0.00404,10.0
1753533379322,12:36:19.322,COS/USDT:USDT,0.004032,8.0,0.004031,5.0,0.004038,2.0,0.004041,10.0
1753533379398,12:36:19.398,COS/USDT:USDT,0.004032,8.0,0.004031,5.0,0.004038,2.0,0.004041,10.0
1753533379548,12:36:19.548,COS/USDT:USDT,0.004032,8.0,0.004031,5.0,0.004038,2.0,0.004041,10.0
1753533379753,12:36:19.753,COS/USDT:USDT,0.004032,8.0,0.00403,5.0,0.004038,2.0,0.004041,10.0
1753533379834,12:36:19.834,COS/USDT:USDT,0.004032,8.0,0.00403,5.0,0.004038,2.0,0.00404,11.0
1753533380311,12:36:20.311,COS/USDT:USDT,0.004032,8.0,0.00403,5.0,0.004038,2.0,0.00404,11.0
1753533380379,12:36:20.379,COS/USDT:USDT,0.004032,8.0,0.00403,5.0,0.004038,2.0,0.00404,11.0
1753533380816,12:36:20.816,COS/USDT:USDT,0.004032,12.0,0.00403,5.0,0.004041,10.0,0.004042,10.0
1753533380927,12:36:20.927,COS/USDT:USDT,0.004032,12.0,0.00403,5.0,0.004041,10.0,0.004042,10.0
1753533381053,12:36:21.053,COS/USDT:USDT,0.004032,12.0,0.00403,5.0,0.004041,10.0,0.004042,10.0
1753533381131,12:36:21.131,COS/USDT:USDT,0.004032,12.0,0.00403,5.0,0.004041,10.0,0.004042,10.0
1753533381300,12:36:21.300,COS/USDT:USDT,0.004032,12.0,0.00403,5.0,0.004042,10.0,0.004043,4.0
1753533381449,12:36:21.449,COS/USDT:USDT,0.004032,12.0,0.00403,5.0,0.004042,10.0,0.004043,4.0
1753533381710,12:36:21.710,COS/USDT:USDT,0.004032,12.0,0.00403,5.0,0.004042,10.0,0.004043,4.0
1753533381895,12:36:21.895,COS/USDT:USDT,0.004032,12.0,0.00403,5.0,0.004042,10.0,0.004043,4.0
1753533382365,12:36:22.365,COS/USDT:USDT,0.004032,12.0,0.00403,5.0,0.004042,10.0,0.004043,4.0
1753533383304,12:36:23.304,COS/USDT:USDT,0.004032,12.0,0.00403,5.0,0.004042,10.0,0.004043,4.0
1753533383763,12:36:23.763,COS/USDT:USDT,0.004032,12.0,0.00403,5.0,0.004042,10.0,0.004043,4.0
1753533384067,12:36:24.067,COS/USDT:USDT,0.004032,12.0,0.00403,5.0,0.004042,10.0,0.004043,4.0
1753533386246,12:36:26.246,COS/USDT:USDT,0.004032,12.0,0.00403,5.0,0.004042,10.0,0.004043,4.0
1753533387012,12:36:27.012,COS/USDT:USDT,0.004032,12.0,0.00403,5.0,0.004042,10.0,0.004043,4.0
1753533388385,12:36:28.385,COS/USDT:USDT,0.004032,12.0,0.00403,5.0,0.004042,10.0,0.004043,4.0
1753533388482,12:36:28.482,COS/USDT:USDT,0.004032,12.0,0.00403,5.0,0.004042,10.0,0.004043,4.0
1753533389454,12:36:29.454,COS/USDT:USDT,0.004038,4.0,0.004037,10.0,0.004046,4.0,0.004047,14.0
1753533389523,12:36:29.523,COS/USDT:USDT,0.004038,4.0,0.004037,10.0,0.004046,14.0,0.004047,14.0
1753533389654,12:36:29.654,COS/USDT:USDT,0.004038,4.0,0.004037,10.0,0.004045,15.0,0.004046,14.0
1753533389730,12:36:29.730,COS/USDT:USDT,0.004038,4.0,0.004037,10.0,0.004045,15.0,0.004046,14.0
1753533389847,12:36:29.847,COS/USDT:USDT,0.004038,4.0,0.004037,10.0,0.004045,15.0,0.004046,14.0
1753533390101,12:36:30.101,COS/USDT:USDT,0.004038,4.0,0.004037,10.0,0.004045,19.0,0.004046,14.0
1753533390224,12:36:30.224,COS/USDT:USDT,0.004035,174.0,0.004033,4.0,0.004045,19.0,0.004046,14.0
1753533390268,12:36:30.268,COS/USDT:USDT,0.004035,174.0,0.004033,4.0,0.004045,19.0,0.004046,14.0
1753533390534,12:36:30.534,COS/USDT:USDT,0.004035,174.0,0.004032,4.0,0.004045,19.0,0.004046,14.0
1753533390690,12:36:30.690,COS/USDT:USDT,0.004035,174.0,0.004032,4.0,0.004045,19.0,0.004046,14.0
1753533391273,12:36:31.273,COS/USDT:USDT,0.004035,174.0,0.004032,4.0,0.004045,19.0,0.004046,14.0
1753533391558,12:36:31.558,COS/USDT:USDT,0.004033,4.0,0.004032,4.0,0.004045,19.0,0.004046,14.0
1753533391601,12:36:31.601,COS/USDT:USDT,0.004035,4.0,0.004034,170.0,0.004045,19.0,0.004046,14.0
1753533391980,12:36:31.980,COS/USDT:USDT,0.004035,4.0,0.004034,170.0,0.004044,5.0,0.004045,19.0
1753533392333,12:36:32.333,COS/USDT:USDT,0.004035,4.0,0.004034,170.0,0.004044,5.0,0.004045,19.0
1753533392756,12:36:32.756,COS/USDT:USDT,0.004035,4.0,0.004034,170.0,0.004044,5.0,0.004045,19.0
1753533393181,12:36:33.181,COS/USDT:USDT,0.004035,4.0,0.004034,170.0,0.004044,5.0,0.004045,19.0
1753533393498,12:36:33.498,COS/USDT:USDT,0.004035,4.0,0.004034,170.0,0.004044,5.0,0.004045,19.0
1753533393599,12:36:33.599,COS/USDT:USDT,0.004035,4.0,0.004034,170.0,0.004044,5.0,0.004045,19.0
1753533394430,12:36:34.430,COS/USDT:USDT,0.004035,4.0,0.004034,170.0,0.004044,5.0,0.004045,19.0
1753533394891,12:36:34.891,COS/USDT:USDT,0.004035,4.0,0.004034,170.0,0.004044,5.0,0.004045,19.0
1753533396241,12:36:36.241,COS/USDT:USDT,0.004035,4.0,0.004033,10.0,0.004044,5.0,0.004045,19.0
1753533396328,12:36:36.328,COS/USDT:USDT,0.004034,4.0,0.004033,10.0,0.004044,5.0,0.004045,19.0
1753533396488,12:36:36.488,COS/USDT:USDT,0.004034,4.0,0.004033,10.0,0.004044,5.0,0.004045,19.0
1753533399174,12:36:39.174,COS/USDT:USDT,0.004034,4.0,0.004033,10.0,0.004044,15.0,0.004045,19.0
1753533399322,12:36:39.322,COS/USDT:USDT,0.004034,4.0,0.004033,10.0,0.004044,15.0,0.004045,19.0
1753533400033,12:36:40.033,COS/USDT:USDT,0.004034,4.0,0.004033,10.0,0.004044,15.0,0.004045,19.0
1753533400495,12:36:40.495,COS/USDT:USDT,0.004034,4.0,0.004033,10.0,0.004044,15.0,0.004045,19.0
1753533415211,12:36:55.211,COS/USDT:USDT,0.004036,6.0,0.004035,170.0,0.004044,10.0,0.004045,19.0
1753533415455,12:36:55.455,COS/USDT:USDT,0.004036,6.0,0.004035,170.0,0.004044,10.0,0.004045,19.0
1753533415886,12:36:55.886,COS/USDT:USDT,0.004036,6.0,0.004035,170.0,0.004044,10.0,0.004045,19.0
1753533419487,12:36:59.487,COS/USDT:USDT,0.004036,6.0,0.004035,170.0,0.004044,10.0,0.004045,19.0
1753533419938,12:36:59.938,COS/USDT:USDT,0.004036,6.0,0.004035,170.0,0.004044,10.0,0.004045,19.0
1753533419966,12:36:59.966,COS/USDT:USDT,0.004036,6.0,0.004035,170.0,0.004044,10.0,0.004045,19.0
1753533420157,12:37:00.157,COS/USDT:USDT,0.004036,4.0,0.004035,170.0,0.004044,10.0,0.004045,19.0
1753533420162,12:37:00.162,COS/USDT:USDT,0.004036,4.0,0.004033,10.0,0.004044,10.0,0.004045,19.0
1753533420314,12:37:00.314,COS/USDT:USDT,0.004034,4.0,0.004033,10.0,0.004044,10.0,0.004045,19.0
1753533420799,12:37:00.799,COS/USDT:USDT,0.004034,4.0,0.004033,10.0,0.004044,10.0,0.004045,19.0
1753533421211,12:37:01.211,COS/USDT:USDT,0.004034,4.0,0.004033,10.0,0.004044,10.0,0.004045,19.0
1753533421413,12:37:01.413,COS/USDT:USDT,0.004034,9.0,0.004033,10.0,0.004044,10.0,0.004045,19.0
1753533421538,12:37:01.538,COS/USDT:USDT,0.004036,4.0,0.004035,170.0,0.004044,10.0,0.004045,19.0
1753533421638,12:37:01.638,COS/USDT:USDT,0.004036,6.0,0.004035,170.0,0.004044,10.0,0.004045,14.0
1753533421667,12:37:01.667,COS/USDT:USDT,0.004036,6.0,0.004035,170.0,0.004044,10.0,0.004045,14.0
1753533422887,12:37:02.887,COS/USDT:USDT,0.004036,6.0,0.004035,170.0,0.004044,10.0,0.004045,14.0
1753533423130,12:37:03.130,COS/USDT:USDT,0.004035,4.0,0.004034,5.0,0.004044,10.0,0.004045,14.0
1753533423295,12:37:03.295,COS/USDT:USDT,0.004035,4.0,0.004034,5.0,0.004044,10.0,0.004045,14.0
1753533423715,12:37:03.715,COS/USDT:USDT,0.004035,4.0,0.004034,5.0,0.004044,10.0,0.004045,14.0
1753533426049,12:37:06.049,COS/USDT:USDT,0.004035,4.0,0.004034,5.0,0.004044,10.0,0.004045,14.0
1753533435762,12:37:15.762,COS/USDT:USDT,0.004035,4.0,0.004034,5.0,0.004044,10.0,0.004045,14.0
1753533436639,12:37:16.639,COS/USDT:USDT,0.004037,6.0,0.004036,170.0,0.004044,10.0,0.004045,12.0
1753533436675,12:37:16.675,COS/USDT:USDT,0.004037,6.0,0.004036,170.0,0.004044,10.0,0.004045,2.0
1753533436851,12:37:16.851,COS/USDT:USDT,0.004037,57.0,0.004036,170.0,0.004044,10.0,0.004045,2.0
1753533436863,12:37:16.863,COS/USDT:USDT,0.004037,57.0,0.004036,170.0,0.004044,10.0,0.004045,2.0
1753533437015,12:37:17.015,COS/USDT:USDT,0.004037,57.0,0.004036,170.0,0.004044,10.0,0.004045,2.0
1753533437850,12:37:17.850,COS/USDT:USDT,0.004037,57.0,0.004036,170.0,0.004044,10.0,0.004045,2.0
1753533438599,12:37:18.599,COS/USDT:USDT,0.004037,57.0,0.004036,170.0,0.004044,10.0,0.004045,2.0
1753533438748,12:37:18.748,COS/USDT:USDT,0.004037,57.0,0.004036,170.0,0.004045,2.0,0.004046,10.0
1753533438762,12:37:18.762,COS/USDT:USDT,0.004037,57.0,0.004036,170.0,0.004045,2.0,0.004046,10.0
1753533439082,12:37:19.082,COS/USDT:USDT,0.004037,57.0,0.004036,170.0,0.004045,2.0,0.004046,10.0
1753533439531,12:37:19.531,COS/USDT:USDT,0.004037,57.0,0.004036,170.0,0.004045,2.0,0.004046,10.0
1753533439642,12:37:19.642,COS/USDT:USDT,0.004037,57.0,0.004036,170.0,0.004045,2.0,0.00405,14.0
1753533439664,12:37:19.664,COS/USDT:USDT,0.004037,57.0,0.004036,170.0,0.00405,14.0,0.004051,67.0
1753533439760,12:37:19.760,COS/USDT:USDT,0.004037,57.0,0.004036,170.0,0.00405,14.0,0.004051,67.0
1753533439907,12:37:19.907,COS/USDT:USDT,0.004037,57.0,0.004036,170.0,0.00405,14.0,0.004051,67.0
1753533440328,12:37:20.328,COS/USDT:USDT,0.004037,57.0,0.004036,170.0,0.00405,14.0,0.004051,67.0
1753533440640,12:37:20.640,COS/USDT:USDT,0.004039,4.0,0.004038,14.0,0.00405,14.0,0.004051,67.0
1753533440737,12:37:20.737,COS/USDT:USDT,0.004039,4.0,0.004038,14.0,0.00405,14.0,0.004051,67.0
1753533441152,12:37:21.152,COS/USDT:USDT,0.004039,4.0,0.004038,14.0,0.00405,14.0,0.004051,67.0
1753533441588,12:37:21.588,COS/USDT:USDT,0.004039,4.0,0.004038,14.0,0.00405,14.0,0.004051,67.0
1753533442622,12:37:22.622,COS/USDT:USDT,0.004039,4.0,0.004038,14.0,0.00405,14.0,0.004051,67.0
1753533444673,12:37:24.673,COS/USDT:USDT,0.004039,4.0,0.004038,14.0,0.00405,14.0,0.004051,67.0
1753533446342,12:37:26.342,COS/USDT:USDT,0.004039,4.0,0.004038,14.0,0.004049,14.0,0.00405,14.0
1753533446846,12:37:26.846,COS/USDT:USDT,0.004039,4.0,0.004038,14.0,0.004049,14.0,0.00405,24.0
1753533447553,12:37:27.553,COS/USDT:USDT,0.004039,4.0,0.004038,14.0,0.004049,14.0,0.00405,24.0
1753533448511,12:37:28.511,COS/USDT:USDT,0.004039,4.0,0.004038,14.0,0.004049,14.0,0.00405,24.0
1753533449004,12:37:29.004,COS/USDT:USDT,0.004039,4.0,0.004038,14.0,0.004049,14.0,0.00405,24.0
1753533452071,12:37:32.071,COS/USDT:USDT,0.004039,4.0,0.004038,14.0,0.004049,14.0,0.00405,24.0
1753533460440,12:37:40.440,COS/USDT:USDT,0.00404,170.0,0.004039,4.0,0.004049,14.0,0.00405,24.0
1753533460484,12:37:40.484,COS/USDT:USDT,0.004041,4.0,0.00404,170.0,0.00405,10.0,0.004051,14.0
1753533460648,12:37:40.648,COS/USDT:USDT,0.004041,4.0,0.00404,170.0,0.00405,10.0,0.004051,14.0
1753533461397,12:37:41.397,COS/USDT:USDT,0.004041,4.0,0.00404,170.0,0.00405,10.0,0.004051,14.0
1753533461554,12:37:41.554,COS/USDT:USDT,0.004041,4.0,0.00404,170.0,0.00405,10.0,0.004051,14.0
1753533461838,12:37:41.838,COS/USDT:USDT,0.004041,4.0,0.00404,170.0,0.00405,10.0,0.004051,14.0
1753533461957,12:37:41.957,COS/USDT:USDT,0.004041,4.0,0.00404,170.0,0.00405,10.0,0.004051,14.0
1753533464527,12:37:44.527,COS/USDT:USDT,0.004041,4.0,0.00404,170.0,0.00405,10.0,0.004051,14.0
1753533464689,12:37:44.689,COS/USDT:USDT,0.004041,4.0,0.00404,170.0,0.00405,10.0,0.004051,14.0
1753533465083,12:37:45.083,COS/USDT:USDT,0.004041,4.0,0.00404,170.0,0.00405,10.0,0.004051,14.0
1753533470754,12:37:50.754,COS/USDT:USDT,0.004041,4.0,0.00404,170.0,0.00405,10.0,0.004051,14.0
1753533472553,12:37:52.553,COS/USDT:USDT,0.004041,4.0,0.00404,170.0,0.00405,10.0,0.004051,14.0
1753533475747,12:37:55.747,COS/USDT:USDT,0.004041,4.0,0.00404,170.0,0.00405,10.0,0.004051,14.0
1753533478095,12:37:58.095,COS/USDT:USDT,0.004041,4.0,0.00404,170.0,0.00405,10.0,0.004051,14.0
1753533479482,12:37:59.482,COS/USDT:USDT,0.004041,4.0,0.00404,170.0,0.00405,10.0,0.004051,14.0
1753533479568,12:37:59.568,COS/USDT:USDT,0.004041,4.0,0.00404,170.0,0.00405,10.0,0.004051,14.0
1753533480050,12:38:00.050,COS/USDT:USDT,0.004041,4.0,0.004038,14.0,0.00405,10.0,0.004051,14.0
1753533480078,12:38:00.078,COS/USDT:USDT,0.004039,4.0,0.004038,14.0,0.00405,10.0,0.004051,14.0
1753533480393,12:38:00.393,COS/USDT:USDT,0.004039,4.0,0.004038,14.0,0.00405,10.0,0.004051,14.0
1753533480816,12:38:00.816,COS/USDT:USDT,0.004039,4.0,0.004038,14.0,0.00405,10.0,0.004051,14.0
1753533481239,12:38:01.239,COS/USDT:USDT,0.004039,4.0,0.004038,14.0,0.00405,10.0,0.004051,14.0
1753533483834,12:38:03.834,COS/USDT:USDT,0.004039,4.0,0.004038,14.0,0.00405,15.0,0.004051,14.0
1753533484225,12:38:04.225,COS/USDT:USDT,0.004039,4.0,0.004038,10.0,0.004049,15.0,0.00405,15.0
1753533484541,12:38:04.541,COS/USDT:USDT,0.004039,4.0,0.004038,10.0,0.004049,15.0,0.00405,15.0
1753533484927,12:38:04.927,COS/USDT:USDT,0.004039,4.0,0.004038,10.0,0.004048,15.0,0.004049,15.0
1753533485713,12:38:05.713,COS/USDT:USDT,0.004039,4.0,0.004038,10.0,0.004048,15.0,0.004049,15.0
1753533491106,12:38:11.106,COS/USDT:USDT,0.004039,4.0,0.004038,10.0,0.004048,15.0,0.004049,15.0
1753533492242,12:38:12.242,COS/USDT:USDT,0.004039,4.0,0.004038,10.0,0.004048,15.0,0.004049,15.0
1753533496733,12:38:16.733,COS/USDT:USDT,0.004039,4.0,0.004038,10.0,0.004048,15.0,0.004049,15.0
1753533496758,12:38:16.758,COS/USDT:USDT,0.004039,4.0,0.004038,10.0,0.004048,15.0,0.004049,15.0
1753533497001,12:38:17.001,COS/USDT:USDT,0.004038,4.0,0.004037,10.0,0.004048,15.0,0.004049,15.0
1753533497546,12:38:17.546,COS/USDT:USDT,0.004038,4.0,0.004037,10.0,0.004048,15.0,0.004049,15.0
1753533497574,12:38:17.574,COS/USDT:USDT,0.004038,4.0,0.004037,10.0,0.004048,15.0,0.004049,15.0
1753533497845,12:38:17.845,COS/USDT:USDT,0.004038,4.0,0.004037,10.0,0.004048,15.0,0.004049,15.0
1753533498007,12:38:18.007,COS/USDT:USDT,0.004035,174.0,0.004034,5.0,0.004048,37.0,0.004049,15.0
1753533498666,12:38:18.666,COS/USDT:USDT,0.004035,174.0,0.004034,5.0,0.004048,37.0,0.004049,15.0
1753533499051,12:38:19.051,COS/USDT:USDT,0.004035,174.0,0.004034,5.0,0.004047,4.0,0.004048,37.0
1753533499066,12:38:19.066,COS/USDT:USDT,0.004035,174.0,0.004033,10.0,0.004047,14.0,0.004048,15.0
1753533499215,12:38:19.215,COS/USDT:USDT,0.004035,174.0,0.004033,10.0,0.004047,26.0,0.004048,15.0
1753533499269,12:38:19.269,COS/USDT:USDT,0.004035,174.0,0.004033,10.0,0.004047,14.0,0.004048,15.0
1753533499891,12:38:19.891,COS/USDT:USDT,0.004035,174.0,0.004033,10.0,0.004047,14.0,0.004048,15.0
1753533499992,12:38:19.992,COS/USDT:USDT,0.004035,174.0,0.004033,10.0,0.004047,26.0,0.004048,15.0
1753533500392,12:38:20.392,COS/USDT:USDT,0.004035,174.0,0.004033,10.0,0.004047,14.0,0.004048,15.0
1753533500486,12:38:20.486,COS/USDT:USDT,0.004035,174.0,0.004033,10.0,0.004047,14.0,0.004048,15.0
1753533501361,12:38:21.361,COS/USDT:USDT,0.004035,174.0,0.004033,10.0,0.004047,26.0,0.004048,15.0
1753533502088,12:38:22.088,COS/USDT:USDT,0.004035,174.0,0.004033,10.0,0.004047,14.0,0.004048,15.0
1753533502327,12:38:22.327,COS/USDT:USDT,0.004035,174.0,0.004033,10.0,0.004047,14.0,0.004048,15.0
1753533502726,12:38:22.726,COS/USDT:USDT,0.004035,174.0,0.004033,10.0,0.004047,14.0,0.004048,15.0
1753533504142,12:38:24.142,COS/USDT:USDT,0.004035,174.0,0.004033,10.0,0.004047,14.0,0.004048,15.0
1753533505812,12:38:25.812,COS/USDT:USDT,0.004035,174.0,0.004033,10.0,0.004047,14.0,0.004048,15.0
1753533517144,12:38:37.144,COS/USDT:USDT,0.004035,174.0,0.004033,10.0,0.004047,14.0,0.004048,15.0
1753533521509,12:38:41.509,COS/USDT:USDT,0.004035,174.0,0.004033,10.0,0.004046,10.0,0.004047,14.0
1753533522059,12:38:42.059,COS/USDT:USDT,0.004035,174.0,0.004033,10.0,0.004046,10.0,0.004047,14.0
1753533523717,12:38:43.717,COS/USDT:USDT,0.004035,174.0,0.004033,10.0,0.004046,10.0,0.004047,14.0
1753533524723,12:38:44.723,COS/USDT:USDT,0.004035,174.0,0.004033,10.0,0.004046,10.0,0.004047,14.0
1753533526741,12:38:46.741,COS/USDT:USDT,0.004032,4.0,0.004027,5.0,0.004044,14.0,0.004045,184.0
1753533526844,12:38:46.844,COS/USDT:USDT,0.004031,14.0,0.00403,170.0,0.004044,69.0,0.004045,184.0
1753533526901,12:38:46.901,COS/USDT:USDT,0.004031,14.0,0.00403,170.0,0.004044,69.0,0.004045,184.0
1753533526961,12:38:46.961,COS/USDT:USDT,0.004031,14.0,0.00403,170.0,0.004044,69.0,0.004045,184.0
1753533527650,12:38:47.650,COS/USDT:USDT,0.004031,14.0,0.00403,170.0,0.004044,69.0,0.004045,184.0
1753533527719,12:38:47.719,COS/USDT:USDT,0.004031,14.0,0.00403,170.0,0.004044,69.0,0.004045,184.0
1753533529735,12:38:49.735,COS/USDT:USDT,0.004031,14.0,0.00403,170.0,0.004044,69.0,0.004045,184.0
1753533530157,12:38:50.157,COS/USDT:USDT,0.004031,14.0,0.00403,170.0,0.004044,69.0,0.004045,184.0
1753533530162,12:38:50.162,COS/USDT:USDT,0.004031,14.0,0.00403,170.0,0.004044,69.0,0.004045,184.0
1753533532602,12:38:52.602,COS/USDT:USDT,0.004031,14.0,0.00403,170.0,0.004044,69.0,0.004045,184.0
1753533533417,12:38:53.417,COS/USDT:USDT,0.004031,14.0,0.00403,170.0,0.004044,69.0,0.004045,184.0
1753533536020,12:38:56.020,COS/USDT:USDT,0.004031,65.0,0.00403,170.0,0.004044,79.0,0.004045,184.0
1753533537574,12:38:57.574,COS/USDT:USDT,0.004031,65.0,0.00403,170.0,0.004044,91.0,0.004045,184.0
1753533537807,12:38:57.807,COS/USDT:USDT,0.004031,65.0,0.00403,170.0,0.004044,103.0,0.004045,184.0
1753533539186,12:38:59.186,COS/USDT:USDT,0.004031,65.0,0.00403,170.0,0.004044,103.0,0.004045,184.0
1753533540172,12:39:00.172,COS/USDT:USDT,0.004031,65.0,0.00403,170.0,0.004044,103.0,0.004045,184.0
1753533540588,12:39:00.588,COS/USDT:USDT,0.004031,65.0,0.00403,170.0,0.004043,10.0,0.004044,79.0
1753533540728,12:39:00.728,COS/USDT:USDT,0.004031,65.0,0.00403,170.0,0.004043,10.0,0.004044,79.0
1753533540854,12:39:00.854,COS/USDT:USDT,0.004031,65.0,0.00403,170.0,0.004043,10.0,0.004044,79.0
1753533540940,12:39:00.940,COS/USDT:USDT,0.004031,65.0,0.00403,170.0,0.004043,10.0,0.004044,79.0
1753533541022,12:39:01.022,COS/USDT:USDT,0.004031,65.0,0.00403,170.0,0.004043,10.0,0.004044,79.0
1753533542068,12:39:02.068,COS/USDT:USDT,0.004031,65.0,0.00403,170.0,0.004043,10.0,0.004044,79.0
1753533544590,12:39:04.590,COS/USDT:USDT,0.004031,65.0,0.00403,170.0,0.004043,10.0,0.004044,79.0
1753533544662,12:39:04.662,COS/USDT:USDT,0.004031,65.0,0.00403,170.0,0.004043,10.0,0.004044,79.0
1753533545620,12:39:05.620,COS/USDT:USDT,0.004031,65.0,0.00403,170.0,0.004043,10.0,0.004044,24.0
1753533546438,12:39:06.438,COS/USDT:USDT,0.004031,65.0,0.00403,170.0,0.004043,10.0,0.004044,24.0
1753533546508,12:39:06.508,COS/USDT:USDT,0.004031,65.0,0.00403,170.0,0.004043,10.0,0.004044,24.0
1753533556193,12:39:16.193,COS/USDT:USDT,0.004031,65.0,0.00403,170.0,0.004043,10.0,0.004044,24.0
1753533557222,12:39:17.222,COS/USDT:USDT,0.004031,65.0,0.00403,170.0,0.004043,10.0,0.004044,24.0
1753533577887,12:39:37.887,COS/USDT:USDT,0.004031,65.0,0.00403,170.0,0.004043,10.0,0.004044,24.0
1753533578157,12:39:38.157,COS/USDT:USDT,0.004031,65.0,0.00403,170.0,0.004043,10.0,0.004044,24.0
1753533578688,12:39:38.688,COS/USDT:USDT,0.004031,65.0,0.00403,170.0,0.004043,10.0,0.004044,24.0
1753533579293,12:39:39.293,COS/USDT:USDT,0.004031,65.0,0.00403,170.0,0.004043,10.0,0.004044,24.0
1753533579535,12:39:39.535,COS/USDT:USDT,0.004031,65.0,0.00403,170.0,0.004043,10.0,0.004044,24.0
1753533580072,12:39:40.072,COS/USDT:USDT,0.004031,65.0,0.00403,170.0,0.004043,10.0,0.004044,24.0
1753533580477,12:39:40.477,COS/USDT:USDT,0.004031,65.0,0.00403,170.0,0.004043,10.0,0.004044,24.0
1753533581567,12:39:41.567,COS/USDT:USDT,0.004031,65.0,0.00403,170.0,0.004043,10.0,0.004044,24.0
1753533581695,12:39:41.695,COS/USDT:USDT,0.004031,65.0,0.00403,170.0,0.004043,10.0,0.004044,24.0
1753533582189,12:39:42.189,COS/USDT:USDT,0.004031,65.0,0.00403,170.0,0.004043,10.0,0.004044,24.0
1753533582291,12:39:42.291,COS/USDT:USDT,0.004031,65.0,0.00403,170.0,0.004043,10.0,0.004044,24.0
1753533583651,12:39:43.651,COS/USDT:USDT,0.004031,65.0,0.00403,170.0,0.004043,10.0,0.004044,24.0
1753533584091,12:39:44.091,COS/USDT:USDT,0.004031,65.0,0.00403,170.0,0.004043,10.0,0.004044,24.0
1753533584195,12:39:44.195,COS/USDT:USDT,0.004031,65.0,0.00403,170.0,0.004043,10.0,0.004044,24.0
1753533596342,12:39:56.342,COS/USDT:USDT,0.004031,65.0,0.00403,170.0,0.004043,10.0,0.004044,14.0
1753533596696,12:39:56.696,COS/USDT:USDT,0.004031,65.0,0.00403,170.0,0.004043,10.0,0.004044,14.0
1753533607343,12:40:07.343,COS/USDT:USDT,0.004031,65.0,0.00403,170.0,0.004043,10.0,0.004044,24.0
1753533621208,12:40:21.208,COS/USDT:USDT,0.004031,65.0,0.00403,170.0,0.004043,10.0,0.004044,24.0
1753533629541,12:40:29.541,COS/USDT:USDT,0.004035,6.0,0.004034,170.0,0.004043,10.0,0.004044,10.0
1753533629620,12:40:29.620,COS/USDT:USDT,0.004035,6.0,0.004034,170.0,0.004045,10.0,0.004046,10.0
1753533629697,12:40:29.697,COS/USDT:USDT,0.004035,6.0,0.004034,170.0,0.004045,10.0,0.004046,10.0
1753533630119,12:40:30.119,COS/USDT:USDT,0.004035,6.0,0.004034,170.0,0.004045,10.0,0.004046,10.0
1753533630491,12:40:30.491,COS/USDT:USDT,0.004035,6.0,0.004034,170.0,0.004046,10.0,0.004047,14.0
1753533630580,12:40:30.580,COS/USDT:USDT,0.004035,6.0,0.004034,170.0,0.004046,10.0,0.004047,14.0
1753533631350,12:40:31.350,COS/USDT:USDT,0.004035,6.0,0.004034,170.0,0.004046,10.0,0.004047,14.0
1753533634220,12:40:34.220,COS/USDT:USDT,0.004035,6.0,0.004034,170.0,0.004046,10.0,0.004047,14.0
1753533634528,12:40:34.528,COS/USDT:USDT,0.004035,16.0,0.004034,170.0,0.004046,10.0,0.004047,14.0
1753533644409,12:40:44.409,COS/USDT:USDT,0.004035,72.0,0.004034,170.0,0.004046,10.0,0.004047,10.0
1753533645327,12:40:45.327,COS/USDT:USDT,0.004035,72.0,0.004034,170.0,0.004047,10.0,0.004048,10.0
1753533645433,12:40:45.433,COS/USDT:USDT,0.004035,72.0,0.004034,170.0,0.004048,10.0,0.004049,15.0
1753533645647,12:40:45.647,COS/USDT:USDT,0.004035,72.0,0.004034,170.0,0.004048,10.0,0.004049,15.0
1753533645673,12:40:45.673,COS/USDT:USDT,0.004035,72.0,0.004034,170.0,0.004048,10.0,0.004049,15.0
1753533646027,12:40:46.027,COS/USDT:USDT,0.004035,72.0,0.004034,170.0,0.004048,10.0,0.004049,15.0
1753533646266,12:40:46.266,COS/USDT:USDT,0.004035,72.0,0.004034,170.0,0.004048,10.0,0.004049,15.0
1753533646388,12:40:46.388,COS/USDT:USDT,0.004035,72.0,0.004034,170.0,0.004048,10.0,0.004049,15.0
1753533646592,12:40:46.592,COS/USDT:USDT,0.004037,4.0,0.004036,15.0,0.004048,10.0,0.004049,10.0
1753533647233,12:40:47.233,COS/USDT:USDT,0.004037,4.0,0.004036,15.0,0.004048,10.0,0.004049,10.0
1753533647302,12:40:47.302,COS/USDT:USDT,0.004037,4.0,0.004036,15.0,0.004049,10.0,0.00405,70.0
1753533647377,12:40:47.377,COS/USDT:USDT,0.004037,14.0,0.004036,15.0,0.004049,10.0,0.00405,70.0
1753533647497,12:40:47.497,COS/USDT:USDT,0.004037,14.0,0.004036,15.0,0.004049,10.0,0.00405,70.0
1753533648370,12:40:48.370,COS/USDT:USDT,0.004037,14.0,0.004036,15.0,0.004049,10.0,0.00405,70.0
1753533649244,12:40:49.244,COS/USDT:USDT,0.004037,14.0,0.004036,15.0,0.004049,15.0,0.00405,70.0
1753533649847,12:40:49.847,COS/USDT:USDT,0.004037,14.0,0.004036,15.0,0.004049,15.0,0.00405,70.0
1753533650416,12:40:50.416,COS/USDT:USDT,0.004037,14.0,0.004036,10.0,0.004047,20.0,0.004049,15.0
1753533651257,12:40:51.257,COS/USDT:USDT,0.004037,4.0,0.004036,10.0,0.004047,20.0,0.004049,15.0
1753533654098,12:40:54.098,COS/USDT:USDT,0.004037,4.0,0.004036,10.0,0.004047,10.0,0.004049,15.0
1753533654446,12:40:54.446,COS/USDT:USDT,0.004037,4.0,0.004036,10.0,0.004047,20.0,0.004049,15.0
1753533655353,12:40:55.353,COS/USDT:USDT,0.004037,4.0,0.004036,10.0,0.004047,10.0,0.004049,15.0
1753533657673,12:40:57.673,COS/USDT:USDT,0.004037,4.0,0.004036,10.0,0.004047,10.0,0.004048,10.0
1753533658179,12:40:58.179,COS/USDT:USDT,0.004037,4.0,0.004036,10.0,0.004047,10.0,0.004048,10.0
1753533658446,12:40:58.446,COS/USDT:USDT,0.004037,4.0,0.004036,10.0,0.004047,10.0,0.004048,10.0
1753533660250,12:41:00.250,COS/USDT:USDT,0.004037,4.0,0.004036,10.0,0.004047,10.0,0.004048,10.0
1753533660373,12:41:00.373,COS/USDT:USDT,0.004037,4.0,0.004036,10.0,0.004047,10.0,0.004049,15.0
1753533661269,12:41:01.269,COS/USDT:USDT,0.004037,4.0,0.004036,10.0,0.004047,10.0,0.004049,15.0
1753533674534,12:41:14.534,COS/USDT:USDT,0.004037,4.0,0.004036,10.0,0.004047,10.0,0.004049,25.0
1753533686268,12:41:26.268,COS/USDT:USDT,0.004037,4.0,0.004036,10.0,0.004047,10.0,0.004049,25.0
1753533699279,12:41:39.279,COS/USDT:USDT,0.004037,4.0,0.004036,10.0,0.004047,10.0,0.004049,25.0
1753533710058,12:41:50.058,COS/USDT:USDT,0.004036,12.0,0.004035,72.0,0.004049,15.0,0.00405,70.0
1753533710144,12:41:50.144,COS/USDT:USDT,0.004037,4.0,0.004036,10.0,0.004049,15.0,0.00405,70.0
1753533710209,12:41:50.209,COS/USDT:USDT,0.004037,4.0,0.004036,10.0,0.004049,15.0,0.00405,70.0
1753533710353,12:41:50.353,COS/USDT:USDT,0.004037,4.0,0.004036,10.0,0.004049,15.0,0.00405,70.0
1753533710753,12:41:50.753,COS/USDT:USDT,0.004039,4.0,0.004038,170.0,0.004049,10.0,0.00405,70.0
1753533710791,12:41:50.791,COS/USDT:USDT,0.004039,4.0,0.004038,170.0,0.004049,10.0,0.00405,70.0
1753533711205,12:41:51.205,COS/USDT:USDT,0.004039,4.0,0.004038,170.0,0.004049,10.0,0.00405,70.0
1753533711653,12:41:51.653,COS/USDT:USDT,0.004039,4.0,0.004038,170.0,0.004049,10.0,0.00405,70.0
1753533711660,12:41:51.660,COS/USDT:USDT,0.004039,4.0,0.004038,170.0,0.004049,10.0,0.00405,70.0
1753533712566,12:41:52.566,COS/USDT:USDT,0.004039,4.0,0.004038,170.0,0.004049,10.0,0.00405,70.0
1753533712765,12:41:52.765,COS/USDT:USDT,0.004039,4.0,0.004038,170.0,0.004049,10.0,0.00405,70.0
1753533720944,12:42:00.944,COS/USDT:USDT,0.00404,4.0,0.004036,5.0,0.004048,4.0,0.004049,14.0
1753533721041,12:42:01.041,COS/USDT:USDT,0.004036,4.0,0.004035,66.0,0.004048,16.0,0.004049,14.0
1753533721073,12:42:01.073,COS/USDT:USDT,0.004036,4.0,0.004035,66.0,0.004048,16.0,0.004049,14.0
1753533721335,12:42:01.335,COS/USDT:USDT,0.004036,4.0,0.004035,66.0,0.004048,14.0,0.004049,14.0
1753533721494,12:42:01.494,COS/USDT:USDT,0.004036,4.0,0.004035,66.0,0.004048,14.0,0.004049,24.0
1753533724733,12:42:04.733,COS/USDT:USDT,0.004036,4.0,0.004035,66.0,0.004048,14.0,0.004049,14.0
1753533724973,12:42:04.973,COS/USDT:USDT,0.004036,4.0,0.004035,66.0,0.004048,14.0,0.004049,14.0
1753533725293,12:42:05.293,COS/USDT:USDT,0.004036,4.0,0.004035,66.0,0.004048,14.0,0.004049,14.0
1753533726049,12:42:06.049,COS/USDT:USDT,0.004036,4.0,0.004035,66.0,0.004047,20.0,0.004048,14.0
1753533726594,12:42:06.594,COS/USDT:USDT,0.004036,4.0,0.004035,66.0,0.004047,20.0,0.004048,14.0
1753533759473,12:42:39.473,COS/USDT:USDT,0.004036,4.0,0.004035,66.0,0.004047,10.0,0.004048,14.0
1753533769479,12:42:49.479,COS/USDT:USDT,0.004036,4.0,0.004035,66.0,0.004045,10.0,0.004047,10.0
1753533770526,12:42:50.526,COS/USDT:USDT,0.004036,4.0,0.004035,66.0,0.004045,10.0,0.004047,10.0
1753533770718,12:42:50.718,COS/USDT:USDT,0.004036,9.0,0.004035,66.0,0.004045,10.0,0.004047,10.0
1753533772784,12:42:52.784,COS/USDT:USDT,0.004036,9.0,0.004035,66.0,0.004045,10.0,0.004047,10.0
1753533777317,12:42:57.317,COS/USDT:USDT,0.004036,9.0,0.004035,66.0,0.004045,10.0,0.004047,10.0
1753533803333,12:43:23.333,COS/USDT:USDT,0.004036,9.0,0.004035,66.0,0.004045,10.0,0.004047,10.0
1753533816346,12:43:36.346,COS/USDT:USDT,0.004036,9.0,0.004035,66.0,0.004045,10.0,0.004047,10.0
1753533829357,12:43:49.357,COS/USDT:USDT,0.004036,9.0,0.004035,66.0,0.004045,10.0,0.004047,10.0
1753533845638,12:44:05.638,COS/USDT:USDT,0.004036,9.0,0.004035,66.0,0.004047,10.0,0.004048,14.0
1753533846602,12:44:06.602,COS/USDT:USDT,0.004036,9.0,0.004035,66.0,0.004047,10.0,0.004048,14.0
1753533848114,12:44:08.114,COS/USDT:USDT,0.004036,19.0,0.004035,66.0,0.004047,10.0,0.004048,14.0
1753533853281,12:44:13.281,COS/USDT:USDT,0.004038,4.0,0.004037,4.0,0.004047,10.0,0.004048,14.0
1753533853899,12:44:13.899,COS/USDT:USDT,0.004038,4.0,0.004037,4.0,0.004047,10.0,0.004048,14.0
1753533855371,12:44:15.371,COS/USDT:USDT,0.004038,4.0,0.004037,4.0,0.004047,10.0,0.004048,14.0
1753533855898,12:44:15.898,COS/USDT:USDT,0.004038,8.0,0.004037,4.0,0.004045,12.0,0.004047,10.0
1753533856731,12:44:16.731,COS/USDT:USDT,0.004038,8.0,0.004037,4.0,0.004045,12.0,0.004047,10.0
1753533859528,12:44:19.528,COS/USDT:USDT,0.004038,8.0,0.004037,4.0,0.004045,14.0,0.004047,10.0
1753533866447,12:44:26.447,COS/USDT:USDT,0.004038,4.0,0.004037,4.0,0.004045,14.0,0.004047,10.0
1753533868265,12:44:28.265,COS/USDT:USDT,0.004038,6.0,0.004037,4.0,0.004045,14.0,0.004047,10.0
1753533870131,12:44:30.131,COS/USDT:USDT,0.004038,8.0,0.004037,4.0,0.004045,14.0,0.004047,10.0
1753533906963,12:45:06.963,COS/USDT:USDT,0.004038,4.0,0.004037,4.0,0.004045,14.0,0.004047,10.0
1753533907390,12:45:07.390,COS/USDT:USDT,0.004038,4.0,0.004037,4.0,0.004045,14.0,0.004047,10.0
1753533908188,12:45:08.188,COS/USDT:USDT,0.004037,4.0,0.004036,10.0,0.004044,4.0,0.004045,18.0
1753533909024,12:45:09.024,COS/USDT:USDT,0.004037,4.0,0.004036,10.0,0.004044,4.0,0.004045,18.0
1753533909139,12:45:09.139,COS/USDT:USDT,0.004037,4.0,0.004036,10.0,0.004044,4.0,0.004045,18.0
1753533909159,12:45:09.159,COS/USDT:USDT,0.004037,6.0,0.004036,10.0,0.004044,4.0,0.004045,18.0
1753533910498,12:45:10.498,COS/USDT:USDT,0.004037,6.0,0.004036,10.0,0.004044,4.0,0.004045,18.0
1753533911030,12:45:11.030,COS/USDT:USDT,0.004037,6.0,0.004036,10.0,0.004044,4.0,0.004045,18.0
1753533912001,12:45:12.001,COS/USDT:USDT,0.004037,6.0,0.004036,10.0,0.004044,4.0,0.004045,18.0
1753533913529,12:45:13.529,COS/USDT:USDT,0.004037,6.0,0.004036,10.0,0.004044,4.0,0.004045,18.0
1753533917681,12:45:17.681,COS/USDT:USDT,0.004037,6.0,0.004036,10.0,0.004044,4.0,0.004045,18.0
1753533919853,12:45:19.853,COS/USDT:USDT,0.004037,6.0,0.004036,10.0,0.004044,4.0,0.004045,18.0
1753533921318,12:45:21.318,COS/USDT:USDT,0.004037,6.0,0.004036,10.0,0.004044,4.0,0.004045,18.0
1753533924965,12:45:24.965,COS/USDT:USDT,0.004037,6.0,0.004036,10.0,0.004044,4.0,0.004045,18.0
1753533926573,12:45:26.573,COS/USDT:USDT,0.004037,6.0,0.004036,10.0,0.004044,4.0,0.004045,18.0
1753533929646,12:45:29.646,COS/USDT:USDT,0.004037,6.0,0.004036,10.0,0.004044,4.0,0.004045,18.0
1753533931156,12:45:31.156,COS/USDT:USDT,0.004037,6.0,0.004036,10.0,0.004044,4.0,0.004045,18.0
1753533935059,12:45:35.059,COS/USDT:USDT,0.004037,6.0,0.004036,10.0,0.004044,4.0,0.004045,18.0
1753533936175,12:45:36.175,COS/USDT:USDT,0.004037,6.0,0.004036,10.0,0.004044,4.0,0.004045,18.0
1753533936627,12:45:36.627,COS/USDT:USDT,0.004037,4.0,0.004036,10.0,0.004043,9.0,0.004044,14.0
1753533936934,12:45:36.934,COS/USDT:USDT,0.004037,4.0,0.004036,10.0,0.004043,9.0,0.004044,14.0
1753533937041,12:45:37.041,COS/USDT:USDT,0.004033,4.0,0.004032,14.0,0.004043,9.0,0.004044,14.0
1753533937241,12:45:37.241,COS/USDT:USDT,0.004033,4.0,0.004032,14.0,0.004043,7.0,0.004044,14.0
1753533937351,12:45:37.351,COS/USDT:USDT,0.004033,4.0,0.004032,14.0,0.004043,7.0,0.004044,14.0
1753533938061,12:45:38.061,COS/USDT:USDT,0.004033,4.0,0.004032,14.0,0.004043,7.0,0.004044,14.0
1753533938255,12:45:38.255,COS/USDT:USDT,0.004033,4.0,0.004032,14.0,0.004043,7.0,0.004044,14.0
1753533938472,12:45:38.472,COS/USDT:USDT,0.004033,4.0,0.004032,14.0,0.004043,7.0,0.004044,14.0
1753533939232,12:45:39.232,COS/USDT:USDT,0.004033,4.0,0.004032,14.0,0.004042,5.0,0.004043,7.0
1753533939459,12:45:39.459,COS/USDT:USDT,0.004033,4.0,0.004032,14.0,0.004042,5.0,0.004043,7.0
1753533939807,12:45:39.807,COS/USDT:USDT,0.004033,4.0,0.004032,14.0,0.004042,5.0,0.004043,7.0
1753533940235,12:45:40.235,COS/USDT:USDT,0.004033,4.0,0.004032,14.0,0.004042,5.0,0.004043,7.0
1753533940845,12:45:40.845,COS/USDT:USDT,0.004033,4.0,0.004032,14.0,0.004042,5.0,0.004043,7.0
1753533941053,12:45:41.053,COS/USDT:USDT,0.004033,4.0,0.004032,14.0,0.004042,5.0,0.004043,7.0
1753533946408,12:45:46.408,COS/USDT:USDT,0.004033,4.0,0.004032,14.0,0.004042,5.0,0.004043,7.0
1753533949061,12:45:49.061,COS/USDT:USDT,0.004033,4.0,0.004032,14.0,0.004042,5.0,0.004043,17.0
1753533949826,12:45:49.826,COS/USDT:USDT,0.004033,9.0,0.004032,14.0,0.004042,5.0,0.004043,17.0
1753533981559,12:46:21.559,COS/USDT:USDT,0.004033,5.0,0.004032,14.0,0.004042,5.0,0.004043,17.0
1753534007912,12:46:47.912,COS/USDT:USDT,0.004034,170.0,0.004033,5.0,0.004043,2.0,0.004044,14.0
1753534008293,12:46:48.293,COS/USDT:USDT,0.004034,170.0,0.004033,5.0,0.004043,2.0,0.004044,14.0
1753534011431,12:46:51.431,COS/USDT:USDT,0.004034,170.0,0.004033,5.0,0.004043,2.0,0.004044,14.0
1753534016210,12:46:56.210,COS/USDT:USDT,0.004033,5.0,0.004032,14.0,0.004043,16.0,0.004044,14.0
1753534016352,12:46:56.352,COS/USDT:USDT,0.004033,5.0,0.004032,14.0,0.004043,16.0,0.004044,14.0
1753534017167,12:46:57.167,COS/USDT:USDT,0.004033,5.0,0.004032,14.0,0.004043,16.0,0.004044,14.0
1753534024442,12:47:04.442,COS/USDT:USDT,0.004033,5.0,0.004032,14.0,0.004043,16.0,0.004044,14.0
1753534038024,12:47:18.024,COS/USDT:USDT,0.004034,4.0,0.004033,5.0,0.004042,5.0,0.004043,16.0
1753534038504,12:47:18.504,COS/USDT:USDT,0.004034,4.0,0.004033,5.0,0.004042,5.0,0.004043,16.0
1753534063821,12:47:43.821,COS/USDT:USDT,0.004034,4.0,0.004033,5.0,0.004042,5.0,0.004043,6.0
1753534063893,12:47:43.893,COS/USDT:USDT,0.004034,4.0,0.004033,5.0,0.004042,5.0,0.004043,16.0
1753534064598,12:47:44.598,COS/USDT:USDT,0.004034,4.0,0.004033,5.0,0.004042,5.0,0.004043,16.0
1753534064747,12:47:44.747,COS/USDT:USDT,0.004033,4.0,0.004032,10.0,0.004041,4.0,0.004042,15.0
1753534065482,12:47:45.482,COS/USDT:USDT,0.004033,4.0,0.004032,10.0,0.004041,4.0,0.004042,15.0
1753534067142,12:47:47.142,COS/USDT:USDT,0.004033,4.0,0.004032,10.0,0.004041,4.0,0.004042,15.0
1753534076493,12:47:56.493,COS/USDT:USDT,0.004033,4.0,0.004032,10.0,0.004041,4.0,0.004042,15.0
1753534077278,12:47:57.278,COS/USDT:USDT,0.004033,4.0,0.004032,10.0,0.00404,10.0,0.004041,4.0
1753534077454,12:47:57.454,COS/USDT:USDT,0.004033,4.0,0.004032,10.0,0.00404,10.0,0.004041,4.0
1753534077552,12:47:57.552,COS/USDT:USDT,0.004033,4.0,0.004032,10.0,0.00404,10.0,0.004041,4.0
1753534077629,12:47:57.629,COS/USDT:USDT,0.004033,4.0,0.004032,10.0,0.00404,10.0,0.004041,4.0
1753534079644,12:47:59.644,COS/USDT:USDT,0.004033,4.0,0.004032,10.0,0.00404,10.0,0.004041,4.0
1753534090157,12:48:10.157,COS/USDT:USDT,0.004033,4.0,0.004032,10.0,0.004039,9.0,0.00404,15.0
1753534090322,12:48:10.322,COS/USDT:USDT,0.004029,4.0,0.004028,14.0,0.004039,9.0,0.00404,15.0
1753534090446,12:48:10.446,COS/USDT:USDT,0.004029,4.0,0.004028,14.0,0.004039,9.0,0.004041,4.0
1753534091266,12:48:11.266,COS/USDT:USDT,0.004029,4.0,0.004028,14.0,0.004039,9.0,0.004041,4.0
1753534091408,12:48:11.408,COS/USDT:USDT,0.004029,4.0,0.004028,14.0,0.004039,9.0,0.004041,4.0
1753534091684,12:48:11.684,COS/USDT:USDT,0.004029,4.0,0.004028,14.0,0.004039,9.0,0.004041,4.0
1753534092611,12:48:12.611,COS/USDT:USDT,0.004029,4.0,0.004028,14.0,0.004039,9.0,0.004041,4.0
1753534098651,12:48:18.651,COS/USDT:USDT,0.004029,4.0,0.004028,14.0,0.004038,5.0,0.004039,9.0
1753534098660,12:48:18.660,COS/USDT:USDT,0.004029,4.0,0.004028,14.0,0.004038,5.0,0.004039,9.0
1753534098946,12:48:18.946,COS/USDT:USDT,0.004029,4.0,0.004028,14.0,0.004038,5.0,0.004039,9.0
1753534098995,12:48:18.995,COS/USDT:USDT,0.004029,4.0,0.004028,14.0,0.004038,5.0,0.004039,9.0
1753534099372,12:48:19.372,COS/USDT:USDT,0.004029,4.0,0.004028,14.0,0.004038,5.0,0.004039,9.0
1753534099460,12:48:19.460,COS/USDT:USDT,0.004029,4.0,0.004028,14.0,0.004038,5.0,0.004039,9.0
1753534100037,12:48:20.037,COS/USDT:USDT,0.004029,4.0,0.004028,14.0,0.004038,15.0,0.004039,9.0
1753534100233,12:48:20.233,COS/USDT:USDT,0.004029,4.0,0.004028,14.0,0.004038,15.0,0.004039,9.0
1753534100485,12:48:20.485,COS/USDT:USDT,0.004029,4.0,0.004028,14.0,0.004038,15.0,0.004039,9.0
1753534100724,12:48:20.724,COS/USDT:USDT,0.004029,4.0,0.004028,14.0,0.004038,15.0,0.004039,9.0
1753534100784,12:48:20.784,COS/USDT:USDT,0.004029,4.0,0.004028,14.0,0.004038,15.0,0.004039,9.0
1753534101341,12:48:21.341,COS/USDT:USDT,0.004029,4.0,0.004028,14.0,0.004038,15.0,0.004039,9.0
1753534101437,12:48:21.437,COS/USDT:USDT,0.004029,4.0,0.004028,14.0,0.004038,510.0,0.004039,9.0
1753534101832,12:48:21.832,COS/USDT:USDT,0.004029,4.0,0.004028,14.0,0.004037,449.0,0.004038,510.0
1753534102108,12:48:22.108,COS/USDT:USDT,0.004029,4.0,0.004028,14.0,0.004037,478.0,0.004038,510.0
1753534102257,12:48:22.257,COS/USDT:USDT,0.004029,4.0,0.004028,14.0,0.004037,478.0,0.004038,510.0
1753534102507,12:48:22.507,COS/USDT:USDT,0.004029,4.0,0.004028,14.0,0.004037,478.0,0.004038,510.0
1753534102689,12:48:22.689,COS/USDT:USDT,0.004029,4.0,0.004028,14.0,0.004037,300.0,0.004038,510.0
1753534103146,12:48:23.146,COS/USDT:USDT,0.004029,4.0,0.004028,14.0,0.004037,300.0,0.004038,510.0
1753534103440,12:48:23.440,COS/USDT:USDT,0.004029,4.0,0.004028,14.0,0.004037,271.0,0.004038,510.0
1753534104064,12:48:24.064,COS/USDT:USDT,0.004029,4.0,0.004028,14.0,0.004037,271.0,0.004038,510.0
1753534104310,12:48:24.310,COS/USDT:USDT,0.004029,4.0,0.004028,14.0,0.004037,271.0,0.004038,510.0
1753534104436,12:48:24.436,COS/USDT:USDT,0.004029,4.0,0.004028,14.0,0.004037,271.0,0.004038,15.0
1753534104591,12:48:24.591,COS/USDT:USDT,0.004029,4.0,0.004028,14.0,0.004037,766.0,0.004038,15.0
1753534104681,12:48:24.681,COS/USDT:USDT,0.004029,4.0,0.004028,14.0,0.004037,495.0,0.004038,15.0
1753534104961,12:48:24.961,COS/USDT:USDT,0.004029,4.0,0.004028,14.0,0.004037,495.0,0.004038,15.0
1753534105067,12:48:25.067,COS/USDT:USDT,0.004029,4.0,0.004028,14.0,0.004037,495.0,0.004038,15.0
1753534105528,12:48:25.528,COS/USDT:USDT,0.004029,4.0,0.004028,14.0,0.004037,495.0,0.004038,15.0
1753534105603,12:48:25.603,COS/USDT:USDT,0.004029,4.0,0.004028,14.0,0.004037,495.0,0.004038,15.0
1753534106130,12:48:26.130,COS/USDT:USDT,0.004029,4.0,0.004028,14.0,0.004037,495.0,0.004038,15.0
1753534107083,12:48:27.083,COS/USDT:USDT,0.004029,4.0,0.004028,14.0,0.004037,495.0,0.004038,15.0
1753534109062,12:48:29.062,COS/USDT:USDT,0.004029,9.0,0.004028,14.0,0.004037,495.0,0.004038,15.0
1753534125501,12:48:45.501,COS/USDT:USDT,0.004029,9.0,0.004028,14.0,0.004037,495.0,0.004038,15.0
1753534155120,12:49:15.120,COS/USDT:USDT,0.004029,4.0,0.004028,4.0,0.004037,495.0,0.004038,15.0
1753534155338,12:49:15.338,COS/USDT:USDT,0.004029,4.0,0.004027,5.0,0.004037,495.0,0.004038,15.0
1753534155362,12:49:15.362,COS/USDT:USDT,0.004028,4.0,0.004027,5.0,0.004037,495.0,0.004038,15.0
1753534156646,12:49:16.646,COS/USDT:USDT,0.004028,4.0,0.004027,5.0,0.004037,495.0,0.004038,15.0
1753534163247,12:49:23.247,COS/USDT:USDT,0.004028,4.0,0.004025,5.0,0.004036,14.0,0.004037,495.0
1753534163306,12:49:23.306,COS/USDT:USDT,0.004026,4.0,0.004025,5.0,0.004036,14.0,0.004037,495.0
1753534163430,12:49:23.430,COS/USDT:USDT,0.004026,4.0,0.004025,5.0,0.004036,71.0,0.004037,495.0
1753534163552,12:49:23.552,COS/USDT:USDT,0.004026,4.0,0.004025,5.0,0.004036,71.0,0.004037,495.0
1753534163640,12:49:23.640,COS/USDT:USDT,0.004026,4.0,0.004025,5.0,0.004036,71.0,0.004037,495.0
1753534163680,12:49:23.680,COS/USDT:USDT,0.004026,4.0,0.004025,5.0,0.004035,14.0,0.004036,71.0
1753534163942,12:49:23.942,COS/USDT:USDT,0.004026,4.0,0.004025,5.0,0.004035,14.0,0.004036,71.0
1753534164011,12:49:24.011,COS/USDT:USDT,0.004026,4.0,0.004025,5.0,0.004035,14.0,0.004036,71.0
1753534164354,12:49:24.354,COS/USDT:USDT,0.004026,4.0,0.004025,5.0,0.004035,14.0,0.004036,71.0
1753534164770,12:49:24.770,COS/USDT:USDT,0.004026,4.0,0.004025,5.0,0.004035,14.0,0.004036,71.0
1753534164940,12:49:24.940,COS/USDT:USDT,0.004026,4.0,0.004025,5.0,0.004035,509.0,0.004036,14.0
1753534165440,12:49:25.440,COS/USDT:USDT,0.004026,4.0,0.004025,5.0,0.004035,509.0,0.004036,4.0
1753534165588,12:49:25.588,COS/USDT:USDT,0.004026,4.0,0.004025,5.0,0.004035,509.0,0.004036,4.0
1753534166212,12:49:26.212,COS/USDT:USDT,0.004026,4.0,0.004025,5.0,0.004035,509.0,0.004038,5.0
1753534166450,12:49:26.450,COS/USDT:USDT,0.004026,4.0,0.004025,5.0,0.004035,499.0,0.004038,5.0
1753534166526,12:49:26.526,COS/USDT:USDT,0.004026,4.0,0.004025,5.0,0.004034,10.0,0.004035,499.0
1753534166828,12:49:26.828,COS/USDT:USDT,0.004026,4.0,0.004025,5.0,0.004034,10.0,0.004035,499.0
1753534166858,12:49:26.858,COS/USDT:USDT,0.004026,4.0,0.004025,5.0,0.004034,10.0,0.004035,499.0
1753534167253,12:49:27.253,COS/USDT:USDT,0.004026,4.0,0.004025,5.0,0.004034,10.0,0.004035,499.0
1753534167601,12:49:27.601,COS/USDT:USDT,0.004026,4.0,0.004025,5.0,0.004034,10.0,0.004035,499.0
1753534167677,12:49:27.677,COS/USDT:USDT,0.004026,4.0,0.004025,5.0,0.004034,10.0,0.004035,499.0
1753534167986,12:49:27.986,COS/USDT:USDT,0.004026,4.0,0.004025,5.0,0.004034,505.0,0.004035,4.0
1753534168429,12:49:28.429,COS/USDT:USDT,0.004026,4.0,0.004025,5.0,0.004034,495.0,0.004038,5.0
1753534169707,12:49:29.707,COS/USDT:USDT,0.004026,4.0,0.004025,5.0,0.004034,495.0,0.004038,5.0
1753534170482,12:49:30.482,COS/USDT:USDT,0.004026,4.0,0.004025,5.0,0.004034,495.0,0.004038,5.0
1753534171729,12:49:31.729,COS/USDT:USDT,0.004026,4.0,0.004025,5.0,0.004034,495.0,0.004038,5.0
1753534173653,12:49:33.653,COS/USDT:USDT,0.004026,4.0,0.004025,5.0,0.004034,495.0,0.004038,5.0
1753534175356,12:49:35.356,COS/USDT:USDT,0.004026,4.0,0.004025,5.0,0.004034,495.0,0.004038,5.0
1753534179490,12:49:39.490,COS/USDT:USDT,0.004026,4.0,0.004025,5.0,0.004034,495.0,0.004038,5.0
1753534179603,12:49:39.603,COS/USDT:USDT,0.004026,4.0,0.004025,5.0,0.004034,495.0,0.004038,5.0
1753534180618,12:49:40.618,COS/USDT:USDT,0.004026,4.0,0.004025,5.0,0.004034,495.0,0.004038,5.0
1753534182605,12:49:42.605,COS/USDT:USDT,0.004026,4.0,0.004025,5.0,0.004034,495.0,0.004038,5.0
1753534183485,12:49:43.485,COS/USDT:USDT,0.004026,4.0,0.004025,5.0,0.004034,495.0,0.004038,5.0
1753534183757,12:49:43.757,COS/USDT:USDT,0.004026,4.0,0.004025,5.0,0.004034,495.0,0.004038,5.0
1753534183921,12:49:43.921,COS/USDT:USDT,0.004026,4.0,0.004025,5.0,0.004034,495.0,0.004038,5.0
1753534184936,12:49:44.936,COS/USDT:USDT,0.004026,4.0,0.004025,5.0,0.004034,495.0,0.004038,5.0
1753534185009,12:49:45.009,COS/USDT:USDT,0.004026,4.0,0.004025,5.0,0.004034,495.0,0.004038,5.0
1753534185290,12:49:45.290,COS/USDT:USDT,0.004026,4.0,0.004025,5.0,0.004034,495.0,0.004038,5.0
1753534185944,12:49:45.944,COS/USDT:USDT,0.004026,4.0,0.004025,5.0,0.004034,495.0,0.004038,5.0
1753534186230,12:49:46.230,COS/USDT:USDT,0.004026,4.0,0.004025,5.0,0.004034,495.0,0.004038,5.0
1753534186945,12:49:46.945,COS/USDT:USDT,0.004026,4.0,0.004025,5.0,0.004034,495.0,0.004038,5.0
1753534200326,12:50:00.326,COS/USDT:USDT,0.004026,4.0,0.004025,5.0,0.004034,495.0,0.004038,5.0
1753534200775,12:50:00.775,COS/USDT:USDT,0.004026,4.0,0.004025,5.0,0.004034,495.0,0.004038,5.0
1753534205151,12:50:05.151,COS/USDT:USDT,0.004026,9.0,0.004025,5.0,0.004034,495.0,0.004038,5.0
1753534205166,12:50:05.166,COS/USDT:USDT,0.004026,4.0,0.004025,5.0,0.004034,495.0,0.004038,5.0
1753534205312,12:50:05.312,COS/USDT:USDT,0.004026,4.0,0.004025,5.0,0.004034,495.0,0.004038,5.0
1753534205393,12:50:05.393,COS/USDT:USDT,0.004026,4.0,0.004025,5.0,0.004034,495.0,0.004038,5.0
1753534205540,12:50:05.540,COS/USDT:USDT,0.004026,9.0,0.004025,5.0,0.004034,495.0,0.004038,5.0
1753534205739,12:50:05.739,COS/USDT:USDT,0.004026,9.0,0.004025,5.0,0.004034,495.0,0.004038,5.0
1753534206168,12:50:06.168,COS/USDT:USDT,0.004027,170.0,0.004026,9.0,0.004034,495.0,0.004038,5.0
1753534206738,12:50:06.738,COS/USDT:USDT,0.004028,10.0,0.004027,170.0,0.004034,501.0,0.004038,5.0
1753534207508,12:50:07.508,COS/USDT:USDT,0.004028,10.0,0.004027,170.0,0.004034,501.0,0.004038,5.0
1753534207578,12:50:07.578,COS/USDT:USDT,0.004028,10.0,0.004027,170.0,0.004034,501.0,0.004038,5.0
1753534208805,12:50:08.805,COS/USDT:USDT,0.004028,10.0,0.004027,170.0,0.004034,501.0,0.004038,5.0
1753534209723,12:50:09.723,COS/USDT:USDT,0.004028,10.0,0.004027,170.0,0.004034,501.0,0.004038,5.0
1753534211150,12:50:11.150,COS/USDT:USDT,0.004026,174.0,0.004025,5.0,0.004034,501.0,0.004038,5.0
1753534211245,12:50:11.245,COS/USDT:USDT,0.004028,4.0,0.004027,51.0,0.004034,501.0,0.004038,5.0
1753534211674,12:50:11.674,COS/USDT:USDT,0.004028,4.0,0.004027,51.0,0.004034,501.0,0.004038,5.0
1753534220556,12:50:20.556,COS/USDT:USDT,0.004026,4.0,0.004025,5.0,0.004034,501.0,0.004038,5.0
1753534220942,12:50:20.942,COS/USDT:USDT,0.004026,4.0,0.004025,5.0,0.004034,501.0,0.004038,5.0
1753534221735,12:50:21.735,COS/USDT:USDT,0.004026,4.0,0.004025,5.0,0.004034,501.0,0.004038,5.0
1753534251005,12:50:51.005,COS/USDT:USDT,0.004026,4.0,0.004025,5.0,0.004034,501.0,0.004038,5.0
1753534251370,12:50:51.370,COS/USDT:USDT,0.004026,4.0,0.004025,5.0,0.004034,501.0,0.004038,5.0
1753534252556,12:50:52.556,COS/USDT:USDT,0.004026,4.0,0.004025,5.0,0.004033,10.0,0.004034,501.0
1753534252591,12:50:52.591,COS/USDT:USDT,0.004024,4.0,0.004023,10.0,0.004033,10.0,0.004034,501.0
1753534252773,12:50:52.773,COS/USDT:USDT,0.004024,4.0,0.004023,10.0,0.004033,10.0,0.004034,501.0
1753534253530,12:50:53.530,COS/USDT:USDT,0.004024,4.0,0.004023,10.0,0.004033,10.0,0.004034,501.0
1753534253868,12:50:53.868,COS/USDT:USDT,0.004024,4.0,0.004023,10.0,0.004033,10.0,0.004034,501.0
1753534254004,12:50:54.004,COS/USDT:USDT,0.004024,4.0,0.004023,10.0,0.004033,10.0,0.004034,501.0
1753534255453,12:50:55.453,COS/USDT:USDT,0.004024,4.0,0.004023,10.0,0.004033,505.0,0.004034,6.0
1753534255627,12:50:55.627,COS/USDT:USDT,0.004024,4.0,0.004023,10.0,0.004033,505.0,0.004034,6.0
1753534260491,12:51:00.491,COS/USDT:USDT,0.004026,55.0,0.004025,170.0,0.004033,505.0,0.004034,3.0
1753534260868,12:51:00.868,COS/USDT:USDT,0.004026,55.0,0.004025,170.0,0.004033,505.0,0.004034,3.0
1753534263321,12:51:03.321,COS/USDT:USDT,0.004026,55.0,0.004025,170.0,0.004033,505.0,0.004034,3.0
1753534266809,12:51:06.809,COS/USDT:USDT,0.004026,55.0,0.004025,170.0,0.004033,505.0,0.004034,3.0
1753534267819,12:51:07.819,COS/USDT:USDT,0.004026,55.0,0.004025,170.0,0.004033,505.0,0.004038,5.0
1753534268302,12:51:08.302,COS/USDT:USDT,0.004026,55.0,0.004025,170.0,0.004033,495.0,0.004038,5.0
1753534276684,12:51:16.684,COS/USDT:USDT,0.004026,55.0,0.004025,170.0,0.004033,495.0,0.004038,5.0
1753534276976,12:51:16.976,COS/USDT:USDT,0.004026,55.0,0.004025,170.0,0.004033,495.0,0.004038,5.0
1753534278245,12:51:18.245,COS/USDT:USDT,0.004026,55.0,0.004025,170.0,0.004033,495.0,0.004038,5.0
1753534278599,12:51:18.599,COS/USDT:USDT,0.004026,55.0,0.004025,170.0,0.004033,495.0,0.004038,5.0
1753534310875,12:51:50.875,COS/USDT:USDT,0.004026,55.0,0.004025,170.0,0.004033,495.0,0.004038,5.0
1753534316233,12:51:56.233,COS/USDT:USDT,0.004026,55.0,0.004025,170.0,0.004033,495.0,0.004038,5.0
1753534349674,12:52:29.674,COS/USDT:USDT,0.004026,55.0,0.004025,170.0,0.004033,495.0,0.004038,5.0
1753534365488,12:52:45.488,COS/USDT:USDT,0.004026,55.0,0.004025,170.0,0.004033,495.0,0.004038,5.0
1753534372339,12:52:52.339,COS/USDT:USDT,0.004026,55.0,0.004025,170.0,0.004033,495.0,0.004038,5.0
1753534432411,12:53:52.411,COS/USDT:USDT,0.004025,4.0,0.004024,55.0,0.004033,495.0,0.004038,5.0
1753534432540,12:53:52.540,COS/USDT:USDT,0.004025,4.0,0.004024,55.0,0.004033,495.0,0.004038,5.0
1753534432655,12:53:52.655,COS/USDT:USDT,0.004025,4.0,0.004024,55.0,0.004033,495.0,0.004038,5.0
1753534432667,12:53:52.667,COS/USDT:USDT,0.004025,4.0,0.004024,55.0,0.004033,495.0,0.004038,5.0
1753534432790,12:53:52.790,COS/USDT:USDT,0.004025,4.0,0.004024,55.0,0.004033,495.0,0.004038,5.0
1753534433657,12:53:53.657,COS/USDT:USDT,0.004025,4.0,0.004024,55.0,0.004033,495.0,0.004038,5.0
1753534434220,12:53:54.220,COS/USDT:USDT,0.004025,4.0,0.004024,55.0,0.004033,495.0,0.004038,5.0
1753534435876,12:53:55.876,COS/USDT:USDT,0.004025,4.0,0.004024,55.0,0.004033,495.0,0.004038,5.0
1753534438089,12:53:58.089,COS/USDT:USDT,0.004025,4.0,0.004024,55.0,0.004033,495.0,0.004038,5.0
1753534440272,12:54:00.272,COS/USDT:USDT,0.004025,4.0,0.004024,55.0,0.004033,495.0,0.004038,5.0
1753534442448,12:54:02.448,COS/USDT:USDT,0.004025,4.0,0.004024,55.0,0.004033,495.0,0.004038,5.0
1753534442475,12:54:02.475,COS/USDT:USDT,0.004025,4.0,0.004024,55.0,0.004033,495.0,0.004038,5.0
1753534444628,12:54:04.628,COS/USDT:USDT,0.004025,4.0,0.004024,55.0,0.004033,495.0,0.004038,5.0
1753534446747,12:54:06.747,COS/USDT:USDT,0.004025,4.0,0.004024,55.0,0.004033,495.0,0.004038,5.0
1753534448434,12:54:08.434,COS/USDT:USDT,0.004025,4.0,0.004024,55.0,0.004033,495.0,0.004038,5.0
1753534454354,12:54:14.354,COS/USDT:USDT,0.004025,4.0,0.004024,55.0,0.004033,495.0,0.004038,5.0
1753534461255,12:54:21.255,COS/USDT:USDT,0.004025,4.0,0.004024,55.0,0.004033,495.0,0.004038,5.0
1753534467622,12:54:27.622,COS/USDT:USDT,0.004025,4.0,0.004024,55.0,0.004033,495.0,0.004038,5.0
1753534469413,12:54:29.413,COS/USDT:USDT,0.004025,4.0,0.004024,55.0,0.004033,495.0,0.004038,5.0
1753534473381,12:54:33.381,COS/USDT:USDT,0.004025,4.0,0.004024,55.0,0.004033,495.0,0.004038,5.0
1753534476921,12:54:36.921,COS/USDT:USDT,0.004025,4.0,0.004024,55.0,0.004033,495.0,0.004038,5.0
1753534480627,12:54:40.627,COS/USDT:USDT,0.004025,4.0,0.004024,55.0,0.004033,495.0,0.004038,5.0
1753534528411,12:55:28.411,COS/USDT:USDT,0.004025,9.0,0.004024,60.0,0.004033,495.0,0.004038,5.0
1753534528542,12:55:28.542,COS/USDT:USDT,0.004027,4.0,0.004026,5.0,0.004033,495.0,0.004038,5.0
1753534529452,12:55:29.452,COS/USDT:USDT,0.004027,4.0,0.004026,5.0,0.004033,495.0,0.004038,5.0
1753534529742,12:55:29.742,COS/USDT:USDT,0.004026,4.0,0.004025,5.0,0.004033,495.0,0.004038,5.0
1753534530156,12:55:30.156,COS/USDT:USDT,0.004026,6.0,0.004025,5.0,0.004033,495.0,0.004038,5.0
1753534530342,12:55:30.342,COS/USDT:USDT,0.004026,6.0,0.004025,5.0,0.004033,495.0,0.004038,5.0
1753534538583,12:55:38.583,COS/USDT:USDT,0.004029,4.0,0.004028,51.0,0.004033,497.0,0.004038,5.0
1753534538795,12:55:38.795,COS/USDT:USDT,0.004029,4.0,0.004028,51.0,0.004033,497.0,0.004038,5.0
1753534539244,12:55:39.244,COS/USDT:USDT,0.004029,4.0,0.004028,51.0,0.004033,497.0,0.004034,2.0
1753534539662,12:55:39.662,COS/USDT:USDT,0.004029,4.0,0.004028,51.0,0.004033,497.0,0.004034,2.0
1753534544757,12:55:44.757,COS/USDT:USDT,0.004029,4.0,0.004028,51.0,0.004033,497.0,0.004034,2.0
1753534544810,12:55:44.810,COS/USDT:USDT,0.004026,6.0,0.004025,5.0,0.004033,497.0,0.004034,2.0
1753534544924,12:55:44.924,COS/USDT:USDT,0.004026,6.0,0.004025,5.0,0.004033,497.0,0.004034,2.0
1753534545344,12:55:45.344,COS/USDT:USDT,0.004026,6.0,0.004025,5.0,0.004033,497.0,0.004034,2.0
1753534563125,12:56:03.125,COS/USDT:USDT,0.004026,6.0,0.004025,5.0,0.004033,497.0,0.004034,2.0
1753534563459,12:56:03.459,COS/USDT:USDT,0.004026,6.0,0.004025,5.0,0.004033,497.0,0.004034,2.0
1753534568793,12:56:08.793,COS/USDT:USDT,0.004026,6.0,0.004025,5.0,0.004033,497.0,0.004034,2.0
1753534573938,12:56:13.938,COS/USDT:USDT,0.004026,6.0,0.004025,5.0,0.004033,497.0,0.004034,2.0
1753534608054,12:56:48.054,COS/USDT:USDT,0.004026,6.0,0.004025,5.0,0.004033,497.0,0.004034,2.0
1753534617375,12:56:57.375,COS/USDT:USDT,0.004026,11.0,0.004025,5.0,0.004033,497.0,0.004034,2.0
1753534623671,12:57:03.671,COS/USDT:USDT,0.004026,11.0,0.004025,5.0,0.004033,497.0,0.004034,2.0
1753534629450,12:57:09.450,COS/USDT:USDT,0.004026,11.0,0.004025,5.0,0.004033,497.0,0.004034,2.0
1753534629484,12:57:09.484,COS/USDT:USDT,0.004026,11.0,0.004025,5.0,0.004033,497.0,0.004034,2.0
1753534667754,12:57:47.754,COS/USDT:USDT,0.004027,4.0,0.004026,11.0,0.004033,497.0,0.004034,2.0
1753534667762,12:57:47.762,COS/USDT:USDT,0.004028,4.0,0.004027,4.0,0.004033,497.0,0.004034,2.0
1753534668935,12:57:48.935,COS/USDT:USDT,0.004028,4.0,0.004027,4.0,0.004033,497.0,0.004034,2.0
1753534671783,12:57:51.783,COS/USDT:USDT,0.004028,4.0,0.004027,4.0,0.004033,497.0,0.004034,2.0
1753534673266,12:57:53.266,COS/USDT:USDT,0.004028,8.0,0.004027,4.0,0.004033,495.0,0.004038,5.0
1753534673442,12:57:53.442,COS/USDT:USDT,0.00403,59.0,0.004029,174.0,0.004033,495.0,0.004038,5.0
1753534673657,12:57:53.657,COS/USDT:USDT,0.00403,59.0,0.004029,174.0,0.004033,495.0,0.004038,5.0
1753534673818,12:57:53.818,COS/USDT:USDT,0.00403,59.0,0.004029,174.0,0.004033,495.0,0.004038,5.0
1753534674601,12:57:54.601,COS/USDT:USDT,0.00403,59.0,0.004029,174.0,0.004033,495.0,0.004038,5.0
1753534675019,12:57:55.019,COS/USDT:USDT,0.00403,59.0,0.004029,174.0,0.004033,495.0,0.004038,5.0
1753534675690,12:57:55.690,COS/USDT:USDT,0.00403,59.0,0.004029,174.0,0.004033,495.0,0.004038,5.0
1753534675838,12:57:55.838,COS/USDT:USDT,0.00403,59.0,0.004029,174.0,0.004033,495.0,0.004038,5.0
1753534676641,12:57:56.641,COS/USDT:USDT,0.00403,59.0,0.004029,174.0,0.004033,495.0,0.004038,5.0
1753534676854,12:57:56.854,COS/USDT:USDT,0.00403,59.0,0.004029,174.0,0.004033,495.0,0.004034,2.0
1753534677709,12:57:57.709,COS/USDT:USDT,0.00403,59.0,0.004029,174.0,0.004033,495.0,0.004034,2.0
1753534678035,12:57:58.035,COS/USDT:USDT,0.00403,59.0,0.004029,174.0,0.004033,495.0,0.004034,2.0
1753534678678,12:57:58.678,COS/USDT:USDT,0.00403,59.0,0.004029,174.0,0.004033,495.0,0.004034,2.0
1753534679073,12:57:59.073,COS/USDT:USDT,0.00403,59.0,0.004029,174.0,0.004033,495.0,0.004034,2.0
1753534684056,12:58:04.056,COS/USDT:USDT,0.00403,59.0,0.004029,174.0,0.004033,495.0,0.004034,4.0
1753534685551,12:58:05.551,COS/USDT:USDT,0.00403,59.0,0.004029,4.0,0.004033,495.0,0.004034,4.0
1753534685643,12:58:05.643,COS/USDT:USDT,0.004029,55.0,0.004028,172.0,0.004033,495.0,0.004034,4.0
1753534685946,12:58:05.946,COS/USDT:USDT,0.004029,55.0,0.004028,172.0,0.004033,495.0,0.004034,4.0
1753534686809,12:58:06.809,COS/USDT:USDT,0.004029,57.0,0.004028,172.0,0.004033,495.0,0.004034,4.0
1753534687169,12:58:07.169,COS/USDT:USDT,0.004029,57.0,0.004028,172.0,0.004033,495.0,0.004034,4.0
1753534690048,12:58:10.048,COS/USDT:USDT,0.004029,57.0,0.004028,172.0,0.004033,495.0,0.004034,2.0
1753534702247,12:58:22.247,COS/USDT:USDT,0.004029,57.0,0.004028,172.0,0.004033,497.0,0.004034,2.0
1753534703654,12:58:23.654,COS/USDT:USDT,0.004029,57.0,0.004028,172.0,0.004033,497.0,0.004034,2.0
1753534703688,12:58:23.688,COS/USDT:USDT,0.004029,57.0,0.004028,172.0,0.004033,497.0,0.004034,2.0
1753534704193,12:58:24.193,COS/USDT:USDT,0.004029,57.0,0.004028,172.0,0.004033,497.0,0.004034,2.0
1753534705755,12:58:25.755,COS/USDT:USDT,0.004029,57.0,0.004028,172.0,0.004033,497.0,0.004034,2.0
1753534705848,12:58:25.848,COS/USDT:USDT,0.004029,57.0,0.004028,172.0,0.004033,497.0,0.004034,2.0
1753534705888,12:58:25.888,COS/USDT:USDT,0.004029,57.0,0.004028,172.0,0.004033,497.0,0.004034,2.0
1753534712059,12:58:32.059,COS/USDT:USDT,0.004029,57.0,0.004028,172.0,0.004033,495.0,0.004034,2.0
1753534728624,12:58:48.624,COS/USDT:USDT,0.004029,57.0,0.004028,172.0,0.004033,497.0,0.004034,2.0
1753534738256,12:58:58.256,COS/USDT:USDT,0.004029,57.0,0.004028,172.0,0.004033,495.0,0.004034,2.0
1753534745556,12:59:05.556,COS/USDT:USDT,0.004029,57.0,0.004028,172.0,0.004033,497.0,0.004034,2.0
1753534752530,12:59:12.530,COS/USDT:USDT,0.004029,57.0,0.004028,172.0,0.004033,495.0,0.004034,2.0
1753534758148,12:59:18.148,COS/USDT:USDT,0.004029,61.0,0.004028,172.0,0.004033,495.0,0.004034,2.0
1753534758639,12:59:18.639,COS/USDT:USDT,0.004029,61.0,0.004028,172.0,0.004033,497.0,0.004034,2.0
1753534765509,12:59:25.509,COS/USDT:USDT,0.004029,61.0,0.004028,172.0,0.004033,495.0,0.004034,2.0
1753534792491,12:59:52.491,COS/USDT:USDT,0.004029,61.0,0.004028,172.0,0.004033,495.0,0.004034,2.0
1753534792727,12:59:52.727,COS/USDT:USDT,0.004029,61.0,0.004028,172.0,0.004033,495.0,0.004034,2.0
1753534794536,12:59:54.536,COS/USDT:USDT,0.004029,61.0,0.004028,172.0,0.004033,495.0,0.004034,2.0
1753534797591,12:59:57.591,COS/USDT:USDT,0.004029,61.0,0.004028,172.0,0.004033,497.0,0.004034,2.0
1753534802105,13:00:02.105,COS/USDT:USDT,0.004029,61.0,0.004028,172.0,0.004033,495.0,0.004034,2.0
1753534802608,13:00:02.608,COS/USDT:USDT,0.004029,61.0,0.004028,172.0,0.004033,493.0,0.004038,5.0
1753534802923,13:00:02.923,COS/USDT:USDT,0.004032,4.0,0.004031,5.0,0.00404,14.0,0.004041,14.0
1753534803027,13:00:03.027,COS/USDT:USDT,0.004032,4.0,0.004031,5.0,0.00404,14.0,0.004041,14.0
1753534803152,13:00:03.152,COS/USDT:USDT,0.004032,4.0,0.004031,5.0,0.00404,14.0,0.004041,14.0
1753534803257,13:00:03.257,COS/USDT:USDT,0.004032,4.0,0.004031,5.0,0.00404,14.0,0.004041,14.0
1753534803342,13:00:03.342,COS/USDT:USDT,0.004031,4.0,0.00403,5.0,0.00404,14.0,0.004041,14.0
1753534803456,13:00:03.456,COS/USDT:USDT,0.004031,4.0,0.00403,5.0,0.00404,14.0,0.004041,14.0
1753534803502,13:00:03.502,COS/USDT:USDT,0.004033,4.0,0.004032,5.0,0.00404,14.0,0.004041,14.0
1753534803594,13:00:03.594,COS/USDT:USDT,0.004033,4.0,0.004032,5.0,0.00404,14.0,0.004041,14.0
1753534803735,13:00:03.735,COS/USDT:USDT,0.004033,4.0,0.004032,5.0,0.00404,14.0,0.004041,14.0
1753534804022,13:00:04.022,COS/USDT:USDT,0.004033,4.0,0.004032,5.0,0.00404,14.0,0.004041,14.0
1753534804253,13:00:04.253,COS/USDT:USDT,0.00403,4.0,0.004025,5.0,0.004037,17.0,0.004038,15.0
1753534804323,13:00:04.323,COS/USDT:USDT,0.004028,4.0,0.004027,5.0,0.004037,17.0,0.004038,15.0
1753534804452,13:00:04.452,COS/USDT:USDT,0.004028,4.0,0.004027,5.0,0.004037,17.0,0.004038,15.0
1753534804475,13:00:04.475,COS/USDT:USDT,0.004028,4.0,0.004027,5.0,0.004037,17.0,0.004038,15.0
1753534804641,13:00:04.641,COS/USDT:USDT,0.00403,4.0,0.004029,5.0,0.004037,17.0,0.004038,15.0
1753534804756,13:00:04.756,COS/USDT:USDT,0.00403,4.0,0.004029,5.0,0.004036,5.0,0.004037,512.0
1753534804762,13:00:04.762,COS/USDT:USDT,0.00403,4.0,0.004029,5.0,0.004036,7.0,0.004037,512.0
1753534804876,13:00:04.876,COS/USDT:USDT,0.00403,4.0,0.004029,5.0,0.004036,7.0,0.004037,512.0
1753534805447,13:00:05.447,COS/USDT:USDT,0.00403,4.0,0.004027,5.0,0.004036,7.0,0.004037,512.0
1753534805490,13:00:05.490,COS/USDT:USDT,0.004028,4.0,0.004027,5.0,0.004036,7.0,0.004037,512.0
1753534805629,13:00:05.629,COS/USDT:USDT,0.004028,4.0,0.004027,5.0,0.004036,7.0,0.004037,512.0
1753534805737,13:00:05.737,COS/USDT:USDT,0.004028,4.0,0.004027,5.0,0.004036,7.0,0.004037,512.0
1753534805784,13:00:05.784,COS/USDT:USDT,0.004028,4.0,0.004027,5.0,0.004036,7.0,0.004037,512.0
1753534805939,13:00:05.939,COS/USDT:USDT,0.004028,9.0,0.004027,5.0,0.004036,7.0,0.004037,512.0
1753534806120,13:00:06.120,COS/USDT:USDT,0.004028,9.0,0.004027,5.0,0.004036,7.0,0.004037,512.0
1753534806354,13:00:06.354,COS/USDT:USDT,0.004028,9.0,0.004027,5.0,0.004036,17.0,0.004037,512.0
1753534806360,13:00:06.360,COS/USDT:USDT,0.004028,9.0,0.004027,5.0,0.004036,17.0,0.004037,512.0
1753534807601,13:00:07.601,COS/USDT:USDT,0.004028,9.0,0.004027,5.0,0.004036,17.0,0.004037,512.0
1753534808268,13:00:08.268,COS/USDT:USDT,0.004028,9.0,0.004027,5.0,0.004036,17.0,0.004037,512.0
1753534808377,13:00:08.377,COS/USDT:USDT,0.004028,9.0,0.004027,5.0,0.004036,512.0,0.004037,17.0
1753534809768,13:00:09.768,COS/USDT:USDT,0.004028,9.0,0.004027,5.0,0.004036,512.0,0.004037,17.0
1753534813446,13:00:13.446,COS/USDT:USDT,0.004028,9.0,0.004027,5.0,0.004035,5.0,0.004036,512.0
1753534813526,13:00:13.526,COS/USDT:USDT,0.004028,9.0,0.004027,5.0,0.004035,5.0,0.004036,512.0
1753534813778,13:00:13.778,COS/USDT:USDT,0.004028,9.0,0.004027,5.0,0.004035,5.0,0.004036,512.0
1753534814104,13:00:14.104,COS/USDT:USDT,0.004028,9.0,0.004025,5.0,0.004035,5.0,0.004036,512.0
1753534814245,13:00:14.245,COS/USDT:USDT,0.004028,9.0,0.004025,5.0,0.004035,5.0,0.004036,512.0
1753534815017,13:00:15.017,COS/USDT:USDT,0.004028,9.0,0.004025,5.0,0.004035,5.0,0.004036,512.0
1753534815752,13:00:15.752,COS/USDT:USDT,0.004028,9.0,0.004025,5.0,0.004035,5.0,0.004036,512.0
1753534815759,13:00:15.759,COS/USDT:USDT,0.004028,9.0,0.004025,5.0,0.004035,5.0,0.004036,512.0
1753534818242,13:00:18.242,COS/USDT:USDT,0.004026,4.0,0.004025,5.0,0.004034,15.0,0.004035,15.0
1753534818333,13:00:18.333,COS/USDT:USDT,0.004026,4.0,0.004025,5.0,0.004034,15.0,0.004035,67.0
1753534818450,13:00:18.450,COS/USDT:USDT,0.004026,4.0,0.004025,5.0,0.004034,15.0,0.004035,67.0
1753534818527,13:00:18.527,COS/USDT:USDT,0.004026,4.0,0.004025,5.0,0.004034,15.0,0.004035,67.0
1753534818562,13:00:18.562,COS/USDT:USDT,0.004026,4.0,0.004025,5.0,0.004034,15.0,0.004035,67.0
1753534818750,13:00:18.750,COS/USDT:USDT,0.004026,4.0,0.004025,5.0,0.004034,15.0,0.004035,67.0
1753534819133,13:00:19.133,COS/USDT:USDT,0.004026,4.0,0.004025,5.0,0.004034,15.0,0.004035,67.0
1753534820440,13:00:20.440,COS/USDT:USDT,0.004026,4.0,0.004025,5.0,0.004034,510.0,0.004035,67.0
1753534820460,13:00:20.460,COS/USDT:USDT,0.004026,4.0,0.004025,5.0,0.004034,510.0,0.004035,15.0
1753534820632,13:00:20.632,COS/USDT:USDT,0.004026,4.0,0.004025,5.0,0.004034,510.0,0.004035,15.0
1753534820722,13:00:20.722,COS/USDT:USDT,0.004026,4.0,0.004025,5.0,0.004034,510.0,0.004035,15.0
1753534821612,13:00:21.612,COS/USDT:USDT,0.004026,4.0,0.004025,5.0,0.004033,5.0,0.004034,510.0
1753534821955,13:00:21.955,COS/USDT:USDT,0.004026,4.0,0.004025,5.0,0.004033,5.0,0.004034,510.0
1753534822176,13:00:22.176,COS/USDT:USDT,0.004026,4.0,0.004025,5.0,0.004033,15.0,0.004034,510.0
1753534822800,13:00:22.800,COS/USDT:USDT,0.004026,4.0,0.004025,5.0,0.004033,15.0,0.004034,510.0
1753534823108,13:00:23.108,COS/USDT:USDT,0.004026,4.0,0.004025,5.0,0.004033,15.0,0.004034,510.0
1753534823458,13:00:23.458,COS/USDT:USDT,0.004026,4.0,0.004025,5.0,0.004033,510.0,0.004034,15.0
1753534823618,13:00:23.618,COS/USDT:USDT,0.004026,4.0,0.004025,5.0,0.004032,7.0,0.004033,510.0
1753534823693,13:00:23.693,COS/USDT:USDT,0.004026,4.0,0.004025,5.0,0.004032,7.0,0.004033,510.0
1753534824024,13:00:24.024,COS/USDT:USDT,0.004026,4.0,0.004025,5.0,0.004032,7.0,0.004033,510.0
1753534824924,13:00:24.924,COS/USDT:USDT,0.004026,4.0,0.004025,5.0,0.004032,7.0,0.004033,510.0
1753534826474,13:00:26.474,COS/USDT:USDT,0.004026,4.0,0.004025,5.0,0.004032,502.0,0.004033,15.0
1753534826853,13:00:26.853,COS/USDT:USDT,0.004026,4.0,0.004025,5.0,0.004032,502.0,0.004033,15.0
1753534828506,13:00:28.506,COS/USDT:USDT,0.004026,4.0,0.004025,5.0,0.004032,502.0,0.004033,15.0
1753534831803,13:00:31.803,COS/USDT:USDT,0.004026,4.0,0.004025,5.0,0.004032,502.0,0.004033,15.0
1753534832046,13:00:32.046,COS/USDT:USDT,0.004025,4.0,0.004023,4.0,0.004031,7.0,0.004032,502.0
1753534832104,13:00:32.104,COS/USDT:USDT,0.004024,4.0,0.004023,4.0,0.004031,7.0,0.004032,502.0
1753534832231,13:00:32.231,COS/USDT:USDT,0.004024,4.0,0.004023,4.0,0.004031,7.0,0.004032,502.0
1753534832506,13:00:32.506,COS/USDT:USDT,0.004024,4.0,0.004023,4.0,0.004031,502.0,0.004032,7.0
1753534832923,13:00:32.923,COS/USDT:USDT,0.004024,4.0,0.004023,4.0,0.004031,502.0,0.004032,7.0
1753534832988,13:00:32.988,COS/USDT:USDT,0.004024,4.0,0.004023,4.0,0.004031,502.0,0.004032,7.0
1753534833338,13:00:33.338,COS/USDT:USDT,0.004024,4.0,0.004023,4.0,0.004031,502.0,0.004032,7.0
1753534833786,13:00:33.786,COS/USDT:USDT,0.004024,4.0,0.004023,4.0,0.004031,502.0,0.004032,7.0
1753534837835,13:00:37.835,COS/USDT:USDT,0.004024,4.0,0.004023,4.0,0.004031,502.0,0.004032,7.0
1753534840518,13:00:40.518,COS/USDT:USDT,0.004024,4.0,0.004023,4.0,0.004031,502.0,0.004032,7.0
1753534840561,13:00:40.561,COS/USDT:USDT,0.004024,4.0,0.004023,4.0,0.004031,502.0,0.004032,7.0
1753534844773,13:00:44.773,COS/USDT:USDT,0.004024,4.0,0.004023,4.0,0.004031,502.0,0.004032,7.0
1753534848829,13:00:48.829,COS/USDT:USDT,0.004024,4.0,0.004023,4.0,0.004031,502.0,0.004032,7.0
1753534849055,13:00:49.055,COS/USDT:USDT,0.004024,4.0,0.004023,4.0,0.004031,502.0,0.004032,7.0
1753534850646,13:00:50.646,COS/USDT:USDT,0.004024,4.0,0.004023,4.0,0.004031,502.0,0.004032,7.0
1753534856267,13:00:56.267,COS/USDT:USDT,0.004024,4.0,0.004023,4.0,0.004031,502.0,0.004032,7.0
1753534857758,13:00:57.758,COS/USDT:USDT,0.004024,4.0,0.004023,4.0,0.004031,502.0,0.004032,7.0
1753534857932,13:00:57.932,COS/USDT:USDT,0.004024,4.0,0.004023,4.0,0.004031,502.0,0.004032,7.0
1753534888853,13:01:28.853,COS/USDT:USDT,0.004024,4.0,0.004023,4.0,0.00403,5.0,0.004031,502.0
1753534888955,13:01:28.955,COS/USDT:USDT,0.004021,10.0,0.00402,55.0,0.00403,15.0,0.004031,502.0
1753534889052,13:01:29.052,COS/USDT:USDT,0.004023,4.0,0.004022,5.0,0.00403,15.0,0.004031,502.0
1753534889373,13:01:29.373,COS/USDT:USDT,0.004023,4.0,0.004022,5.0,0.00403,15.0,0.004031,502.0
1753534889806,13:01:29.806,COS/USDT:USDT,0.004023,4.0,0.004022,5.0,0.00403,511.0,0.004031,7.0
1753534890190,13:01:30.190,COS/USDT:USDT,0.004023,4.0,0.004022,5.0,0.00403,511.0,0.004031,7.0
1753534890343,13:01:30.343,COS/USDT:USDT,0.004023,4.0,0.004022,5.0,0.00403,511.0,0.004031,7.0
1753534890613,13:01:30.613,COS/USDT:USDT,0.004023,4.0,0.004022,5.0,0.00403,511.0,0.004031,7.0
1753534890843,13:01:30.843,COS/USDT:USDT,0.004023,4.0,0.004022,5.0,0.00403,511.0,0.004031,7.0
1753534895501,13:01:35.501,COS/USDT:USDT,0.004023,4.0,0.004022,5.0,0.00403,511.0,0.004031,7.0
1753534900538,13:01:40.538,COS/USDT:USDT,0.004023,4.0,0.004022,5.0,0.00403,511.0,0.004031,7.0
1753534903015,13:01:43.015,COS/USDT:USDT,0.004023,4.0,0.004022,5.0,0.00403,511.0,0.004031,7.0
1753534904488,13:01:44.488,COS/USDT:USDT,0.004023,4.0,0.004022,5.0,0.00403,511.0,0.004031,7.0
1753534904729,13:01:44.729,COS/USDT:USDT,0.004023,4.0,0.004022,5.0,0.00403,511.0,0.004031,7.0
1753534908367,13:01:48.367,COS/USDT:USDT,0.004023,4.0,0.004022,5.0,0.00403,511.0,0.004031,7.0
1753534908501,13:01:48.501,COS/USDT:USDT,0.004023,4.0,0.004022,5.0,0.00403,511.0,0.004031,7.0
1753534910172,13:01:50.172,COS/USDT:USDT,0.004023,4.0,0.004022,5.0,0.00403,511.0,0.004031,7.0
1753534910387,13:01:50.387,COS/USDT:USDT,0.004023,4.0,0.004022,5.0,0.00403,511.0,0.004031,7.0
1753534912110,13:01:52.110,COS/USDT:USDT,0.004023,4.0,0.004022,5.0,0.00403,511.0,0.004031,7.0
1753534912259,13:01:52.259,COS/USDT:USDT,0.004023,4.0,0.004022,5.0,0.00403,511.0,0.004031,7.0
1753534912701,13:01:52.701,COS/USDT:USDT,0.004023,4.0,0.004022,5.0,0.00403,511.0,0.004031,7.0
1753534921258,13:02:01.258,COS/USDT:USDT,0.004023,12.0,0.004022,5.0,0.00403,511.0,0.004031,7.0
1753534921262,13:02:01.262,COS/USDT:USDT,0.004023,4.0,0.004022,5.0,0.00403,511.0,0.004031,7.0
1753534923247,13:02:03.247,COS/USDT:USDT,0.004022,4.0,0.004021,7.0,0.004029,6.0,0.00403,511.0
1753534923300,13:02:03.300,COS/USDT:USDT,0.004021,4.0,0.00402,55.0,0.004029,6.0,0.00403,511.0
1753534923439,13:02:03.439,COS/USDT:USDT,0.004021,4.0,0.00402,55.0,0.004029,6.0,0.00403,511.0
1753534923657,13:02:03.657,COS/USDT:USDT,0.004021,4.0,0.00402,55.0,0.004029,6.0,0.00403,511.0
1753534923661,13:02:03.661,COS/USDT:USDT,0.004021,4.0,0.00402,55.0,0.004029,6.0,0.00403,511.0
1753534924146,13:02:04.146,COS/USDT:USDT,0.004021,4.0,0.00402,55.0,0.004029,6.0,0.00403,511.0
1753534924160,13:02:04.160,COS/USDT:USDT,0.004021,4.0,0.00402,55.0,0.004029,57.0,0.00403,511.0
1753534924260,13:02:04.260,COS/USDT:USDT,0.004021,4.0,0.00402,55.0,0.004029,57.0,0.00403,511.0
1753534924550,13:02:04.550,COS/USDT:USDT,0.004021,4.0,0.00402,55.0,0.004029,57.0,0.00403,511.0
1753534924562,13:02:04.562,COS/USDT:USDT,0.004021,4.0,0.00402,55.0,0.004029,57.0,0.00403,511.0
1753534924952,13:02:04.952,COS/USDT:USDT,0.004021,4.0,0.00402,55.0,0.004029,57.0,0.00403,501.0
1753534926012,13:02:06.012,COS/USDT:USDT,0.004021,4.0,0.00402,55.0,0.004029,553.0,0.00403,5.0
1753534926172,13:02:06.172,COS/USDT:USDT,0.004021,4.0,0.00402,55.0,0.004029,553.0,0.00403,5.0
1753534926292,13:02:06.292,COS/USDT:USDT,0.004021,4.0,0.00402,55.0,0.004029,553.0,0.004032,5.0
1753534927388,13:02:07.388,COS/USDT:USDT,0.004021,4.0,0.00402,55.0,0.004029,553.0,0.004032,5.0
1753534928424,13:02:08.424,COS/USDT:USDT,0.004021,4.0,0.00402,55.0,0.004029,553.0,0.004032,5.0
1753534932901,13:02:12.901,COS/USDT:USDT,0.004023,6.0,0.004022,5.0,0.004029,496.0,0.004032,5.0
1753534933439,13:02:13.439,COS/USDT:USDT,0.004023,6.0,0.004022,5.0,0.004029,496.0,0.004032,5.0
1753534934942,13:02:14.942,COS/USDT:USDT,0.004023,2.0,0.004022,4.0,0.004029,496.0,0.004032,5.0
1753534936562,13:02:16.562,COS/USDT:USDT,0.004023,2.0,0.004022,4.0,0.004029,496.0,0.004032,5.0
1753534936664,13:02:16.664,COS/USDT:USDT,0.004023,2.0,0.004022,4.0,0.004029,496.0,0.004032,5.0
1753534940578,13:02:20.578,COS/USDT:USDT,0.004023,2.0,0.004022,4.0,0.004029,498.0,0.004032,5.0
1753534940671,13:02:20.671,COS/USDT:USDT,0.004023,2.0,0.004022,4.0,0.004029,498.0,0.004032,5.0
1753534945302,13:02:25.302,COS/USDT:USDT,0.004021,4.0,0.00402,55.0,0.004029,498.0,0.004032,5.0
1753534946349,13:02:26.349,COS/USDT:USDT,0.004021,4.0,0.00402,55.0,0.004029,498.0,0.004032,5.0
1753534948710,13:02:28.710,COS/USDT:USDT,0.004021,4.0,0.00402,55.0,0.004029,498.0,0.004032,5.0
1753534953945,13:02:33.945,COS/USDT:USDT,0.004021,4.0,0.00402,55.0,0.004028,4.0,0.004029,498.0
1753534954053,13:02:34.053,COS/USDT:USDT,0.004021,4.0,0.00402,51.0,0.004028,4.0,0.004029,498.0
1753534954063,13:02:34.063,COS/USDT:USDT,0.004021,4.0,0.00402,51.0,0.004028,4.0,0.004029,498.0
1753534954282,13:02:34.282,COS/USDT:USDT,0.004021,4.0,0.00402,51.0,0.004028,4.0,0.004029,498.0
1753534954456,13:02:34.456,COS/USDT:USDT,0.004021,4.0,0.00402,51.0,0.004028,4.0,0.004029,498.0
1753534960743,13:02:40.743,COS/USDT:USDT,0.004021,4.0,0.00402,51.0,0.004028,4.0,0.004029,498.0
1753534960941,13:02:40.941,COS/USDT:USDT,0.004021,4.0,0.00402,51.0,0.004028,4.0,0.004029,498.0
1753534962785,13:02:42.785,COS/USDT:USDT,0.004021,4.0,0.00402,51.0,0.004028,4.0,0.004029,498.0
1753534963747,13:02:43.747,COS/USDT:USDT,0.004021,4.0,0.00402,56.0,0.004028,4.0,0.004029,498.0
1753534963761,13:02:43.761,COS/USDT:USDT,0.004021,4.0,0.00402,56.0,0.004028,4.0,0.004029,496.0
1753534970058,13:02:50.058,COS/USDT:USDT,0.004021,4.0,0.00402,56.0,0.004029,496.0,0.004032,5.0
1753534970063,13:02:50.063,COS/USDT:USDT,0.004021,9.0,0.00402,56.0,0.004029,496.0,0.004032,5.0
1753534971420,13:02:51.420,COS/USDT:USDT,0.004021,9.0,0.00402,5.0,0.004029,496.0,0.004032,5.0
1753534971510,13:02:51.510,COS/USDT:USDT,0.004021,9.0,0.00402,5.0,0.004029,496.0,0.004032,5.0
1753534971851,13:02:51.851,COS/USDT:USDT,0.004021,9.0,0.00402,5.0,0.004029,496.0,0.004032,5.0
1753534972482,13:02:52.482,COS/USDT:USDT,0.004021,9.0,0.00402,5.0,0.004029,496.0,0.004032,5.0
1753534973522,13:02:53.522,COS/USDT:USDT,0.004021,9.0,0.004018,62.0,0.004029,496.0,0.004032,5.0
1753534973933,13:02:53.933,COS/USDT:USDT,0.004021,9.0,0.004018,62.0,0.004029,496.0,0.004032,5.0
1753534978508,13:02:58.508,COS/USDT:USDT,0.004021,9.0,0.004018,62.0,0.004029,496.0,0.004032,5.0
1753534979256,13:02:59.256,COS/USDT:USDT,0.004021,9.0,0.004018,62.0,0.004029,496.0,0.004032,5.0
1753534979338,13:02:59.338,COS/USDT:USDT,0.004021,9.0,0.004018,62.0,0.004029,496.0,0.004032,5.0
1753534980378,13:03:00.378,COS/USDT:USDT,0.004021,9.0,0.004018,62.0,0.004029,496.0,0.004032,5.0
1753534986531,13:03:06.531,COS/USDT:USDT,0.004021,9.0,0.004018,70.0,0.004029,496.0,0.004032,5.0
1753534988857,13:03:08.857,COS/USDT:USDT,0.004023,4.0,0.004022,5.0,0.004029,496.0,0.004032,5.0
1753534989272,13:03:09.272,COS/USDT:USDT,0.004023,4.0,0.004022,5.0,0.004029,496.0,0.004032,5.0
1753534989694,13:03:09.694,COS/USDT:USDT,0.004023,4.0,0.004022,5.0,0.004029,496.0,0.004032,5.0
1753534990642,13:03:10.642,COS/USDT:USDT,0.004022,4.0,0.004021,5.0,0.004029,496.0,0.004032,5.0
1753534990937,13:03:10.937,COS/USDT:USDT,0.004022,4.0,0.004021,5.0,0.004029,496.0,0.004032,5.0
1753534991336,13:03:11.336,COS/USDT:USDT,0.004022,4.0,0.004021,5.0,0.004029,496.0,0.004032,5.0
1753534993775,13:03:13.775,COS/USDT:USDT,0.004022,4.0,0.004021,5.0,0.004029,496.0,0.004032,5.0
1753534996781,13:03:16.781,COS/USDT:USDT,0.004022,4.0,0.004021,5.0,0.004029,496.0,0.004032,5.0
1753534997104,13:03:17.104,COS/USDT:USDT,0.004022,4.0,0.004021,5.0,0.004029,496.0,0.004032,5.0
1753534999465,13:03:19.465,COS/USDT:USDT,0.004022,4.0,0.004021,5.0,0.004029,496.0,0.004032,5.0
1753534999819,13:03:19.819,COS/USDT:USDT,0.004022,4.0,0.004021,5.0,0.004029,496.0,0.004032,5.0
1753535000673,13:03:20.673,COS/USDT:USDT,0.004022,4.0,0.004021,5.0,0.004029,496.0,0.004032,5.0
1753535022527,13:03:42.527,COS/USDT:USDT,0.004022,4.0,0.004021,5.0,0.004029,496.0,0.004032,5.0
1753535035129,13:03:55.129,COS/USDT:USDT,0.004022,4.0,0.004021,5.0,0.004029,496.0,0.004032,5.0
1753535038857,13:03:58.857,COS/USDT:USDT,0.004022,4.0,0.004021,5.0,0.004029,496.0,0.004032,5.0
1753535039008,13:03:59.008,COS/USDT:USDT,0.004022,9.0,0.004021,5.0,0.004029,496.0,0.004032,5.0
1753535039851,13:03:59.851,COS/USDT:USDT,0.004024,4.0,0.004023,5.0,0.004029,496.0,0.004032,5.0
1753535039864,13:03:59.864,COS/USDT:USDT,0.004024,4.0,0.004023,5.0,0.004029,498.0,0.004032,5.0
1753535040302,13:04:00.302,COS/USDT:USDT,0.004023,4.0,0.004022,5.0,0.004029,498.0,0.004032,5.0
1753535040563,13:04:00.563,COS/USDT:USDT,0.004023,4.0,0.004022,5.0,0.004029,498.0,0.004032,5.0
1753535041020,13:04:01.020,COS/USDT:USDT,0.004023,4.0,0.004022,5.0,0.004029,496.0,0.004032,5.0
1753535041084,13:04:01.084,COS/USDT:USDT,0.004023,4.0,0.004022,5.0,0.004029,496.0,0.004032,5.0
1753535041229,13:04:01.229,COS/USDT:USDT,0.004023,4.0,0.004022,5.0,0.004029,496.0,0.004032,5.0
1753535041799,13:04:01.799,COS/USDT:USDT,0.004023,9.0,0.004022,5.0,0.004029,496.0,0.004032,5.0
1753535042064,13:04:02.064,COS/USDT:USDT,0.004023,9.0,0.004022,5.0,0.004029,496.0,0.004032,5.0
1753535042438,13:04:02.438,COS/USDT:USDT,0.004023,9.0,0.004021,5.0,0.004029,496.0,0.004032,5.0
1753535042841,13:04:02.841,COS/USDT:USDT,0.004025,4.0,0.004024,9.0,0.004029,496.0,0.004033,10.0
1753535043414,13:04:03.414,COS/USDT:USDT,0.004025,4.0,0.004024,9.0,0.004029,496.0,0.004033,10.0
1753535043519,13:04:03.519,COS/USDT:USDT,0.004025,4.0,0.004024,9.0,0.004029,496.0,0.004033,10.0
1753535043679,13:04:03.679,COS/USDT:USDT,0.004025,4.0,0.004024,9.0,0.004029,496.0,0.004033,10.0
1753535043871,13:04:03.871,COS/USDT:USDT,0.004025,4.0,0.004024,9.0,0.004029,496.0,0.004033,10.0
1753535044504,13:04:04.504,COS/USDT:USDT,0.004025,4.0,0.004024,9.0,0.004029,496.0,0.004033,10.0
1753535044669,13:04:04.669,COS/USDT:USDT,0.004025,4.0,0.004024,9.0,0.004029,496.0,0.004033,10.0
1753535044998,13:04:04.998,COS/USDT:USDT,0.004025,4.0,0.004024,9.0,0.004029,496.0,0.004033,10.0
1753535045321,13:04:05.321,COS/USDT:USDT,0.004025,4.0,0.004024,9.0,0.004029,496.0,0.004033,10.0
1753535045592,13:04:05.592,COS/USDT:USDT,0.004025,4.0,0.004024,9.0,0.004029,496.0,0.004033,10.0
1753535045680,13:04:05.680,COS/USDT:USDT,0.004025,4.0,0.004024,9.0,0.004029,496.0,0.004033,10.0
1753535046496,13:04:06.496,COS/USDT:USDT,0.004025,4.0,0.004024,9.0,0.004029,496.0,0.004033,10.0
1753535046815,13:04:06.815,COS/USDT:USDT,0.004025,4.0,0.004024,9.0,0.004029,496.0,0.004033,10.0
1753535047499,13:04:07.499,COS/USDT:USDT,0.004025,4.0,0.004024,9.0,0.004029,393.0,0.004033,14.0
1753535048011,13:04:08.011,COS/USDT:USDT,0.004025,4.0,0.004024,9.0,0.004029,393.0,0.004033,14.0
1753535048097,13:04:08.097,COS/USDT:USDT,0.004025,4.0,0.004024,9.0,0.004029,393.0,0.004032,4.0
1753535048202,13:04:08.202,COS/USDT:USDT,0.004025,4.0,0.004024,9.0,0.004029,393.0,0.004032,4.0
1753535048317,13:04:08.317,COS/USDT:USDT,0.004025,4.0,0.004024,9.0,0.004029,393.0,0.004032,4.0
1753535048670,13:04:08.670,COS/USDT:USDT,0.004025,4.0,0.004024,9.0,0.004029,393.0,0.004032,4.0
1753535049138,13:04:09.138,COS/USDT:USDT,0.004025,4.0,0.004024,9.0,0.004029,393.0,0.004033,10.0
1753535049242,13:04:09.242,COS/USDT:USDT,0.004025,4.0,0.004024,9.0,0.004029,393.0,0.004032,4.0
1753535049346,13:04:09.346,COS/USDT:USDT,0.004025,4.0,0.004024,9.0,0.004029,393.0,0.004032,4.0
1753535049451,13:04:09.451,COS/USDT:USDT,0.004025,4.0,0.004024,9.0,0.004029,393.0,0.004031,4.0
1753535049515,13:04:09.515,COS/USDT:USDT,0.004025,4.0,0.004024,9.0,0.004029,393.0,0.004031,4.0
1753535049827,13:04:09.827,COS/USDT:USDT,0.004025,4.0,0.004024,9.0,0.004029,393.0,0.004033,10.0
1753535049867,13:04:09.867,COS/USDT:USDT,0.004025,4.0,0.004024,9.0,0.004029,393.0,0.004031,4.0
1753535050805,13:04:10.805,COS/USDT:USDT,0.004025,4.0,0.004024,9.0,0.004029,393.0,0.004033,10.0
1753535050859,13:04:10.859,COS/USDT:USDT,0.004025,4.0,0.004024,9.0,0.004029,393.0,0.004032,4.0
1753535051013,13:04:11.013,COS/USDT:USDT,0.004025,4.0,0.004024,9.0,0.004029,393.0,0.004032,4.0
1753535051101,13:04:11.101,COS/USDT:USDT,0.004025,4.0,0.004024,9.0,0.004029,393.0,0.004032,4.0
1753535051339,13:04:11.339,COS/USDT:USDT,0.004028,73.0,0.004026,4.0,0.004033,10.0,0.004034,14.0
1753535051441,13:04:11.441,COS/USDT:USDT,0.004029,4.0,0.004028,73.0,0.004033,10.0,0.004034,14.0
1753535051525,13:04:11.525,COS/USDT:USDT,0.004029,4.0,0.004028,73.0,0.004033,10.0,0.004034,4.0
1753535051644,13:04:11.644,COS/USDT:USDT,0.004029,4.0,0.004028,73.0,0.004033,10.0,0.004034,4.0
1753535051674,13:04:11.674,COS/USDT:USDT,0.004029,4.0,0.004028,73.0,0.004033,10.0,0.004034,4.0
1753535052600,13:04:12.600,COS/USDT:USDT,0.004029,4.0,0.004028,73.0,0.004033,10.0,0.004034,4.0
1753535052746,13:04:12.746,COS/USDT:USDT,0.004029,4.0,0.004028,73.0,0.004033,10.0,0.004034,4.0
1753535052856,13:04:12.856,COS/USDT:USDT,0.004029,4.0,0.004028,73.0,0.004033,10.0,0.004034,4.0
1753535053003,13:04:13.003,COS/USDT:USDT,0.004029,4.0,0.004028,73.0,0.004033,10.0,0.004034,4.0
1753535053164,13:04:13.164,COS/USDT:USDT,0.004029,4.0,0.004028,73.0,0.004033,10.0,0.004034,4.0
1753535053572,13:04:13.572,COS/USDT:USDT,0.004029,4.0,0.004028,73.0,0.004033,12.0,0.004034,4.0
1753535053827,13:04:13.827,COS/USDT:USDT,0.004029,4.0,0.004028,73.0,0.004033,12.0,0.004034,4.0
1753535053988,13:04:13.988,COS/USDT:USDT,0.004029,4.0,0.004028,73.0,0.004033,12.0,0.004034,4.0
1753535054249,13:04:14.249,COS/USDT:USDT,0.004029,4.0,0.004028,73.0,0.004033,12.0,0.004036,10.0
1753535054303,13:04:14.303,COS/USDT:USDT,0.004029,4.0,0.004028,73.0,0.004033,12.0,0.004035,4.0
1753535054491,13:04:14.491,COS/USDT:USDT,0.004029,4.0,0.004028,73.0,0.004033,2.0,0.004035,4.0
1753535054742,13:04:14.742,COS/USDT:USDT,0.004026,4.0,0.004025,4.0,0.004033,2.0,0.004035,4.0
1753535054811,13:04:14.811,COS/USDT:USDT,0.004026,4.0,0.004025,4.0,0.004033,2.0,0.004034,4.0
1753535054873,13:04:14.873,COS/USDT:USDT,0.004026,4.0,0.004025,4.0,0.004033,2.0,0.004034,4.0
1753535055029,13:04:15.029,COS/USDT:USDT,0.004026,4.0,0.004025,4.0,0.004033,2.0,0.004035,4.0
1753535055186,13:04:15.186,COS/USDT:USDT,0.004026,4.0,0.004025,4.0,0.004033,2.0,0.004034,4.0
1753535055345,13:04:15.345,COS/USDT:USDT,0.004025,174.0,0.004024,5.0,0.004033,2.0,0.004034,4.0
1753535055403,13:04:15.403,COS/USDT:USDT,0.004027,4.0,0.004026,52.0,0.004033,2.0,0.004035,4.0
1753535055623,13:04:15.623,COS/USDT:USDT,0.004027,4.0,0.004026,52.0,0.004033,2.0,0.004035,4.0
1753535056458,13:04:16.458,COS/USDT:USDT,0.004027,4.0,0.004026,52.0,0.004033,2.0,0.004035,4.0
1753535056747,13:04:16.747,COS/USDT:USDT,0.004027,4.0,0.004026,52.0,0.004033,2.0,0.004035,4.0
1753535056905,13:04:16.905,COS/USDT:USDT,0.004027,4.0,0.004026,52.0,0.004033,2.0,0.004035,4.0
1753535057441,13:04:17.441,COS/USDT:USDT,0.004027,4.0,0.004026,52.0,0.004033,2.0,0.004035,4.0
1753535059038,13:04:19.038,COS/USDT:USDT,0.004027,4.0,0.004026,52.0,0.004033,2.0,0.004036,10.0
1753535059091,13:04:19.091,COS/USDT:USDT,0.004027,4.0,0.004026,52.0,0.004033,2.0,0.004036,14.0
1753535059751,13:04:19.751,COS/USDT:USDT,0.004027,4.0,0.004026,52.0,0.004033,2.0,0.004036,14.0
1753535063927,13:04:23.927,COS/USDT:USDT,0.004027,4.0,0.004026,52.0,0.004033,2.0,0.004036,10.0
1753535064031,13:04:24.031,COS/USDT:USDT,0.004027,4.0,0.004026,52.0,0.004033,2.0,0.004036,14.0
1753535064135,13:04:24.135,COS/USDT:USDT,0.004027,4.0,0.004026,52.0,0.004033,2.0,0.004036,14.0
1753535065438,13:04:25.438,COS/USDT:USDT,0.004027,4.0,0.004026,52.0,0.004033,2.0,0.004036,10.0
1753535068307,13:04:28.307,COS/USDT:USDT,0.004027,4.0,0.004026,52.0,0.004033,2.0,0.004036,10.0
1753535068357,13:04:28.357,COS/USDT:USDT,0.004027,4.0,0.004026,52.0,0.004033,2.0,0.004036,10.0
1753535069704,13:04:29.704,COS/USDT:USDT,0.004027,4.0,0.004026,57.0,0.004033,2.0,0.004036,10.0
1753535077282,13:04:37.282,COS/USDT:USDT,0.004027,4.0,0.004026,57.0,0.004033,2.0,0.004036,14.0
1753535077386,13:04:37.386,COS/USDT:USDT,0.004027,4.0,0.004026,57.0,0.004033,2.0,0.004036,14.0
1753535083651,13:04:43.651,COS/USDT:USDT,0.004027,4.0,0.004026,57.0,0.004033,2.0,0.004035,4.0
1753535083757,13:04:43.757,COS/USDT:USDT,0.004027,4.0,0.004026,57.0,0.004033,2.0,0.004035,4.0
1753535084702,13:04:44.702,COS/USDT:USDT,0.004027,4.0,0.004026,57.0,0.004033,2.0,0.004035,4.0
1753535093619,13:04:53.619,COS/USDT:USDT,0.004027,4.0,0.004026,57.0,0.004033,2.0,0.004034,4.0
1753535093672,13:04:53.672,COS/USDT:USDT,0.004027,4.0,0.004026,57.0,0.004033,2.0,0.004034,4.0
1753535102912,13:05:02.912,COS/USDT:USDT,0.004027,4.0,0.004026,57.0,0.004033,2.0,0.004036,10.0
1753535103068,13:05:03.068,COS/USDT:USDT,0.004027,4.0,0.004026,57.0,0.004033,2.0,0.004034,4.0
1753535128843,13:05:28.843,COS/USDT:USDT,0.004027,4.0,0.004024,5.0,0.004033,7.0,0.004034,4.0
1753535128881,13:05:28.881,COS/USDT:USDT,0.004025,4.0,0.004023,10.0,0.004033,7.0,0.004034,4.0
1753535129120,13:05:29.120,COS/USDT:USDT,0.004024,4.0,0.004023,10.0,0.004032,5.0,0.004033,7.0
1753535129233,13:05:29.233,COS/USDT:USDT,0.004024,4.0,0.004023,10.0,0.004032,5.0,0.004033,7.0
1753535129340,13:05:29.340,COS/USDT:USDT,0.004024,4.0,0.004023,10.0,0.004032,5.0,0.004033,11.0
1753535129445,13:05:29.445,COS/USDT:USDT,0.004024,7.0,0.004023,10.0,0.004028,32.0,0.004029,7.0
1753535129548,13:05:29.548,COS/USDT:USDT,0.004024,7.0,0.004023,10.0,0.004028,32.0,0.004029,7.0
1753535129656,13:05:29.656,COS/USDT:USDT,0.004024,7.0,0.004023,10.0,0.004028,32.0,0.004029,7.0
1753535129734,13:05:29.734,COS/USDT:USDT,0.004024,7.0,0.004023,10.0,0.004028,32.0,0.004029,7.0
1753535129833,13:05:29.833,COS/USDT:USDT,0.004024,7.0,0.004023,10.0,0.004028,32.0,0.004029,7.0
1753535130355,13:05:30.355,COS/USDT:USDT,0.004024,7.0,0.004023,10.0,0.004028,32.0,0.004029,7.0
1753535130672,13:05:30.672,COS/USDT:USDT,0.004024,7.0,0.004023,10.0,0.004028,32.0,0.004029,7.0
1753535130775,13:05:30.775,COS/USDT:USDT,0.004024,10.0,0.004023,10.0,0.004029,4.0,0.004031,4.0
1753535130900,13:05:30.900,COS/USDT:USDT,0.004024,10.0,0.004023,10.0,0.004029,4.0,0.004031,4.0
1753535131101,13:05:31.101,COS/USDT:USDT,0.004024,10.0,0.004023,10.0,0.004029,4.0,0.004031,4.0
1753535131922,13:05:31.922,COS/USDT:USDT,0.004024,7.0,0.004023,10.0,0.004029,7.0,0.004031,4.0
1753535132025,13:05:32.025,COS/USDT:USDT,0.004024,4.0,0.004023,10.0,0.004029,10.0,0.004031,4.0
1753535132416,13:05:32.416,COS/USDT:USDT,0.004024,4.0,0.004023,10.0,0.004029,10.0,0.00403,4.0
1753535132469,13:05:32.469,COS/USDT:USDT,0.004024,4.0,0.004023,10.0,0.004029,10.0,0.00403,4.0
1753535132744,13:05:32.744,COS/USDT:USDT,0.004024,4.0,0.004023,10.0,0.004029,10.0,0.00403,4.0
1753535134036,13:05:34.036,COS/USDT:USDT,0.004024,7.0,0.004023,10.0,0.004029,7.0,0.00403,4.0
1753535140500,13:05:40.500,COS/USDT:USDT,0.004024,4.0,0.004023,10.0,0.004029,10.0,0.00403,4.0
1753535140833,13:05:40.833,COS/USDT:USDT,0.004024,4.0,0.004023,10.0,0.004029,10.0,0.00403,4.0
1753535141610,13:05:41.610,COS/USDT:USDT,0.004024,4.0,0.004023,10.0,0.004029,10.0,0.00403,4.0
1753535142483,13:05:42.483,COS/USDT:USDT,0.004024,4.0,0.004023,10.0,0.004029,6.0,0.00403,4.0
1753535142585,13:05:42.585,COS/USDT:USDT,0.004024,7.0,0.004023,10.0,0.004029,6.0,0.00403,4.0
1753535143343,13:05:43.343,COS/USDT:USDT,0.004024,7.0,0.004023,10.0,0.004029,6.0,0.00403,4.0
1753535143360,13:05:43.360,COS/USDT:USDT,0.004024,7.0,0.004023,10.0,0.004029,6.0,0.00403,4.0
1753535143556,13:05:43.556,COS/USDT:USDT,0.004024,7.0,0.004022,10.0,0.004029,6.0,0.00403,4.0
1753535143679,13:05:43.679,COS/USDT:USDT,0.004024,7.0,0.004022,10.0,0.004029,6.0,0.00403,4.0
1753535143892,13:05:43.892,COS/USDT:USDT,0.004024,7.0,0.004022,10.0,0.004029,6.0,0.00403,4.0
1753535144547,13:05:44.547,COS/USDT:USDT,0.004024,7.0,0.004022,10.0,0.004029,6.0,0.00403,4.0
1753535144907,13:05:44.907,COS/USDT:USDT,0.004024,7.0,0.004022,10.0,0.004029,6.0,0.00403,4.0
1753535145377,13:05:45.377,COS/USDT:USDT,0.004024,7.0,0.004022,10.0,0.004029,6.0,0.00403,4.0
1753535145540,13:05:45.540,COS/USDT:USDT,0.004024,7.0,0.004022,10.0,0.004029,6.0,0.00403,4.0
1753535147622,13:05:47.622,COS/USDT:USDT,0.004023,4.0,0.004022,10.0,0.004028,32.0,0.004029,10.0
1753535147687,13:05:47.687,COS/USDT:USDT,0.004023,4.0,0.004022,10.0,0.004028,32.0,0.004029,10.0
1753535148498,13:05:48.498,COS/USDT:USDT,0.004023,4.0,0.004022,10.0,0.004028,32.0,0.004029,10.0
1753535148945,13:05:48.945,COS/USDT:USDT,0.004023,4.0,0.004022,10.0,0.004028,32.0,0.004029,10.0
1753535156903,13:05:56.903,COS/USDT:USDT,0.004023,4.0,0.004022,10.0,0.004028,32.0,0.004029,10.0
1753535160198,13:06:00.198,COS/USDT:USDT,0.004023,7.0,0.004022,10.0,0.004028,32.0,0.004029,10.0
1753535163054,13:06:03.054,COS/USDT:USDT,0.004023,4.0,0.004022,10.0,0.004028,32.0,0.004029,10.0
1753535163101,13:06:03.101,COS/USDT:USDT,0.004023,4.0,0.004022,10.0,0.004027,38.0,0.004028,4.0
1753535163181,13:06:03.181,COS/USDT:USDT,0.004023,4.0,0.004022,10.0,0.004027,38.0,0.004028,4.0
1753535163350,13:06:03.350,COS/USDT:USDT,0.00402,4.0,0.004019,10.0,0.004026,32.0,0.004027,7.0
1753535163439,13:06:03.439,COS/USDT:USDT,0.00402,4.0,0.004019,10.0,0.004026,32.0,0.004027,7.0
1753535163861,13:06:03.861,COS/USDT:USDT,0.00402,4.0,0.004019,10.0,0.004026,32.0,0.004027,7.0
1753535164142,13:06:04.142,COS/USDT:USDT,0.00402,4.0,0.004019,10.0,0.004026,32.0,0.004027,7.0
1753535164162,13:06:04.162,COS/USDT:USDT,0.00402,4.0,0.004019,10.0,0.004026,32.0,0.004027,7.0
1753535164283,13:06:04.283,COS/USDT:USDT,0.00402,4.0,0.004019,10.0,0.004026,32.0,0.004027,7.0
1753535164800,13:06:04.800,COS/USDT:USDT,0.00402,4.0,0.004019,10.0,0.004026,32.0,0.004027,7.0
1753535164861,13:06:04.861,COS/USDT:USDT,0.00402,4.0,0.004019,10.0,0.004026,32.0,0.004027,7.0
1753535166455,13:06:06.455,COS/USDT:USDT,0.00402,7.0,0.004019,10.0,0.004024,29.0,0.004025,32.0
1753535166525,13:06:06.525,COS/USDT:USDT,0.00402,7.0,0.004019,10.0,0.004024,29.0,0.004025,7.0
1753535166732,13:06:06.732,COS/USDT:USDT,0.00402,7.0,0.004019,10.0,0.004024,29.0,0.004025,7.0
