timestamp,time,symbol,bid1_price,bid1_volume,bid2_price,bid2_volume,ask1_price,ask1_volume,ask2_price,ask2_volume
1753533019000,12:30:19.000,CHZ/USDT:USDT,0.04247,18.0,0.04246,141.0,0.04249,17.0,0.0425,73.0
1753533019846,12:30:19.846,CHZ/USDT:USDT,0.04247,17.0,0.04246,141.0,0.04249,17.0,0.0425,73.0
1753533020049,12:30:20.049,CHZ/USDT:USDT,0.04247,17.0,0.04246,141.0,0.04249,17.0,0.0425,73.0
1753533020830,12:30:20.830,CHZ/USDT:USDT,0.04247,18.0,0.04246,141.0,0.04249,17.0,0.0425,73.0
1753533021473,12:30:21.473,CHZ/USDT:USDT,0.04247,17.0,0.04246,141.0,0.04249,17.0,0.0425,73.0
1753533021530,12:30:21.530,CHZ/USDT:USDT,0.04247,18.0,0.04246,141.0,0.04249,17.0,0.0425,73.0
1753533022115,12:30:22.115,CHZ/USDT:USDT,0.04247,17.0,0.04246,141.0,0.04249,17.0,0.0425,73.0
1753533022554,12:30:22.554,CHZ/USDT:USDT,0.04247,18.0,0.04246,141.0,0.04249,17.0,0.0425,73.0
1753533023347,12:30:23.347,CHZ/USDT:USDT,0.04247,17.0,0.04246,141.0,0.04249,17.0,0.0425,73.0
1753533023394,12:30:23.394,CHZ/USDT:USDT,0.04247,18.0,0.04246,141.0,0.04249,17.0,0.0425,73.0
1753533023934,12:30:23.934,CHZ/USDT:USDT,0.04246,89.0,0.04245,176.0,0.04248,17.0,0.04249,17.0
1753533024078,12:30:24.078,CHZ/USDT:USDT,0.04246,89.0,0.04245,176.0,0.04249,17.0,0.0425,73.0
1753533024088,12:30:24.088,CHZ/USDT:USDT,0.04246,89.0,0.04245,176.0,0.04249,17.0,0.0425,73.0
1753533024501,12:30:24.501,CHZ/USDT:USDT,0.04246,89.0,0.04245,176.0,0.04249,17.0,0.0425,73.0
1753533026169,12:30:26.169,CHZ/USDT:USDT,0.04246,89.0,0.04245,176.0,0.04249,17.0,0.0425,73.0
1753533026190,12:30:26.190,CHZ/USDT:USDT,0.04246,89.0,0.04245,176.0,0.04249,17.0,0.0425,73.0
1753533026329,12:30:26.329,CHZ/USDT:USDT,0.04246,89.0,0.04245,176.0,0.04249,17.0,0.0425,73.0
1753533028335,12:30:28.335,CHZ/USDT:USDT,0.04246,89.0,0.04245,176.0,0.04249,17.0,0.0425,73.0
1753533029920,12:30:29.920,CHZ/USDT:USDT,0.04247,19.0,0.04246,88.0,0.04249,17.0,0.0425,73.0
1753533030603,12:30:30.603,CHZ/USDT:USDT,0.04247,17.0,0.04246,88.0,0.04249,17.0,0.0425,73.0
1753533030779,12:30:30.779,CHZ/USDT:USDT,0.04246,88.0,0.04245,176.0,0.04249,17.0,0.0425,73.0
1753533031665,12:30:31.665,CHZ/USDT:USDT,0.04246,88.0,0.04245,57.0,0.04249,17.0,0.0425,73.0
1753533032056,12:30:32.056,CHZ/USDT:USDT,0.04246,88.0,0.04245,57.0,0.04249,17.0,0.0425,73.0
1753533032159,12:30:32.159,CHZ/USDT:USDT,0.04246,88.0,0.04245,57.0,0.04249,17.0,0.0425,73.0
1753533033294,12:30:33.294,CHZ/USDT:USDT,0.04246,88.0,0.04245,57.0,0.04249,17.0,0.0425,73.0
1753533033776,12:30:33.776,CHZ/USDT:USDT,0.04246,88.0,0.04245,57.0,0.04249,17.0,0.0425,73.0
1753533034157,12:30:34.157,CHZ/USDT:USDT,0.04246,88.0,0.04245,57.0,0.04249,17.0,0.0425,73.0
1753533034327,12:30:34.327,CHZ/USDT:USDT,0.04246,88.0,0.04245,16.0,0.04249,17.0,0.0425,73.0
1753533034592,12:30:34.592,CHZ/USDT:USDT,0.04246,88.0,0.04245,16.0,0.04249,17.0,0.0425,73.0
1753533036433,12:30:36.433,CHZ/USDT:USDT,0.04245,16.0,0.04244,41.0,0.04249,17.0,0.0425,73.0
1753533036614,12:30:36.614,CHZ/USDT:USDT,0.04245,16.0,0.04244,41.0,0.04249,17.0,0.0425,73.0
1753533037268,12:30:37.268,CHZ/USDT:USDT,0.04245,16.0,0.04244,41.0,0.04249,17.0,0.0425,73.0
1753533038472,12:30:38.472,CHZ/USDT:USDT,0.04245,16.0,0.04244,41.0,0.04249,17.0,0.0425,73.0
1753533038490,12:30:38.490,CHZ/USDT:USDT,0.04245,16.0,0.04244,58.0,0.04249,17.0,0.0425,73.0
1753533038636,12:30:38.636,CHZ/USDT:USDT,0.04245,16.0,0.04244,58.0,0.04249,17.0,0.0425,73.0
1753533039137,12:30:39.137,CHZ/USDT:USDT,0.04245,16.0,0.04244,58.0,0.04249,17.0,0.0425,73.0
1753533039429,12:30:39.429,CHZ/USDT:USDT,0.04245,85.0,0.04244,58.0,0.04249,17.0,0.0425,73.0
1753533039774,12:30:39.774,CHZ/USDT:USDT,0.04245,85.0,0.04244,58.0,0.04249,17.0,0.0425,73.0
1753533039868,12:30:39.868,CHZ/USDT:USDT,0.04246,17.0,0.04245,85.0,0.04249,17.0,0.0425,73.0
1753533040070,12:30:40.070,CHZ/USDT:USDT,0.04246,17.0,0.04245,85.0,0.04249,18.0,0.0425,73.0
1753533040092,12:30:40.092,CHZ/USDT:USDT,0.04246,17.0,0.04245,85.0,0.04248,18.0,0.04249,18.0
1753533040407,12:30:40.407,CHZ/USDT:USDT,0.04246,17.0,0.04245,85.0,0.04248,18.0,0.04249,18.0
1753533040521,12:30:40.521,CHZ/USDT:USDT,0.04246,19.0,0.04245,85.0,0.04248,17.0,0.04249,18.0
1753533041049,12:30:41.049,CHZ/USDT:USDT,0.04246,18.0,0.04245,85.0,0.04248,17.0,0.04249,18.0
1753533041293,12:30:41.293,CHZ/USDT:USDT,0.04246,17.0,0.04245,85.0,0.04248,18.0,0.04249,18.0
1753533041568,12:30:41.568,CHZ/USDT:USDT,0.04246,17.0,0.04245,85.0,0.04248,17.0,0.04249,18.0
1753533042390,12:30:42.390,CHZ/USDT:USDT,0.04246,17.0,0.04245,85.0,0.04248,18.0,0.04249,18.0
1753533042868,12:30:42.868,CHZ/USDT:USDT,0.04245,85.0,0.04244,58.0,0.04247,17.0,0.04248,17.0
1753533042968,12:30:42.968,CHZ/USDT:USDT,0.04245,86.0,0.04244,58.0,0.04247,17.0,0.04248,17.0
1753533042994,12:30:42.994,CHZ/USDT:USDT,0.04245,86.0,0.04244,58.0,0.04249,17.0,0.0425,73.0
1753533043845,12:30:43.845,CHZ/USDT:USDT,0.04245,86.0,0.04244,58.0,0.04249,17.0,0.0425,73.0
1753533043936,12:30:43.936,CHZ/USDT:USDT,0.04245,86.0,0.04244,58.0,0.04249,17.0,0.0425,73.0
1753533044184,12:30:44.184,CHZ/USDT:USDT,0.04245,86.0,0.04244,58.0,0.04249,17.0,0.0425,73.0
1753533044375,12:30:44.375,CHZ/USDT:USDT,0.04245,86.0,0.04244,58.0,0.0425,86.0,0.04251,119.0
1753533044388,12:30:44.388,CHZ/USDT:USDT,0.04245,86.0,0.04244,58.0,0.04249,17.0,0.0425,86.0
1753533046172,12:30:46.172,CHZ/USDT:USDT,0.04245,86.0,0.04244,58.0,0.04249,17.0,0.0425,86.0
1753533046188,12:30:46.188,CHZ/USDT:USDT,0.04245,86.0,0.04244,58.0,0.04249,17.0,0.0425,86.0
1753533046349,12:30:46.349,CHZ/USDT:USDT,0.04245,17.0,0.04244,58.0,0.04249,17.0,0.0425,86.0
1753533047348,12:30:47.348,CHZ/USDT:USDT,0.04245,16.0,0.04244,58.0,0.04249,17.0,0.0425,86.0
1753533047447,12:30:47.447,CHZ/USDT:USDT,0.04245,16.0,0.04244,58.0,0.04249,17.0,0.0425,86.0
1753533047568,12:30:47.568,CHZ/USDT:USDT,0.04245,16.0,0.04244,58.0,0.04249,17.0,0.0425,86.0
1753533047592,12:30:47.592,CHZ/USDT:USDT,0.04245,16.0,0.04244,58.0,0.04249,17.0,0.0425,86.0
1753533047863,12:30:47.863,CHZ/USDT:USDT,0.04245,16.0,0.04244,58.0,0.04249,17.0,0.0425,86.0
1753533048628,12:30:48.628,CHZ/USDT:USDT,0.04245,16.0,0.04244,58.0,0.04249,17.0,0.0425,86.0
1753533048688,12:30:48.688,CHZ/USDT:USDT,0.04245,16.0,0.04244,58.0,0.04249,17.0,0.0425,86.0
1753533048848,12:30:48.848,CHZ/USDT:USDT,0.04245,85.0,0.04244,58.0,0.04249,17.0,0.0425,86.0
1753533049468,12:30:49.468,CHZ/USDT:USDT,0.04245,86.0,0.04244,58.0,0.04247,17.0,0.04248,17.0
1753533049582,12:30:49.582,CHZ/USDT:USDT,0.04245,86.0,0.04244,58.0,0.04247,17.0,0.04248,17.0
1753533049629,12:30:49.629,CHZ/USDT:USDT,0.04245,86.0,0.04244,58.0,0.04249,17.0,0.0425,86.0
1753533050018,12:30:50.018,CHZ/USDT:USDT,0.04245,86.0,0.04244,58.0,0.04249,17.0,0.0425,86.0
1753533050179,12:30:50.179,CHZ/USDT:USDT,0.04245,86.0,0.04244,58.0,0.04248,17.0,0.04249,19.0
1753533050248,12:30:50.248,CHZ/USDT:USDT,0.04245,87.0,0.04244,58.0,0.04248,17.0,0.04249,17.0
1753533050332,12:30:50.332,CHZ/USDT:USDT,0.04245,87.0,0.04244,58.0,0.04249,17.0,0.0425,86.0
1753533050932,12:30:50.932,CHZ/USDT:USDT,0.04246,19.0,0.04245,85.0,0.04248,17.0,0.04249,17.0
1753533051084,12:30:51.084,CHZ/USDT:USDT,0.04246,18.0,0.04245,85.0,0.04249,18.0,0.0425,86.0
1753533051116,12:30:51.116,CHZ/USDT:USDT,0.04246,19.0,0.04245,85.0,0.04248,17.0,0.04249,18.0
1753533051268,12:30:51.268,CHZ/USDT:USDT,0.04246,19.0,0.04245,85.0,0.04248,17.0,0.04249,17.0
1753533051328,12:30:51.328,CHZ/USDT:USDT,0.04246,2.0,0.04245,85.0,0.04248,17.0,0.04249,18.0
1753533051450,12:30:51.450,CHZ/USDT:USDT,0.04246,2.0,0.04245,85.0,0.04248,17.0,0.04249,18.0
1753533051852,12:30:51.852,CHZ/USDT:USDT,0.04245,18.0,0.04244,58.0,0.04248,17.0,0.04249,18.0
1753533052043,12:30:52.043,CHZ/USDT:USDT,0.04245,18.0,0.04244,58.0,0.04248,17.0,0.04249,18.0
1753533052872,12:30:52.872,CHZ/USDT:USDT,0.04245,18.0,0.04244,58.0,0.04248,17.0,0.04249,18.0
1753533052908,12:30:52.908,CHZ/USDT:USDT,0.04245,18.0,0.04244,58.0,0.04248,17.0,0.04249,18.0
1753533053268,12:30:53.268,CHZ/USDT:USDT,0.04245,17.0,0.04244,58.0,0.04247,17.0,0.04248,18.0
1753533053684,12:30:53.684,CHZ/USDT:USDT,0.04245,17.0,0.04244,58.0,0.04247,17.0,0.04248,18.0
1753533053728,12:30:53.728,CHZ/USDT:USDT,0.04245,16.0,0.04244,58.0,0.04247,17.0,0.04248,18.0
1753533053879,12:30:53.879,CHZ/USDT:USDT,0.04245,88.0,0.04244,58.0,0.04247,17.0,0.04248,17.0
1753533053892,12:30:53.892,CHZ/USDT:USDT,0.04245,88.0,0.04244,58.0,0.04249,17.0,0.0425,86.0
1753533054097,12:30:54.097,CHZ/USDT:USDT,0.04245,88.0,0.04244,58.0,0.04249,17.0,0.0425,86.0
1753533056175,12:30:56.175,CHZ/USDT:USDT,0.04245,88.0,0.04244,58.0,0.04249,17.0,0.0425,86.0
1753533056193,12:30:56.193,CHZ/USDT:USDT,0.04245,88.0,0.04244,58.0,0.04249,17.0,0.0425,86.0
1753533056459,12:30:56.459,CHZ/USDT:USDT,0.04245,88.0,0.04244,58.0,0.04249,17.0,0.0425,86.0
1753533056540,12:30:56.540,CHZ/USDT:USDT,0.04245,88.0,0.04244,58.0,0.04249,17.0,0.0425,86.0
1753533056959,12:30:56.959,CHZ/USDT:USDT,0.04245,88.0,0.04244,58.0,0.04249,17.0,0.0425,86.0
1753533058531,12:30:58.531,CHZ/USDT:USDT,0.04245,88.0,0.04244,58.0,0.04249,17.0,0.0425,86.0
1753533058970,12:30:58.970,CHZ/USDT:USDT,0.04245,88.0,0.04244,58.0,0.04249,17.0,0.0425,86.0
1753533059175,12:30:59.175,CHZ/USDT:USDT,0.04245,88.0,0.04244,58.0,0.04249,17.0,0.0425,86.0
1753533059225,12:30:59.225,CHZ/USDT:USDT,0.04245,88.0,0.04244,58.0,0.04249,17.0,0.0425,86.0
1753533059645,12:30:59.645,CHZ/USDT:USDT,0.04245,87.0,0.04244,17.0,0.04249,17.0,0.0425,86.0
1753533059763,12:30:59.763,CHZ/USDT:USDT,0.04245,87.0,0.04244,17.0,0.04249,17.0,0.0425,86.0
1753533059791,12:30:59.791,CHZ/USDT:USDT,0.04245,87.0,0.04244,17.0,0.04249,17.0,0.0425,86.0
1753533060571,12:31:00.571,CHZ/USDT:USDT,0.04245,89.0,0.04244,17.0,0.04247,17.0,0.04248,18.0
1753533060598,12:31:00.598,CHZ/USDT:USDT,0.04245,89.0,0.04244,17.0,0.04247,17.0,0.04248,18.0
1753533060734,12:31:00.734,CHZ/USDT:USDT,0.04245,89.0,0.04244,17.0,0.04249,17.0,0.0425,86.0
1753533060909,12:31:00.909,CHZ/USDT:USDT,0.04245,87.0,0.04244,17.0,0.04249,17.0,0.0425,86.0
1753533061066,12:31:01.066,CHZ/USDT:USDT,0.04244,17.0,0.04243,116.0,0.04249,17.0,0.0425,86.0
1753533061167,12:31:01.167,CHZ/USDT:USDT,0.04244,17.0,0.04243,116.0,0.04248,17.0,0.04249,17.0
1753533061281,12:31:01.281,CHZ/USDT:USDT,0.04244,17.0,0.04243,116.0,0.04248,119.0,0.04249,18.0
1753533061288,12:31:01.288,CHZ/USDT:USDT,0.04244,17.0,0.04243,116.0,0.04248,119.0,0.04249,18.0
1753533061452,12:31:01.452,CHZ/USDT:USDT,0.04244,17.0,0.04243,116.0,0.04246,17.0,0.04247,18.0
1753533061557,12:31:01.557,CHZ/USDT:USDT,0.04244,17.0,0.04243,116.0,0.04246,17.0,0.04247,18.0
1753533061607,12:31:01.607,CHZ/USDT:USDT,0.04244,17.0,0.04243,116.0,0.04246,17.0,0.04247,18.0
1753533061780,12:31:01.780,CHZ/USDT:USDT,0.04244,17.0,0.04243,116.0,0.04246,17.0,0.04247,18.0
1753533061852,12:31:01.852,CHZ/USDT:USDT,0.04244,17.0,0.04243,116.0,0.04246,17.0,0.04247,18.0
1753533061928,12:31:01.928,CHZ/USDT:USDT,0.04244,17.0,0.04243,57.0,0.04246,17.0,0.04247,18.0
1753533062052,12:31:02.052,CHZ/USDT:USDT,0.04244,17.0,0.04243,57.0,0.04246,17.0,0.04247,18.0
1753533062148,12:31:02.148,CHZ/USDT:USDT,0.04244,17.0,0.04243,17.0,0.04246,18.0,0.04247,17.0
1753533062289,12:31:02.289,CHZ/USDT:USDT,0.04244,17.0,0.04243,88.0,0.04246,18.0,0.04247,17.0
1753533062848,12:31:02.848,CHZ/USDT:USDT,0.04244,17.0,0.04243,88.0,0.04246,18.0,0.04247,73.0
1753533063044,12:31:03.044,CHZ/USDT:USDT,0.04244,17.0,0.04243,88.0,0.04246,18.0,0.04247,73.0
1753533064068,12:31:04.068,CHZ/USDT:USDT,0.04244,17.0,0.04243,88.0,0.04246,17.0,0.04247,73.0
1753533064307,12:31:04.307,CHZ/USDT:USDT,0.04244,17.0,0.04243,88.0,0.04246,17.0,0.04247,73.0
1753533064407,12:31:04.407,CHZ/USDT:USDT,0.04244,18.0,0.04243,87.0,0.04246,17.0,0.04247,73.0
1753533064568,12:31:04.568,CHZ/USDT:USDT,0.04244,18.0,0.04243,87.0,0.04246,17.0,0.04247,73.0
1753533064591,12:31:04.591,CHZ/USDT:USDT,0.04244,18.0,0.04243,87.0,0.04246,17.0,0.04247,73.0
1753533065031,12:31:05.031,CHZ/USDT:USDT,0.04244,17.0,0.04243,87.0,0.04246,17.0,0.04247,73.0
1753533065118,12:31:05.118,CHZ/USDT:USDT,0.04244,17.0,0.04243,87.0,0.04246,18.0,0.04247,73.0
1753533065188,12:31:05.188,CHZ/USDT:USDT,0.04244,17.0,0.04243,87.0,0.04246,17.0,0.04247,73.0
1753533065296,12:31:05.296,CHZ/USDT:USDT,0.04244,18.0,0.04243,87.0,0.04246,17.0,0.04247,73.0
1753533065906,12:31:05.906,CHZ/USDT:USDT,0.04244,17.0,0.04243,87.0,0.04246,17.0,0.04247,73.0
1753533066128,12:31:06.128,CHZ/USDT:USDT,0.04244,17.0,0.04243,87.0,0.04246,17.0,0.04247,73.0
1753533066829,12:31:06.829,CHZ/USDT:USDT,0.04244,17.0,0.04243,87.0,0.04246,18.0,0.04247,73.0
1753533067442,12:31:07.442,CHZ/USDT:USDT,0.04245,17.0,0.04244,19.0,0.04247,18.0,0.04248,188.0
1753533067569,12:31:07.569,CHZ/USDT:USDT,0.04245,18.0,0.04244,18.0,0.04247,17.0,0.04248,188.0
1753533067792,12:31:07.792,CHZ/USDT:USDT,0.04245,17.0,0.04244,18.0,0.04247,19.0,0.04248,188.0
1753533067908,12:31:07.908,CHZ/USDT:USDT,0.04245,17.0,0.04244,18.0,0.04247,17.0,0.04248,188.0
1753533067994,12:31:07.994,CHZ/USDT:USDT,0.04245,17.0,0.04244,18.0,0.04247,19.0,0.04248,188.0
1753533068476,12:31:08.476,CHZ/USDT:USDT,0.04245,18.0,0.04244,18.0,0.04247,17.0,0.04248,188.0
1753533068533,12:31:08.533,CHZ/USDT:USDT,0.04245,17.0,0.04244,18.0,0.04247,18.0,0.04248,188.0
1753533068750,12:31:08.750,CHZ/USDT:USDT,0.04245,17.0,0.04244,18.0,0.04247,18.0,0.04248,188.0
1753533069025,12:31:09.025,CHZ/USDT:USDT,0.04245,19.0,0.04244,17.0,0.04247,17.0,0.04248,188.0
1753533070429,12:31:10.429,CHZ/USDT:USDT,0.04245,19.0,0.04244,17.0,0.04247,17.0,0.04248,188.0
1753533071609,12:31:11.609,CHZ/USDT:USDT,0.04244,17.0,0.04243,87.0,0.04247,18.0,0.04248,188.0
1753533071690,12:31:11.690,CHZ/USDT:USDT,0.04244,17.0,0.04243,87.0,0.04247,17.0,0.04248,188.0
1753533071937,12:31:11.937,CHZ/USDT:USDT,0.04244,17.0,0.04243,87.0,0.04247,17.0,0.04248,188.0
1753533073348,12:31:13.348,CHZ/USDT:USDT,0.04244,17.0,0.04243,87.0,0.04247,17.0,0.04248,188.0
1753533078079,12:31:18.079,CHZ/USDT:USDT,0.04244,17.0,0.04243,87.0,0.04247,17.0,0.04248,188.0
1753533078184,12:31:18.184,CHZ/USDT:USDT,0.04244,17.0,0.04243,148.0,0.04247,17.0,0.04248,188.0
1753533078224,12:31:18.224,CHZ/USDT:USDT,0.04244,17.0,0.04243,148.0,0.04247,17.0,0.04248,188.0
1753533078667,12:31:18.667,CHZ/USDT:USDT,0.04244,17.0,0.04243,148.0,0.04247,17.0,0.04248,188.0
1753533078984,12:31:18.984,CHZ/USDT:USDT,0.04244,17.0,0.04243,148.0,0.04247,17.0,0.04248,188.0
1753533079008,12:31:19.008,CHZ/USDT:USDT,0.04244,17.0,0.04243,148.0,0.04247,17.0,0.04248,188.0
1753533079148,12:31:19.148,CHZ/USDT:USDT,0.04244,17.0,0.04243,148.0,0.04247,17.0,0.04248,188.0
1753533079234,12:31:19.234,CHZ/USDT:USDT,0.04244,17.0,0.04243,148.0,0.04247,17.0,0.04248,188.0
1753533079580,12:31:19.580,CHZ/USDT:USDT,0.04244,17.0,0.04243,148.0,0.04247,17.0,0.04248,188.0
1753533079821,12:31:19.821,CHZ/USDT:USDT,0.04244,17.0,0.04243,148.0,0.04247,17.0,0.04248,69.0
1753533079948,12:31:19.948,CHZ/USDT:USDT,0.04244,17.0,0.04243,148.0,0.04247,17.0,0.04248,69.0
1753533081171,12:31:21.171,CHZ/USDT:USDT,0.04244,17.0,0.04243,148.0,0.04247,17.0,0.04248,69.0
1753533081428,12:31:21.428,CHZ/USDT:USDT,0.04244,17.0,0.04243,148.0,0.04247,17.0,0.04248,69.0
1753533082090,12:31:22.090,CHZ/USDT:USDT,0.04244,17.0,0.04243,148.0,0.04247,17.0,0.04248,69.0
1753533082580,12:31:22.580,CHZ/USDT:USDT,0.04244,17.0,0.04243,148.0,0.04247,17.0,0.04248,69.0
1753533082607,12:31:22.607,CHZ/USDT:USDT,0.04244,17.0,0.04243,148.0,0.04247,17.0,0.04248,69.0
1753533083083,12:31:23.083,CHZ/USDT:USDT,0.04244,17.0,0.04243,148.0,0.04247,17.0,0.04248,69.0
1753533083128,12:31:23.128,CHZ/USDT:USDT,0.04244,17.0,0.04243,148.0,0.04247,17.0,0.04248,69.0
1753533083586,12:31:23.586,CHZ/USDT:USDT,0.04244,17.0,0.04243,148.0,0.04247,17.0,0.04248,69.0
1753533083636,12:31:23.636,CHZ/USDT:USDT,0.04244,17.0,0.04243,148.0,0.04247,17.0,0.04248,69.0
1753533083852,12:31:23.852,CHZ/USDT:USDT,0.04244,17.0,0.04243,148.0,0.04247,17.0,0.04248,69.0
1753533084948,12:31:24.948,CHZ/USDT:USDT,0.04244,17.0,0.04243,148.0,0.04247,17.0,0.04248,69.0
1753533085548,12:31:25.548,CHZ/USDT:USDT,0.04244,17.0,0.04243,148.0,0.04247,17.0,0.04248,69.0
1753533087173,12:31:27.173,CHZ/USDT:USDT,0.04244,17.0,0.04243,148.0,0.04247,17.0,0.04248,69.0
1753533087188,12:31:27.188,CHZ/USDT:USDT,0.04244,17.0,0.04243,148.0,0.04247,17.0,0.04248,69.0
1753533087458,12:31:27.458,CHZ/USDT:USDT,0.04244,17.0,0.04243,148.0,0.04247,17.0,0.04248,69.0
1753533087626,12:31:27.626,CHZ/USDT:USDT,0.04244,17.0,0.04243,148.0,0.04247,17.0,0.04248,69.0
1753533088482,12:31:28.482,CHZ/USDT:USDT,0.04244,17.0,0.04243,148.0,0.04247,17.0,0.04248,69.0
1753533088574,12:31:28.574,CHZ/USDT:USDT,0.04244,17.0,0.04243,148.0,0.0425,17.0,0.04251,269.0
1753533088668,12:31:28.668,CHZ/USDT:USDT,0.04244,17.0,0.04243,148.0,0.0425,17.0,0.04251,119.0
1753533088748,12:31:28.748,CHZ/USDT:USDT,0.04244,17.0,0.04243,148.0,0.0425,17.0,0.04251,119.0
1753533089614,12:31:29.614,CHZ/USDT:USDT,0.04244,17.0,0.04243,148.0,0.04249,17.0,0.0425,19.0
1753533091229,12:31:31.229,CHZ/USDT:USDT,0.04244,17.0,0.04243,148.0,0.0425,17.0,0.04251,119.0
1753533092042,12:31:32.042,CHZ/USDT:USDT,0.04244,17.0,0.04243,148.0,0.04249,16.0,0.0425,88.0
1753533092256,12:31:32.256,CHZ/USDT:USDT,0.04244,17.0,0.04243,189.0,0.04249,16.0,0.0425,88.0
1753533092617,12:31:32.617,CHZ/USDT:USDT,0.04244,17.0,0.04243,189.0,0.04249,16.0,0.0425,88.0
1753533093066,12:31:33.066,CHZ/USDT:USDT,0.04244,17.0,0.04243,189.0,0.04249,16.0,0.0425,88.0
1753533093617,12:31:33.617,CHZ/USDT:USDT,0.04244,17.0,0.04243,189.0,0.04249,16.0,0.0425,88.0
1753533093876,12:31:33.876,CHZ/USDT:USDT,0.04244,17.0,0.04243,189.0,0.0425,88.0,0.04251,119.0
1753533093984,12:31:33.984,CHZ/USDT:USDT,0.04244,17.0,0.04243,189.0,0.04249,16.0,0.0425,17.0
1753533094059,12:31:34.059,CHZ/USDT:USDT,0.04244,17.0,0.04243,189.0,0.0425,17.0,0.04251,119.0
1753533094797,12:31:34.797,CHZ/USDT:USDT,0.04244,17.0,0.04243,189.0,0.0425,17.0,0.04251,119.0
1753533095359,12:31:35.359,CHZ/USDT:USDT,0.04245,16.0,0.04244,17.0,0.0425,17.0,0.04251,119.0
1753533095509,12:31:35.509,CHZ/USDT:USDT,0.04245,16.0,0.04244,19.0,0.0425,17.0,0.04251,119.0
1753533095659,12:31:35.659,CHZ/USDT:USDT,0.04245,16.0,0.04244,19.0,0.0425,17.0,0.04251,119.0
1753533096628,12:31:36.628,CHZ/USDT:USDT,0.04245,16.0,0.04244,19.0,0.0425,17.0,0.04251,188.0
1753533096877,12:31:36.877,CHZ/USDT:USDT,0.04245,16.0,0.04244,19.0,0.0425,17.0,0.04251,188.0
1753533097147,12:31:37.147,CHZ/USDT:USDT,0.04246,16.0,0.04245,85.0,0.0425,17.0,0.04251,188.0
1753533097195,12:31:37.195,CHZ/USDT:USDT,0.04246,16.0,0.04245,85.0,0.0425,17.0,0.04251,188.0
1753533097295,12:31:37.295,CHZ/USDT:USDT,0.04246,16.0,0.04245,85.0,0.0425,17.0,0.04251,188.0
1753533098610,12:31:38.610,CHZ/USDT:USDT,0.04246,16.0,0.04245,85.0,0.0425,17.0,0.04251,188.0
1753533098925,12:31:38.925,CHZ/USDT:USDT,0.04246,16.0,0.04245,85.0,0.0425,17.0,0.04251,188.0
1753533100627,12:31:40.627,CHZ/USDT:USDT,0.04246,16.0,0.04245,85.0,0.0425,17.0,0.04251,188.0
1753533100703,12:31:40.703,CHZ/USDT:USDT,0.04246,16.0,0.04245,85.0,0.0425,17.0,0.04251,188.0
1753533102680,12:31:42.680,CHZ/USDT:USDT,0.04246,16.0,0.04245,85.0,0.0425,17.0,0.04251,188.0
1753533108674,12:31:48.674,CHZ/USDT:USDT,0.04246,16.0,0.04245,85.0,0.04249,16.0,0.0425,73.0
1753533108713,12:31:48.713,CHZ/USDT:USDT,0.04247,16.0,0.04246,17.0,0.04249,18.0,0.0425,73.0
1753533109072,12:31:49.072,CHZ/USDT:USDT,0.04247,16.0,0.04246,17.0,0.04249,17.0,0.0425,73.0
1753533109150,12:31:49.150,CHZ/USDT:USDT,0.04247,16.0,0.04246,17.0,0.04249,18.0,0.0425,73.0
1753533110468,12:31:50.468,CHZ/USDT:USDT,0.04246,17.0,0.04245,85.0,0.04249,16.0,0.0425,73.0
1753533110573,12:31:50.573,CHZ/USDT:USDT,0.04247,18.0,0.04246,17.0,0.04249,16.0,0.0425,73.0
1753533110859,12:31:50.859,CHZ/USDT:USDT,0.04247,17.0,0.04246,17.0,0.04249,18.0,0.0425,73.0
1753533111970,12:31:51.970,CHZ/USDT:USDT,0.04247,19.0,0.04246,16.0,0.04249,16.0,0.0425,73.0
1753533112089,12:31:52.089,CHZ/USDT:USDT,0.04247,19.0,0.04246,16.0,0.04249,16.0,0.0425,73.0
1753533112658,12:31:52.658,CHZ/USDT:USDT,0.04247,19.0,0.04246,16.0,0.04249,16.0,0.0425,73.0
1753533113171,12:31:53.171,CHZ/USDT:USDT,0.04246,16.0,0.04245,153.0,0.04249,16.0,0.0425,73.0
1753533113272,12:31:53.272,CHZ/USDT:USDT,0.04247,18.0,0.04246,17.0,0.04249,16.0,0.0425,73.0
1753533113445,12:31:53.445,CHZ/USDT:USDT,0.04247,18.0,0.04246,17.0,0.04249,16.0,0.0425,73.0
1753533113638,12:31:53.638,CHZ/USDT:USDT,0.04247,18.0,0.04246,17.0,0.04249,16.0,0.0425,73.0
1753533113881,12:31:53.881,CHZ/USDT:USDT,0.04247,18.0,0.04246,17.0,0.04249,16.0,0.0425,73.0
1753533114858,12:31:54.858,CHZ/USDT:USDT,0.04247,17.0,0.04246,17.0,0.04249,18.0,0.0425,73.0
1753533115073,12:31:55.073,CHZ/USDT:USDT,0.04247,18.0,0.04246,17.0,0.04249,17.0,0.0425,73.0
1753533115283,12:31:55.283,CHZ/USDT:USDT,0.04247,17.0,0.04246,17.0,0.04249,17.0,0.0425,73.0
1753533115289,12:31:55.289,CHZ/USDT:USDT,0.04247,17.0,0.04246,17.0,0.04249,17.0,0.0425,73.0
1753533115828,12:31:55.828,CHZ/USDT:USDT,0.04247,17.0,0.04246,17.0,0.04249,18.0,0.0425,73.0
1753533116471,12:31:56.471,CHZ/USDT:USDT,0.04246,16.0,0.04245,85.0,0.04249,17.0,0.0425,73.0
1753533116548,12:31:56.548,CHZ/USDT:USDT,0.04246,16.0,0.04245,85.0,0.04249,17.0,0.0425,73.0
1753533116656,12:31:56.656,CHZ/USDT:USDT,0.04246,16.0,0.04245,85.0,0.04249,17.0,0.0425,73.0
1753533116687,12:31:56.687,CHZ/USDT:USDT,0.04246,16.0,0.04245,85.0,0.04249,17.0,0.0425,73.0
1753533117325,12:31:57.325,CHZ/USDT:USDT,0.04246,16.0,0.04245,85.0,0.04249,18.0,0.0425,73.0
1753533117433,12:31:57.433,CHZ/USDT:USDT,0.04246,16.0,0.04245,85.0,0.04249,18.0,0.0425,73.0
1753533118953,12:31:58.953,CHZ/USDT:USDT,0.04246,16.0,0.04245,85.0,0.04248,17.0,0.04249,17.0
1753533119480,12:31:59.480,CHZ/USDT:USDT,0.04245,85.0,0.04244,87.0,0.04247,17.0,0.04248,19.0
1753533119546,12:31:59.546,CHZ/USDT:USDT,0.04245,85.0,0.04244,17.0,0.04247,17.0,0.04248,18.0
1753533119653,12:31:59.653,CHZ/USDT:USDT,0.04245,86.0,0.04244,17.0,0.04248,18.0,0.04249,16.0
1753533119814,12:31:59.814,CHZ/USDT:USDT,0.04246,17.0,0.04245,86.0,0.04248,19.0,0.04249,16.0
1753533119936,12:31:59.936,CHZ/USDT:USDT,0.04246,17.0,0.04245,86.0,0.04248,19.0,0.04249,16.0
1753533120318,12:32:00.318,CHZ/USDT:USDT,0.04246,17.0,0.04245,85.0,0.04248,19.0,0.04249,16.0
1753533120467,12:32:00.467,CHZ/USDT:USDT,0.04245,85.0,0.04244,17.0,0.04248,19.0,0.04249,16.0
1753533120548,12:32:00.548,CHZ/USDT:USDT,0.04246,17.0,0.04245,85.0,0.04248,19.0,0.04249,16.0
1753533120750,12:32:00.750,CHZ/USDT:USDT,0.04245,85.0,0.04244,17.0,0.04248,19.0,0.04249,16.0
1753533120978,12:32:00.978,CHZ/USDT:USDT,0.04246,17.0,0.04245,85.0,0.04248,19.0,0.04249,16.0
1753533121060,12:32:01.060,CHZ/USDT:USDT,0.04246,17.0,0.04245,85.0,0.04248,19.0,0.04249,16.0
1753533121576,12:32:01.576,CHZ/USDT:USDT,0.04244,17.0,0.04243,127.0,0.04247,17.0,0.04248,18.0
1753533122049,12:32:02.049,CHZ/USDT:USDT,0.04245,17.0,0.04244,18.0,0.04247,17.0,0.04248,18.0
1753533122260,12:32:02.260,CHZ/USDT:USDT,0.04245,21.0,0.04244,17.0,0.04247,17.0,0.04248,18.0
1753533122383,12:32:02.383,CHZ/USDT:USDT,0.04245,20.0,0.04244,17.0,0.04247,17.0,0.04248,18.0
1753533122455,12:32:02.455,CHZ/USDT:USDT,0.04245,20.0,0.04244,17.0,0.04247,17.0,0.04248,18.0
1753533122882,12:32:02.882,CHZ/USDT:USDT,0.04245,20.0,0.04244,17.0,0.04247,19.0,0.04248,17.0
1753533122948,12:32:02.948,CHZ/USDT:USDT,0.04245,20.0,0.04244,17.0,0.04247,19.0,0.04248,17.0
1753533123069,12:32:03.069,CHZ/USDT:USDT,0.04245,20.0,0.04244,17.0,0.04247,19.0,0.04248,17.0
1753533123088,12:32:03.088,CHZ/USDT:USDT,0.04245,20.0,0.04244,17.0,0.04247,19.0,0.04248,17.0
1753533123269,12:32:03.269,CHZ/USDT:USDT,0.04245,20.0,0.04244,17.0,0.04247,19.0,0.04248,17.0
1753533123984,12:32:03.984,CHZ/USDT:USDT,0.04245,20.0,0.04244,17.0,0.04247,19.0,0.04248,17.0
1753533124028,12:32:04.028,CHZ/USDT:USDT,0.04245,20.0,0.04244,17.0,0.04247,19.0,0.04248,17.0
1753533124099,12:32:04.099,CHZ/USDT:USDT,0.04245,20.0,0.04244,17.0,0.04247,19.0,0.04248,17.0
1753533124533,12:32:04.533,CHZ/USDT:USDT,0.04245,20.0,0.04244,17.0,0.04247,19.0,0.04249,16.0
1753533125268,12:32:05.268,CHZ/USDT:USDT,0.04245,17.0,0.04244,17.0,0.04247,18.0,0.04249,16.0
1753533125325,12:32:05.325,CHZ/USDT:USDT,0.04244,17.0,0.04243,119.0,0.04249,16.0,0.0425,73.0
1753533125722,12:32:05.722,CHZ/USDT:USDT,0.04244,17.0,0.04243,119.0,0.04249,16.0,0.0425,73.0
1753533126385,12:32:06.385,CHZ/USDT:USDT,0.04244,88.0,0.04243,119.0,0.04249,16.0,0.0425,73.0
1753533126428,12:32:06.428,CHZ/USDT:USDT,0.04245,17.0,0.04244,88.0,0.04249,17.0,0.0425,86.0
1753533126539,12:32:06.539,CHZ/USDT:USDT,0.04245,17.0,0.04244,88.0,0.04249,17.0,0.0425,86.0
1753533126654,12:32:06.654,CHZ/USDT:USDT,0.04245,17.0,0.04244,88.0,0.04249,17.0,0.0425,86.0
1753533127918,12:32:07.918,CHZ/USDT:USDT,0.04245,17.0,0.04244,88.0,0.04249,17.0,0.0425,86.0
1753533128161,12:32:08.161,CHZ/USDT:USDT,0.04245,17.0,0.04244,88.0,0.04249,17.0,0.0425,86.0
1753533128448,12:32:08.448,CHZ/USDT:USDT,0.04244,17.0,0.04243,119.0,0.04249,17.0,0.0425,86.0
1753533128574,12:32:08.574,CHZ/USDT:USDT,0.04244,17.0,0.04243,119.0,0.04249,17.0,0.0425,86.0
1753533130560,12:32:10.560,CHZ/USDT:USDT,0.04244,17.0,0.04243,190.0,0.04249,17.0,0.0425,86.0
1753533130608,12:32:10.608,CHZ/USDT:USDT,0.04244,17.0,0.04243,190.0,0.04249,17.0,0.0425,86.0
1753533131448,12:32:11.448,CHZ/USDT:USDT,0.04244,17.0,0.04243,190.0,0.04249,17.0,0.0425,86.0
1753533131613,12:32:11.613,CHZ/USDT:USDT,0.04244,17.0,0.04243,190.0,0.04248,17.0,0.04249,17.0
1753533131773,12:32:11.773,CHZ/USDT:USDT,0.04244,17.0,0.04243,190.0,0.04248,17.0,0.04249,17.0
1753533131826,12:32:11.826,CHZ/USDT:USDT,0.04244,17.0,0.04243,190.0,0.04248,17.0,0.04249,17.0
1753533131954,12:32:11.954,CHZ/USDT:USDT,0.04244,17.0,0.04243,190.0,0.04248,17.0,0.04249,17.0
1753533132133,12:32:12.133,CHZ/USDT:USDT,0.04244,17.0,0.04243,190.0,0.04248,17.0,0.04249,17.0
1753533132284,12:32:12.284,CHZ/USDT:USDT,0.04244,17.0,0.04243,190.0,0.04249,70.0,0.0425,17.0
1753533132289,12:32:12.289,CHZ/USDT:USDT,0.04244,17.0,0.04243,190.0,0.0425,17.0,0.04251,119.0
1753533132643,12:32:12.643,CHZ/USDT:USDT,0.04244,17.0,0.04243,190.0,0.0425,17.0,0.04251,119.0
1753533132765,12:32:12.765,CHZ/USDT:USDT,0.04244,17.0,0.04243,190.0,0.0425,17.0,0.04251,119.0
1753533133057,12:32:13.057,CHZ/USDT:USDT,0.04244,17.0,0.04243,190.0,0.0425,17.0,0.04251,119.0
1753533134550,12:32:14.550,CHZ/USDT:USDT,0.04244,17.0,0.04243,190.0,0.0425,17.0,0.04251,119.0
1753533136874,12:32:16.874,CHZ/USDT:USDT,0.04244,17.0,0.04243,190.0,0.04249,22.0,0.0425,87.0
1753533136894,12:32:16.894,CHZ/USDT:USDT,0.04244,17.0,0.04243,190.0,0.04248,17.0,0.04249,17.0
1753533137073,12:32:17.073,CHZ/USDT:USDT,0.04244,17.0,0.04243,190.0,0.04248,17.0,0.04249,17.0
1753533137098,12:32:17.098,CHZ/USDT:USDT,0.04244,17.0,0.04243,190.0,0.04248,17.0,0.04249,17.0
1753533137254,12:32:17.254,CHZ/USDT:USDT,0.04244,17.0,0.04243,190.0,0.04248,17.0,0.04249,17.0
1753533137434,12:32:17.434,CHZ/USDT:USDT,0.04244,17.0,0.04243,190.0,0.04248,17.0,0.04249,17.0
1753533137582,12:32:17.582,CHZ/USDT:USDT,0.04244,17.0,0.04243,190.0,0.04249,17.0,0.0425,87.0
1753533137613,12:32:17.613,CHZ/USDT:USDT,0.04244,17.0,0.04243,190.0,0.04248,17.0,0.04249,17.0
1753533137761,12:32:17.761,CHZ/USDT:USDT,0.04244,17.0,0.04243,190.0,0.04249,17.0,0.0425,87.0
1753533137913,12:32:17.913,CHZ/USDT:USDT,0.04244,17.0,0.04243,190.0,0.04249,17.0,0.0425,87.0
1753533139164,12:32:19.164,CHZ/USDT:USDT,0.04244,17.0,0.04243,190.0,0.04249,17.0,0.0425,87.0
1753533140051,12:32:20.051,CHZ/USDT:USDT,0.04244,17.0,0.04243,190.0,0.04249,17.0,0.0425,87.0
1753533140601,12:32:20.601,CHZ/USDT:USDT,0.04244,17.0,0.04243,190.0,0.04248,17.0,0.04249,19.0
1753533140770,12:32:20.770,CHZ/USDT:USDT,0.04244,17.0,0.04243,190.0,0.04249,17.0,0.0425,87.0
1753533141155,12:32:21.155,CHZ/USDT:USDT,0.04244,17.0,0.04243,190.0,0.04249,17.0,0.0425,87.0
1753533142160,12:32:22.160,CHZ/USDT:USDT,0.04244,17.0,0.04243,190.0,0.04249,17.0,0.0425,87.0
1753533142195,12:32:22.195,CHZ/USDT:USDT,0.04244,17.0,0.04243,190.0,0.04249,17.0,0.0425,87.0
1753533142375,12:32:22.375,CHZ/USDT:USDT,0.04244,17.0,0.04243,190.0,0.04249,17.0,0.0425,87.0
1753533144574,12:32:24.574,CHZ/USDT:USDT,0.04244,17.0,0.04243,190.0,0.04249,17.0,0.0425,87.0
1753533146376,12:32:26.376,CHZ/USDT:USDT,0.04244,17.0,0.04243,190.0,0.04249,17.0,0.0425,87.0
1753533148848,12:32:28.848,CHZ/USDT:USDT,0.04244,17.0,0.04243,190.0,0.04249,17.0,0.0425,87.0
1753533152365,12:32:32.365,CHZ/USDT:USDT,0.04244,17.0,0.04243,149.0,0.04249,17.0,0.0425,87.0
1753533152390,12:32:32.390,CHZ/USDT:USDT,0.04244,17.0,0.04243,190.0,0.04249,17.0,0.0425,87.0
1753533153368,12:32:33.368,CHZ/USDT:USDT,0.04244,17.0,0.04243,190.0,0.04249,17.0,0.0425,87.0
1753533154577,12:32:34.577,CHZ/USDT:USDT,0.04244,17.0,0.04243,190.0,0.04246,16.0,0.04247,17.0
1753533154682,12:32:34.682,CHZ/USDT:USDT,0.04244,17.0,0.04243,149.0,0.04246,16.0,0.04247,17.0
1753533155174,12:32:35.174,CHZ/USDT:USDT,0.04244,17.0,0.04243,149.0,0.04246,16.0,0.04247,17.0
1753533155458,12:32:35.458,CHZ/USDT:USDT,0.04244,18.0,0.04243,149.0,0.04247,16.0,0.04248,119.0
1753533155572,12:32:35.572,CHZ/USDT:USDT,0.04244,17.0,0.04243,87.0,0.04246,16.0,0.04247,17.0
1753533155649,12:32:35.649,CHZ/USDT:USDT,0.04244,17.0,0.04243,87.0,0.04246,16.0,0.04247,74.0
1753533155707,12:32:35.707,CHZ/USDT:USDT,0.04244,17.0,0.04243,87.0,0.04246,16.0,0.04247,74.0
1753533156373,12:32:36.373,CHZ/USDT:USDT,0.04244,18.0,0.04243,87.0,0.04246,16.0,0.04247,73.0
1753533156464,12:32:36.464,CHZ/USDT:USDT,0.04244,18.0,0.04243,87.0,0.04246,16.0,0.04247,73.0
1753533156508,12:32:36.508,CHZ/USDT:USDT,0.04244,18.0,0.04243,87.0,0.04246,16.0,0.04247,73.0
1753533157013,12:32:37.013,CHZ/USDT:USDT,0.04244,18.0,0.04243,87.0,0.04246,16.0,0.04247,73.0
1753533157168,12:32:37.168,CHZ/USDT:USDT,0.04245,16.0,0.04244,19.0,0.04247,16.0,0.04248,190.0
1753533157281,12:32:37.281,CHZ/USDT:USDT,0.04245,16.0,0.04244,19.0,0.04247,16.0,0.04248,190.0
1753533157347,12:32:37.347,CHZ/USDT:USDT,0.04245,16.0,0.04244,19.0,0.04247,16.0,0.04248,190.0
1753533157708,12:32:37.708,CHZ/USDT:USDT,0.04245,16.0,0.04244,19.0,0.04247,16.0,0.04248,190.0
1753533157893,12:32:37.893,CHZ/USDT:USDT,0.04245,17.0,0.04244,18.0,0.04247,16.0,0.04248,190.0
1753533158448,12:32:38.448,CHZ/USDT:USDT,0.04245,16.0,0.04244,18.0,0.04247,16.0,0.04248,190.0
1753533158500,12:32:38.500,CHZ/USDT:USDT,0.04245,16.0,0.04244,18.0,0.04247,16.0,0.04248,190.0
1753533159255,12:32:39.255,CHZ/USDT:USDT,0.04245,17.0,0.04244,18.0,0.04247,16.0,0.04248,190.0
1753533159533,12:32:39.533,CHZ/USDT:USDT,0.04245,16.0,0.04244,18.0,0.04247,16.0,0.04248,190.0
1753533159589,12:32:39.589,CHZ/USDT:USDT,0.04245,17.0,0.04244,18.0,0.04247,16.0,0.04248,190.0
1753533160466,12:32:40.466,CHZ/USDT:USDT,0.04245,16.0,0.04244,18.0,0.04247,16.0,0.04248,190.0
1753533161471,12:32:41.471,CHZ/USDT:USDT,0.04245,16.0,0.04244,17.0,0.04247,16.0,0.04248,190.0
1753533161517,12:32:41.517,CHZ/USDT:USDT,0.04244,18.0,0.04243,87.0,0.04247,16.0,0.04248,190.0
1753533161763,12:32:41.763,CHZ/USDT:USDT,0.04245,17.0,0.04244,18.0,0.04247,16.0,0.04248,190.0
1753533162128,12:32:42.128,CHZ/USDT:USDT,0.04244,18.0,0.04243,87.0,0.04247,16.0,0.04248,190.0
1753533162221,12:32:42.221,CHZ/USDT:USDT,0.04244,17.0,0.04243,87.0,0.04247,16.0,0.04248,190.0
1753533162308,12:32:42.308,CHZ/USDT:USDT,0.04244,18.0,0.04243,87.0,0.04246,17.0,0.04247,73.0
1753533162540,12:32:42.540,CHZ/USDT:USDT,0.04244,18.0,0.04243,87.0,0.04246,17.0,0.04247,73.0
1753533162956,12:32:42.956,CHZ/USDT:USDT,0.04244,18.0,0.04243,87.0,0.04246,17.0,0.04247,73.0
1753533163275,12:32:43.275,CHZ/USDT:USDT,0.04244,18.0,0.04243,87.0,0.04246,17.0,0.04247,73.0
1753533163469,12:32:43.469,CHZ/USDT:USDT,0.04244,19.0,0.04243,87.0,0.04246,17.0,0.04247,73.0
1753533163547,12:32:43.547,CHZ/USDT:USDT,0.04244,18.0,0.04243,87.0,0.04246,17.0,0.04247,73.0
1753533164536,12:32:44.536,CHZ/USDT:USDT,0.04244,18.0,0.04243,87.0,0.04246,17.0,0.04247,73.0
1753533164828,12:32:44.828,CHZ/USDT:USDT,0.04244,17.0,0.04243,87.0,0.04246,17.0,0.04247,73.0
1753533165166,12:32:45.166,CHZ/USDT:USDT,0.04244,18.0,0.04243,87.0,0.04246,17.0,0.04247,73.0
1753533165271,12:32:45.271,CHZ/USDT:USDT,0.04244,17.0,0.04243,87.0,0.04246,17.0,0.04247,73.0
1753533165345,12:32:45.345,CHZ/USDT:USDT,0.04244,18.0,0.04243,87.0,0.04246,17.0,0.04247,73.0
1753533165388,12:32:45.388,CHZ/USDT:USDT,0.04244,17.0,0.04243,87.0,0.04246,17.0,0.04247,73.0
1753533165582,12:32:45.582,CHZ/USDT:USDT,0.04244,17.0,0.04243,87.0,0.04246,17.0,0.04247,73.0
1753533165682,12:32:45.682,CHZ/USDT:USDT,0.04244,17.0,0.04243,87.0,0.04246,17.0,0.04247,73.0
1753533166048,12:32:46.048,CHZ/USDT:USDT,0.04244,17.0,0.04243,87.0,0.04246,18.0,0.04247,73.0
1753533166168,12:32:46.168,CHZ/USDT:USDT,0.04244,17.0,0.04243,87.0,0.04246,18.0,0.04247,73.0
1753533166273,12:32:46.273,CHZ/USDT:USDT,0.04244,17.0,0.04243,87.0,0.04246,18.0,0.04247,73.0
1753533166333,12:32:46.333,CHZ/USDT:USDT,0.04244,17.0,0.04243,87.0,0.04246,18.0,0.04247,73.0
1753533166448,12:32:46.448,CHZ/USDT:USDT,0.04244,17.0,0.04243,87.0,0.04246,18.0,0.04247,73.0
1753533166527,12:32:46.527,CHZ/USDT:USDT,0.04244,17.0,0.04243,87.0,0.04246,18.0,0.04247,73.0
1753533167168,12:32:47.168,CHZ/USDT:USDT,0.04244,17.0,0.04243,87.0,0.04246,18.0,0.04247,73.0
1753533167207,12:32:47.207,CHZ/USDT:USDT,0.04244,17.0,0.04243,87.0,0.04246,18.0,0.04247,73.0
1753533167385,12:32:47.385,CHZ/USDT:USDT,0.04244,17.0,0.04243,87.0,0.04246,18.0,0.04247,73.0
1753533167522,12:32:47.522,CHZ/USDT:USDT,0.04244,18.0,0.04243,87.0,0.04246,17.0,0.04247,73.0
1753533167659,12:32:47.659,CHZ/USDT:USDT,0.04244,17.0,0.04243,87.0,0.04246,18.0,0.04247,73.0
1753533167688,12:32:47.688,CHZ/USDT:USDT,0.04244,17.0,0.04243,87.0,0.04246,17.0,0.04247,73.0
1753533167801,12:32:47.801,CHZ/USDT:USDT,0.04244,17.0,0.04243,87.0,0.04246,18.0,0.04247,73.0
1753533167972,12:32:47.972,CHZ/USDT:USDT,0.04244,18.0,0.04243,87.0,0.04246,17.0,0.04247,73.0
1753533168083,12:32:48.083,CHZ/USDT:USDT,0.04244,17.0,0.04243,87.0,0.04246,18.0,0.04247,73.0
1753533168700,12:32:48.700,CHZ/USDT:USDT,0.04243,87.0,0.04242,58.0,0.04246,18.0,0.04247,73.0
1753533168869,12:32:48.869,CHZ/USDT:USDT,0.04244,17.0,0.04243,87.0,0.04246,18.0,0.04247,73.0
1753533168934,12:32:48.934,CHZ/USDT:USDT,0.04244,18.0,0.04243,87.0,0.04246,17.0,0.04247,73.0
1753533169035,12:32:49.035,CHZ/USDT:USDT,0.04244,18.0,0.04243,87.0,0.04246,17.0,0.04247,73.0
1753533169382,12:32:49.382,CHZ/USDT:USDT,0.04244,18.0,0.04243,87.0,0.04246,17.0,0.04247,73.0
1753533169540,12:32:49.540,CHZ/USDT:USDT,0.04244,18.0,0.04243,87.0,0.04246,17.0,0.04247,73.0
1753533169644,12:32:49.644,CHZ/USDT:USDT,0.04244,17.0,0.04243,87.0,0.04246,18.0,0.04247,73.0
1753533169914,12:32:49.914,CHZ/USDT:USDT,0.04243,87.0,0.04242,58.0,0.04246,18.0,0.04247,73.0
1753533170140,12:32:50.140,CHZ/USDT:USDT,0.04244,17.0,0.04243,87.0,0.04246,17.0,0.04247,73.0
1753533170252,12:32:50.252,CHZ/USDT:USDT,0.04244,19.0,0.04243,87.0,0.04246,17.0,0.04247,73.0
1753533170648,12:32:50.648,CHZ/USDT:USDT,0.04244,1.0,0.04243,87.0,0.04246,17.0,0.04247,73.0
1753533171128,12:32:51.128,CHZ/USDT:USDT,0.04243,87.0,0.04242,58.0,0.04246,17.0,0.04247,73.0
1753533171261,12:32:51.261,CHZ/USDT:USDT,0.04243,87.0,0.04242,58.0,0.04246,17.0,0.04247,73.0
1753533171306,12:32:51.306,CHZ/USDT:USDT,0.04244,19.0,0.04243,87.0,0.04246,17.0,0.04247,73.0
1753533171696,12:32:51.696,CHZ/USDT:USDT,0.04244,19.0,0.04243,87.0,0.04246,17.0,0.04247,73.0
1753533172648,12:32:52.648,CHZ/USDT:USDT,0.04244,17.0,0.04243,87.0,0.04246,17.0,0.04247,73.0
1753533173194,12:32:53.194,CHZ/USDT:USDT,0.04243,87.0,0.04242,58.0,0.04246,18.0,0.04247,73.0
1753533173307,12:32:53.307,CHZ/USDT:USDT,0.04243,87.0,0.04242,58.0,0.04246,18.0,0.04247,73.0
1753533173448,12:32:53.448,CHZ/USDT:USDT,0.04243,87.0,0.04242,58.0,0.04246,17.0,0.04247,73.0
1753533175324,12:32:55.324,CHZ/USDT:USDT,0.04244,19.0,0.04243,87.0,0.04246,17.0,0.04247,73.0
1753533175476,12:32:55.476,CHZ/USDT:USDT,0.04244,18.0,0.04243,87.0,0.04246,17.0,0.04247,73.0
1753533175489,12:32:55.489,CHZ/USDT:USDT,0.04244,18.0,0.04243,87.0,0.04246,18.0,0.04247,73.0
1753533176459,12:32:56.459,CHZ/USDT:USDT,0.04244,19.0,0.04243,87.0,0.04246,17.0,0.04247,73.0
1753533176682,12:32:56.682,CHZ/USDT:USDT,0.04244,19.0,0.04243,87.0,0.04246,17.0,0.04247,73.0
1753533178462,12:32:58.462,CHZ/USDT:USDT,0.04243,87.0,0.04242,58.0,0.04246,18.0,0.04247,73.0
1753533178591,12:32:58.591,CHZ/USDT:USDT,0.04243,87.0,0.04242,58.0,0.04246,17.0,0.04247,73.0
1753533178704,12:32:58.704,CHZ/USDT:USDT,0.04243,87.0,0.04242,58.0,0.04246,17.0,0.04247,73.0
1753533180875,12:33:00.875,CHZ/USDT:USDT,0.04243,16.0,0.04242,58.0,0.04246,17.0,0.04247,73.0
1753533180980,12:33:00.980,CHZ/USDT:USDT,0.04242,17.0,0.04241,21.0,0.04246,17.0,0.04247,73.0
1753533181000,12:33:01.000,CHZ/USDT:USDT,0.04242,17.0,0.04241,62.0,0.04246,17.0,0.04247,73.0
1753533181135,12:33:01.135,CHZ/USDT:USDT,0.04242,17.0,0.04241,62.0,0.04246,17.0,0.04247,73.0
1753533181273,12:33:01.273,CHZ/USDT:USDT,0.04242,17.0,0.04241,58.0,0.04246,17.0,0.04247,73.0
1753533181853,12:33:01.853,CHZ/USDT:USDT,0.04242,17.0,0.04241,58.0,0.04246,17.0,0.04247,73.0
1753533182351,12:33:02.351,CHZ/USDT:USDT,0.04242,17.0,0.04241,58.0,0.04246,17.0,0.04247,73.0
1753533182763,12:33:02.763,CHZ/USDT:USDT,0.04242,17.0,0.04241,58.0,0.04246,17.0,0.04247,73.0
1753533184858,12:33:04.858,CHZ/USDT:USDT,0.04243,16.0,0.04242,86.0,0.04246,17.0,0.04247,73.0
1753533185186,12:33:05.186,CHZ/USDT:USDT,0.04243,16.0,0.04242,86.0,0.04246,17.0,0.04247,73.0
1753533185897,12:33:05.897,CHZ/USDT:USDT,0.04243,16.0,0.04242,86.0,0.04246,17.0,0.04247,73.0
1753533190914,12:33:10.914,CHZ/USDT:USDT,0.04243,16.0,0.04242,86.0,0.04246,17.0,0.04247,73.0
1753533191692,12:33:11.692,CHZ/USDT:USDT,0.04243,16.0,0.04242,86.0,0.04246,17.0,0.04247,73.0
1753533196562,12:33:16.562,CHZ/USDT:USDT,0.04243,16.0,0.04242,86.0,0.04246,17.0,0.04247,73.0
1753533201617,12:33:21.617,CHZ/USDT:USDT,0.04243,16.0,0.04242,86.0,0.04246,17.0,0.04247,73.0
1753533201694,12:33:21.694,CHZ/USDT:USDT,0.04243,16.0,0.04242,86.0,0.04246,17.0,0.04247,73.0
1753533201828,12:33:21.828,CHZ/USDT:USDT,0.04243,16.0,0.04242,86.0,0.04246,17.0,0.04247,73.0
1753533202085,12:33:22.085,CHZ/USDT:USDT,0.04243,16.0,0.04242,86.0,0.04246,17.0,0.04247,73.0
1753533202086,12:33:22.086,CHZ/USDT:USDT,0.04243,16.0,0.04242,86.0,0.04246,17.0,0.04247,73.0
1753533203385,12:33:23.385,CHZ/USDT:USDT,0.04243,16.0,0.04242,86.0,0.04246,17.0,0.04247,73.0
1753533203387,12:33:23.387,CHZ/USDT:USDT,0.04243,16.0,0.04242,86.0,0.04246,17.0,0.04247,73.0
1753533203707,12:33:23.707,CHZ/USDT:USDT,0.04243,16.0,0.04242,86.0,0.04246,17.0,0.04247,73.0
1753533204928,12:33:24.928,CHZ/USDT:USDT,0.04243,16.0,0.04242,86.0,0.04246,17.0,0.04247,73.0
1753533206376,12:33:26.376,CHZ/USDT:USDT,0.04243,16.0,0.04242,86.0,0.04246,17.0,0.04247,73.0
1753533209374,12:33:29.374,CHZ/USDT:USDT,0.04243,16.0,0.04242,86.0,0.04246,17.0,0.04247,73.0
1753533211074,12:33:31.074,CHZ/USDT:USDT,0.04243,16.0,0.04242,86.0,0.04246,17.0,0.04247,73.0
1753533213640,12:33:33.640,CHZ/USDT:USDT,0.04243,16.0,0.04242,86.0,0.04246,17.0,0.04247,73.0
1753533214631,12:33:34.631,CHZ/USDT:USDT,0.04243,16.0,0.04242,86.0,0.04246,17.0,0.04247,73.0
1753533214729,12:33:34.729,CHZ/USDT:USDT,0.04243,16.0,0.04242,86.0,0.04246,17.0,0.04247,73.0
1753533216359,12:33:36.359,CHZ/USDT:USDT,0.04243,16.0,0.04242,86.0,0.04246,17.0,0.04247,73.0
1753533217283,12:33:37.283,CHZ/USDT:USDT,0.04243,16.0,0.04242,86.0,0.04246,17.0,0.04247,73.0
1753533217334,12:33:37.334,CHZ/USDT:USDT,0.04243,16.0,0.04242,86.0,0.04246,17.0,0.04247,73.0
1753533218029,12:33:38.029,CHZ/USDT:USDT,0.04242,86.0,0.04241,58.0,0.04246,17.0,0.04247,73.0
1753533218090,12:33:38.090,CHZ/USDT:USDT,0.04243,17.0,0.04242,86.0,0.04246,17.0,0.04247,73.0
1753533218271,12:33:38.271,CHZ/USDT:USDT,0.04243,17.0,0.04242,86.0,0.04246,17.0,0.04247,73.0
1753533237421,12:33:57.421,CHZ/USDT:USDT,0.04243,17.0,0.04242,86.0,0.04246,17.0,0.04247,73.0
1753533237575,12:33:57.575,CHZ/USDT:USDT,0.04243,17.0,0.04242,86.0,0.04246,17.0,0.04247,73.0
1753533241129,12:34:01.129,CHZ/USDT:USDT,0.04243,17.0,0.04242,86.0,0.04246,17.0,0.04247,73.0
1753533244318,12:34:04.318,CHZ/USDT:USDT,0.04243,17.0,0.04242,86.0,0.04246,17.0,0.04247,73.0
1753533250770,12:34:10.770,CHZ/USDT:USDT,0.04243,17.0,0.04242,86.0,0.04246,17.0,0.04247,73.0
1753533250788,12:34:10.788,CHZ/USDT:USDT,0.04243,17.0,0.04242,86.0,0.04246,17.0,0.04247,73.0
1753533252163,12:34:12.163,CHZ/USDT:USDT,0.04242,86.0,0.04241,58.0,0.04246,17.0,0.04247,73.0
1753533252206,12:34:12.206,CHZ/USDT:USDT,0.04243,17.0,0.04242,86.0,0.04246,17.0,0.04247,73.0
1753533252464,12:34:12.464,CHZ/USDT:USDT,0.04243,17.0,0.04242,86.0,0.04246,17.0,0.04247,73.0
1753533252879,12:34:12.879,CHZ/USDT:USDT,0.04242,86.0,0.04241,58.0,0.04246,17.0,0.04247,73.0
1753533253198,12:34:13.198,CHZ/USDT:USDT,0.04243,17.0,0.04242,86.0,0.04246,17.0,0.04247,73.0
1753533253294,12:34:13.294,CHZ/USDT:USDT,0.04243,17.0,0.04242,86.0,0.04246,17.0,0.04247,73.0
1753533253547,12:34:13.547,CHZ/USDT:USDT,0.04243,17.0,0.04242,86.0,0.04246,17.0,0.04247,73.0
1753533254374,12:34:14.374,CHZ/USDT:USDT,0.04243,17.0,0.04242,86.0,0.04247,85.0,0.04248,119.0
1753533254388,12:34:14.388,CHZ/USDT:USDT,0.04243,17.0,0.04242,86.0,0.04246,17.0,0.04247,85.0
1753533256249,12:34:16.249,CHZ/USDT:USDT,0.04243,17.0,0.04242,86.0,0.04246,17.0,0.04247,85.0
1753533257767,12:34:17.767,CHZ/USDT:USDT,0.04243,17.0,0.04242,86.0,0.04246,17.0,0.04247,85.0
1753533260179,12:34:20.179,CHZ/USDT:USDT,0.04243,17.0,0.04242,86.0,0.04246,17.0,0.04247,85.0
1753533260188,12:34:20.188,CHZ/USDT:USDT,0.04243,17.0,0.04242,86.0,0.04246,17.0,0.04247,85.0
1753533271177,12:34:31.177,CHZ/USDT:USDT,0.04243,17.0,0.04242,86.0,0.04246,17.0,0.04247,85.0
1753533271201,12:34:31.201,CHZ/USDT:USDT,0.04243,17.0,0.04242,86.0,0.04246,17.0,0.04247,85.0
1753533279208,12:34:39.208,CHZ/USDT:USDT,0.04243,17.0,0.04242,86.0,0.04246,17.0,0.04247,85.0
1753533280980,12:34:40.980,CHZ/USDT:USDT,0.04242,17.0,0.04241,58.0,0.04246,17.0,0.04247,237.0
1753533281040,12:34:41.040,CHZ/USDT:USDT,0.04242,17.0,0.04241,58.0,0.04246,17.0,0.04247,237.0
1753533281181,12:34:41.181,CHZ/USDT:USDT,0.04241,17.0,0.0424,62.0,0.04246,17.0,0.04247,237.0
1753533281228,12:34:41.228,CHZ/USDT:USDT,0.04241,17.0,0.0424,62.0,0.04246,17.0,0.04247,237.0
1753533281458,12:34:41.458,CHZ/USDT:USDT,0.04241,17.0,0.0424,62.0,0.04246,17.0,0.04247,237.0
1753533281613,12:34:41.613,CHZ/USDT:USDT,0.04241,17.0,0.0424,58.0,0.04245,17.0,0.04246,17.0
1753533281753,12:34:41.753,CHZ/USDT:USDT,0.04241,17.0,0.0424,58.0,0.04246,17.0,0.04247,237.0
1753533281985,12:34:41.985,CHZ/USDT:USDT,0.04241,17.0,0.0424,121.0,0.04245,17.0,0.04246,17.0
1753533282000,12:34:42.000,CHZ/USDT:USDT,0.04241,17.0,0.0424,121.0,0.04245,17.0,0.04246,17.0
1753533282159,12:34:42.159,CHZ/USDT:USDT,0.04241,17.0,0.0424,121.0,0.04246,17.0,0.04247,237.0
1753533282272,12:34:42.272,CHZ/USDT:USDT,0.04241,17.0,0.0424,121.0,0.04246,17.0,0.04247,237.0
1753533282719,12:34:42.719,CHZ/USDT:USDT,0.04241,17.0,0.0424,121.0,0.04246,17.0,0.04247,237.0
1753533282935,12:34:42.935,CHZ/USDT:USDT,0.04242,17.0,0.04241,88.0,0.04246,17.0,0.04247,237.0
1753533283170,12:34:43.170,CHZ/USDT:USDT,0.04242,17.0,0.04241,88.0,0.04246,17.0,0.04247,237.0
1753533284833,12:34:44.833,CHZ/USDT:USDT,0.04242,17.0,0.04241,88.0,0.04244,17.0,0.04245,19.0
1753533285358,12:34:45.358,CHZ/USDT:USDT,0.04242,17.0,0.04241,88.0,0.04244,18.0,0.04245,18.0
1753533286971,12:34:46.971,CHZ/USDT:USDT,0.04242,17.0,0.04241,88.0,0.04244,18.0,0.04245,18.0
1753533287457,12:34:47.457,CHZ/USDT:USDT,0.04242,17.0,0.04241,88.0,0.04244,17.0,0.04245,18.0
1753533287548,12:34:47.548,CHZ/USDT:USDT,0.04242,17.0,0.04241,88.0,0.04244,18.0,0.04245,18.0
1753533287611,12:34:47.611,CHZ/USDT:USDT,0.04242,17.0,0.04241,88.0,0.04244,19.0,0.04245,17.0
1753533288473,12:34:48.473,CHZ/USDT:USDT,0.04242,17.0,0.04241,88.0,0.04246,17.0,0.04247,237.0
1753533288685,12:34:48.685,CHZ/USDT:USDT,0.04242,17.0,0.04241,88.0,0.04246,17.0,0.04247,237.0
1753533288969,12:34:48.969,CHZ/USDT:USDT,0.04242,17.0,0.04241,88.0,0.04246,17.0,0.04247,237.0
1753533289368,12:34:49.368,CHZ/USDT:USDT,0.04242,17.0,0.04241,88.0,0.04246,17.0,0.04247,237.0
1753533289390,12:34:49.390,CHZ/USDT:USDT,0.04242,17.0,0.04241,88.0,0.04246,17.0,0.04247,237.0
1753533289962,12:34:49.962,CHZ/USDT:USDT,0.04242,17.0,0.04241,88.0,0.04246,17.0,0.04247,237.0
1753533291108,12:34:51.108,CHZ/USDT:USDT,0.04242,17.0,0.04241,88.0,0.04246,17.0,0.04247,237.0
1753533291873,12:34:51.873,CHZ/USDT:USDT,0.04242,17.0,0.04241,88.0,0.04246,17.0,0.04247,237.0
1753533291893,12:34:51.893,CHZ/USDT:USDT,0.04242,17.0,0.04241,88.0,0.04246,17.0,0.04247,237.0
1753533294177,12:34:54.177,CHZ/USDT:USDT,0.04242,17.0,0.04241,88.0,0.04246,17.0,0.04247,237.0
1753533294188,12:34:54.188,CHZ/USDT:USDT,0.04242,17.0,0.04241,88.0,0.04246,17.0,0.04247,237.0
1753533297545,12:34:57.545,CHZ/USDT:USDT,0.04242,17.0,0.04241,88.0,0.04246,17.0,0.04247,237.0
1753533297588,12:34:57.588,CHZ/USDT:USDT,0.04242,17.0,0.04241,88.0,0.04246,17.0,0.04247,237.0
1753533299378,12:34:59.378,CHZ/USDT:USDT,0.04242,17.0,0.04241,88.0,0.04246,17.0,0.04247,237.0
1753533299408,12:34:59.408,CHZ/USDT:USDT,0.04242,17.0,0.04241,88.0,0.04246,17.0,0.04247,237.0
1753533300308,12:35:00.308,CHZ/USDT:USDT,0.04242,17.0,0.04241,88.0,0.04246,17.0,0.04247,237.0
1753533300468,12:35:00.468,CHZ/USDT:USDT,0.04242,17.0,0.04241,88.0,0.04246,17.0,0.04247,85.0
1753533300870,12:35:00.870,CHZ/USDT:USDT,0.04242,19.0,0.04241,88.0,0.04245,17.0,0.04246,158.0
1753533300912,12:35:00.912,CHZ/USDT:USDT,0.04242,18.0,0.04241,88.0,0.04244,16.0,0.04245,17.0
1753533301172,12:35:01.172,CHZ/USDT:USDT,0.04243,18.0,0.04242,17.0,0.04245,16.0,0.04246,17.0
1753533301277,12:35:01.277,CHZ/USDT:USDT,0.04243,17.0,0.04242,17.0,0.04245,16.0,0.04246,17.0
1753533301372,12:35:01.372,CHZ/USDT:USDT,0.04243,16.0,0.04242,19.0,0.04245,16.0,0.04246,18.0
1753533301389,12:35:01.389,CHZ/USDT:USDT,0.04243,18.0,0.04242,17.0,0.04245,16.0,0.04246,18.0
1753533301575,12:35:01.575,CHZ/USDT:USDT,0.04242,17.0,0.04241,88.0,0.04244,16.0,0.04245,17.0
1753533301652,12:35:01.652,CHZ/USDT:USDT,0.04242,18.0,0.04241,88.0,0.04244,16.0,0.04245,17.0
1753533301772,12:35:01.772,CHZ/USDT:USDT,0.04243,17.0,0.04242,17.0,0.04245,16.0,0.04246,18.0
1753533301875,12:35:01.875,CHZ/USDT:USDT,0.04243,16.0,0.04242,17.0,0.04245,17.0,0.04246,18.0
1753533301968,12:35:01.968,CHZ/USDT:USDT,0.04243,17.0,0.04242,18.0,0.04245,16.0,0.04246,18.0
1753533302035,12:35:02.035,CHZ/USDT:USDT,0.04243,18.0,0.04242,17.0,0.04245,16.0,0.04246,18.0
1753533302102,12:35:02.102,CHZ/USDT:USDT,0.04243,18.0,0.04242,17.0,0.04245,16.0,0.04246,18.0
1753533302473,12:35:02.473,CHZ/USDT:USDT,0.04242,17.0,0.04241,88.0,0.04245,16.0,0.04246,17.0
1753533302568,12:35:02.568,CHZ/USDT:USDT,0.04243,18.0,0.04242,17.0,0.04245,16.0,0.04246,17.0
1753533302686,12:35:02.686,CHZ/USDT:USDT,0.04243,18.0,0.04242,17.0,0.04246,19.0,0.04247,85.0
1753533302748,12:35:02.748,CHZ/USDT:USDT,0.04243,18.0,0.04242,17.0,0.04245,16.0,0.04246,18.0
1753533302858,12:35:02.858,CHZ/USDT:USDT,0.04243,18.0,0.04242,17.0,0.04245,16.0,0.04246,18.0
1753533303179,12:35:03.179,CHZ/USDT:USDT,0.04243,18.0,0.04242,17.0,0.04245,16.0,0.04246,17.0
1753533303188,12:35:03.188,CHZ/USDT:USDT,0.04243,18.0,0.04242,17.0,0.04246,17.0,0.04247,85.0
1753533303433,12:35:03.433,CHZ/USDT:USDT,0.04243,18.0,0.04242,17.0,0.04246,18.0,0.04247,85.0
1753533303570,12:35:03.570,CHZ/USDT:USDT,0.04243,18.0,0.04242,17.0,0.04246,19.0,0.04247,85.0
1753533303685,12:35:03.685,CHZ/USDT:USDT,0.04243,18.0,0.04242,17.0,0.04245,16.0,0.04246,19.0
1753533303768,12:35:03.768,CHZ/USDT:USDT,0.04244,16.0,0.04243,17.0,0.04246,18.0,0.04247,85.0
1753533303828,12:35:03.828,CHZ/USDT:USDT,0.04243,18.0,0.04242,17.0,0.04245,16.0,0.04246,18.0
1753533303915,12:35:03.915,CHZ/USDT:USDT,0.04243,17.0,0.04242,17.0,0.04245,16.0,0.04246,18.0
1753533304074,12:35:04.074,CHZ/USDT:USDT,0.04243,18.0,0.04242,17.0,0.04245,16.0,0.04246,18.0
1753533304088,12:35:04.088,CHZ/USDT:USDT,0.04243,17.0,0.04242,17.0,0.04245,16.0,0.04246,18.0
1753533304248,12:35:04.248,CHZ/USDT:USDT,0.04243,16.0,0.04242,19.0,0.04245,16.0,0.04246,18.0
1753533304331,12:35:04.331,CHZ/USDT:USDT,0.04243,18.0,0.04242,17.0,0.04245,16.0,0.04246,18.0
1753533304884,12:35:04.884,CHZ/USDT:USDT,0.04243,18.0,0.04242,17.0,0.04245,16.0,0.04246,17.0
1753533304983,12:35:04.983,CHZ/USDT:USDT,0.04243,18.0,0.04242,17.0,0.04245,16.0,0.04246,19.0
1753533305027,12:35:05.027,CHZ/USDT:USDT,0.04243,18.0,0.04242,17.0,0.04245,16.0,0.04246,18.0
1753533305351,12:35:05.351,CHZ/USDT:USDT,0.04243,18.0,0.04242,17.0,0.04245,16.0,0.04246,18.0
1753533305751,12:35:05.751,CHZ/USDT:USDT,0.04243,18.0,0.04242,17.0,0.04245,16.0,0.04246,17.0
1753533305899,12:35:05.899,CHZ/USDT:USDT,0.04243,18.0,0.04242,17.0,0.04246,17.0,0.04247,85.0
1753533306084,12:35:06.084,CHZ/USDT:USDT,0.04243,17.0,0.04242,17.0,0.04246,19.0,0.04247,85.0
1753533306168,12:35:06.168,CHZ/USDT:USDT,0.04243,16.0,0.04242,19.0,0.04245,16.0,0.04246,18.0
1753533306571,12:35:06.571,CHZ/USDT:USDT,0.04243,18.0,0.04242,17.0,0.04245,16.0,0.04246,17.0
1753533306751,12:35:06.751,CHZ/USDT:USDT,0.04243,18.0,0.04242,17.0,0.04245,16.0,0.04246,18.0
1753533306880,12:35:06.880,CHZ/USDT:USDT,0.04243,18.0,0.04242,17.0,0.04246,17.0,0.04247,85.0
1753533306948,12:35:06.948,CHZ/USDT:USDT,0.04243,18.0,0.04242,17.0,0.04245,16.0,0.04246,18.0
1753533307073,12:35:07.073,CHZ/USDT:USDT,0.04243,18.0,0.04242,17.0,0.04245,16.0,0.04246,17.0
1753533307120,12:35:07.120,CHZ/USDT:USDT,0.04243,18.0,0.04242,17.0,0.04246,17.0,0.04247,85.0
1753533307727,12:35:07.727,CHZ/USDT:USDT,0.04243,18.0,0.04242,17.0,0.04245,16.0,0.04246,17.0
1753533307877,12:35:07.877,CHZ/USDT:USDT,0.04242,17.0,0.04241,88.0,0.04246,17.0,0.04247,85.0
1753533308160,12:35:08.160,CHZ/USDT:USDT,0.04242,17.0,0.04241,88.0,0.04246,17.0,0.04247,85.0
1753533308471,12:35:08.471,CHZ/USDT:USDT,0.04242,17.0,0.04241,88.0,0.04246,17.0,0.04247,85.0
1753533308573,12:35:08.573,CHZ/USDT:USDT,0.04242,17.0,0.04241,88.0,0.04246,17.0,0.04247,85.0
1753533311166,12:35:11.166,CHZ/USDT:USDT,0.04242,17.0,0.04241,88.0,0.04246,17.0,0.04247,85.0
1753533311191,12:35:11.191,CHZ/USDT:USDT,0.04242,17.0,0.04241,88.0,0.04246,17.0,0.04247,85.0
1753533311460,12:35:11.460,CHZ/USDT:USDT,0.04242,17.0,0.04241,88.0,0.04246,17.0,0.04247,85.0
1753533330254,12:35:30.254,CHZ/USDT:USDT,0.04242,17.0,0.04241,88.0,0.04246,17.0,0.04247,85.0
1753533331268,12:35:31.268,CHZ/USDT:USDT,0.04242,17.0,0.04241,88.0,0.04246,17.0,0.04247,85.0
1753533333008,12:35:33.008,CHZ/USDT:USDT,0.04242,17.0,0.04241,88.0,0.04246,17.0,0.04247,237.0
1753533333490,12:35:33.490,CHZ/USDT:USDT,0.04242,17.0,0.04241,88.0,0.04246,17.0,0.04247,237.0
1753533336268,12:35:36.268,CHZ/USDT:USDT,0.04242,17.0,0.04241,88.0,0.04246,17.0,0.04247,85.0
1753533336348,12:35:36.348,CHZ/USDT:USDT,0.04242,17.0,0.04241,88.0,0.04246,17.0,0.04247,85.0
1753533339641,12:35:39.641,CHZ/USDT:USDT,0.04242,17.0,0.04241,88.0,0.04246,17.0,0.04247,85.0
1753533341276,12:35:41.276,CHZ/USDT:USDT,0.04242,17.0,0.04241,88.0,0.04246,17.0,0.04247,85.0
1753533344768,12:35:44.768,CHZ/USDT:USDT,0.04242,17.0,0.04241,88.0,0.04246,17.0,0.04247,85.0
1753533345522,12:35:45.522,CHZ/USDT:USDT,0.04242,17.0,0.04241,88.0,0.04246,17.0,0.04247,85.0
1753533345683,12:35:45.683,CHZ/USDT:USDT,0.04242,17.0,0.04241,88.0,0.04246,17.0,0.04247,85.0
1753533345689,12:35:45.689,CHZ/USDT:USDT,0.04242,17.0,0.04241,88.0,0.04246,17.0,0.04247,85.0
1753533347744,12:35:47.744,CHZ/USDT:USDT,0.04242,17.0,0.04241,88.0,0.04246,17.0,0.04247,85.0
1753533348754,12:35:48.754,CHZ/USDT:USDT,0.04242,17.0,0.04241,88.0,0.04246,17.0,0.04247,85.0
1753533349175,12:35:49.175,CHZ/USDT:USDT,0.04242,17.0,0.04241,88.0,0.04246,17.0,0.04247,85.0
1753533351371,12:35:51.371,CHZ/USDT:USDT,0.04242,17.0,0.04241,88.0,0.04246,17.0,0.04247,85.0
1753533351432,12:35:51.432,CHZ/USDT:USDT,0.04242,17.0,0.04241,88.0,0.04246,17.0,0.04247,85.0
1753533352382,12:35:52.382,CHZ/USDT:USDT,0.04243,16.0,0.04242,136.0,0.04247,16.0,0.04248,119.0
1753533352463,12:35:52.463,CHZ/USDT:USDT,0.04243,16.0,0.04242,136.0,0.04247,16.0,0.04248,119.0
1753533352528,12:35:52.528,CHZ/USDT:USDT,0.04243,16.0,0.04242,136.0,0.04247,16.0,0.04248,119.0
1753533352629,12:35:52.629,CHZ/USDT:USDT,0.04243,16.0,0.04242,136.0,0.04247,16.0,0.04248,119.0
1753533352827,12:35:52.827,CHZ/USDT:USDT,0.04243,16.0,0.04242,136.0,0.04247,16.0,0.04248,119.0
1753533354169,12:35:54.169,CHZ/USDT:USDT,0.04243,16.0,0.04242,136.0,0.04247,16.0,0.04248,119.0
1753533354425,12:35:54.425,CHZ/USDT:USDT,0.04243,16.0,0.04242,136.0,0.04247,16.0,0.04248,119.0
1753533354928,12:35:54.928,CHZ/USDT:USDT,0.04243,16.0,0.04242,136.0,0.04247,16.0,0.04248,119.0
1753533355428,12:35:55.428,CHZ/USDT:USDT,0.04245,16.0,0.04244,17.0,0.04247,17.0,0.04248,119.0
1753533355650,12:35:55.650,CHZ/USDT:USDT,0.04245,16.0,0.04244,17.0,0.04247,17.0,0.04248,119.0
1753533355707,12:35:55.707,CHZ/USDT:USDT,0.04245,16.0,0.04244,17.0,0.04247,16.0,0.04248,119.0
1753533355856,12:35:55.856,CHZ/USDT:USDT,0.04245,16.0,0.04244,17.0,0.04247,18.0,0.04248,119.0
1753533356408,12:35:56.408,CHZ/USDT:USDT,0.04245,16.0,0.04244,17.0,0.04247,17.0,0.04248,119.0
1753533356488,12:35:56.488,CHZ/USDT:USDT,0.04245,16.0,0.04244,17.0,0.04247,16.0,0.04248,119.0
1753533357329,12:35:57.329,CHZ/USDT:USDT,0.04245,16.0,0.04244,17.0,0.04247,18.0,0.04248,119.0
1753533357712,12:35:57.712,CHZ/USDT:USDT,0.04245,16.0,0.04244,17.0,0.04247,18.0,0.04248,119.0
1753533358367,12:35:58.367,CHZ/USDT:USDT,0.04245,16.0,0.04244,17.0,0.04247,18.0,0.04248,119.0
1753533358630,12:35:58.630,CHZ/USDT:USDT,0.04245,18.0,0.04244,16.0,0.04247,16.0,0.04249,71.0
1753533359485,12:35:59.485,CHZ/USDT:USDT,0.04245,16.0,0.04244,16.0,0.04247,16.0,0.04249,71.0
1753533359489,12:35:59.489,CHZ/USDT:USDT,0.04244,16.0,0.04243,84.0,0.04247,16.0,0.04249,71.0
1753533359682,12:35:59.682,CHZ/USDT:USDT,0.04244,16.0,0.04243,84.0,0.04247,16.0,0.04249,71.0
1753533360349,12:36:00.349,CHZ/USDT:USDT,0.04245,16.0,0.04244,17.0,0.04247,16.0,0.04249,71.0
1753533360571,12:36:00.571,CHZ/USDT:USDT,0.04244,16.0,0.04243,84.0,0.04247,17.0,0.04249,71.0
1753533360782,12:36:00.782,CHZ/USDT:USDT,0.04244,17.0,0.04243,84.0,0.04247,16.0,0.04249,71.0
1753533360849,12:36:00.849,CHZ/USDT:USDT,0.04245,17.0,0.04244,17.0,0.04247,16.0,0.04249,71.0
1753533360914,12:36:00.914,CHZ/USDT:USDT,0.04245,17.0,0.04244,17.0,0.04247,16.0,0.04249,71.0
1753533361398,12:36:01.398,CHZ/USDT:USDT,0.04245,18.0,0.04244,16.0,0.04247,16.0,0.04249,71.0
1753533361774,12:36:01.774,CHZ/USDT:USDT,0.04246,16.0,0.04245,16.0,0.04248,16.0,0.04249,1.0
1753533361824,12:36:01.824,CHZ/USDT:USDT,0.04246,16.0,0.04245,16.0,0.04248,17.0,0.04249,1.0
1753533361948,12:36:01.948,CHZ/USDT:USDT,0.04244,16.0,0.04243,84.0,0.04248,17.0,0.04249,1.0
1753533362133,12:36:02.133,CHZ/USDT:USDT,0.04244,16.0,0.04243,84.0,0.04248,17.0,0.04249,1.0
1753533362382,12:36:02.382,CHZ/USDT:USDT,0.04244,16.0,0.04243,84.0,0.04248,17.0,0.04249,1.0
1753533362386,12:36:02.386,CHZ/USDT:USDT,0.04244,16.0,0.04243,84.0,0.04248,17.0,0.04249,1.0
1753533362529,12:36:02.529,CHZ/USDT:USDT,0.04244,16.0,0.04243,84.0,0.04248,16.0,0.04249,1.0
1753533363748,12:36:03.748,CHZ/USDT:USDT,0.04244,16.0,0.04243,84.0,0.0425,17.0,0.04251,119.0
1753533363848,12:36:03.848,CHZ/USDT:USDT,0.04244,16.0,0.04243,84.0,0.0425,17.0,0.04251,119.0
1753533364157,12:36:04.157,CHZ/USDT:USDT,0.04244,16.0,0.04243,84.0,0.0425,17.0,0.04251,119.0
1753533364343,12:36:04.343,CHZ/USDT:USDT,0.04244,16.0,0.04243,84.0,0.0425,17.0,0.04251,119.0
1753533364752,12:36:04.752,CHZ/USDT:USDT,0.04244,16.0,0.04243,84.0,0.04249,16.0,0.0425,86.0
1753533364977,12:36:04.977,CHZ/USDT:USDT,0.04244,16.0,0.04243,84.0,0.04249,16.0,0.0425,86.0
1753533366728,12:36:06.728,CHZ/USDT:USDT,0.04244,16.0,0.04243,84.0,0.04249,16.0,0.0425,86.0
1753533367218,12:36:07.218,CHZ/USDT:USDT,0.04244,16.0,0.04243,153.0,0.04249,16.0,0.0425,86.0
1753533368754,12:36:08.754,CHZ/USDT:USDT,0.04244,16.0,0.04243,153.0,0.04249,16.0,0.0425,86.0
1753533369020,12:36:09.020,CHZ/USDT:USDT,0.04244,16.0,0.04243,153.0,0.04249,16.0,0.0425,86.0
1753533369178,12:36:09.178,CHZ/USDT:USDT,0.04244,16.0,0.04243,153.0,0.04249,16.0,0.0425,86.0
1753533369272,12:36:09.272,CHZ/USDT:USDT,0.04244,16.0,0.04243,153.0,0.04249,16.0,0.0425,86.0
1753533369310,12:36:09.310,CHZ/USDT:USDT,0.04244,16.0,0.04243,153.0,0.04249,16.0,0.0425,86.0
1753533369735,12:36:09.735,CHZ/USDT:USDT,0.04244,16.0,0.04243,153.0,0.04249,16.0,0.0425,86.0
1753533370144,12:36:10.144,CHZ/USDT:USDT,0.04244,16.0,0.04243,153.0,0.04249,16.0,0.0425,86.0
1753533370348,12:36:10.348,CHZ/USDT:USDT,0.04244,16.0,0.04243,153.0,0.04249,16.0,0.0425,86.0
1753533371369,12:36:11.369,CHZ/USDT:USDT,0.04244,16.0,0.04243,153.0,0.04249,16.0,0.0425,86.0
1753533372653,12:36:12.653,CHZ/USDT:USDT,0.04244,16.0,0.04243,153.0,0.04249,16.0,0.0425,86.0
1753533373766,12:36:13.766,CHZ/USDT:USDT,0.04244,16.0,0.04243,153.0,0.04249,16.0,0.0425,86.0
1753533373808,12:36:13.808,CHZ/USDT:USDT,0.04244,16.0,0.04243,266.0,0.04249,16.0,0.0425,86.0
1753533374139,12:36:14.139,CHZ/USDT:USDT,0.04244,16.0,0.04243,266.0,0.04249,16.0,0.0425,86.0
1753533377066,12:36:17.066,CHZ/USDT:USDT,0.04244,16.0,0.04243,266.0,0.04249,16.0,0.0425,86.0
1753533380175,12:36:20.175,CHZ/USDT:USDT,0.04244,16.0,0.04243,266.0,0.04249,16.0,0.0425,86.0
1753533383883,12:36:23.883,CHZ/USDT:USDT,0.04245,16.0,0.04244,86.0,0.0425,86.0,0.04251,119.0
1753533383966,12:36:23.966,CHZ/USDT:USDT,0.04245,16.0,0.04244,202.0,0.0425,86.0,0.04251,119.0
1753533384048,12:36:24.048,CHZ/USDT:USDT,0.04245,16.0,0.04244,202.0,0.0425,86.0,0.04251,119.0
1753533384172,12:36:24.172,CHZ/USDT:USDT,0.04245,16.0,0.04244,202.0,0.0425,86.0,0.04251,119.0
1753533384328,12:36:24.328,CHZ/USDT:USDT,0.04245,16.0,0.04244,202.0,0.0425,17.0,0.04251,119.0
1753533384453,12:36:24.453,CHZ/USDT:USDT,0.04245,16.0,0.04244,202.0,0.0425,17.0,0.04251,119.0
1753533384846,12:36:24.846,CHZ/USDT:USDT,0.04246,16.0,0.04245,84.0,0.0425,17.0,0.04251,190.0
1753533385033,12:36:25.033,CHZ/USDT:USDT,0.04246,16.0,0.04245,84.0,0.0425,17.0,0.04251,190.0
1753533385109,12:36:25.109,CHZ/USDT:USDT,0.04246,16.0,0.04245,84.0,0.0425,17.0,0.04251,190.0
1753533386778,12:36:26.778,CHZ/USDT:USDT,0.04246,16.0,0.04245,84.0,0.0425,17.0,0.04251,190.0
1753533386789,12:36:26.789,CHZ/USDT:USDT,0.04246,16.0,0.04245,84.0,0.0425,17.0,0.04251,190.0
1753533386928,12:36:26.928,CHZ/USDT:USDT,0.04246,16.0,0.04245,84.0,0.0425,17.0,0.04251,190.0
1753533388177,12:36:28.177,CHZ/USDT:USDT,0.04246,16.0,0.04245,84.0,0.0425,17.0,0.04251,190.0
1753533388188,12:36:28.188,CHZ/USDT:USDT,0.04246,16.0,0.04245,84.0,0.0425,17.0,0.04251,190.0
1753533388885,12:36:28.885,CHZ/USDT:USDT,0.04246,16.0,0.04245,84.0,0.0425,17.0,0.04251,190.0
1753533390168,12:36:30.168,CHZ/USDT:USDT,0.04246,16.0,0.04245,84.0,0.0425,17.0,0.04251,190.0
1753533391149,12:36:31.149,CHZ/USDT:USDT,0.04246,16.0,0.04245,84.0,0.0425,17.0,0.04251,190.0
1753533394245,12:36:34.245,CHZ/USDT:USDT,0.04246,16.0,0.04245,84.0,0.0425,17.0,0.04251,190.0
1753533397401,12:36:37.401,CHZ/USDT:USDT,0.04246,16.0,0.04245,84.0,0.0425,17.0,0.04251,190.0
1753533397593,12:36:37.593,CHZ/USDT:USDT,0.04246,16.0,0.04245,84.0,0.0425,17.0,0.04251,190.0
1753533398870,12:36:38.870,CHZ/USDT:USDT,0.04246,16.0,0.04245,84.0,0.0425,17.0,0.04251,190.0
1753533398893,12:36:38.893,CHZ/USDT:USDT,0.04246,16.0,0.04245,84.0,0.0425,17.0,0.04251,190.0
1753533401376,12:36:41.376,CHZ/USDT:USDT,0.04246,16.0,0.04245,84.0,0.0425,17.0,0.04251,190.0
1753533401481,12:36:41.481,CHZ/USDT:USDT,0.04246,16.0,0.04245,84.0,0.0425,17.0,0.04251,190.0
1753533401568,12:36:41.568,CHZ/USDT:USDT,0.04246,16.0,0.04245,84.0,0.0425,17.0,0.04251,190.0
1753533401768,12:36:41.768,CHZ/USDT:USDT,0.04246,16.0,0.04245,84.0,0.0425,17.0,0.04251,190.0
1753533401928,12:36:41.928,CHZ/USDT:USDT,0.04246,16.0,0.04245,84.0,0.0425,17.0,0.04251,190.0
1753533402462,12:36:42.462,CHZ/USDT:USDT,0.04247,16.0,0.04246,85.0,0.0425,19.0,0.04251,190.0
1753533402842,12:36:42.842,CHZ/USDT:USDT,0.04247,16.0,0.04246,85.0,0.0425,19.0,0.04251,190.0
1753533402906,12:36:42.906,CHZ/USDT:USDT,0.04247,16.0,0.04246,85.0,0.04249,16.0,0.0425,19.0
1753533403261,12:36:43.261,CHZ/USDT:USDT,0.04247,16.0,0.04246,85.0,0.04249,16.0,0.0425,19.0
1753533403559,12:36:43.559,CHZ/USDT:USDT,0.04247,18.0,0.04246,85.0,0.04249,16.0,0.0425,19.0
1753533403673,12:36:43.673,CHZ/USDT:USDT,0.04247,18.0,0.04246,85.0,0.04249,16.0,0.0425,19.0
1753533403789,12:36:43.789,CHZ/USDT:USDT,0.04247,16.0,0.04246,85.0,0.04249,16.0,0.0425,19.0
1753533404508,12:36:44.508,CHZ/USDT:USDT,0.04247,16.0,0.04246,85.0,0.04249,18.0,0.0425,17.0
1753533404588,12:36:44.588,CHZ/USDT:USDT,0.04247,16.0,0.04246,85.0,0.04249,18.0,0.0425,17.0
1753533405768,12:36:45.768,CHZ/USDT:USDT,0.04247,16.0,0.04246,85.0,0.04249,16.0,0.0425,19.0
1753533406028,12:36:46.028,CHZ/USDT:USDT,0.04247,16.0,0.04246,85.0,0.04249,18.0,0.0425,17.0
1753533406369,12:36:46.369,CHZ/USDT:USDT,0.04247,17.0,0.04246,85.0,0.04249,16.0,0.0425,17.0
1753533406411,12:36:46.411,CHZ/USDT:USDT,0.04247,16.0,0.04246,85.0,0.04249,16.0,0.0425,19.0
1753533407069,12:36:47.069,CHZ/USDT:USDT,0.04247,16.0,0.04246,85.0,0.04249,18.0,0.0425,17.0
1753533407529,12:36:47.529,CHZ/USDT:USDT,0.04247,16.0,0.04246,85.0,0.04249,18.0,0.0425,17.0
1753533410471,12:36:50.471,CHZ/USDT:USDT,0.04247,16.0,0.04246,85.0,0.0425,18.0,0.04251,190.0
1753533410511,12:36:50.511,CHZ/USDT:USDT,0.04247,16.0,0.04246,85.0,0.0425,18.0,0.04251,190.0
1753533410774,12:36:50.774,CHZ/USDT:USDT,0.04247,16.0,0.04246,85.0,0.04249,17.0,0.0425,18.0
1753533410950,12:36:50.950,CHZ/USDT:USDT,0.04247,16.0,0.04246,85.0,0.04249,19.0,0.0425,17.0
1753533411079,12:36:51.079,CHZ/USDT:USDT,0.04247,16.0,0.04246,85.0,0.0425,17.0,0.04251,190.0
1753533411169,12:36:51.169,CHZ/USDT:USDT,0.04247,16.0,0.04246,85.0,0.0425,18.0,0.04251,190.0
1753533411338,12:36:51.338,CHZ/USDT:USDT,0.04247,16.0,0.04246,85.0,0.0425,18.0,0.04251,190.0
1753533412108,12:36:52.108,CHZ/USDT:USDT,0.04248,17.0,0.04247,84.0,0.0425,19.0,0.04251,190.0
1753533412268,12:36:52.268,CHZ/USDT:USDT,0.04248,17.0,0.04247,84.0,0.0425,19.0,0.04251,190.0
1753533412375,12:36:52.375,CHZ/USDT:USDT,0.04247,84.0,0.04246,85.0,0.04249,17.0,0.0425,19.0
1753533412447,12:36:52.447,CHZ/USDT:USDT,0.04247,84.0,0.04246,85.0,0.04249,17.0,0.0425,19.0
1753533412556,12:36:52.556,CHZ/USDT:USDT,0.04247,84.0,0.04246,85.0,0.04249,17.0,0.0425,19.0
1753533412947,12:36:52.947,CHZ/USDT:USDT,0.04247,84.0,0.04246,85.0,0.0425,19.0,0.04251,190.0
1753533413152,12:36:53.152,CHZ/USDT:USDT,0.04247,84.0,0.04246,85.0,0.0425,19.0,0.04251,190.0
1753533413372,12:36:53.372,CHZ/USDT:USDT,0.04247,84.0,0.04246,85.0,0.0425,19.0,0.04251,190.0
1753533413617,12:36:53.617,CHZ/USDT:USDT,0.04247,84.0,0.04246,85.0,0.04249,17.0,0.0425,19.0
1753533413786,12:36:53.786,CHZ/USDT:USDT,0.04247,84.0,0.04246,85.0,0.04249,17.0,0.0425,19.0
1753533414479,12:36:54.479,CHZ/USDT:USDT,0.04247,84.0,0.04246,85.0,0.04249,18.0,0.0425,18.0
1753533414658,12:36:54.658,CHZ/USDT:USDT,0.04248,17.0,0.04247,84.0,0.0425,19.0,0.04251,190.0
1753533414781,12:36:54.781,CHZ/USDT:USDT,0.04249,17.0,0.04248,17.0,0.04251,17.0,0.04253,16.0
1753533414871,12:36:54.871,CHZ/USDT:USDT,0.04248,19.0,0.04247,84.0,0.0425,17.0,0.04251,17.0
1753533414968,12:36:54.968,CHZ/USDT:USDT,0.04248,19.0,0.04247,84.0,0.0425,17.0,0.04251,17.0
1753533415028,12:36:55.028,CHZ/USDT:USDT,0.04248,18.0,0.04247,84.0,0.04253,16.0,0.04254,136.0
1753533415347,12:36:55.347,CHZ/USDT:USDT,0.04248,18.0,0.04247,84.0,0.04252,17.0,0.04253,85.0
1753533415468,12:36:55.468,CHZ/USDT:USDT,0.04249,17.0,0.04248,17.0,0.04251,17.0,0.04252,19.0
1753533415504,12:36:55.504,CHZ/USDT:USDT,0.04248,18.0,0.04247,84.0,0.04251,17.0,0.04252,19.0
1753533415763,12:36:55.763,CHZ/USDT:USDT,0.04248,19.0,0.04247,84.0,0.04251,17.0,0.04252,18.0
1753533415847,12:36:55.847,CHZ/USDT:USDT,0.04248,19.0,0.04247,84.0,0.04251,17.0,0.04252,18.0
1753533415968,12:36:55.968,CHZ/USDT:USDT,0.04249,17.0,0.04248,19.0,0.04251,17.0,0.04252,18.0
1753533416061,12:36:56.061,CHZ/USDT:USDT,0.04249,17.0,0.04248,18.0,0.04251,19.0,0.04252,17.0
1753533416275,12:36:56.275,CHZ/USDT:USDT,0.04249,17.0,0.04248,18.0,0.04251,19.0,0.04252,17.0
1753533416328,12:36:56.328,CHZ/USDT:USDT,0.04249,17.0,0.04248,18.0,0.04251,19.0,0.04252,17.0
1753533416863,12:36:56.863,CHZ/USDT:USDT,0.04248,18.0,0.04247,84.0,0.0425,17.0,0.04251,18.0
1753533417092,12:36:57.092,CHZ/USDT:USDT,0.04248,18.0,0.04247,84.0,0.0425,17.0,0.04251,18.0
1753533417209,12:36:57.209,CHZ/USDT:USDT,0.04248,17.0,0.04247,84.0,0.0425,17.0,0.04251,18.0
1753533417545,12:36:57.545,CHZ/USDT:USDT,0.04248,18.0,0.04247,84.0,0.0425,17.0,0.04251,18.0
1753533417776,12:36:57.776,CHZ/USDT:USDT,0.04248,17.0,0.04247,84.0,0.0425,17.0,0.04251,18.0
1753533418168,12:36:58.168,CHZ/USDT:USDT,0.04248,18.0,0.04247,84.0,0.0425,17.0,0.04251,18.0
1753533418951,12:36:58.951,CHZ/USDT:USDT,0.04248,18.0,0.04247,84.0,0.04252,17.0,0.04253,85.0
1753533419071,12:36:59.071,CHZ/USDT:USDT,0.04248,18.0,0.04247,84.0,0.04251,17.0,0.04252,19.0
1753533419171,12:36:59.171,CHZ/USDT:USDT,0.04249,17.0,0.04248,18.0,0.04251,18.0,0.04252,17.0
1753533419253,12:36:59.253,CHZ/USDT:USDT,0.04249,17.0,0.04248,18.0,0.04251,19.0,0.04252,17.0
1753533419530,12:36:59.530,CHZ/USDT:USDT,0.04249,17.0,0.04248,18.0,0.04251,19.0,0.04252,17.0
1753533419768,12:36:59.768,CHZ/USDT:USDT,0.04247,16.0,0.04246,196.0,0.04251,17.0,0.04252,17.0
1753533419884,12:36:59.884,CHZ/USDT:USDT,0.04247,16.0,0.04246,196.0,0.04252,17.0,0.04253,85.0
1753533419977,12:36:59.977,CHZ/USDT:USDT,0.04247,16.0,0.04246,196.0,0.04252,17.0,0.04253,16.0
1753533420008,12:37:00.008,CHZ/USDT:USDT,0.04247,16.0,0.04246,196.0,0.04253,16.0,0.04254,136.0
1753533420352,12:37:00.352,CHZ/USDT:USDT,0.04247,16.0,0.04246,196.0,0.04253,16.0,0.04254,136.0
1753533420767,12:37:00.767,CHZ/USDT:USDT,0.04247,16.0,0.04246,196.0,0.04253,16.0,0.04254,136.0
1753533421368,12:37:01.368,CHZ/USDT:USDT,0.04247,16.0,0.04246,196.0,0.04253,16.0,0.04254,136.0
1753533421428,12:37:01.428,CHZ/USDT:USDT,0.04247,16.0,0.04246,196.0,0.04253,16.0,0.04254,136.0
1753533421543,12:37:01.543,CHZ/USDT:USDT,0.04247,16.0,0.04246,196.0,0.04253,16.0,0.04254,136.0
1753533421638,12:37:01.638,CHZ/USDT:USDT,0.04247,16.0,0.04246,196.0,0.04253,16.0,0.04254,136.0
1753533421783,12:37:01.783,CHZ/USDT:USDT,0.04248,16.0,0.04247,86.0,0.04253,16.0,0.04254,136.0
1753533421907,12:37:01.907,CHZ/USDT:USDT,0.04248,16.0,0.04247,86.0,0.04253,16.0,0.04254,136.0
1753533422008,12:37:02.008,CHZ/USDT:USDT,0.04248,16.0,0.04247,86.0,0.04253,16.0,0.04254,136.0
1753533422176,12:37:02.176,CHZ/USDT:USDT,0.04248,16.0,0.04247,86.0,0.04253,16.0,0.04254,136.0
1753533422257,12:37:02.257,CHZ/USDT:USDT,0.04248,16.0,0.04247,182.0,0.04253,16.0,0.04254,136.0
1753533422773,12:37:02.773,CHZ/USDT:USDT,0.0425,16.0,0.04249,17.0,0.04252,16.0,0.04253,17.0
1753533422807,12:37:02.807,CHZ/USDT:USDT,0.0425,16.0,0.04249,17.0,0.04252,16.0,0.04253,17.0
1753533423154,12:37:03.154,CHZ/USDT:USDT,0.0425,16.0,0.04249,17.0,0.04252,16.0,0.04253,18.0
1753533423504,12:37:03.504,CHZ/USDT:USDT,0.0425,16.0,0.04249,17.0,0.04252,16.0,0.04253,18.0
1753533423792,12:37:03.792,CHZ/USDT:USDT,0.0425,16.0,0.04249,17.0,0.04252,16.0,0.04253,18.0
1753533424317,12:37:04.317,CHZ/USDT:USDT,0.0425,17.0,0.04249,17.0,0.04252,16.0,0.04253,18.0
1753533424808,12:37:04.808,CHZ/USDT:USDT,0.0425,16.0,0.04249,17.0,0.04252,16.0,0.04253,18.0
1753533425049,12:37:05.049,CHZ/USDT:USDT,0.0425,17.0,0.04249,17.0,0.04252,16.0,0.04253,18.0
1753533425295,12:37:05.295,CHZ/USDT:USDT,0.0425,16.0,0.04249,17.0,0.04252,16.0,0.04253,18.0
1753533425796,12:37:05.796,CHZ/USDT:USDT,0.0425,16.0,0.04249,17.0,0.04252,16.0,0.04253,18.0
1753533426359,12:37:06.359,CHZ/USDT:USDT,0.0425,17.0,0.04249,17.0,0.04252,16.0,0.04253,18.0
1753533426785,12:37:06.785,CHZ/USDT:USDT,0.0425,18.0,0.04249,16.0,0.04252,16.0,0.04253,18.0
1753533427333,12:37:07.333,CHZ/USDT:USDT,0.04249,72.0,0.04248,16.0,0.04252,16.0,0.04253,17.0
1753533427483,12:37:07.483,CHZ/USDT:USDT,0.0425,16.0,0.04249,72.0,0.04252,16.0,0.04253,17.0
1753533427676,12:37:07.676,CHZ/USDT:USDT,0.0425,18.0,0.04249,70.0,0.04252,16.0,0.04253,17.0
1753533428486,12:37:08.486,CHZ/USDT:USDT,0.0425,18.0,0.04249,70.0,0.04252,16.0,0.04253,17.0
1753533429510,12:37:09.510,CHZ/USDT:USDT,0.0425,18.0,0.04249,70.0,0.04252,16.0,0.04253,17.0
1753533429778,12:37:09.778,CHZ/USDT:USDT,0.0425,18.0,0.04249,70.0,0.04252,16.0,0.04253,17.0
1753533430072,12:37:10.072,CHZ/USDT:USDT,0.0425,18.0,0.04249,70.0,0.04252,16.0,0.04253,17.0
1753533430879,12:37:10.879,CHZ/USDT:USDT,0.0425,17.0,0.04249,70.0,0.04253,18.0,0.04254,136.0
1753533430957,12:37:10.957,CHZ/USDT:USDT,0.0425,18.0,0.04249,70.0,0.04252,17.0,0.04253,16.0
1753533431082,12:37:11.082,CHZ/USDT:USDT,0.0425,17.0,0.04249,70.0,0.04253,16.0,0.04254,136.0
1753533431285,12:37:11.285,CHZ/USDT:USDT,0.0425,17.0,0.04249,70.0,0.04253,16.0,0.04254,136.0
1753533431301,12:37:11.301,CHZ/USDT:USDT,0.0425,17.0,0.04249,70.0,0.04253,16.0,0.04254,136.0
1753533431468,12:37:11.468,CHZ/USDT:USDT,0.0425,17.0,0.04249,70.0,0.04253,16.0,0.04254,136.0
1753533432278,12:37:12.278,CHZ/USDT:USDT,0.0425,17.0,0.04249,70.0,0.04252,17.0,0.04253,17.0
1753533432399,12:37:12.399,CHZ/USDT:USDT,0.0425,18.0,0.04249,70.0,0.04252,17.0,0.04253,17.0
1753533432509,12:37:12.509,CHZ/USDT:USDT,0.0425,18.0,0.04249,70.0,0.04252,17.0,0.04253,17.0
1753533432622,12:37:12.622,CHZ/USDT:USDT,0.0425,17.0,0.04249,70.0,0.04252,17.0,0.04253,17.0
1753533432785,12:37:12.785,CHZ/USDT:USDT,0.0425,18.0,0.04249,70.0,0.04252,17.0,0.04253,17.0
1753533432834,12:37:12.834,CHZ/USDT:USDT,0.0425,17.0,0.04249,70.0,0.04252,17.0,0.04253,17.0
1753533433030,12:37:13.030,CHZ/USDT:USDT,0.0425,16.0,0.04249,70.0,0.04252,17.0,0.04253,17.0
1753533433221,12:37:13.221,CHZ/USDT:USDT,0.0425,17.0,0.04249,70.0,0.04252,17.0,0.04253,17.0
1753533435630,12:37:15.630,CHZ/USDT:USDT,0.0425,16.0,0.04249,70.0,0.04252,17.0,0.04253,17.0
1753533435789,12:37:15.789,CHZ/USDT:USDT,0.0425,16.0,0.04249,70.0,0.04252,17.0,0.04253,17.0
1753533436067,12:37:16.067,CHZ/USDT:USDT,0.0425,16.0,0.04249,70.0,0.04252,17.0,0.04253,17.0
1753533436088,12:37:16.088,CHZ/USDT:USDT,0.0425,16.0,0.04249,70.0,0.04252,17.0,0.04253,17.0
1753533436189,12:37:16.189,CHZ/USDT:USDT,0.0425,17.0,0.04249,70.0,0.04252,17.0,0.04253,17.0
1753533436290,12:37:16.290,CHZ/USDT:USDT,0.0425,17.0,0.04249,138.0,0.04252,17.0,0.04253,17.0
1753533440036,12:37:20.036,CHZ/USDT:USDT,0.0425,18.0,0.04249,138.0,0.04252,17.0,0.04253,17.0
1753533440165,12:37:20.165,CHZ/USDT:USDT,0.0425,18.0,0.04249,138.0,0.04252,17.0,0.04253,17.0
1753533441212,12:37:21.212,CHZ/USDT:USDT,0.0425,18.0,0.04249,138.0,0.04252,17.0,0.04253,17.0
1753533441837,12:37:21.837,CHZ/USDT:USDT,0.0425,18.0,0.04249,138.0,0.04252,17.0,0.04253,17.0
1753533444504,12:37:24.504,CHZ/USDT:USDT,0.0425,18.0,0.04249,138.0,0.04252,17.0,0.04253,17.0
1753533444662,12:37:24.662,CHZ/USDT:USDT,0.0425,18.0,0.04249,138.0,0.04252,17.0,0.04253,17.0
1753533445029,12:37:25.029,CHZ/USDT:USDT,0.0425,17.0,0.04249,138.0,0.04252,17.0,0.04253,17.0
1753533445390,12:37:25.390,CHZ/USDT:USDT,0.0425,18.0,0.04249,138.0,0.04252,17.0,0.04253,17.0
1753533446233,12:37:26.233,CHZ/USDT:USDT,0.04251,16.0,0.0425,17.0,0.04253,17.0,0.04254,136.0
1753533446376,12:37:26.376,CHZ/USDT:USDT,0.04251,16.0,0.0425,17.0,0.04253,17.0,0.04254,136.0
1753533446649,12:37:26.649,CHZ/USDT:USDT,0.04251,16.0,0.0425,17.0,0.04253,17.0,0.04254,136.0
1753533446748,12:37:26.748,CHZ/USDT:USDT,0.0425,18.0,0.04249,138.0,0.04252,16.0,0.04253,17.0
1753533446875,12:37:26.875,CHZ/USDT:USDT,0.0425,18.0,0.04249,138.0,0.04252,16.0,0.04253,17.0
1753533447069,12:37:27.069,CHZ/USDT:USDT,0.04251,16.0,0.0425,16.0,0.04253,16.0,0.04254,136.0
1753533447157,12:37:27.157,CHZ/USDT:USDT,0.0425,16.0,0.04249,138.0,0.04253,17.0,0.04254,136.0
1753533447225,12:37:27.225,CHZ/USDT:USDT,0.0425,16.0,0.04249,138.0,0.04253,17.0,0.04254,136.0
1753533447414,12:37:27.414,CHZ/USDT:USDT,0.0425,16.0,0.04249,138.0,0.04253,17.0,0.04254,136.0
1753533447827,12:37:27.827,CHZ/USDT:USDT,0.0425,16.0,0.04249,138.0,0.04253,17.0,0.04254,136.0
1753533448242,12:37:28.242,CHZ/USDT:USDT,0.0425,16.0,0.04249,138.0,0.04253,17.0,0.04254,136.0
1753533449122,12:37:29.122,CHZ/USDT:USDT,0.0425,18.0,0.04249,138.0,0.04252,16.0,0.04253,17.0
1753533449458,12:37:29.458,CHZ/USDT:USDT,0.0425,18.0,0.04249,138.0,0.04252,16.0,0.04253,17.0
1753533450271,12:37:30.271,CHZ/USDT:USDT,0.0425,18.0,0.04249,138.0,0.04252,16.0,0.04253,17.0
1753533450685,12:37:30.685,CHZ/USDT:USDT,0.0425,18.0,0.04249,138.0,0.04252,16.0,0.04253,17.0
1753533450948,12:37:30.948,CHZ/USDT:USDT,0.04251,16.0,0.0425,17.0,0.04253,17.0,0.04254,136.0
1753533451103,12:37:31.103,CHZ/USDT:USDT,0.04251,16.0,0.0425,17.0,0.04253,17.0,0.04254,136.0
1753533451257,12:37:31.257,CHZ/USDT:USDT,0.04251,16.0,0.0425,17.0,0.04253,18.0,0.04254,136.0
1753533451863,12:37:31.863,CHZ/USDT:USDT,0.04251,16.0,0.0425,17.0,0.04253,18.0,0.04254,136.0
1753533451932,12:37:31.932,CHZ/USDT:USDT,0.04251,16.0,0.0425,17.0,0.04253,18.0,0.04254,136.0
1753533452957,12:37:32.957,CHZ/USDT:USDT,0.04251,16.0,0.0425,17.0,0.04253,17.0,0.04254,136.0
1753533453562,12:37:33.562,CHZ/USDT:USDT,0.04251,16.0,0.0425,17.0,0.04253,18.0,0.04254,136.0
1753533453959,12:37:33.959,CHZ/USDT:USDT,0.04251,16.0,0.0425,17.0,0.04253,17.0,0.04254,136.0
1753533454428,12:37:34.428,CHZ/USDT:USDT,0.04251,16.0,0.0425,17.0,0.04253,18.0,0.04254,136.0
1753533454929,12:37:34.929,CHZ/USDT:USDT,0.04251,16.0,0.0425,17.0,0.04253,17.0,0.04254,136.0
1753533455636,12:37:35.636,CHZ/USDT:USDT,0.04251,16.0,0.0425,17.0,0.04253,18.0,0.04254,136.0
1753533455869,12:37:35.869,CHZ/USDT:USDT,0.0425,16.0,0.04249,138.0,0.04253,16.0,0.04254,136.0
1753533455939,12:37:35.939,CHZ/USDT:USDT,0.0425,16.0,0.04249,138.0,0.04254,136.0,0.04255,86.0
1753533456060,12:37:36.060,CHZ/USDT:USDT,0.0425,16.0,0.04249,138.0,0.04254,136.0,0.04255,86.0
1753533456154,12:37:36.154,CHZ/USDT:USDT,0.0425,16.0,0.04249,138.0,0.04253,16.0,0.04254,136.0
1753533456374,12:37:36.374,CHZ/USDT:USDT,0.0425,16.0,0.04249,138.0,0.04253,16.0,0.04254,136.0
1753533456408,12:37:36.408,CHZ/USDT:USDT,0.0425,16.0,0.04249,138.0,0.04253,16.0,0.04254,136.0
1753533456587,12:37:36.587,CHZ/USDT:USDT,0.0425,16.0,0.04249,138.0,0.04254,136.0,0.04255,16.0
1753533456768,12:37:36.768,CHZ/USDT:USDT,0.0425,16.0,0.04249,138.0,0.04254,136.0,0.04255,16.0
1753533456910,12:37:36.910,CHZ/USDT:USDT,0.0425,16.0,0.04249,138.0,0.04254,136.0,0.04255,16.0
1753533457179,12:37:37.179,CHZ/USDT:USDT,0.0425,16.0,0.04249,138.0,0.04254,136.0,0.04255,16.0
1753533457968,12:37:37.968,CHZ/USDT:USDT,0.0425,16.0,0.04249,138.0,0.04253,16.0,0.04254,136.0
1753533458048,12:37:38.048,CHZ/USDT:USDT,0.04251,17.0,0.0425,17.0,0.04253,16.0,0.04254,136.0
1753533458090,12:37:38.090,CHZ/USDT:USDT,0.04251,18.0,0.0425,16.0,0.04253,16.0,0.04254,136.0
1753533458405,12:37:38.405,CHZ/USDT:USDT,0.04251,18.0,0.0425,16.0,0.04253,16.0,0.04254,136.0
1753533458593,12:37:38.593,CHZ/USDT:USDT,0.04251,18.0,0.0425,16.0,0.04253,16.0,0.04254,136.0
1753533459628,12:37:39.628,CHZ/USDT:USDT,0.04251,18.0,0.0425,16.0,0.04253,16.0,0.04254,136.0
1753533460048,12:37:40.048,CHZ/USDT:USDT,0.04251,18.0,0.0425,16.0,0.04253,16.0,0.04254,136.0
1753533460090,12:37:40.090,CHZ/USDT:USDT,0.04251,86.0,0.0425,16.0,0.04253,16.0,0.04254,136.0
1753533460362,12:37:40.362,CHZ/USDT:USDT,0.04251,86.0,0.0425,16.0,0.04254,136.0,0.04255,16.0
1753533460445,12:37:40.445,CHZ/USDT:USDT,0.04252,16.0,0.04251,85.0,0.04254,137.0,0.04255,16.0
1753533460584,12:37:40.584,CHZ/USDT:USDT,0.04253,16.0,0.04252,17.0,0.04255,17.0,0.04256,70.0
1753533460673,12:37:40.673,CHZ/USDT:USDT,0.04253,16.0,0.04252,17.0,0.04255,17.0,0.04256,70.0
1753533460785,12:37:40.785,CHZ/USDT:USDT,0.04253,16.0,0.04252,17.0,0.04255,17.0,0.04256,70.0
1753533460867,12:37:40.867,CHZ/USDT:USDT,0.04253,16.0,0.04252,17.0,0.04255,17.0,0.04256,70.0
1753533460941,12:37:40.941,CHZ/USDT:USDT,0.04253,16.0,0.04252,17.0,0.04255,17.0,0.04256,70.0
1753533461049,12:37:41.049,CHZ/USDT:USDT,0.04253,16.0,0.04252,17.0,0.04255,17.0,0.04256,70.0
1753533461249,12:37:41.249,CHZ/USDT:USDT,0.04253,16.0,0.04252,17.0,0.04255,17.0,0.04256,70.0
1753533461526,12:37:41.526,CHZ/USDT:USDT,0.04253,16.0,0.04252,17.0,0.04255,17.0,0.04256,70.0
1753533462069,12:37:42.069,CHZ/USDT:USDT,0.04252,18.0,0.04251,84.0,0.04254,16.0,0.04255,17.0
1753533462128,12:37:42.128,CHZ/USDT:USDT,0.04252,18.0,0.04251,84.0,0.04254,16.0,0.04255,17.0
1753533462506,12:37:42.506,CHZ/USDT:USDT,0.04252,18.0,0.04251,84.0,0.04254,16.0,0.04255,17.0
1753533462608,12:37:42.608,CHZ/USDT:USDT,0.04252,18.0,0.04251,84.0,0.04255,16.0,0.04256,70.0
1753533462919,12:37:42.919,CHZ/USDT:USDT,0.04252,18.0,0.04251,84.0,0.04255,16.0,0.04256,70.0
1753533463955,12:37:43.955,CHZ/USDT:USDT,0.04252,18.0,0.04251,84.0,0.04255,16.0,0.04256,70.0
1753533464041,12:37:44.041,CHZ/USDT:USDT,0.04252,18.0,0.04251,84.0,0.04255,16.0,0.04256,70.0
1753533464135,12:37:44.135,CHZ/USDT:USDT,0.04252,18.0,0.04251,84.0,0.04255,16.0,0.04256,70.0
1753533464232,12:37:44.232,CHZ/USDT:USDT,0.04253,16.0,0.04252,17.0,0.04255,17.0,0.04256,70.0
1753533464547,12:37:44.547,CHZ/USDT:USDT,0.04253,16.0,0.04252,17.0,0.04255,17.0,0.04256,70.0
1753533464821,12:37:44.821,CHZ/USDT:USDT,0.04253,16.0,0.04252,17.0,0.04255,17.0,0.04256,70.0
1753533464889,12:37:44.889,CHZ/USDT:USDT,0.04253,16.0,0.04252,17.0,0.04255,16.0,0.04256,70.0
1753533465051,12:37:45.051,CHZ/USDT:USDT,0.04253,16.0,0.04252,17.0,0.04255,17.0,0.04256,70.0
1753533465361,12:37:45.361,CHZ/USDT:USDT,0.04253,16.0,0.04252,17.0,0.04255,18.0,0.04256,70.0
1753533465497,12:37:45.497,CHZ/USDT:USDT,0.04253,16.0,0.04252,17.0,0.04255,17.0,0.04256,70.0
1753533465871,12:37:45.871,CHZ/USDT:USDT,0.04252,17.0,0.04251,84.0,0.04255,16.0,0.04256,70.0
1753533466175,12:37:46.175,CHZ/USDT:USDT,0.04252,18.0,0.04251,84.0,0.04255,17.0,0.04256,70.0
1753533466254,12:37:46.254,CHZ/USDT:USDT,0.04252,18.0,0.04251,84.0,0.04254,16.0,0.04255,16.0
1753533466400,12:37:46.400,CHZ/USDT:USDT,0.04252,18.0,0.04251,84.0,0.04255,16.0,0.04256,70.0
1753533466584,12:37:46.584,CHZ/USDT:USDT,0.04252,18.0,0.04251,84.0,0.04255,16.0,0.04256,70.0
1753533466930,12:37:46.930,CHZ/USDT:USDT,0.04252,18.0,0.04251,84.0,0.04255,16.0,0.04256,70.0
1753533467872,12:37:47.872,CHZ/USDT:USDT,0.04252,18.0,0.04251,84.0,0.04254,16.0,0.04255,16.0
1753533467931,12:37:47.931,CHZ/USDT:USDT,0.04252,17.0,0.04251,84.0,0.04254,16.0,0.04255,16.0
1753533468048,12:37:48.048,CHZ/USDT:USDT,0.04252,17.0,0.04251,84.0,0.04254,16.0,0.04255,17.0
1753533468183,12:37:48.183,CHZ/USDT:USDT,0.04252,18.0,0.04251,84.0,0.04255,17.0,0.04256,70.0
1753533468208,12:37:48.208,CHZ/USDT:USDT,0.04252,18.0,0.04251,84.0,0.04254,16.0,0.04255,16.0
1753533468358,12:37:48.358,CHZ/USDT:USDT,0.04252,18.0,0.04251,84.0,0.04255,16.0,0.04256,70.0
1753533469148,12:37:49.148,CHZ/USDT:USDT,0.04253,16.0,0.04252,17.0,0.04255,17.0,0.04256,70.0
1753533469350,12:37:49.350,CHZ/USDT:USDT,0.04252,18.0,0.04251,84.0,0.04254,16.0,0.04255,16.0
1753533469425,12:37:49.425,CHZ/USDT:USDT,0.04252,18.0,0.04251,84.0,0.04254,16.0,0.04255,16.0
1753533469494,12:37:49.494,CHZ/USDT:USDT,0.04252,18.0,0.04251,84.0,0.04255,16.0,0.04256,70.0
1753533469838,12:37:49.838,CHZ/USDT:USDT,0.04252,18.0,0.04251,84.0,0.04255,16.0,0.04256,70.0
1753533471532,12:37:51.532,CHZ/USDT:USDT,0.04252,18.0,0.04251,84.0,0.04255,16.0,0.04256,70.0
1753533471859,12:37:51.859,CHZ/USDT:USDT,0.04252,18.0,0.04251,84.0,0.04255,16.0,0.04256,70.0
1753533473524,12:37:53.524,CHZ/USDT:USDT,0.04252,18.0,0.04251,84.0,0.04254,17.0,0.04255,17.0
1753533473884,12:37:53.884,CHZ/USDT:USDT,0.04252,17.0,0.04251,84.0,0.04254,17.0,0.04255,17.0
1753533473950,12:37:53.950,CHZ/USDT:USDT,0.04253,19.0,0.04252,16.0,0.04255,16.0,0.04256,70.0
1753533474080,12:37:54.080,CHZ/USDT:USDT,0.04253,18.0,0.04252,16.0,0.04256,17.0,0.04257,205.0
1753533474309,12:37:54.309,CHZ/USDT:USDT,0.04253,18.0,0.04252,16.0,0.04256,17.0,0.04257,205.0
1753533474428,12:37:54.428,CHZ/USDT:USDT,0.04253,87.0,0.04252,16.0,0.04256,17.0,0.04257,205.0
1753533474528,12:37:54.528,CHZ/USDT:USDT,0.04253,87.0,0.04252,16.0,0.04256,17.0,0.04257,205.0
1753533474729,12:37:54.729,CHZ/USDT:USDT,0.04253,87.0,0.04252,16.0,0.04256,17.0,0.04257,205.0
1753533474973,12:37:54.973,CHZ/USDT:USDT,0.04253,86.0,0.04252,16.0,0.04255,17.0,0.04256,18.0
1753533474988,12:37:54.988,CHZ/USDT:USDT,0.04253,87.0,0.04252,16.0,0.04255,17.0,0.04256,18.0
1753533475143,12:37:55.143,CHZ/USDT:USDT,0.04253,87.0,0.04252,16.0,0.04255,17.0,0.04256,18.0
1753533475273,12:37:55.273,CHZ/USDT:USDT,0.04253,87.0,0.04252,16.0,0.04255,17.0,0.04256,18.0
1753533475403,12:37:55.403,CHZ/USDT:USDT,0.04253,87.0,0.04252,16.0,0.04255,17.0,0.04256,18.0
1753533475926,12:37:55.926,CHZ/USDT:USDT,0.04253,87.0,0.04251,16.0,0.04255,17.0,0.04256,18.0
1753533476170,12:37:56.170,CHZ/USDT:USDT,0.04253,86.0,0.04251,16.0,0.04255,17.0,0.04256,18.0
1753533476271,12:37:56.271,CHZ/USDT:USDT,0.04253,85.0,0.04251,16.0,0.04255,17.0,0.04256,18.0
1753533476363,12:37:56.363,CHZ/USDT:USDT,0.04253,85.0,0.04251,16.0,0.04255,17.0,0.04256,18.0
1753533476722,12:37:56.722,CHZ/USDT:USDT,0.04253,86.0,0.04251,16.0,0.04255,17.0,0.04256,18.0
1753533476882,12:37:56.882,CHZ/USDT:USDT,0.04253,87.0,0.04251,16.0,0.04255,17.0,0.04256,18.0
1753533476928,12:37:56.928,CHZ/USDT:USDT,0.04253,87.0,0.04251,16.0,0.04255,17.0,0.04256,18.0
1753533477048,12:37:57.048,CHZ/USDT:USDT,0.04253,87.0,0.04251,16.0,0.04255,17.0,0.04256,18.0
1753533477320,12:37:57.320,CHZ/USDT:USDT,0.04253,87.0,0.04251,16.0,0.04255,17.0,0.04256,18.0
1753533478936,12:37:58.936,CHZ/USDT:USDT,0.04253,87.0,0.04251,16.0,0.04255,17.0,0.04256,18.0
1753533479821,12:37:59.821,CHZ/USDT:USDT,0.04253,87.0,0.04251,16.0,0.04255,17.0,0.04256,18.0
1753533480270,12:38:00.270,CHZ/USDT:USDT,0.04253,86.0,0.04251,16.0,0.04255,17.0,0.04256,18.0
1753533480301,12:38:00.301,CHZ/USDT:USDT,0.04253,87.0,0.04251,16.0,0.04255,17.0,0.04256,18.0
1753533480442,12:38:00.442,CHZ/USDT:USDT,0.04253,85.0,0.04251,16.0,0.04255,17.0,0.04256,18.0
1753533480489,12:38:00.489,CHZ/USDT:USDT,0.04253,87.0,0.04251,16.0,0.04255,17.0,0.04256,18.0
1753533480968,12:38:00.968,CHZ/USDT:USDT,0.04253,85.0,0.04251,16.0,0.04255,18.0,0.04256,17.0
1753533481076,12:38:01.076,CHZ/USDT:USDT,0.04251,16.0,0.0425,16.0,0.04254,17.0,0.04255,17.0
1753533481129,12:38:01.129,CHZ/USDT:USDT,0.0425,16.0,0.04249,180.0,0.04254,17.0,0.04255,17.0
1753533481277,12:38:01.277,CHZ/USDT:USDT,0.0425,16.0,0.04249,180.0,0.04256,17.0,0.04257,136.0
1753533481573,12:38:01.573,CHZ/USDT:USDT,0.04251,17.0,0.0425,19.0,0.04256,17.0,0.04257,136.0
1753533481625,12:38:01.625,CHZ/USDT:USDT,0.04251,17.0,0.0425,19.0,0.04256,17.0,0.04257,136.0
1753533482028,12:38:02.028,CHZ/USDT:USDT,0.04251,17.0,0.0425,19.0,0.04256,17.0,0.04257,136.0
1753533483475,12:38:03.475,CHZ/USDT:USDT,0.04251,17.0,0.0425,19.0,0.04256,17.0,0.04257,136.0
1753533483488,12:38:03.488,CHZ/USDT:USDT,0.04251,17.0,0.0425,19.0,0.04256,17.0,0.04257,136.0
1753533483668,12:38:03.668,CHZ/USDT:USDT,0.04251,17.0,0.0425,87.0,0.04255,17.0,0.04256,88.0
1753533483884,12:38:03.884,CHZ/USDT:USDT,0.0425,87.0,0.04249,68.0,0.04255,17.0,0.04256,88.0
1753533484078,12:38:04.078,CHZ/USDT:USDT,0.0425,87.0,0.04249,68.0,0.04255,17.0,0.04256,88.0
1753533484476,12:38:04.476,CHZ/USDT:USDT,0.0425,71.0,0.04249,68.0,0.04253,17.0,0.04254,119.0
1753533484551,12:38:04.551,CHZ/USDT:USDT,0.0425,71.0,0.04249,17.0,0.04253,17.0,0.04254,119.0
1753533484676,12:38:04.676,CHZ/USDT:USDT,0.04249,17.0,0.04248,16.0,0.04251,17.0,0.04252,18.0
1753533484765,12:38:04.765,CHZ/USDT:USDT,0.04248,16.0,0.04247,131.0,0.04251,17.0,0.04252,17.0
1753533484879,12:38:04.879,CHZ/USDT:USDT,0.04249,17.0,0.04248,16.0,0.04251,18.0,0.04252,17.0
1753533484934,12:38:04.934,CHZ/USDT:USDT,0.04249,17.0,0.04248,16.0,0.04251,19.0,0.04252,17.0
1753533485072,12:38:05.072,CHZ/USDT:USDT,0.04249,17.0,0.04248,16.0,0.04251,19.0,0.04252,17.0
1753533485180,12:38:05.180,CHZ/USDT:USDT,0.04249,17.0,0.04248,16.0,0.04251,19.0,0.04252,17.0
1753533485252,12:38:05.252,CHZ/USDT:USDT,0.04249,17.0,0.04248,16.0,0.04251,19.0,0.04252,17.0
1753533485329,12:38:05.329,CHZ/USDT:USDT,0.04249,17.0,0.04248,16.0,0.04251,19.0,0.04252,17.0
1753533485470,12:38:05.470,CHZ/USDT:USDT,0.04249,17.0,0.04248,68.0,0.04251,18.0,0.04252,17.0
1753533485574,12:38:05.574,CHZ/USDT:USDT,0.04248,68.0,0.04247,127.0,0.0425,17.0,0.04251,18.0
1753533485675,12:38:05.675,CHZ/USDT:USDT,0.04248,16.0,0.04247,127.0,0.0425,19.0,0.04251,17.0
1753533485724,12:38:05.724,CHZ/USDT:USDT,0.04248,16.0,0.04247,127.0,0.0425,19.0,0.04251,17.0
1753533485885,12:38:05.885,CHZ/USDT:USDT,0.04248,16.0,0.04247,127.0,0.0425,19.0,0.04251,17.0
1753533486070,12:38:06.070,CHZ/USDT:USDT,0.04248,16.0,0.04247,127.0,0.0425,19.0,0.04251,17.0
1753533486094,12:38:06.094,CHZ/USDT:USDT,0.04248,16.0,0.04247,127.0,0.0425,18.0,0.04251,17.0
1753533486260,12:38:06.260,CHZ/USDT:USDT,0.04248,16.0,0.04247,196.0,0.0425,19.0,0.04251,17.0
1753533486304,12:38:06.304,CHZ/USDT:USDT,0.04248,16.0,0.04247,196.0,0.0425,18.0,0.04251,17.0
1753533486578,12:38:06.578,CHZ/USDT:USDT,0.04248,16.0,0.04247,196.0,0.0425,18.0,0.04251,17.0
1753533486629,12:38:06.629,CHZ/USDT:USDT,0.04248,16.0,0.04247,196.0,0.0425,18.0,0.04251,17.0
1753533486767,12:38:06.767,CHZ/USDT:USDT,0.04248,16.0,0.04247,196.0,0.0425,18.0,0.04252,85.0
1753533486880,12:38:06.880,CHZ/USDT:USDT,0.04248,16.0,0.04247,196.0,0.0425,17.0,0.04252,85.0
1753533486896,12:38:06.896,CHZ/USDT:USDT,0.04248,16.0,0.04247,196.0,0.0425,18.0,0.04252,85.0
1753533487063,12:38:07.063,CHZ/USDT:USDT,0.04248,16.0,0.04247,196.0,0.0425,19.0,0.04252,85.0
1753533487289,12:38:07.289,CHZ/USDT:USDT,0.04248,16.0,0.04247,196.0,0.0425,18.0,0.04252,85.0
1753533487650,12:38:07.650,CHZ/USDT:USDT,0.04248,16.0,0.04247,196.0,0.0425,19.0,0.04252,85.0
1753533487832,12:38:07.832,CHZ/USDT:USDT,0.04248,16.0,0.04247,196.0,0.0425,19.0,0.04252,85.0
1753533487981,12:38:07.981,CHZ/USDT:USDT,0.04248,16.0,0.04247,127.0,0.0425,19.0,0.04252,17.0
1753533488068,12:38:08.068,CHZ/USDT:USDT,0.04248,16.0,0.04247,127.0,0.0425,1.0,0.04252,17.0
1753533488168,12:38:08.168,CHZ/USDT:USDT,0.04248,16.0,0.04247,127.0,0.04253,17.0,0.04254,119.0
1753533488246,12:38:08.246,CHZ/USDT:USDT,0.04248,16.0,0.04247,127.0,0.04253,17.0,0.04254,119.0
1753533488491,12:38:08.491,CHZ/USDT:USDT,0.04248,16.0,0.04247,127.0,0.04253,17.0,0.04254,119.0
1753533490177,12:38:10.177,CHZ/USDT:USDT,0.04248,16.0,0.04247,127.0,0.04253,17.0,0.04254,119.0
1753533490271,12:38:10.271,CHZ/USDT:USDT,0.04248,16.0,0.04247,127.0,0.04253,17.0,0.04254,119.0
1753533490308,12:38:10.308,CHZ/USDT:USDT,0.04248,16.0,0.04247,127.0,0.04253,17.0,0.04254,119.0
1753533490468,12:38:10.468,CHZ/USDT:USDT,0.04248,16.0,0.04247,127.0,0.04253,17.0,0.04254,119.0
1753533490834,12:38:10.834,CHZ/USDT:USDT,0.04248,16.0,0.04247,127.0,0.04253,17.0,0.04254,119.0
1753533491338,12:38:11.338,CHZ/USDT:USDT,0.04248,16.0,0.04247,195.0,0.04252,17.0,0.04253,87.0
1753533491570,12:38:11.570,CHZ/USDT:USDT,0.04248,16.0,0.04247,154.0,0.04252,17.0,0.04253,87.0
1753533491595,12:38:11.595,CHZ/USDT:USDT,0.04248,16.0,0.04247,195.0,0.04252,17.0,0.04253,87.0
1753533492492,12:38:12.492,CHZ/USDT:USDT,0.04248,16.0,0.04247,195.0,0.04252,17.0,0.04253,87.0
1753533492614,12:38:12.614,CHZ/USDT:USDT,0.04248,16.0,0.04247,195.0,0.0425,17.0,0.04251,19.0
1753533492764,12:38:12.764,CHZ/USDT:USDT,0.04248,16.0,0.04247,195.0,0.0425,18.0,0.04251,18.0
1753533492868,12:38:12.868,CHZ/USDT:USDT,0.04248,16.0,0.04247,195.0,0.04251,2.0,0.04252,17.0
1753533493071,12:38:13.071,CHZ/USDT:USDT,0.04248,16.0,0.04247,195.0,0.0425,18.0,0.04251,1.0
1753533493088,12:38:13.088,CHZ/USDT:USDT,0.04248,16.0,0.04247,195.0,0.0425,17.0,0.04251,1.0
1753533494330,12:38:14.330,CHZ/USDT:USDT,0.04248,16.0,0.04247,195.0,0.0425,17.0,0.04251,1.0
1753533494742,12:38:14.742,CHZ/USDT:USDT,0.04248,16.0,0.04247,195.0,0.0425,17.0,0.04251,1.0
1753533494954,12:38:14.954,CHZ/USDT:USDT,0.04249,17.0,0.04248,17.0,0.04251,2.0,0.04252,17.0
1753533495068,12:38:15.068,CHZ/USDT:USDT,0.04249,17.0,0.04248,17.0,0.04251,1.0,0.04252,17.0
1753533495171,12:38:15.171,CHZ/USDT:USDT,0.04249,17.0,0.04248,17.0,0.04251,19.0,0.04252,17.0
1753533495188,12:38:15.188,CHZ/USDT:USDT,0.04249,17.0,0.04248,16.0,0.04251,19.0,0.04252,17.0
1753533495367,12:38:15.367,CHZ/USDT:USDT,0.04249,17.0,0.04248,16.0,0.04251,19.0,0.04252,17.0
1753533495579,12:38:15.579,CHZ/USDT:USDT,0.04248,16.0,0.04247,195.0,0.04251,19.0,0.04252,17.0
1753533495755,12:38:15.755,CHZ/USDT:USDT,0.04248,16.0,0.04247,195.0,0.0425,17.0,0.04251,19.0
1753533495848,12:38:15.848,CHZ/USDT:USDT,0.04248,16.0,0.04247,195.0,0.0425,17.0,0.04251,19.0
1753533496670,12:38:16.670,CHZ/USDT:USDT,0.04248,16.0,0.04247,195.0,0.0425,18.0,0.04251,18.0
1753533496771,12:38:16.771,CHZ/USDT:USDT,0.04248,16.0,0.04247,195.0,0.0425,19.0,0.04251,17.0
1753533496838,12:38:16.838,CHZ/USDT:USDT,0.04248,16.0,0.04247,195.0,0.0425,18.0,0.04251,17.0
1753533497070,12:38:17.070,CHZ/USDT:USDT,0.04248,16.0,0.04247,195.0,0.0425,19.0,0.04251,17.0
1753533497178,12:38:17.178,CHZ/USDT:USDT,0.04247,125.0,0.04246,69.0,0.04249,17.0,0.0425,19.0
1753533497268,12:38:17.268,CHZ/USDT:USDT,0.04247,126.0,0.04246,69.0,0.04249,17.0,0.0425,18.0
1753533497367,12:38:17.367,CHZ/USDT:USDT,0.04247,84.0,0.04246,110.0,0.04249,17.0,0.0425,18.0
1753533497483,12:38:17.483,CHZ/USDT:USDT,0.04247,84.0,0.04246,110.0,0.04249,17.0,0.0425,18.0
1753533497486,12:38:17.486,CHZ/USDT:USDT,0.04247,85.0,0.04246,110.0,0.04249,17.0,0.0425,18.0
1753533497590,12:38:17.590,CHZ/USDT:USDT,0.04247,84.0,0.04246,110.0,0.04249,17.0,0.0425,18.0
1753533497733,12:38:17.733,CHZ/USDT:USDT,0.04247,85.0,0.04246,110.0,0.04252,17.0,0.04253,87.0
1753533497871,12:38:17.871,CHZ/USDT:USDT,0.04247,85.0,0.04246,110.0,0.0425,17.0,0.04251,121.0
1753533497981,12:38:17.981,CHZ/USDT:USDT,0.04248,17.0,0.04247,85.0,0.0425,19.0,0.04251,119.0
1753533498041,12:38:18.041,CHZ/USDT:USDT,0.04248,17.0,0.04247,85.0,0.0425,19.0,0.04251,119.0
1753533499048,12:38:19.048,CHZ/USDT:USDT,0.04248,18.0,0.04247,84.0,0.0425,17.0,0.04251,119.0
1753533499157,12:38:19.157,CHZ/USDT:USDT,0.04248,18.0,0.04247,84.0,0.04252,17.0,0.04253,87.0
1753533499260,12:38:19.260,CHZ/USDT:USDT,0.04248,18.0,0.04247,84.0,0.04252,17.0,0.04253,87.0
1753533499672,12:38:19.672,CHZ/USDT:USDT,0.04249,17.0,0.04248,18.0,0.04251,17.0,0.04252,19.0
1753533499689,12:38:19.689,CHZ/USDT:USDT,0.04249,17.0,0.04248,18.0,0.04251,19.0,0.04252,17.0
1753533500022,12:38:20.022,CHZ/USDT:USDT,0.04249,17.0,0.04248,18.0,0.04251,19.0,0.04252,17.0
1753533500148,12:38:20.148,CHZ/USDT:USDT,0.04248,18.0,0.04247,84.0,0.0425,16.0,0.04251,18.0
1753533500270,12:38:20.270,CHZ/USDT:USDT,0.04248,18.0,0.04247,84.0,0.04251,19.0,0.04252,17.0
1753533500288,12:38:20.288,CHZ/USDT:USDT,0.04248,17.0,0.04247,84.0,0.04251,19.0,0.04252,17.0
1753533500439,12:38:20.439,CHZ/USDT:USDT,0.04249,16.0,0.04248,18.0,0.04251,19.0,0.04252,17.0
1753533500489,12:38:20.489,CHZ/USDT:USDT,0.04249,16.0,0.04248,18.0,0.04251,18.0,0.04252,17.0
1753533501020,12:38:21.020,CHZ/USDT:USDT,0.04248,18.0,0.04247,84.0,0.04251,19.0,0.04252,17.0
1753533501218,12:38:21.218,CHZ/USDT:USDT,0.04249,16.0,0.04248,18.0,0.04251,18.0,0.04252,17.0
1753533501289,12:38:21.289,CHZ/USDT:USDT,0.04249,16.0,0.04248,18.0,0.04251,19.0,0.04252,17.0
1753533502368,12:38:22.368,CHZ/USDT:USDT,0.04248,18.0,0.04247,84.0,0.04251,19.0,0.04252,17.0
1753533502487,12:38:22.487,CHZ/USDT:USDT,0.04249,16.0,0.04248,18.0,0.04251,19.0,0.04252,17.0
1753533503069,12:38:23.069,CHZ/USDT:USDT,0.04248,17.0,0.04247,84.0,0.04251,19.0,0.04252,17.0
1753533503089,12:38:23.089,CHZ/USDT:USDT,0.04248,18.0,0.04247,84.0,0.04251,19.0,0.04252,17.0
1753533503372,12:38:23.372,CHZ/USDT:USDT,0.04248,17.0,0.04247,84.0,0.0425,16.0,0.04251,19.0
1753533503422,12:38:23.422,CHZ/USDT:USDT,0.04248,18.0,0.04247,84.0,0.0425,16.0,0.04251,19.0
1753533503616,12:38:23.616,CHZ/USDT:USDT,0.04248,17.0,0.04247,84.0,0.0425,16.0,0.04251,19.0
1753533503858,12:38:23.858,CHZ/USDT:USDT,0.04248,17.0,0.04247,84.0,0.0425,16.0,0.04251,19.0
1753533503891,12:38:23.891,CHZ/USDT:USDT,0.04248,18.0,0.04247,84.0,0.0425,16.0,0.04251,19.0
1753533504167,12:38:24.167,CHZ/USDT:USDT,0.04248,18.0,0.04247,84.0,0.0425,16.0,0.04251,19.0
1753533504243,12:38:24.243,CHZ/USDT:USDT,0.04248,19.0,0.04247,84.0,0.0425,16.0,0.04251,19.0
1753533504628,12:38:24.628,CHZ/USDT:USDT,0.04248,17.0,0.04247,84.0,0.0425,16.0,0.04251,19.0
1753533505278,12:38:25.278,CHZ/USDT:USDT,0.04248,18.0,0.04247,84.0,0.0425,16.0,0.04251,19.0
1753533505575,12:38:25.575,CHZ/USDT:USDT,0.04248,17.0,0.04247,84.0,0.0425,16.0,0.04251,19.0
1753533505969,12:38:25.969,CHZ/USDT:USDT,0.04248,17.0,0.04247,84.0,0.0425,17.0,0.04251,18.0
1753533506061,12:38:26.061,CHZ/USDT:USDT,0.04248,18.0,0.04247,84.0,0.0425,16.0,0.04251,18.0
1753533506526,12:38:26.526,CHZ/USDT:USDT,0.04248,17.0,0.04247,84.0,0.0425,17.0,0.04251,18.0
1753533506589,12:38:26.589,CHZ/USDT:USDT,0.04248,17.0,0.04247,84.0,0.0425,16.0,0.04251,18.0
1753533506914,12:38:26.914,CHZ/USDT:USDT,0.04248,17.0,0.04247,84.0,0.0425,17.0,0.04251,18.0
1753533507830,12:38:27.830,CHZ/USDT:USDT,0.04248,19.0,0.04247,84.0,0.0425,16.0,0.04251,18.0
1753533508533,12:38:28.533,CHZ/USDT:USDT,0.04248,19.0,0.04247,84.0,0.0425,16.0,0.04251,18.0
1753533508856,12:38:28.856,CHZ/USDT:USDT,0.04248,17.0,0.04247,84.0,0.0425,16.0,0.04251,18.0
1753533508889,12:38:28.889,CHZ/USDT:USDT,0.04248,18.0,0.04247,84.0,0.0425,16.0,0.04251,18.0
1753533509270,12:38:29.270,CHZ/USDT:USDT,0.04248,19.0,0.04247,84.0,0.0425,16.0,0.04251,18.0
1753533509325,12:38:29.325,CHZ/USDT:USDT,0.04248,18.0,0.04247,84.0,0.0425,16.0,0.04251,18.0
1753533509625,12:38:29.625,CHZ/USDT:USDT,0.04248,19.0,0.04247,84.0,0.0425,16.0,0.04251,18.0
1753533509927,12:38:29.927,CHZ/USDT:USDT,0.04248,17.0,0.04247,84.0,0.0425,18.0,0.04251,17.0
1753533510138,12:38:30.138,CHZ/USDT:USDT,0.04248,17.0,0.04247,84.0,0.0425,18.0,0.04251,17.0
1753533510466,12:38:30.466,CHZ/USDT:USDT,0.04248,17.0,0.04247,84.0,0.0425,17.0,0.04252,17.0
1753533511178,12:38:31.178,CHZ/USDT:USDT,0.04248,17.0,0.04247,84.0,0.0425,17.0,0.04252,17.0
1753533511573,12:38:31.573,CHZ/USDT:USDT,0.04248,17.0,0.04247,84.0,0.0425,18.0,0.04252,17.0
1753533512058,12:38:32.058,CHZ/USDT:USDT,0.04248,17.0,0.04247,84.0,0.0425,18.0,0.04252,17.0
1753533513971,12:38:33.971,CHZ/USDT:USDT,0.04248,19.0,0.04247,84.0,0.0425,16.0,0.04252,17.0
1753533513991,12:38:33.991,CHZ/USDT:USDT,0.04248,18.0,0.04247,84.0,0.04252,17.0,0.04253,87.0
1753533514598,12:38:34.598,CHZ/USDT:USDT,0.04248,17.0,0.04247,84.0,0.04252,17.0,0.04253,87.0
1753533516203,12:38:36.203,CHZ/USDT:USDT,0.04248,17.0,0.04247,84.0,0.04252,17.0,0.04253,87.0
1753533516750,12:38:36.750,CHZ/USDT:USDT,0.04248,17.0,0.04247,84.0,0.04252,17.0,0.04253,87.0
1753533519182,12:38:39.182,CHZ/USDT:USDT,0.04248,17.0,0.04247,84.0,0.04252,17.0,0.04253,87.0
1753533523282,12:38:43.282,CHZ/USDT:USDT,0.04247,84.0,0.04246,110.0,0.04251,17.0,0.04252,20.0
1753533523308,12:38:43.308,CHZ/USDT:USDT,0.04247,84.0,0.04246,110.0,0.04251,17.0,0.04252,17.0
1753533523433,12:38:43.433,CHZ/USDT:USDT,0.04247,84.0,0.04246,110.0,0.04252,17.0,0.04253,87.0
1753533524828,12:38:44.828,CHZ/USDT:USDT,0.04248,17.0,0.04247,84.0,0.04252,17.0,0.04253,87.0
1753533525031,12:38:45.031,CHZ/USDT:USDT,0.04248,17.0,0.04247,84.0,0.04252,17.0,0.04253,87.0
1753533526211,12:38:46.211,CHZ/USDT:USDT,0.04248,17.0,0.04247,84.0,0.04252,17.0,0.04253,87.0
1753533527375,12:38:47.375,CHZ/USDT:USDT,0.04248,17.0,0.04247,84.0,0.04252,17.0,0.04253,87.0
1753533527857,12:38:47.857,CHZ/USDT:USDT,0.04247,84.0,0.04246,110.0,0.04251,17.0,0.04252,17.0
1753533527987,12:38:47.987,CHZ/USDT:USDT,0.04247,84.0,0.04246,110.0,0.04252,17.0,0.04253,87.0
1753533528285,12:38:48.285,CHZ/USDT:USDT,0.04247,16.0,0.04246,110.0,0.0425,18.0,0.04251,119.0
1753533528314,12:38:48.314,CHZ/USDT:USDT,0.04247,16.0,0.04246,110.0,0.0425,18.0,0.04251,119.0
1753533529334,12:38:49.334,CHZ/USDT:USDT,0.04247,16.0,0.04246,110.0,0.04249,17.0,0.0425,19.0
1753533529476,12:38:49.476,CHZ/USDT:USDT,0.04247,17.0,0.04246,110.0,0.04249,17.0,0.0425,19.0
1753533529508,12:38:49.508,CHZ/USDT:USDT,0.04247,16.0,0.04246,110.0,0.04249,17.0,0.0425,19.0
1753533529628,12:38:49.628,CHZ/USDT:USDT,0.04247,16.0,0.04246,110.0,0.04249,17.0,0.0425,19.0
1753533529870,12:38:49.870,CHZ/USDT:USDT,0.04247,16.0,0.04246,110.0,0.04249,17.0,0.0425,19.0
1753533530881,12:38:50.881,CHZ/USDT:USDT,0.04247,16.0,0.04246,110.0,0.04249,17.0,0.0425,19.0
1753533530973,12:38:50.973,CHZ/USDT:USDT,0.04247,16.0,0.04246,57.0,0.04249,18.0,0.0425,18.0
1753533531059,12:38:51.059,CHZ/USDT:USDT,0.04247,16.0,0.04246,57.0,0.04249,17.0,0.0425,18.0
1753533531093,12:38:51.093,CHZ/USDT:USDT,0.04247,17.0,0.04246,57.0,0.04249,17.0,0.0425,18.0
1753533531369,12:38:51.369,CHZ/USDT:USDT,0.04247,17.0,0.04246,127.0,0.04249,17.0,0.0425,18.0
1753533531392,12:38:51.392,CHZ/USDT:USDT,0.04247,16.0,0.04246,127.0,0.04249,17.0,0.0425,18.0
1753533531632,12:38:51.632,CHZ/USDT:USDT,0.04247,17.0,0.04246,127.0,0.0425,17.0,0.04251,189.0
1753533531751,12:38:51.751,CHZ/USDT:USDT,0.04247,17.0,0.04246,127.0,0.04249,16.0,0.0425,65.0
1753533531881,12:38:51.881,CHZ/USDT:USDT,0.04247,17.0,0.04246,127.0,0.04249,16.0,0.0425,65.0
1753533531970,12:38:51.970,CHZ/USDT:USDT,0.04247,18.0,0.04246,127.0,0.04249,16.0,0.0425,65.0
1753533532220,12:38:52.220,CHZ/USDT:USDT,0.04247,17.0,0.04246,127.0,0.04249,16.0,0.0425,65.0
1753533532358,12:38:52.358,CHZ/USDT:USDT,0.04247,16.0,0.04246,127.0,0.04249,17.0,0.0425,65.0
1753533532486,12:38:52.486,CHZ/USDT:USDT,0.04247,17.0,0.04246,127.0,0.04249,16.0,0.0425,17.0
1753533532508,12:38:52.508,CHZ/USDT:USDT,0.04247,16.0,0.04246,127.0,0.0425,17.0,0.04251,189.0
1753533532695,12:38:52.695,CHZ/USDT:USDT,0.04247,16.0,0.04246,127.0,0.0425,17.0,0.04251,189.0
1753533533182,12:38:53.182,CHZ/USDT:USDT,0.04247,16.0,0.04246,127.0,0.04253,17.0,0.04254,119.0
1753533533200,12:38:53.200,CHZ/USDT:USDT,0.04247,16.0,0.04246,127.0,0.04253,17.0,0.04254,119.0
1753533533512,12:38:53.512,CHZ/USDT:USDT,0.04247,16.0,0.04246,127.0,0.04253,17.0,0.04254,119.0
1753533534170,12:38:54.170,CHZ/USDT:USDT,0.04247,16.0,0.04246,127.0,0.04253,17.0,0.04254,119.0
1753533534248,12:38:54.248,CHZ/USDT:USDT,0.04247,16.0,0.04246,127.0,0.04253,17.0,0.04254,119.0
1753533534325,12:38:54.325,CHZ/USDT:USDT,0.04247,16.0,0.04246,127.0,0.04253,17.0,0.04254,119.0
1753533534427,12:38:54.427,CHZ/USDT:USDT,0.04247,16.0,0.04246,127.0,0.04253,17.0,0.04254,119.0
1753533535676,12:38:55.676,CHZ/USDT:USDT,0.04247,16.0,0.04246,127.0,0.04252,16.0,0.04253,87.0
1753533536063,12:38:56.063,CHZ/USDT:USDT,0.04247,16.0,0.04246,127.0,0.04253,17.0,0.04254,119.0
1753533536138,12:38:56.138,CHZ/USDT:USDT,0.04247,16.0,0.04246,127.0,0.04253,17.0,0.04254,119.0
1753533536324,12:38:56.324,CHZ/USDT:USDT,0.04247,16.0,0.04246,127.0,0.04253,17.0,0.04254,119.0
1753533536860,12:38:56.860,CHZ/USDT:USDT,0.04247,16.0,0.04246,127.0,0.04253,17.0,0.04254,119.0
1753533536931,12:38:56.931,CHZ/USDT:USDT,0.04247,16.0,0.04246,127.0,0.04253,17.0,0.04254,119.0
1753533538268,12:38:58.268,CHZ/USDT:USDT,0.04247,16.0,0.04246,127.0,0.04252,16.0,0.04253,17.0
1753533538414,12:38:58.414,CHZ/USDT:USDT,0.04247,16.0,0.04246,127.0,0.04252,16.0,0.04253,17.0
1753533538568,12:38:58.568,CHZ/USDT:USDT,0.04247,16.0,0.04246,127.0,0.04252,16.0,0.04253,19.0
1753533539548,12:38:59.548,CHZ/USDT:USDT,0.04247,16.0,0.04246,127.0,0.04252,16.0,0.04253,73.0
1753533541674,12:39:01.674,CHZ/USDT:USDT,0.04247,16.0,0.04246,127.0,0.04252,16.0,0.04253,73.0
1753533543301,12:39:03.301,CHZ/USDT:USDT,0.04247,16.0,0.04246,127.0,0.04252,16.0,0.04253,73.0
1753533546668,12:39:06.668,CHZ/USDT:USDT,0.04247,16.0,0.04246,127.0,0.04252,16.0,0.04253,73.0
1753533547454,12:39:07.454,CHZ/USDT:USDT,0.04247,16.0,0.04246,127.0,0.04253,17.0,0.04254,119.0
1753533548073,12:39:08.073,CHZ/USDT:USDT,0.04247,16.0,0.04246,127.0,0.04253,17.0,0.04254,119.0
1753533548333,12:39:08.333,CHZ/USDT:USDT,0.04248,17.0,0.04247,86.0,0.04253,17.0,0.04254,119.0
1753533548462,12:39:08.462,CHZ/USDT:USDT,0.04248,17.0,0.04247,86.0,0.04253,17.0,0.04254,119.0
1753533548972,12:39:08.972,CHZ/USDT:USDT,0.04248,17.0,0.04247,86.0,0.04253,17.0,0.04254,119.0
1753533548988,12:39:08.988,CHZ/USDT:USDT,0.04248,17.0,0.04247,86.0,0.04253,17.0,0.04254,119.0
1753533549438,12:39:09.438,CHZ/USDT:USDT,0.04248,17.0,0.04247,86.0,0.04253,17.0,0.04254,119.0
