timestamp,time,symbol,bid1_price,bid1_volume,bid2_price,bid2_volume,ask1_price,ask1_volume,ask2_price,ask2_volume
1753533020035,12:30:20.035,ACE/USDT:USDT,0.5759,3844.0,0.5758,18022.0,0.5773,5196.0,0.5783,345.0
1753533020135,12:30:20.135,ACE/USDT:USDT,0.5758,7602.0,0.5757,3410.0,0.5773,5196.0,0.5783,345.0
1753533020212,12:30:20.212,ACE/USDT:USDT,0.5758,7602.0,0.5757,3410.0,0.5773,5196.0,0.5783,345.0
1753533020347,12:30:20.347,ACE/USDT:USDT,0.5758,7602.0,0.5757,3410.0,0.5773,5196.0,0.5783,345.0
1753533020625,12:30:20.625,ACE/USDT:USDT,0.5758,7602.0,0.5757,3410.0,0.5773,5196.0,0.5783,345.0
1753533020675,12:30:20.675,ACE/USDT:USDT,0.5758,7602.0,0.5757,3410.0,0.5773,5196.0,0.5779,345.0
1753533020775,12:30:20.775,ACE/USDT:USDT,0.5758,7602.0,0.5757,3410.0,0.5773,5196.0,0.5783,345.0
1753533020900,12:30:20.900,ACE/USDT:USDT,0.5758,7602.0,0.5757,3410.0,0.5773,5196.0,0.5783,345.0
1753533021041,12:30:21.041,ACE/USDT:USDT,0.5758,7602.0,0.5757,3410.0,0.5773,5196.0,0.5783,345.0
1753533021545,12:30:21.545,ACE/USDT:USDT,0.5758,7602.0,0.5757,3410.0,0.5773,5196.0,0.5783,345.0
1753533021655,12:30:21.655,ACE/USDT:USDT,0.5758,7602.0,0.5757,3410.0,0.5773,5196.0,0.5779,345.0
1753533021755,12:30:21.755,ACE/USDT:USDT,0.5758,7602.0,0.5757,3410.0,0.5773,5196.0,0.5783,345.0
1753533023317,12:30:23.317,ACE/USDT:USDT,0.5758,7602.0,0.5757,3410.0,0.5773,5196.0,0.5783,345.0
1753533023414,12:30:23.414,ACE/USDT:USDT,0.5758,7602.0,0.5757,3410.0,0.5773,5196.0,0.5779,345.0
1753533023532,12:30:23.532,ACE/USDT:USDT,0.5758,7602.0,0.5757,3410.0,0.5773,5196.0,0.5783,345.0
1753533023827,12:30:23.827,ACE/USDT:USDT,0.5758,7602.0,0.5757,3410.0,0.5773,5196.0,0.5783,345.0
1753533024017,12:30:24.017,ACE/USDT:USDT,0.5758,7602.0,0.5757,3410.0,0.5773,5196.0,0.5779,345.0
1753533024074,12:30:24.074,ACE/USDT:USDT,0.5758,7602.0,0.5757,3410.0,0.5773,5196.0,0.5785,345.0
1753533024151,12:30:24.151,ACE/USDT:USDT,0.5758,7602.0,0.5757,3410.0,0.5773,5196.0,0.5785,345.0
1753533024245,12:30:24.245,ACE/USDT:USDT,0.5758,7602.0,0.5757,3410.0,0.5773,5196.0,0.5785,345.0
1753533024338,12:30:24.338,ACE/USDT:USDT,0.5758,7602.0,0.5757,3410.0,0.5773,5196.0,0.5785,345.0
1753533024673,12:30:24.673,ACE/USDT:USDT,0.5758,7602.0,0.5757,3410.0,0.5773,5196.0,0.5785,345.0
1753533024745,12:30:24.745,ACE/USDT:USDT,0.5758,7602.0,0.5757,3410.0,0.5773,5196.0,0.5785,345.0
1753533024845,12:30:24.845,ACE/USDT:USDT,0.5758,7602.0,0.5757,3410.0,0.5773,5196.0,0.5785,345.0
1753533027215,12:30:27.215,ACE/USDT:USDT,0.5758,7602.0,0.5757,3410.0,0.5773,5196.0,0.5785,345.0
1753533027285,12:30:27.285,ACE/USDT:USDT,0.5758,7602.0,0.5757,3410.0,0.5773,5196.0,0.5785,345.0
1753533027344,12:30:27.344,ACE/USDT:USDT,0.5758,7602.0,0.5757,3410.0,0.5773,5196.0,0.5785,345.0
1753533027531,12:30:27.531,ACE/USDT:USDT,0.5758,7602.0,0.5757,3410.0,0.5773,5196.0,0.5785,345.0
1753533028733,12:30:28.733,ACE/USDT:USDT,0.5758,7602.0,0.5757,3410.0,0.5773,5196.0,0.5785,345.0
1753533028791,12:30:28.791,ACE/USDT:USDT,0.5758,7602.0,0.5757,3410.0,0.5773,5196.0,0.5785,345.0
1753533028919,12:30:28.919,ACE/USDT:USDT,0.5758,7602.0,0.5757,3410.0,0.5773,5196.0,0.5783,6936.0
1753533028949,12:30:28.949,ACE/USDT:USDT,0.5758,7602.0,0.5757,3410.0,0.5773,5196.0,0.578,201.0
1753533029045,12:30:29.045,ACE/USDT:USDT,0.5758,7602.0,0.5757,3410.0,0.5773,5196.0,0.5782,345.0
1753533029522,12:30:29.522,ACE/USDT:USDT,0.5758,7602.0,0.5757,3410.0,0.5773,5196.0,0.5782,345.0
1753533029613,12:30:29.613,ACE/USDT:USDT,0.5758,7602.0,0.5757,3410.0,0.5773,5196.0,0.5779,345.0
1753533029654,12:30:29.654,ACE/USDT:USDT,0.5758,7602.0,0.5757,3410.0,0.5773,5196.0,0.5782,345.0
1753533030024,12:30:30.024,ACE/USDT:USDT,0.5758,7602.0,0.5757,3410.0,0.5773,5196.0,0.5782,345.0
1753533030435,12:30:30.435,ACE/USDT:USDT,0.5758,7602.0,0.5757,3410.0,0.5773,5196.0,0.5782,345.0
1753533030445,12:30:30.445,ACE/USDT:USDT,0.5758,7602.0,0.5757,3410.0,0.5773,5196.0,0.578,201.0
1753533030544,12:30:30.544,ACE/USDT:USDT,0.5758,7602.0,0.5757,3410.0,0.5773,5196.0,0.5782,345.0
1753533031433,12:30:31.433,ACE/USDT:USDT,0.5758,7602.0,0.5757,3410.0,0.5773,5196.0,0.5782,345.0
1753533031445,12:30:31.445,ACE/USDT:USDT,0.5758,7602.0,0.5757,3410.0,0.5773,5196.0,0.578,201.0
1753533031550,12:30:31.550,ACE/USDT:USDT,0.5758,7602.0,0.5757,3410.0,0.5773,5196.0,0.5782,345.0
1753533034160,12:30:34.160,ACE/USDT:USDT,0.5758,7602.0,0.5757,3410.0,0.5773,5196.0,0.5782,345.0
1753533034918,12:30:34.918,ACE/USDT:USDT,0.5758,2000.0,0.5757,3018.0,0.5773,5196.0,0.5782,345.0
1753533035024,12:30:35.024,ACE/USDT:USDT,0.5758,2000.0,0.5756,345.0,0.5773,5196.0,0.5782,345.0
1753533035060,12:30:35.060,ACE/USDT:USDT,0.5758,2000.0,0.5756,345.0,0.5773,5196.0,0.5782,345.0
1753533035396,12:30:35.396,ACE/USDT:USDT,0.5753,2345.0,0.5752,198.0,0.5773,5541.0,0.5783,6936.0
1753533035693,12:30:35.693,ACE/USDT:USDT,0.5754,5213.0,0.5753,2345.0,0.5773,5541.0,0.5783,6936.0
1753533035868,12:30:35.868,ACE/USDT:USDT,0.5754,5213.0,0.5753,2345.0,0.5773,5541.0,0.5783,6936.0
1753533036262,12:30:36.262,ACE/USDT:USDT,0.5754,5213.0,0.5753,2345.0,0.5773,5541.0,0.5783,6936.0
1753533036377,12:30:36.377,ACE/USDT:USDT,0.5754,5213.0,0.5753,2345.0,0.5773,5541.0,0.5783,6936.0
1753533036517,12:30:36.517,ACE/USDT:USDT,0.5754,5213.0,0.5753,2345.0,0.5773,5541.0,0.5783,6936.0
1753533036635,12:30:36.635,ACE/USDT:USDT,0.5754,5213.0,0.5753,2345.0,0.5773,6407.0,0.5783,6936.0
1753533036738,12:30:36.738,ACE/USDT:USDT,0.5754,5213.0,0.5753,2345.0,0.5773,6407.0,0.5783,6936.0
1753533037251,12:30:37.251,ACE/USDT:USDT,0.5754,5213.0,0.5753,2345.0,0.5773,6407.0,0.5783,6936.0
1753533037419,12:30:37.419,ACE/USDT:USDT,0.5755,4692.0,0.5754,15639.0,0.5773,6407.0,0.5783,6936.0
1753533037759,12:30:37.759,ACE/USDT:USDT,0.5755,5212.0,0.5754,345.0,0.5773,6062.0,0.5782,345.0
1753533038260,12:30:38.260,ACE/USDT:USDT,0.5755,5212.0,0.5754,345.0,0.5773,6928.0,0.5782,345.0
1753533038627,12:30:38.627,ACE/USDT:USDT,0.5755,5212.0,0.5754,345.0,0.5773,6928.0,0.5782,345.0
1753533039470,12:30:39.470,ACE/USDT:USDT,0.5755,5212.0,0.5754,345.0,0.5773,7794.0,0.5782,345.0
1753533039679,12:30:39.679,ACE/USDT:USDT,0.5755,5212.0,0.5754,345.0,0.5773,7794.0,0.5782,345.0
1753533040175,12:30:40.175,ACE/USDT:USDT,0.5755,5212.0,0.5754,345.0,0.5773,7794.0,0.5782,345.0
1753533040273,12:30:40.273,ACE/USDT:USDT,0.5755,5212.0,0.5754,345.0,0.5773,7794.0,0.5782,345.0
1753533040661,12:30:40.661,ACE/USDT:USDT,0.5755,5212.0,0.5754,345.0,0.5773,7794.0,0.5782,345.0
1753533040906,12:30:40.906,ACE/USDT:USDT,0.5755,5212.0,0.5754,345.0,0.5773,7794.0,0.5778,345.0
1753533041075,12:30:41.075,ACE/USDT:USDT,0.5755,5212.0,0.5754,345.0,0.5773,7794.0,0.5778,345.0
1753533041504,12:30:41.504,ACE/USDT:USDT,0.5755,5212.0,0.5754,345.0,0.5773,7794.0,0.5778,345.0
1753533042858,12:30:42.858,ACE/USDT:USDT,0.5755,5212.0,0.5754,345.0,0.5773,8660.0,0.5778,345.0
1753533042978,12:30:42.978,ACE/USDT:USDT,0.5755,5212.0,0.5754,345.0,0.5773,9526.0,0.5778,345.0
1753533044569,12:30:44.569,ACE/USDT:USDT,0.5755,5212.0,0.5754,345.0,0.5773,10392.0,0.5778,345.0
1753533044643,12:30:44.643,ACE/USDT:USDT,0.5755,5212.0,0.5754,345.0,0.5773,10392.0,0.5778,345.0
1753533044751,12:30:44.751,ACE/USDT:USDT,0.5755,10425.0,0.5754,345.0,0.5773,10392.0,0.5778,345.0
1753533045329,12:30:45.329,ACE/USDT:USDT,0.5755,10817.0,0.5754,737.0,0.5771,5198.0,0.5772,2000.0
1753533045368,12:30:45.368,ACE/USDT:USDT,0.5755,10817.0,0.5754,392.0,0.5771,5198.0,0.5776,345.0
1753533045525,12:30:45.525,ACE/USDT:USDT,0.5755,10817.0,0.5754,392.0,0.5771,5198.0,0.5776,345.0
1753533045544,12:30:45.544,ACE/USDT:USDT,0.5755,10817.0,0.5754,392.0,0.5771,5198.0,0.5776,345.0
1753533045655,12:30:45.655,ACE/USDT:USDT,0.5755,10817.0,0.5754,392.0,0.5771,6064.0,0.5776,345.0
1753533045966,12:30:45.966,ACE/USDT:USDT,0.5755,10817.0,0.5754,392.0,0.5771,6064.0,0.5776,345.0
1753533046045,12:30:46.045,ACE/USDT:USDT,0.5755,10817.0,0.5754,392.0,0.5771,6064.0,0.5776,345.0
1753533046142,12:30:46.142,ACE/USDT:USDT,0.5755,10817.0,0.5754,392.0,0.5771,6064.0,0.5776,345.0
1753533046712,12:30:46.712,ACE/USDT:USDT,0.5755,10817.0,0.5754,392.0,0.5771,5198.0,0.5776,345.0
1753533046777,12:30:46.777,ACE/USDT:USDT,0.5755,5604.0,0.5754,392.0,0.5771,5198.0,0.5776,345.0
1753533047019,12:30:47.019,ACE/USDT:USDT,0.5755,5604.0,0.5754,392.0,0.5771,5198.0,0.5776,345.0
1753533047039,12:30:47.039,ACE/USDT:USDT,0.5755,5604.0,0.5754,392.0,0.5771,5198.0,0.5776,345.0
1753533047254,12:30:47.254,ACE/USDT:USDT,0.5755,5604.0,0.5754,392.0,0.5771,5198.0,0.5776,345.0
1753533047344,12:30:47.344,ACE/USDT:USDT,0.5755,5604.0,0.5754,392.0,0.5771,5198.0,0.5776,345.0
1753533047456,12:30:47.456,ACE/USDT:USDT,0.5755,5604.0,0.5754,392.0,0.5771,5198.0,0.5776,345.0
1753533048667,12:30:48.667,ACE/USDT:USDT,0.5755,5604.0,0.5754,392.0,0.5771,5198.0,0.5776,345.0
1753533048800,12:30:48.800,ACE/USDT:USDT,0.5755,5604.0,0.5754,392.0,0.5771,5198.0,0.5776,345.0
1753533048843,12:30:48.843,ACE/USDT:USDT,0.5755,5604.0,0.5754,392.0,0.5771,5198.0,0.5776,345.0
1753533056160,12:30:56.160,ACE/USDT:USDT,0.5755,5604.0,0.5754,392.0,0.5771,5198.0,0.5777,345.0
1753533056243,12:30:56.243,ACE/USDT:USDT,0.5755,5604.0,0.5754,392.0,0.5771,5198.0,0.5777,345.0
1753533056342,12:30:56.342,ACE/USDT:USDT,0.5755,5604.0,0.5754,392.0,0.5771,5198.0,0.5777,345.0
1753533060453,12:31:00.453,ACE/USDT:USDT,0.5755,392.0,0.5754,392.0,0.5771,5198.0,0.5777,345.0
1753533060559,12:31:00.559,ACE/USDT:USDT,0.5755,392.0,0.5754,392.0,0.5771,5198.0,0.5777,345.0
1753533060643,12:31:00.643,ACE/USDT:USDT,0.5755,392.0,0.5754,392.0,0.5771,5198.0,0.5777,345.0
1753533060869,12:31:00.869,ACE/USDT:USDT,0.5755,392.0,0.5754,392.0,0.5771,5198.0,0.5777,345.0
1753533061095,12:31:01.095,ACE/USDT:USDT,0.5755,392.0,0.5754,392.0,0.5771,8486.0,0.5777,345.0
1753533061152,12:31:01.152,ACE/USDT:USDT,0.5755,392.0,0.5754,392.0,0.5771,8486.0,0.5777,345.0
1753533061292,12:31:01.292,ACE/USDT:USDT,0.5755,392.0,0.5754,392.0,0.5771,9582.0,0.5777,345.0
1753533062566,12:31:02.566,ACE/USDT:USDT,0.5755,392.0,0.5754,392.0,0.5771,9582.0,0.5777,345.0
1753533062643,12:31:02.643,ACE/USDT:USDT,0.5755,392.0,0.5754,392.0,0.5771,9582.0,0.5777,345.0
1753533062742,12:31:02.742,ACE/USDT:USDT,0.5755,392.0,0.5754,392.0,0.5771,9582.0,0.5777,345.0
1753533063048,12:31:03.048,ACE/USDT:USDT,0.5755,392.0,0.5754,392.0,0.5771,10448.0,0.5777,345.0
1753533066319,12:31:06.319,ACE/USDT:USDT,0.5755,392.0,0.5754,392.0,0.5771,10448.0,0.5777,345.0
1753533066343,12:31:06.343,ACE/USDT:USDT,0.5755,392.0,0.5754,392.0,0.5771,10448.0,0.5777,345.0
1753533066442,12:31:06.442,ACE/USDT:USDT,0.5755,392.0,0.5754,392.0,0.5771,10448.0,0.5777,345.0
1753533067504,12:31:07.504,ACE/USDT:USDT,0.5755,392.0,0.5754,392.0,0.5771,7390.0,0.5777,345.0
1753533067547,12:31:07.547,ACE/USDT:USDT,0.5755,392.0,0.5754,392.0,0.5771,7390.0,0.5777,345.0
1753533067645,12:31:07.645,ACE/USDT:USDT,0.5755,392.0,0.5754,392.0,0.5771,7390.0,0.5777,345.0
1753533069404,12:31:09.404,ACE/USDT:USDT,0.5755,392.0,0.5754,392.0,0.5771,6294.0,0.5777,345.0
1753533069443,12:31:09.443,ACE/USDT:USDT,0.5755,392.0,0.5754,392.0,0.5771,6294.0,0.5777,345.0
1753533069547,12:31:09.547,ACE/USDT:USDT,0.5755,392.0,0.5754,392.0,0.5771,6294.0,0.5777,345.0
1753533069734,12:31:09.734,ACE/USDT:USDT,0.5755,392.0,0.5754,392.0,0.5771,10076.0,0.5777,345.0
1753533072030,12:31:12.030,ACE/USDT:USDT,0.5755,392.0,0.5754,392.0,0.5771,10942.0,0.5777,345.0
1753533072085,12:31:12.085,ACE/USDT:USDT,0.5755,392.0,0.5754,392.0,0.5771,10076.0,0.5777,345.0
1753533073560,12:31:13.560,ACE/USDT:USDT,0.5755,392.0,0.5754,392.0,0.5771,10076.0,0.5777,345.0
1753533073644,12:31:13.644,ACE/USDT:USDT,0.5755,392.0,0.5754,392.0,0.5771,10076.0,0.5777,345.0
1753533073747,12:31:13.747,ACE/USDT:USDT,0.5755,392.0,0.5754,392.0,0.5771,10076.0,0.5777,345.0
1753533075198,12:31:15.198,ACE/USDT:USDT,0.5755,392.0,0.5754,392.0,0.5771,10076.0,0.5777,345.0
1753533075243,12:31:15.243,ACE/USDT:USDT,0.5755,392.0,0.5754,392.0,0.5771,10076.0,0.5777,345.0
1753533075343,12:31:15.343,ACE/USDT:USDT,0.5755,392.0,0.5754,392.0,0.5771,10076.0,0.5777,345.0
1753533077447,12:31:17.447,ACE/USDT:USDT,0.5755,392.0,0.5754,392.0,0.5771,8980.0,0.5777,345.0
1753533077543,12:31:17.543,ACE/USDT:USDT,0.5755,392.0,0.5754,392.0,0.5771,8980.0,0.5777,345.0
1753533077643,12:31:17.643,ACE/USDT:USDT,0.5755,392.0,0.5754,392.0,0.5771,8980.0,0.5777,345.0
1753533078129,12:31:18.129,ACE/USDT:USDT,0.5755,392.0,0.5754,392.0,0.5771,5198.0,0.5777,345.0
1753533078199,12:31:18.199,ACE/USDT:USDT,0.5755,5605.0,0.5754,392.0,0.5771,5198.0,0.5777,345.0
1753533078315,12:31:18.315,ACE/USDT:USDT,0.5755,392.0,0.5754,392.0,0.5771,5198.0,0.5777,345.0
1753533078520,12:31:18.520,ACE/USDT:USDT,0.5756,5211.0,0.5755,392.0,0.5771,5198.0,0.5777,345.0
1753533078697,12:31:18.697,ACE/USDT:USDT,0.5756,5211.0,0.5755,392.0,0.5771,5198.0,0.5777,345.0
1753533078915,12:31:18.915,ACE/USDT:USDT,0.5756,5211.0,0.5755,392.0,0.5771,5198.0,0.5784,345.0
1753533078940,12:31:18.940,ACE/USDT:USDT,0.5756,5211.0,0.5755,392.0,0.5771,5198.0,0.5784,345.0
1753533079529,12:31:19.529,ACE/USDT:USDT,0.5756,5211.0,0.5755,392.0,0.5771,5198.0,0.5784,345.0
1753533080551,12:31:20.551,ACE/USDT:USDT,0.5756,5211.0,0.5755,392.0,0.5771,6064.0,0.5784,345.0
1753533080669,12:31:20.669,ACE/USDT:USDT,0.5756,5211.0,0.5755,392.0,0.5771,5198.0,0.5784,345.0
1753533081235,12:31:21.235,ACE/USDT:USDT,0.5757,4691.0,0.5756,5211.0,0.5771,5198.0,0.5784,345.0
1753533081334,12:31:21.334,ACE/USDT:USDT,0.5757,4691.0,0.5756,5211.0,0.5771,5198.0,0.5784,345.0
1753533081419,12:31:21.419,ACE/USDT:USDT,0.5756,5211.0,0.5755,392.0,0.5771,5198.0,0.5784,345.0
1753533081439,12:31:21.439,ACE/USDT:USDT,0.5756,5211.0,0.5755,392.0,0.5771,5198.0,0.5784,345.0
1753533082860,12:31:22.860,ACE/USDT:USDT,0.5757,2000.0,0.5756,7211.0,0.5771,5198.0,0.5784,345.0
1753533083218,12:31:23.218,ACE/USDT:USDT,0.5757,2000.0,0.5756,7211.0,0.5771,5198.0,0.5784,345.0
1753533083403,12:31:23.403,ACE/USDT:USDT,0.5757,7211.0,0.5756,2000.0,0.5771,5198.0,0.5784,345.0
1753533083459,12:31:23.459,ACE/USDT:USDT,0.5757,7211.0,0.5756,2000.0,0.5771,5198.0,0.5784,345.0
1753533083636,12:31:23.636,ACE/USDT:USDT,0.5757,7211.0,0.5756,2000.0,0.5771,5198.0,0.5784,345.0
1753533083734,12:31:23.734,ACE/USDT:USDT,0.5757,7211.0,0.5756,2000.0,0.5771,5198.0,0.5784,345.0
1753533083842,12:31:23.842,ACE/USDT:USDT,0.5757,7211.0,0.5756,2000.0,0.5771,5198.0,0.5784,345.0
1753533084835,12:31:24.835,ACE/USDT:USDT,0.5758,2000.0,0.5757,5211.0,0.5771,5198.0,0.5784,345.0
1753533084860,12:31:24.860,ACE/USDT:USDT,0.5758,2000.0,0.5757,5211.0,0.5771,5198.0,0.5784,345.0
1753533085134,12:31:25.134,ACE/USDT:USDT,0.5758,2000.0,0.5757,5211.0,0.5771,5198.0,0.5784,345.0
1753533085153,12:31:25.153,ACE/USDT:USDT,0.5758,2000.0,0.5757,5211.0,0.5771,5198.0,0.5784,345.0
1753533085426,12:31:25.426,ACE/USDT:USDT,0.5758,2000.0,0.5757,5211.0,0.5771,5198.0,0.5784,345.0
1753533085442,12:31:25.442,ACE/USDT:USDT,0.5758,2000.0,0.5757,5211.0,0.5771,5198.0,0.5784,7279.0
1753533085678,12:31:25.678,ACE/USDT:USDT,0.5758,2000.0,0.5757,5211.0,0.5771,5198.0,0.5784,7279.0
1753533085835,12:31:25.835,ACE/USDT:USDT,0.5758,2000.0,0.5757,5211.0,0.5771,5198.0,0.5784,7279.0
1753533086631,12:31:26.631,ACE/USDT:USDT,0.5758,2000.0,0.5757,5211.0,0.5771,5198.0,0.5784,7279.0
1753533086653,12:31:26.653,ACE/USDT:USDT,0.5758,2000.0,0.5757,5211.0,0.5771,5198.0,0.5784,7279.0
1753533086809,12:31:26.809,ACE/USDT:USDT,0.5758,2000.0,0.5757,5211.0,0.5771,5198.0,0.5784,7279.0
1753533086899,12:31:26.899,ACE/USDT:USDT,0.5758,2000.0,0.5757,5211.0,0.5771,5198.0,0.5784,7279.0
1753533087543,12:31:27.543,ACE/USDT:USDT,0.5758,2000.0,0.5757,5211.0,0.5771,5198.0,0.5784,7279.0
1753533090710,12:31:30.710,ACE/USDT:USDT,0.5758,2000.0,0.5757,5211.0,0.5771,5198.0,0.5784,7279.0
1753533090816,12:31:30.816,ACE/USDT:USDT,0.5758,2000.0,0.5757,5211.0,0.5771,5198.0,0.5779,345.0
1753533090857,12:31:30.857,ACE/USDT:USDT,0.5758,2000.0,0.5757,5211.0,0.5771,5198.0,0.5783,345.0
1753533090941,12:31:30.941,ACE/USDT:USDT,0.5758,2000.0,0.5757,5211.0,0.5771,5198.0,0.5783,345.0
1753533091833,12:31:31.833,ACE/USDT:USDT,0.5758,2000.0,0.5757,5211.0,0.5771,5198.0,0.5783,345.0
1753533091875,12:31:31.875,ACE/USDT:USDT,0.5758,2000.0,0.5757,5211.0,0.5771,5198.0,0.5779,345.0
1753533091955,12:31:31.955,ACE/USDT:USDT,0.5758,2000.0,0.5757,5211.0,0.5771,5198.0,0.5783,345.0
1753533092219,12:31:32.219,ACE/USDT:USDT,0.5758,2000.0,0.5757,5211.0,0.5771,5198.0,0.5783,345.0
1753533093922,12:31:33.922,ACE/USDT:USDT,0.5758,2000.0,0.5757,5211.0,0.5783,345.0,0.5784,6934.0
1753533094017,12:31:34.017,ACE/USDT:USDT,0.5759,345.0,0.5758,2000.0,0.5779,5191.0,0.578,865.0
1753533094093,12:31:34.093,ACE/USDT:USDT,0.5759,345.0,0.5758,2000.0,0.5779,5536.0,0.578,865.0
1753533094229,12:31:34.229,ACE/USDT:USDT,0.5759,345.0,0.5758,2000.0,0.5779,5536.0,0.578,865.0
1753533094303,12:31:34.303,ACE/USDT:USDT,0.5759,345.0,0.5758,2000.0,0.5779,5536.0,0.578,865.0
1753533094431,12:31:34.431,ACE/USDT:USDT,0.5759,345.0,0.5758,2000.0,0.5779,6401.0,0.578,865.0
1753533094699,12:31:34.699,ACE/USDT:USDT,0.5759,345.0,0.5758,2000.0,0.5779,6401.0,0.578,865.0
1753533094778,12:31:34.778,ACE/USDT:USDT,0.5759,345.0,0.5758,2000.0,0.5779,6401.0,0.578,1066.0
1753533094907,12:31:34.907,ACE/USDT:USDT,0.5759,345.0,0.5758,2000.0,0.5779,6401.0,0.578,865.0
1753533095931,12:31:35.931,ACE/USDT:USDT,0.5759,5554.0,0.5758,2000.0,0.5779,7266.0,0.578,865.0
1753533095967,12:31:35.967,ACE/USDT:USDT,0.5759,5554.0,0.5758,2000.0,0.5779,7266.0,0.578,1066.0
1753533096046,12:31:36.046,ACE/USDT:USDT,0.5759,5554.0,0.5758,2000.0,0.5779,7266.0,0.578,865.0
1753533096719,12:31:36.719,ACE/USDT:USDT,0.5759,5554.0,0.5753,2000.0,0.5779,7266.0,0.578,865.0
1753533096744,12:31:36.744,ACE/USDT:USDT,0.5759,5554.0,0.5753,2000.0,0.5779,7266.0,0.578,1066.0
1753533096924,12:31:36.924,ACE/USDT:USDT,0.5759,6422.0,0.5753,2000.0,0.5779,7266.0,0.578,865.0
1753533097415,12:31:37.415,ACE/USDT:USDT,0.5759,6422.0,0.5753,2000.0,0.5779,7266.0,0.5785,2748.0
1753533097454,12:31:37.454,ACE/USDT:USDT,0.5759,6422.0,0.5753,2000.0,0.5779,7266.0,0.5785,2748.0
1753533097572,12:31:37.572,ACE/USDT:USDT,0.5759,6422.0,0.5753,2000.0,0.5779,8131.0,0.5785,2748.0
1753533098003,12:31:38.003,ACE/USDT:USDT,0.5759,5554.0,0.5753,2000.0,0.5779,8131.0,0.5785,2748.0
1753533098102,12:31:38.102,ACE/USDT:USDT,0.5759,5554.0,0.5753,2000.0,0.5779,8131.0,0.5785,2748.0
1753533099066,12:31:39.066,ACE/USDT:USDT,0.5759,5554.0,0.5753,2000.0,0.5779,8131.0,0.5785,2748.0
1753533099229,12:31:39.229,ACE/USDT:USDT,0.5759,5554.0,0.5753,2000.0,0.5779,8131.0,0.5785,2748.0
1753533099266,12:31:39.266,ACE/USDT:USDT,0.5759,5554.0,0.5753,2000.0,0.5779,8131.0,0.5785,2748.0
1753533099617,12:31:39.617,ACE/USDT:USDT,0.5759,5554.0,0.5753,2000.0,0.5779,8131.0,0.5785,2748.0
1753533099653,12:31:39.653,ACE/USDT:USDT,0.5759,5554.0,0.5753,2000.0,0.5779,8131.0,0.5785,2748.0
1753533099770,12:31:39.770,ACE/USDT:USDT,0.5759,5554.0,0.5753,2000.0,0.5779,8131.0,0.5785,2748.0
1753533099849,12:31:39.849,ACE/USDT:USDT,0.5759,5554.0,0.5753,2000.0,0.5779,8131.0,0.5785,2748.0
1753533100101,12:31:40.101,ACE/USDT:USDT,0.5759,5554.0,0.5753,2000.0,0.5779,8131.0,0.5785,2748.0
1753533100410,12:31:40.410,ACE/USDT:USDT,0.5759,5554.0,0.5753,2000.0,0.5779,9861.0,0.5785,2748.0
1753533100449,12:31:40.449,ACE/USDT:USDT,0.5759,5554.0,0.5753,2000.0,0.5779,9861.0,0.5785,2748.0
1753533100566,12:31:40.566,ACE/USDT:USDT,0.5759,5554.0,0.5753,2000.0,0.5779,9861.0,0.5785,2748.0
1753533100826,12:31:40.826,ACE/USDT:USDT,0.5759,5601.0,0.5754,345.0,0.577,210.0,0.5776,345.0
1753533100843,12:31:40.843,ACE/USDT:USDT,0.5759,5601.0,0.5754,345.0,0.577,210.0,0.5776,345.0
1753533100978,12:31:40.978,ACE/USDT:USDT,0.5759,5601.0,0.5754,345.0,0.577,210.0,0.5776,345.0
1753533101543,12:31:41.543,ACE/USDT:USDT,0.5759,5601.0,0.5754,345.0,0.577,210.0,0.5776,345.0
1753533101660,12:31:41.660,ACE/USDT:USDT,0.5759,5601.0,0.5754,345.0,0.577,210.0,0.5776,345.0
1753533101832,12:31:41.832,ACE/USDT:USDT,0.5759,5601.0,0.5754,345.0,0.577,210.0,0.5776,345.0
1753533102059,12:31:42.059,ACE/USDT:USDT,0.5759,5601.0,0.5754,345.0,0.577,210.0,0.5776,345.0
1753533102144,12:31:42.144,ACE/USDT:USDT,0.5759,5601.0,0.5754,345.0,0.577,210.0,0.5776,345.0
1753533102243,12:31:42.243,ACE/USDT:USDT,0.5759,5601.0,0.5754,345.0,0.577,210.0,0.5776,345.0
1753533106131,12:31:46.131,ACE/USDT:USDT,0.576,5208.0,0.5759,392.0,0.577,210.0,0.5776,345.0
1753533106232,12:31:46.232,ACE/USDT:USDT,0.5762,5206.0,0.576,10416.0,0.5777,5193.0,0.5784,345.0
1753533106328,12:31:46.328,ACE/USDT:USDT,0.5762,5206.0,0.576,10416.0,0.5777,5193.0,0.5784,345.0
1753533106503,12:31:46.503,ACE/USDT:USDT,0.5762,5206.0,0.576,10416.0,0.5777,5193.0,0.5784,345.0
1753533106715,12:31:46.715,ACE/USDT:USDT,0.5762,5206.0,0.576,10416.0,0.5777,5193.0,0.5784,345.0
1753533106751,12:31:46.751,ACE/USDT:USDT,0.5762,5206.0,0.576,10761.0,0.5777,5193.0,0.5779,345.0
1753533106863,12:31:46.863,ACE/USDT:USDT,0.5762,5206.0,0.576,10761.0,0.5777,5193.0,0.5785,345.0
1753533107433,12:31:47.433,ACE/USDT:USDT,0.5762,5206.0,0.576,10761.0,0.5777,5193.0,0.5785,345.0
1753533107455,12:31:47.455,ACE/USDT:USDT,0.5762,5206.0,0.576,10761.0,0.5777,5193.0,0.5785,345.0
1753533107599,12:31:47.599,ACE/USDT:USDT,0.5762,5206.0,0.576,10761.0,0.5777,5193.0,0.5785,345.0
1753533107713,12:31:47.713,ACE/USDT:USDT,0.5762,5206.0,0.576,10761.0,0.5777,5193.0,0.5785,345.0
1753533108967,12:31:48.967,ACE/USDT:USDT,0.5762,6777.0,0.576,10416.0,0.577,210.0,0.5776,2345.0
1753533109052,12:31:49.052,ACE/USDT:USDT,0.5762,5206.0,0.576,10416.0,0.5776,2345.0,0.5777,5193.0
1753533109230,12:31:49.230,ACE/USDT:USDT,0.5762,6788.0,0.576,10416.0,0.5776,2000.0,0.5777,5193.0
1753533109553,12:31:49.553,ACE/USDT:USDT,0.5762,6788.0,0.576,10416.0,0.5776,2000.0,0.5777,5193.0
1753533109650,12:31:49.650,ACE/USDT:USDT,0.5762,6788.0,0.576,10416.0,0.5776,2000.0,0.5777,5193.0
1753533110173,12:31:50.173,ACE/USDT:USDT,0.5762,6788.0,0.576,10416.0,0.5776,2000.0,0.5777,5193.0
1753533110471,12:31:50.471,ACE/USDT:USDT,0.5762,6788.0,0.576,10416.0,0.5776,2000.0,0.5777,5193.0
1753533110916,12:31:50.916,ACE/USDT:USDT,0.5762,6788.0,0.576,10416.0,0.5776,2000.0,0.5777,5193.0
1753533111140,12:31:51.140,ACE/USDT:USDT,0.5762,6788.0,0.576,10416.0,0.5776,2000.0,0.5777,5193.0
1753533111262,12:31:51.262,ACE/USDT:USDT,0.5762,6788.0,0.576,10416.0,0.5776,2000.0,0.5777,5193.0
1753533111787,12:31:51.787,ACE/USDT:USDT,0.5762,6788.0,0.576,10416.0,0.5776,2000.0,0.5777,5193.0
1753533112156,12:31:52.156,ACE/USDT:USDT,0.5762,7656.0,0.576,10416.0,0.5776,2000.0,0.5777,5193.0
1753533112520,12:31:52.520,ACE/USDT:USDT,0.5762,7656.0,0.576,10416.0,0.5776,2000.0,0.5777,5193.0
1753533113508,12:31:53.508,ACE/USDT:USDT,0.5762,7656.0,0.576,10416.0,0.5776,2000.0,0.5777,5193.0
1753533114083,12:31:54.083,ACE/USDT:USDT,0.5762,7656.0,0.576,10416.0,0.5776,2000.0,0.5777,5193.0
1753533114817,12:31:54.817,ACE/USDT:USDT,0.5762,7656.0,0.576,10416.0,0.5776,2000.0,0.5777,5193.0
1753533115712,12:31:55.712,ACE/USDT:USDT,0.5762,7656.0,0.576,10416.0,0.5776,2000.0,0.5777,5193.0
1753533116492,12:31:56.492,ACE/USDT:USDT,0.5762,7656.0,0.576,10416.0,0.5776,2000.0,0.5777,5193.0
1753533117689,12:31:57.689,ACE/USDT:USDT,0.5762,6875.0,0.576,10416.0,0.5776,2000.0,0.5777,5193.0
1753533119564,12:31:59.564,ACE/USDT:USDT,0.5762,5206.0,0.576,10416.0,0.5776,2000.0,0.5777,5193.0
1753533119733,12:31:59.733,ACE/USDT:USDT,0.5762,5206.0,0.5756,345.0,0.5776,2000.0,0.5777,5193.0
1753533119804,12:31:59.804,ACE/USDT:USDT,0.5762,5206.0,0.5756,345.0,0.5776,7193.0,0.5779,345.0
1753533119879,12:31:59.879,ACE/USDT:USDT,0.5762,5206.0,0.5756,345.0,0.5776,7193.0,0.5779,345.0
1753533119972,12:31:59.972,ACE/USDT:USDT,0.5762,5206.0,0.5754,3862.0,0.5776,7193.0,0.5785,345.0
1753533120068,12:32:00.068,ACE/USDT:USDT,0.5762,5206.0,0.5754,3862.0,0.5776,7193.0,0.5785,345.0
1753533120144,12:32:00.144,ACE/USDT:USDT,0.5762,5206.0,0.5754,3862.0,0.5776,7193.0,0.5785,345.0
1753533120434,12:32:00.434,ACE/USDT:USDT,0.5762,5206.0,0.5754,3862.0,0.5775,2000.0,0.5776,5193.0
1753533120531,12:32:00.531,ACE/USDT:USDT,0.5762,5206.0,0.5754,3862.0,0.5775,2000.0,0.5776,5193.0
1753533120554,12:32:00.554,ACE/USDT:USDT,0.5762,5206.0,0.5754,3862.0,0.5775,2000.0,0.5776,5193.0
1753533120664,12:32:00.664,ACE/USDT:USDT,0.5762,5206.0,0.5754,3862.0,0.5775,2000.0,0.5776,5193.0
1753533120745,12:32:00.745,ACE/USDT:USDT,0.5762,5206.0,0.5754,3862.0,0.5775,2000.0,0.5776,5193.0
1753533120942,12:32:00.942,ACE/USDT:USDT,0.5762,5206.0,0.5754,3862.0,0.5775,2000.0,0.5776,5193.0
1753533121132,12:32:01.132,ACE/USDT:USDT,0.5762,5206.0,0.5754,3862.0,0.5775,2000.0,0.5776,5193.0
1753533121145,12:32:01.145,ACE/USDT:USDT,0.5762,5206.0,0.5754,3862.0,0.5775,2000.0,0.5776,5193.0
1753533121425,12:32:01.425,ACE/USDT:USDT,0.5762,5206.0,0.5754,3862.0,0.5775,2000.0,0.5776,5193.0
1753533121486,12:32:01.486,ACE/USDT:USDT,0.5762,5206.0,0.5754,3862.0,0.5775,2000.0,0.5776,5193.0
1753533121559,12:32:01.559,ACE/USDT:USDT,0.5762,5206.0,0.5754,3862.0,0.5775,2000.0,0.5776,5193.0
1753533121649,12:32:01.649,ACE/USDT:USDT,0.5762,5206.0,0.5754,3862.0,0.5775,2000.0,0.5776,5193.0
1753533121865,12:32:01.865,ACE/USDT:USDT,0.5762,5206.0,0.5754,3862.0,0.5775,2000.0,0.5776,5193.0
1753533122408,12:32:02.408,ACE/USDT:USDT,0.5762,5206.0,0.5754,3862.0,0.5775,2000.0,0.5776,5193.0
1753533122452,12:32:02.452,ACE/USDT:USDT,0.5762,5206.0,0.5754,3862.0,0.5775,2000.0,0.5776,5193.0
1753533122605,12:32:02.605,ACE/USDT:USDT,0.5762,5206.0,0.5754,3862.0,0.5775,7194.0,0.5784,345.0
1753533122994,12:32:02.994,ACE/USDT:USDT,0.5762,5206.0,0.5754,3862.0,0.5775,7194.0,0.5784,345.0
1753533123050,12:32:03.050,ACE/USDT:USDT,0.5762,5206.0,0.5754,3862.0,0.5775,7194.0,0.5779,345.0
1753533123210,12:32:03.210,ACE/USDT:USDT,0.5762,5206.0,0.5754,3862.0,0.5775,7194.0,0.5784,345.0
1753533123397,12:32:03.397,ACE/USDT:USDT,0.5762,5206.0,0.5754,3862.0,0.5774,2000.0,0.5775,5194.0
1753533123816,12:32:03.816,ACE/USDT:USDT,0.5762,5206.0,0.5754,3862.0,0.5774,2000.0,0.5775,5194.0
1753533123854,12:32:03.854,ACE/USDT:USDT,0.5762,5206.0,0.5754,3862.0,0.5774,2000.0,0.5775,5194.0
1753533123950,12:32:03.950,ACE/USDT:USDT,0.5762,5206.0,0.5754,3862.0,0.5774,2000.0,0.5775,5194.0
1753533124062,12:32:04.062,ACE/USDT:USDT,0.5762,5206.0,0.5754,3862.0,0.5774,2000.0,0.5775,5194.0
1753533124228,12:32:04.228,ACE/USDT:USDT,0.5762,5206.0,0.5754,3862.0,0.5774,2000.0,0.5775,5194.0
1753533124385,12:32:04.385,ACE/USDT:USDT,0.5762,5206.0,0.5754,3862.0,0.5774,2000.0,0.5775,5194.0
1753533124450,12:32:04.450,ACE/USDT:USDT,0.5762,5206.0,0.5754,3862.0,0.5774,2000.0,0.5775,5194.0
1753533124550,12:32:04.550,ACE/USDT:USDT,0.5762,5206.0,0.5754,3862.0,0.5774,2000.0,0.5775,5194.0
1753533125164,12:32:05.164,ACE/USDT:USDT,0.5762,5206.0,0.5754,3862.0,0.5774,2000.0,0.5775,5194.0
1753533125251,12:32:05.251,ACE/USDT:USDT,0.5762,5206.0,0.5754,3862.0,0.5774,2000.0,0.5775,5194.0
1753533125372,12:32:05.372,ACE/USDT:USDT,0.5762,5206.0,0.5754,3862.0,0.5774,2000.0,0.5775,5194.0
1753533128034,12:32:08.034,ACE/USDT:USDT,0.5762,5206.0,0.5754,3862.0,0.5774,7195.0,0.5784,345.0
1753533128124,12:32:08.124,ACE/USDT:USDT,0.5762,5206.0,0.5754,3862.0,0.5774,7195.0,0.5779,345.0
1753533128191,12:32:08.191,ACE/USDT:USDT,0.5762,5206.0,0.5754,3862.0,0.5774,7195.0,0.5784,345.0
1753533128394,12:32:08.394,ACE/USDT:USDT,0.5762,5206.0,0.5754,3862.0,0.5774,5195.0,0.5784,345.0
1753533128677,12:32:08.677,ACE/USDT:USDT,0.5762,5206.0,0.5754,3862.0,0.5774,5195.0,0.5784,345.0
1753533128752,12:32:08.752,ACE/USDT:USDT,0.5762,5206.0,0.5754,3862.0,0.5774,5195.0,0.5779,345.0
1753533128854,12:32:08.854,ACE/USDT:USDT,0.5762,5206.0,0.5754,3862.0,0.5774,5195.0,0.5784,345.0
1753533129062,12:32:09.062,ACE/USDT:USDT,0.5762,5206.0,0.5754,3862.0,0.5774,5195.0,0.5784,345.0
1753533129330,12:32:09.330,ACE/USDT:USDT,0.5762,5206.0,0.5754,3862.0,0.5774,7195.0,0.5784,345.0
1753533129345,12:32:09.345,ACE/USDT:USDT,0.5762,5206.0,0.5754,3862.0,0.5774,7195.0,0.578,201.0
1753533129444,12:32:09.444,ACE/USDT:USDT,0.5762,5206.0,0.5754,3862.0,0.5774,7195.0,0.5784,345.0
1753533131307,12:32:11.307,ACE/USDT:USDT,0.5762,5206.0,0.5754,3862.0,0.5774,5195.0,0.5784,345.0
1753533131350,12:32:11.350,ACE/USDT:USDT,0.5762,5206.0,0.5754,3862.0,0.5774,5195.0,0.5779,345.0
1753533131450,12:32:11.450,ACE/USDT:USDT,0.5762,5206.0,0.5754,3862.0,0.5774,5195.0,0.5784,345.0
1753533131764,12:32:11.764,ACE/USDT:USDT,0.5762,5206.0,0.5754,3862.0,0.5774,5195.0,0.5784,345.0
1753533131852,12:32:11.852,ACE/USDT:USDT,0.5762,5206.0,0.5754,3862.0,0.5774,5195.0,0.5779,345.0
1753533131970,12:32:11.970,ACE/USDT:USDT,0.5762,5206.0,0.5754,3862.0,0.5774,5195.0,0.5784,345.0
1753533132297,12:32:12.297,ACE/USDT:USDT,0.5762,5206.0,0.5754,3862.0,0.5774,7195.0,0.5784,345.0
1753533132349,12:32:12.349,ACE/USDT:USDT,0.5762,5206.0,0.5754,3862.0,0.5774,7195.0,0.5779,345.0
1753533132450,12:32:12.450,ACE/USDT:USDT,0.5762,5206.0,0.5754,3862.0,0.5774,7195.0,0.5784,345.0
1753533133301,12:32:13.301,ACE/USDT:USDT,0.5762,5206.0,0.5754,3862.0,0.5774,7195.0,0.5784,345.0
1753533133351,12:32:13.351,ACE/USDT:USDT,0.5762,5206.0,0.5754,3862.0,0.5774,7195.0,0.5779,345.0
1753533133449,12:32:13.449,ACE/USDT:USDT,0.5762,5206.0,0.5754,3862.0,0.5774,7195.0,0.5784,345.0
1753533133570,12:32:13.570,ACE/USDT:USDT,0.5762,5206.0,0.5754,3862.0,0.5774,7195.0,0.5784,345.0
1753533134274,12:32:14.274,ACE/USDT:USDT,0.5762,5206.0,0.5754,3862.0,0.5774,5195.0,0.5784,345.0
1753533134352,12:32:14.352,ACE/USDT:USDT,0.5762,5206.0,0.5754,3862.0,0.5774,5195.0,0.5779,345.0
1753533134481,12:32:14.481,ACE/USDT:USDT,0.5762,5206.0,0.5754,3862.0,0.5774,5195.0,0.5784,345.0
1753533135263,12:32:15.263,ACE/USDT:USDT,0.5762,5206.0,0.5754,3862.0,0.5774,7195.0,0.5784,345.0
1753533135352,12:32:15.352,ACE/USDT:USDT,0.5762,5206.0,0.5754,3862.0,0.5774,7195.0,0.5779,345.0
1753533135454,12:32:15.454,ACE/USDT:USDT,0.5762,5206.0,0.5754,3862.0,0.5774,7195.0,0.5784,345.0
1753533135668,12:32:15.668,ACE/USDT:USDT,0.5762,5206.0,0.5754,3862.0,0.5774,7195.0,0.5784,345.0
1753533137240,12:32:17.240,ACE/USDT:USDT,0.5762,5206.0,0.5754,3862.0,0.5774,5195.0,0.5784,345.0
1753533138251,12:32:18.251,ACE/USDT:USDT,0.5762,5206.0,0.5754,3862.0,0.5774,7195.0,0.5784,345.0
1753533140207,12:32:20.207,ACE/USDT:USDT,0.5762,5206.0,0.5754,3862.0,0.5774,5195.0,0.5784,345.0
1753533140520,12:32:20.520,ACE/USDT:USDT,0.5762,5598.0,0.5761,392.0,0.5765,1.0,0.5774,5195.0
1753533140617,12:32:20.617,ACE/USDT:USDT,0.5762,5598.0,0.5761,392.0,0.5774,5195.0,0.5784,345.0
1753533140775,12:32:20.775,ACE/USDT:USDT,0.5762,5598.0,0.5761,392.0,0.5774,5195.0,0.5784,345.0
1753533141196,12:32:21.196,ACE/USDT:USDT,0.5762,5598.0,0.5761,392.0,0.5774,7195.0,0.5784,345.0
1753533141240,12:32:21.240,ACE/USDT:USDT,0.5762,5598.0,0.5761,392.0,0.5774,7195.0,0.5784,345.0
1753533142026,12:32:22.026,ACE/USDT:USDT,0.5762,5598.0,0.5761,392.0,0.5774,7195.0,0.5784,345.0
1753533142189,12:32:22.189,ACE/USDT:USDT,0.5762,5598.0,0.5761,392.0,0.5773,2000.0,0.5774,5195.0
1753533142458,12:32:22.458,ACE/USDT:USDT,0.5762,5598.0,0.5761,392.0,0.5773,2000.0,0.5774,5195.0
1753533142876,12:32:22.876,ACE/USDT:USDT,0.5762,5598.0,0.5761,392.0,0.5773,2000.0,0.5774,5195.0
1753533145899,12:32:25.899,ACE/USDT:USDT,0.5762,5598.0,0.5761,392.0,0.5773,2000.0,0.5774,5195.0
1753533146109,12:32:26.109,ACE/USDT:USDT,0.5762,5598.0,0.5761,392.0,0.5773,2000.0,0.5774,5195.0
1753533146140,12:32:26.140,ACE/USDT:USDT,0.5762,5598.0,0.5761,392.0,0.5773,2000.0,0.5774,5195.0
1753533146949,12:32:26.949,ACE/USDT:USDT,0.5762,5598.0,0.5761,392.0,0.5773,2000.0,0.5774,5195.0
1753533147132,12:32:27.132,ACE/USDT:USDT,0.5763,2000.0,0.5762,7598.0,0.5773,2000.0,0.5774,5195.0
1753533147791,12:32:27.791,ACE/USDT:USDT,0.5763,2000.0,0.5762,7598.0,0.5773,2000.0,0.5774,5195.0
1753533147881,12:32:27.881,ACE/USDT:USDT,0.5763,2000.0,0.5762,7598.0,0.577,2000.0,0.5773,2000.0
1753533148222,12:32:28.222,ACE/USDT:USDT,0.5763,2000.0,0.5762,7598.0,0.577,2000.0,0.5773,2000.0
1753533148660,12:32:28.660,ACE/USDT:USDT,0.5763,2000.0,0.5762,7598.0,0.577,2000.0,0.5773,2000.0
1753533148758,12:32:28.758,ACE/USDT:USDT,0.5763,2000.0,0.5762,7598.0,0.577,2000.0,0.5773,2000.0
1753533149111,12:32:29.111,ACE/USDT:USDT,0.5763,2000.0,0.5762,7598.0,0.5773,2000.0,0.5774,5195.0
1753533149498,12:32:29.498,ACE/USDT:USDT,0.5763,2000.0,0.5762,7598.0,0.5773,2000.0,0.5774,5195.0
1753533149546,12:32:29.546,ACE/USDT:USDT,0.5763,2000.0,0.5762,7598.0,0.577,201.0,0.5773,2000.0
1753533149922,12:32:29.922,ACE/USDT:USDT,0.5763,2000.0,0.5762,7598.0,0.577,201.0,0.5773,2000.0
1753533150805,12:32:30.805,ACE/USDT:USDT,0.5763,2000.0,0.5762,7598.0,0.577,201.0,0.5773,2000.0
1753533151093,12:32:31.093,ACE/USDT:USDT,0.5763,2000.0,0.5762,7598.0,0.577,2000.0,0.5773,2000.0
1753533151231,12:32:31.231,ACE/USDT:USDT,0.5763,2000.0,0.5762,7598.0,0.577,2201.0,0.5773,2000.0
1753533153071,12:32:33.071,ACE/USDT:USDT,0.5763,2000.0,0.5762,7598.0,0.5773,2000.0,0.5774,5195.0
1753533153169,12:32:33.169,ACE/USDT:USDT,0.5763,2000.0,0.5762,7598.0,0.577,2000.0,0.5773,2000.0
1753533153271,12:32:33.271,ACE/USDT:USDT,0.5763,2000.0,0.5762,7598.0,0.577,2000.0,0.5773,2000.0
1753533154493,12:32:34.493,ACE/USDT:USDT,0.5763,2000.0,0.5762,7598.0,0.577,2406.0,0.5773,2000.0
1753533154890,12:32:34.890,ACE/USDT:USDT,0.5763,2000.0,0.5762,7598.0,0.577,2406.0,0.5773,2000.0
1753533155046,12:32:35.046,ACE/USDT:USDT,0.5763,2000.0,0.5762,7598.0,0.577,196.0,0.5773,2000.0
1753533155152,12:32:35.152,ACE/USDT:USDT,0.5763,2000.0,0.5762,7598.0,0.577,196.0,0.5773,2000.0
1753533155275,12:32:35.275,ACE/USDT:USDT,0.5763,2000.0,0.5762,7598.0,0.577,196.0,0.5773,2000.0
1753533155721,12:32:35.721,ACE/USDT:USDT,0.5763,2000.0,0.5762,7598.0,0.577,196.0,0.5773,2000.0
1753533155749,12:32:35.749,ACE/USDT:USDT,0.5763,2000.0,0.5762,7598.0,0.577,397.0,0.5773,2000.0
1753533156035,12:32:36.035,ACE/USDT:USDT,0.5763,2000.0,0.5762,7598.0,0.577,2397.0,0.5773,2000.0
1753533156786,12:32:36.786,ACE/USDT:USDT,0.5763,2000.0,0.5762,7598.0,0.577,2210.0,0.5773,2000.0
1753533157018,12:32:37.018,ACE/USDT:USDT,0.5763,2000.0,0.5762,7598.0,0.577,2210.0,0.5773,2000.0
1753533157774,12:32:37.774,ACE/USDT:USDT,0.5763,2000.0,0.5762,7598.0,0.577,2210.0,0.5773,2000.0
1753533158006,12:32:38.006,ACE/USDT:USDT,0.5763,2000.0,0.5762,7598.0,0.577,2210.0,0.5773,2000.0
1753533158233,12:32:38.233,ACE/USDT:USDT,0.5763,2000.0,0.5762,7598.0,0.577,210.0,0.5773,2000.0
1753533158248,12:32:38.248,ACE/USDT:USDT,0.5763,2000.0,0.5762,7598.0,0.5773,2000.0,0.5774,5195.0
1753533158348,12:32:38.348,ACE/USDT:USDT,0.5763,2000.0,0.5762,7598.0,0.577,2201.0,0.5773,2000.0
1753533159984,12:32:39.984,ACE/USDT:USDT,0.5763,2000.0,0.5762,7598.0,0.577,201.0,0.5773,2000.0
1753533160980,12:32:40.980,ACE/USDT:USDT,0.5763,2000.0,0.5762,7598.0,0.577,2000.0,0.5773,2000.0
1753533161045,12:32:41.045,ACE/USDT:USDT,0.5763,2000.0,0.5762,7598.0,0.577,2201.0,0.5773,2000.0
1753533162959,12:32:42.959,ACE/USDT:USDT,0.5763,2000.0,0.5762,7598.0,0.5773,2000.0,0.5774,5195.0
1753533163086,12:32:43.086,ACE/USDT:USDT,0.5763,2000.0,0.5762,7598.0,0.577,2196.0,0.5773,2000.0
1753533163418,12:32:43.418,ACE/USDT:USDT,0.5763,2000.0,0.5762,7598.0,0.577,2196.0,0.5773,2000.0
1753533164929,12:32:44.929,ACE/USDT:USDT,0.5763,2000.0,0.5762,7598.0,0.577,196.0,0.5773,2000.0
1753533164937,12:32:44.937,ACE/USDT:USDT,0.5763,2000.0,0.5762,7598.0,0.577,406.0,0.5773,2000.0
1753533165047,12:32:45.047,ACE/USDT:USDT,0.5763,2000.0,0.5762,7598.0,0.577,406.0,0.5773,2000.0
1753533165927,12:32:45.927,ACE/USDT:USDT,0.5763,2000.0,0.5762,7598.0,0.577,2196.0,0.5773,2000.0
1753533166019,12:32:46.019,ACE/USDT:USDT,0.5763,2000.0,0.5762,7598.0,0.577,2392.0,0.5773,2000.0
1753533167072,12:32:47.072,ACE/USDT:USDT,0.5763,2000.0,0.5762,7598.0,0.577,2392.0,0.5773,2000.0
1753533167150,12:32:47.150,ACE/USDT:USDT,0.5763,2000.0,0.5762,7598.0,0.577,2593.0,0.5773,2000.0
1753533167837,12:32:47.837,ACE/USDT:USDT,0.5763,2000.0,0.5762,7598.0,0.577,2593.0,0.5773,2000.0
1753533167902,12:32:47.902,ACE/USDT:USDT,0.5763,2000.0,0.5762,7598.0,0.577,392.0,0.5773,2000.0
1753533167984,12:32:47.984,ACE/USDT:USDT,0.5763,2000.0,0.5762,7598.0,0.577,593.0,0.5773,2000.0
1753533168679,12:32:48.679,ACE/USDT:USDT,0.5763,2000.0,0.5762,7598.0,0.577,593.0,0.5773,2000.0
1753533168892,12:32:48.892,ACE/USDT:USDT,0.5763,2000.0,0.5762,7598.0,0.577,2392.0,0.5773,2000.0
1753533168944,12:32:48.944,ACE/USDT:USDT,0.5763,2000.0,0.5762,7598.0,0.577,2593.0,0.5773,2000.0
1753533169561,12:32:49.561,ACE/USDT:USDT,0.5763,2000.0,0.5762,7598.0,0.577,2196.0,0.5773,2000.0
1753533169644,12:32:49.644,ACE/USDT:USDT,0.5763,2000.0,0.5762,7598.0,0.577,2397.0,0.5773,2000.0
1753533170872,12:32:50.872,ACE/USDT:USDT,0.5763,2000.0,0.5762,7598.0,0.577,196.0,0.5773,2000.0
1753533170944,12:32:50.944,ACE/USDT:USDT,0.5763,2000.0,0.5762,7598.0,0.577,397.0,0.5773,2000.0
1753533171859,12:32:51.859,ACE/USDT:USDT,0.5763,2000.0,0.5762,7598.0,0.577,2196.0,0.5773,2000.0
1753533172003,12:32:52.003,ACE/USDT:USDT,0.5763,2000.0,0.5762,7598.0,0.577,2397.0,0.5773,2000.0
1753533173836,12:32:53.836,ACE/USDT:USDT,0.5763,2000.0,0.5762,7598.0,0.577,196.0,0.5773,2000.0
1753533174817,12:32:54.817,ACE/USDT:USDT,0.5763,2000.0,0.5762,7598.0,0.577,2196.0,0.5773,2000.0
1753533175108,12:32:55.108,ACE/USDT:USDT,0.5763,2000.0,0.5762,2000.0,0.577,2196.0,0.5773,2000.0
1753533175221,12:32:55.221,ACE/USDT:USDT,0.5763,2000.0,0.5762,2000.0,0.577,2196.0,0.5773,2000.0
1753533175242,12:32:55.242,ACE/USDT:USDT,0.5763,2000.0,0.5762,2000.0,0.577,2196.0,0.5773,2000.0
1753533175806,12:32:55.806,ACE/USDT:USDT,0.5758,2000.0,0.5757,3363.0,0.577,2196.0,0.5773,2000.0
1753533176036,12:32:56.036,ACE/USDT:USDT,0.5758,2000.0,0.5757,3363.0,0.577,2196.0,0.5773,2000.0
1753533176039,12:32:56.039,ACE/USDT:USDT,0.5758,2000.0,0.5757,3018.0,0.577,2196.0,0.5773,2000.0
1753533176348,12:32:56.348,ACE/USDT:USDT,0.5758,2000.0,0.5757,3018.0,0.577,2196.0,0.5773,2000.0
1753533176795,12:32:56.795,ACE/USDT:USDT,0.5758,2000.0,0.5757,3018.0,0.577,196.0,0.5773,2000.0
1753533176871,12:32:56.871,ACE/USDT:USDT,0.5758,2000.0,0.5757,3018.0,0.577,196.0,0.5773,2000.0
1753533177475,12:32:57.475,ACE/USDT:USDT,0.5758,2000.0,0.5757,3018.0,0.577,196.0,0.5773,2000.0
1753533177710,12:32:57.710,ACE/USDT:USDT,0.5758,2000.0,0.5757,3018.0,0.577,196.0,0.5773,2000.0
1753533177784,12:32:57.784,ACE/USDT:USDT,0.5758,2000.0,0.5757,3018.0,0.577,2196.0,0.5773,2000.0
1753533179131,12:32:59.131,ACE/USDT:USDT,0.5758,2000.0,0.5757,3018.0,0.577,2196.0,0.5773,2000.0
1753533179761,12:32:59.761,ACE/USDT:USDT,0.5758,2000.0,0.5757,3018.0,0.577,196.0,0.5773,2000.0
1753533180750,12:33:00.750,ACE/USDT:USDT,0.5758,2000.0,0.5757,3018.0,0.577,2196.0,0.5773,2000.0
1753533181143,12:33:01.143,ACE/USDT:USDT,0.5758,2000.0,0.5757,3018.0,0.577,2196.0,0.5773,2000.0
1753533181742,12:33:01.742,ACE/USDT:USDT,0.5758,2000.0,0.5757,3018.0,0.577,2196.0,0.5773,2000.0
1753533182509,12:33:02.509,ACE/USDT:USDT,0.5758,2000.0,0.5757,3018.0,0.577,7395.0,0.5773,2000.0
1753533182735,12:33:02.735,ACE/USDT:USDT,0.5758,2000.0,0.5757,3018.0,0.5769,2000.0,0.577,5395.0
1753533182769,12:33:02.769,ACE/USDT:USDT,0.5758,2000.0,0.5757,3018.0,0.5769,2000.0,0.577,5395.0
1753533182950,12:33:02.950,ACE/USDT:USDT,0.5758,2000.0,0.5757,3018.0,0.5769,2000.0,0.577,5395.0
1753533183768,12:33:03.768,ACE/USDT:USDT,0.5758,2000.0,0.5757,3018.0,0.5769,2000.0,0.577,5395.0
1753533184186,12:33:04.186,ACE/USDT:USDT,0.5758,2000.0,0.5757,3018.0,0.5769,2000.0,0.577,5395.0
1753533184245,12:33:04.245,ACE/USDT:USDT,0.5758,2000.0,0.5757,3018.0,0.5769,2000.0,0.577,5596.0
1753533184419,12:33:04.419,ACE/USDT:USDT,0.5758,2000.0,0.5757,3018.0,0.5769,2000.0,0.577,5596.0
1753533184706,12:33:04.706,ACE/USDT:USDT,0.5758,2000.0,0.5757,3018.0,0.5769,2000.0,0.577,5596.0
1753533185303,12:33:05.303,ACE/USDT:USDT,0.5758,2000.0,0.5755,2000.0,0.5769,2000.0,0.577,5596.0
1753533185702,12:33:05.702,ACE/USDT:USDT,0.5755,7212.0,0.5754,345.0,0.5769,2000.0,0.577,5395.0
1753533185810,12:33:05.810,ACE/USDT:USDT,0.5755,7212.0,0.5754,345.0,0.5769,2000.0,0.577,5596.0
1753533185934,12:33:05.934,ACE/USDT:USDT,0.5755,7212.0,0.5754,345.0,0.5769,2000.0,0.577,5596.0
1753533185966,12:33:05.966,ACE/USDT:USDT,0.5755,7212.0,0.5754,345.0,0.5769,2000.0,0.577,5596.0
1753533187033,12:33:07.033,ACE/USDT:USDT,0.5755,7212.0,0.5754,345.0,0.5769,2000.0,0.577,5596.0
1753533187456,12:33:07.456,ACE/USDT:USDT,0.5755,7212.0,0.5754,345.0,0.5769,2000.0,0.577,5596.0
1753533191363,12:33:11.363,ACE/USDT:USDT,0.5757,2000.0,0.5756,5211.0,0.5769,2000.0,0.577,5395.0
1753533191489,12:33:11.489,ACE/USDT:USDT,0.5757,2000.0,0.5756,5211.0,0.5769,2000.0,0.577,5596.0
1753533191627,12:33:11.627,ACE/USDT:USDT,0.5757,2000.0,0.5756,5211.0,0.5769,2000.0,0.577,5596.0
1753533191914,12:33:11.914,ACE/USDT:USDT,0.5757,2000.0,0.5756,5211.0,0.5769,2000.0,0.577,5596.0
1753533192906,12:33:12.906,ACE/USDT:USDT,0.5757,2000.0,0.5756,5211.0,0.5769,2000.0,0.577,5596.0
1753533193164,12:33:13.164,ACE/USDT:USDT,0.5757,2000.0,0.5756,5211.0,0.5769,2000.0,0.577,5596.0
1753533193605,12:33:13.605,ACE/USDT:USDT,0.5757,2000.0,0.5756,5211.0,0.5769,2000.0,0.577,5596.0
1753533193985,12:33:13.985,ACE/USDT:USDT,0.5757,2000.0,0.5756,5211.0,0.5769,2000.0,0.577,5596.0
1753533194414,12:33:14.414,ACE/USDT:USDT,0.5757,2000.0,0.5756,5211.0,0.5769,2000.0,0.577,5596.0
1753533197612,12:33:17.612,ACE/USDT:USDT,0.5757,2000.0,0.5756,5211.0,0.5769,2000.0,0.577,5596.0
1753533201235,12:33:21.235,ACE/USDT:USDT,0.5765,1.0,0.5757,2000.0,0.5769,2196.0,0.577,5591.0
1753533201324,12:33:21.324,ACE/USDT:USDT,0.5757,2000.0,0.5756,5211.0,0.5769,2196.0,0.577,5591.0
1753533201533,12:33:21.533,ACE/USDT:USDT,0.5757,2000.0,0.5756,5211.0,0.5769,2196.0,0.577,5591.0
1753533201564,12:33:21.564,ACE/USDT:USDT,0.5757,2000.0,0.5756,5211.0,0.5769,2196.0,0.577,5591.0
1753533202022,12:33:22.022,ACE/USDT:USDT,0.5757,2000.0,0.5756,5211.0,0.5769,2196.0,0.577,5591.0
1753533202077,12:33:22.077,ACE/USDT:USDT,0.5757,2000.0,0.5756,5211.0,0.5769,2196.0,0.577,5792.0
1753533202505,12:33:22.505,ACE/USDT:USDT,0.5757,2000.0,0.5756,5211.0,0.5769,2196.0,0.577,5792.0
1753533203866,12:33:23.866,ACE/USDT:USDT,0.5757,2000.0,0.5753,2345.0,0.5769,7396.0,0.577,392.0
1753533203983,12:33:23.983,ACE/USDT:USDT,0.5757,2000.0,0.5753,2345.0,0.5769,7396.0,0.577,593.0
1753533204077,12:33:24.077,ACE/USDT:USDT,0.5757,2000.0,0.5753,2345.0,0.5769,7396.0,0.577,392.0
1753533204483,12:33:24.483,ACE/USDT:USDT,0.5757,2000.0,0.5753,2345.0,0.5769,7396.0,0.577,392.0
1753533204546,12:33:24.546,ACE/USDT:USDT,0.5757,2000.0,0.5753,2345.0,0.5769,7396.0,0.577,593.0
1753533204644,12:33:24.644,ACE/USDT:USDT,0.5757,2000.0,0.5753,2345.0,0.5769,7396.0,0.577,392.0
1753533204903,12:33:24.903,ACE/USDT:USDT,0.5757,2000.0,0.5753,2345.0,0.5769,7396.0,0.577,392.0
1753533208529,12:33:28.529,ACE/USDT:USDT,0.5757,2000.0,0.5753,2345.0,0.5769,7396.0,0.577,392.0
1753533208545,12:33:28.545,ACE/USDT:USDT,0.5757,2000.0,0.5753,2345.0,0.5769,7396.0,0.577,593.0
1753533208646,12:33:28.646,ACE/USDT:USDT,0.5757,2000.0,0.5753,2345.0,0.5769,7396.0,0.577,392.0
1753533214579,12:33:34.579,ACE/USDT:USDT,0.5757,2000.0,0.5753,2345.0,0.5769,7396.0,0.577,392.0
1753533214646,12:33:34.646,ACE/USDT:USDT,0.5757,2000.0,0.5753,2345.0,0.5769,7396.0,0.577,593.0
1753533214745,12:33:34.745,ACE/USDT:USDT,0.5757,2000.0,0.5753,2345.0,0.5769,7396.0,0.577,392.0
1753533215375,12:33:35.375,ACE/USDT:USDT,0.5757,2000.0,0.5753,2345.0,0.5769,7396.0,0.577,392.0
1753533215445,12:33:35.445,ACE/USDT:USDT,0.5757,2000.0,0.5753,2345.0,0.5769,7396.0,0.577,593.0
1753533215547,12:33:35.547,ACE/USDT:USDT,0.5757,2000.0,0.5753,2345.0,0.5769,7396.0,0.577,392.0
1753533216349,12:33:36.349,ACE/USDT:USDT,0.5757,2000.0,0.5753,2345.0,0.5769,7396.0,0.577,392.0
1753533216445,12:33:36.445,ACE/USDT:USDT,0.5757,2000.0,0.5753,2345.0,0.5769,7396.0,0.577,593.0
1753533216544,12:33:36.544,ACE/USDT:USDT,0.5757,2000.0,0.5753,2345.0,0.5769,7396.0,0.577,392.0
1753533217338,12:33:37.338,ACE/USDT:USDT,0.5757,2000.0,0.5753,2345.0,0.5769,7396.0,0.577,392.0
1753533217445,12:33:37.445,ACE/USDT:USDT,0.5757,2000.0,0.5753,2345.0,0.5769,7396.0,0.577,593.0
1753533217544,12:33:37.544,ACE/USDT:USDT,0.5757,2000.0,0.5753,2345.0,0.5769,7396.0,0.577,392.0
1753533221300,12:33:41.300,ACE/USDT:USDT,0.5757,2000.0,0.5753,2345.0,0.5769,7396.0,0.577,392.0
1753533221345,12:33:41.345,ACE/USDT:USDT,0.5757,2000.0,0.5753,2345.0,0.5769,7396.0,0.577,593.0
1753533221444,12:33:41.444,ACE/USDT:USDT,0.5757,2000.0,0.5753,2345.0,0.5769,7396.0,0.577,392.0
1753533222155,12:33:42.155,ACE/USDT:USDT,0.5757,2000.0,0.5753,2345.0,0.5769,7396.0,0.577,392.0
1753533222287,12:33:42.287,ACE/USDT:USDT,0.5757,2000.0,0.5753,2345.0,0.5769,7396.0,0.577,593.0
1753533222344,12:33:42.344,ACE/USDT:USDT,0.5757,2000.0,0.5753,2345.0,0.5769,7396.0,0.577,392.0
1753533223035,12:33:43.035,ACE/USDT:USDT,0.5757,2000.0,0.5753,2345.0,0.5769,7396.0,0.577,392.0
1753533223045,12:33:43.045,ACE/USDT:USDT,0.5757,2000.0,0.5753,2345.0,0.5769,7396.0,0.577,593.0
1753533223144,12:33:43.144,ACE/USDT:USDT,0.5757,2000.0,0.5753,2345.0,0.5769,7396.0,0.577,392.0
1753533226026,12:33:46.026,ACE/USDT:USDT,0.5757,2196.0,0.5756,196.0,0.5768,5201.0,0.5769,2000.0
1753533226113,12:33:46.113,ACE/USDT:USDT,0.5757,2196.0,0.5756,196.0,0.5768,5201.0,0.5769,2000.0
1753533226199,12:33:46.199,ACE/USDT:USDT,0.5757,2196.0,0.5756,196.0,0.5768,5201.0,0.5769,2000.0
1753533226289,12:33:46.289,ACE/USDT:USDT,0.5757,2196.0,0.5756,196.0,0.5768,5201.0,0.5782,345.0
1753533227134,12:33:47.134,ACE/USDT:USDT,0.5757,2196.0,0.5756,196.0,0.5768,5201.0,0.5782,345.0
1753533227155,12:33:47.155,ACE/USDT:USDT,0.5757,2196.0,0.5756,196.0,0.5768,5201.0,0.5779,345.0
1753533227256,12:33:47.256,ACE/USDT:USDT,0.5757,2196.0,0.5756,196.0,0.5768,5201.0,0.5782,345.0
1753533227567,12:33:47.567,ACE/USDT:USDT,0.5757,2196.0,0.5756,196.0,0.5768,5201.0,0.5782,345.0
1753533227655,12:33:47.655,ACE/USDT:USDT,0.5757,2196.0,0.5756,196.0,0.5768,5201.0,0.5779,345.0
1753533227756,12:33:47.756,ACE/USDT:USDT,0.5757,2196.0,0.5756,196.0,0.5768,5201.0,0.5782,345.0
1753533227982,12:33:47.982,ACE/USDT:USDT,0.5757,2196.0,0.5756,196.0,0.5768,5201.0,0.5782,345.0
1753533228798,12:33:48.798,ACE/USDT:USDT,0.5757,2196.0,0.5756,196.0,0.5768,5201.0,0.5782,345.0
1753533228856,12:33:48.856,ACE/USDT:USDT,0.5757,2196.0,0.5756,196.0,0.5768,5201.0,0.5779,345.0
1753533229017,12:33:49.017,ACE/USDT:USDT,0.5757,2196.0,0.5756,196.0,0.5768,5201.0,0.5782,345.0
1753533230368,12:33:50.368,ACE/USDT:USDT,0.5757,2196.0,0.5756,196.0,0.5768,5201.0,0.5782,345.0
1753533234015,12:33:54.015,ACE/USDT:USDT,0.5757,2196.0,0.5756,196.0,0.5768,5201.0,0.5777,345.0
1753533234831,12:33:54.831,ACE/USDT:USDT,0.5757,2196.0,0.5756,196.0,0.5768,5201.0,0.5777,345.0
1753533238035,12:33:58.035,ACE/USDT:USDT,0.5757,2196.0,0.5756,196.0,0.5768,5201.0,0.5777,345.0
1753533238065,12:33:58.065,ACE/USDT:USDT,0.5757,2196.0,0.5756,196.0,0.5768,5201.0,0.5777,345.0
1753533238881,12:33:58.881,ACE/USDT:USDT,0.5757,2196.0,0.5756,196.0,0.5768,5201.0,0.5777,345.0
1753533240100,12:34:00.100,ACE/USDT:USDT,0.5757,2196.0,0.5756,196.0,0.5767,2000.0,0.5768,5201.0
1753533240906,12:34:00.906,ACE/USDT:USDT,0.5757,2196.0,0.5756,196.0,0.5767,2000.0,0.5768,5201.0
1753533240947,12:34:00.947,ACE/USDT:USDT,0.5757,2196.0,0.5756,196.0,0.5767,2000.0,0.5768,5201.0
1753533241071,12:34:01.071,ACE/USDT:USDT,0.5757,2196.0,0.5756,196.0,0.5767,2000.0,0.5768,5201.0
1753533244058,12:34:04.058,ACE/USDT:USDT,0.5757,2196.0,0.5756,196.0,0.5767,2000.0,0.5768,5201.0
1753533244144,12:34:04.144,ACE/USDT:USDT,0.5757,2196.0,0.5756,196.0,0.5767,2000.0,0.5768,5201.0
1753533244244,12:34:04.244,ACE/USDT:USDT,0.5757,2196.0,0.5756,196.0,0.5767,2000.0,0.5768,5201.0
1753533245025,12:34:05.025,ACE/USDT:USDT,0.5757,2196.0,0.5756,196.0,0.5767,2000.0,0.5768,5201.0
1753533245045,12:34:05.045,ACE/USDT:USDT,0.5757,2196.0,0.5756,196.0,0.5767,2000.0,0.5768,5201.0
1753533245142,12:34:05.142,ACE/USDT:USDT,0.5757,2196.0,0.5756,196.0,0.5767,2000.0,0.5768,5201.0
1753533246164,12:34:06.164,ACE/USDT:USDT,0.5757,2196.0,0.5756,196.0,0.5767,2000.0,0.5768,5201.0
1753533246243,12:34:06.243,ACE/USDT:USDT,0.5757,2196.0,0.5756,196.0,0.5767,2000.0,0.5768,5201.0
1753533246342,12:34:06.342,ACE/USDT:USDT,0.5757,2196.0,0.5756,196.0,0.5767,2000.0,0.5768,5201.0
1753533248094,12:34:08.094,ACE/USDT:USDT,0.5757,2196.0,0.5756,196.0,0.5767,2000.0,0.5768,5201.0
1753533248186,12:34:08.186,ACE/USDT:USDT,0.5757,2196.0,0.5756,196.0,0.5767,2000.0,0.5768,5201.0
1753533248243,12:34:08.243,ACE/USDT:USDT,0.5757,2196.0,0.5756,196.0,0.5767,2000.0,0.5768,5201.0
1753533252111,12:34:12.111,ACE/USDT:USDT,0.5757,2196.0,0.5756,196.0,0.5767,7202.0,0.5768,5201.0
1753533252152,12:34:12.152,ACE/USDT:USDT,0.5757,2196.0,0.5756,196.0,0.5767,7202.0,0.5775,345.0
1753533252244,12:34:12.244,ACE/USDT:USDT,0.5757,2196.0,0.5756,196.0,0.5767,7202.0,0.5775,345.0
1753533252343,12:34:12.343,ACE/USDT:USDT,0.5757,2196.0,0.5756,196.0,0.5767,7202.0,0.5775,345.0
1753533253023,12:34:13.023,ACE/USDT:USDT,0.5757,2196.0,0.5756,196.0,0.5767,5202.0,0.577,210.0
1753533253043,12:34:13.043,ACE/USDT:USDT,0.5757,2196.0,0.5756,196.0,0.5767,5202.0,0.5778,345.0
1753533253143,12:34:13.143,ACE/USDT:USDT,0.5757,2196.0,0.5756,196.0,0.5767,5202.0,0.5778,345.0
1753533253314,12:34:13.314,ACE/USDT:USDT,0.5757,2196.0,0.5756,196.0,0.5767,5202.0,0.5777,6936.0
1753533253441,12:34:13.441,ACE/USDT:USDT,0.5757,2196.0,0.5756,196.0,0.5767,5202.0,0.5777,6936.0
1753533261827,12:34:21.827,ACE/USDT:USDT,0.5763,1.0,0.5757,2000.0,0.5767,5398.0,0.5768,392.0
1753533261934,12:34:21.934,ACE/USDT:USDT,0.5757,2000.0,0.5753,2000.0,0.5767,5398.0,0.5768,392.0
1753533262014,12:34:22.014,ACE/USDT:USDT,0.5757,2000.0,0.5753,2000.0,0.5767,5398.0,0.5768,392.0
1753533262315,12:34:22.315,ACE/USDT:USDT,0.5757,2000.0,0.5753,2000.0,0.5767,5398.0,0.5768,392.0
1753533262362,12:34:22.362,ACE/USDT:USDT,0.5757,2000.0,0.5753,2000.0,0.5767,5398.0,0.5768,392.0
1753533262534,12:34:22.534,ACE/USDT:USDT,0.5757,2000.0,0.5753,2000.0,0.5767,5398.0,0.5768,392.0
1753533262838,12:34:22.838,ACE/USDT:USDT,0.5753,2000.0,0.5752,198.0,0.5767,5398.0,0.5768,392.0
1753533262860,12:34:22.860,ACE/USDT:USDT,0.5753,7214.0,0.5752,198.0,0.5767,5398.0,0.5768,196.0
1753533262956,12:34:22.956,ACE/USDT:USDT,0.5753,7214.0,0.5752,198.0,0.5767,5398.0,0.5768,196.0
1753533263133,12:34:23.133,ACE/USDT:USDT,0.5753,7214.0,0.5752,198.0,0.5767,5398.0,0.5768,196.0
1753533263208,12:34:23.208,ACE/USDT:USDT,0.5753,7214.0,0.5752,198.0,0.5767,5398.0,0.5768,196.0
1753533263981,12:34:23.981,ACE/USDT:USDT,0.5753,7214.0,0.5752,198.0,0.5767,5398.0,0.5768,196.0
1753533264055,12:34:24.055,ACE/USDT:USDT,0.5753,7214.0,0.5752,198.0,0.5767,5398.0,0.5768,196.0
1753533264155,12:34:24.155,ACE/USDT:USDT,0.5753,7214.0,0.5752,198.0,0.5767,5398.0,0.5768,196.0
1753533264386,12:34:24.386,ACE/USDT:USDT,0.5753,7214.0,0.5752,198.0,0.5767,5398.0,0.5768,196.0
1753533265202,12:34:25.202,ACE/USDT:USDT,0.5753,7214.0,0.5752,198.0,0.5767,5398.0,0.5768,196.0
1753533265263,12:34:25.263,ACE/USDT:USDT,0.5753,7214.0,0.5752,198.0,0.5767,5398.0,0.5768,196.0
1753533265355,12:34:25.355,ACE/USDT:USDT,0.5753,7214.0,0.5752,198.0,0.5767,5398.0,0.5768,196.0
1753533265737,12:34:25.737,ACE/USDT:USDT,0.5753,7214.0,0.5752,198.0,0.5767,5398.0,0.5768,196.0
1753533265922,12:34:25.922,ACE/USDT:USDT,0.5753,7214.0,0.5752,198.0,0.5767,5398.0,0.5768,196.0
1753533266032,12:34:26.032,ACE/USDT:USDT,0.5753,7214.0,0.5752,198.0,0.5767,5398.0,0.5768,196.0
1753533266055,12:34:26.055,ACE/USDT:USDT,0.5753,7214.0,0.5752,198.0,0.5767,5398.0,0.5768,196.0
1753533266781,12:34:26.781,ACE/USDT:USDT,0.5753,7214.0,0.5752,198.0,0.5767,5398.0,0.5768,196.0
1753533266855,12:34:26.855,ACE/USDT:USDT,0.5753,7214.0,0.5752,198.0,0.5767,5398.0,0.5768,196.0
1753533266956,12:34:26.956,ACE/USDT:USDT,0.5753,7214.0,0.5752,198.0,0.5767,5398.0,0.5768,196.0
1753533267828,12:34:27.828,ACE/USDT:USDT,0.5754,3729.0,0.5753,12429.0,0.5767,5398.0,0.5768,196.0
1753533267864,12:34:27.864,ACE/USDT:USDT,0.5755,2000.0,0.5754,2000.0,0.5767,5398.0,0.5768,196.0
1753533268037,12:34:28.037,ACE/USDT:USDT,0.5755,2000.0,0.5754,2000.0,0.5767,5398.0,0.5768,196.0
1753533268867,12:34:28.867,ACE/USDT:USDT,0.5755,2000.0,0.5754,2000.0,0.5767,5398.0,0.5768,196.0
1753533268948,12:34:28.948,ACE/USDT:USDT,0.5755,2000.0,0.5754,2000.0,0.5767,5398.0,0.5768,196.0
1753533269043,12:34:29.043,ACE/USDT:USDT,0.5755,2000.0,0.5754,2000.0,0.5767,5398.0,0.5768,196.0
1753533269288,12:34:29.288,ACE/USDT:USDT,0.5755,2000.0,0.5754,2000.0,0.5767,5398.0,0.5768,196.0
1753533269835,12:34:29.835,ACE/USDT:USDT,0.5754,2000.0,0.5753,7214.0,0.5767,5398.0,0.5768,196.0
1753533269896,12:34:29.896,ACE/USDT:USDT,0.5754,2000.0,0.5753,7214.0,0.5767,5398.0,0.5768,196.0
1753533270016,12:34:30.016,ACE/USDT:USDT,0.5754,2000.0,0.5753,7214.0,0.5767,5398.0,0.5768,196.0
1753533270109,12:34:30.109,ACE/USDT:USDT,0.5754,2000.0,0.5753,7214.0,0.5767,5398.0,0.5768,196.0
1753533270736,12:34:30.736,ACE/USDT:USDT,0.5754,2000.0,0.5753,7214.0,0.5767,5398.0,0.5768,196.0
1753533270932,12:34:30.932,ACE/USDT:USDT,0.5754,2000.0,0.5753,7214.0,0.5767,5398.0,0.5768,196.0
1753533271033,12:34:31.033,ACE/USDT:USDT,0.5754,2000.0,0.5753,7214.0,0.5767,5398.0,0.5768,196.0
1753533271375,12:34:31.375,ACE/USDT:USDT,0.5754,2000.0,0.5753,7214.0,0.5767,5398.0,0.5768,196.0
1753533272191,12:34:32.191,ACE/USDT:USDT,0.5754,2000.0,0.5753,7214.0,0.5767,5398.0,0.5768,196.0
1753533272630,12:34:32.630,ACE/USDT:USDT,0.5754,2000.0,0.5753,7214.0,0.5767,5398.0,0.5768,196.0
1753533275207,12:34:35.207,ACE/USDT:USDT,0.5754,2000.0,0.5753,7214.0,0.5767,5398.0,0.5768,196.0
1753533275579,12:34:35.579,ACE/USDT:USDT,0.5754,2000.0,0.5753,7214.0,0.5767,5398.0,0.5768,196.0
1753533275680,12:34:35.680,ACE/USDT:USDT,0.5754,2000.0,0.5753,7214.0,0.5767,5398.0,0.5768,196.0
1753533283308,12:34:43.308,ACE/USDT:USDT,0.5754,2000.0,0.5753,7214.0,0.5767,5398.0,0.5768,196.0
1753533283355,12:34:43.355,ACE/USDT:USDT,0.5754,2000.0,0.5753,7214.0,0.5767,5398.0,0.5768,196.0
1753533283515,12:34:43.515,ACE/USDT:USDT,0.5754,2000.0,0.5753,7214.0,0.5767,5398.0,0.5768,196.0
1753533290132,12:34:50.132,ACE/USDT:USDT,0.5754,2000.0,0.5753,7214.0,0.5766,5202.0,0.5767,196.0
1753533290215,12:34:50.215,ACE/USDT:USDT,0.5754,2392.0,0.5753,7606.0,0.5766,5202.0,0.5782,345.0
1753533290240,12:34:50.240,ACE/USDT:USDT,0.5754,2392.0,0.5753,7606.0,0.5766,5202.0,0.5782,345.0
1753533290395,12:34:50.395,ACE/USDT:USDT,0.5754,2392.0,0.5753,7606.0,0.5766,5202.0,0.5777,345.0
1753533291190,12:34:51.190,ACE/USDT:USDT,0.5754,2392.0,0.5753,7606.0,0.5766,5202.0,0.5777,345.0
1753533291260,12:34:51.260,ACE/USDT:USDT,0.5754,2392.0,0.5753,7606.0,0.5766,5202.0,0.5777,345.0
1753533291344,12:34:51.344,ACE/USDT:USDT,0.5754,2392.0,0.5753,7606.0,0.5766,5202.0,0.5777,345.0
1753533294025,12:34:54.025,ACE/USDT:USDT,0.5754,2392.0,0.5753,7606.0,0.5766,5202.0,0.5777,345.0
1753533294045,12:34:54.045,ACE/USDT:USDT,0.5754,2392.0,0.5753,7606.0,0.5766,5202.0,0.5777,345.0
1753533294145,12:34:54.145,ACE/USDT:USDT,0.5754,2392.0,0.5753,7606.0,0.5766,5202.0,0.5777,345.0
1753533294469,12:34:54.469,ACE/USDT:USDT,0.5754,2392.0,0.5753,7606.0,0.5766,5202.0,0.5777,345.0
1753533295242,12:34:55.242,ACE/USDT:USDT,0.5754,2392.0,0.5753,7606.0,0.5766,5202.0,0.5777,345.0
1753533295345,12:34:55.345,ACE/USDT:USDT,0.5754,2392.0,0.5753,7606.0,0.5766,5202.0,0.5777,345.0
1753533295458,12:34:55.458,ACE/USDT:USDT,0.5754,2392.0,0.5753,7606.0,0.5766,5202.0,0.5777,345.0
1753533296836,12:34:56.836,ACE/USDT:USDT,0.5756,2345.0,0.5755,7212.0,0.5776,5193.0,0.5783,7659.0
1753533296931,12:34:56.931,ACE/USDT:USDT,0.5756,7211.0,0.5755,2000.0,0.5769,5200.0,0.577,210.0
1753533297015,12:34:57.015,ACE/USDT:USDT,0.5756,7211.0,0.5755,2000.0,0.5769,5200.0,0.5781,345.0
1753533297134,12:34:57.134,ACE/USDT:USDT,0.5756,7211.0,0.5755,2000.0,0.5769,5200.0,0.5781,345.0
1753533297262,12:34:57.262,ACE/USDT:USDT,0.5756,7211.0,0.5755,2000.0,0.5769,5200.0,0.5781,345.0
1753533297346,12:34:57.346,ACE/USDT:USDT,0.5756,7211.0,0.5755,2000.0,0.5769,5200.0,0.578,201.0
1753533297444,12:34:57.444,ACE/USDT:USDT,0.5756,7211.0,0.5755,2000.0,0.5769,5200.0,0.5781,345.0
1753533298432,12:34:58.432,ACE/USDT:USDT,0.5757,2000.0,0.5756,5211.0,0.5769,5200.0,0.5781,345.0
1753533298480,12:34:58.480,ACE/USDT:USDT,0.5757,2000.0,0.5756,5211.0,0.5769,5200.0,0.578,201.0
1753533298542,12:34:58.542,ACE/USDT:USDT,0.5757,2000.0,0.5756,5211.0,0.5769,5200.0,0.5781,345.0
1753533298895,12:34:58.895,ACE/USDT:USDT,0.5757,2000.0,0.5756,5211.0,0.5769,5200.0,0.5781,345.0
1753533299177,12:34:59.177,ACE/USDT:USDT,0.5757,2000.0,0.5756,5211.0,0.5769,5200.0,0.5781,345.0
1753533299243,12:34:59.243,ACE/USDT:USDT,0.5757,2000.0,0.5756,5211.0,0.5769,5200.0,0.578,201.0
1753533299343,12:34:59.343,ACE/USDT:USDT,0.5757,2000.0,0.5756,5211.0,0.5769,5200.0,0.5781,345.0
1753533303295,12:35:03.295,ACE/USDT:USDT,0.5757,2000.0,0.5756,5211.0,0.5769,5200.0,0.5781,345.0
1753533303343,12:35:03.343,ACE/USDT:USDT,0.5757,2000.0,0.5756,5211.0,0.5769,5200.0,0.578,201.0
1753533303443,12:35:03.443,ACE/USDT:USDT,0.5757,2000.0,0.5756,5211.0,0.5769,5200.0,0.5781,345.0
1753533304395,12:35:04.395,ACE/USDT:USDT,0.5758,2000.0,0.5757,2404.0,0.5768,2000.0,0.5769,5200.0
1753533304443,12:35:04.443,ACE/USDT:USDT,0.5758,2000.0,0.5757,2404.0,0.5768,2000.0,0.5769,5200.0
1753533304555,12:35:04.555,ACE/USDT:USDT,0.5758,2000.0,0.5757,2404.0,0.5768,2000.0,0.5769,5200.0
1753533304699,12:35:04.699,ACE/USDT:USDT,0.5758,2000.0,0.5757,2404.0,0.5768,2000.0,0.5769,5200.0
1753533304978,12:35:04.978,ACE/USDT:USDT,0.5758,2000.0,0.5757,2404.0,0.5768,2000.0,0.5769,5200.0
1753533305046,12:35:05.046,ACE/USDT:USDT,0.5758,2000.0,0.5757,2404.0,0.5768,2000.0,0.5769,5200.0
1753533305142,12:35:05.142,ACE/USDT:USDT,0.5758,2000.0,0.5757,2404.0,0.5768,2000.0,0.5769,5200.0
1753533305349,12:35:05.349,ACE/USDT:USDT,0.5758,2000.0,0.5757,2404.0,0.5768,2000.0,0.5769,5200.0
1753533306335,12:35:06.335,ACE/USDT:USDT,0.5758,2000.0,0.5757,2404.0,0.5768,2000.0,0.5769,5200.0
1753533306345,12:35:06.345,ACE/USDT:USDT,0.5758,2000.0,0.5757,2404.0,0.5768,2000.0,0.5769,5200.0
1753533306443,12:35:06.443,ACE/USDT:USDT,0.5758,2000.0,0.5757,2404.0,0.5768,2000.0,0.5769,5200.0
1753533307009,12:35:07.009,ACE/USDT:USDT,0.5758,2000.0,0.5757,2404.0,0.5768,2000.0,0.5769,5200.0
1753533307043,12:35:07.043,ACE/USDT:USDT,0.5758,2000.0,0.5757,2404.0,0.5768,2000.0,0.5769,5200.0
1753533307142,12:35:07.142,ACE/USDT:USDT,0.5758,2000.0,0.5757,2404.0,0.5768,2000.0,0.5769,5200.0
1753533307324,12:35:07.324,ACE/USDT:USDT,0.5758,2000.0,0.5757,2404.0,0.5768,2000.0,0.5769,5200.0
1753533307632,12:35:07.632,ACE/USDT:USDT,0.5758,7210.0,0.5757,2404.0,0.5768,2000.0,0.577,210.0
1753533307663,12:35:07.663,ACE/USDT:USDT,0.5758,7210.0,0.5757,2404.0,0.5768,2000.0,0.5779,2000.0
1753533307826,12:35:07.826,ACE/USDT:USDT,0.5758,7210.0,0.5757,2404.0,0.5768,2000.0,0.5779,2000.0
1753533307843,12:35:07.843,ACE/USDT:USDT,0.5758,7210.0,0.5757,2404.0,0.5768,2000.0,0.5779,2000.0
1753533308335,12:35:08.335,ACE/USDT:USDT,0.5758,7555.0,0.5757,2404.0,0.5778,5537.0,0.5779,2000.0
1753533308391,12:35:08.391,ACE/USDT:USDT,0.5758,7210.0,0.5757,2404.0,0.577,2000.0,0.5776,345.0
1753533308614,12:35:08.614,ACE/USDT:USDT,0.5758,7210.0,0.5757,2404.0,0.577,2000.0,0.5776,345.0
1753533308720,12:35:08.720,ACE/USDT:USDT,0.5758,7210.0,0.5757,2404.0,0.577,2000.0,0.5776,345.0
1753533309062,12:35:09.062,ACE/USDT:USDT,0.5758,7210.0,0.5757,2404.0,0.577,2000.0,0.5776,345.0
1753533310327,12:35:10.327,ACE/USDT:USDT,0.5758,7210.0,0.5757,2749.0,0.5774,2000.0,0.5775,7194.0
1753533310359,12:35:10.359,ACE/USDT:USDT,0.5758,7210.0,0.5757,2404.0,0.5772,2000.0,0.5773,7196.0
1753533311126,12:35:11.126,ACE/USDT:USDT,0.5758,7210.0,0.5757,2404.0,0.5772,2000.0,0.5773,7196.0
1753533311424,12:35:11.424,ACE/USDT:USDT,0.5758,7210.0,0.5757,2404.0,0.5772,7197.0,0.5773,2000.0
1753533312268,12:35:12.268,ACE/USDT:USDT,0.5758,7210.0,0.5757,2404.0,0.5771,2000.0,0.5772,5197.0
1753533312588,12:35:12.588,ACE/USDT:USDT,0.5758,7210.0,0.5757,2404.0,0.577,7199.0,0.5771,2000.0
1753533313144,12:35:13.144,ACE/USDT:USDT,0.5758,7210.0,0.5757,2404.0,0.577,7199.0,0.5771,2000.0
1753533313257,12:35:13.257,ACE/USDT:USDT,0.5758,7210.0,0.5757,2404.0,0.577,7199.0,0.5774,345.0
1753533313966,12:35:13.966,ACE/USDT:USDT,0.5758,7210.0,0.5757,2404.0,0.577,7199.0,0.5782,345.0
1753533314064,12:35:14.064,ACE/USDT:USDT,0.5758,7210.0,0.5757,2404.0,0.577,7199.0,0.5782,345.0
1753533314250,12:35:14.250,ACE/USDT:USDT,0.5758,7210.0,0.5757,2404.0,0.577,5199.0,0.5782,345.0
1753533314751,12:35:14.751,ACE/USDT:USDT,0.5758,7210.0,0.5757,2404.0,0.577,5199.0,0.5782,345.0
1753533315235,12:35:15.235,ACE/USDT:USDT,0.5758,7210.0,0.5757,2404.0,0.577,7199.0,0.5782,345.0
1753533317219,12:35:17.219,ACE/USDT:USDT,0.5758,7210.0,0.5757,2404.0,0.577,5199.0,0.5782,345.0
1753533317611,12:35:17.611,ACE/USDT:USDT,0.5758,7210.0,0.5757,2404.0,0.577,5199.0,0.5782,7280.0
1753533318208,12:35:18.208,ACE/USDT:USDT,0.5758,7210.0,0.5757,2404.0,0.577,7199.0,0.5782,345.0
1753533320178,12:35:20.178,ACE/USDT:USDT,0.5758,7210.0,0.5757,2404.0,0.577,5199.0,0.5782,345.0
1753533320248,12:35:20.248,ACE/USDT:USDT,0.5758,7210.0,0.5757,2404.0,0.577,5199.0,0.5779,345.0
1753533320348,12:35:20.348,ACE/USDT:USDT,0.5758,7210.0,0.5757,2404.0,0.577,5199.0,0.5782,345.0
1753533320669,12:35:20.669,ACE/USDT:USDT,0.5758,7210.0,0.5757,2404.0,0.577,5199.0,0.5782,7280.0
1753533321173,12:35:21.173,ACE/USDT:USDT,0.5758,7210.0,0.5757,2404.0,0.577,7199.0,0.5782,345.0
1753533321249,12:35:21.249,ACE/USDT:USDT,0.5758,7210.0,0.5757,2404.0,0.577,7199.0,0.5779,345.0
1753533321348,12:35:21.348,ACE/USDT:USDT,0.5758,7210.0,0.5757,2404.0,0.577,7199.0,0.5782,345.0
1753533322626,12:35:22.626,ACE/USDT:USDT,0.5764,1.0,0.5758,7210.0,0.577,7813.0,0.5771,404.0
1753533322717,12:35:22.717,ACE/USDT:USDT,0.5758,7210.0,0.5757,2404.0,0.577,7603.0,0.5771,404.0
1753533322893,12:35:22.893,ACE/USDT:USDT,0.5758,7210.0,0.5757,2404.0,0.577,7603.0,0.5771,404.0
1753533323145,12:35:23.145,ACE/USDT:USDT,0.5758,7210.0,0.5757,2404.0,0.577,7603.0,0.5771,404.0
1753533323243,12:35:23.243,ACE/USDT:USDT,0.5758,7210.0,0.5757,2404.0,0.577,7804.0,0.5771,404.0
1753533323343,12:35:23.343,ACE/USDT:USDT,0.5758,7210.0,0.5757,2404.0,0.577,7603.0,0.5771,404.0
1753533324134,12:35:24.134,ACE/USDT:USDT,0.5758,7210.0,0.5757,2404.0,0.577,7603.0,0.5771,404.0
1753533324145,12:35:24.145,ACE/USDT:USDT,0.5758,7210.0,0.5757,2404.0,0.577,7804.0,0.5771,404.0
1753533324243,12:35:24.243,ACE/USDT:USDT,0.5758,7210.0,0.5757,2404.0,0.577,7603.0,0.5771,404.0
1753533324517,12:35:24.517,ACE/USDT:USDT,0.5758,7210.0,0.5757,2404.0,0.577,7603.0,0.5771,404.0
1753533325123,12:35:25.123,ACE/USDT:USDT,0.5758,7210.0,0.5757,2404.0,0.577,7603.0,0.5771,404.0
1753533325152,12:35:25.152,ACE/USDT:USDT,0.5758,7210.0,0.5757,2404.0,0.577,7804.0,0.5771,404.0
1753533325242,12:35:25.242,ACE/USDT:USDT,0.5758,7210.0,0.5757,2404.0,0.577,7603.0,0.5771,404.0
1753533335183,12:35:35.183,ACE/USDT:USDT,0.5758,7210.0,0.5757,2404.0,0.577,7603.0,0.5771,404.0
1753533335299,12:35:35.299,ACE/USDT:USDT,0.576,2000.0,0.5759,2000.0,0.577,2202.0,0.5771,202.0
1753533335383,12:35:35.383,ACE/USDT:USDT,0.576,2000.0,0.5759,2000.0,0.577,2202.0,0.5771,202.0
1753533335442,12:35:35.442,ACE/USDT:USDT,0.576,2000.0,0.5759,2000.0,0.577,2202.0,0.5771,202.0
1753533336004,12:35:36.004,ACE/USDT:USDT,0.576,2000.0,0.5759,2000.0,0.577,2202.0,0.5771,202.0
1753533336044,12:35:36.044,ACE/USDT:USDT,0.576,2000.0,0.5759,2000.0,0.577,2403.0,0.5771,202.0
1753533336224,12:35:36.224,ACE/USDT:USDT,0.576,2000.0,0.5759,2000.0,0.577,2202.0,0.5771,202.0
1753533336989,12:35:36.989,ACE/USDT:USDT,0.5759,2000.0,0.5758,5210.0,0.577,2202.0,0.5771,202.0
1753533337061,12:35:37.061,ACE/USDT:USDT,0.5759,2000.0,0.5758,5210.0,0.577,2403.0,0.5771,202.0
1753533337142,12:35:37.142,ACE/USDT:USDT,0.5759,2000.0,0.5758,5210.0,0.577,2202.0,0.5771,202.0
1753533337978,12:35:37.978,ACE/USDT:USDT,0.5759,2000.0,0.5758,5210.0,0.577,2202.0,0.5771,202.0
1753533338043,12:35:38.043,ACE/USDT:USDT,0.5759,2000.0,0.5758,5210.0,0.577,2403.0,0.5771,202.0
1753533338148,12:35:38.148,ACE/USDT:USDT,0.5759,2000.0,0.5758,5210.0,0.577,2202.0,0.5771,202.0
1753533338281,12:35:38.281,ACE/USDT:USDT,0.5759,2000.0,0.5758,5210.0,0.577,2202.0,0.5771,202.0
1753533346421,12:35:46.421,ACE/USDT:USDT,0.5759,2000.0,0.5758,5210.0,0.577,2202.0,0.5771,202.0
1753533346449,12:35:46.449,ACE/USDT:USDT,0.5759,2000.0,0.5758,5210.0,0.577,2403.0,0.5771,202.0
1753533346544,12:35:46.544,ACE/USDT:USDT,0.5759,2000.0,0.5758,5210.0,0.577,2202.0,0.5771,202.0
1753533348189,12:35:48.189,ACE/USDT:USDT,0.5759,2000.0,0.5758,5210.0,0.577,2202.0,0.5771,202.0
1753533348246,12:35:48.246,ACE/USDT:USDT,0.5759,2000.0,0.5758,5210.0,0.577,2403.0,0.5771,202.0
1753533348345,12:35:48.345,ACE/USDT:USDT,0.5759,2000.0,0.5758,5210.0,0.577,2202.0,0.5771,202.0
1753533351605,12:35:51.605,ACE/USDT:USDT,0.5759,2000.0,0.5758,5210.0,0.577,2202.0,0.5771,202.0
1753533351644,12:35:51.644,ACE/USDT:USDT,0.5759,2000.0,0.5758,5210.0,0.577,2403.0,0.5771,202.0
1753533351822,12:35:51.822,ACE/USDT:USDT,0.5759,2000.0,0.5758,5210.0,0.577,2202.0,0.5771,202.0
1753533351978,12:35:51.978,ACE/USDT:USDT,0.5759,2000.0,0.5758,5210.0,0.577,2202.0,0.5771,202.0
1753533352392,12:35:52.392,ACE/USDT:USDT,0.5759,7209.0,0.5755,2000.0,0.577,2202.0,0.5771,202.0
1753533352462,12:35:52.462,ACE/USDT:USDT,0.5759,7209.0,0.5755,2000.0,0.577,2403.0,0.5771,202.0
1753533352555,12:35:52.555,ACE/USDT:USDT,0.5759,7209.0,0.5755,2000.0,0.577,2202.0,0.5771,202.0
1753533352814,12:35:52.814,ACE/USDT:USDT,0.576,2000.0,0.5759,5209.0,0.577,2202.0,0.5771,202.0
1753533354789,12:35:54.789,ACE/USDT:USDT,0.576,2000.0,0.5759,5209.0,0.577,2412.0,0.5771,202.0
1753533354879,12:35:54.879,ACE/USDT:USDT,0.576,2000.0,0.5759,5209.0,0.577,2202.0,0.5771,202.0
1753533355779,12:35:55.779,ACE/USDT:USDT,0.576,2000.0,0.5759,5209.0,0.577,2202.0,0.5771,202.0
1753533355846,12:35:55.846,ACE/USDT:USDT,0.576,2000.0,0.5759,5209.0,0.577,2403.0,0.5771,202.0
1753533355947,12:35:55.947,ACE/USDT:USDT,0.576,2000.0,0.5759,5209.0,0.577,2202.0,0.5771,202.0
1753533358600,12:35:58.600,ACE/USDT:USDT,0.5762,2202.0,0.5761,5207.0,0.577,2210.0,0.5782,345.0
1753533358703,12:35:58.703,ACE/USDT:USDT,0.5762,7408.0,0.576,2000.0,0.577,2210.0,0.5782,345.0
1753533358834,12:35:58.834,ACE/USDT:USDT,0.5762,7753.0,0.5756,2000.0,0.5781,5534.0,0.5783,2000.0
1753533358935,12:35:58.935,ACE/USDT:USDT,0.5762,7753.0,0.5758,9724.0,0.5781,5534.0,0.5783,2000.0
1753533359034,12:35:59.034,ACE/USDT:USDT,0.5762,7753.0,0.5758,9724.0,0.5781,5534.0,0.5783,2000.0
1753533359125,12:35:59.125,ACE/USDT:USDT,0.5762,7753.0,0.5758,9724.0,0.5781,5534.0,0.5783,2000.0
1753533359216,12:35:59.216,ACE/USDT:USDT,0.5762,7408.0,0.5759,345.0,0.5779,5191.0,0.5785,345.0
1753533359348,12:35:59.348,ACE/USDT:USDT,0.5762,7408.0,0.5759,345.0,0.5779,5191.0,0.5785,345.0
1753533359733,12:35:59.733,ACE/USDT:USDT,0.5763,2000.0,0.5762,5408.0,0.5779,5191.0,0.5785,345.0
1753533359755,12:35:59.755,ACE/USDT:USDT,0.5763,2000.0,0.5762,5408.0,0.5779,5191.0,0.5785,345.0
1753533359848,12:35:59.848,ACE/USDT:USDT,0.5763,2000.0,0.5762,5408.0,0.5779,5191.0,0.5785,345.0
1753533360272,12:36:00.272,ACE/USDT:USDT,0.5763,2000.0,0.5762,5408.0,0.5779,5191.0,0.5785,345.0
1753533360344,12:36:00.344,ACE/USDT:USDT,0.5763,2000.0,0.5762,5408.0,0.5779,5191.0,0.5785,345.0
1753533360445,12:36:00.445,ACE/USDT:USDT,0.5763,2000.0,0.5762,5408.0,0.5779,5191.0,0.5785,345.0
1753533360723,12:36:00.723,ACE/USDT:USDT,0.5763,2000.0,0.5762,5408.0,0.5779,5191.0,0.5785,345.0
1753533361199,12:36:01.199,ACE/USDT:USDT,0.5763,2000.0,0.5762,5408.0,0.5779,5191.0,0.5785,345.0
1753533361507,12:36:01.507,ACE/USDT:USDT,0.5763,2000.0,0.5762,5408.0,0.5779,5191.0,0.5785,345.0
1753533364067,12:36:04.067,ACE/USDT:USDT,0.5763,2000.0,0.5762,5408.0,0.5779,5191.0,0.5785,345.0
1753533365075,12:36:05.075,ACE/USDT:USDT,0.5763,2000.0,0.5762,5408.0,0.5779,5191.0,0.5785,345.0
1753533366028,12:36:06.028,ACE/USDT:USDT,0.5763,2000.0,0.5762,5408.0,0.5779,5191.0,0.5785,345.0
1753533366220,12:36:06.220,ACE/USDT:USDT,0.5763,2000.0,0.5762,5408.0,0.5779,5191.0,0.5785,345.0
1753533366706,12:36:06.706,ACE/USDT:USDT,0.5763,2000.0,0.5762,5408.0,0.5779,5191.0,0.5785,345.0
1753533368744,12:36:08.744,ACE/USDT:USDT,0.5763,2000.0,0.5762,5408.0,0.5779,5191.0,0.5785,345.0
1753533369125,12:36:09.125,ACE/USDT:USDT,0.5763,7205.0,0.5762,202.0,0.5779,5191.0,0.5785,345.0
1753533369175,12:36:09.175,ACE/USDT:USDT,0.5763,7205.0,0.5762,202.0,0.5779,5191.0,0.5785,345.0
1753533369335,12:36:09.335,ACE/USDT:USDT,0.5764,3723.0,0.5763,7205.0,0.5779,5191.0,0.5785,345.0
1753533369433,12:36:09.433,ACE/USDT:USDT,0.5763,7205.0,0.5762,202.0,0.5779,5191.0,0.5785,345.0
1753533369635,12:36:09.635,ACE/USDT:USDT,0.5763,7205.0,0.5762,202.0,0.5779,5191.0,0.5785,345.0
1753533370374,12:36:10.374,ACE/USDT:USDT,0.5763,7205.0,0.5762,202.0,0.5779,5191.0,0.5785,345.0
1753533370607,12:36:10.607,ACE/USDT:USDT,0.5763,7205.0,0.5762,202.0,0.5779,5191.0,0.5785,345.0
1753533370797,12:36:10.797,ACE/USDT:USDT,0.5763,7205.0,0.5762,202.0,0.5779,5191.0,0.5785,345.0
1753533371617,12:36:11.617,ACE/USDT:USDT,0.5763,7407.0,0.5762,404.0,0.577,210.0,0.5777,345.0
1753533371655,12:36:11.655,ACE/USDT:USDT,0.5763,7407.0,0.5762,404.0,0.5778,2000.0,0.5779,5191.0
1753533371826,12:36:11.826,ACE/USDT:USDT,0.5763,7407.0,0.5762,404.0,0.5778,2000.0,0.5779,5191.0
1753533371874,12:36:11.874,ACE/USDT:USDT,0.5763,7407.0,0.5762,404.0,0.5778,2000.0,0.5779,5191.0
1753533372030,12:36:12.030,ACE/USDT:USDT,0.5763,7407.0,0.5762,404.0,0.5778,2000.0,0.5779,5191.0
1753533372602,12:36:12.602,ACE/USDT:USDT,0.5763,7407.0,0.5762,404.0,0.5778,2000.0,0.5779,5191.0
1753533372655,12:36:12.655,ACE/USDT:USDT,0.5763,7407.0,0.5762,404.0,0.5778,2000.0,0.5779,5191.0
1753533372758,12:36:12.758,ACE/USDT:USDT,0.5763,7407.0,0.5762,404.0,0.5778,2000.0,0.5779,5191.0
1753533372858,12:36:12.858,ACE/USDT:USDT,0.5763,7407.0,0.5762,404.0,0.5778,2000.0,0.5779,5191.0
1753533373279,12:36:13.279,ACE/USDT:USDT,0.5763,7407.0,0.5762,404.0,0.5778,2000.0,0.5779,5191.0
1753533373355,12:36:13.355,ACE/USDT:USDT,0.5763,7407.0,0.5762,404.0,0.5778,2000.0,0.5779,5191.0
1753533373455,12:36:13.455,ACE/USDT:USDT,0.5763,7407.0,0.5762,404.0,0.5778,2000.0,0.5779,5191.0
1753533377416,12:36:17.416,ACE/USDT:USDT,0.5764,5204.0,0.5763,2202.0,0.5778,2000.0,0.5779,5191.0
1753533377450,12:36:17.450,ACE/USDT:USDT,0.5764,5204.0,0.5763,2202.0,0.5778,2000.0,0.5779,5191.0
1753533377553,12:36:17.553,ACE/USDT:USDT,0.5764,5204.0,0.5763,2202.0,0.5778,2000.0,0.5779,5191.0
1753533377717,12:36:17.717,ACE/USDT:USDT,0.5764,5204.0,0.5763,2202.0,0.5778,2000.0,0.5779,5191.0
1753533377917,12:36:17.917,ACE/USDT:USDT,0.5764,5204.0,0.5763,2202.0,0.5778,2000.0,0.5779,5191.0
1753533377945,12:36:17.945,ACE/USDT:USDT,0.5764,5204.0,0.5763,2202.0,0.5778,2000.0,0.5779,5191.0
1753533378129,12:36:18.129,ACE/USDT:USDT,0.5764,5204.0,0.5763,2202.0,0.5778,2000.0,0.5779,5191.0
1753533379323,12:36:19.323,ACE/USDT:USDT,0.5764,5204.0,0.5763,2202.0,0.5778,2000.0,0.5779,5191.0
1753533379435,12:36:19.435,ACE/USDT:USDT,0.5765,5203.0,0.5763,2202.0,0.5778,2000.0,0.5779,5191.0
1753533379533,12:36:19.533,ACE/USDT:USDT,0.5765,5203.0,0.5763,2202.0,0.5778,2000.0,0.5779,5191.0
1753533379778,12:36:19.778,ACE/USDT:USDT,0.5765,5203.0,0.5763,2202.0,0.5778,2000.0,0.5779,5191.0
1753533380191,12:36:20.191,ACE/USDT:USDT,0.5765,5203.0,0.5763,2202.0,0.5778,2000.0,0.5779,5191.0
1753533380245,12:36:20.245,ACE/USDT:USDT,0.5765,5203.0,0.5763,2202.0,0.5778,2000.0,0.5779,5191.0
1753533380346,12:36:20.346,ACE/USDT:USDT,0.5765,5203.0,0.5763,2202.0,0.5778,2000.0,0.5779,5191.0
1753533380610,12:36:20.610,ACE/USDT:USDT,0.5765,5203.0,0.5763,2202.0,0.5778,2000.0,0.5779,5191.0
1753533381434,12:36:21.434,ACE/USDT:USDT,0.5765,6345.0,0.5763,2202.0,0.5778,2000.0,0.5779,5191.0
1753533381513,12:36:21.513,ACE/USDT:USDT,0.5766,5202.0,0.5759,345.0,0.5778,2000.0,0.5779,5191.0
1753533381555,12:36:21.555,ACE/USDT:USDT,0.5766,5202.0,0.5754,345.0,0.5778,2000.0,0.5779,5191.0
1753533381700,12:36:21.700,ACE/USDT:USDT,0.5766,5202.0,0.576,345.0,0.5778,2000.0,0.5779,5191.0
1753533381831,12:36:21.831,ACE/USDT:USDT,0.5766,5202.0,0.576,345.0,0.5778,2000.0,0.5779,5191.0
1753533382296,12:36:22.296,ACE/USDT:USDT,0.5766,5202.0,0.576,345.0,0.5778,2000.0,0.5779,5191.0
1753533382345,12:36:22.345,ACE/USDT:USDT,0.5766,5202.0,0.576,345.0,0.5778,2000.0,0.5779,5191.0
1753533382444,12:36:22.444,ACE/USDT:USDT,0.5766,5202.0,0.576,345.0,0.5778,2000.0,0.5779,5191.0
1753533382663,12:36:22.663,ACE/USDT:USDT,0.5766,5202.0,0.576,345.0,0.5778,2000.0,0.5779,5191.0
1753533383085,12:36:23.085,ACE/USDT:USDT,0.5766,5202.0,0.576,345.0,0.5778,2000.0,0.5779,5191.0
1753533383143,12:36:23.143,ACE/USDT:USDT,0.5766,5202.0,0.576,345.0,0.5778,2000.0,0.5779,5191.0
1753533383243,12:36:23.243,ACE/USDT:USDT,0.5766,5202.0,0.576,345.0,0.5778,2000.0,0.5779,5191.0
1753533385103,12:36:25.103,ACE/USDT:USDT,0.5766,5202.0,0.576,345.0,0.5778,2000.0,0.5779,5191.0
1753533385144,12:36:25.144,ACE/USDT:USDT,0.5766,5202.0,0.576,345.0,0.5778,2000.0,0.5779,5191.0
1753533385243,12:36:25.243,ACE/USDT:USDT,0.5766,5202.0,0.576,345.0,0.5778,2000.0,0.5779,5191.0
1753533386250,12:36:26.250,ACE/USDT:USDT,0.5766,5202.0,0.576,345.0,0.5778,2000.0,0.5779,5191.0
1753533386417,12:36:26.417,ACE/USDT:USDT,0.5766,5202.0,0.576,345.0,0.5778,2000.0,0.5779,5191.0
1753533386442,12:36:26.442,ACE/USDT:USDT,0.5766,5202.0,0.576,345.0,0.5778,2000.0,0.5779,5191.0
1753533386823,12:36:26.823,ACE/USDT:USDT,0.5766,5202.0,0.576,345.0,0.5778,2000.0,0.5779,5191.0
1753533386843,12:36:26.843,ACE/USDT:USDT,0.5766,5202.0,0.576,345.0,0.5778,2000.0,0.5779,5191.0
1753533386943,12:36:26.943,ACE/USDT:USDT,0.5766,5202.0,0.576,345.0,0.5778,2000.0,0.5779,5191.0
1753533387199,12:36:27.199,ACE/USDT:USDT,0.5767,4682.0,0.5766,15608.0,0.5778,2000.0,0.5785,345.0
1753533387282,12:36:27.282,ACE/USDT:USDT,0.5768,5201.0,0.5754,345.0,0.5778,2000.0,0.5785,345.0
1753533387426,12:36:27.426,ACE/USDT:USDT,0.5768,5201.0,0.5763,9724.0,0.5784,5186.0,0.5785,345.0
1753533387560,12:36:27.560,ACE/USDT:USDT,0.5768,5605.0,0.5767,404.0,0.5784,5186.0,0.5786,2345.0
1753533388386,12:36:28.386,ACE/USDT:USDT,0.5768,5605.0,0.5767,404.0,0.5784,6050.0,0.5786,2345.0
1753533388446,12:36:28.446,ACE/USDT:USDT,0.5768,5605.0,0.5767,404.0,0.5784,6050.0,0.5786,2345.0
1753533388544,12:36:28.544,ACE/USDT:USDT,0.5768,5605.0,0.5767,404.0,0.5784,6050.0,0.5786,2345.0
1753533388815,12:36:28.815,ACE/USDT:USDT,0.5768,5605.0,0.5767,404.0,0.5784,6050.0,0.5786,2345.0
1753533389252,12:36:29.252,ACE/USDT:USDT,0.5768,5605.0,0.5767,404.0,0.5784,6050.0,0.5786,2345.0
1753533389343,12:36:29.343,ACE/USDT:USDT,0.5768,5605.0,0.5767,404.0,0.5784,6050.0,0.5786,2345.0
1753533389443,12:36:29.443,ACE/USDT:USDT,0.5768,5605.0,0.5767,404.0,0.5784,6050.0,0.5786,2345.0
1753533389790,12:36:29.790,ACE/USDT:USDT,0.5768,5605.0,0.5767,404.0,0.5784,6050.0,0.5786,2345.0
1753533390182,12:36:30.182,ACE/USDT:USDT,0.5768,5605.0,0.5767,404.0,0.5784,6050.0,0.5786,2345.0
1753533390243,12:36:30.243,ACE/USDT:USDT,0.5768,5605.0,0.5767,404.0,0.5784,6050.0,0.5786,2345.0
1753533390358,12:36:30.358,ACE/USDT:USDT,0.5768,5605.0,0.5767,404.0,0.5784,6050.0,0.5786,2345.0
1753533390873,12:36:30.873,ACE/USDT:USDT,0.5768,5605.0,0.5767,404.0,0.5784,6050.0,0.5786,2345.0
1753533391013,12:36:31.013,ACE/USDT:USDT,0.5768,5605.0,0.5767,404.0,0.5784,6050.0,0.5786,2345.0
1753533391043,12:36:31.043,ACE/USDT:USDT,0.5768,5605.0,0.5767,404.0,0.5784,6050.0,0.5786,2345.0
1753533392759,12:36:32.759,ACE/USDT:USDT,0.5768,5605.0,0.5767,404.0,0.5784,6050.0,0.5786,2345.0
1753533392923,12:36:32.923,ACE/USDT:USDT,0.5768,5605.0,0.5767,404.0,0.5784,6050.0,0.5786,2345.0
1753533393488,12:36:33.488,ACE/USDT:USDT,0.5768,5605.0,0.5767,404.0,0.5784,5186.0,0.5786,2345.0
1753533394037,12:36:34.037,ACE/USDT:USDT,0.5768,5605.0,0.5767,404.0,0.5784,6050.0,0.5786,2345.0
1753533394230,12:36:34.230,ACE/USDT:USDT,0.5768,5605.0,0.5767,404.0,0.5784,6050.0,0.5786,2345.0
1753533396020,12:36:36.020,ACE/USDT:USDT,0.5768,5605.0,0.5767,404.0,0.5784,5186.0,0.5786,2345.0
1753533396483,12:36:36.483,ACE/USDT:USDT,0.5768,5605.0,0.5767,404.0,0.5784,6050.0,0.5786,2345.0
1753533396825,12:36:36.825,ACE/USDT:USDT,0.5768,6472.0,0.5767,404.0,0.5784,6050.0,0.5786,2345.0
1753533397935,12:36:37.935,ACE/USDT:USDT,0.5768,6472.0,0.5767,404.0,0.5784,6050.0,0.5786,2345.0
1753533397939,12:36:37.939,ACE/USDT:USDT,0.5768,6472.0,0.5767,404.0,0.5784,6050.0,0.5786,2345.0
1753533398269,12:36:38.269,ACE/USDT:USDT,0.5768,6472.0,0.5767,404.0,0.5784,6050.0,0.5786,2345.0
1753533400216,12:36:40.216,ACE/USDT:USDT,0.5768,6472.0,0.5767,404.0,0.5784,6050.0,0.5786,2345.0
1753533400304,12:36:40.304,ACE/USDT:USDT,0.5768,6472.0,0.5767,404.0,0.5784,6050.0,0.5786,2345.0
1753533400411,12:36:40.411,ACE/USDT:USDT,0.5768,6472.0,0.5767,404.0,0.5784,6050.0,0.5786,2345.0
1753533400722,12:36:40.722,ACE/USDT:USDT,0.5768,7339.0,0.5767,404.0,0.5784,6050.0,0.5786,2345.0
1753533403812,12:36:43.812,ACE/USDT:USDT,0.5768,6472.0,0.5767,404.0,0.5784,6050.0,0.5786,2345.0
1753533403845,12:36:43.845,ACE/USDT:USDT,0.5768,6472.0,0.5767,404.0,0.5784,6050.0,0.5786,2345.0
1753533403943,12:36:43.943,ACE/USDT:USDT,0.5768,6472.0,0.5767,404.0,0.5784,6050.0,0.5786,2345.0
1753533404378,12:36:44.378,ACE/USDT:USDT,0.5768,6472.0,0.5767,404.0,0.5784,6050.0,0.5786,2345.0
1753533404458,12:36:44.458,ACE/USDT:USDT,0.5768,6472.0,0.5767,404.0,0.5784,6050.0,0.5786,2345.0
1753533404549,12:36:44.549,ACE/USDT:USDT,0.5768,6472.0,0.5767,404.0,0.5784,6050.0,0.5786,2345.0
1753533405211,12:36:45.211,ACE/USDT:USDT,0.5768,6472.0,0.5767,404.0,0.5784,6050.0,0.5786,2345.0
1753533405249,12:36:45.249,ACE/USDT:USDT,0.5768,6472.0,0.5767,404.0,0.5784,6050.0,0.5786,2345.0
1753533405421,12:36:45.421,ACE/USDT:USDT,0.5768,6472.0,0.5767,404.0,0.5784,6050.0,0.5786,2345.0
1753533405613,12:36:45.613,ACE/USDT:USDT,0.5768,6472.0,0.5767,404.0,0.5784,6050.0,0.5786,2345.0
1753533405652,12:36:45.652,ACE/USDT:USDT,0.5768,6472.0,0.5767,404.0,0.5784,6050.0,0.5786,2345.0
1753533405816,12:36:45.816,ACE/USDT:USDT,0.5768,6472.0,0.5767,404.0,0.5784,6050.0,0.5786,2345.0
1753533405880,12:36:45.880,ACE/USDT:USDT,0.5768,6472.0,0.5767,404.0,0.5784,6050.0,0.5786,2345.0
1753533405962,12:36:45.962,ACE/USDT:USDT,0.5768,6472.0,0.5767,404.0,0.5784,6050.0,0.5786,2345.0
1753533406083,12:36:46.083,ACE/USDT:USDT,0.5768,6472.0,0.5767,404.0,0.5784,6050.0,0.5786,2345.0
1753533406483,12:36:46.483,ACE/USDT:USDT,0.5768,6472.0,0.5767,404.0,0.5784,6050.0,0.5786,2345.0
1753533406611,12:36:46.611,ACE/USDT:USDT,0.5768,6472.0,0.5767,404.0,0.5784,6050.0,0.5786,2345.0
1753533406716,12:36:46.716,ACE/USDT:USDT,0.5768,6472.0,0.5767,404.0,0.5784,6050.0,0.5786,2345.0
1753533407721,12:36:47.721,ACE/USDT:USDT,0.5768,6472.0,0.5767,404.0,0.5784,6050.0,0.5786,2345.0
1753533407768,12:36:47.768,ACE/USDT:USDT,0.5768,6472.0,0.5767,404.0,0.5784,6050.0,0.5786,2345.0
1753533407856,12:36:47.856,ACE/USDT:USDT,0.5768,6472.0,0.5767,404.0,0.5784,6050.0,0.5786,2345.0
1753533409864,12:36:49.864,ACE/USDT:USDT,0.5768,6472.0,0.5767,404.0,0.5784,6050.0,0.5786,2345.0
1753533410030,12:36:50.030,ACE/USDT:USDT,0.5768,6472.0,0.5767,404.0,0.5784,6050.0,0.5786,2345.0
1753533410084,12:36:50.084,ACE/USDT:USDT,0.5768,6472.0,0.5767,404.0,0.5784,6050.0,0.5786,2345.0
1753533410188,12:36:50.188,ACE/USDT:USDT,0.5768,6472.0,0.5767,404.0,0.5784,6050.0,0.5786,2345.0
1753533410517,12:36:50.517,ACE/USDT:USDT,0.5768,5605.0,0.5767,404.0,0.5784,5186.0,0.5786,2345.0
1753533410600,12:36:50.600,ACE/USDT:USDT,0.5768,5605.0,0.5767,404.0,0.5784,5186.0,0.5786,2345.0
1753533410735,12:36:50.735,ACE/USDT:USDT,0.5768,5605.0,0.5767,404.0,0.5784,5186.0,0.5786,2345.0
1753533411207,12:36:51.207,ACE/USDT:USDT,0.5768,5605.0,0.5767,404.0,0.5784,6050.0,0.5786,2345.0
1753533411244,12:36:51.244,ACE/USDT:USDT,0.5768,5605.0,0.5767,404.0,0.5784,6050.0,0.5786,2345.0
1753533411433,12:36:51.433,ACE/USDT:USDT,0.5768,5605.0,0.5767,404.0,0.5784,6050.0,0.5786,2345.0
1753533411530,12:36:51.530,ACE/USDT:USDT,0.5768,6472.0,0.5767,404.0,0.5784,6050.0,0.5786,2345.0
1753533411609,12:36:51.609,ACE/USDT:USDT,0.5768,6472.0,0.5767,404.0,0.5784,6050.0,0.5786,2345.0
1753533411734,12:36:51.734,ACE/USDT:USDT,0.5768,17741.0,0.5767,404.0,0.5784,6050.0,0.5786,2345.0
1753533411819,12:36:51.819,ACE/USDT:USDT,0.5769,8962.0,0.5768,12540.0,0.5784,5186.0,0.5786,2345.0
1753533411926,12:36:51.926,ACE/USDT:USDT,0.5769,8962.0,0.5768,12540.0,0.5784,5186.0,0.5786,2345.0
1753533411980,12:36:51.980,ACE/USDT:USDT,0.5769,8962.0,0.5768,12540.0,0.5784,5186.0,0.5786,2345.0
1753533412214,12:36:52.214,ACE/USDT:USDT,0.5769,8962.0,0.5768,12540.0,0.5784,5186.0,0.5786,2345.0
1753533412415,12:36:52.415,ACE/USDT:USDT,0.5769,8962.0,0.5768,12540.0,0.5784,5186.0,0.5786,2345.0
1753533412520,12:36:52.520,ACE/USDT:USDT,0.5769,8962.0,0.5768,12540.0,0.5784,5186.0,0.5786,2345.0
1753533412602,12:36:52.602,ACE/USDT:USDT,0.5769,8962.0,0.5768,12540.0,0.5784,5186.0,0.5786,2345.0
1753533413021,12:36:53.021,ACE/USDT:USDT,0.5769,8962.0,0.5768,12540.0,0.5784,5186.0,0.5786,2345.0
1753533413115,12:36:53.115,ACE/USDT:USDT,0.5769,8962.0,0.5768,12540.0,0.5784,5186.0,0.5786,2345.0
1753533413197,12:36:53.197,ACE/USDT:USDT,0.5769,8962.0,0.5768,12540.0,0.5784,5186.0,0.5786,2345.0
1753533413278,12:36:53.278,ACE/USDT:USDT,0.5769,8962.0,0.5768,12540.0,0.5784,5186.0,0.5786,2345.0
1753533413629,12:36:53.629,ACE/USDT:USDT,0.5769,8962.0,0.5768,12540.0,0.5784,5186.0,0.5786,2345.0
1753533413697,12:36:53.697,ACE/USDT:USDT,0.5769,8962.0,0.5768,12540.0,0.5784,5186.0,0.5786,2345.0
1753533413830,12:36:53.830,ACE/USDT:USDT,0.5769,8962.0,0.5768,12540.0,0.5784,5186.0,0.5786,2345.0
1753533414578,12:36:54.578,ACE/USDT:USDT,0.5769,8962.0,0.5768,11673.0,0.5784,5186.0,0.5786,2345.0
1753533414660,12:36:54.660,ACE/USDT:USDT,0.5769,8962.0,0.5768,11673.0,0.5784,5186.0,0.5786,2345.0
1753533414813,12:36:54.813,ACE/USDT:USDT,0.5769,11938.0,0.5768,10806.0,0.5784,5186.0,0.5786,2345.0
1753533416830,12:36:56.830,ACE/USDT:USDT,0.5769,11938.0,0.5768,10806.0,0.5784,5186.0,0.5786,2345.0
1753533416910,12:36:56.910,ACE/USDT:USDT,0.5769,11938.0,0.5768,10806.0,0.5784,5186.0,0.5786,2345.0
1753533417019,12:36:57.019,ACE/USDT:USDT,0.5769,11938.0,0.5768,10806.0,0.5784,5186.0,0.5786,2345.0
1753533417330,12:36:57.330,ACE/USDT:USDT,0.5769,11938.0,0.5768,10806.0,0.5784,5186.0,0.5786,2345.0
1753533417354,12:36:57.354,ACE/USDT:USDT,0.5769,11938.0,0.5768,10806.0,0.5784,5186.0,0.5786,2345.0
1753533417512,12:36:57.512,ACE/USDT:USDT,0.5769,11938.0,0.5768,10806.0,0.5784,5186.0,0.5786,2345.0
1753533417569,12:36:57.569,ACE/USDT:USDT,0.5769,11938.0,0.5768,10806.0,0.5784,5186.0,0.5786,2345.0
1753533418719,12:36:58.719,ACE/USDT:USDT,0.5769,8176.0,0.5768,404.0,0.5784,5186.0,0.5786,2345.0
1753533418783,12:36:58.783,ACE/USDT:USDT,0.5769,8176.0,0.5768,404.0,0.5784,5186.0,0.5786,2345.0
1753533418878,12:36:58.878,ACE/USDT:USDT,0.5769,8176.0,0.5768,404.0,0.5784,5186.0,0.5786,2345.0
1753533419017,12:36:59.017,ACE/USDT:USDT,0.5769,8176.0,0.5768,404.0,0.5784,5186.0,0.5786,2345.0
1753533419116,12:36:59.116,ACE/USDT:USDT,0.5769,8176.0,0.5768,404.0,0.5784,5186.0,0.5786,2345.0
1753533419401,12:36:59.401,ACE/USDT:USDT,0.5769,8176.0,0.5768,404.0,0.5784,5186.0,0.5786,2345.0
1753533419456,12:36:59.456,ACE/USDT:USDT,0.5769,8176.0,0.5768,404.0,0.5784,5186.0,0.5786,2345.0
1753533419550,12:36:59.550,ACE/USDT:USDT,0.5769,8176.0,0.5768,404.0,0.5784,5186.0,0.5786,2345.0
1753533419831,12:36:59.831,ACE/USDT:USDT,0.5769,8176.0,0.5768,404.0,0.5784,5186.0,0.5786,2345.0
1753533419906,12:36:59.906,ACE/USDT:USDT,0.5769,8176.0,0.5768,404.0,0.5784,5186.0,0.5786,2345.0
1753533419965,12:36:59.965,ACE/USDT:USDT,0.5769,8176.0,0.5768,404.0,0.5784,5186.0,0.5786,2345.0
1753533420118,12:37:00.118,ACE/USDT:USDT,0.577,2000.0,0.5769,7200.0,0.5784,5186.0,0.5786,2345.0
1753533420191,12:37:00.191,ACE/USDT:USDT,0.577,2000.0,0.5769,7200.0,0.5784,5186.0,0.5786,2345.0
1753533420334,12:37:00.334,ACE/USDT:USDT,0.577,2000.0,0.5769,7200.0,0.5784,5186.0,0.5786,2345.0
1753533420398,12:37:00.398,ACE/USDT:USDT,0.577,2000.0,0.5769,7200.0,0.5784,5186.0,0.5786,2345.0
1753533420584,12:37:00.584,ACE/USDT:USDT,0.577,2000.0,0.5769,7200.0,0.5784,5186.0,0.5786,2000.0
1753533420714,12:37:00.714,ACE/USDT:USDT,0.577,2000.0,0.5769,7200.0,0.5784,5186.0,0.5786,2000.0
1753533420811,12:37:00.811,ACE/USDT:USDT,0.577,2000.0,0.5769,7200.0,0.5784,5186.0,0.5786,2000.0
1753533421049,12:37:01.049,ACE/USDT:USDT,0.577,2000.0,0.5769,7200.0,0.5784,5186.0,0.5786,2000.0
1753533421220,12:37:01.220,ACE/USDT:USDT,0.577,2000.0,0.5769,7200.0,0.5784,5186.0,0.5786,2000.0
1753533421250,12:37:01.250,ACE/USDT:USDT,0.577,2000.0,0.5769,7200.0,0.5784,5186.0,0.5786,2000.0
1753533421527,12:37:01.527,ACE/USDT:USDT,0.577,2000.0,0.5769,7200.0,0.5784,5186.0,0.5786,2000.0
1753533421582,12:37:01.582,ACE/USDT:USDT,0.577,2000.0,0.5769,7200.0,0.5784,5186.0,0.5786,2000.0
1753533421708,12:37:01.708,ACE/USDT:USDT,0.577,2000.0,0.5769,7200.0,0.5784,5186.0,0.5786,2000.0
1753533422032,12:37:02.032,ACE/USDT:USDT,0.577,2000.0,0.5769,7200.0,0.5784,5186.0,0.5786,2000.0
1753533422335,12:37:02.335,ACE/USDT:USDT,0.5771,3719.0,0.577,17595.0,0.5784,5186.0,0.5786,2000.0
1753533422416,12:37:02.416,ACE/USDT:USDT,0.5771,2000.0,0.577,5199.0,0.5784,5186.0,0.5786,2000.0
1753533422509,12:37:02.509,ACE/USDT:USDT,0.5771,2000.0,0.577,5199.0,0.5784,5186.0,0.5786,2000.0
1753533422591,12:37:02.591,ACE/USDT:USDT,0.5771,7198.0,0.5769,2000.0,0.5784,5186.0,0.5786,2000.0
1753533422796,12:37:02.796,ACE/USDT:USDT,0.5771,8064.0,0.5769,2000.0,0.5784,5186.0,0.5786,2000.0
1753533422883,12:37:02.883,ACE/USDT:USDT,0.5771,8064.0,0.5769,2000.0,0.5784,5186.0,0.5786,2000.0
1753533423019,12:37:03.019,ACE/USDT:USDT,0.5771,8064.0,0.576,345.0,0.5784,5186.0,0.5786,2000.0
1753533423075,12:37:03.075,ACE/USDT:USDT,0.5771,8064.0,0.576,345.0,0.5784,5186.0,0.5786,2000.0
1753533423335,12:37:03.335,ACE/USDT:USDT,0.5771,8064.0,0.576,345.0,0.5784,5186.0,0.5786,2000.0
1753533423432,12:37:03.432,ACE/USDT:USDT,0.5771,8064.0,0.576,345.0,0.5784,5186.0,0.5786,2000.0
1753533423824,12:37:03.824,ACE/USDT:USDT,0.5771,8064.0,0.576,345.0,0.5784,5186.0,0.5786,2000.0
1753533423928,12:37:03.928,ACE/USDT:USDT,0.5771,8930.0,0.576,345.0,0.5784,5186.0,0.5786,2000.0
1753533424012,12:37:04.012,ACE/USDT:USDT,0.5771,6930.0,0.576,345.0,0.5784,5186.0,0.5786,2000.0
1753533424197,12:37:04.197,ACE/USDT:USDT,0.5771,6930.0,0.576,345.0,0.5784,5186.0,0.5786,2000.0
1753533424313,12:37:04.313,ACE/USDT:USDT,0.5772,2000.0,0.5771,5198.0,0.5784,5186.0,0.5786,2000.0
1753533424369,12:37:04.369,ACE/USDT:USDT,0.5772,2000.0,0.5771,5198.0,0.5784,5186.0,0.5786,2000.0
1753533424669,12:37:04.669,ACE/USDT:USDT,0.5772,2000.0,0.5771,5198.0,0.5784,5186.0,0.5786,2000.0
1753533424787,12:37:04.787,ACE/USDT:USDT,0.5772,2000.0,0.5771,5198.0,0.5784,5186.0,0.5786,2000.0
1753533424997,12:37:04.997,ACE/USDT:USDT,0.5772,2000.0,0.5771,5198.0,0.5784,5186.0,0.5786,2000.0
1753533425100,12:37:05.100,ACE/USDT:USDT,0.5772,2000.0,0.5771,5198.0,0.5784,5186.0,0.5786,2000.0
1753533425279,12:37:05.279,ACE/USDT:USDT,0.5772,2000.0,0.5771,5198.0,0.5784,5186.0,0.5786,2000.0
1753533425408,12:37:05.408,ACE/USDT:USDT,0.5772,2000.0,0.5771,5198.0,0.5784,5186.0,0.5786,2000.0
1753533425615,12:37:05.615,ACE/USDT:USDT,0.5772,2000.0,0.5771,5198.0,0.5784,5186.0,0.5786,2000.0
1753533425654,12:37:05.654,ACE/USDT:USDT,0.5772,2000.0,0.5771,5198.0,0.5784,5186.0,0.5786,2000.0
1753533426421,12:37:06.421,ACE/USDT:USDT,0.5772,2000.0,0.5771,5198.0,0.5784,5186.0,0.5786,2000.0
1753533426847,12:37:06.847,ACE/USDT:USDT,0.5772,2000.0,0.5771,5198.0,0.5784,5186.0,0.5786,2000.0
1753533427444,12:37:07.444,ACE/USDT:USDT,0.5772,2000.0,0.5771,5198.0,0.5784,5186.0,0.5786,2000.0
1753533427555,12:37:07.555,ACE/USDT:USDT,0.5772,2000.0,0.5771,5198.0,0.5784,5186.0,0.5786,2000.0
1753533427675,12:37:07.675,ACE/USDT:USDT,0.5772,2000.0,0.5771,5198.0,0.5784,5186.0,0.5786,2000.0
1753533427972,12:37:07.972,ACE/USDT:USDT,0.5772,2000.0,0.5771,5198.0,0.5784,5186.0,0.5786,2000.0
1753533428268,12:37:08.268,ACE/USDT:USDT,0.5772,2000.0,0.5771,5198.0,0.5784,5186.0,0.5786,2000.0
1753533428497,12:37:08.497,ACE/USDT:USDT,0.5772,2000.0,0.5771,5198.0,0.5784,5186.0,0.5786,2000.0
1753533428681,12:37:08.681,ACE/USDT:USDT,0.5772,2866.0,0.5771,5198.0,0.5786,2000.0,0.5787,198.0
1753533428786,12:37:08.786,ACE/USDT:USDT,0.5772,2866.0,0.5771,5198.0,0.5786,2000.0,0.5787,198.0
1753533428894,12:37:08.894,ACE/USDT:USDT,0.5772,2000.0,0.5771,5198.0,0.5786,2000.0,0.5787,198.0
1753533428956,12:37:08.956,ACE/USDT:USDT,0.5772,2000.0,0.5771,5198.0,0.5786,2000.0,0.5787,198.0
1753533429329,12:37:09.329,ACE/USDT:USDT,0.5772,2000.0,0.5771,5198.0,0.5786,2000.0,0.5787,198.0
1753533429466,12:37:09.466,ACE/USDT:USDT,0.5772,2000.0,0.5771,5198.0,0.5786,2000.0,0.5787,198.0
1753533429563,12:37:09.563,ACE/USDT:USDT,0.5772,7197.0,0.5767,2000.0,0.5786,2000.0,0.5787,198.0
1753533429744,12:37:09.744,ACE/USDT:USDT,0.5772,7197.0,0.5767,2000.0,0.5786,2000.0,0.5787,198.0
1753533429960,12:37:09.960,ACE/USDT:USDT,0.5773,2000.0,0.5772,5197.0,0.5786,2000.0,0.5787,198.0
1753533430173,12:37:10.173,ACE/USDT:USDT,0.5773,2000.0,0.5772,5197.0,0.5786,2000.0,0.5787,198.0
1753533431483,12:37:11.483,ACE/USDT:USDT,0.5773,2000.0,0.5772,5197.0,0.5786,2000.0,0.5787,198.0
1753533431543,12:37:11.543,ACE/USDT:USDT,0.5773,2000.0,0.5772,5197.0,0.5786,2000.0,0.5787,198.0
1753533431645,12:37:11.645,ACE/USDT:USDT,0.5773,2000.0,0.5772,5197.0,0.5786,2000.0,0.5787,198.0
1753533431811,12:37:11.811,ACE/USDT:USDT,0.5773,2000.0,0.5772,5197.0,0.5786,2000.0,0.5787,198.0
1753533433425,12:37:13.425,ACE/USDT:USDT,0.5773,2000.0,0.5772,5197.0,0.5786,2000.0,0.5787,198.0
1753533433443,12:37:13.443,ACE/USDT:USDT,0.5773,2000.0,0.5772,5197.0,0.5786,2000.0,0.5787,198.0
1753533433633,12:37:13.633,ACE/USDT:USDT,0.5773,2000.0,0.5772,5197.0,0.5786,2000.0,0.5787,198.0
1753533433900,12:37:13.900,ACE/USDT:USDT,0.5773,2000.0,0.5772,5197.0,0.5786,2000.0,0.5787,198.0
1753533433943,12:37:13.943,ACE/USDT:USDT,0.5773,2000.0,0.5772,5197.0,0.5786,2000.0,0.5787,198.0
1753533434043,12:37:14.043,ACE/USDT:USDT,0.5773,2000.0,0.5772,5197.0,0.5786,2000.0,0.5787,198.0
1753533434297,12:37:14.297,ACE/USDT:USDT,0.5773,2000.0,0.5772,5197.0,0.5786,2000.0,0.5787,198.0
1753533434511,12:37:14.511,ACE/USDT:USDT,0.5773,2000.0,0.5772,5197.0,0.5786,2000.0,0.5787,198.0
1753533434623,12:37:14.623,ACE/USDT:USDT,0.5773,2000.0,0.5772,5197.0,0.5786,2000.0,0.5787,198.0
1753533434715,12:37:14.715,ACE/USDT:USDT,0.5773,7196.0,0.5767,2000.0,0.5786,2000.0,0.5787,198.0
1753533434799,12:37:14.799,ACE/USDT:USDT,0.5775,2000.0,0.5774,5195.0,0.5786,2000.0,0.5787,198.0
1753533434919,12:37:14.919,ACE/USDT:USDT,0.5775,6412.0,0.5774,15504.0,0.5786,2000.0,0.5787,198.0
1753533435199,12:37:15.199,ACE/USDT:USDT,0.5775,6412.0,0.5774,15504.0,0.5786,2000.0,0.5787,198.0
1753533435245,12:37:15.245,ACE/USDT:USDT,0.5775,6412.0,0.5774,15504.0,0.5786,2000.0,0.5787,198.0
1753533435342,12:37:15.342,ACE/USDT:USDT,0.5775,6412.0,0.5774,15504.0,0.5786,2000.0,0.5787,198.0
1753533435874,12:37:15.874,ACE/USDT:USDT,0.5775,6412.0,0.5774,15504.0,0.5786,2000.0,0.5787,198.0
1753533435944,12:37:15.944,ACE/USDT:USDT,0.5775,6412.0,0.5774,15504.0,0.5786,2000.0,0.5787,198.0
1753533436050,12:37:16.050,ACE/USDT:USDT,0.5775,6412.0,0.5774,15504.0,0.5786,2000.0,0.5787,198.0
1753533436424,12:37:16.424,ACE/USDT:USDT,0.5775,2000.0,0.5774,5195.0,0.5786,2000.0,0.5787,198.0
1753533436678,12:37:16.678,ACE/USDT:USDT,0.5775,2000.0,0.5774,5195.0,0.5786,2000.0,0.5787,198.0
1753533436744,12:37:16.744,ACE/USDT:USDT,0.5775,2000.0,0.5774,5195.0,0.5786,2000.0,0.5787,198.0
1753533436863,12:37:16.863,ACE/USDT:USDT,0.5775,2000.0,0.5774,5195.0,0.5786,2000.0,0.5787,198.0
1753533437332,12:37:17.332,ACE/USDT:USDT,0.5775,2000.0,0.5774,5195.0,0.5786,2000.0,0.5787,198.0
1753533437343,12:37:17.343,ACE/USDT:USDT,0.5775,2000.0,0.5774,5195.0,0.5786,2000.0,0.5787,198.0
1753533437443,12:37:17.443,ACE/USDT:USDT,0.5775,2000.0,0.5774,5195.0,0.5786,2000.0,0.5787,198.0
1753533437755,12:37:17.755,ACE/USDT:USDT,0.5775,2000.0,0.5774,5195.0,0.5786,2000.0,0.5787,198.0
1753533437872,12:37:17.872,ACE/USDT:USDT,0.5775,2000.0,0.5774,5195.0,0.5786,2000.0,0.5787,198.0
1753533437945,12:37:17.945,ACE/USDT:USDT,0.5775,2000.0,0.5774,5195.0,0.5786,2000.0,0.5787,198.0
1753533439124,12:37:19.124,ACE/USDT:USDT,0.5775,2000.0,0.5774,5195.0,0.5786,2000.0,0.5787,198.0
1753533439236,12:37:19.236,ACE/USDT:USDT,0.5775,2000.0,0.5774,5195.0,0.5786,2000.0,0.5787,198.0
1753533439243,12:37:19.243,ACE/USDT:USDT,0.5775,2000.0,0.5774,5195.0,0.5786,2000.0,0.5787,198.0
1753533439380,12:37:19.380,ACE/USDT:USDT,0.5775,2000.0,0.5774,5195.0,0.5786,2000.0,0.5787,198.0
1753533440791,12:37:20.791,ACE/USDT:USDT,0.5775,2000.0,0.5774,5195.0,0.5786,2000.0,0.5787,198.0
1753533440844,12:37:20.844,ACE/USDT:USDT,0.5775,2000.0,0.5774,5195.0,0.5786,2000.0,0.5787,198.0
1753533440943,12:37:20.943,ACE/USDT:USDT,0.5775,2000.0,0.5774,5195.0,0.5786,2000.0,0.5787,198.0
1753533441803,12:37:21.803,ACE/USDT:USDT,0.5775,2000.0,0.5774,5195.0,0.5786,2000.0,0.5787,198.0
1753533441910,12:37:21.910,ACE/USDT:USDT,0.5775,2000.0,0.5774,5195.0,0.5786,2000.0,0.5787,198.0
1753533442062,12:37:22.062,ACE/USDT:USDT,0.5775,2000.0,0.5774,5195.0,0.5786,2000.0,0.5787,198.0
1753533442585,12:37:22.585,ACE/USDT:USDT,0.5775,2000.0,0.5774,5195.0,0.5786,2000.0,0.5787,198.0
1753533442643,12:37:22.643,ACE/USDT:USDT,0.5775,2000.0,0.5774,5195.0,0.5786,2000.0,0.5787,198.0
1753533442743,12:37:22.743,ACE/USDT:USDT,0.5775,2000.0,0.5774,5195.0,0.5786,2000.0,0.5787,198.0
1753533443330,12:37:23.330,ACE/USDT:USDT,0.5782,1.0,0.5775,2000.0,0.5786,2404.0,0.5787,602.0
1753533443434,12:37:23.434,ACE/USDT:USDT,0.5775,2000.0,0.5774,5195.0,0.5786,2404.0,0.5787,602.0
1753533443617,12:37:23.617,ACE/USDT:USDT,0.5775,2000.0,0.5774,5195.0,0.5786,2404.0,0.5787,602.0
1753533444268,12:37:24.268,ACE/USDT:USDT,0.5775,2000.0,0.5774,5195.0,0.5786,2404.0,0.5787,602.0
1753533444344,12:37:24.344,ACE/USDT:USDT,0.5775,2000.0,0.5774,5195.0,0.5786,2404.0,0.5787,602.0
1753533444442,12:37:24.442,ACE/USDT:USDT,0.5775,2000.0,0.5774,5195.0,0.5786,2404.0,0.5787,602.0
1753533444706,12:37:24.706,ACE/USDT:USDT,0.5775,2000.0,0.5774,5195.0,0.5786,2404.0,0.5787,602.0
1753533450535,12:37:30.535,ACE/USDT:USDT,0.5775,2000.0,0.5774,5195.0,0.5786,2404.0,0.5787,602.0
1753533450543,12:37:30.543,ACE/USDT:USDT,0.5775,2000.0,0.5774,5195.0,0.5786,2404.0,0.5787,602.0
1753533450646,12:37:30.646,ACE/USDT:USDT,0.5775,2000.0,0.5774,5195.0,0.5786,2404.0,0.5787,602.0
1753533455280,12:37:35.280,ACE/USDT:USDT,0.5775,2000.0,0.5774,5195.0,0.5786,2404.0,0.5787,602.0
1753533455358,12:37:35.358,ACE/USDT:USDT,0.5775,2000.0,0.5774,5195.0,0.5786,2404.0,0.5787,602.0
1753533455450,12:37:35.450,ACE/USDT:USDT,0.5775,2000.0,0.5774,5195.0,0.5786,2404.0,0.5787,602.0
1753533455566,12:37:35.566,ACE/USDT:USDT,0.5775,2000.0,0.5774,5195.0,0.5786,2404.0,0.5787,602.0
1753533455780,12:37:35.780,ACE/USDT:USDT,0.5775,2000.0,0.5774,5195.0,0.5786,2404.0,0.5787,602.0
1753533456371,12:37:36.371,ACE/USDT:USDT,0.5775,2000.0,0.5774,5195.0,0.5786,2404.0,0.5787,602.0
1753533456445,12:37:36.445,ACE/USDT:USDT,0.5775,2000.0,0.5774,5195.0,0.5786,2404.0,0.5787,602.0
1753533456544,12:37:36.544,ACE/USDT:USDT,0.5775,2000.0,0.5774,5195.0,0.5786,2404.0,0.5787,602.0
1753533457030,12:37:37.030,ACE/USDT:USDT,0.5775,2000.0,0.5774,5195.0,0.5786,2404.0,0.5787,602.0
1753533457046,12:37:37.046,ACE/USDT:USDT,0.5775,2000.0,0.5774,5195.0,0.5786,2404.0,0.5787,602.0
1753533457145,12:37:37.145,ACE/USDT:USDT,0.5775,2000.0,0.5774,5195.0,0.5786,2404.0,0.5787,602.0
1753533460494,12:37:40.494,ACE/USDT:USDT,0.5775,7194.0,0.5767,345.0,0.5786,2404.0,0.5787,602.0
1753533460596,12:37:40.596,ACE/USDT:USDT,0.5775,5194.0,0.5767,345.0,0.5786,2404.0,0.5787,602.0
1753533460655,12:37:40.655,ACE/USDT:USDT,0.5775,5194.0,0.5767,10069.0,0.5786,2404.0,0.5787,602.0
1753533460762,12:37:40.762,ACE/USDT:USDT,0.5775,5194.0,0.5767,10069.0,0.5786,2404.0,0.5787,602.0
1753533461209,12:37:41.209,ACE/USDT:USDT,0.5775,5194.0,0.5767,10069.0,0.5786,2404.0,0.5787,602.0
1753533464806,12:37:44.806,ACE/USDT:USDT,0.5775,5194.0,0.5767,10069.0,0.5786,2404.0,0.5787,602.0
1753533469019,12:37:49.019,ACE/USDT:USDT,0.5775,5194.0,0.5767,345.0,0.5786,2404.0,0.5787,602.0
1753533469299,12:37:49.299,ACE/USDT:USDT,0.5775,5194.0,0.5767,345.0,0.5786,2404.0,0.5787,602.0
1753533470328,12:37:50.328,ACE/USDT:USDT,0.5775,5194.0,0.5767,345.0,0.5786,2404.0,0.5787,602.0
1753533470519,12:37:50.519,ACE/USDT:USDT,0.5775,5194.0,0.5768,9724.0,0.5786,2404.0,0.5787,602.0
1753533470536,12:37:50.536,ACE/USDT:USDT,0.5775,5194.0,0.5768,9724.0,0.5786,2404.0,0.5787,602.0
1753533470666,12:37:50.666,ACE/USDT:USDT,0.5775,5194.0,0.5768,9724.0,0.5786,2404.0,0.5787,602.0
1753533470960,12:37:50.960,ACE/USDT:USDT,0.5775,5194.0,0.5768,9724.0,0.5786,2404.0,0.5787,602.0
1753533471134,12:37:51.134,ACE/USDT:USDT,0.5775,15584.0,0.5768,9724.0,0.5786,2404.0,0.5787,602.0
1753533471199,12:37:51.199,ACE/USDT:USDT,0.5775,5194.0,0.5766,345.0,0.5786,2404.0,0.5787,602.0
1753533471282,12:37:51.282,ACE/USDT:USDT,0.5775,5194.0,0.5766,10069.0,0.5786,2404.0,0.5787,602.0
1753533471416,12:37:51.416,ACE/USDT:USDT,0.5775,5194.0,0.5766,10069.0,0.5786,2404.0,0.5787,602.0
1753533471466,12:37:51.466,ACE/USDT:USDT,0.5775,5194.0,0.5766,345.0,0.5786,2404.0,0.5787,602.0
1753533471575,12:37:51.575,ACE/USDT:USDT,0.5775,5194.0,0.5771,345.0,0.5786,2404.0,0.5787,602.0
1753533471806,12:37:51.806,ACE/USDT:USDT,0.5775,5194.0,0.5771,345.0,0.5786,2404.0,0.5787,602.0
1753533471865,12:37:51.865,ACE/USDT:USDT,0.5775,5194.0,0.5771,345.0,0.5786,2404.0,0.5787,602.0
1753533471947,12:37:51.947,ACE/USDT:USDT,0.5775,5194.0,0.5771,345.0,0.5786,2404.0,0.5787,602.0
1753533472221,12:37:52.221,ACE/USDT:USDT,0.5775,18882.0,0.5771,345.0,0.5786,2404.0,0.5787,602.0
1753533472313,12:37:52.313,ACE/USDT:USDT,0.5776,5193.0,0.5771,345.0,0.5786,2404.0,0.5787,602.0
1753533472391,12:37:52.391,ACE/USDT:USDT,0.5776,10358.0,0.5771,345.0,0.5786,2404.0,0.5787,602.0
1753533472486,12:37:52.486,ACE/USDT:USDT,0.5776,10358.0,0.5766,345.0,0.5786,2404.0,0.5787,602.0
1753533472812,12:37:52.812,ACE/USDT:USDT,0.5776,10358.0,0.5766,345.0,0.5786,2404.0,0.5787,602.0
1753533473549,12:37:53.549,ACE/USDT:USDT,0.5776,10358.0,0.5766,345.0,0.5786,2404.0,0.5787,602.0
1753533473676,12:37:53.676,ACE/USDT:USDT,0.5776,10358.0,0.577,345.0,0.5786,2404.0,0.5787,602.0
1753533473782,12:37:53.782,ACE/USDT:USDT,0.5776,10358.0,0.577,345.0,0.5786,2404.0,0.5787,602.0
1753533473886,12:37:53.886,ACE/USDT:USDT,0.5776,10358.0,0.577,345.0,0.5786,2404.0,0.5787,602.0
1753533473981,12:37:53.981,ACE/USDT:USDT,0.5776,10358.0,0.577,345.0,0.5786,2404.0,0.5787,602.0
1753533474117,12:37:54.117,ACE/USDT:USDT,0.5777,3443.0,0.5776,10358.0,0.5786,2404.0,0.5787,602.0
1753533474408,12:37:54.408,ACE/USDT:USDT,0.5777,3443.0,0.5776,10358.0,0.5786,2404.0,0.5787,602.0
1753533474444,12:37:54.444,ACE/USDT:USDT,0.5777,3443.0,0.5776,10358.0,0.5786,2404.0,0.5787,602.0
1753533474544,12:37:54.544,ACE/USDT:USDT,0.5777,3443.0,0.5776,10358.0,0.5786,2404.0,0.5787,602.0
1753533475025,12:37:55.025,ACE/USDT:USDT,0.5777,3443.0,0.5776,5193.0,0.5786,2404.0,0.5787,602.0
1753533475045,12:37:55.045,ACE/USDT:USDT,0.5777,3443.0,0.5776,5193.0,0.5786,2404.0,0.5787,602.0
1753533475235,12:37:55.235,ACE/USDT:USDT,0.5777,3443.0,0.5776,5193.0,0.5786,2404.0,0.5787,602.0
1753533475237,12:37:55.237,ACE/USDT:USDT,0.5777,3443.0,0.5776,5193.0,0.5786,2404.0,0.5787,602.0
1753533476371,12:37:56.371,ACE/USDT:USDT,0.5776,5193.0,0.577,345.0,0.5786,2404.0,0.5787,602.0
1753533476473,12:37:56.473,ACE/USDT:USDT,0.5776,5193.0,0.577,345.0,0.5786,2404.0,0.5787,602.0
1753533476584,12:37:56.584,ACE/USDT:USDT,0.5776,5193.0,0.577,345.0,0.5786,2404.0,0.5787,602.0
1753533476858,12:37:56.858,ACE/USDT:USDT,0.5776,5193.0,0.577,345.0,0.5786,2404.0,0.5787,602.0
1753533476950,12:37:56.950,ACE/USDT:USDT,0.5776,5193.0,0.5766,345.0,0.5786,2404.0,0.5787,602.0
1753533477045,12:37:57.045,ACE/USDT:USDT,0.5776,5193.0,0.5766,345.0,0.5786,2404.0,0.5787,602.0
1753533477210,12:37:57.210,ACE/USDT:USDT,0.5776,5193.0,0.5771,345.0,0.5786,2404.0,0.5787,602.0
1753533477327,12:37:57.327,ACE/USDT:USDT,0.5776,5193.0,0.5771,345.0,0.5786,2404.0,0.5787,602.0
1753533477340,12:37:57.340,ACE/USDT:USDT,0.5776,5193.0,0.5771,345.0,0.5786,2404.0,0.5787,602.0
