timestamp,time,symbol,bid1_price,bid1_volume,bid2_price,bid2_volume,ask1_price,ask1_volume,ask2_price,ask2_volume
1753533020000,12:30:20.000,ATH/USDT:USDT,0.03413,68.0,0.03412,213.0,0.03416,62.0,0.03417,127.0
1753533022667,12:30:22.667,ATH/USDT:USDT,0.03413,68.0,0.03412,213.0,0.03416,62.0,0.03417,127.0
1753533023095,12:30:23.095,ATH/USDT:USDT,0.03413,40.0,0.03412,213.0,0.03416,62.0,0.03417,155.0
1753533023596,12:30:23.596,ATH/USDT:USDT,0.03413,68.0,0.03412,213.0,0.03416,62.0,0.03417,155.0
1753533023935,12:30:23.935,ATH/USDT:USDT,0.03413,68.0,0.03412,213.0,0.03416,62.0,0.03417,155.0
1753533025024,12:30:25.024,ATH/USDT:USDT,0.03413,68.0,0.03412,213.0,0.03416,62.0,0.03417,155.0
1753533025027,12:30:25.027,ATH/USDT:USDT,0.03413,68.0,0.03412,213.0,0.03416,62.0,0.03417,155.0
1753533027618,12:30:27.618,ATH/USDT:USDT,0.03411,243.0,0.0341,704.0,0.03415,26.0,0.03416,62.0
1753533027725,12:30:27.725,ATH/USDT:USDT,0.03411,28.0,0.0341,307.0,0.03414,22.0,0.03415,26.0
1753533027746,12:30:27.746,ATH/USDT:USDT,0.03411,28.0,0.0341,87.0,0.03414,22.0,0.03415,24.0
1753533027867,12:30:27.867,ATH/USDT:USDT,0.03411,28.0,0.0341,87.0,0.03414,22.0,0.03415,24.0
1753533028206,12:30:28.206,ATH/USDT:USDT,0.03411,28.0,0.0341,143.0,0.03414,22.0,0.03415,24.0
1753533028264,12:30:28.264,ATH/USDT:USDT,0.03411,68.0,0.0341,183.0,0.03414,22.0,0.03415,24.0
1753533028611,12:30:28.611,ATH/USDT:USDT,0.03411,68.0,0.0341,183.0,0.03414,22.0,0.03415,24.0
1753533028649,12:30:28.649,ATH/USDT:USDT,0.03411,68.0,0.0341,183.0,0.03414,22.0,0.03415,24.0
1753533029346,12:30:29.346,ATH/USDT:USDT,0.03411,68.0,0.0341,183.0,0.03414,22.0,0.03415,24.0
1753533029486,12:30:29.486,ATH/USDT:USDT,0.03411,68.0,0.0341,183.0,0.03414,22.0,0.03415,24.0
1753533030022,12:30:30.022,ATH/USDT:USDT,0.03411,68.0,0.0341,183.0,0.03414,22.0,0.03415,24.0
1753533030024,12:30:30.024,ATH/USDT:USDT,0.03411,68.0,0.0341,183.0,0.03414,22.0,0.03415,24.0
1753533030322,12:30:30.322,ATH/USDT:USDT,0.03411,68.0,0.0341,183.0,0.03414,22.0,0.03415,22.0
1753533030327,12:30:30.327,ATH/USDT:USDT,0.03411,68.0,0.0341,183.0,0.03415,22.0,0.03416,62.0
1753533030698,12:30:30.698,ATH/USDT:USDT,0.03411,68.0,0.0341,183.0,0.03415,22.0,0.03416,62.0
1753533032224,12:30:32.224,ATH/USDT:USDT,0.03411,68.0,0.0341,183.0,0.03415,62.0,0.03416,62.0
1753533032233,12:30:32.233,ATH/USDT:USDT,0.03411,68.0,0.0341,183.0,0.03415,62.0,0.03416,62.0
1753533032334,12:30:32.334,ATH/USDT:USDT,0.03411,68.0,0.0341,183.0,0.03415,62.0,0.03416,62.0
1753533032835,12:30:32.835,ATH/USDT:USDT,0.03411,68.0,0.0341,183.0,0.03415,62.0,0.03416,120.0
1753533033295,12:30:33.295,ATH/USDT:USDT,0.03411,40.0,0.0341,183.0,0.03415,90.0,0.03416,120.0
1753533033486,12:30:33.486,ATH/USDT:USDT,0.03411,40.0,0.0341,183.0,0.03414,21.0,0.03415,90.0
1753533033547,12:30:33.547,ATH/USDT:USDT,0.03411,40.0,0.0341,280.0,0.03414,21.0,0.03415,155.0
1753533033895,12:30:33.895,ATH/USDT:USDT,0.03411,68.0,0.0341,280.0,0.03414,21.0,0.03415,155.0
1753533034147,12:30:34.147,ATH/USDT:USDT,0.03411,68.0,0.0341,280.0,0.03414,21.0,0.03415,155.0
1753533034728,12:30:34.728,ATH/USDT:USDT,0.03411,68.0,0.0341,280.0,0.03414,21.0,0.03415,155.0
1753533036007,12:30:36.007,ATH/USDT:USDT,0.03411,68.0,0.0341,280.0,0.03414,21.0,0.03415,155.0
1753533036028,12:30:36.028,ATH/USDT:USDT,0.03411,68.0,0.0341,280.0,0.03414,21.0,0.03415,155.0
1753533036176,12:30:36.176,ATH/USDT:USDT,0.03411,68.0,0.0341,280.0,0.03414,21.0,0.03415,155.0
1753533037002,12:30:37.002,ATH/USDT:USDT,0.03411,68.0,0.0341,280.0,0.03414,21.0,0.03415,155.0
1753533037515,12:30:37.515,ATH/USDT:USDT,0.03411,68.0,0.0341,280.0,0.03414,21.0,0.03415,155.0
1753533037731,12:30:37.731,ATH/USDT:USDT,0.03411,68.0,0.0341,280.0,0.03414,21.0,0.03415,155.0
1753533038015,12:30:38.015,ATH/USDT:USDT,0.03411,68.0,0.0341,280.0,0.03414,21.0,0.03415,155.0
1753533042412,12:30:42.412,ATH/USDT:USDT,0.03411,68.0,0.0341,280.0,0.03414,21.0,0.03415,155.0
1753533043005,12:30:43.005,ATH/USDT:USDT,0.03411,68.0,0.0341,482.0,0.03414,21.0,0.03415,155.0
1753533043900,12:30:43.900,ATH/USDT:USDT,0.03411,68.0,0.0341,482.0,0.03414,21.0,0.03415,155.0
1753533043951,12:30:43.951,ATH/USDT:USDT,0.03411,68.0,0.0341,482.0,0.03414,21.0,0.03415,155.0
1753533046574,12:30:46.574,ATH/USDT:USDT,0.03411,68.0,0.0341,426.0,0.03414,21.0,0.03415,155.0
1753533049099,12:30:49.099,ATH/USDT:USDT,0.03411,68.0,0.0341,426.0,0.03414,21.0,0.03415,155.0
1753533049131,12:30:49.131,ATH/USDT:USDT,0.03411,68.0,0.0341,426.0,0.03414,21.0,0.03415,155.0
1753533049956,12:30:49.956,ATH/USDT:USDT,0.03411,68.0,0.0341,426.0,0.03414,21.0,0.03415,155.0
1753533052064,12:30:52.064,ATH/USDT:USDT,0.03411,68.0,0.0341,426.0,0.03414,21.0,0.03415,155.0
1753533055355,12:30:55.355,ATH/USDT:USDT,0.03411,68.0,0.0341,482.0,0.03414,21.0,0.03415,155.0
1753533055579,12:30:55.579,ATH/USDT:USDT,0.03411,68.0,0.0341,482.0,0.03414,21.0,0.03415,155.0
1753533057089,12:30:57.089,ATH/USDT:USDT,0.03411,68.0,0.0341,482.0,0.03414,21.0,0.03415,127.0
1753533057498,12:30:57.498,ATH/USDT:USDT,0.03411,40.0,0.0341,482.0,0.03414,21.0,0.03415,155.0
1753533059772,12:30:59.772,ATH/USDT:USDT,0.03411,40.0,0.0341,426.0,0.03414,21.0,0.03415,155.0
1753533060602,12:31:00.602,ATH/USDT:USDT,0.03411,40.0,0.0341,404.0,0.03414,21.0,0.03415,155.0
1753533060720,12:31:00.720,ATH/USDT:USDT,0.03411,40.0,0.0341,342.0,0.03414,21.0,0.03415,155.0
1753533060727,12:31:00.727,ATH/USDT:USDT,0.03411,40.0,0.0341,342.0,0.03414,21.0,0.03415,155.0
1753533060912,12:31:00.912,ATH/USDT:USDT,0.03411,40.0,0.0341,342.0,0.03413,26.0,0.03414,61.0
1753533061007,12:31:01.007,ATH/USDT:USDT,0.03411,40.0,0.0341,342.0,0.03413,26.0,0.03414,61.0
1753533061167,12:31:01.167,ATH/USDT:USDT,0.03411,40.0,0.0341,342.0,0.03413,26.0,0.03414,61.0
1753533062007,12:31:02.007,ATH/USDT:USDT,0.03411,40.0,0.0341,342.0,0.03413,26.0,0.03414,61.0
1753533062213,12:31:02.213,ATH/USDT:USDT,0.03411,40.0,0.0341,342.0,0.03413,26.0,0.03414,61.0
1753533062895,12:31:02.895,ATH/USDT:USDT,0.03411,40.0,0.0341,342.0,0.03413,26.0,0.03414,61.0
1753533063003,12:31:03.003,ATH/USDT:USDT,0.03411,40.0,0.0341,342.0,0.03413,26.0,0.03414,61.0
1753533063221,12:31:03.221,ATH/USDT:USDT,0.03411,40.0,0.0341,342.0,0.03413,26.0,0.03414,61.0
1753533063384,12:31:03.384,ATH/USDT:USDT,0.03411,40.0,0.0341,342.0,0.03413,26.0,0.03414,61.0
1753533063885,12:31:03.885,ATH/USDT:USDT,0.03411,40.0,0.0341,342.0,0.03413,26.0,0.03414,118.0
1753533064005,12:31:04.005,ATH/USDT:USDT,0.03411,40.0,0.0341,342.0,0.03413,26.0,0.03414,118.0
1753533064409,12:31:04.409,ATH/USDT:USDT,0.03411,40.0,0.0341,342.0,0.03413,26.0,0.03414,118.0
1753533064465,12:31:04.465,ATH/USDT:USDT,0.03411,40.0,0.0341,342.0,0.03413,26.0,0.03414,118.0
1753533064665,12:31:04.665,ATH/USDT:USDT,0.03411,40.0,0.0341,342.0,0.03413,26.0,0.03414,118.0
1753533065376,12:31:05.376,ATH/USDT:USDT,0.03411,40.0,0.0341,342.0,0.03413,26.0,0.03414,118.0
1753533067419,12:31:07.419,ATH/USDT:USDT,0.03411,40.0,0.0341,342.0,0.03413,26.0,0.03414,118.0
1753533067449,12:31:07.449,ATH/USDT:USDT,0.03411,42.0,0.0341,342.0,0.03413,22.0,0.03414,118.0
1753533068018,12:31:08.018,ATH/USDT:USDT,0.03411,40.0,0.0341,342.0,0.03413,26.0,0.03414,118.0
1753533068687,12:31:08.687,ATH/USDT:USDT,0.03411,42.0,0.0341,342.0,0.03413,24.0,0.03414,118.0
1753533068868,12:31:08.868,ATH/USDT:USDT,0.03411,44.0,0.0341,66.0,0.03413,22.0,0.03414,118.0
1753533069118,12:31:09.118,ATH/USDT:USDT,0.03411,42.0,0.0341,66.0,0.03414,118.0,0.03415,155.0
1753533069167,12:31:09.167,ATH/USDT:USDT,0.03411,42.0,0.0341,66.0,0.03414,118.0,0.03415,155.0
1753533069796,12:31:09.796,ATH/USDT:USDT,0.03411,42.0,0.0341,106.0,0.03414,118.0,0.03415,155.0
1753533070006,12:31:10.006,ATH/USDT:USDT,0.03411,42.0,0.0341,106.0,0.03414,118.0,0.03415,155.0
1753533071118,12:31:11.118,ATH/USDT:USDT,0.03411,42.0,0.0341,106.0,0.03414,118.0,0.03415,155.0
1753533071618,12:31:11.618,ATH/USDT:USDT,0.03411,42.0,0.0341,106.0,0.03414,118.0,0.03415,155.0
1753533071917,12:31:11.917,ATH/USDT:USDT,0.03411,42.0,0.0341,106.0,0.03414,118.0,0.03415,155.0
1753533071956,12:31:11.956,ATH/USDT:USDT,0.03411,42.0,0.0341,106.0,0.03414,118.0,0.03415,155.0
1753533073897,12:31:13.897,ATH/USDT:USDT,0.03411,42.0,0.0341,106.0,0.03414,61.0,0.03415,155.0
1753533074808,12:31:14.808,ATH/USDT:USDT,0.03411,42.0,0.0341,297.0,0.03414,61.0,0.03415,155.0
1753533075979,12:31:15.979,ATH/USDT:USDT,0.03411,42.0,0.0341,297.0,0.03414,61.0,0.03415,155.0
1753533076114,12:31:16.114,ATH/USDT:USDT,0.03411,42.0,0.0341,297.0,0.03414,61.0,0.03415,155.0
1753533078014,12:31:18.014,ATH/USDT:USDT,0.03411,70.0,0.0341,297.0,0.03414,61.0,0.03415,155.0
1753533078123,12:31:18.123,ATH/USDT:USDT,0.03411,70.0,0.0341,297.0,0.03414,61.0,0.03415,62.0
1753533078161,12:31:18.161,ATH/USDT:USDT,0.03411,70.0,0.0341,297.0,0.03414,61.0,0.03415,62.0
1753533078321,12:31:18.321,ATH/USDT:USDT,0.03411,70.0,0.0341,319.0,0.03414,61.0,0.03415,62.0
1753533078327,12:31:18.327,ATH/USDT:USDT,0.03411,70.0,0.0341,319.0,0.03414,61.0,0.03415,62.0
1753533079007,12:31:19.007,ATH/USDT:USDT,0.03411,70.0,0.0341,319.0,0.03414,61.0,0.03415,62.0
1753533080067,12:31:20.067,ATH/USDT:USDT,0.03411,70.0,0.0341,319.0,0.03414,61.0,0.03415,62.0
1753533081007,12:31:21.007,ATH/USDT:USDT,0.03411,70.0,0.0341,319.0,0.03414,61.0,0.03415,62.0
1753533081164,12:31:21.164,ATH/USDT:USDT,0.03411,70.0,0.0341,319.0,0.03414,61.0,0.03415,62.0
1753533081722,12:31:21.722,ATH/USDT:USDT,0.03411,70.0,0.0341,297.0,0.03414,61.0,0.03415,62.0
1753533081727,12:31:21.727,ATH/USDT:USDT,0.03411,70.0,0.0341,297.0,0.03414,61.0,0.03415,62.0
1753533082188,12:31:22.188,ATH/USDT:USDT,0.03411,70.0,0.0341,297.0,0.03414,61.0,0.03415,62.0
1753533082230,12:31:22.230,ATH/USDT:USDT,0.03411,70.0,0.0341,297.0,0.03414,61.0,0.03415,90.0
1753533082385,12:31:22.385,ATH/USDT:USDT,0.03411,40.0,0.0341,297.0,0.03413,25.0,0.03414,61.0
1753533082494,12:31:22.494,ATH/USDT:USDT,0.03411,40.0,0.0341,297.0,0.03413,25.0,0.03414,61.0
1753533084007,12:31:24.007,ATH/USDT:USDT,0.03411,40.0,0.0341,297.0,0.03413,25.0,0.03414,61.0
1753533084142,12:31:24.142,ATH/USDT:USDT,0.03411,40.0,0.0341,297.0,0.03413,25.0,0.03414,61.0
1753533085121,12:31:25.121,ATH/USDT:USDT,0.03411,42.0,0.0341,297.0,0.03413,23.0,0.03414,61.0
1753533085388,12:31:25.388,ATH/USDT:USDT,0.03411,40.0,0.0341,297.0,0.03413,25.0,0.03414,61.0
1753533087149,12:31:27.149,ATH/USDT:USDT,0.03411,40.0,0.0341,297.0,0.03413,25.0,0.03414,61.0
1753533089003,12:31:29.003,ATH/USDT:USDT,0.03411,40.0,0.0341,297.0,0.03413,25.0,0.03414,61.0
1753533090408,12:31:30.408,ATH/USDT:USDT,0.03411,40.0,0.0341,297.0,0.03413,25.0,0.03414,119.0
1753533091394,12:31:31.394,ATH/USDT:USDT,0.03411,40.0,0.0341,297.0,0.03413,25.0,0.03414,119.0
1753533091517,12:31:31.517,ATH/USDT:USDT,0.03411,40.0,0.0341,297.0,0.03413,25.0,0.03414,119.0
1753533091793,12:31:31.793,ATH/USDT:USDT,0.03411,40.0,0.0341,297.0,0.03413,25.0,0.03414,119.0
1753533092003,12:31:32.003,ATH/USDT:USDT,0.03411,40.0,0.0341,297.0,0.03413,25.0,0.03414,119.0
1753533092100,12:31:32.100,ATH/USDT:USDT,0.03411,40.0,0.0341,297.0,0.03413,25.0,0.03414,119.0
1753533093003,12:31:33.003,ATH/USDT:USDT,0.03411,40.0,0.0341,297.0,0.03413,25.0,0.03414,119.0
1753533093621,12:31:33.621,ATH/USDT:USDT,0.03411,40.0,0.0341,297.0,0.03413,25.0,0.03414,119.0
1753533093719,12:31:33.719,ATH/USDT:USDT,0.03411,40.0,0.0341,297.0,0.03413,4.0,0.03414,119.0
1753533093745,12:31:33.745,ATH/USDT:USDT,0.03411,42.0,0.0341,297.0,0.03414,61.0,0.03415,90.0
1753533093871,12:31:33.871,ATH/USDT:USDT,0.03411,42.0,0.0341,297.0,0.03414,61.0,0.03415,90.0
1753533094004,12:31:34.004,ATH/USDT:USDT,0.03411,42.0,0.0341,297.0,0.03414,61.0,0.03415,90.0
1753533094285,12:31:34.285,ATH/USDT:USDT,0.03411,42.0,0.0341,297.0,0.03414,61.0,0.03415,90.0
1753533095511,12:31:35.511,ATH/USDT:USDT,0.03411,70.0,0.0341,297.0,0.03414,61.0,0.03415,62.0
1753533095610,12:31:35.610,ATH/USDT:USDT,0.03411,70.0,0.0341,297.0,0.03414,61.0,0.03415,62.0
1753533096004,12:31:36.004,ATH/USDT:USDT,0.03411,70.0,0.0341,297.0,0.03414,61.0,0.03415,62.0
1753533096028,12:31:36.028,ATH/USDT:USDT,0.03411,70.0,0.0341,297.0,0.03414,61.0,0.03415,62.0
1753533096247,12:31:36.247,ATH/USDT:USDT,0.03411,70.0,0.0341,319.0,0.03414,61.0,0.03415,62.0
1753533099242,12:31:39.242,ATH/USDT:USDT,0.03411,70.0,0.0341,319.0,0.03414,61.0,0.03415,62.0
1753533099523,12:31:39.523,ATH/USDT:USDT,0.03411,70.0,0.0341,353.0,0.03414,61.0,0.03415,62.0
1753533099587,12:31:39.587,ATH/USDT:USDT,0.03411,70.0,0.0341,375.0,0.03414,61.0,0.03415,62.0
1753533102006,12:31:42.006,ATH/USDT:USDT,0.03411,70.0,0.0341,375.0,0.03414,61.0,0.03415,62.0
1753533105559,12:31:45.559,ATH/USDT:USDT,0.03411,70.0,0.0341,375.0,0.03414,61.0,0.03415,62.0
1753533106586,12:31:46.586,ATH/USDT:USDT,0.03411,70.0,0.0341,375.0,0.03414,61.0,0.03415,62.0
1753533106716,12:31:46.716,ATH/USDT:USDT,0.03411,246.0,0.0341,375.0,0.03414,40.0,0.03415,62.0
1753533106768,12:31:46.768,ATH/USDT:USDT,0.03411,246.0,0.0341,396.0,0.03414,40.0,0.03415,62.0
1753533106918,12:31:46.918,ATH/USDT:USDT,0.03411,70.0,0.0341,396.0,0.03414,40.0,0.03415,62.0
1753533109596,12:31:49.596,ATH/USDT:USDT,0.03411,205.0,0.0341,634.0,0.03414,40.0,0.03415,62.0
1753533110768,12:31:50.768,ATH/USDT:USDT,0.03411,205.0,0.0341,634.0,0.03414,40.0,0.03415,62.0
1753533113778,12:31:53.778,ATH/USDT:USDT,0.03411,205.0,0.0341,634.0,0.03414,40.0,0.03415,62.0
1753533117419,12:31:57.419,ATH/USDT:USDT,0.03411,205.0,0.0341,634.0,0.03414,40.0,0.03415,62.0
1753533117919,12:31:57.919,ATH/USDT:USDT,0.03411,205.0,0.0341,722.0,0.03414,40.0,0.03415,62.0
1753533119476,12:31:59.476,ATH/USDT:USDT,0.03411,205.0,0.0341,722.0,0.03414,61.0,0.03415,62.0
1753533119611,12:31:59.611,ATH/USDT:USDT,0.03411,205.0,0.0341,722.0,0.03414,61.0,0.03415,62.0
1753533119702,12:31:59.702,ATH/USDT:USDT,0.03411,203.0,0.0341,722.0,0.03414,61.0,0.03415,62.0
1753533119728,12:31:59.728,ATH/USDT:USDT,0.03411,203.0,0.0341,722.0,0.03414,61.0,0.03415,62.0
1753533122731,12:32:02.731,ATH/USDT:USDT,0.03411,203.0,0.0341,722.0,0.03414,61.0,0.03415,62.0
1753533131913,12:32:11.913,ATH/USDT:USDT,0.03411,40.0,0.0341,396.0,0.03414,61.0,0.03415,90.0
1753533132006,12:32:12.006,ATH/USDT:USDT,0.03411,40.0,0.0341,396.0,0.03414,61.0,0.03415,90.0
1753533132087,12:32:12.087,ATH/USDT:USDT,0.03411,40.0,0.0341,396.0,0.03414,61.0,0.03415,90.0
1753533133006,12:32:13.006,ATH/USDT:USDT,0.03411,40.0,0.0341,396.0,0.03414,61.0,0.03415,90.0
1753533133028,12:32:13.028,ATH/USDT:USDT,0.03411,40.0,0.0341,396.0,0.03414,61.0,0.03415,90.0
1753533133367,12:32:13.367,ATH/USDT:USDT,0.03411,40.0,0.0341,396.0,0.03414,61.0,0.03415,90.0
1753533134013,12:32:14.013,ATH/USDT:USDT,0.03411,40.0,0.0341,396.0,0.03414,61.0,0.03415,90.0
1753533134067,12:32:14.067,ATH/USDT:USDT,0.03411,40.0,0.0341,396.0,0.03414,61.0,0.03415,90.0
1753533134391,12:32:14.391,ATH/USDT:USDT,0.03411,68.0,0.0341,396.0,0.03414,61.0,0.03415,90.0
1753533134591,12:32:14.591,ATH/USDT:USDT,0.03411,68.0,0.0341,396.0,0.03414,61.0,0.03415,62.0
1753533135006,12:32:15.006,ATH/USDT:USDT,0.03411,68.0,0.0341,396.0,0.03414,61.0,0.03415,62.0
1753533135867,12:32:15.867,ATH/USDT:USDT,0.03411,68.0,0.0341,396.0,0.03414,61.0,0.03415,62.0
1753533139108,12:32:19.108,ATH/USDT:USDT,0.03411,203.0,0.0341,634.0,0.03414,61.0,0.03415,62.0
1753533140218,12:32:20.218,ATH/USDT:USDT,0.03411,379.0,0.0341,634.0,0.03414,40.0,0.03415,62.0
1753533140268,12:32:20.268,ATH/USDT:USDT,0.03412,4.0,0.03411,203.0,0.03414,40.0,0.03415,62.0
1753533141024,12:32:21.024,ATH/USDT:USDT,0.03412,4.0,0.03411,203.0,0.03414,40.0,0.03415,62.0
1753533141024,12:32:21.024,ATH/USDT:USDT,0.03412,4.0,0.03411,203.0,0.03414,40.0,0.03415,62.0
1753533148446,12:32:28.446,ATH/USDT:USDT,0.03411,203.0,0.0341,594.0,0.03414,40.0,0.03415,62.0
1753533148651,12:32:28.651,ATH/USDT:USDT,0.03411,203.0,0.0341,594.0,0.03414,62.0,0.03415,62.0
1753533154036,12:32:34.036,ATH/USDT:USDT,0.03411,203.0,0.0341,594.0,0.03414,62.0,0.03415,62.0
1753533170085,12:32:50.085,ATH/USDT:USDT,0.03411,203.0,0.0341,594.0,0.03414,62.0,0.03415,62.0
1753533173207,12:32:53.207,ATH/USDT:USDT,0.03411,175.0,0.0341,594.0,0.03414,62.0,0.03415,90.0
1753533173248,12:32:53.248,ATH/USDT:USDT,0.03411,146.0,0.0341,538.0,0.03414,62.0,0.03415,90.0
1753533173387,12:32:53.387,ATH/USDT:USDT,0.03411,62.0,0.0341,538.0,0.03414,62.0,0.03415,90.0
1753533173567,12:32:53.567,ATH/USDT:USDT,0.03411,62.0,0.0341,538.0,0.03414,62.0,0.03415,90.0
1753533174007,12:32:54.007,ATH/USDT:USDT,0.03411,146.0,0.0341,538.0,0.03414,62.0,0.03415,90.0
1753533175121,12:32:55.121,ATH/USDT:USDT,0.03411,146.0,0.0341,538.0,0.03414,62.0,0.03415,90.0
1753533175156,12:32:55.156,ATH/USDT:USDT,0.03411,146.0,0.0341,538.0,0.03414,62.0,0.03415,90.0
1753533176167,12:32:56.167,ATH/USDT:USDT,0.03411,40.0,0.0341,300.0,0.03414,62.0,0.03415,90.0
1753533178307,12:32:58.307,ATH/USDT:USDT,0.03411,40.0,0.0341,300.0,0.03414,62.0,0.03415,90.0
1753533178367,12:32:58.367,ATH/USDT:USDT,0.03411,40.0,0.0341,300.0,0.03414,62.0,0.03415,90.0
1753533180075,12:33:00.075,ATH/USDT:USDT,0.03411,40.0,0.0341,300.0,0.03414,62.0,0.03415,90.0
1753533181967,12:33:01.967,ATH/USDT:USDT,0.03411,40.0,0.0341,300.0,0.03414,62.0,0.03415,90.0
1753533187954,12:33:07.954,ATH/USDT:USDT,0.03411,40.0,0.0341,358.0,0.03414,62.0,0.03415,90.0
1753533191020,12:33:11.020,ATH/USDT:USDT,0.03411,90.0,0.0341,358.0,0.03414,62.0,0.03415,62.0
1753533191033,12:33:11.033,ATH/USDT:USDT,0.03411,90.0,0.0341,358.0,0.03414,62.0,0.03415,62.0
1753533191305,12:33:11.305,ATH/USDT:USDT,0.03411,90.0,0.0341,358.0,0.03414,40.0,0.03415,62.0
1753533193547,12:33:13.547,ATH/USDT:USDT,0.03411,90.0,0.0341,358.0,0.03414,40.0,0.03415,62.0
1753533193758,12:33:13.758,ATH/USDT:USDT,0.03411,68.0,0.0341,358.0,0.03414,62.0,0.03415,62.0
1753533206121,12:33:26.121,ATH/USDT:USDT,0.03411,89.0,0.0341,507.0,0.03414,40.0,0.03415,62.0
1753533206128,12:33:26.128,ATH/USDT:USDT,0.03411,164.0,0.0341,507.0,0.03414,40.0,0.03415,62.0
1753533206367,12:33:26.367,ATH/USDT:USDT,0.03411,164.0,0.0341,507.0,0.03414,40.0,0.03415,62.0
1753533207008,12:33:27.008,ATH/USDT:USDT,0.03411,248.0,0.0341,745.0,0.03414,40.0,0.03415,62.0
1753533207027,12:33:27.027,ATH/USDT:USDT,0.03411,248.0,0.0341,745.0,0.03414,40.0,0.03415,62.0
1753533208967,12:33:28.967,ATH/USDT:USDT,0.03412,4.0,0.03411,248.0,0.03414,40.0,0.03415,62.0
1753533209047,12:33:29.047,ATH/USDT:USDT,0.03412,4.0,0.03411,186.0,0.03414,40.0,0.03415,62.0
1753533209224,12:33:29.224,ATH/USDT:USDT,0.03412,44.0,0.03411,186.0,0.03414,40.0,0.03415,62.0
1753533209378,12:33:29.378,ATH/USDT:USDT,0.03412,44.0,0.03411,186.0,0.03414,40.0,0.03415,62.0
1753533211187,12:33:31.187,ATH/USDT:USDT,0.03412,44.0,0.03411,186.0,0.03414,40.0,0.03415,62.0
1753533211309,12:33:31.309,ATH/USDT:USDT,0.03412,44.0,0.03411,186.0,0.03414,40.0,0.03415,62.0
1753533212002,12:33:32.002,ATH/USDT:USDT,0.03412,44.0,0.03411,186.0,0.03414,40.0,0.03415,62.0
1753533212324,12:33:32.324,ATH/USDT:USDT,0.03412,44.0,0.03411,186.0,0.03414,40.0,0.03415,62.0
1753533212328,12:33:32.328,ATH/USDT:USDT,0.03412,44.0,0.03411,186.0,0.03414,40.0,0.03415,62.0
1753533213007,12:33:33.007,ATH/USDT:USDT,0.03412,44.0,0.03411,186.0,0.03414,40.0,0.03415,62.0
1753533216478,12:33:36.478,ATH/USDT:USDT,0.03412,44.0,0.03411,186.0,0.03414,40.0,0.03415,62.0
1753533219097,12:33:39.097,ATH/USDT:USDT,0.03412,44.0,0.03411,186.0,0.03414,40.0,0.03415,62.0
1753533219704,12:33:39.704,ATH/USDT:USDT,0.03412,44.0,0.03411,186.0,0.03414,40.0,0.03415,62.0
1753533219747,12:33:39.747,ATH/USDT:USDT,0.03412,44.0,0.03411,186.0,0.03414,40.0,0.03415,62.0
1753533220005,12:33:40.005,ATH/USDT:USDT,0.03412,44.0,0.03411,186.0,0.03414,40.0,0.03415,62.0
1753533220172,12:33:40.172,ATH/USDT:USDT,0.03412,44.0,0.03411,186.0,0.03414,40.0,0.03415,62.0
1753533220385,12:33:40.385,ATH/USDT:USDT,0.03412,44.0,0.03411,186.0,0.03414,40.0,0.03415,62.0
1753533220694,12:33:40.694,ATH/USDT:USDT,0.03412,104.0,0.03411,274.0,0.03414,40.0,0.03415,62.0
1753533222007,12:33:42.007,ATH/USDT:USDT,0.03412,104.0,0.03411,274.0,0.03414,40.0,0.03415,62.0
1753533223502,12:33:43.502,ATH/USDT:USDT,0.03412,104.0,0.03411,274.0,0.03414,40.0,0.03415,62.0
1753533224287,12:33:44.287,ATH/USDT:USDT,0.03412,104.0,0.03411,274.0,0.03414,40.0,0.03415,62.0
1753533224709,12:33:44.709,ATH/USDT:USDT,0.03412,104.0,0.03411,274.0,0.03414,40.0,0.03415,62.0
1753533224727,12:33:44.727,ATH/USDT:USDT,0.03412,104.0,0.03411,274.0,0.03414,40.0,0.03415,62.0
1753533225147,12:33:45.147,ATH/USDT:USDT,0.03412,104.0,0.03411,274.0,0.03414,40.0,0.03415,62.0
1753533227005,12:33:47.005,ATH/USDT:USDT,0.03412,104.0,0.03411,274.0,0.03414,40.0,0.03415,62.0
1753533227027,12:33:47.027,ATH/USDT:USDT,0.03412,104.0,0.03411,274.0,0.03414,40.0,0.03415,62.0
1753533227395,12:33:47.395,ATH/USDT:USDT,0.03412,104.0,0.03411,274.0,0.03414,40.0,0.03415,62.0
1753533228424,12:33:48.424,ATH/USDT:USDT,0.03412,302.0,0.03411,314.0,0.03415,40.0,0.03416,62.0
1753533228447,12:33:48.447,ATH/USDT:USDT,0.03412,280.0,0.03411,274.0,0.03415,40.0,0.03416,62.0
1753533231648,12:33:51.648,ATH/USDT:USDT,0.03412,280.0,0.03411,274.0,0.03415,62.0,0.03416,62.0
1753533232003,12:33:52.003,ATH/USDT:USDT,0.03412,280.0,0.03411,274.0,0.03415,62.0,0.03416,62.0
1753533232569,12:33:52.569,ATH/USDT:USDT,0.03412,280.0,0.03411,274.0,0.03415,62.0,0.03416,62.0
1753533233112,12:33:53.112,ATH/USDT:USDT,0.03412,100.0,0.03411,274.0,0.03415,62.0,0.03416,62.0
1753533233167,12:33:53.167,ATH/USDT:USDT,0.03412,40.0,0.03411,186.0,0.03415,62.0,0.03416,62.0
1753533234007,12:33:54.007,ATH/USDT:USDT,0.03412,40.0,0.03411,186.0,0.03415,62.0,0.03416,62.0
1753533235287,12:33:55.287,ATH/USDT:USDT,0.03412,40.0,0.03411,186.0,0.03415,62.0,0.03416,62.0
1753533236004,12:33:56.004,ATH/USDT:USDT,0.03412,40.0,0.03411,186.0,0.03415,62.0,0.03416,62.0
1753533236027,12:33:56.027,ATH/USDT:USDT,0.03412,40.0,0.03411,186.0,0.03415,62.0,0.03416,62.0
1753533236164,12:33:56.164,ATH/USDT:USDT,0.03412,40.0,0.03411,186.0,0.03415,62.0,0.03416,62.0
1753533239585,12:33:59.585,ATH/USDT:USDT,0.03412,40.0,0.03411,186.0,0.03415,62.0,0.03416,120.0
1753533243667,12:34:03.667,ATH/USDT:USDT,0.03412,40.0,0.03411,186.0,0.03415,62.0,0.03416,120.0
1753533244005,12:34:04.005,ATH/USDT:USDT,0.03412,40.0,0.03411,186.0,0.03415,62.0,0.03416,120.0
1753533244027,12:34:04.027,ATH/USDT:USDT,0.03412,40.0,0.03411,186.0,0.03415,62.0,0.03416,120.0
1753533251375,12:34:11.375,ATH/USDT:USDT,0.03412,40.0,0.03411,186.0,0.03415,62.0,0.03416,120.0
1753533257045,12:34:17.045,ATH/USDT:USDT,0.03412,40.0,0.03411,186.0,0.03415,62.0,0.03416,120.0
1753533258005,12:34:18.005,ATH/USDT:USDT,0.03412,40.0,0.03411,186.0,0.03415,62.0,0.03416,120.0
1753533258320,12:34:18.320,ATH/USDT:USDT,0.03412,232.0,0.03411,164.0,0.03415,62.0,0.03416,62.0
1753533258405,12:34:18.405,ATH/USDT:USDT,0.03412,408.0,0.03411,252.0,0.03415,62.0,0.03416,62.0
1753533258489,12:34:18.489,ATH/USDT:USDT,0.03412,408.0,0.03411,252.0,0.03415,40.0,0.03416,62.0
1753533258601,12:34:18.601,ATH/USDT:USDT,0.03412,232.0,0.03411,252.0,0.03415,40.0,0.03416,62.0
1753533259006,12:34:19.006,ATH/USDT:USDT,0.03412,232.0,0.03411,252.0,0.03415,40.0,0.03416,62.0
1753533259028,12:34:19.028,ATH/USDT:USDT,0.03412,232.0,0.03411,252.0,0.03415,40.0,0.03416,62.0
1753533260515,12:34:20.515,ATH/USDT:USDT,0.03413,142.0,0.03412,232.0,0.03416,62.0,0.03417,90.0
1753533260619,12:34:20.619,ATH/USDT:USDT,0.03413,142.0,0.03412,232.0,0.03416,62.0,0.03417,90.0
1753533260652,12:34:20.652,ATH/USDT:USDT,0.03413,142.0,0.03412,232.0,0.03416,62.0,0.03417,90.0
1753533260901,12:34:20.901,ATH/USDT:USDT,0.03413,142.0,0.03412,232.0,0.03416,62.0,0.03417,90.0
1753533261408,12:34:21.408,ATH/USDT:USDT,0.03413,142.0,0.03412,232.0,0.03416,62.0,0.03417,90.0
1753533261493,12:34:21.493,ATH/USDT:USDT,0.03413,142.0,0.03412,232.0,0.03416,62.0,0.03417,62.0
1753533261555,12:34:21.555,ATH/USDT:USDT,0.03413,142.0,0.03412,232.0,0.03416,62.0,0.03417,62.0
1753533262007,12:34:22.007,ATH/USDT:USDT,0.03413,142.0,0.03412,232.0,0.03416,62.0,0.03417,62.0
1753533262528,12:34:22.528,ATH/USDT:USDT,0.03413,142.0,0.03412,232.0,0.03416,62.0,0.03417,62.0
1753533262761,12:34:22.761,ATH/USDT:USDT,0.03413,142.0,0.03412,232.0,0.03416,62.0,0.03417,62.0
1753533263104,12:34:23.104,ATH/USDT:USDT,0.03413,142.0,0.03412,232.0,0.03416,62.0,0.03417,62.0
1753533264465,12:34:24.465,ATH/USDT:USDT,0.03413,142.0,0.03412,232.0,0.03416,62.0,0.03417,62.0
1753533265531,12:34:25.531,ATH/USDT:USDT,0.03413,142.0,0.03412,232.0,0.03416,62.0,0.03417,62.0
1753533265777,12:34:25.777,ATH/USDT:USDT,0.03413,142.0,0.03412,290.0,0.03416,62.0,0.03417,62.0
1753533266862,12:34:26.862,ATH/USDT:USDT,0.03413,158.0,0.03412,290.0,0.03416,62.0,0.03417,62.0
1753533266961,12:34:26.961,ATH/USDT:USDT,0.03413,158.0,0.03412,290.0,0.03416,62.0,0.03417,62.0
1753533267719,12:34:27.719,ATH/USDT:USDT,0.03413,158.0,0.03412,290.0,0.03415,24.0,0.03416,62.0
1753533267805,12:34:27.805,ATH/USDT:USDT,0.03413,156.0,0.03412,290.0,0.03415,24.0,0.03416,62.0
1753533267927,12:34:27.927,ATH/USDT:USDT,0.03413,128.0,0.03412,290.0,0.03415,24.0,0.03416,62.0
1753533268084,12:34:28.084,ATH/USDT:USDT,0.03413,130.0,0.03412,290.0,0.03415,22.0,0.03416,62.0
1753533268180,12:34:28.180,ATH/USDT:USDT,0.03413,130.0,0.03412,290.0,0.03415,22.0,0.03416,62.0
1753533270004,12:34:30.004,ATH/USDT:USDT,0.03413,130.0,0.03412,290.0,0.03415,22.0,0.03416,62.0
1753533271117,12:34:31.117,ATH/USDT:USDT,0.03413,130.0,0.03412,290.0,0.03415,22.0,0.03416,62.0
1753533271347,12:34:31.347,ATH/USDT:USDT,0.03413,130.0,0.03412,290.0,0.03415,22.0,0.03416,62.0
1753533271641,12:34:31.641,ATH/USDT:USDT,0.03413,58.0,0.03412,290.0,0.03415,22.0,0.03416,62.0
1753533271732,12:34:31.732,ATH/USDT:USDT,0.03413,147.0,0.03412,290.0,0.03415,22.0,0.03416,62.0
1753533275561,12:34:35.561,ATH/USDT:USDT,0.03413,147.0,0.03412,290.0,0.03415,22.0,0.03416,62.0
1753533275829,12:34:35.829,ATH/USDT:USDT,0.03413,147.0,0.03412,290.0,0.03415,22.0,0.03416,62.0
1753533278563,12:34:38.563,ATH/USDT:USDT,0.03413,147.0,0.03412,290.0,0.03415,22.0,0.03416,62.0
1753533280925,12:34:40.925,ATH/USDT:USDT,0.03413,145.0,0.03412,269.0,0.03415,24.0,0.03416,62.0
1753533281008,12:34:41.008,ATH/USDT:USDT,0.03413,16.0,0.03411,71.0,0.03415,26.0,0.03416,62.0
1753533281287,12:34:41.287,ATH/USDT:USDT,0.03413,16.0,0.03411,166.0,0.03415,26.0,0.03416,62.0
1753533281411,12:34:41.411,ATH/USDT:USDT,0.03413,16.0,0.03412,40.0,0.03415,26.0,0.03416,62.0
1753533281514,12:34:41.514,ATH/USDT:USDT,0.03413,16.0,0.03412,62.0,0.03415,26.0,0.03416,62.0
1753533281636,12:34:41.636,ATH/USDT:USDT,0.03413,16.0,0.03412,62.0,0.03415,24.0,0.03416,62.0
1753533281845,12:34:41.845,ATH/USDT:USDT,0.03413,16.0,0.03412,62.0,0.03415,26.0,0.03416,62.0
1753533283143,12:34:43.143,ATH/USDT:USDT,0.03413,16.0,0.03412,62.0,0.03415,24.0,0.03416,62.0
1753533283485,12:34:43.485,ATH/USDT:USDT,0.03413,16.0,0.03412,62.0,0.03415,24.0,0.03416,62.0
1753533286317,12:34:46.317,ATH/USDT:USDT,0.03413,16.0,0.03412,62.0,0.03415,26.0,0.03416,62.0
1753533289004,12:34:49.004,ATH/USDT:USDT,0.03413,16.0,0.03412,62.0,0.03415,26.0,0.03416,62.0
1753533289104,12:34:49.104,ATH/USDT:USDT,0.03413,16.0,0.03412,62.0,0.03415,24.0,0.03416,62.0
1753533289138,12:34:49.138,ATH/USDT:USDT,0.03413,18.0,0.03412,62.0,0.03415,24.0,0.03416,62.0
1753533289512,12:34:49.512,ATH/USDT:USDT,0.03413,16.0,0.03412,62.0,0.03415,26.0,0.03416,62.0
1753533292011,12:34:52.011,ATH/USDT:USDT,0.03413,18.0,0.03412,62.0,0.03415,24.0,0.03416,62.0
1753533295140,12:34:55.140,ATH/USDT:USDT,0.03413,18.0,0.03412,62.0,0.03415,22.0,0.03416,62.0
1753533295247,12:34:55.247,ATH/USDT:USDT,0.03413,18.0,0.03412,62.0,0.03415,24.0,0.03416,62.0
1753533295500,12:34:55.500,ATH/USDT:USDT,0.03413,18.0,0.03412,62.0,0.03415,22.0,0.03416,62.0
1753533295622,12:34:55.622,ATH/USDT:USDT,0.03413,18.0,0.03412,62.0,0.03415,24.0,0.03416,62.0
1753533296552,12:34:56.552,ATH/USDT:USDT,0.03413,41.0,0.03412,233.0,0.03416,62.0,0.03417,90.0
1753533297007,12:34:57.007,ATH/USDT:USDT,0.03413,111.0,0.03412,233.0,0.03416,62.0,0.03417,90.0
1753533299396,12:34:59.396,ATH/USDT:USDT,0.03413,111.0,0.03412,233.0,0.03416,62.0,0.03417,90.0
1753533300722,12:35:00.722,ATH/USDT:USDT,0.03413,139.0,0.03412,233.0,0.03416,62.0,0.03417,90.0
1753533300727,12:35:00.727,ATH/USDT:USDT,0.03413,139.0,0.03412,233.0,0.03416,62.0,0.03417,90.0
1753533301540,12:35:01.540,ATH/USDT:USDT,0.03413,118.0,0.03412,233.0,0.03416,62.0,0.03417,90.0
1753533304039,12:35:04.039,ATH/USDT:USDT,0.03413,118.0,0.03412,291.0,0.03416,62.0,0.03417,90.0
1753533313407,12:35:13.407,ATH/USDT:USDT,0.03413,118.0,0.03412,291.0,0.03415,22.0,0.03416,62.0
1753533318362,12:35:18.362,ATH/USDT:USDT,0.03413,118.0,0.03412,291.0,0.03416,62.0,0.03417,90.0
1753533319007,12:35:19.007,ATH/USDT:USDT,0.03413,116.0,0.03412,291.0,0.03416,62.0,0.03417,90.0
1753533319145,12:35:19.145,ATH/USDT:USDT,0.03413,88.0,0.03412,291.0,0.03416,62.0,0.03417,90.0
1753533327187,12:35:27.187,ATH/USDT:USDT,0.03413,90.0,0.03412,291.0,0.03415,22.0,0.03416,62.0
1753533329587,12:35:29.587,ATH/USDT:USDT,0.03413,86.0,0.03412,291.0,0.03415,26.0,0.03416,62.0
1753533329666,12:35:29.666,ATH/USDT:USDT,0.03413,90.0,0.03412,291.0,0.03415,26.0,0.03416,62.0
1753533329985,12:35:29.985,ATH/USDT:USDT,0.03413,88.0,0.03412,291.0,0.03415,26.0,0.03416,62.0
1753533331202,12:35:31.202,ATH/USDT:USDT,0.03413,90.0,0.03412,291.0,0.03415,22.0,0.03416,62.0
1753533336744,12:35:36.744,ATH/USDT:USDT,0.03413,20.0,0.03412,291.0,0.03415,22.0,0.03416,62.0
1753533336827,12:35:36.827,ATH/USDT:USDT,0.03413,107.0,0.03412,291.0,0.03415,22.0,0.03416,62.0
1753533338302,12:35:38.302,ATH/USDT:USDT,0.03413,107.0,0.03412,291.0,0.03416,62.0,0.03417,90.0
1753533338391,12:35:38.391,ATH/USDT:USDT,0.03413,311.0,0.03412,291.0,0.03416,62.0,0.03417,90.0
1753533341005,12:35:41.005,ATH/USDT:USDT,0.03413,311.0,0.03412,291.0,0.03416,62.0,0.03417,90.0
1753533341027,12:35:41.027,ATH/USDT:USDT,0.03413,311.0,0.03412,291.0,0.03416,62.0,0.03417,90.0
1753533341428,12:35:41.428,ATH/USDT:USDT,0.03413,311.0,0.03412,291.0,0.03416,62.0,0.03417,90.0
1753533345453,12:35:45.453,ATH/USDT:USDT,0.03413,311.0,0.03412,291.0,0.03416,62.0,0.03417,90.0
1753533347094,12:35:47.094,ATH/USDT:USDT,0.03413,309.0,0.03412,291.0,0.03416,62.0,0.03417,90.0
1753533347189,12:35:47.189,ATH/USDT:USDT,0.03413,135.0,0.03412,291.0,0.03415,21.0,0.03416,62.0
1753533349179,12:35:49.179,ATH/USDT:USDT,0.03413,135.0,0.03412,291.0,0.03415,21.0,0.03416,62.0
1753533349490,12:35:49.490,ATH/USDT:USDT,0.03413,135.0,0.03412,291.0,0.03415,21.0,0.03416,62.0
1753533350480,12:35:50.480,ATH/USDT:USDT,0.03413,223.0,0.03412,291.0,0.03415,21.0,0.03416,62.0
1753533350556,12:35:50.556,ATH/USDT:USDT,0.03413,311.0,0.03412,291.0,0.03416,62.0,0.03417,90.0
1753533350708,12:35:50.708,ATH/USDT:USDT,0.03413,311.0,0.03412,291.0,0.03416,62.0,0.03417,90.0
1753533351007,12:35:51.007,ATH/USDT:USDT,0.03413,311.0,0.03412,291.0,0.03416,62.0,0.03417,90.0
1753533360911,12:36:00.911,ATH/USDT:USDT,0.03413,333.0,0.03412,342.0,0.03416,62.0,0.03417,62.0
1753533361289,12:36:01.289,ATH/USDT:USDT,0.03414,2.0,0.03413,176.0,0.03416,40.0,0.03417,62.0
1753533361588,12:36:01.588,ATH/USDT:USDT,0.03414,2.0,0.03413,176.0,0.03416,42.0,0.03417,62.0
1753533361819,12:36:01.819,ATH/USDT:USDT,0.03414,23.0,0.03413,176.0,0.03416,42.0,0.03417,62.0
1753533361861,12:36:01.861,ATH/USDT:USDT,0.03414,23.0,0.03413,160.0,0.03416,42.0,0.03417,62.0
1753533361927,12:36:01.927,ATH/USDT:USDT,0.03414,23.0,0.03413,160.0,0.03416,42.0,0.03417,62.0
1753533362060,12:36:02.060,ATH/USDT:USDT,0.03414,23.0,0.03413,160.0,0.03416,40.0,0.03417,62.0
1753533362188,12:36:02.188,ATH/USDT:USDT,0.03414,23.0,0.03413,160.0,0.03416,40.0,0.03417,62.0
1753533362400,12:36:02.400,ATH/USDT:USDT,0.03414,23.0,0.03413,160.0,0.03416,40.0,0.03417,62.0
1753533362715,12:36:02.715,ATH/USDT:USDT,0.03414,25.0,0.03413,158.0,0.03416,40.0,0.03417,62.0
1753533362821,12:36:02.821,ATH/USDT:USDT,0.03413,158.0,0.03412,342.0,0.03416,63.0,0.03417,62.0
1753533363234,12:36:03.234,ATH/USDT:USDT,0.03413,158.0,0.03412,342.0,0.03416,63.0,0.03417,62.0
1753533363668,12:36:03.668,ATH/USDT:USDT,0.03413,158.0,0.03412,342.0,0.03416,61.0,0.03417,62.0
1753533365419,12:36:05.419,ATH/USDT:USDT,0.03413,158.0,0.03412,342.0,0.03416,61.0,0.03417,62.0
1753533365894,12:36:05.894,ATH/USDT:USDT,0.03413,158.0,0.03412,430.0,0.03416,61.0,0.03417,62.0
1753533366861,12:36:06.861,ATH/USDT:USDT,0.03413,174.0,0.03412,430.0,0.03416,61.0,0.03417,62.0
1753533375199,12:36:15.199,ATH/USDT:USDT,0.03413,174.0,0.03412,430.0,0.03416,61.0,0.03417,62.0
1753533378885,12:36:18.885,ATH/USDT:USDT,0.03413,174.0,0.03412,430.0,0.03416,61.0,0.03417,62.0
1753533381890,12:36:21.890,ATH/USDT:USDT,0.03413,174.0,0.03412,430.0,0.03416,61.0,0.03417,62.0
1753533382829,12:36:22.829,ATH/USDT:USDT,0.03413,174.0,0.03412,430.0,0.03416,61.0,0.03417,62.0
1753533383715,12:36:23.715,ATH/USDT:USDT,0.03414,62.0,0.03413,152.0,0.03417,22.0,0.03418,79.0
1753533383814,12:36:23.814,ATH/USDT:USDT,0.03415,71.0,0.03414,62.0,0.03418,22.0,0.03419,50.0
1753533383892,12:36:23.892,ATH/USDT:USDT,0.03415,22.0,0.03414,62.0,0.03418,22.0,0.03419,50.0
1753533383934,12:36:23.934,ATH/USDT:USDT,0.03415,22.0,0.03414,62.0,0.03418,22.0,0.03419,50.0
1753533384307,12:36:24.307,ATH/USDT:USDT,0.03415,62.0,0.03414,62.0,0.03418,22.0,0.03419,90.0
1753533384886,12:36:24.886,ATH/USDT:USDT,0.03415,90.0,0.03414,62.0,0.03418,22.0,0.03419,90.0
1753533385006,12:36:25.006,ATH/USDT:USDT,0.03415,90.0,0.03414,62.0,0.03418,22.0,0.03419,90.0
1753533385099,12:36:25.099,ATH/USDT:USDT,0.03415,90.0,0.03414,62.0,0.03418,22.0,0.03419,90.0
1753533385243,12:36:25.243,ATH/USDT:USDT,0.03415,90.0,0.03414,62.0,0.03418,22.0,0.03419,90.0
1753533385504,12:36:25.504,ATH/USDT:USDT,0.03415,90.0,0.03414,62.0,0.03418,22.0,0.03419,90.0
1753533385610,12:36:25.610,ATH/USDT:USDT,0.03415,68.0,0.03414,62.0,0.03418,22.0,0.03419,90.0
1753533385682,12:36:25.682,ATH/USDT:USDT,0.03415,68.0,0.03414,62.0,0.03418,22.0,0.03419,90.0
1753533385831,12:36:25.831,ATH/USDT:USDT,0.03415,68.0,0.03414,62.0,0.03418,22.0,0.03419,90.0
1753533386705,12:36:26.705,ATH/USDT:USDT,0.03415,68.0,0.03414,62.0,0.03418,22.0,0.03419,90.0
1753533386732,12:36:26.732,ATH/USDT:USDT,0.03415,68.0,0.03414,62.0,0.03418,22.0,0.03419,90.0
1753533386863,12:36:26.863,ATH/USDT:USDT,0.03415,68.0,0.03414,62.0,0.03418,22.0,0.03419,90.0
1753533386995,12:36:26.995,ATH/USDT:USDT,0.03415,40.0,0.03414,62.0,0.03418,22.0,0.03419,90.0
1753533387127,12:36:27.127,ATH/USDT:USDT,0.03415,40.0,0.03414,62.0,0.03418,22.0,0.03419,90.0
1753533388118,12:36:28.118,ATH/USDT:USDT,0.03415,40.0,0.03414,62.0,0.03418,22.0,0.03419,90.0
1753533388213,12:36:28.213,ATH/USDT:USDT,0.03415,40.0,0.03414,62.0,0.03417,26.0,0.03418,62.0
1753533388285,12:36:28.285,ATH/USDT:USDT,0.03415,40.0,0.03414,40.0,0.03416,22.0,0.03417,26.0
1753533388343,12:36:28.343,ATH/USDT:USDT,0.03415,40.0,0.03414,40.0,0.03416,22.0,0.03417,26.0
1753533388750,12:36:28.750,ATH/USDT:USDT,0.03415,40.0,0.03414,40.0,0.03416,22.0,0.03417,26.0
1753533388942,12:36:28.942,ATH/USDT:USDT,0.03415,40.0,0.03414,40.0,0.03416,22.0,0.03417,26.0
1753533389124,12:36:29.124,ATH/USDT:USDT,0.03414,44.0,0.03413,158.0,0.03416,22.0,0.03417,24.0
1753533389215,12:36:29.215,ATH/USDT:USDT,0.03414,44.0,0.03413,158.0,0.03417,22.0,0.03418,62.0
1753533389580,12:36:29.580,ATH/USDT:USDT,0.03414,44.0,0.03413,158.0,0.03417,22.0,0.03418,62.0
1753533389735,12:36:29.735,ATH/USDT:USDT,0.03414,44.0,0.03413,158.0,0.03417,22.0,0.03418,62.0
1753533391861,12:36:31.861,ATH/USDT:USDT,0.03414,60.0,0.03413,158.0,0.03417,22.0,0.03418,62.0
1753533392004,12:36:32.004,ATH/USDT:USDT,0.03414,60.0,0.03413,158.0,0.03417,22.0,0.03418,62.0
1753533396591,12:36:36.591,ATH/USDT:USDT,0.03414,60.0,0.03413,158.0,0.03417,22.0,0.03418,62.0
1753533398439,12:36:38.439,ATH/USDT:USDT,0.03414,60.0,0.03413,158.0,0.03417,22.0,0.03418,62.0
1753533398947,12:36:38.947,ATH/USDT:USDT,0.03414,117.0,0.03413,158.0,0.03417,22.0,0.03418,62.0
1753533399187,12:36:39.187,ATH/USDT:USDT,0.03414,117.0,0.03413,245.0,0.03417,22.0,0.03418,62.0
1753533399415,12:36:39.415,ATH/USDT:USDT,0.03414,56.0,0.03413,136.0,0.03417,22.0,0.03418,62.0
1753533400088,12:36:40.088,ATH/USDT:USDT,0.03414,56.0,0.03413,136.0,0.03416,26.0,0.03417,62.0
1753533400128,12:36:40.128,ATH/USDT:USDT,0.03414,56.0,0.03413,136.0,0.03416,26.0,0.03417,62.0
1753533400471,12:36:40.471,ATH/USDT:USDT,0.03414,56.0,0.03413,136.0,0.03416,26.0,0.03417,62.0
1753533401222,12:36:41.222,ATH/USDT:USDT,0.03414,60.0,0.03413,136.0,0.03416,22.0,0.03417,62.0
1753533401287,12:36:41.287,ATH/USDT:USDT,0.03414,60.0,0.03413,136.0,0.03416,22.0,0.03417,62.0
1753533402901,12:36:42.901,ATH/USDT:USDT,0.03414,58.0,0.03413,136.0,0.03416,22.0,0.03417,62.0
1753533403005,12:36:43.005,ATH/USDT:USDT,0.03414,60.0,0.03413,136.0,0.03416,22.0,0.03417,62.0
1753533403133,12:36:43.133,ATH/USDT:USDT,0.03414,60.0,0.03413,136.0,0.03416,22.0,0.03417,62.0
1753533404569,12:36:44.569,ATH/USDT:USDT,0.03414,56.0,0.03413,136.0,0.03416,26.0,0.03417,62.0
1753533404929,12:36:44.929,ATH/USDT:USDT,0.03414,56.0,0.03413,136.0,0.03416,26.0,0.03417,62.0
1753533405768,12:36:45.768,ATH/USDT:USDT,0.03414,60.0,0.03413,136.0,0.03416,22.0,0.03417,62.0
1753533406407,12:36:46.407,ATH/USDT:USDT,0.03414,56.0,0.03413,136.0,0.03416,26.0,0.03417,62.0
1753533406480,12:36:46.480,ATH/USDT:USDT,0.03414,58.0,0.03413,136.0,0.03416,24.0,0.03417,62.0
1753533406595,12:36:46.595,ATH/USDT:USDT,0.03414,60.0,0.03413,136.0,0.03416,24.0,0.03417,62.0
1753533409025,12:36:49.025,ATH/USDT:USDT,0.03414,60.0,0.03413,136.0,0.03416,22.0,0.03417,62.0
1753533409513,12:36:49.513,ATH/USDT:USDT,0.03414,60.0,0.03413,136.0,0.03416,26.0,0.03417,62.0
1753533410152,12:36:50.152,ATH/USDT:USDT,0.03414,60.0,0.03413,136.0,0.03416,24.0,0.03417,62.0
1753533411110,12:36:51.110,ATH/USDT:USDT,0.03414,60.0,0.03413,136.0,0.03416,22.0,0.03417,62.0
1753533416893,12:36:56.893,ATH/USDT:USDT,0.03414,60.0,0.03413,136.0,0.03416,26.0,0.03417,62.0
1753533417654,12:36:57.654,ATH/USDT:USDT,0.03414,60.0,0.03413,136.0,0.03416,22.0,0.03417,62.0
1753533421314,12:37:01.314,ATH/USDT:USDT,0.03414,60.0,0.03413,136.0,0.03416,22.0,0.03417,62.0
1753533425223,12:37:05.223,ATH/USDT:USDT,0.03414,60.0,0.03413,136.0,0.03416,22.0,0.03417,62.0
1753533425227,12:37:05.227,ATH/USDT:USDT,0.03414,60.0,0.03413,136.0,0.03416,22.0,0.03417,62.0
1753533428456,12:37:08.456,ATH/USDT:USDT,0.03414,60.0,0.03413,136.0,0.03417,47.0,0.03418,119.0
1753533430509,12:37:10.509,ATH/USDT:USDT,0.03414,60.0,0.03413,136.0,0.03417,47.0,0.03418,119.0
1753533430675,12:37:10.675,ATH/USDT:USDT,0.03414,60.0,0.03413,136.0,0.03417,47.0,0.03418,119.0
1753533440685,12:37:20.685,ATH/USDT:USDT,0.03414,82.0,0.03413,136.0,0.03417,47.0,0.03418,119.0
1753533442798,12:37:22.798,ATH/USDT:USDT,0.03414,82.0,0.03413,158.0,0.03417,47.0,0.03418,119.0
1753533443057,12:37:23.057,ATH/USDT:USDT,0.03414,82.0,0.03413,158.0,0.03417,47.0,0.03418,119.0
1753533443153,12:37:23.153,ATH/USDT:USDT,0.03414,82.0,0.03413,158.0,0.03417,47.0,0.03418,119.0
1753533444740,12:37:24.740,ATH/USDT:USDT,0.03414,82.0,0.03413,158.0,0.03417,47.0,0.03418,119.0
1753533444938,12:37:24.938,ATH/USDT:USDT,0.03414,82.0,0.03413,158.0,0.03417,47.0,0.03418,119.0
1753533447122,12:37:27.122,ATH/USDT:USDT,0.03415,22.0,0.03414,170.0,0.03417,7.0,0.03418,119.0
1753533447220,12:37:27.220,ATH/USDT:USDT,0.03415,66.0,0.03414,100.0,0.03418,62.0,0.03419,90.0
1753533447231,12:37:27.231,ATH/USDT:USDT,0.03415,94.0,0.03414,100.0,0.03418,62.0,0.03419,90.0
1753533447493,12:37:27.493,ATH/USDT:USDT,0.03415,94.0,0.03414,100.0,0.03418,62.0,0.03419,62.0
1753533447563,12:37:27.563,ATH/USDT:USDT,0.03415,94.0,0.03414,100.0,0.03418,62.0,0.03419,62.0
1753533447720,12:37:27.720,ATH/USDT:USDT,0.03416,26.0,0.03415,239.0,0.03418,62.0,0.03419,62.0
1753533447786,12:37:27.786,ATH/USDT:USDT,0.03416,26.0,0.03415,239.0,0.03418,40.0,0.03419,62.0
1753533447827,12:37:27.827,ATH/USDT:USDT,0.03416,98.0,0.03415,239.0,0.03418,40.0,0.03419,62.0
1753533448007,12:37:28.007,ATH/USDT:USDT,0.03416,98.0,0.03415,239.0,0.03418,40.0,0.03419,62.0
1753533448027,12:37:28.027,ATH/USDT:USDT,0.03416,98.0,0.03415,239.0,0.03418,40.0,0.03419,62.0
1753533448175,12:37:28.175,ATH/USDT:USDT,0.03416,98.0,0.03415,239.0,0.03418,40.0,0.03419,62.0
1753533448442,12:37:28.442,ATH/USDT:USDT,0.03416,98.0,0.03415,239.0,0.03418,40.0,0.03419,62.0
1753533448638,12:37:28.638,ATH/USDT:USDT,0.03416,94.0,0.03415,239.0,0.03418,66.0,0.03419,62.0
1753533448881,12:37:28.881,ATH/USDT:USDT,0.03416,22.0,0.03415,239.0,0.03418,66.0,0.03419,62.0
1753533449517,12:37:29.517,ATH/USDT:USDT,0.03416,22.0,0.03415,239.0,0.03418,66.0,0.03419,62.0
1753533450153,12:37:30.153,ATH/USDT:USDT,0.03416,22.0,0.03415,239.0,0.03418,66.0,0.03419,62.0
1753533450322,12:37:30.322,ATH/USDT:USDT,0.03415,90.0,0.03414,194.0,0.03418,66.0,0.03419,62.0
1753533450474,12:37:30.474,ATH/USDT:USDT,0.03415,90.0,0.03414,194.0,0.03418,66.0,0.03419,62.0
1753533450598,12:37:30.598,ATH/USDT:USDT,0.03418,5.0,0.03415,90.0,0.03419,62.0,0.0342,80.0
1753533450675,12:37:30.675,ATH/USDT:USDT,0.03418,5.0,0.03415,90.0,0.03419,66.0,0.0342,80.0
1753533450822,12:37:30.822,ATH/USDT:USDT,0.03418,5.0,0.03415,90.0,0.03419,66.0,0.0342,80.0
1753533450891,12:37:30.891,ATH/USDT:USDT,0.03418,5.0,0.03415,90.0,0.03419,66.0,0.0342,80.0
1753533451893,12:37:31.893,ATH/USDT:USDT,0.03418,5.0,0.03415,90.0,0.03419,66.0,0.0342,80.0
1753533452148,12:37:32.148,ATH/USDT:USDT,0.03415,90.0,0.03414,178.0,0.03419,66.0,0.0342,80.0
1753533452237,12:37:32.237,ATH/USDT:USDT,0.03416,47.0,0.03415,90.0,0.03419,66.0,0.0342,80.0
1753533452522,12:37:32.522,ATH/USDT:USDT,0.03416,47.0,0.03415,90.0,0.03419,66.0,0.0342,80.0
1753533452897,12:37:32.897,ATH/USDT:USDT,0.03416,47.0,0.03415,90.0,0.03419,64.0,0.0342,80.0
1753533452938,12:37:32.938,ATH/USDT:USDT,0.03416,47.0,0.03415,90.0,0.03419,64.0,0.0342,80.0
1753533453243,12:37:33.243,ATH/USDT:USDT,0.03416,47.0,0.03415,90.0,0.03419,64.0,0.0342,80.0
1753533453395,12:37:33.395,ATH/USDT:USDT,0.03416,47.0,0.03415,90.0,0.03419,64.0,0.0342,80.0
1753533454172,12:37:34.172,ATH/USDT:USDT,0.03416,69.0,0.03415,90.0,0.03419,57.0,0.0342,80.0
1753533456008,12:37:36.008,ATH/USDT:USDT,0.03416,69.0,0.03415,90.0,0.03419,57.0,0.0342,80.0
1753533456028,12:37:36.028,ATH/USDT:USDT,0.03416,69.0,0.03415,90.0,0.03419,57.0,0.0342,80.0
1753533456869,12:37:36.869,ATH/USDT:USDT,0.03416,85.0,0.03415,90.0,0.03419,57.0,0.0342,80.0
1753533461220,12:37:41.220,ATH/USDT:USDT,0.03416,85.0,0.03415,90.0,0.03419,57.0,0.0342,80.0
1753533461234,12:37:41.234,ATH/USDT:USDT,0.03416,85.0,0.03415,90.0,0.03419,57.0,0.0342,80.0
1753533462720,12:37:42.720,ATH/USDT:USDT,0.03416,85.0,0.03415,90.0,0.03419,57.0,0.0342,80.0
1753533463207,12:37:43.207,ATH/USDT:USDT,0.03416,85.0,0.03415,158.0,0.03419,57.0,0.0342,80.0
1753533463919,12:37:43.919,ATH/USDT:USDT,0.03418,66.0,0.03417,90.0,0.0342,7.0,0.03421,90.0
1753533464023,12:37:44.023,ATH/USDT:USDT,0.03418,66.0,0.03417,97.0,0.03421,62.0,0.03422,22.0
1753533464120,12:37:44.120,ATH/USDT:USDT,0.03419,24.0,0.03418,64.0,0.03421,40.0,0.03422,78.0
1753533464217,12:37:44.217,ATH/USDT:USDT,0.03419,22.0,0.03418,62.0,0.03421,66.0,0.03422,78.0
1753533464311,12:37:44.311,ATH/USDT:USDT,0.03418,62.0,0.03417,97.0,0.03421,26.0,0.03422,78.0
1753533464391,12:37:44.391,ATH/USDT:USDT,0.03418,62.0,0.03417,97.0,0.03421,26.0,0.03422,78.0
1753533464485,12:37:44.485,ATH/USDT:USDT,0.03418,62.0,0.03417,97.0,0.03421,26.0,0.03422,78.0
1753533464625,12:37:44.625,ATH/USDT:USDT,0.03418,62.0,0.03417,97.0,0.03421,26.0,0.03422,78.0
1753533465008,12:37:45.008,ATH/USDT:USDT,0.03418,62.0,0.03417,97.0,0.03421,26.0,0.03422,78.0
1753533465039,12:37:45.039,ATH/USDT:USDT,0.03418,62.0,0.03417,97.0,0.03421,26.0,0.03422,78.0
1753533465210,12:37:45.210,ATH/USDT:USDT,0.03418,62.0,0.03417,97.0,0.03421,24.0,0.03422,78.0
1753533465416,12:37:45.416,ATH/USDT:USDT,0.03418,62.0,0.03417,97.0,0.03421,24.0,0.03422,78.0
1753533466253,12:37:46.253,ATH/USDT:USDT,0.03418,62.0,0.03417,97.0,0.03421,24.0,0.03422,78.0
1753533466866,12:37:46.866,ATH/USDT:USDT,0.03418,62.0,0.03417,97.0,0.03421,24.0,0.03422,78.0
1753533466954,12:37:46.954,ATH/USDT:USDT,0.03418,62.0,0.03417,97.0,0.03421,24.0,0.03422,78.0
1753533467123,12:37:47.123,ATH/USDT:USDT,0.03418,62.0,0.03417,97.0,0.03421,24.0,0.03422,78.0
1753533468015,12:37:48.015,ATH/USDT:USDT,0.03418,62.0,0.03417,97.0,0.03421,24.0,0.03422,78.0
1753533468409,12:37:48.409,ATH/USDT:USDT,0.03418,62.0,0.03417,97.0,0.03421,24.0,0.03422,78.0
1753533470292,12:37:50.292,ATH/USDT:USDT,0.03418,62.0,0.03417,97.0,0.03421,22.0,0.03422,78.0
1753533470328,12:37:50.328,ATH/USDT:USDT,0.03418,62.0,0.03417,97.0,0.03421,22.0,0.03422,78.0
1753533470742,12:37:50.742,ATH/USDT:USDT,0.03418,62.0,0.03417,97.0,0.03421,22.0,0.03422,78.0
1753533471267,12:37:51.267,ATH/USDT:USDT,0.03418,62.0,0.03417,160.0,0.03421,22.0,0.03422,78.0
1753533471371,12:37:51.371,ATH/USDT:USDT,0.03418,62.0,0.03417,160.0,0.03421,22.0,0.03422,78.0
1753533471567,12:37:51.567,ATH/USDT:USDT,0.03418,62.0,0.03417,160.0,0.03421,22.0,0.03422,78.0
1753533471864,12:37:51.864,ATH/USDT:USDT,0.03418,78.0,0.03417,160.0,0.03421,22.0,0.03422,78.0
1753533472778,12:37:52.778,ATH/USDT:USDT,0.03418,78.0,0.03417,160.0,0.03421,22.0,0.03422,78.0
1753533473331,12:37:53.331,ATH/USDT:USDT,0.03418,78.0,0.03417,160.0,0.03421,22.0,0.03422,78.0
1753533473766,12:37:53.766,ATH/USDT:USDT,0.03418,78.0,0.03417,160.0,0.03421,22.0,0.03422,78.0
1753533477966,12:37:57.966,ATH/USDT:USDT,0.03419,24.0,0.03418,78.0,0.03422,78.0,0.03423,115.0
1753533478081,12:37:58.081,ATH/USDT:USDT,0.03419,24.0,0.03418,227.0,0.03422,22.0,0.03423,50.0
1753533478195,12:37:58.195,ATH/USDT:USDT,0.03419,92.0,0.03418,227.0,0.03422,22.0,0.03423,90.0
1753533478417,12:37:58.417,ATH/USDT:USDT,0.03419,92.0,0.03418,227.0,0.03422,22.0,0.03423,90.0
1753533479021,12:37:59.021,ATH/USDT:USDT,0.03419,92.0,0.03418,227.0,0.03422,22.0,0.03423,90.0
1753533479027,12:37:59.027,ATH/USDT:USDT,0.03419,92.0,0.03418,227.0,0.03422,22.0,0.03423,90.0
1753533479274,12:37:59.274,ATH/USDT:USDT,0.03419,92.0,0.03418,227.0,0.03422,22.0,0.03423,90.0
1753533479522,12:37:59.522,ATH/USDT:USDT,0.03419,92.0,0.03418,227.0,0.03422,22.0,0.03423,90.0
1753533481351,12:38:01.351,ATH/USDT:USDT,0.03419,120.0,0.03418,227.0,0.03422,22.0,0.03423,90.0
1753533481429,12:38:01.429,ATH/USDT:USDT,0.03419,120.0,0.03418,227.0,0.03422,22.0,0.03423,90.0
1753533481891,12:38:01.891,ATH/USDT:USDT,0.03419,136.0,0.03418,211.0,0.03422,22.0,0.03423,90.0
1753533482550,12:38:02.550,ATH/USDT:USDT,0.03419,136.0,0.03418,211.0,0.03422,22.0,0.03423,90.0
1753533483045,12:38:03.045,ATH/USDT:USDT,0.03419,136.0,0.03418,268.0,0.03422,22.0,0.03423,90.0
1753533483814,12:38:03.814,ATH/USDT:USDT,0.03419,68.0,0.03418,268.0,0.03422,22.0,0.03423,90.0
1753533483909,12:38:03.909,ATH/USDT:USDT,0.0342,22.0,0.03419,66.0,0.03424,250.0,0.03425,50.0
1753533484012,12:38:04.012,ATH/USDT:USDT,0.0342,22.0,0.03419,66.0,0.03424,250.0,0.03425,195.0
1753533484112,12:38:04.112,ATH/USDT:USDT,0.03419,146.0,0.03418,268.0,0.03424,250.0,0.03425,195.0
1753533484211,12:38:04.211,ATH/USDT:USDT,0.03419,66.0,0.03418,268.0,0.03423,28.0,0.03424,250.0
1753533484235,12:38:04.235,ATH/USDT:USDT,0.03419,66.0,0.03418,211.0,0.03423,90.0,0.03424,250.0
1753533484372,12:38:04.372,ATH/USDT:USDT,0.03419,129.0,0.03418,211.0,0.03423,90.0,0.03424,250.0
1753533484521,12:38:04.521,ATH/USDT:USDT,0.03419,16.0,0.03418,62.0,0.03423,90.0,0.03424,250.0
1753533484525,12:38:04.525,ATH/USDT:USDT,0.03419,16.0,0.03418,62.0,0.03423,90.0,0.03424,250.0
1753533484747,12:38:04.747,ATH/USDT:USDT,0.03419,16.0,0.03418,62.0,0.03423,90.0,0.03424,250.0
1753533484829,12:38:04.829,ATH/USDT:USDT,0.03419,16.0,0.03418,62.0,0.03423,90.0,0.03424,250.0
1753533485009,12:38:05.009,ATH/USDT:USDT,0.03419,16.0,0.03418,62.0,0.03423,90.0,0.03424,250.0
1753533485058,12:38:05.058,ATH/USDT:USDT,0.03419,38.0,0.03418,62.0,0.03423,90.0,0.03424,250.0
1753533485271,12:38:05.271,ATH/USDT:USDT,0.03419,38.0,0.03418,62.0,0.03423,90.0,0.03424,250.0
1753533486866,12:38:06.866,ATH/USDT:USDT,0.03419,22.0,0.03418,62.0,0.03423,90.0,0.03424,250.0
1753533488305,12:38:08.305,ATH/USDT:USDT,0.03419,22.0,0.03418,62.0,0.03423,90.0,0.03424,250.0
1753533488376,12:38:08.376,ATH/USDT:USDT,0.03419,22.0,0.03418,62.0,0.03423,90.0,0.03424,250.0
1753533489009,12:38:09.009,ATH/USDT:USDT,0.03419,22.0,0.03418,62.0,0.03423,90.0,0.03424,250.0
1753533489028,12:38:09.028,ATH/USDT:USDT,0.03419,22.0,0.03418,62.0,0.03423,90.0,0.03424,250.0
1753533489294,12:38:09.294,ATH/USDT:USDT,0.03419,22.0,0.03418,62.0,0.03423,90.0,0.03424,250.0
1753533491108,12:38:11.108,ATH/USDT:USDT,0.03419,22.0,0.03418,62.0,0.03423,160.0,0.03424,250.0
1753533491291,12:38:11.291,ATH/USDT:USDT,0.03419,22.0,0.03418,62.0,0.03423,160.0,0.03424,250.0
1753533492285,12:38:12.285,ATH/USDT:USDT,0.03419,22.0,0.03418,62.0,0.03423,160.0,0.03424,250.0
1753533492988,12:38:12.988,ATH/USDT:USDT,0.03418,62.0,0.03417,175.0,0.03422,80.0,0.03423,90.0
1753533493031,12:38:13.031,ATH/USDT:USDT,0.03418,69.0,0.03417,175.0,0.03422,80.0,0.03423,90.0
1753533493327,12:38:13.327,ATH/USDT:USDT,0.03418,69.0,0.03417,175.0,0.03422,80.0,0.03423,90.0
1753533493766,12:38:13.766,ATH/USDT:USDT,0.03418,69.0,0.03417,175.0,0.03422,80.0,0.03423,90.0
1753533496017,12:38:16.017,ATH/USDT:USDT,0.03418,69.0,0.03417,175.0,0.03422,80.0,0.03423,90.0
1753533496087,12:38:16.087,ATH/USDT:USDT,0.03418,69.0,0.03417,175.0,0.03422,80.0,0.03423,90.0
1753533498310,12:38:18.310,ATH/USDT:USDT,0.03418,69.0,0.03417,90.0,0.03422,145.0,0.03423,90.0
1753533498368,12:38:18.368,ATH/USDT:USDT,0.03418,69.0,0.03417,90.0,0.03422,145.0,0.03423,90.0
1753533499804,12:38:19.804,ATH/USDT:USDT,0.03418,69.0,0.03417,90.0,0.03422,145.0,0.03423,90.0
1753533500637,12:38:20.637,ATH/USDT:USDT,0.03418,69.0,0.03417,90.0,0.03422,145.0,0.03423,90.0
1753533501370,12:38:21.370,ATH/USDT:USDT,0.03418,69.0,0.03417,90.0,0.03422,145.0,0.03423,90.0
1753533502195,12:38:22.195,ATH/USDT:USDT,0.03418,69.0,0.03417,90.0,0.03422,145.0,0.03423,90.0
1753533505154,12:38:25.154,ATH/USDT:USDT,0.03418,47.0,0.03417,90.0,0.03422,145.0,0.03423,90.0
1753533505298,12:38:25.298,ATH/USDT:USDT,0.03418,47.0,0.03417,90.0,0.03422,145.0,0.03423,90.0
1753533505524,12:38:25.524,ATH/USDT:USDT,0.03418,7.0,0.03417,90.0,0.03422,145.0,0.03423,90.0
1753533505881,12:38:25.881,ATH/USDT:USDT,0.03418,7.0,0.03417,90.0,0.03422,185.0,0.03423,90.0
1753533506624,12:38:26.624,ATH/USDT:USDT,0.03418,7.0,0.03417,90.0,0.03421,30.0,0.03422,183.0
1753533506626,12:38:26.626,ATH/USDT:USDT,0.03418,7.0,0.03417,90.0,0.03421,92.0,0.03422,183.0
1753533509621,12:38:29.621,ATH/USDT:USDT,0.03418,7.0,0.03417,90.0,0.03421,92.0,0.03422,183.0
1753533509626,12:38:29.626,ATH/USDT:USDT,0.03418,7.0,0.03417,90.0,0.03421,92.0,0.03422,183.0
1753533510121,12:38:30.121,ATH/USDT:USDT,0.03418,7.0,0.03417,90.0,0.03421,92.0,0.03422,183.0
1753533517119,12:38:37.119,ATH/USDT:USDT,0.03418,9.0,0.03417,90.0,0.03421,92.0,0.03422,183.0
1753533521439,12:38:41.439,ATH/USDT:USDT,0.03418,7.0,0.03417,90.0,0.03421,92.0,0.03422,183.0
1753533521914,12:38:41.914,ATH/USDT:USDT,0.03418,23.0,0.03416,100.0,0.03421,122.0,0.03422,183.0
1753533522024,12:38:42.024,ATH/USDT:USDT,0.03416,78.0,0.03415,50.0,0.0342,61.0,0.03421,269.0
1753533522123,12:38:42.123,ATH/USDT:USDT,0.03415,50.0,0.03414,138.0,0.0342,61.0,0.03421,239.0
1753533522222,12:38:42.222,ATH/USDT:USDT,0.03415,50.0,0.03414,22.0,0.0342,61.0,0.03421,534.0
1753533522281,12:38:42.281,ATH/USDT:USDT,0.03414,22.0,0.03413,136.0,0.03419,89.0,0.0342,61.0
1753533522363,12:38:42.363,ATH/USDT:USDT,0.03414,22.0,0.03413,136.0,0.03419,89.0,0.0342,61.0
1753533522447,12:38:42.447,ATH/USDT:USDT,0.03414,22.0,0.03413,136.0,0.03419,89.0,0.0342,61.0
1753533522696,12:38:42.696,ATH/USDT:USDT,0.03414,62.0,0.03413,176.0,0.03419,89.0,0.0342,61.0
1753533524011,12:38:44.011,ATH/USDT:USDT,0.03414,62.0,0.03413,176.0,0.03419,89.0,0.0342,61.0
1753533524307,12:38:44.307,ATH/USDT:USDT,0.03414,62.0,0.03413,176.0,0.03419,89.0,0.0342,61.0
1753533524924,12:38:44.924,ATH/USDT:USDT,0.03414,62.0,0.03413,176.0,0.03419,89.0,0.0342,61.0
1753533524987,12:38:44.987,ATH/USDT:USDT,0.03414,62.0,0.03413,176.0,0.03419,89.0,0.0342,61.0
1753533525426,12:38:45.426,ATH/USDT:USDT,0.03414,62.0,0.03413,176.0,0.03419,146.0,0.0342,61.0
1753533525648,12:38:45.648,ATH/USDT:USDT,0.03414,62.0,0.03413,176.0,0.03419,146.0,0.0342,61.0
1753533526160,12:38:46.160,ATH/USDT:USDT,0.03414,62.0,0.03413,176.0,0.03419,146.0,0.0342,61.0
1753533528201,12:38:48.201,ATH/USDT:USDT,0.03414,62.0,0.03413,176.0,0.03419,146.0,0.0342,61.0
1753533528277,12:38:48.277,ATH/USDT:USDT,0.03414,62.0,0.03413,176.0,0.03419,146.0,0.0342,61.0
1753533528729,12:38:48.729,ATH/USDT:USDT,0.03414,62.0,0.03413,176.0,0.03419,146.0,0.0342,61.0
1753533531320,12:38:51.320,ATH/USDT:USDT,0.03414,62.0,0.03413,176.0,0.03419,146.0,0.0342,61.0
1753533531669,12:38:51.669,ATH/USDT:USDT,0.03414,62.0,0.03413,176.0,0.03419,146.0,0.0342,61.0
1753533532005,12:38:52.005,ATH/USDT:USDT,0.03414,62.0,0.03413,176.0,0.03419,146.0,0.0342,61.0
1753533532814,12:38:52.814,ATH/USDT:USDT,0.03414,62.0,0.03413,176.0,0.03419,146.0,0.0342,61.0
1753533534215,12:38:54.215,ATH/USDT:USDT,0.03414,62.0,0.03413,198.0,0.03419,146.0,0.0342,126.0
1753533534247,12:38:54.247,ATH/USDT:USDT,0.03414,62.0,0.03413,198.0,0.03419,146.0,0.0342,126.0
1753533534671,12:38:54.671,ATH/USDT:USDT,0.03414,62.0,0.03413,198.0,0.03419,146.0,0.0342,126.0
1753533535621,12:38:55.621,ATH/USDT:USDT,0.03414,62.0,0.03413,198.0,0.03419,146.0,0.0342,126.0
1753533535627,12:38:55.627,ATH/USDT:USDT,0.03414,62.0,0.03413,198.0,0.03419,146.0,0.0342,126.0
1753533538267,12:38:58.267,ATH/USDT:USDT,0.03414,62.0,0.03413,198.0,0.03419,146.0,0.0342,126.0
1753533543895,12:39:03.895,ATH/USDT:USDT,0.03414,62.0,0.03413,198.0,0.03418,21.0,0.03419,146.0
1753533543929,12:39:03.929,ATH/USDT:USDT,0.03414,62.0,0.03413,198.0,0.03418,21.0,0.03419,146.0
1753533544446,12:39:04.446,ATH/USDT:USDT,0.03414,62.0,0.03413,198.0,0.03418,61.0,0.03419,146.0
1753533547231,12:39:07.231,ATH/USDT:USDT,0.03414,62.0,0.03413,198.0,0.03418,61.0,0.03419,146.0
1753533548222,12:39:08.222,ATH/USDT:USDT,0.03415,70.0,0.03414,84.0,0.03418,63.0,0.03419,146.0
1753533548232,12:39:08.232,ATH/USDT:USDT,0.03415,70.0,0.03414,84.0,0.03418,63.0,0.03419,146.0
1753533548384,12:39:08.384,ATH/USDT:USDT,0.03415,72.0,0.03414,84.0,0.03418,63.0,0.03419,146.0
1753533549144,12:39:09.144,ATH/USDT:USDT,0.03415,70.0,0.03414,84.0,0.03418,65.0,0.03419,146.0
1753533549572,12:39:09.572,ATH/USDT:USDT,0.03415,72.0,0.03414,84.0,0.03418,63.0,0.03419,146.0
1753533551978,12:39:11.978,ATH/USDT:USDT,0.03415,72.0,0.03414,84.0,0.03418,65.0,0.03419,146.0
1753533554015,12:39:14.015,ATH/USDT:USDT,0.03415,72.0,0.03414,84.0,0.03418,65.0,0.03419,146.0
1753533554385,12:39:14.385,ATH/USDT:USDT,0.03415,72.0,0.03414,142.0,0.03418,65.0,0.03419,146.0
1753533555355,12:39:15.355,ATH/USDT:USDT,0.03415,72.0,0.03414,142.0,0.03418,63.0,0.03419,146.0
1753533557347,12:39:17.347,ATH/USDT:USDT,0.03415,72.0,0.03414,142.0,0.03418,61.0,0.03419,146.0
1753533557428,12:39:17.428,ATH/USDT:USDT,0.03415,72.0,0.03414,142.0,0.03418,61.0,0.03419,146.0
1753533558114,12:39:18.114,ATH/USDT:USDT,0.03415,72.0,0.03414,142.0,0.03418,61.0,0.03419,146.0
1753533558127,12:39:18.127,ATH/USDT:USDT,0.03415,72.0,0.03414,142.0,0.03418,63.0,0.03419,146.0
1753533558383,12:39:18.383,ATH/USDT:USDT,0.03415,72.0,0.03414,142.0,0.03418,63.0,0.03419,146.0
1753533558615,12:39:18.615,ATH/USDT:USDT,0.03415,72.0,0.03414,142.0,0.03418,63.0,0.03419,146.0
1753533559570,12:39:19.570,ATH/USDT:USDT,0.03415,72.0,0.03414,142.0,0.03418,61.0,0.03419,146.0
1753533559925,12:39:19.925,ATH/USDT:USDT,0.03415,72.0,0.03414,142.0,0.03418,63.0,0.03419,146.0
1753533559938,12:39:19.938,ATH/USDT:USDT,0.03415,72.0,0.03414,142.0,0.03418,61.0,0.03419,146.0
1753533560430,12:39:20.430,ATH/USDT:USDT,0.03415,72.0,0.03414,142.0,0.03418,61.0,0.03419,146.0
1753533562280,12:39:22.280,ATH/USDT:USDT,0.03415,72.0,0.03414,142.0,0.03418,63.0,0.03419,146.0
1753533562993,12:39:22.993,ATH/USDT:USDT,0.03415,72.0,0.03414,142.0,0.03418,61.0,0.03419,118.0
1753533564093,12:39:24.093,ATH/USDT:USDT,0.03415,72.0,0.03414,142.0,0.03418,63.0,0.03419,118.0
1753533564166,12:39:24.166,ATH/USDT:USDT,0.03415,94.0,0.03414,142.0,0.03418,61.0,0.03419,118.0
1753533565685,12:39:25.685,ATH/USDT:USDT,0.03415,94.0,0.03414,142.0,0.03418,63.0,0.03419,118.0
1753533566391,12:39:26.391,ATH/USDT:USDT,0.03415,94.0,0.03414,142.0,0.03418,61.0,0.03419,118.0
1753533568306,12:39:28.306,ATH/USDT:USDT,0.03415,94.0,0.03414,142.0,0.03418,61.0,0.03419,118.0
1753533568822,12:39:28.822,ATH/USDT:USDT,0.03415,72.0,0.03414,142.0,0.03417,10.0,0.03418,61.0
1753533568842,12:39:28.842,ATH/USDT:USDT,0.03415,72.0,0.03414,142.0,0.03418,61.0,0.03419,118.0
1753533570676,12:39:30.676,ATH/USDT:USDT,0.03415,72.0,0.03414,142.0,0.03418,61.0,0.03419,118.0
1753533571520,12:39:31.520,ATH/USDT:USDT,0.03415,94.0,0.03414,142.0,0.03418,61.0,0.03419,118.0
1753533571624,12:39:31.624,ATH/USDT:USDT,0.03416,62.0,0.03415,92.0,0.03419,118.0,0.0342,61.0
1753533571720,12:39:31.720,ATH/USDT:USDT,0.03416,64.0,0.03415,263.0,0.03419,118.0,0.0342,61.0
1753533571749,12:39:31.749,ATH/USDT:USDT,0.03416,64.0,0.03415,263.0,0.03419,61.0,0.0342,61.0
1753533571902,12:39:31.902,ATH/USDT:USDT,0.03416,64.0,0.03415,263.0,0.03419,61.0,0.0342,61.0
1753533572005,12:39:32.005,ATH/USDT:USDT,0.03416,64.0,0.03415,263.0,0.03419,61.0,0.0342,61.0
1753533572031,12:39:32.031,ATH/USDT:USDT,0.03416,66.0,0.03415,261.0,0.03419,63.0,0.0342,61.0
1753533572669,12:39:32.669,ATH/USDT:USDT,0.03416,144.0,0.03415,261.0,0.03419,63.0,0.0342,61.0
1753533573406,12:39:33.406,ATH/USDT:USDT,0.03416,144.0,0.03415,261.0,0.03419,61.0,0.0342,61.0
1753533573524,12:39:33.524,ATH/USDT:USDT,0.03416,144.0,0.03415,261.0,0.03419,61.0,0.0342,61.0
1753533573524,12:39:33.524,ATH/USDT:USDT,0.03416,144.0,0.03415,261.0,0.03419,61.0,0.0342,61.0
1753533573864,12:39:33.864,ATH/USDT:USDT,0.03416,144.0,0.03415,261.0,0.03419,40.0,0.0342,61.0
1753533574858,12:39:34.858,ATH/USDT:USDT,0.03416,144.0,0.03415,261.0,0.03419,40.0,0.0342,61.0
1753533575823,12:39:35.823,ATH/USDT:USDT,0.03416,144.0,0.03415,239.0,0.03419,40.0,0.0342,61.0
1753533575848,12:39:35.848,ATH/USDT:USDT,0.03416,144.0,0.03415,239.0,0.03419,40.0,0.0342,61.0
1753533578831,12:39:38.831,ATH/USDT:USDT,0.03416,144.0,0.03415,239.0,0.03419,40.0,0.0342,61.0
1753533580905,12:39:40.905,ATH/USDT:USDT,0.03417,32.0,0.03416,140.0,0.03419,40.0,0.0342,61.0
1753533581005,12:39:41.005,ATH/USDT:USDT,0.03417,32.0,0.03416,140.0,0.0342,61.0,0.03421,90.0
1753533581034,12:39:41.034,ATH/USDT:USDT,0.03417,72.0,0.03416,140.0,0.0342,61.0,0.03421,90.0
1753533581181,12:39:41.181,ATH/USDT:USDT,0.03417,72.0,0.03416,140.0,0.0342,61.0,0.03421,90.0
1753533581706,12:39:41.706,ATH/USDT:USDT,0.03417,72.0,0.03416,140.0,0.0342,61.0,0.03421,90.0
1753533582368,12:39:42.368,ATH/USDT:USDT,0.03417,72.0,0.03416,140.0,0.0342,61.0,0.03421,90.0
1753533582802,12:39:42.802,ATH/USDT:USDT,0.03417,72.0,0.03416,140.0,0.0342,61.0,0.03421,90.0
1753533583004,12:39:43.004,ATH/USDT:USDT,0.03417,72.0,0.03416,140.0,0.0342,61.0,0.03421,90.0
1753533583347,12:39:43.347,ATH/USDT:USDT,0.03417,72.0,0.03416,140.0,0.0342,61.0,0.03421,90.0
1753533585602,12:39:45.602,ATH/USDT:USDT,0.03417,72.0,0.03416,198.0,0.0342,61.0,0.03421,90.0
1753533585677,12:39:45.677,ATH/USDT:USDT,0.03417,72.0,0.03416,198.0,0.0342,61.0,0.03421,90.0
1753533586296,12:39:46.296,ATH/USDT:USDT,0.03417,72.0,0.03416,198.0,0.0342,61.0,0.03421,62.0
1753533586687,12:39:46.687,ATH/USDT:USDT,0.03417,72.0,0.03416,220.0,0.0342,61.0,0.03421,62.0
1753533586833,12:39:46.833,ATH/USDT:USDT,0.03417,72.0,0.03416,220.0,0.0342,61.0,0.03421,62.0
1753533586967,12:39:46.967,ATH/USDT:USDT,0.03417,72.0,0.03416,220.0,0.0342,61.0,0.03421,62.0
1753533587080,12:39:47.080,ATH/USDT:USDT,0.03417,72.0,0.03416,220.0,0.0342,61.0,0.03421,62.0
1753533587367,12:39:47.367,ATH/USDT:USDT,0.03417,72.0,0.03416,220.0,0.0342,61.0,0.03421,62.0
1753533587867,12:39:47.867,ATH/USDT:USDT,0.03417,72.0,0.03416,220.0,0.0342,61.0,0.03421,62.0
1753533590277,12:39:50.277,ATH/USDT:USDT,0.03417,72.0,0.03416,220.0,0.0342,61.0,0.03421,62.0
1753533590923,12:39:50.923,ATH/USDT:USDT,0.03417,72.0,0.03416,220.0,0.0342,61.0,0.03421,62.0
1753533591024,12:39:51.024,ATH/USDT:USDT,0.03417,72.0,0.03416,220.0,0.03419,22.0,0.0342,61.0
1753533591027,12:39:51.027,ATH/USDT:USDT,0.03417,72.0,0.03416,198.0,0.03419,22.0,0.0342,61.0
1753533591313,12:39:51.313,ATH/USDT:USDT,0.03417,70.0,0.03416,198.0,0.03419,22.0,0.0342,61.0
1753533591368,12:39:51.368,ATH/USDT:USDT,0.03417,68.0,0.03416,198.0,0.03419,24.0,0.0342,61.0
1753533591708,12:39:51.708,ATH/USDT:USDT,0.03417,70.0,0.03416,198.0,0.03419,22.0,0.0342,61.0
1753533592522,12:39:52.522,ATH/USDT:USDT,0.03417,72.0,0.03416,198.0,0.03419,22.0,0.0342,61.0
1753533592924,12:39:52.924,ATH/USDT:USDT,0.03417,72.0,0.03416,198.0,0.03419,22.0,0.0342,61.0
1753533592924,12:39:52.924,ATH/USDT:USDT,0.03417,72.0,0.03416,198.0,0.03419,22.0,0.0342,61.0
1753533593309,12:39:53.309,ATH/USDT:USDT,0.03416,118.0,0.03415,335.0,0.03419,26.0,0.0342,61.0
1753533593369,12:39:53.369,ATH/USDT:USDT,0.03416,40.0,0.03415,221.0,0.03418,26.0,0.03419,22.0
1753533593429,12:39:53.429,ATH/USDT:USDT,0.03416,40.0,0.03415,221.0,0.03418,26.0,0.03419,22.0
1753533593567,12:39:53.567,ATH/USDT:USDT,0.03416,40.0,0.03415,72.0,0.03418,26.0,0.03419,22.0
1753533593754,12:39:53.754,ATH/USDT:USDT,0.03416,40.0,0.03415,72.0,0.03418,26.0,0.03419,22.0
1753533594467,12:39:54.467,ATH/USDT:USDT,0.03416,40.0,0.03415,50.0,0.03418,26.0,0.03419,22.0
1753533594917,12:39:54.917,ATH/USDT:USDT,0.03416,40.0,0.03415,28.0,0.03418,26.0,0.03419,22.0
1753533594996,12:39:54.996,ATH/USDT:USDT,0.03415,28.0,0.03414,102.0,0.03418,26.0,0.03419,50.0
1753533595119,12:39:55.119,ATH/USDT:USDT,0.03415,28.0,0.03414,44.0,0.03418,26.0,0.03419,50.0
1753533595400,12:39:55.400,ATH/USDT:USDT,0.03414,44.0,0.03413,136.0,0.03418,26.0,0.03419,50.0
1753533595447,12:39:55.447,ATH/USDT:USDT,0.03414,44.0,0.03413,136.0,0.03418,26.0,0.03419,50.0
1753533595528,12:39:55.528,ATH/USDT:USDT,0.03414,44.0,0.03413,136.0,0.03418,26.0,0.03419,50.0
1753533595867,12:39:55.867,ATH/USDT:USDT,0.03414,84.0,0.03413,136.0,0.03418,66.0,0.03419,50.0
1753533596358,12:39:56.358,ATH/USDT:USDT,0.03414,84.0,0.03413,136.0,0.03418,66.0,0.03419,50.0
1753533596647,12:39:56.647,ATH/USDT:USDT,0.03414,84.0,0.03413,212.0,0.03418,66.0,0.03419,50.0
1753533597965,12:39:57.965,ATH/USDT:USDT,0.03414,84.0,0.03413,212.0,0.03418,66.0,0.03419,50.0
1753533598122,12:39:58.122,ATH/USDT:USDT,0.03415,28.0,0.03414,84.0,0.03418,66.0,0.03419,50.0
1753533598705,12:39:58.705,ATH/USDT:USDT,0.03415,28.0,0.03414,84.0,0.03418,66.0,0.03419,50.0
1753533598789,12:39:58.789,ATH/USDT:USDT,0.03415,50.0,0.03414,84.0,0.03418,62.0,0.03419,22.0
1753533598846,12:39:58.846,ATH/USDT:USDT,0.03415,90.0,0.03414,84.0,0.03418,62.0,0.03419,22.0
1753533600247,12:40:00.247,ATH/USDT:USDT,0.03415,90.0,0.03414,62.0,0.03418,62.0,0.03419,22.0
1753533601125,12:40:01.125,ATH/USDT:USDT,0.03415,90.0,0.03414,62.0,0.03418,62.0,0.03419,22.0
1753533604301,12:40:04.301,ATH/USDT:USDT,0.03415,90.0,0.03414,62.0,0.03418,62.0,0.03419,22.0
1753533604328,12:40:04.328,ATH/USDT:USDT,0.03415,90.0,0.03414,62.0,0.03418,62.0,0.03419,22.0
1753533607331,12:40:07.331,ATH/USDT:USDT,0.03415,90.0,0.03414,62.0,0.03418,62.0,0.03419,22.0
1753533607687,12:40:07.687,ATH/USDT:USDT,0.03415,90.0,0.03414,84.0,0.03418,62.0,0.03419,22.0
1753533608480,12:40:08.480,ATH/USDT:USDT,0.03415,90.0,0.03414,141.0,0.03418,62.0,0.03419,22.0
1753533609370,12:40:09.370,ATH/USDT:USDT,0.03415,90.0,0.03414,141.0,0.03418,62.0,0.03419,22.0
1753533615648,12:40:15.648,ATH/USDT:USDT,0.03415,90.0,0.03414,200.0,0.03418,62.0,0.03419,22.0
1753533617110,12:40:17.110,ATH/USDT:USDT,0.03415,90.0,0.03414,200.0,0.03418,62.0,0.03419,22.0
1753533617216,12:40:17.216,ATH/USDT:USDT,0.03415,90.0,0.03414,200.0,0.03418,62.0,0.03419,22.0
1753533620631,12:40:20.631,ATH/USDT:USDT,0.03415,90.0,0.03414,200.0,0.03418,62.0,0.03419,22.0
1753533621131,12:40:21.131,ATH/USDT:USDT,0.03415,90.0,0.03414,200.0,0.03418,62.0,0.03419,22.0
1753533627804,12:40:27.804,ATH/USDT:USDT,0.03415,68.0,0.03414,200.0,0.03418,62.0,0.03419,22.0
1753533629779,12:40:29.779,ATH/USDT:USDT,0.03415,68.0,0.03414,143.0,0.03418,62.0,0.03419,22.0
1753533630363,12:40:30.363,ATH/USDT:USDT,0.03415,68.0,0.03414,143.0,0.03418,62.0,0.03419,22.0
1753533632307,12:40:32.307,ATH/USDT:USDT,0.03415,90.0,0.03414,143.0,0.03418,62.0,0.03419,22.0
1753533633791,12:40:33.791,ATH/USDT:USDT,0.03415,90.0,0.03414,143.0,0.03418,40.0,0.03419,22.0
1753533633887,12:40:33.887,ATH/USDT:USDT,0.03415,112.0,0.03414,121.0,0.03418,40.0,0.03419,22.0
1753533635211,12:40:35.211,ATH/USDT:USDT,0.03415,112.0,0.03414,192.0,0.03418,40.0,0.03419,22.0
1753533637213,12:40:37.213,ATH/USDT:USDT,0.03415,112.0,0.03414,192.0,0.03418,40.0,0.03419,22.0
1753533639071,12:40:39.071,ATH/USDT:USDT,0.03415,112.0,0.03414,192.0,0.03418,62.0,0.03419,22.0
1753533640015,12:40:40.015,ATH/USDT:USDT,0.03415,90.0,0.03414,192.0,0.03418,62.0,0.03419,22.0
1753533640123,12:40:40.123,ATH/USDT:USDT,0.03415,68.0,0.03414,143.0,0.03418,62.0,0.03419,22.0
1753533640129,12:40:40.129,ATH/USDT:USDT,0.03415,68.0,0.03414,143.0,0.03418,62.0,0.03419,22.0
1753533641098,12:40:41.098,ATH/USDT:USDT,0.03415,68.0,0.03414,143.0,0.03418,62.0,0.03419,22.0
1753533644240,12:40:44.240,ATH/USDT:USDT,0.03415,90.0,0.03414,143.0,0.03418,62.0,0.03419,22.0
1753533650611,12:40:50.611,ATH/USDT:USDT,0.03415,90.0,0.03414,143.0,0.03418,62.0,0.03419,22.0
1753533658123,12:40:58.123,ATH/USDT:USDT,0.03415,90.0,0.03414,143.0,0.03418,62.0,0.03419,22.0
1753533658310,12:40:58.310,ATH/USDT:USDT,0.03415,90.0,0.03414,143.0,0.03418,40.0,0.03419,22.0
1753533658758,12:40:58.758,ATH/USDT:USDT,0.03415,90.0,0.03414,200.0,0.03418,40.0,0.03419,80.0
1753533659667,12:40:59.667,ATH/USDT:USDT,0.03415,90.0,0.03414,200.0,0.03418,40.0,0.03419,80.0
1753533660009,12:41:00.009,ATH/USDT:USDT,0.03415,90.0,0.03414,200.0,0.03418,40.0,0.03419,80.0
1753533661020,12:41:01.020,ATH/USDT:USDT,0.03415,90.0,0.03414,200.0,0.03418,40.0,0.03419,80.0
1753533661051,12:41:01.051,ATH/USDT:USDT,0.03415,90.0,0.03414,200.0,0.03418,40.0,0.03419,80.0
1753533661136,12:41:01.136,ATH/USDT:USDT,0.03415,90.0,0.03414,200.0,0.03418,40.0,0.03419,80.0
1753533661390,12:41:01.390,ATH/USDT:USDT,0.03415,90.0,0.03414,200.0,0.03418,40.0,0.03419,80.0
1753533662005,12:41:02.005,ATH/USDT:USDT,0.03415,90.0,0.03414,200.0,0.03418,40.0,0.03419,80.0
1753533662271,12:41:02.271,ATH/USDT:USDT,0.03415,90.0,0.03414,297.0,0.03418,40.0,0.03419,80.0
1753533662342,12:41:02.342,ATH/USDT:USDT,0.03415,90.0,0.03414,297.0,0.03418,62.0,0.03419,80.0
1753533682513,12:41:22.513,ATH/USDT:USDT,0.03415,90.0,0.03414,297.0,0.03418,62.0,0.03419,80.0
1753533692447,12:41:32.447,ATH/USDT:USDT,0.03415,90.0,0.03414,240.0,0.03418,62.0,0.03419,22.0
1753533693547,12:41:33.547,ATH/USDT:USDT,0.03415,90.0,0.03414,297.0,0.03418,62.0,0.03419,78.0
1753533695186,12:41:35.186,ATH/USDT:USDT,0.03415,90.0,0.03414,297.0,0.03418,62.0,0.03419,78.0
1753533695232,12:41:35.232,ATH/USDT:USDT,0.03415,90.0,0.03414,297.0,0.03418,62.0,0.03419,78.0
1753533695407,12:41:35.407,ATH/USDT:USDT,0.03415,90.0,0.03414,297.0,0.03418,62.0,0.03419,78.0
1753533695539,12:41:35.539,ATH/USDT:USDT,0.03415,90.0,0.03414,297.0,0.03418,62.0,0.03419,78.0
1753533696058,12:41:36.058,ATH/USDT:USDT,0.03415,90.0,0.03414,297.0,0.03418,62.0,0.03419,78.0
1753533697356,12:41:37.356,ATH/USDT:USDT,0.03415,90.0,0.03414,297.0,0.03418,62.0,0.03419,78.0
1753533699289,12:41:39.289,ATH/USDT:USDT,0.03415,90.0,0.03414,297.0,0.03418,62.0,0.03419,78.0
1753533699412,12:41:39.412,ATH/USDT:USDT,0.03415,90.0,0.03414,297.0,0.03418,62.0,0.03419,78.0
1753533699570,12:41:39.570,ATH/USDT:USDT,0.03415,90.0,0.03414,297.0,0.03418,62.0,0.03419,78.0
1753533700573,12:41:40.573,ATH/USDT:USDT,0.03415,90.0,0.03414,297.0,0.03419,78.0,0.0342,61.0
1753533700676,12:41:40.676,ATH/USDT:USDT,0.03415,266.0,0.03414,297.0,0.03418,22.0,0.03419,78.0
1753533700848,12:41:40.848,ATH/USDT:USDT,0.03415,266.0,0.03414,297.0,0.03418,22.0,0.03419,78.0
1753533701005,12:41:41.005,ATH/USDT:USDT,0.03415,266.0,0.03414,297.0,0.03418,22.0,0.03419,78.0
1753533701597,12:41:41.597,ATH/USDT:USDT,0.03415,266.0,0.03414,297.0,0.03418,22.0,0.03419,78.0
1753533702009,12:41:42.009,ATH/USDT:USDT,0.03415,266.0,0.03414,297.0,0.03418,22.0,0.03419,78.0
1753533702123,12:41:42.123,ATH/USDT:USDT,0.03415,266.0,0.03414,297.0,0.03418,22.0,0.03419,78.0
1753533702622,12:41:42.622,ATH/USDT:USDT,0.03416,22.0,0.03415,178.0,0.03419,22.0,0.0342,61.0
1753533702721,12:41:42.721,ATH/USDT:USDT,0.03416,62.0,0.03415,375.0,0.03419,22.0,0.0342,61.0
1753533702748,12:41:42.748,ATH/USDT:USDT,0.03416,140.0,0.03415,375.0,0.03419,22.0,0.0342,61.0
1753533702891,12:41:42.891,ATH/USDT:USDT,0.03416,118.0,0.03415,375.0,0.03419,22.0,0.0342,61.0
1753533702982,12:41:42.982,ATH/USDT:USDT,0.03416,40.0,0.03415,375.0,0.03419,22.0,0.0342,61.0
1753533703605,12:41:43.605,ATH/USDT:USDT,0.03416,40.0,0.03415,375.0,0.03419,22.0,0.0342,61.0
1753533704004,12:41:44.004,ATH/USDT:USDT,0.03416,40.0,0.03415,375.0,0.03419,22.0,0.0342,61.0
1753533706691,12:41:46.691,ATH/USDT:USDT,0.03416,40.0,0.03415,375.0,0.03419,22.0,0.0342,61.0
1753533712859,12:41:52.859,ATH/USDT:USDT,0.03416,40.0,0.03415,375.0,0.03419,22.0,0.0342,61.0
1753533713414,12:41:53.414,ATH/USDT:USDT,0.03416,40.0,0.03415,375.0,0.03419,22.0,0.0342,61.0
1753533717288,12:41:57.288,ATH/USDT:USDT,0.03416,40.0,0.03415,90.0,0.03419,22.0,0.0342,61.0
1753533717375,12:41:57.375,ATH/USDT:USDT,0.03416,40.0,0.03415,90.0,0.03419,22.0,0.0342,61.0
1753533717508,12:41:57.508,ATH/USDT:USDT,0.03416,41.0,0.03415,90.0,0.03418,22.0,0.03419,62.0
1753533717823,12:41:57.823,ATH/USDT:USDT,0.03416,41.0,0.03415,90.0,0.03418,21.0,0.03419,62.0
1753533717828,12:41:57.828,ATH/USDT:USDT,0.03416,41.0,0.03415,90.0,0.03418,22.0,0.03419,62.0
1753533718137,12:41:58.137,ATH/USDT:USDT,0.03416,41.0,0.03415,90.0,0.03418,21.0,0.03419,62.0
1753533720009,12:42:00.009,ATH/USDT:USDT,0.03416,41.0,0.03415,90.0,0.03418,21.0,0.03419,62.0
1753533720047,12:42:00.047,ATH/USDT:USDT,0.03416,40.0,0.03415,90.0,0.03418,22.0,0.03419,62.0
1753533720187,12:42:00.187,ATH/USDT:USDT,0.03416,40.0,0.03415,90.0,0.03418,22.0,0.03419,62.0
1753533720247,12:42:00.247,ATH/USDT:USDT,0.03416,40.0,0.03415,90.0,0.03418,22.0,0.03419,62.0
1753533720522,12:42:00.522,ATH/USDT:USDT,0.03416,40.0,0.03415,68.0,0.03418,22.0,0.03419,62.0
1753533721706,12:42:01.706,ATH/USDT:USDT,0.03416,40.0,0.03415,68.0,0.03418,22.0,0.03419,62.0
1753533722181,12:42:02.181,ATH/USDT:USDT,0.03416,40.0,0.03415,68.0,0.03418,22.0,0.03419,118.0
1753533722944,12:42:02.944,ATH/USDT:USDT,0.03416,40.0,0.03415,68.0,0.03418,23.0,0.03419,118.0
1753533723078,12:42:03.078,ATH/USDT:USDT,0.03416,40.0,0.03415,68.0,0.03418,23.0,0.03419,118.0
1753533723309,12:42:03.309,ATH/USDT:USDT,0.03415,40.0,0.03414,22.0,0.03417,23.0,0.03418,21.0
1753533723342,12:42:03.342,ATH/USDT:USDT,0.03415,40.0,0.03414,22.0,0.03417,23.0,0.03418,21.0
1753533723507,12:42:03.507,ATH/USDT:USDT,0.03415,41.0,0.03414,22.0,0.03417,22.0,0.03418,21.0
1753533723617,12:42:03.617,ATH/USDT:USDT,0.03415,41.0,0.03414,22.0,0.03418,21.0,0.03419,211.0
1753533723678,12:42:03.678,ATH/USDT:USDT,0.03415,40.0,0.03414,22.0,0.03418,21.0,0.03419,211.0
1753533724003,12:42:04.003,ATH/USDT:USDT,0.03415,40.0,0.03414,22.0,0.03418,21.0,0.03419,211.0
1753533724361,12:42:04.361,ATH/USDT:USDT,0.03415,40.0,0.03414,22.0,0.03418,21.0,0.03419,211.0
1753533726161,12:42:06.161,ATH/USDT:USDT,0.03415,40.0,0.03414,22.0,0.03418,21.0,0.03419,211.0
1753533726344,12:42:06.344,ATH/USDT:USDT,0.03415,40.0,0.03414,22.0,0.03418,21.0,0.03419,211.0
1753533726426,12:42:06.426,ATH/USDT:USDT,0.03415,40.0,0.03414,22.0,0.03418,21.0,0.03419,211.0
1753533729486,12:42:09.486,ATH/USDT:USDT,0.03415,61.0,0.03414,22.0,0.03418,21.0,0.03419,211.0
1753533732097,12:42:12.097,ATH/USDT:USDT,0.03415,61.0,0.03414,22.0,0.03418,21.0,0.03419,211.0
1753533735007,12:42:15.007,ATH/USDT:USDT,0.03415,61.0,0.03414,22.0,0.03418,21.0,0.03419,211.0
1753533735423,12:42:15.423,ATH/USDT:USDT,0.03415,61.0,0.03414,22.0,0.03418,21.0,0.03419,211.0
1753533738122,12:42:18.122,ATH/USDT:USDT,0.03416,21.0,0.03415,61.0,0.03419,146.0,0.0342,170.0
1753533738188,12:42:18.188,ATH/USDT:USDT,0.03416,61.0,0.03415,89.0,0.03419,118.0,0.0342,21.0
1753533738262,12:42:18.262,ATH/USDT:USDT,0.03416,61.0,0.03415,89.0,0.03419,118.0,0.0342,21.0
1753533738352,12:42:18.352,ATH/USDT:USDT,0.03416,61.0,0.03415,238.0,0.03419,62.0,0.0342,21.0
1753533738454,12:42:18.454,ATH/USDT:USDT,0.03416,61.0,0.03415,238.0,0.03419,62.0,0.0342,21.0
1753533739004,12:42:19.004,ATH/USDT:USDT,0.03416,61.0,0.03415,238.0,0.03419,62.0,0.0342,21.0
1753533739224,12:42:19.224,ATH/USDT:USDT,0.03416,61.0,0.03415,238.0,0.03419,62.0,0.0342,21.0
1753533739440,12:42:19.440,ATH/USDT:USDT,0.03416,61.0,0.03415,238.0,0.03419,62.0,0.0342,21.0
1753533739675,12:42:19.675,ATH/USDT:USDT,0.03416,61.0,0.03415,238.0,0.03419,62.0,0.0342,21.0
1753533740648,12:42:20.648,ATH/USDT:USDT,0.03416,61.0,0.03415,238.0,0.03419,62.0,0.0342,21.0
1753533741006,12:42:21.006,ATH/USDT:USDT,0.03416,61.0,0.03415,238.0,0.03419,62.0,0.0342,21.0
1753533743096,12:42:23.096,ATH/USDT:USDT,0.03416,61.0,0.03415,61.0,0.03419,62.0,0.0342,21.0
1753533743178,12:42:23.178,ATH/USDT:USDT,0.03416,61.0,0.03415,61.0,0.03419,62.0,0.0342,21.0
1753533743311,12:42:23.311,ATH/USDT:USDT,0.03416,41.0,0.03415,89.0,0.03418,22.0,0.03419,62.0
1753533743399,12:42:23.399,ATH/USDT:USDT,0.03416,40.0,0.03415,89.0,0.03418,22.0,0.03419,62.0
1753533743733,12:42:23.733,ATH/USDT:USDT,0.03416,42.0,0.03415,89.0,0.03418,21.0,0.03419,62.0
1753533744016,12:42:24.016,ATH/USDT:USDT,0.03416,41.0,0.03415,89.0,0.03418,22.0,0.03419,62.0
1753533744089,12:42:24.089,ATH/USDT:USDT,0.03416,42.0,0.03415,89.0,0.03418,22.0,0.03419,62.0
1753533744284,12:42:24.284,ATH/USDT:USDT,0.03416,42.0,0.03415,89.0,0.03418,21.0,0.03419,62.0
1753533744545,12:42:24.545,ATH/USDT:USDT,0.03416,42.0,0.03415,89.0,0.03418,21.0,0.03419,62.0
1753533745518,12:42:25.518,ATH/USDT:USDT,0.03416,41.0,0.03415,89.0,0.03418,21.0,0.03419,62.0
1753533745962,12:42:25.962,ATH/USDT:USDT,0.03416,40.0,0.03415,89.0,0.03418,22.0,0.03419,62.0
1753533746115,12:42:26.115,ATH/USDT:USDT,0.03416,63.0,0.03415,89.0,0.03419,62.0,0.0342,61.0
1753533746195,12:42:26.195,ATH/USDT:USDT,0.03416,62.0,0.03415,89.0,0.03419,22.0,0.0342,61.0
1753533746315,12:42:26.315,ATH/USDT:USDT,0.03416,140.0,0.03415,357.0,0.03419,22.0,0.0342,61.0
1753533746412,12:42:26.412,ATH/USDT:USDT,0.03416,140.0,0.03415,238.0,0.03419,22.0,0.0342,61.0
1753533746776,12:42:26.776,ATH/USDT:USDT,0.03416,140.0,0.03415,238.0,0.03419,22.0,0.0342,61.0
1753533747021,12:42:27.021,ATH/USDT:USDT,0.03416,140.0,0.03415,238.0,0.03419,22.0,0.0342,61.0
1753533747188,12:42:27.188,ATH/USDT:USDT,0.03416,140.0,0.03415,357.0,0.03419,22.0,0.0342,61.0
1753533747748,12:42:27.748,ATH/USDT:USDT,0.03416,140.0,0.03415,357.0,0.03419,22.0,0.0342,61.0
1753533747845,12:42:27.845,ATH/USDT:USDT,0.03416,140.0,0.03415,357.0,0.03419,22.0,0.0342,61.0
1753533748261,12:42:28.261,ATH/USDT:USDT,0.03416,140.0,0.03415,357.0,0.03419,22.0,0.0342,61.0
1753533750906,12:42:30.906,ATH/USDT:USDT,0.03416,140.0,0.03415,414.0,0.03419,22.0,0.0342,61.0
1753533752450,12:42:32.450,ATH/USDT:USDT,0.03416,140.0,0.03415,414.0,0.03419,22.0,0.0342,61.0
1753533753600,12:42:33.600,ATH/USDT:USDT,0.03416,140.0,0.03415,414.0,0.03419,22.0,0.0342,61.0
1753533755354,12:42:35.354,ATH/USDT:USDT,0.03416,140.0,0.03415,357.0,0.03419,22.0,0.0342,61.0
1753533755511,12:42:35.511,ATH/USDT:USDT,0.03416,62.0,0.03415,357.0,0.03419,22.0,0.0342,61.0
1753533755535,12:42:35.535,ATH/USDT:USDT,0.03416,62.0,0.03415,357.0,0.03419,22.0,0.0342,61.0
1753533755628,12:42:35.628,ATH/USDT:USDT,0.03416,140.0,0.03415,357.0,0.03419,22.0,0.0342,61.0
1753533756605,12:42:36.605,ATH/USDT:USDT,0.03416,140.0,0.03415,357.0,0.03419,22.0,0.0342,61.0
1753533756944,12:42:36.944,ATH/USDT:USDT,0.03416,140.0,0.03415,357.0,0.03419,22.0,0.0342,61.0
1753533757568,12:42:37.568,ATH/USDT:USDT,0.03416,40.0,0.03415,89.0,0.03419,22.0,0.0342,61.0
1753533758006,12:42:38.006,ATH/USDT:USDT,0.03416,40.0,0.03415,89.0,0.03419,22.0,0.0342,61.0
1753533759946,12:42:39.946,ATH/USDT:USDT,0.03416,40.0,0.03415,89.0,0.03419,22.0,0.0342,61.0
1753533760624,12:42:40.624,ATH/USDT:USDT,0.03416,40.0,0.03415,89.0,0.03419,22.0,0.0342,61.0
1753533763988,12:42:43.988,ATH/USDT:USDT,0.03416,40.0,0.03415,89.0,0.03418,24.0,0.03419,62.0
1753533765461,12:42:45.461,ATH/USDT:USDT,0.03416,40.0,0.03415,89.0,0.03418,24.0,0.03419,62.0
1753533766136,12:42:46.136,ATH/USDT:USDT,0.03416,40.0,0.03415,89.0,0.03418,24.0,0.03419,120.0
1753533766528,12:42:46.528,ATH/USDT:USDT,0.03416,40.0,0.03415,89.0,0.03418,24.0,0.03419,120.0
1753533771035,12:42:51.035,ATH/USDT:USDT,0.03416,40.0,0.03415,89.0,0.03418,24.0,0.03419,120.0
1753533776392,12:42:56.392,ATH/USDT:USDT,0.03416,63.0,0.03415,89.0,0.03418,22.0,0.03419,120.0
1753533776682,12:42:56.682,ATH/USDT:USDT,0.03416,62.0,0.03415,89.0,0.03418,24.0,0.03419,120.0
1753533777643,12:42:57.643,ATH/USDT:USDT,0.03416,63.0,0.03415,89.0,0.03418,24.0,0.03419,120.0
1753533778572,12:42:58.572,ATH/USDT:USDT,0.03416,64.0,0.03415,89.0,0.03418,22.0,0.03419,120.0
1753533778761,12:42:58.761,ATH/USDT:USDT,0.03416,63.0,0.03415,89.0,0.03418,24.0,0.03419,120.0
1753533779271,12:42:59.271,ATH/USDT:USDT,0.03416,63.0,0.03415,89.0,0.03418,24.0,0.03419,120.0
1753533779718,12:42:59.718,ATH/USDT:USDT,0.03416,63.0,0.03415,89.0,0.03418,23.0,0.03419,120.0
1753533779815,12:42:59.815,ATH/USDT:USDT,0.03416,63.0,0.03415,89.0,0.03418,1.0,0.03419,120.0
1753533780791,12:43:00.791,ATH/USDT:USDT,0.03416,62.0,0.03415,89.0,0.03418,2.0,0.03419,120.0
1753533783313,12:43:03.313,ATH/USDT:USDT,0.03416,64.0,0.03415,89.0,0.03419,120.0,0.0342,61.0
1753533783328,12:43:03.328,ATH/USDT:USDT,0.03416,63.0,0.03415,89.0,0.03419,120.0,0.0342,61.0
1753533783425,12:43:03.425,ATH/USDT:USDT,0.03416,62.0,0.03415,89.0,0.03419,120.0,0.0342,61.0
1753533785833,12:43:05.833,ATH/USDT:USDT,0.03416,41.0,0.03415,89.0,0.03418,23.0,0.03419,120.0
1753533788671,12:43:08.671,ATH/USDT:USDT,0.03416,42.0,0.03415,89.0,0.03418,23.0,0.03419,120.0
1753533790150,12:43:10.150,ATH/USDT:USDT,0.03416,42.0,0.03415,89.0,0.03418,22.0,0.03419,120.0
1753533790463,12:43:10.463,ATH/USDT:USDT,0.03416,42.0,0.03415,89.0,0.03418,21.0,0.03419,120.0
1753533795038,12:43:15.038,ATH/USDT:USDT,0.03416,63.0,0.03415,89.0,0.03418,21.0,0.03419,120.0
1753533795917,12:43:15.917,ATH/USDT:USDT,0.03416,62.0,0.03415,89.0,0.03419,120.0,0.0342,61.0
1753533795987,12:43:15.987,ATH/USDT:USDT,0.03416,62.0,0.03415,89.0,0.03419,120.0,0.0342,61.0
1753533800690,12:43:20.690,ATH/USDT:USDT,0.03416,61.0,0.03415,89.0,0.03419,120.0,0.0342,61.0
1753533802353,12:43:22.353,ATH/USDT:USDT,0.03416,61.0,0.03415,89.0,0.03419,120.0,0.0342,61.0
1753533802894,12:43:22.894,ATH/USDT:USDT,0.03416,61.0,0.03415,89.0,0.03419,120.0,0.0342,61.0
1753533804652,12:43:24.652,ATH/USDT:USDT,0.03416,42.0,0.03415,89.0,0.03418,22.0,0.03419,120.0
1753533806425,12:43:26.425,ATH/USDT:USDT,0.03416,42.0,0.03415,89.0,0.03418,21.0,0.03419,120.0
1753533806434,12:43:26.434,ATH/USDT:USDT,0.03416,42.0,0.03415,89.0,0.03418,21.0,0.03419,120.0
1753533817243,12:43:37.243,ATH/USDT:USDT,0.03416,42.0,0.03415,89.0,0.03418,22.0,0.03419,120.0
1753533817480,12:43:37.480,ATH/USDT:USDT,0.03416,42.0,0.03415,89.0,0.03418,22.0,0.03419,120.0
1753533817602,12:43:37.602,ATH/USDT:USDT,0.03416,42.0,0.03415,89.0,0.03418,22.0,0.03419,120.0
1753533817788,12:43:37.788,ATH/USDT:USDT,0.03416,63.0,0.03415,89.0,0.03418,22.0,0.03419,120.0
1753533818692,12:43:38.692,ATH/USDT:USDT,0.03416,63.0,0.03415,89.0,0.03418,22.0,0.03419,120.0
1753533818913,12:43:38.913,ATH/USDT:USDT,0.03416,63.0,0.03415,89.0,0.03418,22.0,0.03419,120.0
1753533818967,12:43:38.967,ATH/USDT:USDT,0.03416,62.0,0.03415,89.0,0.03419,120.0,0.0342,61.0
1753533820605,12:43:40.605,ATH/USDT:USDT,0.03416,62.0,0.03415,89.0,0.03419,120.0,0.0342,61.0
1753533826312,12:43:46.312,ATH/USDT:USDT,0.03416,62.0,0.03415,89.0,0.03419,120.0,0.0342,61.0
1753533826812,12:43:46.812,ATH/USDT:USDT,0.03416,62.0,0.03415,89.0,0.03419,120.0,0.0342,61.0
1753533826827,12:43:46.827,ATH/USDT:USDT,0.03416,62.0,0.03415,156.0,0.03419,120.0,0.0342,61.0
1753533828386,12:43:48.386,ATH/USDT:USDT,0.03416,62.0,0.03415,156.0,0.03419,120.0,0.0342,61.0
1753533830493,12:43:50.493,ATH/USDT:USDT,0.03416,62.0,0.03415,156.0,0.03419,120.0,0.0342,61.0
1753533834588,12:43:54.588,ATH/USDT:USDT,0.03416,42.0,0.03415,156.0,0.03418,22.0,0.03419,120.0
1753533835005,12:43:55.005,ATH/USDT:USDT,0.03416,42.0,0.03415,156.0,0.03418,22.0,0.03419,120.0
1753533839901,12:43:59.901,ATH/USDT:USDT,0.03416,42.0,0.03415,156.0,0.03418,22.0,0.03419,120.0
1753533840405,12:44:00.405,ATH/USDT:USDT,0.03416,64.0,0.03415,156.0,0.03418,21.0,0.03419,120.0
1753533841740,12:44:01.740,ATH/USDT:USDT,0.03416,64.0,0.03415,156.0,0.03418,22.0,0.03419,120.0
1753533844687,12:44:04.687,ATH/USDT:USDT,0.03416,64.0,0.03415,156.0,0.03418,21.0,0.03419,120.0
1753533845908,12:44:05.908,ATH/USDT:USDT,0.03416,63.0,0.03415,327.0,0.03419,62.0,0.0342,61.0
1753533846009,12:44:06.009,ATH/USDT:USDT,0.03416,141.0,0.03415,327.0,0.03419,62.0,0.0342,61.0
1753533846028,12:44:06.028,ATH/USDT:USDT,0.03416,141.0,0.03415,327.0,0.03419,62.0,0.0342,61.0
1753533848008,12:44:08.008,ATH/USDT:USDT,0.03416,141.0,0.03415,390.0,0.03419,62.0,0.0342,61.0
1753533849031,12:44:09.031,ATH/USDT:USDT,0.03416,141.0,0.03415,390.0,0.03419,62.0,0.0342,61.0
1753533849408,12:44:09.408,ATH/USDT:USDT,0.03417,24.0,0.03416,140.0,0.03419,63.0,0.0342,61.0
1753533849514,12:44:09.514,ATH/USDT:USDT,0.03417,23.0,0.03416,140.0,0.03419,64.0,0.0342,61.0
1753533849540,12:44:09.540,ATH/USDT:USDT,0.03417,24.0,0.03416,140.0,0.03419,64.0,0.0342,61.0
1753533849701,12:44:09.701,ATH/USDT:USDT,0.03416,140.0,0.03415,390.0,0.03419,63.0,0.0342,61.0
1753533850115,12:44:10.115,ATH/USDT:USDT,0.03416,140.0,0.03415,390.0,0.03419,63.0,0.0342,61.0
1753533850339,12:44:10.339,ATH/USDT:USDT,0.03416,140.0,0.03415,390.0,0.03419,62.0,0.0342,61.0
1753533850514,12:44:10.514,ATH/USDT:USDT,0.03416,140.0,0.03415,390.0,0.03419,62.0,0.0342,61.0
1753533855139,12:44:15.139,ATH/USDT:USDT,0.03416,140.0,0.03415,390.0,0.03419,62.0,0.0342,61.0
1753533856508,12:44:16.508,ATH/USDT:USDT,0.03416,140.0,0.03415,390.0,0.03419,62.0,0.0342,61.0
1753533858254,12:44:18.254,ATH/USDT:USDT,0.03417,24.0,0.03416,140.0,0.03419,62.0,0.0342,61.0
1753533858571,12:44:18.571,ATH/USDT:USDT,0.03417,24.0,0.03416,140.0,0.03419,62.0,0.0342,61.0
1753533860683,12:44:20.683,ATH/USDT:USDT,0.03417,24.0,0.03416,140.0,0.03419,62.0,0.0342,61.0
1753533861258,12:44:21.258,ATH/USDT:USDT,0.03417,24.0,0.03416,140.0,0.03419,64.0,0.0342,61.0
1753533862696,12:44:22.696,ATH/USDT:USDT,0.03417,2.0,0.03416,140.0,0.03419,64.0,0.0342,61.0
1753533863009,12:44:23.009,ATH/USDT:USDT,0.03417,2.0,0.03416,140.0,0.03419,64.0,0.0342,61.0
1753533863489,12:44:23.489,ATH/USDT:USDT,0.03417,1.0,0.03416,140.0,0.03419,64.0,0.0342,61.0
1753533865023,12:44:25.023,ATH/USDT:USDT,0.03416,140.0,0.03415,390.0,0.03419,63.0,0.0342,61.0
1753533865430,12:44:25.430,ATH/USDT:USDT,0.03416,140.0,0.03415,390.0,0.03419,63.0,0.0342,61.0
1753533865584,12:44:25.584,ATH/USDT:USDT,0.03416,140.0,0.03415,390.0,0.03419,62.0,0.0342,61.0
1753533870710,12:44:30.710,ATH/USDT:USDT,0.03416,142.0,0.03415,390.0,0.03419,62.0,0.0342,61.0
1753533870744,12:44:30.744,ATH/USDT:USDT,0.03416,64.0,0.03415,390.0,0.03418,22.0,0.03419,62.0
1753533870828,12:44:30.828,ATH/USDT:USDT,0.03416,142.0,0.03415,390.0,0.03418,22.0,0.03419,62.0
1753533871070,12:44:31.070,ATH/USDT:USDT,0.03416,142.0,0.03415,390.0,0.03418,22.0,0.03419,62.0
1753533871919,12:44:31.919,ATH/USDT:USDT,0.03416,142.0,0.03415,390.0,0.03418,22.0,0.03419,62.0
1753533872297,12:44:32.297,ATH/USDT:USDT,0.03416,142.0,0.03415,390.0,0.03418,22.0,0.03419,62.0
1753533874429,12:44:34.429,ATH/USDT:USDT,0.03416,64.0,0.03415,390.0,0.03418,22.0,0.03419,62.0
1753533874527,12:44:34.527,ATH/USDT:USDT,0.03416,142.0,0.03415,390.0,0.03418,22.0,0.03419,62.0
1753533876799,12:44:36.799,ATH/USDT:USDT,0.03416,142.0,0.03415,390.0,0.03419,62.0,0.0342,61.0
1753533877143,12:44:37.143,ATH/USDT:USDT,0.03416,142.0,0.03415,390.0,0.03419,62.0,0.0342,61.0
1753533880776,12:44:40.776,ATH/USDT:USDT,0.03416,142.0,0.03415,390.0,0.03418,22.0,0.03419,62.0
1753533880902,12:44:40.902,ATH/USDT:USDT,0.03416,142.0,0.03415,390.0,0.03418,22.0,0.03419,62.0
1753533881172,12:44:41.172,ATH/USDT:USDT,0.03416,142.0,0.03415,390.0,0.03418,22.0,0.03419,62.0
1753533881551,12:44:41.551,ATH/USDT:USDT,0.03416,64.0,0.03415,390.0,0.03418,22.0,0.03419,62.0
1753533881627,12:44:41.627,ATH/USDT:USDT,0.03416,142.0,0.03415,390.0,0.03418,22.0,0.03419,62.0
1753533882522,12:44:42.522,ATH/USDT:USDT,0.03416,142.0,0.03415,390.0,0.03418,22.0,0.03419,62.0
1753533884799,12:44:44.799,ATH/USDT:USDT,0.03416,142.0,0.03415,390.0,0.03419,62.0,0.0342,61.0
1753533885207,12:44:45.207,ATH/USDT:USDT,0.03416,142.0,0.03415,390.0,0.03419,62.0,0.0342,61.0
1753533887819,12:44:47.819,ATH/USDT:USDT,0.03416,64.0,0.03415,390.0,0.03418,22.0,0.03419,62.0
1753533887830,12:44:47.830,ATH/USDT:USDT,0.03416,63.0,0.03415,390.0,0.03418,22.0,0.03419,62.0
1753533888059,12:44:48.059,ATH/USDT:USDT,0.03416,142.0,0.03415,390.0,0.03418,22.0,0.03419,62.0
1753533896455,12:44:56.455,ATH/USDT:USDT,0.03416,142.0,0.03415,390.0,0.03418,22.0,0.03419,62.0
1753533896919,12:44:56.919,ATH/USDT:USDT,0.03416,142.0,0.03415,390.0,0.03418,22.0,0.03419,62.0
1753533897922,12:44:57.922,ATH/USDT:USDT,0.03416,142.0,0.03415,390.0,0.03419,62.0,0.0342,61.0
1753533897938,12:44:57.938,ATH/USDT:USDT,0.03416,230.0,0.03415,390.0,0.03419,62.0,0.0342,61.0
1753533901403,12:45:01.403,ATH/USDT:USDT,0.03416,230.0,0.03415,390.0,0.03418,21.0,0.03419,62.0
1753533901761,12:45:01.761,ATH/USDT:USDT,0.03416,230.0,0.03415,390.0,0.03418,21.0,0.03419,62.0
1753533906905,12:45:06.905,ATH/USDT:USDT,0.03416,230.0,0.03415,390.0,0.03418,21.0,0.03419,62.0
1753533906965,12:45:06.965,ATH/USDT:USDT,0.03416,230.0,0.03415,390.0,0.03418,21.0,0.03419,62.0
1753533907103,12:45:07.103,ATH/USDT:USDT,0.03416,318.0,0.03415,390.0,0.03419,62.0,0.0342,61.0
1753533908006,12:45:08.006,ATH/USDT:USDT,0.03416,318.0,0.03415,390.0,0.03419,62.0,0.0342,61.0
1753533908179,12:45:08.179,ATH/USDT:USDT,0.03416,240.0,0.03415,260.0,0.03418,21.0,0.03419,62.0
1753533908228,12:45:08.228,ATH/USDT:USDT,0.03416,240.0,0.03415,387.0,0.03418,21.0,0.03419,62.0
1753533914567,12:45:14.567,ATH/USDT:USDT,0.03416,318.0,0.03415,387.0,0.03418,21.0,0.03419,62.0
1753533920605,12:45:20.605,ATH/USDT:USDT,0.03416,318.0,0.03415,387.0,0.03419,62.0,0.0342,61.0
1753533921541,12:45:21.541,ATH/USDT:USDT,0.03416,318.0,0.03415,387.0,0.03419,62.0,0.0342,61.0
1753533923481,12:45:23.481,ATH/USDT:USDT,0.03416,240.0,0.03415,387.0,0.03418,22.0,0.03419,62.0
1753533928023,12:45:28.023,ATH/USDT:USDT,0.03416,318.0,0.03415,387.0,0.03419,62.0,0.0342,61.0
1753533928308,12:45:28.308,ATH/USDT:USDT,0.03416,318.0,0.03415,387.0,0.03418,22.0,0.03419,62.0
1753533929037,12:45:29.037,ATH/USDT:USDT,0.03416,318.0,0.03415,387.0,0.03419,62.0,0.0342,61.0
1753533929288,12:45:29.288,ATH/USDT:USDT,0.03417,22.0,0.03416,141.0,0.03419,64.0,0.0342,61.0
1753533929592,12:45:29.592,ATH/USDT:USDT,0.03417,23.0,0.03416,141.0,0.03419,64.0,0.0342,61.0
1753533930450,12:45:30.450,ATH/USDT:USDT,0.03417,23.0,0.03416,141.0,0.03419,64.0,0.0342,61.0
1753533930812,12:45:30.812,ATH/USDT:USDT,0.03417,22.0,0.03416,141.0,0.03419,64.0,0.0342,61.0
1753533931996,12:45:31.996,ATH/USDT:USDT,0.03417,23.0,0.03416,141.0,0.03419,63.0,0.0342,61.0
1753533933523,12:45:33.523,ATH/USDT:USDT,0.03418,22.0,0.03417,23.0,0.0342,61.0,0.03421,107.0
1753533933553,12:45:33.553,ATH/USDT:USDT,0.03418,22.0,0.03417,22.0,0.0342,62.0,0.03421,107.0
1753533933688,12:45:33.688,ATH/USDT:USDT,0.03417,24.0,0.03416,140.0,0.03419,22.0,0.0342,62.0
1753533934035,12:45:34.035,ATH/USDT:USDT,0.03417,23.0,0.03416,140.0,0.03419,22.0,0.0342,62.0
1753533934667,12:45:34.667,ATH/USDT:USDT,0.03417,24.0,0.03416,140.0,0.03419,22.0,0.0342,62.0
1753533934852,12:45:34.852,ATH/USDT:USDT,0.03417,23.0,0.03416,140.0,0.03419,22.0,0.0342,62.0
1753533935771,12:45:35.771,ATH/USDT:USDT,0.03417,22.0,0.03416,140.0,0.03419,23.0,0.0342,61.0
1753533936023,12:45:36.023,ATH/USDT:USDT,0.03417,22.0,0.03416,140.0,0.03419,23.0,0.0342,61.0
1753533937352,12:45:37.352,ATH/USDT:USDT,0.03417,23.0,0.03416,140.0,0.03419,24.0,0.0342,61.0
1753533937435,12:45:37.435,ATH/USDT:USDT,0.03417,24.0,0.03416,140.0,0.03419,22.0,0.0342,61.0
1753533937847,12:45:37.847,ATH/USDT:USDT,0.03417,24.0,0.03416,224.0,0.03419,22.0,0.0342,61.0
1753533938755,12:45:38.755,ATH/USDT:USDT,0.03417,24.0,0.03416,224.0,0.0342,61.0,0.03421,107.0
1753533938895,12:45:38.895,ATH/USDT:USDT,0.03417,24.0,0.03416,224.0,0.0342,61.0,0.03421,107.0
1753533938999,12:45:38.999,ATH/USDT:USDT,0.03417,64.0,0.03416,224.0,0.0342,61.0,0.03421,107.0
1753533940802,12:45:40.802,ATH/USDT:USDT,0.03417,64.0,0.03416,224.0,0.03419,21.0,0.0342,61.0
1753533940921,12:45:40.921,ATH/USDT:USDT,0.03417,64.0,0.03416,224.0,0.03419,21.0,0.0342,61.0
1753533940980,12:45:40.980,ATH/USDT:USDT,0.03417,64.0,0.03416,224.0,0.03419,21.0,0.0342,61.0
1753533945022,12:45:45.022,ATH/USDT:USDT,0.03417,64.0,0.03416,224.0,0.0342,61.0,0.03421,107.0
1753533945354,12:45:45.354,ATH/USDT:USDT,0.03417,64.0,0.03416,224.0,0.0342,61.0,0.03421,107.0
1753533946375,12:45:46.375,ATH/USDT:USDT,0.03417,64.0,0.03416,224.0,0.0342,61.0,0.03421,107.0
1753533947554,12:45:47.554,ATH/USDT:USDT,0.03417,64.0,0.03416,224.0,0.0342,61.0,0.03421,107.0
1753533948233,12:45:48.233,ATH/USDT:USDT,0.03417,64.0,0.03416,224.0,0.0342,61.0,0.03421,107.0
1753533948478,12:45:48.478,ATH/USDT:USDT,0.03417,64.0,0.03416,224.0,0.03419,21.0,0.0342,61.0
1753533948598,12:45:48.598,ATH/USDT:USDT,0.03417,64.0,0.03416,224.0,0.03419,21.0,0.0342,61.0
1753533948722,12:45:48.722,ATH/USDT:USDT,0.03417,64.0,0.03416,282.0,0.03419,21.0,0.0342,61.0
1753533948799,12:45:48.799,ATH/USDT:USDT,0.03417,64.0,0.03416,282.0,0.0342,61.0,0.03421,107.0
1753533949012,12:45:49.012,ATH/USDT:USDT,0.03417,64.0,0.03416,282.0,0.0342,61.0,0.03421,107.0
1753533949035,12:45:49.035,ATH/USDT:USDT,0.03417,64.0,0.03416,282.0,0.0342,61.0,0.03421,107.0
1753533949822,12:45:49.822,ATH/USDT:USDT,0.03418,22.0,0.03417,63.0,0.0342,61.0,0.03421,107.0
1753533949923,12:45:49.923,ATH/USDT:USDT,0.03418,23.0,0.03417,112.0,0.03421,79.0,0.03422,22.0
1753533950012,12:45:50.012,ATH/USDT:USDT,0.03419,23.0,0.03418,21.0,0.03421,79.0,0.03422,22.0
1753533950109,12:45:50.109,ATH/USDT:USDT,0.03418,21.0,0.03417,112.0,0.03422,22.0,0.03423,107.0
1753533950130,12:45:50.130,ATH/USDT:USDT,0.03418,21.0,0.03417,112.0,0.03422,22.0,0.03423,107.0
1753533950318,12:45:50.318,ATH/USDT:USDT,0.03418,21.0,0.03417,112.0,0.03422,22.0,0.03423,107.0
1753533950329,12:45:50.329,ATH/USDT:USDT,0.03418,21.0,0.03417,112.0,0.03422,22.0,0.03423,107.0
1753533950616,12:45:50.616,ATH/USDT:USDT,0.03418,21.0,0.03417,193.0,0.03422,22.0,0.03423,107.0
1753533950868,12:45:50.868,ATH/USDT:USDT,0.03419,21.0,0.03418,61.0,0.03422,62.0,0.03423,147.0
1753533950976,12:45:50.976,ATH/USDT:USDT,0.03419,22.0,0.03418,61.0,0.03421,21.0,0.03422,62.0
1753533951219,12:45:51.219,ATH/USDT:USDT,0.03419,23.0,0.03418,61.0,0.03421,21.0,0.03422,62.0
1753533951319,12:45:51.319,ATH/USDT:USDT,0.03419,23.0,0.03418,61.0,0.03421,21.0,0.03422,62.0
1753533952708,12:45:52.708,ATH/USDT:USDT,0.03419,2.0,0.03418,61.0,0.03421,21.0,0.03422,62.0
1753533952905,12:45:52.905,ATH/USDT:USDT,0.03419,2.0,0.03418,61.0,0.03421,21.0,0.03422,62.0
1753533952989,12:45:52.989,ATH/USDT:USDT,0.03419,2.0,0.03418,61.0,0.03421,21.0,0.03422,62.0
1753533953115,12:45:53.115,ATH/USDT:USDT,0.03419,2.0,0.03418,61.0,0.03421,21.0,0.03422,62.0
1753533954118,12:45:54.118,ATH/USDT:USDT,0.03419,23.0,0.03418,61.0,0.03421,21.0,0.03422,62.0
1753533954124,12:45:54.124,ATH/USDT:USDT,0.03419,23.0,0.03418,61.0,0.03421,21.0,0.03422,62.0
1753533954517,12:45:54.517,ATH/USDT:USDT,0.03419,23.0,0.03418,61.0,0.03421,21.0,0.03422,62.0
1753533954589,12:45:54.589,ATH/USDT:USDT,0.03419,23.0,0.03418,61.0,0.03421,21.0,0.03422,62.0
1753533957592,12:45:57.592,ATH/USDT:USDT,0.03419,22.0,0.03418,61.0,0.03421,21.0,0.03422,62.0
1753533957658,12:45:57.658,ATH/USDT:USDT,0.03418,61.0,0.03417,193.0,0.03421,22.0,0.03422,62.0
1753533957807,12:45:57.807,ATH/USDT:USDT,0.03418,61.0,0.03417,193.0,0.03421,22.0,0.03422,62.0
1753533957889,12:45:57.889,ATH/USDT:USDT,0.03418,61.0,0.03417,193.0,0.03421,22.0,0.03422,62.0
1753533958470,12:45:58.470,ATH/USDT:USDT,0.03418,63.0,0.03417,193.0,0.0342,21.0,0.03421,22.0
1753533958703,12:45:58.703,ATH/USDT:USDT,0.03418,63.0,0.03417,193.0,0.0342,21.0,0.03421,22.0
1753533959127,12:45:59.127,ATH/USDT:USDT,0.03418,63.0,0.03417,193.0,0.0342,21.0,0.03421,22.0
1753533959410,12:45:59.410,ATH/USDT:USDT,0.03418,63.0,0.03417,193.0,0.0342,21.0,0.03421,21.0
1753533959427,12:45:59.427,ATH/USDT:USDT,0.03418,63.0,0.03417,193.0,0.03421,21.0,0.03422,62.0
1753533959540,12:45:59.540,ATH/USDT:USDT,0.03418,63.0,0.03417,193.0,0.03421,21.0,0.03422,62.0
1753533960575,12:46:00.575,ATH/USDT:USDT,0.03418,63.0,0.03417,193.0,0.03421,21.0,0.03422,62.0
1753533960812,12:46:00.812,ATH/USDT:USDT,0.03418,63.0,0.03417,193.0,0.0342,22.0,0.03421,61.0
1753533960848,12:46:00.848,ATH/USDT:USDT,0.03418,63.0,0.03417,261.0,0.0342,22.0,0.03421,61.0
1753533961168,12:46:01.168,ATH/USDT:USDT,0.03418,63.0,0.03417,261.0,0.0342,22.0,0.03421,61.0
1753533961258,12:46:01.258,ATH/USDT:USDT,0.03418,63.0,0.03417,261.0,0.0342,22.0,0.03421,61.0
1753533961600,12:46:01.600,ATH/USDT:USDT,0.03418,63.0,0.03417,261.0,0.0342,22.0,0.03421,61.0
1753533961983,12:46:01.983,ATH/USDT:USDT,0.03418,63.0,0.03417,261.0,0.0342,22.0,0.03421,61.0
1753533962099,12:46:02.099,ATH/USDT:USDT,0.03418,63.0,0.03417,261.0,0.0342,22.0,0.03421,61.0
1753533964263,12:46:04.263,ATH/USDT:USDT,0.03418,63.0,0.03417,261.0,0.0342,22.0,0.03421,61.0
1753533964999,12:46:04.999,ATH/USDT:USDT,0.03418,63.0,0.03417,261.0,0.0342,22.0,0.03421,61.0
1753533967664,12:46:07.664,ATH/USDT:USDT,0.03418,63.0,0.03417,261.0,0.0342,22.0,0.03421,118.0
1753533968038,12:46:08.038,ATH/USDT:USDT,0.03418,63.0,0.03417,261.0,0.0342,22.0,0.03421,118.0
1753533973097,12:46:13.097,ATH/USDT:USDT,0.03419,22.0,0.03418,62.0,0.03421,61.0,0.03422,62.0
1753533973277,12:46:13.277,ATH/USDT:USDT,0.03419,22.0,0.03418,62.0,0.03421,61.0,0.03422,62.0
1753533974495,12:46:14.495,ATH/USDT:USDT,0.03419,22.0,0.03418,62.0,0.03421,61.0,0.03422,62.0
1753533974901,12:46:14.901,ATH/USDT:USDT,0.03419,22.0,0.03418,62.0,0.03421,61.0,0.03422,62.0
1753533976075,12:46:16.075,ATH/USDT:USDT,0.03419,22.0,0.03418,62.0,0.03421,61.0,0.03422,62.0
1753533977008,12:46:17.008,ATH/USDT:USDT,0.03419,22.0,0.03418,62.0,0.03421,61.0,0.03422,62.0
1753533977597,12:46:17.597,ATH/USDT:USDT,0.03419,22.0,0.03418,62.0,0.03421,61.0,0.03422,62.0
1753533978097,12:46:18.097,ATH/USDT:USDT,0.03419,22.0,0.03418,119.0,0.03421,62.0,0.03422,62.0
1753533979082,12:46:19.082,ATH/USDT:USDT,0.03419,22.0,0.03418,119.0,0.03421,62.0,0.03422,62.0
1753533979321,12:46:19.321,ATH/USDT:USDT,0.03419,22.0,0.03418,119.0,0.03421,62.0,0.03422,62.0
1753533979368,12:46:19.368,ATH/USDT:USDT,0.03419,21.0,0.03418,119.0,0.03421,62.0,0.03422,62.0
1753533979684,12:46:19.684,ATH/USDT:USDT,0.03419,21.0,0.03418,62.0,0.03421,62.0,0.03422,62.0
1753533980187,12:46:20.187,ATH/USDT:USDT,0.03419,21.0,0.03418,62.0,0.03421,63.0,0.03422,62.0
1753533980239,12:46:20.239,ATH/USDT:USDT,0.03419,22.0,0.03418,62.0,0.03421,63.0,0.03422,62.0
1753533980911,12:46:20.911,ATH/USDT:USDT,0.03419,22.0,0.03418,62.0,0.03421,63.0,0.03422,62.0
1753533980927,12:46:20.927,ATH/USDT:USDT,0.03419,22.0,0.03418,62.0,0.03421,62.0,0.03422,62.0
1753533982325,12:46:22.325,ATH/USDT:USDT,0.03419,22.0,0.03418,62.0,0.03421,62.0,0.03422,62.0
1753533982821,12:46:22.821,ATH/USDT:USDT,0.03419,23.0,0.03418,210.0,0.03421,61.0,0.03422,62.0
1753533982839,12:46:22.839,ATH/USDT:USDT,0.03419,23.0,0.03418,210.0,0.03421,40.0,0.03422,62.0
1753533983022,12:46:23.022,ATH/USDT:USDT,0.03419,21.0,0.03418,337.0,0.03421,62.0,0.03422,62.0
1753533983184,12:46:23.184,ATH/USDT:USDT,0.03419,23.0,0.03418,337.0,0.03421,61.0,0.03422,62.0
1753533983499,12:46:23.499,ATH/USDT:USDT,0.03419,63.0,0.03418,337.0,0.03421,61.0,0.03422,62.0
1753533987689,12:46:27.689,ATH/USDT:USDT,0.03419,63.0,0.03418,394.0,0.03421,61.0,0.03422,62.0
1753533992042,12:46:32.042,ATH/USDT:USDT,0.03419,63.0,0.03418,394.0,0.03421,61.0,0.03422,62.0
1753533996337,12:46:36.337,ATH/USDT:USDT,0.03419,63.0,0.03418,394.0,0.03421,61.0,0.03422,62.0
1753534000612,12:46:40.612,ATH/USDT:USDT,0.0342,21.0,0.03419,90.0,0.03422,63.0,0.03423,107.0
1753534000692,12:46:40.692,ATH/USDT:USDT,0.0342,21.0,0.03419,177.0,0.03422,63.0,0.03423,107.0
1753534000993,12:46:40.993,ATH/USDT:USDT,0.03419,177.0,0.03418,289.0,0.03422,63.0,0.03423,107.0
1753534001108,12:46:41.108,ATH/USDT:USDT,0.03419,177.0,0.03418,289.0,0.03422,63.0,0.03423,107.0
1753534001407,12:46:41.407,ATH/USDT:USDT,0.03419,62.0,0.03418,140.0,0.03422,63.0,0.03423,107.0
1753534001524,12:46:41.524,ATH/USDT:USDT,0.03419,62.0,0.03418,140.0,0.03422,63.0,0.03423,107.0
1753534001524,12:46:41.524,ATH/USDT:USDT,0.03419,62.0,0.03418,140.0,0.03422,63.0,0.03423,107.0
1753534001668,12:46:41.668,ATH/USDT:USDT,0.0342,21.0,0.03419,177.0,0.03422,63.0,0.03423,107.0
1753534001943,12:46:41.943,ATH/USDT:USDT,0.0342,21.0,0.03419,177.0,0.03422,63.0,0.03423,107.0
1753534002584,12:46:42.584,ATH/USDT:USDT,0.0342,21.0,0.03419,177.0,0.03422,63.0,0.03423,79.0
1753534002663,12:46:42.663,ATH/USDT:USDT,0.0342,21.0,0.03419,177.0,0.03422,63.0,0.03423,79.0
1753534003007,12:46:43.007,ATH/USDT:USDT,0.0342,21.0,0.03419,177.0,0.03422,63.0,0.03423,79.0
1753534003162,12:46:43.162,ATH/USDT:USDT,0.0342,21.0,0.03419,177.0,0.03422,63.0,0.03423,79.0
1753534005268,12:46:45.268,ATH/USDT:USDT,0.0342,21.0,0.03419,177.0,0.03422,63.0,0.03423,79.0
1753534005362,12:46:45.362,ATH/USDT:USDT,0.0342,23.0,0.03419,176.0,0.03423,79.0,0.03424,22.0
1753534005448,12:46:45.448,ATH/USDT:USDT,0.0342,23.0,0.03419,176.0,0.03423,79.0,0.03424,22.0
1753534005590,12:46:45.590,ATH/USDT:USDT,0.0342,23.0,0.03419,176.0,0.03423,79.0,0.03424,22.0
1753534005630,12:46:45.630,ATH/USDT:USDT,0.0342,23.0,0.03419,176.0,0.03423,79.0,0.03424,22.0
1753534006115,12:46:46.115,ATH/USDT:USDT,0.0342,23.0,0.03419,176.0,0.03423,79.0,0.03424,22.0
1753534006312,12:46:46.312,ATH/USDT:USDT,0.0342,63.0,0.03419,176.0,0.03423,79.0,0.03424,22.0
1753534006409,12:46:46.409,ATH/USDT:USDT,0.0342,63.0,0.03419,176.0,0.03423,79.0,0.03424,22.0
1753534006675,12:46:46.675,ATH/USDT:USDT,0.03421,22.0,0.0342,61.0,0.03423,79.0,0.03424,22.0
1753534006778,12:46:46.778,ATH/USDT:USDT,0.03421,21.0,0.0342,61.0,0.03423,79.0,0.03424,22.0
1753534006824,12:46:46.824,ATH/USDT:USDT,0.03421,21.0,0.0342,61.0,0.03423,79.0,0.03424,22.0
1753534007523,12:46:47.523,ATH/USDT:USDT,0.03421,21.0,0.0342,61.0,0.03423,79.0,0.03424,22.0
1753534007648,12:46:47.648,ATH/USDT:USDT,0.03421,21.0,0.0342,61.0,0.03423,79.0,0.03424,22.0
1753534008512,12:46:48.512,ATH/USDT:USDT,0.03421,21.0,0.0342,61.0,0.03423,79.0,0.03424,22.0
1753534008817,12:46:48.817,ATH/USDT:USDT,0.0342,61.0,0.03419,176.0,0.03423,79.0,0.03424,22.0
1753534008868,12:46:48.868,ATH/USDT:USDT,0.0342,61.0,0.03419,176.0,0.03423,79.0,0.03424,22.0
1753534008940,12:46:48.940,ATH/USDT:USDT,0.0342,63.0,0.03419,176.0,0.03422,21.0,0.03423,79.0
1753534009315,12:46:49.315,ATH/USDT:USDT,0.0342,63.0,0.03419,176.0,0.03422,21.0,0.03423,79.0
1753534010130,12:46:50.130,ATH/USDT:USDT,0.0342,63.0,0.03419,176.0,0.03422,21.0,0.03423,79.0
1753534010500,12:46:50.500,ATH/USDT:USDT,0.0342,63.0,0.03419,176.0,0.03422,21.0,0.03423,79.0
1753534012259,12:46:52.259,ATH/USDT:USDT,0.0342,63.0,0.03419,176.0,0.03422,21.0,0.03423,79.0
1753534012586,12:46:52.586,ATH/USDT:USDT,0.0342,63.0,0.03419,176.0,0.03422,21.0,0.03423,79.0
1753534012760,12:46:52.760,ATH/USDT:USDT,0.0342,63.0,0.03419,176.0,0.03422,21.0,0.03423,79.0
1753534013147,12:46:53.147,ATH/USDT:USDT,0.0342,63.0,0.03419,284.0,0.03422,21.0,0.03423,79.0
1753534014449,12:46:54.449,ATH/USDT:USDT,0.0342,63.0,0.03419,284.0,0.03422,21.0,0.03423,79.0
1753534017521,12:46:57.521,ATH/USDT:USDT,0.0342,63.0,0.03419,284.0,0.03422,21.0,0.03423,79.0
