timestamp,time,symbol,bid1_price,bid1_volume,bid2_price,bid2_volume,ask1_price,ask1_volume,ask2_price,ask2_volume
1753533020000,12:30:20.000,DOOD/USDT:USDT,0.004414,2.0,0.004413,6.0,0.004426,29.0,0.004427,3.0
1753533020116,12:30:20.116,DOOD/USDT:USDT,0.004414,2.0,0.004413,6.0,0.004426,29.0,0.004427,3.0
1753533020516,12:30:20.516,DOOD/USDT:USDT,0.004414,2.0,0.004413,6.0,0.004426,29.0,0.004427,3.0
1753533020572,12:30:20.572,DOOD/USDT:USDT,0.004414,2.0,0.004413,6.0,0.004426,29.0,0.004427,3.0
1753533020935,12:30:20.935,DOOD/USDT:USDT,0.004414,2.0,0.004413,6.0,0.004426,29.0,0.004427,3.0
1753533021030,12:30:21.030,DOOD/USDT:USDT,0.004414,2.0,0.004413,6.0,0.004425,3.0,0.004426,29.0
1753533021113,12:30:21.113,DOOD/USDT:USDT,0.004414,2.0,0.004413,6.0,0.004424,32.0,0.004425,3.0
1753533021199,12:30:21.199,DOOD/USDT:USDT,0.004414,2.0,0.004413,6.0,0.004424,32.0,0.004425,3.0
1753533021319,12:30:21.319,DOOD/USDT:USDT,0.004414,2.0,0.004413,6.0,0.004424,32.0,0.004425,3.0
1753533021352,12:30:21.352,DOOD/USDT:USDT,0.004414,2.0,0.004413,6.0,0.004424,32.0,0.004425,3.0
1753533021574,12:30:21.574,DOOD/USDT:USDT,0.004414,2.0,0.004413,6.0,0.004424,32.0,0.004425,3.0
1753533021933,12:30:21.933,DOOD/USDT:USDT,0.004414,2.0,0.004413,6.0,0.004424,32.0,0.004425,3.0
1753533022049,12:30:22.049,DOOD/USDT:USDT,0.004414,2.0,0.004413,6.0,0.004424,32.0,0.004425,3.0
1753533022173,12:30:22.173,DOOD/USDT:USDT,0.004414,2.0,0.004413,6.0,0.004424,32.0,0.004425,3.0
1753533023297,12:30:23.297,DOOD/USDT:USDT,0.004414,2.0,0.004413,6.0,0.004424,7.0,0.00443,2.0
1753533023354,12:30:23.354,DOOD/USDT:USDT,0.004414,2.0,0.004413,6.0,0.004424,7.0,0.00443,2.0
1753533024202,12:30:24.202,DOOD/USDT:USDT,0.004414,2.0,0.004413,6.0,0.004424,7.0,0.00443,2.0
1753533024542,12:30:24.542,DOOD/USDT:USDT,0.004414,2.0,0.004413,6.0,0.004424,7.0,0.00443,2.0
1753533024656,12:30:24.656,DOOD/USDT:USDT,0.004414,2.0,0.004413,6.0,0.004424,7.0,0.00443,2.0
1753533024926,12:30:24.926,DOOD/USDT:USDT,0.004414,2.0,0.004413,6.0,0.004424,7.0,0.00443,2.0
1753533025425,12:30:25.425,DOOD/USDT:USDT,0.004414,2.0,0.004413,6.0,0.004424,7.0,0.004432,3.0
1753533025611,12:30:25.611,DOOD/USDT:USDT,0.004414,2.0,0.004413,6.0,0.004424,7.0,0.004432,3.0
1753533026030,12:30:26.030,DOOD/USDT:USDT,0.004414,2.0,0.004413,6.0,0.004424,7.0,0.004432,3.0
1753533026286,12:30:26.286,DOOD/USDT:USDT,0.004414,2.0,0.004413,6.0,0.004424,7.0,0.004432,3.0
1753533027447,12:30:27.447,DOOD/USDT:USDT,0.004414,2.0,0.004413,6.0,0.004424,7.0,0.004432,3.0
1753533027580,12:30:27.580,DOOD/USDT:USDT,0.004414,2.0,0.004413,6.0,0.004424,7.0,0.004434,3.0
1753533028207,12:30:28.207,DOOD/USDT:USDT,0.004414,2.0,0.004413,6.0,0.004424,7.0,0.004434,3.0
1753533028306,12:30:28.306,DOOD/USDT:USDT,0.004414,2.0,0.004413,6.0,0.004424,7.0,0.004434,3.0
1753533029473,12:30:29.473,DOOD/USDT:USDT,0.004414,2.0,0.004413,6.0,0.004424,7.0,0.004434,3.0
1753533029555,12:30:29.555,DOOD/USDT:USDT,0.004414,2.0,0.004413,6.0,0.004424,7.0,0.004433,59.0
1753533029766,12:30:29.766,DOOD/USDT:USDT,0.004414,2.0,0.004413,6.0,0.004424,7.0,0.004433,59.0
1753533030043,12:30:30.043,DOOD/USDT:USDT,0.004414,2.0,0.004413,6.0,0.004424,7.0,0.004433,59.0
1753533030056,12:30:30.056,DOOD/USDT:USDT,0.004414,2.0,0.004413,6.0,0.004424,7.0,0.004433,59.0
1753533030214,12:30:30.214,DOOD/USDT:USDT,0.004414,2.0,0.004413,6.0,0.004424,7.0,0.004433,59.0
1753533030849,12:30:30.849,DOOD/USDT:USDT,0.004414,2.0,0.004413,6.0,0.004424,4.0,0.004433,59.0
1753533030920,12:30:30.920,DOOD/USDT:USDT,0.004414,2.0,0.004413,6.0,0.004427,2.0,0.004432,4.0
1753533030955,12:30:30.955,DOOD/USDT:USDT,0.004414,2.0,0.004413,6.0,0.004427,2.0,0.004432,4.0
1753533031135,12:30:31.135,DOOD/USDT:USDT,0.004414,2.0,0.004413,6.0,0.004427,2.0,0.004432,4.0
1753533031457,12:30:31.457,DOOD/USDT:USDT,0.004414,2.0,0.004413,6.0,0.004427,2.0,0.004432,4.0
1753533031927,12:30:31.927,DOOD/USDT:USDT,0.004414,2.0,0.004413,6.0,0.004427,2.0,0.004432,4.0
1753533031969,12:30:31.969,DOOD/USDT:USDT,0.004414,2.0,0.004413,6.0,0.004427,2.0,0.004432,4.0
1753533033594,12:30:33.594,DOOD/USDT:USDT,0.004414,2.0,0.004413,6.0,0.004427,2.0,0.004432,55.0
1753533034090,12:30:34.090,DOOD/USDT:USDT,0.004414,2.0,0.004413,6.0,0.004427,2.0,0.004432,55.0
1753533034256,12:30:34.256,DOOD/USDT:USDT,0.004414,2.0,0.004413,6.0,0.004427,2.0,0.004432,55.0
1753533034947,12:30:34.947,DOOD/USDT:USDT,0.004414,2.0,0.004413,6.0,0.004427,2.0,0.004432,55.0
1753533034961,12:30:34.961,DOOD/USDT:USDT,0.004414,2.0,0.004413,6.0,0.004427,2.0,0.004432,6.0
1753533036229,12:30:36.229,DOOD/USDT:USDT,0.004414,2.0,0.004413,6.0,0.004427,2.0,0.004431,53.0
1753533036256,12:30:36.256,DOOD/USDT:USDT,0.004414,2.0,0.004413,6.0,0.004427,2.0,0.00443,4.0
1753533037259,12:30:37.259,DOOD/USDT:USDT,0.004414,2.0,0.004413,6.0,0.004427,2.0,0.00443,4.0
1753533038134,12:30:38.134,DOOD/USDT:USDT,0.004415,4.0,0.004414,27.0,0.004427,2.0,0.00443,4.0
1753533038154,12:30:38.154,DOOD/USDT:USDT,0.004415,29.0,0.004414,27.0,0.004427,2.0,0.00443,4.0
1753533038263,12:30:38.263,DOOD/USDT:USDT,0.004415,29.0,0.004414,27.0,0.004427,2.0,0.004431,4.0
1753533038383,12:30:38.383,DOOD/USDT:USDT,0.004415,29.0,0.004414,27.0,0.004427,2.0,0.004431,4.0
1753533038482,12:30:38.482,DOOD/USDT:USDT,0.004415,29.0,0.004414,27.0,0.004427,2.0,0.004431,4.0
1753533038678,12:30:38.678,DOOD/USDT:USDT,0.004415,29.0,0.004414,27.0,0.004427,2.0,0.004431,57.0
1753533039118,12:30:39.118,DOOD/USDT:USDT,0.004415,29.0,0.004414,2.0,0.004427,2.0,0.004431,490.0
1753533039302,12:30:39.302,DOOD/USDT:USDT,0.004415,29.0,0.004414,2.0,0.004427,2.0,0.004431,490.0
1753533040126,12:30:40.126,DOOD/USDT:USDT,0.004415,29.0,0.004414,2.0,0.004427,2.0,0.004431,490.0
1753533040202,12:30:40.202,DOOD/USDT:USDT,0.004415,29.0,0.004414,2.0,0.004427,2.0,0.004431,437.0
1753533040521,12:30:40.521,DOOD/USDT:USDT,0.004415,25.0,0.00441,4.0,0.004427,2.0,0.004431,437.0
1753533041142,12:30:41.142,DOOD/USDT:USDT,0.004413,2.0,0.004412,31.0,0.004427,2.0,0.004431,437.0
1753533041248,12:30:41.248,DOOD/USDT:USDT,0.004414,6.0,0.004413,28.0,0.004427,2.0,0.00443,63.0
1753533041344,12:30:41.344,DOOD/USDT:USDT,0.004414,6.0,0.004413,27.0,0.004427,2.0,0.004429,4.0
1753533042039,12:30:42.039,DOOD/USDT:USDT,0.004414,4.0,0.004413,25.0,0.004427,2.0,0.004429,4.0
1753533042099,12:30:42.099,DOOD/USDT:USDT,0.004413,25.0,0.004412,31.0,0.004427,2.0,0.004429,4.0
1753533042186,12:30:42.186,DOOD/USDT:USDT,0.004413,25.0,0.004412,31.0,0.004427,2.0,0.004429,4.0
1753533042351,12:30:42.351,DOOD/USDT:USDT,0.004413,25.0,0.004412,31.0,0.004427,2.0,0.004429,4.0
1753533042479,12:30:42.479,DOOD/USDT:USDT,0.004413,25.0,0.004412,31.0,0.004427,2.0,0.004429,4.0
1753533042604,12:30:42.604,DOOD/USDT:USDT,0.004413,25.0,0.004412,27.0,0.004427,2.0,0.004429,59.0
1753533042673,12:30:42.673,DOOD/USDT:USDT,0.004413,25.0,0.004412,27.0,0.004427,2.0,0.004429,59.0
1753533042913,12:30:42.913,DOOD/USDT:USDT,0.004413,25.0,0.004412,27.0,0.004426,2.0,0.004427,13.0
1753533043002,12:30:43.002,DOOD/USDT:USDT,0.004413,25.0,0.004412,27.0,0.004425,2.0,0.004426,6.0
1753533043112,12:30:43.112,DOOD/USDT:USDT,0.004413,25.0,0.004412,31.0,0.004422,27.0,0.004423,27.0
1753533043172,12:30:43.172,DOOD/USDT:USDT,0.004413,25.0,0.004412,29.0,0.004421,4.0,0.004422,27.0
1753533043418,12:30:43.418,DOOD/USDT:USDT,0.004413,29.0,0.004412,25.0,0.004421,4.0,0.004422,27.0
1753533043710,12:30:43.710,DOOD/USDT:USDT,0.004413,29.0,0.004412,25.0,0.004421,4.0,0.004422,27.0
1753533043815,12:30:43.815,DOOD/USDT:USDT,0.004413,29.0,0.004412,25.0,0.004421,4.0,0.004422,27.0
1753533044064,12:30:44.064,DOOD/USDT:USDT,0.004413,4.0,0.004412,25.0,0.004421,29.0,0.004422,27.0
1753533044247,12:30:44.247,DOOD/USDT:USDT,0.004413,4.0,0.004412,25.0,0.004421,29.0,0.004422,27.0
1753533044692,12:30:44.692,DOOD/USDT:USDT,0.004413,4.0,0.004412,25.0,0.004421,29.0,0.004422,27.0
1753533044835,12:30:44.835,DOOD/USDT:USDT,0.004413,4.0,0.004412,25.0,0.004421,29.0,0.004422,27.0
1753533045051,12:30:45.051,DOOD/USDT:USDT,0.004413,4.0,0.004409,2.0,0.004421,29.0,0.004422,27.0
1753533045114,12:30:45.114,DOOD/USDT:USDT,0.00441,2.0,0.004409,6.0,0.004421,29.0,0.004422,27.0
1753533045153,12:30:45.153,DOOD/USDT:USDT,0.00441,2.0,0.004409,6.0,0.004421,29.0,0.004422,27.0
1753533045337,12:30:45.337,DOOD/USDT:USDT,0.00441,2.0,0.004409,6.0,0.004421,29.0,0.004422,27.0
1753533045532,12:30:45.532,DOOD/USDT:USDT,0.00441,2.0,0.004409,6.0,0.004421,29.0,0.004422,27.0
1753533046034,12:30:46.034,DOOD/USDT:USDT,0.00441,2.0,0.004409,6.0,0.004421,29.0,0.004422,27.0
1753533046054,12:30:46.054,DOOD/USDT:USDT,0.00441,2.0,0.004409,6.0,0.004421,29.0,0.004422,27.0
1753533046320,12:30:46.320,DOOD/USDT:USDT,0.00441,2.0,0.004409,6.0,0.004421,29.0,0.004422,27.0
1753533046352,12:30:46.352,DOOD/USDT:USDT,0.00441,2.0,0.004409,6.0,0.004421,29.0,0.004422,27.0
1753533046934,12:30:46.934,DOOD/USDT:USDT,0.00441,2.0,0.004409,6.0,0.00442,27.0,0.004421,29.0
1753533047039,12:30:47.039,DOOD/USDT:USDT,0.004409,6.0,0.004408,3.0,0.004419,29.0,0.00442,2.0
1753533047143,12:30:47.143,DOOD/USDT:USDT,0.004409,4.0,0.004408,3.0,0.004418,27.0,0.004419,29.0
1753533047233,12:30:47.233,DOOD/USDT:USDT,0.004408,1.0,0.004405,4.0,0.004416,27.0,0.004417,31.0
1753533047337,12:30:47.337,DOOD/USDT:USDT,0.004408,1.0,0.004405,4.0,0.004415,4.0,0.004416,27.0
1753533047445,12:30:47.445,DOOD/USDT:USDT,0.004408,1.0,0.004405,4.0,0.004415,4.0,0.004416,27.0
1753533047615,12:30:47.615,DOOD/USDT:USDT,0.004408,1.0,0.004405,4.0,0.004415,4.0,0.004416,27.0
1753533048036,12:30:48.036,DOOD/USDT:USDT,0.004408,1.0,0.004405,4.0,0.004415,4.0,0.004416,27.0
1753533048297,12:30:48.297,DOOD/USDT:USDT,0.004408,1.0,0.004405,4.0,0.004415,4.0,0.004416,27.0
1753533048735,12:30:48.735,DOOD/USDT:USDT,0.004408,1.0,0.004405,4.0,0.004415,4.0,0.004416,27.0
1753533049140,12:30:49.140,DOOD/USDT:USDT,0.004408,1.0,0.004405,4.0,0.004415,4.0,0.004416,27.0
1753533049549,12:30:49.549,DOOD/USDT:USDT,0.004408,1.0,0.004405,4.0,0.004415,4.0,0.004416,27.0
1753533049633,12:30:49.633,DOOD/USDT:USDT,0.004408,1.0,0.004405,4.0,0.004415,4.0,0.004416,27.0
1753533049996,12:30:49.996,DOOD/USDT:USDT,0.004408,1.0,0.004405,4.0,0.004415,4.0,0.004416,27.0
1753533050081,12:30:50.081,DOOD/USDT:USDT,0.004408,1.0,0.004405,4.0,0.004415,4.0,0.004416,27.0
1753533050170,12:30:50.170,DOOD/USDT:USDT,0.004408,1.0,0.004405,4.0,0.004415,6.0,0.004416,27.0
1753533050285,12:30:50.285,DOOD/USDT:USDT,0.004408,1.0,0.004405,4.0,0.004415,6.0,0.004416,27.0
1753533050634,12:30:50.634,DOOD/USDT:USDT,0.004408,1.0,0.004405,4.0,0.004415,6.0,0.004416,27.0
1753533051000,12:30:51.000,DOOD/USDT:USDT,0.004408,1.0,0.004405,4.0,0.004415,31.0,0.004416,27.0
1753533051136,12:30:51.136,DOOD/USDT:USDT,0.004408,1.0,0.004405,4.0,0.004415,4.0,0.004416,2.0
1753533051233,12:30:51.233,DOOD/USDT:USDT,0.004409,4.0,0.004408,3.0,0.004416,4.0,0.00442,2.0
1753533051312,12:30:51.312,DOOD/USDT:USDT,0.004409,6.0,0.004408,3.0,0.00442,6.0,0.004421,25.0
1753533051411,12:30:51.411,DOOD/USDT:USDT,0.00441,2.0,0.004409,6.0,0.00442,4.0,0.004421,25.0
1753533051526,12:30:51.526,DOOD/USDT:USDT,0.00441,2.0,0.004409,6.0,0.00442,4.0,0.004421,25.0
1753533051550,12:30:51.550,DOOD/USDT:USDT,0.00441,2.0,0.004409,6.0,0.00442,4.0,0.004421,25.0
1753533051738,12:30:51.738,DOOD/USDT:USDT,0.00441,2.0,0.004409,6.0,0.00442,4.0,0.004421,25.0
1753533051935,12:30:51.935,DOOD/USDT:USDT,0.00441,2.0,0.004409,6.0,0.00442,4.0,0.004421,25.0
1753533051973,12:30:51.973,DOOD/USDT:USDT,0.00441,2.0,0.004409,6.0,0.00442,4.0,0.004423,2.0
1753533052138,12:30:52.138,DOOD/USDT:USDT,0.00441,2.0,0.004409,6.0,0.004423,2.0,0.004425,4.0
1753533052290,12:30:52.290,DOOD/USDT:USDT,0.00441,2.0,0.004409,6.0,0.004423,2.0,0.004425,4.0
1753533052484,12:30:52.484,DOOD/USDT:USDT,0.00441,2.0,0.004409,6.0,0.004423,2.0,0.004425,4.0
1753533052623,12:30:52.623,DOOD/USDT:USDT,0.00441,2.0,0.004409,6.0,0.004423,2.0,0.004425,4.0
1753533052979,12:30:52.979,DOOD/USDT:USDT,0.00441,2.0,0.004409,6.0,0.004422,27.0,0.004423,2.0
1753533053072,12:30:53.072,DOOD/USDT:USDT,0.00441,2.0,0.004409,6.0,0.004421,29.0,0.004422,27.0
1753533053391,12:30:53.391,DOOD/USDT:USDT,0.00441,2.0,0.004409,6.0,0.004421,29.0,0.004422,27.0
1753533053462,12:30:53.462,DOOD/USDT:USDT,0.00441,2.0,0.004409,6.0,0.004421,29.0,0.004422,27.0
1753533053812,12:30:53.812,DOOD/USDT:USDT,0.00441,2.0,0.004409,6.0,0.004421,29.0,0.004422,27.0
1753533053951,12:30:53.951,DOOD/USDT:USDT,0.00441,2.0,0.004409,6.0,0.004421,29.0,0.004422,2.0
1753533054226,12:30:54.226,DOOD/USDT:USDT,0.00441,2.0,0.004409,6.0,0.004421,29.0,0.004422,2.0
1753533054457,12:30:54.457,DOOD/USDT:USDT,0.00441,2.0,0.004409,6.0,0.004421,29.0,0.004422,2.0
1753533054639,12:30:54.639,DOOD/USDT:USDT,0.00441,2.0,0.004409,6.0,0.004421,29.0,0.004422,2.0
1753533055635,12:30:55.635,DOOD/USDT:USDT,0.00441,2.0,0.004409,6.0,0.004421,29.0,0.004426,2.0
1753533055654,12:30:55.654,DOOD/USDT:USDT,0.00441,2.0,0.004409,6.0,0.004421,29.0,0.004426,2.0
1753533055939,12:30:55.939,DOOD/USDT:USDT,0.00441,2.0,0.004409,6.0,0.004421,6.0,0.004426,2.0
1753533055956,12:30:55.956,DOOD/USDT:USDT,0.00441,2.0,0.004409,6.0,0.004421,2.0,0.004425,4.0
1753533056116,12:30:56.116,DOOD/USDT:USDT,0.00441,2.0,0.004409,6.0,0.004421,2.0,0.004425,4.0
1753533056259,12:30:56.259,DOOD/USDT:USDT,0.00441,2.0,0.004409,6.0,0.004421,2.0,0.004425,4.0
1753533056918,12:30:56.918,DOOD/USDT:USDT,0.00441,2.0,0.004409,6.0,0.004421,27.0,0.004425,4.0
1753533056973,12:30:56.973,DOOD/USDT:USDT,0.00441,2.0,0.004409,6.0,0.00442,29.0,0.004421,2.0
1753533057076,12:30:57.076,DOOD/USDT:USDT,0.00441,2.0,0.004409,6.0,0.00442,29.0,0.004421,2.0
1753533057812,12:30:57.812,DOOD/USDT:USDT,0.00441,2.0,0.004409,6.0,0.00442,29.0,0.004426,2.0
1753533058297,12:30:58.297,DOOD/USDT:USDT,0.00441,2.0,0.004409,6.0,0.00442,29.0,0.004426,2.0
1753533058434,12:30:58.434,DOOD/USDT:USDT,0.00441,2.0,0.004409,6.0,0.00442,29.0,0.004426,2.0
1753533058527,12:30:58.527,DOOD/USDT:USDT,0.00441,2.0,0.004409,6.0,0.00442,29.0,0.004426,2.0
1753533058711,12:30:58.711,DOOD/USDT:USDT,0.00441,2.0,0.004409,6.0,0.00442,29.0,0.004426,2.0
1753533058897,12:30:58.897,DOOD/USDT:USDT,0.00441,2.0,0.004409,6.0,0.00442,7.0,0.004426,2.0
1753533059257,12:30:59.257,DOOD/USDT:USDT,0.00441,2.0,0.004409,6.0,0.00442,7.0,0.004426,2.0
1753533059885,12:30:59.885,DOOD/USDT:USDT,0.00441,2.0,0.004409,6.0,0.00442,32.0,0.004426,2.0
1753533059981,12:30:59.981,DOOD/USDT:USDT,0.00441,2.0,0.004409,6.0,0.00442,32.0,0.004426,2.0
1753533060380,12:31:00.380,DOOD/USDT:USDT,0.004409,6.0,0.004408,3.0,0.004419,28.0,0.00442,7.0
1753533060472,12:31:00.472,DOOD/USDT:USDT,0.004409,4.0,0.004408,3.0,0.004418,4.0,0.004419,28.0
1753533060573,12:31:00.573,DOOD/USDT:USDT,0.004409,4.0,0.004408,3.0,0.004418,4.0,0.004419,28.0
1753533060654,12:31:00.654,DOOD/USDT:USDT,0.004409,4.0,0.004408,3.0,0.004418,4.0,0.004419,28.0
1753533060801,12:31:00.801,DOOD/USDT:USDT,0.004409,4.0,0.004408,3.0,0.004418,4.0,0.004419,28.0
1753533060964,12:31:00.964,DOOD/USDT:USDT,0.004409,4.0,0.004408,3.0,0.004418,7.0,0.004419,28.0
1753533061228,12:31:01.228,DOOD/USDT:USDT,0.004409,4.0,0.004408,3.0,0.004418,7.0,0.004419,28.0
1753533061278,12:31:01.278,DOOD/USDT:USDT,0.004409,4.0,0.004408,3.0,0.004418,7.0,0.004419,28.0
1753533062108,12:31:02.108,DOOD/USDT:USDT,0.004409,4.0,0.004408,3.0,0.004418,7.0,0.004419,28.0
1753533062539,12:31:02.539,DOOD/USDT:USDT,0.004409,7.0,0.004408,3.0,0.004418,7.0,0.004419,28.0
1753533062593,12:31:02.593,DOOD/USDT:USDT,0.004409,7.0,0.004408,3.0,0.004418,7.0,0.004419,28.0
1753533062851,12:31:02.851,DOOD/USDT:USDT,0.004409,7.0,0.004408,3.0,0.004418,7.0,0.004419,3.0
1753533063233,12:31:03.233,DOOD/USDT:USDT,0.004411,7.0,0.00441,3.0,0.004418,4.0,0.004426,2.0
1753533063306,12:31:03.306,DOOD/USDT:USDT,0.004411,7.0,0.00441,3.0,0.004425,3.0,0.004426,6.0
1753533063373,12:31:03.373,DOOD/USDT:USDT,0.004411,7.0,0.00441,3.0,0.004423,3.0,0.004424,7.0
1753533063483,12:31:03.483,DOOD/USDT:USDT,0.004411,7.0,0.00441,3.0,0.004422,7.0,0.004423,3.0
1753533063631,12:31:03.631,DOOD/USDT:USDT,0.004412,7.0,0.004411,3.0,0.004422,4.0,0.004423,3.0
1753533063669,12:31:03.669,DOOD/USDT:USDT,0.004412,7.0,0.004411,3.0,0.004422,4.0,0.004423,3.0
1753533063791,12:31:03.791,DOOD/USDT:USDT,0.004412,7.0,0.004411,3.0,0.004422,4.0,0.004423,3.0
1753533064058,12:31:04.058,DOOD/USDT:USDT,0.004412,7.0,0.004411,3.0,0.004422,4.0,0.004423,3.0
1753533064238,12:31:04.238,DOOD/USDT:USDT,0.004412,7.0,0.00441,3.0,0.004422,4.0,0.004424,3.0
1753533064258,12:31:04.258,DOOD/USDT:USDT,0.004412,7.0,0.00441,3.0,0.004423,4.0,0.004424,3.0
1753533064354,12:31:04.354,DOOD/USDT:USDT,0.004412,7.0,0.00441,3.0,0.004423,4.0,0.004424,3.0
1753533064581,12:31:04.581,DOOD/USDT:USDT,0.004412,7.0,0.00441,3.0,0.004423,4.0,0.004424,3.0
1753533064660,12:31:04.660,DOOD/USDT:USDT,0.004412,7.0,0.00441,3.0,0.004423,4.0,0.004424,3.0
1753533065012,12:31:05.012,DOOD/USDT:USDT,0.004412,7.0,0.00441,3.0,0.004423,4.0,0.004424,3.0
1753533065090,12:31:05.090,DOOD/USDT:USDT,0.004412,7.0,0.00441,3.0,0.004423,4.0,0.004424,3.0
1753533066377,12:31:06.377,DOOD/USDT:USDT,0.004412,7.0,0.004409,3.0,0.004423,4.0,0.004425,3.0
1753533066533,12:31:06.533,DOOD/USDT:USDT,0.004412,7.0,0.004409,3.0,0.004424,7.0,0.004425,3.0
1753533066578,12:31:06.578,DOOD/USDT:USDT,0.004412,4.0,0.004411,3.0,0.004423,3.0,0.004424,7.0
1753533066710,12:31:06.710,DOOD/USDT:USDT,0.004412,7.0,0.004411,3.0,0.004422,4.0,0.004423,3.0
1753533066757,12:31:06.757,DOOD/USDT:USDT,0.004412,7.0,0.004411,3.0,0.004422,4.0,0.004423,3.0
1753533067177,12:31:07.177,DOOD/USDT:USDT,0.004412,7.0,0.004411,3.0,0.004422,4.0,0.004423,3.0
1753533067600,12:31:07.600,DOOD/USDT:USDT,0.004413,27.0,0.004412,7.0,0.004422,4.0,0.004423,3.0
1753533068018,12:31:08.018,DOOD/USDT:USDT,0.004413,27.0,0.004412,7.0,0.004422,4.0,0.004423,3.0
1753533068514,12:31:08.514,DOOD/USDT:USDT,0.004413,27.0,0.004412,7.0,0.004422,4.0,0.004424,3.0
1753533068558,12:31:08.558,DOOD/USDT:USDT,0.004413,27.0,0.004412,7.0,0.004423,4.0,0.004424,3.0
1753533068893,12:31:08.893,DOOD/USDT:USDT,0.004413,27.0,0.004412,7.0,0.004423,4.0,0.004424,3.0
1753533069086,12:31:09.086,DOOD/USDT:USDT,0.004413,27.0,0.004412,7.0,0.004423,4.0,0.004424,3.0
1753533069319,12:31:09.319,DOOD/USDT:USDT,0.004413,27.0,0.004412,7.0,0.004423,4.0,0.004424,3.0
1753533070121,12:31:10.121,DOOD/USDT:USDT,0.004413,27.0,0.004412,7.0,0.004423,4.0,0.004424,3.0
1753533070647,12:31:10.647,DOOD/USDT:USDT,0.004413,27.0,0.004412,7.0,0.004423,4.0,0.004425,3.0
1753533070659,12:31:10.659,DOOD/USDT:USDT,0.004413,27.0,0.004412,7.0,0.004424,4.0,0.004425,3.0
1753533070802,12:31:10.802,DOOD/USDT:USDT,0.004413,27.0,0.004412,7.0,0.004424,6.0,0.004425,3.0
1753533071347,12:31:11.347,DOOD/USDT:USDT,0.004413,27.0,0.004412,7.0,0.004424,6.0,0.004425,3.0
1753533071806,12:31:11.806,DOOD/USDT:USDT,0.004413,27.0,0.004412,7.0,0.004423,2.0,0.004424,6.0
1753533071861,12:31:11.861,DOOD/USDT:USDT,0.004413,27.0,0.004412,7.0,0.004423,2.0,0.004424,6.0
1753533071954,12:31:11.954,DOOD/USDT:USDT,0.004413,27.0,0.004412,7.0,0.004423,2.0,0.004424,6.0
1753533072193,12:31:12.193,DOOD/USDT:USDT,0.004413,27.0,0.004412,7.0,0.004423,2.0,0.004424,6.0
1753533072807,12:31:12.807,DOOD/USDT:USDT,0.004413,27.0,0.004412,7.0,0.004423,2.0,0.004424,6.0
1753533073036,12:31:13.036,DOOD/USDT:USDT,0.004413,27.0,0.004412,7.0,0.004423,2.0,0.004424,6.0
1753533073657,12:31:13.657,DOOD/USDT:USDT,0.004413,27.0,0.004412,7.0,0.004423,2.0,0.004424,6.0
1753533074969,12:31:14.969,DOOD/USDT:USDT,0.004413,27.0,0.004412,7.0,0.004423,2.0,0.004424,6.0
1753533075532,12:31:15.532,DOOD/USDT:USDT,0.004413,27.0,0.004412,7.0,0.004423,2.0,0.004424,6.0
1753533075554,12:31:15.554,DOOD/USDT:USDT,0.004413,27.0,0.004412,7.0,0.004423,2.0,0.004424,6.0
1753533077121,12:31:17.121,DOOD/USDT:USDT,0.004413,27.0,0.004412,7.0,0.004423,2.0,0.004424,6.0
1753533078006,12:31:18.006,DOOD/USDT:USDT,0.004414,27.0,0.004413,27.0,0.004424,6.0,0.004426,2.0
1753533078074,12:31:18.074,DOOD/USDT:USDT,0.004414,27.0,0.004413,27.0,0.004424,6.0,0.004426,2.0
1753533078272,12:31:18.272,DOOD/USDT:USDT,0.004414,27.0,0.004413,27.0,0.004424,6.0,0.004426,2.0
1753533078477,12:31:18.477,DOOD/USDT:USDT,0.004414,27.0,0.004413,27.0,0.004424,6.0,0.004426,2.0
1753533078740,12:31:18.740,DOOD/USDT:USDT,0.004414,27.0,0.004413,27.0,0.004424,2.0,0.004425,4.0
1753533079114,12:31:19.114,DOOD/USDT:USDT,0.004414,27.0,0.004413,27.0,0.004424,2.0,0.004425,4.0
1753533079292,12:31:19.292,DOOD/USDT:USDT,0.004414,27.0,0.004413,27.0,0.004424,2.0,0.004425,4.0
1753533079359,12:31:19.359,DOOD/USDT:USDT,0.004414,27.0,0.004413,27.0,0.004424,2.0,0.004426,4.0
1753533080177,12:31:20.177,DOOD/USDT:USDT,0.004414,27.0,0.004413,27.0,0.004424,2.0,0.004426,4.0
1753533080313,12:31:20.313,DOOD/USDT:USDT,0.004414,27.0,0.004413,27.0,0.004424,2.0,0.004426,4.0
1753533081448,12:31:21.448,DOOD/USDT:USDT,0.004414,27.0,0.004413,27.0,0.004424,2.0,0.004426,4.0
1753533082237,12:31:22.237,DOOD/USDT:USDT,0.004414,27.0,0.004413,27.0,0.004424,2.0,0.004426,4.0
1753533083184,12:31:23.184,DOOD/USDT:USDT,0.004414,27.0,0.004413,27.0,0.004424,2.0,0.004426,4.0
1753533083274,12:31:23.274,DOOD/USDT:USDT,0.004414,27.0,0.004413,27.0,0.004424,2.0,0.004426,4.0
1753533083583,12:31:23.583,DOOD/USDT:USDT,0.004414,27.0,0.004413,27.0,0.004424,2.0,0.004426,4.0
1753533085756,12:31:25.756,DOOD/USDT:USDT,0.004414,27.0,0.004413,27.0,0.004424,2.0,0.004426,4.0
1753533086138,12:31:26.138,DOOD/USDT:USDT,0.004414,27.0,0.004413,27.0,0.004424,2.0,0.004426,4.0
1753533087938,12:31:27.938,DOOD/USDT:USDT,0.004414,27.0,0.004413,27.0,0.004424,2.0,0.004426,4.0
1753533088059,12:31:28.059,DOOD/USDT:USDT,0.004414,27.0,0.004413,27.0,0.004424,2.0,0.004426,4.0
1753533088551,12:31:28.551,DOOD/USDT:USDT,0.004414,27.0,0.004413,27.0,0.004424,2.0,0.004426,4.0
1753533088673,12:31:28.673,DOOD/USDT:USDT,0.004414,27.0,0.004413,27.0,0.004424,2.0,0.004426,4.0
1753533090147,12:31:30.147,DOOD/USDT:USDT,0.004414,27.0,0.004413,27.0,0.004424,2.0,0.004426,4.0
1753533090948,12:31:30.948,DOOD/USDT:USDT,0.004414,27.0,0.004413,27.0,0.004424,2.0,0.004426,4.0
1753533092646,12:31:32.646,DOOD/USDT:USDT,0.004414,27.0,0.004413,27.0,0.004424,2.0,0.004426,4.0
1753533092718,12:31:32.718,DOOD/USDT:USDT,0.004414,27.0,0.004413,27.0,0.004424,2.0,0.004426,4.0
1753533092894,12:31:32.894,DOOD/USDT:USDT,0.004414,27.0,0.004413,27.0,0.004424,2.0,0.004426,4.0
1753533093355,12:31:33.355,DOOD/USDT:USDT,0.004414,27.0,0.004413,27.0,0.004424,2.0,0.004426,4.0
1753533093620,12:31:33.620,DOOD/USDT:USDT,0.004414,27.0,0.004413,27.0,0.004424,2.0,0.004426,4.0
1753533093747,12:31:33.747,DOOD/USDT:USDT,0.004416,3.0,0.004415,28.0,0.004426,4.0,0.004427,2.0
1753533093842,12:31:33.842,DOOD/USDT:USDT,0.004416,28.0,0.004415,28.0,0.004427,6.0,0.004428,254.0
1753533093880,12:31:33.880,DOOD/USDT:USDT,0.004416,28.0,0.004415,28.0,0.004427,6.0,0.004428,254.0
1753533094095,12:31:34.095,DOOD/USDT:USDT,0.004416,28.0,0.004415,28.0,0.004427,6.0,0.004428,254.0
1753533094231,12:31:34.231,DOOD/USDT:USDT,0.004416,28.0,0.004415,28.0,0.004427,6.0,0.004428,254.0
1753533094312,12:31:34.312,DOOD/USDT:USDT,0.004416,28.0,0.004415,28.0,0.004427,6.0,0.004428,254.0
1753533094494,12:31:34.494,DOOD/USDT:USDT,0.004416,28.0,0.004415,28.0,0.004427,6.0,0.004428,254.0
1753533095442,12:31:35.442,DOOD/USDT:USDT,0.004417,28.0,0.004416,28.0,0.004427,6.0,0.004428,254.0
1753533095484,12:31:35.484,DOOD/USDT:USDT,0.004417,28.0,0.004416,28.0,0.004427,6.0,0.004428,254.0
1753533096305,12:31:36.305,DOOD/USDT:USDT,0.004417,28.0,0.004416,28.0,0.004427,6.0,0.004428,254.0
1753533096600,12:31:36.600,DOOD/USDT:USDT,0.004417,28.0,0.004416,28.0,0.004427,6.0,0.004428,254.0
1753533097658,12:31:37.658,DOOD/USDT:USDT,0.004417,28.0,0.004416,28.0,0.004427,6.0,0.004428,254.0
1753533098754,12:31:38.754,DOOD/USDT:USDT,0.004417,28.0,0.004416,28.0,0.004427,6.0,0.004428,254.0
1753533101594,12:31:41.594,DOOD/USDT:USDT,0.004417,28.0,0.004416,28.0,0.004427,6.0,0.004428,254.0
1753533102458,12:31:42.458,DOOD/USDT:USDT,0.004417,28.0,0.004416,28.0,0.004427,6.0,0.004428,254.0
1753533104226,12:31:44.226,DOOD/USDT:USDT,0.004418,27.0,0.004417,28.0,0.004427,4.0,0.004428,254.0
1753533104345,12:31:44.345,DOOD/USDT:USDT,0.004421,2.0,0.00442,27.0,0.004434,3.0,0.004436,434.0
1753533104424,12:31:44.424,DOOD/USDT:USDT,0.004423,2.0,0.004422,27.0,0.004434,3.0,0.004436,434.0
1753533104528,12:31:44.528,DOOD/USDT:USDT,0.004423,6.0,0.004422,27.0,0.004434,3.0,0.004435,257.0
1753533104621,12:31:44.621,DOOD/USDT:USDT,0.004423,6.0,0.004422,27.0,0.004434,3.0,0.004435,259.0
1753533104657,12:31:44.657,DOOD/USDT:USDT,0.004423,6.0,0.004422,27.0,0.004434,3.0,0.004435,259.0
1753533104757,12:31:44.757,DOOD/USDT:USDT,0.004423,6.0,0.004422,27.0,0.004434,3.0,0.004435,259.0
1753533104885,12:31:44.885,DOOD/USDT:USDT,0.004423,6.0,0.004422,27.0,0.004434,3.0,0.004435,259.0
1753533105019,12:31:45.019,DOOD/USDT:USDT,0.004423,6.0,0.004422,27.0,0.004434,3.0,0.004435,259.0
1753533105061,12:31:45.061,DOOD/USDT:USDT,0.004423,6.0,0.004422,27.0,0.004434,3.0,0.004435,259.0
1753533105156,12:31:45.156,DOOD/USDT:USDT,0.004423,6.0,0.004422,27.0,0.004434,3.0,0.004435,259.0
1753533105339,12:31:45.339,DOOD/USDT:USDT,0.004423,6.0,0.004422,27.0,0.004434,3.0,0.004435,259.0
1753533105371,12:31:45.371,DOOD/USDT:USDT,0.004423,6.0,0.004422,27.0,0.004434,3.0,0.004435,259.0
1753533105457,12:31:45.457,DOOD/USDT:USDT,0.004423,6.0,0.004422,27.0,0.004434,3.0,0.004435,259.0
1753533105556,12:31:45.556,DOOD/USDT:USDT,0.004423,6.0,0.004422,27.0,0.004434,3.0,0.004435,259.0
1753533105742,12:31:45.742,DOOD/USDT:USDT,0.004423,6.0,0.004422,27.0,0.004434,3.0,0.004435,259.0
1753533105756,12:31:45.756,DOOD/USDT:USDT,0.004423,6.0,0.004422,27.0,0.004434,3.0,0.004435,259.0
1753533105859,12:31:45.859,DOOD/USDT:USDT,0.004423,6.0,0.004422,27.0,0.004434,3.0,0.004435,259.0
1753533105959,12:31:45.959,DOOD/USDT:USDT,0.004423,6.0,0.004422,27.0,0.004434,3.0,0.004435,259.0
1753533106061,12:31:46.061,DOOD/USDT:USDT,0.004423,6.0,0.004422,27.0,0.004434,3.0,0.004435,259.0
1753533106169,12:31:46.169,DOOD/USDT:USDT,0.004423,6.0,0.004422,27.0,0.004434,3.0,0.004435,259.0
1753533106256,12:31:46.256,DOOD/USDT:USDT,0.004423,6.0,0.004422,27.0,0.004434,3.0,0.004435,259.0
1753533106366,12:31:46.366,DOOD/USDT:USDT,0.004423,6.0,0.004422,27.0,0.004434,3.0,0.004435,259.0
1753533106460,12:31:46.460,DOOD/USDT:USDT,0.004423,6.0,0.004422,27.0,0.004434,3.0,0.004435,259.0
1753533106559,12:31:46.559,DOOD/USDT:USDT,0.004423,6.0,0.004422,27.0,0.004434,3.0,0.004435,259.0
1753533106727,12:31:46.727,DOOD/USDT:USDT,0.004423,6.0,0.004422,27.0,0.004434,3.0,0.004435,259.0
1753533106756,12:31:46.756,DOOD/USDT:USDT,0.004423,6.0,0.004422,27.0,0.004434,3.0,0.004435,259.0
1753533106856,12:31:46.856,DOOD/USDT:USDT,0.004423,6.0,0.004422,27.0,0.004434,3.0,0.004435,259.0
1753533107033,12:31:47.033,DOOD/USDT:USDT,0.004423,6.0,0.004422,27.0,0.004434,3.0,0.004435,2.0
1753533107135,12:31:47.135,DOOD/USDT:USDT,0.004423,6.0,0.004422,27.0,0.004434,257.0,0.004435,2.0
1753533107247,12:31:47.247,DOOD/USDT:USDT,0.004423,6.0,0.004422,27.0,0.004433,3.0,0.004434,257.0
1753533107256,12:31:47.256,DOOD/USDT:USDT,0.004423,6.0,0.004422,27.0,0.004433,3.0,0.004434,257.0
1753533107399,12:31:47.399,DOOD/USDT:USDT,0.004423,6.0,0.004422,27.0,0.004433,3.0,0.004434,257.0
1753533107522,12:31:47.522,DOOD/USDT:USDT,0.004423,6.0,0.004422,27.0,0.004433,3.0,0.004434,257.0
1753533107555,12:31:47.555,DOOD/USDT:USDT,0.004423,6.0,0.004422,27.0,0.004433,3.0,0.004434,257.0
1753533107656,12:31:47.656,DOOD/USDT:USDT,0.004423,6.0,0.004422,27.0,0.004433,3.0,0.004434,257.0
1753533107821,12:31:47.821,DOOD/USDT:USDT,0.004423,6.0,0.004422,27.0,0.004433,3.0,0.004434,257.0
1753533107860,12:31:47.860,DOOD/USDT:USDT,0.004423,6.0,0.004422,27.0,0.004433,3.0,0.004434,257.0
1753533107956,12:31:47.956,DOOD/USDT:USDT,0.004423,6.0,0.004422,27.0,0.004433,3.0,0.004434,257.0
1753533108060,12:31:48.060,DOOD/USDT:USDT,0.004423,6.0,0.004422,27.0,0.004433,3.0,0.004434,257.0
1753533108246,12:31:48.246,DOOD/USDT:USDT,0.004423,6.0,0.004422,27.0,0.004433,3.0,0.004434,257.0
1753533108338,12:31:48.338,DOOD/USDT:USDT,0.004423,6.0,0.004422,2.0,0.004433,3.0,0.004434,257.0
1753533108373,12:31:48.373,DOOD/USDT:USDT,0.004422,2.0,0.004419,6.0,0.004433,3.0,0.004434,257.0
1753533108458,12:31:48.458,DOOD/USDT:USDT,0.004422,2.0,0.004419,6.0,0.004433,3.0,0.004434,257.0
1753533108674,12:31:48.674,DOOD/USDT:USDT,0.004422,2.0,0.004419,6.0,0.004433,3.0,0.004434,257.0
1753533109327,12:31:49.327,DOOD/USDT:USDT,0.004422,2.0,0.004419,6.0,0.004433,3.0,0.004434,257.0
1753533109546,12:31:49.546,DOOD/USDT:USDT,0.004422,2.0,0.004419,6.0,0.004433,3.0,0.004434,257.0
1753533109559,12:31:49.559,DOOD/USDT:USDT,0.004422,2.0,0.004419,6.0,0.004433,3.0,0.004434,257.0
1753533110345,12:31:50.345,DOOD/USDT:USDT,0.004422,2.0,0.004419,6.0,0.004433,3.0,0.004434,257.0
1753533111722,12:31:51.722,DOOD/USDT:USDT,0.004422,2.0,0.004419,6.0,0.004433,3.0,0.004434,257.0
1753533111756,12:31:51.756,DOOD/USDT:USDT,0.004422,2.0,0.004419,6.0,0.004433,3.0,0.004434,257.0
1753533112385,12:31:52.385,DOOD/USDT:USDT,0.004422,2.0,0.004419,6.0,0.004433,3.0,0.004434,257.0
1753533113932,12:31:53.932,DOOD/USDT:USDT,0.004419,2.0,0.004418,6.0,0.004433,3.0,0.004434,257.0
1753533114015,12:31:54.015,DOOD/USDT:USDT,0.004419,2.0,0.004418,6.0,0.004433,3.0,0.004434,257.0
1753533114059,12:31:54.059,DOOD/USDT:USDT,0.004419,2.0,0.004418,6.0,0.004433,3.0,0.004434,257.0
1753533114297,12:31:54.297,DOOD/USDT:USDT,0.00442,28.0,0.004419,27.0,0.004433,3.0,0.004434,257.0
1753533114433,12:31:54.433,DOOD/USDT:USDT,0.004421,4.0,0.00442,28.0,0.004433,3.0,0.004434,257.0
1753533114522,12:31:54.522,DOOD/USDT:USDT,0.004421,7.0,0.00442,28.0,0.004433,3.0,0.004434,257.0
1753533114598,12:31:54.598,DOOD/USDT:USDT,0.004421,7.0,0.00442,28.0,0.004433,3.0,0.004434,257.0
1753533114659,12:31:54.659,DOOD/USDT:USDT,0.004421,7.0,0.00442,28.0,0.004433,3.0,0.004434,257.0
1753533114760,12:31:54.760,DOOD/USDT:USDT,0.004421,7.0,0.00442,28.0,0.004433,3.0,0.004434,257.0
1753533114860,12:31:54.860,DOOD/USDT:USDT,0.004421,7.0,0.00442,28.0,0.004433,3.0,0.004434,257.0
1753533114960,12:31:54.960,DOOD/USDT:USDT,0.004421,7.0,0.00442,28.0,0.004433,3.0,0.004434,257.0
1753533115059,12:31:55.059,DOOD/USDT:USDT,0.004421,7.0,0.00442,28.0,0.004433,3.0,0.004434,257.0
1753533115156,12:31:55.156,DOOD/USDT:USDT,0.004421,7.0,0.00442,28.0,0.004433,3.0,0.004434,257.0
1753533115281,12:31:55.281,DOOD/USDT:USDT,0.004421,7.0,0.00442,28.0,0.004433,3.0,0.004434,257.0
1753533115364,12:31:55.364,DOOD/USDT:USDT,0.004421,7.0,0.00442,28.0,0.004433,3.0,0.004434,257.0
1753533115717,12:31:55.717,DOOD/USDT:USDT,0.004421,7.0,0.00442,28.0,0.004433,3.0,0.004434,257.0
1753533115756,12:31:55.756,DOOD/USDT:USDT,0.004421,7.0,0.00442,28.0,0.004433,3.0,0.004434,257.0
1753533115859,12:31:55.859,DOOD/USDT:USDT,0.004421,7.0,0.00442,28.0,0.004433,3.0,0.004434,257.0
1753533116033,12:31:56.033,DOOD/USDT:USDT,0.004421,7.0,0.00442,28.0,0.004433,3.0,0.004434,257.0
1753533116125,12:31:56.125,DOOD/USDT:USDT,0.004422,3.0,0.004421,7.0,0.004433,3.0,0.004434,257.0
1753533116347,12:31:56.347,DOOD/USDT:USDT,0.004422,3.0,0.004421,7.0,0.004433,3.0,0.004435,2.0
1753533116435,12:31:56.435,DOOD/USDT:USDT,0.004422,3.0,0.004421,7.0,0.004435,2.0,0.004436,434.0
1753533116520,12:31:56.520,DOOD/USDT:USDT,0.004422,3.0,0.004421,7.0,0.004433,25.0,0.004435,2.0
1753533116625,12:31:56.625,DOOD/USDT:USDT,0.004422,3.0,0.004421,7.0,0.004433,25.0,0.004434,256.0
1753533116919,12:31:56.919,DOOD/USDT:USDT,0.004422,3.0,0.004421,7.0,0.004433,25.0,0.004434,256.0
1753533117119,12:31:57.119,DOOD/USDT:USDT,0.004422,3.0,0.004421,7.0,0.004433,25.0,0.004434,256.0
1753533117242,12:31:57.242,DOOD/USDT:USDT,0.004423,2.0,0.004422,28.0,0.004433,25.0,0.004434,256.0
1753533117259,12:31:57.259,DOOD/USDT:USDT,0.004423,31.0,0.004422,28.0,0.004433,25.0,0.004434,256.0
1753533117423,12:31:57.423,DOOD/USDT:USDT,0.004423,31.0,0.004422,28.0,0.004433,25.0,0.004434,256.0
1753533118230,12:31:58.230,DOOD/USDT:USDT,0.004423,31.0,0.004422,28.0,0.004433,25.0,0.004434,256.0
1753533118267,12:31:58.267,DOOD/USDT:USDT,0.004423,31.0,0.004422,28.0,0.004433,25.0,0.004434,256.0
1753533118548,12:31:58.548,DOOD/USDT:USDT,0.004423,31.0,0.004422,28.0,0.004433,25.0,0.004434,256.0
1753533118859,12:31:58.859,DOOD/USDT:USDT,0.004423,31.0,0.004422,28.0,0.004433,25.0,0.004434,256.0
1753533119215,12:31:59.215,DOOD/USDT:USDT,0.004423,31.0,0.004422,28.0,0.004433,25.0,0.004434,256.0
1753533119375,12:31:59.375,DOOD/USDT:USDT,0.004423,31.0,0.004422,28.0,0.004433,25.0,0.004434,256.0
1753533119693,12:31:59.693,DOOD/USDT:USDT,0.004423,31.0,0.004422,28.0,0.004433,25.0,0.004434,256.0
1753533119797,12:31:59.797,DOOD/USDT:USDT,0.004423,31.0,0.004422,28.0,0.004433,25.0,0.004434,256.0
1753533120331,12:32:00.331,DOOD/USDT:USDT,0.004424,2.0,0.004423,31.0,0.004433,25.0,0.004434,256.0
1753533120415,12:32:00.415,DOOD/USDT:USDT,0.004424,2.0,0.004423,31.0,0.004433,25.0,0.004434,256.0
1753533120630,12:32:00.630,DOOD/USDT:USDT,0.004424,2.0,0.004423,31.0,0.004433,25.0,0.004434,256.0
1753533120946,12:32:00.946,DOOD/USDT:USDT,0.004424,2.0,0.004423,31.0,0.004433,25.0,0.004434,256.0
1753533121193,12:32:01.193,DOOD/USDT:USDT,0.004424,2.0,0.004423,6.0,0.004433,25.0,0.004434,256.0
1753533121278,12:32:01.278,DOOD/USDT:USDT,0.004423,2.0,0.004421,11.0,0.004433,25.0,0.004434,256.0
1753533121354,12:32:01.354,DOOD/USDT:USDT,0.004423,2.0,0.004421,11.0,0.004433,25.0,0.004434,256.0
1753533121483,12:32:01.483,DOOD/USDT:USDT,0.004423,2.0,0.004421,11.0,0.004433,25.0,0.004434,256.0
1753533121624,12:32:01.624,DOOD/USDT:USDT,0.004423,2.0,0.004421,11.0,0.004433,25.0,0.004434,256.0
1753533121986,12:32:01.986,DOOD/USDT:USDT,0.004423,2.0,0.004421,11.0,0.004433,25.0,0.004434,256.0
1753533122183,12:32:02.183,DOOD/USDT:USDT,0.004423,2.0,0.004421,11.0,0.004433,25.0,0.004434,256.0
1753533122433,12:32:02.433,DOOD/USDT:USDT,0.004423,2.0,0.004421,11.0,0.004433,25.0,0.004434,256.0
1753533122545,12:32:02.545,DOOD/USDT:USDT,0.004423,2.0,0.004421,11.0,0.004433,25.0,0.004434,256.0
1753533122560,12:32:02.560,DOOD/USDT:USDT,0.004423,2.0,0.004421,7.0,0.004433,25.0,0.004434,256.0
1753533122725,12:32:02.725,DOOD/USDT:USDT,0.004421,3.0,0.00442,4.0,0.004432,27.0,0.004433,27.0
1753533122856,12:32:02.856,DOOD/USDT:USDT,0.004421,3.0,0.00442,4.0,0.004432,27.0,0.004433,27.0
1753533123137,12:32:03.137,DOOD/USDT:USDT,0.004421,3.0,0.00442,4.0,0.004432,27.0,0.004433,27.0
1753533123280,12:32:03.280,DOOD/USDT:USDT,0.004421,3.0,0.00442,4.0,0.004432,27.0,0.004433,27.0
1753533123412,12:32:03.412,DOOD/USDT:USDT,0.004421,3.0,0.00442,4.0,0.004432,27.0,0.004433,27.0
1753533123658,12:32:03.658,DOOD/USDT:USDT,0.004421,3.0,0.00442,4.0,0.004432,27.0,0.004433,27.0
1753533123833,12:32:03.833,DOOD/USDT:USDT,0.004422,2.0,0.004421,7.0,0.004432,27.0,0.004433,27.0
1753533123929,12:32:03.929,DOOD/USDT:USDT,0.004422,2.0,0.004421,7.0,0.004432,27.0,0.004433,27.0
1753533124118,12:32:04.118,DOOD/USDT:USDT,0.004422,2.0,0.004421,7.0,0.004432,27.0,0.004433,27.0
1753533124516,12:32:04.516,DOOD/USDT:USDT,0.004422,2.0,0.004421,7.0,0.004432,27.0,0.004433,27.0
1753533124633,12:32:04.633,DOOD/USDT:USDT,0.004422,2.0,0.004421,7.0,0.004432,27.0,0.004433,27.0
1753533124668,12:32:04.668,DOOD/USDT:USDT,0.004422,2.0,0.004421,7.0,0.004432,27.0,0.004433,27.0
1753533125149,12:32:05.149,DOOD/USDT:USDT,0.004422,2.0,0.004421,7.0,0.004432,27.0,0.004433,27.0
1753533125180,12:32:05.180,DOOD/USDT:USDT,0.004422,2.0,0.004421,7.0,0.004432,27.0,0.004433,27.0
1753533126017,12:32:06.017,DOOD/USDT:USDT,0.004422,2.0,0.004421,7.0,0.004432,27.0,0.004433,27.0
1753533126141,12:32:06.141,DOOD/USDT:USDT,0.004422,2.0,0.004421,7.0,0.004432,27.0,0.004433,258.0
1753533126846,12:32:06.846,DOOD/USDT:USDT,0.004422,2.0,0.004421,7.0,0.004432,27.0,0.004433,258.0
1753533126863,12:32:06.863,DOOD/USDT:USDT,0.004422,2.0,0.004421,7.0,0.004432,27.0,0.004433,2.0
1753533126953,12:32:06.953,DOOD/USDT:USDT,0.004422,2.0,0.004421,7.0,0.004432,27.0,0.004433,258.0
1753533127127,12:32:07.127,DOOD/USDT:USDT,0.004422,2.0,0.004421,7.0,0.004432,27.0,0.004433,258.0
1753533127216,12:32:07.216,DOOD/USDT:USDT,0.004422,2.0,0.004421,7.0,0.004432,27.0,0.004433,258.0
1753533127628,12:32:07.628,DOOD/USDT:USDT,0.004422,2.0,0.004421,7.0,0.004432,27.0,0.004433,258.0
1753533128115,12:32:08.115,DOOD/USDT:USDT,0.004422,2.0,0.004421,7.0,0.004432,27.0,0.004433,258.0
1753533128159,12:32:08.159,DOOD/USDT:USDT,0.004422,2.0,0.004421,7.0,0.004432,27.0,0.004433,258.0
1753533128444,12:32:08.444,DOOD/USDT:USDT,0.004422,2.0,0.004421,7.0,0.004432,27.0,0.004433,258.0
1753533128536,12:32:08.536,DOOD/USDT:USDT,0.004422,2.0,0.004421,7.0,0.004431,28.0,0.004432,27.0
1753533128636,12:32:08.636,DOOD/USDT:USDT,0.004421,4.0,0.004419,2.0,0.00443,28.0,0.004431,28.0
1753533128747,12:32:08.747,DOOD/USDT:USDT,0.004417,4.0,0.004416,6.0,0.004427,28.0,0.004428,28.0
1753533128812,12:32:08.812,DOOD/USDT:USDT,0.004418,3.0,0.004417,7.0,0.004427,25.0,0.004428,28.0
1753533128933,12:32:08.933,DOOD/USDT:USDT,0.004419,3.0,0.004418,7.0,0.004427,25.0,0.004428,28.0
1753533129010,12:32:09.010,DOOD/USDT:USDT,0.004419,3.0,0.004418,11.0,0.004427,25.0,0.004428,25.0
1753533129136,12:32:09.136,DOOD/USDT:USDT,0.00442,3.0,0.004419,7.0,0.004427,25.0,0.004428,25.0
1753533129156,12:32:09.156,DOOD/USDT:USDT,0.00442,3.0,0.004419,11.0,0.004427,25.0,0.004428,25.0
1753533129350,12:32:09.350,DOOD/USDT:USDT,0.00442,3.0,0.004419,11.0,0.004427,25.0,0.004428,25.0
1753533129352,12:32:09.352,DOOD/USDT:USDT,0.00442,3.0,0.004419,11.0,0.004427,25.0,0.004428,25.0
1753533129782,12:32:09.782,DOOD/USDT:USDT,0.00442,3.0,0.004419,11.0,0.004427,25.0,0.004428,25.0
1753533130093,12:32:10.093,DOOD/USDT:USDT,0.00442,3.0,0.004419,11.0,0.004429,25.0,0.00443,3.0
1753533130204,12:32:10.204,DOOD/USDT:USDT,0.00442,3.0,0.004419,11.0,0.004429,25.0,0.00443,3.0
1753533130401,12:32:10.401,DOOD/USDT:USDT,0.00442,3.0,0.004419,7.0,0.004429,25.0,0.00443,3.0
1753533130473,12:32:10.473,DOOD/USDT:USDT,0.004419,3.0,0.004418,7.0,0.004429,25.0,0.00443,3.0
1753533130625,12:32:10.625,DOOD/USDT:USDT,0.004419,3.0,0.004418,7.0,0.004429,25.0,0.00443,3.0
1753533131152,12:32:11.152,DOOD/USDT:USDT,0.004419,3.0,0.004418,7.0,0.004429,25.0,0.004432,2.0
1753533131445,12:32:11.445,DOOD/USDT:USDT,0.004419,3.0,0.004418,7.0,0.004429,25.0,0.004432,2.0
1753533131860,12:32:11.860,DOOD/USDT:USDT,0.004419,3.0,0.004418,7.0,0.004429,25.0,0.004432,2.0
1753533132093,12:32:12.093,DOOD/USDT:USDT,0.004418,3.0,0.004417,4.0,0.004432,2.0,0.004433,258.0
1753533132154,12:32:12.154,DOOD/USDT:USDT,0.004418,3.0,0.004417,4.0,0.004432,2.0,0.004433,258.0
1753533132279,12:32:12.279,DOOD/USDT:USDT,0.004418,3.0,0.004417,4.0,0.004432,2.0,0.004433,258.0
1753533132488,12:32:12.488,DOOD/USDT:USDT,0.004418,3.0,0.004416,10.0,0.004432,2.0,0.004433,258.0
1753533132627,12:32:12.627,DOOD/USDT:USDT,0.004418,3.0,0.004416,10.0,0.004432,2.0,0.004433,258.0
1753533132734,12:32:12.734,DOOD/USDT:USDT,0.004418,3.0,0.004416,10.0,0.004432,2.0,0.004433,258.0
1753533133133,12:32:13.133,DOOD/USDT:USDT,0.004419,3.0,0.004418,3.0,0.004429,28.0,0.00443,28.0
1753533133227,12:32:13.227,DOOD/USDT:USDT,0.004418,3.0,0.004416,10.0,0.004429,28.0,0.00443,28.0
1753533133299,12:32:13.299,DOOD/USDT:USDT,0.004418,3.0,0.004416,10.0,0.004429,28.0,0.00443,28.0
1753533133531,12:32:13.531,DOOD/USDT:USDT,0.004418,3.0,0.004416,10.0,0.004429,28.0,0.00443,28.0
1753533134048,12:32:14.048,DOOD/USDT:USDT,0.004418,28.0,0.004416,10.0,0.004429,28.0,0.00443,28.0
1753533134061,12:32:14.061,DOOD/USDT:USDT,0.004419,7.0,0.004418,3.0,0.004429,28.0,0.00443,28.0
1753533134204,12:32:14.204,DOOD/USDT:USDT,0.004418,3.0,0.004417,8.0,0.004429,28.0,0.00443,28.0
1753533134259,12:32:14.259,DOOD/USDT:USDT,0.004418,3.0,0.004417,4.0,0.004429,28.0,0.00443,28.0
1753533134372,12:32:14.372,DOOD/USDT:USDT,0.004418,3.0,0.004417,4.0,0.004429,28.0,0.00443,28.0
1753533135044,12:32:15.044,DOOD/USDT:USDT,0.004419,3.0,0.004418,28.0,0.004429,28.0,0.00443,28.0
1753533135060,12:32:15.060,DOOD/USDT:USDT,0.004419,7.0,0.004418,28.0,0.004429,28.0,0.00443,28.0
1753533135229,12:32:15.229,DOOD/USDT:USDT,0.00442,3.0,0.004419,7.0,0.004429,25.0,0.00443,28.0
1753533135470,12:32:15.470,DOOD/USDT:USDT,0.00442,3.0,0.004419,7.0,0.004429,25.0,0.00443,28.0
1753533135607,12:32:15.607,DOOD/USDT:USDT,0.00442,3.0,0.004419,7.0,0.004429,25.0,0.00443,28.0
1753533136026,12:32:16.026,DOOD/USDT:USDT,0.00442,3.0,0.004419,7.0,0.004429,25.0,0.00443,28.0
1753533136113,12:32:16.113,DOOD/USDT:USDT,0.004419,3.0,0.004418,7.0,0.004429,25.0,0.00443,28.0
1753533136159,12:32:16.159,DOOD/USDT:USDT,0.004419,3.0,0.004418,7.0,0.004429,25.0,0.00443,28.0
1753533136434,12:32:16.434,DOOD/USDT:USDT,0.004419,3.0,0.004418,7.0,0.004429,25.0,0.00443,28.0
1753533137018,12:32:17.018,DOOD/USDT:USDT,0.004419,3.0,0.004418,7.0,0.004429,25.0,0.00443,28.0
1753533137132,12:32:17.132,DOOD/USDT:USDT,0.004418,3.0,0.004416,8.0,0.004429,25.0,0.00443,28.0
1753533137160,12:32:17.160,DOOD/USDT:USDT,0.004418,3.0,0.004416,4.0,0.004429,25.0,0.00443,28.0
1753533137254,12:32:17.254,DOOD/USDT:USDT,0.004418,3.0,0.004416,4.0,0.004429,25.0,0.00443,28.0
1753533137632,12:32:17.632,DOOD/USDT:USDT,0.004418,3.0,0.004416,4.0,0.004429,25.0,0.00443,28.0
1753533138017,12:32:18.017,DOOD/USDT:USDT,0.004419,2.0,0.004418,3.0,0.004429,25.0,0.00443,28.0
1753533138072,12:32:18.072,DOOD/USDT:USDT,0.004419,2.0,0.004418,3.0,0.004429,25.0,0.00443,28.0
1753533138165,12:32:18.165,DOOD/USDT:USDT,0.004418,3.0,0.004416,8.0,0.004429,25.0,0.00443,28.0
1753533138259,12:32:18.259,DOOD/USDT:USDT,0.004418,3.0,0.004416,4.0,0.004429,25.0,0.00443,28.0
1753533138491,12:32:18.491,DOOD/USDT:USDT,0.004418,3.0,0.004416,4.0,0.004429,25.0,0.00443,28.0
1753533138747,12:32:18.747,DOOD/USDT:USDT,0.004418,7.0,0.004415,3.0,0.004429,25.0,0.004431,3.0
1753533138841,12:32:18.841,DOOD/USDT:USDT,0.00442,2.0,0.004419,6.0,0.004435,2.0,0.004436,434.0
1753533138920,12:32:18.920,DOOD/USDT:USDT,0.00442,2.0,0.004419,6.0,0.004435,2.0,0.004436,434.0
1753533139044,12:32:19.044,DOOD/USDT:USDT,0.00442,2.0,0.004419,6.0,0.004433,27.0,0.004434,27.0
1753533139089,12:32:19.089,DOOD/USDT:USDT,0.00442,2.0,0.004419,6.0,0.004433,27.0,0.004434,27.0
1753533139337,12:32:19.337,DOOD/USDT:USDT,0.00442,2.0,0.004419,6.0,0.004432,27.0,0.004433,27.0
1753533139369,12:32:19.369,DOOD/USDT:USDT,0.00442,2.0,0.004419,6.0,0.004432,27.0,0.004433,27.0
1753533139809,12:32:19.809,DOOD/USDT:USDT,0.00442,2.0,0.004419,6.0,0.004432,27.0,0.004433,27.0
1753533139875,12:32:19.875,DOOD/USDT:USDT,0.00442,2.0,0.004419,6.0,0.004432,27.0,0.004433,27.0
1753533140224,12:32:20.224,DOOD/USDT:USDT,0.00442,2.0,0.004419,6.0,0.004432,27.0,0.004433,27.0
1753533140335,12:32:20.335,DOOD/USDT:USDT,0.00442,2.0,0.004419,6.0,0.004432,27.0,0.004433,27.0
1753533140368,12:32:20.368,DOOD/USDT:USDT,0.00442,2.0,0.004419,6.0,0.004432,27.0,0.004433,27.0
1753533140620,12:32:20.620,DOOD/USDT:USDT,0.00442,2.0,0.004419,6.0,0.004432,27.0,0.004433,27.0
1753533140878,12:32:20.878,DOOD/USDT:USDT,0.00442,2.0,0.004419,6.0,0.004432,27.0,0.004433,27.0
1753533140976,12:32:20.976,DOOD/USDT:USDT,0.00442,2.0,0.004419,6.0,0.004432,27.0,0.004433,27.0
1753533141968,12:32:21.968,DOOD/USDT:USDT,0.00442,2.0,0.004419,6.0,0.004432,27.0,0.004433,27.0
1753533143659,12:32:23.659,DOOD/USDT:USDT,0.00442,2.0,0.004419,6.0,0.004432,27.0,0.004433,27.0
1753533143938,12:32:23.938,DOOD/USDT:USDT,0.00442,2.0,0.004419,6.0,0.004432,27.0,0.004433,27.0
1753533144148,12:32:24.148,DOOD/USDT:USDT,0.00442,2.0,0.004419,6.0,0.004432,27.0,0.004433,27.0
1753533146337,12:32:26.337,DOOD/USDT:USDT,0.00442,2.0,0.004419,6.0,0.004432,27.0,0.004433,27.0
1753533148459,12:32:28.459,DOOD/USDT:USDT,0.00442,2.0,0.004419,6.0,0.004432,27.0,0.004433,27.0
1753533149890,12:32:29.890,DOOD/USDT:USDT,0.00442,2.0,0.004419,6.0,0.004432,27.0,0.004433,27.0
1753533150009,12:32:30.009,DOOD/USDT:USDT,0.00442,2.0,0.004419,6.0,0.004432,27.0,0.004433,27.0
1753533150470,12:32:30.470,DOOD/USDT:USDT,0.00442,2.0,0.004419,6.0,0.004432,27.0,0.004433,27.0
1753533152519,12:32:32.519,DOOD/USDT:USDT,0.00442,2.0,0.004419,6.0,0.004432,27.0,0.004433,27.0
1753533152560,12:32:32.560,DOOD/USDT:USDT,0.00442,2.0,0.004419,6.0,0.004432,27.0,0.004433,27.0
1753533152743,12:32:32.743,DOOD/USDT:USDT,0.00442,2.0,0.004419,6.0,0.004432,27.0,0.004433,27.0
1753533153273,12:32:33.273,DOOD/USDT:USDT,0.00442,2.0,0.004419,6.0,0.004432,27.0,0.004433,27.0
1753533153633,12:32:33.633,DOOD/USDT:USDT,0.00442,2.0,0.004419,6.0,0.004432,27.0,0.004433,27.0
1753533153653,12:32:33.653,DOOD/USDT:USDT,0.00442,2.0,0.004419,6.0,0.004432,27.0,0.004433,27.0
1753533153825,12:32:33.825,DOOD/USDT:USDT,0.00442,2.0,0.004419,6.0,0.004432,27.0,0.004433,27.0
1753533153930,12:32:33.930,DOOD/USDT:USDT,0.00442,2.0,0.004419,6.0,0.004432,25.0,0.004433,2.0
1753533154042,12:32:34.042,DOOD/USDT:USDT,0.00442,2.0,0.004419,6.0,0.004432,25.0,0.004433,2.0
1753533154113,12:32:34.113,DOOD/USDT:USDT,0.00442,2.0,0.004419,6.0,0.004432,25.0,0.004433,2.0
1753533154534,12:32:34.534,DOOD/USDT:USDT,0.00442,2.0,0.004419,6.0,0.004432,25.0,0.004433,2.0
1753533154576,12:32:34.576,DOOD/USDT:USDT,0.00442,2.0,0.004419,6.0,0.004432,25.0,0.004433,2.0
1753533154974,12:32:34.974,DOOD/USDT:USDT,0.00442,2.0,0.004419,6.0,0.004432,25.0,0.004434,2.0
1753533155133,12:32:35.133,DOOD/USDT:USDT,0.00442,2.0,0.004419,6.0,0.004432,25.0,0.004434,2.0
1753533155201,12:32:35.201,DOOD/USDT:USDT,0.00442,2.0,0.004419,6.0,0.004432,25.0,0.004434,2.0
1753533155497,12:32:35.497,DOOD/USDT:USDT,0.00442,2.0,0.004419,6.0,0.004437,3.0,0.004438,257.0
1753533155620,12:32:35.620,DOOD/USDT:USDT,0.00442,2.0,0.004419,6.0,0.004437,3.0,0.004438,257.0
1753533155656,12:32:35.656,DOOD/USDT:USDT,0.00442,2.0,0.004419,6.0,0.004437,3.0,0.004438,257.0
1753533155809,12:32:35.809,DOOD/USDT:USDT,0.00442,2.0,0.004419,6.0,0.004436,3.0,0.004437,28.0
1753533155854,12:32:35.854,DOOD/USDT:USDT,0.00442,2.0,0.004419,6.0,0.004436,3.0,0.004437,28.0
1753533156039,12:32:36.039,DOOD/USDT:USDT,0.00442,2.0,0.004419,6.0,0.004436,3.0,0.004437,28.0
1753533156081,12:32:36.081,DOOD/USDT:USDT,0.00442,2.0,0.004419,6.0,0.004436,3.0,0.004437,28.0
1753533156434,12:32:36.434,DOOD/USDT:USDT,0.00442,2.0,0.004419,6.0,0.004436,3.0,0.004437,28.0
1753533156484,12:32:36.484,DOOD/USDT:USDT,0.00442,2.0,0.004419,6.0,0.004436,3.0,0.004437,28.0
1753533157117,12:32:37.117,DOOD/USDT:USDT,0.00442,2.0,0.004419,6.0,0.004436,3.0,0.004437,28.0
1753533157291,12:32:37.291,DOOD/USDT:USDT,0.00442,2.0,0.004419,6.0,0.004436,3.0,0.004437,28.0
1753533158060,12:32:38.060,DOOD/USDT:USDT,0.00442,2.0,0.004419,6.0,0.004436,3.0,0.004437,28.0
1753533158237,12:32:38.237,DOOD/USDT:USDT,0.00442,2.0,0.004419,6.0,0.004436,3.0,0.004437,28.0
1753533158513,12:32:38.513,DOOD/USDT:USDT,0.00442,2.0,0.004419,6.0,0.004436,3.0,0.004437,28.0
1753533159273,12:32:39.273,DOOD/USDT:USDT,0.00442,2.0,0.004419,6.0,0.004436,3.0,0.004437,28.0
1753533160500,12:32:40.500,DOOD/USDT:USDT,0.00442,2.0,0.004419,6.0,0.004436,3.0,0.004437,28.0
1753533161195,12:32:41.195,DOOD/USDT:USDT,0.00442,2.0,0.004419,6.0,0.004436,3.0,0.004437,28.0
1753533161450,12:32:41.450,DOOD/USDT:USDT,0.00442,2.0,0.004419,6.0,0.004436,3.0,0.004437,28.0
1753533161777,12:32:41.777,DOOD/USDT:USDT,0.00442,2.0,0.004419,6.0,0.004436,3.0,0.004437,28.0
1753533162146,12:32:42.146,DOOD/USDT:USDT,0.00442,2.0,0.004419,6.0,0.004436,3.0,0.004437,28.0
1753533162502,12:32:42.502,DOOD/USDT:USDT,0.00442,2.0,0.004419,6.0,0.004436,3.0,0.004437,28.0
1753533162552,12:32:42.552,DOOD/USDT:USDT,0.00442,2.0,0.004419,6.0,0.004436,3.0,0.004437,28.0
1753533162859,12:32:42.859,DOOD/USDT:USDT,0.00442,2.0,0.004419,6.0,0.004436,3.0,0.004437,28.0
1753533163604,12:32:43.604,DOOD/USDT:USDT,0.00442,2.0,0.004419,6.0,0.004436,3.0,0.004437,28.0
1753533165788,12:32:45.788,DOOD/USDT:USDT,0.00442,2.0,0.004419,6.0,0.004436,3.0,0.004437,28.0
1753533166643,12:32:46.643,DOOD/USDT:USDT,0.00442,2.0,0.004419,6.0,0.004436,3.0,0.004437,28.0
1753533166686,12:32:46.686,DOOD/USDT:USDT,0.00442,2.0,0.004419,6.0,0.004436,3.0,0.004437,28.0
1753533167409,12:32:47.409,DOOD/USDT:USDT,0.00442,2.0,0.004419,6.0,0.004436,3.0,0.004437,28.0
1753533167453,12:32:47.453,DOOD/USDT:USDT,0.00442,2.0,0.004419,6.0,0.004436,3.0,0.004437,28.0
1753533167660,12:32:47.660,DOOD/USDT:USDT,0.00442,2.0,0.004419,6.0,0.004436,3.0,0.004437,28.0
1753533167950,12:32:47.950,DOOD/USDT:USDT,0.00442,2.0,0.004419,6.0,0.004436,3.0,0.004437,28.0
1753533169287,12:32:49.287,DOOD/USDT:USDT,0.00442,2.0,0.004419,6.0,0.004436,3.0,0.004437,28.0
1753533169398,12:32:49.398,DOOD/USDT:USDT,0.00442,2.0,0.004419,6.0,0.004436,3.0,0.004437,28.0
1753533169672,12:32:49.672,DOOD/USDT:USDT,0.00442,2.0,0.004419,6.0,0.004436,3.0,0.004437,28.0
1753533170113,12:32:50.113,DOOD/USDT:USDT,0.00442,2.0,0.004419,6.0,0.004436,3.0,0.004437,28.0
1753533170413,12:32:50.413,DOOD/USDT:USDT,0.00442,2.0,0.004419,6.0,0.004436,3.0,0.004437,28.0
1753533170637,12:32:50.637,DOOD/USDT:USDT,0.00442,2.0,0.004419,6.0,0.004436,3.0,0.004437,28.0
1753533172461,12:32:52.461,DOOD/USDT:USDT,0.00442,2.0,0.004419,6.0,0.004436,3.0,0.004437,28.0
1753533176833,12:32:56.833,DOOD/USDT:USDT,0.00442,2.0,0.004419,6.0,0.004436,3.0,0.004437,28.0
1753533176882,12:32:56.882,DOOD/USDT:USDT,0.00442,2.0,0.004419,6.0,0.004436,3.0,0.004437,28.0
1753533176956,12:32:56.956,DOOD/USDT:USDT,0.00442,2.0,0.004419,6.0,0.004436,3.0,0.004437,28.0
1753533177260,12:32:57.260,DOOD/USDT:USDT,0.00442,2.0,0.004419,6.0,0.004436,3.0,0.004437,28.0
1753533177545,12:32:57.545,DOOD/USDT:USDT,0.00442,2.0,0.004419,6.0,0.004436,3.0,0.004437,28.0
1753533178962,12:32:58.962,DOOD/USDT:USDT,0.00442,2.0,0.004419,6.0,0.004436,3.0,0.004437,28.0
1753533179126,12:32:59.126,DOOD/USDT:USDT,0.00442,2.0,0.004419,6.0,0.004436,3.0,0.004437,28.0
1753533180332,12:33:00.332,DOOD/USDT:USDT,0.00442,2.0,0.004419,6.0,0.004436,3.0,0.004437,28.0
1753533180408,12:33:00.408,DOOD/USDT:USDT,0.00442,2.0,0.004419,6.0,0.004436,3.0,0.004437,28.0
1753533180607,12:33:00.607,DOOD/USDT:USDT,0.00442,2.0,0.004419,6.0,0.004436,3.0,0.004437,28.0
1753533180727,12:33:00.727,DOOD/USDT:USDT,0.00442,2.0,0.004419,6.0,0.004436,3.0,0.004437,28.0
1753533181727,12:33:01.727,DOOD/USDT:USDT,0.00442,2.0,0.004419,6.0,0.004436,3.0,0.004437,28.0
1753533181847,12:33:01.847,DOOD/USDT:USDT,0.00442,2.0,0.004419,6.0,0.004436,3.0,0.004437,28.0
1753533181854,12:33:01.854,DOOD/USDT:USDT,0.00442,2.0,0.004419,6.0,0.004436,3.0,0.004437,28.0
1753533182061,12:33:02.061,DOOD/USDT:USDT,0.00442,2.0,0.004419,6.0,0.004436,3.0,0.004437,28.0
1753533182667,12:33:02.667,DOOD/USDT:USDT,0.00442,2.0,0.004419,6.0,0.004436,3.0,0.004437,28.0
1753533182787,12:33:02.787,DOOD/USDT:USDT,0.00442,2.0,0.004419,6.0,0.004436,3.0,0.004437,28.0
1753533186387,12:33:06.387,DOOD/USDT:USDT,0.00442,2.0,0.004419,6.0,0.004436,3.0,0.004437,28.0
1753533186508,12:33:06.508,DOOD/USDT:USDT,0.00442,2.0,0.004419,6.0,0.004436,3.0,0.004437,28.0
1753533186861,12:33:06.861,DOOD/USDT:USDT,0.00442,2.0,0.004419,6.0,0.004436,3.0,0.004437,28.0
1753533186954,12:33:06.954,DOOD/USDT:USDT,0.00442,2.0,0.004419,6.0,0.004436,3.0,0.004437,28.0
1753533187540,12:33:07.540,DOOD/USDT:USDT,0.00442,2.0,0.004419,6.0,0.004436,3.0,0.004437,28.0
1753533188934,12:33:08.934,DOOD/USDT:USDT,0.00442,2.0,0.004419,6.0,0.004436,3.0,0.004437,28.0
1753533189618,12:33:09.618,DOOD/USDT:USDT,0.00442,2.0,0.004419,6.0,0.004436,3.0,0.004437,28.0
1753533190637,12:33:10.637,DOOD/USDT:USDT,0.00442,2.0,0.004419,6.0,0.004436,3.0,0.004437,28.0
1753533191066,12:33:11.066,DOOD/USDT:USDT,0.00442,2.0,0.004419,6.0,0.004436,3.0,0.004437,28.0
1753533191287,12:33:11.287,DOOD/USDT:USDT,0.00442,2.0,0.004419,6.0,0.004436,3.0,0.004437,28.0
1753533191660,12:33:11.660,DOOD/USDT:USDT,0.00442,2.0,0.004419,6.0,0.004436,3.0,0.004437,28.0
1753533192302,12:33:12.302,DOOD/USDT:USDT,0.00442,2.0,0.004419,6.0,0.004436,3.0,0.004437,28.0
1753533192672,12:33:12.672,DOOD/USDT:USDT,0.00442,2.0,0.004419,6.0,0.004436,3.0,0.004437,28.0
1753533195572,12:33:15.572,DOOD/USDT:USDT,0.00442,2.0,0.004419,6.0,0.004436,3.0,0.004437,28.0
1753533196247,12:33:16.247,DOOD/USDT:USDT,0.00442,2.0,0.004419,6.0,0.004436,3.0,0.004437,28.0
1753533196347,12:33:16.347,DOOD/USDT:USDT,0.004418,7.0,0.004417,7.0,0.004435,3.0,0.004436,63.0
1753533196442,12:33:16.442,DOOD/USDT:USDT,0.004418,3.0,0.004417,7.0,0.004435,3.0,0.004436,63.0
1753533196538,12:33:16.538,DOOD/USDT:USDT,0.004418,3.0,0.004417,7.0,0.004434,3.0,0.004435,4.0
1753533196646,12:33:16.646,DOOD/USDT:USDT,0.004417,3.0,0.004416,4.0,0.004434,61.0,0.004435,3.0
1753533196701,12:33:16.701,DOOD/USDT:USDT,0.004417,3.0,0.004415,7.0,0.004433,3.0,0.004434,3.0
1753533196838,12:33:16.838,DOOD/USDT:USDT,0.004417,3.0,0.004415,7.0,0.004433,3.0,0.004434,4.0
1753533196934,12:33:16.934,DOOD/USDT:USDT,0.004417,3.0,0.004415,7.0,0.004433,3.0,0.004434,3.0
1753533197036,12:33:17.036,DOOD/USDT:USDT,0.004417,3.0,0.004415,7.0,0.004433,1.0,0.004434,3.0
1753533197142,12:33:17.142,DOOD/USDT:USDT,0.004417,3.0,0.004415,7.0,0.004432,3.0,0.004434,3.0
1753533197335,12:33:17.335,DOOD/USDT:USDT,0.004417,3.0,0.004415,7.0,0.004432,1.0,0.004434,3.0
1753533197435,12:33:17.435,DOOD/USDT:USDT,0.004417,3.0,0.004415,7.0,0.004434,3.0,0.004435,70.0
1753533197477,12:33:17.477,DOOD/USDT:USDT,0.004417,3.0,0.004415,7.0,0.004436,3.0,0.004437,28.0
1753533197557,12:33:17.557,DOOD/USDT:USDT,0.004417,3.0,0.004415,7.0,0.004435,3.0,0.004436,55.0
1753533197867,12:33:17.867,DOOD/USDT:USDT,0.004417,3.0,0.004415,7.0,0.004435,3.0,0.004436,55.0
1753533198178,12:33:18.178,DOOD/USDT:USDT,0.004417,3.0,0.004415,7.0,0.004435,3.0,0.004436,55.0
1753533198343,12:33:18.343,DOOD/USDT:USDT,0.004415,3.0,0.004412,28.0,0.004434,3.0,0.004435,14.0
1753533198438,12:33:18.438,DOOD/USDT:USDT,0.004415,3.0,0.004413,11.0,0.004432,3.0,0.004433,4.0
1753533198538,12:33:18.538,DOOD/USDT:USDT,0.004415,3.0,0.004413,11.0,0.00443,254.0,0.004431,3.0
1753533198557,12:33:18.557,DOOD/USDT:USDT,0.004415,3.0,0.004413,11.0,0.004429,3.0,0.00443,254.0
1753533198710,12:33:18.710,DOOD/USDT:USDT,0.004415,3.0,0.004413,11.0,0.004429,3.0,0.00443,254.0
1753533198840,12:33:18.840,DOOD/USDT:USDT,0.004415,3.0,0.004413,11.0,0.004429,3.0,0.00443,254.0
1753533199312,12:33:19.312,DOOD/USDT:USDT,0.004415,3.0,0.004413,11.0,0.004429,3.0,0.00443,254.0
1753533199439,12:33:19.439,DOOD/USDT:USDT,0.004413,7.0,0.004412,3.0,0.004428,3.0,0.004429,501.0
1753533199549,12:33:19.549,DOOD/USDT:USDT,0.004412,3.0,0.004411,8.0,0.004427,3.0,0.004428,54.0
1753533199632,12:33:19.632,DOOD/USDT:USDT,0.004412,3.0,0.004411,4.0,0.004426,3.0,0.004427,3.0
1753533199735,12:33:19.735,DOOD/USDT:USDT,0.004412,3.0,0.004411,4.0,0.004426,3.0,0.004427,3.0
1753533199828,12:33:19.828,DOOD/USDT:USDT,0.004412,3.0,0.004411,4.0,0.004428,3.0,0.004429,437.0
1753533199857,12:33:19.857,DOOD/USDT:USDT,0.004412,3.0,0.004411,4.0,0.004427,3.0,0.004428,56.0
1753533200303,12:33:20.303,DOOD/USDT:USDT,0.004413,3.0,0.004412,28.0,0.004427,3.0,0.004428,56.0
1753533200387,12:33:20.387,DOOD/USDT:USDT,0.004413,7.0,0.004412,28.0,0.004427,3.0,0.004428,56.0
1753533200503,12:33:20.503,DOOD/USDT:USDT,0.004413,7.0,0.004412,28.0,0.004427,3.0,0.004428,56.0
1753533200556,12:33:20.556,DOOD/USDT:USDT,0.004413,7.0,0.004412,28.0,0.004427,3.0,0.004428,56.0
1753533200660,12:33:20.660,DOOD/USDT:USDT,0.004413,7.0,0.004412,28.0,0.004427,3.0,0.004428,56.0
1753533200805,12:33:20.805,DOOD/USDT:USDT,0.004413,7.0,0.004412,28.0,0.004427,3.0,0.004428,56.0
1753533200856,12:33:20.856,DOOD/USDT:USDT,0.004413,7.0,0.004412,28.0,0.004427,3.0,0.004428,56.0
1753533200956,12:33:20.956,DOOD/USDT:USDT,0.004413,7.0,0.004412,28.0,0.004427,3.0,0.004428,56.0
1753533201057,12:33:21.057,DOOD/USDT:USDT,0.004413,7.0,0.004412,28.0,0.004427,3.0,0.004428,56.0
1753533201157,12:33:21.157,DOOD/USDT:USDT,0.004413,7.0,0.004412,28.0,0.004427,3.0,0.004428,56.0
1753533201256,12:33:21.256,DOOD/USDT:USDT,0.004413,7.0,0.004412,28.0,0.004427,3.0,0.004428,56.0
1753533201356,12:33:21.356,DOOD/USDT:USDT,0.004413,7.0,0.004412,28.0,0.004427,3.0,0.004428,56.0
1753533201459,12:33:21.459,DOOD/USDT:USDT,0.004413,7.0,0.004412,28.0,0.004427,3.0,0.004428,56.0
1753533201623,12:33:21.623,DOOD/USDT:USDT,0.004413,7.0,0.004412,28.0,0.004427,3.0,0.004428,56.0
1753533201658,12:33:21.658,DOOD/USDT:USDT,0.004413,7.0,0.004412,28.0,0.004427,3.0,0.004428,56.0
1753533201757,12:33:21.757,DOOD/USDT:USDT,0.004413,7.0,0.004412,28.0,0.004427,3.0,0.004428,56.0
1753533201856,12:33:21.856,DOOD/USDT:USDT,0.004413,7.0,0.004412,28.0,0.004427,3.0,0.004428,56.0
1753533201956,12:33:21.956,DOOD/USDT:USDT,0.004413,7.0,0.004412,28.0,0.004427,3.0,0.004428,56.0
1753533202059,12:33:22.059,DOOD/USDT:USDT,0.004413,7.0,0.004412,28.0,0.004427,3.0,0.004428,56.0
1753533202157,12:33:22.157,DOOD/USDT:USDT,0.004413,7.0,0.004412,28.0,0.004427,3.0,0.004428,56.0
1753533202256,12:33:22.256,DOOD/USDT:USDT,0.004413,7.0,0.004412,28.0,0.004427,3.0,0.004428,56.0
1753533202357,12:33:22.357,DOOD/USDT:USDT,0.004413,7.0,0.004412,28.0,0.004427,3.0,0.004428,56.0
1753533202525,12:33:22.525,DOOD/USDT:USDT,0.004413,7.0,0.004412,28.0,0.004427,3.0,0.004428,56.0
1753533202555,12:33:22.555,DOOD/USDT:USDT,0.004413,7.0,0.004412,28.0,0.004427,3.0,0.004428,56.0
1753533202656,12:33:22.656,DOOD/USDT:USDT,0.004413,7.0,0.004412,28.0,0.004427,3.0,0.004428,56.0
1753533202756,12:33:22.756,DOOD/USDT:USDT,0.004413,7.0,0.004412,28.0,0.004427,3.0,0.004428,56.0
1753533202856,12:33:22.856,DOOD/USDT:USDT,0.004413,7.0,0.004412,28.0,0.004427,3.0,0.004428,56.0
1753533202956,12:33:22.956,DOOD/USDT:USDT,0.004413,7.0,0.004412,28.0,0.004427,3.0,0.004428,56.0
1753533203056,12:33:23.056,DOOD/USDT:USDT,0.004413,7.0,0.004412,28.0,0.004427,3.0,0.004428,56.0
1753533203159,12:33:23.159,DOOD/USDT:USDT,0.004413,7.0,0.004412,28.0,0.004427,3.0,0.004428,56.0
1753533203336,12:33:23.336,DOOD/USDT:USDT,0.004413,7.0,0.004412,28.0,0.004423,3.0,0.004424,28.0
1753533203356,12:33:23.356,DOOD/USDT:USDT,0.004413,7.0,0.004412,28.0,0.004423,3.0,0.004424,28.0
1753533203457,12:33:23.457,DOOD/USDT:USDT,0.004413,7.0,0.004412,28.0,0.004423,3.0,0.004424,28.0
1753533203615,12:33:23.615,DOOD/USDT:USDT,0.004413,5.0,0.004412,28.0,0.004423,3.0,0.004424,28.0
1753533203676,12:33:23.676,DOOD/USDT:USDT,0.004413,7.0,0.004412,28.0,0.004423,3.0,0.004424,28.0
1753533203767,12:33:23.767,DOOD/USDT:USDT,0.004413,7.0,0.004412,28.0,0.004423,3.0,0.004424,28.0
1753533203856,12:33:23.856,DOOD/USDT:USDT,0.004413,7.0,0.004412,28.0,0.004423,3.0,0.004424,28.0
1753533203956,12:33:23.956,DOOD/USDT:USDT,0.004413,7.0,0.004412,28.0,0.004423,3.0,0.004424,28.0
1753533204061,12:33:24.061,DOOD/USDT:USDT,0.004413,7.0,0.004412,28.0,0.004423,3.0,0.004424,28.0
1753533204160,12:33:24.160,DOOD/USDT:USDT,0.004413,7.0,0.004412,28.0,0.004423,3.0,0.004424,28.0
1753533204257,12:33:24.257,DOOD/USDT:USDT,0.004413,7.0,0.004412,3.0,0.004423,3.0,0.004424,28.0
1753533204373,12:33:24.373,DOOD/USDT:USDT,0.004412,3.0,0.00441,8.0,0.004423,3.0,0.004424,28.0
1753533204458,12:33:24.458,DOOD/USDT:USDT,0.004412,7.0,0.004409,7.0,0.004423,3.0,0.004424,28.0
1753533204666,12:33:24.666,DOOD/USDT:USDT,0.004412,7.0,0.004409,7.0,0.004423,3.0,0.004424,28.0
1753533205247,12:33:25.247,DOOD/USDT:USDT,0.004412,32.0,0.004409,7.0,0.004423,28.0,0.004424,28.0
1753533205273,12:33:25.273,DOOD/USDT:USDT,0.004413,4.0,0.004412,7.0,0.004422,28.0,0.004423,28.0
1753533205422,12:33:25.422,DOOD/USDT:USDT,0.004412,7.0,0.004409,7.0,0.004421,28.0,0.004422,28.0
1753533205471,12:33:25.471,DOOD/USDT:USDT,0.004412,7.0,0.004409,7.0,0.004421,28.0,0.004422,28.0
1753533205670,12:33:25.670,DOOD/USDT:USDT,0.004412,7.0,0.004409,7.0,0.004421,28.0,0.004422,28.0
1753533205752,12:33:25.752,DOOD/USDT:USDT,0.004412,7.0,0.004409,7.0,0.004421,28.0,0.004422,28.0
1753533205981,12:33:25.981,DOOD/USDT:USDT,0.004412,7.0,0.004409,7.0,0.004421,28.0,0.004422,28.0
1753533206235,12:33:26.235,DOOD/USDT:USDT,0.004412,7.0,0.00441,25.0,0.004421,28.0,0.004422,28.0
1753533206259,12:33:26.259,DOOD/USDT:USDT,0.004412,7.0,0.004411,4.0,0.004421,28.0,0.004422,28.0
1753533206722,12:33:26.722,DOOD/USDT:USDT,0.004412,7.0,0.004411,4.0,0.004421,28.0,0.004422,28.0
1753533206814,12:33:26.814,DOOD/USDT:USDT,0.004412,7.0,0.004411,4.0,0.004421,28.0,0.004422,28.0
1753533207223,12:33:27.223,DOOD/USDT:USDT,0.004412,7.0,0.004411,4.0,0.004421,28.0,0.004422,28.0
1753533207728,12:33:27.728,DOOD/USDT:USDT,0.004412,7.0,0.004411,4.0,0.00442,27.0,0.004421,28.0
1753533207829,12:33:27.829,DOOD/USDT:USDT,0.004412,7.0,0.004411,4.0,0.00442,27.0,0.004421,28.0
1753533208771,12:33:28.771,DOOD/USDT:USDT,0.004412,7.0,0.004411,4.0,0.00442,27.0,0.004421,28.0
1753533208864,12:33:28.864,DOOD/USDT:USDT,0.004412,7.0,0.004411,4.0,0.00442,27.0,0.004421,28.0
1753533208962,12:33:28.962,DOOD/USDT:USDT,0.004412,7.0,0.004411,4.0,0.00442,27.0,0.004421,28.0
1753533209201,12:33:29.201,DOOD/USDT:USDT,0.004412,7.0,0.004411,4.0,0.00442,27.0,0.004421,28.0
1753533210303,12:33:30.303,DOOD/USDT:USDT,0.004412,7.0,0.004411,4.0,0.00442,27.0,0.004421,28.0
1753533210398,12:33:30.398,DOOD/USDT:USDT,0.004412,7.0,0.004411,4.0,0.00442,27.0,0.004421,28.0
1753533211118,12:33:31.118,DOOD/USDT:USDT,0.004412,7.0,0.004411,4.0,0.00442,27.0,0.004421,28.0
1753533211179,12:33:31.179,DOOD/USDT:USDT,0.004412,7.0,0.004411,4.0,0.00442,27.0,0.004421,3.0
1753533211624,12:33:31.624,DOOD/USDT:USDT,0.004412,7.0,0.004411,4.0,0.00442,27.0,0.004421,3.0
1753533213291,12:33:33.291,DOOD/USDT:USDT,0.004412,7.0,0.004411,4.0,0.00442,27.0,0.004423,3.0
1753533213671,12:33:33.671,DOOD/USDT:USDT,0.004412,7.0,0.004411,4.0,0.00442,27.0,0.004423,3.0
1753533214149,12:33:34.149,DOOD/USDT:USDT,0.004412,7.0,0.004411,4.0,0.004423,3.0,0.004424,3.0
1753533214154,12:33:34.154,DOOD/USDT:USDT,0.004412,7.0,0.004411,4.0,0.004424,3.0,0.004426,53.0
1753533214276,12:33:34.276,DOOD/USDT:USDT,0.004412,3.0,0.004411,6.0,0.004428,3.0,0.004429,437.0
1753533214435,12:33:34.435,DOOD/USDT:USDT,0.004412,3.0,0.004411,6.0,0.004426,27.0,0.004427,27.0
1753533214534,12:33:34.534,DOOD/USDT:USDT,0.004412,3.0,0.004411,6.0,0.004423,2.0,0.004424,27.0
1753533215139,12:33:35.139,DOOD/USDT:USDT,0.004412,28.0,0.004411,6.0,0.004423,2.0,0.004424,27.0
1753533215157,12:33:35.157,DOOD/USDT:USDT,0.004413,4.0,0.004412,28.0,0.004423,2.0,0.004424,27.0
1753533215374,12:33:35.374,DOOD/USDT:USDT,0.004413,4.0,0.004412,28.0,0.004423,2.0,0.004424,27.0
1753533215461,12:33:35.461,DOOD/USDT:USDT,0.004413,4.0,0.004412,28.0,0.004423,2.0,0.004424,27.0
1753533215808,12:33:35.808,DOOD/USDT:USDT,0.004413,4.0,0.004412,28.0,0.004423,2.0,0.004424,27.0
1753533217411,12:33:37.411,DOOD/USDT:USDT,0.004413,4.0,0.004412,28.0,0.004423,2.0,0.004424,27.0
1753533217530,12:33:37.530,DOOD/USDT:USDT,0.004413,4.0,0.004412,28.0,0.004423,2.0,0.004424,27.0
1753533217631,12:33:37.631,DOOD/USDT:USDT,0.004413,4.0,0.004412,25.0,0.004422,2.0,0.004423,2.0
1753533217743,12:33:37.743,DOOD/USDT:USDT,0.004413,4.0,0.004412,25.0,0.004423,2.0,0.004424,27.0
1753533218682,12:33:38.682,DOOD/USDT:USDT,0.004413,4.0,0.004412,25.0,0.004423,2.0,0.004424,27.0
1753533218753,12:33:38.753,DOOD/USDT:USDT,0.004413,4.0,0.004412,25.0,0.004423,2.0,0.004424,27.0
1753533219108,12:33:39.108,DOOD/USDT:USDT,0.004413,4.0,0.004412,25.0,0.004423,2.0,0.004424,27.0
1753533219447,12:33:39.447,DOOD/USDT:USDT,0.004413,4.0,0.004409,3.0,0.004421,2.0,0.004422,254.0
1753533219530,12:33:39.530,DOOD/USDT:USDT,0.004409,3.0,0.004408,3.0,0.004421,2.0,0.004422,254.0
1753533219779,12:33:39.779,DOOD/USDT:USDT,0.004409,3.0,0.004408,3.0,0.004421,2.0,0.004422,254.0
1753533219959,12:33:39.959,DOOD/USDT:USDT,0.004409,3.0,0.004408,3.0,0.004421,2.0,0.004422,254.0
1753533220094,12:33:40.094,DOOD/USDT:USDT,0.004409,3.0,0.004408,3.0,0.004421,2.0,0.004422,254.0
1753533220155,12:33:40.155,DOOD/USDT:USDT,0.004409,3.0,0.004408,7.0,0.004421,2.0,0.004422,254.0
1753533220783,12:33:40.783,DOOD/USDT:USDT,0.004409,3.0,0.004408,7.0,0.004421,2.0,0.004422,254.0
1753533221315,12:33:41.315,DOOD/USDT:USDT,0.004409,3.0,0.004408,7.0,0.004421,2.0,0.004422,254.0
1753533221960,12:33:41.960,DOOD/USDT:USDT,0.004409,3.0,0.004408,7.0,0.004421,2.0,0.004422,254.0
1753533222444,12:33:42.444,DOOD/USDT:USDT,0.004409,3.0,0.004408,7.0,0.004421,2.0,0.004422,254.0
1753533222470,12:33:42.470,DOOD/USDT:USDT,0.004409,3.0,0.004408,7.0,0.004421,2.0,0.004422,254.0
1753533222587,12:33:42.587,DOOD/USDT:USDT,0.004409,3.0,0.004408,7.0,0.004421,2.0,0.004422,254.0
1753533222849,12:33:42.849,DOOD/USDT:USDT,0.004408,7.0,0.004407,2.0,0.004421,2.0,0.004422,254.0
1753533222874,12:33:42.874,DOOD/USDT:USDT,0.004408,3.0,0.004407,2.0,0.004421,2.0,0.004422,254.0
1753533223046,12:33:43.046,DOOD/USDT:USDT,0.004408,3.0,0.004407,2.0,0.00442,2.0,0.004421,54.0
1753533223055,12:33:43.055,DOOD/USDT:USDT,0.004408,3.0,0.004407,2.0,0.00442,2.0,0.004421,54.0
1753533223291,12:33:43.291,DOOD/USDT:USDT,0.004408,3.0,0.004407,2.0,0.00442,2.0,0.004421,54.0
1753533223858,12:33:43.858,DOOD/USDT:USDT,0.004408,3.0,0.004407,2.0,0.00442,2.0,0.004421,54.0
1753533224158,12:33:44.158,DOOD/USDT:USDT,0.004408,3.0,0.004406,3.0,0.00442,2.0,0.004421,54.0
1753533224538,12:33:44.538,DOOD/USDT:USDT,0.004408,3.0,0.004406,3.0,0.00442,2.0,0.004421,54.0
1753533224913,12:33:44.913,DOOD/USDT:USDT,0.004408,3.0,0.004406,3.0,0.00442,2.0,0.004421,54.0
1753533226346,12:33:46.346,DOOD/USDT:USDT,0.004408,3.0,0.004406,3.0,0.00442,2.0,0.004421,54.0
1753533226350,12:33:46.350,DOOD/USDT:USDT,0.004408,3.0,0.004406,3.0,0.00442,2.0,0.004421,54.0
1753533226533,12:33:46.533,DOOD/USDT:USDT,0.004408,3.0,0.004406,3.0,0.00442,2.0,0.004421,54.0
1753533227620,12:33:47.620,DOOD/USDT:USDT,0.004408,3.0,0.004406,3.0,0.004419,3.0,0.00442,13.0
1753533227660,12:33:47.660,DOOD/USDT:USDT,0.004408,3.0,0.004406,3.0,0.004419,3.0,0.00442,2.0
1753533227778,12:33:47.778,DOOD/USDT:USDT,0.004408,3.0,0.004406,3.0,0.00442,22.0,0.004421,2.0
1753533227946,12:33:47.946,DOOD/USDT:USDT,0.004408,3.0,0.004406,3.0,0.004419,3.0,0.004421,2.0
1753533227954,12:33:47.954,DOOD/USDT:USDT,0.004408,3.0,0.004406,3.0,0.004419,3.0,0.004421,63.0
1753533228095,12:33:48.095,DOOD/USDT:USDT,0.004408,3.0,0.004406,3.0,0.004421,2.0,0.004422,254.0
1753533228247,12:33:48.247,DOOD/USDT:USDT,0.004408,3.0,0.004406,3.0,0.00442,3.0,0.004421,96.0
1753533228255,12:33:48.255,DOOD/USDT:USDT,0.004408,3.0,0.004406,3.0,0.00442,3.0,0.004421,2.0
1753533228398,12:33:48.398,DOOD/USDT:USDT,0.004408,3.0,0.004406,3.0,0.00442,3.0,0.004421,2.0
1753533228545,12:33:48.545,DOOD/USDT:USDT,0.004408,3.0,0.004406,3.0,0.004421,2.0,0.004422,254.0
1753533228582,12:33:48.582,DOOD/USDT:USDT,0.004408,3.0,0.004406,3.0,0.00442,3.0,0.004421,65.0
1753533229662,12:33:49.662,DOOD/USDT:USDT,0.004408,3.0,0.004406,3.0,0.00442,3.0,0.004421,65.0
1753533230318,12:33:50.318,DOOD/USDT:USDT,0.004408,3.0,0.004406,3.0,0.00442,3.0,0.004421,2.0
1753533230446,12:33:50.446,DOOD/USDT:USDT,0.004408,3.0,0.004406,3.0,0.004419,3.0,0.00442,14.0
1753533230451,12:33:50.451,DOOD/USDT:USDT,0.004408,3.0,0.004406,3.0,0.004419,3.0,0.00442,3.0
1753533230637,12:33:50.637,DOOD/USDT:USDT,0.004408,3.0,0.004406,3.0,0.00442,3.0,0.004421,2.0
1753533230694,12:33:50.694,DOOD/USDT:USDT,0.004408,3.0,0.004406,3.0,0.00442,3.0,0.004421,59.0
1753533230823,12:33:50.823,DOOD/USDT:USDT,0.004408,3.0,0.004406,3.0,0.004419,3.0,0.00442,14.0
1753533230861,12:33:50.861,DOOD/USDT:USDT,0.004408,3.0,0.004406,3.0,0.004419,3.0,0.00442,3.0
1753533231031,12:33:51.031,DOOD/USDT:USDT,0.004408,3.0,0.004406,3.0,0.00442,11.0,0.004421,2.0
1753533231139,12:33:51.139,DOOD/USDT:USDT,0.004408,3.0,0.004406,3.0,0.004419,3.0,0.004421,2.0
1753533231155,12:33:51.155,DOOD/USDT:USDT,0.004408,3.0,0.004406,3.0,0.004419,3.0,0.004421,62.0
1753533231465,12:33:51.465,DOOD/USDT:USDT,0.004408,3.0,0.004406,3.0,0.004419,3.0,0.004421,62.0
1753533231694,12:33:51.694,DOOD/USDT:USDT,0.004408,3.0,0.004406,3.0,0.004419,3.0,0.004421,62.0
1753533231879,12:33:51.879,DOOD/USDT:USDT,0.004408,3.0,0.004406,3.0,0.004419,3.0,0.004421,62.0
1753533232093,12:33:52.093,DOOD/USDT:USDT,0.004408,3.0,0.004406,3.0,0.004421,2.0,0.004422,254.0
1753533232293,12:33:52.293,DOOD/USDT:USDT,0.004408,3.0,0.004406,3.0,0.004421,2.0,0.004422,254.0
1753533232716,12:33:52.716,DOOD/USDT:USDT,0.004408,3.0,0.004406,3.0,0.00442,3.0,0.004421,2.0
1753533232852,12:33:52.852,DOOD/USDT:USDT,0.004408,3.0,0.004406,3.0,0.004421,2.0,0.004422,254.0
1753533233016,12:33:53.016,DOOD/USDT:USDT,0.004408,3.0,0.004406,3.0,0.004421,2.0,0.004422,254.0
1753533233132,12:33:53.132,DOOD/USDT:USDT,0.004408,3.0,0.004406,3.0,0.004421,2.0,0.004422,254.0
1753533233522,12:33:53.522,DOOD/USDT:USDT,0.004408,3.0,0.004406,3.0,0.004421,2.0,0.004422,254.0
1753533233587,12:33:53.587,DOOD/USDT:USDT,0.004408,3.0,0.004406,3.0,0.00442,3.0,0.004421,13.0
1753533233923,12:33:53.923,DOOD/USDT:USDT,0.004408,3.0,0.004406,3.0,0.00442,3.0,0.004421,77.0
1753533233969,12:33:53.969,DOOD/USDT:USDT,0.004408,3.0,0.004406,3.0,0.00442,3.0,0.004421,77.0
1753533234124,12:33:54.124,DOOD/USDT:USDT,0.004408,3.0,0.004406,3.0,0.00442,3.0,0.004421,77.0
1753533234463,12:33:54.463,DOOD/USDT:USDT,0.004408,3.0,0.004406,3.0,0.00442,3.0,0.004421,77.0
1753533235021,12:33:55.021,DOOD/USDT:USDT,0.004408,3.0,0.004406,3.0,0.00442,3.0,0.004421,77.0
1753533235054,12:33:55.054,DOOD/USDT:USDT,0.004408,3.0,0.004406,3.0,0.00442,3.0,0.004421,13.0
1753533237112,12:33:57.112,DOOD/USDT:USDT,0.004408,3.0,0.004406,3.0,0.004421,2.0,0.004422,254.0
1753533237218,12:33:57.218,DOOD/USDT:USDT,0.004408,3.0,0.004406,3.0,0.00442,3.0,0.004421,59.0
1753533239224,12:33:59.224,DOOD/USDT:USDT,0.004408,3.0,0.004406,3.0,0.004419,3.0,0.00442,14.0
1753533239262,12:33:59.262,DOOD/USDT:USDT,0.004408,3.0,0.004406,7.0,0.004419,3.0,0.00442,3.0
1753533239394,12:33:59.394,DOOD/USDT:USDT,0.004408,3.0,0.004406,3.0,0.004421,2.0,0.004422,254.0
1753533239459,12:33:59.459,DOOD/USDT:USDT,0.004408,3.0,0.004406,3.0,0.00442,3.0,0.004421,53.0
1753533239649,12:33:59.649,DOOD/USDT:USDT,0.004408,3.0,0.004406,3.0,0.00442,3.0,0.004421,53.0
1753533239678,12:33:59.678,DOOD/USDT:USDT,0.004408,3.0,0.004406,7.0,0.004419,3.0,0.00442,3.0
1753533239826,12:33:59.826,DOOD/USDT:USDT,0.004408,3.0,0.004406,3.0,0.004421,2.0,0.004422,254.0
1753533239857,12:33:59.857,DOOD/USDT:USDT,0.004408,3.0,0.004406,3.0,0.00442,3.0,0.004421,69.0
1753533240319,12:34:00.319,DOOD/USDT:USDT,0.004408,3.0,0.004406,3.0,0.00442,3.0,0.004421,80.0
1753533240367,12:34:00.367,DOOD/USDT:USDT,0.004408,3.0,0.004406,3.0,0.00442,3.0,0.004421,13.0
1753533240497,12:34:00.497,DOOD/USDT:USDT,0.004408,3.0,0.004406,3.0,0.00442,3.0,0.004421,13.0
1753533240687,12:34:00.687,DOOD/USDT:USDT,0.004408,3.0,0.004406,3.0,0.00442,3.0,0.004421,13.0
1753533240787,12:34:00.787,DOOD/USDT:USDT,0.004408,3.0,0.004406,3.0,0.00442,3.0,0.004421,13.0
1753533240917,12:34:00.917,DOOD/USDT:USDT,0.004408,3.0,0.004406,3.0,0.00442,3.0,0.004421,13.0
1753533241538,12:34:01.538,DOOD/USDT:USDT,0.004408,3.0,0.004406,3.0,0.00442,3.0,0.004421,13.0
1753533241865,12:34:01.865,DOOD/USDT:USDT,0.004408,3.0,0.004406,3.0,0.00442,3.0,0.004421,13.0
1753533242030,12:34:02.030,DOOD/USDT:USDT,0.004408,3.0,0.004406,3.0,0.00442,3.0,0.004421,2.0
1753533242082,12:34:02.082,DOOD/USDT:USDT,0.004408,1.0,0.004406,3.0,0.00442,58.0,0.004421,2.0
1753533242208,12:34:02.208,DOOD/USDT:USDT,0.004408,1.0,0.004406,3.0,0.004419,3.0,0.004421,2.0
1753533242255,12:34:02.255,DOOD/USDT:USDT,0.004408,1.0,0.004406,3.0,0.004419,3.0,0.004421,52.0
1753533242356,12:34:02.356,DOOD/USDT:USDT,0.004408,1.0,0.004406,3.0,0.004419,3.0,0.004421,52.0
1753533242539,12:34:02.539,DOOD/USDT:USDT,0.004408,1.0,0.004406,3.0,0.004419,3.0,0.004421,52.0
1753533242811,12:34:02.811,DOOD/USDT:USDT,0.004408,1.0,0.004406,3.0,0.004419,3.0,0.004421,52.0
1753533242956,12:34:02.956,DOOD/USDT:USDT,0.004408,1.0,0.004406,3.0,0.004419,3.0,0.004421,52.0
1753533243438,12:34:03.438,DOOD/USDT:USDT,0.004408,1.0,0.004406,3.0,0.004421,13.0,0.004422,254.0
1753533243533,12:34:03.533,DOOD/USDT:USDT,0.004408,1.0,0.004406,3.0,0.004419,3.0,0.00442,14.0
1753533243582,12:34:03.582,DOOD/USDT:USDT,0.004408,1.0,0.004406,3.0,0.004419,3.0,0.00442,3.0
1753533243691,12:34:03.691,DOOD/USDT:USDT,0.004408,1.0,0.004406,3.0,0.004421,2.0,0.004422,254.0
1753533243835,12:34:03.835,DOOD/USDT:USDT,0.004408,1.0,0.004406,3.0,0.004421,2.0,0.004422,254.0
1753533243876,12:34:03.876,DOOD/USDT:USDT,0.004408,1.0,0.004406,3.0,0.00442,3.0,0.004421,81.0
1753533243968,12:34:03.968,DOOD/USDT:USDT,0.004408,1.0,0.004406,3.0,0.00442,3.0,0.004421,13.0
1753533244062,12:34:04.062,DOOD/USDT:USDT,0.004408,1.0,0.004406,3.0,0.00442,3.0,0.004421,13.0
1753533244202,12:34:04.202,DOOD/USDT:USDT,0.004408,1.0,0.004406,3.0,0.00442,3.0,0.004421,13.0
1753533244333,12:34:04.333,DOOD/USDT:USDT,0.004408,1.0,0.004406,3.0,0.004421,2.0,0.004422,254.0
1753533244391,12:34:04.391,DOOD/USDT:USDT,0.004408,1.0,0.004406,3.0,0.00442,3.0,0.004421,69.0
1753533244633,12:34:04.633,DOOD/USDT:USDT,0.004408,1.0,0.004406,3.0,0.00442,3.0,0.004421,69.0
1753533245139,12:34:05.139,DOOD/USDT:USDT,0.004408,1.0,0.004406,3.0,0.004419,3.0,0.00442,14.0
1753533245160,12:34:05.160,DOOD/USDT:USDT,0.004408,1.0,0.004406,3.0,0.004419,3.0,0.00442,3.0
1753533245344,12:34:05.344,DOOD/USDT:USDT,0.004408,1.0,0.004406,3.0,0.00442,3.0,0.004421,2.0
1753533245436,12:34:05.436,DOOD/USDT:USDT,0.004408,1.0,0.004406,7.0,0.00442,3.0,0.004421,2.0
1753533245502,12:34:05.502,DOOD/USDT:USDT,0.004409,3.0,0.004408,1.0,0.00442,3.0,0.004421,2.0
1753533245644,12:34:05.644,DOOD/USDT:USDT,0.004409,3.0,0.004408,1.0,0.004421,2.0,0.004422,254.0
1753533245678,12:34:05.678,DOOD/USDT:USDT,0.004409,3.0,0.004408,1.0,0.00442,3.0,0.004421,2.0
1753533245832,12:34:05.832,DOOD/USDT:USDT,0.004409,3.0,0.004408,1.0,0.004421,2.0,0.004422,254.0
1753533245929,12:34:05.929,DOOD/USDT:USDT,0.004409,3.0,0.004408,1.0,0.004421,2.0,0.004422,254.0
1753533246023,12:34:06.023,DOOD/USDT:USDT,0.004409,3.0,0.004408,1.0,0.00442,3.0,0.004421,13.0
1753533246645,12:34:06.645,DOOD/USDT:USDT,0.004409,3.0,0.004408,1.0,0.00442,3.0,0.004421,2.0
1753533246654,12:34:06.654,DOOD/USDT:USDT,0.004409,3.0,0.004408,1.0,0.004421,2.0,0.004422,254.0
1753533246884,12:34:06.884,DOOD/USDT:USDT,0.004409,3.0,0.004408,1.0,0.00442,3.0,0.004421,24.0
1753533247537,12:34:07.537,DOOD/USDT:USDT,0.004409,3.0,0.004408,1.0,0.00442,3.0,0.004421,2.0
1753533247728,12:34:07.728,DOOD/USDT:USDT,0.004409,3.0,0.004408,1.0,0.004421,2.0,0.004422,254.0
1753533248026,12:34:08.026,DOOD/USDT:USDT,0.004409,3.0,0.004408,1.0,0.00442,3.0,0.004421,13.0
1753533248137,12:34:08.137,DOOD/USDT:USDT,0.004409,3.0,0.004408,1.0,0.004419,3.0,0.00442,14.0
1753533248435,12:34:08.435,DOOD/USDT:USDT,0.004409,3.0,0.004408,1.0,0.004421,2.0,0.004422,254.0
1753533248836,12:34:08.836,DOOD/USDT:USDT,0.004409,3.0,0.004408,1.0,0.004421,2.0,0.004422,254.0
1753533248862,12:34:08.862,DOOD/USDT:USDT,0.004409,3.0,0.004408,1.0,0.004421,2.0,0.004422,254.0
1753533249519,12:34:09.519,DOOD/USDT:USDT,0.004409,3.0,0.004408,1.0,0.00442,3.0,0.004421,24.0
1753533250178,12:34:10.178,DOOD/USDT:USDT,0.004409,3.0,0.004408,1.0,0.00442,3.0,0.004421,13.0
1753533253633,12:34:13.633,DOOD/USDT:USDT,0.004409,3.0,0.004408,1.0,0.00442,3.0,0.004421,2.0
1753533253737,12:34:13.737,DOOD/USDT:USDT,0.004409,3.0,0.004408,1.0,0.004421,2.0,0.004422,254.0
1753533253798,12:34:13.798,DOOD/USDT:USDT,0.004409,3.0,0.004408,1.0,0.00442,3.0,0.004421,13.0
1753533254492,12:34:14.492,DOOD/USDT:USDT,0.004409,3.0,0.004408,1.0,0.004421,2.0,0.004422,254.0
1753533254898,12:34:14.898,DOOD/USDT:USDT,0.004409,3.0,0.004408,1.0,0.004421,2.0,0.004422,254.0
1753533255312,12:34:15.312,DOOD/USDT:USDT,0.004409,3.0,0.004408,1.0,0.004421,2.0,0.004422,254.0
1753533258488,12:34:18.488,DOOD/USDT:USDT,0.004409,3.0,0.004408,1.0,0.004421,2.0,0.004422,254.0
1753533263262,12:34:23.262,DOOD/USDT:USDT,0.004409,3.0,0.004408,1.0,0.004421,2.0,0.004422,254.0
1753533263709,12:34:23.709,DOOD/USDT:USDT,0.004409,3.0,0.004408,1.0,0.00442,2.0,0.004421,70.0
1753533263759,12:34:23.759,DOOD/USDT:USDT,0.004409,3.0,0.004408,1.0,0.00442,2.0,0.004421,13.0
1753533267073,12:34:27.073,DOOD/USDT:USDT,0.004409,3.0,0.004408,1.0,0.004421,2.0,0.004422,254.0
1753533267160,12:34:27.160,DOOD/USDT:USDT,0.004409,3.0,0.004408,1.0,0.00442,2.0,0.004421,60.0
1753533267254,12:34:27.254,DOOD/USDT:USDT,0.004409,3.0,0.004408,1.0,0.00442,2.0,0.004421,13.0
1753533267774,12:34:27.774,DOOD/USDT:USDT,0.004409,3.0,0.004408,1.0,0.00442,2.0,0.004421,13.0
1753533268062,12:34:28.062,DOOD/USDT:USDT,0.004409,3.0,0.004408,1.0,0.00442,2.0,0.004421,13.0
1753533270047,12:34:30.047,DOOD/USDT:USDT,0.004408,1.0,0.004406,7.0,0.00442,2.0,0.004421,13.0
1753533270139,12:34:30.139,DOOD/USDT:USDT,0.004408,1.0,0.004406,7.0,0.00442,2.0,0.004421,77.0
1753533270193,12:34:30.193,DOOD/USDT:USDT,0.004408,1.0,0.004406,7.0,0.004421,2.0,0.004422,254.0
1753533270258,12:34:30.258,DOOD/USDT:USDT,0.004408,1.0,0.004406,7.0,0.00442,2.0,0.004421,53.0
1753533270372,12:34:30.372,DOOD/USDT:USDT,0.004408,1.0,0.004406,7.0,0.00442,2.0,0.004421,53.0
1753533270720,12:34:30.720,DOOD/USDT:USDT,0.004408,1.0,0.004406,7.0,0.004419,2.0,0.00442,35.0
1753533270793,12:34:30.793,DOOD/USDT:USDT,0.004408,1.0,0.004406,7.0,0.004418,2.0,0.004419,2.0
1753533270928,12:34:30.928,DOOD/USDT:USDT,0.004408,1.0,0.004406,7.0,0.00442,2.0,0.004421,59.0
1753533270979,12:34:30.979,DOOD/USDT:USDT,0.004408,1.0,0.004406,7.0,0.004419,44.0,0.00442,2.0
1753533271087,12:34:31.087,DOOD/USDT:USDT,0.004408,1.0,0.004406,7.0,0.004418,2.0,0.00442,2.0
1753533271234,12:34:31.234,DOOD/USDT:USDT,0.004408,1.0,0.004406,7.0,0.00442,2.0,0.004421,68.0
1753533271617,12:34:31.617,DOOD/USDT:USDT,0.004408,1.0,0.004406,7.0,0.00442,2.0,0.004421,68.0
1753533271766,12:34:31.766,DOOD/USDT:USDT,0.004408,1.0,0.004406,7.0,0.00442,2.0,0.004421,68.0
1753533272488,12:34:32.488,DOOD/USDT:USDT,0.004408,1.0,0.004406,7.0,0.004418,2.0,0.004419,2.0
1753533272633,12:34:32.633,DOOD/USDT:USDT,0.004408,1.0,0.004406,7.0,0.00442,2.0,0.004421,2.0
1753533272654,12:34:32.654,DOOD/USDT:USDT,0.004408,1.0,0.004406,7.0,0.004419,33.0,0.00442,2.0
1753533272839,12:34:32.839,DOOD/USDT:USDT,0.004408,1.0,0.004406,7.0,0.004418,2.0,0.00442,2.0
1753533272863,12:34:32.863,DOOD/USDT:USDT,0.004408,1.0,0.004406,7.0,0.004418,2.0,0.00442,2.0
1753533272995,12:34:32.995,DOOD/USDT:USDT,0.004408,1.0,0.004406,7.0,0.004419,2.0,0.00442,24.0
1753533273054,12:34:33.054,DOOD/USDT:USDT,0.004408,1.0,0.004406,7.0,0.004419,2.0,0.00442,24.0
1753533273257,12:34:33.257,DOOD/USDT:USDT,0.004408,1.0,0.004406,7.0,0.004419,2.0,0.00442,24.0
1753533273677,12:34:33.677,DOOD/USDT:USDT,0.004408,1.0,0.004406,7.0,0.004419,2.0,0.00442,24.0
1753533274122,12:34:34.122,DOOD/USDT:USDT,0.004408,1.0,0.004406,7.0,0.004419,2.0,0.00442,24.0
1753533274184,12:34:34.184,DOOD/USDT:USDT,0.004408,1.0,0.004406,7.0,0.004418,2.0,0.004419,35.0
1753533274638,12:34:34.638,DOOD/USDT:USDT,0.004408,1.0,0.004406,7.0,0.004418,2.0,0.004419,2.0
1753533274818,12:34:34.818,DOOD/USDT:USDT,0.004408,1.0,0.004406,7.0,0.004418,2.0,0.004419,2.0
1753533274999,12:34:34.999,DOOD/USDT:USDT,0.004408,1.0,0.004406,7.0,0.004418,2.0,0.004419,2.0
1753533275145,12:34:35.145,DOOD/USDT:USDT,0.004408,1.0,0.004406,7.0,0.004419,2.0,0.00442,13.0
1753533275170,12:34:35.170,DOOD/USDT:USDT,0.004408,1.0,0.004406,7.0,0.004418,2.0,0.004419,99.0
1753533275332,12:34:35.332,DOOD/USDT:USDT,0.004408,1.0,0.004406,7.0,0.004418,2.0,0.004419,24.0
1753533275360,12:34:35.360,DOOD/USDT:USDT,0.004408,1.0,0.004406,7.0,0.004418,2.0,0.004419,49.0
1753533276124,12:34:36.124,DOOD/USDT:USDT,0.004408,1.0,0.004406,7.0,0.004418,2.0,0.004419,49.0
1753533276532,12:34:36.532,DOOD/USDT:USDT,0.004408,1.0,0.004406,7.0,0.004416,2.0,0.004417,13.0
1753533276562,12:34:36.562,DOOD/USDT:USDT,0.004408,1.0,0.004406,7.0,0.004416,2.0,0.004417,2.0
1753533276693,12:34:36.693,DOOD/USDT:USDT,0.004408,1.0,0.004406,7.0,0.004417,11.0,0.004419,2.0
1753533276840,12:34:36.840,DOOD/USDT:USDT,0.004408,1.0,0.004406,7.0,0.004416,2.0,0.004419,2.0
1753533276854,12:34:36.854,DOOD/USDT:USDT,0.004408,1.0,0.004406,7.0,0.004416,2.0,0.004419,2.0
1753533276990,12:34:36.990,DOOD/USDT:USDT,0.004408,1.0,0.004406,7.0,0.004419,2.0,0.004421,53.0
1753533277203,12:34:37.203,DOOD/USDT:USDT,0.004408,1.0,0.004406,7.0,0.004419,2.0,0.004421,53.0
1753533277618,12:34:37.618,DOOD/USDT:USDT,0.004408,1.0,0.004406,7.0,0.004419,2.0,0.004421,53.0
1753533277663,12:34:37.663,DOOD/USDT:USDT,0.004408,1.0,0.004406,7.0,0.004419,2.0,0.004421,53.0
1753533277840,12:34:37.840,DOOD/USDT:USDT,0.004408,1.0,0.004406,7.0,0.004418,2.0,0.004419,3.0
1753533277934,12:34:37.934,DOOD/USDT:USDT,0.004408,1.0,0.004406,7.0,0.004415,27.0,0.004416,27.0
1753533278035,12:34:38.035,DOOD/USDT:USDT,0.004408,1.0,0.004406,7.0,0.004415,27.0,0.004416,27.0
1753533278306,12:34:38.306,DOOD/USDT:USDT,0.004408,1.0,0.004406,7.0,0.004415,27.0,0.004416,27.0
1753533278421,12:34:38.421,DOOD/USDT:USDT,0.004408,1.0,0.004406,7.0,0.004415,27.0,0.004416,27.0
1753533278458,12:34:38.458,DOOD/USDT:USDT,0.004408,1.0,0.004406,7.0,0.004415,27.0,0.004416,27.0
1753533278879,12:34:38.879,DOOD/USDT:USDT,0.004408,1.0,0.004406,7.0,0.004415,27.0,0.004416,27.0
1753533279625,12:34:39.625,DOOD/USDT:USDT,0.004408,1.0,0.004406,7.0,0.004415,27.0,0.004416,27.0
1753533280003,12:34:40.003,DOOD/USDT:USDT,0.004408,1.0,0.004406,4.0,0.004414,27.0,0.004415,27.0
1753533280143,12:34:40.143,DOOD/USDT:USDT,0.004408,1.0,0.004406,4.0,0.004413,2.0,0.004414,27.0
1753533280173,12:34:40.173,DOOD/USDT:USDT,0.004408,1.0,0.004406,4.0,0.004413,2.0,0.004414,27.0
1753533280484,12:34:40.484,DOOD/USDT:USDT,0.004408,1.0,0.004406,4.0,0.004413,2.0,0.004414,27.0
1753533280844,12:34:40.844,DOOD/USDT:USDT,0.004408,1.0,0.004406,4.0,0.004413,2.0,0.004414,27.0
1753533280924,12:34:40.924,DOOD/USDT:USDT,0.004408,1.0,0.004406,4.0,0.004413,2.0,0.004414,27.0
1753533280975,12:34:40.975,DOOD/USDT:USDT,0.004408,1.0,0.004406,4.0,0.004413,2.0,0.004414,27.0
1753533281238,12:34:41.238,DOOD/USDT:USDT,0.004408,1.0,0.004406,4.0,0.004413,2.0,0.004414,27.0
1753533281281,12:34:41.281,DOOD/USDT:USDT,0.004408,1.0,0.004406,4.0,0.004413,2.0,0.004414,27.0
1753533281388,12:34:41.388,DOOD/USDT:USDT,0.004408,1.0,0.004406,4.0,0.004413,2.0,0.004414,27.0
1753533281462,12:34:41.462,DOOD/USDT:USDT,0.004408,1.0,0.004403,3.0,0.004413,2.0,0.004414,27.0
1753533281813,12:34:41.813,DOOD/USDT:USDT,0.004408,1.0,0.004403,3.0,0.004413,2.0,0.004414,27.0
1753533282380,12:34:42.380,DOOD/USDT:USDT,0.004408,1.0,0.004403,3.0,0.004413,2.0,0.004414,27.0
1753533282463,12:34:42.463,DOOD/USDT:USDT,0.004408,1.0,0.004403,7.0,0.004413,2.0,0.004414,27.0
1753533282636,12:34:42.636,DOOD/USDT:USDT,0.004408,1.0,0.004403,7.0,0.004413,2.0,0.004414,27.0
1753533283038,12:34:43.038,DOOD/USDT:USDT,0.004408,1.0,0.004403,7.0,0.004413,2.0,0.004414,27.0
1753533283368,12:34:43.368,DOOD/USDT:USDT,0.004408,1.0,0.004403,7.0,0.004413,2.0,0.004414,27.0
1753533283456,12:34:43.456,DOOD/USDT:USDT,0.004408,1.0,0.004403,3.0,0.004413,2.0,0.004414,27.0
1753533283577,12:34:43.577,DOOD/USDT:USDT,0.004408,1.0,0.004403,3.0,0.004413,2.0,0.004414,27.0
1753533283859,12:34:43.859,DOOD/USDT:USDT,0.004408,1.0,0.004403,3.0,0.004413,2.0,0.004414,27.0
1753533283968,12:34:43.968,DOOD/USDT:USDT,0.004408,1.0,0.004403,3.0,0.004413,2.0,0.004414,27.0
1753533284165,12:34:44.165,DOOD/USDT:USDT,0.004408,1.0,0.004403,3.0,0.004413,2.0,0.004414,27.0
1753533284355,12:34:44.355,DOOD/USDT:USDT,0.004408,1.0,0.004403,3.0,0.004413,2.0,0.004414,27.0
1753533284487,12:34:44.487,DOOD/USDT:USDT,0.004408,1.0,0.004403,7.0,0.004413,2.0,0.004414,27.0
1753533284640,12:34:44.640,DOOD/USDT:USDT,0.004403,4.0,0.004402,25.0,0.004413,2.0,0.004414,278.0
1753533284732,12:34:44.732,DOOD/USDT:USDT,0.004403,4.0,0.004402,25.0,0.004413,2.0,0.004414,278.0
1753533284840,12:34:44.840,DOOD/USDT:USDT,0.004403,4.0,0.004402,25.0,0.004412,2.0,0.004413,2.0
1753533284929,12:34:44.929,DOOD/USDT:USDT,0.004403,4.0,0.004402,25.0,0.004412,2.0,0.004413,2.0
1753533285014,12:34:45.014,DOOD/USDT:USDT,0.004403,4.0,0.004402,25.0,0.004413,2.0,0.004414,278.0
1753533285108,12:34:45.108,DOOD/USDT:USDT,0.004403,4.0,0.004402,25.0,0.004413,2.0,0.004414,278.0
1753533285343,12:34:45.343,DOOD/USDT:USDT,0.004403,4.0,0.004397,6.0,0.004413,2.0,0.004414,278.0
1753533285415,12:34:45.415,DOOD/USDT:USDT,0.004401,27.0,0.0044,27.0,0.004413,2.0,0.004414,278.0
1753533285458,12:34:45.458,DOOD/USDT:USDT,0.004402,4.0,0.004401,27.0,0.004413,2.0,0.004414,278.0
1753533285582,12:34:45.582,DOOD/USDT:USDT,0.004402,4.0,0.004401,27.0,0.004413,2.0,0.004414,278.0
1753533285661,12:34:45.661,DOOD/USDT:USDT,0.004402,4.0,0.004401,27.0,0.004413,2.0,0.004414,278.0
1753533285780,12:34:45.780,DOOD/USDT:USDT,0.004402,4.0,0.004401,27.0,0.004412,2.0,0.004413,2.0
1753533285914,12:34:45.914,DOOD/USDT:USDT,0.004402,4.0,0.004401,27.0,0.004413,2.0,0.004414,278.0
1753533286013,12:34:46.013,DOOD/USDT:USDT,0.004402,4.0,0.004401,27.0,0.004413,2.0,0.004414,278.0
1753533286240,12:34:46.240,DOOD/USDT:USDT,0.004402,4.0,0.004401,27.0,0.004412,2.0,0.004413,2.0
1753533286287,12:34:46.287,DOOD/USDT:USDT,0.004402,4.0,0.004401,27.0,0.004412,2.0,0.004413,2.0
1753533286418,12:34:46.418,DOOD/USDT:USDT,0.004402,4.0,0.004401,27.0,0.004412,2.0,0.004413,2.0
1753533286564,12:34:46.564,DOOD/USDT:USDT,0.004402,4.0,0.004401,27.0,0.004413,2.0,0.004414,278.0
1753533286845,12:34:46.845,DOOD/USDT:USDT,0.004402,4.0,0.004401,27.0,0.004413,2.0,0.004414,278.0
1753533286944,12:34:46.944,DOOD/USDT:USDT,0.004402,4.0,0.004401,27.0,0.004413,2.0,0.004414,278.0
1753533286975,12:34:46.975,DOOD/USDT:USDT,0.004402,4.0,0.004401,27.0,0.004413,2.0,0.004414,278.0
1753533287320,12:34:47.320,DOOD/USDT:USDT,0.004402,4.0,0.004401,27.0,0.004413,2.0,0.004414,253.0
1753533288089,12:34:48.089,DOOD/USDT:USDT,0.004402,4.0,0.004401,27.0,0.004413,2.0,0.004414,253.0
1753533288190,12:34:48.190,DOOD/USDT:USDT,0.004402,4.0,0.004401,27.0,0.004412,3.0,0.004413,13.0
1753533288342,12:34:48.342,DOOD/USDT:USDT,0.004402,4.0,0.004401,27.0,0.004412,11.0,0.004413,2.0
1753533288439,12:34:48.439,DOOD/USDT:USDT,0.004402,4.0,0.004401,27.0,0.004413,2.0,0.004414,253.0
1753533288465,12:34:48.465,DOOD/USDT:USDT,0.004402,4.0,0.004401,27.0,0.004413,2.0,0.004414,253.0
1753533289049,12:34:49.049,DOOD/USDT:USDT,0.004402,4.0,0.004401,27.0,0.004413,13.0,0.004414,253.0
1753533289137,12:34:49.137,DOOD/USDT:USDT,0.004402,4.0,0.004401,27.0,0.004412,3.0,0.004413,2.0
1753533289225,12:34:49.225,DOOD/USDT:USDT,0.004402,4.0,0.004401,27.0,0.004413,2.0,0.004414,253.0
1753533289312,12:34:49.312,DOOD/USDT:USDT,0.004402,4.0,0.004401,2.0,0.004413,2.0,0.004414,253.0
1753533289636,12:34:49.636,DOOD/USDT:USDT,0.004402,4.0,0.004401,2.0,0.004412,3.0,0.004413,13.0
1753533289727,12:34:49.727,DOOD/USDT:USDT,0.004402,4.0,0.004401,2.0,0.004412,3.0,0.004413,2.0
1753533289793,12:34:49.793,DOOD/USDT:USDT,0.004402,4.0,0.004401,2.0,0.004413,2.0,0.004414,253.0
1753533289854,12:34:49.854,DOOD/USDT:USDT,0.004402,4.0,0.004401,2.0,0.004413,2.0,0.004414,253.0
1753533290143,12:34:50.143,DOOD/USDT:USDT,0.004402,4.0,0.004401,2.0,0.004413,2.0,0.004414,253.0
1753533290288,12:34:50.288,DOOD/USDT:USDT,0.004402,4.0,0.004401,2.0,0.004413,2.0,0.004414,253.0
1753533290430,12:34:50.430,DOOD/USDT:USDT,0.004402,4.0,0.004401,2.0,0.004413,2.0,0.004414,253.0
1753533290460,12:34:50.460,DOOD/USDT:USDT,0.004402,4.0,0.004401,2.0,0.004413,2.0,0.004414,253.0
1753533290563,12:34:50.563,DOOD/USDT:USDT,0.004402,4.0,0.004401,2.0,0.004413,2.0,0.004414,253.0
1753533290985,12:34:50.985,DOOD/USDT:USDT,0.004402,4.0,0.004401,2.0,0.004413,2.0,0.004414,253.0
1753533291054,12:34:51.054,DOOD/USDT:USDT,0.004402,4.0,0.004401,2.0,0.004413,2.0,0.004414,253.0
1753533291293,12:34:51.293,DOOD/USDT:USDT,0.004402,4.0,0.004401,2.0,0.004413,2.0,0.004414,253.0
1753533291408,12:34:51.408,DOOD/USDT:USDT,0.004402,4.0,0.004401,2.0,0.004413,2.0,0.004414,253.0
1753533291524,12:34:51.524,DOOD/USDT:USDT,0.004402,4.0,0.004401,2.0,0.004413,2.0,0.004414,253.0
1753533291828,12:34:51.828,DOOD/USDT:USDT,0.004402,4.0,0.004401,2.0,0.004413,2.0,0.004414,253.0
1753533291869,12:34:51.869,DOOD/USDT:USDT,0.004402,4.0,0.004401,2.0,0.004413,2.0,0.004414,253.0
1753533292582,12:34:52.582,DOOD/USDT:USDT,0.004402,4.0,0.004401,2.0,0.004413,2.0,0.004414,253.0
1753533293046,12:34:53.046,DOOD/USDT:USDT,0.004402,4.0,0.004401,2.0,0.004413,2.0,0.004414,253.0
1753533293273,12:34:53.273,DOOD/USDT:USDT,0.004402,4.0,0.004401,2.0,0.004413,2.0,0.004414,253.0
1753533293454,12:34:53.454,DOOD/USDT:USDT,0.004402,4.0,0.004397,2.0,0.004413,2.0,0.004414,253.0
1753533293647,12:34:53.647,DOOD/USDT:USDT,0.0044,28.0,0.004399,28.0,0.004412,3.0,0.004413,13.0
1753533293672,12:34:53.672,DOOD/USDT:USDT,0.004401,29.0,0.0044,28.0,0.004412,3.0,0.004413,2.0
1753533293769,12:34:53.769,DOOD/USDT:USDT,0.004401,29.0,0.0044,28.0,0.004413,2.0,0.004414,253.0
1753533293905,12:34:53.905,DOOD/USDT:USDT,0.004401,29.0,0.0044,28.0,0.004413,2.0,0.004414,253.0
1753533294802,12:34:54.802,DOOD/USDT:USDT,0.004401,29.0,0.0044,28.0,0.004413,2.0,0.004414,253.0
1753533295231,12:34:55.231,DOOD/USDT:USDT,0.004401,29.0,0.0044,28.0,0.004413,2.0,0.004414,253.0
1753533295594,12:34:55.594,DOOD/USDT:USDT,0.004401,29.0,0.0044,28.0,0.004413,2.0,0.004414,253.0
1753533296728,12:34:56.728,DOOD/USDT:USDT,0.004401,29.0,0.0044,28.0,0.004413,2.0,0.004414,253.0
1753533296753,12:34:56.753,DOOD/USDT:USDT,0.004401,29.0,0.0044,28.0,0.004413,2.0,0.004414,253.0
1753533296859,12:34:56.859,DOOD/USDT:USDT,0.004401,29.0,0.0044,28.0,0.004413,2.0,0.004414,253.0
1753533297442,12:34:57.442,DOOD/USDT:USDT,0.004402,27.0,0.004401,31.0,0.004413,2.0,0.004414,253.0
1753533297460,12:34:57.460,DOOD/USDT:USDT,0.004403,4.0,0.004402,27.0,0.004413,2.0,0.004414,253.0
1753533297731,12:34:57.731,DOOD/USDT:USDT,0.004403,4.0,0.004402,27.0,0.004413,2.0,0.004414,253.0
1753533297783,12:34:57.783,DOOD/USDT:USDT,0.004403,4.0,0.004402,27.0,0.004413,2.0,0.004414,253.0
1753533298024,12:34:58.024,DOOD/USDT:USDT,0.004403,4.0,0.004402,27.0,0.004413,2.0,0.004414,253.0
1753533298114,12:34:58.114,DOOD/USDT:USDT,0.004403,4.0,0.004402,27.0,0.004413,2.0,0.004414,253.0
1753533298480,12:34:58.480,DOOD/USDT:USDT,0.004403,4.0,0.004402,27.0,0.004413,2.0,0.004414,253.0
1753533299920,12:34:59.920,DOOD/USDT:USDT,0.004403,4.0,0.004402,27.0,0.004412,2.0,0.004413,13.0
1753533299971,12:34:59.971,DOOD/USDT:USDT,0.004403,4.0,0.004402,27.0,0.004412,2.0,0.004413,2.0
1753533300129,12:35:00.129,DOOD/USDT:USDT,0.004403,4.0,0.004402,27.0,0.004413,2.0,0.004414,253.0
1753533300378,12:35:00.378,DOOD/USDT:USDT,0.004403,4.0,0.004402,27.0,0.004412,2.0,0.004413,13.0
1753533300572,12:35:00.572,DOOD/USDT:USDT,0.004403,4.0,0.004402,27.0,0.004413,2.0,0.004414,253.0
1753533300983,12:35:00.983,DOOD/USDT:USDT,0.004403,4.0,0.004402,27.0,0.004413,2.0,0.004414,253.0
1753533301462,12:35:01.462,DOOD/USDT:USDT,0.004403,4.0,0.004402,27.0,0.004413,2.0,0.004414,253.0
1753533301995,12:35:01.995,DOOD/USDT:USDT,0.004403,4.0,0.004402,27.0,0.004413,2.0,0.004414,253.0
1753533302863,12:35:02.863,DOOD/USDT:USDT,0.004403,4.0,0.004402,27.0,0.004413,2.0,0.004414,253.0
1753533303574,12:35:03.574,DOOD/USDT:USDT,0.004403,4.0,0.004402,27.0,0.004412,2.0,0.004413,13.0
1753533303726,12:35:03.726,DOOD/USDT:USDT,0.004403,4.0,0.004402,27.0,0.004413,2.0,0.004414,253.0
1753533303946,12:35:03.946,DOOD/USDT:USDT,0.004403,4.0,0.004402,27.0,0.004412,2.0,0.004413,2.0
1753533303959,12:35:03.959,DOOD/USDT:USDT,0.004403,4.0,0.004402,27.0,0.004412,2.0,0.004413,2.0
1753533304055,12:35:04.055,DOOD/USDT:USDT,0.004403,4.0,0.004402,27.0,0.004413,2.0,0.004414,253.0
1753533304343,12:35:04.343,DOOD/USDT:USDT,0.004403,4.0,0.004402,27.0,0.004413,61.0,0.004414,253.0
1753533304429,12:35:04.429,DOOD/USDT:USDT,0.004403,4.0,0.004402,25.0,0.004411,2.0,0.004412,13.0
1753533304473,12:35:04.473,DOOD/USDT:USDT,0.004403,4.0,0.004402,25.0,0.004411,2.0,0.004412,2.0
1753533304638,12:35:04.638,DOOD/USDT:USDT,0.004403,4.0,0.004402,25.0,0.004412,11.0,0.004413,2.0
1753533304696,12:35:04.696,DOOD/USDT:USDT,0.004403,4.0,0.004402,25.0,0.004413,2.0,0.004414,253.0
1753533304833,12:35:04.833,DOOD/USDT:USDT,0.004403,4.0,0.004402,25.0,0.004413,2.0,0.004414,253.0
1753533304940,12:35:04.940,DOOD/USDT:USDT,0.004403,4.0,0.004402,25.0,0.004413,2.0,0.004414,253.0
1753533305120,12:35:05.120,DOOD/USDT:USDT,0.004403,4.0,0.004401,25.0,0.004413,2.0,0.004414,253.0
1753533305158,12:35:05.158,DOOD/USDT:USDT,0.004402,4.0,0.004401,25.0,0.004413,2.0,0.004414,253.0
1753533305366,12:35:05.366,DOOD/USDT:USDT,0.004402,4.0,0.004401,25.0,0.004413,2.0,0.004414,253.0
1753533305449,12:35:05.449,DOOD/USDT:USDT,0.004402,4.0,0.004401,25.0,0.004413,2.0,0.004414,253.0
1753533305615,12:35:05.615,DOOD/USDT:USDT,0.004402,4.0,0.004401,25.0,0.004413,2.0,0.004414,253.0
1753533306031,12:35:06.031,DOOD/USDT:USDT,0.004402,4.0,0.004401,25.0,0.004413,2.0,0.004414,253.0
1753533306268,12:35:06.268,DOOD/USDT:USDT,0.004402,4.0,0.004401,25.0,0.004413,2.0,0.004414,253.0
1753533306449,12:35:06.449,DOOD/USDT:USDT,0.004402,4.0,0.004401,25.0,0.004413,2.0,0.004414,253.0
1753533306864,12:35:06.864,DOOD/USDT:USDT,0.004402,4.0,0.004401,25.0,0.004413,2.0,0.004414,253.0
1753533307098,12:35:07.098,DOOD/USDT:USDT,0.004402,4.0,0.004399,3.0,0.004413,2.0,0.004414,253.0
1753533307172,12:35:07.172,DOOD/USDT:USDT,0.0044,29.0,0.004399,3.0,0.004413,2.0,0.004414,253.0
1753533307284,12:35:07.284,DOOD/USDT:USDT,0.0044,29.0,0.004399,3.0,0.004413,2.0,0.004414,253.0
1753533307672,12:35:07.672,DOOD/USDT:USDT,0.0044,29.0,0.004399,3.0,0.004412,2.0,0.004413,63.0
1753533308103,12:35:08.103,DOOD/USDT:USDT,0.0044,29.0,0.004399,3.0,0.004412,2.0,0.004413,63.0
1753533308521,12:35:08.521,DOOD/USDT:USDT,0.0044,29.0,0.004399,3.0,0.004412,2.0,0.004413,63.0
1753533308647,12:35:08.647,DOOD/USDT:USDT,0.0044,29.0,0.004399,3.0,0.004412,2.0,0.004413,2.0
1753533308654,12:35:08.654,DOOD/USDT:USDT,0.0044,29.0,0.004399,3.0,0.004413,2.0,0.004414,253.0
1753533308939,12:35:08.939,DOOD/USDT:USDT,0.0044,29.0,0.004399,3.0,0.004413,2.0,0.004414,253.0
1753533309741,12:35:09.741,DOOD/USDT:USDT,0.0044,29.0,0.004399,3.0,0.004413,2.0,0.004414,253.0
1753533309786,12:35:09.786,DOOD/USDT:USDT,0.0044,29.0,0.004399,3.0,0.004413,2.0,0.004414,253.0
1753533309932,12:35:09.932,DOOD/USDT:USDT,0.004393,2.0,0.004391,7.0,0.004413,2.0,0.004414,253.0
1753533310048,12:35:10.048,DOOD/USDT:USDT,0.004393,2.0,0.004391,7.0,0.004412,2.0,0.004413,72.0
1753533310131,12:35:10.131,DOOD/USDT:USDT,0.004395,2.0,0.004394,27.0,0.004411,2.0,0.004412,13.0
1753533310234,12:35:10.234,DOOD/USDT:USDT,0.004395,2.0,0.004394,27.0,0.00441,2.0,0.004411,70.0
1753533310299,12:35:10.299,DOOD/USDT:USDT,0.004395,2.0,0.004394,27.0,0.004409,2.0,0.00441,2.0
1753533310401,12:35:10.401,DOOD/USDT:USDT,0.004395,2.0,0.004394,31.0,0.004406,2.0,0.004407,259.0
1753533310508,12:35:10.508,DOOD/USDT:USDT,0.004395,2.0,0.004394,27.0,0.004405,2.0,0.004406,6.0
1753533310624,12:35:10.624,DOOD/USDT:USDT,0.004395,2.0,0.004394,27.0,0.004405,2.0,0.004406,6.0
1753533310786,12:35:10.786,DOOD/USDT:USDT,0.004395,2.0,0.004394,31.0,0.004405,2.0,0.004406,6.0
1753533311049,12:35:11.049,DOOD/USDT:USDT,0.00439,3.0,0.004389,4.0,0.004405,2.0,0.004406,6.0
1753533311148,12:35:11.148,DOOD/USDT:USDT,0.004391,2.0,0.00439,3.0,0.004404,2.0,0.004405,437.0
1753533311234,12:35:11.234,DOOD/USDT:USDT,0.00439,3.0,0.004389,4.0,0.004403,2.0,0.004404,6.0
1753533311347,12:35:11.347,DOOD/USDT:USDT,0.00439,3.0,0.004389,8.0,0.004403,2.0,0.004404,6.0
1753533311447,12:35:11.447,DOOD/USDT:USDT,0.00439,3.0,0.004389,4.0,0.004403,2.0,0.004404,6.0
1753533311548,12:35:11.548,DOOD/USDT:USDT,0.00439,3.0,0.004389,8.0,0.004403,2.0,0.004404,6.0
1753533311627,12:35:11.627,DOOD/USDT:USDT,0.00439,3.0,0.004389,8.0,0.004403,2.0,0.004404,6.0
1753533311669,12:35:11.669,DOOD/USDT:USDT,0.00439,3.0,0.004389,8.0,0.004403,2.0,0.004404,6.0
1753533311848,12:35:11.848,DOOD/USDT:USDT,0.00439,3.0,0.004389,4.0,0.004403,2.0,0.004404,6.0
1753533311848,12:35:11.848,DOOD/USDT:USDT,0.00439,3.0,0.004389,4.0,0.004403,2.0,0.004404,6.0
1753533312046,12:35:12.046,DOOD/USDT:USDT,0.004391,2.0,0.00439,28.0,0.004403,2.0,0.004404,6.0
1753533312146,12:35:12.146,DOOD/USDT:USDT,0.004393,2.0,0.004392,27.0,0.004403,2.0,0.004404,6.0
1753533312184,12:35:12.184,DOOD/USDT:USDT,0.004393,27.0,0.004392,27.0,0.004403,2.0,0.004404,6.0
1753533312278,12:35:12.278,DOOD/USDT:USDT,0.004393,27.0,0.004392,27.0,0.004403,2.0,0.004404,6.0
1753533312599,12:35:12.599,DOOD/USDT:USDT,0.004393,27.0,0.004392,27.0,0.004403,2.0,0.004404,6.0
1753533312703,12:35:12.703,DOOD/USDT:USDT,0.004393,27.0,0.004392,27.0,0.004403,2.0,0.004404,6.0
1753533312797,12:35:12.797,DOOD/USDT:USDT,0.004393,27.0,0.004392,27.0,0.004403,2.0,0.004404,6.0
1753533312897,12:35:12.897,DOOD/USDT:USDT,0.004393,27.0,0.004392,27.0,0.004403,2.0,0.004404,6.0
1753533313031,12:35:13.031,DOOD/USDT:USDT,0.004393,27.0,0.004392,2.0,0.004403,2.0,0.004404,6.0
1753533313898,12:35:13.898,DOOD/USDT:USDT,0.004393,27.0,0.004392,2.0,0.004403,2.0,0.004404,6.0
1753533314467,12:35:14.467,DOOD/USDT:USDT,0.004393,27.0,0.004392,2.0,0.004403,2.0,0.004404,6.0
1753533314594,12:35:14.594,DOOD/USDT:USDT,0.004393,27.0,0.004392,2.0,0.004403,2.0,0.004404,6.0
1753533314842,12:35:14.842,DOOD/USDT:USDT,0.004393,27.0,0.004392,2.0,0.004403,2.0,0.004404,6.0
1753533314856,12:35:14.856,DOOD/USDT:USDT,0.004393,27.0,0.00439,3.0,0.004403,2.0,0.004404,6.0
1753533315013,12:35:15.013,DOOD/USDT:USDT,0.00439,3.0,0.004389,4.0,0.004403,2.0,0.004404,6.0
1753533315118,12:35:15.118,DOOD/USDT:USDT,0.00439,3.0,0.004389,4.0,0.004403,2.0,0.004404,6.0
1753533315501,12:35:15.501,DOOD/USDT:USDT,0.00439,3.0,0.004389,4.0,0.004403,2.0,0.004404,6.0
1753533315649,12:35:15.649,DOOD/USDT:USDT,0.004377,2.0,0.004376,4.0,0.004403,14.0,0.004404,70.0
1753533315744,12:35:15.744,DOOD/USDT:USDT,0.004377,2.0,0.004376,4.0,0.0044,2.0,0.004401,6.0
1753533315846,12:35:15.846,DOOD/USDT:USDT,0.004377,3.0,0.004376,4.0,0.004397,2.0,0.004398,6.0
1753533315948,12:35:15.948,DOOD/USDT:USDT,0.004377,7.0,0.004376,4.0,0.004394,2.0,0.004395,6.0
1753533316027,12:35:16.027,DOOD/USDT:USDT,0.004377,32.0,0.004376,4.0,0.00439,2.0,0.004391,6.0
1753533316118,12:35:16.118,DOOD/USDT:USDT,0.004377,32.0,0.004376,4.0,0.00439,10.0,0.004391,2.0
1753533316215,12:35:16.215,DOOD/USDT:USDT,0.004377,32.0,0.004376,4.0,0.00439,6.0,0.004391,6.0
1753533316309,12:35:16.309,DOOD/USDT:USDT,0.004377,32.0,0.004376,4.0,0.00439,6.0,0.004391,6.0
1753533316382,12:35:16.382,DOOD/USDT:USDT,0.004377,32.0,0.004376,4.0,0.00439,6.0,0.004391,6.0
1753533316532,12:35:16.532,DOOD/USDT:USDT,0.004377,32.0,0.004376,4.0,0.004389,2.0,0.00439,6.0
1753533316584,12:35:16.584,DOOD/USDT:USDT,0.004377,32.0,0.004376,4.0,0.004389,2.0,0.00439,6.0
1753533316725,12:35:16.725,DOOD/USDT:USDT,0.004377,32.0,0.004376,4.0,0.004389,2.0,0.00439,6.0
1753533316825,12:35:16.825,DOOD/USDT:USDT,0.004377,32.0,0.004376,4.0,0.004389,2.0,0.00439,6.0
1753533316863,12:35:16.863,DOOD/USDT:USDT,0.004377,32.0,0.004376,4.0,0.004389,2.0,0.00439,6.0
1753533316999,12:35:16.999,DOOD/USDT:USDT,0.004377,32.0,0.004376,4.0,0.004389,2.0,0.00439,6.0
1753533317134,12:35:17.134,DOOD/USDT:USDT,0.004377,31.0,0.004376,4.0,0.004389,2.0,0.00439,6.0
1753533317244,12:35:17.244,DOOD/USDT:USDT,0.004377,32.0,0.004376,4.0,0.004389,2.0,0.00439,6.0
1753533317330,12:35:17.330,DOOD/USDT:USDT,0.004377,32.0,0.004376,4.0,0.00439,4.0,0.004391,6.0
1753533317549,12:35:17.549,DOOD/USDT:USDT,0.004377,32.0,0.004376,4.0,0.004389,3.0,0.00439,11.0
1753533317598,12:35:17.598,DOOD/USDT:USDT,0.004377,32.0,0.004376,4.0,0.004388,4.0,0.00439,7.0
1753533317739,12:35:17.739,DOOD/USDT:USDT,0.004377,32.0,0.004376,4.0,0.004389,4.0,0.00439,4.0
1753533317774,12:35:17.774,DOOD/USDT:USDT,0.004377,32.0,0.004376,4.0,0.004389,4.0,0.00439,4.0
1753533317978,12:35:17.978,DOOD/USDT:USDT,0.004377,32.0,0.004376,4.0,0.004389,4.0,0.00439,4.0
1753533318148,12:35:18.148,DOOD/USDT:USDT,0.004377,32.0,0.004376,4.0,0.004389,4.0,0.00439,4.0
1753533318211,12:35:18.211,DOOD/USDT:USDT,0.004377,32.0,0.004376,4.0,0.004394,6.0,0.004395,6.0
1753533318294,12:35:18.294,DOOD/USDT:USDT,0.004377,32.0,0.004376,4.0,0.004393,4.0,0.004394,6.0
1753533318372,12:35:18.372,DOOD/USDT:USDT,0.004377,32.0,0.004376,4.0,0.004393,4.0,0.004394,6.0
1753533318521,12:35:18.521,DOOD/USDT:USDT,0.004377,32.0,0.004376,4.0,0.004393,4.0,0.004394,6.0
1753533318730,12:35:18.730,DOOD/USDT:USDT,0.004377,32.0,0.004376,4.0,0.004393,8.0,0.004395,2.0
1753533318826,12:35:18.826,DOOD/USDT:USDT,0.004377,32.0,0.004376,59.0,0.004394,4.0,0.004395,2.0
