timestamp,time,symbol,bid1_price,bid1_volume,bid2_price,bid2_volume,ask1_price,ask1_volume,ask2_price,ask2_volume
1753533019000,12:30:19.000,1INCH/USDT:USDT,0.2811,213.0,0.281,519.0,0.2813,214.0,0.2814,727.0
1753533019994,12:30:19.994,1INCH/USDT:USDT,0.2811,213.0,0.281,519.0,0.2813,214.0,0.2814,727.0
1753533020092,12:30:20.092,1INCH/USDT:USDT,0.2811,213.0,0.281,519.0,0.2813,214.0,0.2814,727.0
1753533021028,12:30:21.028,1INCH/USDT:USDT,0.2811,213.0,0.281,519.0,0.2813,214.0,0.2814,727.0
1753533021165,12:30:21.165,1INCH/USDT:USDT,0.2811,213.0,0.281,519.0,0.2813,214.0,0.2814,727.0
1753533021195,12:30:21.195,1INCH/USDT:USDT,0.2811,213.0,0.281,519.0,0.2813,214.0,0.2814,727.0
1753533021286,12:30:21.286,1INCH/USDT:USDT,0.2811,213.0,0.281,519.0,0.2813,214.0,0.2814,727.0
1753533022138,12:30:22.138,1INCH/USDT:USDT,0.2811,213.0,0.281,519.0,0.2813,214.0,0.2814,727.0
1753533022401,12:30:22.401,1INCH/USDT:USDT,0.2811,213.0,0.281,519.0,0.2813,214.0,0.2814,727.0
1753533022971,12:30:22.971,1INCH/USDT:USDT,0.2811,213.0,0.281,519.0,0.2813,214.0,0.2814,727.0
1753533023929,12:30:23.929,1INCH/USDT:USDT,0.281,519.0,0.2809,2334.0,0.2813,214.0,0.2814,727.0
1753533023990,12:30:23.990,1INCH/USDT:USDT,0.281,519.0,0.2809,2334.0,0.2813,214.0,0.2814,727.0
1753533024108,12:30:24.108,1INCH/USDT:USDT,0.2811,220.0,0.281,519.0,0.2813,214.0,0.2814,727.0
1753533024345,12:30:24.345,1INCH/USDT:USDT,0.2811,220.0,0.281,519.0,0.2813,214.0,0.2814,727.0
1753533024474,12:30:24.474,1INCH/USDT:USDT,0.2811,220.0,0.281,519.0,0.2813,214.0,0.2814,9703.0
1753533029145,12:30:29.145,1INCH/USDT:USDT,0.2811,220.0,0.281,519.0,0.2813,214.0,0.2814,9703.0
1753533029274,12:30:29.274,1INCH/USDT:USDT,0.2811,220.0,0.281,519.0,0.2813,214.0,0.2814,9703.0
1753533031361,12:30:31.361,1INCH/USDT:USDT,0.2811,220.0,0.281,519.0,0.2813,214.0,0.2814,9703.0
1753533032450,12:30:32.450,1INCH/USDT:USDT,0.2811,220.0,0.281,519.0,0.2813,214.0,0.2814,9703.0
1753533032647,12:30:32.647,1INCH/USDT:USDT,0.281,519.0,0.2809,2334.0,0.2813,214.0,0.2814,9703.0
1753533033946,12:30:33.946,1INCH/USDT:USDT,0.281,519.0,0.2809,2334.0,0.2813,214.0,0.2814,9703.0
1753533034139,12:30:34.139,1INCH/USDT:USDT,0.281,519.0,0.2809,2334.0,0.2813,214.0,0.2814,9703.0
1753533034220,12:30:34.220,1INCH/USDT:USDT,0.281,519.0,0.2809,519.0,0.2813,214.0,0.2814,9703.0
1753533038746,12:30:38.746,1INCH/USDT:USDT,0.281,519.0,0.2809,519.0,0.2813,214.0,0.2814,9703.0
1753533041187,12:30:41.187,1INCH/USDT:USDT,0.281,519.0,0.2809,519.0,0.2813,214.0,0.2814,9703.0
1753533043572,12:30:43.572,1INCH/USDT:USDT,0.281,519.0,0.2809,519.0,0.2813,214.0,0.2814,9703.0
1753533043594,12:30:43.594,1INCH/USDT:USDT,0.281,519.0,0.2809,519.0,0.2813,214.0,0.2814,9703.0
1753533044549,12:30:44.549,1INCH/USDT:USDT,0.281,519.0,0.2809,519.0,0.2813,214.0,0.2814,9703.0
1753533045061,12:30:45.061,1INCH/USDT:USDT,0.281,519.0,0.2809,519.0,0.2812,727.0,0.2813,214.0
1753533045139,12:30:45.139,1INCH/USDT:USDT,0.281,219.0,0.2809,519.0,0.2812,727.0,0.2813,214.0
1753533045191,12:30:45.191,1INCH/USDT:USDT,0.281,219.0,0.2809,519.0,0.2813,214.0,0.2814,9703.0
1753533045371,12:30:45.371,1INCH/USDT:USDT,0.281,219.0,0.2809,519.0,0.2813,214.0,0.2814,9703.0
1753533046077,12:30:46.077,1INCH/USDT:USDT,0.281,219.0,0.2809,519.0,0.2812,727.0,0.2813,214.0
1753533046187,12:30:46.187,1INCH/USDT:USDT,0.281,219.0,0.2809,519.0,0.2812,727.0,0.2813,214.0
1753533046549,12:30:46.549,1INCH/USDT:USDT,0.281,219.0,0.2809,519.0,0.2811,215.0,0.2812,727.0
1753533046603,12:30:46.603,1INCH/USDT:USDT,0.281,219.0,0.2809,519.0,0.2811,215.0,0.2812,727.0
1753533046684,12:30:46.684,1INCH/USDT:USDT,0.2809,519.0,0.2808,519.0,0.2811,215.0,0.2812,727.0
1753533046952,12:30:46.952,1INCH/USDT:USDT,0.2809,519.0,0.2808,519.0,0.2811,215.0,0.2812,727.0
1753533047018,12:30:47.018,1INCH/USDT:USDT,0.2809,519.0,0.2808,519.0,0.2811,215.0,0.2812,727.0
1753533048367,12:30:48.367,1INCH/USDT:USDT,0.2809,519.0,0.2808,519.0,0.2811,215.0,0.2812,727.0
1753533048449,12:30:48.449,1INCH/USDT:USDT,0.2809,519.0,0.2808,519.0,0.2811,215.0,0.2812,727.0
1753533048550,12:30:48.550,1INCH/USDT:USDT,0.2809,519.0,0.2808,519.0,0.2811,215.0,0.2812,727.0
1753533048636,12:30:48.636,1INCH/USDT:USDT,0.2809,519.0,0.2808,519.0,0.2811,215.0,0.2812,727.0
1753533048677,12:30:48.677,1INCH/USDT:USDT,0.2809,519.0,0.2808,519.0,0.2811,215.0,0.2812,727.0
1753533048844,12:30:48.844,1INCH/USDT:USDT,0.2809,519.0,0.2808,519.0,0.2811,215.0,0.2812,727.0
1753533049850,12:30:49.850,1INCH/USDT:USDT,0.2809,519.0,0.2808,519.0,0.2811,215.0,0.2812,727.0
1753533049879,12:30:49.879,1INCH/USDT:USDT,0.2809,519.0,0.2808,519.0,0.2811,215.0,0.2812,727.0
1753533049993,12:30:49.993,1INCH/USDT:USDT,0.2809,519.0,0.2808,519.0,0.2811,215.0,0.2812,727.0
1753533050296,12:30:50.296,1INCH/USDT:USDT,0.2809,519.0,0.2808,519.0,0.2811,215.0,0.2812,727.0
1753533050850,12:30:50.850,1INCH/USDT:USDT,0.2809,519.0,0.2808,1246.0,0.2811,215.0,0.2812,727.0
1753533051184,12:30:51.184,1INCH/USDT:USDT,0.2809,519.0,0.2808,1246.0,0.2811,215.0,0.2812,727.0
1753533051382,12:30:51.382,1INCH/USDT:USDT,0.2809,519.0,0.2808,1246.0,0.2811,215.0,0.2812,727.0
1753533052311,12:30:52.311,1INCH/USDT:USDT,0.2809,519.0,0.2808,1246.0,0.2811,215.0,0.2812,727.0
1753533053146,12:30:53.146,1INCH/USDT:USDT,0.2809,519.0,0.2808,1246.0,0.2811,215.0,0.2812,727.0
1753533053199,12:30:53.199,1INCH/USDT:USDT,0.2809,519.0,0.2808,1246.0,0.2811,215.0,0.2812,727.0
1753533053385,12:30:53.385,1INCH/USDT:USDT,0.2809,519.0,0.2808,1246.0,0.2811,215.0,0.2812,727.0
1753533054110,12:30:54.110,1INCH/USDT:USDT,0.2809,519.0,0.2808,1246.0,0.2811,215.0,0.2812,727.0
1753533054197,12:30:54.197,1INCH/USDT:USDT,0.2809,519.0,0.2808,1246.0,0.2811,215.0,0.2812,727.0
1753533054874,12:30:54.874,1INCH/USDT:USDT,0.2809,519.0,0.2808,1246.0,0.2811,215.0,0.2812,727.0
1753533054979,12:30:54.979,1INCH/USDT:USDT,0.2809,519.0,0.2808,1246.0,0.2811,215.0,0.2812,727.0
1753533055881,12:30:55.881,1INCH/USDT:USDT,0.2809,519.0,0.2808,1246.0,0.2811,215.0,0.2812,727.0
1753533055981,12:30:55.981,1INCH/USDT:USDT,0.2809,519.0,0.2808,1246.0,0.2811,215.0,0.2812,727.0
1753533056890,12:30:56.890,1INCH/USDT:USDT,0.2809,519.0,0.2808,1246.0,0.2811,215.0,0.2812,727.0
1753533056994,12:30:56.994,1INCH/USDT:USDT,0.2809,519.0,0.2808,1246.0,0.2811,215.0,0.2812,727.0
1753533057969,12:30:57.969,1INCH/USDT:USDT,0.2809,519.0,0.2808,1246.0,0.2811,215.0,0.2812,727.0
1753533057977,12:30:57.977,1INCH/USDT:USDT,0.2809,519.0,0.2808,519.0,0.2811,215.0,0.2812,727.0
1753533060754,12:31:00.754,1INCH/USDT:USDT,0.2808,519.0,0.2807,2367.0,0.2811,215.0,0.2812,727.0
1753533060861,12:31:00.861,1INCH/USDT:USDT,0.2808,519.0,0.2807,2367.0,0.2811,215.0,0.2812,727.0
1753533060947,12:31:00.947,1INCH/USDT:USDT,0.2808,519.0,0.2807,2367.0,0.2811,215.0,0.2812,727.0
1753533061041,12:31:01.041,1INCH/USDT:USDT,0.2808,519.0,0.2807,515.0,0.2811,215.0,0.2812,727.0
1753533061173,12:31:01.173,1INCH/USDT:USDT,0.2808,519.0,0.2807,515.0,0.2811,215.0,0.2812,727.0
1753533061210,12:31:01.210,1INCH/USDT:USDT,0.2808,519.0,0.2807,2330.0,0.2811,215.0,0.2812,727.0
1753533061499,12:31:01.499,1INCH/USDT:USDT,0.2808,519.0,0.2807,2330.0,0.2811,215.0,0.2812,727.0
1753533062746,12:31:02.746,1INCH/USDT:USDT,0.2808,519.0,0.2807,2330.0,0.2811,215.0,0.2812,727.0
1753533062806,12:31:02.806,1INCH/USDT:USDT,0.2808,519.0,0.2807,2330.0,0.2811,215.0,0.2812,727.0
1753533064431,12:31:04.431,1INCH/USDT:USDT,0.2809,211.0,0.2808,519.0,0.2811,215.0,0.2812,727.0
1753533064488,12:31:04.488,1INCH/USDT:USDT,0.2809,211.0,0.2808,519.0,0.2811,215.0,0.2812,727.0
1753533064866,12:31:04.866,1INCH/USDT:USDT,0.2809,211.0,0.2808,519.0,0.2811,215.0,0.2812,727.0
1753533067207,12:31:07.207,1INCH/USDT:USDT,0.2809,211.0,0.2808,519.0,0.2811,215.0,0.2812,727.0
1753533067551,12:31:07.551,1INCH/USDT:USDT,0.2809,211.0,0.2808,519.0,0.2812,938.0,0.2813,514.0
1753533068091,12:31:08.091,1INCH/USDT:USDT,0.2809,211.0,0.2808,519.0,0.2812,938.0,0.2813,514.0
1753533069219,12:31:09.219,1INCH/USDT:USDT,0.2809,211.0,0.2808,519.0,0.2812,938.0,0.2813,514.0
1753533069345,12:31:09.345,1INCH/USDT:USDT,0.2809,211.0,0.2808,519.0,0.2812,938.0,0.2813,514.0
1753533070224,12:31:10.224,1INCH/USDT:USDT,0.2809,211.0,0.2808,519.0,0.2812,938.0,0.2813,514.0
1753533070428,12:31:10.428,1INCH/USDT:USDT,0.2809,211.0,0.2808,519.0,0.2812,938.0,0.2813,514.0
1753533071241,12:31:11.241,1INCH/USDT:USDT,0.2809,211.0,0.2808,519.0,0.2812,938.0,0.2813,514.0
1753533071447,12:31:11.447,1INCH/USDT:USDT,0.2809,211.0,0.2808,519.0,0.2812,938.0,0.2813,514.0
1753533072347,12:31:12.347,1INCH/USDT:USDT,0.2809,211.0,0.2808,519.0,0.2812,938.0,0.2813,514.0
1753533073200,12:31:13.200,1INCH/USDT:USDT,0.2809,211.0,0.2808,519.0,0.2812,938.0,0.2813,514.0
1753533073357,12:31:13.357,1INCH/USDT:USDT,0.2809,211.0,0.2808,519.0,0.2812,938.0,0.2813,514.0
1753533074244,12:31:14.244,1INCH/USDT:USDT,0.2809,211.0,0.2808,519.0,0.2811,217.0,0.2812,938.0
1753533074292,12:31:14.292,1INCH/USDT:USDT,0.2809,211.0,0.2808,519.0,0.2811,217.0,0.2812,938.0
1753533075254,12:31:15.254,1INCH/USDT:USDT,0.2809,211.0,0.2808,519.0,0.2811,217.0,0.2812,938.0
1753533077147,12:31:17.147,1INCH/USDT:USDT,0.2809,211.0,0.2808,519.0,0.2811,217.0,0.2812,938.0
1753533077953,12:31:17.953,1INCH/USDT:USDT,0.2809,211.0,0.2808,519.0,0.2812,938.0,0.2813,514.0
1753533078033,12:31:18.033,1INCH/USDT:USDT,0.2809,211.0,0.2808,1246.0,0.2812,938.0,0.2813,514.0
1753533078116,12:31:18.116,1INCH/USDT:USDT,0.2809,211.0,0.2808,1246.0,0.2812,938.0,0.2813,514.0
1753533078226,12:31:18.226,1INCH/USDT:USDT,0.2809,211.0,0.2808,1246.0,0.2812,938.0,0.2813,514.0
1753533078279,12:31:18.279,1INCH/USDT:USDT,0.2809,211.0,0.2808,1246.0,0.2811,217.0,0.2812,938.0
1753533078554,12:31:18.554,1INCH/USDT:USDT,0.2809,211.0,0.2808,1246.0,0.2811,217.0,0.2812,938.0
1753533078660,12:31:18.660,1INCH/USDT:USDT,0.2809,211.0,0.2808,1246.0,0.2812,938.0,0.2813,514.0
1753533080218,12:31:20.218,1INCH/USDT:USDT,0.2809,211.0,0.2808,1246.0,0.2812,938.0,0.2813,514.0
1753533081463,12:31:21.463,1INCH/USDT:USDT,0.2809,211.0,0.2808,1246.0,0.2811,212.0,0.2812,938.0
1753533081548,12:31:21.548,1INCH/USDT:USDT,0.2809,211.0,0.2808,1246.0,0.2811,212.0,0.2812,938.0
1753533081947,12:31:21.947,1INCH/USDT:USDT,0.2809,211.0,0.2808,1246.0,0.2811,212.0,0.2812,938.0
1753533082227,12:31:22.227,1INCH/USDT:USDT,0.2809,211.0,0.2808,519.0,0.2811,212.0,0.2812,938.0
1753533082339,12:31:22.339,1INCH/USDT:USDT,0.2809,211.0,0.2808,519.0,0.2811,212.0,0.2812,938.0
1753533082442,12:31:22.442,1INCH/USDT:USDT,0.2809,211.0,0.2808,519.0,0.2811,212.0,0.2812,938.0
1753533083945,12:31:23.945,1INCH/USDT:USDT,0.2809,211.0,0.2808,519.0,0.2811,212.0,0.2812,938.0
1753533084200,12:31:24.200,1INCH/USDT:USDT,0.2809,211.0,0.2808,519.0,0.2811,212.0,0.2812,938.0
1753533084313,12:31:24.313,1INCH/USDT:USDT,0.2809,211.0,0.2808,1246.0,0.2811,212.0,0.2812,938.0
1753533084408,12:31:24.408,1INCH/USDT:USDT,0.2809,211.0,0.2808,1246.0,0.2811,212.0,0.2812,938.0
1753533085161,12:31:25.161,1INCH/USDT:USDT,0.2809,211.0,0.2808,1246.0,0.2811,212.0,0.2812,938.0
1753533085421,12:31:25.421,1INCH/USDT:USDT,0.2809,211.0,0.2808,1246.0,0.2811,212.0,0.2812,938.0
1753533086747,12:31:26.747,1INCH/USDT:USDT,0.2809,211.0,0.2808,1246.0,0.2811,212.0,0.2812,938.0
1753533087249,12:31:27.249,1INCH/USDT:USDT,0.2809,211.0,0.2808,1246.0,0.2811,212.0,0.2812,938.0
1753533090395,12:31:30.395,1INCH/USDT:USDT,0.2809,211.0,0.2808,519.0,0.2811,212.0,0.2812,938.0
1753533090504,12:31:30.504,1INCH/USDT:USDT,0.2809,211.0,0.2808,1246.0,0.2811,212.0,0.2812,938.0
1753533091547,12:31:31.547,1INCH/USDT:USDT,0.2809,211.0,0.2808,1246.0,0.2811,212.0,0.2812,938.0
1753533091593,12:31:31.593,1INCH/USDT:USDT,0.2809,211.0,0.2808,1246.0,0.2811,212.0,0.2812,938.0
1753533092349,12:31:32.349,1INCH/USDT:USDT,0.2809,211.0,0.2808,1246.0,0.2811,212.0,0.2812,938.0
1753533093646,12:31:33.646,1INCH/USDT:USDT,0.2809,211.0,0.2808,1246.0,0.2812,938.0,0.2813,514.0
1753533095364,12:31:35.364,1INCH/USDT:USDT,0.2809,211.0,0.2808,1246.0,0.2812,938.0,0.2813,514.0
1753533095469,12:31:35.469,1INCH/USDT:USDT,0.2809,211.0,0.2808,1246.0,0.2812,938.0,0.2813,514.0
1753533096349,12:31:36.349,1INCH/USDT:USDT,0.2809,211.0,0.2808,1246.0,0.2812,938.0,0.2813,514.0
1753533101147,12:31:41.147,1INCH/USDT:USDT,0.2809,211.0,0.2808,1246.0,0.2812,938.0,0.2813,514.0
1753533101607,12:31:41.607,1INCH/USDT:USDT,0.2809,211.0,0.2808,1246.0,0.2811,220.0,0.2812,938.0
1753533105521,12:31:45.521,1INCH/USDT:USDT,0.2809,211.0,0.2808,1246.0,0.2812,938.0,0.2813,514.0
1753533105868,12:31:45.868,1INCH/USDT:USDT,0.2809,211.0,0.2808,1246.0,0.2812,211.0,0.2813,514.0
1753533105971,12:31:45.971,1INCH/USDT:USDT,0.281,220.0,0.2809,2026.0,0.2813,514.0,0.2814,727.0
1753533106029,12:31:46.029,1INCH/USDT:USDT,0.281,220.0,0.2809,211.0,0.2812,220.0,0.2813,514.0
1753533106082,12:31:46.082,1INCH/USDT:USDT,0.2809,211.0,0.2808,1246.0,0.2812,220.0,0.2813,514.0
1753533106338,12:31:46.338,1INCH/USDT:USDT,0.2809,211.0,0.2808,1246.0,0.2812,220.0,0.2813,514.0
1753533107721,12:31:47.721,1INCH/USDT:USDT,0.2809,211.0,0.2808,1246.0,0.2813,514.0,0.2814,727.0
1753533107827,12:31:47.827,1INCH/USDT:USDT,0.2809,211.0,0.2808,1246.0,0.2812,220.0,0.2813,514.0
1753533107966,12:31:47.966,1INCH/USDT:USDT,0.2809,211.0,0.2808,1246.0,0.2812,220.0,0.2813,514.0
1753533109393,12:31:49.393,1INCH/USDT:USDT,0.2809,211.0,0.2808,1246.0,0.2812,220.0,0.2813,514.0
1753533109475,12:31:49.475,1INCH/USDT:USDT,0.2809,211.0,0.2808,1246.0,0.2812,220.0,0.2813,514.0
1753533110747,12:31:50.747,1INCH/USDT:USDT,0.2809,211.0,0.2808,1246.0,0.2812,220.0,0.2813,514.0
1753533111601,12:31:51.601,1INCH/USDT:USDT,0.2809,211.0,0.2808,1246.0,0.2812,220.0,0.2813,514.0
1753533111685,12:31:51.685,1INCH/USDT:USDT,0.2809,211.0,0.2808,1246.0,0.2812,220.0,0.2813,514.0
1753533113048,12:31:53.048,1INCH/USDT:USDT,0.2809,211.0,0.2808,1246.0,0.2812,220.0,0.2813,514.0
1753533115548,12:31:55.548,1INCH/USDT:USDT,0.2809,211.0,0.2808,1246.0,0.2812,220.0,0.2813,514.0
1753533115589,12:31:55.589,1INCH/USDT:USDT,0.2809,211.0,0.2808,1246.0,0.2812,220.0,0.2813,514.0
1753533119140,12:31:59.140,1INCH/USDT:USDT,0.2809,211.0,0.2808,1246.0,0.2812,220.0,0.2813,514.0
1753533119585,12:31:59.585,1INCH/USDT:USDT,0.2809,211.0,0.2808,1246.0,0.2812,220.0,0.2813,514.0
1753533120348,12:32:00.348,1INCH/USDT:USDT,0.2809,211.0,0.2808,1246.0,0.2812,220.0,0.2813,514.0
1753533121063,12:32:01.063,1INCH/USDT:USDT,0.2809,211.0,0.2808,1246.0,0.2812,220.0,0.2813,514.0
1753533121077,12:32:01.077,1INCH/USDT:USDT,0.2809,211.0,0.2808,1246.0,0.2812,220.0,0.2813,514.0
1753533121742,12:32:01.742,1INCH/USDT:USDT,0.2809,211.0,0.2808,1246.0,0.2812,220.0,0.2813,514.0
1753533122560,12:32:02.560,1INCH/USDT:USDT,0.2809,211.0,0.2808,1246.0,0.2811,219.0,0.2812,947.0
1753533122868,12:32:02.868,1INCH/USDT:USDT,0.2809,211.0,0.2808,1246.0,0.2811,219.0,0.2812,947.0
1753533122877,12:32:02.877,1INCH/USDT:USDT,0.2809,211.0,0.2808,1246.0,0.2811,219.0,0.2812,947.0
1753533123279,12:32:03.279,1INCH/USDT:USDT,0.2809,211.0,0.2808,1246.0,0.2811,219.0,0.2812,947.0
1753533125164,12:32:05.164,1INCH/USDT:USDT,0.2809,211.0,0.2808,1246.0,0.2811,219.0,0.2812,947.0
1753533125655,12:32:05.655,1INCH/USDT:USDT,0.2809,211.0,0.2808,1246.0,0.2811,219.0,0.2812,947.0
1753533125688,12:32:05.688,1INCH/USDT:USDT,0.2809,211.0,0.2808,1246.0,0.2811,219.0,0.2812,947.0
1753533126650,12:32:06.650,1INCH/USDT:USDT,0.2809,211.0,0.2808,1246.0,0.2811,219.0,0.2812,947.0
1753533128085,12:32:08.085,1INCH/USDT:USDT,0.2809,211.0,0.2808,519.0,0.2811,219.0,0.2812,947.0
1753533128510,12:32:08.510,1INCH/USDT:USDT,0.2808,519.0,0.2807,4182.0,0.2811,219.0,0.2812,947.0
1753533129306,12:32:09.306,1INCH/USDT:USDT,0.2809,221.0,0.2808,519.0,0.2811,219.0,0.2812,947.0
1753533129949,12:32:09.949,1INCH/USDT:USDT,0.2809,221.0,0.2808,519.0,0.2811,219.0,0.2812,947.0
1753533131400,12:32:11.400,1INCH/USDT:USDT,0.2809,221.0,0.2808,1246.0,0.2811,219.0,0.2812,947.0
1753533132914,12:32:12.914,1INCH/USDT:USDT,0.2809,221.0,0.2808,1246.0,0.2811,219.0,0.2812,947.0
1753533132984,12:32:12.984,1INCH/USDT:USDT,0.2809,221.0,0.2808,1246.0,0.2811,219.0,0.2812,947.0
1753533133648,12:32:13.648,1INCH/USDT:USDT,0.2809,221.0,0.2808,1246.0,0.2811,219.0,0.2812,947.0
1753533134748,12:32:14.748,1INCH/USDT:USDT,0.2809,221.0,0.2808,1246.0,0.2811,219.0,0.2812,947.0
1753533139548,12:32:19.548,1INCH/USDT:USDT,0.2809,221.0,0.2808,1246.0,0.2811,219.0,0.2812,947.0
1753533144348,12:32:24.348,1INCH/USDT:USDT,0.2809,221.0,0.2808,1246.0,0.2811,219.0,0.2812,947.0
1753533144385,12:32:24.385,1INCH/USDT:USDT,0.2809,221.0,0.2808,1246.0,0.2811,219.0,0.2812,947.0
1753533145448,12:32:25.448,1INCH/USDT:USDT,0.2809,221.0,0.2808,1246.0,0.2811,219.0,0.2812,947.0
1753533148693,12:32:28.693,1INCH/USDT:USDT,0.2808,1246.0,0.2807,4182.0,0.2811,219.0,0.2812,947.0
1753533149061,12:32:29.061,1INCH/USDT:USDT,0.2809,212.0,0.2808,1246.0,0.2811,219.0,0.2812,947.0
1753533149148,12:32:29.148,1INCH/USDT:USDT,0.2809,212.0,0.2808,1246.0,0.2811,219.0,0.2812,947.0
1753533151039,12:32:31.039,1INCH/USDT:USDT,0.2809,212.0,0.2808,1246.0,0.2811,219.0,0.2812,947.0
1753533151087,12:32:31.087,1INCH/USDT:USDT,0.2809,212.0,0.2808,1246.0,0.2811,219.0,0.2812,947.0
1753533151430,12:32:31.430,1INCH/USDT:USDT,0.2809,212.0,0.2808,1246.0,0.2811,219.0,0.2812,947.0
1753533154800,12:32:34.800,1INCH/USDT:USDT,0.2809,212.0,0.2808,1246.0,0.2811,219.0,0.2812,947.0
1753533155270,12:32:35.270,1INCH/USDT:USDT,0.2809,212.0,0.2808,1246.0,0.2811,219.0,0.2812,947.0
1753533155354,12:32:35.354,1INCH/USDT:USDT,0.2808,519.0,0.2807,2367.0,0.2811,219.0,0.2812,947.0
1753533155470,12:32:35.470,1INCH/USDT:USDT,0.2808,519.0,0.2807,515.0,0.2811,219.0,0.2812,947.0
1753533155550,12:32:35.550,1INCH/USDT:USDT,0.2808,519.0,0.2807,515.0,0.2811,219.0,0.2812,947.0
1753533155582,12:32:35.582,1INCH/USDT:USDT,0.2808,519.0,0.2807,515.0,0.2811,219.0,0.2812,947.0
1753533156291,12:32:36.291,1INCH/USDT:USDT,0.2808,519.0,0.2807,2330.0,0.2811,219.0,0.2812,947.0
1753533156685,12:32:36.685,1INCH/USDT:USDT,0.2808,519.0,0.2807,2330.0,0.2811,219.0,0.2812,947.0
1753533156790,12:32:36.790,1INCH/USDT:USDT,0.2808,519.0,0.2807,2330.0,0.2811,219.0,0.2812,947.0
1753533156879,12:32:36.879,1INCH/USDT:USDT,0.2808,519.0,0.2807,2330.0,0.2811,219.0,0.2812,947.0
1753533157134,12:32:37.134,1INCH/USDT:USDT,0.2809,214.0,0.2808,519.0,0.2811,219.0,0.2812,947.0
1753533157527,12:32:37.527,1INCH/USDT:USDT,0.2809,214.0,0.2808,519.0,0.2811,219.0,0.2812,947.0
1753533157791,12:32:37.791,1INCH/USDT:USDT,0.2809,214.0,0.2808,519.0,0.2811,219.0,0.2812,947.0
1753533157957,12:32:37.957,1INCH/USDT:USDT,0.2809,214.0,0.2808,519.0,0.2811,219.0,0.2812,947.0
1753533158255,12:32:38.255,1INCH/USDT:USDT,0.2809,214.0,0.2808,519.0,0.2811,219.0,0.2812,947.0
1753533158912,12:32:38.912,1INCH/USDT:USDT,0.2809,214.0,0.2808,519.0,0.2811,219.0,0.2812,947.0
1753533158987,12:32:38.987,1INCH/USDT:USDT,0.2809,214.0,0.2808,519.0,0.2811,219.0,0.2812,947.0
1753533159450,12:32:39.450,1INCH/USDT:USDT,0.2809,214.0,0.2808,519.0,0.2811,219.0,0.2812,947.0
1753533159750,12:32:39.750,1INCH/USDT:USDT,0.2809,214.0,0.2808,519.0,0.2811,219.0,0.2812,947.0
1753533161773,12:32:41.773,1INCH/USDT:USDT,0.2809,214.0,0.2808,519.0,0.2811,219.0,0.2812,947.0
1753533161871,12:32:41.871,1INCH/USDT:USDT,0.2809,214.0,0.2808,519.0,0.2811,219.0,0.2812,947.0
1753533162260,12:32:42.260,1INCH/USDT:USDT,0.2808,519.0,0.2807,515.0,0.2811,219.0,0.2812,947.0
1753533162397,12:32:42.397,1INCH/USDT:USDT,0.2808,519.0,0.2807,515.0,0.2811,219.0,0.2812,947.0
1753533162649,12:32:42.649,1INCH/USDT:USDT,0.2808,519.0,0.2807,2330.0,0.2811,219.0,0.2812,947.0
1753533163599,12:32:43.599,1INCH/USDT:USDT,0.2808,519.0,0.2807,2330.0,0.2811,219.0,0.2812,947.0
1753533164022,12:32:44.022,1INCH/USDT:USDT,0.2808,519.0,0.2807,2330.0,0.2811,219.0,0.2812,947.0
1753533164548,12:32:44.548,1INCH/USDT:USDT,0.2808,519.0,0.2807,2330.0,0.2811,219.0,0.2812,947.0
1753533166130,12:32:46.130,1INCH/USDT:USDT,0.2808,519.0,0.2807,2330.0,0.2811,219.0,0.2812,947.0
1753533166184,12:32:46.184,1INCH/USDT:USDT,0.2808,519.0,0.2807,2330.0,0.2811,219.0,0.2812,947.0
1753533166457,12:32:46.457,1INCH/USDT:USDT,0.2808,519.0,0.2807,515.0,0.281,727.0,0.2811,1143.0
1753533166484,12:32:46.484,1INCH/USDT:USDT,0.2808,519.0,0.2807,515.0,0.281,727.0,0.2811,219.0
1753533166771,12:32:46.771,1INCH/USDT:USDT,0.2808,519.0,0.2807,515.0,0.2809,216.0,0.281,727.0
1753533166856,12:32:46.856,1INCH/USDT:USDT,0.2808,300.0,0.2807,515.0,0.2809,216.0,0.281,727.0
1753533167071,12:32:47.071,1INCH/USDT:USDT,0.2808,300.0,0.2807,515.0,0.281,727.0,0.2811,219.0
1753533167262,12:32:47.262,1INCH/USDT:USDT,0.2808,300.0,0.2807,515.0,0.281,727.0,0.2811,219.0
1753533167488,12:32:47.488,1INCH/USDT:USDT,0.2808,300.0,0.2807,515.0,0.281,727.0,0.2811,219.0
1753533167676,12:32:47.676,1INCH/USDT:USDT,0.2808,300.0,0.2807,515.0,0.281,727.0,0.2811,219.0
1753533167676,12:32:47.676,1INCH/USDT:USDT,0.2808,300.0,0.2807,515.0,0.281,727.0,0.2811,219.0
1753533168698,12:32:48.698,1INCH/USDT:USDT,0.2807,515.0,0.2806,1237.0,0.2809,216.0,0.281,727.0
1753533169359,12:32:49.359,1INCH/USDT:USDT,0.2807,515.0,0.2806,1237.0,0.2809,216.0,0.281,727.0
1753533171096,12:32:51.096,1INCH/USDT:USDT,0.2807,515.0,0.2806,1237.0,0.2809,216.0,0.281,727.0
1753533171276,12:32:51.276,1INCH/USDT:USDT,0.2807,515.0,0.2806,1237.0,0.2809,216.0,0.281,727.0
1753533171734,12:32:51.734,1INCH/USDT:USDT,0.2807,515.0,0.2806,3089.0,0.2809,216.0,0.281,727.0
1753533174169,12:32:54.169,1INCH/USDT:USDT,0.2807,515.0,0.2806,3089.0,0.2809,216.0,0.281,727.0
1753533178949,12:32:58.949,1INCH/USDT:USDT,0.2807,515.0,0.2806,3089.0,0.2809,216.0,0.281,727.0
1753533181238,12:33:01.238,1INCH/USDT:USDT,0.2807,515.0,0.2806,510.0,0.2809,216.0,0.281,727.0
1753533183750,12:33:03.750,1INCH/USDT:USDT,0.2807,515.0,0.2806,510.0,0.2809,216.0,0.281,727.0
1753533184289,12:33:04.289,1INCH/USDT:USDT,0.2807,515.0,0.2806,510.0,0.2809,216.0,0.281,727.0
1753533184396,12:33:04.396,1INCH/USDT:USDT,0.2807,515.0,0.2806,1237.0,0.2809,216.0,0.281,727.0
1753533188549,12:33:08.549,1INCH/USDT:USDT,0.2807,515.0,0.2806,1237.0,0.2809,216.0,0.281,727.0
1753533188608,12:33:08.608,1INCH/USDT:USDT,0.2807,515.0,0.2806,1237.0,0.2809,216.0,0.281,727.0
1753533188736,12:33:08.736,1INCH/USDT:USDT,0.2807,515.0,0.2806,510.0,0.2809,216.0,0.281,727.0
1753533188917,12:33:08.917,1INCH/USDT:USDT,0.2807,515.0,0.2806,1237.0,0.2809,216.0,0.281,727.0
1753533189849,12:33:09.849,1INCH/USDT:USDT,0.2807,515.0,0.2806,1237.0,0.2809,216.0,0.281,727.0
1753533190909,12:33:10.909,1INCH/USDT:USDT,0.2808,218.0,0.2807,515.0,0.281,945.0,0.2811,2034.0
1753533191269,12:33:11.269,1INCH/USDT:USDT,0.2808,218.0,0.2807,515.0,0.281,945.0,0.2811,219.0
1753533191355,12:33:11.355,1INCH/USDT:USDT,0.2808,218.0,0.2807,515.0,0.281,945.0,0.2811,219.0
1753533192312,12:33:12.312,1INCH/USDT:USDT,0.2807,515.0,0.2806,1237.0,0.2809,218.0,0.281,945.0
1753533193357,12:33:13.357,1INCH/USDT:USDT,0.2807,515.0,0.2806,1237.0,0.2809,218.0,0.281,945.0
1753533197245,12:33:17.245,1INCH/USDT:USDT,0.2808,218.0,0.2807,515.0,0.281,945.0,0.2811,219.0
1753533197289,12:33:17.289,1INCH/USDT:USDT,0.2808,218.0,0.2807,515.0,0.281,945.0,0.2811,219.0
1753533197564,12:33:17.564,1INCH/USDT:USDT,0.2808,218.0,0.2807,515.0,0.281,945.0,0.2811,219.0
1753533197906,12:33:17.906,1INCH/USDT:USDT,0.2808,218.0,0.2807,515.0,0.281,945.0,0.2811,219.0
1753533198149,12:33:18.149,1INCH/USDT:USDT,0.2808,218.0,0.2807,515.0,0.281,945.0,0.2811,219.0
1753533199780,12:33:19.780,1INCH/USDT:USDT,0.2808,218.0,0.2807,515.0,0.281,945.0,0.2811,219.0
1753533199884,12:33:19.884,1INCH/USDT:USDT,0.2808,218.0,0.2807,515.0,0.281,945.0,0.2811,219.0
1753533201548,12:33:21.548,1INCH/USDT:USDT,0.2808,218.0,0.2807,515.0,0.281,945.0,0.2811,219.0
1753533202272,12:33:22.272,1INCH/USDT:USDT,0.2808,218.0,0.2807,515.0,0.281,945.0,0.2811,219.0
1753533202949,12:33:22.949,1INCH/USDT:USDT,0.2808,218.0,0.2807,515.0,0.281,945.0,0.2811,219.0
1753533205048,12:33:25.048,1INCH/USDT:USDT,0.2807,515.0,0.2806,510.0,0.2809,214.0,0.281,945.0
1753533205169,12:33:25.169,1INCH/USDT:USDT,0.2807,515.0,0.2806,510.0,0.2809,214.0,0.281,945.0
1753533205230,12:33:25.230,1INCH/USDT:USDT,0.2807,515.0,0.2806,510.0,0.2809,214.0,0.281,945.0
1753533206162,12:33:26.162,1INCH/USDT:USDT,0.2807,515.0,0.2806,510.0,0.2809,214.0,0.281,945.0
1753533206206,12:33:26.206,1INCH/USDT:USDT,0.2807,515.0,0.2806,510.0,0.2809,214.0,0.281,945.0
1753533207769,12:33:27.769,1INCH/USDT:USDT,0.2807,515.0,0.2806,510.0,0.2809,214.0,0.281,945.0
1753533207825,12:33:27.825,1INCH/USDT:USDT,0.2807,515.0,0.2806,510.0,0.2809,214.0,0.281,945.0
1753533208135,12:33:28.135,1INCH/USDT:USDT,0.2807,515.0,0.2806,510.0,0.2809,214.0,0.281,945.0
1753533210303,12:33:30.303,1INCH/USDT:USDT,0.2807,515.0,0.2806,510.0,0.2809,214.0,0.281,945.0
1753533211126,12:33:31.126,1INCH/USDT:USDT,0.2807,515.0,0.2806,510.0,0.2809,214.0,0.281,945.0
1753533212550,12:33:32.550,1INCH/USDT:USDT,0.2807,515.0,0.2806,510.0,0.2809,214.0,0.281,945.0
1753533215273,12:33:35.273,1INCH/USDT:USDT,0.2807,515.0,0.2806,510.0,0.2809,214.0,0.281,945.0
1753533216150,12:33:36.150,1INCH/USDT:USDT,0.2807,515.0,0.2806,510.0,0.2809,214.0,0.281,945.0
1753533217350,12:33:37.350,1INCH/USDT:USDT,0.2807,515.0,0.2806,510.0,0.2809,214.0,0.281,945.0
1753533217943,12:33:37.943,1INCH/USDT:USDT,0.2807,215.0,0.2806,510.0,0.2809,214.0,0.281,945.0
1753533218450,12:33:38.450,1INCH/USDT:USDT,0.2806,510.0,0.2805,2370.0,0.2809,214.0,0.281,945.0
1753533218558,12:33:38.558,1INCH/USDT:USDT,0.2806,510.0,0.2805,519.0,0.2809,214.0,0.281,945.0
1753533218646,12:33:38.646,1INCH/USDT:USDT,0.2806,510.0,0.2805,2334.0,0.2809,214.0,0.281,945.0
1753533218867,12:33:38.867,1INCH/USDT:USDT,0.2806,510.0,0.2805,2334.0,0.2809,214.0,0.281,945.0
1753533219617,12:33:39.617,1INCH/USDT:USDT,0.2806,510.0,0.2805,519.0,0.2809,214.0,0.281,945.0
1753533219842,12:33:39.842,1INCH/USDT:USDT,0.2806,510.0,0.2805,519.0,0.2809,214.0,0.281,945.0
1753533220178,12:33:40.178,1INCH/USDT:USDT,0.2806,510.0,0.2805,519.0,0.2809,214.0,0.281,945.0
1753533220653,12:33:40.653,1INCH/USDT:USDT,0.2806,510.0,0.2805,519.0,0.2809,214.0,0.281,945.0
1753533220748,12:33:40.748,1INCH/USDT:USDT,0.2806,510.0,0.2805,519.0,0.2809,214.0,0.281,945.0
1753533220902,12:33:40.902,1INCH/USDT:USDT,0.2806,510.0,0.2805,519.0,0.2809,214.0,0.281,945.0
1753533222150,12:33:42.150,1INCH/USDT:USDT,0.2806,510.0,0.2805,519.0,0.2809,214.0,0.281,945.0
1753533223090,12:33:43.090,1INCH/USDT:USDT,0.2806,510.0,0.2805,519.0,0.2809,214.0,0.281,945.0
1753533223216,12:33:43.216,1INCH/USDT:USDT,0.2806,510.0,0.2805,519.0,0.2809,214.0,0.281,945.0
1753533224194,12:33:44.194,1INCH/USDT:USDT,0.2806,510.0,0.2805,519.0,0.2809,214.0,0.281,945.0
1753533224383,12:33:44.383,1INCH/USDT:USDT,0.2806,510.0,0.2805,519.0,0.2809,214.0,0.281,945.0
1753533225249,12:33:45.249,1INCH/USDT:USDT,0.2806,510.0,0.2805,519.0,0.2809,214.0,0.281,945.0
1753533226618,12:33:46.618,1INCH/USDT:USDT,0.2806,510.0,0.2805,519.0,0.2809,214.0,0.281,945.0
1753533226950,12:33:46.950,1INCH/USDT:USDT,0.2806,510.0,0.2805,519.0,0.2809,214.0,0.281,945.0
1753533227296,12:33:47.296,1INCH/USDT:USDT,0.2807,215.0,0.2806,510.0,0.2809,214.0,0.281,945.0
1753533227550,12:33:47.550,1INCH/USDT:USDT,0.2807,215.0,0.2806,510.0,0.2809,214.0,0.281,945.0
1753533227658,12:33:47.658,1INCH/USDT:USDT,0.2807,215.0,0.2806,510.0,0.2809,214.0,0.281,945.0
1753533228074,12:33:48.074,1INCH/USDT:USDT,0.2807,215.0,0.2806,510.0,0.2809,214.0,0.281,945.0
1753533228075,12:33:48.075,1INCH/USDT:USDT,0.2807,215.0,0.2806,510.0,0.2809,214.0,0.281,945.0
1753533231752,12:33:51.752,1INCH/USDT:USDT,0.2807,215.0,0.2806,510.0,0.2809,214.0,0.281,945.0
1753533231873,12:33:51.873,1INCH/USDT:USDT,0.2807,215.0,0.2806,510.0,0.2809,214.0,0.281,945.0
1753533231972,12:33:51.972,1INCH/USDT:USDT,0.2807,215.0,0.2806,510.0,0.2809,214.0,0.281,945.0
1753533232764,12:33:52.764,1INCH/USDT:USDT,0.2807,215.0,0.2806,510.0,0.2809,214.0,0.281,945.0
1753533233058,12:33:53.058,1INCH/USDT:USDT,0.2806,510.0,0.2805,2334.0,0.2809,214.0,0.281,945.0
1753533233082,12:33:53.082,1INCH/USDT:USDT,0.2806,510.0,0.2805,2334.0,0.2809,214.0,0.281,945.0
1753533233318,12:33:53.318,1INCH/USDT:USDT,0.2806,510.0,0.2805,2334.0,0.2809,214.0,0.281,945.0
1753533234430,12:33:54.430,1INCH/USDT:USDT,0.2806,510.0,0.2805,2334.0,0.2809,214.0,0.281,945.0
1753533234540,12:33:54.540,1INCH/USDT:USDT,0.2806,510.0,0.2805,2334.0,0.2809,214.0,0.281,945.0
1753533236550,12:33:56.550,1INCH/USDT:USDT,0.2806,510.0,0.2805,2334.0,0.2809,214.0,0.281,945.0
1753533238810,12:33:58.810,1INCH/USDT:USDT,0.2806,510.0,0.2805,2334.0,0.2809,214.0,0.281,945.0
1753533238881,12:33:58.881,1INCH/USDT:USDT,0.2806,510.0,0.2805,2334.0,0.2809,214.0,0.281,945.0
1753533239626,12:33:59.626,1INCH/USDT:USDT,0.2806,510.0,0.2805,2334.0,0.2809,214.0,0.281,945.0
1753533239708,12:33:59.708,1INCH/USDT:USDT,0.2806,510.0,0.2805,2334.0,0.2809,214.0,0.281,945.0
1753533240258,12:34:00.258,1INCH/USDT:USDT,0.2807,218.0,0.2806,510.0,0.2809,214.0,0.281,945.0
1753533240594,12:34:00.594,1INCH/USDT:USDT,0.2807,218.0,0.2806,510.0,0.2809,214.0,0.281,945.0
1753533241355,12:34:01.355,1INCH/USDT:USDT,0.2807,218.0,0.2806,510.0,0.2809,214.0,0.281,945.0
1753533246151,12:34:06.151,1INCH/USDT:USDT,0.2807,218.0,0.2806,510.0,0.2809,214.0,0.281,945.0
1753533247370,12:34:07.370,1INCH/USDT:USDT,0.2807,218.0,0.2806,510.0,0.2809,214.0,0.281,945.0
1753533247437,12:34:07.437,1INCH/USDT:USDT,0.2807,218.0,0.2806,510.0,0.2809,214.0,0.281,945.0
1753533250968,12:34:10.968,1INCH/USDT:USDT,0.2807,218.0,0.2806,510.0,0.2809,214.0,0.281,945.0
1753533252260,12:34:12.260,1INCH/USDT:USDT,0.2807,218.0,0.2806,510.0,0.2809,214.0,0.281,945.0
1753533252348,12:34:12.348,1INCH/USDT:USDT,0.2807,218.0,0.2806,510.0,0.2809,214.0,0.281,945.0
1753533254201,12:34:14.201,1INCH/USDT:USDT,0.2807,218.0,0.2806,510.0,0.2809,214.0,0.281,945.0
1753533254288,12:34:14.288,1INCH/USDT:USDT,0.2807,218.0,0.2806,510.0,0.2809,214.0,0.281,945.0
1753533254549,12:34:14.549,1INCH/USDT:USDT,0.2807,218.0,0.2806,510.0,0.2809,214.0,0.281,945.0
1753533255167,12:34:15.167,1INCH/USDT:USDT,0.2807,218.0,0.2806,510.0,0.2809,214.0,0.281,945.0
1753533255281,12:34:15.281,1INCH/USDT:USDT,0.2807,218.0,0.2806,510.0,0.2809,214.0,0.281,945.0
1753533255751,12:34:15.751,1INCH/USDT:USDT,0.2807,218.0,0.2806,510.0,0.2809,214.0,0.281,945.0
1753533257574,12:34:17.574,1INCH/USDT:USDT,0.2807,218.0,0.2806,510.0,0.2809,214.0,0.281,945.0
1753533257616,12:34:17.616,1INCH/USDT:USDT,0.2807,218.0,0.2806,510.0,0.2809,214.0,0.281,945.0
1753533258474,12:34:18.474,1INCH/USDT:USDT,0.2807,218.0,0.2806,510.0,0.281,945.0,0.2811,2334.0
1753533258560,12:34:18.560,1INCH/USDT:USDT,0.2807,218.0,0.2806,1237.0,0.281,945.0,0.2811,519.0
1753533258720,12:34:18.720,1INCH/USDT:USDT,0.2807,218.0,0.2806,1237.0,0.281,945.0,0.2811,519.0
1753533259116,12:34:19.116,1INCH/USDT:USDT,0.2807,218.0,0.2806,1237.0,0.281,945.0,0.2811,519.0
1753533259832,12:34:19.832,1INCH/USDT:USDT,0.2807,218.0,0.2806,1237.0,0.281,945.0,0.2811,519.0
1753533259951,12:34:19.951,1INCH/USDT:USDT,0.2807,218.0,0.2806,1237.0,0.281,945.0,0.2811,519.0
1753533260551,12:34:20.551,1INCH/USDT:USDT,0.2807,218.0,0.2806,1237.0,0.281,945.0,0.2811,519.0
1753533262349,12:34:22.349,1INCH/USDT:USDT,0.2807,218.0,0.2806,1237.0,0.281,945.0,0.2811,519.0
1753533262989,12:34:22.989,1INCH/USDT:USDT,0.2807,218.0,0.2806,1237.0,0.281,945.0,0.2811,519.0
1753533263079,12:34:23.079,1INCH/USDT:USDT,0.2807,218.0,0.2806,1237.0,0.281,945.0,0.2811,519.0
1753533264659,12:34:24.659,1INCH/USDT:USDT,0.2807,218.0,0.2806,1237.0,0.281,945.0,0.2811,519.0
1753533265351,12:34:25.351,1INCH/USDT:USDT,0.2807,218.0,0.2806,1237.0,0.281,945.0,0.2811,519.0
1753533266548,12:34:26.548,1INCH/USDT:USDT,0.2807,218.0,0.2806,1237.0,0.281,945.0,0.2811,519.0
1753533267626,12:34:27.626,1INCH/USDT:USDT,0.2807,218.0,0.2806,1237.0,0.2809,216.0,0.281,945.0
1753533267809,12:34:27.809,1INCH/USDT:USDT,0.2807,218.0,0.2806,510.0,0.2809,216.0,0.281,945.0
1753533267964,12:34:27.964,1INCH/USDT:USDT,0.2807,218.0,0.2806,1237.0,0.2809,216.0,0.281,945.0
1753533267983,12:34:27.983,1INCH/USDT:USDT,0.2807,218.0,0.2806,1237.0,0.2809,216.0,0.281,945.0
1753533268202,12:34:28.202,1INCH/USDT:USDT,0.2807,218.0,0.2806,510.0,0.2809,216.0,0.281,945.0
1753533270166,12:34:30.166,1INCH/USDT:USDT,0.2807,218.0,0.2806,510.0,0.2809,216.0,0.281,945.0
1753533270190,12:34:30.190,1INCH/USDT:USDT,0.2807,218.0,0.2806,510.0,0.2809,216.0,0.281,945.0
1753533270698,12:34:30.698,1INCH/USDT:USDT,0.2807,218.0,0.2806,510.0,0.2809,216.0,0.281,945.0
1753533270982,12:34:30.982,1INCH/USDT:USDT,0.2807,218.0,0.2806,510.0,0.2809,216.0,0.281,945.0
1753533272665,12:34:32.665,1INCH/USDT:USDT,0.2807,218.0,0.2806,510.0,0.2809,216.0,0.281,945.0
1753533272689,12:34:32.689,1INCH/USDT:USDT,0.2807,218.0,0.2806,510.0,0.2809,216.0,0.281,945.0
1753533272822,12:34:32.822,1INCH/USDT:USDT,0.2807,218.0,0.2806,510.0,0.2809,216.0,0.281,945.0
1753533274951,12:34:34.951,1INCH/USDT:USDT,0.2807,218.0,0.2806,510.0,0.2809,216.0,0.281,945.0
1753533277767,12:34:37.767,1INCH/USDT:USDT,0.2807,218.0,0.2806,1237.0,0.281,945.0,0.2811,519.0
1753533277809,12:34:37.809,1INCH/USDT:USDT,0.2807,218.0,0.2806,1237.0,0.281,945.0,0.2811,519.0
1753533278013,12:34:38.013,1INCH/USDT:USDT,0.2807,218.0,0.2806,1237.0,0.2809,216.0,0.281,945.0
1753533278105,12:34:38.105,1INCH/USDT:USDT,0.2807,218.0,0.2806,1237.0,0.2809,216.0,0.281,945.0
1753533278417,12:34:38.417,1INCH/USDT:USDT,0.2807,218.0,0.2806,510.0,0.2809,216.0,0.281,945.0
1753533278497,12:34:38.497,1INCH/USDT:USDT,0.2807,218.0,0.2806,510.0,0.2809,216.0,0.281,945.0
1753533279751,12:34:39.751,1INCH/USDT:USDT,0.2807,218.0,0.2806,510.0,0.2809,216.0,0.281,945.0
1753533281648,12:34:41.648,1INCH/USDT:USDT,0.2807,218.0,0.2806,1237.0,0.2809,216.0,0.281,945.0
1753533281936,12:34:41.936,1INCH/USDT:USDT,0.2807,218.0,0.2806,510.0,0.2809,216.0,0.281,945.0
1753533283255,12:34:43.255,1INCH/USDT:USDT,0.2807,218.0,0.2806,510.0,0.2809,216.0,0.281,945.0
1753533283356,12:34:43.356,1INCH/USDT:USDT,0.2807,218.0,0.2806,510.0,0.2809,216.0,0.281,945.0
1753533284551,12:34:44.551,1INCH/USDT:USDT,0.2807,218.0,0.2806,510.0,0.2809,216.0,0.281,945.0
1753533284948,12:34:44.948,1INCH/USDT:USDT,0.2807,218.0,0.2806,510.0,0.2809,216.0,0.281,945.0
1753533285049,12:34:45.049,1INCH/USDT:USDT,0.2807,218.0,0.2806,510.0,0.2809,216.0,0.281,945.0
1753533285372,12:34:45.372,1INCH/USDT:USDT,0.2807,218.0,0.2806,510.0,0.2809,216.0,0.281,945.0
1753533286236,12:34:46.236,1INCH/USDT:USDT,0.2807,218.0,0.2806,510.0,0.2809,216.0,0.281,945.0
1753533286404,12:34:46.404,1INCH/USDT:USDT,0.2807,218.0,0.2806,510.0,0.2809,216.0,0.281,945.0
1753533288725,12:34:48.725,1INCH/USDT:USDT,0.2807,218.0,0.2806,1237.0,0.2809,216.0,0.281,945.0
1753533288970,12:34:48.970,1INCH/USDT:USDT,0.2807,218.0,0.2806,1237.0,0.281,945.0,0.2811,2334.0
1753533289351,12:34:49.351,1INCH/USDT:USDT,0.2807,218.0,0.2806,1237.0,0.281,945.0,0.2811,2334.0
1753533289670,12:34:49.670,1INCH/USDT:USDT,0.2807,218.0,0.2806,1237.0,0.281,945.0,0.2811,2334.0
1753533289707,12:34:49.707,1INCH/USDT:USDT,0.2807,218.0,0.2806,1237.0,0.281,945.0,0.2811,2334.0
1753533291928,12:34:51.928,1INCH/USDT:USDT,0.2807,218.0,0.2806,1237.0,0.281,945.0,0.2811,519.0
1753533293275,12:34:53.275,1INCH/USDT:USDT,0.2808,219.0,0.2807,2033.0,0.281,218.0,0.2811,519.0
1753533293375,12:34:53.375,1INCH/USDT:USDT,0.2808,219.0,0.2807,218.0,0.281,218.0,0.2811,519.0
1753533293415,12:34:53.415,1INCH/USDT:USDT,0.2807,218.0,0.2806,1237.0,0.281,218.0,0.2811,519.0
1753533293483,12:34:53.483,1INCH/USDT:USDT,0.2807,218.0,0.2806,1237.0,0.281,218.0,0.2811,519.0
1753533294152,12:34:54.152,1INCH/USDT:USDT,0.2807,218.0,0.2806,1237.0,0.281,218.0,0.2811,519.0
1753533297261,12:34:57.261,1INCH/USDT:USDT,0.2807,218.0,0.2806,1237.0,0.281,218.0,0.2811,519.0
1753533297352,12:34:57.352,1INCH/USDT:USDT,0.2807,218.0,0.2806,1237.0,0.281,218.0,0.2811,519.0
1753533297390,12:34:57.390,1INCH/USDT:USDT,0.2807,218.0,0.2806,1237.0,0.2811,519.0,0.2812,10177.0
1753533298126,12:34:58.126,1INCH/USDT:USDT,0.2808,219.0,0.2807,518.0,0.2811,519.0,0.2812,10177.0
1753533298266,12:34:58.266,1INCH/USDT:USDT,0.2808,219.0,0.2807,518.0,0.2811,519.0,0.2812,10177.0
1753533298688,12:34:58.688,1INCH/USDT:USDT,0.2808,219.0,0.2807,518.0,0.2811,519.0,0.2812,10177.0
1753533298951,12:34:58.951,1INCH/USDT:USDT,0.2808,219.0,0.2807,518.0,0.2811,519.0,0.2812,10177.0
1753533299161,12:34:59.161,1INCH/USDT:USDT,0.2808,219.0,0.2807,518.0,0.2811,519.0,0.2812,10177.0
1753533300314,12:35:00.314,1INCH/USDT:USDT,0.2808,219.0,0.2807,518.0,0.281,219.0,0.2811,519.0
1753533300734,12:35:00.734,1INCH/USDT:USDT,0.2808,219.0,0.2807,518.0,0.281,219.0,0.2811,519.0
1753533301343,12:35:01.343,1INCH/USDT:USDT,0.2808,219.0,0.2807,518.0,0.281,219.0,0.2811,519.0
1753533301455,12:35:01.455,1INCH/USDT:USDT,0.2808,219.0,0.2807,518.0,0.281,219.0,0.2811,519.0
1753533301827,12:35:01.827,1INCH/USDT:USDT,0.2808,219.0,0.2807,518.0,0.281,219.0,0.2811,519.0
1753533303072,12:35:03.072,1INCH/USDT:USDT,0.2808,219.0,0.2807,518.0,0.2811,519.0,0.2812,10177.0
1753533303162,12:35:03.162,1INCH/USDT:USDT,0.2808,219.0,0.2807,518.0,0.2811,519.0,0.2812,10177.0
1753533303769,12:35:03.769,1INCH/USDT:USDT,0.2808,219.0,0.2807,518.0,0.2811,519.0,0.2812,10177.0
1753533306157,12:35:06.157,1INCH/USDT:USDT,0.2808,219.0,0.2807,518.0,0.281,219.0,0.2811,519.0
1753533306395,12:35:06.395,1INCH/USDT:USDT,0.2808,219.0,0.2807,518.0,0.281,219.0,0.2811,519.0
1753533308553,12:35:08.553,1INCH/USDT:USDT,0.2808,219.0,0.2807,518.0,0.281,219.0,0.2811,519.0
1753533313354,12:35:13.354,1INCH/USDT:USDT,0.2808,219.0,0.2807,518.0,0.281,219.0,0.2811,519.0
1753533314029,12:35:14.029,1INCH/USDT:USDT,0.2808,219.0,0.2807,518.0,0.281,219.0,0.2811,519.0
1753533314162,12:35:14.162,1INCH/USDT:USDT,0.2808,219.0,0.2807,518.0,0.281,219.0,0.2811,519.0
1753533315063,12:35:15.063,1INCH/USDT:USDT,0.2808,219.0,0.2807,518.0,0.281,219.0,0.2811,519.0
1753533315216,12:35:15.216,1INCH/USDT:USDT,0.2808,219.0,0.2807,518.0,0.281,219.0,0.2811,519.0
1753533315668,12:35:15.668,1INCH/USDT:USDT,0.2808,219.0,0.2807,518.0,0.281,219.0,0.2811,519.0
1753533317159,12:35:17.159,1INCH/USDT:USDT,0.2808,219.0,0.2807,518.0,0.281,219.0,0.2811,519.0
1753533318152,12:35:18.152,1INCH/USDT:USDT,0.2808,219.0,0.2807,518.0,0.281,219.0,0.2811,519.0
1753533319162,12:35:19.162,1INCH/USDT:USDT,0.2808,219.0,0.2807,518.0,0.281,219.0,0.2811,519.0
1753533319349,12:35:19.349,1INCH/USDT:USDT,0.2808,219.0,0.2807,518.0,0.281,219.0,0.2811,519.0
1753533322952,12:35:22.952,1INCH/USDT:USDT,0.2808,219.0,0.2807,518.0,0.281,219.0,0.2811,519.0
1753533323408,12:35:23.408,1INCH/USDT:USDT,0.2808,219.0,0.2807,518.0,0.281,219.0,0.2811,519.0
1753533323583,12:35:23.583,1INCH/USDT:USDT,0.2808,219.0,0.2807,518.0,0.281,219.0,0.2811,519.0
1753533325066,12:35:25.066,1INCH/USDT:USDT,0.2808,219.0,0.2807,2333.0,0.281,219.0,0.2811,519.0
1753533325148,12:35:25.148,1INCH/USDT:USDT,0.2808,219.0,0.2807,2333.0,0.281,219.0,0.2811,519.0
1753533325306,12:35:25.306,1INCH/USDT:USDT,0.2808,219.0,0.2807,2333.0,0.281,219.0,0.2811,519.0
1753533325547,12:35:25.547,1INCH/USDT:USDT,0.2808,219.0,0.2807,518.0,0.281,219.0,0.2811,519.0
1753533327755,12:35:27.755,1INCH/USDT:USDT,0.2808,219.0,0.2807,518.0,0.281,219.0,0.2811,519.0
1753533328138,12:35:28.138,1INCH/USDT:USDT,0.2808,219.0,0.2807,518.0,0.281,219.0,0.2811,519.0
1753533330461,12:35:30.461,1INCH/USDT:USDT,0.2808,219.0,0.2807,518.0,0.281,219.0,0.2811,519.0
1753533330848,12:35:30.848,1INCH/USDT:USDT,0.2808,219.0,0.2807,518.0,0.281,219.0,0.2811,519.0
1753533330926,12:35:30.926,1INCH/USDT:USDT,0.2808,219.0,0.2807,2333.0,0.281,219.0,0.2811,519.0
1753533331004,12:35:31.004,1INCH/USDT:USDT,0.2808,219.0,0.2807,518.0,0.281,219.0,0.2811,519.0
1753533331256,12:35:31.256,1INCH/USDT:USDT,0.2808,219.0,0.2807,518.0,0.281,219.0,0.2811,519.0
1753533332552,12:35:32.552,1INCH/USDT:USDT,0.2808,219.0,0.2807,518.0,0.281,219.0,0.2811,519.0
1753533332684,12:35:32.684,1INCH/USDT:USDT,0.2808,219.0,0.2807,518.0,0.2811,519.0,0.2812,10177.0
1753533332928,12:35:32.928,1INCH/USDT:USDT,0.2808,219.0,0.2807,518.0,0.281,220.0,0.2811,519.0
1753533337353,12:35:37.353,1INCH/USDT:USDT,0.2808,219.0,0.2807,518.0,0.281,220.0,0.2811,519.0
1753533338346,12:35:38.346,1INCH/USDT:USDT,0.2808,219.0,0.2807,2333.0,0.2811,519.0,0.2812,10177.0
1753533338428,12:35:38.428,1INCH/USDT:USDT,0.2808,219.0,0.2807,2333.0,0.2811,519.0,0.2812,10177.0
1753533338568,12:35:38.568,1INCH/USDT:USDT,0.2808,219.0,0.2807,518.0,0.2811,519.0,0.2812,10177.0
1753533338627,12:35:38.627,1INCH/USDT:USDT,0.2808,219.0,0.2807,2333.0,0.2811,519.0,0.2812,10177.0
1753533340069,12:35:40.069,1INCH/USDT:USDT,0.2808,219.0,0.2807,518.0,0.281,217.0,0.2811,519.0
1753533340108,12:35:40.108,1INCH/USDT:USDT,0.2808,219.0,0.2807,2333.0,0.281,217.0,0.2811,519.0
1753533340230,12:35:40.230,1INCH/USDT:USDT,0.2808,219.0,0.2807,518.0,0.281,217.0,0.2811,519.0
1753533340361,12:35:40.361,1INCH/USDT:USDT,0.2808,219.0,0.2807,518.0,0.281,217.0,0.2811,519.0
1753533341060,12:35:41.060,1INCH/USDT:USDT,0.2808,219.0,0.2807,518.0,0.2811,519.0,0.2812,10177.0
1753533341252,12:35:41.252,1INCH/USDT:USDT,0.2809,217.0,0.2808,946.0,0.2811,519.0,0.2812,10177.0
1753533341350,12:35:41.350,1INCH/USDT:USDT,0.2809,217.0,0.2808,946.0,0.2811,519.0,0.2812,10177.0
1753533341452,12:35:41.452,1INCH/USDT:USDT,0.2809,217.0,0.2808,946.0,0.2811,519.0,0.2812,1247.0
1753533342157,12:35:42.157,1INCH/USDT:USDT,0.2809,217.0,0.2808,946.0,0.2811,519.0,0.2812,1247.0
1753533342619,12:35:42.619,1INCH/USDT:USDT,0.2809,217.0,0.2808,946.0,0.2811,519.0,0.2812,1247.0
1753533343068,12:35:43.068,1INCH/USDT:USDT,0.2809,217.0,0.2808,946.0,0.2811,519.0,0.2812,1247.0
1753533346098,12:35:46.098,1INCH/USDT:USDT,0.2808,219.0,0.2807,2333.0,0.2811,519.0,0.2812,1247.0
1753533346309,12:35:46.309,1INCH/USDT:USDT,0.2808,219.0,0.2807,2333.0,0.2811,519.0,0.2812,1247.0
1753533346765,12:35:46.765,1INCH/USDT:USDT,0.2808,219.0,0.2807,2333.0,0.2811,519.0,0.2812,1247.0
1753533346855,12:35:46.855,1INCH/USDT:USDT,0.2808,219.0,0.2807,2333.0,0.281,217.0,0.2811,519.0
1753533346953,12:35:46.953,1INCH/USDT:USDT,0.2808,219.0,0.2807,2333.0,0.281,217.0,0.2811,519.0
1753533347130,12:35:47.130,1INCH/USDT:USDT,0.2808,219.0,0.2807,2333.0,0.281,217.0,0.2811,519.0
1753533348370,12:35:48.370,1INCH/USDT:USDT,0.2808,219.0,0.2807,2333.0,0.2811,519.0,0.2812,1247.0
1753533348757,12:35:48.757,1INCH/USDT:USDT,0.2808,219.0,0.2807,2333.0,0.2811,519.0,0.2812,1247.0
1753533349762,12:35:49.762,1INCH/USDT:USDT,0.2808,219.0,0.2807,2333.0,0.2811,519.0,0.2812,1247.0
1753533350567,12:35:50.567,1INCH/USDT:USDT,0.2809,212.0,0.2808,946.0,0.2811,519.0,0.2812,1247.0
1753533350599,12:35:50.599,1INCH/USDT:USDT,0.2809,212.0,0.2808,946.0,0.2811,219.0,0.2812,1247.0
1753533350824,12:35:50.824,1INCH/USDT:USDT,0.2809,212.0,0.2808,946.0,0.2811,219.0,0.2812,1247.0
1753533351208,12:35:51.208,1INCH/USDT:USDT,0.2809,212.0,0.2808,946.0,0.2811,219.0,0.2812,1247.0
1753533351288,12:35:51.288,1INCH/USDT:USDT,0.2809,212.0,0.2808,946.0,0.2811,219.0,0.2812,1247.0
1753533351755,12:35:51.755,1INCH/USDT:USDT,0.2809,212.0,0.2808,946.0,0.2811,219.0,0.2812,1247.0
1753533351939,12:35:51.939,1INCH/USDT:USDT,0.2809,212.0,0.2808,946.0,0.2811,219.0,0.2812,1247.0
1753533352364,12:35:52.364,1INCH/USDT:USDT,0.2809,212.0,0.2808,946.0,0.2811,219.0,0.2812,1247.0
1753533352450,12:35:52.450,1INCH/USDT:USDT,0.2809,212.0,0.2808,946.0,0.2811,219.0,0.2812,1247.0
1753533354610,12:35:54.610,1INCH/USDT:USDT,0.2809,212.0,0.2808,946.0,0.2811,219.0,0.2812,1247.0
1753533354759,12:35:54.759,1INCH/USDT:USDT,0.2809,212.0,0.2808,946.0,0.2811,219.0,0.2812,1247.0
1753533356553,12:35:56.553,1INCH/USDT:USDT,0.2809,212.0,0.2808,946.0,0.2811,219.0,0.2812,1247.0
1753533356584,12:35:56.584,1INCH/USDT:USDT,0.2809,212.0,0.2808,946.0,0.2811,219.0,0.2812,1247.0
1753533357749,12:35:57.749,1INCH/USDT:USDT,0.2809,212.0,0.2808,946.0,0.2811,219.0,0.2812,1247.0
1753533360837,12:36:00.837,1INCH/USDT:USDT,0.2809,212.0,0.2808,946.0,0.2812,1247.0,0.2813,2329.0
1753533360879,12:36:00.879,1INCH/USDT:USDT,0.2809,212.0,0.2808,946.0,0.2812,1247.0,0.2813,514.0
1753533361362,12:36:01.362,1INCH/USDT:USDT,0.2809,212.0,0.2808,946.0,0.2812,1247.0,0.2813,514.0
1753533361549,12:36:01.549,1INCH/USDT:USDT,0.2809,212.0,0.2808,946.0,0.2812,1247.0,0.2813,514.0
1753533362386,12:36:02.386,1INCH/USDT:USDT,0.2809,212.0,0.2808,946.0,0.2812,1247.0,0.2813,514.0
1753533362515,12:36:02.515,1INCH/USDT:USDT,0.2809,212.0,0.2808,946.0,0.2812,1247.0,0.2813,514.0
1753533362850,12:36:02.850,1INCH/USDT:USDT,0.2809,212.0,0.2808,946.0,0.2812,1247.0,0.2813,514.0
1753533363499,12:36:03.499,1INCH/USDT:USDT,0.2809,212.0,0.2808,946.0,0.2811,214.0,0.2812,1247.0
1753533363737,12:36:03.737,1INCH/USDT:USDT,0.2809,212.0,0.2808,946.0,0.2811,214.0,0.2812,1247.0
1753533366154,12:36:06.154,1INCH/USDT:USDT,0.2809,212.0,0.2808,946.0,0.2811,214.0,0.2812,1247.0
1753533368122,12:36:08.122,1INCH/USDT:USDT,0.2809,212.0,0.2808,946.0,0.2812,1247.0,0.2813,514.0
1753533368182,12:36:08.182,1INCH/USDT:USDT,0.2809,212.0,0.2808,946.0,0.2812,1247.0,0.2813,514.0
1753533369059,12:36:09.059,1INCH/USDT:USDT,0.2809,212.0,0.2808,946.0,0.2812,220.0,0.2813,514.0
1753533369148,12:36:09.148,1INCH/USDT:USDT,0.2809,212.0,0.2808,946.0,0.2812,220.0,0.2813,514.0
1753533369218,12:36:09.218,1INCH/USDT:USDT,0.2809,212.0,0.2808,946.0,0.2812,220.0,0.2813,514.0
1753533369967,12:36:09.967,1INCH/USDT:USDT,0.2809,218.0,0.2808,946.0,0.2811,218.0,0.2812,947.0
1753533370004,12:36:10.004,1INCH/USDT:USDT,0.2809,218.0,0.2808,946.0,0.2811,218.0,0.2812,947.0
1753533370209,12:36:10.209,1INCH/USDT:USDT,0.2809,218.0,0.2808,946.0,0.2811,218.0,0.2812,947.0
1753533370624,12:36:10.624,1INCH/USDT:USDT,0.2809,218.0,0.2808,946.0,0.2811,218.0,0.2812,947.0
1753533370969,12:36:10.969,1INCH/USDT:USDT,0.2809,218.0,0.2808,946.0,0.2811,218.0,0.2812,947.0
1753533375754,12:36:15.754,1INCH/USDT:USDT,0.2809,218.0,0.2808,946.0,0.2811,218.0,0.2812,947.0
1753533375854,12:36:15.854,1INCH/USDT:USDT,0.2809,218.0,0.2808,946.0,0.2811,218.0,0.2812,947.0
1753533375972,12:36:15.972,1INCH/USDT:USDT,0.2809,218.0,0.2808,946.0,0.2812,947.0,0.2813,514.0
1753533376069,12:36:16.069,1INCH/USDT:USDT,0.2809,218.0,0.2808,946.0,0.2811,218.0,0.2812,947.0
1753533376241,12:36:16.241,1INCH/USDT:USDT,0.2809,218.0,0.2808,946.0,0.2811,218.0,0.2812,947.0
1753533377963,12:36:17.963,1INCH/USDT:USDT,0.2809,218.0,0.2808,946.0,0.2811,218.0,0.2812,947.0
1753533378818,12:36:18.818,1INCH/USDT:USDT,0.2809,218.0,0.2808,946.0,0.2811,218.0,0.2812,947.0
1753533378889,12:36:18.889,1INCH/USDT:USDT,0.2809,218.0,0.2808,946.0,0.2811,218.0,0.2812,947.0
1753533379761,12:36:19.761,1INCH/USDT:USDT,0.2809,218.0,0.2808,946.0,0.2811,218.0,0.2812,947.0
1753533380558,12:36:20.558,1INCH/USDT:USDT,0.2809,218.0,0.2808,946.0,0.2811,218.0,0.2812,220.0
1753533380588,12:36:20.588,1INCH/USDT:USDT,0.2809,218.0,0.2808,946.0,0.2812,220.0,0.2813,514.0
1753533380685,12:36:20.685,1INCH/USDT:USDT,0.2809,218.0,0.2808,946.0,0.2812,220.0,0.2813,514.0
1753533385372,12:36:25.372,1INCH/USDT:USDT,0.2809,218.0,0.2808,946.0,0.2812,220.0,0.2813,514.0
1753533385387,12:36:25.387,1INCH/USDT:USDT,0.2809,218.0,0.2808,946.0,0.2812,220.0,0.2813,514.0
1753533385549,12:36:25.549,1INCH/USDT:USDT,0.2809,218.0,0.2808,946.0,0.2812,220.0,0.2813,514.0
1753533385786,12:36:25.786,1INCH/USDT:USDT,0.2809,218.0,0.2808,946.0,0.2812,220.0,0.2813,514.0
1753533385887,12:36:25.887,1INCH/USDT:USDT,0.2809,218.0,0.2808,946.0,0.2812,220.0,0.2813,514.0
1753533386335,12:36:26.335,1INCH/USDT:USDT,0.2809,218.0,0.2808,946.0,0.2812,220.0,0.2813,514.0
1753533386743,12:36:26.743,1INCH/USDT:USDT,0.2809,218.0,0.2808,946.0,0.2812,220.0,0.2813,514.0
1753533387159,12:36:27.159,1INCH/USDT:USDT,0.2809,218.0,0.2808,946.0,0.2812,220.0,0.2813,514.0
1753533390155,12:36:30.155,1INCH/USDT:USDT,0.2809,218.0,0.2808,946.0,0.2812,220.0,0.2813,514.0
1753533390187,12:36:30.187,1INCH/USDT:USDT,0.2809,218.0,0.2808,946.0,0.2812,220.0,0.2813,514.0
1753533392748,12:36:32.748,1INCH/USDT:USDT,0.2809,218.0,0.2808,946.0,0.2812,220.0,0.2813,514.0
1753533393672,12:36:33.672,1INCH/USDT:USDT,0.2809,218.0,0.2808,946.0,0.2812,220.0,0.2813,514.0
1753533393896,12:36:33.896,1INCH/USDT:USDT,0.2809,218.0,0.2808,946.0,0.2812,220.0,0.2813,514.0
1753533396866,12:36:36.866,1INCH/USDT:USDT,0.2809,218.0,0.2808,946.0,0.2812,220.0,0.2813,514.0
1753533396956,12:36:36.956,1INCH/USDT:USDT,0.2809,218.0,0.2808,946.0,0.2812,947.0,0.2813,514.0
1753533396987,12:36:36.987,1INCH/USDT:USDT,0.2809,218.0,0.2808,946.0,0.2811,215.0,0.2812,947.0
1753533401327,12:36:41.327,1INCH/USDT:USDT,0.2809,218.0,0.2808,946.0,0.2811,215.0,0.2812,947.0
1753533401761,12:36:41.761,1INCH/USDT:USDT,0.2809,218.0,0.2808,946.0,0.2811,215.0,0.2812,947.0
1753533402828,12:36:42.828,1INCH/USDT:USDT,0.2809,218.0,0.2808,946.0,0.2812,220.0,0.2813,514.0
1753533402952,12:36:42.952,1INCH/USDT:USDT,0.2809,218.0,0.2808,946.0,0.2812,220.0,0.2813,514.0
1753533403993,12:36:43.993,1INCH/USDT:USDT,0.2809,218.0,0.2808,946.0,0.2812,220.0,0.2813,514.0
1753533406154,12:36:46.154,1INCH/USDT:USDT,0.2809,218.0,0.2808,946.0,0.2812,220.0,0.2813,514.0
1753533408674,12:36:48.674,1INCH/USDT:USDT,0.2809,218.0,0.2808,946.0,0.2812,220.0,0.2813,514.0
1753533408873,12:36:48.873,1INCH/USDT:USDT,0.2809,218.0,0.2808,946.0,0.2812,220.0,0.2813,514.0
1753533408874,12:36:48.874,1INCH/USDT:USDT,0.2809,218.0,0.2808,946.0,0.2812,220.0,0.2813,514.0
1753533409558,12:36:49.558,1INCH/USDT:USDT,0.2808,219.0,0.2807,518.0,0.2811,1815.0,0.2812,220.0
1753533409659,12:36:49.659,1INCH/USDT:USDT,0.2808,219.0,0.2807,518.0,0.2811,1815.0,0.2812,220.0
1753533409696,12:36:49.696,1INCH/USDT:USDT,0.2808,219.0,0.2807,518.0,0.2811,1815.0,0.2812,220.0
1753533409818,12:36:49.818,1INCH/USDT:USDT,0.2809,212.0,0.2808,946.0,0.2811,1815.0,0.2812,220.0
1753533410124,12:36:50.124,1INCH/USDT:USDT,0.2809,212.0,0.2808,946.0,0.2812,220.0,0.2813,514.0
1753533410662,12:36:50.662,1INCH/USDT:USDT,0.2809,212.0,0.2808,946.0,0.2811,1815.0,0.2812,220.0
1753533410686,12:36:50.686,1INCH/USDT:USDT,0.2809,212.0,0.2808,946.0,0.2812,220.0,0.2813,514.0
1753533410954,12:36:50.954,1INCH/USDT:USDT,0.2809,212.0,0.2808,946.0,0.2812,220.0,0.2813,514.0
1753533411337,12:36:51.337,1INCH/USDT:USDT,0.2809,212.0,0.2808,946.0,0.2812,220.0,0.2813,514.0
1753533411388,12:36:51.388,1INCH/USDT:USDT,0.2809,212.0,0.2808,946.0,0.2812,220.0,0.2813,514.0
1753533415754,12:36:55.754,1INCH/USDT:USDT,0.2809,212.0,0.2808,946.0,0.2812,220.0,0.2813,514.0
1753533416288,12:36:56.288,1INCH/USDT:USDT,0.2809,212.0,0.2808,946.0,0.2812,220.0,0.2813,514.0
1753533417159,12:36:57.159,1INCH/USDT:USDT,0.2809,212.0,0.2808,946.0,0.2812,220.0,0.2813,514.0
1753533417438,12:36:57.438,1INCH/USDT:USDT,0.2809,212.0,0.2808,946.0,0.2812,220.0,0.2813,514.0
1753533417681,12:36:57.681,1INCH/USDT:USDT,0.2809,212.0,0.2808,946.0,0.2812,220.0,0.2813,514.0
1753533420555,12:37:00.555,1INCH/USDT:USDT,0.2809,212.0,0.2808,946.0,0.2812,220.0,0.2813,514.0
1753533420649,12:37:00.649,1INCH/USDT:USDT,0.2809,212.0,0.2808,946.0,0.2812,220.0,0.2813,514.0
1753533421370,12:37:01.370,1INCH/USDT:USDT,0.2809,212.0,0.2808,946.0,0.2813,514.0,0.2814,11427.0
1753533421474,12:37:01.474,1INCH/USDT:USDT,0.281,215.0,0.2809,513.0,0.2813,214.0,0.2814,11427.0
1753533421551,12:37:01.551,1INCH/USDT:USDT,0.281,215.0,0.2809,512.0,0.2813,214.0,0.2814,11427.0
1753533421672,12:37:01.672,1INCH/USDT:USDT,0.281,215.0,0.2809,512.0,0.2813,214.0,0.2814,9612.0
1753533421767,12:37:01.767,1INCH/USDT:USDT,0.281,215.0,0.2809,512.0,0.2813,214.0,0.2814,727.0
1753533421811,12:37:01.811,1INCH/USDT:USDT,0.281,215.0,0.2809,512.0,0.2813,214.0,0.2814,727.0
1753533421928,12:37:01.928,1INCH/USDT:USDT,0.281,215.0,0.2809,512.0,0.2813,214.0,0.2814,2542.0
1753533422261,12:37:02.261,1INCH/USDT:USDT,0.281,215.0,0.2809,512.0,0.2813,214.0,0.2814,2542.0
1753533422718,12:37:02.718,1INCH/USDT:USDT,0.281,215.0,0.2809,512.0,0.2813,214.0,0.2814,2542.0
1753533422779,12:37:02.779,1INCH/USDT:USDT,0.281,215.0,0.2809,512.0,0.2813,214.0,0.2814,2542.0
1753533423071,12:37:03.071,1INCH/USDT:USDT,0.281,215.0,0.2809,512.0,0.2813,214.0,0.2814,2542.0
1753533425181,12:37:05.181,1INCH/USDT:USDT,0.281,215.0,0.2809,512.0,0.2813,214.0,0.2814,2542.0
1753533425355,12:37:05.355,1INCH/USDT:USDT,0.281,215.0,0.2809,512.0,0.2813,214.0,0.2814,2542.0
1753533426159,12:37:06.159,1INCH/USDT:USDT,0.281,215.0,0.2809,512.0,0.2813,214.0,0.2814,2542.0
1753533426259,12:37:06.259,1INCH/USDT:USDT,0.281,215.0,0.2809,512.0,0.2813,214.0,0.2814,2542.0
1753533429095,12:37:09.095,1INCH/USDT:USDT,0.281,215.0,0.2809,512.0,0.2813,214.0,0.2814,2542.0
1753533430155,12:37:10.155,1INCH/USDT:USDT,0.281,215.0,0.2809,512.0,0.2813,214.0,0.2814,2542.0
1753533430628,12:37:10.628,1INCH/USDT:USDT,0.281,215.0,0.2809,512.0,0.2813,214.0,0.2814,2542.0
1753533431348,12:37:11.348,1INCH/USDT:USDT,0.281,215.0,0.2809,512.0,0.2813,214.0,0.2814,2542.0
1753533431469,12:37:11.469,1INCH/USDT:USDT,0.2811,220.0,0.281,942.0,0.2813,214.0,0.2814,2542.0
1753533431617,12:37:11.617,1INCH/USDT:USDT,0.2811,220.0,0.281,942.0,0.2813,214.0,0.2814,2542.0
1753533431875,12:37:11.875,1INCH/USDT:USDT,0.2811,220.0,0.281,942.0,0.2813,214.0,0.2814,2542.0
1753533431876,12:37:11.876,1INCH/USDT:USDT,0.2811,220.0,0.281,942.0,0.2813,214.0,0.2814,2542.0
1753533432365,12:37:12.365,1INCH/USDT:USDT,0.2811,220.0,0.281,215.0,0.2813,214.0,0.2814,2542.0
1753533432386,12:37:12.386,1INCH/USDT:USDT,0.281,215.0,0.2809,512.0,0.2813,214.0,0.2814,2542.0
1753533432969,12:37:12.969,1INCH/USDT:USDT,0.2811,220.0,0.281,942.0,0.2813,214.0,0.2814,2542.0
1753533433092,12:37:13.092,1INCH/USDT:USDT,0.2811,220.0,0.281,942.0,0.2813,214.0,0.2814,2542.0
1753533434968,12:37:14.968,1INCH/USDT:USDT,0.2811,220.0,0.281,942.0,0.2813,214.0,0.2814,1815.0
1753533436048,12:37:16.048,1INCH/USDT:USDT,0.2811,220.0,0.281,942.0,0.2813,214.0,0.2814,1815.0
1753533436466,12:37:16.466,1INCH/USDT:USDT,0.2811,220.0,0.281,942.0,0.2814,1815.0,0.2815,519.0
1753533436550,12:37:16.550,1INCH/USDT:USDT,0.2811,220.0,0.281,942.0,0.2814,1815.0,0.2815,519.0
1753533436717,12:37:16.717,1INCH/USDT:USDT,0.2811,220.0,0.281,942.0,0.2814,1815.0,0.2815,519.0
1753533439110,12:37:19.110,1INCH/USDT:USDT,0.2811,220.0,0.281,942.0,0.2814,1815.0,0.2815,519.0
1753533439247,12:37:19.247,1INCH/USDT:USDT,0.2811,220.0,0.281,942.0,0.2814,1815.0,0.2815,519.0
1753533439545,12:37:19.545,1INCH/USDT:USDT,0.2811,220.0,0.281,942.0,0.2814,1815.0,0.2815,519.0
1753533439755,12:37:19.755,1INCH/USDT:USDT,0.2811,220.0,0.281,942.0,0.2814,1815.0,0.2815,519.0
1753533444400,12:37:24.400,1INCH/USDT:USDT,0.2811,220.0,0.281,942.0,0.2814,1815.0,0.2815,519.0
1753533444555,12:37:24.555,1INCH/USDT:USDT,0.2811,220.0,0.281,942.0,0.2814,1815.0,0.2815,519.0
1753533446721,12:37:26.721,1INCH/USDT:USDT,0.2811,220.0,0.281,942.0,0.2813,216.0,0.2814,1815.0
1753533447052,12:37:27.052,1INCH/USDT:USDT,0.2811,220.0,0.281,942.0,0.2814,1815.0,0.2815,519.0
1753533447128,12:37:27.128,1INCH/USDT:USDT,0.2811,220.0,0.281,942.0,0.2813,216.0,0.2814,1815.0
1753533449369,12:37:29.369,1INCH/USDT:USDT,0.2811,220.0,0.281,942.0,0.2813,216.0,0.2814,1815.0
1753533450275,12:37:30.275,1INCH/USDT:USDT,0.2811,220.0,0.281,942.0,0.2813,216.0,0.2814,1815.0
1753533451267,12:37:31.267,1INCH/USDT:USDT,0.2811,220.0,0.281,942.0,0.2813,216.0,0.2814,1815.0
1753533451437,12:37:31.437,1INCH/USDT:USDT,0.2811,220.0,0.281,942.0,0.2813,216.0,0.2814,1815.0
1753533453024,12:37:33.024,1INCH/USDT:USDT,0.2811,220.0,0.281,942.0,0.2813,216.0,0.2814,1815.0
1753533453084,12:37:33.084,1INCH/USDT:USDT,0.2811,220.0,0.281,942.0,0.2813,216.0,0.2814,1815.0
1753533454155,12:37:34.155,1INCH/USDT:USDT,0.2811,220.0,0.281,942.0,0.2813,216.0,0.2814,1815.0
1753533455254,12:37:35.254,1INCH/USDT:USDT,0.2811,220.0,0.281,942.0,0.2813,216.0,0.2814,1815.0
1753533455287,12:37:35.287,1INCH/USDT:USDT,0.2811,220.0,0.281,942.0,0.2813,216.0,0.2814,1815.0
1753533455450,12:37:35.450,1INCH/USDT:USDT,0.2811,220.0,0.281,942.0,0.2813,216.0,0.2814,1815.0
1753533455849,12:37:35.849,1INCH/USDT:USDT,0.2811,220.0,0.281,942.0,0.2814,1815.0,0.2815,519.0
1753533455879,12:37:35.879,1INCH/USDT:USDT,0.2811,220.0,0.281,942.0,0.2814,1815.0,0.2815,519.0
1753533456072,12:37:36.072,1INCH/USDT:USDT,0.2811,220.0,0.281,942.0,0.2814,1815.0,0.2815,519.0
1753533456075,12:37:36.075,1INCH/USDT:USDT,0.2811,220.0,0.281,942.0,0.2814,1815.0,0.2815,519.0
1753533456559,12:37:36.559,1INCH/USDT:USDT,0.2811,220.0,0.281,942.0,0.2814,1815.0,0.2815,519.0
1753533456680,12:37:36.680,1INCH/USDT:USDT,0.2811,220.0,0.281,942.0,0.2814,1815.0,0.2815,519.0
1753533456895,12:37:36.895,1INCH/USDT:USDT,0.2811,220.0,0.281,942.0,0.2814,1815.0,0.2815,519.0
1753533458956,12:37:38.956,1INCH/USDT:USDT,0.2811,220.0,0.281,942.0,0.2814,1815.0,0.2815,519.0
1753533460374,12:37:40.374,1INCH/USDT:USDT,0.2811,220.0,0.281,942.0,0.2814,1815.0,0.2815,519.0
1753533460374,12:37:40.374,1INCH/USDT:USDT,0.2811,220.0,0.281,942.0,0.2815,519.0,0.2816,11404.0
1753533460524,12:37:40.524,1INCH/USDT:USDT,0.2811,220.0,0.281,942.0,0.2814,215.0,0.2815,519.0
1753533460942,12:37:40.942,1INCH/USDT:USDT,0.2811,220.0,0.281,942.0,0.2814,215.0,0.2815,519.0
1753533461286,12:37:41.286,1INCH/USDT:USDT,0.2812,215.0,0.2811,520.0,0.2814,215.0,0.2815,519.0
1753533463156,12:37:43.156,1INCH/USDT:USDT,0.2812,215.0,0.2811,520.0,0.2814,215.0,0.2815,519.0
1753533463349,12:37:43.349,1INCH/USDT:USDT,0.2812,215.0,0.2811,520.0,0.2814,215.0,0.2815,519.0
1753533463756,12:37:43.756,1INCH/USDT:USDT,0.2812,215.0,0.2811,520.0,0.2814,215.0,0.2815,519.0
1753533463947,12:37:43.947,1INCH/USDT:USDT,0.2812,215.0,0.2811,520.0,0.2814,215.0,0.2815,519.0
1753533465238,12:37:45.238,1INCH/USDT:USDT,0.2812,215.0,0.2811,520.0,0.2814,215.0,0.2815,519.0
1753533465288,12:37:45.288,1INCH/USDT:USDT,0.2812,215.0,0.2811,520.0,0.2814,215.0,0.2815,519.0
1753533465513,12:37:45.513,1INCH/USDT:USDT,0.2813,215.0,0.2812,942.0,0.2815,519.0,0.2816,11404.0
1753533465650,12:37:45.650,1INCH/USDT:USDT,0.2813,215.0,0.2812,942.0,0.2815,519.0,0.2816,11404.0
1753533465775,12:37:45.775,1INCH/USDT:USDT,0.2813,215.0,0.2812,942.0,0.2815,519.0,0.2816,11404.0
1753533465860,12:37:45.860,1INCH/USDT:USDT,0.2812,215.0,0.2811,520.0,0.2815,519.0,0.2816,11404.0
1753533466197,12:37:46.197,1INCH/USDT:USDT,0.2812,215.0,0.2811,520.0,0.2815,519.0,0.2816,11404.0
1753533466683,12:37:46.683,1INCH/USDT:USDT,0.2812,215.0,0.2811,520.0,0.2815,519.0,0.2816,11404.0
1753533467016,12:37:47.016,1INCH/USDT:USDT,0.2812,215.0,0.2811,520.0,0.2815,519.0,0.2816,11404.0
1753533467148,12:37:47.148,1INCH/USDT:USDT,0.2812,215.0,0.2811,520.0,0.2815,519.0,0.2816,11404.0
1753533467922,12:37:47.922,1INCH/USDT:USDT,0.2812,215.0,0.2811,520.0,0.2814,215.0,0.2815,519.0
1753533469557,12:37:49.557,1INCH/USDT:USDT,0.2812,215.0,0.2811,520.0,0.2814,215.0,0.2815,519.0
1753533469839,12:37:49.839,1INCH/USDT:USDT,0.2812,215.0,0.2811,520.0,0.2814,215.0,0.2815,519.0
1753533470128,12:37:50.128,1INCH/USDT:USDT,0.2812,215.0,0.2811,520.0,0.2814,215.0,0.2815,519.0
1753533470182,12:37:50.182,1INCH/USDT:USDT,0.2812,215.0,0.2811,520.0,0.2814,215.0,0.2815,519.0
1753533470429,12:37:50.429,1INCH/USDT:USDT,0.2812,215.0,0.2811,520.0,0.2814,215.0,0.2815,519.0
1753533471374,12:37:51.374,1INCH/USDT:USDT,0.2812,215.0,0.2811,520.0,0.2814,215.0,0.2815,519.0
1753533471542,12:37:51.542,1INCH/USDT:USDT,0.2812,215.0,0.2811,520.0,0.2814,215.0,0.2815,519.0
1753533474357,12:37:54.357,1INCH/USDT:USDT,0.2812,215.0,0.2811,520.0,0.2814,215.0,0.2815,519.0
1753533474437,12:37:54.437,1INCH/USDT:USDT,0.2812,215.0,0.2811,520.0,0.2814,215.0,0.2815,519.0
1753533474851,12:37:54.851,1INCH/USDT:USDT,0.2812,215.0,0.2811,520.0,0.2814,215.0,0.2815,519.0
1753533475365,12:37:55.365,1INCH/USDT:USDT,0.2812,215.0,0.2811,520.0,0.2814,215.0,0.2815,519.0
1753533477340,12:37:57.340,1INCH/USDT:USDT,0.2812,215.0,0.2811,520.0,0.2814,215.0,0.2815,519.0
1753533477593,12:37:57.593,1INCH/USDT:USDT,0.2812,215.0,0.2811,520.0,0.2814,215.0,0.2815,519.0
1753533478149,12:37:58.149,1INCH/USDT:USDT,0.2812,215.0,0.2811,520.0,0.2814,215.0,0.2815,519.0
1753533478249,12:37:58.249,1INCH/USDT:USDT,0.2812,215.0,0.2811,520.0,0.2814,215.0,0.2815,519.0
1753533479156,12:37:59.156,1INCH/USDT:USDT,0.2812,215.0,0.2811,520.0,0.2814,215.0,0.2815,519.0
1753533479386,12:37:59.386,1INCH/USDT:USDT,0.2812,215.0,0.2811,520.0,0.2814,215.0,0.2815,519.0
1753533479563,12:37:59.563,1INCH/USDT:USDT,0.2812,215.0,0.2811,520.0,0.2814,215.0,0.2815,519.0
1753533480403,12:38:00.403,1INCH/USDT:USDT,0.2812,215.0,0.2811,520.0,0.2814,215.0,0.2815,519.0
1753533480492,12:38:00.492,1INCH/USDT:USDT,0.2812,215.0,0.2811,520.0,0.2814,215.0,0.2815,519.0
1753533481060,12:38:01.060,1INCH/USDT:USDT,0.2812,215.0,0.2811,520.0,0.2814,215.0,0.2815,519.0
1753533482926,12:38:02.926,1INCH/USDT:USDT,0.2812,215.0,0.2811,520.0,0.2814,215.0,0.2815,519.0
1753533483871,12:38:03.871,1INCH/USDT:USDT,0.2812,215.0,0.2811,520.0,0.2814,215.0,0.2815,519.0
1753533483957,12:38:03.957,1INCH/USDT:USDT,0.2812,215.0,0.2811,520.0,0.2814,215.0,0.2815,519.0
1753533483980,12:38:03.980,1INCH/USDT:USDT,0.2812,215.0,0.2811,520.0,0.2814,215.0,0.2815,519.0
1753533484330,12:38:04.330,1INCH/USDT:USDT,0.2812,215.0,0.2811,520.0,0.2814,215.0,0.2815,519.0
1753533484445,12:38:04.445,1INCH/USDT:USDT,0.2811,520.0,0.281,1242.0,0.2814,215.0,0.2815,519.0
1753533484533,12:38:04.533,1INCH/USDT:USDT,0.2811,220.0,0.281,1242.0,0.2814,215.0,0.2815,519.0
1753533484654,12:38:04.654,1INCH/USDT:USDT,0.2811,220.0,0.281,1242.0,0.2814,215.0,0.2815,519.0
1753533484767,12:38:04.767,1INCH/USDT:USDT,0.2811,220.0,0.281,1242.0,0.2814,215.0,0.2815,519.0
1753533484807,12:38:04.807,1INCH/USDT:USDT,0.2811,220.0,0.281,1242.0,0.2814,215.0,0.2815,519.0
1753533485470,12:38:05.470,1INCH/USDT:USDT,0.281,515.0,0.2809,512.0,0.2812,210.0,0.2813,1815.0
1753533485558,12:38:05.558,1INCH/USDT:USDT,0.281,515.0,0.2809,512.0,0.2812,210.0,0.2813,1815.0
1753533485656,12:38:05.656,1INCH/USDT:USDT,0.281,515.0,0.2809,512.0,0.2812,210.0,0.2813,1815.0
1753533485757,12:38:05.757,1INCH/USDT:USDT,0.281,515.0,0.2809,512.0,0.2812,210.0,0.2813,1815.0
1753533485850,12:38:05.850,1INCH/USDT:USDT,0.281,515.0,0.2809,512.0,0.2812,210.0,0.2813,1815.0
1753533488770,12:38:08.770,1INCH/USDT:USDT,0.281,515.0,0.2809,512.0,0.2812,210.0,0.2813,1815.0
1753533493569,12:38:13.569,1INCH/USDT:USDT,0.281,515.0,0.2809,512.0,0.2812,210.0,0.2813,1815.0
1753533494555,12:38:14.555,1INCH/USDT:USDT,0.281,515.0,0.2809,512.0,0.2812,210.0,0.2813,1815.0
1753533496433,12:38:16.433,1INCH/USDT:USDT,0.281,515.0,0.2809,512.0,0.2812,210.0,0.2813,1815.0
1753533497301,12:38:17.301,1INCH/USDT:USDT,0.281,300.0,0.2809,512.0,0.2812,210.0,0.2813,1815.0
1753533497515,12:38:17.515,1INCH/USDT:USDT,0.2809,512.0,0.2808,3099.0,0.2812,210.0,0.2813,1815.0
1753533497651,12:38:17.651,1INCH/USDT:USDT,0.2809,512.0,0.2808,3099.0,0.2812,210.0,0.2813,1815.0
1753533497772,12:38:17.772,1INCH/USDT:USDT,0.2809,512.0,0.2808,3099.0,0.2812,210.0,0.2813,1815.0
1753533497864,12:38:17.864,1INCH/USDT:USDT,0.2809,512.0,0.2808,3099.0,0.2812,210.0,0.2813,1815.0
1753533498358,12:38:18.358,1INCH/USDT:USDT,0.2809,512.0,0.2808,3099.0,0.2812,210.0,0.2813,1815.0
1753533498675,12:38:18.675,1INCH/USDT:USDT,0.281,218.0,0.2809,512.0,0.2812,210.0,0.2813,1815.0
1753533498959,12:38:18.959,1INCH/USDT:USDT,0.281,218.0,0.2809,512.0,0.2812,210.0,0.2813,1815.0
1753533502148,12:38:22.148,1INCH/USDT:USDT,0.281,218.0,0.2809,512.0,0.2812,210.0,0.2813,1815.0
1753533502240,12:38:22.240,1INCH/USDT:USDT,0.281,218.0,0.2809,512.0,0.2812,210.0,0.2813,1815.0
1753533504762,12:38:24.762,1INCH/USDT:USDT,0.281,218.0,0.2809,512.0,0.2812,210.0,0.2813,1815.0
1753533509561,12:38:29.561,1INCH/USDT:USDT,0.281,218.0,0.2809,512.0,0.2812,210.0,0.2813,1815.0
1753533514361,12:38:34.361,1INCH/USDT:USDT,0.281,218.0,0.2809,512.0,0.2812,210.0,0.2813,1815.0
1753533516325,12:38:36.325,1INCH/USDT:USDT,0.2809,512.0,0.2808,3099.0,0.2812,210.0,0.2813,1815.0
1753533516448,12:38:36.448,1INCH/USDT:USDT,0.2809,512.0,0.2808,3099.0,0.2812,210.0,0.2813,1815.0
1753533517173,12:38:37.173,1INCH/USDT:USDT,0.2809,512.0,0.2808,3099.0,0.2811,216.0,0.2812,937.0
1753533517264,12:38:37.264,1INCH/USDT:USDT,0.2809,512.0,0.2808,519.0,0.2811,216.0,0.2812,937.0
1753533517349,12:38:37.349,1INCH/USDT:USDT,0.2809,512.0,0.2808,519.0,0.2811,216.0,0.2812,937.0
1753533518301,12:38:38.301,1INCH/USDT:USDT,0.2809,512.0,0.2808,1246.0,0.2811,216.0,0.2812,937.0
1753533518466,12:38:38.466,1INCH/USDT:USDT,0.2809,512.0,0.2808,519.0,0.2811,216.0,0.2812,937.0
1753533519161,12:38:39.161,1INCH/USDT:USDT,0.2809,512.0,0.2808,519.0,0.2811,216.0,0.2812,937.0
1753533520667,12:38:40.667,1INCH/USDT:USDT,0.2809,218.0,0.2808,1246.0,0.2811,216.0,0.2812,210.0
1753533520755,12:38:40.755,1INCH/USDT:USDT,0.2809,218.0,0.2808,1246.0,0.2812,210.0,0.2813,1815.0
1753533521085,12:38:41.085,1INCH/USDT:USDT,0.2809,218.0,0.2808,1246.0,0.2812,210.0,0.2813,1815.0
1753533522060,12:38:42.060,1INCH/USDT:USDT,0.2809,218.0,0.2808,1246.0,0.2811,2033.0,0.2812,937.0
1753533522121,12:38:42.121,1INCH/USDT:USDT,0.2809,218.0,0.2808,1246.0,0.2811,2033.0,0.2812,937.0
1753533522307,12:38:42.307,1INCH/USDT:USDT,0.2809,218.0,0.2808,1246.0,0.2811,2033.0,0.2812,937.0
1753533522448,12:38:42.448,1INCH/USDT:USDT,0.2809,218.0,0.2808,1246.0,0.2811,218.0,0.2812,937.0
1753533523092,12:38:43.092,1INCH/USDT:USDT,0.2809,218.0,0.2808,1246.0,0.2811,218.0,0.2812,937.0
1753533523192,12:38:43.192,1INCH/USDT:USDT,0.2809,218.0,0.2808,1246.0,0.2811,218.0,0.2812,937.0
1753533523442,12:38:43.442,1INCH/USDT:USDT,0.2809,218.0,0.2808,1246.0,0.2811,218.0,0.2812,937.0
1753533523527,12:38:43.527,1INCH/USDT:USDT,0.2809,218.0,0.2808,1246.0,0.2811,218.0,0.2812,937.0
1753533523814,12:38:43.814,1INCH/USDT:USDT,0.2809,218.0,0.2808,1246.0,0.2811,218.0,0.2812,937.0
1753533523961,12:38:43.961,1INCH/USDT:USDT,0.2809,218.0,0.2808,1246.0,0.2811,218.0,0.2812,937.0
1753533524359,12:38:44.359,1INCH/USDT:USDT,0.2809,218.0,0.2808,1246.0,0.2811,218.0,0.2812,937.0
1753533524601,12:38:44.601,1INCH/USDT:USDT,0.2809,218.0,0.2808,1246.0,0.2811,218.0,0.2812,937.0
1753533524864,12:38:44.864,1INCH/USDT:USDT,0.2809,218.0,0.2808,1246.0,0.2812,210.0,0.2813,1815.0
1753533524891,12:38:44.891,1INCH/USDT:USDT,0.2809,218.0,0.2808,1246.0,0.2811,218.0,0.2812,937.0
1753533525482,12:38:45.482,1INCH/USDT:USDT,0.2809,218.0,0.2808,1246.0,0.2811,218.0,0.2812,937.0
1753533525692,12:38:45.692,1INCH/USDT:USDT,0.2809,218.0,0.2808,1246.0,0.2811,218.0,0.2812,937.0
1753533526669,12:38:46.669,1INCH/USDT:USDT,0.2809,218.0,0.2808,1246.0,0.2811,218.0,0.2812,937.0
1753533526785,12:38:46.785,1INCH/USDT:USDT,0.2809,218.0,0.2808,1246.0,0.2811,218.0,0.2812,937.0
1753533527800,12:38:47.800,1INCH/USDT:USDT,0.2809,218.0,0.2808,1246.0,0.2811,218.0,0.2812,937.0
1753533528266,12:38:48.266,1INCH/USDT:USDT,0.2809,218.0,0.2808,1246.0,0.2811,218.0,0.2812,937.0
1753533528761,12:38:48.761,1INCH/USDT:USDT,0.2809,218.0,0.2808,1246.0,0.2811,218.0,0.2812,937.0
1753533529042,12:38:49.042,1INCH/USDT:USDT,0.2809,218.0,0.2808,1246.0,0.2811,218.0,0.2812,937.0
1753533529680,12:38:49.680,1INCH/USDT:USDT,0.2809,218.0,0.2808,1246.0,0.2811,218.0,0.2812,937.0
1753533531063,12:38:51.063,1INCH/USDT:USDT,0.2809,218.0,0.2808,1246.0,0.2811,218.0,0.2812,937.0
1753533533562,12:38:53.562,1INCH/USDT:USDT,0.2809,218.0,0.2808,1246.0,0.2811,218.0,0.2812,937.0
1753533534457,12:38:54.457,1INCH/USDT:USDT,0.2809,218.0,0.2808,1246.0,0.2811,218.0,0.2812,937.0
1753533535927,12:38:55.927,1INCH/USDT:USDT,0.2809,218.0,0.2808,1246.0,0.2812,210.0,0.2813,1815.0
1753533536809,12:38:56.809,1INCH/USDT:USDT,0.2809,218.0,0.2808,1246.0,0.2812,210.0,0.2813,1815.0
1753533537822,12:38:57.822,1INCH/USDT:USDT,0.2809,218.0,0.2808,1246.0,0.2812,210.0,0.2813,1815.0
1753533538361,12:38:58.361,1INCH/USDT:USDT,0.2809,218.0,0.2808,1246.0,0.2812,210.0,0.2813,1815.0
1753533542874,12:39:02.874,1INCH/USDT:USDT,0.2809,218.0,0.2808,1246.0,0.2814,942.0,0.2815,519.0
1753533542959,12:39:02.959,1INCH/USDT:USDT,0.2811,212.0,0.281,727.0,0.2813,212.0,0.2814,215.0
1753533543059,12:39:03.059,1INCH/USDT:USDT,0.2811,212.0,0.281,727.0,0.2814,215.0,0.2815,519.0
1753533543162,12:39:03.162,1INCH/USDT:USDT,0.2811,212.0,0.2809,218.0,0.2814,215.0,0.2815,519.0
1753533543244,12:39:03.244,1INCH/USDT:USDT,0.2811,212.0,0.281,727.0,0.2814,215.0,0.2815,519.0
1753533543632,12:39:03.632,1INCH/USDT:USDT,0.2811,212.0,0.281,727.0,0.2814,215.0,0.2815,519.0
1753533543964,12:39:03.964,1INCH/USDT:USDT,0.2809,218.0,0.2808,1246.0,0.2814,215.0,0.2815,519.0
1753533544070,12:39:04.070,1INCH/USDT:USDT,0.2809,218.0,0.2808,1246.0,0.2814,215.0,0.2815,519.0
1753533544262,12:39:04.262,1INCH/USDT:USDT,0.2811,212.0,0.281,727.0,0.2814,215.0,0.2815,519.0
1753533544486,12:39:04.486,1INCH/USDT:USDT,0.2811,212.0,0.281,727.0,0.2814,215.0,0.2815,519.0
1753533545168,12:39:05.168,1INCH/USDT:USDT,0.2811,212.0,0.281,727.0,0.2814,215.0,0.2815,519.0
1753533545305,12:39:05.305,1INCH/USDT:USDT,0.2811,212.0,0.281,727.0,0.2814,215.0,0.2815,519.0
1753533547267,12:39:07.267,1INCH/USDT:USDT,0.2811,212.0,0.281,727.0,0.2814,215.0,0.2815,519.0
1753533547316,12:39:07.316,1INCH/USDT:USDT,0.2811,212.0,0.281,727.0,0.2814,215.0,0.2815,519.0
1753533547961,12:39:07.961,1INCH/USDT:USDT,0.2811,212.0,0.281,727.0,0.2814,215.0,0.2815,519.0
1753533548463,12:39:08.463,1INCH/USDT:USDT,0.2811,212.0,0.281,727.0,0.2814,215.0,0.2815,519.0
1753533548569,12:39:08.569,1INCH/USDT:USDT,0.2811,212.0,0.281,727.0,0.2814,215.0,0.2815,519.0
1753533548800,12:39:08.800,1INCH/USDT:USDT,0.2811,212.0,0.281,727.0,0.2814,215.0,0.2815,519.0
1753533548927,12:39:08.927,1INCH/USDT:USDT,0.2811,212.0,0.281,727.0,0.2814,215.0,0.2815,519.0
1753533550780,12:39:10.780,1INCH/USDT:USDT,0.2811,212.0,0.281,727.0,0.2814,215.0,0.2815,519.0
1753533550993,12:39:10.993,1INCH/USDT:USDT,0.2811,212.0,0.281,727.0,0.2814,215.0,0.2815,519.0
1753533551807,12:39:11.807,1INCH/USDT:USDT,0.2811,212.0,0.281,727.0,0.2814,215.0,0.2815,519.0
1753533551955,12:39:11.955,1INCH/USDT:USDT,0.2811,212.0,0.281,727.0,0.2814,215.0,0.2815,519.0
1753533552219,12:39:12.219,1INCH/USDT:USDT,0.2811,212.0,0.281,727.0,0.2814,215.0,0.2815,519.0
1753533552340,12:39:12.340,1INCH/USDT:USDT,0.2811,212.0,0.281,727.0,0.2814,215.0,0.2815,519.0
1753533552806,12:39:12.806,1INCH/USDT:USDT,0.2811,212.0,0.281,727.0,0.2814,215.0,0.2815,519.0
1753533552939,12:39:12.939,1INCH/USDT:USDT,0.2811,212.0,0.281,727.0,0.2814,215.0,0.2815,519.0
1753533553060,12:39:13.060,1INCH/USDT:USDT,0.2811,212.0,0.281,727.0,0.2814,215.0,0.2815,519.0
1753533553563,12:39:13.563,1INCH/USDT:USDT,0.2811,212.0,0.281,727.0,0.2814,215.0,0.2815,519.0
1753533554234,12:39:14.234,1INCH/USDT:USDT,0.2811,212.0,0.281,727.0,0.2814,215.0,0.2815,519.0
1753533558362,12:39:18.362,1INCH/USDT:USDT,0.2811,212.0,0.281,727.0,0.2814,215.0,0.2815,519.0
1753533560004,12:39:20.004,1INCH/USDT:USDT,0.2811,212.0,0.281,727.0,0.2814,215.0,0.2815,519.0
1753533560288,12:39:20.288,1INCH/USDT:USDT,0.2811,212.0,0.281,727.0,0.2814,215.0,0.2815,519.0
1753533560464,12:39:20.464,1INCH/USDT:USDT,0.2811,212.0,0.281,727.0,0.2814,215.0,0.2815,519.0
1753533561487,12:39:21.487,1INCH/USDT:USDT,0.2811,212.0,0.281,727.0,0.2814,215.0,0.2815,519.0
1753533563162,12:39:23.162,1INCH/USDT:USDT,0.2811,212.0,0.281,727.0,0.2814,215.0,0.2815,519.0
1753533563307,12:39:23.307,1INCH/USDT:USDT,0.2811,212.0,0.281,727.0,0.2814,215.0,0.2815,519.0
1753533567962,12:39:27.962,1INCH/USDT:USDT,0.2811,212.0,0.281,727.0,0.2814,215.0,0.2815,519.0
1753533568075,12:39:28.075,1INCH/USDT:USDT,0.2811,212.0,0.281,727.0,0.2814,215.0,0.2815,519.0
1753533568289,12:39:28.289,1INCH/USDT:USDT,0.2811,212.0,0.281,727.0,0.2814,215.0,0.2815,519.0
1753533570504,12:39:30.504,1INCH/USDT:USDT,0.2811,212.0,0.281,727.0,0.2814,215.0,0.2815,519.0
1753533572203,12:39:32.203,1INCH/USDT:USDT,0.2811,212.0,0.281,727.0,0.2814,215.0,0.2815,519.0
1753533572762,12:39:32.762,1INCH/USDT:USDT,0.2811,212.0,0.281,727.0,0.2814,215.0,0.2815,519.0
1753533575860,12:39:35.860,1INCH/USDT:USDT,0.2811,212.0,0.281,727.0,0.2814,215.0,0.2815,519.0
1753533575947,12:39:35.947,1INCH/USDT:USDT,0.2811,212.0,0.281,727.0,0.2814,215.0,0.2815,519.0
1753533577250,12:39:37.250,1INCH/USDT:USDT,0.2811,212.0,0.281,727.0,0.2814,215.0,0.2815,519.0
1753533577563,12:39:37.563,1INCH/USDT:USDT,0.2811,212.0,0.281,727.0,0.2814,215.0,0.2815,519.0
1753533580555,12:39:40.555,1INCH/USDT:USDT,0.2811,212.0,0.281,727.0,0.2814,215.0,0.2815,519.0
1753533581012,12:39:41.012,1INCH/USDT:USDT,0.2811,212.0,0.281,9560.0,0.2814,215.0,0.2815,519.0
1753533581548,12:39:41.548,1INCH/USDT:USDT,0.2811,212.0,0.281,9560.0,0.2814,215.0,0.2815,519.0
1753533582363,12:39:42.363,1INCH/USDT:USDT,0.2811,212.0,0.281,9560.0,0.2814,215.0,0.2815,519.0
1753533582718,12:39:42.718,1INCH/USDT:USDT,0.2811,212.0,0.281,9560.0,0.2814,215.0,0.2815,519.0
1753533583674,12:39:43.674,1INCH/USDT:USDT,0.2811,212.0,0.281,9560.0,0.2814,215.0,0.2815,519.0
1753533584017,12:39:44.017,1INCH/USDT:USDT,0.2811,212.0,0.281,9560.0,0.2814,215.0,0.2815,519.0
1753533587163,12:39:47.163,1INCH/USDT:USDT,0.2811,212.0,0.281,9560.0,0.2814,215.0,0.2815,519.0
1753533587187,12:39:47.187,1INCH/USDT:USDT,0.2811,212.0,0.281,9560.0,0.2814,215.0,0.2815,519.0
1753533587440,12:39:47.440,1INCH/USDT:USDT,0.2811,212.0,0.281,9560.0,0.2814,215.0,0.2815,519.0
1753533591492,12:39:51.492,1INCH/USDT:USDT,0.2811,212.0,0.281,9560.0,0.2814,215.0,0.2815,519.0
1753533591781,12:39:51.781,1INCH/USDT:USDT,0.2811,212.0,0.281,9560.0,0.2814,215.0,0.2815,519.0
1753533591963,12:39:51.963,1INCH/USDT:USDT,0.2811,212.0,0.281,9560.0,0.2814,215.0,0.2815,519.0
1753533593854,12:39:53.854,1INCH/USDT:USDT,0.2811,212.0,0.281,727.0,0.2814,215.0,0.2815,519.0
1753533594258,12:39:54.258,1INCH/USDT:USDT,0.2811,212.0,0.281,727.0,0.2814,215.0,0.2815,519.0
1753533594778,12:39:54.778,1INCH/USDT:USDT,0.2811,212.0,0.281,727.0,0.2814,215.0,0.2815,519.0
1753533594911,12:39:54.911,1INCH/USDT:USDT,0.2811,212.0,0.2809,518.0,0.2814,215.0,0.2815,519.0
1753533595000,12:39:55.000,1INCH/USDT:USDT,0.2811,212.0,0.2809,518.0,0.2814,215.0,0.2815,519.0
1753533595191,12:39:55.191,1INCH/USDT:USDT,0.2811,212.0,0.2809,518.0,0.2814,215.0,0.2815,519.0
1753533596763,12:39:56.763,1INCH/USDT:USDT,0.2811,212.0,0.2809,518.0,0.2814,215.0,0.2815,519.0
1753533597788,12:39:57.788,1INCH/USDT:USDT,0.2811,212.0,0.2809,518.0,0.2814,215.0,0.2815,519.0
1753533598801,12:39:58.801,1INCH/USDT:USDT,0.2811,212.0,0.281,727.0,0.2814,215.0,0.2815,519.0
1753533601160,12:40:01.160,1INCH/USDT:USDT,0.2811,212.0,0.281,727.0,0.2814,215.0,0.2815,519.0
1753533601563,12:40:01.563,1INCH/USDT:USDT,0.2811,212.0,0.281,727.0,0.2814,215.0,0.2815,519.0
1753533603018,12:40:03.018,1INCH/USDT:USDT,0.2811,212.0,0.281,727.0,0.2814,215.0,0.2815,519.0
1753533604149,12:40:04.149,1INCH/USDT:USDT,0.2811,212.0,0.281,727.0,0.2814,215.0,0.2815,519.0
1753533604266,12:40:04.266,1INCH/USDT:USDT,0.2811,212.0,0.281,727.0,0.2814,215.0,0.2815,519.0
1753533604328,12:40:04.328,1INCH/USDT:USDT,0.2811,212.0,0.281,727.0,0.2814,215.0,0.2815,519.0
1753533604468,12:40:04.468,1INCH/USDT:USDT,0.2811,212.0,0.281,727.0,0.2814,215.0,0.2815,519.0
1753533604568,12:40:04.568,1INCH/USDT:USDT,0.2811,212.0,0.281,727.0,0.2814,215.0,0.2815,519.0
1753533604673,12:40:04.673,1INCH/USDT:USDT,0.2811,212.0,0.281,727.0,0.2814,215.0,0.2815,519.0
1753533604771,12:40:04.771,1INCH/USDT:USDT,0.2811,212.0,0.281,727.0,0.2814,215.0,0.2815,519.0
1753533605250,12:40:05.250,1INCH/USDT:USDT,0.2811,212.0,0.281,727.0,0.2814,215.0,0.2815,519.0
1753533605656,12:40:05.656,1INCH/USDT:USDT,0.2811,212.0,0.281,727.0,0.2814,215.0,0.2815,519.0
1753533606646,12:40:06.646,1INCH/USDT:USDT,0.2811,212.0,0.281,727.0,0.2814,215.0,0.2815,519.0
1753533607166,12:40:07.166,1INCH/USDT:USDT,0.2811,212.0,0.281,727.0,0.2814,215.0,0.2815,519.0
1753533608077,12:40:08.077,1INCH/USDT:USDT,0.2811,212.0,0.281,727.0,0.2814,215.0,0.2815,519.0
1753533608249,12:40:08.249,1INCH/USDT:USDT,0.2811,212.0,0.281,727.0,0.2814,215.0,0.2815,519.0
1753533610687,12:40:10.687,1INCH/USDT:USDT,0.2811,212.0,0.281,727.0,0.2814,215.0,0.2815,519.0
1753533613510,12:40:13.510,1INCH/USDT:USDT,0.2811,212.0,0.281,727.0,0.2814,215.0,0.2815,519.0
1753533613584,12:40:13.584,1INCH/USDT:USDT,0.2811,212.0,0.281,727.0,0.2814,215.0,0.2815,519.0
1753533614348,12:40:14.348,1INCH/USDT:USDT,0.2811,212.0,0.281,727.0,0.2814,215.0,0.2815,519.0
1753533614884,12:40:14.884,1INCH/USDT:USDT,0.2811,212.0,0.281,727.0,0.2814,215.0,0.2815,519.0
1753533615417,12:40:15.417,1INCH/USDT:USDT,0.2811,212.0,0.281,727.0,0.2814,215.0,0.2815,519.0
1753533616266,12:40:16.266,1INCH/USDT:USDT,0.2811,212.0,0.281,727.0,0.2814,215.0,0.2815,519.0
1753533622760,12:40:22.760,1INCH/USDT:USDT,0.2811,212.0,0.281,727.0,0.2814,215.0,0.2815,519.0
1753533622820,12:40:22.820,1INCH/USDT:USDT,0.2811,212.0,0.281,727.0,0.2814,215.0,0.2815,519.0
1753533624781,12:40:24.781,1INCH/USDT:USDT,0.2811,212.0,0.281,727.0,0.2814,215.0,0.2815,519.0
1753533628267,12:40:28.267,1INCH/USDT:USDT,0.2811,212.0,0.281,727.0,0.2814,215.0,0.2815,519.0
1753533629939,12:40:29.939,1INCH/USDT:USDT,0.2811,212.0,0.281,727.0,0.2814,215.0,0.2815,519.0
1753533630004,12:40:30.004,1INCH/USDT:USDT,0.2811,212.0,0.281,727.0,0.2814,215.0,0.2815,519.0
1753533630847,12:40:30.847,1INCH/USDT:USDT,0.2811,212.0,0.281,727.0,0.2814,215.0,0.2815,519.0
1753533630889,12:40:30.889,1INCH/USDT:USDT,0.2811,212.0,0.281,727.0,0.2814,215.0,0.2815,519.0
1753533631679,12:40:31.679,1INCH/USDT:USDT,0.2811,212.0,0.281,727.0,0.2814,215.0,0.2815,519.0
1753533633957,12:40:33.957,1INCH/USDT:USDT,0.2811,212.0,0.281,727.0,0.2815,519.0,0.2816,2842.0
1753533634050,12:40:34.050,1INCH/USDT:USDT,0.2811,212.0,0.281,727.0,0.2815,519.0,0.2816,2842.0
1753533634174,12:40:34.174,1INCH/USDT:USDT,0.2811,212.0,0.281,727.0,0.2815,519.0,0.2816,2842.0
1753533634254,12:40:34.254,1INCH/USDT:USDT,0.2811,212.0,0.281,727.0,0.2815,519.0,0.2816,2842.0
1753533634337,12:40:34.337,1INCH/USDT:USDT,0.2812,214.0,0.2811,512.0,0.2815,519.0,0.2816,2842.0
1753533634453,12:40:34.453,1INCH/USDT:USDT,0.2812,214.0,0.2811,512.0,0.2815,219.0,0.2816,2842.0
1753533634644,12:40:34.644,1INCH/USDT:USDT,0.2812,214.0,0.2811,512.0,0.2815,219.0,0.2816,2842.0
1753533635046,12:40:35.046,1INCH/USDT:USDT,0.2812,214.0,0.2811,512.0,0.2815,219.0,0.2816,2842.0
1753533635321,12:40:35.321,1INCH/USDT:USDT,0.2812,214.0,0.2811,512.0,0.2815,219.0,0.2816,2842.0
1753533635461,12:40:35.461,1INCH/USDT:USDT,0.2812,214.0,0.2811,512.0,0.2815,219.0,0.2816,2842.0
1753533638407,12:40:38.407,1INCH/USDT:USDT,0.2812,214.0,0.2811,512.0,0.2815,219.0,0.2816,2842.0
1753533638795,12:40:38.795,1INCH/USDT:USDT,0.2812,214.0,0.2811,512.0,0.2815,219.0,0.2816,2842.0
1753533639524,12:40:39.524,1INCH/USDT:USDT,0.2812,214.0,0.2811,512.0,0.2815,219.0,0.2816,2842.0
1753533639881,12:40:39.881,1INCH/USDT:USDT,0.2812,214.0,0.2811,512.0,0.2815,219.0,0.2816,2842.0
1753533640267,12:40:40.267,1INCH/USDT:USDT,0.2812,214.0,0.2811,512.0,0.2815,219.0,0.2816,2842.0
1753533640291,12:40:40.291,1INCH/USDT:USDT,0.2812,214.0,0.2811,512.0,0.2815,219.0,0.2816,2842.0
1753533640949,12:40:40.949,1INCH/USDT:USDT,0.2812,214.0,0.2811,512.0,0.2815,219.0,0.2816,2842.0
1753533643599,12:40:43.599,1INCH/USDT:USDT,0.2812,214.0,0.2811,512.0,0.2815,219.0,0.2816,2842.0
1753533648396,12:40:48.396,1INCH/USDT:USDT,0.2812,214.0,0.2811,512.0,0.2815,219.0,0.2816,2842.0
1753533648483,12:40:48.483,1INCH/USDT:USDT,0.2812,214.0,0.2811,512.0,0.2815,219.0,0.2816,2842.0
1753533648627,12:40:48.627,1INCH/USDT:USDT,0.2812,214.0,0.2811,512.0,0.2815,219.0,0.2816,2842.0
1753533648699,12:40:48.699,1INCH/USDT:USDT,0.2812,214.0,0.2811,512.0,0.2815,219.0,0.2816,2842.0
1753533649048,12:40:49.048,1INCH/USDT:USDT,0.2812,214.0,0.2811,512.0,0.2815,219.0,0.2816,2842.0
1753533650607,12:40:50.607,1INCH/USDT:USDT,0.2812,214.0,0.2811,512.0,0.2815,219.0,0.2816,1027.0
1753533650759,12:40:50.759,1INCH/USDT:USDT,0.2812,214.0,0.2811,512.0,0.2815,219.0,0.2816,1027.0
1753533650906,12:40:50.906,1INCH/USDT:USDT,0.2812,214.0,0.2811,512.0,0.2815,219.0,0.2816,2842.0
1753533652536,12:40:52.536,1INCH/USDT:USDT,0.2812,214.0,0.2811,512.0,0.2815,219.0,0.2816,2842.0
1753533652786,12:40:52.786,1INCH/USDT:USDT,0.2812,214.0,0.2811,512.0,0.2815,219.0,0.2816,2842.0
1753533653195,12:40:53.195,1INCH/USDT:USDT,0.2812,214.0,0.2811,512.0,0.2815,219.0,0.2816,2842.0
1753533657996,12:40:57.996,1INCH/USDT:USDT,0.2812,214.0,0.2811,512.0,0.2815,219.0,0.2816,2842.0
1753533658372,12:40:58.372,1INCH/USDT:USDT,0.2813,214.0,0.2812,941.0,0.2815,219.0,0.2816,2842.0
1753533658422,12:40:58.422,1INCH/USDT:USDT,0.2813,214.0,0.2812,941.0,0.2815,219.0,0.2816,2842.0
1753533658598,12:40:58.598,1INCH/USDT:USDT,0.2812,214.0,0.2811,512.0,0.2815,219.0,0.2816,2842.0
1753533658687,12:40:58.687,1INCH/USDT:USDT,0.2812,214.0,0.2811,512.0,0.2815,219.0,0.2816,2842.0
1753533658836,12:40:58.836,1INCH/USDT:USDT,0.2812,214.0,0.2811,512.0,0.2815,219.0,0.2816,2842.0
1753533658905,12:40:58.905,1INCH/USDT:USDT,0.2812,214.0,0.2811,512.0,0.2815,219.0,0.2816,2842.0
1753533659584,12:40:59.584,1INCH/USDT:USDT,0.2813,220.0,0.2812,941.0,0.2815,219.0,0.2816,2842.0
1753533659786,12:40:59.786,1INCH/USDT:USDT,0.2813,220.0,0.2812,941.0,0.2815,219.0,0.2816,2842.0
1753533660053,12:41:00.053,1INCH/USDT:USDT,0.2813,220.0,0.2812,941.0,0.2815,219.0,0.2816,2842.0
1753533662807,12:41:02.807,1INCH/USDT:USDT,0.2813,220.0,0.2812,941.0,0.2815,219.0,0.2816,2842.0
1753533663062,12:41:03.062,1INCH/USDT:USDT,0.2813,220.0,0.2812,941.0,0.2815,219.0,0.2816,2842.0
1753533663106,12:41:03.106,1INCH/USDT:USDT,0.2813,220.0,0.2812,941.0,0.2815,219.0,0.2816,2842.0
1753533663537,12:41:03.537,1INCH/USDT:USDT,0.2813,220.0,0.2812,941.0,0.2815,219.0,0.2816,2842.0
1753533665756,12:41:05.756,1INCH/USDT:USDT,0.2813,220.0,0.2812,941.0,0.2815,219.0,0.2816,2842.0
1753533666667,12:41:06.667,1INCH/USDT:USDT,0.2813,220.0,0.2812,941.0,0.2815,219.0,0.2816,2842.0
1753533666755,12:41:06.755,1INCH/USDT:USDT,0.2813,220.0,0.2812,941.0,0.2815,219.0,0.2816,2842.0
1753533666782,12:41:06.782,1INCH/USDT:USDT,0.2813,220.0,0.2812,941.0,0.2815,219.0,0.2816,2842.0
1753533669827,12:41:09.827,1INCH/USDT:USDT,0.2813,220.0,0.2812,941.0,0.2815,219.0,0.2816,2842.0
1753533670692,12:41:10.692,1INCH/USDT:USDT,0.2813,220.0,0.2812,941.0,0.2815,219.0,0.2816,2842.0
1753533671035,12:41:11.035,1INCH/USDT:USDT,0.2813,220.0,0.2812,941.0,0.2815,219.0,0.2816,2842.0
1753533672580,12:41:12.580,1INCH/USDT:USDT,0.2813,220.0,0.2812,941.0,0.2815,219.0,0.2816,2842.0
1753533672688,12:41:12.688,1INCH/USDT:USDT,0.2813,220.0,0.2812,941.0,0.2815,219.0,0.2816,2842.0
1753533673844,12:41:13.844,1INCH/USDT:USDT,0.2813,220.0,0.2812,941.0,0.2815,219.0,0.2816,2842.0
1753533673960,12:41:13.960,1INCH/USDT:USDT,0.2813,220.0,0.2812,941.0,0.2815,219.0,0.2816,2842.0
1753533674848,12:41:14.848,1INCH/USDT:USDT,0.2813,220.0,0.2812,941.0,0.2815,219.0,0.2816,2842.0
1753533674949,12:41:14.949,1INCH/USDT:USDT,0.2813,220.0,0.2812,941.0,0.2815,219.0,0.2816,2842.0
1753533675049,12:41:15.049,1INCH/USDT:USDT,0.2813,220.0,0.2812,941.0,0.2815,219.0,0.2816,2842.0
1753533676397,12:41:16.397,1INCH/USDT:USDT,0.2813,220.0,0.2812,941.0,0.2815,219.0,0.2816,2115.0
1753533678105,12:41:18.105,1INCH/USDT:USDT,0.2813,220.0,0.2812,941.0,0.2815,219.0,0.2816,2115.0
1753533678523,12:41:18.523,1INCH/USDT:USDT,0.2813,220.0,0.2812,941.0,0.2815,219.0,0.2816,2115.0
1753533678861,12:41:18.861,1INCH/USDT:USDT,0.2813,220.0,0.2812,941.0,0.2815,219.0,0.2816,2115.0
1753533679571,12:41:19.571,1INCH/USDT:USDT,0.2813,220.0,0.2812,941.0,0.2815,219.0,0.2816,2115.0
1753533679773,12:41:19.773,1INCH/USDT:USDT,0.2813,220.0,0.2812,941.0,0.2815,219.0,0.2816,2115.0
1753533681231,12:41:21.231,1INCH/USDT:USDT,0.2812,214.0,0.2811,512.0,0.2815,219.0,0.2816,2115.0
1753533681284,12:41:21.284,1INCH/USDT:USDT,0.2812,214.0,0.2811,512.0,0.2815,219.0,0.2816,2115.0
1753533681417,12:41:21.417,1INCH/USDT:USDT,0.2813,215.0,0.2812,941.0,0.2815,219.0,0.2816,2115.0
1753533681825,12:41:21.825,1INCH/USDT:USDT,0.2813,215.0,0.2812,941.0,0.2815,219.0,0.2816,2115.0
1753533681948,12:41:21.948,1INCH/USDT:USDT,0.2813,215.0,0.2812,941.0,0.2816,300.0,0.2817,511.0
1753533681992,12:41:21.992,1INCH/USDT:USDT,0.2813,215.0,0.2812,941.0,0.2816,300.0,0.2817,511.0
1753533682904,12:41:22.904,1INCH/USDT:USDT,0.2813,215.0,0.2812,941.0,0.2816,300.0,0.2817,511.0
1753533683051,12:41:23.051,1INCH/USDT:USDT,0.2813,215.0,0.2812,941.0,0.2816,300.0,0.2817,511.0
1753533683300,12:41:23.300,1INCH/USDT:USDT,0.2813,215.0,0.2812,941.0,0.2816,300.0,0.2817,511.0
1753533683775,12:41:23.775,1INCH/USDT:USDT,0.2813,215.0,0.2812,941.0,0.2817,511.0,0.2818,2842.0
1753533683777,12:41:23.777,1INCH/USDT:USDT,0.2813,215.0,0.2812,941.0,0.2816,215.0,0.2817,511.0
1753533683880,12:41:23.880,1INCH/USDT:USDT,0.2813,215.0,0.2812,941.0,0.2816,215.0,0.2817,511.0
1753533683999,12:41:23.999,1INCH/USDT:USDT,0.2813,215.0,0.2812,941.0,0.2816,215.0,0.2817,511.0
1753533684895,12:41:24.895,1INCH/USDT:USDT,0.2813,215.0,0.2812,941.0,0.2816,215.0,0.2817,511.0
1753533685057,12:41:25.057,1INCH/USDT:USDT,0.2813,215.0,0.2812,941.0,0.2816,215.0,0.2817,511.0
1753533685996,12:41:25.996,1INCH/USDT:USDT,0.2813,215.0,0.2812,941.0,0.2816,215.0,0.2817,511.0
1753533686361,12:41:26.361,1INCH/USDT:USDT,0.2813,215.0,0.2812,941.0,0.2816,215.0,0.2817,511.0
1753533686467,12:41:26.467,1INCH/USDT:USDT,0.2813,215.0,0.2812,941.0,0.2816,215.0,0.2817,511.0
1753533686636,12:41:26.636,1INCH/USDT:USDT,0.2813,215.0,0.2812,941.0,0.2816,215.0,0.2817,511.0
1753533686949,12:41:26.949,1INCH/USDT:USDT,0.2813,215.0,0.2812,941.0,0.2816,215.0,0.2817,511.0
1753533687049,12:41:27.049,1INCH/USDT:USDT,0.2813,215.0,0.2812,941.0,0.2816,215.0,0.2817,511.0
1753533687114,12:41:27.114,1INCH/USDT:USDT,0.2813,215.0,0.2812,941.0,0.2816,215.0,0.2817,511.0
1753533687306,12:41:27.306,1INCH/USDT:USDT,0.2813,215.0,0.2812,941.0,0.2816,215.0,0.2817,511.0
1753533687380,12:41:27.380,1INCH/USDT:USDT,0.2813,215.0,0.2812,941.0,0.2816,215.0,0.2817,511.0
1753533687736,12:41:27.736,1INCH/USDT:USDT,0.2814,215.0,0.2813,515.0,0.2816,215.0,0.2817,511.0
1753533687848,12:41:27.848,1INCH/USDT:USDT,0.2814,215.0,0.2813,515.0,0.2817,511.0,0.2818,2842.0
1753533687961,12:41:27.961,1INCH/USDT:USDT,0.2814,215.0,0.2813,515.0,0.2817,511.0,0.2818,2842.0
1753533688073,12:41:28.073,1INCH/USDT:USDT,0.2814,215.0,0.2813,515.0,0.2817,511.0,0.2818,2842.0
1753533688175,12:41:28.175,1INCH/USDT:USDT,0.2814,215.0,0.2813,515.0,0.2817,511.0,0.2818,2842.0
1753533688260,12:41:28.260,1INCH/USDT:USDT,0.2814,215.0,0.2813,515.0,0.2817,511.0,0.2818,2842.0
1753533688360,12:41:28.360,1INCH/USDT:USDT,0.2814,215.0,0.2813,515.0,0.2817,511.0,0.2818,2842.0
1753533688719,12:41:28.719,1INCH/USDT:USDT,0.2814,215.0,0.2813,515.0,0.2817,511.0,0.2818,2842.0
1753533688821,12:41:28.821,1INCH/USDT:USDT,0.2814,215.0,0.2813,515.0,0.2817,211.0,0.2818,2842.0
1753533689122,12:41:29.122,1INCH/USDT:USDT,0.2814,215.0,0.2813,515.0,0.2817,211.0,0.2818,2842.0
1753533689916,12:41:29.916,1INCH/USDT:USDT,0.2814,215.0,0.2813,515.0,0.2817,211.0,0.2818,2842.0
1753533690041,12:41:30.041,1INCH/USDT:USDT,0.2814,215.0,0.2813,515.0,0.2817,211.0,0.2818,2842.0
1753533691590,12:41:31.590,1INCH/USDT:USDT,0.2814,215.0,0.2813,515.0,0.2817,211.0,0.2818,2842.0
1753533691797,12:41:31.797,1INCH/USDT:USDT,0.2814,215.0,0.2813,515.0,0.2817,211.0,0.2818,2842.0
1753533691969,12:41:31.969,1INCH/USDT:USDT,0.2814,215.0,0.2813,515.0,0.2817,211.0,0.2818,2842.0
1753533692078,12:41:32.078,1INCH/USDT:USDT,0.2814,215.0,0.2813,515.0,0.2817,211.0,0.2818,2842.0
1753533692981,12:41:32.981,1INCH/USDT:USDT,0.2814,215.0,0.2813,515.0,0.2817,211.0,0.2818,2842.0
1753533693962,12:41:33.962,1INCH/USDT:USDT,0.2814,215.0,0.2813,515.0,0.2817,211.0,0.2818,2842.0
1753533694173,12:41:34.173,1INCH/USDT:USDT,0.2814,215.0,0.2813,515.0,0.2817,211.0,0.2818,2842.0
1753533695996,12:41:35.996,1INCH/USDT:USDT,0.2814,215.0,0.2813,515.0,0.2817,211.0,0.2818,2842.0
1753533696182,12:41:36.182,1INCH/USDT:USDT,0.2814,215.0,0.2813,515.0,0.2817,211.0,0.2818,2842.0
1753533696606,12:41:36.606,1INCH/USDT:USDT,0.2814,215.0,0.2813,515.0,0.2817,211.0,0.2818,2842.0
1753533696999,12:41:36.999,1INCH/USDT:USDT,0.2814,215.0,0.2813,515.0,0.2817,211.0,0.2818,2842.0
1753533697986,12:41:37.986,1INCH/USDT:USDT,0.2814,215.0,0.2813,515.0,0.2817,211.0,0.2818,2842.0
1753533701397,12:41:41.397,1INCH/USDT:USDT,0.2814,215.0,0.2813,515.0,0.2817,211.0,0.2818,2842.0
1753533702213,12:41:42.213,1INCH/USDT:USDT,0.2814,215.0,0.2813,515.0,0.2817,211.0,0.2818,2842.0
1753533702570,12:41:42.570,1INCH/USDT:USDT,0.2814,215.0,0.2813,515.0,0.2818,2842.0,0.2819,518.0
1753533702662,12:41:42.662,1INCH/USDT:USDT,0.2815,217.0,0.2814,942.0,0.2817,217.0,0.2818,300.0
1753533702752,12:41:42.752,1INCH/USDT:USDT,0.2815,217.0,0.2814,942.0,0.2817,217.0,0.2818,300.0
1753533702813,12:41:42.813,1INCH/USDT:USDT,0.2815,217.0,0.2814,942.0,0.2817,217.0,0.2818,300.0
1753533705051,12:41:45.051,1INCH/USDT:USDT,0.2815,217.0,0.2814,942.0,0.2817,217.0,0.2818,300.0
1753533705174,12:41:45.174,1INCH/USDT:USDT,0.2815,217.0,0.2814,942.0,0.2817,217.0,0.2818,300.0
1753533705261,12:41:45.261,1INCH/USDT:USDT,0.2815,217.0,0.2814,942.0,0.2817,217.0,0.2818,300.0
1753533706197,12:41:46.197,1INCH/USDT:USDT,0.2815,217.0,0.2814,942.0,0.2817,217.0,0.2818,300.0
1753533706663,12:41:46.663,1INCH/USDT:USDT,0.2815,217.0,0.2814,942.0,0.2818,300.0,0.2819,518.0
1753533706700,12:41:46.700,1INCH/USDT:USDT,0.2815,217.0,0.2814,942.0,0.2818,300.0,0.2819,518.0
1753533706883,12:41:46.883,1INCH/USDT:USDT,0.2815,217.0,0.2814,942.0,0.2818,300.0,0.2819,518.0
1753533707122,12:41:47.122,1INCH/USDT:USDT,0.2815,217.0,0.2814,942.0,0.2817,217.0,0.2818,300.0
1753533707295,12:41:47.295,1INCH/USDT:USDT,0.2815,217.0,0.2814,942.0,0.2817,217.0,0.2818,300.0
1753533710002,12:41:50.002,1INCH/USDT:USDT,0.2815,217.0,0.2814,942.0,0.2817,217.0,0.2818,300.0
1753533710138,12:41:50.138,1INCH/USDT:USDT,0.2815,217.0,0.2814,942.0,0.2817,217.0,0.2818,300.0
1753533710254,12:41:50.254,1INCH/USDT:USDT,0.2815,217.0,0.2814,942.0,0.2817,217.0,0.2818,300.0
1753533710778,12:41:50.778,1INCH/USDT:USDT,0.2815,217.0,0.2814,942.0,0.2817,217.0,0.2818,300.0
1753533710879,12:41:50.879,1INCH/USDT:USDT,0.2815,217.0,0.2814,942.0,0.2817,217.0,0.2818,300.0
1753533710997,12:41:50.997,1INCH/USDT:USDT,0.2815,217.0,0.2814,942.0,0.2817,217.0,0.2818,300.0
1753533711172,12:41:51.172,1INCH/USDT:USDT,0.2815,217.0,0.2814,942.0,0.2817,217.0,0.2818,300.0
1753533711269,12:41:51.269,1INCH/USDT:USDT,0.2815,217.0,0.2814,942.0,0.2817,217.0,0.2818,300.0
1753533712289,12:41:52.289,1INCH/USDT:USDT,0.2815,217.0,0.2814,942.0,0.2817,217.0,0.2818,300.0
1753533713143,12:41:53.143,1INCH/USDT:USDT,0.2815,217.0,0.2814,942.0,0.2817,217.0,0.2818,300.0
1753533715797,12:41:55.797,1INCH/USDT:USDT,0.2815,217.0,0.2814,942.0,0.2817,217.0,0.2818,300.0
1753533717371,12:41:57.371,1INCH/USDT:USDT,0.2814,215.0,0.2813,515.0,0.2817,217.0,0.2818,2115.0
1753533717797,12:41:57.797,1INCH/USDT:USDT,0.2814,215.0,0.2813,515.0,0.2817,217.0,0.2818,2115.0
1753533720648,12:42:00.648,1INCH/USDT:USDT,0.2814,215.0,0.2813,515.0,0.2817,217.0,0.2818,2115.0
1753533723152,12:42:03.152,1INCH/USDT:USDT,0.2814,215.0,0.2813,515.0,0.2816,219.0,0.2817,944.0
1753533723186,12:42:03.186,1INCH/USDT:USDT,0.2814,215.0,0.2813,515.0,0.2816,219.0,0.2817,944.0
1753533723437,12:42:03.437,1INCH/USDT:USDT,0.2814,215.0,0.2813,515.0,0.2816,219.0,0.2817,944.0
1753533725148,12:42:05.148,1INCH/USDT:USDT,0.2813,515.0,0.2812,1241.0,0.2816,219.0,0.2817,944.0
1753533725248,12:42:05.248,1INCH/USDT:USDT,0.2813,515.0,0.2812,1241.0,0.2816,219.0,0.2817,944.0
1753533725359,12:42:05.359,1INCH/USDT:USDT,0.2813,515.0,0.2812,1241.0,0.2816,219.0,0.2817,944.0
1753533725463,12:42:05.463,1INCH/USDT:USDT,0.2813,515.0,0.2812,1241.0,0.2816,219.0,0.2817,944.0
1753533725973,12:42:05.973,1INCH/USDT:USDT,0.2813,515.0,0.2812,1241.0,0.2816,219.0,0.2817,944.0
1753533726052,12:42:06.052,1INCH/USDT:USDT,0.2813,515.0,0.2812,1241.0,0.2816,219.0,0.2817,944.0
1753533727210,12:42:07.210,1INCH/USDT:USDT,0.2813,515.0,0.2812,514.0,0.2815,219.0,0.2816,2034.0
1753533727495,12:42:07.495,1INCH/USDT:USDT,0.2813,515.0,0.2812,514.0,0.2815,219.0,0.2816,2034.0
1753533730197,12:42:10.197,1INCH/USDT:USDT,0.2813,515.0,0.2812,514.0,0.2815,219.0,0.2816,2034.0
1753533730601,12:42:10.601,1INCH/USDT:USDT,0.2813,515.0,0.2812,514.0,0.2815,219.0,0.2816,2034.0
1753533732899,12:42:12.899,1INCH/USDT:USDT,0.2813,515.0,0.2812,514.0,0.2815,219.0,0.2816,2034.0
1753533733161,12:42:13.161,1INCH/USDT:USDT,0.2813,515.0,0.2812,514.0,0.2815,219.0,0.2816,2034.0
1753533734997,12:42:14.997,1INCH/USDT:USDT,0.2813,515.0,0.2812,514.0,0.2815,219.0,0.2816,2034.0
1753533738069,12:42:18.069,1INCH/USDT:USDT,0.2814,210.0,0.2813,515.0,0.2816,2034.0,0.2817,944.0
1753533738149,12:42:18.149,1INCH/USDT:USDT,0.2814,210.0,0.2813,515.0,0.2816,219.0,0.2817,944.0
1753533738304,12:42:18.304,1INCH/USDT:USDT,0.2814,210.0,0.2813,515.0,0.2816,219.0,0.2817,944.0
1753533738406,12:42:18.406,1INCH/USDT:USDT,0.2814,210.0,0.2813,515.0,0.2816,219.0,0.2817,944.0
1753533739697,12:42:19.697,1INCH/USDT:USDT,0.2814,210.0,0.2813,515.0,0.2816,219.0,0.2817,944.0
1753533739797,12:42:19.797,1INCH/USDT:USDT,0.2814,210.0,0.2813,515.0,0.2816,219.0,0.2817,944.0
1753533740031,12:42:20.031,1INCH/USDT:USDT,0.2814,210.0,0.2813,515.0,0.2816,219.0,0.2817,944.0
1753533742099,12:42:22.099,1INCH/USDT:USDT,0.2814,210.0,0.2813,515.0,0.2816,219.0,0.2817,944.0
1753533742200,12:42:22.200,1INCH/USDT:USDT,0.2814,210.0,0.2813,515.0,0.2816,219.0,0.2817,944.0
1753533743190,12:42:23.190,1INCH/USDT:USDT,0.2814,210.0,0.2813,515.0,0.2816,219.0,0.2817,944.0
1753533743310,12:42:23.310,1INCH/USDT:USDT,0.2813,515.0,0.2812,514.0,0.2816,219.0,0.2817,944.0
1753533743469,12:42:23.469,1INCH/USDT:USDT,0.2814,213.0,0.2813,515.0,0.2816,219.0,0.2817,944.0
1753533743612,12:42:23.612,1INCH/USDT:USDT,0.2814,213.0,0.2813,515.0,0.2816,219.0,0.2817,944.0
1753533744598,12:42:24.598,1INCH/USDT:USDT,0.2814,213.0,0.2813,515.0,0.2816,219.0,0.2817,944.0
1753533746171,12:42:26.171,1INCH/USDT:USDT,0.2814,213.0,0.2813,515.0,0.2816,213.0,0.2817,944.0
1753533746250,12:42:26.250,1INCH/USDT:USDT,0.2814,213.0,0.2813,515.0,0.2817,217.0,0.2818,2115.0
1753533746356,12:42:26.356,1INCH/USDT:USDT,0.2814,213.0,0.2813,515.0,0.2816,213.0,0.2817,944.0
1753533749405,12:42:29.405,1INCH/USDT:USDT,0.2814,213.0,0.2813,515.0,0.2816,213.0,0.2817,944.0
1753533754197,12:42:34.197,1INCH/USDT:USDT,0.2814,213.0,0.2813,515.0,0.2816,213.0,0.2817,944.0
1753533755597,12:42:35.597,1INCH/USDT:USDT,0.2814,213.0,0.2813,515.0,0.2816,213.0,0.2817,944.0
1753533756148,12:42:36.148,1INCH/USDT:USDT,0.2814,213.0,0.2813,515.0,0.2816,213.0,0.2817,944.0
1753533756258,12:42:36.258,1INCH/USDT:USDT,0.2813,515.0,0.2812,1241.0,0.2816,213.0,0.2817,944.0
1753533756359,12:42:36.359,1INCH/USDT:USDT,0.2813,515.0,0.2812,1241.0,0.2816,213.0,0.2817,944.0
1753533756525,12:42:36.525,1INCH/USDT:USDT,0.2813,515.0,0.2812,1241.0,0.2816,213.0,0.2817,944.0
1753533758105,12:42:38.105,1INCH/USDT:USDT,0.2813,515.0,0.2812,1241.0,0.2816,213.0,0.2817,944.0
1753533758998,12:42:38.998,1INCH/USDT:USDT,0.2813,515.0,0.2812,1241.0,0.2816,213.0,0.2817,944.0
1753533760590,12:42:40.590,1INCH/USDT:USDT,0.2814,214.0,0.2813,515.0,0.2816,213.0,0.2817,944.0
1753533760689,12:42:40.689,1INCH/USDT:USDT,0.2814,214.0,0.2813,515.0,0.2816,213.0,0.2817,944.0
1753533760963,12:42:40.963,1INCH/USDT:USDT,0.2814,214.0,0.2813,515.0,0.2816,213.0,0.2817,944.0
1753533761174,12:42:41.174,1INCH/USDT:USDT,0.2813,515.0,0.2812,1241.0,0.2816,213.0,0.2817,944.0
1753533761375,12:42:41.375,1INCH/USDT:USDT,0.2813,515.0,0.2812,1241.0,0.2816,213.0,0.2817,944.0
1753533763798,12:42:43.798,1INCH/USDT:USDT,0.2813,515.0,0.2812,1241.0,0.2816,213.0,0.2817,944.0
1753533767017,12:42:47.017,1INCH/USDT:USDT,0.2814,214.0,0.2813,515.0,0.2816,213.0,0.2817,944.0
1753533767087,12:42:47.087,1INCH/USDT:USDT,0.2814,214.0,0.2813,515.0,0.2816,213.0,0.2817,944.0
1753533767431,12:42:47.431,1INCH/USDT:USDT,0.2814,214.0,0.2813,515.0,0.2816,213.0,0.2817,944.0
1753533767780,12:42:47.780,1INCH/USDT:USDT,0.2814,214.0,0.2813,515.0,0.2816,213.0,0.2817,944.0
1753533768598,12:42:48.598,1INCH/USDT:USDT,0.2814,214.0,0.2813,515.0,0.2816,213.0,0.2817,944.0
1753533771141,12:42:51.141,1INCH/USDT:USDT,0.2814,214.0,0.2813,515.0,0.2816,213.0,0.2817,944.0
1753533773398,12:42:53.398,1INCH/USDT:USDT,0.2814,214.0,0.2813,515.0,0.2816,213.0,0.2817,944.0
1753533778200,12:42:58.200,1INCH/USDT:USDT,0.2814,214.0,0.2813,515.0,0.2816,213.0,0.2817,944.0
1753533783000,12:43:03.000,1INCH/USDT:USDT,0.2814,214.0,0.2813,515.0,0.2816,213.0,0.2817,944.0
1753533783171,12:43:03.171,1INCH/USDT:USDT,0.2814,214.0,0.2813,515.0,0.2816,213.0,0.2817,944.0
1753533783523,12:43:03.523,1INCH/USDT:USDT,0.2814,214.0,0.2813,515.0,0.2816,213.0,0.2817,944.0
1753533786804,12:43:06.804,1INCH/USDT:USDT,0.2813,515.0,0.2812,1241.0,0.2816,213.0,0.2817,944.0
1753533787154,12:43:07.154,1INCH/USDT:USDT,0.2813,515.0,0.2812,1241.0,0.2816,213.0,0.2817,944.0
1753533787826,12:43:07.826,1INCH/USDT:USDT,0.2814,216.0,0.2813,515.0,0.2816,213.0,0.2817,944.0
1753533787971,12:43:07.971,1INCH/USDT:USDT,0.2814,216.0,0.2813,515.0,0.2816,213.0,0.2817,944.0
1753533788300,12:43:08.300,1INCH/USDT:USDT,0.2814,216.0,0.2813,515.0,0.2816,213.0,0.2817,944.0
1753533788386,12:43:08.386,1INCH/USDT:USDT,0.2814,216.0,0.2813,515.0,0.2816,213.0,0.2817,944.0
1753533788688,12:43:08.688,1INCH/USDT:USDT,0.2814,216.0,0.2813,515.0,0.2816,213.0,0.2817,944.0
1753533790248,12:43:10.248,1INCH/USDT:USDT,0.2814,216.0,0.2813,515.0,0.2816,213.0,0.2817,944.0
1753533792598,12:43:12.598,1INCH/USDT:USDT,0.2814,216.0,0.2813,515.0,0.2816,213.0,0.2817,944.0
1753533795925,12:43:15.925,1INCH/USDT:USDT,0.2814,216.0,0.2813,515.0,0.2816,213.0,0.2817,944.0
1753533796050,12:43:16.050,1INCH/USDT:USDT,0.2814,216.0,0.2813,515.0,0.2816,213.0,0.2817,944.0
1753533797399,12:43:17.399,1INCH/USDT:USDT,0.2814,216.0,0.2813,515.0,0.2816,213.0,0.2817,944.0
1753533798997,12:43:18.997,1INCH/USDT:USDT,0.2814,216.0,0.2813,515.0,0.2816,213.0,0.2817,944.0
1753533799096,12:43:19.096,1INCH/USDT:USDT,0.2814,216.0,0.2813,515.0,0.2816,213.0,0.2817,944.0
1753533802199,12:43:22.199,1INCH/USDT:USDT,0.2814,216.0,0.2813,515.0,0.2816,213.0,0.2817,944.0
1753533806999,12:43:26.999,1INCH/USDT:USDT,0.2814,216.0,0.2813,515.0,0.2816,213.0,0.2817,944.0
1753533808646,12:43:28.646,1INCH/USDT:USDT,0.2814,216.0,0.2813,515.0,0.2816,213.0,0.2817,944.0
1753533809445,12:43:29.445,1INCH/USDT:USDT,0.2814,216.0,0.2813,515.0,0.2816,213.0,0.2817,944.0
1753533809781,12:43:29.781,1INCH/USDT:USDT,0.2814,216.0,0.2813,515.0,0.2816,213.0,0.2817,944.0
1753533810453,12:43:30.453,1INCH/USDT:USDT,0.2814,216.0,0.2813,515.0,0.2817,944.0,0.2818,11022.0
1753533810551,12:43:30.551,1INCH/USDT:USDT,0.2814,216.0,0.2813,515.0,0.2817,944.0,0.2818,11022.0
1753533811396,12:43:31.396,1INCH/USDT:USDT,0.2814,216.0,0.2813,515.0,0.2817,944.0,0.2818,11022.0
1753533811799,12:43:31.799,1INCH/USDT:USDT,0.2814,216.0,0.2813,515.0,0.2817,944.0,0.2818,11022.0
1753533812179,12:43:32.179,1INCH/USDT:USDT,0.2814,216.0,0.2813,515.0,0.2817,944.0,0.2818,11022.0
1753533812280,12:43:32.280,1INCH/USDT:USDT,0.2814,216.0,0.2813,515.0,0.2817,944.0,0.2818,11022.0
1753533816599,12:43:36.599,1INCH/USDT:USDT,0.2814,216.0,0.2813,515.0,0.2817,944.0,0.2818,11022.0
1753533819260,12:43:39.260,1INCH/USDT:USDT,0.2814,216.0,0.2813,515.0,0.2817,944.0,0.2818,11022.0
1753533821410,12:43:41.410,1INCH/USDT:USDT,0.2814,216.0,0.2813,515.0,0.2817,944.0,0.2818,11022.0
1753533821483,12:43:41.483,1INCH/USDT:USDT,0.2814,216.0,0.2813,515.0,0.2817,944.0,0.2818,11022.0
1753533821648,12:43:41.648,1INCH/USDT:USDT,0.2814,216.0,0.2813,515.0,0.2817,944.0,0.2818,11022.0
1753533822749,12:43:42.749,1INCH/USDT:USDT,0.2814,216.0,0.2813,515.0,0.2817,944.0,0.2818,11022.0
1753533826199,12:43:46.199,1INCH/USDT:USDT,0.2814,216.0,0.2813,515.0,0.2817,944.0,0.2818,11022.0
1753533830999,12:43:50.999,1INCH/USDT:USDT,0.2814,216.0,0.2813,515.0,0.2817,944.0,0.2818,11022.0
1753533831088,12:43:51.088,1INCH/USDT:USDT,0.2814,216.0,0.2813,515.0,0.2817,944.0,0.2818,11022.0
1753533832349,12:43:52.349,1INCH/USDT:USDT,0.2814,216.0,0.2813,515.0,0.2817,944.0,0.2818,11022.0
1753533834425,12:43:54.425,1INCH/USDT:USDT,0.2814,216.0,0.2813,515.0,0.2816,219.0,0.2817,944.0
1753533834659,12:43:54.659,1INCH/USDT:USDT,0.2814,216.0,0.2813,515.0,0.2816,219.0,0.2817,944.0
