timestamp,time,symbol,bid1_price,bid1_volume,bid2_price,bid2_volume,ask1_price,ask1_volume,ask2_price,ask2_volume
1753533036000,12:30:36.000,BAKE/USDT:USDT,0.0946,12319.0,0.0945,104381.0,0.0947,39367.0,0.0948,161133.0
1753533060622,12:31:00.622,BAKE/USDT:USDT,0.0945,104381.0,0.0944,132793.0,0.0947,103572.0,0.0948,161133.0
1753533060714,12:31:00.714,BAKE/USDT:USDT,0.0945,104381.0,0.0944,132793.0,0.0947,103572.0,0.0948,161133.0
1753533060831,12:31:00.831,BAKE/USDT:USDT,0.0945,104381.0,0.0944,138635.0,0.0947,103572.0,0.0948,161133.0
1753533060926,12:31:00.926,BAKE/USDT:USDT,0.0945,104381.0,0.0944,138635.0,0.0947,103572.0,0.0948,161133.0
1753533060944,12:31:00.944,BAKE/USDT:USDT,0.0945,104381.0,0.0944,138635.0,0.0947,103572.0,0.0948,161133.0
1753533062211,12:31:02.211,BAKE/USDT:USDT,0.0945,104381.0,0.0944,74430.0,0.0947,103572.0,0.0948,161133.0
1753533063658,12:31:03.658,BAKE/USDT:USDT,0.0945,104381.0,0.0944,104430.0,0.0947,103572.0,0.0948,161133.0
1753533065195,12:31:05.195,BAKE/USDT:USDT,0.0945,104381.0,0.0944,104430.0,0.0947,103572.0,0.0948,161133.0
1753533066434,12:31:06.434,BAKE/USDT:USDT,0.0945,104381.0,0.0944,104430.0,0.0947,103572.0,0.0948,161133.0
1753533066460,12:31:06.460,BAKE/USDT:USDT,0.0945,104381.0,0.0944,104430.0,0.0947,103572.0,0.0948,179525.0
1753533077983,12:31:17.983,BAKE/USDT:USDT,0.0946,4581.0,0.0945,104381.0,0.0947,103572.0,0.0948,179525.0
1753533078135,12:31:18.135,BAKE/USDT:USDT,0.0945,104381.0,0.0944,98588.0,0.0947,103572.0,0.0948,179525.0
1753533078239,12:31:18.239,BAKE/USDT:USDT,0.0945,104381.0,0.0944,104424.0,0.0947,103572.0,0.0948,179525.0
1753533078282,12:31:18.282,BAKE/USDT:USDT,0.0945,104381.0,0.0944,104424.0,0.0947,103572.0,0.0948,179525.0
1753533078501,12:31:18.501,BAKE/USDT:USDT,0.0945,104381.0,0.0944,104424.0,0.0947,103572.0,0.0948,179525.0
1753533096526,12:31:36.526,BAKE/USDT:USDT,0.0945,104381.0,0.0944,104424.0,0.0947,103572.0,0.0948,179520.0
1753533119374,12:31:59.374,BAKE/USDT:USDT,0.0945,104381.0,0.0944,104424.0,0.0947,98623.0,0.0948,179520.0
1753533119511,12:31:59.511,BAKE/USDT:USDT,0.0945,104381.0,0.0944,104424.0,0.0947,98623.0,0.0948,179520.0
1753533126583,12:32:06.583,BAKE/USDT:USDT,0.0945,104381.0,0.0944,104424.0,0.0947,98623.0,0.0948,179521.0
1753533127236,12:32:07.236,BAKE/USDT:USDT,0.0946,4502.0,0.0945,104381.0,0.0947,98623.0,0.0948,179521.0
1753533127310,12:32:07.310,BAKE/USDT:USDT,0.0946,4502.0,0.0945,104381.0,0.0947,98623.0,0.0948,179521.0
1753533127436,12:32:07.436,BAKE/USDT:USDT,0.0946,4502.0,0.0945,104381.0,0.0947,98623.0,0.0948,179521.0
1753533127525,12:32:07.525,BAKE/USDT:USDT,0.0945,104381.0,0.0944,104411.0,0.0947,98623.0,0.0948,179521.0
1753533128855,12:32:08.855,BAKE/USDT:USDT,0.0945,104381.0,0.0944,104411.0,0.0947,98623.0,0.0948,179521.0
1753533131022,12:32:11.022,BAKE/USDT:USDT,0.0945,104381.0,0.0944,104411.0,0.0947,98623.0,0.0948,179521.0
1753533132009,12:32:12.009,BAKE/USDT:USDT,0.0945,104381.0,0.0944,104411.0,0.0947,98623.0,0.0948,179521.0
1753533132131,12:32:12.131,BAKE/USDT:USDT,0.0945,104381.0,0.0944,104411.0,0.0947,98623.0,0.0948,179521.0
1753533133035,12:32:13.035,BAKE/USDT:USDT,0.0945,104381.0,0.0944,104411.0,0.0946,4502.0,0.0947,162828.0
1753533133049,12:32:13.049,BAKE/USDT:USDT,0.0945,104381.0,0.0944,104411.0,0.0946,4502.0,0.0947,164967.0
1753533133304,12:32:13.304,BAKE/USDT:USDT,0.0945,104381.0,0.0944,104411.0,0.0946,4502.0,0.0947,164967.0
1753533134326,12:32:14.326,BAKE/USDT:USDT,0.0945,98653.0,0.0944,98588.0,0.0946,4502.0,0.0947,164967.0
1753533134345,12:32:14.345,BAKE/USDT:USDT,0.0945,98653.0,0.0944,104412.0,0.0946,4502.0,0.0947,164967.0
1753533135971,12:32:15.971,BAKE/USDT:USDT,0.0945,34448.0,0.0944,104412.0,0.0946,4502.0,0.0947,164967.0
1753533136953,12:32:16.953,BAKE/USDT:USDT,0.0945,34448.0,0.0944,104412.0,0.0946,4502.0,0.0947,164967.0
1753533140818,12:32:20.818,BAKE/USDT:USDT,0.0945,34448.0,0.0944,104412.0,0.0946,4502.0,0.0947,164967.0
1753533140918,12:32:20.918,BAKE/USDT:USDT,0.0945,34448.0,0.0944,104412.0,0.0946,4502.0,0.0947,164967.0
1753533156629,12:32:36.629,BAKE/USDT:USDT,0.0945,34448.0,0.0944,104412.0,0.0946,4502.0,0.0947,164967.0
1753533158894,12:32:38.894,BAKE/USDT:USDT,0.0945,34448.0,0.0944,104412.0,0.0946,4502.0,0.0947,164967.0
1753533176244,12:32:56.244,BAKE/USDT:USDT,0.0945,34448.0,0.0944,104412.0,0.0946,4502.0,0.0947,164967.0
1753533176343,12:32:56.343,BAKE/USDT:USDT,0.0945,34448.0,0.0944,104412.0,0.0946,4502.0,0.0947,164967.0
1753533180735,12:33:00.735,BAKE/USDT:USDT,0.0944,74412.0,0.0943,68745.0,0.0946,162912.0,0.0947,164967.0
1753533180810,12:33:00.810,BAKE/USDT:USDT,0.0944,74412.0,0.0943,74574.0,0.0946,162912.0,0.0947,164967.0
1753533180938,12:33:00.938,BAKE/USDT:USDT,0.0944,74412.0,0.0943,74574.0,0.0946,162912.0,0.0947,164967.0
1753533181036,12:33:01.036,BAKE/USDT:USDT,0.0944,74412.0,0.0943,138779.0,0.0946,162912.0,0.0947,164967.0
1753533181067,12:33:01.067,BAKE/USDT:USDT,0.0944,74412.0,0.0943,138779.0,0.0946,162912.0,0.0947,164967.0
1753533181359,12:33:01.359,BAKE/USDT:USDT,0.0944,74412.0,0.0943,138779.0,0.0946,162912.0,0.0947,164967.0
1753533183230,12:33:03.230,BAKE/USDT:USDT,0.0944,74412.0,0.0943,138779.0,0.0946,162912.0,0.0947,164967.0
1753533185189,12:33:05.189,BAKE/USDT:USDT,0.0944,74412.0,0.0943,138779.0,0.0946,162912.0,0.0947,164967.0
1753533185310,12:33:05.310,BAKE/USDT:USDT,0.0944,74412.0,0.0943,138779.0,0.0946,162912.0,0.0947,164967.0
1753533185559,12:33:05.559,BAKE/USDT:USDT,0.0944,74412.0,0.0943,138779.0,0.0946,162912.0,0.0947,164967.0
1753533186477,12:33:06.477,BAKE/USDT:USDT,0.0944,74412.0,0.0943,138779.0,0.0946,162912.0,0.0947,164967.0
1753533193869,12:33:13.869,BAKE/USDT:USDT,0.0944,10207.0,0.0943,74574.0,0.0945,4377.0,0.0946,165051.0
1753533194623,12:33:14.623,BAKE/USDT:USDT,0.0944,10207.0,0.0943,74574.0,0.0945,4377.0,0.0946,165051.0
1753533208249,12:33:28.249,BAKE/USDT:USDT,0.0944,10207.0,0.0943,74574.0,0.0945,4377.0,0.0946,165051.0
1753533208634,12:33:28.634,BAKE/USDT:USDT,0.0944,10207.0,0.0943,74574.0,0.0945,4377.0,0.0946,165051.0
1753533208890,12:33:28.890,BAKE/USDT:USDT,0.0944,10207.0,0.0943,74574.0,0.0946,162912.0,0.0947,164967.0
1753533209020,12:33:29.020,BAKE/USDT:USDT,0.0944,40207.0,0.0943,104574.0,0.0946,162912.0,0.0947,164967.0
1753533217809,12:33:37.809,BAKE/USDT:USDT,0.0944,40207.0,0.0943,104574.0,0.0945,4397.0,0.0946,165051.0
1753533217973,12:33:37.973,BAKE/USDT:USDT,0.0944,40207.0,0.0943,104574.0,0.0945,4397.0,0.0946,165051.0
1753533218982,12:33:38.982,BAKE/USDT:USDT,0.0944,40207.0,0.0943,104574.0,0.0945,4397.0,0.0946,165051.0
1753533223171,12:33:43.171,BAKE/USDT:USDT,0.0944,40207.0,0.0943,104574.0,0.0945,4397.0,0.0946,165051.0
1753533244133,12:34:04.133,BAKE/USDT:USDT,0.0944,40207.0,0.0943,168779.0,0.0945,4397.0,0.0946,165051.0
1753533249015,12:34:09.015,BAKE/USDT:USDT,0.0944,40207.0,0.0943,168779.0,0.0945,4397.0,0.0946,165051.0
1753533249040,12:34:09.040,BAKE/USDT:USDT,0.0944,40207.0,0.0943,168779.0,0.0945,4397.0,0.0946,165051.0
1753533253535,12:34:13.535,BAKE/USDT:USDT,0.0944,40207.0,0.0943,104574.0,0.0945,4397.0,0.0946,165051.0
1753533262698,12:34:22.698,BAKE/USDT:USDT,0.0944,40207.0,0.0943,104574.0,0.0945,4397.0,0.0946,165051.0
1753533262792,12:34:22.792,BAKE/USDT:USDT,0.0944,40207.0,0.0943,104574.0,0.0945,4397.0,0.0946,165051.0
1753533279093,12:34:39.093,BAKE/USDT:USDT,0.0944,40207.0,0.0943,104574.0,0.0945,4397.0,0.0946,165051.0
1753533296930,12:34:56.930,BAKE/USDT:USDT,0.0944,40207.0,0.0943,104574.0,0.0946,162912.0,0.0947,164967.0
1753533300312,12:35:00.312,BAKE/USDT:USDT,0.0944,40207.0,0.0943,104574.0,0.0945,4415.0,0.0946,165051.0
1753533303090,12:35:03.090,BAKE/USDT:USDT,0.0944,40207.0,0.0943,104574.0,0.0946,162912.0,0.0947,164967.0
1753533306169,12:35:06.169,BAKE/USDT:USDT,0.0944,40207.0,0.0943,104574.0,0.0945,4415.0,0.0946,165051.0
1753533309119,12:35:09.119,BAKE/USDT:USDT,0.0944,40207.0,0.0943,104574.0,0.0945,4415.0,0.0946,165051.0
1753533309143,12:35:09.143,BAKE/USDT:USDT,0.0944,40207.0,0.0943,104574.0,0.0945,4415.0,0.0946,165051.0
1753533337836,12:35:37.836,BAKE/USDT:USDT,0.0944,40207.0,0.0943,104574.0,0.0946,165051.0,0.0947,162828.0
1753533337869,12:35:37.869,BAKE/USDT:USDT,0.0944,40207.0,0.0943,104574.0,0.0945,4437.0,0.0946,165051.0
1753533338325,12:35:38.325,BAKE/USDT:USDT,0.0944,40207.0,0.0943,104574.0,0.0946,162912.0,0.0947,164967.0
1753533339202,12:35:39.202,BAKE/USDT:USDT,0.0944,40207.0,0.0943,104574.0,0.0946,162912.0,0.0947,164967.0
1753533339569,12:35:39.569,BAKE/USDT:USDT,0.0944,40207.0,0.0943,104574.0,0.0945,4437.0,0.0946,165051.0
1753533360824,12:36:00.824,BAKE/USDT:USDT,0.0944,40207.0,0.0943,104574.0,0.0946,165051.0,0.0947,162828.0
1753533360851,12:36:00.851,BAKE/USDT:USDT,0.0944,40207.0,0.0943,104574.0,0.0946,162912.0,0.0947,164967.0
1753533367935,12:36:07.935,BAKE/USDT:USDT,0.0945,34445.0,0.0944,168617.0,0.0946,4502.0,0.0947,70762.0
1753533368011,12:36:08.011,BAKE/USDT:USDT,0.0945,34445.0,0.0944,168617.0,0.0946,4502.0,0.0947,134967.0
1753533368129,12:36:08.129,BAKE/USDT:USDT,0.0945,34445.0,0.0944,168617.0,0.0946,4502.0,0.0947,134967.0
1753533368222,12:36:08.222,BAKE/USDT:USDT,0.0945,34445.0,0.0944,168617.0,0.0946,4502.0,0.0947,134967.0
1753533369272,12:36:09.272,BAKE/USDT:USDT,0.0945,34445.0,0.0944,168617.0,0.0946,4502.0,0.0947,134967.0
1753533371162,12:36:11.162,BAKE/USDT:USDT,0.0945,34445.0,0.0944,168617.0,0.0946,4502.0,0.0947,134967.0
1753533373162,12:36:13.162,BAKE/USDT:USDT,0.0945,34445.0,0.0944,168617.0,0.0946,4502.0,0.0947,134967.0
1753533387215,12:36:27.215,BAKE/USDT:USDT,0.0945,34445.0,0.0944,168617.0,0.0946,4502.0,0.0947,134967.0
1753533394490,12:36:34.490,BAKE/USDT:USDT,0.0945,34445.0,0.0944,104412.0,0.0946,4502.0,0.0947,134967.0
1753533426019,12:37:06.019,BAKE/USDT:USDT,0.0945,34445.0,0.0944,104412.0,0.0946,4425.0,0.0947,134967.0
1753533426135,12:37:06.135,BAKE/USDT:USDT,0.0945,34445.0,0.0944,104412.0,0.0946,4425.0,0.0947,134967.0
1753533460141,12:37:40.141,BAKE/USDT:USDT,0.0945,34445.0,0.0944,104412.0,0.0946,4425.0,0.0947,134967.0
1753533460532,12:37:40.532,BAKE/USDT:USDT,0.0945,34445.0,0.0944,104412.0,0.0947,134967.0,0.0948,128994.0
1753533460613,12:37:40.613,BAKE/USDT:USDT,0.0945,34445.0,0.0944,104412.0,0.0947,132828.0,0.0948,131133.0
1753533460736,12:37:40.736,BAKE/USDT:USDT,0.0945,34445.0,0.0944,104412.0,0.0947,132828.0,0.0948,131133.0
1753533460828,12:37:40.828,BAKE/USDT:USDT,0.0945,34445.0,0.0944,104412.0,0.0947,132828.0,0.0948,131133.0
1753533461240,12:37:41.240,BAKE/USDT:USDT,0.0945,34445.0,0.0944,104412.0,0.0946,4511.0,0.0947,132828.0
1753533461251,12:37:41.251,BAKE/USDT:USDT,0.0945,34445.0,0.0944,104412.0,0.0946,4511.0,0.0947,134967.0
1753533461986,12:37:41.986,BAKE/USDT:USDT,0.0945,34445.0,0.0944,168617.0,0.0946,4511.0,0.0947,134967.0
1753533468485,12:37:48.485,BAKE/USDT:USDT,0.0945,34445.0,0.0944,168617.0,0.0946,4511.0,0.0947,134967.0
1753533469090,12:37:49.090,BAKE/USDT:USDT,0.0945,34445.0,0.0944,168617.0,0.0946,4511.0,0.0947,134967.0
1753533471797,12:37:51.797,BAKE/USDT:USDT,0.0946,12344.0,0.0945,104247.0,0.0947,4418.0,0.0948,131133.0
1753533471912,12:37:51.912,BAKE/USDT:USDT,0.0946,12344.0,0.0945,104247.0,0.0947,4418.0,0.0948,131133.0
1753533472035,12:37:52.035,BAKE/USDT:USDT,0.0946,12344.0,0.0945,104247.0,0.0947,4418.0,0.0948,131133.0
1753533472104,12:37:52.104,BAKE/USDT:USDT,0.0946,12344.0,0.0945,104247.0,0.0947,4418.0,0.0948,131133.0
1753533472181,12:37:52.181,BAKE/USDT:USDT,0.0946,12344.0,0.0945,104247.0,0.0947,4418.0,0.0948,131133.0
1753533472653,12:37:52.653,BAKE/USDT:USDT,0.0946,12344.0,0.0945,104247.0,0.0947,4418.0,0.0948,131133.0
1753533472946,12:37:52.946,BAKE/USDT:USDT,0.0946,12344.0,0.0945,168452.0,0.0947,4418.0,0.0948,131133.0
1753533475164,12:37:55.164,BAKE/USDT:USDT,0.0946,12344.0,0.0945,168452.0,0.0947,4418.0,0.0948,131133.0
1753533477089,12:37:57.089,BAKE/USDT:USDT,0.0946,12344.0,0.0945,168452.0,0.0947,4418.0,0.0948,131133.0
1753533480823,12:38:00.823,BAKE/USDT:USDT,0.0946,12344.0,0.0945,168452.0,0.0947,4418.0,0.0948,131133.0
1753533481069,12:38:01.069,BAKE/USDT:USDT,0.0946,12344.0,0.0945,168452.0,0.0947,4418.0,0.0948,131133.0
1753533483677,12:38:03.677,BAKE/USDT:USDT,0.0946,12344.0,0.0945,104247.0,0.0947,4418.0,0.0948,131133.0
1753533483932,12:38:03.932,BAKE/USDT:USDT,0.0946,12344.0,0.0945,104247.0,0.0947,34418.0,0.0948,131133.0
1753533484141,12:38:04.141,BAKE/USDT:USDT,0.0946,7792.0,0.0945,104247.0,0.0947,34418.0,0.0948,131133.0
1753533484728,12:38:04.728,BAKE/USDT:USDT,0.0946,7792.0,0.0945,104247.0,0.0947,98623.0,0.0948,131133.0
1753533485532,12:38:05.532,BAKE/USDT:USDT,0.0945,40042.0,0.0944,162793.0,0.0946,4496.0,0.0947,100762.0
1753533485965,12:38:05.965,BAKE/USDT:USDT,0.0945,40042.0,0.0944,168410.0,0.0946,4496.0,0.0947,100762.0
1753533486382,12:38:06.382,BAKE/USDT:USDT,0.0945,40042.0,0.0944,168410.0,0.0946,4496.0,0.0947,100762.0
1753533487469,12:38:07.469,BAKE/USDT:USDT,0.0945,104247.0,0.0944,168410.0,0.0947,34418.0,0.0948,131133.0
1753533487607,12:38:07.607,BAKE/USDT:USDT,0.0945,104247.0,0.0944,168410.0,0.0947,34418.0,0.0948,131133.0
1753533489211,12:38:09.211,BAKE/USDT:USDT,0.0945,104247.0,0.0944,168410.0,0.0946,4590.0,0.0947,36557.0
1753533489822,12:38:09.822,BAKE/USDT:USDT,0.0945,104247.0,0.0944,168410.0,0.0946,4590.0,0.0947,36557.0
1753533490031,12:38:10.031,BAKE/USDT:USDT,0.0946,68795.0,0.0945,168452.0,0.0947,34418.0,0.0948,131133.0
1753533490082,12:38:10.082,BAKE/USDT:USDT,0.0946,68795.0,0.0945,168452.0,0.0947,34418.0,0.0948,131133.0
1753533490430,12:38:10.430,BAKE/USDT:USDT,0.0946,68795.0,0.0945,168452.0,0.0947,34418.0,0.0948,131133.0
1753533490530,12:38:10.530,BAKE/USDT:USDT,0.0946,68795.0,0.0945,104247.0,0.0947,34418.0,0.0948,131133.0
1753533490848,12:38:10.848,BAKE/USDT:USDT,0.0946,68795.0,0.0945,104247.0,0.0947,34418.0,0.0948,131133.0
1753533493951,12:38:13.951,BAKE/USDT:USDT,0.0946,68795.0,0.0945,104247.0,0.0947,4418.0,0.0948,131133.0
1753533502627,12:38:22.627,BAKE/USDT:USDT,0.0946,68795.0,0.0945,168452.0,0.0947,4418.0,0.0948,66928.0
1753533502706,12:38:22.706,BAKE/USDT:USDT,0.0946,68795.0,0.0945,168452.0,0.0947,4418.0,0.0948,2723.0
1753533503052,12:38:23.052,BAKE/USDT:USDT,0.0946,68795.0,0.0945,168452.0,0.0947,4418.0,0.0948,66928.0
1753533504688,12:38:24.688,BAKE/USDT:USDT,0.0946,68795.0,0.0945,168452.0,0.0947,4418.0,0.0948,96928.0
1753533505010,12:38:25.010,BAKE/USDT:USDT,0.0946,68795.0,0.0945,168452.0,0.0947,4418.0,0.0948,161133.0
1753533506946,12:38:26.946,BAKE/USDT:USDT,0.0946,68795.0,0.0945,168452.0,0.0947,4418.0,0.0948,96928.0
1753533523558,12:38:43.558,BAKE/USDT:USDT,0.0946,68795.0,0.0945,168452.0,0.0947,4418.0,0.0948,161133.0
1753533531136,12:38:51.136,BAKE/USDT:USDT,0.0946,68795.0,0.0945,168452.0,0.0947,4418.0,0.0948,161133.0
1753533531230,12:38:51.230,BAKE/USDT:USDT,0.0946,9153.0,0.0945,104247.0,0.0947,4418.0,0.0948,161133.0
1753533531355,12:38:51.355,BAKE/USDT:USDT,0.0946,9153.0,0.0945,168452.0,0.0947,4418.0,0.0948,161133.0
1753533532965,12:38:52.965,BAKE/USDT:USDT,0.0946,9153.0,0.0945,104247.0,0.0947,4418.0,0.0948,161133.0
1753533533946,12:38:53.946,BAKE/USDT:USDT,0.0946,9153.0,0.0945,168452.0,0.0947,4418.0,0.0948,161133.0
1753533535913,12:38:55.913,BAKE/USDT:USDT,0.0946,73358.0,0.0945,168452.0,0.0947,4418.0,0.0948,161133.0
1753533535991,12:38:55.991,BAKE/USDT:USDT,0.0946,73358.0,0.0945,168452.0,0.0948,64789.0,0.0949,135014.0
1753533536115,12:38:56.115,BAKE/USDT:USDT,0.0946,73358.0,0.0945,168452.0,0.0948,64789.0,0.0949,135014.0
1753533536237,12:38:56.237,BAKE/USDT:USDT,0.0946,73358.0,0.0945,168452.0,0.0948,64789.0,0.0949,135014.0
1753533536313,12:38:56.313,BAKE/USDT:USDT,0.0946,73358.0,0.0945,168452.0,0.0948,64789.0,0.0949,135014.0
1753533536409,12:38:56.409,BAKE/USDT:USDT,0.0946,73358.0,0.0945,168452.0,0.0947,4563.0,0.0948,66928.0
1753533548237,12:39:08.237,BAKE/USDT:USDT,0.0946,73358.0,0.0945,168452.0,0.0948,64789.0,0.0949,135014.0
1753533550608,12:39:10.608,BAKE/USDT:USDT,0.0946,73358.0,0.0945,168452.0,0.0947,4493.0,0.0948,66928.0
1753533552124,12:39:12.124,BAKE/USDT:USDT,0.0946,73358.0,0.0945,168452.0,0.0948,66928.0,0.0949,132875.0
1753533552150,12:39:12.150,BAKE/USDT:USDT,0.0946,73358.0,0.0945,168452.0,0.0948,64789.0,0.0949,135014.0
1753533555236,12:39:15.236,BAKE/USDT:USDT,0.0946,73358.0,0.0945,168452.0,0.0947,4493.0,0.0948,66928.0
1753533556632,12:39:16.632,BAKE/USDT:USDT,0.0946,73358.0,0.0945,168452.0,0.0948,64789.0,0.0949,135014.0
1753533556909,12:39:16.909,BAKE/USDT:USDT,0.0946,73358.0,0.0945,168452.0,0.0947,4526.0,0.0948,66928.0
1753533558086,12:39:18.086,BAKE/USDT:USDT,0.0946,73358.0,0.0945,168452.0,0.0947,4526.0,0.0948,96928.0
1753533564496,12:39:24.496,BAKE/USDT:USDT,0.0946,73358.0,0.0945,168452.0,0.0947,4526.0,0.0948,161133.0
1753533592201,12:39:52.201,BAKE/USDT:USDT,0.0946,73358.0,0.0945,168452.0,0.0947,4526.0,0.0948,161133.0
1753533592253,12:39:52.253,BAKE/USDT:USDT,0.0946,73358.0,0.0945,168452.0,0.0947,4526.0,0.0948,161133.0
1753533633737,12:40:33.737,BAKE/USDT:USDT,0.0947,7792.0,0.0946,73358.0,0.0948,66928.0,0.0949,132875.0
1753533633826,12:40:33.826,BAKE/USDT:USDT,0.0947,7792.0,0.0946,79159.0,0.0948,64789.0,0.0949,135014.0
1753533633896,12:40:33.896,BAKE/USDT:USDT,0.0947,7792.0,0.0946,79159.0,0.0948,64789.0,0.0949,135014.0
1753533634030,12:40:34.030,BAKE/USDT:USDT,0.0947,7792.0,0.0946,79159.0,0.0948,64789.0,0.0949,135014.0
1753533634077,12:40:34.077,BAKE/USDT:USDT,0.0947,7792.0,0.0946,79159.0,0.0948,64789.0,0.0949,135014.0
1753533652296,12:40:52.296,BAKE/USDT:USDT,0.0947,7792.0,0.0946,79159.0,0.0948,64789.0,0.0949,135014.0
1753533652446,12:40:52.446,BAKE/USDT:USDT,0.0947,7792.0,0.0946,79159.0,0.0948,64789.0,0.0949,135014.0
1753533659252,12:40:59.252,BAKE/USDT:USDT,0.0947,12215.0,0.0946,143364.0,0.0948,584.0,0.0949,135014.0
1753533659397,12:40:59.397,BAKE/USDT:USDT,0.0947,12215.0,0.0946,143364.0,0.0948,584.0,0.0949,70809.0
1753533659686,12:40:59.686,BAKE/USDT:USDT,0.0947,12215.0,0.0946,143364.0,0.0948,584.0,0.0949,135014.0
1753533659937,12:40:59.937,BAKE/USDT:USDT,0.0947,42215.0,0.0946,143364.0,0.0948,584.0,0.0949,135014.0
1753533662351,12:41:02.351,BAKE/USDT:USDT,0.0947,42215.0,0.0946,79159.0,0.0948,584.0,0.0949,135014.0
1753533670364,12:41:10.364,BAKE/USDT:USDT,0.0947,42215.0,0.0946,79159.0,0.0948,584.0,0.0949,132875.0
1753533671491,12:41:11.491,BAKE/USDT:USDT,0.0947,37792.0,0.0946,79159.0,0.0948,584.0,0.0949,132875.0
1753533671669,12:41:11.669,BAKE/USDT:USDT,0.0947,37792.0,0.0946,79159.0,0.0948,584.0,0.0949,135014.0
1753533682586,12:41:22.586,BAKE/USDT:USDT,0.0947,37792.0,0.0946,79159.0,0.0948,584.0,0.0949,135014.0
1753533687318,12:41:27.318,BAKE/USDT:USDT,0.0947,37792.0,0.0946,79159.0,0.0948,584.0,0.0949,135014.0
1753533689425,12:41:29.425,BAKE/USDT:USDT,0.0947,37792.0,0.0946,79159.0,0.0948,584.0,0.0949,135014.0
1753533697059,12:41:37.059,BAKE/USDT:USDT,0.0947,37792.0,0.0946,79159.0,0.0948,584.0,0.0949,132875.0
1753533697164,12:41:37.164,BAKE/USDT:USDT,0.0947,37792.0,0.0946,79159.0,0.0948,584.0,0.0949,135014.0
1753533700554,12:41:40.554,BAKE/USDT:USDT,0.0947,37792.0,0.0946,143364.0,0.0948,584.0,0.0949,135014.0
1753533701706,12:41:41.706,BAKE/USDT:USDT,0.0947,37792.0,0.0946,143364.0,0.0948,584.0,0.0949,70809.0
1753533702590,12:41:42.590,BAKE/USDT:USDT,0.0947,37792.0,0.0946,143364.0,0.0949,70809.0,0.095,132875.0
1753533702736,12:41:42.736,BAKE/USDT:USDT,0.0947,37792.0,0.0946,143364.0,0.0949,70809.0,0.095,132875.0
1753533702752,12:41:42.752,BAKE/USDT:USDT,0.0947,37792.0,0.0946,143364.0,0.0949,70809.0,0.095,132875.0
1753533702931,12:41:42.931,BAKE/USDT:USDT,0.0947,37792.0,0.0946,143364.0,0.0949,135014.0,0.095,132875.0
1753533702953,12:41:42.953,BAKE/USDT:USDT,0.0947,37792.0,0.0946,143364.0,0.0949,135014.0,0.095,132875.0
1753533704307,12:41:44.307,BAKE/USDT:USDT,0.0947,37792.0,0.0946,143364.0,0.0948,4552.0,0.0949,135014.0
1753533706611,12:41:46.611,BAKE/USDT:USDT,0.0947,37792.0,0.0946,143364.0,0.0949,132875.0,0.095,135014.0
1753533707631,12:41:47.631,BAKE/USDT:USDT,0.0947,37792.0,0.0946,143364.0,0.0949,132875.0,0.095,135014.0
1753533708807,12:41:48.807,BAKE/USDT:USDT,0.0947,37792.0,0.0946,143364.0,0.0949,158440.0,0.095,135014.0
1753533716137,12:41:56.137,BAKE/USDT:USDT,0.0947,37792.0,0.0946,143364.0,0.0948,4540.0,0.0949,135014.0
1753533717276,12:41:57.276,BAKE/USDT:USDT,0.0947,37792.0,0.0946,79159.0,0.0948,4540.0,0.0949,135014.0
1753533722494,12:42:02.494,BAKE/USDT:USDT,0.0947,7792.0,0.0946,79159.0,0.0948,4540.0,0.0949,135014.0
1753533723224,12:42:03.224,BAKE/USDT:USDT,0.0947,7792.0,0.0946,79159.0,0.0948,34540.0,0.0949,135014.0
1753533738067,12:42:18.067,BAKE/USDT:USDT,0.0947,12351.0,0.0946,79159.0,0.0948,34540.0,0.0949,135014.0
1753533738259,12:42:18.259,BAKE/USDT:USDT,0.0947,12351.0,0.0946,79159.0,0.0948,4540.0,0.0949,135014.0
1753533743289,12:42:23.289,BAKE/USDT:USDT,0.0947,7792.0,0.0946,79159.0,0.0948,4540.0,0.0949,135014.0
1753533744979,12:42:24.979,BAKE/USDT:USDT,0.0947,7792.0,0.0946,79159.0,0.0948,34540.0,0.0949,135014.0
1753533746108,12:42:26.108,BAKE/USDT:USDT,0.0947,12351.0,0.0946,79159.0,0.0948,34540.0,0.0949,135014.0
1753533755570,12:42:35.570,BAKE/USDT:USDT,0.0947,7792.0,0.0946,79159.0,0.0948,34540.0,0.0949,135014.0
1753533759108,12:42:39.108,BAKE/USDT:USDT,0.0947,7792.0,0.0946,79159.0,0.0948,34540.0,0.0949,135014.0
1753533768892,12:42:48.892,BAKE/USDT:USDT,0.0947,7792.0,0.0946,79159.0,0.0948,34540.0,0.0949,135014.0
1753533769145,12:42:49.145,BAKE/USDT:USDT,0.0947,7792.0,0.0946,79159.0,0.0948,34540.0,0.0949,135014.0
1753533769422,12:42:49.422,BAKE/USDT:USDT,0.0947,7792.0,0.0946,79159.0,0.0948,34540.0,0.0949,135014.0
1753533769954,12:42:49.954,BAKE/USDT:USDT,0.0947,7792.0,0.0946,79159.0,0.0948,34540.0,0.0949,135014.0
1753533784698,12:43:04.698,BAKE/USDT:USDT,0.0947,12352.0,0.0946,79159.0,0.0948,34540.0,0.0949,135014.0
1753533785744,12:43:05.744,BAKE/USDT:USDT,0.0947,7792.0,0.0946,79159.0,0.0948,34540.0,0.0949,135014.0
1753533795909,12:43:15.909,BAKE/USDT:USDT,0.0947,12176.0,0.0946,79159.0,0.0948,34540.0,0.0949,135014.0
1753533801174,12:43:21.174,BAKE/USDT:USDT,0.0947,7792.0,0.0946,79159.0,0.0948,34540.0,0.0949,135014.0
1753533830856,12:43:50.856,BAKE/USDT:USDT,0.0947,12372.0,0.0946,79159.0,0.0948,34540.0,0.0949,135014.0
1753533849639,12:44:09.639,BAKE/USDT:USDT,0.0947,12372.0,0.0946,143364.0,0.0948,34540.0,0.0949,135014.0
1753533851227,12:44:11.227,BAKE/USDT:USDT,0.0947,76577.0,0.0946,143364.0,0.0949,70809.0,0.095,132875.0
1753533855570,12:44:15.570,BAKE/USDT:USDT,0.0947,76577.0,0.0946,143364.0,0.0949,68670.0,0.095,135014.0
1753533857003,12:44:17.003,BAKE/USDT:USDT,0.0947,76577.0,0.0946,143364.0,0.0949,4465.0,0.095,135014.0
1753533857064,12:44:17.064,BAKE/USDT:USDT,0.0948,4584.0,0.0947,76577.0,0.0949,4465.0,0.095,135014.0
1753533857229,12:44:17.229,BAKE/USDT:USDT,0.0948,4584.0,0.0947,76577.0,0.0949,4465.0,0.095,135014.0
1753533857330,12:44:17.330,BAKE/USDT:USDT,0.0948,4584.0,0.0947,76577.0,0.0949,4465.0,0.095,135014.0
1753533857433,12:44:17.433,BAKE/USDT:USDT,0.0948,4584.0,0.0947,76577.0,0.0949,4465.0,0.095,135014.0
1753533858100,12:44:18.100,BAKE/USDT:USDT,0.0948,4584.0,0.0947,76577.0,0.0949,4465.0,0.095,135014.0
1753533874531,12:44:34.531,BAKE/USDT:USDT,0.0948,4584.0,0.0947,76577.0,0.0949,34465.0,0.095,135014.0
1753533874612,12:44:34.612,BAKE/USDT:USDT,0.0948,4584.0,0.0947,76577.0,0.0949,34465.0,0.095,135014.0
1753533904174,12:45:04.174,BAKE/USDT:USDT,0.0948,4584.0,0.0947,76577.0,0.0949,34465.0,0.095,135014.0
1753533904519,12:45:04.519,BAKE/USDT:USDT,0.0948,4584.0,0.0947,76577.0,0.0949,34465.0,0.095,135014.0
1753533906171,12:45:06.171,BAKE/USDT:USDT,0.0948,4584.0,0.0947,76577.0,0.0949,34465.0,0.095,135014.0
1753533908225,12:45:08.225,BAKE/USDT:USDT,0.0947,76577.0,0.0946,143589.0,0.0949,34465.0,0.095,135014.0
1753533908935,12:45:08.935,BAKE/USDT:USDT,0.0948,4573.0,0.0947,76577.0,0.0949,34465.0,0.095,135014.0
1753533908961,12:45:08.961,BAKE/USDT:USDT,0.0948,4573.0,0.0947,76577.0,0.0949,34465.0,0.095,135014.0
1753533909631,12:45:09.631,BAKE/USDT:USDT,0.0947,76577.0,0.0946,137563.0,0.0949,34465.0,0.095,135014.0
1753533909642,12:45:09.642,BAKE/USDT:USDT,0.0947,76577.0,0.0946,143593.0,0.0949,34465.0,0.095,135014.0
1753533916375,12:45:16.375,BAKE/USDT:USDT,0.0947,76577.0,0.0946,143593.0,0.0949,98670.0,0.095,135014.0
1753533919389,12:45:19.389,BAKE/USDT:USDT,0.0947,76577.0,0.0946,143593.0,0.0948,4440.0,0.0949,100809.0
1753533919970,12:45:19.970,BAKE/USDT:USDT,0.0947,76577.0,0.0946,143593.0,0.0949,98670.0,0.095,135014.0
1753533920280,12:45:20.280,BAKE/USDT:USDT,0.0947,76577.0,0.0946,143593.0,0.0949,98670.0,0.095,135014.0
1753533925834,12:45:25.834,BAKE/USDT:USDT,0.0947,76577.0,0.0946,143593.0,0.0949,98670.0,0.095,135014.0
1753533925933,12:45:25.933,BAKE/USDT:USDT,0.0947,76577.0,0.0946,143593.0,0.0949,98670.0,0.095,135014.0
1753533927016,12:45:27.016,BAKE/USDT:USDT,0.0947,76577.0,0.0946,143593.0,0.0948,4415.0,0.0949,98670.0
1753533927107,12:45:27.107,BAKE/USDT:USDT,0.0947,12372.0,0.0946,143593.0,0.0948,4415.0,0.0949,165014.0
1753533928146,12:45:28.146,BAKE/USDT:USDT,0.0947,12372.0,0.0946,143593.0,0.0948,4415.0,0.0949,100809.0
1753533929147,12:45:29.147,BAKE/USDT:USDT,0.0947,12372.0,0.0946,143593.0,0.0948,4415.0,0.0949,165014.0
1753533929895,12:45:29.895,BAKE/USDT:USDT,0.0947,42372.0,0.0946,143593.0,0.0948,4415.0,0.0949,165014.0
1753533936383,12:45:36.383,BAKE/USDT:USDT,0.0947,42372.0,0.0946,143593.0,0.0948,4415.0,0.0949,100809.0
1753533936536,12:45:36.536,BAKE/USDT:USDT,0.0948,7792.0,0.0947,106577.0,0.0949,34465.0,0.095,135014.0
1753533936600,12:45:36.600,BAKE/USDT:USDT,0.0948,7792.0,0.0947,106577.0,0.0949,34465.0,0.095,135014.0
1753533936754,12:45:36.754,BAKE/USDT:USDT,0.0948,7792.0,0.0947,106577.0,0.0949,98670.0,0.095,135014.0
1753533936843,12:45:36.843,BAKE/USDT:USDT,0.0948,7792.0,0.0947,106577.0,0.0949,98670.0,0.095,135014.0
1753533937431,12:45:37.431,BAKE/USDT:USDT,0.0948,7792.0,0.0947,106577.0,0.0949,98670.0,0.095,135014.0
1753533937660,12:45:37.660,BAKE/USDT:USDT,0.0948,7792.0,0.0947,106577.0,0.0949,98670.0,0.095,135014.0
1753533940468,12:45:40.468,BAKE/USDT:USDT,0.0948,12273.0,0.0947,106577.0,0.0949,98670.0,0.095,135014.0
1753533958453,12:45:58.453,BAKE/USDT:USDT,0.0948,7792.0,0.0947,106577.0,0.0949,98670.0,0.095,135014.0
1753533960014,12:46:00.014,BAKE/USDT:USDT,0.0948,12362.0,0.0947,106577.0,0.0949,98670.0,0.095,135014.0
1753533962381,12:46:02.381,BAKE/USDT:USDT,0.0948,4570.0,0.0947,106577.0,0.0949,98670.0,0.095,135014.0
1753533982758,12:46:22.758,BAKE/USDT:USDT,0.0948,4570.0,0.0947,106577.0,0.0949,98670.0,0.095,132875.0
1753533996802,12:46:36.802,BAKE/USDT:USDT,0.0947,106577.0,0.0946,143718.0,0.0949,98670.0,0.095,132875.0
1753534000611,12:46:40.611,BAKE/USDT:USDT,0.0948,4497.0,0.0947,106577.0,0.0949,98670.0,0.095,132875.0
1753534002029,12:46:42.029,BAKE/USDT:USDT,0.0948,4497.0,0.0947,106577.0,0.0949,98670.0,0.095,132875.0
1753534011532,12:46:51.532,BAKE/USDT:USDT,0.0948,68702.0,0.0947,170782.0,0.095,88998.0,0.0951,132919.0
1753534011630,12:46:51.630,BAKE/USDT:USDT,0.0948,68702.0,0.0947,170782.0,0.095,88998.0,0.0951,151259.0
1753534011736,12:46:51.736,BAKE/USDT:USDT,0.0948,68702.0,0.0947,170782.0,0.095,88998.0,0.0951,151259.0
1753534011807,12:46:51.807,BAKE/USDT:USDT,0.0948,68702.0,0.0947,170782.0,0.095,88998.0,0.0951,151259.0
1753534012848,12:46:52.848,BAKE/USDT:USDT,0.0948,68702.0,0.0947,170782.0,0.095,70809.0,0.0951,151259.0
1753534021774,12:47:01.774,BAKE/USDT:USDT,0.0948,68702.0,0.0947,170782.0,0.095,68670.0,0.0951,153398.0
1753534031230,12:47:11.230,BAKE/USDT:USDT,0.0948,4497.0,0.0947,106577.0,0.095,162875.0,0.0951,153398.0
1753534031451,12:47:11.451,BAKE/USDT:USDT,0.0948,4497.0,0.0947,170782.0,0.095,162875.0,0.0951,153398.0
1753534031746,12:47:11.746,BAKE/USDT:USDT,0.0948,34497.0,0.0947,170782.0,0.095,162875.0,0.0951,153398.0
1753534037492,12:47:17.492,BAKE/USDT:USDT,0.0948,34497.0,0.0947,170782.0,0.0949,4454.0,0.095,165014.0
1753534041663,12:47:21.663,BAKE/USDT:USDT,0.0948,34497.0,0.0947,170782.0,0.0949,4454.0,0.095,165014.0
1753534042775,12:47:22.775,BAKE/USDT:USDT,0.0948,4497.0,0.0947,170782.0,0.0949,4454.0,0.095,165014.0
1753534045592,12:47:25.592,BAKE/USDT:USDT,0.0948,4497.0,0.0947,170782.0,0.0949,34454.0,0.095,165014.0
1753534063451,12:47:43.451,BAKE/USDT:USDT,0.0948,4497.0,0.0947,106577.0,0.0949,34454.0,0.095,165014.0
1753534069764,12:47:49.764,BAKE/USDT:USDT,0.0947,106577.0,0.0946,143794.0,0.0949,98659.0,0.095,165014.0
1753534080789,12:48:00.789,BAKE/USDT:USDT,0.0947,106577.0,0.0946,143794.0,0.0948,4544.0,0.0949,100798.0
1753534080922,12:48:00.922,BAKE/USDT:USDT,0.0947,76577.0,0.0946,143794.0,0.0948,4544.0,0.0949,100798.0
1753534081015,12:48:01.015,BAKE/USDT:USDT,0.0946,79589.0,0.0945,139099.0,0.0948,68749.0,0.0949,165003.0
1753534081122,12:48:01.122,BAKE/USDT:USDT,0.0946,79589.0,0.0945,139099.0,0.0948,68749.0,0.0949,165003.0
1753534088770,12:48:08.770,BAKE/USDT:USDT,0.0947,4434.0,0.0946,79589.0,0.0948,68749.0,0.0949,165003.0
1753534093150,12:48:13.150,BAKE/USDT:USDT,0.0947,4434.0,0.0946,143794.0,0.0948,4544.0,0.0949,165003.0
1753534097604,12:48:17.604,BAKE/USDT:USDT,0.0947,4434.0,0.0946,79589.0,0.0948,4544.0,0.0949,165003.0
1753534098003,12:48:18.003,BAKE/USDT:USDT,0.0947,4434.0,0.0946,79589.0,0.0948,34544.0,0.0949,165003.0
1753534103421,12:48:23.421,BAKE/USDT:USDT,0.0947,68639.0,0.0946,143794.0,0.0948,4544.0,0.0949,100798.0
1753534107630,12:48:27.630,BAKE/USDT:USDT,0.0948,4399.0,0.0947,68639.0,0.0949,100798.0,0.095,132875.0
1753534107731,12:48:27.731,BAKE/USDT:USDT,0.0948,4399.0,0.0947,68639.0,0.0949,98659.0,0.095,135014.0
1753534107829,12:48:27.829,BAKE/USDT:USDT,0.0948,4399.0,0.0947,74871.0,0.0949,98659.0,0.095,135014.0
1753534107923,12:48:27.923,BAKE/USDT:USDT,0.0948,4399.0,0.0947,74871.0,0.0949,98659.0,0.095,135014.0
1753534108038,12:48:28.038,BAKE/USDT:USDT,0.0948,4399.0,0.0947,10666.0,0.0949,68659.0,0.095,135014.0
1753534108128,12:48:28.128,BAKE/USDT:USDT,0.0948,4399.0,0.0947,10666.0,0.0949,68659.0,0.095,153373.0
1753534108208,12:48:28.208,BAKE/USDT:USDT,0.0948,4399.0,0.0947,74871.0,0.0949,68659.0,0.095,153373.0
1753534109002,12:48:29.002,BAKE/USDT:USDT,0.0948,4399.0,0.0947,139076.0,0.0949,68659.0,0.095,153373.0
1753534110720,12:48:30.720,BAKE/USDT:USDT,0.0948,4399.0,0.0947,139076.0,0.0949,68659.0,0.095,153373.0
1753534110816,12:48:30.816,BAKE/USDT:USDT,0.0948,4399.0,0.0947,139076.0,0.0949,68659.0,0.095,153373.0
1753534114177,12:48:34.177,BAKE/USDT:USDT,0.0948,4399.0,0.0947,139076.0,0.0949,68659.0,0.095,153373.0
1753534115552,12:48:35.552,BAKE/USDT:USDT,0.0948,4399.0,0.0947,139076.0,0.0949,68659.0,0.095,153373.0
1753534117531,12:48:37.531,BAKE/USDT:USDT,0.0947,10666.0,0.0946,137563.0,0.0949,68659.0,0.095,153373.0
1753534117606,12:48:37.606,BAKE/USDT:USDT,0.0947,10666.0,0.0946,137563.0,0.0949,132864.0,0.095,153373.0
1753534117666,12:48:37.666,BAKE/USDT:USDT,0.0947,10666.0,0.0946,143795.0,0.0949,68659.0,0.095,153373.0
1753534117777,12:48:37.777,BAKE/USDT:USDT,0.0947,40666.0,0.0946,143795.0,0.0949,68659.0,0.095,153373.0
1753534118270,12:48:38.270,BAKE/USDT:USDT,0.0947,40666.0,0.0946,143795.0,0.0948,4504.0,0.0949,70798.0
1753534118893,12:48:38.893,BAKE/USDT:USDT,0.0947,40666.0,0.0946,143795.0,0.0949,68659.0,0.095,153373.0
1753534119189,12:48:39.189,BAKE/USDT:USDT,0.0947,40666.0,0.0946,143795.0,0.0948,4504.0,0.0949,70798.0
1753534121382,12:48:41.382,BAKE/USDT:USDT,0.0947,40666.0,0.0946,143795.0,0.0948,68709.0,0.0949,135003.0
1753534127799,12:48:47.799,BAKE/USDT:USDT,0.0947,40666.0,0.0946,143795.0,0.0948,4504.0,0.0949,70798.0
1753534134372,12:48:54.372,BAKE/USDT:USDT,0.0947,40666.0,0.0946,143795.0,0.0948,4504.0,0.0949,70798.0
1753534134469,12:48:54.469,BAKE/USDT:USDT,0.0947,40666.0,0.0946,143795.0,0.0949,68659.0,0.095,153373.0
1753534134870,12:48:54.870,BAKE/USDT:USDT,0.0947,40666.0,0.0946,143795.0,0.0949,68659.0,0.095,153373.0
1753534136829,12:48:56.829,BAKE/USDT:USDT,0.0947,40666.0,0.0946,143795.0,0.0948,4382.0,0.0949,70798.0
1753534136890,12:48:56.890,BAKE/USDT:USDT,0.0947,40666.0,0.0946,143795.0,0.0948,4382.0,0.0949,70798.0
1753534138120,12:48:58.120,BAKE/USDT:USDT,0.0947,40666.0,0.0946,143795.0,0.0948,4382.0,0.0949,70798.0
1753534144190,12:49:04.190,BAKE/USDT:USDT,0.0947,40666.0,0.0946,143795.0,0.0949,68659.0,0.095,135014.0
1753534157175,12:49:17.175,BAKE/USDT:USDT,0.0947,40666.0,0.0946,143795.0,0.0949,68659.0,0.095,135014.0
1753534171236,12:49:31.236,BAKE/USDT:USDT,0.0947,40666.0,0.0946,143795.0,0.0949,68659.0,0.095,135014.0
1753534171317,12:49:31.317,BAKE/USDT:USDT,0.0947,40666.0,0.0946,143795.0,0.0949,68659.0,0.095,135014.0
1753534177574,12:49:37.574,BAKE/USDT:USDT,0.0947,40666.0,0.0946,143795.0,0.0949,68659.0,0.095,135014.0
1753534184027,12:49:44.027,BAKE/USDT:USDT,0.0948,4501.0,0.0947,40666.0,0.0949,68659.0,0.095,135014.0
1753534184076,12:49:44.076,BAKE/USDT:USDT,0.0948,4501.0,0.0947,40666.0,0.0949,68659.0,0.095,135014.0
1753534185019,12:49:45.019,BAKE/USDT:USDT,0.0948,4501.0,0.0947,40666.0,0.0949,68659.0,0.095,135014.0
1753534186034,12:49:46.034,BAKE/USDT:USDT,0.0948,4501.0,0.0947,104871.0,0.0949,68659.0,0.095,135014.0
1753534187851,12:49:47.851,BAKE/USDT:USDT,0.0948,4501.0,0.0947,104871.0,0.0949,68659.0,0.095,135014.0
1753534188960,12:49:48.960,BAKE/USDT:USDT,0.0948,4501.0,0.0947,169076.0,0.0949,68659.0,0.095,135014.0
1753534205106,12:50:05.106,BAKE/USDT:USDT,0.0948,4501.0,0.0947,169076.0,0.0949,64205.0,0.095,135014.0
1753534205246,12:50:05.246,BAKE/USDT:USDT,0.0948,4501.0,0.0947,169076.0,0.095,70809.0,0.0951,132919.0
1753534205406,12:50:05.406,BAKE/USDT:USDT,0.0948,4501.0,0.0947,169076.0,0.095,68670.0,0.0951,190078.0
1753534205532,12:50:05.532,BAKE/USDT:USDT,0.0948,4501.0,0.0947,169076.0,0.095,68670.0,0.0951,190078.0
1753534205614,12:50:05.614,BAKE/USDT:USDT,0.0948,4501.0,0.0947,169076.0,0.095,68670.0,0.0951,190078.0
1753534205715,12:50:05.715,BAKE/USDT:USDT,0.0948,4501.0,0.0947,169076.0,0.095,68670.0,0.0951,245098.0
1753534205833,12:50:05.833,BAKE/USDT:USDT,0.0948,34501.0,0.0947,169076.0,0.095,68670.0,0.0951,245098.0
1753534205874,12:50:05.874,BAKE/USDT:USDT,0.0948,34501.0,0.0947,169076.0,0.095,68670.0,0.0951,245098.0
1753534206393,12:50:06.393,BAKE/USDT:USDT,0.0948,34501.0,0.0947,169076.0,0.095,68670.0,0.0951,263438.0
1753534207653,12:50:07.653,BAKE/USDT:USDT,0.0948,34501.0,0.0947,169076.0,0.095,68670.0,0.0951,263438.0
1753534211026,12:50:11.026,BAKE/USDT:USDT,0.0948,34501.0,0.0947,169076.0,0.0949,4542.0,0.095,68670.0
1753534211052,12:50:11.052,BAKE/USDT:USDT,0.0948,34501.0,0.0947,169076.0,0.0949,4542.0,0.095,70809.0
1753534211831,12:50:11.831,BAKE/USDT:USDT,0.0948,34501.0,0.0947,169076.0,0.0949,4542.0,0.095,135014.0
1753534211861,12:50:11.861,BAKE/USDT:USDT,0.0948,4501.0,0.0947,104871.0,0.0949,68747.0,0.095,135014.0
1753534212469,12:50:12.469,BAKE/USDT:USDT,0.0948,4501.0,0.0947,169076.0,0.0949,68747.0,0.095,135014.0
1753534212966,12:50:12.966,BAKE/USDT:USDT,0.0948,4501.0,0.0947,104871.0,0.0949,68747.0,0.095,135014.0
1753534213534,12:50:13.534,BAKE/USDT:USDT,0.0948,4501.0,0.0947,169076.0,0.0949,68747.0,0.095,135014.0
1753534224438,12:50:24.438,BAKE/USDT:USDT,0.0947,104871.0,0.0946,139266.0,0.0949,68747.0,0.095,135014.0
1753534224439,12:50:24.439,BAKE/USDT:USDT,0.0947,40666.0,0.0946,139266.0,0.0949,68747.0,0.095,135014.0
1753534224710,12:50:24.710,BAKE/USDT:USDT,0.0948,4495.0,0.0947,40666.0,0.0949,68747.0,0.095,135014.0
1753534224790,12:50:24.790,BAKE/USDT:USDT,0.0948,4495.0,0.0947,169076.0,0.0949,68747.0,0.095,135014.0
1753534225042,12:50:25.042,BAKE/USDT:USDT,0.0948,4495.0,0.0947,169076.0,0.0949,68747.0,0.095,135014.0
1753534225965,12:50:25.965,BAKE/USDT:USDT,0.0948,4495.0,0.0947,104871.0,0.0949,68747.0,0.095,135014.0
1753534226261,12:50:26.261,BAKE/USDT:USDT,0.0948,4495.0,0.0947,104871.0,0.0949,68747.0,0.095,135014.0
1753534227112,12:50:27.112,BAKE/USDT:USDT,0.0948,4495.0,0.0947,169076.0,0.0949,68747.0,0.095,135014.0
1753534236429,12:50:36.429,BAKE/USDT:USDT,0.0948,4495.0,0.0947,169076.0,0.0949,68747.0,0.095,135014.0
1753534238782,12:50:38.782,BAKE/USDT:USDT,0.0948,4495.0,0.0947,104871.0,0.0949,68747.0,0.095,135014.0
1753534243938,12:50:43.938,BAKE/USDT:USDT,0.0946,10871.0,0.0945,132855.0,0.0948,73191.0,0.0949,132952.0
1753534244011,12:50:44.011,BAKE/USDT:USDT,0.0946,10871.0,0.0945,139163.0,0.0947,4491.0,0.0948,73191.0
1753534244102,12:50:44.102,BAKE/USDT:USDT,0.0946,10871.0,0.0945,139163.0,0.0947,4491.0,0.0948,73191.0
1753534244233,12:50:44.233,BAKE/USDT:USDT,0.0946,10871.0,0.0945,139163.0,0.0947,4491.0,0.0948,75330.0
1753534244276,12:50:44.276,BAKE/USDT:USDT,0.0946,10871.0,0.0945,139163.0,0.0947,4491.0,0.0948,75330.0
1753534244350,12:50:44.350,BAKE/USDT:USDT,0.0946,40871.0,0.0945,139163.0,0.0947,4491.0,0.0948,75330.0
1753534244534,12:50:44.534,BAKE/USDT:USDT,0.0946,40871.0,0.0945,139163.0,0.0947,4491.0,0.0948,75330.0
1753534244544,12:50:44.544,BAKE/USDT:USDT,0.0946,40871.0,0.0945,139163.0,0.0947,4491.0,0.0948,75330.0
1753534246205,12:50:46.205,BAKE/USDT:USDT,0.0946,4563.0,0.0945,10753.0,0.0947,68696.0,0.0948,139535.0
1753534246329,12:50:46.329,BAKE/USDT:USDT,0.0946,4563.0,0.0945,40753.0,0.0947,68696.0,0.0948,139535.0
1753534246422,12:50:46.422,BAKE/USDT:USDT,0.0946,4563.0,0.0945,104958.0,0.0947,68696.0,0.0948,139535.0
1753534248025,12:50:48.025,BAKE/USDT:USDT,0.0946,4563.0,0.0945,104958.0,0.0947,68696.0,0.0948,139535.0
1753534251303,12:50:51.303,BAKE/USDT:USDT,0.0945,40753.0,0.0944,139109.0,0.0947,68696.0,0.0948,139535.0
1753534253162,12:50:53.162,BAKE/USDT:USDT,0.0945,40753.0,0.0944,139109.0,0.0947,68696.0,0.0948,139535.0
1753534255245,12:50:55.245,BAKE/USDT:USDT,0.0945,40753.0,0.0944,139109.0,0.0947,68696.0,0.0948,139535.0
1753534256273,12:50:56.273,BAKE/USDT:USDT,0.0945,40753.0,0.0944,139109.0,0.0947,68696.0,0.0948,139535.0
1753534265434,12:51:05.434,BAKE/USDT:USDT,0.0945,40753.0,0.0944,139109.0,0.0947,68696.0,0.0948,194707.0
1753534265452,12:51:05.452,BAKE/USDT:USDT,0.0945,40753.0,0.0944,139109.0,0.0947,68696.0,0.0948,249879.0
1753534272254,12:51:12.254,BAKE/USDT:USDT,0.0945,40753.0,0.0944,139109.0,0.0947,68696.0,0.0948,249879.0
1753534274146,12:51:14.146,BAKE/USDT:USDT,0.0945,40753.0,0.0944,139109.0,0.0947,68696.0,0.0948,249879.0
1753534274434,12:51:14.434,BAKE/USDT:USDT,0.0945,40753.0,0.0944,139109.0,0.0946,4547.0,0.0947,68696.0
1753534274454,12:51:14.454,BAKE/USDT:USDT,0.0945,40753.0,0.0944,139109.0,0.0946,4547.0,0.0947,70835.0
1753534274570,12:51:14.570,BAKE/USDT:USDT,0.0945,40753.0,0.0944,139109.0,0.0946,4547.0,0.0947,70835.0
1753534274861,12:51:14.861,BAKE/USDT:USDT,0.0945,40753.0,0.0944,139109.0,0.0946,4547.0,0.0947,70835.0
1753534275339,12:51:15.339,BAKE/USDT:USDT,0.0945,40753.0,0.0944,139109.0,0.0947,70835.0,0.0948,247740.0
1753534275348,12:51:15.348,BAKE/USDT:USDT,0.0945,40753.0,0.0944,139109.0,0.0947,68696.0,0.0948,249879.0
1753534275792,12:51:15.792,BAKE/USDT:USDT,0.0945,40753.0,0.0944,139109.0,0.0946,4547.0,0.0947,70835.0
1753534276480,12:51:16.480,BAKE/USDT:USDT,0.0945,40753.0,0.0944,139109.0,0.0946,4547.0,0.0947,70835.0
1753534277389,12:51:17.389,BAKE/USDT:USDT,0.0945,40753.0,0.0944,139109.0,0.0947,68696.0,0.0948,249879.0
1753534278009,12:51:18.009,BAKE/USDT:USDT,0.0945,40753.0,0.0944,139109.0,0.0946,4492.0,0.0947,70835.0
1753534278694,12:51:18.694,BAKE/USDT:USDT,0.0945,40753.0,0.0944,139109.0,0.0946,4492.0,0.0947,70835.0
1753534278814,12:51:18.814,BAKE/USDT:USDT,0.0945,10753.0,0.0944,139109.0,0.0946,4492.0,0.0947,70835.0
1753534284172,12:51:24.172,BAKE/USDT:USDT,0.0945,10753.0,0.0944,139109.0,0.0947,68696.0,0.0948,249879.0
1753534284894,12:51:24.894,BAKE/USDT:USDT,0.0945,40753.0,0.0944,139109.0,0.0947,68696.0,0.0948,249879.0
1753534288629,12:51:28.629,BAKE/USDT:USDT,0.0945,40753.0,0.0944,139109.0,0.0946,4410.0,0.0947,70835.0
1753534305440,12:51:45.440,BAKE/USDT:USDT,0.0945,40753.0,0.0944,139109.0,0.0947,70835.0,0.0948,247740.0
1753534305449,12:51:45.449,BAKE/USDT:USDT,0.0945,40753.0,0.0944,139109.0,0.0947,68696.0,0.0948,249879.0
1753534307088,12:51:47.088,BAKE/USDT:USDT,0.0945,40753.0,0.0944,139109.0,0.0946,4417.0,0.0947,70835.0
1753534319831,12:51:59.831,BAKE/USDT:USDT,0.0945,40753.0,0.0944,139109.0,0.0947,68696.0,0.0948,249879.0
1753534351134,12:52:31.134,BAKE/USDT:USDT,0.0945,40753.0,0.0944,139109.0,0.0946,4447.0,0.0947,68696.0
1753534351149,12:52:31.149,BAKE/USDT:USDT,0.0945,40753.0,0.0944,139109.0,0.0946,4447.0,0.0947,70835.0
1753534352176,12:52:32.176,BAKE/USDT:USDT,0.0945,40753.0,0.0944,139109.0,0.0946,4447.0,0.0947,70835.0
1753534357175,12:52:37.175,BAKE/USDT:USDT,0.0945,10731.0,0.0944,74904.0,0.0946,68652.0,0.0947,135040.0
1753534358973,12:52:38.973,BAKE/USDT:USDT,0.0945,10731.0,0.0944,139109.0,0.0946,68652.0,0.0947,135040.0
1753534364351,12:52:44.351,BAKE/USDT:USDT,0.0945,10731.0,0.0944,139109.0,0.0946,68652.0,0.0947,135040.0
1753534364537,12:52:44.537,BAKE/USDT:USDT,0.0945,10731.0,0.0944,139109.0,0.0946,68652.0,0.0947,135040.0
1753534379637,12:52:59.637,BAKE/USDT:USDT,0.0945,74936.0,0.0944,139109.0,0.0947,70835.0,0.0948,243245.0
1753534379648,12:52:59.648,BAKE/USDT:USDT,0.0945,74936.0,0.0944,139109.0,0.0947,68696.0,0.0948,245384.0
1753534388992,12:53:08.992,BAKE/USDT:USDT,0.0945,10731.0,0.0944,139109.0,0.0947,132901.0,0.0948,245384.0
1753534389715,12:53:09.715,BAKE/USDT:USDT,0.0945,40731.0,0.0944,139109.0,0.0947,68696.0,0.0948,245384.0
1753534393798,12:53:13.798,BAKE/USDT:USDT,0.0945,40731.0,0.0944,139109.0,0.0947,68696.0,0.0948,245384.0
1753534394396,12:53:14.396,BAKE/USDT:USDT,0.0945,40731.0,0.0944,139109.0,0.0947,68696.0,0.0948,245384.0
1753534396392,12:53:16.392,BAKE/USDT:USDT,0.0945,40731.0,0.0944,139109.0,0.0947,68696.0,0.0948,245384.0
1753534396640,12:53:16.640,BAKE/USDT:USDT,0.0945,40731.0,0.0944,139109.0,0.0947,68696.0,0.0948,245384.0
1753534398309,12:53:18.309,BAKE/USDT:USDT,0.0945,40731.0,0.0944,139109.0,0.0946,4432.0,0.0947,70835.0
1753534398389,12:53:18.389,BAKE/USDT:USDT,0.0945,40731.0,0.0944,139109.0,0.0947,68696.0,0.0948,245384.0
1753534409414,12:53:29.414,BAKE/USDT:USDT,0.0945,40731.0,0.0944,139109.0,0.0947,68696.0,0.0948,245384.0
1753534409529,12:53:29.529,BAKE/USDT:USDT,0.0945,40731.0,0.0944,139109.0,0.0946,68731.0,0.0947,135040.0
1753534410119,12:53:30.119,BAKE/USDT:USDT,0.0945,40731.0,0.0944,139109.0,0.0946,4526.0,0.0947,70835.0
1753534410502,12:53:30.502,BAKE/USDT:USDT,0.0945,40731.0,0.0944,139109.0,0.0946,68731.0,0.0947,135040.0
1753534414320,12:53:34.320,BAKE/USDT:USDT,0.0945,40731.0,0.0944,139109.0,0.0946,68731.0,0.0947,135040.0
1753534414417,12:53:34.417,BAKE/USDT:USDT,0.0945,40731.0,0.0944,139109.0,0.0946,68731.0,0.0947,135040.0
1753534425925,12:53:45.925,BAKE/USDT:USDT,0.0945,40731.0,0.0944,139109.0,0.0946,68731.0,0.0947,135040.0
1753534426625,12:53:46.625,BAKE/USDT:USDT,0.0945,40731.0,0.0944,74904.0,0.0946,68731.0,0.0947,135040.0
1753534430846,12:53:50.846,BAKE/USDT:USDT,0.0945,40731.0,0.0944,139109.0,0.0946,68731.0,0.0947,135040.0
1753534439814,12:53:59.814,BAKE/USDT:USDT,0.0945,40731.0,0.0944,139109.0,0.0947,68696.0,0.0948,245384.0
1753534447470,12:54:07.470,BAKE/USDT:USDT,0.0945,169141.0,0.0944,139109.0,0.0947,4491.0,0.0948,245384.0
1753534447721,12:54:07.721,BAKE/USDT:USDT,0.0945,104936.0,0.0944,139109.0,0.0947,68696.0,0.0948,245384.0
1753534454472,12:54:14.472,BAKE/USDT:USDT,0.0945,104936.0,0.0944,139109.0,0.0947,68696.0,0.0948,245384.0
1753534462439,12:54:22.439,BAKE/USDT:USDT,0.0945,40731.0,0.0944,139109.0,0.0947,68696.0,0.0948,245384.0
1753534462527,12:54:22.527,BAKE/USDT:USDT,0.0945,40731.0,0.0944,139109.0,0.0947,132901.0,0.0948,245384.0
1753534463260,12:54:23.260,BAKE/USDT:USDT,0.0945,40731.0,0.0944,139109.0,0.0947,68696.0,0.0948,245384.0
1753534474817,12:54:34.817,BAKE/USDT:USDT,0.0945,40731.0,0.0944,139109.0,0.0947,68696.0,0.0948,245384.0
1753534474916,12:54:34.916,BAKE/USDT:USDT,0.0945,40731.0,0.0944,139109.0,0.0947,68696.0,0.0948,245384.0
1753534482296,12:54:42.296,BAKE/USDT:USDT,0.0945,104936.0,0.0944,139109.0,0.0947,68696.0,0.0948,245384.0
1753534484536,12:54:44.536,BAKE/USDT:USDT,0.0945,104936.0,0.0944,139109.0,0.0947,68696.0,0.0948,245384.0
1753534487468,12:54:47.468,BAKE/USDT:USDT,0.0945,40731.0,0.0944,139109.0,0.0946,4369.0,0.0947,135040.0
1753534487662,12:54:47.662,BAKE/USDT:USDT,0.0945,40731.0,0.0944,139109.0,0.0946,4369.0,0.0947,135040.0
1753534490864,12:54:50.864,BAKE/USDT:USDT,0.0945,40731.0,0.0944,139109.0,0.0946,4369.0,0.0947,135040.0
1753534500109,12:55:00.109,BAKE/USDT:USDT,0.0945,104936.0,0.0944,139109.0,0.0947,68696.0,0.0948,245384.0
1753534501147,12:55:01.147,BAKE/USDT:USDT,0.0945,104936.0,0.0944,139109.0,0.0947,132901.0,0.0948,245384.0
1753534507751,12:55:07.751,BAKE/USDT:USDT,0.0945,104936.0,0.0944,139109.0,0.0947,68696.0,0.0948,245384.0
1753534514605,12:55:14.605,BAKE/USDT:USDT,0.0945,104936.0,0.0944,139109.0,0.0947,68696.0,0.0948,245384.0
1753534516735,12:55:16.735,BAKE/USDT:USDT,0.0945,40731.0,0.0944,139109.0,0.0947,68696.0,0.0948,245384.0
1753534524269,12:55:24.269,BAKE/USDT:USDT,0.0945,40731.0,0.0944,139109.0,0.0946,4547.0,0.0947,70835.0
1753534533024,12:55:33.024,BAKE/USDT:USDT,0.0945,10731.0,0.0944,139109.0,0.0946,4547.0,0.0947,70835.0
1753534533096,12:55:33.096,BAKE/USDT:USDT,0.0945,10731.0,0.0944,139109.0,0.0946,4547.0,0.0947,135040.0
1753534535323,12:55:35.323,BAKE/USDT:USDT,0.0945,10731.0,0.0944,139109.0,0.0946,4547.0,0.0947,135040.0
1753534535416,12:55:35.416,BAKE/USDT:USDT,0.0945,10731.0,0.0944,139109.0,0.0946,4547.0,0.0947,135040.0
1753534538690,12:55:38.690,BAKE/USDT:USDT,0.0945,10731.0,0.0944,139109.0,0.0946,4547.0,0.0947,135040.0
1753534544672,12:55:44.672,BAKE/USDT:USDT,0.0945,10731.0,0.0944,139109.0,0.0946,4547.0,0.0947,135040.0
1753534559128,12:55:59.128,BAKE/USDT:USDT,0.0945,4423.0,0.0944,74904.0,0.0946,68752.0,0.0947,135040.0
1753534559535,12:55:59.535,BAKE/USDT:USDT,0.0945,4423.0,0.0944,139109.0,0.0946,68752.0,0.0947,135040.0
1753534561622,12:56:01.622,BAKE/USDT:USDT,0.0945,4423.0,0.0944,74904.0,0.0946,68752.0,0.0947,135040.0
1753534563582,12:56:03.582,BAKE/USDT:USDT,0.0945,4423.0,0.0944,139109.0,0.0946,4547.0,0.0947,70835.0
1753534563726,12:56:03.726,BAKE/USDT:USDT,0.0945,68628.0,0.0944,139109.0,0.0946,4547.0,0.0947,70835.0
1753534564786,12:56:04.786,BAKE/USDT:USDT,0.0945,68628.0,0.0944,139109.0,0.0946,4547.0,0.0947,135040.0
1753534574728,12:56:14.728,BAKE/USDT:USDT,0.0945,68628.0,0.0944,139109.0,0.0946,4547.0,0.0947,135040.0
1753534575121,12:56:15.121,BAKE/USDT:USDT,0.0945,68628.0,0.0944,139109.0,0.0946,4547.0,0.0947,135040.0
1753534581734,12:56:21.734,BAKE/USDT:USDT,0.0945,68628.0,0.0944,139109.0,0.0946,4547.0,0.0947,135040.0
1753534582125,12:56:22.125,BAKE/USDT:USDT,0.0945,4423.0,0.0944,74904.0,0.0946,68752.0,0.0947,135040.0
1753534588428,12:56:28.428,BAKE/USDT:USDT,0.0944,74904.0,0.0943,132950.0,0.0946,68752.0,0.0947,135040.0
1753534588539,12:56:28.539,BAKE/USDT:USDT,0.0944,74904.0,0.0943,132950.0,0.0946,68752.0,0.0947,135040.0
1753534588564,12:56:28.564,BAKE/USDT:USDT,0.0944,74904.0,0.0943,132950.0,0.0946,68752.0,0.0947,135040.0
1753534588732,12:56:28.732,BAKE/USDT:USDT,0.0944,74904.0,0.0943,132950.0,0.0946,68752.0,0.0947,135040.0
1753534588759,12:56:28.759,BAKE/USDT:USDT,0.0944,74904.0,0.0943,132950.0,0.0946,68752.0,0.0947,135040.0
1753534588969,12:56:28.969,BAKE/USDT:USDT,0.0944,74904.0,0.0943,138969.0,0.0946,68752.0,0.0947,135040.0
1753534591334,12:56:31.334,BAKE/USDT:USDT,0.0944,4383.0,0.0943,74764.0,0.0945,4483.0,0.0946,132957.0
1753534591427,12:56:31.427,BAKE/USDT:USDT,0.0944,4383.0,0.0943,74764.0,0.0945,34483.0,0.0946,135096.0
1753534591584,12:56:31.584,BAKE/USDT:USDT,0.0944,4383.0,0.0943,74764.0,0.0945,34483.0,0.0946,135096.0
1753534591926,12:56:31.926,BAKE/USDT:USDT,0.0944,4383.0,0.0943,138969.0,0.0945,34483.0,0.0946,135096.0
1753534592007,12:56:32.007,BAKE/USDT:USDT,0.0944,68588.0,0.0943,138969.0,0.0945,30000.0,0.0946,70891.0
1753534592097,12:56:32.097,BAKE/USDT:USDT,0.0944,68588.0,0.0943,138969.0,0.0945,30000.0,0.0946,70891.0
1753534592389,12:56:32.389,BAKE/USDT:USDT,0.0944,68588.0,0.0943,138969.0,0.0945,30000.0,0.0946,70891.0
1753534594292,12:56:34.292,BAKE/USDT:USDT,0.0944,68588.0,0.0943,138969.0,0.0946,68752.0,0.0947,135040.0
1753534594412,12:56:34.412,BAKE/USDT:USDT,0.0944,68588.0,0.0943,138969.0,0.0946,68752.0,0.0947,135040.0
1753534595405,12:56:35.405,BAKE/USDT:USDT,0.0944,68588.0,0.0943,138969.0,0.0946,68752.0,0.0947,135040.0
1753534595820,12:56:35.820,BAKE/USDT:USDT,0.0944,68588.0,0.0943,138969.0,0.0946,68752.0,0.0947,135040.0
1753534595918,12:56:35.918,BAKE/USDT:USDT,0.0944,68588.0,0.0943,138969.0,0.0946,68752.0,0.0947,135040.0
1753534598630,12:56:38.630,BAKE/USDT:USDT,0.0944,68588.0,0.0943,138969.0,0.0945,4581.0,0.0946,70891.0
1753534598852,12:56:38.852,BAKE/USDT:USDT,0.0944,68588.0,0.0943,138969.0,0.0945,4581.0,0.0946,70891.0
1753534598951,12:56:38.951,BAKE/USDT:USDT,0.0944,68588.0,0.0943,138969.0,0.0946,68752.0,0.0947,135040.0
1753534599277,12:56:39.277,BAKE/USDT:USDT,0.0944,68588.0,0.0943,138969.0,0.0946,68752.0,0.0947,135040.0
1753534599679,12:56:39.679,BAKE/USDT:USDT,0.0944,68588.0,0.0943,138969.0,0.0946,68752.0,0.0947,135040.0
1753534604763,12:56:44.763,BAKE/USDT:USDT,0.0944,68588.0,0.0943,138969.0,0.0946,68752.0,0.0947,135040.0
1753534604934,12:56:44.934,BAKE/USDT:USDT,0.0944,68588.0,0.0943,138969.0,0.0946,68752.0,0.0947,135040.0
1753534606749,12:56:46.749,BAKE/USDT:USDT,0.0944,68588.0,0.0943,138969.0,0.0946,68752.0,0.0947,190045.0
1753534609518,12:56:49.518,BAKE/USDT:USDT,0.0945,4398.0,0.0944,74582.0,0.0946,4547.0,0.0947,190045.0
1753534609618,12:56:49.618,BAKE/USDT:USDT,0.0945,4398.0,0.0944,74582.0,0.0946,4547.0,0.0947,135040.0
1753534609818,12:56:49.818,BAKE/USDT:USDT,0.0945,4398.0,0.0944,74582.0,0.0946,68752.0,0.0947,135040.0
1753534633527,12:57:13.527,BAKE/USDT:USDT,0.0945,4398.0,0.0944,138787.0,0.0946,4547.0,0.0947,135040.0
1753534633659,12:57:13.659,BAKE/USDT:USDT,0.0945,4398.0,0.0944,138787.0,0.0946,4547.0,0.0947,135040.0
1753534635161,12:57:15.161,BAKE/USDT:USDT,0.0945,4398.0,0.0944,138787.0,0.0946,4547.0,0.0947,135040.0
1753534648937,12:57:28.937,BAKE/USDT:USDT,0.0945,4398.0,0.0944,138787.0,0.0946,4547.0,0.0947,70835.0
1753534649370,12:57:29.370,BAKE/USDT:USDT,0.0945,4398.0,0.0944,138787.0,0.0946,4547.0,0.0947,135040.0
1753534658449,12:57:38.449,BAKE/USDT:USDT,0.0945,4398.0,0.0944,74582.0,0.0946,4547.0,0.0947,135040.0
1753534663719,12:57:43.719,BAKE/USDT:USDT,0.0945,4398.0,0.0944,74582.0,0.0946,4547.0,0.0947,135040.0
1753534667334,12:57:47.334,BAKE/USDT:USDT,0.0945,4398.0,0.0944,138787.0,0.0946,4547.0,0.0947,135040.0
1753534672175,12:57:52.175,BAKE/USDT:USDT,0.0945,4398.0,0.0944,138787.0,0.0946,4547.0,0.0947,135040.0
1753534675268,12:57:55.268,BAKE/USDT:USDT,0.0945,4398.0,0.0944,138787.0,0.0947,132901.0,0.0948,153434.0
1753534675414,12:57:55.414,BAKE/USDT:USDT,0.0945,4398.0,0.0944,138787.0,0.0947,132901.0,0.0948,153434.0
1753534675501,12:57:55.501,BAKE/USDT:USDT,0.0945,34398.0,0.0944,138787.0,0.0947,132901.0,0.0948,153434.0
1753534675614,12:57:55.614,BAKE/USDT:USDT,0.0945,34398.0,0.0944,138787.0,0.0947,132901.0,0.0948,153434.0
1753534675857,12:57:55.857,BAKE/USDT:USDT,0.0945,34398.0,0.0944,138787.0,0.0947,132901.0,0.0948,153434.0
1753534677809,12:57:57.809,BAKE/USDT:USDT,0.0945,34398.0,0.0944,138787.0,0.0946,4394.0,0.0947,135040.0
1753534690035,12:58:10.035,BAKE/USDT:USDT,0.0945,34398.0,0.0944,138787.0,0.0947,135040.0,0.0948,151295.0
1753534690050,12:58:10.050,BAKE/USDT:USDT,0.0945,34398.0,0.0944,138787.0,0.0947,132901.0,0.0948,153434.0
1753534693772,12:58:13.772,BAKE/USDT:USDT,0.0945,34398.0,0.0944,138787.0,0.0947,132901.0,0.0948,153435.0
1753534702190,12:58:22.190,BAKE/USDT:USDT,0.0945,34398.0,0.0944,138787.0,0.0946,4537.0,0.0947,135040.0
1753534702610,12:58:22.610,BAKE/USDT:USDT,0.0945,34398.0,0.0944,138787.0,0.0946,4537.0,0.0947,70835.0
1753534703192,12:58:23.192,BAKE/USDT:USDT,0.0945,34398.0,0.0944,138787.0,0.0946,4537.0,0.0947,100835.0
1753534703254,12:58:23.254,BAKE/USDT:USDT,0.0945,34398.0,0.0944,138787.0,0.0946,4537.0,0.0947,165040.0
1753534705631,12:58:25.631,BAKE/USDT:USDT,0.0945,34398.0,0.0944,138787.0,0.0946,4537.0,0.0947,100835.0
1753534706587,12:58:26.587,BAKE/USDT:USDT,0.0945,34398.0,0.0944,138787.0,0.0946,4537.0,0.0947,165040.0
1753534714344,12:58:34.344,BAKE/USDT:USDT,0.0945,4398.0,0.0944,74582.0,0.0946,4537.0,0.0947,165040.0
1753534723813,12:58:43.813,BAKE/USDT:USDT,0.0945,4398.0,0.0944,74582.0,0.0946,4537.0,0.0947,165040.0
1753534731898,12:58:51.898,BAKE/USDT:USDT,0.0945,4398.0,0.0944,74582.0,0.0946,4537.0,0.0947,165040.0
1753534733425,12:58:53.425,BAKE/USDT:USDT,0.0945,4398.0,0.0944,74582.0,0.0946,68742.0,0.0947,165040.0
1753534746090,12:59:06.090,BAKE/USDT:USDT,0.0945,4398.0,0.0944,74582.0,0.0946,68742.0,0.0947,135040.0
1753534752877,12:59:12.877,BAKE/USDT:USDT,0.0945,4398.0,0.0944,74582.0,0.0946,68742.0,0.0947,135040.0
1753534771463,12:59:31.463,BAKE/USDT:USDT,0.0945,4398.0,0.0944,138787.0,0.0946,4537.0,0.0947,135040.0
1753534774871,12:59:34.871,BAKE/USDT:USDT,0.0945,4398.0,0.0944,74582.0,0.0946,4537.0,0.0947,135040.0
1753534780429,12:59:40.429,BAKE/USDT:USDT,0.0945,4398.0,0.0944,74582.0,0.0946,68742.0,0.0947,135040.0
1753534794335,12:59:54.335,BAKE/USDT:USDT,0.0943,68745.0,0.0942,138686.0,0.0945,73055.0,0.0946,135086.0
1753534794436,12:59:54.436,BAKE/USDT:USDT,0.0943,68745.0,0.0942,138686.0,0.0945,73055.0,0.0946,245217.0
1753534794539,12:59:54.539,BAKE/USDT:USDT,0.0943,68745.0,0.0942,138686.0,0.0945,73055.0,0.0946,135086.0
1753534794607,12:59:54.607,BAKE/USDT:USDT,0.0943,68745.0,0.0942,138686.0,0.0945,73055.0,0.0946,135086.0
1753534795175,12:59:55.175,BAKE/USDT:USDT,0.0943,68745.0,0.0942,138686.0,0.0945,73055.0,0.0946,135086.0
1753534799755,12:59:59.755,BAKE/USDT:USDT,0.0943,68745.0,0.0942,138686.0,0.0945,73055.0,0.0946,135086.0
1753534800787,13:00:00.787,BAKE/USDT:USDT,0.0943,68745.0,0.0942,138686.0,0.0945,73055.0,0.0946,135086.0
1753534800920,13:00:00.920,BAKE/USDT:USDT,0.0943,68745.0,0.0942,138686.0,0.0945,73055.0,0.0946,135086.0
1753534801359,13:00:01.359,BAKE/USDT:USDT,0.0943,68745.0,0.0942,138686.0,0.0945,73055.0,0.0946,135086.0
1753534809163,13:00:09.163,BAKE/USDT:USDT,0.0943,68745.0,0.0942,138686.0,0.0945,73055.0,0.0946,135086.0
1753534822039,13:00:22.039,BAKE/USDT:USDT,0.0943,4540.0,0.0942,74481.0,0.0944,4567.0,0.0945,73055.0
1753534822084,13:00:22.084,BAKE/USDT:USDT,0.0943,4540.0,0.0942,74481.0,0.0944,4567.0,0.0945,135001.0
1753534827162,13:00:27.162,BAKE/USDT:USDT,0.0943,4540.0,0.0942,74481.0,0.0944,4567.0,0.0945,135001.0
1753534828654,13:00:28.654,BAKE/USDT:USDT,0.0943,4540.0,0.0942,74481.0,0.0944,68772.0,0.0945,135001.0
1753534830596,13:00:30.596,BAKE/USDT:USDT,0.0942,74481.0,0.0941,132871.0,0.0944,68772.0,0.0945,135001.0
1753534830642,13:00:30.642,BAKE/USDT:USDT,0.0942,74481.0,0.0941,138759.0,0.0944,68772.0,0.0945,135001.0
1753534832038,13:00:32.038,BAKE/USDT:USDT,0.0942,10276.0,0.0941,74554.0,0.0944,132977.0,0.0945,135001.0
1753534832104,13:00:32.104,BAKE/USDT:USDT,0.0942,10276.0,0.0941,74554.0,0.0943,4518.0,0.0944,135116.0
1753534832216,13:00:32.216,BAKE/USDT:USDT,0.0942,10276.0,0.0941,74554.0,0.0943,4518.0,0.0944,135116.0
1753534832334,13:00:32.334,BAKE/USDT:USDT,0.0942,10276.0,0.0941,74554.0,0.0943,4518.0,0.0944,135116.0
1753534832430,13:00:32.430,BAKE/USDT:USDT,0.0942,10276.0,0.0941,74554.0,0.0943,4518.0,0.0944,135116.0
1753534832530,13:00:32.530,BAKE/USDT:USDT,0.0942,10276.0,0.0941,74554.0,0.0943,4518.0,0.0944,135116.0
1753534835264,13:00:35.264,BAKE/USDT:USDT,0.0942,10276.0,0.0941,74554.0,0.0943,4518.0,0.0944,135116.0
1753534836254,13:00:36.254,BAKE/USDT:USDT,0.0942,10276.0,0.0941,74554.0,0.0943,4518.0,0.0944,135116.0
1753534836659,13:00:36.659,BAKE/USDT:USDT,0.0942,10276.0,0.0941,74554.0,0.0943,4518.0,0.0944,135116.0
1753534836793,13:00:36.793,BAKE/USDT:USDT,0.0942,10276.0,0.0941,74554.0,0.0943,4518.0,0.0944,135116.0
1753534838400,13:00:38.400,BAKE/USDT:USDT,0.0942,10276.0,0.0941,74554.0,0.0943,4518.0,0.0944,135116.0
1753534839702,13:00:39.702,BAKE/USDT:USDT,0.0942,10276.0,0.0941,74554.0,0.0943,4518.0,0.0944,135116.0
1753534841302,13:00:41.302,BAKE/USDT:USDT,0.0942,10276.0,0.0941,74554.0,0.0943,4518.0,0.0944,135116.0
1753534841727,13:00:41.727,BAKE/USDT:USDT,0.0942,10276.0,0.0941,74554.0,0.0943,4518.0,0.0944,135116.0
1753534842837,13:00:42.837,BAKE/USDT:USDT,0.0942,4384.0,0.0941,74554.0,0.0943,4518.0,0.0944,135116.0
1753534842929,13:00:42.929,BAKE/USDT:USDT,0.0941,74554.0,0.094,138817.0,0.0943,4518.0,0.0944,135116.0
1753534843008,13:00:43.008,BAKE/USDT:USDT,0.0942,64205.0,0.0941,74554.0,0.0943,4518.0,0.0944,135116.0
1753534843115,13:00:43.115,BAKE/USDT:USDT,0.0941,74554.0,0.094,138820.0,0.0943,4518.0,0.0944,135116.0
1753534844240,13:00:44.240,BAKE/USDT:USDT,0.0941,74554.0,0.094,138820.0,0.0943,4518.0,0.0944,135116.0
1753534844632,13:00:44.632,BAKE/USDT:USDT,0.0941,74554.0,0.094,138820.0,0.0943,34518.0,0.0944,135116.0
1753534845309,13:00:45.309,BAKE/USDT:USDT,0.0942,64205.0,0.0941,138759.0,0.0943,30000.0,0.0944,135116.0
1753534845376,13:00:45.376,BAKE/USDT:USDT,0.0942,64205.0,0.0941,138759.0,0.0943,30000.0,0.0944,135116.0
1753534845953,13:00:45.953,BAKE/USDT:USDT,0.0942,64205.0,0.0941,138759.0,0.0943,30000.0,0.0944,135116.0
1753534846857,13:00:46.857,BAKE/USDT:USDT,0.0942,64205.0,0.0941,138759.0,0.0943,30000.0,0.0944,135116.0
1753534848269,13:00:48.269,BAKE/USDT:USDT,0.0942,64205.0,0.0941,138759.0,0.0944,132977.0,0.0945,135001.0
1753534848413,13:00:48.413,BAKE/USDT:USDT,0.0942,64205.0,0.0941,138759.0,0.0944,132977.0,0.0945,135001.0
1753534848539,13:00:48.539,BAKE/USDT:USDT,0.0942,64205.0,0.0941,138759.0,0.0944,132977.0,0.0945,135001.0
1753534848608,13:00:48.608,BAKE/USDT:USDT,0.0942,64205.0,0.0941,138759.0,0.0944,132977.0,0.0945,135001.0
1753534848710,13:00:48.710,BAKE/USDT:USDT,0.0942,64205.0,0.0941,138759.0,0.0943,4549.0,0.0944,135116.0
1753534849466,13:00:49.466,BAKE/USDT:USDT,0.0941,74554.0,0.094,138813.0,0.0943,4549.0,0.0944,135116.0
1753534850615,13:00:50.615,BAKE/USDT:USDT,0.0941,74554.0,0.094,138813.0,0.0943,34549.0,0.0944,135116.0
1753534854558,13:00:54.558,BAKE/USDT:USDT,0.0941,74554.0,0.094,138813.0,0.0943,34549.0,0.0944,135116.0
1753534855520,13:00:55.520,BAKE/USDT:USDT,0.0942,64205.0,0.0941,168759.0,0.0943,4549.0,0.0944,70911.0
1753534855546,13:00:55.546,BAKE/USDT:USDT,0.0942,64205.0,0.0941,168759.0,0.0943,4549.0,0.0944,70911.0
1753534855722,13:00:55.722,BAKE/USDT:USDT,0.0941,74554.0,0.094,138802.0,0.0943,4549.0,0.0944,135116.0
1753534856508,13:00:56.508,BAKE/USDT:USDT,0.0941,74554.0,0.094,138802.0,0.0943,34549.0,0.0944,135116.0
1753534860431,13:01:00.431,BAKE/USDT:USDT,0.0942,64205.0,0.0941,138759.0,0.0944,4567.0,0.0945,135001.0
1753534860463,13:01:00.463,BAKE/USDT:USDT,0.0942,64205.0,0.0941,138759.0,0.0944,34567.0,0.0945,135001.0
1753534863096,13:01:03.096,BAKE/USDT:USDT,0.0942,64205.0,0.0941,138759.0,0.0944,98772.0,0.0945,135001.0
1753534864134,13:01:04.134,BAKE/USDT:USDT,0.0941,74554.0,0.094,138786.0,0.0943,4398.0,0.0944,165116.0
1753534865401,13:01:05.401,BAKE/USDT:USDT,0.0941,74554.0,0.094,138786.0,0.0943,34398.0,0.0944,165116.0
1753534878267,13:01:18.267,BAKE/USDT:USDT,0.0941,74554.0,0.094,205261.0,0.0943,98603.0,0.0944,165116.0
1753534878352,13:01:18.352,BAKE/USDT:USDT,0.0941,74554.0,0.094,138786.0,0.0943,98603.0,0.0944,165116.0
1753534882559,13:01:22.559,BAKE/USDT:USDT,0.0941,10349.0,0.094,74581.0,0.0942,4508.0,0.0943,162808.0
1753534882716,13:01:22.716,BAKE/USDT:USDT,0.0941,10349.0,0.094,74581.0,0.0942,4508.0,0.0943,164947.0
1753534882831,13:01:22.831,BAKE/USDT:USDT,0.0941,10349.0,0.094,74581.0,0.0942,4508.0,0.0943,164947.0
1753534882923,13:01:22.923,BAKE/USDT:USDT,0.0941,10349.0,0.094,74581.0,0.0942,4508.0,0.0943,164947.0
1753534883286,13:01:23.286,BAKE/USDT:USDT,0.0941,10349.0,0.094,74581.0,0.0942,4508.0,0.0943,164947.0
1753534887982,13:01:27.982,BAKE/USDT:USDT,0.0941,74554.0,0.094,138786.0,0.0942,4508.0,0.0943,164947.0
1753534888161,13:01:28.161,BAKE/USDT:USDT,0.0941,74554.0,0.094,138786.0,0.0942,4508.0,0.0943,164947.0
1753534891227,13:01:31.227,BAKE/USDT:USDT,0.0941,74554.0,0.094,74581.0,0.0942,4508.0,0.0943,164947.0
1753534892830,13:01:32.830,BAKE/USDT:USDT,0.0941,10349.0,0.094,74581.0,0.0942,4508.0,0.0943,164947.0
1753534895101,13:01:35.101,BAKE/USDT:USDT,0.0941,74554.0,0.094,138786.0,0.0942,4508.0,0.0943,164947.0
1753534902396,13:01:42.396,BAKE/USDT:USDT,0.0941,74554.0,0.094,74581.0,0.0942,4508.0,0.0943,164947.0
1753534913639,13:01:53.639,BAKE/USDT:USDT,0.0941,5888.0,0.094,74581.0,0.0942,4508.0,0.0943,164947.0
1753534915833,13:01:55.833,BAKE/USDT:USDT,0.0941,5888.0,0.094,74581.0,0.0942,34508.0,0.0943,164947.0
1753534920268,13:02:00.268,BAKE/USDT:USDT,0.0941,10415.0,0.094,74581.0,0.0942,34508.0,0.0943,164947.0
1753534922367,13:02:02.367,BAKE/USDT:USDT,0.0941,10415.0,0.094,74581.0,0.0942,4508.0,0.0943,164947.0
1753534925333,13:02:05.333,BAKE/USDT:USDT,0.0941,10415.0,0.094,74581.0,0.0942,4508.0,0.0943,164947.0
1753534937805,13:02:17.805,BAKE/USDT:USDT,0.0941,74620.0,0.094,138786.0,0.0943,164947.0,0.0944,162977.0
1753534937913,13:02:17.913,BAKE/USDT:USDT,0.0941,74620.0,0.094,138786.0,0.0943,162808.0,0.0944,165116.0
1753534938024,13:02:18.024,BAKE/USDT:USDT,0.0941,74620.0,0.094,138786.0,0.0943,162808.0,0.0944,165116.0
1753534938108,13:02:18.108,BAKE/USDT:USDT,0.0941,74620.0,0.094,138786.0,0.0943,162808.0,0.0944,165116.0
1753534939230,13:02:19.230,BAKE/USDT:USDT,0.0941,74620.0,0.094,138786.0,0.0942,4431.0,0.0943,164947.0
1753534941246,13:02:21.246,BAKE/USDT:USDT,0.0941,74620.0,0.094,138786.0,0.0942,4431.0,0.0943,164947.0
1753534945091,13:02:25.091,BAKE/USDT:USDT,0.0941,74620.0,0.094,74581.0,0.0942,4431.0,0.0943,164947.0
1753534945735,13:02:25.735,BAKE/USDT:USDT,0.094,10376.0,0.0939,74398.0,0.0942,132841.0,0.0943,164947.0
1753534945740,13:02:25.740,BAKE/USDT:USDT,0.094,10376.0,0.0939,74398.0,0.0942,132841.0,0.0943,164947.0
1753534945984,13:02:25.984,BAKE/USDT:USDT,0.094,10376.0,0.0939,74398.0,0.0942,134980.0,0.0943,162808.0
1753534946661,13:02:26.661,BAKE/USDT:USDT,0.094,74581.0,0.0939,138603.0,0.0942,134980.0,0.0943,162808.0
1753534946769,13:02:26.769,BAKE/USDT:USDT,0.094,74581.0,0.0939,138603.0,0.0942,134980.0,0.0943,162808.0
1753534954019,13:02:34.019,BAKE/USDT:USDT,0.094,74581.0,0.0939,138603.0,0.0941,4452.0,0.0942,134980.0
1753534954126,13:02:34.126,BAKE/USDT:USDT,0.094,74581.0,0.0939,138603.0,0.0941,4452.0,0.0942,134980.0
1753534954204,13:02:34.204,BAKE/USDT:USDT,0.094,74581.0,0.0939,138603.0,0.0941,4452.0,0.0942,134980.0
1753534954332,13:02:34.332,BAKE/USDT:USDT,0.094,74581.0,0.0939,138603.0,0.0941,4452.0,0.0942,134980.0
1753534954365,13:02:34.365,BAKE/USDT:USDT,0.094,74581.0,0.0939,138603.0,0.0941,4452.0,0.0942,134980.0
1753534954443,13:02:34.443,BAKE/USDT:USDT,0.094,74581.0,0.0939,138603.0,0.0941,4452.0,0.0942,134980.0
1753534955113,13:02:35.113,BAKE/USDT:USDT,0.094,68721.0,0.0939,74398.0,0.0941,4452.0,0.0942,134980.0
1753534955178,13:02:35.178,BAKE/USDT:USDT,0.094,4516.0,0.0939,74398.0,0.0941,4452.0,0.0942,134980.0
1753534957028,13:02:37.028,BAKE/USDT:USDT,0.0939,74398.0,0.0938,243504.0,0.0941,4452.0,0.0942,134980.0
1753534957082,13:02:37.082,BAKE/USDT:USDT,0.0939,74398.0,0.0938,249231.0,0.0941,4452.0,0.0942,134980.0
1753534957367,13:02:37.367,BAKE/USDT:USDT,0.0939,74398.0,0.0938,249231.0,0.0941,34452.0,0.0942,134980.0
1753534958064,13:02:38.064,BAKE/USDT:USDT,0.0939,74398.0,0.0938,249231.0,0.0941,34452.0,0.0942,134980.0
1753534958382,13:02:38.382,BAKE/USDT:USDT,0.0939,74398.0,0.0938,249231.0,0.0941,34452.0,0.0942,134980.0
1753534958591,13:02:38.591,BAKE/USDT:USDT,0.0939,74398.0,0.0938,249231.0,0.0941,34452.0,0.0942,134980.0
1753534958657,13:02:38.657,BAKE/USDT:USDT,0.0939,74398.0,0.0938,249231.0,0.0941,34452.0,0.0942,134980.0
1753534960962,13:02:40.962,BAKE/USDT:USDT,0.094,4523.0,0.0939,74398.0,0.0941,34452.0,0.0942,134980.0
1753534961110,13:02:41.110,BAKE/USDT:USDT,0.094,4523.0,0.0939,74398.0,0.0941,4452.0,0.0942,134980.0
1753534962986,13:02:42.986,BAKE/USDT:USDT,0.094,4523.0,0.0939,74398.0,0.0941,4452.0,0.0942,134980.0
1753534964029,13:02:44.029,BAKE/USDT:USDT,0.094,68728.0,0.0939,138603.0,0.0942,134980.0,0.0943,162808.0
1753534964105,13:02:44.105,BAKE/USDT:USDT,0.094,68728.0,0.0939,138603.0,0.0942,132841.0,0.0943,164947.0
1753534964237,13:02:44.237,BAKE/USDT:USDT,0.094,68728.0,0.0939,138603.0,0.0942,132841.0,0.0943,164947.0
1753534964308,13:02:44.308,BAKE/USDT:USDT,0.094,68728.0,0.0939,138603.0,0.0942,132841.0,0.0943,164947.0
1753534967688,13:02:47.688,BAKE/USDT:USDT,0.094,68728.0,0.0939,138603.0,0.0942,132841.0,0.0943,164947.0
1753534968289,13:02:48.289,BAKE/USDT:USDT,0.094,68728.0,0.0939,138603.0,0.0942,68636.0,0.0943,164947.0
1753534974606,13:02:54.606,BAKE/USDT:USDT,0.094,68728.0,0.0939,138603.0,0.0942,132841.0,0.0943,164947.0
1753534978813,13:02:58.813,BAKE/USDT:USDT,0.0941,4482.0,0.094,68728.0,0.0942,4431.0,0.0943,164947.0
1753534978910,13:02:58.910,BAKE/USDT:USDT,0.0941,4482.0,0.094,74453.0,0.0942,4431.0,0.0943,164947.0
1753534979034,13:02:59.034,BAKE/USDT:USDT,0.0941,4482.0,0.094,74453.0,0.0942,4431.0,0.0943,164947.0
1753534979113,13:02:59.113,BAKE/USDT:USDT,0.0941,4482.0,0.094,74453.0,0.0942,4431.0,0.0943,164947.0
1753534986865,13:03:06.865,BAKE/USDT:USDT,0.0941,4482.0,0.094,74453.0,0.0942,4431.0,0.0943,164947.0
1753534998964,13:03:18.964,BAKE/USDT:USDT,0.0941,4482.0,0.094,74453.0,0.0942,4431.0,0.0943,164947.0
1753535010769,13:03:30.769,BAKE/USDT:USDT,0.0941,98687.0,0.094,104453.0,0.0943,162808.0,0.0944,135116.0
1753535010923,13:03:30.923,BAKE/USDT:USDT,0.0941,98687.0,0.094,104453.0,0.0943,162808.0,0.0944,135116.0
1753535011023,13:03:31.023,BAKE/USDT:USDT,0.0941,68687.0,0.094,74453.0,0.0943,162808.0,0.0944,135116.0
1753535011130,13:03:31.130,BAKE/USDT:USDT,0.0941,68687.0,0.094,74453.0,0.0943,162808.0,0.0944,135116.0
1753535011440,13:03:31.440,BAKE/USDT:USDT,0.0941,68687.0,0.094,74453.0,0.0943,162808.0,0.0944,135116.0
1753535015164,13:03:35.164,BAKE/USDT:USDT,0.0941,68687.0,0.094,74453.0,0.0943,162808.0,0.0944,135116.0
1753535016608,13:03:36.608,BAKE/USDT:USDT,0.0941,68687.0,0.094,74453.0,0.0942,4489.0,0.0943,164947.0
1753535016750,13:03:36.750,BAKE/USDT:USDT,0.0941,68687.0,0.094,74453.0,0.0942,4489.0,0.0943,164947.0
1753535020570,13:03:40.570,BAKE/USDT:USDT,0.0941,68687.0,0.094,74453.0,0.0943,162808.0,0.0944,135116.0
1753535021611,13:03:41.611,BAKE/USDT:USDT,0.0941,68687.0,0.094,74453.0,0.0942,4405.0,0.0943,162808.0
1753535021717,13:03:41.717,BAKE/USDT:USDT,0.0941,4405.0,0.094,74453.0,0.0942,4405.0,0.0943,164947.0
1753535022020,13:03:42.020,BAKE/USDT:USDT,0.0941,4405.0,0.094,74453.0,0.0942,4405.0,0.0943,164947.0
1753535025164,13:03:45.164,BAKE/USDT:USDT,0.0941,4405.0,0.094,74453.0,0.0942,4405.0,0.0943,164947.0
1753535028125,13:03:48.125,BAKE/USDT:USDT,0.094,74453.0,0.0939,138599.0,0.0942,68610.0,0.0943,164947.0
1753535032085,13:03:52.085,BAKE/USDT:USDT,0.094,74453.0,0.0939,138599.0,0.0942,4405.0,0.0943,164947.0
1753535032518,13:03:52.518,BAKE/USDT:USDT,0.094,74453.0,0.0939,138599.0,0.0942,34405.0,0.0943,164947.0
1753535037316,13:03:57.316,BAKE/USDT:USDT,0.0941,4454.0,0.094,74453.0,0.0942,34405.0,0.0943,164947.0
1753535037351,13:03:57.351,BAKE/USDT:USDT,0.0941,4454.0,0.094,74453.0,0.0942,34405.0,0.0943,164947.0
1753535039861,13:03:59.861,BAKE/USDT:USDT,0.0941,4454.0,0.094,74453.0,0.0942,4405.0,0.0943,164947.0
1753535043164,13:04:03.164,BAKE/USDT:USDT,0.0941,4454.0,0.094,74453.0,0.0942,4405.0,0.0943,164947.0
1753535045456,13:04:05.456,BAKE/USDT:USDT,0.0941,4454.0,0.094,74453.0,0.0942,4405.0,0.0943,164947.0
1753535047176,13:04:07.176,BAKE/USDT:USDT,0.0941,4454.0,0.094,74453.0,0.0942,4405.0,0.0943,164947.0
1753535051007,13:04:11.007,BAKE/USDT:USDT,0.0941,4454.0,0.094,74453.0,0.0943,162808.0,0.0944,135116.0
1753535051138,13:04:11.138,BAKE/USDT:USDT,0.0941,4454.0,0.094,138658.0,0.0943,162808.0,0.0944,135116.0
1753535051142,13:04:11.142,BAKE/USDT:USDT,0.0941,68659.0,0.094,138658.0,0.0943,162808.0,0.0944,135116.0
1753535051329,13:04:11.329,BAKE/USDT:USDT,0.0941,68659.0,0.094,138658.0,0.0943,34398.0,0.0944,135116.0
1753535051421,13:04:11.421,BAKE/USDT:USDT,0.0941,68659.0,0.094,138658.0,0.0943,34398.0,0.0944,135116.0
1753535051833,13:04:11.833,BAKE/USDT:USDT,0.0942,64205.0,0.0941,74378.0,0.0943,34398.0,0.0944,135116.0
1753535051937,13:04:11.937,BAKE/USDT:USDT,0.0942,64205.0,0.0941,74378.0,0.0943,34398.0,0.0944,135116.0
1753535052024,13:04:12.024,BAKE/USDT:USDT,0.0942,64205.0,0.0941,74378.0,0.0943,34398.0,0.0944,135116.0
1753535052132,13:04:12.132,BAKE/USDT:USDT,0.0942,64205.0,0.0941,74378.0,0.0943,4398.0,0.0944,135116.0
1753535052231,13:04:12.231,BAKE/USDT:USDT,0.0942,64205.0,0.0941,74378.0,0.0943,4398.0,0.0944,135116.0
1753535052496,13:04:12.496,BAKE/USDT:USDT,0.0942,64205.0,0.0941,74378.0,0.0943,4398.0,0.0944,135116.0
1753535053736,13:04:13.736,BAKE/USDT:USDT,0.0942,64205.0,0.0941,74378.0,0.0943,4398.0,0.0944,135116.0
1753535054722,13:04:14.722,BAKE/USDT:USDT,0.0942,64205.0,0.0941,74378.0,0.0943,4398.0,0.0944,135116.0
1753535054852,13:04:14.852,BAKE/USDT:USDT,0.0942,64205.0,0.0941,74378.0,0.0943,4398.0,0.0944,135116.0
1753535055370,13:04:15.370,BAKE/USDT:USDT,0.0942,64205.0,0.0941,74378.0,0.0944,132977.0,0.0945,135001.0
1753535055507,13:04:15.507,BAKE/USDT:USDT,0.0942,64205.0,0.0941,74378.0,0.0944,132977.0,0.0945,135001.0
1753535055609,13:04:15.609,BAKE/USDT:USDT,0.0942,64205.0,0.0941,74378.0,0.0943,4438.0,0.0944,135116.0
1753535055714,13:04:15.714,BAKE/USDT:USDT,0.0942,64205.0,0.0941,74378.0,0.0943,4438.0,0.0944,135116.0
1753535056102,13:04:16.102,BAKE/USDT:USDT,0.0941,74378.0,0.094,132933.0,0.0943,4438.0,0.0944,135116.0
1753535056208,13:04:16.208,BAKE/USDT:USDT,0.0942,4438.0,0.0941,74378.0,0.0943,4438.0,0.0944,135116.0
1753535058165,13:04:18.165,BAKE/USDT:USDT,0.0942,4438.0,0.0941,74378.0,0.0943,4438.0,0.0944,135116.0
1753535068670,13:04:28.670,BAKE/USDT:USDT,0.0942,4438.0,0.0941,74378.0,0.0944,132977.0,0.0945,135001.0
1753535069106,13:04:29.106,BAKE/USDT:USDT,0.0942,34438.0,0.0941,104378.0,0.0944,132977.0,0.0945,135001.0
1753535081234,13:04:41.234,BAKE/USDT:USDT,0.0943,34419.0,0.0942,104339.0,0.0944,4567.0,0.0945,135001.0
1753535081324,13:04:41.324,BAKE/USDT:USDT,0.0943,34419.0,0.0942,104339.0,0.0944,4567.0,0.0945,135001.0
1753535081536,13:04:41.536,BAKE/USDT:USDT,0.0943,34419.0,0.0942,104339.0,0.0944,4567.0,0.0945,135001.0
1753535083027,13:04:43.027,BAKE/USDT:USDT,0.0943,34419.0,0.0942,104339.0,0.0945,135001.0,0.0946,132947.0
1753535083130,13:04:43.130,BAKE/USDT:USDT,0.0943,34419.0,0.0942,104339.0,0.0945,132862.0,0.0946,135086.0
1753535083197,13:04:43.197,BAKE/USDT:USDT,0.0943,34419.0,0.0942,104339.0,0.0945,132862.0,0.0946,135086.0
1753535083331,13:04:43.331,BAKE/USDT:USDT,0.0943,34419.0,0.0942,104339.0,0.0945,132862.0,0.0946,135086.0
1753535083409,13:04:43.409,BAKE/USDT:USDT,0.0943,34419.0,0.0942,104339.0,0.0945,132862.0,0.0946,135086.0
1753535086610,13:04:46.610,BAKE/USDT:USDT,0.0943,98624.0,0.0942,168544.0,0.0945,132862.0,0.0946,135086.0
1753535087600,13:04:47.600,BAKE/USDT:USDT,0.0943,98624.0,0.0942,168544.0,0.0945,68657.0,0.0946,135086.0
1753535088432,13:04:48.432,BAKE/USDT:USDT,0.0943,98624.0,0.0942,104339.0,0.0945,132862.0,0.0946,135086.0
1753535088954,13:04:48.954,BAKE/USDT:USDT,0.0943,98624.0,0.0942,168544.0,0.0945,132862.0,0.0946,135086.0
1753535089830,13:04:49.830,BAKE/USDT:USDT,0.0943,98624.0,0.0942,168544.0,0.0945,68657.0,0.0946,135086.0
1753535089906,13:04:49.906,BAKE/USDT:USDT,0.0944,4521.0,0.0943,104304.0,0.0945,68657.0,0.0946,135086.0
1753535090015,13:04:50.015,BAKE/USDT:USDT,0.0944,4521.0,0.0943,104304.0,0.0945,68657.0,0.0946,135086.0
1753535090215,13:04:50.215,BAKE/USDT:USDT,0.0944,4521.0,0.0943,104304.0,0.0945,68657.0,0.0946,135086.0
1753535090555,13:04:50.555,BAKE/USDT:USDT,0.0944,4521.0,0.0943,104304.0,0.0945,68657.0,0.0946,135086.0
1753535091215,13:04:51.215,BAKE/USDT:USDT,0.0944,4521.0,0.0943,104304.0,0.0945,4452.0,0.0946,135086.0
1753535091609,13:04:51.609,BAKE/USDT:USDT,0.0944,4521.0,0.0943,104304.0,0.0945,4452.0,0.0946,135086.0
1753535093174,13:04:53.174,BAKE/USDT:USDT,0.0944,4521.0,0.0943,104304.0,0.0945,4452.0,0.0946,135086.0
1753535094269,13:04:54.269,BAKE/USDT:USDT,0.0944,4521.0,0.0943,104304.0,0.0946,132947.0,0.0947,135040.0
1753535094426,13:04:54.426,BAKE/USDT:USDT,0.0944,4521.0,0.0943,104304.0,0.0946,132947.0,0.0947,135040.0
1753535094624,13:04:54.624,BAKE/USDT:USDT,0.0944,4521.0,0.0943,104304.0,0.0946,132947.0,0.0947,135040.0
1753535094815,13:04:54.815,BAKE/USDT:USDT,0.0944,34521.0,0.0943,104304.0,0.0946,132947.0,0.0947,135040.0
1753535098857,13:04:58.857,BAKE/USDT:USDT,0.0944,34521.0,0.0943,104304.0,0.0946,132947.0,0.0947,135040.0
1753535100539,13:05:00.539,BAKE/USDT:USDT,0.0944,34521.0,0.0943,104304.0,0.0945,4398.0,0.0946,132947.0
1753535100549,13:05:00.549,BAKE/USDT:USDT,0.0944,34521.0,0.0943,104304.0,0.0945,4398.0,0.0946,135086.0
1753535111514,13:05:11.514,BAKE/USDT:USDT,0.0944,34521.0,0.0943,104304.0,0.0945,4398.0,0.0946,135086.0
1753535113509,13:05:13.509,BAKE/USDT:USDT,0.0944,34521.0,0.0943,104304.0,0.0946,132947.0,0.0947,135040.0
1753535118371,13:05:18.371,BAKE/USDT:USDT,0.0944,34521.0,0.0943,104304.0,0.0945,4457.0,0.0946,135086.0
1753535118740,13:05:18.740,BAKE/USDT:USDT,0.0944,4521.0,0.0943,104304.0,0.0945,4457.0,0.0946,135086.0
1753535128287,13:05:28.287,BAKE/USDT:USDT,0.0944,4521.0,0.0943,104304.0,0.0945,68662.0,0.0946,135086.0
1753535128371,13:05:28.371,BAKE/USDT:USDT,0.0944,4521.0,0.0943,104304.0,0.0945,132867.0,0.0946,135086.0
1753535128628,13:05:28.628,BAKE/USDT:USDT,0.0943,104304.0,0.0942,168519.0,0.0945,132867.0,0.0946,135086.0
1753535128766,13:05:28.766,BAKE/USDT:USDT,0.0943,104304.0,0.0942,168519.0,0.0945,132867.0,0.0946,135086.0
1753535129384,13:05:29.384,BAKE/USDT:USDT,0.0943,104304.0,0.0942,168519.0,0.0945,68662.0,0.0946,135086.0
1753535129585,13:05:29.585,BAKE/USDT:USDT,0.0943,104304.0,0.0942,168519.0,0.0945,68662.0,0.0946,135086.0
1753535131607,13:05:31.607,BAKE/USDT:USDT,0.0943,40099.0,0.0942,104314.0,0.0945,132867.0,0.0946,135086.0
1753535133024,13:05:33.024,BAKE/USDT:USDT,0.0943,40099.0,0.0942,104314.0,0.0945,68662.0,0.0946,135086.0
1753535133471,13:05:33.471,BAKE/USDT:USDT,0.0943,40099.0,0.0942,104314.0,0.0945,132867.0,0.0946,135086.0
1753535135715,13:05:35.715,BAKE/USDT:USDT,0.0943,40099.0,0.0942,104314.0,0.0945,68662.0,0.0946,135086.0
1753535136235,13:05:36.235,BAKE/USDT:USDT,0.0943,40099.0,0.0942,104314.0,0.0945,132867.0,0.0946,135086.0
1753535141527,13:05:41.527,BAKE/USDT:USDT,0.0943,104304.0,0.0942,168519.0,0.0945,132867.0,0.0946,135086.0
1753535141578,13:05:41.578,BAKE/USDT:USDT,0.0943,104304.0,0.0942,168519.0,0.0945,132867.0,0.0946,135086.0
1753535142293,13:05:42.293,BAKE/USDT:USDT,0.0943,104304.0,0.0942,104314.0,0.0945,132867.0,0.0946,135086.0
1753535146018,13:05:46.018,BAKE/USDT:USDT,0.0943,104304.0,0.0942,104314.0,0.0945,68662.0,0.0946,135086.0
1753535146308,13:05:46.308,BAKE/USDT:USDT,0.0943,104304.0,0.0942,104314.0,0.0945,132867.0,0.0946,135086.0
1753535147898,13:05:47.898,BAKE/USDT:USDT,0.0943,104304.0,0.0942,168519.0,0.0945,68662.0,0.0946,135086.0
1753535148475,13:05:48.475,BAKE/USDT:USDT,0.0943,104304.0,0.0942,104314.0,0.0945,132867.0,0.0946,135086.0
1753535148790,13:05:48.790,BAKE/USDT:USDT,0.0943,104304.0,0.0942,104314.0,0.0945,132867.0,0.0946,135086.0
1753535149801,13:05:49.801,BAKE/USDT:USDT,0.0943,104304.0,0.0942,168519.0,0.0945,68662.0,0.0946,135086.0
1753535150428,13:05:50.428,BAKE/USDT:USDT,0.0943,4419.0,0.0942,74314.0,0.0944,68652.0,0.0945,132867.0
1753535150509,13:05:50.509,BAKE/USDT:USDT,0.0943,4419.0,0.0942,74314.0,0.0944,4447.0,0.0945,135006.0
1753535150634,13:05:50.634,BAKE/USDT:USDT,0.0943,4419.0,0.0942,74314.0,0.0944,4447.0,0.0945,135006.0
1753535150701,13:05:50.701,BAKE/USDT:USDT,0.0943,4419.0,0.0942,74314.0,0.0944,4447.0,0.0945,135006.0
1753535171555,13:06:11.555,BAKE/USDT:USDT,0.0943,4419.0,0.0942,74314.0,0.0944,4447.0,0.0945,135006.0
1753535172001,13:06:12.001,BAKE/USDT:USDT,0.0943,4419.0,0.0942,74314.0,0.0944,4447.0,0.0945,135006.0
1753535177816,13:06:17.816,BAKE/USDT:USDT,0.0942,74314.0,0.0941,138503.0,0.0944,132857.0,0.0945,135006.0
1753535177889,13:06:17.889,BAKE/USDT:USDT,0.0942,74314.0,0.0941,74298.0,0.0944,132857.0,0.0945,135006.0
1753535178092,13:06:18.092,BAKE/USDT:USDT,0.0942,74314.0,0.0941,138503.0,0.0944,132857.0,0.0945,135006.0
1753535180974,13:06:20.974,BAKE/USDT:USDT,0.0943,4392.0,0.0942,74314.0,0.0944,68652.0,0.0945,135006.0
1753535181056,13:06:21.056,BAKE/USDT:USDT,0.0943,4392.0,0.0942,74314.0,0.0944,4447.0,0.0945,135006.0
1753535184932,13:06:24.932,BAKE/USDT:USDT,0.0943,4392.0,0.0942,74314.0,0.0945,132867.0,0.0946,135086.0
1753535185025,13:06:25.025,BAKE/USDT:USDT,0.0943,4392.0,0.0942,74314.0,0.0945,132867.0,0.0946,135086.0
1753535185233,13:06:25.233,BAKE/USDT:USDT,0.0943,4392.0,0.0942,74314.0,0.0945,132867.0,0.0946,135086.0
1753535185790,13:06:25.790,BAKE/USDT:USDT,0.0943,34392.0,0.0942,104314.0,0.0945,132867.0,0.0946,135086.0
1753535193049,13:06:33.049,BAKE/USDT:USDT,0.0943,34392.0,0.0942,104314.0,0.0945,132867.0,0.0946,135086.0
1753535201482,13:06:41.482,BAKE/USDT:USDT,0.0943,98597.0,0.0942,168519.0,0.0945,68662.0,0.0946,135086.0
1753535202033,13:06:42.033,BAKE/USDT:USDT,0.0943,98597.0,0.0942,104314.0,0.0945,132867.0,0.0946,135086.0
1753535202568,13:06:42.568,BAKE/USDT:USDT,0.0943,98597.0,0.0942,104314.0,0.0945,135006.0,0.0946,132947.0
1753535205852,13:06:45.852,BAKE/USDT:USDT,0.0943,98597.0,0.0942,104314.0,0.0945,70801.0,0.0946,132947.0
1753535206238,13:06:46.238,BAKE/USDT:USDT,0.0944,34381.0,0.0943,104209.0,0.0945,4457.0,0.0946,135086.0
1753535206304,13:06:46.304,BAKE/USDT:USDT,0.0944,34381.0,0.0943,104209.0,0.0945,4457.0,0.0946,135086.0
1753535206429,13:06:46.429,BAKE/USDT:USDT,0.0944,34381.0,0.0943,104209.0,0.0945,4457.0,0.0946,135086.0
1753535206495,13:06:46.495,BAKE/USDT:USDT,0.0944,34381.0,0.0943,104209.0,0.0945,4457.0,0.0946,135086.0
1753535211927,13:06:51.927,BAKE/USDT:USDT,0.0944,4381.0,0.0943,104209.0,0.0945,4457.0,0.0946,135086.0
1753535211939,13:06:51.939,BAKE/USDT:USDT,0.0944,4381.0,0.0943,104209.0,0.0945,4457.0,0.0946,135086.0
1753535212079,13:06:52.079,BAKE/USDT:USDT,0.0944,4381.0,0.0943,104209.0,0.0945,4457.0,0.0946,135086.0
1753535215459,13:06:55.459,BAKE/USDT:USDT,0.0944,4381.0,0.0943,104209.0,0.0945,34457.0,0.0946,135086.0
1753535227595,13:07:07.595,BAKE/USDT:USDT,0.0943,104209.0,0.0942,168457.0,0.0945,34457.0,0.0946,135086.0
1753535227667,13:07:07.667,BAKE/USDT:USDT,0.0943,104209.0,0.0942,138457.0,0.0945,34457.0,0.0946,135086.0
1753535236283,13:07:16.283,BAKE/USDT:USDT,0.0943,104209.0,0.0942,138457.0,0.0945,34457.0,0.0946,135086.0
1753535237984,13:07:17.984,BAKE/USDT:USDT,0.0943,104209.0,0.0942,138457.0,0.0945,34457.0,0.0946,135086.0
1753535240308,13:07:20.308,BAKE/USDT:USDT,0.0944,4533.0,0.0943,104209.0,0.0945,34457.0,0.0946,135086.0
1753535240358,13:07:20.358,BAKE/USDT:USDT,0.0944,4533.0,0.0943,104209.0,0.0945,34457.0,0.0946,135086.0
1753535251241,13:07:31.241,BAKE/USDT:USDT,0.0944,4533.0,0.0943,104209.0,0.0945,34457.0,0.0946,135086.0
1753535252211,13:07:32.211,BAKE/USDT:USDT,0.0944,4533.0,0.0943,104209.0,0.0945,34457.0,0.0946,135086.0
1753535254236,13:07:34.236,BAKE/USDT:USDT,0.0944,4533.0,0.0943,104209.0,0.0945,34457.0,0.0946,135086.0
1753535254449,13:07:34.449,BAKE/USDT:USDT,0.0944,4533.0,0.0943,104209.0,0.0945,34457.0,0.0946,135086.0
1753535264829,13:07:44.829,BAKE/USDT:USDT,0.0943,104209.0,0.0942,138454.0,0.0945,34457.0,0.0946,135086.0
1753535266038,13:07:46.038,BAKE/USDT:USDT,0.0943,74209.0,0.0942,138454.0,0.0945,98662.0,0.0946,135086.0
1753535266042,13:07:46.042,BAKE/USDT:USDT,0.0943,10004.0,0.0942,74249.0,0.0945,162867.0,0.0946,135086.0
1753535267337,13:07:47.337,BAKE/USDT:USDT,0.0943,10004.0,0.0942,138454.0,0.0945,162867.0,0.0946,135086.0
1753535267343,13:07:47.343,BAKE/USDT:USDT,0.0943,74209.0,0.0942,138454.0,0.0945,162867.0,0.0946,135086.0
1753535269168,13:07:49.168,BAKE/USDT:USDT,0.0943,74209.0,0.0942,138454.0,0.0945,162867.0,0.0946,135086.0
1753535270850,13:07:50.850,BAKE/USDT:USDT,0.0943,74209.0,0.0942,74249.0,0.0945,162867.0,0.0946,135086.0
1753535271077,13:07:51.077,BAKE/USDT:USDT,0.0943,74209.0,0.0942,138454.0,0.0945,98662.0,0.0946,135086.0
1753535271862,13:07:51.862,BAKE/USDT:USDT,0.0943,74209.0,0.0942,74249.0,0.0945,162867.0,0.0946,135086.0
1753535274169,13:07:54.169,BAKE/USDT:USDT,0.0943,74209.0,0.0942,138454.0,0.0945,34457.0,0.0946,135086.0
1753535276174,13:07:56.174,BAKE/USDT:USDT,0.0943,74209.0,0.0942,138454.0,0.0945,34457.0,0.0946,135086.0
1753535286611,13:08:06.611,BAKE/USDT:USDT,0.0943,74209.0,0.0942,138454.0,0.0945,162867.0,0.0946,135086.0
1753535286764,13:08:06.764,BAKE/USDT:USDT,0.0943,74209.0,0.0942,74249.0,0.0945,162867.0,0.0946,135086.0
1753535286888,13:08:06.888,BAKE/USDT:USDT,0.0944,4581.0,0.0943,74209.0,0.0945,162867.0,0.0946,135086.0
1753535286961,13:08:06.961,BAKE/USDT:USDT,0.0944,4581.0,0.0943,74209.0,0.0945,34457.0,0.0946,135086.0
1753535289168,13:08:09.168,BAKE/USDT:USDT,0.0944,4581.0,0.0943,74209.0,0.0945,34457.0,0.0946,135086.0
1753535298031,13:08:18.031,BAKE/USDT:USDT,0.0944,4581.0,0.0943,74209.0,0.0945,34457.0,0.0946,135086.0
1753535302831,13:08:22.831,BAKE/USDT:USDT,0.0944,4581.0,0.0943,74209.0,0.0946,68742.0,0.0947,135040.0
1753535302931,13:08:22.931,BAKE/USDT:USDT,0.0944,4581.0,0.0943,74209.0,0.0946,132947.0,0.0947,153455.0
1753535303034,13:08:23.034,BAKE/USDT:USDT,0.0944,4581.0,0.0943,74209.0,0.0946,132947.0,0.0947,153455.0
1753535303109,13:08:23.109,BAKE/USDT:USDT,0.0944,4581.0,0.0943,74209.0,0.0946,132947.0,0.0947,153455.0
1753535303466,13:08:23.466,BAKE/USDT:USDT,0.0944,34581.0,0.0943,104209.0,0.0946,132947.0,0.0947,153455.0
1753535320468,13:08:40.468,BAKE/USDT:USDT,0.0944,34581.0,0.0943,104209.0,0.0946,135086.0,0.0947,151316.0
1753535332920,13:08:52.920,BAKE/USDT:USDT,0.0944,34581.0,0.0943,104209.0,0.0946,132947.0,0.0947,153452.0
1753535340946,13:09:00.946,BAKE/USDT:USDT,0.0944,34581.0,0.0943,168414.0,0.0946,132947.0,0.0947,153452.0
1753535349304,13:09:09.304,BAKE/USDT:USDT,0.0945,4407.0,0.0944,104437.0,0.0946,4537.0,0.0947,153452.0
1753535349432,13:09:09.432,BAKE/USDT:USDT,0.0945,4407.0,0.0944,104437.0,0.0946,4537.0,0.0947,153452.0
1753535349534,13:09:09.534,BAKE/USDT:USDT,0.0945,4407.0,0.0944,104437.0,0.0946,4537.0,0.0947,153452.0
1753535349621,13:09:09.621,BAKE/USDT:USDT,0.0945,4407.0,0.0944,104437.0,0.0946,4537.0,0.0947,153452.0
1753535349822,13:09:09.822,BAKE/USDT:USDT,0.0945,4407.0,0.0944,104437.0,0.0946,4537.0,0.0947,153452.0
1753535357576,13:09:17.576,BAKE/USDT:USDT,0.0945,4407.0,0.0944,104437.0,0.0946,4537.0,0.0947,153452.0
1753535357655,13:09:17.655,BAKE/USDT:USDT,0.0945,4407.0,0.0944,104437.0,0.0946,4537.0,0.0947,153452.0
1753535362991,13:09:22.991,BAKE/USDT:USDT,0.0945,4407.0,0.0944,104437.0,0.0946,4537.0,0.0947,153445.0
1753535380816,13:09:40.816,BAKE/USDT:USDT,0.0945,4407.0,0.0944,104437.0,0.0946,4537.0,0.0947,153445.0
1753535386234,13:09:46.234,BAKE/USDT:USDT,0.0945,4407.0,0.0944,104437.0,0.0946,68742.0,0.0947,153445.0
1753535386559,13:09:46.559,BAKE/USDT:USDT,0.0945,4407.0,0.0944,104437.0,0.0946,68742.0,0.0947,153445.0
1753535390817,13:09:50.817,BAKE/USDT:USDT,0.0944,104437.0,0.0943,138477.0,0.0946,68742.0,0.0947,153445.0
1753535390973,13:09:50.973,BAKE/USDT:USDT,0.0945,4505.0,0.0944,104437.0,0.0946,68742.0,0.0947,153445.0
1753535391401,13:09:51.401,BAKE/USDT:USDT,0.0945,4505.0,0.0944,104437.0,0.0946,68742.0,0.0947,153445.0
1753535393018,13:09:53.018,BAKE/USDT:USDT,0.0945,4505.0,0.0944,104437.0,0.0946,68742.0,0.0947,135040.0
1753535393042,13:09:53.042,BAKE/USDT:USDT,0.0945,4505.0,0.0944,104437.0,0.0946,68742.0,0.0947,153448.0
1753535393313,13:09:53.313,BAKE/USDT:USDT,0.0944,40232.0,0.0943,74272.0,0.0946,132947.0,0.0947,153448.0
1753535393437,13:09:53.437,BAKE/USDT:USDT,0.0944,40232.0,0.0943,138477.0,0.0946,132947.0,0.0947,153448.0
1753535393454,13:09:53.454,BAKE/USDT:USDT,0.0944,104437.0,0.0943,138477.0,0.0946,132947.0,0.0947,153448.0
1753535393576,13:09:53.576,BAKE/USDT:USDT,0.0944,104437.0,0.0943,74272.0,0.0946,132947.0,0.0947,153448.0
1753535394414,13:09:54.414,BAKE/USDT:USDT,0.0944,104437.0,0.0943,138477.0,0.0946,132947.0,0.0947,153448.0
1753535394652,13:09:54.652,BAKE/USDT:USDT,0.0944,104437.0,0.0943,138477.0,0.0946,132947.0,0.0947,153448.0
1753535398190,13:09:58.190,BAKE/USDT:USDT,0.0944,104437.0,0.0943,74272.0,0.0946,132947.0,0.0947,153448.0
1753535399047,13:09:59.047,BAKE/USDT:USDT,0.0944,104437.0,0.0943,138477.0,0.0946,68742.0,0.0947,153448.0
1753535399511,13:09:59.511,BAKE/USDT:USDT,0.0944,104437.0,0.0943,138477.0,0.0946,132947.0,0.0947,153448.0
1753535411111,13:10:11.111,BAKE/USDT:USDT,0.0944,104437.0,0.0943,138477.0,0.0946,68742.0,0.0947,153448.0
1753535411460,13:10:11.460,BAKE/USDT:USDT,0.0944,104437.0,0.0943,74272.0,0.0946,132947.0,0.0947,153448.0
1753535412665,13:10:12.665,BAKE/USDT:USDT,0.0944,104437.0,0.0943,138477.0,0.0946,132947.0,0.0947,153448.0
1753535417852,13:10:17.852,BAKE/USDT:USDT,0.0944,104437.0,0.0943,138477.0,0.0946,132947.0,0.0947,153448.0
1753535420576,13:10:20.576,BAKE/USDT:USDT,0.0944,104437.0,0.0943,138477.0,0.0946,132947.0,0.0947,153448.0
1753535423095,13:10:23.095,BAKE/USDT:USDT,0.0944,104437.0,0.0943,138477.0,0.0946,132947.0,0.0947,153448.0
1753535424164,13:10:24.164,BAKE/USDT:USDT,0.0944,104437.0,0.0943,138477.0,0.0946,68742.0,0.0947,153448.0
1753535424434,13:10:24.434,BAKE/USDT:USDT,0.0944,104437.0,0.0943,138477.0,0.0946,132947.0,0.0947,153448.0
1753535425075,13:10:25.075,BAKE/USDT:USDT,0.0944,104437.0,0.0943,138477.0,0.0946,68742.0,0.0947,153448.0
1753535425986,13:10:25.986,BAKE/USDT:USDT,0.0944,104437.0,0.0943,138477.0,0.0946,132947.0,0.0947,153448.0
1753535432620,13:10:32.620,BAKE/USDT:USDT,0.0944,104437.0,0.0943,138477.0,0.0945,4568.0,0.0946,132947.0
1753535432697,13:10:32.697,BAKE/USDT:USDT,0.0944,104437.0,0.0943,74272.0,0.0945,4568.0,0.0946,135086.0
1753535432970,13:10:32.970,BAKE/USDT:USDT,0.0944,104437.0,0.0943,74272.0,0.0946,132947.0,0.0947,153448.0
1753535433405,13:10:33.405,BAKE/USDT:USDT,0.0944,104437.0,0.0943,74272.0,0.0946,132947.0,0.0947,153448.0
1753535433946,13:10:33.946,BAKE/USDT:USDT,0.0944,104437.0,0.0943,138477.0,0.0946,132947.0,0.0947,153448.0
1753535434097,13:10:34.097,BAKE/USDT:USDT,0.0944,104437.0,0.0943,138477.0,0.0946,68742.0,0.0947,153448.0
1753535434223,13:10:34.223,BAKE/USDT:USDT,0.0944,104437.0,0.0943,138477.0,0.0946,68742.0,0.0947,153448.0
1753535434486,13:10:34.486,BAKE/USDT:USDT,0.0944,104437.0,0.0943,138477.0,0.0946,132947.0,0.0947,153448.0
1753535435406,13:10:35.406,BAKE/USDT:USDT,0.0944,104437.0,0.0943,138477.0,0.0946,68742.0,0.0947,153448.0
1753535436189,13:10:36.189,BAKE/USDT:USDT,0.0944,104437.0,0.0943,138477.0,0.0946,132947.0,0.0947,153448.0
1753535436891,13:10:36.891,BAKE/USDT:USDT,0.0944,104437.0,0.0943,74272.0,0.0946,132947.0,0.0947,153448.0
1753535438986,13:10:38.986,BAKE/USDT:USDT,0.0944,104437.0,0.0943,138477.0,0.0946,132947.0,0.0947,153448.0
1753535440006,13:10:40.006,BAKE/USDT:USDT,0.0944,104437.0,0.0943,138477.0,0.0946,68742.0,0.0947,153448.0
1753535440226,13:10:40.226,BAKE/USDT:USDT,0.0944,104437.0,0.0943,74272.0,0.0946,132947.0,0.0947,153448.0
1753535440658,13:10:40.658,BAKE/USDT:USDT,0.0944,104437.0,0.0943,138477.0,0.0946,68742.0,0.0947,153448.0
1753535441154,13:10:41.154,BAKE/USDT:USDT,0.0944,104437.0,0.0943,138477.0,0.0946,132947.0,0.0947,153448.0
1753535442691,13:10:42.691,BAKE/USDT:USDT,0.0944,104437.0,0.0943,74272.0,0.0946,132947.0,0.0947,153448.0
1753535444820,13:10:44.820,BAKE/USDT:USDT,0.0944,104437.0,0.0943,74272.0,0.0946,132947.0,0.0947,153448.0
1753535444918,13:10:44.918,BAKE/USDT:USDT,0.0944,104437.0,0.0943,74272.0,0.0946,132947.0,0.0947,153448.0
1753535445555,13:10:45.555,BAKE/USDT:USDT,0.0944,40232.0,0.0943,74272.0,0.0946,132947.0,0.0947,153448.0
1753535445862,13:10:45.862,BAKE/USDT:USDT,0.0944,40232.0,0.0943,104272.0,0.0946,132947.0,0.0947,153448.0
1753535445948,13:10:45.948,BAKE/USDT:USDT,0.0944,40232.0,0.0943,168477.0,0.0946,132947.0,0.0947,153448.0
1753535446335,13:10:46.335,BAKE/USDT:USDT,0.0944,40232.0,0.0943,168477.0,0.0946,68742.0,0.0947,153448.0
1753535446439,13:10:46.439,BAKE/USDT:USDT,0.0944,40232.0,0.0943,168477.0,0.0946,132947.0,0.0947,153448.0
1753535450051,13:10:50.051,BAKE/USDT:USDT,0.0944,40232.0,0.0943,168477.0,0.0946,68742.0,0.0947,153448.0
1753535450157,13:10:50.157,BAKE/USDT:USDT,0.0944,40232.0,0.0943,104272.0,0.0946,132947.0,0.0947,153448.0
1753535450539,13:10:50.539,BAKE/USDT:USDT,0.0943,68597.0,0.0942,132848.0,0.0945,68614.0,0.0946,132947.0
1753535450618,13:10:50.618,BAKE/USDT:USDT,0.0943,4392.0,0.0942,74304.0,0.0945,162819.0,0.0946,135086.0
1753535450834,13:10:50.834,BAKE/USDT:USDT,0.0943,34392.0,0.0942,104304.0,0.0945,162819.0,0.0946,135086.0
1753535450918,13:10:50.918,BAKE/USDT:USDT,0.0943,34392.0,0.0942,104304.0,0.0945,162819.0,0.0946,135086.0
1753535451990,13:10:51.990,BAKE/USDT:USDT,0.0943,34392.0,0.0942,104304.0,0.0945,132819.0,0.0946,135086.0
1753535452406,13:10:52.406,BAKE/USDT:USDT,0.0943,34392.0,0.0942,104304.0,0.0945,132819.0,0.0946,135086.0
1753535453139,13:10:53.139,BAKE/USDT:USDT,0.0943,34392.0,0.0942,104304.0,0.0945,132819.0,0.0946,135086.0
1753535453239,13:10:53.239,BAKE/USDT:USDT,0.0943,34392.0,0.0942,104304.0,0.0945,132819.0,0.0946,153526.0
1753535453251,13:10:53.251,BAKE/USDT:USDT,0.0943,34392.0,0.0942,104304.0,0.0945,132819.0,0.0946,153526.0
1753535453504,13:10:53.504,BAKE/USDT:USDT,0.0943,34392.0,0.0942,104304.0,0.0945,132819.0,0.0946,153526.0
1753535455644,13:10:55.644,BAKE/USDT:USDT,0.0943,34392.0,0.0942,104304.0,0.0945,132819.0,0.0946,153526.0
1753535456039,13:10:56.039,BAKE/USDT:USDT,0.0943,34392.0,0.0942,104304.0,0.0945,132819.0,0.0946,153526.0
1753535458720,13:10:58.720,BAKE/USDT:USDT,0.0943,34392.0,0.0942,104304.0,0.0945,132819.0,0.0946,153526.0
1753535483216,13:11:23.216,BAKE/USDT:USDT,0.0943,34392.0,0.0942,104304.0,0.0945,132819.0,0.0946,135086.0
1753535483242,13:11:23.242,BAKE/USDT:USDT,0.0943,34392.0,0.0942,104304.0,0.0945,132819.0,0.0946,153524.0
1753535491226,13:11:31.226,BAKE/USDT:USDT,0.0944,4482.0,0.0943,104253.0,0.0945,4409.0,0.0946,153524.0
1753535491311,13:11:31.311,BAKE/USDT:USDT,0.0944,4482.0,0.0943,104253.0,0.0945,4409.0,0.0946,153524.0
1753535491528,13:11:31.528,BAKE/USDT:USDT,0.0944,4482.0,0.0943,104253.0,0.0945,4409.0,0.0946,153524.0
1753535491575,13:11:31.575,BAKE/USDT:USDT,0.0944,4482.0,0.0943,104253.0,0.0945,4409.0,0.0946,153524.0
1753535491696,13:11:31.696,BAKE/USDT:USDT,0.0944,4482.0,0.0943,104253.0,0.0945,68614.0,0.0946,153524.0
1753535492966,13:11:32.966,BAKE/USDT:USDT,0.0944,4482.0,0.0943,104253.0,0.0945,4409.0,0.0946,153524.0
1753535493922,13:11:33.922,BAKE/USDT:USDT,0.0944,4482.0,0.0943,104253.0,0.0945,4409.0,0.0946,135086.0
1753535497129,13:11:37.129,BAKE/USDT:USDT,0.0944,4482.0,0.0943,104253.0,0.0946,132947.0,0.0947,259300.0
1753535497213,13:11:37.213,BAKE/USDT:USDT,0.0944,4482.0,0.0943,104253.0,0.0946,132947.0,0.0947,259300.0
1753535497426,13:11:37.426,BAKE/USDT:USDT,0.0944,4482.0,0.0943,104253.0,0.0946,132947.0,0.0947,259300.0
1753535498268,13:11:38.268,BAKE/USDT:USDT,0.0944,34482.0,0.0943,104253.0,0.0946,132947.0,0.0947,259300.0
1753535498957,13:11:38.957,BAKE/USDT:USDT,0.0944,34482.0,0.0943,104253.0,0.0946,132947.0,0.0947,259300.0
1753535500174,13:11:40.174,BAKE/USDT:USDT,0.0944,34482.0,0.0943,104253.0,0.0946,132947.0,0.0947,153460.0
1753535503456,13:11:43.456,BAKE/USDT:USDT,0.0944,34482.0,0.0943,104253.0,0.0946,132947.0,0.0947,153460.0
1753535511334,13:11:51.334,BAKE/USDT:USDT,0.0944,34482.0,0.0943,104253.0,0.0946,132947.0,0.0947,153460.0
1753535521777,13:12:01.777,BAKE/USDT:USDT,0.0944,4482.0,0.0943,104253.0,0.0945,4448.0,0.0946,135086.0
1753535521864,13:12:01.864,BAKE/USDT:USDT,0.0944,4482.0,0.0943,104253.0,0.0945,4448.0,0.0946,135086.0
1753535523671,13:12:03.671,BAKE/USDT:USDT,0.0944,4482.0,0.0943,104253.0,0.0945,4448.0,0.0946,135086.0
1753535523971,13:12:03.971,BAKE/USDT:USDT,0.0944,4482.0,0.0943,104253.0,0.0945,4448.0,0.0946,135086.0
1753535524525,13:12:04.525,BAKE/USDT:USDT,0.0943,104253.0,0.0942,68643.0,0.0945,132858.0,0.0946,135086.0
1753535524543,13:12:04.543,BAKE/USDT:USDT,0.0943,104253.0,0.0942,74308.0,0.0945,132858.0,0.0946,135086.0
1753535524934,13:12:04.934,BAKE/USDT:USDT,0.0943,104253.0,0.0942,138513.0,0.0945,132858.0,0.0946,135086.0
1753535525112,13:12:05.112,BAKE/USDT:USDT,0.0943,104253.0,0.0942,138513.0,0.0945,132858.0,0.0946,135086.0
1753535526097,13:12:06.097,BAKE/USDT:USDT,0.0944,4448.0,0.0943,104253.0,0.0945,132858.0,0.0946,135086.0
1753535526157,13:12:06.157,BAKE/USDT:USDT,0.0944,4448.0,0.0943,104253.0,0.0945,132858.0,0.0946,135086.0
1753535533233,13:12:13.233,BAKE/USDT:USDT,0.0944,4448.0,0.0943,104253.0,0.0945,4448.0,0.0946,135086.0
1753535533593,13:12:13.593,BAKE/USDT:USDT,0.0944,4448.0,0.0943,104253.0,0.0945,4448.0,0.0946,135086.0
1753535549024,13:12:29.024,BAKE/USDT:USDT,0.0945,7792.0,0.0944,10118.0,0.0946,132947.0,0.0947,153459.0
1753535549129,13:12:29.129,BAKE/USDT:USDT,0.0944,10118.0,0.0943,98597.0,0.0946,132947.0,0.0947,153459.0
1753535549180,13:12:29.180,BAKE/USDT:USDT,0.0944,10118.0,0.0943,104267.0,0.0946,132947.0,0.0947,153459.0
1753535549334,13:12:29.334,BAKE/USDT:USDT,0.0944,10118.0,0.0943,104267.0,0.0946,132947.0,0.0947,153459.0
1753535549357,13:12:29.357,BAKE/USDT:USDT,0.0944,10118.0,0.0943,104267.0,0.0946,132947.0,0.0947,153459.0
1753535551168,13:12:31.168,BAKE/USDT:USDT,0.0944,10118.0,0.0943,104267.0,0.0946,132947.0,0.0947,153459.0
1753535551369,13:12:31.369,BAKE/USDT:USDT,0.0944,10118.0,0.0943,104267.0,0.0946,132947.0,0.0947,153459.0
1753535554029,13:12:34.029,BAKE/USDT:USDT,0.0944,10118.0,0.0943,104267.0,0.0946,132947.0,0.0947,153450.0
1753535565916,13:12:45.916,BAKE/USDT:USDT,0.0944,10118.0,0.0943,104267.0,0.0946,132947.0,0.0947,153450.0
1753535568477,13:12:48.477,BAKE/USDT:USDT,0.0944,40118.0,0.0943,104267.0,0.0946,132947.0,0.0947,153450.0
1753535572165,13:12:52.165,BAKE/USDT:USDT,0.0944,40118.0,0.0943,104267.0,0.0946,135086.0,0.0947,151311.0
1753535575836,13:12:55.836,BAKE/USDT:USDT,0.0944,40118.0,0.0943,104267.0,0.0946,135086.0,0.0947,151311.0
1753535576100,13:12:56.100,BAKE/USDT:USDT,0.0944,40118.0,0.0943,104267.0,0.0946,135086.0,0.0947,151311.0
1753535580432,13:13:00.432,BAKE/USDT:USDT,0.0945,4565.0,0.0944,40118.0,0.0946,135086.0,0.0947,151311.0
1753535580526,13:13:00.526,BAKE/USDT:USDT,0.0945,4565.0,0.0944,40118.0,0.0946,132947.0,0.0947,153450.0
1753535580607,13:13:00.607,BAKE/USDT:USDT,0.0945,4565.0,0.0944,104323.0,0.0946,132947.0,0.0947,153450.0
1753535580718,13:13:00.718,BAKE/USDT:USDT,0.0945,4565.0,0.0944,104323.0,0.0946,132947.0,0.0947,153450.0
1753535581329,13:13:01.329,BAKE/USDT:USDT,0.0945,4565.0,0.0944,104323.0,0.0946,132947.0,0.0947,153450.0
1753535584096,13:13:04.096,BAKE/USDT:USDT,0.0945,4565.0,0.0944,104323.0,0.0946,132947.0,0.0947,153447.0
1753535584965,13:13:04.965,BAKE/USDT:USDT,0.0945,4565.0,0.0944,104323.0,0.0946,68742.0,0.0947,153447.0
1753535586004,13:13:06.004,BAKE/USDT:USDT,0.0945,4565.0,0.0944,104323.0,0.0946,132947.0,0.0947,153447.0
1753535586697,13:13:06.697,BAKE/USDT:USDT,0.0945,4565.0,0.0944,104323.0,0.0946,132947.0,0.0947,153447.0
1753535594876,13:13:14.876,BAKE/USDT:USDT,0.0945,4565.0,0.0944,104323.0,0.0946,4537.0,0.0947,153447.0
1753535606574,13:13:26.574,BAKE/USDT:USDT,0.0945,4565.0,0.0944,104323.0,0.0946,132947.0,0.0947,153447.0
1753535607528,13:13:27.528,BAKE/USDT:USDT,0.0945,4565.0,0.0944,104323.0,0.0946,132947.0,0.0947,153447.0
1753535609319,13:13:29.319,BAKE/USDT:USDT,0.0945,4565.0,0.0944,104323.0,0.0946,4537.0,0.0947,153447.0
1753535609428,13:13:29.428,BAKE/USDT:USDT,0.0945,4565.0,0.0944,104323.0,0.0946,68742.0,0.0947,153447.0
1753535609458,13:13:29.458,BAKE/USDT:USDT,0.0945,4565.0,0.0944,104323.0,0.0946,4537.0,0.0947,153447.0
1753535610032,13:13:30.032,BAKE/USDT:USDT,0.0945,4565.0,0.0944,104323.0,0.0946,132947.0,0.0947,153447.0
1753535610131,13:13:30.131,BAKE/USDT:USDT,0.0945,4565.0,0.0944,104323.0,0.0946,4537.0,0.0947,153447.0
1753535610167,13:13:30.167,BAKE/USDT:USDT,0.0945,4565.0,0.0944,104323.0,0.0946,132947.0,0.0947,153447.0
1753535614137,13:13:34.137,BAKE/USDT:USDT,0.0945,4565.0,0.0944,104323.0,0.0946,132947.0,0.0947,135040.0
1753535614162,13:13:34.162,BAKE/USDT:USDT,0.0945,4565.0,0.0944,104323.0,0.0946,132947.0,0.0947,153444.0
1753535616652,13:13:36.652,BAKE/USDT:USDT,0.0945,4565.0,0.0944,104323.0,0.0946,4537.0,0.0947,153444.0
1753535636935,13:13:56.935,BAKE/USDT:USDT,0.0945,4565.0,0.0944,104323.0,0.0947,151305.0,0.0948,240880.0
1753535637018,13:13:57.018,BAKE/USDT:USDT,0.0945,4565.0,0.0944,104323.0,0.0947,151305.0,0.0948,240880.0
1753535637221,13:13:57.221,BAKE/USDT:USDT,0.0945,4565.0,0.0944,104323.0,0.0947,151305.0,0.0948,240880.0
1753535637707,13:13:57.707,BAKE/USDT:USDT,0.0945,34565.0,0.0944,104323.0,0.0947,151305.0,0.0948,240880.0
1753535644216,13:14:04.216,BAKE/USDT:USDT,0.0945,34565.0,0.0944,104323.0,0.0947,151299.0,0.0948,240880.0
1753535653429,13:14:13.429,BAKE/USDT:USDT,0.0946,4436.0,0.0945,40308.0,0.0947,132901.0,0.0948,135040.0
1753535653507,13:14:13.507,BAKE/USDT:USDT,0.0945,40308.0,0.0944,104396.0,0.0947,132901.0,0.0948,153431.0
1753535653615,13:14:13.615,BAKE/USDT:USDT,0.0945,40308.0,0.0944,104396.0,0.0947,132901.0,0.0948,153431.0
1753535653732,13:14:13.732,BAKE/USDT:USDT,0.0945,40308.0,0.0944,104396.0,0.0947,132901.0,0.0948,153431.0
1753535653756,13:14:13.756,BAKE/USDT:USDT,0.0945,40308.0,0.0944,104396.0,0.0947,132901.0,0.0948,153431.0
1753535659338,13:14:19.338,BAKE/USDT:USDT,0.0945,72006.0,0.0944,104396.0,0.0947,132901.0,0.0948,153431.0
1753535659344,13:14:19.344,BAKE/USDT:USDT,0.0945,72006.0,0.0944,104396.0,0.0947,132901.0,0.0948,153431.0
1753535659728,13:14:19.728,BAKE/USDT:USDT,0.0945,72006.0,0.0944,104396.0,0.0946,4379.0,0.0947,135040.0
1753535660094,13:14:20.094,BAKE/USDT:USDT,0.0945,72006.0,0.0944,104396.0,0.0946,4379.0,0.0947,135040.0
1753535670525,13:14:30.525,BAKE/USDT:USDT,0.0945,42006.0,0.0944,104396.0,0.0946,4379.0,0.0947,135040.0
1753535670595,13:14:30.595,BAKE/USDT:USDT,0.0945,42006.0,0.0944,104396.0,0.0946,4379.0,0.0947,135040.0
1753535683515,13:14:43.515,BAKE/USDT:USDT,0.0945,42006.0,0.0944,104396.0,0.0946,4379.0,0.0947,153435.0
1753535685172,13:14:45.172,BAKE/USDT:USDT,0.0945,42006.0,0.0944,104396.0,0.0946,4379.0,0.0947,153435.0
1753535687324,13:14:47.324,BAKE/USDT:USDT,0.0945,42006.0,0.0944,104396.0,0.0946,4379.0,0.0947,153435.0
1753535705930,13:15:05.930,BAKE/USDT:USDT,0.0945,42006.0,0.0944,104396.0,0.0946,34379.0,0.0947,153435.0
1753535707769,13:15:07.769,BAKE/USDT:USDT,0.0945,37441.0,0.0944,104396.0,0.0946,34379.0,0.0947,153435.0
1753535709524,13:15:09.524,BAKE/USDT:USDT,0.0944,40191.0,0.0943,104391.0,0.0946,162789.0,0.0947,153435.0
1753535709617,13:15:09.617,BAKE/USDT:USDT,0.0944,10191.0,0.0943,104391.0,0.0946,162789.0,0.0947,153435.0
1753535709771,13:15:09.771,BAKE/USDT:USDT,0.0944,10191.0,0.0943,104391.0,0.0946,162789.0,0.0947,153435.0
1753535710964,13:15:10.964,BAKE/USDT:USDT,0.0944,10191.0,0.0943,168596.0,0.0946,162789.0,0.0947,153435.0
1753535711416,13:15:11.416,BAKE/USDT:USDT,0.0944,74396.0,0.0943,168596.0,0.0946,162789.0,0.0947,153435.0
1753535713569,13:15:13.569,BAKE/USDT:USDT,0.0944,74396.0,0.0943,168596.0,0.0946,162789.0,0.0947,153445.0
1753535715914,13:15:15.914,BAKE/USDT:USDT,0.0944,74396.0,0.0943,168596.0,0.0946,162789.0,0.0947,153445.0
1753535720793,13:15:20.793,BAKE/USDT:USDT,0.0945,4501.0,0.0944,74396.0,0.0946,162789.0,0.0947,153445.0
1753535721728,13:15:21.728,BAKE/USDT:USDT,0.0944,74396.0,0.0943,168593.0,0.0946,162789.0,0.0947,153445.0
1753535721890,13:15:21.890,BAKE/USDT:USDT,0.0944,74396.0,0.0943,168593.0,0.0946,162789.0,0.0947,153445.0
1753535722303,13:15:22.303,BAKE/USDT:USDT,0.0944,74396.0,0.0943,168593.0,0.0946,162789.0,0.0947,153445.0
1753535726927,13:15:26.927,BAKE/USDT:USDT,0.0945,4509.0,0.0944,74396.0,0.0946,162789.0,0.0947,153445.0
1753535728016,13:15:28.016,BAKE/USDT:USDT,0.0944,74396.0,0.0943,168590.0,0.0946,162789.0,0.0947,153445.0
1753535743627,13:15:43.627,BAKE/USDT:USDT,0.0944,74396.0,0.0943,168590.0,0.0946,162789.0,0.0947,135040.0
1753535743650,13:15:43.650,BAKE/USDT:USDT,0.0944,74396.0,0.0943,168590.0,0.0946,162789.0,0.0947,153445.0
