timestamp,time,symbol,bid1_price,bid1_volume,bid2_price,bid2_volume,ask1_price,ask1_volume,ask2_price,ask2_volume
1753533020000,12:30:20.000,DOG/USDT:USDT,0.003592,28.0,0.003591,58.0,0.003595,28.0,0.003596,64.0
1753533020219,12:30:20.219,DOG/USDT:USDT,0.003592,28.0,0.003591,58.0,0.003595,28.0,0.003596,64.0
1753533021025,12:30:21.025,DOG/USDT:USDT,0.003592,28.0,0.003591,58.0,0.003595,28.0,0.003596,64.0
1753533023893,12:30:23.893,DOG/USDT:USDT,0.003592,28.0,0.003591,58.0,0.003595,28.0,0.003596,64.0
1753533024231,12:30:24.231,DOG/USDT:USDT,0.003592,28.0,0.003591,58.0,0.003595,28.0,0.003596,64.0
1753533024486,12:30:24.486,DOG/USDT:USDT,0.003592,28.0,0.003591,58.0,0.003595,28.0,0.003596,64.0
1753533025762,12:30:25.762,DOG/USDT:USDT,0.003592,28.0,0.003591,58.0,0.003595,28.0,0.003596,64.0
1753533025875,12:30:25.875,DOG/USDT:USDT,0.003591,58.0,0.00359,61.0,0.003595,28.0,0.003596,64.0
1753533026000,12:30:26.000,DOG/USDT:USDT,0.003591,58.0,0.00359,61.0,0.003595,28.0,0.003596,64.0
1753533026413,12:30:26.413,DOG/USDT:USDT,0.003591,58.0,0.00359,61.0,0.003595,28.0,0.003596,64.0
1753533027110,12:30:27.110,DOG/USDT:USDT,0.003592,27.0,0.003591,58.0,0.003595,28.0,0.003596,64.0
1753533027276,12:30:27.276,DOG/USDT:USDT,0.003592,27.0,0.003591,58.0,0.003595,28.0,0.003596,64.0
1753533027337,12:30:27.337,DOG/USDT:USDT,0.003592,27.0,0.003591,58.0,0.003595,28.0,0.003596,64.0
1753533027532,12:30:27.532,DOG/USDT:USDT,0.003592,27.0,0.003591,58.0,0.003595,28.0,0.003596,64.0
1753533027647,12:30:27.647,DOG/USDT:USDT,0.003592,27.0,0.003591,58.0,0.003595,28.0,0.003596,64.0
1753533027850,12:30:27.850,DOG/USDT:USDT,0.003592,27.0,0.003591,58.0,0.003595,28.0,0.003596,64.0
1753533028032,12:30:28.032,DOG/USDT:USDT,0.003592,27.0,0.003591,58.0,0.003595,28.0,0.003596,64.0
1753533028620,12:30:28.620,DOG/USDT:USDT,0.003592,27.0,0.003591,58.0,0.003595,28.0,0.003596,64.0
1753533029402,12:30:29.402,DOG/USDT:USDT,0.003592,27.0,0.003591,58.0,0.003595,28.0,0.003596,64.0
1753533030019,12:30:30.019,DOG/USDT:USDT,0.003592,27.0,0.003591,58.0,0.003595,28.0,0.003596,64.0
1753533030069,12:30:30.069,DOG/USDT:USDT,0.003592,27.0,0.003591,58.0,0.003595,28.0,0.003596,64.0
1753533030624,12:30:30.624,DOG/USDT:USDT,0.003592,27.0,0.003591,58.0,0.003595,28.0,0.003596,64.0
1753533031864,12:30:31.864,DOG/USDT:USDT,0.003591,58.0,0.00359,61.0,0.003595,28.0,0.003596,64.0
1753533032078,12:30:32.078,DOG/USDT:USDT,0.003591,58.0,0.00359,61.0,0.003595,28.0,0.003596,64.0
1753533032505,12:30:32.505,DOG/USDT:USDT,0.003591,58.0,0.00359,61.0,0.003595,28.0,0.003596,64.0
1753533032881,12:30:32.881,DOG/USDT:USDT,0.003591,58.0,0.00359,61.0,0.003595,58.0,0.003596,64.0
1753533033345,12:30:33.345,DOG/USDT:USDT,0.003591,58.0,0.00359,61.0,0.003595,58.0,0.003596,64.0
1753533034008,12:30:34.008,DOG/USDT:USDT,0.003591,58.0,0.00359,61.0,0.003594,27.0,0.003595,58.0
1753533034167,12:30:34.167,DOG/USDT:USDT,0.003591,58.0,0.00359,61.0,0.003594,27.0,0.003595,58.0
1753533034231,12:30:34.231,DOG/USDT:USDT,0.003591,58.0,0.00359,61.0,0.003594,27.0,0.003595,58.0
1753533034591,12:30:34.591,DOG/USDT:USDT,0.003591,58.0,0.00359,61.0,0.003594,27.0,0.003595,58.0
1753533034651,12:30:34.651,DOG/USDT:USDT,0.003591,58.0,0.00359,61.0,0.003594,27.0,0.003595,58.0
1753533035424,12:30:35.424,DOG/USDT:USDT,0.003591,58.0,0.00359,61.0,0.003594,27.0,0.003595,58.0
1753533037868,12:30:37.868,DOG/USDT:USDT,0.003591,58.0,0.00359,61.0,0.003594,27.0,0.003595,58.0
1753533038811,12:30:38.811,DOG/USDT:USDT,0.003591,58.0,0.00359,61.0,0.003594,27.0,0.003595,58.0
1753533040224,12:30:40.224,DOG/USDT:USDT,0.003591,58.0,0.00359,61.0,0.003594,27.0,0.003595,58.0
1753533043866,12:30:43.866,DOG/USDT:USDT,0.003591,58.0,0.00359,61.0,0.003594,27.0,0.003595,58.0
1753533043933,12:30:43.933,DOG/USDT:USDT,0.003591,58.0,0.00359,61.0,0.003594,27.0,0.003595,58.0
1753533045024,12:30:45.024,DOG/USDT:USDT,0.003591,58.0,0.00359,61.0,0.003594,27.0,0.003595,58.0
1753533045410,12:30:45.410,DOG/USDT:USDT,0.003591,58.0,0.00359,61.0,0.003594,27.0,0.003595,58.0
1753533045423,12:30:45.423,DOG/USDT:USDT,0.003591,58.0,0.00359,61.0,0.003594,27.0,0.003595,58.0
1753533046587,12:30:46.587,DOG/USDT:USDT,0.003591,58.0,0.00359,61.0,0.003594,27.0,0.003595,58.0
1753533046887,12:30:46.887,DOG/USDT:USDT,0.003591,58.0,0.00359,58.0,0.003594,27.0,0.003595,58.0
1753533047171,12:30:47.171,DOG/USDT:USDT,0.003591,58.0,0.00359,58.0,0.003594,27.0,0.003595,58.0
1753533047851,12:30:47.851,DOG/USDT:USDT,0.003591,58.0,0.00359,58.0,0.003594,27.0,0.003595,58.0
1753533048192,12:30:48.192,DOG/USDT:USDT,0.003591,58.0,0.00359,58.0,0.003594,27.0,0.003595,58.0
1753533048489,12:30:48.489,DOG/USDT:USDT,0.003591,58.0,0.00359,58.0,0.003594,27.0,0.003595,58.0
1753533049519,12:30:49.519,DOG/USDT:USDT,0.003594,58.0,0.003593,61.0,0.003597,28.0,0.003598,58.0
1753533049590,12:30:49.590,DOG/USDT:USDT,0.003594,58.0,0.003593,61.0,0.003597,28.0,0.003598,58.0
1753533049721,12:30:49.721,DOG/USDT:USDT,0.003594,58.0,0.003593,61.0,0.003597,28.0,0.003598,58.0
1753533049756,12:30:49.756,DOG/USDT:USDT,0.003594,58.0,0.003593,61.0,0.003597,28.0,0.003598,58.0
1753533049895,12:30:49.895,DOG/USDT:USDT,0.003594,30.0,0.003593,58.0,0.003597,28.0,0.003598,58.0
1753533050312,12:30:50.312,DOG/USDT:USDT,0.003594,30.0,0.003593,58.0,0.003597,28.0,0.003598,58.0
1753533050379,12:30:50.379,DOG/USDT:USDT,0.003594,30.0,0.003593,58.0,0.003597,28.0,0.003598,58.0
1753533050667,12:30:50.667,DOG/USDT:USDT,0.003594,30.0,0.003593,58.0,0.003597,28.0,0.003598,58.0
1753533052106,12:30:52.106,DOG/USDT:USDT,0.003594,30.0,0.003593,58.0,0.003597,28.0,0.003598,58.0
1753533052260,12:30:52.260,DOG/USDT:USDT,0.003594,30.0,0.003593,58.0,0.003597,28.0,0.003598,58.0
1753533052424,12:30:52.424,DOG/USDT:USDT,0.003594,30.0,0.003593,58.0,0.003597,28.0,0.003598,58.0
1753533052571,12:30:52.571,DOG/USDT:USDT,0.003594,30.0,0.003593,58.0,0.003597,28.0,0.003598,58.0
1753533052864,12:30:52.864,DOG/USDT:USDT,0.003594,30.0,0.003593,58.0,0.003597,28.0,0.003598,58.0
1753533054800,12:30:54.800,DOG/USDT:USDT,0.003594,30.0,0.003593,58.0,0.003597,28.0,0.003598,58.0
1753533055216,12:30:55.216,DOG/USDT:USDT,0.003594,30.0,0.003593,58.0,0.003597,28.0,0.003598,58.0
1753533055638,12:30:55.638,DOG/USDT:USDT,0.003594,30.0,0.003593,58.0,0.003597,28.0,0.003598,58.0
1753533055865,12:30:55.865,DOG/USDT:USDT,0.003594,30.0,0.003593,58.0,0.003597,28.0,0.003598,58.0
1753533056420,12:30:56.420,DOG/USDT:USDT,0.003594,30.0,0.003593,58.0,0.003597,28.0,0.003598,58.0
1753533057224,12:30:57.224,DOG/USDT:USDT,0.003594,30.0,0.003593,58.0,0.003597,28.0,0.003598,58.0
1753533057803,12:30:57.803,DOG/USDT:USDT,0.003594,30.0,0.003593,58.0,0.003597,34.0,0.003598,64.0
1753533058578,12:30:58.578,DOG/USDT:USDT,0.003594,30.0,0.003593,58.0,0.003597,64.0,0.003598,64.0
1753533059513,12:30:59.513,DOG/USDT:USDT,0.003594,30.0,0.003593,30.0,0.003597,64.0,0.003598,64.0
1753533059577,12:30:59.577,DOG/USDT:USDT,0.003593,30.0,0.003592,61.0,0.003597,64.0,0.003598,64.0
1753533059684,12:30:59.684,DOG/USDT:USDT,0.003593,30.0,0.003592,61.0,0.003597,70.0,0.003598,70.0
1753533060099,12:31:00.099,DOG/USDT:USDT,0.003593,30.0,0.003592,61.0,0.003597,70.0,0.003598,70.0
1753533060311,12:31:00.311,DOG/USDT:USDT,0.003593,30.0,0.003592,61.0,0.003597,70.0,0.003598,70.0
1753533060486,12:31:00.486,DOG/USDT:USDT,0.003593,30.0,0.003592,61.0,0.003597,70.0,0.003598,70.0
1753533060936,12:31:00.936,DOG/USDT:USDT,0.003593,30.0,0.003592,61.0,0.003597,70.0,0.003598,70.0
1753533061106,12:31:01.106,DOG/USDT:USDT,0.003593,30.0,0.003592,61.0,0.003597,70.0,0.003598,70.0
1753533061203,12:31:01.203,DOG/USDT:USDT,0.00359,28.0,0.003589,31.0,0.003597,70.0,0.003598,270.0
1753533061294,12:31:01.294,DOG/USDT:USDT,0.00359,28.0,0.003589,31.0,0.003597,70.0,0.003598,270.0
1753533061371,12:31:01.371,DOG/USDT:USDT,0.00359,28.0,0.003589,31.0,0.003597,70.0,0.003598,270.0
1753533061564,12:31:01.564,DOG/USDT:USDT,0.00359,28.0,0.003589,31.0,0.003596,58.0,0.003597,70.0
1753533061802,12:31:01.802,DOG/USDT:USDT,0.00359,28.0,0.003589,31.0,0.003596,154.0,0.003597,70.0
1753533062117,12:31:02.117,DOG/USDT:USDT,0.00359,28.0,0.003589,28.0,0.003596,154.0,0.003597,73.0
1753533062207,12:31:02.207,DOG/USDT:USDT,0.003589,28.0,0.003588,61.0,0.003596,154.0,0.003597,73.0
1753533062399,12:31:02.399,DOG/USDT:USDT,0.003589,28.0,0.003588,61.0,0.003596,154.0,0.003597,73.0
1753533062575,12:31:02.575,DOG/USDT:USDT,0.003589,28.0,0.003588,61.0,0.003596,154.0,0.003597,73.0
1753533062819,12:31:02.819,DOG/USDT:USDT,0.003589,28.0,0.003588,61.0,0.003596,154.0,0.003597,73.0
1753533062920,12:31:02.920,DOG/USDT:USDT,0.003589,28.0,0.003588,61.0,0.003596,154.0,0.003597,73.0
1753533062970,12:31:02.970,DOG/USDT:USDT,0.003589,28.0,0.003588,61.0,0.003596,157.0,0.003597,73.0
1753533063680,12:31:03.680,DOG/USDT:USDT,0.003589,28.0,0.003588,67.0,0.003596,61.0,0.003597,73.0
1753533063779,12:31:03.779,DOG/USDT:USDT,0.003589,28.0,0.003588,67.0,0.003596,61.0,0.003597,73.0
1753533063915,12:31:03.915,DOG/USDT:USDT,0.003589,28.0,0.003588,67.0,0.003596,58.0,0.003597,73.0
1753533064107,12:31:04.107,DOG/USDT:USDT,0.00359,28.0,0.003589,29.0,0.003596,58.0,0.003597,73.0
1753533064190,12:31:04.190,DOG/USDT:USDT,0.003589,28.0,0.003588,67.0,0.003596,58.0,0.003597,73.0
1753533064384,12:31:04.384,DOG/USDT:USDT,0.003589,28.0,0.003588,67.0,0.003596,58.0,0.003597,73.0
1753533064514,12:31:04.514,DOG/USDT:USDT,0.00359,28.0,0.003589,58.0,0.003596,58.0,0.003597,73.0
1753533064524,12:31:04.524,DOG/USDT:USDT,0.00359,28.0,0.003589,61.0,0.003596,58.0,0.003597,73.0
1753533064886,12:31:04.886,DOG/USDT:USDT,0.00359,28.0,0.003589,58.0,0.003596,58.0,0.003597,73.0
1753533065158,12:31:05.158,DOG/USDT:USDT,0.00359,28.0,0.003589,58.0,0.003596,58.0,0.003597,73.0
1753533065469,12:31:05.469,DOG/USDT:USDT,0.00359,28.0,0.003589,58.0,0.003595,126.0,0.003596,58.0
1753533065591,12:31:05.591,DOG/USDT:USDT,0.00359,28.0,0.003589,58.0,0.003595,126.0,0.003596,58.0
1753533065668,12:31:05.668,DOG/USDT:USDT,0.00359,28.0,0.003589,58.0,0.003595,126.0,0.003596,58.0
1753533066825,12:31:06.825,DOG/USDT:USDT,0.00359,28.0,0.003589,58.0,0.003595,126.0,0.003596,58.0
1753533067397,12:31:07.397,DOG/USDT:USDT,0.00359,28.0,0.003589,58.0,0.003595,126.0,0.003596,58.0
1753533067489,12:31:07.489,DOG/USDT:USDT,0.003591,28.0,0.00359,58.0,0.003595,126.0,0.003596,58.0
1753533067678,12:31:07.678,DOG/USDT:USDT,0.003591,28.0,0.00359,58.0,0.003595,58.0,0.003596,58.0
1753533067893,12:31:07.893,DOG/USDT:USDT,0.003591,28.0,0.00359,58.0,0.003595,58.0,0.003596,58.0
1753533068178,12:31:08.178,DOG/USDT:USDT,0.003591,28.0,0.00359,58.0,0.003595,58.0,0.003596,58.0
1753533068586,12:31:08.586,DOG/USDT:USDT,0.003591,28.0,0.00359,58.0,0.003595,58.0,0.003596,58.0
1753533069060,12:31:09.060,DOG/USDT:USDT,0.003591,28.0,0.00359,58.0,0.003595,58.0,0.003596,58.0
1753533069455,12:31:09.455,DOG/USDT:USDT,0.003591,58.0,0.00359,58.0,0.003595,58.0,0.003596,58.0
1753533070094,12:31:10.094,DOG/USDT:USDT,0.003592,27.0,0.003591,58.0,0.003595,58.0,0.003596,58.0
1753533070224,12:31:10.224,DOG/USDT:USDT,0.003592,27.0,0.003591,58.0,0.003595,58.0,0.003596,58.0
1753533070640,12:31:10.640,DOG/USDT:USDT,0.003592,27.0,0.003591,58.0,0.003595,58.0,0.003596,58.0
1753533070942,12:31:10.942,DOG/USDT:USDT,0.003592,27.0,0.003591,58.0,0.003595,58.0,0.003596,58.0
1753533071625,12:31:11.625,DOG/USDT:USDT,0.003592,27.0,0.003591,58.0,0.003595,58.0,0.003596,58.0
1753533071764,12:31:11.764,DOG/USDT:USDT,0.003592,27.0,0.003591,64.0,0.003595,58.0,0.003596,58.0
1753533072120,12:31:12.120,DOG/USDT:USDT,0.003592,27.0,0.003591,64.0,0.003595,58.0,0.003596,58.0
1753533072122,12:31:12.122,DOG/USDT:USDT,0.003592,27.0,0.003591,64.0,0.003595,58.0,0.003596,58.0
1753533072704,12:31:12.704,DOG/USDT:USDT,0.003592,27.0,0.003591,64.0,0.003595,58.0,0.003596,58.0
1753533073866,12:31:13.866,DOG/USDT:USDT,0.003592,27.0,0.003591,64.0,0.003595,58.0,0.003596,58.0
1753533074876,12:31:14.876,DOG/USDT:USDT,0.003592,27.0,0.003591,64.0,0.003595,58.0,0.003596,58.0
1753533076425,12:31:16.425,DOG/USDT:USDT,0.003592,27.0,0.003591,64.0,0.003595,58.0,0.003596,58.0
1753533076870,12:31:16.870,DOG/USDT:USDT,0.003592,27.0,0.003591,64.0,0.003595,58.0,0.003596,58.0
1753533078004,12:31:18.004,DOG/USDT:USDT,0.003592,33.0,0.003591,73.0,0.003595,58.0,0.003596,58.0
1753533078294,12:31:18.294,DOG/USDT:USDT,0.003592,33.0,0.003591,73.0,0.003595,58.0,0.003596,58.0
1753533079136,12:31:19.136,DOG/USDT:USDT,0.003592,33.0,0.003591,73.0,0.003595,58.0,0.003596,58.0
1753533079608,12:31:19.608,DOG/USDT:USDT,0.003592,33.0,0.003591,73.0,0.003595,58.0,0.003596,58.0
1753533079906,12:31:19.906,DOG/USDT:USDT,0.003592,27.0,0.003591,67.0,0.003595,58.0,0.003596,58.0
1753533080065,12:31:20.065,DOG/USDT:USDT,0.003592,27.0,0.003591,67.0,0.003595,58.0,0.003596,58.0
1753533080374,12:31:20.374,DOG/USDT:USDT,0.003592,27.0,0.003591,67.0,0.003595,58.0,0.003596,58.0
1753533081225,12:31:21.225,DOG/USDT:USDT,0.003592,27.0,0.003591,67.0,0.003595,58.0,0.003596,58.0
1753533081413,12:31:21.413,DOG/USDT:USDT,0.003592,27.0,0.003591,67.0,0.003595,58.0,0.003596,58.0
1753533081664,12:31:21.664,DOG/USDT:USDT,0.003591,61.0,0.00359,61.0,0.003595,64.0,0.003596,64.0
1753533081725,12:31:21.725,DOG/USDT:USDT,0.003591,61.0,0.00359,61.0,0.003595,64.0,0.003596,64.0
1753533082003,12:31:22.003,DOG/USDT:USDT,0.003591,61.0,0.00359,61.0,0.003595,64.0,0.003596,64.0
1753533082140,12:31:22.140,DOG/USDT:USDT,0.003591,61.0,0.00359,61.0,0.003595,64.0,0.003596,64.0
1753533082559,12:31:22.559,DOG/USDT:USDT,0.003591,58.0,0.00359,61.0,0.003595,64.0,0.003596,64.0
1753533082861,12:31:22.861,DOG/USDT:USDT,0.003591,58.0,0.00359,61.0,0.003595,64.0,0.003596,64.0
1753533082988,12:31:22.988,DOG/USDT:USDT,0.003591,58.0,0.00359,61.0,0.003595,64.0,0.003596,64.0
1753533083201,12:31:23.201,DOG/USDT:USDT,0.003591,58.0,0.00359,61.0,0.003595,64.0,0.003596,64.0
1753533084963,12:31:24.963,DOG/USDT:USDT,0.003591,58.0,0.00359,61.0,0.003595,64.0,0.003596,64.0
1753533085867,12:31:25.867,DOG/USDT:USDT,0.003591,58.0,0.00359,61.0,0.003595,64.0,0.003596,64.0
1753533086026,12:31:26.026,DOG/USDT:USDT,0.003591,58.0,0.00359,61.0,0.003595,64.0,0.003596,64.0
1753533088901,12:31:28.901,DOG/USDT:USDT,0.003591,58.0,0.00359,61.0,0.003595,64.0,0.003596,64.0
1753533089318,12:31:29.318,DOG/USDT:USDT,0.003591,58.0,0.00359,61.0,0.003595,64.0,0.003596,64.0
1753533090826,12:31:30.826,DOG/USDT:USDT,0.003591,58.0,0.00359,61.0,0.003595,64.0,0.003596,64.0
1753533091777,12:31:31.777,DOG/USDT:USDT,0.003591,58.0,0.00359,61.0,0.003595,64.0,0.003596,64.0
1753533093002,12:31:33.002,DOG/USDT:USDT,0.003591,58.0,0.00359,61.0,0.003595,64.0,0.003596,64.0
1753533093634,12:31:33.634,DOG/USDT:USDT,0.003592,27.0,0.003591,58.0,0.003595,58.0,0.003596,58.0
1753533093758,12:31:33.758,DOG/USDT:USDT,0.003592,27.0,0.003591,58.0,0.003595,58.0,0.003596,58.0
1753533094579,12:31:34.579,DOG/USDT:USDT,0.003592,27.0,0.003591,58.0,0.003595,58.0,0.003596,58.0
1753533094700,12:31:34.700,DOG/USDT:USDT,0.003592,27.0,0.003591,58.0,0.003595,58.0,0.003596,58.0
1753533095426,12:31:35.426,DOG/USDT:USDT,0.003592,27.0,0.003591,61.0,0.003595,58.0,0.003596,58.0
1753533095585,12:31:35.585,DOG/USDT:USDT,0.003592,27.0,0.003591,61.0,0.003595,58.0,0.003596,58.0
1753533095625,12:31:35.625,DOG/USDT:USDT,0.003592,27.0,0.003591,61.0,0.003595,58.0,0.003596,58.0
1753533097866,12:31:37.866,DOG/USDT:USDT,0.003592,27.0,0.003591,61.0,0.003595,58.0,0.003596,58.0
1753533098599,12:31:38.599,DOG/USDT:USDT,0.003592,27.0,0.003591,61.0,0.003595,58.0,0.003596,58.0
1753533099583,12:31:39.583,DOG/USDT:USDT,0.003592,27.0,0.003591,61.0,0.003595,58.0,0.003596,58.0
1753533099642,12:31:39.642,DOG/USDT:USDT,0.003592,27.0,0.003591,61.0,0.003595,58.0,0.003596,58.0
1753533100425,12:31:40.425,DOG/USDT:USDT,0.003592,27.0,0.003591,61.0,0.003595,58.0,0.003596,58.0
1753533100888,12:31:40.888,DOG/USDT:USDT,0.003592,27.0,0.003591,61.0,0.003595,58.0,0.003596,58.0
1753533101547,12:31:41.547,DOG/USDT:USDT,0.003592,27.0,0.003591,61.0,0.003595,58.0,0.003596,58.0
1753533102109,12:31:42.109,DOG/USDT:USDT,0.003592,27.0,0.003591,61.0,0.003595,58.0,0.003596,58.0
1753533103867,12:31:43.867,DOG/USDT:USDT,0.003592,27.0,0.003591,61.0,0.003595,58.0,0.003596,58.0
1753533105226,12:31:45.226,DOG/USDT:USDT,0.003592,27.0,0.003591,61.0,0.003595,58.0,0.003596,58.0
1753533106820,12:31:46.820,DOG/USDT:USDT,0.00358,275.0,0.003579,86.0,0.003585,197.0,0.003589,197.0
1753533106917,12:31:46.917,DOG/USDT:USDT,0.003578,57.0,0.003575,33.0,0.003583,3.0,0.003584,36.0
1753533107021,12:31:47.021,DOG/USDT:USDT,0.003578,57.0,0.003575,39.0,0.003584,36.0,0.003585,9.0
1753533107095,12:31:47.095,DOG/USDT:USDT,0.003578,59.0,0.003575,39.0,0.003584,36.0,0.003585,9.0
1753533107221,12:31:47.221,DOG/USDT:USDT,0.003578,59.0,0.003575,39.0,0.003583,27.0,0.003584,36.0
1753533107287,12:31:47.287,DOG/USDT:USDT,0.003578,59.0,0.003575,39.0,0.003583,30.0,0.003584,36.0
1753533107417,12:31:47.417,DOG/USDT:USDT,0.003578,59.0,0.003575,39.0,0.003583,30.0,0.003584,36.0
1753533107479,12:31:47.479,DOG/USDT:USDT,0.003578,59.0,0.003575,39.0,0.003583,30.0,0.003584,36.0
1753533107527,12:31:47.527,DOG/USDT:USDT,0.003578,59.0,0.003575,39.0,0.003583,30.0,0.003584,36.0
1753533107684,12:31:47.684,DOG/USDT:USDT,0.003578,59.0,0.003575,39.0,0.003583,30.0,0.003584,36.0
1753533107786,12:31:47.786,DOG/USDT:USDT,0.003578,59.0,0.003575,39.0,0.003583,30.0,0.003584,36.0
1753533107886,12:31:47.886,DOG/USDT:USDT,0.003578,57.0,0.003575,39.0,0.003583,30.0,0.003584,36.0
1753533108020,12:31:48.020,DOG/USDT:USDT,0.003578,57.0,0.003575,39.0,0.003583,60.0,0.003584,36.0
1753533108053,12:31:48.053,DOG/USDT:USDT,0.003578,59.0,0.003575,39.0,0.003583,60.0,0.003584,36.0
1753533108134,12:31:48.134,DOG/USDT:USDT,0.003578,57.0,0.003575,39.0,0.003583,60.0,0.003584,36.0
1753533108353,12:31:48.353,DOG/USDT:USDT,0.003578,59.0,0.003575,39.0,0.003583,60.0,0.003584,36.0
1753533108503,12:31:48.503,DOG/USDT:USDT,0.003578,59.0,0.003575,39.0,0.003583,60.0,0.003584,36.0
1753533108544,12:31:48.544,DOG/USDT:USDT,0.003578,57.0,0.003575,39.0,0.003583,60.0,0.003584,36.0
1753533108715,12:31:48.715,DOG/USDT:USDT,0.003578,57.0,0.003575,39.0,0.003583,60.0,0.003584,36.0
1753533109009,12:31:49.009,DOG/USDT:USDT,0.003578,57.0,0.003576,30.0,0.003583,60.0,0.003584,36.0
1753533109590,12:31:49.590,DOG/USDT:USDT,0.003578,57.0,0.003576,30.0,0.003583,60.0,0.003584,36.0
1753533109777,12:31:49.777,DOG/USDT:USDT,0.003578,57.0,0.003576,30.0,0.003584,36.0,0.003585,39.0
1753533109904,12:31:49.904,DOG/USDT:USDT,0.003578,27.0,0.003576,33.0,0.003584,36.0,0.003585,39.0
1753533110012,12:31:50.012,DOG/USDT:USDT,0.003578,57.0,0.003576,33.0,0.003584,66.0,0.003585,39.0
1753533110422,12:31:50.422,DOG/USDT:USDT,0.003578,57.0,0.003576,33.0,0.003584,60.0,0.003585,33.0
1753533110423,12:31:50.423,DOG/USDT:USDT,0.003578,57.0,0.003576,33.0,0.003584,60.0,0.003585,33.0
1753533110720,12:31:50.720,DOG/USDT:USDT,0.003578,57.0,0.003576,33.0,0.003584,30.0,0.003585,60.0
1753533110816,12:31:50.816,DOG/USDT:USDT,0.003578,57.0,0.003577,3.0,0.003585,27.0,0.003586,227.0
1753533110908,12:31:50.908,DOG/USDT:USDT,0.003581,95.0,0.00358,30.0,0.003586,27.0,0.003588,629.0
1753533111020,12:31:51.020,DOG/USDT:USDT,0.003581,95.0,0.00358,30.0,0.003586,27.0,0.003588,629.0
1753533111035,12:31:51.035,DOG/USDT:USDT,0.003581,95.0,0.00358,30.0,0.003586,27.0,0.003588,629.0
1753533111275,12:31:51.275,DOG/USDT:USDT,0.003581,95.0,0.00358,30.0,0.003586,27.0,0.003588,629.0
1753533111700,12:31:51.700,DOG/USDT:USDT,0.003581,95.0,0.00358,30.0,0.003586,27.0,0.003588,629.0
1753533111760,12:31:51.760,DOG/USDT:USDT,0.003581,95.0,0.00358,30.0,0.003586,27.0,0.003588,629.0
1753533112002,12:31:52.002,DOG/USDT:USDT,0.003581,95.0,0.00358,30.0,0.003586,63.0,0.003587,6.0
1753533112025,12:31:52.025,DOG/USDT:USDT,0.003581,95.0,0.00358,30.0,0.003586,63.0,0.003587,6.0
1753533112320,12:31:52.320,DOG/USDT:USDT,0.003581,95.0,0.00358,30.0,0.003586,57.0,0.003588,629.0
1753533112327,12:31:52.327,DOG/USDT:USDT,0.003581,95.0,0.00358,30.0,0.003586,57.0,0.003588,629.0
1753533112857,12:31:52.857,DOG/USDT:USDT,0.003581,95.0,0.00358,30.0,0.003586,57.0,0.003588,629.0
1753533113414,12:31:53.414,DOG/USDT:USDT,0.003581,95.0,0.00358,30.0,0.003586,57.0,0.003588,629.0
1753533113516,12:31:53.516,DOG/USDT:USDT,0.003583,63.0,0.003582,269.0,0.003588,145.0,0.003589,27.0
1753533113619,12:31:53.619,DOG/USDT:USDT,0.003583,63.0,0.003582,269.0,0.00359,27.0,0.003591,3.0
1753533113680,12:31:53.680,DOG/USDT:USDT,0.003583,66.0,0.003582,269.0,0.00359,27.0,0.003592,345.0
1753533113814,12:31:53.814,DOG/USDT:USDT,0.003583,66.0,0.003582,269.0,0.00359,27.0,0.003592,345.0
1753533113887,12:31:53.887,DOG/USDT:USDT,0.003583,66.0,0.003582,269.0,0.00359,27.0,0.003592,345.0
1753533114003,12:31:54.003,DOG/USDT:USDT,0.003583,66.0,0.003582,269.0,0.003589,27.0,0.00359,57.0
1753533114183,12:31:54.183,DOG/USDT:USDT,0.003583,66.0,0.003582,269.0,0.003589,27.0,0.00359,57.0
1753533114402,12:31:54.402,DOG/USDT:USDT,0.003583,66.0,0.003582,269.0,0.003589,27.0,0.00359,57.0
1753533114577,12:31:54.577,DOG/USDT:USDT,0.003583,66.0,0.003582,269.0,0.003589,27.0,0.00359,57.0
1753533115000,12:31:55.000,DOG/USDT:USDT,0.003583,66.0,0.003582,269.0,0.003589,27.0,0.00359,57.0
1753533115921,12:31:55.921,DOG/USDT:USDT,0.003583,66.0,0.003582,269.0,0.003589,27.0,0.00359,27.0
1753533115965,12:31:55.965,DOG/USDT:USDT,0.003584,60.0,0.003583,66.0,0.00359,27.0,0.003591,30.0
1753533116078,12:31:56.078,DOG/USDT:USDT,0.003584,60.0,0.003583,66.0,0.00359,27.0,0.003591,30.0
1753533116221,12:31:56.221,DOG/USDT:USDT,0.003584,60.0,0.003583,66.0,0.00359,27.0,0.003591,30.0
1753533116222,12:31:56.222,DOG/USDT:USDT,0.003584,60.0,0.003583,66.0,0.00359,27.0,0.003591,30.0
1753533116643,12:31:56.643,DOG/USDT:USDT,0.003584,62.0,0.003583,66.0,0.00359,27.0,0.003591,30.0
1753533116921,12:31:56.921,DOG/USDT:USDT,0.003584,62.0,0.003583,66.0,0.00359,57.0,0.003591,30.0
1753533117009,12:31:57.009,DOG/USDT:USDT,0.003584,54.0,0.003583,63.0,0.003588,27.0,0.003589,57.0
1753533117062,12:31:57.062,DOG/USDT:USDT,0.003584,52.0,0.003583,63.0,0.003588,27.0,0.003589,57.0
1753533117221,12:31:57.221,DOG/USDT:USDT,0.003584,52.0,0.003583,63.0,0.003588,27.0,0.003589,57.0
1753533117237,12:31:57.237,DOG/USDT:USDT,0.003584,52.0,0.003583,63.0,0.003588,27.0,0.003589,57.0
1753533117703,12:31:57.703,DOG/USDT:USDT,0.003584,52.0,0.003583,63.0,0.003588,27.0,0.003589,57.0
1753533117882,12:31:57.882,DOG/USDT:USDT,0.003584,52.0,0.003583,63.0,0.003588,27.0,0.003589,57.0
1753533118898,12:31:58.898,DOG/USDT:USDT,0.003584,52.0,0.003583,63.0,0.003588,27.0,0.003589,57.0
1753533119009,12:31:59.009,DOG/USDT:USDT,0.003584,4.0,0.003583,57.0,0.003587,27.0,0.003588,57.0
1753533119104,12:31:59.104,DOG/USDT:USDT,0.003584,4.0,0.003583,57.0,0.003587,27.0,0.003588,57.0
1753533119509,12:31:59.509,DOG/USDT:USDT,0.003583,30.0,0.003582,57.0,0.003587,27.0,0.003588,57.0
1753533119539,12:31:59.539,DOG/USDT:USDT,0.003583,30.0,0.003582,57.0,0.003587,27.0,0.003588,57.0
1753533119717,12:31:59.717,DOG/USDT:USDT,0.003583,30.0,0.003582,57.0,0.003587,27.0,0.003588,57.0
1753533119876,12:31:59.876,DOG/USDT:USDT,0.003583,30.0,0.003582,57.0,0.003587,27.0,0.003588,57.0
1753533120014,12:32:00.014,DOG/USDT:USDT,0.003583,30.0,0.003582,57.0,0.003587,27.0,0.003588,57.0
1753533120083,12:32:00.083,DOG/USDT:USDT,0.003583,30.0,0.003582,57.0,0.003587,27.0,0.003588,57.0
1753533120156,12:32:00.156,DOG/USDT:USDT,0.003583,30.0,0.003582,57.0,0.003587,27.0,0.003588,57.0
1753533120417,12:32:00.417,DOG/USDT:USDT,0.003583,30.0,0.003582,57.0,0.003587,27.0,0.003588,57.0
1753533120427,12:32:00.427,DOG/USDT:USDT,0.003583,30.0,0.003582,57.0,0.003587,27.0,0.003588,57.0
1753533120673,12:32:00.673,DOG/USDT:USDT,0.003583,30.0,0.003582,57.0,0.003587,27.0,0.003588,57.0
1753533120811,12:32:00.811,DOG/USDT:USDT,0.003583,30.0,0.003582,57.0,0.003587,27.0,0.003588,57.0
1753533120885,12:32:00.885,DOG/USDT:USDT,0.003583,30.0,0.003582,57.0,0.003586,27.0,0.003587,57.0
1753533120947,12:32:00.947,DOG/USDT:USDT,0.003584,88.0,0.003583,30.0,0.003586,27.0,0.003587,57.0
1753533121312,12:32:01.312,DOG/USDT:USDT,0.003584,88.0,0.003583,30.0,0.003586,27.0,0.003587,57.0
1753533121324,12:32:01.324,DOG/USDT:USDT,0.003584,88.0,0.003583,30.0,0.003586,27.0,0.003587,57.0
1753533121540,12:32:01.540,DOG/USDT:USDT,0.003584,88.0,0.003583,30.0,0.003586,27.0,0.003587,57.0
1753533121639,12:32:01.639,DOG/USDT:USDT,0.003584,88.0,0.003583,30.0,0.003586,27.0,0.003587,57.0
1753533121906,12:32:01.906,DOG/USDT:USDT,0.003584,88.0,0.003583,30.0,0.003586,27.0,0.003587,57.0
1753533122000,12:32:02.000,DOG/USDT:USDT,0.003584,40.0,0.003583,30.0,0.003586,27.0,0.003587,57.0
1753533122195,12:32:02.195,DOG/USDT:USDT,0.003584,40.0,0.003583,30.0,0.003586,27.0,0.003587,57.0
1753533122298,12:32:02.298,DOG/USDT:USDT,0.003584,40.0,0.003583,30.0,0.003586,27.0,0.003587,57.0
1753533122431,12:32:02.431,DOG/USDT:USDT,0.003584,32.0,0.003583,30.0,0.003586,27.0,0.003587,57.0
1753533122875,12:32:02.875,DOG/USDT:USDT,0.003584,32.0,0.003583,30.0,0.003586,27.0,0.003587,57.0
1753533123296,12:32:03.296,DOG/USDT:USDT,0.003584,32.0,0.003583,30.0,0.003586,27.0,0.003587,57.0
1753533123560,12:32:03.560,DOG/USDT:USDT,0.003584,32.0,0.003583,30.0,0.003586,27.0,0.003587,57.0
1753533124900,12:32:04.900,DOG/USDT:USDT,0.003584,32.0,0.003583,30.0,0.003586,27.0,0.003587,57.0
1753533125313,12:32:05.313,DOG/USDT:USDT,0.003584,32.0,0.003583,30.0,0.003586,27.0,0.003587,57.0
1753533126834,12:32:06.834,DOG/USDT:USDT,0.003583,14.0,0.003582,30.0,0.003586,27.0,0.003587,57.0
1753533126961,12:32:06.961,DOG/USDT:USDT,0.003583,6.0,0.003582,30.0,0.003586,27.0,0.003587,63.0
1753533127140,12:32:07.140,DOG/USDT:USDT,0.003583,6.0,0.003582,30.0,0.003586,27.0,0.003587,63.0
1753533127274,12:32:07.274,DOG/USDT:USDT,0.003583,6.0,0.003582,30.0,0.003586,27.0,0.003587,63.0
1753533127560,12:32:07.560,DOG/USDT:USDT,0.003583,6.0,0.003582,30.0,0.003586,27.0,0.003587,66.0
1753533127749,12:32:07.749,DOG/USDT:USDT,0.003583,6.0,0.003582,30.0,0.003586,27.0,0.003587,66.0
1753533127864,12:32:07.864,DOG/USDT:USDT,0.003583,6.0,0.003582,30.0,0.003586,27.0,0.003587,66.0
1753533128403,12:32:08.403,DOG/USDT:USDT,0.003583,6.0,0.003582,30.0,0.003586,27.0,0.003587,66.0
1753533129637,12:32:09.637,DOG/USDT:USDT,0.003583,6.0,0.003582,30.0,0.003586,27.0,0.003587,66.0
1753533130008,12:32:10.008,DOG/USDT:USDT,0.003583,6.0,0.003582,30.0,0.003586,27.0,0.003587,60.0
1753533130134,12:32:10.134,DOG/USDT:USDT,0.003583,6.0,0.003582,30.0,0.003586,27.0,0.003587,60.0
1753533130409,12:32:10.409,DOG/USDT:USDT,0.003583,12.0,0.003582,36.0,0.003587,27.0,0.003588,60.0
1753533130584,12:32:10.584,DOG/USDT:USDT,0.003583,12.0,0.003582,36.0,0.003587,27.0,0.003588,60.0
1753533130753,12:32:10.753,DOG/USDT:USDT,0.003583,12.0,0.003582,36.0,0.003587,27.0,0.003588,60.0
1753533130864,12:32:10.864,DOG/USDT:USDT,0.003583,6.0,0.003582,30.0,0.003587,27.0,0.003588,57.0
1753533132445,12:32:12.445,DOG/USDT:USDT,0.003583,6.0,0.003582,30.0,0.003586,27.0,0.003587,39.0
1753533132611,12:32:12.611,DOG/USDT:USDT,0.003583,6.0,0.003582,30.0,0.003586,27.0,0.003587,39.0
1753533133920,12:32:13.920,DOG/USDT:USDT,0.003583,6.0,0.003582,30.0,0.003586,27.0,0.003587,33.0
1753533134437,12:32:14.437,DOG/USDT:USDT,0.003583,6.0,0.003582,30.0,0.003586,27.0,0.003587,33.0
1753533135434,12:32:15.434,DOG/USDT:USDT,0.003583,6.0,0.003582,30.0,0.003586,27.0,0.003587,33.0
1753533136906,12:32:16.906,DOG/USDT:USDT,0.003583,6.0,0.003582,30.0,0.003586,27.0,0.003587,33.0
1753533137011,12:32:17.011,DOG/USDT:USDT,0.003582,28.0,0.003581,57.0,0.003587,27.0,0.003588,66.0
1753533137057,12:32:17.057,DOG/USDT:USDT,0.003582,28.0,0.003581,57.0,0.003587,27.0,0.003588,66.0
1753533137708,12:32:17.708,DOG/USDT:USDT,0.003582,28.0,0.003581,57.0,0.003585,27.0,0.003586,57.0
1753533137728,12:32:17.728,DOG/USDT:USDT,0.003583,24.0,0.003582,28.0,0.003585,27.0,0.003586,57.0
1753533137859,12:32:17.859,DOG/USDT:USDT,0.003583,24.0,0.003582,28.0,0.003585,27.0,0.003586,57.0
1753533138281,12:32:18.281,DOG/USDT:USDT,0.003583,24.0,0.003582,28.0,0.003585,27.0,0.003586,57.0
1753533138712,12:32:18.712,DOG/USDT:USDT,0.003583,24.0,0.003582,28.0,0.003585,27.0,0.003586,57.0
1753533139019,12:32:19.019,DOG/USDT:USDT,0.003583,24.0,0.003582,28.0,0.003585,27.0,0.003586,57.0
1753533139032,12:32:19.032,DOG/USDT:USDT,0.003583,24.0,0.003582,28.0,0.003585,27.0,0.003586,57.0
1753533139918,12:32:19.918,DOG/USDT:USDT,0.003583,24.0,0.003582,28.0,0.003585,33.0,0.003586,63.0
1753533140018,12:32:20.018,DOG/USDT:USDT,0.003583,24.0,0.003582,28.0,0.003585,27.0,0.003586,57.0
1753533140907,12:32:20.907,DOG/USDT:USDT,0.003583,30.0,0.003582,67.0,0.003586,27.0,0.003587,57.0
1753533141152,12:32:21.152,DOG/USDT:USDT,0.003583,30.0,0.003582,67.0,0.003586,27.0,0.003587,57.0
1753533141567,12:32:21.567,DOG/USDT:USDT,0.003583,30.0,0.003582,67.0,0.003586,27.0,0.003587,57.0
1753533141911,12:32:21.911,DOG/USDT:USDT,0.003583,30.0,0.003582,67.0,0.003586,27.0,0.003587,57.0
1753533142431,12:32:22.431,DOG/USDT:USDT,0.003583,16.0,0.003582,61.0,0.003586,27.0,0.003587,57.0
1753533142865,12:32:22.865,DOG/USDT:USDT,0.003583,52.0,0.003582,67.0,0.003586,27.0,0.003587,57.0
1753533145867,12:32:25.867,DOG/USDT:USDT,0.003583,52.0,0.003582,67.0,0.003586,27.0,0.003587,57.0
1753533147013,12:32:27.013,DOG/USDT:USDT,0.003583,38.0,0.003582,61.0,0.003586,27.0,0.003587,57.0
1753533147791,12:32:27.791,DOG/USDT:USDT,0.003583,38.0,0.003582,61.0,0.003586,27.0,0.003587,57.0
1753533148563,12:32:28.563,DOG/USDT:USDT,0.003583,38.0,0.003582,61.0,0.003586,27.0,0.003587,57.0
1753533148686,12:32:28.686,DOG/USDT:USDT,0.003583,38.0,0.003582,28.0,0.003586,27.0,0.003587,57.0
1753533148877,12:32:28.877,DOG/USDT:USDT,0.003583,8.0,0.003582,28.0,0.003586,27.0,0.003587,57.0
1753533149070,12:32:29.070,DOG/USDT:USDT,0.003583,8.0,0.003582,28.0,0.003586,27.0,0.003587,57.0
1753533150018,12:32:30.018,DOG/USDT:USDT,0.003583,8.0,0.003582,28.0,0.003586,27.0,0.003587,57.0
1753533150064,12:32:30.064,DOG/USDT:USDT,0.003583,8.0,0.003582,28.0,0.003586,27.0,0.003587,57.0
1753533150428,12:32:30.428,DOG/USDT:USDT,0.003583,8.0,0.003582,28.0,0.003586,27.0,0.003587,57.0
1753533151866,12:32:31.866,DOG/USDT:USDT,0.003583,8.0,0.003582,28.0,0.003586,27.0,0.003587,57.0
1753533152084,12:32:32.084,DOG/USDT:USDT,0.003583,8.0,0.003582,28.0,0.003586,27.0,0.003587,57.0
1753533152231,12:32:32.231,DOG/USDT:USDT,0.003583,8.0,0.003582,28.0,0.003586,27.0,0.003587,57.0
1753533152837,12:32:32.837,DOG/USDT:USDT,0.003583,8.0,0.003582,28.0,0.003586,27.0,0.003587,57.0
1753533152937,12:32:32.937,DOG/USDT:USDT,0.003583,8.0,0.003582,28.0,0.003586,27.0,0.003587,57.0
1753533154085,12:32:34.085,DOG/USDT:USDT,0.003583,8.0,0.003582,28.0,0.003585,28.0,0.003586,33.0
1753533154508,12:32:34.508,DOG/USDT:USDT,0.003583,8.0,0.003582,28.0,0.003585,28.0,0.003586,33.0
1753533154865,12:32:34.865,DOG/USDT:USDT,0.003583,8.0,0.003582,28.0,0.003585,28.0,0.003586,33.0
1753533157031,12:32:37.031,DOG/USDT:USDT,0.003583,8.0,0.003582,28.0,0.003585,28.0,0.003586,39.0
1753533157637,12:32:37.637,DOG/USDT:USDT,0.003583,8.0,0.003582,28.0,0.003585,28.0,0.003586,39.0
1753533157863,12:32:37.863,DOG/USDT:USDT,0.003583,8.0,0.003582,28.0,0.003585,28.0,0.003586,39.0
1753533157931,12:32:37.931,DOG/USDT:USDT,0.003583,8.0,0.003582,28.0,0.003585,28.0,0.003586,39.0
1753533158135,12:32:38.135,DOG/USDT:USDT,0.003583,8.0,0.003582,28.0,0.003585,28.0,0.003586,39.0
1753533160865,12:32:40.865,DOG/USDT:USDT,0.003583,8.0,0.003582,28.0,0.003585,28.0,0.003586,39.0
1753533160936,12:32:40.936,DOG/USDT:USDT,0.003583,8.0,0.003582,28.0,0.003585,28.0,0.003586,39.0
1753533161055,12:32:41.055,DOG/USDT:USDT,0.003583,8.0,0.003582,28.0,0.003585,28.0,0.003586,39.0
1753533161324,12:32:41.324,DOG/USDT:USDT,0.003583,8.0,0.003582,28.0,0.003585,28.0,0.003586,39.0
1753533161638,12:32:41.638,DOG/USDT:USDT,0.003583,8.0,0.003582,28.0,0.003585,28.0,0.003586,39.0
1753533161740,12:32:41.740,DOG/USDT:USDT,0.003583,8.0,0.003582,28.0,0.003585,28.0,0.003586,39.0
1753533162240,12:32:42.240,DOG/USDT:USDT,0.003583,8.0,0.003582,28.0,0.003585,28.0,0.003586,39.0
1753533162409,12:32:42.409,DOG/USDT:USDT,0.003583,8.0,0.003581,30.0,0.003585,28.0,0.003586,39.0
1753533162447,12:32:42.447,DOG/USDT:USDT,0.003583,8.0,0.003581,30.0,0.003585,28.0,0.003586,39.0
1753533162567,12:32:42.567,DOG/USDT:USDT,0.003583,8.0,0.003581,30.0,0.003585,28.0,0.003586,39.0
1753533162989,12:32:42.989,DOG/USDT:USDT,0.003583,8.0,0.003581,30.0,0.003585,28.0,0.003586,39.0
1753533163860,12:32:43.860,DOG/USDT:USDT,0.003583,8.0,0.003581,30.0,0.003585,28.0,0.003586,39.0
1753533164212,12:32:44.212,DOG/USDT:USDT,0.003583,8.0,0.003581,30.0,0.003585,28.0,0.003586,39.0
1753533164632,12:32:44.632,DOG/USDT:USDT,0.003583,8.0,0.003581,30.0,0.003585,28.0,0.003586,39.0
1753533165453,12:32:45.453,DOG/USDT:USDT,0.003583,8.0,0.003581,30.0,0.003585,28.0,0.003586,39.0
1753533165676,12:32:45.676,DOG/USDT:USDT,0.003583,8.0,0.003581,30.0,0.003585,28.0,0.003586,39.0
1753533166916,12:32:46.916,DOG/USDT:USDT,0.003583,8.0,0.003581,30.0,0.003585,28.0,0.003586,33.0
1753533167241,12:32:47.241,DOG/USDT:USDT,0.003583,8.0,0.003581,30.0,0.003585,28.0,0.003586,33.0
1753533169878,12:32:49.878,DOG/USDT:USDT,0.003583,8.0,0.003581,30.0,0.003585,28.0,0.003586,33.0
1753533169990,12:32:49.990,DOG/USDT:USDT,0.003583,8.0,0.003581,30.0,0.003585,28.0,0.003586,33.0
1753533170290,12:32:50.290,DOG/USDT:USDT,0.003583,8.0,0.003581,30.0,0.003585,28.0,0.003586,33.0
1753533172037,12:32:52.037,DOG/USDT:USDT,0.003583,8.0,0.003581,30.0,0.003585,28.0,0.003586,33.0
1753533173715,12:32:53.715,DOG/USDT:USDT,0.003583,8.0,0.003581,30.0,0.003585,173.0,0.003586,33.0
1753533173800,12:32:53.800,DOG/USDT:USDT,0.003583,8.0,0.003581,30.0,0.003584,27.0,0.003585,173.0
1753533173917,12:32:53.917,DOG/USDT:USDT,0.003581,30.0,0.00358,36.0,0.003584,27.0,0.003585,173.0
1753533173942,12:32:53.942,DOG/USDT:USDT,0.003581,30.0,0.00358,36.0,0.003584,27.0,0.003585,173.0
1753533174263,12:32:54.263,DOG/USDT:USDT,0.003581,30.0,0.00358,36.0,0.003584,27.0,0.003585,173.0
1753533174734,12:32:54.734,DOG/USDT:USDT,0.003581,30.0,0.00358,36.0,0.003584,27.0,0.003585,173.0
1753533175162,12:32:55.162,DOG/USDT:USDT,0.003581,30.0,0.00358,36.0,0.003584,27.0,0.003585,173.0
1753533175811,12:32:55.811,DOG/USDT:USDT,0.00358,36.0,0.003579,498.0,0.003584,27.0,0.003585,173.0
1753533175892,12:32:55.892,DOG/USDT:USDT,0.00358,30.0,0.003579,498.0,0.003584,27.0,0.003585,173.0
1753533176018,12:32:56.018,DOG/USDT:USDT,0.00358,30.0,0.003579,498.0,0.003584,27.0,0.003585,173.0
1753533176111,12:32:56.111,DOG/USDT:USDT,0.00358,30.0,0.003579,498.0,0.003584,27.0,0.003585,182.0
1753533176245,12:32:56.245,DOG/USDT:USDT,0.00358,30.0,0.003579,471.0,0.003584,27.0,0.003585,182.0
1753533176547,12:32:56.547,DOG/USDT:USDT,0.00358,30.0,0.003579,471.0,0.003584,27.0,0.003585,182.0
1753533176717,12:32:56.717,DOG/USDT:USDT,0.00358,30.0,0.003579,471.0,0.003584,27.0,0.003585,182.0
1753533176807,12:32:56.807,DOG/USDT:USDT,0.00358,30.0,0.003579,471.0,0.003584,27.0,0.003585,182.0
1753533176837,12:32:56.837,DOG/USDT:USDT,0.00358,30.0,0.003579,471.0,0.003584,27.0,0.003585,182.0
1753533176957,12:32:56.957,DOG/USDT:USDT,0.00358,30.0,0.003579,471.0,0.003584,27.0,0.003585,182.0
1753533177685,12:32:57.685,DOG/USDT:USDT,0.00358,30.0,0.003578,63.0,0.003584,27.0,0.003585,182.0
1753533177857,12:32:57.857,DOG/USDT:USDT,0.00358,30.0,0.003578,63.0,0.003584,27.0,0.003585,182.0
1753533178106,12:32:58.106,DOG/USDT:USDT,0.00358,30.0,0.003578,63.0,0.003584,27.0,0.003585,182.0
1753533178269,12:32:58.269,DOG/USDT:USDT,0.00358,30.0,0.003578,30.0,0.003582,27.0,0.003583,33.0
1753533178474,12:32:58.474,DOG/USDT:USDT,0.00358,30.0,0.003578,30.0,0.003582,27.0,0.003583,33.0
1753533178893,12:32:58.893,DOG/USDT:USDT,0.00358,30.0,0.003578,30.0,0.003582,27.0,0.003583,33.0
1753533179219,12:32:59.219,DOG/USDT:USDT,0.003578,30.0,0.003577,57.0,0.003582,27.0,0.003583,33.0
1753533179315,12:32:59.315,DOG/USDT:USDT,0.003578,30.0,0.003577,57.0,0.003582,27.0,0.003583,33.0
1753533179570,12:32:59.570,DOG/USDT:USDT,0.003578,30.0,0.003577,57.0,0.003583,27.0,0.003584,60.0
1753533179737,12:32:59.737,DOG/USDT:USDT,0.003578,30.0,0.003577,57.0,0.003583,27.0,0.003584,60.0
1753533180211,12:33:00.211,DOG/USDT:USDT,0.003578,30.0,0.003577,57.0,0.003583,27.0,0.003584,60.0
1753533180410,12:33:00.410,DOG/USDT:USDT,0.003578,30.0,0.003577,57.0,0.003583,27.0,0.003584,60.0
1753533180560,12:33:00.560,DOG/USDT:USDT,0.003578,30.0,0.003577,57.0,0.003583,27.0,0.003584,60.0
1753533180872,12:33:00.872,DOG/USDT:USDT,0.003578,30.0,0.003577,57.0,0.003583,27.0,0.003584,60.0
1753533180986,12:33:00.986,DOG/USDT:USDT,0.003578,30.0,0.003577,57.0,0.003583,27.0,0.003584,60.0
1753533181173,12:33:01.173,DOG/USDT:USDT,0.003578,30.0,0.003577,57.0,0.003583,27.0,0.003584,60.0
1753533182845,12:33:02.845,DOG/USDT:USDT,0.003578,30.0,0.003577,57.0,0.003583,27.0,0.003584,60.0
1753533182970,12:33:02.970,DOG/USDT:USDT,0.003578,30.0,0.003577,57.0,0.003583,27.0,0.003584,60.0
1753533184520,12:33:04.520,DOG/USDT:USDT,0.003578,30.0,0.003577,57.0,0.003583,27.0,0.003584,60.0
1753533184532,12:33:04.532,DOG/USDT:USDT,0.003578,30.0,0.003577,57.0,0.003583,27.0,0.003584,60.0
1753533187638,12:33:07.638,DOG/USDT:USDT,0.003578,30.0,0.003577,57.0,0.003583,27.0,0.003584,60.0
1753533191602,12:33:11.602,DOG/USDT:USDT,0.003578,30.0,0.003577,57.0,0.003583,27.0,0.003584,60.0
1753533192438,12:33:12.438,DOG/USDT:USDT,0.003578,30.0,0.003577,57.0,0.003583,27.0,0.003584,60.0
1753533192537,12:33:12.537,DOG/USDT:USDT,0.003578,30.0,0.003577,57.0,0.003583,27.0,0.003584,60.0
1753533192980,12:33:12.980,DOG/USDT:USDT,0.003578,30.0,0.003577,57.0,0.003583,27.0,0.003584,60.0
1753533197238,12:33:17.238,DOG/USDT:USDT,0.003578,30.0,0.003577,57.0,0.003583,27.0,0.003584,60.0
1753533200011,12:33:20.011,DOG/USDT:USDT,0.003578,30.0,0.003577,57.0,0.003583,27.0,0.003584,60.0
1753533200037,12:33:20.037,DOG/USDT:USDT,0.003578,30.0,0.003577,57.0,0.003583,27.0,0.003584,60.0
1753533200481,12:33:20.481,DOG/USDT:USDT,0.003578,30.0,0.003577,57.0,0.003583,27.0,0.003584,60.0
1753533202038,12:33:22.038,DOG/USDT:USDT,0.003578,30.0,0.003577,57.0,0.003583,27.0,0.003584,60.0
1753533206838,12:33:26.838,DOG/USDT:USDT,0.003578,30.0,0.003577,57.0,0.003583,27.0,0.003584,60.0
1753533206936,12:33:26.936,DOG/USDT:USDT,0.003578,30.0,0.003577,57.0,0.003583,27.0,0.003584,60.0
1753533207086,12:33:27.086,DOG/USDT:USDT,0.003578,30.0,0.003577,57.0,0.003583,27.0,0.003584,60.0
1753533207605,12:33:27.605,DOG/USDT:USDT,0.003578,58.0,0.003577,57.0,0.003583,27.0,0.003584,30.0
1753533207667,12:33:27.667,DOG/USDT:USDT,0.003578,58.0,0.003577,57.0,0.003583,27.0,0.003584,30.0
1753533207803,12:33:27.803,DOG/USDT:USDT,0.003578,58.0,0.003577,57.0,0.003583,27.0,0.003584,30.0
1753533207825,12:33:27.825,DOG/USDT:USDT,0.003578,58.0,0.003577,57.0,0.003583,27.0,0.003584,30.0
1753533208009,12:33:28.009,DOG/USDT:USDT,0.003578,43.0,0.003577,57.0,0.003583,30.0,0.003584,30.0
1753533208115,12:33:28.115,DOG/USDT:USDT,0.003578,43.0,0.003577,57.0,0.003583,30.0,0.003584,30.0
1753533208766,12:33:28.766,DOG/USDT:USDT,0.003578,43.0,0.003577,57.0,0.003583,30.0,0.003584,30.0
1753533209368,12:33:29.368,DOG/USDT:USDT,0.003578,43.0,0.003577,57.0,0.003583,30.0,0.003584,30.0
1753533209566,12:33:29.566,DOG/USDT:USDT,0.003578,43.0,0.003577,57.0,0.003583,30.0,0.003584,30.0
1753533209872,12:33:29.872,DOG/USDT:USDT,0.003578,43.0,0.003577,57.0,0.003583,30.0,0.003584,30.0
1753533209992,12:33:29.992,DOG/USDT:USDT,0.003578,43.0,0.003577,57.0,0.003583,30.0,0.003584,30.0
1753533210484,12:33:30.484,DOG/USDT:USDT,0.003578,43.0,0.003577,57.0,0.003583,30.0,0.003584,30.0
1753533210688,12:33:30.688,DOG/USDT:USDT,0.003578,43.0,0.003577,57.0,0.003583,30.0,0.003584,30.0
1753533210792,12:33:30.792,DOG/USDT:USDT,0.003578,43.0,0.003577,57.0,0.003583,30.0,0.003584,30.0
1753533210999,12:33:30.999,DOG/USDT:USDT,0.003578,43.0,0.003577,57.0,0.003583,30.0,0.003584,30.0
1753533211048,12:33:31.048,DOG/USDT:USDT,0.003578,43.0,0.003577,57.0,0.003583,30.0,0.003584,30.0
1753533212438,12:33:32.438,DOG/USDT:USDT,0.003578,43.0,0.003577,57.0,0.003583,30.0,0.003584,30.0
1753533212532,12:33:32.532,DOG/USDT:USDT,0.003578,43.0,0.003577,57.0,0.003583,30.0,0.003584,30.0
1753533213671,12:33:33.671,DOG/USDT:USDT,0.003578,43.0,0.003577,57.0,0.003583,30.0,0.003584,30.0
1753533213955,12:33:33.955,DOG/USDT:USDT,0.003578,43.0,0.003577,57.0,0.003583,30.0,0.003584,30.0
1753533214323,12:33:34.323,DOG/USDT:USDT,0.003578,43.0,0.003577,57.0,0.003583,30.0,0.003584,30.0
1753533217238,12:33:37.238,DOG/USDT:USDT,0.003578,43.0,0.003577,57.0,0.003583,30.0,0.003584,30.0
1753533217337,12:33:37.337,DOG/USDT:USDT,0.003578,43.0,0.003577,57.0,0.003583,30.0,0.003584,30.0
1753533217965,12:33:37.965,DOG/USDT:USDT,0.003578,43.0,0.003577,57.0,0.003583,30.0,0.003584,30.0
1753533222038,12:33:42.038,DOG/USDT:USDT,0.003578,43.0,0.003577,57.0,0.003583,30.0,0.003584,30.0
1753533222962,12:33:42.962,DOG/USDT:USDT,0.003578,43.0,0.003577,57.0,0.003583,30.0,0.003584,30.0
1753533225521,12:33:45.521,DOG/USDT:USDT,0.003578,43.0,0.003577,57.0,0.003583,30.0,0.003584,30.0
1753533226839,12:33:46.839,DOG/USDT:USDT,0.003578,43.0,0.003577,57.0,0.003583,30.0,0.003584,30.0
1753533230107,12:33:50.107,DOG/USDT:USDT,0.003578,43.0,0.003577,57.0,0.003583,30.0,0.003584,30.0
1753533231664,12:33:51.664,DOG/USDT:USDT,0.003578,43.0,0.003577,57.0,0.003583,30.0,0.003584,30.0
1753533233087,12:33:53.087,DOG/USDT:USDT,0.003578,15.0,0.003577,30.0,0.003582,27.0,0.003583,30.0
1753533233149,12:33:53.149,DOG/USDT:USDT,0.003578,15.0,0.003577,30.0,0.003582,27.0,0.003583,30.0
1753533233345,12:33:53.345,DOG/USDT:USDT,0.003578,15.0,0.003577,30.0,0.003582,27.0,0.003583,30.0
1753533233495,12:33:53.495,DOG/USDT:USDT,0.003578,15.0,0.003577,30.0,0.003582,27.0,0.003583,30.0
1753533233767,12:33:53.767,DOG/USDT:USDT,0.003578,15.0,0.003577,30.0,0.003582,27.0,0.003583,30.0
1753533234092,12:33:54.092,DOG/USDT:USDT,0.003578,15.0,0.003577,30.0,0.003582,39.0,0.003583,42.0
1753533234165,12:33:54.165,DOG/USDT:USDT,0.003578,15.0,0.003577,30.0,0.003582,39.0,0.003583,42.0
1753533234246,12:33:54.246,DOG/USDT:USDT,0.003578,15.0,0.003577,30.0,0.003582,39.0,0.003583,42.0
1753533234583,12:33:54.583,DOG/USDT:USDT,0.003578,15.0,0.003577,30.0,0.003582,39.0,0.003583,42.0
1753533234830,12:33:54.830,DOG/USDT:USDT,0.003578,15.0,0.003577,30.0,0.003582,39.0,0.003583,42.0
1753533236140,12:33:56.140,DOG/USDT:USDT,0.003578,15.0,0.003577,30.0,0.003582,39.0,0.003583,42.0
1753533236439,12:33:56.439,DOG/USDT:USDT,0.003578,15.0,0.003577,30.0,0.003582,39.0,0.003583,42.0
1753533237616,12:33:57.616,DOG/USDT:USDT,0.003578,15.0,0.003577,30.0,0.003582,39.0,0.003583,42.0
1753533238486,12:33:58.486,DOG/USDT:USDT,0.003578,15.0,0.003577,30.0,0.003582,39.0,0.003583,42.0
1753533240476,12:34:00.476,DOG/USDT:USDT,0.003578,15.0,0.003577,30.0,0.003582,39.0,0.003583,42.0
1753533240526,12:34:00.526,DOG/USDT:USDT,0.003578,15.0,0.003577,30.0,0.003582,27.0,0.003583,30.0
1753533241172,12:34:01.172,DOG/USDT:USDT,0.003578,15.0,0.003577,30.0,0.003582,27.0,0.003583,30.0
1753533241239,12:34:01.239,DOG/USDT:USDT,0.003578,15.0,0.003577,30.0,0.003582,27.0,0.003583,30.0
1753533241466,12:34:01.466,DOG/USDT:USDT,0.003578,15.0,0.003577,30.0,0.003582,27.0,0.003583,30.0
1753533241747,12:34:01.747,DOG/USDT:USDT,0.003578,15.0,0.003577,30.0,0.003582,27.0,0.003583,30.0
1753533244146,12:34:04.146,DOG/USDT:USDT,0.003578,15.0,0.003577,58.0,0.003582,27.0,0.003583,30.0
1753533246039,12:34:06.039,DOG/USDT:USDT,0.003578,15.0,0.003577,58.0,0.003582,27.0,0.003583,30.0
1753533249194,12:34:09.194,DOG/USDT:USDT,0.003578,15.0,0.003577,58.0,0.003582,27.0,0.003583,30.0
1753533249517,12:34:09.517,DOG/USDT:USDT,0.003578,15.0,0.003577,58.0,0.003582,27.0,0.003583,30.0
1753533250841,12:34:10.841,DOG/USDT:USDT,0.003578,15.0,0.003577,58.0,0.003582,27.0,0.003583,30.0
1753533250935,12:34:10.935,DOG/USDT:USDT,0.003578,15.0,0.003577,58.0,0.003582,27.0,0.003583,30.0
1753533254721,12:34:14.721,DOG/USDT:USDT,0.003578,15.0,0.003577,58.0,0.003582,27.0,0.003583,30.0
1753533254736,12:34:14.736,DOG/USDT:USDT,0.003578,15.0,0.003577,58.0,0.003582,27.0,0.003583,30.0
1753533255639,12:34:15.639,DOG/USDT:USDT,0.003578,15.0,0.003577,58.0,0.003582,27.0,0.003583,30.0
1753533256526,12:34:16.526,DOG/USDT:USDT,0.003578,15.0,0.003577,58.0,0.003582,27.0,0.003583,30.0
1753533257085,12:34:17.085,DOG/USDT:USDT,0.003578,27.0,0.003577,70.0,0.003584,30.0,0.003585,67.0
1753533257914,12:34:17.914,DOG/USDT:USDT,0.003578,27.0,0.003577,70.0,0.003584,30.0,0.003585,67.0
1753533258334,12:34:18.334,DOG/USDT:USDT,0.003578,27.0,0.003577,70.0,0.003584,30.0,0.003585,67.0
1753533258498,12:34:18.498,DOG/USDT:USDT,0.003578,55.0,0.003577,70.0,0.003584,30.0,0.003585,67.0
1753533258540,12:34:18.540,DOG/USDT:USDT,0.003578,55.0,0.003577,70.0,0.003584,30.0,0.003585,67.0
1753533259172,12:34:19.172,DOG/USDT:USDT,0.003578,55.0,0.003577,70.0,0.003584,30.0,0.003585,67.0
1753533259466,12:34:19.466,DOG/USDT:USDT,0.003578,55.0,0.003577,70.0,0.003584,30.0,0.003585,67.0
1753533260167,12:34:20.167,DOG/USDT:USDT,0.003578,55.0,0.003577,70.0,0.003584,30.0,0.003585,67.0
1753533260439,12:34:20.439,DOG/USDT:USDT,0.003578,55.0,0.003577,70.0,0.003584,30.0,0.003585,67.0
1753533262833,12:34:22.833,DOG/USDT:USDT,0.003578,55.0,0.003577,70.0,0.003584,30.0,0.003585,67.0
1753533264256,12:34:24.256,DOG/USDT:USDT,0.003578,55.0,0.003577,70.0,0.003584,30.0,0.003585,67.0
1753533265239,12:34:25.239,DOG/USDT:USDT,0.003578,55.0,0.003577,70.0,0.003584,30.0,0.003585,67.0
1753533265337,12:34:25.337,DOG/USDT:USDT,0.003578,55.0,0.003577,70.0,0.003584,30.0,0.003585,67.0
1753533267634,12:34:27.634,DOG/USDT:USDT,0.003578,15.0,0.003577,58.0,0.003583,27.0,0.003584,30.0
1753533270054,12:34:30.054,DOG/USDT:USDT,0.003578,27.0,0.003577,70.0,0.003583,27.0,0.003584,30.0
1753533270144,12:34:30.144,DOG/USDT:USDT,0.003578,27.0,0.003577,70.0,0.003583,27.0,0.003584,30.0
1753533271200,12:34:31.200,DOG/USDT:USDT,0.003578,27.0,0.003577,70.0,0.003583,27.0,0.003584,30.0
1753533274593,12:34:34.593,DOG/USDT:USDT,0.003578,27.0,0.003577,70.0,0.003583,27.0,0.003584,30.0
1753533274636,12:34:34.636,DOG/USDT:USDT,0.003578,27.0,0.003577,70.0,0.003583,27.0,0.003584,30.0
1753533274840,12:34:34.840,DOG/USDT:USDT,0.003578,27.0,0.003577,70.0,0.003583,27.0,0.003584,30.0
1753533275025,12:34:35.025,DOG/USDT:USDT,0.003578,27.0,0.003577,70.0,0.003583,27.0,0.003584,30.0
1753533275146,12:34:35.146,DOG/USDT:USDT,0.003578,21.0,0.003577,64.0,0.003583,27.0,0.003584,30.0
1753533276308,12:34:36.308,DOG/USDT:USDT,0.003578,21.0,0.003577,64.0,0.003583,27.0,0.003584,30.0
1753533276350,12:34:36.350,DOG/USDT:USDT,0.003578,21.0,0.003577,64.0,0.003583,27.0,0.003584,30.0
1753533276655,12:34:36.655,DOG/USDT:USDT,0.003578,21.0,0.003577,64.0,0.003583,27.0,0.003584,30.0
1753533277872,12:34:37.872,DOG/USDT:USDT,0.003578,21.0,0.003577,64.0,0.003583,27.0,0.003584,30.0
1753533277984,12:34:37.984,DOG/USDT:USDT,0.003578,21.0,0.003577,64.0,0.003583,27.0,0.003584,30.0
1753533278144,12:34:38.144,DOG/USDT:USDT,0.003578,21.0,0.003577,64.0,0.003583,27.0,0.003584,30.0
1753533278486,12:34:38.486,DOG/USDT:USDT,0.003578,21.0,0.003577,64.0,0.003583,27.0,0.003584,30.0
1753533279186,12:34:39.186,DOG/USDT:USDT,0.003578,21.0,0.003577,64.0,0.003583,27.0,0.003584,30.0
1753533279432,12:34:39.432,DOG/USDT:USDT,0.003578,21.0,0.003577,64.0,0.003583,27.0,0.003584,30.0
1753533279644,12:34:39.644,DOG/USDT:USDT,0.003578,15.0,0.003577,58.0,0.003583,27.0,0.003584,30.0
1753533279747,12:34:39.747,DOG/USDT:USDT,0.003578,15.0,0.003577,58.0,0.003583,27.0,0.003584,30.0
1753533279988,12:34:39.988,DOG/USDT:USDT,0.003578,15.0,0.003577,58.0,0.003583,27.0,0.003584,30.0
1753533280071,12:34:40.071,DOG/USDT:USDT,0.003578,15.0,0.003577,58.0,0.003583,27.0,0.003584,30.0
1753533280903,12:34:40.903,DOG/USDT:USDT,0.003578,15.0,0.003577,58.0,0.003583,27.0,0.003584,30.0
1753533281070,12:34:41.070,DOG/USDT:USDT,0.003578,15.0,0.003577,58.0,0.003583,57.0,0.003584,30.0
1753533281191,12:34:41.191,DOG/USDT:USDT,0.003578,15.0,0.003577,58.0,0.003583,57.0,0.003584,30.0
1753533281338,12:34:41.338,DOG/USDT:USDT,0.003578,15.0,0.003577,58.0,0.003583,57.0,0.003584,30.0
1753533284440,12:34:44.440,DOG/USDT:USDT,0.003578,15.0,0.003577,58.0,0.003583,57.0,0.003584,30.0
1753533286540,12:34:46.540,DOG/USDT:USDT,0.003578,15.0,0.003577,58.0,0.003583,63.0,0.003584,36.0
1753533287794,12:34:47.794,DOG/USDT:USDT,0.003578,15.0,0.003577,58.0,0.003583,63.0,0.003584,36.0
1753533288012,12:34:48.012,DOG/USDT:USDT,0.003578,15.0,0.003577,58.0,0.003583,63.0,0.003584,36.0
1753533289018,12:34:49.018,DOG/USDT:USDT,0.003578,27.0,0.003577,70.0,0.003583,57.0,0.003584,30.0
1753533289050,12:34:49.050,DOG/USDT:USDT,0.003578,27.0,0.003577,70.0,0.003583,27.0,0.003584,30.0
1753533289145,12:34:49.145,DOG/USDT:USDT,0.003578,27.0,0.003577,70.0,0.003583,27.0,0.003584,30.0
1753533289318,12:34:49.318,DOG/USDT:USDT,0.003578,27.0,0.003577,70.0,0.003583,27.0,0.003584,30.0
1753533289759,12:34:49.759,DOG/USDT:USDT,0.003578,27.0,0.003577,70.0,0.003583,27.0,0.003584,30.0
1753533290209,12:34:50.209,DOG/USDT:USDT,0.003578,27.0,0.003577,70.0,0.003583,27.0,0.003584,30.0
1753533290234,12:34:50.234,DOG/USDT:USDT,0.003578,27.0,0.003577,70.0,0.003583,27.0,0.003584,30.0
1753533292952,12:34:52.952,DOG/USDT:USDT,0.003578,27.0,0.003577,70.0,0.003583,27.0,0.003584,30.0
1753533293142,12:34:53.142,DOG/USDT:USDT,0.003578,27.0,0.003577,70.0,0.003583,27.0,0.003584,30.0
1753533293737,12:34:53.737,DOG/USDT:USDT,0.003578,27.0,0.003577,70.0,0.003583,27.0,0.003584,30.0
1753533294040,12:34:54.040,DOG/USDT:USDT,0.003578,27.0,0.003577,70.0,0.003583,27.0,0.003584,30.0
1753533294162,12:34:54.162,DOG/USDT:USDT,0.003578,27.0,0.003577,70.0,0.003583,27.0,0.003584,30.0
1753533295336,12:34:55.336,DOG/USDT:USDT,0.003578,27.0,0.003577,70.0,0.003583,27.0,0.003584,30.0
1753533295484,12:34:55.484,DOG/USDT:USDT,0.003578,54.0,0.003577,70.0,0.003584,30.0,0.003585,61.0
1753533296382,12:34:56.382,DOG/USDT:USDT,0.003578,48.0,0.003577,64.0,0.003584,30.0,0.003585,61.0
1753533296478,12:34:56.478,DOG/USDT:USDT,0.003578,48.0,0.003577,64.0,0.003584,30.0,0.003585,61.0
1753533296592,12:34:56.592,DOG/USDT:USDT,0.003578,48.0,0.003577,64.0,0.003584,30.0,0.003585,61.0
1753533296631,12:34:56.631,DOG/USDT:USDT,0.003578,48.0,0.003577,64.0,0.003584,30.0,0.003585,61.0
1753533296729,12:34:56.729,DOG/USDT:USDT,0.003578,48.0,0.003577,64.0,0.003584,30.0,0.003585,61.0
1753533297463,12:34:57.463,DOG/USDT:USDT,0.003578,48.0,0.003577,64.0,0.003584,30.0,0.003585,61.0
1753533297597,12:34:57.597,DOG/USDT:USDT,0.003578,48.0,0.003577,64.0,0.003584,30.0,0.003585,61.0
1753533297713,12:34:57.713,DOG/USDT:USDT,0.003578,61.0,0.003577,64.0,0.003584,30.0,0.003585,61.0
1753533297757,12:34:57.757,DOG/USDT:USDT,0.003578,61.0,0.003577,64.0,0.003584,27.0,0.003585,61.0
1753533297872,12:34:57.872,DOG/USDT:USDT,0.003578,51.0,0.003577,64.0,0.003584,27.0,0.003585,61.0
1753533298841,12:34:58.841,DOG/USDT:USDT,0.003578,51.0,0.003577,64.0,0.003584,27.0,0.003585,61.0
1753533299362,12:34:59.362,DOG/USDT:USDT,0.003578,48.0,0.003577,64.0,0.003584,27.0,0.003585,61.0
1753533300510,12:35:00.510,DOG/USDT:USDT,0.003578,48.0,0.003577,64.0,0.003584,27.0,0.003585,61.0
1753533300537,12:35:00.537,DOG/USDT:USDT,0.003578,48.0,0.003577,64.0,0.003584,27.0,0.003585,61.0
1753533303640,12:35:03.640,DOG/USDT:USDT,0.003578,48.0,0.003577,64.0,0.003584,27.0,0.003585,61.0
1753533303845,12:35:03.845,DOG/USDT:USDT,0.003578,48.0,0.003577,64.0,0.003584,27.0,0.003585,61.0
1753533306883,12:35:06.883,DOG/USDT:USDT,0.003578,48.0,0.003577,64.0,0.003584,27.0,0.003585,61.0
1753533308441,12:35:08.441,DOG/USDT:USDT,0.003578,48.0,0.003577,64.0,0.003584,27.0,0.003585,61.0
1753533309872,12:35:09.872,DOG/USDT:USDT,0.003578,48.0,0.003577,64.0,0.003584,27.0,0.003585,61.0
1753533310562,12:35:10.562,DOG/USDT:USDT,0.003578,48.0,0.003577,64.0,0.003584,27.0,0.003585,67.0
1753533310756,12:35:10.756,DOG/USDT:USDT,0.003578,48.0,0.003577,64.0,0.003584,27.0,0.003585,67.0
1753533310891,12:35:10.891,DOG/USDT:USDT,0.003578,48.0,0.003577,64.0,0.003584,30.0,0.003585,67.0
1753533311301,12:35:11.301,DOG/USDT:USDT,0.003578,48.0,0.003577,64.0,0.003584,30.0,0.003585,61.0
1753533311526,12:35:11.526,DOG/USDT:USDT,0.003578,48.0,0.003577,64.0,0.003584,30.0,0.003585,61.0
1753533311950,12:35:11.950,DOG/USDT:USDT,0.003578,48.0,0.003577,64.0,0.003584,30.0,0.003585,61.0
1753533312372,12:35:12.372,DOG/USDT:USDT,0.003578,48.0,0.003577,64.0,0.003584,30.0,0.003585,61.0
1753533312514,12:35:12.514,DOG/USDT:USDT,0.003578,21.0,0.003577,64.0,0.003583,28.0,0.003584,30.0
1753533313243,12:35:13.243,DOG/USDT:USDT,0.003578,21.0,0.003577,64.0,0.003583,28.0,0.003584,30.0
1753533314305,12:35:14.305,DOG/USDT:USDT,0.003578,21.0,0.003577,64.0,0.003583,28.0,0.003584,30.0
1753533317197,12:35:17.197,DOG/USDT:USDT,0.003578,21.0,0.003577,64.0,0.003583,28.0,0.003584,30.0
1753533317305,12:35:17.305,DOG/USDT:USDT,0.003578,21.0,0.003577,64.0,0.003583,28.0,0.003584,30.0
1753533318041,12:35:18.041,DOG/USDT:USDT,0.003578,21.0,0.003577,64.0,0.003583,28.0,0.003584,30.0
1753533320311,12:35:20.311,DOG/USDT:USDT,0.003578,21.0,0.003577,64.0,0.003583,28.0,0.003584,30.0
1753533321261,12:35:21.261,DOG/USDT:USDT,0.003578,21.0,0.003577,64.0,0.003583,28.0,0.003584,30.0
1753533322811,12:35:22.811,DOG/USDT:USDT,0.003578,21.0,0.003577,64.0,0.003583,28.0,0.003584,30.0
1753533322921,12:35:22.921,DOG/USDT:USDT,0.003578,21.0,0.003577,64.0,0.003583,28.0,0.003584,30.0
1753533323300,12:35:23.300,DOG/USDT:USDT,0.003579,30.0,0.003578,15.0,0.003583,34.0,0.003584,33.0
1753533323347,12:35:23.347,DOG/USDT:USDT,0.003579,30.0,0.003578,15.0,0.003583,34.0,0.003584,33.0
1753533323593,12:35:23.593,DOG/USDT:USDT,0.003579,30.0,0.003577,30.0,0.003583,34.0,0.003584,33.0
1753533323631,12:35:23.631,DOG/USDT:USDT,0.003579,30.0,0.003577,30.0,0.003583,34.0,0.003584,33.0
1753533323749,12:35:23.749,DOG/USDT:USDT,0.003579,30.0,0.003577,30.0,0.003583,34.0,0.003584,33.0
1753533324047,12:35:24.047,DOG/USDT:USDT,0.003579,30.0,0.003577,30.0,0.003583,34.0,0.003584,33.0
1753533324276,12:35:24.276,DOG/USDT:USDT,0.003579,30.0,0.003577,30.0,0.003583,34.0,0.003584,33.0
1753533324462,12:35:24.462,DOG/USDT:USDT,0.003579,30.0,0.003577,30.0,0.003583,34.0,0.003584,33.0
1753533324574,12:35:24.574,DOG/USDT:USDT,0.003577,30.0,0.003576,752.0,0.003583,28.0,0.003584,30.0
1753533324735,12:35:24.735,DOG/USDT:USDT,0.003577,31.0,0.003576,752.0,0.003583,28.0,0.003584,30.0
1753533324881,12:35:24.881,DOG/USDT:USDT,0.003577,31.0,0.003576,752.0,0.003583,28.0,0.003584,30.0
1753533325360,12:35:25.360,DOG/USDT:USDT,0.003577,30.0,0.003576,752.0,0.003583,28.0,0.003584,30.0
1753533325434,12:35:25.434,DOG/USDT:USDT,0.003577,31.0,0.003576,752.0,0.003583,28.0,0.003584,30.0
1753533325705,12:35:25.705,DOG/USDT:USDT,0.003577,31.0,0.003576,752.0,0.003583,28.0,0.003584,30.0
1753533325735,12:35:25.735,DOG/USDT:USDT,0.003577,30.0,0.003576,752.0,0.003583,28.0,0.003584,30.0
1753533326292,12:35:26.292,DOG/USDT:USDT,0.003577,30.0,0.003576,752.0,0.003583,28.0,0.003584,30.0
1753533326337,12:35:26.337,DOG/USDT:USDT,0.003577,30.0,0.003576,752.0,0.003583,28.0,0.003584,30.0
1753533327256,12:35:27.256,DOG/USDT:USDT,0.003577,30.0,0.003576,752.0,0.003583,28.0,0.003584,30.0
1753533327339,12:35:27.339,DOG/USDT:USDT,0.003577,30.0,0.003576,752.0,0.003583,28.0,0.003584,30.0
1753533327641,12:35:27.641,DOG/USDT:USDT,0.003577,30.0,0.003576,752.0,0.003583,28.0,0.003584,30.0
1753533329307,12:35:29.307,DOG/USDT:USDT,0.003577,36.0,0.003576,752.0,0.003583,28.0,0.003584,30.0
1753533331442,12:35:31.442,DOG/USDT:USDT,0.003577,182.0,0.003576,752.0,0.003583,28.0,0.003584,30.0
1753533331749,12:35:31.749,DOG/USDT:USDT,0.003577,182.0,0.003576,752.0,0.003583,28.0,0.003584,30.0
1753533332289,12:35:32.289,DOG/USDT:USDT,0.003577,182.0,0.003576,752.0,0.003583,28.0,0.003584,30.0
1753533332441,12:35:32.441,DOG/USDT:USDT,0.003577,182.0,0.003576,752.0,0.003583,28.0,0.003584,30.0
1753533333421,12:35:33.421,DOG/USDT:USDT,0.003577,176.0,0.003576,752.0,0.003583,28.0,0.003584,30.0
1753533333426,12:35:33.426,DOG/USDT:USDT,0.003577,177.0,0.003576,752.0,0.003583,28.0,0.003584,30.0
1753533335298,12:35:35.298,DOG/USDT:USDT,0.003577,183.0,0.003576,752.0,0.003583,28.0,0.003584,30.0
1753533337241,12:35:37.241,DOG/USDT:USDT,0.003577,183.0,0.003576,752.0,0.003583,28.0,0.003584,30.0
1753533338308,12:35:38.308,DOG/USDT:USDT,0.003579,42.0,0.003578,42.0,0.003584,27.0,0.003585,61.0
1753533338399,12:35:38.399,DOG/USDT:USDT,0.003579,42.0,0.003578,42.0,0.003584,27.0,0.003585,61.0
1753533338425,12:35:38.425,DOG/USDT:USDT,0.003579,42.0,0.003578,42.0,0.003584,27.0,0.003585,61.0
1753533338615,12:35:38.615,DOG/USDT:USDT,0.00358,456.0,0.003579,42.0,0.003584,27.0,0.003585,61.0
1753533338625,12:35:38.625,DOG/USDT:USDT,0.00358,456.0,0.003579,42.0,0.003584,27.0,0.003585,58.0
1753533339018,12:35:39.018,DOG/USDT:USDT,0.00358,456.0,0.003579,42.0,0.003584,27.0,0.003585,58.0
1753533339184,12:35:39.184,DOG/USDT:USDT,0.00358,456.0,0.003579,42.0,0.003585,28.0,0.003586,60.0
1753533339225,12:35:39.225,DOG/USDT:USDT,0.00358,456.0,0.003579,42.0,0.003585,28.0,0.003586,60.0
1753533339413,12:35:39.413,DOG/USDT:USDT,0.003581,30.0,0.00358,486.0,0.003585,28.0,0.003586,60.0
1753533339445,12:35:39.445,DOG/USDT:USDT,0.003581,30.0,0.00358,486.0,0.003585,28.0,0.003586,60.0
1753533339560,12:35:39.560,DOG/USDT:USDT,0.003581,30.0,0.00358,486.0,0.003585,28.0,0.003586,60.0
1753533339863,12:35:39.863,DOG/USDT:USDT,0.003581,30.0,0.00358,486.0,0.003585,28.0,0.003586,60.0
1753533340516,12:35:40.516,DOG/USDT:USDT,0.003581,30.0,0.00358,486.0,0.003585,28.0,0.003586,60.0
1753533340724,12:35:40.724,DOG/USDT:USDT,0.003581,30.0,0.00358,486.0,0.003585,28.0,0.003586,60.0
1753533341305,12:35:41.305,DOG/USDT:USDT,0.003581,30.0,0.00358,486.0,0.003585,28.0,0.003586,60.0
1753533341468,12:35:41.468,DOG/USDT:USDT,0.003581,30.0,0.00358,486.0,0.003585,28.0,0.003586,60.0
1753533341715,12:35:41.715,DOG/USDT:USDT,0.003581,30.0,0.00358,486.0,0.003585,28.0,0.003586,60.0
1753533342041,12:35:42.041,DOG/USDT:USDT,0.003581,30.0,0.00358,486.0,0.003585,28.0,0.003586,60.0
1753533342711,12:35:42.711,DOG/USDT:USDT,0.003581,30.0,0.00358,486.0,0.003585,28.0,0.003586,60.0
1753533343714,12:35:43.714,DOG/USDT:USDT,0.003581,30.0,0.00358,486.0,0.003585,28.0,0.003586,60.0
1753533343900,12:35:43.900,DOG/USDT:USDT,0.003581,30.0,0.00358,486.0,0.003585,28.0,0.003586,60.0
1753533344038,12:35:44.038,DOG/USDT:USDT,0.003581,30.0,0.00358,486.0,0.003585,28.0,0.003586,60.0
1753533344292,12:35:44.292,DOG/USDT:USDT,0.003581,30.0,0.00358,486.0,0.003585,28.0,0.003586,66.0
1753533344325,12:35:44.325,DOG/USDT:USDT,0.003581,30.0,0.00358,486.0,0.003585,28.0,0.003586,66.0
1753533344719,12:35:44.719,DOG/USDT:USDT,0.003581,30.0,0.00358,486.0,0.003585,28.0,0.003586,66.0
1753533344723,12:35:44.723,DOG/USDT:USDT,0.003581,30.0,0.00358,486.0,0.003585,28.0,0.003586,66.0
1753533345165,12:35:45.165,DOG/USDT:USDT,0.003581,30.0,0.00358,486.0,0.003585,28.0,0.003586,66.0
1753533345557,12:35:45.557,DOG/USDT:USDT,0.003581,30.0,0.00358,486.0,0.003585,28.0,0.003586,66.0
1753533345722,12:35:45.722,DOG/USDT:USDT,0.003581,30.0,0.00358,486.0,0.003585,28.0,0.003586,57.0
1753533345722,12:35:45.722,DOG/USDT:USDT,0.003581,30.0,0.00358,486.0,0.003585,28.0,0.003586,57.0
1753533345920,12:35:45.920,DOG/USDT:USDT,0.003581,30.0,0.00358,486.0,0.003585,28.0,0.003586,57.0
1753533346725,12:35:46.725,DOG/USDT:USDT,0.003581,30.0,0.00358,486.0,0.003585,28.0,0.003586,57.0
1753533346842,12:35:46.842,DOG/USDT:USDT,0.003581,30.0,0.00358,486.0,0.003585,28.0,0.003586,57.0
1753533347308,12:35:47.308,DOG/USDT:USDT,0.003581,30.0,0.00358,486.0,0.003584,27.0,0.003585,34.0
1753533347764,12:35:47.764,DOG/USDT:USDT,0.003581,30.0,0.00358,486.0,0.003585,28.0,0.003586,57.0
1753533348488,12:35:48.488,DOG/USDT:USDT,0.003581,30.0,0.00358,486.0,0.003585,28.0,0.003586,57.0
1753533348688,12:35:48.688,DOG/USDT:USDT,0.003581,30.0,0.00358,486.0,0.003585,28.0,0.003586,57.0
1753533349087,12:35:49.087,DOG/USDT:USDT,0.003581,30.0,0.00358,486.0,0.003585,28.0,0.003586,57.0
1753533350305,12:35:50.305,DOG/USDT:USDT,0.003581,30.0,0.00358,486.0,0.003584,27.0,0.003585,28.0
1753533350393,12:35:50.393,DOG/USDT:USDT,0.003581,30.0,0.00358,486.0,0.003584,27.0,0.003585,28.0
1753533350458,12:35:50.458,DOG/USDT:USDT,0.003581,30.0,0.00358,486.0,0.003585,28.0,0.003586,60.0
1753533350915,12:35:50.915,DOG/USDT:USDT,0.003581,30.0,0.00358,486.0,0.003585,28.0,0.003586,60.0
1753533351605,12:35:51.605,DOG/USDT:USDT,0.003581,30.0,0.00358,486.0,0.003585,28.0,0.003586,60.0
1753533351642,12:35:51.642,DOG/USDT:USDT,0.003581,30.0,0.00358,486.0,0.003585,28.0,0.003586,60.0
1753533351861,12:35:51.861,DOG/USDT:USDT,0.003581,30.0,0.00358,486.0,0.003585,28.0,0.003586,60.0
1753533352564,12:35:52.564,DOG/USDT:USDT,0.003581,36.0,0.00358,492.0,0.003585,28.0,0.003586,57.0
1753533354209,12:35:54.209,DOG/USDT:USDT,0.003581,36.0,0.00358,492.0,0.003585,28.0,0.003586,57.0
1753533354236,12:35:54.236,DOG/USDT:USDT,0.003581,36.0,0.00358,492.0,0.003585,28.0,0.003586,57.0
1753533354719,12:35:54.719,DOG/USDT:USDT,0.003581,36.0,0.00358,492.0,0.003585,28.0,0.003586,57.0
1753533356001,12:35:56.001,DOG/USDT:USDT,0.003581,36.0,0.00358,492.0,0.003585,28.0,0.003586,57.0
1753533356290,12:35:56.290,DOG/USDT:USDT,0.003581,30.0,0.00358,486.0,0.003585,28.0,0.003586,60.0
1753533356443,12:35:56.443,DOG/USDT:USDT,0.003581,30.0,0.00358,486.0,0.003585,28.0,0.003586,60.0
1753533356524,12:35:56.524,DOG/USDT:USDT,0.003581,30.0,0.00358,486.0,0.003585,28.0,0.003586,60.0
1753533356785,12:35:56.785,DOG/USDT:USDT,0.003581,30.0,0.00358,486.0,0.003585,28.0,0.003586,60.0
1753533357205,12:35:57.205,DOG/USDT:USDT,0.003581,30.0,0.00358,486.0,0.003585,28.0,0.003586,60.0
1753533357623,12:35:57.623,DOG/USDT:USDT,0.003581,30.0,0.00358,486.0,0.003585,28.0,0.003586,60.0
1753533359305,12:35:59.305,DOG/USDT:USDT,0.003581,30.0,0.00358,486.0,0.003585,34.0,0.003586,66.0
1753533359344,12:35:59.344,DOG/USDT:USDT,0.003581,30.0,0.00358,486.0,0.003585,28.0,0.003586,60.0
1753533360594,12:36:00.594,DOG/USDT:USDT,0.003581,30.0,0.00358,486.0,0.003585,28.0,0.003586,60.0
1753533360918,12:36:00.918,DOG/USDT:USDT,0.003581,30.0,0.00358,486.0,0.003585,28.0,0.003586,30.0
1753533361016,12:36:01.016,DOG/USDT:USDT,0.003581,30.0,0.00358,486.0,0.003587,27.0,0.003588,224.0
1753533361077,12:36:01.077,DOG/USDT:USDT,0.003581,30.0,0.00358,486.0,0.003587,27.0,0.003588,224.0
1753533361153,12:36:01.153,DOG/USDT:USDT,0.003581,30.0,0.00358,486.0,0.003587,27.0,0.003588,224.0
1753533361308,12:36:01.308,DOG/USDT:USDT,0.003581,30.0,0.00358,486.0,0.003587,27.0,0.003588,224.0
1753533361422,12:36:01.422,DOG/USDT:USDT,0.003581,30.0,0.00358,486.0,0.003587,27.0,0.003588,175.0
1753533361424,12:36:01.424,DOG/USDT:USDT,0.003581,30.0,0.00358,486.0,0.003587,27.0,0.003588,175.0
1753533361545,12:36:01.545,DOG/USDT:USDT,0.003581,30.0,0.00358,486.0,0.003587,27.0,0.003588,175.0
1753533361912,12:36:01.912,DOG/USDT:USDT,0.003581,30.0,0.00358,486.0,0.003587,27.0,0.003588,175.0
1753533361989,12:36:01.989,DOG/USDT:USDT,0.003581,30.0,0.00358,486.0,0.003587,27.0,0.003588,175.0
1753533362192,12:36:02.192,DOG/USDT:USDT,0.003581,30.0,0.00358,486.0,0.003587,27.0,0.003588,30.0
1753533362389,12:36:02.389,DOG/USDT:USDT,0.003581,30.0,0.00358,486.0,0.003588,27.0,0.003589,402.0
1753533362620,12:36:02.620,DOG/USDT:USDT,0.003581,30.0,0.00358,486.0,0.003588,27.0,0.003589,402.0
1753533362643,12:36:02.643,DOG/USDT:USDT,0.003581,227.0,0.00358,486.0,0.003588,27.0,0.003589,205.0
1753533363110,12:36:03.110,DOG/USDT:USDT,0.003581,227.0,0.00358,489.0,0.003588,27.0,0.003589,205.0
1753533363147,12:36:03.147,DOG/USDT:USDT,0.003581,227.0,0.00358,489.0,0.003587,27.0,0.003588,57.0
1753533363293,12:36:03.293,DOG/USDT:USDT,0.003581,227.0,0.00358,489.0,0.003587,27.0,0.003588,57.0
1753533366043,12:36:06.043,DOG/USDT:USDT,0.003581,227.0,0.00358,489.0,0.003587,27.0,0.003588,57.0
1753533368288,12:36:08.288,DOG/USDT:USDT,0.003581,227.0,0.00358,489.0,0.003587,27.0,0.003588,57.0
1753533368620,12:36:08.620,DOG/USDT:USDT,0.003581,227.0,0.00358,489.0,0.003587,27.0,0.003588,57.0
1753533368634,12:36:08.634,DOG/USDT:USDT,0.003581,227.0,0.00358,489.0,0.003587,27.0,0.003588,57.0
1753533369111,12:36:09.111,DOG/USDT:USDT,0.003581,227.0,0.00358,489.0,0.003587,27.0,0.003588,57.0
1753533369516,12:36:09.516,DOG/USDT:USDT,0.003581,227.0,0.00358,489.0,0.003587,27.0,0.003588,57.0
1753533371000,12:36:11.000,DOG/USDT:USDT,0.003581,227.0,0.00358,489.0,0.003587,27.0,0.003588,57.0
1753533371308,12:36:11.308,DOG/USDT:USDT,0.003581,227.0,0.00358,489.0,0.003587,27.0,0.003588,57.0
1753533372073,12:36:12.073,DOG/USDT:USDT,0.003581,227.0,0.00358,489.0,0.003587,27.0,0.003588,57.0
1753533372186,12:36:12.186,DOG/USDT:USDT,0.003581,227.0,0.00358,489.0,0.003587,27.0,0.003588,57.0
1753533372243,12:36:12.243,DOG/USDT:USDT,0.003581,227.0,0.00358,489.0,0.003587,27.0,0.003588,57.0
1753533374308,12:36:14.308,DOG/USDT:USDT,0.003581,227.0,0.00358,489.0,0.003587,27.0,0.003588,57.0
1753533376003,12:36:16.003,DOG/USDT:USDT,0.003581,227.0,0.00358,489.0,0.003587,27.0,0.003588,57.0
1753533377043,12:36:17.043,DOG/USDT:USDT,0.003581,227.0,0.00358,489.0,0.003587,27.0,0.003588,57.0
1753533377298,12:36:17.298,DOG/USDT:USDT,0.003582,30.0,0.003581,227.0,0.003587,27.0,0.003588,57.0
1753533377449,12:36:17.449,DOG/USDT:USDT,0.003582,30.0,0.003581,227.0,0.003587,27.0,0.003588,57.0
1753533377613,12:36:17.613,DOG/USDT:USDT,0.003582,30.0,0.003581,227.0,0.003587,27.0,0.003588,57.0
1753533377982,12:36:17.982,DOG/USDT:USDT,0.003582,30.0,0.003581,227.0,0.003587,27.0,0.003588,57.0
1753533378076,12:36:18.076,DOG/USDT:USDT,0.003582,30.0,0.003581,227.0,0.003587,27.0,0.003588,57.0
1753533378494,12:36:18.494,DOG/USDT:USDT,0.003582,30.0,0.003581,227.0,0.003587,27.0,0.003588,57.0
1753533380289,12:36:20.289,DOG/USDT:USDT,0.003582,30.0,0.003581,227.0,0.003587,27.0,0.003588,57.0
1753533380453,12:36:20.453,DOG/USDT:USDT,0.003582,30.0,0.003581,227.0,0.003587,27.0,0.003588,57.0
1753533381842,12:36:21.842,DOG/USDT:USDT,0.003582,30.0,0.003581,227.0,0.003587,27.0,0.003588,57.0
1753533383304,12:36:23.304,DOG/USDT:USDT,0.003582,30.0,0.003581,227.0,0.003587,27.0,0.003588,57.0
1753533384306,12:36:24.306,DOG/USDT:USDT,0.003582,30.0,0.003581,227.0,0.003587,27.0,0.003588,57.0
1753533385292,12:36:25.292,DOG/USDT:USDT,0.003582,30.0,0.003581,227.0,0.003587,27.0,0.003588,57.0
1753533386293,12:36:26.293,DOG/USDT:USDT,0.003582,30.0,0.003581,227.0,0.003587,27.0,0.003588,57.0
1753533386643,12:36:26.643,DOG/USDT:USDT,0.003582,30.0,0.003581,227.0,0.003587,27.0,0.003588,57.0
1753533386920,12:36:26.920,DOG/USDT:USDT,0.003582,30.0,0.003581,227.0,0.003587,27.0,0.003588,57.0
1753533390800,12:36:30.800,DOG/USDT:USDT,0.003582,30.0,0.003581,227.0,0.003587,27.0,0.003588,57.0
1753533391443,12:36:31.443,DOG/USDT:USDT,0.003582,30.0,0.003581,227.0,0.003587,27.0,0.003588,57.0
1753533391545,12:36:31.545,DOG/USDT:USDT,0.003582,30.0,0.003581,227.0,0.003587,27.0,0.003588,57.0
1753533391951,12:36:31.951,DOG/USDT:USDT,0.003582,30.0,0.003581,227.0,0.003587,27.0,0.003588,57.0
1753533392304,12:36:32.304,DOG/USDT:USDT,0.003582,30.0,0.003581,227.0,0.003587,27.0,0.003588,57.0
1753533393723,12:36:33.723,DOG/USDT:USDT,0.003582,30.0,0.003581,227.0,0.003587,27.0,0.003588,57.0
1753533395304,12:36:35.304,DOG/USDT:USDT,0.003582,30.0,0.003581,227.0,0.003587,27.0,0.003588,57.0
1753533395735,12:36:35.735,DOG/USDT:USDT,0.003582,30.0,0.003581,227.0,0.003587,27.0,0.003588,57.0
1753533396243,12:36:36.243,DOG/USDT:USDT,0.003582,30.0,0.003581,227.0,0.003587,27.0,0.003588,57.0
1753533398291,12:36:38.291,DOG/USDT:USDT,0.003582,30.0,0.003581,227.0,0.003587,27.0,0.003588,57.0
1753533401043,12:36:41.043,DOG/USDT:USDT,0.003582,30.0,0.003581,227.0,0.003587,27.0,0.003588,57.0
1753533401137,12:36:41.137,DOG/USDT:USDT,0.003582,30.0,0.003581,227.0,0.003587,27.0,0.003588,57.0
1753533401305,12:36:41.305,DOG/USDT:USDT,0.003582,30.0,0.003581,227.0,0.003587,27.0,0.003588,57.0
1753533402618,12:36:42.618,DOG/USDT:USDT,0.003582,58.0,0.003581,227.0,0.003587,27.0,0.003588,57.0
1753533402705,12:36:42.705,DOG/USDT:USDT,0.003582,58.0,0.003581,255.0,0.003587,27.0,0.003588,57.0
1753533404202,12:36:44.202,DOG/USDT:USDT,0.003582,70.0,0.003581,267.0,0.003587,27.0,0.003588,57.0
1753533404318,12:36:44.318,DOG/USDT:USDT,0.003584,454.0,0.003583,30.0,0.003588,57.0,0.003589,57.0
1753533404372,12:36:44.372,DOG/USDT:USDT,0.003584,454.0,0.003583,30.0,0.003588,57.0,0.003589,57.0
1753533404520,12:36:44.520,DOG/USDT:USDT,0.003584,454.0,0.003583,30.0,0.003588,57.0,0.003589,57.0
1753533404562,12:36:44.562,DOG/USDT:USDT,0.003584,454.0,0.003583,30.0,0.003588,57.0,0.003589,57.0
1753533404677,12:36:44.677,DOG/USDT:USDT,0.003584,454.0,0.003583,30.0,0.003588,57.0,0.003589,57.0
1753533405052,12:36:45.052,DOG/USDT:USDT,0.003584,454.0,0.003583,30.0,0.003588,57.0,0.003589,57.0
1753533405843,12:36:45.843,DOG/USDT:USDT,0.003584,454.0,0.003583,30.0,0.003588,57.0,0.003589,57.0
1753533406305,12:36:46.305,DOG/USDT:USDT,0.003584,454.0,0.003583,30.0,0.003588,57.0,0.003589,57.0
1753533406560,12:36:46.560,DOG/USDT:USDT,0.003584,454.0,0.003583,30.0,0.003588,57.0,0.003589,57.0
1753533407293,12:36:47.293,DOG/USDT:USDT,0.003584,454.0,0.003583,30.0,0.003588,57.0,0.003589,57.0
1753533407680,12:36:47.680,DOG/USDT:USDT,0.003584,454.0,0.003583,30.0,0.003588,57.0,0.003589,57.0
1753533409467,12:36:49.467,DOG/USDT:USDT,0.003584,454.0,0.003583,30.0,0.003588,57.0,0.003589,57.0
1753533410301,12:36:50.301,DOG/USDT:USDT,0.003584,460.0,0.003583,36.0,0.003588,57.0,0.003589,57.0
1753533410500,12:36:50.500,DOG/USDT:USDT,0.003584,460.0,0.003583,36.0,0.003588,57.0,0.003589,57.0
1753533410524,12:36:50.524,DOG/USDT:USDT,0.003584,460.0,0.003583,36.0,0.003588,57.0,0.003589,57.0
1753533410713,12:36:50.713,DOG/USDT:USDT,0.003584,460.0,0.003583,36.0,0.003588,57.0,0.003589,57.0
1753533412017,12:36:52.017,DOG/USDT:USDT,0.003584,460.0,0.003583,63.0,0.00359,27.0,0.003591,60.0
1753533412119,12:36:52.119,DOG/USDT:USDT,0.003584,460.0,0.003583,63.0,0.00359,27.0,0.003591,60.0
1753533412202,12:36:52.202,DOG/USDT:USDT,0.003584,460.0,0.003583,63.0,0.00359,27.0,0.003591,60.0
1753533412595,12:36:52.595,DOG/USDT:USDT,0.003585,30.0,0.003584,490.0,0.00359,27.0,0.003591,60.0
1753533412694,12:36:52.694,DOG/USDT:USDT,0.003585,30.0,0.003584,490.0,0.00359,27.0,0.003591,60.0
1753533412735,12:36:52.735,DOG/USDT:USDT,0.003585,30.0,0.003584,490.0,0.00359,27.0,0.003591,60.0
1753533413157,12:36:53.157,DOG/USDT:USDT,0.003585,30.0,0.003584,490.0,0.00359,27.0,0.003591,60.0
1753533413316,12:36:53.316,DOG/USDT:USDT,0.003585,36.0,0.003584,496.0,0.00359,27.0,0.003591,60.0
1753533413403,12:36:53.403,DOG/USDT:USDT,0.003585,36.0,0.003584,496.0,0.00359,27.0,0.003591,60.0
1753533413580,12:36:53.580,DOG/USDT:USDT,0.003585,36.0,0.003584,496.0,0.00359,27.0,0.003591,60.0
1753533413720,12:36:53.720,DOG/USDT:USDT,0.003585,36.0,0.003584,496.0,0.00359,27.0,0.003591,60.0
1753533413800,12:36:53.800,DOG/USDT:USDT,0.003585,36.0,0.003584,496.0,0.00359,27.0,0.003591,60.0
1753533414008,12:36:54.008,DOG/USDT:USDT,0.003585,36.0,0.003584,496.0,0.00359,27.0,0.003591,60.0
1753533414310,12:36:54.310,DOG/USDT:USDT,0.003585,36.0,0.003584,496.0,0.00359,27.0,0.003591,60.0
1753533414430,12:36:54.430,DOG/USDT:USDT,0.003585,36.0,0.003584,496.0,0.00359,27.0,0.003591,60.0
1753533414555,12:36:54.555,DOG/USDT:USDT,0.003585,36.0,0.003584,496.0,0.00359,27.0,0.003591,60.0
1753533415446,12:36:55.446,DOG/USDT:USDT,0.003585,36.0,0.003584,496.0,0.00359,27.0,0.003591,60.0
1753533416288,12:36:56.288,DOG/USDT:USDT,0.003585,36.0,0.003584,496.0,0.00359,27.0,0.003591,60.0
1753533416463,12:36:56.463,DOG/USDT:USDT,0.003585,36.0,0.003584,496.0,0.00359,27.0,0.003591,60.0
1753533416879,12:36:56.879,DOG/USDT:USDT,0.003585,36.0,0.003584,496.0,0.00359,27.0,0.003591,60.0
1753533417302,12:36:57.302,DOG/USDT:USDT,0.003585,36.0,0.003584,496.0,0.00359,27.0,0.003591,60.0
1753533417560,12:36:57.560,DOG/USDT:USDT,0.003585,36.0,0.003584,496.0,0.00359,27.0,0.003591,57.0
1753533418520,12:36:58.520,DOG/USDT:USDT,0.003585,36.0,0.003584,490.0,0.00359,27.0,0.003591,57.0
1753533419287,12:36:59.287,DOG/USDT:USDT,0.003585,36.0,0.003584,490.0,0.00359,27.0,0.003591,57.0
1753533419980,12:36:59.980,DOG/USDT:USDT,0.003585,36.0,0.003584,490.0,0.00359,27.0,0.003591,57.0
1753533420244,12:37:00.244,DOG/USDT:USDT,0.003585,36.0,0.003584,490.0,0.00359,27.0,0.003591,57.0
1753533420892,12:37:00.892,DOG/USDT:USDT,0.003585,36.0,0.003584,490.0,0.00359,27.0,0.003591,57.0
1753533421495,12:37:01.495,DOG/USDT:USDT,0.003585,42.0,0.003584,496.0,0.00359,27.0,0.003591,57.0
1753533421620,12:37:01.620,DOG/USDT:USDT,0.003585,42.0,0.003584,496.0,0.00359,27.0,0.003591,57.0
1753533421621,12:37:01.621,DOG/USDT:USDT,0.003585,42.0,0.003584,496.0,0.00359,27.0,0.003591,57.0
1753533421981,12:37:01.981,DOG/USDT:USDT,0.003585,42.0,0.003584,496.0,0.00359,27.0,0.003591,57.0
1753533422320,12:37:02.320,DOG/USDT:USDT,0.003586,30.0,0.003585,42.0,0.00359,27.0,0.003591,57.0
1753533422480,12:37:02.480,DOG/USDT:USDT,0.003586,30.0,0.003585,239.0,0.00359,27.0,0.003591,57.0
1753533422550,12:37:02.550,DOG/USDT:USDT,0.003586,30.0,0.003585,239.0,0.00359,27.0,0.003591,57.0
1753533422836,12:37:02.836,DOG/USDT:USDT,0.003586,30.0,0.003585,239.0,0.00359,27.0,0.003591,57.0
1753533422967,12:37:02.967,DOG/USDT:USDT,0.003586,30.0,0.003585,239.0,0.00359,27.0,0.003591,57.0
1753533423212,12:37:03.212,DOG/USDT:USDT,0.003586,30.0,0.003585,239.0,0.00359,27.0,0.003591,57.0
1753533423438,12:37:03.438,DOG/USDT:USDT,0.003586,30.0,0.003585,239.0,0.00359,27.0,0.003591,57.0
1753533423537,12:37:03.537,DOG/USDT:USDT,0.003586,30.0,0.003585,239.0,0.00359,27.0,0.003591,57.0
1753533424570,12:37:04.570,DOG/USDT:USDT,0.003586,30.0,0.003585,239.0,0.00359,27.0,0.003591,57.0
1753533425320,12:37:05.320,DOG/USDT:USDT,0.003586,30.0,0.003585,233.0,0.003591,57.0,0.003592,57.0
1753533425506,12:37:05.506,DOG/USDT:USDT,0.003587,36.0,0.003586,64.0,0.003592,27.0,0.003593,64.0
1753533425618,12:37:05.618,DOG/USDT:USDT,0.003587,36.0,0.003586,64.0,0.003592,27.0,0.003593,64.0
1753533425715,12:37:05.715,DOG/USDT:USDT,0.003587,36.0,0.003586,64.0,0.003592,27.0,0.003593,64.0
1753533425797,12:37:05.797,DOG/USDT:USDT,0.003587,36.0,0.003586,64.0,0.003592,27.0,0.003593,64.0
1753533426062,12:37:06.062,DOG/USDT:USDT,0.003587,36.0,0.003586,64.0,0.003592,27.0,0.003593,64.0
1753533426217,12:37:06.217,DOG/USDT:USDT,0.003587,36.0,0.003586,64.0,0.003592,27.0,0.003593,64.0
1753533426421,12:37:06.421,DOG/USDT:USDT,0.003587,36.0,0.003586,64.0,0.003592,27.0,0.003593,64.0
1753533427705,12:37:07.705,DOG/USDT:USDT,0.003587,36.0,0.003586,64.0,0.003592,27.0,0.003593,64.0
1753533428308,12:37:08.308,DOG/USDT:USDT,0.003587,30.0,0.003586,30.0,0.003592,27.0,0.003593,64.0
1753533428399,12:37:08.399,DOG/USDT:USDT,0.003586,30.0,0.003585,261.0,0.003592,27.0,0.003593,64.0
1753533428686,12:37:08.686,DOG/USDT:USDT,0.003586,36.0,0.003585,267.0,0.003592,27.0,0.003593,64.0
1753533428816,12:37:08.816,DOG/USDT:USDT,0.003586,36.0,0.003585,267.0,0.003592,27.0,0.003593,64.0
1753533428842,12:37:08.842,DOG/USDT:USDT,0.003586,36.0,0.003585,267.0,0.003592,27.0,0.003593,64.0
1753533429073,12:37:09.073,DOG/USDT:USDT,0.003586,36.0,0.003585,267.0,0.003592,27.0,0.003593,64.0
1753533429691,12:37:09.691,DOG/USDT:USDT,0.003586,36.0,0.003585,267.0,0.003592,27.0,0.003593,58.0
1753533430848,12:37:10.848,DOG/USDT:USDT,0.003586,36.0,0.003585,267.0,0.003592,27.0,0.003593,58.0
1753533430926,12:37:10.926,DOG/USDT:USDT,0.003586,36.0,0.003585,267.0,0.003592,27.0,0.003593,58.0
1753533431310,12:37:11.310,DOG/USDT:USDT,0.003586,36.0,0.003585,267.0,0.003592,27.0,0.003593,58.0
1753533432031,12:37:12.031,DOG/USDT:USDT,0.003586,36.0,0.003585,267.0,0.003592,27.0,0.003593,58.0
1753533433043,12:37:13.043,DOG/USDT:USDT,0.003586,36.0,0.003585,267.0,0.003592,27.0,0.003593,58.0
1753533434049,12:37:14.049,DOG/USDT:USDT,0.003586,36.0,0.003585,267.0,0.003592,27.0,0.003593,58.0
1753533434304,12:37:14.304,DOG/USDT:USDT,0.003586,36.0,0.003585,267.0,0.003592,27.0,0.003593,58.0
1753533435644,12:37:15.644,DOG/USDT:USDT,0.003586,36.0,0.003585,267.0,0.003592,27.0,0.003593,58.0
1753533436724,12:37:16.724,DOG/USDT:USDT,0.003586,36.0,0.003585,267.0,0.003592,27.0,0.003593,58.0
1753533437304,12:37:17.304,DOG/USDT:USDT,0.003586,36.0,0.003585,267.0,0.003592,27.0,0.003593,58.0
1753533440444,12:37:20.444,DOG/USDT:USDT,0.003586,36.0,0.003585,267.0,0.003592,27.0,0.003593,58.0
1753533440604,12:37:20.604,DOG/USDT:USDT,0.003586,116.0,0.003585,417.0,0.003592,27.0,0.003593,58.0
1753533440628,12:37:20.628,DOG/USDT:USDT,0.003586,116.0,0.003585,417.0,0.003592,27.0,0.003593,58.0
1753533440802,12:37:20.802,DOG/USDT:USDT,0.003586,116.0,0.003585,417.0,0.003592,27.0,0.003593,58.0
1753533440848,12:37:20.848,DOG/USDT:USDT,0.003586,116.0,0.003585,417.0,0.003592,27.0,0.003593,58.0
1753533441520,12:37:21.520,DOG/USDT:USDT,0.003586,116.0,0.003585,417.0,0.003592,27.0,0.003593,58.0
1753533442513,12:37:22.513,DOG/USDT:USDT,0.003586,116.0,0.003585,417.0,0.003592,27.0,0.003593,58.0
1753533443320,12:37:23.320,DOG/USDT:USDT,0.003587,30.0,0.003586,110.0,0.003592,27.0,0.003593,58.0
1753533443421,12:37:23.421,DOG/USDT:USDT,0.003588,453.0,0.003587,30.0,0.003592,27.0,0.003593,58.0
1753533443507,12:37:23.507,DOG/USDT:USDT,0.003588,453.0,0.003587,30.0,0.003592,27.0,0.003593,58.0
1753533443567,12:37:23.567,DOG/USDT:USDT,0.003588,453.0,0.003587,30.0,0.003592,27.0,0.003593,58.0
1753533444220,12:37:24.220,DOG/USDT:USDT,0.003588,453.0,0.003587,30.0,0.003592,27.0,0.003593,58.0
1753533444390,12:37:24.390,DOG/USDT:USDT,0.003588,453.0,0.003587,30.0,0.003592,27.0,0.003593,58.0
1753533444519,12:37:24.519,DOG/USDT:USDT,0.003588,453.0,0.003587,30.0,0.003592,27.0,0.003593,58.0
1753533444814,12:37:24.814,DOG/USDT:USDT,0.003588,453.0,0.003587,30.0,0.003592,27.0,0.003593,58.0
1753533445244,12:37:25.244,DOG/USDT:USDT,0.003588,453.0,0.003587,30.0,0.003592,27.0,0.003593,58.0
1753533445530,12:37:25.530,DOG/USDT:USDT,0.003588,453.0,0.003587,30.0,0.003592,27.0,0.003593,58.0
1753533446292,12:37:26.292,DOG/USDT:USDT,0.003588,453.0,0.003587,30.0,0.003592,27.0,0.003593,58.0
1753533446525,12:37:26.525,DOG/USDT:USDT,0.003588,453.0,0.003587,30.0,0.003592,27.0,0.003593,58.0
1753533446825,12:37:26.825,DOG/USDT:USDT,0.003588,453.0,0.003587,30.0,0.003592,27.0,0.003593,58.0
1753533447004,12:37:27.004,DOG/USDT:USDT,0.003588,453.0,0.003587,30.0,0.003592,27.0,0.003593,58.0
1753533447061,12:37:27.061,DOG/USDT:USDT,0.003588,459.0,0.003587,36.0,0.003592,27.0,0.003593,58.0
1753533447215,12:37:27.215,DOG/USDT:USDT,0.003588,459.0,0.003587,64.0,0.003592,27.0,0.003593,28.0
1753533447320,12:37:27.320,DOG/USDT:USDT,0.003589,165.0,0.003588,465.0,0.003593,28.0,0.003594,57.0
1753533447366,12:37:27.366,DOG/USDT:USDT,0.003589,165.0,0.003588,465.0,0.003593,28.0,0.003594,57.0
1753533447461,12:37:27.461,DOG/USDT:USDT,0.003589,165.0,0.003588,465.0,0.003593,28.0,0.003594,57.0
1753533447702,12:37:27.702,DOG/USDT:USDT,0.003589,165.0,0.003588,465.0,0.003593,28.0,0.003594,57.0
1753533447918,12:37:27.918,DOG/USDT:USDT,0.003589,165.0,0.003588,465.0,0.003593,28.0,0.003594,57.0
1753533448176,12:37:28.176,DOG/USDT:USDT,0.003589,165.0,0.003588,465.0,0.003593,28.0,0.003594,57.0
1753533448229,12:37:28.229,DOG/USDT:USDT,0.003589,165.0,0.003588,465.0,0.003593,28.0,0.003594,57.0
1753533448990,12:37:28.990,DOG/USDT:USDT,0.003589,165.0,0.003588,465.0,0.003593,28.0,0.003594,57.0
1753533449292,12:37:29.292,DOG/USDT:USDT,0.00359,30.0,0.003589,165.0,0.003593,28.0,0.003594,57.0
1753533449349,12:37:29.349,DOG/USDT:USDT,0.00359,30.0,0.003589,171.0,0.003593,28.0,0.003594,57.0
1753533449461,12:37:29.461,DOG/USDT:USDT,0.00359,30.0,0.003589,171.0,0.003593,28.0,0.003594,57.0
1753533449645,12:37:29.645,DOG/USDT:USDT,0.00359,30.0,0.003589,171.0,0.003593,28.0,0.003594,57.0
1753533449861,12:37:29.861,DOG/USDT:USDT,0.00359,30.0,0.003589,171.0,0.003593,28.0,0.003594,57.0
1753533450044,12:37:30.044,DOG/USDT:USDT,0.00359,30.0,0.003589,171.0,0.003593,28.0,0.003594,57.0
1753533450173,12:37:30.173,DOG/USDT:USDT,0.00359,30.0,0.003589,171.0,0.003593,28.0,0.003594,57.0
1753533450396,12:37:30.396,DOG/USDT:USDT,0.00359,30.0,0.003589,171.0,0.003593,28.0,0.003594,57.0
1753533450841,12:37:30.841,DOG/USDT:USDT,0.00359,30.0,0.003589,171.0,0.003593,28.0,0.003594,57.0
1753533451151,12:37:31.151,DOG/USDT:USDT,0.00359,30.0,0.003589,171.0,0.003593,28.0,0.003594,57.0
1753533451453,12:37:31.453,DOG/USDT:USDT,0.00359,30.0,0.003589,171.0,0.003593,28.0,0.003594,57.0
1753533451706,12:37:31.706,DOG/USDT:USDT,0.00359,30.0,0.003589,171.0,0.003593,28.0,0.003594,57.0
1753533452016,12:37:32.016,DOG/USDT:USDT,0.00359,30.0,0.003589,171.0,0.003593,28.0,0.003594,57.0
1753533452304,12:37:32.304,DOG/USDT:USDT,0.00359,30.0,0.003589,171.0,0.003593,28.0,0.003594,57.0
1753533452361,12:37:32.361,DOG/USDT:USDT,0.00359,30.0,0.003589,171.0,0.003593,28.0,0.003594,57.0
1753533452539,12:37:32.539,DOG/USDT:USDT,0.00359,30.0,0.003589,171.0,0.003593,28.0,0.003594,57.0
1753533452680,12:37:32.680,DOG/USDT:USDT,0.00359,30.0,0.003589,171.0,0.003593,28.0,0.003594,57.0
1753533453868,12:37:33.868,DOG/USDT:USDT,0.00359,30.0,0.003589,171.0,0.003593,28.0,0.003594,57.0
1753533454173,12:37:34.173,DOG/USDT:USDT,0.00359,30.0,0.003589,171.0,0.003593,28.0,0.003594,57.0
1753533454845,12:37:34.845,DOG/USDT:USDT,0.00359,30.0,0.003589,171.0,0.003593,28.0,0.003594,57.0
1753533455287,12:37:35.287,DOG/USDT:USDT,0.00359,30.0,0.003589,171.0,0.003593,28.0,0.003594,57.0
1753533455389,12:37:35.389,DOG/USDT:USDT,0.00359,30.0,0.003589,171.0,0.003593,28.0,0.003594,57.0
1753533455696,12:37:35.696,DOG/USDT:USDT,0.00359,30.0,0.003589,171.0,0.003593,28.0,0.003594,57.0
1753533455782,12:37:35.782,DOG/USDT:USDT,0.00359,30.0,0.003589,171.0,0.003593,28.0,0.003594,57.0
1753533458957,12:37:38.957,DOG/USDT:USDT,0.00359,30.0,0.003589,171.0,0.003593,28.0,0.003594,57.0
1753533459245,12:37:39.245,DOG/USDT:USDT,0.00359,30.0,0.003589,171.0,0.003593,28.0,0.003594,57.0
1753533459644,12:37:39.644,DOG/USDT:USDT,0.00359,30.0,0.003589,171.0,0.003593,28.0,0.003594,57.0
1753533460457,12:37:40.457,DOG/USDT:USDT,0.00359,30.0,0.003589,171.0,0.003593,28.0,0.003594,57.0
1753533460750,12:37:40.750,DOG/USDT:USDT,0.00359,30.0,0.003589,171.0,0.003593,28.0,0.003594,57.0
1753533461289,12:37:41.289,DOG/USDT:USDT,0.00359,30.0,0.003589,171.0,0.003593,28.0,0.003594,57.0
1753533462206,12:37:42.206,DOG/USDT:USDT,0.00359,30.0,0.003589,171.0,0.003593,28.0,0.003594,57.0
1753533462249,12:37:42.249,DOG/USDT:USDT,0.00359,30.0,0.003589,171.0,0.003593,28.0,0.003594,57.0
1753533462383,12:37:42.383,DOG/USDT:USDT,0.00359,30.0,0.003589,171.0,0.003593,28.0,0.003594,57.0
1753533462486,12:37:42.486,DOG/USDT:USDT,0.00359,30.0,0.003589,171.0,0.003593,28.0,0.003594,57.0
1753533463467,12:37:43.467,DOG/USDT:USDT,0.00359,30.0,0.003589,171.0,0.003593,28.0,0.003594,57.0
1753533464028,12:37:44.028,DOG/USDT:USDT,0.00359,30.0,0.003589,171.0,0.003593,28.0,0.003594,57.0
1753533464287,12:37:44.287,DOG/USDT:USDT,0.00359,30.0,0.003589,171.0,0.003593,28.0,0.003594,57.0
1753533464464,12:37:44.464,DOG/USDT:USDT,0.00359,30.0,0.003589,171.0,0.003593,28.0,0.003594,57.0
1753533464686,12:37:44.686,DOG/USDT:USDT,0.00359,30.0,0.003589,171.0,0.003593,28.0,0.003594,57.0
1753533465105,12:37:45.105,DOG/USDT:USDT,0.00359,30.0,0.003589,171.0,0.003593,28.0,0.003594,57.0
1753533468014,12:37:48.014,DOG/USDT:USDT,0.00359,30.0,0.003589,171.0,0.003593,28.0,0.003594,57.0
1753533468518,12:37:48.518,DOG/USDT:USDT,0.00359,30.0,0.003589,171.0,0.003593,28.0,0.003594,57.0
1753533469284,12:37:49.284,DOG/USDT:USDT,0.00359,30.0,0.003589,171.0,0.003593,28.0,0.003594,57.0
1753533470291,12:37:50.291,DOG/USDT:USDT,0.00359,30.0,0.003589,165.0,0.003593,28.0,0.003594,57.0
1753533470326,12:37:50.326,DOG/USDT:USDT,0.00359,30.0,0.003589,165.0,0.003593,28.0,0.003594,57.0
1753533470618,12:37:50.618,DOG/USDT:USDT,0.00359,30.0,0.003589,165.0,0.003593,28.0,0.003594,57.0
1753533470640,12:37:50.640,DOG/USDT:USDT,0.00359,30.0,0.003589,165.0,0.003593,28.0,0.003594,57.0
1753533471943,12:37:51.943,DOG/USDT:USDT,0.00359,30.0,0.003589,165.0,0.003593,28.0,0.003594,57.0
1753533473290,12:37:53.290,DOG/USDT:USDT,0.00359,30.0,0.003589,165.0,0.003593,28.0,0.003594,57.0
1753533474045,12:37:54.045,DOG/USDT:USDT,0.00359,30.0,0.003589,165.0,0.003593,28.0,0.003594,57.0
1753533474372,12:37:54.372,DOG/USDT:USDT,0.00359,30.0,0.003589,165.0,0.003593,28.0,0.003594,57.0
1753533476305,12:37:56.305,DOG/USDT:USDT,0.00359,30.0,0.003589,165.0,0.003593,28.0,0.003594,57.0
1753533478846,12:37:58.846,DOG/USDT:USDT,0.00359,30.0,0.003589,165.0,0.003593,28.0,0.003594,57.0
1753533479016,12:37:59.016,DOG/USDT:USDT,0.00359,30.0,0.003589,165.0,0.003593,28.0,0.003594,57.0
1753533479304,12:37:59.304,DOG/USDT:USDT,0.00359,30.0,0.003589,165.0,0.003593,28.0,0.003594,57.0
1753533479949,12:37:59.949,DOG/USDT:USDT,0.00359,30.0,0.003589,165.0,0.003593,28.0,0.003594,57.0
1753533482082,12:38:02.082,DOG/USDT:USDT,0.00359,30.0,0.003589,165.0,0.003593,28.0,0.003594,57.0
1753533483617,12:38:03.617,DOG/USDT:USDT,0.00359,30.0,0.003589,165.0,0.003593,28.0,0.003594,57.0
1753533483717,12:38:03.717,DOG/USDT:USDT,0.00359,30.0,0.003589,159.0,0.003593,28.0,0.003594,57.0
1753533484218,12:38:04.218,DOG/USDT:USDT,0.003589,30.0,0.003588,483.0,0.003593,34.0,0.003594,63.0
1753533484243,12:38:04.243,DOG/USDT:USDT,0.003589,30.0,0.003588,453.0,0.003592,28.0,0.003593,34.0
1753533484407,12:38:04.407,DOG/USDT:USDT,0.003587,30.0,0.003586,316.0,0.003592,28.0,0.003593,37.0
1753533484496,12:38:04.496,DOG/USDT:USDT,0.003588,451.0,0.003587,30.0,0.003592,28.0,0.003593,34.0
1753533484579,12:38:04.579,DOG/USDT:USDT,0.003588,451.0,0.003586,316.0,0.003592,28.0,0.003593,34.0
1753533484715,12:38:04.715,DOG/USDT:USDT,0.003588,451.0,0.003586,316.0,0.003592,28.0,0.003593,34.0
1753533484820,12:38:04.820,DOG/USDT:USDT,0.003588,451.0,0.003586,316.0,0.00359,28.0,0.003591,58.0
1753533484896,12:38:04.896,DOG/USDT:USDT,0.003588,451.0,0.003586,316.0,0.00359,28.0,0.003591,58.0
1753533485216,12:38:05.216,DOG/USDT:USDT,0.003588,451.0,0.003586,316.0,0.00359,28.0,0.003591,58.0
1753533485289,12:38:05.289,DOG/USDT:USDT,0.003588,451.0,0.003586,316.0,0.00359,28.0,0.003591,58.0
1753533485419,12:38:05.419,DOG/USDT:USDT,0.003588,451.0,0.003586,316.0,0.00359,28.0,0.003591,58.0
1753533485466,12:38:05.466,DOG/USDT:USDT,0.003588,451.0,0.003586,316.0,0.00359,28.0,0.003591,58.0
1753533485567,12:38:05.567,DOG/USDT:USDT,0.003588,451.0,0.003586,316.0,0.00359,28.0,0.003591,58.0
1753533485707,12:38:05.707,DOG/USDT:USDT,0.003588,451.0,0.003586,316.0,0.00359,28.0,0.003591,58.0
1753533485821,12:38:05.821,DOG/USDT:USDT,0.003586,316.0,0.003585,955.0,0.00359,28.0,0.003591,58.0
1753533485892,12:38:05.892,DOG/USDT:USDT,0.003587,144.0,0.003586,767.0,0.00359,28.0,0.003591,58.0
1753533486009,12:38:06.009,DOG/USDT:USDT,0.003587,144.0,0.003586,561.0,0.00359,28.0,0.003591,58.0
1753533486095,12:38:06.095,DOG/USDT:USDT,0.003586,561.0,0.003585,233.0,0.00359,28.0,0.003591,58.0
1753533486250,12:38:06.250,DOG/USDT:USDT,0.003586,561.0,0.003585,233.0,0.00359,28.0,0.003591,58.0
1753533486741,12:38:06.741,DOG/USDT:USDT,0.003586,561.0,0.003585,203.0,0.00359,28.0,0.003591,58.0
1753533486981,12:38:06.981,DOG/USDT:USDT,0.003586,561.0,0.003585,203.0,0.00359,28.0,0.003591,58.0
1753533487470,12:38:07.470,DOG/USDT:USDT,0.003586,561.0,0.003585,203.0,0.00359,28.0,0.003591,58.0
1753533487806,12:38:07.806,DOG/USDT:USDT,0.003586,561.0,0.003585,203.0,0.00359,28.0,0.003591,58.0
1753533488304,12:38:08.304,DOG/USDT:USDT,0.003586,561.0,0.003585,203.0,0.00359,28.0,0.003591,58.0
1753533489661,12:38:09.661,DOG/USDT:USDT,0.003586,561.0,0.003585,203.0,0.00359,28.0,0.003591,58.0
1753533491289,12:38:11.289,DOG/USDT:USDT,0.003586,561.0,0.003585,203.0,0.00359,28.0,0.003591,58.0
1753533494466,12:38:14.466,DOG/USDT:USDT,0.003586,561.0,0.003585,203.0,0.00359,28.0,0.003591,58.0
1753533494560,12:38:14.560,DOG/USDT:USDT,0.003586,561.0,0.003585,203.0,0.00359,28.0,0.003591,58.0
1753533497159,12:38:17.159,DOG/USDT:USDT,0.003586,561.0,0.003585,203.0,0.00359,28.0,0.003591,58.0
1753533498241,12:38:18.241,DOG/USDT:USDT,0.003586,561.0,0.003585,203.0,0.00359,28.0,0.003591,58.0
1753533498567,12:38:18.567,DOG/USDT:USDT,0.003586,561.0,0.003585,203.0,0.00359,28.0,0.003591,58.0
1753533498884,12:38:18.884,DOG/USDT:USDT,0.003586,561.0,0.003585,203.0,0.00359,28.0,0.003591,58.0
1753533499264,12:38:19.264,DOG/USDT:USDT,0.003586,561.0,0.003585,203.0,0.00359,28.0,0.003591,58.0
1753533500008,12:38:20.008,DOG/USDT:USDT,0.003586,561.0,0.003585,203.0,0.00359,28.0,0.003591,58.0
1753533500708,12:38:20.708,DOG/USDT:USDT,0.003586,561.0,0.003585,203.0,0.00359,28.0,0.003591,58.0
1753533504063,12:38:24.063,DOG/USDT:USDT,0.003586,561.0,0.003585,203.0,0.00359,28.0,0.003591,58.0
1753533507404,12:38:27.404,DOG/USDT:USDT,0.003586,561.0,0.003585,203.0,0.00359,28.0,0.003591,58.0
1753533507513,12:38:27.513,DOG/USDT:USDT,0.003586,561.0,0.003585,203.0,0.00359,28.0,0.003591,58.0
1753533507548,12:38:27.548,DOG/USDT:USDT,0.003586,561.0,0.003585,203.0,0.00359,28.0,0.003591,58.0
1753533508884,12:38:28.884,DOG/USDT:USDT,0.003586,561.0,0.003585,203.0,0.00359,28.0,0.003591,58.0
1753533509918,12:38:29.918,DOG/USDT:USDT,0.003586,561.0,0.003585,203.0,0.00359,28.0,0.003591,58.0
1753533509971,12:38:29.971,DOG/USDT:USDT,0.003586,561.0,0.003585,203.0,0.00359,28.0,0.003591,58.0
1753533510255,12:38:30.255,DOG/USDT:USDT,0.003586,561.0,0.003585,203.0,0.00359,28.0,0.003591,58.0
1753533510569,12:38:30.569,DOG/USDT:USDT,0.003586,561.0,0.003585,203.0,0.00359,28.0,0.003591,58.0
1753533510811,12:38:30.811,DOG/USDT:USDT,0.003586,561.0,0.003585,203.0,0.00359,28.0,0.003591,58.0
1753533511210,12:38:31.210,DOG/USDT:USDT,0.003586,561.0,0.003585,203.0,0.00359,28.0,0.003591,58.0
1753533511245,12:38:31.245,DOG/USDT:USDT,0.003586,561.0,0.003585,203.0,0.00359,28.0,0.003591,58.0
1753533511659,12:38:31.659,DOG/USDT:USDT,0.003586,561.0,0.003585,203.0,0.00359,28.0,0.003591,58.0
1753533512105,12:38:32.105,DOG/USDT:USDT,0.003586,561.0,0.003585,203.0,0.00359,28.0,0.003591,58.0
1753533512279,12:38:32.279,DOG/USDT:USDT,0.003586,561.0,0.003585,203.0,0.00359,28.0,0.003591,58.0
1753533513662,12:38:33.662,DOG/USDT:USDT,0.003586,561.0,0.003585,203.0,0.00359,28.0,0.003591,58.0
1753533516265,12:38:36.265,DOG/USDT:USDT,0.003586,561.0,0.003585,203.0,0.00359,28.0,0.003591,58.0
1753533516341,12:38:36.341,DOG/USDT:USDT,0.003586,561.0,0.003585,203.0,0.00359,28.0,0.003591,58.0
1753533518405,12:38:38.405,DOG/USDT:USDT,0.003586,561.0,0.003585,203.0,0.00359,28.0,0.003591,58.0
1753533518462,12:38:38.462,DOG/USDT:USDT,0.003586,561.0,0.003585,203.0,0.00359,28.0,0.003591,58.0
1753533521041,12:38:41.041,DOG/USDT:USDT,0.003586,561.0,0.003585,203.0,0.00359,28.0,0.003591,58.0
1753533522183,12:38:42.183,DOG/USDT:USDT,0.003586,561.0,0.003585,203.0,0.00359,28.0,0.003591,58.0
1753533523262,12:38:43.262,DOG/USDT:USDT,0.003586,561.0,0.003585,203.0,0.00359,28.0,0.003591,58.0
1753533528075,12:38:48.075,DOG/USDT:USDT,0.003586,561.0,0.003585,203.0,0.00359,28.0,0.003591,58.0
1753533528218,12:38:48.218,DOG/USDT:USDT,0.003586,481.0,0.003585,203.0,0.003589,27.0,0.00359,34.0
1753533528225,12:38:48.225,DOG/USDT:USDT,0.003586,542.0,0.003585,203.0,0.003589,27.0,0.00359,34.0
1753533528416,12:38:48.416,DOG/USDT:USDT,0.003586,481.0,0.003585,203.0,0.003589,27.0,0.00359,34.0
1753533528455,12:38:48.455,DOG/USDT:USDT,0.003586,481.0,0.003585,203.0,0.003589,27.0,0.00359,34.0
1753533528568,12:38:48.568,DOG/USDT:USDT,0.003586,481.0,0.003585,203.0,0.003589,27.0,0.00359,34.0
1753533529394,12:38:49.394,DOG/USDT:USDT,0.003586,481.0,0.003585,203.0,0.003589,27.0,0.00359,34.0
1753533529805,12:38:49.805,DOG/USDT:USDT,0.003586,481.0,0.003585,203.0,0.003589,27.0,0.00359,34.0
1753533530167,12:38:50.167,DOG/USDT:USDT,0.003586,481.0,0.003585,6.0,0.003589,27.0,0.00359,34.0
1753533530381,12:38:50.381,DOG/USDT:USDT,0.003586,481.0,0.003585,6.0,0.003589,27.0,0.00359,34.0
1753533530472,12:38:50.472,DOG/USDT:USDT,0.003586,481.0,0.003585,6.0,0.003589,27.0,0.00359,34.0
1753533530761,12:38:50.761,DOG/USDT:USDT,0.003586,481.0,0.003585,6.0,0.003589,27.0,0.00359,34.0
1753533531121,12:38:51.121,DOG/USDT:USDT,0.003586,481.0,0.003585,6.0,0.003589,27.0,0.00359,34.0
1753533531144,12:38:51.144,DOG/USDT:USDT,0.003586,481.0,0.003585,6.0,0.003589,27.0,0.00359,34.0
1753533532420,12:38:52.420,DOG/USDT:USDT,0.003586,481.0,0.003585,6.0,0.003589,27.0,0.00359,34.0
1753533532862,12:38:52.862,DOG/USDT:USDT,0.003586,481.0,0.003585,6.0,0.003589,27.0,0.00359,34.0
1753533534136,12:38:54.136,DOG/USDT:USDT,0.003586,481.0,0.003585,6.0,0.003589,27.0,0.00359,34.0
1753533534467,12:38:54.467,DOG/USDT:USDT,0.003586,481.0,0.003585,6.0,0.003589,27.0,0.00359,34.0
1753533537662,12:38:57.662,DOG/USDT:USDT,0.003586,481.0,0.003585,6.0,0.003589,27.0,0.00359,34.0
1753533542463,12:39:02.463,DOG/USDT:USDT,0.003586,481.0,0.003585,6.0,0.003589,27.0,0.00359,34.0
1753533545599,12:39:05.599,DOG/USDT:USDT,0.003586,481.0,0.003585,6.0,0.003589,27.0,0.00359,34.0
1753533545644,12:39:05.644,DOG/USDT:USDT,0.003586,487.0,0.003585,12.0,0.003589,27.0,0.00359,34.0
1753533545805,12:39:05.805,DOG/USDT:USDT,0.003586,487.0,0.003585,12.0,0.00359,28.0,0.003591,58.0
1753533545903,12:39:05.903,DOG/USDT:USDT,0.003586,487.0,0.003585,12.0,0.00359,28.0,0.003591,58.0
1753533546323,12:39:06.323,DOG/USDT:USDT,0.003586,487.0,0.003585,12.0,0.00359,28.0,0.003591,58.0
1753533546655,12:39:06.655,DOG/USDT:USDT,0.003586,487.0,0.003585,12.0,0.00359,28.0,0.003591,58.0
1753533546740,12:39:06.740,DOG/USDT:USDT,0.003586,487.0,0.003585,12.0,0.00359,28.0,0.003591,58.0
1753533547011,12:39:07.011,DOG/USDT:USDT,0.003586,487.0,0.003585,12.0,0.00359,28.0,0.003591,58.0
1753533547264,12:39:07.264,DOG/USDT:USDT,0.003586,487.0,0.003585,12.0,0.00359,28.0,0.003591,58.0
1753533547413,12:39:07.413,DOG/USDT:USDT,0.003586,487.0,0.003585,12.0,0.003591,28.0,0.003592,125.0
1753533547494,12:39:07.494,DOG/USDT:USDT,0.003586,487.0,0.003585,12.0,0.003591,28.0,0.003592,122.0
1753533547617,12:39:07.617,DOG/USDT:USDT,0.003587,176.0,0.003586,487.0,0.003591,28.0,0.003592,122.0
1753533547665,12:39:07.665,DOG/USDT:USDT,0.003587,176.0,0.003586,487.0,0.003591,28.0,0.003592,122.0
1753533548050,12:39:08.050,DOG/USDT:USDT,0.003587,176.0,0.003586,487.0,0.003591,28.0,0.003592,122.0
1753533548307,12:39:08.307,DOG/USDT:USDT,0.003587,176.0,0.003586,487.0,0.003591,28.0,0.003592,122.0
1753533548384,12:39:08.384,DOG/USDT:USDT,0.003587,176.0,0.003586,487.0,0.003591,28.0,0.003592,58.0
1753533549425,12:39:09.425,DOG/USDT:USDT,0.003587,176.0,0.003586,487.0,0.003591,28.0,0.003592,58.0
1753533549848,12:39:09.848,DOG/USDT:USDT,0.003587,176.0,0.003586,487.0,0.003591,28.0,0.003592,58.0
1753533550175,12:39:10.175,DOG/USDT:USDT,0.003587,176.0,0.003586,487.0,0.003591,28.0,0.003592,58.0
1753533552063,12:39:12.063,DOG/USDT:USDT,0.003587,176.0,0.003586,487.0,0.003591,28.0,0.003592,58.0
1753533552124,12:39:12.124,DOG/USDT:USDT,0.003587,176.0,0.003586,487.0,0.003591,28.0,0.003592,58.0
1753533555721,12:39:15.721,DOG/USDT:USDT,0.003587,176.0,0.003586,487.0,0.003591,28.0,0.003592,58.0
1753533555722,12:39:15.722,DOG/USDT:USDT,0.003587,176.0,0.003586,487.0,0.003591,28.0,0.003592,58.0
1753533556204,12:39:16.204,DOG/USDT:USDT,0.003587,176.0,0.003586,487.0,0.003591,28.0,0.003592,58.0
1753533556863,12:39:16.863,DOG/USDT:USDT,0.003587,176.0,0.003586,487.0,0.003591,28.0,0.003592,58.0
1753533560814,12:39:20.814,DOG/USDT:USDT,0.003587,176.0,0.003586,487.0,0.003591,28.0,0.003592,58.0
1753533561664,12:39:21.664,DOG/USDT:USDT,0.003587,176.0,0.003586,487.0,0.003591,28.0,0.003592,58.0
1753533566463,12:39:26.463,DOG/USDT:USDT,0.003587,176.0,0.003586,487.0,0.003591,28.0,0.003592,58.0
1753533571263,12:39:31.263,DOG/USDT:USDT,0.003587,176.0,0.003586,487.0,0.003591,28.0,0.003592,58.0
1753533571744,12:39:31.744,DOG/USDT:USDT,0.003587,176.0,0.003586,487.0,0.003591,28.0,0.003592,58.0
1753533572904,12:39:32.904,DOG/USDT:USDT,0.003587,176.0,0.003586,487.0,0.003591,28.0,0.003592,58.0
1753533574510,12:39:34.510,DOG/USDT:USDT,0.003587,176.0,0.003586,487.0,0.003591,28.0,0.003592,58.0
1753533574526,12:39:34.526,DOG/USDT:USDT,0.003587,176.0,0.003586,487.0,0.003591,28.0,0.003592,58.0
1753533575330,12:39:35.330,DOG/USDT:USDT,0.003587,176.0,0.003586,487.0,0.003591,28.0,0.003592,58.0
1753533576088,12:39:36.088,DOG/USDT:USDT,0.003587,176.0,0.003586,487.0,0.003591,28.0,0.003592,58.0
1753533576897,12:39:36.897,DOG/USDT:USDT,0.003587,176.0,0.003586,487.0,0.003591,28.0,0.003592,58.0
1753533577435,12:39:37.435,DOG/USDT:USDT,0.003587,176.0,0.003586,487.0,0.003591,28.0,0.003592,58.0
1753533577668,12:39:37.668,DOG/USDT:USDT,0.003587,176.0,0.003586,487.0,0.003591,28.0,0.003592,58.0
1753533577740,12:39:37.740,DOG/USDT:USDT,0.003587,176.0,0.003586,487.0,0.003591,28.0,0.003592,58.0
1753533579084,12:39:39.084,DOG/USDT:USDT,0.003587,176.0,0.003586,487.0,0.003591,28.0,0.003592,58.0
1753533580699,12:39:40.699,DOG/USDT:USDT,0.003588,30.0,0.003587,176.0,0.003591,28.0,0.003592,58.0
1753533580864,12:39:40.864,DOG/USDT:USDT,0.003588,30.0,0.003587,176.0,0.003591,28.0,0.003592,58.0
1753533581384,12:39:41.384,DOG/USDT:USDT,0.003588,30.0,0.003587,176.0,0.003591,28.0,0.003592,58.0
1753533581439,12:39:41.439,DOG/USDT:USDT,0.003588,30.0,0.003587,176.0,0.003591,28.0,0.003592,58.0
1753533581718,12:39:41.718,DOG/USDT:USDT,0.003588,30.0,0.003587,176.0,0.003591,28.0,0.003592,58.0
1753533585664,12:39:45.664,DOG/USDT:USDT,0.003588,30.0,0.003587,176.0,0.003591,28.0,0.003592,58.0
1753533586004,12:39:46.004,DOG/USDT:USDT,0.003588,30.0,0.003587,176.0,0.003591,28.0,0.003592,58.0
1753533587943,12:39:47.943,DOG/USDT:USDT,0.003588,30.0,0.003587,176.0,0.003591,28.0,0.003592,58.0
1753533588416,12:39:48.416,DOG/USDT:USDT,0.003588,30.0,0.003587,176.0,0.003591,28.0,0.003592,58.0
1753533588425,12:39:48.425,DOG/USDT:USDT,0.003588,30.0,0.003587,176.0,0.003591,28.0,0.003592,58.0
1753533588570,12:39:48.570,DOG/USDT:USDT,0.003588,30.0,0.003587,176.0,0.003591,28.0,0.003592,58.0
1753533588912,12:39:48.912,DOG/USDT:USDT,0.003588,30.0,0.003587,176.0,0.003591,28.0,0.003592,58.0
1753533589844,12:39:49.844,DOG/USDT:USDT,0.003588,30.0,0.003587,176.0,0.003591,28.0,0.003592,58.0
1753533590366,12:39:50.366,DOG/USDT:USDT,0.003588,30.0,0.003587,176.0,0.003591,28.0,0.003592,58.0
1753533590476,12:39:50.476,DOG/USDT:USDT,0.003588,30.0,0.003587,176.0,0.003591,28.0,0.003592,58.0
1753533590866,12:39:50.866,DOG/USDT:USDT,0.003588,30.0,0.003587,176.0,0.003591,28.0,0.003592,58.0
1753533591169,12:39:51.169,DOG/USDT:USDT,0.003588,30.0,0.003587,176.0,0.003591,28.0,0.003592,58.0
1753533591340,12:39:51.340,DOG/USDT:USDT,0.003588,30.0,0.003587,176.0,0.003591,28.0,0.003592,58.0
1753533591509,12:39:51.509,DOG/USDT:USDT,0.003588,30.0,0.003587,176.0,0.003591,28.0,0.003592,58.0
1753533591704,12:39:51.704,DOG/USDT:USDT,0.003588,30.0,0.003587,176.0,0.003591,28.0,0.003592,58.0
1753533591850,12:39:51.850,DOG/USDT:USDT,0.003588,30.0,0.003587,176.0,0.003591,28.0,0.003592,58.0
1753533592213,12:39:52.213,DOG/USDT:USDT,0.003588,30.0,0.003587,176.0,0.003591,28.0,0.003592,58.0
1753533593215,12:39:53.215,DOG/USDT:USDT,0.003588,30.0,0.003587,176.0,0.003591,28.0,0.003592,58.0
1753533593406,12:39:53.406,DOG/USDT:USDT,0.003588,30.0,0.003587,176.0,0.003591,28.0,0.003592,58.0
1753533594518,12:39:54.518,DOG/USDT:USDT,0.003588,30.0,0.003587,176.0,0.003591,28.0,0.003592,58.0
1753533594544,12:39:54.544,DOG/USDT:USDT,0.003588,30.0,0.003587,176.0,0.003591,28.0,0.003592,58.0
1753533594740,12:39:54.740,DOG/USDT:USDT,0.003588,30.0,0.003587,176.0,0.003591,28.0,0.003592,58.0
1753533595284,12:39:55.284,DOG/USDT:USDT,0.003588,30.0,0.003587,176.0,0.003591,28.0,0.003592,58.0
1753533595416,12:39:55.416,DOG/USDT:USDT,0.003588,30.0,0.003587,176.0,0.003591,28.0,0.003592,58.0
1753533595694,12:39:55.694,DOG/USDT:USDT,0.003588,30.0,0.003587,176.0,0.003591,28.0,0.003592,58.0
1753533596022,12:39:56.022,DOG/USDT:USDT,0.003588,30.0,0.003587,176.0,0.003591,28.0,0.003592,58.0
1753533596181,12:39:56.181,DOG/USDT:USDT,0.003588,30.0,0.003587,176.0,0.003591,28.0,0.003592,58.0
1753533596533,12:39:56.533,DOG/USDT:USDT,0.003588,30.0,0.003587,176.0,0.003591,28.0,0.003592,58.0
