timestamp,time,symbol,bid1_price,bid1_volume,bid2_price,bid2_volume,ask1_price,ask1_volume,ask2_price,ask2_volume
1753533020000,12:30:20.000,ALCH/USDT:USDT,0.13968,32.0,0.13963,14.0,0.13992,31.0,0.13993,4.0
1753533021371,12:30:21.371,ALCH/USDT:USDT,0.13968,32.0,0.13963,14.0,0.13992,31.0,0.13993,4.0
1753533023853,12:30:23.853,ALCH/USDT:USDT,0.13968,32.0,0.13963,14.0,0.13992,31.0,0.13993,4.0
1753533023977,12:30:23.977,ALCH/USDT:USDT,0.13968,32.0,0.13963,14.0,0.13992,31.0,0.13994,213.0
1753533024238,12:30:24.238,ALCH/USDT:USDT,0.13968,32.0,0.13963,14.0,0.13991,31.0,0.13992,2.0
1753533024604,12:30:24.604,ALCH/USDT:USDT,0.13968,32.0,0.13963,14.0,0.13991,31.0,0.13992,2.0
1753533025438,12:30:25.438,ALCH/USDT:USDT,0.13968,32.0,0.13963,14.0,0.13991,31.0,0.13992,2.0
1753533028040,12:30:28.040,ALCH/USDT:USDT,0.13968,32.0,0.13963,14.0,0.13991,31.0,0.13994,213.0
1753533028329,12:30:28.329,ALCH/USDT:USDT,0.13968,32.0,0.13963,14.0,0.13991,31.0,0.13994,213.0
1753533028990,12:30:28.990,ALCH/USDT:USDT,0.13968,32.0,0.13963,14.0,0.1399,31.0,0.13991,2.0
1753533029621,12:30:29.621,ALCH/USDT:USDT,0.13968,32.0,0.13963,14.0,0.1399,31.0,0.13991,2.0
1753533029864,12:30:29.864,ALCH/USDT:USDT,0.13968,32.0,0.13963,14.0,0.1399,31.0,0.13991,2.0
1753533030326,12:30:30.326,ALCH/USDT:USDT,0.13968,32.0,0.13963,14.0,0.1399,31.0,0.13991,2.0
1753533030453,12:30:30.453,ALCH/USDT:USDT,0.13968,32.0,0.13963,14.0,0.1399,31.0,0.13991,2.0
1753533031271,12:30:31.271,ALCH/USDT:USDT,0.13968,32.0,0.13963,14.0,0.1399,31.0,0.13991,2.0
1753533031684,12:30:31.684,ALCH/USDT:USDT,0.13968,32.0,0.13963,14.0,0.1399,31.0,0.13991,2.0
1753533036278,12:30:36.278,ALCH/USDT:USDT,0.13968,32.0,0.13963,14.0,0.1399,31.0,0.13991,2.0
1753533036358,12:30:36.358,ALCH/USDT:USDT,0.13968,32.0,0.13963,14.0,0.1399,31.0,0.13991,2.0
1753533036456,12:30:36.456,ALCH/USDT:USDT,0.13968,32.0,0.13963,14.0,0.1399,31.0,0.13991,2.0
1753533036732,12:30:36.732,ALCH/USDT:USDT,0.13968,32.0,0.13963,14.0,0.1399,31.0,0.13991,2.0
1753533036865,12:30:36.865,ALCH/USDT:USDT,0.13968,32.0,0.13963,14.0,0.1399,31.0,0.13991,2.0
1753533037268,12:30:37.268,ALCH/USDT:USDT,0.13968,32.0,0.13963,14.0,0.1399,31.0,0.13994,244.0
1753533041440,12:30:41.440,ALCH/USDT:USDT,0.13968,32.0,0.13963,14.0,0.1399,31.0,0.13994,244.0
1753533043530,12:30:43.530,ALCH/USDT:USDT,0.13968,32.0,0.13963,14.0,0.1399,31.0,0.13994,244.0
1753533044590,12:30:44.590,ALCH/USDT:USDT,0.13968,32.0,0.13963,14.0,0.1399,31.0,0.13994,244.0
1753533044700,12:30:44.700,ALCH/USDT:USDT,0.13968,32.0,0.13963,14.0,0.1399,31.0,0.13994,244.0
1753533044950,12:30:44.950,ALCH/USDT:USDT,0.13968,32.0,0.13963,14.0,0.1399,31.0,0.13994,244.0
1753533045734,12:30:45.734,ALCH/USDT:USDT,0.13968,32.0,0.13963,14.0,0.1399,31.0,0.13994,244.0
1753533046615,12:30:46.615,ALCH/USDT:USDT,0.13968,32.0,0.13963,14.0,0.1399,31.0,0.13994,244.0
1753533049876,12:30:49.876,ALCH/USDT:USDT,0.13968,32.0,0.13963,14.0,0.1399,31.0,0.13994,244.0
1753533050040,12:30:50.040,ALCH/USDT:USDT,0.13968,32.0,0.13963,14.0,0.1399,31.0,0.13994,244.0
1753533051032,12:30:51.032,ALCH/USDT:USDT,0.13968,32.0,0.13963,14.0,0.1399,31.0,0.13994,244.0
1753533051449,12:30:51.449,ALCH/USDT:USDT,0.13968,32.0,0.13963,14.0,0.1399,31.0,0.13994,244.0
1753533054806,12:30:54.806,ALCH/USDT:USDT,0.13968,32.0,0.13963,14.0,0.1399,31.0,0.13994,244.0
1753533057805,12:30:57.805,ALCH/USDT:USDT,0.13968,32.0,0.13963,14.0,0.1399,31.0,0.13994,411.0
1753533057965,12:30:57.965,ALCH/USDT:USDT,0.13968,32.0,0.13963,14.0,0.1399,31.0,0.13994,411.0
1753533059592,12:30:59.592,ALCH/USDT:USDT,0.13968,32.0,0.13963,14.0,0.1399,31.0,0.13994,411.0
1753533060498,12:31:00.498,ALCH/USDT:USDT,0.13968,32.0,0.13963,14.0,0.1399,31.0,0.13994,244.0
1753533061823,12:31:01.823,ALCH/USDT:USDT,0.13968,32.0,0.13963,14.0,0.1399,31.0,0.13994,244.0
1753533061897,12:31:01.897,ALCH/USDT:USDT,0.13968,32.0,0.13963,14.0,0.1399,31.0,0.13994,244.0
1753533062048,12:31:02.048,ALCH/USDT:USDT,0.13968,32.0,0.13963,14.0,0.1399,31.0,0.13994,244.0
1753533062143,12:31:02.143,ALCH/USDT:USDT,0.13964,31.0,0.13963,14.0,0.13988,31.0,0.13989,4.0
1753533062240,12:31:02.240,ALCH/USDT:USDT,0.13964,31.0,0.13963,14.0,0.13983,81.0,0.13984,50.0
1753533062341,12:31:02.341,ALCH/USDT:USDT,0.13964,31.0,0.13963,14.0,0.13982,31.0,0.13983,50.0
1753533062437,12:31:02.437,ALCH/USDT:USDT,0.13964,31.0,0.13963,14.0,0.13982,31.0,0.13983,50.0
1753533062647,12:31:02.647,ALCH/USDT:USDT,0.13964,31.0,0.13963,14.0,0.13981,31.0,0.13982,4.0
1753533062749,12:31:02.749,ALCH/USDT:USDT,0.13964,31.0,0.13963,14.0,0.13981,31.0,0.13983,50.0
1753533062889,12:31:02.889,ALCH/USDT:USDT,0.13964,31.0,0.13963,14.0,0.13981,31.0,0.13983,50.0
1753533063278,12:31:03.278,ALCH/USDT:USDT,0.13964,31.0,0.13963,14.0,0.13981,31.0,0.13983,50.0
1753533063740,12:31:03.740,ALCH/USDT:USDT,0.13964,31.0,0.13963,14.0,0.13981,31.0,0.13986,50.0
1753533063848,12:31:03.848,ALCH/USDT:USDT,0.13964,31.0,0.13963,14.0,0.13981,31.0,0.13986,50.0
1753533063999,12:31:03.999,ALCH/USDT:USDT,0.13964,31.0,0.13963,14.0,0.13981,31.0,0.13986,50.0
1753533064113,12:31:04.113,ALCH/USDT:USDT,0.13964,31.0,0.13963,14.0,0.13981,31.0,0.13986,50.0
1753533064198,12:31:04.198,ALCH/USDT:USDT,0.13964,31.0,0.13963,14.0,0.13981,31.0,0.13986,50.0
1753533064533,12:31:04.533,ALCH/USDT:USDT,0.13964,31.0,0.13963,14.0,0.13981,31.0,0.13986,50.0
1753533064727,12:31:04.727,ALCH/USDT:USDT,0.13964,31.0,0.13963,14.0,0.13981,31.0,0.13986,50.0
1753533064833,12:31:04.833,ALCH/USDT:USDT,0.13964,31.0,0.13963,14.0,0.13981,31.0,0.13986,50.0
1753533065762,12:31:05.762,ALCH/USDT:USDT,0.13964,31.0,0.13963,14.0,0.13981,31.0,0.13986,50.0
1753533066581,12:31:06.581,ALCH/USDT:USDT,0.13964,31.0,0.13963,14.0,0.13981,31.0,0.13986,50.0
1753533066664,12:31:06.664,ALCH/USDT:USDT,0.13964,31.0,0.13957,14.0,0.13981,31.0,0.13986,50.0
1753533066779,12:31:06.779,ALCH/USDT:USDT,0.13964,31.0,0.13958,50.0,0.13981,31.0,0.13986,50.0
1753533066865,12:31:06.865,ALCH/USDT:USDT,0.13964,31.0,0.13959,14.0,0.13981,31.0,0.13986,50.0
1753533067693,12:31:07.693,ALCH/USDT:USDT,0.13964,31.0,0.13959,14.0,0.13981,31.0,0.13986,50.0
1753533067768,12:31:07.768,ALCH/USDT:USDT,0.13964,31.0,0.13957,64.0,0.13981,31.0,0.13986,50.0
1753533068551,12:31:08.551,ALCH/USDT:USDT,0.13964,31.0,0.13957,64.0,0.13981,31.0,0.13986,50.0
1753533068620,12:31:08.620,ALCH/USDT:USDT,0.13964,31.0,0.13957,64.0,0.13981,31.0,0.13986,50.0
1753533068719,12:31:08.719,ALCH/USDT:USDT,0.13964,31.0,0.13957,64.0,0.13981,31.0,0.13986,50.0
1753533068757,12:31:08.757,ALCH/USDT:USDT,0.13964,31.0,0.13958,50.0,0.13981,31.0,0.13986,50.0
1753533068859,12:31:08.859,ALCH/USDT:USDT,0.13964,31.0,0.13959,14.0,0.13981,31.0,0.13986,50.0
1753533069746,12:31:09.746,ALCH/USDT:USDT,0.13964,31.0,0.13959,14.0,0.13981,31.0,0.13986,50.0
1753533069759,12:31:09.759,ALCH/USDT:USDT,0.13964,31.0,0.13954,14.0,0.13981,31.0,0.13986,50.0
1753533070735,12:31:10.735,ALCH/USDT:USDT,0.13964,31.0,0.13954,14.0,0.13981,31.0,0.13986,50.0
1753533071470,12:31:11.470,ALCH/USDT:USDT,0.13964,31.0,0.13954,14.0,0.13981,31.0,0.13986,50.0
1753533073848,12:31:13.848,ALCH/USDT:USDT,0.13964,31.0,0.13954,14.0,0.13981,31.0,0.13986,50.0
1753533073893,12:31:13.893,ALCH/USDT:USDT,0.13964,31.0,0.13954,14.0,0.13981,31.0,0.13986,50.0
1753533074065,12:31:14.065,ALCH/USDT:USDT,0.13964,31.0,0.13954,14.0,0.13981,31.0,0.13986,50.0
1753533078311,12:31:18.311,ALCH/USDT:USDT,0.13964,31.0,0.13954,14.0,0.13981,31.0,0.13986,50.0
1753533078576,12:31:18.576,ALCH/USDT:USDT,0.13964,31.0,0.13954,14.0,0.13988,31.0,0.1399,50.0
1753533078744,12:31:18.744,ALCH/USDT:USDT,0.13964,31.0,0.13954,14.0,0.13986,41.0,0.13987,182.0
1753533078799,12:31:18.799,ALCH/USDT:USDT,0.13964,31.0,0.13954,14.0,0.13985,31.0,0.13986,10.0
1753533079683,12:31:19.683,ALCH/USDT:USDT,0.13964,31.0,0.13954,14.0,0.13985,31.0,0.13986,10.0
1753533082145,12:31:22.145,ALCH/USDT:USDT,0.13964,31.0,0.13954,14.0,0.13982,31.0,0.13983,50.0
1753533082190,12:31:22.190,ALCH/USDT:USDT,0.13964,31.0,0.13954,14.0,0.13982,31.0,0.13983,50.0
1753533082555,12:31:22.555,ALCH/USDT:USDT,0.13964,31.0,0.13954,14.0,0.13982,31.0,0.13983,50.0
1753533083653,12:31:23.653,ALCH/USDT:USDT,0.13964,31.0,0.13954,14.0,0.13982,31.0,0.13983,50.0
1753533083825,12:31:23.825,ALCH/USDT:USDT,0.13964,31.0,0.13954,14.0,0.13982,31.0,0.13983,50.0
1753533084536,12:31:24.536,ALCH/USDT:USDT,0.13964,31.0,0.13954,14.0,0.13987,31.0,0.13988,9.0
1753533084644,12:31:24.644,ALCH/USDT:USDT,0.13964,31.0,0.13954,14.0,0.13985,31.0,0.13986,182.0
1753533084679,12:31:24.679,ALCH/USDT:USDT,0.13964,31.0,0.13954,14.0,0.13982,31.0,0.13983,50.0
1753533084757,12:31:24.757,ALCH/USDT:USDT,0.13964,31.0,0.13954,14.0,0.13982,31.0,0.13983,50.0
1753533085128,12:31:25.128,ALCH/USDT:USDT,0.13964,31.0,0.13954,14.0,0.13982,31.0,0.13983,50.0
1753533085541,12:31:25.541,ALCH/USDT:USDT,0.13964,31.0,0.13954,14.0,0.13985,9.0,0.13987,31.0
1753533085651,12:31:25.651,ALCH/USDT:USDT,0.13964,31.0,0.13954,14.0,0.13982,31.0,0.13983,50.0
1753533085695,12:31:25.695,ALCH/USDT:USDT,0.13964,31.0,0.13954,14.0,0.13981,31.0,0.13987,31.0
1753533085832,12:31:25.832,ALCH/USDT:USDT,0.13964,31.0,0.13954,14.0,0.13987,31.0,0.13988,142.0
1753533085859,12:31:25.859,ALCH/USDT:USDT,0.13964,31.0,0.13954,14.0,0.13985,31.0,0.13986,182.0
1753533085980,12:31:25.980,ALCH/USDT:USDT,0.13964,31.0,0.13954,14.0,0.13982,31.0,0.13983,58.0
1753533086086,12:31:26.086,ALCH/USDT:USDT,0.13964,31.0,0.13954,14.0,0.13982,31.0,0.13983,50.0
1753533086206,12:31:26.206,ALCH/USDT:USDT,0.13964,31.0,0.13954,14.0,0.13982,31.0,0.13983,50.0
1753533086500,12:31:26.500,ALCH/USDT:USDT,0.13964,31.0,0.13954,14.0,0.13987,31.0,0.13988,142.0
1753533086575,12:31:26.575,ALCH/USDT:USDT,0.13964,31.0,0.13954,14.0,0.13985,32.0,0.13986,182.0
1753533086695,12:31:26.695,ALCH/USDT:USDT,0.13964,31.0,0.13954,14.0,0.13982,32.0,0.13983,50.0
1753533087587,12:31:27.587,ALCH/USDT:USDT,0.13964,31.0,0.13954,14.0,0.13982,32.0,0.13983,50.0
1753533087932,12:31:27.932,ALCH/USDT:USDT,0.13955,32.0,0.13954,14.0,0.13981,32.0,0.13982,32.0
1753533088013,12:31:28.013,ALCH/USDT:USDT,0.13955,32.0,0.13954,14.0,0.13981,32.0,0.13982,32.0
1753533088067,12:31:28.067,ALCH/USDT:USDT,0.13955,32.0,0.13954,14.0,0.13981,32.0,0.13983,50.0
1753533088820,12:31:28.820,ALCH/USDT:USDT,0.13955,32.0,0.13954,14.0,0.13981,32.0,0.13983,50.0
1753533088905,12:31:28.905,ALCH/USDT:USDT,0.13955,32.0,0.13954,14.0,0.13981,32.0,0.13983,50.0
1753533088975,12:31:28.975,ALCH/USDT:USDT,0.13955,32.0,0.13954,14.0,0.13981,32.0,0.13983,50.0
1753533089242,12:31:29.242,ALCH/USDT:USDT,0.13955,32.0,0.13954,14.0,0.13981,32.0,0.13983,50.0
1753533089344,12:31:29.344,ALCH/USDT:USDT,0.13955,32.0,0.13954,14.0,0.1398,32.0,0.13981,43.0
1753533089498,12:31:29.498,ALCH/USDT:USDT,0.13955,32.0,0.13954,14.0,0.1398,32.0,0.13983,50.0
1753533089658,12:31:29.658,ALCH/USDT:USDT,0.13955,32.0,0.13954,14.0,0.1398,32.0,0.13983,50.0
1753533090075,12:31:30.075,ALCH/USDT:USDT,0.13955,32.0,0.13954,14.0,0.1398,32.0,0.13983,50.0
1753533090476,12:31:30.476,ALCH/USDT:USDT,0.13955,32.0,0.13954,14.0,0.1398,32.0,0.13983,50.0
1753533090940,12:31:30.940,ALCH/USDT:USDT,0.13955,32.0,0.13954,14.0,0.1398,32.0,0.13983,50.0
1753533091650,12:31:31.650,ALCH/USDT:USDT,0.13955,32.0,0.13954,14.0,0.1398,37.0,0.13983,50.0
1753533091654,12:31:31.654,ALCH/USDT:USDT,0.13955,32.0,0.13954,14.0,0.13979,32.0,0.1398,5.0
1753533092045,12:31:32.045,ALCH/USDT:USDT,0.13956,32.0,0.13954,46.0,0.13979,32.0,0.13983,50.0
1753533092913,12:31:32.913,ALCH/USDT:USDT,0.13957,32.0,0.13956,36.0,0.13979,32.0,0.13983,50.0
1753533093013,12:31:33.013,ALCH/USDT:USDT,0.13958,32.0,0.13957,14.0,0.13979,32.0,0.13983,50.0
1753533093064,12:31:33.064,ALCH/USDT:USDT,0.13958,32.0,0.13955,14.0,0.13979,32.0,0.13983,50.0
1753533093834,12:31:33.834,ALCH/USDT:USDT,0.13958,32.0,0.13955,14.0,0.13979,32.0,0.13983,50.0
1753533095579,12:31:35.579,ALCH/USDT:USDT,0.13958,32.0,0.13955,14.0,0.13979,32.0,0.13983,50.0
1753533097061,12:31:37.061,ALCH/USDT:USDT,0.13958,32.0,0.13955,14.0,0.13979,32.0,0.13983,50.0
1753533097837,12:31:37.837,ALCH/USDT:USDT,0.13958,32.0,0.13955,14.0,0.13979,32.0,0.13983,50.0
1753533097859,12:31:37.859,ALCH/USDT:USDT,0.13958,32.0,0.13955,14.0,0.13979,32.0,0.13983,50.0
1753533101138,12:31:41.138,ALCH/USDT:USDT,0.13958,32.0,0.13955,14.0,0.13979,32.0,0.13982,213.0
1753533101710,12:31:41.710,ALCH/USDT:USDT,0.13958,32.0,0.13955,14.0,0.13979,32.0,0.13982,213.0
1753533101938,12:31:41.938,ALCH/USDT:USDT,0.13958,32.0,0.13955,14.0,0.13979,32.0,0.13982,213.0
1753533102267,12:31:42.267,ALCH/USDT:USDT,0.13958,32.0,0.13955,14.0,0.13979,32.0,0.13982,213.0
1753533103817,12:31:43.817,ALCH/USDT:USDT,0.13958,32.0,0.13955,14.0,0.13979,32.0,0.13982,213.0
1753533105148,12:31:45.148,ALCH/USDT:USDT,0.13958,32.0,0.13955,14.0,0.13979,32.0,0.13983,50.0
1753533105190,12:31:45.190,ALCH/USDT:USDT,0.13958,32.0,0.13955,14.0,0.13979,32.0,0.13983,50.0
1753533110150,12:31:50.150,ALCH/USDT:USDT,0.13958,32.0,0.13955,14.0,0.13979,32.0,0.13983,50.0
1753533110177,12:31:50.177,ALCH/USDT:USDT,0.13958,32.0,0.13955,14.0,0.13979,32.0,0.13983,50.0
1753533110430,12:31:50.430,ALCH/USDT:USDT,0.13958,32.0,0.13955,14.0,0.13979,32.0,0.13983,50.0
1753533110844,12:31:50.844,ALCH/USDT:USDT,0.13958,32.0,0.13955,14.0,0.13979,32.0,0.13983,50.0
1753533111200,12:31:51.200,ALCH/USDT:USDT,0.13958,32.0,0.13955,14.0,0.13979,32.0,0.13983,50.0
1753533111426,12:31:51.426,ALCH/USDT:USDT,0.13958,32.0,0.13955,14.0,0.13979,32.0,0.13983,50.0
1753533114933,12:31:54.933,ALCH/USDT:USDT,0.13958,32.0,0.13955,14.0,0.13979,32.0,0.13983,50.0
1753533120030,12:32:00.030,ALCH/USDT:USDT,0.13958,32.0,0.13955,14.0,0.13979,32.0,0.13983,82.0
1753533120142,12:32:00.142,ALCH/USDT:USDT,0.13958,32.0,0.13955,14.0,0.13979,32.0,0.1398,184.0
1753533121642,12:32:01.642,ALCH/USDT:USDT,0.13958,32.0,0.13955,14.0,0.13978,32.0,0.13979,184.0
1753533121657,12:32:01.657,ALCH/USDT:USDT,0.13958,32.0,0.13955,14.0,0.13978,32.0,0.13983,32.0
1753533121793,12:32:01.793,ALCH/USDT:USDT,0.13958,32.0,0.13955,14.0,0.13983,32.0,0.13984,184.0
1753533121949,12:32:01.949,ALCH/USDT:USDT,0.13958,32.0,0.13955,14.0,0.13981,32.0,0.13982,184.0
1753533121976,12:32:01.976,ALCH/USDT:USDT,0.13958,32.0,0.13955,14.0,0.13979,32.0,0.1398,184.0
1753533122123,12:32:02.123,ALCH/USDT:USDT,0.13958,32.0,0.13955,14.0,0.13979,32.0,0.1398,184.0
1753533122547,12:32:02.547,ALCH/USDT:USDT,0.13958,32.0,0.13955,14.0,0.13979,216.0,0.13983,32.0
1753533122556,12:32:02.556,ALCH/USDT:USDT,0.13958,32.0,0.13955,14.0,0.13978,32.0,0.13979,184.0
1753533123046,12:32:03.046,ALCH/USDT:USDT,0.13958,32.0,0.13955,14.0,0.13978,32.0,0.13979,184.0
1753533123238,12:32:03.238,ALCH/USDT:USDT,0.13958,32.0,0.13955,14.0,0.13977,32.0,0.13978,184.0
1753533123338,12:32:03.338,ALCH/USDT:USDT,0.13958,32.0,0.13955,14.0,0.13977,32.0,0.13978,184.0
1753533123419,12:32:03.419,ALCH/USDT:USDT,0.13958,32.0,0.13955,14.0,0.13977,32.0,0.13978,184.0
1753533123538,12:32:03.538,ALCH/USDT:USDT,0.13958,32.0,0.13955,14.0,0.13977,32.0,0.13978,184.0
1753533123578,12:32:03.578,ALCH/USDT:USDT,0.13958,32.0,0.13955,14.0,0.13977,32.0,0.13978,184.0
1753533123808,12:32:03.808,ALCH/USDT:USDT,0.13958,32.0,0.13955,14.0,0.13977,32.0,0.13978,184.0
1753533124141,12:32:04.141,ALCH/USDT:USDT,0.13958,32.0,0.13955,14.0,0.13977,82.0,0.13978,184.0
1753533124233,12:32:04.233,ALCH/USDT:USDT,0.13958,32.0,0.13955,14.0,0.13975,32.0,0.13976,50.0
1753533124651,12:32:04.651,ALCH/USDT:USDT,0.13958,32.0,0.13955,14.0,0.13974,32.0,0.13976,50.0
1753533124687,12:32:04.687,ALCH/USDT:USDT,0.13958,32.0,0.13955,14.0,0.13974,32.0,0.13976,50.0
1753533125368,12:32:05.368,ALCH/USDT:USDT,0.13958,32.0,0.13955,14.0,0.13974,32.0,0.13976,50.0
1753533125944,12:32:05.944,ALCH/USDT:USDT,0.13958,32.0,0.13955,14.0,0.13974,32.0,0.13976,50.0
1753533127944,12:32:07.944,ALCH/USDT:USDT,0.13958,32.0,0.13955,14.0,0.13974,32.0,0.13976,50.0
1753533128089,12:32:08.089,ALCH/USDT:USDT,0.13958,32.0,0.13955,14.0,0.13974,32.0,0.13976,50.0
1753533128388,12:32:08.388,ALCH/USDT:USDT,0.13958,32.0,0.13955,14.0,0.13974,32.0,0.13976,50.0
1753533128838,12:32:08.838,ALCH/USDT:USDT,0.13958,32.0,0.13955,14.0,0.13974,32.0,0.13976,50.0
1753533129648,12:32:09.648,ALCH/USDT:USDT,0.13958,32.0,0.13955,14.0,0.13974,32.0,0.13976,50.0
1753533129848,12:32:09.848,ALCH/USDT:USDT,0.13958,32.0,0.13955,14.0,0.13974,32.0,0.13976,50.0
1753533129908,12:32:09.908,ALCH/USDT:USDT,0.13958,32.0,0.13955,14.0,0.13974,32.0,0.13976,50.0
1753533129989,12:32:09.989,ALCH/USDT:USDT,0.13958,32.0,0.13955,14.0,0.13974,32.0,0.13976,50.0
1753533130088,12:32:10.088,ALCH/USDT:USDT,0.13958,32.0,0.13955,14.0,0.13974,32.0,0.13976,50.0
1753533130188,12:32:10.188,ALCH/USDT:USDT,0.13958,32.0,0.13955,14.0,0.13974,32.0,0.13976,50.0
1753533130448,12:32:10.448,ALCH/USDT:USDT,0.13958,32.0,0.13955,14.0,0.13974,32.0,0.13976,50.0
1753533130468,12:32:10.468,ALCH/USDT:USDT,0.13958,32.0,0.13955,14.0,0.13974,32.0,0.13976,50.0
1753533130688,12:32:10.688,ALCH/USDT:USDT,0.13958,32.0,0.13955,14.0,0.13974,32.0,0.13976,50.0
1753533131707,12:32:11.707,ALCH/USDT:USDT,0.13958,32.0,0.13955,14.0,0.13974,32.0,0.13976,50.0
1753533132899,12:32:12.899,ALCH/USDT:USDT,0.13958,32.0,0.13955,14.0,0.13974,32.0,0.13976,50.0
1753533133928,12:32:13.928,ALCH/USDT:USDT,0.13958,32.0,0.13955,14.0,0.13974,32.0,0.13976,50.0
1753533134334,12:32:14.334,ALCH/USDT:USDT,0.13958,32.0,0.13955,14.0,0.13974,32.0,0.13976,50.0
1753533136316,12:32:16.316,ALCH/USDT:USDT,0.13958,32.0,0.13955,14.0,0.13974,32.0,0.13976,50.0
1753533136618,12:32:16.618,ALCH/USDT:USDT,0.13958,32.0,0.13955,14.0,0.13974,32.0,0.13976,50.0
1753533136830,12:32:16.830,ALCH/USDT:USDT,0.13958,32.0,0.13955,14.0,0.13974,32.0,0.13976,50.0
1753533136913,12:32:16.913,ALCH/USDT:USDT,0.13958,32.0,0.13955,14.0,0.13974,32.0,0.13976,50.0
1753533139338,12:32:19.338,ALCH/USDT:USDT,0.13958,32.0,0.13955,14.0,0.13974,32.0,0.13976,50.0
1753533139379,12:32:19.379,ALCH/USDT:USDT,0.13958,32.0,0.13955,14.0,0.13974,32.0,0.13976,50.0
1753533139847,12:32:19.847,ALCH/USDT:USDT,0.13958,32.0,0.13955,14.0,0.13974,32.0,0.13976,50.0
1753533139859,12:32:19.859,ALCH/USDT:USDT,0.13958,32.0,0.13955,14.0,0.13974,32.0,0.13976,50.0
1753533140955,12:32:20.955,ALCH/USDT:USDT,0.13958,32.0,0.13955,14.0,0.13974,32.0,0.13976,50.0
1753533141647,12:32:21.647,ALCH/USDT:USDT,0.13958,32.0,0.13955,14.0,0.13974,32.0,0.13976,50.0
1753533141658,12:32:21.658,ALCH/USDT:USDT,0.13958,32.0,0.13955,14.0,0.13974,32.0,0.13976,50.0
1753533146126,12:32:26.126,ALCH/USDT:USDT,0.13958,32.0,0.13955,14.0,0.13974,32.0,0.13976,50.0
1753533148998,12:32:28.998,ALCH/USDT:USDT,0.13958,32.0,0.13955,14.0,0.13974,32.0,0.13976,50.0
1753533149099,12:32:29.099,ALCH/USDT:USDT,0.13958,32.0,0.13955,14.0,0.13974,32.0,0.13976,50.0
1753533149155,12:32:29.155,ALCH/USDT:USDT,0.13958,32.0,0.13955,14.0,0.13974,32.0,0.13976,50.0
1753533149973,12:32:29.973,ALCH/USDT:USDT,0.13958,32.0,0.13955,14.0,0.13974,32.0,0.13976,50.0
1753533150279,12:32:30.279,ALCH/USDT:USDT,0.13958,32.0,0.13955,14.0,0.13974,32.0,0.13976,50.0
1753533153966,12:32:33.966,ALCH/USDT:USDT,0.13958,32.0,0.13955,14.0,0.13974,32.0,0.13976,50.0
1753533154656,12:32:34.656,ALCH/USDT:USDT,0.13958,32.0,0.13955,14.0,0.13974,32.0,0.13976,50.0
1753533155166,12:32:35.166,ALCH/USDT:USDT,0.13958,32.0,0.13955,14.0,0.13974,32.0,0.13976,50.0
1753533156287,12:32:36.287,ALCH/USDT:USDT,0.13958,32.0,0.13955,14.0,0.13974,32.0,0.13976,50.0
1753533157681,12:32:37.681,ALCH/USDT:USDT,0.13958,32.0,0.13955,14.0,0.13974,32.0,0.13976,50.0
1753533158136,12:32:38.136,ALCH/USDT:USDT,0.13958,32.0,0.13955,14.0,0.13974,32.0,0.13976,50.0
1753533159878,12:32:39.878,ALCH/USDT:USDT,0.13958,32.0,0.13955,14.0,0.13974,32.0,0.13976,50.0
1753533160411,12:32:40.411,ALCH/USDT:USDT,0.13958,32.0,0.13955,14.0,0.13974,32.0,0.13976,50.0
1753533161535,12:32:41.535,ALCH/USDT:USDT,0.13958,32.0,0.13955,14.0,0.13974,32.0,0.13976,50.0
1753533162713,12:32:42.713,ALCH/USDT:USDT,0.13958,32.0,0.13955,14.0,0.13974,32.0,0.13976,50.0
1753533167854,12:32:47.854,ALCH/USDT:USDT,0.13958,32.0,0.13955,14.0,0.13974,32.0,0.13976,50.0
1753533167957,12:32:47.957,ALCH/USDT:USDT,0.13958,32.0,0.13955,14.0,0.13974,32.0,0.13976,50.0
1753533168468,12:32:48.468,ALCH/USDT:USDT,0.13958,32.0,0.13955,14.0,0.13974,32.0,0.13976,50.0
1753533168858,12:32:48.858,ALCH/USDT:USDT,0.13958,32.0,0.13955,14.0,0.13974,32.0,0.13976,50.0
1753533169778,12:32:49.778,ALCH/USDT:USDT,0.13958,32.0,0.13955,14.0,0.13974,32.0,0.13976,50.0
1753533171141,12:32:51.141,ALCH/USDT:USDT,0.13958,32.0,0.13955,14.0,0.13974,32.0,0.13976,50.0
1753533174298,12:32:54.298,ALCH/USDT:USDT,0.13958,32.0,0.13955,14.0,0.13974,32.0,0.13976,50.0
1753533175161,12:32:55.161,ALCH/USDT:USDT,0.13958,32.0,0.13955,14.0,0.13974,32.0,0.13976,50.0
1753533177898,12:32:57.898,ALCH/USDT:USDT,0.13958,32.0,0.13955,14.0,0.13974,32.0,0.13976,50.0
1753533179235,12:32:59.235,ALCH/USDT:USDT,0.13958,32.0,0.13955,14.0,0.13974,32.0,0.13976,50.0
1753533179788,12:32:59.788,ALCH/USDT:USDT,0.13958,32.0,0.13955,14.0,0.13974,32.0,0.13976,50.0
1753533180024,12:33:00.024,ALCH/USDT:USDT,0.13958,32.0,0.13955,14.0,0.13974,32.0,0.13976,50.0
1753533180072,12:33:00.072,ALCH/USDT:USDT,0.13958,32.0,0.13955,14.0,0.13974,32.0,0.13976,50.0
1753533180850,12:33:00.850,ALCH/USDT:USDT,0.13958,32.0,0.13955,14.0,0.13974,32.0,0.13976,50.0
1753533180894,12:33:00.894,ALCH/USDT:USDT,0.13958,32.0,0.13955,14.0,0.13974,32.0,0.13976,50.0
1753533181941,12:33:01.941,ALCH/USDT:USDT,0.13958,32.0,0.13955,14.0,0.13974,32.0,0.13976,50.0
1753533182038,12:33:02.038,ALCH/USDT:USDT,0.13958,32.0,0.13955,14.0,0.13974,32.0,0.13976,50.0
1753533182149,12:33:02.149,ALCH/USDT:USDT,0.13958,32.0,0.13955,14.0,0.13974,32.0,0.13976,50.0
1753533183239,12:33:03.239,ALCH/USDT:USDT,0.13958,32.0,0.13955,14.0,0.13974,32.0,0.13976,50.0
1753533184956,12:33:04.956,ALCH/USDT:USDT,0.13958,32.0,0.13955,14.0,0.13974,32.0,0.13976,50.0
1753533185747,12:33:05.747,ALCH/USDT:USDT,0.13958,32.0,0.13955,14.0,0.13974,32.0,0.13976,50.0
1753533188435,12:33:08.435,ALCH/USDT:USDT,0.13958,32.0,0.13955,14.0,0.13973,32.0,0.13976,50.0
1753533188468,12:33:08.468,ALCH/USDT:USDT,0.13958,32.0,0.13955,14.0,0.13973,32.0,0.13976,50.0
1753533189031,12:33:09.031,ALCH/USDT:USDT,0.13958,32.0,0.13955,14.0,0.13973,32.0,0.13976,50.0
1753533189446,12:33:09.446,ALCH/USDT:USDT,0.13958,32.0,0.13955,14.0,0.13972,32.0,0.13976,50.0
1753533189627,12:33:09.627,ALCH/USDT:USDT,0.13958,32.0,0.13955,14.0,0.13972,32.0,0.13976,50.0
1753533189861,12:33:09.861,ALCH/USDT:USDT,0.13958,32.0,0.13955,14.0,0.13972,32.0,0.13976,50.0
1753533191098,12:33:11.098,ALCH/USDT:USDT,0.13958,32.0,0.13955,14.0,0.13972,32.0,0.13976,50.0
1753533191277,12:33:11.277,ALCH/USDT:USDT,0.13958,32.0,0.13955,14.0,0.13972,32.0,0.13976,50.0
1753533192248,12:33:12.248,ALCH/USDT:USDT,0.13958,32.0,0.13955,14.0,0.13972,32.0,0.13976,50.0
1753533192984,12:33:12.984,ALCH/USDT:USDT,0.13958,32.0,0.13955,14.0,0.13972,32.0,0.13976,50.0
1753533194238,12:33:14.238,ALCH/USDT:USDT,0.13958,32.0,0.13955,14.0,0.13972,32.0,0.13976,50.0
1753533198008,12:33:18.008,ALCH/USDT:USDT,0.13958,32.0,0.13955,14.0,0.13972,32.0,0.13976,50.0
1753533199828,12:33:19.828,ALCH/USDT:USDT,0.13958,32.0,0.13955,14.0,0.13972,32.0,0.13976,50.0
1753533199948,12:33:19.948,ALCH/USDT:USDT,0.13958,32.0,0.13955,14.0,0.13972,32.0,0.13976,50.0
1753533200038,12:33:20.038,ALCH/USDT:USDT,0.13958,32.0,0.13955,14.0,0.13972,32.0,0.13976,50.0
1753533200108,12:33:20.108,ALCH/USDT:USDT,0.13958,32.0,0.13955,14.0,0.13972,32.0,0.13976,50.0
1753533200367,12:33:20.367,ALCH/USDT:USDT,0.13958,32.0,0.13955,14.0,0.13972,32.0,0.13976,50.0
1753533201650,12:33:21.650,ALCH/USDT:USDT,0.13958,32.0,0.13955,14.0,0.13972,157.0,0.13973,125.0
1753533201656,12:33:21.656,ALCH/USDT:USDT,0.13958,32.0,0.13955,14.0,0.13971,32.0,0.13972,125.0
1753533202000,12:33:22.000,ALCH/USDT:USDT,0.13958,32.0,0.13955,14.0,0.13971,32.0,0.13972,125.0
1753533202252,12:33:22.252,ALCH/USDT:USDT,0.13958,32.0,0.13955,14.0,0.13971,32.0,0.13974,125.0
1753533202848,12:33:22.848,ALCH/USDT:USDT,0.13958,32.0,0.13955,14.0,0.13971,32.0,0.13974,125.0
1753533202928,12:33:22.928,ALCH/USDT:USDT,0.13958,32.0,0.13955,14.0,0.13971,32.0,0.13974,125.0
1753533203242,12:33:23.242,ALCH/USDT:USDT,0.13958,32.0,0.13955,14.0,0.13971,32.0,0.13974,125.0
1753533203343,12:33:23.343,ALCH/USDT:USDT,0.13958,32.0,0.13955,14.0,0.13971,32.0,0.13974,125.0
1753533203848,12:33:23.848,ALCH/USDT:USDT,0.13958,32.0,0.13955,14.0,0.13971,32.0,0.13975,32.0
1753533203859,12:33:23.859,ALCH/USDT:USDT,0.13958,32.0,0.13955,14.0,0.13975,32.0,0.13976,50.0
1753533204059,12:33:24.059,ALCH/USDT:USDT,0.13958,32.0,0.13955,14.0,0.13975,32.0,0.13976,50.0
1753533204234,12:33:24.234,ALCH/USDT:USDT,0.13958,32.0,0.13955,14.0,0.13974,32.0,0.13975,50.0
1753533204315,12:33:24.315,ALCH/USDT:USDT,0.13958,32.0,0.13955,14.0,0.13972,32.0,0.13976,50.0
1753533204882,12:33:24.882,ALCH/USDT:USDT,0.13958,32.0,0.13955,14.0,0.13972,32.0,0.13976,50.0
1753533205300,12:33:25.300,ALCH/USDT:USDT,0.13958,32.0,0.13955,14.0,0.13972,32.0,0.13976,50.0
1753533205758,12:33:25.758,ALCH/USDT:USDT,0.13958,32.0,0.13955,14.0,0.13972,32.0,0.13976,50.0
1753533205948,12:33:25.948,ALCH/USDT:USDT,0.13958,32.0,0.13955,14.0,0.13972,32.0,0.13976,50.0
1753533206048,12:33:26.048,ALCH/USDT:USDT,0.13958,32.0,0.13955,14.0,0.13972,32.0,0.13976,50.0
1753533206209,12:33:26.209,ALCH/USDT:USDT,0.13958,32.0,0.13955,14.0,0.13972,32.0,0.13976,50.0
1753533206308,12:33:26.308,ALCH/USDT:USDT,0.13958,32.0,0.13955,14.0,0.13972,32.0,0.13976,50.0
1753533206418,12:33:26.418,ALCH/USDT:USDT,0.13958,32.0,0.13955,14.0,0.13972,32.0,0.13976,50.0
1753533206468,12:33:26.468,ALCH/USDT:USDT,0.13958,32.0,0.13955,14.0,0.13972,32.0,0.13976,50.0
1753533206558,12:33:26.558,ALCH/USDT:USDT,0.13958,32.0,0.13955,14.0,0.13972,32.0,0.13976,50.0
1753533208026,12:33:28.026,ALCH/USDT:USDT,0.13956,31.0,0.13955,45.0,0.13972,32.0,0.13976,50.0
1753533208134,12:33:28.134,ALCH/USDT:USDT,0.13956,31.0,0.13955,45.0,0.13972,32.0,0.13976,50.0
1753533208235,12:33:28.235,ALCH/USDT:USDT,0.13956,31.0,0.13955,14.0,0.13972,32.0,0.13976,50.0
1753533208957,12:33:28.957,ALCH/USDT:USDT,0.13956,31.0,0.13955,14.0,0.13972,32.0,0.13976,50.0
1753533209544,12:33:29.544,ALCH/USDT:USDT,0.13956,31.0,0.13955,14.0,0.13972,32.0,0.13976,50.0
1753533209767,12:33:29.767,ALCH/USDT:USDT,0.13956,31.0,0.13955,14.0,0.13972,32.0,0.13976,50.0
1753533212752,12:33:32.752,ALCH/USDT:USDT,0.13956,31.0,0.13955,14.0,0.13972,32.0,0.13976,50.0
1753533217541,12:33:37.541,ALCH/USDT:USDT,0.13956,31.0,0.13955,14.0,0.13972,32.0,0.13976,50.0
1753533218168,12:33:38.168,ALCH/USDT:USDT,0.13956,31.0,0.13955,14.0,0.13972,32.0,0.13976,50.0
1753533218999,12:33:38.999,ALCH/USDT:USDT,0.13956,31.0,0.13955,14.0,0.13972,32.0,0.13976,50.0
1753533219715,12:33:39.715,ALCH/USDT:USDT,0.13956,31.0,0.13955,14.0,0.13972,32.0,0.13976,50.0
1753533220016,12:33:40.016,ALCH/USDT:USDT,0.13956,31.0,0.13955,14.0,0.13972,32.0,0.13976,50.0
1753533220812,12:33:40.812,ALCH/USDT:USDT,0.13956,31.0,0.13955,14.0,0.13972,32.0,0.13976,50.0
1753533225833,12:33:45.833,ALCH/USDT:USDT,0.13956,31.0,0.13955,14.0,0.13972,32.0,0.13976,50.0
1753533225858,12:33:45.858,ALCH/USDT:USDT,0.13956,31.0,0.13955,14.0,0.13972,32.0,0.13976,50.0
1753533226137,12:33:46.137,ALCH/USDT:USDT,0.13956,31.0,0.13955,14.0,0.13972,32.0,0.13976,50.0
1753533226161,12:33:46.161,ALCH/USDT:USDT,0.13956,31.0,0.13955,14.0,0.13972,32.0,0.13976,50.0
1753533227129,12:33:47.129,ALCH/USDT:USDT,0.13956,31.0,0.13955,14.0,0.13972,32.0,0.13976,50.0
1753533227516,12:33:47.516,ALCH/USDT:USDT,0.13956,31.0,0.13955,14.0,0.13972,32.0,0.13976,50.0
1753533227979,12:33:47.979,ALCH/USDT:USDT,0.13956,31.0,0.13955,14.0,0.13972,32.0,0.13976,50.0
1753533230187,12:33:50.187,ALCH/USDT:USDT,0.13956,31.0,0.13955,14.0,0.13972,32.0,0.13976,50.0
1753533233034,12:33:53.034,ALCH/USDT:USDT,0.13956,31.0,0.13955,14.0,0.13972,32.0,0.13976,50.0
1753533233095,12:33:53.095,ALCH/USDT:USDT,0.13956,31.0,0.13955,14.0,0.13972,32.0,0.13976,50.0
1753533234267,12:33:54.267,ALCH/USDT:USDT,0.13956,31.0,0.13955,14.0,0.13972,32.0,0.13976,50.0
1753533234989,12:33:54.989,ALCH/USDT:USDT,0.13956,31.0,0.13955,14.0,0.13972,32.0,0.13976,50.0
1753533240038,12:34:00.038,ALCH/USDT:USDT,0.13956,31.0,0.13955,14.0,0.13972,32.0,0.13976,50.0
1753533240060,12:34:00.060,ALCH/USDT:USDT,0.13956,31.0,0.13955,14.0,0.13972,32.0,0.13976,50.0
1753533241245,12:34:01.245,ALCH/USDT:USDT,0.13956,31.0,0.13955,14.0,0.13972,32.0,0.13976,50.0
1753533241901,12:34:01.901,ALCH/USDT:USDT,0.13956,31.0,0.13955,14.0,0.13972,32.0,0.13976,50.0
1753533242035,12:34:02.035,ALCH/USDT:USDT,0.13956,31.0,0.13955,14.0,0.13972,32.0,0.13976,50.0
1753533242116,12:34:02.116,ALCH/USDT:USDT,0.13956,31.0,0.13955,14.0,0.13972,32.0,0.13976,50.0
1753533242198,12:34:02.198,ALCH/USDT:USDT,0.13956,31.0,0.13955,14.0,0.13972,32.0,0.13976,50.0
1753533245015,12:34:05.015,ALCH/USDT:USDT,0.13956,31.0,0.13955,14.0,0.13972,32.0,0.13976,50.0
1753533250032,12:34:10.032,ALCH/USDT:USDT,0.13956,31.0,0.13955,14.0,0.13972,32.0,0.13976,50.0
1753533250076,12:34:10.076,ALCH/USDT:USDT,0.13956,31.0,0.13955,14.0,0.13972,32.0,0.13976,50.0
1753533250936,12:34:10.936,ALCH/USDT:USDT,0.13956,31.0,0.13955,14.0,0.13972,32.0,0.13976,50.0
1753533251290,12:34:11.290,ALCH/USDT:USDT,0.13956,31.0,0.13955,14.0,0.13972,32.0,0.13976,50.0
1753533251695,12:34:11.695,ALCH/USDT:USDT,0.13956,31.0,0.13955,14.0,0.13972,32.0,0.13976,50.0
1753533252696,12:34:12.696,ALCH/USDT:USDT,0.13956,31.0,0.13955,14.0,0.13971,31.0,0.13976,50.0
1753533252993,12:34:12.993,ALCH/USDT:USDT,0.13956,31.0,0.13955,14.0,0.13971,31.0,0.13976,50.0
1753533253676,12:34:13.676,ALCH/USDT:USDT,0.13956,31.0,0.13955,14.0,0.13971,31.0,0.13976,50.0
1753533254375,12:34:14.375,ALCH/USDT:USDT,0.13956,31.0,0.13955,14.0,0.13971,31.0,0.13976,50.0
1753533255264,12:34:15.264,ALCH/USDT:USDT,0.13956,31.0,0.13955,14.0,0.13971,31.0,0.13976,50.0
1753533255654,12:34:15.654,ALCH/USDT:USDT,0.13956,31.0,0.13955,14.0,0.13971,31.0,0.13976,50.0
1753533258026,12:34:18.026,ALCH/USDT:USDT,0.13956,31.0,0.13955,14.0,0.13971,31.0,0.13976,50.0
1753533259123,12:34:19.123,ALCH/USDT:USDT,0.13956,31.0,0.13955,14.0,0.13971,31.0,0.13976,50.0
1753533259531,12:34:19.531,ALCH/USDT:USDT,0.13956,31.0,0.13955,14.0,0.13971,31.0,0.13976,50.0
1753533259584,12:34:19.584,ALCH/USDT:USDT,0.13956,31.0,0.13955,14.0,0.13971,31.0,0.13976,50.0
1753533259665,12:34:19.665,ALCH/USDT:USDT,0.13956,31.0,0.13955,14.0,0.13971,31.0,0.13976,50.0
1753533260147,12:34:20.147,ALCH/USDT:USDT,0.13956,31.0,0.13955,14.0,0.13971,31.0,0.13976,50.0
1753533260156,12:34:20.156,ALCH/USDT:USDT,0.13956,31.0,0.13955,14.0,0.13971,31.0,0.13976,50.0
1753533260387,12:34:20.387,ALCH/USDT:USDT,0.13956,31.0,0.13955,14.0,0.13971,31.0,0.13976,50.0
1753533260520,12:34:20.520,ALCH/USDT:USDT,0.13956,31.0,0.13955,14.0,0.13971,31.0,0.13976,50.0
1753533261164,12:34:21.164,ALCH/USDT:USDT,0.13956,31.0,0.13955,14.0,0.13971,31.0,0.13976,50.0
1753533263329,12:34:23.329,ALCH/USDT:USDT,0.13956,31.0,0.13955,14.0,0.13971,31.0,0.13976,50.0
1753533263358,12:34:23.358,ALCH/USDT:USDT,0.13956,31.0,0.13955,14.0,0.13971,31.0,0.13976,50.0
1753533263747,12:34:23.747,ALCH/USDT:USDT,0.13956,31.0,0.13955,14.0,0.13971,31.0,0.13976,50.0
1753533264968,12:34:24.968,ALCH/USDT:USDT,0.13956,31.0,0.13955,14.0,0.13971,31.0,0.13976,50.0
1753533266212,12:34:26.212,ALCH/USDT:USDT,0.13956,31.0,0.13955,14.0,0.13971,31.0,0.13976,50.0
1753533266648,12:34:26.648,ALCH/USDT:USDT,0.13956,31.0,0.13955,14.0,0.13971,31.0,0.13976,50.0
1753533266677,12:34:26.677,ALCH/USDT:USDT,0.13956,31.0,0.13955,14.0,0.13971,31.0,0.13976,50.0
1753533266858,12:34:26.858,ALCH/USDT:USDT,0.13956,31.0,0.13955,14.0,0.13971,31.0,0.13976,50.0
1753533267709,12:34:27.709,ALCH/USDT:USDT,0.13956,31.0,0.13955,14.0,0.13971,31.0,0.13976,50.0
1753533268699,12:34:28.699,ALCH/USDT:USDT,0.13956,31.0,0.13955,14.0,0.13971,31.0,0.13976,50.0
1753533269727,12:34:29.727,ALCH/USDT:USDT,0.13956,31.0,0.13955,14.0,0.13971,31.0,0.13976,50.0
1753533274730,12:34:34.730,ALCH/USDT:USDT,0.13956,31.0,0.13955,14.0,0.13971,31.0,0.13976,50.0
1753533274764,12:34:34.764,ALCH/USDT:USDT,0.13956,31.0,0.13955,14.0,0.13971,31.0,0.13976,50.0
1753533277658,12:34:37.658,ALCH/USDT:USDT,0.13956,31.0,0.13955,14.0,0.13971,31.0,0.13976,50.0
1753533279908,12:34:39.908,ALCH/USDT:USDT,0.13956,31.0,0.13955,14.0,0.13971,31.0,0.13976,50.0
1753533280618,12:34:40.618,ALCH/USDT:USDT,0.13956,31.0,0.13955,14.0,0.13971,31.0,0.13976,50.0
1753533281308,12:34:41.308,ALCH/USDT:USDT,0.13956,31.0,0.13955,14.0,0.13971,31.0,0.13976,50.0
1753533283047,12:34:43.047,ALCH/USDT:USDT,0.13956,31.0,0.13955,14.0,0.13971,31.0,0.13976,50.0
1753533283858,12:34:43.858,ALCH/USDT:USDT,0.13956,31.0,0.13955,14.0,0.13971,31.0,0.13976,50.0
1753533285268,12:34:45.268,ALCH/USDT:USDT,0.13956,31.0,0.13955,14.0,0.13971,31.0,0.13976,50.0
1753533286558,12:34:46.558,ALCH/USDT:USDT,0.13956,31.0,0.13955,14.0,0.13971,31.0,0.13976,50.0
1753533286820,12:34:46.820,ALCH/USDT:USDT,0.13956,31.0,0.13955,14.0,0.13971,31.0,0.13976,50.0
1753533288858,12:34:48.858,ALCH/USDT:USDT,0.13956,31.0,0.13955,14.0,0.13971,31.0,0.13976,50.0
1753533290229,12:34:50.229,ALCH/USDT:USDT,0.13956,31.0,0.13955,14.0,0.13971,31.0,0.13976,50.0
1753533290708,12:34:50.708,ALCH/USDT:USDT,0.13956,31.0,0.13955,14.0,0.13971,31.0,0.13976,50.0
1753533295335,12:34:55.335,ALCH/USDT:USDT,0.13956,31.0,0.13955,14.0,0.13971,31.0,0.13976,50.0
1753533296426,12:34:56.426,ALCH/USDT:USDT,0.13956,31.0,0.13955,14.0,0.13971,31.0,0.13976,50.0
1753533296745,12:34:56.745,ALCH/USDT:USDT,0.13956,31.0,0.13955,14.0,0.13971,31.0,0.13976,50.0
1753533297045,12:34:57.045,ALCH/USDT:USDT,0.13956,31.0,0.13955,14.0,0.13971,31.0,0.13976,50.0
1753533297349,12:34:57.349,ALCH/USDT:USDT,0.13956,31.0,0.13955,14.0,0.13971,31.0,0.13976,50.0
1753533302374,12:35:02.374,ALCH/USDT:USDT,0.13956,31.0,0.13955,14.0,0.13971,31.0,0.13976,50.0
1753533302458,12:35:02.458,ALCH/USDT:USDT,0.13956,31.0,0.13955,14.0,0.13971,31.0,0.13976,234.0
1753533304008,12:35:04.008,ALCH/USDT:USDT,0.13956,31.0,0.13955,14.0,0.13971,31.0,0.13976,234.0
1753533304456,12:35:04.456,ALCH/USDT:USDT,0.13956,31.0,0.13955,14.0,0.13971,31.0,0.13976,234.0
1753533309021,12:35:09.021,ALCH/USDT:USDT,0.13956,31.0,0.13955,14.0,0.13971,31.0,0.13976,50.0
1753533309078,12:35:09.078,ALCH/USDT:USDT,0.13956,31.0,0.13955,14.0,0.13971,31.0,0.13976,50.0
1753533309320,12:35:09.320,ALCH/USDT:USDT,0.13956,31.0,0.13955,14.0,0.13971,31.0,0.13976,50.0
1753533310143,12:35:10.143,ALCH/USDT:USDT,0.13956,31.0,0.13955,14.0,0.13971,31.0,0.13976,50.0
1753533314192,12:35:14.192,ALCH/USDT:USDT,0.13956,31.0,0.13955,14.0,0.13971,31.0,0.13976,50.0
1753533315971,12:35:15.971,ALCH/USDT:USDT,0.13956,31.0,0.13955,14.0,0.13971,31.0,0.13976,50.0
1753533316265,12:35:16.265,ALCH/USDT:USDT,0.13956,31.0,0.13955,14.0,0.13971,31.0,0.13976,50.0
1753533318493,12:35:18.493,ALCH/USDT:USDT,0.13956,31.0,0.13955,14.0,0.13971,31.0,0.13976,50.0
1753533320146,12:35:20.146,ALCH/USDT:USDT,0.13956,31.0,0.13955,14.0,0.13971,31.0,0.13976,50.0
1753533320172,12:35:20.172,ALCH/USDT:USDT,0.13956,31.0,0.13955,14.0,0.13971,31.0,0.13976,50.0
1753533323064,12:35:23.064,ALCH/USDT:USDT,0.13956,31.0,0.13955,14.0,0.13971,31.0,0.13976,50.0
1753533328072,12:35:28.072,ALCH/USDT:USDT,0.13956,31.0,0.13955,14.0,0.13971,31.0,0.13976,50.0
1753533328162,12:35:28.162,ALCH/USDT:USDT,0.13956,31.0,0.13955,14.0,0.13971,31.0,0.13976,50.0
1753533328751,12:35:28.751,ALCH/USDT:USDT,0.13956,31.0,0.13955,14.0,0.13971,31.0,0.13976,50.0
1753533329193,12:35:29.193,ALCH/USDT:USDT,0.13956,31.0,0.13955,14.0,0.13971,31.0,0.13976,50.0
1753533329630,12:35:29.630,ALCH/USDT:USDT,0.13956,31.0,0.13955,14.0,0.13971,31.0,0.13976,50.0
1753533330220,12:35:30.220,ALCH/USDT:USDT,0.13956,31.0,0.13955,14.0,0.13971,31.0,0.13976,50.0
1753533333317,12:35:33.317,ALCH/USDT:USDT,0.13956,31.0,0.13955,14.0,0.13971,31.0,0.13976,50.0
1753533333682,12:35:33.682,ALCH/USDT:USDT,0.13956,31.0,0.13955,14.0,0.13971,31.0,0.13976,50.0
1753533336518,12:35:36.518,ALCH/USDT:USDT,0.13956,31.0,0.13955,14.0,0.13971,31.0,0.13976,50.0
1753533341552,12:35:41.552,ALCH/USDT:USDT,0.13956,31.0,0.13955,14.0,0.13971,31.0,0.13976,50.0
1753533341559,12:35:41.559,ALCH/USDT:USDT,0.13956,31.0,0.13955,14.0,0.13971,31.0,0.13976,50.0
1753533341738,12:35:41.738,ALCH/USDT:USDT,0.13956,31.0,0.13955,14.0,0.13971,31.0,0.13976,50.0
1753533345851,12:35:45.851,ALCH/USDT:USDT,0.13956,31.0,0.13955,14.0,0.13971,31.0,0.13976,50.0
1753533345876,12:35:45.876,ALCH/USDT:USDT,0.13956,31.0,0.13955,14.0,0.13971,31.0,0.13976,50.0
1753533346422,12:35:46.422,ALCH/USDT:USDT,0.13956,31.0,0.13955,14.0,0.13971,31.0,0.13976,50.0
1753533349079,12:35:49.079,ALCH/USDT:USDT,0.13956,31.0,0.13955,14.0,0.13971,31.0,0.13976,50.0
1753533350649,12:35:50.649,ALCH/USDT:USDT,0.13956,31.0,0.13955,14.0,0.13971,31.0,0.13976,50.0
1753533350771,12:35:50.771,ALCH/USDT:USDT,0.13956,31.0,0.13955,14.0,0.13971,31.0,0.13976,50.0
1753533352388,12:35:52.388,ALCH/USDT:USDT,0.13956,31.0,0.13955,14.0,0.13971,31.0,0.13976,50.0
1753533352458,12:35:52.458,ALCH/USDT:USDT,0.13956,31.0,0.13955,14.0,0.13971,31.0,0.13976,50.0
1753533355507,12:35:55.507,ALCH/USDT:USDT,0.13956,31.0,0.13955,14.0,0.13971,31.0,0.13976,50.0
1753533355938,12:35:55.938,ALCH/USDT:USDT,0.13956,31.0,0.13955,14.0,0.13971,31.0,0.13976,50.0
1753533358046,12:35:58.046,ALCH/USDT:USDT,0.13956,31.0,0.13955,14.0,0.13971,31.0,0.13976,50.0
1753533362135,12:36:02.135,ALCH/USDT:USDT,0.13956,31.0,0.13955,14.0,0.13975,32.0,0.13976,50.0
1753533362243,12:36:02.243,ALCH/USDT:USDT,0.13956,31.0,0.13955,14.0,0.13975,32.0,0.13976,50.0
1753533362290,12:36:02.290,ALCH/USDT:USDT,0.13956,31.0,0.13955,14.0,0.13975,32.0,0.13976,50.0
1753533362451,12:36:02.451,ALCH/USDT:USDT,0.13957,32.0,0.13956,50.0,0.13975,32.0,0.13976,50.0
1753533362479,12:36:02.479,ALCH/USDT:USDT,0.13958,32.0,0.13957,64.0,0.13976,50.0,0.13977,32.0
1753533362700,12:36:02.700,ALCH/USDT:USDT,0.13958,32.0,0.13957,64.0,0.13976,50.0,0.13977,32.0
1753533362796,12:36:02.796,ALCH/USDT:USDT,0.13958,32.0,0.13957,64.0,0.13975,32.0,0.13976,50.0
1753533363361,12:36:03.361,ALCH/USDT:USDT,0.13958,32.0,0.13957,14.0,0.13975,32.0,0.13976,50.0
1753533363545,12:36:03.545,ALCH/USDT:USDT,0.13958,32.0,0.13955,14.0,0.13975,32.0,0.13976,50.0
1753533363805,12:36:03.805,ALCH/USDT:USDT,0.13958,32.0,0.13955,14.0,0.13975,32.0,0.13976,50.0
1753533364218,12:36:04.218,ALCH/USDT:USDT,0.13958,32.0,0.13955,14.0,0.13975,32.0,0.13976,50.0
1753533364350,12:36:04.350,ALCH/USDT:USDT,0.13958,32.0,0.13955,14.0,0.13975,32.0,0.13981,32.0
1753533364453,12:36:04.453,ALCH/USDT:USDT,0.13959,32.0,0.13955,14.0,0.1398,32.0,0.13981,82.0
1753533364479,12:36:04.479,ALCH/USDT:USDT,0.13959,32.0,0.13955,14.0,0.13979,32.0,0.1398,82.0
1753533364633,12:36:04.633,ALCH/USDT:USDT,0.13959,32.0,0.13955,14.0,0.13979,32.0,0.1398,50.0
1753533364902,12:36:04.902,ALCH/USDT:USDT,0.13959,32.0,0.13955,14.0,0.13979,32.0,0.1398,50.0
1753533365348,12:36:05.348,ALCH/USDT:USDT,0.13959,32.0,0.13955,14.0,0.13979,32.0,0.1398,50.0
1753533365440,12:36:05.440,ALCH/USDT:USDT,0.13959,32.0,0.13955,14.0,0.13979,32.0,0.1398,50.0
1753533365459,12:36:05.459,ALCH/USDT:USDT,0.13959,32.0,0.13955,14.0,0.13979,32.0,0.1398,50.0
1753533365920,12:36:05.920,ALCH/USDT:USDT,0.13959,32.0,0.13955,14.0,0.13979,32.0,0.1398,50.0
1753533366005,12:36:06.005,ALCH/USDT:USDT,0.13959,32.0,0.13955,14.0,0.13979,32.0,0.1398,50.0
1753533366327,12:36:06.327,ALCH/USDT:USDT,0.13959,32.0,0.13955,14.0,0.13979,32.0,0.1398,50.0
1753533367004,12:36:07.004,ALCH/USDT:USDT,0.1396,31.0,0.13955,14.0,0.13979,32.0,0.1398,50.0
1753533367358,12:36:07.358,ALCH/USDT:USDT,0.1396,31.0,0.13955,14.0,0.13979,32.0,0.1398,50.0
1753533368406,12:36:08.406,ALCH/USDT:USDT,0.1396,31.0,0.13956,133.0,0.13979,32.0,0.1398,50.0
1753533368461,12:36:08.461,ALCH/USDT:USDT,0.1396,31.0,0.13957,14.0,0.13979,32.0,0.1398,50.0
1753533368562,12:36:08.562,ALCH/USDT:USDT,0.1396,31.0,0.13955,14.0,0.13979,32.0,0.1398,50.0
1753533371124,12:36:11.124,ALCH/USDT:USDT,0.13961,31.0,0.1396,36.0,0.13979,32.0,0.1398,50.0
1753533371180,12:36:11.180,ALCH/USDT:USDT,0.13962,31.0,0.13961,45.0,0.13979,32.0,0.1398,50.0
1753533371328,12:36:11.328,ALCH/USDT:USDT,0.13962,31.0,0.13961,14.0,0.13979,32.0,0.1398,50.0
1753533371400,12:36:11.400,ALCH/USDT:USDT,0.13962,31.0,0.13955,14.0,0.13979,32.0,0.1398,50.0
1753533372634,12:36:12.634,ALCH/USDT:USDT,0.13962,31.0,0.13955,14.0,0.13979,32.0,0.1398,50.0
1753533374192,12:36:14.192,ALCH/USDT:USDT,0.13962,31.0,0.13955,14.0,0.13979,32.0,0.1398,50.0
1753533374338,12:36:14.338,ALCH/USDT:USDT,0.13962,31.0,0.13955,14.0,0.13978,81.0,0.13979,32.0
1753533374376,12:36:14.376,ALCH/USDT:USDT,0.13962,31.0,0.13955,14.0,0.13977,31.0,0.13978,50.0
1753533374657,12:36:14.657,ALCH/USDT:USDT,0.13962,31.0,0.13955,14.0,0.13977,31.0,0.13978,50.0
1753533375104,12:36:15.104,ALCH/USDT:USDT,0.13962,31.0,0.13955,14.0,0.13977,31.0,0.13978,50.0
1753533375401,12:36:15.401,ALCH/USDT:USDT,0.13962,31.0,0.13955,14.0,0.13977,31.0,0.13978,50.0
1753533375541,12:36:15.541,ALCH/USDT:USDT,0.13962,31.0,0.13955,14.0,0.13977,216.0,0.13978,50.0
1753533375575,12:36:15.575,ALCH/USDT:USDT,0.13962,31.0,0.13955,14.0,0.13976,31.0,0.13977,185.0
1753533375715,12:36:15.715,ALCH/USDT:USDT,0.13962,31.0,0.13955,14.0,0.13976,31.0,0.13978,50.0
1753533376042,12:36:16.042,ALCH/USDT:USDT,0.13962,31.0,0.13955,14.0,0.13976,31.0,0.13978,50.0
1753533376077,12:36:16.077,ALCH/USDT:USDT,0.13962,31.0,0.13955,14.0,0.13976,31.0,0.13978,50.0
1753533376322,12:36:16.322,ALCH/USDT:USDT,0.13962,31.0,0.13955,14.0,0.13976,31.0,0.13978,50.0
1753533376576,12:36:16.576,ALCH/USDT:USDT,0.13962,31.0,0.13955,14.0,0.13976,31.0,0.13978,50.0
1753533377205,12:36:17.205,ALCH/USDT:USDT,0.13962,31.0,0.13955,14.0,0.13976,31.0,0.13978,50.0
1753533377565,12:36:17.565,ALCH/USDT:USDT,0.13962,31.0,0.13955,14.0,0.13976,31.0,0.13978,50.0
1753533378195,12:36:18.195,ALCH/USDT:USDT,0.13962,31.0,0.13955,14.0,0.13976,31.0,0.13978,50.0
1753533378589,12:36:18.589,ALCH/USDT:USDT,0.13962,31.0,0.13955,14.0,0.13976,31.0,0.13978,50.0
1753533378725,12:36:18.725,ALCH/USDT:USDT,0.13962,31.0,0.13955,14.0,0.13976,31.0,0.13978,50.0
1753533378759,12:36:18.759,ALCH/USDT:USDT,0.13962,31.0,0.13951,14.0,0.13976,31.0,0.13978,50.0
1753533379257,12:36:19.257,ALCH/USDT:USDT,0.13962,31.0,0.13952,50.0,0.13976,31.0,0.13978,50.0
1753533379360,12:36:19.360,ALCH/USDT:USDT,0.13962,31.0,0.13953,14.0,0.13976,31.0,0.13978,50.0
1753533379591,12:36:19.591,ALCH/USDT:USDT,0.13962,31.0,0.13953,14.0,0.13976,31.0,0.13978,50.0
1753533379784,12:36:19.784,ALCH/USDT:USDT,0.13962,31.0,0.13953,14.0,0.13976,31.0,0.13978,50.0
1753533380069,12:36:20.069,ALCH/USDT:USDT,0.13962,31.0,0.13953,14.0,0.13976,31.0,0.13978,50.0
1753533380246,12:36:20.246,ALCH/USDT:USDT,0.13962,31.0,0.13953,14.0,0.13976,31.0,0.13978,50.0
1753533380275,12:36:20.275,ALCH/USDT:USDT,0.13962,31.0,0.13952,14.0,0.13976,31.0,0.13978,50.0
1753533380373,12:36:20.373,ALCH/USDT:USDT,0.13962,31.0,0.13952,14.0,0.13976,31.0,0.13978,50.0
1753533380464,12:36:20.464,ALCH/USDT:USDT,0.13962,31.0,0.13952,14.0,0.13976,31.0,0.13978,50.0
1753533380846,12:36:20.846,ALCH/USDT:USDT,0.13962,31.0,0.13952,14.0,0.13976,31.0,0.13978,50.0
1753533381160,12:36:21.160,ALCH/USDT:USDT,0.13962,31.0,0.13952,14.0,0.13976,31.0,0.13978,50.0
1753533381301,12:36:21.301,ALCH/USDT:USDT,0.13962,31.0,0.13949,14.0,0.13976,31.0,0.13978,50.0
1753533384994,12:36:24.994,ALCH/USDT:USDT,0.13962,31.0,0.13949,14.0,0.13976,31.0,0.13978,50.0
1753533385367,12:36:25.367,ALCH/USDT:USDT,0.13962,31.0,0.13949,14.0,0.13976,31.0,0.13978,50.0
1753533386259,12:36:26.259,ALCH/USDT:USDT,0.13962,31.0,0.13949,14.0,0.13976,31.0,0.13978,50.0
1753533387354,12:36:27.354,ALCH/USDT:USDT,0.13962,31.0,0.13949,14.0,0.13976,31.0,0.13978,50.0
1753533388116,12:36:28.116,ALCH/USDT:USDT,0.13962,31.0,0.13949,14.0,0.13976,31.0,0.13978,50.0
1753533388517,12:36:28.517,ALCH/USDT:USDT,0.13952,32.0,0.13951,50.0,0.13976,31.0,0.13978,50.0
1753533388592,12:36:28.592,ALCH/USDT:USDT,0.13953,32.0,0.13952,14.0,0.13976,31.0,0.13978,50.0
1753533388993,12:36:28.993,ALCH/USDT:USDT,0.13953,32.0,0.13952,14.0,0.13976,31.0,0.13978,50.0
1753533389150,12:36:29.150,ALCH/USDT:USDT,0.13953,32.0,0.13952,14.0,0.13975,32.0,0.13976,50.0
1753533389231,12:36:29.231,ALCH/USDT:USDT,0.13954,32.0,0.13953,72.0,0.13974,32.0,0.13975,82.0
1753533389312,12:36:29.312,ALCH/USDT:USDT,0.13955,32.0,0.13954,51.0,0.13974,32.0,0.13975,50.0
1753533389411,12:36:29.411,ALCH/USDT:USDT,0.13955,32.0,0.13954,51.0,0.13974,32.0,0.13975,50.0
1753533390067,12:36:30.067,ALCH/USDT:USDT,0.13955,32.0,0.13954,51.0,0.13974,32.0,0.13978,50.0
1753533390293,12:36:30.293,ALCH/USDT:USDT,0.13955,32.0,0.13954,51.0,0.13974,32.0,0.13978,50.0
1753533390738,12:36:30.738,ALCH/USDT:USDT,0.13955,32.0,0.13954,51.0,0.13974,32.0,0.13978,50.0
1753533391498,12:36:31.498,ALCH/USDT:USDT,0.13955,32.0,0.13954,51.0,0.13974,32.0,0.13978,50.0
1753533392368,12:36:32.368,ALCH/USDT:USDT,0.13955,32.0,0.13954,51.0,0.13974,32.0,0.13978,50.0
1753533393110,12:36:33.110,ALCH/USDT:USDT,0.13955,32.0,0.13954,14.0,0.13974,32.0,0.13978,50.0
1753533393159,12:36:33.159,ALCH/USDT:USDT,0.13955,32.0,0.13949,14.0,0.13974,32.0,0.13978,50.0
1753533395921,12:36:35.921,ALCH/USDT:USDT,0.13955,32.0,0.13949,14.0,0.13974,32.0,0.13978,50.0
1753533396095,12:36:36.095,ALCH/USDT:USDT,0.13955,32.0,0.13949,14.0,0.13973,32.0,0.13978,50.0
1753533396406,12:36:36.406,ALCH/USDT:USDT,0.13955,32.0,0.13949,14.0,0.13973,32.0,0.13978,50.0
1753533398268,12:36:38.268,ALCH/USDT:USDT,0.13955,32.0,0.13949,14.0,0.13973,32.0,0.13978,50.0
1753533399022,12:36:39.022,ALCH/USDT:USDT,0.13956,32.0,0.13955,44.0,0.13973,32.0,0.13978,50.0
1753533399076,12:36:39.076,ALCH/USDT:USDT,0.13957,32.0,0.13956,14.0,0.13973,32.0,0.13978,50.0
1753533399244,12:36:39.244,ALCH/USDT:USDT,0.13957,32.0,0.13956,14.0,0.13973,32.0,0.13978,50.0
1753533399659,12:36:39.659,ALCH/USDT:USDT,0.13957,32.0,0.13956,14.0,0.13973,32.0,0.13978,50.0
1753533400081,12:36:40.081,ALCH/USDT:USDT,0.13957,32.0,0.13956,14.0,0.13973,32.0,0.13978,50.0
1753533401127,12:36:41.127,ALCH/USDT:USDT,0.13957,32.0,0.13956,14.0,0.13973,32.0,0.13978,50.0
1753533402096,12:36:42.096,ALCH/USDT:USDT,0.13957,32.0,0.13956,14.0,0.13973,32.0,0.13978,50.0
1753533402160,12:36:42.160,ALCH/USDT:USDT,0.13957,32.0,0.13949,14.0,0.13973,32.0,0.13978,50.0
1753533402398,12:36:42.398,ALCH/USDT:USDT,0.13958,32.0,0.13957,46.0,0.13973,32.0,0.13978,50.0
1753533402502,12:36:42.502,ALCH/USDT:USDT,0.13959,32.0,0.13958,14.0,0.13973,32.0,0.13978,50.0
1753533402563,12:36:42.563,ALCH/USDT:USDT,0.13959,32.0,0.13949,14.0,0.13973,32.0,0.13978,50.0
1753533403756,12:36:43.756,ALCH/USDT:USDT,0.13959,32.0,0.13949,14.0,0.13973,32.0,0.13978,50.0
1753533406879,12:36:46.879,ALCH/USDT:USDT,0.13959,32.0,0.13949,14.0,0.13973,32.0,0.13978,50.0
1753533411963,12:36:51.963,ALCH/USDT:USDT,0.13959,32.0,0.13949,14.0,0.13973,32.0,0.13978,50.0
1753533412058,12:36:52.058,ALCH/USDT:USDT,0.13959,32.0,0.13949,14.0,0.13973,32.0,0.13978,50.0
1753533412895,12:36:52.895,ALCH/USDT:USDT,0.13959,32.0,0.13949,14.0,0.13973,32.0,0.13978,50.0
1753533413792,12:36:53.792,ALCH/USDT:USDT,0.13959,32.0,0.13949,14.0,0.13973,32.0,0.13978,50.0
1753533413868,12:36:53.868,ALCH/USDT:USDT,0.13959,32.0,0.13949,14.0,0.13973,32.0,0.13978,50.0
1753533418844,12:36:58.844,ALCH/USDT:USDT,0.13959,32.0,0.13949,14.0,0.13973,32.0,0.13978,50.0
1753533418857,12:36:58.857,ALCH/USDT:USDT,0.13959,32.0,0.13949,14.0,0.13973,32.0,0.13978,50.0
1753533419725,12:36:59.725,ALCH/USDT:USDT,0.13959,32.0,0.13949,14.0,0.13973,32.0,0.13978,50.0
1753533419801,12:36:59.801,ALCH/USDT:USDT,0.13959,32.0,0.13949,14.0,0.13973,32.0,0.13978,50.0
1753533421436,12:37:01.436,ALCH/USDT:USDT,0.13959,32.0,0.13949,14.0,0.13975,32.0,0.13978,50.0
1753533422670,12:37:02.670,ALCH/USDT:USDT,0.13959,32.0,0.13949,14.0,0.13975,32.0,0.13978,50.0
1753533426553,12:37:06.553,ALCH/USDT:USDT,0.13959,32.0,0.13949,14.0,0.13975,32.0,0.13978,50.0
1753533428291,12:37:08.291,ALCH/USDT:USDT,0.13959,32.0,0.13949,14.0,0.13975,32.0,0.13978,50.0
1753533428943,12:37:08.943,ALCH/USDT:USDT,0.13959,32.0,0.13949,14.0,0.13975,32.0,0.13978,50.0
1753533431618,12:37:11.618,ALCH/USDT:USDT,0.13959,32.0,0.1395,213.0,0.13975,32.0,0.13978,50.0
1753533431676,12:37:11.676,ALCH/USDT:USDT,0.13959,32.0,0.13951,96.0,0.13975,32.0,0.13978,50.0
1753533432543,12:37:12.543,ALCH/USDT:USDT,0.13959,32.0,0.13951,96.0,0.13978,50.0,0.13979,32.0
1753533432607,12:37:12.607,ALCH/USDT:USDT,0.13959,32.0,0.13951,96.0,0.13978,50.0,0.13979,32.0
1753533432748,12:37:12.748,ALCH/USDT:USDT,0.13962,32.0,0.13961,50.0,0.13978,50.0,0.1398,50.0
1753533432848,12:37:12.848,ALCH/USDT:USDT,0.13963,32.0,0.13962,46.0,0.13978,50.0,0.1398,50.0
1753533432915,12:37:12.915,ALCH/USDT:USDT,0.13963,32.0,0.13962,14.0,0.13978,50.0,0.1398,50.0
1753533433247,12:37:13.247,ALCH/USDT:USDT,0.13963,32.0,0.13962,14.0,0.13978,50.0,0.1398,50.0
1753533433348,12:37:13.348,ALCH/USDT:USDT,0.13964,32.0,0.13962,14.0,0.13978,50.0,0.1398,50.0
1753533433618,12:37:13.618,ALCH/USDT:USDT,0.13964,32.0,0.13962,14.0,0.1398,50.0,0.13981,32.0
1753533434056,12:37:14.056,ALCH/USDT:USDT,0.13964,32.0,0.13962,14.0,0.1398,50.0,0.13981,32.0
1753533434186,12:37:14.186,ALCH/USDT:USDT,0.13964,32.0,0.13962,14.0,0.1398,50.0,0.13981,32.0
1753533434558,12:37:14.558,ALCH/USDT:USDT,0.13964,32.0,0.13962,14.0,0.1398,50.0,0.13981,32.0
1753533434898,12:37:14.898,ALCH/USDT:USDT,0.13965,32.0,0.13962,14.0,0.1398,50.0,0.13981,32.0
1753533435338,12:37:15.338,ALCH/USDT:USDT,0.13965,32.0,0.13962,14.0,0.1398,50.0,0.13981,32.0
1753533435706,12:37:15.706,ALCH/USDT:USDT,0.13965,32.0,0.13962,14.0,0.1398,50.0,0.13981,32.0
1753533436181,12:37:16.181,ALCH/USDT:USDT,0.13965,32.0,0.13962,14.0,0.13979,32.0,0.1398,50.0
1753533436318,12:37:16.318,ALCH/USDT:USDT,0.13965,32.0,0.13962,14.0,0.13979,32.0,0.1398,50.0
1753533436536,12:37:16.536,ALCH/USDT:USDT,0.13965,32.0,0.13962,14.0,0.13979,32.0,0.1398,50.0
1753533437746,12:37:17.746,ALCH/USDT:USDT,0.13965,32.0,0.13962,14.0,0.13979,32.0,0.1398,50.0
1753533437948,12:37:17.948,ALCH/USDT:USDT,0.13965,32.0,0.13962,14.0,0.13979,32.0,0.1398,50.0
1753533437999,12:37:17.999,ALCH/USDT:USDT,0.13965,32.0,0.13962,14.0,0.13979,32.0,0.1398,50.0
1753533438324,12:37:18.324,ALCH/USDT:USDT,0.13965,32.0,0.13962,14.0,0.13979,32.0,0.1398,50.0
1753533438534,12:37:18.534,ALCH/USDT:USDT,0.13965,32.0,0.13962,14.0,0.13988,32.0,0.1399,50.0
1753533438598,12:37:18.598,ALCH/USDT:USDT,0.13965,32.0,0.13962,14.0,0.13985,82.0,0.13986,50.0
1753533438698,12:37:18.698,ALCH/USDT:USDT,0.13965,32.0,0.13962,14.0,0.13984,32.0,0.13985,50.0
1753533438849,12:37:18.849,ALCH/USDT:USDT,0.13965,32.0,0.13962,14.0,0.13984,32.0,0.13985,50.0
1753533438917,12:37:18.917,ALCH/USDT:USDT,0.13965,32.0,0.13962,14.0,0.13984,32.0,0.13985,50.0
1753533438987,12:37:18.987,ALCH/USDT:USDT,0.13965,32.0,0.13962,14.0,0.13984,32.0,0.13985,50.0
1753533439208,12:37:19.208,ALCH/USDT:USDT,0.13965,32.0,0.13962,14.0,0.13984,32.0,0.13985,50.0
1753533439578,12:37:19.578,ALCH/USDT:USDT,0.13965,32.0,0.13962,14.0,0.13984,32.0,0.13985,50.0
1753533439742,12:37:19.742,ALCH/USDT:USDT,0.13965,32.0,0.13962,14.0,0.13984,32.0,0.13985,50.0
1753533439848,12:37:19.848,ALCH/USDT:USDT,0.13965,32.0,0.13962,14.0,0.13984,32.0,0.13985,50.0
1753533439898,12:37:19.898,ALCH/USDT:USDT,0.13965,32.0,0.13962,14.0,0.13984,32.0,0.13985,50.0
1753533439953,12:37:19.953,ALCH/USDT:USDT,0.13965,32.0,0.13962,14.0,0.13984,32.0,0.13985,50.0
1753533440144,12:37:20.144,ALCH/USDT:USDT,0.13965,32.0,0.13962,14.0,0.13984,32.0,0.13985,50.0
1753533441280,12:37:21.280,ALCH/USDT:USDT,0.13965,32.0,0.13962,14.0,0.13983,32.0,0.13984,15.0
1753533441635,12:37:21.635,ALCH/USDT:USDT,0.13965,32.0,0.13962,14.0,0.13983,32.0,0.13985,50.0
1753533441715,12:37:21.715,ALCH/USDT:USDT,0.13965,32.0,0.13962,14.0,0.13982,32.0,0.13985,50.0
1753533441848,12:37:21.848,ALCH/USDT:USDT,0.13965,32.0,0.13962,14.0,0.13982,32.0,0.13985,50.0
1753533442666,12:37:22.666,ALCH/USDT:USDT,0.13965,32.0,0.13962,14.0,0.13982,32.0,0.13985,50.0
1753533442808,12:37:22.808,ALCH/USDT:USDT,0.13965,32.0,0.13962,14.0,0.13982,32.0,0.13985,50.0
1753533443082,12:37:23.082,ALCH/USDT:USDT,0.13965,32.0,0.13962,14.0,0.13982,32.0,0.13985,50.0
1753533443619,12:37:23.619,ALCH/USDT:USDT,0.13965,32.0,0.13962,14.0,0.13982,32.0,0.13985,50.0
1753533443676,12:37:23.676,ALCH/USDT:USDT,0.13966,32.0,0.13962,14.0,0.13982,32.0,0.13985,50.0
1753533443928,12:37:23.928,ALCH/USDT:USDT,0.13966,32.0,0.13962,14.0,0.13982,32.0,0.13985,50.0
1753533443994,12:37:23.994,ALCH/USDT:USDT,0.13966,32.0,0.13962,14.0,0.13982,32.0,0.13985,50.0
1753533444218,12:37:24.218,ALCH/USDT:USDT,0.13966,32.0,0.13962,14.0,0.13982,32.0,0.13985,50.0
1753533444526,12:37:24.526,ALCH/USDT:USDT,0.13966,32.0,0.13962,14.0,0.13982,32.0,0.13985,50.0
1753533444619,12:37:24.619,ALCH/USDT:USDT,0.13966,32.0,0.13962,14.0,0.13982,32.0,0.13985,50.0
1753533444741,12:37:24.741,ALCH/USDT:USDT,0.13966,32.0,0.13962,14.0,0.13982,32.0,0.13985,50.0
1753533444903,12:37:24.903,ALCH/USDT:USDT,0.13966,32.0,0.13962,14.0,0.13982,32.0,0.13985,50.0
1753533445001,12:37:25.001,ALCH/USDT:USDT,0.13966,32.0,0.13962,14.0,0.13982,32.0,0.13985,50.0
1753533445059,12:37:25.059,ALCH/USDT:USDT,0.13966,32.0,0.13962,14.0,0.13982,32.0,0.13985,50.0
1753533445178,12:37:25.178,ALCH/USDT:USDT,0.13966,32.0,0.13962,14.0,0.13982,32.0,0.13985,50.0
1753533445550,12:37:25.550,ALCH/USDT:USDT,0.13966,32.0,0.13962,14.0,0.13982,32.0,0.13985,50.0
1753533445612,12:37:25.612,ALCH/USDT:USDT,0.13966,32.0,0.13962,14.0,0.13982,32.0,0.13985,50.0
1753533446047,12:37:26.047,ALCH/USDT:USDT,0.13966,32.0,0.13962,14.0,0.13982,32.0,0.13985,50.0
1753533446082,12:37:26.082,ALCH/USDT:USDT,0.13967,32.0,0.13962,14.0,0.13982,32.0,0.13985,50.0
1753533446469,12:37:26.469,ALCH/USDT:USDT,0.13967,32.0,0.13962,14.0,0.13982,32.0,0.13985,50.0
1753533446828,12:37:26.828,ALCH/USDT:USDT,0.13967,32.0,0.13962,14.0,0.13982,32.0,0.13985,50.0
1753533446999,12:37:26.999,ALCH/USDT:USDT,0.13967,32.0,0.13962,14.0,0.13982,32.0,0.13985,50.0
1753533448386,12:37:28.386,ALCH/USDT:USDT,0.13967,32.0,0.13962,14.0,0.13982,32.0,0.13985,50.0
1753533450304,12:37:30.304,ALCH/USDT:USDT,0.13967,32.0,0.13962,14.0,0.13982,32.0,0.13985,50.0
1753533450358,12:37:30.358,ALCH/USDT:USDT,0.13967,32.0,0.13962,14.0,0.13982,32.0,0.13985,50.0
1753533450951,12:37:30.951,ALCH/USDT:USDT,0.13967,32.0,0.13962,14.0,0.13982,32.0,0.13985,50.0
1753533451047,12:37:31.047,ALCH/USDT:USDT,0.13967,32.0,0.13962,14.0,0.13982,32.0,0.13985,50.0
1753533451060,12:37:31.060,ALCH/USDT:USDT,0.13967,32.0,0.13962,14.0,0.13982,32.0,0.13985,50.0
1753533451868,12:37:31.868,ALCH/USDT:USDT,0.13967,32.0,0.13962,14.0,0.13982,32.0,0.13985,50.0
1753533452098,12:37:32.098,ALCH/USDT:USDT,0.13967,32.0,0.13962,14.0,0.13982,32.0,0.13985,50.0
1753533452538,12:37:32.538,ALCH/USDT:USDT,0.13967,32.0,0.13962,14.0,0.13982,32.0,0.13985,50.0
1753533453163,12:37:33.163,ALCH/USDT:USDT,0.13967,32.0,0.13962,14.0,0.13982,32.0,0.13985,50.0
1753533458169,12:37:38.169,ALCH/USDT:USDT,0.13967,32.0,0.13962,14.0,0.13982,32.0,0.13985,50.0
1753533458257,12:37:38.257,ALCH/USDT:USDT,0.13967,32.0,0.13962,14.0,0.13982,32.0,0.13985,50.0
1753533458429,12:37:38.429,ALCH/USDT:USDT,0.13967,32.0,0.13962,14.0,0.13982,32.0,0.13985,50.0
1753533458456,12:37:38.456,ALCH/USDT:USDT,0.13967,32.0,0.13962,14.0,0.13982,32.0,0.13985,50.0
1753533459331,12:37:39.331,ALCH/USDT:USDT,0.13967,32.0,0.13962,14.0,0.13982,32.0,0.13985,50.0
1753533459840,12:37:39.840,ALCH/USDT:USDT,0.13967,32.0,0.13962,14.0,0.13982,32.0,0.13985,50.0
1753533461662,12:37:41.662,ALCH/USDT:USDT,0.13967,32.0,0.13962,14.0,0.13982,32.0,0.13985,50.0
1753533461948,12:37:41.948,ALCH/USDT:USDT,0.13967,32.0,0.13962,14.0,0.13982,32.0,0.13985,50.0
1753533463615,12:37:43.615,ALCH/USDT:USDT,0.13967,32.0,0.13962,14.0,0.13982,32.0,0.13985,50.0
1753533464080,12:37:44.080,ALCH/USDT:USDT,0.13967,32.0,0.13962,14.0,0.13982,32.0,0.13985,50.0
1753533466048,12:37:46.048,ALCH/USDT:USDT,0.13967,32.0,0.13962,14.0,0.13982,32.0,0.13985,50.0
1753533466140,12:37:46.140,ALCH/USDT:USDT,0.13967,32.0,0.13962,14.0,0.13982,32.0,0.13985,50.0
1753533466179,12:37:46.179,ALCH/USDT:USDT,0.13967,32.0,0.13962,14.0,0.13982,32.0,0.13985,50.0
1753533467836,12:37:47.836,ALCH/USDT:USDT,0.13967,32.0,0.13962,14.0,0.13982,32.0,0.13985,50.0
1753533467940,12:37:47.940,ALCH/USDT:USDT,0.13967,32.0,0.13962,14.0,0.13982,32.0,0.13985,50.0
1753533467994,12:37:47.994,ALCH/USDT:USDT,0.13967,32.0,0.13962,14.0,0.13982,32.0,0.13985,50.0
1753533468215,12:37:48.215,ALCH/USDT:USDT,0.13967,32.0,0.13962,14.0,0.13982,32.0,0.13985,50.0
1753533468512,12:37:48.512,ALCH/USDT:USDT,0.13967,32.0,0.13962,14.0,0.13982,32.0,0.13985,50.0
1753533469501,12:37:49.501,ALCH/USDT:USDT,0.13967,32.0,0.13962,14.0,0.13982,32.0,0.13985,50.0
1753533470439,12:37:50.439,ALCH/USDT:USDT,0.13967,32.0,0.13962,14.0,0.13982,32.0,0.13985,50.0
1753533471438,12:37:51.438,ALCH/USDT:USDT,0.13967,32.0,0.13962,14.0,0.13982,32.0,0.13985,50.0
1753533472248,12:37:52.248,ALCH/USDT:USDT,0.13967,32.0,0.13962,14.0,0.13982,32.0,0.13985,50.0
1753533472259,12:37:52.259,ALCH/USDT:USDT,0.13967,32.0,0.13962,14.0,0.13982,32.0,0.13985,50.0
1753533472798,12:37:52.798,ALCH/USDT:USDT,0.13967,32.0,0.13962,14.0,0.13982,32.0,0.13985,50.0
1753533473220,12:37:53.220,ALCH/USDT:USDT,0.13967,32.0,0.13962,14.0,0.13982,32.0,0.13985,50.0
1753533475351,12:37:55.351,ALCH/USDT:USDT,0.13967,32.0,0.13962,14.0,0.13982,32.0,0.13985,50.0
1753533475425,12:37:55.425,ALCH/USDT:USDT,0.13967,32.0,0.13962,14.0,0.13982,32.0,0.13985,50.0
1753533475457,12:37:55.457,ALCH/USDT:USDT,0.13967,32.0,0.13962,14.0,0.13982,32.0,0.13985,50.0
1753533477128,12:37:57.128,ALCH/USDT:USDT,0.13967,32.0,0.13962,14.0,0.13982,32.0,0.13985,50.0
1753533477205,12:37:57.205,ALCH/USDT:USDT,0.13967,32.0,0.13962,14.0,0.13982,32.0,0.13985,50.0
1753533477315,12:37:57.315,ALCH/USDT:USDT,0.13967,32.0,0.13962,14.0,0.13982,32.0,0.13985,50.0
1753533477649,12:37:57.649,ALCH/USDT:USDT,0.13967,32.0,0.13962,14.0,0.13982,32.0,0.13985,50.0
1753533478056,12:37:58.056,ALCH/USDT:USDT,0.13967,32.0,0.13962,14.0,0.13982,32.0,0.13985,50.0
1753533478203,12:37:58.203,ALCH/USDT:USDT,0.13967,32.0,0.13962,14.0,0.13982,32.0,0.13985,50.0
1753533478551,12:37:58.551,ALCH/USDT:USDT,0.13967,32.0,0.13962,14.0,0.13982,32.0,0.13985,50.0
1753533478575,12:37:58.575,ALCH/USDT:USDT,0.13967,32.0,0.13962,14.0,0.13982,32.0,0.13985,50.0
1753533479189,12:37:59.189,ALCH/USDT:USDT,0.13967,32.0,0.13962,14.0,0.13982,32.0,0.13985,50.0
1753533479639,12:37:59.639,ALCH/USDT:USDT,0.13967,32.0,0.13962,14.0,0.13982,32.0,0.13985,50.0
1753533480209,12:38:00.209,ALCH/USDT:USDT,0.13967,32.0,0.13962,14.0,0.13982,32.0,0.13985,50.0
1753533480718,12:38:00.718,ALCH/USDT:USDT,0.13967,32.0,0.13962,14.0,0.13982,32.0,0.13985,50.0
1753533480778,12:38:00.778,ALCH/USDT:USDT,0.13967,32.0,0.13962,14.0,0.13982,32.0,0.13985,50.0
1753533481387,12:38:01.387,ALCH/USDT:USDT,0.13967,32.0,0.13962,14.0,0.13982,32.0,0.13985,50.0
1753533483868,12:38:03.868,ALCH/USDT:USDT,0.13967,32.0,0.13962,14.0,0.13982,32.0,0.13985,50.0
1753533484444,12:38:04.444,ALCH/USDT:USDT,0.13967,32.0,0.13962,14.0,0.13982,32.0,0.13985,50.0
1753533484479,12:38:04.479,ALCH/USDT:USDT,0.13967,32.0,0.13962,14.0,0.13982,32.0,0.13985,50.0
1753533485065,12:38:05.065,ALCH/USDT:USDT,0.13967,32.0,0.13962,14.0,0.13982,32.0,0.13985,50.0
1753533485928,12:38:05.928,ALCH/USDT:USDT,0.13967,32.0,0.13962,14.0,0.13982,32.0,0.13985,50.0
1753533486621,12:38:06.621,ALCH/USDT:USDT,0.13967,32.0,0.13962,14.0,0.13982,32.0,0.13985,50.0
1753533487213,12:38:07.213,ALCH/USDT:USDT,0.13967,32.0,0.13962,14.0,0.13982,32.0,0.13985,50.0
1753533487516,12:38:07.516,ALCH/USDT:USDT,0.13967,32.0,0.13962,14.0,0.13982,32.0,0.13985,50.0
1753533487596,12:38:07.596,ALCH/USDT:USDT,0.13967,32.0,0.13962,14.0,0.13982,32.0,0.13985,50.0
1753533487656,12:38:07.656,ALCH/USDT:USDT,0.13967,32.0,0.13962,14.0,0.13982,32.0,0.13985,50.0
1753533488618,12:38:08.618,ALCH/USDT:USDT,0.13967,32.0,0.13962,14.0,0.13982,32.0,0.13985,50.0
1753533488690,12:38:08.690,ALCH/USDT:USDT,0.13967,32.0,0.13962,14.0,0.13982,32.0,0.13985,50.0
1753533488992,12:38:08.992,ALCH/USDT:USDT,0.13967,32.0,0.13962,14.0,0.13982,32.0,0.13985,50.0
1753533489165,12:38:09.165,ALCH/USDT:USDT,0.13967,32.0,0.13962,14.0,0.13982,32.0,0.13985,50.0
1753533489550,12:38:09.550,ALCH/USDT:USDT,0.13967,32.0,0.13962,14.0,0.13982,32.0,0.13985,50.0
1753533489652,12:38:09.652,ALCH/USDT:USDT,0.13967,32.0,0.13962,14.0,0.13982,32.0,0.13985,50.0
1753533489714,12:38:09.714,ALCH/USDT:USDT,0.13967,32.0,0.13962,14.0,0.13982,32.0,0.13985,50.0
1753533489841,12:38:09.841,ALCH/USDT:USDT,0.13967,32.0,0.13962,14.0,0.13982,32.0,0.13985,50.0
1753533489946,12:38:09.946,ALCH/USDT:USDT,0.13967,32.0,0.13962,14.0,0.13982,32.0,0.13985,50.0
1753533490048,12:38:10.048,ALCH/USDT:USDT,0.13967,32.0,0.13962,14.0,0.13982,32.0,0.13985,50.0
1753533490186,12:38:10.186,ALCH/USDT:USDT,0.13967,32.0,0.13962,14.0,0.13982,32.0,0.13985,50.0
1753533490347,12:38:10.347,ALCH/USDT:USDT,0.13967,32.0,0.13962,14.0,0.13982,32.0,0.13985,50.0
1753533490450,12:38:10.450,ALCH/USDT:USDT,0.13967,32.0,0.13962,14.0,0.13982,32.0,0.13985,50.0
1753533490518,12:38:10.518,ALCH/USDT:USDT,0.13967,32.0,0.13962,14.0,0.13982,32.0,0.13985,50.0
1753533490602,12:38:10.602,ALCH/USDT:USDT,0.13967,32.0,0.13962,14.0,0.13982,32.0,0.13985,50.0
1753533490816,12:38:10.816,ALCH/USDT:USDT,0.13967,32.0,0.13962,14.0,0.13982,32.0,0.13985,50.0
1753533490938,12:38:10.938,ALCH/USDT:USDT,0.13967,32.0,0.13962,14.0,0.13982,32.0,0.13985,50.0
1753533490956,12:38:10.956,ALCH/USDT:USDT,0.13967,32.0,0.13962,14.0,0.13982,32.0,0.13985,50.0
1753533491151,12:38:11.151,ALCH/USDT:USDT,0.13967,32.0,0.13962,14.0,0.13982,32.0,0.13985,50.0
1753533491205,12:38:11.205,ALCH/USDT:USDT,0.13967,32.0,0.13962,14.0,0.13982,32.0,0.13985,50.0
1753533491328,12:38:11.328,ALCH/USDT:USDT,0.13967,32.0,0.13962,14.0,0.13982,32.0,0.13985,50.0
1753533491438,12:38:11.438,ALCH/USDT:USDT,0.13967,32.0,0.13962,14.0,0.13982,32.0,0.13985,50.0
1753533491595,12:38:11.595,ALCH/USDT:USDT,0.13967,32.0,0.13962,14.0,0.13982,32.0,0.13985,50.0
1753533491747,12:38:11.747,ALCH/USDT:USDT,0.13967,32.0,0.13962,14.0,0.13982,32.0,0.13985,50.0
1753533491794,12:38:11.794,ALCH/USDT:USDT,0.13967,32.0,0.13962,14.0,0.13982,32.0,0.13985,50.0
1753533492135,12:38:12.135,ALCH/USDT:USDT,0.13967,32.0,0.13962,14.0,0.13982,32.0,0.13985,50.0
1753533492196,12:38:12.196,ALCH/USDT:USDT,0.13967,32.0,0.13962,14.0,0.13982,32.0,0.13985,50.0
1753533492505,12:38:12.505,ALCH/USDT:USDT,0.13967,32.0,0.13962,14.0,0.13982,32.0,0.13985,50.0
1753533492848,12:38:12.848,ALCH/USDT:USDT,0.13967,32.0,0.13962,14.0,0.13982,32.0,0.13985,50.0
1753533492855,12:38:12.855,ALCH/USDT:USDT,0.13967,32.0,0.13962,14.0,0.13982,32.0,0.13985,50.0
1753533493526,12:38:13.526,ALCH/USDT:USDT,0.13967,32.0,0.13962,14.0,0.13982,32.0,0.13985,50.0
1753533493618,12:38:13.618,ALCH/USDT:USDT,0.13967,32.0,0.13962,14.0,0.13982,32.0,0.13985,50.0
1753533493747,12:38:13.747,ALCH/USDT:USDT,0.13967,32.0,0.13962,14.0,0.13982,32.0,0.13985,50.0
1753533493838,12:38:13.838,ALCH/USDT:USDT,0.13967,32.0,0.13962,14.0,0.13982,32.0,0.13985,50.0
1753533493898,12:38:13.898,ALCH/USDT:USDT,0.13967,32.0,0.13962,14.0,0.13982,32.0,0.13985,50.0
1753533494008,12:38:14.008,ALCH/USDT:USDT,0.13967,32.0,0.13962,14.0,0.13982,32.0,0.13985,50.0
1753533494139,12:38:14.139,ALCH/USDT:USDT,0.13967,32.0,0.13962,14.0,0.13982,32.0,0.13985,50.0
1753533494171,12:38:14.171,ALCH/USDT:USDT,0.13967,32.0,0.13962,14.0,0.13982,32.0,0.13985,50.0
1753533494844,12:38:14.844,ALCH/USDT:USDT,0.13967,32.0,0.13962,14.0,0.13982,32.0,0.13985,50.0
1753533494934,12:38:14.934,ALCH/USDT:USDT,0.13967,32.0,0.13962,14.0,0.13982,32.0,0.13985,50.0
1753533494988,12:38:14.988,ALCH/USDT:USDT,0.13967,32.0,0.13962,14.0,0.13982,32.0,0.13985,50.0
1753533495141,12:38:15.141,ALCH/USDT:USDT,0.13967,32.0,0.13962,14.0,0.13982,32.0,0.13985,50.0
1753533495187,12:38:15.187,ALCH/USDT:USDT,0.13967,32.0,0.13962,14.0,0.13982,32.0,0.13985,50.0
1753533495256,12:38:15.256,ALCH/USDT:USDT,0.13967,32.0,0.13962,14.0,0.13982,32.0,0.13985,50.0
1753533496421,12:38:16.421,ALCH/USDT:USDT,0.13967,32.0,0.13962,14.0,0.13982,32.0,0.13985,50.0
1753533496528,12:38:16.528,ALCH/USDT:USDT,0.13967,32.0,0.13962,14.0,0.13982,32.0,0.13985,50.0
1753533497237,12:38:17.237,ALCH/USDT:USDT,0.13963,32.0,0.13962,14.0,0.13982,32.0,0.13985,50.0
1753533497750,12:38:17.750,ALCH/USDT:USDT,0.13963,32.0,0.13962,14.0,0.13982,48.0,0.13985,50.0
1753533497757,12:38:17.757,ALCH/USDT:USDT,0.13963,32.0,0.13962,14.0,0.13981,32.0,0.13982,16.0
1753533498251,12:38:18.251,ALCH/USDT:USDT,0.13963,32.0,0.13962,14.0,0.13981,48.0,0.13985,50.0
1753533498279,12:38:18.279,ALCH/USDT:USDT,0.13963,32.0,0.13962,14.0,0.1398,32.0,0.13984,32.0
1753533498436,12:38:18.436,ALCH/USDT:USDT,0.13963,32.0,0.13962,14.0,0.13983,32.0,0.13984,16.0
1753533498640,12:38:18.640,ALCH/USDT:USDT,0.13963,32.0,0.13962,14.0,0.13983,32.0,0.13984,16.0
1753533498940,12:38:18.940,ALCH/USDT:USDT,0.13963,32.0,0.13962,14.0,0.13982,82.0,0.13983,50.0
1753533499018,12:38:19.018,ALCH/USDT:USDT,0.13963,32.0,0.13962,14.0,0.1398,32.0,0.13981,50.0
1753533499839,12:38:19.839,ALCH/USDT:USDT,0.13963,32.0,0.13962,14.0,0.1398,32.0,0.13981,50.0
1753533499964,12:38:19.964,ALCH/USDT:USDT,0.13963,32.0,0.13962,14.0,0.1398,32.0,0.13982,50.0
1753533500256,12:38:20.256,ALCH/USDT:USDT,0.13963,32.0,0.13962,14.0,0.1398,32.0,0.13982,50.0
1753533500811,12:38:20.811,ALCH/USDT:USDT,0.13963,32.0,0.13962,14.0,0.1398,32.0,0.13983,50.0
1753533501079,12:38:21.079,ALCH/USDT:USDT,0.13963,32.0,0.13962,14.0,0.1398,32.0,0.13983,50.0
1753533501905,12:38:21.905,ALCH/USDT:USDT,0.13963,32.0,0.13962,14.0,0.1398,32.0,0.13983,50.0
1753533502071,12:38:22.071,ALCH/USDT:USDT,0.13963,32.0,0.13962,14.0,0.1398,32.0,0.13983,50.0
1753533504452,12:38:24.452,ALCH/USDT:USDT,0.13963,32.0,0.13962,14.0,0.1398,32.0,0.13983,50.0
1753533505253,12:38:25.253,ALCH/USDT:USDT,0.13963,32.0,0.13962,14.0,0.1398,32.0,0.13983,50.0
1753533507588,12:38:27.588,ALCH/USDT:USDT,0.13963,32.0,0.13962,14.0,0.1398,32.0,0.13983,50.0
1753533508138,12:38:28.138,ALCH/USDT:USDT,0.13963,32.0,0.13962,14.0,0.1398,32.0,0.13983,50.0
1753533508448,12:38:28.448,ALCH/USDT:USDT,0.13963,32.0,0.13962,14.0,0.1398,32.0,0.13983,50.0
1753533508722,12:38:28.722,ALCH/USDT:USDT,0.13963,32.0,0.13962,14.0,0.1398,32.0,0.13983,50.0
1753533509006,12:38:29.006,ALCH/USDT:USDT,0.13963,32.0,0.13962,14.0,0.1398,32.0,0.13983,50.0
1753533509711,12:38:29.711,ALCH/USDT:USDT,0.13963,32.0,0.13962,14.0,0.1398,32.0,0.13983,50.0
1753533514748,12:38:34.748,ALCH/USDT:USDT,0.13963,32.0,0.13962,14.0,0.1398,32.0,0.13983,50.0
1753533514839,12:38:34.839,ALCH/USDT:USDT,0.13963,32.0,0.13962,14.0,0.1398,32.0,0.13983,50.0
1753533514944,12:38:34.944,ALCH/USDT:USDT,0.13963,32.0,0.13962,14.0,0.1398,32.0,0.13983,50.0
1753533514960,12:38:34.960,ALCH/USDT:USDT,0.13963,32.0,0.13962,14.0,0.1398,32.0,0.13983,50.0
1753533515117,12:38:35.117,ALCH/USDT:USDT,0.13963,32.0,0.13962,14.0,0.1398,32.0,0.13983,50.0
1753533515178,12:38:35.178,ALCH/USDT:USDT,0.13963,32.0,0.13962,14.0,0.1398,32.0,0.13983,50.0
1753533515335,12:38:35.335,ALCH/USDT:USDT,0.13963,32.0,0.13962,14.0,0.1398,32.0,0.13983,50.0
1753533515678,12:38:35.678,ALCH/USDT:USDT,0.13963,32.0,0.13962,14.0,0.1398,32.0,0.13983,50.0
1753533516541,12:38:36.541,ALCH/USDT:USDT,0.13963,32.0,0.13962,14.0,0.1398,32.0,0.13983,50.0
1753533516628,12:38:36.628,ALCH/USDT:USDT,0.13963,32.0,0.13962,14.0,0.1398,32.0,0.13983,50.0
1753533517157,12:38:37.157,ALCH/USDT:USDT,0.13963,32.0,0.13962,14.0,0.1398,32.0,0.13983,50.0
1753533517375,12:38:37.375,ALCH/USDT:USDT,0.13963,32.0,0.13962,14.0,0.1398,32.0,0.13983,50.0
1753533517828,12:38:37.828,ALCH/USDT:USDT,0.13963,32.0,0.13962,14.0,0.1398,32.0,0.13983,50.0
1753533517939,12:38:37.939,ALCH/USDT:USDT,0.13963,32.0,0.13962,14.0,0.1398,32.0,0.13983,50.0
1753533518286,12:38:38.286,ALCH/USDT:USDT,0.13963,32.0,0.13962,14.0,0.1398,32.0,0.13983,50.0
1753533518742,12:38:38.742,ALCH/USDT:USDT,0.13963,32.0,0.13962,14.0,0.1398,32.0,0.13983,50.0
1753533518787,12:38:38.787,ALCH/USDT:USDT,0.13963,32.0,0.13962,14.0,0.1398,32.0,0.13983,50.0
1753533519583,12:38:39.583,ALCH/USDT:USDT,0.13963,32.0,0.13962,14.0,0.1398,32.0,0.13983,50.0
1753533523827,12:38:43.827,ALCH/USDT:USDT,0.13963,32.0,0.13962,14.0,0.1398,32.0,0.13983,50.0
1753533528019,12:38:48.019,ALCH/USDT:USDT,0.13963,32.0,0.13962,14.0,0.1398,32.0,0.13983,50.0
1753533528147,12:38:48.147,ALCH/USDT:USDT,0.13963,32.0,0.13962,14.0,0.1398,32.0,0.13983,50.0
1753533529934,12:38:49.934,ALCH/USDT:USDT,0.13963,32.0,0.13962,14.0,0.1398,32.0,0.13983,50.0
1753533530042,12:38:50.042,ALCH/USDT:USDT,0.13963,32.0,0.13962,14.0,0.1398,32.0,0.13983,50.0
1753533530097,12:38:50.097,ALCH/USDT:USDT,0.13963,32.0,0.13962,14.0,0.1398,32.0,0.13983,50.0
1753533530477,12:38:50.477,ALCH/USDT:USDT,0.13963,32.0,0.13962,14.0,0.1398,32.0,0.13983,50.0
1753533535168,12:38:55.168,ALCH/USDT:USDT,0.13963,32.0,0.13962,14.0,0.1398,32.0,0.13983,50.0
1753533538715,12:38:58.715,ALCH/USDT:USDT,0.13963,32.0,0.13962,14.0,0.1398,32.0,0.13983,50.0
1753533539983,12:38:59.983,ALCH/USDT:USDT,0.13963,32.0,0.13962,14.0,0.1398,32.0,0.13983,50.0
1753533540198,12:39:00.198,ALCH/USDT:USDT,0.13963,32.0,0.13962,14.0,0.1398,32.0,0.13983,50.0
1753533542538,12:39:02.538,ALCH/USDT:USDT,0.13963,32.0,0.13962,14.0,0.1398,32.0,0.13983,50.0
1753533542578,12:39:02.578,ALCH/USDT:USDT,0.13963,32.0,0.13962,14.0,0.1398,32.0,0.13983,50.0
1753533546932,12:39:06.932,ALCH/USDT:USDT,0.13963,32.0,0.13962,14.0,0.1398,32.0,0.13983,50.0
1753533547438,12:39:07.438,ALCH/USDT:USDT,0.13963,32.0,0.13962,14.0,0.1398,32.0,0.13983,50.0
1753533547828,12:39:07.828,ALCH/USDT:USDT,0.13963,32.0,0.13962,14.0,0.1398,32.0,0.13983,50.0
1753533549328,12:39:09.328,ALCH/USDT:USDT,0.13963,32.0,0.13962,14.0,0.1398,32.0,0.13983,50.0
1753533549435,12:39:09.435,ALCH/USDT:USDT,0.13963,32.0,0.13962,14.0,0.1398,32.0,0.13983,50.0
1753533552418,12:39:12.418,ALCH/USDT:USDT,0.13963,32.0,0.13962,14.0,0.1398,32.0,0.13983,50.0
1753533552689,12:39:12.689,ALCH/USDT:USDT,0.13963,32.0,0.13962,14.0,0.1398,32.0,0.13983,50.0
1753533552836,12:39:12.836,ALCH/USDT:USDT,0.13963,32.0,0.13962,14.0,0.1398,32.0,0.13983,50.0
1753533552921,12:39:12.921,ALCH/USDT:USDT,0.13963,32.0,0.13962,14.0,0.1398,32.0,0.13983,50.0
1753533554130,12:39:14.130,ALCH/USDT:USDT,0.13963,32.0,0.13962,14.0,0.1398,32.0,0.13983,50.0
1753533554178,12:39:14.178,ALCH/USDT:USDT,0.13963,32.0,0.13962,14.0,0.1398,32.0,0.13983,50.0
1753533557304,12:39:17.304,ALCH/USDT:USDT,0.13963,32.0,0.13962,14.0,0.1398,32.0,0.13983,50.0
1753533559068,12:39:19.068,ALCH/USDT:USDT,0.13963,32.0,0.13962,14.0,0.1398,32.0,0.13983,50.0
1753533562118,12:39:22.118,ALCH/USDT:USDT,0.13963,32.0,0.13962,14.0,0.1398,32.0,0.13983,50.0
1753533563184,12:39:23.184,ALCH/USDT:USDT,0.13963,32.0,0.13962,14.0,0.1398,32.0,0.13983,50.0
1753533564738,12:39:24.738,ALCH/USDT:USDT,0.13963,32.0,0.13962,14.0,0.1398,32.0,0.13983,50.0
1753533565541,12:39:25.541,ALCH/USDT:USDT,0.13963,32.0,0.13962,14.0,0.1398,32.0,0.13983,50.0
1753533565631,12:39:25.631,ALCH/USDT:USDT,0.13963,32.0,0.13962,14.0,0.1398,32.0,0.13983,50.0
1753533565680,12:39:25.680,ALCH/USDT:USDT,0.13963,32.0,0.13962,14.0,0.1398,32.0,0.13983,50.0
1753533566151,12:39:26.151,ALCH/USDT:USDT,0.13963,32.0,0.13962,14.0,0.1398,82.0,0.13983,50.0
1753533566230,12:39:26.230,ALCH/USDT:USDT,0.13963,32.0,0.13962,14.0,0.13977,31.0,0.13978,50.0
1753533566908,12:39:26.908,ALCH/USDT:USDT,0.13963,32.0,0.13962,14.0,0.13977,31.0,0.13978,50.0
1753533567053,12:39:27.053,ALCH/USDT:USDT,0.13963,32.0,0.13962,14.0,0.13977,31.0,0.13978,50.0
1753533567053,12:39:27.053,ALCH/USDT:USDT,0.13963,32.0,0.13962,14.0,0.13977,31.0,0.13978,50.0
1753533568038,12:39:28.038,ALCH/USDT:USDT,0.13963,32.0,0.13962,14.0,0.13977,31.0,0.13978,50.0
1753533568053,12:39:28.053,ALCH/USDT:USDT,0.13963,32.0,0.13962,14.0,0.13977,31.0,0.13979,50.0
1753533568275,12:39:28.275,ALCH/USDT:USDT,0.13963,32.0,0.13962,14.0,0.13977,31.0,0.13979,50.0
1753533569091,12:39:29.091,ALCH/USDT:USDT,0.13963,32.0,0.13962,14.0,0.13977,31.0,0.13979,50.0
1753533570098,12:39:30.098,ALCH/USDT:USDT,0.13963,32.0,0.13962,14.0,0.13977,31.0,0.13979,50.0
1753533570317,12:39:30.317,ALCH/USDT:USDT,0.13963,32.0,0.13962,14.0,0.13977,31.0,0.13979,50.0
1753533572165,12:39:32.165,ALCH/USDT:USDT,0.13963,32.0,0.13962,14.0,0.13977,31.0,0.13979,50.0
1753533572547,12:39:32.547,ALCH/USDT:USDT,0.13963,32.0,0.13962,14.0,0.13977,31.0,0.13979,50.0
1753533574103,12:39:34.103,ALCH/USDT:USDT,0.13963,32.0,0.13962,14.0,0.13977,31.0,0.13979,50.0
1753533575336,12:39:35.336,ALCH/USDT:USDT,0.13963,32.0,0.13962,14.0,0.13977,31.0,0.13979,50.0
1753533577867,12:39:37.867,ALCH/USDT:USDT,0.13963,32.0,0.13962,14.0,0.13977,31.0,0.13979,50.0
1753533579828,12:39:39.828,ALCH/USDT:USDT,0.13963,32.0,0.13962,14.0,0.13977,31.0,0.13979,50.0
1753533581734,12:39:41.734,ALCH/USDT:USDT,0.13963,32.0,0.13962,14.0,0.13977,31.0,0.13979,50.0
1753533581757,12:39:41.757,ALCH/USDT:USDT,0.13963,32.0,0.13962,14.0,0.13977,31.0,0.13979,50.0
1753533581897,12:39:41.897,ALCH/USDT:USDT,0.13963,32.0,0.13962,14.0,0.13977,31.0,0.13979,50.0
1753533584460,12:39:44.460,ALCH/USDT:USDT,0.13963,32.0,0.13962,14.0,0.13977,31.0,0.13979,50.0
1753533586111,12:39:46.111,ALCH/USDT:USDT,0.13963,32.0,0.13962,14.0,0.13977,31.0,0.13979,50.0
1753533586533,12:39:46.533,ALCH/USDT:USDT,0.13963,32.0,0.13962,14.0,0.13977,31.0,0.13979,50.0
1753533588535,12:39:48.535,ALCH/USDT:USDT,0.13963,32.0,0.13962,14.0,0.13977,31.0,0.13979,50.0
1753533590872,12:39:50.872,ALCH/USDT:USDT,0.13963,32.0,0.13962,14.0,0.13977,31.0,0.13979,50.0
1753533591293,12:39:51.293,ALCH/USDT:USDT,0.13963,32.0,0.13962,14.0,0.13977,31.0,0.13979,50.0
1753533591361,12:39:51.361,ALCH/USDT:USDT,0.13963,32.0,0.13962,14.0,0.13977,31.0,0.13979,50.0
1753533593237,12:39:53.237,ALCH/USDT:USDT,0.13963,32.0,0.13962,14.0,0.13977,31.0,0.13979,50.0
1753533593568,12:39:53.568,ALCH/USDT:USDT,0.13963,32.0,0.13962,14.0,0.13977,31.0,0.13979,50.0
1753533595962,12:39:55.962,ALCH/USDT:USDT,0.13963,32.0,0.13962,14.0,0.13977,31.0,0.13979,50.0
1753533596332,12:39:56.332,ALCH/USDT:USDT,0.13963,32.0,0.13962,14.0,0.13977,31.0,0.13979,50.0
1753533598121,12:39:58.121,ALCH/USDT:USDT,0.13963,32.0,0.13962,14.0,0.13977,31.0,0.13979,50.0
1753533598792,12:39:58.792,ALCH/USDT:USDT,0.13963,32.0,0.13962,14.0,0.13977,31.0,0.13979,50.0
1753533599743,12:39:59.743,ALCH/USDT:USDT,0.13963,32.0,0.13962,14.0,0.13977,31.0,0.13979,50.0
1753533599815,12:39:59.815,ALCH/USDT:USDT,0.13963,32.0,0.13962,14.0,0.13977,31.0,0.13979,50.0
1753533599907,12:39:59.907,ALCH/USDT:USDT,0.13963,32.0,0.13962,14.0,0.13977,31.0,0.13979,50.0
1753533600728,12:40:00.728,ALCH/USDT:USDT,0.13963,32.0,0.13962,14.0,0.13977,31.0,0.13979,50.0
1753533602544,12:40:02.544,ALCH/USDT:USDT,0.13963,32.0,0.13962,14.0,0.13977,31.0,0.13979,50.0
1753533607597,12:40:07.597,ALCH/USDT:USDT,0.13963,32.0,0.13962,14.0,0.13977,31.0,0.13979,50.0
1753533607658,12:40:07.658,ALCH/USDT:USDT,0.13963,32.0,0.13962,14.0,0.13977,31.0,0.13979,50.0
1753533607937,12:40:07.937,ALCH/USDT:USDT,0.13963,32.0,0.13962,14.0,0.13977,31.0,0.13979,50.0
1753533609594,12:40:09.594,ALCH/USDT:USDT,0.13963,32.0,0.13962,14.0,0.13977,31.0,0.13979,50.0
1753533609955,12:40:09.955,ALCH/USDT:USDT,0.13963,32.0,0.13962,14.0,0.13977,31.0,0.13979,50.0
1753533610134,12:40:10.134,ALCH/USDT:USDT,0.13963,32.0,0.13962,14.0,0.13977,31.0,0.13979,50.0
1753533611417,12:40:11.417,ALCH/USDT:USDT,0.13963,32.0,0.13962,14.0,0.13977,31.0,0.13979,50.0
1753533615707,12:40:15.707,ALCH/USDT:USDT,0.13963,32.0,0.13962,14.0,0.13977,31.0,0.13979,50.0
1753533620850,12:40:20.850,ALCH/USDT:USDT,0.13963,32.0,0.13962,14.0,0.13977,31.0,0.13979,50.0
1753533620857,12:40:20.857,ALCH/USDT:USDT,0.13963,32.0,0.13962,14.0,0.13977,31.0,0.13979,50.0
1753533620955,12:40:20.955,ALCH/USDT:USDT,0.13963,32.0,0.13962,14.0,0.13977,31.0,0.13979,50.0
1753533621495,12:40:21.495,ALCH/USDT:USDT,0.13963,32.0,0.13962,14.0,0.13977,31.0,0.13979,50.0
1753533623051,12:40:23.051,ALCH/USDT:USDT,0.13963,32.0,0.13962,14.0,0.13977,31.0,0.13979,50.0
1753533623386,12:40:23.386,ALCH/USDT:USDT,0.13963,32.0,0.13962,14.0,0.13977,31.0,0.13979,50.0
1753533626471,12:40:26.471,ALCH/USDT:USDT,0.13963,32.0,0.13962,14.0,0.13977,31.0,0.13979,50.0
1753533628102,12:40:28.102,ALCH/USDT:USDT,0.13963,32.0,0.13962,14.0,0.13977,31.0,0.13979,50.0
1753533631091,12:40:31.091,ALCH/USDT:USDT,0.13963,32.0,0.13962,14.0,0.13977,31.0,0.13979,50.0
1753533631988,12:40:31.988,ALCH/USDT:USDT,0.13963,32.0,0.13962,14.0,0.13977,31.0,0.13979,50.0
1753533633099,12:40:33.099,ALCH/USDT:USDT,0.13963,32.0,0.13962,14.0,0.13977,31.0,0.13979,50.0
1753533633347,12:40:33.347,ALCH/USDT:USDT,0.13963,32.0,0.13962,14.0,0.13977,31.0,0.13979,50.0
1753533633373,12:40:33.373,ALCH/USDT:USDT,0.13963,32.0,0.13962,14.0,0.13977,31.0,0.13979,50.0
1753533634851,12:40:34.851,ALCH/USDT:USDT,0.13963,32.0,0.13962,14.0,0.13977,31.0,0.13979,50.0
1753533635166,12:40:35.166,ALCH/USDT:USDT,0.13963,32.0,0.13962,14.0,0.13977,31.0,0.13979,50.0
1753533639875,12:40:39.875,ALCH/USDT:USDT,0.13963,32.0,0.13962,14.0,0.13977,31.0,0.13979,50.0
1753533640052,12:40:40.052,ALCH/USDT:USDT,0.13963,32.0,0.13962,14.0,0.13977,31.0,0.13979,50.0
1753533640080,12:40:40.080,ALCH/USDT:USDT,0.13963,32.0,0.13962,14.0,0.13977,31.0,0.13979,50.0
1753533640240,12:40:40.240,ALCH/USDT:USDT,0.13963,32.0,0.13962,14.0,0.13977,31.0,0.13979,50.0
1753533645086,12:40:45.086,ALCH/USDT:USDT,0.13963,32.0,0.13962,14.0,0.13977,31.0,0.13979,50.0
1753533645157,12:40:45.157,ALCH/USDT:USDT,0.13963,32.0,0.13962,14.0,0.13977,31.0,0.13979,50.0
1753533645414,12:40:45.414,ALCH/USDT:USDT,0.13963,32.0,0.13962,14.0,0.13977,31.0,0.13979,50.0
1753533645486,12:40:45.486,ALCH/USDT:USDT,0.13963,32.0,0.13962,14.0,0.13977,31.0,0.13979,50.0
1753533647376,12:40:47.376,ALCH/USDT:USDT,0.13963,32.0,0.13962,14.0,0.13977,31.0,0.13979,50.0
1753533647767,12:40:47.767,ALCH/USDT:USDT,0.13963,32.0,0.13962,14.0,0.13977,31.0,0.13979,50.0
1753533648275,12:40:48.275,ALCH/USDT:USDT,0.13963,32.0,0.13962,14.0,0.13977,31.0,0.13979,50.0
1753533651701,12:40:51.701,ALCH/USDT:USDT,0.13963,32.0,0.13962,14.0,0.13977,31.0,0.13979,50.0
1753533654337,12:40:54.337,ALCH/USDT:USDT,0.13963,32.0,0.13962,14.0,0.13977,31.0,0.13979,50.0
1753533654365,12:40:54.365,ALCH/USDT:USDT,0.13963,32.0,0.13962,14.0,0.13977,31.0,0.13979,50.0
1753533654515,12:40:54.515,ALCH/USDT:USDT,0.13963,32.0,0.13962,14.0,0.13977,31.0,0.13979,50.0
1753533655072,12:40:55.072,ALCH/USDT:USDT,0.13963,32.0,0.13962,14.0,0.13977,31.0,0.13979,50.0
1753533656730,12:40:56.730,ALCH/USDT:USDT,0.13963,32.0,0.13962,14.0,0.13977,31.0,0.13979,50.0
1753533657050,12:40:57.050,ALCH/USDT:USDT,0.13963,32.0,0.13962,14.0,0.13977,31.0,0.13979,50.0
1753533657136,12:40:57.136,ALCH/USDT:USDT,0.13963,32.0,0.13962,14.0,0.13977,31.0,0.13979,50.0
1753533657551,12:40:57.551,ALCH/USDT:USDT,0.13963,32.0,0.13962,14.0,0.13977,31.0,0.13979,50.0
1753533658114,12:40:58.114,ALCH/USDT:USDT,0.13963,32.0,0.13962,14.0,0.13977,31.0,0.13979,50.0
1753533658343,12:40:58.343,ALCH/USDT:USDT,0.13963,32.0,0.13962,14.0,0.13977,31.0,0.13979,50.0
1753533658397,12:40:58.397,ALCH/USDT:USDT,0.13963,32.0,0.13962,14.0,0.13977,31.0,0.13979,50.0
1753533659134,12:40:59.134,ALCH/USDT:USDT,0.13963,32.0,0.13962,14.0,0.13977,31.0,0.13979,50.0
1753533659159,12:40:59.159,ALCH/USDT:USDT,0.13963,32.0,0.13962,14.0,0.13977,31.0,0.13979,50.0
1753533662225,12:41:02.225,ALCH/USDT:USDT,0.13963,32.0,0.13962,14.0,0.13977,31.0,0.13979,50.0
1753533662268,12:41:02.268,ALCH/USDT:USDT,0.13963,32.0,0.13962,14.0,0.13977,31.0,0.13979,50.0
1753533662404,12:41:02.404,ALCH/USDT:USDT,0.13963,32.0,0.13962,14.0,0.13977,31.0,0.13979,50.0
1753533662810,12:41:02.810,ALCH/USDT:USDT,0.13963,32.0,0.13962,14.0,0.13977,31.0,0.13979,50.0
1753533662984,12:41:02.984,ALCH/USDT:USDT,0.13963,32.0,0.13962,14.0,0.13977,31.0,0.13979,50.0
1753533663059,12:41:03.059,ALCH/USDT:USDT,0.13963,32.0,0.13962,14.0,0.13977,31.0,0.13979,50.0
1753533668090,12:41:08.090,ALCH/USDT:USDT,0.13963,32.0,0.13962,14.0,0.13977,31.0,0.13979,50.0
1753533668247,12:41:08.247,ALCH/USDT:USDT,0.13963,32.0,0.13962,14.0,0.13977,31.0,0.13979,50.0
1753533668916,12:41:08.916,ALCH/USDT:USDT,0.13963,32.0,0.13962,14.0,0.13977,31.0,0.13979,50.0
1753533669215,12:41:09.215,ALCH/USDT:USDT,0.13963,32.0,0.13962,14.0,0.13977,31.0,0.13979,50.0
1753533670156,12:41:10.156,ALCH/USDT:USDT,0.13963,32.0,0.13962,14.0,0.13977,31.0,0.13979,50.0
1753533675191,12:41:15.191,ALCH/USDT:USDT,0.13963,32.0,0.13962,14.0,0.13977,31.0,0.13979,50.0
1753533675258,12:41:15.258,ALCH/USDT:USDT,0.13963,32.0,0.13962,14.0,0.13977,31.0,0.13979,50.0
1753533675357,12:41:15.357,ALCH/USDT:USDT,0.13963,32.0,0.13962,14.0,0.13977,31.0,0.13979,50.0
1753533675566,12:41:15.566,ALCH/USDT:USDT,0.13963,32.0,0.13962,14.0,0.13977,31.0,0.13979,50.0
1753533680424,12:41:20.424,ALCH/USDT:USDT,0.13963,32.0,0.13962,14.0,0.13977,31.0,0.13979,50.0
1753533680536,12:41:20.536,ALCH/USDT:USDT,0.13963,32.0,0.13962,14.0,0.13977,31.0,0.13979,50.0
1753533680783,12:41:20.783,ALCH/USDT:USDT,0.13963,32.0,0.13962,14.0,0.13977,31.0,0.13979,50.0
1753533683550,12:41:23.550,ALCH/USDT:USDT,0.13963,32.0,0.13962,14.0,0.13977,31.0,0.13979,50.0
1753533683627,12:41:23.627,ALCH/USDT:USDT,0.13963,32.0,0.13962,14.0,0.13977,31.0,0.13979,50.0
1753533684038,12:41:24.038,ALCH/USDT:USDT,0.13963,32.0,0.13962,14.0,0.13977,31.0,0.13979,50.0
1753533684488,12:41:24.488,ALCH/USDT:USDT,0.13963,32.0,0.13962,14.0,0.13977,31.0,0.13979,50.0
1753533684739,12:41:24.739,ALCH/USDT:USDT,0.13963,32.0,0.13962,14.0,0.13977,31.0,0.13979,50.0
1753533684892,12:41:24.892,ALCH/USDT:USDT,0.13963,32.0,0.13962,14.0,0.13977,31.0,0.13979,50.0
1753533685308,12:41:25.308,ALCH/USDT:USDT,0.13963,32.0,0.13962,14.0,0.13977,31.0,0.13979,50.0
1753533686636,12:41:26.636,ALCH/USDT:USDT,0.13963,32.0,0.13962,14.0,0.13977,31.0,0.13979,82.0
1753533686748,12:41:26.748,ALCH/USDT:USDT,0.13963,32.0,0.13962,14.0,0.13979,32.0,0.13986,31.0
1753533686817,12:41:26.817,ALCH/USDT:USDT,0.13963,32.0,0.13962,14.0,0.13986,31.0,0.13987,172.0
1753533686927,12:41:26.927,ALCH/USDT:USDT,0.13963,32.0,0.13962,14.0,0.13986,31.0,0.13987,172.0
1753533687350,12:41:27.350,ALCH/USDT:USDT,0.13963,32.0,0.13962,14.0,0.13986,31.0,0.13987,172.0
1753533687369,12:41:27.369,ALCH/USDT:USDT,0.13963,32.0,0.13962,14.0,0.13986,31.0,0.13987,172.0
1753533688996,12:41:28.996,ALCH/USDT:USDT,0.13963,32.0,0.13962,14.0,0.13985,32.0,0.13986,15.0
1753533690752,12:41:30.752,ALCH/USDT:USDT,0.13963,32.0,0.13962,14.0,0.13984,32.0,0.13985,50.0
1753533690757,12:41:30.757,ALCH/USDT:USDT,0.13963,32.0,0.13962,14.0,0.13984,32.0,0.13986,32.0
1753533690939,12:41:30.939,ALCH/USDT:USDT,0.13963,32.0,0.13962,14.0,0.13984,32.0,0.13985,50.0
1753533691012,12:41:31.012,ALCH/USDT:USDT,0.13963,32.0,0.13962,14.0,0.13984,108.0,0.13985,50.0
1753533691059,12:41:31.059,ALCH/USDT:USDT,0.13963,32.0,0.13962,14.0,0.13983,32.0,0.13984,38.0
1753533691420,12:41:31.420,ALCH/USDT:USDT,0.13963,32.0,0.13962,14.0,0.13983,32.0,0.13984,38.0
1753533691631,12:41:31.631,ALCH/USDT:USDT,0.13963,32.0,0.13962,14.0,0.13982,32.0,0.13983,12.0
1753533691802,12:41:31.802,ALCH/USDT:USDT,0.13963,32.0,0.13962,14.0,0.13982,32.0,0.13985,50.0
1753533692174,12:41:32.174,ALCH/USDT:USDT,0.13963,32.0,0.13962,14.0,0.13981,32.0,0.13982,12.0
1753533692348,12:41:32.348,ALCH/USDT:USDT,0.13963,32.0,0.13962,14.0,0.13981,32.0,0.13982,12.0
1753533692382,12:41:32.382,ALCH/USDT:USDT,0.13963,32.0,0.13962,14.0,0.13981,32.0,0.13982,12.0
1753533693395,12:41:33.395,ALCH/USDT:USDT,0.13963,32.0,0.13962,14.0,0.13981,32.0,0.13982,12.0
1753533693488,12:41:33.488,ALCH/USDT:USDT,0.13963,32.0,0.13962,14.0,0.13981,32.0,0.13982,12.0
1753533694169,12:41:34.169,ALCH/USDT:USDT,0.13963,32.0,0.13962,14.0,0.13981,32.0,0.13982,12.0
1753533695240,12:41:35.240,ALCH/USDT:USDT,0.13963,32.0,0.13962,14.0,0.1398,32.0,0.13981,46.0
1753533695389,12:41:35.389,ALCH/USDT:USDT,0.13963,32.0,0.13962,14.0,0.1398,32.0,0.13981,14.0
1753533695511,12:41:35.511,ALCH/USDT:USDT,0.13963,32.0,0.13962,14.0,0.1398,32.0,0.13981,14.0
1753533695699,12:41:35.699,ALCH/USDT:USDT,0.13963,32.0,0.13962,14.0,0.1398,32.0,0.13981,14.0
1753533696328,12:41:36.328,ALCH/USDT:USDT,0.13963,32.0,0.13962,14.0,0.1398,32.0,0.13981,14.0
1753533696744,12:41:36.744,ALCH/USDT:USDT,0.13963,32.0,0.13962,14.0,0.1398,32.0,0.13981,14.0
1753533697534,12:41:37.534,ALCH/USDT:USDT,0.13963,32.0,0.13962,14.0,0.1398,32.0,0.13985,50.0
1753533697788,12:41:37.788,ALCH/USDT:USDT,0.13963,32.0,0.13962,14.0,0.1398,32.0,0.13985,50.0
1753533697878,12:41:37.878,ALCH/USDT:USDT,0.13963,32.0,0.13962,14.0,0.1398,32.0,0.13985,50.0
1753533698213,12:41:38.213,ALCH/USDT:USDT,0.13963,32.0,0.13962,14.0,0.13979,32.0,0.1398,47.0
1753533698366,12:41:38.366,ALCH/USDT:USDT,0.13963,32.0,0.13962,14.0,0.13979,32.0,0.1398,15.0
1753533698798,12:41:38.798,ALCH/USDT:USDT,0.13963,32.0,0.13962,14.0,0.13979,32.0,0.1398,15.0
1753533699087,12:41:39.087,ALCH/USDT:USDT,0.13963,32.0,0.13962,14.0,0.13979,32.0,0.1398,15.0
1753533699198,12:41:39.198,ALCH/USDT:USDT,0.13963,32.0,0.13962,14.0,0.13979,32.0,0.1398,15.0
1753533699581,12:41:39.581,ALCH/USDT:USDT,0.13963,32.0,0.13962,14.0,0.13979,32.0,0.1398,15.0
1753533700382,12:41:40.382,ALCH/USDT:USDT,0.13963,32.0,0.13962,14.0,0.13979,32.0,0.1398,15.0
1753533700852,12:41:40.852,ALCH/USDT:USDT,0.13963,32.0,0.13962,14.0,0.13979,32.0,0.1398,15.0
1753533701350,12:41:41.350,ALCH/USDT:USDT,0.13963,32.0,0.13962,14.0,0.13979,32.0,0.13985,50.0
1753533701446,12:41:41.446,ALCH/USDT:USDT,0.13963,32.0,0.13962,14.0,0.13979,32.0,0.13985,50.0
1753533701495,12:41:41.495,ALCH/USDT:USDT,0.13963,32.0,0.13962,14.0,0.13979,32.0,0.13985,50.0
1753533701763,12:41:41.763,ALCH/USDT:USDT,0.13963,32.0,0.13962,14.0,0.13979,32.0,0.13985,50.0
1753533701954,12:41:41.954,ALCH/USDT:USDT,0.13963,32.0,0.13962,14.0,0.13979,32.0,0.13985,50.0
1753533702434,12:41:42.434,ALCH/USDT:USDT,0.13963,32.0,0.13962,14.0,0.13979,32.0,0.13985,50.0
1753533702808,12:41:42.808,ALCH/USDT:USDT,0.13963,32.0,0.13962,14.0,0.13978,32.0,0.13979,15.0
1753533703337,12:41:43.337,ALCH/USDT:USDT,0.13963,32.0,0.13962,14.0,0.13978,32.0,0.13985,50.0
1753533703628,12:41:43.628,ALCH/USDT:USDT,0.13963,32.0,0.13962,14.0,0.13978,32.0,0.13985,50.0
1753533703813,12:41:43.813,ALCH/USDT:USDT,0.13963,32.0,0.13962,14.0,0.13978,32.0,0.13985,50.0
1753533704447,12:41:44.447,ALCH/USDT:USDT,0.13963,32.0,0.13962,14.0,0.13978,32.0,0.13985,50.0
1753533707048,12:41:47.048,ALCH/USDT:USDT,0.13963,32.0,0.13962,14.0,0.13978,32.0,0.13985,50.0
1753533707275,12:41:47.275,ALCH/USDT:USDT,0.13963,32.0,0.13962,14.0,0.13978,32.0,0.13985,50.0
1753533708050,12:41:48.050,ALCH/USDT:USDT,0.13963,32.0,0.13962,14.0,0.13978,32.0,0.13985,50.0
1753533708494,12:41:48.494,ALCH/USDT:USDT,0.13963,32.0,0.13962,14.0,0.13988,32.0,0.1399,50.0
1753533708597,12:41:48.597,ALCH/USDT:USDT,0.13963,32.0,0.13962,14.0,0.13987,32.0,0.13988,172.0
1753533708836,12:41:48.836,ALCH/USDT:USDT,0.13963,32.0,0.13962,14.0,0.13984,32.0,0.13985,50.0
1753533708904,12:41:48.904,ALCH/USDT:USDT,0.13963,32.0,0.13962,14.0,0.13984,32.0,0.13985,50.0
1753533709017,12:41:49.017,ALCH/USDT:USDT,0.13963,32.0,0.13962,14.0,0.13984,32.0,0.13985,50.0
1753533709325,12:41:49.325,ALCH/USDT:USDT,0.13963,32.0,0.13962,14.0,0.13984,32.0,0.13985,50.0
1753533709422,12:41:49.422,ALCH/USDT:USDT,0.13963,32.0,0.13962,14.0,0.13984,32.0,0.13985,50.0
1753533709541,12:41:49.541,ALCH/USDT:USDT,0.13963,32.0,0.13962,14.0,0.13984,34.0,0.13985,50.0
1753533709556,12:41:49.556,ALCH/USDT:USDT,0.13963,32.0,0.13962,14.0,0.13983,32.0,0.13984,2.0
1753533709744,12:41:49.744,ALCH/USDT:USDT,0.13963,32.0,0.13962,14.0,0.13983,32.0,0.13984,2.0
1753533710564,12:41:50.564,ALCH/USDT:USDT,0.13963,32.0,0.13962,14.0,0.13983,32.0,0.13984,2.0
1753533712503,12:41:52.503,ALCH/USDT:USDT,0.13963,32.0,0.13962,14.0,0.13983,32.0,0.13984,2.0
1753533713396,12:41:53.396,ALCH/USDT:USDT,0.13963,32.0,0.13962,14.0,0.13983,32.0,0.13984,2.0
1753533714042,12:41:54.042,ALCH/USDT:USDT,0.13963,32.0,0.13962,14.0,0.13983,44.0,0.13985,50.0
1753533714060,12:41:54.060,ALCH/USDT:USDT,0.13963,32.0,0.13962,14.0,0.13982,32.0,0.13983,44.0
1753533714207,12:41:54.207,ALCH/USDT:USDT,0.13963,32.0,0.13962,14.0,0.13982,32.0,0.13983,12.0
1753533714632,12:41:54.632,ALCH/USDT:USDT,0.13963,32.0,0.13962,14.0,0.13982,32.0,0.13983,12.0
1753533716563,12:41:56.563,ALCH/USDT:USDT,0.13963,32.0,0.13962,14.0,0.13982,32.0,0.13985,50.0
1753533717089,12:41:57.089,ALCH/USDT:USDT,0.13963,32.0,0.13962,14.0,0.13982,32.0,0.13985,50.0
1753533717507,12:41:57.507,ALCH/USDT:USDT,0.13963,32.0,0.13962,14.0,0.13982,32.0,0.13985,50.0
1753533718181,12:41:58.181,ALCH/USDT:USDT,0.13963,32.0,0.13962,14.0,0.13982,32.0,0.13985,50.0
1753533718328,12:41:58.328,ALCH/USDT:USDT,0.13963,32.0,0.13962,14.0,0.13982,32.0,0.13985,50.0
1753533718734,12:41:58.734,ALCH/USDT:USDT,0.13963,32.0,0.13962,14.0,0.13982,32.0,0.13985,50.0
1753533719348,12:41:59.348,ALCH/USDT:USDT,0.13963,32.0,0.13962,14.0,0.13982,32.0,0.13989,32.0
1753533719356,12:41:59.356,ALCH/USDT:USDT,0.13963,32.0,0.13962,14.0,0.13989,32.0,0.1399,50.0
1753533719526,12:41:59.526,ALCH/USDT:USDT,0.13963,32.0,0.13962,14.0,0.13987,32.0,0.13988,172.0
1753533719940,12:41:59.940,ALCH/USDT:USDT,0.13963,32.0,0.13962,14.0,0.13984,32.0,0.13985,50.0
1753533720053,12:42:00.053,ALCH/USDT:USDT,0.13963,32.0,0.13962,14.0,0.13984,32.0,0.13985,50.0
1753533720200,12:42:00.200,ALCH/USDT:USDT,0.13963,32.0,0.13962,14.0,0.13984,32.0,0.13985,50.0
1753533720415,12:42:00.415,ALCH/USDT:USDT,0.13963,32.0,0.13962,14.0,0.13983,32.0,0.13984,82.0
1753533720567,12:42:00.567,ALCH/USDT:USDT,0.13963,32.0,0.13962,14.0,0.13983,32.0,0.13984,50.0
1753533720777,12:42:00.777,ALCH/USDT:USDT,0.13963,32.0,0.13962,14.0,0.13983,32.0,0.13984,50.0
1753533721326,12:42:01.326,ALCH/USDT:USDT,0.13963,32.0,0.13962,14.0,0.13983,32.0,0.13985,50.0
1753533721597,12:42:01.597,ALCH/USDT:USDT,0.13963,32.0,0.13962,14.0,0.13983,32.0,0.13985,50.0
1753533722013,12:42:02.013,ALCH/USDT:USDT,0.13963,32.0,0.13962,14.0,0.13983,32.0,0.13985,50.0
1753533722427,12:42:02.427,ALCH/USDT:USDT,0.13963,32.0,0.13962,14.0,0.13983,32.0,0.13985,50.0
1753533723046,12:42:03.046,ALCH/USDT:USDT,0.13963,32.0,0.13962,14.0,0.13982,32.0,0.13985,50.0
1753533723383,12:42:03.383,ALCH/USDT:USDT,0.13963,32.0,0.13962,14.0,0.13982,32.0,0.13985,50.0
1753533723646,12:42:03.646,ALCH/USDT:USDT,0.13963,32.0,0.13962,14.0,0.13982,32.0,0.13985,50.0
1753533723699,12:42:03.699,ALCH/USDT:USDT,0.13963,32.0,0.13962,14.0,0.13981,32.0,0.13982,32.0
1753533723829,12:42:03.829,ALCH/USDT:USDT,0.13963,32.0,0.13962,14.0,0.13981,32.0,0.13985,50.0
1753533724234,12:42:04.234,ALCH/USDT:USDT,0.13963,32.0,0.13962,14.0,0.1398,32.0,0.13981,16.0
1753533724279,12:42:04.279,ALCH/USDT:USDT,0.13963,32.0,0.13962,14.0,0.1398,32.0,0.13985,50.0
1753533724512,12:42:04.512,ALCH/USDT:USDT,0.13963,32.0,0.13962,14.0,0.1398,32.0,0.13985,50.0
1753533725206,12:42:05.206,ALCH/USDT:USDT,0.13964,32.0,0.13962,14.0,0.1398,32.0,0.13985,50.0
1753533726408,12:42:06.408,ALCH/USDT:USDT,0.13964,32.0,0.13962,14.0,0.1398,32.0,0.13985,50.0
1753533727653,12:42:07.653,ALCH/USDT:USDT,0.13964,32.0,0.13962,14.0,0.1398,32.0,0.13985,50.0
1753533727654,12:42:07.654,ALCH/USDT:USDT,0.13964,32.0,0.13962,14.0,0.1398,32.0,0.13985,50.0
1753533727791,12:42:07.791,ALCH/USDT:USDT,0.13964,32.0,0.13962,14.0,0.1398,32.0,0.13985,50.0
1753533728248,12:42:08.248,ALCH/USDT:USDT,0.13964,32.0,0.13962,14.0,0.1398,32.0,0.13985,50.0
1753533728381,12:42:08.381,ALCH/USDT:USDT,0.13964,32.0,0.13962,14.0,0.1398,32.0,0.13985,50.0
1753533728607,12:42:08.607,ALCH/USDT:USDT,0.13964,32.0,0.13962,14.0,0.1398,32.0,0.13985,50.0
1753533729402,12:42:09.402,ALCH/USDT:USDT,0.13964,32.0,0.13962,14.0,0.1398,32.0,0.13985,50.0
1753533730243,12:42:10.243,ALCH/USDT:USDT,0.13964,32.0,0.13962,14.0,0.13989,84.0,0.1399,50.0
1753533730322,12:42:10.322,ALCH/USDT:USDT,0.13964,32.0,0.13962,14.0,0.13985,31.0,0.13986,50.0
1753533730632,12:42:10.632,ALCH/USDT:USDT,0.13964,32.0,0.13962,14.0,0.13985,31.0,0.13986,50.0
1753533730867,12:42:10.867,ALCH/USDT:USDT,0.13964,32.0,0.13962,14.0,0.13985,31.0,0.13986,50.0
1753533731151,12:42:11.151,ALCH/USDT:USDT,0.13964,32.0,0.13962,14.0,0.13985,31.0,0.13986,50.0
1753533731569,12:42:11.569,ALCH/USDT:USDT,0.13964,32.0,0.13962,14.0,0.13985,31.0,0.13986,50.0
1753533731847,12:42:11.847,ALCH/USDT:USDT,0.13964,32.0,0.13962,14.0,0.13984,31.0,0.13985,31.0
1753533731969,12:42:11.969,ALCH/USDT:USDT,0.13964,32.0,0.13962,14.0,0.13984,31.0,0.13986,50.0
1753533732390,12:42:12.390,ALCH/USDT:USDT,0.13964,32.0,0.13962,14.0,0.13984,31.0,0.13986,50.0
1753533733450,12:42:13.450,ALCH/USDT:USDT,0.13964,32.0,0.13962,14.0,0.13984,31.0,0.13986,50.0
1753533733535,12:42:13.535,ALCH/USDT:USDT,0.13964,32.0,0.13962,14.0,0.13984,33.0,0.13986,50.0
1753533733647,12:42:13.647,ALCH/USDT:USDT,0.13965,31.0,0.13964,68.0,0.13983,31.0,0.13986,50.0
1753533733682,12:42:13.682,ALCH/USDT:USDT,0.13966,31.0,0.13965,14.0,0.13983,31.0,0.13986,50.0
1753533733759,12:42:13.759,ALCH/USDT:USDT,0.13966,31.0,0.13962,5.0,0.13983,31.0,0.13986,50.0
1753533733861,12:42:13.861,ALCH/USDT:USDT,0.13966,31.0,0.13962,14.0,0.13983,31.0,0.13986,50.0
1753533734482,12:42:14.482,ALCH/USDT:USDT,0.13966,31.0,0.13962,14.0,0.13983,31.0,0.13986,50.0
1753533734777,12:42:14.777,ALCH/USDT:USDT,0.13966,31.0,0.13962,14.0,0.13983,31.0,0.13986,50.0
1753533736451,12:42:16.451,ALCH/USDT:USDT,0.13966,31.0,0.13962,14.0,0.13982,31.0,0.13983,10.0
1753533736511,12:42:16.511,ALCH/USDT:USDT,0.13966,31.0,0.13962,14.0,0.13982,31.0,0.13986,50.0
1753533736692,12:42:16.692,ALCH/USDT:USDT,0.13966,31.0,0.13962,14.0,0.13982,31.0,0.13986,50.0
1753533737195,12:42:17.195,ALCH/USDT:USDT,0.13966,31.0,0.13962,14.0,0.13982,31.0,0.13986,50.0
1753533737325,12:42:17.325,ALCH/USDT:USDT,0.13966,31.0,0.13962,14.0,0.13982,31.0,0.13986,50.0
1753533738033,12:42:18.033,ALCH/USDT:USDT,0.13966,31.0,0.13962,14.0,0.13982,31.0,0.13986,50.0
1753533738146,12:42:18.146,ALCH/USDT:USDT,0.13966,31.0,0.13962,14.0,0.13982,31.0,0.13986,50.0
1753533742201,12:42:22.201,ALCH/USDT:USDT,0.13966,31.0,0.13962,14.0,0.13982,31.0,0.13986,50.0
1753533746164,12:42:26.164,ALCH/USDT:USDT,0.13966,31.0,0.13962,14.0,0.13982,31.0,0.13986,50.0
1753533746594,12:42:26.594,ALCH/USDT:USDT,0.13966,31.0,0.13962,14.0,0.13982,31.0,0.13986,50.0
1753533751264,12:42:31.264,ALCH/USDT:USDT,0.13966,31.0,0.13962,14.0,0.13982,31.0,0.13986,50.0
1753533751378,12:42:31.378,ALCH/USDT:USDT,0.13966,31.0,0.13962,14.0,0.13982,31.0,0.13986,50.0
1753533751480,12:42:31.480,ALCH/USDT:USDT,0.13966,31.0,0.13962,14.0,0.13982,31.0,0.13986,50.0
1753533751711,12:42:31.711,ALCH/USDT:USDT,0.13966,31.0,0.13962,14.0,0.13982,31.0,0.13986,50.0
1753533753016,12:42:33.016,ALCH/USDT:USDT,0.13966,31.0,0.13962,14.0,0.13982,31.0,0.13986,50.0
1753533753327,12:42:33.327,ALCH/USDT:USDT,0.13966,31.0,0.13962,14.0,0.13982,31.0,0.13986,50.0
1753533753958,12:42:33.958,ALCH/USDT:USDT,0.13966,31.0,0.13962,14.0,0.13982,31.0,0.13986,50.0
1753533755154,12:42:35.154,ALCH/USDT:USDT,0.13966,31.0,0.13962,14.0,0.13982,31.0,0.13986,50.0
1753533758195,12:42:38.195,ALCH/USDT:USDT,0.13966,31.0,0.13962,14.0,0.13982,31.0,0.13986,50.0
1753533761540,12:42:41.540,ALCH/USDT:USDT,0.13966,31.0,0.13962,14.0,0.13982,31.0,0.13986,50.0
1753533761557,12:42:41.557,ALCH/USDT:USDT,0.13966,31.0,0.13962,14.0,0.13982,31.0,0.13986,50.0
1753533761871,12:42:41.871,ALCH/USDT:USDT,0.13966,31.0,0.13962,14.0,0.13982,31.0,0.13986,50.0
1753533765594,12:42:45.594,ALCH/USDT:USDT,0.13966,31.0,0.13962,14.0,0.13982,31.0,0.13986,50.0
1753533765810,12:42:45.810,ALCH/USDT:USDT,0.13966,31.0,0.13962,14.0,0.13982,31.0,0.13986,50.0
1753533765899,12:42:45.899,ALCH/USDT:USDT,0.13966,31.0,0.13962,14.0,0.13982,31.0,0.13986,50.0
1753533766888,12:42:46.888,ALCH/USDT:USDT,0.13966,31.0,0.13962,14.0,0.13982,31.0,0.13986,50.0
1753533767861,12:42:47.861,ALCH/USDT:USDT,0.13966,31.0,0.13962,14.0,0.13982,31.0,0.13986,50.0
1753533772284,12:42:52.284,ALCH/USDT:USDT,0.13966,31.0,0.13962,14.0,0.13982,31.0,0.13986,50.0
1753533772357,12:42:52.357,ALCH/USDT:USDT,0.13966,31.0,0.13962,14.0,0.13982,31.0,0.13986,50.0
1753533775746,12:42:55.746,ALCH/USDT:USDT,0.13966,31.0,0.13962,14.0,0.13982,31.0,0.13986,50.0
1753533775757,12:42:55.757,ALCH/USDT:USDT,0.13966,31.0,0.13962,14.0,0.13982,31.0,0.13986,50.0
1753533775889,12:42:55.889,ALCH/USDT:USDT,0.13966,31.0,0.13962,14.0,0.13982,31.0,0.13986,50.0
1753533776001,12:42:56.001,ALCH/USDT:USDT,0.13966,31.0,0.13962,14.0,0.13982,31.0,0.13986,50.0
1753533776072,12:42:56.072,ALCH/USDT:USDT,0.13966,31.0,0.13962,14.0,0.13982,31.0,0.13986,50.0
1753533776526,12:42:56.526,ALCH/USDT:USDT,0.13966,31.0,0.13962,14.0,0.13982,31.0,0.13986,50.0
1753533777938,12:42:57.938,ALCH/USDT:USDT,0.13966,31.0,0.13962,14.0,0.13982,31.0,0.13986,50.0
1753533777972,12:42:57.972,ALCH/USDT:USDT,0.13966,31.0,0.13962,14.0,0.13982,31.0,0.13986,50.0
1753533783044,12:43:03.044,ALCH/USDT:USDT,0.13966,31.0,0.13962,14.0,0.13982,31.0,0.13986,50.0
1753533783087,12:43:03.087,ALCH/USDT:USDT,0.13966,31.0,0.13962,14.0,0.13982,31.0,0.13986,50.0
1753533783527,12:43:03.527,ALCH/USDT:USDT,0.13966,31.0,0.13962,14.0,0.13982,31.0,0.13986,50.0
1753533783624,12:43:03.624,ALCH/USDT:USDT,0.13966,31.0,0.13962,14.0,0.13982,31.0,0.13986,50.0
1753533783699,12:43:03.699,ALCH/USDT:USDT,0.13966,31.0,0.13962,14.0,0.13982,31.0,0.13986,50.0
1753533783815,12:43:03.815,ALCH/USDT:USDT,0.13966,31.0,0.13962,14.0,0.13982,31.0,0.13986,50.0
1753533784689,12:43:04.689,ALCH/USDT:USDT,0.13966,31.0,0.13962,14.0,0.13982,31.0,0.13986,50.0
1753533789796,12:43:09.796,ALCH/USDT:USDT,0.13966,31.0,0.13962,14.0,0.13982,31.0,0.13986,50.0
1753533789857,12:43:09.857,ALCH/USDT:USDT,0.13966,31.0,0.13962,14.0,0.13982,31.0,0.13986,50.0
1753533790018,12:43:10.018,ALCH/USDT:USDT,0.13966,31.0,0.13962,14.0,0.13982,31.0,0.13986,50.0
1753533790744,12:43:10.744,ALCH/USDT:USDT,0.13966,31.0,0.13962,14.0,0.13982,31.0,0.13986,50.0
1753533791551,12:43:11.551,ALCH/USDT:USDT,0.13966,31.0,0.13962,14.0,0.13982,31.0,0.13986,50.0
1753533791610,12:43:11.610,ALCH/USDT:USDT,0.13966,31.0,0.13962,14.0,0.13982,31.0,0.13986,50.0
1753533791889,12:43:11.889,ALCH/USDT:USDT,0.13966,31.0,0.13962,14.0,0.13982,31.0,0.13986,50.0
1753533793280,12:43:13.280,ALCH/USDT:USDT,0.13966,31.0,0.13962,14.0,0.13982,31.0,0.13986,50.0
1753533798308,12:43:18.308,ALCH/USDT:USDT,0.13966,31.0,0.13962,14.0,0.13982,31.0,0.13986,50.0
1753533798357,12:43:18.357,ALCH/USDT:USDT,0.13966,31.0,0.13962,14.0,0.13982,31.0,0.13986,50.0
1753533800118,12:43:20.118,ALCH/USDT:USDT,0.13966,31.0,0.13962,14.0,0.13982,31.0,0.13986,50.0
1753533804450,12:43:24.450,ALCH/USDT:USDT,0.13966,31.0,0.13962,14.0,0.13982,31.0,0.13986,50.0
1753533804479,12:43:24.479,ALCH/USDT:USDT,0.13966,31.0,0.13962,14.0,0.13982,31.0,0.13986,50.0
1753533806791,12:43:26.791,ALCH/USDT:USDT,0.13966,31.0,0.13962,14.0,0.13982,31.0,0.13986,50.0
1753533811807,12:43:31.807,ALCH/USDT:USDT,0.13966,31.0,0.13962,14.0,0.13982,31.0,0.13986,50.0
1753533811877,12:43:31.877,ALCH/USDT:USDT,0.13966,31.0,0.13962,14.0,0.13982,31.0,0.13986,50.0
1753533812301,12:43:32.301,ALCH/USDT:USDT,0.13966,31.0,0.13962,14.0,0.13982,31.0,0.13986,50.0
1753533812397,12:43:32.397,ALCH/USDT:USDT,0.13966,31.0,0.13962,14.0,0.13982,31.0,0.13986,50.0
1753533817406,12:43:37.406,ALCH/USDT:USDT,0.13966,31.0,0.13962,14.0,0.13982,31.0,0.13986,50.0
1753533817457,12:43:37.457,ALCH/USDT:USDT,0.13966,31.0,0.13962,14.0,0.13982,31.0,0.13986,50.0
1753533821916,12:43:41.916,ALCH/USDT:USDT,0.13966,31.0,0.13962,14.0,0.13982,31.0,0.13986,50.0
1753533826835,12:43:46.835,ALCH/USDT:USDT,0.13966,31.0,0.13962,14.0,0.13982,31.0,0.13986,50.0
1753533826859,12:43:46.859,ALCH/USDT:USDT,0.13966,31.0,0.13962,14.0,0.13982,31.0,0.13986,50.0
1753533828639,12:43:48.639,ALCH/USDT:USDT,0.13966,31.0,0.13962,14.0,0.13982,31.0,0.13986,50.0
1753533828663,12:43:48.663,ALCH/USDT:USDT,0.13966,31.0,0.13962,14.0,0.13982,31.0,0.13986,50.0
1753533829186,12:43:49.186,ALCH/USDT:USDT,0.13966,31.0,0.13962,14.0,0.13982,31.0,0.13986,50.0
1753533830624,12:43:50.624,ALCH/USDT:USDT,0.13966,31.0,0.13962,14.0,0.13982,31.0,0.13986,50.0
