timestamp,time,symbol,bid1_price,bid1_volume,bid2_price,bid2_volume,ask1_price,ask1_volume,ask2_price,ask2_volume
1753533019000,12:30:19.000,COMP/USDT:USDT,48.88,2.0,48.87,314.0,48.9,305.0,48.91,312.0
1753533019979,12:30:19.979,COMP/USDT:USDT,48.88,2.0,48.87,314.0,48.91,312.0,48.93,1863.0
1753533020053,12:30:20.053,COMP/USDT:USDT,48.88,307.0,48.87,314.0,48.9,14.0,48.91,312.0
1753533020205,12:30:20.205,COMP/USDT:USDT,48.87,314.0,48.86,344.0,48.9,14.0,48.91,312.0
1753533020289,12:30:20.289,COMP/USDT:USDT,48.88,2.0,48.87,314.0,48.9,14.0,48.91,312.0
1753533020362,12:30:20.362,COMP/USDT:USDT,48.88,2.0,48.87,314.0,48.9,14.0,48.91,312.0
1753533020512,12:30:20.512,COMP/USDT:USDT,48.88,2.0,48.87,314.0,48.9,14.0,48.91,312.0
1753533020602,12:30:20.602,COMP/USDT:USDT,48.88,2.0,48.87,314.0,48.9,14.0,48.91,312.0
1753533020667,12:30:20.667,COMP/USDT:USDT,48.88,2.0,48.87,314.0,48.9,14.0,48.91,312.0
1753533020834,12:30:20.834,COMP/USDT:USDT,48.88,307.0,48.87,314.0,48.9,14.0,48.91,312.0
1753533020931,12:30:20.931,COMP/USDT:USDT,48.88,305.0,48.87,314.0,48.9,14.0,48.91,312.0
1753533021003,12:30:21.003,COMP/USDT:USDT,48.87,314.0,48.86,344.0,48.9,14.0,48.91,312.0
1753533021061,12:30:21.061,COMP/USDT:USDT,48.88,2.0,48.87,314.0,48.9,14.0,48.91,312.0
1753533021214,12:30:21.214,COMP/USDT:USDT,48.88,307.0,48.87,314.0,48.9,14.0,48.91,312.0
1753533021290,12:30:21.290,COMP/USDT:USDT,48.87,314.0,48.86,344.0,48.9,14.0,48.91,312.0
1753533021376,12:30:21.376,COMP/USDT:USDT,48.88,2.0,48.87,314.0,48.9,14.0,48.91,312.0
1753533021537,12:30:21.537,COMP/USDT:USDT,48.88,2.0,48.87,314.0,48.9,14.0,48.91,312.0
1753533021592,12:30:21.592,COMP/USDT:USDT,48.88,307.0,48.87,314.0,48.9,14.0,48.91,312.0
1753533021683,12:30:21.683,COMP/USDT:USDT,48.88,305.0,48.87,314.0,48.9,14.0,48.91,312.0
1753533021747,12:30:21.747,COMP/USDT:USDT,48.87,314.0,48.86,344.0,48.9,14.0,48.91,312.0
1753533021901,12:30:21.901,COMP/USDT:USDT,48.88,2.0,48.87,314.0,48.9,14.0,48.91,312.0
1753533021994,12:30:21.994,COMP/USDT:USDT,48.88,2.0,48.87,314.0,48.9,14.0,48.91,312.0
1753533022055,12:30:22.055,COMP/USDT:USDT,48.88,2.0,48.87,314.0,48.9,14.0,48.91,312.0
1753533022205,12:30:22.205,COMP/USDT:USDT,48.88,2.0,48.87,314.0,48.9,14.0,48.91,312.0
1753533022303,12:30:22.303,COMP/USDT:USDT,48.88,2.0,48.87,314.0,48.9,14.0,48.91,312.0
1753533022358,12:30:22.358,COMP/USDT:USDT,48.88,2.0,48.87,314.0,48.9,14.0,48.91,312.0
1753533022510,12:30:22.510,COMP/USDT:USDT,48.88,307.0,48.87,314.0,48.9,14.0,48.91,312.0
1753533022612,12:30:22.612,COMP/USDT:USDT,48.88,305.0,48.87,314.0,48.9,14.0,48.91,312.0
1753533022662,12:30:22.662,COMP/USDT:USDT,48.87,314.0,48.86,344.0,48.9,14.0,48.91,312.0
1753533022813,12:30:22.813,COMP/USDT:USDT,48.88,2.0,48.87,314.0,48.9,14.0,48.91,312.0
1753533022917,12:30:22.917,COMP/USDT:USDT,48.88,2.0,48.87,314.0,48.9,14.0,48.91,312.0
1753533022964,12:30:22.964,COMP/USDT:USDT,48.88,2.0,48.87,314.0,48.9,14.0,48.91,312.0
1753533023117,12:30:23.117,COMP/USDT:USDT,48.88,2.0,48.87,314.0,48.9,319.0,48.91,312.0
1753533023222,12:30:23.222,COMP/USDT:USDT,48.88,2.0,48.87,314.0,48.91,312.0,48.93,1863.0
1753533023312,12:30:23.312,COMP/USDT:USDT,48.88,307.0,48.87,314.0,48.9,14.0,48.91,312.0
1753533023419,12:30:23.419,COMP/USDT:USDT,48.87,314.0,48.86,344.0,48.9,14.0,48.91,312.0
1753533023530,12:30:23.530,COMP/USDT:USDT,48.87,314.0,48.86,314.0,48.9,319.0,48.91,312.0
1753533023542,12:30:23.542,COMP/USDT:USDT,48.86,314.0,48.85,2176.0,48.9,319.0,48.91,312.0
1753533023725,12:30:23.725,COMP/USDT:USDT,48.86,314.0,48.85,2176.0,48.9,319.0,48.91,312.0
1753533023927,12:30:23.927,COMP/USDT:USDT,48.88,2.0,48.86,314.0,48.89,305.0,48.9,319.0
1753533023964,12:30:23.964,COMP/USDT:USDT,48.87,2.0,48.86,314.0,48.89,305.0,48.9,319.0
1753533024113,12:30:24.113,COMP/USDT:USDT,48.87,2.0,48.86,314.0,48.91,312.0,48.92,1137.0
1753533024218,12:30:24.218,COMP/USDT:USDT,48.87,2.0,48.86,314.0,48.89,305.0,48.9,14.0
1753533024264,12:30:24.264,COMP/USDT:USDT,48.87,307.0,48.86,314.0,48.89,305.0,48.91,312.0
1753533024417,12:30:24.417,COMP/USDT:USDT,48.86,314.0,48.85,2176.0,48.91,312.0,48.92,1137.0
1753533024462,12:30:24.462,COMP/USDT:USDT,48.87,2.0,48.86,314.0,48.89,305.0,48.9,14.0
1753533024615,12:30:24.615,COMP/USDT:USDT,48.87,2.0,48.86,314.0,48.91,312.0,48.92,1137.0
1753533024732,12:30:24.732,COMP/USDT:USDT,48.87,307.0,48.86,314.0,48.89,305.0,48.9,14.0
1753533024801,12:30:24.801,COMP/USDT:USDT,48.87,305.0,48.86,314.0,48.91,312.0,48.92,1137.0
1753533024935,12:30:24.935,COMP/USDT:USDT,48.88,2.0,48.87,305.0,48.9,14.0,48.91,312.0
1753533024999,12:30:24.999,COMP/USDT:USDT,48.88,2.0,48.87,305.0,48.89,305.0,48.9,14.0
1753533025286,12:30:25.286,COMP/USDT:USDT,48.88,2.0,48.86,314.0,48.89,305.0,48.9,14.0
1753533025402,12:30:25.402,COMP/USDT:USDT,48.87,2.0,48.86,314.0,48.89,305.0,48.9,14.0
1753533025462,12:30:25.462,COMP/USDT:USDT,48.87,307.0,48.86,314.0,48.91,312.0,48.92,1137.0
1753533025562,12:30:25.562,COMP/USDT:USDT,48.87,307.0,48.86,314.0,48.89,305.0,48.9,319.0
1753533025733,12:30:25.733,COMP/USDT:USDT,48.86,314.0,48.85,2176.0,48.91,312.0,48.92,1137.0
1753533025816,12:30:25.816,COMP/USDT:USDT,48.87,2.0,48.86,314.0,48.9,14.0,48.91,312.0
1753533025897,12:30:25.897,COMP/USDT:USDT,48.87,2.0,48.86,314.0,48.89,305.0,48.9,14.0
1753533025965,12:30:25.965,COMP/USDT:USDT,48.87,307.0,48.86,314.0,48.89,305.0,48.91,312.0
1753533026118,12:30:26.118,COMP/USDT:USDT,48.86,314.0,48.85,2176.0,48.91,312.0,48.92,1137.0
1753533026148,12:30:26.148,COMP/USDT:USDT,48.87,2.0,48.86,314.0,48.89,305.0,48.9,14.0
1753533026309,12:30:26.309,COMP/USDT:USDT,48.87,307.0,48.86,314.0,48.91,312.0,48.92,1137.0
1753533026413,12:30:26.413,COMP/USDT:USDT,48.87,307.0,48.86,314.0,48.89,305.0,48.9,14.0
1753533026503,12:30:26.503,COMP/USDT:USDT,48.86,314.0,48.85,2176.0,48.91,312.0,48.92,1137.0
1753533026614,12:30:26.614,COMP/USDT:USDT,48.87,2.0,48.86,314.0,48.89,305.0,48.9,14.0
1753533026714,12:30:26.714,COMP/USDT:USDT,48.87,2.0,48.86,314.0,48.91,312.0,48.92,1137.0
1753533026778,12:30:26.778,COMP/USDT:USDT,48.87,2.0,48.86,314.0,48.89,313.0,48.9,14.0
1753533026929,12:30:26.929,COMP/USDT:USDT,48.87,315.0,48.86,314.0,48.91,312.0,48.92,1137.0
1753533026963,12:30:26.963,COMP/USDT:USDT,48.87,315.0,48.86,314.0,48.89,313.0,48.9,327.0
1753533027119,12:30:27.119,COMP/USDT:USDT,48.86,314.0,48.85,2176.0,48.91,312.0,48.92,1137.0
1753533027237,12:30:27.237,COMP/USDT:USDT,48.87,315.0,48.86,314.0,48.9,14.0,48.91,312.0
1753533027271,12:30:27.271,COMP/USDT:USDT,48.87,315.0,48.86,314.0,48.89,313.0,48.9,14.0
1753533027424,12:30:27.424,COMP/USDT:USDT,48.86,314.0,48.85,2176.0,48.91,312.0,48.92,1137.0
1753533027456,12:30:27.456,COMP/USDT:USDT,48.87,2.0,48.86,314.0,48.89,313.0,48.9,14.0
1753533027607,12:30:27.607,COMP/USDT:USDT,48.87,2.0,48.86,314.0,48.91,312.0,48.92,1137.0
1753533027721,12:30:27.721,COMP/USDT:USDT,48.87,2.0,48.86,314.0,48.89,313.0,48.9,14.0
1753533027802,12:30:27.802,COMP/USDT:USDT,48.87,2.0,48.86,314.0,48.91,312.0,48.92,1137.0
1753533027901,12:30:27.901,COMP/USDT:USDT,48.87,2.0,48.86,314.0,48.89,313.0,48.9,14.0
1753533028021,12:30:28.021,COMP/USDT:USDT,48.87,2.0,48.86,314.0,48.9,313.0,48.91,342.0
1753533028053,12:30:28.053,COMP/USDT:USDT,48.87,2.0,48.86,314.0,48.89,14.0,48.9,313.0
1753533028154,12:30:28.154,COMP/USDT:USDT,48.87,2.0,48.86,314.0,48.89,327.0,48.9,313.0
1753533028301,12:30:28.301,COMP/USDT:USDT,48.87,2.0,48.86,314.0,48.9,313.0,48.91,342.0
1753533028351,12:30:28.351,COMP/USDT:USDT,48.87,315.0,48.86,314.0,48.89,14.0,48.9,313.0
1753533028505,12:30:28.505,COMP/USDT:USDT,48.86,314.0,48.85,318.0,48.89,14.0,48.9,313.0
1753533028607,12:30:28.607,COMP/USDT:USDT,48.87,2.0,48.86,314.0,48.89,14.0,48.9,313.0
1753533028764,12:30:28.764,COMP/USDT:USDT,48.87,2.0,48.86,314.0,48.89,327.0,48.9,313.0
1753533028924,12:30:28.924,COMP/USDT:USDT,48.87,2.0,48.86,314.0,48.9,313.0,48.91,342.0
1753533028952,12:30:28.952,COMP/USDT:USDT,48.87,2.0,48.86,314.0,48.89,14.0,48.9,313.0
1753533029111,12:30:29.111,COMP/USDT:USDT,48.87,2.0,48.86,314.0,48.89,14.0,48.9,313.0
1753533029230,12:30:29.230,COMP/USDT:USDT,48.87,2.0,48.86,314.0,48.89,327.0,48.9,313.0
1753533029269,12:30:29.269,COMP/USDT:USDT,48.87,2.0,48.86,314.0,48.88,313.0,48.89,313.0
1753533029345,12:30:29.345,COMP/USDT:USDT,48.87,2.0,48.86,314.0,48.88,327.0,48.89,313.0
1753533029526,12:30:29.526,COMP/USDT:USDT,48.87,2.0,48.86,314.0,48.88,327.0,48.89,313.0
1753533029632,12:30:29.632,COMP/USDT:USDT,48.87,2.0,48.86,314.0,48.88,327.0,48.9,313.0
1753533029650,12:30:29.650,COMP/USDT:USDT,48.87,2.0,48.86,314.0,48.88,313.0,48.89,14.0
1753533029795,12:30:29.795,COMP/USDT:USDT,48.87,2.0,48.86,314.0,48.88,313.0,48.89,14.0
1753533029943,12:30:29.943,COMP/USDT:USDT,48.87,2.0,48.86,314.0,48.88,313.0,48.89,14.0
1753533030387,12:30:30.387,COMP/USDT:USDT,48.87,2.0,48.86,314.0,48.88,313.0,48.89,14.0
1753533030531,12:30:30.531,COMP/USDT:USDT,48.87,2.0,48.86,314.0,48.88,313.0,48.89,14.0
1753533030581,12:30:30.581,COMP/USDT:USDT,48.87,2.0,48.86,314.0,48.88,313.0,48.89,14.0
1753533031083,12:30:31.083,COMP/USDT:USDT,48.87,2.0,48.86,314.0,48.88,313.0,48.89,14.0
1753533033314,12:30:33.314,COMP/USDT:USDT,48.87,2.0,48.86,314.0,48.88,313.0,48.89,14.0
1753533033587,12:30:33.587,COMP/USDT:USDT,48.87,2.0,48.86,314.0,48.88,313.0,48.89,14.0
1753533034028,12:30:34.028,COMP/USDT:USDT,48.87,2.0,48.85,318.0,48.88,313.0,48.89,14.0
1753533034081,12:30:34.081,COMP/USDT:USDT,48.86,2.0,48.85,318.0,48.88,313.0,48.89,14.0
1753533034165,12:30:34.165,COMP/USDT:USDT,48.86,2.0,48.85,318.0,48.9,313.0,48.91,935.0
1753533034252,12:30:34.252,COMP/USDT:USDT,48.86,315.0,48.85,318.0,48.88,313.0,48.89,14.0
1753533034421,12:30:34.421,COMP/USDT:USDT,48.86,313.0,48.85,318.0,48.9,313.0,48.91,935.0
1753533034447,12:30:34.447,COMP/USDT:USDT,48.87,2.0,48.86,313.0,48.88,313.0,48.89,14.0
1753533034807,12:30:34.807,COMP/USDT:USDT,48.87,2.0,48.86,313.0,48.88,313.0,48.89,14.0
1753533035332,12:30:35.332,COMP/USDT:USDT,48.87,2.0,48.86,313.0,48.88,313.0,48.89,14.0
1753533036031,12:30:36.031,COMP/USDT:USDT,48.87,2.0,48.86,313.0,48.88,313.0,48.89,14.0
1753533036126,12:30:36.126,COMP/USDT:USDT,48.87,2.0,48.86,313.0,48.88,313.0,48.89,14.0
1753533036147,12:30:36.147,COMP/USDT:USDT,48.87,2.0,48.86,313.0,48.88,313.0,48.89,14.0
1753533036427,12:30:36.427,COMP/USDT:USDT,48.87,2.0,48.86,313.0,48.88,313.0,48.89,14.0
1753533037147,12:30:37.147,COMP/USDT:USDT,48.87,2.0,48.85,318.0,48.88,313.0,48.89,14.0
1753533037247,12:30:37.247,COMP/USDT:USDT,48.86,2.0,48.85,318.0,48.88,313.0,48.89,14.0
1753533037382,12:30:37.382,COMP/USDT:USDT,48.86,2.0,48.85,318.0,48.89,308.0,48.9,343.0
1753533037515,12:30:37.515,COMP/USDT:USDT,48.86,2.0,48.85,318.0,48.87,308.0,48.88,14.0
1753533037561,12:30:37.561,COMP/USDT:USDT,48.86,2.0,48.85,318.0,48.87,308.0,48.88,14.0
1753533037646,12:30:37.646,COMP/USDT:USDT,48.86,2.0,48.85,318.0,48.87,308.0,48.88,14.0
1753533037781,12:30:37.781,COMP/USDT:USDT,48.86,2.0,48.85,318.0,48.87,308.0,48.88,14.0
1753533038286,12:30:38.286,COMP/USDT:USDT,48.86,2.0,48.85,318.0,48.87,308.0,48.88,14.0
1753533038467,12:30:38.467,COMP/USDT:USDT,48.86,2.0,48.85,318.0,48.87,308.0,48.88,14.0
1753533038760,12:30:38.760,COMP/USDT:USDT,48.86,2.0,48.85,318.0,48.87,308.0,48.88,14.0
1753533039031,12:30:39.031,COMP/USDT:USDT,48.86,2.0,48.85,318.0,48.87,308.0,48.88,14.0
1753533039695,12:30:39.695,COMP/USDT:USDT,48.86,2.0,48.85,318.0,48.87,308.0,48.88,14.0
1753533039821,12:30:39.821,COMP/USDT:USDT,48.86,2.0,48.85,318.0,48.87,308.0,48.88,14.0
1753533040132,12:30:40.132,COMP/USDT:USDT,48.86,2.0,48.85,318.0,48.87,308.0,48.88,14.0
1753533041969,12:30:41.969,COMP/USDT:USDT,48.86,2.0,48.85,318.0,48.87,308.0,48.88,14.0
1753533042099,12:30:42.099,COMP/USDT:USDT,48.86,2.0,48.85,318.0,48.87,308.0,48.88,14.0
1753533043325,12:30:43.325,COMP/USDT:USDT,48.86,2.0,48.85,318.0,48.87,308.0,48.88,14.0
1753533043702,12:30:43.702,COMP/USDT:USDT,48.86,2.0,48.85,318.0,48.87,308.0,48.88,14.0
1753533044106,12:30:44.106,COMP/USDT:USDT,48.86,2.0,48.85,318.0,48.87,308.0,48.88,14.0
1753533044932,12:30:44.932,COMP/USDT:USDT,48.86,2.0,48.85,318.0,48.87,308.0,48.88,14.0
1753533045458,12:30:45.458,COMP/USDT:USDT,48.86,2.0,48.85,6.0,48.87,308.0,48.88,14.0
1753533045925,12:30:45.925,COMP/USDT:USDT,48.86,2.0,48.85,6.0,48.87,308.0,48.88,14.0
1753533046021,12:30:46.021,COMP/USDT:USDT,48.86,2.0,48.85,6.0,48.87,308.0,48.88,14.0
1753533046042,12:30:46.042,COMP/USDT:USDT,48.86,2.0,48.85,6.0,48.87,308.0,48.88,14.0
1753533046934,12:30:46.934,COMP/USDT:USDT,48.86,2.0,48.85,6.0,48.87,308.0,48.88,14.0
1753533047560,12:30:47.560,COMP/USDT:USDT,48.86,2.0,48.85,6.0,48.87,308.0,48.88,14.0
1753533049735,12:30:49.735,COMP/USDT:USDT,48.86,2.0,48.85,6.0,48.87,308.0,48.88,14.0
1753533050036,12:30:50.036,COMP/USDT:USDT,48.86,2.0,48.85,6.0,48.88,14.0,48.89,308.0
1753533050050,12:30:50.050,COMP/USDT:USDT,48.86,2.0,48.85,6.0,48.88,14.0,48.89,308.0
1753533050211,12:30:50.211,COMP/USDT:USDT,48.86,2.0,48.85,6.0,48.87,311.0,48.88,14.0
1753533050601,12:30:50.601,COMP/USDT:USDT,48.86,2.0,48.85,6.0,48.87,311.0,48.88,14.0
1753533052161,12:30:52.161,COMP/USDT:USDT,48.86,2.0,48.85,6.0,48.87,311.0,48.88,14.0
1753533052783,12:30:52.783,COMP/USDT:USDT,48.86,2.0,48.85,6.0,48.87,311.0,48.88,14.0
1753533054122,12:30:54.122,COMP/USDT:USDT,48.86,2.0,48.85,6.0,48.87,311.0,48.88,14.0
1753533054327,12:30:54.327,COMP/USDT:USDT,48.86,2.0,48.85,6.0,48.87,311.0,48.88,14.0
1753533054532,12:30:54.532,COMP/USDT:USDT,48.86,2.0,48.85,6.0,48.87,311.0,48.88,14.0
1753533054612,12:30:54.612,COMP/USDT:USDT,48.86,2.0,48.85,6.0,48.87,311.0,48.88,14.0
1753533057119,12:30:57.119,COMP/USDT:USDT,48.86,2.0,48.85,6.0,48.87,311.0,48.88,14.0
1753533057472,12:30:57.472,COMP/USDT:USDT,48.86,2.0,48.85,6.0,48.87,311.0,48.88,14.0
1753533059332,12:30:59.332,COMP/USDT:USDT,48.86,2.0,48.85,6.0,48.87,311.0,48.88,14.0
1753533061062,12:31:01.062,COMP/USDT:USDT,48.86,2.0,48.85,6.0,48.87,311.0,48.88,14.0
1753533061184,12:31:01.184,COMP/USDT:USDT,48.85,6.0,48.82,301.0,48.86,307.0,48.87,311.0
1753533061321,12:31:01.321,COMP/USDT:USDT,48.85,6.0,48.82,301.0,48.86,321.0,48.87,311.0
1753533061414,12:31:01.414,COMP/USDT:USDT,48.85,6.0,48.82,301.0,48.86,321.0,48.87,311.0
1753533061523,12:31:01.523,COMP/USDT:USDT,48.85,6.0,48.82,301.0,48.86,321.0,48.87,311.0
1753533061617,12:31:01.617,COMP/USDT:USDT,48.85,6.0,48.82,301.0,48.86,321.0,48.87,311.0
1753533061659,12:31:01.659,COMP/USDT:USDT,48.85,6.0,48.82,301.0,48.86,324.0,48.87,311.0
1753533062008,12:31:02.008,COMP/USDT:USDT,48.85,6.0,48.82,301.0,48.86,324.0,48.87,311.0
1753533062093,12:31:02.093,COMP/USDT:USDT,48.85,6.0,48.81,301.0,48.86,324.0,48.87,311.0
1753533062337,12:31:02.337,COMP/USDT:USDT,48.85,6.0,48.81,301.0,48.86,324.0,48.87,311.0
1753533063779,12:31:03.779,COMP/USDT:USDT,48.85,6.0,48.81,301.0,48.86,324.0,48.87,311.0
1753533064132,12:31:04.132,COMP/USDT:USDT,48.85,6.0,48.81,301.0,48.86,324.0,48.87,311.0
1753533065344,12:31:05.344,COMP/USDT:USDT,48.85,6.0,48.81,301.0,48.86,324.0,48.87,311.0
1753533065586,12:31:05.586,COMP/USDT:USDT,48.85,6.0,48.81,301.0,48.86,324.0,48.87,311.0
1753533066623,12:31:06.623,COMP/USDT:USDT,48.85,6.0,48.81,301.0,48.86,324.0,48.87,311.0
1753533067430,12:31:07.430,COMP/USDT:USDT,48.85,6.0,48.81,331.0,48.86,14.0,48.87,311.0
1753533067476,12:31:07.476,COMP/USDT:USDT,48.85,6.0,48.81,1973.0,48.86,14.0,48.87,311.0
1753533067637,12:31:07.637,COMP/USDT:USDT,48.85,6.0,48.81,1973.0,48.86,14.0,48.87,311.0
1753533067855,12:31:07.855,COMP/USDT:USDT,48.85,6.0,48.81,1973.0,48.86,14.0,48.87,311.0
1753533068011,12:31:08.011,COMP/USDT:USDT,48.85,6.0,48.81,1973.0,48.86,14.0,48.87,311.0
1753533068164,12:31:08.164,COMP/USDT:USDT,48.85,6.0,48.81,1973.0,48.86,14.0,48.87,311.0
1753533068323,12:31:08.323,COMP/USDT:USDT,48.85,6.0,48.81,1973.0,48.86,14.0,48.87,311.0
1753533068522,12:31:08.522,COMP/USDT:USDT,48.85,6.0,48.81,1973.0,48.86,14.0,48.88,310.0
1753533068546,12:31:08.546,COMP/USDT:USDT,48.85,6.0,48.81,1973.0,48.87,14.0,48.88,310.0
1753533068660,12:31:08.660,COMP/USDT:USDT,48.85,6.0,48.81,1973.0,48.87,14.0,48.88,310.0
1753533068813,12:31:08.813,COMP/USDT:USDT,48.85,6.0,48.81,1973.0,48.86,304.0,48.87,14.0
1753533068932,12:31:08.932,COMP/USDT:USDT,48.85,6.0,48.81,1973.0,48.86,304.0,48.87,14.0
1753533069018,12:31:09.018,COMP/USDT:USDT,48.85,310.0,48.81,1973.0,48.87,14.0,48.88,310.0
1753533069043,12:31:09.043,COMP/USDT:USDT,48.85,310.0,48.81,1973.0,48.87,14.0,48.88,310.0
1753533072701,12:31:12.701,COMP/USDT:USDT,48.86,304.0,48.85,310.0,48.87,14.0,48.88,310.0
1753533072861,12:31:12.861,COMP/USDT:USDT,48.86,304.0,48.85,310.0,48.87,14.0,48.88,310.0
1753533073733,12:31:13.733,COMP/USDT:USDT,48.86,304.0,48.85,310.0,48.87,14.0,48.88,310.0
1753533073763,12:31:13.763,COMP/USDT:USDT,48.86,304.0,48.85,310.0,48.87,14.0,48.88,310.0
1753533074258,12:31:14.258,COMP/USDT:USDT,48.86,304.0,48.85,310.0,48.87,14.0,48.88,310.0
1753533074874,12:31:14.874,COMP/USDT:USDT,48.86,304.0,48.85,310.0,48.87,14.0,48.88,310.0
1753533078021,12:31:18.021,COMP/USDT:USDT,48.86,304.0,48.85,310.0,48.87,14.0,48.9,313.0
1753533078122,12:31:18.122,COMP/USDT:USDT,48.86,304.0,48.85,310.0,48.87,14.0,48.89,1641.0
1753533078142,12:31:18.142,COMP/USDT:USDT,48.86,304.0,48.85,310.0,48.87,14.0,48.89,1641.0
1753533078535,12:31:18.535,COMP/USDT:USDT,48.86,304.0,48.85,310.0,48.87,14.0,48.89,1641.0
1753533078735,12:31:18.735,COMP/USDT:USDT,48.86,304.0,48.85,310.0,48.88,14.0,48.89,1641.0
1753533078910,12:31:18.910,COMP/USDT:USDT,48.86,304.0,48.85,310.0,48.88,14.0,48.89,1641.0
1753533079035,12:31:19.035,COMP/USDT:USDT,48.86,304.0,48.85,310.0,48.88,14.0,48.89,1641.0
1753533079131,12:31:19.131,COMP/USDT:USDT,48.86,304.0,48.85,310.0,48.88,321.0,48.89,1641.0
1753533079145,12:31:19.145,COMP/USDT:USDT,48.86,304.0,48.85,310.0,48.88,307.0,48.89,1641.0
1753533080009,12:31:20.009,COMP/USDT:USDT,48.86,304.0,48.85,310.0,48.88,307.0,48.89,1641.0
1753533081136,12:31:21.136,COMP/USDT:USDT,48.86,304.0,48.85,310.0,48.88,307.0,48.89,1641.0
1753533081141,12:31:21.141,COMP/USDT:USDT,48.86,304.0,48.85,310.0,48.88,307.0,48.89,1641.0
1753533081361,12:31:21.361,COMP/USDT:USDT,48.86,304.0,48.85,310.0,48.88,307.0,48.89,1641.0
1753533081689,12:31:21.689,COMP/USDT:USDT,48.85,310.0,48.83,2321.0,48.88,307.0,48.89,1641.0
1753533081801,12:31:21.801,COMP/USDT:USDT,48.86,307.0,48.85,310.0,48.87,14.0,48.88,307.0
1753533082219,12:31:22.219,COMP/USDT:USDT,48.85,310.0,48.83,2321.0,48.87,321.0,48.88,307.0
1753533082245,12:31:22.245,COMP/USDT:USDT,48.85,310.0,48.83,2321.0,48.87,307.0,48.88,307.0
1753533082363,12:31:22.363,COMP/USDT:USDT,48.85,310.0,48.83,2321.0,48.88,307.0,48.89,1948.0
1753533082522,12:31:22.522,COMP/USDT:USDT,48.85,310.0,48.83,2321.0,48.87,14.0,48.88,307.0
1753533082571,12:31:22.571,COMP/USDT:USDT,48.85,310.0,48.82,3159.0,48.87,14.0,48.88,307.0
1753533082676,12:31:22.676,COMP/USDT:USDT,48.85,310.0,48.82,3159.0,48.87,14.0,48.88,307.0
1753533083137,12:31:23.137,COMP/USDT:USDT,48.85,310.0,48.82,3159.0,48.87,14.0,48.88,307.0
1753533083142,12:31:23.142,COMP/USDT:USDT,48.85,310.0,48.82,3159.0,48.87,14.0,48.88,307.0
1753533083334,12:31:23.334,COMP/USDT:USDT,48.85,6.0,48.84,307.0,48.87,14.0,48.88,307.0
1753533083361,12:31:23.361,COMP/USDT:USDT,48.85,6.0,48.84,307.0,48.87,14.0,48.88,307.0
1753533083442,12:31:23.442,COMP/USDT:USDT,48.85,6.0,48.84,307.0,48.86,307.0,48.87,14.0
1753533083866,12:31:23.866,COMP/USDT:USDT,48.85,6.0,48.84,307.0,48.86,307.0,48.87,14.0
1753533084002,12:31:24.002,COMP/USDT:USDT,48.85,6.0,48.84,307.0,48.86,307.0,48.87,14.0
1753533084714,12:31:24.714,COMP/USDT:USDT,48.85,6.0,48.84,307.0,48.87,14.0,48.88,307.0
1753533084864,12:31:24.864,COMP/USDT:USDT,48.85,6.0,48.84,307.0,48.87,14.0,48.88,307.0
1753533085017,12:31:25.017,COMP/USDT:USDT,48.85,6.0,48.84,307.0,48.87,14.0,48.88,307.0
1753533085087,12:31:25.087,COMP/USDT:USDT,48.85,313.0,48.84,307.0,48.87,14.0,48.88,307.0
1753533085167,12:31:25.167,COMP/USDT:USDT,48.85,313.0,48.84,307.0,48.87,321.0,48.88,307.0
1753533085319,12:31:25.319,COMP/USDT:USDT,48.85,313.0,48.84,307.0,48.88,307.0,48.89,1948.0
1753533085346,12:31:25.346,COMP/USDT:USDT,48.85,313.0,48.84,307.0,48.87,14.0,48.88,307.0
1753533085474,12:31:25.474,COMP/USDT:USDT,48.85,313.0,48.84,307.0,48.87,14.0,48.88,307.0
1753533086196,12:31:26.196,COMP/USDT:USDT,48.85,313.0,48.84,307.0,48.87,14.0,48.88,307.0
1753533086347,12:31:26.347,COMP/USDT:USDT,48.85,313.0,48.84,307.0,48.87,321.0,48.88,307.0
1753533086523,12:31:26.523,COMP/USDT:USDT,48.85,313.0,48.84,307.0,48.88,307.0,48.89,1948.0
1753533086545,12:31:26.545,COMP/USDT:USDT,48.85,313.0,48.84,307.0,48.87,14.0,48.88,307.0
1753533086652,12:31:26.652,COMP/USDT:USDT,48.85,313.0,48.84,307.0,48.87,14.0,48.88,307.0
1753533087144,12:31:27.144,COMP/USDT:USDT,48.85,313.0,48.84,307.0,48.87,319.0,48.88,307.0
1753533087295,12:31:27.295,COMP/USDT:USDT,48.85,313.0,48.84,307.0,48.88,307.0,48.89,1948.0
1753533087345,12:31:27.345,COMP/USDT:USDT,48.85,313.0,48.84,307.0,48.87,14.0,48.88,307.0
1753533087530,12:31:27.530,COMP/USDT:USDT,48.85,313.0,48.84,307.0,48.87,14.0,48.88,307.0
1753533087615,12:31:27.615,COMP/USDT:USDT,48.85,313.0,48.84,307.0,48.87,14.0,48.88,307.0
1753533088138,12:31:28.138,COMP/USDT:USDT,48.85,313.0,48.84,307.0,48.87,14.0,48.88,307.0
1753533088287,12:31:28.287,COMP/USDT:USDT,48.85,313.0,48.84,307.0,48.87,14.0,48.88,307.0
1753533089170,12:31:29.170,COMP/USDT:USDT,48.85,6.0,48.84,307.0,48.86,305.0,48.87,14.0
1753533089566,12:31:29.566,COMP/USDT:USDT,48.85,6.0,48.84,307.0,48.86,305.0,48.87,14.0
1753533090359,12:31:30.359,COMP/USDT:USDT,48.85,6.0,48.84,307.0,48.87,14.0,48.88,307.0
1753533090508,12:31:30.508,COMP/USDT:USDT,48.85,6.0,48.84,307.0,48.87,319.0,48.88,307.0
1753533090545,12:31:30.545,COMP/USDT:USDT,48.85,6.0,48.84,307.0,48.87,305.0,48.88,307.0
1753533090661,12:31:30.661,COMP/USDT:USDT,48.85,6.0,48.84,307.0,48.88,307.0,48.89,1948.0
1753533090825,12:31:30.825,COMP/USDT:USDT,48.85,6.0,48.84,307.0,48.87,14.0,48.88,307.0
1753533090894,12:31:30.894,COMP/USDT:USDT,48.85,6.0,48.84,307.0,48.87,14.0,48.88,307.0
1753533091011,12:31:31.011,COMP/USDT:USDT,48.85,6.0,48.84,307.0,48.87,14.0,48.88,307.0
1753533091063,12:31:31.063,COMP/USDT:USDT,48.85,311.0,48.84,307.0,48.87,14.0,48.88,307.0
1753533091204,12:31:31.204,COMP/USDT:USDT,48.85,311.0,48.84,307.0,48.87,319.0,48.88,307.0
1753533091315,12:31:31.315,COMP/USDT:USDT,48.85,311.0,48.84,307.0,48.88,307.0,48.89,1948.0
1753533091345,12:31:31.345,COMP/USDT:USDT,48.85,311.0,48.84,307.0,48.87,14.0,48.88,307.0
1753533091469,12:31:31.469,COMP/USDT:USDT,48.85,311.0,48.84,307.0,48.87,14.0,48.88,307.0
1753533092937,12:31:32.937,COMP/USDT:USDT,48.85,311.0,48.84,307.0,48.87,14.0,48.88,307.0
1753533092941,12:31:32.941,COMP/USDT:USDT,48.85,311.0,48.84,307.0,48.87,14.0,48.88,307.0
1753533093089,12:31:33.089,COMP/USDT:USDT,48.85,311.0,48.84,307.0,48.87,319.0,48.88,307.0
1753533093145,12:31:33.145,COMP/USDT:USDT,48.85,311.0,48.84,307.0,48.87,305.0,48.88,307.0
1753533093242,12:31:33.242,COMP/USDT:USDT,48.85,311.0,48.84,307.0,48.88,307.0,48.89,1948.0
1753533093393,12:31:33.393,COMP/USDT:USDT,48.85,311.0,48.84,307.0,48.87,319.0,48.88,307.0
1753533093448,12:31:33.448,COMP/USDT:USDT,48.85,311.0,48.84,307.0,48.87,305.0,48.88,307.0
1753533093544,12:31:33.544,COMP/USDT:USDT,48.85,311.0,48.84,307.0,48.88,307.0,48.89,1948.0
1753533093709,12:31:33.709,COMP/USDT:USDT,48.85,311.0,48.84,307.0,48.87,14.0,48.88,307.0
1753533093802,12:31:33.802,COMP/USDT:USDT,48.85,311.0,48.84,307.0,48.87,14.0,48.88,307.0
1753533094701,12:31:34.701,COMP/USDT:USDT,48.85,311.0,48.84,307.0,48.87,319.0,48.88,307.0
1753533094745,12:31:34.745,COMP/USDT:USDT,48.85,311.0,48.84,307.0,48.87,305.0,48.88,307.0
1753533094854,12:31:34.854,COMP/USDT:USDT,48.85,311.0,48.84,307.0,48.88,307.0,48.89,1948.0
1753533095011,12:31:35.011,COMP/USDT:USDT,48.85,311.0,48.84,307.0,48.87,14.0,48.88,307.0
1753533095337,12:31:35.337,COMP/USDT:USDT,48.86,305.0,48.85,311.0,48.87,14.0,48.88,307.0
1753533095389,12:31:35.389,COMP/USDT:USDT,48.86,305.0,48.85,311.0,48.87,14.0,48.88,307.0
1753533095663,12:31:35.663,COMP/USDT:USDT,48.86,305.0,48.85,311.0,48.87,14.0,48.88,307.0
1753533097733,12:31:37.733,COMP/USDT:USDT,48.86,305.0,48.85,311.0,48.87,14.0,48.88,307.0
1753533098093,12:31:38.093,COMP/USDT:USDT,48.86,305.0,48.85,311.0,48.87,14.0,48.88,307.0
1753533102534,12:31:42.534,COMP/USDT:USDT,48.86,305.0,48.85,311.0,48.87,14.0,48.88,307.0
1753533102641,12:31:42.641,COMP/USDT:USDT,48.86,305.0,48.85,311.0,48.87,14.0,48.88,307.0
1753533102987,12:31:42.987,COMP/USDT:USDT,48.86,305.0,48.85,311.0,48.87,14.0,48.88,307.0
1753533103828,12:31:43.828,COMP/USDT:USDT,48.86,305.0,48.85,311.0,48.87,14.0,48.88,307.0
1753533104417,12:31:44.417,COMP/USDT:USDT,48.86,305.0,48.85,311.0,48.87,14.0,48.88,307.0
1753533104579,12:31:44.579,COMP/USDT:USDT,48.86,305.0,48.85,311.0,48.87,14.0,48.88,307.0
1753533106220,12:31:46.220,COMP/USDT:USDT,48.86,305.0,48.85,311.0,48.87,14.0,48.88,307.0
1753533106656,12:31:46.656,COMP/USDT:USDT,48.86,305.0,48.85,311.0,48.87,14.0,48.88,307.0
1753533107333,12:31:47.333,COMP/USDT:USDT,48.86,305.0,48.85,311.0,48.87,14.0,48.88,307.0
1753533107890,12:31:47.890,COMP/USDT:USDT,48.85,311.0,48.84,307.0,48.87,14.0,48.88,307.0
1753533108037,12:31:48.037,COMP/USDT:USDT,48.85,311.0,48.84,307.0,48.87,314.0,48.88,307.0
1753533108047,12:31:48.047,COMP/USDT:USDT,48.85,311.0,48.84,307.0,48.88,307.0,48.89,1948.0
1753533108204,12:31:48.204,COMP/USDT:USDT,48.85,311.0,48.84,307.0,48.87,14.0,48.88,307.0
1753533108312,12:31:48.312,COMP/USDT:USDT,48.85,311.0,48.84,307.0,48.87,14.0,48.88,307.0
1753533108358,12:31:48.358,COMP/USDT:USDT,48.85,311.0,48.84,307.0,48.87,14.0,48.88,307.0
1753533108449,12:31:48.449,COMP/USDT:USDT,48.86,300.0,48.85,311.0,48.87,14.0,48.88,307.0
1753533108937,12:31:48.937,COMP/USDT:USDT,48.85,311.0,48.84,307.0,48.87,14.0,48.88,307.0
1753533109002,12:31:49.002,COMP/USDT:USDT,48.85,311.0,48.84,307.0,48.87,14.0,48.88,307.0
1753533109064,12:31:49.064,COMP/USDT:USDT,48.85,311.0,48.84,307.0,48.87,14.0,48.88,307.0
1753533109969,12:31:49.969,COMP/USDT:USDT,48.85,311.0,48.84,307.0,48.87,14.0,48.88,307.0
1753533112134,12:31:52.134,COMP/USDT:USDT,48.85,311.0,48.84,307.0,48.87,14.0,48.88,307.0
1753533112155,12:31:52.155,COMP/USDT:USDT,48.85,311.0,48.84,307.0,48.87,14.0,48.88,307.0
1753533113221,12:31:53.221,COMP/USDT:USDT,48.85,311.0,48.84,307.0,48.87,14.0,48.88,307.0
1753533113242,12:31:53.242,COMP/USDT:USDT,48.85,311.0,48.84,307.0,48.87,14.0,48.88,307.0
1753533116937,12:31:56.937,COMP/USDT:USDT,48.85,311.0,48.84,307.0,48.87,14.0,48.88,307.0
1753533117092,12:31:57.092,COMP/USDT:USDT,48.85,311.0,48.84,307.0,48.87,14.0,48.88,307.0
1753533119009,12:31:59.009,COMP/USDT:USDT,48.85,6.0,48.84,307.0,48.86,310.0,48.87,14.0
1753533119121,12:31:59.121,COMP/USDT:USDT,48.85,6.0,48.84,307.0,48.86,310.0,48.87,14.0
1753533119225,12:31:59.225,COMP/USDT:USDT,48.85,6.0,48.84,307.0,48.86,310.0,48.87,14.0
1753533119492,12:31:59.492,COMP/USDT:USDT,48.85,6.0,48.83,310.0,48.86,310.0,48.87,14.0
1753533121005,12:32:01.005,COMP/USDT:USDT,48.85,6.0,48.83,310.0,48.86,310.0,48.87,14.0
1753533121103,12:32:01.103,COMP/USDT:USDT,48.85,6.0,48.83,310.0,48.86,310.0,48.87,14.0
1753533121252,12:32:01.252,COMP/USDT:USDT,48.85,6.0,48.83,310.0,48.86,310.0,48.87,14.0
1753533121601,12:32:01.601,COMP/USDT:USDT,48.85,6.0,48.83,310.0,48.86,310.0,48.87,14.0
1753533121736,12:32:01.736,COMP/USDT:USDT,48.85,6.0,48.83,310.0,48.86,310.0,48.87,14.0
1753533122005,12:32:02.005,COMP/USDT:USDT,48.85,6.0,48.83,310.0,48.86,310.0,48.87,14.0
1753533122159,12:32:02.159,COMP/USDT:USDT,48.85,6.0,48.83,310.0,48.86,310.0,48.87,14.0
1753533122323,12:32:02.323,COMP/USDT:USDT,48.85,6.0,48.83,310.0,48.86,310.0,48.87,14.0
1753533122427,12:32:02.427,COMP/USDT:USDT,48.85,6.0,48.82,310.0,48.86,310.0,48.87,14.0
1753533122502,12:32:02.502,COMP/USDT:USDT,48.85,6.0,48.82,310.0,48.86,310.0,48.87,14.0
1753533122622,12:32:02.622,COMP/USDT:USDT,48.8,310.0,48.79,335.0,48.84,310.0,48.85,611.0
1753533122701,12:32:02.701,COMP/USDT:USDT,48.8,310.0,48.79,335.0,48.83,14.0,48.84,310.0
1753533122912,12:32:02.912,COMP/USDT:USDT,48.8,310.0,48.79,335.0,48.83,14.0,48.84,310.0
1753533123039,12:32:03.039,COMP/USDT:USDT,48.8,310.0,48.79,335.0,48.83,14.0,48.84,310.0
1753533123309,12:32:03.309,COMP/USDT:USDT,48.8,310.0,48.79,335.0,48.83,14.0,48.84,310.0
1753533123603,12:32:03.603,COMP/USDT:USDT,48.8,310.0,48.79,335.0,48.83,14.0,48.84,310.0
1753533123736,12:32:03.736,COMP/USDT:USDT,48.8,310.0,48.79,335.0,48.83,14.0,48.84,310.0
1753533123781,12:32:03.781,COMP/USDT:USDT,48.8,310.0,48.79,335.0,48.83,14.0,48.84,310.0
1753533124003,12:32:04.003,COMP/USDT:USDT,48.8,310.0,48.79,335.0,48.83,14.0,48.84,310.0
1753533124778,12:32:04.778,COMP/USDT:USDT,48.8,310.0,48.79,335.0,48.83,14.0,48.86,310.0
1753533124862,12:32:04.862,COMP/USDT:USDT,48.8,310.0,48.79,335.0,48.84,310.0,48.85,14.0
1753533124967,12:32:04.967,COMP/USDT:USDT,48.8,310.0,48.79,335.0,48.83,14.0,48.84,310.0
1753533125161,12:32:05.161,COMP/USDT:USDT,48.8,310.0,48.79,335.0,48.83,14.0,48.84,310.0
1753533125384,12:32:05.384,COMP/USDT:USDT,48.8,310.0,48.79,335.0,48.83,14.0,48.84,310.0
1753533125466,12:32:05.466,COMP/USDT:USDT,48.8,310.0,48.79,335.0,48.83,14.0,48.84,310.0
1753533126534,12:32:06.534,COMP/USDT:USDT,48.8,310.0,48.79,335.0,48.83,14.0,48.84,310.0
1753533126561,12:32:06.561,COMP/USDT:USDT,48.8,310.0,48.79,335.0,48.83,14.0,48.84,310.0
1753533126954,12:32:06.954,COMP/USDT:USDT,48.8,310.0,48.79,335.0,48.83,14.0,48.86,310.0
1753533127061,12:32:07.061,COMP/USDT:USDT,48.8,310.0,48.79,335.0,48.84,300.0,48.85,14.0
1753533127146,12:32:07.146,COMP/USDT:USDT,48.8,310.0,48.79,335.0,48.83,14.0,48.84,300.0
1753533127463,12:32:07.463,COMP/USDT:USDT,48.8,310.0,48.79,335.0,48.83,14.0,48.84,300.0
1753533127689,12:32:07.689,COMP/USDT:USDT,48.8,310.0,48.79,335.0,48.83,14.0,48.84,300.0
1753533127800,12:32:07.800,COMP/USDT:USDT,48.8,310.0,48.79,335.0,48.83,14.0,48.84,300.0
1753533127843,12:32:07.843,COMP/USDT:USDT,48.8,310.0,48.79,335.0,48.83,314.0,48.84,300.0
1753533128302,12:32:08.302,COMP/USDT:USDT,48.8,310.0,48.79,335.0,48.83,314.0,48.84,300.0
1753533128609,12:32:08.609,COMP/USDT:USDT,48.79,305.0,48.78,2235.0,48.83,314.0,48.84,300.0
1753533128661,12:32:08.661,COMP/USDT:USDT,48.79,305.0,48.78,2235.0,48.83,314.0,48.84,300.0
1753533129129,12:32:09.129,COMP/USDT:USDT,48.79,305.0,48.78,2235.0,48.83,314.0,48.86,310.0
1753533129163,12:32:09.163,COMP/USDT:USDT,48.79,305.0,48.78,2235.0,48.83,314.0,48.86,310.0
1753533130136,12:32:10.136,COMP/USDT:USDT,48.79,305.0,48.77,6933.0,48.82,300.0,48.83,314.0
1753533130161,12:32:10.161,COMP/USDT:USDT,48.79,305.0,48.77,6933.0,48.81,14.0,48.82,300.0
1753533130315,12:32:10.315,COMP/USDT:USDT,48.79,305.0,48.77,12078.0,48.81,14.0,48.82,300.0
1753533130391,12:32:10.391,COMP/USDT:USDT,48.79,305.0,48.77,12078.0,48.81,14.0,48.82,300.0
1753533130526,12:32:10.526,COMP/USDT:USDT,48.79,305.0,48.77,12078.0,48.81,14.0,48.82,300.0
1753533130931,12:32:10.931,COMP/USDT:USDT,48.79,305.0,48.77,12078.0,48.81,14.0,48.82,300.0
1753533131335,12:32:11.335,COMP/USDT:USDT,48.79,305.0,48.77,12078.0,48.81,14.0,48.83,300.0
1753533131436,12:32:11.436,COMP/USDT:USDT,48.79,305.0,48.77,12078.0,48.82,314.0,48.83,300.0
1753533131665,12:32:11.665,COMP/USDT:USDT,48.79,305.0,48.77,12078.0,48.82,314.0,48.83,300.0
1753533132458,12:32:12.458,COMP/USDT:USDT,48.79,305.0,48.77,12078.0,48.82,314.0,48.83,300.0
1753533132721,12:32:12.721,COMP/USDT:USDT,48.79,305.0,48.77,12078.0,48.82,314.0,48.83,300.0
1753533132893,12:32:12.893,COMP/USDT:USDT,48.79,305.0,48.77,12078.0,48.82,314.0,48.83,300.0
1753533133005,12:32:13.005,COMP/USDT:USDT,48.79,305.0,48.77,12078.0,48.82,314.0,48.83,300.0
1753533133481,12:32:13.481,COMP/USDT:USDT,48.79,305.0,48.77,12078.0,48.82,314.0,48.86,310.0
1753533133601,12:32:13.601,COMP/USDT:USDT,48.79,305.0,48.77,5457.0,48.82,314.0,48.86,310.0
1753533133715,12:32:13.715,COMP/USDT:USDT,48.79,305.0,48.77,5457.0,48.82,314.0,48.86,310.0
1753533134090,12:32:14.090,COMP/USDT:USDT,48.79,305.0,48.77,5457.0,48.82,314.0,48.86,310.0
1753533134259,12:32:14.259,COMP/USDT:USDT,48.79,305.0,48.77,5457.0,48.82,314.0,48.86,310.0
1753533134601,12:32:14.601,COMP/USDT:USDT,48.79,305.0,48.77,5457.0,48.82,314.0,48.86,769.0
1753533134937,12:32:14.937,COMP/USDT:USDT,48.79,305.0,48.77,5457.0,48.82,314.0,48.86,769.0
1753533135169,12:32:15.169,COMP/USDT:USDT,48.79,305.0,48.77,5457.0,48.82,314.0,48.86,769.0
1753533135254,12:32:15.254,COMP/USDT:USDT,48.79,305.0,48.77,5457.0,48.82,314.0,48.86,769.0
1753533135625,12:32:15.625,COMP/USDT:USDT,48.79,305.0,48.77,5457.0,48.82,314.0,48.86,769.0
1753533137334,12:32:17.334,COMP/USDT:USDT,48.79,305.0,48.77,5457.0,48.82,314.0,48.86,769.0
1753533137794,12:32:17.794,COMP/USDT:USDT,48.79,305.0,48.77,5457.0,48.82,314.0,48.86,769.0
1753533138671,12:32:18.671,COMP/USDT:USDT,48.79,305.0,48.77,5457.0,48.82,314.0,48.86,769.0
1753533139978,12:32:19.978,COMP/USDT:USDT,48.79,305.0,48.77,5457.0,48.82,314.0,48.86,769.0
1753533141234,12:32:21.234,COMP/USDT:USDT,48.79,305.0,48.77,5457.0,48.81,303.0,48.82,314.0
1753533141253,12:32:21.253,COMP/USDT:USDT,48.79,305.0,48.77,5457.0,48.82,300.0,48.86,769.0
1753533141380,12:32:21.380,COMP/USDT:USDT,48.79,305.0,48.77,5457.0,48.81,14.0,48.82,300.0
1753533141541,12:32:21.541,COMP/USDT:USDT,48.79,305.0,48.77,5457.0,48.81,14.0,48.82,300.0
1753533142134,12:32:22.134,COMP/USDT:USDT,48.79,305.0,48.77,5457.0,48.81,14.0,48.82,300.0
1753533144725,12:32:24.725,COMP/USDT:USDT,48.78,303.0,48.77,342.0,48.81,14.0,48.82,300.0
1753533144815,12:32:24.815,COMP/USDT:USDT,48.78,303.0,48.77,342.0,48.81,14.0,48.82,300.0
1753533144954,12:32:24.954,COMP/USDT:USDT,48.78,303.0,48.77,342.0,48.81,14.0,48.82,300.0
1753533145101,12:32:25.101,COMP/USDT:USDT,48.78,303.0,48.77,342.0,48.81,14.0,48.82,300.0
1753533145365,12:32:25.365,COMP/USDT:USDT,48.78,303.0,48.77,342.0,48.81,14.0,48.82,300.0
1753533145469,12:32:25.469,COMP/USDT:USDT,48.78,303.0,48.77,342.0,48.81,14.0,48.82,300.0
1753533146004,12:32:26.004,COMP/USDT:USDT,48.78,303.0,48.77,342.0,48.81,14.0,48.82,300.0
1753533146322,12:32:26.322,COMP/USDT:USDT,48.78,303.0,48.77,342.0,48.81,14.0,48.82,300.0
1753533146701,12:32:26.701,COMP/USDT:USDT,48.78,303.0,48.77,342.0,48.81,14.0,48.82,300.0
1753533146788,12:32:26.788,COMP/USDT:USDT,48.78,303.0,48.77,342.0,48.81,14.0,48.82,300.0
1753533146935,12:32:26.935,COMP/USDT:USDT,48.78,303.0,48.77,342.0,48.81,14.0,48.82,300.0
1753533147518,12:32:27.518,COMP/USDT:USDT,48.78,303.0,48.77,342.0,48.81,14.0,48.82,300.0
1753533148182,12:32:28.182,COMP/USDT:USDT,48.78,303.0,48.77,342.0,48.81,14.0,48.82,300.0
1753533148337,12:32:28.337,COMP/USDT:USDT,48.78,303.0,48.77,342.0,48.81,324.0,48.82,300.0
1753533148338,12:32:28.338,COMP/USDT:USDT,48.78,303.0,48.77,342.0,48.81,14.0,48.82,300.0
1753533148501,12:32:28.501,COMP/USDT:USDT,48.78,303.0,48.77,342.0,48.81,324.0,48.82,300.0
1753533148725,12:32:28.725,COMP/USDT:USDT,48.77,312.0,48.76,5456.0,48.8,310.0,48.81,324.0
1753533148801,12:32:28.801,COMP/USDT:USDT,48.77,312.0,48.76,5456.0,48.79,14.0,48.8,310.0
1753533149005,12:32:29.005,COMP/USDT:USDT,48.77,312.0,48.76,5456.0,48.79,14.0,48.8,310.0
1753533149145,12:32:29.145,COMP/USDT:USDT,48.77,312.0,48.76,5456.0,48.79,14.0,48.8,310.0
1753533149461,12:32:29.461,COMP/USDT:USDT,48.77,312.0,48.76,5456.0,48.79,14.0,48.81,310.0
1753533149561,12:32:29.561,COMP/USDT:USDT,48.78,310.0,48.77,342.0,48.8,14.0,48.81,310.0
1753533149969,12:32:29.969,COMP/USDT:USDT,48.78,310.0,48.77,342.0,48.8,14.0,48.81,310.0
1753533150382,12:32:30.382,COMP/USDT:USDT,48.78,310.0,48.77,342.0,48.8,14.0,48.81,310.0
1753533150818,12:32:30.818,COMP/USDT:USDT,48.78,310.0,48.77,342.0,48.8,14.0,48.82,300.0
1753533150845,12:32:30.845,COMP/USDT:USDT,48.78,310.0,48.77,342.0,48.81,14.0,48.82,300.0
1753533150970,12:32:30.970,COMP/USDT:USDT,48.78,310.0,48.77,342.0,48.81,14.0,48.82,300.0
1753533151735,12:32:31.735,COMP/USDT:USDT,48.78,310.0,48.77,342.0,48.81,324.0,48.82,300.0
1753533151802,12:32:31.802,COMP/USDT:USDT,48.78,310.0,48.77,342.0,48.81,324.0,48.82,300.0
1753533152807,12:32:32.807,COMP/USDT:USDT,48.78,310.0,48.77,342.0,48.81,324.0,48.82,300.0
1753533153030,12:32:33.030,COMP/USDT:USDT,48.78,310.0,48.77,342.0,48.81,324.0,48.82,300.0
1753533153217,12:32:33.217,COMP/USDT:USDT,48.78,310.0,48.77,342.0,48.81,324.0,48.82,300.0
1753533153761,12:32:33.761,COMP/USDT:USDT,48.78,310.0,48.77,342.0,48.81,324.0,48.82,300.0
1753533154304,12:32:34.304,COMP/USDT:USDT,48.77,312.0,48.76,5455.0,48.8,310.0,48.81,324.0
1753533154345,12:32:34.345,COMP/USDT:USDT,48.77,312.0,48.76,5455.0,48.79,14.0,48.8,310.0
1753533154474,12:32:34.474,COMP/USDT:USDT,48.77,312.0,48.76,5455.0,48.79,14.0,48.8,310.0
1753533154730,12:32:34.730,COMP/USDT:USDT,48.77,310.0,48.76,342.0,48.79,14.0,48.8,310.0
1753533154793,12:32:34.793,COMP/USDT:USDT,48.77,310.0,48.76,5484.0,48.79,14.0,48.8,310.0
1753533155141,12:32:35.141,COMP/USDT:USDT,48.77,310.0,48.76,5484.0,48.79,14.0,48.81,310.0
1753533155295,12:32:35.295,COMP/USDT:USDT,48.77,310.0,48.76,5484.0,48.8,324.0,48.81,310.0
1753533155667,12:32:35.667,COMP/USDT:USDT,48.77,310.0,48.76,5484.0,48.8,324.0,48.81,310.0
1753533156004,12:32:36.004,COMP/USDT:USDT,48.77,310.0,48.76,5484.0,48.8,324.0,48.81,310.0
1753533156082,12:32:36.082,COMP/USDT:USDT,48.77,310.0,48.76,5484.0,48.8,324.0,48.81,310.0
1753533156411,12:32:36.411,COMP/USDT:USDT,48.77,310.0,48.76,5484.0,48.8,14.0,48.81,310.0
1753533156536,12:32:36.536,COMP/USDT:USDT,48.77,310.0,48.76,5484.0,48.8,14.0,48.81,310.0
1753533157289,12:32:37.289,COMP/USDT:USDT,48.77,310.0,48.76,5484.0,48.8,14.0,48.82,300.0
1753533157438,12:32:37.438,COMP/USDT:USDT,48.77,310.0,48.76,5484.0,48.81,14.0,48.82,300.0
1753533157589,12:32:37.589,COMP/USDT:USDT,48.77,310.0,48.76,5484.0,48.81,327.0,48.82,300.0
1753533157726,12:32:37.726,COMP/USDT:USDT,48.77,310.0,48.76,5484.0,48.81,327.0,48.82,300.0
1753533159561,12:32:39.561,COMP/USDT:USDT,48.77,310.0,48.76,5484.0,48.81,327.0,48.82,300.0
1753533159750,12:32:39.750,COMP/USDT:USDT,48.77,310.0,48.76,5484.0,48.81,327.0,48.82,300.0
1753533161190,12:32:41.190,COMP/USDT:USDT,48.77,310.0,48.76,5484.0,48.81,327.0,48.82,300.0
1753533161335,12:32:41.335,COMP/USDT:USDT,48.77,310.0,48.76,5484.0,48.81,327.0,48.82,300.0
1753533162003,12:32:42.003,COMP/USDT:USDT,48.77,310.0,48.76,5484.0,48.81,327.0,48.82,300.0
1753533162130,12:32:42.130,COMP/USDT:USDT,48.77,310.0,48.76,5484.0,48.8,313.0,48.81,327.0
1753533162174,12:32:42.174,COMP/USDT:USDT,48.77,310.0,48.76,5484.0,48.79,14.0,48.8,313.0
1753533162586,12:32:42.586,COMP/USDT:USDT,48.77,310.0,48.76,5484.0,48.79,14.0,48.8,313.0
1753533163007,12:32:43.007,COMP/USDT:USDT,48.77,310.0,48.76,5484.0,48.79,14.0,48.8,313.0
1753533163786,12:32:43.786,COMP/USDT:USDT,48.77,310.0,48.76,5484.0,48.79,14.0,48.81,313.0
1753533163846,12:32:43.846,COMP/USDT:USDT,48.77,310.0,48.76,5484.0,48.8,14.0,48.81,313.0
1753533163941,12:32:43.941,COMP/USDT:USDT,48.77,310.0,48.76,5484.0,48.8,14.0,48.81,313.0
1753533164235,12:32:44.235,COMP/USDT:USDT,48.77,310.0,48.76,5484.0,48.8,14.0,48.81,313.0
1753533164281,12:32:44.281,COMP/USDT:USDT,48.78,313.0,48.77,1955.0,48.8,14.0,48.82,300.0
1753533164416,12:32:44.416,COMP/USDT:USDT,48.78,313.0,48.77,1955.0,48.81,14.0,48.82,300.0
1753533164516,12:32:44.516,COMP/USDT:USDT,48.78,313.0,48.77,1955.0,48.81,14.0,48.82,300.0
1753533164667,12:32:44.667,COMP/USDT:USDT,48.78,313.0,48.77,1955.0,48.81,14.0,48.82,300.0
1753533165972,12:32:45.972,COMP/USDT:USDT,48.78,313.0,48.77,1955.0,48.81,327.0,48.85,310.0
1753533166136,12:32:46.136,COMP/USDT:USDT,48.78,313.0,48.77,1955.0,48.81,327.0,48.85,310.0
1753533166141,12:32:46.141,COMP/USDT:USDT,48.78,313.0,48.77,1955.0,48.81,327.0,48.85,310.0
1753533166268,12:32:46.268,COMP/USDT:USDT,48.78,313.0,48.77,1955.0,48.81,327.0,48.85,310.0
1753533167002,12:32:47.002,COMP/USDT:USDT,48.78,313.0,48.77,1955.0,48.81,327.0,48.85,310.0
1753533167101,12:32:47.101,COMP/USDT:USDT,48.78,313.0,48.77,1955.0,48.81,327.0,48.85,310.0
1753533168232,12:32:48.232,COMP/USDT:USDT,48.78,313.0,48.77,1955.0,48.81,327.0,48.85,310.0
1753533168241,12:32:48.241,COMP/USDT:USDT,48.78,313.0,48.77,1955.0,48.81,327.0,48.85,310.0
1753533169971,12:32:49.971,COMP/USDT:USDT,48.78,313.0,48.77,1955.0,48.8,299.0,48.81,327.0
1753533170128,12:32:50.128,COMP/USDT:USDT,48.78,313.0,48.77,1955.0,48.85,310.0,48.86,903.0
1753533170162,12:32:50.162,COMP/USDT:USDT,48.78,313.0,48.77,1955.0,48.83,299.0,48.84,14.0
1753533170298,12:32:50.298,COMP/USDT:USDT,48.78,313.0,48.77,1955.0,48.81,299.0,48.82,14.0
1753533170346,12:32:50.346,COMP/USDT:USDT,48.78,313.0,48.77,1955.0,48.8,14.0,48.81,299.0
1753533170717,12:32:50.717,COMP/USDT:USDT,48.78,313.0,48.77,1955.0,48.8,14.0,48.81,299.0
1753533170935,12:32:50.935,COMP/USDT:USDT,48.78,313.0,48.77,1955.0,48.8,14.0,48.81,299.0
1753533171694,12:32:51.694,COMP/USDT:USDT,48.78,313.0,48.77,1955.0,48.8,313.0,48.81,299.0
1753533171745,12:32:51.745,COMP/USDT:USDT,48.78,313.0,48.77,1955.0,48.8,299.0,48.81,299.0
1753533171851,12:32:51.851,COMP/USDT:USDT,48.78,313.0,48.77,1955.0,48.83,299.0,48.85,340.0
1753533171948,12:32:51.948,COMP/USDT:USDT,48.78,313.0,48.77,1955.0,48.81,299.0,48.82,14.0
1753533172045,12:32:52.045,COMP/USDT:USDT,48.78,313.0,48.77,1955.0,48.8,14.0,48.81,299.0
1753533172337,12:32:52.337,COMP/USDT:USDT,48.78,313.0,48.77,1955.0,48.8,14.0,48.81,299.0
1753533172453,12:32:52.453,COMP/USDT:USDT,48.78,313.0,48.77,1955.0,48.8,14.0,48.83,299.0
1753533172561,12:32:52.561,COMP/USDT:USDT,48.78,313.0,48.77,1955.0,48.81,299.0,48.82,14.0
1753533172647,12:32:52.647,COMP/USDT:USDT,48.78,313.0,48.77,1955.0,48.8,14.0,48.81,299.0
1753533174208,12:32:54.208,COMP/USDT:USDT,48.78,313.0,48.77,1955.0,48.8,14.0,48.81,299.0
1753533174356,12:32:54.356,COMP/USDT:USDT,48.78,313.0,48.77,1955.0,48.8,14.0,48.81,299.0
1753533174622,12:32:54.622,COMP/USDT:USDT,48.78,313.0,48.77,1955.0,48.8,14.0,48.83,299.0
1753533174662,12:32:54.662,COMP/USDT:USDT,48.78,313.0,48.77,1955.0,48.81,299.0,48.82,14.0
1753533174770,12:32:54.770,COMP/USDT:USDT,48.78,313.0,48.77,1955.0,48.8,14.0,48.81,299.0
1753533175194,12:32:55.194,COMP/USDT:USDT,48.78,313.0,48.77,1955.0,48.8,14.0,48.81,299.0
1753533175735,12:32:55.735,COMP/USDT:USDT,48.78,313.0,48.77,1955.0,48.8,14.0,48.81,299.0
1753533175741,12:32:55.741,COMP/USDT:USDT,48.78,313.0,48.77,1955.0,48.8,14.0,48.81,299.0
1753533176810,12:32:56.810,COMP/USDT:USDT,48.78,313.0,48.77,1955.0,48.8,14.0,48.83,299.0
1753533176861,12:32:56.861,COMP/USDT:USDT,48.78,313.0,48.77,1955.0,48.81,302.0,48.82,14.0
1753533176945,12:32:56.945,COMP/USDT:USDT,48.78,313.0,48.77,1955.0,48.8,14.0,48.81,302.0
1753533179008,12:32:59.008,COMP/USDT:USDT,48.78,313.0,48.77,1955.0,48.8,14.0,48.83,299.0
1753533179062,12:32:59.062,COMP/USDT:USDT,48.78,313.0,48.77,1955.0,48.81,302.0,48.82,14.0
1753533179146,12:32:59.146,COMP/USDT:USDT,48.78,313.0,48.77,1955.0,48.8,14.0,48.81,302.0
1753533180021,12:33:00.021,COMP/USDT:USDT,48.78,313.0,48.77,1955.0,48.8,14.0,48.81,302.0
1753533180432,12:33:00.432,COMP/USDT:USDT,48.78,313.0,48.77,1955.0,48.8,14.0,48.81,302.0
1753533180537,12:33:00.537,COMP/USDT:USDT,48.78,313.0,48.77,1955.0,48.8,14.0,48.81,302.0
1753533180561,12:33:00.561,COMP/USDT:USDT,48.78,313.0,48.77,1955.0,48.8,14.0,48.81,302.0
1753533181146,12:33:01.146,COMP/USDT:USDT,48.78,313.0,48.77,1955.0,48.8,14.0,48.83,299.0
1753533181296,12:33:01.296,COMP/USDT:USDT,48.78,313.0,48.77,1955.0,48.81,302.0,48.82,14.0
1753533181345,12:33:01.345,COMP/USDT:USDT,48.78,313.0,48.77,1955.0,48.8,14.0,48.81,302.0
1753533181723,12:33:01.723,COMP/USDT:USDT,48.78,313.0,48.77,1955.0,48.8,14.0,48.81,302.0
1753533182006,12:33:02.006,COMP/USDT:USDT,48.78,313.0,48.77,1955.0,48.8,14.0,48.81,302.0
1753533182088,12:33:02.088,COMP/USDT:USDT,48.78,313.0,48.77,1955.0,48.8,14.0,48.81,302.0
1753533182721,12:33:02.721,COMP/USDT:USDT,48.78,313.0,48.77,1955.0,48.8,14.0,48.81,302.0
1753533183005,12:33:03.005,COMP/USDT:USDT,48.78,313.0,48.77,1955.0,48.8,14.0,48.81,302.0
1753533183287,12:33:03.287,COMP/USDT:USDT,48.78,313.0,48.77,1955.0,48.8,14.0,48.83,299.0
1753533183361,12:33:03.361,COMP/USDT:USDT,48.78,313.0,48.77,1955.0,48.81,302.0,48.82,14.0
1753533183446,12:33:03.446,COMP/USDT:USDT,48.78,313.0,48.77,1955.0,48.8,14.0,48.81,302.0
1753533184421,12:33:04.421,COMP/USDT:USDT,48.79,302.0,48.78,343.0,48.8,14.0,48.83,299.0
1753533184484,12:33:04.484,COMP/USDT:USDT,48.79,302.0,48.78,343.0,48.82,14.0,48.83,299.0
1753533184618,12:33:04.618,COMP/USDT:USDT,48.79,302.0,48.78,343.0,48.82,316.0,48.83,299.0
1753533184812,12:33:04.812,COMP/USDT:USDT,48.79,302.0,48.78,343.0,48.82,316.0,48.83,299.0
1753533185337,12:33:05.337,COMP/USDT:USDT,48.79,302.0,48.78,343.0,48.82,316.0,48.83,299.0
1753533187213,12:33:07.213,COMP/USDT:USDT,48.79,302.0,48.78,343.0,48.82,316.0,48.83,299.0
1753533187503,12:33:07.503,COMP/USDT:USDT,48.79,302.0,48.78,343.0,48.82,316.0,48.83,299.0
1753533188023,12:33:08.023,COMP/USDT:USDT,48.8,300.0,48.79,332.0,48.82,14.0,48.83,299.0
1753533188041,12:33:08.041,COMP/USDT:USDT,48.8,300.0,48.79,332.0,48.82,14.0,48.83,299.0
1753533188162,12:33:08.162,COMP/USDT:USDT,48.8,300.0,48.79,332.0,48.82,14.0,48.83,299.0
1753533188626,12:33:08.626,COMP/USDT:USDT,48.8,300.0,48.79,332.0,48.82,14.0,48.85,310.0
1753533188722,12:33:08.722,COMP/USDT:USDT,48.81,300.0,48.8,1961.0,48.84,14.0,48.85,310.0
1753533188815,12:33:08.815,COMP/USDT:USDT,48.81,300.0,48.8,1961.0,48.84,14.0,48.85,310.0
1753533189019,12:33:09.019,COMP/USDT:USDT,48.81,330.0,48.8,1931.0,48.84,14.0,48.85,310.0
1753533189043,12:33:09.043,COMP/USDT:USDT,48.82,300.0,48.81,330.0,48.84,14.0,48.85,310.0
1753533189161,12:33:09.161,COMP/USDT:USDT,48.82,300.0,48.81,330.0,48.84,14.0,48.85,310.0
1753533189585,12:33:09.585,COMP/USDT:USDT,48.82,300.0,48.81,330.0,48.84,14.0,48.85,310.0
1753533189804,12:33:09.804,COMP/USDT:USDT,48.82,300.0,48.81,330.0,48.84,14.0,48.86,310.0
1753533189912,12:33:09.912,COMP/USDT:USDT,48.82,300.0,48.81,330.0,48.85,14.0,48.86,310.0
1753533189981,12:33:09.981,COMP/USDT:USDT,48.82,300.0,48.81,330.0,48.85,14.0,48.86,310.0
1753533190137,12:33:10.137,COMP/USDT:USDT,48.82,300.0,48.81,330.0,48.85,14.0,48.86,310.0
1753533190260,12:33:10.260,COMP/USDT:USDT,48.82,300.0,48.81,330.0,48.85,14.0,48.86,310.0
1753533190921,12:33:10.921,COMP/USDT:USDT,48.82,300.0,48.81,330.0,48.85,14.0,48.86,310.0
1753533191001,12:33:11.001,COMP/USDT:USDT,48.82,300.0,48.81,330.0,48.85,14.0,48.86,310.0
1753533191063,12:33:11.063,COMP/USDT:USDT,48.83,300.0,48.82,330.0,48.85,14.0,48.86,310.0
1753533191222,12:33:11.222,COMP/USDT:USDT,48.83,300.0,48.82,330.0,48.85,14.0,48.86,310.0
1753533191287,12:33:11.287,COMP/USDT:USDT,48.83,300.0,48.82,330.0,48.85,14.0,48.86,310.0
1753533191416,12:33:11.416,COMP/USDT:USDT,48.83,300.0,48.82,330.0,48.85,14.0,48.86,310.0
1753533191483,12:33:11.483,COMP/USDT:USDT,48.84,300.0,48.83,1939.0,48.85,14.0,48.87,310.0
1753533191628,12:33:11.628,COMP/USDT:USDT,48.84,300.0,48.83,1939.0,48.86,14.0,48.87,310.0
1753533191643,12:33:11.643,COMP/USDT:USDT,48.84,300.0,48.83,1939.0,48.86,14.0,48.87,310.0
1753533191837,12:33:11.837,COMP/USDT:USDT,48.84,300.0,48.83,1939.0,48.86,14.0,48.87,310.0
1753533191895,12:33:11.895,COMP/USDT:USDT,48.83,300.0,48.82,5464.0,48.85,300.0,48.86,314.0
1753533192030,12:33:12.030,COMP/USDT:USDT,48.83,300.0,48.82,5464.0,48.85,300.0,48.86,314.0
1753533192041,12:33:12.041,COMP/USDT:USDT,48.83,300.0,48.82,5464.0,48.85,300.0,48.86,314.0
1753533192139,12:33:12.139,COMP/USDT:USDT,48.83,300.0,48.82,5464.0,48.85,300.0,48.86,314.0
1753533192292,12:33:12.292,COMP/USDT:USDT,48.83,300.0,48.82,5464.0,48.88,307.0,48.89,1948.0
1753533192361,12:33:12.361,COMP/USDT:USDT,48.83,300.0,48.82,5464.0,48.86,300.0,48.87,14.0
1753533192514,12:33:12.514,COMP/USDT:USDT,48.83,300.0,48.82,5464.0,48.85,14.0,48.86,300.0
1753533192631,12:33:12.631,COMP/USDT:USDT,48.83,300.0,48.82,5464.0,48.85,14.0,48.86,300.0
1753533192872,12:33:12.872,COMP/USDT:USDT,48.83,300.0,48.82,5464.0,48.85,14.0,48.86,300.0
1753533193022,12:33:13.022,COMP/USDT:USDT,48.83,300.0,48.82,5464.0,48.85,14.0,48.86,300.0
1753533193041,12:33:13.041,COMP/USDT:USDT,48.83,300.0,48.82,5464.0,48.85,14.0,48.86,300.0
1753533193173,12:33:13.173,COMP/USDT:USDT,48.83,300.0,48.82,5464.0,48.85,14.0,48.86,300.0
1753533193407,12:33:13.407,COMP/USDT:USDT,48.83,300.0,48.82,5464.0,48.85,14.0,48.86,300.0
1753533193522,12:33:13.522,COMP/USDT:USDT,48.83,300.0,48.82,5434.0,48.85,14.0,48.86,300.0
1753533193558,12:33:13.558,COMP/USDT:USDT,48.83,300.0,48.82,5434.0,48.85,14.0,48.86,300.0
1753533193760,12:33:13.760,COMP/USDT:USDT,48.83,300.0,48.82,5434.0,48.85,14.0,48.86,300.0
1753533193910,12:33:13.910,COMP/USDT:USDT,48.83,300.0,48.82,5434.0,48.85,14.0,48.86,300.0
1753533194003,12:33:14.003,COMP/USDT:USDT,48.83,300.0,48.82,5434.0,48.85,14.0,48.86,300.0
1753533194105,12:33:14.105,COMP/USDT:USDT,48.83,300.0,48.82,5434.0,48.85,314.0,48.88,307.0
1753533194221,12:33:14.221,COMP/USDT:USDT,48.83,300.0,48.82,5434.0,48.88,307.0,48.89,1948.0
1753533194252,12:33:14.252,COMP/USDT:USDT,48.83,300.0,48.82,5434.0,48.86,300.0,48.87,14.0
1753533194367,12:33:14.367,COMP/USDT:USDT,48.83,300.0,48.82,5434.0,48.85,14.0,48.86,300.0
1753533194523,12:33:14.523,COMP/USDT:USDT,48.83,300.0,48.82,5434.0,48.85,14.0,48.86,300.0
1753533195004,12:33:15.004,COMP/USDT:USDT,48.83,300.0,48.82,5434.0,48.85,14.0,48.86,300.0
1753533195562,12:33:15.562,COMP/USDT:USDT,48.83,300.0,48.82,5434.0,48.85,14.0,48.86,300.0
1753533195736,12:33:15.736,COMP/USDT:USDT,48.83,300.0,48.82,5434.0,48.85,14.0,48.86,300.0
1753533195739,12:33:15.739,COMP/USDT:USDT,48.83,300.0,48.82,5434.0,48.85,14.0,48.86,300.0
1753533195897,12:33:15.897,COMP/USDT:USDT,48.83,300.0,48.82,5434.0,48.85,314.0,48.86,300.0
1753533195990,12:33:15.990,COMP/USDT:USDT,48.83,300.0,48.82,5434.0,48.85,300.0,48.86,300.0
1753533196098,12:33:16.098,COMP/USDT:USDT,48.83,300.0,48.82,5434.0,48.88,307.0,48.89,1948.0
1753533196148,12:33:16.148,COMP/USDT:USDT,48.83,300.0,48.82,5434.0,48.86,300.0,48.87,14.0
1753533196336,12:33:16.336,COMP/USDT:USDT,48.83,300.0,48.82,5434.0,48.85,314.0,48.86,300.0
1753533196345,12:33:16.345,COMP/USDT:USDT,48.83,300.0,48.82,5434.0,48.85,300.0,48.86,300.0
1753533196494,12:33:16.494,COMP/USDT:USDT,48.83,300.0,48.82,5434.0,48.88,307.0,48.89,1948.0
1753533196581,12:33:16.581,COMP/USDT:USDT,48.83,300.0,48.82,5434.0,48.86,300.0,48.87,14.0
1753533196650,12:33:16.650,COMP/USDT:USDT,48.83,300.0,48.82,5434.0,48.85,14.0,48.86,300.0
1753533196930,12:33:16.930,COMP/USDT:USDT,48.83,300.0,48.82,5434.0,48.85,14.0,48.86,300.0
1753533197073,12:33:17.073,COMP/USDT:USDT,48.83,300.0,48.82,5434.0,48.85,14.0,48.86,300.0
1753533197909,12:33:17.909,COMP/USDT:USDT,48.83,300.0,48.82,5434.0,48.85,14.0,48.86,300.0
1753533198140,12:33:18.140,COMP/USDT:USDT,48.83,300.0,48.82,5434.0,48.85,14.0,48.86,300.0
1753533198409,12:33:18.409,COMP/USDT:USDT,48.83,300.0,48.82,5434.0,48.85,14.0,48.86,300.0
1753533198456,12:33:18.456,COMP/USDT:USDT,48.83,300.0,48.82,5434.0,48.85,14.0,48.88,307.0
1753533198578,12:33:18.578,COMP/USDT:USDT,48.83,300.0,48.82,5434.0,48.86,308.0,48.87,14.0
1753533198692,12:33:18.692,COMP/USDT:USDT,48.83,300.0,48.82,5434.0,48.85,14.0,48.86,308.0
1753533198743,12:33:18.743,COMP/USDT:USDT,48.83,300.0,48.82,5434.0,48.85,14.0,48.86,308.0
1753533199183,12:33:19.183,COMP/USDT:USDT,48.83,300.0,48.82,5434.0,48.85,14.0,48.86,308.0
1753533199518,12:33:19.518,COMP/USDT:USDT,48.83,300.0,48.82,5434.0,48.85,14.0,48.86,308.0
1753533199668,12:33:19.668,COMP/USDT:USDT,48.83,300.0,48.82,5434.0,48.85,14.0,48.86,308.0
1753533200228,12:33:20.228,COMP/USDT:USDT,48.83,300.0,48.82,5434.0,48.85,14.0,48.86,308.0
1753533200388,12:33:20.388,COMP/USDT:USDT,48.83,300.0,48.82,5434.0,48.85,14.0,48.86,308.0
1753533200537,12:33:20.537,COMP/USDT:USDT,48.83,300.0,48.82,5434.0,48.85,14.0,48.86,308.0
1753533200738,12:33:20.738,COMP/USDT:USDT,48.82,5434.0,48.81,300.0,48.85,14.0,48.88,2768.0
1753533200822,12:33:20.822,COMP/USDT:USDT,48.79,30.0,48.78,313.0,48.86,308.0,48.87,1182.0
1753533200921,12:33:20.921,COMP/USDT:USDT,48.8,1548.0,48.79,5159.0,48.84,308.0,48.85,14.0
1753533201021,12:33:21.021,COMP/USDT:USDT,48.81,308.0,48.8,1548.0,48.83,14.0,48.84,308.0
1753533201113,12:33:21.113,COMP/USDT:USDT,48.81,308.0,48.8,1548.0,48.83,14.0,48.84,308.0
1753533201437,12:33:21.437,COMP/USDT:USDT,48.81,308.0,48.8,1548.0,48.83,14.0,48.84,308.0
1753533201588,12:33:21.588,COMP/USDT:USDT,48.81,308.0,48.8,1548.0,48.83,14.0,48.84,308.0
1753533201802,12:33:21.802,COMP/USDT:USDT,48.81,308.0,48.8,1548.0,48.83,14.0,48.84,308.0
1753533202386,12:33:22.386,COMP/USDT:USDT,48.81,308.0,48.8,1548.0,48.83,14.0,48.84,308.0
1753533202883,12:33:22.883,COMP/USDT:USDT,48.81,308.0,48.8,1548.0,48.83,14.0,48.86,308.0
1753533203016,12:33:23.016,COMP/USDT:USDT,48.81,308.0,48.8,1548.0,48.84,308.0,48.85,14.0
1753533203063,12:33:23.063,COMP/USDT:USDT,48.81,308.0,48.8,1548.0,48.83,14.0,48.84,308.0
1753533203215,12:33:23.215,COMP/USDT:USDT,48.81,308.0,48.8,1548.0,48.83,14.0,48.84,308.0
1753533203429,12:33:23.429,COMP/USDT:USDT,48.81,308.0,48.8,1548.0,48.83,14.0,48.84,308.0
1753533203535,12:33:23.535,COMP/USDT:USDT,48.81,308.0,48.8,1548.0,48.83,14.0,48.84,308.0
1753533204450,12:33:24.450,COMP/USDT:USDT,48.81,308.0,48.8,1548.0,48.83,14.0,48.84,308.0
1753533205021,12:33:25.021,COMP/USDT:USDT,48.81,308.0,48.8,1548.0,48.83,14.0,48.86,308.0
1753533205060,12:33:25.060,COMP/USDT:USDT,48.81,308.0,48.8,1548.0,48.84,308.0,48.85,14.0
1753533205233,12:33:25.233,COMP/USDT:USDT,48.81,308.0,48.8,1548.0,48.83,14.0,48.84,308.0
1753533205337,12:33:25.337,COMP/USDT:USDT,48.81,308.0,48.8,1548.0,48.83,14.0,48.84,308.0
1753533205385,12:33:25.385,COMP/USDT:USDT,48.81,308.0,48.8,1548.0,48.83,14.0,48.84,308.0
1753533206361,12:33:26.361,COMP/USDT:USDT,48.81,308.0,48.8,1548.0,48.83,14.0,48.84,308.0
1753533206692,12:33:26.692,COMP/USDT:USDT,48.81,308.0,48.8,1548.0,48.83,14.0,48.84,308.0
1753533207190,12:33:27.190,COMP/USDT:USDT,48.81,308.0,48.8,1548.0,48.83,14.0,48.86,308.0
1753533207502,12:33:27.502,COMP/USDT:USDT,48.81,308.0,48.8,1548.0,48.83,14.0,48.86,308.0
1753533207575,12:33:27.575,COMP/USDT:USDT,48.81,308.0,48.8,1548.0,48.83,14.0,48.86,308.0
1753533207721,12:33:27.721,COMP/USDT:USDT,48.81,308.0,48.8,1548.0,48.84,306.0,48.85,7.0
1753533207800,12:33:27.800,COMP/USDT:USDT,48.81,308.0,48.8,1548.0,48.83,7.0,48.84,306.0
1753533207965,12:33:27.965,COMP/USDT:USDT,48.81,308.0,48.8,1548.0,48.83,14.0,48.84,306.0
1753533209280,12:33:29.280,COMP/USDT:USDT,48.81,308.0,48.8,1548.0,48.83,14.0,48.84,306.0
1753533209339,12:33:29.339,COMP/USDT:USDT,48.81,308.0,48.8,1548.0,48.83,14.0,48.86,308.0
1753533209511,12:33:29.511,COMP/USDT:USDT,48.81,308.0,48.8,1548.0,48.84,306.0,48.85,320.0
1753533209546,12:33:29.546,COMP/USDT:USDT,48.81,308.0,48.8,1548.0,48.83,14.0,48.84,306.0
1753533209926,12:33:29.926,COMP/USDT:USDT,48.81,308.0,48.8,1548.0,48.83,14.0,48.84,306.0
1753533210136,12:33:30.136,COMP/USDT:USDT,48.81,308.0,48.8,1548.0,48.83,14.0,48.84,306.0
1753533210881,12:33:30.881,COMP/USDT:USDT,48.81,308.0,48.8,1548.0,48.83,14.0,48.85,306.0
1753533210982,12:33:30.982,COMP/USDT:USDT,48.81,308.0,48.8,1548.0,48.84,14.0,48.85,306.0
1753533211061,12:33:31.061,COMP/USDT:USDT,48.82,306.0,48.81,338.0,48.84,14.0,48.85,306.0
1753533211143,12:33:31.143,COMP/USDT:USDT,48.82,306.0,48.81,338.0,48.84,14.0,48.85,306.0
1753533211530,12:33:31.530,COMP/USDT:USDT,48.82,306.0,48.81,338.0,48.84,14.0,48.86,308.0
1753533211548,12:33:31.548,COMP/USDT:USDT,48.82,306.0,48.81,338.0,48.85,14.0,48.86,308.0
1753533211683,12:33:31.683,COMP/USDT:USDT,48.82,306.0,48.81,338.0,48.85,14.0,48.86,308.0
1753533211966,12:33:31.966,COMP/USDT:USDT,48.82,306.0,48.81,338.0,48.85,14.0,48.86,308.0
1753533212123,12:33:32.123,COMP/USDT:USDT,48.82,306.0,48.81,338.0,48.85,14.0,48.86,308.0
1753533212381,12:33:32.381,COMP/USDT:USDT,48.82,306.0,48.81,338.0,48.85,320.0,48.86,308.0
1753533214137,12:33:34.137,COMP/USDT:USDT,48.82,336.0,48.81,308.0,48.85,14.0,48.86,308.0
1753533214161,12:33:34.161,COMP/USDT:USDT,48.83,306.0,48.82,336.0,48.85,14.0,48.86,308.0
1753533214281,12:33:34.281,COMP/USDT:USDT,48.83,306.0,48.82,336.0,48.85,14.0,48.86,308.0
1753533214434,12:33:34.434,COMP/USDT:USDT,48.83,306.0,48.82,336.0,48.85,14.0,48.86,308.0
1753533214521,12:33:34.521,COMP/USDT:USDT,48.82,306.0,48.81,338.0,48.85,14.0,48.86,308.0
1753533214622,12:33:34.622,COMP/USDT:USDT,48.82,336.0,48.81,308.0,48.85,14.0,48.86,308.0
1753533214653,12:33:34.653,COMP/USDT:USDT,48.83,306.0,48.82,336.0,48.85,14.0,48.86,308.0
1753533214784,12:33:34.784,COMP/USDT:USDT,48.83,306.0,48.82,336.0,48.85,14.0,48.86,308.0
1753533214937,12:33:34.937,COMP/USDT:USDT,48.83,306.0,48.82,336.0,48.85,14.0,48.86,308.0
1753533215006,12:33:35.006,COMP/USDT:USDT,48.83,306.0,48.82,336.0,48.85,14.0,48.86,308.0
1753533215522,12:33:35.522,COMP/USDT:USDT,48.83,306.0,48.82,336.0,48.85,14.0,48.86,308.0
1753533215625,12:33:35.625,COMP/USDT:USDT,48.83,306.0,48.82,336.0,48.85,14.0,48.86,308.0
1753533215934,12:33:35.934,COMP/USDT:USDT,48.83,306.0,48.82,336.0,48.85,14.0,48.87,308.0
1753533216038,12:33:36.038,COMP/USDT:USDT,48.83,306.0,48.82,336.0,48.86,14.0,48.87,308.0
1753533216083,12:33:36.083,COMP/USDT:USDT,48.83,306.0,48.82,336.0,48.86,14.0,48.87,308.0
1753533216470,12:33:36.470,COMP/USDT:USDT,48.83,306.0,48.82,336.0,48.86,14.0,48.87,308.0
1753533216627,12:33:36.627,COMP/USDT:USDT,48.83,306.0,48.82,336.0,48.86,14.0,48.87,308.0
1753533216777,12:33:36.777,COMP/USDT:USDT,48.83,306.0,48.82,336.0,48.86,14.0,48.87,308.0
1753533216935,12:33:36.935,COMP/USDT:USDT,48.83,306.0,48.82,336.0,48.86,14.0,48.87,308.0
1753533217927,12:33:37.927,COMP/USDT:USDT,48.83,306.0,48.82,306.0,48.85,304.0,48.86,14.0
1753533218016,12:33:38.016,COMP/USDT:USDT,48.82,304.0,48.81,338.0,48.85,304.0,48.87,308.0
1753533218132,12:33:38.132,COMP/USDT:USDT,48.82,304.0,48.81,338.0,48.84,14.0,48.88,307.0
1753533218234,12:33:38.234,COMP/USDT:USDT,48.82,304.0,48.81,338.0,48.86,304.0,48.87,14.0
1753533218263,12:33:38.263,COMP/USDT:USDT,48.82,304.0,48.81,338.0,48.85,318.0,48.86,304.0
1753533218434,12:33:38.434,COMP/USDT:USDT,48.82,304.0,48.81,338.0,48.84,304.0,48.85,318.0
1753533218446,12:33:38.446,COMP/USDT:USDT,48.82,304.0,48.81,338.0,48.84,304.0,48.85,304.0
1753533218606,12:33:38.606,COMP/USDT:USDT,48.82,304.0,48.81,338.0,48.88,307.0,48.89,1948.0
1753533218648,12:33:38.648,COMP/USDT:USDT,48.82,304.0,48.81,338.0,48.86,304.0,48.87,14.0
1753533218762,12:33:38.762,COMP/USDT:USDT,48.82,304.0,48.81,338.0,48.85,14.0,48.86,304.0
1753533218921,12:33:38.921,COMP/USDT:USDT,48.82,304.0,48.81,338.0,48.85,14.0,48.86,304.0
1753533218968,12:33:38.968,COMP/USDT:USDT,48.82,304.0,48.81,338.0,48.85,14.0,48.86,304.0
1753533219074,12:33:39.074,COMP/USDT:USDT,48.82,304.0,48.81,338.0,48.85,14.0,48.86,304.0
1753533219385,12:33:39.385,COMP/USDT:USDT,48.82,304.0,48.81,338.0,48.85,318.0,48.86,304.0
1753533219737,12:33:39.737,COMP/USDT:USDT,48.82,304.0,48.81,338.0,48.85,318.0,48.86,304.0
1753533219742,12:33:39.742,COMP/USDT:USDT,48.82,304.0,48.81,338.0,48.85,318.0,48.86,304.0
1753533220002,12:33:40.002,COMP/USDT:USDT,48.82,304.0,48.81,338.0,48.85,318.0,48.86,304.0
1753533220125,12:33:40.125,COMP/USDT:USDT,48.82,304.0,48.81,338.0,48.84,304.0,48.85,318.0
1753533220199,12:33:40.199,COMP/USDT:USDT,48.82,304.0,48.81,338.0,48.84,304.0,48.85,304.0
1753533220273,12:33:40.273,COMP/USDT:USDT,48.82,304.0,48.81,338.0,48.88,307.0,48.89,1948.0
1753533220348,12:33:40.348,COMP/USDT:USDT,48.82,304.0,48.81,338.0,48.86,304.0,48.87,14.0
1753533220463,12:33:40.463,COMP/USDT:USDT,48.82,304.0,48.81,338.0,48.85,14.0,48.86,304.0
1753533220613,12:33:40.613,COMP/USDT:USDT,48.82,304.0,48.81,338.0,48.85,14.0,48.86,304.0
1753533220768,12:33:40.768,COMP/USDT:USDT,48.82,304.0,48.81,338.0,48.85,14.0,48.86,304.0
1753533220924,12:33:40.924,COMP/USDT:USDT,48.82,304.0,48.81,338.0,48.85,318.0,48.86,304.0
1753533221832,12:33:41.832,COMP/USDT:USDT,48.82,304.0,48.81,338.0,48.84,304.0,48.85,318.0
1753533221865,12:33:41.865,COMP/USDT:USDT,48.81,308.0,48.8,1548.0,48.84,304.0,48.85,304.0
1753533221951,12:33:41.951,COMP/USDT:USDT,48.81,308.0,48.8,1548.0,48.83,14.0,48.84,304.0
1753533222058,12:33:42.058,COMP/USDT:USDT,48.81,308.0,48.8,1548.0,48.83,14.0,48.84,304.0
1753533222233,12:33:42.233,COMP/USDT:USDT,48.81,308.0,48.8,1548.0,48.83,14.0,48.84,304.0
1753533222469,12:33:42.469,COMP/USDT:USDT,48.81,308.0,48.8,1548.0,48.83,14.0,48.85,304.0
1753533222605,12:33:42.605,COMP/USDT:USDT,48.81,308.0,48.8,1548.0,48.84,14.0,48.85,304.0
1753533222704,12:33:42.704,COMP/USDT:USDT,48.81,308.0,48.8,1548.0,48.84,14.0,48.85,304.0
1753533222755,12:33:42.755,COMP/USDT:USDT,48.81,308.0,48.8,1548.0,48.84,318.0,48.85,304.0
1753533223048,12:33:43.048,COMP/USDT:USDT,48.81,308.0,48.8,1548.0,48.84,318.0,48.85,304.0
1753533223461,12:33:43.461,COMP/USDT:USDT,48.81,308.0,48.8,1548.0,48.84,318.0,48.85,304.0
1753533224539,12:33:44.539,COMP/USDT:USDT,48.81,308.0,48.8,1548.0,48.84,318.0,48.85,304.0
1753533224680,12:33:44.680,COMP/USDT:USDT,48.81,308.0,48.8,1548.0,48.84,318.0,48.86,304.0
1753533225902,12:33:45.902,COMP/USDT:USDT,48.82,304.0,48.81,338.0,48.84,14.0,48.86,304.0
1753533226001,12:33:46.001,COMP/USDT:USDT,48.82,304.0,48.81,338.0,48.85,14.0,48.86,304.0
1753533226138,12:33:46.138,COMP/USDT:USDT,48.82,304.0,48.81,338.0,48.85,14.0,48.86,304.0
1753533226296,12:33:46.296,COMP/USDT:USDT,48.82,304.0,48.81,338.0,48.85,14.0,48.86,304.0
1753533226426,12:33:46.426,COMP/USDT:USDT,48.82,304.0,48.81,338.0,48.85,14.0,48.86,304.0
1753533226873,12:33:46.873,COMP/USDT:USDT,48.82,304.0,48.81,338.0,48.85,319.0,48.87,304.0
1753533227468,12:33:47.468,COMP/USDT:USDT,48.82,304.0,48.81,338.0,48.85,319.0,48.87,304.0
1753533227915,12:33:47.915,COMP/USDT:USDT,48.82,304.0,48.81,338.0,48.85,319.0,48.87,304.0
1753533228006,12:33:48.006,COMP/USDT:USDT,48.82,304.0,48.81,338.0,48.85,319.0,48.87,304.0
1753533229061,12:33:49.061,COMP/USDT:USDT,48.82,304.0,48.81,338.0,48.85,319.0,48.88,307.0
1753533229338,12:33:49.338,COMP/USDT:USDT,48.82,304.0,48.81,338.0,48.85,319.0,48.88,307.0
1753533230714,12:33:50.714,COMP/USDT:USDT,48.82,304.0,48.81,338.0,48.85,319.0,48.88,307.0
1753533231234,12:33:51.234,COMP/USDT:USDT,48.82,304.0,48.81,338.0,48.85,319.0,48.89,307.0
1753533232002,12:33:52.002,COMP/USDT:USDT,48.82,304.0,48.81,338.0,48.85,319.0,48.89,307.0
1753533232344,12:33:52.344,COMP/USDT:USDT,48.82,304.0,48.81,338.0,48.85,319.0,48.89,307.0
1753533234137,12:33:54.137,COMP/USDT:USDT,48.82,304.0,48.81,338.0,48.85,319.0,48.89,307.0
1753533234861,12:33:54.861,COMP/USDT:USDT,48.82,304.0,48.81,338.0,48.85,319.0,48.89,307.0
1753533235861,12:33:55.861,COMP/USDT:USDT,48.83,305.0,48.82,334.0,48.85,14.0,48.89,307.0
1753533235976,12:33:55.976,COMP/USDT:USDT,48.83,305.0,48.82,334.0,48.87,305.0,48.88,14.0
1753533236045,12:33:56.045,COMP/USDT:USDT,48.83,305.0,48.82,334.0,48.87,305.0,48.89,337.0
1753533236190,12:33:56.190,COMP/USDT:USDT,48.83,305.0,48.82,334.0,48.86,14.0,48.87,305.0
1753533236322,12:33:56.322,COMP/USDT:USDT,48.83,305.0,48.82,334.0,48.86,14.0,48.87,305.0
1753533236407,12:33:56.407,COMP/USDT:USDT,48.83,305.0,48.82,334.0,48.86,14.0,48.87,305.0
1753533236487,12:33:56.487,COMP/USDT:USDT,48.83,305.0,48.82,334.0,48.86,319.0,48.87,305.0
1753533237522,12:33:57.522,COMP/USDT:USDT,48.83,305.0,48.82,334.0,48.85,301.0,48.86,319.0
1753533237625,12:33:57.625,COMP/USDT:USDT,48.83,305.0,48.82,334.0,48.85,301.0,48.86,305.0
1753533237682,12:33:57.682,COMP/USDT:USDT,48.82,301.0,48.81,338.0,48.87,305.0,48.89,337.0
1753533237832,12:33:57.832,COMP/USDT:USDT,48.82,301.0,48.81,338.0,48.85,301.0,48.86,14.0
1753533237846,12:33:57.846,COMP/USDT:USDT,48.82,301.0,48.81,338.0,48.84,14.0,48.85,301.0
1753533238042,12:33:58.042,COMP/USDT:USDT,48.82,301.0,48.81,338.0,48.84,14.0,48.85,301.0
1753533238657,12:33:58.657,COMP/USDT:USDT,48.82,301.0,48.81,338.0,48.84,14.0,48.85,301.0
1753533238937,12:33:58.937,COMP/USDT:USDT,48.82,301.0,48.81,338.0,48.84,14.0,48.85,301.0
1753533239158,12:33:59.158,COMP/USDT:USDT,48.82,301.0,48.81,338.0,48.84,14.0,48.85,301.0
1753533240007,12:34:00.007,COMP/USDT:USDT,48.82,301.0,48.81,338.0,48.84,14.0,48.87,305.0
1753533240062,12:34:00.062,COMP/USDT:USDT,48.82,301.0,48.81,338.0,48.85,301.0,48.86,14.0
1753533240218,12:34:00.218,COMP/USDT:USDT,48.82,301.0,48.81,338.0,48.84,14.0,48.87,305.0
1753533240261,12:34:00.261,COMP/USDT:USDT,48.82,301.0,48.81,338.0,48.85,301.0,48.86,14.0
1753533240349,12:34:00.349,COMP/USDT:USDT,48.82,301.0,48.81,338.0,48.84,14.0,48.85,301.0
1753533240482,12:34:00.482,COMP/USDT:USDT,48.82,301.0,48.81,338.0,48.84,14.0,48.87,305.0
1753533240562,12:34:00.562,COMP/USDT:USDT,48.82,301.0,48.81,338.0,48.86,14.0,48.87,305.0
1753533240716,12:34:00.716,COMP/USDT:USDT,48.82,301.0,48.81,338.0,48.86,14.0,48.87,305.0
1753533240897,12:34:00.897,COMP/USDT:USDT,48.82,301.0,48.81,338.0,48.86,14.0,48.87,305.0
1753533241025,12:34:01.025,COMP/USDT:USDT,48.82,301.0,48.81,338.0,48.86,14.0,48.87,305.0
1753533241191,12:34:01.191,COMP/USDT:USDT,48.82,301.0,48.81,338.0,48.85,301.0,48.86,14.0
1753533241327,12:34:01.327,COMP/USDT:USDT,48.82,301.0,48.81,338.0,48.84,14.0,48.85,301.0
1753533241795,12:34:01.795,COMP/USDT:USDT,48.82,301.0,48.81,338.0,48.84,14.0,48.85,301.0
1753533242142,12:34:02.142,COMP/USDT:USDT,48.82,301.0,48.81,338.0,48.84,14.0,48.87,305.0
1753533242261,12:34:02.261,COMP/USDT:USDT,48.82,301.0,48.81,338.0,48.85,301.0,48.86,14.0
1753533242348,12:34:02.348,COMP/USDT:USDT,48.82,301.0,48.81,338.0,48.84,14.0,48.85,301.0
1753533242646,12:34:02.646,COMP/USDT:USDT,48.82,301.0,48.81,338.0,48.84,14.0,48.85,301.0
1753533243324,12:34:03.324,COMP/USDT:USDT,48.82,301.0,48.81,338.0,48.84,14.0,48.85,301.0
1753533243363,12:34:03.363,COMP/USDT:USDT,48.81,308.0,48.8,1548.0,48.84,14.0,48.85,301.0
1753533243531,12:34:03.531,COMP/USDT:USDT,48.81,308.0,48.8,1548.0,48.84,14.0,48.85,301.0
1753533243636,12:34:03.636,COMP/USDT:USDT,48.81,308.0,48.8,1548.0,48.84,14.0,48.85,301.0
1753533243737,12:34:03.737,COMP/USDT:USDT,48.81,308.0,48.8,1548.0,48.84,14.0,48.85,301.0
1753533243785,12:34:03.785,COMP/USDT:USDT,48.81,308.0,48.8,1548.0,48.84,14.0,48.85,301.0
1753533244004,12:34:04.004,COMP/USDT:USDT,48.81,308.0,48.8,1548.0,48.84,315.0,48.85,301.0
1753533244304,12:34:04.304,COMP/USDT:USDT,48.81,308.0,48.8,1548.0,48.84,315.0,48.87,305.0
1753533245957,12:34:05.957,COMP/USDT:USDT,48.82,301.0,48.81,338.0,48.84,14.0,48.87,305.0
1753533246063,12:34:06.063,COMP/USDT:USDT,48.82,301.0,48.81,338.0,48.85,301.0,48.86,14.0
1753533246181,12:34:06.181,COMP/USDT:USDT,48.82,301.0,48.81,338.0,48.84,14.0,48.85,301.0
1753533246502,12:34:06.502,COMP/USDT:USDT,48.82,301.0,48.81,338.0,48.84,14.0,48.87,305.0
1753533246581,12:34:06.581,COMP/USDT:USDT,48.82,301.0,48.81,338.0,48.85,301.0,48.86,14.0
1753533246721,12:34:06.721,COMP/USDT:USDT,48.82,301.0,48.81,338.0,48.84,14.0,48.85,301.0
1753533246741,12:34:06.741,COMP/USDT:USDT,48.82,301.0,48.81,338.0,48.84,14.0,48.85,301.0
1753533247169,12:34:07.169,COMP/USDT:USDT,48.82,301.0,48.81,338.0,48.84,14.0,48.85,301.0
1753533247684,12:34:07.684,COMP/USDT:USDT,48.82,301.0,48.81,338.0,48.84,318.0,48.85,301.0
1753533247835,12:34:07.835,COMP/USDT:USDT,48.82,301.0,48.81,338.0,48.85,301.0,48.87,305.0
1753533247846,12:34:07.846,COMP/USDT:USDT,48.82,301.0,48.81,338.0,48.84,14.0,48.87,305.0
1753533247961,12:34:07.961,COMP/USDT:USDT,48.82,301.0,48.81,338.0,48.85,304.0,48.86,14.0
1753533248047,12:34:08.047,COMP/USDT:USDT,48.82,301.0,48.81,338.0,48.84,14.0,48.85,304.0
1753533248537,12:34:08.537,COMP/USDT:USDT,48.82,301.0,48.81,338.0,48.84,14.0,48.85,304.0
1753533248545,12:34:08.545,COMP/USDT:USDT,48.82,301.0,48.81,338.0,48.84,14.0,48.85,304.0
1753533248645,12:34:08.645,COMP/USDT:USDT,48.82,301.0,48.81,338.0,48.84,14.0,48.87,305.0
1753533248762,12:34:08.762,COMP/USDT:USDT,48.82,301.0,48.81,338.0,48.85,304.0,48.86,14.0
1753533249208,12:34:09.208,COMP/USDT:USDT,48.82,301.0,48.81,338.0,48.85,304.0,48.86,14.0
1753533249327,12:34:09.327,COMP/USDT:USDT,48.82,301.0,48.81,338.0,48.84,14.0,48.85,304.0
1753533249620,12:34:09.620,COMP/USDT:USDT,48.82,301.0,48.81,338.0,48.84,14.0,48.85,304.0
1753533250168,12:34:10.168,COMP/USDT:USDT,48.82,301.0,48.81,338.0,48.84,14.0,48.85,304.0
1753533250839,12:34:10.839,COMP/USDT:USDT,48.82,301.0,48.81,338.0,48.84,14.0,48.87,305.0
1753533250962,12:34:10.962,COMP/USDT:USDT,48.82,301.0,48.81,338.0,48.85,304.0,48.86,14.0
1753533251046,12:34:11.046,COMP/USDT:USDT,48.82,301.0,48.81,338.0,48.84,14.0,48.85,304.0
1753533252134,12:34:12.134,COMP/USDT:USDT,48.81,308.0,48.8,2221.0,48.84,14.0,48.85,304.0
1753533252200,12:34:12.200,COMP/USDT:USDT,48.81,308.0,48.8,2221.0,48.84,14.0,48.85,304.0
1753533252250,12:34:12.250,COMP/USDT:USDT,48.81,308.0,48.8,2221.0,48.84,14.0,48.85,304.0
1753533252391,12:34:12.391,COMP/USDT:USDT,48.81,308.0,48.8,2221.0,48.84,318.0,48.85,304.0
1753533252623,12:34:12.623,COMP/USDT:USDT,48.81,308.0,48.8,2221.0,48.83,304.0,48.84,318.0
1753533252685,12:34:12.685,COMP/USDT:USDT,48.81,308.0,48.8,2221.0,48.83,304.0,48.84,304.0
1753533252771,12:34:12.771,COMP/USDT:USDT,48.81,308.0,48.8,2221.0,48.85,304.0,48.87,1043.0
1753533252924,12:34:12.924,COMP/USDT:USDT,48.81,308.0,48.8,2221.0,48.84,14.0,48.85,304.0
1753533252963,12:34:12.963,COMP/USDT:USDT,48.81,308.0,48.8,2221.0,48.84,14.0,48.85,304.0
1753533253081,12:34:13.081,COMP/USDT:USDT,48.81,308.0,48.8,2221.0,48.84,318.0,48.85,304.0
1753533253338,12:34:13.338,COMP/USDT:USDT,48.81,308.0,48.8,2221.0,48.84,318.0,48.85,304.0
1753533253677,12:34:13.677,COMP/USDT:USDT,48.81,308.0,48.8,2221.0,48.84,318.0,48.85,304.0
1753533257134,12:34:17.134,COMP/USDT:USDT,48.82,308.0,48.81,923.0,48.84,14.0,48.85,304.0
1753533257204,12:34:17.204,COMP/USDT:USDT,48.82,308.0,48.81,308.0,48.84,14.0,48.85,304.0
1753533257305,12:34:17.305,COMP/USDT:USDT,48.82,308.0,48.81,308.0,48.84,14.0,48.85,304.0
1753533257415,12:34:17.415,COMP/USDT:USDT,48.81,308.0,48.8,2221.0,48.84,14.0,48.85,304.0
1753533258021,12:34:18.021,COMP/USDT:USDT,48.81,308.0,48.8,2221.0,48.84,14.0,48.85,304.0
1753533258139,12:34:18.139,COMP/USDT:USDT,48.81,1006.0,48.8,2221.0,48.84,14.0,48.85,304.0
1753533258142,12:34:18.142,COMP/USDT:USDT,48.82,308.0,48.81,1006.0,48.84,14.0,48.85,304.0
1753533258428,12:34:18.428,COMP/USDT:USDT,48.82,308.0,48.81,1006.0,48.84,14.0,48.85,304.0
1753533259003,12:34:19.003,COMP/USDT:USDT,48.82,308.0,48.81,1006.0,48.84,14.0,48.85,304.0
1753533259425,12:34:19.425,COMP/USDT:USDT,48.82,308.0,48.81,1006.0,48.84,14.0,48.85,304.0
1753533259442,12:34:19.442,COMP/USDT:USDT,48.82,308.0,48.81,1006.0,48.84,14.0,48.85,304.0
1753533261328,12:34:21.328,COMP/USDT:USDT,48.81,338.0,48.8,2221.0,48.84,14.0,48.85,304.0
1753533261347,12:34:21.347,COMP/USDT:USDT,48.82,1160.0,48.81,338.0,48.84,14.0,48.85,304.0
1753533261482,12:34:21.482,COMP/USDT:USDT,48.83,308.0,48.82,308.0,48.84,14.0,48.85,304.0
1753533261628,12:34:21.628,COMP/USDT:USDT,48.82,308.0,48.81,338.0,48.84,14.0,48.85,304.0
1753533261728,12:34:21.728,COMP/USDT:USDT,48.83,308.0,48.82,308.0,48.84,14.0,48.85,304.0
1753533261908,12:34:21.908,COMP/USDT:USDT,48.83,308.0,48.82,308.0,48.84,14.0,48.85,304.0
1753533262053,12:34:22.053,COMP/USDT:USDT,48.82,308.0,48.81,338.0,48.84,14.0,48.85,304.0
1753533262938,12:34:22.938,COMP/USDT:USDT,48.82,308.0,48.81,338.0,48.84,14.0,48.85,304.0
1753533264107,12:34:24.107,COMP/USDT:USDT,48.83,308.0,48.82,1199.0,48.84,14.0,48.85,304.0
1753533265309,12:34:25.309,COMP/USDT:USDT,48.83,308.0,48.82,308.0,48.84,14.0,48.85,304.0
1753533265355,12:34:25.355,COMP/USDT:USDT,48.83,310.0,48.82,308.0,48.84,18.0,48.85,304.0
1753533267736,12:34:27.736,COMP/USDT:USDT,48.83,2.0,48.82,308.0,48.84,18.0,48.85,304.0
1753533267738,12:34:27.738,COMP/USDT:USDT,48.83,2.0,48.82,308.0,48.84,18.0,48.85,304.0
1753533267850,12:34:27.850,COMP/USDT:USDT,48.83,2.0,48.82,308.0,48.84,18.0,48.85,304.0
1753533268002,12:34:28.002,COMP/USDT:USDT,48.83,2.0,48.82,308.0,48.84,18.0,48.85,304.0
1753533268094,12:34:28.094,COMP/USDT:USDT,48.83,2.0,48.82,308.0,48.84,18.0,48.85,304.0
1753533268217,12:34:28.217,COMP/USDT:USDT,48.83,2.0,48.81,308.0,48.84,18.0,48.85,304.0
1753533268247,12:34:28.247,COMP/USDT:USDT,48.82,2.0,48.81,308.0,48.84,18.0,48.85,304.0
1753533268373,12:34:28.373,COMP/USDT:USDT,48.82,315.0,48.81,308.0,48.84,18.0,48.85,304.0
1753533268525,12:34:28.525,COMP/USDT:USDT,48.81,308.0,48.8,2221.0,48.84,18.0,48.85,304.0
1753533268570,12:34:28.570,COMP/USDT:USDT,48.82,2.0,48.81,308.0,48.84,18.0,48.85,304.0
1753533268733,12:34:28.733,COMP/USDT:USDT,48.82,2.0,48.81,308.0,48.84,18.0,48.85,304.0
1753533268884,12:34:28.884,COMP/USDT:USDT,48.82,2.0,48.81,308.0,48.84,18.0,48.85,304.0
1753533269035,12:34:29.035,COMP/USDT:USDT,48.82,2.0,48.81,308.0,48.84,18.0,48.85,304.0
1753533269133,12:34:29.133,COMP/USDT:USDT,48.82,2.0,48.81,308.0,48.84,18.0,48.85,304.0
1753533269959,12:34:29.959,COMP/USDT:USDT,48.83,313.0,48.82,2.0,48.84,18.0,48.85,304.0
1753533270723,12:34:30.723,COMP/USDT:USDT,48.83,313.0,48.82,2.0,48.84,18.0,48.85,304.0
1753533271695,12:34:31.695,COMP/USDT:USDT,48.82,2.0,48.81,308.0,48.84,18.0,48.85,304.0
1753533271846,12:34:31.846,COMP/USDT:USDT,48.82,2.0,48.81,308.0,48.84,18.0,48.85,304.0
1753533271996,12:34:31.996,COMP/USDT:USDT,48.83,313.0,48.82,2.0,48.84,18.0,48.85,304.0
1753533272537,12:34:32.537,COMP/USDT:USDT,48.83,313.0,48.82,2.0,48.84,18.0,48.85,304.0
1753533272562,12:34:32.562,COMP/USDT:USDT,48.83,313.0,48.82,2.0,48.84,18.0,48.85,304.0
1753533280906,12:34:40.906,COMP/USDT:USDT,48.82,2.0,48.81,308.0,48.84,18.0,48.85,304.0
1753533281032,12:34:41.032,COMP/USDT:USDT,48.83,311.0,48.82,2.0,48.84,18.0,48.85,304.0
1753533281618,12:34:41.618,COMP/USDT:USDT,48.83,311.0,48.82,2.0,48.84,18.0,48.86,311.0
1753533281714,12:34:41.714,COMP/USDT:USDT,48.83,311.0,48.82,2.0,48.85,18.0,48.86,311.0
1753533281837,12:34:41.837,COMP/USDT:USDT,48.82,311.0,48.81,338.0,48.85,18.0,48.86,311.0
1753533281931,12:34:41.931,COMP/USDT:USDT,48.83,2.0,48.82,311.0,48.85,18.0,48.86,311.0
1753533282005,12:34:42.005,COMP/USDT:USDT,48.83,2.0,48.82,311.0,48.85,18.0,48.86,311.0
1753533282108,12:34:42.108,COMP/USDT:USDT,48.84,311.0,48.83,2.0,48.85,18.0,48.86,311.0
1753533282281,12:34:42.281,COMP/USDT:USDT,48.84,311.0,48.83,2.0,48.85,18.0,48.86,311.0
1753533283481,12:34:43.481,COMP/USDT:USDT,48.84,311.0,48.83,2.0,48.85,18.0,48.87,305.0
1753533283613,12:34:43.613,COMP/USDT:USDT,48.84,311.0,48.83,2.0,48.86,18.0,48.87,305.0
1753533283663,12:34:43.663,COMP/USDT:USDT,48.82,311.0,48.81,1034.0,48.86,18.0,48.87,305.0
1753533283764,12:34:43.764,COMP/USDT:USDT,48.84,311.0,48.83,2.0,48.86,18.0,48.87,305.0
1753533283931,12:34:43.931,COMP/USDT:USDT,48.82,311.0,48.81,1034.0,48.86,18.0,48.87,305.0
1753533283947,12:34:43.947,COMP/USDT:USDT,48.84,311.0,48.83,2.0,48.86,18.0,48.87,305.0
1753533284122,12:34:44.122,COMP/USDT:USDT,48.83,311.0,48.82,341.0,48.86,18.0,48.87,305.0
1753533284146,12:34:44.146,COMP/USDT:USDT,48.84,2.0,48.83,311.0,48.86,18.0,48.87,305.0
1753533284251,12:34:44.251,COMP/USDT:USDT,48.84,313.0,48.83,311.0,48.86,18.0,48.87,305.0
1753533284420,12:34:44.420,COMP/USDT:USDT,48.83,311.0,48.82,341.0,48.86,18.0,48.87,305.0
1753533284445,12:34:44.445,COMP/USDT:USDT,48.84,2.0,48.83,311.0,48.86,18.0,48.87,305.0
1753533284565,12:34:44.565,COMP/USDT:USDT,48.84,313.0,48.83,311.0,48.86,18.0,48.87,305.0
1753533284717,12:34:44.717,COMP/USDT:USDT,48.83,311.0,48.82,341.0,48.86,18.0,48.87,305.0
1753533284745,12:34:44.745,COMP/USDT:USDT,48.84,2.0,48.83,311.0,48.86,18.0,48.87,305.0
1753533284876,12:34:44.876,COMP/USDT:USDT,48.84,2.0,48.83,311.0,48.86,18.0,48.87,305.0
1753533285030,12:34:45.030,COMP/USDT:USDT,48.84,313.0,48.83,311.0,48.86,18.0,48.87,305.0
1753533285045,12:34:45.045,COMP/USDT:USDT,48.84,311.0,48.83,311.0,48.86,18.0,48.87,305.0
1753533285181,12:34:45.181,COMP/USDT:USDT,48.83,311.0,48.82,341.0,48.86,18.0,48.87,305.0
1753533285337,12:34:45.337,COMP/USDT:USDT,48.84,2.0,48.83,311.0,48.86,18.0,48.87,305.0
1753533285495,12:34:45.495,COMP/USDT:USDT,48.84,313.0,48.83,311.0,48.86,18.0,48.87,305.0
1753533285545,12:34:45.545,COMP/USDT:USDT,48.84,311.0,48.83,311.0,48.86,18.0,48.87,305.0
1753533285648,12:34:45.648,COMP/USDT:USDT,48.83,311.0,48.82,341.0,48.86,18.0,48.87,305.0
1753533285799,12:34:45.799,COMP/USDT:USDT,48.84,2.0,48.83,311.0,48.86,18.0,48.87,305.0
1753533285938,12:34:45.938,COMP/USDT:USDT,48.84,2.0,48.83,311.0,48.86,18.0,48.87,305.0
1753533285952,12:34:45.952,COMP/USDT:USDT,48.84,2.0,48.83,311.0,48.86,18.0,48.87,305.0
1753533286113,12:34:46.113,COMP/USDT:USDT,48.84,313.0,48.83,311.0,48.86,18.0,48.87,305.0
1753533286145,12:34:46.145,COMP/USDT:USDT,48.84,311.0,48.83,311.0,48.86,18.0,48.87,305.0
1753533286263,12:34:46.263,COMP/USDT:USDT,48.83,311.0,48.82,341.0,48.86,18.0,48.87,305.0
1753533286414,12:34:46.414,COMP/USDT:USDT,48.84,2.0,48.83,311.0,48.86,329.0,48.87,305.0
1753533286445,12:34:46.445,COMP/USDT:USDT,48.84,2.0,48.83,311.0,48.86,311.0,48.87,305.0
1753533286585,12:34:46.585,COMP/USDT:USDT,48.84,2.0,48.83,311.0,48.88,304.0,48.89,337.0
1753533286737,12:34:46.737,COMP/USDT:USDT,48.84,2.0,48.83,311.0,48.86,308.0,48.87,326.0
1753533286745,12:34:46.745,COMP/USDT:USDT,48.84,2.0,48.83,311.0,48.86,308.0,48.87,308.0
1753533286895,12:34:46.895,COMP/USDT:USDT,48.84,2.0,48.83,311.0,48.88,304.0,48.89,337.0
1753533287025,12:34:47.025,COMP/USDT:USDT,48.85,308.0,48.84,2.0,48.87,18.0,48.88,304.0
1753533287046,12:34:47.046,COMP/USDT:USDT,48.85,308.0,48.83,311.0,48.87,18.0,48.88,304.0
1753533287222,12:34:47.222,COMP/USDT:USDT,48.83,311.0,48.82,341.0,48.87,18.0,48.88,304.0
1753533287251,12:34:47.251,COMP/USDT:USDT,48.84,2.0,48.83,311.0,48.87,18.0,48.88,304.0
1753533287403,12:34:47.403,COMP/USDT:USDT,48.85,308.0,48.84,310.0,48.87,326.0,48.88,304.0
1753533287498,12:34:47.498,COMP/USDT:USDT,48.85,308.0,48.84,308.0,48.88,304.0,48.89,337.0
1753533287575,12:34:47.575,COMP/USDT:USDT,48.86,2.0,48.84,308.0,48.87,18.0,48.88,304.0
1753533287711,12:34:47.711,COMP/USDT:USDT,48.85,2.0,48.84,308.0,48.87,326.0,48.88,304.0
1753533287821,12:34:47.821,COMP/USDT:USDT,48.85,2.0,48.83,311.0,48.88,304.0,48.89,337.0
1753533287846,12:34:47.846,COMP/USDT:USDT,48.84,2.0,48.83,311.0,48.87,18.0,48.88,304.0
1753533287992,12:34:47.992,COMP/USDT:USDT,48.85,308.0,48.84,2.0,48.87,18.0,48.88,304.0
1753533288131,12:34:48.131,COMP/USDT:USDT,48.83,311.0,48.82,341.0,48.87,326.0,48.88,304.0
1753533288151,12:34:48.151,COMP/USDT:USDT,48.84,2.0,48.83,311.0,48.87,326.0,48.88,304.0
1753533288310,12:34:48.310,COMP/USDT:USDT,48.84,2.0,48.83,311.0,48.87,326.0,48.88,304.0
1753533288471,12:34:48.471,COMP/USDT:USDT,48.85,308.0,48.84,2.0,48.87,326.0,48.88,304.0
1753533288624,12:34:48.624,COMP/USDT:USDT,48.83,311.0,48.82,341.0,48.88,304.0,48.89,337.0
1753533288714,12:34:48.714,COMP/USDT:USDT,48.84,2.0,48.83,311.0,48.87,18.0,48.88,304.0
1753533288802,12:34:48.802,COMP/USDT:USDT,48.85,308.0,48.84,2.0,48.87,18.0,48.88,304.0
1753533288845,12:34:48.845,COMP/USDT:USDT,48.85,308.0,48.83,341.0,48.87,18.0,48.88,304.0
1753533288958,12:34:48.958,COMP/USDT:USDT,48.85,308.0,48.83,341.0,48.87,18.0,48.88,304.0
1753533289127,12:34:49.127,COMP/USDT:USDT,48.85,308.0,48.83,5452.0,48.87,18.0,48.88,304.0
1753533289228,12:34:49.228,COMP/USDT:USDT,48.86,308.0,48.85,338.0,48.87,18.0,48.89,307.0
1753533289314,12:34:49.314,COMP/USDT:USDT,48.86,308.0,48.85,338.0,48.87,18.0,48.89,307.0
1753533289434,12:34:49.434,COMP/USDT:USDT,48.86,308.0,48.85,338.0,48.87,18.0,48.89,307.0
1753533289489,12:34:49.489,COMP/USDT:USDT,48.87,308.0,48.86,310.0,48.88,18.0,48.89,307.0
1753533289633,12:34:49.633,COMP/USDT:USDT,48.87,308.0,48.86,310.0,48.88,18.0,48.89,307.0
1753533289690,12:34:49.690,COMP/USDT:USDT,48.87,308.0,48.86,310.0,48.88,18.0,48.89,307.0
1753533289972,12:34:49.972,COMP/USDT:USDT,48.87,308.0,48.86,310.0,48.88,18.0,48.9,313.0
1753533290128,12:34:50.128,COMP/USDT:USDT,48.87,308.0,48.86,310.0,48.89,18.0,48.9,313.0
1753533290163,12:34:50.163,COMP/USDT:USDT,48.86,308.0,48.85,338.0,48.89,18.0,48.9,313.0
1753533290315,12:34:50.315,COMP/USDT:USDT,48.87,2.0,48.86,308.0,48.89,18.0,48.9,313.0
1753533290433,12:34:50.433,COMP/USDT:USDT,48.87,2.0,48.86,308.0,48.89,18.0,48.9,313.0
1753533290468,12:34:50.468,COMP/USDT:USDT,48.87,2.0,48.86,308.0,48.89,18.0,48.9,313.0
1753533290626,12:34:50.626,COMP/USDT:USDT,48.87,2.0,48.86,308.0,48.89,18.0,48.9,313.0
1753533290737,12:34:50.737,COMP/USDT:USDT,48.87,2.0,48.86,308.0,48.89,18.0,48.9,313.0
1753533290783,12:34:50.783,COMP/USDT:USDT,48.87,2.0,48.86,308.0,48.89,18.0,48.9,313.0
1753533290934,12:34:50.934,COMP/USDT:USDT,48.87,2.0,48.86,308.0,48.89,18.0,48.9,313.0
1753533291132,12:34:51.132,COMP/USDT:USDT,48.87,310.0,48.86,308.0,48.89,18.0,48.9,313.0
1753533291214,12:34:51.214,COMP/USDT:USDT,48.87,308.0,48.86,308.0,48.89,18.0,48.9,313.0
1753533291314,12:34:51.314,COMP/USDT:USDT,48.86,308.0,48.85,338.0,48.89,18.0,48.9,313.0
1753533291401,12:34:51.401,COMP/USDT:USDT,48.87,2.0,48.86,308.0,48.89,18.0,48.9,313.0
1753533291519,12:34:51.519,COMP/USDT:USDT,48.87,2.0,48.86,308.0,48.89,326.0,48.9,313.0
1753533291554,12:34:51.554,COMP/USDT:USDT,48.87,2.0,48.86,308.0,48.89,308.0,48.9,313.0
1753533291705,12:34:51.705,COMP/USDT:USDT,48.87,2.0,48.86,308.0,48.91,312.0,48.92,1137.0
1753533291831,12:34:51.831,COMP/USDT:USDT,48.87,2.0,48.86,308.0,48.89,308.0,48.9,326.0
1753533291858,12:34:51.858,COMP/USDT:USDT,48.87,2.0,48.86,308.0,48.89,308.0,48.9,308.0
1753533292014,12:34:52.014,COMP/USDT:USDT,48.87,2.0,48.86,308.0,48.91,312.0,48.92,1137.0
1753533292136,12:34:52.136,COMP/USDT:USDT,48.87,2.0,48.86,308.0,48.89,308.0,48.9,18.0
1753533292174,12:34:52.174,COMP/USDT:USDT,48.87,2.0,48.86,308.0,48.89,308.0,48.91,312.0
1753533292334,12:34:52.334,COMP/USDT:USDT,48.87,2.0,48.86,308.0,48.91,312.0,48.92,1137.0
1753533292362,12:34:52.362,COMP/USDT:USDT,48.87,2.0,48.86,308.0,48.89,308.0,48.9,326.0
1753533292521,12:34:52.521,COMP/USDT:USDT,48.87,310.0,48.86,308.0,48.91,312.0,48.92,1137.0
1753533292545,12:34:52.545,COMP/USDT:USDT,48.87,310.0,48.86,308.0,48.9,18.0,48.91,312.0
1753533292699,12:34:52.699,COMP/USDT:USDT,48.87,310.0,48.86,308.0,48.9,18.0,48.91,312.0
1753533292855,12:34:52.855,COMP/USDT:USDT,48.87,310.0,48.86,308.0,48.89,308.0,48.9,18.0
1753533293007,12:34:53.007,COMP/USDT:USDT,48.86,308.0,48.85,338.0,48.91,312.0,48.92,1137.0
1753533293115,12:34:53.115,COMP/USDT:USDT,48.87,2.0,48.86,308.0,48.9,18.0,48.91,312.0
1753533293203,12:34:53.203,COMP/USDT:USDT,48.87,2.0,48.86,308.0,48.89,308.0,48.9,18.0
1753533293300,12:34:53.300,COMP/USDT:USDT,48.87,2.0,48.86,308.0,48.89,308.0,48.91,312.0
1753533293424,12:34:53.424,COMP/USDT:USDT,48.87,2.0,48.86,308.0,48.91,312.0,48.92,1137.0
1753533293448,12:34:53.448,COMP/USDT:USDT,48.87,2.0,48.86,308.0,48.9,18.0,48.91,312.0
1753533293600,12:34:53.600,COMP/USDT:USDT,48.87,2.0,48.86,308.0,48.9,18.0,48.91,312.0
1753533293735,12:34:53.735,COMP/USDT:USDT,48.87,2.0,48.86,308.0,48.9,18.0,48.91,312.0
1753533293755,12:34:53.755,COMP/USDT:USDT,48.87,2.0,48.86,308.0,48.89,308.0,48.9,326.0
1753533293915,12:34:53.915,COMP/USDT:USDT,48.87,2.0,48.86,308.0,48.91,312.0,48.92,1137.0
1753533293946,12:34:53.946,COMP/USDT:USDT,48.87,2.0,48.86,308.0,48.9,18.0,48.91,312.0
1753533294063,12:34:54.063,COMP/USDT:USDT,48.87,2.0,48.86,308.0,48.9,18.0,48.91,312.0
1753533294217,12:34:54.217,COMP/USDT:USDT,48.87,2.0,48.86,308.0,48.89,308.0,48.9,18.0
1753533294261,12:34:54.261,COMP/USDT:USDT,48.87,2.0,48.86,308.0,48.89,308.0,48.91,312.0
1753533294369,12:34:54.369,COMP/USDT:USDT,48.87,2.0,48.86,308.0,48.91,312.0,48.92,1137.0
1753533294522,12:34:54.522,COMP/USDT:USDT,48.87,2.0,48.86,308.0,48.9,18.0,48.91,312.0
1753533294614,12:34:54.614,COMP/USDT:USDT,48.87,2.0,48.86,308.0,48.89,308.0,48.9,18.0
1753533294676,12:34:54.676,COMP/USDT:USDT,48.87,310.0,48.86,308.0,48.89,308.0,48.91,312.0
1753533294830,12:34:54.830,COMP/USDT:USDT,48.86,308.0,48.85,338.0,48.91,312.0,48.92,1137.0
1753533294917,12:34:54.917,COMP/USDT:USDT,48.87,2.0,48.86,308.0,48.9,18.0,48.91,312.0
1753533295013,12:34:55.013,COMP/USDT:USDT,48.87,2.0,48.86,308.0,48.9,18.0,48.91,312.0
1753533295131,12:34:55.131,COMP/USDT:USDT,48.87,2.0,48.86,308.0,48.9,18.0,48.91,312.0
1753533295166,12:34:55.166,COMP/USDT:USDT,48.87,2.0,48.86,308.0,48.9,18.0,48.91,312.0
1753533295331,12:34:55.331,COMP/USDT:USDT,48.87,2.0,48.86,308.0,48.9,18.0,48.91,312.0
1753533295537,12:34:55.537,COMP/USDT:USDT,48.87,2.0,48.86,308.0,48.9,18.0,48.91,312.0
1753533295634,12:34:55.634,COMP/USDT:USDT,48.87,310.0,48.86,308.0,48.9,18.0,48.91,312.0
1753533295673,12:34:55.673,COMP/USDT:USDT,48.88,308.0,48.87,310.0,48.9,18.0,48.91,312.0
1753533295825,12:34:55.825,COMP/USDT:USDT,48.86,308.0,48.85,338.0,48.89,308.0,48.9,326.0
1753533295897,12:34:55.897,COMP/USDT:USDT,48.87,2.0,48.86,308.0,48.88,18.0,48.89,308.0
1753533295958,12:34:55.958,COMP/USDT:USDT,48.87,310.0,48.86,308.0,48.88,18.0,48.89,308.0
1753533296146,12:34:56.146,COMP/USDT:USDT,48.87,310.0,48.86,308.0,48.88,18.0,48.89,308.0
1753533296477,12:34:56.477,COMP/USDT:USDT,48.87,310.0,48.86,308.0,48.88,18.0,48.9,308.0
1753533296565,12:34:56.565,COMP/USDT:USDT,48.87,310.0,48.86,308.0,48.89,18.0,48.9,308.0
1753533296662,12:34:56.662,COMP/USDT:USDT,48.86,308.0,48.85,338.0,48.89,18.0,48.9,308.0
1753533296815,12:34:56.815,COMP/USDT:USDT,48.87,2.0,48.86,308.0,48.89,329.0,48.9,308.0
1753533296909,12:34:56.909,COMP/USDT:USDT,48.87,2.0,48.86,308.0,48.91,312.0,48.92,1137.0
1753533296986,12:34:56.986,COMP/USDT:USDT,48.87,2.0,48.86,308.0,48.9,18.0,48.91,312.0
1753533297123,12:34:57.123,COMP/USDT:USDT,48.87,2.0,48.86,308.0,48.9,18.0,48.91,312.0
1753533297210,12:34:57.210,COMP/USDT:USDT,48.87,2.0,48.86,308.0,48.9,18.0,48.91,312.0
1753533297321,12:34:57.321,COMP/USDT:USDT,48.87,2.0,48.86,308.0,48.9,18.0,48.91,312.0
1753533297425,12:34:57.425,COMP/USDT:USDT,48.88,311.0,48.87,2.0,48.9,18.0,48.91,312.0
1753533297478,12:34:57.478,COMP/USDT:USDT,48.88,311.0,48.86,338.0,48.9,18.0,48.91,312.0
1753533297805,12:34:57.805,COMP/USDT:USDT,48.88,311.0,48.86,338.0,48.9,18.0,48.91,312.0
1753533297873,12:34:57.873,COMP/USDT:USDT,48.88,311.0,48.86,338.0,48.9,18.0,48.91,312.0
1753533298625,12:34:58.625,COMP/USDT:USDT,48.88,311.0,48.86,338.0,48.9,329.0,48.92,305.0
1753533298645,12:34:58.645,COMP/USDT:USDT,48.88,311.0,48.86,338.0,48.9,311.0,48.92,305.0
1753533298775,12:34:58.775,COMP/USDT:USDT,48.88,311.0,48.86,338.0,48.92,305.0,48.93,1438.0
1753533298928,12:34:58.928,COMP/USDT:USDT,48.89,2.0,48.88,311.0,48.91,18.0,48.92,305.0
1753533299026,12:34:59.026,COMP/USDT:USDT,48.89,2.0,48.88,311.0,48.91,18.0,48.92,305.0
1753533299135,12:34:59.135,COMP/USDT:USDT,48.89,2.0,48.88,311.0,48.91,18.0,48.92,305.0
1753533299204,12:34:59.204,COMP/USDT:USDT,48.89,2.0,48.88,311.0,48.91,18.0,48.92,305.0
1753533299319,12:34:59.319,COMP/USDT:USDT,48.89,2.0,48.88,311.0,48.91,18.0,48.92,305.0
1753533299776,12:34:59.776,COMP/USDT:USDT,48.89,2.0,48.88,311.0,48.9,311.0,48.91,18.0
1753533300113,12:35:00.113,COMP/USDT:USDT,48.89,2.0,48.88,311.0,48.9,311.0,48.91,18.0
1753533300221,12:35:00.221,COMP/USDT:USDT,48.89,2.0,48.88,311.0,48.9,311.0,48.91,18.0
1753533300245,12:35:00.245,COMP/USDT:USDT,48.89,2.0,48.88,311.0,48.9,311.0,48.91,18.0
1753533300520,12:35:00.520,COMP/USDT:USDT,48.89,2.0,48.88,311.0,48.9,311.0,48.91,18.0
1753533301339,12:35:01.339,COMP/USDT:USDT,48.89,2.0,48.88,311.0,48.9,311.0,48.91,18.0
1753533301478,12:35:01.478,COMP/USDT:USDT,48.89,2.0,48.88,311.0,48.9,311.0,48.91,18.0
1753533301582,12:35:01.582,COMP/USDT:USDT,48.89,2.0,48.86,308.0,48.9,311.0,48.91,18.0
1753533301661,12:35:01.661,COMP/USDT:USDT,48.87,2.0,48.86,308.0,48.9,311.0,48.91,18.0
1753533301785,12:35:01.785,COMP/USDT:USDT,48.87,2.0,48.86,308.0,48.89,18.0,48.9,311.0
1753533301916,12:35:01.916,COMP/USDT:USDT,48.87,2.0,48.86,308.0,48.88,311.0,48.89,18.0
1753533302021,12:35:02.021,COMP/USDT:USDT,48.87,2.0,48.86,308.0,48.88,311.0,48.89,18.0
1753533302312,12:35:02.312,COMP/USDT:USDT,48.87,2.0,48.86,308.0,48.88,311.0,48.89,18.0
1753533302478,12:35:02.478,COMP/USDT:USDT,48.87,2.0,48.86,308.0,48.89,329.0,48.9,311.0
1753533302631,12:35:02.631,COMP/USDT:USDT,48.87,2.0,48.86,308.0,48.9,311.0,48.92,1137.0
1753533302731,12:35:02.731,COMP/USDT:USDT,48.87,2.0,48.86,308.0,48.89,18.0,48.9,311.0
1753533302783,12:35:02.783,COMP/USDT:USDT,48.87,2.0,48.86,308.0,48.89,329.0,48.9,311.0
1753533302897,12:35:02.897,COMP/USDT:USDT,48.87,2.0,48.85,308.0,48.88,311.0,48.89,311.0
1753533302946,12:35:02.946,COMP/USDT:USDT,48.86,2.0,48.85,308.0,48.88,329.0,48.89,311.0
1753533303070,12:35:03.070,COMP/USDT:USDT,48.86,2.0,48.85,308.0,48.9,311.0,48.92,1137.0
1753533303220,12:35:03.220,COMP/USDT:USDT,48.87,311.0,48.86,2.0,48.89,18.0,48.9,311.0
1753533303256,12:35:03.256,COMP/USDT:USDT,48.87,311.0,48.85,308.0,48.89,18.0,48.9,311.0
1753533303374,12:35:03.374,COMP/USDT:USDT,48.85,308.0,48.83,1936.0,48.89,18.0,48.9,311.0
1753533303526,12:35:03.526,COMP/USDT:USDT,48.86,2.0,48.85,308.0,48.89,329.0,48.9,311.0
1753533303599,12:35:03.599,COMP/USDT:USDT,48.87,311.0,48.86,2.0,48.89,329.0,48.9,311.0
1753533303681,12:35:03.681,COMP/USDT:USDT,48.87,311.0,48.85,308.0,48.9,311.0,48.92,1137.0
1753533303830,12:35:03.830,COMP/USDT:USDT,48.88,2.0,48.85,308.0,48.89,18.0,48.9,311.0
1753533303862,12:35:03.862,COMP/USDT:USDT,48.87,311.0,48.86,2.0,48.89,18.0,48.9,311.0
1753533304015,12:35:04.015,COMP/USDT:USDT,48.85,308.0,48.83,2539.0,48.89,18.0,48.9,311.0
1753533304137,12:35:04.137,COMP/USDT:USDT,48.87,311.0,48.86,2.0,48.89,18.0,48.9,311.0
1753533304202,12:35:04.202,COMP/USDT:USDT,48.85,308.0,48.83,2539.0,48.89,18.0,48.9,311.0
1753533304291,12:35:04.291,COMP/USDT:USDT,48.86,2.0,48.85,308.0,48.89,329.0,48.9,311.0
1753533304402,12:35:04.402,COMP/USDT:USDT,48.87,311.0,48.86,2.0,48.89,329.0,48.9,311.0
1753533304461,12:35:04.461,COMP/USDT:USDT,48.87,311.0,48.85,308.0,48.9,311.0,48.92,1137.0
1753533304613,12:35:04.613,COMP/USDT:USDT,48.88,2.0,48.87,311.0,48.89,329.0,48.9,311.0
1753533304819,12:35:04.819,COMP/USDT:USDT,48.88,2.0,48.87,311.0,48.89,329.0,48.9,311.0
1753533305036,12:35:05.036,COMP/USDT:USDT,48.88,2.0,48.85,308.0,48.89,329.0,48.9,311.0
1753533305062,12:35:05.062,COMP/USDT:USDT,48.87,311.0,48.86,2.0,48.89,329.0,48.9,311.0
1753533305233,12:35:05.233,COMP/USDT:USDT,48.85,308.0,48.83,2539.0,48.9,311.0,48.92,1137.0
1753533305315,12:35:05.315,COMP/USDT:USDT,48.87,311.0,48.86,2.0,48.89,329.0,48.9,311.0
1753533305403,12:35:05.403,COMP/USDT:USDT,48.85,308.0,48.83,2539.0,48.89,311.0,48.9,311.0
1753533305464,12:35:05.464,COMP/USDT:USDT,48.87,311.0,48.86,313.0,48.88,18.0,48.89,311.0
1753533305652,12:35:05.652,COMP/USDT:USDT,48.87,311.0,48.86,313.0,48.88,18.0,48.89,311.0
1753533306062,12:35:06.062,COMP/USDT:USDT,48.87,311.0,48.86,313.0,48.88,18.0,48.89,311.0
1753533306202,12:35:06.202,COMP/USDT:USDT,48.87,311.0,48.86,313.0,48.88,18.0,48.89,311.0
1753533306524,12:35:06.524,COMP/USDT:USDT,48.87,311.0,48.86,313.0,48.88,18.0,48.89,311.0
1753533307197,12:35:07.197,COMP/USDT:USDT,48.87,311.0,48.86,313.0,48.88,18.0,48.9,311.0
1753533307307,12:35:07.307,COMP/USDT:USDT,48.87,311.0,48.86,313.0,48.89,18.0,48.9,311.0
1753533307367,12:35:07.367,COMP/USDT:USDT,48.85,308.0,48.83,1936.0,48.89,18.0,48.9,311.0
1753533307520,12:35:07.520,COMP/USDT:USDT,48.86,2.0,48.85,308.0,48.89,18.0,48.9,311.0
1753533307700,12:35:07.700,COMP/USDT:USDT,48.87,313.0,48.86,315.0,48.89,18.0,48.9,311.0
1753533307831,12:35:07.831,COMP/USDT:USDT,48.85,308.0,48.83,1936.0,48.89,18.0,48.9,311.0
1753533307846,12:35:07.846,COMP/USDT:USDT,48.86,2.0,48.85,308.0,48.89,18.0,48.9,311.0
1753533308001,12:35:08.001,COMP/USDT:USDT,48.87,313.0,48.86,315.0,48.89,18.0,48.9,311.0
1753533308123,12:35:08.123,COMP/USDT:USDT,48.87,313.0,48.86,313.0,48.89,18.0,48.9,311.0
1753533308158,12:35:08.158,COMP/USDT:USDT,48.85,308.0,48.83,1936.0,48.89,18.0,48.9,311.0
1753533308310,12:35:08.310,COMP/USDT:USDT,48.87,313.0,48.86,2.0,48.89,331.0,48.9,311.0
1753533308426,12:35:08.426,COMP/USDT:USDT,48.87,313.0,48.85,308.0,48.9,311.0,48.92,1137.0
1753533308524,12:35:08.524,COMP/USDT:USDT,48.88,2.0,48.87,313.0,48.89,18.0,48.9,311.0
1753533308582,12:35:08.582,COMP/USDT:USDT,48.88,2.0,48.87,313.0,48.89,331.0,48.9,311.0
1753533308937,12:35:08.937,COMP/USDT:USDT,48.88,2.0,48.87,313.0,48.89,331.0,48.9,311.0
1753533309365,12:35:09.365,COMP/USDT:USDT,48.88,2.0,48.85,308.0,48.89,331.0,48.9,311.0
1753533309505,12:35:09.505,COMP/USDT:USDT,48.87,313.0,48.86,2.0,48.89,331.0,48.9,311.0
1753533309614,12:35:09.614,COMP/USDT:USDT,48.85,308.0,48.83,2609.0,48.9,311.0,48.92,1137.0
1753533309726,12:35:09.726,COMP/USDT:USDT,48.87,313.0,48.86,2.0,48.89,331.0,48.9,311.0
1753533309802,12:35:09.802,COMP/USDT:USDT,48.85,308.0,48.83,2609.0,48.89,313.0,48.9,311.0
1753533309877,12:35:09.877,COMP/USDT:USDT,48.87,313.0,48.86,315.0,48.88,18.0,48.89,313.0
1753533310174,12:35:10.174,COMP/USDT:USDT,48.87,313.0,48.86,315.0,48.88,18.0,48.89,313.0
1753533310940,12:35:10.940,COMP/USDT:USDT,48.87,313.0,48.86,315.0,48.88,18.0,48.89,313.0
1753533311045,12:35:11.045,COMP/USDT:USDT,48.87,313.0,48.86,315.0,48.88,18.0,48.89,313.0
1753533311392,12:35:11.392,COMP/USDT:USDT,48.87,313.0,48.86,315.0,48.88,18.0,48.89,313.0
1753533311510,12:35:11.510,COMP/USDT:USDT,48.87,313.0,48.86,315.0,48.88,18.0,48.9,311.0
1753533311546,12:35:11.546,COMP/USDT:USDT,48.87,313.0,48.86,315.0,48.89,18.0,48.9,311.0
1753533311689,12:35:11.689,COMP/USDT:USDT,48.85,308.0,48.83,2609.0,48.89,18.0,48.9,311.0
1753533311837,12:35:11.837,COMP/USDT:USDT,48.86,315.0,48.85,308.0,48.89,331.0,48.9,311.0
1753533311839,12:35:11.839,COMP/USDT:USDT,48.87,313.0,48.86,315.0,48.89,331.0,48.9,311.0
1753533311996,12:35:11.996,COMP/USDT:USDT,48.85,308.0,48.83,2609.0,48.9,311.0,48.92,1137.0
1753533312117,12:35:12.117,COMP/USDT:USDT,48.86,2.0,48.85,308.0,48.89,331.0,48.9,311.0
1753533312219,12:35:12.219,COMP/USDT:USDT,48.87,313.0,48.86,2.0,48.89,331.0,48.9,311.0
1753533312299,12:35:12.299,COMP/USDT:USDT,48.85,308.0,48.83,2609.0,48.9,311.0,48.92,1137.0
1753533312420,12:35:12.420,COMP/USDT:USDT,48.87,313.0,48.86,2.0,48.89,331.0,48.9,311.0
1753533312530,12:35:12.530,COMP/USDT:USDT,48.85,308.0,48.83,2609.0,48.89,313.0,48.9,311.0
1753533312550,12:35:12.550,COMP/USDT:USDT,48.86,2.0,48.85,308.0,48.88,18.0,48.89,313.0
1753533312730,12:35:12.730,COMP/USDT:USDT,48.86,2.0,48.85,308.0,48.88,18.0,48.89,313.0
1753533312856,12:35:12.856,COMP/USDT:USDT,48.86,2.0,48.85,308.0,48.88,18.0,48.89,313.0
1753533313013,12:35:13.013,COMP/USDT:USDT,48.86,2.0,48.85,308.0,48.88,18.0,48.89,313.0
1753533313068,12:35:13.068,COMP/USDT:USDT,48.86,2.0,48.85,308.0,48.88,18.0,48.89,313.0
1753533313163,12:35:13.163,COMP/USDT:USDT,48.86,315.0,48.85,308.0,48.88,18.0,48.89,313.0
1753533313316,12:35:13.316,COMP/USDT:USDT,48.85,308.0,48.83,2609.0,48.88,331.0,48.89,313.0
1753533313345,12:35:13.345,COMP/USDT:USDT,48.86,2.0,48.85,308.0,48.88,331.0,48.89,313.0
1753533313476,12:35:13.476,COMP/USDT:USDT,48.86,2.0,48.85,308.0,48.9,311.0,48.92,1137.0
1753533313626,12:35:13.626,COMP/USDT:USDT,48.86,2.0,48.85,308.0,48.89,18.0,48.9,311.0
1753533313797,12:35:13.797,COMP/USDT:USDT,48.86,315.0,48.85,308.0,48.89,18.0,48.9,311.0
1753533313891,12:35:13.891,COMP/USDT:USDT,48.87,313.0,48.86,315.0,48.89,18.0,48.9,311.0
1753533314027,12:35:14.027,COMP/USDT:USDT,48.85,308.0,48.83,2609.0,48.89,18.0,48.9,311.0
1753533314095,12:35:14.095,COMP/USDT:USDT,48.86,2.0,48.85,308.0,48.89,18.0,48.9,311.0
1753533314179,12:35:14.179,COMP/USDT:USDT,48.86,2.0,48.85,308.0,48.89,18.0,48.9,311.0
1753533314333,12:35:14.333,COMP/USDT:USDT,48.86,2.0,48.85,308.0,48.89,18.0,48.9,311.0
1753533314435,12:35:14.435,COMP/USDT:USDT,48.86,2.0,48.85,308.0,48.88,313.0,48.89,331.0
1753533314493,12:35:14.493,COMP/USDT:USDT,48.86,2.0,48.85,308.0,48.88,313.0,48.89,313.0
1753533314605,12:35:14.605,COMP/USDT:USDT,48.86,2.0,48.85,308.0,48.9,311.0,48.92,1137.0
1753533314730,12:35:14.730,COMP/USDT:USDT,48.86,2.0,48.85,308.0,48.89,18.0,48.9,311.0
1753533314796,12:35:14.796,COMP/USDT:USDT,48.86,2.0,48.85,308.0,48.89,18.0,48.9,311.0
1753533314887,12:35:14.887,COMP/USDT:USDT,48.86,2.0,48.85,308.0,48.89,18.0,48.9,311.0
1753533314947,12:35:14.947,COMP/USDT:USDT,48.86,2.0,48.85,308.0,48.89,18.0,48.9,311.0
1753533315101,12:35:15.101,COMP/USDT:USDT,48.86,2.0,48.85,308.0,48.89,18.0,48.9,311.0
1753533315202,12:35:15.202,COMP/USDT:USDT,48.86,2.0,48.85,308.0,48.88,313.0,48.89,18.0
1753533315253,12:35:15.253,COMP/USDT:USDT,48.86,2.0,48.85,308.0,48.88,313.0,48.9,311.0
1753533315407,12:35:15.407,COMP/USDT:USDT,48.86,2.0,48.85,308.0,48.9,311.0,48.92,1137.0
1753533315530,12:35:15.530,COMP/USDT:USDT,48.86,2.0,48.85,308.0,48.88,313.0,48.89,18.0
1753533315620,12:35:15.620,COMP/USDT:USDT,48.86,2.0,48.85,308.0,48.9,311.0,48.92,1137.0
1753533315711,12:35:15.711,COMP/USDT:USDT,48.86,2.0,48.85,308.0,48.88,313.0,48.89,18.0
1753533315799,12:35:15.799,COMP/USDT:USDT,48.86,2.0,48.85,308.0,48.9,311.0,48.92,1137.0
1753533315870,12:35:15.870,COMP/USDT:USDT,48.86,2.0,48.85,308.0,48.88,313.0,48.89,18.0
1753533316026,12:35:16.026,COMP/USDT:USDT,48.86,2.0,48.85,308.0,48.9,311.0,48.92,1137.0
1753533316049,12:35:16.049,COMP/USDT:USDT,48.86,2.0,48.85,308.0,48.88,313.0,48.89,18.0
1753533316208,12:35:16.208,COMP/USDT:USDT,48.86,2.0,48.85,308.0,48.9,311.0,48.92,1137.0
1753533316337,12:35:16.337,COMP/USDT:USDT,48.86,2.0,48.85,308.0,48.88,313.0,48.89,18.0
1753533316428,12:35:16.428,COMP/USDT:USDT,48.86,2.0,48.85,308.0,48.9,311.0,48.92,1137.0
1753533316520,12:35:16.520,COMP/USDT:USDT,48.86,2.0,48.85,308.0,48.88,313.0,48.89,18.0
1753533316600,12:35:16.600,COMP/USDT:USDT,48.86,2.0,48.85,308.0,48.9,311.0,48.92,1137.0
1753533316722,12:35:16.722,COMP/USDT:USDT,48.86,2.0,48.85,308.0,48.88,312.0,48.89,18.0
1753533316827,12:35:16.827,COMP/USDT:USDT,48.86,314.0,48.85,308.0,48.9,311.0,48.92,1137.0
1753533316850,12:35:16.850,COMP/USDT:USDT,48.86,314.0,48.85,308.0,48.88,312.0,48.89,18.0
1753533317004,12:35:17.004,COMP/USDT:USDT,48.85,308.0,48.83,2609.0,48.9,311.0,48.92,1137.0
1753533317113,12:35:17.113,COMP/USDT:USDT,48.86,2.0,48.85,308.0,48.88,312.0,48.89,18.0
1753533317216,12:35:17.216,COMP/USDT:USDT,48.86,2.0,48.85,308.0,48.9,311.0,48.92,1137.0
1753533317302,12:35:17.302,COMP/USDT:USDT,48.86,2.0,48.85,308.0,48.88,312.0,48.89,18.0
1753533317417,12:35:17.417,COMP/USDT:USDT,48.86,2.0,48.85,308.0,48.9,311.0,48.92,1137.0
1753533317448,12:35:17.448,COMP/USDT:USDT,48.86,2.0,48.85,308.0,48.88,312.0,48.89,18.0
1753533317607,12:35:17.607,COMP/USDT:USDT,48.86,2.0,48.85,308.0,48.9,311.0,48.92,1137.0
1753533317731,12:35:17.731,COMP/USDT:USDT,48.86,2.0,48.85,308.0,48.88,312.0,48.89,18.0
1753533317804,12:35:17.804,COMP/USDT:USDT,48.86,2.0,48.85,308.0,48.9,311.0,48.92,1137.0
1753533317907,12:35:17.907,COMP/USDT:USDT,48.86,314.0,48.85,308.0,48.88,312.0,48.89,18.0
1753533318031,12:35:18.031,COMP/USDT:USDT,48.85,308.0,48.83,1936.0,48.9,311.0,48.92,1137.0
1753533318048,12:35:18.048,COMP/USDT:USDT,48.86,2.0,48.85,308.0,48.88,312.0,48.89,18.0
1753533318199,12:35:18.199,COMP/USDT:USDT,48.86,2.0,48.85,308.0,48.9,311.0,48.92,1137.0
1753533318335,12:35:18.335,COMP/USDT:USDT,48.86,2.0,48.85,308.0,48.88,312.0,48.89,18.0
1753533318401,12:35:18.401,COMP/USDT:USDT,48.86,2.0,48.85,308.0,48.9,311.0,48.92,1137.0
1753533318498,12:35:18.498,COMP/USDT:USDT,48.86,2.0,48.85,308.0,48.88,312.0,48.89,18.0
1753533318616,12:35:18.616,COMP/USDT:USDT,48.86,2.0,48.85,308.0,48.9,311.0,48.92,1137.0
1753533318671,12:35:18.671,COMP/USDT:USDT,48.86,2.0,48.85,308.0,48.88,312.0,48.89,18.0
1753533318824,12:35:18.824,COMP/USDT:USDT,48.86,2.0,48.85,308.0,48.9,311.0,48.92,1137.0
1753533318900,12:35:18.900,COMP/USDT:USDT,48.86,2.0,48.85,308.0,48.88,312.0,48.89,18.0
1753533319015,12:35:19.015,COMP/USDT:USDT,48.86,314.0,48.85,308.0,48.9,311.0,48.92,1137.0
1753533319050,12:35:19.050,COMP/USDT:USDT,48.86,314.0,48.85,308.0,48.88,312.0,48.89,18.0
1753533319225,12:35:19.225,COMP/USDT:USDT,48.85,308.0,48.83,1936.0,48.9,311.0,48.92,1137.0
1753533319331,12:35:19.331,COMP/USDT:USDT,48.86,2.0,48.85,308.0,48.88,312.0,48.89,18.0
1753533319408,12:35:19.408,COMP/USDT:USDT,48.86,2.0,48.85,308.0,48.9,311.0,48.92,1137.0
1753533319479,12:35:19.479,COMP/USDT:USDT,48.86,2.0,48.85,308.0,48.88,312.0,48.89,18.0
1753533319623,12:35:19.623,COMP/USDT:USDT,48.86,2.0,48.85,308.0,48.9,311.0,48.92,1137.0
1753533319650,12:35:19.650,COMP/USDT:USDT,48.86,2.0,48.85,308.0,48.88,312.0,48.89,18.0
