timestamp,time,symbol,bid1_price,bid1_volume,bid2_price,bid2_volume,ask1_price,ask1_volume,ask2_price,ask2_volume
1753533019000,12:30:19.000,AUCTION/USDT:USDT,10.546,18.0,10.545,6.0,10.554,18.0,10.555,188.0
1753533023005,12:30:23.005,AUCTION/USDT:USDT,10.546,18.0,10.545,6.0,10.554,18.0,10.555,188.0
1753533023978,12:30:23.978,AUCTION/USDT:USDT,10.545,24.0,10.544,469.0,10.554,18.0,10.555,188.0
1753533024780,12:30:24.780,AUCTION/USDT:USDT,10.545,24.0,10.544,469.0,10.554,18.0,10.555,188.0
1753533025333,12:30:25.333,AUCTION/USDT:USDT,10.545,24.0,10.544,469.0,10.554,18.0,10.555,188.0
1753533025354,12:30:25.354,AUCTION/USDT:USDT,10.545,24.0,10.544,469.0,10.554,18.0,10.555,188.0
1753533034034,12:30:34.034,AUCTION/USDT:USDT,10.545,24.0,10.544,469.0,10.554,18.0,10.555,188.0
1753533034142,12:30:34.142,AUCTION/USDT:USDT,10.545,6.0,10.543,18.0,10.554,18.0,10.555,188.0
1753533034231,12:30:34.231,AUCTION/USDT:USDT,10.543,18.0,10.539,6.0,10.55,18.0,10.551,188.0
1753533034275,12:30:34.275,AUCTION/USDT:USDT,10.543,18.0,10.538,6.0,10.55,18.0,10.551,188.0
1753533035006,12:30:35.006,AUCTION/USDT:USDT,10.543,18.0,10.538,6.0,10.55,18.0,10.551,188.0
1753533037129,12:30:37.129,AUCTION/USDT:USDT,10.543,18.0,10.538,6.0,10.55,18.0,10.551,188.0
1753533037471,12:30:37.471,AUCTION/USDT:USDT,10.543,18.0,10.538,6.0,10.55,18.0,10.551,188.0
1753533038313,12:30:38.313,AUCTION/USDT:USDT,10.543,18.0,10.538,6.0,10.55,18.0,10.551,188.0
1753533045618,12:30:45.618,AUCTION/USDT:USDT,10.543,18.0,10.538,6.0,10.55,18.0,10.551,188.0
1753533046004,12:30:46.004,AUCTION/USDT:USDT,10.543,18.0,10.538,6.0,10.55,18.0,10.551,188.0
1753533047128,12:30:47.128,AUCTION/USDT:USDT,10.543,18.0,10.538,6.0,10.55,18.0,10.551,188.0
1753533047633,12:30:47.633,AUCTION/USDT:USDT,10.543,18.0,10.538,6.0,10.55,18.0,10.551,188.0
1753533051393,12:30:51.393,AUCTION/USDT:USDT,10.543,18.0,10.538,6.0,10.55,18.0,10.551,188.0
1753533051581,12:30:51.581,AUCTION/USDT:USDT,10.543,18.0,10.538,6.0,10.55,18.0,10.551,188.0
1753533052435,12:30:52.435,AUCTION/USDT:USDT,10.543,18.0,10.538,6.0,10.55,18.0,10.551,188.0
1753533057193,12:30:57.193,AUCTION/USDT:USDT,10.543,18.0,10.538,6.0,10.55,18.0,10.551,188.0
1753533059749,12:30:59.749,AUCTION/USDT:USDT,10.539,17.0,10.538,6.0,10.55,18.0,10.551,188.0
1753533059826,12:30:59.826,AUCTION/USDT:USDT,10.539,17.0,10.538,6.0,10.549,17.0,10.55,188.0
1753533059871,12:30:59.871,AUCTION/USDT:USDT,10.539,17.0,10.538,6.0,10.549,17.0,10.55,188.0
1753533060036,12:31:00.036,AUCTION/USDT:USDT,10.539,17.0,10.538,6.0,10.549,17.0,10.55,188.0
1753533060141,12:31:00.141,AUCTION/USDT:USDT,10.539,17.0,10.538,6.0,10.549,17.0,10.55,188.0
1753533060154,12:31:00.154,AUCTION/USDT:USDT,10.539,17.0,10.538,6.0,10.549,17.0,10.55,188.0
1753533061028,12:31:01.028,AUCTION/USDT:USDT,10.539,17.0,10.538,6.0,10.549,17.0,10.55,188.0
1753533061258,12:31:01.258,AUCTION/USDT:USDT,10.539,17.0,10.538,6.0,10.549,17.0,10.55,188.0
1753533062004,12:31:02.004,AUCTION/USDT:USDT,10.539,17.0,10.538,6.0,10.549,17.0,10.55,188.0
1753533063123,12:31:03.123,AUCTION/USDT:USDT,10.539,17.0,10.538,6.0,10.549,17.0,10.55,353.0
1753533063283,12:31:03.283,AUCTION/USDT:USDT,10.539,17.0,10.538,6.0,10.549,17.0,10.55,353.0
1753533064004,12:31:04.004,AUCTION/USDT:USDT,10.539,17.0,10.538,6.0,10.549,17.0,10.55,353.0
1753533064058,12:31:04.058,AUCTION/USDT:USDT,10.539,17.0,10.538,6.0,10.549,17.0,10.55,353.0
1753533065598,12:31:05.598,AUCTION/USDT:USDT,10.539,17.0,10.538,6.0,10.549,17.0,10.55,353.0
1753533065873,12:31:05.873,AUCTION/USDT:USDT,10.539,17.0,10.538,6.0,10.549,17.0,10.55,353.0
1753533069038,12:31:09.038,AUCTION/USDT:USDT,10.539,17.0,10.538,6.0,10.549,17.0,10.55,188.0
1753533069130,12:31:09.130,AUCTION/USDT:USDT,10.543,18.0,10.542,469.0,10.549,17.0,10.55,188.0
1753533069175,12:31:09.175,AUCTION/USDT:USDT,10.543,24.0,10.542,469.0,10.549,17.0,10.55,188.0
1753533069331,12:31:09.331,AUCTION/USDT:USDT,10.543,24.0,10.542,469.0,10.549,17.0,10.55,188.0
1753533069647,12:31:09.647,AUCTION/USDT:USDT,10.543,24.0,10.542,469.0,10.549,17.0,10.551,188.0
1753533069653,12:31:09.653,AUCTION/USDT:USDT,10.543,24.0,10.542,469.0,10.549,17.0,10.551,188.0
1753533070008,12:31:10.008,AUCTION/USDT:USDT,10.543,24.0,10.542,469.0,10.549,17.0,10.551,188.0
1753533070053,12:31:10.053,AUCTION/USDT:USDT,10.543,24.0,10.542,469.0,10.549,17.0,10.551,188.0
1753533070235,12:31:10.235,AUCTION/USDT:USDT,10.544,18.0,10.543,6.0,10.552,18.0,10.553,256.0
1753533070274,12:31:10.274,AUCTION/USDT:USDT,10.544,18.0,10.543,6.0,10.552,18.0,10.553,256.0
1753533070464,12:31:10.464,AUCTION/USDT:USDT,10.544,18.0,10.543,6.0,10.55,18.0,10.551,188.0
1753533070581,12:31:10.581,AUCTION/USDT:USDT,10.544,18.0,10.543,6.0,10.55,18.0,10.551,188.0
1753533071003,12:31:11.003,AUCTION/USDT:USDT,10.544,18.0,10.543,6.0,10.55,18.0,10.551,188.0
1753533073841,12:31:13.841,AUCTION/USDT:USDT,10.543,6.0,10.539,17.0,10.549,18.0,10.55,188.0
1753533073888,12:31:13.888,AUCTION/USDT:USDT,10.539,17.0,10.538,6.0,10.549,18.0,10.55,188.0
1753533074006,12:31:14.006,AUCTION/USDT:USDT,10.539,17.0,10.538,6.0,10.549,18.0,10.55,188.0
1753533074259,12:31:14.259,AUCTION/USDT:USDT,10.539,17.0,10.538,6.0,10.549,18.0,10.55,188.0
1753533075978,12:31:15.978,AUCTION/USDT:USDT,10.539,17.0,10.538,6.0,10.549,18.0,10.55,188.0
1753533076306,12:31:16.306,AUCTION/USDT:USDT,10.539,17.0,10.538,6.0,10.549,18.0,10.55,188.0
1753533078040,12:31:18.040,AUCTION/USDT:USDT,10.543,18.0,10.542,469.0,10.549,18.0,10.55,188.0
1753533078110,12:31:18.110,AUCTION/USDT:USDT,10.543,18.0,10.542,469.0,10.549,18.0,10.551,188.0
1753533078338,12:31:18.338,AUCTION/USDT:USDT,10.543,18.0,10.542,469.0,10.549,18.0,10.551,188.0
1753533078735,12:31:18.735,AUCTION/USDT:USDT,10.544,18.0,10.543,6.0,10.552,18.0,10.553,256.0
1753533078762,12:31:18.762,AUCTION/USDT:USDT,10.544,18.0,10.543,6.0,10.552,18.0,10.553,256.0
1753533079114,12:31:19.114,AUCTION/USDT:USDT,10.543,6.0,10.542,469.0,10.55,18.0,10.551,188.0
1753533079184,12:31:19.184,AUCTION/USDT:USDT,10.543,6.0,10.542,469.0,10.55,18.0,10.551,188.0
1753533079288,12:31:19.288,AUCTION/USDT:USDT,10.543,6.0,10.542,469.0,10.55,18.0,10.551,188.0
1753533079441,12:31:19.441,AUCTION/USDT:USDT,10.543,6.0,10.542,469.0,10.549,18.0,10.55,188.0
1753533079474,12:31:19.474,AUCTION/USDT:USDT,10.543,6.0,10.542,469.0,10.549,18.0,10.55,188.0
1753533079609,12:31:19.609,AUCTION/USDT:USDT,10.543,6.0,10.542,469.0,10.549,18.0,10.55,188.0
1753533081199,12:31:21.199,AUCTION/USDT:USDT,10.543,6.0,10.542,469.0,10.549,18.0,10.55,188.0
1753533081627,12:31:21.627,AUCTION/USDT:USDT,10.543,6.0,10.542,469.0,10.549,18.0,10.55,188.0
1753533082244,12:31:22.244,AUCTION/USDT:USDT,10.543,6.0,10.539,17.0,10.549,18.0,10.55,188.0
1753533082261,12:31:22.261,AUCTION/USDT:USDT,10.539,17.0,10.538,6.0,10.549,18.0,10.55,188.0
1753533082449,12:31:22.449,AUCTION/USDT:USDT,10.539,17.0,10.538,6.0,10.549,18.0,10.55,188.0
1753533082450,12:31:22.450,AUCTION/USDT:USDT,10.539,17.0,10.538,6.0,10.549,18.0,10.55,188.0
1753533083397,12:31:23.397,AUCTION/USDT:USDT,10.539,17.0,10.538,6.0,10.549,18.0,10.55,188.0
1753533083523,12:31:23.523,AUCTION/USDT:USDT,10.539,17.0,10.538,6.0,10.549,18.0,10.55,188.0
1753533083679,12:31:23.679,AUCTION/USDT:USDT,10.539,17.0,10.538,6.0,10.549,18.0,10.55,188.0
1753533084433,12:31:24.433,AUCTION/USDT:USDT,10.539,17.0,10.538,6.0,10.549,18.0,10.55,188.0
1753533085937,12:31:25.937,AUCTION/USDT:USDT,10.539,17.0,10.538,6.0,10.548,18.0,10.549,165.0
1753533086141,12:31:26.141,AUCTION/USDT:USDT,10.539,17.0,10.538,6.0,10.548,18.0,10.549,165.0
1753533087005,12:31:27.005,AUCTION/USDT:USDT,10.539,17.0,10.538,6.0,10.548,18.0,10.549,165.0
1753533093724,12:31:33.724,AUCTION/USDT:USDT,10.539,17.0,10.538,6.0,10.548,18.0,10.549,165.0
1753533094003,12:31:34.003,AUCTION/USDT:USDT,10.539,17.0,10.538,6.0,10.548,18.0,10.549,165.0
1753533094833,12:31:34.833,AUCTION/USDT:USDT,10.539,17.0,10.538,6.0,10.548,18.0,10.549,165.0
1753533094854,12:31:34.854,AUCTION/USDT:USDT,10.539,17.0,10.538,6.0,10.548,18.0,10.549,165.0
1753533107743,12:31:47.743,AUCTION/USDT:USDT,10.543,17.0,10.542,469.0,10.552,18.0,10.553,256.0
1753533107814,12:31:47.814,AUCTION/USDT:USDT,10.544,17.0,10.543,6.0,10.552,18.0,10.553,256.0
1753533107860,12:31:47.860,AUCTION/USDT:USDT,10.544,17.0,10.543,6.0,10.552,18.0,10.553,256.0
1753533108004,12:31:48.004,AUCTION/USDT:USDT,10.544,17.0,10.543,6.0,10.552,18.0,10.553,256.0
1753533110006,12:31:50.006,AUCTION/USDT:USDT,10.544,17.0,10.543,6.0,10.552,18.0,10.553,256.0
1753533110298,12:31:50.298,AUCTION/USDT:USDT,10.544,17.0,10.543,6.0,10.552,18.0,10.553,256.0
1753533112213,12:31:52.213,AUCTION/USDT:USDT,10.544,17.0,10.543,6.0,10.554,18.0,10.555,188.0
1753533112324,12:31:52.324,AUCTION/USDT:USDT,10.544,17.0,10.543,6.0,10.554,18.0,10.555,188.0
1753533114913,12:31:54.913,AUCTION/USDT:USDT,10.544,17.0,10.543,6.0,10.554,18.0,10.555,188.0
1753533118014,12:31:58.014,AUCTION/USDT:USDT,10.544,17.0,10.543,6.0,10.554,18.0,10.555,188.0
1753533119631,12:31:59.631,AUCTION/USDT:USDT,10.543,23.0,10.542,469.0,10.554,18.0,10.555,188.0
1753533120012,12:32:00.012,AUCTION/USDT:USDT,10.543,23.0,10.542,469.0,10.554,18.0,10.555,188.0
1753533120271,12:32:00.271,AUCTION/USDT:USDT,10.543,23.0,10.542,469.0,10.554,18.0,10.555,188.0
1753533120474,12:32:00.474,AUCTION/USDT:USDT,10.543,23.0,10.542,469.0,10.55,17.0,10.551,188.0
1753533120562,12:32:00.562,AUCTION/USDT:USDT,10.543,23.0,10.542,469.0,10.55,17.0,10.551,188.0
1753533120781,12:32:00.781,AUCTION/USDT:USDT,10.543,23.0,10.542,469.0,10.55,17.0,10.551,188.0
1753533121005,12:32:01.005,AUCTION/USDT:USDT,10.543,23.0,10.542,469.0,10.55,17.0,10.551,188.0
1753533121198,12:32:01.198,AUCTION/USDT:USDT,10.543,23.0,10.542,469.0,10.55,17.0,10.551,188.0
1753533121363,12:32:01.363,AUCTION/USDT:USDT,10.543,23.0,10.539,17.0,10.55,17.0,10.551,188.0
1753533121534,12:32:01.534,AUCTION/USDT:USDT,10.539,17.0,10.538,6.0,10.55,17.0,10.551,188.0
1753533121616,12:32:01.616,AUCTION/USDT:USDT,10.539,17.0,10.538,6.0,10.549,17.0,10.55,188.0
1753533121663,12:32:01.663,AUCTION/USDT:USDT,10.539,17.0,10.538,6.0,10.549,17.0,10.55,188.0
1753533122031,12:32:02.031,AUCTION/USDT:USDT,10.539,17.0,10.538,6.0,10.549,17.0,10.55,188.0
1753533122445,12:32:02.445,AUCTION/USDT:USDT,10.539,17.0,10.538,6.0,10.549,17.0,10.55,188.0
1753533123588,12:32:03.588,AUCTION/USDT:USDT,10.539,17.0,10.538,6.0,10.549,17.0,10.55,188.0
1753533124719,12:32:04.719,AUCTION/USDT:USDT,10.54,17.0,10.539,285.0,10.549,17.0,10.55,188.0
1753533124803,12:32:04.803,AUCTION/USDT:USDT,10.541,17.0,10.54,6.0,10.549,17.0,10.55,188.0
1753533124874,12:32:04.874,AUCTION/USDT:USDT,10.541,17.0,10.54,6.0,10.549,17.0,10.55,188.0
1753533126694,12:32:06.694,AUCTION/USDT:USDT,10.541,17.0,10.54,6.0,10.549,17.0,10.55,188.0
1753533132494,12:32:12.494,AUCTION/USDT:USDT,10.541,17.0,10.54,6.0,10.549,17.0,10.55,188.0
1753533136244,12:32:16.244,AUCTION/USDT:USDT,10.541,17.0,10.54,6.0,10.549,17.0,10.55,188.0
1753533136262,12:32:16.262,AUCTION/USDT:USDT,10.541,17.0,10.538,6.0,10.549,17.0,10.55,188.0
1753533138121,12:32:18.121,AUCTION/USDT:USDT,10.539,18.0,10.538,6.0,10.549,17.0,10.55,188.0
1753533138213,12:32:18.213,AUCTION/USDT:USDT,10.539,18.0,10.538,6.0,10.549,17.0,10.55,188.0
1753533138973,12:32:18.973,AUCTION/USDT:USDT,10.539,18.0,10.538,6.0,10.549,17.0,10.55,188.0
1753533139627,12:32:19.627,AUCTION/USDT:USDT,10.539,18.0,10.538,6.0,10.549,17.0,10.55,188.0
1753533140005,12:32:20.005,AUCTION/USDT:USDT,10.539,18.0,10.538,6.0,10.549,17.0,10.55,188.0
1753533140053,12:32:20.053,AUCTION/USDT:USDT,10.539,18.0,10.538,6.0,10.549,17.0,10.55,188.0
1753533146006,12:32:26.006,AUCTION/USDT:USDT,10.539,18.0,10.538,6.0,10.549,17.0,10.55,188.0
1753533146973,12:32:26.973,AUCTION/USDT:USDT,10.539,18.0,10.538,6.0,10.549,17.0,10.551,188.0
1753533147136,12:32:27.136,AUCTION/USDT:USDT,10.539,18.0,10.538,6.0,10.549,17.0,10.551,188.0
1753533147161,12:32:27.161,AUCTION/USDT:USDT,10.539,18.0,10.538,6.0,10.549,17.0,10.55,188.0
1753533147429,12:32:27.429,AUCTION/USDT:USDT,10.539,18.0,10.538,6.0,10.549,17.0,10.55,188.0
1753533148434,12:32:28.434,AUCTION/USDT:USDT,10.539,18.0,10.538,6.0,10.549,17.0,10.55,188.0
1753533148664,12:32:28.664,AUCTION/USDT:USDT,10.539,18.0,10.538,6.0,10.549,17.0,10.55,188.0
1753533156004,12:32:36.004,AUCTION/USDT:USDT,10.539,18.0,10.538,6.0,10.549,17.0,10.55,188.0
1753533157852,12:32:37.852,AUCTION/USDT:USDT,10.539,18.0,10.538,6.0,10.548,17.0,10.549,165.0
1753533157929,12:32:37.929,AUCTION/USDT:USDT,10.539,18.0,10.538,6.0,10.548,17.0,10.549,165.0
1753533161273,12:32:41.273,AUCTION/USDT:USDT,10.539,18.0,10.538,6.0,10.548,17.0,10.549,165.0
1753533161393,12:32:41.393,AUCTION/USDT:USDT,10.539,18.0,10.538,6.0,10.548,17.0,10.549,165.0
1753533162266,12:32:42.266,AUCTION/USDT:USDT,10.539,18.0,10.538,6.0,10.548,17.0,10.549,165.0
1753533165006,12:32:45.006,AUCTION/USDT:USDT,10.539,18.0,10.538,6.0,10.548,17.0,10.549,165.0
1753533170947,12:32:50.947,AUCTION/USDT:USDT,10.538,6.0,10.537,487.0,10.546,188.0,10.548,17.0
1753533171006,12:32:51.006,AUCTION/USDT:USDT,10.538,24.0,10.537,469.0,10.545,18.0,10.546,188.0
1753533171244,12:32:51.244,AUCTION/USDT:USDT,10.538,24.0,10.537,469.0,10.545,18.0,10.546,188.0
1753533171436,12:32:51.436,AUCTION/USDT:USDT,10.538,24.0,10.537,469.0,10.545,18.0,10.546,188.0
1753533172003,12:32:52.003,AUCTION/USDT:USDT,10.538,24.0,10.537,469.0,10.545,18.0,10.546,188.0
1753533172458,12:32:52.458,AUCTION/USDT:USDT,10.538,24.0,10.537,469.0,10.545,18.0,10.546,188.0
1753533173546,12:32:53.546,AUCTION/USDT:USDT,10.538,24.0,10.537,469.0,10.545,18.0,10.546,188.0
1753533174275,12:32:54.275,AUCTION/USDT:USDT,10.538,24.0,10.537,469.0,10.548,17.0,10.549,165.0
1753533174486,12:32:54.486,AUCTION/USDT:USDT,10.538,24.0,10.537,469.0,10.548,17.0,10.549,165.0
1753533175934,12:32:55.934,AUCTION/USDT:USDT,10.538,24.0,10.537,469.0,10.548,17.0,10.549,165.0
1753533176102,12:32:56.102,AUCTION/USDT:USDT,10.538,24.0,10.537,469.0,10.548,17.0,10.549,165.0
1753533179997,12:32:59.997,AUCTION/USDT:USDT,10.538,24.0,10.537,469.0,10.545,18.0,10.546,188.0
1753533180133,12:33:00.133,AUCTION/USDT:USDT,10.538,24.0,10.537,469.0,10.545,18.0,10.546,188.0
1753533181040,12:33:01.040,AUCTION/USDT:USDT,10.538,6.0,10.535,18.0,10.544,18.0,10.545,188.0
1753533181132,12:33:01.132,AUCTION/USDT:USDT,10.535,18.0,10.532,6.0,10.544,18.0,10.545,188.0
1753533181173,12:33:01.173,AUCTION/USDT:USDT,10.535,18.0,10.532,6.0,10.544,18.0,10.545,188.0
1753533181364,12:33:01.364,AUCTION/USDT:USDT,10.535,18.0,10.532,6.0,10.544,18.0,10.545,188.0
1753533181933,12:33:01.933,AUCTION/USDT:USDT,10.535,18.0,10.532,6.0,10.544,18.0,10.545,188.0
1753533182006,12:33:02.006,AUCTION/USDT:USDT,10.535,18.0,10.532,6.0,10.544,18.0,10.545,188.0
1753533182054,12:33:02.054,AUCTION/USDT:USDT,10.535,18.0,10.532,6.0,10.544,18.0,10.545,188.0
1753533182191,12:33:02.191,AUCTION/USDT:USDT,10.535,18.0,10.532,6.0,10.544,18.0,10.545,188.0
1753533182331,12:33:02.331,AUCTION/USDT:USDT,10.536,469.0,10.535,18.0,10.544,18.0,10.545,188.0
1753533182362,12:33:02.362,AUCTION/USDT:USDT,10.537,6.0,10.536,469.0,10.544,18.0,10.545,188.0
1753533182492,12:33:02.492,AUCTION/USDT:USDT,10.537,6.0,10.536,469.0,10.544,18.0,10.545,188.0
1753533182608,12:33:02.608,AUCTION/USDT:USDT,10.537,6.0,10.536,469.0,10.544,18.0,10.545,188.0
1753533184418,12:33:04.418,AUCTION/USDT:USDT,10.537,24.0,10.536,469.0,10.544,18.0,10.545,188.0
1753533184633,12:33:04.633,AUCTION/USDT:USDT,10.537,24.0,10.536,469.0,10.544,18.0,10.545,188.0
1753533186006,12:33:06.006,AUCTION/USDT:USDT,10.537,24.0,10.536,469.0,10.544,18.0,10.545,188.0
1753533187005,12:33:07.005,AUCTION/USDT:USDT,10.537,24.0,10.536,469.0,10.544,18.0,10.545,188.0
1753533189794,12:33:09.794,AUCTION/USDT:USDT,10.537,24.0,10.536,469.0,10.544,18.0,10.545,188.0
1753533190297,12:33:10.297,AUCTION/USDT:USDT,10.537,24.0,10.536,469.0,10.544,18.0,10.545,188.0
1753533190414,12:33:10.414,AUCTION/USDT:USDT,10.537,24.0,10.536,469.0,10.544,18.0,10.545,188.0
1753533190958,12:33:10.958,AUCTION/USDT:USDT,10.538,18.0,10.537,6.0,10.544,18.0,10.545,188.0
1753533192008,12:33:12.008,AUCTION/USDT:USDT,10.537,6.0,10.536,469.0,10.544,18.0,10.545,188.0
1753533192311,12:33:12.311,AUCTION/USDT:USDT,10.537,24.0,10.536,469.0,10.544,18.0,10.545,188.0
1753533193003,12:33:13.003,AUCTION/USDT:USDT,10.537,24.0,10.536,469.0,10.544,18.0,10.545,188.0
1753533193759,12:33:13.759,AUCTION/USDT:USDT,10.537,6.0,10.536,469.0,10.544,18.0,10.545,188.0
1753533195608,12:33:15.608,AUCTION/USDT:USDT,10.537,6.0,10.536,469.0,10.544,18.0,10.545,188.0
1753533196794,12:33:16.794,AUCTION/USDT:USDT,10.537,24.0,10.536,469.0,10.544,18.0,10.545,188.0
1753533198472,12:33:18.472,AUCTION/USDT:USDT,10.537,24.0,10.536,469.0,10.544,18.0,10.545,188.0
1753533198613,12:33:18.613,AUCTION/USDT:USDT,10.537,24.0,10.536,469.0,10.544,18.0,10.545,188.0
1753533198711,12:33:18.711,AUCTION/USDT:USDT,10.537,24.0,10.536,469.0,10.544,18.0,10.545,188.0
1753533201461,12:33:21.461,AUCTION/USDT:USDT,10.537,24.0,10.536,469.0,10.544,18.0,10.546,165.0
1753533201580,12:33:21.580,AUCTION/USDT:USDT,10.537,6.0,10.535,18.0,10.544,18.0,10.545,376.0
1753533201657,12:33:21.657,AUCTION/USDT:USDT,10.535,18.0,10.532,6.0,10.544,18.0,10.545,376.0
1753533201941,12:33:21.941,AUCTION/USDT:USDT,10.535,18.0,10.532,6.0,10.544,18.0,10.545,376.0
1753533202936,12:33:22.936,AUCTION/USDT:USDT,10.535,18.0,10.532,6.0,10.544,18.0,10.545,376.0
1753533203200,12:33:23.200,AUCTION/USDT:USDT,10.535,18.0,10.532,6.0,10.544,18.0,10.545,376.0
1753533206110,12:33:26.110,AUCTION/USDT:USDT,10.537,18.0,10.536,469.0,10.544,18.0,10.545,376.0
1753533206161,12:33:26.161,AUCTION/USDT:USDT,10.537,24.0,10.536,469.0,10.544,18.0,10.545,376.0
1753533208622,12:33:28.622,AUCTION/USDT:USDT,10.537,24.0,10.536,469.0,10.544,18.0,10.545,376.0
1753533209413,12:33:29.413,AUCTION/USDT:USDT,10.537,24.0,10.536,469.0,10.544,18.0,10.545,376.0
1753533209451,12:33:29.451,AUCTION/USDT:USDT,10.537,24.0,10.536,469.0,10.544,18.0,10.545,376.0
1753533209680,12:33:29.680,AUCTION/USDT:USDT,10.537,24.0,10.536,469.0,10.544,18.0,10.545,376.0
1753533210693,12:33:30.693,AUCTION/USDT:USDT,10.537,24.0,10.536,469.0,10.544,18.0,10.545,376.0
1753533212250,12:33:32.250,AUCTION/USDT:USDT,10.537,6.0,10.535,18.0,10.544,18.0,10.545,376.0
1753533212291,12:33:32.291,AUCTION/USDT:USDT,10.535,18.0,10.532,6.0,10.544,18.0,10.545,376.0
1753533215643,12:33:35.643,AUCTION/USDT:USDT,10.535,18.0,10.532,6.0,10.543,18.0,10.545,376.0
1753533215684,12:33:35.684,AUCTION/USDT:USDT,10.535,18.0,10.532,6.0,10.543,18.0,10.545,376.0
1753533216347,12:33:36.347,AUCTION/USDT:USDT,10.535,18.0,10.532,6.0,10.542,18.0,10.545,376.0
1753533216417,12:33:36.417,AUCTION/USDT:USDT,10.535,18.0,10.532,6.0,10.542,18.0,10.545,376.0
1753533216551,12:33:36.551,AUCTION/USDT:USDT,10.535,18.0,10.532,6.0,10.542,18.0,10.545,376.0
1753533216636,12:33:36.636,AUCTION/USDT:USDT,10.535,18.0,10.532,6.0,10.542,18.0,10.545,376.0
1753533217014,12:33:37.014,AUCTION/USDT:USDT,10.535,18.0,10.532,6.0,10.542,18.0,10.545,376.0
1753533217071,12:33:37.071,AUCTION/USDT:USDT,10.535,18.0,10.532,6.0,10.542,18.0,10.545,376.0
1753533217315,12:33:37.315,AUCTION/USDT:USDT,10.535,18.0,10.532,6.0,10.542,18.0,10.545,376.0
1753533217874,12:33:37.874,AUCTION/USDT:USDT,10.535,18.0,10.532,6.0,10.542,18.0,10.545,376.0
1753533218026,12:33:38.026,AUCTION/USDT:USDT,10.533,18.0,10.532,6.0,10.542,18.0,10.545,376.0
1753533218131,12:33:38.131,AUCTION/USDT:USDT,10.533,18.0,10.532,6.0,10.542,18.0,10.545,376.0
1753533218432,12:33:38.432,AUCTION/USDT:USDT,10.533,18.0,10.532,6.0,10.542,18.0,10.545,376.0
1753533218493,12:33:38.493,AUCTION/USDT:USDT,10.533,18.0,10.532,6.0,10.542,18.0,10.545,376.0
1753533219673,12:33:39.673,AUCTION/USDT:USDT,10.533,18.0,10.532,6.0,10.542,18.0,10.545,376.0
1753533221433,12:33:41.433,AUCTION/USDT:USDT,10.533,18.0,10.532,6.0,10.542,18.0,10.545,376.0
1753533221635,12:33:41.635,AUCTION/USDT:USDT,10.533,18.0,10.532,6.0,10.542,18.0,10.545,376.0
1753533225174,12:33:45.174,AUCTION/USDT:USDT,10.533,18.0,10.532,6.0,10.542,18.0,10.545,376.0
1753533228004,12:33:48.004,AUCTION/USDT:USDT,10.533,18.0,10.532,6.0,10.542,18.0,10.545,376.0
1753533228529,12:33:48.529,AUCTION/USDT:USDT,10.533,18.0,10.532,6.0,10.542,18.0,10.545,376.0
1753533228876,12:33:48.876,AUCTION/USDT:USDT,10.534,18.0,10.533,18.0,10.542,18.0,10.545,376.0
1753533229020,12:33:49.020,AUCTION/USDT:USDT,10.534,18.0,10.532,6.0,10.542,18.0,10.545,376.0
1753533229406,12:33:49.406,AUCTION/USDT:USDT,10.534,18.0,10.532,6.0,10.542,18.0,10.545,376.0
1753533230948,12:33:50.948,AUCTION/USDT:USDT,10.534,18.0,10.532,6.0,10.542,18.0,10.545,376.0
1753533230953,12:33:50.953,AUCTION/USDT:USDT,10.534,18.0,10.532,6.0,10.542,18.0,10.545,376.0
1753533242534,12:34:02.534,AUCTION/USDT:USDT,10.534,18.0,10.532,6.0,10.542,18.0,10.545,376.0
1753533242553,12:34:02.553,AUCTION/USDT:USDT,10.534,18.0,10.532,6.0,10.542,18.0,10.545,376.0
1753533258346,12:34:18.346,AUCTION/USDT:USDT,10.537,18.0,10.536,469.0,10.544,18.0,10.545,376.0
1753533258377,12:34:18.377,AUCTION/USDT:USDT,10.538,18.0,10.537,6.0,10.544,18.0,10.545,376.0
1753533258544,12:34:18.544,AUCTION/USDT:USDT,10.538,18.0,10.537,6.0,10.544,18.0,10.545,376.0
1753533258649,12:34:18.649,AUCTION/USDT:USDT,10.538,18.0,10.537,6.0,10.544,18.0,10.545,541.0
1753533259008,12:34:19.008,AUCTION/USDT:USDT,10.538,18.0,10.537,6.0,10.544,18.0,10.545,541.0
1753533260713,12:34:20.713,AUCTION/USDT:USDT,10.538,18.0,10.537,6.0,10.544,18.0,10.545,541.0
1753533260808,12:34:20.808,AUCTION/USDT:USDT,10.538,18.0,10.537,6.0,10.544,18.0,10.545,541.0
1753533260905,12:34:20.905,AUCTION/USDT:USDT,10.538,18.0,10.537,6.0,10.544,18.0,10.545,541.0
1753533261005,12:34:21.005,AUCTION/USDT:USDT,10.538,18.0,10.537,6.0,10.544,18.0,10.545,541.0
1753533261079,12:34:21.079,AUCTION/USDT:USDT,10.538,18.0,10.537,6.0,10.544,18.0,10.545,541.0
1753533262814,12:34:22.814,AUCTION/USDT:USDT,10.538,18.0,10.537,6.0,10.544,18.0,10.545,541.0
1753533263097,12:34:23.097,AUCTION/USDT:USDT,10.538,18.0,10.537,6.0,10.544,18.0,10.545,541.0
1753533267547,12:34:27.547,AUCTION/USDT:USDT,10.537,6.0,10.536,469.0,10.544,18.0,10.545,541.0
1753533267763,12:34:27.763,AUCTION/USDT:USDT,10.537,6.0,10.534,18.0,10.544,18.0,10.545,541.0
1753533267862,12:34:27.862,AUCTION/USDT:USDT,10.534,18.0,10.532,6.0,10.544,18.0,10.545,541.0
1753533267973,12:34:27.973,AUCTION/USDT:USDT,10.534,18.0,10.532,6.0,10.544,18.0,10.545,541.0
1753533268074,12:34:28.074,AUCTION/USDT:USDT,10.534,18.0,10.532,6.0,10.544,18.0,10.545,541.0
1753533269014,12:34:29.014,AUCTION/USDT:USDT,10.534,18.0,10.532,6.0,10.544,18.0,10.545,541.0
1753533269700,12:34:29.700,AUCTION/USDT:USDT,10.534,18.0,10.532,6.0,10.544,18.0,10.545,541.0
1753533270007,12:34:30.007,AUCTION/USDT:USDT,10.534,18.0,10.532,6.0,10.544,18.0,10.545,541.0
1753533271514,12:34:31.514,AUCTION/USDT:USDT,10.534,18.0,10.532,6.0,10.544,18.0,10.545,541.0
1753533274002,12:34:34.002,AUCTION/USDT:USDT,10.534,18.0,10.532,6.0,10.544,18.0,10.545,541.0
1753533277293,12:34:37.293,AUCTION/USDT:USDT,10.534,18.0,10.532,6.0,10.544,18.0,10.545,541.0
1753533283093,12:34:43.093,AUCTION/USDT:USDT,10.534,18.0,10.532,6.0,10.544,18.0,10.545,541.0
1753533286731,12:34:46.731,AUCTION/USDT:USDT,10.534,18.0,10.532,6.0,10.544,18.0,10.545,541.0
1753533292863,12:34:52.863,AUCTION/USDT:USDT,10.534,18.0,10.532,6.0,10.544,18.0,10.545,541.0
1753533295198,12:34:55.198,AUCTION/USDT:USDT,10.537,17.0,10.536,469.0,10.544,18.0,10.545,541.0
1753533295273,12:34:55.273,AUCTION/USDT:USDT,10.537,23.0,10.536,469.0,10.544,18.0,10.545,541.0
1753533295466,12:34:55.466,AUCTION/USDT:USDT,10.537,23.0,10.536,469.0,10.544,18.0,10.545,353.0
1753533295634,12:34:55.634,AUCTION/USDT:USDT,10.538,17.0,10.537,6.0,10.548,17.0,10.549,283.0
1753533295716,12:34:55.716,AUCTION/USDT:USDT,10.538,17.0,10.537,6.0,10.545,17.0,10.546,188.0
1753533295790,12:34:55.790,AUCTION/USDT:USDT,10.538,17.0,10.537,6.0,10.545,17.0,10.546,188.0
1753533296082,12:34:56.082,AUCTION/USDT:USDT,10.538,17.0,10.537,6.0,10.545,17.0,10.546,188.0
1753533296495,12:34:56.495,AUCTION/USDT:USDT,10.538,17.0,10.537,6.0,10.544,17.0,10.545,188.0
1753533296640,12:34:56.640,AUCTION/USDT:USDT,10.538,17.0,10.537,6.0,10.544,17.0,10.545,188.0
1753533296899,12:34:56.899,AUCTION/USDT:USDT,10.538,17.0,10.537,6.0,10.544,17.0,10.545,188.0
1753533297540,12:34:57.540,AUCTION/USDT:USDT,10.538,17.0,10.537,6.0,10.545,188.0,10.546,188.0
1753533297553,12:34:57.553,AUCTION/USDT:USDT,10.538,17.0,10.537,6.0,10.548,17.0,10.549,165.0
1753533297746,12:34:57.746,AUCTION/USDT:USDT,10.538,17.0,10.537,6.0,10.548,17.0,10.549,165.0
1753533298006,12:34:58.006,AUCTION/USDT:USDT,10.538,17.0,10.537,6.0,10.548,17.0,10.549,165.0
1753533298142,12:34:58.142,AUCTION/USDT:USDT,10.538,17.0,10.537,6.0,10.548,17.0,10.549,165.0
1753533299002,12:34:59.002,AUCTION/USDT:USDT,10.538,17.0,10.537,6.0,10.548,17.0,10.549,165.0
1753533299533,12:34:59.533,AUCTION/USDT:USDT,10.538,17.0,10.537,6.0,10.548,17.0,10.549,165.0
1753533299775,12:34:59.775,AUCTION/USDT:USDT,10.538,17.0,10.537,6.0,10.548,17.0,10.549,165.0
1753533300011,12:35:00.011,AUCTION/USDT:USDT,10.538,17.0,10.537,6.0,10.548,17.0,10.549,165.0
1753533301104,12:35:01.104,AUCTION/USDT:USDT,10.538,17.0,10.537,6.0,10.548,17.0,10.549,165.0
1753533302004,12:35:02.004,AUCTION/USDT:USDT,10.538,17.0,10.537,6.0,10.548,17.0,10.549,165.0
1753533304938,12:35:04.938,AUCTION/USDT:USDT,10.538,17.0,10.537,6.0,10.548,17.0,10.549,165.0
1753533305714,12:35:05.714,AUCTION/USDT:USDT,10.538,17.0,10.537,6.0,10.548,17.0,10.549,165.0
1753533305938,12:35:05.938,AUCTION/USDT:USDT,10.538,17.0,10.537,6.0,10.548,17.0,10.549,165.0
1753533305954,12:35:05.954,AUCTION/USDT:USDT,10.538,17.0,10.537,6.0,10.548,17.0,10.549,165.0
1753533306192,12:35:06.192,AUCTION/USDT:USDT,10.538,17.0,10.537,6.0,10.548,17.0,10.549,165.0
1753533312004,12:35:12.004,AUCTION/USDT:USDT,10.538,17.0,10.537,6.0,10.548,17.0,10.549,165.0
1753533312696,12:35:12.696,AUCTION/USDT:USDT,10.538,17.0,10.537,6.0,10.548,17.0,10.549,165.0
1753533313638,12:35:13.638,AUCTION/USDT:USDT,10.538,17.0,10.537,6.0,10.545,18.0,10.546,188.0
1753533313705,12:35:13.705,AUCTION/USDT:USDT,10.538,17.0,10.537,6.0,10.545,18.0,10.546,188.0
1753533313839,12:35:13.839,AUCTION/USDT:USDT,10.538,17.0,10.537,6.0,10.545,18.0,10.546,188.0
1753533315150,12:35:15.150,AUCTION/USDT:USDT,10.538,17.0,10.537,6.0,10.545,206.0,10.546,188.0
1753533315211,12:35:15.211,AUCTION/USDT:USDT,10.537,24.0,10.536,469.0,10.544,18.0,10.545,188.0
1753533315374,12:35:15.374,AUCTION/USDT:USDT,10.537,24.0,10.536,469.0,10.544,18.0,10.545,188.0
1753533315634,12:35:15.634,AUCTION/USDT:USDT,10.537,24.0,10.536,469.0,10.544,18.0,10.545,188.0
1753533317006,12:35:17.006,AUCTION/USDT:USDT,10.537,24.0,10.536,469.0,10.544,18.0,10.545,188.0
1753533317174,12:35:17.174,AUCTION/USDT:USDT,10.537,24.0,10.536,469.0,10.544,18.0,10.545,188.0
1753533317752,12:35:17.752,AUCTION/USDT:USDT,10.537,24.0,10.536,469.0,10.544,18.0,10.545,188.0
1753533318100,12:35:18.100,AUCTION/USDT:USDT,10.538,18.0,10.537,6.0,10.544,18.0,10.545,188.0
1753533320733,12:35:20.733,AUCTION/USDT:USDT,10.538,18.0,10.537,6.0,10.544,18.0,10.545,188.0
1753533323003,12:35:23.003,AUCTION/USDT:USDT,10.538,18.0,10.537,6.0,10.544,18.0,10.545,188.0
1753533326534,12:35:26.534,AUCTION/USDT:USDT,10.538,18.0,10.537,6.0,10.544,18.0,10.545,188.0
1753533327238,12:35:27.238,AUCTION/USDT:USDT,10.537,24.0,10.536,469.0,10.544,18.0,10.545,188.0
1753533327509,12:35:27.509,AUCTION/USDT:USDT,10.537,24.0,10.536,469.0,10.544,18.0,10.545,188.0
1753533332671,12:35:32.671,AUCTION/USDT:USDT,10.538,17.0,10.537,24.0,10.544,18.0,10.545,188.0
1753533332814,12:35:32.814,AUCTION/USDT:USDT,10.538,17.0,10.537,6.0,10.544,18.0,10.545,188.0
1753533334941,12:35:34.941,AUCTION/USDT:USDT,10.538,17.0,10.537,6.0,10.544,18.0,10.546,188.0
1753533336307,12:35:36.307,AUCTION/USDT:USDT,10.538,17.0,10.537,6.0,10.548,17.0,10.549,165.0
1753533336408,12:35:36.408,AUCTION/USDT:USDT,10.538,17.0,10.537,6.0,10.548,17.0,10.549,165.0
1753533336574,12:35:36.574,AUCTION/USDT:USDT,10.538,17.0,10.537,6.0,10.545,17.0,10.546,188.0
1753533336830,12:35:36.830,AUCTION/USDT:USDT,10.538,17.0,10.537,6.0,10.545,17.0,10.546,188.0
1753533339649,12:35:39.649,AUCTION/USDT:USDT,10.538,17.0,10.537,6.0,10.545,17.0,10.546,188.0
1753533339732,12:35:39.732,AUCTION/USDT:USDT,10.538,17.0,10.537,6.0,10.544,17.0,10.545,188.0
1753533339762,12:35:39.762,AUCTION/USDT:USDT,10.538,17.0,10.537,6.0,10.544,17.0,10.545,188.0
1753533340057,12:35:40.057,AUCTION/USDT:USDT,10.538,17.0,10.537,6.0,10.544,17.0,10.545,188.0
1753533345383,12:35:45.383,AUCTION/USDT:USDT,10.538,17.0,10.537,6.0,10.544,17.0,10.545,188.0
1753533345694,12:35:45.694,AUCTION/USDT:USDT,10.538,17.0,10.537,6.0,10.544,17.0,10.545,188.0
1753533346799,12:35:46.799,AUCTION/USDT:USDT,10.538,17.0,10.537,6.0,10.544,17.0,10.545,188.0
1753533346909,12:35:46.909,AUCTION/USDT:USDT,10.537,24.0,10.536,469.0,10.544,17.0,10.545,188.0
1753533350582,12:35:50.582,AUCTION/USDT:USDT,10.538,18.0,10.537,6.0,10.544,17.0,10.545,188.0
1753533350952,12:35:50.952,AUCTION/USDT:USDT,10.538,18.0,10.537,6.0,10.544,17.0,10.545,188.0
1753533351802,12:35:51.802,AUCTION/USDT:USDT,10.538,18.0,10.537,6.0,10.544,17.0,10.545,188.0
1753533352527,12:35:52.527,AUCTION/USDT:USDT,10.538,18.0,10.537,6.0,10.545,17.0,10.546,188.0
1753533352574,12:35:52.574,AUCTION/USDT:USDT,10.538,18.0,10.537,6.0,10.545,17.0,10.546,188.0
1753533353004,12:35:53.004,AUCTION/USDT:USDT,10.538,18.0,10.537,6.0,10.545,17.0,10.546,188.0
1753533353385,12:35:53.385,AUCTION/USDT:USDT,10.538,18.0,10.537,6.0,10.545,17.0,10.546,188.0
1753533355738,12:35:55.738,AUCTION/USDT:USDT,10.538,18.0,10.537,6.0,10.545,17.0,10.546,188.0
1753533358872,12:35:58.872,AUCTION/USDT:USDT,10.538,18.0,10.537,6.0,10.545,17.0,10.546,188.0
1753533359047,12:35:59.047,AUCTION/USDT:USDT,10.538,18.0,10.537,6.0,10.545,17.0,10.546,188.0
1753533361295,12:36:01.295,AUCTION/USDT:USDT,10.538,18.0,10.537,6.0,10.548,17.0,10.549,165.0
1753533361436,12:36:01.436,AUCTION/USDT:USDT,10.539,17.0,10.538,18.0,10.548,17.0,10.549,165.0
1753533361467,12:36:01.467,AUCTION/USDT:USDT,10.539,17.0,10.538,18.0,10.548,17.0,10.549,165.0
1753533361565,12:36:01.565,AUCTION/USDT:USDT,10.539,17.0,10.537,6.0,10.548,17.0,10.549,165.0
1753533364004,12:36:04.004,AUCTION/USDT:USDT,10.539,17.0,10.537,6.0,10.548,17.0,10.549,165.0
1753533364298,12:36:04.298,AUCTION/USDT:USDT,10.539,17.0,10.537,6.0,10.548,17.0,10.549,165.0
1753533367074,12:36:07.074,AUCTION/USDT:USDT,10.539,17.0,10.537,6.0,10.548,17.0,10.549,165.0
1753533372876,12:36:12.876,AUCTION/USDT:USDT,10.539,17.0,10.537,6.0,10.548,17.0,10.549,165.0
1753533374128,12:36:14.128,AUCTION/USDT:USDT,10.539,17.0,10.537,6.0,10.548,17.0,10.549,165.0
1753533375992,12:36:15.992,AUCTION/USDT:USDT,10.539,17.0,10.537,6.0,10.548,17.0,10.549,165.0
1753533376100,12:36:16.100,AUCTION/USDT:USDT,10.539,17.0,10.537,6.0,10.548,17.0,10.549,165.0
1753533379734,12:36:19.734,AUCTION/USDT:USDT,10.542,17.0,10.541,469.0,10.548,17.0,10.549,165.0
1753533379777,12:36:19.777,AUCTION/USDT:USDT,10.543,17.0,10.542,6.0,10.549,165.0,10.55,17.0
1753533380003,12:36:20.003,AUCTION/USDT:USDT,10.543,17.0,10.542,6.0,10.549,165.0,10.55,17.0
1753533380343,12:36:20.343,AUCTION/USDT:USDT,10.543,17.0,10.542,6.0,10.548,17.0,10.549,165.0
1753533380764,12:36:20.764,AUCTION/USDT:USDT,10.543,17.0,10.542,6.0,10.549,165.0,10.55,17.0
1753533383002,12:36:23.002,AUCTION/USDT:USDT,10.543,17.0,10.542,6.0,10.549,165.0,10.55,17.0
1753533383247,12:36:23.247,AUCTION/USDT:USDT,10.543,17.0,10.542,6.0,10.554,18.0,10.555,188.0
1753533383349,12:36:23.349,AUCTION/USDT:USDT,10.543,17.0,10.542,6.0,10.554,18.0,10.555,188.0
1753533383397,12:36:23.397,AUCTION/USDT:USDT,10.543,17.0,10.542,6.0,10.554,18.0,10.555,188.0
1753533383668,12:36:23.668,AUCTION/USDT:USDT,10.543,17.0,10.542,6.0,10.554,18.0,10.555,188.0
1753533385131,12:36:25.131,AUCTION/USDT:USDT,10.543,17.0,10.542,6.0,10.554,18.0,10.555,188.0
1753533385234,12:36:25.234,AUCTION/USDT:USDT,10.543,17.0,10.542,6.0,10.554,18.0,10.555,188.0
1753533385254,12:36:25.254,AUCTION/USDT:USDT,10.543,17.0,10.542,6.0,10.554,18.0,10.555,188.0
1753533388913,12:36:28.913,AUCTION/USDT:USDT,10.543,17.0,10.542,6.0,10.554,18.0,10.555,188.0
1753533390234,12:36:30.234,AUCTION/USDT:USDT,10.543,17.0,10.542,6.0,10.554,18.0,10.555,188.0
1753533390253,12:36:30.253,AUCTION/USDT:USDT,10.543,17.0,10.542,6.0,10.554,18.0,10.555,188.0
1753533390734,12:36:30.734,AUCTION/USDT:USDT,10.543,17.0,10.542,6.0,10.554,18.0,10.555,188.0
1753533393133,12:36:33.133,AUCTION/USDT:USDT,10.543,17.0,10.542,6.0,10.554,18.0,10.555,188.0
1753533396850,12:36:36.850,AUCTION/USDT:USDT,10.543,17.0,10.542,6.0,10.551,188.0,10.554,18.0
1753533396895,12:36:36.895,AUCTION/USDT:USDT,10.543,17.0,10.542,6.0,10.55,17.0,10.551,188.0
1753533396962,12:36:36.962,AUCTION/USDT:USDT,10.543,17.0,10.542,6.0,10.55,17.0,10.551,188.0
1753533397142,12:36:37.142,AUCTION/USDT:USDT,10.543,17.0,10.542,6.0,10.554,18.0,10.555,188.0
1753533397385,12:36:37.385,AUCTION/USDT:USDT,10.543,17.0,10.542,6.0,10.554,18.0,10.555,188.0
1753533401344,12:36:41.344,AUCTION/USDT:USDT,10.543,17.0,10.542,6.0,10.554,18.0,10.555,188.0
1753533401419,12:36:41.419,AUCTION/USDT:USDT,10.543,17.0,10.542,6.0,10.554,18.0,10.555,188.0
1753533421334,12:37:01.334,AUCTION/USDT:USDT,10.543,17.0,10.542,6.0,10.554,18.0,10.555,188.0
1753533421416,12:37:01.416,AUCTION/USDT:USDT,10.547,17.0,10.546,469.0,10.554,18.0,10.556,188.0
1753533421548,12:37:01.548,AUCTION/USDT:USDT,10.548,18.0,10.547,6.0,10.559,17.0,10.56,188.0
1753533421608,12:37:01.608,AUCTION/USDT:USDT,10.548,18.0,10.547,6.0,10.558,18.0,10.56,188.0
1753533421722,12:37:01.722,AUCTION/USDT:USDT,10.548,18.0,10.547,6.0,10.558,18.0,10.56,188.0
1753533421784,12:37:01.784,AUCTION/USDT:USDT,10.548,18.0,10.547,6.0,10.558,18.0,10.56,188.0
1753533421944,12:37:01.944,AUCTION/USDT:USDT,10.548,18.0,10.547,6.0,10.558,18.0,10.56,188.0
1753533422036,12:37:02.036,AUCTION/USDT:USDT,10.548,18.0,10.547,6.0,10.558,18.0,10.56,188.0
1753533422089,12:37:02.089,AUCTION/USDT:USDT,10.548,18.0,10.547,6.0,10.558,18.0,10.56,188.0
1753533425694,12:37:05.694,AUCTION/USDT:USDT,10.548,18.0,10.547,6.0,10.558,18.0,10.56,188.0
1753533425875,12:37:05.875,AUCTION/USDT:USDT,10.548,18.0,10.547,6.0,10.558,18.0,10.56,188.0
1753533427003,12:37:07.003,AUCTION/USDT:USDT,10.548,18.0,10.547,6.0,10.558,18.0,10.56,188.0
1753533427949,12:37:07.949,AUCTION/USDT:USDT,10.548,18.0,10.547,6.0,10.558,18.0,10.56,188.0
1753533428951,12:37:08.951,AUCTION/USDT:USDT,10.548,18.0,10.547,6.0,10.558,18.0,10.56,188.0
1753533429837,12:37:09.837,AUCTION/USDT:USDT,10.548,18.0,10.547,6.0,10.558,18.0,10.56,188.0
1753533430432,12:37:10.432,AUCTION/USDT:USDT,10.552,469.0,10.548,18.0,10.561,18.0,10.562,47.0
1753533430549,12:37:10.549,AUCTION/USDT:USDT,10.553,6.0,10.552,469.0,10.561,18.0,10.562,47.0
1753533430622,12:37:10.622,AUCTION/USDT:USDT,10.553,6.0,10.552,469.0,10.559,18.0,10.56,188.0
1753533430814,12:37:10.814,AUCTION/USDT:USDT,10.553,6.0,10.552,469.0,10.559,18.0,10.56,188.0
1753533431174,12:37:11.174,AUCTION/USDT:USDT,10.553,6.0,10.552,469.0,10.559,18.0,10.56,188.0
1753533432295,12:37:12.295,AUCTION/USDT:USDT,10.553,6.0,10.552,469.0,10.559,18.0,10.56,188.0
1753533432436,12:37:12.436,AUCTION/USDT:USDT,10.553,6.0,10.552,469.0,10.559,18.0,10.56,188.0
1753533433165,12:37:13.165,AUCTION/USDT:USDT,10.553,6.0,10.552,469.0,10.559,18.0,10.56,188.0
1753533433451,12:37:13.451,AUCTION/USDT:USDT,10.553,6.0,10.548,18.0,10.559,18.0,10.56,188.0
1753533433458,12:37:13.458,AUCTION/USDT:USDT,10.548,18.0,10.547,6.0,10.559,18.0,10.56,188.0
1753533433591,12:37:13.591,AUCTION/USDT:USDT,10.548,18.0,10.547,6.0,10.559,18.0,10.56,188.0
1753533433666,12:37:13.666,AUCTION/USDT:USDT,10.548,18.0,10.547,6.0,10.559,18.0,10.56,188.0
1753533433868,12:37:13.868,AUCTION/USDT:USDT,10.548,18.0,10.547,6.0,10.559,18.0,10.56,188.0
1753533435006,12:37:15.006,AUCTION/USDT:USDT,10.548,18.0,10.547,6.0,10.559,18.0,10.56,188.0
1753533435285,12:37:15.285,AUCTION/USDT:USDT,10.548,18.0,10.547,6.0,10.559,18.0,10.56,188.0
1753533436574,12:37:16.574,AUCTION/USDT:USDT,10.548,18.0,10.547,6.0,10.559,18.0,10.56,188.0
1753533442145,12:37:22.145,AUCTION/USDT:USDT,10.548,18.0,10.547,6.0,10.559,18.0,10.56,188.0
1753533442216,12:37:22.216,AUCTION/USDT:USDT,10.548,18.0,10.547,6.0,10.559,18.0,10.56,188.0
1753533442532,12:37:22.532,AUCTION/USDT:USDT,10.548,18.0,10.547,6.0,10.559,18.0,10.56,188.0
1753533443200,12:37:23.200,AUCTION/USDT:USDT,10.548,18.0,10.547,6.0,10.559,18.0,10.56,188.0
1753533443937,12:37:23.937,AUCTION/USDT:USDT,10.549,18.0,10.547,6.0,10.559,18.0,10.56,188.0
1753533444346,12:37:24.346,AUCTION/USDT:USDT,10.549,18.0,10.547,6.0,10.558,18.0,10.559,165.0
1753533444383,12:37:24.383,AUCTION/USDT:USDT,10.549,18.0,10.547,6.0,10.558,18.0,10.559,165.0
1753533444569,12:37:24.569,AUCTION/USDT:USDT,10.549,18.0,10.547,6.0,10.558,18.0,10.559,165.0
1753533449654,12:37:29.654,AUCTION/USDT:USDT,10.549,18.0,10.547,6.0,10.558,18.0,10.559,165.0
1753533453998,12:37:33.998,AUCTION/USDT:USDT,10.549,18.0,10.547,6.0,10.558,18.0,10.559,165.0
1753533454271,12:37:34.271,AUCTION/USDT:USDT,10.549,18.0,10.547,6.0,10.558,18.0,10.559,165.0
1753533455997,12:37:35.997,AUCTION/USDT:USDT,10.55,18.0,10.549,18.0,10.558,18.0,10.559,165.0
1753533456129,12:37:36.129,AUCTION/USDT:USDT,10.55,18.0,10.547,6.0,10.558,18.0,10.559,165.0
1753533460005,12:37:40.005,AUCTION/USDT:USDT,10.55,18.0,10.547,6.0,10.558,18.0,10.559,165.0
1753533460427,12:37:40.427,AUCTION/USDT:USDT,10.55,18.0,10.547,194.0,10.558,18.0,10.559,165.0
1753533460486,12:37:40.486,AUCTION/USDT:USDT,10.552,18.0,10.551,469.0,10.558,18.0,10.559,165.0
1753533460574,12:37:40.574,AUCTION/USDT:USDT,10.552,24.0,10.551,469.0,10.558,18.0,10.559,165.0
1753533460658,12:37:40.658,AUCTION/USDT:USDT,10.552,24.0,10.551,469.0,10.558,18.0,10.559,165.0
1753533463463,12:37:43.463,AUCTION/USDT:USDT,10.552,24.0,10.551,469.0,10.558,18.0,10.559,165.0
1753533463887,12:37:43.887,AUCTION/USDT:USDT,10.552,24.0,10.551,469.0,10.558,18.0,10.559,165.0
1753533465049,12:37:45.049,AUCTION/USDT:USDT,10.553,17.0,10.552,6.0,10.559,165.0,10.561,188.0
1753533465065,12:37:45.065,AUCTION/USDT:USDT,10.553,17.0,10.552,6.0,10.559,165.0,10.56,17.0
1753533465202,12:37:45.202,AUCTION/USDT:USDT,10.553,17.0,10.552,6.0,10.559,165.0,10.56,17.0
1753533465533,12:37:45.533,AUCTION/USDT:USDT,10.553,17.0,10.552,6.0,10.559,165.0,10.56,17.0
1753533465553,12:37:45.553,AUCTION/USDT:USDT,10.553,17.0,10.552,6.0,10.559,165.0,10.56,17.0
1753533467945,12:37:47.945,AUCTION/USDT:USDT,10.552,23.0,10.551,469.0,10.558,17.0,10.559,165.0
1753533469145,12:37:49.145,AUCTION/USDT:USDT,10.553,17.0,10.552,6.0,10.559,165.0,10.56,17.0
1753533469150,12:37:49.150,AUCTION/USDT:USDT,10.553,17.0,10.552,6.0,10.559,165.0,10.56,17.0
1753533471334,12:37:51.334,AUCTION/USDT:USDT,10.553,17.0,10.552,6.0,10.559,165.0,10.56,17.0
1753533471350,12:37:51.350,AUCTION/USDT:USDT,10.553,17.0,10.552,6.0,10.559,165.0,10.56,17.0
1753533472441,12:37:52.441,AUCTION/USDT:USDT,10.552,6.0,10.551,469.0,10.558,18.0,10.559,165.0
1753533472461,12:37:52.461,AUCTION/USDT:USDT,10.552,24.0,10.551,469.0,10.558,18.0,10.559,165.0
1753533473193,12:37:53.193,AUCTION/USDT:USDT,10.553,18.0,10.552,6.0,10.559,165.0,10.56,17.0
1753533473548,12:37:53.548,AUCTION/USDT:USDT,10.553,18.0,10.552,6.0,10.559,165.0,10.56,17.0
1753533473735,12:37:53.735,AUCTION/USDT:USDT,10.552,24.0,10.551,469.0,10.558,18.0,10.559,165.0
1753533473964,12:37:53.964,AUCTION/USDT:USDT,10.552,24.0,10.551,469.0,10.558,18.0,10.559,165.0
1753533476237,12:37:56.237,AUCTION/USDT:USDT,10.552,24.0,10.551,469.0,10.558,18.0,10.559,165.0
1753533476389,12:37:56.389,AUCTION/USDT:USDT,10.552,24.0,10.551,469.0,10.558,18.0,10.559,165.0
1753533477134,12:37:57.134,AUCTION/USDT:USDT,10.552,24.0,10.551,469.0,10.558,18.0,10.559,165.0
1753533478004,12:37:58.004,AUCTION/USDT:USDT,10.552,24.0,10.551,469.0,10.558,18.0,10.559,165.0
1753533481837,12:38:01.837,AUCTION/USDT:USDT,10.552,24.0,10.551,469.0,10.558,18.0,10.559,165.0
1753533481864,12:38:01.864,AUCTION/USDT:USDT,10.552,24.0,10.551,469.0,10.558,18.0,10.559,165.0
1753533482004,12:38:02.004,AUCTION/USDT:USDT,10.552,24.0,10.551,469.0,10.558,18.0,10.559,165.0
1753533482938,12:38:02.938,AUCTION/USDT:USDT,10.552,6.0,10.551,469.0,10.558,18.0,10.559,165.0
1753533483881,12:38:03.881,AUCTION/USDT:USDT,10.552,6.0,10.55,18.0,10.558,18.0,10.559,165.0
1753533484033,12:38:04.033,AUCTION/USDT:USDT,10.55,18.0,10.547,6.0,10.558,18.0,10.559,165.0
1753533484117,12:38:04.117,AUCTION/USDT:USDT,10.55,18.0,10.547,6.0,10.558,18.0,10.559,165.0
1753533484215,12:38:04.215,AUCTION/USDT:USDT,10.548,17.0,10.547,6.0,10.558,18.0,10.559,165.0
1753533484291,12:38:04.291,AUCTION/USDT:USDT,10.548,17.0,10.547,6.0,10.556,17.0,10.557,188.0
1753533484542,12:38:04.542,AUCTION/USDT:USDT,10.547,6.0,10.546,469.0,10.556,17.0,10.557,188.0
1753533484649,12:38:04.649,AUCTION/USDT:USDT,10.547,6.0,10.546,469.0,10.555,17.0,10.556,188.0
1753533484742,12:38:04.742,AUCTION/USDT:USDT,10.547,6.0,10.546,469.0,10.555,17.0,10.556,188.0
1753533484949,12:38:04.949,AUCTION/USDT:USDT,10.547,6.0,10.546,469.0,10.555,17.0,10.556,188.0
1753533484983,12:38:04.983,AUCTION/USDT:USDT,10.547,6.0,10.546,469.0,10.555,17.0,10.556,188.0
1753533485621,12:38:05.621,AUCTION/USDT:USDT,10.547,6.0,10.546,469.0,10.555,17.0,10.556,188.0
1753533485717,12:38:05.717,AUCTION/USDT:USDT,10.547,6.0,10.546,469.0,10.555,17.0,10.556,188.0
1753533485849,12:38:05.849,AUCTION/USDT:USDT,10.547,6.0,10.544,17.0,10.555,17.0,10.556,188.0
1753533485885,12:38:05.885,AUCTION/USDT:USDT,10.544,17.0,10.542,6.0,10.555,17.0,10.556,188.0
1753533486008,12:38:06.008,AUCTION/USDT:USDT,10.544,17.0,10.542,6.0,10.555,17.0,10.556,188.0
1753533486298,12:38:06.298,AUCTION/USDT:USDT,10.544,17.0,10.542,6.0,10.555,17.0,10.556,188.0
1753533486377,12:38:06.377,AUCTION/USDT:USDT,10.544,17.0,10.542,6.0,10.555,17.0,10.556,188.0
1753533487014,12:38:07.014,AUCTION/USDT:USDT,10.544,17.0,10.542,6.0,10.555,17.0,10.556,188.0
1753533487123,12:38:07.123,AUCTION/USDT:USDT,10.544,17.0,10.542,6.0,10.555,17.0,10.556,188.0
1753533487614,12:38:07.614,AUCTION/USDT:USDT,10.544,17.0,10.542,6.0,10.555,17.0,10.556,188.0
1753533489005,12:38:09.005,AUCTION/USDT:USDT,10.544,17.0,10.542,6.0,10.555,17.0,10.556,188.0
1753533489378,12:38:09.378,AUCTION/USDT:USDT,10.544,17.0,10.542,6.0,10.555,17.0,10.556,188.0
1753533489533,12:38:09.533,AUCTION/USDT:USDT,10.544,17.0,10.542,6.0,10.555,17.0,10.556,188.0
1753533489561,12:38:09.561,AUCTION/USDT:USDT,10.544,17.0,10.542,6.0,10.555,17.0,10.556,188.0
1753533493383,12:38:13.383,AUCTION/USDT:USDT,10.544,17.0,10.542,6.0,10.555,17.0,10.556,188.0
1753533493605,12:38:13.605,AUCTION/USDT:USDT,10.544,17.0,10.542,6.0,10.555,17.0,10.556,188.0
1753533494875,12:38:14.875,AUCTION/USDT:USDT,10.544,17.0,10.542,6.0,10.555,17.0,10.556,188.0
1753533494968,12:38:14.968,AUCTION/USDT:USDT,10.544,17.0,10.542,6.0,10.555,17.0,10.556,188.0
1753533496391,12:38:16.391,AUCTION/USDT:USDT,10.544,17.0,10.542,6.0,10.554,18.0,10.555,121.0
1753533496543,12:38:16.543,AUCTION/USDT:USDT,10.544,17.0,10.542,6.0,10.554,18.0,10.556,188.0
1753533496835,12:38:16.835,AUCTION/USDT:USDT,10.544,17.0,10.542,6.0,10.554,18.0,10.556,188.0
1753533497004,12:38:17.004,AUCTION/USDT:USDT,10.544,17.0,10.542,6.0,10.554,18.0,10.556,188.0
1753533497210,12:38:17.210,AUCTION/USDT:USDT,10.544,17.0,10.542,6.0,10.551,18.0,10.552,188.0
1753533497314,12:38:17.314,AUCTION/USDT:USDT,10.544,17.0,10.542,6.0,10.551,18.0,10.552,188.0
1753533499232,12:38:19.232,AUCTION/USDT:USDT,10.544,17.0,10.542,6.0,10.551,18.0,10.554,18.0
1753533499254,12:38:19.254,AUCTION/USDT:USDT,10.544,17.0,10.542,6.0,10.554,18.0,10.556,188.0
1753533499389,12:38:19.389,AUCTION/USDT:USDT,10.544,17.0,10.542,6.0,10.554,18.0,10.556,188.0
1753533499825,12:38:19.825,AUCTION/USDT:USDT,10.544,17.0,10.542,6.0,10.553,18.0,10.554,47.0
1753533500203,12:38:20.203,AUCTION/USDT:USDT,10.544,17.0,10.542,6.0,10.553,18.0,10.556,188.0
1753533500822,12:38:20.822,AUCTION/USDT:USDT,10.544,17.0,10.542,6.0,10.553,18.0,10.556,188.0
1753533501015,12:38:21.015,AUCTION/USDT:USDT,10.544,17.0,10.542,6.0,10.553,18.0,10.556,188.0
1753533501442,12:38:21.442,AUCTION/USDT:USDT,10.544,17.0,10.542,6.0,10.553,18.0,10.556,188.0
1753533503539,12:38:23.539,AUCTION/USDT:USDT,10.544,17.0,10.542,6.0,10.551,18.0,10.552,188.0
1753533503839,12:38:23.839,AUCTION/USDT:USDT,10.544,17.0,10.542,6.0,10.551,18.0,10.552,188.0
1753533503865,12:38:23.865,AUCTION/USDT:USDT,10.544,17.0,10.542,6.0,10.551,18.0,10.552,188.0
1753533504346,12:38:24.346,AUCTION/USDT:USDT,10.544,17.0,10.542,6.0,10.551,18.0,10.552,188.0
1753533506733,12:38:26.733,AUCTION/USDT:USDT,10.542,6.0,10.539,17.0,10.55,18.0,10.551,188.0
1753533506758,12:38:26.758,AUCTION/USDT:USDT,10.539,17.0,10.537,6.0,10.55,18.0,10.551,188.0
1753533506885,12:38:26.885,AUCTION/USDT:USDT,10.539,17.0,10.537,3.0,10.55,18.0,10.551,188.0
1753533507010,12:38:27.010,AUCTION/USDT:USDT,10.539,17.0,10.537,6.0,10.55,18.0,10.551,188.0
1753533507073,12:38:27.073,AUCTION/USDT:USDT,10.539,17.0,10.537,6.0,10.55,18.0,10.551,188.0
1753533507396,12:38:27.396,AUCTION/USDT:USDT,10.539,17.0,10.537,194.0,10.55,18.0,10.551,188.0
1753533507890,12:38:27.890,AUCTION/USDT:USDT,10.539,17.0,10.537,194.0,10.55,18.0,10.551,188.0
1753533508214,12:38:28.214,AUCTION/USDT:USDT,10.539,17.0,10.537,194.0,10.55,18.0,10.551,188.0
1753533508302,12:38:28.302,AUCTION/USDT:USDT,10.539,17.0,10.537,194.0,10.55,18.0,10.551,188.0
1753533513246,12:38:33.246,AUCTION/USDT:USDT,10.542,17.0,10.541,469.0,10.55,18.0,10.551,188.0
1753533513293,12:38:33.293,AUCTION/USDT:USDT,10.542,23.0,10.541,469.0,10.55,18.0,10.551,188.0
1753533513542,12:38:33.542,AUCTION/USDT:USDT,10.542,23.0,10.541,469.0,10.55,18.0,10.551,188.0
1753533514329,12:38:34.329,AUCTION/USDT:USDT,10.542,23.0,10.541,469.0,10.549,17.0,10.551,188.0
1753533514364,12:38:34.364,AUCTION/USDT:USDT,10.542,23.0,10.541,469.0,10.549,17.0,10.551,188.0
1753533517674,12:38:37.674,AUCTION/USDT:USDT,10.542,23.0,10.541,469.0,10.549,17.0,10.551,188.0
1753533525397,12:38:45.397,AUCTION/USDT:USDT,10.542,23.0,10.541,469.0,10.549,17.0,10.551,188.0
1753533525652,12:38:45.652,AUCTION/USDT:USDT,10.542,23.0,10.541,469.0,10.549,17.0,10.551,188.0
1753533533907,12:38:53.907,AUCTION/USDT:USDT,10.542,23.0,10.541,469.0,10.549,17.0,10.551,188.0
1753533534138,12:38:54.138,AUCTION/USDT:USDT,10.543,18.0,10.542,6.0,10.549,17.0,10.551,188.0
1753533534218,12:38:54.218,AUCTION/USDT:USDT,10.543,18.0,10.542,6.0,10.549,17.0,10.551,188.0
1753533534504,12:38:54.504,AUCTION/USDT:USDT,10.543,18.0,10.542,6.0,10.549,17.0,10.551,188.0
1753533543066,12:39:03.066,AUCTION/USDT:USDT,10.543,18.0,10.542,6.0,10.549,17.0,10.551,188.0
1753533543373,12:39:03.373,AUCTION/USDT:USDT,10.543,18.0,10.542,6.0,10.549,17.0,10.551,188.0
1753533547244,12:39:07.244,AUCTION/USDT:USDT,10.543,18.0,10.542,6.0,10.551,188.0,10.552,188.0
1753533547336,12:39:07.336,AUCTION/USDT:USDT,10.543,18.0,10.542,6.0,10.551,17.0,10.552,188.0
1753533548100,12:39:08.100,AUCTION/USDT:USDT,10.543,18.0,10.542,6.0,10.551,17.0,10.552,188.0
1753533550646,12:39:10.646,AUCTION/USDT:USDT,10.543,18.0,10.542,6.0,10.551,17.0,10.552,188.0
1753533550728,12:39:10.728,AUCTION/USDT:USDT,10.543,18.0,10.542,6.0,10.551,17.0,10.552,188.0
1753533550774,12:39:10.774,AUCTION/USDT:USDT,10.543,18.0,10.542,6.0,10.553,18.0,10.556,188.0
1753533550874,12:39:10.874,AUCTION/USDT:USDT,10.543,18.0,10.542,6.0,10.553,18.0,10.556,188.0
1753533551013,12:39:11.013,AUCTION/USDT:USDT,10.543,18.0,10.542,6.0,10.553,18.0,10.556,379.0
1753533552135,12:39:12.135,AUCTION/USDT:USDT,10.543,18.0,10.542,6.0,10.553,18.0,10.556,379.0
1753533552154,12:39:12.154,AUCTION/USDT:USDT,10.543,18.0,10.542,6.0,10.553,18.0,10.556,379.0
1753533552804,12:39:12.804,AUCTION/USDT:USDT,10.543,18.0,10.542,194.0,10.553,18.0,10.556,188.0
1753533552926,12:39:12.926,AUCTION/USDT:USDT,10.543,18.0,10.542,194.0,10.553,18.0,10.556,188.0
1753533553038,12:39:13.038,AUCTION/USDT:USDT,10.543,18.0,10.542,194.0,10.553,18.0,10.556,188.0
1753533555334,12:39:15.334,AUCTION/USDT:USDT,10.543,18.0,10.542,6.0,10.553,18.0,10.556,188.0
1753533556570,12:39:16.570,AUCTION/USDT:USDT,10.543,18.0,10.542,194.0,10.553,18.0,10.556,188.0
1753533556822,12:39:16.822,AUCTION/USDT:USDT,10.547,18.0,10.546,469.0,10.553,18.0,10.557,188.0
1753533556917,12:39:16.917,AUCTION/USDT:USDT,10.547,24.0,10.546,469.0,10.553,18.0,10.557,188.0
1753533557002,12:39:17.002,AUCTION/USDT:USDT,10.547,24.0,10.546,469.0,10.553,18.0,10.557,188.0
1753533557235,12:39:17.235,AUCTION/USDT:USDT,10.547,24.0,10.546,469.0,10.553,18.0,10.556,188.0
1753533558324,12:39:18.324,AUCTION/USDT:USDT,10.547,6.0,10.546,469.0,10.553,18.0,10.556,188.0
1753533558683,12:39:18.683,AUCTION/USDT:USDT,10.547,6.0,10.546,469.0,10.553,18.0,10.556,188.0
1753533559004,12:39:19.004,AUCTION/USDT:USDT,10.547,6.0,10.546,469.0,10.553,18.0,10.556,188.0
1753533559947,12:39:19.947,AUCTION/USDT:USDT,10.547,6.0,10.546,469.0,10.553,18.0,10.556,188.0
1753533561015,12:39:21.015,AUCTION/USDT:USDT,10.547,6.0,10.546,469.0,10.553,18.0,10.556,188.0
1753533561114,12:39:21.114,AUCTION/USDT:USDT,10.547,6.0,10.546,469.0,10.553,18.0,10.556,188.0
1753533561370,12:39:21.370,AUCTION/USDT:USDT,10.547,6.0,10.546,469.0,10.553,18.0,10.556,188.0
1753533561807,12:39:21.807,AUCTION/USDT:USDT,10.547,6.0,10.546,469.0,10.553,18.0,10.556,188.0
1753533562168,12:39:22.168,AUCTION/USDT:USDT,10.547,6.0,10.546,469.0,10.553,18.0,10.556,188.0
1753533562326,12:39:22.326,AUCTION/USDT:USDT,10.547,6.0,10.546,469.0,10.553,18.0,10.556,188.0
1753533563005,12:39:23.005,AUCTION/USDT:USDT,10.547,6.0,10.546,469.0,10.553,18.0,10.556,188.0
1753533565007,12:39:25.007,AUCTION/USDT:USDT,10.547,6.0,10.546,469.0,10.553,18.0,10.556,188.0
1753533570212,12:39:30.212,AUCTION/USDT:USDT,10.547,6.0,10.543,18.0,10.553,18.0,10.556,188.0
1753533570275,12:39:30.275,AUCTION/USDT:USDT,10.544,18.0,10.543,6.0,10.553,18.0,10.556,188.0
1753533580014,12:39:40.014,AUCTION/USDT:USDT,10.544,18.0,10.543,6.0,10.553,18.0,10.556,188.0
1753533581017,12:39:41.017,AUCTION/USDT:USDT,10.544,18.0,10.543,6.0,10.553,18.0,10.556,188.0
1753533592003,12:39:52.003,AUCTION/USDT:USDT,10.544,18.0,10.543,6.0,10.553,18.0,10.556,188.0
1753533593008,12:39:53.008,AUCTION/USDT:USDT,10.544,18.0,10.543,6.0,10.553,18.0,10.556,188.0
1753533593059,12:39:53.059,AUCTION/USDT:USDT,10.544,18.0,10.542,6.0,10.553,18.0,10.556,188.0
1753533593193,12:39:53.193,AUCTION/USDT:USDT,10.543,18.0,10.542,6.0,10.553,18.0,10.556,188.0
1753533597002,12:39:57.002,AUCTION/USDT:USDT,10.543,18.0,10.542,6.0,10.553,18.0,10.556,188.0
1753533598803,12:39:58.803,AUCTION/USDT:USDT,10.543,18.0,10.542,6.0,10.553,18.0,10.556,188.0
1753533599004,12:39:59.004,AUCTION/USDT:USDT,10.543,18.0,10.542,6.0,10.553,18.0,10.556,188.0
1753533602701,12:40:02.701,AUCTION/USDT:USDT,10.543,18.0,10.542,194.0,10.553,18.0,10.556,188.0
1753533604546,12:40:04.546,AUCTION/USDT:USDT,10.543,18.0,10.542,194.0,10.553,18.0,10.556,188.0
1753533604554,12:40:04.554,AUCTION/USDT:USDT,10.543,18.0,10.542,194.0,10.553,18.0,10.556,188.0
1753533605004,12:40:05.004,AUCTION/USDT:USDT,10.543,18.0,10.542,194.0,10.553,18.0,10.556,188.0
1753533607933,12:40:07.933,AUCTION/USDT:USDT,10.543,18.0,10.542,194.0,10.553,18.0,10.556,188.0
1753533608003,12:40:08.003,AUCTION/USDT:USDT,10.543,18.0,10.542,194.0,10.553,18.0,10.556,188.0
1753533609651,12:40:09.651,AUCTION/USDT:USDT,10.543,18.0,10.542,382.0,10.553,18.0,10.556,188.0
1753533610339,12:40:10.339,AUCTION/USDT:USDT,10.543,18.0,10.542,382.0,10.553,18.0,10.556,188.0
1753533610354,12:40:10.354,AUCTION/USDT:USDT,10.543,18.0,10.542,382.0,10.553,18.0,10.556,188.0
1753533612004,12:40:12.004,AUCTION/USDT:USDT,10.543,18.0,10.542,382.0,10.553,18.0,10.556,188.0
1753533617025,12:40:17.025,AUCTION/USDT:USDT,10.543,18.0,10.542,382.0,10.553,18.0,10.556,188.0
1753533621933,12:40:21.933,AUCTION/USDT:USDT,10.543,18.0,10.542,382.0,10.553,18.0,10.556,188.0
1753533624621,12:40:24.621,AUCTION/USDT:USDT,10.543,18.0,10.542,382.0,10.553,18.0,10.556,188.0
1753533627877,12:40:27.877,AUCTION/USDT:USDT,10.544,17.0,10.542,382.0,10.553,18.0,10.556,188.0
1753533628004,12:40:28.004,AUCTION/USDT:USDT,10.544,17.0,10.542,382.0,10.553,18.0,10.556,188.0
1753533628051,12:40:28.051,AUCTION/USDT:USDT,10.544,17.0,10.542,6.0,10.553,18.0,10.556,188.0
1753533630934,12:40:30.934,AUCTION/USDT:USDT,10.544,17.0,10.542,6.0,10.553,18.0,10.556,188.0
1753533634005,12:40:34.005,AUCTION/USDT:USDT,10.544,17.0,10.542,6.0,10.553,18.0,10.556,188.0
1753533634076,12:40:34.076,AUCTION/USDT:USDT,10.545,17.0,10.542,194.0,10.553,18.0,10.556,188.0
1753533634420,12:40:34.420,AUCTION/USDT:USDT,10.545,17.0,10.542,382.0,10.553,18.0,10.556,188.0
1753533634533,12:40:34.533,AUCTION/USDT:USDT,10.547,17.0,10.546,469.0,10.555,17.0,10.556,188.0
1753533634613,12:40:34.613,AUCTION/USDT:USDT,10.548,17.0,10.547,6.0,10.555,17.0,10.556,188.0
1753533634694,12:40:34.694,AUCTION/USDT:USDT,10.548,17.0,10.546,469.0,10.555,17.0,10.556,188.0
1753533634757,12:40:34.757,AUCTION/USDT:USDT,10.548,17.0,10.547,6.0,10.555,17.0,10.556,188.0
1753533637029,12:40:37.029,AUCTION/USDT:USDT,10.547,6.0,10.546,469.0,10.555,17.0,10.556,188.0
1753533637201,12:40:37.201,AUCTION/USDT:USDT,10.547,23.0,10.546,469.0,10.555,17.0,10.556,188.0
1753533640044,12:40:40.044,AUCTION/USDT:USDT,10.547,6.0,10.546,469.0,10.555,17.0,10.556,188.0
1753533642007,12:40:42.007,AUCTION/USDT:USDT,10.547,6.0,10.546,469.0,10.555,17.0,10.556,188.0
1753533643004,12:40:43.004,AUCTION/USDT:USDT,10.547,6.0,10.546,469.0,10.555,17.0,10.556,188.0
1753533643979,12:40:43.979,AUCTION/USDT:USDT,10.547,24.0,10.546,469.0,10.555,17.0,10.556,188.0
1753533645635,12:40:45.635,AUCTION/USDT:USDT,10.548,18.0,10.547,6.0,10.555,17.0,10.556,188.0
1753533646048,12:40:46.048,AUCTION/USDT:USDT,10.548,18.0,10.547,6.0,10.555,17.0,10.556,188.0
1753533646061,12:40:46.061,AUCTION/USDT:USDT,10.548,18.0,10.547,6.0,10.555,17.0,10.556,188.0
1753533646197,12:40:46.197,AUCTION/USDT:USDT,10.548,18.0,10.547,6.0,10.555,17.0,10.556,188.0
1753533650893,12:40:50.893,AUCTION/USDT:USDT,10.548,18.0,10.547,6.0,10.555,17.0,10.556,188.0
1753533653373,12:40:53.373,AUCTION/USDT:USDT,10.548,18.0,10.547,6.0,10.555,17.0,10.557,188.0
1753533659640,12:40:59.640,AUCTION/USDT:USDT,10.548,18.0,10.547,6.0,10.555,17.0,10.557,188.0
1753533659733,12:40:59.733,AUCTION/USDT:USDT,10.548,18.0,10.547,6.0,10.558,18.0,10.559,353.0
1753533659804,12:40:59.804,AUCTION/USDT:USDT,10.548,18.0,10.547,6.0,10.558,18.0,10.559,353.0
1753533660010,12:41:00.010,AUCTION/USDT:USDT,10.548,18.0,10.547,6.0,10.558,18.0,10.559,353.0
1753533660773,12:41:00.773,AUCTION/USDT:USDT,10.548,18.0,10.547,194.0,10.558,18.0,10.559,353.0
1753533662296,12:41:02.296,AUCTION/USDT:USDT,10.548,18.0,10.547,6.0,10.558,18.0,10.559,353.0
1753533663002,12:41:03.002,AUCTION/USDT:USDT,10.548,18.0,10.547,6.0,10.558,18.0,10.559,353.0
1753533669648,12:41:09.648,AUCTION/USDT:USDT,10.549,17.0,10.548,284.0,10.558,18.0,10.559,353.0
1753533669737,12:41:09.737,AUCTION/USDT:USDT,10.55,17.0,10.549,6.0,10.558,18.0,10.559,353.0
1753533669757,12:41:09.757,AUCTION/USDT:USDT,10.55,17.0,10.547,6.0,10.558,18.0,10.559,353.0
1753533670008,12:41:10.008,AUCTION/USDT:USDT,10.55,17.0,10.547,6.0,10.558,18.0,10.559,353.0
1753533670931,12:41:10.931,AUCTION/USDT:USDT,10.55,17.0,10.547,6.0,10.558,18.0,10.559,353.0
1753533674073,12:41:14.073,AUCTION/USDT:USDT,10.55,17.0,10.547,6.0,10.558,18.0,10.559,353.0
1753533674160,12:41:14.160,AUCTION/USDT:USDT,10.55,17.0,10.547,194.0,10.558,18.0,10.559,353.0
1753533684132,12:41:24.132,AUCTION/USDT:USDT,10.55,17.0,10.547,194.0,10.558,18.0,10.559,353.0
1753533684153,12:41:24.153,AUCTION/USDT:USDT,10.55,17.0,10.547,194.0,10.558,18.0,10.559,353.0
1753533684632,12:41:24.632,AUCTION/USDT:USDT,10.55,17.0,10.547,194.0,10.558,18.0,10.559,353.0
1753533689885,12:41:29.885,AUCTION/USDT:USDT,10.55,17.0,10.547,194.0,10.558,18.0,10.559,353.0
1753533694893,12:41:34.893,AUCTION/USDT:USDT,10.55,17.0,10.547,382.0,10.558,18.0,10.559,165.0
1753533695008,12:41:35.008,AUCTION/USDT:USDT,10.552,17.0,10.551,469.0,10.559,165.0,10.56,17.0
1753533695087,12:41:35.087,AUCTION/USDT:USDT,10.553,17.0,10.552,23.0,10.559,165.0,10.56,17.0
1753533695226,12:41:35.226,AUCTION/USDT:USDT,10.553,17.0,10.552,6.0,10.559,165.0,10.56,17.0
1753533695529,12:41:35.529,AUCTION/USDT:USDT,10.553,17.0,10.552,6.0,10.56,17.0,10.564,218.0
1753533698913,12:41:38.913,AUCTION/USDT:USDT,10.553,17.0,10.552,6.0,10.56,17.0,10.564,218.0
1753533700134,12:41:40.134,AUCTION/USDT:USDT,10.553,17.0,10.552,6.0,10.56,17.0,10.564,218.0
1753533700615,12:41:40.615,AUCTION/USDT:USDT,10.553,17.0,10.552,6.0,10.56,17.0,10.565,469.0
1753533700748,12:41:40.748,AUCTION/USDT:USDT,10.553,17.0,10.552,6.0,10.56,17.0,10.565,469.0
1753533700762,12:41:40.762,AUCTION/USDT:USDT,10.553,17.0,10.552,6.0,10.56,17.0,10.565,469.0
1753533700956,12:41:40.956,AUCTION/USDT:USDT,10.553,17.0,10.552,6.0,10.56,17.0,10.565,469.0
1753533702005,12:41:42.005,AUCTION/USDT:USDT,10.553,17.0,10.552,6.0,10.56,17.0,10.565,469.0
1753533702094,12:41:42.094,AUCTION/USDT:USDT,10.553,17.0,10.552,6.0,10.56,17.0,10.565,673.0
1753533702636,12:41:42.636,AUCTION/USDT:USDT,10.553,17.0,10.552,6.0,10.56,17.0,10.566,679.0
1753533702732,12:41:42.732,AUCTION/USDT:USDT,10.553,17.0,10.552,194.0,10.56,17.0,10.566,205.0
1753533702997,12:41:42.997,AUCTION/USDT:USDT,10.553,17.0,10.552,194.0,10.56,17.0,10.566,205.0
1753533703074,12:41:43.074,AUCTION/USDT:USDT,10.553,17.0,10.552,194.0,10.56,17.0,10.566,205.0
1753533703402,12:41:43.402,AUCTION/USDT:USDT,10.553,17.0,10.552,194.0,10.56,17.0,10.566,205.0
1753533704005,12:41:44.005,AUCTION/USDT:USDT,10.553,17.0,10.552,194.0,10.56,17.0,10.566,205.0
1753533704215,12:41:44.215,AUCTION/USDT:USDT,10.553,17.0,10.552,6.0,10.56,17.0,10.566,205.0
1753533706159,12:41:46.159,AUCTION/USDT:USDT,10.553,17.0,10.552,6.0,10.56,17.0,10.566,205.0
1753533706632,12:41:46.632,AUCTION/USDT:USDT,10.553,17.0,10.552,6.0,10.56,17.0,10.566,205.0
1753533708814,12:41:48.814,AUCTION/USDT:USDT,10.553,17.0,10.552,6.0,10.56,17.0,10.566,205.0
1753533714003,12:41:54.003,AUCTION/USDT:USDT,10.553,17.0,10.552,6.0,10.56,17.0,10.566,205.0
1753533720035,12:42:00.035,AUCTION/USDT:USDT,10.552,23.0,10.551,469.0,10.56,17.0,10.566,205.0
1753533720437,12:42:00.437,AUCTION/USDT:USDT,10.552,23.0,10.551,469.0,10.56,17.0,10.565,469.0
1753533720467,12:42:00.467,AUCTION/USDT:USDT,10.552,23.0,10.551,469.0,10.56,17.0,10.565,469.0
1753533720700,12:42:00.700,AUCTION/USDT:USDT,10.552,23.0,10.551,469.0,10.56,17.0,10.565,469.0
1753533724497,12:42:04.497,AUCTION/USDT:USDT,10.552,6.0,10.55,17.0,10.558,18.0,10.559,188.0
1753533724558,12:42:04.558,AUCTION/USDT:USDT,10.55,17.0,10.547,6.0,10.558,18.0,10.559,188.0
1753533724811,12:42:04.811,AUCTION/USDT:USDT,10.55,17.0,10.547,194.0,10.558,18.0,10.559,188.0
1753533726004,12:42:06.004,AUCTION/USDT:USDT,10.55,17.0,10.547,194.0,10.558,18.0,10.559,188.0
1753533729012,12:42:09.012,AUCTION/USDT:USDT,10.55,17.0,10.547,194.0,10.558,18.0,10.559,188.0
1753533729639,12:42:09.639,AUCTION/USDT:USDT,10.55,17.0,10.547,194.0,10.56,17.0,10.565,469.0
1753533729680,12:42:09.680,AUCTION/USDT:USDT,10.55,17.0,10.547,194.0,10.56,17.0,10.565,469.0
1753533730041,12:42:10.041,AUCTION/USDT:USDT,10.55,17.0,10.547,194.0,10.56,17.0,10.565,469.0
1753533730465,12:42:10.465,AUCTION/USDT:USDT,10.55,17.0,10.547,194.0,10.56,17.0,10.565,469.0
1753533733048,12:42:13.048,AUCTION/USDT:USDT,10.55,17.0,10.547,382.0,10.56,17.0,10.565,469.0
1753533733097,12:42:13.097,AUCTION/USDT:USDT,10.552,17.0,10.551,469.0,10.56,17.0,10.565,469.0
1753533733185,12:42:13.185,AUCTION/USDT:USDT,10.553,17.0,10.552,23.0,10.56,17.0,10.565,469.0
1753533733337,12:42:13.337,AUCTION/USDT:USDT,10.553,17.0,10.552,6.0,10.56,17.0,10.565,469.0
1753533734890,12:42:14.890,AUCTION/USDT:USDT,10.552,6.0,10.551,469.0,10.56,17.0,10.565,469.0
1753533736003,12:42:16.003,AUCTION/USDT:USDT,10.552,6.0,10.551,469.0,10.56,17.0,10.565,469.0
1753533738088,12:42:18.088,AUCTION/USDT:USDT,10.553,17.0,10.552,6.0,10.56,17.0,10.565,469.0
1753533738157,12:42:18.157,AUCTION/USDT:USDT,10.553,17.0,10.552,6.0,10.56,17.0,10.566,205.0
1753533740007,12:42:20.007,AUCTION/USDT:USDT,10.553,17.0,10.552,6.0,10.56,17.0,10.566,205.0
1753533740675,12:42:20.675,AUCTION/USDT:USDT,10.553,17.0,10.552,6.0,10.56,17.0,10.566,205.0
1753533741873,12:42:21.873,AUCTION/USDT:USDT,10.553,17.0,10.552,6.0,10.56,17.0,10.566,205.0
1753533742027,12:42:22.027,AUCTION/USDT:USDT,10.553,17.0,10.552,6.0,10.56,17.0,10.566,205.0
1753533743336,12:42:23.336,AUCTION/USDT:USDT,10.553,17.0,10.552,6.0,10.56,17.0,10.565,469.0
1753533743397,12:42:23.397,AUCTION/USDT:USDT,10.55,17.0,10.547,194.0,10.56,17.0,10.565,469.0
1753533743514,12:42:23.514,AUCTION/USDT:USDT,10.55,17.0,10.547,194.0,10.56,17.0,10.565,469.0
1753533743605,12:42:23.605,AUCTION/USDT:USDT,10.552,18.0,10.551,469.0,10.56,17.0,10.565,469.0
1753533743663,12:42:23.663,AUCTION/USDT:USDT,10.552,24.0,10.551,469.0,10.56,17.0,10.565,469.0
1753533743763,12:42:23.763,AUCTION/USDT:USDT,10.553,18.0,10.552,6.0,10.56,17.0,10.565,469.0
1753533744006,12:42:24.006,AUCTION/USDT:USDT,10.553,18.0,10.552,6.0,10.56,17.0,10.565,469.0
1753533746145,12:42:26.145,AUCTION/USDT:USDT,10.553,18.0,10.552,6.0,10.565,469.0,10.566,205.0
1753533746236,12:42:26.236,AUCTION/USDT:USDT,10.553,18.0,10.552,6.0,10.564,18.0,10.566,205.0
1753533746334,12:42:26.334,AUCTION/USDT:USDT,10.553,18.0,10.552,6.0,10.564,18.0,10.566,205.0
1753533746353,12:42:26.353,AUCTION/USDT:USDT,10.553,18.0,10.552,6.0,10.564,18.0,10.566,205.0
1753533747007,12:42:27.007,AUCTION/USDT:USDT,10.553,18.0,10.552,6.0,10.564,18.0,10.566,205.0
1753533747840,12:42:27.840,AUCTION/USDT:USDT,10.553,18.0,10.552,6.0,10.564,18.0,10.566,205.0
1753533748822,12:42:28.822,AUCTION/USDT:USDT,10.553,18.0,10.552,6.0,10.564,18.0,10.566,205.0
1753533748904,12:42:28.904,AUCTION/USDT:USDT,10.553,18.0,10.552,6.0,10.564,18.0,10.566,205.0
1753533749036,12:42:29.036,AUCTION/USDT:USDT,10.553,18.0,10.552,6.0,10.564,18.0,10.566,205.0
1753533749373,12:42:29.373,AUCTION/USDT:USDT,10.553,18.0,10.552,6.0,10.564,18.0,10.566,205.0
1753533749562,12:42:29.562,AUCTION/USDT:USDT,10.553,18.0,10.552,194.0,10.564,18.0,10.566,205.0
1753533749840,12:42:29.840,AUCTION/USDT:USDT,10.553,18.0,10.552,194.0,10.564,18.0,10.566,205.0
1753533754004,12:42:34.004,AUCTION/USDT:USDT,10.553,18.0,10.552,194.0,10.564,18.0,10.566,205.0
1753533755147,12:42:35.147,AUCTION/USDT:USDT,10.553,18.0,10.552,194.0,10.564,18.0,10.566,205.0
1753533755153,12:42:35.153,AUCTION/USDT:USDT,10.553,18.0,10.552,194.0,10.564,18.0,10.566,205.0
1753533755555,12:42:35.555,AUCTION/USDT:USDT,10.553,18.0,10.552,194.0,10.564,18.0,10.566,205.0
1753533756230,12:42:36.230,AUCTION/USDT:USDT,10.553,18.0,10.552,6.0,10.564,18.0,10.566,205.0
1753533759108,12:42:39.108,AUCTION/USDT:USDT,10.553,18.0,10.552,6.0,10.564,18.0,10.566,205.0
1753533759335,12:42:39.335,AUCTION/USDT:USDT,10.553,18.0,10.552,6.0,10.562,17.0,10.563,188.0
1753533759439,12:42:39.439,AUCTION/USDT:USDT,10.553,18.0,10.552,6.0,10.562,17.0,10.563,188.0
1753533759549,12:42:39.549,AUCTION/USDT:USDT,10.553,18.0,10.552,6.0,10.562,17.0,10.563,188.0
1753533759575,12:42:39.575,AUCTION/USDT:USDT,10.553,18.0,10.552,6.0,10.562,17.0,10.563,188.0
1753533762006,12:42:42.006,AUCTION/USDT:USDT,10.553,18.0,10.552,6.0,10.562,17.0,10.563,188.0
1753533762401,12:42:42.401,AUCTION/USDT:USDT,10.553,18.0,10.552,6.0,10.562,17.0,10.563,188.0
1753533763835,12:42:43.835,AUCTION/USDT:USDT,10.553,18.0,10.552,6.0,10.562,17.0,10.563,188.0
1753533763853,12:42:43.853,AUCTION/USDT:USDT,10.553,18.0,10.552,6.0,10.562,17.0,10.563,188.0
1753533764089,12:42:44.089,AUCTION/USDT:USDT,10.553,18.0,10.552,6.0,10.562,17.0,10.563,188.0
1753533768044,12:42:48.044,AUCTION/USDT:USDT,10.553,18.0,10.552,6.0,10.562,17.0,10.563,188.0
1753533769633,12:42:49.633,AUCTION/USDT:USDT,10.553,18.0,10.552,6.0,10.562,17.0,10.563,188.0
1753533770820,12:42:50.820,AUCTION/USDT:USDT,10.553,18.0,10.552,6.0,10.562,17.0,10.563,188.0
1753533771074,12:42:51.074,AUCTION/USDT:USDT,10.553,18.0,10.552,6.0,10.562,17.0,10.563,188.0
1753533775434,12:42:55.434,AUCTION/USDT:USDT,10.553,18.0,10.552,6.0,10.562,17.0,10.563,188.0
1753533777006,12:42:57.006,AUCTION/USDT:USDT,10.553,18.0,10.552,6.0,10.562,17.0,10.563,188.0
1753533779850,12:42:59.850,AUCTION/USDT:USDT,10.553,18.0,10.552,6.0,10.562,17.0,10.564,18.0
1753533779855,12:42:59.855,AUCTION/USDT:USDT,10.553,18.0,10.552,6.0,10.564,18.0,10.566,205.0
1753533780196,12:43:00.196,AUCTION/USDT:USDT,10.553,18.0,10.552,6.0,10.564,18.0,10.566,205.0
1753533781234,12:43:01.234,AUCTION/USDT:USDT,10.553,18.0,10.552,6.0,10.564,18.0,10.566,205.0
1753533782131,12:43:02.131,AUCTION/USDT:USDT,10.553,18.0,10.552,6.0,10.563,17.0,10.564,48.0
1753533782213,12:43:02.213,AUCTION/USDT:USDT,10.553,18.0,10.552,6.0,10.563,17.0,10.566,205.0
1753533783421,12:43:03.421,AUCTION/USDT:USDT,10.553,18.0,10.552,194.0,10.563,17.0,10.566,205.0
1753533783834,12:43:03.834,AUCTION/USDT:USDT,10.553,18.0,10.552,194.0,10.563,17.0,10.566,205.0
1753533787014,12:43:07.014,AUCTION/USDT:USDT,10.553,18.0,10.552,194.0,10.563,17.0,10.566,205.0
1753533788005,12:43:08.005,AUCTION/USDT:USDT,10.553,18.0,10.552,194.0,10.563,17.0,10.566,205.0
1753533794068,12:43:14.068,AUCTION/USDT:USDT,10.553,18.0,10.552,194.0,10.563,17.0,10.566,205.0
1753533798136,12:43:18.136,AUCTION/USDT:USDT,10.553,18.0,10.552,194.0,10.563,17.0,10.566,205.0
1753533798636,12:43:18.636,AUCTION/USDT:USDT,10.553,18.0,10.552,194.0,10.563,17.0,10.566,205.0
1753533804633,12:43:24.633,AUCTION/USDT:USDT,10.553,18.0,10.552,6.0,10.563,17.0,10.566,205.0
1753533804713,12:43:24.713,AUCTION/USDT:USDT,10.553,18.0,10.552,6.0,10.563,17.0,10.566,205.0
1753533804796,12:43:24.796,AUCTION/USDT:USDT,10.553,18.0,10.552,6.0,10.563,17.0,10.566,205.0
1753533804853,12:43:24.853,AUCTION/USDT:USDT,10.553,18.0,10.552,6.0,10.563,17.0,10.566,205.0
1753533805006,12:43:25.006,AUCTION/USDT:USDT,10.553,18.0,10.552,6.0,10.563,17.0,10.566,205.0
1753533806372,12:43:26.372,AUCTION/USDT:USDT,10.553,18.0,10.552,6.0,10.563,17.0,10.566,205.0
1753533806819,12:43:26.819,AUCTION/USDT:USDT,10.553,18.0,10.552,6.0,10.563,17.0,10.566,205.0
1753533810337,12:43:30.337,AUCTION/USDT:USDT,10.554,18.0,10.552,6.0,10.563,17.0,10.566,205.0
1753533812791,12:43:32.791,AUCTION/USDT:USDT,10.557,469.0,10.554,18.0,10.566,17.0,10.569,294.0
1753533812922,12:43:32.922,AUCTION/USDT:USDT,10.558,6.0,10.557,469.0,10.566,17.0,10.569,294.0
1753533813024,12:43:33.024,AUCTION/USDT:USDT,10.558,6.0,10.557,469.0,10.564,17.0,10.565,188.0
1753533813339,12:43:33.339,AUCTION/USDT:USDT,10.562,469.0,10.559,17.0,10.566,17.0,10.569,17.0
1753533813432,12:43:33.432,AUCTION/USDT:USDT,10.563,6.0,10.562,469.0,10.566,17.0,10.569,17.0
1753533813489,12:43:33.489,AUCTION/USDT:USDT,10.563,6.0,10.562,469.0,10.571,92.0,10.573,18.0
1753533813640,12:43:33.640,AUCTION/USDT:USDT,10.563,6.0,10.562,469.0,10.571,92.0,10.573,18.0
1753533813749,12:43:33.749,AUCTION/USDT:USDT,10.563,6.0,10.562,469.0,10.571,92.0,10.573,18.0
1753533813812,12:43:33.812,AUCTION/USDT:USDT,10.563,6.0,10.562,469.0,10.571,92.0,10.573,18.0
1753533813927,12:43:33.927,AUCTION/USDT:USDT,10.563,6.0,10.562,469.0,10.571,92.0,10.573,18.0
1753533814035,12:43:34.035,AUCTION/USDT:USDT,10.563,6.0,10.562,469.0,10.571,92.0,10.573,18.0
1753533814149,12:43:34.149,AUCTION/USDT:USDT,10.563,6.0,10.562,469.0,10.571,188.0,10.572,188.0
1753533814211,12:43:34.211,AUCTION/USDT:USDT,10.563,6.0,10.562,469.0,10.571,281.0,10.572,188.0
1753533814324,12:43:34.324,AUCTION/USDT:USDT,10.563,6.0,10.562,469.0,10.571,281.0,10.572,188.0
1753533814359,12:43:34.359,AUCTION/USDT:USDT,10.563,6.0,10.562,469.0,10.571,281.0,10.572,188.0
1753533814542,12:43:34.542,AUCTION/USDT:USDT,10.563,6.0,10.562,469.0,10.571,281.0,10.572,188.0
1753533814646,12:43:34.646,AUCTION/USDT:USDT,10.563,6.0,10.562,469.0,10.571,281.0,10.572,188.0
1753533814654,12:43:34.654,AUCTION/USDT:USDT,10.563,6.0,10.562,469.0,10.571,281.0,10.572,188.0
1753533814927,12:43:34.927,AUCTION/USDT:USDT,10.563,6.0,10.562,469.0,10.571,281.0,10.572,188.0
1753533815019,12:43:35.019,AUCTION/USDT:USDT,10.563,6.0,10.562,469.0,10.571,281.0,10.572,188.0
1753533815397,12:43:35.397,AUCTION/USDT:USDT,10.563,6.0,10.562,469.0,10.571,281.0,10.572,188.0
1753533815518,12:43:35.518,AUCTION/USDT:USDT,10.563,6.0,10.562,469.0,10.571,281.0,10.572,188.0
1753533815846,12:43:35.846,AUCTION/USDT:USDT,10.563,6.0,10.562,469.0,10.571,281.0,10.572,188.0
1753533815908,12:43:35.908,AUCTION/USDT:USDT,10.563,6.0,10.562,469.0,10.571,281.0,10.572,188.0
1753533816240,12:43:36.240,AUCTION/USDT:USDT,10.563,6.0,10.562,469.0,10.571,281.0,10.572,188.0
1753533816327,12:43:36.327,AUCTION/USDT:USDT,10.563,6.0,10.562,469.0,10.571,281.0,10.572,188.0
1753533816643,12:43:36.643,AUCTION/USDT:USDT,10.563,6.0,10.562,469.0,10.571,281.0,10.572,188.0
1753533816747,12:43:36.747,AUCTION/USDT:USDT,10.563,6.0,10.562,469.0,10.571,281.0,10.572,188.0
1753533817144,12:43:37.144,AUCTION/USDT:USDT,10.563,6.0,10.562,469.0,10.571,281.0,10.572,188.0
1753533817157,12:43:37.157,AUCTION/USDT:USDT,10.563,6.0,10.562,469.0,10.571,281.0,10.572,188.0
1753533817542,12:43:37.542,AUCTION/USDT:USDT,10.563,6.0,10.562,469.0,10.571,281.0,10.572,188.0
1753533817637,12:43:37.637,AUCTION/USDT:USDT,10.563,6.0,10.562,469.0,10.571,281.0,10.572,188.0
1753533817941,12:43:37.941,AUCTION/USDT:USDT,10.563,6.0,10.562,469.0,10.571,281.0,10.572,188.0
1753533818013,12:43:38.013,AUCTION/USDT:USDT,10.563,6.0,10.562,469.0,10.571,281.0,10.572,188.0
1753533818132,12:43:38.132,AUCTION/USDT:USDT,10.563,6.0,10.562,469.0,10.571,281.0,10.572,188.0
1753533818345,12:43:38.345,AUCTION/USDT:USDT,10.563,6.0,10.562,469.0,10.571,281.0,10.572,188.0
1753533818364,12:43:38.364,AUCTION/USDT:USDT,10.563,6.0,10.562,469.0,10.571,281.0,10.572,188.0
1753533818726,12:43:38.726,AUCTION/USDT:USDT,10.563,6.0,10.562,469.0,10.571,281.0,10.572,188.0
1753533818849,12:43:38.849,AUCTION/USDT:USDT,10.563,6.0,10.562,469.0,10.571,281.0,10.572,188.0
1753533818882,12:43:38.882,AUCTION/USDT:USDT,10.563,6.0,10.562,469.0,10.571,281.0,10.572,188.0
1753533819145,12:43:39.145,AUCTION/USDT:USDT,10.563,6.0,10.562,469.0,10.571,281.0,10.572,188.0
1753533819153,12:43:39.153,AUCTION/USDT:USDT,10.563,6.0,10.562,469.0,10.571,281.0,10.572,188.0
1753533819324,12:43:39.324,AUCTION/USDT:USDT,10.563,6.0,10.562,469.0,10.571,281.0,10.572,188.0
1753533819546,12:43:39.546,AUCTION/USDT:USDT,10.563,6.0,10.562,469.0,10.571,281.0,10.572,188.0
1753533819629,12:43:39.629,AUCTION/USDT:USDT,10.563,6.0,10.562,469.0,10.571,281.0,10.572,188.0
1753533820049,12:43:40.049,AUCTION/USDT:USDT,10.563,6.0,10.562,469.0,10.571,281.0,10.572,188.0
1753533820114,12:43:40.114,AUCTION/USDT:USDT,10.563,6.0,10.562,469.0,10.571,281.0,10.572,188.0
1753533820179,12:43:40.179,AUCTION/USDT:USDT,10.563,6.0,10.562,469.0,10.571,281.0,10.572,188.0
1753533820434,12:43:40.434,AUCTION/USDT:USDT,10.563,6.0,10.562,469.0,10.571,281.0,10.572,188.0
1753533820537,12:43:40.537,AUCTION/USDT:USDT,10.563,6.0,10.562,469.0,10.571,281.0,10.572,188.0
1753533820746,12:43:40.746,AUCTION/USDT:USDT,10.563,6.0,10.562,469.0,10.571,188.0,10.572,188.0
1753533820848,12:43:40.848,AUCTION/USDT:USDT,10.563,6.0,10.562,469.0,10.571,188.0,10.572,188.0
1753533820918,12:43:40.918,AUCTION/USDT:USDT,10.563,6.0,10.562,469.0,10.571,188.0,10.572,188.0
1753533820970,12:43:40.970,AUCTION/USDT:USDT,10.563,6.0,10.562,469.0,10.571,188.0,10.572,188.0
1753533821248,12:43:41.248,AUCTION/USDT:USDT,10.563,6.0,10.562,469.0,10.571,188.0,10.572,188.0
1753533821290,12:43:41.290,AUCTION/USDT:USDT,10.563,6.0,10.562,469.0,10.571,188.0,10.572,188.0
1753533821749,12:43:41.749,AUCTION/USDT:USDT,10.563,6.0,10.562,469.0,10.571,188.0,10.572,188.0
1753533821810,12:43:41.810,AUCTION/USDT:USDT,10.563,6.0,10.562,469.0,10.571,188.0,10.572,188.0
1753533822125,12:43:42.125,AUCTION/USDT:USDT,10.563,6.0,10.562,469.0,10.571,188.0,10.572,188.0
1753533822241,12:43:42.241,AUCTION/USDT:USDT,10.563,6.0,10.559,17.0,10.571,188.0,10.572,188.0
1753533822334,12:43:42.334,AUCTION/USDT:USDT,10.56,24.0,10.559,17.0,10.571,188.0,10.572,188.0
1753533822426,12:43:42.426,AUCTION/USDT:USDT,10.56,24.0,10.558,188.0,10.571,188.0,10.572,188.0
1753533822507,12:43:42.507,AUCTION/USDT:USDT,10.56,24.0,10.558,188.0,10.571,188.0,10.572,188.0
1753533822585,12:43:42.585,AUCTION/USDT:USDT,10.56,24.0,10.558,188.0,10.571,188.0,10.572,188.0
1753533822717,12:43:42.717,AUCTION/USDT:USDT,10.56,24.0,10.558,188.0,10.571,188.0,10.572,188.0
1753533822837,12:43:42.837,AUCTION/USDT:USDT,10.561,18.0,10.56,6.0,10.571,188.0,10.572,188.0
1753533822940,12:43:42.940,AUCTION/USDT:USDT,10.562,6.0,10.561,18.0,10.571,281.0,10.572,188.0
1753533823035,12:43:43.035,AUCTION/USDT:USDT,10.562,6.0,10.561,18.0,10.571,281.0,10.572,188.0
1753533823438,12:43:43.438,AUCTION/USDT:USDT,10.562,6.0,10.561,18.0,10.571,281.0,10.572,188.0
1753533823641,12:43:43.641,AUCTION/USDT:USDT,10.562,6.0,10.561,18.0,10.571,281.0,10.572,188.0
1753533823668,12:43:43.668,AUCTION/USDT:USDT,10.562,6.0,10.561,18.0,10.571,281.0,10.572,188.0
1753533823830,12:43:43.830,AUCTION/USDT:USDT,10.562,6.0,10.561,18.0,10.571,281.0,10.572,188.0
1753533823918,12:43:43.918,AUCTION/USDT:USDT,10.562,6.0,10.561,18.0,10.571,281.0,10.572,188.0
1753533823959,12:43:43.959,AUCTION/USDT:USDT,10.562,6.0,10.561,18.0,10.571,281.0,10.572,188.0
1753533824241,12:43:44.241,AUCTION/USDT:USDT,10.562,6.0,10.561,18.0,10.571,281.0,10.572,188.0
1753533827444,12:43:47.444,AUCTION/USDT:USDT,10.563,469.0,10.562,24.0,10.571,93.0,10.573,18.0
1753533827541,12:43:47.541,AUCTION/USDT:USDT,10.564,6.0,10.563,469.0,10.573,18.0,10.575,273.0
1753533827642,12:43:47.642,AUCTION/USDT:USDT,10.564,6.0,10.562,18.0,10.573,18.0,10.575,273.0
1753533827657,12:43:47.657,AUCTION/USDT:USDT,10.563,6.0,10.562,18.0,10.573,18.0,10.575,273.0
1753533827846,12:43:47.846,AUCTION/USDT:USDT,10.563,6.0,10.562,18.0,10.573,18.0,10.575,273.0
1753533828417,12:43:48.417,AUCTION/USDT:USDT,10.563,24.0,10.562,18.0,10.573,65.0,10.575,273.0
1753533828548,12:43:48.548,AUCTION/USDT:USDT,10.563,24.0,10.558,376.0,10.573,65.0,10.575,273.0
1753533828668,12:43:48.668,AUCTION/USDT:USDT,10.563,24.0,10.558,376.0,10.573,65.0,10.575,273.0
1753533829004,12:43:49.004,AUCTION/USDT:USDT,10.563,24.0,10.558,376.0,10.573,65.0,10.575,273.0
1753533831625,12:43:51.625,AUCTION/USDT:USDT,10.564,18.0,10.563,6.0,10.575,17.0,10.576,188.0
1753533831657,12:43:51.657,AUCTION/USDT:USDT,10.565,6.0,10.564,18.0,10.575,17.0,10.576,188.0
1753533831810,12:43:51.810,AUCTION/USDT:USDT,10.565,6.0,10.564,18.0,10.575,17.0,10.576,188.0
1753533831904,12:43:51.904,AUCTION/USDT:USDT,10.565,6.0,10.564,18.0,10.575,17.0,10.576,188.0
1753533833003,12:43:53.003,AUCTION/USDT:USDT,10.565,6.0,10.564,18.0,10.575,17.0,10.576,188.0
1753533833131,12:43:53.131,AUCTION/USDT:USDT,10.565,6.0,10.564,18.0,10.575,17.0,10.576,188.0
1753533833663,12:43:53.663,AUCTION/USDT:USDT,10.565,6.0,10.564,18.0,10.575,284.0,10.576,188.0
1753533833883,12:43:53.883,AUCTION/USDT:USDT,10.565,6.0,10.564,18.0,10.575,195.0,10.576,188.0
1753533835866,12:43:55.866,AUCTION/USDT:USDT,10.565,6.0,10.564,18.0,10.575,106.0,10.576,188.0
1753533836078,12:43:56.078,AUCTION/USDT:USDT,10.565,6.0,10.564,18.0,10.575,106.0,10.576,188.0
1753533836722,12:43:56.722,AUCTION/USDT:USDT,10.565,6.0,10.564,18.0,10.575,284.0,10.576,188.0
1753533836830,12:43:56.830,AUCTION/USDT:USDT,10.565,6.0,10.564,18.0,10.575,195.0,10.576,188.0
1753533838243,12:43:58.243,AUCTION/USDT:USDT,10.565,6.0,10.564,18.0,10.575,373.0,10.576,188.0
1753533839172,12:43:59.172,AUCTION/USDT:USDT,10.565,6.0,10.564,18.0,10.575,284.0,10.576,188.0
1753533839361,12:43:59.361,AUCTION/USDT:USDT,10.565,6.0,10.564,18.0,10.575,284.0,10.576,188.0
1753533839616,12:43:59.616,AUCTION/USDT:USDT,10.565,6.0,10.564,18.0,10.575,284.0,10.576,188.0
1753533839827,12:43:59.827,AUCTION/USDT:USDT,10.565,6.0,10.564,18.0,10.575,17.0,10.576,188.0
1753533843145,12:44:03.145,AUCTION/USDT:USDT,10.565,6.0,10.564,18.0,10.575,110.0,10.576,188.0
1753533843151,12:44:03.151,AUCTION/USDT:USDT,10.565,6.0,10.564,18.0,10.575,110.0,10.576,188.0
1753533843411,12:44:03.411,AUCTION/USDT:USDT,10.565,6.0,10.558,376.0,10.575,110.0,10.576,188.0
1753533843504,12:44:03.504,AUCTION/USDT:USDT,10.56,17.0,10.559,6.0,10.575,110.0,10.576,188.0
1753533843608,12:44:03.608,AUCTION/USDT:USDT,10.562,17.0,10.561,6.0,10.575,110.0,10.576,188.0
1753533843717,12:44:03.717,AUCTION/USDT:USDT,10.563,6.0,10.562,17.0,10.575,110.0,10.576,188.0
1753533843844,12:44:03.844,AUCTION/USDT:USDT,10.563,6.0,10.56,17.0,10.575,110.0,10.576,188.0
1753533843888,12:44:03.888,AUCTION/USDT:USDT,10.562,17.0,10.561,6.0,10.575,110.0,10.576,188.0
1753533844018,12:44:04.018,AUCTION/USDT:USDT,10.563,6.0,10.562,17.0,10.575,110.0,10.576,188.0
1753533844142,12:44:04.142,AUCTION/USDT:USDT,10.563,6.0,10.562,17.0,10.575,110.0,10.576,188.0
1753533844213,12:44:04.213,AUCTION/USDT:USDT,10.563,6.0,10.562,17.0,10.575,110.0,10.576,188.0
1753533844341,12:44:04.341,AUCTION/USDT:USDT,10.563,6.0,10.562,17.0,10.575,110.0,10.576,188.0
1753533844352,12:44:04.352,AUCTION/USDT:USDT,10.563,6.0,10.562,17.0,10.575,110.0,10.576,188.0
1753533844536,12:44:04.536,AUCTION/USDT:USDT,10.563,6.0,10.562,17.0,10.575,110.0,10.576,188.0
1753533844601,12:44:04.601,AUCTION/USDT:USDT,10.563,6.0,10.562,17.0,10.575,110.0,10.576,188.0
1753533844946,12:44:04.946,AUCTION/USDT:USDT,10.563,6.0,10.562,17.0,10.575,110.0,10.576,188.0
1753533844953,12:44:04.953,AUCTION/USDT:USDT,10.563,6.0,10.562,17.0,10.575,110.0,10.576,188.0
1753533845073,12:44:05.073,AUCTION/USDT:USDT,10.563,6.0,10.562,17.0,10.575,110.0,10.576,188.0
1753533845343,12:44:05.343,AUCTION/USDT:USDT,10.563,6.0,10.562,17.0,10.575,110.0,10.576,188.0
1753533845374,12:44:05.374,AUCTION/USDT:USDT,10.563,6.0,10.562,17.0,10.575,110.0,10.576,188.0
1753533845526,12:44:05.526,AUCTION/USDT:USDT,10.563,6.0,10.562,17.0,10.575,110.0,10.576,188.0
1753533845650,12:44:05.650,AUCTION/USDT:USDT,10.563,6.0,10.562,17.0,10.571,188.0,10.573,17.0
1753533845686,12:44:05.686,AUCTION/USDT:USDT,10.563,6.0,10.562,17.0,10.571,188.0,10.573,17.0
1753533845763,12:44:05.763,AUCTION/USDT:USDT,10.563,6.0,10.562,17.0,10.571,188.0,10.573,17.0
1753533845868,12:44:05.868,AUCTION/USDT:USDT,10.563,23.0,10.56,17.0,10.571,188.0,10.573,17.0
1753533846024,12:44:06.024,AUCTION/USDT:USDT,10.563,23.0,10.56,17.0,10.571,188.0,10.575,17.0
1753533846109,12:44:06.109,AUCTION/USDT:USDT,10.563,23.0,10.56,17.0,10.571,188.0,10.575,17.0
1753533848003,12:44:08.003,AUCTION/USDT:USDT,10.563,23.0,10.56,17.0,10.571,188.0,10.575,17.0
1753533848205,12:44:08.205,AUCTION/USDT:USDT,10.563,23.0,10.56,17.0,10.571,188.0,10.575,17.0
1753533848629,12:44:08.629,AUCTION/USDT:USDT,10.563,23.0,10.56,17.0,10.575,170.0,10.576,188.0
1753533848671,12:44:08.671,AUCTION/USDT:USDT,10.563,23.0,10.56,17.0,10.575,170.0,10.576,188.0
1753533849445,12:44:09.445,AUCTION/USDT:USDT,10.564,17.0,10.563,6.0,10.575,136.0,10.576,188.0
1753533849457,12:44:09.457,AUCTION/USDT:USDT,10.565,6.0,10.564,17.0,10.575,136.0,10.576,188.0
1753533849759,12:44:09.759,AUCTION/USDT:USDT,10.565,6.0,10.564,17.0,10.575,136.0,10.576,188.0
1753533849860,12:44:09.860,AUCTION/USDT:USDT,10.565,6.0,10.564,17.0,10.575,136.0,10.576,188.0
1753533850336,12:44:10.336,AUCTION/USDT:USDT,10.565,6.0,10.56,17.0,10.575,136.0,10.576,188.0
1753533850415,12:44:10.415,AUCTION/USDT:USDT,10.564,17.0,10.563,188.0,10.575,17.0,10.576,188.0
1753533850458,12:44:10.458,AUCTION/USDT:USDT,10.565,6.0,10.564,17.0,10.575,140.0,10.576,188.0
1753533850685,12:44:10.685,AUCTION/USDT:USDT,10.565,6.0,10.564,17.0,10.575,140.0,10.576,188.0
1753533850831,12:44:10.831,AUCTION/USDT:USDT,10.565,6.0,10.564,17.0,10.575,140.0,10.576,188.0
1753533851231,12:44:11.231,AUCTION/USDT:USDT,10.565,23.0,10.563,188.0,10.575,64.0,10.576,188.0
1753533851255,12:44:11.255,AUCTION/USDT:USDT,10.565,23.0,10.563,188.0,10.575,17.0,10.576,188.0
1753533852438,12:44:12.438,AUCTION/USDT:USDT,10.565,23.0,10.563,188.0,10.575,17.0,10.576,188.0
1753533852479,12:44:12.479,AUCTION/USDT:USDT,10.565,23.0,10.563,188.0,10.575,17.0,10.576,188.0
1753533852710,12:44:12.710,AUCTION/USDT:USDT,10.565,23.0,10.563,188.0,10.575,17.0,10.576,188.0
1753533853633,12:44:13.633,AUCTION/USDT:USDT,10.565,23.0,10.563,188.0,10.575,17.0,10.576,188.0
1753533853931,12:44:13.931,AUCTION/USDT:USDT,10.565,23.0,10.563,188.0,10.575,17.0,10.576,188.0
1753533854145,12:44:14.145,AUCTION/USDT:USDT,10.566,17.0,10.565,23.0,10.575,17.0,10.576,188.0
1753533854157,12:44:14.157,AUCTION/USDT:USDT,10.567,6.0,10.566,17.0,10.575,17.0,10.576,188.0
1753533854344,12:44:14.344,AUCTION/USDT:USDT,10.567,6.0,10.566,17.0,10.575,17.0,10.576,188.0
1753533855004,12:44:15.004,AUCTION/USDT:USDT,10.567,6.0,10.566,17.0,10.575,17.0,10.576,188.0
1753533855160,12:44:15.160,AUCTION/USDT:USDT,10.567,6.0,10.566,17.0,10.575,17.0,10.576,188.0
1753533855461,12:44:15.461,AUCTION/USDT:USDT,10.567,6.0,10.566,17.0,10.575,17.0,10.576,188.0
1753533859122,12:44:19.122,AUCTION/USDT:USDT,10.567,6.0,10.566,17.0,10.575,17.0,10.576,188.0
1753533859190,12:44:19.190,AUCTION/USDT:USDT,10.567,6.0,10.566,17.0,10.575,17.0,10.576,188.0
1753533860344,12:44:20.344,AUCTION/USDT:USDT,10.567,23.0,10.563,188.0,10.575,17.0,10.576,188.0
1753533860403,12:44:20.403,AUCTION/USDT:USDT,10.567,23.0,10.563,188.0,10.575,17.0,10.576,188.0
1753533861271,12:44:21.271,AUCTION/USDT:USDT,10.567,23.0,10.563,188.0,10.575,17.0,10.576,188.0
1753533863405,12:44:23.405,AUCTION/USDT:USDT,10.567,23.0,10.563,188.0,10.575,17.0,10.576,188.0
1753533865215,12:44:25.215,AUCTION/USDT:USDT,10.567,23.0,10.563,188.0,10.575,17.0,10.576,188.0
1753533866003,12:44:26.003,AUCTION/USDT:USDT,10.567,23.0,10.563,188.0,10.575,17.0,10.576,188.0
1753533870006,12:44:30.006,AUCTION/USDT:USDT,10.567,23.0,10.563,188.0,10.575,17.0,10.576,188.0
1753533870768,12:44:30.768,AUCTION/USDT:USDT,10.567,6.0,10.563,206.0,10.575,17.0,10.576,188.0
1753533870901,12:44:30.901,AUCTION/USDT:USDT,10.565,18.0,10.564,6.0,10.575,17.0,10.576,188.0
1753533870993,12:44:30.993,AUCTION/USDT:USDT,10.566,6.0,10.565,18.0,10.575,17.0,10.576,188.0
1753533871259,12:44:31.259,AUCTION/USDT:USDT,10.566,6.0,10.565,18.0,10.575,17.0,10.576,188.0
1753533871674,12:44:31.674,AUCTION/USDT:USDT,10.566,6.0,10.565,18.0,10.575,17.0,10.576,188.0
1753533871943,12:44:31.943,AUCTION/USDT:USDT,10.566,23.0,10.563,206.0,10.575,17.0,10.576,188.0
1753533872134,12:44:32.134,AUCTION/USDT:USDT,10.566,23.0,10.563,206.0,10.575,17.0,10.576,188.0
1753533873007,12:44:33.007,AUCTION/USDT:USDT,10.566,23.0,10.563,206.0,10.575,17.0,10.576,188.0
1753533874419,12:44:34.419,AUCTION/USDT:USDT,10.566,6.0,10.563,206.0,10.575,17.0,10.576,188.0
1753533874539,12:44:34.539,AUCTION/USDT:USDT,10.566,3.0,10.564,3.0,10.575,17.0,10.576,188.0
1753533874587,12:44:34.587,AUCTION/USDT:USDT,10.564,23.0,10.563,188.0,10.575,17.0,10.576,188.0
1753533874761,12:44:34.761,AUCTION/USDT:USDT,10.564,23.0,10.563,188.0,10.575,17.0,10.576,188.0
1753533874905,12:44:34.905,AUCTION/USDT:USDT,10.564,23.0,10.563,188.0,10.575,17.0,10.576,188.0
1753533875411,12:44:35.411,AUCTION/USDT:USDT,10.565,17.0,10.564,6.0,10.575,17.0,10.576,188.0
1753533875513,12:44:35.513,AUCTION/USDT:USDT,10.567,17.0,10.566,23.0,10.575,17.0,10.576,188.0
1753533875645,12:44:35.645,AUCTION/USDT:USDT,10.568,6.0,10.567,17.0,10.575,17.0,10.576,188.0
1753533875728,12:44:35.728,AUCTION/USDT:USDT,10.568,6.0,10.567,17.0,10.575,17.0,10.576,188.0
1753533875793,12:44:35.793,AUCTION/USDT:USDT,10.568,6.0,10.567,17.0,10.575,17.0,10.576,188.0
1753533876004,12:44:36.004,AUCTION/USDT:USDT,10.568,6.0,10.567,17.0,10.575,17.0,10.576,188.0
1753533876804,12:44:36.804,AUCTION/USDT:USDT,10.568,23.0,10.567,17.0,10.575,17.0,10.576,188.0
1753533876946,12:44:36.946,AUCTION/USDT:USDT,10.568,23.0,10.563,376.0,10.575,17.0,10.576,188.0
1753533879693,12:44:39.693,AUCTION/USDT:USDT,10.568,23.0,10.563,376.0,10.575,17.0,10.576,188.0
1753533879833,12:44:39.833,AUCTION/USDT:USDT,10.568,23.0,10.563,376.0,10.577,17.0,10.578,188.0
1753533879913,12:44:39.913,AUCTION/USDT:USDT,10.569,17.0,10.568,6.0,10.577,17.0,10.578,188.0
1753533880006,12:44:40.006,AUCTION/USDT:USDT,10.57,6.0,10.569,17.0,10.577,17.0,10.579,183.0
1753533880173,12:44:40.173,AUCTION/USDT:USDT,10.57,6.0,10.569,17.0,10.577,17.0,10.579,183.0
1753533880386,12:44:40.386,AUCTION/USDT:USDT,10.57,6.0,10.569,17.0,10.577,17.0,10.579,183.0
1753533881352,12:44:41.352,AUCTION/USDT:USDT,10.57,6.0,10.569,17.0,10.577,17.0,10.579,183.0
1753533881798,12:44:41.798,AUCTION/USDT:USDT,10.57,6.0,10.569,17.0,10.577,17.0,10.579,183.0
1753533882005,12:44:42.005,AUCTION/USDT:USDT,10.57,6.0,10.569,17.0,10.577,17.0,10.579,183.0
1753533884864,12:44:44.864,AUCTION/USDT:USDT,10.57,23.0,10.563,376.0,10.577,17.0,10.579,183.0
1753533885149,12:44:45.149,AUCTION/USDT:USDT,10.57,23.0,10.563,376.0,10.577,17.0,10.579,183.0
1753533885493,12:44:45.493,AUCTION/USDT:USDT,10.57,23.0,10.563,376.0,10.577,17.0,10.579,183.0
1753533885853,12:44:45.853,AUCTION/USDT:USDT,10.57,23.0,10.563,376.0,10.577,17.0,10.579,183.0
1753533886353,12:44:46.353,AUCTION/USDT:USDT,10.57,23.0,10.563,376.0,10.577,17.0,10.579,183.0
1753533887337,12:44:47.337,AUCTION/USDT:USDT,10.57,23.0,10.563,376.0,10.577,17.0,10.579,183.0
1753533889662,12:44:49.662,AUCTION/USDT:USDT,10.57,23.0,10.563,376.0,10.577,17.0,10.579,183.0
1753533889949,12:44:49.949,AUCTION/USDT:USDT,10.57,23.0,10.563,376.0,10.577,17.0,10.579,183.0
1753533891064,12:44:51.064,AUCTION/USDT:USDT,10.57,23.0,10.563,376.0,10.577,17.0,10.579,183.0
1753533891297,12:44:51.297,AUCTION/USDT:USDT,10.57,23.0,10.563,376.0,10.577,17.0,10.579,183.0
1753533891460,12:44:51.460,AUCTION/USDT:USDT,10.57,23.0,10.563,376.0,10.577,17.0,10.579,183.0
1753533892203,12:44:52.203,AUCTION/USDT:USDT,10.57,23.0,10.563,376.0,10.577,17.0,10.579,183.0
1753533892338,12:44:52.338,AUCTION/USDT:USDT,10.57,23.0,10.563,376.0,10.577,17.0,10.579,183.0
1753533893309,12:44:53.309,AUCTION/USDT:USDT,10.57,23.0,10.563,376.0,10.577,17.0,10.579,183.0
1753533894298,12:44:54.298,AUCTION/USDT:USDT,10.57,23.0,10.563,376.0,10.577,17.0,10.579,183.0
1753533895006,12:44:55.006,AUCTION/USDT:USDT,10.57,23.0,10.563,376.0,10.577,17.0,10.579,183.0
1753533895063,12:44:55.063,AUCTION/USDT:USDT,10.57,23.0,10.563,376.0,10.577,17.0,10.579,183.0
1753533895210,12:44:55.210,AUCTION/USDT:USDT,10.572,188.0,10.571,469.0,10.577,17.0,10.579,183.0
1753533895298,12:44:55.298,AUCTION/USDT:USDT,10.573,6.0,10.572,188.0,10.577,17.0,10.579,183.0
1753533895361,12:44:55.361,AUCTION/USDT:USDT,10.573,6.0,10.571,582.0,10.577,17.0,10.579,183.0
1753533895530,12:44:55.530,AUCTION/USDT:USDT,10.572,6.0,10.571,582.0,10.577,17.0,10.579,183.0
1753533895947,12:44:55.947,AUCTION/USDT:USDT,10.572,6.0,10.571,582.0,10.577,17.0,10.579,183.0
1753533896804,12:44:56.804,AUCTION/USDT:USDT,10.572,6.0,10.571,582.0,10.577,17.0,10.579,183.0
1753533897156,12:44:57.156,AUCTION/USDT:USDT,10.572,6.0,10.571,582.0,10.577,17.0,10.579,183.0
1753533897787,12:44:57.787,AUCTION/USDT:USDT,10.572,6.0,10.571,582.0,10.577,17.0,10.579,183.0
1753533898578,12:44:58.578,AUCTION/USDT:USDT,10.572,6.0,10.571,582.0,10.577,17.0,10.579,183.0
1753533899314,12:44:59.314,AUCTION/USDT:USDT,10.572,6.0,10.571,469.0,10.577,17.0,10.579,183.0
1753533901291,12:45:01.291,AUCTION/USDT:USDT,10.572,6.0,10.57,17.0,10.577,17.0,10.579,183.0
1753533901358,12:45:01.358,AUCTION/USDT:USDT,10.571,6.0,10.57,17.0,10.577,17.0,10.579,183.0
1753533902187,12:45:02.187,AUCTION/USDT:USDT,10.571,6.0,10.563,826.0,10.577,17.0,10.579,183.0
1753533902294,12:45:02.294,AUCTION/USDT:USDT,10.569,197.0,10.568,657.0,10.577,17.0,10.579,183.0
1753533902374,12:45:02.374,AUCTION/USDT:USDT,10.57,6.0,10.568,657.0,10.577,17.0,10.579,183.0
1753533902457,12:45:02.457,AUCTION/USDT:USDT,10.569,6.0,10.568,657.0,10.577,17.0,10.579,183.0
1753533902731,12:45:02.731,AUCTION/USDT:USDT,10.569,6.0,10.568,657.0,10.577,17.0,10.579,183.0
1753533903725,12:45:03.725,AUCTION/USDT:USDT,10.569,6.0,10.568,657.0,10.577,17.0,10.579,183.0
1753533903931,12:45:03.931,AUCTION/USDT:USDT,10.569,24.0,10.568,657.0,10.577,17.0,10.579,183.0
1753533904195,12:45:04.195,AUCTION/USDT:USDT,10.569,24.0,10.568,657.0,10.577,17.0,10.579,183.0
1753533904669,12:45:04.669,AUCTION/USDT:USDT,10.569,221.0,10.568,657.0,10.577,17.0,10.579,183.0
1753533904811,12:45:04.811,AUCTION/USDT:USDT,10.569,24.0,10.568,657.0,10.577,17.0,10.579,183.0
1753533905004,12:45:05.004,AUCTION/USDT:USDT,10.569,24.0,10.568,657.0,10.577,17.0,10.579,183.0
1753533905747,12:45:05.747,AUCTION/USDT:USDT,10.569,24.0,10.568,657.0,10.577,17.0,10.579,183.0
1753533905778,12:45:05.778,AUCTION/USDT:USDT,10.569,221.0,10.568,657.0,10.577,17.0,10.579,183.0
1753533906023,12:45:06.023,AUCTION/USDT:USDT,10.569,221.0,10.568,657.0,10.577,17.0,10.579,183.0
1753533906532,12:45:06.532,AUCTION/USDT:USDT,10.569,24.0,10.568,657.0,10.577,17.0,10.579,183.0
1753533906576,12:45:06.576,AUCTION/USDT:USDT,10.569,6.0,10.568,657.0,10.577,17.0,10.579,183.0
1753533906672,12:45:06.672,AUCTION/USDT:USDT,10.569,6.0,10.568,657.0,10.577,17.0,10.579,183.0
1753533908710,12:45:08.710,AUCTION/USDT:USDT,10.569,6.0,10.568,469.0,10.577,17.0,10.578,188.0
1753533909734,12:45:09.734,AUCTION/USDT:USDT,10.569,2.0,10.568,469.0,10.577,17.0,10.578,188.0
1753533909753,12:45:09.753,AUCTION/USDT:USDT,10.569,2.0,10.568,469.0,10.577,17.0,10.578,188.0
1753533910049,12:45:10.049,AUCTION/USDT:USDT,10.569,2.0,10.568,469.0,10.577,17.0,10.578,188.0
1753533910050,12:45:10.050,AUCTION/USDT:USDT,10.569,2.0,10.568,469.0,10.577,17.0,10.578,188.0
1753533910294,12:45:10.294,AUCTION/USDT:USDT,10.569,4.0,10.568,469.0,10.575,18.0,10.576,3.0
1753533910375,12:45:10.375,AUCTION/USDT:USDT,10.569,4.0,10.568,469.0,10.574,21.0,10.577,17.0
1753533910473,12:45:10.473,AUCTION/USDT:USDT,10.569,4.0,10.568,469.0,10.574,21.0,10.577,17.0
1753533911193,12:45:11.193,AUCTION/USDT:USDT,10.569,4.0,10.568,469.0,10.574,21.0,10.577,17.0
1753533912007,12:45:12.007,AUCTION/USDT:USDT,10.569,4.0,10.568,469.0,10.574,21.0,10.577,17.0
1753533912174,12:45:12.174,AUCTION/USDT:USDT,10.569,4.0,10.568,469.0,10.574,21.0,10.577,17.0
1753533913004,12:45:13.004,AUCTION/USDT:USDT,10.569,4.0,10.568,469.0,10.574,21.0,10.577,17.0
1753533913723,12:45:13.723,AUCTION/USDT:USDT,10.569,4.0,10.568,469.0,10.574,21.0,10.577,17.0
1753533917263,12:45:17.263,AUCTION/USDT:USDT,10.569,4.0,10.565,18.0,10.574,21.0,10.577,17.0
1753533917412,12:45:17.412,AUCTION/USDT:USDT,10.566,21.0,10.563,376.0,10.574,21.0,10.577,17.0
1753533917474,12:45:17.474,AUCTION/USDT:USDT,10.566,21.0,10.563,376.0,10.574,21.0,10.577,17.0
1753533917728,12:45:17.728,AUCTION/USDT:USDT,10.566,21.0,10.563,376.0,10.574,21.0,10.577,17.0
1753533917786,12:45:17.786,AUCTION/USDT:USDT,10.566,21.0,10.563,376.0,10.574,21.0,10.577,17.0
1753533918126,12:45:18.126,AUCTION/USDT:USDT,10.566,21.0,10.563,376.0,10.574,21.0,10.577,17.0
1753533918227,12:45:18.227,AUCTION/USDT:USDT,10.566,21.0,10.563,376.0,10.574,21.0,10.577,17.0
1753533918549,12:45:18.549,AUCTION/USDT:USDT,10.566,21.0,10.563,376.0,10.574,21.0,10.577,17.0
1753533918606,12:45:18.606,AUCTION/USDT:USDT,10.566,21.0,10.563,376.0,10.574,21.0,10.577,17.0
1753533918984,12:45:18.984,AUCTION/USDT:USDT,10.566,21.0,10.563,376.0,10.574,21.0,10.577,17.0
1753533920599,12:45:20.599,AUCTION/USDT:USDT,10.567,17.0,10.566,4.0,10.574,21.0,10.577,17.0
1753533920680,12:45:20.680,AUCTION/USDT:USDT,10.568,4.0,10.567,17.0,10.574,21.0,10.577,17.0
1753533920996,12:45:20.996,AUCTION/USDT:USDT,10.568,4.0,10.567,17.0,10.574,21.0,10.577,17.0
1753533921313,12:45:21.313,AUCTION/USDT:USDT,10.568,4.0,10.567,17.0,10.574,21.0,10.577,17.0
1753533923141,12:45:23.141,AUCTION/USDT:USDT,10.569,469.0,10.568,22.0,10.574,3.0,10.577,17.0
1753533923249,12:45:23.249,AUCTION/USDT:USDT,10.57,4.0,10.569,469.0,10.576,21.0,10.579,183.0
1753533923332,12:45:23.332,AUCTION/USDT:USDT,10.57,4.0,10.569,469.0,10.576,21.0,10.579,183.0
1753533923432,12:45:23.432,AUCTION/USDT:USDT,10.57,4.0,10.569,469.0,10.576,21.0,10.579,18.0
1753533923458,12:45:23.458,AUCTION/USDT:USDT,10.57,4.0,10.569,469.0,10.576,21.0,10.579,183.0
1753533923562,12:45:23.562,AUCTION/USDT:USDT,10.57,4.0,10.569,469.0,10.575,18.0,10.576,3.0
1753533923657,12:45:23.657,AUCTION/USDT:USDT,10.57,4.0,10.569,469.0,10.574,3.0,10.575,18.0
1753533923839,12:45:23.839,AUCTION/USDT:USDT,10.57,4.0,10.569,469.0,10.574,3.0,10.575,18.0
1753533923928,12:45:23.928,AUCTION/USDT:USDT,10.57,4.0,10.568,18.0,10.574,21.0,10.579,183.0
1753533924010,12:45:24.010,AUCTION/USDT:USDT,10.569,4.0,10.563,376.0,10.574,21.0,10.579,183.0
1753533924073,12:45:24.073,AUCTION/USDT:USDT,10.567,469.0,10.565,18.0,10.574,21.0,10.579,183.0
1753533924158,12:45:24.158,AUCTION/USDT:USDT,10.568,4.0,10.567,469.0,10.574,21.0,10.579,183.0
1753533924658,12:45:24.658,AUCTION/USDT:USDT,10.568,4.0,10.567,469.0,10.574,21.0,10.579,183.0
1753533926489,12:45:26.489,AUCTION/USDT:USDT,10.568,22.0,10.567,469.0,10.574,21.0,10.579,183.0
1753533926910,12:45:26.910,AUCTION/USDT:USDT,10.568,4.0,10.567,469.0,10.574,21.0,10.579,183.0
1753533928039,12:45:28.039,AUCTION/USDT:USDT,10.568,22.0,10.567,469.0,10.574,3.0,10.579,183.0
1753533928083,12:45:28.083,AUCTION/USDT:USDT,10.568,22.0,10.567,469.0,10.577,18.0,10.578,3.0
1753533928175,12:45:28.175,AUCTION/USDT:USDT,10.568,22.0,10.567,469.0,10.576,21.0,10.577,18.0
1753533928327,12:45:28.327,AUCTION/USDT:USDT,10.568,22.0,10.567,469.0,10.576,21.0,10.579,183.0
1753533929038,12:45:29.038,AUCTION/USDT:USDT,10.569,18.0,10.568,4.0,10.576,21.0,10.579,183.0
1753533929711,12:45:29.711,AUCTION/USDT:USDT,10.57,4.0,10.569,18.0,10.576,3.0,10.579,183.0
1753533929807,12:45:29.807,AUCTION/USDT:USDT,10.57,22.0,10.568,188.0,10.578,21.0,10.579,165.0
1753533929910,12:45:29.910,AUCTION/USDT:USDT,10.57,22.0,10.568,188.0,10.578,21.0,10.579,165.0
1753533931814,12:45:31.814,AUCTION/USDT:USDT,10.57,22.0,10.568,188.0,10.578,21.0,10.579,165.0
1753533932027,12:45:32.027,AUCTION/USDT:USDT,10.571,18.0,10.57,4.0,10.578,21.0,10.579,165.0
1753533932101,12:45:32.101,AUCTION/USDT:USDT,10.572,4.0,10.571,18.0,10.578,21.0,10.579,165.0
1753533932155,12:45:32.155,AUCTION/USDT:USDT,10.572,4.0,10.571,18.0,10.578,21.0,10.579,165.0
1753533932336,12:45:32.336,AUCTION/USDT:USDT,10.572,4.0,10.571,18.0,10.578,21.0,10.579,165.0
1753533933610,12:45:33.610,AUCTION/USDT:USDT,10.572,4.0,10.571,18.0,10.578,21.0,10.579,165.0
1753533933960,12:45:33.960,AUCTION/USDT:USDT,10.572,4.0,10.571,18.0,10.578,21.0,10.579,165.0
1753533934926,12:45:34.926,AUCTION/USDT:USDT,10.572,4.0,10.571,18.0,10.578,21.0,10.579,165.0
1753533937178,12:45:37.178,AUCTION/USDT:USDT,10.572,4.0,10.571,18.0,10.578,21.0,10.579,165.0
1753533937614,12:45:37.614,AUCTION/USDT:USDT,10.572,4.0,10.571,18.0,10.578,21.0,10.579,165.0
1753533937699,12:45:37.699,AUCTION/USDT:USDT,10.572,4.0,10.571,18.0,10.578,21.0,10.579,165.0
1753533940494,12:45:40.494,AUCTION/USDT:USDT,10.572,4.0,10.571,18.0,10.578,21.0,10.579,165.0
1753533954981,12:45:54.981,AUCTION/USDT:USDT,10.572,4.0,10.571,18.0,10.578,21.0,10.579,165.0
1753533956586,12:45:56.586,AUCTION/USDT:USDT,10.572,4.0,10.571,18.0,10.578,21.0,10.579,165.0
1753533959003,12:45:59.003,AUCTION/USDT:USDT,10.572,4.0,10.571,18.0,10.578,21.0,10.579,165.0
1753533965837,12:46:05.837,AUCTION/USDT:USDT,10.572,4.0,10.568,188.0,10.577,18.0,10.578,3.0
1753533965895,12:46:05.895,AUCTION/USDT:USDT,10.569,22.0,10.568,188.0,10.576,3.0,10.577,18.0
1753533966156,12:46:06.156,AUCTION/USDT:USDT,10.569,22.0,10.568,188.0,10.576,3.0,10.577,18.0
1753533967342,12:46:07.342,AUCTION/USDT:USDT,10.57,18.0,10.569,4.0,10.576,3.0,10.579,165.0
1753533967446,12:46:07.446,AUCTION/USDT:USDT,10.571,4.0,10.57,18.0,10.576,1.0,10.578,3.0
1753533967460,12:46:07.460,AUCTION/USDT:USDT,10.571,4.0,10.57,18.0,10.578,21.0,10.579,165.0
1753533967798,12:46:07.798,AUCTION/USDT:USDT,10.571,4.0,10.57,18.0,10.578,21.0,10.579,165.0
1753533971678,12:46:11.678,AUCTION/USDT:USDT,10.571,22.0,10.568,188.0,10.578,21.0,10.579,165.0
1753533971830,12:46:11.830,AUCTION/USDT:USDT,10.571,22.0,10.568,188.0,10.578,21.0,10.579,165.0
1753533975003,12:46:15.003,AUCTION/USDT:USDT,10.571,22.0,10.568,188.0,10.578,21.0,10.579,165.0
1753533975562,12:46:15.562,AUCTION/USDT:USDT,10.571,22.0,10.567,469.0,10.578,21.0,10.579,165.0
1753533975686,12:46:15.686,AUCTION/USDT:USDT,10.571,22.0,10.568,188.0,10.578,21.0,10.579,165.0
1753533983524,12:46:23.524,AUCTION/USDT:USDT,10.571,22.0,10.568,188.0,10.578,21.0,10.579,165.0
1753533983941,12:46:23.941,AUCTION/USDT:USDT,10.571,22.0,10.568,188.0,10.578,21.0,10.579,165.0
1753533997584,12:46:37.584,AUCTION/USDT:USDT,10.571,22.0,10.568,188.0,10.578,3.0,10.579,165.0
1753534000634,12:46:40.634,AUCTION/USDT:USDT,10.572,17.0,10.571,4.0,10.578,3.0,10.579,165.0
1753534000743,12:46:40.743,AUCTION/USDT:USDT,10.573,4.0,10.572,17.0,10.578,3.0,10.579,165.0
1753534000820,12:46:40.820,AUCTION/USDT:USDT,10.573,4.0,10.572,17.0,10.578,3.0,10.579,165.0
1753534000884,12:46:40.884,AUCTION/USDT:USDT,10.573,4.0,10.572,17.0,10.578,3.0,10.579,165.0
1753534001004,12:46:41.004,AUCTION/USDT:USDT,10.573,4.0,10.572,17.0,10.578,3.0,10.579,165.0
1753534004233,12:46:44.233,AUCTION/USDT:USDT,10.573,4.0,10.572,17.0,10.578,3.0,10.579,165.0
1753534004524,12:46:44.524,AUCTION/USDT:USDT,10.573,4.0,10.572,17.0,10.578,3.0,10.579,165.0
1753534010748,12:46:50.748,AUCTION/USDT:USDT,10.573,4.0,10.572,17.0,10.578,3.0,10.579,165.0
1753534011707,12:46:51.707,AUCTION/USDT:USDT,10.573,4.0,10.572,17.0,10.578,3.0,10.579,165.0
1753534012714,12:46:52.714,AUCTION/USDT:USDT,10.573,4.0,10.572,17.0,10.578,3.0,10.579,165.0
1753534013739,12:46:53.739,AUCTION/USDT:USDT,10.573,4.0,10.572,17.0,10.578,3.0,10.579,165.0
1753534014729,12:46:54.729,AUCTION/USDT:USDT,10.573,4.0,10.572,17.0,10.578,3.0,10.579,165.0
1753534015748,12:46:55.748,AUCTION/USDT:USDT,10.573,4.0,10.572,17.0,10.578,3.0,10.579,165.0
1753534015814,12:46:55.814,AUCTION/USDT:USDT,10.573,4.0,10.572,17.0,10.578,3.0,10.579,165.0
1753534016725,12:46:56.725,AUCTION/USDT:USDT,10.573,4.0,10.572,17.0,10.578,3.0,10.579,165.0
1753534017738,12:46:57.738,AUCTION/USDT:USDT,10.573,4.0,10.572,17.0,10.578,3.0,10.579,165.0
1753534018756,12:46:58.756,AUCTION/USDT:USDT,10.573,4.0,10.572,17.0,10.578,3.0,10.579,165.0
1753534019747,12:46:59.747,AUCTION/USDT:USDT,10.573,4.0,10.572,17.0,10.578,3.0,10.579,165.0
1753534020737,12:47:00.737,AUCTION/USDT:USDT,10.573,4.0,10.572,17.0,10.578,3.0,10.579,165.0
1753534021594,12:47:01.594,AUCTION/USDT:USDT,10.573,4.0,10.572,17.0,10.578,3.0,10.579,165.0
1753534023707,12:47:03.707,AUCTION/USDT:USDT,10.573,4.0,10.572,17.0,10.578,3.0,10.579,165.0
1753534027394,12:47:07.394,AUCTION/USDT:USDT,10.573,4.0,10.572,17.0,10.578,3.0,10.579,165.0
1753534033194,12:47:13.194,AUCTION/USDT:USDT,10.573,4.0,10.572,17.0,10.578,3.0,10.579,165.0
1753534037481,12:47:17.481,AUCTION/USDT:USDT,10.573,4.0,10.568,376.0,10.578,3.0,10.579,165.0
1753534037642,12:47:17.642,AUCTION/USDT:USDT,10.569,21.0,10.568,188.0,10.578,20.0,10.579,165.0
1753534037657,12:47:17.657,AUCTION/USDT:USDT,10.569,21.0,10.568,188.0,10.578,20.0,10.579,165.0
1753534038008,12:47:18.008,AUCTION/USDT:USDT,10.569,21.0,10.568,188.0,10.578,20.0,10.579,165.0
1753534038065,12:47:18.065,AUCTION/USDT:USDT,10.569,21.0,10.568,188.0,10.578,20.0,10.579,165.0
1753534038994,12:47:18.994,AUCTION/USDT:USDT,10.569,21.0,10.568,188.0,10.578,20.0,10.579,165.0
1753534039290,12:47:19.290,AUCTION/USDT:USDT,10.569,21.0,10.568,188.0,10.578,20.0,10.579,165.0
1753534040768,12:47:20.768,AUCTION/USDT:USDT,10.569,21.0,10.568,188.0,10.577,17.0,10.578,3.0
1753534040858,12:47:20.858,AUCTION/USDT:USDT,10.569,21.0,10.568,188.0,10.576,3.0,10.577,17.0
1753534042815,12:47:22.815,AUCTION/USDT:USDT,10.569,21.0,10.567,469.0,10.576,20.0,10.579,165.0
1753534043589,12:47:23.589,AUCTION/USDT:USDT,10.569,21.0,10.567,469.0,10.576,20.0,10.579,165.0
1753534044934,12:47:24.934,AUCTION/USDT:USDT,10.569,21.0,10.567,469.0,10.576,20.0,10.579,165.0
1753534045006,12:47:25.006,AUCTION/USDT:USDT,10.569,21.0,10.567,469.0,10.576,20.0,10.579,165.0
1753534045735,12:47:25.735,AUCTION/USDT:USDT,10.569,21.0,10.567,469.0,10.576,20.0,10.579,165.0
