timestamp,time,symbol,bid1_price,bid1_volume,bid2_price,bid2_volume,ask1_price,ask1_volume,ask2_price,ask2_volume
1753533021000,12:30:21.000,CHESS/USDT:USDT,0.07753,76.0,0.07752,576.0,0.07771,76.0,0.07772,399.0
1753533022662,12:30:22.662,CHESS/USDT:USDT,0.07753,76.0,0.07752,576.0,0.07771,76.0,0.07772,399.0
1753533022732,12:30:22.732,CHESS/USDT:USDT,0.07753,76.0,0.07752,576.0,0.07771,76.0,0.07772,399.0
1753533025434,12:30:25.434,CHESS/USDT:USDT,0.07753,76.0,0.07752,576.0,0.07771,76.0,0.07772,399.0
1753533025697,12:30:25.697,CHESS/USDT:USDT,0.07753,76.0,0.07752,576.0,0.07771,76.0,0.07772,399.0
1753533030042,12:30:30.042,CHESS/USDT:USDT,0.07753,76.0,0.07752,576.0,0.07771,76.0,0.07772,399.0
1753533042182,12:30:42.182,CHESS/USDT:USDT,0.07753,76.0,0.07752,576.0,0.07771,76.0,0.07772,399.0
1753533042509,12:30:42.509,CHESS/USDT:USDT,0.07753,76.0,0.07752,576.0,0.07771,76.0,0.07772,399.0
1753533051583,12:30:51.583,CHESS/USDT:USDT,0.07753,76.0,0.07752,576.0,0.07771,76.0,0.07772,399.0
1753533051609,12:30:51.609,CHESS/USDT:USDT,0.07753,76.0,0.07752,576.0,0.07771,76.0,0.07772,399.0
1753533052397,12:30:52.397,CHESS/USDT:USDT,0.07753,76.0,0.07752,576.0,0.07771,76.0,0.07772,399.0
1753533059657,12:30:59.657,CHESS/USDT:USDT,0.07752,576.0,0.07751,576.0,0.07771,76.0,0.07772,399.0
1753533059729,12:30:59.729,CHESS/USDT:USDT,0.07753,78.0,0.07752,576.0,0.0777,78.0,0.07771,922.0
1753533059975,12:30:59.975,CHESS/USDT:USDT,0.07753,78.0,0.07752,576.0,0.07768,78.0,0.07769,402.0
1753533059994,12:30:59.994,CHESS/USDT:USDT,0.07753,78.0,0.07752,576.0,0.07768,78.0,0.07769,402.0
1753533060241,12:31:00.241,CHESS/USDT:USDT,0.07753,78.0,0.07752,576.0,0.07768,78.0,0.07769,402.0
1753533060424,12:31:00.424,CHESS/USDT:USDT,0.07753,78.0,0.07752,576.0,0.07768,78.0,0.07769,402.0
1753533061534,12:31:01.534,CHESS/USDT:USDT,0.07752,576.0,0.07751,576.0,0.07768,78.0,0.07769,402.0
1753533061683,12:31:01.683,CHESS/USDT:USDT,0.07753,78.0,0.07752,576.0,0.07768,78.0,0.07769,402.0
1753533062991,12:31:02.991,CHESS/USDT:USDT,0.07753,78.0,0.07752,576.0,0.07768,78.0,0.07769,402.0
1753533063471,12:31:03.471,CHESS/USDT:USDT,0.07753,78.0,0.07752,576.0,0.07768,78.0,0.07769,402.0
1753533065758,12:31:05.758,CHESS/USDT:USDT,0.07753,78.0,0.07752,576.0,0.07768,78.0,0.07769,402.0
1753533070208,12:31:10.208,CHESS/USDT:USDT,0.07753,78.0,0.07752,576.0,0.07768,78.0,0.07769,402.0
1753533071185,12:31:11.185,CHESS/USDT:USDT,0.07753,78.0,0.07752,576.0,0.07768,78.0,0.07769,402.0
1753533071196,12:31:11.196,CHESS/USDT:USDT,0.07753,78.0,0.07752,576.0,0.07768,78.0,0.07769,402.0
1753533072174,12:31:12.174,CHESS/USDT:USDT,0.07753,78.0,0.07752,576.0,0.07768,78.0,0.07769,402.0
1753533072209,12:31:12.209,CHESS/USDT:USDT,0.07753,78.0,0.07752,576.0,0.07768,78.0,0.07769,402.0
1753533072539,12:31:12.539,CHESS/USDT:USDT,0.07753,78.0,0.07752,576.0,0.07768,78.0,0.07769,402.0
1753533072623,12:31:12.623,CHESS/USDT:USDT,0.07753,78.0,0.07752,576.0,0.07768,78.0,0.07769,402.0
1753533125284,12:32:05.284,CHESS/USDT:USDT,0.07753,78.0,0.07752,576.0,0.07768,78.0,0.07769,402.0
1753533125300,12:32:05.300,CHESS/USDT:USDT,0.07753,78.0,0.07752,576.0,0.07768,78.0,0.07769,402.0
1753533126237,12:32:06.237,CHESS/USDT:USDT,0.07753,78.0,0.07752,576.0,0.07768,78.0,0.07769,402.0
1753533127824,12:32:07.824,CHESS/USDT:USDT,0.07753,78.0,0.07752,576.0,0.07768,78.0,0.07769,402.0
1753533129323,12:32:09.323,CHESS/USDT:USDT,0.07753,78.0,0.07752,576.0,0.07768,78.0,0.07769,402.0
1753533147108,12:32:27.108,CHESS/USDT:USDT,0.07753,78.0,0.07752,576.0,0.07768,78.0,0.07769,402.0
1753533147979,12:32:27.979,CHESS/USDT:USDT,0.07753,78.0,0.07752,576.0,0.07768,78.0,0.07769,402.0
1753533208045,12:33:28.045,CHESS/USDT:USDT,0.07753,78.0,0.07752,576.0,0.07768,78.0,0.07769,402.0
1753533208167,12:33:28.167,CHESS/USDT:USDT,0.07753,78.0,0.07752,576.0,0.07768,78.0,0.07769,402.0
1753533208283,12:33:28.283,CHESS/USDT:USDT,0.07753,78.0,0.07752,576.0,0.07768,78.0,0.07769,402.0
1753533222274,12:33:42.274,CHESS/USDT:USDT,0.07753,78.0,0.07752,576.0,0.07768,78.0,0.07769,402.0
1753533224235,12:33:44.235,CHESS/USDT:USDT,0.07753,78.0,0.07752,576.0,0.07768,78.0,0.07769,402.0
1753533228534,12:33:48.534,CHESS/USDT:USDT,0.07753,78.0,0.07752,576.0,0.07768,78.0,0.07769,402.0
1753533236254,12:33:56.254,CHESS/USDT:USDT,0.07753,78.0,0.07752,576.0,0.07768,78.0,0.07769,402.0
1753533237652,12:33:57.652,CHESS/USDT:USDT,0.07753,78.0,0.07752,576.0,0.07768,78.0,0.07769,402.0
1753533238329,12:33:58.329,CHESS/USDT:USDT,0.07753,78.0,0.07752,576.0,0.07768,78.0,0.07769,402.0
1753533238462,12:33:58.462,CHESS/USDT:USDT,0.07753,78.0,0.07752,576.0,0.07768,78.0,0.07769,402.0
1753533243705,12:34:03.705,CHESS/USDT:USDT,0.07753,78.0,0.07752,576.0,0.07768,78.0,0.07769,402.0
1753533244884,12:34:04.884,CHESS/USDT:USDT,0.07753,78.0,0.07752,576.0,0.07768,78.0,0.07769,402.0
1753533245254,12:34:05.254,CHESS/USDT:USDT,0.07753,78.0,0.07752,576.0,0.07768,78.0,0.07769,402.0
1753533246229,12:34:06.229,CHESS/USDT:USDT,0.07753,78.0,0.07752,576.0,0.07768,78.0,0.07769,402.0
1753533247209,12:34:07.209,CHESS/USDT:USDT,0.07753,78.0,0.07752,576.0,0.07768,78.0,0.07769,402.0
1753533248190,12:34:08.190,CHESS/USDT:USDT,0.07753,78.0,0.07752,576.0,0.07768,78.0,0.07769,402.0
1753533251022,12:34:11.022,CHESS/USDT:USDT,0.07753,78.0,0.07752,576.0,0.07768,78.0,0.07769,402.0
1753533287762,12:34:47.762,CHESS/USDT:USDT,0.07753,78.0,0.07752,576.0,0.07768,78.0,0.07769,402.0
1753533287795,12:34:47.795,CHESS/USDT:USDT,0.07753,78.0,0.07752,576.0,0.07768,78.0,0.07769,402.0
1753533288155,12:34:48.155,CHESS/USDT:USDT,0.07753,78.0,0.07752,576.0,0.07768,78.0,0.07769,402.0
1753533297427,12:34:57.427,CHESS/USDT:USDT,0.07753,78.0,0.07752,576.0,0.07768,78.0,0.07769,402.0
1753533297633,12:34:57.633,CHESS/USDT:USDT,0.07753,78.0,0.07752,576.0,0.07768,78.0,0.07769,402.0
1753533298661,12:34:58.661,CHESS/USDT:USDT,0.07753,78.0,0.07752,576.0,0.07768,78.0,0.07769,402.0
1753533300510,12:35:00.510,CHESS/USDT:USDT,0.07753,78.0,0.07752,576.0,0.07768,78.0,0.07769,402.0
1753533302606,12:35:02.606,CHESS/USDT:USDT,0.07753,78.0,0.07752,576.0,0.07768,78.0,0.07769,402.0
1753533303183,12:35:03.183,CHESS/USDT:USDT,0.07753,78.0,0.07752,576.0,0.07768,78.0,0.07769,402.0
1753533305439,12:35:05.439,CHESS/USDT:USDT,0.07753,78.0,0.07752,576.0,0.07768,78.0,0.07769,402.0
1753533305826,12:35:05.826,CHESS/USDT:USDT,0.07753,78.0,0.07752,576.0,0.07768,78.0,0.07769,402.0
1753533335686,12:35:35.686,CHESS/USDT:USDT,0.07753,78.0,0.07752,576.0,0.07768,78.0,0.07769,402.0
1753533335817,12:35:35.817,CHESS/USDT:USDT,0.07753,78.0,0.07752,576.0,0.07768,78.0,0.07769,402.0
1753533338504,12:35:38.504,CHESS/USDT:USDT,0.07753,78.0,0.07752,576.0,0.07768,78.0,0.07769,402.0
1753533339165,12:35:39.165,CHESS/USDT:USDT,0.07753,78.0,0.07752,576.0,0.07768,78.0,0.07769,402.0
1753533341088,12:35:41.088,CHESS/USDT:USDT,0.07753,78.0,0.07752,576.0,0.07769,402.0,0.07772,75.0
1753533341189,12:35:41.189,CHESS/USDT:USDT,0.07753,78.0,0.07752,576.0,0.07771,76.0,0.07772,399.0
1753533341289,12:35:41.289,CHESS/USDT:USDT,0.07754,76.0,0.07753,78.0,0.07771,76.0,0.07772,399.0
1753533341362,12:35:41.362,CHESS/USDT:USDT,0.07753,78.0,0.07752,576.0,0.07771,76.0,0.07772,399.0
1753533341579,12:35:41.579,CHESS/USDT:USDT,0.07754,76.0,0.07753,78.0,0.07771,76.0,0.07772,399.0
1753533341664,12:35:41.664,CHESS/USDT:USDT,0.07753,78.0,0.07752,576.0,0.07771,76.0,0.07772,399.0
1753533341771,12:35:41.771,CHESS/USDT:USDT,0.07753,237.0,0.07752,576.0,0.07771,76.0,0.07772,399.0
1753533341875,12:35:41.875,CHESS/USDT:USDT,0.07754,76.0,0.07753,207.0,0.07771,76.0,0.07772,399.0
1753533341947,12:35:41.947,CHESS/USDT:USDT,0.07753,78.0,0.07752,576.0,0.07771,76.0,0.07772,399.0
1753533342167,12:35:42.167,CHESS/USDT:USDT,0.07754,76.0,0.07753,707.0,0.07771,76.0,0.07772,399.0
1753533342239,12:35:42.239,CHESS/USDT:USDT,0.07754,76.0,0.07753,578.0,0.07771,76.0,0.07772,399.0
1753533342292,12:35:42.292,CHESS/USDT:USDT,0.07754,76.0,0.07753,578.0,0.07771,76.0,0.07772,399.0
1753533342465,12:35:42.465,CHESS/USDT:USDT,0.07754,76.0,0.07753,578.0,0.07771,76.0,0.07772,399.0
1753533343120,12:35:43.120,CHESS/USDT:USDT,0.07754,76.0,0.07753,578.0,0.07771,76.0,0.07772,399.0
1753533345298,12:35:45.298,CHESS/USDT:USDT,0.07755,76.0,0.07754,1366.0,0.07771,76.0,0.07772,399.0
1753533345471,12:35:45.471,CHESS/USDT:USDT,0.07755,76.0,0.07754,1366.0,0.07771,76.0,0.07772,399.0
1753533345562,12:35:45.562,CHESS/USDT:USDT,0.07755,76.0,0.07754,1366.0,0.07771,76.0,0.07772,399.0
1753533345932,12:35:45.932,CHESS/USDT:USDT,0.07755,76.0,0.07754,1366.0,0.07771,76.0,0.07772,399.0
1753533346574,12:35:46.574,CHESS/USDT:USDT,0.07756,76.0,0.07755,76.0,0.07771,76.0,0.07772,399.0
1753533346747,12:35:46.747,CHESS/USDT:USDT,0.07755,76.0,0.07754,1366.0,0.07771,76.0,0.07772,399.0
1753533346986,12:35:46.986,CHESS/USDT:USDT,0.07755,76.0,0.07754,1366.0,0.07771,76.0,0.07772,399.0
1753533347707,12:35:47.707,CHESS/USDT:USDT,0.07755,76.0,0.07754,1366.0,0.07771,76.0,0.07772,399.0
1753533348342,12:35:48.342,CHESS/USDT:USDT,0.07755,76.0,0.07754,1366.0,0.07771,76.0,0.07772,399.0
1753533350519,12:35:50.519,CHESS/USDT:USDT,0.07754,76.0,0.07753,578.0,0.07771,76.0,0.07772,399.0
1753533350778,12:35:50.778,CHESS/USDT:USDT,0.07754,76.0,0.07753,578.0,0.07771,76.0,0.07772,399.0
1753533351097,12:35:51.097,CHESS/USDT:USDT,0.07755,78.0,0.07754,1096.0,0.07771,76.0,0.07772,399.0
1753533351448,12:35:51.448,CHESS/USDT:USDT,0.07755,78.0,0.07754,2116.0,0.07771,76.0,0.07772,399.0
1753533351997,12:35:51.997,CHESS/USDT:USDT,0.07755,78.0,0.07754,2116.0,0.07771,76.0,0.07772,399.0
1753533354085,12:35:54.085,CHESS/USDT:USDT,0.07756,78.0,0.07755,2047.0,0.07771,76.0,0.07772,399.0
1753533354106,12:35:54.106,CHESS/USDT:USDT,0.07756,78.0,0.07755,1027.0,0.07771,76.0,0.07772,399.0
1753533354818,12:35:54.818,CHESS/USDT:USDT,0.07756,78.0,0.07755,1027.0,0.07771,76.0,0.07772,399.0
1753533355159,12:35:55.159,CHESS/USDT:USDT,0.07756,78.0,0.07755,1027.0,0.07771,76.0,0.07772,399.0
1753533355230,12:35:55.230,CHESS/USDT:USDT,0.07756,78.0,0.07755,1027.0,0.07771,76.0,0.07772,399.0
1753533356558,12:35:56.558,CHESS/USDT:USDT,0.07757,78.0,0.07756,78.0,0.07771,76.0,0.07772,399.0
1753533356699,12:35:56.699,CHESS/USDT:USDT,0.07756,2040.0,0.07755,78.0,0.07771,76.0,0.07772,399.0
1753533356880,12:35:56.880,CHESS/USDT:USDT,0.07757,78.0,0.07756,1020.0,0.07771,76.0,0.07772,399.0
1753533356985,12:35:56.985,CHESS/USDT:USDT,0.07757,78.0,0.07756,1020.0,0.07771,76.0,0.07772,399.0
1753533357666,12:35:57.666,CHESS/USDT:USDT,0.07757,78.0,0.07756,1020.0,0.07771,76.0,0.07772,399.0
1753533359890,12:35:59.890,CHESS/USDT:USDT,0.07757,78.0,0.07756,1020.0,0.07771,76.0,0.07772,399.0
1753533359930,12:35:59.930,CHESS/USDT:USDT,0.07757,78.0,0.07756,1020.0,0.07771,76.0,0.07772,399.0
1753533360115,12:36:00.115,CHESS/USDT:USDT,0.07754,76.0,0.07753,578.0,0.07771,76.0,0.07772,399.0
1753533360889,12:36:00.889,CHESS/USDT:USDT,0.07754,76.0,0.07753,578.0,0.07771,76.0,0.07772,399.0
1753533360987,12:36:00.987,CHESS/USDT:USDT,0.07755,77.0,0.07754,1180.0,0.07771,76.0,0.07772,399.0
1753533361467,12:36:01.467,CHESS/USDT:USDT,0.07756,77.0,0.07755,1184.0,0.07771,76.0,0.07772,399.0
1753533361721,12:36:01.721,CHESS/USDT:USDT,0.07756,77.0,0.07755,1184.0,0.07771,76.0,0.07772,399.0
1753533361954,12:36:01.954,CHESS/USDT:USDT,0.07757,77.0,0.07756,3476.0,0.07771,76.0,0.07772,399.0
1753533362022,12:36:02.022,CHESS/USDT:USDT,0.07757,77.0,0.07756,1208.0,0.07771,76.0,0.07772,399.0
1753533362126,12:36:02.126,CHESS/USDT:USDT,0.07757,77.0,0.07756,1208.0,0.07771,76.0,0.07772,399.0
1753533362522,12:36:02.522,CHESS/USDT:USDT,0.07758,77.0,0.07757,1249.0,0.07771,76.0,0.07772,399.0
1753533362680,12:36:02.680,CHESS/USDT:USDT,0.07756,77.0,0.07755,1184.0,0.07771,76.0,0.07772,399.0
1753533362991,12:36:02.991,CHESS/USDT:USDT,0.07756,1208.0,0.07755,1184.0,0.07771,76.0,0.07772,399.0
1753533363084,12:36:03.084,CHESS/USDT:USDT,0.07757,77.0,0.07756,1208.0,0.07771,76.0,0.07772,399.0
1753533363173,12:36:03.173,CHESS/USDT:USDT,0.07757,77.0,0.07756,2410.0,0.07771,76.0,0.07772,399.0
1753533363260,12:36:03.260,CHESS/USDT:USDT,0.07757,2570.0,0.07756,77.0,0.07771,76.0,0.07772,399.0
1753533363343,12:36:03.343,CHESS/USDT:USDT,0.07758,77.0,0.07757,77.0,0.07771,76.0,0.07772,399.0
1753533363457,12:36:03.457,CHESS/USDT:USDT,0.07757,1329.0,0.07756,77.0,0.07771,76.0,0.07772,399.0
1753533363615,12:36:03.615,CHESS/USDT:USDT,0.07758,77.0,0.07756,77.0,0.07771,76.0,0.07772,399.0
1753533363777,12:36:03.777,CHESS/USDT:USDT,0.07757,77.0,0.07756,2410.0,0.07771,76.0,0.07772,399.0
1753533365582,12:36:05.582,CHESS/USDT:USDT,0.07756,2493.0,0.07755,77.0,0.07771,76.0,0.07772,399.0
1753533365742,12:36:05.742,CHESS/USDT:USDT,0.07757,77.0,0.07755,77.0,0.07771,76.0,0.07772,399.0
1753533365888,12:36:05.888,CHESS/USDT:USDT,0.07755,77.0,0.07754,76.0,0.07771,76.0,0.07772,399.0
1753533365895,12:36:05.895,CHESS/USDT:USDT,0.07755,2370.0,0.07754,76.0,0.07771,76.0,0.07772,399.0
1753533366081,12:36:06.081,CHESS/USDT:USDT,0.07757,77.0,0.07756,77.0,0.07771,76.0,0.07772,399.0
1753533366260,12:36:06.260,CHESS/USDT:USDT,0.07757,77.0,0.07756,1462.0,0.07771,76.0,0.07772,399.0
1753533367248,12:36:07.248,CHESS/USDT:USDT,0.07758,77.0,0.07757,1270.0,0.07771,76.0,0.07772,399.0
1753533367812,12:36:07.812,CHESS/USDT:USDT,0.07758,77.0,0.07757,1270.0,0.07771,76.0,0.07772,399.0
1753533368159,12:36:08.159,CHESS/USDT:USDT,0.07758,77.0,0.07757,1270.0,0.07771,76.0,0.07772,399.0
1753533368203,12:36:08.203,CHESS/USDT:USDT,0.07758,77.0,0.07757,1270.0,0.07771,76.0,0.07772,399.0
1753533369031,12:36:09.031,CHESS/USDT:USDT,0.07758,77.0,0.07757,1270.0,0.07771,76.0,0.07772,399.0
1753533369204,12:36:09.204,CHESS/USDT:USDT,0.07758,77.0,0.07757,1270.0,0.07771,76.0,0.07772,399.0
1753533370209,12:36:10.209,CHESS/USDT:USDT,0.07758,77.0,0.07757,1270.0,0.07771,76.0,0.07772,399.0
1753533370877,12:36:10.877,CHESS/USDT:USDT,0.07758,1020.0,0.07757,77.0,0.07771,76.0,0.07772,399.0
1753533370935,12:36:10.935,CHESS/USDT:USDT,0.07758,1020.0,0.07754,76.0,0.07771,76.0,0.07772,399.0
1753533371036,12:36:11.036,CHESS/USDT:USDT,0.07759,75.0,0.07754,76.0,0.07771,76.0,0.07772,399.0
1753533371188,12:36:11.188,CHESS/USDT:USDT,0.07754,76.0,0.07753,578.0,0.07771,76.0,0.07772,399.0
1753533371872,12:36:11.872,CHESS/USDT:USDT,0.07754,76.0,0.07753,578.0,0.07771,76.0,0.07772,399.0
1753533372115,12:36:12.115,CHESS/USDT:USDT,0.07755,75.0,0.07754,4160.0,0.07771,76.0,0.07772,399.0
1753533372688,12:36:12.688,CHESS/USDT:USDT,0.07755,75.0,0.07754,4160.0,0.07771,76.0,0.07772,399.0
1753533373919,12:36:13.919,CHESS/USDT:USDT,0.07756,75.0,0.07755,2117.0,0.07771,76.0,0.07772,399.0
1753533374340,12:36:14.340,CHESS/USDT:USDT,0.07757,75.0,0.07756,1095.0,0.07771,76.0,0.07772,399.0
1753533374719,12:36:14.719,CHESS/USDT:USDT,0.07757,75.0,0.07756,1095.0,0.07771,76.0,0.07772,399.0
1753533375127,12:36:15.127,CHESS/USDT:USDT,0.07757,75.0,0.07756,1095.0,0.07771,76.0,0.07772,399.0
1753533375534,12:36:15.534,CHESS/USDT:USDT,0.07757,75.0,0.07756,1095.0,0.07771,76.0,0.07772,399.0
1753533378087,12:36:18.087,CHESS/USDT:USDT,0.07757,75.0,0.07756,75.0,0.07771,76.0,0.07772,399.0
1753533378123,12:36:18.123,CHESS/USDT:USDT,0.07755,1215.0,0.07754,76.0,0.07771,76.0,0.07772,399.0
1753533378338,12:36:18.338,CHESS/USDT:USDT,0.07758,75.0,0.07757,1295.0,0.07771,76.0,0.07772,399.0
1753533379710,12:36:19.710,CHESS/USDT:USDT,0.07758,75.0,0.07757,1295.0,0.07771,76.0,0.07772,399.0
1753533380778,12:36:20.778,CHESS/USDT:USDT,0.07758,75.0,0.07757,1295.0,0.07771,76.0,0.07772,399.0
1753533381973,12:36:21.973,CHESS/USDT:USDT,0.07755,75.0,0.07754,3653.0,0.07771,76.0,0.07772,399.0
1753533382031,12:36:22.031,CHESS/USDT:USDT,0.07756,75.0,0.07755,1165.0,0.07771,76.0,0.07772,399.0
1753533382182,12:36:22.182,CHESS/USDT:USDT,0.07757,75.0,0.07756,2460.0,0.07771,76.0,0.07772,399.0
1753533382859,12:36:22.859,CHESS/USDT:USDT,0.07757,75.0,0.07756,2460.0,0.07771,76.0,0.07772,399.0
1753533385877,12:36:25.877,CHESS/USDT:USDT,0.07757,75.0,0.07756,75.0,0.07771,76.0,0.07772,399.0
1753533385940,12:36:25.940,CHESS/USDT:USDT,0.07755,1512.0,0.07754,3872.0,0.07771,76.0,0.07772,399.0
1753533386072,12:36:26.072,CHESS/USDT:USDT,0.07756,75.0,0.07755,4213.0,0.07771,76.0,0.07772,399.0
1753533386907,12:36:26.907,CHESS/USDT:USDT,0.07756,75.0,0.07755,4213.0,0.07771,76.0,0.07772,399.0
1753533387190,12:36:27.190,CHESS/USDT:USDT,0.07756,75.0,0.07755,1339.0,0.07771,76.0,0.07772,399.0
1753533387214,12:36:27.214,CHESS/USDT:USDT,0.07757,75.0,0.07756,774.0,0.07771,76.0,0.07772,399.0
1753533387322,12:36:27.322,CHESS/USDT:USDT,0.07757,75.0,0.07756,774.0,0.07771,76.0,0.07772,399.0
1753533389074,12:36:29.074,CHESS/USDT:USDT,0.07759,75.0,0.07758,1603.0,0.07771,76.0,0.07772,399.0
1753533389134,12:36:29.134,CHESS/USDT:USDT,0.07759,75.0,0.07758,839.0,0.07771,76.0,0.07772,399.0
1753533389745,12:36:29.745,CHESS/USDT:USDT,0.07759,75.0,0.07758,839.0,0.07771,76.0,0.07772,399.0
1753533390199,12:36:30.199,CHESS/USDT:USDT,0.07759,75.0,0.07758,839.0,0.07772,399.0,0.07773,575.0
1753533390559,12:36:30.559,CHESS/USDT:USDT,0.07759,75.0,0.07758,839.0,0.07772,399.0,0.07773,575.0
1753533390632,12:36:30.632,CHESS/USDT:USDT,0.07759,75.0,0.07758,839.0,0.07771,77.0,0.07772,399.0
1753533390740,12:36:30.740,CHESS/USDT:USDT,0.07759,75.0,0.07758,839.0,0.07772,399.0,0.07773,575.0
1753533391307,12:36:31.307,CHESS/USDT:USDT,0.07759,75.0,0.07758,839.0,0.07772,399.0,0.07773,575.0
1753533391773,12:36:31.773,CHESS/USDT:USDT,0.07759,75.0,0.07758,839.0,0.07772,399.0,0.07773,575.0
1753533392181,12:36:32.181,CHESS/USDT:USDT,0.07758,1932.0,0.07756,75.0,0.07771,77.0,0.07772,399.0
1753533392270,12:36:32.270,CHESS/USDT:USDT,0.07758,1932.0,0.07756,75.0,0.07771,77.0,0.07772,399.0
1753533392333,12:36:32.333,CHESS/USDT:USDT,0.07759,77.0,0.07758,644.0,0.07771,77.0,0.07772,399.0
1753533393007,12:36:33.007,CHESS/USDT:USDT,0.07759,77.0,0.07758,644.0,0.07771,77.0,0.07772,399.0
1753533394122,12:36:34.122,CHESS/USDT:USDT,0.07759,77.0,0.07758,644.0,0.07771,77.0,0.07772,399.0
1753533395476,12:36:35.476,CHESS/USDT:USDT,0.07759,644.0,0.07755,75.0,0.07771,77.0,0.07772,399.0
1753533395529,12:36:35.529,CHESS/USDT:USDT,0.07759,1288.0,0.07755,75.0,0.07771,77.0,0.07772,399.0
1753533395630,12:36:35.630,CHESS/USDT:USDT,0.0776,77.0,0.07759,644.0,0.07772,399.0,0.07773,575.0
1753533395845,12:36:35.845,CHESS/USDT:USDT,0.0776,77.0,0.07759,644.0,0.07772,399.0,0.07773,575.0
1753533396214,12:36:36.214,CHESS/USDT:USDT,0.0776,77.0,0.07759,644.0,0.07771,77.0,0.07772,399.0
1753533396945,12:36:36.945,CHESS/USDT:USDT,0.0776,77.0,0.07759,644.0,0.07771,77.0,0.07772,399.0
1753533397075,12:36:37.075,CHESS/USDT:USDT,0.0776,77.0,0.07759,644.0,0.07771,77.0,0.07772,399.0
1753533397897,12:36:37.897,CHESS/USDT:USDT,0.0776,77.0,0.07759,644.0,0.07771,77.0,0.07772,399.0
1753533398483,12:36:38.483,CHESS/USDT:USDT,0.0776,77.0,0.07754,76.0,0.07771,77.0,0.07772,399.0
1753533398494,12:36:38.494,CHESS/USDT:USDT,0.07754,76.0,0.07753,578.0,0.07771,77.0,0.07772,399.0
1753533398969,12:36:38.969,CHESS/USDT:USDT,0.07755,77.0,0.07754,4591.0,0.07771,77.0,0.07772,399.0
1753533399111,12:36:39.111,CHESS/USDT:USDT,0.07755,77.0,0.07754,4591.0,0.07771,77.0,0.07772,399.0
1753533399582,12:36:39.582,CHESS/USDT:USDT,0.07755,77.0,0.07754,4591.0,0.07771,77.0,0.07772,399.0
1753533399597,12:36:39.597,CHESS/USDT:USDT,0.07755,77.0,0.07754,4591.0,0.07771,77.0,0.07772,399.0
1753533399886,12:36:39.886,CHESS/USDT:USDT,0.07755,263.0,0.07754,4591.0,0.07771,77.0,0.07772,399.0
1753533399925,12:36:39.925,CHESS/USDT:USDT,0.07756,76.0,0.07755,77.0,0.07771,77.0,0.07772,399.0
1753533400043,12:36:40.043,CHESS/USDT:USDT,0.07755,77.0,0.07754,4591.0,0.07771,77.0,0.07772,399.0
1753533400420,12:36:40.420,CHESS/USDT:USDT,0.07756,76.0,0.07755,77.0,0.07771,77.0,0.07772,399.0
1753533400522,12:36:40.522,CHESS/USDT:USDT,0.07757,76.0,0.07756,76.0,0.07772,399.0,0.07773,575.0
1753533400665,12:36:40.665,CHESS/USDT:USDT,0.07755,77.0,0.07754,4591.0,0.07772,399.0,0.07773,575.0
1753533400745,12:36:40.745,CHESS/USDT:USDT,0.07755,77.0,0.07754,4591.0,0.07772,399.0,0.07773,575.0
1753533400963,12:36:40.963,CHESS/USDT:USDT,0.07756,76.0,0.07755,458.0,0.07772,399.0,0.07773,575.0
1753533401058,12:36:41.058,CHESS/USDT:USDT,0.07756,76.0,0.07755,77.0,0.07772,399.0,0.07773,575.0
1753533401186,12:36:41.186,CHESS/USDT:USDT,0.07756,576.0,0.07755,77.0,0.07773,75.0,0.07774,6.0
1753533401284,12:36:41.284,CHESS/USDT:USDT,0.07758,76.0,0.07757,3394.0,0.07773,75.0,0.07774,6.0
1753533401304,12:36:41.304,CHESS/USDT:USDT,0.07758,76.0,0.07757,2839.0,0.07773,75.0,0.07774,6.0
1753533401435,12:36:41.435,CHESS/USDT:USDT,0.07758,76.0,0.07757,2839.0,0.07773,76.0,0.07774,6.0
1753533401972,12:36:41.972,CHESS/USDT:USDT,0.07758,76.0,0.07757,2839.0,0.07773,76.0,0.07774,6.0
1753533402090,12:36:42.090,CHESS/USDT:USDT,0.07758,1010.0,0.07757,2839.0,0.07773,76.0,0.07774,6.0
1753533402190,12:36:42.190,CHESS/USDT:USDT,0.07759,1957.0,0.07758,1010.0,0.07773,76.0,0.07774,6.0
1753533402268,12:36:42.268,CHESS/USDT:USDT,0.07761,76.0,0.0776,76.0,0.07773,76.0,0.07774,6.0
1753533402451,12:36:42.451,CHESS/USDT:USDT,0.07759,76.0,0.07758,1017.0,0.07773,76.0,0.07774,6.0
1753533402572,12:36:42.572,CHESS/USDT:USDT,0.0776,76.0,0.07759,1957.0,0.07773,76.0,0.07774,6.0
1753533402648,12:36:42.648,CHESS/USDT:USDT,0.07761,76.0,0.0776,76.0,0.07773,76.0,0.07774,6.0
1753533402766,12:36:42.766,CHESS/USDT:USDT,0.0776,76.0,0.07759,1017.0,0.07773,76.0,0.07774,6.0
1753533402798,12:36:42.798,CHESS/USDT:USDT,0.0776,76.0,0.07759,1017.0,0.07773,76.0,0.07774,6.0
1753533403456,12:36:43.456,CHESS/USDT:USDT,0.0776,76.0,0.07759,1017.0,0.07773,76.0,0.07774,6.0
1753533404018,12:36:44.018,CHESS/USDT:USDT,0.0776,76.0,0.07759,1017.0,0.07773,76.0,0.07774,6.0
1753533405502,12:36:45.502,CHESS/USDT:USDT,0.0776,76.0,0.07759,1017.0,0.07773,76.0,0.07774,6.0
1753533405758,12:36:45.758,CHESS/USDT:USDT,0.07758,76.0,0.07757,2839.0,0.07773,76.0,0.07774,6.0
1753533405825,12:36:45.825,CHESS/USDT:USDT,0.07759,4802.0,0.07758,1983.0,0.07773,76.0,0.07774,6.0
1753533405911,12:36:45.911,CHESS/USDT:USDT,0.0776,76.0,0.07759,1010.0,0.07773,76.0,0.07774,6.0
1753533406411,12:36:46.411,CHESS/USDT:USDT,0.0776,76.0,0.07759,1010.0,0.07773,76.0,0.07774,6.0
1753533407750,12:36:47.750,CHESS/USDT:USDT,0.0776,76.0,0.07759,1010.0,0.07773,76.0,0.07774,6.0
1753533408055,12:36:48.055,CHESS/USDT:USDT,0.0776,76.0,0.07759,1010.0,0.07773,76.0,0.07774,6.0
1753533408384,12:36:48.384,CHESS/USDT:USDT,0.0776,76.0,0.07759,1010.0,0.07773,76.0,0.07774,6.0
1753533408484,12:36:48.484,CHESS/USDT:USDT,0.07761,76.0,0.0776,76.0,0.07773,76.0,0.07774,6.0
1753533408581,12:36:48.581,CHESS/USDT:USDT,0.07759,76.0,0.07758,1030.0,0.07773,76.0,0.07774,6.0
1753533408881,12:36:48.881,CHESS/USDT:USDT,0.07759,76.0,0.07758,1030.0,0.07773,76.0,0.07774,6.0
1753533408931,12:36:48.931,CHESS/USDT:USDT,0.0776,76.0,0.07759,720.0,0.07773,76.0,0.07774,6.0
1753533409042,12:36:49.042,CHESS/USDT:USDT,0.07761,76.0,0.0776,76.0,0.07773,76.0,0.07774,6.0
1753533409189,12:36:49.189,CHESS/USDT:USDT,0.0776,76.0,0.07759,76.0,0.07773,76.0,0.07774,6.0
1753533409207,12:36:49.207,CHESS/USDT:USDT,0.07759,649.0,0.07758,76.0,0.07773,76.0,0.07774,6.0
1753533409369,12:36:49.369,CHESS/USDT:USDT,0.0776,76.0,0.07758,76.0,0.07773,76.0,0.07774,6.0
1753533409522,12:36:49.522,CHESS/USDT:USDT,0.07758,1794.0,0.07757,76.0,0.07773,76.0,0.07774,6.0
1753533409683,12:36:49.683,CHESS/USDT:USDT,0.07759,75.0,0.07757,76.0,0.07773,76.0,0.07774,6.0
1753533409835,12:36:49.835,CHESS/USDT:USDT,0.07757,2443.0,0.07754,76.0,0.07773,76.0,0.07774,6.0
1753533409989,12:36:49.989,CHESS/USDT:USDT,0.07758,973.0,0.07757,2443.0,0.07773,76.0,0.07774,6.0
1753533410020,12:36:50.020,CHESS/USDT:USDT,0.0776,75.0,0.07759,75.0,0.07773,76.0,0.07774,6.0
1753533410164,12:36:50.164,CHESS/USDT:USDT,0.07761,75.0,0.0776,958.0,0.07773,76.0,0.07774,6.0
1753533410378,12:36:50.378,CHESS/USDT:USDT,0.07759,75.0,0.07758,973.0,0.07773,76.0,0.07774,6.0
1753533410889,12:36:50.889,CHESS/USDT:USDT,0.0776,883.0,0.07759,75.0,0.07773,76.0,0.07774,6.0
1753533410944,12:36:50.944,CHESS/USDT:USDT,0.07761,75.0,0.07759,75.0,0.07773,76.0,0.07774,6.0
1753533411054,12:36:51.054,CHESS/USDT:USDT,0.0776,75.0,0.07759,2854.0,0.07773,76.0,0.07774,6.0
1753533411170,12:36:51.170,CHESS/USDT:USDT,0.0776,75.0,0.07759,75.0,0.07773,76.0,0.07774,6.0
1753533411238,12:36:51.238,CHESS/USDT:USDT,0.0776,75.0,0.07759,1884.0,0.07773,76.0,0.07774,6.0
1753533411754,12:36:51.754,CHESS/USDT:USDT,0.0776,75.0,0.07759,1884.0,0.07773,76.0,0.07774,6.0
1753533411933,12:36:51.933,CHESS/USDT:USDT,0.0776,75.0,0.07759,1884.0,0.07773,76.0,0.07774,6.0
1753533413033,12:36:53.033,CHESS/USDT:USDT,0.0776,75.0,0.07759,1884.0,0.07773,76.0,0.07774,6.0
1753533414088,12:36:54.088,CHESS/USDT:USDT,0.07761,75.0,0.0776,1045.0,0.07773,76.0,0.07774,6.0
1753533414152,12:36:54.152,CHESS/USDT:USDT,0.07761,75.0,0.0776,1045.0,0.07773,76.0,0.07774,6.0
1753533415380,12:36:55.380,CHESS/USDT:USDT,0.07756,2738.0,0.07755,575.0,0.07773,76.0,0.07774,6.0
1753533415458,12:36:55.458,CHESS/USDT:USDT,0.07758,75.0,0.07757,575.0,0.07773,76.0,0.07774,6.0
1753533415499,12:36:55.499,CHESS/USDT:USDT,0.07758,75.0,0.07757,575.0,0.07773,76.0,0.07774,6.0
1753533415783,12:36:55.783,CHESS/USDT:USDT,0.07758,75.0,0.07757,575.0,0.07773,76.0,0.07774,6.0
1753533416467,12:36:56.467,CHESS/USDT:USDT,0.07759,75.0,0.07758,719.0,0.07773,76.0,0.07774,6.0
1753533416529,12:36:56.529,CHESS/USDT:USDT,0.0776,75.0,0.07759,719.0,0.07773,76.0,0.07774,6.0
1753533417038,12:36:57.038,CHESS/USDT:USDT,0.07758,75.0,0.07757,575.0,0.07773,76.0,0.07774,6.0
1753533417860,12:36:57.860,CHESS/USDT:USDT,0.07759,75.0,0.07758,75.0,0.07773,76.0,0.07774,6.0
1753533418006,12:36:58.006,CHESS/USDT:USDT,0.07758,75.0,0.07757,575.0,0.07773,76.0,0.07774,6.0
1753533418252,12:36:58.252,CHESS/USDT:USDT,0.07758,75.0,0.07757,575.0,0.07773,76.0,0.07774,6.0
1753533419915,12:36:59.915,CHESS/USDT:USDT,0.07758,75.0,0.07757,575.0,0.07773,76.0,0.07774,6.0
1753533420063,12:37:00.063,CHESS/USDT:USDT,0.07758,75.0,0.07757,575.0,0.07773,76.0,0.07774,6.0
1753533420256,12:37:00.256,CHESS/USDT:USDT,0.07759,75.0,0.07758,75.0,0.07773,76.0,0.07774,6.0
1753533420381,12:37:00.381,CHESS/USDT:USDT,0.07759,75.0,0.07758,719.0,0.07773,76.0,0.07774,6.0
1753533420772,12:37:00.772,CHESS/USDT:USDT,0.07759,75.0,0.07758,719.0,0.07773,76.0,0.07774,6.0
1753533420877,12:37:00.877,CHESS/USDT:USDT,0.07759,1363.0,0.07758,75.0,0.07773,76.0,0.07774,6.0
1753533420967,12:37:00.967,CHESS/USDT:USDT,0.0776,75.0,0.07759,2007.0,0.07773,76.0,0.07774,6.0
1753533421079,12:37:01.079,CHESS/USDT:USDT,0.07761,75.0,0.0776,719.0,0.07773,76.0,0.07774,6.0
1753533421148,12:37:01.148,CHESS/USDT:USDT,0.07761,75.0,0.0776,75.0,0.07773,76.0,0.07774,6.0
1753533421239,12:37:01.239,CHESS/USDT:USDT,0.07758,75.0,0.07757,575.0,0.07773,76.0,0.07774,6.0
1753533421889,12:37:01.889,CHESS/USDT:USDT,0.07759,644.0,0.07758,75.0,0.07773,76.0,0.07774,6.0
1753533421894,12:37:01.894,CHESS/USDT:USDT,0.0776,75.0,0.07759,644.0,0.07773,76.0,0.07774,6.0
1753533422665,12:37:02.665,CHESS/USDT:USDT,0.0776,75.0,0.07759,644.0,0.07773,76.0,0.07774,6.0
1753533422713,12:37:02.713,CHESS/USDT:USDT,0.0776,75.0,0.07759,644.0,0.07773,76.0,0.07774,6.0
1753533422988,12:37:02.988,CHESS/USDT:USDT,0.07761,75.0,0.0776,1363.0,0.07773,76.0,0.07774,6.0
1753533423181,12:37:03.181,CHESS/USDT:USDT,0.07762,75.0,0.07761,719.0,0.07773,76.0,0.07774,6.0
1753533423220,12:37:03.220,CHESS/USDT:USDT,0.07762,75.0,0.07761,75.0,0.07773,76.0,0.07774,6.0
1753533423334,12:37:03.334,CHESS/USDT:USDT,0.07761,75.0,0.0776,719.0,0.07773,76.0,0.07774,6.0
1753533423957,12:37:03.957,CHESS/USDT:USDT,0.07761,75.0,0.0776,719.0,0.07773,76.0,0.07774,6.0
1753533425340,12:37:05.340,CHESS/USDT:USDT,0.07761,75.0,0.0776,719.0,0.07773,76.0,0.07774,6.0
1753533425400,12:37:05.400,CHESS/USDT:USDT,0.07761,75.0,0.0776,719.0,0.07773,76.0,0.07774,6.0
1753533426184,12:37:06.184,CHESS/USDT:USDT,0.07758,75.0,0.07757,575.0,0.07773,76.0,0.07774,6.0
1753533426779,12:37:06.779,CHESS/USDT:USDT,0.07758,75.0,0.07757,575.0,0.07773,76.0,0.07774,6.0
1753533428167,12:37:08.167,CHESS/USDT:USDT,0.07758,75.0,0.07757,575.0,0.07773,76.0,0.07774,6.0
1753533429151,12:37:09.151,CHESS/USDT:USDT,0.07759,75.0,0.07758,719.0,0.07773,76.0,0.07774,6.0
1753533429201,12:37:09.201,CHESS/USDT:USDT,0.0776,75.0,0.07759,986.0,0.07773,76.0,0.07774,6.0
1753533429769,12:37:09.769,CHESS/USDT:USDT,0.0776,75.0,0.07759,1898.0,0.07773,76.0,0.07774,6.0
1753533429871,12:37:09.871,CHESS/USDT:USDT,0.07761,75.0,0.0776,1085.0,0.07773,76.0,0.07774,6.0
1753533430034,12:37:10.034,CHESS/USDT:USDT,0.0776,75.0,0.07759,1898.0,0.07773,76.0,0.07774,6.0
1753533430344,12:37:10.344,CHESS/USDT:USDT,0.07761,75.0,0.0776,1538.0,0.07773,76.0,0.07774,6.0
1753533430430,12:37:10.430,CHESS/USDT:USDT,0.07761,75.0,0.0776,75.0,0.07773,76.0,0.07774,6.0
1753533430495,12:37:10.495,CHESS/USDT:USDT,0.0776,75.0,0.07759,1898.0,0.07773,76.0,0.07774,6.0
1753533430890,12:37:10.890,CHESS/USDT:USDT,0.0776,75.0,0.07759,1898.0,0.07774,6.0,0.07792,575.0
1753533430930,12:37:10.930,CHESS/USDT:USDT,0.0776,75.0,0.07759,1898.0,0.07774,81.0,0.07792,575.0
1753533431025,12:37:11.025,CHESS/USDT:USDT,0.0776,75.0,0.07759,1898.0,0.07774,81.0,0.07792,575.0
1753533431245,12:37:11.245,CHESS/USDT:USDT,0.0776,75.0,0.07759,1898.0,0.07774,81.0,0.07792,575.0
1753533431371,12:37:11.371,CHESS/USDT:USDT,0.07761,75.0,0.0776,2133.0,0.07774,81.0,0.07792,575.0
1753533431660,12:37:11.660,CHESS/USDT:USDT,0.07761,75.0,0.0776,2133.0,0.07774,81.0,0.07792,575.0
1753533432087,12:37:12.087,CHESS/USDT:USDT,0.07761,75.0,0.0776,2133.0,0.07774,81.0,0.07792,575.0
1753533432111,12:37:12.111,CHESS/USDT:USDT,0.07761,75.0,0.0776,2133.0,0.07774,81.0,0.07792,575.0
1753533432468,12:37:12.468,CHESS/USDT:USDT,0.07761,75.0,0.0776,2133.0,0.07774,81.0,0.07792,575.0
1753533432502,12:37:12.502,CHESS/USDT:USDT,0.07761,75.0,0.0776,2133.0,0.07774,81.0,0.07792,575.0
1753533432636,12:37:12.636,CHESS/USDT:USDT,0.07762,75.0,0.07761,1363.0,0.07774,6.0,0.07792,575.0
1753533432786,12:37:12.786,CHESS/USDT:USDT,0.07763,75.0,0.07762,75.0,0.07774,6.0,0.07791,399.0
1753533432833,12:37:12.833,CHESS/USDT:USDT,0.07764,75.0,0.07763,727.0,0.07774,6.0,0.07791,399.0
1753533432937,12:37:12.937,CHESS/USDT:USDT,0.07764,75.0,0.07763,727.0,0.07774,6.0,0.07791,399.0
1753533433878,12:37:13.878,CHESS/USDT:USDT,0.07763,774.0,0.07761,75.0,0.07774,6.0,0.07791,399.0
1753533434039,12:37:14.039,CHESS/USDT:USDT,0.07764,75.0,0.07761,75.0,0.07774,6.0,0.07791,399.0
1753533434188,12:37:14.188,CHESS/USDT:USDT,0.07761,75.0,0.0776,75.0,0.07774,6.0,0.07791,399.0
1753533434266,12:37:14.266,CHESS/USDT:USDT,0.07761,2451.0,0.0776,75.0,0.07774,6.0,0.07791,399.0
1753533434347,12:37:14.347,CHESS/USDT:USDT,0.07762,75.0,0.07761,3096.0,0.07774,6.0,0.07791,399.0
1753533435084,12:37:15.084,CHESS/USDT:USDT,0.07762,75.0,0.07761,2322.0,0.07774,6.0,0.07791,399.0
1753533435288,12:37:15.288,CHESS/USDT:USDT,0.07763,75.0,0.07762,75.0,0.07774,6.0,0.07791,399.0
1753533435460,12:37:15.460,CHESS/USDT:USDT,0.07763,75.0,0.07762,75.0,0.07774,6.0,0.07791,399.0
1753533435665,12:37:15.665,CHESS/USDT:USDT,0.07763,719.0,0.07762,1363.0,0.07774,6.0,0.07791,399.0
1753533435786,12:37:15.786,CHESS/USDT:USDT,0.07762,75.0,0.07761,2322.0,0.07774,6.0,0.07791,399.0
1753533435820,12:37:15.820,CHESS/USDT:USDT,0.07763,75.0,0.07762,75.0,0.07774,6.0,0.07791,399.0
1753533435972,12:37:15.972,CHESS/USDT:USDT,0.07762,719.0,0.07761,2322.0,0.07774,6.0,0.07791,399.0
1753533435999,12:37:15.999,CHESS/USDT:USDT,0.07763,75.0,0.07762,75.0,0.07774,6.0,0.07791,399.0
1753533436190,12:37:16.190,CHESS/USDT:USDT,0.07764,75.0,0.07763,75.0,0.07774,6.0,0.07791,399.0
1753533436194,12:37:16.194,CHESS/USDT:USDT,0.07764,75.0,0.07763,75.0,0.07774,6.0,0.07791,399.0
1753533436315,12:37:16.315,CHESS/USDT:USDT,0.07763,1288.0,0.07762,75.0,0.07774,6.0,0.07791,399.0
1753533436458,12:37:16.458,CHESS/USDT:USDT,0.07764,75.0,0.07762,75.0,0.07774,6.0,0.07791,399.0
1753533436614,12:37:16.614,CHESS/USDT:USDT,0.07762,1288.0,0.07759,75.0,0.07774,6.0,0.07791,399.0
1753533436762,12:37:16.762,CHESS/USDT:USDT,0.07763,75.0,0.07762,1288.0,0.07774,6.0,0.07791,399.0
1753533436844,12:37:16.844,CHESS/USDT:USDT,0.07764,75.0,0.07763,75.0,0.07774,6.0,0.07791,75.0
1753533436984,12:37:16.984,CHESS/USDT:USDT,0.07758,75.0,0.07757,575.0,0.07774,6.0,0.07791,75.0
1753533437062,12:37:17.062,CHESS/USDT:USDT,0.07759,75.0,0.07758,1363.0,0.07774,6.0,0.07791,75.0
1753533437459,12:37:17.459,CHESS/USDT:USDT,0.0776,75.0,0.07759,75.0,0.07774,6.0,0.07791,75.0
1753533437583,12:37:17.583,CHESS/USDT:USDT,0.07762,719.0,0.07761,75.0,0.07774,6.0,0.07791,75.0
1753533437614,12:37:17.614,CHESS/USDT:USDT,0.07764,75.0,0.07763,1363.0,0.07774,6.0,0.07791,75.0
1753533437815,12:37:17.815,CHESS/USDT:USDT,0.07765,75.0,0.07764,719.0,0.07774,6.0,0.07791,75.0
1753533437974,12:37:17.974,CHESS/USDT:USDT,0.07763,75.0,0.07762,75.0,0.07774,6.0,0.07791,75.0
1753533438083,12:37:18.083,CHESS/USDT:USDT,0.07762,1288.0,0.07761,75.0,0.07774,6.0,0.07791,75.0
1753533438182,12:37:18.182,CHESS/USDT:USDT,0.07763,1363.0,0.07762,1288.0,0.07774,6.0,0.07791,75.0
1753533438226,12:37:18.226,CHESS/USDT:USDT,0.07764,75.0,0.07763,719.0,0.07774,6.0,0.07791,75.0
1753533438310,12:37:18.310,CHESS/USDT:USDT,0.07764,75.0,0.07763,719.0,0.07774,6.0,0.07791,75.0
1753533438475,12:37:18.475,CHESS/USDT:USDT,0.07764,75.0,0.07763,719.0,0.07774,6.0,0.07791,75.0
1753533438522,12:37:18.522,CHESS/USDT:USDT,0.07764,75.0,0.07763,719.0,0.07774,6.0,0.07791,75.0
1753533439036,12:37:19.036,CHESS/USDT:USDT,0.07764,75.0,0.07763,719.0,0.07774,6.0,0.07791,75.0
1753533439709,12:37:19.709,CHESS/USDT:USDT,0.07764,75.0,0.07763,719.0,0.07774,6.0,0.07791,75.0
1753533441062,12:37:21.062,CHESS/USDT:USDT,0.07764,75.0,0.07763,719.0,0.07774,6.0,0.07791,75.0
1753533441282,12:37:21.282,CHESS/USDT:USDT,0.07764,75.0,0.07763,75.0,0.07774,6.0,0.07791,75.0
1753533441324,12:37:21.324,CHESS/USDT:USDT,0.0776,644.0,0.07759,75.0,0.07774,6.0,0.07791,75.0
1753533441479,12:37:21.479,CHESS/USDT:USDT,0.07761,1365.0,0.0776,644.0,0.07774,6.0,0.07791,75.0
1753533441509,12:37:21.509,CHESS/USDT:USDT,0.07763,77.0,0.07762,721.0,0.07774,6.0,0.07791,75.0
1753533441880,12:37:21.880,CHESS/USDT:USDT,0.07763,77.0,0.07762,2009.0,0.07774,6.0,0.07791,75.0
1753533441900,12:37:21.900,CHESS/USDT:USDT,0.07763,77.0,0.07762,1365.0,0.07774,6.0,0.07791,75.0
1753533442413,12:37:22.413,CHESS/USDT:USDT,0.07764,77.0,0.07763,1365.0,0.07774,6.0,0.07791,75.0
1753533442662,12:37:22.662,CHESS/USDT:USDT,0.07764,77.0,0.07763,721.0,0.07774,6.0,0.07791,75.0
1753533442989,12:37:22.989,CHESS/USDT:USDT,0.07765,77.0,0.07764,721.0,0.07791,75.0,0.07795,324.0
1753533443064,12:37:23.064,CHESS/USDT:USDT,0.07765,77.0,0.07764,77.0,0.07788,77.0,0.07789,577.0
1753533443157,12:37:23.157,CHESS/USDT:USDT,0.07765,77.0,0.07764,77.0,0.07788,77.0,0.07789,577.0
1753533443289,12:37:23.289,CHESS/USDT:USDT,0.07765,77.0,0.07764,77.0,0.07788,77.0,0.07789,577.0
1753533443322,12:37:23.322,CHESS/USDT:USDT,0.07765,77.0,0.07764,721.0,0.07788,77.0,0.07789,577.0
1753533443577,12:37:23.577,CHESS/USDT:USDT,0.07765,77.0,0.07764,77.0,0.07788,77.0,0.07789,577.0
1753533443787,12:37:23.787,CHESS/USDT:USDT,0.07765,77.0,0.07764,721.0,0.07788,77.0,0.07789,577.0
1753533443887,12:37:23.887,CHESS/USDT:USDT,0.07764,77.0,0.07763,721.0,0.07788,77.0,0.07789,577.0
1753533444014,12:37:24.014,CHESS/USDT:USDT,0.07764,77.0,0.07763,721.0,0.07788,77.0,0.07789,577.0
1753533444836,12:37:24.836,CHESS/USDT:USDT,0.07764,77.0,0.07763,721.0,0.07788,77.0,0.07789,577.0
1753533445322,12:37:25.322,CHESS/USDT:USDT,0.07765,77.0,0.07764,1365.0,0.07788,77.0,0.07789,577.0
1753533445685,12:37:25.685,CHESS/USDT:USDT,0.07765,77.0,0.07764,1365.0,0.07788,77.0,0.07789,577.0
1753533445863,12:37:25.863,CHESS/USDT:USDT,0.07765,77.0,0.07764,1365.0,0.07788,77.0,0.07789,577.0
1753533445962,12:37:25.962,CHESS/USDT:USDT,0.07765,77.0,0.07764,1365.0,0.07788,77.0,0.07789,577.0
1753533446072,12:37:26.072,CHESS/USDT:USDT,0.07766,77.0,0.07765,77.0,0.07788,77.0,0.07789,577.0
1753533446182,12:37:26.182,CHESS/USDT:USDT,0.07763,1932.0,0.07761,77.0,0.07788,401.0,0.07789,577.0
1753533446216,12:37:26.216,CHESS/USDT:USDT,0.07763,1932.0,0.07761,77.0,0.07787,77.0,0.07788,401.0
1753533446336,12:37:26.336,CHESS/USDT:USDT,0.07764,77.0,0.07763,3864.0,0.07787,77.0,0.07788,401.0
1753533446871,12:37:26.871,CHESS/USDT:USDT,0.07765,77.0,0.07764,77.0,0.07787,77.0,0.07788,401.0
1753533446942,12:37:26.942,CHESS/USDT:USDT,0.07765,77.0,0.07764,77.0,0.07787,77.0,0.07788,401.0
1753533447073,12:37:27.073,CHESS/USDT:USDT,0.07765,77.0,0.07764,77.0,0.07787,77.0,0.07788,401.0
1753533447171,12:37:27.171,CHESS/USDT:USDT,0.07766,77.0,0.07765,721.0,0.07787,77.0,0.07788,401.0
1753533447251,12:37:27.251,CHESS/USDT:USDT,0.07767,77.0,0.07766,77.0,0.07787,77.0,0.07788,401.0
1753533447354,12:37:27.354,CHESS/USDT:USDT,0.07767,77.0,0.07766,77.0,0.07787,77.0,0.07788,401.0
1753533447454,12:37:27.454,CHESS/USDT:USDT,0.07766,77.0,0.07765,721.0,0.07787,77.0,0.07788,401.0
1753533447744,12:37:27.744,CHESS/USDT:USDT,0.07766,77.0,0.07765,721.0,0.07787,77.0,0.07788,401.0
1753533448172,12:37:28.172,CHESS/USDT:USDT,0.07766,77.0,0.07765,721.0,0.07787,77.0,0.07788,401.0
1753533448497,12:37:28.497,CHESS/USDT:USDT,0.07766,77.0,0.07765,721.0,0.07787,77.0,0.07788,401.0
1753533448691,12:37:28.691,CHESS/USDT:USDT,0.07766,77.0,0.07765,721.0,0.07787,77.0,0.07788,401.0
1753533448691,12:37:28.691,CHESS/USDT:USDT,0.07766,77.0,0.07765,721.0,0.07787,77.0,0.07788,401.0
1753533448945,12:37:28.945,CHESS/USDT:USDT,0.07766,77.0,0.07765,721.0,0.07787,77.0,0.07788,401.0
1753533449785,12:37:29.785,CHESS/USDT:USDT,0.07766,77.0,0.07765,721.0,0.07787,77.0,0.07788,401.0
1753533449856,12:37:29.856,CHESS/USDT:USDT,0.07766,77.0,0.07765,721.0,0.07787,77.0,0.07788,401.0
1753533450178,12:37:30.178,CHESS/USDT:USDT,0.07768,77.0,0.07767,721.0,0.07787,77.0,0.07788,401.0
1753533450296,12:37:30.296,CHESS/USDT:USDT,0.07768,77.0,0.07767,721.0,0.07787,77.0,0.07788,401.0
1753533450812,12:37:30.812,CHESS/USDT:USDT,0.07768,77.0,0.07767,721.0,0.07787,77.0,0.07788,401.0
1753533450979,12:37:30.979,CHESS/USDT:USDT,0.07769,77.0,0.07768,77.0,0.07787,77.0,0.07788,401.0
1753533451009,12:37:31.009,CHESS/USDT:USDT,0.07769,77.0,0.07768,77.0,0.07787,77.0,0.07788,401.0
1753533451131,12:37:31.131,CHESS/USDT:USDT,0.07766,1932.0,0.07765,77.0,0.07787,77.0,0.07788,401.0
1753533451285,12:37:31.285,CHESS/USDT:USDT,0.07767,1365.0,0.07766,1932.0,0.07787,77.0,0.07788,401.0
1753533451380,12:37:31.380,CHESS/USDT:USDT,0.07768,77.0,0.07767,77.0,0.07787,77.0,0.07788,401.0
1753533451478,12:37:31.478,CHESS/USDT:USDT,0.07768,77.0,0.07767,77.0,0.07787,77.0,0.07788,401.0
1753533451557,12:37:31.557,CHESS/USDT:USDT,0.07768,77.0,0.07767,77.0,0.07787,77.0,0.07788,401.0
1753533451664,12:37:31.664,CHESS/USDT:USDT,0.07769,77.0,0.07768,77.0,0.07787,77.0,0.07788,401.0
1753533451732,12:37:31.732,CHESS/USDT:USDT,0.0777,77.0,0.07769,77.0,0.07787,77.0,0.07788,401.0
1753533451876,12:37:31.876,CHESS/USDT:USDT,0.07768,77.0,0.07767,77.0,0.07787,77.0,0.07788,401.0
1753533451977,12:37:31.977,CHESS/USDT:USDT,0.07764,77.0,0.07761,2163.0,0.07787,77.0,0.07788,401.0
1753533452180,12:37:32.180,CHESS/USDT:USDT,0.07766,77.0,0.07765,721.0,0.07787,77.0,0.07788,401.0
1753533452232,12:37:32.232,CHESS/USDT:USDT,0.07766,77.0,0.07765,2009.0,0.07787,77.0,0.07788,401.0
1753533452392,12:37:32.392,CHESS/USDT:USDT,0.07766,77.0,0.07765,2009.0,0.07787,77.0,0.07788,401.0
1753533452932,12:37:32.932,CHESS/USDT:USDT,0.07766,77.0,0.07765,2009.0,0.07787,77.0,0.07788,401.0
1753533453217,12:37:33.217,CHESS/USDT:USDT,0.07766,77.0,0.07765,2009.0,0.07787,77.0,0.07788,401.0
1753533454283,12:37:34.283,CHESS/USDT:USDT,0.07766,77.0,0.07765,2009.0,0.07787,77.0,0.07788,401.0
1753533454450,12:37:34.450,CHESS/USDT:USDT,0.07766,77.0,0.07765,2009.0,0.07787,77.0,0.07788,401.0
1753533454511,12:37:34.511,CHESS/USDT:USDT,0.07767,77.0,0.07766,721.0,0.07787,77.0,0.07788,401.0
1753533454870,12:37:34.870,CHESS/USDT:USDT,0.07767,77.0,0.07766,721.0,0.07787,77.0,0.07788,401.0
1753533455263,12:37:35.263,CHESS/USDT:USDT,0.07767,77.0,0.07766,721.0,0.07787,77.0,0.07788,401.0
1753533455404,12:37:35.404,CHESS/USDT:USDT,0.07768,77.0,0.07767,721.0,0.07787,77.0,0.07788,401.0
1753533455784,12:37:35.784,CHESS/USDT:USDT,0.07768,77.0,0.07767,77.0,0.07787,77.0,0.07788,401.0
1753533455811,12:37:35.811,CHESS/USDT:USDT,0.07768,721.0,0.07767,77.0,0.07787,77.0,0.07788,401.0
1753533455982,12:37:35.982,CHESS/USDT:USDT,0.0777,77.0,0.07769,1365.0,0.07787,77.0,0.07788,401.0
1753533456079,12:37:36.079,CHESS/USDT:USDT,0.07771,77.0,0.0777,2640.0,0.07787,77.0,0.07788,401.0
1753533456157,12:37:36.157,CHESS/USDT:USDT,0.07771,77.0,0.0777,2640.0,0.07787,77.0,0.07788,401.0
1753533456861,12:37:36.861,CHESS/USDT:USDT,0.07771,77.0,0.0777,2640.0,0.07787,77.0,0.07788,401.0
1753533456914,12:37:36.914,CHESS/USDT:USDT,0.07771,77.0,0.0777,2640.0,0.07787,77.0,0.07788,401.0
1753533457079,12:37:37.079,CHESS/USDT:USDT,0.07766,77.0,0.07765,77.0,0.07787,77.0,0.07788,401.0
1753533457111,12:37:37.111,CHESS/USDT:USDT,0.07765,2576.0,0.07764,77.0,0.07787,77.0,0.07788,401.0
1753533457275,12:37:37.275,CHESS/USDT:USDT,0.07767,77.0,0.07766,1365.0,0.07787,77.0,0.07788,401.0
1753533457341,12:37:37.341,CHESS/USDT:USDT,0.07767,77.0,0.07766,1365.0,0.07787,77.0,0.07788,401.0
1753533457572,12:37:37.572,CHESS/USDT:USDT,0.07768,77.0,0.07767,721.0,0.07787,77.0,0.07788,401.0
1753533458071,12:37:38.071,CHESS/USDT:USDT,0.07768,77.0,0.07767,721.0,0.07787,77.0,0.07788,401.0
1753533458173,12:37:38.173,CHESS/USDT:USDT,0.07768,77.0,0.07767,721.0,0.07787,77.0,0.07788,401.0
1753533458538,12:37:38.538,CHESS/USDT:USDT,0.07768,77.0,0.07767,721.0,0.07787,77.0,0.07788,401.0
1753533459253,12:37:39.253,CHESS/USDT:USDT,0.07769,77.0,0.07768,2009.0,0.07787,77.0,0.07788,401.0
1753533459303,12:37:39.303,CHESS/USDT:USDT,0.07769,77.0,0.07768,77.0,0.07787,77.0,0.07788,401.0
1753533459466,12:37:39.466,CHESS/USDT:USDT,0.07766,644.0,0.07764,77.0,0.07787,77.0,0.07788,401.0
1753533459529,12:37:39.529,CHESS/USDT:USDT,0.07766,1932.0,0.07764,77.0,0.07787,77.0,0.07788,401.0
1753533459645,12:37:39.645,CHESS/USDT:USDT,0.07768,76.0,0.07767,4552.0,0.07787,77.0,0.07788,401.0
1753533459855,12:37:39.855,CHESS/USDT:USDT,0.07769,76.0,0.07768,76.0,0.07787,77.0,0.07788,401.0
1753533459966,12:37:39.966,CHESS/USDT:USDT,0.07768,76.0,0.07767,7115.0,0.07787,77.0,0.07788,401.0
1753533460078,12:37:40.078,CHESS/USDT:USDT,0.07768,76.0,0.07767,19907.0,0.07787,77.0,0.07788,401.0
1753533460383,12:37:40.383,CHESS/USDT:USDT,0.07768,76.0,0.07767,17344.0,0.07787,77.0,0.07788,401.0
1753533460748,12:37:40.748,CHESS/USDT:USDT,0.07768,76.0,0.07767,17344.0,0.07787,77.0,0.07788,401.0
1753533460989,12:37:40.989,CHESS/USDT:USDT,0.07769,76.0,0.07768,720.0,0.07787,77.0,0.07788,401.0
1753533461074,12:37:41.074,CHESS/USDT:USDT,0.07769,76.0,0.07768,76.0,0.07787,77.0,0.07788,401.0
1753533461179,12:37:41.179,CHESS/USDT:USDT,0.07768,76.0,0.07767,12868.0,0.07787,77.0,0.07788,401.0
1753533461267,12:37:41.267,CHESS/USDT:USDT,0.07768,76.0,0.07767,12868.0,0.07787,77.0,0.07788,401.0
1753533461293,12:37:41.293,CHESS/USDT:USDT,0.07768,76.0,0.07767,12868.0,0.07787,77.0,0.07788,401.0
1753533461462,12:37:41.462,CHESS/USDT:USDT,0.07771,76.0,0.0777,2563.0,0.07787,77.0,0.07788,401.0
1753533461504,12:37:41.504,CHESS/USDT:USDT,0.07771,76.0,0.0777,2563.0,0.07787,77.0,0.07788,401.0
1753533461611,12:37:41.611,CHESS/USDT:USDT,0.07771,76.0,0.0777,2563.0,0.07787,77.0,0.07788,401.0
1753533462032,12:37:42.032,CHESS/USDT:USDT,0.07771,76.0,0.0777,2563.0,0.07787,77.0,0.07788,401.0
1753533462669,12:37:42.669,CHESS/USDT:USDT,0.07771,76.0,0.0777,2563.0,0.07787,77.0,0.07788,401.0
1753533462761,12:37:42.761,CHESS/USDT:USDT,0.07771,76.0,0.0777,2563.0,0.07787,77.0,0.07788,401.0
1753533462858,12:37:42.858,CHESS/USDT:USDT,0.07771,76.0,0.0777,2563.0,0.07787,77.0,0.07788,401.0
1753533463226,12:37:43.226,CHESS/USDT:USDT,0.07772,76.0,0.07771,719.0,0.07787,77.0,0.07788,401.0
1753533463681,12:37:43.681,CHESS/USDT:USDT,0.07771,1362.0,0.0777,2563.0,0.07787,77.0,0.07788,401.0
1753533463718,12:37:43.718,CHESS/USDT:USDT,0.07772,76.0,0.07771,76.0,0.07787,77.0,0.07788,401.0
1753533463882,12:37:43.882,CHESS/USDT:USDT,0.07764,2009.0,0.07761,2163.0,0.07787,77.0,0.07788,401.0
1753533463934,12:37:43.934,CHESS/USDT:USDT,0.07767,76.0,0.07766,720.0,0.07787,77.0,0.07788,401.0
1753533464089,12:37:44.089,CHESS/USDT:USDT,0.07767,76.0,0.07766,720.0,0.07787,77.0,0.07788,401.0
1753533464619,12:37:44.619,CHESS/USDT:USDT,0.07768,76.0,0.07767,720.0,0.07787,77.0,0.07788,401.0
1753533464909,12:37:44.909,CHESS/USDT:USDT,0.07768,76.0,0.07767,720.0,0.07787,77.0,0.07788,401.0
1753533465114,12:37:45.114,CHESS/USDT:USDT,0.07767,76.0,0.07766,720.0,0.07787,77.0,0.07788,401.0
1753533465322,12:37:45.322,CHESS/USDT:USDT,0.07767,76.0,0.07766,720.0,0.07787,77.0,0.07788,401.0
1753533465639,12:37:45.639,CHESS/USDT:USDT,0.07768,76.0,0.07767,76.0,0.07787,77.0,0.07788,401.0
1753533465779,12:37:45.779,CHESS/USDT:USDT,0.07767,76.0,0.07766,720.0,0.07787,77.0,0.07788,401.0
1753533466159,12:37:46.159,CHESS/USDT:USDT,0.07768,76.0,0.07767,720.0,0.07787,77.0,0.07788,401.0
1753533466400,12:37:46.400,CHESS/USDT:USDT,0.07768,76.0,0.07767,1364.0,0.07787,77.0,0.07788,401.0
1753533466956,12:37:46.956,CHESS/USDT:USDT,0.07768,76.0,0.07767,1364.0,0.07787,77.0,0.07788,401.0
1753533467278,12:37:47.278,CHESS/USDT:USDT,0.07769,76.0,0.07768,1364.0,0.07787,77.0,0.07788,401.0
1753533467296,12:37:47.296,CHESS/USDT:USDT,0.0777,76.0,0.07769,2008.0,0.07787,77.0,0.07788,401.0
1753533468180,12:37:48.180,CHESS/USDT:USDT,0.0777,76.0,0.07769,2008.0,0.07787,77.0,0.07788,401.0
1753533468366,12:37:48.366,CHESS/USDT:USDT,0.0777,76.0,0.07769,2008.0,0.07787,77.0,0.07788,401.0
1753533469307,12:37:49.307,CHESS/USDT:USDT,0.0777,76.0,0.07769,2008.0,0.07787,77.0,0.07788,401.0
1753533470228,12:37:50.228,CHESS/USDT:USDT,0.0777,76.0,0.07769,2008.0,0.07787,77.0,0.07788,401.0
1753533470482,12:37:50.482,CHESS/USDT:USDT,0.0777,76.0,0.07769,1364.0,0.07787,77.0,0.07788,401.0
1753533470874,12:37:50.874,CHESS/USDT:USDT,0.07771,78.0,0.0777,781.0,0.07787,77.0,0.07788,401.0
1753533470998,12:37:50.998,CHESS/USDT:USDT,0.07771,78.0,0.0777,781.0,0.07787,77.0,0.07788,401.0
1753533471296,12:37:51.296,CHESS/USDT:USDT,0.07771,78.0,0.0777,781.0,0.07787,77.0,0.07788,401.0
1753533471418,12:37:51.418,CHESS/USDT:USDT,0.07772,78.0,0.07771,78.0,0.07787,77.0,0.07788,401.0
1753533471574,12:37:51.574,CHESS/USDT:USDT,0.0777,76.0,0.07768,76.0,0.07787,77.0,0.07788,401.0
1753533471600,12:37:51.600,CHESS/USDT:USDT,0.07768,1538.0,0.07767,76.0,0.07787,77.0,0.07788,401.0
1753533471752,12:37:51.752,CHESS/USDT:USDT,0.07769,78.0,0.07768,2951.0,0.07787,77.0,0.07788,401.0
1753533471861,12:37:51.861,CHESS/USDT:USDT,0.0777,78.0,0.07769,722.0,0.07787,77.0,0.07788,401.0
1753533473026,12:37:53.026,CHESS/USDT:USDT,0.0777,78.0,0.07769,1515.0,0.07787,77.0,0.07788,401.0
1753533473230,12:37:53.230,CHESS/USDT:USDT,0.07771,78.0,0.0777,871.0,0.07787,77.0,0.07788,401.0
1753533473444,12:37:53.444,CHESS/USDT:USDT,0.07771,78.0,0.0777,871.0,0.07787,77.0,0.07788,401.0
1753533473858,12:37:53.858,CHESS/USDT:USDT,0.07771,78.0,0.0777,871.0,0.07787,77.0,0.07788,401.0
1753533474216,12:37:54.216,CHESS/USDT:USDT,0.07771,78.0,0.0777,871.0,0.07787,77.0,0.07788,401.0
1753533475079,12:37:55.079,CHESS/USDT:USDT,0.07771,78.0,0.0777,871.0,0.07787,77.0,0.07788,401.0
1753533475859,12:37:55.859,CHESS/USDT:USDT,0.07771,78.0,0.0777,871.0,0.07787,77.0,0.07788,401.0
1753533476359,12:37:56.359,CHESS/USDT:USDT,0.0777,3260.0,0.07769,78.0,0.07787,77.0,0.07788,401.0
1753533476510,12:37:56.510,CHESS/USDT:USDT,0.07771,78.0,0.0777,815.0,0.07787,77.0,0.07788,401.0
1753533477157,12:37:57.157,CHESS/USDT:USDT,0.07771,78.0,0.0777,815.0,0.07787,77.0,0.07788,401.0
1753533477911,12:37:57.911,CHESS/USDT:USDT,0.07772,78.0,0.07771,1046.0,0.07787,77.0,0.07788,401.0
1753533478340,12:37:58.340,CHESS/USDT:USDT,0.07771,1804.0,0.07765,76.0,0.07787,77.0,0.07788,401.0
1753533478510,12:37:58.510,CHESS/USDT:USDT,0.07772,78.0,0.07765,76.0,0.07787,77.0,0.07788,401.0
1753533478659,12:37:58.659,CHESS/USDT:USDT,0.07764,77.0,0.07762,578.0,0.07787,77.0,0.07788,401.0
1753533478760,12:37:58.760,CHESS/USDT:USDT,0.07765,1415.0,0.07764,914.0,0.07787,77.0,0.07788,401.0
1753533478867,12:37:58.867,CHESS/USDT:USDT,0.07768,78.0,0.07767,1415.0,0.07787,77.0,0.07788,401.0
1753533479142,12:37:59.142,CHESS/USDT:USDT,0.07768,78.0,0.07767,1415.0,0.07787,77.0,0.07788,401.0
1753533481967,12:38:01.967,CHESS/USDT:USDT,0.07768,78.0,0.07767,1415.0,0.07787,77.0,0.07788,401.0
1753533482083,12:38:02.083,CHESS/USDT:USDT,0.07768,78.0,0.07767,1415.0,0.07787,77.0,0.07788,401.0
1753533482367,12:38:02.367,CHESS/USDT:USDT,0.07768,78.0,0.07767,1415.0,0.07787,77.0,0.07788,401.0
1753533482842,12:38:02.842,CHESS/USDT:USDT,0.07768,78.0,0.07767,1415.0,0.07787,77.0,0.07788,401.0
1753533482986,12:38:02.986,CHESS/USDT:USDT,0.07769,78.0,0.07768,958.0,0.07787,77.0,0.07788,401.0
1753533483043,12:38:03.043,CHESS/USDT:USDT,0.07769,78.0,0.07768,1838.0,0.07787,77.0,0.07788,401.0
1753533484004,12:38:04.004,CHESS/USDT:USDT,0.07769,78.0,0.07768,1838.0,0.07787,77.0,0.07788,401.0
1753533484360,12:38:04.360,CHESS/USDT:USDT,0.07769,78.0,0.07768,1838.0,0.07787,77.0,0.07788,401.0
1753533484458,12:38:04.458,CHESS/USDT:USDT,0.07769,78.0,0.07768,1838.0,0.07787,77.0,0.07788,401.0
1753533484855,12:38:04.855,CHESS/USDT:USDT,0.07768,78.0,0.07767,578.0,0.07787,77.0,0.07788,401.0
1753533485162,12:38:05.162,CHESS/USDT:USDT,0.07768,78.0,0.07767,578.0,0.07787,77.0,0.07788,401.0
1753533485307,12:38:05.307,CHESS/USDT:USDT,0.07768,78.0,0.07767,578.0,0.07787,77.0,0.07788,401.0
1753533485568,12:38:05.568,CHESS/USDT:USDT,0.07768,78.0,0.07767,578.0,0.07785,78.0,0.07786,902.0
1753533486011,12:38:06.011,CHESS/USDT:USDT,0.07768,78.0,0.07767,578.0,0.07785,78.0,0.07786,902.0
1753533487712,12:38:07.712,CHESS/USDT:USDT,0.07768,78.0,0.07767,578.0,0.07785,78.0,0.07786,902.0
1753533490901,12:38:10.901,CHESS/USDT:USDT,0.07768,78.0,0.07767,578.0,0.07785,78.0,0.07786,902.0
1753533497587,12:38:17.587,CHESS/USDT:USDT,0.07768,78.0,0.07767,578.0,0.07785,78.0,0.07786,902.0
1753533497734,12:38:17.734,CHESS/USDT:USDT,0.07768,78.0,0.07767,578.0,0.07785,78.0,0.07786,902.0
1753533499106,12:38:19.106,CHESS/USDT:USDT,0.07768,78.0,0.07767,578.0,0.07785,78.0,0.07786,902.0
1753533499302,12:38:19.302,CHESS/USDT:USDT,0.07768,78.0,0.07767,578.0,0.07785,78.0,0.07786,902.0
1753533500848,12:38:20.848,CHESS/USDT:USDT,0.07768,78.0,0.07767,578.0,0.07785,78.0,0.07786,902.0
1753533500982,12:38:20.982,CHESS/USDT:USDT,0.07768,78.0,0.07767,578.0,0.07785,78.0,0.07786,902.0
1753533500990,12:38:20.990,CHESS/USDT:USDT,0.07768,78.0,0.07767,578.0,0.07785,78.0,0.07786,902.0
1753533501985,12:38:21.985,CHESS/USDT:USDT,0.07768,78.0,0.07767,578.0,0.07785,78.0,0.07786,902.0
1753533502176,12:38:22.176,CHESS/USDT:USDT,0.07768,78.0,0.07767,578.0,0.07785,78.0,0.07786,902.0
1753533503006,12:38:23.006,CHESS/USDT:USDT,0.07768,78.0,0.07767,578.0,0.07785,78.0,0.07786,902.0
1753533503668,12:38:23.668,CHESS/USDT:USDT,0.07768,78.0,0.07767,578.0,0.07785,78.0,0.07786,902.0
1753533503835,12:38:23.835,CHESS/USDT:USDT,0.07768,78.0,0.07767,578.0,0.07785,78.0,0.07786,902.0
1753533504270,12:38:24.270,CHESS/USDT:USDT,0.07768,78.0,0.07767,578.0,0.07785,78.0,0.07786,902.0
1753533504674,12:38:24.674,CHESS/USDT:USDT,0.07768,78.0,0.07767,578.0,0.07785,78.0,0.07786,902.0
1753533504747,12:38:24.747,CHESS/USDT:USDT,0.07768,78.0,0.07767,578.0,0.07785,78.0,0.07786,902.0
1753533505126,12:38:25.126,CHESS/USDT:USDT,0.07768,78.0,0.07767,578.0,0.07785,78.0,0.07786,902.0
1753533505532,12:38:25.532,CHESS/USDT:USDT,0.07768,78.0,0.07767,578.0,0.07785,78.0,0.07786,902.0
1753533505960,12:38:25.960,CHESS/USDT:USDT,0.07768,78.0,0.07767,578.0,0.07785,78.0,0.07786,902.0
1753533506568,12:38:26.568,CHESS/USDT:USDT,0.07768,78.0,0.07767,578.0,0.07785,78.0,0.07786,902.0
1753533506791,12:38:26.791,CHESS/USDT:USDT,0.07768,78.0,0.07767,578.0,0.07785,78.0,0.07786,902.0
1753533506814,12:38:26.814,CHESS/USDT:USDT,0.07768,78.0,0.07767,578.0,0.07785,78.0,0.07786,902.0
1753533507288,12:38:27.288,CHESS/USDT:USDT,0.07768,78.0,0.07767,578.0,0.07785,78.0,0.07786,902.0
1753533507760,12:38:27.760,CHESS/USDT:USDT,0.0777,76.0,0.07769,2563.0,0.07785,78.0,0.07786,902.0
1753533508110,12:38:28.110,CHESS/USDT:USDT,0.0777,76.0,0.07769,2563.0,0.07785,78.0,0.07786,902.0
1753533510473,12:38:30.473,CHESS/USDT:USDT,0.07768,78.0,0.07767,578.0,0.07785,78.0,0.07786,902.0
1753533510564,12:38:30.564,CHESS/USDT:USDT,0.07768,78.0,0.07767,578.0,0.07785,78.0,0.07786,902.0
1753533510980,12:38:30.980,CHESS/USDT:USDT,0.07768,78.0,0.07767,578.0,0.07785,78.0,0.07786,902.0
1753533512234,12:38:32.234,CHESS/USDT:USDT,0.07768,78.0,0.07767,578.0,0.07783,76.0,0.07784,400.0
1753533513027,12:38:33.027,CHESS/USDT:USDT,0.07768,78.0,0.07767,578.0,0.07783,76.0,0.07784,400.0
1753533515570,12:38:35.570,CHESS/USDT:USDT,0.07768,78.0,0.07767,578.0,0.07783,76.0,0.07784,400.0
1753533528975,12:38:48.975,CHESS/USDT:USDT,0.07768,78.0,0.07767,578.0,0.07783,76.0,0.07784,400.0
1753533540891,12:39:00.891,CHESS/USDT:USDT,0.07768,78.0,0.07767,578.0,0.07783,76.0,0.07784,400.0
1753533540895,12:39:00.895,CHESS/USDT:USDT,0.07768,78.0,0.07767,578.0,0.07783,76.0,0.07784,400.0
1753533541880,12:39:01.880,CHESS/USDT:USDT,0.07768,78.0,0.07767,578.0,0.07783,76.0,0.07784,400.0
1753533549376,12:39:09.376,CHESS/USDT:USDT,0.07768,78.0,0.07767,578.0,0.07783,76.0,0.07784,400.0
1753533549508,12:39:09.508,CHESS/USDT:USDT,0.07768,78.0,0.07767,578.0,0.07783,76.0,0.07784,400.0
1753533549732,12:39:09.732,CHESS/USDT:USDT,0.07768,78.0,0.07767,578.0,0.07783,76.0,0.07784,400.0
1753533550982,12:39:10.982,CHESS/USDT:USDT,0.07768,78.0,0.07767,578.0,0.07783,76.0,0.07784,400.0
1753533551356,12:39:11.356,CHESS/USDT:USDT,0.07768,78.0,0.07767,578.0,0.07783,76.0,0.07784,400.0
1753533552148,12:39:12.148,CHESS/USDT:USDT,0.07768,78.0,0.07767,578.0,0.07783,76.0,0.07784,400.0
1753533552191,12:39:12.191,CHESS/USDT:USDT,0.07768,78.0,0.07767,578.0,0.07783,76.0,0.07784,400.0
1753533552585,12:39:12.585,CHESS/USDT:USDT,0.07768,78.0,0.07767,578.0,0.07783,76.0,0.07784,400.0
1753533552750,12:39:12.750,CHESS/USDT:USDT,0.07768,78.0,0.07767,578.0,0.07783,76.0,0.07784,400.0
1753533553070,12:39:13.070,CHESS/USDT:USDT,0.07768,78.0,0.07767,578.0,0.07783,76.0,0.07784,400.0
1753533553315,12:39:13.315,CHESS/USDT:USDT,0.07768,78.0,0.07767,578.0,0.07783,76.0,0.07784,400.0
1753533553442,12:39:13.442,CHESS/USDT:USDT,0.07768,78.0,0.07767,578.0,0.07783,76.0,0.07784,400.0
1753533554271,12:39:14.271,CHESS/USDT:USDT,0.07768,78.0,0.07767,578.0,0.07783,76.0,0.07784,400.0
1753533557450,12:39:17.450,CHESS/USDT:USDT,0.07768,78.0,0.07767,578.0,0.07784,76.0,0.07785,578.0
1753533557904,12:39:17.904,CHESS/USDT:USDT,0.07768,78.0,0.07767,578.0,0.07784,76.0,0.07785,578.0
1753533558319,12:39:18.319,CHESS/USDT:USDT,0.07768,78.0,0.07767,578.0,0.07784,76.0,0.07785,578.0
1753533558483,12:39:18.483,CHESS/USDT:USDT,0.07768,78.0,0.07767,578.0,0.07784,76.0,0.07785,578.0
1753533561463,12:39:21.463,CHESS/USDT:USDT,0.07769,76.0,0.07768,722.0,0.07784,76.0,0.07785,578.0
1753533561773,12:39:21.773,CHESS/USDT:USDT,0.07768,78.0,0.07767,578.0,0.07784,76.0,0.07785,578.0
1753533563248,12:39:23.248,CHESS/USDT:USDT,0.07769,76.0,0.07768,722.0,0.07784,76.0,0.07785,578.0
1753533563638,12:39:23.638,CHESS/USDT:USDT,0.07769,76.0,0.07768,722.0,0.07784,76.0,0.07785,578.0
1753533564354,12:39:24.354,CHESS/USDT:USDT,0.07769,76.0,0.07768,722.0,0.07784,76.0,0.07785,578.0
1753533566336,12:39:26.336,CHESS/USDT:USDT,0.07768,78.0,0.07767,578.0,0.07784,76.0,0.07785,578.0
1753533566627,12:39:26.627,CHESS/USDT:USDT,0.07769,76.0,0.07768,722.0,0.07784,76.0,0.07785,578.0
1753533568873,12:39:28.873,CHESS/USDT:USDT,0.07769,76.0,0.07768,722.0,0.07784,76.0,0.07785,578.0
1753533571677,12:39:31.677,CHESS/USDT:USDT,0.07769,76.0,0.07768,722.0,0.07784,76.0,0.07785,578.0
1753533572160,12:39:32.160,CHESS/USDT:USDT,0.0777,75.0,0.07769,788.0,0.07784,76.0,0.07785,578.0
1753533573223,12:39:33.223,CHESS/USDT:USDT,0.0777,75.0,0.07769,788.0,0.07784,76.0,0.07785,578.0
1753533575754,12:39:35.754,CHESS/USDT:USDT,0.07768,78.0,0.07767,578.0,0.07784,76.0,0.07785,578.0
1753533576050,12:39:36.050,CHESS/USDT:USDT,0.07768,78.0,0.07767,578.0,0.07784,76.0,0.07785,578.0
1753533577188,12:39:37.188,CHESS/USDT:USDT,0.07769,75.0,0.07768,2010.0,0.07784,76.0,0.07785,578.0
1753533578073,12:39:38.073,CHESS/USDT:USDT,0.07769,75.0,0.07768,2010.0,0.07784,76.0,0.07785,578.0
1753533579388,12:39:39.388,CHESS/USDT:USDT,0.0777,75.0,0.07769,75.0,0.07784,76.0,0.07785,578.0
1753533579456,12:39:39.456,CHESS/USDT:USDT,0.07768,78.0,0.07767,578.0,0.07784,76.0,0.07785,578.0
1753533579714,12:39:39.714,CHESS/USDT:USDT,0.07769,78.0,0.07768,1366.0,0.07784,76.0,0.07785,578.0
1753533580726,12:39:40.726,CHESS/USDT:USDT,0.0777,78.0,0.07769,722.0,0.07784,76.0,0.07785,578.0
1753533580940,12:39:40.940,CHESS/USDT:USDT,0.07769,644.0,0.07768,78.0,0.07784,76.0,0.07785,578.0
1753533581088,12:39:41.088,CHESS/USDT:USDT,0.0777,78.0,0.07769,644.0,0.07784,76.0,0.07785,578.0
1753533581128,12:39:41.128,CHESS/USDT:USDT,0.0777,78.0,0.07768,78.0,0.07784,76.0,0.07785,578.0
1753533581245,12:39:41.245,CHESS/USDT:USDT,0.07768,78.0,0.07767,578.0,0.07784,76.0,0.07785,578.0
1753533581324,12:39:41.324,CHESS/USDT:USDT,0.07768,78.0,0.07767,578.0,0.07784,76.0,0.07785,578.0
1753533582053,12:39:42.053,CHESS/USDT:USDT,0.07769,78.0,0.07768,1366.0,0.07784,76.0,0.07785,578.0
1753533582159,12:39:42.159,CHESS/USDT:USDT,0.0777,78.0,0.07769,78.0,0.07784,76.0,0.07785,578.0
1753533582351,12:39:42.351,CHESS/USDT:USDT,0.07769,1288.0,0.07768,78.0,0.07784,76.0,0.07785,578.0
1753533582476,12:39:42.476,CHESS/USDT:USDT,0.0777,78.0,0.07768,78.0,0.07784,76.0,0.07785,578.0
1753533582622,12:39:42.622,CHESS/USDT:USDT,0.07768,78.0,0.07767,578.0,0.07784,76.0,0.07785,578.0
1753533583627,12:39:43.627,CHESS/USDT:USDT,0.07768,78.0,0.07767,578.0,0.07784,76.0,0.07785,578.0
1753533585855,12:39:45.855,CHESS/USDT:USDT,0.07769,78.0,0.07768,722.0,0.07784,76.0,0.07785,578.0
1753533586174,12:39:46.174,CHESS/USDT:USDT,0.07769,722.0,0.07768,722.0,0.07784,76.0,0.07785,578.0
1753533586195,12:39:46.195,CHESS/USDT:USDT,0.0777,78.0,0.07769,722.0,0.07784,76.0,0.07785,578.0
1753533586381,12:39:46.381,CHESS/USDT:USDT,0.07771,78.0,0.0777,1366.0,0.07784,76.0,0.07785,578.0
1753533586408,12:39:46.408,CHESS/USDT:USDT,0.07771,78.0,0.0777,78.0,0.07784,76.0,0.07785,578.0
1753533586584,12:39:46.584,CHESS/USDT:USDT,0.07768,78.0,0.07767,578.0,0.07784,76.0,0.07785,578.0
1753533586614,12:39:46.614,CHESS/USDT:USDT,0.07769,78.0,0.07768,1366.0,0.07784,76.0,0.07785,578.0
1753533589688,12:39:49.688,CHESS/USDT:USDT,0.07769,722.0,0.07768,78.0,0.07784,76.0,0.07785,578.0
1753533589694,12:39:49.694,CHESS/USDT:USDT,0.0777,76.0,0.07769,722.0,0.07784,76.0,0.07785,578.0
1753533590238,12:39:50.238,CHESS/USDT:USDT,0.07769,1288.0,0.07768,78.0,0.07784,76.0,0.07785,578.0
1753533590387,12:39:50.387,CHESS/USDT:USDT,0.0777,76.0,0.07769,1288.0,0.07784,76.0,0.07785,578.0
1753533590398,12:39:50.398,CHESS/USDT:USDT,0.0777,76.0,0.07768,78.0,0.07784,76.0,0.07785,578.0
1753533590539,12:39:50.539,CHESS/USDT:USDT,0.07768,78.0,0.07767,578.0,0.07784,76.0,0.07785,578.0
1753533590628,12:39:50.628,CHESS/USDT:USDT,0.07768,78.0,0.07767,578.0,0.07784,76.0,0.07785,578.0
1753533591045,12:39:51.045,CHESS/USDT:USDT,0.07768,78.0,0.07767,578.0,0.07784,76.0,0.07785,578.0
1753533591208,12:39:51.208,CHESS/USDT:USDT,0.07769,76.0,0.07768,722.0,0.07784,76.0,0.07785,578.0
1753533591785,12:39:51.785,CHESS/USDT:USDT,0.07769,76.0,0.07768,1366.0,0.07784,76.0,0.07785,578.0
1753533594782,12:39:54.782,CHESS/USDT:USDT,0.07769,76.0,0.07768,722.0,0.07784,76.0,0.07785,578.0
1753533594871,12:39:54.871,CHESS/USDT:USDT,0.07769,76.0,0.07768,1366.0,0.07784,76.0,0.07785,578.0
1753533594978,12:39:54.978,CHESS/USDT:USDT,0.07769,76.0,0.07768,722.0,0.07784,76.0,0.07785,578.0
1753533595075,12:39:55.075,CHESS/USDT:USDT,0.07769,76.0,0.07768,722.0,0.07784,76.0,0.07785,578.0
1753533596813,12:39:56.813,CHESS/USDT:USDT,0.0777,76.0,0.07769,720.0,0.07784,76.0,0.07785,578.0
1753533597155,12:39:57.155,CHESS/USDT:USDT,0.07769,76.0,0.07768,722.0,0.07784,76.0,0.07785,578.0
1753533597343,12:39:57.343,CHESS/USDT:USDT,0.0777,76.0,0.07769,720.0,0.07784,76.0,0.07785,578.0
1753533598783,12:39:58.783,CHESS/USDT:USDT,0.0777,76.0,0.07769,76.0,0.07784,76.0,0.07785,578.0
1753533598798,12:39:58.798,CHESS/USDT:USDT,0.07768,78.0,0.07767,578.0,0.07784,76.0,0.07785,578.0
1753533599124,12:39:59.124,CHESS/USDT:USDT,0.07768,78.0,0.07767,578.0,0.07784,76.0,0.07785,578.0
1753533599541,12:39:59.541,CHESS/USDT:USDT,0.07768,78.0,0.07767,578.0,0.07784,76.0,0.07785,578.0
1753533599608,12:39:59.608,CHESS/USDT:USDT,0.07769,77.0,0.07768,722.0,0.07784,76.0,0.07785,578.0
1753533600348,12:40:00.348,CHESS/USDT:USDT,0.07769,77.0,0.07768,722.0,0.07784,76.0,0.07785,578.0
1753533600772,12:40:00.772,CHESS/USDT:USDT,0.0777,77.0,0.07769,77.0,0.07784,76.0,0.07785,578.0
1753533600854,12:40:00.854,CHESS/USDT:USDT,0.07768,78.0,0.07767,578.0,0.07784,76.0,0.07785,578.0
1753533601220,12:40:01.220,CHESS/USDT:USDT,0.07769,77.0,0.07768,1366.0,0.07784,76.0,0.07785,578.0
1753533602417,12:40:02.417,CHESS/USDT:USDT,0.07769,77.0,0.07768,1366.0,0.07784,76.0,0.07785,578.0
1753533602929,12:40:02.929,CHESS/USDT:USDT,0.0777,77.0,0.07769,721.0,0.07784,76.0,0.07785,578.0
1753533603180,12:40:03.180,CHESS/USDT:USDT,0.0777,77.0,0.07769,77.0,0.07784,76.0,0.07785,578.0
1753533603201,12:40:03.201,CHESS/USDT:USDT,0.07769,77.0,0.07768,722.0,0.07784,76.0,0.07785,578.0
1753533605686,12:40:05.686,CHESS/USDT:USDT,0.07769,77.0,0.07768,78.0,0.07784,76.0,0.07785,578.0
1753533605696,12:40:05.696,CHESS/USDT:USDT,0.07768,78.0,0.07767,578.0,0.07784,76.0,0.07785,578.0
1753533606061,12:40:06.061,CHESS/USDT:USDT,0.07768,78.0,0.07767,578.0,0.07784,76.0,0.07785,578.0
1753533606179,12:40:06.179,CHESS/USDT:USDT,0.07769,77.0,0.07768,1366.0,0.07784,76.0,0.07785,578.0
1753533606734,12:40:06.734,CHESS/USDT:USDT,0.0777,77.0,0.07769,721.0,0.07784,76.0,0.07785,578.0
1753533607014,12:40:07.014,CHESS/USDT:USDT,0.07771,77.0,0.0777,721.0,0.07784,76.0,0.07785,578.0
1753533607289,12:40:07.289,CHESS/USDT:USDT,0.07771,77.0,0.0777,77.0,0.07784,76.0,0.07785,578.0
1753533607297,12:40:07.297,CHESS/USDT:USDT,0.07769,77.0,0.07768,722.0,0.07784,76.0,0.07785,578.0
1753533607414,12:40:07.414,CHESS/USDT:USDT,0.0777,77.0,0.07769,721.0,0.07784,76.0,0.07785,578.0
1753533607704,12:40:07.704,CHESS/USDT:USDT,0.0777,77.0,0.07769,721.0,0.07784,76.0,0.07785,578.0
1753533608119,12:40:08.119,CHESS/USDT:USDT,0.0777,77.0,0.07769,721.0,0.07784,76.0,0.07785,578.0
1753533609246,12:40:09.246,CHESS/USDT:USDT,0.0777,77.0,0.07769,721.0,0.07784,76.0,0.07785,578.0
1753533611419,12:40:11.419,CHESS/USDT:USDT,0.07771,77.0,0.0777,77.0,0.07784,76.0,0.07785,578.0
1753533611574,12:40:11.574,CHESS/USDT:USDT,0.07768,78.0,0.07767,578.0,0.07784,76.0,0.07785,578.0
1753533611761,12:40:11.761,CHESS/USDT:USDT,0.07769,77.0,0.07768,1366.0,0.07784,76.0,0.07785,578.0
1753533611915,12:40:11.915,CHESS/USDT:USDT,0.07769,77.0,0.07768,2010.0,0.07784,76.0,0.07785,578.0
1753533612519,12:40:12.519,CHESS/USDT:USDT,0.0777,77.0,0.07769,737.0,0.07784,76.0,0.07785,578.0
1753533612979,12:40:12.979,CHESS/USDT:USDT,0.0777,77.0,0.07769,77.0,0.07784,76.0,0.07785,578.0
1753533612994,12:40:12.994,CHESS/USDT:USDT,0.07769,77.0,0.07768,2010.0,0.07784,76.0,0.07785,578.0
1753533615085,12:40:15.085,CHESS/USDT:USDT,0.07769,77.0,0.07768,78.0,0.07784,76.0,0.07785,578.0
1753533615141,12:40:15.141,CHESS/USDT:USDT,0.07769,760.0,0.07768,1405.0,0.07784,76.0,0.07785,578.0
1753533615260,12:40:15.260,CHESS/USDT:USDT,0.0777,77.0,0.07769,760.0,0.07784,76.0,0.07785,578.0
1753533615805,12:40:15.805,CHESS/USDT:USDT,0.07771,77.0,0.0777,736.0,0.07784,76.0,0.07785,578.0
1753533616221,12:40:16.221,CHESS/USDT:USDT,0.0777,659.0,0.07769,77.0,0.07784,76.0,0.07785,578.0
1753533616379,12:40:16.379,CHESS/USDT:USDT,0.07771,77.0,0.07769,77.0,0.07784,76.0,0.07785,578.0
1753533616534,12:40:16.534,CHESS/USDT:USDT,0.0777,77.0,0.07769,1492.0,0.07784,76.0,0.07785,578.0
1753533617422,12:40:17.422,CHESS/USDT:USDT,0.0777,77.0,0.07769,1492.0,0.07784,76.0,0.07785,578.0
1753533619476,12:40:19.476,CHESS/USDT:USDT,0.0777,77.0,0.07769,1492.0,0.07784,76.0,0.07785,578.0
1753533619504,12:40:19.504,CHESS/USDT:USDT,0.0777,77.0,0.07769,1492.0,0.07784,76.0,0.07785,578.0
1753533619743,12:40:19.743,CHESS/USDT:USDT,0.07771,78.0,0.0777,77.0,0.07784,76.0,0.07785,578.0
1753533619891,12:40:19.891,CHESS/USDT:USDT,0.07769,77.0,0.07768,78.0,0.07784,76.0,0.07785,578.0
1753533619895,12:40:19.895,CHESS/USDT:USDT,0.0777,676.0,0.07768,78.0,0.07784,76.0,0.07785,578.0
1753533620053,12:40:20.053,CHESS/USDT:USDT,0.07772,78.0,0.07771,754.0,0.07784,76.0,0.07785,578.0
1753533620281,12:40:20.281,CHESS/USDT:USDT,0.07768,78.0,0.07767,578.0,0.07784,76.0,0.07785,578.0
1753533620318,12:40:20.318,CHESS/USDT:USDT,0.07768,78.0,0.07767,578.0,0.07784,76.0,0.07785,578.0
1753533620731,12:40:20.731,CHESS/USDT:USDT,0.07768,78.0,0.07767,578.0,0.07784,76.0,0.07785,578.0
1753533621156,12:40:21.156,CHESS/USDT:USDT,0.07769,78.0,0.07768,754.0,0.07784,76.0,0.07785,578.0
1753533622392,12:40:22.392,CHESS/USDT:USDT,0.07769,78.0,0.07768,754.0,0.07784,76.0,0.07785,578.0
1753533623589,12:40:23.589,CHESS/USDT:USDT,0.07769,785.0,0.07768,754.0,0.07784,76.0,0.07785,578.0
1753533623609,12:40:23.609,CHESS/USDT:USDT,0.0777,78.0,0.07769,785.0,0.07784,76.0,0.07785,578.0
1753533624173,12:40:24.173,CHESS/USDT:USDT,0.0777,795.0,0.07769,785.0,0.07784,76.0,0.07785,578.0
1753533624200,12:40:24.200,CHESS/USDT:USDT,0.07771,78.0,0.0777,78.0,0.07784,76.0,0.07785,578.0
1753533624348,12:40:24.348,CHESS/USDT:USDT,0.0777,78.0,0.07769,785.0,0.07784,76.0,0.07785,578.0
1753533624857,12:40:24.857,CHESS/USDT:USDT,0.07771,78.0,0.0777,795.0,0.07784,76.0,0.07785,578.0
1753533625234,12:40:25.234,CHESS/USDT:USDT,0.0777,78.0,0.07769,785.0,0.07784,76.0,0.07785,578.0
1753533625635,12:40:25.635,CHESS/USDT:USDT,0.0777,78.0,0.07769,785.0,0.07784,76.0,0.07785,578.0
1753533625706,12:40:25.706,CHESS/USDT:USDT,0.07771,78.0,0.0777,804.0,0.07784,76.0,0.07785,578.0
1753533626074,12:40:26.074,CHESS/USDT:USDT,0.0777,78.0,0.07769,785.0,0.07784,76.0,0.07785,578.0
1753533626466,12:40:26.466,CHESS/USDT:USDT,0.0777,78.0,0.07769,785.0,0.07784,76.0,0.07785,578.0
1753533626880,12:40:26.880,CHESS/USDT:USDT,0.07768,78.0,0.07767,578.0,0.07784,76.0,0.07785,578.0
1753533626932,12:40:26.932,CHESS/USDT:USDT,0.07769,78.0,0.07768,804.0,0.07784,76.0,0.07785,578.0
1753533627280,12:40:27.280,CHESS/USDT:USDT,0.07769,78.0,0.07768,804.0,0.07784,76.0,0.07785,578.0
1753533630139,12:40:30.139,CHESS/USDT:USDT,0.07768,78.0,0.07767,578.0,0.07784,76.0,0.07785,578.0
1753533630790,12:40:30.790,CHESS/USDT:USDT,0.07769,76.0,0.07768,852.0,0.07784,76.0,0.07785,578.0
1753533635952,12:40:35.952,CHESS/USDT:USDT,0.0777,76.0,0.07769,1710.0,0.07784,76.0,0.07785,578.0
1753533638408,12:40:38.408,CHESS/USDT:USDT,0.0777,76.0,0.07769,1710.0,0.07784,76.0,0.07785,578.0
1753533638988,12:40:38.988,CHESS/USDT:USDT,0.0777,76.0,0.07769,76.0,0.07784,76.0,0.07785,578.0
1753533638999,12:40:38.999,CHESS/USDT:USDT,0.0777,819.0,0.07768,78.0,0.07784,76.0,0.07785,578.0
1753533639180,12:40:39.180,CHESS/USDT:USDT,0.07772,76.0,0.07771,76.0,0.07784,76.0,0.07785,578.0
1753533639374,12:40:39.374,CHESS/USDT:USDT,0.07769,76.0,0.07768,1747.0,0.07784,76.0,0.07785,578.0
1753533639955,12:40:39.955,CHESS/USDT:USDT,0.0777,75.0,0.07769,720.0,0.07784,76.0,0.07785,578.0
1753533643877,12:40:43.877,CHESS/USDT:USDT,0.07768,78.0,0.07767,578.0,0.07784,76.0,0.07785,578.0
1753533643909,12:40:43.909,CHESS/USDT:USDT,0.07768,78.0,0.07767,578.0,0.07784,76.0,0.07785,578.0
1753533645108,12:40:45.108,CHESS/USDT:USDT,0.07769,75.0,0.07768,1366.0,0.07784,76.0,0.07785,578.0
1753533647030,12:40:47.030,CHESS/USDT:USDT,0.07769,75.0,0.07768,2654.0,0.07784,76.0,0.07785,578.0
1753533648233,12:40:48.233,CHESS/USDT:USDT,0.07769,75.0,0.07768,2010.0,0.07784,76.0,0.07785,578.0
1753533648452,12:40:48.452,CHESS/USDT:USDT,0.0777,75.0,0.07769,2007.0,0.07784,76.0,0.07785,578.0
1753533650378,12:40:50.378,CHESS/USDT:USDT,0.07769,1288.0,0.07768,78.0,0.07784,76.0,0.07785,578.0
1753533650552,12:40:50.552,CHESS/USDT:USDT,0.0777,76.0,0.07768,78.0,0.07784,76.0,0.07785,578.0
1753533650714,12:40:50.714,CHESS/USDT:USDT,0.07769,76.0,0.07768,722.0,0.07784,76.0,0.07785,578.0
1753533650842,12:40:50.842,CHESS/USDT:USDT,0.0777,76.0,0.07769,720.0,0.07784,76.0,0.07785,578.0
1753533652863,12:40:52.863,CHESS/USDT:USDT,0.0777,76.0,0.07769,720.0,0.07784,76.0,0.07785,578.0
1753533654838,12:40:54.838,CHESS/USDT:USDT,0.07771,76.0,0.0777,720.0,0.07784,76.0,0.07785,578.0
1753533655175,12:40:55.175,CHESS/USDT:USDT,0.07771,76.0,0.0777,720.0,0.07784,76.0,0.07785,578.0
1753533655202,12:40:55.202,CHESS/USDT:USDT,0.07771,76.0,0.0777,720.0,0.07784,76.0,0.07785,578.0
1753533656631,12:40:56.631,CHESS/USDT:USDT,0.07771,76.0,0.0777,720.0,0.07784,76.0,0.07785,578.0
1753533657194,12:40:57.194,CHESS/USDT:USDT,0.07771,76.0,0.0777,720.0,0.07784,76.0,0.07785,578.0
1753533659022,12:40:59.022,CHESS/USDT:USDT,0.07771,76.0,0.0777,720.0,0.07784,76.0,0.07785,578.0
1753533659584,12:40:59.584,CHESS/USDT:USDT,0.07771,76.0,0.0777,76.0,0.07784,76.0,0.07785,578.0
1753533659676,12:40:59.676,CHESS/USDT:USDT,0.07768,722.0,0.07767,578.0,0.07784,76.0,0.07785,578.0
1753533659694,12:40:59.694,CHESS/USDT:USDT,0.07769,75.0,0.07768,722.0,0.07784,76.0,0.07785,578.0
1753533660208,12:41:00.208,CHESS/USDT:USDT,0.0777,75.0,0.07769,719.0,0.07784,76.0,0.07785,578.0
1753533661999,12:41:01.999,CHESS/USDT:USDT,0.0777,75.0,0.07769,719.0,0.07784,76.0,0.07785,578.0
1753533662188,12:41:02.188,CHESS/USDT:USDT,0.07769,644.0,0.07768,78.0,0.07784,76.0,0.07785,578.0
1753533662317,12:41:02.317,CHESS/USDT:USDT,0.0777,75.0,0.07768,78.0,0.07784,76.0,0.07785,578.0
1753533662485,12:41:02.485,CHESS/USDT:USDT,0.07769,75.0,0.07768,722.0,0.07784,76.0,0.07785,578.0
1753533662507,12:41:02.507,CHESS/USDT:USDT,0.07769,75.0,0.07768,1366.0,0.07784,76.0,0.07785,578.0
1753533662928,12:41:02.928,CHESS/USDT:USDT,0.0777,75.0,0.07769,719.0,0.07784,76.0,0.07785,578.0
1753533663011,12:41:03.011,CHESS/USDT:USDT,0.0777,75.0,0.07769,719.0,0.07784,76.0,0.07785,578.0
1753533663183,12:41:03.183,CHESS/USDT:USDT,0.07771,75.0,0.0777,719.0,0.07784,76.0,0.07785,578.0
1753533663352,12:41:03.352,CHESS/USDT:USDT,0.07771,75.0,0.0777,719.0,0.07784,76.0,0.07785,578.0
1753533665113,12:41:05.113,CHESS/USDT:USDT,0.07771,75.0,0.0777,719.0,0.07784,76.0,0.07785,578.0
1753533665351,12:41:05.351,CHESS/USDT:USDT,0.07771,75.0,0.0777,719.0,0.07784,76.0,0.07785,578.0
1753533666165,12:41:06.165,CHESS/USDT:USDT,0.07771,75.0,0.0777,719.0,0.07784,76.0,0.07785,578.0
1753533668167,12:41:08.167,CHESS/USDT:USDT,0.07772,75.0,0.07771,75.0,0.07784,76.0,0.07785,578.0
1753533668196,12:41:08.196,CHESS/USDT:USDT,0.07772,75.0,0.07771,75.0,0.07784,76.0,0.07785,578.0
1753533668329,12:41:08.329,CHESS/USDT:USDT,0.07768,78.0,0.07767,578.0,0.07784,76.0,0.07785,578.0
1753533668586,12:41:08.586,CHESS/USDT:USDT,0.07768,78.0,0.07767,578.0,0.07784,76.0,0.07785,578.0
1753533668857,12:41:08.857,CHESS/USDT:USDT,0.07769,75.0,0.07768,1366.0,0.07784,76.0,0.07785,578.0
1753533669410,12:41:09.410,CHESS/USDT:USDT,0.07769,75.0,0.07768,1366.0,0.07784,76.0,0.07785,578.0
1753533669885,12:41:09.885,CHESS/USDT:USDT,0.07769,75.0,0.07768,1366.0,0.07784,76.0,0.07785,578.0
1753533671447,12:41:11.447,CHESS/USDT:USDT,0.0777,77.0,0.07769,719.0,0.07784,76.0,0.07785,578.0
1753533672132,12:41:12.132,CHESS/USDT:USDT,0.07771,77.0,0.0777,721.0,0.07784,76.0,0.07785,578.0
1753533672310,12:41:12.310,CHESS/USDT:USDT,0.07771,77.0,0.0777,721.0,0.07784,76.0,0.07785,578.0
1753533673530,12:41:13.530,CHESS/USDT:USDT,0.07771,77.0,0.0777,721.0,0.07784,76.0,0.07785,578.0
1753533673969,12:41:13.969,CHESS/USDT:USDT,0.07771,77.0,0.0777,721.0,0.07784,76.0,0.07785,578.0
1753533674360,12:41:14.360,CHESS/USDT:USDT,0.07771,77.0,0.0777,721.0,0.07784,76.0,0.07785,578.0
1753533675242,12:41:15.242,CHESS/USDT:USDT,0.0777,644.0,0.07768,78.0,0.07784,76.0,0.07785,578.0
1753533675391,12:41:15.391,CHESS/USDT:USDT,0.07771,77.0,0.0777,644.0,0.07784,76.0,0.07785,578.0
1753533675412,12:41:15.412,CHESS/USDT:USDT,0.07772,77.0,0.07771,720.0,0.07784,76.0,0.07785,578.0
1753533676386,12:41:16.386,CHESS/USDT:USDT,0.07772,77.0,0.07771,77.0,0.07784,76.0,0.07785,578.0
1753533676415,12:41:16.415,CHESS/USDT:USDT,0.07768,78.0,0.07767,578.0,0.07784,76.0,0.07785,578.0
1753533676812,12:41:16.812,CHESS/USDT:USDT,0.07768,78.0,0.07767,578.0,0.07784,76.0,0.07785,578.0
1753533677226,12:41:17.226,CHESS/USDT:USDT,0.07768,78.0,0.07767,578.0,0.07784,76.0,0.07785,578.0
1753533678095,12:41:18.095,CHESS/USDT:USDT,0.07769,77.0,0.07768,1366.0,0.07784,76.0,0.07785,578.0
1753533679253,12:41:19.253,CHESS/USDT:USDT,0.07769,77.0,0.07768,1366.0,0.07784,76.0,0.07785,578.0
1753533681483,12:41:21.483,CHESS/USDT:USDT,0.07769,77.0,0.07768,78.0,0.07784,76.0,0.07785,578.0
1753533681496,12:41:21.496,CHESS/USDT:USDT,0.07768,78.0,0.07767,578.0,0.07784,76.0,0.07785,578.0
1753533682470,12:41:22.470,CHESS/USDT:USDT,0.07768,78.0,0.07767,578.0,0.07784,76.0,0.07785,578.0
1753533682682,12:41:22.682,CHESS/USDT:USDT,0.07769,77.0,0.07768,722.0,0.07784,76.0,0.07785,578.0
1753533682888,12:41:22.888,CHESS/USDT:USDT,0.07769,77.0,0.07768,1366.0,0.07784,76.0,0.07785,578.0
1753533683288,12:41:23.288,CHESS/USDT:USDT,0.07769,77.0,0.07768,1366.0,0.07784,76.0,0.07785,578.0
1753533686078,12:41:26.078,CHESS/USDT:USDT,0.0777,77.0,0.07769,1365.0,0.07784,76.0,0.07785,578.0
1753533690123,12:41:30.123,CHESS/USDT:USDT,0.07769,644.0,0.07768,78.0,0.07784,76.0,0.07785,578.0
1753533690270,12:41:30.270,CHESS/USDT:USDT,0.0777,75.0,0.07769,644.0,0.07784,76.0,0.07785,578.0
1753533691316,12:41:31.316,CHESS/USDT:USDT,0.07771,75.0,0.0777,719.0,0.07784,76.0,0.07785,578.0
1753533691763,12:41:31.763,CHESS/USDT:USDT,0.0777,644.0,0.07768,78.0,0.07784,76.0,0.07785,578.0
1753533691936,12:41:31.936,CHESS/USDT:USDT,0.07771,75.0,0.07768,78.0,0.07784,76.0,0.07785,578.0
1753533692092,12:41:32.092,CHESS/USDT:USDT,0.07768,722.0,0.07767,578.0,0.07784,76.0,0.07785,578.0
1753533692155,12:41:32.155,CHESS/USDT:USDT,0.07769,75.0,0.07768,722.0,0.07784,76.0,0.07785,578.0
1753533693421,12:41:33.421,CHESS/USDT:USDT,0.0777,75.0,0.07769,719.0,0.07784,76.0,0.07785,578.0
1753533696083,12:41:36.083,CHESS/USDT:USDT,0.07771,75.0,0.0777,719.0,0.07784,76.0,0.07785,578.0
1753533696589,12:41:36.589,CHESS/USDT:USDT,0.07768,78.0,0.07767,578.0,0.07784,76.0,0.07785,578.0
1753533696592,12:41:36.592,CHESS/USDT:USDT,0.07769,703.0,0.07768,78.0,0.07784,76.0,0.07785,578.0
1753533696794,12:41:36.794,CHESS/USDT:USDT,0.0777,75.0,0.07769,703.0,0.07784,76.0,0.07785,578.0
1753533697406,12:41:37.406,CHESS/USDT:USDT,0.0777,75.0,0.07769,703.0,0.07784,76.0,0.07785,578.0
1753533697819,12:41:37.819,CHESS/USDT:USDT,0.0777,75.0,0.07769,703.0,0.07784,76.0,0.07785,578.0
1753533699134,12:41:39.134,CHESS/USDT:USDT,0.07769,75.0,0.07768,722.0,0.07784,76.0,0.07785,578.0
1753533699254,12:41:39.254,CHESS/USDT:USDT,0.0777,75.0,0.07769,2007.0,0.07784,76.0,0.07785,578.0
1753533699868,12:41:39.868,CHESS/USDT:USDT,0.0777,75.0,0.07769,2070.0,0.07784,76.0,0.07785,578.0
1753533700589,12:41:40.589,CHESS/USDT:USDT,0.0777,719.0,0.07769,2070.0,0.07784,76.0,0.07785,578.0
1753533700689,12:41:40.689,CHESS/USDT:USDT,0.07772,77.0,0.07771,77.0,0.07784,76.0,0.07785,578.0
1753533700787,12:41:40.787,CHESS/USDT:USDT,0.07771,77.0,0.0777,75.0,0.07784,76.0,0.07785,578.0
1753533700814,12:41:40.814,CHESS/USDT:USDT,0.07768,78.0,0.07767,578.0,0.07784,76.0,0.07785,578.0
1753533700983,12:41:40.983,CHESS/USDT:USDT,0.0777,1365.0,0.07769,721.0,0.07784,76.0,0.07785,578.0
1753533701051,12:41:41.051,CHESS/USDT:USDT,0.07771,77.0,0.0777,721.0,0.07784,76.0,0.07785,578.0
1753533701160,12:41:41.160,CHESS/USDT:USDT,0.07772,77.0,0.07771,77.0,0.07784,76.0,0.07785,578.0
1753533701273,12:41:41.273,CHESS/USDT:USDT,0.07769,77.0,0.07768,78.0,0.07784,76.0,0.07785,578.0
1753533701315,12:41:41.315,CHESS/USDT:USDT,0.07769,77.0,0.07768,722.0,0.07784,76.0,0.07785,578.0
1753533701468,12:41:41.468,CHESS/USDT:USDT,0.0777,77.0,0.07769,2009.0,0.07784,76.0,0.07785,578.0
1753533701761,12:41:41.761,CHESS/USDT:USDT,0.0777,77.0,0.07769,2653.0,0.07784,76.0,0.07785,578.0
1753533701971,12:41:41.971,CHESS/USDT:USDT,0.0777,721.0,0.07769,2653.0,0.07784,76.0,0.07785,578.0
1753533701992,12:41:41.992,CHESS/USDT:USDT,0.07771,77.0,0.0777,721.0,0.07784,76.0,0.07785,578.0
1753533702268,12:41:42.268,CHESS/USDT:USDT,0.07771,77.0,0.0777,721.0,0.07784,76.0,0.07785,578.0
1753533702568,12:41:42.568,CHESS/USDT:USDT,0.07771,77.0,0.0777,721.0,0.07785,578.0,0.07786,578.0
1753533702623,12:41:42.623,CHESS/USDT:USDT,0.07771,77.0,0.0777,721.0,0.07784,77.0,0.07785,578.0
1753533703297,12:41:43.297,CHESS/USDT:USDT,0.07771,77.0,0.0777,721.0,0.07784,77.0,0.07785,578.0
1753533703482,12:41:43.482,CHESS/USDT:USDT,0.07771,77.0,0.0777,721.0,0.07784,77.0,0.07785,578.0
1753533703498,12:41:43.498,CHESS/USDT:USDT,0.07772,77.0,0.07771,720.0,0.07784,77.0,0.07785,578.0
1753533704176,12:41:44.176,CHESS/USDT:USDT,0.07772,77.0,0.07771,720.0,0.07785,578.0,0.07786,578.0
1753533704234,12:41:44.234,CHESS/USDT:USDT,0.07772,77.0,0.07771,720.0,0.07785,578.0,0.07786,578.0
1753533704360,12:41:44.360,CHESS/USDT:USDT,0.07773,77.0,0.07772,720.0,0.07785,578.0,0.07786,578.0
1753533704735,12:41:44.735,CHESS/USDT:USDT,0.07772,77.0,0.07771,720.0,0.07785,578.0,0.07786,578.0
1753533704816,12:41:44.816,CHESS/USDT:USDT,0.07773,77.0,0.07772,2006.0,0.07785,578.0,0.07786,578.0
1753533705055,12:41:45.055,CHESS/USDT:USDT,0.07774,77.0,0.07773,1363.0,0.07785,500.0,0.07786,578.0
1753533705160,12:41:45.160,CHESS/USDT:USDT,0.07774,77.0,0.07773,1363.0,0.07785,500.0,0.07786,578.0
1753533705287,12:41:45.287,CHESS/USDT:USDT,0.07773,77.0,0.07772,77.0,0.07784,77.0,0.07785,500.0
1753533705348,12:41:45.348,CHESS/USDT:USDT,0.07771,643.0,0.0777,77.0,0.07784,77.0,0.07785,500.0
1753533705480,12:41:45.480,CHESS/USDT:USDT,0.07772,720.0,0.07771,643.0,0.07784,77.0,0.07785,500.0
1753533705561,12:41:45.561,CHESS/USDT:USDT,0.07773,77.0,0.07772,77.0,0.07784,77.0,0.07785,500.0
1753533705654,12:41:45.654,CHESS/USDT:USDT,0.07772,643.0,0.0777,77.0,0.07784,77.0,0.07785,500.0
1753533705855,12:41:45.855,CHESS/USDT:USDT,0.07774,77.0,0.07773,720.0,0.07784,77.0,0.07785,500.0
1753533705984,12:41:45.984,CHESS/USDT:USDT,0.07774,77.0,0.07773,77.0,0.07784,77.0,0.07785,500.0
1753533706054,12:41:46.054,CHESS/USDT:USDT,0.07771,77.0,0.0777,2009.0,0.07784,77.0,0.07785,500.0
1753533706391,12:41:46.391,CHESS/USDT:USDT,0.07771,77.0,0.0777,2009.0,0.07784,77.0,0.07785,500.0
1753533707348,12:41:47.348,CHESS/USDT:USDT,0.07772,77.0,0.07771,720.0,0.07784,77.0,0.07785,500.0
1753533707510,12:41:47.510,CHESS/USDT:USDT,0.07773,77.0,0.07772,1363.0,0.07784,77.0,0.07785,500.0
1753533707612,12:41:47.612,CHESS/USDT:USDT,0.07773,77.0,0.07772,1363.0,0.07784,77.0,0.07785,500.0
1753533707773,12:41:47.773,CHESS/USDT:USDT,0.07774,77.0,0.07773,77.0,0.07784,77.0,0.07785,500.0
1753533707861,12:41:47.861,CHESS/USDT:USDT,0.07774,77.0,0.07773,77.0,0.07784,77.0,0.07785,500.0
1753533707940,12:41:47.940,CHESS/USDT:USDT,0.07774,77.0,0.07773,77.0,0.07784,77.0,0.07785,500.0
1753533708086,12:41:48.086,CHESS/USDT:USDT,0.07773,77.0,0.07772,1363.0,0.07784,77.0,0.07785,500.0
1753533708423,12:41:48.423,CHESS/USDT:USDT,0.07773,77.0,0.07772,1363.0,0.07784,77.0,0.07785,500.0
1753533708837,12:41:48.837,CHESS/USDT:USDT,0.07773,77.0,0.07772,1363.0,0.07784,77.0,0.07785,500.0
1753533710861,12:41:50.861,CHESS/USDT:USDT,0.07774,75.0,0.07773,1363.0,0.07784,77.0,0.07785,500.0
1753533711319,12:41:51.319,CHESS/USDT:USDT,0.07773,1286.0,0.07772,77.0,0.07784,77.0,0.07785,500.0
1753533711478,12:41:51.478,CHESS/USDT:USDT,0.07774,1361.0,0.07772,77.0,0.07784,77.0,0.07785,500.0
1753533711500,12:41:51.500,CHESS/USDT:USDT,0.07775,75.0,0.07774,75.0,0.07784,77.0,0.07785,500.0
1753533711680,12:41:51.680,CHESS/USDT:USDT,0.0777,721.0,0.07769,2140.0,0.07784,77.0,0.07785,500.0
1753533711712,12:41:51.712,CHESS/USDT:USDT,0.07771,2647.0,0.0777,721.0,0.07784,77.0,0.07785,500.0
1753533711857,12:41:51.857,CHESS/USDT:USDT,0.07772,75.0,0.07771,2647.0,0.07784,77.0,0.07785,500.0
1753533712120,12:41:52.120,CHESS/USDT:USDT,0.07772,75.0,0.07771,2647.0,0.07784,77.0,0.07785,500.0
1753533712532,12:41:52.532,CHESS/USDT:USDT,0.07772,75.0,0.07771,2647.0,0.07784,77.0,0.07785,500.0
1753533713889,12:41:53.889,CHESS/USDT:USDT,0.07773,75.0,0.07772,718.0,0.07784,77.0,0.07785,500.0
1753533714156,12:41:54.156,CHESS/USDT:USDT,0.07773,75.0,0.07772,718.0,0.07784,77.0,0.07785,500.0
1753533714563,12:41:54.563,CHESS/USDT:USDT,0.07773,75.0,0.07772,718.0,0.07784,77.0,0.07785,500.0
1753533714750,12:41:54.750,CHESS/USDT:USDT,0.07773,75.0,0.07772,718.0,0.07784,77.0,0.07785,500.0
1753533714866,12:41:54.866,CHESS/USDT:USDT,0.07771,3215.0,0.0777,77.0,0.07784,77.0,0.07785,500.0
1753533714976,12:41:54.976,CHESS/USDT:USDT,0.07771,3215.0,0.0777,77.0,0.07784,77.0,0.07785,500.0
1753533715002,12:41:55.002,CHESS/USDT:USDT,0.07772,75.0,0.07771,643.0,0.07784,77.0,0.07785,500.0
1753533715390,12:41:55.390,CHESS/USDT:USDT,0.07772,75.0,0.07771,643.0,0.07784,77.0,0.07785,500.0
1753533715872,12:41:55.872,CHESS/USDT:USDT,0.07773,75.0,0.07772,75.0,0.07784,77.0,0.07785,500.0
1753533715989,12:41:55.989,CHESS/USDT:USDT,0.0777,77.0,0.07769,2140.0,0.07784,77.0,0.07785,500.0
1753533716010,12:41:56.010,CHESS/USDT:USDT,0.07771,75.0,0.0777,1365.0,0.07784,77.0,0.07785,500.0
1753533716140,12:41:56.140,CHESS/USDT:USDT,0.07772,75.0,0.07771,75.0,0.07784,77.0,0.07785,500.0
1753533716289,12:41:56.289,CHESS/USDT:USDT,0.0777,77.0,0.07769,2140.0,0.07784,77.0,0.07785,500.0
1753533716390,12:41:56.390,CHESS/USDT:USDT,0.07771,75.0,0.0777,721.0,0.07784,77.0,0.07785,500.0
1753533716392,12:41:56.392,CHESS/USDT:USDT,0.07771,75.0,0.0777,2009.0,0.07784,77.0,0.07785,500.0
1753533716540,12:41:56.540,CHESS/USDT:USDT,0.07772,75.0,0.07771,1361.0,0.07784,77.0,0.07785,500.0
1753533717567,12:41:57.567,CHESS/USDT:USDT,0.07772,75.0,0.07771,718.0,0.07784,77.0,0.07785,500.0
1753533717840,12:41:57.840,CHESS/USDT:USDT,0.07773,75.0,0.07772,75.0,0.07784,77.0,0.07785,500.0
1753533717983,12:41:57.983,CHESS/USDT:USDT,0.07772,643.0,0.07771,75.0,0.07784,77.0,0.07785,500.0
1753533718063,12:41:58.063,CHESS/USDT:USDT,0.07772,3215.0,0.07771,75.0,0.07784,77.0,0.07785,500.0
1753533718158,12:41:58.158,CHESS/USDT:USDT,0.07773,75.0,0.07772,1286.0,0.07784,77.0,0.07785,500.0
1753533718212,12:41:58.212,CHESS/USDT:USDT,0.07773,75.0,0.07772,1286.0,0.07784,77.0,0.07785,500.0
1753533718626,12:41:58.626,CHESS/USDT:USDT,0.07773,75.0,0.07772,1286.0,0.07784,77.0,0.07785,500.0
1753533719043,12:41:59.043,CHESS/USDT:USDT,0.07773,75.0,0.07772,1286.0,0.07784,77.0,0.07785,500.0
1753533720074,12:42:00.074,CHESS/USDT:USDT,0.07773,75.0,0.07772,1286.0,0.07784,77.0,0.07785,500.0
1753533720350,12:42:00.350,CHESS/USDT:USDT,0.07773,75.0,0.07772,1286.0,0.07784,77.0,0.07785,500.0
1753533720767,12:42:00.767,CHESS/USDT:USDT,0.07774,75.0,0.07773,718.0,0.07784,77.0,0.07785,500.0
1753533721079,12:42:01.079,CHESS/USDT:USDT,0.07774,75.0,0.07773,718.0,0.07784,77.0,0.07785,500.0
1753533721245,12:42:01.245,CHESS/USDT:USDT,0.0777,77.0,0.07769,2140.0,0.07784,77.0,0.07785,500.0
1753533721500,12:42:01.500,CHESS/USDT:USDT,0.0777,77.0,0.07769,2140.0,0.07784,77.0,0.07785,500.0
1753533721627,12:42:01.627,CHESS/USDT:USDT,0.07771,75.0,0.0777,1365.0,0.07784,77.0,0.07785,500.0
1753533721868,12:42:01.868,CHESS/USDT:USDT,0.07771,75.0,0.0777,2653.0,0.07784,77.0,0.07785,500.0
1753533721915,12:42:01.915,CHESS/USDT:USDT,0.07771,75.0,0.0777,2653.0,0.07784,77.0,0.07785,500.0
1753533722034,12:42:02.034,CHESS/USDT:USDT,0.07772,75.0,0.07771,718.0,0.07784,77.0,0.07785,500.0
1753533722180,12:42:02.180,CHESS/USDT:USDT,0.07773,75.0,0.07772,718.0,0.07784,77.0,0.07785,500.0
1753533722246,12:42:02.246,CHESS/USDT:USDT,0.07773,75.0,0.07772,718.0,0.07784,77.0,0.07785,500.0
1753533722329,12:42:02.329,CHESS/USDT:USDT,0.07773,75.0,0.07772,718.0,0.07784,77.0,0.07785,500.0
1753533722459,12:42:02.459,CHESS/USDT:USDT,0.07772,643.0,0.07771,75.0,0.07784,77.0,0.07785,500.0
1753533722579,12:42:02.579,CHESS/USDT:USDT,0.07773,75.0,0.07771,75.0,0.07784,77.0,0.07785,500.0
1753533722731,12:42:02.731,CHESS/USDT:USDT,0.07771,1286.0,0.0777,77.0,0.07784,77.0,0.07785,500.0
1753533722877,12:42:02.877,CHESS/USDT:USDT,0.07772,75.0,0.07771,1286.0,0.07784,77.0,0.07785,500.0
1753533722986,12:42:02.986,CHESS/USDT:USDT,0.07772,75.0,0.07771,1286.0,0.07784,77.0,0.07785,500.0
1753533723037,12:42:03.037,CHESS/USDT:USDT,0.07772,75.0,0.07771,643.0,0.07784,77.0,0.07785,500.0
1753533723177,12:42:03.177,CHESS/USDT:USDT,0.07771,75.0,0.0777,721.0,0.07784,77.0,0.07785,500.0
1753533723194,12:42:03.194,CHESS/USDT:USDT,0.07771,75.0,0.0777,721.0,0.07784,77.0,0.07785,500.0
1753533723810,12:42:03.810,CHESS/USDT:USDT,0.07772,75.0,0.07771,1361.0,0.07784,77.0,0.07785,500.0
1753533724460,12:42:04.460,CHESS/USDT:USDT,0.07771,643.0,0.0777,77.0,0.07784,77.0,0.07785,500.0
1753533724618,12:42:04.618,CHESS/USDT:USDT,0.07772,75.0,0.0777,77.0,0.07784,77.0,0.07785,500.0
1753533724773,12:42:04.773,CHESS/USDT:USDT,0.0777,3297.0,0.07769,2140.0,0.07784,77.0,0.07785,500.0
1753533724812,12:42:04.812,CHESS/USDT:USDT,0.07772,75.0,0.07771,718.0,0.07784,77.0,0.07785,500.0
1753533725613,12:42:05.613,CHESS/USDT:USDT,0.07772,75.0,0.07771,718.0,0.07784,77.0,0.07785,500.0
1753533725786,12:42:05.786,CHESS/USDT:USDT,0.07772,75.0,0.07771,718.0,0.07784,77.0,0.07785,500.0
1753533725807,12:42:05.807,CHESS/USDT:USDT,0.07772,75.0,0.07771,718.0,0.07784,77.0,0.07785,500.0
1753533726560,12:42:06.560,CHESS/USDT:USDT,0.07773,75.0,0.07772,1361.0,0.07784,77.0,0.07785,500.0
1753533726618,12:42:06.618,CHESS/USDT:USDT,0.07773,75.0,0.07772,75.0,0.07784,77.0,0.07785,500.0
1753533726724,12:42:06.724,CHESS/USDT:USDT,0.07772,1286.0,0.07771,75.0,0.07784,77.0,0.07785,500.0
1753533726880,12:42:06.880,CHESS/USDT:USDT,0.07773,75.0,0.07771,75.0,0.07784,77.0,0.07785,500.0
1753533727025,12:42:07.025,CHESS/USDT:USDT,0.0777,77.0,0.07769,2140.0,0.07784,77.0,0.07785,500.0
1753533727188,12:42:07.188,CHESS/USDT:USDT,0.07772,75.0,0.07771,1286.0,0.07784,77.0,0.07785,500.0
1753533727580,12:42:07.580,CHESS/USDT:USDT,0.07772,75.0,0.07771,1286.0,0.07784,77.0,0.07785,500.0
1753533728678,12:42:08.678,CHESS/USDT:USDT,0.07772,75.0,0.07771,1286.0,0.07784,77.0,0.07785,500.0
1753533728896,12:42:08.896,CHESS/USDT:USDT,0.07773,75.0,0.07772,718.0,0.07784,77.0,0.07785,500.0
1753533729481,12:42:09.481,CHESS/USDT:USDT,0.0777,1365.0,0.07769,2140.0,0.07784,77.0,0.07785,500.0
1753533729515,12:42:09.515,CHESS/USDT:USDT,0.07772,75.0,0.07771,718.0,0.07784,77.0,0.07785,500.0
1753533729676,12:42:09.676,CHESS/USDT:USDT,0.07772,75.0,0.07771,718.0,0.07784,77.0,0.07785,500.0
1753533729950,12:42:09.950,CHESS/USDT:USDT,0.07773,75.0,0.07772,718.0,0.07784,77.0,0.07785,500.0
1753533730019,12:42:10.019,CHESS/USDT:USDT,0.07773,75.0,0.07772,75.0,0.07784,77.0,0.07785,500.0
1753533730116,12:42:10.116,CHESS/USDT:USDT,0.0777,77.0,0.07769,2140.0,0.07784,77.0,0.07785,500.0
1753533730254,12:42:10.254,CHESS/USDT:USDT,0.07771,75.0,0.0777,1365.0,0.07784,77.0,0.07785,500.0
1753533730490,12:42:10.490,CHESS/USDT:USDT,0.07771,1361.0,0.0777,1365.0,0.07784,77.0,0.07785,500.0
1753533730495,12:42:10.495,CHESS/USDT:USDT,0.07772,75.0,0.07771,2004.0,0.07784,77.0,0.07785,500.0
1753533730676,12:42:10.676,CHESS/USDT:USDT,0.07771,3215.0,0.0777,77.0,0.07784,77.0,0.07785,500.0
1753533730889,12:42:10.889,CHESS/USDT:USDT,0.07772,75.0,0.0777,77.0,0.07784,77.0,0.07785,500.0
1753533730974,12:42:10.974,CHESS/USDT:USDT,0.0777,2653.0,0.07769,2140.0,0.07784,77.0,0.07785,500.0
1753533731018,12:42:11.018,CHESS/USDT:USDT,0.07772,75.0,0.07771,75.0,0.07784,77.0,0.07785,500.0
1753533731173,12:42:11.173,CHESS/USDT:USDT,0.07771,643.0,0.0777,77.0,0.07784,77.0,0.07785,500.0
1753533731255,12:42:11.255,CHESS/USDT:USDT,0.07771,643.0,0.0777,77.0,0.07784,77.0,0.07785,500.0
1753533731325,12:42:11.325,CHESS/USDT:USDT,0.07772,75.0,0.0777,77.0,0.07784,77.0,0.07785,500.0
1753533731478,12:42:11.478,CHESS/USDT:USDT,0.0777,2009.0,0.07769,2140.0,0.07784,77.0,0.07785,500.0
1753533731582,12:42:11.582,CHESS/USDT:USDT,0.07772,75.0,0.07771,2004.0,0.07784,77.0,0.07785,500.0
1753533731823,12:42:11.823,CHESS/USDT:USDT,0.07772,75.0,0.07771,718.0,0.07784,77.0,0.07785,500.0
1753533732863,12:42:12.863,CHESS/USDT:USDT,0.07773,75.0,0.07772,1361.0,0.07784,77.0,0.07785,500.0
1753533732935,12:42:12.935,CHESS/USDT:USDT,0.07773,75.0,0.07772,75.0,0.07784,77.0,0.07785,500.0
1753533733023,12:42:13.023,CHESS/USDT:USDT,0.07772,643.0,0.07771,75.0,0.07784,77.0,0.07785,500.0
1753533733180,12:42:13.180,CHESS/USDT:USDT,0.07773,75.0,0.07771,75.0,0.07784,77.0,0.07785,500.0
1753533733284,12:42:13.284,CHESS/USDT:USDT,0.07773,75.0,0.07771,75.0,0.07784,77.0,0.07785,500.0
1753533733329,12:42:13.329,CHESS/USDT:USDT,0.07771,2572.0,0.0777,77.0,0.07784,77.0,0.07785,500.0
1753533733489,12:42:13.489,CHESS/USDT:USDT,0.07772,75.0,0.07771,1286.0,0.07784,77.0,0.07785,500.0
1753533734468,12:42:14.468,CHESS/USDT:USDT,0.07773,75.0,0.07772,75.0,0.07784,77.0,0.07785,500.0
1753533734567,12:42:14.567,CHESS/USDT:USDT,0.0777,77.0,0.07769,2140.0,0.07784,77.0,0.07785,500.0
1753533734960,12:42:14.960,CHESS/USDT:USDT,0.07772,75.0,0.07771,75.0,0.07784,77.0,0.07785,500.0
1753533735167,12:42:15.167,CHESS/USDT:USDT,0.07772,75.0,0.07771,2647.0,0.07784,77.0,0.07785,500.0
1753533735328,12:42:15.328,CHESS/USDT:USDT,0.07772,75.0,0.07771,2647.0,0.07784,77.0,0.07785,500.0
1753533735401,12:42:15.401,CHESS/USDT:USDT,0.07772,75.0,0.07771,718.0,0.07784,77.0,0.07785,500.0
1753533736288,12:42:16.288,CHESS/USDT:USDT,0.07773,75.0,0.07772,718.0,0.07784,77.0,0.07785,500.0
1753533736485,12:42:16.485,CHESS/USDT:USDT,0.0777,721.0,0.07769,2140.0,0.07784,77.0,0.07785,500.0
1753533736548,12:42:16.548,CHESS/USDT:USDT,0.07771,75.0,0.0777,1365.0,0.07784,77.0,0.07785,500.0
1753533737122,12:42:17.122,CHESS/USDT:USDT,0.07772,75.0,0.07771,1361.0,0.07784,77.0,0.07785,500.0
1753533737372,12:42:17.372,CHESS/USDT:USDT,0.07772,75.0,0.07771,718.0,0.07784,77.0,0.07785,500.0
1753533737779,12:42:17.779,CHESS/USDT:USDT,0.07772,75.0,0.07771,718.0,0.07784,77.0,0.07785,500.0
1753533738181,12:42:18.181,CHESS/USDT:USDT,0.07772,75.0,0.07771,718.0,0.07784,77.0,0.07785,500.0
1753533738587,12:42:18.587,CHESS/USDT:USDT,0.07773,75.0,0.07772,718.0,0.07784,77.0,0.07785,500.0
1753533738632,12:42:18.632,CHESS/USDT:USDT,0.07773,75.0,0.07772,75.0,0.07784,77.0,0.07785,500.0
1753533738755,12:42:18.755,CHESS/USDT:USDT,0.0777,77.0,0.07769,2140.0,0.07784,77.0,0.07785,500.0
1753533738988,12:42:18.988,CHESS/USDT:USDT,0.0777,1365.0,0.07769,2140.0,0.07784,77.0,0.07785,500.0
1753533739034,12:42:19.034,CHESS/USDT:USDT,0.07771,75.0,0.0777,77.0,0.07784,77.0,0.07785,500.0
1753533739161,12:42:19.161,CHESS/USDT:USDT,0.07771,75.0,0.0777,721.0,0.07784,77.0,0.07785,500.0
1753533739447,12:42:19.447,CHESS/USDT:USDT,0.07771,75.0,0.0777,721.0,0.07784,77.0,0.07785,500.0
1753533739578,12:42:19.578,CHESS/USDT:USDT,0.07772,78.0,0.07771,75.0,0.07784,77.0,0.07785,500.0
1753533739734,12:42:19.734,CHESS/USDT:USDT,0.07771,1286.0,0.0777,77.0,0.07784,77.0,0.07785,500.0
1753533739910,12:42:19.910,CHESS/USDT:USDT,0.07772,78.0,0.07771,1929.0,0.07784,77.0,0.07785,500.0
1753533740381,12:42:20.381,CHESS/USDT:USDT,0.07772,1364.0,0.07771,78.0,0.07784,77.0,0.07785,500.0
1753533740490,12:42:20.490,CHESS/USDT:USDT,0.07773,78.0,0.07772,1364.0,0.07784,77.0,0.07785,500.0
1753533740496,12:42:20.496,CHESS/USDT:USDT,0.07773,78.0,0.07772,78.0,0.07784,77.0,0.07785,500.0
1753533740655,12:42:20.655,CHESS/USDT:USDT,0.0777,77.0,0.07769,2140.0,0.07784,77.0,0.07785,500.0
1753533740723,12:42:20.723,CHESS/USDT:USDT,0.0777,77.0,0.07769,2140.0,0.07784,77.0,0.07785,500.0
1753533741420,12:42:21.420,CHESS/USDT:USDT,0.07771,78.0,0.0777,721.0,0.07784,77.0,0.07785,500.0
1753533741579,12:42:21.579,CHESS/USDT:USDT,0.07772,78.0,0.07771,78.0,0.07784,77.0,0.07785,500.0
1753533741733,12:42:21.733,CHESS/USDT:USDT,0.0777,77.0,0.07769,2140.0,0.07784,77.0,0.07785,500.0
1753533741970,12:42:21.970,CHESS/USDT:USDT,0.0777,721.0,0.07769,2140.0,0.07784,77.0,0.07785,500.0
1753533741994,12:42:21.994,CHESS/USDT:USDT,0.07771,78.0,0.0777,721.0,0.07784,77.0,0.07785,500.0
1753533742175,12:42:22.175,CHESS/USDT:USDT,0.07772,78.0,0.07771,721.0,0.07784,77.0,0.07785,500.0
1753533742383,12:42:22.383,CHESS/USDT:USDT,0.07772,78.0,0.07771,78.0,0.07784,77.0,0.07785,500.0
1753533742397,12:42:22.397,CHESS/USDT:USDT,0.0777,77.0,0.07769,2140.0,0.07784,77.0,0.07785,500.0
1753533742794,12:42:22.794,CHESS/USDT:USDT,0.0777,77.0,0.07769,2140.0,0.07784,77.0,0.07785,500.0
1753533743066,12:42:23.066,CHESS/USDT:USDT,0.07771,78.0,0.0777,721.0,0.07784,77.0,0.07785,500.0
1753533743236,12:42:23.236,CHESS/USDT:USDT,0.0777,77.0,0.07769,2140.0,0.07784,77.0,0.07785,500.0
1753533743623,12:42:23.623,CHESS/USDT:USDT,0.0777,77.0,0.07769,2140.0,0.07784,77.0,0.07785,500.0
1753533743988,12:42:23.988,CHESS/USDT:USDT,0.0777,721.0,0.07769,2140.0,0.07784,77.0,0.07785,500.0
1753533743992,12:42:23.992,CHESS/USDT:USDT,0.07771,78.0,0.0777,721.0,0.07784,77.0,0.07785,500.0
1753533744286,12:42:24.286,CHESS/USDT:USDT,0.07771,78.0,0.0777,77.0,0.07784,77.0,0.07785,500.0
1753533744295,12:42:24.295,CHESS/USDT:USDT,0.0777,77.0,0.07769,2140.0,0.07784,77.0,0.07785,500.0
1753533746278,12:42:26.278,CHESS/USDT:USDT,0.0777,77.0,0.07769,2140.0,0.07784,77.0,0.07785,500.0
1753533746457,12:42:26.457,CHESS/USDT:USDT,0.0777,77.0,0.07769,2140.0,0.07784,77.0,0.07785,500.0
1753533746540,12:42:26.540,CHESS/USDT:USDT,0.07771,78.0,0.0777,721.0,0.07784,77.0,0.07785,500.0
1753533746628,12:42:26.628,CHESS/USDT:USDT,0.07777,1.0,0.07771,78.0,0.07784,77.0,0.07785,500.0
1753533746721,12:42:26.721,CHESS/USDT:USDT,0.0777,77.0,0.07769,2140.0,0.07784,77.0,0.07785,500.0
1753533747350,12:42:27.350,CHESS/USDT:USDT,0.07772,78.0,0.07771,1929.0,0.07784,77.0,0.07785,500.0
1753533747426,12:42:27.426,CHESS/USDT:USDT,0.07773,78.0,0.07772,721.0,0.07784,77.0,0.07785,500.0
1753533747725,12:42:27.725,CHESS/USDT:USDT,0.07773,78.0,0.07772,721.0,0.07784,77.0,0.07785,578.0
1753533747907,12:42:27.907,CHESS/USDT:USDT,0.07773,78.0,0.07772,721.0,0.07784,77.0,0.07785,578.0
1753533748485,12:42:28.485,CHESS/USDT:USDT,0.07773,78.0,0.07772,721.0,0.07784,77.0,0.07785,578.0
1753533750106,12:42:30.106,CHESS/USDT:USDT,0.07773,78.0,0.07772,721.0,0.07784,77.0,0.07785,578.0
1753533750548,12:42:30.548,CHESS/USDT:USDT,0.07773,78.0,0.07772,721.0,0.07784,77.0,0.07785,578.0
1753533751062,12:42:31.062,CHESS/USDT:USDT,0.0777,77.0,0.07769,2140.0,0.07784,77.0,0.07785,578.0
1753533751161,12:42:31.161,CHESS/USDT:USDT,0.07772,643.0,0.0777,77.0,0.07784,77.0,0.07785,578.0
1753533751224,12:42:31.224,CHESS/USDT:USDT,0.07773,75.0,0.0777,77.0,0.07784,77.0,0.07785,578.0
1753533751376,12:42:31.376,CHESS/USDT:USDT,0.0777,721.0,0.07769,2140.0,0.07784,77.0,0.07785,578.0
1753533751395,12:42:31.395,CHESS/USDT:USDT,0.07771,75.0,0.0777,721.0,0.07784,77.0,0.07785,578.0
1753533751789,12:42:31.789,CHESS/USDT:USDT,0.07772,75.0,0.07771,2004.0,0.07784,77.0,0.07785,578.0
1753533751815,12:42:31.815,CHESS/USDT:USDT,0.07772,75.0,0.07771,2004.0,0.07784,77.0,0.07785,578.0
1753533751921,12:42:31.921,CHESS/USDT:USDT,0.07773,75.0,0.07772,718.0,0.07784,77.0,0.07785,578.0
1753533752178,12:42:32.178,CHESS/USDT:USDT,0.07773,75.0,0.07772,75.0,0.07784,77.0,0.07785,578.0
1753533752239,12:42:32.239,CHESS/USDT:USDT,0.07773,75.0,0.07772,75.0,0.07784,77.0,0.07785,578.0
1753533752349,12:42:32.349,CHESS/USDT:USDT,0.07773,75.0,0.07772,718.0,0.07784,77.0,0.07785,578.0
1753533752406,12:42:32.406,CHESS/USDT:USDT,0.07773,75.0,0.07772,75.0,0.07784,77.0,0.07785,578.0
1753533752520,12:42:32.520,CHESS/USDT:USDT,0.07773,75.0,0.07772,75.0,0.07784,77.0,0.07785,578.0
1753533752672,12:42:32.672,CHESS/USDT:USDT,0.07772,718.0,0.07771,718.0,0.07784,77.0,0.07785,578.0
1753533752698,12:42:32.698,CHESS/USDT:USDT,0.07773,75.0,0.07772,75.0,0.07784,77.0,0.07785,578.0
1753533752862,12:42:32.862,CHESS/USDT:USDT,0.07773,643.0,0.07772,75.0,0.07784,77.0,0.07785,578.0
1753533753002,12:42:33.002,CHESS/USDT:USDT,0.07774,75.0,0.07773,643.0,0.07784,77.0,0.07785,578.0
1753533753487,12:42:33.487,CHESS/USDT:USDT,0.07774,75.0,0.07772,75.0,0.07784,77.0,0.07785,578.0
1753533753529,12:42:33.529,CHESS/USDT:USDT,0.07772,4501.0,0.07771,75.0,0.07784,77.0,0.07785,578.0
1753533753659,12:42:33.659,CHESS/USDT:USDT,0.07773,75.0,0.07772,4501.0,0.07784,77.0,0.07785,578.0
1753533753908,12:42:33.908,CHESS/USDT:USDT,0.07773,75.0,0.07772,1286.0,0.07784,77.0,0.07785,578.0
1753533754734,12:42:34.734,CHESS/USDT:USDT,0.07773,75.0,0.07772,1286.0,0.07784,77.0,0.07785,578.0
1753533755155,12:42:35.155,CHESS/USDT:USDT,0.07773,75.0,0.07772,1286.0,0.07784,77.0,0.07785,578.0
1753533756390,12:42:36.390,CHESS/USDT:USDT,0.07773,75.0,0.07772,1286.0,0.07784,77.0,0.07785,578.0
1753533756523,12:42:36.523,CHESS/USDT:USDT,0.07773,75.0,0.07772,643.0,0.07784,77.0,0.07785,578.0
1753533756869,12:42:36.869,CHESS/USDT:USDT,0.0777,77.0,0.07769,2140.0,0.07784,77.0,0.07785,578.0
1753533757033,12:42:37.033,CHESS/USDT:USDT,0.07771,75.0,0.0777,721.0,0.07784,77.0,0.07785,578.0
1753533757187,12:42:37.187,CHESS/USDT:USDT,0.07771,2647.0,0.0777,721.0,0.07784,77.0,0.07785,578.0
1753533757194,12:42:37.194,CHESS/USDT:USDT,0.07772,75.0,0.07771,2647.0,0.07784,77.0,0.07785,578.0
1753533757325,12:42:37.325,CHESS/USDT:USDT,0.07773,75.0,0.07772,718.0,0.07784,77.0,0.07785,578.0
1753533757614,12:42:37.614,CHESS/USDT:USDT,0.07772,75.0,0.07771,718.0,0.07784,77.0,0.07785,578.0
1753533757972,12:42:37.972,CHESS/USDT:USDT,0.07774,75.0,0.07773,643.0,0.07784,77.0,0.07785,578.0
1753533758024,12:42:38.024,CHESS/USDT:USDT,0.07774,75.0,0.07772,75.0,0.07784,77.0,0.07785,578.0
1753533758178,12:42:38.178,CHESS/USDT:USDT,0.07771,2004.0,0.0777,721.0,0.07784,77.0,0.07785,578.0
1753533758314,12:42:38.314,CHESS/USDT:USDT,0.07773,75.0,0.07772,718.0,0.07784,77.0,0.07785,578.0
1753533758441,12:42:38.441,CHESS/USDT:USDT,0.07773,75.0,0.07772,718.0,0.07784,77.0,0.07785,578.0
1753533758934,12:42:38.934,CHESS/USDT:USDT,0.0777,77.0,0.07769,2140.0,0.07784,77.0,0.07785,578.0
1753533759045,12:42:39.045,CHESS/USDT:USDT,0.07771,75.0,0.0777,2653.0,0.07784,77.0,0.07785,578.0
1753533761840,12:42:41.840,CHESS/USDT:USDT,0.07771,75.0,0.0777,3297.0,0.07784,77.0,0.07785,578.0
1753533762100,12:42:42.100,CHESS/USDT:USDT,0.07771,75.0,0.0777,721.0,0.07784,77.0,0.07785,578.0
1753533763484,12:42:43.484,CHESS/USDT:USDT,0.07772,76.0,0.07771,2647.0,0.07784,77.0,0.07785,578.0
1753533763538,12:42:43.538,CHESS/USDT:USDT,0.07773,76.0,0.07772,1362.0,0.07784,77.0,0.07785,578.0
1753533763980,12:42:43.980,CHESS/USDT:USDT,0.0777,1365.0,0.07769,2140.0,0.07784,77.0,0.07785,578.0
1753533763994,12:42:43.994,CHESS/USDT:USDT,0.07771,76.0,0.0777,1365.0,0.07784,77.0,0.07785,578.0
1753533764285,12:42:44.285,CHESS/USDT:USDT,0.07772,76.0,0.07771,1362.0,0.07784,77.0,0.07785,578.0
1753533764975,12:42:44.975,CHESS/USDT:USDT,0.07772,76.0,0.07771,2648.0,0.07784,77.0,0.07785,578.0
1753533765026,12:42:45.026,CHESS/USDT:USDT,0.07772,76.0,0.07771,1362.0,0.07784,77.0,0.07785,578.0
1753533765590,12:42:45.590,CHESS/USDT:USDT,0.07772,719.0,0.07771,1362.0,0.07784,77.0,0.07785,578.0
1753533765676,12:42:45.676,CHESS/USDT:USDT,0.07773,76.0,0.07772,76.0,0.07784,77.0,0.07785,578.0
1753533765754,12:42:45.754,CHESS/USDT:USDT,0.0777,77.0,0.07769,2140.0,0.07784,77.0,0.07785,578.0
1753533765807,12:42:45.807,CHESS/USDT:USDT,0.07771,76.0,0.0777,2653.0,0.07784,77.0,0.07785,578.0
1753533765911,12:42:45.911,CHESS/USDT:USDT,0.07771,76.0,0.0777,3297.0,0.07784,77.0,0.07785,578.0
1753533766020,12:42:46.020,CHESS/USDT:USDT,0.07772,76.0,0.07771,719.0,0.07784,77.0,0.07785,578.0
1753533767988,12:42:47.988,CHESS/USDT:USDT,0.07772,76.0,0.07771,76.0,0.07784,77.0,0.07785,578.0
1753533767995,12:42:47.995,CHESS/USDT:USDT,0.07771,76.0,0.0777,1365.0,0.07784,77.0,0.07785,578.0
1753533768528,12:42:48.528,CHESS/USDT:USDT,0.07771,76.0,0.0777,1365.0,0.07784,77.0,0.07785,578.0
