timestamp,time,symbol,bid1_price,bid1_volume,bid2_price,bid2_volume,ask1_price,ask1_volume,ask2_price,ask2_volume
1753533020000,12:30:20.000,BANANAS31/USDT:USDT,0.006406,240.0,0.006405,238.0,0.006413,53.0,0.006414,39.0
1753533022555,12:30:22.555,BANANAS31/USDT:USDT,0.006406,240.0,0.006405,238.0,0.006413,53.0,0.006414,39.0
1753533022701,12:30:22.701,BANANAS31/USDT:USDT,0.006406,240.0,0.006405,238.0,0.006413,53.0,0.006414,39.0
1753533023336,12:30:23.336,BANANAS31/USDT:USDT,0.006406,239.0,0.006405,238.0,0.006413,53.0,0.006414,39.0
1753533023536,12:30:23.536,BANANAS31/USDT:USDT,0.006406,240.0,0.006405,238.0,0.006413,53.0,0.006414,39.0
1753533023711,12:30:23.711,BANANAS31/USDT:USDT,0.006406,240.0,0.006405,238.0,0.006413,53.0,0.006414,39.0
1753533023734,12:30:23.734,BANANAS31/USDT:USDT,0.006406,239.0,0.006405,238.0,0.006413,53.0,0.006414,39.0
1753533023835,12:30:23.835,BANANAS31/USDT:USDT,0.006406,240.0,0.006405,238.0,0.006413,53.0,0.006414,39.0
1753533024032,12:30:24.032,BANANAS31/USDT:USDT,0.006406,240.0,0.006405,238.0,0.006413,53.0,0.006414,39.0
1753533024175,12:30:24.175,BANANAS31/USDT:USDT,0.006406,240.0,0.006405,238.0,0.006413,53.0,0.006414,39.0
1753533024676,12:30:24.676,BANANAS31/USDT:USDT,0.006406,240.0,0.006405,238.0,0.006413,53.0,0.006414,39.0
1753533025176,12:30:25.176,BANANAS31/USDT:USDT,0.006406,240.0,0.006405,238.0,0.006413,53.0,0.006414,39.0
1753533025451,12:30:25.451,BANANAS31/USDT:USDT,0.006406,203.0,0.006405,238.0,0.006413,53.0,0.006414,39.0
1753533025709,12:30:25.709,BANANAS31/USDT:USDT,0.006408,9.0,0.006406,203.0,0.006411,12.0,0.006412,6.0
1753533025785,12:30:25.785,BANANAS31/USDT:USDT,0.006408,9.0,0.006406,213.0,0.006411,12.0,0.006412,6.0
1753533026349,12:30:26.349,BANANAS31/USDT:USDT,0.006408,9.0,0.006406,213.0,0.006411,12.0,0.006412,6.0
1753533026615,12:30:26.615,BANANAS31/USDT:USDT,0.006408,9.0,0.006406,213.0,0.006411,12.0,0.006412,6.0
1753533026639,12:30:26.639,BANANAS31/USDT:USDT,0.006408,9.0,0.006406,213.0,0.006411,12.0,0.006412,6.0
1753533027031,12:30:27.031,BANANAS31/USDT:USDT,0.006408,9.0,0.006406,213.0,0.006411,12.0,0.006412,6.0
1753533027536,12:30:27.536,BANANAS31/USDT:USDT,0.006408,9.0,0.006406,213.0,0.006411,12.0,0.006412,6.0
1753533027641,12:30:27.641,BANANAS31/USDT:USDT,0.006408,9.0,0.006406,213.0,0.006411,12.0,0.006412,6.0
1753533027855,12:30:27.855,BANANAS31/USDT:USDT,0.006408,9.0,0.006406,213.0,0.006411,12.0,0.006412,6.0
1753533028219,12:30:28.219,BANANAS31/USDT:USDT,0.006408,9.0,0.006406,213.0,0.006411,12.0,0.006412,6.0
1753533028704,12:30:28.704,BANANAS31/USDT:USDT,0.006409,9.0,0.006407,21.0,0.006417,41.0,0.006418,39.0
1753533028816,12:30:28.816,BANANAS31/USDT:USDT,0.00641,11.0,0.006408,11.0,0.006417,41.0,0.006418,39.0
1753533028846,12:30:28.846,BANANAS31/USDT:USDT,0.00641,11.0,0.006408,11.0,0.006417,41.0,0.006418,39.0
1753533029004,12:30:29.004,BANANAS31/USDT:USDT,0.00641,11.0,0.006408,11.0,0.006417,41.0,0.006418,39.0
1753533029083,12:30:29.083,BANANAS31/USDT:USDT,0.00641,11.0,0.006408,11.0,0.006417,47.0,0.006418,39.0
1753533029179,12:30:29.179,BANANAS31/USDT:USDT,0.00641,11.0,0.006408,11.0,0.006417,47.0,0.006418,39.0
1753533029706,12:30:29.706,BANANAS31/USDT:USDT,0.006409,2.0,0.006407,21.0,0.006417,47.0,0.006418,39.0
1753533029909,12:30:29.909,BANANAS31/USDT:USDT,0.006409,2.0,0.006407,21.0,0.006417,47.0,0.006418,39.0
1753533030046,12:30:30.046,BANANAS31/USDT:USDT,0.006409,2.0,0.006407,21.0,0.006417,47.0,0.006418,39.0
1753533030855,12:30:30.855,BANANAS31/USDT:USDT,0.00641,9.0,0.006409,3.0,0.006417,53.0,0.006418,39.0
1753533030934,12:30:30.934,BANANAS31/USDT:USDT,0.00641,9.0,0.006409,2.0,0.006417,53.0,0.006418,39.0
1753533031146,12:30:31.146,BANANAS31/USDT:USDT,0.00641,9.0,0.006409,2.0,0.006417,53.0,0.006418,39.0
1753533031439,12:30:31.439,BANANAS31/USDT:USDT,0.00641,9.0,0.006409,2.0,0.006417,53.0,0.006418,39.0
1753533031720,12:30:31.720,BANANAS31/USDT:USDT,0.006411,2.0,0.006409,2.0,0.006415,51.0,0.006416,12.0
1753533031793,12:30:31.793,BANANAS31/USDT:USDT,0.006409,13.0,0.006407,10.0,0.006415,51.0,0.006416,12.0
1753533031840,12:30:31.840,BANANAS31/USDT:USDT,0.006409,13.0,0.006407,21.0,0.006415,51.0,0.006416,12.0
1753533032005,12:30:32.005,BANANAS31/USDT:USDT,0.006409,13.0,0.006407,21.0,0.006415,51.0,0.006416,12.0
1753533032040,12:30:32.040,BANANAS31/USDT:USDT,0.006409,14.0,0.006407,21.0,0.006415,51.0,0.006416,12.0
1753533032364,12:30:32.364,BANANAS31/USDT:USDT,0.006409,13.0,0.006407,21.0,0.006415,51.0,0.006416,12.0
1753533032836,12:30:32.836,BANANAS31/USDT:USDT,0.006409,13.0,0.006407,21.0,0.006415,51.0,0.006416,12.0
1753533033436,12:30:33.436,BANANAS31/USDT:USDT,0.006409,14.0,0.006407,21.0,0.006415,51.0,0.006416,12.0
1753533033740,12:30:33.740,BANANAS31/USDT:USDT,0.006409,13.0,0.006407,21.0,0.006415,51.0,0.006416,12.0
1753533034707,12:30:34.707,BANANAS31/USDT:USDT,0.00641,9.0,0.006409,2.0,0.006413,6.0,0.006414,6.0
1753533034732,12:30:34.732,BANANAS31/USDT:USDT,0.00641,9.0,0.006409,2.0,0.006413,6.0,0.006414,6.0
1753533034859,12:30:34.859,BANANAS31/USDT:USDT,0.00641,9.0,0.006409,2.0,0.006413,6.0,0.006414,6.0
1753533035119,12:30:35.119,BANANAS31/USDT:USDT,0.00641,9.0,0.006409,2.0,0.006413,12.0,0.006414,12.0
1753533035762,12:30:35.762,BANANAS31/USDT:USDT,0.00641,9.0,0.006409,2.0,0.006413,6.0,0.006414,6.0
1753533036032,12:30:36.032,BANANAS31/USDT:USDT,0.00641,9.0,0.006409,2.0,0.006413,6.0,0.006414,6.0
1753533036239,12:30:36.239,BANANAS31/USDT:USDT,0.00641,9.0,0.006409,2.0,0.006413,6.0,0.006414,6.0
1753533036712,12:30:36.712,BANANAS31/USDT:USDT,0.00641,9.0,0.006409,2.0,0.006413,6.0,0.006414,6.0
1753533037425,12:30:37.425,BANANAS31/USDT:USDT,0.00641,9.0,0.006409,2.0,0.006413,6.0,0.006414,6.0
1753533037694,12:30:37.694,BANANAS31/USDT:USDT,0.00641,9.0,0.006409,2.0,0.006413,6.0,0.006414,6.0
1753533037984,12:30:37.984,BANANAS31/USDT:USDT,0.00641,9.0,0.006409,8.0,0.006413,6.0,0.006414,6.0
1753533038118,12:30:38.118,BANANAS31/USDT:USDT,0.00641,9.0,0.006409,8.0,0.006413,6.0,0.006414,6.0
1753533038151,12:30:38.151,BANANAS31/USDT:USDT,0.00641,9.0,0.006409,2.0,0.006413,12.0,0.006414,12.0
1753533038622,12:30:38.622,BANANAS31/USDT:USDT,0.00641,9.0,0.006409,2.0,0.006413,12.0,0.006414,12.0
1753533038942,12:30:38.942,BANANAS31/USDT:USDT,0.00641,9.0,0.006409,2.0,0.006413,12.0,0.006414,12.0
1753533039119,12:30:39.119,BANANAS31/USDT:USDT,0.00641,9.0,0.006409,2.0,0.006413,12.0,0.006414,12.0
1753533039614,12:30:39.614,BANANAS31/USDT:USDT,0.006411,9.0,0.006409,2.0,0.006414,6.0,0.006415,45.0
1753533039695,12:30:39.695,BANANAS31/USDT:USDT,0.006411,9.0,0.006409,13.0,0.006414,12.0,0.006415,51.0
1753533039813,12:30:39.813,BANANAS31/USDT:USDT,0.006411,9.0,0.006409,13.0,0.006414,12.0,0.006415,51.0
1753533040003,12:30:40.003,BANANAS31/USDT:USDT,0.006411,9.0,0.006409,13.0,0.006414,12.0,0.006415,51.0
1753533040107,12:30:40.107,BANANAS31/USDT:USDT,0.006411,9.0,0.006409,13.0,0.006414,12.0,0.006415,51.0
1753533040216,12:30:40.216,BANANAS31/USDT:USDT,0.006411,9.0,0.006409,13.0,0.006414,12.0,0.006415,51.0
1753533041071,12:30:41.071,BANANAS31/USDT:USDT,0.006411,9.0,0.006409,13.0,0.006414,12.0,0.006415,51.0
1753533041260,12:30:41.260,BANANAS31/USDT:USDT,0.006411,9.0,0.006409,13.0,0.006414,12.0,0.006415,51.0
1753533041347,12:30:41.347,BANANAS31/USDT:USDT,0.006411,9.0,0.006409,13.0,0.006414,12.0,0.006415,51.0
1753533041983,12:30:41.983,BANANAS31/USDT:USDT,0.006411,9.0,0.006409,13.0,0.006414,12.0,0.006415,51.0
1753533042031,12:30:42.031,BANANAS31/USDT:USDT,0.006411,9.0,0.006409,13.0,0.006414,12.0,0.006415,51.0
1753533042609,12:30:42.609,BANANAS31/USDT:USDT,0.006411,9.0,0.006409,13.0,0.006414,12.0,0.006415,51.0
1753533042681,12:30:42.681,BANANAS31/USDT:USDT,0.006411,9.0,0.006409,13.0,0.006414,12.0,0.006415,51.0
1753533042998,12:30:42.998,BANANAS31/USDT:USDT,0.006411,9.0,0.006409,13.0,0.006414,12.0,0.006415,51.0
1753533043273,12:30:43.273,BANANAS31/USDT:USDT,0.006409,16.0,0.006408,45.0,0.006414,12.0,0.006415,51.0
1753533043415,12:30:43.415,BANANAS31/USDT:USDT,0.006409,16.0,0.006408,45.0,0.006414,12.0,0.006415,51.0
1753533043634,12:30:43.634,BANANAS31/USDT:USDT,0.006409,17.0,0.006408,45.0,0.006414,12.0,0.006415,51.0
1753533043735,12:30:43.735,BANANAS31/USDT:USDT,0.006409,16.0,0.006408,45.0,0.006414,12.0,0.006415,51.0
1753533043829,12:30:43.829,BANANAS31/USDT:USDT,0.006409,16.0,0.006408,45.0,0.006414,12.0,0.006415,51.0
1753533044162,12:30:44.162,BANANAS31/USDT:USDT,0.006409,16.0,0.006408,45.0,0.006414,12.0,0.006415,51.0
1753533044960,12:30:44.960,BANANAS31/USDT:USDT,0.006409,13.0,0.006408,45.0,0.006414,12.0,0.006415,51.0
1753533045840,12:30:45.840,BANANAS31/USDT:USDT,0.006409,13.0,0.006408,45.0,0.006414,12.0,0.006415,51.0
1753533046513,12:30:46.513,BANANAS31/USDT:USDT,0.006409,13.0,0.006408,45.0,0.006414,12.0,0.006415,51.0
1753533046565,12:30:46.565,BANANAS31/USDT:USDT,0.006409,13.0,0.006408,45.0,0.006414,12.0,0.006415,51.0
1753533048113,12:30:48.113,BANANAS31/USDT:USDT,0.006415,9.0,0.006413,11.0,0.006418,45.0,0.006419,299.0
1753533048217,12:30:48.217,BANANAS31/USDT:USDT,0.006415,9.0,0.006413,11.0,0.006418,45.0,0.006419,305.0
1753533048323,12:30:48.323,BANANAS31/USDT:USDT,0.006415,9.0,0.006413,11.0,0.006418,45.0,0.006419,305.0
1753533048422,12:30:48.422,BANANAS31/USDT:USDT,0.006415,9.0,0.006413,11.0,0.006418,45.0,0.006419,305.0
1753533048628,12:30:48.628,BANANAS31/USDT:USDT,0.006415,9.0,0.006413,11.0,0.006418,45.0,0.006419,305.0
1753533049226,12:30:49.226,BANANAS31/USDT:USDT,0.006414,9.0,0.006413,11.0,0.006418,45.0,0.006419,305.0
1753533049307,12:30:49.307,BANANAS31/USDT:USDT,0.006415,9.0,0.006413,11.0,0.006418,45.0,0.006419,305.0
1753533049425,12:30:49.425,BANANAS31/USDT:USDT,0.006415,9.0,0.006414,2.0,0.006418,45.0,0.006419,305.0
1753533049470,12:30:49.470,BANANAS31/USDT:USDT,0.006415,9.0,0.006414,2.0,0.006418,45.0,0.006419,305.0
1753533049575,12:30:49.575,BANANAS31/USDT:USDT,0.006415,9.0,0.006414,2.0,0.006418,45.0,0.006419,305.0
1753533050007,12:30:50.007,BANANAS31/USDT:USDT,0.006415,9.0,0.006414,2.0,0.006418,45.0,0.006419,305.0
1753533051005,12:30:51.005,BANANAS31/USDT:USDT,0.006415,9.0,0.006414,8.0,0.006419,293.0,0.00642,39.0
1753533051178,12:30:51.178,BANANAS31/USDT:USDT,0.006415,9.0,0.006414,2.0,0.006419,299.0,0.00642,45.0
1753533052418,12:30:52.418,BANANAS31/USDT:USDT,0.006415,9.0,0.006414,2.0,0.006419,299.0,0.00642,45.0
1753533052811,12:30:52.811,BANANAS31/USDT:USDT,0.006415,9.0,0.006414,2.0,0.006419,299.0,0.00642,45.0
1753533052918,12:30:52.918,BANANAS31/USDT:USDT,0.006415,9.0,0.006414,2.0,0.006419,299.0,0.00642,45.0
1753533053884,12:30:53.884,BANANAS31/USDT:USDT,0.006416,9.0,0.006414,13.0,0.006419,299.0,0.00642,45.0
1753533053945,12:30:53.945,BANANAS31/USDT:USDT,0.006416,9.0,0.006414,13.0,0.006419,299.0,0.00642,45.0
1753533054032,12:30:54.032,BANANAS31/USDT:USDT,0.006416,9.0,0.006414,13.0,0.006419,299.0,0.00642,45.0
1753533054325,12:30:54.325,BANANAS31/USDT:USDT,0.006416,9.0,0.006414,13.0,0.006419,299.0,0.00642,45.0
1753533054640,12:30:54.640,BANANAS31/USDT:USDT,0.006416,9.0,0.006414,13.0,0.006419,299.0,0.00642,45.0
1753533056000,12:30:56.000,BANANAS31/USDT:USDT,0.006414,13.0,0.006412,11.0,0.006419,299.0,0.00642,45.0
1753533056041,12:30:56.041,BANANAS31/USDT:USDT,0.006414,13.0,0.006412,11.0,0.006419,299.0,0.00642,45.0
1753533056808,12:30:56.808,BANANAS31/USDT:USDT,0.006414,13.0,0.006412,11.0,0.006419,299.0,0.00642,45.0
1753533056856,12:30:56.856,BANANAS31/USDT:USDT,0.006414,13.0,0.006412,11.0,0.006419,299.0,0.00642,45.0
1753533057088,12:30:57.088,BANANAS31/USDT:USDT,0.006414,11.0,0.006412,11.0,0.006419,299.0,0.00642,45.0
1753533057178,12:30:57.178,BANANAS31/USDT:USDT,0.006414,11.0,0.006412,11.0,0.006419,299.0,0.00642,45.0
1753533057780,12:30:57.780,BANANAS31/USDT:USDT,0.006416,9.0,0.006414,11.0,0.006419,299.0,0.00642,45.0
1753533057884,12:30:57.884,BANANAS31/USDT:USDT,0.006416,9.0,0.006414,11.0,0.006419,299.0,0.00642,45.0
1753533057942,12:30:57.942,BANANAS31/USDT:USDT,0.006414,11.0,0.006411,12.0,0.006419,299.0,0.00642,45.0
1753533058090,12:30:58.090,BANANAS31/USDT:USDT,0.006414,11.0,0.006412,11.0,0.006419,299.0,0.00642,45.0
1753533059440,12:30:59.440,BANANAS31/USDT:USDT,0.006414,11.0,0.006412,11.0,0.006419,299.0,0.00642,45.0
1753533060034,12:31:00.034,BANANAS31/USDT:USDT,0.006414,11.0,0.006412,11.0,0.006419,299.0,0.00642,45.0
1753533061290,12:31:01.290,BANANAS31/USDT:USDT,0.006411,12.0,0.00641,151.0,0.006419,299.0,0.00642,45.0
1753533061360,12:31:01.360,BANANAS31/USDT:USDT,0.006411,12.0,0.00641,151.0,0.006419,299.0,0.00642,152.0
1753533061441,12:31:01.441,BANANAS31/USDT:USDT,0.006411,12.0,0.00641,151.0,0.006419,299.0,0.00642,152.0
1753533061707,12:31:01.707,BANANAS31/USDT:USDT,0.006411,12.0,0.00641,151.0,0.006419,299.0,0.00642,152.0
1753533062130,12:31:02.130,BANANAS31/USDT:USDT,0.006411,12.0,0.00641,151.0,0.006419,299.0,0.00642,152.0
1753533062422,12:31:02.422,BANANAS31/USDT:USDT,0.006411,12.0,0.00641,151.0,0.006419,299.0,0.00642,152.0
1753533064003,12:31:04.003,BANANAS31/USDT:USDT,0.006411,12.0,0.00641,151.0,0.006419,299.0,0.00642,152.0
1753533064163,12:31:04.163,BANANAS31/USDT:USDT,0.006411,12.0,0.00641,151.0,0.006419,299.0,0.00642,152.0
1753533064240,12:31:04.240,BANANAS31/USDT:USDT,0.006411,12.0,0.00641,151.0,0.006419,299.0,0.00642,152.0
1753533065028,12:31:05.028,BANANAS31/USDT:USDT,0.006411,12.0,0.00641,151.0,0.006419,299.0,0.00642,152.0
1753533066005,12:31:06.005,BANANAS31/USDT:USDT,0.006411,12.0,0.00641,151.0,0.006419,299.0,0.00642,152.0
1753533066522,12:31:06.522,BANANAS31/USDT:USDT,0.006411,12.0,0.00641,151.0,0.006419,299.0,0.00642,152.0
1753533066581,12:31:06.581,BANANAS31/USDT:USDT,0.006413,9.0,0.006411,23.0,0.006419,299.0,0.00642,152.0
1753533066629,12:31:06.629,BANANAS31/USDT:USDT,0.006413,9.0,0.006411,23.0,0.006419,299.0,0.00642,152.0
1753533067010,12:31:07.010,BANANAS31/USDT:USDT,0.006413,9.0,0.006411,23.0,0.006419,299.0,0.00642,152.0
1753533067065,12:31:07.065,BANANAS31/USDT:USDT,0.006413,9.0,0.006411,23.0,0.006419,299.0,0.00642,152.0
1753533068016,12:31:08.016,BANANAS31/USDT:USDT,0.006413,9.0,0.006411,23.0,0.006419,299.0,0.00642,152.0
1753533068240,12:31:08.240,BANANAS31/USDT:USDT,0.006413,9.0,0.006411,23.0,0.006419,299.0,0.00642,152.0
1753533068339,12:31:08.339,BANANAS31/USDT:USDT,0.006413,9.0,0.006411,23.0,0.006419,299.0,0.00642,152.0
1753533068616,12:31:08.616,BANANAS31/USDT:USDT,0.006413,9.0,0.006411,23.0,0.006419,299.0,0.00642,152.0
1753533069041,12:31:09.041,BANANAS31/USDT:USDT,0.006413,9.0,0.006411,23.0,0.006419,299.0,0.00642,152.0
1753533069388,12:31:09.388,BANANAS31/USDT:USDT,0.006414,5.0,0.006411,23.0,0.006419,299.0,0.00642,146.0
1753533069487,12:31:09.487,BANANAS31/USDT:USDT,0.006414,2.0,0.006412,11.0,0.006419,305.0,0.00642,146.0
1753533069552,12:31:09.552,BANANAS31/USDT:USDT,0.006414,2.0,0.006412,11.0,0.006419,305.0,0.00642,146.0
1753533069872,12:31:09.872,BANANAS31/USDT:USDT,0.006414,2.0,0.006412,11.0,0.006419,305.0,0.00642,146.0
1753533070105,12:31:10.105,BANANAS31/USDT:USDT,0.006414,2.0,0.006412,11.0,0.006419,305.0,0.00642,39.0
1753533070196,12:31:10.196,BANANAS31/USDT:USDT,0.006414,2.0,0.006412,11.0,0.006419,305.0,0.006422,38.0
1753533070285,12:31:10.285,BANANAS31/USDT:USDT,0.006414,2.0,0.006412,11.0,0.006419,305.0,0.006422,38.0
1753533070387,12:31:10.387,BANANAS31/USDT:USDT,0.006414,2.0,0.006412,11.0,0.006419,299.0,0.006422,38.0
1753533071011,12:31:11.011,BANANAS31/USDT:USDT,0.006414,2.0,0.006412,11.0,0.006419,299.0,0.006422,38.0
1753533071103,12:31:11.103,BANANAS31/USDT:USDT,0.006414,2.0,0.006412,11.0,0.006419,299.0,0.006422,38.0
1753533071372,12:31:11.372,BANANAS31/USDT:USDT,0.006414,2.0,0.006412,11.0,0.006419,305.0,0.006422,38.0
1753533071797,12:31:11.797,BANANAS31/USDT:USDT,0.006414,2.0,0.006412,11.0,0.006419,315.0,0.006422,38.0
1753533072035,12:31:12.035,BANANAS31/USDT:USDT,0.006414,2.0,0.006412,11.0,0.006419,315.0,0.006422,38.0
1753533073841,12:31:13.841,BANANAS31/USDT:USDT,0.006414,2.0,0.006412,11.0,0.006419,315.0,0.006422,38.0
1753533074512,12:31:14.512,BANANAS31/USDT:USDT,0.006414,2.0,0.006412,11.0,0.006419,315.0,0.006422,38.0
1753533075155,12:31:15.155,BANANAS31/USDT:USDT,0.006414,2.0,0.006412,11.0,0.006419,315.0,0.006422,38.0
1753533076527,12:31:16.527,BANANAS31/USDT:USDT,0.006414,2.0,0.006412,11.0,0.006419,315.0,0.006422,38.0
1753533077998,12:31:17.998,BANANAS31/USDT:USDT,0.006414,5.0,0.006412,11.0,0.006419,315.0,0.006422,38.0
1753533078649,12:31:18.649,BANANAS31/USDT:USDT,0.006414,5.0,0.006412,11.0,0.006419,315.0,0.006422,38.0
1753533078739,12:31:18.739,BANANAS31/USDT:USDT,0.006414,5.0,0.006412,11.0,0.006419,315.0,0.006422,38.0
1753533079275,12:31:19.275,BANANAS31/USDT:USDT,0.006414,5.0,0.006412,11.0,0.006419,315.0,0.006422,38.0
1753533079409,12:31:19.409,BANANAS31/USDT:USDT,0.006414,5.0,0.006412,11.0,0.006419,315.0,0.006422,38.0
1753533079556,12:31:19.556,BANANAS31/USDT:USDT,0.006414,2.0,0.006412,11.0,0.006419,315.0,0.006422,38.0
1753533083210,12:31:23.210,BANANAS31/USDT:USDT,0.006414,2.0,0.006412,11.0,0.006419,315.0,0.006422,38.0
1753533083340,12:31:23.340,BANANAS31/USDT:USDT,0.006414,2.0,0.006412,11.0,0.006419,315.0,0.006422,38.0
1753533083441,12:31:23.441,BANANAS31/USDT:USDT,0.006414,2.0,0.006412,11.0,0.006419,315.0,0.006422,38.0
1753533083613,12:31:23.613,BANANAS31/USDT:USDT,0.006414,2.0,0.006412,11.0,0.006419,315.0,0.006422,38.0
1753533084036,12:31:24.036,BANANAS31/USDT:USDT,0.006414,2.0,0.006412,11.0,0.006419,315.0,0.006422,38.0
1753533088241,12:31:28.241,BANANAS31/USDT:USDT,0.006414,2.0,0.006412,11.0,0.006419,315.0,0.006422,38.0
1753533088338,12:31:28.338,BANANAS31/USDT:USDT,0.006414,2.0,0.006412,11.0,0.006419,315.0,0.006422,38.0
1753533088468,12:31:28.468,BANANAS31/USDT:USDT,0.006414,2.0,0.006412,11.0,0.006419,315.0,0.006422,38.0
1753533088690,12:31:28.690,BANANAS31/USDT:USDT,0.006414,2.0,0.006412,11.0,0.006418,38.0,0.006419,315.0
1753533089899,12:31:29.899,BANANAS31/USDT:USDT,0.006414,2.0,0.006412,11.0,0.006418,38.0,0.006419,315.0
1753533090410,12:31:30.410,BANANAS31/USDT:USDT,0.006414,2.0,0.006412,11.0,0.006418,38.0,0.006419,315.0
1753533091706,12:31:31.706,BANANAS31/USDT:USDT,0.006415,9.0,0.006414,5.0,0.006418,38.0,0.006419,315.0
1753533091810,12:31:31.810,BANANAS31/USDT:USDT,0.006415,9.0,0.006414,5.0,0.006418,38.0,0.006419,305.0
1753533092311,12:31:32.311,BANANAS31/USDT:USDT,0.006415,9.0,0.006414,5.0,0.006418,38.0,0.006419,305.0
1753533093041,12:31:33.041,BANANAS31/USDT:USDT,0.006415,9.0,0.006414,5.0,0.006418,38.0,0.006419,305.0
1753533093622,12:31:33.622,BANANAS31/USDT:USDT,0.006415,9.0,0.006414,5.0,0.006418,38.0,0.006419,305.0
1753533093648,12:31:33.648,BANANAS31/USDT:USDT,0.006415,9.0,0.006414,5.0,0.006418,38.0,0.006419,305.0
1753533093886,12:31:33.886,BANANAS31/USDT:USDT,0.006416,5.0,0.006415,9.0,0.006419,254.0,0.006422,38.0
1753533094010,12:31:34.010,BANANAS31/USDT:USDT,0.006416,3.0,0.006415,9.0,0.006419,254.0,0.006421,38.0
1753533094035,12:31:34.035,BANANAS31/USDT:USDT,0.006416,3.0,0.006415,9.0,0.006419,254.0,0.006421,38.0
1753533094411,12:31:34.411,BANANAS31/USDT:USDT,0.006416,3.0,0.006415,9.0,0.006419,254.0,0.006421,38.0
1753533094516,12:31:34.516,BANANAS31/USDT:USDT,0.006417,2.0,0.006416,3.0,0.006419,254.0,0.006421,38.0
1753533094547,12:31:34.547,BANANAS31/USDT:USDT,0.006416,3.0,0.006415,9.0,0.006419,254.0,0.00642,6.0
1753533094722,12:31:34.722,BANANAS31/USDT:USDT,0.006416,3.0,0.006415,9.0,0.006419,254.0,0.00642,6.0
1753533095008,12:31:35.008,BANANAS31/USDT:USDT,0.006416,3.0,0.006415,9.0,0.006419,254.0,0.00642,6.0
1753533095506,12:31:35.506,BANANAS31/USDT:USDT,0.006414,16.0,0.006412,49.0,0.006419,254.0,0.00642,6.0
1753533095619,12:31:35.619,BANANAS31/USDT:USDT,0.006418,3.0,0.006417,160.0,0.00643,39.0,0.006432,190.0
1753533095720,12:31:35.720,BANANAS31/USDT:USDT,0.006423,9.0,0.006421,11.0,0.00643,85.0,0.006431,38.0
1753533095780,12:31:35.780,BANANAS31/USDT:USDT,0.006423,9.0,0.006421,11.0,0.006429,265.0,0.00643,85.0
1753533095910,12:31:35.910,BANANAS31/USDT:USDT,0.006423,9.0,0.006421,11.0,0.006429,265.0,0.00643,85.0
1753533096019,12:31:36.019,BANANAS31/USDT:USDT,0.006423,9.0,0.006421,11.0,0.006429,265.0,0.00643,85.0
1753533096114,12:31:36.114,BANANAS31/USDT:USDT,0.006423,9.0,0.006421,11.0,0.006429,265.0,0.00643,85.0
1753533096222,12:31:36.222,BANANAS31/USDT:USDT,0.006423,9.0,0.006421,11.0,0.006429,265.0,0.00643,85.0
1753533096294,12:31:36.294,BANANAS31/USDT:USDT,0.006424,2.0,0.006422,11.0,0.006429,265.0,0.00643,85.0
1753533096392,12:31:36.392,BANANAS31/USDT:USDT,0.006424,2.0,0.006422,11.0,0.006429,265.0,0.00643,85.0
1753533096795,12:31:36.795,BANANAS31/USDT:USDT,0.006424,2.0,0.006422,11.0,0.006429,275.0,0.00643,85.0
1753533096921,12:31:36.921,BANANAS31/USDT:USDT,0.006419,2.0,0.006417,151.0,0.006429,275.0,0.00643,85.0
1753533096947,12:31:36.947,BANANAS31/USDT:USDT,0.006419,2.0,0.006417,11.0,0.006428,207.0,0.006429,313.0
1753533097067,12:31:37.067,BANANAS31/USDT:USDT,0.006419,2.0,0.006417,11.0,0.006428,207.0,0.006429,313.0
1753533097159,12:31:37.159,BANANAS31/USDT:USDT,0.006419,2.0,0.006417,11.0,0.006428,161.0,0.006429,313.0
1753533097902,12:31:37.902,BANANAS31/USDT:USDT,0.006419,2.0,0.006417,11.0,0.006428,161.0,0.006429,313.0
1753533098004,12:31:38.004,BANANAS31/USDT:USDT,0.006419,2.0,0.006417,11.0,0.006428,161.0,0.006429,313.0
1753533098322,12:31:38.322,BANANAS31/USDT:USDT,0.006419,2.0,0.006417,11.0,0.006428,161.0,0.006429,313.0
1753533099507,12:31:39.507,BANANAS31/USDT:USDT,0.006419,2.0,0.006417,11.0,0.006428,161.0,0.006429,421.0
1753533100020,12:31:40.020,BANANAS31/USDT:USDT,0.006419,2.0,0.006417,11.0,0.006428,161.0,0.006429,421.0
1753533101117,12:31:41.117,BANANAS31/USDT:USDT,0.006423,9.0,0.006421,11.0,0.006428,161.0,0.006429,421.0
1753533101170,12:31:41.170,BANANAS31/USDT:USDT,0.006423,9.0,0.006421,11.0,0.006428,161.0,0.006429,421.0
1753533101499,12:31:41.499,BANANAS31/USDT:USDT,0.006423,9.0,0.006421,11.0,0.006428,161.0,0.006429,421.0
1753533101641,12:31:41.641,BANANAS31/USDT:USDT,0.006423,9.0,0.006421,11.0,0.006428,48.0,0.006429,421.0
1753533101815,12:31:41.815,BANANAS31/USDT:USDT,0.006423,9.0,0.006421,11.0,0.006428,48.0,0.006429,411.0
1753533102000,12:31:42.000,BANANAS31/USDT:USDT,0.006423,9.0,0.006421,11.0,0.006428,48.0,0.006429,411.0
1753533102506,12:31:42.506,BANANAS31/USDT:USDT,0.006423,9.0,0.006421,11.0,0.006428,48.0,0.006429,303.0
1753533102650,12:31:42.650,BANANAS31/USDT:USDT,0.006423,9.0,0.006421,11.0,0.006428,48.0,0.006429,303.0
1753533102828,12:31:42.828,BANANAS31/USDT:USDT,0.006423,9.0,0.006421,11.0,0.006428,48.0,0.006429,303.0
1753533103003,12:31:43.003,BANANAS31/USDT:USDT,0.006423,9.0,0.006421,11.0,0.006428,48.0,0.006429,303.0
1753533103563,12:31:43.563,BANANAS31/USDT:USDT,0.006424,2.0,0.006422,17.0,0.006428,48.0,0.006429,297.0
1753533103685,12:31:43.685,BANANAS31/USDT:USDT,0.006424,2.0,0.006422,17.0,0.006428,48.0,0.006429,297.0
1753533103851,12:31:43.851,BANANAS31/USDT:USDT,0.006424,2.0,0.006422,17.0,0.006428,48.0,0.006429,297.0
1753533104063,12:31:44.063,BANANAS31/USDT:USDT,0.006424,2.0,0.006422,17.0,0.006428,48.0,0.006429,297.0
1753533104190,12:31:44.190,BANANAS31/USDT:USDT,0.006424,2.0,0.006422,17.0,0.006428,48.0,0.006429,297.0
1753533104317,12:31:44.317,BANANAS31/USDT:USDT,0.006424,2.0,0.006422,17.0,0.006428,48.0,0.006429,297.0
1753533104631,12:31:44.631,BANANAS31/USDT:USDT,0.006424,2.0,0.006422,17.0,0.006428,48.0,0.006429,303.0
1753533104813,12:31:44.813,BANANAS31/USDT:USDT,0.006424,2.0,0.006422,17.0,0.006428,48.0,0.006429,303.0
1753533105283,12:31:45.283,BANANAS31/USDT:USDT,0.006424,2.0,0.006422,17.0,0.006428,48.0,0.006429,303.0
1753533106041,12:31:46.041,BANANAS31/USDT:USDT,0.006424,2.0,0.006422,17.0,0.006428,48.0,0.006429,303.0
1753533106409,12:31:46.409,BANANAS31/USDT:USDT,0.006424,2.0,0.006422,17.0,0.006428,48.0,0.006429,297.0
1753533106800,12:31:46.800,BANANAS31/USDT:USDT,0.006424,2.0,0.006422,17.0,0.006428,58.0,0.006429,303.0
1753533107979,12:31:47.979,BANANAS31/USDT:USDT,0.006424,2.0,0.006422,17.0,0.006428,58.0,0.006429,303.0
1753533108036,12:31:48.036,BANANAS31/USDT:USDT,0.006424,2.0,0.006422,17.0,0.006428,58.0,0.006429,303.0
1753533108589,12:31:48.589,BANANAS31/USDT:USDT,0.006424,2.0,0.006422,17.0,0.006428,58.0,0.006429,303.0
1753533108660,12:31:48.660,BANANAS31/USDT:USDT,0.006424,2.0,0.006422,17.0,0.006428,58.0,0.006429,303.0
1753533108822,12:31:48.822,BANANAS31/USDT:USDT,0.006427,9.0,0.006426,6.0,0.006428,10.0,0.006429,291.0
1753533108923,12:31:48.923,BANANAS31/USDT:USDT,0.006427,9.0,0.006426,6.0,0.006428,10.0,0.006429,38.0
1753533109004,12:31:49.004,BANANAS31/USDT:USDT,0.006427,9.0,0.006426,6.0,0.006428,10.0,0.006429,38.0
1753533109189,12:31:49.189,BANANAS31/USDT:USDT,0.006427,9.0,0.006426,6.0,0.006428,10.0,0.006429,38.0
1753533109234,12:31:49.234,BANANAS31/USDT:USDT,0.006427,9.0,0.006426,6.0,0.006428,10.0,0.006429,38.0
1753533109340,12:31:49.340,BANANAS31/USDT:USDT,0.006427,9.0,0.006426,6.0,0.006428,10.0,0.006429,38.0
1753533110159,12:31:50.159,BANANAS31/USDT:USDT,0.006427,9.0,0.006426,6.0,0.006428,10.0,0.006429,38.0
1753533110481,12:31:50.481,BANANAS31/USDT:USDT,0.006427,9.0,0.006426,6.0,0.006428,10.0,0.006431,291.0
1753533110594,12:31:50.594,BANANAS31/USDT:USDT,0.006427,9.0,0.006426,6.0,0.006428,10.0,0.006431,291.0
1753533110694,12:31:50.694,BANANAS31/USDT:USDT,0.006427,9.0,0.006426,6.0,0.006428,10.0,0.006431,291.0
1753533110791,12:31:50.791,BANANAS31/USDT:USDT,0.006427,9.0,0.006426,6.0,0.006428,10.0,0.006431,291.0
1753533110893,12:31:50.893,BANANAS31/USDT:USDT,0.006427,9.0,0.006426,6.0,0.006428,10.0,0.006431,291.0
1753533111015,12:31:51.015,BANANAS31/USDT:USDT,0.006427,9.0,0.006426,6.0,0.006428,10.0,0.006431,291.0
1753533111112,12:31:51.112,BANANAS31/USDT:USDT,0.006427,9.0,0.006426,6.0,0.006428,10.0,0.006431,291.0
1753533111224,12:31:51.224,BANANAS31/USDT:USDT,0.006427,9.0,0.006426,6.0,0.006428,10.0,0.006431,291.0
1753533111306,12:31:51.306,BANANAS31/USDT:USDT,0.006427,9.0,0.006426,6.0,0.006428,10.0,0.006431,291.0
1753533111398,12:31:51.398,BANANAS31/USDT:USDT,0.00643,13.0,0.006428,19.0,0.006431,253.0,0.006432,6.0
1753533111551,12:31:51.551,BANANAS31/USDT:USDT,0.00643,13.0,0.006428,19.0,0.006431,253.0,0.006432,6.0
1753533111798,12:31:51.798,BANANAS31/USDT:USDT,0.00643,13.0,0.006428,11.0,0.006433,307.0,0.006434,39.0
1753533112220,12:31:52.220,BANANAS31/USDT:USDT,0.00643,13.0,0.006428,11.0,0.006433,307.0,0.006434,45.0
1753533112225,12:31:52.225,BANANAS31/USDT:USDT,0.00643,13.0,0.006428,11.0,0.006433,307.0,0.006434,45.0
1753533112381,12:31:52.381,BANANAS31/USDT:USDT,0.00643,13.0,0.006428,11.0,0.006433,307.0,0.006434,45.0
1753533112609,12:31:52.609,BANANAS31/USDT:USDT,0.006428,11.0,0.006426,11.0,0.006433,307.0,0.006434,45.0
1753533112652,12:31:52.652,BANANAS31/USDT:USDT,0.006428,11.0,0.006426,11.0,0.006433,307.0,0.006434,45.0
1753533113072,12:31:53.072,BANANAS31/USDT:USDT,0.006428,11.0,0.006426,11.0,0.006433,307.0,0.006434,45.0
1753533113297,12:31:53.297,BANANAS31/USDT:USDT,0.006428,14.0,0.006426,11.0,0.006433,307.0,0.006434,45.0
1753533113339,12:31:53.339,BANANAS31/USDT:USDT,0.006428,14.0,0.006426,11.0,0.006433,307.0,0.006434,45.0
1753533113490,12:31:53.490,BANANAS31/USDT:USDT,0.006428,14.0,0.006426,11.0,0.006433,307.0,0.006434,45.0
1753533113862,12:31:53.862,BANANAS31/USDT:USDT,0.006428,14.0,0.006426,11.0,0.006433,307.0,0.006434,45.0
1753533114525,12:31:54.525,BANANAS31/USDT:USDT,0.006428,14.0,0.006426,11.0,0.006433,307.0,0.006434,39.0
1753533114559,12:31:54.559,BANANAS31/USDT:USDT,0.006428,14.0,0.006426,11.0,0.006433,301.0,0.006434,39.0
1753533114659,12:31:54.659,BANANAS31/USDT:USDT,0.006428,14.0,0.006426,11.0,0.006433,301.0,0.006434,39.0
1753533115613,12:31:55.613,BANANAS31/USDT:USDT,0.00643,9.0,0.006429,9.0,0.006433,296.0,0.006434,39.0
1753533115724,12:31:55.724,BANANAS31/USDT:USDT,0.00643,12.0,0.006429,9.0,0.006433,263.0,0.006435,38.0
1753533115757,12:31:55.757,BANANAS31/USDT:USDT,0.00643,12.0,0.006429,9.0,0.006433,263.0,0.006434,6.0
1753533115916,12:31:55.916,BANANAS31/USDT:USDT,0.00643,12.0,0.006429,9.0,0.006433,263.0,0.006434,6.0
1753533116006,12:31:56.006,BANANAS31/USDT:USDT,0.00643,9.0,0.006428,11.0,0.006433,263.0,0.006434,6.0
1753533116702,12:31:56.702,BANANAS31/USDT:USDT,0.00643,9.0,0.006428,11.0,0.006433,263.0,0.006434,6.0
1753533116798,12:31:56.798,BANANAS31/USDT:USDT,0.00643,9.0,0.006429,6.0,0.006433,253.0,0.006434,6.0
1753533117134,12:31:57.134,BANANAS31/USDT:USDT,0.00643,9.0,0.006429,6.0,0.006433,253.0,0.006434,6.0
1753533117631,12:31:57.631,BANANAS31/USDT:USDT,0.00643,9.0,0.006429,6.0,0.006433,253.0,0.006434,6.0
1753533117868,12:31:57.868,BANANAS31/USDT:USDT,0.00643,9.0,0.006429,6.0,0.006433,253.0,0.006434,44.0
1753533118004,12:31:58.004,BANANAS31/USDT:USDT,0.00643,9.0,0.006429,6.0,0.006433,253.0,0.006434,44.0
1753533118076,12:31:58.076,BANANAS31/USDT:USDT,0.00643,9.0,0.006429,6.0,0.006433,253.0,0.006434,44.0
1753533118251,12:31:58.251,BANANAS31/USDT:USDT,0.00643,9.0,0.006429,6.0,0.006433,253.0,0.006434,44.0
1753533118559,12:31:58.559,BANANAS31/USDT:USDT,0.00643,9.0,0.006429,6.0,0.006433,253.0,0.006434,44.0
1753533118760,12:31:58.760,BANANAS31/USDT:USDT,0.00643,9.0,0.006429,6.0,0.006433,253.0,0.006434,50.0
1753533119157,12:31:59.157,BANANAS31/USDT:USDT,0.00643,9.0,0.006429,6.0,0.006433,253.0,0.006434,50.0
1753533119579,12:31:59.579,BANANAS31/USDT:USDT,0.00643,9.0,0.006428,11.0,0.006433,253.0,0.006434,50.0
1753533120038,12:32:00.038,BANANAS31/USDT:USDT,0.00643,9.0,0.006428,11.0,0.006433,253.0,0.006434,50.0
1753533120197,12:32:00.197,BANANAS31/USDT:USDT,0.006432,9.0,0.00643,12.0,0.006433,253.0,0.006434,44.0
1753533120305,12:32:00.305,BANANAS31/USDT:USDT,0.006429,9.0,0.006428,11.0,0.006433,253.0,0.006434,50.0
1753533120405,12:32:00.405,BANANAS31/USDT:USDT,0.006431,9.0,0.006429,11.0,0.006433,253.0,0.006434,50.0
1753533120615,12:32:00.615,BANANAS31/USDT:USDT,0.006431,9.0,0.006429,11.0,0.006433,253.0,0.006434,50.0
1753533120646,12:32:00.646,BANANAS31/USDT:USDT,0.006431,9.0,0.006429,11.0,0.006433,253.0,0.006434,50.0
1753533122290,12:32:02.290,BANANAS31/USDT:USDT,0.006432,9.0,0.006429,11.0,0.006433,253.0,0.006434,38.0
1753533122419,12:32:02.419,BANANAS31/USDT:USDT,0.006432,9.0,0.00643,11.0,0.006433,253.0,0.006434,38.0
1753533122446,12:32:02.446,BANANAS31/USDT:USDT,0.006432,9.0,0.00643,11.0,0.006433,253.0,0.006434,38.0
1753533122699,12:32:02.699,BANANAS31/USDT:USDT,0.006433,9.0,0.006431,11.0,0.006435,252.0,0.006436,44.0
1753533122732,12:32:02.732,BANANAS31/USDT:USDT,0.006433,9.0,0.006431,11.0,0.006435,252.0,0.006436,44.0
1753533122910,12:32:02.910,BANANAS31/USDT:USDT,0.006433,9.0,0.006431,11.0,0.006435,252.0,0.006436,44.0
1753533123220,12:32:03.220,BANANAS31/USDT:USDT,0.006434,9.0,0.006432,6.0,0.006435,252.0,0.006438,39.0
1753533123286,12:32:03.286,BANANAS31/USDT:USDT,0.006432,6.0,0.006429,11.0,0.006435,252.0,0.006437,6.0
1753533123348,12:32:03.348,BANANAS31/USDT:USDT,0.006432,6.0,0.006429,11.0,0.006435,252.0,0.006437,6.0
1753533123509,12:32:03.509,BANANAS31/USDT:USDT,0.006433,9.0,0.006432,6.0,0.006435,252.0,0.006437,6.0
1753533123624,12:32:03.624,BANANAS31/USDT:USDT,0.006433,9.0,0.006432,6.0,0.006435,252.0,0.006437,6.0
1753533123705,12:32:03.705,BANANAS31/USDT:USDT,0.006434,9.0,0.006432,6.0,0.006435,252.0,0.006437,6.0
1753533123761,12:32:03.761,BANANAS31/USDT:USDT,0.006434,9.0,0.006432,17.0,0.006435,252.0,0.006437,6.0
1753533123844,12:32:03.844,BANANAS31/USDT:USDT,0.006434,9.0,0.006432,17.0,0.006435,252.0,0.006437,6.0
1753533124006,12:32:04.006,BANANAS31/USDT:USDT,0.006434,9.0,0.006432,17.0,0.006435,252.0,0.006437,6.0
1753533124126,12:32:04.126,BANANAS31/USDT:USDT,0.006434,9.0,0.006432,17.0,0.006435,252.0,0.006437,6.0
1753533124289,12:32:04.289,BANANAS31/USDT:USDT,0.006432,17.0,0.006431,6.0,0.006435,252.0,0.006437,6.0
1753533124412,12:32:04.412,BANANAS31/USDT:USDT,0.006434,9.0,0.006432,17.0,0.006439,39.0,0.00644,39.0
1753533124523,12:32:04.523,BANANAS31/USDT:USDT,0.006435,9.0,0.006433,11.0,0.006439,258.0,0.00644,45.0
1753533124575,12:32:04.575,BANANAS31/USDT:USDT,0.006435,9.0,0.006433,11.0,0.006439,258.0,0.00644,45.0
1753533124653,12:32:04.653,BANANAS31/USDT:USDT,0.006435,9.0,0.006433,11.0,0.006439,258.0,0.00644,45.0
1753533125008,12:32:05.008,BANANAS31/USDT:USDT,0.006435,9.0,0.006433,11.0,0.006439,258.0,0.00644,45.0
1753533125216,12:32:05.216,BANANAS31/USDT:USDT,0.006435,9.0,0.006433,11.0,0.006439,258.0,0.00644,39.0
1753533125612,12:32:05.612,BANANAS31/USDT:USDT,0.006435,9.0,0.006433,11.0,0.006439,258.0,0.00644,39.0
1753533125812,12:32:05.812,BANANAS31/USDT:USDT,0.006435,9.0,0.006433,11.0,0.006439,258.0,0.00644,39.0
1753533125895,12:32:05.895,BANANAS31/USDT:USDT,0.006435,9.0,0.006433,11.0,0.006439,258.0,0.00644,39.0
1753533126017,12:32:06.017,BANANAS31/USDT:USDT,0.006433,11.0,0.006429,10.0,0.006439,258.0,0.00644,45.0
1753533126082,12:32:06.082,BANANAS31/USDT:USDT,0.006433,11.0,0.006431,11.0,0.006439,258.0,0.00644,45.0
1753533126218,12:32:06.218,BANANAS31/USDT:USDT,0.006433,11.0,0.006431,11.0,0.006439,258.0,0.00644,45.0
1753533127024,12:32:07.024,BANANAS31/USDT:USDT,0.006433,11.0,0.006431,11.0,0.006439,258.0,0.00644,45.0
1753533127024,12:32:07.024,BANANAS31/USDT:USDT,0.006433,11.0,0.006431,11.0,0.006439,258.0,0.00644,45.0
1753533127211,12:32:07.211,BANANAS31/USDT:USDT,0.006433,11.0,0.006431,11.0,0.006439,258.0,0.00644,45.0
1753533127310,12:32:07.310,BANANAS31/USDT:USDT,0.006431,11.0,0.006429,10.0,0.006438,56.0,0.006439,258.0
1753533127384,12:32:07.384,BANANAS31/USDT:USDT,0.006431,11.0,0.006429,21.0,0.006438,56.0,0.006439,258.0
1753533127438,12:32:07.438,BANANAS31/USDT:USDT,0.006431,11.0,0.006429,21.0,0.006438,56.0,0.006439,258.0
1753533127608,12:32:07.608,BANANAS31/USDT:USDT,0.006434,9.0,0.006433,9.0,0.006438,54.0,0.006439,258.0
1753533127710,12:32:07.710,BANANAS31/USDT:USDT,0.006435,9.0,0.006432,14.0,0.006438,54.0,0.006439,258.0
1753533127798,12:32:07.798,BANANAS31/USDT:USDT,0.006435,9.0,0.006433,11.0,0.006438,48.0,0.006439,258.0
1753533127855,12:32:07.855,BANANAS31/USDT:USDT,0.006435,9.0,0.006433,11.0,0.006438,48.0,0.006439,264.0
1753533128275,12:32:08.275,BANANAS31/USDT:USDT,0.006435,9.0,0.006433,11.0,0.006438,48.0,0.006439,264.0
1753533128579,12:32:08.579,BANANAS31/USDT:USDT,0.006435,9.0,0.006433,11.0,0.006438,48.0,0.006439,264.0
1753533128708,12:32:08.708,BANANAS31/USDT:USDT,0.006435,9.0,0.006433,11.0,0.006438,48.0,0.006439,264.0
1753533129223,12:32:09.223,BANANAS31/USDT:USDT,0.006433,11.0,0.006432,3.0,0.006438,48.0,0.006439,264.0
1753533129250,12:32:09.250,BANANAS31/USDT:USDT,0.006433,11.0,0.006432,3.0,0.006438,48.0,0.006439,264.0
1753533129366,12:32:09.366,BANANAS31/USDT:USDT,0.006433,11.0,0.006432,3.0,0.006438,48.0,0.006439,264.0
1753533129539,12:32:09.539,BANANAS31/USDT:USDT,0.006433,11.0,0.006432,3.0,0.006438,48.0,0.006439,264.0
1753533129770,12:32:09.770,BANANAS31/USDT:USDT,0.006433,11.0,0.006432,3.0,0.006438,48.0,0.006439,264.0
1753533129866,12:32:09.866,BANANAS31/USDT:USDT,0.006433,11.0,0.006432,3.0,0.006438,48.0,0.006439,264.0
1753533129960,12:32:09.960,BANANAS31/USDT:USDT,0.006433,11.0,0.006432,3.0,0.006438,48.0,0.006439,264.0
1753533130570,12:32:10.570,BANANAS31/USDT:USDT,0.006433,11.0,0.006432,3.0,0.006438,48.0,0.006439,264.0
1753533130777,12:32:10.777,BANANAS31/USDT:USDT,0.006433,11.0,0.006432,3.0,0.006438,48.0,0.006439,264.0
1753533131192,12:32:11.192,BANANAS31/USDT:USDT,0.006433,11.0,0.006432,3.0,0.006438,48.0,0.006439,264.0
1753533132038,12:32:12.038,BANANAS31/USDT:USDT,0.006433,11.0,0.006432,3.0,0.006438,48.0,0.006439,264.0
1753533133023,12:32:13.023,BANANAS31/USDT:USDT,0.006434,9.0,0.006433,3.0,0.006438,48.0,0.006439,252.0
1753533133100,12:32:13.100,BANANAS31/USDT:USDT,0.006434,14.0,0.006432,11.0,0.006438,48.0,0.006439,258.0
1753533133219,12:32:13.219,BANANAS31/USDT:USDT,0.006434,14.0,0.006432,11.0,0.006438,48.0,0.006439,258.0
1753533134003,12:32:14.003,BANANAS31/USDT:USDT,0.006434,14.0,0.006432,11.0,0.006438,48.0,0.006439,258.0
1753533134039,12:32:14.039,BANANAS31/USDT:USDT,0.006434,14.0,0.006432,11.0,0.006438,48.0,0.006439,258.0
1753533134325,12:32:14.325,BANANAS31/USDT:USDT,0.006434,3.0,0.006428,38.0,0.006438,48.0,0.006439,258.0
1753533134508,12:32:14.508,BANANAS31/USDT:USDT,0.006435,9.0,0.006434,3.0,0.006438,48.0,0.006439,258.0
1753533134553,12:32:14.553,BANANAS31/USDT:USDT,0.006435,9.0,0.006434,3.0,0.006438,48.0,0.006439,258.0
1753533134682,12:32:14.682,BANANAS31/USDT:USDT,0.006435,9.0,0.006434,3.0,0.006438,48.0,0.006439,258.0
1753533135007,12:32:15.007,BANANAS31/USDT:USDT,0.006428,38.0,0.006427,10.0,0.006438,48.0,0.006439,258.0
1753533135121,12:32:15.121,BANANAS31/USDT:USDT,0.006435,9.0,0.006433,3.0,0.006438,48.0,0.006439,296.0
1753533135176,12:32:15.176,BANANAS31/USDT:USDT,0.006435,9.0,0.006433,14.0,0.006438,48.0,0.006439,296.0
1753533135326,12:32:15.326,BANANAS31/USDT:USDT,0.006435,9.0,0.006433,14.0,0.006438,48.0,0.006439,302.0
1753533135680,12:32:15.680,BANANAS31/USDT:USDT,0.006435,9.0,0.006433,14.0,0.006438,48.0,0.006439,302.0
1753533136916,12:32:16.916,BANANAS31/USDT:USDT,0.006435,12.0,0.006434,9.0,0.006443,8.0,0.006444,44.0
1753533137011,12:32:17.011,BANANAS31/USDT:USDT,0.006438,9.0,0.006436,11.0,0.006443,8.0,0.006444,296.0
1753533137089,12:32:17.089,BANANAS31/USDT:USDT,0.006438,9.0,0.006436,11.0,0.006443,46.0,0.006444,296.0
1753533137217,12:32:17.217,BANANAS31/USDT:USDT,0.006438,9.0,0.006436,11.0,0.006443,46.0,0.006444,296.0
1753533137307,12:32:17.307,BANANAS31/USDT:USDT,0.006438,9.0,0.006436,11.0,0.006443,46.0,0.006444,296.0
1753533137376,12:32:17.376,BANANAS31/USDT:USDT,0.006438,9.0,0.006436,11.0,0.006443,46.0,0.006444,296.0
1753533137468,12:32:17.468,BANANAS31/USDT:USDT,0.006438,9.0,0.006436,11.0,0.006443,46.0,0.006444,296.0
1753533137595,12:32:17.595,BANANAS31/USDT:USDT,0.006438,9.0,0.006436,11.0,0.006443,46.0,0.006444,296.0
1753533137728,12:32:17.728,BANANAS31/USDT:USDT,0.006438,9.0,0.006436,11.0,0.006443,46.0,0.006444,296.0
1753533138166,12:32:18.166,BANANAS31/USDT:USDT,0.006438,9.0,0.006436,11.0,0.006443,46.0,0.006444,296.0
1753533138590,12:32:18.590,BANANAS31/USDT:USDT,0.006438,9.0,0.006436,11.0,0.006443,46.0,0.006444,296.0
1753533138751,12:32:18.751,BANANAS31/USDT:USDT,0.006436,11.0,0.006434,11.0,0.006443,46.0,0.006444,403.0
1753533139014,12:32:19.014,BANANAS31/USDT:USDT,0.006436,11.0,0.006434,11.0,0.006443,46.0,0.006444,403.0
1753533139252,12:32:19.252,BANANAS31/USDT:USDT,0.006436,11.0,0.006434,11.0,0.006443,46.0,0.006444,403.0
1753533139471,12:32:19.471,BANANAS31/USDT:USDT,0.006436,11.0,0.006434,11.0,0.006443,46.0,0.006444,403.0
1753533139736,12:32:19.736,BANANAS31/USDT:USDT,0.006436,11.0,0.006434,11.0,0.006443,46.0,0.006444,403.0
1753533139875,12:32:19.875,BANANAS31/USDT:USDT,0.006436,11.0,0.006434,11.0,0.006443,46.0,0.006444,403.0
1753533140006,12:32:20.006,BANANAS31/USDT:USDT,0.006436,11.0,0.006434,11.0,0.006443,46.0,0.006444,403.0
1753533140175,12:32:20.175,BANANAS31/USDT:USDT,0.006436,11.0,0.006434,11.0,0.006443,46.0,0.006444,403.0
1753533140895,12:32:20.895,BANANAS31/USDT:USDT,0.006436,11.0,0.006434,11.0,0.006443,46.0,0.006444,403.0
1753533141074,12:32:21.074,BANANAS31/USDT:USDT,0.006436,11.0,0.006434,11.0,0.006443,46.0,0.006444,403.0
1753533142008,12:32:22.008,BANANAS31/USDT:USDT,0.006436,11.0,0.006434,11.0,0.006443,46.0,0.006444,403.0
1753533142265,12:32:22.265,BANANAS31/USDT:USDT,0.006436,11.0,0.006434,11.0,0.006443,46.0,0.006444,403.0
1753533142344,12:32:22.344,BANANAS31/USDT:USDT,0.006436,11.0,0.006434,11.0,0.006443,46.0,0.006444,403.0
1753533142489,12:32:22.489,BANANAS31/USDT:USDT,0.006436,11.0,0.006434,11.0,0.006443,46.0,0.006444,403.0
1753533142547,12:32:22.547,BANANAS31/USDT:USDT,0.006436,11.0,0.006434,11.0,0.006443,46.0,0.006444,403.0
1753533143002,12:32:23.002,BANANAS31/USDT:USDT,0.006436,11.0,0.006434,11.0,0.006443,46.0,0.006444,403.0
1753533143717,12:32:23.717,BANANAS31/USDT:USDT,0.006436,11.0,0.006434,11.0,0.006443,46.0,0.006444,403.0
1753533143743,12:32:23.743,BANANAS31/USDT:USDT,0.006436,11.0,0.006434,11.0,0.006443,46.0,0.006444,403.0
1753533143898,12:32:23.898,BANANAS31/USDT:USDT,0.006438,9.0,0.006436,11.0,0.006443,46.0,0.006444,403.0
1753533144053,12:32:24.053,BANANAS31/USDT:USDT,0.006438,9.0,0.006436,11.0,0.006443,46.0,0.006444,403.0
1753533145558,12:32:25.558,BANANAS31/USDT:USDT,0.006438,9.0,0.006436,11.0,0.006443,46.0,0.006444,403.0
1753533145919,12:32:25.919,BANANAS31/USDT:USDT,0.006439,9.0,0.006437,11.0,0.006443,44.0,0.006444,403.0
1753533145971,12:32:25.971,BANANAS31/USDT:USDT,0.006439,9.0,0.006437,11.0,0.006443,44.0,0.006444,403.0
1753533146033,12:32:26.033,BANANAS31/USDT:USDT,0.006439,9.0,0.006437,11.0,0.006443,44.0,0.006444,403.0
1753533146358,12:32:26.358,BANANAS31/USDT:USDT,0.006439,9.0,0.006437,11.0,0.006443,44.0,0.006444,403.0
1753533147180,12:32:27.180,BANANAS31/USDT:USDT,0.006439,9.0,0.006437,11.0,0.006443,44.0,0.006444,403.0
1753533148008,12:32:28.008,BANANAS31/USDT:USDT,0.006439,9.0,0.006437,11.0,0.006443,44.0,0.006444,403.0
1753533148269,12:32:28.269,BANANAS31/USDT:USDT,0.006439,9.0,0.006437,11.0,0.006443,44.0,0.006444,403.0
1753533148377,12:32:28.377,BANANAS31/USDT:USDT,0.006439,9.0,0.006437,11.0,0.006443,44.0,0.006444,403.0
1753533148588,12:32:28.588,BANANAS31/USDT:USDT,0.006439,9.0,0.006437,11.0,0.006443,44.0,0.006444,296.0
1753533148897,12:32:28.897,BANANAS31/USDT:USDT,0.006439,9.0,0.006437,11.0,0.006443,44.0,0.006444,296.0
1753533149108,12:32:29.108,BANANAS31/USDT:USDT,0.00644,9.0,0.006438,11.0,0.006443,44.0,0.006444,296.0
1753533149202,12:32:29.202,BANANAS31/USDT:USDT,0.00644,9.0,0.006438,11.0,0.006443,44.0,0.006444,296.0
1753533150019,12:32:30.019,BANANAS31/USDT:USDT,0.00644,9.0,0.006438,11.0,0.006443,44.0,0.006444,296.0
1753533150436,12:32:30.436,BANANAS31/USDT:USDT,0.00644,9.0,0.006438,11.0,0.006443,44.0,0.006444,296.0
1753533150822,12:32:30.822,BANANAS31/USDT:USDT,0.00644,9.0,0.006438,11.0,0.006443,44.0,0.006444,296.0
1753533150908,12:32:30.908,BANANAS31/USDT:USDT,0.006438,11.0,0.006436,11.0,0.006443,44.0,0.006444,296.0
1753533151004,12:32:31.004,BANANAS31/USDT:USDT,0.006438,11.0,0.006436,11.0,0.006443,44.0,0.006444,296.0
1753533151068,12:32:31.068,BANANAS31/USDT:USDT,0.006438,11.0,0.006436,11.0,0.006443,38.0,0.006444,296.0
1753533151268,12:32:31.268,BANANAS31/USDT:USDT,0.006438,11.0,0.006436,11.0,0.006443,38.0,0.006444,296.0
1753533151414,12:32:31.414,BANANAS31/USDT:USDT,0.006438,11.0,0.006436,11.0,0.006443,38.0,0.006444,296.0
1753533151913,12:32:31.913,BANANAS31/USDT:USDT,0.006438,11.0,0.006436,11.0,0.006443,38.0,0.006444,296.0
1753533151936,12:32:31.936,BANANAS31/USDT:USDT,0.006438,14.0,0.006436,11.0,0.006443,38.0,0.006444,296.0
1753533152086,12:32:32.086,BANANAS31/USDT:USDT,0.006438,14.0,0.006436,11.0,0.006443,38.0,0.006444,296.0
1753533152130,12:32:32.130,BANANAS31/USDT:USDT,0.006438,11.0,0.006436,11.0,0.006443,44.0,0.006444,296.0
1753533152481,12:32:32.481,BANANAS31/USDT:USDT,0.006438,11.0,0.006436,11.0,0.006443,44.0,0.006444,296.0
1753533152948,12:32:32.948,BANANAS31/USDT:USDT,0.006438,11.0,0.006436,11.0,0.006443,44.0,0.006444,296.0
1753533153079,12:32:33.079,BANANAS31/USDT:USDT,0.006438,14.0,0.006436,11.0,0.006443,38.0,0.006444,296.0
1753533153289,12:32:33.289,BANANAS31/USDT:USDT,0.006438,14.0,0.006436,11.0,0.006443,38.0,0.006444,296.0
1753533153479,12:32:33.479,BANANAS31/USDT:USDT,0.006438,14.0,0.006436,11.0,0.006443,38.0,0.006444,290.0
1753533153653,12:32:33.653,BANANAS31/USDT:USDT,0.006438,14.0,0.006436,11.0,0.006443,38.0,0.006444,290.0
1753533153766,12:32:33.766,BANANAS31/USDT:USDT,0.006438,11.0,0.006436,11.0,0.006443,44.0,0.006444,290.0
1753533154257,12:32:34.257,BANANAS31/USDT:USDT,0.006438,11.0,0.006436,11.0,0.006443,50.0,0.006444,290.0
1753533154616,12:32:34.616,BANANAS31/USDT:USDT,0.006436,11.0,0.006433,10.0,0.006442,40.0,0.006443,50.0
1753533154675,12:32:34.675,BANANAS31/USDT:USDT,0.006436,11.0,0.006434,11.0,0.006442,40.0,0.006443,50.0
1753533154916,12:32:34.916,BANANAS31/USDT:USDT,0.006436,11.0,0.006434,11.0,0.006442,40.0,0.006443,50.0
1753533155161,12:32:35.161,BANANAS31/USDT:USDT,0.006436,11.0,0.006434,11.0,0.006442,40.0,0.006443,50.0
1753533155236,12:32:35.236,BANANAS31/USDT:USDT,0.006436,11.0,0.006434,11.0,0.006442,40.0,0.006443,50.0
1753533155516,12:32:35.516,BANANAS31/USDT:USDT,0.006434,11.0,0.006433,10.0,0.006442,40.0,0.006443,50.0
1753533155611,12:32:35.611,BANANAS31/USDT:USDT,0.006437,9.0,0.006436,9.0,0.006442,38.0,0.006443,50.0
1753533155687,12:32:35.687,BANANAS31/USDT:USDT,0.006434,11.0,0.006433,10.0,0.006442,38.0,0.006443,50.0
1753533155741,12:32:35.741,BANANAS31/USDT:USDT,0.006434,11.0,0.006433,10.0,0.006442,38.0,0.006443,50.0
1753533155830,12:32:35.830,BANANAS31/USDT:USDT,0.006434,11.0,0.006433,10.0,0.006442,38.0,0.006443,50.0
1753533156160,12:32:36.160,BANANAS31/USDT:USDT,0.006434,11.0,0.006433,10.0,0.006442,38.0,0.006443,50.0
1753533156350,12:32:36.350,BANANAS31/USDT:USDT,0.006434,11.0,0.006433,10.0,0.006442,38.0,0.006443,50.0
1753533156537,12:32:36.537,BANANAS31/USDT:USDT,0.006434,11.0,0.006433,10.0,0.006442,38.0,0.006443,50.0
1753533156799,12:32:36.799,BANANAS31/USDT:USDT,0.006434,11.0,0.006433,10.0,0.006442,38.0,0.006443,50.0
1753533156887,12:32:36.887,BANANAS31/USDT:USDT,0.006436,9.0,0.006433,10.0,0.006443,38.0,0.006444,441.0
1753533157001,12:32:37.001,BANANAS31/USDT:USDT,0.006437,11.0,0.006434,11.0,0.006442,41.0,0.006443,44.0
1753533157094,12:32:37.094,BANANAS31/USDT:USDT,0.006438,9.0,0.006436,11.0,0.006442,41.0,0.006443,50.0
1753533157198,12:32:37.198,BANANAS31/USDT:USDT,0.006438,9.0,0.006436,11.0,0.006442,41.0,0.006443,50.0
1753533157255,12:32:37.255,BANANAS31/USDT:USDT,0.006438,9.0,0.006436,11.0,0.006442,41.0,0.006443,50.0
1753533157404,12:32:37.404,BANANAS31/USDT:USDT,0.006438,9.0,0.006436,11.0,0.006442,41.0,0.006443,50.0
1753533157661,12:32:37.661,BANANAS31/USDT:USDT,0.006438,9.0,0.006436,11.0,0.006442,41.0,0.006443,50.0
1753533157763,12:32:37.763,BANANAS31/USDT:USDT,0.006438,9.0,0.006436,11.0,0.006442,41.0,0.006443,50.0
1753533158144,12:32:38.144,BANANAS31/USDT:USDT,0.006438,9.0,0.006436,11.0,0.006442,39.0,0.006443,50.0
1753533158230,12:32:38.230,BANANAS31/USDT:USDT,0.006438,9.0,0.006436,11.0,0.006442,39.0,0.006443,50.0
1753533158453,12:32:38.453,BANANAS31/USDT:USDT,0.006438,9.0,0.006436,11.0,0.006442,39.0,0.006443,50.0
1753533158659,12:32:38.659,BANANAS31/USDT:USDT,0.006438,9.0,0.006436,11.0,0.006442,39.0,0.006443,50.0
1753533160398,12:32:40.398,BANANAS31/USDT:USDT,0.006436,11.0,0.006434,11.0,0.006442,39.0,0.006443,50.0
1753533160687,12:32:40.687,BANANAS31/USDT:USDT,0.006436,11.0,0.006434,11.0,0.006442,39.0,0.006443,50.0
1753533160855,12:32:40.855,BANANAS31/USDT:USDT,0.006436,11.0,0.006434,11.0,0.006442,39.0,0.006443,50.0
1753533161104,12:32:41.104,BANANAS31/USDT:USDT,0.006436,11.0,0.006434,11.0,0.006442,39.0,0.006443,50.0
1753533161280,12:32:41.280,BANANAS31/USDT:USDT,0.006436,11.0,0.006434,11.0,0.006442,39.0,0.006443,50.0
1753533162212,12:32:42.212,BANANAS31/USDT:USDT,0.006438,9.0,0.006437,9.0,0.006442,39.0,0.006443,50.0
1753533162284,12:32:42.284,BANANAS31/USDT:USDT,0.006438,9.0,0.006436,11.0,0.006442,39.0,0.006443,50.0
1753533162390,12:32:42.390,BANANAS31/USDT:USDT,0.006438,9.0,0.006436,11.0,0.006442,39.0,0.006443,50.0
1753533163155,12:32:43.155,BANANAS31/USDT:USDT,0.006438,9.0,0.006436,11.0,0.006442,39.0,0.006443,50.0
1753533163277,12:32:43.277,BANANAS31/USDT:USDT,0.006436,11.0,0.006433,10.0,0.006442,39.0,0.006443,50.0
1753533163327,12:32:43.327,BANANAS31/USDT:USDT,0.006436,11.0,0.006434,11.0,0.006442,39.0,0.006443,50.0
1753533163572,12:32:43.572,BANANAS31/USDT:USDT,0.006436,11.0,0.006434,11.0,0.006442,39.0,0.006443,50.0
1753533164389,12:32:44.389,BANANAS31/USDT:USDT,0.006436,11.0,0.006434,11.0,0.006442,39.0,0.006443,50.0
1753533164807,12:32:44.807,BANANAS31/USDT:USDT,0.006436,11.0,0.006434,11.0,0.006442,39.0,0.006443,50.0
1753533165006,12:32:45.006,BANANAS31/USDT:USDT,0.006436,11.0,0.006434,11.0,0.006442,39.0,0.006443,50.0
1753533168058,12:32:48.058,BANANAS31/USDT:USDT,0.006436,11.0,0.006434,11.0,0.006442,39.0,0.006443,50.0
1753533169460,12:32:49.460,BANANAS31/USDT:USDT,0.006436,11.0,0.006434,11.0,0.006442,39.0,0.006443,50.0
1753533169964,12:32:49.964,BANANAS31/USDT:USDT,0.006436,11.0,0.006434,162.0,0.006442,39.0,0.006443,50.0
1753533170689,12:32:50.689,BANANAS31/USDT:USDT,0.006438,9.0,0.006434,162.0,0.006442,39.0,0.006443,50.0
1753533170811,12:32:50.811,BANANAS31/USDT:USDT,0.006437,11.0,0.006436,11.0,0.006442,39.0,0.006443,50.0
1753533170912,12:32:50.912,BANANAS31/USDT:USDT,0.006437,11.0,0.006435,11.0,0.006442,39.0,0.006443,50.0
1753533171019,12:32:51.019,BANANAS31/USDT:USDT,0.006438,9.0,0.006436,11.0,0.006442,39.0,0.006443,50.0
1753533171265,12:32:51.265,BANANAS31/USDT:USDT,0.006438,9.0,0.006436,11.0,0.006442,39.0,0.006443,50.0
1753533171340,12:32:51.340,BANANAS31/USDT:USDT,0.006438,9.0,0.006436,11.0,0.006442,39.0,0.006443,50.0
1753533171433,12:32:51.433,BANANAS31/USDT:USDT,0.006438,9.0,0.006436,11.0,0.006442,39.0,0.006443,50.0
1753533171821,12:32:51.821,BANANAS31/USDT:USDT,0.006438,9.0,0.006436,11.0,0.006442,39.0,0.006443,50.0
1753533172082,12:32:52.082,BANANAS31/USDT:USDT,0.006438,9.0,0.006436,11.0,0.006442,39.0,0.006443,50.0
1753533172315,12:32:52.315,BANANAS31/USDT:USDT,0.006438,9.0,0.006436,11.0,0.006442,39.0,0.006443,50.0
1753533172409,12:32:52.409,BANANAS31/USDT:USDT,0.006436,11.0,0.006434,162.0,0.006442,39.0,0.006443,50.0
1753533172497,12:32:52.497,BANANAS31/USDT:USDT,0.006436,11.0,0.006434,162.0,0.006442,39.0,0.006443,50.0
1753533172853,12:32:52.853,BANANAS31/USDT:USDT,0.006436,11.0,0.006434,162.0,0.006442,39.0,0.006443,50.0
1753533173317,12:32:53.317,BANANAS31/USDT:USDT,0.006436,11.0,0.006434,162.0,0.006442,39.0,0.006443,50.0
1753533174507,12:32:54.507,BANANAS31/USDT:USDT,0.006439,9.0,0.006438,9.0,0.006443,38.0,0.006444,290.0
1753533174551,12:32:54.551,BANANAS31/USDT:USDT,0.00644,3.0,0.006439,3.0,0.006443,38.0,0.006444,296.0
1753533174655,12:32:54.655,BANANAS31/USDT:USDT,0.00644,3.0,0.006438,11.0,0.006443,38.0,0.006444,296.0
1753533174957,12:32:54.957,BANANAS31/USDT:USDT,0.00644,3.0,0.006438,11.0,0.006443,38.0,0.006444,296.0
1753533175249,12:32:55.249,BANANAS31/USDT:USDT,0.006438,14.0,0.006436,11.0,0.006443,38.0,0.006444,302.0
1753533175378,12:32:55.378,BANANAS31/USDT:USDT,0.006438,14.0,0.006436,11.0,0.006443,38.0,0.006444,302.0
1753533176199,12:32:56.199,BANANAS31/USDT:USDT,0.006438,14.0,0.006436,11.0,0.006443,38.0,0.006444,302.0
1753533176613,12:32:56.613,BANANAS31/USDT:USDT,0.006438,14.0,0.006436,11.0,0.006443,38.0,0.006444,302.0
1753533177654,12:32:57.654,BANANAS31/USDT:USDT,0.006438,14.0,0.006436,11.0,0.006443,38.0,0.006444,302.0
1753533178002,12:32:58.002,BANANAS31/USDT:USDT,0.006438,14.0,0.006436,11.0,0.006443,38.0,0.006444,302.0
1753533179013,12:32:59.013,BANANAS31/USDT:USDT,0.006439,9.0,0.006438,9.0,0.006443,38.0,0.006444,38.0
1753533179113,12:32:59.113,BANANAS31/USDT:USDT,0.006441,9.0,0.006439,11.0,0.006444,290.0,0.006445,44.0
1753533179214,12:32:59.214,BANANAS31/USDT:USDT,0.006441,9.0,0.006439,11.0,0.006443,39.0,0.006444,296.0
1753533179232,12:32:59.232,BANANAS31/USDT:USDT,0.006441,9.0,0.006439,11.0,0.006443,39.0,0.006444,296.0
1753533179458,12:32:59.458,BANANAS31/USDT:USDT,0.006441,9.0,0.006439,11.0,0.006443,39.0,0.006444,296.0
1753533179684,12:32:59.684,BANANAS31/USDT:USDT,0.006435,9.0,0.006434,151.0,0.006442,39.0,0.006443,45.0
1753533179737,12:32:59.737,BANANAS31/USDT:USDT,0.006435,9.0,0.006434,151.0,0.006442,39.0,0.006443,45.0
1753533179880,12:32:59.880,BANANAS31/USDT:USDT,0.006435,9.0,0.006434,151.0,0.006442,39.0,0.006443,45.0
1753533180207,12:33:00.207,BANANAS31/USDT:USDT,0.006438,12.0,0.006437,9.0,0.006442,39.0,0.006443,45.0
1753533180308,12:33:00.308,BANANAS31/USDT:USDT,0.006438,9.0,0.006434,151.0,0.006442,45.0,0.006443,51.0
1753533180413,12:33:00.413,BANANAS31/USDT:USDT,0.006438,9.0,0.006436,11.0,0.006442,45.0,0.006443,51.0
1753533180465,12:33:00.465,BANANAS31/USDT:USDT,0.006438,9.0,0.006436,11.0,0.006442,45.0,0.006443,51.0
1753533180863,12:33:00.863,BANANAS31/USDT:USDT,0.006438,9.0,0.006437,6.0,0.006442,45.0,0.006443,51.0
1753533181140,12:33:01.140,BANANAS31/USDT:USDT,0.006438,9.0,0.006437,6.0,0.006442,45.0,0.006443,51.0
1753533181461,12:33:01.461,BANANAS31/USDT:USDT,0.006438,9.0,0.006437,6.0,0.006442,45.0,0.006443,51.0
1753533181543,12:33:01.543,BANANAS31/USDT:USDT,0.006438,9.0,0.006437,6.0,0.006442,45.0,0.006443,51.0
1753533182006,12:33:02.006,BANANAS31/USDT:USDT,0.006438,9.0,0.006437,6.0,0.006442,45.0,0.006443,51.0
1753533182453,12:33:02.453,BANANAS31/USDT:USDT,0.006438,9.0,0.006437,6.0,0.006442,45.0,0.006443,51.0
1753533183176,12:33:03.176,BANANAS31/USDT:USDT,0.00644,9.0,0.006438,11.0,0.006442,45.0,0.006443,51.0
1753533183313,12:33:03.313,BANANAS31/USDT:USDT,0.00644,9.0,0.006438,11.0,0.006442,39.0,0.006443,45.0
1753533183332,12:33:03.332,BANANAS31/USDT:USDT,0.00644,9.0,0.006438,11.0,0.006442,39.0,0.006443,45.0
1753533183624,12:33:03.624,BANANAS31/USDT:USDT,0.006438,11.0,0.006437,6.0,0.006442,39.0,0.006443,45.0
1753533183626,12:33:03.626,BANANAS31/USDT:USDT,0.006438,11.0,0.006437,6.0,0.006442,45.0,0.006443,45.0
1753533184019,12:33:04.019,BANANAS31/USDT:USDT,0.006438,11.0,0.006437,6.0,0.006442,45.0,0.006443,45.0
1753533184123,12:33:04.123,BANANAS31/USDT:USDT,0.006438,11.0,0.006437,6.0,0.006442,45.0,0.006443,45.0
1753533184395,12:33:04.395,BANANAS31/USDT:USDT,0.006438,11.0,0.006437,6.0,0.006442,45.0,0.006443,45.0
1753533184833,12:33:04.833,BANANAS31/USDT:USDT,0.006438,11.0,0.006437,6.0,0.006442,45.0,0.006443,45.0
1753533184960,12:33:04.960,BANANAS31/USDT:USDT,0.006438,11.0,0.006437,6.0,0.006442,45.0,0.006443,45.0
1753533187295,12:33:07.295,BANANAS31/USDT:USDT,0.006438,11.0,0.006437,6.0,0.006442,45.0,0.006443,45.0
1753533187461,12:33:07.461,BANANAS31/USDT:USDT,0.006438,11.0,0.006437,6.0,0.006442,45.0,0.006443,45.0
1753533187904,12:33:07.904,BANANAS31/USDT:USDT,0.00644,9.0,0.006439,9.0,0.006442,45.0,0.006443,45.0
1753533187955,12:33:07.955,BANANAS31/USDT:USDT,0.00644,9.0,0.006438,11.0,0.006442,45.0,0.006443,45.0
1753533188061,12:33:08.061,BANANAS31/USDT:USDT,0.00644,9.0,0.006438,11.0,0.006442,45.0,0.006443,45.0
1753533188160,12:33:08.160,BANANAS31/USDT:USDT,0.00644,9.0,0.006438,11.0,0.006442,45.0,0.006443,45.0
1753533188609,12:33:08.609,BANANAS31/USDT:USDT,0.00644,9.0,0.006438,11.0,0.006442,45.0,0.006443,45.0
1753533188627,12:33:08.627,BANANAS31/USDT:USDT,0.00644,9.0,0.006438,11.0,0.006442,45.0,0.006443,45.0
1753533188881,12:33:08.881,BANANAS31/USDT:USDT,0.00644,9.0,0.006438,11.0,0.006442,45.0,0.006443,45.0
1753533188993,12:33:08.993,BANANAS31/USDT:USDT,0.006438,11.0,0.006437,6.0,0.006442,45.0,0.006443,45.0
1753533189028,12:33:09.028,BANANAS31/USDT:USDT,0.006438,11.0,0.006437,6.0,0.006442,45.0,0.006443,45.0
1753533189296,12:33:09.296,BANANAS31/USDT:USDT,0.006438,11.0,0.006437,6.0,0.006442,45.0,0.006443,45.0
1753533190012,12:33:10.012,BANANAS31/USDT:USDT,0.006438,11.0,0.006437,6.0,0.006442,45.0,0.006443,45.0
1753533190115,12:33:10.115,BANANAS31/USDT:USDT,0.006438,11.0,0.006437,6.0,0.006442,45.0,0.006443,45.0
1753533192054,12:33:12.054,BANANAS31/USDT:USDT,0.006438,11.0,0.006437,6.0,0.006442,45.0,0.006443,45.0
1753533193519,12:33:13.519,BANANAS31/USDT:USDT,0.00644,9.0,0.006439,3.0,0.006442,39.0,0.006443,45.0
1753533193575,12:33:13.575,BANANAS31/USDT:USDT,0.00644,9.0,0.006439,3.0,0.006442,39.0,0.006443,45.0
1753533193759,12:33:13.759,BANANAS31/USDT:USDT,0.00644,9.0,0.006439,3.0,0.006442,39.0,0.006443,45.0
1753533194174,12:33:14.174,BANANAS31/USDT:USDT,0.00644,9.0,0.006439,3.0,0.006442,39.0,0.006443,45.0
1753533196209,12:33:16.209,BANANAS31/USDT:USDT,0.006438,11.0,0.006436,11.0,0.006442,39.0,0.006443,45.0
1753533196228,12:33:16.228,BANANAS31/USDT:USDT,0.006438,14.0,0.006436,11.0,0.006442,39.0,0.006443,45.0
1753533196330,12:33:16.330,BANANAS31/USDT:USDT,0.006438,14.0,0.006436,11.0,0.006442,39.0,0.006443,45.0
1753533196600,12:33:16.600,BANANAS31/USDT:USDT,0.006438,14.0,0.006436,11.0,0.006442,39.0,0.006443,45.0
1753533196854,12:33:16.854,BANANAS31/USDT:USDT,0.006438,14.0,0.006436,11.0,0.006442,39.0,0.006443,45.0
1753533197160,12:33:17.160,BANANAS31/USDT:USDT,0.006438,14.0,0.006436,11.0,0.006442,39.0,0.006443,45.0
1753533197418,12:33:17.418,BANANAS31/USDT:USDT,0.006438,14.0,0.006436,11.0,0.006442,39.0,0.006443,45.0
1753533197550,12:33:17.550,BANANAS31/USDT:USDT,0.006438,14.0,0.006436,11.0,0.006442,45.0,0.006443,45.0
1753533197660,12:33:17.660,BANANAS31/USDT:USDT,0.006438,14.0,0.006436,11.0,0.006442,45.0,0.006443,45.0
1753533197835,12:33:17.835,BANANAS31/USDT:USDT,0.006438,14.0,0.006436,11.0,0.006442,45.0,0.006443,45.0
1753533201654,12:33:21.654,BANANAS31/USDT:USDT,0.006438,14.0,0.006436,11.0,0.006442,45.0,0.006443,45.0
1753533203008,12:33:23.008,BANANAS31/USDT:USDT,0.006438,17.0,0.006436,11.0,0.006441,38.0,0.006442,45.0
1753533203100,12:33:23.100,BANANAS31/USDT:USDT,0.006438,17.0,0.006436,11.0,0.006441,38.0,0.006442,45.0
1753533203215,12:33:23.215,BANANAS31/USDT:USDT,0.006438,17.0,0.006436,11.0,0.006441,38.0,0.006442,45.0
1753533204381,12:33:24.381,BANANAS31/USDT:USDT,0.006438,14.0,0.006436,11.0,0.006441,38.0,0.006442,45.0
1753533206454,12:33:26.454,BANANAS31/USDT:USDT,0.006438,14.0,0.006436,11.0,0.006441,38.0,0.006442,45.0
1753533211254,12:33:31.254,BANANAS31/USDT:USDT,0.006438,14.0,0.006436,11.0,0.006441,38.0,0.006442,45.0
1753533214976,12:33:34.976,BANANAS31/USDT:USDT,0.006438,11.0,0.006436,11.0,0.006441,44.0,0.006442,45.0
1753533215095,12:33:35.095,BANANAS31/USDT:USDT,0.006438,11.0,0.006436,11.0,0.006441,44.0,0.006442,45.0
1753533215132,12:33:35.132,BANANAS31/USDT:USDT,0.006438,11.0,0.006436,11.0,0.006441,44.0,0.006442,45.0
1753533216055,12:33:36.055,BANANAS31/USDT:USDT,0.006438,11.0,0.006436,11.0,0.006441,44.0,0.006442,45.0
1753533216489,12:33:36.489,BANANAS31/USDT:USDT,0.006438,11.0,0.006436,11.0,0.006441,44.0,0.006442,45.0
1753533220854,12:33:40.854,BANANAS31/USDT:USDT,0.006438,11.0,0.006436,11.0,0.006441,44.0,0.006442,45.0
1753533221707,12:33:41.707,BANANAS31/USDT:USDT,0.006436,11.0,0.006434,207.0,0.006441,44.0,0.006442,45.0
1753533222008,12:33:42.008,BANANAS31/USDT:USDT,0.006436,11.0,0.006434,207.0,0.006441,44.0,0.006442,45.0
1753533222439,12:33:42.439,BANANAS31/USDT:USDT,0.006436,11.0,0.006434,207.0,0.006441,44.0,0.006442,45.0
1753533226307,12:33:46.307,BANANAS31/USDT:USDT,0.006438,9.0,0.006437,12.0,0.006441,44.0,0.006442,45.0
1753533226422,12:33:46.422,BANANAS31/USDT:USDT,0.006438,9.0,0.006437,3.0,0.006441,44.0,0.006442,45.0
1753533226481,12:33:46.481,BANANAS31/USDT:USDT,0.006438,9.0,0.006437,3.0,0.006441,44.0,0.006442,45.0
1753533226566,12:33:46.566,BANANAS31/USDT:USDT,0.006438,9.0,0.006437,3.0,0.006441,44.0,0.006442,45.0
1753533226711,12:33:46.711,BANANAS31/USDT:USDT,0.00644,9.0,0.006439,9.0,0.006443,39.0,0.006444,290.0
1753533226807,12:33:46.807,BANANAS31/USDT:USDT,0.006439,9.0,0.006437,3.0,0.006442,39.0,0.006443,45.0
1753533226899,12:33:46.899,BANANAS31/USDT:USDT,0.006439,9.0,0.006437,14.0,0.006442,39.0,0.006443,45.0
1753533226941,12:33:46.941,BANANAS31/USDT:USDT,0.006439,9.0,0.006437,14.0,0.006442,39.0,0.006443,45.0
1753533227320,12:33:47.320,BANANAS31/USDT:USDT,0.006439,9.0,0.006437,14.0,0.006442,39.0,0.006443,45.0
1753533227747,12:33:47.747,BANANAS31/USDT:USDT,0.006439,9.0,0.006437,14.0,0.006442,39.0,0.006443,51.0
1753533229708,12:33:49.708,BANANAS31/USDT:USDT,0.00644,9.0,0.006439,3.0,0.006443,6.0,0.006444,290.0
1753533229751,12:33:49.751,BANANAS31/USDT:USDT,0.00644,9.0,0.006439,3.0,0.006443,6.0,0.006444,290.0
1753533230166,12:33:50.166,BANANAS31/USDT:USDT,0.00644,9.0,0.006439,3.0,0.006443,6.0,0.006444,290.0
1753533230688,12:33:50.688,BANANAS31/USDT:USDT,0.00644,9.0,0.006439,3.0,0.006443,6.0,0.006444,296.0
1753533231057,12:33:51.057,BANANAS31/USDT:USDT,0.00644,9.0,0.006439,3.0,0.006443,6.0,0.006444,296.0
1753533231271,12:33:51.271,BANANAS31/USDT:USDT,0.00644,9.0,0.006439,3.0,0.006443,6.0,0.006444,296.0
1753533232007,12:33:52.007,BANANAS31/USDT:USDT,0.00644,9.0,0.006439,3.0,0.006443,6.0,0.006444,296.0
1753533233097,12:33:53.097,BANANAS31/USDT:USDT,0.00644,9.0,0.006438,11.0,0.006443,6.0,0.006444,296.0
1753533235855,12:33:55.855,BANANAS31/USDT:USDT,0.00644,9.0,0.006438,11.0,0.006443,6.0,0.006444,296.0
1753533235936,12:33:55.936,BANANAS31/USDT:USDT,0.00644,9.0,0.006438,11.0,0.006443,6.0,0.006444,296.0
1753533236031,12:33:56.031,BANANAS31/USDT:USDT,0.00644,9.0,0.006438,11.0,0.006443,6.0,0.006444,296.0
1753533238713,12:33:58.713,BANANAS31/USDT:USDT,0.00644,9.0,0.006438,11.0,0.006443,6.0,0.006444,296.0
1753533238739,12:33:58.739,BANANAS31/USDT:USDT,0.00644,9.0,0.006438,11.0,0.006443,6.0,0.006444,296.0
1753533238838,12:33:58.838,BANANAS31/USDT:USDT,0.00644,9.0,0.006438,11.0,0.006443,6.0,0.006444,296.0
1753533239316,12:33:59.316,BANANAS31/USDT:USDT,0.00644,9.0,0.006438,11.0,0.006443,6.0,0.006444,296.0
1753533239443,12:33:59.443,BANANAS31/USDT:USDT,0.00644,9.0,0.006438,11.0,0.006443,6.0,0.006444,296.0
1753533240020,12:34:00.020,BANANAS31/USDT:USDT,0.006441,9.0,0.00644,3.0,0.006444,290.0,0.006445,38.0
1753533240039,12:34:00.039,BANANAS31/USDT:USDT,0.00644,3.0,0.006438,11.0,0.006444,290.0,0.006445,38.0
1753533240214,12:34:00.214,BANANAS31/USDT:USDT,0.00644,3.0,0.006438,11.0,0.006444,290.0,0.006445,38.0
1753533240315,12:34:00.315,BANANAS31/USDT:USDT,0.00644,3.0,0.006438,11.0,0.006444,296.0,0.006445,38.0
1753533240416,12:34:00.416,BANANAS31/USDT:USDT,0.006435,10.0,0.006434,196.0,0.006443,41.0,0.006444,296.0
1753533240520,12:34:00.520,BANANAS31/USDT:USDT,0.006438,9.0,0.006435,21.0,0.006442,51.0,0.006443,41.0
1753533240607,12:34:00.607,BANANAS31/USDT:USDT,0.006438,12.0,0.006436,11.0,0.006441,39.0,0.006442,51.0
1753533240666,12:34:00.666,BANANAS31/USDT:USDT,0.006438,12.0,0.006436,11.0,0.006441,39.0,0.006442,51.0
1753533241454,12:34:01.454,BANANAS31/USDT:USDT,0.006438,12.0,0.006436,11.0,0.006441,39.0,0.006442,51.0
1753533241870,12:34:01.870,BANANAS31/USDT:USDT,0.006438,12.0,0.006436,11.0,0.006441,39.0,0.006442,51.0
1753533242008,12:34:02.008,BANANAS31/USDT:USDT,0.006438,12.0,0.006436,11.0,0.006441,39.0,0.006442,51.0
1753533242190,12:34:02.190,BANANAS31/USDT:USDT,0.006438,9.0,0.006436,11.0,0.006441,39.0,0.006442,51.0
1753533242520,12:34:02.520,BANANAS31/USDT:USDT,0.006438,9.0,0.006437,6.0,0.006441,39.0,0.006442,51.0
1753533244922,12:34:04.922,BANANAS31/USDT:USDT,0.006438,9.0,0.006437,6.0,0.006441,39.0,0.006442,51.0
1753533245423,12:34:05.423,BANANAS31/USDT:USDT,0.006438,9.0,0.006437,6.0,0.006441,39.0,0.006442,51.0
1753533245455,12:34:05.455,BANANAS31/USDT:USDT,0.006438,9.0,0.006437,6.0,0.006441,39.0,0.006442,51.0
1753533247402,12:34:07.402,BANANAS31/USDT:USDT,0.006438,9.0,0.006437,12.0,0.006441,39.0,0.006442,51.0
1753533247437,12:34:07.437,BANANAS31/USDT:USDT,0.006438,9.0,0.006437,12.0,0.006441,39.0,0.006442,51.0
1753533247534,12:34:07.534,BANANAS31/USDT:USDT,0.006438,9.0,0.006437,12.0,0.006441,39.0,0.006442,51.0
1753533248450,12:34:08.450,BANANAS31/USDT:USDT,0.006438,9.0,0.006437,12.0,0.006441,39.0,0.006442,51.0
1753533248808,12:34:08.808,BANANAS31/USDT:USDT,0.006438,9.0,0.006437,12.0,0.006441,39.0,0.006442,51.0
1753533248841,12:34:08.841,BANANAS31/USDT:USDT,0.006438,9.0,0.006437,12.0,0.006441,39.0,0.006442,51.0
1753533248935,12:34:08.935,BANANAS31/USDT:USDT,0.006438,9.0,0.006437,12.0,0.006441,39.0,0.006442,51.0
1753533249164,12:34:09.164,BANANAS31/USDT:USDT,0.006438,9.0,0.006437,12.0,0.006441,39.0,0.006442,51.0
1753533250256,12:34:10.256,BANANAS31/USDT:USDT,0.006438,9.0,0.006437,12.0,0.006441,39.0,0.006442,51.0
1753533251899,12:34:11.899,BANANAS31/USDT:USDT,0.006438,9.0,0.006437,6.0,0.006441,39.0,0.006442,51.0
1753533252006,12:34:12.006,BANANAS31/USDT:USDT,0.006438,9.0,0.006437,6.0,0.006441,39.0,0.006442,51.0
1753533252327,12:34:12.327,BANANAS31/USDT:USDT,0.006438,9.0,0.006437,6.0,0.006441,39.0,0.006442,51.0
1753533254112,12:34:14.112,BANANAS31/USDT:USDT,0.00644,8.0,0.006439,11.0,0.006442,6.0,0.006443,41.0
1753533254175,12:34:14.175,BANANAS31/USDT:USDT,0.00644,8.0,0.006439,3.0,0.006442,6.0,0.006443,39.0
1753533254288,12:34:14.288,BANANAS31/USDT:USDT,0.00644,8.0,0.006439,3.0,0.006444,296.0,0.006445,38.0
1753533254414,12:34:14.414,BANANAS31/USDT:USDT,0.00644,8.0,0.006439,3.0,0.006444,296.0,0.006445,38.0
1753533255010,12:34:15.010,BANANAS31/USDT:USDT,0.00644,8.0,0.006439,3.0,0.006444,296.0,0.006445,38.0
1753533255056,12:34:15.056,BANANAS31/USDT:USDT,0.00644,8.0,0.006439,3.0,0.006444,296.0,0.006445,38.0
1753533255236,12:34:15.236,BANANAS31/USDT:USDT,0.00644,8.0,0.006439,3.0,0.006444,296.0,0.006445,38.0
1753533255592,12:34:15.592,BANANAS31/USDT:USDT,0.00644,8.0,0.006439,3.0,0.006444,296.0,0.006445,38.0
1753533255655,12:34:15.655,BANANAS31/USDT:USDT,0.00644,8.0,0.006439,3.0,0.006444,296.0,0.006445,38.0
1753533257258,12:34:17.258,BANANAS31/USDT:USDT,0.00644,8.0,0.006439,3.0,0.006444,302.0,0.006445,38.0
1753533258441,12:34:18.441,BANANAS31/USDT:USDT,0.00644,8.0,0.006439,3.0,0.006444,302.0,0.006445,38.0
1753533259857,12:34:19.857,BANANAS31/USDT:USDT,0.00644,8.0,0.006439,3.0,0.006444,302.0,0.006445,38.0
1753533264618,12:34:24.618,BANANAS31/USDT:USDT,0.00644,8.0,0.006439,3.0,0.006444,302.0,0.006445,38.0
1753533264657,12:34:24.657,BANANAS31/USDT:USDT,0.00644,8.0,0.006439,3.0,0.006444,302.0,0.006445,38.0
1753533265337,12:34:25.337,BANANAS31/USDT:USDT,0.00644,8.0,0.006439,3.0,0.006444,302.0,0.006445,38.0
1753533268904,12:34:28.904,BANANAS31/USDT:USDT,0.00644,8.0,0.006439,3.0,0.006443,39.0,0.006444,302.0
1753533268936,12:34:28.936,BANANAS31/USDT:USDT,0.00644,8.0,0.006439,3.0,0.006443,39.0,0.006444,302.0
1753533269032,12:34:29.032,BANANAS31/USDT:USDT,0.00644,8.0,0.006439,3.0,0.006443,39.0,0.006444,302.0
1753533269456,12:34:29.456,BANANAS31/USDT:USDT,0.00644,8.0,0.006439,3.0,0.006443,39.0,0.006444,302.0
1753533274257,12:34:34.257,BANANAS31/USDT:USDT,0.00644,8.0,0.006439,3.0,0.006443,39.0,0.006444,302.0
1753533274338,12:34:34.338,BANANAS31/USDT:USDT,0.00644,8.0,0.006439,3.0,0.006443,39.0,0.006444,302.0
1753533274432,12:34:34.432,BANANAS31/USDT:USDT,0.00644,8.0,0.006439,3.0,0.006443,39.0,0.006444,302.0
1753533275160,12:34:35.160,BANANAS31/USDT:USDT,0.00644,8.0,0.006439,3.0,0.006443,39.0,0.006444,302.0
1753533276307,12:34:36.307,BANANAS31/USDT:USDT,0.006439,3.0,0.006438,9.0,0.006443,39.0,0.006444,302.0
1753533276331,12:34:36.331,BANANAS31/USDT:USDT,0.00644,8.0,0.006439,3.0,0.006443,39.0,0.006444,302.0
1753533276424,12:34:36.424,BANANAS31/USDT:USDT,0.00644,8.0,0.006439,3.0,0.006443,39.0,0.006444,302.0
1753533278781,12:34:38.781,BANANAS31/USDT:USDT,0.006435,10.0,0.006434,196.0,0.006442,40.0,0.006443,39.0
1753533279015,12:34:39.015,BANANAS31/USDT:USDT,0.006435,10.0,0.006434,196.0,0.006442,40.0,0.006443,39.0
1753533279114,12:34:39.114,BANANAS31/USDT:USDT,0.006435,10.0,0.006434,196.0,0.006442,40.0,0.006443,39.0
1753533279131,12:34:39.131,BANANAS31/USDT:USDT,0.006435,10.0,0.006434,196.0,0.006442,40.0,0.006443,39.0
1753533279438,12:34:39.438,BANANAS31/USDT:USDT,0.006435,10.0,0.006434,196.0,0.006442,40.0,0.006443,39.0
1753533280009,12:34:40.009,BANANAS31/USDT:USDT,0.006435,10.0,0.006434,196.0,0.006442,40.0,0.006443,39.0
1753533280059,12:34:40.059,BANANAS31/USDT:USDT,0.006435,10.0,0.006434,151.0,0.006442,40.0,0.006443,39.0
1753533283856,12:34:43.856,BANANAS31/USDT:USDT,0.006435,10.0,0.006434,151.0,0.006442,40.0,0.006443,39.0
1753533284561,12:34:44.561,BANANAS31/USDT:USDT,0.006435,10.0,0.006434,151.0,0.006442,40.0,0.006443,39.0
1753533284640,12:34:44.640,BANANAS31/USDT:USDT,0.006435,10.0,0.006434,151.0,0.006442,40.0,0.006443,39.0
1753533284732,12:34:44.732,BANANAS31/USDT:USDT,0.006435,10.0,0.006434,151.0,0.006442,40.0,0.006443,39.0
1753533284922,12:34:44.922,BANANAS31/USDT:USDT,0.006437,8.0,0.006436,8.0,0.006443,39.0,0.006444,290.0
1753533284967,12:34:44.967,BANANAS31/USDT:USDT,0.006439,8.0,0.006438,3.0,0.006443,39.0,0.006444,290.0
1753533285084,12:34:45.084,BANANAS31/USDT:USDT,0.006439,8.0,0.006438,3.0,0.006443,39.0,0.006444,290.0
1753533285133,12:34:45.133,BANANAS31/USDT:USDT,0.006439,8.0,0.006438,3.0,0.006443,39.0,0.006444,290.0
1753533285396,12:34:45.396,BANANAS31/USDT:USDT,0.006439,8.0,0.006438,3.0,0.006443,51.0,0.006444,290.0
1753533285507,12:34:45.507,BANANAS31/USDT:USDT,0.006439,8.0,0.006438,3.0,0.006443,51.0,0.006444,290.0
1753533287318,12:34:47.318,BANANAS31/USDT:USDT,0.006435,10.0,0.00643,151.0,0.006442,41.0,0.006443,202.0
1753533287423,12:34:47.423,BANANAS31/USDT:USDT,0.006435,10.0,0.00643,151.0,0.00644,252.0,0.006441,39.0
1753533287524,12:34:47.524,BANANAS31/USDT:USDT,0.006433,11.0,0.006431,11.0,0.006438,2.0,0.006439,39.0
1753533287597,12:34:47.597,BANANAS31/USDT:USDT,0.006431,11.0,0.00643,151.0,0.006438,2.0,0.006439,39.0
1753533287700,12:34:47.700,BANANAS31/USDT:USDT,0.006432,8.0,0.00643,151.0,0.006436,8.0,0.006437,39.0
1753533287774,12:34:47.774,BANANAS31/USDT:USDT,0.006432,8.0,0.00643,162.0,0.006436,8.0,0.006437,39.0
1753533288003,12:34:48.003,BANANAS31/USDT:USDT,0.006432,8.0,0.00643,162.0,0.006436,8.0,0.006437,45.0
1753533288074,12:34:48.074,BANANAS31/USDT:USDT,0.006432,8.0,0.00643,162.0,0.006436,8.0,0.006437,45.0
1753533288274,12:34:48.274,BANANAS31/USDT:USDT,0.006432,8.0,0.00643,162.0,0.006436,8.0,0.006437,45.0
1753533288389,12:34:48.389,BANANAS31/USDT:USDT,0.006432,8.0,0.00643,162.0,0.006436,8.0,0.006437,45.0
1753533288588,12:34:48.588,BANANAS31/USDT:USDT,0.006435,8.0,0.006434,12.0,0.006438,2.0,0.006439,39.0
1753533288722,12:34:48.722,BANANAS31/USDT:USDT,0.006435,8.0,0.006434,12.0,0.006439,39.0,0.00644,8.0
1753533288814,12:34:48.814,BANANAS31/USDT:USDT,0.006436,8.0,0.006435,8.0,0.006438,2.0,0.006439,39.0
1753533288918,12:34:48.918,BANANAS31/USDT:USDT,0.006436,8.0,0.006434,23.0,0.006439,39.0,0.00644,264.0
1753533288963,12:34:48.963,BANANAS31/USDT:USDT,0.006436,8.0,0.006434,23.0,0.006439,39.0,0.00644,258.0
1753533289245,12:34:49.245,BANANAS31/USDT:USDT,0.006436,8.0,0.006434,23.0,0.006439,39.0,0.00644,258.0
1753533289420,12:34:49.420,BANANAS31/USDT:USDT,0.006436,8.0,0.006434,23.0,0.006439,39.0,0.00644,258.0
1753533289721,12:34:49.721,BANANAS31/USDT:USDT,0.006436,8.0,0.006434,23.0,0.006439,39.0,0.00644,258.0
1753533290152,12:34:50.152,BANANAS31/USDT:USDT,0.006436,8.0,0.006434,23.0,0.006439,39.0,0.00644,258.0
1753533291352,12:34:51.352,BANANAS31/USDT:USDT,0.006436,8.0,0.006434,23.0,0.006439,39.0,0.00644,258.0
1753533291593,12:34:51.593,BANANAS31/USDT:USDT,0.006436,8.0,0.006434,23.0,0.006439,39.0,0.00644,258.0
1753533293006,12:34:53.006,BANANAS31/USDT:USDT,0.006436,8.0,0.006434,23.0,0.006439,39.0,0.00644,258.0
1753533294718,12:34:54.718,BANANAS31/USDT:USDT,0.006436,8.0,0.006434,23.0,0.006439,39.0,0.00644,258.0
1753533297260,12:34:57.260,BANANAS31/USDT:USDT,0.006436,8.0,0.006434,23.0,0.006439,39.0,0.00644,258.0
1753533300398,12:35:00.398,BANANAS31/USDT:USDT,0.006436,8.0,0.006434,23.0,0.006439,45.0,0.00644,264.0
1753533301351,12:35:01.351,BANANAS31/USDT:USDT,0.006436,8.0,0.006434,17.0,0.006439,45.0,0.00644,264.0
1753533302060,12:35:02.060,BANANAS31/USDT:USDT,0.006436,8.0,0.006434,17.0,0.006439,45.0,0.00644,264.0
1753533303140,12:35:03.140,BANANAS31/USDT:USDT,0.006434,17.0,0.006432,11.0,0.006439,45.0,0.00644,264.0
1753533303397,12:35:03.397,BANANAS31/USDT:USDT,0.006434,17.0,0.006432,11.0,0.006438,8.0,0.006439,45.0
1753533303845,12:35:03.845,BANANAS31/USDT:USDT,0.006434,17.0,0.006432,11.0,0.006438,8.0,0.006439,45.0
1753533304144,12:35:04.144,BANANAS31/USDT:USDT,0.006434,17.0,0.006432,11.0,0.006438,8.0,0.006439,45.0
1753533304283,12:35:04.283,BANANAS31/USDT:USDT,0.006434,17.0,0.006432,11.0,0.006438,8.0,0.006439,45.0
1753533304823,12:35:04.823,BANANAS31/USDT:USDT,0.006432,11.0,0.006431,10.0,0.006436,2.0,0.006437,44.0
1753533304834,12:35:04.834,BANANAS31/USDT:USDT,0.006432,11.0,0.006431,10.0,0.006436,8.0,0.006437,44.0
1753533305007,12:35:05.007,BANANAS31/USDT:USDT,0.006432,11.0,0.006431,10.0,0.006436,8.0,0.006437,44.0
1753533305086,12:35:05.086,BANANAS31/USDT:USDT,0.006432,11.0,0.006431,10.0,0.006436,8.0,0.006437,44.0
1753533305309,12:35:05.309,BANANAS31/USDT:USDT,0.006434,8.0,0.006431,10.0,0.006436,8.0,0.006437,44.0
1753533305394,12:35:05.394,BANANAS31/USDT:USDT,0.006435,8.0,0.006433,11.0,0.006438,46.0,0.006439,45.0
1753533305507,12:35:05.507,BANANAS31/USDT:USDT,0.006435,8.0,0.006433,11.0,0.006438,46.0,0.006439,45.0
1753533306394,12:35:06.394,BANANAS31/USDT:USDT,0.006433,11.0,0.006431,10.0,0.006438,46.0,0.006439,45.0
1753533306428,12:35:06.428,BANANAS31/USDT:USDT,0.006433,11.0,0.006431,21.0,0.006438,46.0,0.006439,45.0
1753533306729,12:35:06.729,BANANAS31/USDT:USDT,0.006433,11.0,0.006431,21.0,0.006438,46.0,0.006439,45.0
1753533306864,12:35:06.864,BANANAS31/USDT:USDT,0.006433,14.0,0.006431,21.0,0.006438,46.0,0.006439,45.0
1753533307002,12:35:07.002,BANANAS31/USDT:USDT,0.006433,14.0,0.006431,21.0,0.006438,46.0,0.006439,45.0
1753533307306,12:35:07.306,BANANAS31/USDT:USDT,0.006433,17.0,0.006431,21.0,0.006438,46.0,0.006439,45.0
1753533307549,12:35:07.549,BANANAS31/USDT:USDT,0.006433,17.0,0.006431,21.0,0.006438,46.0,0.006439,45.0
1753533307810,12:35:07.810,BANANAS31/USDT:USDT,0.006433,17.0,0.006431,21.0,0.006438,46.0,0.006439,45.0
1753533308318,12:35:08.318,BANANAS31/USDT:USDT,0.006434,8.0,0.006433,3.0,0.006438,44.0,0.006439,45.0
1753533308372,12:35:08.372,BANANAS31/USDT:USDT,0.006434,8.0,0.006433,3.0,0.006438,44.0,0.006439,45.0
1753533309595,12:35:09.595,BANANAS31/USDT:USDT,0.006434,8.0,0.006433,3.0,0.006438,44.0,0.006439,45.0
1753533310010,12:35:10.010,BANANAS31/USDT:USDT,0.006434,8.0,0.006433,3.0,0.006438,44.0,0.006439,45.0
1753533311314,12:35:11.314,BANANAS31/USDT:USDT,0.006435,8.0,0.006433,3.0,0.006438,44.0,0.006439,51.0
1753533311389,12:35:11.389,BANANAS31/USDT:USDT,0.006435,8.0,0.006433,14.0,0.006438,44.0,0.006439,51.0
1753533311660,12:35:11.660,BANANAS31/USDT:USDT,0.006435,8.0,0.006433,14.0,0.006438,44.0,0.006439,51.0
1753533311730,12:35:11.730,BANANAS31/USDT:USDT,0.006433,14.0,0.006431,10.0,0.006438,44.0,0.006439,51.0
1753533311856,12:35:11.856,BANANAS31/USDT:USDT,0.006433,14.0,0.006431,21.0,0.006438,44.0,0.006439,51.0
1753533312049,12:35:12.049,BANANAS31/USDT:USDT,0.006433,14.0,0.006431,21.0,0.006438,44.0,0.006439,51.0
1753533312321,12:35:12.321,BANANAS31/USDT:USDT,0.006433,14.0,0.006431,21.0,0.006437,8.0,0.006438,44.0
1753533312352,12:35:12.352,BANANAS31/USDT:USDT,0.006433,11.0,0.006431,21.0,0.006437,8.0,0.006438,44.0
1753533312466,12:35:12.466,BANANAS31/USDT:USDT,0.006433,11.0,0.006431,21.0,0.006437,8.0,0.006438,44.0
1753533312587,12:35:12.587,BANANAS31/USDT:USDT,0.006431,21.0,0.006429,11.0,0.006437,46.0,0.006438,44.0
1753533312651,12:35:12.651,BANANAS31/USDT:USDT,0.006431,21.0,0.006429,11.0,0.006437,46.0,0.006438,44.0
1753533312883,12:35:12.883,BANANAS31/USDT:USDT,0.006431,21.0,0.006429,11.0,0.006437,46.0,0.006438,44.0
1753533313009,12:35:13.009,BANANAS31/USDT:USDT,0.006431,21.0,0.006429,11.0,0.006437,46.0,0.006438,44.0
1753533313299,12:35:13.299,BANANAS31/USDT:USDT,0.006431,21.0,0.006429,11.0,0.006437,46.0,0.006438,44.0
1753533314071,12:35:14.071,BANANAS31/USDT:USDT,0.006431,21.0,0.006429,11.0,0.006437,46.0,0.006438,44.0
1753533314307,12:35:14.307,BANANAS31/USDT:USDT,0.006433,8.0,0.006429,11.0,0.006437,46.0,0.006438,44.0
1753533314403,12:35:14.403,BANANAS31/USDT:USDT,0.006433,8.0,0.006431,11.0,0.006437,46.0,0.006438,44.0
1753533314519,12:35:14.519,BANANAS31/USDT:USDT,0.006431,11.0,0.006429,11.0,0.006435,8.0,0.006436,44.0
1753533314599,12:35:14.599,BANANAS31/USDT:USDT,0.006431,11.0,0.006429,11.0,0.006435,8.0,0.006436,44.0
1753533314716,12:35:14.716,BANANAS31/USDT:USDT,0.006431,11.0,0.006429,11.0,0.006435,8.0,0.006436,44.0
1753533314812,12:35:14.812,BANANAS31/USDT:USDT,0.006431,11.0,0.006429,11.0,0.006435,8.0,0.006436,44.0
1753533315273,12:35:15.273,BANANAS31/USDT:USDT,0.006431,11.0,0.006429,11.0,0.006435,8.0,0.006436,44.0
1753533315344,12:35:15.344,BANANAS31/USDT:USDT,0.006431,11.0,0.006429,11.0,0.006435,8.0,0.006436,44.0
1753533316003,12:35:16.003,BANANAS31/USDT:USDT,0.006431,11.0,0.006429,11.0,0.006435,8.0,0.006436,44.0
1753533316495,12:35:16.495,BANANAS31/USDT:USDT,0.006431,11.0,0.006429,11.0,0.006435,8.0,0.006436,44.0
1753533317158,12:35:17.158,BANANAS31/USDT:USDT,0.006431,11.0,0.006429,11.0,0.006435,8.0,0.006436,44.0
1753533317421,12:35:17.421,BANANAS31/USDT:USDT,0.006431,11.0,0.006429,11.0,0.006435,8.0,0.006436,44.0
1753533317514,12:35:17.514,BANANAS31/USDT:USDT,0.006431,11.0,0.006429,11.0,0.006435,8.0,0.006436,44.0
1753533317614,12:35:17.614,BANANAS31/USDT:USDT,0.006432,8.0,0.006431,6.0,0.006435,6.0,0.006436,44.0
1753533317641,12:35:17.641,BANANAS31/USDT:USDT,0.006432,8.0,0.006431,3.0,0.006435,6.0,0.006436,44.0
1753533317774,12:35:17.774,BANANAS31/USDT:USDT,0.006432,8.0,0.006431,3.0,0.006435,6.0,0.006436,44.0
1753533318048,12:35:18.048,BANANAS31/USDT:USDT,0.006432,8.0,0.006431,3.0,0.006435,6.0,0.006436,44.0
1753533318325,12:35:18.325,BANANAS31/USDT:USDT,0.006431,3.0,0.00643,11.0,0.006435,6.0,0.006436,44.0
1753533318357,12:35:18.357,BANANAS31/USDT:USDT,0.006431,3.0,0.006429,11.0,0.006435,6.0,0.006436,44.0
1753533318588,12:35:18.588,BANANAS31/USDT:USDT,0.006431,3.0,0.006429,11.0,0.006435,6.0,0.006436,44.0
1753533318824,12:35:18.824,BANANAS31/USDT:USDT,0.006431,8.0,0.00643,11.0,0.006434,2.0,0.006435,39.0
1753533318920,12:35:18.920,BANANAS31/USDT:USDT,0.00643,11.0,0.006428,162.0,0.006435,45.0,0.006436,294.0
1753533319007,12:35:19.007,BANANAS31/USDT:USDT,0.00643,11.0,0.006428,162.0,0.006435,45.0,0.006436,294.0
1753533319477,12:35:19.477,BANANAS31/USDT:USDT,0.00643,11.0,0.006428,162.0,0.006435,45.0,0.006436,294.0
1753533320003,12:35:20.003,BANANAS31/USDT:USDT,0.00643,11.0,0.006428,162.0,0.006435,45.0,0.006436,294.0
1753533320064,12:35:20.064,BANANAS31/USDT:USDT,0.00643,11.0,0.006428,162.0,0.006434,2.0,0.006435,45.0
1753533320140,12:35:20.140,BANANAS31/USDT:USDT,0.00643,11.0,0.006428,162.0,0.006434,8.0,0.006435,45.0
1753533320307,12:35:20.307,BANANAS31/USDT:USDT,0.006431,8.0,0.006429,11.0,0.006434,6.0,0.006435,45.0
1753533320332,12:35:20.332,BANANAS31/USDT:USDT,0.006431,8.0,0.006429,11.0,0.006434,6.0,0.006435,45.0
1753533320719,12:35:20.719,BANANAS31/USDT:USDT,0.006431,8.0,0.006429,11.0,0.006434,6.0,0.006435,45.0
1753533320795,12:35:20.795,BANANAS31/USDT:USDT,0.006431,8.0,0.006429,11.0,0.006434,6.0,0.006435,45.0
1753533321031,12:35:21.031,BANANAS31/USDT:USDT,0.006431,8.0,0.00643,6.0,0.006434,6.0,0.006435,45.0
1753533321538,12:35:21.538,BANANAS31/USDT:USDT,0.006431,8.0,0.00643,6.0,0.006434,6.0,0.006435,45.0
1753533321628,12:35:21.628,BANANAS31/USDT:USDT,0.006431,8.0,0.00643,6.0,0.006434,6.0,0.006435,45.0
1753533322004,12:35:22.004,BANANAS31/USDT:USDT,0.006431,8.0,0.00643,6.0,0.006434,6.0,0.006435,45.0
1753533322128,12:35:22.128,BANANAS31/USDT:USDT,0.006431,8.0,0.00643,6.0,0.006434,6.0,0.006435,45.0
1753533322807,12:35:22.807,BANANAS31/USDT:USDT,0.00643,6.0,0.006428,162.0,0.006434,6.0,0.006435,45.0
1753533323167,12:35:23.167,BANANAS31/USDT:USDT,0.006428,162.0,0.006426,261.0,0.006434,6.0,0.006435,45.0
1753533323307,12:35:23.307,BANANAS31/USDT:USDT,0.00643,8.0,0.006428,6.0,0.006434,6.0,0.006435,45.0
1753533323400,12:35:23.400,BANANAS31/USDT:USDT,0.006431,8.0,0.006429,11.0,0.006434,6.0,0.006435,45.0
1753533323450,12:35:23.450,BANANAS31/USDT:USDT,0.006431,8.0,0.006429,11.0,0.006434,6.0,0.006435,45.0
1753533323576,12:35:23.576,BANANAS31/USDT:USDT,0.006431,8.0,0.006429,11.0,0.006434,6.0,0.006435,45.0
1753533323961,12:35:23.961,BANANAS31/USDT:USDT,0.006431,8.0,0.006429,11.0,0.006434,6.0,0.006435,45.0
1753533324399,12:35:24.399,BANANAS31/USDT:USDT,0.006431,8.0,0.006429,11.0,0.006434,6.0,0.006435,45.0
1753533324815,12:35:24.815,BANANAS31/USDT:USDT,0.006431,8.0,0.006429,11.0,0.006434,6.0,0.006435,45.0
1753533326276,12:35:26.276,BANANAS31/USDT:USDT,0.006431,8.0,0.006429,11.0,0.006434,6.0,0.006435,45.0
1753533326394,12:35:26.394,BANANAS31/USDT:USDT,0.006431,8.0,0.006429,11.0,0.006434,6.0,0.006435,45.0
1753533326442,12:35:26.442,BANANAS31/USDT:USDT,0.006431,8.0,0.006429,11.0,0.006434,6.0,0.006435,45.0
1753533326661,12:35:26.661,BANANAS31/USDT:USDT,0.006431,8.0,0.006429,11.0,0.006434,6.0,0.006435,45.0
1753533327310,12:35:27.310,BANANAS31/USDT:USDT,0.006431,8.0,0.006429,11.0,0.006434,6.0,0.006435,45.0
1753533329307,12:35:29.307,BANANAS31/USDT:USDT,0.006431,8.0,0.006429,11.0,0.006434,6.0,0.006435,45.0
1753533329716,12:35:29.716,BANANAS31/USDT:USDT,0.006431,8.0,0.006429,11.0,0.006434,6.0,0.006435,45.0
1753533330383,12:35:30.383,BANANAS31/USDT:USDT,0.006431,8.0,0.006429,11.0,0.006434,6.0,0.006435,45.0
1753533332273,12:35:32.273,BANANAS31/USDT:USDT,0.006431,8.0,0.006429,11.0,0.006434,6.0,0.006435,45.0
1753533334524,12:35:34.524,BANANAS31/USDT:USDT,0.006431,8.0,0.006429,11.0,0.006434,6.0,0.006435,45.0
1753533336114,12:35:36.114,BANANAS31/USDT:USDT,0.006431,8.0,0.006429,11.0,0.006434,6.0,0.006435,45.0
1753533338276,12:35:38.276,BANANAS31/USDT:USDT,0.006431,8.0,0.006429,11.0,0.006434,6.0,0.006435,45.0
1753533338462,12:35:38.462,BANANAS31/USDT:USDT,0.006431,8.0,0.006429,11.0,0.006434,6.0,0.006435,45.0
1753533341182,12:35:41.182,BANANAS31/USDT:USDT,0.006431,8.0,0.006429,11.0,0.006434,6.0,0.006435,45.0
1753533341278,12:35:41.278,BANANAS31/USDT:USDT,0.006431,8.0,0.006429,11.0,0.006434,6.0,0.006435,45.0
1753533341387,12:35:41.387,BANANAS31/USDT:USDT,0.006431,8.0,0.006429,11.0,0.006434,6.0,0.006435,45.0
1753533343262,12:35:43.262,BANANAS31/USDT:USDT,0.006431,8.0,0.006429,11.0,0.006434,6.0,0.006435,45.0
1753533343395,12:35:43.395,BANANAS31/USDT:USDT,0.006431,8.0,0.006429,11.0,0.006434,6.0,0.006435,45.0
1753533344273,12:35:44.273,BANANAS31/USDT:USDT,0.006431,8.0,0.006429,11.0,0.006434,6.0,0.006435,45.0
1753533347278,12:35:47.278,BANANAS31/USDT:USDT,0.006431,8.0,0.006429,11.0,0.006434,6.0,0.006435,45.0
1753533347425,12:35:47.425,BANANAS31/USDT:USDT,0.006431,8.0,0.006429,11.0,0.006434,6.0,0.006435,45.0
1753533349207,12:35:49.207,BANANAS31/USDT:USDT,0.006431,8.0,0.00643,8.0,0.006433,2.0,0.006434,44.0
1753533349283,12:35:49.283,BANANAS31/USDT:USDT,0.006431,8.0,0.006429,11.0,0.006434,44.0,0.006435,45.0
1753533349333,12:35:49.333,BANANAS31/USDT:USDT,0.006431,8.0,0.006429,11.0,0.006434,44.0,0.006435,45.0
1753533349434,12:35:49.434,BANANAS31/USDT:USDT,0.006431,8.0,0.006429,11.0,0.006434,44.0,0.006435,45.0
1753533349613,12:35:49.613,BANANAS31/USDT:USDT,0.006431,8.0,0.006429,11.0,0.006434,44.0,0.006435,45.0
1753533350180,12:35:50.180,BANANAS31/USDT:USDT,0.006431,8.0,0.006429,11.0,0.006434,44.0,0.006435,45.0
1753533350307,12:35:50.307,BANANAS31/USDT:USDT,0.006432,8.0,0.006429,11.0,0.006434,6.0,0.006435,45.0
1753533350372,12:35:50.372,BANANAS31/USDT:USDT,0.006432,8.0,0.00643,11.0,0.006434,6.0,0.006435,45.0
1753533350477,12:35:50.477,BANANAS31/USDT:USDT,0.006432,8.0,0.00643,11.0,0.006434,6.0,0.006435,45.0
1753533350603,12:35:50.603,BANANAS31/USDT:USDT,0.006432,8.0,0.00643,11.0,0.006435,6.0,0.006436,288.0
1753533350655,12:35:50.655,BANANAS31/USDT:USDT,0.006432,8.0,0.00643,11.0,0.006435,12.0,0.006436,294.0
1753533354062,12:35:54.062,BANANAS31/USDT:USDT,0.006432,8.0,0.00643,11.0,0.006435,12.0,0.006436,294.0
1753533354141,12:35:54.141,BANANAS31/USDT:USDT,0.006432,8.0,0.00643,11.0,0.006435,12.0,0.006436,294.0
1753533354232,12:35:54.232,BANANAS31/USDT:USDT,0.006432,8.0,0.00643,11.0,0.006435,12.0,0.006436,294.0
1753533355475,12:35:55.475,BANANAS31/USDT:USDT,0.006432,8.0,0.00643,11.0,0.006435,12.0,0.006436,294.0
1753533355882,12:35:55.882,BANANAS31/USDT:USDT,0.006433,8.0,0.00643,11.0,0.006435,12.0,0.006436,294.0
1753533355992,12:35:55.992,BANANAS31/USDT:USDT,0.006433,8.0,0.006431,11.0,0.006435,12.0,0.006436,294.0
1753533356407,12:35:56.407,BANANAS31/USDT:USDT,0.006433,8.0,0.006431,11.0,0.006435,12.0,0.006436,294.0
1753533356452,12:35:56.452,BANANAS31/USDT:USDT,0.006431,11.0,0.006429,11.0,0.006435,12.0,0.006436,294.0
1753533356711,12:35:56.711,BANANAS31/USDT:USDT,0.006431,11.0,0.006429,11.0,0.006435,12.0,0.006436,294.0
1753533357138,12:35:57.138,BANANAS31/USDT:USDT,0.006431,11.0,0.006429,11.0,0.006435,12.0,0.006436,294.0
1753533357553,12:35:57.553,BANANAS31/USDT:USDT,0.006431,11.0,0.006429,11.0,0.006435,12.0,0.006436,294.0
1753533358814,12:35:58.814,BANANAS31/USDT:USDT,0.006434,8.0,0.006432,8.0,0.006438,38.0,0.006439,39.0
1753533358900,12:35:58.900,BANANAS31/USDT:USDT,0.006436,8.0,0.006434,11.0,0.006438,6.0,0.006439,39.0
1753533359014,12:35:59.014,BANANAS31/USDT:USDT,0.006434,11.0,0.006431,6.0,0.006438,256.0,0.006439,45.0
1753533359061,12:35:59.061,BANANAS31/USDT:USDT,0.006434,11.0,0.006432,11.0,0.006438,256.0,0.006439,45.0
1753533359180,12:35:59.180,BANANAS31/USDT:USDT,0.006434,11.0,0.006432,11.0,0.006438,256.0,0.006439,45.0
1753533359316,12:35:59.316,BANANAS31/USDT:USDT,0.006435,8.0,0.006433,11.0,0.006438,256.0,0.006439,45.0
1753533359420,12:35:59.420,BANANAS31/USDT:USDT,0.006435,8.0,0.006433,11.0,0.006438,256.0,0.006439,45.0
1753533359603,12:35:59.603,BANANAS31/USDT:USDT,0.006435,8.0,0.006433,11.0,0.006438,256.0,0.006439,45.0
1753533359853,12:35:59.853,BANANAS31/USDT:USDT,0.006435,8.0,0.006433,11.0,0.006438,256.0,0.006439,45.0
1753533360022,12:36:00.022,BANANAS31/USDT:USDT,0.006435,8.0,0.006433,11.0,0.006438,256.0,0.006439,45.0
1753533360216,12:36:00.216,BANANAS31/USDT:USDT,0.006433,11.0,0.006431,17.0,0.006438,256.0,0.006439,45.0
1753533360438,12:36:00.438,BANANAS31/USDT:USDT,0.006433,11.0,0.006431,17.0,0.006438,256.0,0.006439,45.0
1753533360783,12:36:00.783,BANANAS31/USDT:USDT,0.006433,11.0,0.006431,17.0,0.006438,256.0,0.006439,45.0
1753533362309,12:36:02.309,BANANAS31/USDT:USDT,0.006434,8.0,0.006433,3.0,0.006438,256.0,0.006439,45.0
1753533362388,12:36:02.388,BANANAS31/USDT:USDT,0.006434,8.0,0.006432,11.0,0.006438,256.0,0.006439,45.0
1753533362465,12:36:02.465,BANANAS31/USDT:USDT,0.006434,8.0,0.006432,11.0,0.006438,256.0,0.006439,45.0
1753533362979,12:36:02.979,BANANAS31/USDT:USDT,0.006434,8.0,0.006432,11.0,0.006438,256.0,0.006439,45.0
1753533363286,12:36:03.286,BANANAS31/USDT:USDT,0.006434,8.0,0.006432,11.0,0.006438,256.0,0.006439,45.0
1753533363662,12:36:03.662,BANANAS31/USDT:USDT,0.006434,8.0,0.006432,11.0,0.006438,256.0,0.006439,45.0
1753533364102,12:36:04.102,BANANAS31/USDT:USDT,0.006434,8.0,0.006432,11.0,0.006438,256.0,0.006439,45.0
1753533364216,12:36:04.216,BANANAS31/USDT:USDT,0.006432,8.0,0.00643,11.0,0.006437,44.0,0.006438,256.0
1753533364316,12:36:04.316,BANANAS31/USDT:USDT,0.006432,8.0,0.00643,11.0,0.006437,44.0,0.006438,256.0
1753533364352,12:36:04.352,BANANAS31/USDT:USDT,0.006432,8.0,0.00643,11.0,0.006437,44.0,0.006438,363.0
1753533364517,12:36:04.517,BANANAS31/USDT:USDT,0.006432,8.0,0.00643,11.0,0.006437,44.0,0.006438,363.0
1753533365009,12:36:05.009,BANANAS31/USDT:USDT,0.006432,8.0,0.00643,11.0,0.006437,44.0,0.006438,363.0
1753533365289,12:36:05.289,BANANAS31/USDT:USDT,0.006433,8.0,0.00643,11.0,0.006437,44.0,0.006438,363.0
1753533365357,12:36:05.357,BANANAS31/USDT:USDT,0.006433,8.0,0.006431,11.0,0.006437,44.0,0.006438,363.0
1753533365463,12:36:05.463,BANANAS31/USDT:USDT,0.006433,8.0,0.006431,11.0,0.006437,44.0,0.006438,363.0
1753533366679,12:36:06.679,BANANAS31/USDT:USDT,0.006433,8.0,0.006431,11.0,0.006437,44.0,0.006438,363.0
1753533367006,12:36:07.006,BANANAS31/USDT:USDT,0.006433,8.0,0.006431,11.0,0.006437,44.0,0.006438,363.0
1753533367179,12:36:07.179,BANANAS31/USDT:USDT,0.006433,8.0,0.006431,11.0,0.006437,44.0,0.006438,363.0
1753533368278,12:36:08.278,BANANAS31/USDT:USDT,0.006433,8.0,0.006431,11.0,0.006437,44.0,0.006438,363.0
1753533368462,12:36:08.462,BANANAS31/USDT:USDT,0.006433,8.0,0.006431,11.0,0.006437,44.0,0.006438,363.0
1753533369420,12:36:09.420,BANANAS31/USDT:USDT,0.006433,8.0,0.006431,11.0,0.006437,44.0,0.006438,363.0
1753533369987,12:36:09.987,BANANAS31/USDT:USDT,0.006432,8.0,0.006431,3.0,0.006436,47.0,0.006437,44.0
1753533370098,12:36:10.098,BANANAS31/USDT:USDT,0.006433,8.0,0.006431,14.0,0.006436,47.0,0.006437,44.0
1753533370179,12:36:10.179,BANANAS31/USDT:USDT,0.006433,8.0,0.006431,14.0,0.006436,47.0,0.006437,44.0
1753533370523,12:36:10.523,BANANAS31/USDT:USDT,0.006428,151.0,0.006427,48.0,0.006436,47.0,0.006437,282.0
1753533370598,12:36:10.598,BANANAS31/USDT:USDT,0.006428,151.0,0.006427,48.0,0.006436,47.0,0.006437,282.0
1753533370633,12:36:10.633,BANANAS31/USDT:USDT,0.006428,151.0,0.006427,48.0,0.006436,47.0,0.006437,282.0
1753533371309,12:36:11.309,BANANAS31/USDT:USDT,0.006431,8.0,0.00643,3.0,0.006436,47.0,0.006437,282.0
1753533371358,12:36:11.358,BANANAS31/USDT:USDT,0.006431,8.0,0.00643,3.0,0.006436,47.0,0.006437,282.0
1753533371504,12:36:11.504,BANANAS31/USDT:USDT,0.006432,8.0,0.00643,14.0,0.006436,47.0,0.006437,282.0
1753533371607,12:36:11.607,BANANAS31/USDT:USDT,0.006432,8.0,0.00643,14.0,0.006436,47.0,0.006437,282.0
1753533371632,12:36:11.632,BANANAS31/USDT:USDT,0.006432,8.0,0.00643,14.0,0.006436,47.0,0.006437,282.0
1753533371931,12:36:11.931,BANANAS31/USDT:USDT,0.006432,8.0,0.00643,14.0,0.006436,47.0,0.006437,282.0
1753533372332,12:36:12.332,BANANAS31/USDT:USDT,0.006432,8.0,0.00643,14.0,0.006436,47.0,0.006437,282.0
1753533373263,12:36:13.263,BANANAS31/USDT:USDT,0.006432,8.0,0.00643,14.0,0.006436,47.0,0.006437,282.0
1753533373612,12:36:13.612,BANANAS31/USDT:USDT,0.006427,8.0,0.006426,8.0,0.006434,2.0,0.006435,39.0
1753533373721,12:36:13.721,BANANAS31/USDT:USDT,0.006429,8.0,0.006425,39.0,0.006434,262.0,0.006435,39.0
1753533373816,12:36:13.816,BANANAS31/USDT:USDT,0.006432,8.0,0.006429,14.0,0.006434,256.0,0.006435,39.0
1753533373897,12:36:13.897,BANANAS31/USDT:USDT,0.006433,8.0,0.00643,11.0,0.006436,303.0,0.006437,38.0
1753533374006,12:36:14.006,BANANAS31/USDT:USDT,0.006433,8.0,0.006431,11.0,0.006436,303.0,0.006437,38.0
1753533374033,12:36:14.033,BANANAS31/USDT:USDT,0.006433,8.0,0.006431,11.0,0.006436,303.0,0.006437,38.0
1753533374281,12:36:14.281,BANANAS31/USDT:USDT,0.006433,8.0,0.006431,11.0,0.006436,301.0,0.006437,38.0
1753533374388,12:36:14.388,BANANAS31/USDT:USDT,0.006433,8.0,0.006431,11.0,0.006436,301.0,0.006437,38.0
1753533375232,12:36:15.232,BANANAS31/USDT:USDT,0.006431,11.0,0.006429,11.0,0.006436,301.0,0.006437,38.0
1753533375618,12:36:15.618,BANANAS31/USDT:USDT,0.006431,11.0,0.006429,11.0,0.006436,301.0,0.006437,38.0
1753533376039,12:36:16.039,BANANAS31/USDT:USDT,0.006431,11.0,0.006429,11.0,0.006436,301.0,0.006437,38.0
1753533376463,12:36:16.463,BANANAS31/USDT:USDT,0.006431,11.0,0.006429,11.0,0.006436,301.0,0.006437,38.0
1753533377289,12:36:17.289,BANANAS31/USDT:USDT,0.006433,8.0,0.006429,11.0,0.006436,301.0,0.006437,38.0
1753533377380,12:36:17.380,BANANAS31/USDT:USDT,0.006433,8.0,0.006431,11.0,0.006436,301.0,0.006437,38.0
1753533377433,12:36:17.433,BANANAS31/USDT:USDT,0.006433,8.0,0.006431,11.0,0.006436,301.0,0.006437,38.0
1753533377560,12:36:17.560,BANANAS31/USDT:USDT,0.006433,8.0,0.006431,11.0,0.006436,301.0,0.006437,38.0
1753533377683,12:36:17.683,BANANAS31/USDT:USDT,0.006433,8.0,0.006431,11.0,0.006436,301.0,0.006437,38.0
1753533378060,12:36:18.060,BANANAS31/USDT:USDT,0.006433,8.0,0.006431,11.0,0.006436,301.0,0.006437,38.0
1753533378501,12:36:18.501,BANANAS31/USDT:USDT,0.006433,8.0,0.006431,11.0,0.006436,301.0,0.006437,38.0
1753533378769,12:36:18.769,BANANAS31/USDT:USDT,0.006431,14.0,0.006429,11.0,0.006436,301.0,0.006437,38.0
1753533378914,12:36:18.914,BANANAS31/USDT:USDT,0.006431,14.0,0.006429,11.0,0.006436,301.0,0.006437,38.0
1753533379330,12:36:19.330,BANANAS31/USDT:USDT,0.006431,14.0,0.006429,11.0,0.006436,301.0,0.006437,38.0
1753533379442,12:36:19.442,BANANAS31/USDT:USDT,0.006431,14.0,0.006429,11.0,0.006436,301.0,0.006437,38.0
1753533379535,12:36:19.535,BANANAS31/USDT:USDT,0.006431,14.0,0.006429,11.0,0.006436,301.0,0.006437,38.0
1753533379634,12:36:19.634,BANANAS31/USDT:USDT,0.006431,14.0,0.006429,11.0,0.006436,301.0,0.006437,38.0
1753533379753,12:36:19.753,BANANAS31/USDT:USDT,0.006431,14.0,0.006429,11.0,0.006436,301.0,0.006437,38.0
1753533380308,12:36:20.308,BANANAS31/USDT:USDT,0.006433,8.0,0.006431,3.0,0.006436,301.0,0.006437,145.0
1753533380352,12:36:20.352,BANANAS31/USDT:USDT,0.006433,8.0,0.006431,11.0,0.006436,301.0,0.006437,145.0
1753533380570,12:36:20.570,BANANAS31/USDT:USDT,0.006433,8.0,0.006431,11.0,0.006436,301.0,0.006437,145.0
1753533380773,12:36:20.773,BANANAS31/USDT:USDT,0.006433,8.0,0.006431,11.0,0.006436,262.0,0.006437,145.0
1753533380986,12:36:20.986,BANANAS31/USDT:USDT,0.006433,8.0,0.006431,11.0,0.006436,262.0,0.006437,145.0
1753533381028,12:36:21.028,BANANAS31/USDT:USDT,0.006433,8.0,0.006432,6.0,0.006436,262.0,0.006437,145.0
1753533381416,12:36:21.416,BANANAS31/USDT:USDT,0.006433,8.0,0.006432,6.0,0.006436,262.0,0.006437,145.0
1753533382262,12:36:22.262,BANANAS31/USDT:USDT,0.006433,8.0,0.006432,6.0,0.006436,262.0,0.006437,145.0
1753533382328,12:36:22.328,BANANAS31/USDT:USDT,0.006433,8.0,0.006431,11.0,0.006436,262.0,0.006437,145.0
1753533382434,12:36:22.434,BANANAS31/USDT:USDT,0.006433,8.0,0.006431,11.0,0.006436,262.0,0.006437,145.0
1753533383313,12:36:23.313,BANANAS31/USDT:USDT,0.006431,14.0,0.006429,11.0,0.006436,262.0,0.006437,145.0
1753533383442,12:36:23.442,BANANAS31/USDT:USDT,0.006431,14.0,0.006429,11.0,0.006436,262.0,0.006437,145.0
1753533384330,12:36:24.330,BANANAS31/USDT:USDT,0.006431,14.0,0.006429,11.0,0.006436,262.0,0.006437,145.0
1753533384438,12:36:24.438,BANANAS31/USDT:USDT,0.006431,14.0,0.006429,11.0,0.006436,262.0,0.006437,145.0
1753533384532,12:36:24.532,BANANAS31/USDT:USDT,0.006431,14.0,0.006429,11.0,0.006436,262.0,0.006437,145.0
1753533384663,12:36:24.663,BANANAS31/USDT:USDT,0.006431,14.0,0.006429,11.0,0.006436,262.0,0.006437,145.0
1753533385887,12:36:25.887,BANANAS31/USDT:USDT,0.006431,14.0,0.006429,11.0,0.006435,2.0,0.006436,262.0
1753533386307,12:36:26.307,BANANAS31/USDT:USDT,0.006433,8.0,0.006432,8.0,0.006435,2.0,0.006436,262.0
1753533386381,12:36:26.381,BANANAS31/USDT:USDT,0.006433,8.0,0.006431,14.0,0.006435,2.0,0.006436,262.0
1753533386486,12:36:26.486,BANANAS31/USDT:USDT,0.006433,8.0,0.006431,14.0,0.006435,2.0,0.006436,262.0
1753533386745,12:36:26.745,BANANAS31/USDT:USDT,0.006433,8.0,0.006431,14.0,0.006435,2.0,0.006436,262.0
1753533387063,12:36:27.063,BANANAS31/USDT:USDT,0.006433,8.0,0.006431,14.0,0.006435,2.0,0.006436,262.0
1753533387168,12:36:27.168,BANANAS31/USDT:USDT,0.006433,8.0,0.006431,14.0,0.006435,2.0,0.006436,262.0
1753533387593,12:36:27.593,BANANAS31/USDT:USDT,0.006433,8.0,0.006431,14.0,0.006435,2.0,0.006436,262.0
1753533387711,12:36:27.711,BANANAS31/USDT:USDT,0.006432,11.0,0.006431,14.0,0.006436,262.0,0.006437,145.0
1753533387788,12:36:27.788,BANANAS31/USDT:USDT,0.006432,11.0,0.006431,3.0,0.006436,262.0,0.006437,145.0
1753533388397,12:36:28.397,BANANAS31/USDT:USDT,0.006432,11.0,0.006431,3.0,0.006436,262.0,0.006437,145.0
1753533388812,12:36:28.812,BANANAS31/USDT:USDT,0.006432,11.0,0.006431,3.0,0.006436,262.0,0.006437,145.0
1753533389289,12:36:29.289,BANANAS31/USDT:USDT,0.006433,8.0,0.006431,3.0,0.006436,262.0,0.006437,145.0
1753533389403,12:36:29.403,BANANAS31/USDT:USDT,0.006433,8.0,0.006431,14.0,0.006436,262.0,0.006437,145.0
1753533390434,12:36:30.434,BANANAS31/USDT:USDT,0.006433,8.0,0.006431,14.0,0.006436,262.0,0.006437,145.0
1753533391100,12:36:31.100,BANANAS31/USDT:USDT,0.006431,14.0,0.006429,11.0,0.006436,262.0,0.006437,145.0
1753533391252,12:36:31.252,BANANAS31/USDT:USDT,0.006431,14.0,0.006429,11.0,0.006436,262.0,0.006437,145.0
1753533391671,12:36:31.671,BANANAS31/USDT:USDT,0.006431,11.0,0.006429,11.0,0.006436,262.0,0.006437,145.0
1753533391730,12:36:31.730,BANANAS31/USDT:USDT,0.006431,11.0,0.006429,11.0,0.006435,2.0,0.006436,262.0
1753533391863,12:36:31.863,BANANAS31/USDT:USDT,0.006431,11.0,0.006429,11.0,0.006435,2.0,0.006436,262.0
1753533392009,12:36:32.009,BANANAS31/USDT:USDT,0.006431,11.0,0.006429,11.0,0.006435,2.0,0.006436,262.0
1753533392110,12:36:32.110,BANANAS31/USDT:USDT,0.006431,11.0,0.006429,11.0,0.006435,2.0,0.006436,262.0
1753533392276,12:36:32.276,BANANAS31/USDT:USDT,0.006431,11.0,0.006429,11.0,0.006434,12.0,0.006435,14.0
1753533392498,12:36:32.498,BANANAS31/USDT:USDT,0.006431,11.0,0.006429,11.0,0.006434,12.0,0.006435,14.0
1753533393296,12:36:33.296,BANANAS31/USDT:USDT,0.006431,11.0,0.00643,12.0,0.006434,12.0,0.006435,14.0
1753533393723,12:36:33.723,BANANAS31/USDT:USDT,0.006431,11.0,0.00643,12.0,0.006434,12.0,0.006435,14.0
1753533395157,12:36:35.157,BANANAS31/USDT:USDT,0.006431,11.0,0.00643,6.0,0.006434,12.0,0.006435,14.0
1753533395324,12:36:35.324,BANANAS31/USDT:USDT,0.006432,8.0,0.00643,17.0,0.006434,12.0,0.006435,12.0
1753533395408,12:36:35.408,BANANAS31/USDT:USDT,0.006434,8.0,0.006432,6.0,0.006436,256.0,0.006437,151.0
1753533395479,12:36:35.479,BANANAS31/USDT:USDT,0.006434,8.0,0.006432,17.0,0.006436,256.0,0.006437,151.0
1753533395558,12:36:35.558,BANANAS31/USDT:USDT,0.006432,17.0,0.00643,11.0,0.006436,256.0,0.006437,151.0
1753533395765,12:36:35.765,BANANAS31/USDT:USDT,0.006432,17.0,0.00643,11.0,0.006436,256.0,0.006437,151.0
1753533396258,12:36:36.258,BANANAS31/USDT:USDT,0.006432,11.0,0.00643,11.0,0.006436,256.0,0.006437,151.0
1753533396583,12:36:36.583,BANANAS31/USDT:USDT,0.006432,11.0,0.00643,11.0,0.006436,256.0,0.006437,151.0
1753533396663,12:36:36.663,BANANAS31/USDT:USDT,0.006432,11.0,0.00643,11.0,0.006436,256.0,0.006437,151.0
1753533397006,12:36:37.006,BANANAS31/USDT:USDT,0.006432,11.0,0.00643,11.0,0.006436,256.0,0.006437,151.0
1753533398287,12:36:38.287,BANANAS31/USDT:USDT,0.006433,8.0,0.00643,11.0,0.006436,256.0,0.006437,151.0
1753533398341,12:36:38.341,BANANAS31/USDT:USDT,0.006433,8.0,0.006431,11.0,0.006436,256.0,0.006437,151.0
1753533398445,12:36:38.445,BANANAS31/USDT:USDT,0.006433,8.0,0.006431,11.0,0.006436,256.0,0.006437,151.0
1753533398607,12:36:38.607,BANANAS31/USDT:USDT,0.006433,8.0,0.006431,11.0,0.006436,256.0,0.006437,151.0
1753533401307,12:36:41.307,BANANAS31/USDT:USDT,0.006432,8.0,0.006429,11.0,0.006436,256.0,0.006437,151.0
1753533401409,12:36:41.409,BANANAS31/USDT:USDT,0.006433,8.0,0.006431,11.0,0.006436,256.0,0.006437,151.0
1753533401463,12:36:41.463,BANANAS31/USDT:USDT,0.006433,8.0,0.006431,11.0,0.006436,256.0,0.006437,151.0
1753533402653,12:36:42.653,BANANAS31/USDT:USDT,0.006433,8.0,0.006431,11.0,0.006436,256.0,0.006437,151.0
1753533403067,12:36:43.067,BANANAS31/USDT:USDT,0.006433,8.0,0.006431,11.0,0.006436,256.0,0.006437,151.0
1753533403811,12:36:43.811,BANANAS31/USDT:USDT,0.006433,8.0,0.006431,11.0,0.006436,256.0,0.006437,151.0
1753533403830,12:36:43.830,BANANAS31/USDT:USDT,0.006433,8.0,0.006432,6.0,0.006436,256.0,0.006437,151.0
1753533404174,12:36:44.174,BANANAS31/USDT:USDT,0.006433,8.0,0.006431,11.0,0.006436,256.0,0.006437,151.0
1753533404285,12:36:44.285,BANANAS31/USDT:USDT,0.006433,8.0,0.006431,11.0,0.006436,256.0,0.006437,151.0
1753533404698,12:36:44.698,BANANAS31/USDT:USDT,0.006433,8.0,0.006431,11.0,0.006436,256.0,0.006437,151.0
1753533405425,12:36:45.425,BANANAS31/USDT:USDT,0.006433,8.0,0.006431,11.0,0.006436,256.0,0.006437,151.0
1753533405431,12:36:45.431,BANANAS31/USDT:USDT,0.006433,8.0,0.006431,11.0,0.006436,256.0,0.006437,151.0
1753533406822,12:36:46.822,BANANAS31/USDT:USDT,0.006435,8.0,0.006434,8.0,0.006436,250.0,0.006437,107.0
1753533406914,12:36:46.914,BANANAS31/USDT:USDT,0.006435,8.0,0.006433,17.0,0.006436,250.0,0.006437,6.0
1753533407012,12:36:47.012,BANANAS31/USDT:USDT,0.006435,8.0,0.006433,17.0,0.006436,250.0,0.006437,6.0
1753533407121,12:36:47.121,BANANAS31/USDT:USDT,0.006435,8.0,0.006433,17.0,0.006436,250.0,0.006437,6.0
1753533407187,12:36:47.187,BANANAS31/USDT:USDT,0.006433,11.0,0.006431,11.0,0.006436,256.0,0.006437,6.0
1753533407307,12:36:47.307,BANANAS31/USDT:USDT,0.006434,8.0,0.006432,11.0,0.006436,256.0,0.006437,6.0
1753533407390,12:36:47.390,BANANAS31/USDT:USDT,0.006434,8.0,0.006432,11.0,0.006436,256.0,0.006437,6.0
1753533407537,12:36:47.537,BANANAS31/USDT:USDT,0.006434,8.0,0.006432,11.0,0.006436,256.0,0.006437,6.0
1753533407816,12:36:47.816,BANANAS31/USDT:USDT,0.006434,8.0,0.006432,11.0,0.006436,256.0,0.006437,6.0
1753533408317,12:36:48.317,BANANAS31/USDT:USDT,0.006434,8.0,0.006432,11.0,0.006436,256.0,0.006437,6.0
1753533408463,12:36:48.463,BANANAS31/USDT:USDT,0.006434,8.0,0.006432,11.0,0.006436,256.0,0.006437,6.0
1753533408760,12:36:48.760,BANANAS31/USDT:USDT,0.006434,8.0,0.006432,11.0,0.006436,256.0,0.006437,6.0
