timestamp,time,symbol,bid1_price,bid1_volume,bid2_price,bid2_volume,ask1_price,ask1_volume,ask2_price,ask2_volume
1753533019000,12:30:19.000,ACH/USDT:USDT,0.02278,6.0,0.02277,687.0,0.02279,197.0,0.0228,1552.0
1753533022109,12:30:22.109,ACH/USDT:USDT,0.02278,6.0,0.02277,687.0,0.02279,197.0,0.0228,1552.0
1753533022116,12:30:22.116,ACH/USDT:USDT,0.02278,6.0,0.02277,687.0,0.02279,217.0,0.0228,1493.0
1753533024730,12:30:24.730,ACH/USDT:USDT,0.02278,193.0,0.02277,687.0,0.02279,217.0,0.0228,1493.0
1753533024954,12:30:24.954,ACH/USDT:USDT,0.02278,193.0,0.02277,687.0,0.02279,10.0,0.0228,687.0
1753533025207,12:30:25.207,ACH/USDT:USDT,0.02278,193.0,0.02277,687.0,0.02279,197.0,0.0228,687.0
1753533026786,12:30:26.786,ACH/USDT:USDT,0.02278,193.0,0.02277,687.0,0.02279,197.0,0.0228,687.0
1753533028172,12:30:28.172,ACH/USDT:USDT,0.02278,193.0,0.02277,687.0,0.02279,197.0,0.0228,687.0
1753533029834,12:30:29.834,ACH/USDT:USDT,0.02278,193.0,0.02277,687.0,0.02279,10.0,0.0228,687.0
1753533030038,12:30:30.038,ACH/USDT:USDT,0.02278,193.0,0.02277,687.0,0.02279,10.0,0.0228,687.0
1753533032635,12:30:32.635,ACH/USDT:USDT,0.02278,193.0,0.02277,687.0,0.02279,217.0,0.0228,687.0
1753533032729,12:30:32.729,ACH/USDT:USDT,0.02278,193.0,0.02277,687.0,0.02279,197.0,0.0228,746.0
1753533032819,12:30:32.819,ACH/USDT:USDT,0.02278,193.0,0.02277,687.0,0.02279,197.0,0.0228,687.0
1753533034021,12:30:34.021,ACH/USDT:USDT,0.02278,6.0,0.02277,687.0,0.02279,217.0,0.0228,687.0
1753533034175,12:30:34.175,ACH/USDT:USDT,0.02278,6.0,0.02277,687.0,0.02279,217.0,0.0228,746.0
1753533034217,12:30:34.217,ACH/USDT:USDT,0.02278,6.0,0.02277,687.0,0.02279,217.0,0.0228,687.0
1753533035078,12:30:35.078,ACH/USDT:USDT,0.02278,195.0,0.02277,687.0,0.02279,197.0,0.0228,687.0
1753533035118,12:30:35.118,ACH/USDT:USDT,0.02278,195.0,0.02277,687.0,0.02279,197.0,0.0228,746.0
1753533035217,12:30:35.217,ACH/USDT:USDT,0.02278,195.0,0.02277,687.0,0.02279,197.0,0.0228,687.0
1753533036968,12:30:36.968,ACH/USDT:USDT,0.02278,195.0,0.02277,687.0,0.02279,30.0,0.0228,687.0
1753533037020,12:30:37.020,ACH/USDT:USDT,0.02278,195.0,0.02277,687.0,0.02279,10.0,0.0228,746.0
1753533037115,12:30:37.115,ACH/USDT:USDT,0.02278,195.0,0.02277,687.0,0.02279,10.0,0.0228,687.0
1753533037221,12:30:37.221,ACH/USDT:USDT,0.02278,195.0,0.02277,687.0,0.02279,199.0,0.0228,687.0
1753533037409,12:30:37.409,ACH/USDT:USDT,0.02278,195.0,0.02277,687.0,0.02279,199.0,0.0228,687.0
1753533037419,12:30:37.419,ACH/USDT:USDT,0.02278,195.0,0.02277,687.0,0.02279,199.0,0.0228,687.0
1753533037516,12:30:37.516,ACH/USDT:USDT,0.02278,195.0,0.02277,687.0,0.02279,199.0,0.0228,746.0
1753533037616,12:30:37.616,ACH/USDT:USDT,0.02278,195.0,0.02277,687.0,0.02279,199.0,0.0228,687.0
1753533038308,12:30:38.308,ACH/USDT:USDT,0.02278,195.0,0.02277,687.0,0.02279,199.0,0.0228,687.0
1753533038316,12:30:38.316,ACH/USDT:USDT,0.02278,195.0,0.02277,687.0,0.02279,199.0,0.0228,746.0
1753533038415,12:30:38.415,ACH/USDT:USDT,0.02278,195.0,0.02277,687.0,0.02279,199.0,0.0228,687.0
1753533038567,12:30:38.567,ACH/USDT:USDT,0.02278,6.0,0.02277,687.0,0.02279,219.0,0.0228,687.0
1753533041185,12:30:41.185,ACH/USDT:USDT,0.02278,6.0,0.02277,687.0,0.02279,219.0,0.0228,687.0
1753533041216,12:30:41.216,ACH/USDT:USDT,0.02278,6.0,0.02277,687.0,0.02279,219.0,0.0228,746.0
1753533041315,12:30:41.315,ACH/USDT:USDT,0.02278,6.0,0.02277,687.0,0.02279,219.0,0.0228,687.0
1753533041758,12:30:41.758,ACH/USDT:USDT,0.02278,6.0,0.02277,687.0,0.02279,219.0,0.0228,687.0
1753533041819,12:30:41.819,ACH/USDT:USDT,0.02278,6.0,0.02277,687.0,0.02279,219.0,0.0228,746.0
1753533041915,12:30:41.915,ACH/USDT:USDT,0.02278,6.0,0.02277,687.0,0.02279,219.0,0.0228,687.0
1753533047731,12:30:47.731,ACH/USDT:USDT,0.02278,6.0,0.02277,687.0,0.02279,219.0,0.0228,687.0
1753533047832,12:30:47.832,ACH/USDT:USDT,0.02278,6.0,0.02277,687.0,0.02279,219.0,0.0228,2311.0
1753533050708,12:30:50.708,ACH/USDT:USDT,0.02278,6.0,0.02277,687.0,0.02279,219.0,0.0228,2311.0
1753533050710,12:30:50.710,ACH/USDT:USDT,0.02278,6.0,0.02277,687.0,0.02279,219.0,0.0228,2311.0
1753533060974,12:31:00.974,ACH/USDT:USDT,0.02278,6.0,0.02277,687.0,0.02279,192.0,0.0228,687.0
1753533061020,12:31:01.020,ACH/USDT:USDT,0.02278,6.0,0.02277,687.0,0.02279,192.0,0.0228,746.0
1753533061147,12:31:01.147,ACH/USDT:USDT,0.02278,6.0,0.02277,687.0,0.02279,192.0,0.0228,687.0
1753533061667,12:31:01.667,ACH/USDT:USDT,0.02278,188.0,0.02277,687.0,0.02279,212.0,0.0228,687.0
1753533061724,12:31:01.724,ACH/USDT:USDT,0.02278,188.0,0.02277,687.0,0.02279,192.0,0.0228,746.0
1753533061815,12:31:01.815,ACH/USDT:USDT,0.02278,188.0,0.02277,687.0,0.02279,192.0,0.0228,687.0
1753533062010,12:31:02.010,ACH/USDT:USDT,0.02278,188.0,0.02277,687.0,0.02279,192.0,0.0228,687.0
1753533064307,12:31:04.307,ACH/USDT:USDT,0.02278,188.0,0.02277,687.0,0.02279,30.0,0.0228,687.0
1753533064389,12:31:04.389,ACH/USDT:USDT,0.02278,188.0,0.02277,687.0,0.02279,30.0,0.0228,746.0
1753533064420,12:31:04.420,ACH/USDT:USDT,0.02278,188.0,0.02277,687.0,0.02279,30.0,0.0228,687.0
1753533065521,12:31:05.521,ACH/USDT:USDT,0.02278,188.0,0.02277,687.0,0.02279,30.0,0.0228,687.0
1753533065616,12:31:05.616,ACH/USDT:USDT,0.02278,188.0,0.02277,687.0,0.02279,30.0,0.0228,746.0
1753533065716,12:31:05.716,ACH/USDT:USDT,0.02278,188.0,0.02277,687.0,0.02279,30.0,0.0228,687.0
1753533067468,12:31:07.468,ACH/USDT:USDT,0.02278,188.0,0.02277,687.0,0.02279,30.0,0.0228,187.0
1753533067564,12:31:07.564,ACH/USDT:USDT,0.02278,188.0,0.02277,687.0,0.02279,30.0,0.0228,246.0
1753533067615,12:31:07.615,ACH/USDT:USDT,0.02278,188.0,0.02277,687.0,0.02279,30.0,0.0228,187.0
1753533068399,12:31:08.399,ACH/USDT:USDT,0.02278,688.0,0.02277,687.0,0.02279,10.0,0.0228,187.0
1753533068419,12:31:08.419,ACH/USDT:USDT,0.02278,688.0,0.02277,687.0,0.02279,10.0,0.0228,187.0
1753533068809,12:31:08.809,ACH/USDT:USDT,0.02278,688.0,0.02277,687.0,0.02279,10.0,0.0228,187.0
1753533069209,12:31:09.209,ACH/USDT:USDT,0.02279,185.0,0.02278,688.0,0.02281,187.0,0.02282,7155.0
1753533069310,12:31:09.310,ACH/USDT:USDT,0.02279,185.0,0.02278,682.0,0.02281,187.0,0.02282,7155.0
1753533069313,12:31:09.313,ACH/USDT:USDT,0.02279,185.0,0.02278,682.0,0.02281,187.0,0.02282,7155.0
1753533069662,12:31:09.662,ACH/USDT:USDT,0.02279,185.0,0.02278,682.0,0.02281,187.0,0.02282,7155.0
1753533070441,12:31:10.441,ACH/USDT:USDT,0.02279,185.0,0.02278,682.0,0.02281,187.0,0.02282,7155.0
1753533070886,12:31:10.886,ACH/USDT:USDT,0.02279,185.0,0.02278,682.0,0.02281,187.0,0.02282,7155.0
1753533071784,12:31:11.784,ACH/USDT:USDT,0.02279,185.0,0.02278,682.0,0.02281,187.0,0.02282,7155.0
1753533073987,12:31:13.987,ACH/USDT:USDT,0.02279,185.0,0.02278,682.0,0.02281,187.0,0.02282,7155.0
1753533074401,12:31:14.401,ACH/USDT:USDT,0.02279,185.0,0.02278,682.0,0.02281,187.0,0.02282,7155.0
1753533074412,12:31:14.412,ACH/USDT:USDT,0.02279,185.0,0.02278,682.0,0.02281,187.0,0.02282,7155.0
1753533074901,12:31:14.901,ACH/USDT:USDT,0.02279,185.0,0.02278,682.0,0.02281,187.0,0.02282,7155.0
1753533074912,12:31:14.912,ACH/USDT:USDT,0.02279,185.0,0.02278,1481.0,0.02281,187.0,0.02282,7155.0
1753533075892,12:31:15.892,ACH/USDT:USDT,0.02279,185.0,0.02278,1481.0,0.02281,187.0,0.02282,7155.0
1753533076906,12:31:16.906,ACH/USDT:USDT,0.02279,185.0,0.02278,1481.0,0.02281,187.0,0.02282,7155.0
1753533078073,12:31:18.073,ACH/USDT:USDT,0.02279,185.0,0.02278,1481.0,0.02281,187.0,0.02282,7155.0
1753533078292,12:31:18.292,ACH/USDT:USDT,0.02279,185.0,0.02278,682.0,0.02281,187.0,0.02282,7155.0
1753533078398,12:31:18.398,ACH/USDT:USDT,0.02278,682.0,0.02277,1852.0,0.02281,187.0,0.02282,7155.0
1753533078416,12:31:18.416,ACH/USDT:USDT,0.02278,682.0,0.02277,1852.0,0.02281,187.0,0.02282,7214.0
1753533078558,12:31:18.558,ACH/USDT:USDT,0.02278,682.0,0.02277,1852.0,0.02281,187.0,0.02282,7214.0
1753533078672,12:31:18.672,ACH/USDT:USDT,0.02279,184.0,0.02278,682.0,0.02281,187.0,0.02282,7155.0
1753533078786,12:31:18.786,ACH/USDT:USDT,0.02279,198.0,0.02278,682.0,0.02281,187.0,0.02282,7155.0
1753533078883,12:31:18.883,ACH/USDT:USDT,0.02279,184.0,0.02278,682.0,0.02281,187.0,0.02282,7155.0
1753533078979,12:31:18.979,ACH/USDT:USDT,0.02279,184.0,0.02278,682.0,0.02281,187.0,0.02282,7214.0
1753533080204,12:31:20.204,ACH/USDT:USDT,0.02279,184.0,0.02278,682.0,0.02281,187.0,0.02282,7214.0
1753533081652,12:31:21.652,ACH/USDT:USDT,0.02278,682.0,0.02277,1852.0,0.02281,187.0,0.02282,7155.0
1753533081773,12:31:21.773,ACH/USDT:USDT,0.02279,198.0,0.02278,682.0,0.02281,187.0,0.02282,7155.0
1753533081818,12:31:21.818,ACH/USDT:USDT,0.02279,184.0,0.02278,682.0,0.02281,187.0,0.02282,7155.0
1753533082207,12:31:22.207,ACH/USDT:USDT,0.02278,682.0,0.02277,1852.0,0.02281,187.0,0.02282,7155.0
1753533082305,12:31:22.305,ACH/USDT:USDT,0.02279,14.0,0.02278,682.0,0.02281,187.0,0.02282,7214.0
1753533082312,12:31:22.312,ACH/USDT:USDT,0.02279,14.0,0.02278,682.0,0.02281,187.0,0.02282,7155.0
1753533082648,12:31:22.648,ACH/USDT:USDT,0.02279,14.0,0.02278,682.0,0.02281,187.0,0.02282,7155.0
1753533082772,12:31:22.772,ACH/USDT:USDT,0.02279,14.0,0.02278,682.0,0.0228,204.0,0.02281,1016.0
1753533083070,12:31:23.070,ACH/USDT:USDT,0.02279,14.0,0.02278,682.0,0.0228,204.0,0.02281,1016.0
1753533083587,12:31:23.587,ACH/USDT:USDT,0.02279,14.0,0.02278,682.0,0.0228,204.0,0.02281,1016.0
1753533083616,12:31:23.616,ACH/USDT:USDT,0.02279,14.0,0.02278,682.0,0.0228,204.0,0.02281,1075.0
1753533083715,12:31:23.715,ACH/USDT:USDT,0.02279,14.0,0.02278,682.0,0.0228,204.0,0.02281,1016.0
1753533084452,12:31:24.452,ACH/USDT:USDT,0.02279,14.0,0.02278,682.0,0.0228,204.0,0.02281,1016.0
1753533084517,12:31:24.517,ACH/USDT:USDT,0.02279,14.0,0.02278,682.0,0.0228,204.0,0.02281,1075.0
1753533084615,12:31:24.615,ACH/USDT:USDT,0.02279,14.0,0.02278,682.0,0.0228,204.0,0.02281,1016.0
1753533084727,12:31:24.727,ACH/USDT:USDT,0.02279,202.0,0.02278,682.0,0.0228,184.0,0.02281,1016.0
1753533088405,12:31:28.405,ACH/USDT:USDT,0.02279,202.0,0.02278,682.0,0.0228,204.0,0.02281,1016.0
1753533088415,12:31:28.415,ACH/USDT:USDT,0.02279,202.0,0.02278,682.0,0.0228,204.0,0.02281,1075.0
1753533088516,12:31:28.516,ACH/USDT:USDT,0.02279,202.0,0.02278,682.0,0.0228,204.0,0.02281,1016.0
1753533090368,12:31:30.368,ACH/USDT:USDT,0.02279,202.0,0.02278,682.0,0.02281,187.0,0.02282,7155.0
1753533090421,12:31:30.421,ACH/USDT:USDT,0.02279,188.0,0.02278,682.0,0.02281,187.0,0.02282,7214.0
1753533090895,12:31:30.895,ACH/USDT:USDT,0.02278,682.0,0.02277,1852.0,0.02281,187.0,0.02282,7155.0
1753533090916,12:31:30.916,ACH/USDT:USDT,0.02279,14.0,0.02278,682.0,0.02281,187.0,0.02282,7214.0
1753533091970,12:31:31.970,ACH/USDT:USDT,0.02279,202.0,0.02278,682.0,0.02281,187.0,0.02282,7155.0
1753533092016,12:31:32.016,ACH/USDT:USDT,0.02279,188.0,0.02278,682.0,0.02281,187.0,0.02282,7214.0
1753533092772,12:31:32.772,ACH/USDT:USDT,0.02279,188.0,0.02278,682.0,0.0228,1016.0,0.02281,187.0
1753533092817,12:31:32.817,ACH/USDT:USDT,0.02279,202.0,0.02278,682.0,0.0228,1016.0,0.02281,246.0
1753533092915,12:31:32.915,ACH/USDT:USDT,0.02279,202.0,0.02278,682.0,0.0228,1016.0,0.02281,187.0
1753533093188,12:31:33.188,ACH/USDT:USDT,0.02279,202.0,0.02278,682.0,0.0228,1016.0,0.02281,187.0
1753533093287,12:31:33.287,ACH/USDT:USDT,0.02279,14.0,0.02278,682.0,0.0228,1016.0,0.02281,187.0
1753533093492,12:31:33.492,ACH/USDT:USDT,0.02279,203.0,0.02278,682.0,0.0228,189.0,0.02281,187.0
1753533093516,12:31:33.516,ACH/USDT:USDT,0.02279,203.0,0.02278,682.0,0.0228,189.0,0.02281,246.0
1753533093632,12:31:33.632,ACH/USDT:USDT,0.02279,203.0,0.02278,682.0,0.02281,187.0,0.02282,7155.0
1753533093720,12:31:33.720,ACH/USDT:USDT,0.02279,189.0,0.02278,682.0,0.02281,187.0,0.02282,7214.0
1753533097995,12:31:37.995,ACH/USDT:USDT,0.02279,189.0,0.02278,682.0,0.02281,187.0,0.02282,7155.0
1753533098026,12:31:38.026,ACH/USDT:USDT,0.02279,189.0,0.02278,682.0,0.02281,187.0,0.02282,7214.0
1753533099934,12:31:39.934,ACH/USDT:USDT,0.02279,189.0,0.02278,682.0,0.02281,187.0,0.02282,7214.0
1753533100304,12:31:40.304,ACH/USDT:USDT,0.02279,189.0,0.02278,682.0,0.02281,187.0,0.02282,7214.0
1753533100326,12:31:40.326,ACH/USDT:USDT,0.02279,189.0,0.02278,682.0,0.02281,187.0,0.02282,7214.0
1753533101308,12:31:41.308,ACH/USDT:USDT,0.02279,189.0,0.02278,682.0,0.02281,187.0,0.02282,7214.0
1753533102389,12:31:42.389,ACH/USDT:USDT,0.02279,189.0,0.02278,682.0,0.02281,187.0,0.02282,7214.0
1753533102419,12:31:42.419,ACH/USDT:USDT,0.02279,189.0,0.02278,682.0,0.0228,1016.0,0.02281,187.0
1753533102602,12:31:42.602,ACH/USDT:USDT,0.02279,203.0,0.02278,682.0,0.02281,187.0,0.02282,7155.0
1753533102616,12:31:42.616,ACH/USDT:USDT,0.02279,189.0,0.02278,682.0,0.02281,187.0,0.02282,7214.0
1753533102793,12:31:42.793,ACH/USDT:USDT,0.02279,189.0,0.02278,682.0,0.02281,187.0,0.02282,7155.0
1753533105691,12:31:45.691,ACH/USDT:USDT,0.02279,189.0,0.02278,682.0,0.0228,1016.0,0.02281,187.0
1753533105717,12:31:45.717,ACH/USDT:USDT,0.02279,203.0,0.02278,682.0,0.0228,1016.0,0.02281,187.0
1753533106609,12:31:46.609,ACH/USDT:USDT,0.0228,182.0,0.02279,203.0,0.02282,687.0,0.02283,998.0
1753533106703,12:31:46.703,ACH/USDT:USDT,0.0228,182.0,0.02279,203.0,0.02282,687.0,0.02283,998.0
1753533106805,12:31:46.805,ACH/USDT:USDT,0.0228,182.0,0.02279,203.0,0.02282,687.0,0.02283,2989.0
1753533106888,12:31:46.888,ACH/USDT:USDT,0.0228,182.0,0.02279,203.0,0.02282,687.0,0.02283,3489.0
1753533107267,12:31:47.267,ACH/USDT:USDT,0.0228,182.0,0.02279,203.0,0.02282,687.0,0.02283,2677.0
1753533107407,12:31:47.407,ACH/USDT:USDT,0.0228,182.0,0.02279,203.0,0.02282,687.0,0.02283,2677.0
1753533107608,12:31:47.608,ACH/USDT:USDT,0.0228,182.0,0.02279,203.0,0.02282,187.0,0.02283,2677.0
1753533107708,12:31:47.708,ACH/USDT:USDT,0.0228,182.0,0.02279,203.0,0.02282,187.0,0.02283,2677.0
1753533107808,12:31:47.808,ACH/USDT:USDT,0.0228,182.0,0.02279,203.0,0.02282,187.0,0.02283,2677.0
1753533107885,12:31:47.885,ACH/USDT:USDT,0.0228,182.0,0.02279,203.0,0.02281,1261.0,0.02282,187.0
1753533107952,12:31:47.952,ACH/USDT:USDT,0.0228,182.0,0.02279,203.0,0.02281,1261.0,0.02282,187.0
1753533108092,12:31:48.092,ACH/USDT:USDT,0.0228,182.0,0.02279,203.0,0.02282,187.0,0.02283,2677.0
1753533108110,12:31:48.110,ACH/USDT:USDT,0.0228,182.0,0.02279,203.0,0.02282,187.0,0.02283,2677.0
1753533108737,12:31:48.737,ACH/USDT:USDT,0.0228,182.0,0.02279,203.0,0.02282,187.0,0.02283,2677.0
1753533108908,12:31:48.908,ACH/USDT:USDT,0.0228,182.0,0.02279,203.0,0.02282,187.0,0.02283,2677.0
1753533109024,12:31:49.024,ACH/USDT:USDT,0.0228,182.0,0.02279,203.0,0.02282,187.0,0.02283,2677.0
1753533109479,12:31:49.479,ACH/USDT:USDT,0.0228,182.0,0.02279,203.0,0.02282,187.0,0.02283,2677.0
1753533112387,12:31:52.387,ACH/USDT:USDT,0.0228,182.0,0.02279,203.0,0.02282,187.0,0.02283,2677.0
1753533112480,12:31:52.480,ACH/USDT:USDT,0.0228,182.0,0.02279,203.0,0.02282,187.0,0.02283,2677.0
1753533112532,12:31:52.532,ACH/USDT:USDT,0.0228,182.0,0.02279,203.0,0.02282,187.0,0.02283,2677.0
1753533113153,12:31:53.153,ACH/USDT:USDT,0.0228,182.0,0.02279,203.0,0.02282,187.0,0.02283,2677.0
1753533113352,12:31:53.352,ACH/USDT:USDT,0.0228,182.0,0.02279,203.0,0.02282,187.0,0.02283,2677.0
1753533113951,12:31:53.951,ACH/USDT:USDT,0.0228,182.0,0.02279,203.0,0.02281,1261.0,0.02282,187.0
1753533114040,12:31:54.040,ACH/USDT:USDT,0.0228,182.0,0.02279,203.0,0.02281,1261.0,0.02282,187.0
1753533114173,12:31:54.173,ACH/USDT:USDT,0.0228,182.0,0.02279,203.0,0.02281,1261.0,0.02282,187.0
1753533114718,12:31:54.718,ACH/USDT:USDT,0.0228,182.0,0.02279,203.0,0.02281,1261.0,0.02282,187.0
1753533114880,12:31:54.880,ACH/USDT:USDT,0.0228,182.0,0.02279,203.0,0.02282,187.0,0.02283,2677.0
1753533114990,12:31:54.990,ACH/USDT:USDT,0.0228,182.0,0.02279,203.0,0.02282,187.0,0.02283,2677.0
1753533115407,12:31:55.407,ACH/USDT:USDT,0.0228,182.0,0.02279,203.0,0.02282,187.0,0.02283,2677.0
1753533117187,12:31:57.187,ACH/USDT:USDT,0.0228,182.0,0.02279,203.0,0.02282,187.0,0.02283,2677.0
1753533117219,12:31:57.219,ACH/USDT:USDT,0.0228,182.0,0.02279,203.0,0.02282,187.0,0.02283,2736.0
1753533118103,12:31:58.103,ACH/USDT:USDT,0.0228,182.0,0.02279,203.0,0.02282,187.0,0.02283,2736.0
1753533119285,12:31:59.285,ACH/USDT:USDT,0.0228,182.0,0.02279,203.0,0.02282,187.0,0.02283,2736.0
1753533119441,12:31:59.441,ACH/USDT:USDT,0.0228,182.0,0.02279,203.0,0.02282,187.0,0.02283,2736.0
1753533119591,12:31:59.591,ACH/USDT:USDT,0.0228,182.0,0.02279,203.0,0.02282,187.0,0.02283,2736.0
1753533119785,12:31:59.785,ACH/USDT:USDT,0.0228,182.0,0.02279,1402.0,0.02282,187.0,0.02283,2736.0
1753533121696,12:32:01.696,ACH/USDT:USDT,0.0228,188.0,0.02279,1402.0,0.02282,187.0,0.02283,2677.0
1753533121716,12:32:01.716,ACH/USDT:USDT,0.0228,188.0,0.02279,1402.0,0.02282,187.0,0.02283,2736.0
1753533121987,12:32:01.987,ACH/USDT:USDT,0.0228,188.0,0.02279,1402.0,0.02282,187.0,0.02283,2736.0
1753533122899,12:32:02.899,ACH/USDT:USDT,0.02279,203.0,0.02278,4009.0,0.02282,187.0,0.02283,2677.0
1753533122915,12:32:02.915,ACH/USDT:USDT,0.02279,203.0,0.02278,4009.0,0.02282,187.0,0.02283,2736.0
1753533123729,12:32:03.729,ACH/USDT:USDT,0.0228,185.0,0.02279,203.0,0.02282,187.0,0.02283,2677.0
1753533123816,12:32:03.816,ACH/USDT:USDT,0.0228,185.0,0.02279,203.0,0.02282,187.0,0.02283,2736.0
1753533124432,12:32:04.432,ACH/USDT:USDT,0.0228,185.0,0.02279,1002.0,0.02282,187.0,0.02283,2736.0
1753533126787,12:32:06.787,ACH/USDT:USDT,0.0228,185.0,0.02279,1002.0,0.02282,187.0,0.02283,2736.0
1753533131592,12:32:11.592,ACH/USDT:USDT,0.0228,185.0,0.02279,1002.0,0.02282,187.0,0.02283,2736.0
1753533131667,12:32:11.667,ACH/USDT:USDT,0.0228,185.0,0.02279,1002.0,0.02282,187.0,0.02283,2736.0
1753533132068,12:32:12.068,ACH/USDT:USDT,0.0228,185.0,0.02279,1002.0,0.02282,187.0,0.02283,2736.0
1753533136389,12:32:16.389,ACH/USDT:USDT,0.0228,185.0,0.02279,1002.0,0.02282,187.0,0.02283,2736.0
1753533136419,12:32:16.419,ACH/USDT:USDT,0.0228,185.0,0.02279,1002.0,0.02282,187.0,0.02283,2736.0
1753533137110,12:32:17.110,ACH/USDT:USDT,0.0228,185.0,0.02279,1002.0,0.02282,187.0,0.02283,2736.0
1753533141188,12:32:21.188,ACH/USDT:USDT,0.0228,185.0,0.02279,1002.0,0.02282,187.0,0.02283,2736.0
1753533144826,12:32:24.826,ACH/USDT:USDT,0.0228,185.0,0.02279,1002.0,0.02282,187.0,0.02283,2736.0
1753533144920,12:32:24.920,ACH/USDT:USDT,0.0228,185.0,0.02279,1002.0,0.02282,187.0,0.02283,2736.0
1753533145510,12:32:25.510,ACH/USDT:USDT,0.0228,185.0,0.02279,1002.0,0.02282,187.0,0.02283,2736.0
1753533145989,12:32:25.989,ACH/USDT:USDT,0.0228,185.0,0.02279,1002.0,0.02282,187.0,0.02283,2736.0
1753533148700,12:32:28.700,ACH/USDT:USDT,0.02279,2198.0,0.02278,5179.0,0.02282,187.0,0.02283,2677.0
1753533148808,12:32:28.808,ACH/USDT:USDT,0.0228,188.0,0.02279,2198.0,0.02282,187.0,0.02283,2736.0
1753533148816,12:32:28.816,ACH/USDT:USDT,0.0228,188.0,0.02279,2198.0,0.02282,187.0,0.02283,2677.0
1753533149009,12:32:29.009,ACH/USDT:USDT,0.0228,188.0,0.02279,2198.0,0.02282,187.0,0.02283,3489.0
1753533150788,12:32:30.788,ACH/USDT:USDT,0.0228,188.0,0.02279,2198.0,0.02282,187.0,0.02283,3489.0
1753533150818,12:32:30.818,ACH/USDT:USDT,0.0228,188.0,0.02279,2198.0,0.02282,187.0,0.02283,3548.0
1753533153048,12:32:33.048,ACH/USDT:USDT,0.02279,2198.0,0.02278,5179.0,0.02282,187.0,0.02283,3489.0
1753533153124,12:32:33.124,ACH/USDT:USDT,0.02279,2198.0,0.02278,5179.0,0.02282,187.0,0.02283,3548.0
1753533155607,12:32:35.607,ACH/USDT:USDT,0.02279,1399.0,0.02278,4367.0,0.02282,187.0,0.02283,3489.0
1753533155709,12:32:35.709,ACH/USDT:USDT,0.02279,1399.0,0.02278,4367.0,0.02282,187.0,0.02283,3548.0
1753533155710,12:32:35.710,ACH/USDT:USDT,0.02279,1399.0,0.02278,4367.0,0.02282,187.0,0.02283,3548.0
1753533157107,12:32:37.107,ACH/USDT:USDT,0.0228,185.0,0.02279,1399.0,0.02282,187.0,0.02283,3489.0
1753533157118,12:32:37.118,ACH/USDT:USDT,0.0228,185.0,0.02279,1399.0,0.02282,187.0,0.02283,3548.0
1753533158264,12:32:38.264,ACH/USDT:USDT,0.0228,185.0,0.02279,1399.0,0.02282,187.0,0.02283,3548.0
1753533160388,12:32:40.388,ACH/USDT:USDT,0.0228,185.0,0.02279,1399.0,0.02282,187.0,0.02283,3548.0
1753533161773,12:32:41.773,ACH/USDT:USDT,0.02279,1399.0,0.02278,4367.0,0.02282,187.0,0.02283,3489.0
1753533161817,12:32:41.817,ACH/USDT:USDT,0.02279,1399.0,0.02278,4367.0,0.02282,187.0,0.02283,3548.0
1753533162099,12:32:42.099,ACH/USDT:USDT,0.02279,1399.0,0.02278,4367.0,0.02282,187.0,0.02283,3548.0
1753533162125,12:32:42.125,ACH/USDT:USDT,0.02279,1399.0,0.02278,4367.0,0.02282,187.0,0.02283,3548.0
1753533165188,12:32:45.188,ACH/USDT:USDT,0.02279,1399.0,0.02278,4367.0,0.02282,187.0,0.02283,3548.0
1753533167294,12:32:47.294,ACH/USDT:USDT,0.02279,1399.0,0.02278,4367.0,0.0228,20.0,0.02281,182.0
1753533167394,12:32:47.394,ACH/USDT:USDT,0.02279,1399.0,0.02278,4367.0,0.0228,20.0,0.02281,182.0
1753533167441,12:32:47.441,ACH/USDT:USDT,0.02279,1399.0,0.02278,4367.0,0.0228,20.0,0.02281,182.0
1753533169993,12:32:49.993,ACH/USDT:USDT,0.02279,1399.0,0.02278,4367.0,0.0228,20.0,0.02281,182.0
1753533170017,12:32:50.017,ACH/USDT:USDT,0.02279,1399.0,0.02278,4367.0,0.0228,20.0,0.02281,241.0
1753533170117,12:32:50.117,ACH/USDT:USDT,0.02279,1399.0,0.02278,4367.0,0.0228,20.0,0.02281,182.0
1753533171276,12:32:51.276,ACH/USDT:USDT,0.02279,1399.0,0.02278,4367.0,0.0228,20.0,0.02281,182.0
1753533171329,12:32:51.329,ACH/USDT:USDT,0.02279,1399.0,0.02278,4367.0,0.0228,20.0,0.02281,241.0
1753533171417,12:32:51.417,ACH/USDT:USDT,0.02279,1399.0,0.02278,4367.0,0.0228,20.0,0.02281,182.0
1753533171822,12:32:51.822,ACH/USDT:USDT,0.02279,1399.0,0.02278,4367.0,0.0228,20.0,0.02281,182.0
1753533171917,12:32:51.917,ACH/USDT:USDT,0.02279,1399.0,0.02278,4367.0,0.0228,20.0,0.02281,241.0
1753533172017,12:32:52.017,ACH/USDT:USDT,0.02279,1399.0,0.02278,4367.0,0.0228,20.0,0.02281,182.0
1753533173108,12:32:53.108,ACH/USDT:USDT,0.02279,1399.0,0.02278,4367.0,0.0228,20.0,0.02281,182.0
1753533173118,12:32:53.118,ACH/USDT:USDT,0.02279,1399.0,0.02278,4367.0,0.0228,20.0,0.02281,241.0
1753533173217,12:32:53.217,ACH/USDT:USDT,0.02279,1399.0,0.02278,4367.0,0.0228,20.0,0.02281,182.0
1753533173445,12:32:53.445,ACH/USDT:USDT,0.02279,1399.0,0.02278,4367.0,0.0228,20.0,0.02281,182.0
1753533174789,12:32:54.789,ACH/USDT:USDT,0.02279,1399.0,0.02278,4367.0,0.0228,20.0,0.02281,182.0
1753533174818,12:32:54.818,ACH/USDT:USDT,0.02279,1399.0,0.02278,4367.0,0.0228,20.0,0.02281,241.0
1753533174917,12:32:54.917,ACH/USDT:USDT,0.02279,1399.0,0.02278,4367.0,0.0228,20.0,0.02281,182.0
1753533180909,12:33:00.909,ACH/USDT:USDT,0.02278,182.0,0.02277,1380.0,0.02281,182.0,0.02282,687.0
1753533180984,12:33:00.984,ACH/USDT:USDT,0.02278,2.0,0.02277,1380.0,0.0228,190.0,0.02281,194.0
1753533181103,12:33:01.103,ACH/USDT:USDT,0.02278,2.0,0.02277,1380.0,0.0228,190.0,0.02281,1065.0
1753533181195,12:33:01.195,ACH/USDT:USDT,0.02278,2.0,0.02277,2821.0,0.0228,190.0,0.02281,1006.0
1753533181221,12:33:01.221,ACH/USDT:USDT,0.02278,2.0,0.02277,2821.0,0.0228,190.0,0.02281,1006.0
1753533181322,12:33:01.322,ACH/USDT:USDT,0.02278,2.0,0.02277,2821.0,0.0228,190.0,0.02281,1006.0
1753533181554,12:33:01.554,ACH/USDT:USDT,0.02278,2.0,0.02277,2821.0,0.0228,190.0,0.02281,1006.0
1753533181626,12:33:01.626,ACH/USDT:USDT,0.02278,192.0,0.02277,2821.0,0.0228,190.0,0.02281,1065.0
1753533181717,12:33:01.717,ACH/USDT:USDT,0.02278,192.0,0.02277,2821.0,0.0228,190.0,0.02281,1006.0
1753533182163,12:33:02.163,ACH/USDT:USDT,0.02278,192.0,0.02277,2821.0,0.0228,190.0,0.02281,1006.0
1753533182234,12:33:02.234,ACH/USDT:USDT,0.02278,192.0,0.02277,2821.0,0.0228,190.0,0.02281,1065.0
1753533182329,12:33:02.329,ACH/USDT:USDT,0.02278,192.0,0.02277,2821.0,0.0228,190.0,0.02281,1006.0
1753533182927,12:33:02.927,ACH/USDT:USDT,0.02278,192.0,0.02277,2821.0,0.0228,190.0,0.02281,1006.0
1753533185389,12:33:05.389,ACH/USDT:USDT,0.02278,192.0,0.02277,2821.0,0.0228,190.0,0.02281,1006.0
1753533190189,12:33:10.189,ACH/USDT:USDT,0.02278,192.0,0.02277,2821.0,0.0228,190.0,0.02281,1006.0
1753533190982,12:33:10.982,ACH/USDT:USDT,0.02278,192.0,0.02277,2821.0,0.0228,190.0,0.02281,1006.0
1753533191023,12:33:11.023,ACH/USDT:USDT,0.02278,192.0,0.02277,2821.0,0.0228,190.0,0.02281,1006.0
1753533191989,12:33:11.989,ACH/USDT:USDT,0.02278,192.0,0.02277,2821.0,0.0228,190.0,0.02281,1006.0
1753533192104,12:33:12.104,ACH/USDT:USDT,0.02278,192.0,0.02277,2821.0,0.0228,190.0,0.02281,1006.0
1753533192928,12:33:12.928,ACH/USDT:USDT,0.02278,192.0,0.02277,2821.0,0.0228,190.0,0.02281,1006.0
1753533193428,12:33:13.428,ACH/USDT:USDT,0.02278,192.0,0.02277,2821.0,0.0228,190.0,0.02281,1006.0
1753533193565,12:33:13.565,ACH/USDT:USDT,0.02278,192.0,0.02277,2821.0,0.0228,190.0,0.02281,1065.0
1753533193617,12:33:13.617,ACH/USDT:USDT,0.02278,192.0,0.02277,2821.0,0.0228,190.0,0.02281,1006.0
1753533193711,12:33:13.711,ACH/USDT:USDT,0.02278,192.0,0.02277,2821.0,0.0228,190.0,0.02281,1006.0
1753533193991,12:33:13.991,ACH/USDT:USDT,0.02278,192.0,0.02277,2821.0,0.0228,190.0,0.02281,1006.0
1753533194711,12:33:14.711,ACH/USDT:USDT,0.02278,192.0,0.02277,2821.0,0.0228,190.0,0.02281,1006.0
1753533194817,12:33:14.817,ACH/USDT:USDT,0.02278,192.0,0.02277,2821.0,0.0228,190.0,0.02281,1065.0
1753533194992,12:33:14.992,ACH/USDT:USDT,0.02278,192.0,0.02277,2821.0,0.0228,190.0,0.02281,1006.0
1753533195051,12:33:15.051,ACH/USDT:USDT,0.02278,192.0,0.02277,2821.0,0.0228,190.0,0.02281,1006.0
1753533196032,12:33:16.032,ACH/USDT:USDT,0.02278,192.0,0.02277,2821.0,0.0228,190.0,0.02281,1006.0
1753533196117,12:33:16.117,ACH/USDT:USDT,0.02278,192.0,0.02277,2821.0,0.0228,190.0,0.02281,1065.0
1753533196217,12:33:16.217,ACH/USDT:USDT,0.02278,192.0,0.02277,2821.0,0.0228,190.0,0.02281,1006.0
1753533199791,12:33:19.791,ACH/USDT:USDT,0.02278,192.0,0.02277,2821.0,0.0228,190.0,0.02281,1006.0
1753533199822,12:33:19.822,ACH/USDT:USDT,0.02278,192.0,0.02277,2821.0,0.0228,190.0,0.02281,1065.0
1753533199917,12:33:19.917,ACH/USDT:USDT,0.02278,192.0,0.02277,2821.0,0.0228,190.0,0.02281,1006.0
1753533202085,12:33:22.085,ACH/USDT:USDT,0.02278,192.0,0.02277,2821.0,0.0228,190.0,0.02281,1006.0
1753533202117,12:33:22.117,ACH/USDT:USDT,0.02278,192.0,0.02277,2821.0,0.0228,190.0,0.02281,1065.0
1753533202217,12:33:22.217,ACH/USDT:USDT,0.02278,192.0,0.02277,2821.0,0.0228,190.0,0.02281,1006.0
1753533203708,12:33:23.708,ACH/USDT:USDT,0.02278,2.0,0.02277,2821.0,0.0228,190.0,0.02281,1006.0
1753533203809,12:33:23.809,ACH/USDT:USDT,0.02278,2.0,0.02277,2821.0,0.0228,190.0,0.02281,1065.0
1753533203886,12:33:23.886,ACH/USDT:USDT,0.02278,2.0,0.02277,2821.0,0.02279,184.0,0.0228,690.0
1753533203919,12:33:23.919,ACH/USDT:USDT,0.02278,2.0,0.02277,2821.0,0.02279,190.0,0.0228,690.0
1753533204056,12:33:24.056,ACH/USDT:USDT,0.02278,1.0,0.02277,2821.0,0.02279,184.0,0.0228,690.0
1753533204182,12:33:24.182,ACH/USDT:USDT,0.02278,2.0,0.02277,2821.0,0.02279,190.0,0.0228,690.0
1753533204217,12:33:24.217,ACH/USDT:USDT,0.02278,2.0,0.02277,2821.0,0.02279,190.0,0.0228,749.0
1753533204318,12:33:24.318,ACH/USDT:USDT,0.02278,2.0,0.02277,2821.0,0.02279,190.0,0.0228,690.0
1753533204590,12:33:24.590,ACH/USDT:USDT,0.02278,2.0,0.02277,2821.0,0.02279,190.0,0.0228,690.0
1753533206090,12:33:26.090,ACH/USDT:USDT,0.02278,186.0,0.02277,2821.0,0.02279,210.0,0.0228,690.0
1753533206172,12:33:26.172,ACH/USDT:USDT,0.02278,186.0,0.02277,2821.0,0.02279,210.0,0.0228,749.0
1753533206237,12:33:26.237,ACH/USDT:USDT,0.02278,186.0,0.02277,2821.0,0.02279,210.0,0.0228,690.0
1753533206556,12:33:26.556,ACH/USDT:USDT,0.02278,186.0,0.02277,2821.0,0.02279,210.0,0.0228,690.0
1753533206620,12:33:26.620,ACH/USDT:USDT,0.02278,186.0,0.02277,2821.0,0.02279,210.0,0.0228,749.0
1753533206717,12:33:26.717,ACH/USDT:USDT,0.02278,186.0,0.02277,2821.0,0.02279,210.0,0.0228,690.0
1753533207272,12:33:27.272,ACH/USDT:USDT,0.02278,186.0,0.02277,2821.0,0.02279,210.0,0.0228,690.0
1753533207318,12:33:27.318,ACH/USDT:USDT,0.02278,186.0,0.02277,2821.0,0.02279,210.0,0.0228,749.0
1753533207418,12:33:27.418,ACH/USDT:USDT,0.02278,186.0,0.02277,2821.0,0.02279,210.0,0.0228,690.0
1753533207928,12:33:27.928,ACH/USDT:USDT,0.02278,186.0,0.02277,2821.0,0.02279,210.0,0.0228,690.0
1753533208017,12:33:28.017,ACH/USDT:USDT,0.02278,186.0,0.02277,2821.0,0.02279,210.0,0.0228,749.0
1753533208116,12:33:28.116,ACH/USDT:USDT,0.02278,186.0,0.02277,2821.0,0.02279,210.0,0.0228,690.0
1753533208292,12:33:28.292,ACH/USDT:USDT,0.02278,186.0,0.02277,2821.0,0.02279,26.0,0.0228,690.0
1753533208385,12:33:28.385,ACH/USDT:USDT,0.02278,186.0,0.02277,2821.0,0.02279,26.0,0.0228,690.0
1753533208448,12:33:28.448,ACH/USDT:USDT,0.02278,186.0,0.02277,2821.0,0.02279,26.0,0.0228,690.0
1753533208572,12:33:28.572,ACH/USDT:USDT,0.02278,186.0,0.02277,2821.0,0.02279,26.0,0.0228,749.0
1753533208617,12:33:28.617,ACH/USDT:USDT,0.02278,186.0,0.02277,2821.0,0.02279,26.0,0.0228,690.0
1753533209389,12:33:29.389,ACH/USDT:USDT,0.02278,186.0,0.02277,2821.0,0.02279,26.0,0.0228,690.0
1753533209417,12:33:29.417,ACH/USDT:USDT,0.02278,186.0,0.02277,2821.0,0.02279,26.0,0.0228,749.0
1753533209518,12:33:29.518,ACH/USDT:USDT,0.02278,186.0,0.02277,2821.0,0.02279,26.0,0.0228,690.0
1753533210432,12:33:30.432,ACH/USDT:USDT,0.02278,186.0,0.02277,2821.0,0.02279,26.0,0.0228,690.0
1753533210521,12:33:30.521,ACH/USDT:USDT,0.02278,186.0,0.02277,2821.0,0.02279,210.0,0.0228,749.0
1753533210625,12:33:30.625,ACH/USDT:USDT,0.02278,186.0,0.02277,2821.0,0.02279,190.0,0.0228,690.0
1753533211259,12:33:31.259,ACH/USDT:USDT,0.02278,186.0,0.02277,2821.0,0.02279,210.0,0.0228,690.0
1753533211324,12:33:31.324,ACH/USDT:USDT,0.02278,186.0,0.02277,2821.0,0.02279,190.0,0.0228,749.0
1753533211418,12:33:31.418,ACH/USDT:USDT,0.02278,186.0,0.02277,2821.0,0.02279,190.0,0.0228,690.0
1753533214209,12:33:34.209,ACH/USDT:USDT,0.02278,2.0,0.02277,2821.0,0.02279,210.0,0.0228,690.0
1753533214231,12:33:34.231,ACH/USDT:USDT,0.02278,2.0,0.02277,2821.0,0.02279,190.0,0.0228,690.0
1753533215010,12:33:35.010,ACH/USDT:USDT,0.02278,2.0,0.02277,2821.0,0.02279,190.0,0.0228,690.0
1753533217929,12:33:37.929,ACH/USDT:USDT,0.02278,2.0,0.02277,2821.0,0.02279,190.0,0.0228,690.0
1753533218032,12:33:38.032,ACH/USDT:USDT,0.02278,2.0,0.02277,2821.0,0.02279,190.0,0.0228,690.0
1753533218434,12:33:38.434,ACH/USDT:USDT,0.02278,2.0,0.02277,2821.0,0.02279,190.0,0.0228,690.0
1753533218989,12:33:38.989,ACH/USDT:USDT,0.02278,2.0,0.02277,2821.0,0.02279,190.0,0.0228,690.0
1753533223299,12:33:43.299,ACH/USDT:USDT,0.02278,2.0,0.02277,2821.0,0.02279,190.0,0.0228,690.0
1753533223790,12:33:43.790,ACH/USDT:USDT,0.02278,2.0,0.02277,2821.0,0.02279,190.0,0.0228,690.0
1753533224399,12:33:44.399,ACH/USDT:USDT,0.02278,2.0,0.02277,2821.0,0.02279,690.0,0.0228,690.0
1753533226506,12:33:46.506,ACH/USDT:USDT,0.02278,2.0,0.02277,687.0,0.02279,210.0,0.0228,690.0
1753533226534,12:33:46.534,ACH/USDT:USDT,0.02278,1.0,0.02277,688.0,0.02279,190.0,0.0228,690.0
1753533226617,12:33:46.617,ACH/USDT:USDT,0.02278,1.0,0.02277,687.0,0.02279,190.0,0.0228,690.0
1753533226716,12:33:46.716,ACH/USDT:USDT,0.02278,1.0,0.02277,688.0,0.02279,190.0,0.0228,696.0
1753533227496,12:33:47.496,ACH/USDT:USDT,0.02278,1.0,0.02277,688.0,0.02279,190.0,0.0228,696.0
1753533227516,12:33:47.516,ACH/USDT:USDT,0.02278,1.0,0.02277,1958.0,0.02279,190.0,0.0228,755.0
1753533227616,12:33:47.616,ACH/USDT:USDT,0.02278,1.0,0.02277,1958.0,0.02279,190.0,0.0228,696.0
1753533228495,12:33:48.495,ACH/USDT:USDT,0.02278,1.0,0.02277,1958.0,0.02279,190.0,0.0228,696.0
1753533228590,12:33:48.590,ACH/USDT:USDT,0.02278,1.0,0.02277,1958.0,0.02279,190.0,0.0228,755.0
1753533228619,12:33:48.619,ACH/USDT:USDT,0.02278,1.0,0.02277,1958.0,0.02279,190.0,0.0228,696.0
1753533231756,12:33:51.756,ACH/USDT:USDT,0.02278,1.0,0.02277,688.0,0.02279,190.0,0.0228,696.0
1753533231816,12:33:51.816,ACH/USDT:USDT,0.02278,1.0,0.02277,688.0,0.02279,190.0,0.0228,755.0
1753533231915,12:33:51.915,ACH/USDT:USDT,0.02278,1.0,0.02277,688.0,0.02279,190.0,0.0228,696.0
1753533232488,12:33:52.488,ACH/USDT:USDT,0.02278,1.0,0.02277,688.0,0.02279,190.0,0.0228,696.0
1753533232516,12:33:52.516,ACH/USDT:USDT,0.02278,1.0,0.02277,688.0,0.02279,190.0,0.0228,755.0
1753533232616,12:33:52.616,ACH/USDT:USDT,0.02278,1.0,0.02277,688.0,0.02279,190.0,0.0228,696.0
1753533233390,12:33:53.390,ACH/USDT:USDT,0.02278,1.0,0.02277,688.0,0.02279,190.0,0.0228,696.0
1753533233416,12:33:53.416,ACH/USDT:USDT,0.02278,1.0,0.02277,688.0,0.02279,190.0,0.0228,755.0
1753533233517,12:33:53.517,ACH/USDT:USDT,0.02278,1.0,0.02277,688.0,0.02279,190.0,0.0228,696.0
1753533235339,12:33:55.339,ACH/USDT:USDT,0.02278,1.0,0.02277,688.0,0.02279,710.0,0.0228,696.0
1753533235497,12:33:55.497,ACH/USDT:USDT,0.02278,1.0,0.02277,688.0,0.02279,710.0,0.0228,755.0
1753533235515,12:33:55.515,ACH/USDT:USDT,0.02278,1.0,0.02277,688.0,0.02279,710.0,0.0228,696.0
1753533236485,12:33:56.485,ACH/USDT:USDT,0.02278,1.0,0.02277,688.0,0.02279,710.0,0.0228,3069.0
1753533236517,12:33:56.517,ACH/USDT:USDT,0.02278,1.0,0.02277,688.0,0.02279,710.0,0.0228,3128.0
1753533236830,12:33:56.830,ACH/USDT:USDT,0.02278,1.0,0.02277,688.0,0.02279,710.0,0.0228,3128.0
1753533237453,12:33:57.453,ACH/USDT:USDT,0.02278,1.0,0.02277,688.0,0.02279,190.0,0.0228,3069.0
1753533237516,12:33:57.516,ACH/USDT:USDT,0.02278,1.0,0.02277,688.0,0.02279,190.0,0.0228,3128.0
1753533238192,12:33:58.192,ACH/USDT:USDT,0.02278,1.0,0.02277,688.0,0.02279,190.0,0.0228,3128.0
1753533239010,12:33:59.010,ACH/USDT:USDT,0.02278,1.0,0.02277,688.0,0.02279,190.0,0.0228,3128.0
1753533240746,12:34:00.746,ACH/USDT:USDT,0.02278,1.0,0.02277,688.0,0.02279,190.0,0.0228,3128.0
1753533240873,12:34:00.873,ACH/USDT:USDT,0.02278,1.0,0.02277,688.0,0.02279,1022.0,0.0228,3069.0
1753533240916,12:34:00.916,ACH/USDT:USDT,0.02278,1.0,0.02277,688.0,0.02279,1022.0,0.0228,3128.0
1753533241588,12:34:01.588,ACH/USDT:USDT,0.02278,1.0,0.02277,688.0,0.02279,1022.0,0.0228,3128.0
1753533242992,12:34:02.992,ACH/USDT:USDT,0.02278,1.0,0.02277,688.0,0.02279,1022.0,0.0228,3128.0
1753533243014,12:34:03.014,ACH/USDT:USDT,0.02278,1.0,0.02277,688.0,0.02279,1022.0,0.0228,3128.0
1753533244186,12:34:04.186,ACH/USDT:USDT,0.02278,187.0,0.02277,688.0,0.02279,190.0,0.0228,3069.0
1753533244216,12:34:04.216,ACH/USDT:USDT,0.02278,187.0,0.02277,688.0,0.02279,190.0,0.0228,3128.0
1753533244540,12:34:04.540,ACH/USDT:USDT,0.02278,1.0,0.02277,688.0,0.02279,210.0,0.0228,3069.0
1753533246271,12:34:06.271,ACH/USDT:USDT,0.02278,1.0,0.02277,688.0,0.02279,710.0,0.0228,3069.0
1753533246323,12:34:06.323,ACH/USDT:USDT,0.02278,1.0,0.02277,688.0,0.02279,710.0,0.0228,3128.0
1753533246809,12:34:06.809,ACH/USDT:USDT,0.02278,1.0,0.02277,688.0,0.02279,710.0,0.0228,3128.0
1753533247791,12:34:07.791,ACH/USDT:USDT,0.02278,1.0,0.02277,688.0,0.02279,710.0,0.0228,3128.0
1753533248391,12:34:08.391,ACH/USDT:USDT,0.02278,1.0,0.02277,688.0,0.02279,190.0,0.0228,3069.0
1753533248416,12:34:08.416,ACH/USDT:USDT,0.02278,1.0,0.02277,688.0,0.02279,190.0,0.0228,3128.0
1753533251094,12:34:11.094,ACH/USDT:USDT,0.02278,1.0,0.02277,688.0,0.02279,1022.0,0.0228,3069.0
1753533251116,12:34:11.116,ACH/USDT:USDT,0.02278,1.0,0.02277,688.0,0.02279,1022.0,0.0228,3128.0
1753533252271,12:34:12.271,ACH/USDT:USDT,0.02278,1.0,0.02277,688.0,0.02279,1022.0,0.0228,3128.0
1753533252590,12:34:12.590,ACH/USDT:USDT,0.02278,1.0,0.02277,688.0,0.02279,1022.0,0.0228,3128.0
1753533252634,12:34:12.634,ACH/USDT:USDT,0.02278,1.0,0.02277,688.0,0.02279,1022.0,0.0228,3128.0
1753533253840,12:34:13.840,ACH/USDT:USDT,0.02278,1.0,0.02277,688.0,0.02279,1022.0,0.0228,3128.0
1753533253935,12:34:13.935,ACH/USDT:USDT,0.02278,1.0,0.02277,688.0,0.02279,1022.0,0.0228,3128.0
1753533256264,12:34:16.264,ACH/USDT:USDT,0.02278,184.0,0.02277,688.0,0.02279,190.0,0.0228,3069.0
1753533256318,12:34:16.318,ACH/USDT:USDT,0.02278,1.0,0.02277,688.0,0.02279,190.0,0.0228,3128.0
1753533257083,12:34:17.083,ACH/USDT:USDT,0.02278,184.0,0.02277,688.0,0.02279,26.0,0.0228,3069.0
1753533257201,12:34:17.201,ACH/USDT:USDT,0.02278,184.0,0.02277,688.0,0.02279,6.0,0.0228,3069.0
1753533257502,12:34:17.502,ACH/USDT:USDT,0.02278,184.0,0.02277,688.0,0.02279,6.0,0.0228,3069.0
1753533262191,12:34:22.191,ACH/USDT:USDT,0.02278,184.0,0.02277,688.0,0.02279,6.0,0.0228,3069.0
1753533262216,12:34:22.216,ACH/USDT:USDT,0.02278,184.0,0.02277,688.0,0.02279,6.0,0.0228,3128.0
1753533262319,12:34:22.319,ACH/USDT:USDT,0.02278,184.0,0.02277,688.0,0.02279,6.0,0.0228,3128.0
1753533263608,12:34:23.608,ACH/USDT:USDT,0.02278,184.0,0.02277,688.0,0.02279,6.0,0.0228,3128.0
1753533263709,12:34:23.709,ACH/USDT:USDT,0.02278,184.0,0.02277,688.0,0.02279,6.0,0.0228,3128.0
1753533265609,12:34:25.609,ACH/USDT:USDT,0.02278,184.0,0.02277,688.0,0.02279,207.0,0.0228,3069.0
1753533265709,12:34:25.709,ACH/USDT:USDT,0.02278,185.0,0.02277,689.0,0.02279,191.0,0.0228,3069.0
1753533265971,12:34:25.971,ACH/USDT:USDT,0.02278,185.0,0.02277,689.0,0.02279,391.0,0.0228,3069.0
1753533266991,12:34:26.991,ACH/USDT:USDT,0.02278,185.0,0.02277,689.0,0.02279,391.0,0.0228,3069.0
1753533267057,12:34:27.057,ACH/USDT:USDT,0.02278,185.0,0.02277,689.0,0.02279,391.0,0.0228,3069.0
1753533267526,12:34:27.526,ACH/USDT:USDT,0.02278,2.0,0.02277,689.0,0.02279,391.0,0.0228,3069.0
1753533268070,12:34:28.070,ACH/USDT:USDT,0.02278,2.0,0.02277,689.0,0.02279,191.0,0.0228,3069.0
1753533270625,12:34:30.625,ACH/USDT:USDT,0.02278,2.0,0.02277,689.0,0.02279,191.0,0.0228,3069.0
1753533270994,12:34:30.994,ACH/USDT:USDT,0.02278,2.0,0.02277,689.0,0.02279,191.0,0.0228,3069.0
1753533271792,12:34:31.792,ACH/USDT:USDT,0.02278,2.0,0.02277,689.0,0.02279,191.0,0.0228,3069.0
1753533271812,12:34:31.812,ACH/USDT:USDT,0.02278,2.0,0.02277,689.0,0.02279,191.0,0.0228,3069.0
1753533275909,12:34:35.909,ACH/USDT:USDT,0.02278,189.0,0.02277,689.0,0.02279,197.0,0.0228,3069.0
1753533276010,12:34:36.010,ACH/USDT:USDT,0.02278,189.0,0.02277,689.0,0.02279,197.0,0.0228,3069.0
1753533277535,12:34:37.535,ACH/USDT:USDT,0.02278,189.0,0.02277,689.0,0.02279,30.0,0.0228,3069.0
1753533277643,12:34:37.643,ACH/USDT:USDT,0.02278,189.0,0.02277,689.0,0.02279,10.0,0.0228,3069.0
1753533277735,12:34:37.735,ACH/USDT:USDT,0.02278,189.0,0.02277,689.0,0.02279,10.0,0.0228,3069.0
1753533278109,12:34:38.109,ACH/USDT:USDT,0.02278,189.0,0.02277,689.0,0.02279,10.0,0.0228,3069.0
1753533278115,12:34:38.115,ACH/USDT:USDT,0.02278,189.0,0.02277,689.0,0.02279,10.0,0.0228,3128.0
1753533278235,12:34:38.235,ACH/USDT:USDT,0.02278,189.0,0.02277,689.0,0.02279,217.0,0.0228,3069.0
1753533279609,12:34:39.609,ACH/USDT:USDT,0.02278,2.0,0.02277,689.0,0.02279,217.0,0.0228,3069.0
1753533279709,12:34:39.709,ACH/USDT:USDT,0.02278,2.0,0.02277,689.0,0.02279,217.0,0.0228,3128.0
1753533280208,12:34:40.208,ACH/USDT:USDT,0.02278,2.0,0.02277,689.0,0.02279,217.0,0.0228,3128.0
1753533280305,12:34:40.305,ACH/USDT:USDT,0.02278,2.0,0.02277,189.0,0.02279,1029.0,0.0228,3069.0
1753533280353,12:34:40.353,ACH/USDT:USDT,0.02277,191.0,0.02276,687.0,0.02279,1029.0,0.0228,3069.0
1753533280488,12:34:40.488,ACH/USDT:USDT,0.02277,191.0,0.02276,687.0,0.02279,1019.0,0.0228,3063.0
1753533280600,12:34:40.600,ACH/USDT:USDT,0.02277,191.0,0.02276,687.0,0.02279,1019.0,0.0228,3063.0
1753533280696,12:34:40.696,ACH/USDT:USDT,0.02277,191.0,0.02276,687.0,0.02279,1019.0,0.0228,3063.0
1753533280889,12:34:40.889,ACH/USDT:USDT,0.02277,191.0,0.02276,687.0,0.02278,187.0,0.02279,1019.0
1753533280987,12:34:40.987,ACH/USDT:USDT,0.02277,189.0,0.02276,689.0,0.02278,203.0,0.02279,999.0
1753533281019,12:34:41.019,ACH/USDT:USDT,0.02277,189.0,0.02276,689.0,0.02278,203.0,0.02279,1058.0
1753533281115,12:34:41.115,ACH/USDT:USDT,0.02277,189.0,0.02276,689.0,0.02278,203.0,0.02279,999.0
1753533281249,12:34:41.249,ACH/USDT:USDT,0.02277,189.0,0.02276,689.0,0.02278,16.0,0.02279,999.0
1753533281991,12:34:41.991,ACH/USDT:USDT,0.02277,189.0,0.02276,1383.0,0.02278,16.0,0.02279,999.0
1753533282073,12:34:42.073,ACH/USDT:USDT,0.02277,189.0,0.02276,1383.0,0.02278,16.0,0.02279,1058.0
1753533282116,12:34:42.116,ACH/USDT:USDT,0.02277,189.0,0.02276,1383.0,0.02278,16.0,0.02279,999.0
1753533282354,12:34:42.354,ACH/USDT:USDT,0.02277,189.0,0.02276,1383.0,0.02278,16.0,0.02279,999.0
1753533282509,12:34:42.509,ACH/USDT:USDT,0.02276,189.0,0.02275,681.0,0.02278,703.0,0.02279,999.0
1753533282609,12:34:42.609,ACH/USDT:USDT,0.02276,187.0,0.02275,1375.0,0.02278,687.0,0.02279,999.0
1753533282654,12:34:42.654,ACH/USDT:USDT,0.02276,187.0,0.02275,1375.0,0.02278,687.0,0.02279,1058.0
1753533282807,12:34:42.807,ACH/USDT:USDT,0.02276,187.0,0.02275,1375.0,0.02278,687.0,0.02279,7400.0
1753533282908,12:34:42.908,ACH/USDT:USDT,0.02276,187.0,0.02275,1375.0,0.02278,1528.0,0.02279,7400.0
1753533282971,12:34:42.971,ACH/USDT:USDT,0.02276,187.0,0.02275,1375.0,0.02278,1528.0,0.02279,7400.0
1753533283255,12:34:43.255,ACH/USDT:USDT,0.02276,187.0,0.02275,1375.0,0.02278,687.0,0.02279,7400.0
1753533283316,12:34:43.316,ACH/USDT:USDT,0.02276,187.0,0.02275,1375.0,0.02278,687.0,0.02279,7459.0
1753533283674,12:34:43.674,ACH/USDT:USDT,0.02276,187.0,0.02275,1375.0,0.02278,687.0,0.02279,7459.0
1753533286635,12:34:46.635,ACH/USDT:USDT,0.02276,187.0,0.02275,1375.0,0.02278,182.0,0.02279,7400.0
1753533286791,12:34:46.791,ACH/USDT:USDT,0.02276,187.0,0.02275,1375.0,0.02278,182.0,0.02279,7459.0
1753533286945,12:34:46.945,ACH/USDT:USDT,0.02276,187.0,0.02275,1375.0,0.02278,182.0,0.02279,7459.0
1753533288333,12:34:48.333,ACH/USDT:USDT,0.02276,187.0,0.02275,1375.0,0.02278,182.0,0.02279,7459.0
1753533288731,12:34:48.731,ACH/USDT:USDT,0.02276,187.0,0.02275,1375.0,0.02279,7459.0,0.0228,690.0
1753533288848,12:34:48.848,ACH/USDT:USDT,0.02277,2.0,0.02276,187.0,0.02278,37.0,0.02279,7400.0
1753533289008,12:34:49.008,ACH/USDT:USDT,0.02277,184.0,0.02276,187.0,0.02278,17.0,0.02279,7400.0
1753533289052,12:34:49.052,ACH/USDT:USDT,0.02277,184.0,0.02276,187.0,0.02278,17.0,0.02279,7400.0
1753533289608,12:34:49.608,ACH/USDT:USDT,0.02277,184.0,0.02276,187.0,0.02278,17.0,0.02279,7400.0
1753533289619,12:34:49.619,ACH/USDT:USDT,0.02277,184.0,0.02276,187.0,0.02278,17.0,0.02279,7459.0
1753533289784,12:34:49.784,ACH/USDT:USDT,0.02277,184.0,0.02276,187.0,0.02278,17.0,0.02279,7459.0
1753533291591,12:34:51.591,ACH/USDT:USDT,0.02277,184.0,0.02276,187.0,0.02278,17.0,0.02279,7459.0
1753533293492,12:34:53.492,ACH/USDT:USDT,0.02277,184.0,0.02276,187.0,0.02278,17.0,0.02279,7459.0
1753533293586,12:34:53.586,ACH/USDT:USDT,0.02277,184.0,0.02276,187.0,0.02278,223.0,0.02279,7400.0
1753533293636,12:34:53.636,ACH/USDT:USDT,0.02277,184.0,0.02276,187.0,0.02278,203.0,0.02279,7400.0
1753533294274,12:34:54.274,ACH/USDT:USDT,0.02277,184.0,0.02276,187.0,0.02278,37.0,0.02279,7400.0
1753533294332,12:34:54.332,ACH/USDT:USDT,0.02277,184.0,0.02276,187.0,0.02278,17.0,0.02279,7459.0
1753533295178,12:34:55.178,ACH/USDT:USDT,0.02277,184.0,0.02276,187.0,0.02278,37.0,0.02279,6588.0
1753533295216,12:34:55.216,ACH/USDT:USDT,0.02277,184.0,0.02276,187.0,0.02278,37.0,0.02279,6647.0
1753533296026,12:34:56.026,ACH/USDT:USDT,0.02277,184.0,0.02276,187.0,0.02278,37.0,0.02279,6647.0
1753533296391,12:34:56.391,ACH/USDT:USDT,0.02277,184.0,0.02276,187.0,0.02278,37.0,0.02279,6647.0
1753533296412,12:34:56.412,ACH/USDT:USDT,0.02277,184.0,0.02276,187.0,0.02278,37.0,0.02279,6647.0
1753533296868,12:34:56.868,ACH/USDT:USDT,0.02277,184.0,0.02276,187.0,0.02278,37.0,0.02279,6647.0
1753533297807,12:34:57.807,ACH/USDT:USDT,0.02277,684.0,0.02276,187.0,0.02278,37.0,0.02279,187.0
1753533297844,12:34:57.844,ACH/USDT:USDT,0.02277,684.0,0.02276,187.0,0.02278,17.0,0.02279,187.0
1753533298209,12:34:58.209,ACH/USDT:USDT,0.02277,684.0,0.02276,187.0,0.02278,17.0,0.0228,3058.0
1753533298309,12:34:58.309,ACH/USDT:USDT,0.02278,186.0,0.02277,684.0,0.02279,203.0,0.0228,3117.0
1753533298318,12:34:58.318,ACH/USDT:USDT,0.02278,186.0,0.02277,684.0,0.02279,203.0,0.0228,3117.0
1753533298646,12:34:58.646,ACH/USDT:USDT,0.02278,186.0,0.02277,684.0,0.02279,203.0,0.0228,3117.0
1753533299458,12:34:59.458,ACH/USDT:USDT,0.02278,186.0,0.02277,684.0,0.02279,203.0,0.0228,3117.0
1753533299870,12:34:59.870,ACH/USDT:USDT,0.02278,186.0,0.02277,684.0,0.02279,203.0,0.0228,3117.0
1753533300071,12:35:00.071,ACH/USDT:USDT,0.02278,186.0,0.02277,684.0,0.02279,37.0,0.0228,3058.0
1753533300193,12:35:00.193,ACH/USDT:USDT,0.02278,186.0,0.02277,684.0,0.02279,203.0,0.0228,3058.0
1753533300291,12:35:00.291,ACH/USDT:USDT,0.02277,684.0,0.02276,187.0,0.02279,203.0,0.0228,3058.0
1753533300404,12:35:00.404,ACH/USDT:USDT,0.02277,682.0,0.02276,187.0,0.02279,186.0,0.0228,3058.0
1753533300434,12:35:00.434,ACH/USDT:USDT,0.02277,682.0,0.02276,187.0,0.02279,186.0,0.0228,3058.0
1753533300536,12:35:00.536,ACH/USDT:USDT,0.02277,682.0,0.02276,187.0,0.02279,186.0,0.0228,3058.0
1753533300693,12:35:00.693,ACH/USDT:USDT,0.02277,682.0,0.02276,187.0,0.02279,186.0,0.0228,3058.0
1753533301191,12:35:01.191,ACH/USDT:USDT,0.02277,682.0,0.02276,187.0,0.02279,186.0,0.0228,3058.0
1753533301427,12:35:01.427,ACH/USDT:USDT,0.02276,187.0,0.02275,1375.0,0.02279,186.0,0.0228,3058.0
1753533301598,12:35:01.598,ACH/USDT:USDT,0.02277,188.0,0.02276,187.0,0.02278,17.0,0.02279,186.0
1753533301685,12:35:01.685,ACH/USDT:USDT,0.02277,188.0,0.02276,187.0,0.02278,17.0,0.02279,186.0
1753533301919,12:35:01.919,ACH/USDT:USDT,0.02277,188.0,0.02276,187.0,0.02278,203.0,0.02279,186.0
1753533302057,12:35:02.057,ACH/USDT:USDT,0.02277,188.0,0.02276,187.0,0.02278,203.0,0.02279,186.0
1753533302379,12:35:02.379,ACH/USDT:USDT,0.02277,188.0,0.02276,187.0,0.02278,203.0,0.02279,186.0
1753533302468,12:35:02.468,ACH/USDT:USDT,0.02277,188.0,0.02276,187.0,0.02278,17.0,0.02279,186.0
1753533302699,12:35:02.699,ACH/USDT:USDT,0.02277,188.0,0.02276,187.0,0.02278,17.0,0.02279,186.0
1753533302797,12:35:02.797,ACH/USDT:USDT,0.02277,2.0,0.02276,187.0,0.02278,17.0,0.02279,998.0
1753533302893,12:35:02.893,ACH/USDT:USDT,0.02277,2.0,0.02276,187.0,0.02278,17.0,0.02279,998.0
1753533303009,12:35:03.009,ACH/USDT:USDT,0.02277,2.0,0.02276,187.0,0.02278,205.0,0.02279,7396.0
1753533303074,12:35:03.074,ACH/USDT:USDT,0.02277,2.0,0.02276,187.0,0.02278,205.0,0.02279,7396.0
1753533303110,12:35:03.110,ACH/USDT:USDT,0.02277,2.0,0.02276,187.0,0.02278,205.0,0.02279,7396.0
1753533303553,12:35:03.553,ACH/USDT:USDT,0.02277,190.0,0.02276,187.0,0.02278,205.0,0.02279,7396.0
1753533304226,12:35:04.226,ACH/USDT:USDT,0.02277,2.0,0.02276,187.0,0.02278,205.0,0.02279,7396.0
1753533305302,12:35:05.302,ACH/USDT:USDT,0.02277,2.0,0.02276,187.0,0.02278,205.0,0.02279,7396.0
1753533305992,12:35:05.992,ACH/USDT:USDT,0.02277,2.0,0.02276,187.0,0.02278,205.0,0.02279,7396.0
1753533306012,12:35:06.012,ACH/USDT:USDT,0.02277,2.0,0.02276,187.0,0.02278,205.0,0.02279,7396.0
1753533306316,12:35:06.316,ACH/USDT:USDT,0.02277,2.0,0.02276,187.0,0.02278,205.0,0.02279,7396.0
1753533306855,12:35:06.855,ACH/USDT:USDT,0.02277,2.0,0.02276,187.0,0.02278,205.0,0.02279,7396.0
1753533307362,12:35:07.362,ACH/USDT:USDT,0.02277,2.0,0.02276,187.0,0.02278,205.0,0.02279,7396.0
1753533308385,12:35:08.385,ACH/USDT:USDT,0.02277,2.0,0.02276,187.0,0.02278,205.0,0.02279,7396.0
1753533308905,12:35:08.905,ACH/USDT:USDT,0.02277,2.0,0.02276,187.0,0.02278,205.0,0.02279,7396.0
1753533309920,12:35:09.920,ACH/USDT:USDT,0.02277,2.0,0.02276,187.0,0.02278,205.0,0.02279,7396.0
1753533310792,12:35:10.792,ACH/USDT:USDT,0.02277,2.0,0.02276,187.0,0.02278,205.0,0.02279,7396.0
1753533310815,12:35:10.815,ACH/USDT:USDT,0.02277,2.0,0.02276,187.0,0.02278,205.0,0.02279,7455.0
1753533310954,12:35:10.954,ACH/USDT:USDT,0.02277,2.0,0.02276,187.0,0.02278,205.0,0.02279,7455.0
1753533311463,12:35:11.463,ACH/USDT:USDT,0.02277,2.0,0.02276,187.0,0.02278,205.0,0.02279,7455.0
1753533312559,12:35:12.559,ACH/USDT:USDT,0.02277,2.0,0.02276,187.0,0.02278,205.0,0.02279,7455.0
1753533312627,12:35:12.627,ACH/USDT:USDT,0.02277,2.0,0.02276,187.0,0.02278,205.0,0.02279,7455.0
1753533313006,12:35:13.006,ACH/USDT:USDT,0.02277,2.0,0.02276,187.0,0.02278,205.0,0.02279,7455.0
1753533313535,12:35:13.535,ACH/USDT:USDT,0.02277,2.0,0.02276,187.0,0.02278,205.0,0.02279,7455.0
1753533313622,12:35:13.622,ACH/USDT:USDT,0.02277,2.0,0.02276,187.0,0.02278,205.0,0.02279,7455.0
1753533314036,12:35:14.036,ACH/USDT:USDT,0.02277,2.0,0.02276,187.0,0.02278,205.0,0.02279,7455.0
1753533314348,12:35:14.348,ACH/USDT:USDT,0.02277,2.0,0.02276,187.0,0.02278,205.0,0.02279,7455.0
1753533314556,12:35:14.556,ACH/USDT:USDT,0.02277,2.0,0.02276,187.0,0.02278,205.0,0.02279,7455.0
1753533315022,12:35:15.022,ACH/USDT:USDT,0.02277,2.0,0.02276,187.0,0.02278,205.0,0.02279,7455.0
1753533315465,12:35:15.465,ACH/USDT:USDT,0.02277,2.0,0.02276,187.0,0.02278,205.0,0.02279,7455.0
1753533315592,12:35:15.592,ACH/USDT:USDT,0.02277,2.0,0.02276,187.0,0.02278,205.0,0.02279,7455.0
1753533315966,12:35:15.966,ACH/USDT:USDT,0.02277,2.0,0.02276,187.0,0.02278,205.0,0.02279,7455.0
1753533316406,12:35:16.406,ACH/USDT:USDT,0.02277,2.0,0.02276,187.0,0.02278,205.0,0.02279,7455.0
1753533316866,12:35:16.866,ACH/USDT:USDT,0.02277,2.0,0.02276,187.0,0.02278,205.0,0.02279,7455.0
1753533317354,12:35:17.354,ACH/USDT:USDT,0.02277,2.0,0.02276,187.0,0.02278,205.0,0.02279,7455.0
1753533317864,12:35:17.864,ACH/USDT:USDT,0.02277,2.0,0.02276,187.0,0.02278,205.0,0.02279,7455.0
1753533318436,12:35:18.436,ACH/USDT:USDT,0.02277,2.0,0.02276,187.0,0.02278,205.0,0.02279,7455.0
1753533319409,12:35:19.409,ACH/USDT:USDT,0.02277,2.0,0.02276,187.0,0.02278,205.0,0.02279,7455.0
1753533319970,12:35:19.970,ACH/USDT:USDT,0.02277,2.0,0.02276,187.0,0.02278,205.0,0.02279,7455.0
1753533320392,12:35:20.392,ACH/USDT:USDT,0.02277,2.0,0.02276,187.0,0.02278,205.0,0.02279,7455.0
1753533320952,12:35:20.952,ACH/USDT:USDT,0.02277,2.0,0.02276,187.0,0.02278,205.0,0.02279,7455.0
1753533322934,12:35:22.934,ACH/USDT:USDT,0.02277,2.0,0.02276,187.0,0.02278,205.0,0.02279,7455.0
1753533323963,12:35:23.963,ACH/USDT:USDT,0.02277,2.0,0.02276,187.0,0.02278,205.0,0.02279,7455.0
1753533324463,12:35:24.463,ACH/USDT:USDT,0.02277,2.0,0.02276,187.0,0.02278,725.0,0.02279,7396.0
1753533324520,12:35:24.520,ACH/USDT:USDT,0.02277,2.0,0.02276,187.0,0.02278,725.0,0.02279,7455.0
1753533324960,12:35:24.960,ACH/USDT:USDT,0.02277,2.0,0.02276,187.0,0.02278,725.0,0.02279,7455.0
1753533325192,12:35:25.192,ACH/USDT:USDT,0.02277,2.0,0.02276,187.0,0.02278,725.0,0.02279,7455.0
1753533325212,12:35:25.212,ACH/USDT:USDT,0.02277,2.0,0.02276,187.0,0.02278,725.0,0.02279,7455.0
1753533326055,12:35:26.055,ACH/USDT:USDT,0.02277,2.0,0.02276,187.0,0.02278,725.0,0.02279,7455.0
1753533326549,12:35:26.549,ACH/USDT:USDT,0.02277,2.0,0.02276,187.0,0.02278,205.0,0.02279,7396.0
1753533326658,12:35:26.658,ACH/USDT:USDT,0.02277,2.0,0.02276,187.0,0.02278,205.0,0.02279,7455.0
1753533326998,12:35:26.998,ACH/USDT:USDT,0.02277,2.0,0.02276,187.0,0.02278,205.0,0.02279,7455.0
1753533329095,12:35:29.095,ACH/USDT:USDT,0.02277,2.0,0.02276,187.0,0.02278,205.0,0.02279,7455.0
1753533329564,12:35:29.564,ACH/USDT:USDT,0.02277,2.0,0.02276,187.0,0.02278,205.0,0.02279,7455.0
1753533329994,12:35:29.994,ACH/USDT:USDT,0.02277,2.0,0.02276,187.0,0.02278,205.0,0.02279,7455.0
1753533332397,12:35:32.397,ACH/USDT:USDT,0.02277,2.0,0.02276,187.0,0.02278,205.0,0.02279,7455.0
1753533332548,12:35:32.548,ACH/USDT:USDT,0.02277,2.0,0.02276,187.0,0.02278,225.0,0.02279,6584.0
1753533332701,12:35:32.701,ACH/USDT:USDT,0.02277,2.0,0.02276,187.0,0.02278,205.0,0.02279,6584.0
1753533332901,12:35:32.901,ACH/USDT:USDT,0.02277,2.0,0.02276,187.0,0.02278,205.0,0.02279,6584.0
1753533332997,12:35:32.997,ACH/USDT:USDT,0.02277,2.0,0.02276,187.0,0.02278,205.0,0.02279,6584.0
1753533333474,12:35:33.474,ACH/USDT:USDT,0.02277,2.0,0.02276,192.0,0.02278,225.0,0.02279,6584.0
1753533333520,12:35:33.520,ACH/USDT:USDT,0.02277,2.0,0.02276,192.0,0.02278,205.0,0.02279,6643.0
1753533333628,12:35:33.628,ACH/USDT:USDT,0.02277,188.0,0.02276,192.0,0.02278,205.0,0.02279,6584.0
1753533334164,12:35:34.164,ACH/USDT:USDT,0.02277,188.0,0.02276,192.0,0.02278,205.0,0.02279,6584.0
1753533334217,12:35:34.217,ACH/USDT:USDT,0.02277,188.0,0.02276,192.0,0.02278,205.0,0.02279,6643.0
1753533334793,12:35:34.793,ACH/USDT:USDT,0.02277,188.0,0.02276,192.0,0.02278,205.0,0.02279,6643.0
1753533334946,12:35:34.946,ACH/USDT:USDT,0.02277,188.0,0.02276,187.0,0.02278,205.0,0.02279,6643.0
1753533335369,12:35:35.369,ACH/USDT:USDT,0.02277,188.0,0.02276,187.0,0.02278,725.0,0.02279,6584.0
1753533335482,12:35:35.482,ACH/USDT:USDT,0.02277,2.0,0.02276,187.0,0.02278,725.0,0.02279,6584.0
1753533335987,12:35:35.987,ACH/USDT:USDT,0.02277,2.0,0.02276,187.0,0.02278,725.0,0.02279,6584.0
1753533336052,12:35:36.052,ACH/USDT:USDT,0.02277,2.0,0.02276,187.0,0.02278,725.0,0.02279,6643.0
1753533336146,12:35:36.146,ACH/USDT:USDT,0.02277,2.0,0.02276,187.0,0.02278,725.0,0.02279,6584.0
1753533336293,12:35:36.293,ACH/USDT:USDT,0.02277,188.0,0.02276,187.0,0.02278,725.0,0.02279,6584.0
1753533337462,12:35:37.462,ACH/USDT:USDT,0.02277,188.0,0.02276,187.0,0.02278,205.0,0.02279,6584.0
1753533337515,12:35:37.515,ACH/USDT:USDT,0.02277,188.0,0.02276,187.0,0.02278,205.0,0.02279,6643.0
1753533338299,12:35:38.299,ACH/USDT:USDT,0.02277,188.0,0.02276,187.0,0.02278,17.0,0.02279,6643.0
1753533338373,12:35:38.373,ACH/USDT:USDT,0.02277,188.0,0.02276,187.0,0.02278,37.0,0.02279,6584.0
1753533338422,12:35:38.422,ACH/USDT:USDT,0.02277,188.0,0.02276,187.0,0.02278,37.0,0.02279,6643.0
1753533338609,12:35:38.609,ACH/USDT:USDT,0.02277,188.0,0.02276,187.0,0.02278,37.0,0.02279,245.0
1753533338615,12:35:38.615,ACH/USDT:USDT,0.02277,188.0,0.02276,187.0,0.02278,37.0,0.02279,186.0
1753533339592,12:35:39.592,ACH/USDT:USDT,0.02277,188.0,0.02276,187.0,0.02278,37.0,0.02279,186.0
1753533339617,12:35:39.617,ACH/USDT:USDT,0.02277,188.0,0.02276,187.0,0.02278,37.0,0.02279,245.0
1753533339723,12:35:39.723,ACH/USDT:USDT,0.02277,188.0,0.02276,187.0,0.02278,37.0,0.02279,186.0
1753533340116,12:35:40.116,ACH/USDT:USDT,0.02277,188.0,0.02276,192.0,0.02278,37.0,0.02279,186.0
1753533340218,12:35:40.218,ACH/USDT:USDT,0.02277,188.0,0.02276,192.0,0.02278,37.0,0.02279,245.0
1753533340409,12:35:40.409,ACH/USDT:USDT,0.02277,188.0,0.02276,192.0,0.02278,37.0,0.02279,186.0
1753533340432,12:35:40.432,ACH/USDT:USDT,0.02277,188.0,0.02276,192.0,0.02278,37.0,0.02279,186.0
1753533341192,12:35:41.192,ACH/USDT:USDT,0.02277,188.0,0.02276,192.0,0.02278,37.0,0.02279,186.0
1753533341215,12:35:41.215,ACH/USDT:USDT,0.02277,188.0,0.02276,192.0,0.02278,37.0,0.02279,245.0
1753533341315,12:35:41.315,ACH/USDT:USDT,0.02277,188.0,0.02276,192.0,0.02278,37.0,0.02279,186.0
1753533341720,12:35:41.720,ACH/USDT:USDT,0.02277,188.0,0.02276,192.0,0.02278,37.0,0.02279,186.0
1753533341818,12:35:41.818,ACH/USDT:USDT,0.02277,188.0,0.02276,192.0,0.02278,37.0,0.02279,245.0
1753533341915,12:35:41.915,ACH/USDT:USDT,0.02277,188.0,0.02276,192.0,0.02278,37.0,0.02279,186.0
1753533342109,12:35:42.109,ACH/USDT:USDT,0.02277,188.0,0.02276,192.0,0.02278,37.0,0.02279,186.0
1753533342126,12:35:42.126,ACH/USDT:USDT,0.02277,188.0,0.02276,187.0,0.02278,37.0,0.02279,186.0
1753533342308,12:35:42.308,ACH/USDT:USDT,0.02277,688.0,0.02276,187.0,0.02278,17.0,0.02279,186.0
1753533342507,12:35:42.507,ACH/USDT:USDT,0.02277,688.0,0.02276,187.0,0.02278,17.0,0.02279,186.0
1753533342609,12:35:42.609,ACH/USDT:USDT,0.02277,688.0,0.02276,187.0,0.02278,17.0,0.02279,186.0
1753533342709,12:35:42.709,ACH/USDT:USDT,0.02277,688.0,0.02276,187.0,0.02278,17.0,0.02279,186.0
1753533343180,12:35:43.180,ACH/USDT:USDT,0.02277,688.0,0.02276,187.0,0.02278,17.0,0.02279,186.0
1753533343218,12:35:43.218,ACH/USDT:USDT,0.02277,688.0,0.02276,187.0,0.02278,17.0,0.02279,245.0
1753533343317,12:35:43.317,ACH/USDT:USDT,0.02277,688.0,0.02276,187.0,0.02278,17.0,0.02279,186.0
1753533343434,12:35:43.434,ACH/USDT:USDT,0.02277,688.0,0.02276,187.0,0.02278,17.0,0.02279,186.0
1753533344394,12:35:44.394,ACH/USDT:USDT,0.02277,688.0,0.02276,187.0,0.02278,17.0,0.02279,186.0
1753533344418,12:35:44.418,ACH/USDT:USDT,0.02277,688.0,0.02276,187.0,0.02278,17.0,0.02279,245.0
1753533344517,12:35:44.517,ACH/USDT:USDT,0.02277,688.0,0.02276,187.0,0.02278,17.0,0.02279,186.0
1753533345514,12:35:45.514,ACH/USDT:USDT,0.02277,688.0,0.02276,187.0,0.02278,17.0,0.02279,186.0
1753533345617,12:35:45.617,ACH/USDT:USDT,0.02277,688.0,0.02276,187.0,0.02278,17.0,0.02279,245.0
1753533345758,12:35:45.758,ACH/USDT:USDT,0.02277,688.0,0.02276,187.0,0.02278,199.0,0.02279,186.0
1753533346224,12:35:46.224,ACH/USDT:USDT,0.02277,688.0,0.02276,187.0,0.02278,199.0,0.02279,186.0
1753533347013,12:35:47.013,ACH/USDT:USDT,0.02277,688.0,0.02276,187.0,0.02278,199.0,0.02279,186.0
1753533347152,12:35:47.152,ACH/USDT:USDT,0.02277,688.0,0.02276,187.0,0.02278,199.0,0.02279,186.0
1753533347571,12:35:47.571,ACH/USDT:USDT,0.02277,2.0,0.02276,187.0,0.02278,199.0,0.02279,186.0
1753533347634,12:35:47.634,ACH/USDT:USDT,0.02277,2.0,0.02276,187.0,0.02278,199.0,0.02279,998.0
1753533347712,12:35:47.712,ACH/USDT:USDT,0.02277,2.0,0.02276,187.0,0.02278,199.0,0.02279,1943.0
1753533348017,12:35:48.017,ACH/USDT:USDT,0.02277,2.0,0.02276,187.0,0.02278,199.0,0.02279,1943.0
1753533348549,12:35:48.549,ACH/USDT:USDT,0.02277,2.0,0.02276,187.0,0.02278,199.0,0.02279,1943.0
1753533349193,12:35:49.193,ACH/USDT:USDT,0.02277,2.0,0.02276,187.0,0.02278,199.0,0.02279,1943.0
1753533349212,12:35:49.212,ACH/USDT:USDT,0.02277,2.0,0.02276,187.0,0.02278,199.0,0.02279,1943.0
1753533349547,12:35:49.547,ACH/USDT:USDT,0.02277,2.0,0.02276,187.0,0.02278,199.0,0.02279,1943.0
1753533350595,12:35:50.595,ACH/USDT:USDT,0.02277,184.0,0.02276,187.0,0.02278,17.0,0.02279,998.0
1753533350709,12:35:50.709,ACH/USDT:USDT,0.02277,184.0,0.02276,187.0,0.02278,199.0,0.02279,998.0
1753533350735,12:35:50.735,ACH/USDT:USDT,0.02277,184.0,0.02276,187.0,0.02278,199.0,0.02279,998.0
1753533351232,12:35:51.232,ACH/USDT:USDT,0.02277,184.0,0.02276,187.0,0.02278,199.0,0.02279,998.0
1753533351820,12:35:51.820,ACH/USDT:USDT,0.02277,184.0,0.02276,187.0,0.02278,199.0,0.02279,998.0
1753533352101,12:35:52.101,ACH/USDT:USDT,0.02277,184.0,0.02276,187.0,0.02278,199.0,0.02279,998.0
1753533352295,12:35:52.295,ACH/USDT:USDT,0.02277,184.0,0.02276,187.0,0.02278,17.0,0.02279,998.0
1753533352505,12:35:52.505,ACH/USDT:USDT,0.02277,184.0,0.02276,187.0,0.02278,17.0,0.02279,186.0
1753533352608,12:35:52.608,ACH/USDT:USDT,0.02277,184.0,0.02276,187.0,0.02278,17.0,0.02279,186.0
1753533352709,12:35:52.709,ACH/USDT:USDT,0.02277,184.0,0.02276,187.0,0.02278,17.0,0.02279,186.0
1753533353095,12:35:53.095,ACH/USDT:USDT,0.02277,184.0,0.02276,187.0,0.02278,17.0,0.02279,186.0
1753533353369,12:35:53.369,ACH/USDT:USDT,0.02277,184.0,0.02276,187.0,0.02278,17.0,0.02279,186.0
1753533353532,12:35:53.532,ACH/USDT:USDT,0.02277,184.0,0.02276,187.0,0.02278,17.0,0.02279,186.0
1753533353993,12:35:53.993,ACH/USDT:USDT,0.02277,184.0,0.02276,187.0,0.02278,17.0,0.02279,186.0
1753533356650,12:35:56.650,ACH/USDT:USDT,0.02277,184.0,0.02276,187.0,0.02278,17.0,0.02279,186.0
1753533356732,12:35:56.732,ACH/USDT:USDT,0.02277,184.0,0.02276,187.0,0.02278,17.0,0.02279,245.0
1753533356817,12:35:56.817,ACH/USDT:USDT,0.02277,184.0,0.02276,187.0,0.02278,17.0,0.02279,186.0
1753533358794,12:35:58.794,ACH/USDT:USDT,0.02277,184.0,0.02276,187.0,0.02278,17.0,0.02279,186.0
1753533358817,12:35:58.817,ACH/USDT:USDT,0.02277,184.0,0.02276,187.0,0.02278,17.0,0.02279,245.0
1753533358917,12:35:58.917,ACH/USDT:USDT,0.02277,184.0,0.02276,187.0,0.02278,17.0,0.02279,186.0
1753533359180,12:35:59.180,ACH/USDT:USDT,0.02277,184.0,0.02276,187.0,0.02278,17.0,0.02279,186.0
1753533359716,12:35:59.716,ACH/USDT:USDT,0.02277,184.0,0.02276,187.0,0.02278,17.0,0.02279,186.0
1753533359818,12:35:59.818,ACH/USDT:USDT,0.02277,184.0,0.02276,187.0,0.02278,17.0,0.02279,245.0
1753533359917,12:35:59.917,ACH/USDT:USDT,0.02277,184.0,0.02276,187.0,0.02278,17.0,0.02279,186.0
1753533360940,12:36:00.940,ACH/USDT:USDT,0.02277,184.0,0.02276,187.0,0.02278,17.0,0.02279,186.0
1753533361018,12:36:01.018,ACH/USDT:USDT,0.02277,184.0,0.02276,187.0,0.02278,17.0,0.02279,245.0
1753533361117,12:36:01.117,ACH/USDT:USDT,0.02277,184.0,0.02276,187.0,0.02278,17.0,0.02279,186.0
1753533361262,12:36:01.262,ACH/USDT:USDT,0.02277,184.0,0.02276,187.0,0.02278,17.0,0.02279,186.0
1753533361641,12:36:01.641,ACH/USDT:USDT,0.02277,184.0,0.02276,187.0,0.02278,17.0,0.02279,186.0
1753533361718,12:36:01.718,ACH/USDT:USDT,0.02277,184.0,0.02276,187.0,0.02278,17.0,0.02279,245.0
1753533361823,12:36:01.823,ACH/USDT:USDT,0.02277,184.0,0.02276,187.0,0.02278,17.0,0.02279,186.0
1753533363593,12:36:03.593,ACH/USDT:USDT,0.02277,184.0,0.02276,187.0,0.02278,17.0,0.02279,186.0
1753533363616,12:36:03.616,ACH/USDT:USDT,0.02277,184.0,0.02276,187.0,0.02278,17.0,0.02279,245.0
1753533363716,12:36:03.716,ACH/USDT:USDT,0.02277,184.0,0.02276,187.0,0.02278,17.0,0.02279,186.0
1753533364204,12:36:04.204,ACH/USDT:USDT,0.02277,184.0,0.02276,187.0,0.02278,17.0,0.0228,7085.0
1753533364254,12:36:04.254,ACH/USDT:USDT,0.02278,182.0,0.02277,184.0,0.02279,219.0,0.0228,7144.0
1753533364448,12:36:04.448,ACH/USDT:USDT,0.02278,182.0,0.02277,184.0,0.02279,219.0,0.0228,7144.0
1753533364606,12:36:04.606,ACH/USDT:USDT,0.02277,184.0,0.02276,187.0,0.02279,219.0,0.0228,7085.0
1753533364649,12:36:04.649,ACH/USDT:USDT,0.02277,182.0,0.02276,1385.0,0.02279,202.0,0.0228,7085.0
1753533364717,12:36:04.717,ACH/USDT:USDT,0.02277,182.0,0.02276,1385.0,0.02279,202.0,0.0228,7144.0
1753533364871,12:36:04.871,ACH/USDT:USDT,0.02277,182.0,0.02276,1385.0,0.02279,202.0,0.0228,7144.0
1753533365140,12:36:05.140,ACH/USDT:USDT,0.02277,182.0,0.02276,1385.0,0.02279,202.0,0.0228,7144.0
1753533365847,12:36:05.847,ACH/USDT:USDT,0.02277,182.0,0.02276,1385.0,0.02279,202.0,0.0228,749.0
1753533365992,12:36:05.992,ACH/USDT:USDT,0.02277,182.0,0.02276,1385.0,0.02279,202.0,0.0228,690.0
1753533366096,12:36:06.096,ACH/USDT:USDT,0.02278,182.0,0.02277,682.0,0.02279,182.0,0.0228,690.0
1753533366167,12:36:06.167,ACH/USDT:USDT,0.02278,184.0,0.02277,682.0,0.02279,199.0,0.0228,690.0
1753533366381,12:36:06.381,ACH/USDT:USDT,0.02278,184.0,0.02277,682.0,0.02279,199.0,0.0228,690.0
1753533366502,12:36:06.502,ACH/USDT:USDT,0.02278,184.0,0.02277,682.0,0.02279,199.0,0.0228,690.0
1753533366641,12:36:06.641,ACH/USDT:USDT,0.02278,2.0,0.02277,682.0,0.02279,219.0,0.0228,690.0
1753533366721,12:36:06.721,ACH/USDT:USDT,0.02278,2.0,0.02277,682.0,0.02279,199.0,0.0228,749.0
1753533366899,12:36:06.899,ACH/USDT:USDT,0.02278,184.0,0.02277,682.0,0.02279,199.0,0.0228,690.0
1753533366924,12:36:06.924,ACH/USDT:USDT,0.02278,184.0,0.02277,682.0,0.02279,199.0,0.0228,690.0
1753533367126,12:36:07.126,ACH/USDT:USDT,0.02278,184.0,0.02277,682.0,0.02279,199.0,0.0228,690.0
1753533367352,12:36:07.352,ACH/USDT:USDT,0.02278,184.0,0.02277,682.0,0.02279,37.0,0.0228,690.0
1753533367416,12:36:07.416,ACH/USDT:USDT,0.02278,184.0,0.02277,682.0,0.02279,37.0,0.0228,749.0
1753533367516,12:36:07.516,ACH/USDT:USDT,0.02278,184.0,0.02277,682.0,0.02279,37.0,0.0228,690.0
1753533367672,12:36:07.672,ACH/USDT:USDT,0.02278,184.0,0.02277,682.0,0.02279,37.0,0.0228,690.0
1753533368003,12:36:08.003,ACH/USDT:USDT,0.02278,184.0,0.02277,682.0,0.02279,37.0,0.0228,690.0
1753533368016,12:36:08.016,ACH/USDT:USDT,0.02278,184.0,0.02277,1597.0,0.02279,37.0,0.0228,749.0
1753533368168,12:36:08.168,ACH/USDT:USDT,0.02278,184.0,0.02277,1597.0,0.02279,37.0,0.0228,690.0
1753533368296,12:36:08.296,ACH/USDT:USDT,0.02278,184.0,0.02277,1597.0,0.02279,37.0,0.0228,690.0
1753533368393,12:36:08.393,ACH/USDT:USDT,0.02278,184.0,0.02277,1597.0,0.02279,37.0,0.0228,690.0
1753533368656,12:36:08.656,ACH/USDT:USDT,0.02278,184.0,0.02277,1597.0,0.02279,37.0,0.0228,690.0
1753533368719,12:36:08.719,ACH/USDT:USDT,0.02278,184.0,0.02277,1597.0,0.02279,37.0,0.0228,749.0
1753533368815,12:36:08.815,ACH/USDT:USDT,0.02278,184.0,0.02277,1597.0,0.02279,37.0,0.0228,690.0
1753533369040,12:36:09.040,ACH/USDT:USDT,0.02278,184.0,0.02277,1597.0,0.02279,37.0,0.0228,690.0
1753533369235,12:36:09.235,ACH/USDT:USDT,0.02278,184.0,0.02277,1597.0,0.02279,199.0,0.0228,690.0
1753533369367,12:36:09.367,ACH/USDT:USDT,0.02278,184.0,0.02277,1597.0,0.02279,199.0,0.0228,749.0
1753533369416,12:36:09.416,ACH/USDT:USDT,0.02278,184.0,0.02277,1597.0,0.02279,199.0,0.0228,690.0
1753533369688,12:36:09.688,ACH/USDT:USDT,0.02278,184.0,0.02277,1597.0,0.02279,199.0,0.0228,690.0
1753533370309,12:36:10.309,ACH/USDT:USDT,0.02278,184.0,0.02277,1597.0,0.02279,17.0,0.0228,690.0
1753533370372,12:36:10.372,ACH/USDT:USDT,0.02278,184.0,0.02277,1597.0,0.02279,17.0,0.0228,690.0
1753533372734,12:36:12.734,ACH/USDT:USDT,0.02278,184.0,0.02277,1597.0,0.02279,17.0,0.0228,690.0
1753533372824,12:36:12.824,ACH/USDT:USDT,0.02278,184.0,0.02277,1597.0,0.02279,17.0,0.0228,690.0
1753533373194,12:36:13.194,ACH/USDT:USDT,0.02278,184.0,0.02277,1597.0,0.02279,17.0,0.0228,690.0
1753533373652,12:36:13.652,ACH/USDT:USDT,0.02278,184.0,0.02277,1597.0,0.02279,17.0,0.0228,690.0
1753533373774,12:36:13.774,ACH/USDT:USDT,0.02278,184.0,0.02277,1597.0,0.02279,17.0,0.0228,690.0
1753533373908,12:36:13.908,ACH/USDT:USDT,0.02278,184.0,0.02277,1597.0,0.02279,17.0,0.0228,690.0
1753533373911,12:36:13.911,ACH/USDT:USDT,0.02278,184.0,0.02277,1597.0,0.02279,17.0,0.0228,690.0
1753533374145,12:36:14.145,ACH/USDT:USDT,0.02278,184.0,0.02277,1597.0,0.02279,17.0,0.0228,690.0
1753533374366,12:36:14.366,ACH/USDT:USDT,0.02278,184.0,0.02277,1597.0,0.02279,17.0,0.0228,690.0
1753533375329,12:36:15.329,ACH/USDT:USDT,0.02278,184.0,0.02277,1597.0,0.02279,17.0,0.0228,690.0
1753533376001,12:36:16.001,ACH/USDT:USDT,0.02278,184.0,0.02277,1597.0,0.02279,17.0,0.0228,690.0
1753533376012,12:36:16.012,ACH/USDT:USDT,0.02278,184.0,0.02277,1597.0,0.02279,17.0,0.0228,690.0
1753533377993,12:36:17.993,ACH/USDT:USDT,0.02278,184.0,0.02277,1597.0,0.02279,17.0,0.0228,690.0
1753533378031,12:36:18.031,ACH/USDT:USDT,0.02278,184.0,0.02277,1597.0,0.02279,17.0,0.0228,690.0
1753533378654,12:36:18.654,ACH/USDT:USDT,0.02278,184.0,0.02277,1597.0,0.02279,17.0,0.0228,690.0
1753533379693,12:36:19.693,ACH/USDT:USDT,0.02278,184.0,0.02277,1597.0,0.02279,17.0,0.0228,690.0
1753533379872,12:36:19.872,ACH/USDT:USDT,0.02278,184.0,0.02277,1597.0,0.02279,17.0,0.0228,690.0
1753533380296,12:36:20.296,ACH/USDT:USDT,0.02278,184.0,0.02277,1597.0,0.02279,17.0,0.0228,690.0
1753533380400,12:36:20.400,ACH/USDT:USDT,0.02278,184.0,0.02277,1597.0,0.02279,17.0,0.0228,690.0
1753533380695,12:36:20.695,ACH/USDT:USDT,0.02278,184.0,0.02277,1597.0,0.02279,17.0,0.0228,690.0
1753533381012,12:36:21.012,ACH/USDT:USDT,0.02278,184.0,0.02277,1597.0,0.02279,17.0,0.0228,690.0
1753533381694,12:36:21.694,ACH/USDT:USDT,0.02278,184.0,0.02277,1597.0,0.02279,17.0,0.0228,690.0
1753533382183,12:36:22.183,ACH/USDT:USDT,0.02278,184.0,0.02277,1597.0,0.02279,17.0,0.0228,690.0
1753533382794,12:36:22.794,ACH/USDT:USDT,0.02278,184.0,0.02277,1597.0,0.02279,17.0,0.0228,690.0
1753533382818,12:36:22.818,ACH/USDT:USDT,0.02278,184.0,0.02277,1597.0,0.02279,17.0,0.0228,749.0
1753533382922,12:36:22.922,ACH/USDT:USDT,0.02278,184.0,0.02277,1597.0,0.02279,17.0,0.0228,690.0
1753533383246,12:36:23.246,ACH/USDT:USDT,0.02278,184.0,0.02277,1597.0,0.02279,17.0,0.0228,690.0
1753533383317,12:36:23.317,ACH/USDT:USDT,0.02278,184.0,0.02277,1597.0,0.02279,17.0,0.0228,749.0
1753533383415,12:36:23.415,ACH/USDT:USDT,0.02278,184.0,0.02277,1597.0,0.02279,17.0,0.0228,690.0
1753533384240,12:36:24.240,ACH/USDT:USDT,0.02278,184.0,0.02277,1597.0,0.02279,17.0,0.0228,690.0
1753533384316,12:36:24.316,ACH/USDT:USDT,0.02278,184.0,0.02277,1597.0,0.02279,17.0,0.0228,749.0
1753533384416,12:36:24.416,ACH/USDT:USDT,0.02278,184.0,0.02277,1597.0,0.02279,17.0,0.0228,690.0
1753533385109,12:36:25.109,ACH/USDT:USDT,0.02278,184.0,0.02277,1597.0,0.02279,17.0,0.0228,690.0
1753533385215,12:36:25.215,ACH/USDT:USDT,0.02278,184.0,0.02277,1597.0,0.02279,17.0,0.0228,749.0
1753533385315,12:36:25.315,ACH/USDT:USDT,0.02278,184.0,0.02277,1597.0,0.02279,17.0,0.0228,690.0
1753533385664,12:36:25.664,ACH/USDT:USDT,0.02278,184.0,0.02277,1597.0,0.02279,17.0,0.0228,690.0
1753533385716,12:36:25.716,ACH/USDT:USDT,0.02278,184.0,0.02277,1597.0,0.02279,17.0,0.0228,749.0
1753533385816,12:36:25.816,ACH/USDT:USDT,0.02278,184.0,0.02277,1597.0,0.02279,17.0,0.0228,690.0
1753533387307,12:36:27.307,ACH/USDT:USDT,0.02278,184.0,0.02277,1597.0,0.02279,17.0,0.0228,690.0
1753533387406,12:36:27.406,ACH/USDT:USDT,0.02278,184.0,0.02277,1597.0,0.02279,17.0,0.0228,59.0
1753533387427,12:36:27.427,ACH/USDT:USDT,0.02278,184.0,0.02277,1597.0,0.02279,17.0,0.02281,682.0
1753533387598,12:36:27.598,ACH/USDT:USDT,0.02278,184.0,0.02277,1597.0,0.0228,17.0,0.02281,682.0
1753533387654,12:36:27.654,ACH/USDT:USDT,0.02279,189.0,0.02278,182.0,0.0228,206.0,0.02281,682.0
1753533387716,12:36:27.716,ACH/USDT:USDT,0.02279,191.0,0.02278,182.0,0.0228,206.0,0.02281,682.0
1753533387864,12:36:27.864,ACH/USDT:USDT,0.02279,191.0,0.02278,182.0,0.0228,206.0,0.02281,682.0
1753533388263,12:36:28.263,ACH/USDT:USDT,0.02279,191.0,0.02278,182.0,0.0228,206.0,0.02281,682.0
1753533388315,12:36:28.315,ACH/USDT:USDT,0.02279,191.0,0.02278,182.0,0.0228,206.0,0.02281,741.0
1753533388416,12:36:28.416,ACH/USDT:USDT,0.02279,191.0,0.02278,182.0,0.0228,206.0,0.02281,682.0
1753533388688,12:36:28.688,ACH/USDT:USDT,0.02279,191.0,0.02278,182.0,0.0228,206.0,0.02281,682.0
1753533389365,12:36:29.365,ACH/USDT:USDT,0.02279,191.0,0.02278,182.0,0.0228,206.0,0.02281,682.0
1753533389415,12:36:29.415,ACH/USDT:USDT,0.02279,191.0,0.02278,182.0,0.0228,206.0,0.02281,741.0
1753533389515,12:36:29.515,ACH/USDT:USDT,0.02279,191.0,0.02278,182.0,0.0228,206.0,0.02281,682.0
1753533391318,12:36:31.318,ACH/USDT:USDT,0.02279,191.0,0.02278,182.0,0.0228,206.0,0.02281,682.0
1753533391416,12:36:31.416,ACH/USDT:USDT,0.02279,191.0,0.02278,182.0,0.0228,206.0,0.02281,741.0
1753533391515,12:36:31.515,ACH/USDT:USDT,0.02279,191.0,0.02278,182.0,0.0228,206.0,0.02281,682.0
1753533391683,12:36:31.683,ACH/USDT:USDT,0.02279,191.0,0.02278,182.0,0.0228,206.0,0.02281,682.0
1753533392398,12:36:32.398,ACH/USDT:USDT,0.02279,2.0,0.02278,182.0,0.0228,226.0,0.02281,682.0
1753533392424,12:36:32.424,ACH/USDT:USDT,0.02279,191.0,0.02278,182.0,0.0228,226.0,0.02281,741.0
1753533392520,12:36:32.520,ACH/USDT:USDT,0.02279,191.0,0.02278,182.0,0.0228,206.0,0.02281,682.0
1753533392720,12:36:32.720,ACH/USDT:USDT,0.02279,191.0,0.02278,182.0,0.0228,206.0,0.02281,682.0
1753533395502,12:36:35.502,ACH/USDT:USDT,0.02279,191.0,0.02278,182.0,0.0228,206.0,0.02281,682.0
1753533395516,12:36:35.516,ACH/USDT:USDT,0.02279,191.0,0.02278,182.0,0.0228,206.0,0.02281,741.0
1753533395615,12:36:35.615,ACH/USDT:USDT,0.02279,191.0,0.02278,182.0,0.0228,206.0,0.02281,682.0
1753533395886,12:36:35.886,ACH/USDT:USDT,0.02279,2.0,0.02278,182.0,0.0228,226.0,0.02281,682.0
1753533396152,12:36:36.152,ACH/USDT:USDT,0.02279,2.0,0.02278,182.0,0.0228,226.0,0.02281,682.0
1753533396217,12:36:36.217,ACH/USDT:USDT,0.02279,2.0,0.02278,182.0,0.0228,226.0,0.02281,741.0
1753533396409,12:36:36.409,ACH/USDT:USDT,0.02279,2.0,0.02278,182.0,0.0228,226.0,0.02281,1494.0
1753533397194,12:36:37.194,ACH/USDT:USDT,0.02279,2.0,0.02278,182.0,0.0228,226.0,0.02281,1494.0
1753533397217,12:36:37.217,ACH/USDT:USDT,0.02279,2.0,0.02278,182.0,0.0228,226.0,0.02281,1553.0
1753533397607,12:36:37.607,ACH/USDT:USDT,0.02279,2.0,0.02278,182.0,0.0228,226.0,0.02281,741.0
1753533397616,12:36:37.616,ACH/USDT:USDT,0.02279,2.0,0.02278,182.0,0.0228,226.0,0.02281,682.0
1753533398280,12:36:38.280,ACH/USDT:USDT,0.02279,2.0,0.02278,182.0,0.0228,206.0,0.02281,682.0
1753533398317,12:36:38.317,ACH/USDT:USDT,0.02279,2.0,0.02278,182.0,0.0228,206.0,0.02281,741.0
1753533398433,12:36:38.433,ACH/USDT:USDT,0.02279,2.0,0.02278,182.0,0.0228,226.0,0.02281,682.0
1753533398577,12:36:38.577,ACH/USDT:USDT,0.02279,188.0,0.02278,182.0,0.0228,226.0,0.02281,682.0
1753533398759,12:36:38.759,ACH/USDT:USDT,0.02279,188.0,0.02278,182.0,0.0228,226.0,0.02281,682.0
1753533398816,12:36:38.816,ACH/USDT:USDT,0.02279,188.0,0.02278,182.0,0.0228,226.0,0.02281,741.0
1753533398916,12:36:38.916,ACH/USDT:USDT,0.02279,188.0,0.02278,182.0,0.0228,226.0,0.02281,682.0
1753533399305,12:36:39.305,ACH/USDT:USDT,0.02279,2.0,0.02278,182.0,0.0228,226.0,0.02281,682.0
1753533399452,12:36:39.452,ACH/USDT:USDT,0.02279,2.0,0.02278,182.0,0.0228,226.0,0.02281,682.0
1753533399779,12:36:39.779,ACH/USDT:USDT,0.02279,2.0,0.02278,182.0,0.0228,206.0,0.02281,682.0
1753533400015,12:36:40.015,ACH/USDT:USDT,0.02279,2.0,0.02278,182.0,0.0228,206.0,0.02281,682.0
1753533400279,12:36:40.279,ACH/USDT:USDT,0.02279,188.0,0.02278,182.0,0.0228,206.0,0.02281,682.0
1753533401167,12:36:41.167,ACH/USDT:USDT,0.02279,188.0,0.02278,182.0,0.0228,17.0,0.02281,682.0
1753533401285,12:36:41.285,ACH/USDT:USDT,0.02279,188.0,0.02278,182.0,0.0228,17.0,0.02281,682.0
1753533401994,12:36:41.994,ACH/USDT:USDT,0.02279,188.0,0.02278,182.0,0.0228,17.0,0.02281,682.0
1753533402365,12:36:42.365,ACH/USDT:USDT,0.02279,188.0,0.02278,182.0,0.0228,17.0,0.02281,682.0
1753533403264,12:36:43.264,ACH/USDT:USDT,0.02279,188.0,0.02278,182.0,0.0228,206.0,0.02281,682.0
1753533405616,12:36:45.616,ACH/USDT:USDT,0.02279,188.0,0.02278,182.0,0.0228,206.0,0.02281,682.0
1753533405723,12:36:45.723,ACH/USDT:USDT,0.02279,188.0,0.02278,182.0,0.0228,206.0,0.02281,682.0
1753533406608,12:36:46.608,ACH/USDT:USDT,0.02279,188.0,0.02278,182.0,0.0228,206.0,0.02281,682.0
1753533406610,12:36:46.610,ACH/USDT:USDT,0.02279,188.0,0.02278,182.0,0.0228,206.0,0.02281,682.0
1753533406806,12:36:46.806,ACH/USDT:USDT,0.02279,2.0,0.02278,182.0,0.0228,206.0,0.02281,682.0
1753533406826,12:36:46.826,ACH/USDT:USDT,0.02279,2.0,0.02278,182.0,0.0228,206.0,0.02281,682.0
1753533407960,12:36:47.960,ACH/USDT:USDT,0.02279,2.0,0.02278,182.0,0.0228,206.0,0.02281,682.0
1753533408037,12:36:48.037,ACH/USDT:USDT,0.02279,2.0,0.02278,182.0,0.0228,206.0,0.02281,682.0
1753533408200,12:36:48.200,ACH/USDT:USDT,0.02279,2.0,0.02278,182.0,0.0228,206.0,0.02281,682.0
1753533408827,12:36:48.827,ACH/USDT:USDT,0.02279,2.0,0.02278,182.0,0.0228,206.0,0.02281,682.0
1753533408979,12:36:48.979,ACH/USDT:USDT,0.02279,2.0,0.02278,182.0,0.0228,206.0,0.02281,682.0
1753533409279,12:36:49.279,ACH/USDT:USDT,0.02279,2.0,0.02278,182.0,0.0228,206.0,0.02281,682.0
1753533409752,12:36:49.752,ACH/USDT:USDT,0.02279,191.0,0.02278,182.0,0.0228,226.0,0.02281,682.0
1753533409822,12:36:49.822,ACH/USDT:USDT,0.02279,191.0,0.02278,182.0,0.0228,206.0,0.02281,741.0
1753533409915,12:36:49.915,ACH/USDT:USDT,0.02279,191.0,0.02278,182.0,0.0228,206.0,0.02281,682.0
1753533410359,12:36:50.359,ACH/USDT:USDT,0.02279,191.0,0.02278,182.0,0.0228,206.0,0.02281,682.0
1753533410420,12:36:50.420,ACH/USDT:USDT,0.02279,191.0,0.02278,182.0,0.0228,206.0,0.02281,741.0
1753533410515,12:36:50.515,ACH/USDT:USDT,0.02279,191.0,0.02278,182.0,0.0228,206.0,0.02281,682.0
1753533410671,12:36:50.671,ACH/USDT:USDT,0.02279,191.0,0.02278,182.0,0.0228,206.0,0.02281,682.0
1753533411303,12:36:51.303,ACH/USDT:USDT,0.02279,191.0,0.02278,182.0,0.0228,206.0,0.02281,682.0
1753533411315,12:36:51.315,ACH/USDT:USDT,0.02279,191.0,0.02278,182.0,0.0228,206.0,0.02281,741.0
1753533411416,12:36:51.416,ACH/USDT:USDT,0.02279,191.0,0.02278,182.0,0.0228,206.0,0.02281,682.0
1753533411594,12:36:51.594,ACH/USDT:USDT,0.02279,191.0,0.02278,182.0,0.0228,206.0,0.02281,682.0
1753533412819,12:36:52.819,ACH/USDT:USDT,0.02279,191.0,0.02278,182.0,0.0228,206.0,0.02281,682.0
1753533412916,12:36:52.916,ACH/USDT:USDT,0.02279,191.0,0.02278,182.0,0.0228,206.0,0.02281,741.0
1753533413015,12:36:53.015,ACH/USDT:USDT,0.02279,191.0,0.02278,182.0,0.0228,206.0,0.02281,682.0
1753533413122,12:36:53.122,ACH/USDT:USDT,0.02279,191.0,0.02278,182.0,0.0228,206.0,0.02281,682.0
1753533414451,12:36:54.451,ACH/USDT:USDT,0.02279,191.0,0.02278,182.0,0.0228,206.0,0.02281,682.0
1753533414516,12:36:54.516,ACH/USDT:USDT,0.02279,191.0,0.02278,182.0,0.0228,206.0,0.02281,741.0
1753533414616,12:36:54.616,ACH/USDT:USDT,0.02279,191.0,0.02278,182.0,0.0228,206.0,0.02281,682.0
1753533414912,12:36:54.912,ACH/USDT:USDT,0.02279,191.0,0.02278,182.0,0.0228,206.0,0.02281,682.0
1753533415407,12:36:55.407,ACH/USDT:USDT,0.02279,191.0,0.02278,182.0,0.0228,37.0,0.02281,682.0
1753533415416,12:36:55.416,ACH/USDT:USDT,0.02279,191.0,0.02278,182.0,0.0228,37.0,0.02281,741.0
1753533415515,12:36:55.515,ACH/USDT:USDT,0.02279,191.0,0.02278,182.0,0.0228,37.0,0.02281,682.0
1753533415708,12:36:55.708,ACH/USDT:USDT,0.02279,191.0,0.02278,182.0,0.0228,206.0,0.02281,682.0
1753533416394,12:36:56.394,ACH/USDT:USDT,0.02279,191.0,0.02278,182.0,0.0228,206.0,0.02281,682.0
1753533416423,12:36:56.423,ACH/USDT:USDT,0.02279,191.0,0.02278,182.0,0.0228,206.0,0.02281,741.0
1753533416517,12:36:56.517,ACH/USDT:USDT,0.02279,191.0,0.02278,182.0,0.0228,206.0,0.02281,682.0
1753533416722,12:36:56.722,ACH/USDT:USDT,0.02279,191.0,0.02278,182.0,0.0228,206.0,0.02281,682.0
1753533417409,12:36:57.409,ACH/USDT:USDT,0.02279,191.0,0.02278,182.0,0.0228,206.0,0.02281,682.0
1753533417417,12:36:57.417,ACH/USDT:USDT,0.02279,191.0,0.02278,182.0,0.0228,206.0,0.02281,741.0
1753533417544,12:36:57.544,ACH/USDT:USDT,0.02279,191.0,0.02278,182.0,0.0228,206.0,0.02281,682.0
1753533417954,12:36:57.954,ACH/USDT:USDT,0.02279,191.0,0.02278,182.0,0.0228,206.0,0.02281,682.0
1753533418016,12:36:58.016,ACH/USDT:USDT,0.02279,191.0,0.02278,182.0,0.0228,206.0,0.02281,741.0
1753533418127,12:36:58.127,ACH/USDT:USDT,0.02279,191.0,0.02278,182.0,0.0228,206.0,0.02281,682.0
1753533418427,12:36:58.427,ACH/USDT:USDT,0.02279,191.0,0.02278,182.0,0.0228,206.0,0.02281,682.0
1753533418516,12:36:58.516,ACH/USDT:USDT,0.02279,191.0,0.02278,182.0,0.0228,206.0,0.02281,741.0
1753533418616,12:36:58.616,ACH/USDT:USDT,0.02279,191.0,0.02278,182.0,0.0228,206.0,0.02281,682.0
1753533419718,12:36:59.718,ACH/USDT:USDT,0.02279,191.0,0.02278,182.0,0.0228,206.0,0.02281,682.0
1753533419899,12:36:59.899,ACH/USDT:USDT,0.02279,191.0,0.02278,182.0,0.0228,37.0,0.02281,682.0
1753533420379,12:37:00.379,ACH/USDT:USDT,0.02279,191.0,0.02278,182.0,0.0228,206.0,0.02281,682.0
1753533420416,12:37:00.416,ACH/USDT:USDT,0.02279,191.0,0.02278,182.0,0.0228,206.0,0.02281,741.0
1753533420518,12:37:00.518,ACH/USDT:USDT,0.02279,191.0,0.02278,182.0,0.0228,206.0,0.02281,682.0
1753533421026,12:37:01.026,ACH/USDT:USDT,0.02279,191.0,0.02278,182.0,0.0228,206.0,0.02281,682.0
1753533421196,12:37:01.196,ACH/USDT:USDT,0.02279,191.0,0.02278,182.0,0.0228,206.0,0.02281,741.0
1753533421294,12:37:01.294,ACH/USDT:USDT,0.02279,191.0,0.02278,182.0,0.0228,37.0,0.02281,682.0
1753533421408,12:37:01.408,ACH/USDT:USDT,0.02279,191.0,0.02278,182.0,0.0228,37.0,0.02281,682.0
1753533421509,12:37:01.509,ACH/USDT:USDT,0.02279,191.0,0.02278,182.0,0.0228,37.0,0.02281,182.0
1753533421609,12:37:01.609,ACH/USDT:USDT,0.02279,191.0,0.02278,182.0,0.0228,37.0,0.02281,182.0
1753533421624,12:37:01.624,ACH/USDT:USDT,0.02279,191.0,0.02278,182.0,0.0228,37.0,0.02281,182.0
1753533421797,12:37:01.797,ACH/USDT:USDT,0.02279,191.0,0.02278,182.0,0.0228,37.0,0.02281,241.0
1753533421816,12:37:01.816,ACH/USDT:USDT,0.02279,191.0,0.02278,182.0,0.0228,37.0,0.02281,182.0
1753533422772,12:37:02.772,ACH/USDT:USDT,0.02279,191.0,0.02278,182.0,0.0228,37.0,0.02281,182.0
1753533422816,12:37:02.816,ACH/USDT:USDT,0.02279,191.0,0.02278,182.0,0.0228,37.0,0.02281,241.0
1753533422987,12:37:02.987,ACH/USDT:USDT,0.02279,191.0,0.02278,182.0,0.0228,37.0,0.02281,182.0
1753533427527,12:37:07.527,ACH/USDT:USDT,0.02279,191.0,0.02278,182.0,0.0228,37.0,0.02281,182.0
1753533427617,12:37:07.617,ACH/USDT:USDT,0.02279,191.0,0.02278,182.0,0.0228,37.0,0.02281,241.0
1753533427718,12:37:07.718,ACH/USDT:USDT,0.02279,191.0,0.02278,182.0,0.0228,37.0,0.02281,182.0
1753533428264,12:37:08.264,ACH/USDT:USDT,0.02279,191.0,0.02278,182.0,0.0228,37.0,0.02281,182.0
1753533428323,12:37:08.323,ACH/USDT:USDT,0.02279,191.0,0.02278,182.0,0.0228,37.0,0.02281,241.0
1753533428415,12:37:08.415,ACH/USDT:USDT,0.02279,191.0,0.02278,182.0,0.0228,37.0,0.02281,182.0
1753533429371,12:37:09.371,ACH/USDT:USDT,0.02279,191.0,0.02278,182.0,0.0228,37.0,0.02281,182.0
1753533430347,12:37:10.347,ACH/USDT:USDT,0.02279,191.0,0.02278,182.0,0.0228,37.0,0.02281,182.0
1753533430889,12:37:10.889,ACH/USDT:USDT,0.02279,191.0,0.02278,182.0,0.0228,37.0,0.02282,7076.0
1753533430977,12:37:10.977,ACH/USDT:USDT,0.0228,188.0,0.02279,191.0,0.02281,205.0,0.02282,7076.0
1753533431087,12:37:11.087,ACH/USDT:USDT,0.0228,188.0,0.02279,191.0,0.02281,205.0,0.02282,7076.0
1753533431201,12:37:11.201,ACH/USDT:USDT,0.02279,191.0,0.02278,182.0,0.02281,205.0,0.02282,7076.0
1753533431293,12:37:11.293,ACH/USDT:USDT,0.02279,188.0,0.02278,682.0,0.02281,188.0,0.02282,7076.0
1753533431444,12:37:11.444,ACH/USDT:USDT,0.02279,188.0,0.02278,682.0,0.02281,188.0,0.02282,7076.0
1753533432398,12:37:12.398,ACH/USDT:USDT,0.02279,188.0,0.02278,682.0,0.02281,188.0,0.02282,7076.0
1753533432595,12:37:12.595,ACH/USDT:USDT,0.02279,188.0,0.02278,682.0,0.02281,188.0,0.02282,7076.0
1753533432677,12:37:12.677,ACH/USDT:USDT,0.02279,188.0,0.02278,682.0,0.02281,188.0,0.02282,7076.0
1753533433384,12:37:13.384,ACH/USDT:USDT,0.02279,188.0,0.02278,682.0,0.02281,188.0,0.02282,7076.0
1753533433803,12:37:13.803,ACH/USDT:USDT,0.02279,188.0,0.02278,682.0,0.02281,188.0,0.02282,7076.0
1753533433889,12:37:13.889,ACH/USDT:USDT,0.02279,188.0,0.02278,682.0,0.02281,188.0,0.02282,7076.0
1753533434389,12:37:14.389,ACH/USDT:USDT,0.02279,188.0,0.02278,1885.0,0.02281,188.0,0.02282,7076.0
1753533434422,12:37:14.422,ACH/USDT:USDT,0.02279,188.0,0.02278,1885.0,0.02281,188.0,0.02282,7076.0
1753533435032,12:37:15.032,ACH/USDT:USDT,0.02279,188.0,0.02278,1885.0,0.02281,188.0,0.02282,7076.0
1753533435505,12:37:15.505,ACH/USDT:USDT,0.02279,188.0,0.02278,1885.0,0.02281,188.0,0.02282,7076.0
1753533435605,12:37:15.605,ACH/USDT:USDT,0.02279,188.0,0.02278,1885.0,0.02282,6576.0,0.02283,998.0
1753533435693,12:37:15.693,ACH/USDT:USDT,0.0228,2.0,0.02279,188.0,0.02281,206.0,0.02282,6576.0
1753533435772,12:37:15.772,ACH/USDT:USDT,0.0228,2.0,0.02279,188.0,0.02281,206.0,0.02282,6576.0
1753533435924,12:37:15.924,ACH/USDT:USDT,0.0228,191.0,0.02279,188.0,0.02281,206.0,0.02282,6576.0
1753533436010,12:37:16.010,ACH/USDT:USDT,0.0228,191.0,0.02279,188.0,0.02281,206.0,0.02282,6576.0
1753533436830,12:37:16.830,ACH/USDT:USDT,0.0228,191.0,0.02279,188.0,0.02281,206.0,0.02282,6576.0
1753533437059,12:37:17.059,ACH/USDT:USDT,0.0228,191.0,0.02279,188.0,0.02281,17.0,0.02282,6576.0
1753533437110,12:37:17.110,ACH/USDT:USDT,0.0228,191.0,0.02279,188.0,0.02281,17.0,0.02282,187.0
1753533437211,12:37:17.211,ACH/USDT:USDT,0.0228,191.0,0.02279,188.0,0.02281,17.0,0.02282,187.0
1753533437395,12:37:17.395,ACH/USDT:USDT,0.0228,191.0,0.02279,188.0,0.02281,17.0,0.02282,187.0
1753533437988,12:37:17.988,ACH/USDT:USDT,0.0228,191.0,0.02279,188.0,0.02281,17.0,0.02282,187.0
1753533438022,12:37:18.022,ACH/USDT:USDT,0.0228,191.0,0.02279,188.0,0.02281,17.0,0.02282,187.0
1753533438332,12:37:18.332,ACH/USDT:USDT,0.0228,191.0,0.02279,188.0,0.02281,17.0,0.02282,187.0
1753533438609,12:37:18.609,ACH/USDT:USDT,0.0228,191.0,0.02279,188.0,0.02281,17.0,0.02282,187.0
1753533440109,12:37:20.109,ACH/USDT:USDT,0.0228,191.0,0.02279,1000.0,0.02281,17.0,0.02283,186.0
1753533440208,12:37:20.208,ACH/USDT:USDT,0.02281,189.0,0.0228,691.0,0.02282,206.0,0.02283,245.0
1753533440309,12:37:20.309,ACH/USDT:USDT,0.02281,189.0,0.0228,691.0,0.02284,186.0,0.02285,997.0
1753533440406,12:37:20.406,ACH/USDT:USDT,0.02282,17.0,0.02281,189.0,0.02283,190.0,0.02284,686.0
1753533440448,12:37:20.448,ACH/USDT:USDT,0.02282,17.0,0.02281,189.0,0.02283,190.0,0.02284,686.0
1753533440609,12:37:20.609,ACH/USDT:USDT,0.02282,17.0,0.02281,189.0,0.02283,190.0,0.02284,686.0
1753533440640,12:37:20.640,ACH/USDT:USDT,0.02282,17.0,0.02281,189.0,0.02283,190.0,0.02284,745.0
1753533440808,12:37:20.808,ACH/USDT:USDT,0.02282,17.0,0.02281,189.0,0.02283,190.0,0.02284,686.0
1753533441192,12:37:21.192,ACH/USDT:USDT,0.02282,17.0,0.02281,189.0,0.02283,190.0,0.02284,686.0
1753533441216,12:37:21.216,ACH/USDT:USDT,0.02282,17.0,0.02281,189.0,0.02283,190.0,0.02284,745.0
1753533441396,12:37:21.396,ACH/USDT:USDT,0.02282,17.0,0.02281,189.0,0.02283,190.0,0.02284,686.0
1753533441605,12:37:21.605,ACH/USDT:USDT,0.02282,17.0,0.02281,189.0,0.02283,190.0,0.02284,686.0
1753533442474,12:37:22.474,ACH/USDT:USDT,0.02282,17.0,0.02281,189.0,0.02283,190.0,0.02284,686.0
1753533442541,12:37:22.541,ACH/USDT:USDT,0.02282,17.0,0.02281,189.0,0.02283,190.0,0.02284,745.0
1753533442619,12:37:22.619,ACH/USDT:USDT,0.02282,17.0,0.02281,189.0,0.02283,190.0,0.02284,686.0
1753533443595,12:37:23.595,ACH/USDT:USDT,0.02282,17.0,0.02281,189.0,0.02283,190.0,0.02284,686.0
1753533443616,12:37:23.616,ACH/USDT:USDT,0.02282,17.0,0.02281,189.0,0.02283,190.0,0.02284,745.0
1753533443715,12:37:23.715,ACH/USDT:USDT,0.02282,17.0,0.02281,189.0,0.02283,190.0,0.02284,686.0
1753533444102,12:37:24.102,ACH/USDT:USDT,0.02282,17.0,0.02281,189.0,0.02283,210.0,0.02284,686.0
1753533444150,12:37:24.150,ACH/USDT:USDT,0.02282,17.0,0.02281,189.0,0.02283,210.0,0.02284,686.0
1753533444308,12:37:24.308,ACH/USDT:USDT,0.02282,17.0,0.02281,189.0,0.02283,1.0,0.02284,686.0
1753533444408,12:37:24.408,ACH/USDT:USDT,0.02282,17.0,0.02281,189.0,0.02283,189.0,0.02284,686.0
1753533444441,12:37:24.441,ACH/USDT:USDT,0.02282,17.0,0.02281,189.0,0.02283,189.0,0.02284,686.0
1753533444551,12:37:24.551,ACH/USDT:USDT,0.02282,205.0,0.02281,189.0,0.02283,189.0,0.02284,686.0
1753533444775,12:37:24.775,ACH/USDT:USDT,0.02281,189.0,0.0228,689.0,0.02283,209.0,0.02284,686.0
1753533444836,12:37:24.836,ACH/USDT:USDT,0.02281,189.0,0.0228,689.0,0.02283,209.0,0.02284,745.0
1753533444959,12:37:24.959,ACH/USDT:USDT,0.02282,1.0,0.02281,189.0,0.02283,215.0,0.02284,686.0
1753533445023,12:37:25.023,ACH/USDT:USDT,0.02282,2.0,0.02281,189.0,0.02283,204.0,0.02284,686.0
1753533445209,12:37:25.209,ACH/USDT:USDT,0.02282,2.0,0.02281,189.0,0.02283,204.0,0.02284,686.0
1753533445210,12:37:25.210,ACH/USDT:USDT,0.02282,2.0,0.02281,189.0,0.02283,204.0,0.02284,686.0
1753533445316,12:37:25.316,ACH/USDT:USDT,0.02282,2.0,0.02281,189.0,0.02283,204.0,0.02284,745.0
1753533445415,12:37:25.415,ACH/USDT:USDT,0.02282,2.0,0.02281,189.0,0.02283,204.0,0.02284,686.0
1753533446034,12:37:26.034,ACH/USDT:USDT,0.02282,2.0,0.02281,189.0,0.02283,204.0,0.02284,686.0
1753533446118,12:37:26.118,ACH/USDT:USDT,0.02282,2.0,0.02281,189.0,0.02283,204.0,0.02284,745.0
1753533446219,12:37:26.219,ACH/USDT:USDT,0.02282,2.0,0.02281,189.0,0.02283,204.0,0.02284,686.0
1753533446451,12:37:26.451,ACH/USDT:USDT,0.02282,2.0,0.02281,189.0,0.02283,204.0,0.02284,686.0
1753533446809,12:37:26.809,ACH/USDT:USDT,0.02282,2.0,0.02281,189.0,0.02283,204.0,0.02284,686.0
1753533446909,12:37:26.909,ACH/USDT:USDT,0.02282,2.0,0.02281,189.0,0.02283,204.0,0.02284,745.0
1753533446957,12:37:26.957,ACH/USDT:USDT,0.02282,2.0,0.02281,189.0,0.02283,616.0,0.02284,686.0
1753533447030,12:37:27.030,ACH/USDT:USDT,0.02282,2.0,0.02281,189.0,0.02283,204.0,0.02284,686.0
1753533448401,12:37:28.401,ACH/USDT:USDT,0.02282,2.0,0.02281,189.0,0.02283,224.0,0.02284,686.0
1753533448423,12:37:28.423,ACH/USDT:USDT,0.02282,2.0,0.02281,189.0,0.02283,204.0,0.02284,745.0
1753533448515,12:37:28.515,ACH/USDT:USDT,0.02282,2.0,0.02281,189.0,0.02283,204.0,0.02284,686.0
1753533448903,12:37:28.903,ACH/USDT:USDT,0.02282,2.0,0.02281,189.0,0.02283,596.0,0.02284,686.0
1753533448916,12:37:28.916,ACH/USDT:USDT,0.02282,2.0,0.02281,189.0,0.02283,596.0,0.02284,745.0
1753533449016,12:37:29.016,ACH/USDT:USDT,0.02282,2.0,0.02281,189.0,0.02283,596.0,0.02284,686.0
1753533449557,12:37:29.557,ACH/USDT:USDT,0.02282,2.0,0.02281,189.0,0.02283,224.0,0.02284,686.0
1753533449686,12:37:29.686,ACH/USDT:USDT,0.02282,2.0,0.02281,189.0,0.02283,204.0,0.02284,686.0
1753533452809,12:37:32.809,ACH/USDT:USDT,0.02282,190.0,0.02281,189.0,0.02283,204.0,0.02284,686.0
1753533452825,12:37:32.825,ACH/USDT:USDT,0.02282,2.0,0.02281,189.0,0.02283,224.0,0.02284,745.0
1753533452963,12:37:32.963,ACH/USDT:USDT,0.02282,185.0,0.02281,189.0,0.02283,204.0,0.02284,686.0
1753533453195,12:37:33.195,ACH/USDT:USDT,0.02282,185.0,0.02281,189.0,0.02283,204.0,0.02284,686.0
1753533453307,12:37:33.307,ACH/USDT:USDT,0.02282,2.0,0.02281,189.0,0.02283,199.0,0.02284,686.0
1753533453370,12:37:33.370,ACH/USDT:USDT,0.02282,2.0,0.02281,189.0,0.02283,199.0,0.02284,686.0
1753533453730,12:37:33.730,ACH/USDT:USDT,0.02282,2.0,0.02281,189.0,0.02283,199.0,0.02284,686.0
1753533453869,12:37:33.869,ACH/USDT:USDT,0.02282,2.0,0.02281,189.0,0.02283,199.0,0.02284,686.0
1753533454022,12:37:34.022,ACH/USDT:USDT,0.02282,185.0,0.02281,189.0,0.02283,199.0,0.02284,686.0
1753533455823,12:37:35.823,ACH/USDT:USDT,0.02282,185.0,0.02281,189.0,0.02283,16.0,0.02284,686.0
1753533456130,12:37:36.130,ACH/USDT:USDT,0.02282,185.0,0.02281,189.0,0.02283,16.0,0.02284,686.0
1753533457995,12:37:37.995,ACH/USDT:USDT,0.02282,185.0,0.02281,189.0,0.02283,16.0,0.02284,686.0
1753533460457,12:37:40.457,ACH/USDT:USDT,0.02282,185.0,0.02281,189.0,0.02283,16.0,0.02284,186.0
1753533460906,12:37:40.906,ACH/USDT:USDT,0.02282,185.0,0.02281,189.0,0.02283,16.0,0.02284,186.0
1753533461406,12:37:41.406,ACH/USDT:USDT,0.02282,185.0,0.02281,189.0,0.02283,16.0,0.02284,186.0
1753533461609,12:37:41.609,ACH/USDT:USDT,0.02282,185.0,0.02281,1001.0,0.02283,16.0,0.02285,685.0
1753533461709,12:37:41.709,ACH/USDT:USDT,0.02283,183.0,0.02282,185.0,0.02284,16.0,0.02285,685.0
1753533461769,12:37:41.769,ACH/USDT:USDT,0.02282,185.0,0.02281,189.0,0.02284,199.0,0.02285,685.0
1753533461909,12:37:41.909,ACH/USDT:USDT,0.02281,189.0,0.0228,1886.0,0.02284,183.0,0.02285,685.0
1753533462009,12:37:42.009,ACH/USDT:USDT,0.02282,2.0,0.02281,189.0,0.02283,16.0,0.02284,183.0
1753533462174,12:37:42.174,ACH/USDT:USDT,0.02282,185.0,0.02281,189.0,0.02283,16.0,0.02284,183.0
1753533462795,12:37:42.795,ACH/USDT:USDT,0.02282,185.0,0.02281,189.0,0.02283,16.0,0.02284,183.0
1753533462995,12:37:42.995,ACH/USDT:USDT,0.02282,185.0,0.02281,189.0,0.02283,16.0,0.02284,183.0
1753533463215,12:37:43.215,ACH/USDT:USDT,0.02282,185.0,0.02281,189.0,0.02283,16.0,0.02284,183.0
1753533463318,12:37:43.318,ACH/USDT:USDT,0.02282,185.0,0.02281,189.0,0.02283,16.0,0.02284,242.0
1753533463417,12:37:43.417,ACH/USDT:USDT,0.02282,185.0,0.02281,189.0,0.02283,16.0,0.02284,183.0
1753533463809,12:37:43.809,ACH/USDT:USDT,0.02282,185.0,0.02281,189.0,0.02283,36.0,0.02284,183.0
1753533463908,12:37:43.908,ACH/USDT:USDT,0.02282,185.0,0.02281,189.0,0.02283,16.0,0.02284,183.0
1753533463929,12:37:43.929,ACH/USDT:USDT,0.02282,185.0,0.02281,189.0,0.02283,16.0,0.02284,183.0
1753533464076,12:37:44.076,ACH/USDT:USDT,0.02282,185.0,0.02281,189.0,0.02283,16.0,0.02284,183.0
1753533464229,12:37:44.229,ACH/USDT:USDT,0.02282,185.0,0.02281,189.0,0.02283,16.0,0.02284,183.0
1753533464379,12:37:44.379,ACH/USDT:USDT,0.02282,185.0,0.02281,189.0,0.02283,197.0,0.02284,183.0
1753533464419,12:37:44.419,ACH/USDT:USDT,0.02282,185.0,0.02281,189.0,0.02283,197.0,0.02284,242.0
1753533464521,12:37:44.521,ACH/USDT:USDT,0.02282,185.0,0.02281,189.0,0.02283,197.0,0.02284,183.0
1753533466131,12:37:46.131,ACH/USDT:USDT,0.02282,185.0,0.02281,189.0,0.02283,197.0,0.02284,183.0
1753533466227,12:37:46.227,ACH/USDT:USDT,0.02282,185.0,0.02281,189.0,0.02283,197.0,0.02284,242.0
1753533466317,12:37:46.317,ACH/USDT:USDT,0.02282,185.0,0.02281,189.0,0.02283,197.0,0.02284,183.0
1753533467596,12:37:47.596,ACH/USDT:USDT,0.02282,185.0,0.02281,189.0,0.02283,197.0,0.02284,183.0
1753533467617,12:37:47.617,ACH/USDT:USDT,0.02282,185.0,0.02281,189.0,0.02283,197.0,0.02284,242.0
1753533467716,12:37:47.716,ACH/USDT:USDT,0.02282,185.0,0.02281,189.0,0.02283,197.0,0.02284,183.0
1753533470456,12:37:50.456,ACH/USDT:USDT,0.02282,185.0,0.02281,189.0,0.02283,197.0,0.02284,183.0
1753533470520,12:37:50.520,ACH/USDT:USDT,0.02282,185.0,0.02281,189.0,0.02283,197.0,0.02284,242.0
1753533470618,12:37:50.618,ACH/USDT:USDT,0.02282,185.0,0.02281,189.0,0.02283,197.0,0.02284,183.0
1753533470756,12:37:50.756,ACH/USDT:USDT,0.02282,185.0,0.02281,189.0,0.02283,197.0,0.02284,183.0
1753533472058,12:37:52.058,ACH/USDT:USDT,0.02282,185.0,0.02281,189.0,0.02283,197.0,0.02284,183.0
1753533472118,12:37:52.118,ACH/USDT:USDT,0.02282,185.0,0.02281,189.0,0.02283,197.0,0.02284,242.0
1753533472217,12:37:52.217,ACH/USDT:USDT,0.02282,185.0,0.02281,189.0,0.02283,197.0,0.02284,183.0
1753533472396,12:37:52.396,ACH/USDT:USDT,0.02282,185.0,0.02281,189.0,0.02283,197.0,0.02284,183.0
1753533473721,12:37:53.721,ACH/USDT:USDT,0.02282,2.0,0.02281,189.0,0.02283,217.0,0.02284,183.0
1753533473817,12:37:53.817,ACH/USDT:USDT,0.02282,2.0,0.02281,189.0,0.02283,217.0,0.02284,242.0
1753533473918,12:37:53.918,ACH/USDT:USDT,0.02282,2.0,0.02281,189.0,0.02283,217.0,0.02284,183.0
1753533474308,12:37:54.308,ACH/USDT:USDT,0.02282,2.0,0.02281,189.0,0.02283,217.0,0.02284,183.0
1753533474409,12:37:54.409,ACH/USDT:USDT,0.02282,2.0,0.02281,189.0,0.02283,217.0,0.02284,183.0
1753533474418,12:37:54.418,ACH/USDT:USDT,0.02282,2.0,0.02281,189.0,0.02283,217.0,0.02284,242.0
1753533474516,12:37:54.516,ACH/USDT:USDT,0.02282,2.0,0.02281,189.0,0.02283,217.0,0.02284,183.0
1753533477196,12:37:57.196,ACH/USDT:USDT,0.02282,2.0,0.02281,189.0,0.02283,217.0,0.02284,183.0
1753533477218,12:37:57.218,ACH/USDT:USDT,0.02282,2.0,0.02281,189.0,0.02283,217.0,0.02284,242.0
1753533477317,12:37:57.317,ACH/USDT:USDT,0.02282,2.0,0.02281,189.0,0.02283,217.0,0.02284,183.0
1753533479405,12:37:59.405,ACH/USDT:USDT,0.02282,2.0,0.02281,189.0,0.02283,217.0,0.02284,183.0
1753533479443,12:37:59.443,ACH/USDT:USDT,0.02282,2.0,0.02281,189.0,0.02283,217.0,0.02284,242.0
1753533479517,12:37:59.517,ACH/USDT:USDT,0.02282,2.0,0.02281,189.0,0.02283,217.0,0.02284,183.0
1753533480752,12:38:00.752,ACH/USDT:USDT,0.0228,1496.0,0.02279,2690.0,0.02282,181.0,0.02283,217.0
1753533480864,12:38:00.864,ACH/USDT:USDT,0.0228,689.0,0.02279,2690.0,0.02281,20.0,0.02282,181.0
1753533480924,12:38:00.924,ACH/USDT:USDT,0.0228,689.0,0.02279,2690.0,0.02281,18.0,0.02282,181.0
1753533481151,12:38:01.151,ACH/USDT:USDT,0.0228,689.0,0.02279,2690.0,0.02281,18.0,0.02282,181.0
1753533481652,12:38:01.652,ACH/USDT:USDT,0.0228,689.0,0.02279,2690.0,0.02281,18.0,0.02283,181.0
1753533481732,12:38:01.732,ACH/USDT:USDT,0.0228,1496.0,0.02279,2690.0,0.02282,18.0,0.02283,240.0
1753533481876,12:38:01.876,ACH/USDT:USDT,0.02281,181.0,0.0228,1496.0,0.02282,199.0,0.02283,181.0
1753533481997,12:38:01.997,ACH/USDT:USDT,0.02281,181.0,0.0228,1496.0,0.02282,199.0,0.02283,181.0
1753533482208,12:38:02.208,ACH/USDT:USDT,0.0228,1496.0,0.02279,2690.0,0.02282,199.0,0.02283,181.0
1753533482241,12:38:02.241,ACH/USDT:USDT,0.0228,1496.0,0.02279,2690.0,0.02284,183.0,0.02285,1577.0
1753533482398,12:38:02.398,ACH/USDT:USDT,0.0228,1496.0,0.02279,2690.0,0.02282,201.0,0.02283,1803.0
1753533482486,12:38:02.486,ACH/USDT:USDT,0.0228,1496.0,0.02279,2690.0,0.02282,201.0,0.02283,59.0
1753533482516,12:38:02.516,ACH/USDT:USDT,0.0228,1496.0,0.02279,2690.0,0.02282,201.0,0.02284,183.0
1753533482700,12:38:02.700,ACH/USDT:USDT,0.02281,181.0,0.0228,1496.0,0.02284,183.0,0.02285,1577.0
1753533482784,12:38:02.784,ACH/USDT:USDT,0.02281,181.0,0.0228,1496.0,0.02283,18.0,0.02284,183.0
1753533482901,12:38:02.901,ACH/USDT:USDT,0.02281,181.0,0.0228,1496.0,0.02283,18.0,0.02284,183.0
1753533483038,12:38:03.038,ACH/USDT:USDT,0.02281,181.0,0.0228,1496.0,0.02282,208.0,0.02283,18.0
1753533483199,12:38:03.199,ACH/USDT:USDT,0.02281,181.0,0.0228,1496.0,0.02282,208.0,0.02283,77.0
1753533483217,12:38:03.217,ACH/USDT:USDT,0.02281,181.0,0.0228,1496.0,0.02282,208.0,0.02283,18.0
1753533483468,12:38:03.468,ACH/USDT:USDT,0.0228,1496.0,0.02279,2690.0,0.02282,208.0,0.02283,18.0
1753533483591,12:38:03.591,ACH/USDT:USDT,0.0228,1496.0,0.02279,2690.0,0.02284,183.0,0.02285,1497.0
1753533483670,12:38:03.670,ACH/USDT:USDT,0.02281,188.0,0.0228,996.0,0.02282,188.0,0.02283,18.0
1753533483712,12:38:03.712,ACH/USDT:USDT,0.0228,996.0,0.02279,2690.0,0.02282,188.0,0.02283,18.0
1753533483883,12:38:03.883,ACH/USDT:USDT,0.0228,996.0,0.02279,2690.0,0.02284,183.0,0.02285,1577.0
1753533483992,12:38:03.992,ACH/USDT:USDT,0.0228,189.0,0.02279,1878.0,0.02282,188.0,0.02283,18.0
1753533484102,12:38:04.102,ACH/USDT:USDT,0.0228,189.0,0.02279,1878.0,0.02283,688.0,0.02284,1377.0
1753533484208,12:38:04.208,ACH/USDT:USDT,0.0228,189.0,0.02279,688.0,0.02282,206.0,0.02283,1500.0
1753533484283,12:38:04.283,ACH/USDT:USDT,0.0228,189.0,0.02279,688.0,0.02282,206.0,0.02283,1500.0
1753533484314,12:38:04.314,ACH/USDT:USDT,0.0228,189.0,0.02279,688.0,0.02282,188.0,0.02283,1500.0
1753533484493,12:38:04.493,ACH/USDT:USDT,0.02279,188.0,0.02278,4321.0,0.02282,188.0,0.02283,1500.0
1753533484538,12:38:04.538,ACH/USDT:USDT,0.02279,188.0,0.02278,4321.0,0.02281,18.0,0.02282,188.0
1753533484683,12:38:04.683,ACH/USDT:USDT,0.02279,188.0,0.02278,4321.0,0.02281,206.0,0.02282,188.0
1753533484790,12:38:04.790,ACH/USDT:USDT,0.02279,188.0,0.02278,4321.0,0.02281,188.0,0.02282,188.0
1753533484899,12:38:04.899,ACH/USDT:USDT,0.02279,188.0,0.02278,4321.0,0.02282,188.0,0.02283,1500.0
1753533484989,12:38:04.989,ACH/USDT:USDT,0.02279,188.0,0.02278,4321.0,0.02281,9.0,0.02282,188.0
1753533485019,12:38:05.019,ACH/USDT:USDT,0.02279,188.0,0.02278,4321.0,0.02281,18.0,0.02282,188.0
1753533485204,12:38:05.204,ACH/USDT:USDT,0.02279,387.0,0.02278,4321.0,0.02281,18.0,0.02282,188.0
1753533485289,12:38:05.289,ACH/USDT:USDT,0.02279,188.0,0.02278,4321.0,0.02281,206.0,0.02282,188.0
1753533485316,12:38:05.316,ACH/USDT:USDT,0.02279,188.0,0.02278,4321.0,0.02281,188.0,0.02282,188.0
1753533485440,12:38:05.440,ACH/USDT:USDT,0.02279,188.0,0.02278,4321.0,0.02282,188.0,0.02283,1500.0
1753533485609,12:38:05.609,ACH/USDT:USDT,0.02279,188.0,0.02278,4321.0,0.02281,18.0,0.02282,188.0
1753533485710,12:38:05.710,ACH/USDT:USDT,0.02279,188.0,0.02278,1777.0,0.02281,518.0,0.02282,188.0
1753533485785,12:38:05.785,ACH/USDT:USDT,0.02278,1777.0,0.02277,5713.0,0.0228,188.0,0.02281,500.0
1753533485907,12:38:05.907,ACH/USDT:USDT,0.02278,1777.0,0.02277,5713.0,0.0228,188.0,0.02281,500.0
1753533485928,12:38:05.928,ACH/USDT:USDT,0.02279,188.0,0.02278,1777.0,0.0228,188.0,0.02281,500.0
1753533486106,12:38:06.106,ACH/USDT:USDT,0.02279,188.0,0.02278,1777.0,0.0228,206.0,0.02281,500.0
1753533486208,12:38:06.208,ACH/USDT:USDT,0.02279,188.0,0.02278,1697.0,0.0228,206.0,0.02281,500.0
1753533486237,12:38:06.237,ACH/USDT:USDT,0.02279,188.0,0.02278,1697.0,0.0228,206.0,0.02281,500.0
1753533486548,12:38:06.548,ACH/USDT:USDT,0.02279,188.0,0.02278,1697.0,0.0228,206.0,0.02281,500.0
1753533487206,12:38:07.206,ACH/USDT:USDT,0.02279,188.0,0.02278,1697.0,0.0228,206.0,0.02281,500.0
1753533487212,12:38:07.212,ACH/USDT:USDT,0.02279,188.0,0.02278,1697.0,0.0228,206.0,0.02281,500.0
1753533487366,12:38:07.366,ACH/USDT:USDT,0.02279,188.0,0.02278,1697.0,0.0228,206.0,0.02281,500.0
1753533488297,12:38:08.297,ACH/USDT:USDT,0.02279,188.0,0.02278,1697.0,0.0228,18.0,0.02281,500.0
1753533488396,12:38:08.396,ACH/USDT:USDT,0.02279,188.0,0.02278,1697.0,0.0228,18.0,0.02281,500.0
1753533488654,12:38:08.654,ACH/USDT:USDT,0.02279,188.0,0.02278,1697.0,0.0228,18.0,0.02281,500.0
1753533489193,12:38:09.193,ACH/USDT:USDT,0.02279,188.0,0.02278,1697.0,0.0228,206.0,0.02281,500.0
1753533490051,12:38:10.051,ACH/USDT:USDT,0.02279,188.0,0.02278,1697.0,0.0228,206.0,0.02281,500.0
1753533490195,12:38:10.195,ACH/USDT:USDT,0.02279,188.0,0.02278,1697.0,0.0228,206.0,0.02281,500.0
1753533490891,12:38:10.891,ACH/USDT:USDT,0.02279,188.0,0.02278,1697.0,0.0228,18.0,0.02281,500.0
1753533491172,12:38:11.172,ACH/USDT:USDT,0.02279,188.0,0.02278,1697.0,0.0228,206.0,0.02281,500.0
1753533491630,12:38:11.630,ACH/USDT:USDT,0.02279,188.0,0.02278,1697.0,0.0228,18.0,0.02281,500.0
1753533492813,12:38:12.813,ACH/USDT:USDT,0.02279,188.0,0.02278,1697.0,0.0228,18.0,0.02281,500.0
1753533493196,12:38:13.196,ACH/USDT:USDT,0.02279,188.0,0.02278,1697.0,0.0228,18.0,0.02281,500.0
1753533493287,12:38:13.287,ACH/USDT:USDT,0.02279,188.0,0.02278,1697.0,0.0228,18.0,0.02281,500.0
1753533493587,12:38:13.587,ACH/USDT:USDT,0.02279,188.0,0.02278,1697.0,0.0228,18.0,0.02281,500.0
1753533493616,12:38:13.616,ACH/USDT:USDT,0.02279,188.0,0.02278,1697.0,0.0228,18.0,0.02281,559.0
1753533493788,12:38:13.788,ACH/USDT:USDT,0.02279,188.0,0.02278,1697.0,0.0228,18.0,0.02281,500.0
1753533496480,12:38:16.480,ACH/USDT:USDT,0.02279,188.0,0.02278,1697.0,0.0228,18.0,0.02281,500.0
1753533496515,12:38:16.515,ACH/USDT:USDT,0.02279,188.0,0.02278,1697.0,0.0228,18.0,0.02281,559.0
1753533496615,12:38:16.615,ACH/USDT:USDT,0.02279,188.0,0.02278,1697.0,0.0228,18.0,0.02281,500.0
1753533497282,12:38:17.282,ACH/USDT:USDT,0.02278,1697.0,0.02277,5714.0,0.0228,221.0,0.02281,500.0
1753533497396,12:38:17.396,ACH/USDT:USDT,0.02278,1697.0,0.02277,5714.0,0.0228,203.0,0.02281,500.0
