timestamp,time,symbol,bid1_price,bid1_volume,bid2_price,bid2_volume,ask1_price,ask1_volume,ask2_price,ask2_volume
1753533019000,12:30:19.000,BRETT/USDT:USDT,0.05593,1.0,0.05591,100.0,0.05595,35.0,0.05596,100.0
1753533021842,12:30:21.842,BRETT/USDT:USDT,0.05593,1.0,0.05591,100.0,0.05595,35.0,0.05596,100.0
1753533022510,12:30:22.510,BRETT/USDT:USDT,0.05593,1.0,0.0559,879.0,0.05594,35.0,0.05596,100.0
1753533023478,12:30:23.478,BRETT/USDT:USDT,0.0559,929.0,0.05588,465.0,0.05594,35.0,0.05595,448.0
1753533023578,12:30:23.578,BRETT/USDT:USDT,0.05587,1031.0,0.05586,3438.0,0.05594,533.0,0.05595,448.0
1753533023662,12:30:23.662,BRETT/USDT:USDT,0.05587,1031.0,0.05586,3438.0,0.05594,533.0,0.05595,448.0
1753533023743,12:30:23.743,BRETT/USDT:USDT,0.05587,1031.0,0.05586,3438.0,0.05594,533.0,0.05595,448.0
1753533023875,12:30:23.875,BRETT/USDT:USDT,0.05587,1031.0,0.05586,3438.0,0.05594,533.0,0.05595,448.0
1753533023956,12:30:23.956,BRETT/USDT:USDT,0.05587,1031.0,0.05586,3392.0,0.05594,533.0,0.05595,448.0
1753533023987,12:30:23.987,BRETT/USDT:USDT,0.05587,1031.0,0.05586,3392.0,0.05594,533.0,0.05595,448.0
1753533024402,12:30:24.402,BRETT/USDT:USDT,0.05587,1031.0,0.05586,3392.0,0.05594,533.0,0.05595,448.0
1753533024619,12:30:24.619,BRETT/USDT:USDT,0.05587,1031.0,0.05586,3392.0,0.05594,533.0,0.05595,448.0
1753533024718,12:30:24.718,BRETT/USDT:USDT,0.05587,1031.0,0.05586,3392.0,0.05594,533.0,0.05595,448.0
1753533024825,12:30:24.825,BRETT/USDT:USDT,0.05587,1031.0,0.05586,3392.0,0.05594,533.0,0.05595,448.0
1753533025566,12:30:25.566,BRETT/USDT:USDT,0.05587,1081.0,0.05586,2990.0,0.05593,35.0,0.05594,498.0
1753533025639,12:30:25.639,BRETT/USDT:USDT,0.05587,1081.0,0.05586,2990.0,0.05593,35.0,0.05594,498.0
1753533026053,12:30:26.053,BRETT/USDT:USDT,0.05587,1081.0,0.05586,2990.0,0.05593,35.0,0.05594,498.0
1753533026465,12:30:26.465,BRETT/USDT:USDT,0.05587,1081.0,0.05586,2990.0,0.05593,35.0,0.05594,498.0
1753533028510,12:30:28.510,BRETT/USDT:USDT,0.05587,1081.0,0.05586,2990.0,0.0559,35.0,0.05594,498.0
1753533028889,12:30:28.889,BRETT/USDT:USDT,0.05587,1081.0,0.05586,2990.0,0.05593,35.0,0.05594,498.0
1753533029296,12:30:29.296,BRETT/USDT:USDT,0.05587,1081.0,0.05586,2990.0,0.05593,35.0,0.05594,498.0
1753533029419,12:30:29.419,BRETT/USDT:USDT,0.05587,1081.0,0.05586,2990.0,0.05593,35.0,0.05594,498.0
1753533029774,12:30:29.774,BRETT/USDT:USDT,0.05587,1131.0,0.05586,2990.0,0.05593,35.0,0.05594,498.0
1753533029820,12:30:29.820,BRETT/USDT:USDT,0.05587,1131.0,0.05586,2990.0,0.05593,35.0,0.05594,498.0
1753533029917,12:30:29.917,BRETT/USDT:USDT,0.05587,1131.0,0.05586,2990.0,0.05593,35.0,0.05594,498.0
1753533030040,12:30:30.040,BRETT/USDT:USDT,0.05587,1131.0,0.05586,2990.0,0.05593,35.0,0.05594,448.0
1753533030114,12:30:30.114,BRETT/USDT:USDT,0.05587,1131.0,0.05586,3036.0,0.05593,35.0,0.05594,448.0
1753533031082,12:30:31.082,BRETT/USDT:USDT,0.05587,1131.0,0.05586,3036.0,0.05593,35.0,0.05594,448.0
1753533031202,12:30:31.202,BRETT/USDT:USDT,0.05587,1131.0,0.05586,3036.0,0.05594,35.0,0.05595,448.0
1753533031337,12:30:31.337,BRETT/USDT:USDT,0.05587,1131.0,0.05586,3036.0,0.05594,35.0,0.05595,448.0
1753533031511,12:30:31.511,BRETT/USDT:USDT,0.05587,1131.0,0.05586,2990.0,0.0559,35.0,0.05595,448.0
1753533031605,12:30:31.605,BRETT/USDT:USDT,0.05587,1131.0,0.05586,2990.0,0.05594,35.0,0.05595,448.0
1753533032558,12:30:32.558,BRETT/USDT:USDT,0.05587,1131.0,0.05586,2990.0,0.05594,35.0,0.05595,448.0
1753533032761,12:30:32.761,BRETT/USDT:USDT,0.05587,1131.0,0.05586,2990.0,0.05594,35.0,0.05595,448.0
1753533032967,12:30:32.967,BRETT/USDT:USDT,0.05587,1131.0,0.05586,2990.0,0.05594,35.0,0.05595,448.0
1753533033384,12:30:33.384,BRETT/USDT:USDT,0.05587,1131.0,0.05586,2990.0,0.05594,35.0,0.05595,448.0
1753533034055,12:30:34.055,BRETT/USDT:USDT,0.05587,1081.0,0.05586,2990.0,0.05594,35.0,0.05595,448.0
1753533034166,12:30:34.166,BRETT/USDT:USDT,0.05587,1081.0,0.05586,2990.0,0.05594,35.0,0.05595,448.0
1753533034219,12:30:34.219,BRETT/USDT:USDT,0.05587,1081.0,0.05586,2990.0,0.05594,35.0,0.05595,448.0
1753533034320,12:30:34.320,BRETT/USDT:USDT,0.05587,1081.0,0.05586,2990.0,0.05594,35.0,0.05595,448.0
1753533034477,12:30:34.477,BRETT/USDT:USDT,0.05587,1081.0,0.05586,2990.0,0.05594,487.0,0.05595,448.0
1753533034512,12:30:34.512,BRETT/USDT:USDT,0.05587,1081.0,0.05586,2990.0,0.0559,35.0,0.05594,452.0
1753533035078,12:30:35.078,BRETT/USDT:USDT,0.05587,1131.0,0.05586,2990.0,0.05593,85.0,0.05594,452.0
1753533035405,12:30:35.405,BRETT/USDT:USDT,0.05587,1131.0,0.05586,2990.0,0.05593,85.0,0.05594,452.0
1753533035554,12:30:35.554,BRETT/USDT:USDT,0.05587,1131.0,0.05586,2990.0,0.05593,35.0,0.05595,448.0
1753533035895,12:30:35.895,BRETT/USDT:USDT,0.05587,1131.0,0.05586,2990.0,0.05593,135.0,0.05595,448.0
1753533036009,12:30:36.009,BRETT/USDT:USDT,0.05587,1131.0,0.05586,2990.0,0.05593,135.0,0.05595,448.0
1753533036212,12:30:36.212,BRETT/USDT:USDT,0.05587,1131.0,0.05586,2990.0,0.05593,85.0,0.05595,448.0
1753533036620,12:30:36.620,BRETT/USDT:USDT,0.05587,1131.0,0.05586,2990.0,0.05593,85.0,0.05595,448.0
1753533036700,12:30:36.700,BRETT/USDT:USDT,0.05587,1131.0,0.05586,2990.0,0.05593,135.0,0.05595,448.0
1753533037222,12:30:37.222,BRETT/USDT:USDT,0.05587,1131.0,0.05586,2990.0,0.05593,135.0,0.05595,448.0
1753533037561,12:30:37.561,BRETT/USDT:USDT,0.05587,1131.0,0.05586,2990.0,0.05594,35.0,0.05595,448.0
1753533037754,12:30:37.754,BRETT/USDT:USDT,0.05587,1131.0,0.05586,2990.0,0.05593,35.0,0.05595,448.0
1753533038132,12:30:38.132,BRETT/USDT:USDT,0.05587,1131.0,0.05586,2990.0,0.05593,85.0,0.05595,448.0
1753533038465,12:30:38.465,BRETT/USDT:USDT,0.05587,1131.0,0.05586,2990.0,0.05593,135.0,0.05595,448.0
1753533038576,12:30:38.576,BRETT/USDT:USDT,0.05587,1081.0,0.05586,2990.0,0.05593,587.0,0.05595,448.0
1753533038625,12:30:38.625,BRETT/USDT:USDT,0.05587,1031.0,0.05586,2940.0,0.05593,587.0,0.05595,448.0
1753533038942,12:30:38.942,BRETT/USDT:USDT,0.05587,1031.0,0.05586,2940.0,0.05593,587.0,0.05595,448.0
1753533039042,12:30:39.042,BRETT/USDT:USDT,0.05587,1031.0,0.05586,2940.0,0.05593,587.0,0.05595,448.0
1753533039113,12:30:39.113,BRETT/USDT:USDT,0.05587,1031.0,0.05586,2940.0,0.05593,587.0,0.05595,448.0
1753533039473,12:30:39.473,BRETT/USDT:USDT,0.05587,1081.0,0.05586,2940.0,0.05593,587.0,0.05595,448.0
1753533039571,12:30:39.571,BRETT/USDT:USDT,0.05587,1081.0,0.05586,2940.0,0.05593,587.0,0.05595,448.0
1753533039582,12:30:39.582,BRETT/USDT:USDT,0.05587,1081.0,0.05586,2940.0,0.05593,587.0,0.05595,448.0
1753533039868,12:30:39.868,BRETT/USDT:USDT,0.05587,1081.0,0.05586,2940.0,0.05593,587.0,0.05595,448.0
1753533039979,12:30:39.979,BRETT/USDT:USDT,0.05587,1081.0,0.05586,2940.0,0.05593,587.0,0.05595,448.0
1753533040276,12:30:40.276,BRETT/USDT:USDT,0.05587,1081.0,0.05586,2940.0,0.05593,487.0,0.05595,448.0
1753533040379,12:30:40.379,BRETT/USDT:USDT,0.05587,1081.0,0.05586,2940.0,0.05593,35.0,0.05595,448.0
1753533040462,12:30:40.462,BRETT/USDT:USDT,0.05587,1081.0,0.05586,2940.0,0.05594,35.0,0.05595,448.0
1753533040510,12:30:40.510,BRETT/USDT:USDT,0.05587,1131.0,0.05586,2940.0,0.0559,35.0,0.05595,448.0
1753533040687,12:30:40.687,BRETT/USDT:USDT,0.05587,1131.0,0.05586,2940.0,0.05594,35.0,0.05595,448.0
1753533041070,12:30:41.070,BRETT/USDT:USDT,0.05587,1131.0,0.05586,2940.0,0.05594,35.0,0.05595,448.0
1753533041106,12:30:41.106,BRETT/USDT:USDT,0.05587,1131.0,0.05586,2940.0,0.05594,35.0,0.05595,448.0
1753533041400,12:30:41.400,BRETT/USDT:USDT,0.05587,1131.0,0.05586,2940.0,0.05594,35.0,0.05595,448.0
1753533043522,12:30:43.522,BRETT/USDT:USDT,0.05587,1131.0,0.05586,2940.0,0.0559,35.0,0.05595,448.0
1753533043824,12:30:43.824,BRETT/USDT:USDT,0.05587,1131.0,0.05586,2940.0,0.05594,35.0,0.05595,448.0
1753533043882,12:30:43.882,BRETT/USDT:USDT,0.05587,1131.0,0.05586,2940.0,0.05594,35.0,0.05595,448.0
1753533044000,12:30:44.000,BRETT/USDT:USDT,0.05587,1131.0,0.05586,2940.0,0.05594,35.0,0.05595,448.0
1753533044111,12:30:44.111,BRETT/USDT:USDT,0.05587,1131.0,0.05586,2940.0,0.05594,35.0,0.05595,448.0
1753533045051,12:30:45.051,BRETT/USDT:USDT,0.05587,1131.0,0.05586,2940.0,0.05594,35.0,0.05595,448.0
1753533045446,12:30:45.446,BRETT/USDT:USDT,0.05587,1131.0,0.05586,2940.0,0.05594,35.0,0.05595,448.0
1753533045591,12:30:45.591,BRETT/USDT:USDT,0.05587,1131.0,0.05586,2940.0,0.05594,489.0,0.05595,448.0
1753533046004,12:30:46.004,BRETT/USDT:USDT,0.05587,1131.0,0.05586,2940.0,0.05594,489.0,0.05595,448.0
1753533046511,12:30:46.511,BRETT/USDT:USDT,0.05587,1131.0,0.05586,2940.0,0.05591,35.0,0.05594,454.0
1753533046776,12:30:46.776,BRETT/USDT:USDT,0.05587,1131.0,0.05586,2940.0,0.0559,35.0,0.05595,448.0
1753533046778,12:30:46.778,BRETT/USDT:USDT,0.05587,1131.0,0.05586,2940.0,0.05593,35.0,0.05595,448.0
1753533047054,12:30:47.054,BRETT/USDT:USDT,0.05587,1131.0,0.05586,2940.0,0.05594,35.0,0.05595,448.0
1753533047156,12:30:47.156,BRETT/USDT:USDT,0.05587,1131.0,0.05586,2940.0,0.05594,35.0,0.05595,448.0
1753533047239,12:30:47.239,BRETT/USDT:USDT,0.05587,1131.0,0.05586,2940.0,0.05594,35.0,0.05595,448.0
1753533047408,12:30:47.408,BRETT/USDT:USDT,0.05587,1081.0,0.05586,2940.0,0.05594,35.0,0.05595,448.0
1753533047561,12:30:47.561,BRETT/USDT:USDT,0.05587,1081.0,0.05586,2940.0,0.05594,35.0,0.05595,448.0
1753533047718,12:30:47.718,BRETT/USDT:USDT,0.05587,1081.0,0.05586,2940.0,0.05594,35.0,0.05595,448.0
1753533047877,12:30:47.877,BRETT/USDT:USDT,0.05587,1081.0,0.05586,2940.0,0.05594,489.0,0.05595,448.0
1753533048004,12:30:48.004,BRETT/USDT:USDT,0.05587,1081.0,0.05586,2940.0,0.05594,489.0,0.05595,448.0
1753533048619,12:30:48.619,BRETT/USDT:USDT,0.05587,1081.0,0.05586,2940.0,0.05594,489.0,0.05595,448.0
1753533048774,12:30:48.774,BRETT/USDT:USDT,0.05587,1081.0,0.05586,2940.0,0.05594,489.0,0.05595,448.0
1753533049005,12:30:49.005,BRETT/USDT:USDT,0.05587,1081.0,0.05586,2940.0,0.05594,489.0,0.05595,448.0
1753533050031,12:30:50.031,BRETT/USDT:USDT,0.05587,1081.0,0.05586,2940.0,0.05594,489.0,0.05595,448.0
1753533053003,12:30:53.003,BRETT/USDT:USDT,0.05587,1081.0,0.05586,2940.0,0.05594,489.0,0.05595,448.0
1753533053234,12:30:53.234,BRETT/USDT:USDT,0.05587,1081.0,0.05586,2940.0,0.05594,489.0,0.05595,448.0
1753533053419,12:30:53.419,BRETT/USDT:USDT,0.05587,1081.0,0.05586,2940.0,0.05594,489.0,0.05595,448.0
1753533053866,12:30:53.866,BRETT/USDT:USDT,0.05587,1081.0,0.05586,2940.0,0.05594,489.0,0.05595,448.0
1753533053883,12:30:53.883,BRETT/USDT:USDT,0.05587,1081.0,0.05586,2940.0,0.05594,489.0,0.05595,448.0
1753533054004,12:30:54.004,BRETT/USDT:USDT,0.05587,1081.0,0.05586,2940.0,0.05594,489.0,0.05595,448.0
1753533055006,12:30:55.006,BRETT/USDT:USDT,0.05587,1081.0,0.05586,2940.0,0.05594,489.0,0.05595,448.0
1753533055541,12:30:55.541,BRETT/USDT:USDT,0.05587,1081.0,0.05586,2940.0,0.05594,489.0,0.05595,448.0
1753533055620,12:30:55.620,BRETT/USDT:USDT,0.05587,1081.0,0.05586,2940.0,0.05594,489.0,0.05595,448.0
1753533056150,12:30:56.150,BRETT/USDT:USDT,0.05587,1081.0,0.05586,2940.0,0.05594,489.0,0.05595,448.0
1753533056441,12:30:56.441,BRETT/USDT:USDT,0.05587,1081.0,0.05586,2940.0,0.05594,489.0,0.05595,448.0
1753533057181,12:30:57.181,BRETT/USDT:USDT,0.05587,1081.0,0.05586,2940.0,0.05594,489.0,0.05595,448.0
1753533058219,12:30:58.219,BRETT/USDT:USDT,0.05587,1081.0,0.05586,2940.0,0.05594,489.0,0.05595,448.0
1753533059470,12:30:59.470,BRETT/USDT:USDT,0.05587,1081.0,0.05586,2940.0,0.05592,35.0,0.05593,554.0
1753533059490,12:30:59.490,BRETT/USDT:USDT,0.05587,1081.0,0.05586,2940.0,0.05592,35.0,0.05593,554.0
1753533059671,12:30:59.671,BRETT/USDT:USDT,0.05587,1081.0,0.05586,2940.0,0.05592,489.0,0.05593,554.0
1753533059771,12:30:59.771,BRETT/USDT:USDT,0.05586,10.0,0.05582,46.0,0.0559,35.0,0.05591,554.0
1753533059861,12:30:59.861,BRETT/USDT:USDT,0.05586,10.0,0.05584,879.0,0.0559,35.0,0.05591,554.0
1753533059975,12:30:59.975,BRETT/USDT:USDT,0.05586,10.0,0.05584,879.0,0.0559,35.0,0.05591,554.0
1753533060069,12:31:00.069,BRETT/USDT:USDT,0.05586,10.0,0.05584,879.0,0.0559,35.0,0.05591,554.0
1753533060098,12:31:00.098,BRETT/USDT:USDT,0.05586,10.0,0.05584,879.0,0.0559,35.0,0.05591,554.0
1753533060514,12:31:00.514,BRETT/USDT:USDT,0.05586,10.0,0.05584,879.0,0.0559,35.0,0.05591,554.0
1753533060928,12:31:00.928,BRETT/USDT:USDT,0.05586,10.0,0.05584,879.0,0.0559,35.0,0.05591,554.0
1753533061046,12:31:01.046,BRETT/USDT:USDT,0.05586,10.0,0.05584,879.0,0.0559,489.0,0.05591,554.0
1753533061165,12:31:01.165,BRETT/USDT:USDT,0.05586,10.0,0.05584,879.0,0.0559,489.0,0.05591,554.0
1753533061263,12:31:01.263,BRETT/USDT:USDT,0.05586,10.0,0.05584,879.0,0.0559,489.0,0.05591,554.0
1753533061402,12:31:01.402,BRETT/USDT:USDT,0.05586,10.0,0.05584,879.0,0.0559,489.0,0.05591,554.0
1753533062021,12:31:02.021,BRETT/USDT:USDT,0.05586,10.0,0.05584,879.0,0.0559,489.0,0.05591,554.0
1753533063022,12:31:03.022,BRETT/USDT:USDT,0.05586,10.0,0.05584,879.0,0.0559,489.0,0.05591,554.0
1753533063520,12:31:03.520,BRETT/USDT:USDT,0.05586,10.0,0.05584,879.0,0.0559,489.0,0.05591,554.0
1753533063710,12:31:03.710,BRETT/USDT:USDT,0.05586,10.0,0.05584,879.0,0.0559,489.0,0.05591,554.0
1753533064043,12:31:04.043,BRETT/USDT:USDT,0.05586,10.0,0.05584,879.0,0.0559,489.0,0.05591,554.0
1753533065005,12:31:05.005,BRETT/USDT:USDT,0.05586,10.0,0.05584,879.0,0.0559,489.0,0.05591,554.0
1753533066118,12:31:06.118,BRETT/USDT:USDT,0.05586,10.0,0.05584,879.0,0.0559,489.0,0.05591,554.0
1753533067450,12:31:07.450,BRETT/USDT:USDT,0.05586,110.0,0.05584,879.0,0.0559,35.0,0.05591,454.0
1753533067577,12:31:07.577,BRETT/USDT:USDT,0.05586,110.0,0.05584,1333.0,0.05592,1041.0,0.05593,3384.0
1753533067648,12:31:07.648,BRETT/USDT:USDT,0.05586,110.0,0.05584,1379.0,0.05592,12.0,0.05593,3384.0
1753533067767,12:31:07.767,BRETT/USDT:USDT,0.05586,110.0,0.05584,1379.0,0.05592,12.0,0.05593,454.0
1753533067820,12:31:07.820,BRETT/USDT:USDT,0.05586,110.0,0.05584,1379.0,0.05593,454.0,0.05594,1134.0
1753533068007,12:31:08.007,BRETT/USDT:USDT,0.05586,110.0,0.05584,1379.0,0.05593,454.0,0.05594,1134.0
1753533068190,12:31:08.190,BRETT/USDT:USDT,0.05586,110.0,0.05584,1379.0,0.05593,454.0,0.05594,1134.0
1753533068605,12:31:08.605,BRETT/USDT:USDT,0.05586,110.0,0.05584,1379.0,0.05593,454.0,0.05594,1134.0
1753533068854,12:31:08.854,BRETT/USDT:USDT,0.05586,110.0,0.05584,1379.0,0.05593,454.0,0.05594,1134.0
1753533069069,12:31:09.069,BRETT/USDT:USDT,0.05586,110.0,0.05585,991.0,0.05594,1223.0,0.05595,1341.0
1753533069118,12:31:09.118,BRETT/USDT:USDT,0.05586,581.0,0.05585,991.0,0.05594,1134.0,0.05595,1341.0
1753533069340,12:31:09.340,BRETT/USDT:USDT,0.05586,581.0,0.05585,991.0,0.05594,1134.0,0.05595,1341.0
1753533069437,12:31:09.437,BRETT/USDT:USDT,0.05586,581.0,0.05585,991.0,0.05594,1134.0,0.05595,1341.0
1753533069878,12:31:09.878,BRETT/USDT:USDT,0.05586,581.0,0.05585,991.0,0.05594,466.0,0.05595,1341.0
1753533070034,12:31:10.034,BRETT/USDT:USDT,0.05586,581.0,0.05585,991.0,0.05594,466.0,0.05595,1341.0
1753533071423,12:31:11.423,BRETT/USDT:USDT,0.05586,581.0,0.05585,991.0,0.05594,466.0,0.05595,1341.0
1753533071625,12:31:11.625,BRETT/USDT:USDT,0.05586,581.0,0.05585,945.0,0.05594,466.0,0.05595,1341.0
1753533072620,12:31:12.620,BRETT/USDT:USDT,0.05586,581.0,0.05585,945.0,0.05594,466.0,0.05595,1341.0
1753533073979,12:31:13.979,BRETT/USDT:USDT,0.05586,581.0,0.05585,945.0,0.05594,466.0,0.05595,1341.0
1753533074078,12:31:14.078,BRETT/USDT:USDT,0.05584,879.0,0.05582,46.0,0.05593,1139.0,0.05594,512.0
1753533074179,12:31:14.179,BRETT/USDT:USDT,0.05581,537.0,0.0558,466.0,0.05591,471.0,0.05592,483.0
1753533074267,12:31:14.267,BRETT/USDT:USDT,0.05581,537.0,0.0558,2931.0,0.05589,471.0,0.0559,483.0
1753533074372,12:31:14.372,BRETT/USDT:USDT,0.05581,1416.0,0.0558,2931.0,0.05588,12.0,0.05589,471.0
1753533074468,12:31:14.468,BRETT/USDT:USDT,0.05581,1416.0,0.0558,2931.0,0.05587,571.0,0.05588,12.0
1753533074577,12:31:14.577,BRETT/USDT:USDT,0.05581,879.0,0.0558,2931.0,0.05586,483.0,0.05587,571.0
1753533074632,12:31:14.632,BRETT/USDT:USDT,0.05581,879.0,0.0558,2931.0,0.05586,483.0,0.05587,571.0
1753533074696,12:31:14.696,BRETT/USDT:USDT,0.05581,929.0,0.0558,2931.0,0.05586,483.0,0.05587,571.0
1753533075070,12:31:15.070,BRETT/USDT:USDT,0.05581,929.0,0.0558,2931.0,0.05586,483.0,0.05587,571.0
1753533075117,12:31:15.117,BRETT/USDT:USDT,0.05581,929.0,0.0558,2931.0,0.05586,483.0,0.05587,571.0
1753533075191,12:31:15.191,BRETT/USDT:USDT,0.05581,929.0,0.0558,2981.0,0.05586,483.0,0.05587,571.0
1753533075547,12:31:15.547,BRETT/USDT:USDT,0.05581,929.0,0.0558,2981.0,0.05586,483.0,0.05587,571.0
1753533075765,12:31:15.765,BRETT/USDT:USDT,0.05581,929.0,0.0558,2981.0,0.05586,483.0,0.05587,571.0
1753533076384,12:31:16.384,BRETT/USDT:USDT,0.05581,929.0,0.0558,2981.0,0.05586,483.0,0.05587,571.0
1753533076544,12:31:16.544,BRETT/USDT:USDT,0.05581,929.0,0.0558,2981.0,0.05586,483.0,0.05587,571.0
1753533076859,12:31:16.859,BRETT/USDT:USDT,0.05581,929.0,0.0558,2981.0,0.05586,483.0,0.05587,571.0
1753533077976,12:31:17.976,BRETT/USDT:USDT,0.05581,929.0,0.0558,2981.0,0.05586,12.0,0.05589,471.0
1753533078049,12:31:18.049,BRETT/USDT:USDT,0.05581,929.0,0.0558,3498.0,0.05586,12.0,0.05589,471.0
1753533078150,12:31:18.150,BRETT/USDT:USDT,0.05581,929.0,0.0558,3498.0,0.05586,12.0,0.05589,471.0
1753533078345,12:31:18.345,BRETT/USDT:USDT,0.05581,929.0,0.0558,3498.0,0.05586,12.0,0.05589,471.0
1753533078421,12:31:18.421,BRETT/USDT:USDT,0.05581,929.0,0.0558,3498.0,0.05586,12.0,0.05589,471.0
1753533078488,12:31:18.488,BRETT/USDT:USDT,0.05581,929.0,0.0558,3498.0,0.05586,12.0,0.05589,471.0
1753533078757,12:31:18.757,BRETT/USDT:USDT,0.05581,929.0,0.0558,3498.0,0.05586,12.0,0.05589,471.0
1753533078817,12:31:18.817,BRETT/USDT:USDT,0.05581,929.0,0.0558,3498.0,0.05588,6.0,0.05589,471.0
1753533078883,12:31:18.883,BRETT/USDT:USDT,0.05581,929.0,0.0558,3498.0,0.05588,12.0,0.05589,471.0
1753533079003,12:31:19.003,BRETT/USDT:USDT,0.05581,929.0,0.0558,3498.0,0.05588,12.0,0.05589,471.0
1753533079170,12:31:19.170,BRETT/USDT:USDT,0.05581,929.0,0.0558,3498.0,0.05588,12.0,0.05589,471.0
1753533079588,12:31:19.588,BRETT/USDT:USDT,0.05581,929.0,0.0558,3498.0,0.05588,12.0,0.05589,471.0
1753533080021,12:31:20.021,BRETT/USDT:USDT,0.05581,929.0,0.0558,3498.0,0.05585,1.0,0.05588,12.0
1753533080117,12:31:20.117,BRETT/USDT:USDT,0.05582,375.0,0.05581,979.0,0.05588,12.0,0.05589,471.0
1753533080454,12:31:20.454,BRETT/USDT:USDT,0.05582,375.0,0.05581,979.0,0.05588,12.0,0.05589,471.0
1753533081103,12:31:21.103,BRETT/USDT:USDT,0.05582,375.0,0.05581,979.0,0.05588,12.0,0.05589,471.0
1753533081270,12:31:21.270,BRETT/USDT:USDT,0.05582,375.0,0.05581,979.0,0.05588,12.0,0.05589,471.0
1753533081644,12:31:21.644,BRETT/USDT:USDT,0.05582,375.0,0.05581,979.0,0.05588,62.0,0.05589,471.0
1753533081719,12:31:21.719,BRETT/USDT:USDT,0.05582,375.0,0.05581,979.0,0.05588,112.0,0.05589,471.0
1753533082279,12:31:22.279,BRETT/USDT:USDT,0.05582,375.0,0.05581,979.0,0.05588,112.0,0.05589,471.0
1753533082330,12:31:22.330,BRETT/USDT:USDT,0.05582,375.0,0.05581,979.0,0.05588,112.0,0.05589,471.0
1753533083118,12:31:23.118,BRETT/USDT:USDT,0.05582,375.0,0.05581,979.0,0.05588,112.0,0.05589,471.0
1753533083220,12:31:23.220,BRETT/USDT:USDT,0.05582,375.0,0.05581,979.0,0.05588,112.0,0.05589,471.0
1753533083623,12:31:23.623,BRETT/USDT:USDT,0.05582,325.0,0.05581,929.0,0.05588,112.0,0.05589,471.0
1753533083769,12:31:23.769,BRETT/USDT:USDT,0.05582,325.0,0.05581,929.0,0.05588,112.0,0.05589,471.0
1753533084003,12:31:24.003,BRETT/USDT:USDT,0.05582,325.0,0.05581,929.0,0.05588,112.0,0.05589,471.0
1753533084722,12:31:24.722,BRETT/USDT:USDT,0.05582,375.0,0.05581,929.0,0.05588,112.0,0.05589,471.0
1753533088022,12:31:28.022,BRETT/USDT:USDT,0.05582,375.0,0.05581,929.0,0.05588,112.0,0.05589,471.0
1753533088156,12:31:28.156,BRETT/USDT:USDT,0.05582,375.0,0.05581,929.0,0.05588,112.0,0.05589,471.0
1753533089202,12:31:29.202,BRETT/USDT:USDT,0.05582,375.0,0.05581,929.0,0.05588,112.0,0.05589,471.0
1753533090322,12:31:30.322,BRETT/USDT:USDT,0.05582,375.0,0.05581,929.0,0.05588,112.0,0.05589,471.0
1753533092821,12:31:32.821,BRETT/USDT:USDT,0.05582,375.0,0.05581,929.0,0.05588,112.0,0.05589,471.0
1753533093653,12:31:33.653,BRETT/USDT:USDT,0.05582,375.0,0.05581,1385.0,0.05588,12.0,0.0559,1346.0
1753533093775,12:31:33.775,BRETT/USDT:USDT,0.05582,375.0,0.05581,1431.0,0.05589,12.0,0.05591,471.0
1753533093862,12:31:33.862,BRETT/USDT:USDT,0.05582,421.0,0.05581,1431.0,0.0559,12.0,0.05592,471.0
1753533093887,12:31:33.887,BRETT/USDT:USDT,0.05582,421.0,0.05581,1431.0,0.05591,12.0,0.05592,471.0
1753533093988,12:31:33.988,BRETT/USDT:USDT,0.05582,552.0,0.05581,1431.0,0.05591,12.0,0.05592,471.0
1753533094186,12:31:34.186,BRETT/USDT:USDT,0.05582,552.0,0.05581,1431.0,0.05591,12.0,0.05592,471.0
1753533094310,12:31:34.310,BRETT/USDT:USDT,0.05582,552.0,0.05581,1431.0,0.05591,12.0,0.05592,471.0
1753533094611,12:31:34.611,BRETT/USDT:USDT,0.05582,552.0,0.05581,1431.0,0.05591,12.0,0.05592,471.0
1753533095020,12:31:35.020,BRETT/USDT:USDT,0.05582,552.0,0.05581,1431.0,0.05591,12.0,0.05592,471.0
1753533096012,12:31:36.012,BRETT/USDT:USDT,0.05582,552.0,0.05581,1431.0,0.05591,12.0,0.05592,471.0
1753533096133,12:31:36.133,BRETT/USDT:USDT,0.05582,552.0,0.05581,1431.0,0.05591,12.0,0.05592,471.0
1753533096578,12:31:36.578,BRETT/USDT:USDT,0.05582,552.0,0.05581,1431.0,0.05591,12.0,0.05592,471.0
1753533097676,12:31:37.676,BRETT/USDT:USDT,0.05582,552.0,0.05581,1431.0,0.05591,12.0,0.05592,471.0
1753533100004,12:31:40.004,BRETT/USDT:USDT,0.05582,552.0,0.05581,1431.0,0.05591,12.0,0.05592,471.0
1753533100644,12:31:40.644,BRETT/USDT:USDT,0.05582,552.0,0.05581,1431.0,0.05591,12.0,0.05592,471.0
1753533102421,12:31:42.421,BRETT/USDT:USDT,0.05582,552.0,0.05581,1431.0,0.05591,12.0,0.05592,471.0
1753533104520,12:31:44.520,BRETT/USDT:USDT,0.05582,1089.0,0.05581,1431.0,0.05591,12.0,0.05592,471.0
1753533104681,12:31:44.681,BRETT/USDT:USDT,0.05582,1089.0,0.05581,1431.0,0.05591,12.0,0.05592,471.0
1753533105421,12:31:45.421,BRETT/USDT:USDT,0.05582,1089.0,0.05581,1431.0,0.05591,12.0,0.05592,471.0
1753533105543,12:31:45.543,BRETT/USDT:USDT,0.05583,995.0,0.05582,1026.0,0.05591,12.0,0.05592,471.0
1753533105588,12:31:45.588,BRETT/USDT:USDT,0.05583,995.0,0.05582,1026.0,0.05591,12.0,0.05592,471.0
1753533105762,12:31:45.762,BRETT/USDT:USDT,0.05583,995.0,0.05582,1026.0,0.05591,12.0,0.05592,471.0
1753533105799,12:31:45.799,BRETT/USDT:USDT,0.05583,995.0,0.05582,1026.0,0.05591,12.0,0.05592,471.0
1753533106004,12:31:46.004,BRETT/USDT:USDT,0.05583,995.0,0.05582,1026.0,0.05591,12.0,0.05592,471.0
1753533106581,12:31:46.581,BRETT/USDT:USDT,0.05583,995.0,0.05582,1026.0,0.05591,12.0,0.05592,471.0
1753533106725,12:31:46.725,BRETT/USDT:USDT,0.05583,995.0,0.05582,1026.0,0.05591,12.0,0.05592,471.0
1753533107221,12:31:47.221,BRETT/USDT:USDT,0.05583,995.0,0.05582,1026.0,0.05591,12.0,0.05592,471.0
1753533107877,12:31:47.877,BRETT/USDT:USDT,0.05583,995.0,0.05582,1026.0,0.05591,470.0,0.05592,471.0
1753533107960,12:31:47.960,BRETT/USDT:USDT,0.05583,537.0,0.05582,1026.0,0.05591,470.0,0.05592,471.0
1753533108008,12:31:48.008,BRETT/USDT:USDT,0.05583,537.0,0.05582,1026.0,0.05591,470.0,0.05592,471.0
1753533109671,12:31:49.671,BRETT/USDT:USDT,0.05583,537.0,0.05582,1026.0,0.05591,470.0,0.05592,471.0
1753533109685,12:31:49.685,BRETT/USDT:USDT,0.05583,537.0,0.05582,1026.0,0.05591,470.0,0.05592,471.0
1753533112021,12:31:52.021,BRETT/USDT:USDT,0.05583,537.0,0.05582,1026.0,0.05591,470.0,0.05592,471.0
1753533114870,12:31:54.870,BRETT/USDT:USDT,0.05583,537.0,0.05581,1381.0,0.0559,458.0,0.05591,470.0
1753533114902,12:31:54.902,BRETT/USDT:USDT,0.05583,537.0,0.05581,1381.0,0.05589,112.0,0.0559,458.0
1753533115179,12:31:55.179,BRETT/USDT:USDT,0.05583,537.0,0.05581,1381.0,0.05589,112.0,0.0559,458.0
1753533115181,12:31:55.181,BRETT/USDT:USDT,0.05583,537.0,0.05581,1381.0,0.05589,112.0,0.0559,458.0
1753533115347,12:31:55.347,BRETT/USDT:USDT,0.05583,537.0,0.05581,1381.0,0.05589,112.0,0.05591,458.0
1753533115606,12:31:55.606,BRETT/USDT:USDT,0.05583,537.0,0.05581,1381.0,0.05589,112.0,0.05591,458.0
1753533116003,12:31:56.003,BRETT/USDT:USDT,0.05583,537.0,0.05581,1381.0,0.05589,112.0,0.05591,458.0
1753533116141,12:31:56.141,BRETT/USDT:USDT,0.05583,587.0,0.05581,1381.0,0.05589,112.0,0.05591,458.0
1753533116422,12:31:56.422,BRETT/USDT:USDT,0.05583,587.0,0.05581,1381.0,0.05589,112.0,0.05591,458.0
1753533116821,12:31:56.821,BRETT/USDT:USDT,0.05583,587.0,0.05581,1381.0,0.05589,112.0,0.05591,458.0
1753533117288,12:31:57.288,BRETT/USDT:USDT,0.05583,587.0,0.05581,1381.0,0.05589,112.0,0.05591,458.0
1753533117384,12:31:57.384,BRETT/USDT:USDT,0.05583,637.0,0.05581,1381.0,0.05589,112.0,0.05591,458.0
1753533117523,12:31:57.523,BRETT/USDT:USDT,0.05583,637.0,0.05581,1381.0,0.05589,112.0,0.05592,471.0
1753533118961,12:31:58.961,BRETT/USDT:USDT,0.05583,587.0,0.05581,1381.0,0.05589,112.0,0.05592,471.0
1753533119233,12:31:59.233,BRETT/USDT:USDT,0.05583,587.0,0.05581,1381.0,0.05589,112.0,0.05592,471.0
1753533119578,12:31:59.578,BRETT/USDT:USDT,0.05581,879.0,0.0558,3448.0,0.05589,112.0,0.05592,517.0
1753533119632,12:31:59.632,BRETT/USDT:USDT,0.05581,879.0,0.0558,2931.0,0.05589,565.0,0.05592,517.0
1753533119805,12:31:59.805,BRETT/USDT:USDT,0.05581,879.0,0.0558,2931.0,0.05589,565.0,0.05592,517.0
1753533120012,12:32:00.012,BRETT/USDT:USDT,0.05581,879.0,0.0558,2931.0,0.05589,565.0,0.05592,517.0
1753533120451,12:32:00.451,BRETT/USDT:USDT,0.05581,879.0,0.0558,2931.0,0.05589,565.0,0.05592,517.0
1753533120574,12:32:00.574,BRETT/USDT:USDT,0.05581,879.0,0.0558,2977.0,0.05589,565.0,0.05592,517.0
1753533121019,12:32:01.019,BRETT/USDT:USDT,0.05581,879.0,0.0558,2977.0,0.05589,565.0,0.05592,517.0
1753533121331,12:32:01.331,BRETT/USDT:USDT,0.05581,1416.0,0.0558,2977.0,0.05589,565.0,0.05592,517.0
1753533121544,12:32:01.544,BRETT/USDT:USDT,0.05581,1416.0,0.0558,2931.0,0.05589,565.0,0.05592,517.0
1753533121668,12:32:01.668,BRETT/USDT:USDT,0.05581,1416.0,0.0558,2931.0,0.05588,453.0,0.05589,565.0
1753533121704,12:32:01.704,BRETT/USDT:USDT,0.05581,1516.0,0.0558,2931.0,0.05587,112.0,0.05588,453.0
1753533121821,12:32:01.821,BRETT/USDT:USDT,0.05581,1516.0,0.0558,2931.0,0.05587,112.0,0.05589,453.0
1753533122147,12:32:02.147,BRETT/USDT:USDT,0.05581,1516.0,0.0558,2931.0,0.05587,112.0,0.05589,453.0
1753533122184,12:32:02.184,BRETT/USDT:USDT,0.05581,1516.0,0.0558,2931.0,0.05587,112.0,0.05589,453.0
1753533122473,12:32:02.473,BRETT/USDT:USDT,0.05581,1516.0,0.0558,2931.0,0.05587,112.0,0.05589,453.0
1753533123009,12:32:03.009,BRETT/USDT:USDT,0.05581,1516.0,0.0558,2931.0,0.05587,112.0,0.05589,453.0
1753533123340,12:32:03.340,BRETT/USDT:USDT,0.05581,929.0,0.0558,2931.0,0.05587,112.0,0.05589,453.0
1753533123689,12:32:03.689,BRETT/USDT:USDT,0.05581,929.0,0.0558,2931.0,0.05587,112.0,0.05589,453.0
1753533123804,12:32:03.804,BRETT/USDT:USDT,0.05581,929.0,0.0558,2931.0,0.05587,112.0,0.05589,453.0
1753533125003,12:32:05.003,BRETT/USDT:USDT,0.05581,929.0,0.0558,2931.0,0.05587,112.0,0.05589,453.0
1753533125742,12:32:05.742,BRETT/USDT:USDT,0.05581,929.0,0.0558,2931.0,0.05587,112.0,0.05589,453.0
1753533126421,12:32:06.421,BRETT/USDT:USDT,0.05581,929.0,0.0558,2931.0,0.05587,112.0,0.05589,453.0
1753533128413,12:32:08.413,BRETT/USDT:USDT,0.05581,929.0,0.0558,2931.0,0.05587,112.0,0.05589,453.0
1753533128488,12:32:08.488,BRETT/USDT:USDT,0.05581,879.0,0.0558,2931.0,0.05587,112.0,0.05589,453.0
1753533128644,12:32:08.644,BRETT/USDT:USDT,0.05581,879.0,0.0558,2931.0,0.05587,112.0,0.05589,453.0
1753533128787,12:32:08.787,BRETT/USDT:USDT,0.05581,879.0,0.0558,2931.0,0.05587,576.0,0.05589,453.0
1753533129409,12:32:09.409,BRETT/USDT:USDT,0.05581,879.0,0.0558,2931.0,0.05587,576.0,0.05589,453.0
1753533129726,12:32:09.726,BRETT/USDT:USDT,0.05581,879.0,0.0558,2931.0,0.05587,576.0,0.05589,453.0
1753533130022,12:32:10.022,BRETT/USDT:USDT,0.05581,879.0,0.0558,2931.0,0.05587,576.0,0.05589,453.0
1753533130139,12:32:10.139,BRETT/USDT:USDT,0.05581,879.0,0.0558,2931.0,0.05587,576.0,0.05589,453.0
1753533131242,12:32:11.242,BRETT/USDT:USDT,0.05581,879.0,0.0558,2931.0,0.05587,576.0,0.05589,453.0
1753533131485,12:32:11.485,BRETT/USDT:USDT,0.05581,879.0,0.0558,2931.0,0.05587,576.0,0.05589,453.0
1753533134560,12:32:14.560,BRETT/USDT:USDT,0.05581,879.0,0.0558,2931.0,0.05587,576.0,0.05589,453.0
1753533134641,12:32:14.641,BRETT/USDT:USDT,0.05581,879.0,0.0558,2931.0,0.05587,576.0,0.05589,453.0
1753533135158,12:32:15.158,BRETT/USDT:USDT,0.05581,879.0,0.0558,2931.0,0.05587,576.0,0.05589,453.0
1753533135457,12:32:15.457,BRETT/USDT:USDT,0.05581,879.0,0.0558,2931.0,0.05587,576.0,0.05589,453.0
1753533136022,12:32:16.022,BRETT/USDT:USDT,0.05581,879.0,0.0558,2931.0,0.05587,576.0,0.05589,453.0
1753533137603,12:32:17.603,BRETT/USDT:USDT,0.05581,879.0,0.0558,2931.0,0.05587,576.0,0.05589,453.0
1753533138263,12:32:18.263,BRETT/USDT:USDT,0.05581,879.0,0.0558,2931.0,0.05587,576.0,0.05589,453.0
1753533138978,12:32:18.978,BRETT/USDT:USDT,0.05581,879.0,0.0558,2931.0,0.05587,12.0,0.05589,453.0
1753533139063,12:32:19.063,BRETT/USDT:USDT,0.05581,879.0,0.0558,2977.0,0.05588,12.0,0.05589,453.0
1753533139502,12:32:19.502,BRETT/USDT:USDT,0.05581,879.0,0.0558,2977.0,0.05588,12.0,0.05589,453.0
1753533140160,12:32:20.160,BRETT/USDT:USDT,0.05581,879.0,0.0558,2977.0,0.05588,12.0,0.05589,453.0
1753533140194,12:32:20.194,BRETT/USDT:USDT,0.05581,879.0,0.0558,2977.0,0.05588,12.0,0.05589,453.0
1753533140622,12:32:20.622,BRETT/USDT:USDT,0.05581,879.0,0.0558,2977.0,0.05588,12.0,0.05589,453.0
1753533140842,12:32:20.842,BRETT/USDT:USDT,0.05581,879.0,0.0558,2977.0,0.05588,12.0,0.05589,453.0
1753533144065,12:32:24.065,BRETT/USDT:USDT,0.05581,879.0,0.0558,2977.0,0.05588,12.0,0.05589,453.0
1753533145622,12:32:25.622,BRETT/USDT:USDT,0.05581,879.0,0.0558,2977.0,0.05588,12.0,0.05589,453.0
1753533146156,12:32:26.156,BRETT/USDT:USDT,0.05581,879.0,0.0558,2977.0,0.05588,12.0,0.05589,453.0
1753533148380,12:32:28.380,BRETT/USDT:USDT,0.05581,879.0,0.0558,2931.0,0.05588,12.0,0.05589,453.0
1753533148446,12:32:28.446,BRETT/USDT:USDT,0.05581,879.0,0.0558,2931.0,0.05588,12.0,0.05589,453.0
1753533148621,12:32:28.621,BRETT/USDT:USDT,0.05581,879.0,0.0558,2931.0,0.05588,462.0,0.05589,453.0
1753533148708,12:32:28.708,BRETT/USDT:USDT,0.05581,879.0,0.0558,2931.0,0.05588,462.0,0.05589,453.0
1753533149839,12:32:29.839,BRETT/USDT:USDT,0.05581,879.0,0.0558,2977.0,0.05588,12.0,0.0559,458.0
1753533149962,12:32:29.962,BRETT/USDT:USDT,0.05581,879.0,0.0558,2977.0,0.05589,12.0,0.0559,458.0
1753533150104,12:32:30.104,BRETT/USDT:USDT,0.05582,537.0,0.05581,879.0,0.05589,12.0,0.0559,458.0
1753533150278,12:32:30.278,BRETT/USDT:USDT,0.05582,537.0,0.05581,879.0,0.05589,12.0,0.0559,458.0
1753533150286,12:32:30.286,BRETT/USDT:USDT,0.05582,537.0,0.05581,879.0,0.05589,12.0,0.0559,458.0
1753533150423,12:32:30.423,BRETT/USDT:USDT,0.05582,537.0,0.05581,879.0,0.05589,12.0,0.0559,458.0
1753533151060,12:32:31.060,BRETT/USDT:USDT,0.05582,537.0,0.05581,879.0,0.05589,12.0,0.0559,458.0
1753533151082,12:32:31.082,BRETT/USDT:USDT,0.05582,537.0,0.05581,879.0,0.05589,12.0,0.0559,458.0
1753533152530,12:32:32.530,BRETT/USDT:USDT,0.05581,879.0,0.0558,2977.0,0.05589,12.0,0.0559,458.0
1753533152654,12:32:32.654,BRETT/USDT:USDT,0.05581,879.0,0.0558,2977.0,0.05589,12.0,0.0559,458.0
1753533152944,12:32:32.944,BRETT/USDT:USDT,0.05581,879.0,0.0558,2931.0,0.05589,12.0,0.0559,458.0
1753533153053,12:32:33.053,BRETT/USDT:USDT,0.05581,879.0,0.0558,2931.0,0.05589,12.0,0.0559,458.0
1753533153199,12:32:33.199,BRETT/USDT:USDT,0.05581,879.0,0.0558,2931.0,0.05589,12.0,0.0559,458.0
1753533153351,12:32:33.351,BRETT/USDT:USDT,0.05581,879.0,0.0558,2931.0,0.05589,12.0,0.0559,458.0
1753533153503,12:32:33.503,BRETT/USDT:USDT,0.05581,879.0,0.0558,2931.0,0.05589,12.0,0.0559,458.0
1753533153662,12:32:33.662,BRETT/USDT:USDT,0.05581,879.0,0.0558,2931.0,0.05589,470.0,0.0559,458.0
1753533153925,12:32:33.925,BRETT/USDT:USDT,0.05581,879.0,0.0558,2931.0,0.05589,470.0,0.0559,458.0
1753533154012,12:32:34.012,BRETT/USDT:USDT,0.05581,879.0,0.0558,2931.0,0.05589,470.0,0.0559,458.0
1753533154141,12:32:34.141,BRETT/USDT:USDT,0.05581,879.0,0.0558,2931.0,0.05588,458.0,0.05589,470.0
1753533154273,12:32:34.273,BRETT/USDT:USDT,0.05581,929.0,0.0558,2931.0,0.05587,62.0,0.05588,458.0
1753533154310,12:32:34.310,BRETT/USDT:USDT,0.05581,929.0,0.0558,2931.0,0.05587,62.0,0.05588,458.0
1753533154688,12:32:34.688,BRETT/USDT:USDT,0.05581,929.0,0.0558,2931.0,0.05587,62.0,0.05588,458.0
1753533155022,12:32:35.022,BRETT/USDT:USDT,0.05581,929.0,0.0558,2931.0,0.05587,62.0,0.05588,458.0
1753533155102,12:32:35.102,BRETT/USDT:USDT,0.05581,929.0,0.0558,2931.0,0.05587,62.0,0.05588,458.0
1753533155222,12:32:35.222,BRETT/USDT:USDT,0.05581,929.0,0.0558,2931.0,0.05587,62.0,0.05588,458.0
1753533156007,12:32:36.007,BRETT/USDT:USDT,0.05581,929.0,0.0558,2931.0,0.05587,62.0,0.05588,458.0
1753533156403,12:32:36.403,BRETT/USDT:USDT,0.05581,929.0,0.0558,2931.0,0.05587,12.0,0.0559,458.0
1753533156509,12:32:36.509,BRETT/USDT:USDT,0.05581,929.0,0.0558,2931.0,0.05589,12.0,0.0559,458.0
1753533156721,12:32:36.721,BRETT/USDT:USDT,0.05581,929.0,0.0558,2931.0,0.05589,12.0,0.0559,458.0
1753533156782,12:32:36.782,BRETT/USDT:USDT,0.05581,929.0,0.0558,2931.0,0.05589,12.0,0.0559,458.0
1753533156932,12:32:36.932,BRETT/USDT:USDT,0.05581,929.0,0.0558,2931.0,0.05589,470.0,0.0559,458.0
1753533157010,12:32:37.010,BRETT/USDT:USDT,0.05581,929.0,0.0558,2931.0,0.05589,470.0,0.0559,458.0
1753533157139,12:32:37.139,BRETT/USDT:USDT,0.05581,929.0,0.0558,2977.0,0.05589,470.0,0.0559,458.0
1753533157535,12:32:37.535,BRETT/USDT:USDT,0.05581,929.0,0.0558,2977.0,0.05589,470.0,0.0559,458.0
1753533158772,12:32:38.772,BRETT/USDT:USDT,0.05581,929.0,0.0558,2977.0,0.05589,470.0,0.0559,458.0
1753533160024,12:32:40.024,BRETT/USDT:USDT,0.05581,929.0,0.0558,2977.0,0.05589,470.0,0.0559,458.0
1753533160105,12:32:40.105,BRETT/USDT:USDT,0.05581,929.0,0.0558,2977.0,0.05589,470.0,0.0559,458.0
1753533160358,12:32:40.358,BRETT/USDT:USDT,0.05581,929.0,0.0558,2977.0,0.05589,470.0,0.0559,458.0
1753533160818,12:32:40.818,BRETT/USDT:USDT,0.05581,929.0,0.0558,2977.0,0.05589,470.0,0.0559,458.0
1753533162138,12:32:42.138,BRETT/USDT:USDT,0.05581,929.0,0.0558,2931.0,0.05589,470.0,0.0559,458.0
1753533162262,12:32:42.262,BRETT/USDT:USDT,0.05581,929.0,0.0558,2931.0,0.05588,456.0,0.05589,470.0
1753533162370,12:32:42.370,BRETT/USDT:USDT,0.05581,879.0,0.0558,2931.0,0.05587,62.0,0.05588,456.0
1753533162448,12:32:42.448,BRETT/USDT:USDT,0.05581,879.0,0.0558,2931.0,0.05587,62.0,0.05588,456.0
1753533162867,12:32:42.867,BRETT/USDT:USDT,0.05581,879.0,0.0558,2931.0,0.05587,62.0,0.05589,458.0
1753533163022,12:32:43.022,BRETT/USDT:USDT,0.05581,879.0,0.0558,2931.0,0.05587,112.0,0.05589,458.0
1753533163685,12:32:43.685,BRETT/USDT:USDT,0.05581,879.0,0.0558,2931.0,0.05587,112.0,0.05589,458.0
1753533164099,12:32:44.099,BRETT/USDT:USDT,0.05581,879.0,0.0558,2931.0,0.05587,112.0,0.05589,458.0
1753533164822,12:32:44.822,BRETT/USDT:USDT,0.05581,879.0,0.0558,2931.0,0.05587,112.0,0.05589,458.0
1753533165026,12:32:45.026,BRETT/USDT:USDT,0.05581,879.0,0.0558,2931.0,0.05587,112.0,0.0559,458.0
1753533165638,12:32:45.638,BRETT/USDT:USDT,0.05581,929.0,0.0558,2931.0,0.05587,112.0,0.0559,458.0
1753533166017,12:32:46.017,BRETT/USDT:USDT,0.05581,929.0,0.0558,2931.0,0.05587,112.0,0.0559,458.0
1753533166304,12:32:46.304,BRETT/USDT:USDT,0.05581,929.0,0.0558,2931.0,0.05587,112.0,0.0559,458.0
1753533167046,12:32:47.046,BRETT/USDT:USDT,0.05581,879.0,0.0558,2931.0,0.05587,112.0,0.0559,458.0
1753533167081,12:32:47.081,BRETT/USDT:USDT,0.05581,929.0,0.0558,2931.0,0.05587,112.0,0.0559,458.0
1753533168414,12:32:48.414,BRETT/USDT:USDT,0.05581,929.0,0.0558,2931.0,0.05587,112.0,0.0559,458.0
1753533168700,12:32:48.700,BRETT/USDT:USDT,0.05581,929.0,0.0558,2931.0,0.05587,112.0,0.0559,458.0
1753533169322,12:32:49.322,BRETT/USDT:USDT,0.05581,929.0,0.0558,2931.0,0.05587,12.0,0.0559,458.0
1753533169406,12:32:49.406,BRETT/USDT:USDT,0.05581,929.0,0.0558,2931.0,0.05589,12.0,0.0559,458.0
1753533169558,12:32:49.558,BRETT/USDT:USDT,0.05581,929.0,0.0558,2931.0,0.05589,12.0,0.0559,458.0
1753533169622,12:32:49.622,BRETT/USDT:USDT,0.05581,929.0,0.0558,2931.0,0.05589,12.0,0.0559,458.0
1753533169719,12:32:49.719,BRETT/USDT:USDT,0.05581,929.0,0.0558,2931.0,0.05589,473.0,0.0559,458.0
1753533169919,12:32:49.919,BRETT/USDT:USDT,0.05581,929.0,0.0558,2931.0,0.05588,461.0,0.05589,473.0
1753533170004,12:32:50.004,BRETT/USDT:USDT,0.05581,929.0,0.0558,2931.0,0.05587,62.0,0.05588,461.0
1753533171506,12:32:51.506,BRETT/USDT:USDT,0.05581,929.0,0.0558,2931.0,0.05587,62.0,0.05589,461.0
1753533171741,12:32:51.741,BRETT/USDT:USDT,0.05581,929.0,0.0558,2931.0,0.05587,62.0,0.05589,461.0
1753533172553,12:32:52.553,BRETT/USDT:USDT,0.05581,929.0,0.0558,2931.0,0.05587,62.0,0.05589,461.0
1753533173007,12:32:53.007,BRETT/USDT:USDT,0.05581,929.0,0.0558,2931.0,0.05587,62.0,0.05589,461.0
1753533173427,12:32:53.427,BRETT/USDT:USDT,0.05581,879.0,0.0558,2931.0,0.05587,62.0,0.05589,461.0
1753533174008,12:32:54.008,BRETT/USDT:USDT,0.05581,879.0,0.0558,2931.0,0.05587,62.0,0.05589,461.0
1753533174198,12:32:54.198,BRETT/USDT:USDT,0.05581,879.0,0.0558,2931.0,0.05587,62.0,0.05589,461.0
1753533174422,12:32:54.422,BRETT/USDT:USDT,0.05581,879.0,0.0558,2931.0,0.05587,62.0,0.05589,461.0
1753533174572,12:32:54.572,BRETT/USDT:USDT,0.05581,879.0,0.0558,2931.0,0.05587,62.0,0.05589,461.0
1753533174632,12:32:54.632,BRETT/USDT:USDT,0.05581,879.0,0.0558,2931.0,0.05587,523.0,0.05589,461.0
1753533176003,12:32:56.003,BRETT/USDT:USDT,0.05581,879.0,0.0558,2931.0,0.05587,523.0,0.05589,461.0
1753533176348,12:32:56.348,BRETT/USDT:USDT,0.05581,879.0,0.0558,2931.0,0.05587,523.0,0.05589,461.0
1753533176788,12:32:56.788,BRETT/USDT:USDT,0.05581,929.0,0.0558,2931.0,0.05587,523.0,0.05589,461.0
1753533177433,12:32:57.433,BRETT/USDT:USDT,0.05581,879.0,0.0558,2931.0,0.05587,523.0,0.05589,461.0
1753533178006,12:32:58.006,BRETT/USDT:USDT,0.05581,879.0,0.0558,2931.0,0.05587,523.0,0.05589,461.0
1753533179242,12:32:59.242,BRETT/USDT:USDT,0.05581,879.0,0.0558,2931.0,0.05587,523.0,0.05589,461.0
1753533179336,12:32:59.336,BRETT/USDT:USDT,0.05581,879.0,0.0558,2931.0,0.05587,523.0,0.05589,461.0
1753533179496,12:32:59.496,BRETT/USDT:USDT,0.05581,879.0,0.0558,2931.0,0.05586,509.0,0.05587,523.0
1753533179603,12:32:59.603,BRETT/USDT:USDT,0.05581,879.0,0.0558,2931.0,0.05585,62.0,0.05586,509.0
1753533179804,12:32:59.804,BRETT/USDT:USDT,0.05581,879.0,0.0558,2931.0,0.05585,62.0,0.05586,509.0
1753533180183,12:33:00.183,BRETT/USDT:USDT,0.05581,879.0,0.0558,2931.0,0.05585,62.0,0.05586,509.0
1753533180376,12:33:00.376,BRETT/USDT:USDT,0.05581,879.0,0.0558,2931.0,0.05585,62.0,0.05586,509.0
1753533180491,12:33:00.491,BRETT/USDT:USDT,0.05581,879.0,0.0558,2931.0,0.05585,62.0,0.05586,509.0
1753533180746,12:33:00.746,BRETT/USDT:USDT,0.05581,879.0,0.0558,2931.0,0.05585,62.0,0.05586,509.0
1753533180942,12:33:00.942,BRETT/USDT:USDT,0.0558,2931.0,0.05578,533.0,0.05585,62.0,0.05586,509.0
1753533181000,12:33:01.000,BRETT/USDT:USDT,0.0558,2931.0,0.05578,533.0,0.05585,521.0,0.05586,509.0
1753533181130,12:33:01.130,BRETT/USDT:USDT,0.0558,1.0,0.05578,1415.0,0.05585,521.0,0.05586,509.0
1753533181731,12:33:01.731,BRETT/USDT:USDT,0.0558,1.0,0.05578,1415.0,0.05585,521.0,0.05586,509.0
1753533182003,12:33:02.003,BRETT/USDT:USDT,0.0558,1.0,0.05578,1415.0,0.05585,521.0,0.05586,509.0
1753533182110,12:33:02.110,BRETT/USDT:USDT,0.0558,51.0,0.05578,1415.0,0.05585,521.0,0.05586,509.0
1753533183058,12:33:03.058,BRETT/USDT:USDT,0.0558,51.0,0.05578,1415.0,0.05585,521.0,0.05586,509.0
1753533184042,12:33:04.042,BRETT/USDT:USDT,0.0558,51.0,0.05578,1415.0,0.05585,521.0,0.05586,509.0
1753533184217,12:33:04.217,BRETT/USDT:USDT,0.0558,101.0,0.05578,1415.0,0.05585,521.0,0.05586,509.0
1753533184864,12:33:04.864,BRETT/USDT:USDT,0.0558,101.0,0.05578,1415.0,0.05585,521.0,0.05586,509.0
1753533185147,12:33:05.147,BRETT/USDT:USDT,0.0558,101.0,0.05578,1415.0,0.05585,521.0,0.05586,509.0
1753533185197,12:33:05.197,BRETT/USDT:USDT,0.0558,101.0,0.05578,1415.0,0.05585,521.0,0.05586,509.0
1753533185315,12:33:05.315,BRETT/USDT:USDT,0.0558,101.0,0.05578,1415.0,0.05585,521.0,0.05586,509.0
1753533185525,12:33:05.525,BRETT/USDT:USDT,0.0558,51.0,0.05578,1415.0,0.05585,521.0,0.05586,509.0
1753533185866,12:33:05.866,BRETT/USDT:USDT,0.0558,51.0,0.05578,1415.0,0.05585,521.0,0.05586,509.0
1753533187012,12:33:07.012,BRETT/USDT:USDT,0.0558,51.0,0.05578,1415.0,0.05585,521.0,0.05586,509.0
1753533188402,12:33:08.402,BRETT/USDT:USDT,0.0558,51.0,0.05578,1415.0,0.05585,521.0,0.05586,509.0
1753533188823,12:33:08.823,BRETT/USDT:USDT,0.0558,51.0,0.05578,1415.0,0.05585,521.0,0.05586,509.0
1753533189057,12:33:09.057,BRETT/USDT:USDT,0.0558,51.0,0.05578,1415.0,0.05585,521.0,0.05586,509.0
1753533189123,12:33:09.123,BRETT/USDT:USDT,0.0558,51.0,0.05578,1415.0,0.05585,521.0,0.05586,509.0
1753533189185,12:33:09.185,BRETT/USDT:USDT,0.0558,51.0,0.05578,1415.0,0.05585,521.0,0.05586,509.0
1753533189633,12:33:09.633,BRETT/USDT:USDT,0.0558,1.0,0.05578,882.0,0.05585,521.0,0.05586,509.0
1753533190062,12:33:10.062,BRETT/USDT:USDT,0.0558,1.0,0.05578,882.0,0.05585,521.0,0.05586,509.0
1753533190083,12:33:10.083,BRETT/USDT:USDT,0.0558,1.0,0.05578,882.0,0.05585,521.0,0.05586,509.0
1753533190361,12:33:10.361,BRETT/USDT:USDT,0.0558,1.0,0.05578,882.0,0.05585,521.0,0.05586,509.0
1753533190969,12:33:10.969,BRETT/USDT:USDT,0.0558,101.0,0.05578,882.0,0.05585,12.0,0.05586,509.0
1753533191042,12:33:11.042,BRETT/USDT:USDT,0.0558,101.0,0.05578,882.0,0.05585,12.0,0.05586,509.0
1753533192310,12:33:12.310,BRETT/USDT:USDT,0.0558,101.0,0.05578,882.0,0.05585,62.0,0.05586,509.0
1753533193469,12:33:13.469,BRETT/USDT:USDT,0.0558,101.0,0.05578,882.0,0.05585,62.0,0.05586,509.0
1753533193499,12:33:13.499,BRETT/USDT:USDT,0.0558,101.0,0.05578,882.0,0.05585,62.0,0.05586,509.0
1753533193623,12:33:13.623,BRETT/USDT:USDT,0.0558,101.0,0.05578,882.0,0.05585,62.0,0.05586,509.0
1753533193759,12:33:13.759,BRETT/USDT:USDT,0.0558,51.0,0.05578,882.0,0.05585,62.0,0.05586,509.0
1753533194122,12:33:14.122,BRETT/USDT:USDT,0.0558,51.0,0.05578,882.0,0.05585,62.0,0.05586,509.0
1753533195023,12:33:15.023,BRETT/USDT:USDT,0.0558,101.0,0.05578,882.0,0.05585,62.0,0.05586,509.0
1753533195118,12:33:15.118,BRETT/USDT:USDT,0.0558,101.0,0.05578,882.0,0.05585,62.0,0.05586,509.0
1753533195207,12:33:15.207,BRETT/USDT:USDT,0.0558,101.0,0.05578,882.0,0.05585,62.0,0.05586,509.0
1753533198424,12:33:18.424,BRETT/USDT:USDT,0.0558,101.0,0.05578,882.0,0.05585,62.0,0.05586,509.0
1753533199006,12:33:19.006,BRETT/USDT:USDT,0.0558,101.0,0.05578,882.0,0.05585,62.0,0.05586,509.0
1753533201219,12:33:21.219,BRETT/USDT:USDT,0.0558,101.0,0.05578,882.0,0.05585,62.0,0.05586,509.0
1753533201317,12:33:21.317,BRETT/USDT:USDT,0.0558,101.0,0.05578,882.0,0.05585,62.0,0.05586,509.0
1753533201718,12:33:21.718,BRETT/USDT:USDT,0.0558,101.0,0.05578,882.0,0.05585,62.0,0.05586,509.0
1753533203230,12:33:23.230,BRETT/USDT:USDT,0.0558,101.0,0.05578,882.0,0.05585,62.0,0.05586,509.0
1753533206099,12:33:26.099,BRETT/USDT:USDT,0.0558,101.0,0.05578,882.0,0.05585,62.0,0.05586,50.0
1753533206529,12:33:26.529,BRETT/USDT:USDT,0.0558,101.0,0.05578,882.0,0.05585,62.0,0.05586,50.0
1753533207577,12:33:27.577,BRETT/USDT:USDT,0.0558,101.0,0.05578,928.0,0.05585,62.0,0.05586,50.0
1753533207654,12:33:27.654,BRETT/USDT:USDT,0.0558,101.0,0.05578,1393.0,0.05585,12.0,0.05586,50.0
1753533207952,12:33:27.952,BRETT/USDT:USDT,0.0558,101.0,0.05578,1393.0,0.05585,12.0,0.05586,50.0
1753533208024,12:33:28.024,BRETT/USDT:USDT,0.0558,101.0,0.05578,1393.0,0.05585,12.0,0.05586,50.0
1753533208159,12:33:28.159,BRETT/USDT:USDT,0.0558,101.0,0.05578,1393.0,0.05585,12.0,0.05586,50.0
1753533208187,12:33:28.187,BRETT/USDT:USDT,0.0558,101.0,0.05578,1393.0,0.05586,50.0,0.05588,12.0
1753533208303,12:33:28.303,BRETT/USDT:USDT,0.0558,101.0,0.05579,100.0,0.05586,50.0,0.05588,6.0
1753533208386,12:33:28.386,BRETT/USDT:USDT,0.0558,101.0,0.05579,100.0,0.05586,50.0,0.05588,12.0
1753533208768,12:33:28.768,BRETT/USDT:USDT,0.0558,101.0,0.05579,100.0,0.05586,50.0,0.05588,12.0
1753533208873,12:33:28.873,BRETT/USDT:USDT,0.0558,101.0,0.05579,555.0,0.05586,50.0,0.05588,12.0
1753533209184,12:33:29.184,BRETT/USDT:USDT,0.0558,101.0,0.05579,555.0,0.05586,50.0,0.05588,12.0
1753533209879,12:33:29.879,BRETT/USDT:USDT,0.0558,101.0,0.05579,555.0,0.05586,50.0,0.05588,12.0
1753533210013,12:33:30.013,BRETT/USDT:USDT,0.0558,101.0,0.05579,555.0,0.05586,50.0,0.05588,12.0
1753533210311,12:33:30.311,BRETT/USDT:USDT,0.0558,101.0,0.05579,555.0,0.05586,50.0,0.05588,12.0
1753533210391,12:33:30.391,BRETT/USDT:USDT,0.0558,101.0,0.05579,555.0,0.05586,50.0,0.05589,12.0
1753533210804,12:33:30.804,BRETT/USDT:USDT,0.0558,101.0,0.05579,555.0,0.05586,50.0,0.05589,12.0
1753533212443,12:33:32.443,BRETT/USDT:USDT,0.0558,101.0,0.05579,555.0,0.05586,50.0,0.05589,12.0
1753533212842,12:33:32.842,BRETT/USDT:USDT,0.0558,101.0,0.05579,555.0,0.05586,50.0,0.05589,12.0
1753533212888,12:33:32.888,BRETT/USDT:USDT,0.0558,101.0,0.05579,555.0,0.05586,100.0,0.05589,12.0
1753533213068,12:33:33.068,BRETT/USDT:USDT,0.0558,101.0,0.05579,555.0,0.05585,12.0,0.05586,100.0
1753533213249,12:33:33.249,BRETT/USDT:USDT,0.0558,101.0,0.05579,555.0,0.05585,12.0,0.05586,100.0
1753533213638,12:33:33.638,BRETT/USDT:USDT,0.0558,101.0,0.05579,555.0,0.05585,12.0,0.05586,100.0
1753533213776,12:33:33.776,BRETT/USDT:USDT,0.0558,101.0,0.05579,555.0,0.05585,12.0,0.0559,458.0
1753533213790,12:33:33.790,BRETT/USDT:USDT,0.0558,101.0,0.05579,601.0,0.05589,12.0,0.0559,458.0
1753533214079,12:33:34.079,BRETT/USDT:USDT,0.0558,51.0,0.05579,601.0,0.05589,12.0,0.0559,458.0
1753533214471,12:33:34.471,BRETT/USDT:USDT,0.0558,51.0,0.05579,601.0,0.05589,12.0,0.0559,458.0
1753533214887,12:33:34.887,BRETT/USDT:USDT,0.0558,51.0,0.05579,601.0,0.05589,12.0,0.0559,458.0
1753533215306,12:33:35.306,BRETT/USDT:USDT,0.0558,51.0,0.05579,601.0,0.05589,12.0,0.0559,458.0
1753533216840,12:33:36.840,BRETT/USDT:USDT,0.0558,51.0,0.05579,601.0,0.05589,12.0,0.0559,458.0
1753533217336,12:33:37.336,BRETT/USDT:USDT,0.0558,51.0,0.05579,601.0,0.05589,12.0,0.0559,458.0
1753533217422,12:33:37.422,BRETT/USDT:USDT,0.0558,1.0,0.05579,555.0,0.05589,12.0,0.0559,458.0
1753533217537,12:33:37.537,BRETT/USDT:USDT,0.0558,1.0,0.05579,100.0,0.05588,455.0,0.05589,12.0
1753533217625,12:33:37.625,BRETT/USDT:USDT,0.0558,1.0,0.05579,100.0,0.05587,12.0,0.05588,455.0
1753533217733,12:33:37.733,BRETT/USDT:USDT,0.0558,1.0,0.05579,100.0,0.05587,12.0,0.05588,455.0
1753533218068,12:33:38.068,BRETT/USDT:USDT,0.0558,1.0,0.05579,100.0,0.05587,12.0,0.05588,455.0
1753533218157,12:33:38.157,BRETT/USDT:USDT,0.0558,1.0,0.05579,100.0,0.05587,12.0,0.05588,455.0
1753533218576,12:33:38.576,BRETT/USDT:USDT,0.0558,1.0,0.05579,100.0,0.05587,12.0,0.05588,455.0
1753533218653,12:33:38.653,BRETT/USDT:USDT,0.0558,1.0,0.05579,100.0,0.05587,12.0,0.05588,455.0
1753533219097,12:33:39.097,BRETT/USDT:USDT,0.0558,1.0,0.05579,100.0,0.05587,12.0,0.05588,455.0
1753533219250,12:33:39.250,BRETT/USDT:USDT,0.0558,1.0,0.05579,100.0,0.05587,12.0,0.05588,455.0
1753533219408,12:33:39.408,BRETT/USDT:USDT,0.0558,1.0,0.05579,100.0,0.05587,12.0,0.05588,455.0
1753533219559,12:33:39.559,BRETT/USDT:USDT,0.0558,1.0,0.05579,100.0,0.05587,473.0,0.05588,455.0
1753533220005,12:33:40.005,BRETT/USDT:USDT,0.0558,1.0,0.05579,100.0,0.05587,473.0,0.05588,455.0
1753533220199,12:33:40.199,BRETT/USDT:USDT,0.0558,1.0,0.05579,100.0,0.05587,473.0,0.05588,455.0
1753533221122,12:33:41.122,BRETT/USDT:USDT,0.0558,1.0,0.05579,100.0,0.05587,473.0,0.05588,455.0
1753533221571,12:33:41.571,BRETT/USDT:USDT,0.0558,1.0,0.05579,100.0,0.05587,473.0,0.05588,455.0
1753533222427,12:33:42.427,BRETT/USDT:USDT,0.0558,1.0,0.05579,100.0,0.05587,473.0,0.05588,455.0
1753533225030,12:33:45.030,BRETT/USDT:USDT,0.0558,1.0,0.05579,100.0,0.05587,473.0,0.05588,455.0
1753533226221,12:33:46.221,BRETT/USDT:USDT,0.0558,1.0,0.05579,100.0,0.05587,473.0,0.05588,455.0
1753533227224,12:33:47.224,BRETT/USDT:USDT,0.0558,1.0,0.05579,100.0,0.05587,473.0,0.05588,455.0
1753533228831,12:33:48.831,BRETT/USDT:USDT,0.0558,1.0,0.05579,146.0,0.05587,473.0,0.05588,455.0
1753533229855,12:33:49.855,BRETT/USDT:USDT,0.0558,1.0,0.05579,146.0,0.05587,473.0,0.0559,458.0
1753533230631,12:33:50.631,BRETT/USDT:USDT,0.0558,1.0,0.05579,146.0,0.05587,473.0,0.0559,458.0
1753533231549,12:33:51.549,BRETT/USDT:USDT,0.0558,1.0,0.05579,100.0,0.05587,473.0,0.0559,458.0
1753533231581,12:33:51.581,BRETT/USDT:USDT,0.0558,1.0,0.05579,100.0,0.05587,473.0,0.0559,504.0
1753533231714,12:33:51.714,BRETT/USDT:USDT,0.0558,1.0,0.05579,100.0,0.05587,473.0,0.0559,504.0
1753533232024,12:33:52.024,BRETT/USDT:USDT,0.0558,1.0,0.05579,100.0,0.05587,473.0,0.0559,504.0
1753533233009,12:33:53.009,BRETT/USDT:USDT,0.0558,1.0,0.05579,100.0,0.05587,473.0,0.0559,504.0
1753533234223,12:33:54.223,BRETT/USDT:USDT,0.0558,1.0,0.05579,100.0,0.05587,473.0,0.0559,504.0
1753533236005,12:33:56.005,BRETT/USDT:USDT,0.0558,1.0,0.05579,100.0,0.05587,473.0,0.0559,504.0
1753533236824,12:33:56.824,BRETT/USDT:USDT,0.0558,1.0,0.05579,100.0,0.05587,473.0,0.0559,504.0
1753533238382,12:33:58.382,BRETT/USDT:USDT,0.0558,1.0,0.05579,100.0,0.05587,473.0,0.0559,504.0
1753533240664,12:34:00.664,BRETT/USDT:USDT,0.0558,1.0,0.05579,100.0,0.05587,473.0,0.0559,504.0
1753533241004,12:34:01.004,BRETT/USDT:USDT,0.0558,1.0,0.05579,100.0,0.05587,473.0,0.0559,504.0
1753533241624,12:34:01.624,BRETT/USDT:USDT,0.0558,1.0,0.05579,100.0,0.05587,473.0,0.0559,504.0
1753533242006,12:34:02.006,BRETT/USDT:USDT,0.0558,1.0,0.05579,100.0,0.05587,473.0,0.0559,504.0
1753533243975,12:34:03.975,BRETT/USDT:USDT,0.0558,1.0,0.05579,100.0,0.05587,12.0,0.0559,458.0
1753533243989,12:34:03.989,BRETT/USDT:USDT,0.0558,1.0,0.05579,100.0,0.05589,12.0,0.0559,458.0
1753533244159,12:34:04.159,BRETT/USDT:USDT,0.05581,537.0,0.0558,507.0,0.05589,12.0,0.0559,458.0
1753533244533,12:34:04.533,BRETT/USDT:USDT,0.05581,537.0,0.0558,507.0,0.05589,12.0,0.0559,458.0
1753533245101,12:34:05.101,BRETT/USDT:USDT,0.05581,537.0,0.0558,507.0,0.05589,12.0,0.0559,458.0
1753533246164,12:34:06.164,BRETT/USDT:USDT,0.05581,537.0,0.0558,507.0,0.05589,12.0,0.0559,458.0
1753533246191,12:34:06.191,BRETT/USDT:USDT,0.05581,537.0,0.0558,507.0,0.05589,12.0,0.0559,458.0
1753533246424,12:34:06.424,BRETT/USDT:USDT,0.05581,537.0,0.0558,507.0,0.05589,12.0,0.0559,458.0
1753533246543,12:34:06.543,BRETT/USDT:USDT,0.05581,537.0,0.0558,507.0,0.05589,12.0,0.0559,458.0
1753533247004,12:34:07.004,BRETT/USDT:USDT,0.05581,537.0,0.0558,507.0,0.05589,12.0,0.0559,458.0
1753533248012,12:34:08.012,BRETT/USDT:USDT,0.05581,537.0,0.0558,507.0,0.05589,12.0,0.0559,458.0
1753533249641,12:34:09.641,BRETT/USDT:USDT,0.05581,537.0,0.0558,507.0,0.05589,12.0,0.0559,458.0
1753533249695,12:34:09.695,BRETT/USDT:USDT,0.05581,537.0,0.0558,553.0,0.05589,12.0,0.0559,458.0
1753533250215,12:34:10.215,BRETT/USDT:USDT,0.05581,537.0,0.0558,507.0,0.05589,12.0,0.0559,458.0
1753533250876,12:34:10.876,BRETT/USDT:USDT,0.05581,537.0,0.0558,507.0,0.05589,12.0,0.0559,458.0
1753533251225,12:34:11.225,BRETT/USDT:USDT,0.05581,537.0,0.0558,507.0,0.05589,12.0,0.0559,458.0
1753533251375,12:34:11.375,BRETT/USDT:USDT,0.05581,537.0,0.0558,507.0,0.05589,12.0,0.0559,458.0
1753533251912,12:34:11.912,BRETT/USDT:USDT,0.05581,537.0,0.0558,507.0,0.05589,12.0,0.0559,458.0
1753533252010,12:34:12.010,BRETT/USDT:USDT,0.05581,537.0,0.0558,507.0,0.05589,12.0,0.0559,458.0
1753533252101,12:34:12.101,BRETT/USDT:USDT,0.05581,537.0,0.0558,507.0,0.05589,12.0,0.0559,458.0
1753533252206,12:34:12.206,BRETT/USDT:USDT,0.05581,537.0,0.0558,507.0,0.05589,12.0,0.0559,458.0
1753533252318,12:34:12.318,BRETT/USDT:USDT,0.05581,537.0,0.0558,507.0,0.05589,12.0,0.0559,458.0
1753533254269,12:34:14.269,BRETT/USDT:USDT,0.05581,537.0,0.0558,507.0,0.05589,12.0,0.0559,458.0
1753533254282,12:34:14.282,BRETT/USDT:USDT,0.05581,537.0,0.0558,507.0,0.05589,12.0,0.0559,458.0
1753533256024,12:34:16.024,BRETT/USDT:USDT,0.05581,537.0,0.0558,507.0,0.05589,12.0,0.0559,458.0
1753533256214,12:34:16.214,BRETT/USDT:USDT,0.05581,537.0,0.0558,972.0,0.05589,12.0,0.0559,458.0
1753533256479,12:34:16.479,BRETT/USDT:USDT,0.05581,537.0,0.0558,972.0,0.05589,12.0,0.0559,458.0
1753533256480,12:34:16.480,BRETT/USDT:USDT,0.05581,537.0,0.0558,1018.0,0.05589,12.0,0.0559,458.0
1753533257060,12:34:17.060,BRETT/USDT:USDT,0.05581,537.0,0.0558,1018.0,0.05589,12.0,0.0559,458.0
1753533257132,12:34:17.132,BRETT/USDT:USDT,0.05581,537.0,0.0558,1018.0,0.05589,12.0,0.0559,458.0
1753533257796,12:34:17.796,BRETT/USDT:USDT,0.05581,537.0,0.0558,1018.0,0.05589,12.0,0.0559,458.0
1753533257968,12:34:17.968,BRETT/USDT:USDT,0.05581,537.0,0.0558,1018.0,0.05589,12.0,0.05592,471.0
1753533258010,12:34:18.010,BRETT/USDT:USDT,0.05581,537.0,0.0558,1018.0,0.05591,12.0,0.05592,471.0
1753533258158,12:34:18.158,BRETT/USDT:USDT,0.05581,537.0,0.0558,1018.0,0.0559,465.0,0.05591,12.0
1753533258192,12:34:18.192,BRETT/USDT:USDT,0.05581,537.0,0.0558,1018.0,0.05589,12.0,0.0559,465.0
1753533258337,12:34:18.337,BRETT/USDT:USDT,0.05581,537.0,0.0558,1018.0,0.05589,12.0,0.0559,465.0
1753533258477,12:34:18.477,BRETT/USDT:USDT,0.05581,1188.0,0.0558,972.0,0.05589,12.0,0.0559,465.0
1753533260119,12:34:20.119,BRETT/USDT:USDT,0.05581,1188.0,0.0558,972.0,0.05589,12.0,0.05592,471.0
1753533260187,12:34:20.187,BRETT/USDT:USDT,0.05581,1188.0,0.0558,972.0,0.05591,12.0,0.05592,471.0
1753533260378,12:34:20.378,BRETT/USDT:USDT,0.05581,1188.0,0.0558,972.0,0.05591,12.0,0.05592,471.0
1753533260479,12:34:20.479,BRETT/USDT:USDT,0.05582,3613.0,0.05581,1072.0,0.05591,12.0,0.05592,471.0
1753533260515,12:34:20.515,BRETT/USDT:USDT,0.05583,1084.0,0.05582,3613.0,0.05591,12.0,0.05592,471.0
1753533260825,12:34:20.825,BRETT/USDT:USDT,0.05583,1084.0,0.05582,3613.0,0.05591,12.0,0.05592,471.0
1753533261006,12:34:21.006,BRETT/USDT:USDT,0.05583,1084.0,0.05582,3613.0,0.05591,12.0,0.05592,471.0
1753533261620,12:34:21.620,BRETT/USDT:USDT,0.05583,1184.0,0.05582,3713.0,0.05586,1.0,0.05591,12.0
1753533261717,12:34:21.717,BRETT/USDT:USDT,0.05583,1184.0,0.05582,3713.0,0.05591,12.0,0.05592,471.0
1753533262271,12:34:22.271,BRETT/USDT:USDT,0.05583,1184.0,0.05582,3713.0,0.05591,12.0,0.05592,471.0
1753533262763,12:34:22.763,BRETT/USDT:USDT,0.05583,1184.0,0.05582,3713.0,0.05591,12.0,0.05592,471.0
1753533262798,12:34:22.798,BRETT/USDT:USDT,0.05583,1184.0,0.05582,3713.0,0.05591,12.0,0.05592,471.0
1753533264035,12:34:24.035,BRETT/USDT:USDT,0.05583,1184.0,0.05582,3713.0,0.05591,12.0,0.05592,471.0
1753533265236,12:34:25.236,BRETT/USDT:USDT,0.05583,1184.0,0.05582,3713.0,0.05591,12.0,0.05592,471.0
1753533265643,12:34:25.643,BRETT/USDT:USDT,0.05583,1184.0,0.05582,3713.0,0.05591,12.0,0.05592,471.0
1753533267543,12:34:27.543,BRETT/USDT:USDT,0.05583,1184.0,0.05582,4032.0,0.05591,479.0,0.05592,471.0
1753533267662,12:34:27.662,BRETT/USDT:USDT,0.05583,1084.0,0.05582,3467.0,0.0559,517.0,0.05591,479.0
1753533267698,12:34:27.698,BRETT/USDT:USDT,0.05583,1084.0,0.05582,3467.0,0.05589,59.0,0.0559,517.0
1753533268079,12:34:28.079,BRETT/USDT:USDT,0.05583,1084.0,0.05582,3467.0,0.05589,59.0,0.0559,517.0
1753533268080,12:34:28.080,BRETT/USDT:USDT,0.05583,1084.0,0.05582,3467.0,0.05589,59.0,0.0559,517.0
1753533268765,12:34:28.765,BRETT/USDT:USDT,0.05583,1084.0,0.05582,3467.0,0.05589,519.0,0.0559,517.0
1753533268903,12:34:28.903,BRETT/USDT:USDT,0.05583,1084.0,0.05582,3467.0,0.05589,519.0,0.0559,517.0
1753533269011,12:34:29.011,BRETT/USDT:USDT,0.05583,1084.0,0.05582,3467.0,0.05589,519.0,0.0559,517.0
1753533270055,12:34:30.055,BRETT/USDT:USDT,0.05583,1134.0,0.05582,3467.0,0.05589,519.0,0.0559,517.0
1753533270168,12:34:30.168,BRETT/USDT:USDT,0.05583,1184.0,0.05582,3467.0,0.05589,519.0,0.0559,517.0
1753533270379,12:34:30.379,BRETT/USDT:USDT,0.05583,1184.0,0.05582,3467.0,0.05589,519.0,0.0559,517.0
1753533270442,12:34:30.442,BRETT/USDT:USDT,0.05583,1184.0,0.05582,3467.0,0.05589,519.0,0.0559,517.0
1753533270483,12:34:30.483,BRETT/USDT:USDT,0.05583,1184.0,0.05582,3467.0,0.05589,519.0,0.0559,517.0
1753533270979,12:34:30.979,BRETT/USDT:USDT,0.05583,1134.0,0.05582,3467.0,0.05589,519.0,0.0559,517.0
1753533271714,12:34:31.714,BRETT/USDT:USDT,0.05583,1134.0,0.05582,3467.0,0.05589,519.0,0.0559,517.0
1753533274140,12:34:34.140,BRETT/USDT:USDT,0.05583,1134.0,0.05582,3467.0,0.05589,519.0,0.0559,517.0
1753533275249,12:34:35.249,BRETT/USDT:USDT,0.05583,1134.0,0.05582,3467.0,0.05589,519.0,0.0559,517.0
1753533275857,12:34:35.857,BRETT/USDT:USDT,0.05583,1184.0,0.05582,3467.0,0.05589,519.0,0.0559,517.0
1753533278080,12:34:38.080,BRETT/USDT:USDT,0.05583,1134.0,0.05582,3467.0,0.05589,519.0,0.0559,517.0
1753533278227,12:34:38.227,BRETT/USDT:USDT,0.05583,1134.0,0.05582,3467.0,0.05589,519.0,0.0559,517.0
1753533279764,12:34:39.764,BRETT/USDT:USDT,0.05583,1134.0,0.05582,3467.0,0.05589,519.0,0.0559,517.0
1753533280043,12:34:40.043,BRETT/USDT:USDT,0.05583,1134.0,0.05582,3467.0,0.05589,519.0,0.0559,517.0
1753533280862,12:34:40.862,BRETT/USDT:USDT,0.05583,1084.0,0.05582,3467.0,0.05589,519.0,0.0559,517.0
1753533280948,12:34:40.948,BRETT/USDT:USDT,0.05583,1084.0,0.05582,2930.0,0.05588,501.0,0.05589,519.0
1753533281028,12:34:41.028,BRETT/USDT:USDT,0.05582,2930.0,0.05581,605.0,0.05587,59.0,0.05588,501.0
1753533281242,12:34:41.242,BRETT/USDT:USDT,0.05581,1484.0,0.0558,3437.0,0.05587,59.0,0.05588,501.0
1753533281772,12:34:41.772,BRETT/USDT:USDT,0.05581,1484.0,0.0558,3437.0,0.05587,59.0,0.05588,501.0
1753533281898,12:34:41.898,BRETT/USDT:USDT,0.05581,1534.0,0.0558,3437.0,0.05587,59.0,0.05588,501.0
1753533282253,12:34:42.253,BRETT/USDT:USDT,0.05581,1534.0,0.0558,3437.0,0.05587,59.0,0.05588,501.0
1753533282972,12:34:42.972,BRETT/USDT:USDT,0.05581,1534.0,0.0558,3437.0,0.05587,59.0,0.05588,501.0
1753533284022,12:34:44.022,BRETT/USDT:USDT,0.05581,1534.0,0.0558,3437.0,0.05587,59.0,0.05588,501.0
1753533284117,12:34:44.117,BRETT/USDT:USDT,0.05581,1534.0,0.0558,3437.0,0.05587,59.0,0.05588,501.0
1753533284842,12:34:44.842,BRETT/USDT:USDT,0.05581,1534.0,0.0558,3437.0,0.05587,59.0,0.05588,501.0
1753533285556,12:34:45.556,BRETT/USDT:USDT,0.05581,1534.0,0.0558,3437.0,0.05587,59.0,0.05588,501.0
1753533286006,12:34:46.006,BRETT/USDT:USDT,0.05581,1534.0,0.0558,3437.0,0.05587,59.0,0.05588,501.0
1753533286659,12:34:46.659,BRETT/USDT:USDT,0.0558,1.0,0.05577,511.0,0.05587,59.0,0.05588,501.0
1753533286776,12:34:46.776,BRETT/USDT:USDT,0.0558,1.0,0.05577,465.0,0.05587,59.0,0.05588,501.0
1753533286862,12:34:46.862,BRETT/USDT:USDT,0.0558,1.0,0.05579,879.0,0.05587,59.0,0.05588,501.0
1753533287008,12:34:47.008,BRETT/USDT:USDT,0.0558,1.0,0.05579,879.0,0.05587,59.0,0.05588,501.0
1753533287622,12:34:47.622,BRETT/USDT:USDT,0.0558,1.0,0.05579,879.0,0.05587,59.0,0.05588,501.0
1753533288742,12:34:48.742,BRETT/USDT:USDT,0.0558,1.0,0.05579,1330.0,0.05587,59.0,0.05588,501.0
1753533288972,12:34:48.972,BRETT/USDT:USDT,0.0558,1.0,0.05579,1330.0,0.05587,9.0,0.05588,501.0
1753533289032,12:34:49.032,BRETT/USDT:USDT,0.0558,1.0,0.05579,1376.0,0.05587,9.0,0.05588,451.0
1753533289627,12:34:49.627,BRETT/USDT:USDT,0.0558,1.0,0.05579,1376.0,0.05587,9.0,0.05588,451.0
1753533291238,12:34:51.238,BRETT/USDT:USDT,0.0558,1.0,0.05579,1376.0,0.05587,9.0,0.05588,451.0
1753533294003,12:34:54.003,BRETT/USDT:USDT,0.0558,1.0,0.05579,1376.0,0.05587,9.0,0.05588,451.0
1753533294272,12:34:54.272,BRETT/USDT:USDT,0.0558,452.0,0.05579,1376.0,0.05587,9.0,0.05588,451.0
1753533294291,12:34:54.291,BRETT/USDT:USDT,0.0558,452.0,0.05579,1376.0,0.05587,9.0,0.05588,451.0
1753533294442,12:34:54.442,BRETT/USDT:USDT,0.0558,452.0,0.05579,1376.0,0.05587,9.0,0.05588,451.0
1753533295062,12:34:55.062,BRETT/USDT:USDT,0.0558,452.0,0.05579,1376.0,0.05587,9.0,0.0559,1100.0
1753533295178,12:34:55.178,BRETT/USDT:USDT,0.05581,988.0,0.0558,957.0,0.05589,9.0,0.0559,1100.0
1753533295189,12:34:55.189,BRETT/USDT:USDT,0.05581,988.0,0.0558,957.0,0.05589,9.0,0.0559,1100.0
1753533295462,12:34:55.462,BRETT/USDT:USDT,0.05581,988.0,0.0558,957.0,0.05589,9.0,0.0559,1100.0
1753533296638,12:34:56.638,BRETT/USDT:USDT,0.05581,988.0,0.0558,957.0,0.05589,9.0,0.0559,1100.0
1753533297012,12:34:57.012,BRETT/USDT:USDT,0.05581,988.0,0.0558,957.0,0.05589,9.0,0.0559,1100.0
1753533297571,12:34:57.571,BRETT/USDT:USDT,0.05582,451.0,0.05581,1034.0,0.05589,9.0,0.05592,1104.0
1753533297629,12:34:57.629,BRETT/USDT:USDT,0.05582,451.0,0.05581,1034.0,0.05591,9.0,0.05592,1104.0
1753533297886,12:34:57.886,BRETT/USDT:USDT,0.05582,451.0,0.05581,1034.0,0.05591,9.0,0.05592,1104.0
1753533298161,12:34:58.161,BRETT/USDT:USDT,0.05582,451.0,0.05581,1034.0,0.05591,9.0,0.05592,1104.0
1753533298238,12:34:58.238,BRETT/USDT:USDT,0.05582,451.0,0.05581,1034.0,0.05591,9.0,0.05592,1104.0
1753533298448,12:34:58.448,BRETT/USDT:USDT,0.05584,926.0,0.05583,2920.0,0.05591,9.0,0.05592,1104.0
1753533299108,12:34:59.108,BRETT/USDT:USDT,0.05584,926.0,0.05583,2920.0,0.05591,59.0,0.05592,1104.0
1753533299243,12:34:59.243,BRETT/USDT:USDT,0.05584,926.0,0.05583,2920.0,0.05591,59.0,0.05592,1104.0
1753533299519,12:34:59.519,BRETT/USDT:USDT,0.05584,926.0,0.05583,2920.0,0.05591,59.0,0.05592,1104.0
1753533300346,12:35:00.346,BRETT/USDT:USDT,0.05584,876.0,0.05583,2920.0,0.05591,529.0,0.05592,1104.0
1753533300455,12:35:00.455,BRETT/USDT:USDT,0.05584,876.0,0.05583,2920.0,0.05591,529.0,0.05592,1104.0
1753533300506,12:35:00.506,BRETT/USDT:USDT,0.05584,876.0,0.05583,2920.0,0.05591,529.0,0.05592,1104.0
1753533300774,12:35:00.774,BRETT/USDT:USDT,0.05584,876.0,0.05583,2920.0,0.0559,518.0,0.05591,529.0
1753533300802,12:35:00.802,BRETT/USDT:USDT,0.05584,876.0,0.05583,2920.0,0.05589,57.0,0.0559,518.0
1753533301149,12:35:01.149,BRETT/USDT:USDT,0.05584,876.0,0.05583,2920.0,0.05589,57.0,0.0559,518.0
1753533301187,12:35:01.187,BRETT/USDT:USDT,0.05584,876.0,0.05583,2920.0,0.05589,57.0,0.0559,518.0
1753533301969,12:35:01.969,BRETT/USDT:USDT,0.05584,876.0,0.05583,2920.0,0.05589,57.0,0.0559,518.0
1753533301982,12:35:01.982,BRETT/USDT:USDT,0.05584,924.0,0.05583,2920.0,0.05589,57.0,0.0559,518.0
1753533302535,12:35:02.535,BRETT/USDT:USDT,0.05584,924.0,0.05583,2920.0,0.05589,57.0,0.0559,518.0
1753533302713,12:35:02.713,BRETT/USDT:USDT,0.05584,924.0,0.05583,2920.0,0.05589,57.0,0.0559,518.0
1753533302786,12:35:02.786,BRETT/USDT:USDT,0.05584,924.0,0.05583,2920.0,0.05589,57.0,0.0559,518.0
1753533303077,12:35:03.077,BRETT/USDT:USDT,0.05584,924.0,0.05583,2920.0,0.05589,57.0,0.0559,48.0
1753533303162,12:35:03.162,BRETT/USDT:USDT,0.05584,972.0,0.05583,2920.0,0.05589,9.0,0.05591,470.0
1753533303266,12:35:03.266,BRETT/USDT:USDT,0.05584,972.0,0.05583,2920.0,0.0559,9.0,0.05593,471.0
1753533303288,12:35:03.288,BRETT/USDT:USDT,0.05584,972.0,0.05583,2920.0,0.05592,9.0,0.05593,471.0
1753533303383,12:35:03.383,BRETT/USDT:USDT,0.05584,972.0,0.05583,2920.0,0.05592,9.0,0.05593,471.0
1753533303546,12:35:03.546,BRETT/USDT:USDT,0.05584,972.0,0.05583,2920.0,0.05592,9.0,0.05593,471.0
1753533303666,12:35:03.666,BRETT/USDT:USDT,0.05584,972.0,0.05583,2920.0,0.05592,9.0,0.05593,471.0
1753533303815,12:35:03.815,BRETT/USDT:USDT,0.05584,972.0,0.05583,2920.0,0.05592,9.0,0.05593,471.0
1753533304026,12:35:04.026,BRETT/USDT:USDT,0.05584,972.0,0.05583,2920.0,0.05592,9.0,0.05593,471.0
1753533304250,12:35:04.250,BRETT/USDT:USDT,0.05584,972.0,0.05583,2920.0,0.05592,9.0,0.05593,471.0
1753533304322,12:35:04.322,BRETT/USDT:USDT,0.05584,972.0,0.05583,2920.0,0.05592,9.0,0.05593,471.0
1753533304425,12:35:04.425,BRETT/USDT:USDT,0.05584,972.0,0.05583,2920.0,0.05592,9.0,0.05593,471.0
1753533305012,12:35:05.012,BRETT/USDT:USDT,0.05584,972.0,0.05583,2920.0,0.05592,9.0,0.05593,471.0
1753533305267,12:35:05.267,BRETT/USDT:USDT,0.05584,972.0,0.05583,2920.0,0.05592,9.0,0.05593,471.0
1753533306017,12:35:06.017,BRETT/USDT:USDT,0.05584,972.0,0.05583,2920.0,0.05592,9.0,0.05593,471.0
1753533306172,12:35:06.172,BRETT/USDT:USDT,0.05584,972.0,0.05583,2920.0,0.05592,9.0,0.05593,471.0
1753533306323,12:35:06.323,BRETT/USDT:USDT,0.05584,972.0,0.05583,2920.0,0.05592,479.0,0.05593,471.0
1753533308271,12:35:08.271,BRETT/USDT:USDT,0.05584,972.0,0.05583,2920.0,0.05592,479.0,0.05593,471.0
1753533308826,12:35:08.826,BRETT/USDT:USDT,0.05584,972.0,0.05583,2920.0,0.05592,479.0,0.05593,471.0
1753533309294,12:35:09.294,BRETT/USDT:USDT,0.05584,924.0,0.05583,2920.0,0.05592,479.0,0.05593,471.0
1753533310472,12:35:10.472,BRETT/USDT:USDT,0.05584,924.0,0.05583,2920.0,0.05591,455.0,0.05592,479.0
1753533310495,12:35:10.495,BRETT/USDT:USDT,0.05584,924.0,0.05583,2920.0,0.0559,105.0,0.05591,455.0
1753533310861,12:35:10.861,BRETT/USDT:USDT,0.05584,924.0,0.05583,2920.0,0.0559,105.0,0.05591,455.0
1753533311270,12:35:11.270,BRETT/USDT:USDT,0.05584,924.0,0.05583,2920.0,0.0559,105.0,0.05591,455.0
1753533311822,12:35:11.822,BRETT/USDT:USDT,0.05584,924.0,0.05583,2920.0,0.0559,105.0,0.05592,470.0
1753533312082,12:35:12.082,BRETT/USDT:USDT,0.05584,924.0,0.05583,2920.0,0.0559,105.0,0.05592,470.0
1753533312697,12:35:12.697,BRETT/USDT:USDT,0.05584,924.0,0.05583,2920.0,0.0559,105.0,0.05592,470.0
1753533312895,12:35:12.895,BRETT/USDT:USDT,0.05584,924.0,0.05583,2920.0,0.0559,105.0,0.05592,470.0
1753533313011,12:35:13.011,BRETT/USDT:USDT,0.05584,924.0,0.05583,2920.0,0.0559,105.0,0.05592,470.0
1753533313313,12:35:13.313,BRETT/USDT:USDT,0.05584,924.0,0.05583,2920.0,0.0559,105.0,0.05592,470.0
1753533313629,12:35:13.629,BRETT/USDT:USDT,0.05584,924.0,0.05583,2920.0,0.0559,105.0,0.05592,470.0
1753533313690,12:35:13.690,BRETT/USDT:USDT,0.05584,924.0,0.05583,2920.0,0.0559,105.0,0.05592,470.0
1753533313955,12:35:13.955,BRETT/USDT:USDT,0.05584,924.0,0.05583,2920.0,0.0559,105.0,0.05593,471.0
1753533314129,12:35:14.129,BRETT/USDT:USDT,0.05584,924.0,0.05583,2920.0,0.0559,105.0,0.05593,471.0
1753533314265,12:35:14.265,BRETT/USDT:USDT,0.05584,924.0,0.05583,2920.0,0.0559,105.0,0.05593,471.0
1753533314355,12:35:14.355,BRETT/USDT:USDT,0.05584,924.0,0.05583,2920.0,0.0559,105.0,0.05593,471.0
1753533314553,12:35:14.553,BRETT/USDT:USDT,0.05584,924.0,0.05583,2920.0,0.0559,105.0,0.05593,471.0
1753533314974,12:35:14.974,BRETT/USDT:USDT,0.05584,924.0,0.05583,2920.0,0.0559,105.0,0.05593,471.0
1753533315175,12:35:15.175,BRETT/USDT:USDT,0.05584,924.0,0.05583,2920.0,0.0559,105.0,0.05593,471.0
1753533315237,12:35:15.237,BRETT/USDT:USDT,0.05584,924.0,0.05583,2920.0,0.0559,105.0,0.05593,471.0
1753533315415,12:35:15.415,BRETT/USDT:USDT,0.05583,2920.0,0.05581,988.0,0.0559,105.0,0.05593,522.0
1753533315577,12:35:15.577,BRETT/USDT:USDT,0.05581,988.0,0.0558,3882.0,0.0559,560.0,0.05593,522.0
1753533315646,12:35:15.646,BRETT/USDT:USDT,0.05581,2015.0,0.0558,3882.0,0.0559,560.0,0.05592,51.0
1753533315795,12:35:15.795,BRETT/USDT:USDT,0.05581,2015.0,0.0558,3882.0,0.0559,560.0,0.05592,51.0
1753533317267,12:35:17.267,BRETT/USDT:USDT,0.05581,2015.0,0.0558,3882.0,0.0559,560.0,0.05592,51.0
1753533318271,12:35:18.271,BRETT/USDT:USDT,0.05581,2015.0,0.0558,3882.0,0.0559,560.0,0.05593,522.0
1753533318284,12:35:18.284,BRETT/USDT:USDT,0.05581,2015.0,0.0558,3882.0,0.0559,512.0,0.05593,522.0
1753533318443,12:35:18.443,BRETT/USDT:USDT,0.05581,2015.0,0.0558,3882.0,0.0559,512.0,0.05593,522.0
1753533320272,12:35:20.272,BRETT/USDT:USDT,0.05581,2111.0,0.0558,3978.0,0.0559,464.0,0.05593,522.0
1753533320554,12:35:20.554,BRETT/USDT:USDT,0.05581,2111.0,0.0558,3978.0,0.0559,464.0,0.05593,833.0
1753533323266,12:35:23.266,BRETT/USDT:USDT,0.05581,2111.0,0.0558,3978.0,0.0559,464.0,0.05593,833.0
1753533323901,12:35:23.901,BRETT/USDT:USDT,0.05581,2111.0,0.0558,3978.0,0.0559,464.0,0.05593,833.0
1753533325304,12:35:25.304,BRETT/USDT:USDT,0.05581,2111.0,0.0558,3978.0,0.0559,464.0,0.05593,833.0
1753533326006,12:35:26.006,BRETT/USDT:USDT,0.05581,2111.0,0.0558,3978.0,0.0559,464.0,0.05593,833.0
1753533326278,12:35:26.278,BRETT/USDT:USDT,0.05581,2111.0,0.0558,3978.0,0.0559,464.0,0.05593,833.0
1753533327037,12:35:27.037,BRETT/USDT:USDT,0.05581,2111.0,0.0558,3978.0,0.0559,464.0,0.05593,833.0
1753533327211,12:35:27.211,BRETT/USDT:USDT,0.05581,1660.0,0.0558,3978.0,0.05589,471.0,0.0559,464.0
1753533327287,12:35:27.287,BRETT/USDT:USDT,0.05581,1660.0,0.0558,3978.0,0.05588,9.0,0.05589,471.0
1753533327450,12:35:27.450,BRETT/USDT:USDT,0.05581,1660.0,0.0558,3978.0,0.05588,9.0,0.05589,471.0
1753533327861,12:35:27.861,BRETT/USDT:USDT,0.05581,1660.0,0.0558,3978.0,0.05588,9.0,0.05589,471.0
1753533328027,12:35:28.027,BRETT/USDT:USDT,0.05581,1660.0,0.0558,3978.0,0.05588,9.0,0.05589,471.0
1753533329062,12:35:29.062,BRETT/USDT:USDT,0.05581,1660.0,0.0558,3978.0,0.05588,9.0,0.0559,455.0
1753533329089,12:35:29.089,BRETT/USDT:USDT,0.05581,1660.0,0.0558,3978.0,0.05589,9.0,0.0559,455.0
1753533329271,12:35:29.271,BRETT/USDT:USDT,0.05581,1660.0,0.0558,3978.0,0.05589,9.0,0.0559,455.0
1753533329326,12:35:29.326,BRETT/USDT:USDT,0.05581,1660.0,0.0558,3978.0,0.05589,9.0,0.0559,455.0
1753533329477,12:35:29.477,BRETT/USDT:USDT,0.05581,1660.0,0.0558,3978.0,0.05589,9.0,0.0559,455.0
1753533330008,12:35:30.008,BRETT/USDT:USDT,0.05581,1660.0,0.0558,3978.0,0.05589,9.0,0.0559,455.0
1753533330271,12:35:30.271,BRETT/USDT:USDT,0.05581,1660.0,0.0558,3978.0,0.05589,9.0,0.0559,455.0
1753533332270,12:35:32.270,BRETT/USDT:USDT,0.05581,1660.0,0.0558,3978.0,0.05589,9.0,0.0559,455.0
1753533332828,12:35:32.828,BRETT/USDT:USDT,0.05581,1660.0,0.0558,3978.0,0.05589,9.0,0.0559,455.0
1753533334013,12:35:34.013,BRETT/USDT:USDT,0.05581,1660.0,0.0558,3978.0,0.05589,9.0,0.0559,455.0
1753533335008,12:35:35.008,BRETT/USDT:USDT,0.05581,1660.0,0.0558,3978.0,0.05589,9.0,0.0559,455.0
1753533335266,12:35:35.266,BRETT/USDT:USDT,0.05581,1660.0,0.0558,3978.0,0.05589,9.0,0.0559,455.0
1753533335288,12:35:35.288,BRETT/USDT:USDT,0.05581,1660.0,0.0558,3978.0,0.05589,9.0,0.0559,455.0
1753533336806,12:35:36.806,BRETT/USDT:USDT,0.05581,1660.0,0.0558,3978.0,0.05589,9.0,0.0559,455.0
1753533337626,12:35:37.626,BRETT/USDT:USDT,0.05581,1660.0,0.0558,3978.0,0.05589,9.0,0.0559,455.0
1753533338005,12:35:38.005,BRETT/USDT:USDT,0.05581,1660.0,0.0558,3978.0,0.05589,9.0,0.0559,455.0
1753533338272,12:35:38.272,BRETT/USDT:USDT,0.05581,1660.0,0.0558,3978.0,0.05589,9.0,0.0559,455.0
1753533338372,12:35:38.372,BRETT/USDT:USDT,0.05582,468.0,0.05581,1711.0,0.05589,9.0,0.05592,468.0
1753533338425,12:35:38.425,BRETT/USDT:USDT,0.05582,468.0,0.05581,1711.0,0.05591,9.0,0.05592,468.0
1753533338576,12:35:38.576,BRETT/USDT:USDT,0.05582,468.0,0.05581,1711.0,0.05591,9.0,0.05592,468.0
1753533338730,12:35:38.730,BRETT/USDT:USDT,0.05582,468.0,0.05581,1711.0,0.05591,9.0,0.05592,468.0
1753533339076,12:35:39.076,BRETT/USDT:USDT,0.05582,468.0,0.05581,1711.0,0.05591,9.0,0.05592,468.0
1753533339164,12:35:39.164,BRETT/USDT:USDT,0.05582,468.0,0.05581,1711.0,0.05591,9.0,0.05592,468.0
1753533339182,12:35:39.182,BRETT/USDT:USDT,0.05582,468.0,0.05581,1711.0,0.05591,9.0,0.05592,468.0
1753533339317,12:35:39.317,BRETT/USDT:USDT,0.05582,468.0,0.05581,1711.0,0.05591,474.0,0.05592,468.0
1753533340008,12:35:40.008,BRETT/USDT:USDT,0.05582,468.0,0.05581,1711.0,0.05591,474.0,0.05592,468.0
1753533341141,12:35:41.141,BRETT/USDT:USDT,0.05582,468.0,0.05581,1711.0,0.05591,474.0,0.05592,468.0
1753533341266,12:35:41.266,BRETT/USDT:USDT,0.05582,468.0,0.05581,1711.0,0.05591,474.0,0.05592,468.0
1753533341531,12:35:41.531,BRETT/USDT:USDT,0.05582,468.0,0.05581,1711.0,0.05591,474.0,0.05592,468.0
1753533342012,12:35:42.012,BRETT/USDT:USDT,0.05582,468.0,0.05581,1711.0,0.05591,474.0,0.05592,468.0
1753533342442,12:35:42.442,BRETT/USDT:USDT,0.05582,468.0,0.05581,1711.0,0.05591,474.0,0.05592,468.0
1753533343283,12:35:43.283,BRETT/USDT:USDT,0.05582,468.0,0.05581,1711.0,0.05591,474.0,0.05592,468.0
1753533343443,12:35:43.443,BRETT/USDT:USDT,0.05582,468.0,0.05581,1711.0,0.05591,474.0,0.05592,468.0
1753533344270,12:35:44.270,BRETT/USDT:USDT,0.05582,468.0,0.05581,1711.0,0.05591,474.0,0.05592,468.0
1753533346485,12:35:46.485,BRETT/USDT:USDT,0.05582,468.0,0.05581,1711.0,0.05591,474.0,0.05592,468.0
1753533347050,12:35:47.050,BRETT/USDT:USDT,0.05582,468.0,0.05581,1660.0,0.0559,465.0,0.05591,474.0
1753533347111,12:35:47.111,BRETT/USDT:USDT,0.05581,1660.0,0.0558,3978.0,0.05589,57.0,0.0559,465.0
1753533347227,12:35:47.227,BRETT/USDT:USDT,0.05581,1660.0,0.0558,3978.0,0.05589,57.0,0.0559,465.0
1753533348010,12:35:48.010,BRETT/USDT:USDT,0.05581,1660.0,0.0558,3978.0,0.05589,57.0,0.0559,465.0
1753533348456,12:35:48.456,BRETT/USDT:USDT,0.05581,1660.0,0.0558,3978.0,0.05589,57.0,0.05591,465.0
1753533348839,12:35:48.839,BRETT/USDT:USDT,0.05581,1660.0,0.0558,3978.0,0.05589,57.0,0.05591,465.0
1753533350270,12:35:50.270,BRETT/USDT:USDT,0.05581,1660.0,0.0558,3978.0,0.05589,57.0,0.05591,465.0
1753533350556,12:35:50.556,BRETT/USDT:USDT,0.05582,463.0,0.05581,1660.0,0.05589,57.0,0.05591,465.0
1753533350663,12:35:50.663,BRETT/USDT:USDT,0.05583,559.0,0.05582,1000.0,0.05589,9.0,0.05592,468.0
1753533350693,12:35:50.693,BRETT/USDT:USDT,0.05583,559.0,0.05582,1000.0,0.05591,9.0,0.05592,468.0
1753533350861,12:35:50.861,BRETT/USDT:USDT,0.05583,559.0,0.05582,1000.0,0.05591,9.0,0.05592,468.0
1753533351339,12:35:51.339,BRETT/USDT:USDT,0.05583,511.0,0.05582,1000.0,0.05591,9.0,0.05592,468.0
1753533351491,12:35:51.491,BRETT/USDT:USDT,0.05583,511.0,0.05582,1000.0,0.05591,9.0,0.05592,468.0
1753533351679,12:35:51.679,BRETT/USDT:USDT,0.05583,511.0,0.05582,1000.0,0.05591,9.0,0.05592,468.0
1753533352027,12:35:52.027,BRETT/USDT:USDT,0.05583,511.0,0.05582,1000.0,0.05591,9.0,0.05592,468.0
1753533352374,12:35:52.374,BRETT/USDT:USDT,0.05584,511.0,0.05583,511.0,0.05591,9.0,0.05592,468.0
1753533352421,12:35:52.421,BRETT/USDT:USDT,0.05584,511.0,0.05583,511.0,0.05591,9.0,0.05592,468.0
1753533352762,12:35:52.762,BRETT/USDT:USDT,0.05584,511.0,0.05583,511.0,0.05591,9.0,0.05592,468.0
1753533352895,12:35:52.895,BRETT/USDT:USDT,0.05584,511.0,0.05583,511.0,0.05591,9.0,0.05592,468.0
1753533353270,12:35:53.270,BRETT/USDT:USDT,0.05584,511.0,0.05583,511.0,0.05591,57.0,0.05592,468.0
1753533353357,12:35:53.357,BRETT/USDT:USDT,0.05584,511.0,0.05583,511.0,0.05591,105.0,0.05592,468.0
1753533355007,12:35:55.007,BRETT/USDT:USDT,0.05584,511.0,0.05583,511.0,0.05591,105.0,0.05592,468.0
1753533355307,12:35:55.307,BRETT/USDT:USDT,0.05584,511.0,0.05583,511.0,0.05591,105.0,0.05592,468.0
1753533356270,12:35:56.270,BRETT/USDT:USDT,0.05584,511.0,0.05583,511.0,0.05591,105.0,0.05592,468.0
1753533356829,12:35:56.829,BRETT/USDT:USDT,0.05584,511.0,0.05583,511.0,0.05591,105.0,0.05592,468.0
1753533358449,12:35:58.449,BRETT/USDT:USDT,0.05585,511.0,0.05584,1048.0,0.05591,9.0,0.05593,907.0
1753533358579,12:35:58.579,BRETT/USDT:USDT,0.05585,511.0,0.05584,1048.0,0.05592,57.0,0.05593,907.0
1753533358661,12:35:58.661,BRETT/USDT:USDT,0.05585,511.0,0.05584,1048.0,0.05592,57.0,0.05593,907.0
1753533358727,12:35:58.727,BRETT/USDT:USDT,0.05585,511.0,0.05584,1048.0,0.05592,57.0,0.05593,471.0
1753533359268,12:35:59.268,BRETT/USDT:USDT,0.05585,511.0,0.05584,1048.0,0.05592,9.0,0.05593,471.0
1753533359328,12:35:59.328,BRETT/USDT:USDT,0.05585,511.0,0.05584,1048.0,0.05592,57.0,0.05593,471.0
1753533359414,12:35:59.414,BRETT/USDT:USDT,0.05585,511.0,0.05584,1048.0,0.05592,57.0,0.05593,471.0
1753533359743,12:35:59.743,BRETT/USDT:USDT,0.05585,511.0,0.05584,1048.0,0.05592,57.0,0.05593,471.0
1753533360022,12:36:00.022,BRETT/USDT:USDT,0.05585,511.0,0.05584,1048.0,0.05592,105.0,0.05593,471.0
1753533360162,12:36:00.162,BRETT/USDT:USDT,0.05585,511.0,0.05584,1048.0,0.05592,105.0,0.05593,471.0
1753533360368,12:36:00.368,BRETT/USDT:USDT,0.05585,511.0,0.05584,1048.0,0.05592,105.0,0.05593,471.0
1753533360874,12:36:00.874,BRETT/USDT:USDT,0.05586,510.0,0.05585,511.0,0.05592,9.0,0.05594,2229.0
1753533360973,12:36:00.973,BRETT/USDT:USDT,0.05586,510.0,0.05585,511.0,0.05593,9.0,0.05594,2229.0
1753533361066,12:36:01.066,BRETT/USDT:USDT,0.05586,510.0,0.05585,511.0,0.05593,9.0,0.05594,1090.0
1753533361255,12:36:01.255,BRETT/USDT:USDT,0.05586,510.0,0.05585,511.0,0.05593,9.0,0.05594,1090.0
1753533361375,12:36:01.375,BRETT/USDT:USDT,0.05586,510.0,0.05585,511.0,0.05593,9.0,0.05594,1090.0
1753533361438,12:36:01.438,BRETT/USDT:USDT,0.05586,510.0,0.05585,511.0,0.05593,9.0,0.05594,1090.0
1753533361502,12:36:01.502,BRETT/USDT:USDT,0.05586,1539.0,0.05585,3431.0,0.05593,9.0,0.05594,1090.0
1753533361642,12:36:01.642,BRETT/USDT:USDT,0.05586,1539.0,0.05585,3431.0,0.05593,9.0,0.05594,1090.0
1753533362275,12:36:02.275,BRETT/USDT:USDT,0.05586,1539.0,0.05585,3431.0,0.05593,9.0,0.05594,1090.0
1753533362601,12:36:02.601,BRETT/USDT:USDT,0.05586,1539.0,0.05585,3431.0,0.05593,9.0,0.05594,1090.0
1753533363019,12:36:03.019,BRETT/USDT:USDT,0.05586,1539.0,0.05585,3431.0,0.05593,9.0,0.05594,1090.0
1753533363368,12:36:03.368,BRETT/USDT:USDT,0.05586,1539.0,0.05585,3431.0,0.0559,89.0,0.05593,9.0
1753533363435,12:36:03.435,BRETT/USDT:USDT,0.05586,1539.0,0.05585,3431.0,0.05593,9.0,0.05594,1090.0
1753533363847,12:36:03.847,BRETT/USDT:USDT,0.05586,1539.0,0.05585,3431.0,0.05593,9.0,0.05594,1090.0
1753533364147,12:36:04.147,BRETT/USDT:USDT,0.05586,1539.0,0.05585,3431.0,0.05593,57.0,0.05594,1090.0
1753533365272,12:36:05.272,BRETT/USDT:USDT,0.05586,1539.0,0.05585,3431.0,0.05593,57.0,0.05594,1090.0
1753533366463,12:36:06.463,BRETT/USDT:USDT,0.05586,1539.0,0.05585,3431.0,0.05593,57.0,0.05594,1090.0
1753533367376,12:36:07.376,BRETT/USDT:USDT,0.05587,510.0,0.05586,1539.0,0.05593,9.0,0.05594,636.0
1753533367477,12:36:07.477,BRETT/USDT:USDT,0.05587,510.0,0.05586,1539.0,0.05593,9.0,0.05594,3.0
1753533367489,12:36:07.489,BRETT/USDT:USDT,0.05587,510.0,0.05586,1539.0,0.05594,12.0,0.05595,448.0
1753533367870,12:36:07.870,BRETT/USDT:USDT,0.05587,510.0,0.05586,1539.0,0.05594,12.0,0.05596,470.0
1753533367888,12:36:07.888,BRETT/USDT:USDT,0.05587,510.0,0.05586,1539.0,0.05594,3.0,0.05595,9.0
1753533368079,12:36:08.079,BRETT/USDT:USDT,0.05587,510.0,0.05586,1539.0,0.05594,465.0,0.05595,9.0
1753533368114,12:36:08.114,BRETT/USDT:USDT,0.05587,510.0,0.05586,1539.0,0.05593,9.0,0.05594,465.0
1753533368286,12:36:08.286,BRETT/USDT:USDT,0.05587,510.0,0.05586,1539.0,0.05593,9.0,0.05594,465.0
1753533368461,12:36:08.461,BRETT/USDT:USDT,0.05587,510.0,0.05586,1539.0,0.05593,9.0,0.05594,465.0
1753533369003,12:36:09.003,BRETT/USDT:USDT,0.05587,510.0,0.05586,1539.0,0.05593,9.0,0.05594,465.0
1753533369113,12:36:09.113,BRETT/USDT:USDT,0.05587,510.0,0.05586,1539.0,0.05593,9.0,0.05594,465.0
1753533369237,12:36:09.237,BRETT/USDT:USDT,0.05587,510.0,0.05586,1539.0,0.05593,57.0,0.05594,465.0
1753533369329,12:36:09.329,BRETT/USDT:USDT,0.05587,510.0,0.05586,1539.0,0.05593,105.0,0.05594,465.0
1753533370321,12:36:10.321,BRETT/USDT:USDT,0.05587,510.0,0.05586,1539.0,0.05593,9.0,0.05594,465.0
1753533371266,12:36:11.266,BRETT/USDT:USDT,0.05587,510.0,0.05586,1539.0,0.05593,9.0,0.05594,465.0
1753533372009,12:36:12.009,BRETT/USDT:USDT,0.05587,510.0,0.05586,1539.0,0.05593,9.0,0.05594,465.0
1753533372883,12:36:12.883,BRETT/USDT:USDT,0.05587,510.0,0.05586,1539.0,0.05593,9.0,0.05594,465.0
1753533373143,12:36:13.143,BRETT/USDT:USDT,0.05587,510.0,0.05586,1539.0,0.05593,57.0,0.05594,465.0
1753533374270,12:36:14.270,BRETT/USDT:USDT,0.05587,48.0,0.05586,1539.0,0.05593,57.0,0.05594,465.0
1753533374309,12:36:14.309,BRETT/USDT:USDT,0.05587,48.0,0.05586,1539.0,0.05593,57.0,0.05594,465.0
1753533374443,12:36:14.443,BRETT/USDT:USDT,0.05587,48.0,0.05586,1539.0,0.05593,57.0,0.05594,465.0
1753533375006,12:36:15.006,BRETT/USDT:USDT,0.05587,48.0,0.05586,1539.0,0.05593,57.0,0.05594,465.0
1753533375126,12:36:15.126,BRETT/USDT:USDT,0.05587,48.0,0.05586,1539.0,0.05593,57.0,0.05594,465.0
1753533375558,12:36:15.558,BRETT/USDT:USDT,0.05587,496.0,0.05586,1539.0,0.05593,57.0,0.05594,465.0
1753533375658,12:36:15.658,BRETT/USDT:USDT,0.05587,496.0,0.05586,1539.0,0.05593,57.0,0.05594,465.0
1753533375765,12:36:15.765,BRETT/USDT:USDT,0.05587,1032.0,0.05586,1590.0,0.05593,9.0,0.05594,465.0
1753533376027,12:36:16.027,BRETT/USDT:USDT,0.05587,1032.0,0.05586,1590.0,0.05593,9.0,0.05594,465.0
1753533377266,12:36:17.266,BRETT/USDT:USDT,0.05588,496.0,0.05587,1032.0,0.05593,9.0,0.05594,3.0
1753533377314,12:36:17.314,BRETT/USDT:USDT,0.05588,496.0,0.05587,1032.0,0.05594,3.0,0.05595,9.0
1753533379368,12:36:19.368,BRETT/USDT:USDT,0.05588,496.0,0.05587,1032.0,0.05594,3.0,0.05595,9.0
1753533379386,12:36:19.386,BRETT/USDT:USDT,0.05588,496.0,0.05587,1032.0,0.05594,3.0,0.05595,9.0
1753533379551,12:36:19.551,BRETT/USDT:USDT,0.05588,496.0,0.05587,1032.0,0.05594,3.0,0.05595,9.0
1753533379633,12:36:19.633,BRETT/USDT:USDT,0.0559,924.0,0.05589,3016.0,0.05594,3.0,0.05595,9.0
1753533379701,12:36:19.701,BRETT/USDT:USDT,0.0559,924.0,0.05589,3016.0,0.05594,3.0,0.05595,9.0
1753533379967,12:36:19.967,BRETT/USDT:USDT,0.0559,924.0,0.05589,3016.0,0.05594,3.0,0.05595,9.0
1753533380276,12:36:20.276,BRETT/USDT:USDT,0.0559,48.0,0.05589,3016.0,0.05594,3.0,0.05595,9.0
1753533380290,12:36:20.290,BRETT/USDT:USDT,0.0559,953.0,0.05589,3016.0,0.05594,3.0,0.05595,9.0
1753533380828,12:36:20.828,BRETT/USDT:USDT,0.0559,953.0,0.05589,3016.0,0.05594,3.0,0.05595,9.0
1753533381188,12:36:21.188,BRETT/USDT:USDT,0.0559,953.0,0.05589,3016.0,0.05594,3.0,0.05595,9.0
1753533382315,12:36:22.315,BRETT/USDT:USDT,0.0559,953.0,0.05589,3016.0,0.05594,3.0,0.05595,9.0
1753533382924,12:36:22.924,BRETT/USDT:USDT,0.0559,953.0,0.05589,3016.0,0.05594,3.0,0.05595,9.0
1753533383012,12:36:23.012,BRETT/USDT:USDT,0.0559,953.0,0.05589,3016.0,0.05594,3.0,0.05595,9.0
1753533383339,12:36:23.339,BRETT/USDT:USDT,0.0559,953.0,0.05589,3016.0,0.05594,3.0,0.05595,9.0
1753533384272,12:36:24.272,BRETT/USDT:USDT,0.0559,953.0,0.05589,3016.0,0.05594,3.0,0.05595,9.0
1753533384489,12:36:24.489,BRETT/USDT:USDT,0.0559,953.0,0.05589,3016.0,0.05594,3.0,0.05595,9.0
1753533384787,12:36:24.787,BRETT/USDT:USDT,0.0559,953.0,0.05589,3016.0,0.05594,3.0,0.05595,9.0
1753533385068,12:36:25.068,BRETT/USDT:USDT,0.0559,953.0,0.05589,3016.0,0.05594,3.0,0.05595,9.0
1753533385098,12:36:25.098,BRETT/USDT:USDT,0.0559,953.0,0.05589,3016.0,0.05594,3.0,0.05595,9.0
1753533385629,12:36:25.629,BRETT/USDT:USDT,0.0559,953.0,0.05589,3016.0,0.05594,3.0,0.05595,9.0
1753533386019,12:36:26.019,BRETT/USDT:USDT,0.0559,953.0,0.05589,3016.0,0.05594,3.0,0.05595,9.0
1753533386441,12:36:26.441,BRETT/USDT:USDT,0.0559,953.0,0.05589,3016.0,0.05594,3.0,0.05595,9.0
1753533386771,12:36:26.771,BRETT/USDT:USDT,0.0559,953.0,0.05589,3016.0,0.05594,3.0,0.05595,9.0
1753533386823,12:36:26.823,BRETT/USDT:USDT,0.0559,953.0,0.05589,3016.0,0.05594,3.0,0.05596,9.0
1753533387031,12:36:27.031,BRETT/USDT:USDT,0.0559,953.0,0.05589,3016.0,0.05594,3.0,0.05596,9.0
1753533387239,12:36:27.239,BRETT/USDT:USDT,0.0559,953.0,0.05589,3016.0,0.05594,3.0,0.05596,9.0
1753533387327,12:36:27.327,BRETT/USDT:USDT,0.0559,953.0,0.05589,3016.0,0.05594,3.0,0.05597,9.0
1753533387864,12:36:27.864,BRETT/USDT:USDT,0.0559,953.0,0.05589,3016.0,0.05594,3.0,0.05597,9.0
1753533387906,12:36:27.906,BRETT/USDT:USDT,0.0559,953.0,0.05589,3479.0,0.05594,3.0,0.05597,9.0
1753533388063,12:36:28.063,BRETT/USDT:USDT,0.0559,953.0,0.05589,3479.0,0.05594,3.0,0.05597,9.0
1753533389203,12:36:29.203,BRETT/USDT:USDT,0.0559,953.0,0.05589,3479.0,0.05594,3.0,0.05597,9.0
1753533389423,12:36:29.423,BRETT/USDT:USDT,0.0559,953.0,0.05589,3479.0,0.05594,3.0,0.05597,9.0
1753533390443,12:36:30.443,BRETT/USDT:USDT,0.0559,953.0,0.05589,3479.0,0.05594,3.0,0.05597,9.0
1753533391008,12:36:31.008,BRETT/USDT:USDT,0.0559,953.0,0.05589,3479.0,0.05594,3.0,0.05597,9.0
1753533391129,12:36:31.129,BRETT/USDT:USDT,0.0559,953.0,0.05589,3479.0,0.05594,3.0,0.05597,9.0
1753533392009,12:36:32.009,BRETT/USDT:USDT,0.0559,953.0,0.05589,3479.0,0.05594,3.0,0.05597,9.0
1753533392353,12:36:32.353,BRETT/USDT:USDT,0.0559,953.0,0.05589,3479.0,0.05594,3.0,0.05597,9.0
1753533394003,12:36:34.003,BRETT/USDT:USDT,0.0559,953.0,0.05589,3479.0,0.05594,3.0,0.05597,9.0
1753533394792,12:36:34.792,BRETT/USDT:USDT,0.0559,953.0,0.05589,3479.0,0.05594,3.0,0.05597,9.0
1753533395008,12:36:35.008,BRETT/USDT:USDT,0.0559,953.0,0.05589,3479.0,0.05594,3.0,0.05597,9.0
1753533395177,12:36:35.177,BRETT/USDT:USDT,0.0559,953.0,0.05589,3479.0,0.05594,3.0,0.05597,9.0
1753533395228,12:36:35.228,BRETT/USDT:USDT,0.0559,953.0,0.05589,3479.0,0.05594,3.0,0.05597,9.0
1753533395955,12:36:35.955,BRETT/USDT:USDT,0.0559,905.0,0.05589,2968.0,0.05594,3.0,0.05597,9.0
1753533396022,12:36:36.022,BRETT/USDT:USDT,0.0559,905.0,0.05589,2968.0,0.05594,3.0,0.05597,9.0
1753533396112,12:36:36.112,BRETT/USDT:USDT,0.0559,905.0,0.05589,2968.0,0.05594,51.0,0.05597,9.0
1753533396239,12:36:36.239,BRETT/USDT:USDT,0.0559,905.0,0.05589,2968.0,0.05594,51.0,0.05597,9.0
1753533396362,12:36:36.362,BRETT/USDT:USDT,0.05589,3016.0,0.05587,984.0,0.05594,51.0,0.05597,9.0
1753533396672,12:36:36.672,BRETT/USDT:USDT,0.05589,3016.0,0.05587,984.0,0.05594,556.0,0.05597,9.0
1753533396731,12:36:36.731,BRETT/USDT:USDT,0.05589,3016.0,0.05587,984.0,0.05593,9.0,0.05594,556.0
1753533396922,12:36:36.922,BRETT/USDT:USDT,0.05589,3016.0,0.05587,984.0,0.05593,9.0,0.05594,556.0
1753533397971,12:36:37.971,BRETT/USDT:USDT,0.05589,3016.0,0.05587,984.0,0.05593,9.0,0.05594,556.0
1753533397988,12:36:37.988,BRETT/USDT:USDT,0.05589,3016.0,0.05587,984.0,0.05593,9.0,0.05594,556.0
1753533398238,12:36:38.238,BRETT/USDT:USDT,0.05589,3016.0,0.05587,984.0,0.05593,9.0,0.05594,460.0
1753533399864,12:36:39.864,BRETT/USDT:USDT,0.05589,2968.0,0.05587,984.0,0.05593,57.0,0.05594,460.0
1753533399944,12:36:39.944,BRETT/USDT:USDT,0.05589,2968.0,0.05587,984.0,0.05593,57.0,0.05594,460.0
1753533400042,12:36:40.042,BRETT/USDT:USDT,0.05589,2968.0,0.05587,984.0,0.05593,57.0,0.05594,460.0
1753533400243,12:36:40.243,BRETT/USDT:USDT,0.05589,48.0,0.05588,1168.0,0.05593,105.0,0.05594,460.0
1753533401495,12:36:41.495,BRETT/USDT:USDT,0.05589,48.0,0.05588,1168.0,0.05593,105.0,0.05594,460.0
1753533401758,12:36:41.758,BRETT/USDT:USDT,0.05589,48.0,0.05588,1168.0,0.05593,105.0,0.05594,460.0
1753533402648,12:36:42.648,BRETT/USDT:USDT,0.05589,48.0,0.05588,1168.0,0.05593,57.0,0.05594,460.0
1753533402733,12:36:42.733,BRETT/USDT:USDT,0.05589,96.0,0.05588,1168.0,0.05593,9.0,0.05594,460.0
1753533404336,12:36:44.336,BRETT/USDT:USDT,0.05589,48.0,0.05588,1168.0,0.05593,9.0,0.05594,460.0
1753533404857,12:36:44.857,BRETT/USDT:USDT,0.05589,96.0,0.05588,1168.0,0.05593,9.0,0.05594,460.0
1753533406379,12:36:46.379,BRETT/USDT:USDT,0.05589,96.0,0.05588,1168.0,0.05593,9.0,0.05594,460.0
1753533406442,12:36:46.442,BRETT/USDT:USDT,0.05589,48.0,0.05588,1168.0,0.05593,105.0,0.05594,460.0
1753533407727,12:36:47.727,BRETT/USDT:USDT,0.05589,48.0,0.05588,1168.0,0.05593,105.0,0.05594,460.0
1753533407795,12:36:47.795,BRETT/USDT:USDT,0.05589,48.0,0.05588,1168.0,0.05593,105.0,0.05594,460.0
1753533408215,12:36:48.215,BRETT/USDT:USDT,0.05589,48.0,0.05588,1168.0,0.05593,105.0,0.05594,460.0
1753533408329,12:36:48.329,BRETT/USDT:USDT,0.05589,48.0,0.05588,1168.0,0.05593,105.0,0.05594,460.0
1753533409629,12:36:49.629,BRETT/USDT:USDT,0.05589,48.0,0.05588,1168.0,0.05593,105.0,0.05594,460.0
1753533412649,12:36:52.649,BRETT/USDT:USDT,0.05589,48.0,0.05588,1168.0,0.05593,105.0,0.05594,460.0
1753533413278,12:36:53.278,BRETT/USDT:USDT,0.05589,48.0,0.05588,1168.0,0.05593,105.0,0.05594,460.0
1753533414428,12:36:54.428,BRETT/USDT:USDT,0.05589,48.0,0.05588,1168.0,0.05593,105.0,0.05594,460.0
1753533419250,12:36:59.250,BRETT/USDT:USDT,0.05589,48.0,0.05588,1168.0,0.05593,105.0,0.05594,460.0
1753533419337,12:36:59.337,BRETT/USDT:USDT,0.05589,48.0,0.05588,1168.0,0.05593,105.0,0.05594,460.0
1753533419713,12:36:59.713,BRETT/USDT:USDT,0.05589,48.0,0.05588,1168.0,0.05593,105.0,0.05594,460.0
1753533419933,12:36:59.933,BRETT/USDT:USDT,0.05589,96.0,0.05588,1168.0,0.05593,57.0,0.05594,460.0
1753533420297,12:37:00.297,BRETT/USDT:USDT,0.05589,96.0,0.05588,1168.0,0.05593,57.0,0.05594,460.0
1753533421115,12:37:01.115,BRETT/USDT:USDT,0.05589,96.0,0.05588,1168.0,0.05593,57.0,0.05594,460.0
1753533421314,12:37:01.314,BRETT/USDT:USDT,0.05589,96.0,0.05588,1621.0,0.05593,9.0,0.05594,3.0
1753533421418,12:37:01.418,BRETT/USDT:USDT,0.05589,549.0,0.05588,1621.0,0.05593,5.0,0.05594,3.0
1753533421490,12:37:01.490,BRETT/USDT:USDT,0.05589,549.0,0.05588,1621.0,0.05594,3.0,0.05595,9.0
1753533421619,12:37:01.619,BRETT/USDT:USDT,0.05589,549.0,0.05588,1621.0,0.05594,3.0,0.05595,9.0
1753533421779,12:37:01.779,BRETT/USDT:USDT,0.05589,549.0,0.05588,1621.0,0.05594,3.0,0.05595,9.0
1753533421804,12:37:01.804,BRETT/USDT:USDT,0.05589,549.0,0.05588,1621.0,0.05594,3.0,0.05597,9.0
1753533422006,12:37:02.006,BRETT/USDT:USDT,0.05589,549.0,0.05588,1621.0,0.05594,3.0,0.05597,9.0
1753533422164,12:37:02.164,BRETT/USDT:USDT,0.0559,453.0,0.05589,549.0,0.05594,3.0,0.05597,9.0
1753533423138,12:37:03.138,BRETT/USDT:USDT,0.0559,453.0,0.05589,549.0,0.05594,3.0,0.05597,9.0
1753533424029,12:37:04.029,BRETT/USDT:USDT,0.0559,453.0,0.05589,549.0,0.05594,3.0,0.05597,9.0
1753533424742,12:37:04.742,BRETT/USDT:USDT,0.05591,3006.0,0.0559,549.0,0.05594,3.0,0.05597,9.0
1753533425166,12:37:05.166,BRETT/USDT:USDT,0.05591,3006.0,0.0559,549.0,0.05594,3.0,0.05597,9.0
1753533426167,12:37:06.167,BRETT/USDT:USDT,0.05592,902.0,0.05591,3006.0,0.05594,3.0,0.05597,9.0
1753533427004,12:37:07.004,BRETT/USDT:USDT,0.05592,902.0,0.05591,3006.0,0.05594,3.0,0.05597,9.0
1753533427732,12:37:07.732,BRETT/USDT:USDT,0.05592,902.0,0.05591,3006.0,0.05594,3.0,0.05597,9.0
1753533427850,12:37:07.850,BRETT/USDT:USDT,0.05592,902.0,0.05591,3006.0,0.05594,3.0,0.05597,9.0
1753533428168,12:37:08.168,BRETT/USDT:USDT,0.05592,902.0,0.05591,3006.0,0.05594,3.0,0.05597,9.0
1753533428829,12:37:08.829,BRETT/USDT:USDT,0.05592,902.0,0.05591,3006.0,0.05594,3.0,0.05597,9.0
1753533429548,12:37:09.548,BRETT/USDT:USDT,0.05591,3006.0,0.0559,549.0,0.05594,3.0,0.05597,9.0
1753533429582,12:37:09.582,BRETT/USDT:USDT,0.05592,860.0,0.05591,3006.0,0.05594,3.0,0.05597,9.0
1753533430578,12:37:10.578,BRETT/USDT:USDT,0.05592,860.0,0.05591,3006.0,0.05594,3.0,0.05597,9.0
1753533430626,12:37:10.626,BRETT/USDT:USDT,0.05592,860.0,0.05591,3006.0,0.05594,3.0,0.05597,9.0
1753533430965,12:37:10.965,BRETT/USDT:USDT,0.05592,860.0,0.05591,3006.0,0.05594,3.0,0.05597,9.0
1753533431035,12:37:11.035,BRETT/USDT:USDT,0.05592,860.0,0.05591,3465.0,0.05594,3.0,0.05598,9.0
1753533432010,12:37:12.010,BRETT/USDT:USDT,0.05592,860.0,0.05591,3465.0,0.05594,3.0,0.05598,9.0
1753533432411,12:37:12.411,BRETT/USDT:USDT,0.05592,860.0,0.05591,3465.0,0.05594,3.0,0.05598,9.0
1753533433106,12:37:13.106,BRETT/USDT:USDT,0.05593,555.0,0.05592,956.0,0.05594,3.0,0.05598,9.0
1753533433271,12:37:13.271,BRETT/USDT:USDT,0.05592,956.0,0.05591,3465.0,0.05594,3.0,0.05599,9.0
1753533433288,12:37:13.288,BRETT/USDT:USDT,0.05592,956.0,0.05591,3465.0,0.05594,3.0,0.056,461.0
1753533433477,12:37:13.477,BRETT/USDT:USDT,0.05592,956.0,0.05591,3465.0,0.05594,3.0,0.056,1035.0
1753533433528,12:37:13.528,BRETT/USDT:USDT,0.05592,956.0,0.05591,3465.0,0.05594,3.0,0.056,1035.0
1753533433642,12:37:13.642,BRETT/USDT:USDT,0.05592,956.0,0.05591,3465.0,0.05594,3.0,0.056,1035.0
1753533434038,12:37:14.038,BRETT/USDT:USDT,0.05592,956.0,0.05591,3465.0,0.05594,3.0,0.056,461.0
1753533434359,12:37:14.359,BRETT/USDT:USDT,0.05592,956.0,0.05591,3465.0,0.05594,3.0,0.056,461.0
1753533434478,12:37:14.478,BRETT/USDT:USDT,0.05592,956.0,0.05591,3465.0,0.05594,3.0,0.056,461.0
1753533434510,12:37:14.510,BRETT/USDT:USDT,0.05592,956.0,0.05591,3465.0,0.05594,3.0,0.056,461.0
1753533434615,12:37:14.615,BRETT/USDT:USDT,0.05592,956.0,0.05591,3465.0,0.05594,3.0,0.056,461.0
1753533435323,12:37:15.323,BRETT/USDT:USDT,0.05592,956.0,0.05591,3465.0,0.05594,3.0,0.056,461.0
1753533435502,12:37:15.502,BRETT/USDT:USDT,0.05592,956.0,0.05591,3465.0,0.05594,3.0,0.056,461.0
1753533436242,12:37:16.242,BRETT/USDT:USDT,0.05592,956.0,0.05591,3465.0,0.05594,3.0,0.056,461.0
1753533437362,12:37:17.362,BRETT/USDT:USDT,0.05592,956.0,0.05591,3465.0,0.05594,3.0,0.056,461.0
1753533437474,12:37:17.474,BRETT/USDT:USDT,0.05593,2910.0,0.05592,96.0,0.05594,3.0,0.056,461.0
1753533437499,12:37:17.499,BRETT/USDT:USDT,0.05593,2910.0,0.05592,96.0,0.05594,3.0,0.056,461.0
1753533437670,12:37:17.670,BRETT/USDT:USDT,0.05593,2910.0,0.05592,96.0,0.05594,3.0,0.056,461.0
1753533437962,12:37:17.962,BRETT/USDT:USDT,0.05593,2910.0,0.05592,96.0,0.05594,3.0,0.056,461.0
1753533438081,12:37:18.081,BRETT/USDT:USDT,0.05593,2910.0,0.05592,96.0,0.05594,3.0,0.056,461.0
1753533439229,12:37:19.229,BRETT/USDT:USDT,0.05593,2910.0,0.05592,96.0,0.05594,3.0,0.056,461.0
1753533439295,12:37:19.295,BRETT/USDT:USDT,0.05593,2910.0,0.05592,96.0,0.05594,3.0,0.056,461.0
1753533442102,12:37:22.102,BRETT/USDT:USDT,0.05593,2910.0,0.05592,96.0,0.05594,3.0,0.056,461.0
1753533443379,12:37:23.379,BRETT/USDT:USDT,0.05593,2910.0,0.05592,96.0,0.05594,3.0,0.056,461.0
1753533444029,12:37:24.029,BRETT/USDT:USDT,0.05593,2910.0,0.05592,96.0,0.05594,3.0,0.056,461.0
1753533447064,12:37:27.064,BRETT/USDT:USDT,0.05593,2910.0,0.05592,546.0,0.05594,3.0,0.056,461.0
1753533447174,12:37:27.174,BRETT/USDT:USDT,0.05595,3006.0,0.05592,501.0,0.056,57.0,0.05601,463.0
1753533447237,12:37:27.237,BRETT/USDT:USDT,0.05595,2958.0,0.05592,501.0,0.056,48.0,0.05601,472.0
1753533447373,12:37:27.373,BRETT/USDT:USDT,0.05595,2958.0,0.05592,501.0,0.056,48.0,0.05601,472.0
1753533447846,12:37:27.846,BRETT/USDT:USDT,0.05595,3006.0,0.05592,501.0,0.056,48.0,0.05601,472.0
1753533448006,12:37:28.006,BRETT/USDT:USDT,0.05595,3006.0,0.05592,501.0,0.056,48.0,0.05601,472.0
1753533448164,12:37:28.164,BRETT/USDT:USDT,0.05595,3006.0,0.05592,501.0,0.056,48.0,0.05601,472.0
1753533448222,12:37:28.222,BRETT/USDT:USDT,0.05595,2910.0,0.05592,501.0,0.056,96.0,0.05601,472.0
1753533448589,12:37:28.589,BRETT/USDT:USDT,0.05595,2910.0,0.05592,501.0,0.056,96.0,0.05601,472.0
1753533448829,12:37:28.829,BRETT/USDT:USDT,0.05595,2910.0,0.05592,501.0,0.056,96.0,0.05601,472.0
1753533449973,12:37:29.973,BRETT/USDT:USDT,0.05595,2910.0,0.05592,501.0,0.056,96.0,0.05601,472.0
1753533450263,12:37:30.263,BRETT/USDT:USDT,0.05595,2910.0,0.05592,501.0,0.056,561.0,0.05601,472.0
1753533450450,12:37:30.450,BRETT/USDT:USDT,0.05592,450.0,0.05591,1068.0,0.05599,465.0,0.056,561.0
1753533450555,12:37:30.555,BRETT/USDT:USDT,0.05594,870.0,0.05593,2900.0,0.05599,474.0,0.056,561.0
1753533450615,12:37:30.615,BRETT/USDT:USDT,0.05594,870.0,0.05593,2900.0,0.05599,474.0,0.056,561.0
1753533451205,12:37:31.205,BRETT/USDT:USDT,0.05594,870.0,0.05593,2900.0,0.05599,474.0,0.056,561.0
1753533451432,12:37:31.432,BRETT/USDT:USDT,0.05594,870.0,0.05593,2900.0,0.05599,474.0,0.056,561.0
1753533451953,12:37:31.953,BRETT/USDT:USDT,0.05594,870.0,0.05593,2900.0,0.05599,474.0,0.056,561.0
1753533452045,12:37:32.045,BRETT/USDT:USDT,0.05594,918.0,0.05593,2900.0,0.05599,9.0,0.056,561.0
1753533452136,12:37:32.136,BRETT/USDT:USDT,0.05594,966.0,0.05593,2900.0,0.05601,9.0,0.05602,459.0
1753533452274,12:37:32.274,BRETT/USDT:USDT,0.05594,966.0,0.05593,2900.0,0.05601,465.0,0.05602,468.0
1753533452298,12:37:32.298,BRETT/USDT:USDT,0.05594,966.0,0.05593,2900.0,0.05601,465.0,0.05602,468.0
1753533452664,12:37:32.664,BRETT/USDT:USDT,0.05594,966.0,0.05593,2900.0,0.05601,465.0,0.05602,468.0
1753533453022,12:37:33.022,BRETT/USDT:USDT,0.05594,966.0,0.05593,2900.0,0.05601,465.0,0.05602,468.0
1753533453079,12:37:33.079,BRETT/USDT:USDT,0.05594,966.0,0.05593,2900.0,0.05601,465.0,0.05602,468.0
1753533453629,12:37:33.629,BRETT/USDT:USDT,0.05594,966.0,0.05593,2900.0,0.05601,465.0,0.05602,468.0
1753533454456,12:37:34.456,BRETT/USDT:USDT,0.05594,966.0,0.05593,2900.0,0.05601,465.0,0.05602,468.0
1753533455007,12:37:35.007,BRETT/USDT:USDT,0.05594,966.0,0.05593,2900.0,0.05601,465.0,0.05602,468.0
1753533455250,12:37:35.250,BRETT/USDT:USDT,0.05594,966.0,0.05593,2900.0,0.05601,465.0,0.05602,468.0
1753533455879,12:37:35.879,BRETT/USDT:USDT,0.05594,966.0,0.05593,2951.0,0.05601,465.0,0.05602,468.0
1753533455893,12:37:35.893,BRETT/USDT:USDT,0.05594,966.0,0.05593,2951.0,0.05602,468.0,0.05603,450.0
1753533456079,12:37:36.079,BRETT/USDT:USDT,0.05594,1553.0,0.05593,3365.0,0.05602,9.0,0.05603,450.0
1753533456178,12:37:36.178,BRETT/USDT:USDT,0.05597,870.0,0.05596,2900.0,0.05603,459.0,0.05604,2078.0
1753533456210,12:37:36.210,BRETT/USDT:USDT,0.05597,870.0,0.05596,2900.0,0.05603,459.0,0.05604,2078.0
1753533456373,12:37:36.373,BRETT/USDT:USDT,0.05597,870.0,0.05596,2900.0,0.05603,459.0,0.05604,1069.0
1753533456446,12:37:36.446,BRETT/USDT:USDT,0.05597,870.0,0.05596,2900.0,0.05603,459.0,0.05604,1069.0
1753533456597,12:37:36.597,BRETT/USDT:USDT,0.05597,870.0,0.05596,2900.0,0.05603,459.0,0.05604,1069.0
1753533457022,12:37:37.022,BRETT/USDT:USDT,0.05597,870.0,0.05596,2900.0,0.05603,459.0,0.05604,1069.0
1753533457083,12:37:37.083,BRETT/USDT:USDT,0.05597,918.0,0.05596,2900.0,0.05603,459.0,0.05604,1069.0
1753533457537,12:37:37.537,BRETT/USDT:USDT,0.05597,918.0,0.05596,2900.0,0.05603,459.0,0.05604,1069.0
1753533457935,12:37:37.935,BRETT/USDT:USDT,0.05597,918.0,0.05596,2900.0,0.05603,459.0,0.05604,1069.0
1753533458431,12:37:38.431,BRETT/USDT:USDT,0.05597,918.0,0.05596,2900.0,0.05603,459.0,0.05604,1069.0
1753533458491,12:37:38.491,BRETT/USDT:USDT,0.05597,918.0,0.05596,2900.0,0.05603,459.0,0.05604,1069.0
1753533458703,12:37:38.703,BRETT/USDT:USDT,0.05597,918.0,0.05596,2900.0,0.05603,459.0,0.05604,1069.0
1753533459108,12:37:39.108,BRETT/USDT:USDT,0.05597,918.0,0.05596,2900.0,0.05603,459.0,0.05604,1069.0
1753533459500,12:37:39.500,BRETT/USDT:USDT,0.05597,918.0,0.05596,2900.0,0.05603,459.0,0.05604,450.0
1753533460375,12:37:40.375,BRETT/USDT:USDT,0.05597,918.0,0.05596,2900.0,0.05603,459.0,0.05604,450.0
1753533460476,12:37:40.476,BRETT/USDT:USDT,0.05597,918.0,0.05596,2951.0,0.05603,9.0,0.05604,450.0
1753533460569,12:37:40.569,BRETT/USDT:USDT,0.05597,918.0,0.05596,2951.0,0.05604,9.0,0.05605,456.0
1753533460589,12:37:40.589,BRETT/USDT:USDT,0.05597,918.0,0.05596,2951.0,0.05605,465.0,0.05606,619.0
1753533460683,12:37:40.683,BRETT/USDT:USDT,0.05597,918.0,0.05596,2951.0,0.05605,465.0,0.05606,619.0
1753533462069,12:37:42.069,BRETT/USDT:USDT,0.05597,918.0,0.05596,2951.0,0.05604,455.0,0.05605,465.0
1753533463230,12:37:43.230,BRETT/USDT:USDT,0.05597,918.0,0.05596,2951.0,0.05604,455.0,0.05605,465.0
1753533463442,12:37:43.442,BRETT/USDT:USDT,0.05597,918.0,0.05596,2951.0,0.05604,455.0,0.05605,465.0
1753533466118,12:37:46.118,BRETT/USDT:USDT,0.05597,918.0,0.05596,2951.0,0.05604,455.0,0.05605,465.0
1753533466754,12:37:46.754,BRETT/USDT:USDT,0.05597,918.0,0.05596,2951.0,0.05604,455.0,0.05605,465.0
1753533467041,12:37:47.041,BRETT/USDT:USDT,0.05597,918.0,0.05596,2951.0,0.05604,455.0,0.05605,465.0
1753533468031,12:37:48.031,BRETT/USDT:USDT,0.05597,918.0,0.05596,2951.0,0.05604,455.0,0.05605,465.0
1753533468557,12:37:48.557,BRETT/USDT:USDT,0.05597,918.0,0.05596,2951.0,0.05604,455.0,0.05605,465.0
1753533468848,12:37:48.848,BRETT/USDT:USDT,0.05597,918.0,0.05596,2951.0,0.05604,455.0,0.05605,465.0
1753533469667,12:37:49.667,BRETT/USDT:USDT,0.05597,918.0,0.05596,3407.0,0.05604,455.0,0.05605,465.0
1753533470038,12:37:50.038,BRETT/USDT:USDT,0.05597,918.0,0.05596,3407.0,0.05604,455.0,0.05605,465.0
1753533470820,12:37:50.820,BRETT/USDT:USDT,0.05597,1393.0,0.05596,3407.0,0.05604,455.0,0.05605,465.0
1753533472063,12:37:52.063,BRETT/USDT:USDT,0.05597,918.0,0.05596,3407.0,0.05604,455.0,0.05605,465.0
1753533472126,12:37:52.126,BRETT/USDT:USDT,0.05598,475.0,0.05597,1374.0,0.05605,465.0,0.05607,465.0
1753533472187,12:37:52.187,BRETT/USDT:USDT,0.05597,1374.0,0.05596,3407.0,0.05605,456.0,0.05606,9.0
1753533472513,12:37:52.513,BRETT/USDT:USDT,0.05597,1374.0,0.05596,3407.0,0.05605,456.0,0.05606,9.0
1753533472632,12:37:52.632,BRETT/USDT:USDT,0.05597,1374.0,0.05596,3407.0,0.05605,456.0,0.05606,9.0
1753533472844,12:37:52.844,BRETT/USDT:USDT,0.05597,1374.0,0.05596,3407.0,0.05605,456.0,0.05606,9.0
1753533473005,12:37:53.005,BRETT/USDT:USDT,0.05597,1374.0,0.05596,3407.0,0.05605,456.0,0.05606,9.0
1753533473216,12:37:53.216,BRETT/USDT:USDT,0.05597,1374.0,0.05596,3407.0,0.05605,456.0,0.05606,9.0
1753533473453,12:37:53.453,BRETT/USDT:USDT,0.05597,1374.0,0.05596,3407.0,0.05605,456.0,0.05606,9.0
1753533473524,12:37:53.524,BRETT/USDT:USDT,0.05597,1374.0,0.05596,3407.0,0.05605,456.0,0.05606,9.0
1753533473764,12:37:53.764,BRETT/USDT:USDT,0.05597,1374.0,0.05596,3407.0,0.05604,456.0,0.05605,456.0
1753533473788,12:37:53.788,BRETT/USDT:USDT,0.05597,1374.0,0.05596,3407.0,0.05604,465.0,0.05605,456.0
