timestamp,time,symbol,bid1_price,bid1_volume,bid2_price,bid2_volume,ask1_price,ask1_volume,ask2_price,ask2_volume
1753533019000,12:30:19.000,CHR/USDT:USDT,0.10105,296.0,0.10076,789.0,0.10131,10.0,0.10141,6.0
1753533019982,12:30:19.982,CHR/USDT:USDT,0.10105,296.0,0.10076,789.0,0.10131,10.0,0.10141,6.0
1753533020078,12:30:20.078,CHR/USDT:USDT,0.10105,296.0,0.10076,789.0,0.10141,6.0,0.10142,4.0
1753533020178,12:30:20.178,CHR/USDT:USDT,0.10105,296.0,0.10079,163.0,0.10138,10.0,0.10141,7.0
1753533020278,12:30:20.278,CHR/USDT:USDT,0.10105,296.0,0.10079,163.0,0.10138,10.0,0.10141,6.0
1753533020336,12:30:20.336,CHR/USDT:USDT,0.10105,296.0,0.10079,163.0,0.10138,11.0,0.10141,6.0
1753533020688,12:30:20.688,CHR/USDT:USDT,0.10109,296.0,0.10108,926.0,0.10138,10.0,0.10141,6.0
1753533020791,12:30:20.791,CHR/USDT:USDT,0.10109,296.0,0.10079,163.0,0.10138,10.0,0.10141,6.0
1753533020855,12:30:20.855,CHR/USDT:USDT,0.10109,296.0,0.10079,163.0,0.10138,10.0,0.10141,6.0
1753533020991,12:30:20.991,CHR/USDT:USDT,0.10109,296.0,0.10079,163.0,0.10138,10.0,0.10141,6.0
1753533021076,12:30:21.076,CHR/USDT:USDT,0.10111,296.0,0.10079,163.0,0.10138,10.0,0.10141,6.0
1753533021161,12:30:21.161,CHR/USDT:USDT,0.10111,296.0,0.10079,163.0,0.10138,10.0,0.10141,6.0
1753533021443,12:30:21.443,CHR/USDT:USDT,0.10113,296.0,0.10079,163.0,0.10138,10.0,0.10141,6.0
1753533021512,12:30:21.512,CHR/USDT:USDT,0.10113,296.0,0.10078,788.0,0.10138,10.0,0.10141,6.0
1753533021684,12:30:21.684,CHR/USDT:USDT,0.10113,296.0,0.10078,788.0,0.10138,10.0,0.10141,6.0
1753533021719,12:30:21.719,CHR/USDT:USDT,0.10113,296.0,0.10078,788.0,0.10138,10.0,0.10141,6.0
1753533021916,12:30:21.916,CHR/USDT:USDT,0.10113,296.0,0.10078,788.0,0.10138,10.0,0.10141,6.0
1753533022444,12:30:22.444,CHR/USDT:USDT,0.10113,296.0,0.10078,788.0,0.10138,10.0,0.10141,6.0
1753533022585,12:30:22.585,CHR/USDT:USDT,0.10115,296.0,0.10114,39.0,0.10138,10.0,0.10141,6.0
1753533022604,12:30:22.604,CHR/USDT:USDT,0.10115,296.0,0.10078,788.0,0.10138,10.0,0.10141,6.0
1753533023541,12:30:23.541,CHR/USDT:USDT,0.10115,296.0,0.10078,788.0,0.10138,10.0,0.10141,6.0
1753533024115,12:30:24.115,CHR/USDT:USDT,0.10115,296.0,0.10078,788.0,0.10138,10.0,0.10141,6.0
1753533025084,12:30:25.084,CHR/USDT:USDT,0.10115,296.0,0.10078,788.0,0.10138,10.0,0.10141,6.0
1753533025165,12:30:25.165,CHR/USDT:USDT,0.10115,296.0,0.10078,788.0,0.10138,10.0,0.10141,6.0
1753533026092,12:30:26.092,CHR/USDT:USDT,0.10115,296.0,0.10078,788.0,0.10157,10.0,0.10158,23.0
1753533026177,12:30:26.177,CHR/USDT:USDT,0.10115,296.0,0.10075,1213.0,0.1015,10.0,0.10151,60.0
1753533026276,12:30:26.276,CHR/USDT:USDT,0.10115,296.0,0.10075,1213.0,0.10145,10.0,0.10146,10.0
1753533026390,12:30:26.390,CHR/USDT:USDT,0.10115,296.0,0.10069,49.0,0.10144,16.0,0.1015,50.0
1753533026412,12:30:26.412,CHR/USDT:USDT,0.10115,296.0,0.10069,228.0,0.10144,16.0,0.1015,50.0
1753533026579,12:30:26.579,CHR/USDT:USDT,0.10115,296.0,0.10069,228.0,0.10144,16.0,0.1015,50.0
1753533026787,12:30:26.787,CHR/USDT:USDT,0.10115,296.0,0.10081,789.0,0.10144,16.0,0.1015,50.0
1753533026807,12:30:26.807,CHR/USDT:USDT,0.10115,296.0,0.10081,789.0,0.10144,16.0,0.1015,50.0
1753533027232,12:30:27.232,CHR/USDT:USDT,0.10115,296.0,0.10081,789.0,0.10144,16.0,0.1015,50.0
1753533027649,12:30:27.649,CHR/USDT:USDT,0.10115,296.0,0.10081,789.0,0.10144,16.0,0.1015,50.0
1753533027810,12:30:27.810,CHR/USDT:USDT,0.10115,296.0,0.10081,789.0,0.10144,16.0,0.1015,50.0
1753533028144,12:30:28.144,CHR/USDT:USDT,0.10115,296.0,0.10081,789.0,0.10144,16.0,0.10151,50.0
1753533029895,12:30:29.895,CHR/USDT:USDT,0.10115,296.0,0.10081,789.0,0.10144,16.0,0.10151,50.0
1753533030074,12:30:30.074,CHR/USDT:USDT,0.10115,296.0,0.10081,789.0,0.10144,16.0,0.10151,50.0
1753533031702,12:30:31.702,CHR/USDT:USDT,0.10115,296.0,0.10081,789.0,0.10144,16.0,0.10151,50.0
1753533031993,12:30:31.993,CHR/USDT:USDT,0.10115,296.0,0.10081,789.0,0.10144,16.0,0.10151,50.0
1753533032091,12:30:32.091,CHR/USDT:USDT,0.10115,296.0,0.10076,175.0,0.10144,16.0,0.10151,50.0
1753533032165,12:30:32.165,CHR/USDT:USDT,0.10115,296.0,0.10069,49.0,0.10144,16.0,0.10151,50.0
1753533032208,12:30:32.208,CHR/USDT:USDT,0.10115,296.0,0.10077,788.0,0.10144,16.0,0.10151,50.0
1753533033278,12:30:33.278,CHR/USDT:USDT,0.10115,296.0,0.10077,788.0,0.10144,16.0,0.10151,50.0
1753533033365,12:30:33.365,CHR/USDT:USDT,0.10115,296.0,0.10077,788.0,0.10144,16.0,0.10151,50.0
1753533034529,12:30:34.529,CHR/USDT:USDT,0.10115,296.0,0.10077,788.0,0.10144,16.0,0.10151,50.0
1753533036827,12:30:36.827,CHR/USDT:USDT,0.10115,296.0,0.10077,788.0,0.10144,16.0,0.10151,50.0
1753533037283,12:30:37.283,CHR/USDT:USDT,0.10115,296.0,0.10077,788.0,0.10144,16.0,0.10151,50.0
1753533038239,12:30:38.239,CHR/USDT:USDT,0.10115,296.0,0.10084,1214.0,0.10144,16.0,0.10151,50.0
1753533038621,12:30:38.621,CHR/USDT:USDT,0.10115,296.0,0.10084,1214.0,0.10144,16.0,0.10151,50.0
1753533038821,12:30:38.821,CHR/USDT:USDT,0.10115,296.0,0.10072,118.0,0.10144,16.0,0.10151,50.0
1753533039044,12:30:39.044,CHR/USDT:USDT,0.10115,296.0,0.10078,1513.0,0.10144,16.0,0.10151,50.0
1753533039111,12:30:39.111,CHR/USDT:USDT,0.10115,296.0,0.10078,1513.0,0.10144,16.0,0.10151,50.0
1753533040118,12:30:40.118,CHR/USDT:USDT,0.10115,296.0,0.10078,1513.0,0.10144,16.0,0.10151,50.0
1753533040256,12:30:40.256,CHR/USDT:USDT,0.10115,296.0,0.10078,1513.0,0.10144,16.0,0.10151,50.0
1753533041066,12:30:41.066,CHR/USDT:USDT,0.10115,296.0,0.10078,1513.0,0.10144,16.0,0.10151,50.0
1753533041118,12:30:41.118,CHR/USDT:USDT,0.10115,296.0,0.10078,1513.0,0.10144,16.0,0.10151,50.0
1753533042906,12:30:42.906,CHR/USDT:USDT,0.10115,296.0,0.10078,1513.0,0.10144,16.0,0.10151,50.0
1753533043914,12:30:43.914,CHR/USDT:USDT,0.10115,296.0,0.10069,49.0,0.10144,16.0,0.10151,50.0
1753533044191,12:30:44.191,CHR/USDT:USDT,0.10115,296.0,0.10079,183.0,0.10144,16.0,0.10151,50.0
1753533044286,12:30:44.286,CHR/USDT:USDT,0.10115,296.0,0.10079,183.0,0.10144,16.0,0.10151,50.0
1753533045290,12:30:45.290,CHR/USDT:USDT,0.10115,296.0,0.10079,1696.0,0.10144,16.0,0.10151,50.0
1753533046283,12:30:46.283,CHR/USDT:USDT,0.10115,296.0,0.10079,1696.0,0.10144,16.0,0.10151,50.0
1753533046371,12:30:46.371,CHR/USDT:USDT,0.10115,296.0,0.10079,1696.0,0.10144,16.0,0.10151,50.0
1753533046707,12:30:46.707,CHR/USDT:USDT,0.10115,296.0,0.10079,1696.0,0.10144,16.0,0.10151,50.0
1753533048859,12:30:48.859,CHR/USDT:USDT,0.10115,296.0,0.10079,1696.0,0.10144,16.0,0.10151,50.0
1753533049292,12:30:49.292,CHR/USDT:USDT,0.10115,296.0,0.10089,788.0,0.10144,16.0,0.10151,50.0
1753533049534,12:30:49.534,CHR/USDT:USDT,0.10115,296.0,0.10089,788.0,0.10144,16.0,0.10151,50.0
1753533051026,12:30:51.026,CHR/USDT:USDT,0.10115,296.0,0.10089,788.0,0.10142,10.0,0.10144,6.0
1753533051180,12:30:51.180,CHR/USDT:USDT,0.10115,296.0,0.10079,183.0,0.10136,10.0,0.10137,10.0
1753533051272,12:30:51.272,CHR/USDT:USDT,0.10115,296.0,0.10079,183.0,0.10135,10.0,0.10141,6.0
1753533051557,12:30:51.557,CHR/USDT:USDT,0.10115,296.0,0.10079,183.0,0.10135,10.0,0.10141,6.0
1753533051871,12:30:51.871,CHR/USDT:USDT,0.10115,296.0,0.10079,183.0,0.10135,10.0,0.10141,6.0
1753533051973,12:30:51.973,CHR/USDT:USDT,0.10115,296.0,0.10079,323.0,0.10135,10.0,0.10141,6.0
1753533052060,12:30:52.060,CHR/USDT:USDT,0.10115,296.0,0.10079,183.0,0.10135,10.0,0.10141,6.0
1753533052159,12:30:52.159,CHR/USDT:USDT,0.10115,296.0,0.10079,323.0,0.10135,10.0,0.10141,6.0
1753533052385,12:30:52.385,CHR/USDT:USDT,0.10115,296.0,0.10079,323.0,0.10135,10.0,0.10141,6.0
1753533052460,12:30:52.460,CHR/USDT:USDT,0.10115,296.0,0.10079,183.0,0.10135,10.0,0.10141,6.0
1753533052560,12:30:52.560,CHR/USDT:USDT,0.10115,296.0,0.10079,323.0,0.10135,10.0,0.10141,6.0
1753533052963,12:30:52.963,CHR/USDT:USDT,0.10115,296.0,0.10079,183.0,0.10135,10.0,0.10141,6.0
1753533053059,12:30:53.059,CHR/USDT:USDT,0.10115,296.0,0.10079,323.0,0.10135,10.0,0.10141,6.0
1753533053559,12:30:53.559,CHR/USDT:USDT,0.10115,296.0,0.10079,183.0,0.10135,10.0,0.10141,6.0
1753533053665,12:30:53.665,CHR/USDT:USDT,0.10115,296.0,0.1008,114.0,0.10135,10.0,0.10141,6.0
1753533053961,12:30:53.961,CHR/USDT:USDT,0.10115,296.0,0.10079,265.0,0.10135,10.0,0.10141,6.0
1753533054612,12:30:54.612,CHR/USDT:USDT,0.10115,296.0,0.10079,543.0,0.10135,10.0,0.10141,6.0
1753533055271,12:30:55.271,CHR/USDT:USDT,0.10115,296.0,0.10084,183.0,0.10135,10.0,0.10141,6.0
1753533055361,12:30:55.361,CHR/USDT:USDT,0.10115,296.0,0.1008,128.0,0.10135,10.0,0.10141,6.0
1753533055924,12:30:55.924,CHR/USDT:USDT,0.10115,296.0,0.1008,128.0,0.10135,10.0,0.10141,6.0
1753533056274,12:30:56.274,CHR/USDT:USDT,0.10115,296.0,0.10069,1263.0,0.10135,10.0,0.10141,6.0
1753533056306,12:30:56.306,CHR/USDT:USDT,0.10115,296.0,0.10069,49.0,0.10135,10.0,0.10141,6.0
1753533056425,12:30:56.425,CHR/USDT:USDT,0.10115,296.0,0.1008,1513.0,0.10135,10.0,0.10141,6.0
1753533056891,12:30:56.891,CHR/USDT:USDT,0.10115,296.0,0.1008,1513.0,0.10135,10.0,0.10141,6.0
1753533056918,12:30:56.918,CHR/USDT:USDT,0.10115,296.0,0.1008,1513.0,0.10135,10.0,0.10141,6.0
1753533057313,12:30:57.313,CHR/USDT:USDT,0.10115,296.0,0.1008,1513.0,0.10135,10.0,0.10141,6.0
1753533060388,12:31:00.388,CHR/USDT:USDT,0.10115,296.0,0.10069,49.0,0.10148,10.0,0.10149,10.0
1753533060481,12:31:00.481,CHR/USDT:USDT,0.10115,296.0,0.10085,789.0,0.10146,10.0,0.10147,24.0
1753533060549,12:31:00.549,CHR/USDT:USDT,0.10115,296.0,0.10085,789.0,0.10145,6.0,0.10151,50.0
1753533060657,12:31:00.657,CHR/USDT:USDT,0.10115,296.0,0.10085,789.0,0.10143,10.0,0.10145,7.0
1753533060780,12:31:00.780,CHR/USDT:USDT,0.10115,296.0,0.10077,182.0,0.10139,10.0,0.10142,6.0
1753533060982,12:31:00.982,CHR/USDT:USDT,0.10115,296.0,0.10077,182.0,0.10139,10.0,0.10142,6.0
1753533061036,12:31:01.036,CHR/USDT:USDT,0.10115,296.0,0.10086,789.0,0.10137,10.0,0.10142,6.0
1753533061447,12:31:01.447,CHR/USDT:USDT,0.10115,296.0,0.10077,1554.0,0.10137,10.0,0.10142,6.0
1753533061553,12:31:01.553,CHR/USDT:USDT,0.10115,296.0,0.10088,789.0,0.10137,10.0,0.10142,6.0
1753533061813,12:31:01.813,CHR/USDT:USDT,0.10115,296.0,0.10088,789.0,0.10137,10.0,0.10142,6.0
1753533062412,12:31:02.412,CHR/USDT:USDT,0.10115,296.0,0.10088,789.0,0.10137,10.0,0.10142,6.0
1753533062576,12:31:02.576,CHR/USDT:USDT,0.10115,296.0,0.10088,789.0,0.10134,10.0,0.10135,10.0
1753533062629,12:31:02.629,CHR/USDT:USDT,0.10115,296.0,0.10088,789.0,0.10133,10.0,0.10142,6.0
1753533063048,12:31:03.048,CHR/USDT:USDT,0.10115,296.0,0.10088,789.0,0.10133,10.0,0.10142,6.0
1753533063623,12:31:03.623,CHR/USDT:USDT,0.10115,296.0,0.10088,789.0,0.10133,10.0,0.10142,6.0
1753533065652,12:31:05.652,CHR/USDT:USDT,0.10115,296.0,0.10088,789.0,0.10133,10.0,0.10142,6.0
1753533065891,12:31:05.891,CHR/USDT:USDT,0.10115,296.0,0.10088,789.0,0.10133,10.0,0.10142,6.0
1753533066306,12:31:06.306,CHR/USDT:USDT,0.10115,296.0,0.10088,789.0,0.10133,10.0,0.10142,6.0
1753533066628,12:31:06.628,CHR/USDT:USDT,0.10115,296.0,0.10088,789.0,0.10133,10.0,0.10142,6.0
1753533067080,12:31:07.080,CHR/USDT:USDT,0.10115,296.0,0.10088,789.0,0.10133,10.0,0.10142,6.0
1753533067124,12:31:07.124,CHR/USDT:USDT,0.10115,296.0,0.10088,789.0,0.10133,10.0,0.10142,6.0
1753533067307,12:31:07.307,CHR/USDT:USDT,0.10115,296.0,0.10088,789.0,0.10133,10.0,0.10142,6.0
1753533067480,12:31:07.480,CHR/USDT:USDT,0.10115,296.0,0.10088,789.0,0.10149,10.0,0.1015,23.0
1753533067545,12:31:07.545,CHR/USDT:USDT,0.10115,296.0,0.10088,789.0,0.10148,33.0,0.10149,1.0
1753533067635,12:31:07.635,CHR/USDT:USDT,0.10115,296.0,0.10088,789.0,0.10148,33.0,0.10151,50.0
1753533067737,12:31:07.737,CHR/USDT:USDT,0.10115,296.0,0.10088,789.0,0.10148,34.0,0.10151,50.0
1753533068557,12:31:08.557,CHR/USDT:USDT,0.10115,296.0,0.10088,789.0,0.10148,34.0,0.10151,50.0
1753533068620,12:31:08.620,CHR/USDT:USDT,0.10115,296.0,0.10088,789.0,0.10148,34.0,0.10151,50.0
1753533068835,12:31:08.835,CHR/USDT:USDT,0.10115,296.0,0.10088,789.0,0.10148,33.0,0.10151,50.0
1753533068940,12:31:08.940,CHR/USDT:USDT,0.10115,296.0,0.10088,789.0,0.10148,33.0,0.10151,50.0
1753533069469,12:31:09.469,CHR/USDT:USDT,0.10115,296.0,0.10088,789.0,0.10148,33.0,0.10151,50.0
1753533069541,12:31:09.541,CHR/USDT:USDT,0.10115,296.0,0.10088,789.0,0.10148,33.0,0.10151,50.0
1753533069681,12:31:09.681,CHR/USDT:USDT,0.10115,296.0,0.10088,789.0,0.10143,10.0,0.10144,10.0
1753533069715,12:31:09.715,CHR/USDT:USDT,0.10115,296.0,0.10088,789.0,0.10142,16.0,0.10159,50.0
1753533069879,12:31:09.879,CHR/USDT:USDT,0.10115,296.0,0.1008,1397.0,0.10142,16.0,0.10159,50.0
1753533069950,12:31:09.950,CHR/USDT:USDT,0.10115,296.0,0.1008,1397.0,0.10142,16.0,0.10159,50.0
1753533070074,12:31:10.074,CHR/USDT:USDT,0.10115,296.0,0.1008,1397.0,0.10142,16.0,0.10159,50.0
1753533070292,12:31:10.292,CHR/USDT:USDT,0.10115,296.0,0.1008,1397.0,0.10142,16.0,0.10159,50.0
1753533070368,12:31:10.368,CHR/USDT:USDT,0.10115,296.0,0.1009,789.0,0.10142,16.0,0.10159,50.0
1753533070527,12:31:10.527,CHR/USDT:USDT,0.10117,296.0,0.10116,782.0,0.10142,16.0,0.10159,50.0
1753533070658,12:31:10.658,CHR/USDT:USDT,0.10117,296.0,0.1009,789.0,0.10142,16.0,0.10159,50.0
1753533070788,12:31:10.788,CHR/USDT:USDT,0.10117,296.0,0.1009,789.0,0.10142,16.0,0.10159,50.0
1753533070800,12:31:10.800,CHR/USDT:USDT,0.10117,296.0,0.1009,789.0,0.10142,16.0,0.10159,50.0
1753533071218,12:31:11.218,CHR/USDT:USDT,0.10117,296.0,0.1009,789.0,0.10142,16.0,0.10159,50.0
1753533071636,12:31:11.636,CHR/USDT:USDT,0.10117,296.0,0.1009,789.0,0.10142,16.0,0.10159,50.0
1753533071723,12:31:11.723,CHR/USDT:USDT,0.10117,296.0,0.10093,1214.0,0.10142,16.0,0.10159,50.0
1753533071986,12:31:11.986,CHR/USDT:USDT,0.10119,296.0,0.10118,30.0,0.10142,16.0,0.10159,50.0
1753533072038,12:31:12.038,CHR/USDT:USDT,0.10119,296.0,0.10093,1214.0,0.10142,16.0,0.10159,50.0
1753533072853,12:31:12.853,CHR/USDT:USDT,0.10119,296.0,0.10093,1214.0,0.10142,16.0,0.10159,50.0
1753533073667,12:31:13.667,CHR/USDT:USDT,0.10119,296.0,0.10093,1214.0,0.10142,16.0,0.10159,50.0
1753533073766,12:31:13.766,CHR/USDT:USDT,0.10119,296.0,0.10093,1214.0,0.10142,16.0,0.10159,50.0
1753533073824,12:31:13.824,CHR/USDT:USDT,0.10119,296.0,0.10109,49.0,0.10142,16.0,0.10159,50.0
1753533073913,12:31:13.913,CHR/USDT:USDT,0.10119,296.0,0.10093,1214.0,0.10142,16.0,0.10159,50.0
1753533074376,12:31:14.376,CHR/USDT:USDT,0.10119,296.0,0.10093,1214.0,0.10142,16.0,0.10159,50.0
1753533074574,12:31:14.574,CHR/USDT:USDT,0.10119,296.0,0.10093,1214.0,0.10142,16.0,0.10159,50.0
1753533075037,12:31:15.037,CHR/USDT:USDT,0.10119,296.0,0.10093,1214.0,0.10142,16.0,0.10159,50.0
1753533075687,12:31:15.687,CHR/USDT:USDT,0.10121,346.0,0.1012,50.0,0.10142,16.0,0.10159,50.0
1753533076594,12:31:16.594,CHR/USDT:USDT,0.10121,346.0,0.10109,49.0,0.10142,16.0,0.10159,50.0
1753533077588,12:31:17.588,CHR/USDT:USDT,0.10121,296.0,0.10109,49.0,0.10142,16.0,0.10159,50.0
1753533078578,12:31:18.578,CHR/USDT:USDT,0.10121,346.0,0.10109,49.0,0.10142,16.0,0.10159,50.0
1753533080319,12:31:20.319,CHR/USDT:USDT,0.10121,346.0,0.10109,49.0,0.10142,16.0,0.10159,50.0
1753533080549,12:31:20.549,CHR/USDT:USDT,0.10121,296.0,0.10109,49.0,0.10142,16.0,0.10159,50.0
1753533080848,12:31:20.848,CHR/USDT:USDT,0.10121,296.0,0.10109,49.0,0.10142,16.0,0.10159,50.0
1753533080927,12:31:20.927,CHR/USDT:USDT,0.10121,296.0,0.10109,49.0,0.10142,16.0,0.10159,50.0
1753533081538,12:31:21.538,CHR/USDT:USDT,0.10121,346.0,0.10109,49.0,0.10142,16.0,0.10159,50.0
1753533081956,12:31:21.956,CHR/USDT:USDT,0.10121,346.0,0.10109,49.0,0.10142,16.0,0.10159,50.0
1753533082222,12:31:22.222,CHR/USDT:USDT,0.10121,346.0,0.10094,50.0,0.10141,10.0,0.10142,6.0
1753533082380,12:31:22.380,CHR/USDT:USDT,0.10121,346.0,0.10109,49.0,0.1014,6.0,0.10159,50.0
1753533082554,12:31:22.554,CHR/USDT:USDT,0.10121,346.0,0.10109,49.0,0.1014,6.0,0.10159,50.0
1753533082604,12:31:22.604,CHR/USDT:USDT,0.10121,346.0,0.10109,49.0,0.1014,6.0,0.10159,50.0
1753533082706,12:31:22.706,CHR/USDT:USDT,0.10121,346.0,0.10109,49.0,0.1014,6.0,0.10159,50.0
1753533082799,12:31:22.799,CHR/USDT:USDT,0.10121,346.0,0.10109,49.0,0.1014,6.0,0.10159,50.0
1753533082931,12:31:22.931,CHR/USDT:USDT,0.10121,346.0,0.10109,49.0,0.1014,6.0,0.10159,50.0
1753533083000,12:31:23.000,CHR/USDT:USDT,0.10121,346.0,0.10109,49.0,0.1014,6.0,0.10159,50.0
1753533083516,12:31:23.516,CHR/USDT:USDT,0.10121,296.0,0.10109,49.0,0.1014,6.0,0.10159,50.0
1753533084054,12:31:24.054,CHR/USDT:USDT,0.10121,296.0,0.10109,49.0,0.1014,6.0,0.10159,50.0
1753533085071,12:31:25.071,CHR/USDT:USDT,0.10121,296.0,0.10109,49.0,0.1014,6.0,0.10159,50.0
1753533088071,12:31:28.071,CHR/USDT:USDT,0.10121,296.0,0.10109,49.0,0.1014,6.0,0.10159,50.0
1753533088100,12:31:28.100,CHR/USDT:USDT,0.10121,296.0,0.10109,49.0,0.1014,6.0,0.10159,50.0
1753533091435,12:31:31.435,CHR/USDT:USDT,0.10121,296.0,0.10109,49.0,0.10137,10.0,0.1014,6.0
1753533091919,12:31:31.919,CHR/USDT:USDT,0.10121,296.0,0.10109,49.0,0.10137,10.0,0.1014,6.0
1753533092011,12:31:32.011,CHR/USDT:USDT,0.10121,296.0,0.10109,49.0,0.10137,10.0,0.1014,6.0
1753533095131,12:31:35.131,CHR/USDT:USDT,0.10121,296.0,0.10109,49.0,0.10137,10.0,0.1014,6.0
1753533095259,12:31:35.259,CHR/USDT:USDT,0.10121,296.0,0.10094,50.0,0.10136,10.0,0.1014,6.0
1753533096880,12:31:36.880,CHR/USDT:USDT,0.10121,296.0,0.10109,49.0,0.10136,10.0,0.1014,6.0
1753533096904,12:31:36.904,CHR/USDT:USDT,0.10121,296.0,0.10109,49.0,0.10136,10.0,0.1014,6.0
1753533097391,12:31:37.391,CHR/USDT:USDT,0.10122,50.0,0.10121,296.0,0.10156,60.0,0.10157,355.0
1753533097476,12:31:37.476,CHR/USDT:USDT,0.10122,50.0,0.10121,296.0,0.10149,10.0,0.1015,10.0
1753533097577,12:31:37.577,CHR/USDT:USDT,0.10122,50.0,0.10121,296.0,0.10144,10.0,0.10145,10.0
1753533097615,12:31:37.615,CHR/USDT:USDT,0.10122,50.0,0.10121,296.0,0.10143,16.0,0.10152,4.0
1753533097839,12:31:37.839,CHR/USDT:USDT,0.10122,50.0,0.10121,296.0,0.10143,16.0,0.10152,4.0
1753533098350,12:31:38.350,CHR/USDT:USDT,0.10122,50.0,0.10121,296.0,0.10143,16.0,0.10152,4.0
1753533098771,12:31:38.771,CHR/USDT:USDT,0.10121,296.0,0.1011,50.0,0.10143,16.0,0.10152,4.0
1753533099340,12:31:39.340,CHR/USDT:USDT,0.10121,296.0,0.10081,50.0,0.10143,16.0,0.10152,4.0
1753533099576,12:31:39.576,CHR/USDT:USDT,0.10121,296.0,0.10109,49.0,0.10138,10.0,0.10139,10.0
1753533099596,12:31:39.596,CHR/USDT:USDT,0.10121,296.0,0.10109,49.0,0.10138,10.0,0.10143,6.0
1753533100034,12:31:40.034,CHR/USDT:USDT,0.10121,296.0,0.10109,49.0,0.10152,4.0,0.10159,50.0
1753533100176,12:31:40.176,CHR/USDT:USDT,0.10121,296.0,0.10109,49.0,0.10159,50.0,0.1016,2.0
1753533100272,12:31:40.272,CHR/USDT:USDT,0.10121,296.0,0.10109,49.0,0.10159,50.0,0.1016,2.0
1753533100392,12:31:40.392,CHR/USDT:USDT,0.10123,346.0,0.10122,50.0,0.10154,10.0,0.10155,10.0
1753533100482,12:31:40.482,CHR/USDT:USDT,0.10123,346.0,0.10122,50.0,0.10152,10.0,0.10159,50.0
1753533100560,12:31:40.560,CHR/USDT:USDT,0.10123,346.0,0.10122,50.0,0.10152,10.0,0.10159,50.0
1753533100693,12:31:40.693,CHR/USDT:USDT,0.10123,346.0,0.10122,50.0,0.10152,10.0,0.10159,50.0
1753533100742,12:31:40.742,CHR/USDT:USDT,0.10123,346.0,0.10122,50.0,0.10152,10.0,0.10159,50.0
1753533100990,12:31:40.990,CHR/USDT:USDT,0.10123,346.0,0.10122,50.0,0.10152,10.0,0.10159,50.0
1753533101063,12:31:41.063,CHR/USDT:USDT,0.10123,346.0,0.10122,50.0,0.10152,10.0,0.10159,50.0
1753533101140,12:31:41.140,CHR/USDT:USDT,0.10123,346.0,0.10122,50.0,0.10152,10.0,0.10159,50.0
1753533101289,12:31:41.289,CHR/USDT:USDT,0.10123,346.0,0.10122,50.0,0.10152,10.0,0.10159,50.0
1753533101391,12:31:41.391,CHR/USDT:USDT,0.10123,346.0,0.10111,50.0,0.10152,10.0,0.10159,50.0
1753533101482,12:31:41.482,CHR/USDT:USDT,0.10123,346.0,0.10111,50.0,0.10152,10.0,0.10159,50.0
1753533101758,12:31:41.758,CHR/USDT:USDT,0.10125,346.0,0.10124,2912.0,0.10152,10.0,0.10159,50.0
1753533101968,12:31:41.968,CHR/USDT:USDT,0.10125,346.0,0.10109,49.0,0.10152,10.0,0.10159,50.0
1753533101999,12:31:41.999,CHR/USDT:USDT,0.10125,346.0,0.10109,49.0,0.10152,10.0,0.10159,50.0
1753533102281,12:31:42.281,CHR/USDT:USDT,0.10125,346.0,0.10109,49.0,0.10152,10.0,0.10159,50.0
1753533102329,12:31:42.329,CHR/USDT:USDT,0.10127,296.0,0.10126,50.0,0.10152,10.0,0.10159,50.0
1753533102464,12:31:42.464,CHR/USDT:USDT,0.10127,296.0,0.10126,50.0,0.10152,10.0,0.10159,50.0
1753533103190,12:31:43.190,CHR/USDT:USDT,0.10129,296.0,0.10128,678.0,0.10152,10.0,0.10159,50.0
1753533103291,12:31:43.291,CHR/USDT:USDT,0.10129,296.0,0.1011,50.0,0.10159,50.0,0.1016,2.0
1753533103388,12:31:43.388,CHR/USDT:USDT,0.10129,296.0,0.1011,50.0,0.10158,4.0,0.10159,50.0
1753533103446,12:31:43.446,CHR/USDT:USDT,0.10129,296.0,0.1011,50.0,0.10158,4.0,0.10159,50.0
1753533103580,12:31:43.580,CHR/USDT:USDT,0.10129,296.0,0.1011,50.0,0.10158,4.0,0.10159,50.0
1753533103648,12:31:43.648,CHR/USDT:USDT,0.10129,296.0,0.1011,50.0,0.10158,4.0,0.10159,50.0
1753533103792,12:31:43.792,CHR/USDT:USDT,0.10129,296.0,0.1011,50.0,0.10158,4.0,0.10159,50.0
1753533103806,12:31:43.806,CHR/USDT:USDT,0.10129,296.0,0.1011,50.0,0.10158,4.0,0.10159,50.0
1753533103924,12:31:43.924,CHR/USDT:USDT,0.10129,296.0,0.1011,50.0,0.10158,4.0,0.10159,50.0
1753533104738,12:31:44.738,CHR/USDT:USDT,0.10129,296.0,0.1011,50.0,0.10158,4.0,0.10159,50.0
1753533105187,12:31:45.187,CHR/USDT:USDT,0.10129,296.0,0.1011,50.0,0.10158,4.0,0.10159,50.0
1753533105195,12:31:45.195,CHR/USDT:USDT,0.10129,296.0,0.1011,50.0,0.10158,4.0,0.10159,50.0
1753533105660,12:31:45.660,CHR/USDT:USDT,0.10129,296.0,0.1011,50.0,0.10158,4.0,0.10159,50.0
1753533105776,12:31:45.776,CHR/USDT:USDT,0.10129,296.0,0.1011,50.0,0.10158,4.0,0.10159,50.0
1753533105875,12:31:45.875,CHR/USDT:USDT,0.10129,296.0,0.1011,50.0,0.10158,4.0,0.10159,50.0
1753533105970,12:31:45.970,CHR/USDT:USDT,0.10129,296.0,0.1011,50.0,0.10158,4.0,0.10159,50.0
1753533106591,12:31:46.591,CHR/USDT:USDT,0.10129,296.0,0.1011,50.0,0.10158,4.0,0.10159,50.0
1753533106878,12:31:46.878,CHR/USDT:USDT,0.10129,296.0,0.1011,50.0,0.10158,4.0,0.10159,50.0
1753533106953,12:31:46.953,CHR/USDT:USDT,0.10129,296.0,0.1011,50.0,0.10158,4.0,0.10159,50.0
1753533107019,12:31:47.019,CHR/USDT:USDT,0.10129,296.0,0.1011,50.0,0.10158,4.0,0.10159,50.0
1753533107186,12:31:47.186,CHR/USDT:USDT,0.10129,296.0,0.1011,50.0,0.10158,4.0,0.10159,50.0
1753533107970,12:31:47.970,CHR/USDT:USDT,0.10129,296.0,0.1011,50.0,0.10158,4.0,0.10159,50.0
1753533108027,12:31:48.027,CHR/USDT:USDT,0.10129,296.0,0.1011,50.0,0.10158,4.0,0.10159,50.0
1753533108112,12:31:48.112,CHR/USDT:USDT,0.10129,296.0,0.1011,50.0,0.10158,4.0,0.10159,50.0
1753533108476,12:31:48.476,CHR/USDT:USDT,0.10129,296.0,0.1011,50.0,0.10158,4.0,0.10159,50.0
1753533108550,12:31:48.550,CHR/USDT:USDT,0.10129,296.0,0.1011,50.0,0.10158,4.0,0.10159,50.0
1753533108821,12:31:48.821,CHR/USDT:USDT,0.10129,296.0,0.1011,50.0,0.10158,4.0,0.10159,50.0
1753533110685,12:31:50.685,CHR/USDT:USDT,0.10129,296.0,0.1011,50.0,0.10158,4.0,0.10159,50.0
1753533110784,12:31:50.784,CHR/USDT:USDT,0.10129,296.0,0.1011,50.0,0.10158,4.0,0.10159,50.0
1753533110883,12:31:50.883,CHR/USDT:USDT,0.10129,296.0,0.1011,1562.0,0.10158,4.0,0.10159,50.0
1753533110929,12:31:50.929,CHR/USDT:USDT,0.10129,296.0,0.1011,1562.0,0.10158,4.0,0.10159,50.0
1753533110999,12:31:50.999,CHR/USDT:USDT,0.10129,296.0,0.1011,1562.0,0.10158,4.0,0.10159,50.0
1753533111140,12:31:51.140,CHR/USDT:USDT,0.10129,297.0,0.1011,1562.0,0.10158,4.0,0.10159,50.0
1753533111437,12:31:51.437,CHR/USDT:USDT,0.10129,296.0,0.1011,1562.0,0.10158,4.0,0.10159,50.0
1753533111665,12:31:51.665,CHR/USDT:USDT,0.10129,296.0,0.1011,1562.0,0.10158,4.0,0.10159,50.0
1753533111888,12:31:51.888,CHR/USDT:USDT,0.10129,296.0,0.1011,1562.0,0.10158,4.0,0.10159,50.0
1753533111903,12:31:51.903,CHR/USDT:USDT,0.10129,296.0,0.1011,1562.0,0.10158,4.0,0.10159,50.0
1753533113491,12:31:53.491,CHR/USDT:USDT,0.10129,296.0,0.1011,1562.0,0.10158,4.0,0.10159,50.0
1753533113578,12:31:53.578,CHR/USDT:USDT,0.10129,296.0,0.1011,50.0,0.10158,4.0,0.10159,50.0
1753533113683,12:31:53.683,CHR/USDT:USDT,0.10129,296.0,0.1011,232.0,0.10158,4.0,0.10159,50.0
1753533113694,12:31:53.694,CHR/USDT:USDT,0.10129,296.0,0.1011,232.0,0.10158,4.0,0.10159,50.0
1753533113890,12:31:53.890,CHR/USDT:USDT,0.10129,296.0,0.1011,232.0,0.10158,4.0,0.10159,50.0
1753533113964,12:31:53.964,CHR/USDT:USDT,0.10129,296.0,0.1011,232.0,0.10158,4.0,0.10159,50.0
1753533114054,12:31:54.054,CHR/USDT:USDT,0.10129,296.0,0.1011,232.0,0.10158,4.0,0.10159,50.0
1753533114133,12:31:54.133,CHR/USDT:USDT,0.10129,296.0,0.10112,154.0,0.10158,4.0,0.10159,50.0
1753533114863,12:31:54.863,CHR/USDT:USDT,0.10129,296.0,0.1011,232.0,0.10158,4.0,0.10159,50.0
1753533115031,12:31:55.031,CHR/USDT:USDT,0.10129,296.0,0.10111,221.0,0.10158,4.0,0.10159,50.0
1753533115537,12:31:55.537,CHR/USDT:USDT,0.10129,296.0,0.10111,221.0,0.10158,4.0,0.10159,50.0
1753533115619,12:31:55.619,CHR/USDT:USDT,0.10129,296.0,0.10111,221.0,0.10158,4.0,0.10159,50.0
1753533117090,12:31:57.090,CHR/USDT:USDT,0.10129,296.0,0.10111,221.0,0.10158,4.0,0.10159,50.0
1753533118657,12:31:58.657,CHR/USDT:USDT,0.10129,296.0,0.10111,221.0,0.10158,4.0,0.10159,50.0
1753533118786,12:31:58.786,CHR/USDT:USDT,0.10129,296.0,0.10111,221.0,0.10158,4.0,0.10159,50.0
1753533118831,12:31:58.831,CHR/USDT:USDT,0.10129,296.0,0.1011,50.0,0.10158,4.0,0.10159,50.0
1753533118978,12:31:58.978,CHR/USDT:USDT,0.10129,296.0,0.1011,50.0,0.10158,4.0,0.10159,50.0
1753533119677,12:31:59.677,CHR/USDT:USDT,0.10129,296.0,0.10111,182.0,0.10158,4.0,0.10159,50.0
1753533119792,12:31:59.792,CHR/USDT:USDT,0.10129,296.0,0.10111,182.0,0.10158,4.0,0.10159,50.0
1753533119885,12:31:59.885,CHR/USDT:USDT,0.10129,296.0,0.10111,182.0,0.10158,4.0,0.10159,50.0
1753533119980,12:31:59.980,CHR/USDT:USDT,0.10129,296.0,0.1011,50.0,0.10158,4.0,0.10159,50.0
1753533120048,12:32:00.048,CHR/USDT:USDT,0.10129,296.0,0.1011,50.0,0.10158,4.0,0.10159,50.0
1753533120192,12:32:00.192,CHR/USDT:USDT,0.10129,296.0,0.1011,50.0,0.10158,4.0,0.10159,50.0
1753533120205,12:32:00.205,CHR/USDT:USDT,0.10129,296.0,0.1011,50.0,0.10158,4.0,0.10159,50.0
1753533120374,12:32:00.374,CHR/USDT:USDT,0.10129,296.0,0.1011,50.0,0.10158,4.0,0.10159,50.0
1753533120486,12:32:00.486,CHR/USDT:USDT,0.10129,296.0,0.1011,50.0,0.10158,4.0,0.10159,50.0
1753533120535,12:32:00.535,CHR/USDT:USDT,0.10129,296.0,0.1011,50.0,0.10158,4.0,0.10159,50.0
1753533120610,12:32:00.610,CHR/USDT:USDT,0.10129,296.0,0.1011,50.0,0.10158,4.0,0.10159,50.0
1753533120980,12:32:00.980,CHR/USDT:USDT,0.10129,296.0,0.1011,50.0,0.10158,4.0,0.10159,50.0
1753533121883,12:32:01.883,CHR/USDT:USDT,0.10129,296.0,0.1011,50.0,0.10158,4.0,0.10159,50.0
1753533122663,12:32:02.663,CHR/USDT:USDT,0.10129,296.0,0.1011,50.0,0.10158,4.0,0.10159,50.0
1753533122737,12:32:02.737,CHR/USDT:USDT,0.10129,296.0,0.1011,50.0,0.10158,4.0,0.10159,50.0
1753533122829,12:32:02.829,CHR/USDT:USDT,0.10129,296.0,0.1011,50.0,0.10158,4.0,0.10159,50.0
1753533122931,12:32:02.931,CHR/USDT:USDT,0.10129,296.0,0.1011,50.0,0.10158,4.0,0.10159,50.0
1753533124611,12:32:04.611,CHR/USDT:USDT,0.10129,296.0,0.1011,50.0,0.10158,4.0,0.10159,50.0
1753533125620,12:32:05.620,CHR/USDT:USDT,0.10129,296.0,0.1011,50.0,0.10158,4.0,0.10159,50.0
1753533126153,12:32:06.153,CHR/USDT:USDT,0.10129,296.0,0.1011,50.0,0.10158,4.0,0.10159,50.0
1753533126568,12:32:06.568,CHR/USDT:USDT,0.10129,296.0,0.1011,50.0,0.10158,4.0,0.10159,50.0
1753533128052,12:32:08.052,CHR/USDT:USDT,0.10129,296.0,0.1011,50.0,0.10158,4.0,0.10159,50.0
1753533128103,12:32:08.103,CHR/USDT:USDT,0.10129,296.0,0.1011,50.0,0.10158,4.0,0.10159,50.0
1753533128205,12:32:08.205,CHR/USDT:USDT,0.10129,296.0,0.1011,50.0,0.10158,4.0,0.10159,50.0
1753533128661,12:32:08.661,CHR/USDT:USDT,0.10129,296.0,0.1011,50.0,0.10158,4.0,0.10159,50.0
1753533128790,12:32:08.790,CHR/USDT:USDT,0.10129,296.0,0.1011,50.0,0.10158,4.0,0.10159,50.0
1753533131002,12:32:11.002,CHR/USDT:USDT,0.10129,296.0,0.1011,50.0,0.10158,4.0,0.10159,50.0
1753533133820,12:32:13.820,CHR/USDT:USDT,0.10129,296.0,0.1011,50.0,0.10158,4.0,0.10159,50.0
1753533136640,12:32:16.640,CHR/USDT:USDT,0.10129,296.0,0.1011,50.0,0.10158,4.0,0.10159,50.0
1753533138132,12:32:18.132,CHR/USDT:USDT,0.10129,296.0,0.1011,50.0,0.10158,4.0,0.10159,50.0
1753533139160,12:32:19.160,CHR/USDT:USDT,0.10129,296.0,0.1011,50.0,0.10158,4.0,0.10159,50.0
1753533144065,12:32:24.065,CHR/USDT:USDT,0.1013,30.0,0.10129,296.0,0.10158,4.0,0.10159,50.0
1753533144291,12:32:24.291,CHR/USDT:USDT,0.1013,30.0,0.10129,296.0,0.10158,4.0,0.10159,50.0
1753533144364,12:32:24.364,CHR/USDT:USDT,0.1013,30.0,0.10129,296.0,0.10158,4.0,0.10159,50.0
1753533144825,12:32:24.825,CHR/USDT:USDT,0.1013,30.0,0.10129,296.0,0.10158,4.0,0.10159,50.0
1753533144897,12:32:24.897,CHR/USDT:USDT,0.1013,30.0,0.10129,296.0,0.10158,4.0,0.10159,50.0
1753533146087,12:32:26.087,CHR/USDT:USDT,0.10114,296.0,0.10113,50.0,0.10157,295.0,0.10158,4.0
1753533146169,12:32:26.169,CHR/USDT:USDT,0.10114,296.0,0.10113,50.0,0.10155,295.0,0.10156,4.0
1753533146249,12:32:26.249,CHR/USDT:USDT,0.10114,296.0,0.10113,50.0,0.10153,295.0,0.10154,4.0
1753533146302,12:32:26.302,CHR/USDT:USDT,0.10114,296.0,0.10113,50.0,0.10152,4.0,0.10153,295.0
1753533146802,12:32:26.802,CHR/USDT:USDT,0.10114,296.0,0.10113,50.0,0.10152,4.0,0.10153,295.0
1753533147002,12:32:27.002,CHR/USDT:USDT,0.10114,296.0,0.10113,50.0,0.10152,4.0,0.10153,295.0
1753533147343,12:32:27.343,CHR/USDT:USDT,0.10114,296.0,0.10113,50.0,0.10152,4.0,0.10153,295.0
1753533147791,12:32:27.791,CHR/USDT:USDT,0.10114,296.0,0.1011,50.0,0.10152,4.0,0.10153,295.0
1753533147797,12:32:27.797,CHR/USDT:USDT,0.10114,296.0,0.1011,50.0,0.10152,4.0,0.10153,295.0
1753533148170,12:32:28.170,CHR/USDT:USDT,0.10114,296.0,0.1011,50.0,0.10152,4.0,0.10153,295.0
1753533148456,12:32:28.456,CHR/USDT:USDT,0.10114,296.0,0.1011,50.0,0.10152,4.0,0.10153,295.0
1753533148580,12:32:28.580,CHR/USDT:USDT,0.10114,296.0,0.1011,50.0,0.10152,4.0,0.10153,295.0
1753533148684,12:32:28.684,CHR/USDT:USDT,0.10114,296.0,0.1011,50.0,0.10152,4.0,0.10153,295.0
1753533148785,12:32:28.785,CHR/USDT:USDT,0.10114,296.0,0.10098,97.0,0.10152,4.0,0.10153,295.0
1753533148878,12:32:28.878,CHR/USDT:USDT,0.10114,296.0,0.10079,396.0,0.10152,4.0,0.10153,295.0
1753533148955,12:32:28.955,CHR/USDT:USDT,0.10114,296.0,0.10083,1513.0,0.10152,4.0,0.10153,295.0
1753533149136,12:32:29.136,CHR/USDT:USDT,0.10114,296.0,0.10083,1513.0,0.10152,4.0,0.10153,295.0
1753533149210,12:32:29.210,CHR/USDT:USDT,0.10114,296.0,0.10093,84.0,0.10152,4.0,0.10153,295.0
1753533150223,12:32:30.223,CHR/USDT:USDT,0.10114,296.0,0.10109,49.0,0.10152,4.0,0.10153,295.0
1753533150355,12:32:30.355,CHR/USDT:USDT,0.10114,296.0,0.10109,49.0,0.10152,4.0,0.10153,295.0
1753533151358,12:32:31.358,CHR/USDT:USDT,0.10114,296.0,0.10109,49.0,0.10152,4.0,0.10153,295.0
1753533153411,12:32:33.411,CHR/USDT:USDT,0.10114,296.0,0.10109,49.0,0.10152,4.0,0.10153,295.0
1753533153586,12:32:33.586,CHR/USDT:USDT,0.10114,296.0,0.10109,49.0,0.10152,4.0,0.10153,295.0
1753533153970,12:32:33.970,CHR/USDT:USDT,0.10114,296.0,0.10109,49.0,0.10152,4.0,0.10153,295.0
1753533154052,12:32:34.052,CHR/USDT:USDT,0.10114,296.0,0.10095,172.0,0.10152,4.0,0.10153,295.0
1753533154158,12:32:34.158,CHR/USDT:USDT,0.10114,296.0,0.10095,172.0,0.10152,4.0,0.10153,295.0
1753533154845,12:32:34.845,CHR/USDT:USDT,0.10114,296.0,0.10095,172.0,0.10152,4.0,0.10153,295.0
1753533155047,12:32:35.047,CHR/USDT:USDT,0.10114,296.0,0.10095,172.0,0.10152,4.0,0.10153,295.0
1753533157681,12:32:37.681,CHR/USDT:USDT,0.10114,296.0,0.10095,172.0,0.10152,54.0,0.10153,295.0
1753533158262,12:32:38.262,CHR/USDT:USDT,0.10114,296.0,0.10095,172.0,0.10152,54.0,0.10153,295.0
1753533158533,12:32:38.533,CHR/USDT:USDT,0.10116,296.0,0.10109,49.0,0.10152,400.0,0.10153,295.0
1753533158846,12:32:38.846,CHR/USDT:USDT,0.10116,296.0,0.10109,49.0,0.10152,400.0,0.10153,295.0
1753533159240,12:32:39.240,CHR/USDT:USDT,0.10116,296.0,0.10109,49.0,0.10152,400.0,0.10153,295.0
1753533159657,12:32:39.657,CHR/USDT:USDT,0.10116,296.0,0.10109,49.0,0.10152,400.0,0.10153,295.0
1753533160014,12:32:40.014,CHR/USDT:USDT,0.10116,296.0,0.10109,49.0,0.10152,400.0,0.10153,295.0
1753533161041,12:32:41.041,CHR/USDT:USDT,0.10116,296.0,0.10109,49.0,0.10152,400.0,0.10153,295.0
1753533161132,12:32:41.132,CHR/USDT:USDT,0.10116,296.0,0.10109,49.0,0.10152,400.0,0.10153,295.0
1753533162145,12:32:42.145,CHR/USDT:USDT,0.10116,296.0,0.10109,49.0,0.10152,400.0,0.10153,295.0
1753533162303,12:32:42.303,CHR/USDT:USDT,0.10116,296.0,0.10109,49.0,0.10152,400.0,0.10153,295.0
1753533162624,12:32:42.624,CHR/USDT:USDT,0.10116,296.0,0.10109,49.0,0.10151,50.0,0.10152,400.0
1753533162784,12:32:42.784,CHR/USDT:USDT,0.10116,296.0,0.10109,49.0,0.1015,54.0,0.10151,50.0
1753533162888,12:32:42.888,CHR/USDT:USDT,0.10116,296.0,0.10109,49.0,0.1015,54.0,0.10151,50.0
1753533162903,12:32:42.903,CHR/USDT:USDT,0.10116,296.0,0.10109,49.0,0.1015,54.0,0.10151,50.0
1753533163007,12:32:43.007,CHR/USDT:USDT,0.10116,296.0,0.10109,49.0,0.1015,54.0,0.10151,50.0
1753533163305,12:32:43.305,CHR/USDT:USDT,0.10116,296.0,0.10109,49.0,0.1015,54.0,0.10151,50.0
1753533163693,12:32:43.693,CHR/USDT:USDT,0.10116,296.0,0.10109,49.0,0.1015,54.0,0.10152,50.0
1753533163728,12:32:43.728,CHR/USDT:USDT,0.10116,296.0,0.10109,49.0,0.1015,54.0,0.10152,50.0
1753533164239,12:32:44.239,CHR/USDT:USDT,0.10116,296.0,0.10109,49.0,0.1015,55.0,0.10152,50.0
1753533164334,12:32:44.334,CHR/USDT:USDT,0.10116,296.0,0.10109,49.0,0.1015,54.0,0.10152,50.0
1753533164602,12:32:44.602,CHR/USDT:USDT,0.10116,296.0,0.10109,49.0,0.1015,4.0,0.10152,50.0
1753533164726,12:32:44.726,CHR/USDT:USDT,0.10116,296.0,0.10085,165.0,0.10151,54.0,0.10152,50.0
1753533164840,12:32:44.840,CHR/USDT:USDT,0.10116,296.0,0.10085,165.0,0.10151,412.0,0.10152,50.0
1753533164934,12:32:44.934,CHR/USDT:USDT,0.10116,296.0,0.10085,165.0,0.10151,411.0,0.10152,50.0
1753533166580,12:32:46.580,CHR/USDT:USDT,0.10116,296.0,0.10085,165.0,0.1015,50.0,0.10151,361.0
1753533166683,12:32:46.683,CHR/USDT:USDT,0.10116,296.0,0.10109,49.0,0.10149,5.0,0.1015,50.0
1753533166704,12:32:46.704,CHR/USDT:USDT,0.10116,296.0,0.10109,49.0,0.10149,5.0,0.1015,50.0
1753533166842,12:32:46.842,CHR/USDT:USDT,0.10116,296.0,0.10109,49.0,0.10149,4.0,0.1015,50.0
1753533166959,12:32:46.959,CHR/USDT:USDT,0.10116,296.0,0.10109,49.0,0.10149,4.0,0.1015,50.0
1753533167568,12:32:47.568,CHR/USDT:USDT,0.10116,296.0,0.10109,49.0,0.10149,4.0,0.10152,50.0
1753533167604,12:32:47.604,CHR/USDT:USDT,0.10117,30.0,0.10116,296.0,0.10151,4.0,0.10152,50.0
1753533167790,12:32:47.790,CHR/USDT:USDT,0.10118,296.0,0.10117,30.0,0.10151,299.0,0.10152,50.0
1753533167884,12:32:47.884,CHR/USDT:USDT,0.10118,296.0,0.10109,49.0,0.10151,299.0,0.10152,50.0
1753533167993,12:32:47.993,CHR/USDT:USDT,0.10118,296.0,0.10109,49.0,0.10151,299.0,0.10152,50.0
1753533168085,12:32:48.085,CHR/USDT:USDT,0.10118,296.0,0.10109,49.0,0.10151,299.0,0.10152,50.0
1753533168191,12:32:48.191,CHR/USDT:USDT,0.10118,296.0,0.10109,49.0,0.10151,299.0,0.10152,50.0
1753533168558,12:32:48.558,CHR/USDT:USDT,0.10118,296.0,0.10109,49.0,0.1015,50.0,0.10151,299.0
1753533168616,12:32:48.616,CHR/USDT:USDT,0.10118,296.0,0.10109,49.0,0.10149,54.0,0.10152,50.0
1753533168723,12:32:48.723,CHR/USDT:USDT,0.10118,296.0,0.10109,49.0,0.10149,54.0,0.10152,50.0
1753533169009,12:32:49.009,CHR/USDT:USDT,0.10118,296.0,0.10109,49.0,0.10149,54.0,0.10152,50.0
1753533170535,12:32:50.535,CHR/USDT:USDT,0.10118,296.0,0.10109,49.0,0.10149,4.0,0.10152,50.0
1753533170664,12:32:50.664,CHR/USDT:USDT,0.10119,30.0,0.10118,296.0,0.10151,54.0,0.10152,50.0
1753533170856,12:32:50.856,CHR/USDT:USDT,0.10119,30.0,0.10118,296.0,0.10151,54.0,0.10152,50.0
1753533171055,12:32:51.055,CHR/USDT:USDT,0.10119,30.0,0.10118,296.0,0.10151,54.0,0.10152,50.0
1753533172519,12:32:52.519,CHR/USDT:USDT,0.10119,30.0,0.10118,296.0,0.10151,4.0,0.10152,50.0
1753533172671,12:32:52.671,CHR/USDT:USDT,0.10119,30.0,0.10118,296.0,0.10151,4.0,0.10152,50.0
1753533172771,12:32:52.771,CHR/USDT:USDT,0.10119,30.0,0.10118,296.0,0.10151,4.0,0.10152,50.0
1753533172984,12:32:52.984,CHR/USDT:USDT,0.10119,30.0,0.10118,296.0,0.10151,4.0,0.10152,50.0
1753533173037,12:32:53.037,CHR/USDT:USDT,0.10119,30.0,0.10118,296.0,0.10151,4.0,0.10152,50.0
1753533173502,12:32:53.502,CHR/USDT:USDT,0.10119,30.0,0.10118,296.0,0.10151,54.0,0.10152,50.0
1753533173722,12:32:53.722,CHR/USDT:USDT,0.10119,30.0,0.10118,296.0,0.10151,54.0,0.10152,50.0
1753533173888,12:32:53.888,CHR/USDT:USDT,0.10119,30.0,0.10118,296.0,0.10151,54.0,0.10152,50.0
1753533174865,12:32:54.865,CHR/USDT:USDT,0.10119,30.0,0.10118,296.0,0.10151,54.0,0.10152,50.0
1753533175479,12:32:55.479,CHR/USDT:USDT,0.10119,30.0,0.10118,296.0,0.10151,4.0,0.10152,50.0
1753533175878,12:32:55.878,CHR/USDT:USDT,0.10119,30.0,0.10118,296.0,0.10151,4.0,0.10152,50.0
1753533175909,12:32:55.909,CHR/USDT:USDT,0.10119,30.0,0.10118,296.0,0.10151,4.0,0.10152,50.0
1753533176469,12:32:56.469,CHR/USDT:USDT,0.10119,30.0,0.10118,296.0,0.10151,54.0,0.10152,50.0
1753533176789,12:32:56.789,CHR/USDT:USDT,0.10119,30.0,0.10118,296.0,0.10151,54.0,0.10152,50.0
1753533176890,12:32:56.890,CHR/USDT:USDT,0.1012,296.0,0.10109,49.0,0.10151,54.0,0.10152,50.0
1753533176992,12:32:56.992,CHR/USDT:USDT,0.1012,296.0,0.10109,49.0,0.10151,54.0,0.10152,50.0
1753533177044,12:32:57.044,CHR/USDT:USDT,0.1012,296.0,0.10109,49.0,0.10151,54.0,0.10152,50.0
1753533177263,12:32:57.263,CHR/USDT:USDT,0.1012,296.0,0.10109,49.0,0.10151,54.0,0.10152,50.0
1753533177392,12:32:57.392,CHR/USDT:USDT,0.1012,296.0,0.10109,49.0,0.10151,54.0,0.10152,50.0
1753533177465,12:32:57.465,CHR/USDT:USDT,0.1012,296.0,0.10109,49.0,0.10151,54.0,0.10159,50.0
1753533178091,12:32:58.091,CHR/USDT:USDT,0.10122,296.0,0.10109,49.0,0.10151,54.0,0.10159,50.0
1753533178137,12:32:58.137,CHR/USDT:USDT,0.10122,296.0,0.10109,49.0,0.10151,54.0,0.10159,50.0
1753533178236,12:32:58.236,CHR/USDT:USDT,0.10122,296.0,0.10109,49.0,0.10151,54.0,0.10159,50.0
1753533178371,12:32:58.371,CHR/USDT:USDT,0.10122,296.0,0.10097,397.0,0.10151,54.0,0.10159,50.0
1753533178446,12:32:58.446,CHR/USDT:USDT,0.10122,296.0,0.10097,397.0,0.10151,4.0,0.10159,50.0
1753533178593,12:32:58.593,CHR/USDT:USDT,0.10124,296.0,0.10123,164.0,0.10158,54.0,0.10159,50.0
1753533178641,12:32:58.641,CHR/USDT:USDT,0.10124,296.0,0.10097,397.0,0.10158,54.0,0.10159,50.0
1753533178985,12:32:58.985,CHR/USDT:USDT,0.10124,296.0,0.10097,397.0,0.10158,54.0,0.10159,50.0
1753533179003,12:32:59.003,CHR/USDT:USDT,0.10124,296.0,0.10097,397.0,0.10158,54.0,0.10159,50.0
1753533179340,12:32:59.340,CHR/USDT:USDT,0.10124,296.0,0.10097,397.0,0.10158,54.0,0.10159,50.0
1753533179560,12:32:59.560,CHR/USDT:USDT,0.10124,296.0,0.10097,397.0,0.10158,54.0,0.10159,50.0
1753533179663,12:32:59.663,CHR/USDT:USDT,0.10124,296.0,0.10097,397.0,0.10158,54.0,0.10159,50.0
1753533180427,12:33:00.427,CHR/USDT:USDT,0.10124,296.0,0.10097,397.0,0.10158,4.0,0.10159,50.0
1753533181421,12:33:01.421,CHR/USDT:USDT,0.10124,296.0,0.10097,397.0,0.10158,54.0,0.10159,50.0
1753533181984,12:33:01.984,CHR/USDT:USDT,0.10124,296.0,0.10097,397.0,0.10158,54.0,0.10159,50.0
1753533182423,12:33:02.423,CHR/USDT:USDT,0.10124,296.0,0.10097,397.0,0.10158,54.0,0.10159,50.0
1753533183106,12:33:03.106,CHR/USDT:USDT,0.10124,296.0,0.10097,397.0,0.10158,54.0,0.10159,50.0
1753533183390,12:33:03.390,CHR/USDT:USDT,0.10124,296.0,0.10097,397.0,0.10158,4.0,0.10159,50.0
1753533183602,12:33:03.602,CHR/USDT:USDT,0.10124,296.0,0.10097,397.0,0.10158,4.0,0.10159,50.0
1753533184379,12:33:04.379,CHR/USDT:USDT,0.10124,296.0,0.10097,397.0,0.10158,54.0,0.10159,50.0
1753533186361,12:33:06.361,CHR/USDT:USDT,0.10124,296.0,0.10097,397.0,0.10158,4.0,0.10159,50.0
1753533187346,12:33:07.346,CHR/USDT:USDT,0.10124,296.0,0.10097,397.0,0.10158,54.0,0.10159,50.0
1753533188565,12:33:08.565,CHR/USDT:USDT,0.10124,296.0,0.10109,49.0,0.10158,54.0,0.10159,50.0
1753533188673,12:33:08.673,CHR/USDT:USDT,0.10124,296.0,0.10097,397.0,0.10158,54.0,0.10159,50.0
1753533188838,12:33:08.838,CHR/USDT:USDT,0.10124,296.0,0.10097,397.0,0.10158,54.0,0.10159,50.0
1753533189329,12:33:09.329,CHR/USDT:USDT,0.10124,296.0,0.10097,397.0,0.10158,4.0,0.10159,50.0
1753533189658,12:33:09.658,CHR/USDT:USDT,0.10124,296.0,0.10097,397.0,0.10158,4.0,0.10159,50.0
1753533189902,12:33:09.902,CHR/USDT:USDT,0.10124,296.0,0.10097,397.0,0.10158,4.0,0.10159,50.0
1753533190076,12:33:10.076,CHR/USDT:USDT,0.10124,296.0,0.10097,397.0,0.10158,4.0,0.10159,50.0
1753533190312,12:33:10.312,CHR/USDT:USDT,0.10124,296.0,0.10097,397.0,0.10158,54.0,0.10159,50.0
1753533190768,12:33:10.768,CHR/USDT:USDT,0.10124,296.0,0.10097,397.0,0.10158,54.0,0.10159,50.0
1753533191632,12:33:11.632,CHR/USDT:USDT,0.10124,296.0,0.10097,397.0,0.10158,4.0,0.10159,50.0
1753533191704,12:33:11.704,CHR/USDT:USDT,0.10124,296.0,0.10097,397.0,0.10158,4.0,0.10159,50.0
1753533192291,12:33:12.291,CHR/USDT:USDT,0.10124,296.0,0.10097,397.0,0.10158,54.0,0.10159,50.0
1753533194267,12:33:14.267,CHR/USDT:USDT,0.10124,296.0,0.10097,397.0,0.10158,4.0,0.10159,50.0
1753533195257,12:33:15.257,CHR/USDT:USDT,0.10124,296.0,0.10097,397.0,0.10158,54.0,0.10159,50.0
1753533195795,12:33:15.795,CHR/USDT:USDT,0.10124,296.0,0.10097,397.0,0.10158,54.0,0.10159,50.0
1753533196040,12:33:16.040,CHR/USDT:USDT,0.10124,296.0,0.10097,397.0,0.10158,55.0,0.10159,50.0
1753533196134,12:33:16.134,CHR/USDT:USDT,0.10124,296.0,0.10097,397.0,0.10158,54.0,0.10159,50.0
1753533197234,12:33:17.234,CHR/USDT:USDT,0.10124,296.0,0.10097,397.0,0.10158,4.0,0.10159,50.0
1753533198223,12:33:18.223,CHR/USDT:USDT,0.10124,296.0,0.10097,397.0,0.10158,54.0,0.10159,50.0
1753533199095,12:33:19.095,CHR/USDT:USDT,0.10124,296.0,0.10097,397.0,0.10158,54.0,0.10159,50.0
1753533200200,12:33:20.200,CHR/USDT:USDT,0.10124,296.0,0.10097,397.0,0.10158,4.0,0.10159,50.0
1753533201190,12:33:21.190,CHR/USDT:USDT,0.10124,296.0,0.10097,397.0,0.10158,54.0,0.10159,50.0
1753533201832,12:33:21.832,CHR/USDT:USDT,0.10124,296.0,0.10097,397.0,0.10158,54.0,0.10159,50.0
1753533203064,12:33:23.064,CHR/USDT:USDT,0.10124,296.0,0.10097,397.0,0.10158,54.0,0.10159,50.0
1753533203167,12:33:23.167,CHR/USDT:USDT,0.10124,296.0,0.10097,397.0,0.10158,4.0,0.10159,50.0
1753533204156,12:33:24.156,CHR/USDT:USDT,0.10124,296.0,0.10097,397.0,0.10158,54.0,0.10159,50.0
1753533205393,12:33:25.393,CHR/USDT:USDT,0.10125,49.0,0.10124,296.0,0.10158,54.0,0.10159,50.0
1753533205486,12:33:25.486,CHR/USDT:USDT,0.10128,296.0,0.10127,49.0,0.10158,54.0,0.10159,50.0
1753533205591,12:33:25.591,CHR/USDT:USDT,0.10128,296.0,0.10101,1513.0,0.10158,54.0,0.10159,50.0
1753533205692,12:33:25.692,CHR/USDT:USDT,0.10129,30.0,0.10128,296.0,0.10158,54.0,0.10159,50.0
1753533205731,12:33:25.731,CHR/USDT:USDT,0.10129,30.0,0.10128,296.0,0.10158,54.0,0.10159,50.0
1753533205797,12:33:25.797,CHR/USDT:USDT,0.10129,30.0,0.10128,296.0,0.10158,54.0,0.10159,50.0
1753533205934,12:33:25.934,CHR/USDT:USDT,0.10129,30.0,0.10128,296.0,0.10158,54.0,0.10159,50.0
1753533206134,12:33:26.134,CHR/USDT:USDT,0.10129,30.0,0.10128,296.0,0.10158,4.0,0.10159,50.0
1753533207143,12:33:27.143,CHR/USDT:USDT,0.10129,80.0,0.10128,296.0,0.10158,54.0,0.10159,50.0
1753533207213,12:33:27.213,CHR/USDT:USDT,0.10129,80.0,0.10128,296.0,0.10158,54.0,0.10159,50.0
1753533207527,12:33:27.527,CHR/USDT:USDT,0.10129,80.0,0.10128,296.0,0.10158,54.0,0.10159,50.0
1753533209050,12:33:29.050,CHR/USDT:USDT,0.10129,50.0,0.10128,296.0,0.10158,54.0,0.10159,50.0
1753533209101,12:33:29.101,CHR/USDT:USDT,0.10129,50.0,0.10128,296.0,0.10158,4.0,0.10159,50.0
1753533209686,12:33:29.686,CHR/USDT:USDT,0.10129,50.0,0.10128,296.0,0.10158,4.0,0.10159,50.0
1753533210090,12:33:30.090,CHR/USDT:USDT,0.10129,50.0,0.10128,296.0,0.10158,54.0,0.10159,50.0
1753533210101,12:33:30.101,CHR/USDT:USDT,0.10129,50.0,0.10128,296.0,0.10158,54.0,0.10159,50.0
1753533210784,12:33:30.784,CHR/USDT:USDT,0.10129,50.0,0.10128,296.0,0.10158,54.0,0.10159,50.0
1753533210893,12:33:30.893,CHR/USDT:USDT,0.10129,50.0,0.10128,296.0,0.10158,54.0,0.10159,50.0
1753533211080,12:33:31.080,CHR/USDT:USDT,0.10129,50.0,0.10128,296.0,0.10158,54.0,0.10159,50.0
1753533212067,12:33:32.067,CHR/USDT:USDT,0.10129,50.0,0.10128,296.0,0.10158,4.0,0.10159,50.0
1753533212130,12:33:32.130,CHR/USDT:USDT,0.10129,50.0,0.10128,296.0,0.10158,4.0,0.10159,50.0
1753533212691,12:33:32.691,CHR/USDT:USDT,0.10129,50.0,0.10128,296.0,0.10158,4.0,0.10159,50.0
1753533212710,12:33:32.710,CHR/USDT:USDT,0.10129,50.0,0.10128,296.0,0.10158,4.0,0.10159,50.0
1753533213056,12:33:33.056,CHR/USDT:USDT,0.10129,50.0,0.10128,296.0,0.10158,54.0,0.10159,50.0
1753533213138,12:33:33.138,CHR/USDT:USDT,0.10129,50.0,0.10128,296.0,0.10158,54.0,0.10159,50.0
1753533213693,12:33:33.693,CHR/USDT:USDT,0.10129,50.0,0.10128,296.0,0.10158,54.0,0.10159,50.0
1753533215038,12:33:35.038,CHR/USDT:USDT,0.10129,50.0,0.10128,296.0,0.10158,4.0,0.10159,50.0
1753533215730,12:33:35.730,CHR/USDT:USDT,0.10129,50.0,0.10128,296.0,0.10158,4.0,0.10159,50.0
1753533216023,12:33:36.023,CHR/USDT:USDT,0.10129,50.0,0.10128,296.0,0.10158,54.0,0.10159,50.0
1753533216751,12:33:36.751,CHR/USDT:USDT,0.10129,50.0,0.10128,296.0,0.10158,54.0,0.10159,50.0
1753533217279,12:33:37.279,CHR/USDT:USDT,0.10129,50.0,0.10128,296.0,0.10158,54.0,0.10159,50.0
1753533217345,12:33:37.345,CHR/USDT:USDT,0.10129,50.0,0.10128,296.0,0.10158,54.0,0.10159,50.0
1753533217585,12:33:37.585,CHR/USDT:USDT,0.10129,50.0,0.10128,296.0,0.10158,54.0,0.10159,50.0
1753533218000,12:33:38.000,CHR/USDT:USDT,0.10129,50.0,0.10128,296.0,0.10158,4.0,0.10159,50.0
1753533218990,12:33:38.990,CHR/USDT:USDT,0.10129,50.0,0.10128,296.0,0.10158,54.0,0.10159,50.0
1753533219185,12:33:39.185,CHR/USDT:USDT,0.10129,50.0,0.10128,296.0,0.10158,54.0,0.10159,50.0
1753533219294,12:33:39.294,CHR/USDT:USDT,0.10129,50.0,0.10128,296.0,0.10158,54.0,0.10159,50.0
1753533219294,12:33:39.294,CHR/USDT:USDT,0.10129,50.0,0.10128,296.0,0.10158,54.0,0.10159,50.0
1753533219566,12:33:39.566,CHR/USDT:USDT,0.10129,50.0,0.10128,296.0,0.10158,54.0,0.10159,50.0
1753533219644,12:33:39.644,CHR/USDT:USDT,0.10129,50.0,0.10128,296.0,0.10158,54.0,0.10159,50.0
1753533219985,12:33:39.985,CHR/USDT:USDT,0.10129,50.0,0.10128,296.0,0.10158,54.0,0.10159,50.0
1753533220083,12:33:40.083,CHR/USDT:USDT,0.10129,50.0,0.10128,296.0,0.10158,55.0,0.10159,50.0
1753533220152,12:33:40.152,CHR/USDT:USDT,0.10129,50.0,0.10128,296.0,0.10158,54.0,0.10159,50.0
1753533220740,12:33:40.740,CHR/USDT:USDT,0.10129,50.0,0.10128,296.0,0.10158,54.0,0.10159,50.0
1753533220985,12:33:40.985,CHR/USDT:USDT,0.10129,50.0,0.10128,296.0,0.10158,4.0,0.10159,50.0
1753533221957,12:33:41.957,CHR/USDT:USDT,0.10129,50.0,0.10128,296.0,0.10158,54.0,0.10159,50.0
1753533222040,12:33:42.040,CHR/USDT:USDT,0.10129,50.0,0.10128,296.0,0.10158,55.0,0.10159,50.0
1753533222136,12:33:42.136,CHR/USDT:USDT,0.10129,50.0,0.10128,296.0,0.10158,54.0,0.10159,50.0
1753533223933,12:33:43.933,CHR/USDT:USDT,0.10129,50.0,0.10128,296.0,0.10158,4.0,0.10159,50.0
1753533224922,12:33:44.922,CHR/USDT:USDT,0.10129,50.0,0.10128,296.0,0.10158,54.0,0.10159,50.0
1753533225138,12:33:45.138,CHR/USDT:USDT,0.10129,50.0,0.10128,296.0,0.10158,54.0,0.10159,50.0
1753533226168,12:33:46.168,CHR/USDT:USDT,0.10129,50.0,0.10128,296.0,0.10158,54.0,0.10159,50.0
1753533226203,12:33:46.203,CHR/USDT:USDT,0.10129,50.0,0.10128,296.0,0.10158,54.0,0.10159,50.0
1753533226900,12:33:46.900,CHR/USDT:USDT,0.10129,50.0,0.10128,296.0,0.10158,4.0,0.10159,50.0
1753533227208,12:33:47.208,CHR/USDT:USDT,0.10129,50.0,0.10128,296.0,0.10158,4.0,0.10159,50.0
1753533227792,12:33:47.792,CHR/USDT:USDT,0.10129,50.0,0.10128,296.0,0.10158,4.0,0.10159,50.0
1753533227889,12:33:47.889,CHR/USDT:USDT,0.10129,50.0,0.10128,296.0,0.10158,54.0,0.10159,50.0
1753533228023,12:33:48.023,CHR/USDT:USDT,0.10129,50.0,0.10128,296.0,0.10158,54.0,0.10159,50.0
1753533228669,12:33:48.669,CHR/USDT:USDT,0.10129,50.0,0.10128,296.0,0.10158,54.0,0.10159,50.0
1753533229872,12:33:49.872,CHR/USDT:USDT,0.10129,50.0,0.10128,296.0,0.10158,4.0,0.10159,50.0
1753533230856,12:33:50.856,CHR/USDT:USDT,0.10129,50.0,0.10128,296.0,0.10158,54.0,0.10159,50.0
1753533232855,12:33:52.855,CHR/USDT:USDT,0.10129,50.0,0.10128,296.0,0.10158,4.0,0.10159,50.0
1753533233822,12:33:53.822,CHR/USDT:USDT,0.10129,50.0,0.10128,296.0,0.10158,54.0,0.10159,50.0
1753533233939,12:33:53.939,CHR/USDT:USDT,0.10129,50.0,0.10128,296.0,0.10158,55.0,0.10159,50.0
1753533234082,12:33:54.082,CHR/USDT:USDT,0.10129,50.0,0.10128,296.0,0.10158,55.0,0.10159,50.0
1753533234735,12:33:54.735,CHR/USDT:USDT,0.10129,50.0,0.10128,296.0,0.10158,54.0,0.10159,50.0
1753533234901,12:33:54.901,CHR/USDT:USDT,0.10129,50.0,0.10128,296.0,0.10158,54.0,0.10159,50.0
1753533235130,12:33:55.130,CHR/USDT:USDT,0.10129,50.0,0.10128,296.0,0.10158,54.0,0.10159,50.0
1753533235799,12:33:55.799,CHR/USDT:USDT,0.10129,50.0,0.10128,296.0,0.10158,4.0,0.10159,50.0
1753533236788,12:33:56.788,CHR/USDT:USDT,0.10129,50.0,0.10128,296.0,0.10158,54.0,0.10159,50.0
1753533236938,12:33:56.938,CHR/USDT:USDT,0.10129,50.0,0.10128,296.0,0.10158,55.0,0.10159,50.0
1753533237337,12:33:57.337,CHR/USDT:USDT,0.10129,50.0,0.10128,296.0,0.10158,54.0,0.10159,50.0
1753533238127,12:33:58.127,CHR/USDT:USDT,0.10129,50.0,0.10128,296.0,0.10158,54.0,0.10159,50.0
1753533238774,12:33:58.774,CHR/USDT:USDT,0.10129,50.0,0.10128,296.0,0.10158,4.0,0.10159,50.0
1753533239790,12:33:59.790,CHR/USDT:USDT,0.10129,50.0,0.10128,296.0,0.10158,54.0,0.10159,50.0
1753533239848,12:33:59.848,CHR/USDT:USDT,0.10129,50.0,0.10128,296.0,0.10158,54.0,0.10159,50.0
1753533239933,12:33:59.933,CHR/USDT:USDT,0.10129,50.0,0.10128,296.0,0.10158,54.0,0.10159,50.0
1753533239994,12:33:59.994,CHR/USDT:USDT,0.10129,50.0,0.10128,296.0,0.10158,54.0,0.10159,50.0
1753533240135,12:34:00.135,CHR/USDT:USDT,0.10129,50.0,0.10128,296.0,0.10158,55.0,0.10159,50.0
1753533240234,12:34:00.234,CHR/USDT:USDT,0.10129,50.0,0.10128,296.0,0.10158,54.0,0.10159,50.0
1753533240744,12:34:00.744,CHR/USDT:USDT,0.10129,50.0,0.10128,296.0,0.10158,54.0,0.10159,50.0
1753533240952,12:34:00.952,CHR/USDT:USDT,0.10129,50.0,0.10128,296.0,0.10158,54.0,0.10159,50.0
1753533241768,12:34:01.768,CHR/USDT:USDT,0.10129,50.0,0.10128,296.0,0.10158,4.0,0.10159,50.0
1753533242722,12:34:02.722,CHR/USDT:USDT,0.10129,50.0,0.10128,296.0,0.10158,54.0,0.10159,50.0
1753533243783,12:34:03.783,CHR/USDT:USDT,0.10129,50.0,0.10128,296.0,0.10158,54.0,0.10159,50.0
1753533243797,12:34:03.797,CHR/USDT:USDT,0.10129,50.0,0.10128,296.0,0.10158,54.0,0.10159,50.0
1753533244574,12:34:04.574,CHR/USDT:USDT,0.10129,50.0,0.10128,296.0,0.10158,54.0,0.10159,50.0
1753533244705,12:34:04.705,CHR/USDT:USDT,0.10129,50.0,0.10128,296.0,0.10158,4.0,0.10159,50.0
1753533244991,12:34:04.991,CHR/USDT:USDT,0.10129,50.0,0.10128,296.0,0.10158,4.0,0.10159,50.0
1753533245689,12:34:05.689,CHR/USDT:USDT,0.10129,50.0,0.10128,296.0,0.10158,54.0,0.10159,50.0
1753533246289,12:34:06.289,CHR/USDT:USDT,0.10129,50.0,0.10128,296.0,0.10158,54.0,0.10159,50.0
1753533246677,12:34:06.677,CHR/USDT:USDT,0.10129,50.0,0.10128,296.0,0.10158,54.0,0.10159,50.0
1753533247025,12:34:07.025,CHR/USDT:USDT,0.10129,50.0,0.10128,296.0,0.10158,54.0,0.10159,50.0
1753533247665,12:34:07.665,CHR/USDT:USDT,0.10129,50.0,0.10128,296.0,0.10158,4.0,0.10159,50.0
1753533247841,12:34:07.841,CHR/USDT:USDT,0.10129,50.0,0.10128,296.0,0.10158,4.0,0.10159,50.0
1753533248311,12:34:08.311,CHR/USDT:USDT,0.10129,50.0,0.10128,296.0,0.10158,4.0,0.10159,50.0
1753533248658,12:34:08.658,CHR/USDT:USDT,0.10129,50.0,0.10128,296.0,0.10158,54.0,0.10159,50.0
1753533248810,12:34:08.810,CHR/USDT:USDT,0.10129,50.0,0.10128,296.0,0.10158,54.0,0.10159,50.0
1753533249290,12:34:09.290,CHR/USDT:USDT,0.10129,50.0,0.10128,296.0,0.10158,54.0,0.10159,50.0
1753533249303,12:34:09.303,CHR/USDT:USDT,0.10129,50.0,0.10128,296.0,0.10158,54.0,0.10159,50.0
1753533249463,12:34:09.463,CHR/USDT:USDT,0.10129,50.0,0.10128,296.0,0.10158,54.0,0.10159,50.0
1753533249663,12:34:09.663,CHR/USDT:USDT,0.10129,50.0,0.10128,296.0,0.10158,54.0,0.10159,50.0
1753533249884,12:34:09.884,CHR/USDT:USDT,0.10129,50.0,0.10128,296.0,0.10158,54.0,0.10159,50.0
1753533250384,12:34:10.384,CHR/USDT:USDT,0.10129,50.0,0.10128,296.0,0.10158,54.0,0.10159,50.0
1753533250589,12:34:10.589,CHR/USDT:USDT,0.10129,50.0,0.10128,296.0,0.10158,54.0,0.10159,50.0
1753533250639,12:34:10.639,CHR/USDT:USDT,0.10129,50.0,0.10128,296.0,0.10158,4.0,0.10159,50.0
1753533250715,12:34:10.715,CHR/USDT:USDT,0.10129,50.0,0.10128,296.0,0.10158,4.0,0.10159,50.0
1753533251050,12:34:11.050,CHR/USDT:USDT,0.10129,50.0,0.10128,296.0,0.10158,4.0,0.10159,50.0
1753533251137,12:34:11.137,CHR/USDT:USDT,0.10129,50.0,0.10128,296.0,0.10158,4.0,0.10159,50.0
1753533251622,12:34:11.622,CHR/USDT:USDT,0.10129,50.0,0.10128,296.0,0.10158,54.0,0.10159,50.0
1753533251967,12:34:11.967,CHR/USDT:USDT,0.10129,50.0,0.10128,296.0,0.10158,54.0,0.10159,50.0
1753533252141,12:34:12.141,CHR/USDT:USDT,0.10129,50.0,0.10128,296.0,0.10158,54.0,0.10159,50.0
1753533252849,12:34:12.849,CHR/USDT:USDT,0.10129,50.0,0.10128,296.0,0.10158,54.0,0.10159,50.0
1753533253599,12:34:13.599,CHR/USDT:USDT,0.10129,50.0,0.10128,296.0,0.10158,4.0,0.10159,50.0
1753533253995,12:34:13.995,CHR/USDT:USDT,0.10129,50.0,0.10128,296.0,0.10158,4.0,0.10159,50.0
1753533254588,12:34:14.588,CHR/USDT:USDT,0.10129,50.0,0.10128,296.0,0.10158,54.0,0.10159,50.0
1753533254669,12:34:14.669,CHR/USDT:USDT,0.10129,50.0,0.10128,296.0,0.10158,54.0,0.10159,50.0
1753533254883,12:34:14.883,CHR/USDT:USDT,0.10129,50.0,0.10128,296.0,0.10158,54.0,0.10159,50.0
1753533255071,12:34:15.071,CHR/USDT:USDT,0.10129,50.0,0.10128,296.0,0.10158,54.0,0.10159,50.0
1753533255243,12:34:15.243,CHR/USDT:USDT,0.10129,50.0,0.10128,296.0,0.10158,54.0,0.10159,50.0
1753533256062,12:34:16.062,CHR/USDT:USDT,0.10129,50.0,0.10128,296.0,0.10158,4.0,0.10159,50.0
1753533256471,12:34:16.471,CHR/USDT:USDT,0.10129,50.0,0.10128,296.0,0.10158,4.0,0.10159,50.0
1753533256566,12:34:16.566,CHR/USDT:USDT,0.10129,50.0,0.10128,296.0,0.10158,54.0,0.10159,50.0
1753533258356,12:34:18.356,CHR/USDT:USDT,0.10129,50.0,0.10128,296.0,0.10158,54.0,0.10159,50.0
1753533258543,12:34:18.543,CHR/USDT:USDT,0.10129,50.0,0.10128,296.0,0.10158,4.0,0.10159,50.0
1753533258895,12:34:18.895,CHR/USDT:USDT,0.10129,50.0,0.10128,296.0,0.10158,4.0,0.10159,50.0
1753533259533,12:34:19.533,CHR/USDT:USDT,0.10129,50.0,0.10128,296.0,0.10158,54.0,0.10159,50.0
1753533260112,12:34:20.112,CHR/USDT:USDT,0.10129,50.0,0.10128,296.0,0.10158,54.0,0.10159,50.0
1753533261510,12:34:21.510,CHR/USDT:USDT,0.10129,50.0,0.10128,296.0,0.10158,4.0,0.10159,50.0
1753533261616,12:34:21.616,CHR/USDT:USDT,0.10129,50.0,0.10128,296.0,0.10135,1.0,0.10158,4.0
1753533261731,12:34:21.731,CHR/USDT:USDT,0.10129,50.0,0.10128,296.0,0.10158,4.0,0.10159,50.0
1753533262500,12:34:22.500,CHR/USDT:USDT,0.10129,50.0,0.10128,296.0,0.10158,54.0,0.10159,50.0
1753533262951,12:34:22.951,CHR/USDT:USDT,0.10129,50.0,0.10128,296.0,0.10158,54.0,0.10159,50.0
1753533264173,12:34:24.173,CHR/USDT:USDT,0.10129,50.0,0.10128,296.0,0.10158,54.0,0.10159,50.0
1753533264477,12:34:24.477,CHR/USDT:USDT,0.10129,50.0,0.10128,296.0,0.10158,4.0,0.10159,50.0
1753533264516,12:34:24.516,CHR/USDT:USDT,0.1013,51.0,0.10129,50.0,0.10158,4.0,0.10159,50.0
1753533264607,12:34:24.607,CHR/USDT:USDT,0.1013,51.0,0.10129,50.0,0.10158,4.0,0.10159,50.0
1753533264997,12:34:24.997,CHR/USDT:USDT,0.1013,51.0,0.10129,50.0,0.10158,4.0,0.10159,50.0
1753533265465,12:34:25.465,CHR/USDT:USDT,0.1013,51.0,0.10129,50.0,0.10158,54.0,0.10159,50.0
1753533265819,12:34:25.819,CHR/USDT:USDT,0.1013,51.0,0.10129,50.0,0.10158,54.0,0.10159,50.0
1753533266460,12:34:26.460,CHR/USDT:USDT,0.1013,1.0,0.10129,50.0,0.10158,54.0,0.10159,50.0
1753533267443,12:34:27.443,CHR/USDT:USDT,0.1013,51.0,0.10129,50.0,0.10158,4.0,0.10159,50.0
1753533267847,12:34:27.847,CHR/USDT:USDT,0.1013,51.0,0.10129,50.0,0.10158,4.0,0.10159,50.0
1753533268432,12:34:28.432,CHR/USDT:USDT,0.1013,51.0,0.10129,50.0,0.10158,54.0,0.10159,50.0
1753533268661,12:34:28.661,CHR/USDT:USDT,0.1013,51.0,0.10129,50.0,0.10158,54.0,0.10159,50.0
1753533269065,12:34:29.065,CHR/USDT:USDT,0.1013,51.0,0.10129,50.0,0.10158,54.0,0.10159,50.0
1753533269420,12:34:29.420,CHR/USDT:USDT,0.1013,1.0,0.10129,50.0,0.10158,54.0,0.10159,50.0
1753533270410,12:34:30.410,CHR/USDT:USDT,0.1013,51.0,0.10129,50.0,0.10158,4.0,0.10159,50.0
1753533271404,12:34:31.404,CHR/USDT:USDT,0.1013,51.0,0.10129,50.0,0.10158,54.0,0.10159,50.0
1753533272387,12:34:32.387,CHR/USDT:USDT,0.1013,1.0,0.10129,50.0,0.10158,54.0,0.10159,50.0
1753533273378,12:34:33.378,CHR/USDT:USDT,0.1013,51.0,0.10129,50.0,0.10158,4.0,0.10159,50.0
1753533274365,12:34:34.365,CHR/USDT:USDT,0.1013,51.0,0.10129,50.0,0.10158,54.0,0.10159,50.0
1753533275353,12:34:35.353,CHR/USDT:USDT,0.1013,1.0,0.10129,50.0,0.10158,54.0,0.10159,50.0
1753533276348,12:34:36.348,CHR/USDT:USDT,0.1013,51.0,0.10129,50.0,0.10158,4.0,0.10159,50.0
1753533277343,12:34:37.343,CHR/USDT:USDT,0.1013,51.0,0.10129,50.0,0.10158,54.0,0.10159,50.0
1753533278071,12:34:38.071,CHR/USDT:USDT,0.1013,51.0,0.10129,50.0,0.10155,345.0,0.10156,50.0
1753533278193,12:34:38.193,CHR/USDT:USDT,0.1013,51.0,0.10129,50.0,0.10153,295.0,0.10154,54.0
1753533278215,12:34:38.215,CHR/USDT:USDT,0.1013,51.0,0.10129,50.0,0.10152,2.0,0.10153,295.0
1753533278362,12:34:38.362,CHR/USDT:USDT,0.1013,1.0,0.10096,50.0,0.10152,4.0,0.10154,50.0
1753533278487,12:34:38.487,CHR/USDT:USDT,0.10101,297.0,0.101,50.0,0.10153,4.0,0.10159,50.0
1753533278583,12:34:38.583,CHR/USDT:USDT,0.10103,296.0,0.10102,36.0,0.10158,4.0,0.10159,50.0
1753533278648,12:34:38.648,CHR/USDT:USDT,0.10106,296.0,0.10105,2908.0,0.10158,4.0,0.10159,50.0
1753533278763,12:34:38.763,CHR/USDT:USDT,0.10108,296.0,0.10107,36.0,0.10158,4.0,0.10159,50.0
1753533278837,12:34:38.837,CHR/USDT:USDT,0.10111,296.0,0.1011,2908.0,0.10158,4.0,0.10159,50.0
1753533278946,12:34:38.946,CHR/USDT:USDT,0.10113,296.0,0.10112,1.0,0.10158,4.0,0.10159,50.0
1753533279044,12:34:39.044,CHR/USDT:USDT,0.10115,296.0,0.10114,1.0,0.10158,4.0,0.10159,50.0
1753533279167,12:34:39.167,CHR/USDT:USDT,0.10117,296.0,0.10116,1.0,0.10158,5.0,0.10159,50.0
1753533279202,12:34:39.202,CHR/USDT:USDT,0.10118,1.0,0.10117,296.0,0.10158,5.0,0.10159,50.0
1753533279393,12:34:39.393,CHR/USDT:USDT,0.1012,296.0,0.10119,393.0,0.10158,5.0,0.10159,50.0
1753533279471,12:34:39.471,CHR/USDT:USDT,0.10125,296.0,0.10124,50.0,0.10158,4.0,0.10159,50.0
1753533279587,12:34:39.587,CHR/USDT:USDT,0.10127,296.0,0.10126,51.0,0.10158,4.0,0.10159,50.0
1753533279628,12:34:39.628,CHR/USDT:USDT,0.10128,297.0,0.10124,50.0,0.10158,4.0,0.10159,50.0
1753533279703,12:34:39.703,CHR/USDT:USDT,0.10128,297.0,0.10124,50.0,0.10158,4.0,0.10159,50.0
1753533279887,12:34:39.887,CHR/USDT:USDT,0.10128,297.0,0.10124,50.0,0.10158,4.0,0.10159,50.0
1753533280010,12:34:40.010,CHR/USDT:USDT,0.10128,297.0,0.10124,50.0,0.10158,4.0,0.10159,50.0
1753533280179,12:34:40.179,CHR/USDT:USDT,0.10128,1.0,0.10124,50.0,0.10158,4.0,0.10159,50.0
1753533280269,12:34:40.269,CHR/USDT:USDT,0.10128,296.0,0.10125,1.0,0.10158,4.0,0.10159,50.0
1753533280300,12:34:40.300,CHR/USDT:USDT,0.10129,1.0,0.10128,296.0,0.10158,4.0,0.10159,50.0
1753533280444,12:34:40.444,CHR/USDT:USDT,0.10129,1.0,0.10128,296.0,0.10158,4.0,0.10159,50.0
1753533280493,12:34:40.493,CHR/USDT:USDT,0.10129,1.0,0.10128,296.0,0.10158,4.0,0.10159,50.0
1753533280770,12:34:40.770,CHR/USDT:USDT,0.10129,1.0,0.10128,296.0,0.10158,4.0,0.10159,50.0
1753533280979,12:34:40.979,CHR/USDT:USDT,0.10129,1.0,0.10128,296.0,0.10158,4.0,0.10159,50.0
1753533281287,12:34:41.287,CHR/USDT:USDT,0.10129,51.0,0.10128,296.0,0.10158,4.0,0.10159,50.0
1753533281429,12:34:41.429,CHR/USDT:USDT,0.10129,51.0,0.10128,296.0,0.10158,4.0,0.10159,50.0
1753533281591,12:34:41.591,CHR/USDT:USDT,0.10129,51.0,0.10128,296.0,0.10158,4.0,0.10159,50.0
1753533282373,12:34:42.373,CHR/USDT:USDT,0.10129,51.0,0.10128,296.0,0.10158,4.0,0.10159,50.0
1753533284292,12:34:44.292,CHR/USDT:USDT,0.10129,51.0,0.10128,296.0,0.10158,4.0,0.10159,50.0
1753533284306,12:34:44.306,CHR/USDT:USDT,0.10129,51.0,0.10128,296.0,0.10158,4.0,0.10159,50.0
1753533285383,12:34:45.383,CHR/USDT:USDT,0.10129,51.0,0.10128,296.0,0.10158,4.0,0.10159,50.0
1753533285492,12:34:45.492,CHR/USDT:USDT,0.10129,51.0,0.10128,296.0,0.10158,4.0,0.10159,50.0
1753533285579,12:34:45.579,CHR/USDT:USDT,0.10129,51.0,0.10128,296.0,0.10158,4.0,0.10159,50.0
1753533285661,12:34:45.661,CHR/USDT:USDT,0.10129,51.0,0.10128,296.0,0.10158,4.0,0.10159,50.0
1753533286143,12:34:46.143,CHR/USDT:USDT,0.10129,51.0,0.10128,296.0,0.10158,4.0,0.10159,50.0
1753533286479,12:34:46.479,CHR/USDT:USDT,0.10129,51.0,0.10128,296.0,0.10158,4.0,0.10159,50.0
1753533287143,12:34:47.143,CHR/USDT:USDT,0.10129,51.0,0.10128,296.0,0.10158,4.0,0.10159,50.0
1753533287301,12:34:47.301,CHR/USDT:USDT,0.10129,51.0,0.10128,296.0,0.10158,4.0,0.10159,50.0
1753533290075,12:34:50.075,CHR/USDT:USDT,0.10129,51.0,0.10128,296.0,0.10158,4.0,0.10159,50.0
1753533290192,12:34:50.192,CHR/USDT:USDT,0.10129,51.0,0.10128,296.0,0.10158,4.0,0.10159,50.0
1753533290817,12:34:50.817,CHR/USDT:USDT,0.10129,51.0,0.10128,296.0,0.10158,4.0,0.10159,50.0
1753533290920,12:34:50.920,CHR/USDT:USDT,0.10129,51.0,0.10128,296.0,0.10158,4.0,0.10159,50.0
1753533291686,12:34:51.686,CHR/USDT:USDT,0.10129,51.0,0.10128,296.0,0.10158,4.0,0.10159,50.0
1753533291793,12:34:51.793,CHR/USDT:USDT,0.10129,51.0,0.10128,296.0,0.10158,4.0,0.10159,50.0
1753533291796,12:34:51.796,CHR/USDT:USDT,0.10129,51.0,0.10128,296.0,0.10158,4.0,0.10159,50.0
1753533292160,12:34:52.160,CHR/USDT:USDT,0.10129,51.0,0.10128,296.0,0.10158,4.0,0.10159,50.0
1753533292574,12:34:52.574,CHR/USDT:USDT,0.10129,51.0,0.10128,296.0,0.10158,4.0,0.10159,50.0
1753533292601,12:34:52.601,CHR/USDT:USDT,0.10129,51.0,0.10128,296.0,0.10158,4.0,0.10159,50.0
1753533292984,12:34:52.984,CHR/USDT:USDT,0.10129,51.0,0.10128,296.0,0.10158,4.0,0.10159,50.0
1753533294597,12:34:54.597,CHR/USDT:USDT,0.10129,51.0,0.10128,296.0,0.10158,4.0,0.10159,50.0
1753533294941,12:34:54.941,CHR/USDT:USDT,0.10129,51.0,0.10128,296.0,0.10158,4.0,0.10159,50.0
1753533295013,12:34:55.013,CHR/USDT:USDT,0.10129,51.0,0.10128,296.0,0.10158,4.0,0.10159,50.0
1753533295128,12:34:55.128,CHR/USDT:USDT,0.10129,51.0,0.10128,296.0,0.10158,4.0,0.10159,50.0
1753533295214,12:34:55.214,CHR/USDT:USDT,0.10129,51.0,0.10128,296.0,0.10158,4.0,0.10159,50.0
1753533296109,12:34:56.109,CHR/USDT:USDT,0.10129,51.0,0.10128,296.0,0.10158,4.0,0.10159,50.0
1753533296209,12:34:56.209,CHR/USDT:USDT,0.10129,51.0,0.10128,296.0,0.10158,4.0,0.10159,50.0
1753533296591,12:34:56.591,CHR/USDT:USDT,0.10129,51.0,0.10128,296.0,0.10158,4.0,0.10159,50.0
1753533296622,12:34:56.622,CHR/USDT:USDT,0.10129,51.0,0.10128,296.0,0.10158,4.0,0.10159,50.0
1753533297146,12:34:57.146,CHR/USDT:USDT,0.10129,51.0,0.10128,296.0,0.10158,4.0,0.10159,50.0
1753533297846,12:34:57.846,CHR/USDT:USDT,0.10129,51.0,0.10128,296.0,0.10158,4.0,0.10159,50.0
1753533298558,12:34:58.558,CHR/USDT:USDT,0.1013,30.0,0.10129,51.0,0.10158,4.0,0.10159,50.0
1753533298662,12:34:58.662,CHR/USDT:USDT,0.10131,1.0,0.1013,30.0,0.10158,4.0,0.10159,50.0
1753533298779,12:34:58.779,CHR/USDT:USDT,0.10131,1.0,0.1013,30.0,0.10158,4.0,0.10159,50.0
1753533299077,12:34:59.077,CHR/USDT:USDT,0.10131,1.0,0.1013,30.0,0.10158,4.0,0.10159,50.0
1753533299124,12:34:59.124,CHR/USDT:USDT,0.10131,1.0,0.10129,50.0,0.10158,4.0,0.10159,50.0
1753533299200,12:34:59.200,CHR/USDT:USDT,0.1013,1.0,0.10129,50.0,0.10158,4.0,0.10159,50.0
1753533299496,12:34:59.496,CHR/USDT:USDT,0.1013,1.0,0.10129,50.0,0.10158,4.0,0.10159,50.0
1753533300601,12:35:00.601,CHR/USDT:USDT,0.1013,1.0,0.10129,50.0,0.10158,4.0,0.10159,50.0
1753533300742,12:35:00.742,CHR/USDT:USDT,0.1013,1.0,0.10129,50.0,0.10158,4.0,0.10159,50.0
1753533301167,12:35:01.167,CHR/USDT:USDT,0.1013,1.0,0.10129,50.0,0.10158,4.0,0.10159,50.0
1753533301471,12:35:01.471,CHR/USDT:USDT,0.1013,1.0,0.10129,50.0,0.10158,4.0,0.10159,50.0
1753533301551,12:35:01.551,CHR/USDT:USDT,0.1013,1.0,0.10129,50.0,0.10158,4.0,0.10159,50.0
1753533302763,12:35:02.763,CHR/USDT:USDT,0.1013,1.0,0.10129,50.0,0.10158,4.0,0.10159,50.0
1753533302890,12:35:02.890,CHR/USDT:USDT,0.1013,1.0,0.10129,50.0,0.10158,4.0,0.10159,50.0
1753533302917,12:35:02.917,CHR/USDT:USDT,0.1013,1.0,0.10129,50.0,0.10158,4.0,0.10159,50.0
1753533303095,12:35:03.095,CHR/USDT:USDT,0.1013,1.0,0.10129,50.0,0.10158,4.0,0.10159,50.0
1753533303979,12:35:03.979,CHR/USDT:USDT,0.1013,1.0,0.10129,50.0,0.10158,4.0,0.10159,50.0
1753533305197,12:35:05.197,CHR/USDT:USDT,0.1013,1.0,0.10129,50.0,0.10158,4.0,0.10159,50.0
1753533306016,12:35:06.016,CHR/USDT:USDT,0.1013,1.0,0.10129,50.0,0.10158,4.0,0.10159,50.0
1753533307235,12:35:07.235,CHR/USDT:USDT,0.1013,1.0,0.10129,50.0,0.10158,4.0,0.10159,50.0
1753533307551,12:35:07.551,CHR/USDT:USDT,0.1013,1.0,0.10129,50.0,0.10158,4.0,0.10159,50.0
1753533307651,12:35:07.651,CHR/USDT:USDT,0.1013,1.0,0.10129,50.0,0.10158,4.0,0.10159,50.0
1753533308067,12:35:08.067,CHR/USDT:USDT,0.1013,1.0,0.10129,50.0,0.10158,4.0,0.10159,50.0
1753533308656,12:35:08.656,CHR/USDT:USDT,0.1013,1.0,0.10129,50.0,0.10158,4.0,0.10159,50.0
1753533309735,12:35:09.735,CHR/USDT:USDT,0.1013,1.0,0.10129,50.0,0.10158,4.0,0.10159,50.0
1753533309803,12:35:09.803,CHR/USDT:USDT,0.1013,1.0,0.10129,50.0,0.10158,4.0,0.10159,50.0
1753533310106,12:35:10.106,CHR/USDT:USDT,0.1013,1.0,0.10129,50.0,0.10158,4.0,0.10159,50.0
1753533310495,12:35:10.495,CHR/USDT:USDT,0.1013,1.0,0.10129,50.0,0.10158,4.0,0.10159,50.0
1753533310596,12:35:10.596,CHR/USDT:USDT,0.1013,1.0,0.10129,50.0,0.10158,4.0,0.10159,50.0
1753533310936,12:35:10.936,CHR/USDT:USDT,0.1013,1.0,0.10129,50.0,0.10158,4.0,0.10159,50.0
1753533312155,12:35:12.155,CHR/USDT:USDT,0.1013,1.0,0.10129,50.0,0.10158,4.0,0.10159,50.0
1753533313416,12:35:13.416,CHR/USDT:USDT,0.1013,1.0,0.10129,50.0,0.10158,4.0,0.10159,50.0
1753533314174,12:35:14.174,CHR/USDT:USDT,0.1013,1.0,0.10129,50.0,0.10158,4.0,0.10159,50.0
1753533314990,12:35:14.990,CHR/USDT:USDT,0.1013,1.0,0.10129,50.0,0.10158,4.0,0.10159,50.0
1753533315511,12:35:15.511,CHR/USDT:USDT,0.1013,1.0,0.10129,50.0,0.10158,4.0,0.10159,50.0
1753533316109,12:35:16.109,CHR/USDT:USDT,0.1013,1.0,0.10129,50.0,0.10158,4.0,0.10159,50.0
1753533316210,12:35:16.210,CHR/USDT:USDT,0.1013,1.0,0.10129,50.0,0.10158,4.0,0.10159,50.0
1753533316511,12:35:16.511,CHR/USDT:USDT,0.1013,1.0,0.10129,50.0,0.10158,4.0,0.10159,50.0
1753533317026,12:35:17.026,CHR/USDT:USDT,0.1013,1.0,0.10129,50.0,0.10158,4.0,0.10159,50.0
1753533318247,12:35:18.247,CHR/USDT:USDT,0.1013,1.0,0.10129,50.0,0.10158,4.0,0.10159,50.0
1753533318341,12:35:18.341,CHR/USDT:USDT,0.1013,1.0,0.10129,50.0,0.10158,4.0,0.10159,50.0
1753533318476,12:35:18.476,CHR/USDT:USDT,0.1013,1.0,0.10129,50.0,0.10158,4.0,0.10159,50.0
1753533318936,12:35:18.936,CHR/USDT:USDT,0.1013,1.0,0.10129,50.0,0.10158,4.0,0.10159,50.0
1753533319068,12:35:19.068,CHR/USDT:USDT,0.1013,1.0,0.10129,50.0,0.10158,4.0,0.10159,50.0
1753533321097,12:35:21.097,CHR/USDT:USDT,0.1013,1.0,0.10129,50.0,0.10158,4.0,0.10159,50.0
1753533321921,12:35:21.921,CHR/USDT:USDT,0.1013,1.0,0.10129,50.0,0.10158,4.0,0.10159,50.0
1753533323161,12:35:23.161,CHR/USDT:USDT,0.1013,1.0,0.10129,50.0,0.10158,4.0,0.10159,50.0
1753533323996,12:35:23.996,CHR/USDT:USDT,0.1013,1.0,0.10129,50.0,0.10158,4.0,0.10159,50.0
1753533326291,12:35:26.291,CHR/USDT:USDT,0.1013,1.0,0.10129,50.0,0.10158,4.0,0.10159,50.0
1753533327490,12:35:27.490,CHR/USDT:USDT,0.1013,1.0,0.10129,50.0,0.10158,4.0,0.10159,50.0
1753533327581,12:35:27.581,CHR/USDT:USDT,0.1013,1.0,0.10129,50.0,0.10157,295.0,0.10158,4.0
1753533327651,12:35:27.651,CHR/USDT:USDT,0.1013,1.0,0.10129,50.0,0.10153,345.0,0.10154,50.0
1753533327794,12:35:27.794,CHR/USDT:USDT,0.1013,1.0,0.10082,396.0,0.10152,54.0,0.10153,295.0
1753533327892,12:35:27.892,CHR/USDT:USDT,0.10092,297.0,0.10091,159.0,0.10152,54.0,0.10153,295.0
1753533327964,12:35:27.964,CHR/USDT:USDT,0.10094,297.0,0.10093,1.0,0.10152,54.0,0.10153,295.0
1753533328087,12:35:28.087,CHR/USDT:USDT,0.10098,297.0,0.10095,1.0,0.10152,54.0,0.10153,295.0
1753533328173,12:35:28.173,CHR/USDT:USDT,0.10102,296.0,0.10101,2909.0,0.10152,54.0,0.10153,295.0
1753533328204,12:35:28.204,CHR/USDT:USDT,0.10103,1.0,0.10102,296.0,0.10152,54.0,0.10153,295.0
1753533328355,12:35:28.355,CHR/USDT:USDT,0.10106,296.0,0.10105,1780.0,0.10152,54.0,0.10153,295.0
1753533328492,12:35:28.492,CHR/USDT:USDT,0.10107,1.0,0.10106,296.0,0.10152,54.0,0.10153,295.0
1753533328520,12:35:28.520,CHR/USDT:USDT,0.1011,296.0,0.10109,1780.0,0.10152,54.0,0.10153,295.0
1753533328603,12:35:28.603,CHR/USDT:USDT,0.10111,1.0,0.1011,296.0,0.10152,54.0,0.10153,295.0
1753533328762,12:35:28.762,CHR/USDT:USDT,0.10112,296.0,0.10111,1.0,0.10152,54.0,0.10153,295.0
1753533328833,12:35:28.833,CHR/USDT:USDT,0.10114,296.0,0.10113,1.0,0.10152,54.0,0.10153,295.0
1753533328966,12:35:28.966,CHR/USDT:USDT,0.10116,296.0,0.10115,1.0,0.10152,54.0,0.10153,295.0
1753533329037,12:35:29.037,CHR/USDT:USDT,0.10118,296.0,0.10117,1.0,0.10152,54.0,0.10153,295.0
1753533329178,12:35:29.178,CHR/USDT:USDT,0.10119,1.0,0.10118,296.0,0.10152,54.0,0.10153,295.0
1753533329266,12:35:29.266,CHR/USDT:USDT,0.10119,1.0,0.10118,296.0,0.10152,54.0,0.10153,295.0
1753533329391,12:35:29.391,CHR/USDT:USDT,0.10119,1.0,0.10118,296.0,0.10152,54.0,0.10153,295.0
1753533329482,12:35:29.482,CHR/USDT:USDT,0.10119,1.0,0.10118,296.0,0.10152,54.0,0.10153,295.0
1753533329553,12:35:29.553,CHR/USDT:USDT,0.10119,1.0,0.10118,296.0,0.10152,54.0,0.10153,295.0
1753533329624,12:35:29.624,CHR/USDT:USDT,0.10119,1.0,0.10118,296.0,0.10152,54.0,0.10153,295.0
1753533329744,12:35:29.744,CHR/USDT:USDT,0.10119,1.0,0.10118,296.0,0.10152,54.0,0.10153,295.0
1753533329802,12:35:29.802,CHR/USDT:USDT,0.10119,1.0,0.10118,296.0,0.10152,54.0,0.10153,295.0
1753533330233,12:35:30.233,CHR/USDT:USDT,0.10119,1.0,0.10118,296.0,0.10152,54.0,0.10153,295.0
1753533331059,12:35:31.059,CHR/USDT:USDT,0.10119,1.0,0.10118,296.0,0.10152,54.0,0.10153,295.0
1753533331888,12:35:31.888,CHR/USDT:USDT,0.10119,1.0,0.10118,296.0,0.10152,54.0,0.10153,295.0
1753533331938,12:35:31.938,CHR/USDT:USDT,0.10119,1.0,0.10118,296.0,0.10152,54.0,0.10153,295.0
1753533333123,12:35:33.123,CHR/USDT:USDT,0.10119,1.0,0.10118,296.0,0.10152,54.0,0.10153,295.0
1753533333546,12:35:33.546,CHR/USDT:USDT,0.10119,1.0,0.10118,296.0,0.10152,54.0,0.10153,295.0
1753533333689,12:35:33.689,CHR/USDT:USDT,0.10119,1.0,0.10118,296.0,0.10152,54.0,0.10153,295.0
1753533333980,12:35:33.980,CHR/USDT:USDT,0.10119,1.0,0.10118,296.0,0.10152,54.0,0.10153,295.0
1753533334120,12:35:34.120,CHR/USDT:USDT,0.10119,1.0,0.10118,296.0,0.10152,54.0,0.10153,295.0
1753533334290,12:35:34.290,CHR/USDT:USDT,0.10119,1.0,0.10118,296.0,0.10152,54.0,0.10153,295.0
1753533334368,12:35:34.368,CHR/USDT:USDT,0.10119,1.0,0.10118,296.0,0.10152,54.0,0.10153,295.0
1753533334461,12:35:34.461,CHR/USDT:USDT,0.10119,1.0,0.10118,296.0,0.10152,54.0,0.10153,295.0
1753533334519,12:35:34.519,CHR/USDT:USDT,0.10119,1.0,0.10118,296.0,0.10152,54.0,0.10153,295.0
1753533334617,12:35:34.617,CHR/USDT:USDT,0.10119,1.0,0.10118,296.0,0.10152,54.0,0.10153,295.0
1753533334837,12:35:34.837,CHR/USDT:USDT,0.10119,1.0,0.10118,296.0,0.10152,54.0,0.10153,295.0
1753533335252,12:35:35.252,CHR/USDT:USDT,0.10119,1.0,0.10118,296.0,0.10152,54.0,0.10153,295.0
1753533335493,12:35:35.493,CHR/USDT:USDT,0.10119,1.0,0.10118,296.0,0.10152,54.0,0.10153,295.0
1753533335666,12:35:35.666,CHR/USDT:USDT,0.10119,1.0,0.10118,296.0,0.10152,54.0,0.10153,295.0
1753533336883,12:35:36.883,CHR/USDT:USDT,0.10119,1.0,0.10118,296.0,0.10152,54.0,0.10153,295.0
1753533338102,12:35:38.102,CHR/USDT:USDT,0.10119,1.0,0.10118,296.0,0.10152,54.0,0.10153,295.0
1753533338931,12:35:38.931,CHR/USDT:USDT,0.10119,1.0,0.10118,296.0,0.10152,54.0,0.10153,295.0
1753533339572,12:35:39.572,CHR/USDT:USDT,0.10119,1.0,0.10118,296.0,0.10152,54.0,0.10153,295.0
1753533339740,12:35:39.740,CHR/USDT:USDT,0.10119,1.0,0.10118,296.0,0.10152,54.0,0.10153,295.0
1753533340160,12:35:40.160,CHR/USDT:USDT,0.10119,1.0,0.10118,296.0,0.10152,54.0,0.10153,295.0
1753533340982,12:35:40.982,CHR/USDT:USDT,0.10119,1.0,0.10118,296.0,0.10152,54.0,0.10153,295.0
1753533341613,12:35:41.613,CHR/USDT:USDT,0.10119,51.0,0.10118,296.0,0.10152,54.0,0.10153,295.0
1753533341801,12:35:41.801,CHR/USDT:USDT,0.10119,51.0,0.10118,296.0,0.10152,54.0,0.10153,295.0
1753533341991,12:35:41.991,CHR/USDT:USDT,0.10119,51.0,0.10118,296.0,0.10152,54.0,0.10153,295.0
1753533342133,12:35:42.133,CHR/USDT:USDT,0.10119,51.0,0.10118,296.0,0.10152,54.0,0.10153,295.0
1753533342205,12:35:42.205,CHR/USDT:USDT,0.10119,51.0,0.10118,296.0,0.10152,54.0,0.10153,295.0
1753533344247,12:35:44.247,CHR/USDT:USDT,0.10119,51.0,0.10118,296.0,0.10152,54.0,0.10153,295.0
1753533344508,12:35:44.508,CHR/USDT:USDT,0.10119,51.0,0.10118,296.0,0.10152,488.0,0.10153,295.0
1753533345240,12:35:45.240,CHR/USDT:USDT,0.10119,51.0,0.10118,296.0,0.10152,488.0,0.10153,295.0
1753533345321,12:35:45.321,CHR/USDT:USDT,0.10119,51.0,0.10118,296.0,0.10152,488.0,0.10153,295.0
1753533345463,12:35:45.463,CHR/USDT:USDT,0.10119,51.0,0.10118,296.0,0.10152,488.0,0.10153,295.0
1753533345541,12:35:45.541,CHR/USDT:USDT,0.10119,51.0,0.10118,296.0,0.10152,488.0,0.10153,295.0
1753533346567,12:35:46.567,CHR/USDT:USDT,0.10119,51.0,0.10118,296.0,0.10151,50.0,0.10152,488.0
1753533347082,12:35:47.082,CHR/USDT:USDT,0.10119,51.0,0.10118,296.0,0.1015,52.0,0.10151,50.0
1753533347155,12:35:47.155,CHR/USDT:USDT,0.10119,51.0,0.10118,296.0,0.10149,52.0,0.1015,52.0
1753533347215,12:35:47.215,CHR/USDT:USDT,0.10119,51.0,0.10118,296.0,0.10148,2.0,0.10149,52.0
1753533347540,12:35:47.540,CHR/USDT:USDT,0.10119,51.0,0.10118,296.0,0.10148,2.0,0.10149,2.0
1753533347599,12:35:47.599,CHR/USDT:USDT,0.10119,51.0,0.10118,296.0,0.10151,4.0,0.10152,50.0
1753533347917,12:35:47.917,CHR/USDT:USDT,0.10119,51.0,0.10118,296.0,0.10151,492.0,0.10152,50.0
1753533349135,12:35:49.135,CHR/USDT:USDT,0.10119,51.0,0.10118,296.0,0.10151,4.0,0.10152,50.0
1753533349624,12:35:49.624,CHR/USDT:USDT,0.10119,51.0,0.10118,296.0,0.10151,4.0,0.10152,50.0
1753533349755,12:35:49.755,CHR/USDT:USDT,0.10119,51.0,0.10118,296.0,0.10151,4.0,0.10152,50.0
1753533350864,12:35:50.864,CHR/USDT:USDT,0.10119,51.0,0.10118,296.0,0.10151,4.0,0.10152,50.0
1753533350970,12:35:50.970,CHR/USDT:USDT,0.10119,51.0,0.10118,296.0,0.10151,4.0,0.10152,50.0
1753533351012,12:35:51.012,CHR/USDT:USDT,0.10119,51.0,0.10118,296.0,0.10151,4.0,0.10152,50.0
1753533351156,12:35:51.156,CHR/USDT:USDT,0.10119,51.0,0.10118,296.0,0.10151,4.0,0.10152,50.0
1753533352232,12:35:52.232,CHR/USDT:USDT,0.10119,51.0,0.10118,296.0,0.10151,4.0,0.10152,50.0
1753533353998,12:35:53.998,CHR/USDT:USDT,0.10119,51.0,0.10118,296.0,0.10151,4.0,0.10152,50.0
1753533355160,12:35:55.160,CHR/USDT:USDT,0.10119,51.0,0.10118,296.0,0.10151,4.0,0.10152,50.0
1753533355289,12:35:55.289,CHR/USDT:USDT,0.10119,51.0,0.10118,296.0,0.10151,4.0,0.10152,50.0
1753533355481,12:35:55.481,CHR/USDT:USDT,0.10119,51.0,0.10118,296.0,0.10151,4.0,0.10152,50.0
1753533355526,12:35:55.526,CHR/USDT:USDT,0.10119,51.0,0.10118,296.0,0.10151,4.0,0.10152,50.0
1753533355672,12:35:55.672,CHR/USDT:USDT,0.10119,51.0,0.10118,296.0,0.10151,4.0,0.10152,50.0
1753533356443,12:35:56.443,CHR/USDT:USDT,0.10119,51.0,0.10118,296.0,0.10151,4.0,0.10152,50.0
1753533356689,12:35:56.689,CHR/USDT:USDT,0.10119,51.0,0.10118,296.0,0.10151,4.0,0.10152,50.0
1753533356767,12:35:56.767,CHR/USDT:USDT,0.10119,51.0,0.10118,296.0,0.10151,4.0,0.10152,50.0
1753533356844,12:35:56.844,CHR/USDT:USDT,0.10119,51.0,0.10118,296.0,0.10151,4.0,0.10152,50.0
1753533357432,12:35:57.432,CHR/USDT:USDT,0.10119,51.0,0.10118,296.0,0.10151,4.0,0.10152,50.0
1753533357567,12:35:57.567,CHR/USDT:USDT,0.10119,51.0,0.10118,296.0,0.10151,4.0,0.10152,50.0
1753533357658,12:35:57.658,CHR/USDT:USDT,0.10119,51.0,0.10118,296.0,0.10151,4.0,0.10152,50.0
1753533358073,12:35:58.073,CHR/USDT:USDT,0.10119,51.0,0.10118,296.0,0.10151,4.0,0.10152,50.0
1753533359657,12:35:59.657,CHR/USDT:USDT,0.10119,51.0,0.10118,296.0,0.10151,4.0,0.10152,50.0
1753533360757,12:36:00.757,CHR/USDT:USDT,0.10119,51.0,0.10118,296.0,0.10151,4.0,0.10152,50.0
1753533360835,12:36:00.835,CHR/USDT:USDT,0.10119,51.0,0.10118,296.0,0.10151,4.0,0.10152,50.0
1753533361388,12:36:01.388,CHR/USDT:USDT,0.10119,51.0,0.10118,296.0,0.10151,4.0,0.10152,50.0
1753533361451,12:36:01.451,CHR/USDT:USDT,0.10119,51.0,0.10118,296.0,0.10151,4.0,0.10152,50.0
1753533362190,12:36:02.190,CHR/USDT:USDT,0.10119,51.0,0.10118,296.0,0.10151,4.0,0.10152,50.0
1753533362376,12:36:02.376,CHR/USDT:USDT,0.1012,50.0,0.10119,51.0,0.10151,4.0,0.10152,50.0
1753533362425,12:36:02.425,CHR/USDT:USDT,0.10121,1.0,0.10119,50.0,0.10151,4.0,0.10152,50.0
1753533362499,12:36:02.499,CHR/USDT:USDT,0.1012,1.0,0.10119,50.0,0.10151,4.0,0.10152,50.0
1753533362954,12:36:02.954,CHR/USDT:USDT,0.1012,1.0,0.10119,50.0,0.10151,4.0,0.10152,50.0
1753533363955,12:36:03.955,CHR/USDT:USDT,0.1012,1.0,0.10119,50.0,0.10151,4.0,0.10152,50.0
1753533364151,12:36:04.151,CHR/USDT:USDT,0.1012,1.0,0.10119,50.0,0.10151,4.0,0.10152,50.0
1753533365027,12:36:05.027,CHR/USDT:USDT,0.1012,1.0,0.10119,50.0,0.10151,4.0,0.10152,50.0
1753533365349,12:36:05.349,CHR/USDT:USDT,0.1012,1.0,0.10119,50.0,0.10151,4.0,0.10152,50.0
1753533365424,12:36:05.424,CHR/USDT:USDT,0.1012,1.0,0.10119,50.0,0.10151,4.0,0.10152,50.0
1753533366172,12:36:06.172,CHR/USDT:USDT,0.1012,1.0,0.10119,50.0,0.10151,4.0,0.10152,50.0
1753533368154,12:36:08.154,CHR/USDT:USDT,0.1012,1.0,0.10119,50.0,0.10151,4.0,0.10152,50.0
1753533368291,12:36:08.291,CHR/USDT:USDT,0.10121,296.0,0.1012,1.0,0.10151,4.0,0.10152,50.0
1753533368383,12:36:08.383,CHR/USDT:USDT,0.10123,296.0,0.10122,1.0,0.10151,4.0,0.10159,50.0
1753533368492,12:36:08.492,CHR/USDT:USDT,0.10125,296.0,0.10124,1.0,0.10158,4.0,0.10159,50.0
1753533368592,12:36:08.592,CHR/USDT:USDT,0.10127,296.0,0.10126,1.0,0.10158,4.0,0.10159,50.0
1753533368693,12:36:08.693,CHR/USDT:USDT,0.10128,297.0,0.10095,248.0,0.10158,4.0,0.10159,50.0
1753533368774,12:36:08.774,CHR/USDT:USDT,0.10128,297.0,0.10095,116.0,0.10158,4.0,0.10159,50.0
1753533368859,12:36:08.859,CHR/USDT:USDT,0.10128,297.0,0.10095,116.0,0.10158,4.0,0.10159,50.0
1753533368917,12:36:08.917,CHR/USDT:USDT,0.10128,297.0,0.10097,107.0,0.10158,4.0,0.10159,50.0
1753533369071,12:36:09.071,CHR/USDT:USDT,0.10128,297.0,0.10097,107.0,0.10158,4.0,0.10159,50.0
1753533369124,12:36:09.124,CHR/USDT:USDT,0.10128,297.0,0.10097,107.0,0.10158,4.0,0.10159,50.0
1753533369590,12:36:09.590,CHR/USDT:USDT,0.10129,30.0,0.10128,297.0,0.10158,4.0,0.10159,50.0
1753533369667,12:36:09.667,CHR/USDT:USDT,0.1013,1.0,0.10128,296.0,0.10158,4.0,0.10159,50.0
1753533369706,12:36:09.706,CHR/USDT:USDT,0.10129,1.0,0.10128,296.0,0.10158,4.0,0.10159,50.0
1753533369891,12:36:09.891,CHR/USDT:USDT,0.10129,1.0,0.10128,296.0,0.10158,4.0,0.10159,50.0
1753533369913,12:36:09.913,CHR/USDT:USDT,0.10129,1.0,0.10128,296.0,0.10158,4.0,0.10159,50.0
1753533370333,12:36:10.333,CHR/USDT:USDT,0.10129,1.0,0.10128,296.0,0.10158,4.0,0.10159,50.0
1753533370748,12:36:10.748,CHR/USDT:USDT,0.10129,1.0,0.10128,296.0,0.10158,4.0,0.10159,50.0
1753533371674,12:36:11.674,CHR/USDT:USDT,0.1013,30.0,0.10129,1.0,0.10158,4.0,0.10159,50.0
1753533371699,12:36:11.699,CHR/USDT:USDT,0.10131,1.0,0.1013,30.0,0.10158,4.0,0.10159,50.0
1753533371976,12:36:11.976,CHR/USDT:USDT,0.10131,1.0,0.1013,30.0,0.10158,4.0,0.10159,50.0
1753533372075,12:36:12.075,CHR/USDT:USDT,0.10131,1.0,0.1013,30.0,0.10158,4.0,0.10159,50.0
1753533372125,12:36:12.125,CHR/USDT:USDT,0.10131,1.0,0.1013,30.0,0.10158,4.0,0.10159,50.0
1753533372688,12:36:12.688,CHR/USDT:USDT,0.10131,1.0,0.1013,30.0,0.10158,4.0,0.10159,50.0
1753533372992,12:36:12.992,CHR/USDT:USDT,0.10131,1.0,0.10128,296.0,0.10158,4.0,0.10159,50.0
1753533373082,12:36:13.082,CHR/USDT:USDT,0.10129,1.0,0.10128,296.0,0.10158,4.0,0.10159,50.0
1753533373259,12:36:13.259,CHR/USDT:USDT,0.10129,1.0,0.10128,296.0,0.10158,4.0,0.10159,50.0
1753533373380,12:36:13.380,CHR/USDT:USDT,0.10129,1.0,0.10128,296.0,0.10158,4.0,0.10159,50.0
1753533373451,12:36:13.451,CHR/USDT:USDT,0.10129,1.0,0.10128,296.0,0.10158,4.0,0.10159,50.0
1753533373528,12:36:13.528,CHR/USDT:USDT,0.10129,1.0,0.10128,296.0,0.10158,4.0,0.10159,50.0
1753533373604,12:36:13.604,CHR/USDT:USDT,0.10129,1.0,0.10128,296.0,0.10158,4.0,0.10159,50.0
1753533373762,12:36:13.762,CHR/USDT:USDT,0.10129,1.0,0.10128,296.0,0.10158,4.0,0.10159,50.0
1753533373834,12:36:13.834,CHR/USDT:USDT,0.10129,1.0,0.10128,296.0,0.10158,4.0,0.10159,50.0
1753533374581,12:36:14.581,CHR/USDT:USDT,0.1013,30.0,0.10129,1.0,0.10158,4.0,0.10159,50.0
1753533374679,12:36:14.679,CHR/USDT:USDT,0.10131,1.0,0.10128,296.0,0.10158,4.0,0.10159,50.0
1753533374753,12:36:14.753,CHR/USDT:USDT,0.10129,1.0,0.10128,296.0,0.10158,4.0,0.10159,50.0
1753533374881,12:36:14.881,CHR/USDT:USDT,0.10129,1.0,0.10128,296.0,0.10158,4.0,0.10159,50.0
1753533374962,12:36:14.962,CHR/USDT:USDT,0.1013,30.0,0.10129,1.0,0.10158,4.0,0.10159,50.0
1753533375000,12:36:15.000,CHR/USDT:USDT,0.10131,1.0,0.1013,30.0,0.10158,4.0,0.10159,50.0
1753533375297,12:36:15.297,CHR/USDT:USDT,0.10131,1.0,0.1013,30.0,0.10158,4.0,0.10159,50.0
1753533375630,12:36:15.630,CHR/USDT:USDT,0.10131,1.0,0.10128,296.0,0.10158,4.0,0.10159,50.0
1753533375708,12:36:15.708,CHR/USDT:USDT,0.10129,1.0,0.10128,296.0,0.10158,4.0,0.10159,50.0
1753533375878,12:36:15.878,CHR/USDT:USDT,0.10129,31.0,0.10128,296.0,0.10158,4.0,0.10159,50.0
1753533376491,12:36:16.491,CHR/USDT:USDT,0.10129,31.0,0.10128,296.0,0.10158,4.0,0.10159,50.0
1753533377655,12:36:17.655,CHR/USDT:USDT,0.10129,31.0,0.10128,296.0,0.10158,4.0,0.10159,50.0
1753533378886,12:36:18.886,CHR/USDT:USDT,0.10129,31.0,0.10128,296.0,0.10158,4.0,0.10159,50.0
1753533379160,12:36:19.160,CHR/USDT:USDT,0.10129,31.0,0.10128,296.0,0.10158,4.0,0.10159,50.0
1753533379354,12:36:19.354,CHR/USDT:USDT,0.10129,31.0,0.10128,296.0,0.10158,4.0,0.10159,50.0
1753533379880,12:36:19.880,CHR/USDT:USDT,0.10129,31.0,0.10128,296.0,0.10158,4.0,0.10159,50.0
1753533379988,12:36:19.988,CHR/USDT:USDT,0.10129,31.0,0.10128,296.0,0.10158,4.0,0.10159,50.0
1753533380054,12:36:20.054,CHR/USDT:USDT,0.10129,31.0,0.10128,296.0,0.10158,4.0,0.10159,50.0
1753533380126,12:36:20.126,CHR/USDT:USDT,0.10129,31.0,0.10128,296.0,0.10158,4.0,0.10159,50.0
1753533380273,12:36:20.273,CHR/USDT:USDT,0.10129,31.0,0.10128,296.0,0.10158,4.0,0.10159,50.0
1753533380412,12:36:20.412,CHR/USDT:USDT,0.10129,31.0,0.10128,296.0,0.10158,4.0,0.10159,50.0
1753533380539,12:36:20.539,CHR/USDT:USDT,0.10129,31.0,0.10128,296.0,0.10158,4.0,0.10159,50.0
1753533380646,12:36:20.646,CHR/USDT:USDT,0.10129,31.0,0.10128,296.0,0.10158,4.0,0.10159,50.0
1753533381166,12:36:21.166,CHR/USDT:USDT,0.10129,31.0,0.10128,296.0,0.10158,4.0,0.10159,50.0
1753533385414,12:36:25.414,CHR/USDT:USDT,0.10129,31.0,0.10128,296.0,0.10158,4.0,0.10159,50.0
1753533386419,12:36:26.419,CHR/USDT:USDT,0.10129,31.0,0.10128,296.0,0.10158,4.0,0.10159,50.0
1753533386636,12:36:26.636,CHR/USDT:USDT,0.10129,31.0,0.10128,296.0,0.10158,4.0,0.10159,50.0
1753533386775,12:36:26.775,CHR/USDT:USDT,0.10129,31.0,0.10128,296.0,0.10158,4.0,0.10159,50.0
1753533387115,12:36:27.115,CHR/USDT:USDT,0.10129,31.0,0.10128,296.0,0.10158,4.0,0.10159,50.0
1753533388192,12:36:28.192,CHR/USDT:USDT,0.10129,31.0,0.10128,296.0,0.10158,4.0,0.10159,50.0
1753533388201,12:36:28.201,CHR/USDT:USDT,0.10129,31.0,0.10128,296.0,0.10158,4.0,0.10159,50.0
1753533388690,12:36:28.690,CHR/USDT:USDT,0.10129,31.0,0.10128,296.0,0.10158,4.0,0.10159,50.0
1753533388703,12:36:28.703,CHR/USDT:USDT,0.10129,31.0,0.10128,296.0,0.10158,4.0,0.10159,50.0
1753533388956,12:36:28.956,CHR/USDT:USDT,0.10129,31.0,0.10128,296.0,0.10158,4.0,0.10159,50.0
1753533388996,12:36:28.996,CHR/USDT:USDT,0.10129,31.0,0.10128,296.0,0.10158,4.0,0.10159,50.0
1753533389409,12:36:29.409,CHR/USDT:USDT,0.10129,31.0,0.10128,296.0,0.10158,4.0,0.10159,50.0
1753533389910,12:36:29.910,CHR/USDT:USDT,0.10129,31.0,0.10128,296.0,0.10158,4.0,0.10159,50.0
1753533390664,12:36:30.664,CHR/USDT:USDT,0.10129,1.0,0.10128,296.0,0.10158,4.0,0.10159,50.0
1753533391672,12:36:31.672,CHR/USDT:USDT,0.10129,1.0,0.10128,296.0,0.10158,4.0,0.10159,50.0
1753533392234,12:36:32.234,CHR/USDT:USDT,0.10129,1.0,0.10128,296.0,0.10158,4.0,0.10159,50.0
1753533392346,12:36:32.346,CHR/USDT:USDT,0.10129,1.0,0.10128,296.0,0.10158,4.0,0.10159,50.0
1753533392410,12:36:32.410,CHR/USDT:USDT,0.10129,1.0,0.10128,296.0,0.10158,4.0,0.10159,50.0
1753533396432,12:36:36.432,CHR/USDT:USDT,0.10129,1.0,0.10128,296.0,0.10158,4.0,0.10159,50.0
1753533396522,12:36:36.522,CHR/USDT:USDT,0.10129,1.0,0.10128,296.0,0.10158,4.0,0.10159,50.0
1753533397485,12:36:37.485,CHR/USDT:USDT,0.10129,1.0,0.10128,296.0,0.10158,4.0,0.10159,50.0
1753533397533,12:36:37.533,CHR/USDT:USDT,0.10129,1.0,0.10128,296.0,0.10158,4.0,0.10159,50.0
1753533397631,12:36:37.631,CHR/USDT:USDT,0.10129,1.0,0.10128,296.0,0.10158,4.0,0.10159,50.0
1753533398233,12:36:38.233,CHR/USDT:USDT,0.10129,1.0,0.10128,296.0,0.10158,4.0,0.10159,50.0
1753533398565,12:36:38.565,CHR/USDT:USDT,0.10129,1.0,0.10128,296.0,0.10158,4.0,0.10159,50.0
1753533398973,12:36:38.973,CHR/USDT:USDT,0.10129,1.0,0.10128,296.0,0.10158,4.0,0.10159,50.0
1753533402585,12:36:42.585,CHR/USDT:USDT,0.10129,1.0,0.10128,296.0,0.10158,4.0,0.10159,50.0
1753533402682,12:36:42.682,CHR/USDT:USDT,0.10129,1.0,0.10128,296.0,0.10158,4.0,0.10159,50.0
1753533402790,12:36:42.790,CHR/USDT:USDT,0.10129,1.0,0.10128,296.0,0.10158,4.0,0.10159,50.0
1753533402853,12:36:42.853,CHR/USDT:USDT,0.10129,1.0,0.10128,296.0,0.10158,4.0,0.10159,50.0
1753533402945,12:36:42.945,CHR/USDT:USDT,0.10129,1.0,0.10128,296.0,0.10158,4.0,0.10159,50.0
1753533403094,12:36:43.094,CHR/USDT:USDT,0.10129,1.0,0.10128,296.0,0.10158,4.0,0.10159,50.0
1753533403432,12:36:43.432,CHR/USDT:USDT,0.1013,30.0,0.10129,1.0,0.10158,4.0,0.10159,50.0
1753533403506,12:36:43.506,CHR/USDT:USDT,0.10131,1.0,0.1013,30.0,0.10158,4.0,0.10159,50.0
1753533403845,12:36:43.845,CHR/USDT:USDT,0.10131,1.0,0.10128,296.0,0.10158,4.0,0.10159,50.0
1753533403907,12:36:43.907,CHR/USDT:USDT,0.10129,1.0,0.10128,296.0,0.10158,4.0,0.10159,50.0
1753533404111,12:36:44.111,CHR/USDT:USDT,0.10129,31.0,0.10128,296.0,0.10158,4.0,0.10159,50.0
1753533404206,12:36:44.206,CHR/USDT:USDT,0.10129,31.0,0.10128,296.0,0.10158,4.0,0.10159,50.0
1753533404319,12:36:44.319,CHR/USDT:USDT,0.10129,31.0,0.10128,296.0,0.10158,4.0,0.10159,50.0
1753533408671,12:36:48.671,CHR/USDT:USDT,0.10129,31.0,0.10128,296.0,0.10158,4.0,0.10159,50.0
1753533410983,12:36:50.983,CHR/USDT:USDT,0.10129,31.0,0.10128,296.0,0.10158,4.0,0.10159,50.0
1753533411044,12:36:51.044,CHR/USDT:USDT,0.10129,31.0,0.10128,296.0,0.10158,4.0,0.10159,50.0
1753533411988,12:36:51.988,CHR/USDT:USDT,0.10129,31.0,0.10128,296.0,0.10158,4.0,0.10159,50.0
1753533412117,12:36:52.117,CHR/USDT:USDT,0.10129,31.0,0.10128,296.0,0.10158,4.0,0.10159,50.0
1753533412320,12:36:52.320,CHR/USDT:USDT,0.10129,31.0,0.10128,296.0,0.10158,4.0,0.10159,50.0
1753533412826,12:36:52.826,CHR/USDT:USDT,0.10129,31.0,0.10128,296.0,0.10158,54.0,0.10159,50.0
1753533413163,12:36:53.163,CHR/USDT:USDT,0.10129,31.0,0.10128,296.0,0.10158,54.0,0.10159,50.0
1753533413270,12:36:53.270,CHR/USDT:USDT,0.10129,31.0,0.10128,296.0,0.10158,54.0,0.10159,50.0
1753533413410,12:36:53.410,CHR/USDT:USDT,0.10129,31.0,0.10128,296.0,0.10158,54.0,0.10159,50.0
1753533414782,12:36:54.782,CHR/USDT:USDT,0.10129,31.0,0.10128,296.0,0.10158,4.0,0.10159,50.0
1753533415771,12:36:55.771,CHR/USDT:USDT,0.10129,31.0,0.10128,296.0,0.10158,54.0,0.10159,50.0
1753533416289,12:36:56.289,CHR/USDT:USDT,0.10129,31.0,0.10128,296.0,0.10158,54.0,0.10159,50.0
1753533416302,12:36:56.302,CHR/USDT:USDT,0.10129,31.0,0.10128,296.0,0.10158,54.0,0.10159,50.0
1753533416766,12:36:56.766,CHR/USDT:USDT,0.10129,81.0,0.10128,296.0,0.10158,54.0,0.10159,50.0
1753533416794,12:36:56.794,CHR/USDT:USDT,0.10129,81.0,0.10128,296.0,0.10158,54.0,0.10159,50.0
1753533417749,12:36:57.749,CHR/USDT:USDT,0.10129,81.0,0.10128,296.0,0.10158,4.0,0.10159,50.0
1753533418037,12:36:58.037,CHR/USDT:USDT,0.10129,81.0,0.10128,296.0,0.10158,4.0,0.10159,50.0
1753533418738,12:36:58.738,CHR/USDT:USDT,0.10129,81.0,0.10128,296.0,0.10158,54.0,0.10159,50.0
1753533419740,12:36:59.740,CHR/USDT:USDT,0.10129,81.0,0.10128,296.0,0.10158,54.0,0.10159,50.0
1753533419836,12:36:59.836,CHR/USDT:USDT,0.10129,81.0,0.10128,296.0,0.10158,54.0,0.10159,50.0
1753533420188,12:37:00.188,CHR/USDT:USDT,0.10129,81.0,0.10128,296.0,0.10158,54.0,0.10159,50.0
1753533420716,12:37:00.716,CHR/USDT:USDT,0.10129,81.0,0.10128,296.0,0.10158,4.0,0.10159,50.0
1753533421200,12:37:01.200,CHR/USDT:USDT,0.10129,81.0,0.10128,296.0,0.10158,4.0,0.10159,50.0
1753533421790,12:37:01.790,CHR/USDT:USDT,0.1013,50.0,0.10129,51.0,0.10158,4.0,0.10159,50.0
1753533421805,12:37:01.805,CHR/USDT:USDT,0.10131,51.0,0.1013,50.0,0.10158,4.0,0.10159,50.0
1753533422072,12:37:02.072,CHR/USDT:USDT,0.10131,51.0,0.1013,50.0,0.10158,4.0,0.10159,50.0
1753533422697,12:37:02.697,CHR/USDT:USDT,0.10131,51.0,0.10129,50.0,0.10158,4.0,0.10159,50.0
1753533423579,12:37:03.579,CHR/USDT:USDT,0.10131,51.0,0.10129,50.0,0.10158,4.0,0.10159,50.0
1753533423684,12:37:03.684,CHR/USDT:USDT,0.10131,1.0,0.10129,50.0,0.10158,4.0,0.10159,50.0
1753533423724,12:37:03.724,CHR/USDT:USDT,0.1013,1.0,0.10129,50.0,0.10158,4.0,0.10159,50.0
1753533424686,12:37:04.686,CHR/USDT:USDT,0.1013,1.0,0.10129,50.0,0.10158,4.0,0.10159,50.0
1753533424752,12:37:04.752,CHR/USDT:USDT,0.1013,1.0,0.10129,50.0,0.10158,4.0,0.10159,50.0
1753533427561,12:37:07.561,CHR/USDT:USDT,0.1013,1.0,0.10129,50.0,0.10158,4.0,0.10159,50.0
1753533427642,12:37:07.642,CHR/USDT:USDT,0.1013,1.0,0.10129,50.0,0.10158,54.0,0.10159,50.0
1753533427753,12:37:07.753,CHR/USDT:USDT,0.1013,1.0,0.10129,50.0,0.10158,54.0,0.10159,50.0
1753533427794,12:37:07.794,CHR/USDT:USDT,0.1013,1.0,0.10129,50.0,0.10158,54.0,0.10159,50.0
1753533428145,12:37:08.145,CHR/USDT:USDT,0.1013,1.0,0.10129,50.0,0.10158,54.0,0.10159,50.0
1753533429685,12:37:09.685,CHR/USDT:USDT,0.1013,1.0,0.10129,50.0,0.10158,4.0,0.10159,50.0
1753533429723,12:37:09.723,CHR/USDT:USDT,0.1013,1.0,0.10129,50.0,0.10158,4.0,0.10159,50.0
1753533430744,12:37:10.744,CHR/USDT:USDT,0.1013,1.0,0.10129,50.0,0.10158,4.0,0.10159,50.0
1753533431212,12:37:11.212,CHR/USDT:USDT,0.1013,1.0,0.10129,50.0,0.10158,4.0,0.10159,50.0
1753533431764,12:37:11.764,CHR/USDT:USDT,0.1013,1.0,0.10129,50.0,0.10158,4.0,0.10159,50.0
1753533431800,12:37:11.800,CHR/USDT:USDT,0.1013,1.0,0.10129,50.0,0.10158,4.0,0.10159,50.0
1753533433166,12:37:13.166,CHR/USDT:USDT,0.10131,30.0,0.1013,1.0,0.10158,4.0,0.10159,50.0
1753533433252,12:37:13.252,CHR/USDT:USDT,0.10132,1.0,0.10129,50.0,0.10158,4.0,0.10159,50.0
1753533433383,12:37:13.383,CHR/USDT:USDT,0.1013,1.0,0.10129,50.0,0.10158,4.0,0.10159,50.0
1753533435279,12:37:15.279,CHR/USDT:USDT,0.1013,1.0,0.10129,50.0,0.10158,4.0,0.10159,50.0
1753533435389,12:37:15.389,CHR/USDT:USDT,0.1013,1.0,0.10129,50.0,0.10158,4.0,0.10159,50.0
1753533435483,12:37:15.483,CHR/USDT:USDT,0.1013,1.0,0.10129,50.0,0.10158,4.0,0.10159,50.0
1753533435539,12:37:15.539,CHR/USDT:USDT,0.1013,1.0,0.10129,50.0,0.10158,4.0,0.10159,50.0
1753533435827,12:37:15.827,CHR/USDT:USDT,0.1013,1.0,0.10129,50.0,0.10158,4.0,0.10159,50.0
1753533436523,12:37:16.523,CHR/USDT:USDT,0.1013,1.0,0.10129,50.0,0.10158,4.0,0.10159,50.0
1753533436644,12:37:16.644,CHR/USDT:USDT,0.10131,30.0,0.1013,1.0,0.10158,4.0,0.10159,50.0
1753533436734,12:37:16.734,CHR/USDT:USDT,0.10132,1.0,0.10129,50.0,0.10158,4.0,0.10159,50.0
1753533436823,12:37:16.823,CHR/USDT:USDT,0.1013,31.0,0.10129,50.0,0.10158,4.0,0.10159,50.0
1753533436977,12:37:16.977,CHR/USDT:USDT,0.1013,31.0,0.10129,50.0,0.10158,4.0,0.10159,50.0
1753533437061,12:37:17.061,CHR/USDT:USDT,0.1013,31.0,0.10129,50.0,0.10158,4.0,0.10159,50.0
1753533437264,12:37:17.264,CHR/USDT:USDT,0.1013,31.0,0.10129,50.0,0.10158,4.0,0.10159,50.0
1753533437476,12:37:17.476,CHR/USDT:USDT,0.1013,31.0,0.10129,50.0,0.10158,4.0,0.10159,50.0
1753533437892,12:37:17.892,CHR/USDT:USDT,0.1013,31.0,0.10129,50.0,0.10158,4.0,0.10159,50.0
1753533437991,12:37:17.991,CHR/USDT:USDT,0.1013,31.0,0.10129,50.0,0.10158,4.0,0.10159,50.0
1753533438085,12:37:18.085,CHR/USDT:USDT,0.1013,31.0,0.10129,50.0,0.10158,4.0,0.10159,50.0
1753533438145,12:37:18.145,CHR/USDT:USDT,0.1013,31.0,0.10129,50.0,0.10158,4.0,0.10159,50.0
1753533438264,12:37:18.264,CHR/USDT:USDT,0.1013,31.0,0.10129,50.0,0.10158,4.0,0.10159,50.0
1753533438304,12:37:18.304,CHR/USDT:USDT,0.1013,31.0,0.10129,50.0,0.10158,4.0,0.10159,50.0
1753533438711,12:37:18.711,CHR/USDT:USDT,0.1013,31.0,0.10129,50.0,0.10158,4.0,0.10159,50.0
1753533439320,12:37:19.320,CHR/USDT:USDT,0.1013,31.0,0.10129,50.0,0.10158,4.0,0.10159,50.0
1753533440365,12:37:20.365,CHR/USDT:USDT,0.1013,31.0,0.10129,50.0,0.10158,4.0,0.10159,50.0
1753533441379,12:37:21.379,CHR/USDT:USDT,0.1013,31.0,0.10129,50.0,0.10158,4.0,0.10159,50.0
1753533442385,12:37:22.385,CHR/USDT:USDT,0.1013,31.0,0.10129,50.0,0.10158,4.0,0.10159,50.0
1753533443148,12:37:23.148,CHR/USDT:USDT,0.1013,1.0,0.10129,50.0,0.10158,4.0,0.10159,50.0
1753533443443,12:37:23.443,CHR/USDT:USDT,0.1013,1.0,0.10129,50.0,0.10158,4.0,0.10159,50.0
1753533444023,12:37:24.023,CHR/USDT:USDT,0.1013,1.0,0.10129,50.0,0.10158,4.0,0.10159,50.0
1753533444243,12:37:24.243,CHR/USDT:USDT,0.1013,1.0,0.10129,50.0,0.10158,4.0,0.10159,50.0
1753533444323,12:37:24.323,CHR/USDT:USDT,0.1013,1.0,0.10129,50.0,0.10158,4.0,0.10159,50.0
1753533444441,12:37:24.441,CHR/USDT:USDT,0.1013,1.0,0.10129,50.0,0.10158,4.0,0.10159,50.0
1753533444542,12:37:24.542,CHR/USDT:USDT,0.1013,1.0,0.10129,50.0,0.10158,4.0,0.10159,50.0
1753533444633,12:37:24.633,CHR/USDT:USDT,0.1013,1.0,0.10129,50.0,0.10158,4.0,0.10159,50.0
1753533445085,12:37:25.085,CHR/USDT:USDT,0.1013,1.0,0.10129,50.0,0.10158,4.0,0.10159,50.0
1753533445098,12:37:25.098,CHR/USDT:USDT,0.1013,1.0,0.10129,50.0,0.10158,4.0,0.10159,50.0
1753533446033,12:37:26.033,CHR/USDT:USDT,0.1013,1.0,0.10129,50.0,0.10158,4.0,0.10159,50.0
1753533446211,12:37:26.211,CHR/USDT:USDT,0.1013,1.0,0.10129,50.0,0.10158,4.0,0.10159,50.0
1753533448001,12:37:28.001,CHR/USDT:USDT,0.1013,1.0,0.10129,50.0,0.10158,4.0,0.10159,50.0
1753533449124,12:37:29.124,CHR/USDT:USDT,0.1013,1.0,0.10129,50.0,0.10158,4.0,0.10159,50.0
1753533449549,12:37:29.549,CHR/USDT:USDT,0.1013,1.0,0.10129,50.0,0.10158,4.0,0.10159,50.0
1753533450091,12:37:30.091,CHR/USDT:USDT,0.1013,1.0,0.10129,50.0,0.10158,4.0,0.10159,50.0
1753533450885,12:37:30.885,CHR/USDT:USDT,0.1013,1.0,0.10129,50.0,0.10158,4.0,0.10159,50.0
1753533450913,12:37:30.913,CHR/USDT:USDT,0.1013,1.0,0.10129,50.0,0.10158,4.0,0.10159,50.0
1753533451001,12:37:31.001,CHR/USDT:USDT,0.1013,1.0,0.10129,50.0,0.10158,4.0,0.10159,50.0
1753533451179,12:37:31.179,CHR/USDT:USDT,0.1013,1.0,0.10129,50.0,0.10158,4.0,0.10159,50.0
1753533452293,12:37:32.293,CHR/USDT:USDT,0.1013,1.0,0.10129,50.0,0.10158,4.0,0.10159,50.0
1753533452781,12:37:32.781,CHR/USDT:USDT,0.1013,1.0,0.10129,50.0,0.10158,4.0,0.10159,50.0
1753533452800,12:37:32.800,CHR/USDT:USDT,0.1013,1.0,0.10129,50.0,0.10158,4.0,0.10159,50.0
1753533452911,12:37:32.911,CHR/USDT:USDT,0.1013,1.0,0.10129,50.0,0.10158,4.0,0.10159,50.0
1753533453200,12:37:33.200,CHR/USDT:USDT,0.1013,1.0,0.10129,50.0,0.10158,4.0,0.10159,50.0
1753533455925,12:37:35.925,CHR/USDT:USDT,0.1013,1.0,0.10129,50.0,0.10158,4.0,0.10159,50.0
1753533456076,12:37:36.076,CHR/USDT:USDT,0.1013,1.0,0.10129,50.0,0.10158,4.0,0.10159,50.0
1753533456523,12:37:36.523,CHR/USDT:USDT,0.1013,1.0,0.10129,50.0,0.10158,4.0,0.10159,50.0
1753533458761,12:37:38.761,CHR/USDT:USDT,0.1013,1.0,0.10129,50.0,0.10158,4.0,0.10159,50.0
1753533458880,12:37:38.880,CHR/USDT:USDT,0.1013,1.0,0.10129,50.0,0.10158,4.0,0.10159,50.0
1753533458939,12:37:38.939,CHR/USDT:USDT,0.1013,1.0,0.10129,50.0,0.10158,4.0,0.10159,50.0
1753533459071,12:37:39.071,CHR/USDT:USDT,0.1013,1.0,0.10129,50.0,0.10158,4.0,0.10159,50.0
1753533459221,12:37:39.221,CHR/USDT:USDT,0.1013,1.0,0.10129,50.0,0.10158,4.0,0.10159,50.0
1753533459314,12:37:39.314,CHR/USDT:USDT,0.1013,1.0,0.10129,50.0,0.10158,4.0,0.10159,50.0
1753533459765,12:37:39.765,CHR/USDT:USDT,0.1013,1.0,0.10129,50.0,0.10158,4.0,0.10159,50.0
1753533460010,12:37:40.010,CHR/USDT:USDT,0.1013,1.0,0.10129,50.0,0.10158,4.0,0.10159,50.0
1753533460443,12:37:40.443,CHR/USDT:USDT,0.1013,1.0,0.10129,50.0,0.10158,4.0,0.10159,50.0
1753533461779,12:37:41.779,CHR/USDT:USDT,0.1013,1.0,0.10129,50.0,0.10157,295.0,0.10158,4.0
1753533461879,12:37:41.879,CHR/USDT:USDT,0.1013,1.0,0.10129,50.0,0.10156,4.0,0.10157,295.0
1753533461964,12:37:41.964,CHR/USDT:USDT,0.1013,1.0,0.10129,50.0,0.10156,4.0,0.10157,295.0
1753533462283,12:37:42.283,CHR/USDT:USDT,0.1013,1.0,0.10098,168.0,0.10156,4.0,0.10157,295.0
1753533462391,12:37:42.391,CHR/USDT:USDT,0.10099,298.0,0.10097,7.0,0.10156,4.0,0.10157,295.0
1753533462470,12:37:42.470,CHR/USDT:USDT,0.10101,297.0,0.101,44.0,0.10156,4.0,0.10157,295.0
1753533462593,12:37:42.593,CHR/USDT:USDT,0.10104,50.0,0.10103,346.0,0.10156,4.0,0.10157,295.0
1753533462662,12:37:42.662,CHR/USDT:USDT,0.10107,296.0,0.10106,50.0,0.10156,4.0,0.10157,295.0
1753533462764,12:37:42.764,CHR/USDT:USDT,0.10107,296.0,0.10106,50.0,0.10156,4.0,0.10157,295.0
1753533462879,12:37:42.879,CHR/USDT:USDT,0.10107,296.0,0.10106,50.0,0.10156,4.0,0.10157,295.0
1753533462984,12:37:42.984,CHR/USDT:USDT,0.10107,296.0,0.10106,50.0,0.10156,4.0,0.10157,295.0
1753533463042,12:37:43.042,CHR/USDT:USDT,0.1011,296.0,0.10108,1.0,0.10156,4.0,0.10157,295.0
1753533463171,12:37:43.171,CHR/USDT:USDT,0.10113,2910.0,0.10112,296.0,0.10156,4.0,0.10157,295.0
1753533463279,12:37:43.279,CHR/USDT:USDT,0.10114,297.0,0.10113,2910.0,0.10156,54.0,0.10157,295.0
1753533463297,12:37:43.297,CHR/USDT:USDT,0.10114,297.0,0.10113,2910.0,0.10156,54.0,0.10157,295.0
1753533463460,12:37:43.460,CHR/USDT:USDT,0.10114,297.0,0.10113,2910.0,0.10156,54.0,0.10157,295.0
1753533463555,12:37:43.555,CHR/USDT:USDT,0.10114,297.0,0.10101,50.0,0.10156,54.0,0.10157,295.0
1753533463663,12:37:43.663,CHR/USDT:USDT,0.10114,297.0,0.10101,50.0,0.10156,54.0,0.10157,295.0
1753533463792,12:37:43.792,CHR/USDT:USDT,0.10114,297.0,0.10101,50.0,0.10156,54.0,0.10157,295.0
1753533463851,12:37:43.851,CHR/USDT:USDT,0.10114,297.0,0.10101,50.0,0.10156,54.0,0.10157,295.0
1753533463934,12:37:43.934,CHR/USDT:USDT,0.10114,297.0,0.10101,50.0,0.10156,54.0,0.10157,295.0
1753533464123,12:37:44.123,CHR/USDT:USDT,0.10114,297.0,0.10101,50.0,0.10156,54.0,0.10157,295.0
1753533464236,12:37:44.236,CHR/USDT:USDT,0.10114,297.0,0.10097,161.0,0.10156,54.0,0.10157,295.0
1753533464360,12:37:44.360,CHR/USDT:USDT,0.10114,297.0,0.10087,221.0,0.10156,54.0,0.10157,295.0
1753533464530,12:37:44.530,CHR/USDT:USDT,0.10114,297.0,0.10087,221.0,0.10156,54.0,0.10157,295.0
1753533465184,12:37:45.184,CHR/USDT:USDT,0.10114,297.0,0.10087,221.0,0.10156,54.0,0.10157,295.0
1753533465980,12:37:45.980,CHR/USDT:USDT,0.10114,297.0,0.10087,221.0,0.10156,54.0,0.10157,295.0
1753533466010,12:37:46.010,CHR/USDT:USDT,0.10114,297.0,0.10087,221.0,0.10156,54.0,0.10157,295.0
1753533466550,12:37:46.550,CHR/USDT:USDT,0.10114,297.0,0.10087,221.0,0.10156,54.0,0.10157,295.0
1753533466700,12:37:46.700,CHR/USDT:USDT,0.10114,297.0,0.10087,221.0,0.10156,54.0,0.10157,295.0
1753533466862,12:37:46.862,CHR/USDT:USDT,0.10114,297.0,0.101,183.0,0.10156,54.0,0.10157,295.0
1753533466991,12:37:46.991,CHR/USDT:USDT,0.10114,297.0,0.10074,396.0,0.10156,54.0,0.10157,295.0
1753533467054,12:37:47.054,CHR/USDT:USDT,0.10114,297.0,0.10074,396.0,0.10156,54.0,0.10157,295.0
1753533467110,12:37:47.110,CHR/USDT:USDT,0.10114,297.0,0.10088,215.0,0.10156,54.0,0.10157,295.0
1753533467201,12:37:47.201,CHR/USDT:USDT,0.10114,297.0,0.10088,433.0,0.10156,54.0,0.10157,295.0
1753533467380,12:37:47.380,CHR/USDT:USDT,0.10114,297.0,0.10088,433.0,0.10156,54.0,0.10157,295.0
1753533467523,12:37:47.523,CHR/USDT:USDT,0.10114,297.0,0.10088,433.0,0.10156,54.0,0.10157,295.0
1753533467646,12:37:47.646,CHR/USDT:USDT,0.10114,297.0,0.10088,433.0,0.10156,54.0,0.10157,295.0
1753533467798,12:37:47.798,CHR/USDT:USDT,0.10114,297.0,0.10088,433.0,0.10156,54.0,0.10157,295.0
1753533468182,12:37:48.182,CHR/USDT:USDT,0.10114,297.0,0.10088,433.0,0.10156,54.0,0.10157,295.0
1753533469036,12:37:49.036,CHR/USDT:USDT,0.10114,297.0,0.10088,433.0,0.10156,54.0,0.10157,295.0
1753533469422,12:37:49.422,CHR/USDT:USDT,0.10114,297.0,0.10088,433.0,0.10156,54.0,0.10157,295.0
1753533472187,12:37:52.187,CHR/USDT:USDT,0.10116,296.0,0.10115,607.0,0.10156,54.0,0.10157,295.0
