timestamp,time,exchange,symbol,bid1_price,bid1_volume,bid2_price,bid2_volume,ask1_price,ask1_volume,ask2_price,ask2_volume
1753617166492,11:52:46.492,ascendex,ADA/USDT:USDT,0.8222,72993.0,0.822,146038.0,0.8234,182094.0,0.8238,91019.0
1753617166542,11:52:46.542,ascendex,ADA/USDT:USDT,0.8222,72993.0,0.822,146038.0,0.8229,121514.0,0.8234,182094.0
1753617167047,11:52:47.047,ascendex,ADA/USDT:USDT,0.8222,72993.0,0.822,146038.0,0.8234,182094.0,0.8238,91019.0
1753617167991,11:52:47.991,ascendex,ADA/USDT:USDT,0.8222,72993.0,0.822,146038.0,0.8234,182094.0,0.8238,91019.0
1753617168368,11:52:48.368,ascendex,ADA/USDT:USDT,0.8222,72993.0,0.822,73028.0,0.8234,182094.0,0.8238,91019.0
1753617168398,11:52:48.398,ascendex,ADA/USDT:USDT,0.8222,72993.0,0.822,73028.0,0.8234,182094.0,0.8238,91019.0
1753617169248,11:52:49.248,ascendex,ADA/USDT:USDT,0.8222,72993.0,0.822,73028.0,0.8234,182094.0,0.8238,91019.0
1753617171373,11:52:51.373,ascendex,ADA/USDT:USDT,0.8222,72993.0,0.822,73028.0,0.8234,182094.0,0.8238,91019.0
1753617171826,11:52:51.826,ascendex,ADA/USDT:USDT,0.8222,72993.0,0.822,73028.0,0.8238,91019.0,0.8242,41999.0
1753617172014,11:52:52.014,ascendex,ADA/USDT:USDT,0.8222,72993.0,0.822,73028.0,0.8238,91019.0,0.824,90975.0
1753617172421,11:52:52.421,ascendex,ADA/USDT:USDT,0.8222,72993.0,0.822,73028.0,0.8238,91019.0,0.824,90975.0
1753617172603,11:52:52.603,ascendex,ADA/USDT:USDT,0.8222,72993.0,0.822,73028.0,0.8238,91019.0,0.824,90975.0
1753617173631,11:52:53.631,ascendex,ADA/USDT:USDT,0.8222,72993.0,0.822,73028.0,0.8238,91019.0,0.824,90975.0
1753617174616,11:52:54.616,ascendex,ADA/USDT:USDT,0.8222,72993.0,0.822,73028.0,0.8238,91019.0,0.824,90975.0
1753617176986,11:52:56.986,ascendex,ADA/USDT:USDT,0.8229,121514.0,0.8222,72993.0,0.8238,91019.0,0.824,90975.0
1753617177490,11:52:57.490,ascendex,ADA/USDT:USDT,0.8222,72993.0,0.822,73028.0,0.8238,91019.0,0.824,90975.0
1753617178119,11:52:58.119,ascendex,ADA/USDT:USDT,0.8222,72993.0,0.822,73028.0,0.8238,91019.0,0.824,90975.0
1753617180079,11:53:00.079,ascendex,ADA/USDT:USDT,0.8229,121514.0,0.8222,72993.0,0.8238,91019.0,0.824,90975.0
1753617180584,11:53:00.584,ascendex,ADA/USDT:USDT,0.8222,72993.0,0.822,73028.0,0.8234,91053.0,0.8238,91019.0
1753617182635,11:53:02.635,ascendex,ADA/USDT:USDT,0.8222,72993.0,0.822,73028.0,0.8238,91019.0,0.824,90975.0
1753617182875,11:53:02.875,ascendex,ADA/USDT:USDT,0.8222,72993.0,0.822,73028.0,0.8238,91019.0,0.824,90975.0
1753617183166,11:53:03.166,ascendex,ADA/USDT:USDT,0.8224,72975.0,0.8222,72993.0,0.8238,91019.0,0.824,90975.0
1753617183379,11:53:03.379,ascendex,ADA/USDT:USDT,0.8224,72975.0,0.8222,72993.0,0.8238,91019.0,0.824,90975.0
1753617183866,11:53:03.866,ascendex,ADA/USDT:USDT,0.8224,145968.0,0.8222,72993.0,0.8238,91019.0,0.824,90975.0
1753617184160,11:53:04.160,ascendex,ADA/USDT:USDT,0.8226,72957.0,0.8224,72993.0,0.824,90975.0,0.8242,41999.0
1753617184371,11:53:04.371,ascendex,ADA/USDT:USDT,0.8228,72939.0,0.8226,72957.0,0.824,90975.0,0.8242,41999.0
1753617184518,11:53:04.518,ascendex,ADA/USDT:USDT,0.8228,72939.0,0.8226,72957.0,0.824,90975.0,0.8242,41999.0
1753617184877,11:53:04.877,ascendex,ADA/USDT:USDT,0.8228,72939.0,0.8226,72957.0,0.824,90975.0,0.8242,41999.0
1753617186385,11:53:06.385,ascendex,ADA/USDT:USDT,0.8228,72939.0,0.8226,72957.0,0.824,90975.0,0.8242,41999.0
1753617186924,11:53:06.924,ascendex,ADA/USDT:USDT,0.8228,72939.0,0.8226,72957.0,0.824,90975.0,0.8242,41999.0
1753617187157,11:53:07.157,ascendex,ADA/USDT:USDT,0.8228,72939.0,0.8226,72957.0,0.824,90975.0,0.8242,41999.0
1753617189390,11:53:09.390,ascendex,ADA/USDT:USDT,0.8228,72939.0,0.8226,72957.0,0.824,90975.0,0.8242,41999.0
1753617190522,11:53:10.522,ascendex,ADA/USDT:USDT,0.8236,121426.0,0.8228,72939.0,0.824,90975.0,0.8242,41999.0
1753617191027,11:53:11.027,ascendex,ADA/USDT:USDT,0.8228,72939.0,0.8226,72957.0,0.824,90975.0,0.8242,41999.0
1753617193186,11:53:13.186,ascendex,ADA/USDT:USDT,0.8228,72939.0,0.8226,72957.0,0.824,90975.0,0.8242,41999.0
1753617193620,11:53:13.620,ascendex,ADA/USDT:USDT,0.8236,121426.0,0.8228,72939.0,0.824,90975.0,0.8242,41999.0
1753617194125,11:53:14.125,ascendex,ADA/USDT:USDT,0.8228,72939.0,0.8226,72957.0,0.824,90975.0,0.8242,41999.0
1753617197195,11:53:17.195,ascendex,ADA/USDT:USDT,0.8228,72939.0,0.8226,72957.0,0.8242,41999.0,0.8246,90898.0
1753617197215,11:53:17.215,ascendex,ADA/USDT:USDT,0.8228,72939.0,0.8226,72957.0,0.8242,41999.0,0.8246,90898.0
1753617197718,11:53:17.718,ascendex,ADA/USDT:USDT,0.823,72922.0,0.8228,72939.0,0.8242,41999.0,0.8246,90898.0
1753617198386,11:53:18.386,ascendex,ADA/USDT:USDT,0.823,72922.0,0.8228,72939.0,0.8242,41999.0,0.8246,90898.0
1753617199216,11:53:19.216,ascendex,ADA/USDT:USDT,0.823,72922.0,0.8228,72939.0,0.8242,41999.0,0.8246,90898.0
1753617200229,11:53:20.229,ascendex,ADA/USDT:USDT,0.823,72922.0,0.8224,72993.0,0.8242,41999.0,0.8246,90898.0
1753617200415,11:53:20.415,ascendex,ADA/USDT:USDT,0.823,72922.0,0.8224,145968.0,0.8242,41999.0,0.8246,90898.0
1753617201229,11:53:21.229,ascendex,ADA/USDT:USDT,0.823,72922.0,0.8226,44485.0,0.8246,181829.0,0.825,90876.0
1753617201521,11:53:21.521,ascendex,ADA/USDT:USDT,0.823,72922.0,0.8229,72957.0,0.8246,181829.0,0.825,90876.0
1753617201622,11:53:21.622,ascendex,ADA/USDT:USDT,0.823,72922.0,0.8229,72957.0,0.8246,181829.0,0.825,90876.0
1753617202229,11:53:22.229,ascendex,ADA/USDT:USDT,0.823,72922.0,0.8229,72957.0,0.8246,181829.0,0.825,90876.0
1753617202828,11:53:22.828,ascendex,ADA/USDT:USDT,0.823,72922.0,0.8229,72957.0,0.8244,90953.0,0.8246,181829.0
1753617203028,11:53:23.028,ascendex,ADA/USDT:USDT,0.823,72922.0,0.8229,72957.0,0.8244,90953.0,0.8246,181829.0
1753617203244,11:53:23.244,ascendex,ADA/USDT:USDT,0.823,72922.0,0.8229,72957.0,0.8244,90953.0,0.8246,181829.0
1753617203810,11:53:23.810,ascendex,ADA/USDT:USDT,0.823,72922.0,0.8229,72957.0,0.8244,90953.0,0.8246,181829.0
1753617204057,11:53:24.057,ascendex,ADA/USDT:USDT,0.823,72922.0,0.8229,72957.0,0.8236,121411.0,0.8244,90953.0
1753617204561,11:53:24.561,ascendex,ADA/USDT:USDT,0.823,72922.0,0.8229,72957.0,0.8244,90953.0,0.8246,181829.0
1753617205244,11:53:25.244,ascendex,ADA/USDT:USDT,0.823,72922.0,0.8229,72957.0,0.8244,90953.0,0.8246,181829.0
1753617207258,11:53:27.258,ascendex,ADA/USDT:USDT,0.8238,121381.0,0.823,72922.0,0.8244,90953.0,0.8246,90898.0
1753617207662,11:53:27.662,ascendex,ADA/USDT:USDT,0.823,72922.0,0.8229,72957.0,0.8244,90953.0,0.8246,90898.0
1753617208256,11:53:28.256,ascendex,ADA/USDT:USDT,0.823,72922.0,0.8229,72957.0,0.8244,90953.0,0.8246,90898.0
1753617208710,11:53:28.710,ascendex,ADA/USDT:USDT,0.823,72922.0,0.8229,72957.0,0.8244,90953.0,0.8246,90898.0
1753617211271,11:53:31.271,ascendex,ADA/USDT:USDT,0.823,72922.0,0.8229,72957.0,0.8244,90953.0,0.8246,90898.0
1753617211938,11:53:31.938,ascendex,ADA/USDT:USDT,0.8232,72904.0,0.823,72922.0,0.8244,90953.0,0.8246,90898.0
1753617212319,11:53:32.319,ascendex,ADA/USDT:USDT,0.8232,72904.0,0.823,72922.0,0.8246,90898.0,0.8248,90909.0
1753617212550,11:53:32.550,ascendex,ADA/USDT:USDT,0.8232,72904.0,0.823,72922.0,0.8246,90898.0,0.8248,90909.0
1753617213792,11:53:33.792,ascendex,ADA/USDT:USDT,0.8232,72904.0,0.823,72922.0,0.8246,90898.0,0.8248,90909.0
1753617214287,11:53:34.287,ascendex,ADA/USDT:USDT,0.8232,72904.0,0.823,72922.0,0.8246,90898.0,0.8248,90909.0
1753617217592,11:53:37.592,ascendex,ADA/USDT:USDT,0.824,121352.0,0.8232,72904.0,0.8246,90898.0,0.8248,90909.0
1753617218098,11:53:38.098,ascendex,ADA/USDT:USDT,0.8232,72904.0,0.823,72922.0,0.8246,90898.0,0.8248,90909.0
1753617220503,11:53:40.503,ascendex,ADA/USDT:USDT,0.8234,72886.0,0.8232,72904.0,0.8246,90898.0,0.8248,90909.0
1753617220787,11:53:40.787,ascendex,ADA/USDT:USDT,0.8242,121337.0,0.8234,72886.0,0.8248,90909.0,0.8254,22345.0
1753617221091,11:53:41.091,ascendex,ADA/USDT:USDT,0.8242,121337.0,0.8234,72886.0,0.8248,90909.0,0.8252,90832.0
1753617221329,11:53:41.329,ascendex,ADA/USDT:USDT,0.8234,72886.0,0.8232,72904.0,0.8248,90909.0,0.8252,90832.0
1753617221515,11:53:41.515,ascendex,ADA/USDT:USDT,0.8234,72886.0,0.8232,72904.0,0.8248,90909.0,0.8252,90832.0
1753617222094,11:53:42.094,ascendex,ADA/USDT:USDT,0.8234,72886.0,0.8232,72904.0,0.8248,90909.0,0.8252,90832.0
1753617222598,11:53:42.598,ascendex,ADA/USDT:USDT,0.8234,72886.0,0.8232,72904.0,0.8248,90909.0,0.8252,90832.0
1753617223069,11:53:43.069,ascendex,ADA/USDT:USDT,0.8234,72886.0,0.8232,72904.0,0.8248,90909.0,0.8252,90832.0
1753617223333,11:53:43.333,ascendex,ADA/USDT:USDT,0.8236,72869.0,0.8234,145799.0,0.8248,90909.0,0.8252,90832.0
1753617226194,11:53:46.194,ascendex,ADA/USDT:USDT,0.8236,72869.0,0.8234,145799.0,0.8252,90832.0,0.8254,68490.0
1753617226270,11:53:46.270,ascendex,ADA/USDT:USDT,0.8236,72869.0,0.8234,145799.0,0.8252,181697.0,0.8254,68490.0
1753617227477,11:53:47.477,ascendex,ADA/USDT:USDT,0.8238,72851.0,0.8236,72869.0,0.8252,181697.0,0.8258,54840.0
1753617227680,11:53:47.680,ascendex,ADA/USDT:USDT,0.8238,72851.0,0.8236,72869.0,0.8252,181697.0,0.8258,54840.0
1753617228488,11:53:48.488,ascendex,ADA/USDT:USDT,0.8238,72851.0,0.8234,72913.0,0.8252,181697.0,0.8258,54840.0
1753617228694,11:53:48.694,ascendex,ADA/USDT:USDT,0.8238,72851.0,0.8234,72913.0,0.8252,181697.0,0.8258,54840.0
1753617229356,11:53:49.356,ascendex,ADA/USDT:USDT,0.8238,72851.0,0.8234,72913.0,0.8252,181697.0,0.8258,54840.0
1753617229868,11:53:49.868,ascendex,ADA/USDT:USDT,0.8238,72851.0,0.8234,72913.0,0.8252,181697.0,0.8258,54840.0
1753617230307,11:53:50.307,ascendex,ADA/USDT:USDT,0.824,72833.0,0.8238,72851.0,0.8252,181697.0,0.8258,54840.0
1753617231317,11:53:51.317,ascendex,ADA/USDT:USDT,0.824,72833.0,0.8238,72851.0,0.8247,121249.0,0.8252,181697.0
1753617231638,11:53:51.638,ascendex,ADA/USDT:USDT,0.824,72833.0,0.8234,102960.0,0.8252,181697.0,0.8258,54840.0
1753617231922,11:53:51.922,ascendex,ADA/USDT:USDT,0.824,72833.0,0.8234,72913.0,0.8252,181697.0,0.8258,54840.0
1753617232383,11:53:52.383,ascendex,ADA/USDT:USDT,0.824,72833.0,0.8234,72913.0,0.8252,181697.0,0.8258,54840.0
1753617232889,11:53:52.889,ascendex,ADA/USDT:USDT,0.8236,72869.0,0.8234,72913.0,0.8252,181697.0,0.8256,23954.0
1753617233949,11:53:53.949,ascendex,ADA/USDT:USDT,0.8236,72869.0,0.8234,72913.0,0.8252,181697.0,0.8256,23954.0
1753617234388,11:53:54.388,ascendex,ADA/USDT:USDT,0.8244,121308.0,0.8236,72869.0,0.8252,181697.0,0.8256,66867.0
1753617234737,11:53:54.737,ascendex,ADA/USDT:USDT,0.8236,72869.0,0.8234,72913.0,0.8252,181697.0,0.8256,66867.0
1753617235383,11:53:55.383,ascendex,ADA/USDT:USDT,0.8236,72869.0,0.8234,72913.0,0.8252,181697.0,0.8256,66867.0
1753617235594,11:53:55.594,ascendex,ADA/USDT:USDT,0.8236,72869.0,0.8234,72913.0,0.825,90887.0,0.8252,181697.0
1753617236034,11:53:56.034,ascendex,ADA/USDT:USDT,0.8236,72869.0,0.8234,72913.0,0.825,90887.0,0.8252,181697.0
1753617237838,11:53:57.838,ascendex,ADA/USDT:USDT,0.8236,72869.0,0.8234,72913.0,0.825,90887.0,0.8252,181697.0
1753617238628,11:53:58.628,ascendex,ADA/USDT:USDT,0.8236,72869.0,0.8234,72913.0,0.825,90887.0,0.8252,181697.0
1753617239914,11:53:59.914,ascendex,ADA/USDT:USDT,0.8236,72869.0,0.8234,72913.0,0.825,90887.0,0.8252,90832.0
1753617239969,11:53:59.969,ascendex,ADA/USDT:USDT,0.8236,72869.0,0.8234,72913.0,0.8248,90909.0,0.825,90887.0
1753617240920,11:54:00.920,ascendex,ADA/USDT:USDT,0.8236,72869.0,0.8234,72913.0,0.8248,90909.0,0.825,90887.0
1753617241412,11:54:01.412,ascendex,ADA/USDT:USDT,0.8236,72869.0,0.8234,72913.0,0.8248,90909.0,0.825,90887.0
1753617242585,11:54:02.585,ascendex,ADA/USDT:USDT,0.8234,72913.0,0.8232,72904.0,0.8248,90909.0,0.825,90887.0
1753617243568,11:54:03.568,ascendex,ADA/USDT:USDT,0.8234,72913.0,0.8232,72904.0,0.8248,90909.0,0.825,90887.0
1753617244428,11:54:04.428,ascendex,ADA/USDT:USDT,0.8234,72913.0,0.8232,72904.0,0.8248,90909.0,0.825,90887.0
1753617244748,11:54:04.748,ascendex,ADA/USDT:USDT,0.8234,72913.0,0.8232,72904.0,0.8239,121367.0,0.8248,90909.0
1753617245253,11:54:05.253,ascendex,ADA/USDT:USDT,0.8234,72913.0,0.8232,72904.0,0.8248,90909.0,0.825,90887.0
1753617245448,11:54:05.448,ascendex,ADA/USDT:USDT,0.8234,72913.0,0.8232,72904.0,0.8246,90931.0,0.8248,90909.0
1753617245653,11:54:05.653,ascendex,ADA/USDT:USDT,0.8234,72913.0,0.8232,72904.0,0.8246,90931.0,0.8248,90909.0
1753617246145,11:54:06.145,ascendex,ADA/USDT:USDT,0.8232,72904.0,0.8228,72939.0,0.8246,90931.0,0.8247,90887.0
1753617246462,11:54:06.462,ascendex,ADA/USDT:USDT,0.8232,72904.0,0.8228,72939.0,0.8246,90931.0,0.8247,90887.0
1753617246543,11:54:06.543,ascendex,ADA/USDT:USDT,0.8232,72904.0,0.8228,72939.0,0.8246,90931.0,0.8247,90887.0
1753617246949,11:54:06.949,ascendex,ADA/USDT:USDT,0.8232,72904.0,0.8228,72939.0,0.8246,90931.0,0.8247,90887.0
1753617247454,11:54:07.454,ascendex,ADA/USDT:USDT,0.8232,72904.0,0.8224,16740.0,0.8244,90953.0,0.8246,90931.0
1753617247789,11:54:07.789,ascendex,ADA/USDT:USDT,0.8236,121426.0,0.8228,72939.0,0.8244,90953.0,0.8246,90931.0
1753617248291,11:54:08.291,ascendex,ADA/USDT:USDT,0.8228,72939.0,0.8224,51833.0,0.8244,90953.0,0.8246,90931.0
1753617248655,11:54:08.655,ascendex,ADA/USDT:USDT,0.8228,72939.0,0.8224,51833.0,0.8244,90953.0,0.8246,90931.0
1753617248756,11:54:08.756,ascendex,ADA/USDT:USDT,0.8228,72939.0,0.8224,51833.0,0.8244,90953.0,0.8246,90931.0
1753617249120,11:54:09.120,ascendex,ADA/USDT:USDT,0.8228,72939.0,0.8224,51833.0,0.8244,90953.0,0.8246,90931.0
1753617249412,11:54:09.412,ascendex,ADA/USDT:USDT,0.8228,72939.0,0.8224,51833.0,0.8244,90953.0,0.8246,90931.0
1753617250577,11:54:10.577,ascendex,ADA/USDT:USDT,0.8228,72939.0,0.8224,51833.0,0.8244,90953.0,0.8246,90931.0
1753617253167,11:54:13.167,ascendex,ADA/USDT:USDT,0.8228,72939.0,0.8224,51833.0,0.8244,90953.0,0.8246,90931.0
1753617253476,11:54:13.476,ascendex,ADA/USDT:USDT,0.8228,72939.0,0.8224,51833.0,0.8244,90953.0,0.8246,90931.0
1753617258007,11:54:18.007,ascendex,ADA/USDT:USDT,0.8228,72939.0,0.8224,51833.0,0.8244,90953.0,0.8246,90931.0
1753617258280,11:54:18.280,ascendex,ADA/USDT:USDT,0.8236,121426.0,0.8228,72939.0,0.8244,90953.0,0.8246,90931.0
1753617258806,11:54:18.806,ascendex,ADA/USDT:USDT,0.8228,72939.0,0.8224,51833.0,0.8244,90953.0,0.8246,90931.0
1753617261327,11:54:21.327,ascendex,ADA/USDT:USDT,0.8236,121426.0,0.8228,72939.0,0.8244,90953.0,0.8246,90931.0
1753617261830,11:54:21.830,ascendex,ADA/USDT:USDT,0.8228,72939.0,0.8224,51833.0,0.8244,90953.0,0.8246,90931.0
1753617262518,11:54:22.518,ascendex,ADA/USDT:USDT,0.8228,72939.0,0.8224,51833.0,0.8244,90953.0,0.8246,90931.0
1753617267753,11:54:27.753,ascendex,ADA/USDT:USDT,0.823,72922.0,0.8228,72939.0,0.8244,90953.0,0.8246,90931.0
1753617268178,11:54:28.178,ascendex,ADA/USDT:USDT,0.823,72922.0,0.8228,72939.0,0.8244,90953.0,0.8247,90887.0
1753617270571,11:54:30.571,ascendex,ADA/USDT:USDT,0.823,72922.0,0.8224,16740.0,0.8244,90953.0,0.8247,90887.0
1753617271176,11:54:31.176,ascendex,ADA/USDT:USDT,0.823,72922.0,0.8226,58171.0,0.8244,90953.0,0.8247,90887.0
1753617271841,11:54:31.841,ascendex,ADA/USDT:USDT,0.823,72922.0,0.8226,58171.0,0.8237,121396.0,0.8244,90953.0
1753617272345,11:54:32.345,ascendex,ADA/USDT:USDT,0.823,72922.0,0.8226,58171.0,0.8244,90953.0,0.8247,90887.0
1753617273825,11:54:33.825,ascendex,ADA/USDT:USDT,0.823,72922.0,0.8226,58171.0,0.8244,90953.0,0.8247,90887.0
1753617274587,11:54:34.587,ascendex,ADA/USDT:USDT,0.823,72922.0,0.8226,58171.0,0.8244,90953.0,0.8247,90887.0
1753617274889,11:54:34.889,ascendex,ADA/USDT:USDT,0.8236,121426.0,0.823,72922.0,0.8244,90953.0,0.8247,90887.0
1753617275394,11:54:35.394,ascendex,ADA/USDT:USDT,0.823,72922.0,0.8226,58171.0,0.8244,90953.0,0.8247,90887.0
1753617275599,11:54:35.599,ascendex,ADA/USDT:USDT,0.823,72922.0,0.8226,58171.0,0.8244,90953.0,0.8247,90887.0
1753617276643,11:54:36.643,ascendex,ADA/USDT:USDT,0.823,72922.0,0.8226,58171.0,0.8244,90953.0,0.8247,90887.0
1753617277104,11:54:37.104,ascendex,ADA/USDT:USDT,0.823,72922.0,0.8226,58171.0,0.8244,90953.0,0.8247,90887.0
1753617277652,11:54:37.652,ascendex,ADA/USDT:USDT,0.823,72922.0,0.8226,58171.0,0.8244,90953.0,0.8247,90887.0
1753617279110,11:54:39.110,ascendex,ADA/USDT:USDT,0.823,72922.0,0.8226,58171.0,0.8244,90953.0,0.8247,90887.0
1753617285383,11:54:45.383,ascendex,ADA/USDT:USDT,0.8236,121426.0,0.823,72922.0,0.8244,90953.0,0.8247,90887.0
1753617285879,11:54:45.879,ascendex,ADA/USDT:USDT,0.823,72922.0,0.8226,58171.0,0.8244,90953.0,0.8247,90887.0
1753617288198,11:54:48.198,ascendex,ADA/USDT:USDT,0.823,72922.0,0.8224,16740.0,0.8242,90975.0,0.8244,90953.0
1753617288505,11:54:48.505,ascendex,ADA/USDT:USDT,0.823,72922.0,0.8224,16740.0,0.8235,121440.0,0.8242,90975.0
1753617288700,11:54:48.700,ascendex,ADA/USDT:USDT,0.823,72922.0,0.8224,16740.0,0.8235,121440.0,0.8242,90975.0
1753617288927,11:54:48.927,ascendex,ADA/USDT:USDT,0.823,72922.0,0.8224,16740.0,0.8242,90975.0,0.8244,90953.0
1753617289706,11:54:49.706,ascendex,ADA/USDT:USDT,0.823,72922.0,0.8224,16740.0,0.8242,90975.0,0.8247,90887.0
1753617290723,11:54:50.723,ascendex,ADA/USDT:USDT,0.823,72922.0,0.8224,16740.0,0.8242,90975.0,0.8247,90887.0
1753617292715,11:54:52.715,ascendex,ADA/USDT:USDT,0.823,72922.0,0.8224,16740.0,0.8242,90975.0,0.8247,90887.0
1753617297152,11:54:57.152,ascendex,ADA/USDT:USDT,0.823,72922.0,0.8224,16740.0,0.8242,90975.0,0.8246,69909.0
1753617298226,11:54:58.226,ascendex,ADA/USDT:USDT,0.823,72922.0,0.8224,16740.0,0.8242,90975.0,0.8247,90887.0
1753617298917,11:54:58.917,ascendex,ADA/USDT:USDT,0.8236,121426.0,0.823,72922.0,0.8242,90975.0,0.8247,90887.0
1753617299420,11:54:59.420,ascendex,ADA/USDT:USDT,0.823,72922.0,0.8224,16740.0,0.8242,90975.0,0.8247,90887.0
1753617301234,11:55:01.234,ascendex,ADA/USDT:USDT,0.823,72922.0,0.8224,16740.0,0.8242,90975.0,0.8247,90887.0
1753617301653,11:55:01.653,ascendex,ADA/USDT:USDT,0.823,72922.0,0.8224,16740.0,0.8242,90975.0,0.8246,84385.0
1753617301973,11:55:01.973,ascendex,ADA/USDT:USDT,0.8235,121440.0,0.823,72922.0,0.8242,90975.0,0.8246,84385.0
1753617302475,11:55:02.475,ascendex,ADA/USDT:USDT,0.823,72922.0,0.8224,16740.0,0.8242,90975.0,0.8246,84385.0
1753617304521,11:55:04.521,ascendex,ADA/USDT:USDT,0.8224,16740.0,0.8223,32272.0,0.8242,90975.0,0.8246,84385.0
1753617304758,11:55:04.758,ascendex,ADA/USDT:USDT,0.8226,72966.0,0.8224,16740.0,0.824,90997.0,0.8242,181917.0
1753617305252,11:55:05.252,ascendex,ADA/USDT:USDT,0.8226,72966.0,0.8224,16740.0,0.8238,91019.0,0.824,90997.0
1753617306304,11:55:06.304,ascendex,ADA/USDT:USDT,0.8226,72966.0,0.8224,16740.0,0.8238,91019.0,0.8242,90942.0
1753617306447,11:55:06.447,ascendex,ADA/USDT:USDT,0.8226,72966.0,0.8224,16740.0,0.8238,91019.0,0.8242,90942.0
1753617309454,11:55:09.454,ascendex,ADA/USDT:USDT,0.8226,72966.0,0.8224,16740.0,0.8238,91019.0,0.8242,90942.0
1753617312453,11:55:12.453,ascendex,ADA/USDT:USDT,0.8226,72966.0,0.8224,16740.0,0.8232,121485.0,0.8238,91019.0
1753617312958,11:55:12.958,ascendex,ADA/USDT:USDT,0.8226,72966.0,0.8224,16740.0,0.8238,91019.0,0.8242,90942.0
1753617315505,11:55:15.505,ascendex,ADA/USDT:USDT,0.8226,72966.0,0.8224,16740.0,0.8232,121485.0,0.8238,91019.0
1753617316016,11:55:16.016,ascendex,ADA/USDT:USDT,0.8226,72966.0,0.8224,16740.0,0.8238,91019.0,0.8242,90942.0
1753617316792,11:55:16.792,ascendex,ADA/USDT:USDT,0.8226,72966.0,0.8224,16740.0,0.8238,91019.0,0.8242,90942.0
1753617319037,11:55:19.037,ascendex,ADA/USDT:USDT,0.8224,16740.0,0.8222,72993.0,0.8238,91019.0,0.8241,83585.0
1753617319935,11:55:19.935,ascendex,ADA/USDT:USDT,0.8224,16740.0,0.8222,72993.0,0.8238,91019.0,0.8241,83585.0
1753617320311,11:55:20.311,ascendex,ADA/USDT:USDT,0.8222,72993.0,0.8218,73046.0,0.8236,91042.0,0.8238,182016.0
1753617320546,11:55:20.546,ascendex,ADA/USDT:USDT,0.8222,72993.0,0.8218,73046.0,0.8236,91042.0,0.8238,182016.0
1753617320862,11:55:20.862,ascendex,ADA/USDT:USDT,0.8222,72993.0,0.8218,73046.0,0.8234,91064.0,0.8236,91042.0
1753617321500,11:55:21.500,ascendex,ADA/USDT:USDT,0.8222,72993.0,0.8218,73046.0,0.8234,91064.0,0.8236,91042.0
1753617321790,11:55:21.790,ascendex,ADA/USDT:USDT,0.8222,72993.0,0.8218,73046.0,0.8234,91064.0,0.8236,91042.0
1753617322806,11:55:22.806,ascendex,ADA/USDT:USDT,0.8222,72993.0,0.8218,73046.0,0.8234,91064.0,0.8236,91042.0
1753617324080,11:55:24.080,ascendex,ADA/USDT:USDT,0.8222,72993.0,0.8218,73046.0,0.8234,91064.0,0.8238,90997.0
1753617324298,11:55:24.298,ascendex,ADA/USDT:USDT,0.8222,72993.0,0.8218,73046.0,0.8234,91064.0,0.8238,90997.0
1753617324517,11:55:24.517,ascendex,ADA/USDT:USDT,0.8222,72993.0,0.8218,73046.0,0.8234,91064.0,0.8238,90997.0
1753617324959,11:55:24.959,ascendex,ADA/USDT:USDT,0.8222,72993.0,0.8218,73046.0,0.8234,91064.0,0.8238,90997.0
1753617325321,11:55:25.321,ascendex,ADA/USDT:USDT,0.8222,72993.0,0.8219,73019.0,0.8238,182016.0,0.8241,83585.0
1753617325990,11:55:25.990,ascendex,ADA/USDT:USDT,0.8227,121544.0,0.8222,72993.0,0.8238,182016.0,0.8241,83585.0
1753617326116,11:55:26.116,ascendex,ADA/USDT:USDT,0.8227,121544.0,0.8222,72993.0,0.8234,91053.0,0.8238,182016.0
1753617326495,11:55:26.495,ascendex,ADA/USDT:USDT,0.8222,72993.0,0.8218,73046.0,0.8234,91053.0,0.8238,182016.0
1753617326835,11:55:26.835,ascendex,ADA/USDT:USDT,0.8222,72993.0,0.8218,73046.0,0.8234,91053.0,0.8238,182016.0
1753617327517,11:55:27.517,ascendex,ADA/USDT:USDT,0.8222,72993.0,0.8218,73046.0,0.8234,91053.0,0.8238,182016.0
1753617327760,11:55:27.760,ascendex,ADA/USDT:USDT,0.8222,72993.0,0.8218,73046.0,0.8234,91053.0,0.8238,182016.0
1753617327941,11:55:27.941,ascendex,ADA/USDT:USDT,0.8222,72993.0,0.8218,73046.0,0.8234,91053.0,0.8238,182016.0
1753617328343,11:55:28.343,ascendex,ADA/USDT:USDT,0.8222,72993.0,0.8218,73046.0,0.8234,91053.0,0.8238,182016.0
1753617328834,11:55:28.834,ascendex,ADA/USDT:USDT,0.8222,72993.0,0.8218,73046.0,0.8234,91053.0,0.8238,182016.0
1753617329041,11:55:29.041,ascendex,ADA/USDT:USDT,0.8222,72993.0,0.8218,73046.0,0.8226,121558.0,0.8234,91053.0
1753617329545,11:55:29.545,ascendex,ADA/USDT:USDT,0.8222,72993.0,0.8218,73046.0,0.8234,91053.0,0.8238,182016.0
1753617331400,11:55:31.400,ascendex,ADA/USDT:USDT,0.8218,146074.0,0.8216,32466.0,0.8234,91053.0,0.8238,182016.0
1753617331561,11:55:31.561,ascendex,ADA/USDT:USDT,0.8218,146074.0,0.8216,32466.0,0.8232,91086.0,0.8234,182095.0
1753617331853,11:55:31.853,ascendex,ADA/USDT:USDT,0.8218,146074.0,0.821,66249.0,0.8232,91086.0,0.8234,182095.0
1753617332319,11:55:32.319,ascendex,ADA/USDT:USDT,0.8218,146074.0,0.821,66249.0,0.8232,91086.0,0.8234,182095.0
1753617332364,11:55:32.364,ascendex,ADA/USDT:USDT,0.8218,146074.0,0.821,66249.0,0.8232,91086.0,0.8234,91042.0
1753617332809,11:55:32.809,ascendex,ADA/USDT:USDT,0.8218,146074.0,0.8214,70587.0,0.8232,91086.0,0.8234,91042.0
1753617333771,11:55:33.771,ascendex,ADA/USDT:USDT,0.8218,146074.0,0.8214,70587.0,0.8232,91086.0,0.8234,91042.0
1753617334866,11:55:34.866,ascendex,ADA/USDT:USDT,0.8218,146074.0,0.8214,70587.0,0.8232,91086.0,0.8234,91042.0
1753617339527,11:55:39.527,ascendex,ADA/USDT:USDT,0.8226,121558.0,0.8218,146074.0,0.8232,91086.0,0.8234,91042.0
1753617340031,11:55:40.031,ascendex,ADA/USDT:USDT,0.8218,146074.0,0.8214,70587.0,0.8232,91086.0,0.8234,91042.0
1753617342578,11:55:42.578,ascendex,ADA/USDT:USDT,0.8218,146074.0,0.8214,70587.0,0.8226,121558.0,0.8232,91086.0
1753617343023,11:55:43.023,ascendex,ADA/USDT:USDT,0.8218,146074.0,0.8214,70587.0,0.8226,121558.0,0.8232,91086.0
1753617343082,11:55:43.082,ascendex,ADA/USDT:USDT,0.8218,146074.0,0.8214,70587.0,0.8232,91086.0,0.8234,91042.0
1753617344926,11:55:44.926,ascendex,ADA/USDT:USDT,0.8218,146074.0,0.8214,70587.0,0.8232,91086.0,0.8234,91042.0
1753617345229,11:55:45.229,ascendex,ADA/USDT:USDT,0.8218,146074.0,0.8214,70587.0,0.8232,91086.0,0.8234,91042.0
1753617345851,11:55:45.851,ascendex,ADA/USDT:USDT,0.8218,146074.0,0.8214,70587.0,0.8232,91086.0,0.8234,91042.0
1753617345931,11:55:45.931,ascendex,ADA/USDT:USDT,0.8218,146074.0,0.8214,70587.0,0.8232,91086.0,0.8234,91042.0
1753617347776,11:55:47.776,ascendex,ADA/USDT:USDT,0.8222,73002.0,0.8218,146074.0,0.8234,91042.0,0.8236,91042.0
1753617348068,11:55:48.068,ascendex,ADA/USDT:USDT,0.8222,73002.0,0.8218,146074.0,0.8234,91042.0,0.8236,91042.0
1753617348937,11:55:48.937,ascendex,ADA/USDT:USDT,0.8222,73002.0,0.8218,146074.0,0.8234,91042.0,0.8236,91042.0
1753617349193,11:55:49.193,ascendex,ADA/USDT:USDT,0.8222,73002.0,0.8218,146074.0,0.8234,91042.0,0.8236,91042.0
1753617349936,11:55:49.936,ascendex,ADA/USDT:USDT,0.8222,73002.0,0.8218,146074.0,0.8234,91042.0,0.8236,91042.0
1753617352073,11:55:52.073,ascendex,ADA/USDT:USDT,0.8222,73002.0,0.8218,146074.0,0.8234,91042.0,0.8236,91042.0
1753617352481,11:55:52.481,ascendex,ADA/USDT:USDT,0.8222,73002.0,0.8218,146074.0,0.8234,91042.0,0.8236,91042.0
1753617353061,11:55:53.061,ascendex,ADA/USDT:USDT,0.8222,73002.0,0.8218,146074.0,0.8227,121544.0,0.8234,91042.0
1753617353372,11:55:53.372,ascendex,ADA/USDT:USDT,0.8222,73002.0,0.8218,146074.0,0.8227,121544.0,0.8234,91042.0
1753617353566,11:55:53.566,ascendex,ADA/USDT:USDT,0.8222,73002.0,0.8218,146074.0,0.8234,91042.0,0.8236,91042.0
1753617354537,11:55:54.537,ascendex,ADA/USDT:USDT,0.8222,73002.0,0.8218,146074.0,0.8234,91042.0,0.8236,91042.0
1753617355964,11:55:55.964,ascendex,ADA/USDT:USDT,0.8222,73002.0,0.8218,146074.0,0.8234,91042.0,0.8236,91042.0
1753617356112,11:55:56.112,ascendex,ADA/USDT:USDT,0.8222,73002.0,0.8218,146074.0,0.8227,121544.0,0.8234,91042.0
1753617356617,11:55:56.617,ascendex,ADA/USDT:USDT,0.8222,73002.0,0.8218,146074.0,0.8234,91042.0,0.8236,91042.0
1753617357104,11:55:57.104,ascendex,ADA/USDT:USDT,0.8222,73002.0,0.8218,146074.0,0.8234,182106.0,0.8236,91042.0
1753617357476,11:55:57.476,ascendex,ADA/USDT:USDT,0.8222,73002.0,0.8218,73046.0,0.8234,182106.0,0.8236,91042.0
1753617357663,11:55:57.663,ascendex,ADA/USDT:USDT,0.8222,73002.0,0.8218,73046.0,0.8234,182106.0,0.8236,91042.0
1753617358430,11:55:58.430,ascendex,ADA/USDT:USDT,0.8218,146074.0,0.8214,70587.0,0.8234,182106.0,0.8236,91042.0
1753617358977,11:55:58.977,ascendex,ADA/USDT:USDT,0.8218,146074.0,0.8214,70587.0,0.8234,182106.0,0.8236,91042.0
1753617361850,11:56:01.850,ascendex,ADA/USDT:USDT,0.822,73010.0,0.8218,146074.0,0.8234,182106.0,0.8236,91042.0
1753617361994,11:56:01.994,ascendex,ADA/USDT:USDT,0.822,73010.0,0.8218,146074.0,0.8234,182106.0,0.824,90997.0
1753617362473,11:56:02.473,ascendex,ADA/USDT:USDT,0.822,73010.0,0.8218,146074.0,0.8234,182106.0,0.824,90997.0
1753617366611,11:56:06.611,ascendex,ADA/USDT:USDT,0.8227,121544.0,0.822,73010.0,0.8234,182106.0,0.824,90997.0
1753617367115,11:56:07.115,ascendex,ADA/USDT:USDT,0.822,73010.0,0.8218,146074.0,0.8234,182106.0,0.824,90997.0
1753617369659,11:56:09.659,ascendex,ADA/USDT:USDT,0.8227,121544.0,0.822,73010.0,0.8234,182106.0,0.824,90997.0
1753617370165,11:56:10.165,ascendex,ADA/USDT:USDT,0.822,73010.0,0.8218,146074.0,0.8234,182106.0,0.824,90997.0
1753617371033,11:56:11.033,ascendex,ADA/USDT:USDT,0.822,73010.0,0.8218,146074.0,0.8234,182106.0,0.824,90997.0
1753617374047,11:56:14.047,ascendex,ADA/USDT:USDT,0.822,73010.0,0.8218,146074.0,0.8234,182106.0,0.824,90997.0
1753617376919,11:56:16.919,ascendex,ADA/USDT:USDT,0.822,73010.0,0.8218,146074.0,0.8234,182106.0,0.824,90997.0
1753617377914,11:56:17.914,ascendex,ADA/USDT:USDT,0.822,73010.0,0.8218,146074.0,0.8234,182106.0,0.824,90997.0
1753617379327,11:56:19.327,ascendex,ADA/USDT:USDT,0.822,73010.0,0.8218,146074.0,0.8234,182106.0,0.824,90997.0
1753617380145,11:56:20.145,ascendex,ADA/USDT:USDT,0.822,73010.0,0.8218,146074.0,0.8227,121544.0,0.8234,182106.0
1753617380650,11:56:20.650,ascendex,ADA/USDT:USDT,0.822,73010.0,0.8218,146074.0,0.8234,182106.0,0.824,90997.0
1753617381713,11:56:21.713,ascendex,ADA/USDT:USDT,0.822,73010.0,0.8218,146074.0,0.8234,182106.0,0.824,90997.0
1753617383198,11:56:23.198,ascendex,ADA/USDT:USDT,0.822,73010.0,0.8218,146074.0,0.8227,121544.0,0.8234,182106.0
1753617383704,11:56:23.704,ascendex,ADA/USDT:USDT,0.822,73010.0,0.8218,146074.0,0.8234,182106.0,0.824,90997.0
1753617384717,11:56:24.717,ascendex,ADA/USDT:USDT,0.822,73010.0,0.8218,146074.0,0.8234,182106.0,0.824,90997.0
1753617387710,11:56:27.710,ascendex,ADA/USDT:USDT,0.822,73010.0,0.8218,73046.0,0.8234,182106.0,0.824,90997.0
1753617388066,11:56:28.066,ascendex,ADA/USDT:USDT,0.822,73010.0,0.8218,73046.0,0.8234,182106.0,0.8238,91019.0
1753617389160,11:56:29.160,ascendex,ADA/USDT:USDT,0.822,73010.0,0.8218,73046.0,0.8234,182106.0,0.8238,91019.0
1753617390946,11:56:30.946,ascendex,ADA/USDT:USDT,0.8218,73046.0,0.8216,73046.0,0.8232,91086.0,0.8234,182106.0
1753617391335,11:56:31.335,ascendex,ADA/USDT:USDT,0.8218,73046.0,0.8216,73046.0,0.8232,91086.0,0.8234,182106.0
1753617392168,11:56:32.168,ascendex,ADA/USDT:USDT,0.8218,73046.0,0.8216,73046.0,0.8232,91086.0,0.8234,182106.0
1753617393681,11:56:33.681,ascendex,ADA/USDT:USDT,0.8218,73046.0,0.8216,73046.0,0.8224,121603.0,0.8232,91086.0
1753617394186,11:56:34.186,ascendex,ADA/USDT:USDT,0.8218,73046.0,0.8216,73046.0,0.8232,91086.0,0.8234,182106.0
1753617395063,11:56:35.063,ascendex,ADA/USDT:USDT,0.8218,73046.0,0.8216,73046.0,0.823,91108.0,0.8232,91086.0
1753617395187,11:56:35.187,ascendex,ADA/USDT:USDT,0.8218,73046.0,0.8216,73046.0,0.823,91108.0,0.8232,91086.0
1753617396773,11:56:36.773,ascendex,ADA/USDT:USDT,0.8218,73046.0,0.8216,73046.0,0.8223,121618.0,0.823,91108.0
1753617397277,11:56:37.277,ascendex,ADA/USDT:USDT,0.8216,73046.0,0.8211,73091.0,0.823,91108.0,0.8232,91086.0
1753617397345,11:56:37.345,ascendex,ADA/USDT:USDT,0.8216,73046.0,0.8212,73099.0,0.823,91108.0,0.8232,91086.0
1753617397774,11:56:37.774,ascendex,ADA/USDT:USDT,0.8216,73046.0,0.8212,73099.0,0.823,91108.0,0.8232,91086.0
1753617398196,11:56:38.196,ascendex,ADA/USDT:USDT,0.8216,73046.0,0.8212,73099.0,0.823,91108.0,0.8232,91086.0
1753617400158,11:56:40.158,ascendex,ADA/USDT:USDT,0.8216,73046.0,0.8212,73099.0,0.823,182194.0,0.8232,91086.0
1753617400455,11:56:40.455,ascendex,ADA/USDT:USDT,0.8216,73046.0,0.8212,73099.0,0.8228,91130.0,0.823,182194.0
1753617400788,11:56:40.788,ascendex,ADA/USDT:USDT,0.8216,73046.0,0.8212,73099.0,0.8228,91130.0,0.823,91086.0
1753617401074,11:56:41.074,ascendex,ADA/USDT:USDT,0.8216,73046.0,0.8212,73099.0,0.8228,91130.0,0.823,91086.0
1753617401213,11:56:41.213,ascendex,ADA/USDT:USDT,0.8216,73046.0,0.8212,73099.0,0.8228,91130.0,0.823,91086.0
1753617402004,11:56:42.004,ascendex,ADA/USDT:USDT,0.8216,73046.0,0.8212,73099.0,0.8228,91130.0,0.823,91086.0
1753617402294,11:56:42.294,ascendex,ADA/USDT:USDT,0.8216,73046.0,0.8212,73099.0,0.8228,91130.0,0.823,91086.0
1753617407241,11:56:47.241,ascendex,ADA/USDT:USDT,0.8222,121632.0,0.8216,73046.0,0.8228,91130.0,0.823,91086.0
1753617407718,11:56:47.718,ascendex,ADA/USDT:USDT,0.8216,73046.0,0.8212,73099.0,0.8228,91130.0,0.823,91086.0
1753617410256,11:56:50.256,ascendex,ADA/USDT:USDT,0.8216,73046.0,0.8212,73099.0,0.8228,91130.0,0.823,91086.0
1753617410308,11:56:50.308,ascendex,ADA/USDT:USDT,0.8216,73046.0,0.8212,73099.0,0.8223,121618.0,0.8228,91130.0
1753617410813,11:56:50.813,ascendex,ADA/USDT:USDT,0.8216,73046.0,0.8212,73099.0,0.8228,91130.0,0.823,91086.0
1753617414300,11:56:54.300,ascendex,ADA/USDT:USDT,0.8216,73046.0,0.8212,73099.0,0.8228,91130.0,0.823,91086.0
1753617415510,11:56:55.510,ascendex,ADA/USDT:USDT,0.8216,73046.0,0.8212,73099.0,0.8228,91130.0,0.823,91086.0
1753617416286,11:56:56.286,ascendex,ADA/USDT:USDT,0.8216,73046.0,0.8212,73099.0,0.8228,91130.0,0.823,91086.0
1753617420748,11:57:00.748,ascendex,ADA/USDT:USDT,0.822,121647.0,0.8216,73046.0,0.8228,91130.0,0.823,91086.0
1753617421264,11:57:01.264,ascendex,ADA/USDT:USDT,0.8216,73046.0,0.8212,73099.0,0.8228,91130.0,0.823,91086.0
1753617422319,11:57:02.319,ascendex,ADA/USDT:USDT,0.8216,73046.0,0.8212,73099.0,0.8228,91130.0,0.823,91086.0
1753617422722,11:57:02.722,ascendex,ADA/USDT:USDT,0.8216,73046.0,0.8212,73099.0,0.8228,91130.0,0.823,91086.0
1753617423842,11:57:03.842,ascendex,ADA/USDT:USDT,0.8223,121618.0,0.8216,73046.0,0.8228,91130.0,0.823,91086.0
1753617424347,11:57:04.347,ascendex,ADA/USDT:USDT,0.8216,73046.0,0.8212,73099.0,0.8228,91130.0,0.823,91086.0
1753617425128,11:57:05.128,ascendex,ADA/USDT:USDT,0.8216,73046.0,0.8212,73099.0,0.8228,91130.0,0.823,91086.0
1753617425333,11:57:05.333,ascendex,ADA/USDT:USDT,0.8216,73046.0,0.8212,73099.0,0.8228,91130.0,0.823,91086.0
1753617426009,11:57:06.009,ascendex,ADA/USDT:USDT,0.8216,73046.0,0.8213,73073.0,0.823,91086.0,0.8233,89659.0
1753617426346,11:57:06.346,ascendex,ADA/USDT:USDT,0.8216,73046.0,0.8213,73073.0,0.823,91086.0,0.8233,89659.0
1753617428347,11:57:08.347,ascendex,ADA/USDT:USDT,0.8216,73046.0,0.8213,73073.0,0.823,91086.0,0.8233,89659.0
1753617431359,11:57:11.359,ascendex,ADA/USDT:USDT,0.8216,73046.0,0.8213,73073.0,0.823,91086.0,0.8233,89659.0
1753617433379,11:57:13.379,ascendex,ADA/USDT:USDT,0.8216,73046.0,0.8213,73073.0,0.823,91086.0,0.8236,91042.0
1753617433449,11:57:13.449,ascendex,ADA/USDT:USDT,0.8216,73046.0,0.8213,73073.0,0.823,182183.0,0.8236,91042.0
1753617433886,11:57:13.886,ascendex,ADA/USDT:USDT,0.8216,73046.0,0.8213,73073.0,0.823,182183.0,0.8236,91042.0
1753617434295,11:57:14.295,ascendex,ADA/USDT:USDT,0.8216,73046.0,0.8213,73073.0,0.8224,121603.0,0.823,182183.0
1753617434377,11:57:14.377,ascendex,ADA/USDT:USDT,0.8216,73046.0,0.8213,73073.0,0.8224,121603.0,0.823,182183.0
1753617434800,11:57:14.800,ascendex,ADA/USDT:USDT,0.8216,73046.0,0.8213,73073.0,0.823,182183.0,0.8236,91042.0
1753617435891,11:57:15.891,ascendex,ADA/USDT:USDT,0.8216,73046.0,0.8212,73099.0,0.823,182183.0,0.8236,91042.0
1753617436034,11:57:16.034,ascendex,ADA/USDT:USDT,0.8216,73046.0,0.8212,73099.0,0.823,182183.0,0.8236,91042.0
1753617436466,11:57:16.466,ascendex,ADA/USDT:USDT,0.8216,73046.0,0.8212,73099.0,0.8228,91130.0,0.823,182183.0
1753617436897,11:57:16.897,ascendex,ADA/USDT:USDT,0.8216,73046.0,0.8212,73099.0,0.8228,91130.0,0.823,182183.0
1753617437379,11:57:17.379,ascendex,ADA/USDT:USDT,0.822,121647.0,0.8216,73046.0,0.8228,91130.0,0.823,182183.0
1753617438080,11:57:18.080,ascendex,ADA/USDT:USDT,0.8216,73046.0,0.8212,146181.0,0.8228,91130.0,0.823,91086.0
1753617438411,11:57:18.411,ascendex,ADA/USDT:USDT,0.8216,73046.0,0.8212,146181.0,0.8228,91130.0,0.823,91086.0
1753617439190,11:57:19.190,ascendex,ADA/USDT:USDT,0.8216,73046.0,0.8212,146181.0,0.823,91086.0,0.8232,91086.0
1753617440635,11:57:20.635,ascendex,ADA/USDT:USDT,0.8216,73046.0,0.8212,146181.0,0.823,91086.0,0.8232,91086.0
1753617442203,11:57:22.203,ascendex,ADA/USDT:USDT,0.822,73019.0,0.8216,73046.0,0.8232,91086.0,0.8236,91042.0
1753617442517,11:57:22.517,ascendex,ADA/USDT:USDT,0.822,73019.0,0.8218,73055.0,0.8232,91086.0,0.8236,182061.0
1753617443094,11:57:23.094,ascendex,ADA/USDT:USDT,0.822,73019.0,0.8218,73055.0,0.8232,91086.0,0.8236,182061.0
1753617443492,11:57:23.492,ascendex,ADA/USDT:USDT,0.822,73019.0,0.8218,73055.0,0.8232,91086.0,0.8236,91019.0
1753617443534,11:57:23.534,ascendex,ADA/USDT:USDT,0.822,73019.0,0.8218,73055.0,0.8232,91086.0,0.8236,91019.0
1753617444000,11:57:24.000,ascendex,ADA/USDT:USDT,0.822,73019.0,0.8218,73055.0,0.8232,91086.0,0.8236,91019.0
1753617444244,11:57:24.244,ascendex,ADA/USDT:USDT,0.822,73019.0,0.8218,73055.0,0.8232,91086.0,0.8236,91019.0
1753617445021,11:57:25.021,ascendex,ADA/USDT:USDT,0.822,73019.0,0.8218,73055.0,0.8232,91086.0,0.8236,91019.0
1753617445227,11:57:25.227,ascendex,ADA/USDT:USDT,0.822,73019.0,0.8218,73055.0,0.8232,91086.0,0.8236,91019.0
1753617445698,11:57:25.698,ascendex,ADA/USDT:USDT,0.822,73019.0,0.8218,73055.0,0.8232,91086.0,0.8236,91019.0
1753617446224,11:57:26.224,ascendex,ADA/USDT:USDT,0.822,73019.0,0.8218,73055.0,0.8232,91086.0,0.8236,91019.0
1753617446509,11:57:26.509,ascendex,ADA/USDT:USDT,0.822,73019.0,0.8218,73055.0,0.8232,91086.0,0.8236,91019.0
1753617447232,11:57:27.232,ascendex,ADA/USDT:USDT,0.8218,73055.0,0.8216,73046.0,0.8232,91086.0,0.8236,91019.0
1753617447523,11:57:27.523,ascendex,ADA/USDT:USDT,0.8218,73055.0,0.8216,73046.0,0.8232,91086.0,0.8235,54975.0
1753617447829,11:57:27.829,ascendex,ADA/USDT:USDT,0.8218,73055.0,0.8216,73046.0,0.8224,121603.0,0.8232,91086.0
1753617448336,11:57:28.336,ascendex,ADA/USDT:USDT,0.8218,73055.0,0.8216,73046.0,0.8232,91086.0,0.8235,54975.0
1753617449454,11:57:29.454,ascendex,ADA/USDT:USDT,0.8218,73055.0,0.8216,73046.0,0.8232,91086.0,0.8235,54975.0
1753617450256,11:57:30.256,ascendex,ADA/USDT:USDT,0.8218,73055.0,0.8216,73046.0,0.8232,91086.0,0.8235,54975.0
1753617450917,11:57:30.917,ascendex,ADA/USDT:USDT,0.8224,121603.0,0.8218,73055.0,0.8232,91086.0,0.8235,54975.0
1753617451423,11:57:31.423,ascendex,ADA/USDT:USDT,0.8218,73055.0,0.8216,73046.0,0.8232,91086.0,0.8235,54975.0
1753617452942,11:57:32.942,ascendex,ADA/USDT:USDT,0.8218,73055.0,0.8216,73046.0,0.823,91108.0,0.8232,182150.0
1753617453055,11:57:33.055,ascendex,ADA/USDT:USDT,0.8218,73055.0,0.8216,73046.0,0.823,91108.0,0.8232,91064.0
1753617455481,11:57:35.481,ascendex,ADA/USDT:USDT,0.8218,73055.0,0.8216,73046.0,0.823,91108.0,0.8232,91064.0
1753617457066,11:57:37.066,ascendex,ADA/USDT:USDT,0.8218,73055.0,0.8216,73046.0,0.823,91108.0,0.8232,91064.0
1753617457756,11:57:37.756,ascendex,ADA/USDT:USDT,0.8216,73046.0,0.8212,146181.0,0.823,91108.0,0.8232,91064.0
1753617458158,11:57:38.158,ascendex,ADA/USDT:USDT,0.8216,73046.0,0.8212,146181.0,0.823,91108.0,0.8232,91064.0
1753617458565,11:57:38.565,ascendex,ADA/USDT:USDT,0.8216,73046.0,0.8212,73099.0,0.8228,91130.0,0.823,91108.0
1753617458870,11:57:38.870,ascendex,ADA/USDT:USDT,0.8216,73046.0,0.8212,73099.0,0.8228,91130.0,0.823,91108.0
1753617459160,11:57:39.160,ascendex,ADA/USDT:USDT,0.8216,73046.0,0.8212,73099.0,0.8228,91130.0,0.823,91108.0
1753617460559,11:57:40.559,ascendex,ADA/USDT:USDT,0.8216,73046.0,0.8212,73099.0,0.8228,91130.0,0.8232,91064.0
1753617460781,11:57:40.781,ascendex,ADA/USDT:USDT,0.8216,73046.0,0.8212,73099.0,0.8228,91130.0,0.8232,91064.0
1753617461507,11:57:41.507,ascendex,ADA/USDT:USDT,0.8216,73046.0,0.8212,73099.0,0.8222,121632.0,0.8228,91130.0
1753617462051,11:57:42.051,ascendex,ADA/USDT:USDT,0.8216,73046.0,0.8212,73099.0,0.8228,91130.0,0.8232,91064.0
1753617462184,11:57:42.184,ascendex,ADA/USDT:USDT,0.8216,73046.0,0.8212,73099.0,0.8228,91130.0,0.8232,91064.0
1753617462591,11:57:42.591,ascendex,ADA/USDT:USDT,0.8216,73046.0,0.8212,73099.0,0.8228,91130.0,0.8232,91064.0
1753617463086,11:57:43.086,ascendex,ADA/USDT:USDT,0.8216,73046.0,0.8212,73099.0,0.8228,91130.0,0.8232,91064.0
1753617464092,11:57:44.092,ascendex,ADA/USDT:USDT,0.8216,73046.0,0.8212,73099.0,0.8228,91130.0,0.8232,91064.0
1753617464527,11:57:44.527,ascendex,ADA/USDT:USDT,0.8224,121603.0,0.8216,73046.0,0.8228,91130.0,0.8232,91064.0
1753617464959,11:57:44.959,ascendex,ADA/USDT:USDT,0.8216,73046.0,0.8212,73099.0,0.8228,91130.0,0.8232,91064.0
1753617467563,11:57:47.563,ascendex,ADA/USDT:USDT,0.8216,73046.0,0.8212,73099.0,0.8228,91130.0,0.8232,91064.0
1753617468620,11:57:48.620,ascendex,ADA/USDT:USDT,0.8216,73046.0,0.8212,73099.0,0.8228,91130.0,0.8232,91064.0
1753617470553,11:57:50.553,ascendex,ADA/USDT:USDT,0.8216,73046.0,0.8212,73099.0,0.8228,91130.0,0.8232,91064.0
1753617472128,11:57:52.128,ascendex,ADA/USDT:USDT,0.8216,73046.0,0.8212,73099.0,0.8228,91130.0,0.8232,91064.0
1753617473569,11:57:53.569,ascendex,ADA/USDT:USDT,0.8216,73046.0,0.8212,73099.0,0.8228,91130.0,0.8232,91064.0
1753617475655,11:57:55.655,ascendex,ADA/USDT:USDT,0.8216,73046.0,0.8212,73099.0,0.8228,91130.0,0.8232,91064.0
1753617476588,11:57:56.588,ascendex,ADA/USDT:USDT,0.8216,73046.0,0.8212,73099.0,0.8228,91130.0,0.8232,91064.0
1753617477093,11:57:57.093,ascendex,ADA/USDT:USDT,0.8216,73046.0,0.8212,73099.0,0.8228,91130.0,0.8232,91064.0
1753617478140,11:57:58.140,ascendex,ADA/USDT:USDT,0.8216,73046.0,0.8212,73099.0,0.8224,121603.0,0.8228,91130.0
1753617478494,11:57:58.494,ascendex,ADA/USDT:USDT,0.8216,73046.0,0.8212,73099.0,0.8228,91130.0,0.8232,91064.0
1753617479595,11:57:59.595,ascendex,ADA/USDT:USDT,0.8216,73046.0,0.8212,73099.0,0.8228,91130.0,0.8232,91064.0
1753617488435,11:58:08.435,ascendex,ADA/USDT:USDT,0.8216,73046.0,0.8212,73099.0,0.8224,121603.0,0.8228,91130.0
1753617488940,11:58:08.940,ascendex,ADA/USDT:USDT,0.8216,73046.0,0.8212,73099.0,0.8228,91130.0,0.8232,91064.0
1753617489713,11:58:09.713,ascendex,ADA/USDT:USDT,0.8216,73046.0,0.8212,73099.0,0.8232,91064.0,0.8233,46570.0
1753617489725,11:58:09.725,ascendex,ADA/USDT:USDT,0.8216,73046.0,0.8213,32237.0,0.8232,91064.0,0.8233,46570.0
1753617491218,11:58:11.218,ascendex,ADA/USDT:USDT,0.8216,73046.0,0.8213,32237.0,0.8232,91064.0,0.8233,46570.0
1753617491527,11:58:11.527,ascendex,ADA/USDT:USDT,0.8225,121588.0,0.8216,73046.0,0.8232,91064.0,0.8233,46570.0
1753617491651,11:58:11.651,ascendex,ADA/USDT:USDT,0.8225,121588.0,0.8216,73046.0,0.8232,91064.0,0.8233,46570.0
1753617492033,11:58:12.033,ascendex,ADA/USDT:USDT,0.8216,73046.0,0.8213,32237.0,0.8232,91064.0,0.8233,46570.0
1753617494343,11:58:14.343,ascendex,ADA/USDT:USDT,0.8216,73046.0,0.8213,32237.0,0.823,91097.0,0.8232,91064.0
1753617494667,11:58:14.667,ascendex,ADA/USDT:USDT,0.8216,73046.0,0.8212,73099.0,0.823,91097.0,0.8232,91064.0
1753617494951,11:58:14.951,ascendex,ADA/USDT:USDT,0.8216,73046.0,0.8212,73099.0,0.823,91097.0,0.8232,91064.0
1753617495181,11:58:15.181,ascendex,ADA/USDT:USDT,0.8216,73046.0,0.8212,73099.0,0.823,91097.0,0.8232,91064.0
1753617496257,11:58:16.257,ascendex,ADA/USDT:USDT,0.8216,73046.0,0.8212,73099.0,0.823,91097.0,0.8232,91064.0
1753617497259,11:58:17.259,ascendex,ADA/USDT:USDT,0.8216,73046.0,0.8212,73099.0,0.823,91097.0,0.8232,91064.0
1753617497682,11:58:17.682,ascendex,ADA/USDT:USDT,0.8216,73046.0,0.8212,73099.0,0.823,91097.0,0.8232,91064.0
1753617501969,11:58:21.969,ascendex,ADA/USDT:USDT,0.8222,121632.0,0.8216,73046.0,0.823,91097.0,0.8232,91064.0
1753617502473,11:58:22.473,ascendex,ADA/USDT:USDT,0.8216,73046.0,0.8212,73099.0,0.823,91097.0,0.8232,91064.0
1753617503486,11:58:23.486,ascendex,ADA/USDT:USDT,0.8216,73046.0,0.8212,73099.0,0.8228,91130.0,0.823,91097.0
1753617503776,11:58:23.776,ascendex,ADA/USDT:USDT,0.8216,73046.0,0.8212,73099.0,0.8228,91130.0,0.823,91097.0
1753617505063,11:58:25.063,ascendex,ADA/USDT:USDT,0.822,121647.0,0.8216,73046.0,0.8228,91130.0,0.823,91097.0
1753617505568,11:58:25.568,ascendex,ADA/USDT:USDT,0.8216,73046.0,0.8212,73099.0,0.8228,91130.0,0.823,91097.0
1753617505898,11:58:25.898,ascendex,ADA/USDT:USDT,0.8216,73046.0,0.8212,73099.0,0.8228,91130.0,0.823,91097.0
1753617506335,11:58:26.335,ascendex,ADA/USDT:USDT,0.8216,73046.0,0.8212,73099.0,0.8228,91130.0,0.8232,91064.0
1753617506724,11:58:26.724,ascendex,ADA/USDT:USDT,0.8216,73046.0,0.8212,73099.0,0.8228,91130.0,0.8232,91064.0
1753617511873,11:58:31.873,ascendex,ADA/USDT:USDT,0.8216,73046.0,0.8212,73099.0,0.8232,91064.0,0.8233,91075.0
1753617511957,11:58:31.957,ascendex,ADA/USDT:USDT,0.8216,73046.0,0.8213,73073.0,0.8232,91064.0,0.8233,91075.0
1753617512667,11:58:32.667,ascendex,ADA/USDT:USDT,0.8218,73028.0,0.8216,146110.0,0.8232,91064.0,0.8233,91075.0
1753617513137,11:58:33.137,ascendex,ADA/USDT:USDT,0.8218,73028.0,0.8216,146110.0,0.8232,91064.0,0.8233,91075.0
1753617513353,11:58:33.353,ascendex,ADA/USDT:USDT,0.8218,73028.0,0.8216,73064.0,0.8232,91064.0,0.8233,91075.0
1753617514078,11:58:34.078,ascendex,ADA/USDT:USDT,0.8218,73028.0,0.8216,73064.0,0.8232,91064.0,0.8233,91075.0
1753617515502,11:58:35.502,ascendex,ADA/USDT:USDT,0.8218,73028.0,0.8216,73064.0,0.8225,121588.0,0.8232,91064.0
1753617516009,11:58:36.009,ascendex,ADA/USDT:USDT,0.8218,73028.0,0.8216,73064.0,0.8232,91064.0,0.8233,91075.0
1753617516486,11:58:36.486,ascendex,ADA/USDT:USDT,0.8218,73028.0,0.8216,73064.0,0.8232,91064.0,0.8233,91075.0
1753617518784,11:58:38.784,ascendex,ADA/USDT:USDT,0.8225,121588.0,0.8218,73028.0,0.8232,91064.0,0.8233,91075.0
1753617519108,11:58:39.108,ascendex,ADA/USDT:USDT,0.8218,73028.0,0.8216,73064.0,0.8232,91064.0,0.8233,91075.0
1753617520369,11:58:40.369,ascendex,ADA/USDT:USDT,0.8218,73028.0,0.8216,73064.0,0.8232,91064.0,0.8233,91075.0
1753617520520,11:58:40.520,ascendex,ADA/USDT:USDT,0.8218,73028.0,0.8216,73064.0,0.8232,91064.0,0.8233,91075.0
1753617529041,11:58:49.041,ascendex,ADA/USDT:USDT,0.8218,73028.0,0.8216,73064.0,0.8226,121558.0,0.8232,91064.0
1753617529545,11:58:49.545,ascendex,ADA/USDT:USDT,0.8218,73028.0,0.8216,73064.0,0.8232,91064.0,0.8233,91075.0
1753617530837,11:58:50.837,ascendex,ADA/USDT:USDT,0.8218,73028.0,0.8216,73064.0,0.8232,91064.0,0.8233,91075.0
1753617532139,11:58:52.139,ascendex,ADA/USDT:USDT,0.8218,73028.0,0.8216,73064.0,0.8226,121558.0,0.8232,91064.0
1753617532644,11:58:52.644,ascendex,ADA/USDT:USDT,0.8218,73028.0,0.8216,73064.0,0.8232,91064.0,0.8233,91075.0
1753617535200,11:58:55.200,ascendex,ADA/USDT:USDT,0.822,73010.0,0.8218,73028.0,0.8232,91064.0,0.8233,91075.0
1753617535571,11:58:55.571,ascendex,ADA/USDT:USDT,0.822,73010.0,0.8218,73028.0,0.8233,91075.0,0.8239,63349.0
1753617535786,11:58:55.786,ascendex,ADA/USDT:USDT,0.822,73010.0,0.8218,73028.0,0.8233,91075.0,0.8239,63349.0
1753617537009,11:58:57.009,ascendex,ADA/USDT:USDT,0.822,73010.0,0.8218,73028.0,0.8233,91075.0,0.8239,63349.0
1753617540003,11:59:00.003,ascendex,ADA/USDT:USDT,0.822,73010.0,0.8218,73028.0,0.8233,91075.0,0.8239,63349.0
1753617540693,11:59:00.693,ascendex,ADA/USDT:USDT,0.8222,72993.0,0.822,146038.0,0.8236,91030.0,0.8239,63349.0
1753617541015,11:59:01.015,ascendex,ADA/USDT:USDT,0.8222,72993.0,0.822,146038.0,0.8236,91030.0,0.8239,63349.0
1753617541760,11:59:01.760,ascendex,ADA/USDT:USDT,0.8222,72993.0,0.822,146038.0,0.8236,91030.0,0.8239,63349.0
1753617542579,11:59:02.579,ascendex,ADA/USDT:USDT,0.8229,121514.0,0.8222,72993.0,0.8236,91030.0,0.8239,63349.0
1753617543082,11:59:03.082,ascendex,ADA/USDT:USDT,0.8222,72993.0,0.822,146038.0,0.8236,91030.0,0.8239,63349.0
1753617545674,11:59:05.674,ascendex,ADA/USDT:USDT,0.8222,72993.0,0.822,146038.0,0.8229,121514.0,0.8236,91030.0
1753617546178,11:59:06.178,ascendex,ADA/USDT:USDT,0.8222,72993.0,0.822,146038.0,0.8236,91030.0,0.8239,63349.0
1753617547768,11:59:07.768,ascendex,ADA/USDT:USDT,0.8222,72993.0,0.822,146038.0,0.8236,91030.0,0.8239,63349.0
1753617549012,11:59:09.012,ascendex,ADA/USDT:USDT,0.8222,72993.0,0.822,146038.0,0.8236,91030.0,0.8239,63349.0
1753617549534,11:59:09.534,ascendex,ADA/USDT:USDT,0.8222,72993.0,0.822,146038.0,0.8236,91030.0,0.8241,90953.0
1753617549795,11:59:09.795,ascendex,ADA/USDT:USDT,0.8222,72993.0,0.822,146038.0,0.8236,91030.0,0.8241,90953.0
1753617550148,11:59:10.148,ascendex,ADA/USDT:USDT,0.8224,72975.0,0.8222,72993.0,0.8236,91030.0,0.8241,90953.0
1753617550539,11:59:10.539,ascendex,ADA/USDT:USDT,0.8224,72975.0,0.8222,72993.0,0.8236,91030.0,0.8241,90953.0
1753617552723,11:59:12.723,ascendex,ADA/USDT:USDT,0.8224,72975.0,0.8222,72993.0,0.8241,90953.0,0.8243,76523.0
1753617552950,11:59:12.950,ascendex,ADA/USDT:USDT,0.8224,72975.0,0.8222,72993.0,0.824,90997.0,0.8241,90953.0
1753617553903,11:59:13.903,ascendex,ADA/USDT:USDT,0.8226,72957.0,0.8224,145968.0,0.824,90997.0,0.8241,90953.0
1753617554310,11:59:14.310,ascendex,ADA/USDT:USDT,0.8226,72957.0,0.8224,145968.0,0.824,90997.0,0.8241,90953.0
1753617554547,11:59:14.547,ascendex,ADA/USDT:USDT,0.8226,72957.0,0.8224,145968.0,0.824,90997.0,0.8241,90953.0
1753617555052,11:59:15.052,ascendex,ADA/USDT:USDT,0.8226,72957.0,0.8224,145968.0,0.824,90997.0,0.8241,90953.0
1753617555304,11:59:15.304,ascendex,ADA/USDT:USDT,0.8226,72957.0,0.8224,145968.0,0.824,90997.0,0.8241,90953.0
1753617555802,11:59:15.802,ascendex,ADA/USDT:USDT,0.8226,72957.0,0.8224,145968.0,0.824,90997.0,0.8241,90953.0
1753617556114,11:59:16.114,ascendex,ADA/USDT:USDT,0.8226,72957.0,0.8224,145968.0,0.8234,121455.0,0.824,90997.0
1753617556336,11:59:16.336,ascendex,ADA/USDT:USDT,0.8226,72957.0,0.8224,145968.0,0.8234,121455.0,0.824,90997.0
1753617556618,11:59:16.618,ascendex,ADA/USDT:USDT,0.8226,72957.0,0.8224,145968.0,0.824,90997.0,0.8241,90953.0
1753617557576,11:59:17.576,ascendex,ADA/USDT:USDT,0.8226,72957.0,0.8224,145968.0,0.824,90997.0,0.8241,90953.0
1753617558022,11:59:18.022,ascendex,ADA/USDT:USDT,0.8226,72957.0,0.8224,145968.0,0.824,90997.0,0.8241,90953.0
1753617558331,11:59:18.331,ascendex,ADA/USDT:USDT,0.8226,72957.0,0.8224,145968.0,0.824,90997.0,0.8241,90953.0
1753617558562,11:59:18.562,ascendex,ADA/USDT:USDT,0.8226,72957.0,0.8224,145968.0,0.824,90997.0,0.8241,90953.0
1753617558803,11:59:18.803,ascendex,ADA/USDT:USDT,0.8226,72957.0,0.8224,145968.0,0.824,90997.0,0.8241,90953.0
1753617559211,11:59:19.211,ascendex,ADA/USDT:USDT,0.8226,72957.0,0.8224,145968.0,0.8235,121440.0,0.824,90997.0
1753617559715,11:59:19.715,ascendex,ADA/USDT:USDT,0.8226,72957.0,0.8224,145968.0,0.824,90997.0,0.8241,90953.0
1753617563073,11:59:23.073,ascendex,ADA/USDT:USDT,0.8228,72939.0,0.8226,72957.0,0.824,90997.0,0.8241,90953.0
1753617564014,11:59:24.014,ascendex,ADA/USDT:USDT,0.8228,72939.0,0.8226,72957.0,0.824,90997.0,0.8241,90953.0
1753617564596,11:59:24.596,ascendex,ADA/USDT:USDT,0.8228,72939.0,0.8226,72957.0,0.824,90997.0,0.8241,90953.0
1753617566581,11:59:26.581,ascendex,ADA/USDT:USDT,0.8228,72939.0,0.8224,72993.0,0.824,90997.0,0.8241,90953.0
1753617567031,11:59:27.031,ascendex,ADA/USDT:USDT,0.8228,72939.0,0.8224,72993.0,0.824,90997.0,0.8241,90953.0
1753617569656,11:59:29.656,ascendex,ADA/USDT:USDT,0.8235,121440.0,0.8228,72939.0,0.824,90997.0,0.8241,90953.0
1753617570037,11:59:30.037,ascendex,ADA/USDT:USDT,0.8235,121440.0,0.8228,72939.0,0.824,90997.0,0.8241,90953.0
1753617570163,11:59:30.163,ascendex,ADA/USDT:USDT,0.8228,72939.0,0.8224,72993.0,0.824,90997.0,0.8241,90953.0
1753617572746,11:59:32.746,ascendex,ADA/USDT:USDT,0.8235,121440.0,0.8228,72939.0,0.824,90997.0,0.8241,90953.0
1753617573251,11:59:33.251,ascendex,ADA/USDT:USDT,0.8228,72939.0,0.8224,72993.0,0.824,90997.0,0.8241,90953.0
1753617574212,11:59:34.212,ascendex,ADA/USDT:USDT,0.8228,72939.0,0.8224,72993.0,0.824,90997.0,0.8241,90953.0
1753617583195,11:59:43.195,ascendex,ADA/USDT:USDT,0.8228,72939.0,0.8224,72993.0,0.8236,121426.0,0.824,90997.0
1753617583699,11:59:43.699,ascendex,ADA/USDT:USDT,0.8228,72939.0,0.8224,72993.0,0.824,90997.0,0.8241,90953.0
1753617584899,11:59:44.899,ascendex,ADA/USDT:USDT,0.823,72922.0,0.8228,72939.0,0.8244,90942.0,0.8247,90887.0
1753617585306,11:59:45.306,ascendex,ADA/USDT:USDT,0.823,72922.0,0.8228,72939.0,0.8244,90942.0,0.8247,90887.0
1753617586284,11:59:46.284,ascendex,ADA/USDT:USDT,0.8237,121396.0,0.823,72922.0,0.8244,90942.0,0.8247,90887.0
1753617586484,11:59:46.484,ascendex,ADA/USDT:USDT,0.8237,121396.0,0.823,72922.0,0.8244,90942.0,0.8247,90887.0
1753617586911,11:59:46.911,ascendex,ADA/USDT:USDT,0.823,72922.0,0.8229,72957.0,0.8244,90942.0,0.8247,90887.0
1753617587122,11:59:47.122,ascendex,ADA/USDT:USDT,0.823,72922.0,0.8229,72957.0,0.8244,90942.0,0.8247,90887.0
1753617587290,11:59:47.290,ascendex,ADA/USDT:USDT,0.823,72922.0,0.8229,72957.0,0.8244,90942.0,0.8247,90887.0
1753617588114,11:59:48.114,ascendex,ADA/USDT:USDT,0.823,72922.0,0.8229,72957.0,0.8244,90942.0,0.8247,90887.0
1753617589131,11:59:49.131,ascendex,ADA/USDT:USDT,0.823,72922.0,0.8229,72957.0,0.8244,90942.0,0.8247,90887.0
1753617589969,11:59:49.969,ascendex,ADA/USDT:USDT,0.823,72922.0,0.8229,72957.0,0.8244,90942.0,0.8247,90887.0
1753617590135,11:59:50.135,ascendex,ADA/USDT:USDT,0.823,72922.0,0.8229,72957.0,0.8244,90942.0,0.8247,90887.0
1753617590640,11:59:50.640,ascendex,ADA/USDT:USDT,0.823,72922.0,0.8229,72957.0,0.8244,90942.0,0.8247,90887.0
1753617590778,11:59:50.778,ascendex,ADA/USDT:USDT,0.823,72922.0,0.8229,72957.0,0.8242,90975.0,0.8244,90942.0
1753617591126,11:59:51.126,ascendex,ADA/USDT:USDT,0.823,72922.0,0.8229,72957.0,0.8242,90975.0,0.8244,90942.0
1753617592791,11:59:52.791,ascendex,ADA/USDT:USDT,0.8229,72957.0,0.8226,72957.0,0.8242,181917.0,0.8244,90942.0
1753617592922,11:59:52.922,ascendex,ADA/USDT:USDT,0.8229,72957.0,0.8226,72957.0,0.8242,181917.0,0.8244,90942.0
1753617593518,11:59:53.518,ascendex,ADA/USDT:USDT,0.8226,72957.0,0.8224,73002.0,0.824,90997.0,0.8242,181917.0
1753617593643,11:59:53.643,ascendex,ADA/USDT:USDT,0.8226,72957.0,0.8224,73002.0,0.824,90997.0,0.8242,181917.0
1753617594143,11:59:54.143,ascendex,ADA/USDT:USDT,0.8226,72957.0,0.8224,73002.0,0.824,90997.0,0.8242,181917.0
1753617594865,11:59:54.865,ascendex,ADA/USDT:USDT,0.8226,72957.0,0.8224,73002.0,0.824,90997.0,0.8242,181917.0
1753617596159,11:59:56.159,ascendex,ADA/USDT:USDT,0.8226,72957.0,0.8224,73002.0,0.824,90997.0,0.8242,181917.0
1753617596732,11:59:56.732,ascendex,ADA/USDT:USDT,0.8226,72957.0,0.8224,73002.0,0.8233,121470.0,0.824,90997.0
1753617597238,11:59:57.238,ascendex,ADA/USDT:USDT,0.8226,72957.0,0.8224,73002.0,0.824,90997.0,0.8242,181917.0
1753617599825,11:59:59.825,ascendex,ADA/USDT:USDT,0.8233,121470.0,0.8226,72957.0,0.824,90997.0,0.8242,181917.0
1753617600330,12:00:00.330,ascendex,ADA/USDT:USDT,0.8226,72957.0,0.8224,73002.0,0.824,90997.0,0.8242,181917.0
1753617600875,12:00:00.875,ascendex,ADA/USDT:USDT,0.8226,72957.0,0.8224,73002.0,0.824,90997.0,0.8242,181917.0
1753617602687,12:00:02.687,ascendex,ADA/USDT:USDT,0.8226,72957.0,0.8224,73002.0,0.824,90997.0,0.8242,181917.0
1753617602847,12:00:02.847,ascendex,ADA/USDT:USDT,0.8226,72957.0,0.8224,73002.0,0.824,90997.0,0.8242,181917.0
1753617603194,12:00:03.194,ascendex,ADA/USDT:USDT,0.8226,72957.0,0.8224,73002.0,0.824,90997.0,0.8242,181917.0
1753617603659,12:00:03.659,ascendex,ADA/USDT:USDT,0.8226,72957.0,0.8224,73002.0,0.824,90997.0,0.8242,181917.0
1753617603942,12:00:03.942,ascendex,ADA/USDT:USDT,0.8228,72939.0,0.8226,72957.0,0.824,90997.0,0.8242,90942.0
1753617604206,12:00:04.206,ascendex,ADA/USDT:USDT,0.8228,72939.0,0.8226,72957.0,0.824,90997.0,0.8242,90942.0
1753617604562,12:00:04.562,ascendex,ADA/USDT:USDT,0.8228,72939.0,0.8226,72957.0,0.8242,90942.0,0.8245,90942.0
1753617604864,12:00:04.864,ascendex,ADA/USDT:USDT,0.8228,72939.0,0.8226,72957.0,0.8242,181906.0,0.8245,90942.0
1753617605210,12:00:05.210,ascendex,ADA/USDT:USDT,0.8228,72939.0,0.8226,72957.0,0.8242,181906.0,0.8245,90942.0
1753617605505,12:00:05.505,ascendex,ADA/USDT:USDT,0.8228,72939.0,0.8226,72957.0,0.8242,181906.0,0.8245,90942.0
1753617605873,12:00:05.873,ascendex,ADA/USDT:USDT,0.8228,72939.0,0.8226,72957.0,0.8242,181906.0,0.8245,90942.0
1753617606207,12:00:06.207,ascendex,ADA/USDT:USDT,0.8228,72939.0,0.8224,73002.0,0.8242,181906.0,0.8245,90942.0
1753617606218,12:00:06.218,ascendex,ADA/USDT:USDT,0.8228,72939.0,0.8224,73002.0,0.8242,181906.0,0.8245,90942.0
1753617606723,12:00:06.723,ascendex,ADA/USDT:USDT,0.8228,72939.0,0.8224,73002.0,0.8242,181906.0,0.8245,90942.0
1753617607082,12:00:07.082,ascendex,ADA/USDT:USDT,0.8228,72939.0,0.8224,73002.0,0.8242,181906.0,0.8245,90942.0
1753617608230,12:00:08.230,ascendex,ADA/USDT:USDT,0.8228,72939.0,0.8224,73002.0,0.8242,181906.0,0.8245,90942.0
1753617609215,12:00:09.215,ascendex,ADA/USDT:USDT,0.8228,72939.0,0.8224,73002.0,0.8242,181906.0,0.8245,90942.0
1753617609902,12:00:09.902,ascendex,ADA/USDT:USDT,0.8228,72939.0,0.8224,73002.0,0.8242,181906.0,0.8245,90942.0
1753617610268,12:00:10.268,ascendex,ADA/USDT:USDT,0.8235,121440.0,0.8228,72939.0,0.8242,181906.0,0.8245,90942.0
1753617610775,12:00:10.775,ascendex,ADA/USDT:USDT,0.8228,72939.0,0.8224,73002.0,0.8242,181906.0,0.8245,90942.0
1753617611793,12:00:11.793,ascendex,ADA/USDT:USDT,0.8228,72939.0,0.8224,73002.0,0.8242,181906.0,0.8245,90942.0
1753617612245,12:00:12.245,ascendex,ADA/USDT:USDT,0.8228,72939.0,0.8224,73002.0,0.8242,181906.0,0.8245,90942.0
1753617612891,12:00:12.891,ascendex,ADA/USDT:USDT,0.8228,72939.0,0.8224,73002.0,0.8242,181906.0,0.8245,90942.0
1753617613362,12:00:13.362,ascendex,ADA/USDT:USDT,0.8234,121455.0,0.8228,72939.0,0.8242,181906.0,0.8245,90942.0
1753617613867,12:00:13.867,ascendex,ADA/USDT:USDT,0.8228,72939.0,0.8224,73002.0,0.8242,181906.0,0.8245,90942.0
1753617616602,12:00:16.602,ascendex,ADA/USDT:USDT,0.8228,72939.0,0.8224,73002.0,0.8242,181906.0,0.8245,90942.0
1753617616760,12:00:16.760,ascendex,ADA/USDT:USDT,0.8228,72939.0,0.8224,73002.0,0.824,90997.0,0.8242,181906.0
1753617617130,12:00:17.130,ascendex,ADA/USDT:USDT,0.8228,72939.0,0.8224,73002.0,0.824,90997.0,0.8242,181906.0
1753617617268,12:00:17.268,ascendex,ADA/USDT:USDT,0.8228,72939.0,0.8224,73002.0,0.824,90997.0,0.8242,181906.0
1753617618775,12:00:18.775,ascendex,ADA/USDT:USDT,0.8224,145977.0,0.8222,72993.0,0.824,90997.0,0.8242,181906.0
1753617618898,12:00:18.898,ascendex,ADA/USDT:USDT,0.8224,145977.0,0.8222,72993.0,0.824,90997.0,0.8242,181906.0
1753617620655,12:00:20.655,ascendex,ADA/USDT:USDT,0.8224,145977.0,0.8222,72993.0,0.8238,91019.0,0.824,90997.0
1753617621062,12:00:21.062,ascendex,ADA/USDT:USDT,0.8224,145977.0,0.8219,73019.0,0.8238,91019.0,0.824,90997.0
1753617621272,12:00:21.272,ascendex,ADA/USDT:USDT,0.8224,145977.0,0.8219,73019.0,0.8238,91019.0,0.824,90997.0
1753617621904,12:00:21.904,ascendex,ADA/USDT:USDT,0.8224,145977.0,0.8219,73019.0,0.8238,91019.0,0.824,90997.0
1753617623800,12:00:23.800,ascendex,ADA/USDT:USDT,0.8231,121499.0,0.8224,145977.0,0.8238,91019.0,0.824,90997.0
1753617624304,12:00:24.304,ascendex,ADA/USDT:USDT,0.8224,145977.0,0.8219,73019.0,0.8238,91019.0,0.824,90997.0
1753617626908,12:00:26.908,ascendex,ADA/USDT:USDT,0.8231,121499.0,0.8224,145977.0,0.8238,91019.0,0.824,90997.0
1753617627412,12:00:27.412,ascendex,ADA/USDT:USDT,0.8224,145977.0,0.8219,73019.0,0.8238,91019.0,0.824,90997.0
1753617628817,12:00:28.817,ascendex,ADA/USDT:USDT,0.8224,145977.0,0.8219,73019.0,0.8238,91019.0,0.8242,90942.0
1753617628999,12:00:28.999,ascendex,ADA/USDT:USDT,0.8224,145977.0,0.8221,22830.0,0.8238,91019.0,0.8242,90942.0
1753617629607,12:00:29.607,ascendex,ADA/USDT:USDT,0.8224,145977.0,0.8219,73019.0,0.8238,91019.0,0.8242,158875.0
1753617630717,12:00:30.717,ascendex,ADA/USDT:USDT,0.8224,145977.0,0.8219,73019.0,0.8238,91019.0,0.8242,158875.0
1753617630890,12:00:30.890,ascendex,ADA/USDT:USDT,0.8224,145977.0,0.8219,73019.0,0.8238,91019.0,0.8242,158875.0
1753617631502,12:00:31.502,ascendex,ADA/USDT:USDT,0.8224,145977.0,0.8219,73019.0,0.8238,91019.0,0.8242,158875.0
1753617632006,12:00:32.006,ascendex,ADA/USDT:USDT,0.8224,145977.0,0.8219,73019.0,0.8238,91019.0,0.8242,158875.0
1753617632632,12:00:32.632,ascendex,ADA/USDT:USDT,0.8224,145977.0,0.8219,73019.0,0.8238,91019.0,0.8242,158875.0
1753617632942,12:00:32.942,ascendex,ADA/USDT:USDT,0.8224,145977.0,0.8219,73019.0,0.8238,91019.0,0.8242,158875.0
1753617633337,12:00:33.337,ascendex,ADA/USDT:USDT,0.8224,145977.0,0.8219,73019.0,0.8238,91019.0,0.8242,158875.0
1753617633896,12:00:33.896,ascendex,ADA/USDT:USDT,0.8224,145977.0,0.8219,73019.0,0.8238,91019.0,0.8242,158875.0
1753617634331,12:00:34.331,ascendex,ADA/USDT:USDT,0.8224,145977.0,0.8219,73019.0,0.8238,91019.0,0.8242,158875.0
1753617636518,12:00:36.518,ascendex,ADA/USDT:USDT,0.8224,145977.0,0.8219,73019.0,0.8238,91019.0,0.8242,158875.0
1753617636902,12:00:36.902,ascendex,ADA/USDT:USDT,0.8224,145977.0,0.8219,73019.0,0.8238,91019.0,0.8242,158875.0
1753617637337,12:00:37.337,ascendex,ADA/USDT:USDT,0.8224,145977.0,0.8219,73019.0,0.8231,121499.0,0.8238,91019.0
1753617637842,12:00:37.842,ascendex,ADA/USDT:USDT,0.8224,145977.0,0.8219,73019.0,0.8238,91019.0,0.8242,158875.0
1753617639360,12:00:39.360,ascendex,ADA/USDT:USDT,0.8224,145977.0,0.8219,73019.0,0.8238,91019.0,0.8242,158875.0
1753617640441,12:00:40.441,ascendex,ADA/USDT:USDT,0.8224,145977.0,0.8219,73019.0,0.8231,121499.0,0.8238,91019.0
1753617640945,12:00:40.945,ascendex,ADA/USDT:USDT,0.8224,145977.0,0.8219,73019.0,0.8238,91019.0,0.8242,158875.0
1753617642908,12:00:42.908,ascendex,ADA/USDT:USDT,0.8224,145977.0,0.8219,73019.0,0.8238,91019.0,0.8242,158875.0
1753617644036,12:00:44.036,ascendex,ADA/USDT:USDT,0.8224,145977.0,0.8219,73019.0,0.8236,91042.0,0.8238,182016.0
1753617645516,12:00:45.516,ascendex,ADA/USDT:USDT,0.8224,145977.0,0.8219,73019.0,0.8236,91042.0,0.8238,182016.0
1753617646523,12:00:46.523,ascendex,ADA/USDT:USDT,0.8224,145977.0,0.8219,73019.0,0.8236,91042.0,0.8238,182016.0
1753617650014,12:00:50.014,ascendex,ADA/USDT:USDT,0.8219,73019.0,0.8218,73046.0,0.8236,91042.0,0.8238,182016.0
1753617650532,12:00:50.532,ascendex,ADA/USDT:USDT,0.8222,73002.0,0.8219,73019.0,0.8236,91042.0,0.8238,182016.0
1753617650913,12:00:50.913,ascendex,ADA/USDT:USDT,0.8228,121529.0,0.8222,73002.0,0.8236,91042.0,0.8238,182016.0
1753617651383,12:00:51.383,ascendex,ADA/USDT:USDT,0.8222,73002.0,0.8219,73019.0,0.8236,91042.0,0.8238,182016.0
1753617651926,12:00:51.926,ascendex,ADA/USDT:USDT,0.8222,73002.0,0.8218,73046.0,0.8236,91042.0,0.8238,182016.0
1753617652951,12:00:52.951,ascendex,ADA/USDT:USDT,0.8222,73002.0,0.8218,73046.0,0.8236,91042.0,0.8238,182016.0
1753617653973,12:00:53.973,ascendex,ADA/USDT:USDT,0.8227,121544.0,0.8222,73002.0,0.8236,91042.0,0.8238,182016.0
1753617654479,12:00:54.479,ascendex,ADA/USDT:USDT,0.8222,73002.0,0.8218,73046.0,0.8236,91042.0,0.8238,182016.0
1753617660832,12:01:00.832,ascendex,ADA/USDT:USDT,0.8222,73002.0,0.8218,146074.0,0.8236,91042.0,0.8238,182016.0
1753617661075,12:01:01.075,ascendex,ADA/USDT:USDT,0.8222,73002.0,0.8218,146074.0,0.8236,91042.0,0.8238,90997.0
1753617661437,12:01:01.437,ascendex,ADA/USDT:USDT,0.8222,73002.0,0.8218,146074.0,0.8236,91042.0,0.8238,90997.0
1753617661979,12:01:01.979,ascendex,ADA/USDT:USDT,0.8222,73002.0,0.8218,146074.0,0.8236,91042.0,0.8238,90997.0
1753617664415,12:01:04.415,ascendex,ADA/USDT:USDT,0.8229,121514.0,0.8222,73002.0,0.8236,91042.0,0.8238,90997.0
1753617664917,12:01:04.917,ascendex,ADA/USDT:USDT,0.8222,73002.0,0.8218,146074.0,0.8236,91042.0,0.8238,90997.0
1753617666867,12:01:06.867,ascendex,ADA/USDT:USDT,0.8222,73002.0,0.8218,146074.0,0.8236,91042.0,0.8238,90997.0
1753617667070,12:01:07.070,ascendex,ADA/USDT:USDT,0.8222,73002.0,0.8218,146074.0,0.8236,91042.0,0.8238,90997.0
1753617667466,12:01:07.466,ascendex,ADA/USDT:USDT,0.8222,73002.0,0.8218,146074.0,0.8236,91042.0,0.8238,90997.0
1753617667517,12:01:07.517,ascendex,ADA/USDT:USDT,0.8222,73002.0,0.8218,146074.0,0.8228,121529.0,0.8236,91042.0
1753617668074,12:01:08.074,ascendex,ADA/USDT:USDT,0.8222,73002.0,0.8218,146074.0,0.8236,91042.0,0.8238,90997.0
1753617669503,12:01:09.503,ascendex,ADA/USDT:USDT,0.8222,73002.0,0.8218,146074.0,0.8236,91042.0,0.8238,90997.0
1753617677608,12:01:17.608,ascendex,ADA/USDT:USDT,0.8222,73002.0,0.8218,146074.0,0.8234,91064.0,0.8236,91042.0
1753617677949,12:01:17.949,ascendex,ADA/USDT:USDT,0.8226,121558.0,0.8222,73002.0,0.8234,91064.0,0.8236,91042.0
1753617678276,12:01:18.276,ascendex,ADA/USDT:USDT,0.8226,121558.0,0.8218,146083.0,0.8232,91086.0,0.8234,182106.0
1753617678621,12:01:18.621,ascendex,ADA/USDT:USDT,0.8218,146083.0,0.8211,40052.0,0.823,91108.0,0.8232,91086.0
1753617678933,12:01:18.933,ascendex,ADA/USDT:USDT,0.8218,146083.0,0.8211,40052.0,0.823,91108.0,0.8232,91086.0
1753617679231,12:01:19.231,ascendex,ADA/USDT:USDT,0.8218,146083.0,0.8211,40052.0,0.823,91108.0,0.8232,91086.0
1753617679562,12:01:19.562,ascendex,ADA/USDT:USDT,0.8218,146083.0,0.8213,68308.0,0.823,91108.0,0.8234,91042.0
1753617679606,12:01:19.606,ascendex,ADA/USDT:USDT,0.8218,146083.0,0.8213,68308.0,0.823,91108.0,0.8234,91042.0
1753617680116,12:01:20.116,ascendex,ADA/USDT:USDT,0.8218,146083.0,0.8213,68308.0,0.823,91108.0,0.8234,91042.0
1753617680397,12:01:20.397,ascendex,ADA/USDT:USDT,0.8218,146083.0,0.8213,68308.0,0.8234,91042.0,0.8235,62061.0
1753617680634,12:01:20.634,ascendex,ADA/USDT:USDT,0.8218,146083.0,0.8215,29393.0,0.8234,91042.0,0.8235,62061.0
1753617681058,12:01:21.058,ascendex,ADA/USDT:USDT,0.8226,121558.0,0.8218,146083.0,0.8234,91042.0,0.8235,62061.0
1753617681341,12:01:21.341,ascendex,ADA/USDT:USDT,0.8226,121558.0,0.8218,146083.0,0.8234,91042.0,0.8235,62061.0
1753617681563,12:01:21.563,ascendex,ADA/USDT:USDT,0.8218,146083.0,0.8215,29393.0,0.8234,91042.0,0.8235,62061.0
1753617681937,12:01:21.937,ascendex,ADA/USDT:USDT,0.8218,146083.0,0.8215,29393.0,0.8234,91042.0,0.8235,62061.0
1753617683260,12:01:23.260,ascendex,ADA/USDT:USDT,0.8218,146083.0,0.8215,29393.0,0.8232,91075.0,0.8234,91042.0
1753617683582,12:01:23.582,ascendex,ADA/USDT:USDT,0.8218,146083.0,0.8213,68308.0,0.8232,91075.0,0.8234,91042.0
1753617684167,12:01:24.167,ascendex,ADA/USDT:USDT,0.8218,146083.0,0.8213,68308.0,0.8232,91075.0,0.8234,91042.0
1753617684573,12:01:24.573,ascendex,ADA/USDT:USDT,0.8218,146083.0,0.8213,68308.0,0.8232,91075.0,0.8234,91042.0
1753617685091,12:01:25.091,ascendex,ADA/USDT:USDT,0.8218,146083.0,0.8215,73055.0,0.8232,91075.0,0.8234,91042.0
1753617685596,12:01:25.596,ascendex,ADA/USDT:USDT,0.8218,146083.0,0.8215,73055.0,0.8232,91075.0,0.8234,91042.0
1753617685697,12:01:25.697,ascendex,ADA/USDT:USDT,0.8218,146083.0,0.8215,73055.0,0.8232,91075.0,0.8234,91042.0
1753617686102,12:01:26.102,ascendex,ADA/USDT:USDT,0.8218,146083.0,0.8215,73055.0,0.8232,91075.0,0.8234,91042.0
1753617687281,12:01:27.281,ascendex,ADA/USDT:USDT,0.822,73010.0,0.8218,146083.0,0.8232,91075.0,0.8234,91042.0
1753617687888,12:01:27.888,ascendex,ADA/USDT:USDT,0.822,73010.0,0.8218,146083.0,0.8232,91075.0,0.8234,91042.0
1753617688098,12:01:28.098,ascendex,ADA/USDT:USDT,0.822,73010.0,0.8218,73046.0,0.8232,91075.0,0.8234,91042.0
1753617689735,12:01:29.735,ascendex,ADA/USDT:USDT,0.822,73010.0,0.8218,73046.0,0.8232,91075.0,0.8234,91042.0
1753617691682,12:01:31.682,ascendex,ADA/USDT:USDT,0.8222,72993.0,0.822,73010.0,0.8229,121514.0,0.8238,68780.0
1753617692004,12:01:32.004,ascendex,ADA/USDT:USDT,0.8224,72975.0,0.8222,146003.0,0.8238,68780.0,0.824,90975.0
1753617692324,12:01:32.324,ascendex,ADA/USDT:USDT,0.8224,72975.0,0.8222,146003.0,0.8238,68780.0,0.824,90975.0
1753617692619,12:01:32.619,ascendex,ADA/USDT:USDT,0.8224,72975.0,0.8222,146003.0,0.824,90975.0,0.8241,69986.0
1753617692812,12:01:32.812,ascendex,ADA/USDT:USDT,0.8226,72957.0,0.8224,72975.0,0.824,90975.0,0.8241,69986.0
1753617693209,12:01:33.209,ascendex,ADA/USDT:USDT,0.8226,72957.0,0.8224,72975.0,0.824,90975.0,0.8241,69986.0
1753617693616,12:01:33.616,ascendex,ADA/USDT:USDT,0.8226,72957.0,0.8224,72975.0,0.824,90975.0,0.8241,69986.0
1753617693949,12:01:33.949,ascendex,ADA/USDT:USDT,0.8226,72957.0,0.8224,72975.0,0.824,90975.0,0.8241,69986.0
1753617694547,12:01:34.547,ascendex,ADA/USDT:USDT,0.8226,72957.0,0.8224,72975.0,0.824,90975.0,0.8241,69986.0
1753617694742,12:01:34.742,ascendex,ADA/USDT:USDT,0.8234,121455.0,0.8226,72957.0,0.824,90975.0,0.8241,69986.0
1753617695140,12:01:35.140,ascendex,ADA/USDT:USDT,0.8226,72957.0,0.8222,73010.0,0.8238,91008.0,0.824,90975.0
1753617695639,12:01:35.639,ascendex,ADA/USDT:USDT,0.8226,72957.0,0.8222,73010.0,0.8238,91008.0,0.824,90975.0
1753617696159,12:01:36.159,ascendex,ADA/USDT:USDT,0.8226,72957.0,0.8222,73010.0,0.8238,91008.0,0.824,90975.0
1753617696631,12:01:36.631,ascendex,ADA/USDT:USDT,0.8226,72957.0,0.8222,73010.0,0.8238,91008.0,0.824,90975.0
1753617696957,12:01:36.957,ascendex,ADA/USDT:USDT,0.8226,72957.0,0.8222,73010.0,0.8238,91008.0,0.824,90975.0
1753617697376,12:01:37.376,ascendex,ADA/USDT:USDT,0.8222,73010.0,0.8221,31285.0,0.8238,91008.0,0.824,90975.0
1753617697652,12:01:37.652,ascendex,ADA/USDT:USDT,0.8222,73010.0,0.8221,31285.0,0.8236,91042.0,0.8238,91008.0
1753617698167,12:01:38.167,ascendex,ADA/USDT:USDT,0.8224,72984.0,0.8222,73010.0,0.8236,91042.0,0.824,90975.0
1753617698994,12:01:38.994,ascendex,ADA/USDT:USDT,0.8224,72984.0,0.8222,73010.0,0.824,181972.0,0.8242,24640.0
1753617699179,12:01:39.179,ascendex,ADA/USDT:USDT,0.8226,72957.0,0.8224,72984.0,0.824,181972.0,0.8243,66327.0
1753617699452,12:01:39.452,ascendex,ADA/USDT:USDT,0.8226,72957.0,0.8224,72984.0,0.824,181972.0,0.8243,66327.0
1753617699948,12:01:39.948,ascendex,ADA/USDT:USDT,0.8226,72957.0,0.8224,72984.0,0.824,181972.0,0.8247,89629.0
1753617699963,12:01:39.963,ascendex,ADA/USDT:USDT,0.8226,72957.0,0.8224,72984.0,0.824,181972.0,0.8247,89629.0
1753617702177,12:01:42.177,ascendex,ADA/USDT:USDT,0.8226,72957.0,0.8222,73010.0,0.824,181972.0,0.8247,89629.0
1753617702262,12:01:42.262,ascendex,ADA/USDT:USDT,0.8228,72939.0,0.8226,72957.0,0.824,181972.0,0.8247,89629.0
1753617702659,12:01:42.659,ascendex,ADA/USDT:USDT,0.8228,72939.0,0.8226,72957.0,0.824,181972.0,0.8247,89629.0
1753617702958,12:01:42.958,ascendex,ADA/USDT:USDT,0.8228,72939.0,0.8226,72957.0,0.824,181972.0,0.8247,89629.0
1753617703754,12:01:43.754,ascendex,ADA/USDT:USDT,0.8228,72939.0,0.8227,72975.0,0.8244,90953.0,0.8246,90898.0
1753617704276,12:01:44.276,ascendex,ADA/USDT:USDT,0.8228,72939.0,0.8227,72975.0,0.8244,90953.0,0.8246,90898.0
1753617704776,12:01:44.776,ascendex,ADA/USDT:USDT,0.8228,72939.0,0.8227,72975.0,0.8244,90953.0,0.8246,90898.0
1753617705035,12:01:45.035,ascendex,ADA/USDT:USDT,0.8228,72939.0,0.8227,72975.0,0.8236,121411.0,0.8244,90953.0
1753617705542,12:01:45.542,ascendex,ADA/USDT:USDT,0.8228,72939.0,0.8227,72975.0,0.8244,90953.0,0.8246,90898.0
1753617705887,12:01:45.887,ascendex,ADA/USDT:USDT,0.8228,72939.0,0.8227,72975.0,0.8244,90953.0,0.8246,90898.0
1753617705970,12:01:45.970,ascendex,ADA/USDT:USDT,0.8228,72939.0,0.8227,72975.0,0.8244,90953.0,0.8246,90898.0
1753617707791,12:01:47.791,ascendex,ADA/USDT:USDT,0.8228,72939.0,0.8227,72975.0,0.8244,90953.0,0.8246,90898.0
1753617708139,12:01:48.139,ascendex,ADA/USDT:USDT,0.8235,121440.0,0.8228,72939.0,0.8242,90975.0,0.8244,90953.0
1753617708288,12:01:48.288,ascendex,ADA/USDT:USDT,0.8235,121440.0,0.8228,72939.0,0.8242,90975.0,0.8244,90953.0
1753617708687,12:01:48.687,ascendex,ADA/USDT:USDT,0.8228,72939.0,0.8227,72975.0,0.8242,90975.0,0.8244,90953.0
1753617710514,12:01:50.514,ascendex,ADA/USDT:USDT,0.8228,72939.0,0.8227,72975.0,0.824,90997.0,0.8242,181928.0
1753617710797,12:01:50.797,ascendex,ADA/USDT:USDT,0.8228,72939.0,0.8227,72975.0,0.824,90997.0,0.8242,90953.0
1753617711703,12:01:51.703,ascendex,ADA/USDT:USDT,0.8228,72939.0,0.8227,72975.0,0.824,90997.0,0.8242,90953.0
1753617718574,12:01:58.574,ascendex,ADA/USDT:USDT,0.8234,121455.0,0.8228,72939.0,0.824,90997.0,0.8242,90953.0
1753617719079,12:01:59.079,ascendex,ADA/USDT:USDT,0.8228,72939.0,0.8227,72975.0,0.824,90997.0,0.8242,90953.0
1753617720163,12:02:00.163,ascendex,ADA/USDT:USDT,0.8228,72939.0,0.8227,72975.0,0.824,90997.0,0.8242,90953.0
1753617720524,12:02:00.524,ascendex,ADA/USDT:USDT,0.8228,72939.0,0.8227,72975.0,0.8242,90953.0,0.8248,90909.0
1753617720824,12:02:00.824,ascendex,ADA/USDT:USDT,0.823,72922.0,0.8228,72939.0,0.8242,90953.0,0.8244,90953.0
1753617721684,12:02:01.684,ascendex,ADA/USDT:USDT,0.8237,121396.0,0.823,72922.0,0.8242,90953.0,0.8244,90953.0
1753617722382,12:02:02.382,ascendex,ADA/USDT:USDT,0.823,72922.0,0.8227,72975.0,0.8242,181928.0,0.8244,90953.0
1753617722569,12:02:02.569,ascendex,ADA/USDT:USDT,0.8227,72975.0,0.8226,72957.0,0.8242,181928.0,0.8244,90953.0
1753617725911,12:02:05.911,ascendex,ADA/USDT:USDT,0.8227,72975.0,0.8226,72957.0,0.8242,181928.0,0.8244,90953.0
1753617726772,12:02:06.772,ascendex,ADA/USDT:USDT,0.8227,72975.0,0.8226,72957.0,0.8242,181928.0,0.8244,90953.0
1753617731042,12:02:11.042,ascendex,ADA/USDT:USDT,0.8227,72975.0,0.8226,72957.0,0.824,90997.0,0.8242,181928.0
1753617731443,12:02:11.443,ascendex,ADA/USDT:USDT,0.8227,72975.0,0.8226,72957.0,0.824,90997.0,0.8242,181928.0
1753617731847,12:02:11.847,ascendex,ADA/USDT:USDT,0.8227,72975.0,0.8226,72957.0,0.824,90997.0,0.8242,90953.0
1753617732111,12:02:12.111,ascendex,ADA/USDT:USDT,0.8227,72975.0,0.8226,72957.0,0.8234,121455.0,0.824,90997.0
1753617732252,12:02:12.252,ascendex,ADA/USDT:USDT,0.8227,72975.0,0.8226,72957.0,0.8234,121455.0,0.824,90997.0
1753617732616,12:02:12.616,ascendex,ADA/USDT:USDT,0.8227,72975.0,0.8226,72957.0,0.824,90997.0,0.8242,90953.0
1753617734464,12:02:14.464,ascendex,ADA/USDT:USDT,0.8227,72975.0,0.8226,72957.0,0.824,90997.0,0.8242,90953.0
1753617734852,12:02:14.852,ascendex,ADA/USDT:USDT,0.8227,72975.0,0.8226,72957.0,0.824,90997.0,0.8242,90953.0
1753617735226,12:02:15.226,ascendex,ADA/USDT:USDT,0.8234,121455.0,0.8227,72975.0,0.824,90997.0,0.8242,90953.0
1753617735730,12:02:15.730,ascendex,ADA/USDT:USDT,0.8227,72975.0,0.8226,72957.0,0.824,90997.0,0.8242,90953.0
1753617737081,12:02:17.081,ascendex,ADA/USDT:USDT,0.8228,72939.0,0.8227,72975.0,0.824,90997.0,0.8242,90953.0
1753617737477,12:02:17.477,ascendex,ADA/USDT:USDT,0.8228,72939.0,0.8227,72975.0,0.824,90997.0,0.8242,90953.0
1753617737888,12:02:17.888,ascendex,ADA/USDT:USDT,0.8228,72939.0,0.8227,72975.0,0.824,90997.0,0.8242,90953.0
1753617738365,12:02:18.365,ascendex,ADA/USDT:USDT,0.8228,72939.0,0.8227,72975.0,0.824,90997.0,0.8242,90953.0
1753617739090,12:02:19.090,ascendex,ADA/USDT:USDT,0.8228,72939.0,0.8227,72975.0,0.8242,181917.0,0.8245,90942.0
1753617739377,12:02:19.377,ascendex,ADA/USDT:USDT,0.8228,72939.0,0.8227,72975.0,0.8242,181917.0,0.8248,30529.0
1753617739496,12:02:19.496,ascendex,ADA/USDT:USDT,0.823,72922.0,0.8228,72939.0,0.8242,181917.0,0.8248,30529.0
1753617739873,12:02:19.873,ascendex,ADA/USDT:USDT,0.823,72922.0,0.8228,72939.0,0.8242,181917.0,0.8248,30529.0
1753617740249,12:02:20.249,ascendex,ADA/USDT:USDT,0.823,72922.0,0.8228,72939.0,0.8242,181917.0,0.8248,30529.0
1753617741309,12:02:21.309,ascendex,ADA/USDT:USDT,0.823,72922.0,0.8228,72939.0,0.8242,181917.0,0.8248,30529.0
1753617741379,12:02:21.379,ascendex,ADA/USDT:USDT,0.823,72922.0,0.8227,72975.0,0.8242,181917.0,0.8248,30529.0
1753617742653,12:02:22.653,ascendex,ADA/USDT:USDT,0.823,72922.0,0.8227,72975.0,0.8242,181917.0,0.8248,30529.0
1753617743391,12:02:23.391,ascendex,ADA/USDT:USDT,0.823,72922.0,0.8227,72975.0,0.8242,181917.0,0.8248,30529.0
1753617744861,12:02:24.861,ascendex,ADA/USDT:USDT,0.823,72922.0,0.8227,72975.0,0.8242,181917.0,0.8248,30529.0
1753617745456,12:02:25.456,ascendex,ADA/USDT:USDT,0.823,72922.0,0.8227,72975.0,0.8248,121405.0,0.8252,78684.0
1753617745807,12:02:25.807,ascendex,ADA/USDT:USDT,0.823,72922.0,0.8227,72975.0,0.8238,121381.0,0.8246,90931.0
1753617745894,12:02:25.894,ascendex,ADA/USDT:USDT,0.823,72922.0,0.8227,72975.0,0.8238,121381.0,0.8246,90931.0
1753617746400,12:02:26.400,ascendex,ADA/USDT:USDT,0.823,72922.0,0.8227,72975.0,0.8246,90931.0,0.8248,90876.0
1753617746614,12:02:26.614,ascendex,ADA/USDT:USDT,0.823,72922.0,0.8227,72975.0,0.8246,90931.0,0.8248,90876.0
1753617746903,12:02:26.903,ascendex,ADA/USDT:USDT,0.823,72922.0,0.8227,72975.0,0.8246,90931.0,0.8248,90876.0
1753617747592,12:02:27.592,ascendex,ADA/USDT:USDT,0.823,72922.0,0.8227,72975.0,0.8246,90931.0,0.8248,90876.0
1753617747874,12:02:27.874,ascendex,ADA/USDT:USDT,0.823,72922.0,0.8227,72975.0,0.8246,90931.0,0.8248,90876.0
1753617748410,12:02:28.410,ascendex,ADA/USDT:USDT,0.823,72922.0,0.8227,72975.0,0.8246,90931.0,0.8248,90876.0
1753617748796,12:02:28.796,ascendex,ADA/USDT:USDT,0.8238,121381.0,0.823,72922.0,0.8246,90931.0,0.8248,90876.0
1753617749302,12:02:29.302,ascendex,ADA/USDT:USDT,0.823,72922.0,0.8227,72975.0,0.8244,90953.0,0.8246,90931.0
1753617749415,12:02:29.415,ascendex,ADA/USDT:USDT,0.823,72922.0,0.8227,72975.0,0.8244,90953.0,0.8248,90876.0
1753617750893,12:02:30.893,ascendex,ADA/USDT:USDT,0.823,72922.0,0.8227,72975.0,0.8244,90953.0,0.8248,90876.0
1753617752911,12:02:32.911,ascendex,ADA/USDT:USDT,0.823,72922.0,0.8227,72975.0,0.8244,90953.0,0.8248,90876.0
1753617753296,12:02:33.296,ascendex,ADA/USDT:USDT,0.823,72922.0,0.8227,72975.0,0.8242,90975.0,0.8244,181884.0
1753617753668,12:02:33.668,ascendex,ADA/USDT:USDT,0.823,72922.0,0.8227,72975.0,0.8242,90975.0,0.8244,90931.0
1753617753905,12:02:33.905,ascendex,ADA/USDT:USDT,0.823,72922.0,0.8227,72975.0,0.8242,90975.0,0.8244,90931.0
1753617754432,12:02:34.432,ascendex,ADA/USDT:USDT,0.823,72922.0,0.8227,72975.0,0.8242,90975.0,0.8244,90931.0
1753617758488,12:02:38.488,ascendex,ADA/USDT:USDT,0.823,72922.0,0.8227,72975.0,0.8242,90975.0,0.8244,90931.0
1753617759449,12:02:39.449,ascendex,ADA/USDT:USDT,0.823,72922.0,0.8227,72975.0,0.8236,121411.0,0.8242,90975.0
1753617759709,12:02:39.709,ascendex,ADA/USDT:USDT,0.823,72922.0,0.8227,72975.0,0.8242,90975.0,0.8244,90931.0
1753617761102,12:02:41.102,ascendex,ADA/USDT:USDT,0.823,72922.0,0.8227,72975.0,0.8242,90975.0,0.8244,90931.0
1753617761956,12:02:41.956,ascendex,ADA/USDT:USDT,0.823,72922.0,0.8227,72975.0,0.8242,90975.0,0.8244,90931.0
1753617762461,12:02:42.461,ascendex,ADA/USDT:USDT,0.8236,121426.0,0.823,72922.0,0.8242,90975.0,0.8244,90931.0
1753617762841,12:02:42.841,ascendex,ADA/USDT:USDT,0.823,72922.0,0.8227,72975.0,0.8242,90975.0,0.8244,90931.0
1753617765962,12:02:45.962,ascendex,ADA/USDT:USDT,0.823,72922.0,0.8227,72975.0,0.8242,90975.0,0.8244,90931.0
1753617766370,12:02:46.370,ascendex,ADA/USDT:USDT,0.823,72922.0,0.8227,72975.0,0.8242,90975.0,0.8244,90931.0
1753617767977,12:02:47.977,ascendex,ADA/USDT:USDT,0.823,72922.0,0.8227,72975.0,0.8244,90931.0,0.8246,90931.0
1753617768976,12:02:48.976,ascendex,ADA/USDT:USDT,0.823,72922.0,0.8227,72975.0,0.8244,90931.0,0.8246,90931.0
1753617770796,12:02:50.796,ascendex,ADA/USDT:USDT,0.823,72922.0,0.8227,72975.0,0.8242,90964.0,0.8244,90931.0
1753617770991,12:02:50.991,ascendex,ADA/USDT:USDT,0.823,72922.0,0.8227,72975.0,0.8242,90964.0,0.8244,90931.0
1753617772006,12:02:52.006,ascendex,ADA/USDT:USDT,0.823,72922.0,0.8227,72975.0,0.8242,90964.0,0.8244,90931.0
1753617772504,12:02:52.504,ascendex,ADA/USDT:USDT,0.823,72922.0,0.8227,72975.0,0.8242,90964.0,0.8244,90931.0
1753617772998,12:02:52.998,ascendex,ADA/USDT:USDT,0.823,72922.0,0.8227,72975.0,0.8235,121440.0,0.8242,90964.0
1753617773243,12:02:53.243,ascendex,ADA/USDT:USDT,0.8227,72975.0,0.8226,72957.0,0.8242,90964.0,0.8244,90931.0
1753617774218,12:02:54.218,ascendex,ADA/USDT:USDT,0.8227,72975.0,0.8226,72957.0,0.824,90997.0,0.8242,90964.0
1753617774510,12:02:54.510,ascendex,ADA/USDT:USDT,0.8227,72975.0,0.8226,72957.0,0.824,90997.0,0.8242,90964.0
1753617775344,12:02:55.344,ascendex,ADA/USDT:USDT,0.8227,72975.0,0.8226,72957.0,0.824,90997.0,0.8242,90964.0
1753617775884,12:02:55.884,ascendex,ADA/USDT:USDT,0.8233,121470.0,0.8227,72975.0,0.824,90997.0,0.8242,90964.0
1753617776390,12:02:56.390,ascendex,ADA/USDT:USDT,0.8227,72975.0,0.8226,72957.0,0.824,90997.0,0.8242,90964.0
1753617778023,12:02:58.023,ascendex,ADA/USDT:USDT,0.8227,72975.0,0.8226,72957.0,0.824,90997.0,0.8244,90931.0
1753617778441,12:02:58.441,ascendex,ADA/USDT:USDT,0.8227,72975.0,0.8226,72957.0,0.824,90997.0,0.8244,90931.0
1753617779032,12:02:59.032,ascendex,ADA/USDT:USDT,0.8227,72975.0,0.8226,72957.0,0.824,90997.0,0.8244,90931.0
1753617780216,12:03:00.216,ascendex,ADA/USDT:USDT,0.8227,72975.0,0.8226,72957.0,0.824,90997.0,0.8244,90931.0
1753617781032,12:03:01.032,ascendex,ADA/USDT:USDT,0.8227,72975.0,0.8226,72957.0,0.824,90997.0,0.8244,90931.0
1753617781545,12:03:01.545,ascendex,ADA/USDT:USDT,0.8228,72939.0,0.8227,72975.0,0.824,90997.0,0.8244,90931.0
1753617781860,12:03:01.860,ascendex,ADA/USDT:USDT,0.8228,72939.0,0.8227,72975.0,0.8244,181884.0,0.8246,90931.0
1753617782046,12:03:02.046,ascendex,ADA/USDT:USDT,0.823,72922.0,0.8228,72939.0,0.8244,181884.0,0.8251,69584.0
1753617782267,12:03:02.267,ascendex,ADA/USDT:USDT,0.823,72922.0,0.8228,72939.0,0.8244,181884.0,0.8251,69584.0
1753617782552,12:03:02.552,ascendex,ADA/USDT:USDT,0.823,72922.0,0.8228,72939.0,0.8244,181884.0,0.8251,69584.0
1753617783053,12:03:03.053,ascendex,ADA/USDT:USDT,0.823,72922.0,0.8228,72939.0,0.8244,181884.0,0.8251,69584.0
1753617784044,12:03:04.044,ascendex,ADA/USDT:USDT,0.823,72922.0,0.8228,72939.0,0.8244,181884.0,0.8251,69584.0
1753617785085,12:03:05.085,ascendex,ADA/USDT:USDT,0.823,72922.0,0.8227,72975.0,0.8244,181884.0,0.8248,82251.0
1753617786279,12:03:06.279,ascendex,ADA/USDT:USDT,0.823,72922.0,0.8227,72975.0,0.8236,121411.0,0.8244,181884.0
1753617786781,12:03:06.781,ascendex,ADA/USDT:USDT,0.823,72922.0,0.8227,72975.0,0.8244,181884.0,0.8248,82251.0
1753617787298,12:03:07.298,ascendex,ADA/USDT:USDT,0.823,72922.0,0.8227,72975.0,0.8244,181884.0,0.8248,82251.0
1753617787576,12:03:07.576,ascendex,ADA/USDT:USDT,0.823,72922.0,0.8227,72975.0,0.8244,181884.0,0.8248,82251.0
1753617788080,12:03:08.080,ascendex,ADA/USDT:USDT,0.823,72922.0,0.8227,72975.0,0.8244,181884.0,0.8248,82251.0
1753617788284,12:03:08.284,ascendex,ADA/USDT:USDT,0.823,72922.0,0.8227,72975.0,0.8244,181884.0,0.8248,82251.0
1753617788630,12:03:08.630,ascendex,ADA/USDT:USDT,0.823,72922.0,0.8227,72975.0,0.8244,181884.0,0.8248,82251.0
1753617789425,12:03:09.425,ascendex,ADA/USDT:USDT,0.8238,121381.0,0.823,72922.0,0.8244,181884.0,0.8248,82251.0
1753617789930,12:03:09.930,ascendex,ADA/USDT:USDT,0.823,72922.0,0.8227,72975.0,0.8244,181884.0,0.8248,82251.0
1753617790075,12:03:10.075,ascendex,ADA/USDT:USDT,0.823,72922.0,0.8227,72975.0,0.8244,181884.0,0.8248,82251.0
1753617791302,12:03:11.302,ascendex,ADA/USDT:USDT,0.823,72922.0,0.8227,72975.0,0.8244,181884.0,0.8248,82251.0
1753617791595,12:03:11.595,ascendex,ADA/USDT:USDT,0.823,72922.0,0.8227,72975.0,0.8244,181884.0,0.8248,82251.0
1753617792596,12:03:12.596,ascendex,ADA/USDT:USDT,0.823,72922.0,0.8227,72975.0,0.8244,181884.0,0.8248,82251.0
1753617795366,12:03:15.366,ascendex,ADA/USDT:USDT,0.8232,72904.0,0.823,72922.0,0.8248,82251.0,0.8252,54732.0
1753617795606,12:03:15.606,ascendex,ADA/USDT:USDT,0.8232,72904.0,0.823,72922.0,0.8248,82251.0,0.8252,54732.0
1753617796030,12:03:16.030,ascendex,ADA/USDT:USDT,0.8232,72904.0,0.823,72922.0,0.8248,82251.0,0.8252,54732.0
1753617796105,12:03:16.105,ascendex,ADA/USDT:USDT,0.8232,72904.0,0.823,72922.0,0.8248,82251.0,0.8252,54732.0
1753617796967,12:03:16.967,ascendex,ADA/USDT:USDT,0.8232,72904.0,0.823,72922.0,0.8248,82251.0,0.8249,90865.0
1753617797118,12:03:17.118,ascendex,ADA/USDT:USDT,0.8232,72904.0,0.823,72922.0,0.8248,82251.0,0.8249,90865.0
1753617797573,12:03:17.573,ascendex,ADA/USDT:USDT,0.8232,72904.0,0.823,72922.0,0.8248,82251.0,0.8249,90865.0
1753617799119,12:03:19.119,ascendex,ADA/USDT:USDT,0.8232,72904.0,0.823,72922.0,0.8248,82251.0,0.8249,90865.0
1753617799384,12:03:19.384,ascendex,ADA/USDT:USDT,0.8232,72904.0,0.823,72922.0,0.8248,82251.0,0.8249,90865.0
1753617799815,12:03:19.815,ascendex,ADA/USDT:USDT,0.8232,72904.0,0.823,72922.0,0.824,121352.0,0.8248,82251.0
1753617800318,12:03:20.318,ascendex,ADA/USDT:USDT,0.8232,72904.0,0.823,72922.0,0.8248,82251.0,0.8249,90865.0
1753617802037,12:03:22.037,ascendex,ADA/USDT:USDT,0.8232,72904.0,0.823,72922.0,0.8248,82251.0,0.8249,90865.0
1753617802132,12:03:22.132,ascendex,ADA/USDT:USDT,0.8232,72904.0,0.823,72922.0,0.8248,82251.0,0.8249,90865.0
1753617802960,12:03:22.960,ascendex,ADA/USDT:USDT,0.8239,121367.0,0.8232,72904.0,0.8248,82251.0,0.8249,90865.0
1753617803463,12:03:23.463,ascendex,ADA/USDT:USDT,0.8232,72904.0,0.823,72922.0,0.8248,82251.0,0.8249,90865.0
1753617805461,12:03:25.461,ascendex,ADA/USDT:USDT,0.8232,72904.0,0.823,72922.0,0.8248,82251.0,0.8249,90865.0
1753617805870,12:03:25.870,ascendex,ADA/USDT:USDT,0.8234,72886.0,0.8232,145835.0,0.8248,82251.0,0.8249,90865.0
1753617806054,12:03:26.054,ascendex,ADA/USDT:USDT,0.8234,72886.0,0.8232,145835.0,0.8248,82251.0,0.8249,90865.0
1753617806257,12:03:26.257,ascendex,ADA/USDT:USDT,0.8234,72886.0,0.8232,145835.0,0.8248,82251.0,0.8249,90865.0
1753617806557,12:03:26.557,ascendex,ADA/USDT:USDT,0.8234,72886.0,0.8232,145835.0,0.8248,82251.0,0.8249,90865.0
1753617807665,12:03:27.665,ascendex,ADA/USDT:USDT,0.8234,72886.0,0.8232,145835.0,0.8248,82251.0,0.8249,90865.0
1753617810220,12:03:30.220,ascendex,ADA/USDT:USDT,0.8234,72886.0,0.8232,145835.0,0.8248,82251.0,0.8249,90865.0
1753617813349,12:03:33.349,ascendex,ADA/USDT:USDT,0.8242,121337.0,0.8234,72886.0,0.8248,82251.0,0.8249,90865.0
1753617813852,12:03:33.852,ascendex,ADA/USDT:USDT,0.8234,72886.0,0.8232,145835.0,0.8248,82251.0,0.8249,90865.0
1753617814258,12:03:34.258,ascendex,ADA/USDT:USDT,0.8234,72886.0,0.8232,145835.0,0.8248,82251.0,0.8249,90865.0
1753617815031,12:03:35.031,ascendex,ADA/USDT:USDT,0.8234,72886.0,0.8232,145835.0,0.8248,82251.0,0.8249,90865.0
1753617816575,12:03:36.575,ascendex,ADA/USDT:USDT,0.824,121352.0,0.8234,72886.0,0.8248,82251.0,0.8249,90865.0
1753617816777,12:03:36.777,ascendex,ADA/USDT:USDT,0.824,121352.0,0.8234,72886.0,0.8248,82251.0,0.8249,90865.0
1753617817263,12:03:37.263,ascendex,ADA/USDT:USDT,0.8234,72886.0,0.8232,72931.0,0.8248,82251.0,0.8249,90865.0
1753617820056,12:03:40.056,ascendex,ADA/USDT:USDT,0.8234,72886.0,0.8232,72931.0,0.8248,82251.0,0.8249,90865.0
1753617822825,12:03:42.825,ascendex,ADA/USDT:USDT,0.8234,72886.0,0.8232,72931.0,0.8248,82251.0,0.8249,90865.0
1753617823289,12:03:43.289,ascendex,ADA/USDT:USDT,0.8234,72886.0,0.8232,72931.0,0.8248,82251.0,0.8249,90865.0
1753617824838,12:03:44.838,ascendex,ADA/USDT:USDT,0.8234,72886.0,0.8232,72931.0,0.8248,82251.0,0.8249,90865.0
1753617825437,12:03:45.437,ascendex,ADA/USDT:USDT,0.8234,72886.0,0.8232,72931.0,0.8248,82251.0,0.8249,90865.0
1753617825698,12:03:45.698,ascendex,ADA/USDT:USDT,0.8234,72886.0,0.8232,72931.0,0.8248,82251.0,0.8249,90865.0
1753617825805,12:03:45.805,ascendex,ADA/USDT:USDT,0.8234,72886.0,0.8232,72931.0,0.8248,82251.0,0.8249,90865.0
1753617826270,12:03:46.270,ascendex,ADA/USDT:USDT,0.8234,72886.0,0.8232,72931.0,0.8248,82251.0,0.8249,90865.0
1753617826887,12:03:46.887,ascendex,ADA/USDT:USDT,0.8234,72886.0,0.8232,72931.0,0.824,121352.0,0.8248,82251.0
1753617827393,12:03:47.393,ascendex,ADA/USDT:USDT,0.8234,72886.0,0.8232,72931.0,0.8248,82251.0,0.8249,90865.0
1753617829276,12:03:49.276,ascendex,ADA/USDT:USDT,0.8234,72886.0,0.8232,72931.0,0.8248,82251.0,0.8249,90865.0
1753617829805,12:03:49.805,ascendex,ADA/USDT:USDT,0.8234,72886.0,0.8232,72931.0,0.8248,82251.0,0.8249,90865.0
1753617830050,12:03:50.050,ascendex,ADA/USDT:USDT,0.8234,72886.0,0.8232,72931.0,0.8242,121337.0,0.8248,82251.0
1753617830553,12:03:50.553,ascendex,ADA/USDT:USDT,0.8234,72886.0,0.8232,72931.0,0.8248,82251.0,0.8249,90865.0
1753617833889,12:03:53.889,ascendex,ADA/USDT:USDT,0.8236,72869.0,0.8234,72886.0,0.8248,82251.0,0.8249,90865.0
1753617834111,12:03:54.111,ascendex,ADA/USDT:USDT,0.8236,72869.0,0.8234,72886.0,0.8248,82251.0,0.8249,90865.0
1753617835288,12:03:55.288,ascendex,ADA/USDT:USDT,0.8236,72869.0,0.8234,72886.0,0.8248,82251.0,0.8249,90865.0
1753617836904,12:03:56.904,ascendex,ADA/USDT:USDT,0.8236,72869.0,0.8234,72886.0,0.8248,82251.0,0.8249,90865.0
1753617837331,12:03:57.331,ascendex,ADA/USDT:USDT,0.8236,72869.0,0.8232,72931.0,0.8248,82251.0,0.8249,90865.0
1753617837908,12:03:57.908,ascendex,ADA/USDT:USDT,0.8236,72869.0,0.8232,72931.0,0.8248,82251.0,0.8249,90865.0
1753617838306,12:03:58.306,ascendex,ADA/USDT:USDT,0.8236,72869.0,0.8232,72931.0,0.8248,82251.0,0.8249,90865.0
1753617840424,12:04:00.424,ascendex,ADA/USDT:USDT,0.824,121352.0,0.8236,72869.0,0.8248,82251.0,0.8249,90865.0
1753617840928,12:04:00.928,ascendex,ADA/USDT:USDT,0.8236,72869.0,0.8232,72931.0,0.8248,82251.0,0.8249,90865.0
1753617841510,12:04:01.510,ascendex,ADA/USDT:USDT,0.8236,72869.0,0.8232,72931.0,0.8248,82251.0,0.8249,90865.0
1753617842294,12:04:02.294,ascendex,ADA/USDT:USDT,0.8232,72931.0,0.823,72922.0,0.8248,82251.0,0.8249,90865.0
1753617842341,12:04:02.341,ascendex,ADA/USDT:USDT,0.8232,145835.0,0.823,72922.0,0.8248,82251.0,0.8249,90865.0
1753617842714,12:04:02.714,ascendex,ADA/USDT:USDT,0.8232,145835.0,0.823,72922.0,0.8248,82251.0,0.8249,90865.0
1753617843850,12:04:03.850,ascendex,ADA/USDT:USDT,0.8232,145835.0,0.8226,72957.0,0.8239,121367.0,0.8246,90931.0
1753617844198,12:04:04.198,ascendex,ADA/USDT:USDT,0.8232,145835.0,0.8226,72957.0,0.8244,90953.0,0.8246,90931.0
1753617844342,12:04:04.342,ascendex,ADA/USDT:USDT,0.8232,145835.0,0.8226,72957.0,0.8244,90953.0,0.8246,90931.0
1753617844804,12:04:04.804,ascendex,ADA/USDT:USDT,0.8228,72939.0,0.8226,72957.0,0.8242,90975.0,0.8244,181884.0
1753617845141,12:04:05.141,ascendex,ADA/USDT:USDT,0.8228,72939.0,0.8222,73019.0,0.8242,90975.0,0.8244,181884.0
1753617845351,12:04:05.351,ascendex,ADA/USDT:USDT,0.8228,72939.0,0.8222,73019.0,0.8242,90975.0,0.8244,90931.0
1753617845767,12:04:05.767,ascendex,ADA/USDT:USDT,0.8228,72939.0,0.8223,69917.0,0.8242,90975.0,0.8244,90931.0
1753617845979,12:04:05.979,ascendex,ADA/USDT:USDT,0.8228,72939.0,0.8223,69917.0,0.8242,90975.0,0.8244,90931.0
1753617847018,12:04:07.018,ascendex,ADA/USDT:USDT,0.8228,72939.0,0.8223,69917.0,0.8242,90975.0,0.8244,90931.0
1753617847362,12:04:07.362,ascendex,ADA/USDT:USDT,0.8228,72939.0,0.8223,69917.0,0.8242,90975.0,0.8244,90931.0
1753617847479,12:04:07.479,ascendex,ADA/USDT:USDT,0.8228,72939.0,0.8223,69917.0,0.8242,90975.0,0.8244,90931.0
1753617849831,12:04:09.831,ascendex,ADA/USDT:USDT,0.823,72922.0,0.8228,72939.0,0.8242,90975.0,0.8244,90931.0
1753617850217,12:04:10.217,ascendex,ADA/USDT:USDT,0.823,72922.0,0.8228,72939.0,0.8242,90975.0,0.8244,90931.0
1753617850361,12:04:10.361,ascendex,ADA/USDT:USDT,0.823,72922.0,0.8228,72939.0,0.8242,90975.0,0.8244,90931.0
1753617852048,12:04:12.048,ascendex,ADA/USDT:USDT,0.823,72922.0,0.8227,72975.0,0.8242,90975.0,0.8244,90931.0
1753617853078,12:04:13.078,ascendex,ADA/USDT:USDT,0.823,72922.0,0.8227,72975.0,0.8242,90975.0,0.8244,90931.0
1753617854051,12:04:14.051,ascendex,ADA/USDT:USDT,0.8237,121396.0,0.823,72922.0,0.8244,90931.0,0.8246,90931.0
1753617854228,12:04:14.228,ascendex,ADA/USDT:USDT,0.8237,121396.0,0.823,72922.0,0.8244,90931.0,0.8246,90931.0
1753617854468,12:04:14.468,ascendex,ADA/USDT:USDT,0.823,72922.0,0.8227,72975.0,0.8244,90931.0,0.8246,90931.0
1753617854739,12:04:14.739,ascendex,ADA/USDT:USDT,0.823,72922.0,0.8227,72975.0,0.8244,90931.0,0.8246,90931.0
1753617856392,12:04:16.392,ascendex,ADA/USDT:USDT,0.823,72922.0,0.8227,72975.0,0.8244,90931.0,0.8246,90931.0
1753617856666,12:04:16.666,ascendex,ADA/USDT:USDT,0.823,72922.0,0.8227,72975.0,0.8244,181884.0,0.8246,90931.0
1753617857146,12:04:17.146,ascendex,ADA/USDT:USDT,0.8237,121396.0,0.823,72922.0,0.8244,181884.0,0.8246,90931.0
1753617857416,12:04:17.416,ascendex,ADA/USDT:USDT,0.8237,121396.0,0.823,72922.0,0.8244,181884.0,0.825,53281.0
1753617857635,12:04:17.635,ascendex,ADA/USDT:USDT,0.823,72922.0,0.8227,72975.0,0.8244,181884.0,0.825,53281.0
1753617859435,12:04:19.435,ascendex,ADA/USDT:USDT,0.823,72922.0,0.8227,72975.0,0.8244,181884.0,0.825,53281.0
1753617860069,12:04:20.069,ascendex,ADA/USDT:USDT,0.823,72922.0,0.8227,72975.0,0.8244,181884.0,0.825,53281.0
1753617860345,12:04:20.345,ascendex,ADA/USDT:USDT,0.823,72922.0,0.8227,72975.0,0.8244,181884.0,0.8248,90909.0
1753617860686,12:04:20.686,ascendex,ADA/USDT:USDT,0.823,72922.0,0.8227,72975.0,0.8244,181884.0,0.8248,71178.0
1753617861745,12:04:21.745,ascendex,ADA/USDT:USDT,0.823,72922.0,0.8227,72975.0,0.8244,181884.0,0.8248,71178.0
1753617865254,12:04:25.254,ascendex,ADA/USDT:USDT,0.823,72922.0,0.8227,72975.0,0.8244,181884.0,0.8248,71178.0
1753617867503,12:04:27.503,ascendex,ADA/USDT:USDT,0.8236,121411.0,0.823,72922.0,0.8244,181884.0,0.8248,71178.0
1753617867723,12:04:27.723,ascendex,ADA/USDT:USDT,0.8236,121411.0,0.823,72922.0,0.8244,181884.0,0.8248,71178.0
1753617868006,12:04:28.006,ascendex,ADA/USDT:USDT,0.823,72922.0,0.8227,72975.0,0.8244,181884.0,0.8248,71178.0
1753617869265,12:04:29.265,ascendex,ADA/USDT:USDT,0.823,72922.0,0.8227,72975.0,0.8244,181884.0,0.8248,71178.0
1753617869784,12:04:29.784,ascendex,ADA/USDT:USDT,0.823,72922.0,0.8227,72975.0,0.8242,90975.0,0.8244,181884.0
1753617869967,12:04:29.967,ascendex,ADA/USDT:USDT,0.823,72922.0,0.8227,72975.0,0.8242,90975.0,0.8244,181884.0
1753617870667,12:04:30.667,ascendex,ADA/USDT:USDT,0.8235,121440.0,0.823,72922.0,0.8242,90975.0,0.8244,181884.0
1753617871034,12:04:31.034,ascendex,ADA/USDT:USDT,0.8235,121440.0,0.8227,72975.0,0.8242,90975.0,0.8244,181884.0
1753617871173,12:04:31.173,ascendex,ADA/USDT:USDT,0.8227,72975.0,0.8226,72957.0,0.8242,90975.0,0.8244,181884.0
1753617871597,12:04:31.597,ascendex,ADA/USDT:USDT,0.823,72931.0,0.8227,72975.0,0.8242,90975.0,0.8244,181884.0
1753617871997,12:04:31.997,ascendex,ADA/USDT:USDT,0.823,72931.0,0.8227,72975.0,0.8242,90975.0,0.8244,90931.0
1753617873609,12:04:33.609,ascendex,ADA/USDT:USDT,0.823,72931.0,0.8227,72975.0,0.8242,90975.0,0.8244,90931.0
1753617873987,12:04:33.987,ascendex,ADA/USDT:USDT,0.823,72931.0,0.8227,72975.0,0.8242,90975.0,0.8244,90931.0
1753617881042,12:04:41.042,ascendex,ADA/USDT:USDT,0.823,72931.0,0.8227,72975.0,0.8236,121411.0,0.8242,90975.0
1753617881550,12:04:41.550,ascendex,ADA/USDT:USDT,0.823,72931.0,0.8227,72975.0,0.8242,90975.0,0.8244,90931.0
1753617881893,12:04:41.893,ascendex,ADA/USDT:USDT,0.823,72931.0,0.8227,72975.0,0.8242,90975.0,0.8244,90931.0
1753617882029,12:04:42.029,ascendex,ADA/USDT:USDT,0.823,72931.0,0.8227,72975.0,0.8242,90975.0,0.8244,90931.0
1753617882531,12:04:42.531,ascendex,ADA/USDT:USDT,0.823,72931.0,0.8227,72975.0,0.8242,90975.0,0.8244,90931.0
1753617884192,12:04:44.192,ascendex,ADA/USDT:USDT,0.8227,72975.0,0.8223,72984.0,0.8242,90975.0,0.8244,90931.0
1753617884307,12:04:44.307,ascendex,ADA/USDT:USDT,0.8235,121440.0,0.8227,72975.0,0.8242,90975.0,0.8244,90931.0
1753617884712,12:04:44.712,ascendex,ADA/USDT:USDT,0.8227,72975.0,0.8226,72957.0,0.8242,90975.0,0.8244,90931.0
1753617886797,12:04:46.797,ascendex,ADA/USDT:USDT,0.8227,72975.0,0.8226,72957.0,0.824,90997.0,0.8242,90975.0
1753617887158,12:04:47.158,ascendex,ADA/USDT:USDT,0.8227,72975.0,0.8226,72957.0,0.824,90997.0,0.8242,90975.0
1753617888133,12:04:48.133,ascendex,ADA/USDT:USDT,0.8227,72975.0,0.8226,72957.0,0.824,90997.0,0.8242,90975.0
1753617889157,12:04:49.157,ascendex,ADA/USDT:USDT,0.8227,72975.0,0.8226,72957.0,0.824,90997.0,0.8242,90975.0
1753617893150,12:04:53.150,ascendex,ADA/USDT:USDT,0.8227,72975.0,0.8226,72957.0,0.824,90997.0,0.8242,90975.0
1753617893450,12:04:53.450,ascendex,ADA/USDT:USDT,0.8222,146012.0,0.8216,41028.0,0.8236,91030.0,0.8238,90986.0
1753617893812,12:04:53.812,ascendex,ADA/USDT:USDT,0.8222,146012.0,0.8216,41028.0,0.8236,91030.0,0.8238,90986.0
1753617894372,12:04:54.372,ascendex,ADA/USDT:USDT,0.8222,146012.0,0.8216,41028.0,0.8236,91030.0,0.8238,90986.0
1753617894590,12:04:54.590,ascendex,ADA/USDT:USDT,0.8229,121514.0,0.8222,146012.0,0.8236,91030.0,0.8238,90986.0
1753617895095,12:04:55.095,ascendex,ADA/USDT:USDT,0.8222,146012.0,0.8218,70666.0,0.8236,91030.0,0.8238,90986.0
1753617895649,12:04:55.649,ascendex,ADA/USDT:USDT,0.8222,146012.0,0.8218,70666.0,0.8236,91030.0,0.8238,90986.0
1753617897995,12:04:57.995,ascendex,ADA/USDT:USDT,0.8231,121499.0,0.8222,146012.0,0.8236,91030.0,0.8238,90986.0
1753617898249,12:04:58.249,ascendex,ADA/USDT:USDT,0.8222,146012.0,0.8218,70666.0,0.8236,91030.0,0.8238,90986.0
1753617898651,12:04:58.651,ascendex,ADA/USDT:USDT,0.8222,146012.0,0.8218,70666.0,0.8236,91030.0,0.8238,90986.0
1753617900491,12:05:00.491,ascendex,ADA/USDT:USDT,0.8222,146012.0,0.8218,70666.0,0.8238,90986.0,0.824,90997.0
1753617900826,12:05:00.826,ascendex,ADA/USDT:USDT,0.8226,72966.0,0.8222,146012.0,0.8238,90986.0,0.824,90997.0
1753617901168,12:05:01.168,ascendex,ADA/USDT:USDT,0.8226,72966.0,0.8222,146012.0,0.8238,90986.0,0.824,90997.0
1753617901333,12:05:01.333,ascendex,ADA/USDT:USDT,0.8226,72966.0,0.8222,146012.0,0.8238,90986.0,0.824,90997.0
1753617901688,12:05:01.688,ascendex,ADA/USDT:USDT,0.8226,72966.0,0.8222,146012.0,0.8238,90986.0,0.824,90997.0
1753617902695,12:05:02.695,ascendex,ADA/USDT:USDT,0.8226,72966.0,0.8222,146012.0,0.8238,90986.0,0.824,90997.0
1753617902841,12:05:02.841,ascendex,ADA/USDT:USDT,0.8226,72966.0,0.8222,146012.0,0.8238,90986.0,0.824,90997.0
1753617903108,12:05:03.108,ascendex,ADA/USDT:USDT,0.8226,72966.0,0.8222,146012.0,0.8238,90986.0,0.824,90997.0
1753617903679,12:05:03.679,ascendex,ADA/USDT:USDT,0.8226,72966.0,0.8222,146012.0,0.8238,90986.0,0.824,90997.0
1753617904175,12:05:04.175,ascendex,ADA/USDT:USDT,0.8226,72966.0,0.8222,146012.0,0.8238,90986.0,0.824,90997.0
1753617905198,12:05:05.198,ascendex,ADA/USDT:USDT,0.8226,72966.0,0.8222,146012.0,0.8238,90986.0,0.824,90997.0
1753617907606,12:05:07.606,ascendex,ADA/USDT:USDT,0.8226,72966.0,0.8222,146012.0,0.8238,90986.0,0.824,90997.0
1753617907930,12:05:07.930,ascendex,ADA/USDT:USDT,0.8226,72966.0,0.8222,146012.0,0.8238,90986.0,0.824,90997.0
1753617908126,12:05:08.126,ascendex,ADA/USDT:USDT,0.8233,121470.0,0.8226,72966.0,0.8238,90986.0,0.824,90997.0
1753617908632,12:05:08.632,ascendex,ADA/USDT:USDT,0.8226,72966.0,0.8222,146012.0,0.8238,90986.0,0.824,90997.0
1753617909189,12:05:09.189,ascendex,ADA/USDT:USDT,0.8226,72966.0,0.8222,146012.0,0.8238,90986.0,0.824,90997.0
1753617910181,12:05:10.181,ascendex,ADA/USDT:USDT,0.8226,72966.0,0.8222,146012.0,0.8238,90986.0,0.824,90997.0
1753617910660,12:05:10.660,ascendex,ADA/USDT:USDT,0.8226,72966.0,0.8222,146012.0,0.8238,90986.0,0.824,90997.0
1753617911285,12:05:11.285,ascendex,ADA/USDT:USDT,0.8233,121470.0,0.8226,72966.0,0.8238,90986.0,0.824,90997.0
1753617911791,12:05:11.791,ascendex,ADA/USDT:USDT,0.8226,72966.0,0.8222,146012.0,0.8238,90986.0,0.824,90997.0
1753617913186,12:05:13.186,ascendex,ADA/USDT:USDT,0.8226,72966.0,0.8222,146012.0,0.8238,90986.0,0.824,90997.0
1753617916575,12:05:16.575,ascendex,ADA/USDT:USDT,0.8226,72966.0,0.8222,146012.0,0.8238,90986.0,0.824,90997.0
1753617916874,12:05:16.874,ascendex,ADA/USDT:USDT,0.8226,72966.0,0.8222,146012.0,0.8238,90986.0,0.824,90997.0
1753617917188,12:05:17.188,ascendex,ADA/USDT:USDT,0.8226,72966.0,0.8222,146012.0,0.824,90997.0,0.8244,90953.0
1753617917380,12:05:17.380,ascendex,ADA/USDT:USDT,0.8226,72966.0,0.8222,146012.0,0.824,90997.0,0.8244,181884.0
1753617917785,12:05:17.785,ascendex,ADA/USDT:USDT,0.8228,72939.0,0.8226,72966.0,0.824,90997.0,0.8244,90931.0
1753617918425,12:05:18.425,ascendex,ADA/USDT:USDT,0.8228,72939.0,0.8226,72966.0,0.824,90997.0,0.8244,90931.0
1753617918795,12:05:18.795,ascendex,ADA/USDT:USDT,0.8228,72939.0,0.8226,72966.0,0.824,90997.0,0.8244,90931.0
1753617919143,12:05:19.143,ascendex,ADA/USDT:USDT,0.8228,72939.0,0.8227,72975.0,0.8244,90931.0,0.8248,90914.0
1753617919334,12:05:19.334,ascendex,ADA/USDT:USDT,0.8228,72939.0,0.8227,72975.0,0.8244,181884.0,0.8248,65673.0
1753617919697,12:05:19.697,ascendex,ADA/USDT:USDT,0.8228,72939.0,0.8227,72975.0,0.8244,181884.0,0.8248,65673.0
1753617920859,12:05:20.859,ascendex,ADA/USDT:USDT,0.8228,72939.0,0.8227,72975.0,0.8244,181884.0,0.8248,65673.0
1753617921667,12:05:21.667,ascendex,ADA/USDT:USDT,0.8228,72939.0,0.8227,72975.0,0.8236,121411.0,0.8244,181884.0
1753617922173,12:05:22.173,ascendex,ADA/USDT:USDT,0.8228,72939.0,0.8227,72975.0,0.8244,181884.0,0.8248,65673.0
1753617922713,12:05:22.713,ascendex,ADA/USDT:USDT,0.8228,72939.0,0.8227,72975.0,0.8244,181884.0,0.8248,65673.0
1753617923367,12:05:23.367,ascendex,ADA/USDT:USDT,0.8228,72939.0,0.8227,72975.0,0.8244,181884.0,0.8248,65673.0
1753617924837,12:05:24.837,ascendex,ADA/USDT:USDT,0.8235,121440.0,0.8228,72939.0,0.8242,90975.0,0.8244,181884.0
1753617924859,12:05:24.859,ascendex,ADA/USDT:USDT,0.8228,72939.0,0.8227,72975.0,0.8235,121440.0,0.8242,90975.0
1753617925370,12:05:25.370,ascendex,ADA/USDT:USDT,0.8228,72939.0,0.8227,72975.0,0.8242,90975.0,0.8244,181884.0
1753617932081,12:05:32.081,ascendex,ADA/USDT:USDT,0.8228,72939.0,0.8227,72975.0,0.824,90997.0,0.8242,90975.0
1753617932271,12:05:32.271,ascendex,ADA/USDT:USDT,0.8228,72939.0,0.8227,72975.0,0.824,90997.0,0.8242,90975.0
1753617932688,12:05:32.688,ascendex,ADA/USDT:USDT,0.8228,72939.0,0.8227,72975.0,0.824,90997.0,0.8242,90975.0
1753617932776,12:05:32.776,ascendex,ADA/USDT:USDT,0.8228,72939.0,0.8227,72975.0,0.824,90997.0,0.8242,90975.0
1753617933091,12:05:33.091,ascendex,ADA/USDT:USDT,0.8228,72939.0,0.8227,72975.0,0.824,90997.0,0.8242,90975.0
1753617934209,12:05:34.209,ascendex,ADA/USDT:USDT,0.8228,72939.0,0.8227,72975.0,0.824,90997.0,0.8242,90975.0
1753617934331,12:05:34.331,ascendex,ADA/USDT:USDT,0.8228,72939.0,0.8227,72975.0,0.824,90997.0,0.8242,90975.0
1753617935250,12:05:35.250,ascendex,ADA/USDT:USDT,0.8233,121470.0,0.8228,72939.0,0.824,90997.0,0.8242,90975.0
1753617935729,12:05:35.729,ascendex,ADA/USDT:USDT,0.8228,72939.0,0.8227,72975.0,0.824,90997.0,0.8242,90975.0
1753617936687,12:05:36.687,ascendex,ADA/USDT:USDT,0.8227,72975.0,0.8223,72984.0,0.824,90997.0,0.8242,90975.0
1753617936941,12:05:36.941,ascendex,ADA/USDT:USDT,0.8227,72975.0,0.8223,72984.0,0.824,90997.0,0.8242,90975.0
1753617937215,12:05:37.215,ascendex,ADA/USDT:USDT,0.8227,72975.0,0.8223,72984.0,0.824,90997.0,0.8242,90975.0
1753617937661,12:05:37.661,ascendex,ADA/USDT:USDT,0.8227,72975.0,0.8223,72984.0,0.824,90997.0,0.8242,90975.0
1753617938404,12:05:38.404,ascendex,ADA/USDT:USDT,0.8227,72975.0,0.8223,72984.0,0.8232,121485.0,0.824,90997.0
