timestamp,time,exchange,symbol,bid1_price,bid1_volume,bid2_price,bid2_volume,ask1_price,ask1_volume,ask2_price,ask2_volume
1753617168125,11:52:48.125,mexc,ACT/USDT:USDT,0.04604,3073.0,0.04603,7127.0,0.04605,736.0,0.04606,2924
1753617168501,11:52:48.501,mexc,ACT/USDT:USDT,0.04604,3073.0,0.04603,7127.0,0.04605,736.0,0.04606,2924
1753617168721,11:52:48.721,mexc,ACT/USDT:USDT,0.04604,3073.0,0.04603,7127.0,0.04605,736.0,0.04606,2940
1753617168998,11:52:48.998,mexc,ACT/USDT:USDT,0.04604,3073.0,0.04603,7127.0,0.04605,736.0,0.04606,2940
1753617169221,11:52:49.221,mexc,ACT/USDT:USDT,0.04604,3073.0,0.04603,7127.0,0.04605,736.0,0.04606,2110
1753617169497,11:52:49.497,mexc,ACT/USDT:USDT,0.04604,3073.0,0.04603,9460,0.04605,736.0,0.04606,2110
1753617169723,11:52:49.723,mexc,ACT/USDT:USDT,0.04604,3073.0,0.04603,9460,0.04605,736.0,0.04606,2110
1753617169999,11:52:49.999,mexc,ACT/USDT:USDT,0.04604,3073.0,0.04603,10245,0.04605,736.0,0.04606,2110
1753617170223,11:52:50.223,mexc,ACT/USDT:USDT,0.04604,3073.0,0.04603,10245,0.04605,736.0,0.04606,2609
1753617170499,11:52:50.499,mexc,ACT/USDT:USDT,0.04604,3073.0,0.04603,10205,0.04605,736.0,0.04606,2609
1753617170724,11:52:50.724,mexc,ACT/USDT:USDT,0.04604,3073.0,0.04603,10205,0.04605,736.0,0.04606,3800
1753617170998,11:52:50.998,mexc,ACT/USDT:USDT,0.04604,3073.0,0.04603,7127,0.04605,736.0,0.04606,3800
1753617171222,11:52:51.222,mexc,ACT/USDT:USDT,0.04604,3073.0,0.04603,7127,0.04605,736.0,0.04606,2779
1753617171499,11:52:51.499,mexc,ACT/USDT:USDT,0.04604,3073.0,0.04603,7127,0.04605,736.0,0.04606,2779
1753617171780,11:52:51.780,mexc,ACT/USDT:USDT,0.04606,26746,0.04605,3480,0.04608,10970,0.04609,9948
1753617172000,11:52:52.000,mexc,ACT/USDT:USDT,0.04606,26746,0.04605,3480,0.04608,10970,0.04609,9948
1753617172403,11:52:52.403,mexc,ACT/USDT:USDT,0.04606,26746,0.04605,3480,0.04608,10970,0.04609,9948
1753617172501,11:52:52.501,mexc,ACT/USDT:USDT,0.04606,26746,0.04605,4619,0.04608,10970,0.04609,9948
1753617172726,11:52:52.726,mexc,ACT/USDT:USDT,0.04606,26746,0.04605,4619,0.04608,10970,0.04609,9948
1753617173031,11:52:53.031,mexc,ACT/USDT:USDT,0.04606,26746,0.04605,3480,0.04608,10970,0.04609,9948
1753617173224,11:52:53.224,mexc,ACT/USDT:USDT,0.04606,26746,0.04605,3480,0.04608,10970,0.04609,9948
1753617173628,11:52:53.628,mexc,ACT/USDT:USDT,0.04606,26746,0.04605,3480,0.04608,10970,0.04609,9948
1753617173724,11:52:53.724,mexc,ACT/USDT:USDT,0.04606,26746,0.04605,3480,0.04608,10970,0.04609,11541
1753617174000,11:52:54.000,mexc,ACT/USDT:USDT,0.04606,26746,0.04605,3480,0.04608,10970,0.04609,11541
1753617174228,11:52:54.228,mexc,ACT/USDT:USDT,0.04606,26746,0.04605,3480,0.04608,10970,0.04609,9948
1753617174503,11:52:54.503,mexc,ACT/USDT:USDT,0.04606,26746,0.04605,3480,0.04608,10970,0.04609,9948
1753617174726,11:52:54.726,mexc,ACT/USDT:USDT,0.04606,26746,0.04605,3480,0.04608,10970,0.04609,9948
1753617175000,11:52:55.000,mexc,ACT/USDT:USDT,0.04606,26746,0.04605,3480,0.04608,10970,0.04609,9948
1753617175224,11:52:55.224,mexc,ACT/USDT:USDT,0.04606,26746,0.04605,3480,0.04608,10970,0.04609,10321
1753617175502,11:52:55.502,mexc,ACT/USDT:USDT,0.04606,26746,0.04605,5079,0.04608,10970,0.04609,10321
1753617175728,11:52:55.728,mexc,ACT/USDT:USDT,0.04606,26746,0.04605,5079,0.04608,10970,0.04609,10671
1753617176004,11:52:56.004,mexc,ACT/USDT:USDT,0.04606,26746,0.04605,5105,0.04608,10970,0.04609,10671
1753617176226,11:52:56.226,mexc,ACT/USDT:USDT,0.04606,26746,0.04605,5105,0.04608,10970,0.04609,11450
1753617176503,11:52:56.503,mexc,ACT/USDT:USDT,0.04606,26746,0.04605,4887,0.04608,10970,0.04609,11450
1753617176728,11:52:56.728,mexc,ACT/USDT:USDT,0.04606,26746,0.04605,4887,0.04608,10970,0.04609,12387
1753617177007,11:52:57.007,mexc,ACT/USDT:USDT,0.04606,26746,0.04605,3480,0.04608,10970,0.04609,12387
1753617177231,11:52:57.231,mexc,ACT/USDT:USDT,0.04606,26746,0.04605,3480,0.04608,10970,0.04609,9948
1753617177504,11:52:57.504,mexc,ACT/USDT:USDT,0.04607,110,0.04606,6822,0.04608,2414,0.04609,6746
1753617177907,11:52:57.907,mexc,ACT/USDT:USDT,0.04607,110,0.04606,6822,0.04608,2414,0.04609,6746
1753617178003,11:52:58.003,mexc,ACT/USDT:USDT,0.04607,110,0.04606,4970,0.04608,2414,0.04609,6746
1753617178227,11:52:58.227,mexc,ACT/USDT:USDT,0.04607,110,0.04606,4970,0.04608,2414,0.04609,10111
1753617178505,11:52:58.505,mexc,ACT/USDT:USDT,0.04607,110,0.04606,6130,0.04608,2414,0.04609,10111
1753617178727,11:52:58.727,mexc,ACT/USDT:USDT,0.04607,110,0.04606,6130,0.04608,2414,0.04609,8409
1753617179004,11:52:59.004,mexc,ACT/USDT:USDT,0.04607,110,0.04606,4970,0.04608,2414,0.04609,8409
1753617179227,11:52:59.227,mexc,ACT/USDT:USDT,0.04607,110,0.04606,4970,0.04608,2414,0.04609,7867
1753617179504,11:52:59.504,mexc,ACT/USDT:USDT,0.04607,110,0.04606,8288,0.04608,2414,0.04609,7867
1753617179736,11:52:59.736,mexc,ACT/USDT:USDT,0.04607,110,0.04606,8288,0.04608,2414,0.04609,9686
1753617180006,11:53:00.006,mexc,ACT/USDT:USDT,0.04607,110,0.04606,4970,0.04608,2414,0.04609,9686
1753617180227,11:53:00.227,mexc,ACT/USDT:USDT,0.04607,110,0.04606,4970,0.04608,2414,0.04609,6746
1753617180506,11:53:00.506,mexc,ACT/USDT:USDT,0.04607,110,0.04606,6754,0.04608,2414,0.04609,6746
1753617180727,11:53:00.727,mexc,ACT/USDT:USDT,0.04607,110,0.04606,6754,0.04608,2414,0.04609,6746
1753617181006,11:53:01.006,mexc,ACT/USDT:USDT,0.04607,110,0.04606,6574,0.04608,2414,0.04609,6746
1753617181231,11:53:01.231,mexc,ACT/USDT:USDT,0.04607,110,0.04606,6574,0.04608,2414,0.04609,6746
1753617181507,11:53:01.507,mexc,ACT/USDT:USDT,0.04607,110,0.04606,6661,0.04608,2414,0.04609,6746
1753617181732,11:53:01.732,mexc,ACT/USDT:USDT,0.04607,110,0.04606,6661,0.04608,2414,0.04609,6746
1753617182008,11:53:02.008,mexc,ACT/USDT:USDT,0.04607,110,0.04606,6105,0.04608,2414,0.04609,6746
1753617182233,11:53:02.233,mexc,ACT/USDT:USDT,0.04607,110,0.04606,6105,0.04608,2414,0.04609,6746
1753617182506,11:53:02.506,mexc,ACT/USDT:USDT,0.04607,110,0.04606,4970,0.04608,2414,0.04609,6746
1753617182728,11:53:02.728,mexc,ACT/USDT:USDT,0.04607,110,0.04606,4970,0.04608,2414,0.04609,8860
1753617183010,11:53:03.010,mexc,ACT/USDT:USDT,0.04607,110,0.04606,7000,0.04608,2414,0.04609,8860
1753617183229,11:53:03.229,mexc,ACT/USDT:USDT,0.04607,110,0.04606,7000,0.04608,2414,0.04609,7971
1753617183508,11:53:03.508,mexc,ACT/USDT:USDT,0.04606,12287,0.04605,28286,0.04608,2319,0.04609,8027
1753617183915,11:53:03.915,mexc,ACT/USDT:USDT,0.04606,12287,0.04605,28286,0.04608,2319,0.04609,12825
1753617184009,11:53:04.009,mexc,ACT/USDT:USDT,0.04606,12287,0.04605,38254,0.04608,2319,0.04609,12825
1753617184230,11:53:04.230,mexc,ACT/USDT:USDT,0.04606,12287,0.04605,38254,0.04608,2319,0.04609,10403
1753617184508,11:53:04.508,mexc,ACT/USDT:USDT,0.04606,12287,0.04605,28286,0.04608,2319,0.04609,10403
1753617184730,11:53:04.730,mexc,ACT/USDT:USDT,0.04606,12287,0.04605,28286,0.04608,2319,0.04609,11348
1753617185011,11:53:05.011,mexc,ACT/USDT:USDT,0.04606,12287,0.04605,31878,0.04608,2319,0.04609,11348
1753617185277,11:53:05.277,mexc,ACT/USDT:USDT,0.04606,12287,0.04605,31878,0.04608,2319,0.04609,14935
1753617185583,11:53:05.583,mexc,ACT/USDT:USDT,0.04606,12287,0.04605,28286,0.04608,2319,0.04609,14935
1753617185731,11:53:05.731,mexc,ACT/USDT:USDT,0.04606,12287,0.04605,28286,0.04608,2319,0.04609,8027
1753617185988,11:53:05.988,mexc,ACT/USDT:USDT,0.04606,12287,0.04605,28286,0.04608,2319,0.04609,8027
1753617186133,11:53:06.133,mexc,ACT/USDT:USDT,0.04606,12287,0.04605,28286,0.04608,2319,0.04609,8027
1753617186230,11:53:06.230,mexc,ACT/USDT:USDT,0.04606,12287,0.04605,28286,0.04608,2319,0.04609,8027
1753617186633,11:53:06.633,mexc,ACT/USDT:USDT,0.04606,12287,0.04605,28286,0.04608,2319,0.04609,8027
1753617186730,11:53:06.730,mexc,ACT/USDT:USDT,0.04606,12287,0.04605,28286,0.04608,2319,0.04609,9882
1753617187086,11:53:07.086,mexc,ACT/USDT:USDT,0.04606,12287,0.04605,28286,0.04608,2319,0.04609,9882
1753617187234,11:53:07.234,mexc,ACT/USDT:USDT,0.04606,12287,0.04605,28286,0.04608,2319,0.04609,8027
1753617187486,11:53:07.486,mexc,ACT/USDT:USDT,0.04606,12287,0.04605,28286,0.04608,2319,0.04609,8027
1753617187634,11:53:07.634,mexc,ACT/USDT:USDT,0.04606,12287,0.04605,36500,0.04608,2319,0.04609,8027
1753617187733,11:53:07.733,mexc,ACT/USDT:USDT,0.04606,12287,0.04605,36500,0.04608,2319,0.04609,10052
1753617188134,11:53:08.134,mexc,ACT/USDT:USDT,0.04606,12287,0.04605,39148,0.04608,2319,0.04609,8027
1753617188233,11:53:08.233,mexc,ACT/USDT:USDT,0.04606,12287,0.04605,39148,0.04608,2319,0.04609,11602
1753617188634,11:53:08.634,mexc,ACT/USDT:USDT,0.04606,12287,0.04605,28286,0.04608,2319,0.04609,11602
1753617188732,11:53:08.732,mexc,ACT/USDT:USDT,0.04606,12287,0.04605,28286,0.04608,2319,0.04609,8027
1753617189085,11:53:09.085,mexc,ACT/USDT:USDT,0.04606,12287,0.04605,28286,0.04608,2319,0.04609,8027
1753617189249,11:53:09.249,mexc,ACT/USDT:USDT,0.04606,12287,0.04605,28286,0.04608,2319,0.04609,10267
1753617189581,11:53:09.581,mexc,ACT/USDT:USDT,0.04607,3633,0.04606,6015,0.04609,2573,0.0461,8648
1753617189735,11:53:09.735,mexc,ACT/USDT:USDT,0.04607,3633,0.04606,6015,0.04609,2573,0.0461,10671
1753617189988,11:53:09.988,mexc,ACT/USDT:USDT,0.04607,3633,0.04606,5055,0.04609,2573,0.0461,10671
1753617190139,11:53:10.139,mexc,ACT/USDT:USDT,0.04607,3633,0.04606,7469,0.04609,2573,0.0461,8648
1753617190234,11:53:10.234,mexc,ACT/USDT:USDT,0.04607,3633,0.04606,7469,0.04609,2573,0.0461,8648
1753617190635,11:53:10.635,mexc,ACT/USDT:USDT,0.04607,3633,0.04606,5055,0.04609,2573,0.0461,8648
1753617190738,11:53:10.738,mexc,ACT/USDT:USDT,0.04607,3633,0.04606,5055,0.04609,2573,0.0461,11717
1753617191087,11:53:11.087,mexc,ACT/USDT:USDT,0.04607,3633,0.04606,6892,0.04609,2573,0.0461,11717
1753617191282,11:53:11.282,mexc,ACT/USDT:USDT,0.04607,3633,0.04606,6892,0.04609,2573,0.0461,10364
1753617191585,11:53:11.585,mexc,ACT/USDT:USDT,0.04607,3633,0.04606,5055,0.04609,2573,0.0461,10364
1753617191735,11:53:11.735,mexc,ACT/USDT:USDT,0.04607,3633,0.04606,5055,0.04609,2573,0.0461,8648
1753617191989,11:53:11.989,mexc,ACT/USDT:USDT,0.04607,3633,0.04606,5055,0.04609,2573,0.0461,8648
1753617192139,11:53:12.139,mexc,ACT/USDT:USDT,0.04607,3633,0.04606,5055,0.04609,2573,0.0461,8648
1753617192234,11:53:12.234,mexc,ACT/USDT:USDT,0.04607,3633,0.04606,5055,0.04609,2573,0.0461,8648
1753617192638,11:53:12.638,mexc,ACT/USDT:USDT,0.04607,3633,0.04606,6296,0.04609,2573,0.0461,8648
1753617192734,11:53:12.734,mexc,ACT/USDT:USDT,0.04607,3633,0.04606,6296,0.04609,2573,0.0461,8648
1753617193090,11:53:13.090,mexc,ACT/USDT:USDT,0.04607,3633,0.04606,5055,0.04609,2573,0.0461,8648
1753617193239,11:53:13.239,mexc,ACT/USDT:USDT,0.04607,3633,0.04606,5055,0.04609,2573,0.0461,13706
1753617193493,11:53:13.493,mexc,ACT/USDT:USDT,0.04607,3633,0.04606,5055,0.04609,2573,0.0461,13706
1753617193638,11:53:13.638,mexc,ACT/USDT:USDT,0.04607,3633,0.04606,5997,0.04609,2573,0.0461,8648
1753617193736,11:53:13.736,mexc,ACT/USDT:USDT,0.04607,3633,0.04606,5997,0.04609,2573,0.0461,10924
1753617194139,11:53:14.139,mexc,ACT/USDT:USDT,0.04607,3633,0.04606,5899,0.04609,2573,0.0461,10924
1753617194236,11:53:14.236,mexc,ACT/USDT:USDT,0.04607,3633,0.04606,5899,0.04609,2573,0.0461,8648
1753617194589,11:53:14.589,mexc,ACT/USDT:USDT,0.04607,3633,0.04606,5055,0.04609,2573,0.0461,8648
1753617194737,11:53:14.737,mexc,ACT/USDT:USDT,0.04607,3633,0.04606,5055,0.04609,2573,0.0461,8648
1753617195002,11:53:15.002,mexc,ACT/USDT:USDT,0.04607,3633,0.04606,5055,0.04609,2573,0.0461,8648
1753617195144,11:53:15.144,mexc,ACT/USDT:USDT,0.04607,3633,0.04606,5055,0.04609,2573,0.0461,8648
1753617195427,11:53:15.427,mexc,ACT/USDT:USDT,0.04607,3633,0.04606,5055,0.04608,155,0.04609,2573
1753617195589,11:53:15.589,mexc,ACT/USDT:USDT,0.04607,3094,0.04606,9155,0.04608,155,0.04609,2295
1753617195737,11:53:15.737,mexc,ACT/USDT:USDT,0.04607,3094,0.04606,9155,0.04608,155,0.04609,2728
1753617196142,11:53:16.142,mexc,ACT/USDT:USDT,0.04607,3094,0.04606,8884,0.04608,155,0.04609,2728
1753617196237,11:53:16.237,mexc,ACT/USDT:USDT,0.04607,3094,0.04606,8884,0.04608,155,0.04609,2295
1753617196587,11:53:16.587,mexc,ACT/USDT:USDT,0.04607,3094,0.04606,6902,0.04608,155,0.04609,2295
1753617196736,11:53:16.736,mexc,ACT/USDT:USDT,0.04607,3094,0.04606,6902,0.04608,155,0.04609,2295
1753617196997,11:53:16.997,mexc,ACT/USDT:USDT,0.04607,3094,0.04606,6902,0.04608,155,0.04609,2295
1753617197140,11:53:17.140,mexc,ACT/USDT:USDT,0.04607,3094,0.04606,7808,0.04608,155,0.04609,2295
1753617197286,11:53:17.286,mexc,ACT/USDT:USDT,0.04607,3094,0.04606,7808,0.04608,155,0.04609,2593
1753617197671,11:53:17.671,mexc,ACT/USDT:USDT,0.04607,3094,0.04606,7874,0.04608,155,0.04609,2295
1753617197738,11:53:17.738,mexc,ACT/USDT:USDT,0.04607,3094,0.04606,7874,0.04608,155,0.04609,2295
1753617198096,11:53:18.096,mexc,ACT/USDT:USDT,0.04607,3094,0.04606,6902,0.04608,155,0.04609,2295
1753617198242,11:53:18.242,mexc,ACT/USDT:USDT,0.04607,3094,0.04606,6902,0.04608,155,0.04609,2295
1753617198593,11:53:18.593,mexc,ACT/USDT:USDT,0.04607,3094,0.04606,6902,0.04608,155,0.04609,2295
1753617198782,11:53:18.782,mexc,ACT/USDT:USDT,0.04607,3094,0.04606,6902,0.04608,155,0.04609,2295
1753617198995,11:53:18.995,mexc,ACT/USDT:USDT,0.04607,3094,0.04606,6902,0.04608,155,0.04609,2295
1753617199185,11:53:19.185,mexc,ACT/USDT:USDT,0.04607,3094,0.04606,6902,0.04608,155,0.04609,2295
1753617199456,11:53:19.456,mexc,ACT/USDT:USDT,0.04607,3094,0.04606,6902,0.04608,155,0.04609,2295
1753617199589,11:53:19.589,mexc,ACT/USDT:USDT,0.04607,3094,0.04606,6902,0.04608,155,0.04609,2295
1753617199789,11:53:19.789,mexc,ACT/USDT:USDT,0.04607,3094,0.04606,6902,0.04608,155,0.04609,2295
1753617200090,11:53:20.090,mexc,ACT/USDT:USDT,0.04607,3094,0.04606,6902,0.04608,155,0.04609,2295
1753617200199,11:53:20.199,mexc,ACT/USDT:USDT,0.04607,3094,0.04606,10248,0.04608,155,0.04609,2295
1753617200494,11:53:20.494,mexc,ACT/USDT:USDT,0.04607,3094,0.04606,10248,0.04608,155,0.04609,2295
1753617200593,11:53:20.593,mexc,ACT/USDT:USDT,0.04607,3094,0.04606,6902,0.04608,155,0.04609,2295
1753617200791,11:53:20.791,mexc,ACT/USDT:USDT,0.04607,3094,0.04606,6902,0.04608,155,0.04609,2295
1753617201093,11:53:21.093,mexc,ACT/USDT:USDT,0.04607,3094,0.04606,9582,0.04608,155,0.04609,2295
1753617201292,11:53:21.292,mexc,ACT/USDT:USDT,0.04607,3094,0.04606,9582,0.04608,155,0.04609,2295
1753617201592,11:53:21.592,mexc,ACT/USDT:USDT,0.04608,1992,0.04607,4610,0.04609,475,0.0461,4114
1753617201791,11:53:21.791,mexc,ACT/USDT:USDT,0.04608,1992,0.04607,4610,0.04609,475,0.0461,5474
1753617202096,11:53:22.096,mexc,ACT/USDT:USDT,0.04608,1992,0.04607,4610,0.04609,475,0.0461,5474
1753617202291,11:53:22.291,mexc,ACT/USDT:USDT,0.04608,1992,0.04607,4610,0.04609,475,0.0461,4114
1753617202593,11:53:22.593,mexc,ACT/USDT:USDT,0.04608,1992,0.04607,4610,0.04609,475,0.0461,4114
1753617202793,11:53:22.793,mexc,ACT/USDT:USDT,0.04608,1992,0.04607,4610,0.04609,475,0.0461,4775
1753617203094,11:53:23.094,mexc,ACT/USDT:USDT,0.04608,1992,0.04607,4610,0.04609,475,0.0461,4775
1753617203294,11:53:23.294,mexc,ACT/USDT:USDT,0.04608,1992,0.04607,4610,0.04609,475,0.0461,4114
1753617203593,11:53:23.593,mexc,ACT/USDT:USDT,0.04608,1992,0.04607,5202,0.04609,475,0.0461,4114
1753617203793,11:53:23.793,mexc,ACT/USDT:USDT,0.04608,1992,0.04607,5202,0.04609,475,0.0461,4114
1753617204104,11:53:24.104,mexc,ACT/USDT:USDT,0.04608,1992,0.04607,6500,0.04609,475,0.0461,4114
1753617204294,11:53:24.294,mexc,ACT/USDT:USDT,0.04608,1992,0.04607,6500,0.04609,475,0.0461,4114
1753617204599,11:53:24.599,mexc,ACT/USDT:USDT,0.04608,1992,0.04607,4610,0.04609,475,0.0461,4114
1753617204795,11:53:24.795,mexc,ACT/USDT:USDT,0.04608,1992,0.04607,4610,0.04609,475,0.0461,4114
1753617204999,11:53:24.999,mexc,ACT/USDT:USDT,0.04608,1992,0.04607,4610,0.04609,475,0.0461,4114
1753617205102,11:53:25.102,mexc,ACT/USDT:USDT,0.04608,1992,0.04607,5808,0.04609,475,0.0461,4114
1753617205296,11:53:25.296,mexc,ACT/USDT:USDT,0.04608,1992,0.04607,5808,0.04609,475,0.0461,5235
1753617205596,11:53:25.596,mexc,ACT/USDT:USDT,0.04608,1992,0.04607,4610,0.04609,475,0.0461,5235
1753617205795,11:53:25.795,mexc,ACT/USDT:USDT,0.04608,1992,0.04607,4610,0.04609,475,0.0461,5678
1753617206096,11:53:26.096,mexc,ACT/USDT:USDT,0.04608,1992,0.04607,4610,0.04609,475,0.0461,5678
1753617206294,11:53:26.294,mexc,ACT/USDT:USDT,0.04608,1992,0.04607,4610,0.04609,475,0.0461,4114
1753617206596,11:53:26.596,mexc,ACT/USDT:USDT,0.04608,1992,0.04607,4610,0.04609,475,0.0461,4114
1753617206793,11:53:26.793,mexc,ACT/USDT:USDT,0.04608,1992,0.04607,4610,0.04609,475,0.0461,4114
1753617207201,11:53:27.201,mexc,ACT/USDT:USDT,0.04608,1992,0.04607,5268,0.04609,475,0.0461,4114
1753617207296,11:53:27.296,mexc,ACT/USDT:USDT,0.04608,1992,0.04607,5268,0.04609,475,0.0461,5326
1753617207596,11:53:27.596,mexc,ACT/USDT:USDT,0.04608,1839,0.04607,5995,0.04609,495,0.0461,2030
1753617207793,11:53:27.793,mexc,ACT/USDT:USDT,0.04608,1839,0.04607,5995,0.04609,495,0.0461,2030
1753617208203,11:53:28.203,mexc,ACT/USDT:USDT,0.04608,1839,0.04607,5055,0.04609,495,0.0461,2030
1753617208295,11:53:28.295,mexc,ACT/USDT:USDT,0.04608,1839,0.04607,5055,0.04609,495,0.0461,2030
1753617208599,11:53:28.599,mexc,ACT/USDT:USDT,0.04608,1839,0.04607,7398,0.04609,495,0.0461,2030
1753617208795,11:53:28.795,mexc,ACT/USDT:USDT,0.04608,1839,0.04607,7398,0.04609,495,0.0461,2030
1753617209096,11:53:29.096,mexc,ACT/USDT:USDT,0.04608,1839,0.04607,5603,0.04609,495,0.0461,2030
1753617209296,11:53:29.296,mexc,ACT/USDT:USDT,0.04608,1839,0.04607,5603,0.04609,495,0.0461,2927
1753617209597,11:53:29.597,mexc,ACT/USDT:USDT,0.04608,1839,0.04607,5055,0.04609,495,0.0461,2927
1753617209797,11:53:29.797,mexc,ACT/USDT:USDT,0.04608,1839,0.04607,5055,0.04609,495,0.0461,2030
1753617210097,11:53:30.097,mexc,ACT/USDT:USDT,0.04608,1839,0.04607,5055,0.04609,495,0.0461,2030
1753617210295,11:53:30.295,mexc,ACT/USDT:USDT,0.04608,1839,0.04607,5055,0.04609,495,0.0461,2869
1753617210599,11:53:30.599,mexc,ACT/USDT:USDT,0.04608,1839,0.04607,5055,0.04609,495,0.0461,2869
1753617210795,11:53:30.795,mexc,ACT/USDT:USDT,0.04608,1839,0.04607,7444,0.04609,495,0.0461,2030
1753617211104,11:53:31.104,mexc,ACT/USDT:USDT,0.04608,1839,0.04607,5055,0.04609,495,0.0461,2030
1753617211297,11:53:31.297,mexc,ACT/USDT:USDT,0.04608,1839,0.04607,5055,0.04609,495,0.0461,2030
1753617211602,11:53:31.602,mexc,ACT/USDT:USDT,0.04608,1839,0.04607,5055,0.04609,495,0.0461,2030
1753617211796,11:53:31.796,mexc,ACT/USDT:USDT,0.04608,1839,0.04607,6980,0.04609,495,0.0461,2030
1753617212004,11:53:32.004,mexc,ACT/USDT:USDT,0.04608,1839,0.04607,6980,0.04609,495,0.0461,2030
1753617212146,11:53:32.146,mexc,ACT/USDT:USDT,0.0461,1778,0.04609,4139,0.04612,13175,0.04613,8245
1753617212296,11:53:32.296,mexc,ACT/USDT:USDT,0.0461,1778,0.04609,4139,0.04612,13175,0.04613,8245
1753617212709,11:53:32.709,mexc,ACT/USDT:USDT,0.0461,1778,0.04609,5643,0.04612,13175,0.04613,8245
1753617212796,11:53:32.796,mexc,ACT/USDT:USDT,0.0461,1778,0.04609,5643,0.04612,13175,0.04613,12370
1753617213202,11:53:33.202,mexc,ACT/USDT:USDT,0.0461,1778,0.04609,4846,0.04612,13175,0.04613,12370
1753617213298,11:53:33.298,mexc,ACT/USDT:USDT,0.0461,1778,0.04609,4846,0.04612,13175,0.04613,8245
1753617213602,11:53:33.602,mexc,ACT/USDT:USDT,0.0461,1778,0.04609,4139,0.04612,13175,0.04613,8245
1753617213797,11:53:33.797,mexc,ACT/USDT:USDT,0.0461,1778,0.04609,4139,0.04612,13175,0.04613,10441
1753617214004,11:53:34.004,mexc,ACT/USDT:USDT,0.0461,1778,0.04609,4139,0.04612,13175,0.04613,10441
1753617214204,11:53:34.204,mexc,ACT/USDT:USDT,0.0461,1778,0.04609,6086,0.04612,13175,0.04613,8245
1753617214295,11:53:34.295,mexc,ACT/USDT:USDT,0.0461,1778,0.04609,6086,0.04612,13175,0.04613,11395
1753617214604,11:53:34.604,mexc,ACT/USDT:USDT,0.0461,1778,0.04609,4139,0.04612,13175,0.04613,11395
1753617214795,11:53:34.795,mexc,ACT/USDT:USDT,0.0461,1778,0.04609,4139,0.04612,13175,0.04613,8245
1753617215104,11:53:35.104,mexc,ACT/USDT:USDT,0.0461,1778,0.04609,5608,0.04612,13175,0.04613,8245
1753617215297,11:53:35.297,mexc,ACT/USDT:USDT,0.0461,1778,0.04609,5608,0.04612,13175,0.04613,8245
1753617215602,11:53:35.602,mexc,ACT/USDT:USDT,0.0461,1778,0.04609,4139,0.04612,13175,0.04613,8245
1753617215796,11:53:35.796,mexc,ACT/USDT:USDT,0.0461,1778,0.04609,4763,0.04612,13175,0.04613,8245
1753617216006,11:53:36.006,mexc,ACT/USDT:USDT,0.0461,1778,0.04609,4763,0.04612,13175,0.04613,8245
1753617216200,11:53:36.200,mexc,ACT/USDT:USDT,0.0461,1778,0.04609,4139,0.04612,13175,0.04613,8245
1753617216297,11:53:36.297,mexc,ACT/USDT:USDT,0.0461,1778,0.04609,4139,0.04612,13175,0.04613,11173
1753617216703,11:53:36.703,mexc,ACT/USDT:USDT,0.0461,1778,0.04609,4767,0.04612,13175,0.04613,8245
1753617216795,11:53:36.795,mexc,ACT/USDT:USDT,0.0461,1778,0.04609,4767,0.04612,13175,0.04613,12040
1753617217104,11:53:37.104,mexc,ACT/USDT:USDT,0.0461,1778,0.04609,4886,0.04612,13175,0.04613,12040
1753617217298,11:53:37.298,mexc,ACT/USDT:USDT,0.0461,1778,0.04609,4886,0.04612,13175,0.04613,8245
1753617217606,11:53:37.606,mexc,ACT/USDT:USDT,0.0461,2875,0.04609,4868,0.04612,1964,0.04613,9459
1753617217798,11:53:37.798,mexc,ACT/USDT:USDT,0.0461,2875,0.04609,4868,0.04612,1964,0.04613,12224
1753617218116,11:53:38.116,mexc,ACT/USDT:USDT,0.0461,2875,0.04609,4868,0.04612,1964,0.04613,12224
1753617218297,11:53:38.297,mexc,ACT/USDT:USDT,0.0461,2875,0.04609,4868,0.04612,1964,0.04613,9459
1753617218519,11:53:38.519,mexc,ACT/USDT:USDT,0.0461,2875,0.04609,4868,0.04612,1964,0.04613,9459
1753617218700,11:53:38.700,mexc,ACT/USDT:USDT,0.0461,2875,0.04609,7076,0.04612,1964,0.04613,9459
1753617218798,11:53:38.798,mexc,ACT/USDT:USDT,0.0461,2875,0.04609,7076,0.04612,1964,0.04613,9459
1753617219201,11:53:39.201,mexc,ACT/USDT:USDT,0.0461,2875,0.04609,4868,0.04612,1964,0.04613,9459
1753617219297,11:53:39.297,mexc,ACT/USDT:USDT,0.0461,2875,0.04609,4868,0.04612,1964,0.04613,12139
1753617219603,11:53:39.603,mexc,ACT/USDT:USDT,0.0461,2875,0.04609,4868,0.04612,1964,0.04613,12139
1753617219798,11:53:39.798,mexc,ACT/USDT:USDT,0.0461,2875,0.04609,4868,0.04612,1964,0.04613,9459
1753617220009,11:53:40.009,mexc,ACT/USDT:USDT,0.0461,2875,0.04609,4868,0.04612,1964,0.04613,9459
1753617220204,11:53:40.204,mexc,ACT/USDT:USDT,0.0461,2875,0.04609,7149,0.04612,1964,0.04613,9459
1753617220298,11:53:40.298,mexc,ACT/USDT:USDT,0.0461,2875,0.04609,7149,0.04612,1964,0.04613,9459
1753617220701,11:53:40.701,mexc,ACT/USDT:USDT,0.0461,2875,0.04609,5836,0.04612,1964,0.04613,9459
1753617220802,11:53:40.802,mexc,ACT/USDT:USDT,0.0461,2875,0.04609,5836,0.04612,1964,0.04613,10468
1753617221106,11:53:41.106,mexc,ACT/USDT:USDT,0.0461,2875,0.04609,4868,0.04612,1964,0.04613,10468
1753617221299,11:53:41.299,mexc,ACT/USDT:USDT,0.0461,2875,0.04609,4868,0.04612,1964,0.04613,12401
1753617221608,11:53:41.608,mexc,ACT/USDT:USDT,0.0461,2875,0.04609,4868,0.04612,1964,0.04613,12401
1753617221799,11:53:41.799,mexc,ACT/USDT:USDT,0.0461,2875,0.04609,4868,0.04612,1964,0.04613,11850
1753617222106,11:53:42.106,mexc,ACT/USDT:USDT,0.0461,2875,0.04609,4868,0.04612,1964,0.04613,11850
1753617222298,11:53:42.298,mexc,ACT/USDT:USDT,0.0461,2875,0.04609,4868,0.04612,1964,0.04613,9459
1753617222510,11:53:42.510,mexc,ACT/USDT:USDT,0.0461,2875,0.04609,4868,0.04612,1964,0.04613,9459
1753617222701,11:53:42.701,mexc,ACT/USDT:USDT,0.0461,2875,0.04609,7748,0.04612,1964,0.04613,9459
1753617222799,11:53:42.799,mexc,ACT/USDT:USDT,0.0461,2875,0.04609,7748,0.04612,1964,0.04613,11141
1753617223202,11:53:43.202,mexc,ACT/USDT:USDT,0.0461,2875,0.04609,4868,0.04612,1964,0.04613,11141
1753617223300,11:53:43.300,mexc,ACT/USDT:USDT,0.0461,2875,0.04609,4868,0.04612,1964,0.04613,13867
1753617223608,11:53:43.608,mexc,ACT/USDT:USDT,0.04611,2101,0.0461,11172,0.04612,149,0.04613,5152
1753617223799,11:53:43.799,mexc,ACT/USDT:USDT,0.04611,2101,0.0461,11172,0.04612,149,0.04613,6952
1753617224010,11:53:44.010,mexc,ACT/USDT:USDT,0.04611,2101,0.0461,10145,0.04612,149,0.04613,6952
1753617224201,11:53:44.201,mexc,ACT/USDT:USDT,0.04611,2101,0.0461,12292,0.04612,149,0.04613,5152
1753617224300,11:53:44.300,mexc,ACT/USDT:USDT,0.04611,2101,0.0461,12292,0.04612,149,0.04613,5152
1753617224702,11:53:44.702,mexc,ACT/USDT:USDT,0.04611,2101,0.0461,11224,0.04612,149,0.04613,5152
1753617224800,11:53:44.800,mexc,ACT/USDT:USDT,0.04611,2101,0.0461,11224,0.04612,149,0.04613,5152
1753617225108,11:53:45.108,mexc,ACT/USDT:USDT,0.04611,2101,0.0461,10145,0.04612,149,0.04613,5152
1753617225298,11:53:45.298,mexc,ACT/USDT:USDT,0.04611,2101,0.0461,10145,0.04612,149,0.04613,5152
1753617225512,11:53:45.512,mexc,ACT/USDT:USDT,0.04611,2101,0.0461,10145,0.04612,149,0.04613,5152
1753617225704,11:53:45.704,mexc,ACT/USDT:USDT,0.04611,2101,0.0461,10145,0.04612,149,0.04613,5152
1753617225799,11:53:45.799,mexc,ACT/USDT:USDT,0.04611,2101,0.0461,10145,0.04612,149,0.04613,6851
1753617226202,11:53:46.202,mexc,ACT/USDT:USDT,0.04611,2101,0.0461,11360,0.04612,149,0.04613,6851
1753617226379,11:53:46.379,mexc,ACT/USDT:USDT,0.04611,2101,0.0461,11360,0.04612,149,0.04613,6889
1753617226611,11:53:46.611,mexc,ACT/USDT:USDT,0.04611,2101,0.0461,10145,0.04612,149,0.04613,6889
1753617226803,11:53:46.803,mexc,ACT/USDT:USDT,0.04611,2101,0.0461,10145,0.04612,149,0.04613,5152
1753617227015,11:53:47.015,mexc,ACT/USDT:USDT,0.04611,2101,0.0461,10145,0.04612,149,0.04613,5152
1753617227206,11:53:47.206,mexc,ACT/USDT:USDT,0.04611,2101,0.0461,10145,0.04612,149,0.04613,5152
1753617227303,11:53:47.303,mexc,ACT/USDT:USDT,0.04611,2101,0.0461,10145,0.04612,149,0.04613,7707
1753617227707,11:53:47.707,mexc,ACT/USDT:USDT,0.04611,2101,0.0461,10145,0.04612,149,0.04613,7707
1753617227804,11:53:47.804,mexc,ACT/USDT:USDT,0.04611,2101,0.0461,10145,0.04612,149,0.04613,7530
1753617228110,11:53:48.110,mexc,ACT/USDT:USDT,0.04611,2101,0.0461,10145,0.04612,149,0.04613,7530
1753617228208,11:53:48.208,mexc,ACT/USDT:USDT,0.04611,2101,0.0461,10145,0.04612,149,0.04613,5152
1753617228515,11:53:48.515,mexc,ACT/USDT:USDT,0.04611,2101,0.0461,10145,0.04612,149,0.04613,5152
1753617228609,11:53:48.609,mexc,ACT/USDT:USDT,0.04611,2101,0.0461,10145,0.04612,149,0.04613,5152
1753617228882,11:53:48.882,mexc,ACT/USDT:USDT,0.04611,2101,0.0461,10145,0.04612,149,0.04613,5152
1753617229112,11:53:49.112,mexc,ACT/USDT:USDT,0.04611,2101,0.0461,13110,0.04612,149,0.04613,5152
1753617229441,11:53:49.441,mexc,ACT/USDT:USDT,0.04611,2101,0.0461,13110,0.04612,149,0.04613,8150
1753617229611,11:53:49.611,mexc,ACT/USDT:USDT,0.04612,386,0.04611,9225,0.04613,2104,0.04614,9954
1753617229880,11:53:49.880,mexc,ACT/USDT:USDT,0.04612,386,0.04611,9225,0.04613,2104,0.04614,14599
1753617230014,11:53:50.014,mexc,ACT/USDT:USDT,0.04612,386,0.04611,7619,0.04613,2104,0.04614,18316
1753617230285,11:53:50.285,mexc,ACT/USDT:USDT,0.04612,386,0.04611,7619,0.04613,2104,0.04614,13671
1753617230380,11:53:50.380,mexc,ACT/USDT:USDT,0.04612,386,0.04611,7619,0.04613,2104,0.04614,9954
1753617230613,11:53:50.613,mexc,ACT/USDT:USDT,0.04612,386,0.04611,7619,0.04613,2104,0.04614,9954
1753617230881,11:53:50.881,mexc,ACT/USDT:USDT,0.04612,386,0.04611,7619,0.04613,2104,0.04614,9954
1753617231113,11:53:51.113,mexc,ACT/USDT:USDT,0.04612,386,0.04611,7619,0.04613,2104,0.04614,9954
1753617231382,11:53:51.382,mexc,ACT/USDT:USDT,0.04612,386,0.04611,7619,0.04613,2104,0.04614,11436
1753617231613,11:53:51.613,mexc,ACT/USDT:USDT,0.04612,386,0.04611,10531,0.04613,2104,0.04614,11436
1753617231882,11:53:51.882,mexc,ACT/USDT:USDT,0.04612,386,0.04611,10531,0.04613,2104,0.04614,9954
1753617232114,11:53:52.114,mexc,ACT/USDT:USDT,0.04612,386,0.04611,7619,0.04613,2104,0.04614,9954
1753617232383,11:53:52.383,mexc,ACT/USDT:USDT,0.04612,386,0.04611,7619,0.04613,2104,0.04614,11406
1753617232613,11:53:52.613,mexc,ACT/USDT:USDT,0.04612,386,0.04611,7619,0.04613,2104,0.04614,11406
1753617232885,11:53:52.885,mexc,ACT/USDT:USDT,0.04612,386,0.04611,7619,0.04613,2104,0.04614,9954
1753617233114,11:53:53.114,mexc,ACT/USDT:USDT,0.04612,386,0.04611,7619,0.04613,2104,0.04614,9954
1753617233383,11:53:53.383,mexc,ACT/USDT:USDT,0.04612,386,0.04611,7619,0.04613,2104,0.04614,9954
1753617233613,11:53:53.613,mexc,ACT/USDT:USDT,0.04612,386,0.04611,12247,0.04613,2104,0.04614,9954
1753617233882,11:53:53.882,mexc,ACT/USDT:USDT,0.04612,386,0.04611,12247,0.04613,2104,0.04614,10967
1753617234114,11:53:54.114,mexc,ACT/USDT:USDT,0.04612,386,0.04611,13406,0.04613,2104,0.04614,10967
1753617234381,11:53:54.381,mexc,ACT/USDT:USDT,0.04612,386,0.04611,13406,0.04613,2104,0.04614,9954
1753617234615,11:53:54.615,mexc,ACT/USDT:USDT,0.04612,386,0.04611,9341,0.04613,2104,0.04614,9954
1753617234884,11:53:54.884,mexc,ACT/USDT:USDT,0.04612,386,0.04611,9341,0.04613,2104,0.04614,12967
1753617235117,11:53:55.117,mexc,ACT/USDT:USDT,0.04612,386,0.04611,8536,0.04613,2104,0.04614,12967
1753617235442,11:53:55.442,mexc,ACT/USDT:USDT,0.04612,386,0.04611,10080,0.04613,2104,0.04614,9954
1753617235615,11:53:55.615,mexc,ACT/USDT:USDT,0.04611,1544,0.0461,3848,0.04613,6042,0.04614,6509
1753617235883,11:53:55.883,mexc,ACT/USDT:USDT,0.04611,1544,0.0461,3848,0.04613,6042,0.04614,8647
1753617236017,11:53:56.017,mexc,ACT/USDT:USDT,0.04611,1544,0.0461,3848,0.04613,6042,0.04614,8647
1753617236286,11:53:56.286,mexc,ACT/USDT:USDT,0.04611,1544,0.0461,5094,0.04613,6042,0.04614,6509
1753617236383,11:53:56.383,mexc,ACT/USDT:USDT,0.04611,1544,0.0461,5094,0.04613,6042,0.04614,6509
1753617236618,11:53:56.618,mexc,ACT/USDT:USDT,0.04611,1544,0.0461,3848,0.04613,6042,0.04614,6509
1753617236884,11:53:56.884,mexc,ACT/USDT:USDT,0.04611,1544,0.0461,3848,0.04613,6042,0.04614,9656
1753617237117,11:53:57.117,mexc,ACT/USDT:USDT,0.04611,1544,0.0461,3848,0.04613,6042,0.04614,9656
1753617237385,11:53:57.385,mexc,ACT/USDT:USDT,0.04611,1544,0.0461,3848,0.04613,6042,0.04614,6509
1753617237618,11:53:57.618,mexc,ACT/USDT:USDT,0.04611,1544,0.0461,5708,0.04613,6042,0.04614,6509
1753617237885,11:53:57.885,mexc,ACT/USDT:USDT,0.04611,1544,0.0461,5708,0.04613,6042,0.04614,6509
1753617238117,11:53:58.117,mexc,ACT/USDT:USDT,0.04611,1544,0.0461,3848,0.04613,6042,0.04614,6509
1753617238388,11:53:58.388,mexc,ACT/USDT:USDT,0.04611,1544,0.0461,3848,0.04613,6042,0.04614,6509
1753617238618,11:53:58.618,mexc,ACT/USDT:USDT,0.04611,1544,0.0461,3848,0.04613,6042,0.04614,6509
1753617238888,11:53:58.888,mexc,ACT/USDT:USDT,0.04611,1544,0.0461,3848,0.04613,6042,0.04614,7868
1753617239118,11:53:59.118,mexc,ACT/USDT:USDT,0.04611,1544,0.0461,3848,0.04613,6042,0.04614,7868
1753617239386,11:53:59.386,mexc,ACT/USDT:USDT,0.04611,1544,0.0461,3848,0.04613,6042,0.04614,6509
1753617239617,11:53:59.617,mexc,ACT/USDT:USDT,0.04611,1544,0.0461,4557,0.04613,6042,0.04614,6509
1753617239887,11:53:59.887,mexc,ACT/USDT:USDT,0.04611,1544,0.0461,4557,0.04613,6042,0.04614,7206
1753617240117,11:54:00.117,mexc,ACT/USDT:USDT,0.04611,1544,0.0461,3848,0.04613,6042,0.04614,7206
1753617240481,11:54:00.481,mexc,ACT/USDT:USDT,0.04611,1544,0.0461,6888,0.04613,6042,0.04614,6509
1753617240617,11:54:00.617,mexc,ACT/USDT:USDT,0.0461,3040,0.04609,4726,0.04611,2086,0.04612,1966
1753617240907,11:54:00.907,mexc,ACT/USDT:USDT,0.0461,3040,0.04609,4726,0.04611,2086,0.04612,1966
1753617241020,11:54:01.020,mexc,ACT/USDT:USDT,0.0461,3040,0.04609,4726,0.04611,2086,0.04612,1966
1753617241310,11:54:01.310,mexc,ACT/USDT:USDT,0.0461,3040,0.04609,4726,0.04611,2086,0.04612,1966
1753617241388,11:54:01.388,mexc,ACT/USDT:USDT,0.0461,3040,0.04609,4726,0.04611,2086,0.04612,2311
1753617241619,11:54:01.619,mexc,ACT/USDT:USDT,0.0461,3040,0.04609,4726,0.04611,2086,0.04612,2311
1753617241891,11:54:01.891,mexc,ACT/USDT:USDT,0.0461,3040,0.04609,4726,0.04611,2086,0.04612,1966
1753617242118,11:54:02.118,mexc,ACT/USDT:USDT,0.0461,3040,0.04609,5763,0.04611,2086,0.04612,1966
1753617242401,11:54:02.401,mexc,ACT/USDT:USDT,0.0461,3040,0.04609,5763,0.04611,2086,0.04612,2795
1753617242663,11:54:02.663,mexc,ACT/USDT:USDT,0.0461,3040,0.04609,5433,0.04611,2086,0.04612,2795
1753617242889,11:54:02.889,mexc,ACT/USDT:USDT,0.0461,3040,0.04609,5433,0.04611,2086,0.04612,1966
1753617243127,11:54:03.127,mexc,ACT/USDT:USDT,0.0461,3040,0.04609,4726,0.04611,2086,0.04612,1966
1753617243388,11:54:03.388,mexc,ACT/USDT:USDT,0.0461,3040,0.04609,4726,0.04611,2086,0.04612,1966
1753617243619,11:54:03.619,mexc,ACT/USDT:USDT,0.0461,3040,0.04609,8966,0.04611,2086,0.04612,1966
1753617243891,11:54:03.891,mexc,ACT/USDT:USDT,0.0461,3040,0.04609,8966,0.04611,2086,0.04612,2589
1753617244122,11:54:04.122,mexc,ACT/USDT:USDT,0.0461,3040,0.04609,5756,0.04611,2086,0.04612,2589
1753617244391,11:54:04.391,mexc,ACT/USDT:USDT,0.0461,3040,0.04609,5756,0.04611,2086,0.04612,2326
1753617244621,11:54:04.621,mexc,ACT/USDT:USDT,0.0461,3040,0.04609,4726,0.04611,2086,0.04612,2326
1753617244891,11:54:04.891,mexc,ACT/USDT:USDT,0.0461,3040,0.04609,4726,0.04611,2086,0.04612,1966
1753617245119,11:54:05.119,mexc,ACT/USDT:USDT,0.0461,3040,0.04609,6472,0.04611,2086,0.04612,1966
1753617245389,11:54:05.389,mexc,ACT/USDT:USDT,0.0461,3040,0.04609,6472,0.04611,2086,0.04612,1966
1753617245621,11:54:05.621,mexc,ACT/USDT:USDT,0.0461,3040,0.04609,5284,0.04611,2086,0.04612,1966
1753617245894,11:54:05.894,mexc,ACT/USDT:USDT,0.0461,3040,0.04609,5284,0.04611,2086,0.04612,2707
1753617246119,11:54:06.119,mexc,ACT/USDT:USDT,0.0461,3040,0.04609,4726,0.04611,2086,0.04612,2707
1753617246481,11:54:06.481,mexc,ACT/USDT:USDT,0.0461,3040,0.04609,4726,0.04611,2086,0.04612,2406
1753617246620,11:54:06.620,mexc,ACT/USDT:USDT,0.04608,12887,0.04607,8111,0.04609,215,0.0461,1081
1753617246890,11:54:06.890,mexc,ACT/USDT:USDT,0.04608,12887,0.04607,8111,0.04609,215,0.0461,1081
1753617247023,11:54:07.023,mexc,ACT/USDT:USDT,0.04608,12887,0.04607,5829,0.04609,215,0.0461,1508
1753617247293,11:54:07.293,mexc,ACT/USDT:USDT,0.04608,12887,0.04607,6910,0.04609,215,0.0461,1508
1753617247391,11:54:07.391,mexc,ACT/USDT:USDT,0.04608,12887,0.04607,6910,0.04609,215,0.0461,1460
1753617247620,11:54:07.620,mexc,ACT/USDT:USDT,0.04608,12887,0.04607,5829,0.04609,215,0.0461,1460
1753617247891,11:54:07.891,mexc,ACT/USDT:USDT,0.04608,12887,0.04607,5829,0.04609,215,0.0461,1081
1753617248119,11:54:08.119,mexc,ACT/USDT:USDT,0.04608,12887,0.04607,7375,0.04609,215,0.0461,1081
1753617248392,11:54:08.392,mexc,ACT/USDT:USDT,0.04608,12887,0.04607,7375,0.04609,215,0.0461,1347
1753617248622,11:54:08.622,mexc,ACT/USDT:USDT,0.04608,12887,0.04607,7862,0.04609,215,0.0461,1347
1753617248891,11:54:08.891,mexc,ACT/USDT:USDT,0.04608,12887,0.04607,7862,0.04609,215,0.0461,1408
1753617249120,11:54:09.120,mexc,ACT/USDT:USDT,0.04608,12887,0.04607,5829,0.04609,215,0.0461,1408
1753617249392,11:54:09.392,mexc,ACT/USDT:USDT,0.04608,12887,0.04607,5829,0.04609,215,0.0461,1081
1753617249621,11:54:09.621,mexc,ACT/USDT:USDT,0.04608,12887,0.04607,9704,0.04609,215,0.0461,1081
1753617249891,11:54:09.891,mexc,ACT/USDT:USDT,0.04608,12887,0.04607,9704,0.04609,215,0.0461,1081
1753617250121,11:54:10.121,mexc,ACT/USDT:USDT,0.04608,12887,0.04607,8265,0.04609,215,0.0461,1081
1753617250392,11:54:10.392,mexc,ACT/USDT:USDT,0.04608,12887,0.04607,8265,0.04609,215,0.0461,1081
1753617250623,11:54:10.623,mexc,ACT/USDT:USDT,0.04608,12887,0.04607,8402,0.04609,215,0.0461,1081
1753617250894,11:54:10.894,mexc,ACT/USDT:USDT,0.04608,12887,0.04607,8402,0.04609,215,0.0461,1553
1753617251123,11:54:11.123,mexc,ACT/USDT:USDT,0.04608,12887,0.04607,7514,0.04609,215,0.0461,1553
1753617251393,11:54:11.393,mexc,ACT/USDT:USDT,0.04608,12887,0.04607,7514,0.04609,215,0.0461,1081
1753617251626,11:54:11.626,mexc,ACT/USDT:USDT,0.04608,12887,0.04607,5829,0.04609,215,0.0461,1081
1753617251892,11:54:11.892,mexc,ACT/USDT:USDT,0.04608,12887,0.04607,5829,0.04609,215,0.0461,1407
1753617252123,11:54:12.123,mexc,ACT/USDT:USDT,0.04608,12887,0.04607,6536,0.04609,215,0.0461,1407
1753617252484,11:54:12.484,mexc,ACT/USDT:USDT,0.04608,12887,0.04607,9022,0.04609,215,0.0461,1081
1753617252624,11:54:12.624,mexc,ACT/USDT:USDT,0.04607,2486,0.04606,5034,0.04608,754,0.04609,2973
1753617252893,11:54:12.893,mexc,ACT/USDT:USDT,0.04607,2486,0.04606,5034,0.04608,754,0.04609,4135
1753617253029,11:54:13.029,mexc,ACT/USDT:USDT,0.04607,2486,0.04606,3546,0.04608,754,0.04609,4135
1753617253296,11:54:13.296,mexc,ACT/USDT:USDT,0.04607,2486,0.04606,4148,0.04608,754,0.04609,2973
1753617253393,11:54:13.393,mexc,ACT/USDT:USDT,0.04607,2486,0.04606,4148,0.04608,754,0.04609,4450
1753617253626,11:54:13.626,mexc,ACT/USDT:USDT,0.04607,2486,0.04606,4102,0.04608,754,0.04609,4450
1753617253895,11:54:13.895,mexc,ACT/USDT:USDT,0.04607,2486,0.04606,4102,0.04608,754,0.04609,2973
1753617254126,11:54:14.126,mexc,ACT/USDT:USDT,0.04607,2486,0.04606,3546,0.04608,754,0.04609,2973
1753617254393,11:54:14.393,mexc,ACT/USDT:USDT,0.04607,2486,0.04606,3546,0.04608,754,0.04609,2973
1753617254631,11:54:14.631,mexc,ACT/USDT:USDT,0.04607,2486,0.04606,3546,0.04608,754,0.04609,2973
1753617254893,11:54:14.893,mexc,ACT/USDT:USDT,0.04607,2486,0.04606,3546,0.04608,754,0.04609,2973
1753617255127,11:54:15.127,mexc,ACT/USDT:USDT,0.04607,2486,0.04606,4850,0.04608,754,0.04609,2973
1753617255395,11:54:15.395,mexc,ACT/USDT:USDT,0.04607,2486,0.04606,4850,0.04608,754,0.04609,2973
1753617255627,11:54:15.627,mexc,ACT/USDT:USDT,0.04607,2486,0.04606,4302,0.04608,754,0.04609,2973
1753617255896,11:54:15.896,mexc,ACT/USDT:USDT,0.04607,2486,0.04606,4302,0.04608,754,0.04609,3481
1753617256127,11:54:16.127,mexc,ACT/USDT:USDT,0.04607,2486,0.04606,3546,0.04608,754,0.04609,3481
1753617256530,11:54:16.530,mexc,ACT/USDT:USDT,0.04607,2486,0.04606,3546,0.04608,754,0.04609,2973
1753617256629,11:54:16.629,mexc,ACT/USDT:USDT,0.04607,2486,0.04606,4153,0.04608,754,0.04609,2973
1753617256896,11:54:16.896,mexc,ACT/USDT:USDT,0.04607,2486,0.04606,4153,0.04608,754,0.04609,4398
1753617257127,11:54:17.127,mexc,ACT/USDT:USDT,0.04607,2486,0.04606,5864,0.04608,754,0.04609,4398
1753617257394,11:54:17.394,mexc,ACT/USDT:USDT,0.04607,2486,0.04606,5864,0.04608,754,0.04609,2973
1753617257629,11:54:17.629,mexc,ACT/USDT:USDT,0.04607,2486,0.04606,3546,0.04608,754,0.04609,2973
1753617257896,11:54:17.896,mexc,ACT/USDT:USDT,0.04607,2486,0.04606,3546,0.04608,754,0.04609,4035
1753617258129,11:54:18.129,mexc,ACT/USDT:USDT,0.04607,2486,0.04606,5003,0.04608,754,0.04609,4035
1753617258486,11:54:18.486,mexc,ACT/USDT:USDT,0.04607,2486,0.04606,5003,0.04608,1416,0.04609,4403
1753617258629,11:54:18.629,mexc,ACT/USDT:USDT,0.04607,2340,0.04606,4078,0.04608,662,0.04609,6423
1753617258897,11:54:18.897,mexc,ACT/USDT:USDT,0.04607,2340,0.04606,4078,0.04608,662,0.04609,6423
1753617259033,11:54:19.033,mexc,ACT/USDT:USDT,0.04607,2340,0.04606,4078,0.04608,662,0.04609,8972
1753617259300,11:54:19.300,mexc,ACT/USDT:USDT,0.04607,2340,0.04606,4078,0.04608,662,0.04609,8972
1753617259397,11:54:19.397,mexc,ACT/USDT:USDT,0.04607,2340,0.04606,4078,0.04608,662,0.04609,8068
1753617259631,11:54:19.631,mexc,ACT/USDT:USDT,0.04607,2340,0.04606,4078,0.04608,662,0.04609,8068
1753617259898,11:54:19.898,mexc,ACT/USDT:USDT,0.04607,2340,0.04606,4078,0.04608,662,0.04609,6423
1753617260131,11:54:20.131,mexc,ACT/USDT:USDT,0.04607,2340,0.04606,4078,0.04608,662,0.04609,6423
1753617260399,11:54:20.399,mexc,ACT/USDT:USDT,0.04607,2340,0.04606,4078,0.04608,662,0.04609,7608
1753617260634,11:54:20.634,mexc,ACT/USDT:USDT,0.04607,2340,0.04606,5583,0.04608,662,0.04609,7608
1753617260900,11:54:20.900,mexc,ACT/USDT:USDT,0.04607,2340,0.04606,5583,0.04608,662,0.04609,9641
1753617261133,11:54:21.133,mexc,ACT/USDT:USDT,0.04607,2340,0.04606,5483,0.04608,662,0.04609,9641
1753617261399,11:54:21.399,mexc,ACT/USDT:USDT,0.04607,2340,0.04606,5483,0.04608,662,0.04609,6423
1753617261632,11:54:21.632,mexc,ACT/USDT:USDT,0.04607,2340,0.04606,4078,0.04608,662,0.04609,6423
1753617261898,11:54:21.898,mexc,ACT/USDT:USDT,0.04607,2340,0.04606,4078,0.04608,662,0.04609,7379
1753617262131,11:54:22.131,mexc,ACT/USDT:USDT,0.04607,2340,0.04606,4078,0.04608,662,0.04609,7379
1753617262463,11:54:22.463,mexc,ACT/USDT:USDT,0.04607,2340,0.04606,4078,0.04608,662,0.04609,7247
1753617262632,11:54:22.632,mexc,ACT/USDT:USDT,0.04607,2340,0.04606,4078,0.04608,662,0.04609,7247
1753617262898,11:54:22.898,mexc,ACT/USDT:USDT,0.04607,2340,0.04606,4078,0.04608,662,0.04609,8109
1753617263034,11:54:23.034,mexc,ACT/USDT:USDT,0.04607,2340,0.04606,4078,0.04608,662,0.04609,8950
1753617263300,11:54:23.300,mexc,ACT/USDT:USDT,0.04607,2340,0.04606,5703,0.04608,662,0.04609,7264
1753617263397,11:54:23.397,mexc,ACT/USDT:USDT,0.04607,2340,0.04606,5703,0.04608,662,0.04609,6423
1753617263632,11:54:23.632,mexc,ACT/USDT:USDT,0.04607,2340,0.04606,4078,0.04608,662,0.04609,6423
1753617263899,11:54:23.899,mexc,ACT/USDT:USDT,0.04607,2340,0.04606,4078,0.04608,662,0.04609,6423
1753617264132,11:54:24.132,mexc,ACT/USDT:USDT,0.04607,2340,0.04606,4078,0.04608,662,0.04609,6423
1753617264488,11:54:24.488,mexc,ACT/USDT:USDT,0.04607,2340,0.04606,4078,0.04608,1347,0.04609,8438
1753617264634,11:54:24.634,mexc,ACT/USDT:USDT,0.04607,2416,0.04606,5579,0.04608,685,0.04609,5027
1753617264901,11:54:24.901,mexc,ACT/USDT:USDT,0.04607,2416,0.04606,5579,0.04608,685,0.04609,7271
1753617265037,11:54:25.037,mexc,ACT/USDT:USDT,0.04607,2416,0.04606,5579,0.04608,685,0.04609,7271
1753617265304,11:54:25.304,mexc,ACT/USDT:USDT,0.04607,2416,0.04606,5579,0.04608,685,0.04609,5027
1753617265400,11:54:25.400,mexc,ACT/USDT:USDT,0.04607,2416,0.04606,5579,0.04608,685,0.04609,6855
1753617265634,11:54:25.634,mexc,ACT/USDT:USDT,0.04607,2416,0.04606,5579,0.04608,685,0.04609,6855
1753617265902,11:54:25.902,mexc,ACT/USDT:USDT,0.04607,2416,0.04606,5579,0.04608,685,0.04609,5027
1753617266136,11:54:26.136,mexc,ACT/USDT:USDT,0.04607,2416,0.04606,10500,0.04608,685,0.04609,5027
1753617266399,11:54:26.399,mexc,ACT/USDT:USDT,0.04607,2416,0.04606,10500,0.04608,685,0.04609,6513
1753617266636,11:54:26.636,mexc,ACT/USDT:USDT,0.04607,2416,0.04606,5579,0.04608,685,0.04609,6513
1753617266899,11:54:26.899,mexc,ACT/USDT:USDT,0.04607,2416,0.04606,5579,0.04608,685,0.04609,5027
1753617267135,11:54:27.135,mexc,ACT/USDT:USDT,0.04607,2416,0.04606,7022,0.04608,685,0.04609,5027
1753617267399,11:54:27.399,mexc,ACT/USDT:USDT,0.04607,2416,0.04606,7022,0.04608,685,0.04609,7185
1753617267636,11:54:27.636,mexc,ACT/USDT:USDT,0.04607,2416,0.04606,5579,0.04608,685,0.04609,7185
1753617267912,11:54:27.912,mexc,ACT/USDT:USDT,0.04607,2416,0.04606,5579,0.04608,685,0.04609,5027
1753617268136,11:54:28.136,mexc,ACT/USDT:USDT,0.04607,2416,0.04606,5579,0.04608,685,0.04609,5027
1753617268468,11:54:28.468,mexc,ACT/USDT:USDT,0.04607,2416,0.04606,5579,0.04608,685,0.04609,6497
1753617268637,11:54:28.637,mexc,ACT/USDT:USDT,0.04607,2416,0.04606,8327,0.04608,685,0.04609,6497
1753617268897,11:54:28.897,mexc,ACT/USDT:USDT,0.04607,2416,0.04606,8327,0.04608,685,0.04609,5027
1753617269040,11:54:29.040,mexc,ACT/USDT:USDT,0.04607,2416,0.04606,5579,0.04608,685,0.04609,5027
1753617269302,11:54:29.302,mexc,ACT/USDT:USDT,0.04607,2416,0.04606,8038,0.04608,685,0.04609,5027
1753617269402,11:54:29.402,mexc,ACT/USDT:USDT,0.04607,2416,0.04606,8038,0.04608,685,0.04609,5927
1753617269638,11:54:29.638,mexc,ACT/USDT:USDT,0.04607,2416,0.04606,5579,0.04608,685,0.04609,5927
1753617269901,11:54:29.901,mexc,ACT/USDT:USDT,0.04607,2416,0.04606,5579,0.04608,685,0.04609,5027
1753617270138,11:54:30.138,mexc,ACT/USDT:USDT,0.04607,2416,0.04606,7035,0.04608,685,0.04609,5027
1753617270489,11:54:30.489,mexc,ACT/USDT:USDT,0.04607,2416,0.04606,7035,0.04608,1261,0.04609,5755
1753617270638,11:54:30.638,mexc,ACT/USDT:USDT,0.04607,2258,0.04606,4615,0.04608,576,0.04609,5917
1753617270899,11:54:30.899,mexc,ACT/USDT:USDT,0.04607,2258,0.04606,4615,0.04608,576,0.04609,5917
1753617271042,11:54:31.042,mexc,ACT/USDT:USDT,0.04607,2258,0.04606,3758,0.04608,576,0.04609,7818
1753617271301,11:54:31.301,mexc,ACT/USDT:USDT,0.04607,2258,0.04606,3758,0.04608,576,0.04609,7818
1753617271401,11:54:31.401,mexc,ACT/USDT:USDT,0.04607,2258,0.04606,3758,0.04608,576,0.04609,8710
1753617271640,11:54:31.640,mexc,ACT/USDT:USDT,0.04607,2258,0.04606,3758,0.04608,576,0.04609,8710
1753617271905,11:54:31.905,mexc,ACT/USDT:USDT,0.04607,2258,0.04606,3758,0.04608,576,0.04609,8615
1753617272140,11:54:32.140,mexc,ACT/USDT:USDT,0.04607,2258,0.04606,3758,0.04608,576,0.04609,8615
1753617272402,11:54:32.402,mexc,ACT/USDT:USDT,0.04607,2258,0.04606,3758,0.04608,576,0.04609,5917
1753617272640,11:54:32.640,mexc,ACT/USDT:USDT,0.04607,2258,0.04606,4668,0.04608,576,0.04609,5917
1753617272903,11:54:32.903,mexc,ACT/USDT:USDT,0.04607,2258,0.04606,4668,0.04608,576,0.04609,7057
1753617273147,11:54:33.147,mexc,ACT/USDT:USDT,0.04607,2258,0.04606,4382,0.04608,576,0.04609,7057
1753617273400,11:54:33.400,mexc,ACT/USDT:USDT,0.04607,2258,0.04606,4382,0.04608,576,0.04609,8151
1753617273648,11:54:33.648,mexc,ACT/USDT:USDT,0.04607,2258,0.04606,5451,0.04608,576,0.04609,8151
1753617273900,11:54:33.900,mexc,ACT/USDT:USDT,0.04607,2258,0.04606,5451,0.04608,576,0.04609,5917
1753617274151,11:54:34.151,mexc,ACT/USDT:USDT,0.04607,2258,0.04606,5544,0.04608,576,0.04609,5917
1753617274470,11:54:34.470,mexc,ACT/USDT:USDT,0.04607,2258,0.04606,5544,0.04608,576,0.04609,5917
1753617274648,11:54:34.648,mexc,ACT/USDT:USDT,0.04607,2258,0.04606,4439,0.04608,576,0.04609,5917
1753617274904,11:54:34.904,mexc,ACT/USDT:USDT,0.04607,2258,0.04606,4439,0.04608,576,0.04609,5917
1753617275051,11:54:35.051,mexc,ACT/USDT:USDT,0.04607,2258,0.04606,3758,0.04608,576,0.04609,6798
1753617275305,11:54:35.305,mexc,ACT/USDT:USDT,0.04607,2258,0.04606,5055,0.04608,576,0.04609,5917
1753617275552,11:54:35.552,mexc,ACT/USDT:USDT,0.04607,2258,0.04606,3758,0.04608,576,0.04609,8456
1753617275648,11:54:35.648,mexc,ACT/USDT:USDT,0.04607,2258,0.04606,3758,0.04608,576,0.04609,8456
1753617275902,11:54:35.902,mexc,ACT/USDT:USDT,0.04607,2258,0.04606,3758,0.04608,576,0.04609,7572
1753617276149,11:54:36.149,mexc,ACT/USDT:USDT,0.04607,2258,0.04606,3758,0.04608,576,0.04609,7572
1753617276491,11:54:36.491,mexc,ACT/USDT:USDT,0.04607,2258,0.04606,8788,0.04608,576,0.04609,7425
1753617276648,11:54:36.648,mexc,ACT/USDT:USDT,0.04606,5030,0.04605,4086,0.04607,1393,0.04608,3716
1753617276903,11:54:36.903,mexc,ACT/USDT:USDT,0.04606,5030,0.04605,4086,0.04607,1393,0.04608,3716
1753617277051,11:54:37.051,mexc,ACT/USDT:USDT,0.04606,5030,0.04605,3127,0.04607,1393,0.04608,4990
1753617277305,11:54:37.305,mexc,ACT/USDT:USDT,0.04606,5030,0.04605,3127,0.04607,1393,0.04608,4990
1753617277403,11:54:37.403,mexc,ACT/USDT:USDT,0.04606,5030,0.04605,3127,0.04607,1393,0.04608,4627
1753617277649,11:54:37.649,mexc,ACT/USDT:USDT,0.04606,5030,0.04605,3127,0.04607,1393,0.04608,4627
1753617277904,11:54:37.904,mexc,ACT/USDT:USDT,0.04606,5030,0.04605,3127,0.04607,1393,0.04608,5039
1753617278150,11:54:38.150,mexc,ACT/USDT:USDT,0.04606,5030,0.04605,4072,0.04607,1393,0.04608,5039
1753617278403,11:54:38.403,mexc,ACT/USDT:USDT,0.04606,5030,0.04605,4072,0.04607,1393,0.04608,5026
1753617278649,11:54:38.649,mexc,ACT/USDT:USDT,0.04606,5030,0.04605,3127,0.04607,1393,0.04608,5026
1753617278904,11:54:38.904,mexc,ACT/USDT:USDT,0.04606,5030,0.04605,3127,0.04607,1393,0.04608,5187
1753617279149,11:54:39.149,mexc,ACT/USDT:USDT,0.04606,5030,0.04605,3127,0.04607,1393,0.04608,5187
1753617279403,11:54:39.403,mexc,ACT/USDT:USDT,0.04606,5030,0.04605,3127,0.04607,1393,0.04608,5343
1753617279649,11:54:39.649,mexc,ACT/USDT:USDT,0.04606,5030,0.04605,4569,0.04607,1393,0.04608,5343
1753617279904,11:54:39.904,mexc,ACT/USDT:USDT,0.04606,5030,0.04605,4569,0.04607,1393,0.04608,3716
1753617280148,11:54:40.148,mexc,ACT/USDT:USDT,0.04606,5030,0.04605,4367,0.04607,1393,0.04608,3716
1753617280472,11:54:40.472,mexc,ACT/USDT:USDT,0.04606,5030,0.04605,4367,0.04607,1393,0.04608,3716
1753617280649,11:54:40.649,mexc,ACT/USDT:USDT,0.04606,5030,0.04605,3127,0.04607,1393,0.04608,3716
1753617280905,11:54:40.905,mexc,ACT/USDT:USDT,0.04606,5030,0.04605,3127,0.04607,1393,0.04608,3716
1753617281052,11:54:41.052,mexc,ACT/USDT:USDT,0.04606,5030,0.04605,3127,0.04607,1393,0.04608,3716
1753617281305,11:54:41.305,mexc,ACT/USDT:USDT,0.04606,5030,0.04605,3127,0.04607,1393,0.04608,3716
1753617281402,11:54:41.402,mexc,ACT/USDT:USDT,0.04606,5030,0.04605,3127,0.04607,1393,0.04608,3716
1753617281650,11:54:41.650,mexc,ACT/USDT:USDT,0.04606,5030,0.04605,3127,0.04607,1393,0.04608,3716
1753617281905,11:54:41.905,mexc,ACT/USDT:USDT,0.04606,5030,0.04605,3127,0.04607,1393,0.04608,3716
1753617282150,11:54:42.150,mexc,ACT/USDT:USDT,0.04606,5030,0.04605,3447,0.04607,1393,0.04608,3716
1753617282493,11:54:42.493,mexc,ACT/USDT:USDT,0.04606,5030,0.04605,3447,0.04607,2467,0.04608,4411
1753617282650,11:54:42.650,mexc,ACT/USDT:USDT,0.04606,4997,0.04605,3852,0.04607,1074,0.04608,4930
1753617282907,11:54:42.907,mexc,ACT/USDT:USDT,0.04606,4997,0.04605,3852,0.04607,1074,0.04608,4930
1753617283087,11:54:43.087,mexc,ACT/USDT:USDT,0.04606,4997,0.04605,3852,0.04607,1074,0.04608,4930
1753617283305,11:54:43.305,mexc,ACT/USDT:USDT,0.04606,4997,0.04605,3852,0.04607,1074,0.04608,4930
1753617283403,11:54:43.403,mexc,ACT/USDT:USDT,0.04606,4997,0.04605,3852,0.04607,1074,0.04608,5477
1753617283652,11:54:43.652,mexc,ACT/USDT:USDT,0.04606,4997,0.04605,4992,0.04607,1074,0.04608,5477
1753617283903,11:54:43.903,mexc,ACT/USDT:USDT,0.04606,4997,0.04605,4992,0.04607,1074,0.04608,5491
1753617284161,11:54:44.161,mexc,ACT/USDT:USDT,0.04606,4997,0.04605,5567,0.04607,1074,0.04608,5491
1753617284404,11:54:44.404,mexc,ACT/USDT:USDT,0.04606,4997,0.04605,5567,0.04607,1074,0.04608,6748
1753617284652,11:54:44.652,mexc,ACT/USDT:USDT,0.04606,4997,0.04605,3852,0.04607,1074,0.04608,6748
1753617284904,11:54:44.904,mexc,ACT/USDT:USDT,0.04606,4997,0.04605,3852,0.04607,1074,0.04608,6241
1753617285155,11:54:45.155,mexc,ACT/USDT:USDT,0.04606,4997,0.04605,3852,0.04607,1074,0.04608,6241
1753617285402,11:54:45.402,mexc,ACT/USDT:USDT,0.04606,4997,0.04605,3852,0.04607,1074,0.04608,5778
1753617285653,11:54:45.653,mexc,ACT/USDT:USDT,0.04606,4997,0.04605,5993,0.04607,1074,0.04608,5778
1753617285913,11:54:45.913,mexc,ACT/USDT:USDT,0.04606,4997,0.04605,5993,0.04607,1074,0.04608,6157
1753617286153,11:54:46.153,mexc,ACT/USDT:USDT,0.04606,4997,0.04605,3852,0.04607,1074,0.04608,6157
1753617286477,11:54:46.477,mexc,ACT/USDT:USDT,0.04606,4997,0.04605,3852,0.04607,1074,0.04608,6384
1753617286653,11:54:46.653,mexc,ACT/USDT:USDT,0.04606,4997,0.04605,4879,0.04607,1074,0.04608,6384
1753617286904,11:54:46.904,mexc,ACT/USDT:USDT,0.04606,4997,0.04605,4879,0.04607,1074,0.04608,4930
1753617287055,11:54:47.055,mexc,ACT/USDT:USDT,0.04606,4997,0.04605,3852,0.04607,1074,0.04608,4930
1753617287309,11:54:47.309,mexc,ACT/USDT:USDT,0.04606,4997,0.04605,6080,0.04607,1074,0.04608,4930
1753617287402,11:54:47.402,mexc,ACT/USDT:USDT,0.04606,4997,0.04605,6080,0.04607,1074,0.04608,5682
1753617287654,11:54:47.654,mexc,ACT/USDT:USDT,0.04606,4997,0.04605,5345,0.04607,1074,0.04608,5682
1753617287907,11:54:47.907,mexc,ACT/USDT:USDT,0.04606,4997,0.04605,5345,0.04607,1074,0.04608,4930
1753617288154,11:54:48.154,mexc,ACT/USDT:USDT,0.04606,4997,0.04605,3852,0.04607,1074,0.04608,4930
1753617288494,11:54:48.494,mexc,ACT/USDT:USDT,0.04606,4997,0.04605,3852,0.04607,4698,0.04608,4930
1753617288655,11:54:48.655,mexc,ACT/USDT:USDT,0.04606,4939,0.04605,3725,0.04607,3624,0.04608,3029
1753617288901,11:54:48.901,mexc,ACT/USDT:USDT,0.04606,4939,0.04605,3725,0.04607,3624,0.04608,3029
1753617289058,11:54:49.058,mexc,ACT/USDT:USDT,0.04606,4939,0.04605,2879,0.04607,3624,0.04608,4074
1753617289307,11:54:49.307,mexc,ACT/USDT:USDT,0.04606,4939,0.04605,2879,0.04607,3624,0.04608,4074
1753617289404,11:54:49.404,mexc,ACT/USDT:USDT,0.04606,4939,0.04605,2879,0.04607,3624,0.04608,3422
1753617289655,11:54:49.655,mexc,ACT/USDT:USDT,0.04606,4939,0.04605,2879,0.04607,3624,0.04608,3422
1753617289903,11:54:49.903,mexc,ACT/USDT:USDT,0.04606,4939,0.04605,2879,0.04607,3624,0.04608,3589
1753617290155,11:54:50.155,mexc,ACT/USDT:USDT,0.04606,4939,0.04605,2879,0.04607,3624,0.04608,3589
1753617290404,11:54:50.404,mexc,ACT/USDT:USDT,0.04606,4939,0.04605,2879,0.04607,3624,0.04608,3029
1753617290654,11:54:50.654,mexc,ACT/USDT:USDT,0.04606,4939,0.04605,2879,0.04607,3624,0.04608,3029
1753617290902,11:54:50.902,mexc,ACT/USDT:USDT,0.04606,4939,0.04605,2879,0.04607,3624,0.04608,3516
1753617291183,11:54:51.183,mexc,ACT/USDT:USDT,0.04606,4939,0.04605,3328,0.04607,3624,0.04608,3516
1753617291403,11:54:51.403,mexc,ACT/USDT:USDT,0.04606,4939,0.04605,3328,0.04607,3624,0.04608,3542
1753617291681,11:54:51.681,mexc,ACT/USDT:USDT,0.04606,4939,0.04605,3576,0.04607,3624,0.04608,3542
1753617291907,11:54:51.907,mexc,ACT/USDT:USDT,0.04606,4939,0.04605,3576,0.04607,3624,0.04608,3948
1753617292180,11:54:52.180,mexc,ACT/USDT:USDT,0.04606,4939,0.04605,2879,0.04607,3624,0.04608,3948
1753617292489,11:54:52.489,mexc,ACT/USDT:USDT,0.04606,4939,0.04605,2879,0.04607,3624,0.04608,3029
1753617292684,11:54:52.684,mexc,ACT/USDT:USDT,0.04606,4939,0.04605,2879,0.04607,3624,0.04608,3029
1753617292907,11:54:52.907,mexc,ACT/USDT:USDT,0.04606,4939,0.04605,2879,0.04607,3624,0.04608,3029
1753617293084,11:54:53.084,mexc,ACT/USDT:USDT,0.04606,4939,0.04605,2879,0.04607,3624,0.04608,4010
1753617293310,11:54:53.310,mexc,ACT/USDT:USDT,0.04606,4939,0.04605,4117,0.04607,3624,0.04608,4010
1753617293481,11:54:53.481,mexc,ACT/USDT:USDT,0.04606,4939,0.04605,4117,0.04607,3624,0.04608,4023
1753617293683,11:54:53.683,mexc,ACT/USDT:USDT,0.04606,4939,0.04605,2879,0.04607,3624,0.04608,4023
1753617293981,11:54:53.981,mexc,ACT/USDT:USDT,0.04606,4939,0.04605,2879,0.04607,3624,0.04608,3029
1753617294183,11:54:54.183,mexc,ACT/USDT:USDT,0.04606,4939,0.04605,2879,0.04607,3624,0.04608,3029
1753617294496,11:54:54.496,mexc,ACT/USDT:USDT,0.04606,4939,0.04605,2879,0.04607,4749,0.04608,3029
1753617294682,11:54:54.682,mexc,ACT/USDT:USDT,0.04606,4305,0.04605,3411,0.04607,1125,0.04608,3480
1753617294981,11:54:54.981,mexc,ACT/USDT:USDT,0.04606,4305,0.04605,3411,0.04607,1125,0.04608,4072
1753617295086,11:54:55.086,mexc,ACT/USDT:USDT,0.04606,4305,0.04605,3411,0.04607,1125,0.04608,4072
1753617295182,11:54:55.182,mexc,ACT/USDT:USDT,0.04606,4305,0.04605,3411,0.04607,1125,0.04608,4072
1753617295481,11:54:55.481,mexc,ACT/USDT:USDT,0.04606,4305,0.04605,3411,0.04607,1125,0.04608,3480
1753617295686,11:54:55.686,mexc,ACT/USDT:USDT,0.04606,4305,0.04605,3411,0.04607,1125,0.04608,3480
1753617295982,11:54:55.982,mexc,ACT/USDT:USDT,0.04606,4305,0.04605,3411,0.04607,1125,0.04608,4419
1753617296184,11:54:56.184,mexc,ACT/USDT:USDT,0.04606,4305,0.04605,3411,0.04607,1125,0.04608,4419
1753617296482,11:54:56.482,mexc,ACT/USDT:USDT,0.04606,4305,0.04605,3411,0.04607,1125,0.04608,3480
1753617296685,11:54:56.685,mexc,ACT/USDT:USDT,0.04606,4305,0.04605,4593,0.04607,1125,0.04608,3480
1753617296981,11:54:56.981,mexc,ACT/USDT:USDT,0.04606,4305,0.04605,4593,0.04607,1125,0.04608,3480
1753617297186,11:54:57.186,mexc,ACT/USDT:USDT,0.04606,4305,0.04605,4090,0.04607,1125,0.04608,3480
1753617297588,11:54:57.588,mexc,ACT/USDT:USDT,0.04606,4305,0.04605,4090,0.04607,1125,0.04608,5119
1753617297687,11:54:57.687,mexc,ACT/USDT:USDT,0.04606,4305,0.04605,3411,0.04607,1125,0.04608,5119
1753617297983,11:54:57.983,mexc,ACT/USDT:USDT,0.04606,4305,0.04605,3411,0.04607,1125,0.04608,5081
1753617298186,11:54:58.186,mexc,ACT/USDT:USDT,0.04606,4305,0.04605,3411,0.04607,1125,0.04608,5081
1753617298529,11:54:58.529,mexc,ACT/USDT:USDT,0.04606,4305,0.04605,3411,0.04607,1125,0.04608,5140
1753617298686,11:54:58.686,mexc,ACT/USDT:USDT,0.04606,4305,0.04605,3411,0.04607,1125,0.04608,5140
1753617298986,11:54:58.986,mexc,ACT/USDT:USDT,0.04606,4305,0.04605,3411,0.04607,1125,0.04608,3480
1753617299091,11:54:59.091,mexc,ACT/USDT:USDT,0.04606,4305,0.04605,3411,0.04607,1125,0.04608,3480
1753617299387,11:54:59.387,mexc,ACT/USDT:USDT,0.04606,4305,0.04605,4502,0.04607,1125,0.04608,3480
1753617299483,11:54:59.483,mexc,ACT/USDT:USDT,0.04606,4305,0.04605,4502,0.04607,1125,0.04608,4616
1753617299687,11:54:59.687,mexc,ACT/USDT:USDT,0.04606,4305,0.04605,3920,0.04607,1125,0.04608,4616
1753617299983,11:54:59.983,mexc,ACT/USDT:USDT,0.04606,4305,0.04605,3920,0.04607,1125,0.04608,3480
1753617300188,11:55:00.188,mexc,ACT/USDT:USDT,0.04606,4305,0.04605,4561,0.04607,1125,0.04608,3480
1753617300497,11:55:00.497,mexc,ACT/USDT:USDT,0.04606,4305,0.04605,4561,0.04607,2703,0.04608,3480
1753617300689,11:55:00.689,mexc,ACT/USDT:USDT,0.04606,4520,0.04605,4359,0.04607,1578,0.04608,5011
1753617300986,11:55:00.986,mexc,ACT/USDT:USDT,0.04606,4520,0.04605,4359,0.04607,1578,0.04608,5011
1753617301092,11:55:01.092,mexc,ACT/USDT:USDT,0.04606,4520,0.04605,3079,0.04607,1578,0.04608,5011
1753617301189,11:55:01.189,mexc,ACT/USDT:USDT,0.04606,4520,0.04605,4568,0.04607,1578,0.04608,5011
1753617301592,11:55:01.592,mexc,ACT/USDT:USDT,0.04606,4520,0.04605,3079,0.04607,1578,0.04608,7238
1753617301689,11:55:01.689,mexc,ACT/USDT:USDT,0.04606,4520,0.04605,4904,0.04607,1578,0.04608,7238
1753617301986,11:55:01.986,mexc,ACT/USDT:USDT,0.04606,4520,0.04605,4904,0.04607,1578,0.04608,5752
1753617302189,11:55:02.189,mexc,ACT/USDT:USDT,0.04606,4520,0.04605,3828,0.04607,1578,0.04608,5752
1753617302486,11:55:02.486,mexc,ACT/USDT:USDT,0.04606,4520,0.04605,3828,0.04607,1578,0.04608,6927
1753617302688,11:55:02.688,mexc,ACT/USDT:USDT,0.04606,4520,0.04605,3758,0.04607,1578,0.04608,6927
1753617302988,11:55:02.988,mexc,ACT/USDT:USDT,0.04606,4520,0.04605,3758,0.04607,1578,0.04608,5011
1753617303190,11:55:03.190,mexc,ACT/USDT:USDT,0.04606,4520,0.04605,3933,0.04607,1578,0.04608,6494
1753617303488,11:55:03.488,mexc,ACT/USDT:USDT,0.04606,4520,0.04605,3933,0.04607,1578,0.04608,5011
1753617303595,11:55:03.595,mexc,ACT/USDT:USDT,0.04606,4520,0.04605,3079,0.04607,1578,0.04608,5011
1753617303889,11:55:03.889,mexc,ACT/USDT:USDT,0.04606,4520,0.04605,3079,0.04607,1578,0.04608,5011
1753617303988,11:55:03.988,mexc,ACT/USDT:USDT,0.04606,4520,0.04605,3079,0.04607,1578,0.04608,7307
1753617304190,11:55:04.190,mexc,ACT/USDT:USDT,0.04606,4520,0.04605,3079,0.04607,1578,0.04608,7307
1753617304495,11:55:04.495,mexc,ACT/USDT:USDT,0.04606,4520,0.04605,3079,0.04607,1578,0.04608,5984
1753617304689,11:55:04.689,mexc,ACT/USDT:USDT,0.04606,4520,0.04605,4586,0.04607,1578,0.04608,5984
1753617304988,11:55:04.988,mexc,ACT/USDT:USDT,0.04606,4520,0.04605,4586,0.04607,1578,0.04608,6053
1753617305094,11:55:05.094,mexc,ACT/USDT:USDT,0.04606,4520,0.04605,3079,0.04607,1578,0.04608,6053
1753617305388,11:55:05.388,mexc,ACT/USDT:USDT,0.04606,4520,0.04605,3951,0.04607,1578,0.04608,5011
1753617305488,11:55:05.488,mexc,ACT/USDT:USDT,0.04606,4520,0.04605,3951,0.04607,1578,0.04608,6558
1753617305690,11:55:05.690,mexc,ACT/USDT:USDT,0.04606,4520,0.04605,3079,0.04607,1578,0.04608,6558
1753617305991,11:55:05.991,mexc,ACT/USDT:USDT,0.04606,4520,0.04605,3079,0.04607,1578,0.04608,7511
1753617306190,11:55:06.190,mexc,ACT/USDT:USDT,0.04606,4520,0.04605,3875,0.04607,1578,0.04608,7511
1753617306496,11:55:06.496,mexc,ACT/USDT:USDT,0.04606,4520,0.04605,3875,0.04607,1578,0.04608,5011
1753617306690,11:55:06.690,mexc,ACT/USDT:USDT,0.04604,109,0.04603,4375,0.04605,5764,0.04606,8507
1753617306990,11:55:06.990,mexc,ACT/USDT:USDT,0.04604,109,0.04603,4375,0.04605,5764,0.04606,8507
1753617307191,11:55:07.191,mexc,ACT/USDT:USDT,0.04604,109,0.04603,2445,0.04605,5764,0.04606,8507
1753617307487,11:55:07.487,mexc,ACT/USDT:USDT,0.04604,109,0.04603,2445,0.04605,5764,0.04606,8507
1753617307596,11:55:07.596,mexc,ACT/USDT:USDT,0.04604,109,0.04603,2445,0.04605,5764,0.04606,8507
1753617307890,11:55:07.890,mexc,ACT/USDT:USDT,0.04604,109,0.04603,3350,0.04605,5764,0.04606,8507
1753617307988,11:55:07.988,mexc,ACT/USDT:USDT,0.04604,109,0.04603,3350,0.04605,5764,0.04606,10221
1753617308192,11:55:08.192,mexc,ACT/USDT:USDT,0.04604,109,0.04603,2445,0.04605,5764,0.04606,10221
1753617308490,11:55:08.490,mexc,ACT/USDT:USDT,0.04604,109,0.04603,2445,0.04605,5764,0.04606,8507
1753617308692,11:55:08.692,mexc,ACT/USDT:USDT,0.04604,109,0.04603,2849,0.04605,5764,0.04606,8507
1753617308989,11:55:08.989,mexc,ACT/USDT:USDT,0.04604,109,0.04603,2849,0.04605,5764,0.04606,11117
1753617309192,11:55:09.192,mexc,ACT/USDT:USDT,0.04604,109,0.04603,2762,0.04605,5764,0.04606,11117
1753617309490,11:55:09.490,mexc,ACT/USDT:USDT,0.04604,109,0.04603,2762,0.04605,5764,0.04606,8507
1753617309693,11:55:09.693,mexc,ACT/USDT:USDT,0.04604,109,0.04603,2445,0.04605,5764,0.04606,8507
1753617309988,11:55:09.988,mexc,ACT/USDT:USDT,0.04604,109,0.04603,2445,0.04605,5764,0.04606,12632
1753617310193,11:55:10.193,mexc,ACT/USDT:USDT,0.04604,109,0.04603,3222,0.04605,5764,0.04606,12632
1753617310496,11:55:10.496,mexc,ACT/USDT:USDT,0.04604,109,0.04603,3222,0.04605,5764,0.04606,11670
1753617310695,11:55:10.695,mexc,ACT/USDT:USDT,0.04604,109,0.04603,2445,0.04605,5764,0.04606,11670
1753617310989,11:55:10.989,mexc,ACT/USDT:USDT,0.04604,109,0.04603,2445,0.04605,5764,0.04606,8507
1753617311099,11:55:11.099,mexc,ACT/USDT:USDT,0.04604,109,0.04603,2445,0.04605,5764,0.04606,8507
1753617311391,11:55:11.391,mexc,ACT/USDT:USDT,0.04604,109,0.04603,3281,0.04605,5764,0.04606,8507
1753617311489,11:55:11.489,mexc,ACT/USDT:USDT,0.04604,109,0.04603,3281,0.04605,5764,0.04606,8507
1753617311695,11:55:11.695,mexc,ACT/USDT:USDT,0.04604,109,0.04603,2445,0.04605,5764,0.04606,8507
1753617311989,11:55:11.989,mexc,ACT/USDT:USDT,0.04604,109,0.04603,2445,0.04605,5764,0.04606,8507
1753617312196,11:55:12.196,mexc,ACT/USDT:USDT,0.04604,109,0.04603,2445,0.04605,5764,0.04606,8507
1753617312499,11:55:12.499,mexc,ACT/USDT:USDT,0.04604,109,0.04603,2795,0.04605,5764,0.04606,8507
1753617312696,11:55:12.696,mexc,ACT/USDT:USDT,0.04603,350,0.04602,7874,0.04604,3645,0.04605,5413
1753617312989,11:55:12.989,mexc,ACT/USDT:USDT,0.04603,350,0.04602,7874,0.04604,3645,0.04605,5413
1753617313101,11:55:13.101,mexc,ACT/USDT:USDT,0.04603,350,0.04602,5640,0.04604,3645,0.04605,6831
1753617313394,11:55:13.394,mexc,ACT/USDT:USDT,0.04603,350,0.04602,5640,0.04604,3645,0.04605,6831
1753617313508,11:55:13.508,mexc,ACT/USDT:USDT,0.04603,350,0.04602,5640,0.04604,3645,0.04605,5413
1753617313699,11:55:13.699,mexc,ACT/USDT:USDT,0.04603,350,0.04602,8400,0.04604,3645,0.04605,5413
1753617314101,11:55:14.101,mexc,ACT/USDT:USDT,0.04603,350,0.04602,5640,0.04604,3645,0.04605,5413
1753617314197,11:55:14.197,mexc,ACT/USDT:USDT,0.04603,350,0.04602,9042,0.04604,3645,0.04605,5413
1753617314492,11:55:14.492,mexc,ACT/USDT:USDT,0.04603,350,0.04602,9042,0.04604,3645,0.04605,5977
1753617314698,11:55:14.698,mexc,ACT/USDT:USDT,0.04603,350,0.04602,5640,0.04604,3645,0.04605,5977
1753617314991,11:55:14.991,mexc,ACT/USDT:USDT,0.04603,350,0.04602,5640,0.04604,3645,0.04605,5413
1753617315198,11:55:15.198,mexc,ACT/USDT:USDT,0.04603,350,0.04602,7481,0.04604,3645,0.04605,5413
1753617315493,11:55:15.493,mexc,ACT/USDT:USDT,0.04603,350,0.04602,7481,0.04604,3645,0.04605,7239
1753617315697,11:55:15.697,mexc,ACT/USDT:USDT,0.04603,350,0.04602,6983,0.04604,3645,0.04605,7239
1753617315995,11:55:15.995,mexc,ACT/USDT:USDT,0.04603,350,0.04602,6983,0.04604,3645,0.04605,5413
1753617316198,11:55:16.198,mexc,ACT/USDT:USDT,0.04603,350,0.04602,5640,0.04604,3645,0.04605,5413
1753617316501,11:55:16.501,mexc,ACT/USDT:USDT,0.04603,350,0.04602,5640,0.04604,3645,0.04605,5413
1753617316699,11:55:16.699,mexc,ACT/USDT:USDT,0.04603,350,0.04602,7466,0.04604,3645,0.04605,5413
1753617316994,11:55:16.994,mexc,ACT/USDT:USDT,0.04603,350,0.04602,7466,0.04604,3645,0.04605,5413
1753617317102,11:55:17.102,mexc,ACT/USDT:USDT,0.04603,350,0.04602,5640,0.04604,3645,0.04605,6189
1753617317396,11:55:17.396,mexc,ACT/USDT:USDT,0.04603,350,0.04602,5640,0.04604,3645,0.04605,6189
1753617317494,11:55:17.494,mexc,ACT/USDT:USDT,0.04603,350,0.04602,5640,0.04604,3645,0.04605,6268
1753617317698,11:55:17.698,mexc,ACT/USDT:USDT,0.04603,350,0.04602,5640,0.04604,3645,0.04605,6268
1753617317992,11:55:17.992,mexc,ACT/USDT:USDT,0.04603,350,0.04602,5640,0.04604,3645,0.04605,5413
1753617318200,11:55:18.200,mexc,ACT/USDT:USDT,0.04603,350,0.04602,5640,0.04604,3645,0.04605,5413
1753617318503,11:55:18.503,mexc,ACT/USDT:USDT,0.04603,350,0.04602,7608,0.04604,3645,0.04605,5413
1753617318698,11:55:18.698,mexc,ACT/USDT:USDT,0.04602,1968,0.04601,5471,0.04603,2936,0.04604,3175
1753617318993,11:55:18.993,mexc,ACT/USDT:USDT,0.04602,1968,0.04601,5471,0.04603,2936,0.04604,3175
1753617319102,11:55:19.102,mexc,ACT/USDT:USDT,0.04602,1968,0.04601,5471,0.04603,2936,0.04604,3175
1753617319395,11:55:19.395,mexc,ACT/USDT:USDT,0.04602,1968,0.04601,8019,0.04603,2936,0.04604,3175
1753617319492,11:55:19.492,mexc,ACT/USDT:USDT,0.04602,1968,0.04601,8019,0.04603,2936,0.04604,3175
1753617319700,11:55:19.700,mexc,ACT/USDT:USDT,0.04602,1968,0.04601,5471,0.04603,2936,0.04604,3175
1753617319995,11:55:19.995,mexc,ACT/USDT:USDT,0.04602,1968,0.04601,5471,0.04603,2936,0.04604,4015
1753617320200,11:55:20.200,mexc,ACT/USDT:USDT,0.04602,1968,0.04601,5471,0.04603,2936,0.04604,4015
1753617320496,11:55:20.496,mexc,ACT/USDT:USDT,0.04602,1968,0.04601,5471,0.04603,2936,0.04604,3175
1753617320700,11:55:20.700,mexc,ACT/USDT:USDT,0.04602,1968,0.04601,5471,0.04603,2936,0.04604,3175
1753617320993,11:55:20.993,mexc,ACT/USDT:USDT,0.04602,1968,0.04601,5471,0.04603,2936,0.04604,3175
1753617321201,11:55:21.201,mexc,ACT/USDT:USDT,0.04602,1968,0.04601,7720,0.04603,2936,0.04604,3175
1753617321495,11:55:21.495,mexc,ACT/USDT:USDT,0.04602,1968,0.04601,7720,0.04603,2936,0.04604,4833
1753617321701,11:55:21.701,mexc,ACT/USDT:USDT,0.04602,1968,0.04601,5471,0.04603,2936,0.04604,4833
1753617321994,11:55:21.994,mexc,ACT/USDT:USDT,0.04602,1968,0.04601,5471,0.04603,2936,0.04604,3175
1753617322201,11:55:22.201,mexc,ACT/USDT:USDT,0.04602,1968,0.04601,5471,0.04603,2936,0.04604,3175
1753617322502,11:55:22.502,mexc,ACT/USDT:USDT,0.04602,1968,0.04601,5471,0.04603,2936,0.04604,3175
1753617322701,11:55:22.701,mexc,ACT/USDT:USDT,0.04602,1968,0.04601,6132,0.04603,2936,0.04604,3175
1753617322903,11:55:22.903,mexc,ACT/USDT:USDT,0.04602,1968,0.04601,6132,0.04603,2936,0.04604,3175
1753617323103,11:55:23.103,mexc,ACT/USDT:USDT,0.04602,1968,0.04601,5471,0.04603,2936,0.04604,4479
1753617323396,11:55:23.396,mexc,ACT/USDT:USDT,0.04602,1968,0.04601,6409,0.04603,2936,0.04604,4479
1753617323495,11:55:23.495,mexc,ACT/USDT:USDT,0.04602,1968,0.04601,6409,0.04603,2936,0.04604,3175
1753617323703,11:55:23.703,mexc,ACT/USDT:USDT,0.04602,1968,0.04601,7965,0.04603,2936,0.04604,3175
1753617323993,11:55:23.993,mexc,ACT/USDT:USDT,0.04602,1968,0.04601,7965,0.04603,2936,0.04604,3175
1753617324203,11:55:24.203,mexc,ACT/USDT:USDT,0.04602,1968,0.04601,6500,0.04603,2936,0.04604,3175
1753617324513,11:55:24.513,mexc,ACT/USDT:USDT,0.04601,2189,0.046,5294,0.04602,2542,0.04603,2936
1753617324703,11:55:24.703,mexc,ACT/USDT:USDT,0.04601,2189,0.046,6731,0.04602,2542,0.04603,4306
1753617324995,11:55:24.995,mexc,ACT/USDT:USDT,0.04601,2189,0.046,6731,0.04602,2542,0.04603,5760
1753617325106,11:55:25.106,mexc,ACT/USDT:USDT,0.04601,2189,0.046,5294,0.04602,2542,0.04603,5760
1753617325396,11:55:25.396,mexc,ACT/USDT:USDT,0.04601,2189,0.046,5294,0.04602,2542,0.04603,4306
1753617325498,11:55:25.498,mexc,ACT/USDT:USDT,0.04601,2189,0.046,5294,0.04602,2542,0.04603,5068
1753617325703,11:55:25.703,mexc,ACT/USDT:USDT,0.04601,2189,0.046,5294,0.04602,2542,0.04603,5068
1753617325995,11:55:25.995,mexc,ACT/USDT:USDT,0.04601,2189,0.046,5294,0.04602,2542,0.04603,5919
1753617326204,11:55:26.204,mexc,ACT/USDT:USDT,0.04601,2189,0.046,6962,0.04602,2542,0.04603,5919
1753617326497,11:55:26.497,mexc,ACT/USDT:USDT,0.04601,2189,0.046,6962,0.04602,2542,0.04603,4306
1753617326706,11:55:26.706,mexc,ACT/USDT:USDT,0.04601,2189,0.046,7211,0.04602,2542,0.04603,4306
1753617326996,11:55:26.996,mexc,ACT/USDT:USDT,0.04601,2189,0.046,7211,0.04602,2542,0.04603,4306
1753617327205,11:55:27.205,mexc,ACT/USDT:USDT,0.04601,2189,0.046,5294,0.04602,2542,0.04603,4306
1753617327499,11:55:27.499,mexc,ACT/USDT:USDT,0.04601,2189,0.046,5294,0.04602,2542,0.04603,4783
1753617327706,11:55:27.706,mexc,ACT/USDT:USDT,0.04601,2189,0.046,5294,0.04602,2542,0.04603,4783
1753617327995,11:55:27.995,mexc,ACT/USDT:USDT,0.04601,2189,0.046,5294,0.04602,2542,0.04603,5685
1753617328207,11:55:28.207,mexc,ACT/USDT:USDT,0.04601,2189,0.046,7783,0.04602,2542,0.04603,5685
1753617328512,11:55:28.512,mexc,ACT/USDT:USDT,0.04601,2189,0.046,7783,0.04602,2542,0.04603,5183
1753617328707,11:55:28.707,mexc,ACT/USDT:USDT,0.04601,2189,0.046,5294,0.04602,2542,0.04603,5183
1753617328994,11:55:28.994,mexc,ACT/USDT:USDT,0.04601,2189,0.046,5294,0.04602,2542,0.04603,4306
1753617329109,11:55:29.109,mexc,ACT/USDT:USDT,0.04601,2189,0.046,5294,0.04602,2542,0.04603,4306
1753617329401,11:55:29.401,mexc,ACT/USDT:USDT,0.04601,2189,0.046,5294,0.04602,2542,0.04603,4306
1753617329497,11:55:29.497,mexc,ACT/USDT:USDT,0.04601,2189,0.046,5294,0.04602,2542,0.04603,5364
1753617329706,11:55:29.706,mexc,ACT/USDT:USDT,0.04601,2189,0.046,7124,0.04602,2542,0.04603,5364
1753617329996,11:55:29.996,mexc,ACT/USDT:USDT,0.04601,2189,0.046,7124,0.04602,2542,0.04603,4980
1753617330206,11:55:30.206,mexc,ACT/USDT:USDT,0.04601,2189,0.046,6873,0.04602,2542,0.04603,4980
1753617330509,11:55:30.509,mexc,ACT/USDT:USDT,0.04599,3729,0.04598,4494,0.04601,1233,0.04602,2542
1753617330706,11:55:30.706,mexc,ACT/USDT:USDT,0.04599,3729,0.04598,4494,0.04601,1233,0.04602,3884
1753617330997,11:55:30.997,mexc,ACT/USDT:USDT,0.04599,3729,0.04598,4494,0.04601,1233,0.04602,5029
1753617331109,11:55:31.109,mexc,ACT/USDT:USDT,0.04599,3729,0.04598,4494,0.04601,1233,0.04602,5029
1753617331399,11:55:31.399,mexc,ACT/USDT:USDT,0.04599,3729,0.04598,4494,0.04601,1233,0.04602,3884
1753617331498,11:55:31.498,mexc,ACT/USDT:USDT,0.04599,3729,0.04598,4494,0.04601,1233,0.04602,5700
1753617331707,11:55:31.707,mexc,ACT/USDT:USDT,0.04599,3729,0.04598,4494,0.04601,1233,0.04602,5700
1753617331998,11:55:31.998,mexc,ACT/USDT:USDT,0.04599,3729,0.04598,4494,0.04601,1233,0.04602,3884
1753617332206,11:55:32.206,mexc,ACT/USDT:USDT,0.04599,3729,0.04598,4494,0.04601,1233,0.04602,3884
1753617332497,11:55:32.497,mexc,ACT/USDT:USDT,0.04599,3729,0.04598,4494,0.04601,1233,0.04602,5452
1753617332707,11:55:32.707,mexc,ACT/USDT:USDT,0.04599,3729,0.04598,5749,0.04601,1233,0.04602,5452
1753617332999,11:55:32.999,mexc,ACT/USDT:USDT,0.04599,3729,0.04598,5749,0.04601,1233,0.04602,3884
1753617333207,11:55:33.207,mexc,ACT/USDT:USDT,0.04599,3729,0.04598,5544,0.04601,1233,0.04602,3884
1753617333564,11:55:33.564,mexc,ACT/USDT:USDT,0.04599,3729,0.04598,5544,0.04601,1233,0.04602,4944
1753617333707,11:55:33.707,mexc,ACT/USDT:USDT,0.04597,12249,0.04596,11140,0.04598,5253,0.04599,4671
1753617334000,11:55:34.000,mexc,ACT/USDT:USDT,0.04597,12249,0.04596,11140,0.04598,5253,0.04599,4671
1753617334109,11:55:34.109,mexc,ACT/USDT:USDT,0.04597,12249,0.04596,9568,0.04598,5253,0.04599,5347
1753617334402,11:55:34.402,mexc,ACT/USDT:USDT,0.04597,12249,0.04596,10677,0.04598,5253,0.04599,5347
1753617334500,11:55:34.500,mexc,ACT/USDT:USDT,0.04597,12249,0.04596,10677,0.04598,5253,0.04599,5900
1753617334707,11:55:34.707,mexc,ACT/USDT:USDT,0.04597,12249,0.04596,10584,0.04598,5253,0.04599,5900
1753617334999,11:55:34.999,mexc,ACT/USDT:USDT,0.04597,12249,0.04596,10584,0.04598,5253,0.04599,4671
1753617335207,11:55:35.207,mexc,ACT/USDT:USDT,0.04597,12249,0.04596,9568,0.04598,5253,0.04599,4671
1753617335501,11:55:35.501,mexc,ACT/USDT:USDT,0.04597,12249,0.04596,9568,0.04598,5253,0.04599,4671
1753617335707,11:55:35.707,mexc,ACT/USDT:USDT,0.04597,12249,0.04596,10383,0.04598,5253,0.04599,4671
1753617335998,11:55:35.998,mexc,ACT/USDT:USDT,0.04597,12249,0.04596,10383,0.04598,5253,0.04599,4671
1753617336207,11:55:36.207,mexc,ACT/USDT:USDT,0.04597,12249,0.04596,11490,0.04598,5253,0.04599,4671
1753617336506,11:55:36.506,mexc,ACT/USDT:USDT,0.04597,12249,0.04596,11490,0.04598,5253,0.04599,4671
1753617336708,11:55:36.708,mexc,ACT/USDT:USDT,0.04597,12249,0.04596,11145,0.04598,5253,0.04599,5533
1753617336998,11:55:36.998,mexc,ACT/USDT:USDT,0.04597,12249,0.04596,11145,0.04598,5253,0.04599,4671
1753617337111,11:55:37.111,mexc,ACT/USDT:USDT,0.04597,12249,0.04596,9568,0.04598,5253,0.04599,4671
1753617337402,11:55:37.402,mexc,ACT/USDT:USDT,0.04597,12249,0.04596,13231,0.04598,5253,0.04599,4671
1753617337502,11:55:37.502,mexc,ACT/USDT:USDT,0.04597,12249,0.04596,13231,0.04598,5253,0.04599,4671
1753617337707,11:55:37.707,mexc,ACT/USDT:USDT,0.04597,12249,0.04596,9568,0.04598,5253,0.04599,4671
1753617338002,11:55:38.002,mexc,ACT/USDT:USDT,0.04597,12249,0.04596,9568,0.04598,5253,0.04599,6508
1753617338207,11:55:38.207,mexc,ACT/USDT:USDT,0.04597,12249,0.04596,9568,0.04598,5253,0.04599,6508
1753617338499,11:55:38.499,mexc,ACT/USDT:USDT,0.04597,12249,0.04596,9568,0.04598,5253,0.04599,4671
1753617338707,11:55:38.707,mexc,ACT/USDT:USDT,0.04597,12249,0.04596,9568,0.04598,5253,0.04599,4671
1753617339000,11:55:39.000,mexc,ACT/USDT:USDT,0.04597,12249,0.04596,9568,0.04598,5253,0.04599,4671
1753617339207,11:55:39.207,mexc,ACT/USDT:USDT,0.04597,12249,0.04596,11663,0.04598,5253,0.04599,4671
1753617339568,11:55:39.568,mexc,ACT/USDT:USDT,0.04597,3770,0.04596,5467,0.04598,1091,0.04599,2386
1753617339708,11:55:39.708,mexc,ACT/USDT:USDT,0.04597,3770,0.04596,5467,0.04598,1091,0.04599,2386
1753617340002,11:55:40.002,mexc,ACT/USDT:USDT,0.04597,3770,0.04596,5467,0.04598,1091,0.04599,2386
1753617340114,11:55:40.114,mexc,ACT/USDT:USDT,0.04597,3770,0.04596,5467,0.04598,1091,0.04599,2386
1753617340404,11:55:40.404,mexc,ACT/USDT:USDT,0.04597,3770,0.04596,7252,0.04598,1091,0.04599,2386
1753617340504,11:55:40.504,mexc,ACT/USDT:USDT,0.04597,3770,0.04596,7252,0.04598,1091,0.04599,2386
1753617340709,11:55:40.709,mexc,ACT/USDT:USDT,0.04597,3770,0.04596,5467,0.04598,1091,0.04599,2386
1753617341001,11:55:41.001,mexc,ACT/USDT:USDT,0.04597,3770,0.04596,5467,0.04598,1091,0.04599,3853
1753617341209,11:55:41.209,mexc,ACT/USDT:USDT,0.04597,3770,0.04596,7036,0.04598,1091,0.04599,3853
1753617341502,11:55:41.502,mexc,ACT/USDT:USDT,0.04597,3770,0.04596,7036,0.04598,1091,0.04599,3425
1753617341709,11:55:41.709,mexc,ACT/USDT:USDT,0.04597,3770,0.04596,5467,0.04598,1091,0.04599,3425
1753617342000,11:55:42.000,mexc,ACT/USDT:USDT,0.04597,3770,0.04596,5467,0.04598,1091,0.04599,3114
1753617342209,11:55:42.209,mexc,ACT/USDT:USDT,0.04597,3770,0.04596,5467,0.04598,1091,0.04599,3114
1753617342503,11:55:42.503,mexc,ACT/USDT:USDT,0.04597,3770,0.04596,5467,0.04598,1091,0.04599,2386
1753617342716,11:55:42.716,mexc,ACT/USDT:USDT,0.04597,3770,0.04596,5467,0.04598,1091,0.04599,2386
1753617343004,11:55:43.004,mexc,ACT/USDT:USDT,0.04597,3770,0.04596,5467,0.04598,1091,0.04599,2822
1753617343210,11:55:43.210,mexc,ACT/USDT:USDT,0.04597,3770,0.04596,7868,0.04598,1091,0.04599,2822
1753617343503,11:55:43.503,mexc,ACT/USDT:USDT,0.04597,3770,0.04596,7868,0.04598,1091,0.04599,2386
1753617343710,11:55:43.710,mexc,ACT/USDT:USDT,0.04597,3770,0.04596,5467,0.04598,1091,0.04599,2386
1753617344005,11:55:44.005,mexc,ACT/USDT:USDT,0.04597,3770,0.04596,5467,0.04598,1091,0.04599,2386
1753617344211,11:55:44.211,mexc,ACT/USDT:USDT,0.04597,3770,0.04596,6140,0.04598,1091,0.04599,2386
1753617344505,11:55:44.505,mexc,ACT/USDT:USDT,0.04597,3770,0.04596,6140,0.04598,1091,0.04599,2386
1753617344711,11:55:44.711,mexc,ACT/USDT:USDT,0.04597,3770,0.04596,6936,0.04598,1091,0.04599,2386
1753617345003,11:55:45.003,mexc,ACT/USDT:USDT,0.04597,3770,0.04596,6936,0.04598,1091,0.04599,3090
1753617345210,11:55:45.210,mexc,ACT/USDT:USDT,0.04597,3770,0.04596,6741,0.04598,1091,0.04599,3090
1753617345512,11:55:45.512,mexc,ACT/USDT:USDT,0.04597,7346,0.04596,6741,0.04598,1004,0.04599,2304
1753617345712,11:55:45.712,mexc,ACT/USDT:USDT,0.04597,3576,0.04596,3295,0.04598,1004,0.04599,2304
1753617345712,11:55:45.712,mexc,ACT/USDT:USDT,0.04597,3576,0.04596,3295,0.04598,1004,0.04599,2304
1753617346113,11:55:46.113,mexc,ACT/USDT:USDT,0.04597,3576,0.04596,3295,0.04598,1004,0.04599,2304
1753617346212,11:55:46.212,mexc,ACT/USDT:USDT,0.04597,3576,0.04596,6338,0.04598,1004,0.04599,2304
1753617346505,11:55:46.505,mexc,ACT/USDT:USDT,0.04597,3576,0.04596,6338,0.04598,1004,0.04599,2304
1753617346712,11:55:46.712,mexc,ACT/USDT:USDT,0.04597,3576,0.04596,4726,0.04598,1004,0.04599,2304
1753617347006,11:55:47.006,mexc,ACT/USDT:USDT,0.04597,3576,0.04596,4726,0.04598,1004,0.04599,2754
1753617347215,11:55:47.215,mexc,ACT/USDT:USDT,0.04597,3576,0.04596,3295,0.04598,1004,0.04599,2754
1753617347503,11:55:47.503,mexc,ACT/USDT:USDT,0.04597,3576,0.04596,3295,0.04598,1004,0.04599,4111
1753617347711,11:55:47.711,mexc,ACT/USDT:USDT,0.04597,3576,0.04596,3295,0.04598,1004,0.04599,4111
1753617348005,11:55:48.005,mexc,ACT/USDT:USDT,0.04597,3576,0.04596,3295,0.04598,1004,0.04599,2304
1753617348213,11:55:48.213,mexc,ACT/USDT:USDT,0.04597,3576,0.04596,3295,0.04598,1004,0.04599,2304
1753617348507,11:55:48.507,mexc,ACT/USDT:USDT,0.04597,3576,0.04596,3295,0.04598,1004,0.04599,2841
1753617348714,11:55:48.714,mexc,ACT/USDT:USDT,0.04597,3576,0.04596,3295,0.04598,1004,0.04599,2841
1753617349007,11:55:49.007,mexc,ACT/USDT:USDT,0.04597,3576,0.04596,3295,0.04598,1004,0.04599,2304
1753617349215,11:55:49.215,mexc,ACT/USDT:USDT,0.04597,3576,0.04596,3295,0.04598,1004,0.04599,2304
1753617349509,11:55:49.509,mexc,ACT/USDT:USDT,0.04597,3576,0.04596,3295,0.04598,1004,0.04599,2304
1753617349714,11:55:49.714,mexc,ACT/USDT:USDT,0.04597,3576,0.04596,3295,0.04598,1004,0.04599,2304
1753617350006,11:55:50.006,mexc,ACT/USDT:USDT,0.04597,3576,0.04596,3295,0.04598,1004,0.04599,2304
1753617350215,11:55:50.215,mexc,ACT/USDT:USDT,0.04597,3576,0.04596,3295,0.04598,1004,0.04599,2304
1753617350506,11:55:50.506,mexc,ACT/USDT:USDT,0.04597,3576,0.04596,3295,0.04598,1004,0.04599,3388
1753617350715,11:55:50.715,mexc,ACT/USDT:USDT,0.04597,3576,0.04596,4806,0.04598,1004,0.04599,3388
1753617351008,11:55:51.008,mexc,ACT/USDT:USDT,0.04597,3576,0.04596,4806,0.04598,1004,0.04599,2304
1753617351214,11:55:51.214,mexc,ACT/USDT:USDT,0.04597,3576,0.04596,3903,0.04598,1004,0.04599,2304
1753617351524,11:55:51.524,mexc,ACT/USDT:USDT,0.04597,3576,0.04596,3903,0.046,1982,0.04601,4012
1753617351717,11:55:51.717,mexc,ACT/USDT:USDT,0.04599,4170,0.04598,4524,0.046,1982,0.04601,4012
1753617352010,11:55:52.010,mexc,ACT/USDT:USDT,0.04599,4170,0.04598,4524,0.046,1982,0.04601,4012
1753617352120,11:55:52.120,mexc,ACT/USDT:USDT,0.04599,4170,0.04598,4524,0.046,1982,0.04601,4012
1753617352412,11:55:52.412,mexc,ACT/USDT:USDT,0.04599,4170,0.04598,5448,0.046,1982,0.04601,4012
1753617352511,11:55:52.511,mexc,ACT/USDT:USDT,0.04599,4170,0.04598,5448,0.046,1982,0.04601,6023
1753617352716,11:55:52.716,mexc,ACT/USDT:USDT,0.04599,4170,0.04598,4524,0.046,1982,0.04601,6023
1753617353010,11:55:53.010,mexc,ACT/USDT:USDT,0.04599,4170,0.04598,4524,0.046,1982,0.04601,5229
1753617353217,11:55:53.217,mexc,ACT/USDT:USDT,0.04599,4170,0.04598,5331,0.046,1982,0.04601,5229
1753617353509,11:55:53.509,mexc,ACT/USDT:USDT,0.04599,4170,0.04598,5331,0.046,1982,0.04601,4012
1753617353716,11:55:53.716,mexc,ACT/USDT:USDT,0.04599,4170,0.04598,6491,0.046,1982,0.04601,4012
1753617354012,11:55:54.012,mexc,ACT/USDT:USDT,0.04599,4170,0.04598,6491,0.046,1982,0.04601,4012
1753617354218,11:55:54.218,mexc,ACT/USDT:USDT,0.04599,4170,0.04598,4524,0.046,1982,0.04601,4012
1753617354510,11:55:54.510,mexc,ACT/USDT:USDT,0.04599,4170,0.04598,4524,0.046,1982,0.04601,4012
1753617354717,11:55:54.717,mexc,ACT/USDT:USDT,0.04599,4170,0.04598,5413,0.046,1982,0.04601,4012
1753617355012,11:55:55.012,mexc,ACT/USDT:USDT,0.04599,4170,0.04598,5413,0.046,1982,0.04601,4012
1753617355219,11:55:55.219,mexc,ACT/USDT:USDT,0.04599,4170,0.04598,4524,0.046,1982,0.04601,4012
1753617355515,11:55:55.515,mexc,ACT/USDT:USDT,0.04599,4170,0.04598,4524,0.046,1982,0.04601,4012
1753617355719,11:55:55.719,mexc,ACT/USDT:USDT,0.04599,4170,0.04598,4524,0.046,1982,0.04601,4012
1753617356011,11:55:56.011,mexc,ACT/USDT:USDT,0.04599,4170,0.04598,4524,0.046,1982,0.04601,4012
1753617356216,11:55:56.216,mexc,ACT/USDT:USDT,0.04599,4170,0.04598,4524,0.046,1982,0.04601,4012
1753617356512,11:55:56.512,mexc,ACT/USDT:USDT,0.04599,4170,0.04598,4524,0.046,1982,0.04601,4012
1753617356717,11:55:56.717,mexc,ACT/USDT:USDT,0.04599,4170,0.04598,4524,0.046,1982,0.04601,4012
1753617357013,11:55:57.013,mexc,ACT/USDT:USDT,0.04599,4170,0.04598,4524,0.046,1982,0.04601,4012
1753617357218,11:55:57.218,mexc,ACT/USDT:USDT,0.04599,4170,0.04598,4524,0.046,1982,0.04601,4012
1753617357521,11:55:57.521,mexc,ACT/USDT:USDT,0.04599,11037,0.04598,4524,0.046,2687,0.04601,3836
1753617357719,11:55:57.719,mexc,ACT/USDT:USDT,0.04599,6867,0.04598,3520,0.046,2687,0.04601,3836
1753617358012,11:55:58.012,mexc,ACT/USDT:USDT,0.04599,6867,0.04598,3520,0.046,2687,0.04601,3836
1753617358123,11:55:58.123,mexc,ACT/USDT:USDT,0.04599,6867,0.04598,3520,0.046,2687,0.04601,3836
1753617358415,11:55:58.415,mexc,ACT/USDT:USDT,0.04599,6867,0.04598,3520,0.046,2687,0.04601,3836
1753617358515,11:55:58.515,mexc,ACT/USDT:USDT,0.04599,6867,0.04598,3520,0.046,2687,0.04601,3836
1753617358719,11:55:58.719,mexc,ACT/USDT:USDT,0.04599,6867,0.04598,3520,0.046,2687,0.04601,3836
1753617359016,11:55:59.016,mexc,ACT/USDT:USDT,0.04599,6867,0.04598,3520,0.046,2687,0.04601,4359
1753617359220,11:55:59.220,mexc,ACT/USDT:USDT,0.04599,6867,0.04598,3520,0.046,2687,0.04601,4359
1753617359512,11:55:59.512,mexc,ACT/USDT:USDT,0.04599,6867,0.04598,3520,0.046,2687,0.04601,5182
1753617359721,11:55:59.721,mexc,ACT/USDT:USDT,0.04599,6867,0.04598,3520,0.046,2687,0.04601,5182
1753617360015,11:56:00.015,mexc,ACT/USDT:USDT,0.04599,6867,0.04598,3520,0.046,2687,0.04601,3836
1753617360220,11:56:00.220,mexc,ACT/USDT:USDT,0.04599,6867,0.04598,3520,0.046,2687,0.04601,3836
1753617360515,11:56:00.515,mexc,ACT/USDT:USDT,0.04599,6867,0.04598,3520,0.046,2687,0.04601,3836
1753617360721,11:56:00.721,mexc,ACT/USDT:USDT,0.04599,6867,0.04598,5571,0.046,2687,0.04601,3836
1753617361126,11:56:01.126,mexc,ACT/USDT:USDT,0.04599,6867,0.04598,4180,0.046,2687,0.04601,5216
1753617361222,11:56:01.222,mexc,ACT/USDT:USDT,0.04599,6867,0.04598,4383,0.046,2687,0.04601,5216
1753617361517,11:56:01.517,mexc,ACT/USDT:USDT,0.04599,6867,0.04598,4383,0.046,2687,0.04601,5528
1753617361723,11:56:01.723,mexc,ACT/USDT:USDT,0.04599,6867,0.04598,3520,0.046,2687,0.04601,5528
1753617362016,11:56:02.016,mexc,ACT/USDT:USDT,0.04599,6867,0.04598,3520,0.046,2687,0.04601,5694
1753617362221,11:56:02.221,mexc,ACT/USDT:USDT,0.04599,6867,0.04598,3520,0.046,2687,0.04601,5694
1753617362518,11:56:02.518,mexc,ACT/USDT:USDT,0.04599,6867,0.04598,3520,0.046,2687,0.04601,3836
1753617362723,11:56:02.723,mexc,ACT/USDT:USDT,0.04599,6867,0.04598,4060,0.046,2687,0.04601,3836
1753617363016,11:56:03.016,mexc,ACT/USDT:USDT,0.04599,6867,0.04598,4060,0.046,2687,0.04601,3836
1753617363222,11:56:03.222,mexc,ACT/USDT:USDT,0.04599,6867,0.04598,3520,0.046,2687,0.04601,3836
1753617363583,11:56:03.583,mexc,ACT/USDT:USDT,0.04599,4615,0.04598,6354,0.046,1332,0.04601,4777
1753617363724,11:56:03.724,mexc,ACT/USDT:USDT,0.04599,4615,0.04598,6354,0.046,1332,0.04601,4777
1753617364017,11:56:04.017,mexc,ACT/USDT:USDT,0.04599,4615,0.04598,6354,0.046,1332,0.04601,4777
1753617364125,11:56:04.125,mexc,ACT/USDT:USDT,0.04599,4615,0.04598,6354,0.046,1332,0.04601,4777
1753617364419,11:56:04.419,mexc,ACT/USDT:USDT,0.04599,4615,0.04598,7963,0.046,1332,0.04601,4777
1753617364516,11:56:04.516,mexc,ACT/USDT:USDT,0.04599,4615,0.04598,7963,0.046,1332,0.04601,4777
1753617364724,11:56:04.724,mexc,ACT/USDT:USDT,0.04599,4615,0.04598,6354,0.046,1332,0.04601,4777
1753617365019,11:56:05.019,mexc,ACT/USDT:USDT,0.04599,4615,0.04598,6354,0.046,1332,0.04601,4777
1753617365225,11:56:05.225,mexc,ACT/USDT:USDT,0.04599,4615,0.04598,6354,0.046,1332,0.04601,4777
1753617365519,11:56:05.519,mexc,ACT/USDT:USDT,0.04599,4615,0.04598,6354,0.046,1332,0.04601,5579
1753617365725,11:56:05.725,mexc,ACT/USDT:USDT,0.04599,4615,0.04598,8849,0.046,1332,0.04601,5579
1753617366021,11:56:06.021,mexc,ACT/USDT:USDT,0.04599,4615,0.04598,8849,0.046,1332,0.04601,4777
1753617366223,11:56:06.223,mexc,ACT/USDT:USDT,0.04599,4615,0.04598,8220,0.046,1332,0.04601,4777
1753617366518,11:56:06.518,mexc,ACT/USDT:USDT,0.04599,4615,0.04598,8220,0.046,1332,0.04601,6604
1753617366725,11:56:06.725,mexc,ACT/USDT:USDT,0.04599,4615,0.04598,6354,0.046,1332,0.04601,6604
1753617367023,11:56:07.023,mexc,ACT/USDT:USDT,0.04599,4615,0.04598,6354,0.046,1332,0.04601,4777
1753617367224,11:56:07.224,mexc,ACT/USDT:USDT,0.04599,4615,0.04598,7398,0.046,1332,0.04601,4777
1753617367517,11:56:07.517,mexc,ACT/USDT:USDT,0.04599,4615,0.04598,7398,0.046,1332,0.04601,4777
1753617367726,11:56:07.726,mexc,ACT/USDT:USDT,0.04599,4615,0.04598,7629,0.046,1332,0.04601,4777
1753617368020,11:56:08.020,mexc,ACT/USDT:USDT,0.04599,4615,0.04598,7629,0.046,1332,0.04601,4777
1753617368226,11:56:08.226,mexc,ACT/USDT:USDT,0.04599,4615,0.04598,7913,0.046,1332,0.04601,4777
1753617368523,11:56:08.523,mexc,ACT/USDT:USDT,0.04599,4615,0.04598,7913,0.046,1332,0.04601,4777
1753617368727,11:56:08.727,mexc,ACT/USDT:USDT,0.04599,4615,0.04598,9529,0.046,1332,0.04601,4777
1753617369024,11:56:09.024,mexc,ACT/USDT:USDT,0.04599,4615,0.04598,9529,0.046,1332,0.04601,4777
1753617369226,11:56:09.226,mexc,ACT/USDT:USDT,0.04599,4615,0.04598,7271,0.046,1332,0.04601,4777
1753617369583,11:56:09.583,mexc,ACT/USDT:USDT,0.04599,4546,0.04598,3168,0.046,2868,0.04601,3272
1753617369728,11:56:09.728,mexc,ACT/USDT:USDT,0.04599,4546,0.04598,4285,0.046,2868,0.04601,3272
1753617370021,11:56:10.021,mexc,ACT/USDT:USDT,0.04599,4546,0.04598,4285,0.046,2868,0.04601,3272
1753617370129,11:56:10.129,mexc,ACT/USDT:USDT,0.04599,4546,0.04598,3168,0.046,2868,0.04601,3272
1753617370423,11:56:10.423,mexc,ACT/USDT:USDT,0.04599,4546,0.04598,3168,0.046,2868,0.04601,3272
1753617370521,11:56:10.521,mexc,ACT/USDT:USDT,0.04599,4546,0.04598,3168,0.046,2868,0.04601,3272
1753617370727,11:56:10.727,mexc,ACT/USDT:USDT,0.04599,4546,0.04598,3731,0.046,2868,0.04601,3272
1753617371023,11:56:11.023,mexc,ACT/USDT:USDT,0.04599,4546,0.04598,3731,0.046,2868,0.04601,3779
1753617371226,11:56:11.226,mexc,ACT/USDT:USDT,0.04599,4546,0.04598,4359,0.046,2868,0.04601,3779
1753617371522,11:56:11.522,mexc,ACT/USDT:USDT,0.04599,4546,0.04598,4359,0.046,2868,0.04601,3272
1753617371728,11:56:11.728,mexc,ACT/USDT:USDT,0.04599,4546,0.04598,3842,0.046,2868,0.04601,3272
1753617372021,11:56:12.021,mexc,ACT/USDT:USDT,0.04599,4546,0.04598,3842,0.046,2868,0.04601,4814
1753617372228,11:56:12.228,mexc,ACT/USDT:USDT,0.04599,4546,0.04598,3507,0.046,2868,0.04601,4814
1753617372523,11:56:12.523,mexc,ACT/USDT:USDT,0.04599,4546,0.04598,3507,0.046,2868,0.04601,3833
1753617372729,11:56:12.729,mexc,ACT/USDT:USDT,0.04599,4546,0.04598,5393,0.046,2868,0.04601,3833
1753617373022,11:56:13.022,mexc,ACT/USDT:USDT,0.04599,4546,0.04598,5393,0.046,2868,0.04601,3272
1753617373230,11:56:13.230,mexc,ACT/USDT:USDT,0.04599,4546,0.04598,3865,0.046,2868,0.04601,3272
1753617373523,11:56:13.523,mexc,ACT/USDT:USDT,0.04599,4546,0.04598,3865,0.046,2868,0.04601,3272
1753617373729,11:56:13.729,mexc,ACT/USDT:USDT,0.04599,4546,0.04598,3168,0.046,2868,0.04601,3272
1753617374022,11:56:14.022,mexc,ACT/USDT:USDT,0.04599,4546,0.04598,3168,0.046,2868,0.04601,3272
1753617374229,11:56:14.229,mexc,ACT/USDT:USDT,0.04599,4546,0.04598,3168,0.046,2868,0.04601,3272
1753617374521,11:56:14.521,mexc,ACT/USDT:USDT,0.04599,4546,0.04598,3168,0.046,2868,0.04601,3272
1753617374730,11:56:14.730,mexc,ACT/USDT:USDT,0.04599,4546,0.04598,3168,0.046,2868,0.04601,3272
1753617375026,11:56:15.026,mexc,ACT/USDT:USDT,0.04599,4546,0.04598,3168,0.046,2868,0.04601,4114
1753617375231,11:56:15.231,mexc,ACT/USDT:USDT,0.04599,4546,0.04598,4623,0.046,2868,0.04601,4114
1753617375535,11:56:15.535,mexc,ACT/USDT:USDT,0.04599,9861,0.04598,4623,0.046,141,0.04601,1882
1753617375730,11:56:15.730,mexc,ACT/USDT:USDT,0.04599,5315,0.04598,8108,0.046,141,0.04601,1882
1753617376026,11:56:16.026,mexc,ACT/USDT:USDT,0.04599,5315,0.04598,8108,0.046,141,0.04601,1882
1753617376131,11:56:16.131,mexc,ACT/USDT:USDT,0.04599,5315,0.04598,8108,0.046,141,0.04601,2090
1753617376428,11:56:16.428,mexc,ACT/USDT:USDT,0.04599,5315,0.04598,8108,0.046,141,0.04601,2090
1753617376526,11:56:16.526,mexc,ACT/USDT:USDT,0.04599,5315,0.04598,8108,0.046,141,0.04601,1882
1753617376820,11:56:16.820,mexc,ACT/USDT:USDT,0.04599,5315,0.04598,11971,0.046,141,0.04601,1882
1753617377026,11:56:17.026,mexc,ACT/USDT:USDT,0.04599,5315,0.04598,11971,0.046,141,0.04601,2153
1753617377229,11:56:17.229,mexc,ACT/USDT:USDT,0.04599,5315,0.04598,8108,0.046,141,0.04601,2153
1753617377634,11:56:17.634,mexc,ACT/USDT:USDT,0.04599,5315,0.04598,8108,0.046,141,0.04601,2516
1753617377729,11:56:17.729,mexc,ACT/USDT:USDT,0.04599,5315,0.04598,8108,0.046,141,0.04601,2516
1753617378054,11:56:18.054,mexc,ACT/USDT:USDT,0.04599,5315,0.04598,8108,0.046,141,0.04601,1882
1753617378228,11:56:18.228,mexc,ACT/USDT:USDT,0.04599,5315,0.04598,8108,0.046,141,0.04601,1882
1753617378530,11:56:18.530,mexc,ACT/USDT:USDT,0.04599,5315,0.04598,8108,0.046,141,0.04601,1882
1753617378634,11:56:18.634,mexc,ACT/USDT:USDT,0.04599,5315,0.04598,8108,0.046,141,0.04601,1882
1753617378929,11:56:18.929,mexc,ACT/USDT:USDT,0.04599,5315,0.04598,14920,0.046,141,0.04601,1882
1753617379134,11:56:19.134,mexc,ACT/USDT:USDT,0.04599,5315,0.04598,11328,0.046,141,0.04601,1882
1753617379232,11:56:19.232,mexc,ACT/USDT:USDT,0.04599,5315,0.04598,8108,0.046,141,0.04601,1882
1753617379528,11:56:19.528,mexc,ACT/USDT:USDT,0.04599,5315,0.04598,8108,0.046,141,0.04601,1882
1753617379733,11:56:19.733,mexc,ACT/USDT:USDT,0.04599,5315,0.04598,8108,0.046,141,0.04601,1882
1753617380028,11:56:20.028,mexc,ACT/USDT:USDT,0.04599,5315,0.04598,8108,0.046,141,0.04601,2267
1753617380234,11:56:20.234,mexc,ACT/USDT:USDT,0.04599,5315,0.04598,8108,0.046,141,0.04601,2267
1753617380528,11:56:20.528,mexc,ACT/USDT:USDT,0.04599,5315,0.04598,8108,0.046,141,0.04601,2776
1753617380736,11:56:20.736,mexc,ACT/USDT:USDT,0.04599,5315,0.04598,8108,0.046,141,0.04601,2776
1753617381028,11:56:21.028,mexc,ACT/USDT:USDT,0.04599,5315,0.04598,8108,0.046,141,0.04601,2502
1753617381234,11:56:21.234,mexc,ACT/USDT:USDT,0.04599,5315,0.04598,8108,0.046,141,0.04601,2502
1753617381541,11:56:21.541,mexc,ACT/USDT:USDT,0.046,2233,0.04599,5315,0.04601,1895,0.04602,9633
1753617381736,11:56:21.736,mexc,ACT/USDT:USDT,0.046,2233,0.04599,7209,0.04601,1895,0.04602,9633
1753617381768,11:56:21.768,mexc,ACT/USDT:USDT,0.046,2233,0.04599,7209,0.04601,1895,0.04602,9633
1753617382138,11:56:22.138,mexc,ACT/USDT:USDT,0.046,2233,0.04599,7209,0.04601,1895,0.04602,9633
1753617382236,11:56:22.236,mexc,ACT/USDT:USDT,0.046,2233,0.04599,10346,0.04601,1895,0.04602,9633
1753617382640,11:56:22.640,mexc,ACT/USDT:USDT,0.046,2233,0.04599,7209,0.04601,1895,0.04602,11848
1753617382740,11:56:22.740,mexc,ACT/USDT:USDT,0.046,2233,0.04599,8617,0.04601,1895,0.04602,11848
1753617383030,11:56:23.030,mexc,ACT/USDT:USDT,0.046,2233,0.04599,8617,0.04601,1895,0.04602,9633
1753617383242,11:56:23.242,mexc,ACT/USDT:USDT,0.046,2233,0.04599,8706,0.04601,1895,0.04602,9633
1753617383527,11:56:23.527,mexc,ACT/USDT:USDT,0.046,2233,0.04599,8706,0.04601,1895,0.04602,9633
1753617383742,11:56:23.742,mexc,ACT/USDT:USDT,0.046,2233,0.04599,9176,0.04601,1895,0.04602,9633
1753617384147,11:56:24.147,mexc,ACT/USDT:USDT,0.046,2233,0.04599,7209,0.04601,1895,0.04602,9633
1753617384243,11:56:24.243,mexc,ACT/USDT:USDT,0.046,2233,0.04599,8534,0.04601,1895,0.04602,9633
1753617384530,11:56:24.530,mexc,ACT/USDT:USDT,0.046,2233,0.04599,8534,0.04601,1895,0.04602,11359
1753617384743,11:56:24.743,mexc,ACT/USDT:USDT,0.046,2233,0.04599,7209,0.04601,1895,0.04602,11359
1753617385145,11:56:25.145,mexc,ACT/USDT:USDT,0.046,2233,0.04599,7209,0.04601,1895,0.04602,10839
1753617385243,11:56:25.243,mexc,ACT/USDT:USDT,0.046,2233,0.04599,9835,0.04601,1895,0.04602,10839
1753617385530,11:56:25.530,mexc,ACT/USDT:USDT,0.046,2233,0.04599,9835,0.04601,1895,0.04602,13293
1753617385744,11:56:25.744,mexc,ACT/USDT:USDT,0.046,2233,0.04599,7209,0.04601,1895,0.04602,13293
1753617386032,11:56:26.032,mexc,ACT/USDT:USDT,0.046,2233,0.04599,7209,0.04601,1895,0.04602,9633
1753617386245,11:56:26.245,mexc,ACT/USDT:USDT,0.046,2233,0.04599,7209,0.04601,1895,0.04602,9633
1753617386532,11:56:26.532,mexc,ACT/USDT:USDT,0.046,2233,0.04599,7209,0.04601,1895,0.04602,12496
1753617386745,11:56:26.745,mexc,ACT/USDT:USDT,0.046,2233,0.04599,7209,0.04601,1895,0.04602,12496
1753617387030,11:56:27.030,mexc,ACT/USDT:USDT,0.046,2233,0.04599,7209,0.04601,1895,0.04602,9633
1753617387243,11:56:27.243,mexc,ACT/USDT:USDT,0.046,2233,0.04599,7209,0.04601,1895,0.04602,9633
1753617387533,11:56:27.533,mexc,ACT/USDT:USDT,0.046,175,0.04599,4607,0.04601,2122,0.04602,7125
1753617387744,11:56:27.744,mexc,ACT/USDT:USDT,0.046,175,0.04599,4607,0.04601,2122,0.04602,7125
1753617388147,11:56:28.147,mexc,ACT/USDT:USDT,0.046,175,0.04599,4607,0.04601,2122,0.04602,7125
1753617388248,11:56:28.248,mexc,ACT/USDT:USDT,0.046,175,0.04599,4607,0.04601,2122,0.04602,7125
1753617388533,11:56:28.533,mexc,ACT/USDT:USDT,0.046,175,0.04599,4607,0.04601,2122,0.04602,7125
1753617388745,11:56:28.745,mexc,ACT/USDT:USDT,0.046,175,0.04599,4607,0.04601,2122,0.04602,7125
1753617389033,11:56:29.033,mexc,ACT/USDT:USDT,0.046,175,0.04599,4607,0.04601,2122,0.04602,7125
1753617389244,11:56:29.244,mexc,ACT/USDT:USDT,0.046,175,0.04599,4607,0.04601,2122,0.04602,7125
1753617389537,11:56:29.537,mexc,ACT/USDT:USDT,0.046,175,0.04599,4607,0.04601,2122,0.04602,7125
1753617389745,11:56:29.745,mexc,ACT/USDT:USDT,0.046,175,0.04599,7435,0.04601,2122,0.04602,7125
1753617390037,11:56:30.037,mexc,ACT/USDT:USDT,0.046,175,0.04599,7435,0.04601,2122,0.04602,9751
1753617390246,11:56:30.246,mexc,ACT/USDT:USDT,0.046,175,0.04599,4607,0.04601,2122,0.04602,9751
1753617390537,11:56:30.537,mexc,ACT/USDT:USDT,0.046,175,0.04599,4607,0.04601,2122,0.04602,7125
1753617390648,11:56:30.648,mexc,ACT/USDT:USDT,0.046,175,0.04599,4607,0.04601,2122,0.04602,7125
1753617390746,11:56:30.746,mexc,ACT/USDT:USDT,0.046,175,0.04599,4607,0.04601,2122,0.04602,7125
1753617391149,11:56:31.149,mexc,ACT/USDT:USDT,0.046,175,0.04599,4607,0.04601,2122,0.04602,9707
1753617391245,11:56:31.245,mexc,ACT/USDT:USDT,0.046,175,0.04599,4607,0.04601,2122,0.04602,9707
1753617391536,11:56:31.536,mexc,ACT/USDT:USDT,0.046,175,0.04599,4607,0.04601,2122,0.04602,7125
1753617391746,11:56:31.746,mexc,ACT/USDT:USDT,0.046,175,0.04599,6865,0.04601,2122,0.04602,7125
1753617392036,11:56:32.036,mexc,ACT/USDT:USDT,0.046,175,0.04599,6865,0.04601,2122,0.04602,9227
1753617392245,11:56:32.245,mexc,ACT/USDT:USDT,0.046,175,0.04599,4607,0.04601,2122,0.04602,9227
1753617392537,11:56:32.537,mexc,ACT/USDT:USDT,0.046,175,0.04599,4607,0.04601,2122,0.04602,7125
1753617392746,11:56:32.746,mexc,ACT/USDT:USDT,0.046,175,0.04599,6797,0.04601,2122,0.04602,7125
1753617393036,11:56:33.036,mexc,ACT/USDT:USDT,0.046,175,0.04599,6797,0.04601,2122,0.04602,10527
1753617393246,11:56:33.246,mexc,ACT/USDT:USDT,0.046,175,0.04599,6333,0.04601,2122,0.04602,10527
1753617393534,11:56:33.534,mexc,ACT/USDT:USDT,0.046,127,0.04599,3496,0.04601,6139,0.04602,10044
1753617393773,11:56:33.773,mexc,ACT/USDT:USDT,0.04597,19382,0.04596,29146,0.04599,4382,0.046,9318
1753617394150,11:56:34.150,mexc,ACT/USDT:USDT,0.04597,19382,0.04596,29146,0.04599,4382,0.046,9318
1753617394247,11:56:34.247,mexc,ACT/USDT:USDT,0.04597,19382,0.04596,29146,0.04599,4382,0.046,9318
1753617394538,11:56:34.538,mexc,ACT/USDT:USDT,0.04597,19382,0.04596,29146,0.04599,4382,0.046,9318
1753617394747,11:56:34.747,mexc,ACT/USDT:USDT,0.04597,19382,0.04596,30978,0.04599,4382,0.046,9318
1753617395037,11:56:35.037,mexc,ACT/USDT:USDT,0.04597,19382,0.04596,30978,0.04599,4382,0.046,9318
1753617395247,11:56:35.247,mexc,ACT/USDT:USDT,0.04597,19382,0.04596,29993,0.04599,4382,0.046,9318
1753617395539,11:56:35.539,mexc,ACT/USDT:USDT,0.04597,19382,0.04596,29993,0.04599,4382,0.046,11538
1753617395747,11:56:35.747,mexc,ACT/USDT:USDT,0.04597,19382,0.04596,29146,0.04599,4382,0.046,11538
1753617396036,11:56:36.036,mexc,ACT/USDT:USDT,0.04597,19382,0.04596,29146,0.04599,4382,0.046,9318
1753617396247,11:56:36.247,mexc,ACT/USDT:USDT,0.04597,19382,0.04596,29146,0.04599,4382,0.046,9318
1753617396538,11:56:36.538,mexc,ACT/USDT:USDT,0.04597,19382,0.04596,29146,0.04599,4382,0.046,9318
1753617396749,11:56:36.749,mexc,ACT/USDT:USDT,0.04597,19382,0.04596,29146,0.04599,4382,0.046,9318
1753617397037,11:56:37.037,mexc,ACT/USDT:USDT,0.04597,19382,0.04596,29146,0.04599,4382,0.046,9318
1753617397248,11:56:37.248,mexc,ACT/USDT:USDT,0.04597,19382,0.04596,29146,0.04599,4382,0.046,9318
1753617397539,11:56:37.539,mexc,ACT/USDT:USDT,0.04597,19382,0.04596,29146,0.04599,4382,0.046,12754
1753617397748,11:56:37.748,mexc,ACT/USDT:USDT,0.04597,19382,0.04596,29146,0.04599,4382,0.046,12754
1753617398037,11:56:38.037,mexc,ACT/USDT:USDT,0.04597,19382,0.04596,29146,0.04599,4382,0.046,13526
1753617398247,11:56:38.247,mexc,ACT/USDT:USDT,0.04597,19382,0.04596,30517,0.04599,4382,0.046,13526
1753617398538,11:56:38.538,mexc,ACT/USDT:USDT,0.04597,19382,0.04596,30517,0.04599,4382,0.046,9318
1753617398747,11:56:38.747,mexc,ACT/USDT:USDT,0.04597,19382,0.04596,29146,0.04599,4382,0.046,9318
1753617399039,11:56:39.039,mexc,ACT/USDT:USDT,0.04597,19382,0.04596,29146,0.04599,4382,0.046,14749
1753617399248,11:56:39.248,mexc,ACT/USDT:USDT,0.04597,19382,0.04596,30197,0.04599,4382,0.046,14749
1753617399541,11:56:39.541,mexc,ACT/USDT:USDT,0.04596,187,0.04595,4376,0.04597,3961,0.04598,6750
1753617399763,11:56:39.763,mexc,ACT/USDT:USDT,0.04596,187,0.04595,5219,0.04597,3961,0.04598,6750
1753617400150,11:56:40.150,mexc,ACT/USDT:USDT,0.04596,187,0.04595,5219,0.04597,3961,0.04598,8395
1753617400248,11:56:40.248,mexc,ACT/USDT:USDT,0.04596,187,0.04595,4376,0.04597,3961,0.04598,8395
1753617400540,11:56:40.540,mexc,ACT/USDT:USDT,0.04596,187,0.04595,4376,0.04597,3961,0.04598,9519
1753617400749,11:56:40.749,mexc,ACT/USDT:USDT,0.04596,187,0.04595,5894,0.04597,3961,0.04598,9519
1753617401040,11:56:41.040,mexc,ACT/USDT:USDT,0.04596,187,0.04595,5894,0.04597,3961,0.04598,6750
1753617401248,11:56:41.248,mexc,ACT/USDT:USDT,0.04596,187,0.04595,4376,0.04597,3961,0.04598,6750
1753617401541,11:56:41.541,mexc,ACT/USDT:USDT,0.04596,187,0.04595,4376,0.04597,3961,0.04598,6750
1753617401748,11:56:41.748,mexc,ACT/USDT:USDT,0.04596,187,0.04595,4376,0.04597,3961,0.04598,6750
1753617402041,11:56:42.041,mexc,ACT/USDT:USDT,0.04596,187,0.04595,4376,0.04597,3961,0.04598,11419
1753617402247,11:56:42.247,mexc,ACT/USDT:USDT,0.04596,187,0.04595,4376,0.04597,3961,0.04598,11419
1753617402540,11:56:42.540,mexc,ACT/USDT:USDT,0.04596,187,0.04595,4376,0.04597,3961,0.04598,6750
1753617402750,11:56:42.750,mexc,ACT/USDT:USDT,0.04596,187,0.04595,8199,0.04597,3961,0.04598,6750
1753617403039,11:56:43.039,mexc,ACT/USDT:USDT,0.04596,187,0.04595,8199,0.04597,3961,0.04598,6750
1753617403250,11:56:43.250,mexc,ACT/USDT:USDT,0.04596,187,0.04595,4376,0.04597,3961,0.04598,6750
1753617403539,11:56:43.539,mexc,ACT/USDT:USDT,0.04596,187,0.04595,4376,0.04597,3961,0.04598,6750
1753617403750,11:56:43.750,mexc,ACT/USDT:USDT,0.04596,187,0.04595,4376,0.04597,3961,0.04598,6750
1753617404039,11:56:44.039,mexc,ACT/USDT:USDT,0.04596,187,0.04595,4376,0.04597,3961,0.04598,9699
1753617404251,11:56:44.251,mexc,ACT/USDT:USDT,0.04596,187,0.04595,4376,0.04597,3961,0.04598,9699
1753617404542,11:56:44.542,mexc,ACT/USDT:USDT,0.04596,187,0.04595,4376,0.04597,3961,0.04598,6750
1753617404751,11:56:44.751,mexc,ACT/USDT:USDT,0.04596,187,0.04595,5738,0.04597,3961,0.04598,6750
1753617405042,11:56:45.042,mexc,ACT/USDT:USDT,0.04596,187,0.04595,5738,0.04597,3961,0.04598,6750
1753617405252,11:56:45.252,mexc,ACT/USDT:USDT,0.04596,187,0.04595,6554,0.04597,3961,0.04598,6750
1753617405545,11:56:45.545,mexc,ACT/USDT:USDT,0.04596,2754,0.04595,3542,0.04597,1851,0.04598,4300
1753617405864,11:56:45.864,mexc,ACT/USDT:USDT,0.04596,2754,0.04595,4407,0.04597,1851,0.04598,4300
1753617406041,11:56:46.041,mexc,ACT/USDT:USDT,0.04596,2754,0.04595,4407,0.04597,1851,0.04598,4981
1753617406281,11:56:46.281,mexc,ACT/USDT:USDT,0.04596,2754,0.04595,3542,0.04597,1851,0.04598,4981
