timestamp,time,exchange,symbol,bid1_price,bid1_volume,bid2_price,bid2_volume,ask1_price,ask1_volume,ask2_price,ask2_volume
1753617167449,11:52:47.449,mexc,AERGO/USDT:USDT,0.13369,85.0,0.13368,248,0.1337,487.0,0.13371,52.0
1753617167544,11:52:47.544,mexc,AERGO/USDT:USDT,0.13369,85.0,0.13368,248,0.1337,487.0,0.13371,52.0
1753617167947,11:52:47.947,mexc,AERGO/USDT:USDT,0.13369,85.0,0.13368,326,0.1337,487.0,0.13371,52.0
1753617168049,11:52:48.049,mexc,AERGO/USDT:USDT,0.13369,85.0,0.13368,326,0.1337,487.0,0.13371,52.0
1753617168227,11:52:48.227,mexc,AERGO/USDT:USDT,0.13369,52,0.13368,208,0.1337,428,0.13371,40
1753617168545,11:52:48.545,mexc,AERGO/USDT:USDT,0.13369,52,0.13368,297,0.1337,428,0.13371,40
1753617168817,11:52:48.817,mexc,AERGO/USDT:USDT,0.13369,52,0.13368,297,0.1337,428,0.13371,40
1753617168947,11:52:48.947,mexc,AERGO/USDT:USDT,0.13369,52,0.13368,208,0.1337,428,0.13371,40
1753617169045,11:52:49.045,mexc,AERGO/USDT:USDT,0.13369,52,0.13368,208,0.1337,428,0.13371,40
1753617169448,11:52:49.448,mexc,AERGO/USDT:USDT,0.13369,52,0.13368,282,0.1337,428,0.13371,40
1753617169546,11:52:49.546,mexc,AERGO/USDT:USDT,0.13369,52,0.13368,282,0.1337,428,0.13371,40
1753617169915,11:52:49.915,mexc,AERGO/USDT:USDT,0.13369,52,0.13368,208,0.1337,428,0.13371,40
1753617170044,11:52:50.044,mexc,AERGO/USDT:USDT,0.13369,52,0.13368,208,0.1337,428,0.13371,46
1753617170324,11:52:50.324,mexc,AERGO/USDT:USDT,0.13369,52,0.13368,208,0.1337,428,0.13371,46
1753617170448,11:52:50.448,mexc,AERGO/USDT:USDT,0.13369,52,0.13368,208,0.1337,428,0.13371,40
1753617170546,11:52:50.546,mexc,AERGO/USDT:USDT,0.13369,52,0.13368,208,0.1337,428,0.13371,40
1753617170946,11:52:50.946,mexc,AERGO/USDT:USDT,0.13369,52,0.13368,235,0.1337,428,0.13371,40
1753617171045,11:52:51.045,mexc,AERGO/USDT:USDT,0.13369,52,0.13368,235,0.1337,428,0.13371,52
1753617171416,11:52:51.416,mexc,AERGO/USDT:USDT,0.13369,52,0.13368,208,0.1337,428,0.13371,52
1753617171544,11:52:51.544,mexc,AERGO/USDT:USDT,0.13369,52,0.13368,208,0.1337,428,0.13371,40
1753617171818,11:52:51.818,mexc,AERGO/USDT:USDT,0.13369,52,0.13368,208,0.1337,428,0.13371,40
1753617171950,11:52:51.950,mexc,AERGO/USDT:USDT,0.13369,52,0.13368,275,0.1337,428,0.13371,40
1753617172046,11:52:52.046,mexc,AERGO/USDT:USDT,0.13369,52,0.13368,275,0.1337,428,0.13371,40
1753617172448,11:52:52.448,mexc,AERGO/USDT:USDT,0.13369,52,0.13368,208,0.1337,428,0.13371,40
1753617172546,11:52:52.546,mexc,AERGO/USDT:USDT,0.13369,52,0.13368,208,0.1337,428,0.13371,40
1753617172918,11:52:52.918,mexc,AERGO/USDT:USDT,0.13369,52,0.13368,208,0.1337,428,0.13371,40
1753617173045,11:52:53.045,mexc,AERGO/USDT:USDT,0.13369,52,0.13368,208,0.1337,428,0.13371,59
1753617173321,11:52:53.321,mexc,AERGO/USDT:USDT,0.13369,52,0.13368,208,0.1337,428,0.13371,59
1753617173448,11:52:53.448,mexc,AERGO/USDT:USDT,0.13369,52,0.13368,253,0.1337,428,0.13371,40
1753617173544,11:52:53.544,mexc,AERGO/USDT:USDT,0.13369,52,0.13368,253,0.1337,428,0.13371,40
1753617173949,11:52:53.949,mexc,AERGO/USDT:USDT,0.13369,52,0.13368,208,0.1337,428,0.13371,40
1753617174046,11:52:54.046,mexc,AERGO/USDT:USDT,0.13369,52,0.13368,208,0.1337,428,0.13371,40
1753617174232,11:52:54.232,mexc,AERGO/USDT:USDT,0.13369,71,0.13368,294,0.1337,119,0.13371,50
1753617174545,11:52:54.545,mexc,AERGO/USDT:USDT,0.13369,71,0.13368,389,0.1337,119,0.13371,61
1753617174822,11:52:54.822,mexc,AERGO/USDT:USDT,0.13369,71,0.13368,294,0.1337,119,0.13371,61
1753617174950,11:52:54.950,mexc,AERGO/USDT:USDT,0.13369,71,0.13368,294,0.1337,119,0.13371,50
1753617175046,11:52:55.046,mexc,AERGO/USDT:USDT,0.13369,71,0.13368,294,0.1337,119,0.13371,67
1753617175450,11:52:55.450,mexc,AERGO/USDT:USDT,0.13369,71,0.13368,383,0.1337,119,0.13371,67
1753617175547,11:52:55.547,mexc,AERGO/USDT:USDT,0.13369,71,0.13368,383,0.1337,119,0.13371,55
1753617175919,11:52:55.919,mexc,AERGO/USDT:USDT,0.13369,71,0.13368,294,0.1337,119,0.13371,55
1753617176047,11:52:56.047,mexc,AERGO/USDT:USDT,0.13369,71,0.13368,294,0.1337,119,0.13371,61
1753617176324,11:52:56.324,mexc,AERGO/USDT:USDT,0.13369,71,0.13368,294,0.1337,119,0.13371,61
1753617176448,11:52:56.448,mexc,AERGO/USDT:USDT,0.13369,71,0.13368,334,0.1337,119,0.13371,50
1753617176548,11:52:56.548,mexc,AERGO/USDT:USDT,0.13369,71,0.13368,334,0.1337,119,0.13371,50
1753617176950,11:52:56.950,mexc,AERGO/USDT:USDT,0.13369,71,0.13368,440,0.1337,119,0.13371,50
1753617177048,11:52:57.048,mexc,AERGO/USDT:USDT,0.13369,71,0.13368,440,0.1337,119,0.13371,58
1753617177424,11:52:57.424,mexc,AERGO/USDT:USDT,0.13369,71,0.13368,294,0.1337,119,0.13371,58
1753617177547,11:52:57.547,mexc,AERGO/USDT:USDT,0.13369,71,0.13368,294,0.1337,119,0.13371,50
1753617177890,11:52:57.890,mexc,AERGO/USDT:USDT,0.13369,71,0.13368,294,0.1337,119,0.13371,50
1753617178077,11:52:58.077,mexc,AERGO/USDT:USDT,0.13369,71,0.13368,294,0.1337,119,0.13371,89
1753617178326,11:52:58.326,mexc,AERGO/USDT:USDT,0.13369,71,0.13368,294,0.1337,119,0.13371,89
1753617178450,11:52:58.450,mexc,AERGO/USDT:USDT,0.13369,71,0.13368,482,0.1337,119,0.13371,50
1753617178547,11:52:58.547,mexc,AERGO/USDT:USDT,0.13369,71,0.13368,482,0.1337,119,0.13371,59
1753617178950,11:52:58.950,mexc,AERGO/USDT:USDT,0.13369,71,0.13368,294,0.1337,119,0.13371,59
1753617179046,11:52:59.046,mexc,AERGO/USDT:USDT,0.13369,71,0.13368,294,0.1337,119,0.13371,68
1753617179326,11:52:59.326,mexc,AERGO/USDT:USDT,0.13369,71,0.13368,294,0.1337,119,0.13371,68
1753617179547,11:52:59.547,mexc,AERGO/USDT:USDT,0.13369,71,0.13368,512,0.1337,119,0.13371,50
1753617179827,11:52:59.827,mexc,AERGO/USDT:USDT,0.13369,71,0.13368,421,0.1337,119,0.13371,50
1753617179953,11:52:59.953,mexc,AERGO/USDT:USDT,0.13369,71,0.13368,354,0.1337,119,0.13371,50
1753617180230,11:53:00.230,mexc,AERGO/USDT:USDT,0.13369,119,0.13368,595,0.1337,48,0.13371,51
1753617180423,11:53:00.423,mexc,AERGO/USDT:USDT,0.13369,49,0.13368,241,0.1337,48,0.13371,51
1753617180548,11:53:00.548,mexc,AERGO/USDT:USDT,0.13369,49,0.13368,241,0.1337,48,0.13371,75
1753617180951,11:53:00.951,mexc,AERGO/USDT:USDT,0.13369,49,0.13368,241,0.1337,48,0.13371,51
1753617181046,11:53:01.046,mexc,AERGO/USDT:USDT,0.13369,49,0.13368,241,0.1337,48,0.13371,51
1753617181423,11:53:01.423,mexc,AERGO/USDT:USDT,0.13369,49,0.13368,241,0.1337,48,0.13371,51
1753617181548,11:53:01.548,mexc,AERGO/USDT:USDT,0.13369,49,0.13368,241,0.1337,48,0.13371,51
1753617181827,11:53:01.827,mexc,AERGO/USDT:USDT,0.13369,49,0.13368,241,0.1337,48,0.13371,51
1753617181951,11:53:01.951,mexc,AERGO/USDT:USDT,0.13369,49,0.13368,432,0.1337,48,0.13371,51
1753617182049,11:53:02.049,mexc,AERGO/USDT:USDT,0.13369,49,0.13368,432,0.1337,48,0.13371,59
1753617182450,11:53:02.450,mexc,AERGO/USDT:USDT,0.13369,49,0.13368,241,0.1337,48,0.13371,51
1753617182547,11:53:02.547,mexc,AERGO/USDT:USDT,0.13369,49,0.13368,241,0.1337,48,0.13371,51
1753617182925,11:53:02.925,mexc,AERGO/USDT:USDT,0.13369,49,0.13368,241,0.1337,48,0.13371,51
1753617183049,11:53:03.049,mexc,AERGO/USDT:USDT,0.13369,49,0.13368,241,0.1337,48,0.13371,51
1753617183329,11:53:03.329,mexc,AERGO/USDT:USDT,0.13369,49,0.13368,241,0.1337,48,0.13371,51
1753617183450,11:53:03.450,mexc,AERGO/USDT:USDT,0.13369,49,0.13368,241,0.1337,48,0.13371,51
1753617183548,11:53:03.548,mexc,AERGO/USDT:USDT,0.13369,49,0.13368,241,0.1337,48,0.13371,89
1753617183957,11:53:03.957,mexc,AERGO/USDT:USDT,0.13369,49,0.13368,241,0.1337,48,0.13371,70
1753617184049,11:53:04.049,mexc,AERGO/USDT:USDT,0.13369,49,0.13368,241,0.1337,48,0.13371,51
1753617184425,11:53:04.425,mexc,AERGO/USDT:USDT,0.13369,49,0.13368,241,0.1337,48,0.13371,51
1753617184547,11:53:04.547,mexc,AERGO/USDT:USDT,0.13369,49,0.13368,241,0.1337,48,0.13371,51
1753617184828,11:53:04.828,mexc,AERGO/USDT:USDT,0.13369,49,0.13368,241,0.1337,48,0.13371,51
1753617184955,11:53:04.955,mexc,AERGO/USDT:USDT,0.13369,49,0.13368,241,0.1337,48,0.13371,51
1753617185186,11:53:05.186,mexc,AERGO/USDT:USDT,0.13369,49,0.13368,241,0.1337,48,0.13371,51
1753617185452,11:53:05.452,mexc,AERGO/USDT:USDT,0.13369,49,0.13368,241,0.1337,48,0.13371,51
1753617185547,11:53:05.547,mexc,AERGO/USDT:USDT,0.13369,49,0.13368,241,0.1337,48,0.13371,69
1753617185927,11:53:05.927,mexc,AERGO/USDT:USDT,0.13369,49,0.13368,241,0.1337,48,0.13371,69
1753617186049,11:53:06.049,mexc,AERGO/USDT:USDT,0.13369,49,0.13368,241,0.1337,48,0.13371,51
1753617186232,11:53:06.232,mexc,AERGO/USDT:USDT,0.13374,180,0.13373,49,0.13375,314,0.13376,195
1753617186550,11:53:06.550,mexc,AERGO/USDT:USDT,0.13374,180,0.13373,70,0.13375,314,0.13376,255
1753617186832,11:53:06.832,mexc,AERGO/USDT:USDT,0.13374,180,0.13373,49,0.13375,314,0.13376,255
1753617186952,11:53:06.952,mexc,AERGO/USDT:USDT,0.13374,180,0.13373,49,0.13375,314,0.13376,195
1753617187049,11:53:07.049,mexc,AERGO/USDT:USDT,0.13374,180,0.13373,49,0.13375,314,0.13376,195
1753617187455,11:53:07.455,mexc,AERGO/USDT:USDT,0.13374,180,0.13373,69,0.13375,314,0.13376,195
1753617187550,11:53:07.550,mexc,AERGO/USDT:USDT,0.13374,180,0.13373,69,0.13375,314,0.13376,195
1753617187928,11:53:07.928,mexc,AERGO/USDT:USDT,0.13374,180,0.13373,49,0.13375,314,0.13376,195
1753617188053,11:53:08.053,mexc,AERGO/USDT:USDT,0.13374,180,0.13373,49,0.13375,314,0.13376,195
1753617188332,11:53:08.332,mexc,AERGO/USDT:USDT,0.13374,180,0.13373,49,0.13375,314,0.13376,195
1753617188457,11:53:08.457,mexc,AERGO/USDT:USDT,0.13374,180,0.13373,49,0.13375,314,0.13376,195
1753617188550,11:53:08.550,mexc,AERGO/USDT:USDT,0.13374,180,0.13373,49,0.13375,314,0.13376,195
1753617188952,11:53:08.952,mexc,AERGO/USDT:USDT,0.13374,180,0.13373,49,0.13375,314,0.13376,195
1753617189048,11:53:09.048,mexc,AERGO/USDT:USDT,0.13374,180,0.13373,49,0.13375,314,0.13376,195
1753617189430,11:53:09.430,mexc,AERGO/USDT:USDT,0.13374,180,0.13373,49,0.13375,314,0.13376,195
1753617189550,11:53:09.550,mexc,AERGO/USDT:USDT,0.13374,180,0.13373,49,0.13375,314,0.13376,195
1753617189832,11:53:09.832,mexc,AERGO/USDT:USDT,0.13374,180,0.13373,49,0.13375,314,0.13376,195
1753617189953,11:53:09.953,mexc,AERGO/USDT:USDT,0.13374,180,0.13373,60,0.13375,314,0.13376,195
1753617190051,11:53:10.051,mexc,AERGO/USDT:USDT,0.13374,180,0.13373,60,0.13375,314,0.13376,195
1753617190453,11:53:10.453,mexc,AERGO/USDT:USDT,0.13374,180,0.13373,49,0.13375,314,0.13376,195
1753617190550,11:53:10.550,mexc,AERGO/USDT:USDT,0.13374,180,0.13373,49,0.13375,314,0.13376,215
1753617190931,11:53:10.931,mexc,AERGO/USDT:USDT,0.13374,180,0.13373,49,0.13375,314,0.13376,215
1753617191051,11:53:11.051,mexc,AERGO/USDT:USDT,0.13374,180,0.13373,49,0.13375,314,0.13376,195
1753617191335,11:53:11.335,mexc,AERGO/USDT:USDT,0.13374,180,0.13373,49,0.13375,314,0.13376,195
1753617191453,11:53:11.453,mexc,AERGO/USDT:USDT,0.13374,180,0.13373,49,0.13375,314,0.13376,195
1753617191551,11:53:11.551,mexc,AERGO/USDT:USDT,0.13374,180,0.13373,49,0.13375,314,0.13376,247
1753617191955,11:53:11.955,mexc,AERGO/USDT:USDT,0.13374,180,0.13373,49,0.13375,314,0.13376,195
1753617192058,11:53:12.058,mexc,AERGO/USDT:USDT,0.13374,180,0.13373,49,0.13375,314,0.13376,195
1753617192231,11:53:12.231,mexc,AERGO/USDT:USDT,0.13374,225,0.13373,53,0.13375,1446,0.13376,576
1753617192552,11:53:12.552,mexc,AERGO/USDT:USDT,0.13374,225,0.13373,84,0.13375,1446,0.13376,576
1753617192836,11:53:12.836,mexc,AERGO/USDT:USDT,0.13374,225,0.13373,65,0.13375,1446,0.13376,576
1753617192956,11:53:12.956,mexc,AERGO/USDT:USDT,0.13374,225,0.13373,66,0.13375,1446,0.13376,576
1753617193052,11:53:13.052,mexc,AERGO/USDT:USDT,0.13374,225,0.13373,66,0.13375,1446,0.13376,672
1753617193455,11:53:13.455,mexc,AERGO/USDT:USDT,0.13374,225,0.13373,66,0.13375,1446,0.13376,576
1753617193553,11:53:13.553,mexc,AERGO/USDT:USDT,0.13374,225,0.13373,66,0.13375,1446,0.13376,810
1753617193935,11:53:13.935,mexc,AERGO/USDT:USDT,0.13374,225,0.13373,53,0.13375,1446,0.13376,810
1753617194053,11:53:14.053,mexc,AERGO/USDT:USDT,0.13374,225,0.13373,65,0.13375,1446,0.13376,576
1753617194336,11:53:14.336,mexc,AERGO/USDT:USDT,0.13374,225,0.13373,65,0.13375,1446,0.13376,576
1753617194457,11:53:14.457,mexc,AERGO/USDT:USDT,0.13374,225,0.13373,53,0.13375,1446,0.13376,576
1753617194553,11:53:14.553,mexc,AERGO/USDT:USDT,0.13374,225,0.13373,53,0.13375,1446,0.13376,576
1753617194961,11:53:14.961,mexc,AERGO/USDT:USDT,0.13374,225,0.13373,53,0.13375,1446,0.13376,576
1753617195054,11:53:15.054,mexc,AERGO/USDT:USDT,0.13374,225,0.13373,53,0.13375,1446,0.13376,576
1753617195436,11:53:15.436,mexc,AERGO/USDT:USDT,0.13374,225,0.13373,53,0.13375,1446,0.13376,576
1753617195555,11:53:15.555,mexc,AERGO/USDT:USDT,0.13374,225,0.13373,53,0.13375,1446,0.13376,576
1753617195840,11:53:15.840,mexc,AERGO/USDT:USDT,0.13374,225,0.13373,53,0.13375,1446,0.13376,576
1753617195958,11:53:15.958,mexc,AERGO/USDT:USDT,0.13374,225,0.13373,67,0.13375,1446,0.13376,576
1753617196055,11:53:16.055,mexc,AERGO/USDT:USDT,0.13374,225,0.13373,67,0.13375,1446,0.13376,576
1753617196457,11:53:16.457,mexc,AERGO/USDT:USDT,0.13374,225,0.13373,93,0.13375,1446,0.13376,576
1753617196554,11:53:16.554,mexc,AERGO/USDT:USDT,0.13374,225,0.13373,93,0.13375,1446,0.13376,576
1753617196958,11:53:16.958,mexc,AERGO/USDT:USDT,0.13374,225,0.13373,72,0.13375,1446,0.13376,576
1753617197055,11:53:17.055,mexc,AERGO/USDT:USDT,0.13374,225,0.13373,72,0.13375,1446,0.13376,769
1753617197339,11:53:17.339,mexc,AERGO/USDT:USDT,0.13374,225,0.13373,53,0.13375,1446,0.13376,769
1753617197553,11:53:17.553,mexc,AERGO/USDT:USDT,0.13374,225,0.13373,53,0.13375,1446,0.13376,576
1753617197842,11:53:17.842,mexc,AERGO/USDT:USDT,0.13374,225,0.13373,53,0.13375,1446,0.13376,576
1753617197958,11:53:17.958,mexc,AERGO/USDT:USDT,0.13374,225,0.13373,53,0.13375,1446,0.13376,576
1753617198240,11:53:18.240,mexc,AERGO/USDT:USDT,0.13375,996,0.13374,67,0.13376,107,0.13377,419
1753617198497,11:53:18.497,mexc,AERGO/USDT:USDT,0.13375,996,0.13374,67,0.13376,107,0.13377,419
1753617198555,11:53:18.555,mexc,AERGO/USDT:USDT,0.13375,996,0.13374,67,0.13376,107,0.13377,419
1753617198904,11:53:18.904,mexc,AERGO/USDT:USDT,0.13375,996,0.13374,67,0.13376,107,0.13377,419
1753617199057,11:53:19.057,mexc,AERGO/USDT:USDT,0.13375,996,0.13374,67,0.13376,107,0.13377,589
1753617199400,11:53:19.400,mexc,AERGO/USDT:USDT,0.13375,996,0.13374,67,0.13376,107,0.13377,589
1753617199555,11:53:19.555,mexc,AERGO/USDT:USDT,0.13375,996,0.13374,76,0.13376,107,0.13377,419
1753617199901,11:53:19.901,mexc,AERGO/USDT:USDT,0.13375,996,0.13374,76,0.13376,107,0.13377,419
1753617200056,11:53:20.056,mexc,AERGO/USDT:USDT,0.13375,996,0.13374,67,0.13376,107,0.13377,614
1753617200402,11:53:20.402,mexc,AERGO/USDT:USDT,0.13375,996,0.13374,67,0.13376,107,0.13377,614
1753617200556,11:53:20.556,mexc,AERGO/USDT:USDT,0.13375,996,0.13374,67,0.13376,107,0.13377,419
1753617200906,11:53:20.906,mexc,AERGO/USDT:USDT,0.13375,996,0.13374,67,0.13376,107,0.13377,419
1753617201056,11:53:21.056,mexc,AERGO/USDT:USDT,0.13375,996,0.13374,67,0.13376,107,0.13377,419
1753617201402,11:53:21.402,mexc,AERGO/USDT:USDT,0.13375,996,0.13374,67,0.13376,107,0.13377,419
1753617201556,11:53:21.556,mexc,AERGO/USDT:USDT,0.13375,996,0.13374,87,0.13376,107,0.13377,495
1753617201903,11:53:21.903,mexc,AERGO/USDT:USDT,0.13375,996,0.13374,87,0.13376,107,0.13377,495
1753617202056,11:53:22.056,mexc,AERGO/USDT:USDT,0.13375,996,0.13374,67,0.13376,107,0.13377,585
1753617202402,11:53:22.402,mexc,AERGO/USDT:USDT,0.13375,996,0.13374,67,0.13376,107,0.13377,585
1753617202558,11:53:22.558,mexc,AERGO/USDT:USDT,0.13375,996,0.13374,86,0.13376,107,0.13377,419
1753617202903,11:53:22.903,mexc,AERGO/USDT:USDT,0.13375,996,0.13374,67,0.13376,107,0.13377,419
1753617203057,11:53:23.057,mexc,AERGO/USDT:USDT,0.13375,996,0.13374,67,0.13376,107,0.13377,419
1753617203191,11:53:23.191,mexc,AERGO/USDT:USDT,0.13375,996,0.13374,67,0.13376,107,0.13377,419
1753617203558,11:53:23.558,mexc,AERGO/USDT:USDT,0.13375,996,0.13374,93,0.13376,107,0.13377,419
1753617203904,11:53:23.904,mexc,AERGO/USDT:USDT,0.13375,996,0.13374,67,0.13376,107,0.13377,419
1753617204061,11:53:24.061,mexc,AERGO/USDT:USDT,0.13375,996,0.13374,74,0.13376,107,0.13377,419
1753617204238,11:53:24.238,mexc,AERGO/USDT:USDT,0.13376,902,0.13375,130,0.13377,308,0.13378,469
1753617204560,11:53:24.560,mexc,AERGO/USDT:USDT,0.13376,902,0.13375,130,0.13377,308,0.13378,469
1753617204905,11:53:24.905,mexc,AERGO/USDT:USDT,0.13376,902,0.13375,130,0.13377,308,0.13378,469
1753617205061,11:53:25.061,mexc,AERGO/USDT:USDT,0.13376,902,0.13375,130,0.13377,308,0.13378,469
1753617205405,11:53:25.405,mexc,AERGO/USDT:USDT,0.13376,902,0.13375,130,0.13377,308,0.13378,469
1753617205597,11:53:25.597,mexc,AERGO/USDT:USDT,0.13376,902,0.13375,130,0.13377,308,0.13378,469
1753617205906,11:53:25.906,mexc,AERGO/USDT:USDT,0.13376,902,0.13375,130,0.13377,308,0.13378,469
1753617206063,11:53:26.063,mexc,AERGO/USDT:USDT,0.13376,902,0.13375,168,0.13377,308,0.13378,691
1753617206405,11:53:26.405,mexc,AERGO/USDT:USDT,0.13376,902,0.13375,130,0.13377,308,0.13378,691
1753617206562,11:53:26.562,mexc,AERGO/USDT:USDT,0.13376,902,0.13375,179,0.13377,308,0.13378,743
1753617206906,11:53:26.906,mexc,AERGO/USDT:USDT,0.13376,902,0.13375,130,0.13377,308,0.13378,743
1753617207062,11:53:27.062,mexc,AERGO/USDT:USDT,0.13376,902,0.13375,130,0.13377,308,0.13378,593
1753617207405,11:53:27.405,mexc,AERGO/USDT:USDT,0.13376,902,0.13375,130,0.13377,308,0.13378,593
1753617207562,11:53:27.562,mexc,AERGO/USDT:USDT,0.13376,902,0.13375,130,0.13377,308,0.13378,579
1753617207905,11:53:27.905,mexc,AERGO/USDT:USDT,0.13376,902,0.13375,130,0.13377,308,0.13378,579
1753617208062,11:53:28.062,mexc,AERGO/USDT:USDT,0.13376,902,0.13375,190,0.13377,308,0.13378,469
1753617208406,11:53:28.406,mexc,AERGO/USDT:USDT,0.13376,902,0.13375,190,0.13377,308,0.13378,469
1753617208562,11:53:28.562,mexc,AERGO/USDT:USDT,0.13376,902,0.13375,177,0.13377,308,0.13378,469
1753617208906,11:53:28.906,mexc,AERGO/USDT:USDT,0.13376,902,0.13375,177,0.13377,308,0.13378,469
1753617209063,11:53:29.063,mexc,AERGO/USDT:USDT,0.13376,902,0.13375,177,0.13377,308,0.13378,719
1753617209191,11:53:29.191,mexc,AERGO/USDT:USDT,0.13376,902,0.13375,177,0.13377,308,0.13378,719
1753617209562,11:53:29.562,mexc,AERGO/USDT:USDT,0.13376,902,0.13375,130,0.13377,308,0.13378,598
1753617209906,11:53:29.906,mexc,AERGO/USDT:USDT,0.13376,902,0.13375,130,0.13377,308,0.13378,598
1753617210063,11:53:30.063,mexc,AERGO/USDT:USDT,0.13376,902,0.13375,130,0.13377,308,0.13378,469
1753617210237,11:53:30.237,mexc,AERGO/USDT:USDT,0.13377,146,0.13376,1191,0.13378,316,0.13379,1416
1753617210561,11:53:30.561,mexc,AERGO/USDT:USDT,0.13377,146,0.13376,1191,0.13378,316,0.13379,1416
1753617210908,11:53:30.908,mexc,AERGO/USDT:USDT,0.13377,146,0.13376,1191,0.13378,316,0.13379,1416
1753617211062,11:53:31.062,mexc,AERGO/USDT:USDT,0.13377,146,0.13376,1373,0.13378,316,0.13379,1416
1753617211406,11:53:31.406,mexc,AERGO/USDT:USDT,0.13377,146,0.13376,1373,0.13378,316,0.13379,1416
1753617211563,11:53:31.563,mexc,AERGO/USDT:USDT,0.13377,146,0.13376,1191,0.13378,316,0.13379,1416
1753617211907,11:53:31.907,mexc,AERGO/USDT:USDT,0.13377,146,0.13376,1191,0.13378,316,0.13379,1416
1753617212065,11:53:32.065,mexc,AERGO/USDT:USDT,0.13377,146,0.13376,1191,0.13378,316,0.13379,1612
1753617212407,11:53:32.407,mexc,AERGO/USDT:USDT,0.13377,146,0.13376,1191,0.13378,316,0.13379,1612
1753617212563,11:53:32.563,mexc,AERGO/USDT:USDT,0.13377,146,0.13376,1653,0.13378,316,0.13379,2452
1753617212908,11:53:32.908,mexc,AERGO/USDT:USDT,0.13377,146,0.13376,1191,0.13378,316,0.13379,2452
1753617213066,11:53:33.066,mexc,AERGO/USDT:USDT,0.13377,146,0.13376,1191,0.13378,316,0.13379,1416
1753617213407,11:53:33.407,mexc,AERGO/USDT:USDT,0.13377,146,0.13376,1191,0.13378,316,0.13379,1416
1753617213600,11:53:33.600,mexc,AERGO/USDT:USDT,0.13377,146,0.13376,1191,0.13378,316,0.13379,1907
1753617213908,11:53:33.908,mexc,AERGO/USDT:USDT,0.13377,146,0.13376,1191,0.13378,316,0.13379,1907
1753617214100,11:53:34.100,mexc,AERGO/USDT:USDT,0.13377,146,0.13376,1191,0.13378,316,0.13379,2100
1753617214407,11:53:34.407,mexc,AERGO/USDT:USDT,0.13377,146,0.13376,1191,0.13378,316,0.13379,2100
1753617214600,11:53:34.600,mexc,AERGO/USDT:USDT,0.13377,146,0.13376,1191,0.13378,316,0.13379,1416
1753617214918,11:53:34.918,mexc,AERGO/USDT:USDT,0.13377,146,0.13376,1191,0.13378,316,0.13379,1416
1753617215098,11:53:35.098,mexc,AERGO/USDT:USDT,0.13377,146,0.13376,1596,0.13378,316,0.13379,1761
1753617215193,11:53:35.193,mexc,AERGO/USDT:USDT,0.13377,146,0.13376,1596,0.13378,316,0.13379,1761
1753617215599,11:53:35.599,mexc,AERGO/USDT:USDT,0.13377,146,0.13376,1520,0.13378,316,0.13379,1416
1753617215599,11:53:35.599,mexc,AERGO/USDT:USDT,0.13377,146,0.13376,1520,0.13378,316,0.13379,1416
1753617216007,11:53:36.007,mexc,AERGO/USDT:USDT,0.13377,146,0.13376,1191,0.13378,316,0.13379,1416
1753617216102,11:53:36.102,mexc,AERGO/USDT:USDT,0.13377,146,0.13376,1491,0.13378,316,0.13379,2581
1753617216239,11:53:36.239,mexc,AERGO/USDT:USDT,0.13377,1568,0.13376,970,0.13378,79,0.13379,41
1753617216600,11:53:36.600,mexc,AERGO/USDT:USDT,0.13377,1568,0.13376,970,0.13378,79,0.13379,56
1753617216909,11:53:36.909,mexc,AERGO/USDT:USDT,0.13377,1568,0.13376,970,0.13378,79,0.13379,56
1753617217102,11:53:37.102,mexc,AERGO/USDT:USDT,0.13377,1568,0.13376,970,0.13378,79,0.13379,56
1753617217412,11:53:37.412,mexc,AERGO/USDT:USDT,0.13377,1568,0.13376,970,0.13378,79,0.13379,56
1753617217602,11:53:37.602,mexc,AERGO/USDT:USDT,0.13377,1568,0.13376,970,0.13378,79,0.13379,41
1753617217908,11:53:37.908,mexc,AERGO/USDT:USDT,0.13377,1568,0.13376,970,0.13378,79,0.13379,41
1753617218007,11:53:38.007,mexc,AERGO/USDT:USDT,0.13377,1568,0.13376,1683,0.13378,79,0.13379,41
1753617218112,11:53:38.112,mexc,AERGO/USDT:USDT,0.13377,1568,0.13376,1683,0.13378,79,0.13379,41
1753617218602,11:53:38.602,mexc,AERGO/USDT:USDT,0.13377,1568,0.13376,1268,0.13378,79,0.13379,41
1753617218602,11:53:38.602,mexc,AERGO/USDT:USDT,0.13377,1568,0.13376,1268,0.13378,79,0.13379,59
1753617219011,11:53:39.011,mexc,AERGO/USDT:USDT,0.13377,1568,0.13376,970,0.13378,79,0.13379,59
1753617219103,11:53:39.103,mexc,AERGO/USDT:USDT,0.13377,1568,0.13376,1291,0.13378,79,0.13379,41
1753617219505,11:53:39.505,mexc,AERGO/USDT:USDT,0.13377,1568,0.13376,970,0.13378,79,0.13379,41
1753617219603,11:53:39.603,mexc,AERGO/USDT:USDT,0.13377,1568,0.13376,1342,0.13378,79,0.13379,54
1753617219909,11:53:39.909,mexc,AERGO/USDT:USDT,0.13377,1568,0.13376,1342,0.13378,79,0.13379,54
1753617220106,11:53:40.106,mexc,AERGO/USDT:USDT,0.13377,1568,0.13376,1071,0.13378,79,0.13379,41
1753617220409,11:53:40.409,mexc,AERGO/USDT:USDT,0.13377,1568,0.13376,970,0.13378,79,0.13379,41
1753617220602,11:53:40.602,mexc,AERGO/USDT:USDT,0.13377,1568,0.13376,1281,0.13378,79,0.13379,41
1753617220909,11:53:40.909,mexc,AERGO/USDT:USDT,0.13377,1568,0.13376,970,0.13378,79,0.13379,41
1753617221105,11:53:41.105,mexc,AERGO/USDT:USDT,0.13377,1568,0.13376,1173,0.13378,79,0.13379,59
1753617221196,11:53:41.196,mexc,AERGO/USDT:USDT,0.13377,1568,0.13376,1173,0.13378,79,0.13379,59
1753617221603,11:53:41.603,mexc,AERGO/USDT:USDT,0.13377,1568,0.13376,1254,0.13378,79,0.13379,56
1753617221603,11:53:41.603,mexc,AERGO/USDT:USDT,0.13377,1568,0.13376,1254,0.13378,79,0.13379,56
1753617222007,11:53:42.007,mexc,AERGO/USDT:USDT,0.13377,1568,0.13376,1304,0.13378,79,0.13379,56
1753617222106,11:53:42.106,mexc,AERGO/USDT:USDT,0.13377,1568,0.13376,1304,0.13378,79,0.13379,41
1753617222241,11:53:42.241,mexc,AERGO/USDT:USDT,0.13376,1412,0.13375,868,0.13377,1234,0.13378,88
1753617222604,11:53:42.604,mexc,AERGO/USDT:USDT,0.13376,1412,0.13375,868,0.13377,1234,0.13378,88
1753617222910,11:53:42.910,mexc,AERGO/USDT:USDT,0.13376,1412,0.13375,868,0.13377,1234,0.13378,88
1753617223105,11:53:43.105,mexc,AERGO/USDT:USDT,0.13376,1412,0.13375,868,0.13377,1234,0.13378,88
1753617223410,11:53:43.410,mexc,AERGO/USDT:USDT,0.13376,1412,0.13375,868,0.13377,1234,0.13378,88
1753617223606,11:53:43.606,mexc,AERGO/USDT:USDT,0.13376,1412,0.13375,868,0.13377,1234,0.13378,88
1753617223910,11:53:43.910,mexc,AERGO/USDT:USDT,0.13376,1412,0.13375,868,0.13377,1234,0.13378,88
1753617224106,11:53:44.106,mexc,AERGO/USDT:USDT,0.13376,1412,0.13375,1145,0.13377,1234,0.13378,97
1753617224410,11:53:44.410,mexc,AERGO/USDT:USDT,0.13376,1412,0.13375,868,0.13377,1234,0.13378,97
1753617224605,11:53:44.605,mexc,AERGO/USDT:USDT,0.13376,1412,0.13375,868,0.13377,1234,0.13378,121
1753617224910,11:53:44.910,mexc,AERGO/USDT:USDT,0.13376,1412,0.13375,868,0.13377,1234,0.13378,121
1753617225104,11:53:45.104,mexc,AERGO/USDT:USDT,0.13376,1412,0.13375,868,0.13377,1234,0.13378,88
1753617225176,11:53:45.176,mexc,AERGO/USDT:USDT,0.13376,1412,0.13375,868,0.13377,1234,0.13378,88
1753617225604,11:53:45.604,mexc,AERGO/USDT:USDT,0.13376,1412,0.13375,868,0.13377,1234,0.13378,120
1753617225604,11:53:45.604,mexc,AERGO/USDT:USDT,0.13376,1412,0.13375,868,0.13377,1234,0.13378,120
1753617226007,11:53:46.007,mexc,AERGO/USDT:USDT,0.13376,1412,0.13375,868,0.13377,1234,0.13378,120
1753617226107,11:53:46.107,mexc,AERGO/USDT:USDT,0.13376,1412,0.13375,868,0.13377,1234,0.13378,88
1753617226410,11:53:46.410,mexc,AERGO/USDT:USDT,0.13376,1412,0.13375,868,0.13377,1234,0.13378,88
1753617226608,11:53:46.608,mexc,AERGO/USDT:USDT,0.13376,1412,0.13375,868,0.13377,1234,0.13378,88
1753617226913,11:53:46.913,mexc,AERGO/USDT:USDT,0.13376,1412,0.13375,868,0.13377,1234,0.13378,88
1753617227112,11:53:47.112,mexc,AERGO/USDT:USDT,0.13376,1412,0.13375,1271,0.13377,1234,0.13378,120
1753617227197,11:53:47.197,mexc,AERGO/USDT:USDT,0.13376,1412,0.13375,1271,0.13377,1234,0.13378,120
1753617227511,11:53:47.511,mexc,AERGO/USDT:USDT,0.13376,1412,0.13375,868,0.13377,1234,0.13378,88
1753617227608,11:53:47.608,mexc,AERGO/USDT:USDT,0.13376,1412,0.13375,868,0.13377,1234,0.13378,88
1753617228013,11:53:48.013,mexc,AERGO/USDT:USDT,0.13376,1412,0.13375,868,0.13377,1234,0.13378,88
1753617228108,11:53:48.108,mexc,AERGO/USDT:USDT,0.13376,1412,0.13375,868,0.13377,1234,0.13378,88
1753617228245,11:53:48.245,mexc,AERGO/USDT:USDT,0.13378,1443,0.13377,300,0.13379,1106,0.1338,378
1753617228607,11:53:48.607,mexc,AERGO/USDT:USDT,0.13378,1443,0.13377,300,0.13379,1106,0.1338,378
1753617228913,11:53:48.913,mexc,AERGO/USDT:USDT,0.13378,1443,0.13377,300,0.13379,1106,0.1338,378
1753617229109,11:53:49.109,mexc,AERGO/USDT:USDT,0.13378,1443,0.13377,389,0.13379,1106,0.1338,492
1753617229412,11:53:49.412,mexc,AERGO/USDT:USDT,0.13378,1443,0.13377,389,0.13379,1106,0.1338,492
1753617229608,11:53:49.608,mexc,AERGO/USDT:USDT,0.13378,1443,0.13377,391,0.13379,1106,0.1338,378
1753617229913,11:53:49.913,mexc,AERGO/USDT:USDT,0.13378,1443,0.13377,300,0.13379,1106,0.1338,378
1753617230108,11:53:50.108,mexc,AERGO/USDT:USDT,0.13378,1443,0.13377,300,0.13379,1106,0.1338,437
1753617230412,11:53:50.412,mexc,AERGO/USDT:USDT,0.13378,1443,0.13377,300,0.13379,1106,0.1338,437
1753617230607,11:53:50.607,mexc,AERGO/USDT:USDT,0.13378,1443,0.13377,300,0.13379,1106,0.1338,378
1753617230913,11:53:50.913,mexc,AERGO/USDT:USDT,0.13378,1443,0.13377,300,0.13379,1106,0.1338,378
1753617231109,11:53:51.109,mexc,AERGO/USDT:USDT,0.13378,1443,0.13377,300,0.13379,1106,0.1338,436
1753617231412,11:53:51.412,mexc,AERGO/USDT:USDT,0.13378,1443,0.13377,300,0.13379,1106,0.1338,436
1753617231607,11:53:51.607,mexc,AERGO/USDT:USDT,0.13378,1443,0.13377,300,0.13379,1106,0.1338,378
1753617231913,11:53:51.913,mexc,AERGO/USDT:USDT,0.13378,1443,0.13377,300,0.13379,1106,0.1338,378
1753617232108,11:53:52.108,mexc,AERGO/USDT:USDT,0.13378,1443,0.13377,300,0.13379,1106,0.1338,378
1753617232414,11:53:52.414,mexc,AERGO/USDT:USDT,0.13378,1443,0.13377,300,0.13379,1106,0.1338,378
1753617232607,11:53:52.607,mexc,AERGO/USDT:USDT,0.13378,1443,0.13377,390,0.13379,1106,0.1338,378
1753617232914,11:53:52.914,mexc,AERGO/USDT:USDT,0.13378,1443,0.13377,300,0.13379,1106,0.1338,378
1753617233109,11:53:53.109,mexc,AERGO/USDT:USDT,0.13378,1443,0.13377,300,0.13379,1106,0.1338,378
1753617233198,11:53:53.198,mexc,AERGO/USDT:USDT,0.13378,1443,0.13377,300,0.13379,1106,0.1338,378
1753617233609,11:53:53.609,mexc,AERGO/USDT:USDT,0.13378,1443,0.13377,300,0.13379,1106,0.1338,378
1753617233610,11:53:53.610,mexc,AERGO/USDT:USDT,0.13378,1443,0.13377,300,0.13379,1106,0.1338,538
1753617234012,11:53:54.012,mexc,AERGO/USDT:USDT,0.13378,1443,0.13377,300,0.13379,1106,0.1338,538
1753617234109,11:53:54.109,mexc,AERGO/USDT:USDT,0.13378,1443,0.13377,348,0.13379,1106,0.1338,434
1753617234246,11:53:54.246,mexc,AERGO/USDT:USDT,0.13378,11716,0.13377,119,0.13379,124,0.1338,542
1753617234608,11:53:54.608,mexc,AERGO/USDT:USDT,0.13378,11716,0.13377,165,0.13379,124,0.1338,542
1753617234915,11:53:54.915,mexc,AERGO/USDT:USDT,0.13378,11716,0.13377,165,0.13379,124,0.1338,542
1753617235112,11:53:55.112,mexc,AERGO/USDT:USDT,0.13378,11716,0.13377,119,0.13379,124,0.1338,542
1753617235416,11:53:55.416,mexc,AERGO/USDT:USDT,0.13378,11716,0.13377,119,0.13379,124,0.1338,542
1753617235609,11:53:55.609,mexc,AERGO/USDT:USDT,0.13378,11716,0.13377,157,0.13379,124,0.1338,705
1753617235916,11:53:55.916,mexc,AERGO/USDT:USDT,0.13378,11716,0.13377,119,0.13379,124,0.1338,705
1753617236110,11:53:56.110,mexc,AERGO/USDT:USDT,0.13378,11716,0.13377,119,0.13379,124,0.1338,630
1753617236179,11:53:56.179,mexc,AERGO/USDT:USDT,0.13378,11716,0.13377,119,0.13379,124,0.1338,630
1753617236612,11:53:56.612,mexc,AERGO/USDT:USDT,0.13378,11716,0.13377,119,0.13379,124,0.1338,542
1753617236612,11:53:56.612,mexc,AERGO/USDT:USDT,0.13378,11716,0.13377,119,0.13379,124,0.1338,771
1753617237017,11:53:57.017,mexc,AERGO/USDT:USDT,0.13378,11716,0.13377,119,0.13379,124,0.1338,771
1753617237112,11:53:57.112,mexc,AERGO/USDT:USDT,0.13378,11716,0.13377,165,0.13379,124,0.1338,610
1753617237421,11:53:57.421,mexc,AERGO/USDT:USDT,0.13378,11716,0.13377,165,0.13379,124,0.1338,610
1753617237613,11:53:57.613,mexc,AERGO/USDT:USDT,0.13378,11716,0.13377,159,0.13379,124,0.1338,607
1753617237918,11:53:57.918,mexc,AERGO/USDT:USDT,0.13378,11716,0.13377,119,0.13379,124,0.1338,607
1753617238114,11:53:58.114,mexc,AERGO/USDT:USDT,0.13378,11716,0.13377,170,0.13379,124,0.1338,792
1753617238419,11:53:58.419,mexc,AERGO/USDT:USDT,0.13378,11716,0.13377,170,0.13379,124,0.1338,792
1753617238615,11:53:58.615,mexc,AERGO/USDT:USDT,0.13378,11716,0.13377,119,0.13379,124,0.1338,542
1753617238918,11:53:58.918,mexc,AERGO/USDT:USDT,0.13378,11716,0.13377,119,0.13379,124,0.1338,542
1753617239114,11:53:59.114,mexc,AERGO/USDT:USDT,0.13378,11716,0.13377,119,0.13379,124,0.1338,542
1753617239203,11:53:59.203,mexc,AERGO/USDT:USDT,0.13378,11716,0.13377,119,0.13379,124,0.1338,542
1753617239613,11:53:59.613,mexc,AERGO/USDT:USDT,0.13378,11716,0.13377,119,0.13379,124,0.1338,667
1753617239613,11:53:59.613,mexc,AERGO/USDT:USDT,0.13378,11716,0.13377,119,0.13379,124,0.1338,667
1753617240015,11:54:00.015,mexc,AERGO/USDT:USDT,0.13378,11716,0.13377,119,0.13379,124,0.1338,542
1753617240113,11:54:00.113,mexc,AERGO/USDT:USDT,0.13378,11716,0.13377,135,0.13379,124,0.1338,542
1753617240248,11:54:00.248,mexc,AERGO/USDT:USDT,0.13378,13486,0.13377,134,0.13379,84,0.1338,191
1753617240613,11:54:00.613,mexc,AERGO/USDT:USDT,0.13378,13486,0.13377,192,0.13379,84,0.1338,232
1753617240919,11:54:00.919,mexc,AERGO/USDT:USDT,0.13378,13486,0.13377,192,0.13379,84,0.1338,232
1753617241016,11:54:01.016,mexc,AERGO/USDT:USDT,0.13378,13486,0.13377,166,0.13379,84,0.1338,191
1753617241117,11:54:01.117,mexc,AERGO/USDT:USDT,0.13378,13486,0.13377,166,0.13379,84,0.1338,262
1753617241520,11:54:01.520,mexc,AERGO/USDT:USDT,0.13378,13486,0.13377,168,0.13379,84,0.1338,262
1753617241613,11:54:01.613,mexc,AERGO/USDT:USDT,0.13378,13486,0.13377,168,0.13379,84,0.1338,219
1753617242016,11:54:02.016,mexc,AERGO/USDT:USDT,0.13378,13486,0.13377,134,0.13379,84,0.1338,219
1753617242114,11:54:02.114,mexc,AERGO/USDT:USDT,0.13378,13486,0.13377,134,0.13379,84,0.1338,191
1753617242418,11:54:02.418,mexc,AERGO/USDT:USDT,0.13378,13486,0.13377,134,0.13379,84,0.1338,191
1753617242613,11:54:02.613,mexc,AERGO/USDT:USDT,0.13378,13486,0.13377,163,0.13379,84,0.1338,191
1753617242918,11:54:02.918,mexc,AERGO/USDT:USDT,0.13378,13486,0.13377,163,0.13379,84,0.1338,191
1753617243115,11:54:03.115,mexc,AERGO/USDT:USDT,0.13378,13486,0.13377,134,0.13379,84,0.1338,191
1753617243418,11:54:03.418,mexc,AERGO/USDT:USDT,0.13378,13486,0.13377,134,0.13379,84,0.1338,191
1753617243614,11:54:03.614,mexc,AERGO/USDT:USDT,0.13378,13486,0.13377,134,0.13379,84,0.1338,191
1753617243919,11:54:03.919,mexc,AERGO/USDT:USDT,0.13378,13486,0.13377,134,0.13379,84,0.1338,191
1753617244115,11:54:04.115,mexc,AERGO/USDT:USDT,0.13378,13486,0.13377,165,0.13379,84,0.1338,255
1753617244115,11:54:04.115,mexc,AERGO/USDT:USDT,0.13378,13486,0.13377,165,0.13379,84,0.1338,255
1753617244615,11:54:04.615,mexc,AERGO/USDT:USDT,0.13378,13486,0.13377,194,0.13379,84,0.1338,191
1753617244615,11:54:04.615,mexc,AERGO/USDT:USDT,0.13378,13486,0.13377,194,0.13379,84,0.1338,191
1753617245017,11:54:05.017,mexc,AERGO/USDT:USDT,0.13378,13486,0.13377,134,0.13379,84,0.1338,191
1753617245202,11:54:05.202,mexc,AERGO/USDT:USDT,0.13378,13486,0.13377,163,0.13379,84,0.1338,277
1753617245314,11:54:05.314,mexc,AERGO/USDT:USDT,0.1338,2444,0.13379,2571,0.13381,55,0.13382,828
1753617245614,11:54:05.614,mexc,AERGO/USDT:USDT,0.1338,2444,0.13379,2571,0.13381,55,0.13382,1195
1753617245920,11:54:05.920,mexc,AERGO/USDT:USDT,0.1338,2444,0.13379,2571,0.13381,55,0.13382,1195
1753617246116,11:54:06.116,mexc,AERGO/USDT:USDT,0.1338,2444,0.13379,2571,0.13381,55,0.13382,1100
1753617246421,11:54:06.421,mexc,AERGO/USDT:USDT,0.1338,2444,0.13379,2571,0.13381,55,0.13382,1100
1753617246617,11:54:06.617,mexc,AERGO/USDT:USDT,0.1338,2444,0.13379,2571,0.13381,55,0.13382,828
1753617246921,11:54:06.921,mexc,AERGO/USDT:USDT,0.1338,2444,0.13379,2571,0.13381,55,0.13382,828
1753617247115,11:54:07.115,mexc,AERGO/USDT:USDT,0.1338,2444,0.13379,3663,0.13381,55,0.13382,828
1753617247420,11:54:07.420,mexc,AERGO/USDT:USDT,0.1338,2444,0.13379,3663,0.13381,55,0.13382,828
1753617247616,11:54:07.616,mexc,AERGO/USDT:USDT,0.1338,2444,0.13379,2571,0.13381,55,0.13382,828
1753617247922,11:54:07.922,mexc,AERGO/USDT:USDT,0.1338,2444,0.13379,2571,0.13381,55,0.13382,828
1753617248122,11:54:08.122,mexc,AERGO/USDT:USDT,0.1338,2444,0.13379,2571,0.13381,55,0.13382,828
1753617248126,11:54:08.126,mexc,AERGO/USDT:USDT,0.1338,2444,0.13379,2571,0.13381,55,0.13382,828
1753617248614,11:54:08.614,mexc,AERGO/USDT:USDT,0.1338,2444,0.13379,2889,0.13381,55,0.13382,828
1753617248614,11:54:08.614,mexc,AERGO/USDT:USDT,0.1338,2444,0.13379,2889,0.13381,55,0.13382,828
1753617249019,11:54:09.019,mexc,AERGO/USDT:USDT,0.1338,2444,0.13379,2571,0.13381,55,0.13382,828
1753617249116,11:54:09.116,mexc,AERGO/USDT:USDT,0.1338,2444,0.13379,2571,0.13381,55,0.13382,1225
1753617249424,11:54:09.424,mexc,AERGO/USDT:USDT,0.1338,2444,0.13379,2571,0.13381,55,0.13382,1225
1753617249617,11:54:09.617,mexc,AERGO/USDT:USDT,0.1338,2444,0.13379,2571,0.13381,55,0.13382,828
1753617249924,11:54:09.924,mexc,AERGO/USDT:USDT,0.1338,2444,0.13379,2571,0.13381,55,0.13382,828
1753617250117,11:54:10.117,mexc,AERGO/USDT:USDT,0.1338,2444,0.13379,2571,0.13381,55,0.13382,949
1753617250504,11:54:10.504,mexc,AERGO/USDT:USDT,0.1338,2444,0.13379,2571,0.13381,55,0.13382,949
1753617250617,11:54:10.617,mexc,AERGO/USDT:USDT,0.1338,2444,0.13379,2571,0.13381,55,0.13382,1130
1753617251002,11:54:11.002,mexc,AERGO/USDT:USDT,0.1338,2444,0.13379,2571,0.13381,55,0.13382,1130
1753617251203,11:54:11.203,mexc,AERGO/USDT:USDT,0.1338,2444,0.13379,3437,0.13381,55,0.13382,1004
1753617251337,11:54:11.337,mexc,AERGO/USDT:USDT,0.1338,2713,0.13379,2620,0.13381,686,0.13382,1644
1753617251618,11:54:11.618,mexc,AERGO/USDT:USDT,0.1338,2713,0.13379,2620,0.13381,686,0.13382,1644
1753617251618,11:54:11.618,mexc,AERGO/USDT:USDT,0.1338,2713,0.13379,2620,0.13381,686,0.13382,1644
1753617252019,11:54:12.019,mexc,AERGO/USDT:USDT,0.1338,2713,0.13379,2620,0.13381,686,0.13382,1644
1753617252117,11:54:12.117,mexc,AERGO/USDT:USDT,0.1338,2713,0.13379,3911,0.13381,686,0.13382,1644
1753617252505,11:54:12.505,mexc,AERGO/USDT:USDT,0.1338,2713,0.13379,3911,0.13381,686,0.13382,1644
1753617252618,11:54:12.618,mexc,AERGO/USDT:USDT,0.1338,2713,0.13379,2620,0.13381,686,0.13382,1644
1753617253005,11:54:13.005,mexc,AERGO/USDT:USDT,0.1338,2713,0.13379,2620,0.13381,686,0.13382,1644
1753617253119,11:54:13.119,mexc,AERGO/USDT:USDT,0.1338,2713,0.13379,2620,0.13381,686,0.13382,2688
1753617253505,11:54:13.505,mexc,AERGO/USDT:USDT,0.1338,2713,0.13379,2620,0.13381,686,0.13382,2688
1753617253616,11:54:13.616,mexc,AERGO/USDT:USDT,0.1338,2713,0.13379,3046,0.13381,686,0.13382,2405
1753617254006,11:54:14.006,mexc,AERGO/USDT:USDT,0.1338,2713,0.13379,3046,0.13381,686,0.13382,2405
1753617254118,11:54:14.118,mexc,AERGO/USDT:USDT,0.1338,2713,0.13379,3610,0.13381,686,0.13382,1644
1753617254505,11:54:14.505,mexc,AERGO/USDT:USDT,0.1338,2713,0.13379,3610,0.13381,686,0.13382,1644
1753617254617,11:54:14.617,mexc,AERGO/USDT:USDT,0.1338,2713,0.13379,2620,0.13381,686,0.13382,2014
1753617255006,11:54:15.006,mexc,AERGO/USDT:USDT,0.1338,2713,0.13379,2620,0.13381,686,0.13382,2014
1753617255119,11:54:15.119,mexc,AERGO/USDT:USDT,0.1338,2713,0.13379,2620,0.13381,686,0.13382,1644
1753617255505,11:54:15.505,mexc,AERGO/USDT:USDT,0.1338,2713,0.13379,2620,0.13381,686,0.13382,1644
1753617255618,11:54:15.618,mexc,AERGO/USDT:USDT,0.1338,2713,0.13379,3257,0.13381,686,0.13382,1644
1753617256006,11:54:16.006,mexc,AERGO/USDT:USDT,0.1338,2713,0.13379,3257,0.13381,686,0.13382,1644
1753617256118,11:54:16.118,mexc,AERGO/USDT:USDT,0.1338,2713,0.13379,2620,0.13381,686,0.13382,2648
1753617256505,11:54:16.505,mexc,AERGO/USDT:USDT,0.1338,2713,0.13379,2620,0.13381,686,0.13382,2648
1753617256618,11:54:16.618,mexc,AERGO/USDT:USDT,0.1338,2713,0.13379,3669,0.13381,686,0.13382,2256
1753617257008,11:54:17.008,mexc,AERGO/USDT:USDT,0.1338,2713,0.13379,2620,0.13381,686,0.13382,2256
1753617257206,11:54:17.206,mexc,AERGO/USDT:USDT,0.1338,2713,0.13379,2620,0.13381,686,0.13382,1644
1753617257315,11:54:17.315,mexc,AERGO/USDT:USDT,0.13381,51,0.1338,859,0.13382,797,0.13383,944
1753617257620,11:54:17.620,mexc,AERGO/USDT:USDT,0.13381,51,0.1338,1126,0.13382,797,0.13383,944
1753617258007,11:54:18.007,mexc,AERGO/USDT:USDT,0.13381,51,0.1338,1126,0.13382,797,0.13383,944
1753617258121,11:54:18.121,mexc,AERGO/USDT:USDT,0.13381,51,0.1338,1272,0.13382,797,0.13383,1466
1753617258507,11:54:18.507,mexc,AERGO/USDT:USDT,0.13381,51,0.1338,1135,0.13382,797,0.13383,1466
1753617258622,11:54:18.622,mexc,AERGO/USDT:USDT,0.13381,51,0.1338,1231,0.13382,797,0.13383,944
1753617259011,11:54:19.011,mexc,AERGO/USDT:USDT,0.13381,51,0.1338,859,0.13382,797,0.13383,944
1753617259126,11:54:19.126,mexc,AERGO/USDT:USDT,0.13381,51,0.1338,859,0.13382,797,0.13383,1039
1753617259509,11:54:19.509,mexc,AERGO/USDT:USDT,0.13381,51,0.1338,859,0.13382,797,0.13383,1039
1753617259621,11:54:19.621,mexc,AERGO/USDT:USDT,0.13381,51,0.1338,1064,0.13382,797,0.13383,944
1753617260010,11:54:20.010,mexc,AERGO/USDT:USDT,0.13381,51,0.1338,1064,0.13382,797,0.13383,944
1753617260120,11:54:20.120,mexc,AERGO/USDT:USDT,0.13381,51,0.1338,859,0.13382,797,0.13383,1398
1753617260508,11:54:20.508,mexc,AERGO/USDT:USDT,0.13381,51,0.1338,859,0.13382,797,0.13383,1398
1753617260623,11:54:20.623,mexc,AERGO/USDT:USDT,0.13381,51,0.1338,859,0.13382,797,0.13383,1389
1753617261012,11:54:21.012,mexc,AERGO/USDT:USDT,0.13381,51,0.1338,859,0.13382,797,0.13383,1389
1753617261122,11:54:21.122,mexc,AERGO/USDT:USDT,0.13381,51,0.1338,1182,0.13382,797,0.13383,1429
1753617261510,11:54:21.510,mexc,AERGO/USDT:USDT,0.13381,51,0.1338,1182,0.13382,797,0.13383,1429
1753617261623,11:54:21.623,mexc,AERGO/USDT:USDT,0.13381,51,0.1338,859,0.13382,797,0.13383,944
1753617262012,11:54:22.012,mexc,AERGO/USDT:USDT,0.13381,51,0.1338,859,0.13382,797,0.13383,944
1753617262123,11:54:22.123,mexc,AERGO/USDT:USDT,0.13381,51,0.1338,1281,0.13382,797,0.13383,944
1753617262511,11:54:22.511,mexc,AERGO/USDT:USDT,0.13381,51,0.1338,859,0.13382,797,0.13383,944
1753617262623,11:54:22.623,mexc,AERGO/USDT:USDT,0.13381,51,0.1338,859,0.13382,797,0.13383,944
1753617263011,11:54:23.011,mexc,AERGO/USDT:USDT,0.13381,51,0.1338,859,0.13382,797,0.13383,944
1753617263209,11:54:23.209,mexc,AERGO/USDT:USDT,0.13381,51,0.1338,1094,0.13382,797,0.13383,944
1753617263319,11:54:23.319,mexc,AERGO/USDT:USDT,0.13381,804,0.1338,949,0.13382,622,0.13383,1431
1753617263621,11:54:23.621,mexc,AERGO/USDT:USDT,0.13381,804,0.1338,949,0.13382,622,0.13383,1431
1753617264014,11:54:24.014,mexc,AERGO/USDT:USDT,0.13381,804,0.1338,949,0.13382,622,0.13383,1431
1753617264122,11:54:24.122,mexc,AERGO/USDT:USDT,0.13381,804,0.1338,949,0.13382,622,0.13383,1431
1753617264512,11:54:24.512,mexc,AERGO/USDT:USDT,0.13381,804,0.1338,949,0.13382,622,0.13383,1431
1753617264622,11:54:24.622,mexc,AERGO/USDT:USDT,0.13381,804,0.1338,1298,0.13382,622,0.13383,1431
1753617265015,11:54:25.015,mexc,AERGO/USDT:USDT,0.13381,804,0.1338,1298,0.13382,622,0.13383,1431
1753617265191,11:54:25.191,mexc,AERGO/USDT:USDT,0.13381,804,0.1338,1377,0.13382,622,0.13383,1431
1753617265514,11:54:25.514,mexc,AERGO/USDT:USDT,0.13381,804,0.1338,1377,0.13382,622,0.13383,1431
1753617265623,11:54:25.623,mexc,AERGO/USDT:USDT,0.13381,804,0.1338,949,0.13382,622,0.13383,1431
1753617266014,11:54:26.014,mexc,AERGO/USDT:USDT,0.13381,804,0.1338,949,0.13382,622,0.13383,1431
1753617266124,11:54:26.124,mexc,AERGO/USDT:USDT,0.13381,804,0.1338,949,0.13382,622,0.13383,1724
1753617266514,11:54:26.514,mexc,AERGO/USDT:USDT,0.13381,804,0.1338,949,0.13382,622,0.13383,1724
1753617266623,11:54:26.623,mexc,AERGO/USDT:USDT,0.13381,804,0.1338,949,0.13382,622,0.13383,1983
1753617267016,11:54:27.016,mexc,AERGO/USDT:USDT,0.13381,804,0.1338,949,0.13382,622,0.13383,1983
1753617267125,11:54:27.125,mexc,AERGO/USDT:USDT,0.13381,804,0.1338,949,0.13382,622,0.13383,1431
1753617267514,11:54:27.514,mexc,AERGO/USDT:USDT,0.13381,804,0.1338,949,0.13382,622,0.13383,1431
1753617267624,11:54:27.624,mexc,AERGO/USDT:USDT,0.13381,804,0.1338,1096,0.13382,622,0.13383,1913
1753617268016,11:54:28.016,mexc,AERGO/USDT:USDT,0.13381,804,0.1338,949,0.13382,622,0.13383,1913
1753617268124,11:54:28.124,mexc,AERGO/USDT:USDT,0.13381,804,0.1338,1710,0.13382,622,0.13383,2102
1753617268514,11:54:28.514,mexc,AERGO/USDT:USDT,0.13381,804,0.1338,1261,0.13382,622,0.13383,2102
1753617268623,11:54:28.623,mexc,AERGO/USDT:USDT,0.13381,804,0.1338,1380,0.13382,622,0.13383,1431
1753617269015,11:54:29.015,mexc,AERGO/USDT:USDT,0.13381,804,0.1338,1380,0.13382,622,0.13383,1431
1753617269213,11:54:29.213,mexc,AERGO/USDT:USDT,0.13381,804,0.1338,1262,0.13382,622,0.13383,1431
1753617269319,11:54:29.319,mexc,AERGO/USDT:USDT,0.13381,891,0.1338,829,0.13382,699,0.13383,1363
1753617269625,11:54:29.625,mexc,AERGO/USDT:USDT,0.13381,891,0.1338,949,0.13382,699,0.13383,1363
1753617270019,11:54:30.019,mexc,AERGO/USDT:USDT,0.13381,891,0.1338,949,0.13382,699,0.13383,1363
1753617270126,11:54:30.126,mexc,AERGO/USDT:USDT,0.13381,891,0.1338,829,0.13382,699,0.13383,1363
1753617270516,11:54:30.516,mexc,AERGO/USDT:USDT,0.13381,891,0.1338,829,0.13382,699,0.13383,1363
1753617270625,11:54:30.625,mexc,AERGO/USDT:USDT,0.13381,891,0.1338,829,0.13382,699,0.13383,1363
1753617271017,11:54:31.017,mexc,AERGO/USDT:USDT,0.13381,891,0.1338,829,0.13382,699,0.13383,1363
1753617271200,11:54:31.200,mexc,AERGO/USDT:USDT,0.13381,891,0.1338,829,0.13382,699,0.13383,1363
1753617271517,11:54:31.517,mexc,AERGO/USDT:USDT,0.13381,891,0.1338,829,0.13382,699,0.13383,1363
1753617271625,11:54:31.625,mexc,AERGO/USDT:USDT,0.13381,891,0.1338,829,0.13382,699,0.13383,1363
1753617272016,11:54:32.016,mexc,AERGO/USDT:USDT,0.13381,891,0.1338,829,0.13382,699,0.13383,1363
1753617272127,11:54:32.127,mexc,AERGO/USDT:USDT,0.13381,891,0.1338,829,0.13382,699,0.13383,1363
1753617272517,11:54:32.517,mexc,AERGO/USDT:USDT,0.13381,891,0.1338,829,0.13382,699,0.13383,1363
1753617272627,11:54:32.627,mexc,AERGO/USDT:USDT,0.13381,891,0.1338,829,0.13382,699,0.13383,1917
1753617273022,11:54:33.022,mexc,AERGO/USDT:USDT,0.13381,891,0.1338,829,0.13382,699,0.13383,1917
1753617273132,11:54:33.132,mexc,AERGO/USDT:USDT,0.13381,891,0.1338,829,0.13382,699,0.13383,1803
1753617273518,11:54:33.518,mexc,AERGO/USDT:USDT,0.13381,891,0.1338,829,0.13382,699,0.13383,1803
1753617273626,11:54:33.626,mexc,AERGO/USDT:USDT,0.13381,891,0.1338,829,0.13382,699,0.13383,1363
1753617274017,11:54:34.017,mexc,AERGO/USDT:USDT,0.13381,891,0.1338,829,0.13382,699,0.13383,1363
1753617274128,11:54:34.128,mexc,AERGO/USDT:USDT,0.13381,891,0.1338,1106,0.13382,699,0.13383,1936
1753617274517,11:54:34.517,mexc,AERGO/USDT:USDT,0.13381,891,0.1338,1106,0.13382,699,0.13383,1936
1753617274626,11:54:34.626,mexc,AERGO/USDT:USDT,0.13381,891,0.1338,1077,0.13382,699,0.13383,1786
1753617275018,11:54:35.018,mexc,AERGO/USDT:USDT,0.13381,891,0.1338,829,0.13382,699,0.13383,1786
1753617275212,11:54:35.212,mexc,AERGO/USDT:USDT,0.13381,891,0.1338,1232,0.13382,699,0.13383,1363
1753617275322,11:54:35.322,mexc,AERGO/USDT:USDT,0.13382,44,0.13381,1079,0.13383,1485,0.13384,1501
1753617275627,11:54:35.627,mexc,AERGO/USDT:USDT,0.13382,44,0.13381,1079,0.13383,1485,0.13384,1838
1753617276018,11:54:36.018,mexc,AERGO/USDT:USDT,0.13382,44,0.13381,1079,0.13383,1485,0.13384,1838
1753617276126,11:54:36.126,mexc,AERGO/USDT:USDT,0.13382,44,0.13381,1310,0.13383,1485,0.13384,1501
1753617276518,11:54:36.518,mexc,AERGO/USDT:USDT,0.13382,44,0.13381,1079,0.13383,1485,0.13384,1501
1753617276629,11:54:36.629,mexc,AERGO/USDT:USDT,0.13382,44,0.13381,1614,0.13383,1485,0.13384,1501
1753617277022,11:54:37.022,mexc,AERGO/USDT:USDT,0.13382,44,0.13381,1079,0.13383,1485,0.13384,1501
1753617277203,11:54:37.203,mexc,AERGO/USDT:USDT,0.13382,44,0.13381,1291,0.13383,1485,0.13384,2205
1753617277520,11:54:37.520,mexc,AERGO/USDT:USDT,0.13382,44,0.13381,1079,0.13383,1485,0.13384,2205
1753617277628,11:54:37.628,mexc,AERGO/USDT:USDT,0.13382,44,0.13381,1079,0.13383,1485,0.13384,1688
1753617278021,11:54:38.021,mexc,AERGO/USDT:USDT,0.13382,44,0.13381,1079,0.13383,1485,0.13384,1688
1753617278129,11:54:38.129,mexc,AERGO/USDT:USDT,0.13382,44,0.13381,1541,0.13383,1485,0.13384,1968
1753617278520,11:54:38.520,mexc,AERGO/USDT:USDT,0.13382,44,0.13381,1541,0.13383,1485,0.13384,1968
1753617278628,11:54:38.628,mexc,AERGO/USDT:USDT,0.13382,44,0.13381,1468,0.13383,1485,0.13384,1501
1753617279021,11:54:39.021,mexc,AERGO/USDT:USDT,0.13382,44,0.13381,1079,0.13383,1485,0.13384,1501
1753617279129,11:54:39.129,mexc,AERGO/USDT:USDT,0.13382,44,0.13381,1541,0.13383,1485,0.13384,1781
1753617279520,11:54:39.520,mexc,AERGO/USDT:USDT,0.13382,44,0.13381,1541,0.13383,1485,0.13384,1781
1753617279629,11:54:39.629,mexc,AERGO/USDT:USDT,0.13382,44,0.13381,1214,0.13383,1485,0.13384,1785
1753617280022,11:54:40.022,mexc,AERGO/USDT:USDT,0.13382,44,0.13381,1214,0.13383,1485,0.13384,1785
1753617280131,11:54:40.131,mexc,AERGO/USDT:USDT,0.13382,44,0.13381,1079,0.13383,1485,0.13384,1501
1753617280522,11:54:40.522,mexc,AERGO/USDT:USDT,0.13382,44,0.13381,1079,0.13383,1485,0.13384,1501
1753617280629,11:54:40.629,mexc,AERGO/USDT:USDT,0.13382,44,0.13381,1462,0.13383,1485,0.13384,1501
1753617281023,11:54:41.023,mexc,AERGO/USDT:USDT,0.13382,44,0.13381,1079,0.13383,1485,0.13384,1501
1753617281214,11:54:41.214,mexc,AERGO/USDT:USDT,0.13382,44,0.13381,1501,0.13383,1485,0.13384,1501
1753617281323,11:54:41.323,mexc,AERGO/USDT:USDT,0.13378,623,0.13377,15545,0.13379,332,0.1338,336
1753617281631,11:54:41.631,mexc,AERGO/USDT:USDT,0.13378,623,0.13377,15545,0.13379,332,0.1338,429
1753617282024,11:54:42.024,mexc,AERGO/USDT:USDT,0.13378,623,0.13377,15545,0.13379,332,0.1338,429
1753617282132,11:54:42.132,mexc,AERGO/USDT:USDT,0.13378,623,0.13377,15545,0.13379,332,0.1338,475
1753617282528,11:54:42.528,mexc,AERGO/USDT:USDT,0.13378,623,0.13377,15545,0.13379,332,0.1338,475
1753617282636,11:54:42.636,mexc,AERGO/USDT:USDT,0.13378,623,0.13377,15545,0.13379,332,0.1338,336
1753617283025,11:54:43.025,mexc,AERGO/USDT:USDT,0.13378,623,0.13377,15545,0.13379,332,0.1338,336
1753617283206,11:54:43.206,mexc,AERGO/USDT:USDT,0.13378,623,0.13377,15545,0.13379,332,0.1338,336
1753617283524,11:54:43.524,mexc,AERGO/USDT:USDT,0.13378,623,0.13377,15545,0.13379,332,0.1338,336
1753617283634,11:54:43.634,mexc,AERGO/USDT:USDT,0.13378,623,0.13377,15545,0.13379,332,0.1338,336
1753617284027,11:54:44.027,mexc,AERGO/USDT:USDT,0.13378,623,0.13377,15545,0.13379,332,0.1338,336
1753617284135,11:54:44.135,mexc,AERGO/USDT:USDT,0.13378,623,0.13377,15545,0.13379,332,0.1338,406
1753617284525,11:54:44.525,mexc,AERGO/USDT:USDT,0.13378,623,0.13377,15545,0.13379,332,0.1338,406
1753617284638,11:54:44.638,mexc,AERGO/USDT:USDT,0.13378,623,0.13377,15545,0.13379,332,0.1338,448
1753617285030,11:54:45.030,mexc,AERGO/USDT:USDT,0.13378,623,0.13377,15545,0.13379,332,0.1338,448
1753617285137,11:54:45.137,mexc,AERGO/USDT:USDT,0.13378,623,0.13377,20898,0.13379,332,0.1338,336
1753617285525,11:54:45.525,mexc,AERGO/USDT:USDT,0.13378,623,0.13377,20898,0.13379,332,0.1338,336
1753617285636,11:54:45.636,mexc,AERGO/USDT:USDT,0.13378,623,0.13377,26052,0.13379,332,0.1338,336
1753617286026,11:54:46.026,mexc,AERGO/USDT:USDT,0.13378,623,0.13377,22780,0.13379,332,0.1338,336
1753617286136,11:54:46.136,mexc,AERGO/USDT:USDT,0.13378,623,0.13377,15545,0.13379,332,0.1338,336
1753617286526,11:54:46.526,mexc,AERGO/USDT:USDT,0.13378,623,0.13377,15545,0.13379,332,0.1338,336
1753617286635,11:54:46.635,mexc,AERGO/USDT:USDT,0.13378,623,0.13377,15545,0.13379,332,0.1338,567
1753617287027,11:54:47.027,mexc,AERGO/USDT:USDT,0.13378,623,0.13377,15545,0.13379,332,0.1338,567
1753617287216,11:54:47.216,mexc,AERGO/USDT:USDT,0.13378,623,0.13377,15545,0.13379,332,0.1338,390
1753617287327,11:54:47.327,mexc,AERGO/USDT:USDT,0.13376,12006,0.13375,555,0.13377,226,0.13378,45
1753617287635,11:54:47.635,mexc,AERGO/USDT:USDT,0.13376,12006,0.13375,555,0.13377,226,0.13378,45
1753617288027,11:54:48.027,mexc,AERGO/USDT:USDT,0.13376,12006,0.13375,555,0.13377,226,0.13378,45
1753617288137,11:54:48.137,mexc,AERGO/USDT:USDT,0.13376,12006,0.13375,773,0.13377,226,0.13378,60
1753617288527,11:54:48.527,mexc,AERGO/USDT:USDT,0.13376,12006,0.13375,555,0.13377,226,0.13378,60
1753617288640,11:54:48.640,mexc,AERGO/USDT:USDT,0.13376,12006,0.13375,555,0.13377,226,0.13378,45
1753617289029,11:54:49.029,mexc,AERGO/USDT:USDT,0.13376,12006,0.13375,555,0.13377,226,0.13378,45
1753617289212,11:54:49.212,mexc,AERGO/USDT:USDT,0.13376,12006,0.13375,819,0.13377,226,0.13378,64
1753617289526,11:54:49.526,mexc,AERGO/USDT:USDT,0.13376,12006,0.13375,819,0.13377,226,0.13378,64
1753617289638,11:54:49.638,mexc,AERGO/USDT:USDT,0.13376,12006,0.13375,659,0.13377,226,0.13378,45
1753617290028,11:54:50.028,mexc,AERGO/USDT:USDT,0.13376,12006,0.13375,659,0.13377,226,0.13378,45
1753617290137,11:54:50.137,mexc,AERGO/USDT:USDT,0.13376,12006,0.13375,876,0.13377,226,0.13378,62
1753617290527,11:54:50.527,mexc,AERGO/USDT:USDT,0.13376,12006,0.13375,804,0.13377,226,0.13378,62
1753617290640,11:54:50.640,mexc,AERGO/USDT:USDT,0.13376,12006,0.13375,555,0.13377,226,0.13378,45
1753617291030,11:54:51.030,mexc,AERGO/USDT:USDT,0.13376,12006,0.13375,555,0.13377,226,0.13378,45
1753617291137,11:54:51.137,mexc,AERGO/USDT:USDT,0.13376,12006,0.13375,555,0.13377,226,0.13378,55
1753617291529,11:54:51.529,mexc,AERGO/USDT:USDT,0.13376,12006,0.13375,555,0.13377,226,0.13378,55
1753617291638,11:54:51.638,mexc,AERGO/USDT:USDT,0.13376,12006,0.13375,555,0.13377,226,0.13378,45
1753617292030,11:54:52.030,mexc,AERGO/USDT:USDT,0.13376,12006,0.13375,555,0.13377,226,0.13378,45
1753617292137,11:54:52.137,mexc,AERGO/USDT:USDT,0.13376,12006,0.13375,807,0.13377,226,0.13378,45
1753617292529,11:54:52.529,mexc,AERGO/USDT:USDT,0.13376,12006,0.13375,807,0.13377,226,0.13378,45
1753617292639,11:54:52.639,mexc,AERGO/USDT:USDT,0.13376,12006,0.13375,555,0.13377,226,0.13378,45
1753617293039,11:54:53.039,mexc,AERGO/USDT:USDT,0.13376,12006,0.13375,555,0.13377,226,0.13378,45
1753617293236,11:54:53.236,mexc,AERGO/USDT:USDT,0.13376,12006,0.13375,555,0.13377,226,0.13378,45
1753617293329,11:54:53.329,mexc,AERGO/USDT:USDT,0.13371,337,0.1337,404,0.13372,2613,0.13373,59
1753617293639,11:54:53.639,mexc,AERGO/USDT:USDT,0.13371,337,0.1337,553,0.13372,2613,0.13373,59
1753617294129,11:54:54.129,mexc,AERGO/USDT:USDT,0.13371,337,0.1337,404,0.13372,2613,0.13373,59
1753617294140,11:54:54.140,mexc,AERGO/USDT:USDT,0.13371,337,0.1337,404,0.13372,2613,0.13373,59
1753617294531,11:54:54.531,mexc,AERGO/USDT:USDT,0.13371,337,0.1337,404,0.13372,2613,0.13373,59
1753617294642,11:54:54.642,mexc,AERGO/USDT:USDT,0.13371,337,0.1337,404,0.13372,2613,0.13373,59
1753617295033,11:54:55.033,mexc,AERGO/USDT:USDT,0.13371,337,0.1337,404,0.13372,2613,0.13373,59
1753617295208,11:54:55.208,mexc,AERGO/USDT:USDT,0.13371,337,0.1337,484,0.13372,2613,0.13373,59
1753617295532,11:54:55.532,mexc,AERGO/USDT:USDT,0.13371,337,0.1337,484,0.13372,2613,0.13373,59
1753617295640,11:54:55.640,mexc,AERGO/USDT:USDT,0.13371,337,0.1337,404,0.13372,2613,0.13373,59
1753617296036,11:54:56.036,mexc,AERGO/USDT:USDT,0.13371,337,0.1337,404,0.13372,2613,0.13373,59
1753617296140,11:54:56.140,mexc,AERGO/USDT:USDT,0.13371,337,0.1337,404,0.13372,2613,0.13373,59
1753617296533,11:54:56.533,mexc,AERGO/USDT:USDT,0.13371,337,0.1337,404,0.13372,2613,0.13373,59
1753617296641,11:54:56.641,mexc,AERGO/USDT:USDT,0.13371,337,0.1337,404,0.13372,2613,0.13373,65
1753617297035,11:54:57.035,mexc,AERGO/USDT:USDT,0.13371,337,0.1337,404,0.13372,2613,0.13373,65
1753617297140,11:54:57.140,mexc,AERGO/USDT:USDT,0.13371,337,0.1337,404,0.13372,2613,0.13373,83
1753617297533,11:54:57.533,mexc,AERGO/USDT:USDT,0.13371,337,0.1337,404,0.13372,2613,0.13373,83
1753617297642,11:54:57.642,mexc,AERGO/USDT:USDT,0.13371,337,0.1337,404,0.13372,2613,0.13373,59
1753617298035,11:54:58.035,mexc,AERGO/USDT:USDT,0.13371,337,0.1337,404,0.13372,2613,0.13373,59
1753617298140,11:54:58.140,mexc,AERGO/USDT:USDT,0.13371,337,0.1337,404,0.13372,2613,0.13373,79
1753617298534,11:54:58.534,mexc,AERGO/USDT:USDT,0.13371,337,0.1337,404,0.13372,2613,0.13373,79
1753617298670,11:54:58.670,mexc,AERGO/USDT:USDT,0.13378,1828,0.13377,594,0.13379,5745,0.1338,2202
1753617299134,11:54:59.134,mexc,AERGO/USDT:USDT,0.13378,1828,0.13377,594,0.13379,5745,0.1338,2202
1753617299223,11:54:59.223,mexc,AERGO/USDT:USDT,0.13378,1828,0.13377,594,0.13379,5745,0.1338,2578
1753617299537,11:54:59.537,mexc,AERGO/USDT:USDT,0.13378,1828,0.13377,594,0.13379,5745,0.1338,2578
1753617299641,11:54:59.641,mexc,AERGO/USDT:USDT,0.13378,1828,0.13377,763,0.13379,5745,0.1338,2451
1753617300037,11:55:00.037,mexc,AERGO/USDT:USDT,0.13378,1828,0.13377,594,0.13379,5745,0.1338,2451
1753617300141,11:55:00.141,mexc,AERGO/USDT:USDT,0.13378,1828,0.13377,745,0.13379,5745,0.1338,2202
1753617300537,11:55:00.537,mexc,AERGO/USDT:USDT,0.13378,1828,0.13377,745,0.13379,5745,0.1338,2202
1753617300641,11:55:00.641,mexc,AERGO/USDT:USDT,0.13378,1828,0.13377,594,0.13379,5745,0.1338,2202
1753617301038,11:55:01.038,mexc,AERGO/USDT:USDT,0.13378,1828,0.13377,594,0.13379,5745,0.1338,2202
1753617301212,11:55:01.212,mexc,AERGO/USDT:USDT,0.13378,1828,0.13377,756,0.13379,5745,0.1338,2202
1753617301276,11:55:01.276,mexc,AERGO/USDT:USDT,0.13378,1828,0.13377,756,0.13379,5745,0.1338,2202
1753617301642,11:55:01.642,mexc,AERGO/USDT:USDT,0.13378,1828,0.13377,829,0.13379,5745,0.1338,2202
1753617302039,11:55:02.039,mexc,AERGO/USDT:USDT,0.13378,1828,0.13377,594,0.13379,5745,0.1338,2202
1753617302141,11:55:02.141,mexc,AERGO/USDT:USDT,0.13378,1828,0.13377,1045,0.13379,5745,0.1338,2202
1753617302539,11:55:02.539,mexc,AERGO/USDT:USDT,0.13378,1828,0.13377,863,0.13379,5745,0.1338,2202
1753617302643,11:55:02.643,mexc,AERGO/USDT:USDT,0.13378,1828,0.13377,594,0.13379,5745,0.1338,2531
1753617303041,11:55:03.041,mexc,AERGO/USDT:USDT,0.13378,1828,0.13377,594,0.13379,5745,0.1338,2531
1753617303141,11:55:03.141,mexc,AERGO/USDT:USDT,0.13378,1828,0.13377,594,0.13379,5745,0.1338,2202
1753617303541,11:55:03.541,mexc,AERGO/USDT:USDT,0.13378,1828,0.13377,594,0.13379,5745,0.1338,2202
1753617303643,11:55:03.643,mexc,AERGO/USDT:USDT,0.13378,1828,0.13377,594,0.13379,5745,0.1338,2202
1753617304041,11:55:04.041,mexc,AERGO/USDT:USDT,0.13378,1828,0.13377,594,0.13379,5745,0.1338,2202
1753617304142,11:55:04.142,mexc,AERGO/USDT:USDT,0.13378,1828,0.13377,706,0.13379,5745,0.1338,2820
1753617304330,11:55:04.330,mexc,AERGO/USDT:USDT,0.13379,627,0.13378,1293,0.1338,51,0.13381,167
1753617304642,11:55:04.642,mexc,AERGO/USDT:USDT,0.13379,627,0.13378,1869,0.1338,51,0.13381,167
1753617305042,11:55:05.042,mexc,AERGO/USDT:USDT,0.13379,627,0.13378,1293,0.1338,51,0.13381,167
1753617305225,11:55:05.225,mexc,AERGO/USDT:USDT,0.13379,627,0.13378,1293,0.1338,51,0.13381,167
1753617305543,11:55:05.543,mexc,AERGO/USDT:USDT,0.13379,627,0.13378,1293,0.1338,51,0.13381,167
1753617305643,11:55:05.643,mexc,AERGO/USDT:USDT,0.13379,627,0.13378,1293,0.1338,51,0.13381,167
1753617306044,11:55:06.044,mexc,AERGO/USDT:USDT,0.13379,627,0.13378,1293,0.1338,51,0.13381,167
1753617306142,11:55:06.142,mexc,AERGO/USDT:USDT,0.13379,627,0.13378,1796,0.1338,51,0.13381,231
1753617306542,11:55:06.542,mexc,AERGO/USDT:USDT,0.13379,627,0.13378,1293,0.1338,51,0.13381,231
1753617306646,11:55:06.646,mexc,AERGO/USDT:USDT,0.13379,627,0.13378,1293,0.1338,51,0.13381,167
1753617307043,11:55:07.043,mexc,AERGO/USDT:USDT,0.13379,627,0.13378,1293,0.1338,51,0.13381,167
1753617307217,11:55:07.217,mexc,AERGO/USDT:USDT,0.13379,627,0.13378,1293,0.1338,51,0.13381,209
1753617307545,11:55:07.545,mexc,AERGO/USDT:USDT,0.13379,627,0.13378,1293,0.1338,51,0.13381,167
1753617307642,11:55:07.642,mexc,AERGO/USDT:USDT,0.13379,627,0.13378,1293,0.1338,51,0.13381,191
1753617308042,11:55:08.042,mexc,AERGO/USDT:USDT,0.13379,627,0.13378,1293,0.1338,51,0.13381,191
1753617308143,11:55:08.143,mexc,AERGO/USDT:USDT,0.13379,627,0.13378,1293,0.1338,51,0.13381,167
1753617308543,11:55:08.543,mexc,AERGO/USDT:USDT,0.13379,627,0.13378,1293,0.1338,51,0.13381,167
1753617308646,11:55:08.646,mexc,AERGO/USDT:USDT,0.13379,627,0.13378,1823,0.1338,51,0.13381,290
1753617309047,11:55:09.047,mexc,AERGO/USDT:USDT,0.13379,627,0.13378,1823,0.1338,51,0.13381,237
1753617309143,11:55:09.143,mexc,AERGO/USDT:USDT,0.13379,627,0.13378,1744,0.1338,51,0.13381,167
1753617309543,11:55:09.543,mexc,AERGO/USDT:USDT,0.13379,627,0.13378,1293,0.1338,51,0.13381,167
1753617309645,11:55:09.645,mexc,AERGO/USDT:USDT,0.13379,627,0.13378,1293,0.1338,51,0.13381,167
1753617310043,11:55:10.043,mexc,AERGO/USDT:USDT,0.13379,627,0.13378,1293,0.1338,51,0.13381,167
1753617310146,11:55:10.146,mexc,AERGO/USDT:USDT,0.13379,627,0.13378,1800,0.1338,51,0.13381,235
1753617310332,11:55:10.332,mexc,AERGO/USDT:USDT,0.13379,368,0.13378,337,0.1338,1248,0.13381,1162
1753617310645,11:55:10.645,mexc,AERGO/USDT:USDT,0.13379,368,0.13378,429,0.1338,1248,0.13381,1162
1753617311044,11:55:11.044,mexc,AERGO/USDT:USDT,0.13379,368,0.13378,429,0.1338,1248,0.13381,1162
1753617311226,11:55:11.226,mexc,AERGO/USDT:USDT,0.13379,368,0.13378,337,0.1338,1248,0.13381,1451
1753617311544,11:55:11.544,mexc,AERGO/USDT:USDT,0.13379,368,0.13378,337,0.1338,1248,0.13381,1451
1753617311646,11:55:11.646,mexc,AERGO/USDT:USDT,0.13379,368,0.13378,403,0.1338,1248,0.13381,1504
1753617312044,11:55:12.044,mexc,AERGO/USDT:USDT,0.13379,368,0.13378,403,0.1338,1248,0.13381,1504
1753617312145,11:55:12.145,mexc,AERGO/USDT:USDT,0.13379,368,0.13378,375,0.1338,1248,0.13381,1454
1753617312543,11:55:12.543,mexc,AERGO/USDT:USDT,0.13379,368,0.13378,337,0.1338,1248,0.13381,1454
1753617312645,11:55:12.645,mexc,AERGO/USDT:USDT,0.13379,368,0.13378,424,0.1338,1248,0.13381,1162
1753617313045,11:55:13.045,mexc,AERGO/USDT:USDT,0.13379,368,0.13378,337,0.1338,1248,0.13381,1162
1753617313219,11:55:13.219,mexc,AERGO/USDT:USDT,0.13379,368,0.13378,337,0.1338,1248,0.13381,1162
1753617313545,11:55:13.545,mexc,AERGO/USDT:USDT,0.13379,368,0.13378,337,0.1338,1248,0.13381,1162
1753617313646,11:55:13.646,mexc,AERGO/USDT:USDT,0.13379,368,0.13378,337,0.1338,1248,0.13381,1162
1753617314046,11:55:14.046,mexc,AERGO/USDT:USDT,0.13379,368,0.13378,337,0.1338,1248,0.13381,1162
1753617314146,11:55:14.146,mexc,AERGO/USDT:USDT,0.13379,368,0.13378,337,0.1338,1248,0.13381,1162
1753617314545,11:55:14.545,mexc,AERGO/USDT:USDT,0.13379,368,0.13378,337,0.1338,1248,0.13381,1162
1753617314644,11:55:14.644,mexc,AERGO/USDT:USDT,0.13379,368,0.13378,337,0.1338,1248,0.13381,1162
1753617315045,11:55:15.045,mexc,AERGO/USDT:USDT,0.13379,368,0.13378,337,0.1338,1248,0.13381,1162
1753617315146,11:55:15.146,mexc,AERGO/USDT:USDT,0.13379,368,0.13378,418,0.1338,1248,0.13381,1493
1753617315544,11:55:15.544,mexc,AERGO/USDT:USDT,0.13379,368,0.13378,418,0.1338,1248,0.13381,1493
1753617315647,11:55:15.647,mexc,AERGO/USDT:USDT,0.13379,368,0.13378,337,0.1338,1248,0.13381,1162
1753617316046,11:55:16.046,mexc,AERGO/USDT:USDT,0.13379,368,0.13378,337,0.1338,1248,0.13381,1162
1753617316146,11:55:16.146,mexc,AERGO/USDT:USDT,0.13379,368,0.13378,470,0.1338,1248,0.13381,1162
1753617316402,11:55:16.402,mexc,AERGO/USDT:USDT,0.13379,335,0.13378,348,0.1338,2267,0.13381,101
1753617316648,11:55:16.648,mexc,AERGO/USDT:USDT,0.13379,335,0.13378,501,0.1338,2267,0.13381,101
1753617317046,11:55:17.046,mexc,AERGO/USDT:USDT,0.13379,335,0.13378,408,0.1338,2267,0.13381,101
1753617317229,11:55:17.229,mexc,AERGO/USDT:USDT,0.13379,335,0.13378,348,0.1338,2267,0.13381,146
1753617317547,11:55:17.547,mexc,AERGO/USDT:USDT,0.13379,335,0.13378,348,0.1338,2267,0.13381,146
1753617317647,11:55:17.647,mexc,AERGO/USDT:USDT,0.13379,335,0.13378,348,0.1338,2267,0.13381,101
1753617318048,11:55:18.048,mexc,AERGO/USDT:USDT,0.13379,335,0.13378,348,0.1338,2267,0.13381,101
1753617318148,11:55:18.148,mexc,AERGO/USDT:USDT,0.13379,335,0.13378,348,0.1338,2267,0.13381,101
1753617318548,11:55:18.548,mexc,AERGO/USDT:USDT,0.13379,335,0.13378,348,0.1338,2267,0.13381,101
1753617318647,11:55:18.647,mexc,AERGO/USDT:USDT,0.13379,335,0.13378,400,0.1338,2267,0.13381,101
1753617319048,11:55:19.048,mexc,AERGO/USDT:USDT,0.13379,335,0.13378,348,0.1338,2267,0.13381,101
1753617319225,11:55:19.225,mexc,AERGO/USDT:USDT,0.13379,335,0.13378,493,0.1338,2267,0.13381,148
1753617319547,11:55:19.547,mexc,AERGO/USDT:USDT,0.13379,335,0.13378,348,0.1338,2267,0.13381,148
1753617319649,11:55:19.649,mexc,AERGO/USDT:USDT,0.13379,335,0.13378,348,0.1338,2267,0.13381,101
1753617320053,11:55:20.053,mexc,AERGO/USDT:USDT,0.13379,335,0.13378,348,0.1338,2267,0.13381,101
1753617320149,11:55:20.149,mexc,AERGO/USDT:USDT,0.13379,335,0.13378,491,0.1338,2267,0.13381,166
1753617320548,11:55:20.548,mexc,AERGO/USDT:USDT,0.13379,335,0.13378,348,0.1338,2267,0.13381,166
1753617320649,11:55:20.649,mexc,AERGO/USDT:USDT,0.13379,335,0.13378,414,0.1338,2267,0.13381,113
1753617321050,11:55:21.050,mexc,AERGO/USDT:USDT,0.13379,335,0.13378,348,0.1338,2267,0.13381,113
1753617321149,11:55:21.149,mexc,AERGO/USDT:USDT,0.13379,335,0.13378,474,0.1338,2267,0.13381,143
1753617321547,11:55:21.547,mexc,AERGO/USDT:USDT,0.13379,335,0.13378,474,0.1338,2267,0.13381,143
1753617321649,11:55:21.649,mexc,AERGO/USDT:USDT,0.13379,335,0.13378,348,0.1338,2267,0.13381,101
1753617322049,11:55:22.049,mexc,AERGO/USDT:USDT,0.13379,335,0.13378,348,0.1338,2267,0.13381,101
1753617322150,11:55:22.150,mexc,AERGO/USDT:USDT,0.13379,335,0.13378,474,0.1338,2267,0.13381,101
1753617322334,11:55:22.334,mexc,AERGO/USDT:USDT,0.13376,573,0.13375,250,0.13377,2060,0.13378,53
1753617322649,11:55:22.649,mexc,AERGO/USDT:USDT,0.13376,573,0.13375,334,0.13377,2060,0.13378,53
1753617323048,11:55:23.048,mexc,AERGO/USDT:USDT,0.13376,573,0.13375,250,0.13377,2060,0.13378,53
1753617323229,11:55:23.229,mexc,AERGO/USDT:USDT,0.13376,573,0.13375,250,0.13377,2060,0.13378,62
1753617323548,11:55:23.548,mexc,AERGO/USDT:USDT,0.13376,573,0.13375,250,0.13377,2060,0.13378,62
1753617323649,11:55:23.649,mexc,AERGO/USDT:USDT,0.13376,573,0.13375,362,0.13377,2060,0.13378,76
1753617324049,11:55:24.049,mexc,AERGO/USDT:USDT,0.13376,573,0.13375,250,0.13377,2060,0.13378,76
1753617324150,11:55:24.150,mexc,AERGO/USDT:USDT,0.13376,573,0.13375,280,0.13377,2060,0.13378,53
1753617324294,11:55:24.294,mexc,AERGO/USDT:USDT,0.13376,573,0.13375,280,0.13377,2060,0.13378,53
1753617324651,11:55:24.651,mexc,AERGO/USDT:USDT,0.13376,573,0.13375,250,0.13377,2060,0.13378,53
1753617325050,11:55:25.050,mexc,AERGO/USDT:USDT,0.13376,573,0.13375,250,0.13377,2060,0.13378,53
1753617325152,11:55:25.152,mexc,AERGO/USDT:USDT,0.13376,573,0.13375,250,0.13377,2060,0.13378,53
1753617325550,11:55:25.550,mexc,AERGO/USDT:USDT,0.13376,573,0.13375,250,0.13377,2060,0.13378,53
1753617325649,11:55:25.649,mexc,AERGO/USDT:USDT,0.13376,573,0.13375,250,0.13377,2060,0.13378,61
1753617326050,11:55:26.050,mexc,AERGO/USDT:USDT,0.13376,573,0.13375,250,0.13377,2060,0.13378,61
1753617326150,11:55:26.150,mexc,AERGO/USDT:USDT,0.13376,573,0.13375,250,0.13377,2060,0.13378,71
1753617326550,11:55:26.550,mexc,AERGO/USDT:USDT,0.13376,573,0.13375,250,0.13377,2060,0.13378,71
1753617326651,11:55:26.651,mexc,AERGO/USDT:USDT,0.13376,573,0.13375,295,0.13377,2060,0.13378,53
1753617327050,11:55:27.050,mexc,AERGO/USDT:USDT,0.13376,573,0.13375,250,0.13377,2060,0.13378,53
1753617327151,11:55:27.151,mexc,AERGO/USDT:USDT,0.13376,573,0.13375,250,0.13377,2060,0.13378,53
1753617327551,11:55:27.551,mexc,AERGO/USDT:USDT,0.13376,573,0.13375,250,0.13377,2060,0.13378,53
1753617327649,11:55:27.649,mexc,AERGO/USDT:USDT,0.13376,573,0.13375,362,0.13377,2060,0.13378,53
1753617328053,11:55:28.053,mexc,AERGO/USDT:USDT,0.13376,573,0.13375,250,0.13377,2060,0.13378,53
1753617328152,11:55:28.152,mexc,AERGO/USDT:USDT,0.13376,573,0.13375,343,0.13377,2060,0.13378,75
1753617328334,11:55:28.334,mexc,AERGO/USDT:USDT,0.13376,539,0.13375,163,0.13377,1331,0.13378,45
1753617328663,11:55:28.663,mexc,AERGO/USDT:USDT,0.13376,539,0.13375,163,0.13377,1331,0.13378,45
1753617329053,11:55:29.053,mexc,AERGO/USDT:USDT,0.13376,539,0.13375,163,0.13377,1331,0.13378,45
1753617329231,11:55:29.231,mexc,AERGO/USDT:USDT,0.13376,539,0.13375,163,0.13377,1331,0.13378,45
1753617329553,11:55:29.553,mexc,AERGO/USDT:USDT,0.13376,539,0.13375,163,0.13377,1331,0.13378,45
1753617329650,11:55:29.650,mexc,AERGO/USDT:USDT,0.13376,539,0.13375,163,0.13377,1331,0.13378,45
1753617330055,11:55:30.055,mexc,AERGO/USDT:USDT,0.13376,539,0.13375,163,0.13377,1331,0.13378,45
1753617330151,11:55:30.151,mexc,AERGO/USDT:USDT,0.13376,539,0.13375,163,0.13377,1331,0.13378,66
1753617330554,11:55:30.554,mexc,AERGO/USDT:USDT,0.13376,539,0.13375,163,0.13377,1331,0.13378,66
1753617330653,11:55:30.653,mexc,AERGO/USDT:USDT,0.13376,539,0.13375,163,0.13377,1331,0.13378,45
1753617331055,11:55:31.055,mexc,AERGO/USDT:USDT,0.13376,539,0.13375,163,0.13377,1331,0.13378,45
1753617331153,11:55:31.153,mexc,AERGO/USDT:USDT,0.13376,539,0.13375,215,0.13377,1331,0.13378,77
1753617331556,11:55:31.556,mexc,AERGO/USDT:USDT,0.13376,539,0.13375,215,0.13377,1331,0.13378,77
1753617331652,11:55:31.652,mexc,AERGO/USDT:USDT,0.13376,539,0.13375,163,0.13377,1331,0.13378,45
1753617332056,11:55:32.056,mexc,AERGO/USDT:USDT,0.13376,539,0.13375,163,0.13377,1331,0.13378,45
1753617332153,11:55:32.153,mexc,AERGO/USDT:USDT,0.13376,539,0.13375,163,0.13377,1331,0.13378,45
1753617332556,11:55:32.556,mexc,AERGO/USDT:USDT,0.13376,539,0.13375,163,0.13377,1331,0.13378,45
1753617332654,11:55:32.654,mexc,AERGO/USDT:USDT,0.13376,539,0.13375,163,0.13377,1331,0.13378,45
1753617333056,11:55:33.056,mexc,AERGO/USDT:USDT,0.13376,539,0.13375,163,0.13377,1331,0.13378,45
1753617333154,11:55:33.154,mexc,AERGO/USDT:USDT,0.13376,539,0.13375,203,0.13377,1331,0.13378,61
1753617333557,11:55:33.557,mexc,AERGO/USDT:USDT,0.13376,539,0.13375,163,0.13377,1331,0.13378,61
1753617333654,11:55:33.654,mexc,AERGO/USDT:USDT,0.13376,539,0.13375,240,0.13377,1331,0.13378,56
1753617334056,11:55:34.056,mexc,AERGO/USDT:USDT,0.13376,539,0.13375,240,0.13377,1331,0.13378,56
1753617334155,11:55:34.155,mexc,AERGO/USDT:USDT,0.13376,539,0.13375,163,0.13377,1331,0.13378,45
1753617334337,11:55:34.337,mexc,AERGO/USDT:USDT,0.13371,101,0.1337,289,0.13372,1310,0.13373,50
1753617334653,11:55:34.653,mexc,AERGO/USDT:USDT,0.13371,101,0.1337,289,0.13372,1310,0.13373,73
1753617335058,11:55:35.058,mexc,AERGO/USDT:USDT,0.13371,101,0.1337,289,0.13372,1310,0.13373,73
1753617335234,11:55:35.234,mexc,AERGO/USDT:USDT,0.13371,101,0.1337,289,0.13372,1310,0.13373,50
1753617335564,11:55:35.564,mexc,AERGO/USDT:USDT,0.13371,101,0.1337,289,0.13372,1310,0.13373,50
1753617335655,11:55:35.655,mexc,AERGO/USDT:USDT,0.13371,101,0.1337,402,0.13372,1310,0.13373,50
1753617336057,11:55:36.057,mexc,AERGO/USDT:USDT,0.13371,101,0.1337,289,0.13372,1310,0.13373,50
1753617336157,11:55:36.157,mexc,AERGO/USDT:USDT,0.13371,101,0.1337,289,0.13372,1310,0.13373,50
1753617336559,11:55:36.559,mexc,AERGO/USDT:USDT,0.13371,101,0.1337,289,0.13372,1310,0.13373,50
1753617336657,11:55:36.657,mexc,AERGO/USDT:USDT,0.13371,101,0.1337,394,0.13372,1310,0.13373,50
1753617337058,11:55:37.058,mexc,AERGO/USDT:USDT,0.13371,101,0.1337,394,0.13372,1310,0.13373,50
1753617337157,11:55:37.157,mexc,AERGO/USDT:USDT,0.13371,101,0.1337,413,0.13372,1310,0.13373,50
1753617337558,11:55:37.558,mexc,AERGO/USDT:USDT,0.13371,101,0.1337,413,0.13372,1310,0.13373,50
1753617337658,11:55:37.658,mexc,AERGO/USDT:USDT,0.13371,101,0.1337,341,0.13372,1310,0.13373,50
1753617338060,11:55:38.060,mexc,AERGO/USDT:USDT,0.13371,101,0.1337,341,0.13372,1310,0.13373,50
1753617338159,11:55:38.159,mexc,AERGO/USDT:USDT,0.13371,101,0.1337,506,0.13372,1310,0.13373,59
1753617338559,11:55:38.559,mexc,AERGO/USDT:USDT,0.13371,101,0.1337,506,0.13372,1310,0.13373,50
1753617338658,11:55:38.658,mexc,AERGO/USDT:USDT,0.13371,101,0.1337,289,0.13372,1310,0.13373,50
1753617339067,11:55:39.067,mexc,AERGO/USDT:USDT,0.13371,101,0.1337,289,0.13372,1310,0.13373,50
1753617339158,11:55:39.158,mexc,AERGO/USDT:USDT,0.13371,101,0.1337,409,0.13372,1310,0.13373,85
1753617339561,11:55:39.561,mexc,AERGO/USDT:USDT,0.13371,101,0.1337,409,0.13372,1310,0.13373,85
1753617339660,11:55:39.660,mexc,AERGO/USDT:USDT,0.13371,101,0.1337,289,0.13372,1310,0.13373,64
1753617340061,11:55:40.061,mexc,AERGO/USDT:USDT,0.13371,101,0.1337,289,0.13372,1310,0.13373,50
1753617340161,11:55:40.161,mexc,AERGO/USDT:USDT,0.13371,101,0.1337,289,0.13372,1310,0.13373,60
1753617340338,11:55:40.338,mexc,AERGO/USDT:USDT,0.13371,110,0.1337,279,0.13372,1048,0.13373,47
1753617340658,11:55:40.658,mexc,AERGO/USDT:USDT,0.13371,110,0.1337,308,0.13372,1048,0.13373,47
1753617341061,11:55:41.061,mexc,AERGO/USDT:USDT,0.13371,110,0.1337,308,0.13372,1048,0.13373,47
1753617341236,11:55:41.236,mexc,AERGO/USDT:USDT,0.13371,110,0.1337,279,0.13372,1048,0.13373,58
1753617341561,11:55:41.561,mexc,AERGO/USDT:USDT,0.13371,110,0.1337,279,0.13372,1048,0.13373,47
1753617341662,11:55:41.662,mexc,AERGO/USDT:USDT,0.13371,110,0.1337,279,0.13372,1048,0.13373,58
1753617342063,11:55:42.063,mexc,AERGO/USDT:USDT,0.13371,110,0.1337,279,0.13372,1048,0.13373,58
1753617342162,11:55:42.162,mexc,AERGO/USDT:USDT,0.13371,110,0.1337,279,0.13372,1048,0.13373,47
1753617342563,11:55:42.563,mexc,AERGO/USDT:USDT,0.13371,110,0.1337,279,0.13372,1048,0.13373,47
1753617342660,11:55:42.660,mexc,AERGO/USDT:USDT,0.13371,110,0.1337,279,0.13372,1048,0.13373,47
1753617343062,11:55:43.062,mexc,AERGO/USDT:USDT,0.13371,110,0.1337,279,0.13372,1048,0.13373,47
1753617343161,11:55:43.161,mexc,AERGO/USDT:USDT,0.13371,110,0.1337,334,0.13372,1048,0.13373,68
1753617343563,11:55:43.563,mexc,AERGO/USDT:USDT,0.13371,110,0.1337,334,0.13372,1048,0.13373,68
1753617343663,11:55:43.663,mexc,AERGO/USDT:USDT,0.13371,110,0.1337,341,0.13372,1048,0.13373,47
1753617344064,11:55:44.064,mexc,AERGO/USDT:USDT,0.13371,110,0.1337,341,0.13372,1048,0.13373,47
1753617344163,11:55:44.163,mexc,AERGO/USDT:USDT,0.13371,110,0.1337,279,0.13372,1048,0.13373,47
1753617344566,11:55:44.566,mexc,AERGO/USDT:USDT,0.13371,110,0.1337,279,0.13372,1048,0.13373,47
1753617344664,11:55:44.664,mexc,AERGO/USDT:USDT,0.13371,110,0.1337,279,0.13372,1048,0.13373,47
1753617345065,11:55:45.065,mexc,AERGO/USDT:USDT,0.13371,110,0.1337,279,0.13372,1048,0.13373,47
1753617345165,11:55:45.165,mexc,AERGO/USDT:USDT,0.13371,110,0.1337,399,0.13372,1048,0.13373,47
1753617345567,11:55:45.567,mexc,AERGO/USDT:USDT,0.13371,110,0.1337,279,0.13372,1048,0.13373,47
1753617345664,11:55:45.664,mexc,AERGO/USDT:USDT,0.13371,110,0.1337,279,0.13372,1048,0.13373,47
1753617346067,11:55:46.067,mexc,AERGO/USDT:USDT,0.13371,110,0.1337,279,0.13372,1048,0.13373,47
1753617346164,11:55:46.164,mexc,AERGO/USDT:USDT,0.13371,110,0.1337,279,0.13372,1048,0.13373,47
1753617346337,11:55:46.337,mexc,AERGO/USDT:USDT,0.13371,124,0.1337,115,0.13372,1478,0.13373,421
1753617346664,11:55:46.664,mexc,AERGO/USDT:USDT,0.13371,124,0.1337,170,0.13372,1478,0.13373,614
1753617347068,11:55:47.068,mexc,AERGO/USDT:USDT,0.13371,124,0.1337,170,0.13372,1478,0.13373,614
1753617347237,11:55:47.237,mexc,AERGO/USDT:USDT,0.13371,124,0.1337,195,0.13372,1478,0.13373,421
1753617347568,11:55:47.568,mexc,AERGO/USDT:USDT,0.13371,124,0.1337,172,0.13372,1478,0.13373,421
1753617347665,11:55:47.665,mexc,AERGO/USDT:USDT,0.13371,124,0.1337,168,0.13372,1478,0.13373,627
1753617348067,11:55:48.067,mexc,AERGO/USDT:USDT,0.13371,124,0.1337,115,0.13372,1478,0.13373,627
1753617348167,11:55:48.167,mexc,AERGO/USDT:USDT,0.13371,124,0.1337,115,0.13372,1478,0.13373,598
1753617348567,11:55:48.567,mexc,AERGO/USDT:USDT,0.13371,124,0.1337,115,0.13372,1478,0.13373,598
1753617348668,11:55:48.668,mexc,AERGO/USDT:USDT,0.13371,124,0.1337,115,0.13372,1478,0.13373,622
1753617349097,11:55:49.097,mexc,AERGO/USDT:USDT,0.13371,124,0.1337,115,0.13372,1478,0.13373,421
1753617349167,11:55:49.167,mexc,AERGO/USDT:USDT,0.13371,124,0.1337,126,0.13372,1478,0.13373,421
1753617349570,11:55:49.570,mexc,AERGO/USDT:USDT,0.13371,124,0.1337,126,0.13372,1478,0.13373,421
1753617349668,11:55:49.668,mexc,AERGO/USDT:USDT,0.13371,124,0.1337,115,0.13372,1478,0.13373,421
1753617350070,11:55:50.070,mexc,AERGO/USDT:USDT,0.13371,124,0.1337,115,0.13372,1478,0.13373,421
1753617350168,11:55:50.168,mexc,AERGO/USDT:USDT,0.13371,124,0.1337,115,0.13372,1478,0.13373,421
1753617350568,11:55:50.568,mexc,AERGO/USDT:USDT,0.13371,124,0.1337,115,0.13372,1478,0.13373,421
1753617350669,11:55:50.669,mexc,AERGO/USDT:USDT,0.13371,124,0.1337,115,0.13372,1478,0.13373,421
1753617351069,11:55:51.069,mexc,AERGO/USDT:USDT,0.13371,124,0.1337,115,0.13372,1478,0.13373,421
1753617351171,11:55:51.171,mexc,AERGO/USDT:USDT,0.13371,124,0.1337,115,0.13372,1478,0.13373,421
1753617351570,11:55:51.570,mexc,AERGO/USDT:USDT,0.13371,124,0.1337,115,0.13372,1478,0.13373,421
1753617351669,11:55:51.669,mexc,AERGO/USDT:USDT,0.13371,124,0.1337,115,0.13372,1478,0.13373,517
1753617352070,11:55:52.070,mexc,AERGO/USDT:USDT,0.13371,124,0.1337,115,0.13372,1478,0.13373,517
1753617352168,11:55:52.168,mexc,AERGO/USDT:USDT,0.13371,124,0.1337,127,0.13372,1478,0.13373,421
1753617352341,11:55:52.341,mexc,AERGO/USDT:USDT,0.13376,1146,0.13375,136,0.13377,911,0.13378,2088
1753617352671,11:55:52.671,mexc,AERGO/USDT:USDT,0.13376,1146,0.13375,136,0.13377,911,0.13378,2300
1753617353073,11:55:53.073,mexc,AERGO/USDT:USDT,0.13376,1146,0.13375,136,0.13377,911,0.13378,2088
1753617353243,11:55:53.243,mexc,AERGO/USDT:USDT,0.13376,1146,0.13375,169,0.13377,911,0.13378,2088
1753617353476,11:55:53.476,mexc,AERGO/USDT:USDT,0.13376,1146,0.13375,169,0.13377,911,0.13378,2088
1753617353673,11:55:53.673,mexc,AERGO/USDT:USDT,0.13376,1146,0.13375,136,0.13377,911,0.13378,3366
1753617354072,11:55:54.072,mexc,AERGO/USDT:USDT,0.13376,1146,0.13375,136,0.13377,911,0.13378,3366
1753617354173,11:55:54.173,mexc,AERGO/USDT:USDT,0.13376,1146,0.13375,136,0.13377,911,0.13378,2088
1753617354574,11:55:54.574,mexc,AERGO/USDT:USDT,0.13376,1146,0.13375,136,0.13377,911,0.13378,2088
1753617354676,11:55:54.676,mexc,AERGO/USDT:USDT,0.13376,1146,0.13375,226,0.13377,911,0.13378,2947
1753617355073,11:55:55.073,mexc,AERGO/USDT:USDT,0.13376,1146,0.13375,226,0.13377,911,0.13378,2088
1753617355173,11:55:55.173,mexc,AERGO/USDT:USDT,0.13376,1146,0.13375,136,0.13377,911,0.13378,2088
1753617355574,11:55:55.574,mexc,AERGO/USDT:USDT,0.13376,1146,0.13375,136,0.13377,911,0.13378,2088
1753617355671,11:55:55.671,mexc,AERGO/USDT:USDT,0.13376,1146,0.13375,136,0.13377,911,0.13378,2088
1753617356074,11:55:56.074,mexc,AERGO/USDT:USDT,0.13376,1146,0.13375,136,0.13377,911,0.13378,2088
1753617356173,11:55:56.173,mexc,AERGO/USDT:USDT,0.13376,1146,0.13375,136,0.13377,911,0.13378,2088
1753617356575,11:55:56.575,mexc,AERGO/USDT:USDT,0.13376,1146,0.13375,136,0.13377,911,0.13378,2088
1753617356675,11:55:56.675,mexc,AERGO/USDT:USDT,0.13376,1146,0.13375,136,0.13377,911,0.13378,2568
1753617357077,11:55:57.077,mexc,AERGO/USDT:USDT,0.13376,1146,0.13375,136,0.13377,911,0.13378,2568
1753617357174,11:55:57.174,mexc,AERGO/USDT:USDT,0.13376,1146,0.13375,176,0.13377,911,0.13378,2088
1753617357575,11:55:57.575,mexc,AERGO/USDT:USDT,0.13376,1146,0.13375,136,0.13377,911,0.13378,2088
1753617357674,11:55:57.674,mexc,AERGO/USDT:USDT,0.13376,1146,0.13375,136,0.13377,911,0.13378,3124
1753617358073,11:55:58.073,mexc,AERGO/USDT:USDT,0.13376,1146,0.13375,136,0.13377,911,0.13378,3124
1753617358269,11:55:58.269,mexc,AERGO/USDT:USDT,0.13376,1146,0.13375,191,0.13377,911,0.13378,2330
1753617358361,11:55:58.361,mexc,AERGO/USDT:USDT,0.13373,102,0.13372,161,0.13374,1370,0.13375,58
1753617358672,11:55:58.672,mexc,AERGO/USDT:USDT,0.13373,102,0.13372,161,0.13374,1370,0.13375,58
1753617358675,11:55:58.675,mexc,AERGO/USDT:USDT,0.13373,102,0.13372,161,0.13374,1370,0.13375,66
1753617359074,11:55:59.074,mexc,AERGO/USDT:USDT,0.13373,102,0.13372,161,0.13374,1370,0.13375,66
1753617359175,11:55:59.175,mexc,AERGO/USDT:USDT,0.13373,102,0.13372,161,0.13374,1370,0.13375,69
1753617359578,11:55:59.578,mexc,AERGO/USDT:USDT,0.13373,102,0.13372,161,0.13374,1370,0.13375,69
1753617359677,11:55:59.677,mexc,AERGO/USDT:USDT,0.13373,102,0.13372,161,0.13374,1370,0.13375,58
1753617360075,11:56:00.075,mexc,AERGO/USDT:USDT,0.13373,102,0.13372,161,0.13374,1370,0.13375,58
1753617360174,11:56:00.174,mexc,AERGO/USDT:USDT,0.13373,102,0.13372,240,0.13374,1370,0.13375,58
1753617360576,11:56:00.576,mexc,AERGO/USDT:USDT,0.13373,102,0.13372,240,0.13374,1370,0.13375,58
1753617360679,11:56:00.679,mexc,AERGO/USDT:USDT,0.13373,102,0.13372,161,0.13374,1370,0.13375,76
1753617361079,11:56:01.079,mexc,AERGO/USDT:USDT,0.13373,102,0.13372,161,0.13374,1370,0.13375,76
1753617361177,11:56:01.177,mexc,AERGO/USDT:USDT,0.13373,102,0.13372,161,0.13374,1370,0.13375,58
1753617361577,11:56:01.577,mexc,AERGO/USDT:USDT,0.13373,102,0.13372,161,0.13374,1370,0.13375,58
1753617361678,11:56:01.678,mexc,AERGO/USDT:USDT,0.13373,102,0.13372,161,0.13374,1370,0.13375,58
1753617362078,11:56:02.078,mexc,AERGO/USDT:USDT,0.13373,102,0.13372,161,0.13374,1370,0.13375,58
1753617362179,11:56:02.179,mexc,AERGO/USDT:USDT,0.13373,102,0.13372,186,0.13374,1370,0.13375,84
1753617362579,11:56:02.579,mexc,AERGO/USDT:USDT,0.13373,102,0.13372,186,0.13374,1370,0.13375,84
1753617362678,11:56:02.678,mexc,AERGO/USDT:USDT,0.13373,102,0.13372,161,0.13374,1370,0.13375,90
1753617363079,11:56:03.079,mexc,AERGO/USDT:USDT,0.13373,102,0.13372,161,0.13374,1370,0.13375,74
1753617363177,11:56:03.177,mexc,AERGO/USDT:USDT,0.13373,102,0.13372,236,0.13374,1370,0.13375,58
1753617363578,11:56:03.578,mexc,AERGO/USDT:USDT,0.13373,102,0.13372,236,0.13374,1370,0.13375,58
1753617363679,11:56:03.679,mexc,AERGO/USDT:USDT,0.13373,102,0.13372,227,0.13374,1370,0.13375,81
1753617364081,11:56:04.081,mexc,AERGO/USDT:USDT,0.13373,102,0.13372,227,0.13374,1370,0.13375,81
1753617364279,11:56:04.279,mexc,AERGO/USDT:USDT,0.13373,102,0.13372,161,0.13374,1370,0.13375,58
1753617364341,11:56:04.341,mexc,AERGO/USDT:USDT,0.13372,4334,0.13371,133,0.13373,352,0.13374,169
1753617364679,11:56:04.679,mexc,AERGO/USDT:USDT,0.13372,4334,0.13371,186,0.13373,352,0.13374,219
1753617365082,11:56:05.082,mexc,AERGO/USDT:USDT,0.13372,4334,0.13371,186,0.13373,352,0.13374,219
1753617365199,11:56:05.199,mexc,AERGO/USDT:USDT,0.13372,4334,0.13371,157,0.13373,352,0.13374,169
1753617365415,11:56:05.415,mexc,AERGO/USDT:USDT,0.13372,4334,0.13371,157,0.13373,352,0.13374,169
1753617365699,11:56:05.699,mexc,AERGO/USDT:USDT,0.13372,4334,0.13371,194,0.13373,352,0.13374,169
1753617366100,11:56:06.100,mexc,AERGO/USDT:USDT,0.13372,4334,0.13371,194,0.13373,352,0.13374,169
1753617366200,11:56:06.200,mexc,AERGO/USDT:USDT,0.13372,4334,0.13371,133,0.13373,352,0.13374,169
1753617366603,11:56:06.603,mexc,AERGO/USDT:USDT,0.13372,4334,0.13371,133,0.13373,352,0.13374,169
1753617366700,11:56:06.700,mexc,AERGO/USDT:USDT,0.13372,4334,0.13371,133,0.13373,352,0.13374,169
1753617367105,11:56:07.105,mexc,AERGO/USDT:USDT,0.13372,4334,0.13371,133,0.13373,352,0.13374,169
1753617367202,11:56:07.202,mexc,AERGO/USDT:USDT,0.13372,4334,0.13371,175,0.13373,352,0.13374,169
1753617367604,11:56:07.604,mexc,AERGO/USDT:USDT,0.13372,4334,0.13371,175,0.13373,352,0.13374,169
1753617367701,11:56:07.701,mexc,AERGO/USDT:USDT,0.13372,4334,0.13371,133,0.13373,352,0.13374,169
1753617368104,11:56:08.104,mexc,AERGO/USDT:USDT,0.13372,4334,0.13371,133,0.13373,352,0.13374,169
1753617368203,11:56:08.203,mexc,AERGO/USDT:USDT,0.13372,4334,0.13371,146,0.13373,352,0.13374,169
1753617368605,11:56:08.605,mexc,AERGO/USDT:USDT,0.13372,4334,0.13371,146,0.13373,352,0.13374,169
1753617368702,11:56:08.702,mexc,AERGO/USDT:USDT,0.13372,4334,0.13371,187,0.13373,352,0.13374,169
1753617369106,11:56:09.106,mexc,AERGO/USDT:USDT,0.13372,4334,0.13371,187,0.13373,352,0.13374,169
1753617369202,11:56:09.202,mexc,AERGO/USDT:USDT,0.13372,4334,0.13371,133,0.13373,352,0.13374,169
1753617369603,11:56:09.603,mexc,AERGO/USDT:USDT,0.13372,4334,0.13371,133,0.13373,352,0.13374,169
1753617369704,11:56:09.704,mexc,AERGO/USDT:USDT,0.13372,4334,0.13371,133,0.13373,352,0.13374,169
1753617370104,11:56:10.104,mexc,AERGO/USDT:USDT,0.13372,4334,0.13371,133,0.13373,352,0.13374,169
1753617370282,11:56:10.282,mexc,AERGO/USDT:USDT,0.13372,4334,0.13371,149,0.13373,352,0.13374,224
1753617370339,11:56:10.339,mexc,AERGO/USDT:USDT,0.13372,3639,0.13371,52,0.13373,262,0.13374,184
1753617370704,11:56:10.704,mexc,AERGO/USDT:USDT,0.13372,3639,0.13371,88,0.13373,262,0.13374,184
1753617371107,11:56:11.107,mexc,AERGO/USDT:USDT,0.13372,3639,0.13371,88,0.13373,262,0.13374,184
1753617371206,11:56:11.206,mexc,AERGO/USDT:USDT,0.13372,3639,0.13371,52,0.13373,262,0.13374,184
1753617371605,11:56:11.605,mexc,AERGO/USDT:USDT,0.13372,3639,0.13371,52,0.13373,262,0.13374,184
1753617371706,11:56:11.706,mexc,AERGO/USDT:USDT,0.13372,3639,0.13371,52,0.13373,262,0.13374,184
1753617372107,11:56:12.107,mexc,AERGO/USDT:USDT,0.13372,3639,0.13371,52,0.13373,262,0.13374,184
1753617372205,11:56:12.205,mexc,AERGO/USDT:USDT,0.13372,3639,0.13371,52,0.13373,262,0.13374,184
1753617372607,11:56:12.607,mexc,AERGO/USDT:USDT,0.13372,3639,0.13371,52,0.13373,262,0.13374,184
1753617372705,11:56:12.705,mexc,AERGO/USDT:USDT,0.13372,3639,0.13371,52,0.13373,262,0.13374,184
1753617373106,11:56:13.106,mexc,AERGO/USDT:USDT,0.13372,3639,0.13371,52,0.13373,262,0.13374,184
1753617373205,11:56:13.205,mexc,AERGO/USDT:USDT,0.13372,3639,0.13371,52,0.13373,262,0.13374,254
1753617373609,11:56:13.609,mexc,AERGO/USDT:USDT,0.13372,3639,0.13371,52,0.13373,262,0.13374,254
1753617373706,11:56:13.706,mexc,AERGO/USDT:USDT,0.13372,3639,0.13371,52,0.13373,262,0.13374,184
1753617374109,11:56:14.109,mexc,AERGO/USDT:USDT,0.13372,3639,0.13371,52,0.13373,262,0.13374,184
1753617374206,11:56:14.206,mexc,AERGO/USDT:USDT,0.13372,3639,0.13371,70,0.13373,262,0.13374,184
1753617374609,11:56:14.609,mexc,AERGO/USDT:USDT,0.13372,3639,0.13371,70,0.13373,262,0.13374,184
1753617374707,11:56:14.707,mexc,AERGO/USDT:USDT,0.13372,3639,0.13371,52,0.13373,262,0.13374,184
1753617375110,11:56:15.110,mexc,AERGO/USDT:USDT,0.13372,3639,0.13371,52,0.13373,262,0.13374,184
1753617375209,11:56:15.209,mexc,AERGO/USDT:USDT,0.13372,3639,0.13371,52,0.13373,262,0.13374,184
1753617375611,11:56:15.611,mexc,AERGO/USDT:USDT,0.13372,3639,0.13371,52,0.13373,262,0.13374,184
1753617375708,11:56:15.708,mexc,AERGO/USDT:USDT,0.13372,3639,0.13371,52,0.13373,262,0.13374,184
1753617376110,11:56:16.110,mexc,AERGO/USDT:USDT,0.13372,3639,0.13371,52,0.13373,262,0.13374,184
1753617376284,11:56:16.284,mexc,AERGO/USDT:USDT,0.13372,3639,0.13371,75,0.13373,262,0.13374,184
1753617376344,11:56:16.344,mexc,AERGO/USDT:USDT,0.13373,636,0.13372,4694,0.13374,277,0.13375,185
1753617376707,11:56:16.707,mexc,AERGO/USDT:USDT,0.13373,636,0.13372,6301,0.13374,277,0.13375,185
1753617377111,11:56:17.111,mexc,AERGO/USDT:USDT,0.13373,636,0.13372,4694,0.13374,277,0.13375,185
1753617377208,11:56:17.208,mexc,AERGO/USDT:USDT,0.13373,636,0.13372,4694,0.13374,277,0.13375,185
1753617377423,11:56:17.423,mexc,AERGO/USDT:USDT,0.13373,636,0.13372,4694,0.13374,277,0.13375,185
1753617377710,11:56:17.710,mexc,AERGO/USDT:USDT,0.13373,636,0.13372,4694,0.13374,277,0.13375,277
1753617378112,11:56:18.112,mexc,AERGO/USDT:USDT,0.13373,636,0.13372,4694,0.13374,277,0.13375,277
1753617378209,11:56:18.209,mexc,AERGO/USDT:USDT,0.13373,636,0.13372,4694,0.13374,277,0.13375,185
1753617378612,11:56:18.612,mexc,AERGO/USDT:USDT,0.13373,636,0.13372,4694,0.13374,277,0.13375,185
1753617378709,11:56:18.709,mexc,AERGO/USDT:USDT,0.13373,636,0.13372,7588,0.13374,277,0.13375,264
1753617379114,11:56:19.114,mexc,AERGO/USDT:USDT,0.13373,636,0.13372,7588,0.13374,277,0.13375,185
1753617379211,11:56:19.211,mexc,AERGO/USDT:USDT,0.13373,636,0.13372,6438,0.13374,277,0.13375,185
1753617379613,11:56:19.613,mexc,AERGO/USDT:USDT,0.13373,636,0.13372,6438,0.13374,277,0.13375,185
1753617379710,11:56:19.710,mexc,AERGO/USDT:USDT,0.13373,636,0.13372,4694,0.13374,277,0.13375,212
1753617380113,11:56:20.113,mexc,AERGO/USDT:USDT,0.13373,636,0.13372,4694,0.13374,277,0.13375,212
1753617380209,11:56:20.209,mexc,AERGO/USDT:USDT,0.13373,636,0.13372,4694,0.13374,277,0.13375,238
1753617380614,11:56:20.614,mexc,AERGO/USDT:USDT,0.13373,636,0.13372,4694,0.13374,277,0.13375,238
1753617380712,11:56:20.712,mexc,AERGO/USDT:USDT,0.13373,636,0.13372,4694,0.13374,277,0.13375,335
1753617381115,11:56:21.115,mexc,AERGO/USDT:USDT,0.13373,636,0.13372,4694,0.13374,277,0.13375,275
1753617381212,11:56:21.212,mexc,AERGO/USDT:USDT,0.13373,636,0.13372,4694,0.13374,277,0.13375,185
1753617381614,11:56:21.614,mexc,AERGO/USDT:USDT,0.13373,636,0.13372,4694,0.13374,277,0.13375,185
1753617381712,11:56:21.712,mexc,AERGO/USDT:USDT,0.13373,636,0.13372,6682,0.13374,277,0.13375,185
1753617382115,11:56:22.115,mexc,AERGO/USDT:USDT,0.13373,636,0.13372,6682,0.13374,277,0.13375,185
1753617382284,11:56:22.284,mexc,AERGO/USDT:USDT,0.13373,636,0.13372,5292,0.13374,277,0.13375,185
1753617382340,11:56:22.340,mexc,AERGO/USDT:USDT,0.13373,700,0.13372,351,0.13374,1390,0.13375,164
1753617382712,11:56:22.712,mexc,AERGO/USDT:USDT,0.13373,700,0.13372,600,0.13374,1390,0.13375,164
1753617383115,11:56:23.115,mexc,AERGO/USDT:USDT,0.13373,700,0.13372,516,0.13374,1390,0.13375,164
1753617383213,11:56:23.213,mexc,AERGO/USDT:USDT,0.13373,700,0.13372,351,0.13374,1390,0.13375,164
1753617383577,11:56:23.577,mexc,AERGO/USDT:USDT,0.13373,700,0.13372,351,0.13374,1390,0.13375,164
1753617383713,11:56:23.713,mexc,AERGO/USDT:USDT,0.13373,700,0.13372,453,0.13374,1390,0.13375,164
1753617384115,11:56:24.115,mexc,AERGO/USDT:USDT,0.13373,700,0.13372,453,0.13374,1390,0.13375,164
1753617384214,11:56:24.214,mexc,AERGO/USDT:USDT,0.13373,700,0.13372,351,0.13374,1390,0.13375,164
1753617384617,11:56:24.617,mexc,AERGO/USDT:USDT,0.13373,700,0.13372,351,0.13374,1390,0.13375,164
1753617384713,11:56:24.713,mexc,AERGO/USDT:USDT,0.13373,700,0.13372,351,0.13374,1390,0.13375,164
1753617385118,11:56:25.118,mexc,AERGO/USDT:USDT,0.13373,700,0.13372,351,0.13374,1390,0.13375,164
1753617385215,11:56:25.215,mexc,AERGO/USDT:USDT,0.13373,700,0.13372,485,0.13374,1390,0.13375,234
1753617385618,11:56:25.618,mexc,AERGO/USDT:USDT,0.13373,700,0.13372,485,0.13374,1390,0.13375,181
1753617385717,11:56:25.717,mexc,AERGO/USDT:USDT,0.13373,700,0.13372,351,0.13374,1390,0.13375,225
1753617386119,11:56:26.119,mexc,AERGO/USDT:USDT,0.13373,700,0.13372,351,0.13374,1390,0.13375,225
1753617386216,11:56:26.216,mexc,AERGO/USDT:USDT,0.13373,700,0.13372,351,0.13374,1390,0.13375,164
1753617386620,11:56:26.620,mexc,AERGO/USDT:USDT,0.13373,700,0.13372,351,0.13374,1390,0.13375,164
1753617386717,11:56:26.717,mexc,AERGO/USDT:USDT,0.13373,700,0.13372,421,0.13374,1390,0.13375,224
1753617387120,11:56:27.120,mexc,AERGO/USDT:USDT,0.13373,700,0.13372,351,0.13374,1390,0.13375,224
1753617387217,11:56:27.217,mexc,AERGO/USDT:USDT,0.13373,700,0.13372,351,0.13374,1390,0.13375,164
1753617387621,11:56:27.621,mexc,AERGO/USDT:USDT,0.13373,700,0.13372,351,0.13374,1390,0.13375,164
1753617387719,11:56:27.719,mexc,AERGO/USDT:USDT,0.13373,700,0.13372,351,0.13374,1390,0.13375,305
1753617388122,11:56:28.122,mexc,AERGO/USDT:USDT,0.13373,700,0.13372,351,0.13374,1390,0.13375,233
1753617388286,11:56:28.286,mexc,AERGO/USDT:USDT,0.13373,700,0.13372,351,0.13374,1390,0.13375,230
1753617388340,11:56:28.340,mexc,AERGO/USDT:USDT,0.13373,725,0.13372,426,0.13374,1493,0.13375,188
1753617388719,11:56:28.719,mexc,AERGO/USDT:USDT,0.13373,725,0.13372,426,0.13374,1493,0.13375,188
1753617389122,11:56:29.122,mexc,AERGO/USDT:USDT,0.13373,725,0.13372,426,0.13374,1493,0.13375,188
1753617389218,11:56:29.218,mexc,AERGO/USDT:USDT,0.13373,725,0.13372,426,0.13374,1493,0.13375,188
1753617389621,11:56:29.621,mexc,AERGO/USDT:USDT,0.13373,725,0.13372,426,0.13374,1493,0.13375,188
1753617389719,11:56:29.719,mexc,AERGO/USDT:USDT,0.13373,725,0.13372,426,0.13374,1493,0.13375,188
1753617390121,11:56:30.121,mexc,AERGO/USDT:USDT,0.13373,725,0.13372,426,0.13374,1493,0.13375,188
1753617390219,11:56:30.219,mexc,AERGO/USDT:USDT,0.13373,725,0.13372,633,0.13374,1493,0.13375,228
1753617390621,11:56:30.621,mexc,AERGO/USDT:USDT,0.13373,725,0.13372,633,0.13374,1493,0.13375,228
1753617390721,11:56:30.721,mexc,AERGO/USDT:USDT,0.13373,725,0.13372,634,0.13374,1493,0.13375,188
1753617391127,11:56:31.127,mexc,AERGO/USDT:USDT,0.13373,725,0.13372,634,0.13374,1493,0.13375,188
1753617391220,11:56:31.220,mexc,AERGO/USDT:USDT,0.13373,725,0.13372,748,0.13374,1493,0.13375,225
1753617391622,11:56:31.622,mexc,AERGO/USDT:USDT,0.13373,725,0.13372,748,0.13374,1493,0.13375,225
1753617391718,11:56:31.718,mexc,AERGO/USDT:USDT,0.13373,725,0.13372,426,0.13374,1493,0.13375,277
1753617392121,11:56:32.121,mexc,AERGO/USDT:USDT,0.13373,725,0.13372,426,0.13374,1493,0.13375,277
1753617392220,11:56:32.220,mexc,AERGO/USDT:USDT,0.13373,725,0.13372,625,0.13374,1493,0.13375,188
1753617392622,11:56:32.622,mexc,AERGO/USDT:USDT,0.13373,725,0.13372,625,0.13374,1493,0.13375,188
1753617392721,11:56:32.721,mexc,AERGO/USDT:USDT,0.13373,725,0.13372,426,0.13374,1493,0.13375,188
1753617393123,11:56:33.123,mexc,AERGO/USDT:USDT,0.13373,725,0.13372,426,0.13374,1493,0.13375,188
1753617393220,11:56:33.220,mexc,AERGO/USDT:USDT,0.13373,725,0.13372,492,0.13374,1493,0.13375,278
1753617393623,11:56:33.623,mexc,AERGO/USDT:USDT,0.13373,725,0.13372,426,0.13374,1493,0.13375,278
1753617393721,11:56:33.721,mexc,AERGO/USDT:USDT,0.13373,725,0.13372,426,0.13374,1493,0.13375,188
1753617394124,11:56:34.124,mexc,AERGO/USDT:USDT,0.13373,725,0.13372,426,0.13374,1493,0.13375,188
1753617394287,11:56:34.287,mexc,AERGO/USDT:USDT,0.13373,725,0.13372,426,0.13374,1493,0.13375,188
1753617394343,11:56:34.343,mexc,AERGO/USDT:USDT,0.13372,439,0.13371,3885,0.13373,2833,0.13374,354
1753617394722,11:56:34.722,mexc,AERGO/USDT:USDT,0.13372,439,0.13371,3885,0.13373,2833,0.13374,413
1753617395124,11:56:35.124,mexc,AERGO/USDT:USDT,0.13372,439,0.13371,3885,0.13373,2833,0.13374,354
1753617395223,11:56:35.223,mexc,AERGO/USDT:USDT,0.13372,439,0.13371,5769,0.13373,2833,0.13374,354
1753617395623,11:56:35.623,mexc,AERGO/USDT:USDT,0.13372,439,0.13371,5769,0.13373,2833,0.13374,354
1753617395720,11:56:35.720,mexc,AERGO/USDT:USDT,0.13372,439,0.13371,3885,0.13373,2833,0.13374,433
1753617396127,11:56:36.127,mexc,AERGO/USDT:USDT,0.13372,439,0.13371,3885,0.13373,2833,0.13374,433
1753617396224,11:56:36.224,mexc,AERGO/USDT:USDT,0.13372,439,0.13371,3885,0.13373,2833,0.13374,519
1753617396625,11:56:36.625,mexc,AERGO/USDT:USDT,0.13372,439,0.13371,3885,0.13373,2833,0.13374,519
1753617396725,11:56:36.725,mexc,AERGO/USDT:USDT,0.13372,439,0.13371,3885,0.13373,2833,0.13374,354
1753617397126,11:56:37.126,mexc,AERGO/USDT:USDT,0.13372,439,0.13371,3885,0.13373,2833,0.13374,354
1753617397253,11:56:37.253,mexc,AERGO/USDT:USDT,0.13372,439,0.13371,3885,0.13373,2833,0.13374,440
1753617397626,11:56:37.626,mexc,AERGO/USDT:USDT,0.13372,439,0.13371,3885,0.13373,2833,0.13374,440
1753617397726,11:56:37.726,mexc,AERGO/USDT:USDT,0.13372,439,0.13371,3885,0.13373,2833,0.13374,571
1753617398126,11:56:38.126,mexc,AERGO/USDT:USDT,0.13372,439,0.13371,3885,0.13373,2833,0.13374,571
1753617398225,11:56:38.225,mexc,AERGO/USDT:USDT,0.13372,439,0.13371,4738,0.13373,2833,0.13374,354
1753617398626,11:56:38.626,mexc,AERGO/USDT:USDT,0.13372,439,0.13371,4738,0.13373,2833,0.13374,354
1753617398727,11:56:38.727,mexc,AERGO/USDT:USDT,0.13372,439,0.13371,3885,0.13373,2833,0.13374,419
1753617399127,11:56:39.127,mexc,AERGO/USDT:USDT,0.13372,439,0.13371,3885,0.13373,2833,0.13374,419
1753617399224,11:56:39.224,mexc,AERGO/USDT:USDT,0.13372,439,0.13371,3885,0.13373,2833,0.13374,405
1753617399627,11:56:39.627,mexc,AERGO/USDT:USDT,0.13372,439,0.13371,3885,0.13373,2833,0.13374,405
1753617399725,11:56:39.725,mexc,AERGO/USDT:USDT,0.13372,439,0.13371,3885,0.13373,2833,0.13374,354
1753617400129,11:56:40.129,mexc,AERGO/USDT:USDT,0.13372,439,0.13371,3885,0.13373,2833,0.13374,354
1753617400291,11:56:40.291,mexc,AERGO/USDT:USDT,0.13372,439,0.13371,3885,0.13373,2833,0.13374,565
1753617400346,11:56:40.346,mexc,AERGO/USDT:USDT,0.13372,599,0.13371,3797,0.13373,2491,0.13374,251
1753617400727,11:56:40.727,mexc,AERGO/USDT:USDT,0.13372,599,0.13371,3797,0.13373,2491,0.13374,251
1753617401127,11:56:41.127,mexc,AERGO/USDT:USDT,0.13372,599,0.13371,3797,0.13373,2491,0.13374,251
1753617401226,11:56:41.226,mexc,AERGO/USDT:USDT,0.13372,599,0.13371,3797,0.13373,2491,0.13374,251
1753617401578,11:56:41.578,mexc,AERGO/USDT:USDT,0.13372,599,0.13371,3797,0.13373,2491,0.13374,251
1753617401727,11:56:41.727,mexc,AERGO/USDT:USDT,0.13372,599,0.13371,3797,0.13373,2491,0.13374,251
1753617402129,11:56:42.129,mexc,AERGO/USDT:USDT,0.13372,599,0.13371,3797,0.13373,2491,0.13374,251
1753617402226,11:56:42.226,mexc,AERGO/USDT:USDT,0.13372,599,0.13371,5268,0.13373,2491,0.13374,251
1753617402628,11:56:42.628,mexc,AERGO/USDT:USDT,0.13372,599,0.13371,5268,0.13373,2491,0.13374,251
1753617402726,11:56:42.726,mexc,AERGO/USDT:USDT,0.13372,599,0.13371,5361,0.13373,2491,0.13374,357
1753617403127,11:56:43.127,mexc,AERGO/USDT:USDT,0.13372,599,0.13371,5361,0.13373,2491,0.13374,357
1753617403225,11:56:43.225,mexc,AERGO/USDT:USDT,0.13372,599,0.13371,3797,0.13373,2491,0.13374,251
1753617403628,11:56:43.628,mexc,AERGO/USDT:USDT,0.13372,599,0.13371,3797,0.13373,2491,0.13374,251
1753617403725,11:56:43.725,mexc,AERGO/USDT:USDT,0.13372,599,0.13371,4609,0.13373,2491,0.13374,251
1753617404129,11:56:44.129,mexc,AERGO/USDT:USDT,0.13372,599,0.13371,4609,0.13373,2491,0.13374,251
1753617404227,11:56:44.227,mexc,AERGO/USDT:USDT,0.13372,599,0.13371,3797,0.13373,2491,0.13374,251
1753617404638,11:56:44.638,mexc,AERGO/USDT:USDT,0.13372,599,0.13371,3797,0.13373,2491,0.13374,251
1753617404726,11:56:44.726,mexc,AERGO/USDT:USDT,0.13372,599,0.13371,3797,0.13373,2491,0.13374,251
1753617405129,11:56:45.129,mexc,AERGO/USDT:USDT,0.13372,599,0.13371,3797,0.13373,2491,0.13374,251
1753617405229,11:56:45.229,mexc,AERGO/USDT:USDT,0.13372,599,0.13371,5380,0.13373,2491,0.13374,251
1753617405630,11:56:45.630,mexc,AERGO/USDT:USDT,0.13372,599,0.13371,5380,0.13373,2491,0.13374,251
1753617405729,11:56:45.729,mexc,AERGO/USDT:USDT,0.13372,599,0.13371,3797,0.13373,2491,0.13374,251
1753617406132,11:56:46.132,mexc,AERGO/USDT:USDT,0.13372,599,0.13371,3797,0.13373,2491,0.13374,251
1753617406333,11:56:46.333,mexc,AERGO/USDT:USDT,0.13372,599,0.13371,3797,0.13373,3783,0.13374,318
1753617406346,11:56:46.346,mexc,AERGO/USDT:USDT,0.13372,486,0.13371,3562,0.13373,1292,0.13374,307
1753617406728,11:56:46.728,mexc,AERGO/USDT:USDT,0.13372,486,0.13371,3562,0.13373,1292,0.13374,449
1753617407131,11:56:47.131,mexc,AERGO/USDT:USDT,0.13372,486,0.13371,3562,0.13373,1292,0.13374,449
1753617407229,11:56:47.229,mexc,AERGO/USDT:USDT,0.13372,486,0.13371,3562,0.13373,1292,0.13374,307
1753617407631,11:56:47.631,mexc,AERGO/USDT:USDT,0.13372,486,0.13371,3562,0.13373,1292,0.13374,307
1753617407730,11:56:47.730,mexc,AERGO/USDT:USDT,0.13372,486,0.13371,3562,0.13373,1292,0.13374,307
1753617408132,11:56:48.132,mexc,AERGO/USDT:USDT,0.13372,486,0.13371,3562,0.13373,1292,0.13374,307
1753617408231,11:56:48.231,mexc,AERGO/USDT:USDT,0.13372,486,0.13371,3562,0.13373,1292,0.13374,307
1753617408632,11:56:48.632,mexc,AERGO/USDT:USDT,0.13372,486,0.13371,3562,0.13373,1292,0.13374,307
1753617408730,11:56:48.730,mexc,AERGO/USDT:USDT,0.13372,486,0.13371,3562,0.13373,1292,0.13374,421
1753617409133,11:56:49.133,mexc,AERGO/USDT:USDT,0.13372,486,0.13371,3562,0.13373,1292,0.13374,307
1753617409229,11:56:49.229,mexc,AERGO/USDT:USDT,0.13372,486,0.13371,5133,0.13373,1292,0.13374,307
1753617409633,11:56:49.633,mexc,AERGO/USDT:USDT,0.13372,486,0.13371,5133,0.13373,1292,0.13374,307
1753617409730,11:56:49.730,mexc,AERGO/USDT:USDT,0.13372,486,0.13371,4926,0.13373,1292,0.13374,389
1753617410132,11:56:50.132,mexc,AERGO/USDT:USDT,0.13372,486,0.13371,4926,0.13373,1292,0.13374,307
1753617410231,11:56:50.231,mexc,AERGO/USDT:USDT,0.13372,486,0.13371,4306,0.13373,1292,0.13374,307
1753617410633,11:56:50.633,mexc,AERGO/USDT:USDT,0.13372,486,0.13371,4306,0.13373,1292,0.13374,307
1753617410730,11:56:50.730,mexc,AERGO/USDT:USDT,0.13372,486,0.13371,5270,0.13373,1292,0.13374,307
1753617411134,11:56:51.134,mexc,AERGO/USDT:USDT,0.13372,486,0.13371,5270,0.13373,1292,0.13374,307
1753617411232,11:56:51.232,mexc,AERGO/USDT:USDT,0.13372,486,0.13371,4806,0.13373,1292,0.13374,483
1753617411636,11:56:51.636,mexc,AERGO/USDT:USDT,0.13372,486,0.13371,4806,0.13373,1292,0.13374,409
1753617411734,11:56:51.734,mexc,AERGO/USDT:USDT,0.13372,486,0.13371,3562,0.13373,1292,0.13374,307
1753617412135,11:56:52.135,mexc,AERGO/USDT:USDT,0.13372,486,0.13371,3562,0.13373,1292,0.13374,307
1753617412293,11:56:52.293,mexc,AERGO/USDT:USDT,0.13372,486,0.13371,3562,0.13373,1292,0.13374,345
1753617412347,11:56:52.347,mexc,AERGO/USDT:USDT,0.13372,692,0.13371,4754,0.13373,1581,0.13374,355
1753617412733,11:56:52.733,mexc,AERGO/USDT:USDT,0.13372,692,0.13371,4754,0.13373,1581,0.13374,355
1753617413136,11:56:53.136,mexc,AERGO/USDT:USDT,0.13372,692,0.13371,4754,0.13373,1581,0.13374,355
1753617413235,11:56:53.235,mexc,AERGO/USDT:USDT,0.13372,692,0.13371,4754,0.13373,1581,0.13374,592
1753617413637,11:56:53.637,mexc,AERGO/USDT:USDT,0.13372,692,0.13371,4754,0.13373,1581,0.13374,527
1753617413734,11:56:53.734,mexc,AERGO/USDT:USDT,0.13372,692,0.13371,4754,0.13373,1581,0.13374,355
1753617414137,11:56:54.137,mexc,AERGO/USDT:USDT,0.13372,692,0.13371,4754,0.13373,1581,0.13374,355
1753617414235,11:56:54.235,mexc,AERGO/USDT:USDT,0.13372,692,0.13371,4754,0.13373,1581,0.13374,524
1753617414637,11:56:54.637,mexc,AERGO/USDT:USDT,0.13372,692,0.13371,4754,0.13373,1581,0.13374,524
1753617414735,11:56:54.735,mexc,AERGO/USDT:USDT,0.13372,692,0.13371,4754,0.13373,1581,0.13374,355
1753617415140,11:56:55.140,mexc,AERGO/USDT:USDT,0.13372,692,0.13371,4754,0.13373,1581,0.13374,355
1753617415236,11:56:55.236,mexc,AERGO/USDT:USDT,0.13372,692,0.13371,5948,0.13373,1581,0.13374,355
1753617415639,11:56:55.639,mexc,AERGO/USDT:USDT,0.13372,692,0.13371,5948,0.13373,1581,0.13374,355
1753617415736,11:56:55.736,mexc,AERGO/USDT:USDT,0.13372,692,0.13371,4754,0.13373,1581,0.13374,355
1753617416139,11:56:56.139,mexc,AERGO/USDT:USDT,0.13372,692,0.13371,4754,0.13373,1581,0.13374,355
