timestamp,time,exchange,symbol,bid1_price,bid1_volume,bid2_price,bid2_volume,ask1_price,ask1_volume,ask2_price,ask2_volume
1753617160000,11:52:40.000,gateio,AAVE/USDT:USDT,295.6,262.0,295.59,846.0,295.63,471.0,295.64,100.0
1753617160561,11:52:40.561,gateio,AAVE/USDT:USDT,295.6,262.0,295.59,846.0,295.63,471.0,295.64,100.0
1753617160614,11:52:40.614,gateio,AAVE/USDT:USDT,295.6,262.0,295.59,846.0,295.63,471.0,295.64,100.0
1753617160986,11:52:40.986,gateio,AAVE/USDT:USDT,295.62,202.0,295.61,750.0,295.64,100.0,295.65,427.0
1753617161031,11:52:41.031,gateio,AAVE/USDT:USDT,295.62,202.0,295.61,750.0,295.64,100.0,295.65,427.0
1753617161162,11:52:41.162,gateio,AAVE/USDT:USDT,295.62,202.0,295.61,750.0,295.64,100.0,295.65,427.0
1753617161282,11:52:41.282,gateio,AAVE/USDT:USDT,295.62,202.0,295.61,750.0,295.64,100.0,295.65,427.0
1753617161367,11:52:41.367,gateio,AAVE/USDT:USDT,295.61,750.0,295.6,328.0,295.64,100.0,295.65,427.0
1753617161659,11:52:41.659,gateio,AAVE/USDT:USDT,295.61,750.0,295.6,129.0,295.65,427.0,295.67,163.0
1753617161760,11:52:41.760,gateio,AAVE/USDT:USDT,295.61,750.0,295.6,129.0,295.65,427.0,295.67,163.0
1753617161862,11:52:41.862,gateio,AAVE/USDT:USDT,295.61,750.0,295.6,129.0,295.65,427.0,295.67,163.0
1753617162151,11:52:42.151,gateio,AAVE/USDT:USDT,295.61,750.0,295.6,129.0,295.65,427.0,295.67,163.0
1753617162697,11:52:42.697,gateio,AAVE/USDT:USDT,295.61,750.0,295.6,129.0,295.65,427.0,295.67,163.0
1753617162781,11:52:42.781,gateio,AAVE/USDT:USDT,295.62,225.0,295.61,750.0,295.65,427.0,295.67,68.0
1753617162861,11:52:42.861,gateio,AAVE/USDT:USDT,295.61,825.0,295.6,351.0,295.65,427.0,295.67,68.0
1753617162941,11:52:42.941,gateio,AAVE/USDT:USDT,295.61,750.0,295.6,129.0,295.65,427.0,295.67,68.0
1753617163071,11:52:43.071,gateio,AAVE/USDT:USDT,295.61,750.0,295.6,129.0,295.65,427.0,295.67,163.0
1753617163141,11:52:43.141,gateio,AAVE/USDT:USDT,295.61,750.0,295.6,129.0,295.65,427.0,295.67,163.0
1753617163368,11:52:43.368,gateio,AAVE/USDT:USDT,295.61,750.0,295.6,129.0,295.65,427.0,295.67,163.0
1753617163496,11:52:43.496,gateio,AAVE/USDT:USDT,295.62,225.0,295.61,775.0,295.67,68.0,295.68,123.0
1753617163581,11:52:43.581,gateio,AAVE/USDT:USDT,295.62,251.0,295.61,750.0,295.7,95.0,295.71,146.0
1753617163689,11:52:43.689,gateio,AAVE/USDT:USDT,295.63,711.0,295.62,1.0,295.67,165.0,295.68,258.0
1753617163790,11:52:43.790,gateio,AAVE/USDT:USDT,295.63,711.0,295.6,14.0,295.66,464.0,295.67,95.0
1753617163892,11:52:43.892,gateio,AAVE/USDT:USDT,295.63,711.0,295.6,14.0,295.66,464.0,295.67,95.0
1753617164021,11:52:44.021,gateio,AAVE/USDT:USDT,295.63,711.0,295.6,14.0,295.66,464.0,295.67,95.0
1753617164199,11:52:44.199,gateio,AAVE/USDT:USDT,295.63,711.0,295.6,14.0,295.66,464.0,295.68,121.0
1753617164286,11:52:44.286,gateio,AAVE/USDT:USDT,295.63,711.0,295.6,14.0,295.66,464.0,295.69,101.0
1753617164366,11:52:44.366,gateio,AAVE/USDT:USDT,295.63,711.0,295.61,214.0,295.66,464.0,295.7,95.0
1753617164491,11:52:44.491,gateio,AAVE/USDT:USDT,295.63,736.0,295.61,335.0,295.71,93.0,295.72,125.0
1753617164591,11:52:44.591,gateio,AAVE/USDT:USDT,295.65,749.0,295.64,1.0,295.69,155.0,295.7,516.0
1753617164641,11:52:44.641,gateio,AAVE/USDT:USDT,295.65,749.0,295.63,93.0,295.69,155.0,295.7,516.0
1753617164733,11:52:44.733,gateio,AAVE/USDT:USDT,295.65,749.0,295.63,93.0,295.69,155.0,295.7,516.0
1753617164899,11:52:44.899,gateio,AAVE/USDT:USDT,295.67,742.0,295.66,225.0,295.7,516.0,295.74,189.0
1753617164941,11:52:44.941,gateio,AAVE/USDT:USDT,295.67,742.0,295.63,93.0,295.7,516.0,295.74,189.0
1753617165021,11:52:45.021,gateio,AAVE/USDT:USDT,295.67,742.0,295.63,93.0,295.7,516.0,295.74,189.0
1753617165290,11:52:45.290,gateio,AAVE/USDT:USDT,295.67,742.0,295.63,93.0,295.7,516.0,295.74,189.0
1753617165789,11:52:45.789,gateio,AAVE/USDT:USDT,295.67,742.0,295.63,93.0,295.7,516.0,295.74,310.0
1753617165829,11:52:45.829,gateio,AAVE/USDT:USDT,295.67,742.0,295.63,93.0,295.7,516.0,295.74,310.0
1753617165960,11:52:45.960,gateio,AAVE/USDT:USDT,295.67,742.0,295.63,93.0,295.7,516.0,295.72,93.0
1753617166096,11:52:46.096,gateio,AAVE/USDT:USDT,295.67,742.0,295.63,93.0,295.7,516.0,295.72,93.0
1753617166384,11:52:46.384,gateio,AAVE/USDT:USDT,295.67,742.0,295.63,93.0,295.7,516.0,295.72,93.0
1753617166404,11:52:46.404,gateio,AAVE/USDT:USDT,295.67,742.0,295.63,93.0,295.7,516.0,295.72,93.0
1753617167218,11:52:47.218,gateio,AAVE/USDT:USDT,295.67,742.0,295.63,93.0,295.7,516.0,295.72,93.0
1753617168197,11:52:48.197,gateio,AAVE/USDT:USDT,295.67,742.0,295.63,93.0,295.7,516.0,295.72,93.0
1753617168582,11:52:48.582,gateio,AAVE/USDT:USDT,295.67,742.0,295.63,93.0,295.7,516.0,295.74,310.0
1753617168681,11:52:48.681,gateio,AAVE/USDT:USDT,295.67,844.0,295.66,226.0,295.74,100.0,295.75,195.0
1753617168756,11:52:48.756,gateio,AAVE/USDT:USDT,295.68,224.0,295.67,742.0,295.72,131.0,295.73,435.0
1753617168863,11:52:48.863,gateio,AAVE/USDT:USDT,295.69,828.0,295.68,1.0,295.72,131.0,295.73,435.0
1753617168927,11:52:48.927,gateio,AAVE/USDT:USDT,295.69,828.0,295.67,93.0,295.72,131.0,295.73,435.0
1753617169073,11:52:49.073,gateio,AAVE/USDT:USDT,295.69,828.0,295.67,93.0,295.72,131.0,295.73,435.0
1753617169268,11:52:49.268,gateio,AAVE/USDT:USDT,295.69,828.0,295.67,93.0,295.72,131.0,295.73,435.0
1753617169384,11:52:49.384,gateio,AAVE/USDT:USDT,295.69,828.0,295.66,86.0,295.72,131.0,295.73,435.0
1753617169661,11:52:49.661,gateio,AAVE/USDT:USDT,295.69,828.0,295.65,214.0,295.72,131.0,295.73,435.0
1753617169806,11:52:49.806,gateio,AAVE/USDT:USDT,295.69,828.0,295.65,214.0,295.72,131.0,295.73,435.0
1753617169901,11:52:49.901,gateio,AAVE/USDT:USDT,295.69,828.0,295.65,214.0,295.72,131.0,295.73,435.0
1753617170091,11:52:50.091,gateio,AAVE/USDT:USDT,295.69,828.0,295.65,214.0,295.72,131.0,295.73,435.0
1753617170186,11:52:50.186,gateio,AAVE/USDT:USDT,295.65,214.0,295.64,222.0,295.71,464.0,295.73,214.0
1753617170289,11:52:50.289,gateio,AAVE/USDT:USDT,295.68,212.0,295.67,708.0,295.71,464.0,295.73,121.0
1753617170393,11:52:50.393,gateio,AAVE/USDT:USDT,295.68,212.0,295.67,708.0,295.73,121.0,295.74,316.0
1753617170461,11:52:50.461,gateio,AAVE/USDT:USDT,295.68,213.0,295.67,708.0,295.74,100.0,295.75,168.0
1753617170536,11:52:50.536,gateio,AAVE/USDT:USDT,295.68,213.0,295.67,708.0,295.74,100.0,295.75,168.0
1753617170693,11:52:50.693,gateio,AAVE/USDT:USDT,295.69,725.0,295.68,1.0,295.72,144.0,295.73,480.0
1753617170797,11:52:50.797,gateio,AAVE/USDT:USDT,295.69,725.0,295.66,93.0,295.72,144.0,295.73,480.0
1753617170894,11:52:50.894,gateio,AAVE/USDT:USDT,295.69,725.0,295.66,93.0,295.72,144.0,295.73,480.0
1753617170928,11:52:50.928,gateio,AAVE/USDT:USDT,295.69,725.0,295.66,93.0,295.72,144.0,295.73,480.0
1753617171051,11:52:51.051,gateio,AAVE/USDT:USDT,295.69,725.0,295.66,93.0,295.72,144.0,295.73,695.0
1753617171192,11:52:51.192,gateio,AAVE/USDT:USDT,295.69,725.0,295.65,214.0,295.71,517.0,295.73,215.0
1753617171214,11:52:51.214,gateio,AAVE/USDT:USDT,295.69,725.0,295.65,214.0,295.71,517.0,295.73,215.0
1753617171347,11:52:51.347,gateio,AAVE/USDT:USDT,295.69,725.0,295.65,214.0,295.71,517.0,295.73,215.0
1753617171494,11:52:51.494,gateio,AAVE/USDT:USDT,295.69,822.0,295.68,145.0,295.73,94.0,295.74,87.0
1753617171597,11:52:51.597,gateio,AAVE/USDT:USDT,295.69,725.0,295.68,73.0,295.75,434.0,295.76,566.0
1753617171685,11:52:51.685,gateio,AAVE/USDT:USDT,295.71,834.0,295.7,1.0,295.74,130.0,295.75,434.0
1753617171771,11:52:51.771,gateio,AAVE/USDT:USDT,295.71,834.0,295.69,93.0,295.74,130.0,295.75,434.0
1753617171862,11:52:51.862,gateio,AAVE/USDT:USDT,295.71,834.0,295.7,343.0,295.74,130.0,295.75,434.0
1753617171950,11:52:51.950,gateio,AAVE/USDT:USDT,295.71,834.0,295.7,343.0,295.74,130.0,295.75,434.0
1753617172040,11:52:52.040,gateio,AAVE/USDT:USDT,295.71,834.0,295.7,343.0,295.74,130.0,295.75,434.0
1753617172369,11:52:52.369,gateio,AAVE/USDT:USDT,295.71,834.0,295.7,343.0,295.74,130.0,295.75,434.0
1753617172797,11:52:52.797,gateio,AAVE/USDT:USDT,295.71,834.0,295.7,101.0,295.73,500.0,295.74,130.0
1753617172892,11:52:52.892,gateio,AAVE/USDT:USDT,295.71,834.0,295.68,73.0,295.73,500.0,295.75,214.0
1753617172994,11:52:52.994,gateio,AAVE/USDT:USDT,295.71,834.0,295.68,73.0,295.73,500.0,295.75,214.0
1753617173029,11:52:53.029,gateio,AAVE/USDT:USDT,295.71,834.0,295.68,73.0,295.73,500.0,295.75,214.0
1753617173296,11:52:53.296,gateio,AAVE/USDT:USDT,295.71,834.0,295.68,73.0,295.73,500.0,295.75,214.0
1753617173381,11:52:53.381,gateio,AAVE/USDT:USDT,295.68,73.0,295.67,242.0,295.73,500.0,295.75,214.0
1753617173496,11:52:53.496,gateio,AAVE/USDT:USDT,295.69,790.0,295.68,73.0,295.72,93.0,295.73,500.0
1753617173571,11:52:53.571,gateio,AAVE/USDT:USDT,295.64,93.0,295.63,199.0,295.71,485.0,295.72,214.0
1753617173698,11:52:53.698,gateio,AAVE/USDT:USDT,295.67,782.0,295.66,231.0,295.71,485.0,295.72,121.0
1753617173706,11:52:53.706,gateio,AAVE/USDT:USDT,295.67,782.0,295.64,310.0,295.71,485.0,295.72,121.0
1753617173826,11:52:53.826,gateio,AAVE/USDT:USDT,295.67,782.0,295.64,310.0,295.71,485.0,295.72,121.0
1753617173957,11:52:53.957,gateio,AAVE/USDT:USDT,295.67,782.0,295.66,121.0,295.71,485.0,295.75,197.0
1753617174061,11:52:54.061,gateio,AAVE/USDT:USDT,295.69,1015.0,295.68,317.0,295.75,93.0,295.78,193.0
1753617174181,11:52:54.181,gateio,AAVE/USDT:USDT,295.71,824.0,295.7,1.0,295.73,133.0,295.74,442.0
1753617174253,11:52:54.253,gateio,AAVE/USDT:USDT,295.71,824.0,295.69,173.0,295.73,133.0,295.74,442.0
1753617174485,11:52:54.485,gateio,AAVE/USDT:USDT,295.65,121.0,295.64,214.0,295.73,250.0,295.74,563.0
1753617174590,11:52:54.590,gateio,AAVE/USDT:USDT,295.67,212.0,295.66,705.0,295.71,461.0,295.74,121.0
1753617174694,11:52:54.694,gateio,AAVE/USDT:USDT,295.68,736.0,295.67,1.0,295.74,121.0,295.75,93.0
1753617174799,11:52:54.799,gateio,AAVE/USDT:USDT,295.69,1.0,295.68,736.0,295.72,131.0,295.73,437.0
1753617174891,11:52:54.891,gateio,AAVE/USDT:USDT,295.69,1.0,295.68,736.0,295.72,131.0,295.73,437.0
1753617174948,11:52:54.948,gateio,AAVE/USDT:USDT,295.69,1.0,295.68,736.0,295.72,131.0,295.73,437.0
1753617175080,11:52:55.080,gateio,AAVE/USDT:USDT,295.69,1.0,295.68,736.0,295.72,131.0,295.73,437.0
1753617175373,11:52:55.373,gateio,AAVE/USDT:USDT,295.69,1.0,295.68,736.0,295.72,131.0,295.73,437.0
1753617175497,11:52:55.497,gateio,AAVE/USDT:USDT,295.69,1.0,295.68,736.0,295.72,131.0,295.73,437.0
1753617175599,11:52:55.599,gateio,AAVE/USDT:USDT,295.69,1.0,295.68,736.0,295.71,437.0,295.72,131.0
1753617175622,11:52:55.622,gateio,AAVE/USDT:USDT,295.68,736.0,295.65,121.0,295.71,437.0,295.74,92.0
1753617175721,11:52:55.721,gateio,AAVE/USDT:USDT,295.68,736.0,295.65,121.0,295.71,437.0,295.74,92.0
1753617175803,11:52:55.803,gateio,AAVE/USDT:USDT,295.68,736.0,295.65,121.0,295.71,437.0,295.74,92.0
1753617175969,11:52:55.969,gateio,AAVE/USDT:USDT,295.68,736.0,295.66,92.0,295.71,437.0,295.74,92.0
1753617176092,11:52:56.092,gateio,AAVE/USDT:USDT,295.68,833.0,295.67,146.0,295.74,92.0,295.76,122.0
1753617176161,11:52:56.161,gateio,AAVE/USDT:USDT,295.7,795.0,295.69,1.0,295.74,125.0,295.75,416.0
1753617176238,11:52:56.238,gateio,AAVE/USDT:USDT,295.7,795.0,295.66,220.0,295.74,125.0,295.75,416.0
1753617176333,11:52:56.333,gateio,AAVE/USDT:USDT,295.7,795.0,295.66,220.0,295.74,125.0,295.75,416.0
1753617176553,11:52:56.553,gateio,AAVE/USDT:USDT,295.7,795.0,295.66,220.0,295.73,473.0,295.76,214.0
1753617176658,11:52:56.658,gateio,AAVE/USDT:USDT,295.7,795.0,295.66,220.0,295.73,473.0,295.76,214.0
1753617176752,11:52:56.752,gateio,AAVE/USDT:USDT,295.7,795.0,295.66,220.0,295.73,473.0,295.76,214.0
1753617176984,11:52:56.984,gateio,AAVE/USDT:USDT,295.7,795.0,295.66,220.0,295.73,473.0,295.76,214.0
1753617177001,11:52:57.001,gateio,AAVE/USDT:USDT,295.7,795.0,295.66,220.0,295.73,473.0,295.76,214.0
1753617177613,11:52:57.613,gateio,AAVE/USDT:USDT,295.7,795.0,295.66,220.0,295.73,473.0,295.76,214.0
1753617177754,11:52:57.754,gateio,AAVE/USDT:USDT,295.7,795.0,295.66,220.0,295.72,142.0,295.73,473.0
1753617177809,11:52:57.809,gateio,AAVE/USDT:USDT,295.7,795.0,295.66,220.0,295.72,142.0,295.73,473.0
1753617178016,11:52:58.016,gateio,AAVE/USDT:USDT,295.7,795.0,295.66,220.0,295.72,142.0,295.73,473.0
1753617178393,11:52:58.393,gateio,AAVE/USDT:USDT,295.7,795.0,295.66,220.0,295.72,142.0,295.73,473.0
1753617178430,11:52:58.430,gateio,AAVE/USDT:USDT,295.7,795.0,295.66,220.0,295.72,142.0,295.73,473.0
1753617179192,11:52:59.192,gateio,AAVE/USDT:USDT,295.66,98.0,295.65,121.0,295.72,142.0,295.73,473.0
1753617179298,11:52:59.298,gateio,AAVE/USDT:USDT,295.66,746.0,295.65,213.0,295.71,452.0,295.72,142.0
1753617179381,11:52:59.381,gateio,AAVE/USDT:USDT,295.67,225.0,295.66,746.0,295.7,136.0,295.71,452.0
1753617179484,11:52:59.484,gateio,AAVE/USDT:USDT,295.67,224.0,295.66,746.0,295.7,136.0,295.71,452.0
1753617179594,11:52:59.594,gateio,AAVE/USDT:USDT,295.67,224.0,295.66,746.0,295.7,136.0,295.71,452.0
1753617179690,11:52:59.690,gateio,AAVE/USDT:USDT,295.67,224.0,295.66,746.0,295.7,136.0,295.71,452.0
1753617179957,11:52:59.957,gateio,AAVE/USDT:USDT,295.67,224.0,295.66,746.0,295.71,452.0,295.72,92.0
1753617180009,11:53:00.009,gateio,AAVE/USDT:USDT,295.67,225.0,295.66,746.0,295.71,452.0,295.72,92.0
1753617180101,11:53:00.101,gateio,AAVE/USDT:USDT,295.67,225.0,295.66,746.0,295.7,136.0,295.71,452.0
1753617180281,11:53:00.281,gateio,AAVE/USDT:USDT,295.67,224.0,295.66,746.0,295.7,136.0,295.71,452.0
1753617180302,11:53:00.302,gateio,AAVE/USDT:USDT,295.67,224.0,295.66,746.0,295.7,136.0,295.71,452.0
1753617180494,11:53:00.494,gateio,AAVE/USDT:USDT,295.67,224.0,295.66,746.0,295.7,136.0,295.71,452.0
1753617180761,11:53:00.761,gateio,AAVE/USDT:USDT,295.67,224.0,295.66,746.0,295.7,136.0,295.71,452.0
1753617180814,11:53:00.814,gateio,AAVE/USDT:USDT,295.66,746.0,295.64,81.0,295.7,136.0,295.71,452.0
1753617180940,11:53:00.940,gateio,AAVE/USDT:USDT,295.66,746.0,295.64,81.0,295.7,136.0,295.71,452.0
1753617181084,11:53:01.084,gateio,AAVE/USDT:USDT,295.62,106.0,295.61,193.0,295.69,508.0,295.71,92.0
1753617181162,11:53:01.162,gateio,AAVE/USDT:USDT,295.62,100.0,295.61,194.0,295.68,152.0,295.69,508.0
1753617181261,11:53:01.261,gateio,AAVE/USDT:USDT,295.64,222.0,295.63,741.0,295.68,152.0,295.69,508.0
1753617181368,11:53:01.368,gateio,AAVE/USDT:USDT,295.64,223.0,295.63,741.0,295.68,152.0,295.69,508.0
1753617181762,11:53:01.762,gateio,AAVE/USDT:USDT,295.65,712.0,295.64,1.0,295.68,152.0,295.69,508.0
1753617181805,11:53:01.805,gateio,AAVE/USDT:USDT,295.65,712.0,295.62,100.0,295.68,152.0,295.69,508.0
1753617181921,11:53:01.921,gateio,AAVE/USDT:USDT,295.65,712.0,295.62,100.0,295.68,152.0,295.69,508.0
1753617182083,11:53:02.083,gateio,AAVE/USDT:USDT,295.65,712.0,295.64,121.0,295.69,508.0,295.71,92.0
1753617182191,11:53:02.191,gateio,AAVE/USDT:USDT,295.67,135.0,295.66,366.0,295.76,117.0,295.77,178.0
1753617182278,11:53:02.278,gateio,AAVE/USDT:USDT,295.67,136.0,295.66,274.0,295.75,92.0,295.76,25.0
1753617182381,11:53:02.381,gateio,AAVE/USDT:USDT,295.68,841.0,295.67,1.0,295.71,142.0,295.72,472.0
1753617182492,11:53:02.492,gateio,AAVE/USDT:USDT,295.68,841.0,295.66,92.0,295.71,142.0,295.72,472.0
1753617182597,11:53:02.597,gateio,AAVE/USDT:USDT,295.69,236.0,295.68,841.0,295.76,129.0,295.77,121.0
1753617182694,11:53:02.694,gateio,AAVE/USDT:USDT,295.72,728.0,295.7,96.0,295.76,138.0,295.77,460.0
1753617182754,11:53:02.754,gateio,AAVE/USDT:USDT,295.72,728.0,295.7,96.0,295.76,138.0,295.77,460.0
1753617182802,11:53:02.802,gateio,AAVE/USDT:USDT,295.72,728.0,295.7,96.0,295.76,138.0,295.77,460.0
1753617182990,11:53:02.990,gateio,AAVE/USDT:USDT,295.72,728.0,295.7,96.0,295.76,138.0,295.77,460.0
1753617183066,11:53:03.066,gateio,AAVE/USDT:USDT,295.72,728.0,295.7,96.0,295.76,138.0,295.77,460.0
1753617183161,11:53:03.161,gateio,AAVE/USDT:USDT,295.72,728.0,295.7,96.0,295.76,138.0,295.77,460.0
1753617183239,11:53:03.239,gateio,AAVE/USDT:USDT,295.72,728.0,295.7,96.0,295.76,138.0,295.77,460.0
1753617183386,11:53:03.386,gateio,AAVE/USDT:USDT,295.74,842.0,295.73,218.0,295.77,460.0,295.8,212.0
1753617183482,11:53:03.482,gateio,AAVE/USDT:USDT,295.74,842.0,295.71,92.0,295.8,115.0,295.81,529.0
1753617183597,11:53:03.597,gateio,AAVE/USDT:USDT,295.77,92.0,295.76,806.0,295.8,23.0,295.85,40.0
1753617183694,11:53:03.694,gateio,AAVE/USDT:USDT,295.78,790.0,295.76,121.0,295.8,23.0,295.81,149.0
1753617183791,11:53:03.791,gateio,AAVE/USDT:USDT,295.8,92.0,295.79,25.0,295.85,6.0,295.87,529.0
1753617183889,11:53:03.889,gateio,AAVE/USDT:USDT,295.8,883.0,295.78,92.0,295.87,422.0,295.88,100.0
1753617183988,11:53:03.988,gateio,AAVE/USDT:USDT,295.82,837.0,295.81,1.0,295.87,422.0,295.88,100.0
1753617184035,11:53:04.035,gateio,AAVE/USDT:USDT,295.82,837.0,295.78,92.0,295.87,516.0,295.88,6.0
1753617184102,11:53:04.102,gateio,AAVE/USDT:USDT,295.82,837.0,295.78,92.0,295.87,516.0,295.88,6.0
1753617184294,11:53:04.294,gateio,AAVE/USDT:USDT,295.77,131.0,295.76,121.0,295.84,146.0,295.85,487.0
1753617184397,11:53:04.397,gateio,AAVE/USDT:USDT,295.79,784.0,295.78,1.0,295.83,432.0,295.84,146.0
1753617184493,11:53:04.493,gateio,AAVE/USDT:USDT,295.79,784.0,295.77,131.0,295.82,130.0,295.83,432.0
1753617184518,11:53:04.518,gateio,AAVE/USDT:USDT,295.79,784.0,295.77,131.0,295.82,130.0,295.83,432.0
1753617184895,11:53:04.895,gateio,AAVE/USDT:USDT,295.79,784.0,295.77,131.0,295.82,130.0,295.83,432.0
1753617184985,11:53:04.985,gateio,AAVE/USDT:USDT,295.79,784.0,295.77,131.0,295.82,130.0,295.83,432.0
1753617185093,11:53:05.093,gateio,AAVE/USDT:USDT,295.79,809.0,295.78,68.0,295.86,94.0,295.87,119.0
1753617185196,11:53:05.196,gateio,AAVE/USDT:USDT,295.81,725.0,295.8,1.0,295.84,142.0,295.85,474.0
1753617185290,11:53:05.290,gateio,AAVE/USDT:USDT,295.81,725.0,295.79,25.0,295.84,236.0,295.85,474.0
1753617185364,11:53:05.364,gateio,AAVE/USDT:USDT,295.81,725.0,295.79,25.0,295.84,236.0,295.85,474.0
1753617185492,11:53:05.492,gateio,AAVE/USDT:USDT,295.81,725.0,295.77,106.0,295.83,431.0,295.86,94.0
1753617185563,11:53:05.563,gateio,AAVE/USDT:USDT,295.81,725.0,295.77,200.0,295.83,431.0,295.86,94.0
1753617185666,11:53:05.666,gateio,AAVE/USDT:USDT,295.81,725.0,295.77,200.0,295.83,431.0,295.86,94.0
1753617185797,11:53:05.797,gateio,AAVE/USDT:USDT,295.76,100.0,295.73,6.0,295.82,223.0,295.83,550.0
1753617185889,11:53:05.889,gateio,AAVE/USDT:USDT,295.78,141.0,295.77,872.0,295.81,431.0,295.83,119.0
1753617185992,11:53:05.992,gateio,AAVE/USDT:USDT,295.79,770.0,295.78,94.0,295.85,94.0,295.87,119.0
1753617186086,11:53:06.086,gateio,AAVE/USDT:USDT,295.8,1.0,295.79,770.0,295.86,94.0,295.87,144.0
1753617186193,11:53:06.193,gateio,AAVE/USDT:USDT,295.81,769.0,295.8,1.0,295.84,144.0,295.85,479.0
1753617186205,11:53:06.205,gateio,AAVE/USDT:USDT,295.81,769.0,295.77,6.0,295.84,144.0,295.85,479.0
1753617186391,11:53:06.391,gateio,AAVE/USDT:USDT,295.81,769.0,295.77,6.0,295.83,449.0,295.86,94.0
1753617186401,11:53:06.401,gateio,AAVE/USDT:USDT,295.81,769.0,295.77,6.0,295.83,449.0,295.86,94.0
1753617186521,11:53:06.521,gateio,AAVE/USDT:USDT,295.81,769.0,295.77,6.0,295.83,449.0,295.86,94.0
1753617186643,11:53:06.643,gateio,AAVE/USDT:USDT,295.81,769.0,295.77,125.0,295.86,94.0,295.87,119.0
1753617186774,11:53:06.774,gateio,AAVE/USDT:USDT,295.81,769.0,295.79,94.0,295.85,140.0,295.86,467.0
1753617186881,11:53:06.881,gateio,AAVE/USDT:USDT,295.81,769.0,295.79,94.0,295.85,140.0,295.86,467.0
1753617186982,11:53:06.982,gateio,AAVE/USDT:USDT,295.81,769.0,295.79,94.0,295.84,471.0,295.88,200.0
1753617187041,11:53:07.041,gateio,AAVE/USDT:USDT,295.81,769.0,295.79,94.0,295.84,471.0,295.88,200.0
1753617187132,11:53:07.132,gateio,AAVE/USDT:USDT,295.81,769.0,295.79,94.0,295.84,471.0,295.88,200.0
1753617187245,11:53:07.245,gateio,AAVE/USDT:USDT,295.81,769.0,295.79,94.0,295.84,471.0,295.88,200.0
1753617187386,11:53:07.386,gateio,AAVE/USDT:USDT,295.81,769.0,295.79,94.0,295.84,471.0,295.88,200.0
1753617187497,11:53:07.497,gateio,AAVE/USDT:USDT,295.78,144.0,295.77,344.0,295.83,141.0,295.84,471.0
1753617187581,11:53:07.581,gateio,AAVE/USDT:USDT,295.79,871.0,295.78,217.0,295.83,141.0,295.84,471.0
1753617187861,11:53:07.861,gateio,AAVE/USDT:USDT,295.79,871.0,295.78,217.0,295.83,141.0,295.84,471.0
1753617188188,11:53:08.188,gateio,AAVE/USDT:USDT,295.79,896.0,295.78,192.0,295.84,471.0,295.86,94.0
1753617188253,11:53:08.253,gateio,AAVE/USDT:USDT,295.79,896.0,295.78,192.0,295.83,141.0,295.84,471.0
1753617188487,11:53:08.487,gateio,AAVE/USDT:USDT,295.79,871.0,295.78,192.0,295.83,141.0,295.84,471.0
1753617188745,11:53:08.745,gateio,AAVE/USDT:USDT,295.79,871.0,295.78,192.0,295.83,141.0,295.84,471.0
1753617189197,11:53:09.197,gateio,AAVE/USDT:USDT,295.79,871.0,295.78,192.0,295.83,141.0,295.84,471.0
1753617189252,11:53:09.252,gateio,AAVE/USDT:USDT,295.79,871.0,295.78,192.0,295.83,141.0,295.84,471.0
1753617189301,11:53:09.301,gateio,AAVE/USDT:USDT,295.79,871.0,295.78,192.0,295.83,141.0,295.84,471.0
1753617189402,11:53:09.402,gateio,AAVE/USDT:USDT,295.79,871.0,295.78,192.0,295.83,141.0,295.84,471.0
1753617189754,11:53:09.754,gateio,AAVE/USDT:USDT,295.79,871.0,295.78,192.0,295.83,141.0,295.84,471.0
1753617190096,11:53:10.096,gateio,AAVE/USDT:USDT,295.79,896.0,295.78,192.0,295.87,304.0,295.88,200.0
1753617190196,11:53:10.196,gateio,AAVE/USDT:USDT,295.81,833.0,295.8,1.0,295.85,127.0,295.86,424.0
1753617190267,11:53:10.267,gateio,AAVE/USDT:USDT,295.81,833.0,295.79,25.0,295.85,127.0,295.86,424.0
1753617190367,11:53:10.367,gateio,AAVE/USDT:USDT,295.81,833.0,295.79,25.0,295.85,127.0,295.86,424.0
1753617190499,11:53:10.499,gateio,AAVE/USDT:USDT,295.81,833.0,295.79,25.0,295.83,128.0,295.84,426.0
1753617190582,11:53:10.582,gateio,AAVE/USDT:USDT,295.81,833.0,295.79,25.0,295.83,128.0,295.84,426.0
1753617190647,11:53:10.647,gateio,AAVE/USDT:USDT,295.81,833.0,295.79,25.0,295.84,426.0,295.87,162.0
1753617190746,11:53:10.746,gateio,AAVE/USDT:USDT,295.81,833.0,295.79,119.0,295.84,426.0,295.87,162.0
1753617190858,11:53:10.858,gateio,AAVE/USDT:USDT,295.81,833.0,295.79,119.0,295.83,128.0,295.84,426.0
1753617191086,11:53:11.086,gateio,AAVE/USDT:USDT,295.81,833.0,295.79,119.0,295.87,68.0,295.88,225.0
1753617191154,11:53:11.154,gateio,AAVE/USDT:USDT,295.82,1.0,295.81,833.0,295.85,147.0,295.86,489.0
1753617191260,11:53:11.260,gateio,AAVE/USDT:USDT,295.81,833.0,295.79,119.0,295.85,150.0,295.86,489.0
1753617191302,11:53:11.302,gateio,AAVE/USDT:USDT,295.81,833.0,295.79,119.0,295.85,150.0,295.86,489.0
1753617191499,11:53:11.499,gateio,AAVE/USDT:USDT,295.81,833.0,295.79,119.0,295.85,150.0,295.86,489.0
1753617191573,11:53:11.573,gateio,AAVE/USDT:USDT,295.81,833.0,295.79,25.0,295.83,151.0,295.84,503.0
1753617191625,11:53:11.625,gateio,AAVE/USDT:USDT,295.81,833.0,295.79,25.0,295.83,151.0,295.84,503.0
1753617191701,11:53:11.701,gateio,AAVE/USDT:USDT,295.81,833.0,295.79,25.0,295.83,151.0,295.84,503.0
1753617191843,11:53:11.843,gateio,AAVE/USDT:USDT,295.81,833.0,295.79,25.0,295.83,151.0,295.84,503.0
1753617191900,11:53:11.900,gateio,AAVE/USDT:USDT,295.81,833.0,295.79,25.0,295.83,151.0,295.84,503.0
1753617192293,11:53:12.293,gateio,AAVE/USDT:USDT,295.81,833.0,295.79,25.0,295.83,151.0,295.84,503.0
1753617192364,11:53:12.364,gateio,AAVE/USDT:USDT,295.81,833.0,295.79,25.0,295.83,151.0,295.84,503.0
1753617192485,11:53:12.485,gateio,AAVE/USDT:USDT,295.81,833.0,295.79,25.0,295.83,151.0,295.84,503.0
1753617192515,11:53:12.515,gateio,AAVE/USDT:USDT,295.81,833.0,295.78,192.0,295.83,151.0,295.84,503.0
1753617192663,11:53:12.663,gateio,AAVE/USDT:USDT,295.78,192.0,295.77,315.0,295.83,151.0,295.84,503.0
1753617192773,11:53:12.773,gateio,AAVE/USDT:USDT,295.79,753.0,295.77,196.0,295.82,469.0,295.85,94.0
1753617192878,11:53:12.878,gateio,AAVE/USDT:USDT,295.79,753.0,295.77,196.0,295.82,469.0,295.85,94.0
1753617193734,11:53:13.734,gateio,AAVE/USDT:USDT,295.79,753.0,295.77,196.0,295.82,469.0,295.85,94.0
1753617193883,11:53:13.883,gateio,AAVE/USDT:USDT,295.79,753.0,295.77,125.0,295.82,469.0,295.85,94.0
1753617194145,11:53:14.145,gateio,AAVE/USDT:USDT,295.79,753.0,295.73,6.0,295.82,469.0,295.85,213.0
1753617194265,11:53:14.265,gateio,AAVE/USDT:USDT,295.79,753.0,295.73,6.0,295.82,469.0,295.85,213.0
1753617194306,11:53:14.306,gateio,AAVE/USDT:USDT,295.79,753.0,295.73,6.0,295.82,469.0,295.85,213.0
1753617194457,11:53:14.457,gateio,AAVE/USDT:USDT,295.79,753.0,295.75,119.0,295.82,469.0,295.85,213.0
1753617194698,11:53:14.698,gateio,AAVE/USDT:USDT,295.79,753.0,295.75,119.0,295.82,469.0,295.85,213.0
1753617194779,11:53:14.779,gateio,AAVE/USDT:USDT,295.79,753.0,295.77,93.0,295.82,469.0,295.85,213.0
1753617195228,11:53:15.228,gateio,AAVE/USDT:USDT,295.79,753.0,295.75,119.0,295.82,469.0,295.85,94.0
1753617195300,11:53:15.300,gateio,AAVE/USDT:USDT,295.79,753.0,295.75,119.0,295.82,469.0,295.85,94.0
1753617195461,11:53:15.461,gateio,AAVE/USDT:USDT,295.79,753.0,295.78,125.0,295.86,93.0,295.87,93.0
1753617195599,11:53:15.599,gateio,AAVE/USDT:USDT,295.8,1.0,295.79,753.0,295.84,151.0,295.85,503.0
1753617195695,11:53:15.695,gateio,AAVE/USDT:USDT,295.8,1.0,295.79,753.0,295.84,151.0,295.85,503.0
1753617195765,11:53:15.765,gateio,AAVE/USDT:USDT,295.8,1.0,295.79,753.0,295.83,421.0,295.86,93.0
1753617195805,11:53:15.805,gateio,AAVE/USDT:USDT,295.79,753.0,295.78,119.0,295.83,421.0,295.86,93.0
1753617195948,11:53:15.948,gateio,AAVE/USDT:USDT,295.79,753.0,295.78,119.0,295.83,421.0,295.86,93.0
1753617196196,11:53:16.196,gateio,AAVE/USDT:USDT,295.79,753.0,295.78,119.0,295.83,421.0,295.86,93.0
1753617196253,11:53:16.253,gateio,AAVE/USDT:USDT,295.79,753.0,295.77,93.0,295.83,421.0,295.86,93.0
1753617196382,11:53:16.382,gateio,AAVE/USDT:USDT,295.79,753.0,295.77,93.0,295.85,119.0,295.86,212.0
1753617196491,11:53:16.491,gateio,AAVE/USDT:USDT,295.8,1.0,295.79,778.0,295.86,428.0,295.87,186.0
1753617196586,11:53:16.586,gateio,AAVE/USDT:USDT,295.8,1.0,295.79,753.0,295.83,133.0,295.84,443.0
1753617196641,11:53:16.641,gateio,AAVE/USDT:USDT,295.79,753.0,295.77,93.0,295.83,133.0,295.84,443.0
1753617196766,11:53:16.766,gateio,AAVE/USDT:USDT,295.79,753.0,295.77,166.0,295.83,133.0,295.84,443.0
1753617196821,11:53:16.821,gateio,AAVE/USDT:USDT,295.79,753.0,295.77,166.0,295.83,133.0,295.84,443.0
1753617196997,11:53:16.997,gateio,AAVE/USDT:USDT,295.81,118.0,295.8,687.0,295.89,98.0,295.9,75.0
1753617197089,11:53:17.089,gateio,AAVE/USDT:USDT,295.83,784.0,295.82,1.0,295.87,500.0,295.88,93.0
1753617197195,11:53:17.195,gateio,AAVE/USDT:USDT,295.83,878.0,295.82,145.0,295.87,500.0,295.89,5.0
1753617197282,11:53:17.282,gateio,AAVE/USDT:USDT,295.83,878.0,295.82,145.0,295.87,500.0,295.89,98.0
1753617197488,11:53:17.488,gateio,AAVE/USDT:USDT,295.83,903.0,295.82,145.0,295.89,5.0,295.91,680.0
1753617197596,11:53:17.596,gateio,AAVE/USDT:USDT,295.84,1.0,295.83,903.0,295.89,5.0,295.91,680.0
1753617197683,11:53:17.683,gateio,AAVE/USDT:USDT,295.85,837.0,295.84,1.0,295.89,138.0,295.9,444.0
1753617197761,11:53:17.761,gateio,AAVE/USDT:USDT,295.85,837.0,295.83,119.0,295.88,441.0,295.89,5.0
1753617197993,11:53:17.993,gateio,AAVE/USDT:USDT,295.85,837.0,295.83,212.0,295.88,441.0,295.89,5.0
1753617198088,11:53:18.088,gateio,AAVE/USDT:USDT,295.85,837.0,295.83,119.0,295.89,98.0,295.91,680.0
1753617198141,11:53:18.141,gateio,AAVE/USDT:USDT,295.85,837.0,295.83,119.0,295.88,157.0,295.89,524.0
1753617198322,11:53:18.322,gateio,AAVE/USDT:USDT,295.85,837.0,295.81,93.0,295.88,157.0,295.89,524.0
1753617198491,11:53:18.491,gateio,AAVE/USDT:USDT,295.85,837.0,295.81,212.0,295.88,157.0,295.89,524.0
1753617198517,11:53:18.517,gateio,AAVE/USDT:USDT,295.85,837.0,295.81,212.0,295.88,157.0,295.89,524.0
1753617198766,11:53:18.766,gateio,AAVE/USDT:USDT,295.85,837.0,295.81,212.0,295.88,157.0,295.89,524.0
1753617199196,11:53:19.196,gateio,AAVE/USDT:USDT,295.85,931.0,295.84,144.0,295.89,5.0,295.92,1667.0
1753617199278,11:53:19.278,gateio,AAVE/USDT:USDT,295.87,780.0,295.86,312.0,295.89,5.0,295.91,497.0
1753617199362,11:53:19.362,gateio,AAVE/USDT:USDT,295.85,94.0,295.84,215.0,295.89,5.0,295.9,242.0
1753617199481,11:53:19.481,gateio,AAVE/USDT:USDT,295.85,812.0,295.83,125.0,295.89,496.0,295.9,93.0
1753617199582,11:53:19.582,gateio,AAVE/USDT:USDT,295.85,812.0,295.83,125.0,295.88,93.0,295.89,496.0
1753617199656,11:53:19.656,gateio,AAVE/USDT:USDT,295.85,812.0,295.83,125.0,295.88,93.0,295.89,496.0
1753617199744,11:53:19.744,gateio,AAVE/USDT:USDT,295.85,812.0,295.83,125.0,295.89,496.0,295.9,93.0
1753617199804,11:53:19.804,gateio,AAVE/USDT:USDT,295.85,812.0,295.83,125.0,295.89,496.0,295.9,93.0
1753617199993,11:53:19.993,gateio,AAVE/USDT:USDT,295.8,125.0,295.79,6.0,295.87,93.0,295.88,210.0
1753617200096,11:53:20.096,gateio,AAVE/USDT:USDT,295.82,314.0,295.81,738.0,295.88,73.0,295.89,223.0
1753617200183,11:53:20.183,gateio,AAVE/USDT:USDT,295.84,25.0,295.83,1.0,295.89,5.0,295.93,129.0
1753617200284,11:53:20.284,gateio,AAVE/USDT:USDT,295.85,779.0,295.84,25.0,295.89,57.0,295.95,94.0
1753617200372,11:53:20.372,gateio,AAVE/USDT:USDT,295.86,25.0,295.85,779.0,295.89,57.0,295.95,198.0
1753617200408,11:53:20.408,gateio,AAVE/USDT:USDT,295.86,25.0,295.85,779.0,295.89,57.0,295.94,104.0
1753617200581,11:53:20.581,gateio,AAVE/USDT:USDT,295.85,804.0,295.82,293.0,295.89,5.0,295.93,68.0
1753617200689,11:53:20.689,gateio,AAVE/USDT:USDT,295.85,804.0,295.82,293.0,295.89,5.0,295.9,48.0
1753617200993,11:53:20.993,gateio,AAVE/USDT:USDT,295.87,787.0,295.86,93.0,295.89,5.0,295.93,68.0
1753617201090,11:53:21.090,gateio,AAVE/USDT:USDT,295.88,118.0,295.87,888.0,295.89,5.0,295.92,46.0
1753617201196,11:53:21.196,gateio,AAVE/USDT:USDT,295.89,93.0,295.88,25.0,295.97,224.0,295.98,528.0
1753617201284,11:53:21.284,gateio,AAVE/USDT:USDT,295.91,877.0,295.9,1.0,295.96,51.0,295.97,199.0
1753617201364,11:53:21.364,gateio,AAVE/USDT:USDT,295.91,877.0,295.89,99.0,295.96,51.0,295.97,199.0
1753617201472,11:53:21.472,gateio,AAVE/USDT:USDT,295.91,877.0,295.89,99.0,295.96,51.0,295.97,199.0
1753617201501,11:53:21.501,gateio,AAVE/USDT:USDT,295.91,877.0,295.89,99.0,295.96,51.0,295.97,199.0
1753617201651,11:53:21.651,gateio,AAVE/USDT:USDT,295.91,877.0,295.89,99.0,295.96,144.0,295.97,199.0
1753617201798,11:53:21.798,gateio,AAVE/USDT:USDT,295.89,6.0,295.86,118.0,295.95,118.0,295.96,144.0
1753617201881,11:53:21.881,gateio,AAVE/USDT:USDT,295.89,6.0,295.87,1.0,295.95,118.0,295.96,51.0
1753617201969,11:53:21.969,gateio,AAVE/USDT:USDT,295.9,826.0,295.89,6.0,295.94,47.0,295.97,199.0
1753617202006,11:53:22.006,gateio,AAVE/USDT:USDT,295.9,826.0,295.89,6.0,295.94,47.0,295.97,199.0
1753617202181,11:53:22.181,gateio,AAVE/USDT:USDT,295.9,826.0,295.89,6.0,295.94,47.0,295.97,193.0
1753617202202,11:53:22.202,gateio,AAVE/USDT:USDT,295.9,826.0,295.89,6.0,295.94,47.0,295.97,193.0
1753617202372,11:53:22.372,gateio,AAVE/USDT:USDT,295.9,826.0,295.89,6.0,295.94,47.0,295.97,193.0
1753617202426,11:53:22.426,gateio,AAVE/USDT:USDT,295.9,826.0,295.89,6.0,295.94,47.0,295.97,193.0
1753617202630,11:53:22.630,gateio,AAVE/USDT:USDT,295.9,826.0,295.89,6.0,295.94,47.0,295.97,193.0
1753617202789,11:53:22.789,gateio,AAVE/USDT:USDT,295.9,826.0,295.89,6.0,295.94,47.0,295.97,193.0
1753617202881,11:53:22.881,gateio,AAVE/USDT:USDT,295.86,6.0,295.84,25.0,295.93,204.0,295.94,384.0
1753617202972,11:53:22.972,gateio,AAVE/USDT:USDT,295.87,724.0,295.86,99.0,295.92,44.0,295.93,86.0
1753617203048,11:53:23.048,gateio,AAVE/USDT:USDT,295.87,724.0,295.86,99.0,295.92,44.0,295.94,119.0
1753617203286,11:53:23.286,gateio,AAVE/USDT:USDT,295.87,724.0,295.86,99.0,295.92,44.0,295.94,119.0
1753617203390,11:53:23.390,gateio,AAVE/USDT:USDT,295.89,822.0,295.88,93.0,295.92,44.0,295.97,264.0
1753617203464,11:53:23.464,gateio,AAVE/USDT:USDT,295.89,828.0,295.88,93.0,295.96,93.0,295.97,125.0
1753617203539,11:53:23.539,gateio,AAVE/USDT:USDT,295.9,1.0,295.89,828.0,295.95,140.0,295.97,125.0
1753617203782,11:53:23.782,gateio,AAVE/USDT:USDT,295.9,1.0,295.89,828.0,295.95,140.0,295.96,119.0
1753617203877,11:53:23.877,gateio,AAVE/USDT:USDT,295.9,1.0,295.89,828.0,295.93,50.0,295.96,285.0
1753617203981,11:53:23.981,gateio,AAVE/USDT:USDT,295.89,828.0,295.86,93.0,295.93,144.0,295.96,285.0
1753617204061,11:53:24.061,gateio,AAVE/USDT:USDT,295.89,828.0,295.86,93.0,295.93,144.0,295.94,119.0
1753617204111,11:53:24.111,gateio,AAVE/USDT:USDT,295.89,828.0,295.86,93.0,295.93,50.0,295.94,119.0
1753617204281,11:53:24.281,gateio,AAVE/USDT:USDT,295.89,828.0,295.86,93.0,295.93,144.0,295.94,119.0
1753617204672,11:53:24.672,gateio,AAVE/USDT:USDT,295.89,828.0,295.86,93.0,295.93,50.0,295.94,119.0
1753617204786,11:53:24.786,gateio,AAVE/USDT:USDT,295.89,828.0,295.86,93.0,295.93,50.0,295.94,119.0
1753617204899,11:53:24.899,gateio,AAVE/USDT:USDT,295.89,828.0,295.86,93.0,295.93,50.0,295.94,119.0
1753617204981,11:53:24.981,gateio,AAVE/USDT:USDT,295.89,828.0,295.86,93.0,295.93,50.0,295.96,93.0
1753617205096,11:53:25.096,gateio,AAVE/USDT:USDT,295.89,828.0,295.88,119.0,295.93,50.0,295.96,93.0
1753617205101,11:53:25.101,gateio,AAVE/USDT:USDT,295.89,828.0,295.88,119.0,295.93,50.0,295.96,93.0
1753617205281,11:53:25.281,gateio,AAVE/USDT:USDT,295.89,828.0,295.88,238.0,295.96,94.0,295.97,125.0
1753617205384,11:53:25.384,gateio,AAVE/USDT:USDT,295.91,703.0,295.9,1.0,295.95,52.0,295.97,194.0
1753617205499,11:53:25.499,gateio,AAVE/USDT:USDT,295.91,703.0,295.89,100.0,295.97,194.0,295.98,647.0
1753617205598,11:53:25.598,gateio,AAVE/USDT:USDT,295.92,1.0,295.91,703.0,295.97,100.0,295.98,647.0
1753617205692,11:53:25.692,gateio,AAVE/USDT:USDT,295.93,730.0,295.92,1.0,295.97,100.0,295.98,578.0
1753617205788,11:53:25.788,gateio,AAVE/USDT:USDT,295.93,730.0,295.89,100.0,295.96,55.0,295.97,100.0
1753617205988,11:53:25.988,gateio,AAVE/USDT:USDT,295.93,730.0,295.89,100.0,295.98,528.0,295.99,1666.0
1753617206097,11:53:26.097,gateio,AAVE/USDT:USDT,295.93,730.0,295.89,171.0,295.98,577.0,295.99,1666.0
1753617206181,11:53:26.181,gateio,AAVE/USDT:USDT,295.93,730.0,295.89,171.0,295.98,577.0,295.99,1666.0
1753617206293,11:53:26.293,gateio,AAVE/USDT:USDT,295.93,730.0,295.89,171.0,295.98,577.0,295.99,1666.0
1753617206392,11:53:26.392,gateio,AAVE/USDT:USDT,295.93,755.0,295.89,171.0,295.98,49.0,296.0,117.0
1753617206489,11:53:26.489,gateio,AAVE/USDT:USDT,295.94,119.0,295.93,730.0,296.0,23.0,296.02,101.0
1753617206588,11:53:26.588,gateio,AAVE/USDT:USDT,295.96,917.0,295.95,263.0,296.0,23.0,296.01,53.0
1753617206669,11:53:26.669,gateio,AAVE/USDT:USDT,295.96,917.0,295.95,262.0,296.0,23.0,296.01,53.0
1753617206796,11:53:26.796,gateio,AAVE/USDT:USDT,295.96,917.0,295.95,262.0,296.0,23.0,296.04,95.0
1753617206882,11:53:26.882,gateio,AAVE/USDT:USDT,295.98,737.0,295.97,94.0,296.0,23.0,296.05,153.0
1753617206981,11:53:26.981,gateio,AAVE/USDT:USDT,295.98,737.0,295.97,94.0,296.0,23.0,296.05,153.0
1753617207054,11:53:27.054,gateio,AAVE/USDT:USDT,295.98,737.0,295.97,94.0,296.0,23.0,296.05,153.0
1753617207174,11:53:27.174,gateio,AAVE/USDT:USDT,295.98,737.0,295.97,94.0,296.0,23.0,296.05,153.0
1753617207227,11:53:27.227,gateio,AAVE/USDT:USDT,295.98,737.0,295.97,94.0,296.0,23.0,296.03,55.0
1753617207339,11:53:27.339,gateio,AAVE/USDT:USDT,295.98,737.0,295.97,94.0,296.0,23.0,296.03,55.0
1753617207401,11:53:27.401,gateio,AAVE/USDT:USDT,295.98,737.0,295.97,94.0,296.0,23.0,296.03,55.0
1753617207501,11:53:27.501,gateio,AAVE/USDT:USDT,295.98,737.0,295.97,94.0,296.0,23.0,296.03,55.0
1753617207682,11:53:27.682,gateio,AAVE/USDT:USDT,295.98,737.0,295.96,213.0,296.0,23.0,296.03,55.0
1753617207741,11:53:27.741,gateio,AAVE/USDT:USDT,295.98,737.0,295.96,213.0,296.0,23.0,296.03,55.0
1753617207897,11:53:27.897,gateio,AAVE/USDT:USDT,296.0,193.0,295.99,380.0,296.07,592.0,296.08,1718.0
1753617207998,11:53:27.998,gateio,AAVE/USDT:USDT,296.01,809.0,295.99,106.0,296.05,139.0,296.07,592.0
1753617208061,11:53:28.061,gateio,AAVE/USDT:USDT,296.01,808.0,295.99,106.0,296.05,139.0,296.07,592.0
1753617208102,11:53:28.102,gateio,AAVE/USDT:USDT,296.01,808.0,295.99,106.0,296.05,139.0,296.07,592.0
1753617208582,11:53:28.582,gateio,AAVE/USDT:USDT,296.01,808.0,295.99,106.0,296.04,94.0,296.05,45.0
1753617208681,11:53:28.681,gateio,AAVE/USDT:USDT,296.01,808.0,295.99,106.0,296.04,94.0,296.05,45.0
1753617208703,11:53:28.703,gateio,AAVE/USDT:USDT,296.01,808.0,295.99,106.0,296.04,94.0,296.05,45.0
1753617208886,11:53:28.886,gateio,AAVE/USDT:USDT,296.01,808.0,295.99,6.0,296.03,52.0,296.06,287.0
1753617208996,11:53:28.996,gateio,AAVE/USDT:USDT,296.01,808.0,295.99,6.0,296.03,52.0,296.06,287.0
1753617209095,11:53:29.095,gateio,AAVE/USDT:USDT,296.01,808.0,295.99,6.0,296.06,287.0,296.07,803.0
1753617209181,11:53:29.181,gateio,AAVE/USDT:USDT,296.01,808.0,296.0,117.0,296.05,149.0,296.06,100.0
1753617209243,11:53:29.243,gateio,AAVE/USDT:USDT,296.01,808.0,296.0,117.0,296.05,149.0,296.06,100.0
1753617209322,11:53:29.322,gateio,AAVE/USDT:USDT,296.01,808.0,296.0,117.0,296.05,149.0,296.06,100.0
1753617209617,11:53:29.617,gateio,AAVE/USDT:USDT,296.01,808.0,296.0,117.0,296.05,149.0,296.06,100.0
1753617209895,11:53:29.895,gateio,AAVE/USDT:USDT,296.01,808.0,296.0,117.0,296.07,23.0,296.08,1718.0
1753617209992,11:53:29.992,gateio,AAVE/USDT:USDT,296.03,857.0,296.02,1.0,296.07,554.0,296.08,1770.0
1753617210097,11:53:30.097,gateio,AAVE/USDT:USDT,296.03,857.0,296.02,234.0,296.07,23.0,296.08,105.0
1753617210188,11:53:30.188,gateio,AAVE/USDT:USDT,296.03,857.0,296.02,234.0,296.07,23.0,296.08,105.0
1753617210262,11:53:30.262,gateio,AAVE/USDT:USDT,296.03,857.0,296.02,234.0,296.07,117.0,296.08,105.0
1753617210332,11:53:30.332,gateio,AAVE/USDT:USDT,296.03,857.0,296.02,234.0,296.07,23.0,296.08,105.0
1753617210401,11:53:30.401,gateio,AAVE/USDT:USDT,296.03,857.0,296.02,234.0,296.07,23.0,296.08,105.0
1753617210595,11:53:30.595,gateio,AAVE/USDT:USDT,296.03,857.0,296.02,234.0,296.07,23.0,296.08,105.0
1753617210618,11:53:30.618,gateio,AAVE/USDT:USDT,296.03,857.0,296.02,234.0,296.07,23.0,296.08,105.0
1753617210727,11:53:30.727,gateio,AAVE/USDT:USDT,296.03,857.0,296.02,234.0,296.07,23.0,296.08,105.0
1753617210830,11:53:30.830,gateio,AAVE/USDT:USDT,296.03,857.0,296.02,234.0,296.07,23.0,296.08,105.0
1753617210991,11:53:30.991,gateio,AAVE/USDT:USDT,296.03,857.0,296.02,234.0,296.07,23.0,296.08,53.0
1753617211087,11:53:31.087,gateio,AAVE/USDT:USDT,296.03,857.0,296.02,234.0,296.07,72.0,296.08,53.0
1753617211185,11:53:31.185,gateio,AAVE/USDT:USDT,296.03,857.0,296.02,234.0,296.07,23.0,296.08,53.0
1753617211243,11:53:31.243,gateio,AAVE/USDT:USDT,296.03,857.0,296.02,234.0,296.07,23.0,296.08,53.0
1753617211369,11:53:31.369,gateio,AAVE/USDT:USDT,296.03,882.0,296.02,234.0,296.07,23.0,296.08,53.0
1753617211420,11:53:31.420,gateio,AAVE/USDT:USDT,296.03,882.0,296.02,234.0,296.07,23.0,296.08,53.0
1753617211695,11:53:31.695,gateio,AAVE/USDT:USDT,296.04,94.0,296.03,882.0,296.07,23.0,296.08,53.0
1753617211796,11:53:31.796,gateio,AAVE/USDT:USDT,296.05,802.0,296.04,25.0,296.07,23.0,296.08,53.0
1753617211881,11:53:31.881,gateio,AAVE/USDT:USDT,296.05,827.0,296.03,195.0,296.07,23.0,296.08,53.0
1753617211994,11:53:31.994,gateio,AAVE/USDT:USDT,296.05,827.0,296.03,195.0,296.07,23.0,296.08,53.0
1753617212081,11:53:32.081,gateio,AAVE/USDT:USDT,296.05,827.0,296.03,195.0,296.07,23.0,296.08,53.0
1753617212193,11:53:32.193,gateio,AAVE/USDT:USDT,296.07,741.0,296.06,241.0,296.09,10.0,296.12,52.0
1753617212289,11:53:32.289,gateio,AAVE/USDT:USDT,296.08,25.0,296.07,741.0,296.15,99.0,296.18,161.0
1753617212396,11:53:32.396,gateio,AAVE/USDT:USDT,296.09,703.0,296.08,6.0,296.13,142.0,296.14,100.0
1753617212449,11:53:32.449,gateio,AAVE/USDT:USDT,296.09,703.0,296.08,6.0,296.13,142.0,296.14,100.0
1753617212583,11:53:32.583,gateio,AAVE/USDT:USDT,296.09,703.0,296.08,6.0,296.13,142.0,296.14,100.0
1753617212694,11:53:32.694,gateio,AAVE/USDT:USDT,296.09,703.0,296.08,7.0,296.13,48.0,296.14,100.0
1753617212782,11:53:32.782,gateio,AAVE/USDT:USDT,296.09,703.0,296.08,6.0,296.13,48.0,296.14,100.0
1753617212869,11:53:32.869,gateio,AAVE/USDT:USDT,296.09,703.0,296.08,6.0,296.14,100.0,296.15,99.0
1753617212970,11:53:32.970,gateio,AAVE/USDT:USDT,296.09,703.0,296.08,6.0,296.14,147.0,296.15,99.0
1753617213046,11:53:33.046,gateio,AAVE/USDT:USDT,296.09,728.0,296.08,6.0,296.14,100.0,296.15,5.0
1753617213194,11:53:33.194,gateio,AAVE/USDT:USDT,296.09,728.0,296.08,6.0,296.14,194.0,296.15,50.0
1753617213299,11:53:33.299,gateio,AAVE/USDT:USDT,296.09,728.0,296.08,6.0,296.14,194.0,296.15,50.0
1753617213366,11:53:33.366,gateio,AAVE/USDT:USDT,296.09,728.0,296.08,6.0,296.14,194.0,296.15,50.0
1753617213490,11:53:33.490,gateio,AAVE/USDT:USDT,296.09,703.0,296.08,6.0,296.13,94.0,296.14,194.0
1753617213546,11:53:33.546,gateio,AAVE/USDT:USDT,296.09,703.0,296.08,6.0,296.13,139.0,296.14,100.0
1753617213735,11:53:33.735,gateio,AAVE/USDT:USDT,296.09,703.0,296.08,6.0,296.13,45.0,296.14,100.0
1753617213831,11:53:33.831,gateio,AAVE/USDT:USDT,296.09,703.0,296.08,6.0,296.13,139.0,296.14,100.0
1753617214076,11:53:34.076,gateio,AAVE/USDT:USDT,296.09,703.0,296.08,6.0,296.13,45.0,296.14,100.0
1753617214366,11:53:34.366,gateio,AAVE/USDT:USDT,296.09,703.0,296.08,6.0,296.13,45.0,296.14,100.0
1753617214426,11:53:34.426,gateio,AAVE/USDT:USDT,296.09,703.0,296.08,6.0,296.13,45.0,296.14,100.0
1753617214501,11:53:34.501,gateio,AAVE/USDT:USDT,296.09,703.0,296.08,6.0,296.13,45.0,296.14,100.0
1753617214698,11:53:34.698,gateio,AAVE/USDT:USDT,296.09,703.0,296.08,6.0,296.13,45.0,296.14,100.0
1753617214766,11:53:34.766,gateio,AAVE/USDT:USDT,296.09,703.0,296.08,6.0,296.13,45.0,296.14,100.0
1753617214837,11:53:34.837,gateio,AAVE/USDT:USDT,296.09,703.0,296.08,6.0,296.13,45.0,296.14,100.0
1753617215183,11:53:35.183,gateio,AAVE/USDT:USDT,296.09,703.0,296.08,6.0,296.14,100.0,296.15,5.0
1753617215261,11:53:35.261,gateio,AAVE/USDT:USDT,296.09,703.0,296.08,6.0,296.14,100.0,296.15,54.0
1753617215332,11:53:35.332,gateio,AAVE/USDT:USDT,296.09,703.0,296.08,6.0,296.14,100.0,296.15,54.0
1753617215402,11:53:35.402,gateio,AAVE/USDT:USDT,296.09,703.0,296.08,6.0,296.14,100.0,296.15,54.0
1753617215598,11:53:35.598,gateio,AAVE/USDT:USDT,296.09,703.0,296.08,6.0,296.14,100.0,296.15,54.0
1753617215613,11:53:35.613,gateio,AAVE/USDT:USDT,296.09,703.0,296.08,6.0,296.14,100.0,296.15,54.0
1753617215771,11:53:35.771,gateio,AAVE/USDT:USDT,296.09,703.0,296.08,6.0,296.13,147.0,296.14,100.0
1753617216018,11:53:36.018,gateio,AAVE/USDT:USDT,296.09,703.0,296.08,6.0,296.13,147.0,296.14,100.0
1753617216226,11:53:36.226,gateio,AAVE/USDT:USDT,296.09,703.0,296.08,6.0,296.13,147.0,296.14,100.0
1753617216398,11:53:36.398,gateio,AAVE/USDT:USDT,296.09,703.0,296.08,6.0,296.14,93.0,296.15,98.0
1753617216432,11:53:36.432,gateio,AAVE/USDT:USDT,296.09,703.0,296.08,6.0,296.14,93.0,296.15,153.0
1753617216507,11:53:36.507,gateio,AAVE/USDT:USDT,296.09,703.0,296.08,6.0,296.14,93.0,296.15,60.0
1753617216692,11:53:36.692,gateio,AAVE/USDT:USDT,296.09,703.0,296.08,6.0,296.13,55.0,296.14,93.0
1753617216701,11:53:36.701,gateio,AAVE/USDT:USDT,296.09,703.0,296.08,6.0,296.13,148.0,296.15,5.0
1753617216842,11:53:36.842,gateio,AAVE/USDT:USDT,296.09,703.0,296.08,6.0,296.13,148.0,296.15,5.0
1753617217010,11:53:37.010,gateio,AAVE/USDT:USDT,296.09,703.0,296.08,6.0,296.13,148.0,296.15,5.0
1753617217102,11:53:37.102,gateio,AAVE/USDT:USDT,296.09,703.0,296.08,6.0,296.13,148.0,296.15,5.0
1753617217281,11:53:37.281,gateio,AAVE/USDT:USDT,296.09,703.0,296.08,6.0,296.13,148.0,296.15,5.0
1753617217378,11:53:37.378,gateio,AAVE/USDT:USDT,296.09,703.0,296.08,6.0,296.13,148.0,296.15,5.0
1753617217453,11:53:37.453,gateio,AAVE/USDT:USDT,296.09,728.0,296.08,6.0,296.15,98.0,296.17,244.0
1753617217589,11:53:37.589,gateio,AAVE/USDT:USDT,296.11,767.0,296.1,1.0,296.15,147.0,296.17,244.0
1753617217691,11:53:37.691,gateio,AAVE/USDT:USDT,296.11,767.0,296.09,25.0,296.15,147.0,296.17,244.0
1753617217804,11:53:37.804,gateio,AAVE/USDT:USDT,296.11,767.0,296.09,25.0,296.14,93.0,296.15,54.0
1753617218095,11:53:38.095,gateio,AAVE/USDT:USDT,296.11,767.0,296.09,25.0,296.15,98.0,296.17,192.0
1753617218184,11:53:38.184,gateio,AAVE/USDT:USDT,296.11,767.0,296.09,25.0,296.15,98.0,296.16,45.0
1753617218205,11:53:38.205,gateio,AAVE/USDT:USDT,296.11,767.0,296.09,25.0,296.15,98.0,296.16,45.0
1753617218356,11:53:38.356,gateio,AAVE/USDT:USDT,296.11,767.0,296.09,25.0,296.14,93.0,296.15,5.0
1753617218466,11:53:38.466,gateio,AAVE/USDT:USDT,296.11,767.0,296.09,25.0,296.15,5.0,296.16,45.0
1753617218583,11:53:38.583,gateio,AAVE/USDT:USDT,296.11,767.0,296.1,113.0,296.15,5.0,296.16,45.0
1753617218620,11:53:38.620,gateio,AAVE/USDT:USDT,296.11,792.0,296.1,113.0,296.15,5.0,296.16,45.0
1753617218841,11:53:38.841,gateio,AAVE/USDT:USDT,296.11,792.0,296.1,113.0,296.15,5.0,296.16,45.0
1753617219296,11:53:39.296,gateio,AAVE/USDT:USDT,296.11,780.0,296.1,113.0,296.15,5.0,296.16,45.0
1753617219382,11:53:39.382,gateio,AAVE/USDT:USDT,296.11,755.0,296.1,113.0,296.15,98.0,296.16,45.0
1753617219489,11:53:39.489,gateio,AAVE/USDT:USDT,296.11,755.0,296.08,6.0,296.14,159.0,296.15,5.0
1753617219587,11:53:39.587,gateio,AAVE/USDT:USDT,296.11,755.0,296.08,6.0,296.15,5.0,296.18,203.0
1753617219784,11:53:39.784,gateio,AAVE/USDT:USDT,296.11,755.0,296.08,6.0,296.15,98.0,296.16,58.0
1753617219886,11:53:39.886,gateio,AAVE/USDT:USDT,296.11,755.0,296.08,6.0,296.15,98.0,296.16,58.0
1753617219908,11:53:39.908,gateio,AAVE/USDT:USDT,296.11,755.0,296.09,93.0,296.15,5.0,296.16,58.0
1753617220035,11:53:40.035,gateio,AAVE/USDT:USDT,296.11,755.0,296.08,6.0,296.15,5.0,296.16,58.0
1753617220135,11:53:40.135,gateio,AAVE/USDT:USDT,296.11,755.0,296.09,93.0,296.15,5.0,296.16,58.0
1753617220250,11:53:40.250,gateio,AAVE/USDT:USDT,296.11,780.0,296.09,93.0,296.15,5.0,296.16,58.0
1753617220382,11:53:40.382,gateio,AAVE/USDT:USDT,296.11,780.0,296.1,6.0,296.15,5.0,296.16,58.0
1753617220497,11:53:40.497,gateio,AAVE/USDT:USDT,296.11,780.0,296.1,6.0,296.15,5.0,296.16,58.0
1753617220580,11:53:40.580,gateio,AAVE/USDT:USDT,296.11,780.0,296.1,6.0,296.15,5.0,296.16,58.0
1753617220766,11:53:40.766,gateio,AAVE/USDT:USDT,296.11,780.0,296.1,6.0,296.15,5.0,296.16,58.0
1753617221396,11:53:41.396,gateio,AAVE/USDT:USDT,296.11,780.0,296.1,6.0,296.15,5.0,296.16,58.0
1753617221421,11:53:41.421,gateio,AAVE/USDT:USDT,296.11,780.0,296.1,6.0,296.15,5.0,296.16,58.0
1753617221546,11:53:41.546,gateio,AAVE/USDT:USDT,296.11,780.0,296.1,6.0,296.15,5.0,296.16,58.0
1753617221623,11:53:41.623,gateio,AAVE/USDT:USDT,296.11,780.0,296.1,6.0,296.15,5.0,296.16,58.0
1753617221755,11:53:41.755,gateio,AAVE/USDT:USDT,296.11,780.0,296.1,6.0,296.15,5.0,296.16,58.0
1753617221991,11:53:41.991,gateio,AAVE/USDT:USDT,296.11,780.0,296.1,6.0,296.15,98.0,296.16,58.0
1753617222022,11:53:42.022,gateio,AAVE/USDT:USDT,296.11,755.0,296.1,6.0,296.15,98.0,296.16,58.0
1753617222101,11:53:42.101,gateio,AAVE/USDT:USDT,296.11,755.0,296.1,6.0,296.15,98.0,296.16,58.0
1753617222297,11:53:42.297,gateio,AAVE/USDT:USDT,296.11,755.0,296.1,6.0,296.15,5.0,296.16,58.0
1753617222595,11:53:42.595,gateio,AAVE/USDT:USDT,296.11,755.0,296.1,6.0,296.15,5.0,296.16,58.0
1753617222641,11:53:42.641,gateio,AAVE/USDT:USDT,296.11,780.0,296.1,6.0,296.15,5.0,296.16,58.0
1753617222897,11:53:42.897,gateio,AAVE/USDT:USDT,296.13,25.0,296.12,100.0,296.15,5.0,296.2,95.0
1753617222994,11:53:42.994,gateio,AAVE/USDT:USDT,296.14,751.0,296.13,25.0,296.15,5.0,296.2,95.0
1753617223068,11:53:43.068,gateio,AAVE/USDT:USDT,296.14,751.0,296.13,25.0,296.15,5.0,296.2,154.0
1753617223398,11:53:43.398,gateio,AAVE/USDT:USDT,296.15,114.0,296.14,859.0,296.22,94.0,296.24,208.0
1753617223486,11:53:43.486,gateio,AAVE/USDT:USDT,296.16,847.0,296.15,115.0,296.2,93.0,296.21,66.0
1753617223599,11:53:43.599,gateio,AAVE/USDT:USDT,296.16,847.0,296.15,114.0,296.22,94.0,296.24,100.0
1753617223697,11:53:43.697,gateio,AAVE/USDT:USDT,296.18,805.0,296.17,1.0,296.22,94.0,296.24,100.0
1753617223712,11:53:43.712,gateio,AAVE/USDT:USDT,296.18,805.0,296.15,114.0,296.22,150.0,296.24,100.0
1753617223896,11:53:43.896,gateio,AAVE/USDT:USDT,296.18,805.0,296.15,6.0,296.22,56.0,296.24,100.0
1753617223902,11:53:43.902,gateio,AAVE/USDT:USDT,296.18,805.0,296.15,6.0,296.22,56.0,296.24,100.0
1753617224085,11:53:44.085,gateio,AAVE/USDT:USDT,296.18,805.0,296.15,6.0,296.22,153.0,296.24,100.0
1753617224101,11:53:44.101,gateio,AAVE/USDT:USDT,296.18,805.0,296.15,6.0,296.22,153.0,296.24,100.0
1753617224252,11:53:44.252,gateio,AAVE/USDT:USDT,296.18,805.0,296.15,6.0,296.22,153.0,296.24,100.0
1753617224393,11:53:44.393,gateio,AAVE/USDT:USDT,296.18,805.0,296.15,6.0,296.21,97.0,296.22,56.0
1753617224462,11:53:44.462,gateio,AAVE/USDT:USDT,296.18,805.0,296.15,6.0,296.21,97.0,296.22,56.0
1753617224589,11:53:44.589,gateio,AAVE/USDT:USDT,296.18,805.0,296.15,6.0,296.22,56.0,296.24,100.0
1753617224617,11:53:44.617,gateio,AAVE/USDT:USDT,296.18,805.0,296.16,108.0,296.22,153.0,296.24,100.0
1753617224865,11:53:44.865,gateio,AAVE/USDT:USDT,296.18,805.0,296.16,108.0,296.22,97.0,296.24,100.0
1753617224957,11:53:44.957,gateio,AAVE/USDT:USDT,296.18,805.0,296.16,108.0,296.22,97.0,296.24,163.0
1753617225047,11:53:45.047,gateio,AAVE/USDT:USDT,296.18,805.0,296.16,108.0,296.22,161.0,296.24,100.0
1753617225129,11:53:45.129,gateio,AAVE/USDT:USDT,296.18,805.0,296.16,108.0,296.22,161.0,296.24,100.0
1753617225267,11:53:45.267,gateio,AAVE/USDT:USDT,296.18,805.0,296.16,108.0,296.21,97.0,296.22,64.0
1753617225470,11:53:45.470,gateio,AAVE/USDT:USDT,296.18,805.0,296.15,6.0,296.21,97.0,296.22,64.0
1753617225502,11:53:45.502,gateio,AAVE/USDT:USDT,296.18,805.0,296.15,6.0,296.21,97.0,296.22,64.0
1753617225695,11:53:45.695,gateio,AAVE/USDT:USDT,296.15,6.0,296.13,25.0,296.2,61.0,296.21,97.0
1753617225798,11:53:45.798,gateio,AAVE/USDT:USDT,296.12,825.0,296.11,31.0,296.18,62.0,296.19,97.0
1753617225896,11:53:45.896,gateio,AAVE/USDT:USDT,296.14,763.0,296.13,1.0,296.18,62.0,296.21,205.0
1753617225946,11:53:45.946,gateio,AAVE/USDT:USDT,296.14,763.0,296.12,108.0,296.18,62.0,296.21,205.0
1753617226002,11:53:46.002,gateio,AAVE/USDT:USDT,296.14,763.0,296.12,108.0,296.18,62.0,296.21,205.0
1753617226388,11:53:46.388,gateio,AAVE/USDT:USDT,296.14,763.0,296.12,108.0,296.18,159.0,296.21,205.0
1753617226427,11:53:46.427,gateio,AAVE/USDT:USDT,296.14,763.0,296.12,108.0,296.18,159.0,296.21,205.0
1753617226586,11:53:46.586,gateio,AAVE/USDT:USDT,296.14,763.0,296.12,205.0,296.18,62.0,296.21,205.0
1753617226786,11:53:46.786,gateio,AAVE/USDT:USDT,296.14,763.0,296.12,205.0,296.18,62.0,296.21,205.0
1753617226844,11:53:46.844,gateio,AAVE/USDT:USDT,296.14,763.0,296.12,205.0,296.18,62.0,296.21,205.0
1753617226921,11:53:46.921,gateio,AAVE/USDT:USDT,296.14,763.0,296.12,205.0,296.18,62.0,296.21,97.0
1753617227079,11:53:47.079,gateio,AAVE/USDT:USDT,296.14,763.0,296.12,205.0,296.21,97.0,296.23,100.0
1753617227184,11:53:47.184,gateio,AAVE/USDT:USDT,296.16,885.0,296.15,231.0,296.22,67.0,296.23,100.0
1753617227275,11:53:47.275,gateio,AAVE/USDT:USDT,296.18,724.0,296.17,1.0,296.22,164.0,296.23,100.0
1753617227397,11:53:47.397,gateio,AAVE/USDT:USDT,296.18,724.0,296.16,216.0,296.22,164.0,296.23,100.0
1753617227405,11:53:47.405,gateio,AAVE/USDT:USDT,296.18,724.0,296.16,216.0,296.22,164.0,296.24,100.0
1753617227581,11:53:47.581,gateio,AAVE/USDT:USDT,296.18,724.0,296.16,216.0,296.22,164.0,296.24,100.0
1753617227780,11:53:47.780,gateio,AAVE/USDT:USDT,296.18,724.0,296.16,216.0,296.22,164.0,296.24,100.0
1753617227882,11:53:47.882,gateio,AAVE/USDT:USDT,296.18,724.0,296.15,25.0,296.22,164.0,296.24,100.0
1753617227981,11:53:47.981,gateio,AAVE/USDT:USDT,296.18,730.0,296.16,97.0,296.24,197.0,296.25,500.0
1753617228048,11:53:48.048,gateio,AAVE/USDT:USDT,296.19,1.0,296.18,730.0,296.23,66.0,296.24,100.0
1753617228155,11:53:48.155,gateio,AAVE/USDT:USDT,296.19,1.0,296.18,724.0,296.21,61.0,296.22,97.0
1753617228250,11:53:48.250,gateio,AAVE/USDT:USDT,296.18,724.0,296.14,103.0,296.21,61.0,296.22,97.0
1753617228377,11:53:48.377,gateio,AAVE/USDT:USDT,296.18,730.0,296.14,97.0,296.23,97.0,296.24,100.0
1753617228464,11:53:48.464,gateio,AAVE/USDT:USDT,296.18,724.0,296.15,6.0,296.23,97.0,296.24,160.0
1753617228581,11:53:48.581,gateio,AAVE/USDT:USDT,296.18,730.0,296.14,97.0,296.24,160.0,296.25,597.0
1753617228681,11:53:48.681,gateio,AAVE/USDT:USDT,296.2,828.0,296.19,1.0,296.24,160.0,296.25,597.0
1753617228709,11:53:48.709,gateio,AAVE/USDT:USDT,296.2,828.0,296.18,6.0,296.24,160.0,296.25,597.0
1753617228898,11:53:48.898,gateio,AAVE/USDT:USDT,296.2,828.0,296.15,6.0,296.24,160.0,296.25,597.0
1753617228980,11:53:48.980,gateio,AAVE/USDT:USDT,296.2,936.0,296.19,114.0,296.25,500.0,296.26,1791.0
1753617229091,11:53:49.091,gateio,AAVE/USDT:USDT,296.2,936.0,296.19,114.0,296.25,500.0,296.26,1848.0
1753617229102,11:53:49.102,gateio,AAVE/USDT:USDT,296.2,936.0,296.19,114.0,296.25,500.0,296.26,1848.0
1753617229264,11:53:49.264,gateio,AAVE/USDT:USDT,296.2,936.0,296.19,114.0,296.25,500.0,296.26,1848.0
1753617229382,11:53:49.382,gateio,AAVE/USDT:USDT,296.2,936.0,296.19,114.0,296.25,500.0,296.26,1848.0
1753617229416,11:53:49.416,gateio,AAVE/USDT:USDT,296.2,936.0,296.19,114.0,296.25,500.0,296.26,1848.0
1753617229556,11:53:49.556,gateio,AAVE/USDT:USDT,296.2,936.0,296.19,114.0,296.24,55.0,296.25,500.0
1753617229679,11:53:49.679,gateio,AAVE/USDT:USDT,296.2,936.0,296.19,114.0,296.24,55.0,296.25,500.0
1753617229963,11:53:49.963,gateio,AAVE/USDT:USDT,296.2,936.0,296.19,114.0,296.24,55.0,296.25,500.0
1753617230001,11:53:50.001,gateio,AAVE/USDT:USDT,296.2,936.0,296.19,114.0,296.24,55.0,296.25,500.0
1753617230196,11:53:50.196,gateio,AAVE/USDT:USDT,296.2,936.0,296.19,114.0,296.25,1.0,296.26,6.0
1753617230295,11:53:50.295,gateio,AAVE/USDT:USDT,296.2,828.0,296.19,6.0,296.25,1.0,296.26,62.0
1753617230395,11:53:50.395,gateio,AAVE/USDT:USDT,296.2,828.0,296.15,6.0,296.24,65.0,296.25,98.0
1753617230449,11:53:50.449,gateio,AAVE/USDT:USDT,296.2,828.0,296.15,6.0,296.24,65.0,296.25,98.0
1753617230563,11:53:50.563,gateio,AAVE/USDT:USDT,296.2,828.0,296.15,6.0,296.23,81.0,296.24,270.0
1753617230656,11:53:50.656,gateio,AAVE/USDT:USDT,296.2,828.0,296.15,6.0,296.23,81.0,296.24,270.0
1753617230761,11:53:50.761,gateio,AAVE/USDT:USDT,296.2,828.0,296.15,6.0,296.23,81.0,296.24,270.0
1753617230892,11:53:50.892,gateio,AAVE/USDT:USDT,296.2,828.0,296.15,6.0,296.23,81.0,296.24,173.0
1753617230901,11:53:50.901,gateio,AAVE/USDT:USDT,296.2,828.0,296.15,6.0,296.24,173.0,296.25,109.0
1753617231022,11:53:51.022,gateio,AAVE/USDT:USDT,296.2,828.0,296.15,6.0,296.24,173.0,296.25,109.0
1753617231198,11:53:51.198,gateio,AAVE/USDT:USDT,296.13,128.0,296.12,313.0,296.22,56.0,296.23,97.0
1753617231285,11:53:51.285,gateio,AAVE/USDT:USDT,296.14,854.0,296.13,234.0,296.2,59.0,296.23,97.0
1753617231396,11:53:51.396,gateio,AAVE/USDT:USDT,296.16,789.0,296.15,1.0,296.2,59.0,296.23,97.0
1753617231484,11:53:51.484,gateio,AAVE/USDT:USDT,296.13,6.0,296.1,33.0,296.17,186.0,296.18,199.0
1753617231598,11:53:51.598,gateio,AAVE/USDT:USDT,296.11,757.0,296.1,14.0,296.16,56.0,296.17,97.0
1753617231661,11:53:51.661,gateio,AAVE/USDT:USDT,296.11,757.0,296.1,14.0,296.16,56.0,296.17,97.0
1753617231721,11:53:51.721,gateio,AAVE/USDT:USDT,296.11,757.0,296.1,14.0,296.16,56.0,296.17,97.0
1753617231821,11:53:51.821,gateio,AAVE/USDT:USDT,296.11,757.0,296.1,14.0,296.16,56.0,296.17,97.0
1753617231981,11:53:51.981,gateio,AAVE/USDT:USDT,296.11,757.0,296.1,14.0,296.16,153.0,296.18,199.0
1753617232094,11:53:52.094,gateio,AAVE/USDT:USDT,296.11,757.0,296.1,14.0,296.16,153.0,296.17,89.0
1753617232173,11:53:52.173,gateio,AAVE/USDT:USDT,296.11,757.0,296.1,14.0,296.16,153.0,296.17,89.0
1753617232380,11:53:52.380,gateio,AAVE/USDT:USDT,296.11,757.0,296.1,14.0,296.16,153.0,296.18,189.0
1753617232411,11:53:52.411,gateio,AAVE/USDT:USDT,296.11,757.0,296.1,14.0,296.16,153.0,296.18,189.0
1753617232579,11:53:52.579,gateio,AAVE/USDT:USDT,296.1,14.0,296.08,100.0,296.13,97.0,296.15,100.0
1753617232679,11:53:52.679,gateio,AAVE/USDT:USDT,296.1,8.0,296.07,777.0,296.11,97.0,296.12,57.0
1753617232787,11:53:52.787,gateio,AAVE/USDT:USDT,296.1,8.0,296.09,708.0,296.12,57.0,296.14,97.0
1753617232816,11:53:52.816,gateio,AAVE/USDT:USDT,296.1,8.0,296.09,708.0,296.12,57.0,296.14,97.0
1753617232902,11:53:52.902,gateio,AAVE/USDT:USDT,296.1,8.0,296.09,708.0,296.12,57.0,296.14,97.0
1753617233022,11:53:53.022,gateio,AAVE/USDT:USDT,296.1,8.0,296.09,708.0,296.12,57.0,296.14,97.0
1753617233193,11:53:53.193,gateio,AAVE/USDT:USDT,296.1,8.0,296.09,708.0,296.12,57.0,296.14,97.0
1753617233202,11:53:53.202,gateio,AAVE/USDT:USDT,296.1,8.0,296.09,708.0,296.12,57.0,296.14,97.0
1753617233349,11:53:53.349,gateio,AAVE/USDT:USDT,296.1,8.0,296.09,708.0,296.12,57.0,296.14,97.0
1753617233499,11:53:53.499,gateio,AAVE/USDT:USDT,296.1,8.0,296.09,708.0,296.14,97.0,296.15,100.0
1753617233565,11:53:53.565,gateio,AAVE/USDT:USDT,296.1,8.0,296.09,708.0,296.14,97.0,296.15,100.0
1753617233698,11:53:53.698,gateio,AAVE/USDT:USDT,296.1,8.0,296.09,708.0,296.13,64.0,296.15,97.0
1753617233799,11:53:53.799,gateio,AAVE/USDT:USDT,296.1,8.0,296.09,708.0,296.13,64.0,296.15,97.0
1753617233886,11:53:53.886,gateio,AAVE/USDT:USDT,296.1,8.0,296.09,708.0,296.11,55.0,296.12,97.0
1753617233901,11:53:53.901,gateio,AAVE/USDT:USDT,296.1,8.0,296.09,708.0,296.11,55.0,296.12,97.0
1753617234049,11:53:54.049,gateio,AAVE/USDT:USDT,296.1,8.0,296.09,708.0,296.11,55.0,296.12,97.0
1753617234150,11:53:54.150,gateio,AAVE/USDT:USDT,296.1,8.0,296.09,708.0,296.15,97.0,296.16,100.0
1753617234284,11:53:54.284,gateio,AAVE/USDT:USDT,296.1,9.0,296.09,708.0,296.13,97.0,296.14,61.0
1753617234338,11:53:54.338,gateio,AAVE/USDT:USDT,296.1,8.0,296.09,708.0,296.13,97.0,296.14,61.0
1753617234457,11:53:54.457,gateio,AAVE/USDT:USDT,296.1,8.0,296.09,708.0,296.12,56.0,296.13,97.0
1753617234673,11:53:54.673,gateio,AAVE/USDT:USDT,296.1,8.0,296.09,708.0,296.12,153.0,296.13,97.0
1753617234727,11:53:54.727,gateio,AAVE/USDT:USDT,296.1,8.0,296.09,708.0,296.12,153.0,296.13,97.0
1753617234825,11:53:54.825,gateio,AAVE/USDT:USDT,296.1,8.0,296.09,708.0,296.12,153.0,296.16,100.0
1753617234913,11:53:54.913,gateio,AAVE/USDT:USDT,296.1,8.0,296.09,708.0,296.12,153.0,296.16,100.0
1753617235022,11:53:55.022,gateio,AAVE/USDT:USDT,296.1,8.0,296.09,708.0,296.12,153.0,296.16,100.0
1753617235296,11:53:55.296,gateio,AAVE/USDT:USDT,296.1,8.0,296.08,107.0,296.11,97.0,296.12,56.0
1753617235381,11:53:55.381,gateio,AAVE/USDT:USDT,296.1,8.0,296.07,867.0,296.11,97.0,296.12,56.0
1753617235422,11:53:55.422,gateio,AAVE/USDT:USDT,296.1,8.0,296.08,1.0,296.11,97.0,296.12,56.0
1753617235596,11:53:55.596,gateio,AAVE/USDT:USDT,296.08,1.0,296.04,850.0,296.09,97.0,296.1,1058.0
1753617235683,11:53:55.683,gateio,AAVE/USDT:USDT,296.05,1.0,296.04,850.0,296.07,98.0,296.08,382.0
1753617235787,11:53:55.787,gateio,AAVE/USDT:USDT,296.04,850.0,296.02,125.0,296.07,98.0,296.08,276.0
1753617235884,11:53:55.884,gateio,AAVE/USDT:USDT,296.04,875.0,296.03,208.0,296.12,305.0,296.13,122.0
1753617235996,11:53:55.996,gateio,AAVE/USDT:USDT,296.05,1.0,296.04,850.0,296.09,58.0,296.1,97.0
1753617236022,11:53:56.022,gateio,AAVE/USDT:USDT,296.05,1.0,296.04,850.0,296.09,58.0,296.1,97.0
1753617236101,11:53:56.101,gateio,AAVE/USDT:USDT,296.05,1.0,296.04,850.0,296.09,58.0,296.1,97.0
1753617236283,11:53:56.283,gateio,AAVE/USDT:USDT,296.05,1.0,296.04,850.0,296.09,155.0,296.11,92.0
1753617236393,11:53:56.393,gateio,AAVE/USDT:USDT,296.05,1.0,296.04,850.0,296.08,109.0,296.09,363.0
1753617236469,11:53:56.469,gateio,AAVE/USDT:USDT,296.04,850.0,296.02,100.0,296.07,63.0,296.08,109.0
1753617236561,11:53:56.561,gateio,AAVE/USDT:USDT,296.04,850.0,296.02,100.0,296.07,63.0,296.08,109.0
1753617236797,11:53:56.797,gateio,AAVE/USDT:USDT,296.04,850.0,296.02,100.0,296.07,63.0,296.08,109.0
1753617237009,11:53:57.009,gateio,AAVE/USDT:USDT,296.04,850.0,296.02,100.0,296.07,63.0,296.08,109.0
1753617237101,11:53:57.101,gateio,AAVE/USDT:USDT,296.04,850.0,296.02,100.0,296.07,63.0,296.08,109.0
1753617237299,11:53:57.299,gateio,AAVE/USDT:USDT,296.04,844.0,296.0,191.0,296.07,63.0,296.08,109.0
1753617237305,11:53:57.305,gateio,AAVE/USDT:USDT,296.04,844.0,296.01,6.0,296.07,63.0,296.08,109.0
1753617237442,11:53:57.442,gateio,AAVE/USDT:USDT,296.04,844.0,296.02,97.0,296.07,63.0,296.09,97.0
1753617237557,11:53:57.557,gateio,AAVE/USDT:USDT,296.04,844.0,296.01,6.0,296.07,63.0,296.09,97.0
1753617237697,11:53:57.697,gateio,AAVE/USDT:USDT,296.01,6.0,295.96,100.0,296.05,97.0,296.06,687.0
1753617237793,11:53:57.793,gateio,AAVE/USDT:USDT,296.0,749.0,295.99,6.0,296.04,54.0,296.05,303.0
1753617237870,11:53:57.870,gateio,AAVE/USDT:USDT,296.0,749.0,295.99,6.0,296.04,54.0,296.05,303.0
1753617237925,11:53:57.925,gateio,AAVE/USDT:USDT,296.0,749.0,295.99,6.0,296.04,54.0,296.05,303.0
1753617238081,11:53:58.081,gateio,AAVE/USDT:USDT,296.0,749.0,295.99,6.0,296.04,54.0,296.05,303.0
1753617238143,11:53:58.143,gateio,AAVE/USDT:USDT,296.0,749.0,295.99,6.0,296.04,54.0,296.05,303.0
1753617238284,11:53:58.284,gateio,AAVE/USDT:USDT,296.0,749.0,295.99,6.0,296.04,54.0,296.05,303.0
1753617238365,11:53:58.365,gateio,AAVE/USDT:USDT,296.0,749.0,295.99,6.0,296.04,151.0,296.05,303.0
1753617238494,11:53:58.494,gateio,AAVE/USDT:USDT,295.99,6.0,295.96,125.0,296.04,151.0,296.05,303.0
1753617238598,11:53:58.598,gateio,AAVE/USDT:USDT,295.99,6.0,295.98,744.0,296.04,176.0,296.05,303.0
1753617238640,11:53:58.640,gateio,AAVE/USDT:USDT,295.99,7.0,295.98,744.0,296.04,151.0,296.05,303.0
1753617238997,11:53:58.997,gateio,AAVE/USDT:USDT,295.99,7.0,295.98,744.0,296.04,151.0,296.05,303.0
1753617239002,11:53:59.002,gateio,AAVE/USDT:USDT,295.99,7.0,295.98,744.0,296.04,151.0,296.05,303.0
1753617239181,11:53:59.181,gateio,AAVE/USDT:USDT,296.0,756.0,295.99,7.0,296.04,54.0,296.06,97.0
1753617239272,11:53:59.272,gateio,AAVE/USDT:USDT,296.0,756.0,295.99,110.0,296.04,54.0,296.06,97.0
1753617239376,11:53:59.376,gateio,AAVE/USDT:USDT,296.0,756.0,295.99,110.0,296.04,54.0,296.06,97.0
1753617239419,11:53:59.419,gateio,AAVE/USDT:USDT,296.0,756.0,295.99,110.0,296.04,54.0,296.06,97.0
1753617239695,11:53:59.695,gateio,AAVE/USDT:USDT,295.96,106.0,295.95,104.0,296.02,204.0,296.03,486.0
1753617239783,11:53:59.783,gateio,AAVE/USDT:USDT,295.97,793.0,295.96,6.0,296.01,61.0,296.02,107.0
1753617239881,11:53:59.881,gateio,AAVE/USDT:USDT,295.97,793.0,295.96,6.0,296.01,158.0,296.02,107.0
1753617240021,11:54:00.021,gateio,AAVE/USDT:USDT,295.97,793.0,295.96,6.0,296.01,158.0,296.02,107.0
1753617240101,11:54:00.101,gateio,AAVE/USDT:USDT,295.97,793.0,295.96,6.0,296.01,158.0,296.02,107.0
1753617240271,11:54:00.271,gateio,AAVE/USDT:USDT,295.97,793.0,295.96,6.0,296.01,158.0,296.02,107.0
1753617240321,11:54:00.321,gateio,AAVE/USDT:USDT,295.97,793.0,295.96,6.0,296.01,158.0,296.03,280.0
1753617240664,11:54:00.664,gateio,AAVE/USDT:USDT,295.97,793.0,295.96,6.0,296.01,61.0,296.03,280.0
1753617240781,11:54:00.781,gateio,AAVE/USDT:USDT,295.97,897.0,295.96,110.0,296.01,61.0,296.09,201.0
1753617240892,11:54:00.892,gateio,AAVE/USDT:USDT,295.97,922.0,295.96,110.0,296.06,122.0,296.09,201.0
1753617240982,11:54:00.982,gateio,AAVE/USDT:USDT,295.99,711.0,295.98,7.0,296.03,62.0,296.04,97.0
1753617241021,11:54:01.021,gateio,AAVE/USDT:USDT,295.99,711.0,295.98,6.0,296.03,159.0,296.08,190.0
1753617241179,11:54:01.179,gateio,AAVE/USDT:USDT,295.99,711.0,295.98,6.0,296.03,159.0,296.08,190.0
1753617241236,11:54:01.236,gateio,AAVE/USDT:USDT,295.99,711.0,295.98,6.0,296.03,159.0,296.07,104.0
1753617241348,11:54:01.348,gateio,AAVE/USDT:USDT,295.99,711.0,295.98,6.0,296.03,159.0,296.07,104.0
1753617241561,11:54:01.561,gateio,AAVE/USDT:USDT,295.99,711.0,295.95,6.0,296.01,64.0,296.02,97.0
1753617241656,11:54:01.656,gateio,AAVE/USDT:USDT,295.99,711.0,295.95,103.0,296.01,64.0,296.02,97.0
1753617241882,11:54:01.882,gateio,AAVE/USDT:USDT,295.95,6.0,295.94,125.0,296.01,161.0,296.05,196.0
1753617241991,11:54:01.991,gateio,AAVE/USDT:USDT,295.94,946.0,295.93,7.0,295.98,66.0,296.0,97.0
1753617242079,11:54:02.079,gateio,AAVE/USDT:USDT,295.94,946.0,295.93,6.0,295.98,66.0,296.0,97.0
1753617242177,11:54:02.177,gateio,AAVE/USDT:USDT,295.94,946.0,295.93,6.0,295.98,66.0,296.0,97.0
1753617242249,11:54:02.249,gateio,AAVE/USDT:USDT,295.94,946.0,295.93,6.0,295.98,66.0,296.0,97.0
1753617242491,11:54:02.491,gateio,AAVE/USDT:USDT,295.94,946.0,295.93,6.0,295.98,66.0,296.0,97.0
1753617242570,11:54:02.570,gateio,AAVE/USDT:USDT,295.94,846.0,295.93,6.0,295.98,66.0,296.0,97.0
1753617242602,11:54:02.602,gateio,AAVE/USDT:USDT,295.94,846.0,295.93,6.0,295.98,66.0,296.0,97.0
1753617242703,11:54:02.703,gateio,AAVE/USDT:USDT,295.94,846.0,295.93,6.0,295.98,66.0,296.0,97.0
1753617242883,11:54:02.883,gateio,AAVE/USDT:USDT,295.95,97.0,295.94,846.0,296.01,104.0,296.02,104.0
1753617242991,11:54:02.991,gateio,AAVE/USDT:USDT,295.96,820.0,295.95,1.0,296.0,61.0,296.01,104.0
1753617243042,11:54:03.042,gateio,AAVE/USDT:USDT,295.96,820.0,295.94,104.0,296.0,61.0,296.03,97.0
1753617243282,11:54:03.282,gateio,AAVE/USDT:USDT,295.93,6.0,295.92,100.0,295.99,125.0,296.0,418.0
1753617243377,11:54:03.377,gateio,AAVE/USDT:USDT,295.93,725.0,295.92,100.0,295.98,64.0,296.01,201.0
1753617243430,11:54:03.430,gateio,AAVE/USDT:USDT,295.93,725.0,295.92,100.0,295.98,64.0,296.01,201.0
1753617243594,11:54:03.594,gateio,AAVE/USDT:USDT,295.93,750.0,295.92,100.0,295.98,64.0,296.01,201.0
1753617243644,11:54:03.644,gateio,AAVE/USDT:USDT,295.93,725.0,295.92,100.0,295.98,64.0,296.01,201.0
1753617243963,11:54:03.963,gateio,AAVE/USDT:USDT,295.93,750.0,295.92,100.0,295.98,64.0,296.01,97.0
1753617244054,11:54:04.054,gateio,AAVE/USDT:USDT,295.93,750.0,295.92,100.0,295.98,64.0,296.01,97.0
1753617244187,11:54:04.187,gateio,AAVE/USDT:USDT,295.93,750.0,295.92,100.0,295.98,157.0,296.01,97.0
1753617244273,11:54:04.273,gateio,AAVE/USDT:USDT,295.93,725.0,295.92,100.0,295.98,64.0,296.01,97.0
1753617244381,11:54:04.381,gateio,AAVE/USDT:USDT,295.93,725.0,295.91,193.0,295.98,64.0,296.01,97.0
1753617244488,11:54:04.488,gateio,AAVE/USDT:USDT,295.93,725.0,295.91,193.0,295.98,64.0,296.01,97.0
1753617244501,11:54:04.501,gateio,AAVE/USDT:USDT,295.93,725.0,295.91,193.0,295.98,64.0,296.01,97.0
1753617244654,11:54:04.654,gateio,AAVE/USDT:USDT,295.93,725.0,295.91,193.0,295.98,64.0,296.01,97.0
1753617244989,11:54:04.989,gateio,AAVE/USDT:USDT,295.93,725.0,295.91,193.0,295.98,64.0,296.01,97.0
1753617245262,11:54:05.262,gateio,AAVE/USDT:USDT,295.93,6.0,295.9,229.0,295.98,64.0,295.99,104.0
1753617245391,11:54:05.391,gateio,AAVE/USDT:USDT,295.93,6.0,295.92,722.0,295.96,59.0,295.97,93.0
1753617245498,11:54:05.498,gateio,AAVE/USDT:USDT,295.93,6.0,295.92,722.0,295.96,152.0,295.99,104.0
1753617245527,11:54:05.527,gateio,AAVE/USDT:USDT,295.93,6.0,295.92,722.0,295.96,152.0,295.99,104.0
1753617245619,11:54:05.619,gateio,AAVE/USDT:USDT,295.93,6.0,295.92,722.0,295.96,59.0,295.99,104.0
1753617245701,11:54:05.701,gateio,AAVE/USDT:USDT,295.93,6.0,295.92,722.0,295.96,59.0,295.99,104.0
1753617245802,11:54:05.802,gateio,AAVE/USDT:USDT,295.93,6.0,295.92,722.0,295.96,59.0,295.99,104.0
1753617245994,11:54:05.994,gateio,AAVE/USDT:USDT,295.93,6.0,295.9,25.0,295.95,93.0,295.96,59.0
1753617246097,11:54:06.097,gateio,AAVE/USDT:USDT,295.89,778.0,295.88,25.0,295.95,277.0,295.96,267.0
1753617246182,11:54:06.182,gateio,AAVE/USDT:USDT,295.91,778.0,295.9,1.0,295.94,59.0,295.96,104.0
1753617246281,11:54:06.281,gateio,AAVE/USDT:USDT,295.91,778.0,295.89,11.0,295.94,59.0,295.96,93.0
1753617246321,11:54:06.321,gateio,AAVE/USDT:USDT,295.91,778.0,295.89,11.0,295.94,59.0,295.96,93.0
1753617246485,11:54:06.485,gateio,AAVE/USDT:USDT,295.89,11.0,295.88,118.0,295.94,416.0,295.96,93.0
1753617246598,11:54:06.598,gateio,AAVE/USDT:USDT,295.9,822.0,295.89,104.0,295.94,59.0,295.96,93.0
1753617246687,11:54:06.687,gateio,AAVE/USDT:USDT,295.9,847.0,295.89,312.0,295.98,193.0,295.99,208.0
1753617246783,11:54:06.783,gateio,AAVE/USDT:USDT,295.92,865.0,295.91,1.0,295.97,64.0,295.98,100.0
1753617246889,11:54:06.889,gateio,AAVE/USDT:USDT,295.92,865.0,295.9,119.0,295.97,157.0,295.98,100.0
1753617246991,11:54:06.991,gateio,AAVE/USDT:USDT,295.92,890.0,295.91,6.0,295.97,64.0,295.98,100.0
1753617247099,11:54:07.099,gateio,AAVE/USDT:USDT,295.92,865.0,295.91,6.0,295.97,64.0,295.98,100.0
1753617247196,11:54:07.196,gateio,AAVE/USDT:USDT,295.92,865.0,295.91,6.0,295.96,78.0,295.97,261.0
1753617247282,11:54:07.282,gateio,AAVE/USDT:USDT,295.89,104.0,295.87,100.0,295.95,63.0,295.96,78.0
1753617247370,11:54:07.370,gateio,AAVE/USDT:USDT,295.89,977.0,295.87,101.0,295.95,63.0,295.96,78.0
1753617247481,11:54:07.481,gateio,AAVE/USDT:USDT,295.91,827.0,295.9,1.0,295.95,63.0,295.97,93.0
1753617247523,11:54:07.523,gateio,AAVE/USDT:USDT,295.91,827.0,295.89,129.0,295.95,63.0,295.97,93.0
1753617247653,11:54:07.653,gateio,AAVE/USDT:USDT,295.91,827.0,295.89,129.0,295.95,63.0,295.97,93.0
1753617247895,11:54:07.895,gateio,AAVE/USDT:USDT,295.89,11.0,295.86,93.0,295.94,662.0,295.95,829.0
1753617247995,11:54:07.995,gateio,AAVE/USDT:USDT,295.89,841.0,295.85,6.0,295.91,409.0,295.92,269.0
1753617248089,11:54:08.089,gateio,AAVE/USDT:USDT,295.89,841.0,295.85,110.0,295.91,104.0,295.92,178.0
1753617248181,11:54:08.181,gateio,AAVE/USDT:USDT,295.89,5.0,295.85,110.0,295.91,160.0,295.92,104.0
1753617248289,11:54:08.289,gateio,AAVE/USDT:USDT,295.89,5.0,295.86,729.0,295.91,160.0,295.92,104.0
1753617248363,11:54:08.363,gateio,AAVE/USDT:USDT,295.89,5.0,295.88,724.0,295.91,56.0,295.93,168.0
1753617248441,11:54:08.441,gateio,AAVE/USDT:USDT,295.89,5.0,295.88,724.0,295.91,56.0,295.93,168.0
1753617248541,11:54:08.541,gateio,AAVE/USDT:USDT,295.89,5.0,295.88,724.0,295.91,253.0,295.92,186.0
1753617248679,11:54:08.679,gateio,AAVE/USDT:USDT,295.89,5.0,295.88,724.0,295.91,253.0,295.92,186.0
1753617248898,11:54:08.898,gateio,AAVE/USDT:USDT,295.89,5.0,295.88,724.0,295.9,93.0,295.91,160.0
1753617248923,11:54:08.923,gateio,AAVE/USDT:USDT,295.89,5.0,295.88,724.0,295.91,160.0,295.92,104.0
1753617249199,11:54:09.199,gateio,AAVE/USDT:USDT,295.89,5.0,295.85,6.0,295.91,253.0,295.92,104.0
1753617249206,11:54:09.206,gateio,AAVE/USDT:USDT,295.89,5.0,295.85,6.0,295.91,280.0,295.92,104.0
1753617249381,11:54:09.381,gateio,AAVE/USDT:USDT,295.89,5.0,295.87,795.0,295.91,56.0,295.93,93.0
1753617249486,11:54:09.486,gateio,AAVE/USDT:USDT,295.89,811.0,295.88,7.0,295.94,342.0,295.95,305.0
1753617249505,11:54:09.505,gateio,AAVE/USDT:USDT,295.89,811.0,295.88,6.0,295.94,185.0,295.95,305.0
1753617249682,11:54:09.682,gateio,AAVE/USDT:USDT,295.89,811.0,295.88,6.0,295.93,61.0,295.94,185.0
1753617249716,11:54:09.716,gateio,AAVE/USDT:USDT,295.89,811.0,295.88,6.0,295.93,61.0,295.94,185.0
1753617249957,11:54:09.957,gateio,AAVE/USDT:USDT,295.89,811.0,295.88,6.0,295.93,61.0,295.94,185.0
1753617250042,11:54:10.042,gateio,AAVE/USDT:USDT,295.89,811.0,295.88,6.0,295.93,154.0,295.94,92.0
1753617250161,11:54:10.161,gateio,AAVE/USDT:USDT,295.89,811.0,295.88,6.0,295.93,154.0,295.94,92.0
1753617250384,11:54:10.384,gateio,AAVE/USDT:USDT,295.89,811.0,295.88,6.0,295.93,154.0,295.94,92.0
1753617250495,11:54:10.495,gateio,AAVE/USDT:USDT,295.89,811.0,295.88,6.0,295.93,61.0,295.94,92.0
1753617250548,11:54:10.548,gateio,AAVE/USDT:USDT,295.89,811.0,295.88,6.0,295.93,154.0,295.94,92.0
1753617251371,11:54:11.371,gateio,AAVE/USDT:USDT,295.89,811.0,295.85,6.0,295.93,61.0,295.94,92.0
1753617251463,11:54:11.463,gateio,AAVE/USDT:USDT,295.89,811.0,295.85,99.0,295.93,61.0,295.94,92.0
1753617251652,11:54:11.652,gateio,AAVE/USDT:USDT,295.89,811.0,295.85,99.0,295.93,154.0,295.94,92.0
1753617251781,11:54:11.781,gateio,AAVE/USDT:USDT,295.89,5.0,295.85,6.0,295.93,86.0,295.94,92.0
1753617251881,11:54:11.881,gateio,AAVE/USDT:USDT,295.89,5.0,295.88,727.0,295.93,61.0,295.94,92.0
1753617251906,11:54:11.906,gateio,AAVE/USDT:USDT,295.89,6.0,295.88,727.0,295.93,61.0,295.94,92.0
1753617252089,11:54:12.089,gateio,AAVE/USDT:USDT,295.89,6.0,295.88,727.0,295.93,154.0,295.94,92.0
1753617252254,11:54:12.254,gateio,AAVE/USDT:USDT,295.89,6.0,295.88,727.0,295.93,154.0,295.94,92.0
1753617252344,11:54:12.344,gateio,AAVE/USDT:USDT,295.9,802.0,295.89,6.0,295.93,154.0,295.95,93.0
1753617252405,11:54:12.405,gateio,AAVE/USDT:USDT,295.9,802.0,295.89,5.0,295.93,154.0,295.95,93.0
1753617252695,11:54:12.695,gateio,AAVE/USDT:USDT,295.9,802.0,295.89,5.0,295.93,154.0,295.95,93.0
1753617252774,11:54:12.774,gateio,AAVE/USDT:USDT,295.9,802.0,295.89,5.0,295.93,156.0,295.95,93.0
1753617252966,11:54:12.966,gateio,AAVE/USDT:USDT,295.9,802.0,295.89,5.0,295.93,156.0,295.95,93.0
1753617253002,11:54:13.002,gateio,AAVE/USDT:USDT,295.9,802.0,295.89,5.0,295.93,156.0,295.95,93.0
1753617253294,11:54:13.294,gateio,AAVE/USDT:USDT,295.9,802.0,295.89,5.0,295.92,398.0,295.93,725.0
1753617253372,11:54:13.372,gateio,AAVE/USDT:USDT,295.9,802.0,295.89,5.0,295.92,523.0,295.93,830.0
1753617253488,11:54:13.488,gateio,AAVE/USDT:USDT,295.9,802.0,295.89,5.0,295.92,110.0,295.93,366.0
1753617253597,11:54:13.597,gateio,AAVE/USDT:USDT,295.9,802.0,295.89,5.0,295.92,110.0,295.93,61.0
1753617253601,11:54:13.601,gateio,AAVE/USDT:USDT,295.9,802.0,295.89,5.0,295.93,61.0,295.95,93.0
1753617253740,11:54:13.740,gateio,AAVE/USDT:USDT,295.9,802.0,295.89,5.0,295.93,67.0,295.95,93.0
1753617253928,11:54:13.928,gateio,AAVE/USDT:USDT,295.9,802.0,295.89,5.0,295.93,67.0,295.95,93.0
1753617254045,11:54:14.045,gateio,AAVE/USDT:USDT,295.9,802.0,295.89,5.0,295.93,160.0,295.95,93.0
1753617254497,11:54:14.497,gateio,AAVE/USDT:USDT,295.9,802.0,295.89,110.0,295.93,63.0,295.95,93.0
1753617254561,11:54:14.561,gateio,AAVE/USDT:USDT,295.9,802.0,295.89,110.0,295.93,63.0,295.95,93.0
1753617254696,11:54:14.696,gateio,AAVE/USDT:USDT,295.9,802.0,295.89,5.0,295.93,63.0,295.95,93.0
1753617254799,11:54:14.799,gateio,AAVE/USDT:USDT,295.9,802.0,295.89,5.0,295.93,63.0,295.95,93.0
1753617254821,11:54:14.821,gateio,AAVE/USDT:USDT,295.9,802.0,295.89,5.0,295.93,63.0,295.95,93.0
1753617254903,11:54:14.903,gateio,AAVE/USDT:USDT,295.9,802.0,295.89,5.0,295.93,63.0,295.95,93.0
1753617255008,11:54:15.008,gateio,AAVE/USDT:USDT,295.9,802.0,295.89,5.0,295.93,63.0,295.95,93.0
1753617255102,11:54:15.102,gateio,AAVE/USDT:USDT,295.9,802.0,295.89,5.0,295.93,63.0,295.95,93.0
1753617255241,11:54:15.241,gateio,AAVE/USDT:USDT,295.9,802.0,295.89,110.0,295.95,93.0,295.97,198.0
1753617255344,11:54:15.344,gateio,AAVE/USDT:USDT,295.9,802.0,295.89,110.0,295.94,64.0,295.95,93.0
1753617255436,11:54:15.436,gateio,AAVE/USDT:USDT,295.9,802.0,295.89,110.0,295.94,64.0,295.95,93.0
1753617255503,11:54:15.503,gateio,AAVE/USDT:USDT,295.9,802.0,295.89,110.0,295.94,64.0,295.95,93.0
1753617255673,11:54:15.673,gateio,AAVE/USDT:USDT,295.9,802.0,295.89,110.0,295.94,162.0,295.97,198.0
1753617255988,11:54:15.988,gateio,AAVE/USDT:USDT,295.9,802.0,295.89,110.0,295.94,162.0,295.97,198.0
1753617256083,11:54:16.083,gateio,AAVE/USDT:USDT,295.9,802.0,295.89,5.0,295.93,93.0,295.94,64.0
1753617256189,11:54:16.189,gateio,AAVE/USDT:USDT,295.9,802.0,295.89,5.0,295.92,60.0,295.93,93.0
1753617256245,11:54:16.245,gateio,AAVE/USDT:USDT,295.89,5.0,295.85,6.0,295.92,258.0,295.93,210.0
1753617256389,11:54:16.389,gateio,AAVE/USDT:USDT,295.89,5.0,295.88,765.0,295.91,79.0,295.92,258.0
1753617256421,11:54:16.421,gateio,AAVE/USDT:USDT,295.89,5.0,295.88,765.0,295.91,79.0,295.92,258.0
1753617256521,11:54:16.521,gateio,AAVE/USDT:USDT,295.89,5.0,295.88,765.0,295.91,79.0,295.92,258.0
1753617256661,11:54:16.661,gateio,AAVE/USDT:USDT,295.89,5.0,295.88,765.0,295.91,79.0,295.92,258.0
1753617256981,11:54:16.981,gateio,AAVE/USDT:USDT,295.89,5.0,295.88,765.0,295.92,65.0,295.94,93.0
1753617257021,11:54:17.021,gateio,AAVE/USDT:USDT,295.89,5.0,295.88,765.0,295.92,65.0,295.94,93.0
1753617257142,11:54:17.142,gateio,AAVE/USDT:USDT,295.89,5.0,295.88,765.0,295.92,65.0,295.94,93.0
1753617257288,11:54:17.288,gateio,AAVE/USDT:USDT,295.9,825.0,295.89,5.0,295.97,93.0,295.98,100.0
1753617257382,11:54:17.382,gateio,AAVE/USDT:USDT,295.91,1.0,295.9,825.0,295.95,154.0,295.96,93.0
1753617257484,11:54:17.484,gateio,AAVE/USDT:USDT,295.91,1.0,295.9,825.0,295.94,93.0,295.95,61.0
1753617257505,11:54:17.505,gateio,AAVE/USDT:USDT,295.9,825.0,295.89,5.0,295.94,93.0,295.95,61.0
1753617257611,11:54:17.611,gateio,AAVE/USDT:USDT,295.9,825.0,295.89,5.0,295.94,93.0,295.95,61.0
1753617257702,11:54:17.702,gateio,AAVE/USDT:USDT,295.9,825.0,295.89,5.0,295.94,93.0,295.95,61.0
1753617258083,11:54:18.083,gateio,AAVE/USDT:USDT,295.9,825.0,295.89,5.0,295.94,93.0,295.95,61.0
1753617258188,11:54:18.188,gateio,AAVE/USDT:USDT,295.9,825.0,295.89,5.0,295.93,156.0,295.94,93.0
1753617258280,11:54:18.280,gateio,AAVE/USDT:USDT,295.89,5.0,295.88,6.0,295.93,156.0,295.94,197.0
1753617258392,11:54:18.392,gateio,AAVE/USDT:USDT,295.89,5.0,295.85,6.0,295.92,93.0,295.93,88.0
1753617258462,11:54:18.462,gateio,AAVE/USDT:USDT,295.89,5.0,295.85,6.0,295.92,98.0,295.93,88.0
1753617258582,11:54:18.582,gateio,AAVE/USDT:USDT,295.89,5.0,295.88,844.0,295.92,98.0,295.93,63.0
1753617258606,11:54:18.606,gateio,AAVE/USDT:USDT,295.89,5.0,295.88,844.0,295.92,98.0,295.93,63.0
1753617258777,11:54:18.777,gateio,AAVE/USDT:USDT,295.9,814.0,295.89,5.0,295.93,63.0,295.96,93.0
1753617258867,11:54:18.867,gateio,AAVE/USDT:USDT,295.9,814.0,295.89,5.0,295.93,156.0,295.96,93.0
1753617258990,11:54:18.990,gateio,AAVE/USDT:USDT,295.9,814.0,295.89,5.0,295.93,156.0,295.96,93.0
1753617259049,11:54:19.049,gateio,AAVE/USDT:USDT,295.9,814.0,295.89,5.0,295.93,156.0,295.96,93.0
1753617259229,11:54:19.229,gateio,AAVE/USDT:USDT,295.9,814.0,295.89,5.0,295.93,156.0,295.96,197.0
1753617259387,11:54:19.387,gateio,AAVE/USDT:USDT,295.9,814.0,295.89,5.0,295.93,63.0,295.96,197.0
1753617259481,11:54:19.481,gateio,AAVE/USDT:USDT,295.9,814.0,295.89,5.0,295.93,69.0,295.96,197.0
1753617259641,11:54:19.641,gateio,AAVE/USDT:USDT,295.9,814.0,295.89,5.0,295.93,162.0,295.96,197.0
1753617260055,11:54:20.055,gateio,AAVE/USDT:USDT,295.9,814.0,295.89,5.0,295.93,162.0,295.96,197.0
1753617260498,11:54:20.498,gateio,AAVE/USDT:USDT,295.9,814.0,295.89,5.0,295.93,162.0,295.96,197.0
1753617260498,11:54:20.498,gateio,AAVE/USDT:USDT,295.9,814.0,295.89,5.0,295.93,162.0,295.96,197.0
1753617260621,11:54:20.621,gateio,AAVE/USDT:USDT,295.9,814.0,295.89,5.0,295.92,93.0,295.93,63.0
1753617260728,11:54:20.728,gateio,AAVE/USDT:USDT,295.9,814.0,295.89,5.0,295.92,93.0,295.93,63.0
1753617260918,11:54:20.918,gateio,AAVE/USDT:USDT,295.9,814.0,295.89,5.0,295.92,93.0,295.93,63.0
1753617261182,11:54:21.182,gateio,AAVE/USDT:USDT,295.9,814.0,295.89,5.0,295.92,93.0,295.93,63.0
1753617261202,11:54:21.202,gateio,AAVE/USDT:USDT,295.9,814.0,295.89,5.0,295.92,93.0,295.93,63.0
1753617261330,11:54:21.330,gateio,AAVE/USDT:USDT,295.9,814.0,295.89,5.0,295.92,93.0,295.93,63.0
1753617261590,11:54:21.590,gateio,AAVE/USDT:USDT,295.9,814.0,295.89,5.0,295.92,93.0,295.93,63.0
1753617261743,11:54:21.743,gateio,AAVE/USDT:USDT,295.9,814.0,295.89,5.0,295.92,93.0,295.93,63.0
1753617261998,11:54:21.998,gateio,AAVE/USDT:USDT,295.9,814.0,295.89,5.0,295.92,93.0,295.93,63.0
1753617262004,11:54:22.004,gateio,AAVE/USDT:USDT,295.9,814.0,295.89,5.0,295.92,93.0,295.93,63.0
1753617262196,11:54:22.196,gateio,AAVE/USDT:USDT,295.9,814.0,295.89,5.0,295.93,63.0,295.96,197.0
1753617262369,11:54:22.369,gateio,AAVE/USDT:USDT,295.9,814.0,295.89,5.0,295.93,63.0,295.96,93.0
1753617262429,11:54:22.429,gateio,AAVE/USDT:USDT,295.9,814.0,295.89,110.0,295.93,63.0,295.96,93.0
1753617262563,11:54:22.563,gateio,AAVE/USDT:USDT,295.9,814.0,295.89,110.0,295.93,63.0,295.96,93.0
1753617262642,11:54:22.642,gateio,AAVE/USDT:USDT,295.9,814.0,295.89,110.0,295.95,93.0,295.96,98.0
1753617262794,11:54:22.794,gateio,AAVE/USDT:USDT,295.9,814.0,295.89,110.0,295.95,93.0,295.96,5.0
1753617262885,11:54:22.885,gateio,AAVE/USDT:USDT,295.9,814.0,295.89,5.0,295.95,159.0,295.96,110.0
1753617262974,11:54:22.974,gateio,AAVE/USDT:USDT,295.9,814.0,295.89,5.0,295.93,156.0,295.96,105.0
1753617263073,11:54:23.073,gateio,AAVE/USDT:USDT,295.9,814.0,295.89,5.0,295.93,156.0,295.96,105.0
1753617263189,11:54:23.189,gateio,AAVE/USDT:USDT,295.9,814.0,295.89,5.0,295.93,156.0,295.96,105.0
1753617263221,11:54:23.221,gateio,AAVE/USDT:USDT,295.9,814.0,295.89,5.0,295.93,63.0,295.96,196.0
1753617263349,11:54:23.349,gateio,AAVE/USDT:USDT,295.9,814.0,295.89,5.0,295.95,93.0,295.96,201.0
1753617263470,11:54:23.470,gateio,AAVE/USDT:USDT,295.9,814.0,295.89,5.0,295.94,93.0,295.95,65.0
1753617263511,11:54:23.511,gateio,AAVE/USDT:USDT,295.9,814.0,295.89,5.0,295.94,93.0,295.95,65.0
1753617263859,11:54:23.859,gateio,AAVE/USDT:USDT,295.9,814.0,295.89,5.0,295.93,61.0,295.94,93.0
1753617263985,11:54:23.985,gateio,AAVE/USDT:USDT,295.9,814.0,295.89,5.0,295.93,61.0,295.94,105.0
1753617264083,11:54:24.083,gateio,AAVE/USDT:USDT,295.9,814.0,295.89,5.0,295.92,95.0,295.93,61.0
1753617264194,11:54:24.194,gateio,AAVE/USDT:USDT,295.89,5.0,295.85,6.0,295.92,205.0,295.93,166.0
1753617264221,11:54:24.221,gateio,AAVE/USDT:USDT,295.89,5.0,295.88,809.0,295.92,205.0,295.93,166.0
1753617264305,11:54:24.305,gateio,AAVE/USDT:USDT,295.89,5.0,295.88,809.0,295.92,205.0,295.93,166.0
1753617264480,11:54:24.480,gateio,AAVE/USDT:USDT,295.89,5.0,295.88,809.0,295.92,205.0,295.93,166.0
1753617264501,11:54:24.501,gateio,AAVE/USDT:USDT,295.89,5.0,295.88,809.0,295.92,205.0,295.93,166.0
1753617264981,11:54:24.981,gateio,AAVE/USDT:USDT,295.89,5.0,295.88,809.0,295.91,62.0,295.92,200.0
1753617265056,11:54:25.056,gateio,AAVE/USDT:USDT,295.89,5.0,295.88,809.0,295.91,62.0,295.92,200.0
1753617265449,11:54:25.449,gateio,AAVE/USDT:USDT,295.89,5.0,295.88,809.0,295.92,105.0,295.93,105.0
1753617265569,11:54:25.569,gateio,AAVE/USDT:USDT,295.89,5.0,295.88,809.0,295.92,169.0,295.93,105.0
1753617266252,11:54:26.252,gateio,AAVE/USDT:USDT,295.89,5.0,295.88,809.0,295.92,169.0,295.93,105.0
1753617266591,11:54:26.591,gateio,AAVE/USDT:USDT,295.89,5.0,295.88,809.0,295.92,169.0,295.93,105.0
1753617266696,11:54:26.696,gateio,AAVE/USDT:USDT,295.89,5.0,295.88,809.0,295.91,79.0,295.92,269.0
1753617266779,11:54:26.779,gateio,AAVE/USDT:USDT,295.89,5.0,295.88,809.0,295.92,169.0,295.93,105.0
1753617266817,11:54:26.817,gateio,AAVE/USDT:USDT,295.89,5.0,295.88,809.0,295.92,174.0,295.93,105.0
1753617267304,11:54:27.304,gateio,AAVE/USDT:USDT,295.89,5.0,295.88,809.0,295.92,174.0,295.93,105.0
1753617267483,11:54:27.483,gateio,AAVE/USDT:USDT,295.89,5.0,295.88,809.0,295.92,69.0,295.95,95.0
1753617267564,11:54:27.564,gateio,AAVE/USDT:USDT,295.9,714.0,295.89,5.0,295.92,64.0,295.95,95.0
1753617267657,11:54:27.657,gateio,AAVE/USDT:USDT,295.9,714.0,295.89,5.0,295.95,97.0,295.97,93.0
1753617267798,11:54:27.798,gateio,AAVE/USDT:USDT,295.9,714.0,295.89,5.0,295.95,158.0,295.97,93.0
1753617267847,11:54:27.847,gateio,AAVE/USDT:USDT,295.9,714.0,295.89,5.0,295.95,158.0,295.97,93.0
1753617267948,11:54:27.948,gateio,AAVE/USDT:USDT,295.9,714.0,295.89,5.0,295.95,158.0,295.97,93.0
1753617268024,11:54:28.024,gateio,AAVE/USDT:USDT,295.9,714.0,295.89,5.0,295.95,158.0,295.97,93.0
1753617268101,11:54:28.101,gateio,AAVE/USDT:USDT,295.9,714.0,295.89,5.0,295.95,158.0,295.97,93.0
1753617268892,11:54:28.892,gateio,AAVE/USDT:USDT,295.9,714.0,295.89,5.0,295.93,54.0,295.94,95.0
1753617268974,11:54:28.974,gateio,AAVE/USDT:USDT,295.9,714.0,295.89,5.0,295.93,54.0,295.94,95.0
1753617269081,11:54:29.081,gateio,AAVE/USDT:USDT,295.9,714.0,295.89,5.0,295.93,54.0,295.94,95.0
1753617269121,11:54:29.121,gateio,AAVE/USDT:USDT,295.9,714.0,295.89,5.0,295.93,149.0,295.95,107.0
1753617269347,11:54:29.347,gateio,AAVE/USDT:USDT,295.9,714.0,295.89,5.0,295.93,149.0,295.95,105.0
1753617269532,11:54:29.532,gateio,AAVE/USDT:USDT,295.9,714.0,295.89,5.0,295.93,149.0,295.95,105.0
1753617269833,11:54:29.833,gateio,AAVE/USDT:USDT,295.9,714.0,295.89,5.0,295.93,154.0,295.95,105.0
1753617269937,11:54:29.937,gateio,AAVE/USDT:USDT,295.9,714.0,295.89,5.0,295.93,154.0,295.95,105.0
1753617270168,11:54:30.168,gateio,AAVE/USDT:USDT,295.9,714.0,295.89,5.0,295.93,154.0,295.94,105.0
1753617270381,11:54:30.381,gateio,AAVE/USDT:USDT,295.89,5.0,295.85,6.0,295.91,95.0,295.92,25.0
1753617270482,11:54:30.482,gateio,AAVE/USDT:USDT,295.89,5.0,295.87,776.0,295.91,154.0,295.94,105.0
1753617270506,11:54:30.506,gateio,AAVE/USDT:USDT,295.89,5.0,295.88,2.0,295.91,154.0,295.94,105.0
1753617270685,11:54:30.685,gateio,AAVE/USDT:USDT,295.89,5.0,295.88,2.0,295.91,154.0,295.94,105.0
1753617270778,11:54:30.778,gateio,AAVE/USDT:USDT,295.89,865.0,295.88,2.0,295.91,154.0,295.94,105.0
1753617270805,11:54:30.805,gateio,AAVE/USDT:USDT,295.89,865.0,295.85,111.0,295.91,154.0,295.94,105.0
1753617270925,11:54:30.925,gateio,AAVE/USDT:USDT,295.89,865.0,295.85,111.0,295.91,154.0,295.94,105.0
1753617271031,11:54:31.031,gateio,AAVE/USDT:USDT,295.89,865.0,295.85,111.0,295.91,154.0,295.94,105.0
1753617271182,11:54:31.182,gateio,AAVE/USDT:USDT,295.89,865.0,295.85,206.0,295.91,59.0,295.94,197.0
1753617271381,11:54:31.381,gateio,AAVE/USDT:USDT,295.89,865.0,295.85,206.0,295.91,59.0,295.95,200.0
1753617271541,11:54:31.541,gateio,AAVE/USDT:USDT,295.89,865.0,295.85,111.0,295.91,59.0,295.94,92.0
1753617271963,11:54:31.963,gateio,AAVE/USDT:USDT,295.89,865.0,295.85,206.0,295.91,59.0,295.94,92.0
1753617272062,11:54:32.062,gateio,AAVE/USDT:USDT,295.89,865.0,295.85,206.0,295.93,95.0,295.94,95.0
1753617272163,11:54:32.163,gateio,AAVE/USDT:USDT,295.89,865.0,295.85,206.0,295.92,61.0,295.93,95.0
1753617272256,11:54:32.256,gateio,AAVE/USDT:USDT,295.89,865.0,295.85,206.0,295.92,61.0,295.93,95.0
1753617272541,11:54:32.541,gateio,AAVE/USDT:USDT,295.89,865.0,295.85,206.0,295.92,61.0,295.93,95.0
1753617272786,11:54:32.786,gateio,AAVE/USDT:USDT,295.89,865.0,295.85,206.0,295.92,61.0,295.93,95.0
1753617273390,11:54:33.390,gateio,AAVE/USDT:USDT,295.89,865.0,295.85,206.0,295.92,61.0,295.93,95.0
1753617273482,11:54:33.482,gateio,AAVE/USDT:USDT,295.89,5.0,295.85,111.0,295.91,95.0,295.92,61.0
1753617273582,11:54:33.582,gateio,AAVE/USDT:USDT,295.89,5.0,295.87,844.0,295.9,67.0,295.91,95.0
1753617273641,11:54:33.641,gateio,AAVE/USDT:USDT,295.89,5.0,295.87,844.0,295.9,67.0,295.91,95.0
1753617273716,11:54:33.716,gateio,AAVE/USDT:USDT,295.89,5.0,295.87,844.0,295.9,67.0,295.91,95.0
1753617273867,11:54:33.867,gateio,AAVE/USDT:USDT,295.89,5.0,295.87,844.0,295.9,67.0,295.94,92.0
1753617273966,11:54:33.966,gateio,AAVE/USDT:USDT,295.89,5.0,295.88,6.0,295.94,92.0,295.95,105.0
1753617274068,11:54:34.068,gateio,AAVE/USDT:USDT,295.89,5.0,295.88,8.0,295.94,92.0,295.95,105.0
1753617274187,11:54:34.187,gateio,AAVE/USDT:USDT,295.89,881.0,295.88,8.0,295.93,154.0,295.97,93.0
1753617274292,11:54:34.292,gateio,AAVE/USDT:USDT,295.89,881.0,295.88,6.0,295.92,92.0,295.93,62.0
1753617274362,11:54:34.362,gateio,AAVE/USDT:USDT,295.89,5.0,295.88,6.0,295.92,92.0,295.93,62.0
1753617274471,11:54:34.471,gateio,AAVE/USDT:USDT,295.89,5.0,295.88,6.0,295.91,65.0,295.92,92.0
1753617274553,11:54:34.553,gateio,AAVE/USDT:USDT,295.89,5.0,295.88,8.0,295.91,157.0,295.95,95.0
1753617275035,11:54:35.035,gateio,AAVE/USDT:USDT,295.89,738.0,295.88,8.0,295.91,65.0,295.95,187.0
1753617275105,11:54:35.105,gateio,AAVE/USDT:USDT,295.89,738.0,295.88,6.0,295.91,65.0,295.95,187.0
1753617275283,11:54:35.283,gateio,AAVE/USDT:USDT,295.89,738.0,295.88,6.0,295.94,99.0,295.96,210.0
1753617275389,11:54:35.389,gateio,AAVE/USDT:USDT,295.89,738.0,295.88,6.0,295.93,158.0,295.94,99.0
1753617275456,11:54:35.456,gateio,AAVE/USDT:USDT,295.89,738.0,295.88,6.0,295.93,158.0,295.94,7.0
1753617275588,11:54:35.588,gateio,AAVE/USDT:USDT,295.89,738.0,295.88,6.0,295.93,158.0,295.94,7.0
1753617275648,11:54:35.648,gateio,AAVE/USDT:USDT,295.89,738.0,295.88,6.0,295.92,92.0,295.93,158.0
1753617275770,11:54:35.770,gateio,AAVE/USDT:USDT,295.89,738.0,295.88,6.0,295.92,92.0,295.93,66.0
1753617275887,11:54:35.887,gateio,AAVE/USDT:USDT,295.89,738.0,295.88,6.0,295.93,66.0,295.94,99.0
1753617275930,11:54:35.930,gateio,AAVE/USDT:USDT,295.89,738.0,295.88,6.0,295.93,158.0,295.94,7.0
1753617276271,11:54:36.271,gateio,AAVE/USDT:USDT,295.89,738.0,295.88,6.0,295.93,158.0,295.94,7.0
1753617276581,11:54:36.581,gateio,AAVE/USDT:USDT,295.89,738.0,295.88,6.0,295.92,92.0,295.93,158.0
1753617276763,11:54:36.763,gateio,AAVE/USDT:USDT,295.89,5.0,295.88,6.0,295.91,59.0,295.92,92.0
1753617276880,11:54:36.880,gateio,AAVE/USDT:USDT,295.89,5.0,295.88,6.0,295.91,59.0,295.92,92.0
1753617276906,11:54:36.906,gateio,AAVE/USDT:USDT,295.89,5.0,295.88,8.0,295.91,59.0,295.92,92.0
1753617277090,11:54:37.090,gateio,AAVE/USDT:USDT,295.89,5.0,295.88,8.0,295.91,59.0,295.92,92.0
1753617277299,11:54:37.299,gateio,AAVE/USDT:USDT,295.89,841.0,295.88,8.0,295.95,95.0,295.96,315.0
1753617277367,11:54:37.367,gateio,AAVE/USDT:USDT,295.9,2.0,295.89,841.0,295.94,92.0,295.96,210.0
1753617277481,11:54:37.481,gateio,AAVE/USDT:USDT,295.9,2.0,295.89,841.0,295.92,92.0,295.93,67.0
1753617277578,11:54:37.578,gateio,AAVE/USDT:USDT,295.89,841.0,295.88,6.0,295.92,92.0,295.93,67.0
1753617277688,11:54:37.688,gateio,AAVE/USDT:USDT,295.89,841.0,295.88,6.0,295.91,64.0,295.92,92.0
1753617277787,11:54:37.787,gateio,AAVE/USDT:USDT,295.89,841.0,295.88,6.0,295.91,64.0,295.92,92.0
1753617278047,11:54:38.047,gateio,AAVE/USDT:USDT,295.89,841.0,295.88,6.0,295.91,92.0,295.95,95.0
1753617278192,11:54:38.192,gateio,AAVE/USDT:USDT,295.89,841.0,295.84,6.0,295.91,154.0,295.95,95.0
1753617278290,11:54:38.290,gateio,AAVE/USDT:USDT,295.89,5.0,295.84,6.0,295.9,474.0,295.91,62.0
1753617278386,11:54:38.386,gateio,AAVE/USDT:USDT,295.89,5.0,295.87,716.0,295.9,449.0,295.91,62.0
1753617278446,11:54:38.446,gateio,AAVE/USDT:USDT,295.89,5.0,295.87,716.0,295.9,92.0,295.91,62.0
1753617278597,11:54:38.597,gateio,AAVE/USDT:USDT,295.89,5.0,295.87,716.0,295.9,92.0,295.91,62.0
1753617278760,11:54:38.760,gateio,AAVE/USDT:USDT,295.89,5.0,295.87,716.0,295.9,92.0,295.91,62.0
1753617278837,11:54:38.837,gateio,AAVE/USDT:USDT,295.89,5.0,295.87,716.0,295.9,92.0,295.91,62.0
1753617278922,11:54:38.922,gateio,AAVE/USDT:USDT,295.89,5.0,295.84,6.0,295.9,92.0,295.91,62.0
1753617279026,11:54:39.026,gateio,AAVE/USDT:USDT,295.89,5.0,295.85,824.0,295.9,92.0,295.91,62.0
1753617279199,11:54:39.199,gateio,AAVE/USDT:USDT,295.89,5.0,295.87,767.0,295.91,62.0,295.92,210.0
1753617279291,11:54:39.291,gateio,AAVE/USDT:USDT,295.89,5.0,295.88,107.0,295.92,4.0,295.94,92.0
1753617279313,11:54:39.313,gateio,AAVE/USDT:USDT,295.89,818.0,295.88,107.0,295.92,4.0,295.93,61.0
1753617279405,11:54:39.405,gateio,AAVE/USDT:USDT,295.89,818.0,295.88,105.0,295.92,4.0,295.93,61.0
1753617279581,11:54:39.581,gateio,AAVE/USDT:USDT,295.89,818.0,295.87,6.0,295.91,57.0,295.92,92.0
1753617279686,11:54:39.686,gateio,AAVE/USDT:USDT,295.89,5.0,295.84,31.0,295.91,57.0,295.92,92.0
1753617279786,11:54:39.786,gateio,AAVE/USDT:USDT,295.89,5.0,295.87,870.0,295.91,57.0,295.92,92.0
1753617279878,11:54:39.878,gateio,AAVE/USDT:USDT,295.89,5.0,295.88,2.0,295.91,149.0,295.93,105.0
1753617280021,11:54:40.021,gateio,AAVE/USDT:USDT,295.89,5.0,295.88,2.0,295.91,149.0,295.93,105.0
1753617280122,11:54:40.122,gateio,AAVE/USDT:USDT,295.89,5.0,295.88,2.0,295.91,57.0,295.92,92.0
1753617280259,11:54:40.259,gateio,AAVE/USDT:USDT,295.89,785.0,295.88,2.0,295.91,57.0,295.92,92.0
1753617280371,11:54:40.371,gateio,AAVE/USDT:USDT,295.89,785.0,295.87,6.0,295.93,204.0,295.94,105.0
1753617280411,11:54:40.411,gateio,AAVE/USDT:USDT,295.89,5.0,295.87,6.0,295.92,56.0,295.93,204.0
1753617280514,11:54:40.514,gateio,AAVE/USDT:USDT,295.89,5.0,295.88,727.0,295.92,56.0,295.93,204.0
1753617280606,11:54:40.606,gateio,AAVE/USDT:USDT,295.89,5.0,295.88,727.0,295.92,56.0,295.93,204.0
1753617280769,11:54:40.769,gateio,AAVE/USDT:USDT,295.89,5.0,295.88,727.0,295.9,59.0,295.91,136.0
1753617280841,11:54:40.841,gateio,AAVE/USDT:USDT,295.89,5.0,295.88,727.0,295.9,59.0,295.91,136.0
1753617281082,11:54:41.082,gateio,AAVE/USDT:USDT,295.89,5.0,295.88,727.0,295.91,136.0,295.92,92.0
1753617281181,11:54:41.181,gateio,AAVE/USDT:USDT,295.89,5.0,295.88,727.0,295.92,7.0,295.93,167.0
1753617281250,11:54:41.250,gateio,AAVE/USDT:USDT,295.89,5.0,295.88,727.0,295.92,99.0,295.93,167.0
1753617281352,11:54:41.352,gateio,AAVE/USDT:USDT,295.89,5.0,295.88,727.0,295.91,57.0,295.93,105.0
1753617281662,11:54:41.662,gateio,AAVE/USDT:USDT,295.89,5.0,295.88,727.0,295.91,57.0,295.93,105.0
1753617281702,11:54:41.702,gateio,AAVE/USDT:USDT,295.89,5.0,295.88,727.0,295.91,57.0,295.93,105.0
1753617281874,11:54:41.874,gateio,AAVE/USDT:USDT,295.89,5.0,295.88,727.0,295.91,57.0,295.93,105.0
1753617281958,11:54:41.958,gateio,AAVE/USDT:USDT,295.89,5.0,295.88,727.0,295.91,149.0,295.93,105.0
1753617282091,11:54:42.091,gateio,AAVE/USDT:USDT,295.89,5.0,295.87,6.0,295.91,149.0,295.93,105.0
1753617282128,11:54:42.128,gateio,AAVE/USDT:USDT,295.89,5.0,295.84,6.0,295.91,149.0,295.92,106.0
1753617282240,11:54:42.240,gateio,AAVE/USDT:USDT,295.89,5.0,295.87,6.0,295.91,149.0,295.92,106.0
1753617282382,11:54:42.382,gateio,AAVE/USDT:USDT,295.89,5.0,295.87,8.0,295.9,92.0,295.91,57.0
1753617282468,11:54:42.468,gateio,AAVE/USDT:USDT,295.89,5.0,295.87,8.0,295.9,92.0,295.91,57.0
1753617282521,11:54:42.521,gateio,AAVE/USDT:USDT,295.89,5.0,295.87,8.0,295.9,92.0,295.91,57.0
1753617282602,11:54:42.602,gateio,AAVE/USDT:USDT,295.89,5.0,295.87,8.0,295.9,92.0,295.91,57.0
1753617282791,11:54:42.791,gateio,AAVE/USDT:USDT,295.89,5.0,295.87,8.0,295.9,92.0,295.91,57.0
1753617282801,11:54:42.801,gateio,AAVE/USDT:USDT,295.89,5.0,295.87,8.0,295.9,92.0,295.91,57.0
1753617283021,11:54:43.021,gateio,AAVE/USDT:USDT,295.89,5.0,295.87,8.0,295.9,92.0,295.91,57.0
1753617283162,11:54:43.162,gateio,AAVE/USDT:USDT,295.89,5.0,295.87,8.0,295.9,92.0,295.91,57.0
1753617283283,11:54:43.283,gateio,AAVE/USDT:USDT,295.89,5.0,295.87,8.0,295.9,92.0,295.91,57.0
1753617283369,11:54:43.369,gateio,AAVE/USDT:USDT,295.89,5.0,295.87,8.0,295.9,92.0,295.91,57.0
1753617283594,11:54:43.594,gateio,AAVE/USDT:USDT,295.89,5.0,295.87,8.0,295.91,57.0,295.92,106.0
1753617283627,11:54:43.627,gateio,AAVE/USDT:USDT,295.89,5.0,295.88,723.0,295.91,57.0,295.92,106.0
1753617283770,11:54:43.770,gateio,AAVE/USDT:USDT,295.89,5.0,295.88,723.0,295.91,149.0,295.92,106.0
1753617284042,11:54:44.042,gateio,AAVE/USDT:USDT,295.89,5.0,295.88,723.0,295.91,149.0,295.92,106.0
1753617284158,11:54:44.158,gateio,AAVE/USDT:USDT,295.89,5.0,295.88,723.0,295.9,93.0,295.91,57.0
1753617284576,11:54:44.576,gateio,AAVE/USDT:USDT,295.89,5.0,295.88,723.0,295.9,93.0,295.91,57.0
1753617284670,11:54:44.670,gateio,AAVE/USDT:USDT,295.89,5.0,295.88,723.0,295.9,93.0,295.91,57.0
1753617284769,11:54:44.769,gateio,AAVE/USDT:USDT,295.89,5.0,295.88,723.0,295.9,93.0,295.91,57.0
1753617285118,11:54:45.118,gateio,AAVE/USDT:USDT,295.89,5.0,295.88,723.0,295.9,93.0,295.91,57.0
1753617285292,11:54:45.292,gateio,AAVE/USDT:USDT,295.89,5.0,295.88,723.0,295.91,150.0,295.92,106.0
1753617285377,11:54:45.377,gateio,AAVE/USDT:USDT,295.89,5.0,295.88,723.0,295.91,57.0,295.92,199.0
1753617285498,11:54:45.498,gateio,AAVE/USDT:USDT,295.89,5.0,295.88,723.0,295.91,150.0,295.92,106.0
1753617285504,11:54:45.504,gateio,AAVE/USDT:USDT,295.89,5.0,295.88,723.0,295.91,150.0,295.92,106.0
1753617285604,11:54:45.604,gateio,AAVE/USDT:USDT,295.89,5.0,295.88,723.0,295.91,150.0,295.92,106.0
1753617285791,11:54:45.791,gateio,AAVE/USDT:USDT,295.89,5.0,295.88,723.0,295.91,150.0,295.92,106.0
1753617286180,11:54:46.180,gateio,AAVE/USDT:USDT,295.89,5.0,295.88,723.0,295.91,150.0,295.92,106.0
1753617286255,11:54:46.255,gateio,AAVE/USDT:USDT,295.89,5.0,295.88,723.0,295.9,93.0,295.91,57.0
1753617286591,11:54:46.591,gateio,AAVE/USDT:USDT,295.89,5.0,295.82,6.0,295.9,95.0,295.91,57.0
1753617286662,11:54:46.662,gateio,AAVE/USDT:USDT,295.89,5.0,295.86,6.0,295.9,95.0,295.91,57.0
1753617286766,11:54:46.766,gateio,AAVE/USDT:USDT,295.89,5.0,295.86,8.0,295.9,93.0,295.91,57.0
1753617286986,11:54:46.986,gateio,AAVE/USDT:USDT,295.89,5.0,295.87,782.0,295.9,93.0,295.91,57.0
1753617287023,11:54:47.023,gateio,AAVE/USDT:USDT,295.89,5.0,295.87,782.0,295.9,93.0,295.91,57.0
1753617287210,11:54:47.210,gateio,AAVE/USDT:USDT,295.89,5.0,295.87,782.0,295.91,57.0,295.92,199.0
1753617287317,11:54:47.317,gateio,AAVE/USDT:USDT,295.89,5.0,295.88,2.0,295.91,150.0,295.92,106.0
1753617287444,11:54:47.444,gateio,AAVE/USDT:USDT,295.89,5.0,295.88,2.0,295.91,150.0,295.92,106.0
1753617287688,11:54:47.688,gateio,AAVE/USDT:USDT,295.89,5.0,295.88,2.0,295.9,95.0,295.91,150.0
1753617287752,11:54:47.752,gateio,AAVE/USDT:USDT,295.89,5.0,295.87,782.0,295.9,95.0,295.91,57.0
1753617287853,11:54:47.853,gateio,AAVE/USDT:USDT,295.89,5.0,295.87,782.0,295.9,95.0,295.91,57.0
1753617287973,11:54:47.973,gateio,AAVE/USDT:USDT,295.89,5.0,295.83,6.0,295.9,531.0,295.91,163.0
1753617288041,11:54:48.041,gateio,AAVE/USDT:USDT,295.89,5.0,295.86,6.0,295.9,506.0,295.91,163.0
1753617288106,11:54:48.106,gateio,AAVE/USDT:USDT,295.89,5.0,295.86,8.0,295.9,506.0,295.91,163.0
1753617289084,11:54:49.084,gateio,AAVE/USDT:USDT,295.89,5.0,295.87,829.0,295.91,57.0,295.94,187.0
1753617289195,11:54:49.195,gateio,AAVE/USDT:USDT,295.89,5.0,295.88,2.0,295.91,57.0,295.94,92.0
1753617289199,11:54:49.199,gateio,AAVE/USDT:USDT,295.89,5.0,295.88,2.0,295.91,57.0,295.94,92.0
1753617289478,11:54:49.478,gateio,AAVE/USDT:USDT,295.89,5.0,295.88,2.0,295.91,57.0,295.94,92.0
1753617289591,11:54:49.591,gateio,AAVE/USDT:USDT,295.89,772.0,295.88,108.0,295.94,99.0,295.97,93.0
1753617289678,11:54:49.678,gateio,AAVE/USDT:USDT,295.89,772.0,295.86,6.0,295.92,95.0,295.93,360.0
1753617289713,11:54:49.713,gateio,AAVE/USDT:USDT,295.89,772.0,295.86,6.0,295.92,95.0,295.93,360.0
1753617289861,11:54:49.861,gateio,AAVE/USDT:USDT,295.89,772.0,295.86,6.0,295.91,57.0,295.92,92.0
1753617289906,11:54:49.906,gateio,AAVE/USDT:USDT,295.89,772.0,295.86,6.0,295.91,57.0,295.92,92.0
1753617290097,11:54:50.097,gateio,AAVE/USDT:USDT,295.89,772.0,295.86,6.0,295.91,59.0,295.92,92.0
1753617290161,11:54:50.161,gateio,AAVE/USDT:USDT,295.89,772.0,295.86,6.0,295.91,2.0,295.94,198.0
1753617290281,11:54:50.281,gateio,AAVE/USDT:USDT,295.89,772.0,295.87,93.0,295.91,2.0,295.94,63.0
1753617290692,11:54:50.692,gateio,AAVE/USDT:USDT,295.89,772.0,295.87,93.0,295.91,2.0,295.94,63.0
1753617290762,11:54:50.762,gateio,AAVE/USDT:USDT,295.89,772.0,295.87,93.0,295.91,2.0,295.94,63.0
1753617290811,11:54:50.811,gateio,AAVE/USDT:USDT,295.89,772.0,295.87,93.0,295.91,2.0,295.92,60.0
1753617291303,11:54:51.303,gateio,AAVE/USDT:USDT,295.89,772.0,295.87,93.0,295.91,2.0,295.92,60.0
1753617292250,11:54:52.250,gateio,AAVE/USDT:USDT,295.89,772.0,295.87,93.0,295.91,2.0,295.92,60.0
1753617292381,11:54:52.381,gateio,AAVE/USDT:USDT,295.89,772.0,295.86,99.0,295.91,2.0,295.92,60.0
1753617292463,11:54:52.463,gateio,AAVE/USDT:USDT,295.89,5.0,295.86,6.0,295.91,2.0,295.92,60.0
1753617292562,11:54:52.562,gateio,AAVE/USDT:USDT,295.89,5.0,295.87,748.0,295.91,2.0,295.92,60.0
1753617292670,11:54:52.670,gateio,AAVE/USDT:USDT,295.89,5.0,295.88,2.0,295.91,2.0,295.92,60.0
1753617293052,11:54:53.052,gateio,AAVE/USDT:USDT,295.89,720.0,295.88,2.0,295.91,2.0,295.92,60.0
1753617293109,11:54:53.109,gateio,AAVE/USDT:USDT,295.89,720.0,295.86,6.0,295.91,2.0,295.92,60.0
1753617293224,11:54:53.224,gateio,AAVE/USDT:USDT,295.89,720.0,295.87,93.0,295.91,2.0,295.92,60.0
1753617293673,11:54:53.673,gateio,AAVE/USDT:USDT,295.89,720.0,295.87,93.0,295.91,2.0,295.92,60.0
1753617293756,11:54:53.756,gateio,AAVE/USDT:USDT,295.89,720.0,295.87,93.0,295.91,2.0,295.92,60.0
1753617294180,11:54:54.180,gateio,AAVE/USDT:USDT,295.89,720.0,295.86,6.0,295.91,2.0,295.92,60.0
1753617294695,11:54:54.695,gateio,AAVE/USDT:USDT,295.89,5.0,295.86,6.0,295.91,94.0,295.92,166.0
1753617294716,11:54:54.716,gateio,AAVE/USDT:USDT,295.89,5.0,295.86,6.0,295.91,2.0,295.92,191.0
1753617294863,11:54:54.863,gateio,AAVE/USDT:USDT,295.89,5.0,295.87,832.0,295.9,63.0,295.92,106.0
1753617294918,11:54:54.918,gateio,AAVE/USDT:USDT,295.89,5.0,295.87,832.0,295.9,63.0,295.92,106.0
1753617295130,11:54:55.130,gateio,AAVE/USDT:USDT,295.89,5.0,295.87,832.0,295.9,63.0,295.92,106.0
1753617295286,11:54:55.286,gateio,AAVE/USDT:USDT,295.89,5.0,295.86,6.0,295.9,155.0,295.92,106.0
1753617295369,11:54:55.369,gateio,AAVE/USDT:USDT,295.89,5.0,295.82,6.0,295.9,160.0,295.92,106.0
1753617295429,11:54:55.429,gateio,AAVE/USDT:USDT,295.89,5.0,295.86,6.0,295.9,160.0,295.92,106.0
1753617295506,11:54:55.506,gateio,AAVE/USDT:USDT,295.89,5.0,295.86,8.0,295.9,160.0,295.92,106.0
1753617296103,11:54:56.103,gateio,AAVE/USDT:USDT,295.89,5.0,295.86,8.0,295.9,160.0,295.92,106.0
1753617296201,11:54:56.201,gateio,AAVE/USDT:USDT,295.89,5.0,295.86,8.0,295.9,160.0,295.92,106.0
1753617296348,11:54:56.348,gateio,AAVE/USDT:USDT,295.89,5.0,295.86,8.0,295.9,160.0,295.92,106.0
