timestamp,time,exchange,symbol,bid1_price,bid1_volume,bid2_price,bid2_volume,ask1_price,ask1_volume,ask2_price,ask2_volume
1753617162626,11:52:42.626,phemex,A/USDT:USDT,0.5766,870.0,0.5765,213.0,0.5767,199.0,0.5768,661.0
1753617163984,11:52:43.984,phemex,A/USDT:USDT,0.5766,870.0,0.5765,213.0,0.5767,199.0,0.5768,661.0
1753617167497,11:52:47.497,phemex,A/USDT:USDT,0.5766,870.0,0.5765,213.0,0.5767,192.0,0.5768,661.0
1753617171270,11:52:51.270,phemex,A/USDT:USDT,0.5766,870.0,0.5765,213.0,0.5767,186.0,0.5768,661.0
1753617171520,11:52:51.520,phemex,A/USDT:USDT,0.5766,870.0,0.5765,213.0,0.5767,186.0,0.5768,446.0
1753617171581,11:52:51.581,phemex,A/USDT:USDT,0.5766,644.0,0.5765,213.0,0.5769,413.0,0.577,1876.0
1753617171658,11:52:51.658,phemex,A/USDT:USDT,0.5767,221.0,0.5766,644.0,0.5769,413.0,0.577,1876.0
1753617171681,11:52:51.681,phemex,A/USDT:USDT,0.5767,221.0,0.5766,644.0,0.5769,413.0,0.577,1876.0
1753617173615,11:52:53.615,phemex,A/USDT:USDT,0.5767,221.0,0.5766,644.0,0.5768,221.0,0.5769,413.0
1753617174136,11:52:54.136,phemex,A/USDT:USDT,0.5767,221.0,0.5766,644.0,0.5768,221.0,0.5769,413.0
1753617174167,11:52:54.167,phemex,A/USDT:USDT,0.5767,221.0,0.5766,644.0,0.5768,221.0,0.5769,413.0
1753617177550,11:52:57.550,phemex,A/USDT:USDT,0.5767,221.0,0.5766,644.0,0.5768,221.0,0.5769,413.0
1753617177559,11:52:57.559,phemex,A/USDT:USDT,0.5767,221.0,0.5766,644.0,0.5768,221.0,0.5769,413.0
1753617182705,11:53:02.705,phemex,A/USDT:USDT,0.5767,221.0,0.5766,644.0,0.5769,413.0,0.577,1876.0
1753617182857,11:53:02.857,phemex,A/USDT:USDT,0.5767,221.0,0.5766,644.0,0.5769,413.0,0.577,1876.0
1753617183576,11:53:03.576,phemex,A/USDT:USDT,0.5767,221.0,0.5766,644.0,0.5769,413.0,0.577,1876.0
1753617183620,11:53:03.620,phemex,A/USDT:USDT,0.5767,453.0,0.5766,644.0,0.5768,172.0,0.5769,338.0
1753617183621,11:53:03.621,phemex,A/USDT:USDT,0.5767,613.0,0.5766,644.0,0.5768,172.0,0.5769,515.0
1753617183669,11:53:03.669,phemex,A/USDT:USDT,0.5767,613.0,0.5766,644.0,0.577,222.0,0.5771,1076.0
1753617183736,11:53:03.736,phemex,A/USDT:USDT,0.5767,613.0,0.5766,644.0,0.577,222.0,0.5771,1076.0
1753617183823,11:53:03.823,phemex,A/USDT:USDT,0.5767,613.0,0.5766,644.0,0.577,222.0,0.5771,1076.0
1753617183858,11:53:03.858,phemex,A/USDT:USDT,0.5768,214.0,0.5767,613.0,0.5771,1076.0,0.5772,821.0
1753617183913,11:53:03.913,phemex,A/USDT:USDT,0.5768,214.0,0.5767,613.0,0.5771,1076.0,0.5772,821.0
1753617184486,11:53:04.486,phemex,A/USDT:USDT,0.5768,214.0,0.5767,613.0,0.577,214.0,0.5771,1076.0
1753617187951,11:53:07.951,phemex,A/USDT:USDT,0.5768,214.0,0.5767,613.0,0.577,214.0,0.5771,1076.0
1753617188128,11:53:08.128,phemex,A/USDT:USDT,0.5768,214.0,0.5767,613.0,0.577,214.0,0.5771,1076.0
1753617188179,11:53:08.179,phemex,A/USDT:USDT,0.5768,214.0,0.5767,613.0,0.577,214.0,0.5771,1076.0
1753617188197,11:53:08.197,phemex,A/USDT:USDT,0.5768,214.0,0.5767,613.0,0.577,214.0,0.5771,1076.0
1753617190984,11:53:10.984,phemex,A/USDT:USDT,0.5768,214.0,0.5767,613.0,0.577,214.0,0.5771,1076.0
1753617192757,11:53:12.757,phemex,A/USDT:USDT,0.5768,214.0,0.5767,613.0,0.577,214.0,0.5771,1076.0
1753617194022,11:53:14.022,phemex,A/USDT:USDT,0.5768,214.0,0.5767,613.0,0.577,214.0,0.5771,1076.0
1753617196275,11:53:16.275,phemex,A/USDT:USDT,0.5768,402.0,0.5767,842.0,0.5769,321.0,0.577,652.0
1753617196302,11:53:16.302,phemex,A/USDT:USDT,0.5768,402.0,0.5767,842.0,0.5769,321.0,0.577,652.0
1753617197231,11:53:17.231,phemex,A/USDT:USDT,0.5768,402.0,0.5767,842.0,0.5769,321.0,0.577,438.0
1753617197558,11:53:17.558,phemex,A/USDT:USDT,0.5768,402.0,0.5767,842.0,0.5769,321.0,0.577,438.0
1753617199275,11:53:19.275,phemex,A/USDT:USDT,0.5768,402.0,0.5767,842.0,0.5771,216.0,0.5772,2083.0
1753617199294,11:53:19.294,phemex,A/USDT:USDT,0.5768,402.0,0.5767,842.0,0.5771,364.0,0.5772,360.0
1753617199317,11:53:19.317,phemex,A/USDT:USDT,0.5769,221.0,0.5768,402.0,0.5771,364.0,0.5772,360.0
1753617199317,11:53:19.317,phemex,A/USDT:USDT,0.5769,221.0,0.5768,402.0,0.5771,364.0,0.5772,360.0
1753617199365,11:53:19.365,phemex,A/USDT:USDT,0.5769,221.0,0.5768,402.0,0.5771,364.0,0.5772,360.0
1753617199735,11:53:19.735,phemex,A/USDT:USDT,0.5769,221.0,0.5768,402.0,0.5771,364.0,0.5772,360.0
1753617199977,11:53:19.977,phemex,A/USDT:USDT,0.5769,221.0,0.5768,402.0,0.577,221.0,0.5771,364.0
1753617201095,11:53:21.095,phemex,A/USDT:USDT,0.5769,221.0,0.5768,402.0,0.5771,364.0,0.5772,360.0
1753617201137,11:53:21.137,phemex,A/USDT:USDT,0.5769,221.0,0.5768,402.0,0.5771,364.0,0.5772,360.0
1753617202360,11:53:22.360,phemex,A/USDT:USDT,0.5769,221.0,0.5768,402.0,0.5771,364.0,0.5772,360.0
1753617202849,11:53:22.849,phemex,A/USDT:USDT,0.5769,449.0,0.5768,742.0,0.5771,364.0,0.5772,360.0
1753617202857,11:53:22.857,phemex,A/USDT:USDT,0.5769,449.0,0.5768,742.0,0.577,221.0,0.5771,364.0
1753617202909,11:53:22.909,phemex,A/USDT:USDT,0.5769,221.0,0.5768,214.0,0.577,221.0,0.5771,364.0
1753617202922,11:53:22.922,phemex,A/USDT:USDT,0.5768,214.0,0.5767,221.0,0.577,221.0,0.5771,364.0
1753617202942,11:53:22.942,phemex,A/USDT:USDT,0.5767,221.0,0.5766,1868.0,0.577,221.0,0.5771,364.0
1753617202984,11:53:22.984,phemex,A/USDT:USDT,0.5767,221.0,0.5766,1868.0,0.577,221.0,0.5771,364.0
1753617204583,11:53:24.583,phemex,A/USDT:USDT,0.5767,221.0,0.5766,1868.0,0.577,221.0,0.5771,548.0
1753617204584,11:53:24.584,phemex,A/USDT:USDT,0.5767,221.0,0.5766,1868.0,0.577,558.0,0.5771,548.0
1753617205239,11:53:25.239,phemex,A/USDT:USDT,0.5767,221.0,0.5766,1868.0,0.577,337.0,0.5771,548.0
1753617205298,11:53:25.298,phemex,A/USDT:USDT,0.5767,221.0,0.5766,1868.0,0.5771,216.0,0.5772,214.0
1753617205316,11:53:25.316,phemex,A/USDT:USDT,0.5767,221.0,0.5766,1868.0,0.5772,214.0,0.5773,1846.0
1753617205335,11:53:25.335,phemex,A/USDT:USDT,0.5767,221.0,0.5766,1868.0,0.5772,214.0,0.5773,1846.0
1753617207158,11:53:27.158,phemex,A/USDT:USDT,0.5767,221.0,0.5766,1868.0,0.5772,214.0,0.5773,1846.0
1753617207920,11:53:27.920,phemex,A/USDT:USDT,0.5767,221.0,0.5766,1868.0,0.5772,214.0,0.5773,1846.0
1753617208013,11:53:28.013,phemex,A/USDT:USDT,0.5767,221.0,0.5766,1868.0,0.5772,214.0,0.5773,1846.0
1753617208479,11:53:28.479,phemex,A/USDT:USDT,0.5769,209.0,0.5768,555.0,0.5772,214.0,0.5773,1846.0
1753617208503,11:53:28.503,phemex,A/USDT:USDT,0.577,216.0,0.5769,209.0,0.5772,214.0,0.5773,1846.0
1753617208522,11:53:28.522,phemex,A/USDT:USDT,0.577,216.0,0.5769,425.0,0.5772,214.0,0.5773,1846.0
1753617210545,11:53:30.545,phemex,A/USDT:USDT,0.577,216.0,0.5769,425.0,0.5772,214.0,0.5773,1846.0
1753617211735,11:53:31.735,phemex,A/USDT:USDT,0.577,216.0,0.5769,425.0,0.5771,451.0,0.5772,627.0
1753617211855,11:53:31.855,phemex,A/USDT:USDT,0.577,216.0,0.5769,425.0,0.5772,430.0,0.5773,221.0
1753617211952,11:53:31.952,phemex,A/USDT:USDT,0.577,216.0,0.5769,425.0,0.5772,430.0,0.5773,221.0
1753617212055,11:53:32.055,phemex,A/USDT:USDT,0.577,216.0,0.5769,425.0,0.5772,430.0,0.5773,221.0
1753617213582,11:53:33.582,phemex,A/USDT:USDT,0.577,394.0,0.5769,828.0,0.5772,430.0,0.5773,221.0
1753617213596,11:53:33.596,phemex,A/USDT:USDT,0.5771,216.0,0.577,394.0,0.5772,430.0,0.5773,221.0
1753617215358,11:53:35.358,phemex,A/USDT:USDT,0.5771,216.0,0.577,394.0,0.5772,216.0,0.5773,221.0
1753617215936,11:53:35.936,phemex,A/USDT:USDT,0.5771,216.0,0.577,394.0,0.5772,216.0,0.5773,221.0
1753617216756,11:53:36.756,phemex,A/USDT:USDT,0.5771,216.0,0.577,394.0,0.5772,216.0,0.5773,221.0
1753617216846,11:53:36.846,phemex,A/USDT:USDT,0.5771,216.0,0.577,394.0,0.5772,216.0,0.5773,221.0
1753617217899,11:53:37.899,phemex,A/USDT:USDT,0.5771,216.0,0.577,394.0,0.5772,380.0,0.5773,221.0
1753617217899,11:53:37.899,phemex,A/USDT:USDT,0.5771,216.0,0.577,394.0,0.5772,604.0,0.5773,221.0
1753617218584,11:53:38.584,phemex,A/USDT:USDT,0.5771,216.0,0.577,538.0,0.5772,604.0,0.5773,221.0
1753617218585,11:53:38.585,phemex,A/USDT:USDT,0.5771,599.0,0.577,538.0,0.5773,541.0,0.5774,417.0
1753617218636,11:53:38.636,phemex,A/USDT:USDT,0.5772,216.0,0.5771,599.0,0.5773,320.0,0.5774,417.0
1753617218663,11:53:38.663,phemex,A/USDT:USDT,0.5772,216.0,0.5771,599.0,0.5773,320.0,0.5774,417.0
1753617218782,11:53:38.782,phemex,A/USDT:USDT,0.5772,216.0,0.5771,599.0,0.5773,320.0,0.5774,417.0
1753617218816,11:53:38.816,phemex,A/USDT:USDT,0.5772,216.0,0.5771,599.0,0.5773,320.0,0.5774,417.0
1753617221418,11:53:41.418,phemex,A/USDT:USDT,0.5772,216.0,0.5771,599.0,0.5773,536.0,0.5774,417.0
1753617221566,11:53:41.566,phemex,A/USDT:USDT,0.5772,216.0,0.5771,599.0,0.5773,536.0,0.5774,417.0
1753617221803,11:53:41.803,phemex,A/USDT:USDT,0.5772,216.0,0.5771,599.0,0.5773,536.0,0.5774,417.0
1753617222253,11:53:42.253,phemex,A/USDT:USDT,0.5772,216.0,0.5771,599.0,0.5773,216.0,0.5774,417.0
1753617223007,11:53:43.007,phemex,A/USDT:USDT,0.5772,216.0,0.5771,599.0,0.5774,417.0,0.5775,1145.0
1753617223188,11:53:43.188,phemex,A/USDT:USDT,0.5772,216.0,0.5771,599.0,0.5773,216.0,0.5774,417.0
1753617223644,11:53:43.644,phemex,A/USDT:USDT,0.5772,216.0,0.5771,599.0,0.5774,417.0,0.5775,1145.0
1753617223689,11:53:43.689,phemex,A/USDT:USDT,0.5772,216.0,0.5771,599.0,0.5774,417.0,0.5775,1145.0
1753617223984,11:53:43.984,phemex,A/USDT:USDT,0.5772,216.0,0.5771,599.0,0.5774,417.0,0.5775,1145.0
1753617224196,11:53:44.196,phemex,A/USDT:USDT,0.5772,448.0,0.5771,584.0,0.5774,961.0,0.5775,216.0
1753617226367,11:53:46.367,phemex,A/USDT:USDT,0.5772,448.0,0.5771,584.0,0.5774,961.0,0.5775,216.0
1753617226433,11:53:46.433,phemex,A/USDT:USDT,0.5772,448.0,0.5771,584.0,0.5774,961.0,0.5775,216.0
1753617226492,11:53:46.492,phemex,A/USDT:USDT,0.5772,448.0,0.5771,584.0,0.5774,961.0,0.5775,216.0
1753617227078,11:53:47.078,phemex,A/USDT:USDT,0.5773,216.0,0.5772,448.0,0.5774,421.0,0.5775,423.0
1753617227220,11:53:47.220,phemex,A/USDT:USDT,0.5773,216.0,0.5772,448.0,0.5774,204.0,0.5775,423.0
1753617227329,11:53:47.329,phemex,A/USDT:USDT,0.5773,216.0,0.5772,448.0,0.5774,204.0,0.5775,423.0
1753617227350,11:53:47.350,phemex,A/USDT:USDT,0.5773,216.0,0.5772,448.0,0.5774,420.0,0.5775,423.0
1753617230204,11:53:50.204,phemex,A/USDT:USDT,0.5773,216.0,0.5772,448.0,0.5774,204.0,0.5775,423.0
1753617230389,11:53:50.389,phemex,A/USDT:USDT,0.5773,216.0,0.5772,448.0,0.5774,420.0,0.5775,423.0
1753617231167,11:53:51.167,phemex,A/USDT:USDT,0.5773,216.0,0.5772,448.0,0.5774,420.0,0.5775,423.0
1753617231174,11:53:51.174,phemex,A/USDT:USDT,0.5773,216.0,0.5772,448.0,0.5774,420.0,0.5775,423.0
1753617231228,11:53:51.228,phemex,A/USDT:USDT,0.5772,448.0,0.5771,584.0,0.5774,420.0,0.5775,423.0
1753617231258,11:53:51.258,phemex,A/USDT:USDT,0.5772,448.0,0.5771,584.0,0.5774,420.0,0.5775,423.0
1753617231288,11:53:51.288,phemex,A/USDT:USDT,0.5772,448.0,0.5771,584.0,0.5773,216.0,0.5774,420.0
1753617232609,11:53:52.609,phemex,A/USDT:USDT,0.5772,232.0,0.5771,584.0,0.5773,216.0,0.5774,420.0
1753617232961,11:53:52.961,phemex,A/USDT:USDT,0.5772,79.0,0.5771,584.0,0.5773,216.0,0.5774,420.0
1753617232968,11:53:52.968,phemex,A/USDT:USDT,0.5772,295.0,0.5771,584.0,0.5773,216.0,0.5774,420.0
1753617233770,11:53:53.770,phemex,A/USDT:USDT,0.5772,79.0,0.5771,584.0,0.5773,216.0,0.5774,420.0
1753617234089,11:53:54.089,phemex,A/USDT:USDT,0.5772,295.0,0.5771,584.0,0.5773,216.0,0.5774,420.0
1753617235402,11:53:55.402,phemex,A/USDT:USDT,0.5772,79.0,0.5771,584.0,0.5773,216.0,0.5774,420.0
1753617235872,11:53:55.872,phemex,A/USDT:USDT,0.5772,295.0,0.5771,584.0,0.5773,216.0,0.5774,420.0
1753617235978,11:53:55.978,phemex,A/USDT:USDT,0.5772,295.0,0.5771,584.0,0.5773,216.0,0.5774,420.0
1753617236125,11:53:56.125,phemex,A/USDT:USDT,0.5772,467.0,0.5771,216.0,0.5774,216.0,0.5775,611.0
1753617236137,11:53:56.137,phemex,A/USDT:USDT,0.5772,467.0,0.5771,216.0,0.5774,216.0,0.5775,611.0
1753617236185,11:53:56.185,phemex,A/USDT:USDT,0.5773,216.0,0.5772,467.0,0.5774,216.0,0.5775,611.0
1753617236601,11:53:56.601,phemex,A/USDT:USDT,0.5773,216.0,0.5772,530.0,0.5774,216.0,0.5775,611.0
1753617236601,11:53:56.601,phemex,A/USDT:USDT,0.5773,216.0,0.5772,710.0,0.5774,216.0,0.5775,611.0
1753617237714,11:53:57.714,phemex,A/USDT:USDT,0.5772,710.0,0.5771,753.0,0.5774,216.0,0.5775,611.0
1753617237784,11:53:57.784,phemex,A/USDT:USDT,0.5772,710.0,0.5771,753.0,0.5774,216.0,0.5775,611.0
1753617238009,11:53:58.009,phemex,A/USDT:USDT,0.5772,710.0,0.5771,753.0,0.5774,216.0,0.5775,611.0
1753617238034,11:53:58.034,phemex,A/USDT:USDT,0.5772,710.0,0.5771,753.0,0.5774,216.0,0.5775,611.0
1753617239208,11:53:59.208,phemex,A/USDT:USDT,0.5773,221.0,0.5772,710.0,0.5774,216.0,0.5775,611.0
1753617239676,11:53:59.676,phemex,A/USDT:USDT,0.5772,710.0,0.5771,753.0,0.5774,216.0,0.5775,611.0
1753617239717,11:53:59.717,phemex,A/USDT:USDT,0.5772,710.0,0.5771,753.0,0.5774,216.0,0.5775,611.0
1753617240767,11:54:00.767,phemex,A/USDT:USDT,0.5772,710.0,0.5771,753.0,0.5774,216.0,0.5775,611.0
1753617241060,11:54:01.060,phemex,A/USDT:USDT,0.5772,710.0,0.5771,753.0,0.5774,216.0,0.5775,611.0
1753617241747,11:54:01.747,phemex,A/USDT:USDT,0.5772,893.0,0.5771,753.0,0.5774,216.0,0.5775,611.0
1753617241747,11:54:01.747,phemex,A/USDT:USDT,0.5772,893.0,0.5771,1152.0,0.5774,216.0,0.5775,611.0
1753617242077,11:54:02.077,phemex,A/USDT:USDT,0.5772,216.0,0.5771,216.0,0.5774,421.0,0.5775,216.0
1753617242100,11:54:02.100,phemex,A/USDT:USDT,0.5771,216.0,0.577,1739.0,0.5773,221.0,0.5774,421.0
1753617242111,11:54:02.111,phemex,A/USDT:USDT,0.5771,216.0,0.577,1739.0,0.5773,221.0,0.5774,421.0
1753617242833,11:54:02.833,phemex,A/USDT:USDT,0.5771,216.0,0.577,1739.0,0.5774,421.0,0.5775,216.0
1753617242889,11:54:02.889,phemex,A/USDT:USDT,0.5771,216.0,0.577,1739.0,0.5774,421.0,0.5775,216.0
1753617243418,11:54:03.418,phemex,A/USDT:USDT,0.5771,216.0,0.577,1739.0,0.5774,421.0,0.5775,216.0
1753617243429,11:54:03.429,phemex,A/USDT:USDT,0.5771,216.0,0.577,1739.0,0.5774,421.0,0.5775,216.0
1753617243526,11:54:03.526,phemex,A/USDT:USDT,0.5771,216.0,0.577,1739.0,0.5773,221.0,0.5774,421.0
1753617246138,11:54:06.138,phemex,A/USDT:USDT,0.5771,216.0,0.577,1739.0,0.5773,221.0,0.5774,421.0
1753617246207,11:54:06.207,phemex,A/USDT:USDT,0.5771,216.0,0.577,1739.0,0.5773,221.0,0.5774,421.0
1753617248181,11:54:08.181,phemex,A/USDT:USDT,0.5772,238.0,0.5771,754.0,0.5773,788.0,0.5774,421.0
1753617248235,11:54:08.235,phemex,A/USDT:USDT,0.5772,238.0,0.5771,754.0,0.5773,788.0,0.5774,421.0
1753617248390,11:54:08.390,phemex,A/USDT:USDT,0.5771,754.0,0.577,1333.0,0.5773,788.0,0.5774,421.0
1753617248427,11:54:08.427,phemex,A/USDT:USDT,0.5771,754.0,0.577,1333.0,0.5772,212.0,0.5773,788.0
1753617248606,11:54:08.606,phemex,A/USDT:USDT,0.5771,378.0,0.577,430.0,0.5772,212.0,0.5773,221.0
1753617248644,11:54:08.644,phemex,A/USDT:USDT,0.5771,378.0,0.577,430.0,0.5773,221.0,0.5774,383.0
1753617248671,11:54:08.671,phemex,A/USDT:USDT,0.5771,378.0,0.577,430.0,0.5773,221.0,0.5774,383.0
1753617248700,11:54:08.700,phemex,A/USDT:USDT,0.5771,378.0,0.577,430.0,0.5773,221.0,0.5774,383.0
1753617248752,11:54:08.752,phemex,A/USDT:USDT,0.5771,378.0,0.577,430.0,0.5773,221.0,0.5774,383.0
1753617249332,11:54:09.332,phemex,A/USDT:USDT,0.5771,378.0,0.577,430.0,0.5773,221.0,0.5774,383.0
1753617252778,11:54:12.778,phemex,A/USDT:USDT,0.5771,378.0,0.577,430.0,0.5773,221.0,0.5774,383.0
1753617252786,11:54:12.786,phemex,A/USDT:USDT,0.5771,378.0,0.577,430.0,0.5773,221.0,0.5774,383.0
1753617254068,11:54:14.068,phemex,A/USDT:USDT,0.5772,461.0,0.5771,751.0,0.5773,221.0,0.5774,383.0
1753617254099,11:54:14.099,phemex,A/USDT:USDT,0.5772,249.0,0.5771,751.0,0.5773,221.0,0.5774,216.0
1753617254112,11:54:14.112,phemex,A/USDT:USDT,0.5772,249.0,0.5771,751.0,0.5774,216.0,0.5775,631.0
1753617254152,11:54:14.152,phemex,A/USDT:USDT,0.5772,249.0,0.5771,751.0,0.5774,216.0,0.5775,631.0
1753617255219,11:54:15.219,phemex,A/USDT:USDT,0.5772,461.0,0.5771,751.0,0.5774,216.0,0.5775,631.0
1753617255385,11:54:15.385,phemex,A/USDT:USDT,0.5772,438.0,0.5771,751.0,0.5774,216.0,0.5775,631.0
1753617256427,11:54:16.427,phemex,A/USDT:USDT,0.5772,226.0,0.5771,751.0,0.5774,216.0,0.5775,631.0
1753617257586,11:54:17.586,phemex,A/USDT:USDT,0.5772,226.0,0.5771,751.0,0.5774,216.0,0.5775,631.0
1753617257729,11:54:17.729,phemex,A/USDT:USDT,0.5772,210.0,0.5771,751.0,0.5774,216.0,0.5775,631.0
1753617258284,11:54:18.284,phemex,A/USDT:USDT,0.5772,431.0,0.5771,751.0,0.5774,216.0,0.5775,631.0
1753617258284,11:54:18.284,phemex,A/USDT:USDT,0.5772,431.0,0.5771,751.0,0.5774,216.0,0.5775,631.0
1753617259748,11:54:19.748,phemex,A/USDT:USDT,0.5772,427.0,0.5771,751.0,0.5774,216.0,0.5775,631.0
1753617261092,11:54:21.092,phemex,A/USDT:USDT,0.5773,243.0,0.5772,869.0,0.5774,444.0,0.5775,533.0
1753617261127,11:54:21.127,phemex,A/USDT:USDT,0.5773,243.0,0.5772,869.0,0.5774,444.0,0.5775,533.0
1753617262387,11:54:22.387,phemex,A/USDT:USDT,0.5773,243.0,0.5772,869.0,0.5774,444.0,0.5775,533.0
1753617263745,11:54:23.745,phemex,A/USDT:USDT,0.5773,243.0,0.5772,869.0,0.5774,444.0,0.5775,533.0
1753617263756,11:54:23.756,phemex,A/USDT:USDT,0.5773,243.0,0.5772,869.0,0.5774,444.0,0.5775,533.0
1753617265084,11:54:25.084,phemex,A/USDT:USDT,0.5771,216.0,0.577,1761.0,0.5774,444.0,0.5775,533.0
1753617265095,11:54:25.095,phemex,A/USDT:USDT,0.5771,216.0,0.577,1761.0,0.5773,221.0,0.5774,444.0
1753617267187,11:54:27.187,phemex,A/USDT:USDT,0.5771,216.0,0.577,1761.0,0.5773,221.0,0.5774,444.0
1753617271978,11:54:31.978,phemex,A/USDT:USDT,0.5771,216.0,0.577,1761.0,0.5773,221.0,0.5774,444.0
1753617271988,11:54:31.988,phemex,A/USDT:USDT,0.5771,216.0,0.577,1761.0,0.5773,221.0,0.5774,444.0
1753617276693,11:54:36.693,phemex,A/USDT:USDT,0.5772,411.0,0.5771,525.0,0.5773,578.0,0.5774,668.0
1753617277709,11:54:37.709,phemex,A/USDT:USDT,0.5772,379.0,0.5771,525.0,0.5773,578.0,0.5774,668.0
1753617278866,11:54:38.866,phemex,A/USDT:USDT,0.5772,379.0,0.5771,309.0,0.5773,578.0,0.5774,668.0
1753617279080,11:54:39.080,phemex,A/USDT:USDT,0.5772,379.0,0.5771,309.0,0.5773,578.0,0.5774,668.0
1753617279103,11:54:39.103,phemex,A/USDT:USDT,0.5772,379.0,0.5771,309.0,0.5773,578.0,0.5774,668.0
1753617279325,11:54:39.325,phemex,A/USDT:USDT,0.5772,379.0,0.5771,531.0,0.5773,578.0,0.5774,668.0
1753617279742,11:54:39.742,phemex,A/USDT:USDT,0.5772,298.0,0.5771,531.0,0.5773,578.0,0.5774,668.0
1753617280691,11:54:40.691,phemex,A/USDT:USDT,0.577,216.0,0.5769,634.0,0.5773,578.0,0.5774,668.0
1753617280704,11:54:40.704,phemex,A/USDT:USDT,0.577,216.0,0.5769,856.0,0.5772,222.0,0.5773,578.0
1753617280722,11:54:40.722,phemex,A/USDT:USDT,0.577,216.0,0.5769,856.0,0.5772,222.0,0.5773,578.0
1753617282562,11:54:42.562,phemex,A/USDT:USDT,0.577,216.0,0.5769,856.0,0.5772,671.0,0.5773,578.0
1753617283179,11:54:43.179,phemex,A/USDT:USDT,0.577,216.0,0.5769,856.0,0.5772,671.0,0.5773,578.0
1753617283222,11:54:43.222,phemex,A/USDT:USDT,0.577,216.0,0.5769,856.0,0.5771,222.0,0.5772,671.0
1753617283247,11:54:43.247,phemex,A/USDT:USDT,0.577,216.0,0.5769,856.0,0.5771,222.0,0.5772,671.0
1753617283616,11:54:43.616,phemex,A/USDT:USDT,0.577,216.0,0.5769,856.0,0.5772,671.0,0.5773,578.0
1753617283668,11:54:43.668,phemex,A/USDT:USDT,0.577,216.0,0.5769,856.0,0.5772,671.0,0.5773,578.0
1753617285718,11:54:45.718,phemex,A/USDT:USDT,0.577,216.0,0.5769,856.0,0.5774,216.0,0.5775,1958.0
1753617285755,11:54:45.755,phemex,A/USDT:USDT,0.577,216.0,0.5769,856.0,0.5774,216.0,0.5775,1958.0
1753617288005,11:54:48.005,phemex,A/USDT:USDT,0.577,216.0,0.5769,856.0,0.5774,216.0,0.5775,1958.0
1753617289982,11:54:49.982,phemex,A/USDT:USDT,0.577,216.0,0.5769,856.0,0.5774,216.0,0.5775,1412.0
1753617293579,11:54:53.579,phemex,A/USDT:USDT,0.5772,317.0,0.5771,478.0,0.5773,408.0,0.5774,653.0
1753617293597,11:54:53.597,phemex,A/USDT:USDT,0.5772,317.0,0.5771,690.0,0.5773,408.0,0.5774,653.0
1753617300222,11:55:00.222,phemex,A/USDT:USDT,0.5772,317.0,0.5771,690.0,0.5773,373.0,0.5774,653.0
1753617300250,11:55:00.250,phemex,A/USDT:USDT,0.5772,317.0,0.5771,690.0,0.5773,586.0,0.5774,653.0
1753617301072,11:55:01.072,phemex,A/USDT:USDT,0.5772,317.0,0.5771,478.0,0.5773,586.0,0.5774,653.0
1753617304497,11:55:04.497,phemex,A/USDT:USDT,0.5772,317.0,0.5771,691.0,0.5773,586.0,0.5774,653.0
1753617307596,11:55:07.596,phemex,A/USDT:USDT,0.5772,317.0,0.5771,691.0,0.5773,586.0,0.5774,653.0
1753617309677,11:55:09.677,phemex,A/USDT:USDT,0.5772,297.0,0.5771,691.0,0.5773,586.0,0.5774,653.0
1753617310987,11:55:10.987,phemex,A/USDT:USDT,0.5772,297.0,0.5771,691.0,0.5773,586.0,0.5774,653.0
1753617314055,11:55:14.055,phemex,A/USDT:USDT,0.5772,297.0,0.5771,478.0,0.5773,586.0,0.5774,653.0
1753617314843,11:55:14.843,phemex,A/USDT:USDT,0.577,216.0,0.5769,438.0,0.5773,586.0,0.5774,653.0
1753617314855,11:55:14.855,phemex,A/USDT:USDT,0.577,216.0,0.5769,438.0,0.5771,178.0,0.5772,873.0
1753617315362,11:55:15.362,phemex,A/USDT:USDT,0.577,216.0,0.5769,438.0,0.5771,392.0,0.5772,873.0
1753617315579,11:55:15.579,phemex,A/USDT:USDT,0.577,216.0,0.5769,438.0,0.5771,392.0,0.5772,873.0
1753617315606,11:55:15.606,phemex,A/USDT:USDT,0.577,216.0,0.5769,438.0,0.5771,392.0,0.5772,873.0
1753617315935,11:55:15.935,phemex,A/USDT:USDT,0.577,216.0,0.5769,438.0,0.5771,214.0,0.5772,214.0
1753617315948,11:55:15.948,phemex,A/USDT:USDT,0.577,216.0,0.5769,438.0,0.5772,214.0,0.5773,213.0
1753617315972,11:55:15.972,phemex,A/USDT:USDT,0.577,216.0,0.5769,438.0,0.5773,213.0,0.5774,1286.0
1753617316032,11:55:16.032,phemex,A/USDT:USDT,0.577,216.0,0.5769,438.0,0.5773,213.0,0.5774,1286.0
1753617318426,11:55:18.426,phemex,A/USDT:USDT,0.577,216.0,0.5769,438.0,0.5773,213.0,0.5774,1286.0
1753617318447,11:55:18.447,phemex,A/USDT:USDT,0.577,216.0,0.5769,438.0,0.5773,213.0,0.5774,1286.0
1753617319151,11:55:19.151,phemex,A/USDT:USDT,0.5769,438.0,0.5768,427.0,0.5773,213.0,0.5774,1286.0
1753617319200,11:55:19.200,phemex,A/USDT:USDT,0.5769,438.0,0.5768,427.0,0.5773,213.0,0.5774,1286.0
1753617319975,11:55:19.975,phemex,A/USDT:USDT,0.577,158.0,0.5769,870.0,0.5773,213.0,0.5774,1286.0
1753617320143,11:55:20.143,phemex,A/USDT:USDT,0.5768,421.0,0.5767,216.0,0.5773,213.0,0.5774,1286.0
1753617320252,11:55:20.252,phemex,A/USDT:USDT,0.5768,205.0,0.5767,216.0,0.5773,213.0,0.5774,1286.0
1753617320278,11:55:20.278,phemex,A/USDT:USDT,0.5768,205.0,0.5767,216.0,0.5773,213.0,0.5774,1286.0
1753617320958,11:55:20.958,phemex,A/USDT:USDT,0.5767,380.0,0.5766,214.0,0.5768,355.0,0.5769,379.0
1753617320984,11:55:20.984,phemex,A/USDT:USDT,0.5767,380.0,0.5766,214.0,0.5768,571.0,0.5769,595.0
1753617321041,11:55:21.041,phemex,A/USDT:USDT,0.5767,380.0,0.5766,214.0,0.5768,370.0,0.5769,387.0
1753617321054,11:55:21.054,phemex,A/USDT:USDT,0.5767,380.0,0.5766,214.0,0.5768,216.0,0.5769,216.0
1753617321127,11:55:21.127,phemex,A/USDT:USDT,0.5767,380.0,0.5766,214.0,0.5769,216.0,0.577,216.0
1753617321215,11:55:21.215,phemex,A/USDT:USDT,0.5767,380.0,0.5766,214.0,0.577,216.0,0.5771,1591.0
1753617323752,11:55:23.752,phemex,A/USDT:USDT,0.5768,216.0,0.5767,380.0,0.577,216.0,0.5771,1591.0
1753617323988,11:55:23.988,phemex,A/USDT:USDT,0.5768,216.0,0.5767,380.0,0.577,216.0,0.5771,1591.0
1753617325349,11:55:25.349,phemex,A/USDT:USDT,0.5767,380.0,0.5766,214.0,0.577,216.0,0.5771,1591.0
1753617325386,11:55:25.386,phemex,A/USDT:USDT,0.5767,380.0,0.5766,214.0,0.577,216.0,0.5771,1591.0
1753617328788,11:55:28.788,phemex,A/USDT:USDT,0.5767,380.0,0.5766,214.0,0.577,216.0,0.5771,1591.0
1753617330067,11:55:30.067,phemex,A/USDT:USDT,0.5767,553.0,0.5766,412.0,0.5769,179.0,0.577,741.0
1753617330086,11:55:30.086,phemex,A/USDT:USDT,0.5767,553.0,0.5766,412.0,0.5768,217.0,0.5769,179.0
1753617330587,11:55:30.587,phemex,A/USDT:USDT,0.5767,337.0,0.5766,412.0,0.5768,217.0,0.5769,179.0
1753617333582,11:55:33.582,phemex,A/USDT:USDT,0.5767,337.0,0.5766,412.0,0.5768,217.0,0.5769,179.0
1753617333590,11:55:33.590,phemex,A/USDT:USDT,0.5767,337.0,0.5766,412.0,0.5768,217.0,0.5769,179.0
1753617335144,11:55:35.144,phemex,A/USDT:USDT,0.5767,337.0,0.5766,412.0,0.5768,575.0,0.5769,360.0
1753617335179,11:55:35.179,phemex,A/USDT:USDT,0.5767,337.0,0.5766,412.0,0.5768,575.0,0.5769,577.0
1753617336649,11:55:36.649,phemex,A/USDT:USDT,0.5767,310.0,0.5766,412.0,0.5768,575.0,0.5769,577.0
1753617340257,11:55:40.257,phemex,A/USDT:USDT,0.5767,293.0,0.5766,412.0,0.5768,575.0,0.5769,577.0
1753617341327,11:55:41.327,phemex,A/USDT:USDT,0.5766,358.0,0.5765,216.0,0.5768,575.0,0.5769,577.0
1753617341353,11:55:41.353,phemex,A/USDT:USDT,0.5766,358.0,0.5765,216.0,0.5767,220.0,0.5768,575.0
1753617341429,11:55:41.429,phemex,A/USDT:USDT,0.5766,358.0,0.5765,216.0,0.5767,220.0,0.5768,575.0
1753617341437,11:55:41.437,phemex,A/USDT:USDT,0.5766,358.0,0.5765,216.0,0.5767,220.0,0.5768,575.0
1753617342639,11:55:42.639,phemex,A/USDT:USDT,0.5766,144.0,0.5765,216.0,0.5767,703.0,0.5768,575.0
1753617342961,11:55:42.961,phemex,A/USDT:USDT,0.5766,144.0,0.5765,216.0,0.5767,703.0,0.5768,575.0
1753617342977,11:55:42.977,phemex,A/USDT:USDT,0.5766,144.0,0.5765,216.0,0.5767,703.0,0.5768,575.0
1753617343942,11:55:43.942,phemex,A/USDT:USDT,0.5766,144.0,0.5765,216.0,0.5767,703.0,0.5768,575.0
1753617344096,11:55:44.096,phemex,A/USDT:USDT,0.5766,144.0,0.5765,216.0,0.5767,703.0,0.5768,575.0
1753617344423,11:55:44.423,phemex,A/USDT:USDT,0.5766,364.0,0.5765,216.0,0.5767,703.0,0.5768,575.0
1753617344428,11:55:44.428,phemex,A/USDT:USDT,0.5766,144.0,0.5765,216.0,0.5767,703.0,0.5768,575.0
1753617344810,11:55:44.810,phemex,A/USDT:USDT,0.5766,364.0,0.5765,216.0,0.5767,703.0,0.5768,575.0
1753617344853,11:55:44.853,phemex,A/USDT:USDT,0.5766,144.0,0.5765,216.0,0.5767,220.0,0.5768,217.0
1753617344936,11:55:44.936,phemex,A/USDT:USDT,0.5766,144.0,0.5765,216.0,0.5768,217.0,0.5769,217.0
1753617345005,11:55:45.005,phemex,A/USDT:USDT,0.5766,144.0,0.5765,216.0,0.5768,217.0,0.5769,217.0
1753617345013,11:55:45.013,phemex,A/USDT:USDT,0.5766,144.0,0.5765,216.0,0.5769,217.0,0.577,1687.0
1753617345081,11:55:45.081,phemex,A/USDT:USDT,0.5766,144.0,0.5765,216.0,0.5769,217.0,0.577,1687.0
1753617345116,11:55:45.116,phemex,A/USDT:USDT,0.5766,364.0,0.5765,216.0,0.5769,217.0,0.577,1687.0
1753617345126,11:55:45.126,phemex,A/USDT:USDT,0.5766,144.0,0.5765,216.0,0.5769,217.0,0.577,1687.0
1753617345359,11:55:45.359,phemex,A/USDT:USDT,0.5766,364.0,0.5765,216.0,0.5769,217.0,0.577,1687.0
1753617345365,11:55:45.365,phemex,A/USDT:USDT,0.5766,144.0,0.5765,216.0,0.5769,217.0,0.577,1687.0
1753617345515,11:55:45.515,phemex,A/USDT:USDT,0.5766,144.0,0.5765,216.0,0.5769,217.0,0.577,1687.0
1753617345662,11:55:45.662,phemex,A/USDT:USDT,0.5766,364.0,0.5765,216.0,0.5769,217.0,0.577,1687.0
1753617345666,11:55:45.666,phemex,A/USDT:USDT,0.5766,144.0,0.5765,216.0,0.5769,217.0,0.577,1687.0
1753617345821,11:55:45.821,phemex,A/USDT:USDT,0.5766,364.0,0.5765,216.0,0.5769,217.0,0.577,1687.0
1753617345827,11:55:45.827,phemex,A/USDT:USDT,0.5766,144.0,0.5765,216.0,0.5769,217.0,0.577,1687.0
1753617345980,11:55:45.980,phemex,A/USDT:USDT,0.5766,144.0,0.5765,216.0,0.5769,217.0,0.577,1687.0
1753617346130,11:55:46.130,phemex,A/USDT:USDT,0.5766,144.0,0.5765,216.0,0.5769,217.0,0.577,1687.0
1753617346286,11:55:46.286,phemex,A/USDT:USDT,0.5766,144.0,0.5765,216.0,0.5769,217.0,0.577,1687.0
1753617346366,11:55:46.366,phemex,A/USDT:USDT,0.5766,292.0,0.5765,367.0,0.5769,217.0,0.577,1687.0
1753617346436,11:55:46.436,phemex,A/USDT:USDT,0.5766,512.0,0.5765,367.0,0.5769,217.0,0.577,1687.0
1753617346690,11:55:46.690,phemex,A/USDT:USDT,0.5767,220.0,0.5766,512.0,0.5769,217.0,0.577,1687.0
1753617347858,11:55:47.858,phemex,A/USDT:USDT,0.5767,220.0,0.5766,512.0,0.5769,217.0,0.577,1687.0
1753617348023,11:55:48.023,phemex,A/USDT:USDT,0.5767,220.0,0.5766,512.0,0.5769,217.0,0.577,1687.0
1753617351981,11:55:51.981,phemex,A/USDT:USDT,0.5767,220.0,0.5766,512.0,0.5769,217.0,0.577,1687.0
1753617352227,11:55:52.227,phemex,A/USDT:USDT,0.5767,220.0,0.5766,512.0,0.5769,217.0,0.577,1687.0
1753617356740,11:55:56.740,phemex,A/USDT:USDT,0.5766,512.0,0.5765,367.0,0.5769,217.0,0.577,1687.0
1753617356838,11:55:56.838,phemex,A/USDT:USDT,0.5766,512.0,0.5765,367.0,0.5769,217.0,0.577,1687.0
1753617357884,11:55:57.884,phemex,A/USDT:USDT,0.5766,512.0,0.5765,367.0,0.5769,217.0,0.577,1687.0
1753617358354,11:55:58.354,phemex,A/USDT:USDT,0.5766,492.0,0.5765,367.0,0.5767,700.0,0.5768,157.0
1753617358374,11:55:58.374,phemex,A/USDT:USDT,0.5766,492.0,0.5765,367.0,0.5767,700.0,0.5768,371.0
1753617361774,11:56:01.774,phemex,A/USDT:USDT,0.5766,484.0,0.5765,367.0,0.5767,700.0,0.5768,371.0
1753617362391,11:56:02.391,phemex,A/USDT:USDT,0.5766,484.0,0.5765,367.0,0.5767,700.0,0.5768,371.0
1753617364982,11:56:04.982,phemex,A/USDT:USDT,0.5766,484.0,0.5765,367.0,0.5767,700.0,0.5768,371.0
1753617365271,11:56:05.271,phemex,A/USDT:USDT,0.5766,484.0,0.5765,367.0,0.5767,700.0,0.5768,371.0
1753617365313,11:56:05.313,phemex,A/USDT:USDT,0.5766,484.0,0.5765,367.0,0.5767,700.0,0.5768,371.0
1753617367181,11:56:07.181,phemex,A/USDT:USDT,0.5766,484.0,0.5765,367.0,0.5767,700.0,0.5768,371.0
1753617367189,11:56:07.189,phemex,A/USDT:USDT,0.5766,484.0,0.5765,367.0,0.5767,700.0,0.5768,371.0
1753617367722,11:56:07.722,phemex,A/USDT:USDT,0.5766,484.0,0.5765,367.0,0.5767,695.0,0.5768,371.0
1753617371991,11:56:11.991,phemex,A/USDT:USDT,0.5766,484.0,0.5765,367.0,0.5767,695.0,0.5768,371.0
1753617378213,11:56:18.213,phemex,A/USDT:USDT,0.5766,484.0,0.5765,367.0,0.5767,695.0,0.5768,371.0
1753617378213,11:56:18.213,phemex,A/USDT:USDT,0.5766,484.0,0.5765,367.0,0.5767,695.0,0.5768,371.0
1753617382581,11:56:22.581,phemex,A/USDT:USDT,0.5766,484.0,0.5765,367.0,0.5767,695.0,0.5768,371.0
1753617382591,11:56:22.591,phemex,A/USDT:USDT,0.5766,484.0,0.5765,367.0,0.5767,695.0,0.5768,371.0
1753617390267,11:56:30.267,phemex,A/USDT:USDT,0.5766,484.0,0.5765,367.0,0.5767,695.0,0.5768,371.0
1753617390429,11:56:30.429,phemex,A/USDT:USDT,0.5766,264.0,0.5765,367.0,0.5767,695.0,0.5768,371.0
1753617394186,11:56:34.186,phemex,A/USDT:USDT,0.5764,213.0,0.5763,3165.0,0.5767,695.0,0.5768,371.0
1753617394208,11:56:34.208,phemex,A/USDT:USDT,0.5764,213.0,0.5763,1080.0,0.5767,695.0,0.5768,371.0
1753617394228,11:56:34.228,phemex,A/USDT:USDT,0.5764,380.0,0.5763,635.0,0.5766,218.0,0.5767,564.0
1753617394237,11:56:34.237,phemex,A/USDT:USDT,0.5764,380.0,0.5763,635.0,0.5766,218.0,0.5767,564.0
1753617394258,11:56:34.258,phemex,A/USDT:USDT,0.5764,380.0,0.5763,635.0,0.5766,218.0,0.5767,782.0
1753617394388,11:56:34.388,phemex,A/USDT:USDT,0.5764,380.0,0.5763,635.0,0.5766,218.0,0.5767,782.0
1753617394401,11:56:34.401,phemex,A/USDT:USDT,0.5765,218.0,0.5764,380.0,0.5766,218.0,0.5767,782.0
1753617398902,11:56:38.902,phemex,A/USDT:USDT,0.5764,380.0,0.5763,635.0,0.5766,218.0,0.5767,782.0
1753617398948,11:56:38.948,phemex,A/USDT:USDT,0.5764,380.0,0.5763,635.0,0.5766,218.0,0.5767,782.0
1753617399201,11:56:39.201,phemex,A/USDT:USDT,0.5764,380.0,0.5763,635.0,0.5766,218.0,0.5767,782.0
1753617399438,11:56:39.438,phemex,A/USDT:USDT,0.5764,380.0,0.5763,837.0,0.5766,218.0,0.5767,218.0
1753617399469,11:56:39.469,phemex,A/USDT:USDT,0.5764,380.0,0.5763,837.0,0.5767,218.0,0.5768,1081.0
1753617399506,11:56:39.506,phemex,A/USDT:USDT,0.5764,380.0,0.5763,837.0,0.5767,218.0,0.5768,1081.0
1753617399558,11:56:39.558,phemex,A/USDT:USDT,0.5764,380.0,0.5763,837.0,0.5767,218.0,0.5768,1081.0
1753617399646,11:56:39.646,phemex,A/USDT:USDT,0.5765,216.0,0.5764,380.0,0.5767,218.0,0.5768,1081.0
1753617400093,11:56:40.093,phemex,A/USDT:USDT,0.5764,380.0,0.5763,837.0,0.5767,218.0,0.5768,1081.0
1753617400161,11:56:40.161,phemex,A/USDT:USDT,0.5764,380.0,0.5763,837.0,0.5767,218.0,0.5768,1081.0
1753617400510,11:56:40.510,phemex,A/USDT:USDT,0.5765,216.0,0.5764,380.0,0.5767,218.0,0.5768,1081.0
1753617403977,11:56:43.977,phemex,A/USDT:USDT,0.5765,216.0,0.5764,380.0,0.5767,218.0,0.5768,1081.0
1753617403983,11:56:43.983,phemex,A/USDT:USDT,0.5765,216.0,0.5764,380.0,0.5767,218.0,0.5768,1081.0
1753617409983,11:56:49.983,phemex,A/USDT:USDT,0.5765,216.0,0.5764,380.0,0.5767,218.0,0.5768,1081.0
1753617410037,11:56:50.037,phemex,A/USDT:USDT,0.5765,216.0,0.5764,380.0,0.5767,218.0,0.5768,1081.0
1753617410732,11:56:50.732,phemex,A/USDT:USDT,0.5764,553.0,0.5763,467.0,0.5766,841.0,0.5767,680.0
1753617410750,11:56:50.750,phemex,A/USDT:USDT,0.5764,553.0,0.5763,467.0,0.5766,841.0,0.5767,680.0
1753617410844,11:56:50.844,phemex,A/USDT:USDT,0.5764,553.0,0.5763,467.0,0.5766,841.0,0.5767,680.0
1753617410865,11:56:50.865,phemex,A/USDT:USDT,0.5764,553.0,0.5763,467.0,0.5766,841.0,0.5767,680.0
1753617411074,11:56:51.074,phemex,A/USDT:USDT,0.5764,553.0,0.5763,467.0,0.5766,841.0,0.5767,680.0
1753617411081,11:56:51.081,phemex,A/USDT:USDT,0.5764,553.0,0.5763,467.0,0.5766,841.0,0.5767,680.0
1753617411412,11:56:51.412,phemex,A/USDT:USDT,0.5765,220.0,0.5764,553.0,0.5766,841.0,0.5767,680.0
1753617413101,11:56:53.101,phemex,A/USDT:USDT,0.5765,220.0,0.5764,553.0,0.5766,243.0,0.5767,218.0
1753617413250,11:56:53.250,phemex,A/USDT:USDT,0.5765,220.0,0.5764,553.0,0.5766,463.0,0.5767,218.0
1753617413531,11:56:53.531,phemex,A/USDT:USDT,0.5765,220.0,0.5764,553.0,0.5766,463.0,0.5767,218.0
1753617413586,11:56:53.586,phemex,A/USDT:USDT,0.5765,220.0,0.5764,553.0,0.5766,463.0,0.5767,218.0
1753617414187,11:56:54.187,phemex,A/USDT:USDT,0.5765,220.0,0.5764,553.0,0.5766,401.0,0.5767,218.0
1753617414607,11:56:54.607,phemex,A/USDT:USDT,0.5765,220.0,0.5764,553.0,0.5766,401.0,0.5767,218.0
1753617415634,11:56:55.634,phemex,A/USDT:USDT,0.5764,553.0,0.5763,467.0,0.5766,401.0,0.5767,218.0
1753617415656,11:56:55.656,phemex,A/USDT:USDT,0.5764,553.0,0.5763,467.0,0.5766,401.0,0.5767,218.0
1753617416246,11:56:56.246,phemex,A/USDT:USDT,0.5764,553.0,0.5763,467.0,0.5766,401.0,0.5767,218.0
1753617416284,11:56:56.284,phemex,A/USDT:USDT,0.5764,553.0,0.5763,467.0,0.5766,401.0,0.5767,218.0
1753617416298,11:56:56.298,phemex,A/USDT:USDT,0.5765,220.0,0.5764,553.0,0.5766,401.0,0.5767,218.0
1753617419144,11:56:59.144,phemex,A/USDT:USDT,0.5765,220.0,0.5764,553.0,0.5766,401.0,0.5767,218.0
1753617421874,11:57:01.874,phemex,A/USDT:USDT,0.5765,220.0,0.5764,553.0,0.5766,380.0,0.5767,218.0
1753617422454,11:57:02.454,phemex,A/USDT:USDT,0.5765,220.0,0.5764,553.0,0.5766,370.0,0.5767,218.0
1753617423221,11:57:03.221,phemex,A/USDT:USDT,0.5765,220.0,0.5764,553.0,0.5766,150.0,0.5767,218.0
1753617427718,11:57:07.718,phemex,A/USDT:USDT,0.5765,220.0,0.5764,553.0,0.5766,366.0,0.5767,218.0
1753617427726,11:57:07.726,phemex,A/USDT:USDT,0.5765,220.0,0.5764,553.0,0.5766,150.0,0.5767,218.0
1753617427877,11:57:07.877,phemex,A/USDT:USDT,0.5765,220.0,0.5764,553.0,0.5766,150.0,0.5767,218.0
1753617428423,11:57:08.423,phemex,A/USDT:USDT,0.5765,220.0,0.5764,553.0,0.5766,366.0,0.5767,218.0
1753617428427,11:57:08.427,phemex,A/USDT:USDT,0.5765,220.0,0.5764,553.0,0.5766,150.0,0.5767,218.0
1753617428585,11:57:08.585,phemex,A/USDT:USDT,0.5765,220.0,0.5764,553.0,0.5766,366.0,0.5767,218.0
1753617428594,11:57:08.594,phemex,A/USDT:USDT,0.5765,220.0,0.5764,553.0,0.5766,150.0,0.5767,218.0
1753617428724,11:57:08.724,phemex,A/USDT:USDT,0.5765,220.0,0.5764,553.0,0.5766,366.0,0.5767,218.0
1753617428730,11:57:08.730,phemex,A/USDT:USDT,0.5765,220.0,0.5764,553.0,0.5766,150.0,0.5767,218.0
1753617428884,11:57:08.884,phemex,A/USDT:USDT,0.5765,220.0,0.5764,553.0,0.5766,150.0,0.5767,218.0
1753617429032,11:57:09.032,phemex,A/USDT:USDT,0.5765,220.0,0.5764,553.0,0.5766,150.0,0.5767,218.0
1753617429181,11:57:09.181,phemex,A/USDT:USDT,0.5765,220.0,0.5764,553.0,0.5766,366.0,0.5767,218.0
1753617429185,11:57:09.185,phemex,A/USDT:USDT,0.5765,220.0,0.5764,553.0,0.5766,150.0,0.5767,218.0
1753617429346,11:57:09.346,phemex,A/USDT:USDT,0.5765,220.0,0.5764,553.0,0.5766,150.0,0.5767,218.0
1753617429503,11:57:09.503,phemex,A/USDT:USDT,0.5765,220.0,0.5764,553.0,0.5766,150.0,0.5767,218.0
1753617429661,11:57:09.661,phemex,A/USDT:USDT,0.5765,220.0,0.5764,553.0,0.5766,150.0,0.5767,218.0
1753617429814,11:57:09.814,phemex,A/USDT:USDT,0.5765,220.0,0.5764,553.0,0.5766,150.0,0.5767,218.0
1753617429972,11:57:09.972,phemex,A/USDT:USDT,0.5765,220.0,0.5764,553.0,0.5766,150.0,0.5767,218.0
1753617430119,11:57:10.119,phemex,A/USDT:USDT,0.5765,220.0,0.5764,553.0,0.5766,366.0,0.5767,218.0
1753617430126,11:57:10.126,phemex,A/USDT:USDT,0.5765,220.0,0.5764,553.0,0.5766,150.0,0.5767,218.0
1753617430277,11:57:10.277,phemex,A/USDT:USDT,0.5765,220.0,0.5764,553.0,0.5766,150.0,0.5767,218.0
1753617430426,11:57:10.426,phemex,A/USDT:USDT,0.5765,220.0,0.5764,553.0,0.5766,366.0,0.5767,218.0
1753617430434,11:57:10.434,phemex,A/USDT:USDT,0.5765,220.0,0.5764,553.0,0.5766,150.0,0.5767,218.0
1753617430594,11:57:10.594,phemex,A/USDT:USDT,0.5765,220.0,0.5764,553.0,0.5766,150.0,0.5767,218.0
1753617430744,11:57:10.744,phemex,A/USDT:USDT,0.5765,220.0,0.5764,553.0,0.5766,366.0,0.5767,218.0
1753617430749,11:57:10.749,phemex,A/USDT:USDT,0.5765,220.0,0.5764,553.0,0.5766,150.0,0.5767,218.0
1753617430908,11:57:10.908,phemex,A/USDT:USDT,0.5765,220.0,0.5764,553.0,0.5766,150.0,0.5767,218.0
1753617431056,11:57:11.056,phemex,A/USDT:USDT,0.5765,220.0,0.5764,553.0,0.5766,150.0,0.5767,218.0
1753617431216,11:57:11.216,phemex,A/USDT:USDT,0.5764,553.0,0.5763,467.0,0.5766,150.0,0.5767,218.0
1753617431232,11:57:11.232,phemex,A/USDT:USDT,0.5764,553.0,0.5763,467.0,0.5766,133.0,0.5767,218.0
1753617431366,11:57:11.366,phemex,A/USDT:USDT,0.5764,553.0,0.5763,467.0,0.5766,133.0,0.5767,218.0
1753617431540,11:57:11.540,phemex,A/USDT:USDT,0.5764,553.0,0.5763,467.0,0.5766,349.0,0.5767,218.0
1753617431545,11:57:11.545,phemex,A/USDT:USDT,0.5764,553.0,0.5763,467.0,0.5766,133.0,0.5767,218.0
1753617431703,11:57:11.703,phemex,A/USDT:USDT,0.5764,553.0,0.5763,467.0,0.5766,133.0,0.5767,218.0
1753617431876,11:57:11.876,phemex,A/USDT:USDT,0.5764,553.0,0.5763,467.0,0.5765,476.0,0.5766,389.0
1753617431900,11:57:11.900,phemex,A/USDT:USDT,0.5764,553.0,0.5763,467.0,0.5765,476.0,0.5766,605.0
1753617435720,11:57:15.720,phemex,A/USDT:USDT,0.5764,340.0,0.5763,467.0,0.5765,476.0,0.5766,605.0
1753617436987,11:57:16.987,phemex,A/USDT:USDT,0.5764,340.0,0.5763,467.0,0.5765,476.0,0.5766,605.0
1753617438018,11:57:18.018,phemex,A/USDT:USDT,0.5764,553.0,0.5763,467.0,0.5765,476.0,0.5766,605.0
1753617439172,11:57:19.172,phemex,A/USDT:USDT,0.5764,553.0,0.5763,467.0,0.5765,459.0,0.5766,605.0
1753617439172,11:57:19.172,phemex,A/USDT:USDT,0.5764,553.0,0.5763,467.0,0.5765,459.0,0.5766,605.0
1753617442744,11:57:22.744,phemex,A/USDT:USDT,0.5764,553.0,0.5763,467.0,0.5765,424.0,0.5766,605.0
1753617444210,11:57:24.210,phemex,A/USDT:USDT,0.5764,553.0,0.5763,467.0,0.5765,424.0,0.5766,605.0
1753617444217,11:57:24.217,phemex,A/USDT:USDT,0.5764,553.0,0.5763,467.0,0.5765,424.0,0.5766,605.0
1753617446675,11:57:26.675,phemex,A/USDT:USDT,0.5764,533.0,0.5763,467.0,0.5765,424.0,0.5766,605.0
1753617447609,11:57:27.609,phemex,A/USDT:USDT,0.5764,533.0,0.5763,467.0,0.5765,424.0,0.5766,605.0
1753617447645,11:57:27.645,phemex,A/USDT:USDT,0.5764,533.0,0.5763,467.0,0.5765,424.0,0.5766,605.0
1753617452401,11:57:32.401,phemex,A/USDT:USDT,0.5764,533.0,0.5763,467.0,0.5765,424.0,0.5766,605.0
1753617452407,11:57:32.407,phemex,A/USDT:USDT,0.5764,533.0,0.5763,467.0,0.5765,424.0,0.5766,605.0
1753617452597,11:57:32.597,phemex,A/USDT:USDT,0.5764,518.0,0.5763,467.0,0.5765,424.0,0.5766,605.0
1753617456716,11:57:36.716,phemex,A/USDT:USDT,0.5764,305.0,0.5763,467.0,0.5765,424.0,0.5766,605.0
1753617459089,11:57:39.089,phemex,A/USDT:USDT,0.5764,305.0,0.5763,467.0,0.5765,424.0,0.5766,605.0
1753617461502,11:57:41.502,phemex,A/USDT:USDT,0.5764,518.0,0.5763,467.0,0.5765,424.0,0.5766,605.0
1753617467341,11:57:47.341,phemex,A/USDT:USDT,0.5764,305.0,0.5763,467.0,0.5765,424.0,0.5766,605.0
1753617468452,11:57:48.452,phemex,A/USDT:USDT,0.5764,305.0,0.5763,467.0,0.5765,424.0,0.5766,605.0
1753617468501,11:57:48.501,phemex,A/USDT:USDT,0.5764,305.0,0.5763,467.0,0.5765,424.0,0.5766,605.0
1753617468670,11:57:48.670,phemex,A/USDT:USDT,0.5763,216.0,0.5762,216.0,0.5765,424.0,0.5766,605.0
1753617468691,11:57:48.691,phemex,A/USDT:USDT,0.5762,216.0,0.5761,3298.0,0.5765,424.0,0.5766,605.0
1753617468707,11:57:48.707,phemex,A/USDT:USDT,0.5762,216.0,0.5761,1213.0,0.5765,424.0,0.5766,605.0
1753617468713,11:57:48.713,phemex,A/USDT:USDT,0.5762,216.0,0.5761,1213.0,0.5765,424.0,0.5766,605.0
1753617469264,11:57:49.264,phemex,A/USDT:USDT,0.5762,216.0,0.5761,1213.0,0.5764,215.0,0.5765,424.0
1753617469283,11:57:49.283,phemex,A/USDT:USDT,0.5761,1213.0,0.576,216.0,0.5764,215.0,0.5765,639.0
1753617469310,11:57:49.310,phemex,A/USDT:USDT,0.5761,213.0,0.576,809.0,0.5764,564.0,0.5765,639.0
1753617469316,11:57:49.316,phemex,A/USDT:USDT,0.5761,213.0,0.576,809.0,0.5764,564.0,0.5765,639.0
1753617469451,11:57:49.451,phemex,A/USDT:USDT,0.576,809.0,0.5759,218.0,0.5763,215.0,0.5764,564.0
1753617469483,11:57:49.483,phemex,A/USDT:USDT,0.5761,215.0,0.576,809.0,0.5763,215.0,0.5764,564.0
1753617469656,11:57:49.656,phemex,A/USDT:USDT,0.576,809.0,0.5759,218.0,0.5763,215.0,0.5764,564.0
1753617469704,11:57:49.704,phemex,A/USDT:USDT,0.576,809.0,0.5759,218.0,0.5763,215.0,0.5764,564.0
1753617472233,11:57:52.233,phemex,A/USDT:USDT,0.576,809.0,0.5759,218.0,0.5763,215.0,0.5764,564.0
1753617472536,11:57:52.536,phemex,A/USDT:USDT,0.576,593.0,0.5759,218.0,0.5763,215.0,0.5764,564.0
1753617472546,11:57:52.546,phemex,A/USDT:USDT,0.576,593.0,0.5759,218.0,0.5763,215.0,0.5764,564.0
1753617473496,11:57:53.496,phemex,A/USDT:USDT,0.576,248.0,0.5759,218.0,0.5763,215.0,0.5764,564.0
1753617473540,11:57:53.540,phemex,A/USDT:USDT,0.576,463.0,0.5759,218.0,0.5763,215.0,0.5764,564.0
1753617474428,11:57:54.428,phemex,A/USDT:USDT,0.576,716.0,0.5759,359.0,0.5761,520.0,0.5762,240.0
1753617474461,11:57:54.461,phemex,A/USDT:USDT,0.576,716.0,0.5759,359.0,0.5761,520.0,0.5762,455.0
1753617474462,11:57:54.462,phemex,A/USDT:USDT,0.576,716.0,0.5759,359.0,0.5761,520.0,0.5762,455.0
1753617475481,11:57:55.481,phemex,A/USDT:USDT,0.576,716.0,0.5759,359.0,0.5761,520.0,0.5762,455.0
1753617475510,11:57:55.510,phemex,A/USDT:USDT,0.576,716.0,0.5759,359.0,0.5761,520.0,0.5762,455.0
1753617477021,11:57:57.021,phemex,A/USDT:USDT,0.576,716.0,0.5759,359.0,0.5761,520.0,0.5762,455.0
1753617477029,11:57:57.029,phemex,A/USDT:USDT,0.576,716.0,0.5759,359.0,0.5761,520.0,0.5762,455.0
1753617480864,11:58:00.864,phemex,A/USDT:USDT,0.576,531.0,0.5759,359.0,0.5761,520.0,0.5762,455.0
1753617481829,11:58:01.829,phemex,A/USDT:USDT,0.576,531.0,0.5759,359.0,0.5761,520.0,0.5762,455.0
1753617482594,11:58:02.594,phemex,A/USDT:USDT,0.576,531.0,0.5759,359.0,0.5761,520.0,0.5762,455.0
1753617482642,11:58:02.642,phemex,A/USDT:USDT,0.576,531.0,0.5759,359.0,0.5761,520.0,0.5762,455.0
1753617484190,11:58:04.190,phemex,A/USDT:USDT,0.576,531.0,0.5759,359.0,0.5761,520.0,0.5762,455.0
1753617484203,11:58:04.203,phemex,A/USDT:USDT,0.576,316.0,0.5759,359.0,0.5761,520.0,0.5762,455.0
1753617484238,11:58:04.238,phemex,A/USDT:USDT,0.5759,370.0,0.5758,214.0,0.5761,520.0,0.5762,455.0
1753617484284,11:58:04.284,phemex,A/USDT:USDT,0.5759,370.0,0.5758,214.0,0.576,457.0,0.5761,300.0
1753617484304,11:58:04.304,phemex,A/USDT:USDT,0.5759,370.0,0.5758,214.0,0.576,457.0,0.5761,516.0
1753617484335,11:58:04.335,phemex,A/USDT:USDT,0.5759,370.0,0.5758,214.0,0.576,457.0,0.5761,516.0
1753617484672,11:58:04.672,phemex,A/USDT:USDT,0.5759,370.0,0.5758,214.0,0.576,241.0,0.5761,516.0
1753617486621,11:58:06.621,phemex,A/USDT:USDT,0.5759,370.0,0.5758,214.0,0.576,241.0,0.5761,516.0
1753617486628,11:58:06.628,phemex,A/USDT:USDT,0.5759,370.0,0.5758,214.0,0.576,241.0,0.5761,516.0
1753617487087,11:58:07.087,phemex,A/USDT:USDT,0.5759,370.0,0.5758,214.0,0.576,241.0,0.5761,516.0
1753617487125,11:58:07.125,phemex,A/USDT:USDT,0.5759,370.0,0.5758,214.0,0.576,241.0,0.5761,516.0
1753617487977,11:58:07.977,phemex,A/USDT:USDT,0.5759,370.0,0.5758,214.0,0.576,241.0,0.5761,516.0
1753617489768,11:58:09.768,phemex,A/USDT:USDT,0.5759,370.0,0.5758,214.0,0.5761,516.0,0.5762,1195.0
1753617489782,11:58:09.782,phemex,A/USDT:USDT,0.576,216.0,0.5759,370.0,0.5761,516.0,0.5762,1195.0
1753617491433,11:58:11.433,phemex,A/USDT:USDT,0.576,216.0,0.5759,370.0,0.5761,516.0,0.5762,1195.0
1753617493983,11:58:13.983,phemex,A/USDT:USDT,0.576,216.0,0.5759,370.0,0.5761,516.0,0.5762,1195.0
1753617494090,11:58:14.090,phemex,A/USDT:USDT,0.5759,846.0,0.5758,214.0,0.5761,411.0,0.5762,215.0
1753617494105,11:58:14.105,phemex,A/USDT:USDT,0.5759,846.0,0.5758,214.0,0.5761,411.0,0.5762,215.0
1753617494789,11:58:14.789,phemex,A/USDT:USDT,0.5759,846.0,0.5758,214.0,0.576,216.0,0.5761,411.0
1753617496222,11:58:16.222,phemex,A/USDT:USDT,0.5759,846.0,0.5758,214.0,0.576,216.0,0.5761,411.0
1753617496505,11:58:16.505,phemex,A/USDT:USDT,0.5759,846.0,0.5758,214.0,0.576,216.0,0.5761,411.0
1753617497696,11:58:17.696,phemex,A/USDT:USDT,0.5759,628.0,0.5758,214.0,0.576,216.0,0.5761,411.0
1753617499091,11:58:19.091,phemex,A/USDT:USDT,0.5759,628.0,0.5758,214.0,0.576,216.0,0.5761,1043.0
1753617499091,11:58:19.091,phemex,A/USDT:USDT,0.5759,628.0,0.5758,214.0,0.576,216.0,0.5761,1043.0
1753617500802,11:58:20.802,phemex,A/USDT:USDT,0.5759,628.0,0.5758,214.0,0.576,216.0,0.5761,1043.0
1753617501025,11:58:21.025,phemex,A/USDT:USDT,0.5759,628.0,0.5758,214.0,0.576,216.0,0.5761,1043.0
1753617501108,11:58:21.108,phemex,A/USDT:USDT,0.5759,628.0,0.5758,214.0,0.576,216.0,0.5761,1043.0
1753617502880,11:58:22.880,phemex,A/USDT:USDT,0.5759,628.0,0.5758,214.0,0.576,216.0,0.5761,1043.0
1753617502995,11:58:22.995,phemex,A/USDT:USDT,0.5759,538.0,0.5758,214.0,0.576,216.0,0.5761,1043.0
1753617505843,11:58:25.843,phemex,A/USDT:USDT,0.5759,538.0,0.5758,214.0,0.576,216.0,0.5761,1043.0
1753617505866,11:58:25.866,phemex,A/USDT:USDT,0.5759,538.0,0.5758,214.0,0.576,216.0,0.5761,1043.0
1753617508454,11:58:28.454,phemex,A/USDT:USDT,0.5759,519.0,0.5758,214.0,0.576,216.0,0.5761,1043.0
1753617509791,11:58:29.791,phemex,A/USDT:USDT,0.5759,519.0,0.5758,214.0,0.5761,1043.0,0.5762,1280.0
1753617509850,11:58:29.850,phemex,A/USDT:USDT,0.5759,519.0,0.5758,214.0,0.5761,1043.0,0.5762,1280.0
1753617510564,11:58:30.564,phemex,A/USDT:USDT,0.5759,519.0,0.5758,214.0,0.576,220.0,0.5761,1043.0
1753617510637,11:58:30.637,phemex,A/USDT:USDT,0.5759,519.0,0.5758,214.0,0.576,220.0,0.5761,1043.0
1753617511392,11:58:31.392,phemex,A/USDT:USDT,0.5759,519.0,0.5758,214.0,0.5761,1043.0,0.5762,1280.0
1753617511420,11:58:31.420,phemex,A/USDT:USDT,0.5759,519.0,0.5758,214.0,0.5761,1043.0,0.5762,1280.0
1753617511518,11:58:31.518,phemex,A/USDT:USDT,0.576,220.0,0.5759,519.0,0.5761,1043.0,0.5762,1280.0
1753617511994,11:58:31.994,phemex,A/USDT:USDT,0.576,220.0,0.5759,519.0,0.5761,1043.0,0.5762,1280.0
1753617512026,11:58:32.026,phemex,A/USDT:USDT,0.576,220.0,0.5759,519.0,0.5761,1043.0,0.5762,1280.0
1753617512149,11:58:32.149,phemex,A/USDT:USDT,0.576,220.0,0.5759,519.0,0.5761,1043.0,0.5762,1280.0
1753617512542,11:58:32.542,phemex,A/USDT:USDT,0.576,220.0,0.5759,519.0,0.5762,215.0,0.5763,2493.0
1753617512562,11:58:32.562,phemex,A/USDT:USDT,0.576,220.0,0.5759,519.0,0.5762,215.0,0.5763,2493.0
1753617512643,11:58:32.643,phemex,A/USDT:USDT,0.576,220.0,0.5759,519.0,0.5762,215.0,0.5763,2493.0
1753617512706,11:58:32.706,phemex,A/USDT:USDT,0.5759,519.0,0.5758,214.0,0.5762,215.0,0.5763,2493.0
1753617512724,11:58:32.724,phemex,A/USDT:USDT,0.5759,519.0,0.5758,214.0,0.5762,215.0,0.5763,2493.0
1753617513462,11:58:33.462,phemex,A/USDT:USDT,0.5759,75.0,0.5758,214.0,0.5762,215.0,0.5763,2493.0
1753617513491,11:58:33.491,phemex,A/USDT:USDT,0.5759,295.0,0.5758,214.0,0.5762,215.0,0.5763,2493.0
1753617513496,11:58:33.496,phemex,A/USDT:USDT,0.5759,75.0,0.5758,214.0,0.5762,215.0,0.5763,2493.0
1753617513650,11:58:33.650,phemex,A/USDT:USDT,0.5759,75.0,0.5758,214.0,0.5762,215.0,0.5763,2493.0
1753617513656,11:58:33.656,phemex,A/USDT:USDT,0.5759,247.0,0.5758,358.0,0.5762,215.0,0.5763,2493.0
1753617513806,11:58:33.806,phemex,A/USDT:USDT,0.5759,467.0,0.5758,358.0,0.5762,215.0,0.5763,2493.0
1753617516198,11:58:36.198,phemex,A/USDT:USDT,0.5759,405.0,0.5758,358.0,0.5762,215.0,0.5763,2493.0
1753617517688,11:58:37.688,phemex,A/USDT:USDT,0.5759,405.0,0.5758,358.0,0.576,389.0,0.5761,330.0
1753617517718,11:58:37.718,phemex,A/USDT:USDT,0.5759,405.0,0.5758,358.0,0.576,389.0,0.5761,547.0
1753617517754,11:58:37.754,phemex,A/USDT:USDT,0.5759,405.0,0.5758,358.0,0.576,606.0,0.5761,547.0
1753617518574,11:58:38.574,phemex,A/USDT:USDT,0.5759,405.0,0.5758,358.0,0.576,566.0,0.5761,547.0
1753617521809,11:58:41.809,phemex,A/USDT:USDT,0.5759,405.0,0.5758,358.0,0.576,566.0,0.5761,547.0
1753617521848,11:58:41.848,phemex,A/USDT:USDT,0.5759,405.0,0.5758,358.0,0.576,566.0,0.5761,547.0
1753617523996,11:58:43.996,phemex,A/USDT:USDT,0.5759,405.0,0.5758,358.0,0.576,349.0,0.5761,547.0
1753617524868,11:58:44.868,phemex,A/USDT:USDT,0.5759,405.0,0.5758,358.0,0.576,339.0,0.5761,547.0
1753617531583,11:58:51.583,phemex,A/USDT:USDT,0.5759,405.0,0.5758,358.0,0.576,339.0,0.5761,330.0
1753617531625,11:58:51.625,phemex,A/USDT:USDT,0.5759,405.0,0.5758,358.0,0.5762,215.0,0.5763,215.0
1753617531641,11:58:51.641,phemex,A/USDT:USDT,0.576,212.0,0.5759,405.0,0.5762,215.0,0.5763,215.0
1753617531674,11:58:51.674,phemex,A/USDT:USDT,0.576,382.0,0.5759,815.0,0.5763,215.0,0.5764,763.0
1753617531685,11:58:51.685,phemex,A/USDT:USDT,0.5761,212.0,0.576,382.0,0.5763,470.0,0.5764,212.0
1753617531704,11:58:51.704,phemex,A/USDT:USDT,0.5761,212.0,0.576,382.0,0.5763,470.0,0.5764,212.0
1753617531777,11:58:51.777,phemex,A/USDT:USDT,0.5761,212.0,0.576,382.0,0.5763,470.0,0.5764,212.0
1753617531781,11:58:51.781,phemex,A/USDT:USDT,0.5761,212.0,0.576,382.0,0.5763,470.0,0.5764,212.0
1753617531802,11:58:51.802,phemex,A/USDT:USDT,0.5761,212.0,0.576,382.0,0.5763,470.0,0.5764,212.0
1753617532547,11:58:52.547,phemex,A/USDT:USDT,0.5761,212.0,0.576,382.0,0.5763,470.0,0.5764,212.0
1753617532579,11:58:52.579,phemex,A/USDT:USDT,0.5761,212.0,0.576,382.0,0.5763,470.0,0.5764,212.0
1753617534146,11:58:54.146,phemex,A/USDT:USDT,0.5761,212.0,0.576,382.0,0.5763,396.0,0.5764,212.0
1753617535183,11:58:55.183,phemex,A/USDT:USDT,0.5761,212.0,0.576,382.0,0.5765,1506.0,0.5766,601.0
1753617535203,11:58:55.203,phemex,A/USDT:USDT,0.5761,212.0,0.576,382.0,0.5765,215.0,0.5766,1419.0
1753617535245,11:58:55.245,phemex,A/USDT:USDT,0.5761,212.0,0.576,382.0,0.5765,215.0,0.5766,1419.0
1753617537938,11:58:57.938,phemex,A/USDT:USDT,0.5763,618.0,0.5762,249.0,0.5765,215.0,0.5766,1419.0
1753617537951,11:58:57.951,phemex,A/USDT:USDT,0.5763,618.0,0.5762,249.0,0.5765,215.0,0.5766,1419.0
1753617537958,11:58:57.958,phemex,A/USDT:USDT,0.5763,618.0,0.5762,465.0,0.5765,215.0,0.5766,1419.0
1753617537994,11:58:57.994,phemex,A/USDT:USDT,0.5764,216.0,0.5763,618.0,0.5765,215.0,0.5766,1419.0
1753617538055,11:58:58.055,phemex,A/USDT:USDT,0.5764,216.0,0.5763,834.0,0.5765,215.0,0.5766,1419.0
1753617538376,11:58:58.376,phemex,A/USDT:USDT,0.5764,216.0,0.5763,834.0,0.5765,215.0,0.5766,1419.0
1753617538397,11:58:58.397,phemex,A/USDT:USDT,0.5764,216.0,0.5763,834.0,0.5765,215.0,0.5766,1419.0
1753617539362,11:58:59.362,phemex,A/USDT:USDT,0.5764,216.0,0.5763,834.0,0.5765,215.0,0.5766,535.0
1753617540037,11:59:00.037,phemex,A/USDT:USDT,0.5764,216.0,0.5763,834.0,0.5765,215.0,0.5766,535.0
1753617543940,11:59:03.940,phemex,A/USDT:USDT,0.5764,216.0,0.5763,834.0,0.5766,535.0,0.5767,218.0
1753617544007,11:59:04.007,phemex,A/USDT:USDT,0.5764,216.0,0.5763,834.0,0.5765,216.0,0.5766,535.0
1753617544238,11:59:04.238,phemex,A/USDT:USDT,0.5764,216.0,0.5763,834.0,0.5766,535.0,0.5767,218.0
1753617544308,11:59:04.308,phemex,A/USDT:USDT,0.5764,216.0,0.5763,834.0,0.5766,535.0,0.5767,218.0
1753617544371,11:59:04.371,phemex,A/USDT:USDT,0.5764,403.0,0.5763,628.0,0.5765,435.0,0.5766,730.0
1753617544410,11:59:04.410,phemex,A/USDT:USDT,0.5764,403.0,0.5763,628.0,0.5765,435.0,0.5766,730.0
1753617544829,11:59:04.829,phemex,A/USDT:USDT,0.5764,403.0,0.5763,628.0,0.5765,435.0,0.5766,730.0
1753617545148,11:59:05.148,phemex,A/USDT:USDT,0.5764,403.0,0.5763,628.0,0.5765,435.0,0.5766,730.0
1753617545373,11:59:05.373,phemex,A/USDT:USDT,0.5764,403.0,0.5763,628.0,0.5765,219.0,0.5766,730.0
1753617546505,11:59:06.505,phemex,A/USDT:USDT,0.5764,403.0,0.5763,628.0,0.5765,435.0,0.5766,730.0
1753617547747,11:59:07.747,phemex,A/USDT:USDT,0.5764,403.0,0.5763,628.0,0.5765,219.0,0.5766,730.0
1753617549694,11:59:09.694,phemex,A/USDT:USDT,0.5764,403.0,0.5763,628.0,0.5765,219.0,0.5766,730.0
1753617549994,11:59:09.994,phemex,A/USDT:USDT,0.5764,403.0,0.5763,628.0,0.5765,219.0,0.5766,730.0
1753617550644,11:59:10.644,phemex,A/USDT:USDT,0.5764,403.0,0.5763,628.0,0.5765,219.0,0.5766,514.0
1753617550692,11:59:10.692,phemex,A/USDT:USDT,0.5764,651.0,0.5763,216.0,0.5767,218.0,0.5768,636.0
1753617550704,11:59:10.704,phemex,A/USDT:USDT,0.5765,217.0,0.5764,849.0,0.5767,218.0,0.5768,636.0
1753617550764,11:59:10.764,phemex,A/USDT:USDT,0.5765,217.0,0.5764,849.0,0.5767,218.0,0.5768,636.0
1753617551002,11:59:11.002,phemex,A/USDT:USDT,0.5765,217.0,0.5764,849.0,0.5767,218.0,0.5768,636.0
1753617554428,11:59:14.428,phemex,A/USDT:USDT,0.5765,217.0,0.5764,849.0,0.5767,218.0,0.5768,636.0
1753617554436,11:59:14.436,phemex,A/USDT:USDT,0.5765,217.0,0.5764,849.0,0.5767,218.0,0.5768,636.0
1753617556770,11:59:16.770,phemex,A/USDT:USDT,0.5765,461.0,0.5764,849.0,0.5766,211.0,0.5767,430.0
1753617557302,11:59:17.302,phemex,A/USDT:USDT,0.5765,461.0,0.5764,849.0,0.5766,211.0,0.5767,212.0
1753617557362,11:59:17.362,phemex,A/USDT:USDT,0.5765,668.0,0.5764,464.0,0.5768,423.0,0.5769,1424.0
1753617557383,11:59:17.383,phemex,A/USDT:USDT,0.5766,220.0,0.5765,668.0,0.5768,423.0,0.5769,1424.0
1753617557409,11:59:17.409,phemex,A/USDT:USDT,0.5766,220.0,0.5765,668.0,0.5768,657.0,0.5769,217.0
1753617557435,11:59:17.435,phemex,A/USDT:USDT,0.5766,220.0,0.5765,668.0,0.5768,657.0,0.5769,217.0
1753617557441,11:59:17.441,phemex,A/USDT:USDT,0.5766,220.0,0.5765,668.0,0.5768,657.0,0.5769,217.0
1753617557962,11:59:17.962,phemex,A/USDT:USDT,0.5766,220.0,0.5765,668.0,0.5768,657.0,0.5769,217.0
1753617557993,11:59:17.993,phemex,A/USDT:USDT,0.5766,220.0,0.5765,668.0,0.5768,657.0,0.5769,217.0
1753617559237,11:59:19.237,phemex,A/USDT:USDT,0.5766,220.0,0.5765,668.0,0.5768,657.0,0.5769,217.0
1753617559237,11:59:19.237,phemex,A/USDT:USDT,0.5766,220.0,0.5765,668.0,0.5768,657.0,0.5769,217.0
1753617562739,11:59:22.739,phemex,A/USDT:USDT,0.5767,405.0,0.5766,595.0,0.5768,657.0,0.5769,217.0
1753617562761,11:59:22.761,phemex,A/USDT:USDT,0.5766,220.0,0.5765,217.0,0.5768,657.0,0.5769,217.0
1753617562783,11:59:22.783,phemex,A/USDT:USDT,0.5766,220.0,0.5765,217.0,0.5768,657.0,0.5769,217.0
1753617562791,11:59:22.791,phemex,A/USDT:USDT,0.5766,220.0,0.5765,217.0,0.5768,443.0,0.5769,217.0
1753617562839,11:59:22.839,phemex,A/USDT:USDT,0.5765,217.0,0.5764,1569.0,0.5768,443.0,0.5769,217.0
1753617562931,11:59:22.931,phemex,A/USDT:USDT,0.5765,217.0,0.5764,1569.0,0.5768,443.0,0.5769,217.0
1753617564028,11:59:24.028,phemex,A/USDT:USDT,0.5765,217.0,0.5764,1569.0,0.5768,443.0,0.5769,217.0
1753617564043,11:59:24.043,phemex,A/USDT:USDT,0.5765,217.0,0.5764,1569.0,0.5768,443.0,0.5769,217.0
1753617566424,11:59:26.424,phemex,A/USDT:USDT,0.5765,217.0,0.5764,1569.0,0.5767,220.0,0.5768,443.0
1753617566477,11:59:26.477,phemex,A/USDT:USDT,0.5765,217.0,0.5764,1569.0,0.5768,443.0,0.5769,217.0
1753617566514,11:59:26.514,phemex,A/USDT:USDT,0.5765,217.0,0.5764,1569.0,0.5768,443.0,0.5769,217.0
1753617566638,11:59:26.638,phemex,A/USDT:USDT,0.5765,217.0,0.5764,1569.0,0.5767,220.0,0.5768,443.0
1753617566767,11:59:26.767,phemex,A/USDT:USDT,0.5765,217.0,0.5764,1569.0,0.5768,443.0,0.5769,217.0
1753617566778,11:59:26.778,phemex,A/USDT:USDT,0.5765,217.0,0.5764,1569.0,0.5768,443.0,0.5769,217.0
1753617568838,11:59:28.838,phemex,A/USDT:USDT,0.5765,217.0,0.5764,1569.0,0.5768,443.0,0.5769,217.0
1753617571727,11:59:31.727,phemex,A/USDT:USDT,0.5765,217.0,0.5764,1569.0,0.5769,217.0,0.577,1911.0
1753617571747,11:59:31.747,phemex,A/USDT:USDT,0.5765,217.0,0.5764,1569.0,0.5769,217.0,0.577,1911.0
1753617575453,11:59:35.453,phemex,A/USDT:USDT,0.5765,593.0,0.5764,717.0,0.5767,684.0,0.5768,142.0
1753617575463,11:59:35.463,phemex,A/USDT:USDT,0.5766,380.0,0.5765,796.0,0.5767,684.0,0.5768,142.0
1753617575482,11:59:35.482,phemex,A/USDT:USDT,0.5766,380.0,0.5765,796.0,0.5767,684.0,0.5768,360.0
1753617575485,11:59:35.485,phemex,A/USDT:USDT,0.5766,380.0,0.5765,796.0,0.5767,684.0,0.5768,360.0
1753617577987,11:59:37.987,phemex,A/USDT:USDT,0.5766,380.0,0.5765,796.0,0.5767,684.0,0.5768,360.0
1753617577995,11:59:37.995,phemex,A/USDT:USDT,0.5766,380.0,0.5765,796.0,0.5767,684.0,0.5768,360.0
1753617578526,11:59:38.526,phemex,A/USDT:USDT,0.5766,380.0,0.5765,796.0,0.5767,184.0,0.5768,360.0
1753617582780,11:59:42.780,phemex,A/USDT:USDT,0.5766,380.0,0.5765,796.0,0.5767,184.0,0.5768,360.0
1753617582786,11:59:42.786,phemex,A/USDT:USDT,0.5766,380.0,0.5765,796.0,0.5767,184.0,0.5768,360.0
1753617583109,11:59:43.109,phemex,A/USDT:USDT,0.5766,380.0,0.5765,796.0,0.5767,10.0,0.5768,360.0
1753617583272,11:59:43.272,phemex,A/USDT:USDT,0.5766,380.0,0.5765,796.0,0.5767,232.0,0.5768,360.0
1753617583445,11:59:43.445,phemex,A/USDT:USDT,0.5766,380.0,0.5765,796.0,0.5767,10.0,0.5768,360.0
1753617585650,11:59:45.650,phemex,A/USDT:USDT,0.5766,542.0,0.5765,420.0,0.5768,232.0,0.5769,468.0
1753617585683,11:59:45.683,phemex,A/USDT:USDT,0.5767,222.0,0.5766,696.0,0.5768,232.0,0.5769,468.0
1753617585695,11:59:45.695,phemex,A/USDT:USDT,0.5767,222.0,0.5766,380.0,0.5768,232.0,0.5769,468.0
1753617585711,11:59:45.711,phemex,A/USDT:USDT,0.5767,222.0,0.5766,380.0,0.5768,232.0,0.5769,468.0
1753617586429,11:59:46.429,phemex,A/USDT:USDT,0.5767,222.0,0.5766,380.0,0.5768,232.0,0.5769,468.0
1753617586548,11:59:46.548,phemex,A/USDT:USDT,0.5767,222.0,0.5766,380.0,0.5768,232.0,0.5769,468.0
1753617588386,11:59:48.386,phemex,A/USDT:USDT,0.5767,222.0,0.5766,380.0,0.5768,453.0,0.5769,468.0
1753617589768,11:59:49.768,phemex,A/USDT:USDT,0.5767,222.0,0.5766,380.0,0.5768,232.0,0.5769,468.0
1753617590425,11:59:50.425,phemex,A/USDT:USDT,0.5767,222.0,0.5766,380.0,0.5768,453.0,0.5769,468.0
1753617590586,11:59:50.586,phemex,A/USDT:USDT,0.5766,380.0,0.5765,217.0,0.5768,453.0,0.5769,468.0
1753617590717,11:59:50.717,phemex,A/USDT:USDT,0.5766,380.0,0.5765,217.0,0.5768,453.0,0.5769,468.0
1753617592637,11:59:52.637,phemex,A/USDT:USDT,0.5766,380.0,0.5765,217.0,0.5767,221.0,0.5768,453.0
1753617594617,11:59:54.617,phemex,A/USDT:USDT,0.5766,380.0,0.5765,217.0,0.5768,453.0,0.5769,717.0
1753617594625,11:59:54.625,phemex,A/USDT:USDT,0.5767,188.0,0.5766,777.0,0.5768,592.0,0.5769,717.0
1753617597054,11:59:57.054,phemex,A/USDT:USDT,0.5767,188.0,0.5766,777.0,0.5768,451.0,0.5769,717.0
1753617599291,11:59:59.291,phemex,A/USDT:USDT,0.5766,379.0,0.5765,217.0,0.5768,451.0,0.5769,717.0
1753617599317,11:59:59.317,phemex,A/USDT:USDT,0.5766,379.0,0.5765,217.0,0.5768,451.0,0.5769,717.0
1753617599345,11:59:59.345,phemex,A/USDT:USDT,0.5766,379.0,0.5765,217.0,0.5768,401.0,0.5769,717.0
1753617599452,11:59:59.452,phemex,A/USDT:USDT,0.5766,379.0,0.5765,217.0,0.5767,214.0,0.5768,756.0
1753617602503,12:00:02.503,phemex,A/USDT:USDT,0.5766,379.0,0.5765,217.0,0.5767,214.0,0.5768,977.0
1753617603165,12:00:03.165,phemex,A/USDT:USDT,0.5766,379.0,0.5765,217.0,0.5768,977.0,0.5769,1243.0
1753617603437,12:00:03.437,phemex,A/USDT:USDT,0.5766,379.0,0.5765,217.0,0.5768,977.0,0.5769,1243.0
1753617603564,12:00:03.564,phemex,A/USDT:USDT,0.5767,214.0,0.5766,379.0,0.5768,977.0,0.5769,1243.0
1753617603636,12:00:03.636,phemex,A/USDT:USDT,0.5767,214.0,0.5766,379.0,0.5768,977.0,0.5769,1243.0
1753617603711,12:00:03.711,phemex,A/USDT:USDT,0.5767,214.0,0.5766,379.0,0.5768,221.0,0.5769,217.0
1753617603924,12:00:03.924,phemex,A/USDT:USDT,0.5767,214.0,0.5766,379.0,0.5768,221.0,0.5769,217.0
1753617603964,12:00:03.964,phemex,A/USDT:USDT,0.5767,214.0,0.5766,379.0,0.5768,221.0,0.5769,217.0
1753617604007,12:00:04.007,phemex,A/USDT:USDT,0.5767,214.0,0.5766,379.0,0.5769,217.0,0.577,577.0
1753617604182,12:00:04.182,phemex,A/USDT:USDT,0.5767,214.0,0.5766,379.0,0.5769,217.0,0.577,577.0
1753617604364,12:00:04.364,phemex,A/USDT:USDT,0.5767,448.0,0.5766,778.0,0.5769,217.0,0.577,577.0
1753617604494,12:00:04.494,phemex,A/USDT:USDT,0.5768,214.0,0.5767,448.0,0.5769,217.0,0.577,577.0
1753617604873,12:00:04.873,phemex,A/USDT:USDT,0.5768,214.0,0.5767,448.0,0.5769,445.0,0.577,584.0
1753617605270,12:00:05.270,phemex,A/USDT:USDT,0.5767,448.0,0.5766,778.0,0.5769,445.0,0.577,584.0
1753617605285,12:00:05.285,phemex,A/USDT:USDT,0.5767,448.0,0.5766,778.0,0.5769,445.0,0.577,584.0
1753617605724,12:00:05.724,phemex,A/USDT:USDT,0.5767,448.0,0.5766,778.0,0.5768,214.0,0.5769,445.0
1753617606239,12:00:06.239,phemex,A/USDT:USDT,0.5767,448.0,0.5766,778.0,0.5769,445.0,0.577,584.0
1753617606292,12:00:06.292,phemex,A/USDT:USDT,0.5767,448.0,0.5766,778.0,0.5769,445.0,0.577,584.0
1753617606790,12:00:06.790,phemex,A/USDT:USDT,0.5767,448.0,0.5766,778.0,0.5768,214.0,0.5769,445.0
1753617607037,12:00:07.037,phemex,A/USDT:USDT,0.5767,448.0,0.5766,778.0,0.5768,214.0,0.5769,445.0
1753617609591,12:00:09.591,phemex,A/USDT:USDT,0.5767,448.0,0.5766,633.0,0.5768,214.0,0.5769,445.0
1753617609943,12:00:09.943,phemex,A/USDT:USDT,0.5767,448.0,0.5766,633.0,0.5768,432.0,0.5769,445.0
1753617609943,12:00:09.943,phemex,A/USDT:USDT,0.5767,448.0,0.5766,633.0,0.5768,818.0,0.5769,445.0
1753617612374,12:00:12.374,phemex,A/USDT:USDT,0.5767,234.0,0.5766,633.0,0.5768,818.0,0.5769,445.0
1753617612394,12:00:12.394,phemex,A/USDT:USDT,0.5766,678.0,0.5765,217.0,0.5768,818.0,0.5769,445.0
1753617612425,12:00:12.425,phemex,A/USDT:USDT,0.5766,678.0,0.5765,217.0,0.5767,221.0,0.5768,818.0
1753617612446,12:00:12.446,phemex,A/USDT:USDT,0.5766,678.0,0.5765,217.0,0.5767,221.0,0.5768,818.0
1753617612742,12:00:12.742,phemex,A/USDT:USDT,0.5766,678.0,0.5765,217.0,0.5767,221.0,0.5768,818.0
1753617612831,12:00:12.831,phemex,A/USDT:USDT,0.5766,678.0,0.5765,217.0,0.5767,221.0,0.5768,818.0
1753617613678,12:00:13.678,phemex,A/USDT:USDT,0.5766,678.0,0.5765,217.0,0.5768,818.0,0.5769,445.0
1753617613696,12:00:13.696,phemex,A/USDT:USDT,0.5766,678.0,0.5765,217.0,0.5768,818.0,0.5769,445.0
1753617615454,12:00:15.454,phemex,A/USDT:USDT,0.5766,678.0,0.5765,217.0,0.5767,376.0,0.5768,443.0
1753617615463,12:00:15.463,phemex,A/USDT:USDT,0.5766,678.0,0.5765,217.0,0.5767,620.0,0.5768,443.0
1753617616157,12:00:16.157,phemex,A/USDT:USDT,0.5766,678.0,0.5765,217.0,0.5767,399.0,0.5768,443.0
1753617616283,12:00:16.283,phemex,A/USDT:USDT,0.5766,678.0,0.5765,217.0,0.5767,315.0,0.5768,443.0
1753617616463,12:00:16.463,phemex,A/USDT:USDT,0.5766,678.0,0.5765,217.0,0.5768,214.0,0.5769,217.0
1753617616525,12:00:16.525,phemex,A/USDT:USDT,0.5766,678.0,0.5765,217.0,0.5769,217.0,0.577,1806.0
1753617616541,12:00:16.541,phemex,A/USDT:USDT,0.5766,678.0,0.5765,217.0,0.5769,217.0,0.577,1806.0
1753617616625,12:00:16.625,phemex,A/USDT:USDT,0.5766,678.0,0.5765,217.0,0.5769,217.0,0.577,1806.0
1753617617237,12:00:17.237,phemex,A/USDT:USDT,0.5766,678.0,0.5765,217.0,0.5769,217.0,0.577,1806.0
1753617617237,12:00:17.237,phemex,A/USDT:USDT,0.5766,678.0,0.5765,217.0,0.5769,217.0,0.577,1806.0
1753617620102,12:00:20.102,phemex,A/USDT:USDT,0.5766,678.0,0.5765,557.0,0.5769,217.0,0.577,1806.0
1753617621564,12:00:21.564,phemex,A/USDT:USDT,0.5766,678.0,0.5765,557.0,0.5767,511.0,0.5768,387.0
1753617621609,12:00:21.609,phemex,A/USDT:USDT,0.5766,678.0,0.5765,557.0,0.5769,619.0,0.577,570.0
1753617621629,12:00:21.629,phemex,A/USDT:USDT,0.5766,678.0,0.5765,557.0,0.5768,218.0,0.5769,619.0
1753617621656,12:00:21.656,phemex,A/USDT:USDT,0.5766,678.0,0.5765,557.0,0.5768,218.0,0.5769,619.0
1753617625639,12:00:25.639,phemex,A/USDT:USDT,0.5766,678.0,0.5765,415.0,0.5768,218.0,0.5769,619.0
1753617627315,12:00:27.315,phemex,A/USDT:USDT,0.5766,678.0,0.5765,415.0,0.5767,293.0,0.5768,218.0
1753617627315,12:00:27.315,phemex,A/USDT:USDT,0.5766,678.0,0.5765,415.0,0.5767,448.0,0.5768,469.0
1753617629361,12:00:29.361,phemex,A/USDT:USDT,0.5766,460.0,0.5765,415.0,0.5767,448.0,0.5768,469.0
1753617630856,12:00:30.856,phemex,A/USDT:USDT,0.5766,460.0,0.5765,415.0,0.5767,448.0,0.5768,469.0
1753617630864,12:00:30.864,phemex,A/USDT:USDT,0.5766,460.0,0.5765,415.0,0.5767,448.0,0.5768,469.0
1753617631445,12:00:31.445,phemex,A/USDT:USDT,0.5766,423.0,0.5765,415.0,0.5767,448.0,0.5768,469.0
1753617632815,12:00:32.815,phemex,A/USDT:USDT,0.5766,423.0,0.5765,198.0,0.5767,448.0,0.5768,469.0
1753617633174,12:00:33.174,phemex,A/USDT:USDT,0.5765,198.0,0.5764,216.0,0.5767,448.0,0.5768,469.0
1753617633189,12:00:33.189,phemex,A/USDT:USDT,0.5765,198.0,0.5764,216.0,0.5766,213.0,0.5767,448.0
1753617633222,12:00:33.222,phemex,A/USDT:USDT,0.5765,198.0,0.5764,216.0,0.5766,566.0,0.5767,368.0
1753617633257,12:00:33.257,phemex,A/USDT:USDT,0.5765,198.0,0.5764,216.0,0.5766,566.0,0.5767,368.0
1753617633289,12:00:33.289,phemex,A/USDT:USDT,0.5765,198.0,0.5764,216.0,0.5766,566.0,0.5767,368.0
1753617634439,12:00:34.439,phemex,A/USDT:USDT,0.5765,198.0,0.5764,216.0,0.5766,566.0,0.5767,368.0
1753617637547,12:00:37.547,phemex,A/USDT:USDT,0.5765,414.0,0.5764,216.0,0.5766,566.0,0.5767,368.0
1753617637553,12:00:37.553,phemex,A/USDT:USDT,0.5765,198.0,0.5764,216.0,0.5766,566.0,0.5767,368.0
1753617638631,12:00:38.631,phemex,A/USDT:USDT,0.5765,188.0,0.5764,216.0,0.5766,566.0,0.5767,368.0
1753617638880,12:00:38.880,phemex,A/USDT:USDT,0.5765,188.0,0.5764,216.0,0.5766,566.0,0.5767,368.0
1753617641524,12:00:41.524,phemex,A/USDT:USDT,0.5765,184.0,0.5764,216.0,0.5766,566.0,0.5767,368.0
1753617641857,12:00:41.857,phemex,A/USDT:USDT,0.5764,460.0,0.5763,216.0,0.5766,566.0,0.5767,368.0
1753617641890,12:00:41.890,phemex,A/USDT:USDT,0.5764,244.0,0.5763,216.0,0.5765,216.0,0.5766,566.0
1753617641946,12:00:41.946,phemex,A/USDT:USDT,0.5764,244.0,0.5763,216.0,0.5765,216.0,0.5766,566.0
1753617642030,12:00:42.030,phemex,A/USDT:USDT,0.5764,244.0,0.5763,216.0,0.5765,689.0,0.5766,566.0
1753617642853,12:00:42.853,phemex,A/USDT:USDT,0.5764,460.0,0.5763,216.0,0.5765,689.0,0.5766,566.0
1753617643037,12:00:43.037,phemex,A/USDT:USDT,0.5764,244.0,0.5763,216.0,0.5765,689.0,0.5766,566.0
1753617644535,12:00:44.535,phemex,A/USDT:USDT,0.5764,460.0,0.5763,216.0,0.5765,216.0,0.5766,213.0
1753617644556,12:00:44.556,phemex,A/USDT:USDT,0.5764,460.0,0.5763,216.0,0.5766,213.0,0.5767,213.0
1753617644574,12:00:44.574,phemex,A/USDT:USDT,0.5764,460.0,0.5763,216.0,0.5767,213.0,0.5768,1040.0
1753617644596,12:00:44.596,phemex,A/USDT:USDT,0.5764,460.0,0.5763,216.0,0.5767,213.0,0.5768,1040.0
1753617644904,12:00:44.904,phemex,A/USDT:USDT,0.5764,460.0,0.5763,216.0,0.5767,213.0,0.5768,1040.0
1753617644940,12:00:44.940,phemex,A/USDT:USDT,0.5764,460.0,0.5763,216.0,0.5767,213.0,0.5768,1040.0
1753617646030,12:00:46.030,phemex,A/USDT:USDT,0.5764,460.0,0.5763,216.0,0.5767,213.0,0.5768,1040.0
1753617646590,12:00:46.590,phemex,A/USDT:USDT,0.5764,460.0,0.5763,216.0,0.5767,213.0,0.5768,1040.0
1753617647476,12:00:47.476,phemex,A/USDT:USDT,0.5764,830.0,0.5763,216.0,0.5767,213.0,0.5768,1040.0
1753617648276,12:00:48.276,phemex,A/USDT:USDT,0.5764,825.0,0.5763,216.0,0.5767,213.0,0.5768,1040.0
1753617649276,12:00:49.276,phemex,A/USDT:USDT,0.5765,221.0,0.5764,825.0,0.5767,213.0,0.5768,1040.0
1753617649474,12:00:49.474,phemex,A/USDT:USDT,0.5764,825.0,0.5763,216.0,0.5767,213.0,0.5768,1040.0
1753617649531,12:00:49.531,phemex,A/USDT:USDT,0.5764,825.0,0.5763,216.0,0.5767,213.0,0.5768,1040.0
1753617649668,12:00:49.668,phemex,A/USDT:USDT,0.5764,825.0,0.5763,216.0,0.5765,629.0,0.5766,255.0
1753617649715,12:00:49.715,phemex,A/USDT:USDT,0.5764,825.0,0.5763,216.0,0.5765,629.0,0.5766,476.0
1753617654628,12:00:54.628,phemex,A/USDT:USDT,0.5764,825.0,0.5763,216.0,0.5765,629.0,0.5766,476.0
1753617654655,12:00:54.655,phemex,A/USDT:USDT,0.5764,825.0,0.5763,216.0,0.5765,629.0,0.5766,476.0
1753617654674,12:00:54.674,phemex,A/USDT:USDT,0.5764,825.0,0.5763,216.0,0.5765,629.0,0.5766,476.0
1753617660194,12:01:00.194,phemex,A/USDT:USDT,0.5764,609.0,0.5763,216.0,0.5765,629.0,0.5766,476.0
1753617665160,12:01:05.160,phemex,A/USDT:USDT,0.5764,559.0,0.5763,216.0,0.5765,629.0,0.5766,476.0
1753617666587,12:01:06.587,phemex,A/USDT:USDT,0.5763,564.0,0.5762,216.0,0.5765,629.0,0.5766,476.0
1753617666606,12:01:06.606,phemex,A/USDT:USDT,0.5763,564.0,0.5762,216.0,0.5764,151.0,0.5765,435.0
1753617666621,12:01:06.621,phemex,A/USDT:USDT,0.5763,564.0,0.5762,216.0,0.5764,151.0,0.5765,435.0
1753617666651,12:01:06.651,phemex,A/USDT:USDT,0.5763,564.0,0.5762,216.0,0.5764,364.0,0.5765,648.0
1753617666709,12:01:06.709,phemex,A/USDT:USDT,0.5763,564.0,0.5762,216.0,0.5764,364.0,0.5765,648.0
1753617666829,12:01:06.829,phemex,A/USDT:USDT,0.5763,564.0,0.5762,216.0,0.5764,364.0,0.5765,648.0
1753617666975,12:01:06.975,phemex,A/USDT:USDT,0.5763,564.0,0.5762,216.0,0.5764,364.0,0.5765,648.0
1753617667027,12:01:07.027,phemex,A/USDT:USDT,0.5763,564.0,0.5762,216.0,0.5764,364.0,0.5765,648.0
1753617668155,12:01:08.155,phemex,A/USDT:USDT,0.5763,564.0,0.5762,216.0,0.5764,151.0,0.5765,648.0
1753617670240,12:01:10.240,phemex,A/USDT:USDT,0.5763,564.0,0.5762,216.0,0.5764,151.0,0.5765,648.0
1753617670564,12:01:10.564,phemex,A/USDT:USDT,0.5763,564.0,0.5762,216.0,0.5764,369.0,0.5765,648.0
1753617670756,12:01:10.756,phemex,A/USDT:USDT,0.5763,564.0,0.5762,216.0,0.5764,151.0,0.5765,648.0
1753617671800,12:01:11.800,phemex,A/USDT:USDT,0.5763,564.0,0.5762,216.0,0.5764,102.0,0.5765,648.0
1753617675040,12:01:15.040,phemex,A/USDT:USDT,0.5763,564.0,0.5762,216.0,0.5764,102.0,0.5765,648.0
1753617676627,12:01:16.627,phemex,A/USDT:USDT,0.5763,564.0,0.5762,216.0,0.5764,320.0,0.5765,648.0
1753617677094,12:01:17.094,phemex,A/USDT:USDT,0.5763,348.0,0.5762,216.0,0.5764,320.0,0.5765,648.0
1753617678079,12:01:18.079,phemex,A/USDT:USDT,0.5762,216.0,0.5761,561.0,0.5764,576.0,0.5765,648.0
1753617678092,12:01:18.092,phemex,A/USDT:USDT,0.5762,216.0,0.5761,561.0,0.5763,175.0,0.5764,725.0
1753617678128,12:01:18.128,phemex,A/USDT:USDT,0.5762,216.0,0.5761,561.0,0.5763,175.0,0.5764,725.0
1753617678396,12:01:18.396,phemex,A/USDT:USDT,0.5762,217.0,0.5761,587.0,0.5763,392.0,0.5764,725.0
1753617678525,12:01:18.525,phemex,A/USDT:USDT,0.5761,587.0,0.576,212.0,0.5763,392.0,0.5764,725.0
1753617678547,12:01:18.547,phemex,A/USDT:USDT,0.5761,212.0,0.576,577.0,0.5763,392.0,0.5764,725.0
1753617678566,12:01:18.566,phemex,A/USDT:USDT,0.5761,212.0,0.576,577.0,0.5763,392.0,0.5764,725.0
1753617678601,12:01:18.601,phemex,A/USDT:USDT,0.5761,212.0,0.576,577.0,0.5762,217.0,0.5763,392.0
1753617678703,12:01:18.703,phemex,A/USDT:USDT,0.5761,212.0,0.576,577.0,0.5762,217.0,0.5763,392.0
1753617678709,12:01:18.709,phemex,A/USDT:USDT,0.5761,212.0,0.576,577.0,0.5762,217.0,0.5763,392.0
1753617678709,12:01:18.709,phemex,A/USDT:USDT,0.5761,212.0,0.576,577.0,0.5762,217.0,0.5763,392.0
1753617679831,12:01:19.831,phemex,A/USDT:USDT,0.5761,212.0,0.576,577.0,0.5762,217.0,0.5763,392.0
1753617679842,12:01:19.842,phemex,A/USDT:USDT,0.5761,212.0,0.576,577.0,0.5762,217.0,0.5763,392.0
1753617680225,12:01:20.225,phemex,A/USDT:USDT,0.5761,212.0,0.576,577.0,0.5763,392.0,0.5764,725.0
1753617680333,12:01:20.333,phemex,A/USDT:USDT,0.5761,212.0,0.576,577.0,0.5763,392.0,0.5764,725.0
1753617680462,12:01:20.462,phemex,A/USDT:USDT,0.5761,212.0,0.576,577.0,0.5762,217.0,0.5763,392.0
1753617680583,12:01:20.583,phemex,A/USDT:USDT,0.5761,212.0,0.576,577.0,0.5763,392.0,0.5764,725.0
1753617680991,12:01:20.991,phemex,A/USDT:USDT,0.5761,212.0,0.576,394.0,0.5762,172.0,0.5763,392.0
1753617681005,12:01:21.005,phemex,A/USDT:USDT,0.5761,212.0,0.576,212.0,0.5762,172.0,0.5763,392.0
1753617681027,12:01:21.027,phemex,A/USDT:USDT,0.576,212.0,0.5759,1759.0,0.5762,172.0,0.5763,392.0
1753617681038,12:01:21.038,phemex,A/USDT:USDT,0.576,212.0,0.5759,1759.0,0.5762,172.0,0.5763,392.0
1753617683222,12:01:23.222,phemex,A/USDT:USDT,0.576,212.0,0.5759,1759.0,0.5761,572.0,0.5762,412.0
1753617683697,12:01:23.697,phemex,A/USDT:USDT,0.576,212.0,0.5759,1759.0,0.5761,566.0,0.5762,412.0
1753617684308,12:01:24.308,phemex,A/USDT:USDT,0.576,212.0,0.5759,1759.0,0.5761,566.0,0.5762,240.0
1753617684641,12:01:24.641,phemex,A/USDT:USDT,0.576,212.0,0.5759,1759.0,0.5761,566.0,0.5762,240.0
1753617684686,12:01:24.686,phemex,A/USDT:USDT,0.576,212.0,0.5759,2362.0,0.5762,226.0,0.5763,217.0
1753617684707,12:01:24.707,phemex,A/USDT:USDT,0.576,212.0,0.5759,2362.0,0.5762,226.0,0.5763,217.0
1753617686382,12:01:26.382,phemex,A/USDT:USDT,0.576,212.0,0.5759,2362.0,0.5763,445.0,0.5764,476.0
1753617686399,12:01:26.399,phemex,A/USDT:USDT,0.576,212.0,0.5759,2362.0,0.5763,445.0,0.5764,476.0
1753617687584,12:01:27.584,phemex,A/USDT:USDT,0.576,212.0,0.5759,2362.0,0.5763,228.0,0.5764,476.0
1753617688729,12:01:28.729,phemex,A/USDT:USDT,0.576,212.0,0.5759,2362.0,0.5763,450.0,0.5764,476.0
1753617689438,12:01:29.438,phemex,A/USDT:USDT,0.576,212.0,0.5759,2362.0,0.5763,450.0,0.5764,476.0
1753617689469,12:01:29.469,phemex,A/USDT:USDT,0.576,212.0,0.5759,2362.0,0.5763,450.0,0.5764,476.0
1753617689837,12:01:29.837,phemex,A/USDT:USDT,0.5761,157.0,0.576,399.0,0.5763,450.0,0.5764,476.0
1753617689848,12:01:29.848,phemex,A/USDT:USDT,0.5762,222.0,0.5761,157.0,0.5763,228.0,0.5764,476.0
1753617689875,12:01:29.875,phemex,A/USDT:USDT,0.5762,222.0,0.5761,157.0,0.5763,228.0,0.5764,476.0
1753617689926,12:01:29.926,phemex,A/USDT:USDT,0.5762,222.0,0.5761,157.0,0.5763,208.0,0.5764,476.0
1753617691427,12:01:31.427,phemex,A/USDT:USDT,0.5762,222.0,0.5761,157.0,0.5764,802.0,0.5765,213.0
1753617691453,12:01:31.453,phemex,A/USDT:USDT,0.5762,222.0,0.5761,157.0,0.5764,218.0,0.5765,378.0
1753617691532,12:01:31.532,phemex,A/USDT:USDT,0.5762,222.0,0.5761,157.0,0.5765,378.0,0.5766,548.0
1753617691596,12:01:31.596,phemex,A/USDT:USDT,0.5762,222.0,0.5761,157.0,0.5765,378.0,0.5766,548.0
1753617691720,12:01:31.720,phemex,A/USDT:USDT,0.5762,222.0,0.5761,157.0,0.5765,378.0,0.5766,548.0
1753617691790,12:01:31.790,phemex,A/USDT:USDT,0.5762,222.0,0.5761,157.0,0.5765,378.0,0.5766,548.0
1753617692401,12:01:32.401,phemex,A/USDT:USDT,0.5762,222.0,0.5761,157.0,0.5765,378.0,0.5766,327.0
1753617693214,12:01:33.214,phemex,A/USDT:USDT,0.5762,222.0,0.5761,157.0,0.5765,310.0,0.5766,327.0
1753617693785,12:01:33.785,phemex,A/USDT:USDT,0.5762,222.0,0.5761,157.0,0.5765,310.0,0.5766,327.0
1753617693831,12:01:33.831,phemex,A/USDT:USDT,0.5762,222.0,0.5761,157.0,0.5765,310.0,0.5766,327.0
1753617694238,12:01:34.238,phemex,A/USDT:USDT,0.5762,222.0,0.5761,157.0,0.5765,310.0,0.5766,327.0
1753617694255,12:01:34.255,phemex,A/USDT:USDT,0.5762,222.0,0.5761,157.0,0.5765,310.0,0.5766,327.0
1753617694685,12:01:34.685,phemex,A/USDT:USDT,0.5762,222.0,0.5761,157.0,0.5765,310.0,0.5766,549.0
1753617696448,12:01:36.448,phemex,A/USDT:USDT,0.5764,545.0,0.5763,363.0,0.5765,310.0,0.5766,549.0
1753617696490,12:01:36.490,phemex,A/USDT:USDT,0.5764,545.0,0.5763,363.0,0.5765,310.0,0.5766,549.0
1753617698914,12:01:38.914,phemex,A/USDT:USDT,0.5764,545.0,0.5763,363.0,0.5766,457.0,0.5767,213.0
1753617698937,12:01:38.937,phemex,A/USDT:USDT,0.5764,545.0,0.5763,363.0,0.5766,235.0,0.5767,213.0
1753617699034,12:01:39.034,phemex,A/USDT:USDT,0.5764,545.0,0.5763,363.0,0.5766,235.0,0.5767,213.0
1753617699055,12:01:39.055,phemex,A/USDT:USDT,0.5764,545.0,0.5763,363.0,0.5767,243.0,0.5768,253.0
1753617699061,12:01:39.061,phemex,A/USDT:USDT,0.5765,217.0,0.5764,545.0,0.5767,243.0,0.5768,253.0
1753617699108,12:01:39.108,phemex,A/USDT:USDT,0.5765,217.0,0.5764,545.0,0.5768,142.0,0.5769,574.0
1753617699112,12:01:39.112,phemex,A/USDT:USDT,0.5765,217.0,0.5764,545.0,0.5768,142.0,0.5769,574.0
1753617699229,12:01:39.229,phemex,A/USDT:USDT,0.5765,217.0,0.5764,545.0,0.5768,142.0,0.5769,574.0
1753617699334,12:01:39.334,phemex,A/USDT:USDT,0.5765,217.0,0.5764,545.0,0.5768,142.0,0.5769,574.0
1753617699407,12:01:39.407,phemex,A/USDT:USDT,0.5765,217.0,0.5764,545.0,0.5768,142.0,0.5769,574.0
1753617699516,12:01:39.516,phemex,A/USDT:USDT,0.5765,217.0,0.5764,545.0,0.5768,142.0,0.5769,574.0
1753617701478,12:01:41.478,phemex,A/USDT:USDT,0.5765,217.0,0.5764,545.0,0.5768,142.0,0.5769,574.0
1753617701490,12:01:41.490,phemex,A/USDT:USDT,0.5765,217.0,0.5764,545.0,0.5768,142.0,0.5769,574.0
1753617701882,12:01:41.882,phemex,A/USDT:USDT,0.5766,181.0,0.5765,929.0,0.5768,142.0,0.5769,574.0
1753617701896,12:01:41.896,phemex,A/USDT:USDT,0.5767,217.0,0.5766,181.0,0.5768,142.0,0.5769,574.0
1753617701920,12:01:41.920,phemex,A/USDT:USDT,0.5767,217.0,0.5766,398.0,0.5768,142.0,0.5769,574.0
1753617702803,12:01:42.803,phemex,A/USDT:USDT,0.5767,217.0,0.5766,398.0,0.5768,122.0,0.5769,574.0
1753617703831,12:01:43.831,phemex,A/USDT:USDT,0.5767,217.0,0.5766,398.0,0.5768,122.0,0.5769,574.0
1753617703869,12:01:43.869,phemex,A/USDT:USDT,0.5767,217.0,0.5766,398.0,0.5768,122.0,0.5769,574.0
1753617704810,12:01:44.810,phemex,A/USDT:USDT,0.5767,217.0,0.5766,398.0,0.5768,339.0,0.5769,574.0
1753617706992,12:01:46.992,phemex,A/USDT:USDT,0.5767,217.0,0.5766,398.0,0.5768,339.0,0.5769,574.0
1753617707280,12:01:47.280,phemex,A/USDT:USDT,0.5766,398.0,0.5765,929.0,0.5768,339.0,0.5769,574.0
1753617707300,12:01:47.300,phemex,A/USDT:USDT,0.5766,398.0,0.5765,929.0,0.5768,339.0,0.5769,574.0
1753617707609,12:01:47.609,phemex,A/USDT:USDT,0.5767,221.0,0.5766,398.0,0.5768,339.0,0.5769,574.0
1753617707791,12:01:47.791,phemex,A/USDT:USDT,0.5766,398.0,0.5765,929.0,0.5768,331.0,0.5769,574.0
1753617707826,12:01:47.826,phemex,A/USDT:USDT,0.5766,398.0,0.5765,929.0,0.5768,331.0,0.5769,574.0
1753617707911,12:01:47.911,phemex,A/USDT:USDT,0.5767,221.0,0.5766,398.0,0.5768,331.0,0.5769,574.0
1753617708556,12:01:48.556,phemex,A/USDT:USDT,0.5766,398.0,0.5765,929.0,0.5768,331.0,0.5769,574.0
1753617708577,12:01:48.577,phemex,A/USDT:USDT,0.5766,398.0,0.5765,929.0,0.5768,331.0,0.5769,574.0
1753617708618,12:01:48.618,phemex,A/USDT:USDT,0.5767,221.0,0.5766,398.0,0.5768,331.0,0.5769,574.0
1753617708634,12:01:48.634,phemex,A/USDT:USDT,0.5767,221.0,0.5766,398.0,0.5768,331.0,0.5769,574.0
1753617708642,12:01:48.642,phemex,A/USDT:USDT,0.5767,221.0,0.5766,398.0,0.5768,331.0,0.5769,574.0
1753617710270,12:01:50.270,phemex,A/USDT:USDT,0.5766,398.0,0.5765,929.0,0.5768,331.0,0.5769,574.0
1753617710285,12:01:50.285,phemex,A/USDT:USDT,0.5766,398.0,0.5765,929.0,0.5768,331.0,0.5769,574.0
1753617710811,12:01:50.811,phemex,A/USDT:USDT,0.5767,221.0,0.5766,398.0,0.5768,331.0,0.5769,574.0
1753617712601,12:01:52.601,phemex,A/USDT:USDT,0.5767,221.0,0.5766,398.0,0.5768,331.0,0.5769,574.0
1753617712621,12:01:52.621,phemex,A/USDT:USDT,0.5767,825.0,0.5766,398.0,0.5768,331.0,0.5769,719.0
1753617712810,12:01:52.810,phemex,A/USDT:USDT,0.5767,825.0,0.5766,398.0,0.5768,114.0,0.5769,719.0
1753617713055,12:01:53.055,phemex,A/USDT:USDT,0.5767,825.0,0.5766,398.0,0.5768,335.0,0.5769,719.0
1753617713441,12:01:53.441,phemex,A/USDT:USDT,0.5767,825.0,0.5766,398.0,0.5768,335.0,0.5769,719.0
1753617713845,12:01:53.845,phemex,A/USDT:USDT,0.5767,825.0,0.5766,398.0,0.5768,114.0,0.5769,719.0
1753617718767,12:01:58.767,phemex,A/USDT:USDT,0.5767,825.0,0.5766,398.0,0.5768,330.0,0.5769,719.0
1753617719960,12:01:59.960,phemex,A/USDT:USDT,0.5767,825.0,0.5766,398.0,0.5768,114.0,0.5769,719.0
1753617719993,12:01:59.993,phemex,A/USDT:USDT,0.5767,825.0,0.5766,398.0,0.5768,114.0,0.5769,502.0
1753617720131,12:02:00.131,phemex,A/USDT:USDT,0.5767,825.0,0.5766,398.0,0.5768,114.0,0.5769,502.0
1753617720232,12:02:00.232,phemex,A/USDT:USDT,0.5767,825.0,0.5766,398.0,0.5768,114.0,0.5769,502.0
1753617720389,12:02:00.389,phemex,A/USDT:USDT,0.5767,825.0,0.5766,398.0,0.5768,114.0,0.5769,718.0
1753617721350,12:02:01.350,phemex,A/USDT:USDT,0.5767,825.0,0.5766,398.0,0.5769,718.0,0.577,1279.0
1753617721411,12:02:01.411,phemex,A/USDT:USDT,0.5768,216.0,0.5767,825.0,0.5769,718.0,0.577,1279.0
1753617721521,12:02:01.521,phemex,A/USDT:USDT,0.5768,216.0,0.5767,825.0,0.5769,403.0,0.577,1279.0
1753617721522,12:02:01.522,phemex,A/USDT:USDT,0.5768,216.0,0.5767,825.0,0.5769,403.0,0.577,222.0
1753617722240,12:02:02.240,phemex,A/USDT:USDT,0.5767,825.0,0.5766,398.0,0.5769,253.0,0.577,222.0
1753617722293,12:02:02.293,phemex,A/USDT:USDT,0.5767,825.0,0.5766,398.0,0.5769,253.0,0.577,222.0
1753617722466,12:02:02.466,phemex,A/USDT:USDT,0.5767,604.0,0.5766,398.0,0.5769,253.0,0.577,222.0
1753617724435,12:02:04.435,phemex,A/USDT:USDT,0.5767,604.0,0.5766,398.0,0.5769,253.0,0.577,222.0
1753617724442,12:02:04.442,phemex,A/USDT:USDT,0.5767,604.0,0.5766,398.0,0.5769,253.0,0.577,222.0
1753617725525,12:02:05.525,phemex,A/USDT:USDT,0.5766,396.0,0.5765,217.0,0.5769,253.0,0.577,222.0
1753617725853,12:02:05.853,phemex,A/USDT:USDT,0.5766,179.0,0.5765,217.0,0.5769,253.0,0.577,222.0
1753617726013,12:02:06.013,phemex,A/USDT:USDT,0.5766,395.0,0.5765,217.0,0.5769,253.0,0.577,222.0
1753617726042,12:02:06.042,phemex,A/USDT:USDT,0.5766,179.0,0.5765,217.0,0.5769,253.0,0.577,222.0
1753617726148,12:02:06.148,phemex,A/USDT:USDT,0.5766,395.0,0.5765,217.0,0.5769,253.0,0.577,222.0
1753617726154,12:02:06.154,phemex,A/USDT:USDT,0.5766,179.0,0.5765,217.0,0.5769,253.0,0.577,222.0
1753617726294,12:02:06.294,phemex,A/USDT:USDT,0.5766,179.0,0.5765,217.0,0.5769,253.0,0.577,222.0
1753617726446,12:02:06.446,phemex,A/USDT:USDT,0.5766,179.0,0.5765,217.0,0.5769,253.0,0.577,222.0
1753617726716,12:02:06.716,phemex,A/USDT:USDT,0.5766,179.0,0.5765,217.0,0.5767,380.0,0.5768,523.0
1753617726957,12:02:06.957,phemex,A/USDT:USDT,0.5766,179.0,0.5765,217.0,0.5767,596.0,0.5768,523.0
1753617727066,12:02:07.066,phemex,A/USDT:USDT,0.5766,179.0,0.5765,217.0,0.5767,596.0,0.5768,523.0
1753617727221,12:02:07.221,phemex,A/USDT:USDT,0.5766,179.0,0.5765,217.0,0.5767,596.0,0.5768,523.0
1753617727515,12:02:07.515,phemex,A/USDT:USDT,0.5765,217.0,0.5764,1680.0,0.5767,596.0,0.5768,523.0
1753617727526,12:02:07.526,phemex,A/USDT:USDT,0.5765,217.0,0.5764,1680.0,0.5767,596.0,0.5768,523.0
1753617727869,12:02:07.869,phemex,A/USDT:USDT,0.5765,217.0,0.5764,1680.0,0.5767,380.0,0.5768,523.0
1753617728087,12:02:08.087,phemex,A/USDT:USDT,0.5765,217.0,0.5764,1680.0,0.5767,380.0,0.5768,523.0
1753617728164,12:02:08.164,phemex,A/USDT:USDT,0.5765,217.0,0.5764,1680.0,0.5767,380.0,0.5768,523.0
1753617728330,12:02:08.330,phemex,A/USDT:USDT,0.5765,217.0,0.5764,1680.0,0.5767,601.0,0.5768,523.0
1753617729235,12:02:09.235,phemex,A/USDT:USDT,0.5765,217.0,0.5764,1680.0,0.5767,601.0,0.5768,523.0
1753617729598,12:02:09.598,phemex,A/USDT:USDT,0.5765,217.0,0.5764,1680.0,0.5767,601.0,0.5768,523.0
1753617729621,12:02:09.621,phemex,A/USDT:USDT,0.5765,217.0,0.5764,1680.0,0.5767,601.0,0.5768,523.0
1753617734032,12:02:14.032,phemex,A/USDT:USDT,0.5765,217.0,0.5764,1680.0,0.5767,601.0,0.5768,523.0
1753617734040,12:02:14.040,phemex,A/USDT:USDT,0.5765,217.0,0.5764,1680.0,0.5767,601.0,0.5768,523.0
1753617735581,12:02:15.581,phemex,A/USDT:USDT,0.5765,631.0,0.5764,578.0,0.5767,221.0,0.5768,365.0
1753617735583,12:02:15.583,phemex,A/USDT:USDT,0.5766,214.0,0.5765,838.0,0.5768,216.0,0.5769,216.0
1753617735717,12:02:15.717,phemex,A/USDT:USDT,0.5766,435.0,0.5765,838.0,0.5769,216.0,0.577,1710.0
1753617735764,12:02:15.764,phemex,A/USDT:USDT,0.5766,435.0,0.5765,838.0,0.5769,216.0,0.577,1710.0
1753617735842,12:02:15.842,phemex,A/USDT:USDT,0.5767,221.0,0.5766,435.0,0.5769,216.0,0.577,1710.0
1753617736682,12:02:16.682,phemex,A/USDT:USDT,0.5766,435.0,0.5765,838.0,0.5769,216.0,0.577,1710.0
1753617736730,12:02:16.730,phemex,A/USDT:USDT,0.5766,435.0,0.5765,838.0,0.5769,216.0,0.577,1710.0
1753617738687,12:02:18.687,phemex,A/USDT:USDT,0.5766,240.0,0.5765,838.0,0.5769,216.0,0.577,1710.0
1753617738711,12:02:18.711,phemex,A/USDT:USDT,0.5767,221.0,0.5766,240.0,0.5769,216.0,0.577,1710.0
1753617738843,12:02:18.843,phemex,A/USDT:USDT,0.5767,221.0,0.5766,240.0,0.5769,216.0,0.577,1710.0
1753617738843,12:02:18.843,phemex,A/USDT:USDT,0.5767,221.0,0.5766,240.0,0.5769,216.0,0.577,1710.0
1753617740511,12:02:20.511,phemex,A/USDT:USDT,0.5767,221.0,0.5766,240.0,0.577,790.0,0.5771,1401.0
1753617740511,12:02:20.511,phemex,A/USDT:USDT,0.5767,221.0,0.5766,240.0,0.5769,394.0,0.577,222.0
1753617742780,12:02:22.780,phemex,A/USDT:USDT,0.5768,221.0,0.5767,696.0,0.5769,394.0,0.577,222.0
1753617743632,12:02:23.632,phemex,A/USDT:USDT,0.5768,221.0,0.5767,696.0,0.5769,394.0,0.577,222.0
1753617744059,12:02:24.059,phemex,A/USDT:USDT,0.5768,221.0,0.5767,696.0,0.5769,394.0,0.577,222.0
1753617746803,12:02:26.803,phemex,A/USDT:USDT,0.5768,221.0,0.5767,696.0,0.5769,337.0,0.577,222.0
1753617747797,12:02:27.797,phemex,A/USDT:USDT,0.5768,221.0,0.5767,696.0,0.5769,552.0,0.577,222.0
1753617748440,12:02:28.440,phemex,A/USDT:USDT,0.5768,221.0,0.5767,696.0,0.5769,552.0,0.577,222.0
1753617748776,12:02:28.776,phemex,A/USDT:USDT,0.5767,696.0,0.5766,623.0,0.5769,552.0,0.577,222.0
1753617748810,12:02:28.810,phemex,A/USDT:USDT,0.5767,696.0,0.5766,623.0,0.5768,184.0,0.5769,748.0
1753617753243,12:02:33.243,phemex,A/USDT:USDT,0.5767,696.0,0.5766,623.0,0.5768,184.0,0.5769,748.0
1753617755988,12:02:35.988,phemex,A/USDT:USDT,0.5767,696.0,0.5766,623.0,0.5768,184.0,0.5769,533.0
1753617756624,12:02:36.624,phemex,A/USDT:USDT,0.5767,696.0,0.5766,623.0,0.5768,157.0,0.5769,533.0
1753617758349,12:02:38.349,phemex,A/USDT:USDT,0.5767,696.0,0.5766,623.0,0.577,381.0,0.5771,2935.0
1753617758374,12:02:38.374,phemex,A/USDT:USDT,0.5768,212.0,0.5767,696.0,0.577,381.0,0.5771,2935.0
1753617760995,12:02:40.995,phemex,A/USDT:USDT,0.5768,212.0,0.5767,696.0,0.577,381.0,0.5771,2389.0
1753617762854,12:02:42.854,phemex,A/USDT:USDT,0.5768,212.0,0.5767,696.0,0.5769,212.0,0.577,381.0
1753617763983,12:02:43.983,phemex,A/USDT:USDT,0.5768,212.0,0.5767,696.0,0.5769,212.0,0.577,381.0
1753617763989,12:02:43.989,phemex,A/USDT:USDT,0.5768,212.0,0.5767,696.0,0.5769,212.0,0.577,381.0
1753617764283,12:02:44.283,phemex,A/USDT:USDT,0.5768,212.0,0.5767,696.0,0.577,381.0,0.5771,2935.0
1753617764301,12:02:44.301,phemex,A/USDT:USDT,0.5768,212.0,0.5767,696.0,0.577,381.0,0.5771,2935.0
1753617764473,12:02:44.473,phemex,A/USDT:USDT,0.5768,212.0,0.5767,221.0,0.5769,217.0,0.577,832.0
1753617764488,12:02:44.488,phemex,A/USDT:USDT,0.5767,221.0,0.5766,221.0,0.5769,217.0,0.577,832.0
1753617764526,12:02:44.526,phemex,A/USDT:USDT,0.5766,221.0,0.5765,1825.0,0.5769,217.0,0.577,832.0
1753617764553,12:02:44.553,phemex,A/USDT:USDT,0.5766,221.0,0.5765,1825.0,0.5769,217.0,0.577,832.0
1753617765869,12:02:45.869,phemex,A/USDT:USDT,0.5766,221.0,0.5765,1825.0,0.5769,217.0,0.577,832.0
1753617765886,12:02:45.886,phemex,A/USDT:USDT,0.5766,221.0,0.5765,1825.0,0.5769,217.0,0.577,832.0
1753617767837,12:02:47.837,phemex,A/USDT:USDT,0.5766,221.0,0.5765,1825.0,0.5769,207.0,0.577,832.0
1753617768744,12:02:48.744,phemex,A/USDT:USDT,0.5766,221.0,0.5765,1825.0,0.5769,207.0,0.577,832.0
1753617768769,12:02:48.769,phemex,A/USDT:USDT,0.5766,221.0,0.5765,1825.0,0.5769,207.0,0.577,832.0
1753617769692,12:02:49.692,phemex,A/USDT:USDT,0.5768,615.0,0.5767,259.0,0.5769,386.0,0.577,449.0
1753617769713,12:02:49.713,phemex,A/USDT:USDT,0.5768,615.0,0.5767,474.0,0.5769,386.0,0.577,449.0
1753617770706,12:02:50.706,phemex,A/USDT:USDT,0.5768,615.0,0.5767,474.0,0.5769,601.0,0.577,449.0
1753617771500,12:02:51.500,phemex,A/USDT:USDT,0.5768,615.0,0.5767,474.0,0.5769,601.0,0.577,449.0
1753617771511,12:02:51.511,phemex,A/USDT:USDT,0.5768,615.0,0.5767,474.0,0.5769,601.0,0.577,449.0
1753617773184,12:02:53.184,phemex,A/USDT:USDT,0.5767,474.0,0.5766,469.0,0.5769,601.0,0.577,449.0
1753617773245,12:02:53.245,phemex,A/USDT:USDT,0.5767,474.0,0.5766,469.0,0.5768,215.0,0.5769,601.0
1753617773460,12:02:53.460,phemex,A/USDT:USDT,0.5767,474.0,0.5766,469.0,0.5768,215.0,0.5769,832.0
1753617773480,12:02:53.480,phemex,A/USDT:USDT,0.5767,474.0,0.5766,469.0,0.5768,215.0,0.5769,832.0
1753617773488,12:02:53.488,phemex,A/USDT:USDT,0.5767,474.0,0.5766,469.0,0.5768,215.0,0.5769,832.0
1753617773691,12:02:53.691,phemex,A/USDT:USDT,0.5767,259.0,0.5766,469.0,0.5768,215.0,0.5769,832.0
1753617774845,12:02:54.845,phemex,A/USDT:USDT,0.5767,259.0,0.5766,469.0,0.5768,359.0,0.5769,832.0
1753617776238,12:02:56.238,phemex,A/USDT:USDT,0.5767,124.0,0.5766,469.0,0.5768,359.0,0.5769,832.0
1753617776393,12:02:56.393,phemex,A/USDT:USDT,0.5767,339.0,0.5766,469.0,0.5768,359.0,0.5769,832.0
1753617776840,12:02:56.840,phemex,A/USDT:USDT,0.5767,339.0,0.5766,469.0,0.5768,359.0,0.5769,832.0
1753617776977,12:02:56.977,phemex,A/USDT:USDT,0.5767,339.0,0.5766,469.0,0.5768,144.0,0.5769,832.0
1753617779357,12:02:59.357,phemex,A/USDT:USDT,0.5767,552.0,0.5766,610.0,0.5769,215.0,0.577,222.0
1753617779563,12:02:59.563,phemex,A/USDT:USDT,0.5768,217.0,0.5767,552.0,0.577,222.0,0.5771,2351.0
1753617780303,12:03:00.303,phemex,A/USDT:USDT,0.5767,552.0,0.5766,610.0,0.577,222.0,0.5771,2351.0
1753617780325,12:03:00.325,phemex,A/USDT:USDT,0.5767,552.0,0.5766,610.0,0.577,222.0,0.5771,2351.0
1753617781143,12:03:01.143,phemex,A/USDT:USDT,0.5768,217.0,0.5767,552.0,0.577,222.0,0.5771,2351.0
1753617781641,12:03:01.641,phemex,A/USDT:USDT,0.5768,217.0,0.5767,552.0,0.577,222.0,0.5771,2351.0
1753617782021,12:03:02.021,phemex,A/USDT:USDT,0.5768,217.0,0.5767,552.0,0.577,222.0,0.5771,1805.0
1753617784771,12:03:04.771,phemex,A/USDT:USDT,0.5767,552.0,0.5766,610.0,0.577,222.0,0.5771,1805.0
1753617784797,12:03:04.797,phemex,A/USDT:USDT,0.5767,552.0,0.5766,610.0,0.5768,181.0,0.5769,565.0
1753617784842,12:03:04.842,phemex,A/USDT:USDT,0.5767,552.0,0.5766,610.0,0.5768,181.0,0.5769,565.0
1753617784860,12:03:04.860,phemex,A/USDT:USDT,0.5767,552.0,0.5766,610.0,0.5768,181.0,0.5769,782.0
1753617784893,12:03:04.893,phemex,A/USDT:USDT,0.5767,552.0,0.5766,610.0,0.5768,398.0,0.5769,782.0
1753617785855,12:03:05.855,phemex,A/USDT:USDT,0.5767,552.0,0.5766,610.0,0.5768,181.0,0.5769,782.0
1753617786441,12:03:06.441,phemex,A/USDT:USDT,0.5767,552.0,0.5766,610.0,0.5768,181.0,0.5769,782.0
1753617787243,12:03:07.243,phemex,A/USDT:USDT,0.5767,552.0,0.5766,610.0,0.5768,181.0,0.5769,474.0
1753617787245,12:03:07.245,phemex,A/USDT:USDT,0.5767,552.0,0.5766,610.0,0.5769,406.0,0.577,222.0
1753617787291,12:03:07.291,phemex,A/USDT:USDT,0.5767,552.0,0.5766,610.0,0.5769,406.0,0.577,222.0
1753617787331,12:03:07.331,phemex,A/USDT:USDT,0.5768,638.0,0.5767,572.0,0.5769,189.0,0.577,222.0
1753617787350,12:03:07.350,phemex,A/USDT:USDT,0.5768,638.0,0.5767,572.0,0.5769,189.0,0.577,768.0
1753617789144,12:03:09.144,phemex,A/USDT:USDT,0.5768,638.0,0.5767,572.0,0.5769,129.0,0.577,768.0
1753617790989,12:03:10.989,phemex,A/USDT:USDT,0.5768,638.0,0.5767,572.0,0.5769,129.0,0.577,222.0
1753617791241,12:03:11.241,phemex,A/USDT:USDT,0.5768,638.0,0.5767,572.0,0.5769,129.0,0.577,222.0
1753617791474,12:03:11.474,phemex,A/USDT:USDT,0.5768,638.0,0.5767,572.0,0.5769,129.0,0.5771,1717.0
1753617791520,12:03:11.520,phemex,A/USDT:USDT,0.5768,638.0,0.5767,572.0,0.5769,129.0,0.5771,1717.0
1753617796034,12:03:16.034,phemex,A/USDT:USDT,0.5768,638.0,0.5767,572.0,0.5769,129.0,0.5771,1717.0
1753617796043,12:03:16.043,phemex,A/USDT:USDT,0.5768,638.0,0.5767,572.0,0.5769,129.0,0.5771,1717.0
1753617796298,12:03:16.298,phemex,A/USDT:USDT,0.5768,638.0,0.5767,572.0,0.5769,79.0,0.5771,1717.0
1753617796298,12:03:16.298,phemex,A/USDT:USDT,0.5768,638.0,0.5767,572.0,0.5769,79.0,0.5771,1717.0
1753617800843,12:03:20.843,phemex,A/USDT:USDT,0.5768,638.0,0.5767,572.0,0.5769,79.0,0.5771,1717.0
1753617803072,12:03:23.072,phemex,A/USDT:USDT,0.5768,638.0,0.5767,572.0,0.577,320.0,0.5771,937.0
1753617803092,12:03:23.092,phemex,A/USDT:USDT,0.5769,217.0,0.5768,638.0,0.577,320.0,0.5771,937.0
1753617803112,12:03:23.112,phemex,A/USDT:USDT,0.5769,217.0,0.5768,638.0,0.577,320.0,0.5771,937.0
1753617803139,12:03:23.139,phemex,A/USDT:USDT,0.5769,217.0,0.5768,638.0,0.577,537.0,0.5771,937.0
1753617803350,12:03:23.350,phemex,A/USDT:USDT,0.5769,217.0,0.5768,638.0,0.577,532.0,0.5771,937.0
1753617804108,12:03:24.108,phemex,A/USDT:USDT,0.5768,638.0,0.5767,572.0,0.577,532.0,0.5771,937.0
1753617804128,12:03:24.128,phemex,A/USDT:USDT,0.5768,638.0,0.5767,572.0,0.577,532.0,0.5771,937.0
1753617804225,12:03:24.225,phemex,A/USDT:USDT,0.5768,638.0,0.5767,572.0,0.5769,217.0,0.577,532.0
1753617804567,12:03:24.567,phemex,A/USDT:USDT,0.5768,421.0,0.5767,572.0,0.5769,217.0,0.577,532.0
1753617805237,12:03:25.237,phemex,A/USDT:USDT,0.5768,361.0,0.5767,572.0,0.5769,217.0,0.577,532.0
1753617805369,12:03:25.369,phemex,A/USDT:USDT,0.5768,578.0,0.5767,572.0,0.5769,217.0,0.577,532.0
1753617805636,12:03:25.636,phemex,A/USDT:USDT,0.5768,578.0,0.5767,572.0,0.5769,217.0,0.577,532.0
1753617805722,12:03:25.722,phemex,A/USDT:USDT,0.5768,578.0,0.5767,572.0,0.577,532.0,0.5771,937.0
1753617805782,12:03:25.782,phemex,A/USDT:USDT,0.5768,578.0,0.5767,572.0,0.577,532.0,0.5771,937.0
1753617805916,12:03:25.916,phemex,A/USDT:USDT,0.5768,578.0,0.5767,572.0,0.577,532.0,0.5771,937.0
1753617805988,12:03:25.988,phemex,A/USDT:USDT,0.5768,578.0,0.5767,572.0,0.5769,217.0,0.577,532.0
1753617806099,12:03:26.099,phemex,A/USDT:USDT,0.5768,578.0,0.5767,572.0,0.577,532.0,0.5771,391.0
1753617806162,12:03:26.162,phemex,A/USDT:USDT,0.5768,578.0,0.5767,572.0,0.577,532.0,0.5771,391.0
1753617807518,12:03:27.518,phemex,A/USDT:USDT,0.5769,214.0,0.5768,578.0,0.577,532.0,0.5771,391.0
1753617809923,12:03:29.923,phemex,A/USDT:USDT,0.5769,214.0,0.5768,578.0,0.577,523.0,0.5771,391.0
1753617810348,12:03:30.348,phemex,A/USDT:USDT,0.5768,578.0,0.5767,572.0,0.577,523.0,0.5771,391.0
1753617810361,12:03:30.361,phemex,A/USDT:USDT,0.5768,578.0,0.5767,572.0,0.577,523.0,0.5771,391.0
1753617810433,12:03:30.433,phemex,A/USDT:USDT,0.5768,578.0,0.5767,572.0,0.577,523.0,0.5771,391.0
1753617810441,12:03:30.441,phemex,A/USDT:USDT,0.5768,578.0,0.5767,572.0,0.577,523.0,0.5771,391.0
1753617811370,12:03:31.370,phemex,A/USDT:USDT,0.5768,578.0,0.5767,572.0,0.5769,175.0,0.577,423.0
1753617811396,12:03:31.396,phemex,A/USDT:USDT,0.5768,578.0,0.5767,572.0,0.5769,382.0,0.577,423.0
1753617815242,12:03:35.242,phemex,A/USDT:USDT,0.5768,578.0,0.5767,572.0,0.5769,382.0,0.577,423.0
1753617815967,12:03:35.967,phemex,A/USDT:USDT,0.5768,578.0,0.5767,572.0,0.5769,382.0,0.577,423.0
1753617815967,12:03:35.967,phemex,A/USDT:USDT,0.5768,578.0,0.5767,572.0,0.5769,382.0,0.577,423.0
1753617816036,12:03:36.036,phemex,A/USDT:USDT,0.5768,578.0,0.5767,572.0,0.5769,382.0,0.577,423.0
1753617816143,12:03:36.143,phemex,A/USDT:USDT,0.5768,578.0,0.5767,572.0,0.5769,382.0,0.577,423.0
1753617816166,12:03:36.166,phemex,A/USDT:USDT,0.5768,578.0,0.5767,572.0,0.5769,382.0,0.577,423.0
1753617818736,12:03:38.736,phemex,A/USDT:USDT,0.5768,578.0,0.5767,572.0,0.5769,382.0,0.577,423.0
1753617818763,12:03:38.763,phemex,A/USDT:USDT,0.5768,578.0,0.5767,572.0,0.5769,382.0,0.577,423.0
1753617821618,12:03:41.618,phemex,A/USDT:USDT,0.5768,578.0,0.5767,572.0,0.5769,382.0,0.577,423.0
1753617821863,12:03:41.863,phemex,A/USDT:USDT,0.5768,578.0,0.5767,572.0,0.5771,216.0,0.5772,2787.0
1753617821889,12:03:41.889,phemex,A/USDT:USDT,0.5769,222.0,0.5768,578.0,0.5771,216.0,0.5772,2241.0
1753617821912,12:03:41.912,phemex,A/USDT:USDT,0.5769,222.0,0.5768,578.0,0.5771,216.0,0.5772,2241.0
1753617830109,12:03:50.109,phemex,A/USDT:USDT,0.5769,222.0,0.5768,578.0,0.5771,216.0,0.5772,2241.0
1753617830320,12:03:50.320,phemex,A/USDT:USDT,0.5769,222.0,0.5768,578.0,0.5771,216.0,0.5772,2241.0
1753617833527,12:03:53.527,phemex,A/USDT:USDT,0.5769,399.0,0.5768,824.0,0.577,215.0,0.5771,919.0
1753617835777,12:03:55.777,phemex,A/USDT:USDT,0.5769,399.0,0.5768,824.0,0.577,215.0,0.5771,919.0
1753617835899,12:03:55.899,phemex,A/USDT:USDT,0.5769,399.0,0.5768,824.0,0.577,215.0,0.5771,919.0
1753617836033,12:03:56.033,phemex,A/USDT:USDT,0.5769,399.0,0.5768,824.0,0.577,215.0,0.5771,919.0
1753617836083,12:03:56.083,phemex,A/USDT:USDT,0.5769,399.0,0.5768,824.0,0.577,215.0,0.5771,919.0
1753617837834,12:03:57.834,phemex,A/USDT:USDT,0.5769,399.0,0.5768,824.0,0.577,429.0,0.5771,919.0
1753617840205,12:04:00.205,phemex,A/USDT:USDT,0.5769,222.0,0.5768,217.0,0.577,589.0,0.5771,433.0
1753617840225,12:04:00.225,phemex,A/USDT:USDT,0.5768,217.0,0.5767,215.0,0.577,589.0,0.5771,433.0
1753617840249,12:04:00.249,phemex,A/USDT:USDT,0.5767,215.0,0.5766,1281.0,0.577,589.0,0.5771,433.0
1753617840287,12:04:00.287,phemex,A/USDT:USDT,0.5767,215.0,0.5766,1281.0,0.577,589.0,0.5771,433.0
1753617841691,12:04:01.691,phemex,A/USDT:USDT,0.5767,215.0,0.5766,1281.0,0.577,523.0,0.5771,433.0
1753617842291,12:04:02.291,phemex,A/USDT:USDT,0.5767,215.0,0.5766,1281.0,0.5769,259.0,0.577,523.0
1753617842311,12:04:02.311,phemex,A/USDT:USDT,0.5767,215.0,0.5766,1281.0,0.5769,473.0,0.577,523.0
1753617842321,12:04:02.321,phemex,A/USDT:USDT,0.5767,215.0,0.5766,1281.0,0.5769,473.0,0.577,523.0
1753617842397,12:04:02.397,phemex,A/USDT:USDT,0.5767,215.0,0.5766,1281.0,0.5769,214.0,0.577,374.0
1753617843153,12:04:03.153,phemex,A/USDT:USDT,0.5767,215.0,0.5766,1281.0,0.577,374.0,0.5771,216.0
1753617843190,12:04:03.190,phemex,A/USDT:USDT,0.5767,215.0,0.5766,1281.0,0.577,374.0,0.5771,216.0
1753617843461,12:04:03.461,phemex,A/USDT:USDT,0.5767,215.0,0.5766,1281.0,0.5769,214.0,0.577,374.0
1753617843793,12:04:03.793,phemex,A/USDT:USDT,0.5767,354.0,0.5766,414.0,0.5769,214.0,0.577,374.0
1753617843914,12:04:03.914,phemex,A/USDT:USDT,0.5767,354.0,0.5766,414.0,0.5769,214.0,0.577,374.0
1753617843948,12:04:03.948,phemex,A/USDT:USDT,0.5767,139.0,0.5766,414.0,0.5769,214.0,0.577,374.0
1753617844057,12:04:04.057,phemex,A/USDT:USDT,0.5767,139.0,0.5766,414.0,0.5769,214.0,0.577,374.0
1753617844140,12:04:04.140,phemex,A/USDT:USDT,0.5766,414.0,0.5765,214.0,0.5769,214.0,0.577,374.0
1753617844162,12:04:04.162,phemex,A/USDT:USDT,0.5766,414.0,0.5765,214.0,0.5769,214.0,0.577,374.0
1753617844297,12:04:04.297,phemex,A/USDT:USDT,0.5766,414.0,0.5765,214.0,0.5769,214.0,0.577,374.0
1753617844615,12:04:04.615,phemex,A/USDT:USDT,0.5766,193.0,0.5765,214.0,0.5769,214.0,0.577,374.0
1753617845113,12:04:05.113,phemex,A/USDT:USDT,0.5766,407.0,0.5765,214.0,0.5769,214.0,0.577,374.0
1753617845118,12:04:05.118,phemex,A/USDT:USDT,0.5766,193.0,0.5765,214.0,0.5769,214.0,0.577,374.0
1753617845257,12:04:05.257,phemex,A/USDT:USDT,0.5766,193.0,0.5765,214.0,0.5768,172.0,0.5769,461.0
1753617845312,12:04:05.312,phemex,A/USDT:USDT,0.5766,407.0,0.5765,214.0,0.5768,172.0,0.5769,461.0
1753617845365,12:04:05.365,phemex,A/USDT:USDT,0.5766,193.0,0.5765,214.0,0.5768,172.0,0.5769,461.0
1753617845379,12:04:05.379,phemex,A/USDT:USDT,0.5766,193.0,0.5765,214.0,0.5768,386.0,0.5769,461.0
1753617845449,12:04:05.449,phemex,A/USDT:USDT,0.5766,193.0,0.5765,214.0,0.5767,214.0,0.5768,386.0
1753617845478,12:04:05.478,phemex,A/USDT:USDT,0.5766,407.0,0.5765,214.0,0.5767,214.0,0.5768,386.0
1753617845542,12:04:05.542,phemex,A/USDT:USDT,0.5766,193.0,0.5765,214.0,0.5767,214.0,0.5768,386.0
1753617846553,12:04:06.553,phemex,A/USDT:USDT,0.5766,193.0,0.5765,214.0,0.5767,214.0,0.5768,386.0
1753617846650,12:04:06.650,phemex,A/USDT:USDT,0.5766,113.0,0.5765,214.0,0.5767,214.0,0.5768,386.0
1753617846702,12:04:06.702,phemex,A/USDT:USDT,0.5766,113.0,0.5765,214.0,0.5767,214.0,0.5768,386.0
1753617846857,12:04:06.857,phemex,A/USDT:USDT,0.5766,113.0,0.5765,214.0,0.5767,214.0,0.5768,386.0
1753617847012,12:04:07.012,phemex,A/USDT:USDT,0.5766,327.0,0.5765,214.0,0.5767,214.0,0.5768,386.0
1753617847025,12:04:07.025,phemex,A/USDT:USDT,0.5766,113.0,0.5765,214.0,0.5767,214.0,0.5768,386.0
1753617847161,12:04:07.161,phemex,A/USDT:USDT,0.5766,113.0,0.5765,214.0,0.5767,214.0,0.5768,386.0
1753617847314,12:04:07.314,phemex,A/USDT:USDT,0.5766,113.0,0.5765,214.0,0.5767,214.0,0.5768,386.0
1753617847461,12:04:07.461,phemex,A/USDT:USDT,0.5766,332.0,0.5765,214.0,0.5767,214.0,0.5768,386.0
1753617847468,12:04:07.468,phemex,A/USDT:USDT,0.5766,113.0,0.5765,214.0,0.5767,214.0,0.5768,386.0
1753617847615,12:04:07.615,phemex,A/USDT:USDT,0.5766,332.0,0.5765,214.0,0.5767,214.0,0.5768,386.0
1753617847622,12:04:07.622,phemex,A/USDT:USDT,0.5766,113.0,0.5765,214.0,0.5767,214.0,0.5768,386.0
1753617847771,12:04:07.771,phemex,A/USDT:USDT,0.5766,113.0,0.5765,214.0,0.5767,214.0,0.5768,760.0
1753617847847,12:04:07.847,phemex,A/USDT:USDT,0.5766,113.0,0.5765,214.0,0.5767,214.0,0.5768,760.0
1753617847937,12:04:07.937,phemex,A/USDT:USDT,0.5766,113.0,0.5765,214.0,0.5767,214.0,0.5768,760.0
1753617848087,12:04:08.087,phemex,A/USDT:USDT,0.5766,113.0,0.5765,214.0,0.5767,214.0,0.5768,760.0
1753617848238,12:04:08.238,phemex,A/USDT:USDT,0.5766,332.0,0.5765,214.0,0.5767,214.0,0.5768,760.0
1753617848243,12:04:08.243,phemex,A/USDT:USDT,0.5766,113.0,0.5765,214.0,0.5767,214.0,0.5768,760.0
1753617848390,12:04:08.390,phemex,A/USDT:USDT,0.5766,332.0,0.5765,214.0,0.5767,214.0,0.5768,760.0
1753617848395,12:04:08.395,phemex,A/USDT:USDT,0.5766,113.0,0.5765,214.0,0.5767,214.0,0.5768,760.0
