timestamp,time,exchange,symbol,bid1_price,bid1_volume,bid2_price,bid2_volume,ask1_price,ask1_volume,ask2_price,ask2_volume
1753617163276,11:52:43.276,phemex,AERO/USDT:USDT,0.8974,75.0,0.8973,148.0,0.8986,77.0,0.8987,609.0
1753617164601,11:52:44.601,phemex,AERO/USDT:USDT,0.8975,70.0,0.8974,75.0,0.8978,57.0,0.8979,195.0
1753617164616,11:52:44.616,phemex,AERO/USDT:USDT,0.8975,70.0,0.8974,75.0,0.8978,57.0,0.8979,195.0
1753617164629,11:52:44.629,phemex,AERO/USDT:USDT,0.8975,70.0,0.8974,75.0,0.8978,57.0,0.8979,195.0
1753617165567,11:52:45.567,phemex,AERO/USDT:USDT,0.8975,17.0,0.8974,75.0,0.8978,57.0,0.8979,195.0
1753617165649,11:52:45.649,phemex,AERO/USDT:USDT,0.8975,17.0,0.8974,75.0,0.8978,57.0,0.8979,195.0
1753617167767,11:52:47.767,phemex,AERO/USDT:USDT,0.8975,17.0,0.8974,75.0,0.8978,57.0,0.8979,195.0
1753617169966,11:52:49.966,phemex,AERO/USDT:USDT,0.8975,17.0,0.8974,75.0,0.8978,57.0,0.8979,195.0
1753617169976,11:52:49.976,phemex,AERO/USDT:USDT,0.8975,854.0,0.8974,75.0,0.8978,57.0,0.8979,195.0
1753617170405,11:52:50.405,phemex,AERO/USDT:USDT,0.8976,60.0,0.8975,902.0,0.8978,57.0,0.8979,52.0
1753617171715,11:52:51.715,phemex,AERO/USDT:USDT,0.8976,60.0,0.8975,65.0,0.898,66.0,0.8984,269.0
1753617171727,11:52:51.727,phemex,AERO/USDT:USDT,0.8976,897.0,0.8975,65.0,0.898,66.0,0.8984,269.0
1753617172420,11:52:52.420,phemex,AERO/USDT:USDT,0.8976,897.0,0.8975,65.0,0.898,61.0,0.8984,269.0
1753617172561,11:52:52.561,phemex,AERO/USDT:USDT,0.8976,897.0,0.8975,65.0,0.898,61.0,0.8984,269.0
1753617172567,11:52:52.567,phemex,AERO/USDT:USDT,0.8976,897.0,0.8975,65.0,0.898,61.0,0.8984,269.0
1753617172567,11:52:52.567,phemex,AERO/USDT:USDT,0.8976,897.0,0.8975,65.0,0.898,61.0,0.8984,269.0
1753617174133,11:52:54.133,phemex,AERO/USDT:USDT,0.8976,60.0,0.8975,65.0,0.898,61.0,0.8984,269.0
1753617174139,11:52:54.139,phemex,AERO/USDT:USDT,0.8976,60.0,0.8975,902.0,0.898,61.0,0.8984,269.0
1753617178816,11:52:58.816,phemex,AERO/USDT:USDT,0.8977,60.0,0.8976,60.0,0.898,215.0,0.8982,369.0
1753617178816,11:52:58.816,phemex,AERO/USDT:USDT,0.8977,60.0,0.8976,60.0,0.898,215.0,0.8982,672.0
1753617178971,11:52:58.971,phemex,AERO/USDT:USDT,0.8977,60.0,0.8976,60.0,0.898,215.0,0.8982,672.0
1753617179040,11:52:59.040,phemex,AERO/USDT:USDT,0.8977,60.0,0.8976,60.0,0.898,154.0,0.8982,672.0
1753617179041,11:52:59.041,phemex,AERO/USDT:USDT,0.8977,60.0,0.8976,60.0,0.8983,632.0,0.8984,269.0
1753617179104,11:52:59.104,phemex,AERO/USDT:USDT,0.8977,60.0,0.8976,60.0,0.8983,632.0,0.8984,269.0
1753617179417,11:52:59.417,phemex,AERO/USDT:USDT,0.8976,60.0,0.8975,902.0,0.8983,632.0,0.8984,269.0
1753617179424,11:52:59.424,phemex,AERO/USDT:USDT,0.8975,65.0,0.8974,837.0,0.8983,632.0,0.8984,269.0
1753617179467,11:52:59.467,phemex,AERO/USDT:USDT,0.8975,65.0,0.8974,837.0,0.8983,632.0,0.8984,269.0
1753617180308,11:53:00.308,phemex,AERO/USDT:USDT,0.8975,65.0,0.8974,837.0,0.8983,632.0,0.8984,269.0
1753617183544,11:53:03.544,phemex,AERO/USDT:USDT,0.8975,65.0,0.8974,837.0,0.8983,632.0,0.8984,269.0
1753617183607,11:53:03.607,phemex,AERO/USDT:USDT,0.8975,65.0,0.8974,837.0,0.8982,67.0,0.8983,127.0
1753617183656,11:53:03.656,phemex,AERO/USDT:USDT,0.8975,65.0,0.8973,134.0,0.8982,67.0,0.8983,127.0
1753617183718,11:53:03.718,phemex,AERO/USDT:USDT,0.8975,65.0,0.8973,134.0,0.8982,67.0,0.8983,127.0
1753617183728,11:53:03.728,phemex,AERO/USDT:USDT,0.8975,902.0,0.8973,134.0,0.8982,67.0,0.8983,127.0
1753617183762,11:53:03.762,phemex,AERO/USDT:USDT,0.8975,902.0,0.8973,134.0,0.8982,67.0,0.8983,127.0
1753617183819,11:53:03.819,phemex,AERO/USDT:USDT,0.8975,902.0,0.8973,134.0,0.8982,67.0,0.8985,538.0
1753617183840,11:53:03.840,phemex,AERO/USDT:USDT,0.8975,65.0,0.8973,134.0,0.8982,67.0,0.8985,538.0
1753617183916,11:53:03.916,phemex,AERO/USDT:USDT,0.8976,837.0,0.8975,65.0,0.8982,67.0,0.8985,538.0
1753617183935,11:53:03.935,phemex,AERO/USDT:USDT,0.8976,837.0,0.8975,65.0,0.8982,67.0,0.8983,67.0
1753617183962,11:53:03.962,phemex,AERO/USDT:USDT,0.8976,837.0,0.8975,65.0,0.8982,67.0,0.8983,67.0
1753617183981,11:53:03.981,phemex,AERO/USDT:USDT,0.8975,65.0,0.8973,134.0,0.8982,67.0,0.8983,67.0
1753617184000,11:53:04.000,phemex,AERO/USDT:USDT,0.8975,65.0,0.8973,134.0,0.8982,67.0,0.8983,67.0
1753617184042,11:53:04.042,phemex,AERO/USDT:USDT,0.8975,65.0,0.8973,134.0,0.8982,67.0,0.8983,67.0
1753617184059,11:53:04.059,phemex,AERO/USDT:USDT,0.8975,65.0,0.8973,134.0,0.8982,67.0,0.8983,67.0
1753617184101,11:53:04.101,phemex,AERO/USDT:USDT,0.8975,65.0,0.8973,134.0,0.8983,67.0,0.8986,82.0
1753617184119,11:53:04.119,phemex,AERO/USDT:USDT,0.8976,837.0,0.8975,65.0,0.8983,147.0,0.8984,60.0
1753617184129,11:53:04.129,phemex,AERO/USDT:USDT,0.8976,837.0,0.8975,65.0,0.8983,147.0,0.8984,60.0
1753617184189,11:53:04.189,phemex,AERO/USDT:USDT,0.8976,837.0,0.8975,65.0,0.8983,147.0,0.8984,60.0
1753617184339,11:53:04.339,phemex,AERO/USDT:USDT,0.8976,837.0,0.8975,65.0,0.8983,147.0,0.8984,60.0
1753617184417,11:53:04.417,phemex,AERO/USDT:USDT,0.8976,837.0,0.8975,65.0,0.8983,147.0,0.8984,60.0
1753617184556,11:53:04.556,phemex,AERO/USDT:USDT,0.8977,837.0,0.8975,65.0,0.8983,147.0,0.8984,60.0
1753617184596,11:53:04.596,phemex,AERO/USDT:USDT,0.8976,837.0,0.8975,65.0,0.8983,147.0,0.8984,60.0
1753617185073,11:53:05.073,phemex,AERO/USDT:USDT,0.8982,54.0,0.8981,194.0,0.8983,147.0,0.8984,60.0
1753617185113,11:53:05.113,phemex,AERO/USDT:USDT,0.8982,54.0,0.8981,194.0,0.8983,147.0,0.8984,60.0
1753617185115,11:53:05.115,phemex,AERO/USDT:USDT,0.8982,54.0,0.8981,194.0,0.8983,147.0,0.8984,60.0
1753617185362,11:53:05.362,phemex,AERO/USDT:USDT,0.8982,54.0,0.8981,194.0,0.8983,147.0,0.8984,60.0
1753617186029,11:53:06.029,phemex,AERO/USDT:USDT,0.8982,54.0,0.8981,194.0,0.8983,147.0,0.8984,60.0
1753617187641,11:53:07.641,phemex,AERO/USDT:USDT,0.8982,46.0,0.8981,194.0,0.8983,147.0,0.8984,60.0
1753617188567,11:53:08.567,phemex,AERO/USDT:USDT,0.8982,46.0,0.8981,194.0,0.8983,147.0,0.8984,60.0
1753617190311,11:53:10.311,phemex,AERO/USDT:USDT,0.8982,46.0,0.8981,194.0,0.8983,147.0,0.8984,60.0
1753617190335,11:53:10.335,phemex,AERO/USDT:USDT,0.8982,46.0,0.8981,194.0,0.8983,147.0,0.8984,60.0
1753617190471,11:53:10.471,phemex,AERO/USDT:USDT,0.8982,46.0,0.8981,194.0,0.8983,147.0,0.8984,60.0
1753617193369,11:53:13.369,phemex,AERO/USDT:USDT,0.8982,46.0,0.8981,194.0,0.8983,147.0,0.8984,60.0
1753617196976,11:53:16.976,phemex,AERO/USDT:USDT,0.8982,46.0,0.8981,194.0,0.8986,82.0,0.8987,304.0
1753617196976,11:53:16.976,phemex,AERO/USDT:USDT,0.8982,46.0,0.8981,67.0,0.8986,82.0,0.8988,914.0
1753617197005,11:53:17.005,phemex,AERO/USDT:USDT,0.8982,46.0,0.8981,67.0,0.8986,82.0,0.8988,914.0
1753617197078,11:53:17.078,phemex,AERO/USDT:USDT,0.8982,46.0,0.8981,67.0,0.8986,82.0,0.8988,914.0
1753617197108,11:53:17.108,phemex,AERO/USDT:USDT,0.8982,46.0,0.8981,67.0,0.8986,82.0,0.8988,914.0
1753617198185,11:53:18.185,phemex,AERO/USDT:USDT,0.8982,46.0,0.8981,67.0,0.8986,82.0,0.8988,914.0
1753617199227,11:53:19.227,phemex,AERO/USDT:USDT,0.8982,46.0,0.8981,67.0,0.8986,82.0,0.8987,77.0
1753617199273,11:53:19.273,phemex,AERO/USDT:USDT,0.8982,46.0,0.8981,67.0,0.8986,82.0,0.8987,77.0
1753617199309,11:53:19.309,phemex,AERO/USDT:USDT,0.8982,883.0,0.8981,67.0,0.8986,82.0,0.8987,77.0
1753617199994,11:53:19.994,phemex,AERO/USDT:USDT,0.8982,46.0,0.8981,67.0,0.8986,82.0,0.8987,77.0
1753617200173,11:53:20.173,phemex,AERO/USDT:USDT,0.8982,46.0,0.8981,67.0,0.8986,82.0,0.8987,77.0
1753617201225,11:53:21.225,phemex,AERO/USDT:USDT,0.8982,46.0,0.8981,67.0,0.8986,82.0,0.8987,77.0
1753617201248,11:53:21.248,phemex,AERO/USDT:USDT,0.8982,46.0,0.8981,904.0,0.8986,82.0,0.8987,77.0
1753617201384,11:53:21.384,phemex,AERO/USDT:USDT,0.8982,46.0,0.8981,904.0,0.8986,78.0,0.8987,77.0
1753617202969,11:53:22.969,phemex,AERO/USDT:USDT,0.8982,46.0,0.8981,949.0,0.8986,78.0,0.8987,77.0
1753617205651,11:53:25.651,phemex,AERO/USDT:USDT,0.8982,46.0,0.8981,949.0,0.8985,49.0,0.8986,129.0
1753617206127,11:53:26.127,phemex,AERO/USDT:USDT,0.8982,46.0,0.8981,949.0,0.8985,49.0,0.8986,129.0
1753617206146,11:53:26.146,phemex,AERO/USDT:USDT,0.8982,46.0,0.8981,949.0,0.8985,49.0,0.8986,129.0
1753617207768,11:53:27.768,phemex,AERO/USDT:USDT,0.8982,46.0,0.8981,949.0,0.8985,49.0,0.8986,129.0
1753617207891,11:53:27.891,phemex,AERO/USDT:USDT,0.8982,46.0,0.8981,949.0,0.8985,49.0,0.8986,129.0
1753617207914,11:53:27.914,phemex,AERO/USDT:USDT,0.8982,46.0,0.8981,112.0,0.8985,49.0,0.8986,129.0
1753617207946,11:53:27.946,phemex,AERO/USDT:USDT,0.8982,883.0,0.8981,112.0,0.8985,49.0,0.8986,129.0
1753617208042,11:53:28.042,phemex,AERO/USDT:USDT,0.8982,883.0,0.8981,183.0,0.8985,49.0,0.8986,129.0
1753617208340,11:53:28.340,phemex,AERO/USDT:USDT,0.8982,883.0,0.8981,183.0,0.8985,49.0,0.8986,129.0
1753617208345,11:53:28.345,phemex,AERO/USDT:USDT,0.8982,883.0,0.8981,183.0,0.8985,49.0,0.8986,129.0
1753617208695,11:53:28.695,phemex,AERO/USDT:USDT,0.8982,883.0,0.8981,183.0,0.8987,77.0,0.8989,3461.0
1753617208695,11:53:28.695,phemex,AERO/USDT:USDT,0.8982,883.0,0.8981,183.0,0.8987,77.0,0.8989,3461.0
1753617209893,11:53:29.893,phemex,AERO/USDT:USDT,0.8982,883.0,0.8981,183.0,0.8987,77.0,0.8989,3514.0
1753617209925,11:53:29.925,phemex,AERO/USDT:USDT,0.8982,46.0,0.8981,183.0,0.8987,77.0,0.8989,53.0
1753617209958,11:53:29.958,phemex,AERO/USDT:USDT,0.8982,46.0,0.8981,183.0,0.8987,77.0,0.8989,53.0
1753617209972,11:53:29.972,phemex,AERO/USDT:USDT,0.8982,46.0,0.8981,183.0,0.8987,77.0,0.8989,53.0
1753617209990,11:53:29.990,phemex,AERO/USDT:USDT,0.8983,837.0,0.8982,46.0,0.8987,77.0,0.8989,53.0
1753617210362,11:53:30.362,phemex,AERO/USDT:USDT,0.8983,837.0,0.8982,46.0,0.8987,71.0,0.8989,53.0
1753617210568,11:53:30.568,phemex,AERO/USDT:USDT,0.8983,837.0,0.8982,46.0,0.8987,71.0,0.8989,53.0
1753617211723,11:53:31.723,phemex,AERO/USDT:USDT,0.8985,76.0,0.8984,51.0,0.8989,53.0,0.8991,3538.0
1753617211801,11:53:31.801,phemex,AERO/USDT:USDT,0.8985,76.0,0.8984,51.0,0.8989,75.0,0.899,58.0
1753617211819,11:53:31.819,phemex,AERO/USDT:USDT,0.8985,76.0,0.8984,51.0,0.8989,75.0,0.899,58.0
1753617211871,11:53:31.871,phemex,AERO/USDT:USDT,0.8986,837.0,0.8985,76.0,0.8989,75.0,0.899,58.0
1753617212075,11:53:32.075,phemex,AERO/USDT:USDT,0.8985,76.0,0.8984,51.0,0.8989,75.0,0.899,58.0
1753617212080,11:53:32.080,phemex,AERO/USDT:USDT,0.8985,76.0,0.8984,51.0,0.8989,75.0,0.899,58.0
1753617212238,11:53:32.238,phemex,AERO/USDT:USDT,0.8985,76.0,0.8984,51.0,0.8989,75.0,0.899,58.0
1753617212315,11:53:32.315,phemex,AERO/USDT:USDT,0.8985,76.0,0.8984,51.0,0.8989,72.0,0.899,58.0
1753617212563,11:53:32.563,phemex,AERO/USDT:USDT,0.8985,76.0,0.8984,51.0,0.8989,72.0,0.899,58.0
1753617212717,11:53:32.717,phemex,AERO/USDT:USDT,0.8985,76.0,0.8984,51.0,0.8989,72.0,0.899,58.0
1753617212923,11:53:32.923,phemex,AERO/USDT:USDT,0.8985,76.0,0.8984,51.0,0.8989,72.0,0.899,58.0
1753617215297,11:53:35.297,phemex,AERO/USDT:USDT,0.8986,66.0,0.8985,150.0,0.8989,72.0,0.899,58.0
1753617216017,11:53:36.017,phemex,AERO/USDT:USDT,0.8986,66.0,0.8985,150.0,0.8989,72.0,0.899,58.0
1753617217372,11:53:37.372,phemex,AERO/USDT:USDT,0.8986,66.0,0.8985,150.0,0.8989,72.0,0.899,58.0
1753617217446,11:53:37.446,phemex,AERO/USDT:USDT,0.8986,136.0,0.8985,150.0,0.8989,72.0,0.899,112.0
1753617218082,11:53:38.082,phemex,AERO/USDT:USDT,0.8986,136.0,0.8985,150.0,0.899,54.0,0.8991,77.0
1753617218202,11:53:38.202,phemex,AERO/USDT:USDT,0.8986,136.0,0.8985,150.0,0.899,54.0,0.8991,77.0
1753617218675,11:53:38.675,phemex,AERO/USDT:USDT,0.8986,136.0,0.8985,150.0,0.899,54.0,0.8991,77.0
1753617218687,11:53:38.687,phemex,AERO/USDT:USDT,0.8986,136.0,0.8985,150.0,0.899,54.0,0.8991,77.0
1753617220256,11:53:40.256,phemex,AERO/USDT:USDT,0.8986,136.0,0.8985,150.0,0.899,54.0,0.8991,77.0
1753617220269,11:53:40.269,phemex,AERO/USDT:USDT,0.8986,136.0,0.8985,150.0,0.899,54.0,0.8991,77.0
1753617221219,11:53:41.219,phemex,AERO/USDT:USDT,0.8986,136.0,0.8985,150.0,0.899,50.0,0.8991,77.0
1753617222012,11:53:42.012,phemex,AERO/USDT:USDT,0.8986,136.0,0.8985,150.0,0.899,50.0,0.8991,77.0
1753617222171,11:53:42.171,phemex,AERO/USDT:USDT,0.8986,136.0,0.8985,150.0,0.899,50.0,0.8991,77.0
1753617223980,11:53:43.980,phemex,AERO/USDT:USDT,0.8986,136.0,0.8985,987.0,0.899,50.0,0.8991,77.0
1753617224354,11:53:44.354,phemex,AERO/USDT:USDT,0.8988,104.0,0.8986,136.0,0.8993,183.0,0.8995,920.0
1753617224367,11:53:44.367,phemex,AERO/USDT:USDT,0.8988,104.0,0.8986,973.0,0.8993,113.0,0.8995,354.0
1753617224415,11:53:44.415,phemex,AERO/USDT:USDT,0.8988,104.0,0.8986,973.0,0.8993,113.0,0.8995,354.0
1753617225195,11:53:45.195,phemex,AERO/USDT:USDT,0.8988,34.0,0.8986,973.0,0.8993,113.0,0.8995,354.0
1753617226097,11:53:46.097,phemex,AERO/USDT:USDT,0.8988,34.0,0.8986,973.0,0.8993,93.0,0.8995,354.0
1753617226962,11:53:46.962,phemex,AERO/USDT:USDT,0.8988,34.0,0.8986,973.0,0.8993,93.0,0.8995,354.0
1753617227065,11:53:47.065,phemex,AERO/USDT:USDT,0.8988,34.0,0.8986,973.0,0.8993,93.0,0.8995,354.0
1753617227197,11:53:47.197,phemex,AERO/USDT:USDT,0.8988,34.0,0.8986,973.0,0.8993,145.0,0.8996,313.0
1753617227510,11:53:47.510,phemex,AERO/USDT:USDT,0.8988,34.0,0.8986,973.0,0.8993,145.0,0.8996,313.0
1753617227742,11:53:47.742,phemex,AERO/USDT:USDT,0.8988,34.0,0.8987,837.0,0.8993,145.0,0.8996,313.0
1753617228013,11:53:48.013,phemex,AERO/USDT:USDT,0.8988,34.0,0.8987,837.0,0.8993,145.0,0.8996,313.0
1753617229713,11:53:49.713,phemex,AERO/USDT:USDT,0.8989,112.0,0.8988,152.0,0.8993,145.0,0.8996,313.0
1753617231219,11:53:51.219,phemex,AERO/USDT:USDT,0.8989,112.0,0.8988,152.0,0.8993,145.0,0.8996,313.0
1753617231238,11:53:51.238,phemex,AERO/USDT:USDT,0.8989,112.0,0.8988,152.0,0.8993,145.0,0.8996,313.0
1753617231772,11:53:51.772,phemex,AERO/USDT:USDT,0.8989,112.0,0.8988,152.0,0.8993,145.0,0.8996,313.0
1753617231772,11:53:51.772,phemex,AERO/USDT:USDT,0.8989,112.0,0.8988,152.0,0.8993,145.0,0.8996,313.0
1753617233121,11:53:53.121,phemex,AERO/USDT:USDT,0.8989,102.0,0.8988,152.0,0.8993,145.0,0.8996,313.0
1753617234193,11:53:54.193,phemex,AERO/USDT:USDT,0.8989,102.0,0.8988,152.0,0.8991,54.0,0.8993,102.0
1753617234229,11:53:54.229,phemex,AERO/USDT:USDT,0.8989,102.0,0.8988,152.0,0.8991,54.0,0.8993,102.0
1753617234241,11:53:54.241,phemex,AERO/USDT:USDT,0.8989,102.0,0.8988,152.0,0.8991,54.0,0.8993,102.0
1753617235829,11:53:55.829,phemex,AERO/USDT:USDT,0.8989,102.0,0.8988,152.0,0.8991,54.0,0.8993,102.0
1753617236570,11:53:56.570,phemex,AERO/USDT:USDT,0.8989,102.0,0.8988,152.0,0.8991,54.0,0.8993,102.0
1753617237344,11:53:57.344,phemex,AERO/USDT:USDT,0.8984,582.0,0.8983,300.0,0.8991,54.0,0.8993,102.0
1753617237351,11:53:57.351,phemex,AERO/USDT:USDT,0.8985,837.0,0.8984,582.0,0.8991,54.0,0.8993,102.0
1753617237448,11:53:57.448,phemex,AERO/USDT:USDT,0.8986,837.0,0.8984,582.0,0.8994,62.0,0.8996,313.0
1753617237464,11:53:57.464,phemex,AERO/USDT:USDT,0.8984,582.0,0.8983,300.0,0.8994,62.0,0.8996,313.0
1753617237490,11:53:57.490,phemex,AERO/USDT:USDT,0.8985,837.0,0.8984,582.0,0.8994,62.0,0.8996,313.0
1753617237751,11:53:57.751,phemex,AERO/USDT:USDT,0.8985,837.0,0.8984,582.0,0.8994,62.0,0.8996,313.0
1753617237924,11:53:57.924,phemex,AERO/USDT:USDT,0.8985,837.0,0.8984,582.0,0.8994,62.0,0.8996,313.0
1753617238495,11:53:58.495,phemex,AERO/USDT:USDT,0.8985,837.0,0.8984,582.0,0.8994,30.0,0.8996,313.0
1753617240843,11:54:00.843,phemex,AERO/USDT:USDT,0.8984,582.0,0.8983,300.0,0.8994,30.0,0.8996,313.0
1753617240854,11:54:00.854,phemex,AERO/USDT:USDT,0.8984,582.0,0.8983,300.0,0.8994,30.0,0.8996,313.0
1753617240999,11:54:00.999,phemex,AERO/USDT:USDT,0.8984,582.0,0.8983,300.0,0.8994,30.0,0.8996,313.0
1753617241005,11:54:01.005,phemex,AERO/USDT:USDT,0.8984,582.0,0.8983,300.0,0.8994,30.0,0.8996,313.0
1753617241207,11:54:01.207,phemex,AERO/USDT:USDT,0.8984,582.0,0.8983,300.0,0.8994,21.0,0.8996,313.0
1753617241370,11:54:01.370,phemex,AERO/USDT:USDT,0.8984,582.0,0.8983,300.0,0.8994,21.0,0.8996,313.0
1753617242843,11:54:02.843,phemex,AERO/USDT:USDT,0.8987,57.0,0.8986,58.0,0.8991,141.0,0.8992,65.0
1753617242867,11:54:02.867,phemex,AERO/USDT:USDT,0.8987,57.0,0.8986,58.0,0.8991,141.0,0.8992,65.0
1753617242893,11:54:02.893,phemex,AERO/USDT:USDT,0.8987,57.0,0.8986,58.0,0.8991,141.0,0.8992,65.0
1753617242946,11:54:02.946,phemex,AERO/USDT:USDT,0.8987,57.0,0.8986,58.0,0.8991,141.0,0.8992,65.0
1753617243243,11:54:03.243,phemex,AERO/USDT:USDT,0.8987,57.0,0.8986,58.0,0.8991,135.0,0.8992,65.0
1753617244466,11:54:04.466,phemex,AERO/USDT:USDT,0.8987,57.0,0.8986,58.0,0.8991,135.0,0.8992,65.0
1753617244472,11:54:04.472,phemex,AERO/USDT:USDT,0.8987,57.0,0.8986,58.0,0.8991,135.0,0.8992,65.0
1753617246039,11:54:06.039,phemex,AERO/USDT:USDT,0.8985,135.0,0.8983,552.0,0.8991,135.0,0.8992,65.0
1753617246064,11:54:06.064,phemex,AERO/USDT:USDT,0.8985,135.0,0.8983,552.0,0.8991,135.0,0.8992,65.0
1753617246084,11:54:06.084,phemex,AERO/USDT:USDT,0.8985,135.0,0.8983,552.0,0.8991,135.0,0.8992,65.0
1753617246190,11:54:06.190,phemex,AERO/USDT:USDT,0.8985,135.0,0.8982,277.0,0.8991,135.0,0.8992,65.0
1753617246215,11:54:06.215,phemex,AERO/USDT:USDT,0.8985,135.0,0.8982,277.0,0.8991,135.0,0.8992,65.0
1753617246218,11:54:06.218,phemex,AERO/USDT:USDT,0.8985,135.0,0.8982,277.0,0.8991,135.0,0.8992,65.0
1753617246343,11:54:06.343,phemex,AERO/USDT:USDT,0.8985,135.0,0.8982,277.0,0.8991,135.0,0.8992,65.0
1753617246350,11:54:06.350,phemex,AERO/USDT:USDT,0.8985,135.0,0.8982,277.0,0.8991,135.0,0.8992,65.0
1753617246377,11:54:06.377,phemex,AERO/USDT:USDT,0.8985,135.0,0.8982,277.0,0.8991,135.0,0.8992,65.0
1753617246459,11:54:06.459,phemex,AERO/USDT:USDT,0.8985,135.0,0.8982,277.0,0.8991,135.0,0.8992,65.0
1753617246496,11:54:06.496,phemex,AERO/USDT:USDT,0.8985,135.0,0.8982,277.0,0.8991,135.0,0.8992,65.0
1753617246552,11:54:06.552,phemex,AERO/USDT:USDT,0.8985,135.0,0.8982,277.0,0.8991,135.0,0.8992,65.0
1753617246575,11:54:06.575,phemex,AERO/USDT:USDT,0.8985,135.0,0.8982,277.0,0.8991,135.0,0.8992,65.0
1753617247172,11:54:07.172,phemex,AERO/USDT:USDT,0.8985,215.0,0.898,729.0,0.8991,135.0,0.8992,65.0
1753617247239,11:54:07.239,phemex,AERO/USDT:USDT,0.8985,215.0,0.898,729.0,0.8991,135.0,0.8992,65.0
1753617247259,11:54:07.259,phemex,AERO/USDT:USDT,0.8985,215.0,0.898,729.0,0.8991,135.0,0.8992,65.0
1753617247405,11:54:07.405,phemex,AERO/USDT:USDT,0.8985,215.0,0.898,729.0,0.8991,135.0,0.8992,65.0
1753617247925,11:54:07.925,phemex,AERO/USDT:USDT,0.8983,106.0,0.8982,62.0,0.8987,100.0,0.8989,113.0
1753617247949,11:54:07.949,phemex,AERO/USDT:USDT,0.8983,106.0,0.8982,62.0,0.8987,100.0,0.8989,113.0
1753617247981,11:54:07.981,phemex,AERO/USDT:USDT,0.8983,106.0,0.8982,62.0,0.8987,100.0,0.8989,113.0
1753617248040,11:54:08.040,phemex,AERO/USDT:USDT,0.8983,106.0,0.8982,62.0,0.8987,100.0,0.8989,113.0
1753617248052,11:54:08.052,phemex,AERO/USDT:USDT,0.8983,106.0,0.8982,62.0,0.8987,100.0,0.8989,113.0
1753617248138,11:54:08.138,phemex,AERO/USDT:USDT,0.8983,106.0,0.8982,62.0,0.8987,100.0,0.8989,113.0
1753617248213,11:54:08.213,phemex,AERO/USDT:USDT,0.8983,106.0,0.8982,62.0,0.8987,100.0,0.8989,113.0
1753617249100,11:54:09.100,phemex,AERO/USDT:USDT,0.8983,106.0,0.8982,62.0,0.8987,100.0,0.8989,113.0
1753617249145,11:54:09.145,phemex,AERO/USDT:USDT,0.8983,106.0,0.8982,62.0,0.8987,100.0,0.8989,113.0
1753617249151,11:54:09.151,phemex,AERO/USDT:USDT,0.8983,106.0,0.8982,62.0,0.8987,100.0,0.8989,113.0
1753617249207,11:54:09.207,phemex,AERO/USDT:USDT,0.8983,106.0,0.8982,62.0,0.8987,100.0,0.8989,113.0
1753617249376,11:54:09.376,phemex,AERO/USDT:USDT,0.8983,106.0,0.8982,62.0,0.8987,100.0,0.8989,113.0
1753617249439,11:54:09.439,phemex,AERO/USDT:USDT,0.8983,106.0,0.8982,62.0,0.8987,100.0,0.8989,113.0
1753617249708,11:54:09.708,phemex,AERO/USDT:USDT,0.8983,106.0,0.8982,62.0,0.8987,100.0,0.8989,113.0
1753617249717,11:54:09.717,phemex,AERO/USDT:USDT,0.8983,106.0,0.8982,62.0,0.8987,100.0,0.8989,113.0
1753617250965,11:54:10.965,phemex,AERO/USDT:USDT,0.8983,106.0,0.8982,62.0,0.8987,100.0,0.8989,113.0
1753617251091,11:54:11.091,phemex,AERO/USDT:USDT,0.8983,106.0,0.8982,62.0,0.8987,100.0,0.8989,113.0
1753617252020,11:54:12.020,phemex,AERO/USDT:USDT,0.8983,106.0,0.8982,62.0,0.8987,100.0,0.8989,113.0
1753617252043,11:54:12.043,phemex,AERO/USDT:USDT,0.8983,106.0,0.8982,62.0,0.8987,100.0,0.8989,113.0
1753617252092,11:54:12.092,phemex,AERO/USDT:USDT,0.8983,106.0,0.8982,62.0,0.8987,100.0,0.8989,113.0
1753617253071,11:54:13.071,phemex,AERO/USDT:USDT,0.8983,106.0,0.8982,62.0,0.8987,94.0,0.8989,113.0
1753617253972,11:54:13.972,phemex,AERO/USDT:USDT,0.8983,106.0,0.8982,62.0,0.8987,94.0,0.8989,113.0
1753617255369,11:54:15.369,phemex,AERO/USDT:USDT,0.8983,106.0,0.8982,62.0,0.8987,165.0,0.8989,226.0
1753617255369,11:54:15.369,phemex,AERO/USDT:USDT,0.8983,106.0,0.8982,62.0,0.8987,198.0,0.8989,226.0
1753617255595,11:54:15.595,phemex,AERO/USDT:USDT,0.8983,106.0,0.8982,62.0,0.8987,198.0,0.8989,226.0
1753617255770,11:54:15.770,phemex,AERO/USDT:USDT,0.8983,106.0,0.8982,62.0,0.8987,198.0,0.8989,226.0
1753617256312,11:54:16.312,phemex,AERO/USDT:USDT,0.8983,103.0,0.8982,62.0,0.8987,198.0,0.8989,226.0
1753617259981,11:54:19.981,phemex,AERO/USDT:USDT,0.8983,103.0,0.8982,62.0,0.8987,198.0,0.8989,226.0
1753617259984,11:54:19.984,phemex,AERO/USDT:USDT,0.8983,103.0,0.8982,899.0,0.8987,198.0,0.8989,226.0
1753617263594,11:54:23.594,phemex,AERO/USDT:USDT,0.8983,103.0,0.8982,899.0,0.8987,198.0,0.8989,226.0
1753617264291,11:54:24.291,phemex,AERO/USDT:USDT,0.8983,103.0,0.8982,899.0,0.8987,198.0,0.8989,226.0
1753617271523,11:54:31.523,phemex,AERO/USDT:USDT,0.8983,47.0,0.8982,899.0,0.8984,49.0,0.8987,161.0
1753617271559,11:54:31.559,phemex,AERO/USDT:USDT,0.8983,47.0,0.8982,62.0,0.8984,49.0,0.8987,161.0
1753617271622,11:54:31.622,phemex,AERO/USDT:USDT,0.8983,47.0,0.8982,62.0,0.8984,49.0,0.8987,161.0
1753617271958,11:54:31.958,phemex,AERO/USDT:USDT,0.8983,47.0,0.8982,62.0,0.8984,49.0,0.8987,161.0
1753617273667,11:54:33.667,phemex,AERO/USDT:USDT,0.898,45.0,0.8978,837.0,0.8984,49.0,0.8987,161.0
1753617273695,11:54:33.695,phemex,AERO/USDT:USDT,0.898,45.0,0.8977,1123.0,0.8984,49.0,0.8987,161.0
1753617275369,11:54:35.369,phemex,AERO/USDT:USDT,0.898,45.0,0.8978,837.0,0.8984,49.0,0.8987,161.0
1753617275570,11:54:35.570,phemex,AERO/USDT:USDT,0.898,45.0,0.8978,837.0,0.8984,49.0,0.8987,161.0
1753617278304,11:54:38.304,phemex,AERO/USDT:USDT,0.898,45.0,0.8978,837.0,0.8984,49.0,0.8985,69.0
1753617278972,11:54:38.972,phemex,AERO/USDT:USDT,0.8981,59.0,0.898,45.0,0.8984,49.0,0.8985,69.0
1753617278975,11:54:38.975,phemex,AERO/USDT:USDT,0.8981,59.0,0.898,45.0,0.8984,49.0,0.8985,69.0
1753617279338,11:54:39.338,phemex,AERO/USDT:USDT,0.8981,39.0,0.898,45.0,0.8984,49.0,0.8985,69.0
1753617280362,11:54:40.362,phemex,AERO/USDT:USDT,0.8981,39.0,0.898,45.0,0.8984,49.0,0.8985,69.0
1753617280700,11:54:40.700,phemex,AERO/USDT:USDT,0.8981,39.0,0.898,45.0,0.8984,49.0,0.8985,69.0
1753617281042,11:54:41.042,phemex,AERO/USDT:USDT,0.8981,39.0,0.898,45.0,0.8984,49.0,0.8985,69.0
1753617281146,11:54:41.146,phemex,AERO/USDT:USDT,0.8981,39.0,0.898,45.0,0.8984,49.0,0.8985,69.0
1753617281889,11:54:41.889,phemex,AERO/USDT:USDT,0.8981,39.0,0.898,45.0,0.8984,49.0,0.8985,69.0
1753617281894,11:54:41.894,phemex,AERO/USDT:USDT,0.8981,39.0,0.898,45.0,0.8984,49.0,0.8985,69.0
1753617282235,11:54:42.235,phemex,AERO/USDT:USDT,0.8981,39.0,0.898,45.0,0.8984,39.0,0.8985,69.0
1753617284389,11:54:44.389,phemex,AERO/USDT:USDT,0.8981,39.0,0.898,45.0,0.8984,39.0,0.8985,69.0
1753617284400,11:54:44.400,phemex,AERO/USDT:USDT,0.8981,39.0,0.898,45.0,0.8984,39.0,0.8985,69.0
1753617284490,11:54:44.490,phemex,AERO/USDT:USDT,0.8981,39.0,0.898,45.0,0.8984,50.0,0.8985,191.0
1753617284500,11:54:44.500,phemex,AERO/USDT:USDT,0.8981,39.0,0.898,45.0,0.8984,50.0,0.8985,191.0
1753617285169,11:54:45.169,phemex,AERO/USDT:USDT,0.8981,39.0,0.898,45.0,0.8984,50.0,0.8985,191.0
1753617289610,11:54:49.610,phemex,AERO/USDT:USDT,0.8981,39.0,0.898,45.0,0.8983,52.0,0.8985,77.0
1753617289625,11:54:49.625,phemex,AERO/USDT:USDT,0.8981,79.0,0.898,45.0,0.8983,52.0,0.8985,77.0
1753617289973,11:54:49.973,phemex,AERO/USDT:USDT,0.8981,79.0,0.898,882.0,0.8983,52.0,0.8985,77.0
1753617289973,11:54:49.973,phemex,AERO/USDT:USDT,0.8981,79.0,0.898,882.0,0.8983,52.0,0.8985,77.0
1753617292972,11:54:52.972,phemex,AERO/USDT:USDT,0.8981,79.0,0.898,45.0,0.8983,52.0,0.8985,77.0
1753617292982,11:54:52.982,phemex,AERO/USDT:USDT,0.8981,79.0,0.898,45.0,0.8983,52.0,0.8985,77.0
1753617295174,11:54:55.174,phemex,AERO/USDT:USDT,0.8981,79.0,0.898,45.0,0.8983,52.0,0.8985,77.0
1753617295182,11:54:55.182,phemex,AERO/USDT:USDT,0.8981,79.0,0.898,45.0,0.8983,52.0,0.8985,77.0
1753617295325,11:54:55.325,phemex,AERO/USDT:USDT,0.8981,79.0,0.898,45.0,0.8983,187.0,0.8985,77.0
1753617295472,11:54:55.472,phemex,AERO/USDT:USDT,0.8981,79.0,0.898,45.0,0.8983,187.0,0.8985,77.0
1753617298966,11:54:58.966,phemex,AERO/USDT:USDT,0.8981,79.0,0.898,45.0,0.8983,187.0,0.8985,77.0
1753617298970,11:54:58.970,phemex,AERO/USDT:USDT,0.8981,79.0,0.898,45.0,0.8983,187.0,0.8985,77.0
1753617300441,11:55:00.441,phemex,AERO/USDT:USDT,0.8981,79.0,0.898,45.0,0.8983,187.0,0.8985,77.0
1753617301297,11:55:01.297,phemex,AERO/USDT:USDT,0.8981,79.0,0.898,45.0,0.8983,187.0,0.8985,77.0
1753617304641,11:55:04.641,phemex,AERO/USDT:USDT,0.8979,917.0,0.8978,55.0,0.8983,81.0,0.8985,135.0
1753617304649,11:55:04.649,phemex,AERO/USDT:USDT,0.8979,837.0,0.8978,55.0,0.8983,81.0,0.8985,135.0
1753617304687,11:55:04.687,phemex,AERO/USDT:USDT,0.8978,55.0,0.8976,65.0,0.8983,81.0,0.8985,135.0
1753617304720,11:55:04.720,phemex,AERO/USDT:USDT,0.8978,55.0,0.8977,837.0,0.8983,81.0,0.8985,135.0
1753617304729,11:55:04.729,phemex,AERO/USDT:USDT,0.8978,55.0,0.8977,837.0,0.8983,81.0,0.8985,135.0
1753617304777,11:55:04.777,phemex,AERO/USDT:USDT,0.8978,55.0,0.8977,837.0,0.8983,81.0,0.8985,135.0
1753617304829,11:55:04.829,phemex,AERO/USDT:USDT,0.8978,55.0,0.8977,837.0,0.8983,81.0,0.8985,135.0
1753617304849,11:55:04.849,phemex,AERO/USDT:USDT,0.8978,55.0,0.8976,65.0,0.8983,81.0,0.8985,135.0
1753617305050,11:55:05.050,phemex,AERO/USDT:USDT,0.8978,55.0,0.8976,65.0,0.8983,81.0,0.8985,135.0
1753617305073,11:55:05.073,phemex,AERO/USDT:USDT,0.8978,55.0,0.8976,65.0,0.8983,81.0,0.8985,135.0
1753617305093,11:55:05.093,phemex,AERO/USDT:USDT,0.8978,55.0,0.8976,139.0,0.8983,81.0,0.8985,135.0
1753617305096,11:55:05.096,phemex,AERO/USDT:USDT,0.8978,55.0,0.8976,139.0,0.8983,81.0,0.8985,135.0
1753617305123,11:55:05.123,phemex,AERO/USDT:USDT,0.8978,55.0,0.8976,139.0,0.8983,81.0,0.8985,135.0
1753617305159,11:55:05.159,phemex,AERO/USDT:USDT,0.8978,55.0,0.8976,139.0,0.8983,81.0,0.8985,135.0
1753617305232,11:55:05.232,phemex,AERO/USDT:USDT,0.8978,55.0,0.8976,139.0,0.8983,81.0,0.8985,135.0
1753617305683,11:55:05.683,phemex,AERO/USDT:USDT,0.8978,55.0,0.8976,139.0,0.8983,81.0,0.8985,135.0
1753617306030,11:55:06.030,phemex,AERO/USDT:USDT,0.8978,55.0,0.8976,139.0,0.8983,81.0,0.8985,135.0
1753617307624,11:55:07.624,phemex,AERO/USDT:USDT,0.8978,3.0,0.8976,139.0,0.8983,81.0,0.8985,135.0
1753617308745,11:55:08.745,phemex,AERO/USDT:USDT,0.8978,3.0,0.8976,139.0,0.8983,81.0,0.8985,135.0
1753617308770,11:55:08.770,phemex,AERO/USDT:USDT,0.8978,3.0,0.8976,139.0,0.8983,81.0,0.8985,135.0
1753617309804,11:55:09.804,phemex,AERO/USDT:USDT,0.8978,3.0,0.8976,139.0,0.898,55.0,0.8982,69.0
1753617309833,11:55:09.833,phemex,AERO/USDT:USDT,0.8978,3.0,0.8976,139.0,0.898,55.0,0.8982,69.0
1753617310134,11:55:10.134,phemex,AERO/USDT:USDT,0.8978,3.0,0.8976,139.0,0.898,55.0,0.8982,69.0
1753617313565,11:55:13.565,phemex,AERO/USDT:USDT,0.8978,3.0,0.8976,139.0,0.898,55.0,0.8982,69.0
1753617313571,11:55:13.571,phemex,AERO/USDT:USDT,0.8978,3.0,0.8976,139.0,0.898,55.0,0.8982,69.0
1753617313967,11:55:13.967,phemex,AERO/USDT:USDT,0.8978,3.0,0.8976,139.0,0.898,55.0,0.8982,69.0
1753617313971,11:55:13.971,phemex,AERO/USDT:USDT,0.8978,3.0,0.8976,139.0,0.898,55.0,0.8982,69.0
1753617315349,11:55:15.349,phemex,AERO/USDT:USDT,0.8979,79.0,0.8978,48.0,0.898,55.0,0.8982,69.0
1753617315364,11:55:15.364,phemex,AERO/USDT:USDT,0.8979,79.0,0.8978,48.0,0.8986,55.0,0.8989,66.0
1753617315385,11:55:15.385,phemex,AERO/USDT:USDT,0.8979,79.0,0.8978,48.0,0.8986,55.0,0.8989,66.0
1753617315469,11:55:15.469,phemex,AERO/USDT:USDT,0.8979,79.0,0.8978,48.0,0.8986,55.0,0.8989,66.0
1753617318372,11:55:18.372,phemex,AERO/USDT:USDT,0.8979,79.0,0.8978,48.0,0.8986,55.0,0.8989,66.0
1753617318468,11:55:18.468,phemex,AERO/USDT:USDT,0.8979,79.0,0.8978,48.0,0.8986,55.0,0.8989,66.0
1753617319901,11:55:19.901,phemex,AERO/USDT:USDT,0.8979,79.0,0.8978,48.0,0.8986,55.0,0.8989,66.0
1753617319925,11:55:19.925,phemex,AERO/USDT:USDT,0.8979,79.0,0.8978,48.0,0.8986,55.0,0.8989,66.0
1753617319971,11:55:19.971,phemex,AERO/USDT:USDT,0.8979,79.0,0.8978,48.0,0.8986,55.0,0.8989,66.0
1753617320165,11:55:20.165,phemex,AERO/USDT:USDT,0.8976,217.0,0.8973,1166.0,0.8989,66.0,0.8993,413.0
1753617320189,11:55:20.189,phemex,AERO/USDT:USDT,0.8976,217.0,0.8973,1166.0,0.8989,66.0,0.8993,413.0
1753617320278,11:55:20.278,phemex,AERO/USDT:USDT,0.8976,145.0,0.8973,898.0,0.8986,77.0,0.8989,66.0
1753617320304,11:55:20.304,phemex,AERO/USDT:USDT,0.8976,145.0,0.8973,898.0,0.8986,77.0,0.8989,66.0
1753617320332,11:55:20.332,phemex,AERO/USDT:USDT,0.8976,145.0,0.8973,898.0,0.8986,77.0,0.8989,66.0
1753617320354,11:55:20.354,phemex,AERO/USDT:USDT,0.8974,185.0,0.8973,898.0,0.8986,77.0,0.8989,66.0
1753617320374,11:55:20.374,phemex,AERO/USDT:USDT,0.8974,185.0,0.8973,898.0,0.8986,77.0,0.8989,66.0
1753617320389,11:55:20.389,phemex,AERO/USDT:USDT,0.8974,185.0,0.8973,898.0,0.8978,180.0,0.8979,50.0
1753617320420,11:55:20.420,phemex,AERO/USDT:USDT,0.8974,185.0,0.8973,898.0,0.8978,180.0,0.8979,50.0
1753617320447,11:55:20.447,phemex,AERO/USDT:USDT,0.8974,185.0,0.8973,898.0,0.8978,180.0,0.8979,50.0
1753617320596,11:55:20.596,phemex,AERO/USDT:USDT,0.8974,185.0,0.8973,898.0,0.8978,180.0,0.8979,50.0
1753617320755,11:55:20.755,phemex,AERO/USDT:USDT,0.8973,970.0,0.8971,51.0,0.8978,180.0,0.8979,50.0
1753617320885,11:55:20.885,phemex,AERO/USDT:USDT,0.8973,898.0,0.8971,108.0,0.8978,180.0,0.8979,50.0
1753617321309,11:55:21.309,phemex,AERO/USDT:USDT,0.8971,108.0,0.897,56.0,0.8978,180.0,0.8979,50.0
1753617323164,11:55:23.164,phemex,AERO/USDT:USDT,0.8971,108.0,0.897,56.0,0.8978,180.0,0.8979,50.0
1753617323170,11:55:23.170,phemex,AERO/USDT:USDT,0.8971,108.0,0.897,56.0,0.8978,180.0,0.8979,50.0
1753617323365,11:55:23.365,phemex,AERO/USDT:USDT,0.8971,108.0,0.897,56.0,0.8978,180.0,0.8979,50.0
1753617323497,11:55:23.497,phemex,AERO/USDT:USDT,0.8971,108.0,0.897,56.0,0.8978,180.0,0.8979,50.0
1753617324018,11:55:24.018,phemex,AERO/USDT:USDT,0.8971,108.0,0.897,56.0,0.8978,180.0,0.8979,50.0
1753617324440,11:55:24.440,phemex,AERO/USDT:USDT,0.8971,108.0,0.897,56.0,0.8978,180.0,0.8979,50.0
1753617324446,11:55:24.446,phemex,AERO/USDT:USDT,0.8971,108.0,0.897,56.0,0.8978,180.0,0.8979,50.0
1753617324858,11:55:24.858,phemex,AERO/USDT:USDT,0.8971,108.0,0.897,56.0,0.8978,180.0,0.8979,50.0
1753617324859,11:55:24.859,phemex,AERO/USDT:USDT,0.8971,108.0,0.897,56.0,0.8978,180.0,0.8979,50.0
1753617324988,11:55:24.988,phemex,AERO/USDT:USDT,0.8971,108.0,0.897,56.0,0.8978,180.0,0.8979,50.0
1753617324993,11:55:24.993,phemex,AERO/USDT:USDT,0.8971,108.0,0.897,56.0,0.8978,180.0,0.8979,50.0
1753617325021,11:55:25.021,phemex,AERO/USDT:USDT,0.8971,108.0,0.897,56.0,0.8978,45.0,0.8979,50.0
1753617325041,11:55:25.041,phemex,AERO/USDT:USDT,0.8971,108.0,0.897,56.0,0.8978,45.0,0.8979,50.0
1753617325042,11:55:25.042,phemex,AERO/USDT:USDT,0.8971,108.0,0.897,56.0,0.8978,45.0,0.8979,50.0
1753617325224,11:55:25.224,phemex,AERO/USDT:USDT,0.8971,108.0,0.897,56.0,0.8978,45.0,0.8979,50.0
1753617325751,11:55:25.751,phemex,AERO/USDT:USDT,0.8971,945.0,0.897,56.0,0.8978,45.0,0.8979,50.0
1753617326088,11:55:26.088,phemex,AERO/USDT:USDT,0.8972,837.0,0.8971,108.0,0.8978,45.0,0.8979,50.0
1753617327611,11:55:27.611,phemex,AERO/USDT:USDT,0.8972,837.0,0.8971,108.0,0.8978,45.0,0.8979,50.0
1753617327964,11:55:27.964,phemex,AERO/USDT:USDT,0.8972,837.0,0.8971,108.0,0.8978,45.0,0.8979,50.0
1753617327972,11:55:27.972,phemex,AERO/USDT:USDT,0.8972,837.0,0.8971,108.0,0.8978,45.0,0.8979,50.0
1753617328313,11:55:28.313,phemex,AERO/USDT:USDT,0.8974,225.0,0.8972,916.0,0.8978,45.0,0.8979,50.0
1753617328339,11:55:28.339,phemex,AERO/USDT:USDT,0.8974,225.0,0.8972,916.0,0.8978,45.0,0.8979,50.0
1753617329070,11:55:29.070,phemex,AERO/USDT:USDT,0.8974,225.0,0.8972,916.0,0.8979,50.0,0.8982,300.0
1753617330617,11:55:30.617,phemex,AERO/USDT:USDT,0.8973,60.0,0.8972,79.0,0.8976,109.0,0.8977,81.0
1753617330628,11:55:30.628,phemex,AERO/USDT:USDT,0.8973,60.0,0.8972,79.0,0.8976,109.0,0.8977,81.0
1753617330783,11:55:30.783,phemex,AERO/USDT:USDT,0.8973,60.0,0.8972,79.0,0.8976,109.0,0.8977,81.0
1753617332773,11:55:32.773,phemex,AERO/USDT:USDT,0.8973,60.0,0.8972,79.0,0.8976,109.0,0.8977,81.0
1753617336238,11:55:36.238,phemex,AERO/USDT:USDT,0.8972,79.0,0.8971,837.0,0.8976,109.0,0.8977,81.0
1753617336422,11:55:36.422,phemex,AERO/USDT:USDT,0.8972,79.0,0.897,333.0,0.8976,109.0,0.8977,81.0
1753617336429,11:55:36.429,phemex,AERO/USDT:USDT,0.8972,916.0,0.897,333.0,0.8976,109.0,0.8977,81.0
1753617337565,11:55:37.565,phemex,AERO/USDT:USDT,0.8972,916.0,0.897,333.0,0.8976,109.0,0.8977,81.0
1753617337574,11:55:37.574,phemex,AERO/USDT:USDT,0.8972,916.0,0.897,333.0,0.8976,109.0,0.8977,81.0
1753617339777,11:55:39.777,phemex,AERO/USDT:USDT,0.8972,916.0,0.897,132.0,0.8976,109.0,0.8977,81.0
1753617340528,11:55:40.528,phemex,AERO/USDT:USDT,0.8972,79.0,0.897,132.0,0.8976,109.0,0.8977,81.0
1753617340535,11:55:40.535,phemex,AERO/USDT:USDT,0.8972,79.0,0.8971,837.0,0.8976,109.0,0.8977,81.0
1753617342372,11:55:42.372,phemex,AERO/USDT:USDT,0.8972,79.0,0.8971,837.0,0.8976,109.0,0.8977,81.0
1753617342514,11:55:42.514,phemex,AERO/USDT:USDT,0.8972,79.0,0.897,969.0,0.8976,109.0,0.8977,81.0
1753617343237,11:55:43.237,phemex,AERO/USDT:USDT,0.897,969.0,0.8968,821.0,0.8976,109.0,0.8977,81.0
1753617343259,11:55:43.259,phemex,AERO/USDT:USDT,0.897,132.0,0.8968,821.0,0.8976,109.0,0.8977,81.0
1753617343269,11:55:43.269,phemex,AERO/USDT:USDT,0.897,132.0,0.8969,837.0,0.8976,109.0,0.8977,81.0
1753617343972,11:55:43.972,phemex,AERO/USDT:USDT,0.897,132.0,0.8969,837.0,0.8976,109.0,0.8977,81.0
1753617344702,11:55:44.702,phemex,AERO/USDT:USDT,0.897,132.0,0.8969,837.0,0.8977,81.0,0.8978,78.0
1753617344811,11:55:44.811,phemex,AERO/USDT:USDT,0.897,132.0,0.8969,837.0,0.8976,121.0,0.8977,126.0
1753617344986,11:55:44.986,phemex,AERO/USDT:USDT,0.897,132.0,0.8968,821.0,0.8976,121.0,0.8977,126.0
1753617344992,11:55:44.992,phemex,AERO/USDT:USDT,0.897,969.0,0.8968,821.0,0.8976,121.0,0.8977,126.0
1753617345077,11:55:45.077,phemex,AERO/USDT:USDT,0.8971,837.0,0.897,132.0,0.8976,121.0,0.8977,126.0
1753617346730,11:55:46.730,phemex,AERO/USDT:USDT,0.8972,837.0,0.897,132.0,0.8976,121.0,0.8977,126.0
1753617346747,11:55:46.747,phemex,AERO/USDT:USDT,0.897,132.0,0.8968,821.0,0.8976,121.0,0.8977,126.0
1753617346752,11:55:46.752,phemex,AERO/USDT:USDT,0.8971,837.0,0.897,132.0,0.8976,121.0,0.8977,126.0
1753617346796,11:55:46.796,phemex,AERO/USDT:USDT,0.8972,837.0,0.897,132.0,0.8976,121.0,0.8977,126.0
1753617346855,11:55:46.855,phemex,AERO/USDT:USDT,0.8971,837.0,0.897,132.0,0.8976,121.0,0.8977,126.0
1753617347166,11:55:47.166,phemex,AERO/USDT:USDT,0.8971,837.0,0.897,132.0,0.8976,121.0,0.8977,126.0
1753617347174,11:55:47.174,phemex,AERO/USDT:USDT,0.8971,837.0,0.897,132.0,0.8976,121.0,0.8977,126.0
1753617347671,11:55:47.671,phemex,AERO/USDT:USDT,0.8974,70.0,0.8972,195.0,0.8977,126.0,0.898,650.0
1753617347768,11:55:47.768,phemex,AERO/USDT:USDT,0.8974,70.0,0.8972,195.0,0.8977,126.0,0.898,61.0
1753617348012,11:55:48.012,phemex,AERO/USDT:USDT,0.8974,70.0,0.8972,195.0,0.8977,126.0,0.898,61.0
1753617350605,11:55:50.605,phemex,AERO/USDT:USDT,0.8974,70.0,0.8972,195.0,0.8977,126.0,0.898,61.0
1753617350667,11:55:50.667,phemex,AERO/USDT:USDT,0.8974,70.0,0.8972,195.0,0.8977,126.0,0.898,61.0
1753617350715,11:55:50.715,phemex,AERO/USDT:USDT,0.8974,70.0,0.8972,195.0,0.8977,126.0,0.898,61.0
1753617351964,11:55:51.964,phemex,AERO/USDT:USDT,0.8974,70.0,0.8972,195.0,0.8977,126.0,0.898,61.0
1753617351971,11:55:51.971,phemex,AERO/USDT:USDT,0.8974,70.0,0.8972,195.0,0.8977,126.0,0.898,61.0
1753617352031,11:55:52.031,phemex,AERO/USDT:USDT,0.8974,70.0,0.8972,148.0,0.8977,126.0,0.898,61.0
1753617352043,11:55:52.043,phemex,AERO/USDT:USDT,0.8973,60.0,0.8972,76.0,0.8977,126.0,0.898,61.0
1753617352178,11:55:52.178,phemex,AERO/USDT:USDT,0.8973,60.0,0.8972,76.0,0.8977,126.0,0.898,61.0
1753617352178,11:55:52.178,phemex,AERO/USDT:USDT,0.8973,60.0,0.8972,76.0,0.8977,126.0,0.898,61.0
1753617353321,11:55:53.321,phemex,AERO/USDT:USDT,0.8973,60.0,0.8972,76.0,0.8978,116.0,0.898,389.0
1753617353669,11:55:53.669,phemex,AERO/USDT:USDT,0.8973,60.0,0.8972,76.0,0.8978,116.0,0.898,389.0
1753617353696,11:55:53.696,phemex,AERO/USDT:USDT,0.8973,60.0,0.8972,76.0,0.8978,116.0,0.898,389.0
1753617353718,11:55:53.718,phemex,AERO/USDT:USDT,0.8973,60.0,0.8972,76.0,0.8978,116.0,0.898,389.0
1753617353752,11:55:53.752,phemex,AERO/USDT:USDT,0.8973,60.0,0.8972,76.0,0.8978,116.0,0.898,389.0
1753617353777,11:55:53.777,phemex,AERO/USDT:USDT,0.8973,60.0,0.8972,76.0,0.8978,116.0,0.898,389.0
1753617353806,11:55:53.806,phemex,AERO/USDT:USDT,0.8973,60.0,0.8972,76.0,0.8978,116.0,0.898,389.0
1753617354022,11:55:54.022,phemex,AERO/USDT:USDT,0.8973,60.0,0.8972,76.0,0.8978,116.0,0.898,389.0
1753617354023,11:55:54.023,phemex,AERO/USDT:USDT,0.8973,60.0,0.8972,76.0,0.8978,116.0,0.898,389.0
1753617354170,11:55:54.170,phemex,AERO/USDT:USDT,0.8973,60.0,0.8972,76.0,0.8978,116.0,0.898,389.0
1753617354198,11:55:54.198,phemex,AERO/USDT:USDT,0.8973,60.0,0.8972,76.0,0.8978,116.0,0.898,389.0
1753617354202,11:55:54.202,phemex,AERO/USDT:USDT,0.8973,60.0,0.8972,76.0,0.8978,116.0,0.898,389.0
1753617354207,11:55:54.207,phemex,AERO/USDT:USDT,0.8973,60.0,0.8972,76.0,0.8978,116.0,0.898,389.0
1753617354355,11:55:54.355,phemex,AERO/USDT:USDT,0.8973,60.0,0.8972,76.0,0.8978,116.0,0.898,389.0
1753617354385,11:55:54.385,phemex,AERO/USDT:USDT,0.8973,60.0,0.8972,76.0,0.8978,116.0,0.898,389.0
1753617354702,11:55:54.702,phemex,AERO/USDT:USDT,0.8973,60.0,0.8972,76.0,0.8978,116.0,0.898,389.0
1753617355376,11:55:55.376,phemex,AERO/USDT:USDT,0.8973,60.0,0.8972,76.0,0.8978,116.0,0.898,389.0
1753617355810,11:55:55.810,phemex,AERO/USDT:USDT,0.8973,60.0,0.8972,76.0,0.8978,116.0,0.898,389.0
1753617356456,11:55:56.456,phemex,AERO/USDT:USDT,0.8973,60.0,0.8972,76.0,0.8978,116.0,0.898,389.0
1753617356586,11:55:56.586,phemex,AERO/USDT:USDT,0.8973,60.0,0.8972,76.0,0.8978,116.0,0.898,389.0
1753617356604,11:55:56.604,phemex,AERO/USDT:USDT,0.8973,60.0,0.8972,76.0,0.8978,116.0,0.898,389.0
1753617356627,11:55:56.627,phemex,AERO/USDT:USDT,0.8973,60.0,0.8972,76.0,0.8978,116.0,0.898,389.0
1753617356648,11:55:56.648,phemex,AERO/USDT:USDT,0.8973,60.0,0.8972,76.0,0.8978,116.0,0.898,389.0
1753617356757,11:55:56.757,phemex,AERO/USDT:USDT,0.8973,60.0,0.8972,76.0,0.8978,116.0,0.898,389.0
1753617356860,11:55:56.860,phemex,AERO/USDT:USDT,0.8973,60.0,0.8972,76.0,0.8978,116.0,0.898,389.0
1753617356906,11:55:56.906,phemex,AERO/USDT:USDT,0.8973,60.0,0.8972,76.0,0.8978,116.0,0.898,389.0
1753617358416,11:55:58.416,phemex,AERO/USDT:USDT,0.8973,60.0,0.8972,76.0,0.8978,116.0,0.898,389.0
1753617358427,11:55:58.427,phemex,AERO/USDT:USDT,0.8973,60.0,0.8972,76.0,0.8978,116.0,0.898,389.0
1753617358563,11:55:58.563,phemex,AERO/USDT:USDT,0.8973,60.0,0.8972,76.0,0.8978,26.0,0.898,389.0
1753617358713,11:55:58.713,phemex,AERO/USDT:USDT,0.8973,60.0,0.8972,76.0,0.8978,26.0,0.898,389.0
1753617358723,11:55:58.723,phemex,AERO/USDT:USDT,0.8973,60.0,0.8972,76.0,0.8978,26.0,0.898,389.0
1753617359023,11:55:59.023,phemex,AERO/USDT:USDT,0.8973,60.0,0.8972,76.0,0.8978,26.0,0.898,389.0
1753617359334,11:55:59.334,phemex,AERO/USDT:USDT,0.8974,45.0,0.8973,60.0,0.8976,79.0,0.8977,58.0
1753617360757,11:56:00.757,phemex,AERO/USDT:USDT,0.8974,45.0,0.8973,60.0,0.8976,79.0,0.8977,58.0
1753617360835,11:56:00.835,phemex,AERO/USDT:USDT,0.8974,45.0,0.8973,60.0,0.8976,79.0,0.8977,58.0
1753617361564,11:56:01.564,phemex,AERO/USDT:USDT,0.8974,45.0,0.8973,60.0,0.8976,79.0,0.8977,58.0
1753617361573,11:56:01.573,phemex,AERO/USDT:USDT,0.8974,45.0,0.8973,60.0,0.8976,79.0,0.8977,58.0
1753617362060,11:56:02.060,phemex,AERO/USDT:USDT,0.8974,45.0,0.8973,60.0,0.8976,19.0,0.8977,58.0
1753617363571,11:56:03.571,phemex,AERO/USDT:USDT,0.8974,45.0,0.8973,60.0,0.8976,19.0,0.8977,58.0
1753617363581,11:56:03.581,phemex,AERO/USDT:USDT,0.8974,45.0,0.8973,60.0,0.8976,19.0,0.8977,58.0
1753617363614,11:56:03.614,phemex,AERO/USDT:USDT,0.8974,45.0,0.8973,60.0,0.8976,19.0,0.8977,58.0
1753617363666,11:56:03.666,phemex,AERO/USDT:USDT,0.8974,45.0,0.8973,60.0,0.8976,19.0,0.8977,58.0
1753617363675,11:56:03.675,phemex,AERO/USDT:USDT,0.8974,45.0,0.8973,60.0,0.8976,19.0,0.8977,58.0
1753617364227,11:56:04.227,phemex,AERO/USDT:USDT,0.8974,45.0,0.8973,60.0,0.8976,19.0,0.8977,58.0
1753617364885,11:56:04.885,phemex,AERO/USDT:USDT,0.8974,45.0,0.8973,60.0,0.8976,19.0,0.8977,58.0
1753617364891,11:56:04.891,phemex,AERO/USDT:USDT,0.8974,45.0,0.8973,60.0,0.8976,19.0,0.8977,58.0
1753617365283,11:56:05.283,phemex,AERO/USDT:USDT,0.8974,45.0,0.8973,60.0,0.8976,19.0,0.8977,58.0
1753617365995,11:56:05.995,phemex,AERO/USDT:USDT,0.8974,45.0,0.8973,60.0,0.8976,19.0,0.8977,58.0
1753617366371,11:56:06.371,phemex,AERO/USDT:USDT,0.8974,45.0,0.8973,60.0,0.8976,19.0,0.8977,58.0
1753617367365,11:56:07.365,phemex,AERO/USDT:USDT,0.8974,45.0,0.8973,60.0,0.8976,19.0,0.8977,58.0
1753617367728,11:56:07.728,phemex,AERO/USDT:USDT,0.8974,45.0,0.8973,60.0,0.8976,19.0,0.8977,58.0
1753617367738,11:56:07.738,phemex,AERO/USDT:USDT,0.8974,45.0,0.8973,60.0,0.8976,19.0,0.8977,58.0
1753617368450,11:56:08.450,phemex,AERO/USDT:USDT,0.8974,45.0,0.8973,60.0,0.8976,19.0,0.8977,58.0
1753617369526,11:56:09.526,phemex,AERO/USDT:USDT,0.8974,45.0,0.8973,60.0,0.8976,19.0,0.8977,58.0
1753617369545,11:56:09.545,phemex,AERO/USDT:USDT,0.8974,45.0,0.8973,60.0,0.8976,19.0,0.8977,58.0
1753617369550,11:56:09.550,phemex,AERO/USDT:USDT,0.8974,45.0,0.8973,60.0,0.8976,19.0,0.8977,58.0
1753617369642,11:56:09.642,phemex,AERO/USDT:USDT,0.8974,45.0,0.8973,60.0,0.8976,19.0,0.8977,58.0
1753617369723,11:56:09.723,phemex,AERO/USDT:USDT,0.8974,45.0,0.8973,60.0,0.8976,19.0,0.8977,58.0
1753617369763,11:56:09.763,phemex,AERO/USDT:USDT,0.8974,45.0,0.8973,60.0,0.8976,19.0,0.8977,58.0
1753617369784,11:56:09.784,phemex,AERO/USDT:USDT,0.8974,45.0,0.8973,60.0,0.8976,19.0,0.8977,58.0
1753617369789,11:56:09.789,phemex,AERO/USDT:USDT,0.8974,45.0,0.8973,60.0,0.8976,19.0,0.8977,58.0
1753617369920,11:56:09.920,phemex,AERO/USDT:USDT,0.8974,45.0,0.8973,60.0,0.8976,19.0,0.8977,58.0
1753617370085,11:56:10.085,phemex,AERO/USDT:USDT,0.8974,45.0,0.8973,60.0,0.8976,19.0,0.8977,58.0
1753617370375,11:56:10.375,phemex,AERO/USDT:USDT,0.8974,45.0,0.8973,60.0,0.8976,19.0,0.8977,58.0
1753617370456,11:56:10.456,phemex,AERO/USDT:USDT,0.8974,45.0,0.8973,60.0,0.8976,19.0,0.8977,58.0
1753617371164,11:56:11.164,phemex,AERO/USDT:USDT,0.8974,45.0,0.8973,60.0,0.8976,19.0,0.8977,58.0
1753617371173,11:56:11.173,phemex,AERO/USDT:USDT,0.8974,45.0,0.8973,60.0,0.8976,19.0,0.8977,58.0
1753617371312,11:56:11.312,phemex,AERO/USDT:USDT,0.8974,45.0,0.8973,60.0,0.8976,19.0,0.8977,58.0
1753617371559,11:56:11.559,phemex,AERO/USDT:USDT,0.8974,45.0,0.8973,60.0,0.8976,13.0,0.8977,58.0
1753617372281,11:56:12.281,phemex,AERO/USDT:USDT,0.8973,60.0,0.8972,129.0,0.8976,57.0,0.8977,58.0
1753617372372,11:56:12.372,phemex,AERO/USDT:USDT,0.8973,60.0,0.8972,129.0,0.8976,57.0,0.8977,58.0
1753617372583,11:56:12.583,phemex,AERO/USDT:USDT,0.8973,60.0,0.8972,129.0,0.8976,57.0,0.8977,58.0
1753617372807,11:56:12.807,phemex,AERO/USDT:USDT,0.8973,60.0,0.8972,129.0,0.8976,57.0,0.8977,58.0
1753617373807,11:56:13.807,phemex,AERO/USDT:USDT,0.8973,60.0,0.8972,129.0,0.8976,1.0,0.8977,58.0
1753617373976,11:56:13.976,phemex,AERO/USDT:USDT,0.8973,60.0,0.8972,129.0,0.8976,1.0,0.8977,58.0
1753617374666,11:56:14.666,phemex,AERO/USDT:USDT,0.8973,60.0,0.8972,129.0,0.8976,1.0,0.8977,58.0
1753617375972,11:56:15.972,phemex,AERO/USDT:USDT,0.8973,60.0,0.8972,129.0,0.8976,1.0,0.8977,58.0
1753617376514,11:56:16.514,phemex,AERO/USDT:USDT,0.8973,60.0,0.8972,129.0,0.8976,1.0,0.8977,58.0
1753617378277,11:56:18.277,phemex,AERO/USDT:USDT,0.8973,60.0,0.8972,129.0,0.8976,1.0,0.8977,58.0
1753617378283,11:56:18.283,phemex,AERO/USDT:USDT,0.8973,60.0,0.8972,129.0,0.8976,1.0,0.8977,58.0
1753617378493,11:56:18.493,phemex,AERO/USDT:USDT,0.8973,10.0,0.8972,129.0,0.8976,1.0,0.8977,58.0
1753617379519,11:56:19.519,phemex,AERO/USDT:USDT,0.8973,116.0,0.8972,129.0,0.8976,1.0,0.8977,58.0
1753617380773,11:56:20.773,phemex,AERO/USDT:USDT,0.8973,116.0,0.8972,129.0,0.8976,1.0,0.8977,58.0
1753617380997,11:56:20.997,phemex,AERO/USDT:USDT,0.8973,116.0,0.8972,129.0,0.8976,1.0,0.8977,58.0
1753617381054,11:56:21.054,phemex,AERO/USDT:USDT,0.8973,116.0,0.8972,129.0,0.8976,74.0,0.8977,58.0
1753617381079,11:56:21.079,phemex,AERO/USDT:USDT,0.8973,116.0,0.8972,129.0,0.8976,74.0,0.8977,58.0
1753617381084,11:56:21.084,phemex,AERO/USDT:USDT,0.8973,116.0,0.8972,129.0,0.8976,74.0,0.8977,58.0
1753617382519,11:56:22.519,phemex,AERO/USDT:USDT,0.8973,116.0,0.8972,129.0,0.8976,70.0,0.8977,58.0
1753617383138,11:56:23.138,phemex,AERO/USDT:USDT,0.8973,116.0,0.8972,129.0,0.8976,70.0,0.8977,58.0
1753617383145,11:56:23.145,phemex,AERO/USDT:USDT,0.8973,116.0,0.8972,129.0,0.8976,70.0,0.8977,58.0
1753617385571,11:56:25.571,phemex,AERO/USDT:USDT,0.8973,116.0,0.8972,129.0,0.8976,70.0,0.8977,58.0
1753617388973,11:56:28.973,phemex,AERO/USDT:USDT,0.8973,116.0,0.8972,129.0,0.8976,70.0,0.8977,58.0
1753617388975,11:56:28.975,phemex,AERO/USDT:USDT,0.8973,116.0,0.8972,129.0,0.8976,70.0,0.8977,58.0
1753617389727,11:56:29.727,phemex,AERO/USDT:USDT,0.8973,116.0,0.8972,129.0,0.8976,70.0,0.8977,58.0
1753617389812,11:56:29.812,phemex,AERO/USDT:USDT,0.8973,116.0,0.8972,129.0,0.8976,70.0,0.8977,58.0
1753617389819,11:56:29.819,phemex,AERO/USDT:USDT,0.8973,116.0,0.8972,129.0,0.8976,70.0,0.8977,58.0
1753617390378,11:56:30.378,phemex,AERO/USDT:USDT,0.8973,116.0,0.8972,129.0,0.8976,70.0,0.8977,58.0
1753617390423,11:56:30.423,phemex,AERO/USDT:USDT,0.8973,70.0,0.8972,129.0,0.8975,83.0,0.8976,70.0
1753617390431,11:56:30.431,phemex,AERO/USDT:USDT,0.8971,900.0,0.8967,392.0,0.8975,83.0,0.8976,70.0
1753617390457,11:56:30.457,phemex,AERO/USDT:USDT,0.8971,63.0,0.8968,837.0,0.8975,83.0,0.8976,70.0
1753617390815,11:56:30.815,phemex,AERO/USDT:USDT,0.8971,197.0,0.897,56.0,0.8975,83.0,0.8976,70.0
1753617390833,11:56:30.833,phemex,AERO/USDT:USDT,0.8971,197.0,0.897,56.0,0.8975,83.0,0.8976,70.0
1753617390867,11:56:30.867,phemex,AERO/USDT:USDT,0.8971,197.0,0.897,56.0,0.8975,83.0,0.8976,70.0
1753617390895,11:56:30.895,phemex,AERO/USDT:USDT,0.8971,197.0,0.897,56.0,0.8975,83.0,0.8976,70.0
1753617391085,11:56:31.085,phemex,AERO/USDT:USDT,0.8971,197.0,0.897,56.0,0.8975,80.0,0.8976,70.0
1753617393903,11:56:33.903,phemex,AERO/USDT:USDT,0.8969,75.0,0.8967,79.0,0.8975,80.0,0.8976,70.0
1753617393925,11:56:33.925,phemex,AERO/USDT:USDT,0.8969,75.0,0.8967,79.0,0.8975,80.0,0.8976,70.0
1753617394185,11:56:34.185,phemex,AERO/USDT:USDT,0.8969,75.0,0.8967,79.0,0.8975,80.0,0.8976,70.0
1753617394227,11:56:34.227,phemex,AERO/USDT:USDT,0.8969,75.0,0.8967,79.0,0.8975,80.0,0.8976,70.0
1753617394799,11:56:34.799,phemex,AERO/USDT:USDT,0.8969,75.0,0.8967,79.0,0.8972,148.0,0.8974,352.0
1753617395175,11:56:35.175,phemex,AERO/USDT:USDT,0.8969,75.0,0.8967,79.0,0.8972,148.0,0.8974,352.0
1753617395293,11:56:35.293,phemex,AERO/USDT:USDT,0.8969,75.0,0.8967,79.0,0.8972,148.0,0.8974,352.0
1753617395372,11:56:35.372,phemex,AERO/USDT:USDT,0.8969,75.0,0.8967,79.0,0.8972,148.0,0.8974,352.0
1753617395619,11:56:35.619,phemex,AERO/USDT:USDT,0.8969,75.0,0.8967,79.0,0.8971,53.0,0.8972,148.0
1753617395619,11:56:35.619,phemex,AERO/USDT:USDT,0.8969,75.0,0.8967,79.0,0.897,78.0,0.8971,53.0
1753617396012,11:56:36.012,phemex,AERO/USDT:USDT,0.8969,75.0,0.8967,79.0,0.897,78.0,0.8971,53.0
1753617396037,11:56:36.037,phemex,AERO/USDT:USDT,0.8969,75.0,0.8967,79.0,0.897,78.0,0.8971,53.0
1753617396696,11:56:36.696,phemex,AERO/USDT:USDT,0.8967,79.0,0.8966,73.0,0.897,78.0,0.8971,53.0
1753617396719,11:56:36.719,phemex,AERO/USDT:USDT,0.8967,79.0,0.8966,73.0,0.897,78.0,0.8971,53.0
1753617396737,11:56:36.737,phemex,AERO/USDT:USDT,0.8967,79.0,0.8966,73.0,0.897,78.0,0.8971,53.0
1753617396895,11:56:36.895,phemex,AERO/USDT:USDT,0.8967,79.0,0.8966,73.0,0.897,78.0,0.8971,53.0
1753617397108,11:56:37.108,phemex,AERO/USDT:USDT,0.8967,79.0,0.8966,73.0,0.897,78.0,0.8971,53.0
1753617398474,11:56:38.474,phemex,AERO/USDT:USDT,0.8967,79.0,0.8966,73.0,0.897,78.0,0.8971,53.0
1753617399972,11:56:39.972,phemex,AERO/USDT:USDT,0.8967,79.0,0.8966,73.0,0.897,78.0,0.8971,53.0
1753617400083,11:56:40.083,phemex,AERO/USDT:USDT,0.8967,79.0,0.8966,73.0,0.8969,80.0,0.897,141.0
1753617400197,11:56:40.197,phemex,AERO/USDT:USDT,0.8967,79.0,0.8966,73.0,0.8969,80.0,0.897,141.0
1753617400536,11:56:40.536,phemex,AERO/USDT:USDT,0.8967,79.0,0.8966,73.0,0.897,141.0,0.8971,53.0
1753617400541,11:56:40.541,phemex,AERO/USDT:USDT,0.8967,79.0,0.8966,73.0,0.897,78.0,0.8971,53.0
1753617401924,11:56:41.924,phemex,AERO/USDT:USDT,0.8967,79.0,0.8966,73.0,0.897,78.0,0.8971,53.0
1753617401936,11:56:41.936,phemex,AERO/USDT:USDT,0.8967,79.0,0.8966,73.0,0.897,78.0,0.8971,53.0
1753617402097,11:56:42.097,phemex,AERO/USDT:USDT,0.8967,79.0,0.8966,73.0,0.897,78.0,0.8971,53.0
1753617402110,11:56:42.110,phemex,AERO/USDT:USDT,0.8967,144.0,0.8966,132.0,0.897,78.0,0.8971,53.0
1753617402188,11:56:42.188,phemex,AERO/USDT:USDT,0.8967,144.0,0.8966,132.0,0.897,78.0,0.8971,53.0
1753617402284,11:56:42.284,phemex,AERO/USDT:USDT,0.8967,144.0,0.8966,132.0,0.897,70.0,0.8971,53.0
1753617404772,11:56:44.772,phemex,AERO/USDT:USDT,0.8967,144.0,0.8966,132.0,0.897,70.0,0.8971,53.0
1753617405685,11:56:45.685,phemex,AERO/USDT:USDT,0.8967,144.0,0.8966,132.0,0.897,70.0,0.8971,53.0
1753617405690,11:56:45.690,phemex,AERO/USDT:USDT,0.8967,144.0,0.8966,132.0,0.897,70.0,0.8971,53.0
1753617405872,11:56:45.872,phemex,AERO/USDT:USDT,0.8967,144.0,0.8966,132.0,0.897,129.0,0.8971,125.0
1753617406279,11:56:46.279,phemex,AERO/USDT:USDT,0.8967,144.0,0.8966,132.0,0.897,129.0,0.8971,125.0
1753617406284,11:56:46.284,phemex,AERO/USDT:USDT,0.8967,144.0,0.8966,969.0,0.897,129.0,0.8971,125.0
1753617407418,11:56:47.418,phemex,AERO/USDT:USDT,0.8966,969.0,0.8963,705.0,0.897,129.0,0.8971,125.0
1753617407419,11:56:47.419,phemex,AERO/USDT:USDT,0.8968,77.0,0.8966,908.0,0.897,129.0,0.8971,125.0
1753617408013,11:56:48.013,phemex,AERO/USDT:USDT,0.8968,77.0,0.8966,908.0,0.897,129.0,0.8971,125.0
1753617408539,11:56:48.539,phemex,AERO/USDT:USDT,0.8968,77.0,0.8966,71.0,0.897,129.0,0.8971,125.0
1753617409567,11:56:49.567,phemex,AERO/USDT:USDT,0.8968,77.0,0.8966,71.0,0.897,129.0,0.8971,125.0
1753617409869,11:56:49.869,phemex,AERO/USDT:USDT,0.8968,77.0,0.8966,71.0,0.897,129.0,0.8971,125.0
1753617409869,11:56:49.869,phemex,AERO/USDT:USDT,0.8968,77.0,0.8966,71.0,0.897,129.0,0.8971,125.0
1753617412880,11:56:52.880,phemex,AERO/USDT:USDT,0.8968,77.0,0.8966,71.0,0.897,129.0,0.8971,125.0
1753617413063,11:56:53.063,phemex,AERO/USDT:USDT,0.8968,77.0,0.8966,71.0,0.897,129.0,0.8971,125.0
1753617413104,11:56:53.104,phemex,AERO/USDT:USDT,0.8968,77.0,0.8966,71.0,0.897,129.0,0.8971,125.0
1753617413109,11:56:53.109,phemex,AERO/USDT:USDT,0.8968,77.0,0.8966,71.0,0.897,129.0,0.8971,125.0
1753617414367,11:56:54.367,phemex,AERO/USDT:USDT,0.8968,77.0,0.8966,71.0,0.897,129.0,0.8971,125.0
1753617414374,11:56:54.374,phemex,AERO/USDT:USDT,0.8968,77.0,0.8966,71.0,0.897,129.0,0.8971,125.0
1753617418466,11:56:58.466,phemex,AERO/USDT:USDT,0.8968,77.0,0.8967,70.0,0.897,129.0,0.8971,125.0
1753617418496,11:56:58.496,phemex,AERO/USDT:USDT,0.8968,77.0,0.8967,70.0,0.8972,63.0,0.8974,75.0
1753617418504,11:56:58.504,phemex,AERO/USDT:USDT,0.8968,77.0,0.8967,70.0,0.8972,63.0,0.8974,75.0
1753617419174,11:56:59.174,phemex,AERO/USDT:USDT,0.8968,77.0,0.8967,70.0,0.8972,63.0,0.8974,75.0
1753617421568,11:57:01.568,phemex,AERO/USDT:USDT,0.8968,77.0,0.8967,907.0,0.8972,63.0,0.8974,75.0
1753617421652,11:57:01.652,phemex,AERO/USDT:USDT,0.8968,77.0,0.8967,907.0,0.8972,63.0,0.8974,75.0
1753617421852,11:57:01.852,phemex,AERO/USDT:USDT,0.8968,77.0,0.8967,907.0,0.8972,63.0,0.8974,75.0
1753617422383,11:57:02.383,phemex,AERO/USDT:USDT,0.8968,77.0,0.8967,907.0,0.8972,175.0,0.8974,75.0
1753617422693,11:57:02.693,phemex,AERO/USDT:USDT,0.8968,77.0,0.8967,907.0,0.8972,175.0,0.8974,75.0
1753617423614,11:57:03.614,phemex,AERO/USDT:USDT,0.8971,52.0,0.897,50.0,0.8972,175.0,0.8974,75.0
1753617423626,11:57:03.626,phemex,AERO/USDT:USDT,0.8971,52.0,0.897,50.0,0.8972,175.0,0.8974,75.0
1753617423632,11:57:03.632,phemex,AERO/USDT:USDT,0.8971,52.0,0.897,50.0,0.8972,175.0,0.8974,75.0
1753617423974,11:57:03.974,phemex,AERO/USDT:USDT,0.8971,52.0,0.897,50.0,0.8972,175.0,0.8974,75.0
1753617426016,11:57:06.016,phemex,AERO/USDT:USDT,0.8971,52.0,0.897,50.0,0.8972,175.0,0.8974,75.0
1753617426281,11:57:06.281,phemex,AERO/USDT:USDT,0.8971,7.0,0.897,50.0,0.8972,175.0,0.8974,75.0
1753617426425,11:57:06.425,phemex,AERO/USDT:USDT,0.8971,7.0,0.897,50.0,0.8972,175.0,0.8974,75.0
1753617426503,11:57:06.503,phemex,AERO/USDT:USDT,0.8971,7.0,0.897,50.0,0.8972,175.0,0.8974,75.0
1753617427972,11:57:07.972,phemex,AERO/USDT:USDT,0.8971,7.0,0.897,50.0,0.8972,175.0,0.8974,75.0
1753617428775,11:57:08.775,phemex,AERO/USDT:USDT,0.8971,7.0,0.897,50.0,0.8972,175.0,0.8974,75.0
1753617430972,11:57:10.972,phemex,AERO/USDT:USDT,0.8971,7.0,0.897,50.0,0.8972,175.0,0.8974,75.0
1753617432163,11:57:12.163,phemex,AERO/USDT:USDT,0.8971,7.0,0.897,50.0,0.8972,175.0,0.8974,75.0
1753617434760,11:57:14.760,phemex,AERO/USDT:USDT,0.8971,7.0,0.897,50.0,0.8972,175.0,0.8974,75.0
1753617435594,11:57:15.594,phemex,AERO/USDT:USDT,0.8969,57.0,0.8968,77.0,0.8972,175.0,0.8974,75.0
1753617435605,11:57:15.605,phemex,AERO/USDT:USDT,0.8969,57.0,0.8968,77.0,0.8972,112.0,0.8974,75.0
1753617435638,11:57:15.638,phemex,AERO/USDT:USDT,0.8969,57.0,0.8968,77.0,0.8972,58.0,0.8974,126.0
1753617435648,11:57:15.648,phemex,AERO/USDT:USDT,0.8969,57.0,0.8968,77.0,0.8972,58.0,0.8974,126.0
1753617435651,11:57:15.651,phemex,AERO/USDT:USDT,0.8969,57.0,0.8968,914.0,0.8972,58.0,0.8974,126.0
1753617435750,11:57:15.750,phemex,AERO/USDT:USDT,0.8969,57.0,0.8968,914.0,0.8972,58.0,0.8974,126.0
1753617436205,11:57:16.205,phemex,AERO/USDT:USDT,0.8969,57.0,0.8968,914.0,0.8972,58.0,0.8974,126.0
1753617437910,11:57:17.910,phemex,AERO/USDT:USDT,0.8969,57.0,0.8968,914.0,0.8972,58.0,0.8973,77.0
1753617439185,11:57:19.185,phemex,AERO/USDT:USDT,0.8969,894.0,0.8968,77.0,0.8972,58.0,0.8973,77.0
1753617439322,11:57:19.322,phemex,AERO/USDT:USDT,0.8969,894.0,0.8968,77.0,0.8972,58.0,0.8973,77.0
1753617439479,11:57:19.479,phemex,AERO/USDT:USDT,0.8969,894.0,0.8968,77.0,0.8972,58.0,0.8973,77.0
1753617439781,11:57:19.781,phemex,AERO/USDT:USDT,0.8969,894.0,0.8968,77.0,0.8972,58.0,0.8973,77.0
1753617442021,11:57:22.021,phemex,AERO/USDT:USDT,0.8971,48.0,0.8969,894.0,0.8974,126.0,0.8977,263.0
1753617442064,11:57:22.064,phemex,AERO/USDT:USDT,0.8971,48.0,0.8969,894.0,0.8974,75.0,0.8979,645.0
1753617442203,11:57:22.203,phemex,AERO/USDT:USDT,0.8971,48.0,0.8969,894.0,0.8974,75.0,0.8979,645.0
1753617442233,11:57:22.233,phemex,AERO/USDT:USDT,0.8971,48.0,0.8969,57.0,0.8974,75.0,0.8979,645.0
1753617442263,11:57:22.263,phemex,AERO/USDT:USDT,0.8971,48.0,0.8969,57.0,0.8974,75.0,0.8979,645.0
1753617442322,11:57:22.322,phemex,AERO/USDT:USDT,0.8971,48.0,0.897,837.0,0.8974,75.0,0.8979,645.0
1753617442359,11:57:22.359,phemex,AERO/USDT:USDT,0.8971,48.0,0.897,837.0,0.8974,75.0,0.8979,645.0
1753617443322,11:57:23.322,phemex,AERO/USDT:USDT,0.8971,48.0,0.897,837.0,0.8974,67.0,0.8979,645.0
1753617444018,11:57:24.018,phemex,AERO/USDT:USDT,0.8971,48.0,0.897,837.0,0.8974,67.0,0.8979,645.0
1753617444021,11:57:24.021,phemex,AERO/USDT:USDT,0.8971,48.0,0.897,837.0,0.8974,67.0,0.8979,645.0
1753617444168,11:57:24.168,phemex,AERO/USDT:USDT,0.8971,48.0,0.897,837.0,0.8974,67.0,0.8979,645.0
1753617444176,11:57:24.176,phemex,AERO/USDT:USDT,0.8971,48.0,0.897,837.0,0.8974,67.0,0.8979,645.0
1753617446383,11:57:26.383,phemex,AERO/USDT:USDT,0.8971,48.0,0.8969,57.0,0.8974,67.0,0.8979,645.0
1753617447645,11:57:27.645,phemex,AERO/USDT:USDT,0.8971,48.0,0.8969,104.0,0.8974,67.0,0.8975,55.0
1753617448973,11:57:28.973,phemex,AERO/USDT:USDT,0.8971,48.0,0.8969,104.0,0.8974,67.0,0.8975,55.0
1753617451975,11:57:31.975,phemex,AERO/USDT:USDT,0.8971,48.0,0.8969,104.0,0.8974,67.0,0.8975,55.0
1753617454974,11:57:34.974,phemex,AERO/USDT:USDT,0.8971,48.0,0.8969,104.0,0.8974,67.0,0.8975,55.0
1753617455393,11:57:35.393,phemex,AERO/USDT:USDT,0.8971,48.0,0.8969,104.0,0.8974,67.0,0.8975,113.0
1753617455394,11:57:35.394,phemex,AERO/USDT:USDT,0.8971,48.0,0.8969,178.0,0.8974,129.0,0.8975,113.0
1753617456687,11:57:36.687,phemex,AERO/USDT:USDT,0.8971,48.0,0.8969,178.0,0.8974,129.0,0.8975,113.0
1753617456813,11:57:36.813,phemex,AERO/USDT:USDT,0.8971,48.0,0.8969,178.0,0.8974,129.0,0.8975,113.0
1753617456963,11:57:36.963,phemex,AERO/USDT:USDT,0.8971,44.0,0.8969,178.0,0.8974,129.0,0.8975,113.0
1753617457006,11:57:37.006,phemex,AERO/USDT:USDT,0.8971,44.0,0.8969,178.0,0.8974,129.0,0.8975,113.0
1753617457966,11:57:37.966,phemex,AERO/USDT:USDT,0.897,59.0,0.8969,139.0,0.8974,129.0,0.8975,113.0
1753617457974,11:57:37.974,phemex,AERO/USDT:USDT,0.897,59.0,0.8969,139.0,0.8974,129.0,0.8975,113.0
1753617460974,11:57:40.974,phemex,AERO/USDT:USDT,0.897,59.0,0.8969,139.0,0.8974,129.0,0.8975,113.0
1753617462408,11:57:42.408,phemex,AERO/USDT:USDT,0.897,896.0,0.8969,139.0,0.8974,67.0,0.8975,113.0
1753617465527,11:57:45.527,phemex,AERO/USDT:USDT,0.897,959.0,0.8969,139.0,0.8974,67.0,0.8975,113.0
1753617465676,11:57:45.676,phemex,AERO/USDT:USDT,0.897,959.0,0.8969,139.0,0.8974,67.0,0.8975,113.0
1753617465773,11:57:45.773,phemex,AERO/USDT:USDT,0.897,959.0,0.8969,139.0,0.8974,67.0,0.8975,113.0
1753617465783,11:57:45.783,phemex,AERO/USDT:USDT,0.897,959.0,0.8969,139.0,0.8974,67.0,0.8975,113.0
1753617465820,11:57:45.820,phemex,AERO/USDT:USDT,0.897,122.0,0.8969,139.0,0.8974,67.0,0.8975,113.0
1753617465827,11:57:45.827,phemex,AERO/USDT:USDT,0.8971,837.0,0.897,122.0,0.8974,67.0,0.8975,113.0
1753617469981,11:57:49.981,phemex,AERO/USDT:USDT,0.8971,837.0,0.897,122.0,0.8974,59.0,0.8975,113.0
1753617470566,11:57:50.566,phemex,AERO/USDT:USDT,0.8971,837.0,0.897,122.0,0.8974,59.0,0.8975,113.0
1753617470574,11:57:50.574,phemex,AERO/USDT:USDT,0.8971,837.0,0.897,122.0,0.8974,59.0,0.8975,113.0
1753617470574,11:57:50.574,phemex,AERO/USDT:USDT,0.8971,837.0,0.897,122.0,0.8974,59.0,0.8975,113.0
1753617473219,11:57:53.219,phemex,AERO/USDT:USDT,0.8971,965.0,0.897,122.0,0.8974,59.0,0.8975,113.0
1753617475594,11:57:55.594,phemex,AERO/USDT:USDT,0.8971,965.0,0.897,122.0,0.8974,59.0,0.8975,113.0
1753617475601,11:57:55.601,phemex,AERO/USDT:USDT,0.8971,965.0,0.897,122.0,0.8974,59.0,0.8975,113.0
1753617477741,11:57:57.741,phemex,AERO/USDT:USDT,0.8971,965.0,0.897,122.0,0.8977,59.0,0.8979,645.0
1753617477776,11:57:57.776,phemex,AERO/USDT:USDT,0.8972,837.0,0.8971,128.0,0.8977,59.0,0.8979,645.0
1753617479021,11:57:59.021,phemex,AERO/USDT:USDT,0.8972,837.0,0.8971,128.0,0.8977,53.0,0.8979,645.0
1753617480166,11:58:00.166,phemex,AERO/USDT:USDT,0.8972,837.0,0.8971,128.0,0.8977,53.0,0.8979,645.0
1753617480174,11:58:00.174,phemex,AERO/USDT:USDT,0.8972,837.0,0.8971,128.0,0.8977,53.0,0.8979,645.0
1753617483370,11:58:03.370,phemex,AERO/USDT:USDT,0.8974,66.0,0.8973,47.0,0.8975,80.0,0.8976,116.0
1753617484966,11:58:04.966,phemex,AERO/USDT:USDT,0.8974,66.0,0.8973,47.0,0.8975,80.0,0.8976,116.0
1753617484975,11:58:04.975,phemex,AERO/USDT:USDT,0.8974,66.0,0.8973,47.0,0.8975,80.0,0.8976,116.0
1753617488687,11:58:08.687,phemex,AERO/USDT:USDT,0.8974,66.0,0.8973,47.0,0.8977,53.0,0.898,931.0
1753617488724,11:58:08.724,phemex,AERO/USDT:USDT,0.8974,66.0,0.8973,884.0,0.8977,53.0,0.898,931.0
1753617488801,11:58:08.801,phemex,AERO/USDT:USDT,0.8974,66.0,0.8973,884.0,0.8977,53.0,0.898,931.0
1753617489145,11:58:09.145,phemex,AERO/USDT:USDT,0.8974,66.0,0.8973,884.0,0.8977,53.0,0.898,931.0
1753617489564,11:58:09.564,phemex,AERO/USDT:USDT,0.8974,66.0,0.8973,47.0,0.8977,53.0,0.898,931.0
1753617489565,11:58:09.565,phemex,AERO/USDT:USDT,0.8974,66.0,0.8973,47.0,0.8977,53.0,0.898,931.0
1753617489633,11:58:09.633,phemex,AERO/USDT:USDT,0.8974,66.0,0.8973,47.0,0.8977,53.0,0.898,68.0
1753617489641,11:58:09.641,phemex,AERO/USDT:USDT,0.8974,66.0,0.8973,47.0,0.8977,53.0,0.898,68.0
1753617489690,11:58:09.690,phemex,AERO/USDT:USDT,0.8974,66.0,0.8973,47.0,0.8977,53.0,0.898,68.0
1753617489784,11:58:09.784,phemex,AERO/USDT:USDT,0.8974,66.0,0.8973,47.0,0.8977,53.0,0.898,68.0
1753617492376,11:58:12.376,phemex,AERO/USDT:USDT,0.8974,66.0,0.8973,47.0,0.8977,19.0,0.898,68.0
1753617494206,11:58:14.206,phemex,AERO/USDT:USDT,0.8972,59.0,0.8971,123.0,0.8977,19.0,0.898,68.0
1753617494238,11:58:14.238,phemex,AERO/USDT:USDT,0.8972,59.0,0.8971,123.0,0.8977,19.0,0.898,68.0
1753617494574,11:58:14.574,phemex,AERO/USDT:USDT,0.8972,59.0,0.8971,123.0,0.8977,19.0,0.898,68.0
1753617494806,11:58:14.806,phemex,AERO/USDT:USDT,0.8972,59.0,0.8971,123.0,0.8976,137.0,0.8977,134.0
1753617494822,11:58:14.822,phemex,AERO/USDT:USDT,0.8972,59.0,0.8971,123.0,0.8976,137.0,0.8977,134.0
1753617495968,11:58:15.968,phemex,AERO/USDT:USDT,0.8972,59.0,0.8971,123.0,0.8979,298.0,0.898,1103.0
1753617499377,11:58:19.377,phemex,AERO/USDT:USDT,0.8972,59.0,0.8971,123.0,0.8979,298.0,0.898,1103.0
1753617500036,11:58:20.036,phemex,AERO/USDT:USDT,0.8972,59.0,0.8971,123.0,0.8979,298.0,0.898,1103.0
1753617500049,11:58:20.049,phemex,AERO/USDT:USDT,0.8972,59.0,0.8971,960.0,0.8979,298.0,0.898,1103.0
1753617500089,11:58:20.089,phemex,AERO/USDT:USDT,0.8972,59.0,0.8971,1023.0,0.8979,298.0,0.898,1103.0
1753617500105,11:58:20.105,phemex,AERO/USDT:USDT,0.8971,886.0,0.8968,232.0,0.8979,298.0,0.898,1103.0
1753617500126,11:58:20.126,phemex,AERO/USDT:USDT,0.8971,49.0,0.8968,232.0,0.8979,298.0,0.898,1103.0
1753617500161,11:58:20.161,phemex,AERO/USDT:USDT,0.8971,49.0,0.8969,837.0,0.8979,298.0,0.898,1103.0
1753617500210,11:58:20.210,phemex,AERO/USDT:USDT,0.8971,49.0,0.8969,837.0,0.8979,288.0,0.898,1103.0
1753617501403,11:58:21.403,phemex,AERO/USDT:USDT,0.8971,49.0,0.8969,837.0,0.8973,53.0,0.8975,201.0
1753617503367,11:58:23.367,phemex,AERO/USDT:USDT,0.8971,49.0,0.8969,837.0,0.8973,53.0,0.8975,201.0
1753617503401,11:58:23.401,phemex,AERO/USDT:USDT,0.8971,49.0,0.8968,103.0,0.8973,53.0,0.8975,201.0
1753617503443,11:58:23.443,phemex,AERO/USDT:USDT,0.897,71.0,0.8968,894.0,0.8973,53.0,0.8975,201.0
1753617503455,11:58:23.455,phemex,AERO/USDT:USDT,0.8969,67.0,0.8968,120.0,0.8973,53.0,0.8975,201.0
1753617503472,11:58:23.472,phemex,AERO/USDT:USDT,0.8969,67.0,0.8968,120.0,0.8973,53.0,0.8975,201.0
1753617504019,11:58:24.019,phemex,AERO/USDT:USDT,0.8969,67.0,0.8968,120.0,0.8973,53.0,0.8975,201.0
1753617504175,11:58:24.175,phemex,AERO/USDT:USDT,0.8969,67.0,0.8968,120.0,0.8973,53.0,0.8975,201.0
1753617505161,11:58:25.161,phemex,AERO/USDT:USDT,0.8969,67.0,0.8968,120.0,0.8973,53.0,0.8975,201.0
1753617505727,11:58:25.727,phemex,AERO/USDT:USDT,0.8969,23.0,0.8968,120.0,0.8973,53.0,0.8975,201.0
1753617505777,11:58:25.777,phemex,AERO/USDT:USDT,0.8969,23.0,0.8968,120.0,0.8973,53.0,0.8975,201.0
1753617505796,11:58:25.796,phemex,AERO/USDT:USDT,0.8969,23.0,0.8968,120.0,0.8973,53.0,0.8975,201.0
1753617505800,11:58:25.800,phemex,AERO/USDT:USDT,0.8969,23.0,0.8968,120.0,0.8973,53.0,0.8975,201.0
1753617505931,11:58:25.931,phemex,AERO/USDT:USDT,0.8969,23.0,0.8968,120.0,0.8973,53.0,0.8975,201.0
1753617506915,11:58:26.915,phemex,AERO/USDT:USDT,0.8969,23.0,0.8968,120.0,0.8973,33.0,0.8975,201.0
1753617507009,11:58:27.009,phemex,AERO/USDT:USDT,0.8969,23.0,0.8968,120.0,0.8973,33.0,0.8975,201.0
1753617507013,11:58:27.013,phemex,AERO/USDT:USDT,0.8969,23.0,0.8968,120.0,0.8973,33.0,0.8975,201.0
1753617507804,11:58:27.804,phemex,AERO/USDT:USDT,0.8969,23.0,0.8968,120.0,0.8973,33.0,0.8975,201.0
1753617507810,11:58:27.810,phemex,AERO/USDT:USDT,0.8969,23.0,0.8968,120.0,0.8973,33.0,0.8975,201.0
1753617508264,11:58:28.264,phemex,AERO/USDT:USDT,0.8969,23.0,0.8968,120.0,0.8972,51.0,0.8973,55.0
1753617508452,11:58:28.452,phemex,AERO/USDT:USDT,0.8969,74.0,0.8968,120.0,0.8972,51.0,0.8973,55.0
1753617508973,11:58:28.973,phemex,AERO/USDT:USDT,0.8969,74.0,0.8968,120.0,0.8972,51.0,0.8973,55.0
1753617511523,11:58:31.523,phemex,AERO/USDT:USDT,0.8969,74.0,0.8968,120.0,0.8972,51.0,0.8973,55.0
1753617511558,11:58:31.558,phemex,AERO/USDT:USDT,0.8969,74.0,0.8968,120.0,0.8972,51.0,0.8973,55.0
1753617511746,11:58:31.746,phemex,AERO/USDT:USDT,0.8969,74.0,0.8968,120.0,0.8973,101.0,0.8975,131.0
1753617511907,11:58:31.907,phemex,AERO/USDT:USDT,0.8969,74.0,0.8968,120.0,0.8973,101.0,0.8975,131.0
1753617511940,11:58:31.940,phemex,AERO/USDT:USDT,0.8969,74.0,0.8968,120.0,0.8973,101.0,0.8975,131.0
1753617512634,11:58:32.634,phemex,AERO/USDT:USDT,0.8969,74.0,0.8968,120.0,0.8975,131.0,0.8976,128.0
1753617512640,11:58:32.640,phemex,AERO/USDT:USDT,0.8969,74.0,0.8968,120.0,0.8975,131.0,0.8976,128.0
1753617512642,11:58:32.642,phemex,AERO/USDT:USDT,0.8969,74.0,0.8968,120.0,0.8975,131.0,0.8976,128.0
1753617513056,11:58:33.056,phemex,AERO/USDT:USDT,0.8969,74.0,0.8968,120.0,0.8975,125.0,0.8976,128.0
1753617513768,11:58:33.768,phemex,AERO/USDT:USDT,0.8969,74.0,0.8968,120.0,0.8975,125.0,0.8976,128.0
1753617513774,11:58:33.774,phemex,AERO/USDT:USDT,0.8969,74.0,0.8968,120.0,0.8975,125.0,0.8976,128.0
1753617514736,11:58:34.736,phemex,AERO/USDT:USDT,0.8971,75.0,0.897,205.0,0.8975,125.0,0.8976,128.0
1753617514847,11:58:34.847,phemex,AERO/USDT:USDT,0.8967,362.0,0.8964,407.0,0.8975,125.0,0.8976,128.0
1753617514854,11:58:34.854,phemex,AERO/USDT:USDT,0.8967,362.0,0.8964,407.0,0.8975,125.0,0.8976,128.0
1753617516022,11:58:36.022,phemex,AERO/USDT:USDT,0.8967,362.0,0.8964,407.0,0.8975,125.0,0.8976,128.0
1753617517974,11:58:37.974,phemex,AERO/USDT:USDT,0.8968,837.0,0.8967,362.0,0.8975,125.0,0.8976,128.0
1753617518366,11:58:38.366,phemex,AERO/USDT:USDT,0.8967,362.0,0.8964,407.0,0.8975,125.0,0.8976,128.0
1753617518377,11:58:38.377,phemex,AERO/USDT:USDT,0.8969,837.0,0.8967,362.0,0.8975,125.0,0.8976,128.0
1753617518419,11:58:38.419,phemex,AERO/USDT:USDT,0.8967,362.0,0.8964,407.0,0.8975,125.0,0.8976,128.0
1753617518435,11:58:38.435,phemex,AERO/USDT:USDT,0.8968,837.0,0.8967,362.0,0.8975,125.0,0.8976,128.0
1753617518579,11:58:38.579,phemex,AERO/USDT:USDT,0.8968,837.0,0.8967,362.0,0.8975,125.0,0.8976,128.0
1753617520173,11:58:40.173,phemex,AERO/USDT:USDT,0.8972,75.0,0.8971,72.0,0.8975,125.0,0.8976,128.0
1753617520204,11:58:40.204,phemex,AERO/USDT:USDT,0.8972,75.0,0.8971,72.0,0.8975,125.0,0.8976,128.0
1753617522925,11:58:42.925,phemex,AERO/USDT:USDT,0.8971,52.0,0.8968,837.0,0.8975,125.0,0.8976,128.0
1753617522934,11:58:42.934,phemex,AERO/USDT:USDT,0.8971,52.0,0.8968,837.0,0.8975,125.0,0.8976,128.0
1753617523374,11:58:43.374,phemex,AERO/USDT:USDT,0.8971,52.0,0.8967,837.0,0.8975,125.0,0.8976,128.0
1753617528167,11:58:48.167,phemex,AERO/USDT:USDT,0.8971,52.0,0.8967,837.0,0.8975,125.0,0.8976,128.0
1753617528175,11:58:48.175,phemex,AERO/USDT:USDT,0.8971,52.0,0.8967,837.0,0.8975,125.0,0.8976,128.0
1753617529972,11:58:49.972,phemex,AERO/USDT:USDT,0.8971,52.0,0.8968,837.0,0.8975,125.0,0.8976,128.0
1753617530420,11:58:50.420,phemex,AERO/USDT:USDT,0.8971,52.0,0.8969,78.0,0.8975,125.0,0.8976,128.0
1753617530553,11:58:50.553,phemex,AERO/USDT:USDT,0.8971,52.0,0.8969,78.0,0.8975,125.0,0.8976,128.0
1753617531177,11:58:51.177,phemex,AERO/USDT:USDT,0.8971,52.0,0.8969,78.0,0.8975,125.0,0.8976,128.0
1753617531177,11:58:51.177,phemex,AERO/USDT:USDT,0.8971,52.0,0.8969,78.0,0.8975,125.0,0.8976,128.0
1753617533980,11:58:53.980,phemex,AERO/USDT:USDT,0.8971,52.0,0.897,68.0,0.8975,125.0,0.8976,128.0
1753617534158,11:58:54.158,phemex,AERO/USDT:USDT,0.8971,52.0,0.897,68.0,0.8975,125.0,0.8976,128.0
1753617534165,11:58:54.165,phemex,AERO/USDT:USDT,0.8971,52.0,0.897,68.0,0.8975,125.0,0.8976,128.0
1753617535225,11:58:55.225,phemex,AERO/USDT:USDT,0.8971,52.0,0.897,905.0,0.8975,125.0,0.8976,128.0
1753617536281,11:58:56.281,phemex,AERO/USDT:USDT,0.8972,81.0,0.8971,52.0,0.8975,125.0,0.8976,128.0
1753617538577,11:58:58.577,phemex,AERO/USDT:USDT,0.8972,81.0,0.8971,52.0,0.8975,125.0,0.8976,128.0
1753617538972,11:58:58.972,phemex,AERO/USDT:USDT,0.8972,81.0,0.8971,52.0,0.8975,125.0,0.8976,128.0
1753617539163,11:58:59.163,phemex,AERO/USDT:USDT,0.8972,81.0,0.8971,52.0,0.8981,395.0,0.8984,399.0
1753617539169,11:58:59.169,phemex,AERO/USDT:USDT,0.8972,81.0,0.8971,52.0,0.8981,125.0,0.8984,399.0
1753617539293,11:58:59.293,phemex,AERO/USDT:USDT,0.8972,81.0,0.8971,52.0,0.8981,125.0,0.8984,399.0
1753617540016,11:59:00.016,phemex,AERO/USDT:USDT,0.8972,81.0,0.8971,52.0,0.8981,125.0,0.8984,399.0
1753617540405,11:59:00.405,phemex,AERO/USDT:USDT,0.8972,81.0,0.8971,52.0,0.8981,125.0,0.8984,399.0
1753617540419,11:59:00.419,phemex,AERO/USDT:USDT,0.8972,918.0,0.8971,52.0,0.8981,125.0,0.8984,399.0
1753617540552,11:59:00.552,phemex,AERO/USDT:USDT,0.8972,918.0,0.8971,52.0,0.8981,125.0,0.8984,399.0
1753617540553,11:59:00.553,phemex,AERO/USDT:USDT,0.8972,918.0,0.8971,52.0,0.8981,125.0,0.8984,399.0
1753617541155,11:59:01.155,phemex,AERO/USDT:USDT,0.8972,918.0,0.8971,52.0,0.8981,70.0,0.8984,399.0
1753617541316,11:59:01.316,phemex,AERO/USDT:USDT,0.8976,60.0,0.8973,81.0,0.8981,70.0,0.8984,399.0
1753617541379,11:59:01.379,phemex,AERO/USDT:USDT,0.8976,60.0,0.8973,81.0,0.8981,70.0,0.8984,399.0
1753617543377,11:59:03.377,phemex,AERO/USDT:USDT,0.8976,60.0,0.8973,81.0,0.8981,70.0,0.8984,399.0
1753617544975,11:59:04.975,phemex,AERO/USDT:USDT,0.8976,60.0,0.8974,837.0,0.8981,70.0,0.8984,399.0
1753617545057,11:59:05.057,phemex,AERO/USDT:USDT,0.8977,56.0,0.8976,60.0,0.8979,73.0,0.8981,178.0
1753617545141,11:59:05.141,phemex,AERO/USDT:USDT,0.8977,56.0,0.8976,60.0,0.8979,73.0,0.8981,178.0
1753617545161,11:59:05.161,phemex,AERO/USDT:USDT,0.8977,56.0,0.8976,60.0,0.8979,73.0,0.8981,178.0
1753617545610,11:59:05.610,phemex,AERO/USDT:USDT,0.8977,56.0,0.8976,60.0,0.8979,73.0,0.8981,64.0
1753617546542,11:59:06.542,phemex,AERO/USDT:USDT,0.8977,56.0,0.8976,46.0,0.8979,73.0,0.8981,64.0
1753617548177,11:59:08.177,phemex,AERO/USDT:USDT,0.8977,56.0,0.8976,46.0,0.8979,73.0,0.8981,64.0
1753617549541,11:59:09.541,phemex,AERO/USDT:USDT,0.8977,56.0,0.8976,46.0,0.8981,64.0,0.8982,82.0
1753617549572,11:59:09.572,phemex,AERO/USDT:USDT,0.8977,56.0,0.8976,46.0,0.8981,64.0,0.8982,82.0
1753617549574,11:59:09.574,phemex,AERO/USDT:USDT,0.8977,56.0,0.8976,46.0,0.8981,64.0,0.8982,82.0
1753617549708,11:59:09.708,phemex,AERO/USDT:USDT,0.8977,56.0,0.8976,46.0,0.8981,64.0,0.8982,82.0
1753617549717,11:59:09.717,phemex,AERO/USDT:USDT,0.8977,56.0,0.8976,46.0,0.8981,64.0,0.8982,82.0
1753617549852,11:59:09.852,phemex,AERO/USDT:USDT,0.8977,56.0,0.8976,46.0,0.8981,44.0,0.8982,82.0
1753617552370,11:59:12.370,phemex,AERO/USDT:USDT,0.8977,56.0,0.8976,46.0,0.8981,44.0,0.8982,82.0
1753617552970,11:59:12.970,phemex,AERO/USDT:USDT,0.8977,56.0,0.8976,46.0,0.8981,44.0,0.8982,82.0
1753617553278,11:59:13.278,phemex,AERO/USDT:USDT,0.8977,56.0,0.8976,46.0,0.8981,44.0,0.8982,82.0
1753617555499,11:59:15.499,phemex,AERO/USDT:USDT,0.8978,80.0,0.8977,56.0,0.8981,44.0,0.8982,82.0
1753617555508,11:59:15.508,phemex,AERO/USDT:USDT,0.8978,80.0,0.8977,56.0,0.8982,82.0,0.8983,67.0
1753617557777,11:59:17.777,phemex,AERO/USDT:USDT,0.8978,80.0,0.8977,56.0,0.8982,82.0,0.8983,67.0
1753617558027,11:59:18.027,phemex,AERO/USDT:USDT,0.8978,80.0,0.8977,56.0,0.8982,82.0,0.8983,150.0
1753617558039,11:59:18.039,phemex,AERO/USDT:USDT,0.8978,80.0,0.8977,56.0,0.8982,82.0,0.8983,150.0
1753617558062,11:59:18.062,phemex,AERO/USDT:USDT,0.8978,80.0,0.8977,56.0,0.8982,82.0,0.8983,150.0
1753617558079,11:59:18.079,phemex,AERO/USDT:USDT,0.8978,80.0,0.8977,56.0,0.8982,82.0,0.8983,150.0
1753617558130,11:59:18.130,phemex,AERO/USDT:USDT,0.8978,80.0,0.8977,56.0,0.8983,56.0,0.8985,54.0
1753617558161,11:59:18.161,phemex,AERO/USDT:USDT,0.8978,80.0,0.8977,56.0,0.8983,56.0,0.8985,54.0
1753617558216,11:59:18.216,phemex,AERO/USDT:USDT,0.8978,80.0,0.8977,56.0,0.8983,56.0,0.8985,54.0
1753617558221,11:59:18.221,phemex,AERO/USDT:USDT,0.8978,80.0,0.8977,56.0,0.8983,56.0,0.8985,54.0
1753617558296,11:59:18.296,phemex,AERO/USDT:USDT,0.8978,80.0,0.8977,56.0,0.8985,54.0,0.8986,58.0
1753617558309,11:59:18.309,phemex,AERO/USDT:USDT,0.8978,80.0,0.8977,56.0,0.8985,54.0,0.8986,58.0
1753617559436,11:59:19.436,phemex,AERO/USDT:USDT,0.8978,80.0,0.8977,56.0,0.8985,47.0,0.8986,58.0
1753617560566,11:59:20.566,phemex,AERO/USDT:USDT,0.8983,71.0,0.8978,80.0,0.8985,47.0,0.8986,58.0
1753617560574,11:59:20.574,phemex,AERO/USDT:USDT,0.898,128.0,0.8978,77.0,0.8985,47.0,0.8986,58.0
1753617560601,11:59:20.601,phemex,AERO/USDT:USDT,0.898,128.0,0.8978,77.0,0.8985,47.0,0.8986,58.0
1753617560740,11:59:20.740,phemex,AERO/USDT:USDT,0.898,128.0,0.8978,77.0,0.8985,47.0,0.8986,58.0
1753617560746,11:59:20.746,phemex,AERO/USDT:USDT,0.898,128.0,0.8978,77.0,0.8985,47.0,0.8986,58.0
1753617560847,11:59:20.847,phemex,AERO/USDT:USDT,0.898,128.0,0.8978,77.0,0.8985,47.0,0.8986,58.0
1753617560853,11:59:20.853,phemex,AERO/USDT:USDT,0.898,128.0,0.8978,77.0,0.8985,47.0,0.8986,58.0
1753617561444,11:59:21.444,phemex,AERO/USDT:USDT,0.898,128.0,0.8978,77.0,0.8985,47.0,0.8986,58.0
1753617562580,11:59:22.580,phemex,AERO/USDT:USDT,0.898,128.0,0.8978,77.0,0.8985,47.0,0.8986,58.0
1753617562841,11:59:22.841,phemex,AERO/USDT:USDT,0.898,128.0,0.8978,77.0,0.8985,47.0,0.8986,58.0
1753617562854,11:59:22.854,phemex,AERO/USDT:USDT,0.898,128.0,0.8978,77.0,0.8985,47.0,0.8986,58.0
1753617564539,11:59:24.539,phemex,AERO/USDT:USDT,0.898,128.0,0.8978,77.0,0.8985,47.0,0.8986,210.0
1753617565973,11:59:25.973,phemex,AERO/USDT:USDT,0.898,128.0,0.8978,77.0,0.8985,47.0,0.8986,210.0
1753617565982,11:59:25.982,phemex,AERO/USDT:USDT,0.898,128.0,0.8979,837.0,0.8985,47.0,0.8986,210.0
1753617566282,11:59:26.282,phemex,AERO/USDT:USDT,0.898,128.0,0.8979,64.0,0.8985,47.0,0.8986,210.0
1753617566290,11:59:26.290,phemex,AERO/USDT:USDT,0.898,128.0,0.8979,64.0,0.8985,47.0,0.8986,210.0
1753617566364,11:59:26.364,phemex,AERO/USDT:USDT,0.898,128.0,0.8979,64.0,0.8985,47.0,0.8986,210.0
1753617566373,11:59:26.373,phemex,AERO/USDT:USDT,0.898,128.0,0.8979,64.0,0.8985,47.0,0.8986,210.0
1753617567379,11:59:27.379,phemex,AERO/USDT:USDT,0.898,128.0,0.8979,64.0,0.8985,47.0,0.8986,210.0
1753617572176,11:59:32.176,phemex,AERO/USDT:USDT,0.898,128.0,0.8979,64.0,0.8985,47.0,0.8986,210.0
1753617573606,11:59:33.606,phemex,AERO/USDT:USDT,0.898,128.0,0.8979,142.0,0.8984,60.0,0.8985,47.0
1753617573787,11:59:33.787,phemex,AERO/USDT:USDT,0.898,128.0,0.8979,142.0,0.8984,60.0,0.8985,47.0
1753617578037,11:59:38.037,phemex,AERO/USDT:USDT,0.898,128.0,0.8979,142.0,0.8984,60.0,0.8985,47.0
1753617578530,11:59:38.530,phemex,AERO/USDT:USDT,0.898,128.0,0.8979,142.0,0.8984,60.0,0.8985,47.0
1753617579029,11:59:39.029,phemex,AERO/USDT:USDT,0.898,128.0,0.8979,142.0,0.8984,60.0,0.8985,117.0
1753617579269,11:59:39.269,phemex,AERO/USDT:USDT,0.898,128.0,0.8979,142.0,0.8985,117.0,0.8986,58.0
1753617579277,11:59:39.277,phemex,AERO/USDT:USDT,0.898,965.0,0.8979,142.0,0.8985,117.0,0.8986,58.0
1753617579415,11:59:39.415,phemex,AERO/USDT:USDT,0.898,965.0,0.8979,142.0,0.8985,117.0,0.8986,58.0
1753617580246,11:59:40.246,phemex,AERO/USDT:USDT,0.898,965.0,0.8979,142.0,0.8985,117.0,0.8986,58.0
1753617580901,11:59:40.901,phemex,AERO/USDT:USDT,0.898,965.0,0.8979,142.0,0.8985,114.0,0.8986,58.0
1753617582086,11:59:42.086,phemex,AERO/USDT:USDT,0.898,128.0,0.8979,142.0,0.8985,114.0,0.8986,58.0
1753617583014,11:59:43.014,phemex,AERO/USDT:USDT,0.898,965.0,0.8979,142.0,0.8985,114.0,0.8986,58.0
1753617584788,11:59:44.788,phemex,AERO/USDT:USDT,0.898,965.0,0.8979,142.0,0.8985,114.0,0.8986,103.0
1753617589818,11:59:49.818,phemex,AERO/USDT:USDT,0.8983,116.0,0.898,965.0,0.8985,114.0,0.8986,103.0
1753617590282,11:59:50.282,phemex,AERO/USDT:USDT,0.8983,116.0,0.898,965.0,0.8985,114.0,0.8986,103.0
1753617590334,11:59:50.334,phemex,AERO/USDT:USDT,0.8983,116.0,0.898,965.0,0.8985,114.0,0.8986,103.0
1753617590438,11:59:50.438,phemex,AERO/USDT:USDT,0.898,965.0,0.8978,412.0,0.8985,114.0,0.8986,103.0
1753617590495,11:59:50.495,phemex,AERO/USDT:USDT,0.898,128.0,0.8978,66.0,0.8985,114.0,0.8986,103.0
1753617590532,11:59:50.532,phemex,AERO/USDT:USDT,0.898,128.0,0.8979,837.0,0.8985,114.0,0.8986,103.0
1753617590584,11:59:50.584,phemex,AERO/USDT:USDT,0.898,128.0,0.8978,66.0,0.8985,114.0,0.8986,103.0
1753617592811,11:59:52.811,phemex,AERO/USDT:USDT,0.898,128.0,0.8978,903.0,0.8985,114.0,0.8986,103.0
1753617592811,11:59:52.811,phemex,AERO/USDT:USDT,0.898,128.0,0.8978,903.0,0.8985,114.0,0.8986,103.0
1753617593977,11:59:53.977,phemex,AERO/USDT:USDT,0.898,128.0,0.8978,903.0,0.8985,114.0,0.8986,103.0
1753617595970,11:59:55.970,phemex,AERO/USDT:USDT,0.898,128.0,0.8978,903.0,0.8985,114.0,0.8986,103.0
1753617598221,11:59:58.221,phemex,AERO/USDT:USDT,0.898,128.0,0.8978,969.0,0.8985,114.0,0.8986,103.0
1753617598239,11:59:58.239,phemex,AERO/USDT:USDT,0.898,128.0,0.8978,969.0,0.8985,114.0,0.8986,103.0
1753617598437,11:59:58.437,phemex,AERO/USDT:USDT,0.898,128.0,0.8978,969.0,0.8985,114.0,0.8986,103.0
1753617598768,11:59:58.768,phemex,AERO/USDT:USDT,0.898,128.0,0.8978,969.0,0.8985,114.0,0.8986,103.0
1753617598777,11:59:58.777,phemex,AERO/USDT:USDT,0.898,128.0,0.8978,969.0,0.8985,114.0,0.8986,103.0
1753617600634,12:00:00.634,phemex,AERO/USDT:USDT,0.898,128.0,0.8978,969.0,0.8985,114.0,0.8986,103.0
1753617600752,12:00:00.752,phemex,AERO/USDT:USDT,0.898,128.0,0.8978,969.0,0.8985,114.0,0.8986,103.0
1753617601351,12:00:01.351,phemex,AERO/USDT:USDT,0.898,128.0,0.8978,969.0,0.8985,114.0,0.8986,103.0
1753617601676,12:00:01.676,phemex,AERO/USDT:USDT,0.898,128.0,0.8978,969.0,0.8985,114.0,0.8986,103.0
1753617601817,12:00:01.817,phemex,AERO/USDT:USDT,0.898,128.0,0.8978,969.0,0.8985,114.0,0.8986,103.0
1753617602584,12:00:02.584,phemex,AERO/USDT:USDT,0.898,128.0,0.8978,969.0,0.8985,114.0,0.8986,103.0
1753617602659,12:00:02.659,phemex,AERO/USDT:USDT,0.898,128.0,0.8978,969.0,0.8985,114.0,0.8986,103.0
1753617602706,12:00:02.706,phemex,AERO/USDT:USDT,0.898,56.0,0.8978,969.0,0.8985,114.0,0.8986,103.0
1753617602706,12:00:02.706,phemex,AERO/USDT:USDT,0.898,56.0,0.8978,969.0,0.8985,114.0,0.8986,103.0
1753617602792,12:00:02.792,phemex,AERO/USDT:USDT,0.898,56.0,0.8978,969.0,0.8985,114.0,0.8986,103.0
1753617602806,12:00:02.806,phemex,AERO/USDT:USDT,0.898,56.0,0.8978,132.0,0.8985,114.0,0.8986,103.0
1753617603259,12:00:03.259,phemex,AERO/USDT:USDT,0.898,56.0,0.8978,132.0,0.8983,48.0,0.8984,80.0
1753617603312,12:00:03.312,phemex,AERO/USDT:USDT,0.898,56.0,0.8978,132.0,0.8983,48.0,0.8984,80.0
1753617603321,12:00:03.321,phemex,AERO/USDT:USDT,0.898,56.0,0.8978,132.0,0.8983,48.0,0.8984,80.0
1753617603428,12:00:03.428,phemex,AERO/USDT:USDT,0.898,56.0,0.8978,132.0,0.8983,48.0,0.8984,139.0
1753617603478,12:00:03.478,phemex,AERO/USDT:USDT,0.898,56.0,0.8978,132.0,0.8983,48.0,0.8984,139.0
1753617603497,12:00:03.497,phemex,AERO/USDT:USDT,0.898,56.0,0.8979,837.0,0.8983,48.0,0.8984,139.0
1753617603752,12:00:03.752,phemex,AERO/USDT:USDT,0.898,56.0,0.8979,837.0,0.8984,57.0,0.8987,69.0
1753617603792,12:00:03.792,phemex,AERO/USDT:USDT,0.898,56.0,0.8979,837.0,0.8984,57.0,0.8987,69.0
1753617603809,12:00:03.809,phemex,AERO/USDT:USDT,0.898,56.0,0.8979,837.0,0.8984,57.0,0.8987,69.0
1753617603893,12:00:03.893,phemex,AERO/USDT:USDT,0.898,56.0,0.8979,837.0,0.8984,57.0,0.8987,69.0
1753617604243,12:00:04.243,phemex,AERO/USDT:USDT,0.898,56.0,0.8979,837.0,0.8984,57.0,0.8987,69.0
1753617604308,12:00:04.308,phemex,AERO/USDT:USDT,0.898,56.0,0.8979,837.0,0.8984,57.0,0.8987,69.0
1753617604616,12:00:04.616,phemex,AERO/USDT:USDT,0.898,893.0,0.8978,132.0,0.8984,57.0,0.8987,69.0
1753617605208,12:00:05.208,phemex,AERO/USDT:USDT,0.898,893.0,0.8978,132.0,0.8984,57.0,0.8987,69.0
1753617605228,12:00:05.228,phemex,AERO/USDT:USDT,0.898,56.0,0.8978,132.0,0.8986,57.0,0.8987,69.0
1753617605246,12:00:05.246,phemex,AERO/USDT:USDT,0.8981,837.0,0.898,56.0,0.8986,57.0,0.8987,69.0
1753617606038,12:00:06.038,phemex,AERO/USDT:USDT,0.8981,837.0,0.898,56.0,0.8986,57.0,0.8987,69.0
1753617606366,12:00:06.366,phemex,AERO/USDT:USDT,0.8981,837.0,0.898,56.0,0.8986,57.0,0.8987,69.0
1753617606945,12:00:06.945,phemex,AERO/USDT:USDT,0.8981,837.0,0.898,56.0,0.8987,69.0,0.8989,3866.0
1753617607146,12:00:07.146,phemex,AERO/USDT:USDT,0.898,56.0,0.8979,837.0,0.8987,69.0,0.8989,405.0
1753617607898,12:00:07.898,phemex,AERO/USDT:USDT,0.8981,54.0,0.898,128.0,0.8987,69.0,0.8989,405.0
1753617609131,12:00:09.131,phemex,AERO/USDT:USDT,0.8981,54.0,0.898,128.0,0.8989,405.0,0.899,4157.0
1753617609142,12:00:09.142,phemex,AERO/USDT:USDT,0.8981,54.0,0.898,128.0,0.8989,405.0,0.899,696.0
1753617609147,12:00:09.147,phemex,AERO/USDT:USDT,0.8981,54.0,0.898,128.0,0.8989,405.0,0.899,696.0
1753617610249,12:00:10.249,phemex,AERO/USDT:USDT,0.8981,54.0,0.898,128.0,0.8983,63.0,0.8984,125.0
1753617610266,12:00:10.266,phemex,AERO/USDT:USDT,0.8981,54.0,0.898,128.0,0.8983,63.0,0.8984,125.0
1753617610619,12:00:10.619,phemex,AERO/USDT:USDT,0.8981,54.0,0.898,128.0,0.8983,63.0,0.8984,125.0
1753617610627,12:00:10.627,phemex,AERO/USDT:USDT,0.8981,54.0,0.898,128.0,0.8983,63.0,0.8984,125.0
1753617610831,12:00:10.831,phemex,AERO/USDT:USDT,0.8981,54.0,0.898,128.0,0.8984,119.0,0.8986,61.0
1753617611241,12:00:11.241,phemex,AERO/USDT:USDT,0.8981,54.0,0.898,965.0,0.8985,78.0,0.8986,174.0
1753617611241,12:00:11.241,phemex,AERO/USDT:USDT,0.8981,54.0,0.898,965.0,0.8985,78.0,0.8986,174.0
1753617615527,12:00:15.527,phemex,AERO/USDT:USDT,0.8981,54.0,0.898,965.0,0.8985,78.0,0.8986,174.0
1753617615534,12:00:15.534,phemex,AERO/USDT:USDT,0.8981,54.0,0.898,965.0,0.8985,78.0,0.8986,174.0
1753617616295,12:00:16.295,phemex,AERO/USDT:USDT,0.8981,54.0,0.898,176.0,0.8992,709.0,0.8993,893.0
1753617616306,12:00:16.306,phemex,AERO/USDT:USDT,0.8981,54.0,0.898,176.0,0.8992,4170.0,0.8993,893.0
1753617616322,12:00:16.322,phemex,AERO/USDT:USDT,0.8981,54.0,0.898,176.0,0.8992,4170.0,0.8993,893.0
1753617616519,12:00:16.519,phemex,AERO/USDT:USDT,0.8981,54.0,0.898,176.0,0.8992,709.0,0.8993,893.0
1753617616535,12:00:16.535,phemex,AERO/USDT:USDT,0.8981,54.0,0.898,176.0,0.8992,709.0,0.8993,893.0
1753617616542,12:00:16.542,phemex,AERO/USDT:USDT,0.8981,54.0,0.898,176.0,0.8992,709.0,0.8993,893.0
1753617616661,12:00:16.661,phemex,AERO/USDT:USDT,0.8981,54.0,0.898,176.0,0.8992,709.0,0.8993,893.0
1753617616727,12:00:16.727,phemex,AERO/USDT:USDT,0.8981,54.0,0.898,176.0,0.8991,77.0,0.8992,709.0
1753617616728,12:00:16.728,phemex,AERO/USDT:USDT,0.8981,54.0,0.898,176.0,0.8991,77.0,0.8992,709.0
1753617617429,12:00:17.429,phemex,AERO/USDT:USDT,0.8981,54.0,0.898,176.0,0.8991,77.0,0.8992,709.0
1753617617435,12:00:17.435,phemex,AERO/USDT:USDT,0.8981,54.0,0.898,176.0,0.8991,77.0,0.8992,709.0
1753617617465,12:00:17.465,phemex,AERO/USDT:USDT,0.898,176.0,0.8978,1605.0,0.8991,77.0,0.8992,709.0
1753617621086,12:00:21.086,phemex,AERO/USDT:USDT,0.898,176.0,0.8978,1605.0,0.8991,77.0,0.8992,709.0
1753617621093,12:00:21.093,phemex,AERO/USDT:USDT,0.898,176.0,0.8978,1605.0,0.8991,77.0,0.8992,709.0
1753617621243,12:00:21.243,phemex,AERO/USDT:USDT,0.898,176.0,0.8978,1605.0,0.8991,77.0,0.8992,709.0
1753617621565,12:00:21.565,phemex,AERO/USDT:USDT,0.898,176.0,0.8978,768.0,0.8991,77.0,0.8992,709.0
1753617621587,12:00:21.587,phemex,AERO/USDT:USDT,0.898,176.0,0.8978,768.0,0.8991,77.0,0.8992,709.0
1753617621725,12:00:21.725,phemex,AERO/USDT:USDT,0.898,176.0,0.8978,768.0,0.8991,77.0,0.8992,709.0
1753617625042,12:00:25.042,phemex,AERO/USDT:USDT,0.8982,77.0,0.8981,73.0,0.8985,267.0,0.8988,361.0
1753617625058,12:00:25.058,phemex,AERO/USDT:USDT,0.8982,77.0,0.8981,73.0,0.8985,267.0,0.8988,361.0
1753617625523,12:00:25.523,phemex,AERO/USDT:USDT,0.8982,77.0,0.8981,73.0,0.8985,267.0,0.8988,361.0
1753617625970,12:00:25.970,phemex,AERO/USDT:USDT,0.8982,77.0,0.8981,73.0,0.8985,267.0,0.8988,361.0
1753617625974,12:00:25.974,phemex,AERO/USDT:USDT,0.8982,77.0,0.8981,73.0,0.8985,267.0,0.8988,361.0
1753617627307,12:00:27.307,phemex,AERO/USDT:USDT,0.8982,77.0,0.8981,73.0,0.8988,361.0,0.8989,326.0
1753617627334,12:00:27.334,phemex,AERO/USDT:USDT,0.8982,77.0,0.8981,73.0,0.8988,361.0,0.8989,326.0
1753617627338,12:00:27.338,phemex,AERO/USDT:USDT,0.8982,77.0,0.8981,73.0,0.8988,361.0,0.8989,326.0
1753617627412,12:00:27.412,phemex,AERO/USDT:USDT,0.8982,77.0,0.8981,73.0,0.8986,63.0,0.8987,44.0
1753617627432,12:00:27.432,phemex,AERO/USDT:USDT,0.8982,77.0,0.8981,73.0,0.8986,63.0,0.8987,44.0
1753617627563,12:00:27.563,phemex,AERO/USDT:USDT,0.8982,77.0,0.8981,73.0,0.8986,63.0,0.8987,44.0
1753617628732,12:00:28.732,phemex,AERO/USDT:USDT,0.8982,77.0,0.8981,73.0,0.8986,63.0,0.8987,44.0
1753617628770,12:00:28.770,phemex,AERO/USDT:USDT,0.8982,77.0,0.8981,73.0,0.8986,63.0,0.8987,44.0
1753617629180,12:00:29.180,phemex,AERO/USDT:USDT,0.8982,77.0,0.8981,73.0,0.8986,63.0,0.8987,44.0
1753617630500,12:00:30.500,phemex,AERO/USDT:USDT,0.8982,77.0,0.8981,73.0,0.8986,63.0,0.8987,44.0
1753617630753,12:00:30.753,phemex,AERO/USDT:USDT,0.898,132.0,0.8976,870.0,0.8986,63.0,0.8987,44.0
1753617630781,12:00:30.781,phemex,AERO/USDT:USDT,0.898,132.0,0.8976,870.0,0.8986,63.0,0.8987,44.0
1753617630906,12:00:30.906,phemex,AERO/USDT:USDT,0.898,132.0,0.8976,870.0,0.8986,63.0,0.8987,44.0
1753617631171,12:00:31.171,phemex,AERO/USDT:USDT,0.898,132.0,0.8976,870.0,0.8987,44.0,0.8988,80.0
1753617631257,12:00:31.257,phemex,AERO/USDT:USDT,0.898,132.0,0.8976,870.0,0.8987,44.0,0.8988,80.0
1753617631778,12:00:31.778,phemex,AERO/USDT:USDT,0.898,132.0,0.8976,870.0,0.8987,44.0,0.8988,80.0
1753617632585,12:00:32.585,phemex,AERO/USDT:USDT,0.898,132.0,0.8976,870.0,0.8987,44.0,0.8988,80.0
1753617632615,12:00:32.615,phemex,AERO/USDT:USDT,0.898,132.0,0.8976,870.0,0.8983,99.0,0.8985,116.0
1753617632643,12:00:32.643,phemex,AERO/USDT:USDT,0.898,132.0,0.8976,870.0,0.8983,99.0,0.8985,116.0
1753617632651,12:00:32.651,phemex,AERO/USDT:USDT,0.898,132.0,0.8976,870.0,0.8983,99.0,0.8985,116.0
1753617634110,12:00:34.110,phemex,AERO/USDT:USDT,0.898,132.0,0.8976,870.0,0.8983,99.0,0.8985,116.0
1753617634121,12:00:34.121,phemex,AERO/USDT:USDT,0.898,132.0,0.8977,837.0,0.8983,99.0,0.8985,116.0
1753617636013,12:00:36.013,phemex,AERO/USDT:USDT,0.898,132.0,0.8977,837.0,0.8983,99.0,0.8985,116.0
1753617636571,12:00:36.571,phemex,AERO/USDT:USDT,0.898,132.0,0.8977,837.0,0.8983,99.0,0.8985,116.0
1753617636578,12:00:36.578,phemex,AERO/USDT:USDT,0.898,132.0,0.8977,837.0,0.8983,99.0,0.8985,116.0
1753617638223,12:00:38.223,phemex,AERO/USDT:USDT,0.898,132.0,0.8977,837.0,0.8985,116.0,0.8987,3723.0
1753617638282,12:00:38.282,phemex,AERO/USDT:USDT,0.898,132.0,0.8978,837.0,0.8985,116.0,0.8987,262.0
1753617640381,12:00:40.381,phemex,AERO/USDT:USDT,0.8981,67.0,0.898,132.0,0.8982,81.0,0.8984,80.0
1753617640410,12:00:40.410,phemex,AERO/USDT:USDT,0.8981,67.0,0.898,132.0,0.8982,81.0,0.8984,80.0
1753617641377,12:00:41.377,phemex,AERO/USDT:USDT,0.8981,67.0,0.898,132.0,0.8982,81.0,0.8984,80.0
1753617644861,12:00:44.861,phemex,AERO/USDT:USDT,0.898,132.0,0.8979,83.0,0.8982,81.0,0.8984,80.0
1753617646970,12:00:46.970,phemex,AERO/USDT:USDT,0.898,132.0,0.8979,83.0,0.8982,81.0,0.8984,80.0
1753617646976,12:00:46.976,phemex,AERO/USDT:USDT,0.898,132.0,0.8979,83.0,0.8982,81.0,0.8984,80.0
1753617649700,12:00:49.700,phemex,AERO/USDT:USDT,0.898,214.0,0.8979,83.0,0.8981,79.0,0.8982,81.0
1753617649723,12:00:49.723,phemex,AERO/USDT:USDT,0.898,214.0,0.8979,83.0,0.8981,79.0,0.8982,81.0
1753617649754,12:00:49.754,phemex,AERO/USDT:USDT,0.8978,71.0,0.8977,893.0,0.8981,79.0,0.8982,81.0
1753617649780,12:00:49.780,phemex,AERO/USDT:USDT,0.8978,71.0,0.8977,56.0,0.8981,79.0,0.8982,81.0
1753617649796,12:00:49.796,phemex,AERO/USDT:USDT,0.8978,71.0,0.8977,56.0,0.8981,79.0,0.8982,81.0
1753617649905,12:00:49.905,phemex,AERO/USDT:USDT,0.8978,71.0,0.8977,56.0,0.8981,79.0,0.8982,81.0
1753617649972,12:00:49.972,phemex,AERO/USDT:USDT,0.8978,71.0,0.8977,56.0,0.8981,79.0,0.8982,81.0
1753617649993,12:00:49.993,phemex,AERO/USDT:USDT,0.8978,71.0,0.8977,56.0,0.8981,79.0,0.8982,81.0
1753617650334,12:00:50.334,phemex,AERO/USDT:USDT,0.8978,71.0,0.8977,56.0,0.8981,79.0,0.8982,81.0
1753617650537,12:00:50.537,phemex,AERO/USDT:USDT,0.8978,71.0,0.8977,56.0,0.8981,79.0,0.8982,81.0
1753617651976,12:00:51.976,phemex,AERO/USDT:USDT,0.8978,71.0,0.8977,56.0,0.8981,79.0,0.8982,81.0
1753617651981,12:00:51.981,phemex,AERO/USDT:USDT,0.8978,71.0,0.8977,56.0,0.8981,79.0,0.8982,81.0
1753617652145,12:00:52.145,phemex,AERO/USDT:USDT,0.8977,56.0,0.8976,837.0,0.8981,79.0,0.8982,81.0
1753617652912,12:00:52.912,phemex,AERO/USDT:USDT,0.8977,56.0,0.8976,837.0,0.8981,79.0,0.8982,81.0
1753617653778,12:00:53.778,phemex,AERO/USDT:USDT,0.8977,56.0,0.8976,837.0,0.8981,79.0,0.8982,81.0
1753617654762,12:00:54.762,phemex,AERO/USDT:USDT,0.8979,55.0,0.8977,56.0,0.898,81.0,0.8981,79.0
1753617654764,12:00:54.764,phemex,AERO/USDT:USDT,0.8979,55.0,0.8977,107.0,0.898,81.0,0.8981,79.0
1753617654922,12:00:54.922,phemex,AERO/USDT:USDT,0.8979,55.0,0.8977,107.0,0.898,81.0,0.8981,79.0
1753617654927,12:00:54.927,phemex,AERO/USDT:USDT,0.8979,55.0,0.8977,107.0,0.898,81.0,0.8981,79.0
1753617654947,12:00:54.947,phemex,AERO/USDT:USDT,0.8979,55.0,0.8977,944.0,0.898,81.0,0.8981,79.0
1753617655061,12:00:55.061,phemex,AERO/USDT:USDT,0.8979,55.0,0.8977,944.0,0.898,81.0,0.8981,79.0
1753617655080,12:00:55.080,phemex,AERO/USDT:USDT,0.8979,55.0,0.8977,944.0,0.898,81.0,0.8981,79.0
1753617655191,12:00:55.191,phemex,AERO/USDT:USDT,0.8979,55.0,0.8977,944.0,0.898,81.0,0.8981,79.0
1753617655201,12:00:55.201,phemex,AERO/USDT:USDT,0.8979,55.0,0.8977,944.0,0.898,81.0,0.8981,79.0
1753617656027,12:00:56.027,phemex,AERO/USDT:USDT,0.8979,55.0,0.8977,944.0,0.898,81.0,0.8981,79.0
1753617656062,12:00:56.062,phemex,AERO/USDT:USDT,0.8979,55.0,0.8977,944.0,0.898,81.0,0.8981,79.0
1753617656157,12:00:56.157,phemex,AERO/USDT:USDT,0.8979,55.0,0.8977,944.0,0.898,81.0,0.8981,79.0
1753617656268,12:00:56.268,phemex,AERO/USDT:USDT,0.8979,55.0,0.8977,944.0,0.898,81.0,0.8981,79.0
1753617657551,12:00:57.551,phemex,AERO/USDT:USDT,0.8979,55.0,0.8977,944.0,0.898,81.0,0.8981,79.0
1753617657556,12:00:57.556,phemex,AERO/USDT:USDT,0.8979,55.0,0.8977,944.0,0.898,81.0,0.8981,79.0
1753617658577,12:00:58.577,phemex,AERO/USDT:USDT,0.8979,55.0,0.8977,944.0,0.898,81.0,0.8981,79.0
1753617659812,12:00:59.812,phemex,AERO/USDT:USDT,0.8979,55.0,0.8977,944.0,0.898,81.0,0.8981,79.0
1753617659906,12:00:59.906,phemex,AERO/USDT:USDT,0.8979,55.0,0.8977,944.0,0.898,1.0,0.8981,79.0
1753617660219,12:01:00.219,phemex,AERO/USDT:USDT,0.8979,55.0,0.8977,944.0,0.898,1.0,0.8981,79.0
1753617660219,12:01:00.219,phemex,AERO/USDT:USDT,0.8979,55.0,0.8978,71.0,0.8981,154.0,0.8982,81.0
1753617660323,12:01:00.323,phemex,AERO/USDT:USDT,0.8979,55.0,0.8978,71.0,0.8981,154.0,0.8982,81.0
1753617660623,12:01:00.623,phemex,AERO/USDT:USDT,0.898,57.0,0.8979,55.0,0.8983,139.0,0.8985,44.0
1753617663379,12:01:03.379,phemex,AERO/USDT:USDT,0.898,57.0,0.8979,55.0,0.8983,139.0,0.8985,44.0
1753617664571,12:01:04.571,phemex,AERO/USDT:USDT,0.898,57.0,0.8979,55.0,0.8983,124.0,0.8985,44.0
1753617664978,12:01:04.978,phemex,AERO/USDT:USDT,0.898,57.0,0.8979,55.0,0.8983,124.0,0.8985,44.0
1753617665292,12:01:05.292,phemex,AERO/USDT:USDT,0.898,184.0,0.8979,55.0,0.8983,57.0,0.8984,66.0
1753617665303,12:01:05.303,phemex,AERO/USDT:USDT,0.898,184.0,0.8979,55.0,0.8983,57.0,0.8984,66.0
1753617665897,12:01:05.897,phemex,AERO/USDT:USDT,0.898,184.0,0.8979,55.0,0.8983,57.0,0.8984,66.0
1753617666023,12:01:06.023,phemex,AERO/USDT:USDT,0.898,184.0,0.8979,55.0,0.8983,57.0,0.8984,66.0
1753617668173,12:01:08.173,phemex,AERO/USDT:USDT,0.898,184.0,0.8979,55.0,0.8983,57.0,0.8984,66.0
1753617668181,12:01:08.181,phemex,AERO/USDT:USDT,0.898,184.0,0.8979,55.0,0.8983,57.0,0.8984,66.0
1753617669651,12:01:09.651,phemex,AERO/USDT:USDT,0.898,167.0,0.8979,55.0,0.8983,57.0,0.8984,66.0
1753617670977,12:01:10.977,phemex,AERO/USDT:USDT,0.898,1004.0,0.8979,55.0,0.8983,57.0,0.8984,66.0
1753617677109,12:01:17.109,phemex,AERO/USDT:USDT,0.898,912.0,0.8979,55.0,0.8983,72.0,0.8984,66.0
1753617677267,12:01:17.267,phemex,AERO/USDT:USDT,0.898,75.0,0.8979,55.0,0.8983,72.0,0.8984,66.0
1753617677382,12:01:17.382,phemex,AERO/USDT:USDT,0.898,75.0,0.8979,55.0,0.8983,72.0,0.8984,66.0
1753617677502,12:01:17.502,phemex,AERO/USDT:USDT,0.898,75.0,0.8979,892.0,0.8983,72.0,0.8984,66.0
1753617677512,12:01:17.512,phemex,AERO/USDT:USDT,0.898,154.0,0.8979,115.0,0.8983,72.0,0.8984,66.0
1753617677532,12:01:17.532,phemex,AERO/USDT:USDT,0.898,154.0,0.8979,115.0,0.8983,72.0,0.8984,66.0
1753617678042,12:01:18.042,phemex,AERO/USDT:USDT,0.8978,52.0,0.8977,837.0,0.8983,72.0,0.8984,66.0
1753617678067,12:01:18.067,phemex,AERO/USDT:USDT,0.8978,52.0,0.8975,346.0,0.8983,72.0,0.8984,66.0
1753617678094,12:01:18.094,phemex,AERO/USDT:USDT,0.8978,52.0,0.8976,837.0,0.8983,72.0,0.8984,66.0
1753617679068,12:01:19.068,phemex,AERO/USDT:USDT,0.8978,52.0,0.8976,837.0,0.8984,66.0,0.8985,44.0
1753617680591,12:01:20.591,phemex,AERO/USDT:USDT,0.8978,52.0,0.8976,837.0,0.8984,66.0,0.8985,44.0
1753617681177,12:01:21.177,phemex,AERO/USDT:USDT,0.8978,52.0,0.8976,837.0,0.8984,66.0,0.8985,44.0
1753617683511,12:01:23.511,phemex,AERO/USDT:USDT,0.8978,134.0,0.8976,837.0,0.8981,69.0,0.8983,68.0
1753617683531,12:01:23.531,phemex,AERO/USDT:USDT,0.8978,134.0,0.8977,911.0,0.8981,146.0,0.8982,45.0
1753617683660,12:01:23.660,phemex,AERO/USDT:USDT,0.8978,971.0,0.8977,74.0,0.8981,146.0,0.8982,45.0
1753617683677,12:01:23.677,phemex,AERO/USDT:USDT,0.8978,971.0,0.8977,74.0,0.8981,146.0,0.8982,45.0
1753617684380,12:01:24.380,phemex,AERO/USDT:USDT,0.8978,971.0,0.8977,74.0,0.8982,45.0,0.8983,68.0
1753617684609,12:01:24.609,phemex,AERO/USDT:USDT,0.8978,971.0,0.8977,74.0,0.8982,45.0,0.8983,68.0
1753617684630,12:01:24.630,phemex,AERO/USDT:USDT,0.8978,971.0,0.8977,74.0,0.8982,45.0,0.8983,68.0
1753617684635,12:01:24.635,phemex,AERO/USDT:USDT,0.8978,971.0,0.8977,74.0,0.8982,45.0,0.8983,68.0
1753617684862,12:01:24.862,phemex,AERO/USDT:USDT,0.8978,971.0,0.8977,74.0,0.8981,60.0,0.8982,45.0
1753617685272,12:01:25.272,phemex,AERO/USDT:USDT,0.8978,971.0,0.8977,74.0,0.8981,60.0,0.8982,45.0
1753617685369,12:01:25.369,phemex,AERO/USDT:USDT,0.8978,971.0,0.8977,74.0,0.8981,60.0,0.8982,45.0
1753617685985,12:01:25.985,phemex,AERO/USDT:USDT,0.8978,971.0,0.8977,74.0,0.8981,60.0,0.8982,45.0
1753617687803,12:01:27.803,phemex,AERO/USDT:USDT,0.8978,971.0,0.8977,74.0,0.8981,60.0,0.8982,45.0
1753617687873,12:01:27.873,phemex,AERO/USDT:USDT,0.8978,971.0,0.8977,74.0,0.8981,60.0,0.8982,45.0
1753617687880,12:01:27.880,phemex,AERO/USDT:USDT,0.8978,971.0,0.8977,74.0,0.8981,60.0,0.8982,45.0
1753617689963,12:01:29.963,phemex,AERO/USDT:USDT,0.8978,971.0,0.8977,74.0,0.8982,45.0,0.8983,68.0
1753617690252,12:01:30.252,phemex,AERO/USDT:USDT,0.8978,971.0,0.8977,74.0,0.8982,177.0,0.8983,68.0
1753617691435,12:01:31.435,phemex,AERO/USDT:USDT,0.8978,134.0,0.8977,74.0,0.8983,68.0,0.8986,395.0
1753617691535,12:01:31.535,phemex,AERO/USDT:USDT,0.8978,134.0,0.8977,74.0,0.8983,136.0,0.8985,61.0
1753617691559,12:01:31.559,phemex,AERO/USDT:USDT,0.8978,134.0,0.8977,911.0,0.8983,136.0,0.8985,61.0
1753617691581,12:01:31.581,phemex,AERO/USDT:USDT,0.8978,134.0,0.8977,911.0,0.8985,61.0,0.8986,48.0
1753617691608,12:01:31.608,phemex,AERO/USDT:USDT,0.8978,134.0,0.8977,911.0,0.8985,61.0,0.8986,48.0
1753617691835,12:01:31.835,phemex,AERO/USDT:USDT,0.8978,134.0,0.8977,911.0,0.8985,61.0,0.8986,48.0
1753617691898,12:01:31.898,phemex,AERO/USDT:USDT,0.8978,134.0,0.8977,911.0,0.8985,130.0,0.8986,48.0
1753617691915,12:01:31.915,phemex,AERO/USDT:USDT,0.8978,134.0,0.8977,74.0,0.8985,130.0,0.8986,48.0
1753617691954,12:01:31.954,phemex,AERO/USDT:USDT,0.8978,134.0,0.8977,74.0,0.8985,130.0,0.8986,48.0
1753617691958,12:01:31.958,phemex,AERO/USDT:USDT,0.8978,134.0,0.8977,74.0,0.8985,130.0,0.8986,48.0
1753617692024,12:01:32.024,phemex,AERO/USDT:USDT,0.8978,134.0,0.8977,74.0,0.8985,130.0,0.8986,48.0
1753617692152,12:01:32.152,phemex,AERO/USDT:USDT,0.8979,837.0,0.8978,134.0,0.8986,48.0,0.8987,77.0
1753617692157,12:01:32.157,phemex,AERO/USDT:USDT,0.8979,837.0,0.8978,134.0,0.8986,48.0,0.8987,77.0
1753617692187,12:01:32.187,phemex,AERO/USDT:USDT,0.8979,837.0,0.8978,134.0,0.8986,48.0,0.8987,77.0
1753617692626,12:01:32.626,phemex,AERO/USDT:USDT,0.8979,837.0,0.8978,134.0,0.8986,48.0,0.8987,77.0
1753617692737,12:01:32.737,phemex,AERO/USDT:USDT,0.8979,837.0,0.8978,134.0,0.8986,48.0,0.8987,77.0
1753617694704,12:01:34.704,phemex,AERO/USDT:USDT,0.8985,74.0,0.8983,137.0,0.8986,48.0,0.8987,77.0
1753617694749,12:01:34.749,phemex,AERO/USDT:USDT,0.8985,74.0,0.8983,137.0,0.8986,48.0,0.8987,77.0
1753617694766,12:01:34.766,phemex,AERO/USDT:USDT,0.8985,74.0,0.8983,137.0,0.8986,48.0,0.8987,77.0
1753617696201,12:01:36.201,phemex,AERO/USDT:USDT,0.8985,74.0,0.8983,137.0,0.8986,48.0,0.8987,77.0
1753617696291,12:01:36.291,phemex,AERO/USDT:USDT,0.8985,74.0,0.8983,137.0,0.8986,48.0,0.8987,77.0
1753617696811,12:01:36.811,phemex,AERO/USDT:USDT,0.8985,74.0,0.8983,137.0,0.8987,77.0,0.8991,681.0
1753617696919,12:01:36.919,phemex,AERO/USDT:USDT,0.8983,207.0,0.8982,67.0,0.8987,77.0,0.8991,681.0
1753617696939,12:01:36.939,phemex,AERO/USDT:USDT,0.8983,207.0,0.8982,67.0,0.8987,77.0,0.8991,681.0
1753617696947,12:01:36.947,phemex,AERO/USDT:USDT,0.8983,207.0,0.8982,67.0,0.8987,77.0,0.8991,681.0
1753617697182,12:01:37.182,phemex,AERO/USDT:USDT,0.8983,207.0,0.8982,67.0,0.8987,77.0,0.8991,681.0
1753617697597,12:01:37.597,phemex,AERO/USDT:USDT,0.8983,207.0,0.8982,67.0,0.8991,681.0,0.8992,309.0
1753617697610,12:01:37.610,phemex,AERO/USDT:USDT,0.8983,207.0,0.8982,67.0,0.8991,681.0,0.8992,309.0
1753617697618,12:01:37.618,phemex,AERO/USDT:USDT,0.8983,207.0,0.8982,67.0,0.8991,681.0,0.8992,309.0
1753617698226,12:01:38.226,phemex,AERO/USDT:USDT,0.8983,207.0,0.8982,67.0,0.8986,83.0,0.8988,51.0
1753617698267,12:01:38.267,phemex,AERO/USDT:USDT,0.8983,207.0,0.8982,67.0,0.8986,83.0,0.8988,51.0
1753617698524,12:01:38.524,phemex,AERO/USDT:USDT,0.8983,207.0,0.8982,67.0,0.8988,51.0,0.8989,191.0
1753617698630,12:01:38.630,phemex,AERO/USDT:USDT,0.8983,207.0,0.8982,67.0,0.8988,51.0,0.8989,191.0
1753617698885,12:01:38.885,phemex,AERO/USDT:USDT,0.8983,207.0,0.8982,67.0,0.8988,51.0,0.8989,70.0
1753617698906,12:01:38.906,phemex,AERO/USDT:USDT,0.8983,207.0,0.8982,67.0,0.899,79.0,0.8991,67.0
1753617698943,12:01:38.943,phemex,AERO/USDT:USDT,0.8983,207.0,0.8982,67.0,0.899,79.0,0.8991,67.0
1753617698955,12:01:38.955,phemex,AERO/USDT:USDT,0.8983,207.0,0.8982,67.0,0.899,79.0,0.8991,67.0
1753617699037,12:01:39.037,phemex,AERO/USDT:USDT,0.8983,207.0,0.8982,67.0,0.899,79.0,0.8991,67.0
1753617699098,12:01:39.098,phemex,AERO/USDT:USDT,0.8983,207.0,0.8982,67.0,0.899,79.0,0.8991,67.0
1753617699112,12:01:39.112,phemex,AERO/USDT:USDT,0.8983,207.0,0.8982,67.0,0.899,79.0,0.8991,67.0
1753617699123,12:01:39.123,phemex,AERO/USDT:USDT,0.8983,207.0,0.8982,67.0,0.899,79.0,0.8991,67.0
1753617699149,12:01:39.149,phemex,AERO/USDT:USDT,0.8983,207.0,0.8982,67.0,0.899,79.0,0.8991,67.0
1753617699217,12:01:39.217,phemex,AERO/USDT:USDT,0.8983,207.0,0.8982,67.0,0.899,79.0,0.8991,67.0
1753617699231,12:01:39.231,phemex,AERO/USDT:USDT,0.8983,207.0,0.8982,67.0,0.899,79.0,0.8991,67.0
1753617699289,12:01:39.289,phemex,AERO/USDT:USDT,0.8983,207.0,0.8982,67.0,0.8991,67.0,0.8993,893.0
1753617699301,12:01:39.301,phemex,AERO/USDT:USDT,0.8983,207.0,0.8982,67.0,0.8991,129.0,0.8993,893.0
1753617699306,12:01:39.306,phemex,AERO/USDT:USDT,0.8983,207.0,0.8982,67.0,0.8991,129.0,0.8993,893.0
1753617699345,12:01:39.345,phemex,AERO/USDT:USDT,0.8983,207.0,0.8982,67.0,0.8991,129.0,0.8993,893.0
1753617699378,12:01:39.378,phemex,AERO/USDT:USDT,0.8983,207.0,0.8982,67.0,0.8991,129.0,0.8994,62.0
1753617699648,12:01:39.648,phemex,AERO/USDT:USDT,0.8983,207.0,0.8982,67.0,0.8991,129.0,0.8994,62.0
