timestamp,time,exchange,symbol,bid1_price,bid1_volume,bid2_price,bid2_volume,ask1_price,ask1_volume,ask2_price,ask2_volume
1753617151147,11:52:31.147,huobi,A/USDT:USDT,0.5767,43.0,0.5764,15.0,0.5771,42.0,0.5772,290.0
1753617163277,11:52:43.277,huobi,A/USDT:USDT,0.5767,43.0,0.5764,15.0,0.5771,42.0,0.5772,290.0
1753617166896,11:52:46.896,huobi,A/USDT:USDT,0.5767,43.0,0.5764,15.0,0.5771,42.0,0.5772,290.0
1753617166935,11:52:46.935,huobi,A/USDT:USDT,0.5767,43.0,0.5764,15.0,0.5771,42.0,0.5772,290.0
1753617166970,11:52:46.970,huobi,A/USDT:USDT,0.5767,43.0,0.5764,15.0,0.5771,42.0,0.5772,290.0
1753617171514,11:52:51.514,huobi,A/USDT:USDT,0.5767,43.0,0.5764,15.0,0.5771,42.0,0.5772,43.0
1753617171527,11:52:51.527,huobi,A/USDT:USDT,0.5767,43.0,0.5764,15.0,0.5772,43.0,0.5773,459.0
1753617171552,11:52:51.552,huobi,A/USDT:USDT,0.5767,43.0,0.5762,247.0,0.5772,43.0,0.5773,459.0
1753617171591,11:52:51.591,huobi,A/USDT:USDT,0.5767,43.0,0.5762,247.0,0.5772,43.0,0.5773,459.0
1753617171646,11:52:51.646,huobi,A/USDT:USDT,0.5767,43.0,0.5765,16.0,0.5772,43.0,0.5773,459.0
1753617171703,11:52:51.703,huobi,A/USDT:USDT,0.5767,43.0,0.5765,16.0,0.5772,43.0,0.5773,459.0
1753617171742,11:52:51.742,huobi,A/USDT:USDT,0.5767,43.0,0.5765,16.0,0.5772,43.0,0.5773,459.0
1753617172440,11:52:52.440,huobi,A/USDT:USDT,0.5767,43.0,0.5765,16.0,0.5772,43.0,0.5773,459.0
1753617176498,11:52:56.498,huobi,A/USDT:USDT,0.5767,43.0,0.5765,16.0,0.5772,43.0,0.5773,459.0
1753617181297,11:53:01.297,huobi,A/USDT:USDT,0.5767,43.0,0.5765,16.0,0.5772,43.0,0.5773,459.0
1753617183540,11:53:03.540,huobi,A/USDT:USDT,0.5767,43.0,0.5765,16.0,0.5772,43.0,0.5773,443.0
1753617183551,11:53:03.551,huobi,A/USDT:USDT,0.5767,43.0,0.5765,16.0,0.5772,43.0,0.5773,443.0
1753617183616,11:53:03.616,huobi,A/USDT:USDT,0.5767,43.0,0.5762,289.0,0.5772,43.0,0.5773,443.0
1753617183647,11:53:03.647,huobi,A/USDT:USDT,0.5767,43.0,0.5762,289.0,0.5772,43.0,0.5773,443.0
1753617183673,11:53:03.673,huobi,A/USDT:USDT,0.5767,43.0,0.5766,15.0,0.5772,43.0,0.5773,443.0
1753617183714,11:53:03.714,huobi,A/USDT:USDT,0.5767,43.0,0.5766,15.0,0.5772,43.0,0.5773,443.0
1753617183742,11:53:03.742,huobi,A/USDT:USDT,0.5767,43.0,0.5766,15.0,0.5772,43.0,0.5773,443.0
1753617183780,11:53:03.780,huobi,A/USDT:USDT,0.5767,43.0,0.5766,15.0,0.5772,43.0,0.5773,443.0
1753617183795,11:53:03.795,huobi,A/USDT:USDT,0.5767,43.0,0.5766,15.0,0.5772,43.0,0.5773,43.0
1753617183822,11:53:03.822,huobi,A/USDT:USDT,0.5767,43.0,0.5766,15.0,0.5772,43.0,0.5773,43.0
1753617183870,11:53:03.870,huobi,A/USDT:USDT,0.5767,43.0,0.5766,15.0,0.5773,43.0,0.5775,416.0
1753617183886,11:53:03.886,huobi,A/USDT:USDT,0.5767,43.0,0.5762,357.0,0.5773,43.0,0.5775,416.0
1753617183919,11:53:03.919,huobi,A/USDT:USDT,0.5767,58.0,0.5762,289.0,0.5773,43.0,0.5775,416.0
1753617183947,11:53:03.947,huobi,A/USDT:USDT,0.5767,58.0,0.5763,58.0,0.5773,43.0,0.5775,416.0
1753617183973,11:53:03.973,huobi,A/USDT:USDT,0.5767,58.0,0.5763,100.0,0.5773,43.0,0.5775,416.0
1753617184010,11:53:04.010,huobi,A/USDT:USDT,0.5768,42.0,0.5767,58.0,0.5773,43.0,0.5775,416.0
1753617184043,11:53:04.043,huobi,A/USDT:USDT,0.5768,42.0,0.5767,58.0,0.5773,43.0,0.5775,416.0
1753617184102,11:53:04.102,huobi,A/USDT:USDT,0.5768,42.0,0.5767,58.0,0.5773,43.0,0.5775,416.0
1753617184201,11:53:04.201,huobi,A/USDT:USDT,0.5768,289.0,0.5767,58.0,0.5773,43.0,0.5775,416.0
1753617184224,11:53:04.224,huobi,A/USDT:USDT,0.5769,42.0,0.5768,289.0,0.5773,43.0,0.5775,416.0
1753617184322,11:53:04.322,huobi,A/USDT:USDT,0.5769,42.0,0.5768,289.0,0.5773,43.0,0.5775,416.0
1753617184336,11:53:04.336,huobi,A/USDT:USDT,0.5769,289.0,0.5768,289.0,0.5773,43.0,0.5775,416.0
1753617184361,11:53:04.361,huobi,A/USDT:USDT,0.577,42.0,0.5769,42.0,0.5773,43.0,0.5775,416.0
1753617184442,11:53:04.442,huobi,A/USDT:USDT,0.577,42.0,0.5769,289.0,0.5773,43.0,0.5775,416.0
1753617185287,11:53:05.287,huobi,A/USDT:USDT,0.577,42.0,0.5769,289.0,0.5773,43.0,0.5775,416.0
1753617186100,11:53:06.100,huobi,A/USDT:USDT,0.577,42.0,0.5769,289.0,0.5773,43.0,0.5775,416.0
1753617187395,11:53:07.395,huobi,A/USDT:USDT,0.577,42.0,0.5769,289.0,0.5773,43.0,0.5775,416.0
1753617192441,11:53:12.441,huobi,A/USDT:USDT,0.577,42.0,0.5769,289.0,0.5773,43.0,0.5775,416.0
1753617192457,11:53:12.457,huobi,A/USDT:USDT,0.577,42.0,0.5769,289.0,0.5773,43.0,0.5775,416.0
1753617193826,11:53:13.826,huobi,A/USDT:USDT,0.577,42.0,0.5769,289.0,0.5773,43.0,0.5775,416.0
1753617198014,11:53:18.014,huobi,A/USDT:USDT,0.577,289.0,0.5769,289.0,0.5773,43.0,0.5775,416.0
1753617198039,11:53:18.039,huobi,A/USDT:USDT,0.5771,42.0,0.577,42.0,0.5773,43.0,0.5775,416.0
1753617198122,11:53:18.122,huobi,A/USDT:USDT,0.5771,42.0,0.577,289.0,0.5773,43.0,0.5775,416.0
1753617199280,11:53:19.280,huobi,A/USDT:USDT,0.5771,42.0,0.577,289.0,0.5773,43.0,0.5775,400.0
1753617199322,11:53:19.322,huobi,A/USDT:USDT,0.5771,42.0,0.577,289.0,0.5773,43.0,0.5775,400.0
1753617199348,11:53:19.348,huobi,A/USDT:USDT,0.5771,42.0,0.577,289.0,0.5773,43.0,0.5775,400.0
1753617199362,11:53:19.362,huobi,A/USDT:USDT,0.5771,42.0,0.577,289.0,0.5773,43.0,0.5775,400.0
1753617199389,11:53:19.389,huobi,A/USDT:USDT,0.5771,42.0,0.577,289.0,0.5773,43.0,0.5775,400.0
1753617199415,11:53:19.415,huobi,A/USDT:USDT,0.5771,42.0,0.577,289.0,0.5773,43.0,0.5775,400.0
1753617199446,11:53:19.446,huobi,A/USDT:USDT,0.5771,42.0,0.577,289.0,0.5773,43.0,0.5775,400.0
1753617200184,11:53:20.184,huobi,A/USDT:USDT,0.5771,42.0,0.577,289.0,0.5773,43.0,0.5775,400.0
1753617200215,11:53:20.215,huobi,A/USDT:USDT,0.5771,42.0,0.577,289.0,0.5773,43.0,0.5775,400.0
1753617200229,11:53:20.229,huobi,A/USDT:USDT,0.5771,42.0,0.577,289.0,0.5773,43.0,0.5775,400.0
1753617202351,11:53:22.351,huobi,A/USDT:USDT,0.5771,42.0,0.577,289.0,0.5773,43.0,0.5775,400.0
1753617204552,11:53:24.552,huobi,A/USDT:USDT,0.5771,42.0,0.577,42.0,0.5773,43.0,0.5775,400.0
1753617204574,11:53:24.574,huobi,A/USDT:USDT,0.5769,247.0,0.5768,42.0,0.5773,43.0,0.5775,400.0
1753617205272,11:53:25.272,huobi,A/USDT:USDT,0.577,43.0,0.5768,42.0,0.5773,43.0,0.5775,400.0
1753617205321,11:53:25.321,huobi,A/USDT:USDT,0.5768,289.0,0.5767,59.0,0.5773,43.0,0.5776,17.0
1753617205334,11:53:25.334,huobi,A/USDT:USDT,0.5769,43.0,0.5768,289.0,0.5773,43.0,0.5776,17.0
1753617205366,11:53:25.366,huobi,A/USDT:USDT,0.5769,43.0,0.5768,289.0,0.5773,43.0,0.5776,264.0
1753617205385,11:53:25.385,huobi,A/USDT:USDT,0.5769,43.0,0.5768,289.0,0.5773,43.0,0.5776,17.0
1753617205442,11:53:25.442,huobi,A/USDT:USDT,0.5769,43.0,0.5768,304.0,0.5773,43.0,0.5776,17.0
1753617206485,11:53:26.485,huobi,A/USDT:USDT,0.5769,43.0,0.5768,304.0,0.5773,43.0,0.5776,17.0
1753617206526,11:53:26.526,huobi,A/USDT:USDT,0.5769,43.0,0.5768,304.0,0.5773,43.0,0.5776,17.0
1753617207874,11:53:27.874,huobi,A/USDT:USDT,0.5769,43.0,0.5768,304.0,0.5776,17.0,0.5777,441.0
1753617207992,11:53:27.992,huobi,A/USDT:USDT,0.5769,43.0,0.5768,304.0,0.5775,43.0,0.5776,17.0
1753617210095,11:53:30.095,huobi,A/USDT:USDT,0.5769,43.0,0.5768,304.0,0.5775,43.0,0.5776,17.0
1753617210866,11:53:30.866,huobi,A/USDT:USDT,0.5769,43.0,0.5768,304.0,0.5775,43.0,0.5776,17.0
1753617211810,11:53:31.810,huobi,A/USDT:USDT,0.5769,43.0,0.5768,304.0,0.5775,43.0,0.5776,17.0
1753617211852,11:53:31.852,huobi,A/USDT:USDT,0.5769,43.0,0.5768,304.0,0.5775,43.0,0.5777,441.0
1753617211884,11:53:31.884,huobi,A/USDT:USDT,0.5769,43.0,0.5768,304.0,0.5775,43.0,0.5777,441.0
1753617211896,11:53:31.896,huobi,A/USDT:USDT,0.5769,43.0,0.5768,304.0,0.5775,43.0,0.5777,457.0
1753617211924,11:53:31.924,huobi,A/USDT:USDT,0.5769,43.0,0.5768,289.0,0.5775,43.0,0.5777,457.0
1753617211956,11:53:31.956,huobi,A/USDT:USDT,0.5769,43.0,0.5768,289.0,0.5775,43.0,0.5777,457.0
1753617211998,11:53:31.998,huobi,A/USDT:USDT,0.577,42.0,0.5769,59.0,0.5775,43.0,0.5777,457.0
1753617212075,11:53:32.075,huobi,A/USDT:USDT,0.577,42.0,0.5769,306.0,0.5775,43.0,0.5777,457.0
1753617212126,11:53:32.126,huobi,A/USDT:USDT,0.577,42.0,0.5769,306.0,0.5775,43.0,0.5777,457.0
1753617212152,11:53:32.152,huobi,A/USDT:USDT,0.577,42.0,0.5769,306.0,0.5775,43.0,0.5777,457.0
1753617212204,11:53:32.204,huobi,A/USDT:USDT,0.577,289.0,0.5769,306.0,0.5775,43.0,0.5777,457.0
1753617212316,11:53:32.316,huobi,A/USDT:USDT,0.5771,42.0,0.577,289.0,0.5775,43.0,0.5777,457.0
1753617212345,11:53:32.345,huobi,A/USDT:USDT,0.5772,42.0,0.5771,289.0,0.5775,43.0,0.5777,457.0
1753617212439,11:53:32.439,huobi,A/USDT:USDT,0.5772,42.0,0.5771,42.0,0.5775,43.0,0.5777,457.0
1753617212464,11:53:32.464,huobi,A/USDT:USDT,0.5772,42.0,0.5771,42.0,0.5775,43.0,0.5777,457.0
1753617212504,11:53:32.504,huobi,A/USDT:USDT,0.5771,42.0,0.577,289.0,0.5775,43.0,0.5777,457.0
1753617212587,11:53:32.587,huobi,A/USDT:USDT,0.5771,42.0,0.577,289.0,0.5775,43.0,0.5777,457.0
1753617213005,11:53:33.005,huobi,A/USDT:USDT,0.5771,42.0,0.577,289.0,0.5775,43.0,0.5777,457.0
1753617213050,11:53:33.050,huobi,A/USDT:USDT,0.5771,42.0,0.577,42.0,0.5775,43.0,0.5777,457.0
1753617215124,11:53:35.124,huobi,A/USDT:USDT,0.577,42.0,0.5769,59.0,0.5775,43.0,0.5777,457.0
1753617215788,11:53:35.788,huobi,A/USDT:USDT,0.577,42.0,0.5769,59.0,0.5775,43.0,0.5777,457.0
1753617215835,11:53:35.835,huobi,A/USDT:USDT,0.577,42.0,0.5769,59.0,0.5775,43.0,0.5777,457.0
1753617215885,11:53:35.885,huobi,A/USDT:USDT,0.577,42.0,0.5769,59.0,0.5775,43.0,0.5777,441.0
1753617215925,11:53:35.925,huobi,A/USDT:USDT,0.577,42.0,0.5769,59.0,0.5775,43.0,0.5777,441.0
1753617216001,11:53:36.001,huobi,A/USDT:USDT,0.577,42.0,0.5769,59.0,0.5775,43.0,0.5777,441.0
1753617216017,11:53:36.017,huobi,A/USDT:USDT,0.577,42.0,0.5769,59.0,0.5775,43.0,0.5777,441.0
1753617217283,11:53:37.283,huobi,A/USDT:USDT,0.577,42.0,0.5769,59.0,0.5775,43.0,0.5777,441.0
1753617217569,11:53:37.569,huobi,A/USDT:USDT,0.577,42.0,0.5769,59.0,0.5775,43.0,0.5777,441.0
1753617217644,11:53:37.644,huobi,A/USDT:USDT,0.577,42.0,0.5769,59.0,0.5775,43.0,0.5777,441.0
1753617218062,11:53:38.062,huobi,A/USDT:USDT,0.577,42.0,0.5769,59.0,0.5775,43.0,0.5777,42.0
1753617218076,11:53:38.076,huobi,A/USDT:USDT,0.577,42.0,0.5769,59.0,0.5777,42.0,0.5778,14.0
1753617218128,11:53:38.128,huobi,A/USDT:USDT,0.577,42.0,0.5769,59.0,0.5777,42.0,0.5778,261.0
1753617218561,11:53:38.561,huobi,A/USDT:USDT,0.577,42.0,0.5769,59.0,0.5777,42.0,0.5778,14.0
1753617218613,11:53:38.613,huobi,A/USDT:USDT,0.577,42.0,0.5769,43.0,0.5777,42.0,0.5778,14.0
1753617218625,11:53:38.625,huobi,A/USDT:USDT,0.577,42.0,0.5769,43.0,0.5777,42.0,0.5778,14.0
1753617218644,11:53:38.644,huobi,A/USDT:USDT,0.577,16.0,0.5769,43.0,0.5777,42.0,0.5779,442.0
1753617218713,11:53:38.713,huobi,A/USDT:USDT,0.577,16.0,0.5769,43.0,0.5777,42.0,0.5779,442.0
1753617218738,11:53:38.738,huobi,A/USDT:USDT,0.5769,43.0,0.5768,247.0,0.5777,42.0,0.5779,459.0
1753617218767,11:53:38.767,huobi,A/USDT:USDT,0.5771,17.0,0.5769,43.0,0.5777,42.0,0.5779,459.0
1753617218821,11:53:38.821,huobi,A/USDT:USDT,0.5772,41.0,0.5771,17.0,0.5777,42.0,0.5779,459.0
1753617218832,11:53:38.832,huobi,A/USDT:USDT,0.5772,41.0,0.5771,17.0,0.5777,42.0,0.5779,459.0
1753617218857,11:53:38.857,huobi,A/USDT:USDT,0.5772,41.0,0.5771,17.0,0.5777,42.0,0.5779,459.0
1753617218991,11:53:38.991,huobi,A/USDT:USDT,0.5772,41.0,0.5771,17.0,0.5777,42.0,0.5779,459.0
1753617219384,11:53:39.384,huobi,A/USDT:USDT,0.5772,41.0,0.5771,17.0,0.5777,42.0,0.5779,459.0
1753617221513,11:53:41.513,huobi,A/USDT:USDT,0.5772,41.0,0.5771,17.0,0.5777,42.0,0.5779,459.0
1753617221533,11:53:41.533,huobi,A/USDT:USDT,0.5772,41.0,0.5771,17.0,0.5777,42.0,0.5779,459.0
1753617227096,11:53:47.096,huobi,A/USDT:USDT,0.5772,41.0,0.5771,17.0,0.5777,42.0,0.5779,459.0
1753617227141,11:53:47.141,huobi,A/USDT:USDT,0.5772,41.0,0.5771,17.0,0.5777,42.0,0.5779,459.0
1753617227198,11:53:47.198,huobi,A/USDT:USDT,0.5772,41.0,0.5771,17.0,0.5777,42.0,0.5779,459.0
1753617227259,11:53:47.259,huobi,A/USDT:USDT,0.5772,41.0,0.5771,17.0,0.5777,42.0,0.5779,459.0
1753617227311,11:53:47.311,huobi,A/USDT:USDT,0.5772,41.0,0.5771,17.0,0.5777,42.0,0.5779,442.0
1753617230277,11:53:50.277,huobi,A/USDT:USDT,0.5772,41.0,0.5771,17.0,0.5777,42.0,0.5779,442.0
1753617230301,11:53:50.301,huobi,A/USDT:USDT,0.5772,41.0,0.5771,17.0,0.5777,42.0,0.5779,442.0
1753617230329,11:53:50.329,huobi,A/USDT:USDT,0.5772,41.0,0.5771,17.0,0.5777,42.0,0.5779,442.0
1753617232161,11:53:52.161,huobi,A/USDT:USDT,0.5772,41.0,0.5771,17.0,0.5777,42.0,0.5779,442.0
1753617232184,11:53:52.184,huobi,A/USDT:USDT,0.5772,41.0,0.5771,17.0,0.5777,42.0,0.5779,442.0
1753617232276,11:53:52.276,huobi,A/USDT:USDT,0.5775,4.0,0.5772,41.0,0.5777,42.0,0.5779,442.0
1753617232297,11:53:52.297,huobi,A/USDT:USDT,0.5775,42.0,0.5772,41.0,0.5777,42.0,0.5779,442.0
1753617232329,11:53:52.329,huobi,A/USDT:USDT,0.5772,41.0,0.5771,17.0,0.5777,42.0,0.5779,442.0
1753617232424,11:53:52.424,huobi,A/USDT:USDT,0.5774,42.0,0.5773,247.0,0.5777,42.0,0.5779,442.0
1753617234280,11:53:54.280,huobi,A/USDT:USDT,0.5774,42.0,0.5773,247.0,0.5777,42.0,0.5779,442.0
1753617236110,11:53:56.110,huobi,A/USDT:USDT,0.5774,42.0,0.5773,247.0,0.5777,42.0,0.5779,442.0
1753617236195,11:53:56.195,huobi,A/USDT:USDT,0.5774,42.0,0.5773,247.0,0.5777,42.0,0.5779,442.0
1753617236232,11:53:56.232,huobi,A/USDT:USDT,0.5774,42.0,0.5773,247.0,0.5777,42.0,0.5779,442.0
1753617236265,11:53:56.265,huobi,A/USDT:USDT,0.5774,42.0,0.5773,247.0,0.5777,42.0,0.5779,442.0
1753617236315,11:53:56.315,huobi,A/USDT:USDT,0.5774,42.0,0.5773,247.0,0.5777,42.0,0.5779,442.0
1753617236421,11:53:56.421,huobi,A/USDT:USDT,0.5774,42.0,0.5773,247.0,0.5777,42.0,0.5779,442.0
1753617236437,11:53:56.437,huobi,A/USDT:USDT,0.5774,42.0,0.5773,247.0,0.5777,42.0,0.5779,442.0
1753617239919,11:53:59.919,huobi,A/USDT:USDT,0.5774,42.0,0.5773,247.0,0.5777,42.0,0.5779,442.0
1753617239951,11:53:59.951,huobi,A/USDT:USDT,0.5774,42.0,0.5773,247.0,0.5777,42.0,0.5779,442.0
1753617240684,11:54:00.684,huobi,A/USDT:USDT,0.5774,42.0,0.5773,247.0,0.5777,42.0,0.5779,442.0
1753617242046,11:54:02.046,huobi,A/USDT:USDT,0.5774,42.0,0.5772,15.0,0.5777,42.0,0.5779,442.0
1753617242140,11:54:02.140,huobi,A/USDT:USDT,0.5774,42.0,0.5772,15.0,0.5777,42.0,0.5779,442.0
1753617242200,11:54:02.200,huobi,A/USDT:USDT,0.5774,42.0,0.5769,247.0,0.5777,42.0,0.5779,442.0
1753617242284,11:54:02.284,huobi,A/USDT:USDT,0.5774,42.0,0.5769,247.0,0.5777,42.0,0.5779,442.0
1753617242350,11:54:02.350,huobi,A/USDT:USDT,0.5774,42.0,0.5771,17.0,0.5777,42.0,0.5779,442.0
1753617242475,11:54:02.475,huobi,A/USDT:USDT,0.5774,42.0,0.5771,17.0,0.5777,42.0,0.5779,457.0
1753617246037,11:54:06.037,huobi,A/USDT:USDT,0.5774,42.0,0.5771,17.0,0.5777,42.0,0.5779,457.0
1753617246069,11:54:06.069,huobi,A/USDT:USDT,0.5774,42.0,0.5771,17.0,0.5777,42.0,0.5779,457.0
1753617249503,11:54:09.503,huobi,A/USDT:USDT,0.5774,42.0,0.5771,17.0,0.5777,42.0,0.5779,457.0
1753617249559,11:54:09.559,huobi,A/USDT:USDT,0.5774,42.0,0.5771,17.0,0.5777,42.0,0.5779,457.0
1753617249575,11:54:09.575,huobi,A/USDT:USDT,0.5774,42.0,0.5771,17.0,0.5777,42.0,0.5779,457.0
1753617251327,11:54:11.327,huobi,A/USDT:USDT,0.5774,42.0,0.5771,17.0,0.5777,42.0,0.5779,457.0
1753617254298,11:54:14.298,huobi,A/USDT:USDT,0.5774,42.0,0.5771,17.0,0.5777,42.0,0.5779,457.0
1753617254315,11:54:14.315,huobi,A/USDT:USDT,0.5774,42.0,0.5771,17.0,0.5777,42.0,0.5779,457.0
1753617263900,11:54:23.900,huobi,A/USDT:USDT,0.5774,42.0,0.5771,17.0,0.5777,42.0,0.5779,457.0
1753617263916,11:54:23.916,huobi,A/USDT:USDT,0.5774,42.0,0.5771,17.0,0.5777,42.0,0.5779,457.0
1753617278886,11:54:38.886,huobi,A/USDT:USDT,0.5774,42.0,0.5771,17.0,0.5777,42.0,0.5778,247.0
1753617278939,11:54:38.939,huobi,A/USDT:USDT,0.5774,42.0,0.577,16.0,0.5777,42.0,0.5778,247.0
1753617278945,11:54:38.945,huobi,A/USDT:USDT,0.5774,42.0,0.577,16.0,0.5777,42.0,0.5778,247.0
1753617278990,11:54:38.990,huobi,A/USDT:USDT,0.5774,42.0,0.577,16.0,0.5777,42.0,0.5778,247.0
1753617279013,11:54:39.013,huobi,A/USDT:USDT,0.5774,42.0,0.577,16.0,0.5777,42.0,0.5778,262.0
1753617279043,11:54:39.043,huobi,A/USDT:USDT,0.5774,42.0,0.577,16.0,0.5777,42.0,0.5778,262.0
1753617279313,11:54:39.313,huobi,A/USDT:USDT,0.5774,42.0,0.577,16.0,0.5777,42.0,0.5778,262.0
1753617279338,11:54:39.338,huobi,A/USDT:USDT,0.5774,42.0,0.577,16.0,0.5777,42.0,0.5778,262.0
1753617280661,11:54:40.661,huobi,A/USDT:USDT,0.577,16.0,0.5768,247.0,0.5777,42.0,0.5778,262.0
1753617280687,11:54:40.687,huobi,A/USDT:USDT,0.5771,42.0,0.577,16.0,0.5777,42.0,0.5778,262.0
1753617280724,11:54:40.724,huobi,A/USDT:USDT,0.5771,42.0,0.577,16.0,0.5777,42.0,0.5778,262.0
1753617280765,11:54:40.765,huobi,A/USDT:USDT,0.5771,42.0,0.5768,247.0,0.5777,42.0,0.5778,262.0
1753617280789,11:54:40.789,huobi,A/USDT:USDT,0.5771,42.0,0.5768,247.0,0.5777,42.0,0.5778,262.0
1753617280831,11:54:40.831,huobi,A/USDT:USDT,0.5771,42.0,0.5769,16.0,0.5777,42.0,0.5778,262.0
1753617280847,11:54:40.847,huobi,A/USDT:USDT,0.5771,42.0,0.5769,16.0,0.5777,42.0,0.5778,262.0
1753617281453,11:54:41.453,huobi,A/USDT:USDT,0.5771,42.0,0.5769,16.0,0.5777,42.0,0.5778,262.0
1753617281465,11:54:41.465,huobi,A/USDT:USDT,0.5771,42.0,0.5769,16.0,0.5777,42.0,0.5778,262.0
1753617283099,11:54:43.099,huobi,A/USDT:USDT,0.5771,42.0,0.5769,16.0,0.5777,42.0,0.5778,262.0
1753617283612,11:54:43.612,huobi,A/USDT:USDT,0.5771,42.0,0.5769,16.0,0.5777,42.0,0.5778,262.0
1753617284687,11:54:44.687,huobi,A/USDT:USDT,0.5772,38.0,0.5771,42.0,0.5777,42.0,0.5778,262.0
1753617284932,11:54:44.932,huobi,A/USDT:USDT,0.5773,42.0,0.5771,42.0,0.5777,42.0,0.5778,262.0
1753617284946,11:54:44.946,huobi,A/USDT:USDT,0.5771,42.0,0.5769,16.0,0.5777,42.0,0.5778,262.0
1753617285315,11:54:45.315,huobi,A/USDT:USDT,0.5772,38.0,0.5771,42.0,0.5777,42.0,0.5778,262.0
1753617285410,11:54:45.410,huobi,A/USDT:USDT,0.5773,42.0,0.5771,42.0,0.5777,42.0,0.5778,262.0
1753617285497,11:54:45.497,huobi,A/USDT:USDT,0.5771,42.0,0.5769,16.0,0.5777,42.0,0.5778,262.0
1753617285627,11:54:45.627,huobi,A/USDT:USDT,0.5771,42.0,0.5769,16.0,0.5777,42.0,0.5778,15.0
1753617285660,11:54:45.660,huobi,A/USDT:USDT,0.5772,69.0,0.5771,42.0,0.5777,42.0,0.5778,15.0
1753617285674,11:54:45.674,huobi,A/USDT:USDT,0.5773,42.0,0.5772,69.0,0.5777,42.0,0.5778,15.0
1753617285739,11:54:45.739,huobi,A/USDT:USDT,0.5773,42.0,0.5771,42.0,0.5777,42.0,0.5778,15.0
1753617285833,11:54:45.833,huobi,A/USDT:USDT,0.5772,247.0,0.5771,42.0,0.5777,42.0,0.5778,15.0
1753617285850,11:54:45.850,huobi,A/USDT:USDT,0.5771,42.0,0.5769,16.0,0.5777,42.0,0.5778,15.0
1753617285883,11:54:45.883,huobi,A/USDT:USDT,0.5772,247.0,0.5771,42.0,0.5777,42.0,0.5778,15.0
1753617287900,11:54:47.900,huobi,A/USDT:USDT,0.5773,42.0,0.5772,247.0,0.5777,42.0,0.5778,15.0
1753617287915,11:54:47.915,huobi,A/USDT:USDT,0.5773,42.0,0.5772,247.0,0.5777,42.0,0.5778,15.0
1753617290299,11:54:50.299,huobi,A/USDT:USDT,0.5773,42.0,0.5772,247.0,0.5777,42.0,0.5778,15.0
1753617290322,11:54:50.322,huobi,A/USDT:USDT,0.5773,42.0,0.5772,247.0,0.5777,42.0,0.5778,15.0
1753617290372,11:54:50.372,huobi,A/USDT:USDT,0.5773,42.0,0.5772,247.0,0.5777,42.0,0.5778,15.0
1753617292705,11:54:52.705,huobi,A/USDT:USDT,0.5773,42.0,0.5772,247.0,0.5777,42.0,0.5778,15.0
1753617292729,11:54:52.729,huobi,A/USDT:USDT,0.5773,42.0,0.5772,247.0,0.5777,42.0,0.5778,15.0
1753617295307,11:54:55.307,huobi,A/USDT:USDT,0.5773,42.0,0.5772,247.0,0.5777,42.0,0.5778,262.0
1753617297497,11:54:57.497,huobi,A/USDT:USDT,0.5773,42.0,0.5772,247.0,0.5777,42.0,0.5778,262.0
1753617302299,11:55:02.299,huobi,A/USDT:USDT,0.5773,42.0,0.5772,247.0,0.5777,42.0,0.5778,262.0
1753617304703,11:55:04.703,huobi,A/USDT:USDT,0.5773,42.0,0.5772,247.0,0.5777,42.0,0.5778,262.0
1753617304769,11:55:04.769,huobi,A/USDT:USDT,0.5773,42.0,0.5772,247.0,0.5777,42.0,0.5778,262.0
1753617314754,11:55:14.754,huobi,A/USDT:USDT,0.5773,42.0,0.5771,42.0,0.5777,42.0,0.5778,262.0
1753617314767,11:55:14.767,huobi,A/USDT:USDT,0.5771,42.0,0.577,16.0,0.5777,42.0,0.5778,262.0
1753617314837,11:55:14.837,huobi,A/USDT:USDT,0.5771,42.0,0.5766,101.0,0.5777,42.0,0.5778,262.0
1753617314857,11:55:14.857,huobi,A/USDT:USDT,0.5771,42.0,0.5766,101.0,0.5777,42.0,0.5778,247.0
1753617314887,11:55:14.887,huobi,A/USDT:USDT,0.5772,10.0,0.5771,42.0,0.5777,42.0,0.5778,247.0
1753617314915,11:55:14.915,huobi,A/USDT:USDT,0.5773,43.0,0.5772,10.0,0.5777,56.0,0.5778,247.0
1753617314971,11:55:14.971,huobi,A/USDT:USDT,0.5773,43.0,0.5771,42.0,0.5776,43.0,0.5777,56.0
1753617314976,11:55:14.976,huobi,A/USDT:USDT,0.5773,43.0,0.5771,42.0,0.5776,43.0,0.5777,56.0
1753617315039,11:55:15.039,huobi,A/USDT:USDT,0.5773,43.0,0.5771,42.0,0.5776,43.0,0.5777,56.0
1753617315120,11:55:15.120,huobi,A/USDT:USDT,0.5771,42.0,0.5769,15.0,0.5776,43.0,0.5777,56.0
1753617316701,11:55:16.701,huobi,A/USDT:USDT,0.5771,42.0,0.5769,15.0,0.5776,43.0,0.5777,56.0
1753617316721,11:55:16.721,huobi,A/USDT:USDT,0.5771,42.0,0.5769,15.0,0.5776,43.0,0.5777,56.0
1753617319983,11:55:19.983,huobi,A/USDT:USDT,0.5771,42.0,0.5769,15.0,0.5776,43.0,0.5777,56.0
1753617319987,11:55:19.987,huobi,A/USDT:USDT,0.5771,42.0,0.5767,247.0,0.5776,43.0,0.5777,56.0
1753617320032,11:55:20.032,huobi,A/USDT:USDT,0.5771,42.0,0.5766,41.0,0.5776,43.0,0.5777,56.0
1753617320047,11:55:20.047,huobi,A/USDT:USDT,0.5768,16.0,0.5766,41.0,0.5776,43.0,0.5777,56.0
1753617320082,11:55:20.082,huobi,A/USDT:USDT,0.5769,43.0,0.5768,16.0,0.5776,43.0,0.5777,56.0
1753617320108,11:55:20.108,huobi,A/USDT:USDT,0.5769,43.0,0.5768,16.0,0.5776,43.0,0.5777,42.0
1753617320139,11:55:20.139,huobi,A/USDT:USDT,0.5769,43.0,0.5768,16.0,0.5776,15.0,0.5777,42.0
1753617320175,11:55:20.175,huobi,A/USDT:USDT,0.5769,43.0,0.5766,41.0,0.5774,43.0,0.5775,398.0
1753617320205,11:55:20.205,huobi,A/USDT:USDT,0.5769,43.0,0.5766,41.0,0.5774,43.0,0.5775,398.0
1753617320227,11:55:20.227,huobi,A/USDT:USDT,0.5769,43.0,0.5766,41.0,0.5774,43.0,0.5775,414.0
1753617320270,11:55:20.270,huobi,A/USDT:USDT,0.5767,16.0,0.5766,41.0,0.5774,290.0,0.5775,414.0
1753617320286,11:55:20.286,huobi,A/USDT:USDT,0.5767,16.0,0.5766,41.0,0.5773,43.0,0.5774,43.0
1753617320322,11:55:20.322,huobi,A/USDT:USDT,0.5766,41.0,0.5765,399.0,0.5773,43.0,0.5774,43.0
1753617320355,11:55:20.355,huobi,A/USDT:USDT,0.5768,43.0,0.5766,288.0,0.5773,43.0,0.5774,60.0
1753617320385,11:55:20.385,huobi,A/USDT:USDT,0.5766,288.0,0.5765,399.0,0.5773,43.0,0.5774,60.0
1753617320438,11:55:20.438,huobi,A/USDT:USDT,0.5766,304.0,0.5765,399.0,0.5773,43.0,0.5774,60.0
1753617320469,11:55:20.469,huobi,A/USDT:USDT,0.5767,290.0,0.5766,304.0,0.5773,43.0,0.5774,60.0
1753617320505,11:55:20.505,huobi,A/USDT:USDT,0.5767,290.0,0.5766,304.0,0.5773,43.0,0.5774,60.0
1753617320566,11:55:20.566,huobi,A/USDT:USDT,0.5768,43.0,0.5767,290.0,0.5773,43.0,0.5774,60.0
1753617320613,11:55:20.613,huobi,A/USDT:USDT,0.5768,290.0,0.5767,290.0,0.5773,43.0,0.5774,60.0
1753617320637,11:55:20.637,huobi,A/USDT:USDT,0.5769,43.0,0.5768,290.0,0.5773,43.0,0.5774,60.0
1753617320724,11:55:20.724,huobi,A/USDT:USDT,0.5769,43.0,0.5768,290.0,0.5773,43.0,0.5774,60.0
1753617320745,11:55:20.745,huobi,A/USDT:USDT,0.5769,290.0,0.5768,290.0,0.5773,43.0,0.5774,60.0
1753617320780,11:55:20.780,huobi,A/USDT:USDT,0.577,43.0,0.5769,43.0,0.5773,43.0,0.5774,60.0
1753617320852,11:55:20.852,huobi,A/USDT:USDT,0.577,43.0,0.5769,290.0,0.5773,43.0,0.5774,60.0
1753617320870,11:55:20.870,huobi,A/USDT:USDT,0.577,43.0,0.5769,43.0,0.5773,43.0,0.5774,60.0
1753617320888,11:55:20.888,huobi,A/USDT:USDT,0.577,43.0,0.5769,43.0,0.5773,43.0,0.5774,307.0
1753617320919,11:55:20.919,huobi,A/USDT:USDT,0.577,43.0,0.5769,43.0,0.5773,43.0,0.5774,307.0
1753617320946,11:55:20.946,huobi,A/USDT:USDT,0.5767,43.0,0.5766,57.0,0.5773,43.0,0.5774,307.0
1753617320977,11:55:20.977,huobi,A/USDT:USDT,0.5767,43.0,0.5766,57.0,0.5773,43.0,0.5774,307.0
1753617321020,11:55:21.020,huobi,A/USDT:USDT,0.5767,43.0,0.5766,41.0,0.5773,43.0,0.5774,307.0
1753617321037,11:55:21.037,huobi,A/USDT:USDT,0.5766,41.0,0.5765,17.0,0.5773,43.0,0.5774,307.0
1753617321069,11:55:21.069,huobi,A/USDT:USDT,0.5766,43.0,0.5765,17.0,0.5773,43.0,0.5774,307.0
1753617321174,11:55:21.174,huobi,A/USDT:USDT,0.5766,43.0,0.5765,17.0,0.5773,43.0,0.5774,307.0
1753617321188,11:55:21.188,huobi,A/USDT:USDT,0.5766,43.0,0.5765,264.0,0.5773,43.0,0.5774,307.0
1753617321297,11:55:21.297,huobi,A/USDT:USDT,0.5766,43.0,0.5765,264.0,0.5773,43.0,0.5774,307.0
1753617321738,11:55:21.738,huobi,A/USDT:USDT,0.5766,43.0,0.5765,264.0,0.5773,43.0,0.5774,307.0
1753617321762,11:55:21.762,huobi,A/USDT:USDT,0.5766,43.0,0.5765,17.0,0.5773,43.0,0.5774,307.0
1753617321788,11:55:21.788,huobi,A/USDT:USDT,0.5766,43.0,0.5765,264.0,0.5773,43.0,0.5774,307.0
1753617321884,11:55:21.884,huobi,A/USDT:USDT,0.5766,43.0,0.5765,264.0,0.5773,43.0,0.5774,307.0
1753617322238,11:55:22.238,huobi,A/USDT:USDT,0.5766,43.0,0.5765,264.0,0.5773,43.0,0.5774,307.0
1753617322903,11:55:22.903,huobi,A/USDT:USDT,0.5766,43.0,0.5765,264.0,0.5773,43.0,0.5774,307.0
1753617323077,11:55:23.077,huobi,A/USDT:USDT,0.5766,43.0,0.5765,17.0,0.5773,43.0,0.5774,307.0
1753617323105,11:55:23.105,huobi,A/USDT:USDT,0.5766,43.0,0.5765,264.0,0.5773,43.0,0.5774,307.0
1753617323135,11:55:23.135,huobi,A/USDT:USDT,0.5766,43.0,0.5765,264.0,0.5773,43.0,0.5774,307.0
1753617324307,11:55:24.307,huobi,A/USDT:USDT,0.5766,43.0,0.5765,17.0,0.5773,43.0,0.5774,307.0
1753617324347,11:55:24.347,huobi,A/USDT:USDT,0.5766,43.0,0.5765,264.0,0.5773,43.0,0.5774,307.0
1753617327700,11:55:27.700,huobi,A/USDT:USDT,0.5766,43.0,0.5765,264.0,0.5773,43.0,0.5774,307.0
1753617327728,11:55:27.728,huobi,A/USDT:USDT,0.5766,43.0,0.5765,17.0,0.5773,43.0,0.5774,307.0
1753617327850,11:55:27.850,huobi,A/USDT:USDT,0.5766,43.0,0.5765,264.0,0.5773,43.0,0.5774,307.0
1753617328620,11:55:28.620,huobi,A/USDT:USDT,0.5766,43.0,0.5765,264.0,0.5773,43.0,0.5774,307.0
1753617330036,11:55:30.036,huobi,A/USDT:USDT,0.5766,43.0,0.5765,17.0,0.5773,43.0,0.5774,307.0
1753617330070,11:55:30.070,huobi,A/USDT:USDT,0.5766,43.0,0.5765,264.0,0.5773,43.0,0.5774,307.0
1753617330677,11:55:30.677,huobi,A/USDT:USDT,0.5766,43.0,0.5765,264.0,0.5773,43.0,0.5774,307.0
1753617330706,11:55:30.706,huobi,A/USDT:USDT,0.5766,43.0,0.5765,264.0,0.5773,43.0,0.5774,290.0
1753617330725,11:55:30.725,huobi,A/USDT:USDT,0.5766,43.0,0.5765,17.0,0.5773,43.0,0.5774,290.0
1753617330757,11:55:30.757,huobi,A/USDT:USDT,0.5766,43.0,0.5765,17.0,0.5772,42.0,0.5773,58.0
1753617330797,11:55:30.797,huobi,A/USDT:USDT,0.5766,43.0,0.5765,264.0,0.5772,42.0,0.5773,58.0
1753617330839,11:55:30.839,huobi,A/USDT:USDT,0.5766,43.0,0.5765,264.0,0.5772,42.0,0.5773,305.0
1753617330850,11:55:30.850,huobi,A/USDT:USDT,0.5766,43.0,0.5765,264.0,0.5772,42.0,0.5773,58.0
1753617330879,11:55:30.879,huobi,A/USDT:USDT,0.5766,43.0,0.5765,264.0,0.5772,42.0,0.5773,58.0
1753617330922,11:55:30.922,huobi,A/USDT:USDT,0.5766,43.0,0.5765,264.0,0.5772,42.0,0.5773,305.0
1753617332501,11:55:32.501,huobi,A/USDT:USDT,0.5766,43.0,0.5765,264.0,0.5772,42.0,0.5773,305.0
1753617332882,11:55:32.882,huobi,A/USDT:USDT,0.5766,43.0,0.5765,264.0,0.5772,42.0,0.5773,305.0
1753617335013,11:55:35.013,huobi,A/USDT:USDT,0.5766,43.0,0.5765,264.0,0.5772,42.0,0.5773,305.0
1753617337375,11:55:37.375,huobi,A/USDT:USDT,0.5766,43.0,0.5765,264.0,0.5772,42.0,0.5773,305.0
1753617337422,11:55:37.422,huobi,A/USDT:USDT,0.5766,43.0,0.5765,264.0,0.5772,42.0,0.5773,305.0
1753617341309,11:55:41.309,huobi,A/USDT:USDT,0.5766,43.0,0.5765,17.0,0.5772,42.0,0.5773,305.0
1753617341404,11:55:41.404,huobi,A/USDT:USDT,0.5766,43.0,0.5765,17.0,0.5772,42.0,0.5773,305.0
1753617341417,11:55:41.417,huobi,A/USDT:USDT,0.5766,43.0,0.5765,264.0,0.5772,42.0,0.5773,305.0
1753617341525,11:55:41.525,huobi,A/USDT:USDT,0.5766,43.0,0.5765,264.0,0.5772,42.0,0.5773,305.0
1753617342605,11:55:42.605,huobi,A/USDT:USDT,0.5766,43.0,0.5765,17.0,0.5772,42.0,0.5773,305.0
1753617342636,11:55:42.636,huobi,A/USDT:USDT,0.5766,43.0,0.5764,43.0,0.5772,42.0,0.5773,305.0
1753617342710,11:55:42.710,huobi,A/USDT:USDT,0.5764,43.0,0.5763,441.0,0.5772,42.0,0.5773,305.0
1753617342728,11:55:42.728,huobi,A/USDT:USDT,0.5764,306.0,0.5763,441.0,0.5772,42.0,0.5773,305.0
1753617342773,11:55:42.773,huobi,A/USDT:USDT,0.5765,43.0,0.5764,306.0,0.5772,42.0,0.5773,305.0
1753617342817,11:55:42.817,huobi,A/USDT:USDT,0.5765,43.0,0.5764,306.0,0.5772,42.0,0.5773,305.0
1753617343611,11:55:43.611,huobi,A/USDT:USDT,0.5765,43.0,0.5764,306.0,0.5772,42.0,0.5773,305.0
1753617345147,11:55:45.147,huobi,A/USDT:USDT,0.5765,43.0,0.5764,306.0,0.5772,289.0,0.5773,305.0
1753617345163,11:55:45.163,huobi,A/USDT:USDT,0.5765,43.0,0.5764,306.0,0.5771,43.0,0.5772,289.0
1753617345256,11:55:45.256,huobi,A/USDT:USDT,0.5765,43.0,0.5764,306.0,0.5771,43.0,0.5772,42.0
1753617345322,11:55:45.322,huobi,A/USDT:USDT,0.5765,43.0,0.5764,306.0,0.5772,42.0,0.5773,58.0
1753617345361,11:55:45.361,huobi,A/USDT:USDT,0.5765,43.0,0.5764,306.0,0.5772,42.0,0.5773,305.0
1753617345745,11:55:45.745,huobi,A/USDT:USDT,0.5765,43.0,0.5764,306.0,0.5772,42.0,0.5773,305.0
1753617347525,11:55:47.525,huobi,A/USDT:USDT,0.5765,43.0,0.5764,306.0,0.5772,42.0,0.5773,58.0
1753617347626,11:55:47.626,huobi,A/USDT:USDT,0.5765,43.0,0.5764,306.0,0.5772,42.0,0.5773,58.0
1753617347882,11:55:47.882,huobi,A/USDT:USDT,0.5765,43.0,0.5764,306.0,0.5772,42.0,0.5773,58.0
1753617351748,11:55:51.748,huobi,A/USDT:USDT,0.577,1.0,0.5765,43.0,0.5772,42.0,0.5773,58.0
1753617351758,11:55:51.758,huobi,A/USDT:USDT,0.5765,43.0,0.5764,306.0,0.5772,42.0,0.5773,58.0
1753617351787,11:55:51.787,huobi,A/USDT:USDT,0.5766,43.0,0.5765,290.0,0.5772,42.0,0.5773,58.0
1753617351875,11:55:51.875,huobi,A/USDT:USDT,0.5766,43.0,0.5765,290.0,0.5772,42.0,0.5773,58.0
1753617351912,11:55:51.912,huobi,A/USDT:USDT,0.5767,43.0,0.5766,290.0,0.5772,42.0,0.5773,58.0
1753617351996,11:55:51.996,huobi,A/USDT:USDT,0.5767,43.0,0.5766,290.0,0.5772,42.0,0.5773,58.0
1753617352047,11:55:52.047,huobi,A/USDT:USDT,0.5767,290.0,0.5766,290.0,0.5772,42.0,0.5773,58.0
1753617352061,11:55:52.061,huobi,A/USDT:USDT,0.5768,43.0,0.5767,290.0,0.5772,42.0,0.5773,58.0
1753617352154,11:55:52.154,huobi,A/USDT:USDT,0.5768,43.0,0.5767,43.0,0.5772,42.0,0.5773,58.0
1753617352176,11:55:52.176,huobi,A/USDT:USDT,0.5768,43.0,0.5766,43.0,0.5772,42.0,0.5773,58.0
1753617352206,11:55:52.206,huobi,A/USDT:USDT,0.5768,43.0,0.5766,290.0,0.5772,42.0,0.5773,58.0
1753617352313,11:55:52.313,huobi,A/USDT:USDT,0.5768,43.0,0.5766,290.0,0.5772,42.0,0.5773,58.0
1753617352329,11:55:52.329,huobi,A/USDT:USDT,0.5768,43.0,0.5767,247.0,0.5772,42.0,0.5773,58.0
1753617352436,11:55:52.436,huobi,A/USDT:USDT,0.5768,43.0,0.5767,247.0,0.5772,42.0,0.5773,58.0
1753617354371,11:55:54.371,huobi,A/USDT:USDT,0.5768,43.0,0.5767,247.0,0.5772,42.0,0.5773,58.0
1753617354372,11:55:54.372,huobi,A/USDT:USDT,0.5768,43.0,0.5765,290.0,0.5772,42.0,0.5773,58.0
1753617354466,11:55:54.466,huobi,A/USDT:USDT,0.5768,43.0,0.5766,247.0,0.5772,42.0,0.5773,58.0
1753617355477,11:55:55.477,huobi,A/USDT:USDT,0.5768,43.0,0.5765,43.0,0.5772,42.0,0.5773,58.0
1753617355523,11:55:55.523,huobi,A/USDT:USDT,0.5765,290.0,0.5764,59.0,0.5772,42.0,0.5773,58.0
1753617355536,11:55:55.536,huobi,A/USDT:USDT,0.5766,43.0,0.5765,43.0,0.5772,42.0,0.5773,58.0
1753617355575,11:55:55.575,huobi,A/USDT:USDT,0.5766,43.0,0.5765,290.0,0.5772,42.0,0.5773,58.0
1753617355669,11:55:55.669,huobi,A/USDT:USDT,0.5766,43.0,0.5765,290.0,0.5772,42.0,0.5773,58.0
1753617355697,11:55:55.697,huobi,A/USDT:USDT,0.5767,43.0,0.5766,290.0,0.5772,42.0,0.5773,58.0
1753617355790,11:55:55.790,huobi,A/USDT:USDT,0.5767,43.0,0.5766,290.0,0.5772,42.0,0.5773,58.0
1753617355816,11:55:55.816,huobi,A/USDT:USDT,0.5768,43.0,0.5767,290.0,0.5772,42.0,0.5773,58.0
1753617355910,11:55:55.910,huobi,A/USDT:USDT,0.5768,43.0,0.5767,43.0,0.5772,42.0,0.5773,58.0
1753617355926,11:55:55.926,huobi,A/USDT:USDT,0.5768,43.0,0.5767,43.0,0.5772,42.0,0.5773,58.0
1753617355958,11:55:55.958,huobi,A/USDT:USDT,0.5768,43.0,0.5767,43.0,0.5772,42.0,0.5773,58.0
1753617356067,11:55:56.067,huobi,A/USDT:USDT,0.5767,43.0,0.5766,290.0,0.5772,42.0,0.5773,58.0
1753617356610,11:55:56.610,huobi,A/USDT:USDT,0.5767,43.0,0.5766,43.0,0.5772,42.0,0.5773,58.0
1753617356624,11:55:56.624,huobi,A/USDT:USDT,0.5767,43.0,0.5766,43.0,0.5772,42.0,0.5773,58.0
1753617361301,11:56:01.301,huobi,A/USDT:USDT,0.5766,43.0,0.5765,290.0,0.5772,42.0,0.5773,58.0
1753617366101,11:56:06.101,huobi,A/USDT:USDT,0.5766,43.0,0.5765,290.0,0.5772,42.0,0.5773,58.0
1753617367358,11:56:07.358,huobi,A/USDT:USDT,0.5766,290.0,0.5765,290.0,0.5772,42.0,0.5773,58.0
1753617367466,11:56:07.466,huobi,A/USDT:USDT,0.5767,43.0,0.5766,290.0,0.5772,42.0,0.5773,58.0
1753617369417,11:56:09.417,huobi,A/USDT:USDT,0.5767,290.0,0.5766,290.0,0.5772,42.0,0.5773,58.0
1753617369431,11:56:09.431,huobi,A/USDT:USDT,0.5768,43.0,0.5767,290.0,0.5772,42.0,0.5773,58.0
1753617369526,11:56:09.526,huobi,A/USDT:USDT,0.5768,43.0,0.5767,43.0,0.5772,42.0,0.5773,58.0
1753617369593,11:56:09.593,huobi,A/USDT:USDT,0.5767,43.0,0.5766,43.0,0.5772,42.0,0.5773,58.0
1753617369621,11:56:09.621,huobi,A/USDT:USDT,0.5766,43.0,0.5765,43.0,0.5772,42.0,0.5773,58.0
1753617369634,11:56:09.634,huobi,A/USDT:USDT,0.5765,43.0,0.5764,59.0,0.5772,42.0,0.5773,58.0
1753617369831,11:56:09.831,huobi,A/USDT:USDT,0.5767,43.0,0.5766,247.0,0.5772,42.0,0.5773,58.0
1753617375701,11:56:15.701,huobi,A/USDT:USDT,0.5767,43.0,0.5766,247.0,0.5772,42.0,0.5773,58.0
1753617377226,11:56:17.226,huobi,A/USDT:USDT,0.5767,43.0,0.5766,247.0,0.5772,42.0,0.5773,58.0
1753617377258,11:56:17.258,huobi,A/USDT:USDT,0.5767,43.0,0.5766,247.0,0.5772,42.0,0.5773,58.0
1753617380949,11:56:20.949,huobi,A/USDT:USDT,0.5767,290.0,0.5766,247.0,0.5772,42.0,0.5773,58.0
1753617380992,11:56:20.992,huobi,A/USDT:USDT,0.5768,43.0,0.5767,290.0,0.5772,42.0,0.5773,58.0
1753617381056,11:56:21.056,huobi,A/USDT:USDT,0.5768,43.0,0.5767,43.0,0.5772,42.0,0.5773,58.0
1753617381071,11:56:21.071,huobi,A/USDT:USDT,0.5768,43.0,0.5767,43.0,0.5772,42.0,0.5773,58.0
1753617381152,11:56:21.152,huobi,A/USDT:USDT,0.5767,43.0,0.5766,247.0,0.5772,42.0,0.5773,58.0
1753617381804,11:56:21.804,huobi,A/USDT:USDT,0.5767,43.0,0.5765,59.0,0.5772,42.0,0.5773,58.0
1753617381884,11:56:21.884,huobi,A/USDT:USDT,0.5767,43.0,0.5765,306.0,0.5772,42.0,0.5773,58.0
1753617382717,11:56:22.717,huobi,A/USDT:USDT,0.5767,43.0,0.5765,290.0,0.5772,42.0,0.5773,58.0
1753617382754,11:56:22.754,huobi,A/USDT:USDT,0.5767,43.0,0.5765,290.0,0.5772,42.0,0.5773,58.0
1753617385303,11:56:25.303,huobi,A/USDT:USDT,0.5767,43.0,0.5765,290.0,0.5772,42.0,0.5773,58.0
1753617390104,11:56:30.104,huobi,A/USDT:USDT,0.5767,43.0,0.5765,290.0,0.5772,42.0,0.5773,58.0
1753617391510,11:56:31.510,huobi,A/USDT:USDT,0.5767,43.0,0.5765,290.0,0.5772,42.0,0.5773,43.0
1753617391536,11:56:31.536,huobi,A/USDT:USDT,0.5767,43.0,0.5766,247.0,0.5773,290.0,0.5774,290.0
1753617391571,11:56:31.571,huobi,A/USDT:USDT,0.5767,43.0,0.5766,247.0,0.5772,16.0,0.5773,290.0
1753617391631,11:56:31.631,huobi,A/USDT:USDT,0.5767,43.0,0.5766,247.0,0.5772,58.0,0.5773,43.0
1753617391662,11:56:31.662,huobi,A/USDT:USDT,0.5767,43.0,0.5766,247.0,0.5772,58.0,0.5773,290.0
1753617392898,11:56:32.898,huobi,A/USDT:USDT,0.5768,13.0,0.5767,43.0,0.5771,42.0,0.5772,58.0
1753617393178,11:56:33.178,huobi,A/USDT:USDT,0.5768,55.0,0.5767,43.0,0.5771,42.0,0.5772,58.0
1753617393185,11:56:33.185,huobi,A/USDT:USDT,0.5768,13.0,0.5767,43.0,0.5771,42.0,0.5772,58.0
1753617393469,11:56:33.469,huobi,A/USDT:USDT,0.5768,55.0,0.5767,43.0,0.5771,42.0,0.5772,58.0
1753617393499,11:56:33.499,huobi,A/USDT:USDT,0.5768,13.0,0.5767,43.0,0.5771,42.0,0.5772,58.0
1753617393661,11:56:33.661,huobi,A/USDT:USDT,0.5768,55.0,0.5767,43.0,0.5771,42.0,0.5772,58.0
1753617393671,11:56:33.671,huobi,A/USDT:USDT,0.5768,13.0,0.5767,43.0,0.5771,42.0,0.5772,58.0
1753617393823,11:56:33.823,huobi,A/USDT:USDT,0.5768,55.0,0.5767,43.0,0.5771,42.0,0.5772,58.0
1753617393885,11:56:33.885,huobi,A/USDT:USDT,0.5768,13.0,0.5767,43.0,0.5771,42.0,0.5772,58.0
1753617394076,11:56:34.076,huobi,A/USDT:USDT,0.5768,55.0,0.5767,43.0,0.5771,42.0,0.5772,58.0
1753617394159,11:56:34.159,huobi,A/USDT:USDT,0.5767,43.0,0.5766,247.0,0.5771,42.0,0.5772,58.0
1753617394176,11:56:34.176,huobi,A/USDT:USDT,0.5767,43.0,0.5765,43.0,0.5771,289.0,0.5772,58.0
1753617394215,11:56:34.215,huobi,A/USDT:USDT,0.5765,43.0,0.5764,43.0,0.577,42.0,0.5771,42.0
1753617394244,11:56:34.244,huobi,A/USDT:USDT,0.5764,43.0,0.5763,43.0,0.577,42.0,0.5771,289.0
1753617394269,11:56:34.269,huobi,A/USDT:USDT,0.5763,58.0,0.5761,43.0,0.577,42.0,0.5771,42.0
1753617394302,11:56:34.302,huobi,A/USDT:USDT,0.5764,42.0,0.5763,58.0,0.577,42.0,0.5771,289.0
1753617394325,11:56:34.325,huobi,A/USDT:USDT,0.5764,42.0,0.5763,58.0,0.577,42.0,0.5771,42.0
1753617394377,11:56:34.377,huobi,A/USDT:USDT,0.5764,42.0,0.5763,58.0,0.577,42.0,0.5771,59.0
1753617394389,11:56:34.389,huobi,A/USDT:USDT,0.5764,42.0,0.5763,58.0,0.577,42.0,0.5771,306.0
1753617394497,11:56:34.497,huobi,A/USDT:USDT,0.5764,42.0,0.5763,58.0,0.577,42.0,0.5771,59.0
1753617394512,11:56:34.512,huobi,A/USDT:USDT,0.5765,42.0,0.5764,289.0,0.577,42.0,0.5771,59.0
1753617394540,11:56:34.540,huobi,A/USDT:USDT,0.5766,42.0,0.5765,289.0,0.577,42.0,0.5771,59.0
1753617394567,11:56:34.567,huobi,A/USDT:USDT,0.5766,42.0,0.5765,289.0,0.577,42.0,0.5771,59.0
1753617394638,11:56:34.638,huobi,A/USDT:USDT,0.5766,42.0,0.5765,289.0,0.577,42.0,0.5771,59.0
1753617394673,11:56:34.673,huobi,A/USDT:USDT,0.5766,289.0,0.5765,289.0,0.577,42.0,0.5771,59.0
1753617394688,11:56:34.688,huobi,A/USDT:USDT,0.5767,42.0,0.5766,42.0,0.577,42.0,0.5771,306.0
1753617394770,11:56:34.770,huobi,A/USDT:USDT,0.5767,42.0,0.5766,289.0,0.577,42.0,0.5771,306.0
1753617394787,11:56:34.787,huobi,A/USDT:USDT,0.5767,42.0,0.5766,42.0,0.577,42.0,0.5771,306.0
1753617394836,11:56:34.836,huobi,A/USDT:USDT,0.5766,42.0,0.5765,42.0,0.577,42.0,0.5771,306.0
1753617394867,11:56:34.867,huobi,A/USDT:USDT,0.5764,289.0,0.5763,58.0,0.577,42.0,0.5771,306.0
1753617394902,11:56:34.902,huobi,A/USDT:USDT,0.5765,42.0,0.5764,289.0,0.577,42.0,0.5771,306.0
1753617395080,11:56:35.080,huobi,A/USDT:USDT,0.5765,42.0,0.5764,289.0,0.577,42.0,0.5771,306.0
1753617397223,11:56:37.223,huobi,A/USDT:USDT,0.5765,42.0,0.5764,289.0,0.577,42.0,0.5771,306.0
1753617397397,11:56:37.397,huobi,A/USDT:USDT,0.5765,42.0,0.5764,289.0,0.577,42.0,0.5771,306.0
1753617399351,11:56:39.351,huobi,A/USDT:USDT,0.5765,42.0,0.5764,289.0,0.577,42.0,0.5771,306.0
1753617399703,11:56:39.703,huobi,A/USDT:USDT,0.5765,42.0,0.5764,289.0,0.577,42.0,0.5771,306.0
1753617401471,11:56:41.471,huobi,A/USDT:USDT,0.5765,42.0,0.5764,289.0,0.577,42.0,0.5771,306.0
1753617409303,11:56:49.303,huobi,A/USDT:USDT,0.5765,42.0,0.5764,289.0,0.577,42.0,0.5771,306.0
1753617409326,11:56:49.326,huobi,A/USDT:USDT,0.5765,42.0,0.5764,289.0,0.577,42.0,0.5771,306.0
1753617418903,11:56:58.903,huobi,A/USDT:USDT,0.5765,42.0,0.5764,289.0,0.577,42.0,0.5771,306.0
1753617422155,11:57:02.155,huobi,A/USDT:USDT,0.5765,289.0,0.5764,289.0,0.577,42.0,0.5771,306.0
1753617422269,11:57:02.269,huobi,A/USDT:USDT,0.5765,289.0,0.5764,42.0,0.577,42.0,0.5771,306.0
1753617435869,11:57:15.869,huobi,A/USDT:USDT,0.5766,43.0,0.5765,289.0,0.577,289.0,0.5771,306.0
1753617435875,11:57:15.875,huobi,A/USDT:USDT,0.5766,43.0,0.5765,289.0,0.577,289.0,0.5771,306.0
1753617435933,11:57:15.933,huobi,A/USDT:USDT,0.5766,43.0,0.5765,289.0,0.5769,43.0,0.577,42.0
1753617435935,11:57:15.935,huobi,A/USDT:USDT,0.5766,43.0,0.5765,289.0,0.5769,43.0,0.577,42.0
1753617435976,11:57:15.976,huobi,A/USDT:USDT,0.5766,43.0,0.5765,289.0,0.5769,43.0,0.577,305.0
1753617436004,11:57:16.004,huobi,A/USDT:USDT,0.5766,43.0,0.5765,42.0,0.5769,43.0,0.577,58.0
1753617436034,11:57:16.034,huobi,A/USDT:USDT,0.5764,42.0,0.5763,43.0,0.5769,43.0,0.577,58.0
1753617436055,11:57:16.055,huobi,A/USDT:USDT,0.5764,247.0,0.5763,43.0,0.5769,43.0,0.577,305.0
1753617436224,11:57:16.224,huobi,A/USDT:USDT,0.5765,43.0,0.5764,247.0,0.5769,43.0,0.577,305.0
1753617436350,11:57:16.350,huobi,A/USDT:USDT,0.5765,43.0,0.5764,247.0,0.5769,43.0,0.577,305.0
1753617436371,11:57:16.371,huobi,A/USDT:USDT,0.5765,43.0,0.5764,247.0,0.5769,43.0,0.577,305.0
1753617436407,11:57:16.407,huobi,A/USDT:USDT,0.5765,43.0,0.5764,247.0,0.5769,43.0,0.577,305.0
1753617436460,11:57:16.460,huobi,A/USDT:USDT,0.5765,43.0,0.5764,247.0,0.5769,43.0,0.577,305.0
1753617436500,11:57:16.500,huobi,A/USDT:USDT,0.5765,43.0,0.5764,247.0,0.5769,43.0,0.577,305.0
1753617436515,11:57:16.515,huobi,A/USDT:USDT,0.5765,43.0,0.5764,247.0,0.5769,43.0,0.577,305.0
1753617437946,11:57:17.946,huobi,A/USDT:USDT,0.5765,43.0,0.5764,247.0,0.5769,43.0,0.577,305.0
1753617438984,11:57:18.984,huobi,A/USDT:USDT,0.5765,43.0,0.5764,247.0,0.5769,43.0,0.577,305.0
1753617440002,11:57:20.002,huobi,A/USDT:USDT,0.5765,43.0,0.5764,247.0,0.5769,43.0,0.577,305.0
1753617442117,11:57:22.117,huobi,A/USDT:USDT,0.5765,43.0,0.5764,247.0,0.5769,43.0,0.577,58.0
1753617442152,11:57:22.152,huobi,A/USDT:USDT,0.5765,43.0,0.5764,247.0,0.5769,43.0,0.577,58.0
1753617442180,11:57:22.180,huobi,A/USDT:USDT,0.5765,290.0,0.5764,247.0,0.5769,43.0,0.577,58.0
1753617442219,11:57:22.219,huobi,A/USDT:USDT,0.5766,42.0,0.5765,43.0,0.5769,43.0,0.577,42.0
1753617442239,11:57:22.239,huobi,A/USDT:USDT,0.5766,42.0,0.5765,43.0,0.577,42.0,0.5771,439.0
1753617442289,11:57:22.289,huobi,A/USDT:USDT,0.5766,42.0,0.5765,43.0,0.577,42.0,0.5771,454.0
1753617442363,11:57:22.363,huobi,A/USDT:USDT,0.5765,290.0,0.5763,58.0,0.577,42.0,0.5771,454.0
1753617442384,11:57:22.384,huobi,A/USDT:USDT,0.5766,42.0,0.5765,290.0,0.577,42.0,0.5771,454.0
1753617449116,11:57:29.116,huobi,A/USDT:USDT,0.5766,42.0,0.5765,290.0,0.577,289.0,0.5771,454.0
1753617449139,11:57:29.139,huobi,A/USDT:USDT,0.5766,42.0,0.5765,290.0,0.5769,42.0,0.577,289.0
1753617459234,11:57:39.234,huobi,A/USDT:USDT,0.5766,42.0,0.5765,290.0,0.5769,42.0,0.577,289.0
1753617459245,11:57:39.245,huobi,A/USDT:USDT,0.5766,42.0,0.5765,43.0,0.5769,42.0,0.577,289.0
1753617459290,11:57:39.290,huobi,A/USDT:USDT,0.5765,43.0,0.5764,247.0,0.5769,42.0,0.577,289.0
1753617459312,11:57:39.312,huobi,A/USDT:USDT,0.5764,247.0,0.5763,43.0,0.5769,42.0,0.577,289.0
1753617460024,11:57:40.024,huobi,A/USDT:USDT,0.5766,25.0,0.5765,42.0,0.5769,42.0,0.577,289.0
1753617460037,11:57:40.037,huobi,A/USDT:USDT,0.5766,67.0,0.5765,42.0,0.5769,42.0,0.577,289.0
1753617460317,11:57:40.317,huobi,A/USDT:USDT,0.5766,67.0,0.5765,42.0,0.5769,42.0,0.577,289.0
1753617460442,11:57:40.442,huobi,A/USDT:USDT,0.5767,42.0,0.5766,25.0,0.5769,42.0,0.577,289.0
1753617460611,11:57:40.611,huobi,A/USDT:USDT,0.5767,42.0,0.5765,42.0,0.5769,42.0,0.577,289.0
1753617460622,11:57:40.622,huobi,A/USDT:USDT,0.5765,42.0,0.5764,247.0,0.5769,42.0,0.577,289.0
1753617462044,11:57:42.044,huobi,A/USDT:USDT,0.5765,42.0,0.5764,247.0,0.5769,42.0,0.577,289.0
1753617464106,11:57:44.106,huobi,A/USDT:USDT,0.5765,42.0,0.5764,247.0,0.5769,42.0,0.577,289.0
1753617465750,11:57:45.750,huobi,A/USDT:USDT,0.5765,42.0,0.5764,247.0,0.5769,42.0,0.577,289.0
1753617465778,11:57:45.778,huobi,A/USDT:USDT,0.5765,42.0,0.5764,247.0,0.5769,42.0,0.577,289.0
1753617465795,11:57:45.795,huobi,A/USDT:USDT,0.5765,42.0,0.5764,247.0,0.5769,42.0,0.577,289.0
1753617465833,11:57:45.833,huobi,A/USDT:USDT,0.5765,42.0,0.5764,247.0,0.5769,42.0,0.577,289.0
1753617465855,11:57:45.855,huobi,A/USDT:USDT,0.5765,42.0,0.5764,247.0,0.5769,42.0,0.577,289.0
1753617468641,11:57:48.641,huobi,A/USDT:USDT,0.5765,42.0,0.5763,60.0,0.5769,42.0,0.577,289.0
1753617468944,11:57:48.944,huobi,A/USDT:USDT,0.5765,42.0,0.5764,247.0,0.5769,42.0,0.577,289.0
1753617469276,11:57:49.276,huobi,A/USDT:USDT,0.5765,42.0,0.5764,247.0,0.5769,42.0,0.577,289.0
1753617469298,11:57:49.298,huobi,A/USDT:USDT,0.5763,60.0,0.5761,43.0,0.5769,42.0,0.577,289.0
1753617469325,11:57:49.325,huobi,A/USDT:USDT,0.5763,60.0,0.5761,43.0,0.5767,43.0,0.5768,397.0
1753617469359,11:57:49.359,huobi,A/USDT:USDT,0.5764,43.0,0.5763,43.0,0.5767,43.0,0.5768,397.0
1753617469390,11:57:49.390,huobi,A/USDT:USDT,0.5764,43.0,0.5763,43.0,0.5767,43.0,0.5768,397.0
1753617469415,11:57:49.415,huobi,A/USDT:USDT,0.5764,43.0,0.5763,43.0,0.5767,43.0,0.5768,397.0
1753617469444,11:57:49.444,huobi,A/USDT:USDT,0.5764,43.0,0.5763,43.0,0.5767,290.0,0.5768,397.0
1753617469478,11:57:49.478,huobi,A/USDT:USDT,0.5764,43.0,0.5763,43.0,0.5766,43.0,0.5767,43.0
1753617469506,11:57:49.506,huobi,A/USDT:USDT,0.5764,43.0,0.5763,43.0,0.5766,43.0,0.5767,57.0
1753617469536,11:57:49.536,huobi,A/USDT:USDT,0.5758,43.0,0.5755,397.0,0.5766,43.0,0.5767,304.0
1753617469566,11:57:49.566,huobi,A/USDT:USDT,0.5759,14.0,0.5758,43.0,0.5766,43.0,0.5767,57.0
1753617469607,11:57:49.607,huobi,A/USDT:USDT,0.576,43.0,0.5759,261.0,0.5766,43.0,0.5767,304.0
1753617469635,11:57:49.635,huobi,A/USDT:USDT,0.576,43.0,0.5759,261.0,0.5766,43.0,0.5767,304.0
1753617469714,11:57:49.714,huobi,A/USDT:USDT,0.576,43.0,0.5759,261.0,0.5766,43.0,0.5767,304.0
1753617470114,11:57:50.114,huobi,A/USDT:USDT,0.576,43.0,0.5759,261.0,0.5766,43.0,0.5767,304.0
1753617470139,11:57:50.139,huobi,A/USDT:USDT,0.576,43.0,0.5759,14.0,0.5766,43.0,0.5767,304.0
1753617470173,11:57:50.173,huobi,A/USDT:USDT,0.576,43.0,0.5759,14.0,0.5766,43.0,0.5767,304.0
1753617470290,11:57:50.290,huobi,A/USDT:USDT,0.576,43.0,0.5759,14.0,0.5766,43.0,0.5767,304.0
1753617472298,11:57:52.298,huobi,A/USDT:USDT,0.576,43.0,0.5759,14.0,0.5766,43.0,0.5767,304.0
1753617472506,11:57:52.506,huobi,A/USDT:USDT,0.576,43.0,0.5759,14.0,0.5766,43.0,0.5767,304.0
1753617472538,11:57:52.538,huobi,A/USDT:USDT,0.576,43.0,0.5756,43.0,0.5765,43.0,0.5766,290.0
1753617472571,11:57:52.571,huobi,A/USDT:USDT,0.5758,17.0,0.5756,43.0,0.5765,43.0,0.5766,43.0
1753617472605,11:57:52.605,huobi,A/USDT:USDT,0.5759,43.0,0.5758,17.0,0.5765,43.0,0.5766,290.0
1753617473522,11:57:53.522,huobi,A/USDT:USDT,0.5759,43.0,0.5758,17.0,0.5762,1.0,0.5765,43.0
1753617473531,11:57:53.531,huobi,A/USDT:USDT,0.5759,43.0,0.5758,17.0,0.5765,43.0,0.5766,43.0
1753617474406,11:57:54.406,huobi,A/USDT:USDT,0.5759,43.0,0.5758,17.0,0.5766,43.0,0.5767,304.0
1753617474498,11:57:54.498,huobi,A/USDT:USDT,0.5759,43.0,0.5758,17.0,0.5766,43.0,0.5767,304.0
1753617474573,11:57:54.573,huobi,A/USDT:USDT,0.5759,43.0,0.5758,17.0,0.5766,43.0,0.5767,304.0
1753617474611,11:57:54.611,huobi,A/USDT:USDT,0.5759,43.0,0.5758,17.0,0.5766,43.0,0.5767,304.0
1753617475702,11:57:55.702,huobi,A/USDT:USDT,0.5759,43.0,0.5758,17.0,0.5766,43.0,0.5767,57.0
1753617475716,11:57:55.716,huobi,A/USDT:USDT,0.5759,43.0,0.5758,17.0,0.5766,43.0,0.5767,304.0
1753617476659,11:57:56.659,huobi,A/USDT:USDT,0.5759,43.0,0.5758,17.0,0.5766,43.0,0.5767,57.0
1753617477879,11:57:57.879,huobi,A/USDT:USDT,0.5759,43.0,0.5756,290.0,0.5766,43.0,0.5767,57.0
1753617477922,11:57:57.922,huobi,A/USDT:USDT,0.5759,43.0,0.5756,290.0,0.5766,43.0,0.5767,57.0
1753617477947,11:57:57.947,huobi,A/USDT:USDT,0.576,43.0,0.5759,57.0,0.5766,43.0,0.5767,57.0
1753617477974,11:57:57.974,huobi,A/USDT:USDT,0.576,43.0,0.5759,57.0,0.5766,43.0,0.5767,57.0
1753617478082,11:57:58.082,huobi,A/USDT:USDT,0.576,43.0,0.5759,57.0,0.5766,43.0,0.5767,57.0
1753617478807,11:57:58.807,huobi,A/USDT:USDT,0.576,43.0,0.5759,57.0,0.5766,43.0,0.5767,57.0
1753617479303,11:57:59.303,huobi,A/USDT:USDT,0.576,43.0,0.5759,57.0,0.5766,43.0,0.5767,57.0
1753617479317,11:57:59.317,huobi,A/USDT:USDT,0.576,43.0,0.5759,57.0,0.5766,43.0,0.5767,57.0
1753617481005,11:58:01.005,huobi,A/USDT:USDT,0.576,43.0,0.5759,57.0,0.5766,43.0,0.5767,57.0
1753617483120,11:58:03.120,huobi,A/USDT:USDT,0.576,43.0,0.5759,57.0,0.5766,43.0,0.5767,57.0
1753617484160,11:58:04.160,huobi,A/USDT:USDT,0.576,290.0,0.5759,57.0,0.5766,43.0,0.5767,57.0
1753617484173,11:58:04.173,huobi,A/USDT:USDT,0.576,43.0,0.5759,57.0,0.5766,43.0,0.5767,304.0
1753617484234,11:58:04.234,huobi,A/USDT:USDT,0.576,43.0,0.5759,43.0,0.5766,43.0,0.5767,57.0
1753617484264,11:58:04.264,huobi,A/USDT:USDT,0.5759,43.0,0.5758,15.0,0.5766,43.0,0.5767,57.0
1753617484352,11:58:04.352,huobi,A/USDT:USDT,0.5759,43.0,0.5757,43.0,0.5766,43.0,0.5767,290.0
1753617484362,11:58:04.362,huobi,A/USDT:USDT,0.5759,43.0,0.5757,43.0,0.5766,43.0,0.5767,290.0
1753617484385,11:58:04.385,huobi,A/USDT:USDT,0.5756,43.0,0.5754,440.0,0.5766,43.0,0.5767,290.0
1753617484424,11:58:04.424,huobi,A/USDT:USDT,0.5757,14.0,0.5756,43.0,0.5764,43.0,0.5765,14.0
1753617484514,11:58:04.514,huobi,A/USDT:USDT,0.5757,14.0,0.5756,43.0,0.5764,43.0,0.5765,14.0
1753617484567,11:58:04.567,huobi,A/USDT:USDT,0.5758,43.0,0.5757,14.0,0.5764,43.0,0.5765,14.0
1753617484577,11:58:04.577,huobi,A/USDT:USDT,0.5758,43.0,0.5757,14.0,0.5764,43.0,0.5765,261.0
1753617484607,11:58:04.607,huobi,A/USDT:USDT,0.5758,43.0,0.5757,261.0,0.5764,43.0,0.5765,261.0
1753617484684,11:58:04.684,huobi,A/USDT:USDT,0.5758,43.0,0.5757,261.0,0.5764,43.0,0.5765,261.0
1753617484717,11:58:04.717,huobi,A/USDT:USDT,0.5758,43.0,0.5757,261.0,0.5764,43.0,0.5765,14.0
1753617484819,11:58:04.819,huobi,A/USDT:USDT,0.5758,43.0,0.5757,261.0,0.5764,43.0,0.5765,14.0
1753617484936,11:58:04.936,huobi,A/USDT:USDT,0.5758,43.0,0.5757,261.0,0.5764,43.0,0.5765,14.0
1753617485271,11:58:05.271,huobi,A/USDT:USDT,0.5758,43.0,0.5757,261.0,0.5764,43.0,0.5765,14.0
1753617485289,11:58:05.289,huobi,A/USDT:USDT,0.5758,43.0,0.5757,14.0,0.5764,43.0,0.5765,14.0
1753617485409,11:58:05.409,huobi,A/USDT:USDT,0.5758,43.0,0.5757,14.0,0.5764,43.0,0.5765,14.0
1753617487436,11:58:07.436,huobi,A/USDT:USDT,0.5758,43.0,0.5757,14.0,0.5764,43.0,0.5765,14.0
1753617487459,11:58:07.459,huobi,A/USDT:USDT,0.5758,43.0,0.5757,14.0,0.5764,43.0,0.5765,14.0
1753617488906,11:58:08.906,huobi,A/USDT:USDT,0.5758,43.0,0.5757,14.0,0.5764,43.0,0.5765,14.0
1753617488920,11:58:08.920,huobi,A/USDT:USDT,0.5758,43.0,0.5757,14.0,0.5764,43.0,0.5765,14.0
1753617494063,11:58:14.063,huobi,A/USDT:USDT,0.5758,43.0,0.5757,14.0,0.5764,43.0,0.5765,14.0
1753617494078,11:58:14.078,huobi,A/USDT:USDT,0.5758,43.0,0.5757,14.0,0.5764,43.0,0.5765,14.0
1753617494186,11:58:14.186,huobi,A/USDT:USDT,0.5758,43.0,0.5757,14.0,0.5764,43.0,0.5765,261.0
1753617495980,11:58:15.980,huobi,A/USDT:USDT,0.5758,43.0,0.5757,14.0,0.5764,43.0,0.5765,261.0
1753617495996,11:58:15.996,huobi,A/USDT:USDT,0.5758,43.0,0.5757,14.0,0.5764,43.0,0.5765,14.0
1753617496032,11:58:16.032,huobi,A/USDT:USDT,0.576,43.0,0.5759,414.0,0.5764,43.0,0.5765,14.0
1753617496153,11:58:16.153,huobi,A/USDT:USDT,0.576,43.0,0.5759,414.0,0.5764,43.0,0.5765,14.0
1753617496180,11:58:16.180,huobi,A/USDT:USDT,0.5761,43.0,0.576,290.0,0.5764,43.0,0.5765,14.0
1753617496273,11:58:16.273,huobi,A/USDT:USDT,0.5761,43.0,0.576,43.0,0.5764,43.0,0.5765,14.0
1753617496321,11:58:16.321,huobi,A/USDT:USDT,0.5761,43.0,0.576,43.0,0.5764,43.0,0.5765,14.0
1753617496339,11:58:16.339,huobi,A/USDT:USDT,0.576,43.0,0.5759,247.0,0.5764,43.0,0.5765,14.0
1753617496848,11:58:16.848,huobi,A/USDT:USDT,0.5761,37.0,0.576,43.0,0.5764,43.0,0.5765,14.0
1753617496881,11:58:16.881,huobi,A/USDT:USDT,0.5762,43.0,0.576,43.0,0.5764,43.0,0.5765,14.0
1753617497022,11:58:17.022,huobi,A/USDT:USDT,0.576,43.0,0.5759,247.0,0.5764,43.0,0.5765,14.0
1753617498505,11:58:18.505,huobi,A/USDT:USDT,0.576,43.0,0.5759,247.0,0.5764,43.0,0.5765,14.0
1753617498519,11:58:18.519,huobi,A/USDT:USDT,0.576,43.0,0.5759,247.0,0.5764,43.0,0.5765,14.0
1753617500619,11:58:20.619,huobi,A/USDT:USDT,0.5761,14.0,0.576,43.0,0.5764,43.0,0.5765,14.0
1753617500646,11:58:20.646,huobi,A/USDT:USDT,0.5762,43.0,0.5761,14.0,0.5764,43.0,0.5765,14.0
1753617500745,11:58:20.745,huobi,A/USDT:USDT,0.5762,43.0,0.576,43.0,0.5764,43.0,0.5765,14.0
1753617500805,11:58:20.805,huobi,A/USDT:USDT,0.576,43.0,0.5759,247.0,0.5764,43.0,0.5765,14.0
1753617502698,11:58:22.698,huobi,A/USDT:USDT,0.576,43.0,0.5759,247.0,0.5764,43.0,0.5765,14.0
1753617502750,11:58:22.750,huobi,A/USDT:USDT,0.576,43.0,0.5759,247.0,0.5764,43.0,0.5765,14.0
1753617502808,11:58:22.808,huobi,A/USDT:USDT,0.576,43.0,0.5759,247.0,0.5764,43.0,0.5765,14.0
1753617502919,11:58:22.919,huobi,A/USDT:USDT,0.576,43.0,0.5759,247.0,0.5764,43.0,0.5765,14.0
1753617502972,11:58:22.972,huobi,A/USDT:USDT,0.5761,37.0,0.576,43.0,0.5764,43.0,0.5765,14.0
1753617502988,11:58:22.988,huobi,A/USDT:USDT,0.5762,43.0,0.5761,37.0,0.5764,43.0,0.5765,14.0
1753617503027,11:58:23.027,huobi,A/USDT:USDT,0.5762,43.0,0.576,43.0,0.5764,43.0,0.5765,14.0
1753617503144,11:58:23.144,huobi,A/USDT:USDT,0.576,43.0,0.5759,247.0,0.5764,43.0,0.5765,14.0
1753617504581,11:58:24.581,huobi,A/USDT:USDT,0.576,43.0,0.5759,247.0,0.5764,43.0,0.5765,14.0
1753617508105,11:58:28.105,huobi,A/USDT:USDT,0.576,43.0,0.5759,247.0,0.5764,43.0,0.5765,14.0
1753617508122,11:58:28.122,huobi,A/USDT:USDT,0.576,43.0,0.5759,247.0,0.5764,43.0,0.5765,14.0
1753617512567,11:58:32.567,huobi,A/USDT:USDT,0.576,43.0,0.5759,247.0,0.5764,43.0,0.5765,14.0
1753617512590,11:58:32.590,huobi,A/USDT:USDT,0.576,43.0,0.5759,247.0,0.5764,43.0,0.5765,14.0
1753617512867,11:58:32.867,huobi,A/USDT:USDT,0.576,43.0,0.5759,247.0,0.5764,43.0,0.5765,14.0
1753617527305,11:58:47.305,huobi,A/USDT:USDT,0.576,43.0,0.5759,247.0,0.5764,43.0,0.5765,14.0
1753617527327,11:58:47.327,huobi,A/USDT:USDT,0.576,43.0,0.5759,247.0,0.5764,43.0,0.5765,14.0
1753617527346,11:58:47.346,huobi,A/USDT:USDT,0.576,43.0,0.5759,247.0,0.5764,43.0,0.5765,14.0
1753617531596,11:58:51.596,huobi,A/USDT:USDT,0.576,43.0,0.5759,247.0,0.5765,14.0,0.5766,247.0
1753617531618,11:58:51.618,huobi,A/USDT:USDT,0.576,43.0,0.5759,247.0,0.5765,57.0,0.5767,43.0
1753617531635,11:58:51.635,huobi,A/USDT:USDT,0.576,43.0,0.5759,247.0,0.5765,43.0,0.5767,43.0
1753617531670,11:58:51.670,huobi,A/USDT:USDT,0.576,43.0,0.5759,247.0,0.5769,43.0,0.577,449.0
1753617531693,11:58:51.693,huobi,A/USDT:USDT,0.576,43.0,0.5759,247.0,0.5769,43.0,0.577,449.0
1753617531731,11:58:51.731,huobi,A/USDT:USDT,0.576,43.0,0.5759,261.0,0.5767,14.0,0.5769,43.0
1753617531754,11:58:51.754,huobi,A/USDT:USDT,0.576,43.0,0.5759,261.0,0.5769,43.0,0.577,449.0
1753617531785,11:58:51.785,huobi,A/USDT:USDT,0.576,43.0,0.5759,261.0,0.5767,43.0,0.5768,15.0
1753617531839,11:58:51.839,huobi,A/USDT:USDT,0.576,43.0,0.5759,247.0,0.5767,43.0,0.5768,15.0
1753617531846,11:58:51.846,huobi,A/USDT:USDT,0.576,43.0,0.5759,247.0,0.5767,43.0,0.5768,15.0
1753617531874,11:58:51.874,huobi,A/USDT:USDT,0.576,59.0,0.5759,247.0,0.5767,43.0,0.5769,440.0
1753617531932,11:58:51.932,huobi,A/USDT:USDT,0.5761,43.0,0.576,59.0,0.5767,43.0,0.5769,440.0
1753617531942,11:58:51.942,huobi,A/USDT:USDT,0.5761,43.0,0.576,59.0,0.5767,43.0,0.5769,454.0
1753617532057,11:58:52.057,huobi,A/USDT:USDT,0.5762,43.0,0.5761,290.0,0.5767,43.0,0.5769,454.0
1753617532581,11:58:52.581,huobi,A/USDT:USDT,0.5762,43.0,0.5761,290.0,0.5767,43.0,0.5769,454.0
1753617532608,11:58:52.608,huobi,A/USDT:USDT,0.5762,43.0,0.5761,290.0,0.5767,43.0,0.5769,454.0
1753617532635,11:58:52.635,huobi,A/USDT:USDT,0.5763,43.0,0.5762,290.0,0.5767,43.0,0.5769,454.0
1753617532729,11:58:52.729,huobi,A/USDT:USDT,0.5763,43.0,0.5762,290.0,0.5767,43.0,0.5769,454.0
1753617532761,11:58:52.761,huobi,A/USDT:USDT,0.5763,290.0,0.5762,290.0,0.5767,43.0,0.5769,454.0
1753617532775,11:58:52.775,huobi,A/USDT:USDT,0.5764,43.0,0.5763,290.0,0.5767,43.0,0.5769,454.0
1753617532868,11:58:52.868,huobi,A/USDT:USDT,0.5764,43.0,0.5763,43.0,0.5767,43.0,0.5769,454.0
1753617532933,11:58:52.933,huobi,A/USDT:USDT,0.5763,43.0,0.5762,43.0,0.5767,43.0,0.5769,454.0
1753617534694,11:58:54.694,huobi,A/USDT:USDT,0.5762,43.0,0.5761,290.0,0.5767,43.0,0.5769,454.0
1753617534753,11:58:54.753,huobi,A/USDT:USDT,0.5762,43.0,0.5761,290.0,0.5767,43.0,0.5769,454.0
1753617534768,11:58:54.768,huobi,A/USDT:USDT,0.5762,43.0,0.5761,290.0,0.5767,43.0,0.5769,454.0
1753617535150,11:58:55.150,huobi,A/USDT:USDT,0.5762,43.0,0.5761,290.0,0.5767,43.0,0.5769,454.0
1753617535175,11:58:55.175,huobi,A/USDT:USDT,0.5762,43.0,0.5761,290.0,0.5767,43.0,0.5769,454.0
1753617535249,11:58:55.249,huobi,A/USDT:USDT,0.5762,43.0,0.5761,290.0,0.5767,43.0,0.5769,454.0
1753617535267,11:58:55.267,huobi,A/USDT:USDT,0.5762,43.0,0.5761,290.0,0.5767,43.0,0.5769,454.0
1753617535313,11:58:55.313,huobi,A/USDT:USDT,0.5762,43.0,0.5761,290.0,0.5767,43.0,0.5769,454.0
1753617535327,11:58:55.327,huobi,A/USDT:USDT,0.5762,43.0,0.5761,290.0,0.5767,43.0,0.5769,440.0
1753617535362,11:58:55.362,huobi,A/USDT:USDT,0.5762,43.0,0.5761,305.0,0.5767,43.0,0.5769,440.0
1753617536904,11:58:56.904,huobi,A/USDT:USDT,0.5762,43.0,0.5761,305.0,0.5767,43.0,0.5769,440.0
1753617539070,11:58:59.070,huobi,A/USDT:USDT,0.5762,43.0,0.5761,305.0,0.5767,43.0,0.5769,440.0
1753617541790,11:59:01.790,huobi,A/USDT:USDT,0.5762,51.0,0.5761,305.0,0.5767,43.0,0.5769,440.0
1753617542011,11:59:02.011,huobi,A/USDT:USDT,0.5763,42.0,0.5762,43.0,0.5767,43.0,0.5769,440.0
1753617542027,11:59:02.027,huobi,A/USDT:USDT,0.5762,43.0,0.5761,305.0,0.5767,43.0,0.5769,440.0
1753617543105,11:59:03.105,huobi,A/USDT:USDT,0.5762,43.0,0.5761,305.0,0.5767,43.0,0.5769,440.0
1753617544090,11:59:04.090,huobi,A/USDT:USDT,0.5763,42.0,0.5762,51.0,0.5767,43.0,0.5769,440.0
1753617544154,11:59:04.154,huobi,A/USDT:USDT,0.5763,42.0,0.5762,298.0,0.5767,43.0,0.5769,440.0
1753617544201,11:59:04.201,huobi,A/USDT:USDT,0.5763,42.0,0.5762,290.0,0.5767,43.0,0.5769,440.0
1753617544261,11:59:04.261,huobi,A/USDT:USDT,0.5763,42.0,0.5762,290.0,0.5767,43.0,0.5769,440.0
1753617544278,11:59:04.278,huobi,A/USDT:USDT,0.5763,289.0,0.5762,290.0,0.5767,43.0,0.5769,440.0
1753617544351,11:59:04.351,huobi,A/USDT:USDT,0.5764,42.0,0.5763,289.0,0.5767,43.0,0.5769,440.0
1753617544385,11:59:04.385,huobi,A/USDT:USDT,0.5764,42.0,0.5763,289.0,0.5767,43.0,0.5769,440.0
1753617544459,11:59:04.459,huobi,A/USDT:USDT,0.5764,42.0,0.5763,289.0,0.5767,43.0,0.5769,440.0
1753617544473,11:59:04.473,huobi,A/USDT:USDT,0.5764,289.0,0.5763,289.0,0.5767,43.0,0.5769,440.0
1753617544519,11:59:04.519,huobi,A/USDT:USDT,0.5765,42.0,0.5764,289.0,0.5767,43.0,0.5769,440.0
1753617544580,11:59:04.580,huobi,A/USDT:USDT,0.5765,42.0,0.5764,289.0,0.5767,43.0,0.5769,440.0
1753617544599,11:59:04.599,huobi,A/USDT:USDT,0.5765,289.0,0.5764,289.0,0.5767,43.0,0.5769,440.0
1753617544707,11:59:04.707,huobi,A/USDT:USDT,0.5766,42.0,0.5765,42.0,0.5767,43.0,0.5769,440.0
1753617544718,11:59:04.718,huobi,A/USDT:USDT,0.5766,42.0,0.5765,42.0,0.5767,43.0,0.5769,440.0
1753617544772,11:59:04.772,huobi,A/USDT:USDT,0.5765,42.0,0.5764,289.0,0.5767,43.0,0.5769,440.0
1753617544839,11:59:04.839,huobi,A/USDT:USDT,0.5765,42.0,0.5764,289.0,0.5767,43.0,0.5769,440.0
1753617545507,11:59:05.507,huobi,A/USDT:USDT,0.5765,42.0,0.5764,289.0,0.5767,43.0,0.5769,440.0
1753617545530,11:59:05.530,huobi,A/USDT:USDT,0.5765,42.0,0.5764,42.0,0.5769,440.0,0.577,16.0
1753617545562,11:59:05.562,huobi,A/USDT:USDT,0.5764,42.0,0.5763,247.0,0.5769,440.0,0.577,16.0
1753617546630,11:59:06.630,huobi,A/USDT:USDT,0.5764,42.0,0.5763,247.0,0.5768,42.0,0.5769,440.0
1753617546642,11:59:06.642,huobi,A/USDT:USDT,0.5764,42.0,0.5762,43.0,0.5768,42.0,0.5769,440.0
1753617546683,11:59:06.683,huobi,A/USDT:USDT,0.5763,42.0,0.5762,290.0,0.5768,42.0,0.5769,440.0
1753617546711,11:59:06.711,huobi,A/USDT:USDT,0.5763,289.0,0.5762,290.0,0.5768,42.0,0.5769,440.0
1753617546752,11:59:06.752,huobi,A/USDT:USDT,0.5764,42.0,0.5763,289.0,0.5768,42.0,0.5769,440.0
1753617546818,11:59:06.818,huobi,A/USDT:USDT,0.5764,42.0,0.5763,289.0,0.5768,42.0,0.5769,440.0
1753617547642,11:59:07.642,huobi,A/USDT:USDT,0.5764,42.0,0.5763,289.0,0.5768,42.0,0.5769,440.0
1753617547655,11:59:07.655,huobi,A/USDT:USDT,0.5764,289.0,0.5763,289.0,0.5768,42.0,0.5769,440.0
1753617547762,11:59:07.762,huobi,A/USDT:USDT,0.5765,42.0,0.5764,289.0,0.5768,42.0,0.5769,440.0
1753617547775,11:59:07.775,huobi,A/USDT:USDT,0.5765,289.0,0.5764,289.0,0.5768,42.0,0.5769,440.0
1753617547817,11:59:07.817,huobi,A/USDT:USDT,0.5766,289.0,0.5765,42.0,0.5768,42.0,0.5769,440.0
1753617547836,11:59:07.836,huobi,A/USDT:USDT,0.5767,42.0,0.5766,289.0,0.5768,42.0,0.5769,43.0
1753617547882,11:59:07.882,huobi,A/USDT:USDT,0.5767,42.0,0.5766,42.0,0.5769,43.0,0.577,16.0
1753617547895,11:59:07.895,huobi,A/USDT:USDT,0.5767,42.0,0.5766,42.0,0.5769,43.0,0.577,16.0
1753617547934,11:59:07.934,huobi,A/USDT:USDT,0.5767,42.0,0.5766,42.0,0.5769,43.0,0.5772,247.0
1753617547987,11:59:07.987,huobi,A/USDT:USDT,0.5767,42.0,0.5766,42.0,0.5769,43.0,0.5771,414.0
1753617548019,11:59:08.019,huobi,A/USDT:USDT,0.5766,42.0,0.5765,289.0,0.5769,43.0,0.5771,414.0
1753617549809,11:59:09.809,huobi,A/USDT:USDT,0.5766,42.0,0.5765,289.0,0.5769,43.0,0.5771,414.0
1753617549822,11:59:09.822,huobi,A/USDT:USDT,0.5766,42.0,0.5765,42.0,0.5769,43.0,0.5771,414.0
1753617549846,11:59:09.846,huobi,A/USDT:USDT,0.5764,247.0,0.5763,42.0,0.5769,43.0,0.5771,414.0
1753617549967,11:59:09.967,huobi,A/USDT:USDT,0.5765,43.0,0.5764,247.0,0.5769,43.0,0.5771,414.0
1753617550663,11:59:10.663,huobi,A/USDT:USDT,0.5765,43.0,0.5763,42.0,0.5769,43.0,0.5771,414.0
1753617550696,11:59:10.696,huobi,A/USDT:USDT,0.5764,43.0,0.5763,289.0,0.5769,43.0,0.5771,414.0
1753617550719,11:59:10.719,huobi,A/USDT:USDT,0.5764,290.0,0.5763,289.0,0.5769,43.0,0.5771,414.0
1753617550753,11:59:10.753,huobi,A/USDT:USDT,0.5765,43.0,0.5764,290.0,0.5769,43.0,0.5771,414.0
1753617550776,11:59:10.776,huobi,A/USDT:USDT,0.5765,43.0,0.5764,290.0,0.5769,43.0,0.5771,397.0
1753617550817,11:59:10.817,huobi,A/USDT:USDT,0.5765,43.0,0.5764,290.0,0.5769,43.0,0.5771,397.0
1753617550834,11:59:10.834,huobi,A/USDT:USDT,0.5765,290.0,0.5764,290.0,0.5769,43.0,0.5771,397.0
1753617550867,11:59:10.867,huobi,A/USDT:USDT,0.5766,43.0,0.5765,290.0,0.5769,43.0,0.5771,397.0
1753617550925,11:59:10.925,huobi,A/USDT:USDT,0.5766,43.0,0.5765,290.0,0.5769,43.0,0.5771,397.0
1753617551401,11:59:11.401,huobi,A/USDT:USDT,0.5766,43.0,0.5765,290.0,0.5769,43.0,0.5771,397.0
1753617551416,11:59:11.416,huobi,A/USDT:USDT,0.5766,290.0,0.5765,290.0,0.5769,43.0,0.5771,397.0
1753617551455,11:59:11.455,huobi,A/USDT:USDT,0.5767,43.0,0.5766,43.0,0.5769,43.0,0.5771,397.0
1753617551468,11:59:11.468,huobi,A/USDT:USDT,0.5767,43.0,0.5766,290.0,0.5769,43.0,0.5771,397.0
1753617551522,11:59:11.522,huobi,A/USDT:USDT,0.5767,43.0,0.5766,43.0,0.5769,43.0,0.5771,397.0
1753617551535,11:59:11.535,huobi,A/USDT:USDT,0.5767,43.0,0.5766,290.0,0.5769,43.0,0.5771,397.0
1753617551930,11:59:11.930,huobi,A/USDT:USDT,0.5767,43.0,0.5766,290.0,0.5769,43.0,0.5771,397.0
1753617551962,11:59:11.962,huobi,A/USDT:USDT,0.5767,43.0,0.5766,290.0,0.5769,43.0,0.5771,397.0
1753617553711,11:59:13.711,huobi,A/USDT:USDT,0.5767,43.0,0.5766,290.0,0.5771,397.0,0.5772,15.0
1753617553725,11:59:13.725,huobi,A/USDT:USDT,0.5767,290.0,0.5766,290.0,0.5771,397.0,0.5772,15.0
1753617553751,11:59:13.751,huobi,A/USDT:USDT,0.5768,43.0,0.5767,43.0,0.577,43.0,0.5771,397.0
1753617553831,11:59:13.831,huobi,A/USDT:USDT,0.5768,43.0,0.5767,290.0,0.577,43.0,0.5771,397.0
1753617553841,11:59:13.841,huobi,A/USDT:USDT,0.5768,43.0,0.5767,43.0,0.577,43.0,0.5771,397.0
1753617553872,11:59:13.872,huobi,A/USDT:USDT,0.5768,43.0,0.5767,43.0,0.577,43.0,0.5771,397.0
1753617553898,11:59:13.898,huobi,A/USDT:USDT,0.5767,43.0,0.5766,43.0,0.577,43.0,0.5771,397.0
1753617554049,11:59:14.049,huobi,A/USDT:USDT,0.5766,43.0,0.5765,247.0,0.577,43.0,0.5771,397.0
1753617556213,11:59:16.213,huobi,A/USDT:USDT,0.5766,43.0,0.5765,247.0,0.577,43.0,0.5771,397.0
1753617556236,11:59:16.236,huobi,A/USDT:USDT,0.5766,43.0,0.5764,290.0,0.577,43.0,0.5771,397.0
1753617557343,11:59:17.343,huobi,A/USDT:USDT,0.5766,43.0,0.5764,290.0,0.577,43.0,0.5772,15.0
1753617557365,11:59:17.365,huobi,A/USDT:USDT,0.5766,43.0,0.5764,290.0,0.577,43.0,0.5772,15.0
1753617557390,11:59:17.390,huobi,A/USDT:USDT,0.5766,43.0,0.5764,290.0,0.577,43.0,0.5772,15.0
1753617557413,11:59:17.413,huobi,A/USDT:USDT,0.5766,43.0,0.5764,306.0,0.577,43.0,0.5772,15.0
1753617557460,11:59:17.460,huobi,A/USDT:USDT,0.5766,43.0,0.5764,306.0,0.577,43.0,0.5773,59.0
1753617557469,11:59:17.469,huobi,A/USDT:USDT,0.5766,43.0,0.5764,306.0,0.577,43.0,0.5773,59.0
1753617557519,11:59:17.519,huobi,A/USDT:USDT,0.5766,43.0,0.5764,306.0,0.577,43.0,0.5773,456.0
1753617557531,11:59:17.531,huobi,A/USDT:USDT,0.5766,43.0,0.5764,306.0,0.577,43.0,0.5773,456.0
1753617557571,11:59:17.571,huobi,A/USDT:USDT,0.5766,43.0,0.5764,306.0,0.577,43.0,0.5773,456.0
1753617557603,11:59:17.603,huobi,A/USDT:USDT,0.5766,43.0,0.5764,306.0,0.577,43.0,0.5773,456.0
1753617557629,11:59:17.629,huobi,A/USDT:USDT,0.5766,43.0,0.5764,306.0,0.577,43.0,0.5773,456.0
1753617557705,11:59:17.705,huobi,A/USDT:USDT,0.5766,43.0,0.5764,306.0,0.577,43.0,0.5773,456.0
1753617558135,11:59:18.135,huobi,A/USDT:USDT,0.5766,43.0,0.5764,306.0,0.577,43.0,0.5773,456.0
1753617558184,11:59:18.184,huobi,A/USDT:USDT,0.5766,43.0,0.5764,306.0,0.577,43.0,0.5773,456.0
1753617558346,11:59:18.346,huobi,A/USDT:USDT,0.5766,43.0,0.5764,306.0,0.577,43.0,0.5773,456.0
1753617560483,11:59:20.483,huobi,A/USDT:USDT,0.5766,43.0,0.5764,306.0,0.577,43.0,0.5773,456.0
1753617562723,11:59:22.723,huobi,A/USDT:USDT,0.5766,43.0,0.5765,247.0,0.577,43.0,0.5773,456.0
1753617562753,11:59:22.753,huobi,A/USDT:USDT,0.5766,43.0,0.5765,247.0,0.577,43.0,0.5773,456.0
1753617562775,11:59:22.775,huobi,A/USDT:USDT,0.5766,43.0,0.5765,247.0,0.5773,456.0,0.5776,43.0
1753617562810,11:59:22.810,huobi,A/USDT:USDT,0.5766,43.0,0.5765,247.0,0.5772,42.0,0.5773,456.0
1753617562860,11:59:22.860,huobi,A/USDT:USDT,0.5766,43.0,0.5765,247.0,0.5772,42.0,0.5773,456.0
1753617562886,11:59:22.886,huobi,A/USDT:USDT,0.5766,43.0,0.5765,261.0,0.5772,42.0,0.5773,456.0
1753617562907,11:59:22.907,huobi,A/USDT:USDT,0.5766,43.0,0.5765,261.0,0.5772,42.0,0.5773,440.0
1753617562925,11:59:22.925,huobi,A/USDT:USDT,0.5766,43.0,0.5765,261.0,0.5772,42.0,0.5773,440.0
1753617564787,11:59:24.787,huobi,A/USDT:USDT,0.5766,43.0,0.5765,261.0,0.5772,42.0,0.5773,440.0
1753617564819,11:59:24.819,huobi,A/USDT:USDT,0.5766,43.0,0.5765,14.0,0.5772,42.0,0.5773,440.0
1753617564939,11:59:24.939,huobi,A/USDT:USDT,0.5766,43.0,0.5765,261.0,0.5772,42.0,0.5773,440.0
1753617565051,11:59:25.051,huobi,A/USDT:USDT,0.5766,43.0,0.5765,261.0,0.5772,42.0,0.5773,43.0
1753617565061,11:59:25.061,huobi,A/USDT:USDT,0.5766,43.0,0.5765,261.0,0.5773,43.0,0.5774,16.0
1753617566350,11:59:26.350,huobi,A/USDT:USDT,0.5766,43.0,0.5765,14.0,0.5773,43.0,0.5774,16.0
1753617566439,11:59:26.439,huobi,A/USDT:USDT,0.5766,43.0,0.5765,261.0,0.5773,43.0,0.5774,16.0
1753617566466,11:59:26.466,huobi,A/USDT:USDT,0.5766,43.0,0.5765,261.0,0.5773,43.0,0.5774,16.0
1753617566518,11:59:26.518,huobi,A/USDT:USDT,0.5766,43.0,0.5765,261.0,0.5773,57.0,0.5775,644.0
1753617566531,11:59:26.531,huobi,A/USDT:USDT,0.5766,43.0,0.5765,261.0,0.5773,304.0,0.5775,644.0
1753617566569,11:59:26.569,huobi,A/USDT:USDT,0.5766,43.0,0.5765,261.0,0.5772,42.0,0.5773,57.0
1753617566638,11:59:26.638,huobi,A/USDT:USDT,0.5766,43.0,0.5765,261.0,0.5772,42.0,0.5773,57.0
1753617566651,11:59:26.651,huobi,A/USDT:USDT,0.5766,43.0,0.5765,261.0,0.5772,42.0,0.5773,57.0
1753617566694,11:59:26.694,huobi,A/USDT:USDT,0.5766,43.0,0.5764,57.0,0.5772,42.0,0.5773,57.0
1753617566710,11:59:26.710,huobi,A/USDT:USDT,0.5766,43.0,0.5765,247.0,0.5772,42.0,0.5773,57.0
1753617566818,11:59:26.818,huobi,A/USDT:USDT,0.5766,43.0,0.5765,247.0,0.5772,42.0,0.5773,57.0
1753617567057,11:59:27.057,huobi,A/USDT:USDT,0.5766,43.0,0.5764,57.0,0.5772,42.0,0.5773,57.0
1753617567070,11:59:27.070,huobi,A/USDT:USDT,0.5766,43.0,0.5765,247.0,0.5772,42.0,0.5773,57.0
1753617567176,11:59:27.176,huobi,A/USDT:USDT,0.5766,43.0,0.5765,247.0,0.5772,42.0,0.5773,57.0
1753617567480,11:59:27.480,huobi,A/USDT:USDT,0.5766,43.0,0.5764,57.0,0.5772,42.0,0.5773,57.0
1753617567491,11:59:27.491,huobi,A/USDT:USDT,0.5766,43.0,0.5764,304.0,0.5772,42.0,0.5773,57.0
1753617567522,11:59:27.522,huobi,A/USDT:USDT,0.5766,43.0,0.5765,247.0,0.5772,42.0,0.5773,57.0
1753617572707,11:59:32.707,huobi,A/USDT:USDT,0.5766,43.0,0.5765,247.0,0.5772,42.0,0.5773,57.0
1753617577527,11:59:37.527,huobi,A/USDT:USDT,0.5766,43.0,0.5765,247.0,0.5772,42.0,0.5773,57.0
1753617584867,11:59:44.867,huobi,A/USDT:USDT,0.5766,43.0,0.5765,247.0,0.5772,42.0,0.5773,57.0
1753617584929,11:59:44.929,huobi,A/USDT:USDT,0.5766,43.0,0.5765,261.0,0.5772,42.0,0.5773,57.0
1753617587111,11:59:47.111,huobi,A/USDT:USDT,0.5766,43.0,0.5765,261.0,0.5772,42.0,0.5773,57.0
1753617587134,11:59:47.134,huobi,A/USDT:USDT,0.5766,43.0,0.5765,261.0,0.5772,42.0,0.5773,57.0
1753617589479,11:59:49.479,huobi,A/USDT:USDT,0.5766,43.0,0.5765,261.0,0.577,1.0,0.5772,42.0
1753617589874,11:59:49.874,huobi,A/USDT:USDT,0.5766,43.0,0.5765,261.0,0.5772,42.0,0.5773,43.0
1753617589902,11:59:49.902,huobi,A/USDT:USDT,0.5766,43.0,0.5765,261.0,0.5773,43.0,0.5775,397.0
1753617589925,11:59:49.925,huobi,A/USDT:USDT,0.5766,43.0,0.5765,261.0,0.5773,43.0,0.5774,16.0
1753617590614,11:59:50.614,huobi,A/USDT:USDT,0.5766,43.0,0.5765,261.0,0.5773,43.0,0.5774,263.0
1753617590666,11:59:50.666,huobi,A/USDT:USDT,0.5766,43.0,0.5765,261.0,0.5773,43.0,0.5774,263.0
1753617591908,11:59:51.908,huobi,A/USDT:USDT,0.5766,43.0,0.5765,261.0,0.5773,43.0,0.5774,263.0
1753617595703,11:59:55.703,huobi,A/USDT:USDT,0.5766,43.0,0.5765,261.0,0.5773,43.0,0.5774,247.0
1753617595725,11:59:55.725,huobi,A/USDT:USDT,0.5766,43.0,0.5765,261.0,0.5773,43.0,0.5774,247.0
1753617595766,11:59:55.766,huobi,A/USDT:USDT,0.5766,43.0,0.5765,261.0,0.5773,57.0,0.5774,247.0
1753617595779,11:59:55.779,huobi,A/USDT:USDT,0.5766,43.0,0.5765,261.0,0.5773,304.0,0.5774,247.0
1753617595887,11:59:55.887,huobi,A/USDT:USDT,0.5766,43.0,0.5765,261.0,0.5772,43.0,0.5773,57.0
1753617595921,11:59:55.921,huobi,A/USDT:USDT,0.5766,43.0,0.5765,261.0,0.5772,43.0,0.5773,57.0
1753617596713,11:59:56.713,huobi,A/USDT:USDT,0.5766,43.0,0.5765,261.0,0.5772,43.0,0.5773,57.0
1753617596734,11:59:56.734,huobi,A/USDT:USDT,0.5766,43.0,0.5765,261.0,0.5772,43.0,0.5773,57.0
1753617601510,12:00:01.510,huobi,A/USDT:USDT,0.5766,43.0,0.5765,261.0,0.5772,43.0,0.5773,57.0
1753617602644,12:00:02.644,huobi,A/USDT:USDT,0.5766,43.0,0.5765,261.0,0.5772,43.0,0.5773,57.0
1753617602663,12:00:02.663,huobi,A/USDT:USDT,0.5766,43.0,0.5765,261.0,0.5772,43.0,0.5773,57.0
1753617602727,12:00:02.727,huobi,A/USDT:USDT,0.5766,43.0,0.5765,261.0,0.5772,43.0,0.5773,57.0
1753617603808,12:00:03.808,huobi,A/USDT:USDT,0.5766,43.0,0.5765,261.0,0.5772,43.0,0.5773,43.0
1753617603821,12:00:03.821,huobi,A/USDT:USDT,0.5766,43.0,0.5765,261.0,0.5773,43.0,0.5774,247.0
1753617603867,12:00:03.867,huobi,A/USDT:USDT,0.5766,43.0,0.5765,261.0,0.5773,43.0,0.5774,261.0
1753617612485,12:00:12.485,huobi,A/USDT:USDT,0.5766,43.0,0.5765,261.0,0.5773,43.0,0.5774,247.0
1753617612530,12:00:12.530,huobi,A/USDT:USDT,0.5766,43.0,0.5765,261.0,0.5773,59.0,0.5774,247.0
1753617612548,12:00:12.548,huobi,A/USDT:USDT,0.5766,43.0,0.5765,261.0,0.5772,42.0,0.5773,59.0
1753617615910,12:00:15.910,huobi,A/USDT:USDT,0.5766,43.0,0.5765,261.0,0.5772,42.0,0.5773,59.0
1753617630314,12:00:30.314,huobi,A/USDT:USDT,0.5766,43.0,0.5765,261.0,0.5772,42.0,0.5773,59.0
1753617630369,12:00:30.369,huobi,A/USDT:USDT,0.5766,43.0,0.5765,261.0,0.5772,289.0,0.5773,59.0
1753617630399,12:00:30.399,huobi,A/USDT:USDT,0.5766,43.0,0.5765,261.0,0.5771,43.0,0.5772,42.0
1753617630461,12:00:30.461,huobi,A/USDT:USDT,0.5766,43.0,0.5765,261.0,0.5771,43.0,0.5772,42.0
1753617630489,12:00:30.489,huobi,A/USDT:USDT,0.5766,43.0,0.5765,247.0,0.5771,43.0,0.5772,42.0
1753617630541,12:00:30.541,huobi,A/USDT:USDT,0.5766,43.0,0.5765,247.0,0.5771,43.0,0.5772,289.0
1753617630546,12:00:30.546,huobi,A/USDT:USDT,0.5766,43.0,0.5765,247.0,0.5772,289.0,0.5773,59.0
1753617632836,12:00:32.836,huobi,A/USDT:USDT,0.5766,43.0,0.5765,247.0,0.5771,43.0,0.5772,289.0
1753617632870,12:00:32.870,huobi,A/USDT:USDT,0.5766,43.0,0.5765,247.0,0.5771,43.0,0.5772,289.0
1753617632894,12:00:32.894,huobi,A/USDT:USDT,0.5766,43.0,0.5765,247.0,0.5771,43.0,0.5772,305.0
1753617632915,12:00:32.915,huobi,A/USDT:USDT,0.5766,43.0,0.5765,247.0,0.5771,43.0,0.5772,305.0
1753617633339,12:00:33.339,huobi,A/USDT:USDT,0.5766,43.0,0.5765,247.0,0.5771,43.0,0.5772,305.0
1753617633471,12:00:33.471,huobi,A/USDT:USDT,0.5766,43.0,0.5765,247.0,0.5771,43.0,0.5772,305.0
1753617633505,12:00:33.505,huobi,A/USDT:USDT,0.5766,43.0,0.5765,247.0,0.5771,43.0,0.5772,305.0
1753617635471,12:00:35.471,huobi,A/USDT:USDT,0.5766,43.0,0.5765,247.0,0.5771,43.0,0.5772,305.0
1753617638332,12:00:38.332,huobi,A/USDT:USDT,0.5766,43.0,0.5765,247.0,0.577,2.0,0.5771,43.0
1753617638344,12:00:38.344,huobi,A/USDT:USDT,0.5766,43.0,0.5765,247.0,0.5771,43.0,0.5772,305.0
1753617638387,12:00:38.387,huobi,A/USDT:USDT,0.5766,43.0,0.5765,247.0,0.5769,43.0,0.5771,43.0
1753617638505,12:00:38.505,huobi,A/USDT:USDT,0.5766,43.0,0.5765,247.0,0.5771,43.0,0.5772,305.0
1753617641369,12:00:41.369,huobi,A/USDT:USDT,0.5766,43.0,0.5765,247.0,0.5771,290.0,0.5772,305.0
1753617641387,12:00:41.387,huobi,A/USDT:USDT,0.5766,43.0,0.5765,247.0,0.577,42.0,0.5771,290.0
1753617641442,12:00:41.442,huobi,A/USDT:USDT,0.5766,43.0,0.5765,247.0,0.577,42.0,0.5771,43.0
1753617641475,12:00:41.475,huobi,A/USDT:USDT,0.5766,43.0,0.5765,247.0,0.577,42.0,0.5771,43.0
1753617641544,12:00:41.544,huobi,A/USDT:USDT,0.5766,43.0,0.5765,247.0,0.5771,43.0,0.5772,58.0
1753617641565,12:00:41.565,huobi,A/USDT:USDT,0.5766,43.0,0.5765,247.0,0.5771,43.0,0.5772,305.0
1753617641812,12:00:41.812,huobi,A/USDT:USDT,0.5766,43.0,0.5765,247.0,0.5771,43.0,0.5772,305.0
1753617641856,12:00:41.856,huobi,A/USDT:USDT,0.5766,43.0,0.5765,247.0,0.5771,43.0,0.5772,305.0
1753617641895,12:00:41.895,huobi,A/USDT:USDT,0.5766,43.0,0.5765,247.0,0.5771,43.0,0.5772,289.0
1753617641921,12:00:41.921,huobi,A/USDT:USDT,0.5766,43.0,0.5765,247.0,0.5771,43.0,0.5772,289.0
1753617641944,12:00:41.944,huobi,A/USDT:USDT,0.5766,43.0,0.5765,247.0,0.5771,43.0,0.5772,289.0
1753617642080,12:00:42.080,huobi,A/USDT:USDT,0.5766,43.0,0.5765,247.0,0.577,42.0,0.5771,305.0
1753617644062,12:00:44.062,huobi,A/USDT:USDT,0.5766,43.0,0.5765,247.0,0.577,42.0,0.5771,305.0
1753617649511,12:00:49.511,huobi,A/USDT:USDT,0.5766,43.0,0.5765,247.0,0.577,42.0,0.5771,305.0
1753617649570,12:00:49.570,huobi,A/USDT:USDT,0.5766,43.0,0.5765,247.0,0.577,42.0,0.5771,305.0
1753617650516,12:00:50.516,huobi,A/USDT:USDT,0.5766,43.0,0.5765,247.0,0.577,42.0,0.5771,305.0
1753617659111,12:00:59.111,huobi,A/USDT:USDT,0.5766,43.0,0.5765,247.0,0.577,42.0,0.5771,305.0
1753617660180,12:01:00.180,huobi,A/USDT:USDT,0.5766,43.0,0.5765,247.0,0.577,289.0,0.5771,305.0
1753617660203,12:01:00.203,huobi,A/USDT:USDT,0.5766,43.0,0.5765,247.0,0.577,289.0,0.5771,305.0
1753617660223,12:01:00.223,huobi,A/USDT:USDT,0.5766,43.0,0.5765,247.0,0.5769,42.0,0.577,289.0
1753617660283,12:01:00.283,huobi,A/USDT:USDT,0.5766,43.0,0.5765,247.0,0.5769,42.0,0.577,42.0
1753617660291,12:01:00.291,huobi,A/USDT:USDT,0.5766,43.0,0.5765,247.0,0.5769,42.0,0.577,289.0
1753617660339,12:01:00.339,huobi,A/USDT:USDT,0.5766,43.0,0.5765,247.0,0.5769,42.0,0.577,42.0
1753617660384,12:01:00.384,huobi,A/USDT:USDT,0.5766,43.0,0.5765,247.0,0.577,289.0,0.5771,58.0
1753617660407,12:01:00.407,huobi,A/USDT:USDT,0.5766,43.0,0.5765,247.0,0.5769,42.0,0.577,289.0
1753617660477,12:01:00.477,huobi,A/USDT:USDT,0.5766,43.0,0.5765,247.0,0.5769,42.0,0.577,289.0
1753617660550,12:01:00.550,huobi,A/USDT:USDT,0.5766,43.0,0.5765,247.0,0.5769,42.0,0.577,289.0
1753617663909,12:01:03.909,huobi,A/USDT:USDT,0.5766,43.0,0.5765,247.0,0.5769,42.0,0.577,289.0
1753617666567,12:01:06.567,huobi,A/USDT:USDT,0.5766,43.0,0.5764,43.0,0.5769,42.0,0.577,289.0
1753617666580,12:01:06.580,huobi,A/USDT:USDT,0.5764,43.0,0.5763,455.0,0.5769,42.0,0.577,289.0
1753617666639,12:01:06.639,huobi,A/USDT:USDT,0.5764,290.0,0.5763,439.0,0.5769,42.0,0.577,289.0
1753617666680,12:01:06.680,huobi,A/USDT:USDT,0.5765,42.0,0.5764,290.0,0.5769,42.0,0.577,289.0
1753617666699,12:01:06.699,huobi,A/USDT:USDT,0.5765,42.0,0.5764,290.0,0.5769,42.0,0.577,289.0
1753617666739,12:01:06.739,huobi,A/USDT:USDT,0.5765,42.0,0.5764,290.0,0.5769,42.0,0.577,289.0
1753617666754,12:01:06.754,huobi,A/USDT:USDT,0.5765,42.0,0.5764,290.0,0.5769,42.0,0.577,289.0
1753617667577,12:01:07.577,huobi,A/USDT:USDT,0.5765,42.0,0.5764,290.0,0.5769,42.0,0.577,306.0
1753617669697,12:01:09.697,huobi,A/USDT:USDT,0.5765,42.0,0.5764,290.0,0.5769,42.0,0.577,306.0
1753617669755,12:01:09.755,huobi,A/USDT:USDT,0.5765,42.0,0.5764,290.0,0.5769,42.0,0.577,306.0
1753617670583,12:01:10.583,huobi,A/USDT:USDT,0.5765,42.0,0.5764,290.0,0.5769,289.0,0.577,306.0
1753617670598,12:01:10.598,huobi,A/USDT:USDT,0.5765,42.0,0.5764,290.0,0.5768,42.0,0.5769,42.0
1753617670691,12:01:10.691,huobi,A/USDT:USDT,0.5765,42.0,0.5764,290.0,0.5769,42.0,0.577,59.0
1753617670732,12:01:10.732,huobi,A/USDT:USDT,0.5765,42.0,0.5764,290.0,0.5769,42.0,0.577,59.0
1753617673517,12:01:13.517,huobi,A/USDT:USDT,0.5765,42.0,0.5764,290.0,0.5769,42.0,0.577,59.0
1753617673545,12:01:13.545,huobi,A/USDT:USDT,0.5765,42.0,0.5764,290.0,0.5769,42.0,0.577,59.0
1753617678056,12:01:18.056,huobi,A/USDT:USDT,0.5765,42.0,0.5764,43.0,0.5769,42.0,0.577,59.0
1753617678092,12:01:18.092,huobi,A/USDT:USDT,0.5765,42.0,0.5764,43.0,0.5769,42.0,0.577,59.0
1753617678116,12:01:18.116,huobi,A/USDT:USDT,0.5764,43.0,0.5763,439.0,0.5769,42.0,0.577,59.0
1753617678135,12:01:18.135,huobi,A/USDT:USDT,0.5764,43.0,0.5763,439.0,0.5769,42.0,0.577,59.0
1753617678171,12:01:18.171,huobi,A/USDT:USDT,0.5764,43.0,0.5763,439.0,0.5769,42.0,0.577,42.0
1753617678186,12:01:18.186,huobi,A/USDT:USDT,0.5764,43.0,0.5763,439.0,0.5769,42.0,0.577,42.0
1753617678221,12:01:18.221,huobi,A/USDT:USDT,0.5764,43.0,0.5763,439.0,0.5769,15.0,0.577,42.0
1753617678244,12:01:18.244,huobi,A/USDT:USDT,0.5764,43.0,0.5763,439.0,0.5769,15.0,0.577,42.0
1753617678278,12:01:18.278,huobi,A/USDT:USDT,0.5764,43.0,0.5763,439.0,0.5769,15.0,0.577,42.0
1753617678331,12:01:18.331,huobi,A/USDT:USDT,0.5764,43.0,0.5763,439.0,0.5769,15.0,0.577,42.0
1753617678337,12:01:18.337,huobi,A/USDT:USDT,0.5764,43.0,0.5763,439.0,0.5769,15.0,0.577,42.0
1753617678371,12:01:18.371,huobi,A/USDT:USDT,0.5764,43.0,0.5763,439.0,0.5768,42.0,0.5769,262.0
1753617678415,12:01:18.415,huobi,A/USDT:USDT,0.5764,43.0,0.5763,439.0,0.5768,42.0,0.5769,262.0
1753617678435,12:01:18.435,huobi,A/USDT:USDT,0.5764,43.0,0.5763,42.0,0.5768,42.0,0.5769,262.0
1753617678478,12:01:18.478,huobi,A/USDT:USDT,0.5764,43.0,0.5763,42.0,0.5768,42.0,0.5769,262.0
1753617678496,12:01:18.496,huobi,A/USDT:USDT,0.5763,42.0,0.5761,396.0,0.5768,42.0,0.5769,262.0
1753617678540,12:01:18.540,huobi,A/USDT:USDT,0.5763,42.0,0.5761,396.0,0.5768,42.0,0.5769,262.0
1753617678600,12:01:18.600,huobi,A/USDT:USDT,0.5763,42.0,0.5761,396.0,0.5768,42.0,0.5769,262.0
1753617678641,12:01:18.641,huobi,A/USDT:USDT,0.5763,42.0,0.5761,396.0,0.5768,42.0,0.5769,262.0
1753617678675,12:01:18.675,huobi,A/USDT:USDT,0.5763,42.0,0.5761,396.0,0.5768,42.0,0.5769,247.0
1753617678715,12:01:18.715,huobi,A/USDT:USDT,0.5763,42.0,0.5761,396.0,0.5768,58.0,0.5769,247.0
1753617678734,12:01:18.734,huobi,A/USDT:USDT,0.5763,42.0,0.5761,396.0,0.5768,58.0,0.5769,247.0
1753617678872,12:01:18.872,huobi,A/USDT:USDT,0.5763,42.0,0.5761,396.0,0.5767,42.0,0.5768,58.0
1753617678873,12:01:18.873,huobi,A/USDT:USDT,0.5763,42.0,0.5761,396.0,0.5767,42.0,0.5768,305.0
1753617678878,12:01:18.878,huobi,A/USDT:USDT,0.5763,42.0,0.5759,42.0,0.5767,42.0,0.5768,58.0
1753617678894,12:01:18.894,huobi,A/USDT:USDT,0.576,247.0,0.5759,453.0,0.5767,42.0,0.5768,58.0
1753617678911,12:01:18.911,huobi,A/USDT:USDT,0.576,247.0,0.5759,453.0,0.5767,42.0,0.5768,58.0
1753617680366,12:01:20.366,huobi,A/USDT:USDT,0.5761,42.0,0.576,247.0,0.5767,42.0,0.5768,58.0
1753617681840,12:01:21.840,huobi,A/USDT:USDT,0.5761,42.0,0.576,247.0,0.5767,42.0,0.5768,58.0
1753617681872,12:01:21.872,huobi,A/USDT:USDT,0.5761,42.0,0.576,247.0,0.5767,42.0,0.5768,58.0
1753617682508,12:01:22.508,huobi,A/USDT:USDT,0.5761,42.0,0.576,247.0,0.5767,42.0,0.5768,58.0
1753617683913,12:01:23.913,huobi,A/USDT:USDT,0.5761,42.0,0.576,247.0,0.5767,42.0,0.5768,58.0
1753617684595,12:01:24.595,huobi,A/USDT:USDT,0.5761,42.0,0.576,247.0,0.5767,42.0,0.5768,58.0
1753617684791,12:01:24.791,huobi,A/USDT:USDT,0.5761,42.0,0.576,247.0,0.5767,42.0,0.5768,58.0
1753617684838,12:01:24.838,huobi,A/USDT:USDT,0.5761,42.0,0.576,262.0,0.5767,42.0,0.5768,58.0
1753617686357,12:01:26.357,huobi,A/USDT:USDT,0.5761,42.0,0.576,262.0,0.5767,42.0,0.5768,58.0
1753617686660,12:01:26.660,huobi,A/USDT:USDT,0.5761,42.0,0.576,262.0,0.5767,42.0,0.5768,58.0
1753617687290,12:01:27.290,huobi,A/USDT:USDT,0.5761,42.0,0.576,262.0,0.5762,1.0,0.5767,42.0
1753617687310,12:01:27.310,huobi,A/USDT:USDT,0.5761,42.0,0.576,262.0,0.5766,42.0,0.5767,42.0
1753617687619,12:01:27.619,huobi,A/USDT:USDT,0.5761,42.0,0.576,262.0,0.5767,42.0,0.5768,58.0
1753617687694,12:01:27.694,huobi,A/USDT:USDT,0.5761,42.0,0.576,262.0,0.5767,42.0,0.5768,58.0
1753617687743,12:01:27.743,huobi,A/USDT:USDT,0.5761,42.0,0.576,262.0,0.5767,42.0,0.5768,42.0
1753617687755,12:01:27.755,huobi,A/USDT:USDT,0.5761,42.0,0.576,262.0,0.5768,42.0,0.5769,247.0
1753617687792,12:01:27.792,huobi,A/USDT:USDT,0.5761,42.0,0.576,262.0,0.5768,42.0,0.5769,263.0
1753617688711,12:01:28.711,huobi,A/USDT:USDT,0.5761,42.0,0.576,262.0,0.5768,42.0,0.5769,263.0
1753617688729,12:01:28.729,huobi,A/USDT:USDT,0.5761,42.0,0.576,262.0,0.5768,42.0,0.5769,263.0
1753617688746,12:01:28.746,huobi,A/USDT:USDT,0.5761,42.0,0.576,262.0,0.5768,42.0,0.5769,263.0
1753617691354,12:01:31.354,huobi,A/USDT:USDT,0.5761,42.0,0.576,262.0,0.5768,42.0,0.5769,16.0
1753617691423,12:01:31.423,huobi,A/USDT:USDT,0.5761,42.0,0.576,262.0,0.5768,42.0,0.5769,16.0
1753617691456,12:01:31.456,huobi,A/USDT:USDT,0.5761,42.0,0.576,247.0,0.5768,42.0,0.5769,16.0
1753617691494,12:01:31.494,huobi,A/USDT:USDT,0.5761,42.0,0.576,247.0,0.5768,42.0,0.5769,16.0
1753617691510,12:01:31.510,huobi,A/USDT:USDT,0.5761,56.0,0.576,247.0,0.5768,42.0,0.577,438.0
1753617691546,12:01:31.546,huobi,A/USDT:USDT,0.5761,56.0,0.576,247.0,0.5768,42.0,0.577,454.0
1753617691574,12:01:31.574,huobi,A/USDT:USDT,0.5761,42.0,0.576,247.0,0.5768,42.0,0.577,454.0
1753617691606,12:01:31.606,huobi,A/USDT:USDT,0.5762,16.0,0.5761,42.0,0.5768,42.0,0.577,454.0
1753617691649,12:01:31.649,huobi,A/USDT:USDT,0.5762,16.0,0.5761,42.0,0.5768,42.0,0.577,454.0
1753617691771,12:01:31.771,huobi,A/USDT:USDT,0.5762,58.0,0.5761,42.0,0.5768,42.0,0.577,454.0
1753617691795,12:01:31.795,huobi,A/USDT:USDT,0.5762,16.0,0.5761,42.0,0.5768,42.0,0.577,454.0
1753617691848,12:01:31.848,huobi,A/USDT:USDT,0.5763,42.0,0.5762,263.0,0.5768,42.0,0.577,438.0
1753617691898,12:01:31.898,huobi,A/USDT:USDT,0.5763,42.0,0.5762,263.0,0.5768,42.0,0.577,438.0
1753617691988,12:01:31.988,huobi,A/USDT:USDT,0.5764,42.0,0.5763,289.0,0.5768,42.0,0.577,438.0
1753617692034,12:01:32.034,huobi,A/USDT:USDT,0.5764,42.0,0.5763,289.0,0.5768,42.0,0.577,438.0
1753617692059,12:01:32.059,huobi,A/USDT:USDT,0.5764,289.0,0.5763,289.0,0.5768,42.0,0.577,438.0
1753617692085,12:01:32.085,huobi,A/USDT:USDT,0.5765,42.0,0.5764,42.0,0.5768,42.0,0.577,438.0
1753617692188,12:01:32.188,huobi,A/USDT:USDT,0.5765,42.0,0.5764,42.0,0.5768,42.0,0.577,438.0
1753617692197,12:01:32.197,huobi,A/USDT:USDT,0.5765,42.0,0.5764,289.0,0.5768,42.0,0.577,438.0
1753617692262,12:01:32.262,huobi,A/USDT:USDT,0.5765,42.0,0.5764,289.0,0.5768,42.0,0.577,438.0
1753617692327,12:01:32.327,huobi,A/USDT:USDT,0.5765,42.0,0.5764,289.0,0.5768,42.0,0.577,438.0
1753617692349,12:01:32.349,huobi,A/USDT:USDT,0.5765,42.0,0.5764,289.0,0.5768,42.0,0.577,438.0
1753617692385,12:01:32.385,huobi,A/USDT:USDT,0.5765,42.0,0.5764,289.0,0.5768,42.0,0.577,42.0
1753617692418,12:01:32.418,huobi,A/USDT:USDT,0.5766,42.0,0.5765,289.0,0.577,42.0,0.5771,15.0
1753617692453,12:01:32.453,huobi,A/USDT:USDT,0.5766,42.0,0.5765,42.0,0.577,42.0,0.5771,15.0
1753617692477,12:01:32.477,huobi,A/USDT:USDT,0.5766,42.0,0.5765,42.0,0.577,42.0,0.5771,15.0
1753617692517,12:01:32.517,huobi,A/USDT:USDT,0.5766,42.0,0.5765,42.0,0.577,42.0,0.5771,15.0
1753617692537,12:01:32.537,huobi,A/USDT:USDT,0.5766,42.0,0.5765,289.0,0.577,42.0,0.5771,15.0
1753617692670,12:01:32.670,huobi,A/USDT:USDT,0.5766,42.0,0.5765,289.0,0.577,42.0,0.5771,262.0
1753617693151,12:01:33.151,huobi,A/USDT:USDT,0.5766,42.0,0.5765,289.0,0.577,42.0,0.5771,262.0
1753617693172,12:01:33.172,huobi,A/USDT:USDT,0.5766,42.0,0.5765,289.0,0.577,42.0,0.5771,262.0
1753617698250,12:01:38.250,huobi,A/USDT:USDT,0.5766,289.0,0.5765,289.0,0.577,42.0,0.5771,262.0
1753617698259,12:01:38.259,huobi,A/USDT:USDT,0.5766,42.0,0.5765,289.0,0.577,42.0,0.5771,262.0
1753617698287,12:01:38.287,huobi,A/USDT:USDT,0.5766,42.0,0.5765,42.0,0.577,42.0,0.5771,262.0
1753617698325,12:01:38.325,huobi,A/USDT:USDT,0.5764,42.0,0.5763,57.0,0.577,42.0,0.5771,262.0
1753617698356,12:01:38.356,huobi,A/USDT:USDT,0.5764,42.0,0.5763,57.0,0.577,42.0,0.5771,262.0
1753617698376,12:01:38.376,huobi,A/USDT:USDT,0.5764,289.0,0.5763,57.0,0.577,42.0,0.5771,262.0
1753617698491,12:01:38.491,huobi,A/USDT:USDT,0.5765,42.0,0.5764,289.0,0.577,42.0,0.5771,262.0
1753617698841,12:01:38.841,huobi,A/USDT:USDT,0.5765,289.0,0.5764,289.0,0.577,42.0,0.5771,262.0
1753617698882,12:01:38.882,huobi,A/USDT:USDT,0.5765,289.0,0.5764,289.0,0.577,42.0,0.5771,15.0
1753617698901,12:01:38.901,huobi,A/USDT:USDT,0.5765,289.0,0.5764,289.0,0.577,42.0,0.5771,15.0
1753617698941,12:01:38.941,huobi,A/USDT:USDT,0.5766,42.0,0.5765,289.0,0.577,42.0,0.5771,15.0
1753617698962,12:01:38.962,huobi,A/USDT:USDT,0.5766,42.0,0.5765,289.0,0.577,42.0,0.5771,15.0
1753617699009,12:01:39.009,huobi,A/USDT:USDT,0.5766,42.0,0.5765,289.0,0.577,42.0,0.5772,42.0
1753617699015,12:01:39.015,huobi,A/USDT:USDT,0.5766,289.0,0.5765,289.0,0.5772,42.0,0.5773,399.0
1753617699053,12:01:39.053,huobi,A/USDT:USDT,0.5767,42.0,0.5766,289.0,0.5772,42.0,0.5773,415.0
1753617699073,12:01:39.073,huobi,A/USDT:USDT,0.5767,42.0,0.5766,42.0,0.5772,42.0,0.5773,415.0
1753617699112,12:01:39.112,huobi,A/USDT:USDT,0.5767,42.0,0.5766,42.0,0.5772,42.0,0.5773,415.0
1753617699127,12:01:39.127,huobi,A/USDT:USDT,0.5767,42.0,0.5766,42.0,0.5772,42.0,0.5773,415.0
1753617699155,12:01:39.155,huobi,A/USDT:USDT,0.5767,42.0,0.5766,42.0,0.5772,42.0,0.5773,415.0
1753617699206,12:01:39.206,huobi,A/USDT:USDT,0.5765,57.0,0.5764,42.0,0.5772,42.0,0.5773,399.0
1753617699223,12:01:39.223,huobi,A/USDT:USDT,0.5766,42.0,0.5765,57.0,0.5772,42.0,0.5773,399.0
1753617699265,12:01:39.265,huobi,A/USDT:USDT,0.5766,42.0,0.5765,57.0,0.5772,42.0,0.5774,58.0
1753617699288,12:01:39.288,huobi,A/USDT:USDT,0.5766,42.0,0.5765,57.0,0.5772,42.0,0.5774,58.0
1753617699356,12:01:39.356,huobi,A/USDT:USDT,0.5766,289.0,0.5765,57.0,0.5772,42.0,0.5774,58.0
1753617699372,12:01:39.372,huobi,A/USDT:USDT,0.5767,42.0,0.5766,42.0,0.5772,42.0,0.5774,58.0
1753617699440,12:01:39.440,huobi,A/USDT:USDT,0.5766,42.0,0.5765,304.0,0.5772,42.0,0.5774,58.0
1753617699532,12:01:39.532,huobi,A/USDT:USDT,0.5766,42.0,0.5765,304.0,0.5772,42.0,0.5774,58.0
1753617699548,12:01:39.548,huobi,A/USDT:USDT,0.5766,42.0,0.5765,304.0,0.5772,42.0,0.5774,58.0
1753617699577,12:01:39.577,huobi,A/USDT:USDT,0.5767,42.0,0.5766,289.0,0.5772,42.0,0.5774,58.0
1753617699610,12:01:39.610,huobi,A/USDT:USDT,0.5767,42.0,0.5766,289.0,0.5772,42.0,0.5774,58.0
1753617699670,12:01:39.670,huobi,A/USDT:USDT,0.5767,42.0,0.5766,289.0,0.5772,42.0,0.5774,58.0
1753617700031,12:01:40.031,huobi,A/USDT:USDT,0.5767,42.0,0.5766,289.0,0.5772,42.0,0.5774,58.0
1753617700059,12:01:40.059,huobi,A/USDT:USDT,0.5767,289.0,0.5766,289.0,0.5772,42.0,0.5774,58.0
1753617700089,12:01:40.089,huobi,A/USDT:USDT,0.5768,42.0,0.5767,42.0,0.5772,42.0,0.5774,58.0
1753617700129,12:01:40.129,huobi,A/USDT:USDT,0.5768,42.0,0.5767,289.0,0.5772,42.0,0.5774,58.0
1753617700193,12:01:40.193,huobi,A/USDT:USDT,0.5768,42.0,0.5767,42.0,0.5772,42.0,0.5774,58.0
1753617700235,12:01:40.235,huobi,A/USDT:USDT,0.5767,42.0,0.5766,42.0,0.5772,42.0,0.5774,58.0
1753617700275,12:01:40.275,huobi,A/USDT:USDT,0.5767,42.0,0.5766,289.0,0.5772,42.0,0.5774,58.0
1753617700367,12:01:40.367,huobi,A/USDT:USDT,0.5767,42.0,0.5766,289.0,0.5772,42.0,0.5774,58.0
1753617701645,12:01:41.645,huobi,A/USDT:USDT,0.5767,42.0,0.5766,289.0,0.5772,42.0,0.5774,58.0
1753617703111,12:01:43.111,huobi,A/USDT:USDT,0.5767,42.0,0.5766,289.0,0.5772,42.0,0.5774,58.0
1753617703125,12:01:43.125,huobi,A/USDT:USDT,0.5767,42.0,0.5766,289.0,0.5772,42.0,0.5774,58.0
1753617712712,12:01:52.712,huobi,A/USDT:USDT,0.5767,42.0,0.5766,289.0,0.5772,42.0,0.5774,58.0
1753617712736,12:01:52.736,huobi,A/USDT:USDT,0.5767,42.0,0.5766,289.0,0.5772,42.0,0.5774,58.0
1753617716265,12:01:56.265,huobi,A/USDT:USDT,0.5767,289.0,0.5766,289.0,0.5772,42.0,0.5774,58.0
1753617716372,12:01:56.372,huobi,A/USDT:USDT,0.5768,43.0,0.5767,289.0,0.5772,42.0,0.5774,58.0
1753617716393,12:01:56.393,huobi,A/USDT:USDT,0.5768,290.0,0.5767,289.0,0.5772,42.0,0.5774,58.0
1753617716409,12:01:56.409,huobi,A/USDT:USDT,0.5769,43.0,0.5768,290.0,0.5772,42.0,0.5774,58.0
1753617716499,12:01:56.499,huobi,A/USDT:USDT,0.5769,43.0,0.5768,43.0,0.5772,42.0,0.5774,58.0
1753617716529,12:01:56.529,huobi,A/USDT:USDT,0.5769,43.0,0.5767,289.0,0.5772,42.0,0.5774,58.0
1753617716651,12:01:56.651,huobi,A/USDT:USDT,0.5769,43.0,0.5768,247.0,0.5772,42.0,0.5774,58.0
1753617718668,12:01:58.668,huobi,A/USDT:USDT,0.5769,43.0,0.5768,247.0,0.5772,42.0,0.5774,58.0
1753617718777,12:01:58.777,huobi,A/USDT:USDT,0.5769,43.0,0.5767,247.0,0.5772,42.0,0.5774,58.0
1753617719986,12:01:59.986,huobi,A/USDT:USDT,0.5769,43.0,0.5767,247.0,0.5772,42.0,0.5774,58.0
1753617720083,12:02:00.083,huobi,A/USDT:USDT,0.5769,43.0,0.5767,247.0,0.5772,42.0,0.5774,58.0
1753617720179,12:02:00.179,huobi,A/USDT:USDT,0.5769,43.0,0.5767,247.0,0.5772,42.0,0.5774,58.0
1753617720204,12:02:00.204,huobi,A/USDT:USDT,0.5769,43.0,0.5767,247.0,0.5772,42.0,0.5774,58.0
1753617720236,12:02:00.236,huobi,A/USDT:USDT,0.5769,43.0,0.5767,247.0,0.5772,42.0,0.5774,42.0
1753617720247,12:02:00.247,huobi,A/USDT:USDT,0.5769,43.0,0.5767,247.0,0.5774,42.0,0.5775,442.0
1753617720278,12:02:00.278,huobi,A/USDT:USDT,0.5769,43.0,0.5767,247.0,0.5774,42.0,0.5775,456.0
1753617720309,12:02:00.309,huobi,A/USDT:USDT,0.5769,43.0,0.5767,247.0,0.5774,289.0,0.5775,456.0
1753617720360,12:02:00.360,huobi,A/USDT:USDT,0.5769,43.0,0.5767,247.0,0.5773,290.0,0.5774,289.0
1753617720369,12:02:00.369,huobi,A/USDT:USDT,0.5769,43.0,0.5767,247.0,0.5772,43.0,0.5773,43.0
1753617720453,12:02:00.453,huobi,A/USDT:USDT,0.5769,43.0,0.5767,247.0,0.5772,43.0,0.5773,43.0
1753617720493,12:02:00.493,huobi,A/USDT:USDT,0.5769,43.0,0.5767,247.0,0.5772,43.0,0.5773,43.0
1753617720516,12:02:00.516,huobi,A/USDT:USDT,0.5769,43.0,0.5767,247.0,0.5773,43.0,0.5774,289.0
1753617720807,12:02:00.807,huobi,A/USDT:USDT,0.5769,43.0,0.5767,247.0,0.5773,43.0,0.5774,289.0
1753617720838,12:02:00.838,huobi,A/USDT:USDT,0.5769,43.0,0.5767,247.0,0.5773,43.0,0.5774,289.0
1753617722938,12:02:02.938,huobi,A/USDT:USDT,0.5769,43.0,0.5767,247.0,0.5773,43.0,0.5774,289.0
1753617725521,12:02:05.521,huobi,A/USDT:USDT,0.5769,43.0,0.5767,247.0,0.5773,43.0,0.5774,289.0
1753617725525,12:02:05.525,huobi,A/USDT:USDT,0.5769,43.0,0.5767,247.0,0.5773,43.0,0.5774,289.0
1753617725559,12:02:05.559,huobi,A/USDT:USDT,0.5769,43.0,0.5766,42.0,0.5773,43.0,0.5774,289.0
1753617725587,12:02:05.587,huobi,A/USDT:USDT,0.5769,43.0,0.5766,42.0,0.5773,43.0,0.5774,289.0
1753617725623,12:02:05.623,huobi,A/USDT:USDT,0.5765,16.0,0.5764,42.0,0.5772,43.0,0.5773,59.0
1753617725651,12:02:05.651,huobi,A/USDT:USDT,0.5766,43.0,0.5765,16.0,0.5772,43.0,0.5773,306.0
1753617725705,12:02:05.705,huobi,A/USDT:USDT,0.5766,43.0,0.5764,42.0,0.5772,43.0,0.5773,306.0
1753617725741,12:02:05.741,huobi,A/USDT:USDT,0.5766,43.0,0.5764,58.0,0.5772,43.0,0.5773,306.0
1753617725769,12:02:05.769,huobi,A/USDT:USDT,0.5766,43.0,0.5764,58.0,0.5771,43.0,0.5772,290.0
1753617725858,12:02:05.858,huobi,A/USDT:USDT,0.5766,43.0,0.5765,247.0,0.5771,43.0,0.5772,43.0
1753617725960,12:02:05.960,huobi,A/USDT:USDT,0.5766,43.0,0.5765,247.0,0.5772,290.0,0.5773,59.0
1753617725984,12:02:05.984,huobi,A/USDT:USDT,0.5766,43.0,0.5765,247.0,0.5771,43.0,0.5772,290.0
1753617726113,12:02:06.113,huobi,A/USDT:USDT,0.5766,43.0,0.5765,247.0,0.5771,43.0,0.5772,43.0
1753617726142,12:02:06.142,huobi,A/USDT:USDT,0.5766,43.0,0.5765,247.0,0.5772,43.0,0.5773,59.0
1753617727172,12:02:07.172,huobi,A/USDT:USDT,0.5766,43.0,0.5765,247.0,0.5772,43.0,0.5773,59.0
1753617728513,12:02:08.513,huobi,A/USDT:USDT,0.5766,43.0,0.5765,247.0,0.5772,43.0,0.5773,59.0
1753617728526,12:02:08.526,huobi,A/USDT:USDT,0.5766,43.0,0.5765,247.0,0.5772,43.0,0.5773,59.0
1753617734887,12:02:14.887,huobi,A/USDT:USDT,0.577,3.0,0.5766,43.0,0.5772,43.0,0.5773,59.0
1753617735655,12:02:15.655,huobi,A/USDT:USDT,0.5766,43.0,0.5765,247.0,0.5772,43.0,0.5773,59.0
1753617735687,12:02:15.687,huobi,A/USDT:USDT,0.5766,43.0,0.5765,263.0,0.5772,43.0,0.5773,59.0
1753617738116,12:02:18.116,huobi,A/USDT:USDT,0.5766,43.0,0.5765,263.0,0.5772,43.0,0.5773,59.0
1753617738135,12:02:18.135,huobi,A/USDT:USDT,0.5766,43.0,0.5765,263.0,0.5772,43.0,0.5773,59.0
1753617739158,12:02:19.158,huobi,A/USDT:USDT,0.5766,43.0,0.5765,263.0,0.5772,43.0,0.5773,43.0
1753617739198,12:02:19.198,huobi,A/USDT:USDT,0.5766,43.0,0.5765,263.0,0.5772,43.0,0.5773,43.0
1753617739239,12:02:19.239,huobi,A/USDT:USDT,0.5766,43.0,0.5765,263.0,0.5773,43.0,0.5774,304.0
1753617739296,12:02:19.296,huobi,A/USDT:USDT,0.5766,57.0,0.5765,247.0,0.5773,43.0,0.5774,304.0
1753617739370,12:02:19.370,huobi,A/USDT:USDT,0.5767,289.0,0.5766,57.0,0.5773,43.0,0.5774,304.0
1753617739413,12:02:19.413,huobi,A/USDT:USDT,0.5767,289.0,0.5766,57.0,0.5773,43.0,0.5774,304.0
1753617739429,12:02:19.429,huobi,A/USDT:USDT,0.5768,42.0,0.5767,289.0,0.5773,43.0,0.5774,304.0
1753617739457,12:02:19.457,huobi,A/USDT:USDT,0.5768,42.0,0.5767,289.0,0.5773,43.0,0.5774,304.0
1753617739983,12:02:19.983,huobi,A/USDT:USDT,0.5768,42.0,0.5767,289.0,0.5773,43.0,0.5774,304.0
1753617739998,12:02:19.998,huobi,A/USDT:USDT,0.5768,289.0,0.5767,289.0,0.5773,43.0,0.5774,304.0
1753617740037,12:02:20.037,huobi,A/USDT:USDT,0.5769,42.0,0.5768,42.0,0.5773,43.0,0.5774,304.0
1753617740107,12:02:20.107,huobi,A/USDT:USDT,0.5769,42.0,0.5768,42.0,0.5773,43.0,0.5774,304.0
1753617740172,12:02:20.172,huobi,A/USDT:USDT,0.5768,42.0,0.5767,289.0,0.5773,43.0,0.5774,304.0
1753617740489,12:02:20.489,huobi,A/USDT:USDT,0.5768,42.0,0.5767,289.0,0.5773,43.0,0.5774,57.0
1753617740588,12:02:20.588,huobi,A/USDT:USDT,0.5768,42.0,0.5767,289.0,0.5773,43.0,0.5774,57.0
1753617740594,12:02:20.594,huobi,A/USDT:USDT,0.5768,42.0,0.5767,289.0,0.5773,43.0,0.5774,42.0
1753617740623,12:02:20.623,huobi,A/USDT:USDT,0.5768,42.0,0.5767,289.0,0.5774,42.0,0.5775,459.0
1753617740650,12:02:20.650,huobi,A/USDT:USDT,0.5768,42.0,0.5767,289.0,0.5774,42.0,0.5775,459.0
1753617742105,12:02:22.105,huobi,A/USDT:USDT,0.5768,42.0,0.5767,289.0,0.5774,42.0,0.5775,459.0
1753617753467,12:02:33.467,huobi,A/USDT:USDT,0.5768,289.0,0.5767,289.0,0.5774,42.0,0.5775,459.0
1753617753493,12:02:33.493,huobi,A/USDT:USDT,0.5769,43.0,0.5768,42.0,0.5774,42.0,0.5775,459.0
1753617753573,12:02:33.573,huobi,A/USDT:USDT,0.5769,43.0,0.5768,42.0,0.5774,42.0,0.5775,459.0
1753617753591,12:02:33.591,huobi,A/USDT:USDT,0.5769,43.0,0.5768,289.0,0.5774,42.0,0.5775,459.0
1753617754500,12:02:34.500,huobi,A/USDT:USDT,0.5769,290.0,0.5768,289.0,0.5774,42.0,0.5775,459.0
1753617754514,12:02:34.514,huobi,A/USDT:USDT,0.5769,43.0,0.5768,289.0,0.5774,42.0,0.5775,459.0
1753617754591,12:02:34.591,huobi,A/USDT:USDT,0.5769,43.0,0.5768,289.0,0.5774,42.0,0.5775,459.0
1753617754591,12:02:34.591,huobi,A/USDT:USDT,0.5769,43.0,0.5768,42.0,0.5774,42.0,0.5775,459.0
1753617754624,12:02:34.624,huobi,A/USDT:USDT,0.5767,42.0,0.5766,57.0,0.5774,42.0,0.5775,459.0
1753617754634,12:02:34.634,huobi,A/USDT:USDT,0.5767,289.0,0.5766,57.0,0.5774,42.0,0.5775,459.0
1753617754662,12:02:34.662,huobi,A/USDT:USDT,0.5768,290.0,0.5767,289.0,0.5774,42.0,0.5775,459.0
1753617754770,12:02:34.770,huobi,A/USDT:USDT,0.5768,290.0,0.5767,42.0,0.5774,42.0,0.5775,459.0
1753617754784,12:02:34.784,huobi,A/USDT:USDT,0.5769,43.0,0.5768,290.0,0.5774,42.0,0.5775,459.0
1753617755669,12:02:35.669,huobi,A/USDT:USDT,0.5769,43.0,0.5768,43.0,0.5774,42.0,0.5775,459.0
1753617755681,12:02:35.681,huobi,A/USDT:USDT,0.5768,43.0,0.5767,42.0,0.5774,42.0,0.5775,459.0
1753617755717,12:02:35.717,huobi,A/USDT:USDT,0.5767,42.0,0.5766,57.0,0.5774,42.0,0.5775,459.0
1753617755752,12:02:35.752,huobi,A/USDT:USDT,0.5768,43.0,0.5767,42.0,0.5774,42.0,0.5775,459.0
1753617755767,12:02:35.767,huobi,A/USDT:USDT,0.5767,42.0,0.5766,57.0,0.5774,42.0,0.5775,459.0
1753617758367,12:02:38.367,huobi,A/USDT:USDT,0.5767,42.0,0.5766,57.0,0.5774,42.0,0.5775,459.0
1753617758420,12:02:38.420,huobi,A/USDT:USDT,0.5767,42.0,0.5766,57.0,0.5774,42.0,0.5775,459.0
1753617758436,12:02:38.436,huobi,A/USDT:USDT,0.5767,42.0,0.5766,57.0,0.5774,42.0,0.5775,459.0
1753617758509,12:02:38.509,huobi,A/USDT:USDT,0.5767,42.0,0.5766,57.0,0.5774,42.0,0.5775,459.0
1753617759154,12:02:39.154,huobi,A/USDT:USDT,0.5767,42.0,0.5766,57.0,0.5774,42.0,0.5775,459.0
1753617762111,12:02:42.111,huobi,A/USDT:USDT,0.5767,42.0,0.5766,57.0,0.5774,42.0,0.5775,459.0
1753617762128,12:02:42.128,huobi,A/USDT:USDT,0.5767,42.0,0.5766,57.0,0.5774,42.0,0.5775,459.0
1753617770682,12:02:50.682,huobi,A/USDT:USDT,0.5767,289.0,0.5766,57.0,0.5774,42.0,0.5775,459.0
1753617770789,12:02:50.789,huobi,A/USDT:USDT,0.5768,43.0,0.5767,289.0,0.5774,42.0,0.5775,459.0
1753617771259,12:02:51.259,huobi,A/USDT:USDT,0.5768,290.0,0.5767,289.0,0.5774,42.0,0.5775,459.0
1753617771277,12:02:51.277,huobi,A/USDT:USDT,0.5769,43.0,0.5768,290.0,0.5774,42.0,0.5775,459.0
1753617771367,12:02:51.367,huobi,A/USDT:USDT,0.5769,43.0,0.5768,290.0,0.5774,42.0,0.5775,459.0
1753617771400,12:02:51.400,huobi,A/USDT:USDT,0.577,43.0,0.5769,290.0,0.5774,42.0,0.5775,459.0
1753617771491,12:02:51.491,huobi,A/USDT:USDT,0.577,43.0,0.5769,43.0,0.5774,42.0,0.5775,459.0
1753617771562,12:02:51.562,huobi,A/USDT:USDT,0.5769,43.0,0.5768,290.0,0.5774,42.0,0.5775,459.0
1753617771713,12:02:51.713,huobi,A/USDT:USDT,0.5769,43.0,0.5768,290.0,0.5774,42.0,0.5775,459.0
1753617771729,12:02:51.729,huobi,A/USDT:USDT,0.5769,43.0,0.5768,290.0,0.5774,42.0,0.5775,459.0
1753617773439,12:02:53.439,huobi,A/USDT:USDT,0.5769,43.0,0.5768,290.0,0.5774,289.0,0.5775,459.0
1753617773473,12:02:53.473,huobi,A/USDT:USDT,0.5769,43.0,0.5768,290.0,0.5773,43.0,0.5774,289.0
1753617773496,12:02:53.496,huobi,A/USDT:USDT,0.5769,43.0,0.5768,290.0,0.5772,43.0,0.5773,290.0
1753617773529,12:02:53.529,huobi,A/USDT:USDT,0.5769,43.0,0.5768,290.0,0.5772,43.0,0.5773,43.0
1753617773581,12:02:53.581,huobi,A/USDT:USDT,0.5769,43.0,0.5768,290.0,0.5772,43.0,0.5773,43.0
1753617773595,12:02:53.595,huobi,A/USDT:USDT,0.5769,43.0,0.5768,290.0,0.5772,43.0,0.5773,43.0
1753617773649,12:02:53.649,huobi,A/USDT:USDT,0.5769,43.0,0.5768,290.0,0.5773,43.0,0.5774,305.0
1753617773701,12:02:53.701,huobi,A/USDT:USDT,0.5769,43.0,0.5768,43.0,0.5773,43.0,0.5774,305.0
1753617773714,12:02:53.714,huobi,A/USDT:USDT,0.5768,43.0,0.5767,42.0,0.5773,43.0,0.5774,305.0
1753617773775,12:02:53.775,huobi,A/USDT:USDT,0.5767,42.0,0.5766,57.0,0.5773,43.0,0.5774,305.0
1753617773831,12:02:53.831,huobi,A/USDT:USDT,0.5767,42.0,0.5766,43.0,0.5773,43.0,0.5774,305.0
1753617773855,12:02:53.855,huobi,A/USDT:USDT,0.5765,16.0,0.5764,42.0,0.5773,43.0,0.5774,305.0
1753617774005,12:02:54.005,huobi,A/USDT:USDT,0.5766,43.0,0.5765,263.0,0.5773,43.0,0.5774,305.0
1753617779379,12:02:59.379,huobi,A/USDT:USDT,0.5766,43.0,0.5765,247.0,0.5773,43.0,0.5774,305.0
1753617779412,12:02:59.412,huobi,A/USDT:USDT,0.5766,57.0,0.5765,247.0,0.5773,43.0,0.5774,42.0
1753617779438,12:02:59.438,huobi,A/USDT:USDT,0.5767,43.0,0.5766,304.0,0.5774,42.0,0.5775,456.0
1753617779537,12:02:59.537,huobi,A/USDT:USDT,0.5767,43.0,0.5766,304.0,0.5774,42.0,0.5775,456.0
1753617780166,12:03:00.166,huobi,A/USDT:USDT,0.5767,43.0,0.5766,57.0,0.5774,42.0,0.5775,456.0
1753617780185,12:03:00.185,huobi,A/USDT:USDT,0.5767,43.0,0.5766,57.0,0.5774,289.0,0.5775,456.0
1753617780253,12:03:00.253,huobi,A/USDT:USDT,0.5767,43.0,0.5766,57.0,0.5773,43.0,0.5774,289.0
1753617780438,12:03:00.438,huobi,A/USDT:USDT,0.5767,43.0,0.5766,57.0,0.5773,43.0,0.5774,289.0
1753617780472,12:03:00.472,huobi,A/USDT:USDT,0.5767,43.0,0.5766,57.0,0.5773,43.0,0.5774,305.0
1753617781314,12:03:01.314,huobi,A/USDT:USDT,0.5767,43.0,0.5766,57.0,0.5773,43.0,0.5774,305.0
1753617781330,12:03:01.330,huobi,A/USDT:USDT,0.5767,43.0,0.5766,57.0,0.5773,43.0,0.5774,305.0
1753617785017,12:03:05.017,huobi,A/USDT:USDT,0.5767,43.0,0.5766,57.0,0.5769,2.0,0.5773,43.0
1753617785047,12:03:05.047,huobi,A/USDT:USDT,0.5767,43.0,0.5766,57.0,0.5773,43.0,0.5774,305.0
1753617787317,12:03:07.317,huobi,A/USDT:USDT,0.5767,43.0,0.5766,57.0,0.5773,43.0,0.5774,289.0
