timestamp,time,exchange,symbol,bid1_price,bid1_volume,bid2_price,bid2_volume,ask1_price,ask1_volume,ask2_price,ask2_volume
1753617163499,11:52:43.499,phemex,ADA/USDT:USDT,0.8226,530.94,0.8225,1473.67,0.8227,1532.73,0.8228,12959.32
1753617163640,11:52:43.640,phemex,ADA/USDT:USDT,0.8226,530.94,0.8225,1473.67,0.8227,1001.79,0.8228,12959.32
1753617163745,11:52:43.745,phemex,ADA/USDT:USDT,0.8226,530.94,0.8225,1473.67,0.8227,1001.79,0.8228,12021.43
1753617164245,11:52:44.245,phemex,ADA/USDT:USDT,0.8226,530.94,0.8225,1473.67,0.8227,1001.79,0.8228,12021.43
1753617164253,11:52:44.253,phemex,ADA/USDT:USDT,0.8226,530.94,0.8225,1473.67,0.8227,1001.79,0.8228,11492.84
1753617164321,11:52:44.321,phemex,ADA/USDT:USDT,0.8226,530.94,0.8225,1473.67,0.8227,1001.79,0.8229,15292.5
1753617164343,11:52:44.343,phemex,ADA/USDT:USDT,0.8226,530.94,0.8225,1473.67,0.8227,12494.63,0.8228,530.94
1753617164438,11:52:44.438,phemex,ADA/USDT:USDT,0.8226,530.94,0.8225,1473.67,0.8227,12494.63,0.8228,530.94
1753617164462,11:52:44.462,phemex,ADA/USDT:USDT,0.8226,530.94,0.8225,1473.67,0.8227,12494.63,0.8228,530.94
1753617164501,11:52:44.501,phemex,ADA/USDT:USDT,0.8226,530.94,0.8225,1473.67,0.8227,12494.63,0.8228,530.94
1753617164531,11:52:44.531,phemex,ADA/USDT:USDT,0.8226,530.94,0.8225,1473.67,0.8227,12494.63,0.8228,530.94
1753617164534,11:52:44.534,phemex,ADA/USDT:USDT,0.8226,13030.94,0.8225,1473.67,0.8227,12494.63,0.8228,530.94
1753617164560,11:52:44.560,phemex,ADA/USDT:USDT,0.8226,13030.94,0.8225,1473.67,0.8227,12494.63,0.8229,2491.79
1753617164582,11:52:44.582,phemex,ADA/USDT:USDT,0.8226,13030.94,0.8225,1473.67,0.8227,12494.63,0.8229,2491.79
1753617164659,11:52:44.659,phemex,ADA/USDT:USDT,0.8226,13030.94,0.8225,1473.67,0.8227,12494.63,0.8228,530.94
1753617164680,11:52:44.680,phemex,ADA/USDT:USDT,0.8226,13030.94,0.8225,1473.67,0.8227,12494.63,0.8228,530.94
1753617164712,11:52:44.712,phemex,ADA/USDT:USDT,0.8226,13030.94,0.8225,1473.67,0.8227,12494.63,0.8229,8906.38
1753617164745,11:52:44.745,phemex,ADA/USDT:USDT,0.8226,13030.94,0.8225,1473.67,0.8227,12494.63,0.8229,8906.38
1753617164788,11:52:44.788,phemex,ADA/USDT:USDT,0.8226,13030.94,0.8225,1473.67,0.8227,12494.63,0.8229,8906.38
1753617164872,11:52:44.872,phemex,ADA/USDT:USDT,0.8226,13030.94,0.8225,1473.67,0.8227,1001.79,0.8229,7932.93
1753617164874,11:52:44.874,phemex,ADA/USDT:USDT,0.8226,13030.94,0.8225,1473.67,0.8227,1001.79,0.8229,7932.93
1753617164947,11:52:44.947,phemex,ADA/USDT:USDT,0.8226,13030.94,0.8225,1473.67,0.8227,1001.79,0.8229,8870.76
1753617164955,11:52:44.955,phemex,ADA/USDT:USDT,0.8226,13030.94,0.8225,1473.67,0.8227,1001.79,0.8229,15280.93
1753617165166,11:52:45.166,phemex,ADA/USDT:USDT,0.8226,13030.94,0.8225,1473.67,0.8227,1001.79,0.8228,530.94
1753617165216,11:52:45.216,phemex,ADA/USDT:USDT,0.8226,13030.94,0.8225,1473.67,0.8227,1001.79,0.8228,530.94
1753617165364,11:52:45.364,phemex,ADA/USDT:USDT,0.8226,13030.94,0.8225,1473.67,0.8227,1001.79,0.8229,15280.93
1753617165403,11:52:45.403,phemex,ADA/USDT:USDT,0.8226,13030.94,0.8225,1473.67,0.8227,1001.79,0.8229,15280.93
1753617165570,11:52:45.570,phemex,ADA/USDT:USDT,0.8226,13030.94,0.8225,1473.67,0.8227,1001.79,0.8228,530.94
1753617166764,11:52:46.764,phemex,ADA/USDT:USDT,0.8226,15078.59,0.8225,1473.67,0.8227,1001.79,0.8228,530.94
1753617167791,11:52:47.791,phemex,ADA/USDT:USDT,0.8226,15078.59,0.8225,1473.67,0.8227,1001.79,0.8228,530.94
1753617168020,11:52:48.020,phemex,ADA/USDT:USDT,0.8226,15078.59,0.8225,1473.67,0.8227,1001.79,0.8228,530.94
1753617168563,11:52:48.563,phemex,ADA/USDT:USDT,0.8226,15078.59,0.8225,1473.67,0.8227,1001.79,0.8228,530.94
1753617168574,11:52:48.574,phemex,ADA/USDT:USDT,0.8226,15078.59,0.8225,1473.67,0.8227,1001.79,0.8228,530.94
1753617168619,11:52:48.619,phemex,ADA/USDT:USDT,0.8226,15078.59,0.8225,1473.67,0.8227,1001.79,0.8228,530.94
1753617168623,11:52:48.623,phemex,ADA/USDT:USDT,0.8226,15078.59,0.8225,1473.67,0.8227,1001.79,0.8228,530.94
1753617168883,11:52:48.883,phemex,ADA/USDT:USDT,0.8226,15078.59,0.8225,1473.67,0.8227,1001.79,0.8229,7932.93
1753617168927,11:52:48.927,phemex,ADA/USDT:USDT,0.8226,15078.59,0.8225,1473.67,0.8227,1001.79,0.8229,7932.93
1753617169125,11:52:49.125,phemex,ADA/USDT:USDT,0.8226,15078.59,0.8225,1473.67,0.8227,1001.79,0.8229,15273.07
1753617169226,11:52:49.226,phemex,ADA/USDT:USDT,0.8226,15078.59,0.8225,1473.67,0.8227,1001.79,0.8229,15273.07
1753617169383,11:52:49.383,phemex,ADA/USDT:USDT,0.8226,15078.59,0.8225,1473.67,0.8227,1001.79,0.8228,520.42
1753617169460,11:52:49.460,phemex,ADA/USDT:USDT,0.8226,15078.59,0.8225,1473.67,0.8227,1001.79,0.8229,15273.07
1753617169475,11:52:49.475,phemex,ADA/USDT:USDT,0.8226,15078.59,0.8225,1473.67,0.8227,1001.79,0.8229,15273.07
1753617169530,11:52:49.530,phemex,ADA/USDT:USDT,0.8226,15078.59,0.8225,1473.67,0.8227,1001.79,0.8229,7932.93
1753617169577,11:52:49.577,phemex,ADA/USDT:USDT,0.8226,15078.59,0.8225,1473.67,0.8227,1001.79,0.8229,7932.93
1753617169887,11:52:49.887,phemex,ADA/USDT:USDT,0.8226,15078.59,0.8225,1473.67,0.8227,1001.79,0.8229,7932.93
1753617169929,11:52:49.929,phemex,ADA/USDT:USDT,0.8226,15078.59,0.8225,1473.67,0.8227,1001.79,0.8229,8870.76
1753617169979,11:52:49.979,phemex,ADA/USDT:USDT,0.8226,15078.59,0.8225,1473.67,0.8227,1001.79,0.8229,15271.12
1753617170003,11:52:50.003,phemex,ADA/USDT:USDT,0.8226,15078.59,0.8225,1473.67,0.8227,1001.79,0.8229,15271.12
1753617170011,11:52:50.011,phemex,ADA/USDT:USDT,0.8226,15078.59,0.8225,1473.67,0.8227,1001.79,0.8229,15271.12
1753617170033,11:52:50.033,phemex,ADA/USDT:USDT,0.8226,15078.59,0.8225,1473.67,0.8227,1001.79,0.8229,15271.12
1753617170137,11:52:50.137,phemex,ADA/USDT:USDT,0.8226,15078.59,0.8225,1473.67,0.8227,1001.79,0.8228,520.42
1753617170205,11:52:50.205,phemex,ADA/USDT:USDT,0.8226,15078.59,0.8225,1473.67,0.8227,1001.79,0.8228,520.42
1753617170391,11:52:50.391,phemex,ADA/USDT:USDT,0.8226,15078.59,0.8225,1473.67,0.8227,1001.79,0.8229,15271.12
1753617170402,11:52:50.402,phemex,ADA/USDT:USDT,0.8226,15078.59,0.8225,1473.67,0.8227,1001.79,0.8229,15271.12
1753617170521,11:52:50.521,phemex,ADA/USDT:USDT,0.8226,15078.59,0.8225,1473.67,0.8227,1001.79,0.8229,7932.93
1753617170737,11:52:50.737,phemex,ADA/USDT:USDT,0.8226,15078.59,0.8225,1473.67,0.8227,1001.79,0.8229,15271.12
1753617170766,11:52:50.766,phemex,ADA/USDT:USDT,0.8226,15078.59,0.8225,1473.67,0.8227,1001.79,0.8229,14271.12
1753617170797,11:52:50.797,phemex,ADA/USDT:USDT,0.8226,15078.59,0.8225,1473.67,0.8227,1001.79,0.8229,14271.12
1753617170831,11:52:50.831,phemex,ADA/USDT:USDT,0.8226,15078.59,0.8225,1473.67,0.8227,1001.79,0.8229,14271.12
1753617171060,11:52:51.060,phemex,ADA/USDT:USDT,0.8226,15078.59,0.8225,1473.67,0.8227,1001.79,0.8229,13333.29
1753617171187,11:52:51.187,phemex,ADA/USDT:USDT,0.8226,15078.59,0.8225,1473.67,0.8227,1001.79,0.8229,14271.12
1753617171446,11:52:51.446,phemex,ADA/USDT:USDT,0.8226,15078.59,0.8225,1473.67,0.8227,1001.79,0.8229,6932.93
1753617171486,11:52:51.486,phemex,ADA/USDT:USDT,0.8226,15078.59,0.8225,1473.67,0.8227,1001.79,0.8229,6932.93
1753617171532,11:52:51.532,phemex,ADA/USDT:USDT,0.8226,15078.59,0.8225,1473.67,0.8227,1001.79,0.8229,6932.93
1753617171551,11:52:51.551,phemex,ADA/USDT:USDT,0.8226,15078.59,0.8225,1473.67,0.8227,1001.79,0.8229,6414.59
1753617171611,11:52:51.611,phemex,ADA/USDT:USDT,0.8226,15078.59,0.8225,1473.67,0.8227,1001.79,0.8229,6414.59
1753617171654,11:52:51.654,phemex,ADA/USDT:USDT,0.8226,15078.59,0.8225,1473.67,0.8227,1001.79,0.8229,6414.59
1753617171668,11:52:51.668,phemex,ADA/USDT:USDT,0.8226,15078.59,0.8225,1473.67,0.8227,1001.79,0.8229,6414.59
1753617171695,11:52:51.695,phemex,ADA/USDT:USDT,0.8226,15078.59,0.8225,1473.67,0.8227,1001.79,0.823,20819.91
1753617171711,11:52:51.711,phemex,ADA/USDT:USDT,0.8226,15078.59,0.8225,1473.67,0.8227,1001.79,0.823,19819.91
1753617171787,11:52:51.787,phemex,ADA/USDT:USDT,0.8226,15078.59,0.8225,1473.67,0.8227,1001.79,0.823,19301.57
1753617171818,11:52:51.818,phemex,ADA/USDT:USDT,0.8226,15078.59,0.8225,1473.67,0.8227,1001.79,0.823,6472.44
1753617171833,11:52:51.833,phemex,ADA/USDT:USDT,0.8226,15151.27,0.8225,1473.67,0.823,6472.44,0.8231,19412.55
1753617171857,11:52:51.857,phemex,ADA/USDT:USDT,0.8227,2573.47,0.8226,603.62,0.823,6472.44,0.8231,19412.55
1753617171878,11:52:51.878,phemex,ADA/USDT:USDT,0.8228,520.42,0.8227,3573.47,0.823,6472.44,0.8231,13011.18
1753617171894,11:52:51.894,phemex,ADA/USDT:USDT,0.8228,520.42,0.8227,3573.47,0.823,6472.44,0.8231,19406.72
1753617171900,11:52:51.900,phemex,ADA/USDT:USDT,0.8228,520.42,0.8227,3573.47,0.823,6472.44,0.8231,25808.09
1753617171957,11:52:51.957,phemex,ADA/USDT:USDT,0.8228,520.42,0.8227,3573.47,0.823,6348.62,0.8231,19412.55
1753617171958,11:52:51.958,phemex,ADA/USDT:USDT,0.8228,520.42,0.8227,3573.47,0.823,6348.62,0.8231,19412.55
1753617171993,11:52:51.993,phemex,ADA/USDT:USDT,0.8228,520.42,0.8227,3573.47,0.823,6348.62,0.8231,19412.55
1753617172055,11:52:52.055,phemex,ADA/USDT:USDT,0.8228,520.42,0.8227,3573.47,0.823,6348.62,0.8231,26869.74
1753617172096,11:52:52.096,phemex,ADA/USDT:USDT,0.8228,520.42,0.8227,3573.47,0.823,6348.62,0.8231,26869.74
1753617172218,11:52:52.218,phemex,ADA/USDT:USDT,0.8228,520.42,0.8227,3573.47,0.823,6348.62,0.8231,26869.74
1753617172805,11:52:52.805,phemex,ADA/USDT:USDT,0.8228,520.42,0.8227,3573.47,0.823,6348.62,0.8231,26869.74
1753617173529,11:52:53.529,phemex,ADA/USDT:USDT,0.8228,520.42,0.8227,3573.47,0.8229,520.42,0.823,6348.62
1753617173559,11:52:53.559,phemex,ADA/USDT:USDT,0.8228,520.42,0.8227,2993.65,0.8229,1254.78,0.823,7806.59
1753617173572,11:52:53.572,phemex,ADA/USDT:USDT,0.8228,520.42,0.8227,2993.65,0.8229,1254.78,0.823,20600.02
1753617173611,11:52:53.611,phemex,ADA/USDT:USDT,0.8227,2993.65,0.8226,3186.19,0.8229,1254.78,0.823,20600.02
1753617173637,11:52:53.637,phemex,ADA/USDT:USDT,0.8227,2993.65,0.8226,4123.74,0.8228,1254.78,0.8229,1254.78
1753617173663,11:52:53.663,phemex,ADA/USDT:USDT,0.8227,15493.65,0.8226,5233.8,0.8228,734.36,0.8229,7857.07
1753617173673,11:52:53.673,phemex,ADA/USDT:USDT,0.8227,15493.65,0.8226,5233.8,0.8228,734.36,0.8229,14250.88
1753617173713,11:52:53.713,phemex,ADA/USDT:USDT,0.8227,15493.65,0.8226,5233.8,0.8229,14250.88,0.823,14200.4
1753617173736,11:52:53.736,phemex,ADA/USDT:USDT,0.8228,520.42,0.8227,2993.65,0.8229,1254.78,0.823,20599.5
1753617173753,11:52:53.753,phemex,ADA/USDT:USDT,0.8228,520.42,0.8227,2993.65,0.8229,1254.78,0.823,20599.5
1753617173922,11:52:53.922,phemex,ADA/USDT:USDT,0.8228,520.42,0.8227,2993.65,0.8229,1254.78,0.823,20599.5
1753617174006,11:52:54.006,phemex,ADA/USDT:USDT,0.8228,520.42,0.8227,2993.65,0.8229,1254.78,0.823,20599.5
1753617174086,11:52:54.086,phemex,ADA/USDT:USDT,0.8228,520.42,0.8227,2993.65,0.8229,520.42,0.823,20599.5
1753617174482,11:52:54.482,phemex,ADA/USDT:USDT,0.8227,2993.65,0.8226,5233.8,0.8229,520.42,0.823,20599.5
1753617174556,11:52:54.556,phemex,ADA/USDT:USDT,0.8227,2993.65,0.8226,5233.8,0.8228,734.36,0.8229,14250.33
1753617174818,11:52:54.818,phemex,ADA/USDT:USDT,0.8228,520.42,0.8227,2993.65,0.8229,1254.78,0.823,20598.61
1753617175112,11:52:55.112,phemex,ADA/USDT:USDT,0.8228,520.42,0.8227,2993.65,0.8229,1254.78,0.823,20598.61
1753617175282,11:52:55.282,phemex,ADA/USDT:USDT,0.8228,520.42,0.8227,2993.65,0.8229,1254.78,0.823,20598.61
1753617175419,11:52:55.419,phemex,ADA/USDT:USDT,0.8228,520.42,0.8227,2993.65,0.8229,1254.78,0.823,20598.61
1753617175583,11:52:55.583,phemex,ADA/USDT:USDT,0.8228,520.42,0.8227,2993.65,0.8229,1254.78,0.823,20598.61
1753617175630,11:52:55.630,phemex,ADA/USDT:USDT,0.8227,2993.65,0.8226,5233.8,0.8229,1254.78,0.823,20598.61
1753617175640,11:52:55.640,phemex,ADA/USDT:USDT,0.8227,2993.65,0.8226,5233.8,0.8228,734.36,0.8229,1254.78
1753617175688,11:52:55.688,phemex,ADA/USDT:USDT,0.8227,2993.65,0.8226,5233.8,0.8228,734.35,0.8229,1254.78
1753617175699,11:52:55.699,phemex,ADA/USDT:USDT,0.8227,2993.65,0.8226,5233.8,0.8228,734.35,0.8229,14248.93
1753617175724,11:52:55.724,phemex,ADA/USDT:USDT,0.8227,2993.65,0.8226,5233.8,0.8228,734.35,0.8229,14248.93
1753617175757,11:52:55.757,phemex,ADA/USDT:USDT,0.8227,2993.65,0.8226,5233.8,0.8228,734.35,0.8229,14248.93
1753617175884,11:52:55.884,phemex,ADA/USDT:USDT,0.8227,2993.65,0.8226,5233.8,0.8228,1254.77,0.8229,14248.93
1753617175896,11:52:55.896,phemex,ADA/USDT:USDT,0.8227,2993.65,0.8226,5233.8,0.8228,520.42,0.8229,6919.23
1753617175910,11:52:55.910,phemex,ADA/USDT:USDT,0.8227,2993.65,0.8226,5233.8,0.8228,520.42,0.8229,6919.23
1753617175970,11:52:55.970,phemex,ADA/USDT:USDT,0.8227,2993.65,0.8226,5233.8,0.8229,14248.72,0.823,14198.48
1753617175979,11:52:55.979,phemex,ADA/USDT:USDT,0.8227,2993.65,0.8226,5233.8,0.8229,1254.78,0.823,20596.34
1753617176010,11:52:56.010,phemex,ADA/USDT:USDT,0.8228,520.42,0.8227,2993.65,0.8229,1254.78,0.823,20596.34
1753617176133,11:52:56.133,phemex,ADA/USDT:USDT,0.8228,520.42,0.8227,2993.65,0.8229,520.42,0.823,20596.34
1753617176263,11:52:56.263,phemex,ADA/USDT:USDT,0.8228,520.42,0.8227,2993.65,0.8229,520.42,0.823,19658.79
1753617176320,11:52:56.320,phemex,ADA/USDT:USDT,0.8228,520.42,0.8227,2993.65,0.8229,520.42,0.823,20596.39
1753617176498,11:52:56.498,phemex,ADA/USDT:USDT,0.8228,520.42,0.8227,2993.65,0.8229,520.42,0.823,20596.39
1753617176619,11:52:56.619,phemex,ADA/USDT:USDT,0.8228,520.42,0.8227,2993.65,0.8229,520.42,0.823,20596.39
1753617176950,11:52:56.950,phemex,ADA/USDT:USDT,0.8228,520.42,0.8227,2993.65,0.8229,520.42,0.823,20596.39
1753617176950,11:52:56.950,phemex,ADA/USDT:USDT,0.8228,520.42,0.8227,2993.65,0.8229,520.42,0.823,21971.3
1753617178705,11:52:58.705,phemex,ADA/USDT:USDT,0.8228,520.42,0.8227,2993.65,0.8229,520.42,0.823,21971.3
1753617178962,11:52:58.962,phemex,ADA/USDT:USDT,0.8228,520.42,0.8227,2993.65,0.8229,1254.78,0.823,21971.3
1753617178962,11:52:58.962,phemex,ADA/USDT:USDT,0.8228,520.42,0.8227,2993.65,0.8229,1254.78,0.823,21971.3
1753617179227,11:52:59.227,phemex,ADA/USDT:USDT,0.8227,1993.65,0.8226,1854.92,0.8228,2135.38,0.8229,1254.78
1753617179256,11:52:59.256,phemex,ADA/USDT:USDT,0.8227,1993.65,0.8226,1854.92,0.8228,2135.38,0.8229,1254.78
1753617179295,11:52:59.295,phemex,ADA/USDT:USDT,0.8227,1993.65,0.8226,1854.92,0.8228,2669.8,0.8229,2192.38
1753617179326,11:52:59.326,phemex,ADA/USDT:USDT,0.8227,1993.65,0.8226,1854.92,0.8228,14162.64,0.8229,14243.63
1753617179330,11:52:59.330,phemex,ADA/USDT:USDT,0.8227,1993.65,0.8226,1854.92,0.8228,14162.64,0.8229,14243.63
1753617179375,11:52:59.375,phemex,ADA/USDT:USDT,0.8227,1993.65,0.8226,1854.92,0.8228,14162.64,0.8229,14243.63
1753617179497,11:52:59.497,phemex,ADA/USDT:USDT,0.8227,1993.65,0.8226,1854.92,0.8228,14162.64,0.8229,14243.63
1753617179527,11:52:59.527,phemex,ADA/USDT:USDT,0.8227,1993.65,0.8226,1854.92,0.8228,14162.64,0.8229,14243.63
1753617179642,11:52:59.642,phemex,ADA/USDT:USDT,0.8227,1993.65,0.8226,2792.64,0.8228,14162.64,0.8229,14243.63
1753617180079,11:53:00.079,phemex,ADA/USDT:USDT,0.8227,1993.65,0.8226,1854.92,0.8228,14162.64,0.8229,14243.63
1753617180098,11:53:00.098,phemex,ADA/USDT:USDT,0.8227,1473.23,0.8226,1854.92,0.8228,14162.64,0.8229,14243.63
1753617180296,11:53:00.296,phemex,ADA/USDT:USDT,0.8227,1473.23,0.8226,1854.92,0.8228,14162.64,0.8229,14243.63
1753617180373,11:53:00.373,phemex,ADA/USDT:USDT,0.8227,1473.23,0.8226,1854.92,0.8228,14162.64,0.8229,14243.63
1753617180414,11:53:00.414,phemex,ADA/USDT:USDT,0.8227,1473.23,0.8226,1854.92,0.8228,14162.64,0.8229,14243.63
1753617180423,11:53:00.423,phemex,ADA/USDT:USDT,0.8227,1473.23,0.8226,1854.92,0.8228,14162.64,0.8229,14243.63
1753617180448,11:53:00.448,phemex,ADA/USDT:USDT,0.8227,1473.23,0.8226,1854.92,0.8228,14162.64,0.8229,14243.63
1753617180470,11:53:00.470,phemex,ADA/USDT:USDT,0.8227,1473.23,0.8226,1854.92,0.8228,14286.46,0.8229,14243.63
1753617180480,11:53:00.480,phemex,ADA/USDT:USDT,0.8227,1473.23,0.8226,1854.92,0.8228,14286.46,0.8229,14243.63
1753617180498,11:53:00.498,phemex,ADA/USDT:USDT,0.8227,1473.23,0.8226,1854.92,0.8228,14286.46,0.8229,14243.63
1753617180956,11:53:00.956,phemex,ADA/USDT:USDT,0.8227,1473.23,0.8226,1854.92,0.8228,14286.46,0.8229,14243.63
1753617180984,11:53:00.984,phemex,ADA/USDT:USDT,0.8226,1854.92,0.8225,2882.02,0.8228,14286.46,0.8229,14243.63
1753617181007,11:53:01.007,phemex,ADA/USDT:USDT,0.8226,1854.92,0.8225,2882.02,0.8227,1268.78,0.8228,14286.46
1753617181053,11:53:01.053,phemex,ADA/USDT:USDT,0.8226,1854.92,0.8225,3819.74,0.8227,1268.78,0.8228,14286.46
1753617181057,11:53:01.057,phemex,ADA/USDT:USDT,0.8226,1854.92,0.8225,2882.02,0.8227,1268.78,0.8228,14286.46
1753617181086,11:53:01.086,phemex,ADA/USDT:USDT,0.8226,1854.92,0.8225,2882.02,0.8227,1268.78,0.8228,14286.46
1753617181136,11:53:01.136,phemex,ADA/USDT:USDT,0.8226,1854.92,0.8225,2882.02,0.8227,1268.78,0.8228,14162.64
1753617181138,11:53:01.138,phemex,ADA/USDT:USDT,0.8226,1854.92,0.8225,2882.02,0.8227,1268.78,0.8228,14162.64
1753617181469,11:53:01.469,phemex,ADA/USDT:USDT,0.8226,1854.92,0.8225,2882.02,0.8227,1268.78,0.8228,14162.64
1753617181707,11:53:01.707,phemex,ADA/USDT:USDT,0.8226,1854.92,0.8225,3819.85,0.8227,1268.78,0.8228,14162.64
1753617181711,11:53:01.711,phemex,ADA/USDT:USDT,0.8226,1854.92,0.8225,2882.02,0.8227,1268.78,0.8228,14162.64
1753617181958,11:53:01.958,phemex,ADA/USDT:USDT,0.8226,1854.92,0.8225,3819.85,0.8227,1268.78,0.8228,14162.64
1753617182018,11:53:02.018,phemex,ADA/USDT:USDT,0.8226,1854.92,0.8225,3819.85,0.8227,1268.78,0.8228,14162.64
1753617182018,11:53:02.018,phemex,ADA/USDT:USDT,0.8226,1854.92,0.8225,3819.85,0.8227,1268.78,0.8228,14162.64
1753617182098,11:53:02.098,phemex,ADA/USDT:USDT,0.8226,1854.92,0.8225,3819.85,0.8227,534.42,0.8228,13128.8
1753617182106,11:53:02.106,phemex,ADA/USDT:USDT,0.8226,1854.92,0.8225,3819.85,0.8228,12027.26,0.8229,1581.84
1753617182133,11:53:02.133,phemex,ADA/USDT:USDT,0.8227,534.42,0.8226,1854.92,0.8228,11492.84,0.8229,644.24
1753617182147,11:53:02.147,phemex,ADA/USDT:USDT,0.8227,534.42,0.8226,2792.75,0.8228,11492.84,0.8229,644.24
1753617182175,11:53:02.175,phemex,ADA/USDT:USDT,0.8227,534.42,0.8226,2792.75,0.8229,644.24,0.823,24758.23
1753617182430,11:53:02.430,phemex,ADA/USDT:USDT,0.8227,534.42,0.8226,2792.75,0.823,18485.7,0.8231,10635.93
1753617182563,11:53:02.563,phemex,ADA/USDT:USDT,0.8227,534.42,0.8226,2792.75,0.823,18485.7,0.8231,11573.53
1753617182592,11:53:02.592,phemex,ADA/USDT:USDT,0.8227,534.42,0.8226,2792.75,0.823,18485.7,0.8231,17964.07
1753617182640,11:53:02.640,phemex,ADA/USDT:USDT,0.8227,534.42,0.8226,2792.75,0.823,11492.84,0.8231,9432.14
1753617182681,11:53:02.681,phemex,ADA/USDT:USDT,0.8227,534.42,0.8226,2792.75,0.823,11492.84,0.8231,3035.79
1753617182706,11:53:02.706,phemex,ADA/USDT:USDT,0.8227,534.42,0.8226,2792.75,0.823,11492.84,0.8231,3035.79
1753617182726,11:53:02.726,phemex,ADA/USDT:USDT,0.8227,534.42,0.8226,2792.75,0.823,11492.84,0.8231,3035.79
1753617182749,11:53:02.749,phemex,ADA/USDT:USDT,0.8227,534.42,0.8226,2792.75,0.823,11492.84,0.8231,3035.79
1753617182801,11:53:02.801,phemex,ADA/USDT:USDT,0.8227,534.42,0.8226,2792.75,0.823,11492.84,0.8231,3035.79
1753617182813,11:53:02.813,phemex,ADA/USDT:USDT,0.8227,1847.35,0.8226,2792.75,0.823,11492.84,0.8231,3035.79
1753617182829,11:53:02.829,phemex,ADA/USDT:USDT,0.8227,1847.35,0.8226,2792.75,0.823,11492.84,0.8231,3035.79
1753617182849,11:53:02.849,phemex,ADA/USDT:USDT,0.8227,1847.35,0.8226,2792.75,0.823,11492.84,0.8231,3035.79
1753617182931,11:53:02.931,phemex,ADA/USDT:USDT,0.8227,1847.35,0.8226,2792.75,0.823,11492.84,0.8231,2517.45
1753617182958,11:53:02.958,phemex,ADA/USDT:USDT,0.8228,534.42,0.8227,1847.35,0.823,11492.84,0.8231,2517.45
1753617182973,11:53:02.973,phemex,ADA/USDT:USDT,0.8228,534.42,0.8227,1847.35,0.823,11492.84,0.8231,2517.45
1753617183045,11:53:03.045,phemex,ADA/USDT:USDT,0.8228,534.42,0.8227,1847.35,0.823,11492.84,0.8231,2517.45
1753617183055,11:53:03.055,phemex,ADA/USDT:USDT,0.8228,534.42,0.8227,1847.35,0.8232,8113.37,0.8233,3784.44
1753617183069,11:53:03.069,phemex,ADA/USDT:USDT,0.8228,534.42,0.8227,1847.35,0.8232,1717.02,0.8233,3784.44
1753617183103,11:53:03.103,phemex,ADA/USDT:USDT,0.8228,534.42,0.8227,1847.35,0.8231,534.42,0.8232,1717.02
1753617183111,11:53:03.111,phemex,ADA/USDT:USDT,0.8228,534.42,0.8227,1847.35,0.8231,534.42,0.8232,9050.97
1753617183130,11:53:03.130,phemex,ADA/USDT:USDT,0.8228,534.42,0.8227,1847.35,0.8231,534.42,0.8232,15440.83
1753617183167,11:53:03.167,phemex,ADA/USDT:USDT,0.8228,534.42,0.8227,1847.35,0.8231,534.42,0.8232,15440.83
1753617183200,11:53:03.200,phemex,ADA/USDT:USDT,0.8228,534.42,0.8227,1847.35,0.8231,534.42,0.8232,15440.83
1753617183272,11:53:03.272,phemex,ADA/USDT:USDT,0.8228,534.42,0.8227,1847.35,0.8231,534.42,0.8232,15440.83
1753617183356,11:53:03.356,phemex,ADA/USDT:USDT,0.8228,534.42,0.8227,1847.35,0.8232,15440.83,0.8233,3784.44
1753617183381,11:53:03.381,phemex,ADA/USDT:USDT,0.8228,534.42,0.8227,1847.35,0.8232,2654.62,0.8233,16567.98
1753617183401,11:53:03.401,phemex,ADA/USDT:USDT,0.8228,534.42,0.8227,1847.35,0.8232,642.16,0.8233,15237.61
1753617183417,11:53:03.417,phemex,ADA/USDT:USDT,0.8228,607.1,0.8227,1847.35,0.8233,7910.49,0.8234,13075.19
1753617183447,11:53:03.447,phemex,ADA/USDT:USDT,0.8228,607.1,0.8227,1847.35,0.8233,7910.49,0.8234,19465.05
1753617183466,11:53:03.466,phemex,ADA/USDT:USDT,0.8229,534.42,0.8228,607.1,0.8233,7910.49,0.8234,19465.05
1753617183482,11:53:03.482,phemex,ADA/USDT:USDT,0.8229,534.42,0.8228,1534.42,0.8233,1640.63,0.8234,25734.91
1753617183499,11:53:03.499,phemex,ADA/USDT:USDT,0.8229,534.42,0.8228,2471.8,0.8232,534.42,0.8233,1640.63
1753617183523,11:53:03.523,phemex,ADA/USDT:USDT,0.8229,534.42,0.8228,2471.8,0.8233,1516.81,0.8234,25734.91
1753617183536,11:53:03.536,phemex,ADA/USDT:USDT,0.8229,534.42,0.8228,2471.8,0.8233,1640.63,0.8234,25734.91
1753617183564,11:53:03.564,phemex,ADA/USDT:USDT,0.8229,534.42,0.8228,2471.8,0.8233,1119.37,0.8234,25734.91
1753617183589,11:53:03.589,phemex,ADA/USDT:USDT,0.8229,534.42,0.8228,2471.8,0.8233,1119.37,0.8234,25734.91
1753617183626,11:53:03.626,phemex,ADA/USDT:USDT,0.8229,534.42,0.8228,2471.8,0.8233,995.55,0.8234,19697.77
1753617183641,11:53:03.641,phemex,ADA/USDT:USDT,0.8229,607.1,0.8228,2471.8,0.8233,1529.97,0.8234,19697.77
1753617183662,11:53:03.662,phemex,ADA/USDT:USDT,0.8229,607.1,0.8228,2471.8,0.8233,1529.97,0.8234,19697.77
1753617183705,11:53:03.705,phemex,ADA/USDT:USDT,0.8229,607.1,0.8228,2471.8,0.8233,1529.97,0.8234,19697.77
1753617183712,11:53:03.712,phemex,ADA/USDT:USDT,0.8229,607.1,0.8228,2471.8,0.8233,1529.97,0.8234,19697.77
1753617183744,11:53:03.744,phemex,ADA/USDT:USDT,0.823,12500.0,0.8229,607.1,0.8233,1529.97,0.8234,13304.09
1753617183762,11:53:03.762,phemex,ADA/USDT:USDT,0.823,13500.0,0.8229,1807.93,0.8233,1529.97,0.8234,1811.25
1753617183770,11:53:03.770,phemex,ADA/USDT:USDT,0.823,13500.0,0.8229,1807.93,0.8233,1529.97,0.8234,1811.25
1753617183806,11:53:03.806,phemex,ADA/USDT:USDT,0.823,14034.42,0.8229,1807.93,0.8233,1529.97,0.8234,1811.25
1753617183822,11:53:03.822,phemex,ADA/USDT:USDT,0.823,14034.42,0.8229,1807.93,0.8233,995.55,0.8234,1811.25
1753617183844,11:53:03.844,phemex,ADA/USDT:USDT,0.823,14034.42,0.8229,1807.93,0.8233,995.55,0.8234,521.27
1753617183868,11:53:03.868,phemex,ADA/USDT:USDT,0.823,14107.1,0.8229,1807.93,0.8233,995.55,0.8234,521.27
1753617183883,11:53:03.883,phemex,ADA/USDT:USDT,0.823,14107.1,0.8229,1807.93,0.8233,995.55,0.8234,521.27
1753617183901,11:53:03.901,phemex,ADA/USDT:USDT,0.8231,534.42,0.823,14107.1,0.8233,995.55,0.8234,521.27
1753617183928,11:53:03.928,phemex,ADA/USDT:USDT,0.8232,912.31,0.8231,534.42,0.8233,995.55,0.8234,521.27
1753617183949,11:53:03.949,phemex,ADA/USDT:USDT,0.8232,13412.31,0.8231,534.42,0.8233,995.55,0.8235,7030.08
1753617183970,11:53:03.970,phemex,ADA/USDT:USDT,0.8232,13412.31,0.8231,1534.42,0.8233,995.55,0.8235,7030.08
1753617183978,11:53:03.978,phemex,ADA/USDT:USDT,0.8232,13412.31,0.8231,1534.42,0.8233,995.55,0.8235,7030.08
1753617184005,11:53:04.005,phemex,ADA/USDT:USDT,0.8232,13412.31,0.8231,1534.42,0.8233,995.55,0.8235,123.82
1753617184009,11:53:04.009,phemex,ADA/USDT:USDT,0.8232,13412.31,0.8231,1534.42,0.8233,995.55,0.8235,123.82
1753617184063,11:53:04.063,phemex,ADA/USDT:USDT,0.8232,13412.31,0.8231,1534.42,0.8233,995.55,0.8235,123.82
1753617184082,11:53:04.082,phemex,ADA/USDT:USDT,0.8232,13412.31,0.8231,1534.42,0.8233,995.55,0.8235,123.82
1753617184102,11:53:04.102,phemex,ADA/USDT:USDT,0.8232,13412.31,0.8231,1534.42,0.8235,123.82,0.8236,46522.93
1753617184130,11:53:04.130,phemex,ADA/USDT:USDT,0.8232,13412.31,0.8231,1534.42,0.8236,46522.93,0.8237,13292.9
1753617184141,11:53:04.141,phemex,ADA/USDT:USDT,0.8232,1446.73,0.8231,2471.8,0.8236,46646.75,0.8237,13169.08
1753617184169,11:53:04.169,phemex,ADA/USDT:USDT,0.8232,1446.73,0.8231,2471.8,0.8236,53040.43,0.8237,19554.69
1753617184179,11:53:04.179,phemex,ADA/USDT:USDT,0.8232,1446.73,0.8231,2471.8,0.8236,53040.43,0.8237,13169.08
1753617184209,11:53:04.209,phemex,ADA/USDT:USDT,0.8232,1446.73,0.8231,2471.8,0.8235,6393.68,0.8236,53040.43
1753617184223,11:53:04.223,phemex,ADA/USDT:USDT,0.8232,1446.73,0.8231,3761.79,0.8235,6393.68,0.8236,52916.61
1753617184238,11:53:04.238,phemex,ADA/USDT:USDT,0.8232,1446.73,0.8231,3761.79,0.8236,46522.93,0.8237,14156.76
1753617184259,11:53:04.259,phemex,ADA/USDT:USDT,0.8233,534.42,0.8232,1446.73,0.8236,46646.75,0.8237,14156.76
1753617184278,11:53:04.278,phemex,ADA/USDT:USDT,0.8233,534.42,0.8232,534.42,0.8236,46130.35,0.8237,14156.76
1753617184296,11:53:04.296,phemex,ADA/USDT:USDT,0.8233,534.42,0.8232,1471.8,0.8236,46130.35,0.8237,14156.76
1753617184345,11:53:04.345,phemex,ADA/USDT:USDT,0.8233,534.42,0.8232,1471.8,0.8236,46130.35,0.8237,20544.31
1753617184452,11:53:04.452,phemex,ADA/USDT:USDT,0.8233,534.42,0.8232,1471.8,0.8236,46130.35,0.8237,26929.92
1753617184481,11:53:04.481,phemex,ADA/USDT:USDT,0.8233,534.42,0.8232,1471.8,0.8236,46130.35,0.8237,27866.84
1753617184585,11:53:04.585,phemex,ADA/USDT:USDT,0.8233,534.42,0.8232,1471.8,0.8235,534.42,0.8236,46130.35
1753617184619,11:53:04.619,phemex,ADA/USDT:USDT,0.8233,534.42,0.8232,1471.8,0.8235,534.42,0.8236,47067.27
1753617184643,11:53:04.643,phemex,ADA/USDT:USDT,0.8233,534.42,0.8232,1471.8,0.8235,534.42,0.8236,59840.43
1753617184673,11:53:04.673,phemex,ADA/USDT:USDT,0.8233,534.42,0.8232,1471.8,0.8236,59840.43,0.8237,21479.29
1753617184679,11:53:04.679,phemex,ADA/USDT:USDT,0.8233,534.42,0.8232,1471.8,0.8236,46130.35,0.8237,21479.29
1753617184697,11:53:04.697,phemex,ADA/USDT:USDT,0.8233,534.42,0.8232,1471.8,0.8236,46130.35,0.8237,27866.84
1753617184953,11:53:04.953,phemex,ADA/USDT:USDT,0.8233,534.42,0.8232,1471.8,0.8236,46130.35,0.8237,27866.84
1753617184986,11:53:04.986,phemex,ADA/USDT:USDT,0.8233,534.42,0.8232,1471.8,0.8236,46130.35,0.8237,27866.84
1753617185021,11:53:05.021,phemex,ADA/USDT:USDT,0.8233,534.42,0.8232,1471.8,0.8236,46130.35,0.8237,27866.84
1753617185395,11:53:05.395,phemex,ADA/USDT:USDT,0.8233,534.42,0.8232,1471.8,0.8236,46130.35,0.8237,27866.84
1753617185395,11:53:05.395,phemex,ADA/USDT:USDT,0.8233,534.42,0.8232,1471.8,0.8236,46130.35,0.8237,27866.84
1753617185483,11:53:05.483,phemex,ADA/USDT:USDT,0.8233,534.42,0.8232,1471.8,0.8235,534.42,0.8236,46130.35
1753617185507,11:53:05.507,phemex,ADA/USDT:USDT,0.8233,534.42,0.8232,1471.8,0.8235,534.42,0.8236,58770.89
1753617185520,11:53:05.520,phemex,ADA/USDT:USDT,0.8233,534.42,0.8232,1471.8,0.8235,534.42,0.8236,59707.81
1753617185613,11:53:05.613,phemex,ADA/USDT:USDT,0.8233,534.42,0.8232,1471.8,0.8236,59705.04,0.8237,15217.5
1753617185625,11:53:05.625,phemex,ADA/USDT:USDT,0.8233,534.42,0.8232,1471.8,0.8236,46127.58,0.8237,15093.68
1753617185646,11:53:05.646,phemex,ADA/USDT:USDT,0.8233,534.42,0.8232,1471.8,0.8236,46127.58,0.8237,27858.04
1753617185808,11:53:05.808,phemex,ADA/USDT:USDT,0.8233,534.42,0.8232,1471.8,0.8235,534.42,0.8236,46127.58
1753617185834,11:53:05.834,phemex,ADA/USDT:USDT,0.8233,534.42,0.8232,1471.8,0.8235,534.42,0.8236,53324.6
1753617185845,11:53:05.845,phemex,ADA/USDT:USDT,0.8233,534.42,0.8232,1471.8,0.8236,59705.04,0.8237,21597.94
1753617185865,11:53:05.865,phemex,ADA/USDT:USDT,0.8233,534.42,0.8232,1471.8,0.8236,46003.76,0.8237,21597.94
1753617185879,11:53:05.879,phemex,ADA/USDT:USDT,0.8233,534.42,0.8232,1471.8,0.8236,46003.76,0.8237,21597.94
1753617186037,11:53:06.037,phemex,ADA/USDT:USDT,0.8233,534.42,0.8232,1471.8,0.8236,46003.76,0.8237,21597.94
1753617186044,11:53:06.044,phemex,ADA/USDT:USDT,0.8233,534.42,0.8232,1471.8,0.8236,46003.76,0.8237,21597.94
1753617186062,11:53:06.062,phemex,ADA/USDT:USDT,0.8235,1136.86,0.8234,1350.93,0.8236,46003.76,0.8237,21597.94
1753617186095,11:53:06.095,phemex,ADA/USDT:USDT,0.8235,1671.28,0.8234,2287.85,0.8236,46003.76,0.8237,21597.94
1753617186108,11:53:06.108,phemex,ADA/USDT:USDT,0.8235,1671.28,0.8234,2822.27,0.8236,46003.76,0.8237,21597.94
1753617186122,11:53:06.122,phemex,ADA/USDT:USDT,0.8235,1671.28,0.8234,2822.27,0.8236,46003.76,0.8237,21597.94
1753617186156,11:53:06.156,phemex,ADA/USDT:USDT,0.8235,1671.28,0.8234,2822.27,0.8236,46003.76,0.8237,21597.94
1753617186183,11:53:06.183,phemex,ADA/USDT:USDT,0.8235,1671.28,0.8234,2822.27,0.8236,46003.76,0.8237,21597.94
1753617186232,11:53:06.232,phemex,ADA/USDT:USDT,0.8235,1671.28,0.8234,2822.27,0.8236,46003.76,0.8237,21597.94
1753617186425,11:53:06.425,phemex,ADA/USDT:USDT,0.8235,1671.28,0.8234,1885.35,0.8236,46003.76,0.8237,21597.94
1753617186743,11:53:06.743,phemex,ADA/USDT:USDT,0.8235,1671.28,0.8234,1885.35,0.8236,46003.76,0.8237,27978.92
1753617186776,11:53:06.776,phemex,ADA/USDT:USDT,0.8235,534.42,0.8234,1885.35,0.8236,46003.76,0.8237,27978.92
1753617187062,11:53:07.062,phemex,ADA/USDT:USDT,0.8235,534.42,0.8234,1885.35,0.8236,46003.76,0.8237,27978.92
1753617187885,11:53:07.885,phemex,ADA/USDT:USDT,0.8235,534.42,0.8234,1885.35,0.8236,46003.76,0.8237,27978.92
1753617187914,11:53:07.914,phemex,ADA/USDT:USDT,0.8234,1885.35,0.8233,534.42,0.8236,46003.76,0.8237,27978.92
1753617187931,11:53:07.931,phemex,ADA/USDT:USDT,0.8234,1885.35,0.8233,1471.23,0.8235,734.36,0.8236,46003.76
1753617187950,11:53:07.950,phemex,ADA/USDT:USDT,0.8234,1885.35,0.8233,1471.23,0.8235,734.36,0.8236,59692.31
1753617187961,11:53:07.961,phemex,ADA/USDT:USDT,0.8234,1885.35,0.8233,2761.23,0.8235,734.36,0.8236,59692.31
1753617188020,11:53:08.020,phemex,ADA/USDT:USDT,0.8234,1885.35,0.8233,2761.23,0.8235,734.36,0.8236,59692.31
1753617188280,11:53:08.280,phemex,ADA/USDT:USDT,0.8234,1885.35,0.8233,2761.23,0.8236,52382.6,0.8237,15217.5
1753617188312,11:53:08.312,phemex,ADA/USDT:USDT,0.8235,534.42,0.8234,1885.35,0.8236,46003.76,0.8237,21596.34
1753617188523,11:53:08.523,phemex,ADA/USDT:USDT,0.8235,534.42,0.8234,1885.35,0.8236,46003.76,0.8237,27969.24
1753617188560,11:53:08.560,phemex,ADA/USDT:USDT,0.8235,534.42,0.8234,2822.16,0.8236,46003.76,0.8237,27969.24
1753617188765,11:53:08.765,phemex,ADA/USDT:USDT,0.8235,534.42,0.8234,1885.35,0.8236,46003.76,0.8237,27969.24
1753617188908,11:53:08.908,phemex,ADA/USDT:USDT,0.8235,534.42,0.8234,2822.16,0.8236,46003.76,0.8237,27969.24
1753617189033,11:53:09.033,phemex,ADA/USDT:USDT,0.8235,534.42,0.8234,1885.35,0.8236,46003.76,0.8237,27969.24
1753617189203,11:53:09.203,phemex,ADA/USDT:USDT,0.8235,534.42,0.8234,1885.35,0.8236,46003.76,0.8237,27969.24
1753617189217,11:53:09.217,phemex,ADA/USDT:USDT,0.8235,534.42,0.8234,1885.35,0.8236,46003.76,0.8237,27969.24
1753617189263,11:53:09.263,phemex,ADA/USDT:USDT,0.8235,534.42,0.8234,2822.16,0.8236,46003.76,0.8237,27969.24
1753617189525,11:53:09.525,phemex,ADA/USDT:USDT,0.8235,534.42,0.8234,1885.35,0.8236,46003.76,0.8237,27969.24
1753617189745,11:53:09.745,phemex,ADA/USDT:USDT,0.8235,534.42,0.8234,1885.35,0.8236,46003.76,0.8237,27969.24
1753617189816,11:53:09.816,phemex,ADA/USDT:USDT,0.8235,534.42,0.8234,1885.35,0.8236,46003.76,0.8237,27969.24
1753617189913,11:53:09.913,phemex,ADA/USDT:USDT,0.8235,534.42,0.8234,1885.35,0.8236,46003.76,0.8237,27969.24
1753617189965,11:53:09.965,phemex,ADA/USDT:USDT,0.8235,534.42,0.8234,2822.16,0.8236,46003.76,0.8237,27969.24
1753617189983,11:53:09.983,phemex,ADA/USDT:USDT,0.8235,534.42,0.8234,2822.16,0.8236,46003.76,0.8237,27969.24
1753617190149,11:53:10.149,phemex,ADA/USDT:USDT,0.8235,534.42,0.8234,2822.16,0.8236,46003.76,0.8237,14280.58
1753617190187,11:53:10.187,phemex,ADA/USDT:USDT,0.8235,534.42,0.8234,2822.16,0.8236,46003.76,0.8237,20653.98
1753617190368,11:53:10.368,phemex,ADA/USDT:USDT,0.8235,534.42,0.8234,2822.16,0.8236,46003.76,0.8237,21590.79
1753617190382,11:53:10.382,phemex,ADA/USDT:USDT,0.8235,534.42,0.8234,2822.16,0.8236,46003.76,0.8237,27958.06
1753617190590,11:53:10.590,phemex,ADA/USDT:USDT,0.8235,534.42,0.8234,1885.35,0.8236,46003.76,0.8237,27958.06
1753617190670,11:53:10.670,phemex,ADA/USDT:USDT,0.8235,534.42,0.8234,2822.16,0.8236,46003.76,0.8237,27958.06
1753617191781,11:53:11.781,phemex,ADA/USDT:USDT,0.8235,534.42,0.8234,2822.16,0.8236,46003.76,0.8237,27958.06
1753617192521,11:53:12.521,phemex,ADA/USDT:USDT,0.8235,534.42,0.8234,1885.35,0.8236,46003.76,0.8237,27958.06
1753617192596,11:53:12.596,phemex,ADA/USDT:USDT,0.8235,534.42,0.8234,1885.35,0.8236,46003.76,0.8237,27958.06
1753617192683,11:53:12.683,phemex,ADA/USDT:USDT,0.8235,534.42,0.8234,2822.16,0.8236,46003.76,0.8237,27958.06
1753617192784,11:53:12.784,phemex,ADA/USDT:USDT,0.8235,534.42,0.8234,1885.35,0.8236,46003.76,0.8237,27958.06
1753617192985,11:53:12.985,phemex,ADA/USDT:USDT,0.8235,534.42,0.8234,1885.35,0.8236,46003.76,0.8237,27958.06
1753617193036,11:53:13.036,phemex,ADA/USDT:USDT,0.8235,534.42,0.8234,2822.16,0.8236,46003.76,0.8237,27958.06
1753617193561,11:53:13.561,phemex,ADA/USDT:USDT,0.8234,1885.35,0.8233,2761.23,0.8236,46003.76,0.8237,27958.06
1753617193591,11:53:13.591,phemex,ADA/USDT:USDT,0.8234,1885.35,0.8233,2761.23,0.8236,46003.76,0.8237,27958.06
1753617193644,11:53:13.644,phemex,ADA/USDT:USDT,0.8234,1885.35,0.8233,2761.23,0.8236,46003.76,0.8237,27958.06
1753617193647,11:53:13.647,phemex,ADA/USDT:USDT,0.8235,522.36,0.8234,1885.35,0.8236,46003.76,0.8237,27958.06
1753617194193,11:53:14.193,phemex,ADA/USDT:USDT,0.8235,522.36,0.8234,2822.16,0.8236,46003.76,0.8237,27958.06
1753617194326,11:53:14.326,phemex,ADA/USDT:USDT,0.8235,522.36,0.8234,2822.16,0.8236,46003.76,0.8237,27958.06
1753617194335,11:53:14.335,phemex,ADA/USDT:USDT,0.8235,522.36,0.8234,2822.16,0.8236,46003.76,0.8237,27958.06
1753617194405,11:53:14.405,phemex,ADA/USDT:USDT,0.8235,522.36,0.8234,1885.35,0.8236,46003.76,0.8237,27958.06
1753617194590,11:53:14.590,phemex,ADA/USDT:USDT,0.8234,1885.35,0.8233,2761.23,0.8236,46003.76,0.8237,27958.06
1753617194616,11:53:14.616,phemex,ADA/USDT:USDT,0.8234,1885.35,0.8233,2761.23,0.8236,46003.76,0.8237,27958.06
1753617194650,11:53:14.650,phemex,ADA/USDT:USDT,0.8234,1885.35,0.8233,2761.23,0.8236,46003.76,0.8237,27958.06
1753617194738,11:53:14.738,phemex,ADA/USDT:USDT,0.8235,522.36,0.8234,1885.35,0.8236,46003.76,0.8237,27958.06
1753617194775,11:53:14.775,phemex,ADA/USDT:USDT,0.8235,522.36,0.8234,1885.35,0.8236,46003.76,0.8237,27958.06
1753617195343,11:53:15.343,phemex,ADA/USDT:USDT,0.8234,1885.35,0.8233,2761.23,0.8236,46003.76,0.8237,27958.06
1753617195355,11:53:15.355,phemex,ADA/USDT:USDT,0.8235,522.36,0.8234,1885.35,0.8236,46003.76,0.8237,27958.06
1753617196993,11:53:16.993,phemex,ADA/USDT:USDT,0.8235,522.36,0.8234,1885.35,0.8237,27021.25,0.8238,8317.28
1753617197011,11:53:17.011,phemex,ADA/USDT:USDT,0.8235,522.36,0.8234,1885.35,0.8237,20653.98,0.8238,8317.28
1753617197055,11:53:17.055,phemex,ADA/USDT:USDT,0.8235,522.36,0.8234,1885.35,0.8237,14156.76,0.8238,8441.27
1753617197195,11:53:17.195,phemex,ADA/USDT:USDT,0.8235,522.36,0.8234,1885.35,0.8236,522.36,0.8237,20518.28
1753617197254,11:53:17.254,phemex,ADA/USDT:USDT,0.8235,522.36,0.8234,1885.35,0.8236,522.36,0.8237,14156.76
1753617197275,11:53:17.275,phemex,ADA/USDT:USDT,0.8235,522.36,0.8234,1885.35,0.8237,14156.76,0.8238,8441.27
1753617197297,11:53:17.297,phemex,ADA/USDT:USDT,0.8235,522.36,0.8234,1885.35,0.8237,14156.76,0.8238,14802.79
1753617197448,11:53:17.448,phemex,ADA/USDT:USDT,0.8235,522.36,0.8234,1885.35,0.8237,14156.76,0.8238,13866.15
1753617197467,11:53:17.467,phemex,ADA/USDT:USDT,0.8235,522.36,0.8234,1885.35,0.8237,12996.92,0.8238,6591.08
1753617197495,11:53:17.495,phemex,ADA/USDT:USDT,0.8235,522.36,0.8234,1885.35,0.8237,12480.52,0.8238,6591.08
1753617197508,11:53:17.508,phemex,ADA/USDT:USDT,0.8235,522.36,0.8234,1885.35,0.8237,12480.52,0.8238,6591.08
1753617197698,11:53:17.698,phemex,ADA/USDT:USDT,0.8235,522.36,0.8234,1885.35,0.8237,12480.52,0.8238,6591.08
1753617197816,11:53:17.816,phemex,ADA/USDT:USDT,0.8235,522.36,0.8234,1885.35,0.8237,12480.52,0.8238,6591.08
1753617197971,11:53:17.971,phemex,ADA/USDT:USDT,0.8235,522.36,0.8234,1885.35,0.8237,12480.52,0.8238,6591.08
1753617198019,11:53:18.019,phemex,ADA/USDT:USDT,0.8235,1762.82,0.8234,1885.35,0.8237,12480.52,0.8238,6591.08
1753617198036,11:53:18.036,phemex,ADA/USDT:USDT,0.8235,1762.82,0.8234,1885.35,0.8237,12480.52,0.8238,6591.08
1753617198081,11:53:18.081,phemex,ADA/USDT:USDT,0.8236,522.36,0.8235,1762.82,0.8237,12480.52,0.8238,6591.08
1753617198754,11:53:18.754,phemex,ADA/USDT:USDT,0.8236,522.36,0.8235,1762.82,0.8237,12480.52,0.8238,6591.08
1753617198929,11:53:18.929,phemex,ADA/USDT:USDT,0.8236,522.36,0.8235,1762.82,0.8237,12480.52,0.8238,6591.08
1753617199175,11:53:19.175,phemex,ADA/USDT:USDT,0.8236,522.36,0.8235,1762.82,0.8237,12480.52,0.8238,6591.08
1753617199280,11:53:19.280,phemex,ADA/USDT:USDT,0.8236,522.36,0.8235,1762.82,0.8237,12480.52,0.8238,6591.08
1753617199301,11:53:19.301,phemex,ADA/USDT:USDT,0.8236,522.36,0.8235,1762.82,0.8237,12480.52,0.8238,6591.08
1753617199573,11:53:19.573,phemex,ADA/USDT:USDT,0.8236,522.36,0.8235,1762.82,0.8237,12480.52,0.8238,6591.08
1753617199780,11:53:19.780,phemex,ADA/USDT:USDT,0.8235,1762.82,0.8234,2885.35,0.8236,522.18,0.8237,19356.4
1753617199818,11:53:19.818,phemex,ADA/USDT:USDT,0.8235,1762.82,0.8234,2885.35,0.8237,19356.4,0.8238,6591.08
1753617199835,11:53:19.835,phemex,ADA/USDT:USDT,0.8235,1762.82,0.8234,2885.35,0.8237,13002.7,0.8238,12941.22
1753617199875,11:53:19.875,phemex,ADA/USDT:USDT,0.8235,1762.82,0.8234,2885.35,0.8236,522.18,0.8237,13002.7
1753617199892,11:53:19.892,phemex,ADA/USDT:USDT,0.8235,1762.82,0.8234,2885.35,0.8236,522.18,0.8237,13002.7
1753617199912,11:53:19.912,phemex,ADA/USDT:USDT,0.8235,1762.82,0.8234,2885.35,0.8236,522.18,0.8237,13002.7
1753617199931,11:53:19.931,phemex,ADA/USDT:USDT,0.8235,1762.82,0.8234,3822.04,0.8236,522.18,0.8237,13002.7
1753617199954,11:53:19.954,phemex,ADA/USDT:USDT,0.8235,1762.82,0.8234,3822.04,0.8236,522.18,0.8237,13002.7
1753617200002,11:53:20.002,phemex,ADA/USDT:USDT,0.8235,1762.82,0.8234,1885.35,0.8236,1256.54,0.8237,13002.7
1753617200019,11:53:20.019,phemex,ADA/USDT:USDT,0.8235,1240.46,0.8234,1885.35,0.8236,1256.54,0.8237,13002.7
1753617200050,11:53:20.050,phemex,ADA/USDT:USDT,0.8235,1240.46,0.8234,1885.35,0.8236,1256.54,0.8237,19356.4
1753617200072,11:53:20.072,phemex,ADA/USDT:USDT,0.8235,1240.46,0.8234,1885.35,0.8236,1256.54,0.8237,19356.4
1753617200090,11:53:20.090,phemex,ADA/USDT:USDT,0.8235,1240.46,0.8234,1885.35,0.8236,1256.54,0.8237,19356.4
1753617200120,11:53:20.120,phemex,ADA/USDT:USDT,0.8235,1240.46,0.8234,1885.35,0.8236,1256.54,0.8237,19356.4
1753617200129,11:53:20.129,phemex,ADA/USDT:USDT,0.8235,1240.46,0.8234,1885.35,0.8236,1256.54,0.8237,19356.4
1753617200301,11:53:20.301,phemex,ADA/USDT:USDT,0.8235,1762.64,0.8234,1885.35,0.8236,1256.54,0.8237,19356.4
1753617200309,11:53:20.309,phemex,ADA/USDT:USDT,0.8235,1762.64,0.8234,1885.35,0.8236,522.18,0.8237,19356.4
1753617200633,11:53:20.633,phemex,ADA/USDT:USDT,0.8235,1762.64,0.8234,1885.35,0.8236,522.18,0.8237,25704.89
1753617200683,11:53:20.683,phemex,ADA/USDT:USDT,0.8235,1762.64,0.8234,1885.35,0.8236,522.18,0.8237,25704.89
1753617200738,11:53:20.738,phemex,ADA/USDT:USDT,0.8235,1762.64,0.8234,2822.16,0.8236,522.18,0.8237,25704.89
1753617200867,11:53:20.867,phemex,ADA/USDT:USDT,0.8235,1762.64,0.8234,2822.16,0.8237,19356.4,0.8238,7527.77
1753617200906,11:53:20.906,phemex,ADA/USDT:USDT,0.8236,522.18,0.8235,1762.64,0.8237,13002.7,0.8238,7527.77
1753617200917,11:53:20.917,phemex,ADA/USDT:USDT,0.8236,522.18,0.8235,2699.45,0.8237,13002.7,0.8238,7527.77
1753617200942,11:53:20.942,phemex,ADA/USDT:USDT,0.8236,522.18,0.8235,2699.45,0.8237,13002.7,0.8238,7527.77
1753617200988,11:53:20.988,phemex,ADA/USDT:USDT,0.8236,522.18,0.8235,1762.64,0.8237,13002.7,0.8238,7527.77
1753617201171,11:53:21.171,phemex,ADA/USDT:USDT,0.8236,522.18,0.8235,1762.64,0.8237,12480.52,0.8238,7527.77
1753617201209,11:53:21.209,phemex,ADA/USDT:USDT,0.8236,522.18,0.8235,1762.64,0.8237,12480.52,0.8238,6591.08
1753617201232,11:53:21.232,phemex,ADA/USDT:USDT,0.8236,522.18,0.8235,1762.64,0.8237,12480.52,0.8238,6591.08
1753617201461,11:53:21.461,phemex,ADA/USDT:USDT,0.8236,522.18,0.8235,1762.64,0.8237,12480.52,0.8238,6591.08
1753617201693,11:53:21.693,phemex,ADA/USDT:USDT,0.8236,522.18,0.8235,1762.64,0.8237,12480.52,0.8238,6591.08
1753617201695,11:53:21.695,phemex,ADA/USDT:USDT,0.8236,522.18,0.8235,2699.33,0.8237,12480.52,0.8238,6591.08
1753617202724,11:53:22.724,phemex,ADA/USDT:USDT,0.8235,1835.5,0.8234,2822.16,0.8236,1256.54,0.8237,12480.52
1753617202742,11:53:22.742,phemex,ADA/USDT:USDT,0.8235,1762.64,0.8234,1885.35,0.8236,1256.54,0.8237,18826.15
1753617202829,11:53:22.829,phemex,ADA/USDT:USDT,0.8235,1240.46,0.8234,1885.35,0.8236,1256.54,0.8237,19348.33
1753617202955,11:53:22.955,phemex,ADA/USDT:USDT,0.8235,1240.46,0.8234,1885.35,0.8236,1256.54,0.8237,26627.35
1753617202995,11:53:22.995,phemex,ADA/USDT:USDT,0.8235,1240.46,0.8234,1885.35,0.8236,1256.54,0.8237,26627.35
1753617203029,11:53:23.029,phemex,ADA/USDT:USDT,0.8235,1240.46,0.8234,1885.35,0.8236,1256.54,0.8237,26627.35
1753617203103,11:53:23.103,phemex,ADA/USDT:USDT,0.8235,1762.64,0.8234,1885.35,0.8236,1256.54,0.8237,26627.35
1753617203244,11:53:23.244,phemex,ADA/USDT:USDT,0.8235,1762.64,0.8234,1885.35,0.8236,522.18,0.8237,26627.35
1753617203353,11:53:23.353,phemex,ADA/USDT:USDT,0.8235,1762.64,0.8234,1885.35,0.8236,522.18,0.8237,20281.72
1753617203472,11:53:23.472,phemex,ADA/USDT:USDT,0.8235,1762.64,0.8234,1885.35,0.8237,13002.7,0.8238,6591.08
1753617203485,11:53:23.485,phemex,ADA/USDT:USDT,0.8236,522.18,0.8235,1762.64,0.8237,13002.7,0.8238,6591.08
1753617203505,11:53:23.505,phemex,ADA/USDT:USDT,0.8236,522.18,0.8235,1762.64,0.8237,13002.7,0.8238,6591.08
1753617203618,11:53:23.618,phemex,ADA/USDT:USDT,0.8235,1762.64,0.8234,1885.35,0.8237,13002.7,0.8238,6591.08
1753617203646,11:53:23.646,phemex,ADA/USDT:USDT,0.8235,1762.64,0.8234,1885.35,0.8236,522.18,0.8237,13002.7
1753617203665,11:53:23.665,phemex,ADA/USDT:USDT,0.8235,1762.64,0.8234,1885.35,0.8236,1256.54,0.8237,13002.7
1753617203680,11:53:23.680,phemex,ADA/USDT:USDT,0.8235,1762.64,0.8234,1885.35,0.8236,1256.54,0.8237,13002.7
1753617203732,11:53:23.732,phemex,ADA/USDT:USDT,0.8235,1762.64,0.8234,1885.35,0.8236,1256.54,0.8237,19347.47
1753617204035,11:53:24.035,phemex,ADA/USDT:USDT,0.8235,1762.64,0.8234,1885.35,0.8236,1256.54,0.8237,19347.47
1753617204274,11:53:24.274,phemex,ADA/USDT:USDT,0.8235,1762.64,0.8234,1885.35,0.8236,522.18,0.8237,19347.47
1753617205015,11:53:25.015,phemex,ADA/USDT:USDT,0.8235,1762.64,0.8234,1885.35,0.8236,522.18,0.8237,13002.7
1753617205026,11:53:25.026,phemex,ADA/USDT:USDT,0.8235,1762.64,0.8234,1885.35,0.8237,13002.7,0.8238,6591.08
1753617205051,11:53:25.051,phemex,ADA/USDT:USDT,0.8235,1762.64,0.8234,1885.35,0.8237,13002.7,0.8238,6591.08
1753617205062,11:53:25.062,phemex,ADA/USDT:USDT,0.8236,522.18,0.8235,1762.64,0.8237,13002.7,0.8238,6591.08
1753617205118,11:53:25.118,phemex,ADA/USDT:USDT,0.8236,522.18,0.8235,1762.64,0.8237,13002.7,0.8238,6591.08
1753617205156,11:53:25.156,phemex,ADA/USDT:USDT,0.8236,522.18,0.8235,1762.64,0.8237,13002.7,0.8238,6591.08
1753617205646,11:53:25.646,phemex,ADA/USDT:USDT,0.8236,522.18,0.8235,1762.64,0.8237,13002.7,0.8238,6591.08
1753617205773,11:53:25.773,phemex,ADA/USDT:USDT,0.8236,522.18,0.8235,2699.33,0.8237,13002.7,0.8238,6591.08
1753617206140,11:53:26.140,phemex,ADA/USDT:USDT,0.8236,522.18,0.8235,2699.33,0.8237,12480.52,0.8238,6591.08
1753617206300,11:53:26.300,phemex,ADA/USDT:USDT,0.8236,522.18,0.8235,2699.33,0.8237,13522.54,0.8238,6591.08
1753617206328,11:53:26.328,phemex,ADA/USDT:USDT,0.8236,522.18,0.8235,2699.33,0.8237,13522.54,0.8238,6591.08
1753617206814,11:53:26.814,phemex,ADA/USDT:USDT,0.8236,522.18,0.8235,2699.33,0.8237,13522.54,0.8238,6591.08
1753617206866,11:53:26.866,phemex,ADA/USDT:USDT,0.8236,522.18,0.8235,2699.33,0.8237,12480.52,0.8238,6591.08
1753617206887,11:53:26.887,phemex,ADA/USDT:USDT,0.8236,522.18,0.8235,2699.33,0.8237,12480.52,0.8238,6591.08
1753617206922,11:53:26.922,phemex,ADA/USDT:USDT,0.8236,522.18,0.8235,2699.33,0.8237,12480.52,0.8238,6591.08
1753617207030,11:53:27.030,phemex,ADA/USDT:USDT,0.8236,522.18,0.8235,2699.33,0.8237,12480.52,0.8238,6591.08
1753617207081,11:53:27.081,phemex,ADA/USDT:USDT,0.8236,522.18,0.8235,2699.33,0.8237,12480.52,0.8238,6591.08
1753617207166,11:53:27.166,phemex,ADA/USDT:USDT,0.8236,522.18,0.8235,2699.33,0.8237,12480.52,0.8238,6591.08
1753617207213,11:53:27.213,phemex,ADA/USDT:USDT,0.8236,522.18,0.8235,2699.33,0.8237,987.68,0.8238,6591.08
1753617207232,11:53:27.232,phemex,ADA/USDT:USDT,0.8236,522.18,0.8235,2699.33,0.8237,987.68,0.8238,18083.92
1753617207360,11:53:27.360,phemex,ADA/USDT:USDT,0.8236,522.18,0.8235,2699.33,0.8237,987.68,0.8238,18083.92
1753617207641,11:53:27.641,phemex,ADA/USDT:USDT,0.8236,522.18,0.8235,2699.33,0.8237,1509.86,0.8238,18083.92
1753617207721,11:53:27.721,phemex,ADA/USDT:USDT,0.8236,522.18,0.8235,2699.33,0.8237,1509.86,0.8238,18083.92
1753617207745,11:53:27.745,phemex,ADA/USDT:USDT,0.8236,522.18,0.8235,2699.33,0.8237,987.68,0.8238,18083.92
1753617207760,11:53:27.760,phemex,ADA/USDT:USDT,0.8236,522.18,0.8235,2699.33,0.8237,987.68,0.8238,18083.92
1753617207893,11:53:27.893,phemex,ADA/USDT:USDT,0.8236,522.18,0.8235,2699.33,0.8237,987.68,0.8238,18083.92
1753617207906,11:53:27.906,phemex,ADA/USDT:USDT,0.8236,522.18,0.8235,2699.33,0.8238,12132.57,0.8239,9980.48
1753617207929,11:53:27.929,phemex,ADA/USDT:USDT,0.8236,522.18,0.8235,2699.33,0.8238,12132.57,0.8239,9980.48
1753617207944,11:53:27.944,phemex,ADA/USDT:USDT,0.8236,522.18,0.8235,2699.33,0.8238,12008.58,0.8239,10917.17
1753617207967,11:53:27.967,phemex,ADA/USDT:USDT,0.8236,522.18,0.8235,2699.33,0.8238,12008.58,0.8239,17250.3
1753617208024,11:53:28.024,phemex,ADA/USDT:USDT,0.8236,522.18,0.8235,2699.33,0.8238,12008.58,0.8239,17250.3
1753617208138,11:53:28.138,phemex,ADA/USDT:USDT,0.8236,522.18,0.8235,2699.33,0.8238,12008.58,0.8239,17250.3
1753617208458,11:53:28.458,phemex,ADA/USDT:USDT,0.8236,522.18,0.8235,2699.33,0.8238,12008.58,0.8239,17250.3
1753617208760,11:53:28.760,phemex,ADA/USDT:USDT,0.8236,522.18,0.8235,2699.33,0.8238,12008.58,0.8239,17250.3
1753617208777,11:53:28.777,phemex,ADA/USDT:USDT,0.8236,522.18,0.8235,2699.33,0.8237,522.18,0.8238,12008.58
1753617208806,11:53:28.806,phemex,ADA/USDT:USDT,0.8236,522.18,0.8235,2699.33,0.8238,12008.58,0.8239,17250.3
1753617208826,11:53:28.826,phemex,ADA/USDT:USDT,0.8236,522.18,0.8235,2699.33,0.8238,12008.58,0.8239,17250.3
1753617208846,11:53:28.846,phemex,ADA/USDT:USDT,0.8236,522.18,0.8235,2699.33,0.8237,522.18,0.8238,12008.58
1753617208871,11:53:28.871,phemex,ADA/USDT:USDT,0.8236,522.18,0.8235,2699.33,0.8237,1256.54,0.8238,12008.58
1753617208928,11:53:28.928,phemex,ADA/USDT:USDT,0.8236,522.18,0.8235,2699.33,0.8237,522.18,0.8238,12008.58
1753617208960,11:53:28.960,phemex,ADA/USDT:USDT,0.8236,522.18,0.8235,2699.33,0.8238,12008.58,0.8239,17250.3
1753617208989,11:53:28.989,phemex,ADA/USDT:USDT,0.8236,522.18,0.8235,2699.33,0.8238,12008.58,0.8239,17250.3
1753617209004,11:53:29.004,phemex,ADA/USDT:USDT,0.8236,522.18,0.8235,2699.33,0.8238,12008.58,0.8239,17250.3
1753617209036,11:53:29.036,phemex,ADA/USDT:USDT,0.8236,522.18,0.8235,2699.33,0.8238,12008.58,0.8239,17250.3
1753617209758,11:53:29.758,phemex,ADA/USDT:USDT,0.8236,522.18,0.8235,2699.33,0.8238,12008.58,0.8239,17250.3
1753617209794,11:53:29.794,phemex,ADA/USDT:USDT,0.8236,522.18,0.8235,2699.33,0.8238,12008.58,0.8239,17250.3
1753617209901,11:53:29.901,phemex,ADA/USDT:USDT,0.8236,522.18,0.8235,2699.33,0.8238,11492.84,0.8239,10917.17
1753617209906,11:53:29.906,phemex,ADA/USDT:USDT,0.8236,522.18,0.8235,2699.33,0.8238,11492.84,0.8239,8980.48
1753617209942,11:53:29.942,phemex,ADA/USDT:USDT,0.8236,522.18,0.8235,2699.33,0.8238,11492.84,0.8239,2642.46
1753617209956,11:53:29.956,phemex,ADA/USDT:USDT,0.8236,522.18,0.8235,2699.33,0.8238,11492.84,0.8239,8970.51
1753617209983,11:53:29.983,phemex,ADA/USDT:USDT,0.8236,522.18,0.8235,2699.33,0.8238,11492.84,0.8239,9907.15
1753617210037,11:53:30.037,phemex,ADA/USDT:USDT,0.8236,522.18,0.8235,3894.28,0.8238,11492.84,0.8239,9907.15
1753617210046,11:53:30.046,phemex,ADA/USDT:USDT,0.8236,522.18,0.8235,3894.28,0.8238,11492.84,0.8239,9907.15
1753617210081,11:53:30.081,phemex,ADA/USDT:USDT,0.8236,522.18,0.8235,3894.28,0.8238,11492.84,0.8239,9907.15
1753617210332,11:53:30.332,phemex,ADA/USDT:USDT,0.8236,522.18,0.8235,3894.28,0.8238,11492.84,0.8239,16237.97
1753617210619,11:53:30.619,phemex,ADA/USDT:USDT,0.8236,522.18,0.8235,3894.28,0.8238,11492.84,0.8239,16237.97
1753617211727,11:53:31.727,phemex,ADA/USDT:USDT,0.8236,522.18,0.8235,3894.28,0.8239,9909.92,0.824,1593.77
1753617211746,11:53:31.746,phemex,ADA/USDT:USDT,0.8236,522.18,0.8235,3894.28,0.8239,14135.3,0.824,1593.77
1753617211768,11:53:31.768,phemex,ADA/USDT:USDT,0.8236,522.18,0.8235,3894.28,0.8239,14135.3,0.824,7917.47
1753617211807,11:53:31.807,phemex,ADA/USDT:USDT,0.8236,1904.33,0.8235,3894.28,0.8239,12023.16,0.824,13309.46
1753617211945,11:53:31.945,phemex,ADA/USDT:USDT,0.8237,524.51,0.8236,1977.19,0.8239,12023.16,0.824,6983.01
1753617212005,11:53:32.005,phemex,ADA/USDT:USDT,0.8237,524.51,0.8236,2913.83,0.8239,12023.16,0.824,7919.65
1753617212044,11:53:32.044,phemex,ADA/USDT:USDT,0.8237,524.51,0.8236,2913.83,0.8239,12023.16,0.824,657.13
1753617212089,11:53:32.089,phemex,ADA/USDT:USDT,0.8237,524.51,0.8236,2913.83,0.8239,530.32,0.824,657.13
1753617212102,11:53:32.102,phemex,ADA/USDT:USDT,0.8237,524.51,0.8236,2913.83,0.824,657.13,0.8241,62847.46
1753617212120,11:53:32.120,phemex,ADA/USDT:USDT,0.8237,524.51,0.8236,2913.83,0.824,657.13,0.8241,62847.46
1753617212167,11:53:32.167,phemex,ADA/USDT:USDT,0.8237,524.51,0.8236,2913.83,0.824,657.13,0.8241,49261.53
1753617212210,11:53:32.210,phemex,ADA/USDT:USDT,0.8237,524.51,0.8236,2913.83,0.824,657.13,0.8241,49261.53
1753617212256,11:53:32.256,phemex,ADA/USDT:USDT,0.8237,524.51,0.8236,2913.83,0.824,657.13,0.8241,55587.41
1753617212304,11:53:32.304,phemex,ADA/USDT:USDT,0.8237,524.51,0.8236,2913.83,0.824,657.13,0.8241,55587.41
1753617212312,11:53:32.312,phemex,ADA/USDT:USDT,0.8237,597.37,0.8236,2840.97,0.824,533.14,0.8241,55587.41
1753617212340,11:53:32.340,phemex,ADA/USDT:USDT,0.8238,524.51,0.8237,597.37,0.824,533.14,0.8241,55587.41
1753617212365,11:53:32.365,phemex,ADA/USDT:USDT,0.8238,524.51,0.8237,1524.51,0.824,533.14,0.8241,55587.41
1753617212595,11:53:32.595,phemex,ADA/USDT:USDT,0.8238,524.51,0.8237,1524.51,0.824,533.14,0.8241,62845.18
1753617212772,11:53:32.772,phemex,ADA/USDT:USDT,0.8238,524.51,0.8237,1524.51,0.824,533.14,0.8241,62845.18
1753617212777,11:53:32.777,phemex,ADA/USDT:USDT,0.8238,524.51,0.8237,1524.51,0.824,533.14,0.8241,62845.18
1753617212834,11:53:32.834,phemex,ADA/USDT:USDT,0.8238,524.51,0.8237,1524.51,0.824,533.14,0.8241,21082.96
1753617213026,11:53:33.026,phemex,ADA/USDT:USDT,0.8238,524.51,0.8237,1524.51,0.824,533.14,0.8241,21082.96
1753617213056,11:53:33.056,phemex,ADA/USDT:USDT,0.8238,524.51,0.8237,1524.51,0.824,2.82,0.8241,21082.96
1753617213156,11:53:33.156,phemex,ADA/USDT:USDT,0.8238,524.51,0.8237,1524.51,0.824,527.33,0.8241,21082.96
1753617213203,11:53:33.203,phemex,ADA/USDT:USDT,0.8238,524.51,0.8237,1524.51,0.824,527.33,0.8241,21082.96
1753617213342,11:53:33.342,phemex,ADA/USDT:USDT,0.8238,524.51,0.8237,1524.51,0.824,527.33,0.8241,21082.96
1753617213551,11:53:33.551,phemex,ADA/USDT:USDT,0.8238,524.51,0.8237,1524.51,0.824,527.33,0.8241,21082.96
1753617213569,11:53:33.569,phemex,ADA/USDT:USDT,0.8238,524.51,0.8237,1524.51,0.824,527.33,0.8241,21082.96
1753617213763,11:53:33.763,phemex,ADA/USDT:USDT,0.8238,524.51,0.8237,1524.51,0.824,527.33,0.8241,21082.96
1753617213812,11:53:33.812,phemex,ADA/USDT:USDT,0.8238,524.51,0.8237,1524.51,0.824,527.33,0.8241,21082.96
1753617214712,11:53:34.712,phemex,ADA/USDT:USDT,0.8238,524.51,0.8237,1524.51,0.8239,524.51,0.824,527.33
1753617214732,11:53:34.732,phemex,ADA/USDT:USDT,0.8238,524.51,0.8237,1524.51,0.8239,524.51,0.824,14104.51
1753617214849,11:53:34.849,phemex,ADA/USDT:USDT,0.8238,524.51,0.8237,1524.51,0.824,527.33,0.8241,21076.72
1753617215039,11:53:35.039,phemex,ADA/USDT:USDT,0.8239,900.27,0.8238,2004.29,0.824,527.33,0.8241,21076.72
1753617215051,11:53:35.051,phemex,ADA/USDT:USDT,0.8239,1424.78,0.8238,2004.29,0.824,1261.69,0.8241,21076.72
1753617215068,11:53:35.068,phemex,ADA/USDT:USDT,0.8239,1424.78,0.8238,2004.29,0.824,1261.69,0.8241,21076.72
1753617215089,11:53:35.089,phemex,ADA/USDT:USDT,0.8239,1424.78,0.8238,2004.29,0.824,1261.69,0.8241,21076.72
1753617215165,11:53:35.165,phemex,ADA/USDT:USDT,0.8239,1424.78,0.8238,2004.29,0.824,527.33,0.8241,21076.72
1753617215185,11:53:35.185,phemex,ADA/USDT:USDT,0.8239,1424.78,0.8238,2004.29,0.824,527.33,0.8241,20140.08
1753617215195,11:53:35.195,phemex,ADA/USDT:USDT,0.8239,1424.78,0.8238,2940.7,0.824,2.82,0.8241,13821.87
1753617215208,11:53:35.208,phemex,ADA/USDT:USDT,0.8239,1424.78,0.8238,2940.7,0.824,2.82,0.8241,13821.87
1753617215237,11:53:35.237,phemex,ADA/USDT:USDT,0.8239,1424.78,0.8238,2940.7,0.824,2.82,0.8241,14758.28
1753617215258,11:53:35.258,phemex,ADA/USDT:USDT,0.8239,1424.78,0.8238,2940.7,0.824,2.82,0.8241,21075.12
1753617215443,11:53:35.443,phemex,ADA/USDT:USDT,0.8239,1424.78,0.8238,2940.7,0.824,527.33,0.8241,21075.12
1753617216031,11:53:36.031,phemex,ADA/USDT:USDT,0.8239,1524.51,0.8238,3004.29,0.824,527.33,0.8241,21075.06
1753617216247,11:53:36.247,phemex,ADA/USDT:USDT,0.8239,1524.51,0.8238,3940.64,0.824,527.33,0.8241,21075.06
1753617216295,11:53:36.295,phemex,ADA/USDT:USDT,0.8239,1524.51,0.8238,3940.64,0.824,2.82,0.8241,21075.06
1753617216339,11:53:36.339,phemex,ADA/USDT:USDT,0.8239,1524.51,0.8238,3940.64,0.824,2.82,0.8241,14752.5
1753617216393,11:53:36.393,phemex,ADA/USDT:USDT,0.8239,1524.51,0.8238,3940.64,0.824,2.82,0.8241,21072.67
1753617216447,11:53:36.447,phemex,ADA/USDT:USDT,0.8239,1524.51,0.8238,3940.64,0.824,2.82,0.8241,21072.67
1753617216527,11:53:36.527,phemex,ADA/USDT:USDT,0.8239,1524.51,0.8238,3940.64,0.824,527.33,0.8241,21072.67
1753617216782,11:53:36.782,phemex,ADA/USDT:USDT,0.8239,1524.51,0.8238,3004.29,0.824,527.33,0.8241,21072.67
1753617216998,11:53:36.998,phemex,ADA/USDT:USDT,0.8239,1524.51,0.8238,3940.64,0.824,527.33,0.8241,21072.67
1753617217064,11:53:37.064,phemex,ADA/USDT:USDT,0.8239,524.51,0.8238,3940.64,0.824,527.33,0.8241,21072.67
1753617217582,11:53:37.582,phemex,ADA/USDT:USDT,0.8239,531.75,0.8238,3940.64,0.824,527.33,0.8241,21072.67
1753617218075,11:53:38.075,phemex,ADA/USDT:USDT,0.8239,531.75,0.8238,3940.64,0.824,2.82,0.8241,21072.67
1753617218190,11:53:38.190,phemex,ADA/USDT:USDT,0.8239,531.75,0.8238,3940.64,0.824,527.33,0.8241,21072.67
1753617218487,11:53:38.487,phemex,ADA/USDT:USDT,0.8239,531.75,0.8238,3940.64,0.824,2.82,0.8241,20136.32
1753617218495,11:53:38.495,phemex,ADA/USDT:USDT,0.8239,531.75,0.8238,3940.64,0.824,2.82,0.8241,7499.31
1753617218524,11:53:38.524,phemex,ADA/USDT:USDT,0.8239,531.75,0.8238,3940.64,0.824,2.82,0.8241,21067.94
1753617218551,11:53:38.551,phemex,ADA/USDT:USDT,0.8239,531.75,0.8238,3940.64,0.824,2.82,0.8241,7499.31
1753617218579,11:53:38.579,phemex,ADA/USDT:USDT,0.8239,531.75,0.8238,3940.64,0.824,2.82,0.8241,7499.31
1753617218614,11:53:38.614,phemex,ADA/USDT:USDT,0.8239,531.75,0.8238,3940.64,0.824,2.82,0.8241,7499.31
1753617218629,11:53:38.629,phemex,ADA/USDT:USDT,0.8239,531.75,0.8238,3940.64,0.824,2.82,0.8241,13817.6
1753617218642,11:53:38.642,phemex,ADA/USDT:USDT,0.8239,531.75,0.8238,3940.64,0.824,2.82,0.8241,13817.6
1753617218678,11:53:38.678,phemex,ADA/USDT:USDT,0.8239,531.75,0.8238,3940.64,0.824,2.82,0.8241,13817.6
1753617218709,11:53:38.709,phemex,ADA/USDT:USDT,0.8239,531.75,0.8238,3940.64,0.824,2.82,0.8241,14753.95
1753617218753,11:53:38.753,phemex,ADA/USDT:USDT,0.8239,531.75,0.8238,3940.64,0.824,2.82,0.8241,13817.6
1753617218927,11:53:38.927,phemex,ADA/USDT:USDT,0.8239,531.75,0.8238,3940.64,0.824,2.82,0.8241,20131.59
1753617218977,11:53:38.977,phemex,ADA/USDT:USDT,0.8239,531.75,0.8238,3940.64,0.824,2.82,0.8241,20131.59
1753617219026,11:53:39.026,phemex,ADA/USDT:USDT,0.8239,531.75,0.8238,3940.64,0.824,2.82,0.8241,20131.59
1753617219163,11:53:39.163,phemex,ADA/USDT:USDT,0.8239,531.75,0.8238,3940.64,0.824,2.82,0.8241,21067.94
1753617219523,11:53:39.523,phemex,ADA/USDT:USDT,0.8239,531.75,0.8238,3940.64,0.824,517.74,0.8241,21067.94
1753617219578,11:53:39.578,phemex,ADA/USDT:USDT,0.8239,531.75,0.8238,3940.64,0.824,2.82,0.8241,21067.94
1753617219846,11:53:39.846,phemex,ADA/USDT:USDT,0.8239,531.75,0.8238,3940.64,0.824,2.82,0.8241,13817.6
1753617220020,11:53:40.020,phemex,ADA/USDT:USDT,0.8239,531.75,0.8238,3940.64,0.824,2.82,0.8241,14753.95
1753617220032,11:53:40.032,phemex,ADA/USDT:USDT,0.8239,531.75,0.8238,3940.64,0.824,2.82,0.8241,21067.0
1753617220087,11:53:40.087,phemex,ADA/USDT:USDT,0.8239,531.75,0.8238,3940.64,0.824,2.82,0.8241,13817.6
1753617220133,11:53:40.133,phemex,ADA/USDT:USDT,0.8239,531.75,0.8238,3940.64,0.824,2.82,0.8241,13817.6
1753617220184,11:53:40.184,phemex,ADA/USDT:USDT,0.8239,531.75,0.8238,3940.64,0.824,2.82,0.8241,8435.66
1753617220184,11:53:40.184,phemex,ADA/USDT:USDT,0.8239,531.75,0.8238,3940.64,0.824,2.82,0.8241,7499.31
1753617220204,11:53:40.204,phemex,ADA/USDT:USDT,0.8239,531.75,0.8238,3940.64,0.824,2.82,0.8241,7499.31
1753617220233,11:53:40.233,phemex,ADA/USDT:USDT,0.8239,531.75,0.8238,5198.64,0.824,2.82,0.8241,7499.31
1753617220253,11:53:40.253,phemex,ADA/USDT:USDT,0.8239,531.75,0.8238,5198.64,0.824,2.82,0.8241,7499.31
1753617220284,11:53:40.284,phemex,ADA/USDT:USDT,0.8239,531.75,0.8238,5198.64,0.824,2.82,0.8241,7499.31
1753617220384,11:53:40.384,phemex,ADA/USDT:USDT,0.8239,531.75,0.8238,5198.64,0.824,2.82,0.8241,7499.31
1753617220436,11:53:40.436,phemex,ADA/USDT:USDT,0.8239,531.75,0.8238,5198.64,0.824,2.82,0.8241,7499.31
1753617220534,11:53:40.534,phemex,ADA/USDT:USDT,0.8239,531.75,0.8238,5198.64,0.824,2.82,0.8241,7499.31
1753617220574,11:53:40.574,phemex,ADA/USDT:USDT,0.8239,531.75,0.8238,5198.64,0.824,2.82,0.8241,6968.99
1753617220587,11:53:40.587,phemex,ADA/USDT:USDT,0.8239,531.75,0.8238,5198.64,0.824,2.82,0.8241,6968.99
1753617220623,11:53:40.623,phemex,ADA/USDT:USDT,0.8239,531.75,0.8238,5198.64,0.824,2.82,0.8241,6968.99
1753617220645,11:53:40.645,phemex,ADA/USDT:USDT,0.8239,531.75,0.8238,5198.64,0.824,2.82,0.8241,6968.99
1753617220686,11:53:40.686,phemex,ADA/USDT:USDT,0.8239,531.75,0.8238,5198.64,0.824,2.82,0.8241,6968.99
1753617220707,11:53:40.707,phemex,ADA/USDT:USDT,0.8239,13031.75,0.8238,5198.64,0.824,2.82,0.8241,6968.99
1753617220736,11:53:40.736,phemex,ADA/USDT:USDT,0.8239,13031.75,0.8238,5198.64,0.824,2.82,0.8241,6968.99
1753617220764,11:53:40.764,phemex,ADA/USDT:USDT,0.8239,13031.75,0.8238,5198.64,0.824,2.82,0.8241,6968.99
1753617220774,11:53:40.774,phemex,ADA/USDT:USDT,0.8239,13104.61,0.8238,5198.64,0.824,2.82,0.8241,1076.4
1753617220804,11:53:40.804,phemex,ADA/USDT:USDT,0.8239,13104.61,0.8238,5198.64,0.824,2.82,0.8241,1076.4
1753617220858,11:53:40.858,phemex,ADA/USDT:USDT,0.8239,13104.61,0.8238,6614.57,0.824,2.82,0.8241,1076.4
1753617220964,11:53:40.964,phemex,ADA/USDT:USDT,0.8239,13104.61,0.8238,6614.57,0.824,2.82,0.8241,1076.4
1753617220975,11:53:40.975,phemex,ADA/USDT:USDT,0.8239,13104.61,0.8238,6614.57,0.824,2.82,0.8241,1076.4
1753617221011,11:53:41.011,phemex,ADA/USDT:USDT,0.8239,13104.61,0.8238,6614.57,0.824,2.82,0.8241,1076.4
1753617221059,11:53:41.059,phemex,ADA/USDT:USDT,0.8239,13104.61,0.8238,6614.57,0.824,2.82,0.8241,1076.4
1753617221107,11:53:41.107,phemex,ADA/USDT:USDT,0.8239,13104.61,0.8238,6614.57,0.824,2.82,0.8242,533.6
1753617221115,11:53:41.115,phemex,ADA/USDT:USDT,0.8239,13104.61,0.8238,6614.57,0.824,2.82,0.8242,533.6
1753617221145,11:53:41.145,phemex,ADA/USDT:USDT,0.8239,13104.61,0.8238,6614.57,0.824,2.82,0.8243,19709.27
1753617221146,11:53:41.146,phemex,ADA/USDT:USDT,0.8239,13104.61,0.8238,6614.57,0.824,2.82,0.8243,13394.46
1753617221196,11:53:41.196,phemex,ADA/USDT:USDT,0.8239,14520.05,0.8238,6614.57,0.824,2.82,0.8242,6314.81
1753617221271,11:53:41.271,phemex,ADA/USDT:USDT,0.8239,14520.04,0.8238,6614.57,0.824,2.82,0.8242,6314.81
1753617221416,11:53:41.416,phemex,ADA/USDT:USDT,0.8239,14520.04,0.8238,6614.57,0.824,2.82,0.8242,6829.73
1753617221543,11:53:41.543,phemex,ADA/USDT:USDT,0.8239,14520.04,0.8238,6614.57,0.824,2.82,0.8242,514.92
1753617221603,11:53:41.603,phemex,ADA/USDT:USDT,0.8239,14520.04,0.8238,6614.57,0.824,2.82,0.8242,514.92
1753617221672,11:53:41.672,phemex,ADA/USDT:USDT,0.8239,15520.04,0.8238,6614.57,0.824,2.82,0.8242,514.92
1753617222030,11:53:42.030,phemex,ADA/USDT:USDT,0.8239,15520.04,0.8238,6614.57,0.824,2.82,0.8242,6827.65
1753617222042,11:53:42.042,phemex,ADA/USDT:USDT,0.8239,15520.04,0.8238,6614.57,0.824,2.82,0.8242,6827.65
1753617222080,11:53:42.080,phemex,ADA/USDT:USDT,0.8239,15520.04,0.8238,6614.57,0.824,2.82,0.8242,514.92
1753617222132,11:53:42.132,phemex,ADA/USDT:USDT,0.8239,15520.04,0.8238,6614.57,0.824,2.82,0.8242,6827.65
1753617222184,11:53:42.184,phemex,ADA/USDT:USDT,0.8239,15520.04,0.8238,6614.57,0.824,2.82,0.8242,514.92
1753617222237,11:53:42.237,phemex,ADA/USDT:USDT,0.8239,15520.04,0.8238,6614.57,0.824,2.82,0.8242,514.92
1753617222319,11:53:42.319,phemex,ADA/USDT:USDT,0.8239,15520.04,0.8238,6614.57,0.824,2.82,0.8243,19707.19
1753617222664,11:53:42.664,phemex,ADA/USDT:USDT,0.8239,15520.04,0.8238,6614.57,0.824,2.82,0.8242,6312.95
1753617222732,11:53:42.732,phemex,ADA/USDT:USDT,0.8239,15520.04,0.8238,6614.57,0.824,2.82,0.8243,13394.46
1753617222770,11:53:42.770,phemex,ADA/USDT:USDT,0.8239,15520.04,0.8238,6614.57,0.824,2.82,0.8243,19707.41
1753617222840,11:53:42.840,phemex,ADA/USDT:USDT,0.8239,15520.04,0.8238,6614.57,0.824,2.82,0.8243,20643.76
1753617222872,11:53:42.872,phemex,ADA/USDT:USDT,0.8239,15520.04,0.8238,6614.57,0.824,2.82,0.8243,13394.46
1753617222876,11:53:42.876,phemex,ADA/USDT:USDT,0.8239,15520.04,0.8238,6614.57,0.824,2.82,0.8243,13394.46
1753617222904,11:53:42.904,phemex,ADA/USDT:USDT,0.8239,15520.04,0.8238,6614.57,0.824,2.82,0.8243,13394.46
1753617222928,11:53:42.928,phemex,ADA/USDT:USDT,0.8239,15520.04,0.8238,6614.57,0.824,2.82,0.8243,19707.41
1753617222947,11:53:42.947,phemex,ADA/USDT:USDT,0.8239,15520.04,0.8238,6614.57,0.824,2.82,0.8243,26015.41
1753617223005,11:53:43.005,phemex,ADA/USDT:USDT,0.8239,15520.04,0.8238,6614.57,0.824,2.82,0.8243,12024.77
1753617223005,11:53:43.005,phemex,ADA/USDT:USDT,0.8239,15520.04,0.8238,6614.57,0.824,2.82,0.8243,12024.77
1753617223035,11:53:43.035,phemex,ADA/USDT:USDT,0.8239,15520.04,0.8238,6614.57,0.824,2.82,0.8243,12024.77
1753617223292,11:53:43.292,phemex,ADA/USDT:USDT,0.8239,15520.04,0.8238,6614.57,0.824,2.82,0.8243,12024.77
1753617223300,11:53:43.300,phemex,ADA/USDT:USDT,0.8239,15520.04,0.8238,6614.57,0.824,2.82,0.8243,12024.77
1753617223344,11:53:43.344,phemex,ADA/USDT:USDT,0.8239,15520.04,0.8238,6614.57,0.824,2.82,0.8243,12024.77
1753617223412,11:53:43.412,phemex,ADA/USDT:USDT,0.8239,15520.04,0.8238,6614.57,0.824,2.82,0.8243,12024.77
1753617223499,11:53:43.499,phemex,ADA/USDT:USDT,0.8239,15520.04,0.8238,6614.57,0.824,2.82,0.8243,12024.77
1753617223580,11:53:43.580,phemex,ADA/USDT:USDT,0.8239,15520.04,0.8238,6614.57,0.824,2.82,0.8243,12024.77
1753617223852,11:53:43.852,phemex,ADA/USDT:USDT,0.8239,15520.04,0.8238,6614.57,0.824,2.82,0.8243,12024.77
1753617223902,11:53:43.902,phemex,ADA/USDT:USDT,0.8239,15520.04,0.8238,6614.57,0.824,2.82,0.8243,12024.77
1753617223944,11:53:43.944,phemex,ADA/USDT:USDT,0.8239,15520.04,0.8238,6614.57,0.824,2.82,0.8243,12024.77
1753617224151,11:53:44.151,phemex,ADA/USDT:USDT,0.8239,15520.04,0.8238,6614.57,0.824,2.82,0.8243,12024.77
1753617224248,11:53:44.248,phemex,ADA/USDT:USDT,0.8239,15520.04,0.8238,6614.57,0.824,2.82,0.8243,12024.77
1753617224260,11:53:44.260,phemex,ADA/USDT:USDT,0.8239,15520.04,0.8238,6614.57,0.824,2.82,0.8243,12024.77
1753617224278,11:53:44.278,phemex,ADA/USDT:USDT,0.8239,15520.04,0.8238,6614.57,0.824,2.82,0.8243,12024.77
1753617224304,11:53:44.304,phemex,ADA/USDT:USDT,0.8239,15520.04,0.8238,6614.57,0.824,2.82,0.8243,11492.84
1753617224417,11:53:44.417,phemex,ADA/USDT:USDT,0.8239,15520.04,0.8238,6614.57,0.824,2.82,0.8243,11492.84
1753617224524,11:53:44.524,phemex,ADA/USDT:USDT,0.8239,15520.04,0.8238,6614.57,0.824,2.82,0.8243,11492.84
1753617224639,11:53:44.639,phemex,ADA/USDT:USDT,0.8239,15520.04,0.8238,6614.57,0.824,2.82,0.8243,11492.84
1753617224965,11:53:44.965,phemex,ADA/USDT:USDT,0.8239,15520.04,0.8238,6614.57,0.824,2.82,0.8243,11492.84
1753617225004,11:53:45.004,phemex,ADA/USDT:USDT,0.8239,15520.04,0.8238,6614.57,0.824,2.82,0.8243,11492.84
1753617225055,11:53:45.055,phemex,ADA/USDT:USDT,0.8239,15520.04,0.8238,6614.57,0.824,2.82,0.8243,11492.84
1753617225153,11:53:45.153,phemex,ADA/USDT:USDT,0.8239,15520.04,0.8238,6614.57,0.824,2.82,0.8243,11492.84
1753617225179,11:53:45.179,phemex,ADA/USDT:USDT,0.8239,15520.04,0.8238,6614.57,0.8243,11492.84,0.8244,2661.49
1753617225194,11:53:45.194,phemex,ADA/USDT:USDT,0.824,1000.0,0.8239,3020.04,0.8244,14030.34,0.8245,15340.63
1753617225211,11:53:45.211,phemex,ADA/USDT:USDT,0.824,1514.92,0.8239,2947.18,0.8244,14030.34,0.8245,15216.64
1753617225230,11:53:45.230,phemex,ADA/USDT:USDT,0.8242,924.38,0.824,3789.37,0.8244,14030.34,0.8245,15216.64
1753617225252,11:53:45.252,phemex,ADA/USDT:USDT,0.8242,1439.3,0.824,3789.37,0.8244,14030.34,0.8245,15216.64
1753617225398,11:53:45.398,phemex,ADA/USDT:USDT,0.8242,514.92,0.824,3789.37,0.8244,14030.34,0.8245,15216.64
1753617225409,11:53:45.409,phemex,ADA/USDT:USDT,0.8242,514.92,0.824,3789.37,0.8244,14030.34,0.8245,15216.64
1753617225596,11:53:45.596,phemex,ADA/USDT:USDT,0.8242,514.92,0.824,3789.37,0.8244,14030.34,0.8245,15216.64
1753617225609,11:53:45.609,phemex,ADA/USDT:USDT,0.8242,514.92,0.824,3789.37,0.8244,14154.33,0.8245,15216.64
1753617225732,11:53:45.732,phemex,ADA/USDT:USDT,0.8242,514.92,0.824,3789.37,0.8243,514.92,0.8244,14154.33
1753617225753,11:53:45.753,phemex,ADA/USDT:USDT,0.8242,514.92,0.824,3789.37,0.8243,1249.28,0.8244,14030.34
1753617225769,11:53:45.769,phemex,ADA/USDT:USDT,0.8242,514.92,0.824,3789.37,0.8243,1249.28,0.8244,20346.1
1753617225801,11:53:45.801,phemex,ADA/USDT:USDT,0.8242,514.92,0.824,3789.37,0.8243,1249.28,0.8244,20346.1
1753617225832,11:53:45.832,phemex,ADA/USDT:USDT,0.8242,514.92,0.824,3789.37,0.8243,1249.28,0.8244,20346.1
1753617225974,11:53:45.974,phemex,ADA/USDT:USDT,0.8242,514.92,0.824,3789.37,0.8243,514.92,0.8244,20346.1
1753617226059,11:53:46.059,phemex,ADA/USDT:USDT,0.8242,514.92,0.824,3789.37,0.8244,20346.1,0.8245,9025.17
1753617226111,11:53:46.111,phemex,ADA/USDT:USDT,0.8242,514.92,0.824,3789.37,0.8244,14154.33,0.8245,15216.94
1753617226280,11:53:46.280,phemex,ADA/USDT:USDT,0.8242,1599.15,0.824,1514.92,0.8245,6847.69,0.8246,1518.85
1753617226289,11:53:46.289,phemex,ADA/USDT:USDT,0.8242,1599.15,0.824,1514.92,0.8244,514.92,0.8245,531.93
1753617226312,11:53:46.312,phemex,ADA/USDT:USDT,0.8242,1599.15,0.8241,1404.39,0.8244,514.92,0.8245,6847.69
1753617226334,11:53:46.334,phemex,ADA/USDT:USDT,0.8242,1599.15,0.8241,1919.31,0.8244,514.92,0.8245,6847.69
1753617226354,11:53:46.354,phemex,ADA/USDT:USDT,0.8242,1599.15,0.8241,1919.31,0.8244,514.92,0.8245,6847.69
1753617226440,11:53:46.440,phemex,ADA/USDT:USDT,0.8242,1599.15,0.8241,1919.31,0.8244,514.92,0.8245,6847.69
1753617226555,11:53:46.555,phemex,ADA/USDT:USDT,0.8242,1599.15,0.8241,1919.31,0.8244,514.92,0.8245,6847.69
1753617226917,11:53:46.917,phemex,ADA/USDT:USDT,0.8242,1599.15,0.8241,1919.31,0.8244,514.92,0.8245,6847.69
1753617227026,11:53:47.026,phemex,ADA/USDT:USDT,0.8242,1599.15,0.8241,1919.31,0.8244,514.92,0.8245,6847.69
1753617227088,11:53:47.088,phemex,ADA/USDT:USDT,0.8242,1599.15,0.8241,1919.31,0.8245,531.93,0.8246,1642.84
1753617227104,11:53:47.104,phemex,ADA/USDT:USDT,0.8242,1599.15,0.8241,1919.31,0.8245,531.93,0.8246,1642.84
1753617227123,11:53:47.123,phemex,ADA/USDT:USDT,0.8242,1599.15,0.8241,1919.31,0.8245,531.93,0.8246,1642.84
1753617227159,11:53:47.159,phemex,ADA/USDT:USDT,0.8242,1599.15,0.8241,1919.31,0.8245,531.93,0.8246,1642.84
1753617227190,11:53:47.190,phemex,ADA/USDT:USDT,0.8242,1599.15,0.8241,1919.31,0.8245,531.93,0.8246,642.84
1753617227212,11:53:47.212,phemex,ADA/USDT:USDT,0.8242,1599.15,0.8241,1919.31,0.8245,531.93,0.8246,642.84
1753617227249,11:53:47.249,phemex,ADA/USDT:USDT,0.8242,1599.15,0.8241,1919.31,0.8245,531.93,0.8246,642.84
1753617227250,11:53:47.250,phemex,ADA/USDT:USDT,0.8242,1599.15,0.8241,1919.31,0.8245,531.93,0.8246,642.84
1753617227286,11:53:47.286,phemex,ADA/USDT:USDT,0.8242,1599.15,0.8241,1919.31,0.8245,531.93,0.8246,642.84
1753617227301,11:53:47.301,phemex,ADA/USDT:USDT,0.8242,1672.01,0.8241,1919.31,0.8246,642.84,0.8247,5249.92
1753617227367,11:53:47.367,phemex,ADA/USDT:USDT,0.8242,1672.01,0.8241,1919.31,0.8245,514.92,0.8246,642.84
1753617227375,11:53:47.375,phemex,ADA/USDT:USDT,0.8242,1672.01,0.8241,1919.31,0.8245,514.92,0.8246,6958.63
1753617227396,11:53:47.396,phemex,ADA/USDT:USDT,0.8242,1599.15,0.8241,1919.31,0.8245,514.92,0.8246,6958.63
1753617227548,11:53:47.548,phemex,ADA/USDT:USDT,0.8242,1599.15,0.8241,1919.31,0.8245,514.92,0.8246,6958.63
1753617227608,11:53:47.608,phemex,ADA/USDT:USDT,0.8242,2599.15,0.8241,1919.31,0.8245,514.92,0.8246,6958.63
1753617227625,11:53:47.625,phemex,ADA/USDT:USDT,0.8242,2599.15,0.8241,1919.31,0.8245,514.92,0.8246,6958.63
1753617227726,11:53:47.726,phemex,ADA/USDT:USDT,0.8242,2599.15,0.8241,1919.31,0.8245,514.92,0.8246,6958.63
1753617227768,11:53:47.768,phemex,ADA/USDT:USDT,0.8242,2599.15,0.8241,1919.31,0.8245,514.92,0.8246,6958.63
1753617227835,11:53:47.835,phemex,ADA/USDT:USDT,0.8242,2599.15,0.8241,1919.31,0.8245,514.92,0.8246,6958.63
1753617227884,11:53:47.884,phemex,ADA/USDT:USDT,0.8242,2599.15,0.8241,1919.31,0.8245,514.92,0.8246,6958.63
1753617227980,11:53:47.980,phemex,ADA/USDT:USDT,0.8242,2599.15,0.8241,1919.31,0.8245,514.92,0.8246,6958.63
1753617228048,11:53:48.048,phemex,ADA/USDT:USDT,0.8242,2599.15,0.8241,1919.31,0.8245,514.92,0.8246,6958.63
1753617228064,11:53:48.064,phemex,ADA/USDT:USDT,0.8242,2599.15,0.8241,1919.31,0.8245,514.92,0.8246,6958.63
1753617228243,11:53:48.243,phemex,ADA/USDT:USDT,0.8242,2599.15,0.8241,1919.31,0.8245,514.92,0.8246,6958.63
1753617228303,11:53:48.303,phemex,ADA/USDT:USDT,0.8242,1599.15,0.8241,1919.31,0.8245,638.91,0.8246,6834.64
1753617228338,11:53:48.338,phemex,ADA/USDT:USDT,0.8242,1599.15,0.8241,1919.31,0.8244,514.92,0.8245,638.91
1753617228511,11:53:48.511,phemex,ADA/USDT:USDT,0.8242,1599.15,0.8241,1919.31,0.8245,514.92,0.8246,6834.64
1753617228541,11:53:48.541,phemex,ADA/USDT:USDT,0.8242,1599.15,0.8241,1919.31,0.8245,514.92,0.8246,6834.64
1753617228626,11:53:48.626,phemex,ADA/USDT:USDT,0.8242,2599.15,0.8241,1919.31,0.8245,514.92,0.8246,6834.64
1753617228751,11:53:48.751,phemex,ADA/USDT:USDT,0.8242,2599.15,0.8241,1919.31,0.8245,514.92,0.8246,6834.64
1753617228772,11:53:48.772,phemex,ADA/USDT:USDT,0.8242,2599.15,0.8241,1919.31,0.8245,514.92,0.8246,6834.64
1753617228881,11:53:48.881,phemex,ADA/USDT:USDT,0.8242,2599.15,0.8241,2855.21,0.8245,514.92,0.8246,518.85
1753617228904,11:53:48.904,phemex,ADA/USDT:USDT,0.8242,2599.15,0.8241,2855.21,0.8246,518.85,0.8247,11686.42
1753617228932,11:53:48.932,phemex,ADA/USDT:USDT,0.8242,2599.15,0.8241,2855.21,0.8246,642.84,0.8247,17880.02
1753617229036,11:53:49.036,phemex,ADA/USDT:USDT,0.8242,2599.15,0.8241,2855.21,0.8245,514.92,0.8246,642.84
1753617229063,11:53:49.063,phemex,ADA/USDT:USDT,0.8242,2599.15,0.8241,2855.21,0.8245,514.92,0.8246,518.85
1753617229101,11:53:49.101,phemex,ADA/USDT:USDT,0.8242,2599.15,0.8241,2855.21,0.8245,514.92,0.8246,518.85
1753617229203,11:53:49.203,phemex,ADA/USDT:USDT,0.8242,2599.15,0.8241,2855.21,0.8246,6836.44,0.8247,11562.43
1753617229222,11:53:49.222,phemex,ADA/USDT:USDT,0.8242,2599.15,0.8241,2855.21,0.8245,514.92,0.8246,518.85
1753617229232,11:53:49.232,phemex,ADA/USDT:USDT,0.8242,2599.15,0.8241,2855.21,0.8246,518.85,0.8247,11562.43
1753617229258,11:53:49.258,phemex,ADA/USDT:USDT,0.8242,2599.15,0.8241,2855.21,0.8246,518.85,0.8247,17880.02
1753617229534,11:53:49.534,phemex,ADA/USDT:USDT,0.8242,2599.15,0.8241,2855.21,0.8246,518.85,0.8247,17880.02
1753617229796,11:53:49.796,phemex,ADA/USDT:USDT,0.8242,2599.15,0.8241,2855.21,0.8246,518.85,0.8247,5249.92
1753617229815,11:53:49.815,phemex,ADA/USDT:USDT,0.8242,2672.01,0.8241,2855.21,0.8246,518.85,0.8247,5249.92
1753617229854,11:53:49.854,phemex,ADA/USDT:USDT,0.8242,2672.01,0.8241,2855.21,0.8247,4249.92,0.8248,29470.54
1753617229875,11:53:49.875,phemex,ADA/USDT:USDT,0.8242,2672.01,0.8241,2855.21,0.8246,530.31,0.8247,4249.92
1753617230002,11:53:50.002,phemex,ADA/USDT:USDT,0.8242,2672.01,0.8241,2855.21,0.8246,530.31,0.8247,16882.41
1753617230038,11:53:50.038,phemex,ADA/USDT:USDT,0.8242,2672.01,0.8241,2855.21,0.8246,530.31,0.8247,16882.41
1753617230065,11:53:50.065,phemex,ADA/USDT:USDT,0.8242,2672.01,0.8241,2855.21,0.8246,530.31,0.8247,4249.92
1753617230087,11:53:50.087,phemex,ADA/USDT:USDT,0.8243,12500.0,0.8242,2672.01,0.8247,4249.92,0.8248,23276.94
1753617230109,11:53:50.109,phemex,ADA/USDT:USDT,0.8243,1000.0,0.8242,2599.15,0.8247,4373.91,0.8248,23152.95
1753617230137,11:53:50.137,phemex,ADA/USDT:USDT,0.8243,1530.31,0.8242,2599.15,0.8247,1589.76,0.8248,23152.95
1753617230158,11:53:50.158,phemex,ADA/USDT:USDT,0.8243,1603.17,0.8242,4002.35,0.8247,1589.76,0.8248,22217.17
1753617230189,11:53:50.189,phemex,ADA/USDT:USDT,0.8243,1603.17,0.8242,4002.35,0.8247,1589.76,0.8248,22217.17
1753617230240,11:53:50.240,phemex,ADA/USDT:USDT,0.8243,1603.17,0.8242,4002.35,0.8247,1589.76,0.8248,22217.17
1753617230319,11:53:50.319,phemex,ADA/USDT:USDT,0.8243,1603.17,0.8242,4002.35,0.8247,1589.76,0.8248,22217.17
1753617230572,11:53:50.572,phemex,ADA/USDT:USDT,0.8243,1603.17,0.8242,4002.35,0.8246,530.31,0.8247,7908.65
1753617230691,11:53:50.691,phemex,ADA/USDT:USDT,0.8243,1603.17,0.8242,4002.35,0.8247,1589.76,0.8248,28536.06
1753617230745,11:53:50.745,phemex,ADA/USDT:USDT,0.8243,1603.17,0.8242,4938.19,0.8247,1589.76,0.8248,28536.06
1753617230825,11:53:50.825,phemex,ADA/USDT:USDT,0.8243,1603.17,0.8242,4938.19,0.8246,530.31,0.8247,1589.76
1753617230835,11:53:50.835,phemex,ADA/USDT:USDT,0.8243,1603.17,0.8242,4938.19,0.8246,530.31,0.8247,1589.76
1753617231172,11:53:51.172,phemex,ADA/USDT:USDT,0.8243,1603.17,0.8242,4938.19,0.8246,530.31,0.8247,7908.99
1753617231237,11:53:51.237,phemex,ADA/USDT:USDT,0.8243,1603.17,0.8242,4938.19,0.8246,530.31,0.8247,7908.99
1753617231249,11:53:51.249,phemex,ADA/USDT:USDT,0.8244,2252.16,0.8243,1603.17,0.8246,530.31,0.8247,7908.99
1753617231439,11:53:51.439,phemex,ADA/USDT:USDT,0.8243,2008.71,0.8242,4002.35,0.8245,1264.67,0.8246,6849.54
1753617231454,11:53:51.454,phemex,ADA/USDT:USDT,0.8243,2008.71,0.8242,4002.35,0.8244,1264.67,0.8245,1264.67
1753617231474,11:53:51.474,phemex,ADA/USDT:USDT,0.8243,14508.71,0.8242,4002.35,0.8244,1264.67,0.8245,6849.54
1753617231504,11:53:51.504,phemex,ADA/USDT:USDT,0.8243,2008.71,0.8242,4002.35,0.8244,1264.67,0.8245,13166.17
1753617231506,11:53:51.506,phemex,ADA/USDT:USDT,0.8243,2008.71,0.8242,3002.35,0.8244,1264.67,0.8245,13166.17
1753617231543,11:53:51.543,phemex,ADA/USDT:USDT,0.8243,2008.71,0.8242,3002.35,0.8244,1264.67,0.8245,13166.17
1753617231547,11:53:51.547,phemex,ADA/USDT:USDT,0.8243,2008.71,0.8242,3002.35,0.8244,1264.67,0.8245,13166.17
1753617231701,11:53:51.701,phemex,ADA/USDT:USDT,0.8243,2008.71,0.8242,3002.35,0.8244,1264.67,0.8245,14101.9
1753617231851,11:53:51.851,phemex,ADA/USDT:USDT,0.8243,2008.71,0.8242,3002.35,0.8244,1264.67,0.8245,14101.9
1753617231903,11:53:51.903,phemex,ADA/USDT:USDT,0.8243,2008.71,0.8242,3938.25,0.8244,1264.67,0.8245,14101.9
1753617231946,11:53:51.946,phemex,ADA/USDT:USDT,0.8243,2902.27,0.8242,3002.35,0.8244,1264.67,0.8245,14101.9
1753617231954,11:53:51.954,phemex,ADA/USDT:USDT,0.8243,2902.27,0.8242,3002.35,0.8244,1264.67,0.8245,14101.9
1753617232206,11:53:52.206,phemex,ADA/USDT:USDT,0.8243,1423.87,0.8242,3002.35,0.8244,1264.67,0.8245,14101.9
1753617232547,11:53:52.547,phemex,ADA/USDT:USDT,0.8243,1423.87,0.8242,3002.35,0.8244,1264.67,0.8245,14101.9
1753617232564,11:53:52.564,phemex,ADA/USDT:USDT,0.8243,1423.87,0.8242,2487.43,0.8244,1264.67,0.8245,14101.9
1753617232576,11:53:52.576,phemex,ADA/USDT:USDT,0.8243,1423.87,0.8242,2487.43,0.8244,1264.67,0.8245,14101.9
1753617232609,11:53:52.609,phemex,ADA/USDT:USDT,0.8243,1423.87,0.8242,2487.43,0.8244,1264.67,0.8245,14101.9
1753617232642,11:53:52.642,phemex,ADA/USDT:USDT,0.8242,2487.43,0.8241,3393.04,0.8244,1388.66,0.8245,14101.9
1753617232688,11:53:52.688,phemex,ADA/USDT:USDT,0.8242,2487.43,0.8241,3393.04,0.8243,1264.67,0.8244,1388.66
1753617232709,11:53:52.709,phemex,ADA/USDT:USDT,0.8242,2487.43,0.8241,3393.04,0.8243,1264.67,0.8244,6850.23
1753617232736,11:53:52.736,phemex,ADA/USDT:USDT,0.8242,2487.43,0.8241,3393.04,0.8243,1264.67,0.8244,6850.23
1753617232737,11:53:52.737,phemex,ADA/USDT:USDT,0.8242,2487.43,0.8241,3393.04,0.8243,1264.67,0.8244,6850.23
1753617232832,11:53:52.832,phemex,ADA/USDT:USDT,0.8242,2487.43,0.8241,3393.04,0.8243,1264.67,0.8244,6850.23
1753617232855,11:53:52.855,phemex,ADA/USDT:USDT,0.8242,2487.43,0.8241,3393.04,0.8243,1264.67,0.8244,6850.23
1753617233005,11:53:53.005,phemex,ADA/USDT:USDT,0.8242,2487.43,0.8241,3393.04,0.8243,1264.67,0.8244,6850.23
1753617233016,11:53:53.016,phemex,ADA/USDT:USDT,0.8242,2487.43,0.8241,3393.04,0.8243,1264.67,0.8244,6850.23
1753617233344,11:53:53.344,phemex,ADA/USDT:USDT,0.8242,2487.43,0.8241,3393.04,0.8243,530.31,0.8244,6850.23
1753617233379,11:53:53.379,phemex,ADA/USDT:USDT,0.8242,3017.74,0.8241,3393.04,0.8243,530.31,0.8244,6850.23
1753617233615,11:53:53.615,phemex,ADA/USDT:USDT,0.8242,3017.74,0.8241,4329.05,0.8243,530.31,0.8244,6850.23
1753617233664,11:53:53.664,phemex,ADA/USDT:USDT,0.8242,3017.74,0.8241,4329.05,0.8243,530.31,0.8244,13166.99
1753617233728,11:53:53.728,phemex,ADA/USDT:USDT,0.8242,2487.43,0.8241,3393.04,0.8243,530.31,0.8244,13166.99
1753617233744,11:53:53.744,phemex,ADA/USDT:USDT,0.8242,2487.43,0.8241,3393.04,0.8243,530.31,0.8244,13166.99
1753617233755,11:53:53.755,phemex,ADA/USDT:USDT,0.8242,2487.43,0.8241,3393.04,0.8243,530.31,0.8244,13166.99
1753617234037,11:53:54.037,phemex,ADA/USDT:USDT,0.8242,2487.43,0.8241,3393.04,0.8243,530.31,0.8244,14103.0
1753617234160,11:53:54.160,phemex,ADA/USDT:USDT,0.8242,2487.43,0.8241,3393.04,0.8243,530.31,0.8244,14103.0
1753617234181,11:53:54.181,phemex,ADA/USDT:USDT,0.8242,3017.74,0.8241,3393.04,0.8243,530.31,0.8244,14103.0
1753617234243,11:53:54.243,phemex,ADA/USDT:USDT,0.8242,3017.74,0.8241,4329.05,0.8243,530.31,0.8244,7786.24
1753617234270,11:53:54.270,phemex,ADA/USDT:USDT,0.8242,3017.74,0.8241,4329.05,0.8243,530.31,0.8244,6850.23
1753617234479,11:53:54.479,phemex,ADA/USDT:USDT,0.8242,3017.74,0.8241,3393.04,0.8243,530.31,0.8244,6850.23
1753617234671,11:53:54.671,phemex,ADA/USDT:USDT,0.8242,2487.43,0.8241,3393.04,0.8243,1264.67,0.8244,6850.23
1753617234809,11:53:54.809,phemex,ADA/USDT:USDT,0.8242,2487.43,0.8241,3393.04,0.8243,1264.67,0.8244,13165.67
1753617234823,11:53:54.823,phemex,ADA/USDT:USDT,0.8242,2487.43,0.8241,3393.04,0.8243,1264.67,0.8244,13165.67
1753617235148,11:53:55.148,phemex,ADA/USDT:USDT,0.8242,2487.43,0.8241,3393.04,0.8243,1264.67,0.8244,13165.67
1753617235148,11:53:55.148,phemex,ADA/USDT:USDT,0.8242,2487.43,0.8241,3393.04,0.8243,1264.67,0.8244,13165.67
1753617235207,11:53:55.207,phemex,ADA/USDT:USDT,0.8242,2487.43,0.8241,3393.04,0.8243,1264.67,0.8244,13165.67
1753617235254,11:53:55.254,phemex,ADA/USDT:USDT,0.8242,2487.43,0.8241,3393.04,0.8243,1264.67,0.8244,13165.67
1753617235285,11:53:55.285,phemex,ADA/USDT:USDT,0.8242,2487.43,0.8241,3393.04,0.8243,1264.67,0.8244,13165.67
1753617235411,11:53:55.411,phemex,ADA/USDT:USDT,0.8242,2487.43,0.8241,2878.12,0.8243,1388.66,0.8244,13165.67
1753617235420,11:53:55.420,phemex,ADA/USDT:USDT,0.8242,2487.43,0.8241,2878.12,0.8243,1388.66,0.8244,13165.67
1753617235518,11:53:55.518,phemex,ADA/USDT:USDT,0.8242,2487.43,0.8241,2878.12,0.8243,2388.66,0.8244,14165.67
1753617235627,11:53:55.627,phemex,ADA/USDT:USDT,0.8242,2487.43,0.8241,2878.12,0.8243,2388.66,0.8244,14165.67
1753617235725,11:53:55.725,phemex,ADA/USDT:USDT,0.8242,2487.43,0.8241,2878.12,0.8243,2388.66,0.8244,14165.67
1753617235935,11:53:55.935,phemex,ADA/USDT:USDT,0.8242,2487.43,0.8241,2878.12,0.8243,2388.66,0.8244,15101.68
1753617236234,11:53:56.234,phemex,ADA/USDT:USDT,0.8242,2487.43,0.8241,2878.12,0.8243,2388.66,0.8244,15101.68
1753617236270,11:53:56.270,phemex,ADA/USDT:USDT,0.8242,2487.43,0.8241,3408.43,0.8243,2388.66,0.8244,15101.68
1753617236383,11:53:56.383,phemex,ADA/USDT:USDT,0.8242,2487.43,0.8241,3408.43,0.8243,2388.66,0.8244,15101.68
1753617236505,11:53:56.505,phemex,ADA/USDT:USDT,0.8242,2487.43,0.8241,3408.43,0.8243,2388.66,0.8244,15101.68
1753617237088,11:53:57.088,phemex,ADA/USDT:USDT,0.8242,2487.43,0.8241,3408.43,0.8243,2388.66,0.8244,15101.68
1753617237494,11:53:57.494,phemex,ADA/USDT:USDT,0.8242,2487.43,0.8241,3408.43,0.8243,13881.5,0.8244,15101.68
1753617237499,11:53:57.499,phemex,ADA/USDT:USDT,0.8242,2487.43,0.8241,3408.43,0.8243,13881.5,0.8244,15101.68
1753617237701,11:53:57.701,phemex,ADA/USDT:USDT,0.8242,2487.43,0.8241,2878.12,0.8243,13881.5,0.8244,15101.68
1753617237725,11:53:57.725,phemex,ADA/USDT:USDT,0.8241,1275.65,0.824,514.92,0.8243,13881.5,0.8244,15101.68
1753617237739,11:53:57.739,phemex,ADA/USDT:USDT,0.8241,1275.65,0.824,514.92,0.8243,13881.5,0.8244,15101.68
1753617237766,11:53:57.766,phemex,ADA/USDT:USDT,0.8241,1275.65,0.824,514.92,0.8243,13881.5,0.8244,25471.43
1753617237775,11:53:57.775,phemex,ADA/USDT:USDT,0.8241,1275.65,0.8239,4053.37,0.8243,14002.5,0.8244,25471.43
1753617237797,11:53:57.797,phemex,ADA/USDT:USDT,0.8241,1275.65,0.8239,4053.37,0.8242,734.36,0.8243,14002.5
1753617237820,11:53:57.820,phemex,ADA/USDT:USDT,0.8241,1275.65,0.8239,4053.37,0.8242,1264.67,0.8243,15112.94
1753617237842,11:53:57.842,phemex,ADA/USDT:USDT,0.8241,1275.65,0.8239,4053.37,0.8242,1388.66,0.8243,14988.95
1753617237868,11:53:57.868,phemex,ADA/USDT:USDT,0.8241,1275.65,0.8239,4053.37,0.8242,1388.66,0.8243,14988.95
1753617237891,11:53:57.891,phemex,ADA/USDT:USDT,0.8241,1275.65,0.824,530.31,0.8242,1388.66,0.8243,20571.52
1753617237919,11:53:57.919,phemex,ADA/USDT:USDT,0.8241,1275.65,0.824,530.31,0.8242,1388.66,0.8243,20571.52
1753617237949,11:53:57.949,phemex,ADA/USDT:USDT,0.8241,1275.65,0.824,530.31,0.8242,1388.66,0.8243,20450.52
1753617238250,11:53:58.250,phemex,ADA/USDT:USDT,0.8241,1275.65,0.824,530.31,0.8242,1388.66,0.8243,20450.52
1753617238512,11:53:58.512,phemex,ADA/USDT:USDT,0.8241,1275.65,0.8239,4053.37,0.8242,1388.66,0.8243,20450.52
1753617238575,11:53:58.575,phemex,ADA/USDT:USDT,0.8241,1275.65,0.824,530.31,0.8242,1388.66,0.8243,20450.52
1753617238575,11:53:58.575,phemex,ADA/USDT:USDT,0.8241,1275.65,0.824,530.31,0.8242,1388.66,0.8243,20450.52
1753617239218,11:53:59.218,phemex,ADA/USDT:USDT,0.8241,1275.65,0.824,530.31,0.8242,1388.66,0.8243,20450.52
1753617239382,11:53:59.382,phemex,ADA/USDT:USDT,0.8241,1275.65,0.824,530.31,0.8242,1388.66,0.8243,26761.05
1753617239463,11:53:59.463,phemex,ADA/USDT:USDT,0.8241,1275.65,0.8239,4053.37,0.8242,1388.66,0.8243,26761.05
1753617239482,11:53:59.482,phemex,ADA/USDT:USDT,0.8241,1275.65,0.8239,4053.37,0.8242,1388.66,0.8243,26761.05
1753617239489,11:53:59.489,phemex,ADA/USDT:USDT,0.8241,1275.65,0.8239,4053.37,0.8242,1388.66,0.8243,26761.05
1753617239676,11:53:59.676,phemex,ADA/USDT:USDT,0.8241,1275.65,0.8239,3053.37,0.8242,1388.66,0.8243,26761.05
1753617239690,11:53:59.690,phemex,ADA/USDT:USDT,0.8241,1275.65,0.8239,3053.37,0.8242,1388.66,0.8243,26761.05
1753617239715,11:53:59.715,phemex,ADA/USDT:USDT,0.8241,1275.65,0.8239,2528.87,0.8242,1388.66,0.8243,26761.05
1753617239757,11:53:59.757,phemex,ADA/USDT:USDT,0.8241,1275.65,0.8239,3059.06,0.8242,1388.66,0.8243,26761.05
1753617239781,11:53:59.781,phemex,ADA/USDT:USDT,0.8241,1275.65,0.8239,3059.06,0.8242,1388.66,0.8243,26761.05
1753617239846,11:53:59.846,phemex,ADA/USDT:USDT,0.8241,1275.65,0.8239,3059.06,0.8242,1388.66,0.8243,26761.05
1753617239899,11:53:59.899,phemex,ADA/USDT:USDT,0.824,2051.76,0.8239,3059.06,0.8242,1388.66,0.8243,15268.21
1753617239912,11:53:59.912,phemex,ADA/USDT:USDT,0.824,2051.76,0.8239,2528.87,0.8241,530.19,0.8242,1388.66
1753617239932,11:53:59.932,phemex,ADA/USDT:USDT,0.824,2051.76,0.8239,2528.87,0.8241,654.18,0.8242,1264.67
1753617239938,11:53:59.938,phemex,ADA/USDT:USDT,0.824,2051.76,0.8239,3059.06,0.8241,654.18,0.8242,1264.67
1753617239970,11:53:59.970,phemex,ADA/USDT:USDT,0.824,2051.76,0.8239,3059.06,0.8241,654.18,0.8242,1264.67
1753617240015,11:54:00.015,phemex,ADA/USDT:USDT,0.824,2051.76,0.8239,3059.06,0.8241,654.18,0.8242,1264.67
1753617240039,11:54:00.039,phemex,ADA/USDT:USDT,0.824,2051.76,0.8239,3059.06,0.8241,654.18,0.8242,1264.67
1753617240187,11:54:00.187,phemex,ADA/USDT:USDT,0.824,2051.76,0.8239,3059.06,0.8241,1972.25,0.8242,2305.53
1753617240231,11:54:00.231,phemex,ADA/USDT:USDT,0.824,2051.76,0.8239,2528.87,0.8241,1972.25,0.8242,2305.53
1753617240316,11:54:00.316,phemex,ADA/USDT:USDT,0.824,2051.76,0.8239,2528.87,0.8241,1972.25,0.8242,3241.65
1753617240387,11:54:00.387,phemex,ADA/USDT:USDT,0.824,2051.76,0.8239,2528.87,0.8241,1972.25,0.8242,9551.62
1753617240461,11:54:00.461,phemex,ADA/USDT:USDT,0.824,2051.76,0.8239,2528.87,0.8241,1972.25,0.8242,9551.62
1753617240489,11:54:00.489,phemex,ADA/USDT:USDT,0.824,2051.76,0.8239,2528.87,0.8241,1972.25,0.8242,9551.62
1753617240561,11:54:00.561,phemex,ADA/USDT:USDT,0.824,2051.76,0.8239,2528.87,0.8241,1972.25,0.8242,9551.62
1753617240626,11:54:00.626,phemex,ADA/USDT:USDT,0.824,2051.76,0.8239,3059.06,0.8241,1972.25,0.8242,9551.62
1753617240742,11:54:00.742,phemex,ADA/USDT:USDT,0.824,2051.76,0.8239,3059.06,0.8241,1848.26,0.8242,9551.62
1753617240955,11:54:00.955,phemex,ADA/USDT:USDT,0.824,2051.76,0.8239,3059.06,0.8241,1848.26,0.8242,15132.32
1753617241094,11:54:01.094,phemex,ADA/USDT:USDT,0.824,2051.76,0.8239,3059.06,0.8241,1848.26,0.8242,15132.32
1753617241822,11:54:01.822,phemex,ADA/USDT:USDT,0.8239,3059.06,0.8238,3876.68,0.8241,1848.26,0.8242,15132.32
1753617241854,11:54:01.854,phemex,ADA/USDT:USDT,0.8239,3059.06,0.8238,3876.68,0.824,1264.55,0.8241,1848.26
1753617241906,11:54:01.906,phemex,ADA/USDT:USDT,0.8239,3681.28,0.8238,3893.27,0.824,1264.55,0.8241,15409.08
1753617241985,11:54:01.985,phemex,ADA/USDT:USDT,0.8239,3681.28,0.8238,3893.27,0.824,1264.55,0.8241,15409.08
1753617242044,11:54:02.044,phemex,ADA/USDT:USDT,0.8239,3681.28,0.8238,2893.27,0.824,1264.55,0.8241,15409.08
1753617242173,11:54:02.173,phemex,ADA/USDT:USDT,0.8239,3681.28,0.8238,2893.27,0.824,1264.55,0.8241,15409.08
1753617242480,11:54:02.480,phemex,ADA/USDT:USDT,0.8239,3681.28,0.8238,2893.27,0.824,1264.55,0.8241,15409.08
1753617242485,11:54:02.485,phemex,ADA/USDT:USDT,0.8239,3681.28,0.8238,2368.76,0.824,1264.55,0.8241,15409.08
1753617242526,11:54:02.526,phemex,ADA/USDT:USDT,0.8239,2265.84,0.8238,952.83,0.824,1264.55,0.8241,15409.08
1753617242580,11:54:02.580,phemex,ADA/USDT:USDT,0.8239,2265.84,0.8238,952.83,0.824,1264.55,0.8241,15409.08
1753617242582,11:54:02.582,phemex,ADA/USDT:USDT,0.8239,2265.84,0.8238,952.83,0.824,1264.55,0.8241,15409.08
1753617242621,11:54:02.621,phemex,ADA/USDT:USDT,0.8239,2265.84,0.8238,952.83,0.824,1264.55,0.8241,15409.08
1753617242678,11:54:02.678,phemex,ADA/USDT:USDT,0.8239,2265.84,0.8238,952.83,0.824,1264.55,0.8241,15409.08
1753617242748,11:54:02.748,phemex,ADA/USDT:USDT,0.8239,2265.84,0.8238,952.83,0.824,1264.55,0.8241,15409.08
1753617242793,11:54:02.793,phemex,ADA/USDT:USDT,0.8239,2265.84,0.8238,952.83,0.824,1264.55,0.8241,15409.08
1753617242871,11:54:02.871,phemex,ADA/USDT:USDT,0.8239,2265.84,0.8238,952.83,0.824,1264.55,0.8241,15409.08
1753617242888,11:54:02.888,phemex,ADA/USDT:USDT,0.8239,2265.84,0.8238,952.83,0.824,1264.55,0.8241,15409.08
1753617242910,11:54:02.910,phemex,ADA/USDT:USDT,0.8239,2265.84,0.8238,1483.02,0.824,2363.37,0.8241,15409.08
1753617242930,11:54:02.930,phemex,ADA/USDT:USDT,0.8239,2265.84,0.8238,1483.02,0.824,2363.37,0.8241,15409.08
1753617242954,11:54:02.954,phemex,ADA/USDT:USDT,0.8239,2265.84,0.8238,1483.02,0.824,2363.37,0.8241,15409.08
1753617242963,11:54:02.963,phemex,ADA/USDT:USDT,0.8239,2265.84,0.8238,1483.02,0.824,2363.37,0.8241,15409.08
1753617243432,11:54:03.432,phemex,ADA/USDT:USDT,0.8239,2265.84,0.8238,1483.02,0.824,2363.37,0.8241,15409.08
1753617243521,11:54:03.521,phemex,ADA/USDT:USDT,0.8239,2265.84,0.8238,952.83,0.824,2363.37,0.8241,15409.08
1753617243553,11:54:03.553,phemex,ADA/USDT:USDT,0.8239,2265.84,0.8238,1483.02,0.824,2363.37,0.8241,15409.08
1753617243583,11:54:03.583,phemex,ADA/USDT:USDT,0.8239,2265.84,0.8238,1483.02,0.824,2363.37,0.8241,15409.08
1753617243667,11:54:03.667,phemex,ADA/USDT:USDT,0.8239,2265.84,0.8238,1483.02,0.824,2363.37,0.8241,15409.08
1753617243693,11:54:03.693,phemex,ADA/USDT:USDT,0.8239,2265.84,0.8238,952.83,0.824,2363.37,0.8241,15409.08
1753617243835,11:54:03.835,phemex,ADA/USDT:USDT,0.8239,2265.84,0.8238,952.83,0.824,2363.37,0.8241,15409.08
1753617243885,11:54:03.885,phemex,ADA/USDT:USDT,0.8239,2265.84,0.8238,1483.02,0.824,2363.37,0.8241,15409.08
1753617243913,11:54:03.913,phemex,ADA/USDT:USDT,0.8239,2265.84,0.8238,1483.02,0.824,2363.37,0.8241,15409.08
1753617244228,11:54:04.228,phemex,ADA/USDT:USDT,0.8239,2265.84,0.8238,1483.02,0.824,2363.37,0.8241,15409.08
1753617244254,11:54:04.254,phemex,ADA/USDT:USDT,0.8239,2265.84,0.8238,952.83,0.824,2363.37,0.8241,15409.08
1753617244330,11:54:04.330,phemex,ADA/USDT:USDT,0.8239,2265.84,0.8238,952.83,0.824,2363.37,0.8241,15409.08
1753617244339,11:54:04.339,phemex,ADA/USDT:USDT,0.8239,2265.84,0.8238,952.83,0.824,2363.37,0.8241,15409.08
1753617244394,11:54:04.394,phemex,ADA/USDT:USDT,0.8239,2265.84,0.8238,952.83,0.824,2363.37,0.8241,15409.08
1753617244431,11:54:04.431,phemex,ADA/USDT:USDT,0.8239,2265.84,0.8238,952.83,0.824,2363.37,0.8241,15409.08
1753617244440,11:54:04.440,phemex,ADA/USDT:USDT,0.8239,2265.84,0.8238,952.83,0.824,2363.37,0.8241,15409.08
1753617244551,11:54:04.551,phemex,ADA/USDT:USDT,0.8239,2265.84,0.8238,952.83,0.824,2363.37,0.8241,15409.08
1753617244669,11:54:04.669,phemex,ADA/USDT:USDT,0.8239,2265.84,0.8238,952.83,0.824,2363.37,0.8241,15409.08
1753617244822,11:54:04.822,phemex,ADA/USDT:USDT,0.8239,2265.84,0.8238,952.83,0.824,2363.37,0.8241,15409.08
1753617244842,11:54:04.842,phemex,ADA/USDT:USDT,0.8239,2265.84,0.8238,952.83,0.824,2363.37,0.8241,15409.08
1753617244854,11:54:04.854,phemex,ADA/USDT:USDT,0.8239,2265.84,0.8238,952.83,0.824,2363.37,0.8241,15409.08
1753617244919,11:54:04.919,phemex,ADA/USDT:USDT,0.8239,2265.84,0.8238,952.83,0.824,2363.37,0.8241,15409.08
1753617245199,11:54:05.199,phemex,ADA/USDT:USDT,0.8239,2265.84,0.8238,952.83,0.824,2363.37,0.8241,15409.08
1753617245273,11:54:05.273,phemex,ADA/USDT:USDT,0.8239,7.24,0.8237,524.51,0.824,2487.36,0.8241,15409.08
1753617245297,11:54:05.297,phemex,ADA/USDT:USDT,0.8239,7.24,0.8237,524.51,0.824,2487.36,0.8241,25788.01
1753617245307,11:54:05.307,phemex,ADA/USDT:USDT,0.8239,7.24,0.8237,524.51,0.824,2487.36,0.8241,25788.01
1753617245375,11:54:05.375,phemex,ADA/USDT:USDT,0.8239,7.24,0.8237,524.51,0.824,2487.36,0.8241,25788.01
1753617245409,11:54:05.409,phemex,ADA/USDT:USDT,0.8239,7.24,0.8237,524.51,0.824,3487.36,0.8241,26788.01
1753617245572,11:54:05.572,phemex,ADA/USDT:USDT,0.8239,7.24,0.8237,524.51,0.824,3487.36,0.8241,26788.01
1753617245792,11:54:05.792,phemex,ADA/USDT:USDT,0.8239,7.24,0.8237,524.51,0.824,14980.2,0.8241,26788.01
1753617245945,11:54:05.945,phemex,ADA/USDT:USDT,0.8239,7.24,0.8237,524.51,0.824,14980.2,0.8241,26788.01
1753617246020,11:54:06.020,phemex,ADA/USDT:USDT,0.8239,7.24,0.8236,2904.33,0.824,14980.2,0.8241,26788.01
1753617246042,11:54:06.042,phemex,ADA/USDT:USDT,0.8239,7.24,0.8237,1499.49,0.824,14980.2,0.8241,26788.01
1753617246058,11:54:06.058,phemex,ADA/USDT:USDT,0.8239,7.24,0.8237,1499.49,0.824,14980.2,0.8241,26788.01
1753617246080,11:54:06.080,phemex,ADA/USDT:USDT,0.8239,7.24,0.8237,1499.49,0.824,14980.2,0.8241,26788.01
1753617246101,11:54:06.101,phemex,ADA/USDT:USDT,0.8239,7.24,0.8237,1499.49,0.824,14980.2,0.8241,26788.01
1753617246203,11:54:06.203,phemex,ADA/USDT:USDT,0.8239,7.24,0.8237,1499.49,0.824,14980.2,0.8241,26788.01
1753617246222,11:54:06.222,phemex,ADA/USDT:USDT,0.8239,7.24,0.8237,1499.49,0.824,14980.2,0.8241,26788.01
1753617246227,11:54:06.227,phemex,ADA/USDT:USDT,0.8239,7.24,0.8237,1499.49,0.824,14980.2,0.8241,26788.01
1753617246252,11:54:06.252,phemex,ADA/USDT:USDT,0.8239,7.24,0.8237,1499.49,0.824,14980.2,0.8241,26788.01
1753617246314,11:54:06.314,phemex,ADA/USDT:USDT,0.8239,7.24,0.8237,1499.49,0.824,14980.2,0.8241,26788.01
1753617246341,11:54:06.341,phemex,ADA/USDT:USDT,0.8239,7.24,0.8237,1499.49,0.824,14980.2,0.8241,26788.01
1753617246353,11:54:06.353,phemex,ADA/USDT:USDT,0.8239,7.24,0.8237,1499.49,0.824,14980.2,0.8241,26788.01
1753617246396,11:54:06.396,phemex,ADA/USDT:USDT,0.8239,7.24,0.8237,1499.49,0.824,14980.2,0.8241,26788.01
1753617246403,11:54:06.403,phemex,ADA/USDT:USDT,0.8239,7.24,0.8237,1499.49,0.824,14980.2,0.8241,26788.01
1753617246438,11:54:06.438,phemex,ADA/USDT:USDT,0.8239,7.24,0.8237,1499.49,0.824,14980.2,0.8241,26788.01
1753617246482,11:54:06.482,phemex,ADA/USDT:USDT,0.8239,7.24,0.8237,1499.49,0.824,14980.2,0.8241,26788.01
1753617246527,11:54:06.527,phemex,ADA/USDT:USDT,0.8239,7.24,0.8237,1499.49,0.824,14980.2,0.8241,26788.01
1753617246577,11:54:06.577,phemex,ADA/USDT:USDT,0.8239,7.24,0.8237,1499.49,0.824,27480.2,0.8241,26788.01
1753617246960,11:54:06.960,phemex,ADA/USDT:USDT,0.8239,7.24,0.8237,1499.49,0.824,27480.2,0.8241,26788.01
1753617246982,11:54:06.982,phemex,ADA/USDT:USDT,0.8239,7.24,0.8237,1499.49,0.824,27480.2,0.8241,26788.01
1753617247042,11:54:07.042,phemex,ADA/USDT:USDT,0.8236,1382.15,0.8235,1645.14,0.824,27480.2,0.8241,26788.01
1753617247058,11:54:07.058,phemex,ADA/USDT:USDT,0.8236,1382.15,0.8235,1645.14,0.8237,734.36,0.8239,530.19
1753617247086,11:54:07.086,phemex,ADA/USDT:USDT,0.8236,1382.15,0.8235,1645.14,0.8237,1953.78,0.8239,6962.93
1753617247100,11:54:07.100,phemex,ADA/USDT:USDT,0.8235,1122.96,0.8234,6206.43,0.8237,1953.78,0.8239,14202.24
1753617247121,11:54:07.121,phemex,ADA/USDT:USDT,0.8235,1122.96,0.8234,7142.78,0.8236,1264.55,0.8237,1953.78
1753617247146,11:54:07.146,phemex,ADA/USDT:USDT,0.8235,1653.15,0.8234,7142.78,0.8236,1264.55,0.8237,1953.78
1753617247159,11:54:07.159,phemex,ADA/USDT:USDT,0.8235,1653.15,0.8234,7142.78,0.8236,1264.55,0.8237,14078.25
1753617247184,11:54:07.184,phemex,ADA/USDT:USDT,0.8235,1653.15,0.8234,6206.43,0.8236,1264.55,0.8237,14078.25
1753617247196,11:54:07.196,phemex,ADA/USDT:USDT,0.8235,1122.96,0.8234,6206.43,0.8236,1264.55,0.8237,14078.25
1753617247211,11:54:07.211,phemex,ADA/USDT:USDT,0.8235,1122.96,0.8234,6206.43,0.8236,1264.55,0.8237,14078.25
1753617247230,11:54:07.230,phemex,ADA/USDT:USDT,0.8235,1122.96,0.8234,6206.43,0.8236,1264.55,0.8237,14078.25
1753617247384,11:54:07.384,phemex,ADA/USDT:USDT,0.8235,1122.96,0.8234,6206.43,0.8236,1264.55,0.8237,14078.25
1753617247407,11:54:07.407,phemex,ADA/USDT:USDT,0.8235,1122.96,0.8234,6206.43,0.8236,1264.55,0.8237,14078.25
1753617247414,11:54:07.414,phemex,ADA/USDT:USDT,0.8235,1122.96,0.8234,6206.43,0.8236,1264.55,0.8237,14078.25
1753617247433,11:54:07.433,phemex,ADA/USDT:USDT,0.8235,1122.96,0.8234,6206.43,0.8236,1264.55,0.8237,14078.25
1753617247462,11:54:07.462,phemex,ADA/USDT:USDT,0.8235,1122.96,0.8234,6206.43,0.8236,1264.55,0.8237,14078.25
1753617247486,11:54:07.486,phemex,ADA/USDT:USDT,0.8235,1122.96,0.8234,6206.43,0.8236,1264.55,0.8237,14078.25
1753617247510,11:54:07.510,phemex,ADA/USDT:USDT,0.8235,1122.96,0.8234,6206.43,0.8236,1264.55,0.8237,14078.25
1753617247628,11:54:07.628,phemex,ADA/USDT:USDT,0.8235,1122.96,0.8234,6206.43,0.8236,1264.55,0.8237,14078.25
1753617247948,11:54:07.948,phemex,ADA/USDT:USDT,0.8235,1122.96,0.8234,5672.01,0.8236,1264.55,0.8237,14078.25
1753617248088,11:54:08.088,phemex,ADA/USDT:USDT,0.8235,1122.96,0.8234,5672.01,0.8236,1264.55,0.8237,14078.25
1753617248127,11:54:08.127,phemex,ADA/USDT:USDT,0.8235,1122.96,0.8234,6202.2,0.8236,1264.55,0.8237,14078.25
1753617248140,11:54:08.140,phemex,ADA/USDT:USDT,0.8235,1122.96,0.8234,6202.2,0.8236,1264.55,0.8237,15184.07
1753617248163,11:54:08.163,phemex,ADA/USDT:USDT,0.8235,1122.96,0.8234,6202.2,0.8236,1264.55,0.8237,15184.07
1753617248307,11:54:08.307,phemex,ADA/USDT:USDT,0.8235,1122.96,0.8234,6202.2,0.8236,1264.55,0.8237,15184.07
1753617248327,11:54:08.327,phemex,ADA/USDT:USDT,0.8235,1122.96,0.8234,6202.2,0.8236,1264.55,0.8237,15184.07
1753617248745,11:54:08.745,phemex,ADA/USDT:USDT,0.8235,1122.96,0.8234,6202.2,0.8236,1264.55,0.8237,15184.07
1753617248757,11:54:08.757,phemex,ADA/USDT:USDT,0.8235,1122.96,0.8234,6202.2,0.8236,1264.55,0.8237,15184.07
1753617248798,11:54:08.798,phemex,ADA/USDT:USDT,0.8235,1122.96,0.8234,6202.2,0.8236,1264.55,0.8237,15184.07
1753617248820,11:54:08.820,phemex,ADA/USDT:USDT,0.8235,1122.96,0.8234,6202.2,0.8236,1264.55,0.8237,15184.07
1753617248937,11:54:08.937,phemex,ADA/USDT:USDT,0.8235,1122.96,0.8234,5672.01,0.8236,1264.55,0.8237,15184.07
1753617249023,11:54:09.023,phemex,ADA/USDT:USDT,0.8235,1122.96,0.8234,5672.01,0.8236,1264.55,0.8237,15184.07
1753617249400,11:54:09.400,phemex,ADA/USDT:USDT,0.8235,1122.96,0.8234,6206.26,0.8236,1264.55,0.8237,15184.07
1753617249475,11:54:09.475,phemex,ADA/USDT:USDT,0.8235,1122.96,0.8234,7143.07,0.8236,1264.55,0.8237,15184.07
1753617249626,11:54:09.626,phemex,ADA/USDT:USDT,0.8235,1122.96,0.8234,6206.26,0.8236,1264.55,0.8237,15184.07
1753617249867,11:54:09.867,phemex,ADA/USDT:USDT,0.8234,6206.26,0.8233,2659.3,0.8236,1264.55,0.8237,15184.07
1753617249883,11:54:09.883,phemex,ADA/USDT:USDT,0.8234,6206.26,0.8233,2659.3,0.8235,1268.61,0.8236,1264.55
1753617249937,11:54:09.937,phemex,ADA/USDT:USDT,0.8234,6206.26,0.8233,2659.3,0.8235,1268.61,0.8236,14073.85
1753617249951,11:54:09.951,phemex,ADA/USDT:USDT,0.8234,6206.26,0.8233,2659.3,0.8235,1268.61,0.8236,14073.85
1753617250003,11:54:10.003,phemex,ADA/USDT:USDT,0.8234,6206.26,0.8233,2659.3,0.8235,1268.61,0.8236,14073.85
1753617250057,11:54:10.057,phemex,ADA/USDT:USDT,0.8234,6206.26,0.8233,2659.3,0.8235,1268.61,0.8236,14073.85
1753617250076,11:54:10.076,phemex,ADA/USDT:USDT,0.8234,5672.01,0.8233,2659.3,0.8235,1268.61,0.8236,14073.85
1753617250350,11:54:10.350,phemex,ADA/USDT:USDT,0.8234,5672.01,0.8233,2659.3,0.8235,1268.61,0.8236,8179.57
1753617250540,11:54:10.540,phemex,ADA/USDT:USDT,0.8234,5672.01,0.8233,2659.3,0.8235,1268.61,0.8236,15415.15
1753617250602,11:54:10.602,phemex,ADA/USDT:USDT,0.8234,5672.01,0.8233,2659.3,0.8235,1268.61,0.8236,15415.15
1753617251346,11:54:11.346,phemex,ADA/USDT:USDT,0.8234,5672.01,0.8233,2659.3,0.8235,1268.61,0.8236,14478.23
1753617251387,11:54:11.387,phemex,ADA/USDT:USDT,0.8234,5672.01,0.8233,2659.3,0.8235,1268.61,0.8236,15415.15
1753617252205,11:54:12.205,phemex,ADA/USDT:USDT,0.8234,5672.01,0.8233,2659.3,0.8235,1268.61,0.8236,15415.15
1753617252413,11:54:12.413,phemex,ADA/USDT:USDT,0.8234,5672.01,0.8233,2659.3,0.8235,534.25,0.8236,15415.15
1753617252510,11:54:12.510,phemex,ADA/USDT:USDT,0.8234,5672.01,0.8233,2659.3,0.8235,534.25,0.8236,15415.15
1753617252550,11:54:12.550,phemex,ADA/USDT:USDT,0.8234,5672.01,0.8233,2659.3,0.8235,534.25,0.8236,8179.57
