timestamp,time,exchange,symbol,bid1_price,bid1_volume,bid2_price,bid2_volume,ask1_price,ask1_volume,ask2_price,ask2_volume
1753617160000,11:52:40.000,gateio,ADA/USDT:USDT,0.8225,1292.0,0.8224,1406.0,0.8227,622.0,0.8228,1269.0
1753617160549,11:52:40.549,gateio,ADA/USDT:USDT,0.8225,1292.0,0.8224,1406.0,0.8227,661.0,0.8228,1269.0
1753617160632,11:52:40.632,gateio,ADA/USDT:USDT,0.8225,1292.0,0.8224,1406.0,0.8227,622.0,0.8228,1269.0
1753617160747,11:52:40.747,gateio,ADA/USDT:USDT,0.8225,1292.0,0.8224,1406.0,0.8227,661.0,0.8228,1269.0
1753617161041,11:52:41.041,gateio,ADA/USDT:USDT,0.8225,1292.0,0.8224,1406.0,0.8227,622.0,0.8228,1269.0
1753617161140,11:52:41.140,gateio,ADA/USDT:USDT,0.8225,1292.0,0.8224,1406.0,0.8227,622.0,0.8228,1269.0
1753617161190,11:52:41.190,gateio,ADA/USDT:USDT,0.8225,1292.0,0.8224,1406.0,0.8227,661.0,0.8228,1269.0
1753617161653,11:52:41.653,gateio,ADA/USDT:USDT,0.8225,1292.0,0.8224,1406.0,0.8227,622.0,0.8228,1269.0
1753617162174,11:52:42.174,gateio,ADA/USDT:USDT,0.8225,1292.0,0.8224,1406.0,0.8227,622.0,0.8228,1269.0
1753617162420,11:52:42.420,gateio,ADA/USDT:USDT,0.8225,1292.0,0.8224,1484.0,0.8227,661.0,0.8228,1269.0
1753617162696,11:52:42.696,gateio,ADA/USDT:USDT,0.8225,1292.0,0.8224,1484.0,0.8227,661.0,0.8228,1269.0
1753617162812,11:52:42.812,gateio,ADA/USDT:USDT,0.8225,1331.0,0.8224,1484.0,0.8227,524.0,0.8228,819.0
1753617162932,11:52:42.932,gateio,ADA/USDT:USDT,0.8225,1331.0,0.8224,1484.0,0.8227,283.0,0.8228,819.0
1753617163035,11:52:43.035,gateio,ADA/USDT:USDT,0.8226,300.0,0.8225,2199.0,0.8227,283.0,0.8228,1197.0
1753617163097,11:52:43.097,gateio,ADA/USDT:USDT,0.8226,300.0,0.8225,2199.0,0.8227,322.0,0.8228,1197.0
1753617163178,11:52:43.178,gateio,ADA/USDT:USDT,0.8226,300.0,0.8225,1899.0,0.8227,322.0,0.8228,1197.0
1753617163260,11:52:43.260,gateio,ADA/USDT:USDT,0.8226,300.0,0.8225,1899.0,0.8227,322.0,0.8228,1197.0
1753617163446,11:52:43.446,gateio,ADA/USDT:USDT,0.8226,581.0,0.8225,1938.0,0.8227,2.0,0.8228,292.0
1753617163527,11:52:43.527,gateio,ADA/USDT:USDT,0.8226,581.0,0.8225,1938.0,0.8227,2.0,0.8228,320.0
1753617163639,11:52:43.639,gateio,ADA/USDT:USDT,0.8226,581.0,0.8225,1938.0,0.8227,2.0,0.8228,281.0
1753617163747,11:52:43.747,gateio,ADA/USDT:USDT,0.8226,581.0,0.8225,1899.0,0.8227,2.0,0.8228,320.0
1753617163812,11:52:43.812,gateio,ADA/USDT:USDT,0.8226,581.0,0.8225,1977.0,0.8227,2.0,0.8228,281.0
1753617163937,11:52:43.937,gateio,ADA/USDT:USDT,0.8226,581.0,0.8225,1938.0,0.8227,2.0,0.8228,359.0
1753617164007,11:52:44.007,gateio,ADA/USDT:USDT,0.8226,581.0,0.8225,1938.0,0.8227,2.0,0.8228,659.0
1753617164093,11:52:44.093,gateio,ADA/USDT:USDT,0.8226,581.0,0.8225,1726.0,0.8227,2.0,0.8228,659.0
1753617164227,11:52:44.227,gateio,ADA/USDT:USDT,0.8226,582.0,0.8225,1816.0,0.8227,2.0,0.8228,50.0
1753617164322,11:52:44.322,gateio,ADA/USDT:USDT,0.8226,582.0,0.8225,2059.0,0.8227,2.0,0.8228,50.0
1753617164429,11:52:44.429,gateio,ADA/USDT:USDT,0.8226,660.0,0.8225,2425.0,0.8227,2.0,0.8229,1036.0
1753617164505,11:52:44.505,gateio,ADA/USDT:USDT,0.8226,621.0,0.8225,2425.0,0.8227,2.0,0.8229,1036.0
1753617164726,11:52:44.726,gateio,ADA/USDT:USDT,0.8226,621.0,0.8225,2425.0,0.8227,2.0,0.8229,1036.0
1753617164850,11:52:44.850,gateio,ADA/USDT:USDT,0.8228,57.0,0.8227,978.0,0.8229,963.0,0.823,1293.0
1753617164933,11:52:44.933,gateio,ADA/USDT:USDT,0.8228,57.0,0.8227,1079.0,0.8229,281.0,0.823,1332.0
1753617165047,11:52:45.047,gateio,ADA/USDT:USDT,0.8228,57.0,0.8227,1079.0,0.8229,581.0,0.823,1332.0
1753617165337,11:52:45.337,gateio,ADA/USDT:USDT,0.8228,57.0,0.8227,1079.0,0.8229,581.0,0.823,1698.0
1753617165432,11:52:45.432,gateio,ADA/USDT:USDT,0.8228,57.0,0.8227,1079.0,0.8229,828.0,0.823,1698.0
1753617165616,11:52:45.616,gateio,ADA/USDT:USDT,0.8228,57.0,0.8227,1079.0,0.8229,867.0,0.823,1737.0
1753617165733,11:52:45.733,gateio,ADA/USDT:USDT,0.8228,57.0,0.8227,1079.0,0.8229,828.0,0.823,1698.0
1753617165835,11:52:45.835,gateio,ADA/USDT:USDT,0.8227,1079.0,0.8226,2164.0,0.8229,965.0,0.823,1659.0
1753617165903,11:52:45.903,gateio,ADA/USDT:USDT,0.8227,1079.0,0.8226,2624.0,0.8229,965.0,0.823,1869.0
1753617166033,11:52:46.033,gateio,ADA/USDT:USDT,0.8227,680.0,0.8226,2624.0,0.8228,50.0,0.8229,926.0
1753617166248,11:52:46.248,gateio,ADA/USDT:USDT,0.8227,680.0,0.8226,2624.0,0.8228,50.0,0.8229,926.0
1753617166333,11:52:46.333,gateio,ADA/USDT:USDT,0.8227,680.0,0.8226,2663.0,0.8228,50.0,0.8229,926.0
1753617166442,11:52:46.442,gateio,ADA/USDT:USDT,0.8227,680.0,0.8226,2663.0,0.8228,50.0,0.8229,887.0
1753617166544,11:52:46.544,gateio,ADA/USDT:USDT,0.8227,680.0,0.8226,2702.0,0.8228,50.0,0.8229,887.0
1753617166602,11:52:46.602,gateio,ADA/USDT:USDT,0.8227,680.0,0.8226,2663.0,0.8228,50.0,0.8229,887.0
1753617166734,11:52:46.734,gateio,ADA/USDT:USDT,0.8227,680.0,0.8226,2702.0,0.8228,50.0,0.8229,887.0
1753617166939,11:52:46.939,gateio,ADA/USDT:USDT,0.8227,680.0,0.8226,2663.0,0.8228,50.0,0.8229,926.0
1753617166993,11:52:46.993,gateio,ADA/USDT:USDT,0.8227,680.0,0.8226,2702.0,0.8228,350.0,0.8229,887.0
1753617167054,11:52:47.054,gateio,ADA/USDT:USDT,0.8227,680.0,0.8226,2702.0,0.8228,350.0,0.8229,926.0
1753617167218,11:52:47.218,gateio,ADA/USDT:USDT,0.8227,680.0,0.8226,2663.0,0.8228,350.0,0.8229,926.0
1753617167436,11:52:47.436,gateio,ADA/USDT:USDT,0.8227,449.0,0.8226,2702.0,0.8228,350.0,0.8229,926.0
1753617167542,11:52:47.542,gateio,ADA/USDT:USDT,0.8227,449.0,0.8226,2702.0,0.8228,350.0,0.8229,938.0
1753617167631,11:52:47.631,gateio,ADA/USDT:USDT,0.8227,449.0,0.8226,2624.0,0.8228,350.0,0.8229,977.0
1753617167834,11:52:47.834,gateio,ADA/USDT:USDT,0.8227,300.0,0.8226,2515.0,0.8228,389.0,0.8229,1038.0
1753617167930,11:52:47.930,gateio,ADA/USDT:USDT,0.8227,300.0,0.8226,2515.0,0.8228,350.0,0.8229,979.0
1753617168007,11:52:48.007,gateio,ADA/USDT:USDT,0.8227,350.0,0.8226,2515.0,0.8228,350.0,0.8229,979.0
1753617168144,11:52:48.144,gateio,ADA/USDT:USDT,0.8227,350.0,0.8226,2515.0,0.8228,350.0,0.8229,940.0
1753617168216,11:52:48.216,gateio,ADA/USDT:USDT,0.8227,350.0,0.8226,2515.0,0.8228,350.0,0.8229,979.0
1753617168316,11:52:48.316,gateio,ADA/USDT:USDT,0.8227,350.0,0.8226,2515.0,0.8228,350.0,0.8229,940.0
1753617168446,11:52:48.446,gateio,ADA/USDT:USDT,0.8227,350.0,0.8226,2515.0,0.8228,50.0,0.8229,867.0
1753617168517,11:52:48.517,gateio,ADA/USDT:USDT,0.8227,581.0,0.8226,2593.0,0.8228,50.0,0.8229,828.0
1753617168723,11:52:48.723,gateio,ADA/USDT:USDT,0.8227,581.0,0.8226,2593.0,0.8228,50.0,0.8229,828.0
1753617168837,11:52:48.837,gateio,ADA/USDT:USDT,0.8227,1342.0,0.8226,2554.0,0.8229,528.0,0.823,1293.0
1753617168908,11:52:48.908,gateio,ADA/USDT:USDT,0.8227,1264.0,0.8226,2729.0,0.8229,587.0,0.823,1659.0
1753617169013,11:52:49.013,gateio,ADA/USDT:USDT,0.8227,1264.0,0.8226,2729.0,0.8229,626.0,0.823,1659.0
1753617169116,11:52:49.116,gateio,ADA/USDT:USDT,0.8227,1264.0,0.8226,2729.0,0.8229,626.0,0.823,1659.0
1753617169333,11:52:49.333,gateio,ADA/USDT:USDT,0.8227,1264.0,0.8226,2729.0,0.8229,626.0,0.823,1880.0
1753617169436,11:52:49.436,gateio,ADA/USDT:USDT,0.8227,1264.0,0.8226,2729.0,0.8229,587.0,0.823,1880.0
1753617169511,11:52:49.511,gateio,ADA/USDT:USDT,0.8227,1342.0,0.8226,2729.0,0.8229,587.0,0.823,1880.0
1753617169720,11:52:49.720,gateio,ADA/USDT:USDT,0.8227,1342.0,0.8226,2729.0,0.8229,528.0,0.823,1880.0
1753617169777,11:52:49.777,gateio,ADA/USDT:USDT,0.8227,1342.0,0.8226,2729.0,0.8229,528.0,0.823,1880.0
1753617169929,11:52:49.929,gateio,ADA/USDT:USDT,0.8227,1303.0,0.8226,2515.0,0.8229,528.0,0.823,1670.0
1753617170149,11:52:50.149,gateio,ADA/USDT:USDT,0.8227,350.0,0.8226,2554.0,0.8228,50.0,0.8229,567.0
1753617170221,11:52:50.221,gateio,ADA/USDT:USDT,0.8227,350.0,0.8226,2515.0,0.8228,350.0,0.8229,906.0
1753617170345,11:52:50.345,gateio,ADA/USDT:USDT,0.8227,581.0,0.8226,2515.0,0.8228,50.0,0.8229,867.0
1753617170438,11:52:50.438,gateio,ADA/USDT:USDT,0.8227,581.0,0.8226,2593.0,0.8228,50.0,0.8229,528.0
1753617170534,11:52:50.534,gateio,ADA/USDT:USDT,0.8228,357.0,0.8227,1297.0,0.8229,528.0,0.823,2380.0
1753617170573,11:52:50.573,gateio,ADA/USDT:USDT,0.8228,357.0,0.8227,1297.0,0.8229,528.0,0.823,2380.0
1753617170733,11:52:50.733,gateio,ADA/USDT:USDT,0.8228,357.0,0.8227,1297.0,0.8229,528.0,0.823,2380.0
1753617170794,11:52:50.794,gateio,ADA/USDT:USDT,0.8228,357.0,0.8227,1297.0,0.8229,528.0,0.823,2380.0
1753617171148,11:52:51.148,gateio,ADA/USDT:USDT,0.8228,357.0,0.8227,1297.0,0.8229,528.0,0.823,2419.0
1753617171173,11:52:51.173,gateio,ADA/USDT:USDT,0.8228,357.0,0.8227,1297.0,0.8229,528.0,0.823,1698.0
1753617171431,11:52:51.431,gateio,ADA/USDT:USDT,0.8228,407.0,0.8227,1297.0,0.8229,297.0,0.823,1659.0
1753617171539,11:52:51.539,gateio,ADA/USDT:USDT,0.8228,407.0,0.8227,1375.0,0.8229,297.0,0.823,1659.0
1753617171649,11:52:51.649,gateio,ADA/USDT:USDT,0.8229,116.0,0.8228,608.0,0.823,1129.0,0.8231,1435.0
1753617171731,11:52:51.731,gateio,ADA/USDT:USDT,0.8229,466.0,0.8228,1389.0,0.823,110.0,0.8231,544.0
1753617171833,11:52:51.833,gateio,ADA/USDT:USDT,0.8229,505.0,0.8228,2252.0,0.823,1.0,0.8231,282.0
1753617171937,11:52:51.937,gateio,ADA/USDT:USDT,0.8229,505.0,0.8228,2254.0,0.823,1.0,0.8231,282.0
1753617172042,11:52:52.042,gateio,ADA/USDT:USDT,0.8229,466.0,0.8228,2253.0,0.823,1.0,0.8231,321.0
1753617172122,11:52:52.122,gateio,ADA/USDT:USDT,0.8229,466.0,0.8228,2292.0,0.823,1.0,0.8231,282.0
1753617172203,11:52:52.203,gateio,ADA/USDT:USDT,0.8229,466.0,0.8228,2253.0,0.823,1.0,0.8231,321.0
1753617172279,11:52:52.279,gateio,ADA/USDT:USDT,0.8229,466.0,0.8228,2292.0,0.823,1.0,0.8231,282.0
1753617172533,11:52:52.533,gateio,ADA/USDT:USDT,0.8229,466.0,0.8228,2292.0,0.823,1.0,0.8231,282.0
1753617172555,11:52:52.555,gateio,ADA/USDT:USDT,0.8229,466.0,0.8228,2292.0,0.823,1.0,0.8231,282.0
1753617172713,11:52:52.713,gateio,ADA/USDT:USDT,0.8229,466.0,0.8228,2253.0,0.823,1.0,0.8231,282.0
1753617172824,11:52:52.824,gateio,ADA/USDT:USDT,0.8229,300.0,0.8228,2283.0,0.823,321.0,0.8231,433.0
1753617172914,11:52:52.914,gateio,ADA/USDT:USDT,0.8229,300.0,0.8228,2283.0,0.823,282.0,0.8231,733.0
1753617173019,11:52:53.019,gateio,ADA/USDT:USDT,0.8229,300.0,0.8228,2283.0,0.823,282.0,0.8231,733.0
1753617173233,11:52:53.233,gateio,ADA/USDT:USDT,0.8229,300.0,0.8228,2283.0,0.823,282.0,0.8231,733.0
1753617173273,11:52:53.273,gateio,ADA/USDT:USDT,0.8229,300.0,0.8228,2283.0,0.823,282.0,0.8231,733.0
1753617173532,11:52:53.532,gateio,ADA/USDT:USDT,0.8228,1294.0,0.8227,780.0,0.8229,50.0,0.823,582.0
1753617173615,11:52:53.615,gateio,ADA/USDT:USDT,0.8228,875.0,0.8227,898.0,0.8229,320.0,0.823,1721.0
1753617173680,11:52:53.680,gateio,ADA/USDT:USDT,0.8228,875.0,0.8227,898.0,0.8229,281.0,0.823,1721.0
1753617173838,11:52:53.838,gateio,ADA/USDT:USDT,0.8227,1810.0,0.8226,2399.0,0.8229,281.0,0.823,1316.0
1753617173927,11:52:53.927,gateio,ADA/USDT:USDT,0.8227,1810.0,0.8226,2399.0,0.8229,281.0,0.823,1316.0
1753617174036,11:52:54.036,gateio,ADA/USDT:USDT,0.8227,1849.0,0.8226,2399.0,0.8229,281.0,0.823,1316.0
1753617174144,11:52:54.144,gateio,ADA/USDT:USDT,0.8227,1810.0,0.8226,2399.0,0.8229,281.0,0.823,1316.0
1753617174290,11:52:54.290,gateio,ADA/USDT:USDT,0.8227,1810.0,0.8226,2399.0,0.8229,281.0,0.823,1316.0
1753617174445,11:52:54.445,gateio,ADA/USDT:USDT,0.8227,1771.0,0.8226,2399.0,0.8229,320.0,0.823,1277.0
1753617174536,11:52:54.536,gateio,ADA/USDT:USDT,0.8227,1587.0,0.8226,2438.0,0.8228,12.0,0.8229,281.0
1753617174632,11:52:54.632,gateio,ADA/USDT:USDT,0.8227,1425.0,0.8226,1796.0,0.8228,12.0,0.8229,281.0
1753617174737,11:52:54.737,gateio,ADA/USDT:USDT,0.8227,1425.0,0.8226,1796.0,0.8228,12.0,0.8229,281.0
1753617174847,11:52:54.847,gateio,ADA/USDT:USDT,0.8228,116.0,0.8227,1613.0,0.8229,281.0,0.823,1400.0
1753617174933,11:52:54.933,gateio,ADA/USDT:USDT,0.8228,116.0,0.8227,1613.0,0.8229,581.0,0.823,1400.0
1753617174978,11:52:54.978,gateio,ADA/USDT:USDT,0.8228,116.0,0.8227,1613.0,0.8229,581.0,0.823,1400.0
1753617175109,11:52:55.109,gateio,ADA/USDT:USDT,0.8228,116.0,0.8227,1613.0,0.8229,581.0,0.823,1439.0
1753617175169,11:52:55.169,gateio,ADA/USDT:USDT,0.8228,57.0,0.8227,1613.0,0.8229,581.0,0.823,1439.0
1753617175301,11:52:55.301,gateio,ADA/USDT:USDT,0.8228,57.0,0.8227,1613.0,0.8229,581.0,0.823,1400.0
1753617175398,11:52:55.398,gateio,ADA/USDT:USDT,0.8228,57.0,0.8227,1613.0,0.8229,581.0,0.823,1439.0
1753617175542,11:52:55.542,gateio,ADA/USDT:USDT,0.8228,57.0,0.8227,1652.0,0.8229,581.0,0.823,1361.0
1753617175615,11:52:55.615,gateio,ADA/USDT:USDT,0.8228,57.0,0.8227,1613.0,0.8229,581.0,0.823,1400.0
1753617175695,11:52:55.695,gateio,ADA/USDT:USDT,0.8228,57.0,0.8227,1613.0,0.8229,581.0,0.823,1400.0
1753617175933,11:52:55.933,gateio,ADA/USDT:USDT,0.8228,57.0,0.8227,1613.0,0.8229,581.0,0.823,1400.0
1753617176040,11:52:56.040,gateio,ADA/USDT:USDT,0.8228,107.0,0.8227,1613.0,0.8229,581.0,0.823,1400.0
1753617176138,11:52:56.138,gateio,ADA/USDT:USDT,0.8228,107.0,0.8227,1691.0,0.8229,281.0,0.823,995.0
1753617176234,11:52:56.234,gateio,ADA/USDT:USDT,0.8228,107.0,0.8227,1691.0,0.8229,50.0,0.823,995.0
1753617176334,11:52:56.334,gateio,ADA/USDT:USDT,0.8228,107.0,0.8227,1613.0,0.8229,50.0,0.823,995.0
1753617176410,11:52:56.410,gateio,ADA/USDT:USDT,0.8228,107.0,0.8227,1652.0,0.8229,50.0,0.823,995.0
1753617176469,11:52:56.469,gateio,ADA/USDT:USDT,0.8228,107.0,0.8227,1691.0,0.8229,50.0,0.823,995.0
1753617176790,11:52:56.790,gateio,ADA/USDT:USDT,0.8228,107.0,0.8227,1652.0,0.8229,50.0,0.823,1034.0
1753617176922,11:52:56.922,gateio,ADA/USDT:USDT,0.8228,407.0,0.8227,1691.0,0.8229,350.0,0.823,995.0
1753617177049,11:52:57.049,gateio,ADA/USDT:USDT,0.8228,407.0,0.8227,1652.0,0.8229,350.0,0.823,995.0
1753617177050,11:52:57.050,gateio,ADA/USDT:USDT,0.8228,407.0,0.8227,1652.0,0.8229,350.0,0.823,1034.0
1753617177209,11:52:57.209,gateio,ADA/USDT:USDT,0.8228,407.0,0.8227,1613.0,0.8229,350.0,0.823,1034.0
1753617177347,11:52:57.347,gateio,ADA/USDT:USDT,0.8228,407.0,0.8227,1652.0,0.8229,350.0,0.823,1034.0
1753617177374,11:52:57.374,gateio,ADA/USDT:USDT,0.8228,407.0,0.8227,1613.0,0.8229,350.0,0.823,1073.0
1753617177482,11:52:57.482,gateio,ADA/USDT:USDT,0.8228,407.0,0.8227,1613.0,0.8229,350.0,0.823,1073.0
1753617177623,11:52:57.623,gateio,ADA/USDT:USDT,0.8228,407.0,0.8227,1613.0,0.8229,350.0,0.823,1034.0
1753617177739,11:52:57.739,gateio,ADA/USDT:USDT,0.8228,407.0,0.8227,1613.0,0.8229,350.0,0.823,1034.0
1753617178354,11:52:58.354,gateio,ADA/USDT:USDT,0.8228,407.0,0.8227,1613.0,0.8229,350.0,0.823,1073.0
1753617178558,11:52:58.558,gateio,ADA/USDT:USDT,0.8228,407.0,0.8227,1613.0,0.8229,350.0,0.823,1034.0
1753617178696,11:52:58.696,gateio,ADA/USDT:USDT,0.8228,407.0,0.8227,1613.0,0.8229,350.0,0.823,1034.0
1753617178932,11:52:58.932,gateio,ADA/USDT:USDT,0.8228,107.0,0.8227,1613.0,0.8229,350.0,0.823,1073.0
1753617179119,11:52:59.119,gateio,ADA/USDT:USDT,0.8228,107.0,0.8227,1613.0,0.8229,350.0,0.823,1073.0
1753617179242,11:52:59.242,gateio,ADA/USDT:USDT,0.8227,1425.0,0.8226,1418.0,0.8228,350.0,0.8229,620.0
1753617179274,11:52:59.274,gateio,ADA/USDT:USDT,0.8227,1194.0,0.8226,1418.0,0.8228,350.0,0.8229,620.0
1753617179414,11:52:59.414,gateio,ADA/USDT:USDT,0.8227,1194.0,0.8226,1340.0,0.8228,350.0,0.8229,620.0
1753617179535,11:52:59.535,gateio,ADA/USDT:USDT,0.8227,62.0,0.8226,2215.0,0.8228,350.0,0.8229,732.0
1753617179877,11:52:59.877,gateio,ADA/USDT:USDT,0.8227,178.0,0.8226,2254.0,0.8228,350.0,0.8229,654.0
1753617180046,11:53:00.046,gateio,ADA/USDT:USDT,0.8227,50.0,0.8226,2254.0,0.8228,350.0,0.8229,732.0
1753617180146,11:53:00.146,gateio,ADA/USDT:USDT,0.8226,1664.0,0.8225,1407.0,0.8228,350.0,0.8229,693.0
1753617180247,11:53:00.247,gateio,ADA/USDT:USDT,0.8226,1625.0,0.8225,1407.0,0.8228,350.0,0.8229,654.0
1753617180348,11:53:00.348,gateio,ADA/USDT:USDT,0.8226,50.0,0.8225,698.0,0.8227,50.0,0.8228,718.0
1753617180433,11:53:00.433,gateio,ADA/USDT:USDT,0.8225,586.0,0.8224,1153.0,0.8227,320.0,0.8228,1001.0
1753617180546,11:53:00.546,gateio,ADA/USDT:USDT,0.8226,466.0,0.8225,2069.0,0.8227,281.0,0.8228,981.0
1753617180613,11:53:00.613,gateio,ADA/USDT:USDT,0.8226,466.0,0.8225,1914.0,0.8227,281.0,0.8228,981.0
1753617180744,11:53:00.744,gateio,ADA/USDT:USDT,0.8226,466.0,0.8225,1875.0,0.8227,281.0,0.8228,981.0
1753617180809,11:53:00.809,gateio,ADA/USDT:USDT,0.8226,466.0,0.8225,1875.0,0.8227,281.0,0.8228,1020.0
1753617180918,11:53:00.918,gateio,ADA/USDT:USDT,0.8226,466.0,0.8225,1875.0,0.8227,50.0,0.8228,1020.0
1753617181033,11:53:01.033,gateio,ADA/USDT:USDT,0.8226,466.0,0.8225,1953.0,0.8227,50.0,0.8228,942.0
1753617181128,11:53:01.128,gateio,ADA/USDT:USDT,0.8226,466.0,0.8225,1875.0,0.8227,50.0,0.8228,981.0
1753617181167,11:53:01.167,gateio,ADA/USDT:USDT,0.8226,466.0,0.8225,1875.0,0.8227,50.0,0.8228,981.0
1753617181318,11:53:01.318,gateio,ADA/USDT:USDT,0.8226,466.0,0.8225,1875.0,0.8227,50.0,0.8228,792.0
1753617181444,11:53:01.444,gateio,ADA/USDT:USDT,0.8226,466.0,0.8225,1875.0,0.8227,50.0,0.8228,792.0
1753617181535,11:53:01.535,gateio,ADA/USDT:USDT,0.8226,466.0,0.8225,1953.0,0.8227,50.0,0.8228,753.0
1753617181645,11:53:01.645,gateio,ADA/USDT:USDT,0.8226,697.0,0.8225,1875.0,0.8227,50.0,0.8228,654.0
1753617181740,11:53:01.740,gateio,ADA/USDT:USDT,0.8226,466.0,0.8225,1914.0,0.8227,50.0,0.8228,654.0
1753617181821,11:53:01.821,gateio,ADA/USDT:USDT,0.8226,466.0,0.8225,2001.0,0.8227,50.0,0.8228,693.0
1753617181932,11:53:01.932,gateio,ADA/USDT:USDT,0.8226,466.0,0.8225,2001.0,0.8227,50.0,0.8228,693.0
1753617182039,11:53:02.039,gateio,ADA/USDT:USDT,0.8226,466.0,0.8225,2278.0,0.8227,50.0,0.8228,654.0
1753617182149,11:53:02.149,gateio,ADA/USDT:USDT,0.8228,921.0,0.8227,1312.0,0.8229,732.0,0.823,1420.0
1753617182243,11:53:02.243,gateio,ADA/USDT:USDT,0.8229,228.0,0.8228,1796.0,0.823,51.0,0.8231,753.0
1753617182322,11:53:02.322,gateio,ADA/USDT:USDT,0.8229,228.0,0.8228,1796.0,0.823,51.0,0.8231,680.0
1753617182433,11:53:02.433,gateio,ADA/USDT:USDT,0.8229,228.0,0.8228,1808.0,0.823,51.0,0.8231,753.0
1753617182513,11:53:02.513,gateio,ADA/USDT:USDT,0.8229,228.0,0.8228,1808.0,0.823,51.0,0.8231,753.0
1753617182648,11:53:02.648,gateio,ADA/USDT:USDT,0.8229,267.0,0.8228,2252.0,0.823,13.0,0.8231,51.0
1753617182743,11:53:02.743,gateio,ADA/USDT:USDT,0.8229,340.0,0.8228,2330.0,0.823,13.0,0.8231,51.0
1753617182831,11:53:02.831,gateio,ADA/USDT:USDT,0.8229,680.0,0.8228,2330.0,0.823,13.0,0.8231,51.0
1753617182942,11:53:02.942,gateio,ADA/USDT:USDT,0.8229,680.0,0.8228,2330.0,0.823,13.0,0.8231,51.0
1753617183042,11:53:03.042,gateio,ADA/USDT:USDT,0.8229,1567.0,0.8228,2318.0,0.823,1.0,0.8231,51.0
1753617183137,11:53:03.137,gateio,ADA/USDT:USDT,0.8229,1645.0,0.8228,2027.0,0.823,1.0,0.8231,51.0
1753617183233,11:53:03.233,gateio,ADA/USDT:USDT,0.8229,1645.0,0.8228,2027.0,0.823,1.0,0.8231,51.0
1753617183347,11:53:03.347,gateio,ADA/USDT:USDT,0.823,518.0,0.8229,2185.0,0.8231,1.0,0.8232,1036.0
1753617183448,11:53:03.448,gateio,ADA/USDT:USDT,0.823,607.0,0.8229,2532.0,0.8231,1.0,0.8232,732.0
1753617183542,11:53:03.542,gateio,ADA/USDT:USDT,0.823,619.0,0.8229,2653.0,0.8231,1.0,0.8232,50.0
1753617183649,11:53:03.649,gateio,ADA/USDT:USDT,0.8233,57.0,0.8232,740.0,0.8234,926.0,0.8235,526.0
1753617183749,11:53:03.749,gateio,ADA/USDT:USDT,0.8233,459.0,0.8232,1582.0,0.8234,1.0,0.8235,261.0
1753617183846,11:53:03.846,gateio,ADA/USDT:USDT,0.8233,730.0,0.8232,2038.0,0.8234,1.0,0.8235,50.0
1753617183947,11:53:03.947,gateio,ADA/USDT:USDT,0.8234,581.0,0.8233,1388.0,0.8235,50.0,0.8236,366.0
1753617184040,11:53:04.040,gateio,ADA/USDT:USDT,0.8234,581.0,0.8233,2566.0,0.8235,50.0,0.8236,296.0
1753617184148,11:53:04.148,gateio,ADA/USDT:USDT,0.8235,88.0,0.8234,1959.0,0.8236,51.0,0.8237,2223.0
1753617184229,11:53:04.229,gateio,ADA/USDT:USDT,0.8235,88.0,0.8234,1959.0,0.8236,51.0,0.8237,2262.0
1753617184348,11:53:04.348,gateio,ADA/USDT:USDT,0.8235,88.0,0.8234,1959.0,0.8236,294.0,0.8237,2262.0
1753617184449,11:53:04.449,gateio,ADA/USDT:USDT,0.8234,1301.0,0.8233,2588.0,0.8235,50.0,0.8236,361.0
1753617184488,11:53:04.488,gateio,ADA/USDT:USDT,0.8234,531.0,0.8233,2890.0,0.8235,50.0,0.8236,388.0
1753617184635,11:53:04.635,gateio,ADA/USDT:USDT,0.8234,531.0,0.8233,2890.0,0.8235,50.0,0.8236,388.0
1753617184713,11:53:04.713,gateio,ADA/USDT:USDT,0.8234,531.0,0.8233,2606.0,0.8235,50.0,0.8236,321.0
1753617184844,11:53:04.844,gateio,ADA/USDT:USDT,0.8234,531.0,0.8233,2606.0,0.8235,50.0,0.8236,321.0
1753617184863,11:53:04.863,gateio,ADA/USDT:USDT,0.8234,531.0,0.8233,2606.0,0.8235,50.0,0.8236,321.0
1753617185040,11:53:05.040,gateio,ADA/USDT:USDT,0.8235,116.0,0.8234,1184.0,0.8236,282.0,0.8237,2414.0
1753617185133,11:53:05.133,gateio,ADA/USDT:USDT,0.8235,416.0,0.8234,1566.0,0.8236,51.0,0.8237,1659.0
1753617185245,11:53:05.245,gateio,ADA/USDT:USDT,0.8235,416.0,0.8234,1566.0,0.8236,51.0,0.8237,1659.0
1753617185280,11:53:05.280,gateio,ADA/USDT:USDT,0.8235,416.0,0.8234,1566.0,0.8236,51.0,0.8237,1659.0
1753617185448,11:53:05.448,gateio,ADA/USDT:USDT,0.8235,357.0,0.8234,1566.0,0.8236,294.0,0.8237,1698.0
1753617185464,11:53:05.464,gateio,ADA/USDT:USDT,0.8235,57.0,0.8234,1566.0,0.8236,294.0,0.8237,1771.0
1753617185555,11:53:05.555,gateio,ADA/USDT:USDT,0.8235,57.0,0.8234,1566.0,0.8236,294.0,0.8237,1771.0
1753617185714,11:53:05.714,gateio,ADA/USDT:USDT,0.8235,57.0,0.8234,1566.0,0.8236,294.0,0.8237,1854.0
1753617185809,11:53:05.809,gateio,ADA/USDT:USDT,0.8234,350.0,0.8233,2431.0,0.8236,294.0,0.8237,1854.0
1753617185873,11:53:05.873,gateio,ADA/USDT:USDT,0.8234,974.0,0.8233,2431.0,0.8236,294.0,0.8237,2048.0
1753617186039,11:53:06.039,gateio,ADA/USDT:USDT,0.8234,1205.0,0.8233,2764.0,0.8236,294.0,0.8237,2009.0
1753617186136,11:53:06.136,gateio,ADA/USDT:USDT,0.8234,1205.0,0.8233,2764.0,0.8236,294.0,0.8237,2009.0
1753617186329,11:53:06.329,gateio,ADA/USDT:USDT,0.8234,1205.0,0.8233,2764.0,0.8236,294.0,0.8237,2009.0
1753617186403,11:53:06.403,gateio,ADA/USDT:USDT,0.8234,1205.0,0.8233,2764.0,0.8236,294.0,0.8237,2009.0
1753617186508,11:53:06.508,gateio,ADA/USDT:USDT,0.8234,1205.0,0.8233,2764.0,0.8236,294.0,0.8237,2009.0
1753617186633,11:53:06.633,gateio,ADA/USDT:USDT,0.8234,1205.0,0.8233,2764.0,0.8236,294.0,0.8237,2009.0
1753617186749,11:53:06.749,gateio,ADA/USDT:USDT,0.8234,1205.0,0.8233,2764.0,0.8236,294.0,0.8237,2009.0
1753617186820,11:53:06.820,gateio,ADA/USDT:USDT,0.8234,1205.0,0.8233,2764.0,0.8236,294.0,0.8237,2009.0
1753617186943,11:53:06.943,gateio,ADA/USDT:USDT,0.8234,1205.0,0.8233,2509.0,0.8236,294.0,0.8237,1913.0
1753617186998,11:53:06.998,gateio,ADA/USDT:USDT,0.8234,1205.0,0.8233,2509.0,0.8236,294.0,0.8237,1913.0
1753617187145,11:53:07.145,gateio,ADA/USDT:USDT,0.8234,1205.0,0.8233,2509.0,0.8236,294.0,0.8237,1874.0
1753617187235,11:53:07.235,gateio,ADA/USDT:USDT,0.8234,1205.0,0.8233,2509.0,0.8236,294.0,0.8237,1874.0
1753617187317,11:53:07.317,gateio,ADA/USDT:USDT,0.8234,1205.0,0.8233,2509.0,0.8236,294.0,0.8237,1913.0
1753617187382,11:53:07.382,gateio,ADA/USDT:USDT,0.8234,1205.0,0.8233,2509.0,0.8236,294.0,0.8237,1913.0
1753617187497,11:53:07.497,gateio,ADA/USDT:USDT,0.8234,1205.0,0.8233,2509.0,0.8236,294.0,0.8237,1913.0
1753617187616,11:53:07.616,gateio,ADA/USDT:USDT,0.8234,1205.0,0.8233,2509.0,0.8236,294.0,0.8237,1913.0
1753617187734,11:53:07.734,gateio,ADA/USDT:USDT,0.8234,1205.0,0.8233,2509.0,0.8236,294.0,0.8237,1913.0
1753617187843,11:53:07.843,gateio,ADA/USDT:USDT,0.8234,974.0,0.8233,2509.0,0.8236,294.0,0.8237,1913.0
1753617187870,11:53:07.870,gateio,ADA/USDT:USDT,0.8234,974.0,0.8233,2509.0,0.8236,294.0,0.8237,1913.0
1753617188048,11:53:08.048,gateio,ADA/USDT:USDT,0.8234,974.0,0.8233,2509.0,0.8236,294.0,0.8237,1913.0
1753617188120,11:53:08.120,gateio,ADA/USDT:USDT,0.8234,974.0,0.8233,2509.0,0.8236,294.0,0.8237,1913.0
1753617188245,11:53:08.245,gateio,ADA/USDT:USDT,0.8234,974.0,0.8233,2514.0,0.8236,294.0,0.8237,1913.0
1753617188266,11:53:08.266,gateio,ADA/USDT:USDT,0.8234,974.0,0.8233,2505.0,0.8236,294.0,0.8237,1913.0
1753617188442,11:53:08.442,gateio,ADA/USDT:USDT,0.8235,416.0,0.8234,1581.0,0.8236,294.0,0.8237,1913.0
1753617188454,11:53:08.454,gateio,ADA/USDT:USDT,0.8235,416.0,0.8234,1581.0,0.8236,294.0,0.8237,1913.0
1753617188550,11:53:08.550,gateio,ADA/USDT:USDT,0.8235,416.0,0.8234,1581.0,0.8236,294.0,0.8237,1913.0
1753617188709,11:53:08.709,gateio,ADA/USDT:USDT,0.8235,357.0,0.8234,1581.0,0.8236,294.0,0.8237,1913.0
1753617188824,11:53:08.824,gateio,ADA/USDT:USDT,0.8235,300.0,0.8234,1581.0,0.8236,294.0,0.8237,1913.0
1753617188944,11:53:08.944,gateio,ADA/USDT:USDT,0.8235,300.0,0.8234,1581.0,0.8236,294.0,0.8237,1913.0
1753617189019,11:53:09.019,gateio,ADA/USDT:USDT,0.8235,300.0,0.8234,1581.0,0.8236,294.0,0.8237,1913.0
1753617189228,11:53:09.228,gateio,ADA/USDT:USDT,0.8235,300.0,0.8234,1581.0,0.8236,63.0,0.8237,2119.0
1753617189299,11:53:09.299,gateio,ADA/USDT:USDT,0.8235,300.0,0.8234,1581.0,0.8236,63.0,0.8237,2085.0
1753617189446,11:53:09.446,gateio,ADA/USDT:USDT,0.8235,300.0,0.8234,1581.0,0.8236,63.0,0.8237,2085.0
1753617189513,11:53:09.513,gateio,ADA/USDT:USDT,0.8235,300.0,0.8234,1581.0,0.8236,63.0,0.8237,2026.0
1753617189747,11:53:09.747,gateio,ADA/USDT:USDT,0.8235,300.0,0.8234,1581.0,0.8236,63.0,0.8237,1987.0
1753617189756,11:53:09.756,gateio,ADA/USDT:USDT,0.8235,300.0,0.8234,1581.0,0.8236,63.0,0.8237,1987.0
1753617190037,11:53:10.037,gateio,ADA/USDT:USDT,0.8235,300.0,0.8234,1581.0,0.8236,63.0,0.8237,1987.0
1753617190117,11:53:10.117,gateio,ADA/USDT:USDT,0.8235,531.0,0.8234,1581.0,0.8236,63.0,0.8237,1987.0
1753617190239,11:53:10.239,gateio,ADA/USDT:USDT,0.8235,531.0,0.8234,1581.0,0.8236,63.0,0.8237,1987.0
1753617190344,11:53:10.344,gateio,ADA/USDT:USDT,0.8235,531.0,0.8234,1581.0,0.8236,63.0,0.8237,1112.0
1753617190546,11:53:10.546,gateio,ADA/USDT:USDT,0.8235,531.0,0.8234,1581.0,0.8236,90.0,0.8237,1112.0
1753617190564,11:53:10.564,gateio,ADA/USDT:USDT,0.8235,531.0,0.8234,1581.0,0.8236,90.0,0.8237,1151.0
1753617190733,11:53:10.733,gateio,ADA/USDT:USDT,0.8235,531.0,0.8234,1581.0,0.8236,51.0,0.8237,1112.0
1753617190845,11:53:10.845,gateio,ADA/USDT:USDT,0.8235,531.0,0.8234,1581.0,0.8236,51.0,0.8237,1112.0
1753617190945,11:53:10.945,gateio,ADA/USDT:USDT,0.8235,531.0,0.8234,1581.0,0.8236,51.0,0.8237,812.0
1753617191125,11:53:11.125,gateio,ADA/USDT:USDT,0.8235,531.0,0.8234,1581.0,0.8236,51.0,0.8237,851.0
1753617191249,11:53:11.249,gateio,ADA/USDT:USDT,0.8235,531.0,0.8234,1581.0,0.8236,51.0,0.8237,851.0
1753617191311,11:53:11.311,gateio,ADA/USDT:USDT,0.8235,531.0,0.8234,1581.0,0.8236,51.0,0.8237,812.0
1753617191610,11:53:11.610,gateio,ADA/USDT:USDT,0.8235,531.0,0.8234,1581.0,0.8236,51.0,0.8237,851.0
1753617191789,11:53:11.789,gateio,ADA/USDT:USDT,0.8235,531.0,0.8234,1581.0,0.8236,51.0,0.8237,812.0
1753617192114,11:53:12.114,gateio,ADA/USDT:USDT,0.8235,531.0,0.8234,1581.0,0.8236,51.0,0.8237,812.0
1753617192489,11:53:12.489,gateio,ADA/USDT:USDT,0.8235,531.0,0.8234,1581.0,0.8236,51.0,0.8237,851.0
1753617192634,11:53:12.634,gateio,ADA/USDT:USDT,0.8235,531.0,0.8234,1581.0,0.8236,90.0,0.8237,851.0
1753617192740,11:53:12.740,gateio,ADA/USDT:USDT,0.8235,300.0,0.8234,1581.0,0.8236,90.0,0.8237,1151.0
1753617192759,11:53:12.759,gateio,ADA/USDT:USDT,0.8235,300.0,0.8234,1581.0,0.8236,90.0,0.8237,1151.0
1753617192890,11:53:12.890,gateio,ADA/USDT:USDT,0.8235,300.0,0.8234,1581.0,0.8236,51.0,0.8237,1112.0
1753617193033,11:53:13.033,gateio,ADA/USDT:USDT,0.8235,300.0,0.8234,1581.0,0.8236,51.0,0.8237,577.0
1753617193444,11:53:13.444,gateio,ADA/USDT:USDT,0.8235,300.0,0.8234,1581.0,0.8236,51.0,0.8237,577.0
1753617193486,11:53:13.486,gateio,ADA/USDT:USDT,0.8235,531.0,0.8234,1581.0,0.8236,51.0,0.8237,577.0
1753617193673,11:53:13.673,gateio,ADA/USDT:USDT,0.8235,300.0,0.8234,1581.0,0.8236,51.0,0.8237,877.0
1753617193799,11:53:13.799,gateio,ADA/USDT:USDT,0.8235,300.0,0.8234,1581.0,0.8236,90.0,0.8237,1386.0
1753617193873,11:53:13.873,gateio,ADA/USDT:USDT,0.8235,300.0,0.8234,1581.0,0.8236,90.0,0.8237,1386.0
1753617193962,11:53:13.962,gateio,ADA/USDT:USDT,0.8235,300.0,0.8234,1581.0,0.8236,51.0,0.8237,1386.0
1753617194281,11:53:14.281,gateio,ADA/USDT:USDT,0.8235,300.0,0.8234,1581.0,0.8236,90.0,0.8237,1386.0
1753617194550,11:53:14.550,gateio,ADA/USDT:USDT,0.8235,300.0,0.8234,1581.0,0.8236,90.0,0.8237,1386.0
1753617194573,11:53:14.573,gateio,ADA/USDT:USDT,0.8235,300.0,0.8234,1581.0,0.8236,90.0,0.8237,1425.0
1753617194732,11:53:14.732,gateio,ADA/USDT:USDT,0.8235,300.0,0.8234,1581.0,0.8236,90.0,0.8237,1425.0
1753617194833,11:53:14.833,gateio,ADA/USDT:USDT,0.8235,300.0,0.8234,1581.0,0.8236,51.0,0.8237,1386.0
1753617194933,11:53:14.933,gateio,ADA/USDT:USDT,0.8235,531.0,0.8234,1581.0,0.8236,51.0,0.8237,1086.0
1753617195005,11:53:15.005,gateio,ADA/USDT:USDT,0.8235,531.0,0.8234,1581.0,0.8236,51.0,0.8237,1086.0
1753617195051,11:53:15.051,gateio,ADA/USDT:USDT,0.8235,531.0,0.8234,1620.0,0.8236,51.0,0.8237,1086.0
1753617195230,11:53:15.230,gateio,ADA/USDT:USDT,0.8235,531.0,0.8234,1581.0,0.8236,90.0,0.8237,1086.0
1753617195312,11:53:15.312,gateio,ADA/USDT:USDT,0.8235,300.0,0.8234,1581.0,0.8236,90.0,0.8237,1086.0
1753617195434,11:53:15.434,gateio,ADA/USDT:USDT,0.8235,531.0,0.8234,1581.0,0.8236,51.0,0.8237,1086.0
1753617195481,11:53:15.481,gateio,ADA/USDT:USDT,0.8235,531.0,0.8234,1581.0,0.8236,90.0,0.8237,1086.0
1753617195764,11:53:15.764,gateio,ADA/USDT:USDT,0.8235,531.0,0.8234,1581.0,0.8236,90.0,0.8237,1086.0
1753617196013,11:53:16.013,gateio,ADA/USDT:USDT,0.8235,531.0,0.8234,1581.0,0.8236,51.0,0.8237,1086.0
1753617196054,11:53:16.054,gateio,ADA/USDT:USDT,0.8235,531.0,0.8234,1620.0,0.8236,51.0,0.8237,1086.0
1753617196186,11:53:16.186,gateio,ADA/USDT:USDT,0.8235,531.0,0.8234,1622.0,0.8236,1.0,0.8237,1086.0
1753617196292,11:53:16.292,gateio,ADA/USDT:USDT,0.8235,531.0,0.8234,1583.0,0.8236,1.0,0.8237,1086.0
1753617196382,11:53:16.382,gateio,ADA/USDT:USDT,0.8235,531.0,0.8234,1583.0,0.8236,1.0,0.8237,1086.0
1753617196573,11:53:16.573,gateio,ADA/USDT:USDT,0.8235,531.0,0.8234,1583.0,0.8236,1.0,0.8237,1086.0
1753617196695,11:53:16.695,gateio,ADA/USDT:USDT,0.8235,531.0,0.8234,1583.0,0.8236,1.0,0.8237,1086.0
1753617196755,11:53:16.755,gateio,ADA/USDT:USDT,0.8235,531.0,0.8234,1583.0,0.8236,1.0,0.8237,1086.0
1753617196949,11:53:16.949,gateio,ADA/USDT:USDT,0.8235,531.0,0.8234,1583.0,0.8236,1.0,0.8237,855.0
1753617197029,11:53:17.029,gateio,ADA/USDT:USDT,0.8235,571.0,0.8234,2105.0,0.8236,1.0,0.8237,295.0
1753617197140,11:53:17.140,gateio,ADA/USDT:USDT,0.8235,571.0,0.8234,2105.0,0.8236,1.0,0.8237,295.0
1753617197185,11:53:17.185,gateio,ADA/USDT:USDT,0.8235,571.0,0.8234,2105.0,0.8236,1.0,0.8237,295.0
1753617197327,11:53:17.327,gateio,ADA/USDT:USDT,0.8235,571.0,0.8234,2105.0,0.8236,1.0,0.8237,295.0
1753617197447,11:53:17.447,gateio,ADA/USDT:USDT,0.8237,116.0,0.8236,1089.0,0.8238,50.0,0.8239,630.0
1753617197534,11:53:17.534,gateio,ADA/USDT:USDT,0.8237,166.0,0.8236,1974.0,0.8238,50.0,0.8239,718.0
1753617197630,11:53:17.630,gateio,ADA/USDT:USDT,0.8237,116.0,0.8236,1974.0,0.8238,350.0,0.8239,1259.0
1753617197713,11:53:17.713,gateio,ADA/USDT:USDT,0.8237,116.0,0.8236,1698.0,0.8238,389.0,0.8239,1298.0
1753617197845,11:53:17.845,gateio,ADA/USDT:USDT,0.8237,116.0,0.8236,1698.0,0.8238,620.0,0.8239,1298.0
1753617197932,11:53:17.932,gateio,ADA/USDT:USDT,0.8237,116.0,0.8236,1698.0,0.8238,857.0,0.8239,1298.0
1753617198037,11:53:18.037,gateio,ADA/USDT:USDT,0.8237,116.0,0.8236,1698.0,0.8238,818.0,0.8239,1259.0
1753617198090,11:53:18.090,gateio,ADA/USDT:USDT,0.8237,116.0,0.8236,1698.0,0.8238,818.0,0.8239,1259.0
1753617198247,11:53:18.247,gateio,ADA/USDT:USDT,0.8237,116.0,0.8236,1698.0,0.8238,818.0,0.8239,1259.0
1753617198301,11:53:18.301,gateio,ADA/USDT:USDT,0.8237,116.0,0.8236,1698.0,0.8238,818.0,0.8239,1259.0
1753617198425,11:53:18.425,gateio,ADA/USDT:USDT,0.8237,166.0,0.8236,1737.0,0.8238,818.0,0.8239,1220.0
1753617198527,11:53:18.527,gateio,ADA/USDT:USDT,0.8237,166.0,0.8236,1737.0,0.8238,587.0,0.8239,1259.0
1753617198631,11:53:18.631,gateio,ADA/USDT:USDT,0.8237,166.0,0.8236,1737.0,0.8238,587.0,0.8239,1259.0
1753617198689,11:53:18.689,gateio,ADA/USDT:USDT,0.8237,166.0,0.8236,1737.0,0.8238,587.0,0.8239,1259.0
1753617198804,11:53:18.804,gateio,ADA/USDT:USDT,0.8237,166.0,0.8236,1737.0,0.8238,587.0,0.8239,1259.0
1753617198922,11:53:18.922,gateio,ADA/USDT:USDT,0.8237,57.0,0.8236,1698.0,0.8238,587.0,0.8239,1259.0
1753617199003,11:53:19.003,gateio,ADA/USDT:USDT,0.8237,57.0,0.8236,1698.0,0.8238,587.0,0.8239,1259.0
1753617199111,11:53:19.111,gateio,ADA/USDT:USDT,0.8237,107.0,0.8236,1737.0,0.8238,587.0,0.8239,1259.0
1753617199248,11:53:19.248,gateio,ADA/USDT:USDT,0.8237,107.0,0.8236,1698.0,0.8238,287.0,0.8239,959.0
1753617199342,11:53:19.342,gateio,ADA/USDT:USDT,0.8236,1091.0,0.8235,2522.0,0.8238,320.0,0.8239,1198.0
1753617199445,11:53:19.445,gateio,ADA/USDT:USDT,0.8236,350.0,0.8235,2485.0,0.8237,350.0,0.8238,320.0
1753617199462,11:53:19.462,gateio,ADA/USDT:USDT,0.8236,350.0,0.8235,2524.0,0.8237,350.0,0.8238,320.0
1753617199613,11:53:19.613,gateio,ADA/USDT:USDT,0.8236,350.0,0.8235,2485.0,0.8237,350.0,0.8238,659.0
1753617199710,11:53:19.710,gateio,ADA/USDT:USDT,0.8236,350.0,0.8235,2446.0,0.8237,350.0,0.8238,975.0
1753617199783,11:53:19.783,gateio,ADA/USDT:USDT,0.8236,350.0,0.8235,2524.0,0.8237,350.0,0.8238,936.0
1753617199949,11:53:19.949,gateio,ADA/USDT:USDT,0.8235,1349.0,0.8234,1927.0,0.8236,50.0,0.8237,581.0
1753617200036,11:53:20.036,gateio,ADA/USDT:USDT,0.8235,874.0,0.8234,507.0,0.8236,685.0,0.8237,1520.0
1753617200136,11:53:20.136,gateio,ADA/USDT:USDT,0.8234,1401.0,0.8233,1765.0,0.8236,581.0,0.8237,1277.0
1753617200248,11:53:20.248,gateio,ADA/USDT:USDT,0.8234,1440.0,0.8233,1765.0,0.8236,581.0,0.8237,1238.0
1753617200338,11:53:20.338,gateio,ADA/USDT:USDT,0.8236,116.0,0.8235,1294.0,0.8237,581.0,0.8238,1960.0
1753617200436,11:53:20.436,gateio,ADA/USDT:USDT,0.8236,116.0,0.8235,1700.0,0.8237,581.0,0.8238,1840.0
1753617200526,11:53:20.526,gateio,ADA/USDT:USDT,0.8236,116.0,0.8235,1700.0,0.8237,581.0,0.8238,1840.0
1753617200735,11:53:20.735,gateio,ADA/USDT:USDT,0.8236,116.0,0.8235,1700.0,0.8237,581.0,0.8238,1840.0
1753617200838,11:53:20.838,gateio,ADA/USDT:USDT,0.8236,116.0,0.8235,1739.0,0.8237,581.0,0.8238,1840.0
1753617200917,11:53:20.917,gateio,ADA/USDT:USDT,0.8236,166.0,0.8235,1739.0,0.8237,50.0,0.8238,1801.0
1753617201042,11:53:21.042,gateio,ADA/USDT:USDT,0.8236,397.0,0.8235,1739.0,0.8237,50.0,0.8238,1046.0
1753617201142,11:53:21.142,gateio,ADA/USDT:USDT,0.8236,919.0,0.8235,1778.0,0.8238,1046.0,0.8239,1561.0
1753617201241,11:53:21.241,gateio,ADA/USDT:USDT,0.8237,581.0,0.8236,1488.0,0.8238,50.0,0.8239,1713.0
1753617201349,11:53:21.349,gateio,ADA/USDT:USDT,0.8237,581.0,0.8236,1449.0,0.8238,50.0,0.8239,663.0
1753617201430,11:53:21.430,gateio,ADA/USDT:USDT,0.8237,581.0,0.8236,2163.0,0.8238,50.0,0.8239,663.0
1753617201534,11:53:21.534,gateio,ADA/USDT:USDT,0.8237,581.0,0.8236,2202.0,0.8238,50.0,0.8239,624.0
1753617201639,11:53:21.639,gateio,ADA/USDT:USDT,0.8237,581.0,0.8236,2202.0,0.8238,50.0,0.8239,924.0
1753617201749,11:53:21.749,gateio,ADA/USDT:USDT,0.8237,300.0,0.8236,2124.0,0.8238,50.0,0.8239,1002.0
1753617201782,11:53:21.782,gateio,ADA/USDT:USDT,0.8237,300.0,0.8236,2124.0,0.8238,50.0,0.8239,1002.0
1753617201856,11:53:21.856,gateio,ADA/USDT:USDT,0.8237,300.0,0.8236,2124.0,0.8238,50.0,0.8239,1002.0
1753617202048,11:53:22.048,gateio,ADA/USDT:USDT,0.8237,300.0,0.8236,2163.0,0.8238,50.0,0.8239,1362.0
1753617202113,11:53:22.113,gateio,ADA/USDT:USDT,0.8237,300.0,0.8236,2202.0,0.8238,50.0,0.8239,924.0
1753617202200,11:53:22.200,gateio,ADA/USDT:USDT,0.8237,300.0,0.8236,2163.0,0.8238,50.0,0.8239,963.0
1753617202340,11:53:22.340,gateio,ADA/USDT:USDT,0.8236,2124.0,0.8235,1625.0,0.8238,50.0,0.8239,963.0
1753617202449,11:53:22.449,gateio,ADA/USDT:USDT,0.8236,1776.0,0.8235,1909.0,0.8238,483.0,0.8239,1515.0
1753617202545,11:53:22.545,gateio,ADA/USDT:USDT,0.8236,1776.0,0.8235,1909.0,0.8238,483.0,0.8239,1515.0
1753617202607,11:53:22.607,gateio,ADA/USDT:USDT,0.8236,1776.0,0.8235,1909.0,0.8238,822.0,0.8239,1515.0
1753617202749,11:53:22.749,gateio,ADA/USDT:USDT,0.8234,1722.0,0.8233,721.0,0.8236,50.0,0.8237,836.0
1753617202836,11:53:22.836,gateio,ADA/USDT:USDT,0.8235,59.0,0.8234,677.0,0.8236,581.0,0.8237,817.0
1753617202933,11:53:22.933,gateio,ADA/USDT:USDT,0.8235,59.0,0.8234,1976.0,0.8236,581.0,0.8237,1676.0
1753617203034,11:53:23.034,gateio,ADA/USDT:USDT,0.8234,1525.0,0.8233,1807.0,0.8236,581.0,0.8237,1676.0
1753617203105,11:53:23.105,gateio,ADA/USDT:USDT,0.8234,1525.0,0.8233,1846.0,0.8236,581.0,0.8237,1676.0
1753617203231,11:53:23.231,gateio,ADA/USDT:USDT,0.8235,454.0,0.8234,2432.0,0.8236,50.0,0.8237,1637.0
1753617203337,11:53:23.337,gateio,ADA/USDT:USDT,0.8236,116.0,0.8235,1249.0,0.8237,640.0,0.8238,2302.0
1753617203446,11:53:23.446,gateio,ADA/USDT:USDT,0.8236,166.0,0.8235,1895.0,0.8237,109.0,0.8238,2088.0
1753617203535,11:53:23.535,gateio,ADA/USDT:USDT,0.8236,166.0,0.8235,1701.0,0.8237,109.0,0.8238,2088.0
1753617203633,11:53:23.633,gateio,ADA/USDT:USDT,0.8235,990.0,0.8234,1675.0,0.8237,409.0,0.8238,2166.0
1753617203690,11:53:23.690,gateio,ADA/USDT:USDT,0.8235,951.0,0.8234,1925.0,0.8237,640.0,0.8238,2166.0
1753617203838,11:53:23.838,gateio,ADA/USDT:USDT,0.8235,720.0,0.8234,2228.0,0.8237,581.0,0.8238,2166.0
1753617203948,11:53:23.948,gateio,ADA/USDT:USDT,0.8235,50.0,0.8234,2228.0,0.8236,350.0,0.8237,963.0
1753617204028,11:53:24.028,gateio,ADA/USDT:USDT,0.8234,1580.0,0.8233,2289.0,0.8236,620.0,0.8237,1002.0
1753617204149,11:53:24.149,gateio,ADA/USDT:USDT,0.8234,1580.0,0.8233,1647.0,0.8236,389.0,0.8237,1156.0
1753617204213,11:53:24.213,gateio,ADA/USDT:USDT,0.8234,1580.0,0.8233,1647.0,0.8236,389.0,0.8237,1156.0
1753617204322,11:53:24.322,gateio,ADA/USDT:USDT,0.8234,1580.0,0.8233,1647.0,0.8236,350.0,0.8237,1156.0
1753617204448,11:53:24.448,gateio,ADA/USDT:USDT,0.8234,1580.0,0.8233,1647.0,0.8236,350.0,0.8237,1156.0
1753617204496,11:53:24.496,gateio,ADA/USDT:USDT,0.8234,1580.0,0.8233,1647.0,0.8236,350.0,0.8237,1156.0
1753617204635,11:53:24.635,gateio,ADA/USDT:USDT,0.8235,350.0,0.8234,1976.0,0.8236,350.0,0.8237,1156.0
1753617204673,11:53:24.673,gateio,ADA/USDT:USDT,0.8235,350.0,0.8234,1976.0,0.8236,350.0,0.8237,1156.0
1753617204824,11:53:24.824,gateio,ADA/USDT:USDT,0.8235,350.0,0.8234,1976.0,0.8236,50.0,0.8237,1156.0
1753617204888,11:53:24.888,gateio,ADA/USDT:USDT,0.8235,581.0,0.8234,1976.0,0.8236,50.0,0.8237,1083.0
1753617205012,11:53:25.012,gateio,ADA/USDT:USDT,0.8235,620.0,0.8234,2015.0,0.8236,50.0,0.8237,350.0
1753617205149,11:53:25.149,gateio,ADA/USDT:USDT,0.8236,416.0,0.8235,1806.0,0.8237,350.0,0.8238,1534.0
1753617205215,11:53:25.215,gateio,ADA/USDT:USDT,0.8236,416.0,0.8235,1612.0,0.8237,50.0,0.8238,1461.0
1753617205342,11:53:25.342,gateio,ADA/USDT:USDT,0.8236,416.0,0.8235,1573.0,0.8237,50.0,0.8238,1500.0
1753617205435,11:53:25.435,gateio,ADA/USDT:USDT,0.8236,416.0,0.8235,1573.0,0.8237,50.0,0.8238,1500.0
1753617205517,11:53:25.517,gateio,ADA/USDT:USDT,0.8236,647.0,0.8235,1573.0,0.8237,50.0,0.8238,765.0
1753617205633,11:53:25.633,gateio,ADA/USDT:USDT,0.8236,647.0,0.8235,1573.0,0.8237,50.0,0.8238,765.0
1753617205699,11:53:25.699,gateio,ADA/USDT:USDT,0.8236,647.0,0.8235,1573.0,0.8237,50.0,0.8238,765.0
1753617206033,11:53:26.033,gateio,ADA/USDT:USDT,0.8236,647.0,0.8235,1573.0,0.8237,50.0,0.8238,765.0
1753617206179,11:53:26.179,gateio,ADA/USDT:USDT,0.8236,647.0,0.8235,1573.0,0.8237,50.0,0.8238,765.0
1753617206302,11:53:26.302,gateio,ADA/USDT:USDT,0.8236,647.0,0.8235,1573.0,0.8237,50.0,0.8238,765.0
1753617206373,11:53:26.373,gateio,ADA/USDT:USDT,0.8236,647.0,0.8235,1573.0,0.8237,50.0,0.8238,765.0
1753617206533,11:53:26.533,gateio,ADA/USDT:USDT,0.8236,647.0,0.8235,1811.0,0.8237,50.0,0.8238,765.0
1753617206642,11:53:26.642,gateio,ADA/USDT:USDT,0.8237,59.0,0.8236,1627.0,0.8238,661.0,0.8239,1223.0
1753617206724,11:53:26.724,gateio,ADA/USDT:USDT,0.8237,59.0,0.8236,1627.0,0.8238,661.0,0.8239,1198.0
1753617206849,11:53:26.849,gateio,ADA/USDT:USDT,0.8237,397.0,0.8236,2540.0,0.8238,293.0,0.8239,1125.0
1753617206928,11:53:26.928,gateio,ADA/USDT:USDT,0.8237,397.0,0.8236,2540.0,0.8238,293.0,0.8239,686.0
1753617207031,11:53:27.031,gateio,ADA/USDT:USDT,0.8237,397.0,0.8236,2540.0,0.8238,293.0,0.8239,686.0
1753617207139,11:53:27.139,gateio,ADA/USDT:USDT,0.8237,397.0,0.8236,2540.0,0.8238,293.0,0.8239,385.0
1753617207236,11:53:27.236,gateio,ADA/USDT:USDT,0.8237,397.0,0.8236,2540.0,0.8238,293.0,0.8239,385.0
1753617207286,11:53:27.286,gateio,ADA/USDT:USDT,0.8237,397.0,0.8236,2579.0,0.8238,293.0,0.8239,385.0
1753617207356,11:53:27.356,gateio,ADA/USDT:USDT,0.8237,397.0,0.8236,2579.0,0.8238,293.0,0.8239,385.0
1753617207543,11:53:27.543,gateio,ADA/USDT:USDT,0.8237,697.0,0.8236,2540.0,0.8238,293.0,0.8239,685.0
1753617207648,11:53:27.648,gateio,ADA/USDT:USDT,0.8237,109.0,0.8236,2501.0,0.8238,293.0,0.8239,836.0
1753617207743,11:53:27.743,gateio,ADA/USDT:USDT,0.8237,50.0,0.8236,2233.0,0.8238,293.0,0.8239,836.0
1753617207849,11:53:27.849,gateio,ADA/USDT:USDT,0.8237,50.0,0.8236,2272.0,0.8238,243.0,0.8239,497.0
1753617207941,11:53:27.941,gateio,ADA/USDT:USDT,0.8237,602.0,0.8236,2307.0,0.8239,385.0,0.824,1152.0
1753617208034,11:53:28.034,gateio,ADA/USDT:USDT,0.8237,50.0,0.8236,2504.0,0.8238,50.0,0.8239,797.0
1753617208145,11:53:28.145,gateio,ADA/USDT:USDT,0.8237,50.0,0.8236,2582.0,0.8238,50.0,0.8239,797.0
1753617208176,11:53:28.176,gateio,ADA/USDT:USDT,0.8237,50.0,0.8236,2582.0,0.8238,50.0,0.8239,797.0
1753617208313,11:53:28.313,gateio,ADA/USDT:USDT,0.8237,281.0,0.8236,2582.0,0.8238,50.0,0.8239,724.0
1753617208507,11:53:28.507,gateio,ADA/USDT:USDT,0.8237,581.0,0.8236,2582.0,0.8238,50.0,0.8239,724.0
1753617208570,11:53:28.570,gateio,ADA/USDT:USDT,0.8237,581.0,0.8236,2582.0,0.8238,50.0,0.8239,724.0
1753617208747,11:53:28.747,gateio,ADA/USDT:USDT,0.8237,581.0,0.8236,2582.0,0.8238,50.0,0.8239,724.0
1753617208845,11:53:28.845,gateio,ADA/USDT:USDT,0.8236,2053.0,0.8235,1725.0,0.8238,281.0,0.8239,836.0
1753617208898,11:53:28.898,gateio,ADA/USDT:USDT,0.8236,2053.0,0.8235,2067.0,0.8238,281.0,0.8239,1149.0
1753617209048,11:53:29.048,gateio,ADA/USDT:USDT,0.8236,2053.0,0.8235,1464.0,0.8238,50.0,0.8239,1110.0
1753617209118,11:53:29.118,gateio,ADA/USDT:USDT,0.8236,2053.0,0.8235,1386.0,0.8238,50.0,0.8239,1110.0
1753617209233,11:53:29.233,gateio,ADA/USDT:USDT,0.8236,2053.0,0.8235,1386.0,0.8238,50.0,0.8239,1110.0
1753617209327,11:53:29.327,gateio,ADA/USDT:USDT,0.8236,2053.0,0.8235,1386.0,0.8238,50.0,0.8239,1110.0
1753617209408,11:53:29.408,gateio,ADA/USDT:USDT,0.8236,2053.0,0.8235,1386.0,0.8238,50.0,0.8239,1110.0
1753617209503,11:53:29.503,gateio,ADA/USDT:USDT,0.8236,2053.0,0.8235,1386.0,0.8238,350.0,0.8239,1110.0
1753617209616,11:53:29.616,gateio,ADA/USDT:USDT,0.8236,2053.0,0.8235,1386.0,0.8238,589.0,0.8239,1110.0
1753617209746,11:53:29.746,gateio,ADA/USDT:USDT,0.8237,466.0,0.8236,2544.0,0.8238,289.0,0.8239,896.0
1753617209849,11:53:29.849,gateio,ADA/USDT:USDT,0.8237,737.0,0.8236,2583.0,0.8239,51.0,0.824,1795.0
1753617209933,11:53:29.933,gateio,ADA/USDT:USDT,0.8238,359.0,0.8237,1054.0,0.8239,51.0,0.824,1152.0
1753617210022,11:53:30.022,gateio,ADA/USDT:USDT,0.8238,359.0,0.8237,1054.0,0.8239,51.0,0.824,1152.0
1753617210144,11:53:30.144,gateio,ADA/USDT:USDT,0.8238,59.0,0.8237,1054.0,0.8239,51.0,0.824,1152.0
1753617210213,11:53:30.213,gateio,ADA/USDT:USDT,0.8237,1054.0,0.8236,2009.0,0.8239,51.0,0.824,1152.0
1753617210314,11:53:30.314,gateio,ADA/USDT:USDT,0.8237,1216.0,0.8236,2524.0,0.8239,51.0,0.824,1152.0
1753617210408,11:53:30.408,gateio,ADA/USDT:USDT,0.8237,1216.0,0.8236,2524.0,0.8239,51.0,0.824,1191.0
1753617210533,11:53:30.533,gateio,ADA/USDT:USDT,0.8237,1216.0,0.8236,2485.0,0.8239,582.0,0.824,1687.0
1753617210613,11:53:30.613,gateio,ADA/USDT:USDT,0.8237,1216.0,0.8236,2485.0,0.8239,582.0,0.824,1687.0
1753617210831,11:53:30.831,gateio,ADA/USDT:USDT,0.8237,1216.0,0.8236,2524.0,0.8239,582.0,0.824,1687.0
1753617210938,11:53:30.938,gateio,ADA/USDT:USDT,0.8237,1216.0,0.8236,2524.0,0.8239,582.0,0.824,1687.0
1753617211038,11:53:31.038,gateio,ADA/USDT:USDT,0.8237,1216.0,0.8236,2524.0,0.8239,582.0,0.824,1387.0
1753617211243,11:53:31.243,gateio,ADA/USDT:USDT,0.8237,1216.0,0.8236,2524.0,0.8239,582.0,0.824,1387.0
1753617211315,11:53:31.315,gateio,ADA/USDT:USDT,0.8237,1216.0,0.8236,2312.0,0.8239,582.0,0.824,1191.0
1753617211473,11:53:31.473,gateio,ADA/USDT:USDT,0.8237,1216.0,0.8236,2312.0,0.8239,582.0,0.824,1491.0
1753617211749,11:53:31.749,gateio,ADA/USDT:USDT,0.8238,697.0,0.8237,1216.0,0.8239,1.0,0.824,713.0
1753617211844,11:53:31.844,gateio,ADA/USDT:USDT,0.8238,736.0,0.8237,1255.0,0.8239,1.0,0.824,330.0
1753617211940,11:53:31.940,gateio,ADA/USDT:USDT,0.8238,736.0,0.8237,1255.0,0.8239,1.0,0.824,330.0
1753617212048,11:53:32.048,gateio,ADA/USDT:USDT,0.8238,1648.0,0.8237,1738.0,0.8239,1.0,0.824,60.0
1753617212145,11:53:32.145,gateio,ADA/USDT:USDT,0.8239,697.0,0.8238,2259.0,0.824,10.0,0.8241,924.0
1753617212249,11:53:32.249,gateio,ADA/USDT:USDT,0.8239,697.0,0.8238,2507.0,0.824,10.0,0.8241,963.0
1753617212332,11:53:32.332,gateio,ADA/USDT:USDT,0.8239,697.0,0.8238,2507.0,0.824,10.0,0.8241,963.0
1753617212440,11:53:32.440,gateio,ADA/USDT:USDT,0.8239,697.0,0.8238,2391.0,0.824,10.0,0.8241,963.0
1753617212531,11:53:32.531,gateio,ADA/USDT:USDT,0.8239,697.0,0.8238,2391.0,0.824,10.0,0.8241,320.0
1753617212619,11:53:32.619,gateio,ADA/USDT:USDT,0.8239,697.0,0.8238,2391.0,0.824,10.0,0.8241,320.0
1753617212665,11:53:32.665,gateio,ADA/USDT:USDT,0.8239,697.0,0.8238,2391.0,0.824,10.0,0.8241,320.0
1753617212809,11:53:32.809,gateio,ADA/USDT:USDT,0.8239,697.0,0.8238,2391.0,0.824,10.0,0.8241,320.0
1753617212898,11:53:32.898,gateio,ADA/USDT:USDT,0.8239,697.0,0.8238,2391.0,0.824,10.0,0.8241,320.0
1753617213049,11:53:33.049,gateio,ADA/USDT:USDT,0.8239,697.0,0.8238,2391.0,0.824,10.0,0.8241,89.0
1753617213133,11:53:33.133,gateio,ADA/USDT:USDT,0.8239,697.0,0.8238,2391.0,0.824,10.0,0.8241,89.0
1753617213153,11:53:33.153,gateio,ADA/USDT:USDT,0.8239,697.0,0.8238,2577.0,0.824,10.0,0.8241,89.0
1753617213342,11:53:33.342,gateio,ADA/USDT:USDT,0.8239,697.0,0.8238,2577.0,0.824,10.0,0.8241,320.0
1753617213438,11:53:33.438,gateio,ADA/USDT:USDT,0.8239,697.0,0.8238,2577.0,0.824,10.0,0.8241,320.0
1753617213518,11:53:33.518,gateio,ADA/USDT:USDT,0.8239,697.0,0.8238,2577.0,0.824,60.0,0.8241,620.0
1753617213633,11:53:33.633,gateio,ADA/USDT:USDT,0.8239,338.0,0.8238,2577.0,0.824,60.0,0.8241,897.0
1753617213737,11:53:33.737,gateio,ADA/USDT:USDT,0.8239,107.0,0.8238,2577.0,0.824,60.0,0.8241,897.0
1753617213841,11:53:33.841,gateio,ADA/USDT:USDT,0.8239,338.0,0.8238,2577.0,0.824,60.0,0.8241,897.0
1753617213945,11:53:33.945,gateio,ADA/USDT:USDT,0.8239,107.0,0.8238,2577.0,0.824,60.0,0.8241,897.0
1753617214044,11:53:34.044,gateio,ADA/USDT:USDT,0.8238,2086.0,0.8237,1818.0,0.824,60.0,0.8241,858.0
1753617214128,11:53:34.128,gateio,ADA/USDT:USDT,0.8238,2325.0,0.8237,1818.0,0.824,60.0,0.8241,858.0
1753617214247,11:53:34.247,gateio,ADA/USDT:USDT,0.8238,2139.0,0.8237,1137.0,0.824,60.0,0.8241,858.0
1753617214340,11:53:34.340,gateio,ADA/USDT:USDT,0.8238,2139.0,0.8237,1137.0,0.824,60.0,0.8241,858.0
1753617214442,11:53:34.442,gateio,ADA/USDT:USDT,0.8238,2139.0,0.8237,1064.0,0.824,360.0,0.8241,931.0
1753617214529,11:53:34.529,gateio,ADA/USDT:USDT,0.8238,2139.0,0.8237,1064.0,0.824,360.0,0.8241,931.0
1753617214577,11:53:34.577,gateio,ADA/USDT:USDT,0.8238,2139.0,0.8237,1064.0,0.824,360.0,0.8241,931.0
1753617214747,11:53:34.747,gateio,ADA/USDT:USDT,0.8238,1509.0,0.8237,1066.0,0.8239,50.0,0.824,360.0
1753617214819,11:53:34.819,gateio,ADA/USDT:USDT,0.8239,116.0,0.8238,2244.0,0.824,360.0,0.8241,1924.0
1753617214873,11:53:34.873,gateio,ADA/USDT:USDT,0.8239,116.0,0.8238,2244.0,0.824,360.0,0.8241,1924.0
1753617215039,11:53:35.039,gateio,ADA/USDT:USDT,0.8239,116.0,0.8238,2244.0,0.824,360.0,0.8241,1924.0
1753617215148,11:53:35.148,gateio,ADA/USDT:USDT,0.8239,397.0,0.8238,2244.0,0.824,60.0,0.8241,1639.0
1753617215239,11:53:35.239,gateio,ADA/USDT:USDT,0.8239,397.0,0.8238,2244.0,0.824,60.0,0.8241,1540.0
1753617215339,11:53:35.339,gateio,ADA/USDT:USDT,0.8239,397.0,0.8238,2283.0,0.824,60.0,0.8241,1540.0
1753617215432,11:53:35.432,gateio,ADA/USDT:USDT,0.8239,397.0,0.8238,2244.0,0.824,60.0,0.8241,1540.0
1753617215531,11:53:35.531,gateio,ADA/USDT:USDT,0.8239,397.0,0.8238,2322.0,0.824,60.0,0.8241,1201.0
1753617215811,11:53:35.811,gateio,ADA/USDT:USDT,0.8239,397.0,0.8238,2244.0,0.824,60.0,0.8241,558.0
1753617216222,11:53:36.222,gateio,ADA/USDT:USDT,0.8239,397.0,0.8238,2322.0,0.824,60.0,0.8241,519.0
1753617216326,11:53:36.326,gateio,ADA/USDT:USDT,0.8239,397.0,0.8238,2322.0,0.824,60.0,0.8241,519.0
1753617216442,11:53:36.442,gateio,ADA/USDT:USDT,0.8239,697.0,0.8238,2322.0,0.824,10.0,0.8241,819.0
1753617216518,11:53:36.518,gateio,ADA/USDT:USDT,0.8239,697.0,0.8238,2244.0,0.824,10.0,0.8241,858.0
1753617216613,11:53:36.613,gateio,ADA/USDT:USDT,0.8239,697.0,0.8238,2283.0,0.824,10.0,0.8241,858.0
1753617216750,11:53:36.750,gateio,ADA/USDT:USDT,0.8239,697.0,0.8238,2244.0,0.824,60.0,0.8241,858.0
1753617216833,11:53:36.833,gateio,ADA/USDT:USDT,0.8239,697.0,0.8238,2244.0,0.824,60.0,0.8241,858.0
1753617216855,11:53:36.855,gateio,ADA/USDT:USDT,0.8239,697.0,0.8238,2322.0,0.824,60.0,0.8241,858.0
1753617217028,11:53:37.028,gateio,ADA/USDT:USDT,0.8239,397.0,0.8238,2283.0,0.824,60.0,0.8241,858.0
1753617217080,11:53:37.080,gateio,ADA/USDT:USDT,0.8239,397.0,0.8238,2322.0,0.824,60.0,0.8241,819.0
1753617217175,11:53:37.175,gateio,ADA/USDT:USDT,0.8239,397.0,0.8238,2322.0,0.824,60.0,0.8241,819.0
1753617217433,11:53:37.433,gateio,ADA/USDT:USDT,0.8239,697.0,0.8238,2322.0,0.824,10.0,0.8241,819.0
1753617217512,11:53:37.512,gateio,ADA/USDT:USDT,0.8239,697.0,0.8238,2322.0,0.824,10.0,0.8241,819.0
1753617217605,11:53:37.605,gateio,ADA/USDT:USDT,0.8239,697.0,0.8238,2322.0,0.824,10.0,0.8241,819.0
1753617217696,11:53:37.696,gateio,ADA/USDT:USDT,0.8239,697.0,0.8238,2322.0,0.824,10.0,0.8241,819.0
1753617217822,11:53:37.822,gateio,ADA/USDT:USDT,0.8239,697.0,0.8238,2244.0,0.824,10.0,0.8241,858.0
1753617217855,11:53:37.855,gateio,ADA/USDT:USDT,0.8239,697.0,0.8238,2322.0,0.824,10.0,0.8241,858.0
1753617218042,11:53:38.042,gateio,ADA/USDT:USDT,0.8239,697.0,0.8238,2322.0,0.824,10.0,0.8241,819.0
1753617218135,11:53:38.135,gateio,ADA/USDT:USDT,0.8239,697.0,0.8238,2322.0,0.824,10.0,0.8241,819.0
1753617218236,11:53:38.236,gateio,ADA/USDT:USDT,0.8239,697.0,0.8238,2322.0,0.824,10.0,0.8241,858.0
1753617218337,11:53:38.337,gateio,ADA/USDT:USDT,0.8239,697.0,0.8238,2322.0,0.824,10.0,0.8241,819.0
1753617218402,11:53:38.402,gateio,ADA/USDT:USDT,0.8239,697.0,0.8238,2322.0,0.824,10.0,0.8241,819.0
1753617218518,11:53:38.518,gateio,ADA/USDT:USDT,0.8239,736.0,0.8238,2322.0,0.824,10.0,0.8241,288.0
1753617218633,11:53:38.633,gateio,ADA/USDT:USDT,0.8239,697.0,0.8238,2322.0,0.824,10.0,0.8241,288.0
1753617218721,11:53:38.721,gateio,ADA/USDT:USDT,0.8239,736.0,0.8238,2322.0,0.824,10.0,0.8241,288.0
1753617218832,11:53:38.832,gateio,ADA/USDT:USDT,0.8239,736.0,0.8238,2322.0,0.824,10.0,0.8241,288.0
1753617218939,11:53:38.939,gateio,ADA/USDT:USDT,0.8239,736.0,0.8238,2322.0,0.824,10.0,0.8241,288.0
1753617219212,11:53:39.212,gateio,ADA/USDT:USDT,0.8239,697.0,0.8238,2322.0,0.824,10.0,0.8241,288.0
1753617219390,11:53:39.390,gateio,ADA/USDT:USDT,0.8239,697.0,0.8238,2322.0,0.824,10.0,0.8241,588.0
1753617219812,11:53:39.812,gateio,ADA/USDT:USDT,0.8239,697.0,0.8238,2322.0,0.824,10.0,0.8241,588.0
1753617219913,11:53:39.913,gateio,ADA/USDT:USDT,0.8239,736.0,0.8238,2322.0,0.824,10.0,0.8241,588.0
1753617220032,11:53:40.032,gateio,ADA/USDT:USDT,0.8239,736.0,0.8238,2322.0,0.824,10.0,0.8241,588.0
1753617220135,11:53:40.135,gateio,ADA/USDT:USDT,0.8239,736.0,0.8238,2322.0,0.824,10.0,0.8241,288.0
1753617220248,11:53:40.248,gateio,ADA/USDT:USDT,0.8241,116.0,0.824,1185.0,0.8242,282.0,0.8243,1291.0
1753617220334,11:53:40.334,gateio,ADA/USDT:USDT,0.8241,116.0,0.824,1276.0,0.8242,522.0,0.8243,1342.0
1753617220450,11:53:40.450,gateio,ADA/USDT:USDT,0.8241,116.0,0.824,1276.0,0.8242,822.0,0.8243,1426.0
1753617220536,11:53:40.536,gateio,ADA/USDT:USDT,0.8241,116.0,0.824,1276.0,0.8242,861.0,0.8243,1426.0
1753617220648,11:53:40.648,gateio,ADA/USDT:USDT,0.8241,107.0,0.824,1276.0,0.8242,522.0,0.8243,1465.0
1753617220742,11:53:40.742,gateio,ADA/USDT:USDT,0.8241,219.0,0.824,2227.0,0.8242,291.0,0.8243,1100.0
1753617220849,11:53:40.849,gateio,ADA/USDT:USDT,0.8241,107.0,0.824,2465.0,0.8242,291.0,0.8243,497.0
1753617220928,11:53:40.928,gateio,ADA/USDT:USDT,0.8241,107.0,0.824,2465.0,0.8242,291.0,0.8243,497.0
1753617221034,11:53:41.034,gateio,ADA/USDT:USDT,0.8241,107.0,0.824,2465.0,0.8242,291.0,0.8243,497.0
1753617221133,11:53:41.133,gateio,ADA/USDT:USDT,0.8241,107.0,0.824,2609.0,0.8242,241.0,0.8243,497.0
1753617221246,11:53:41.246,gateio,ADA/USDT:USDT,0.8241,107.0,0.824,2465.0,0.8242,241.0,0.8243,458.0
1753617221338,11:53:41.338,gateio,ADA/USDT:USDT,0.8241,107.0,0.824,2387.0,0.8242,241.0,0.8243,497.0
1753617221429,11:53:41.429,gateio,ADA/USDT:USDT,0.8241,107.0,0.824,2465.0,0.8242,241.0,0.8243,836.0
1753617221523,11:53:41.523,gateio,ADA/USDT:USDT,0.8241,107.0,0.824,2465.0,0.8242,241.0,0.8243,758.0
1753617221589,11:53:41.589,gateio,ADA/USDT:USDT,0.8241,107.0,0.824,2465.0,0.8242,241.0,0.8243,758.0
1753617221733,11:53:41.733,gateio,ADA/USDT:USDT,0.8241,107.0,0.824,2465.0,0.8242,241.0,0.8243,758.0
1753617221830,11:53:41.830,gateio,ADA/USDT:USDT,0.8241,107.0,0.824,2465.0,0.8242,241.0,0.8243,758.0
1753617221853,11:53:41.853,gateio,ADA/USDT:USDT,0.8241,107.0,0.824,2619.0,0.8242,241.0,0.8243,758.0
1753617222036,11:53:42.036,gateio,ADA/USDT:USDT,0.8241,107.0,0.824,2619.0,0.8242,241.0,0.8243,797.0
1753617222112,11:53:42.112,gateio,ADA/USDT:USDT,0.8241,107.0,0.824,2619.0,0.8242,241.0,0.8243,758.0
1753617222189,11:53:42.189,gateio,ADA/USDT:USDT,0.8241,107.0,0.824,2465.0,0.8242,241.0,0.8243,797.0
1753617222341,11:53:42.341,gateio,ADA/USDT:USDT,0.8242,116.0,0.8241,1303.0,0.8243,685.0,0.8244,1495.0
1753617222373,11:53:42.373,gateio,ADA/USDT:USDT,0.8242,116.0,0.8241,1108.0,0.8243,685.0,0.8244,1746.0
1753617222539,11:53:42.539,gateio,ADA/USDT:USDT,0.8241,1108.0,0.824,2539.0,0.8243,685.0,0.8244,1746.0
1753617222641,11:53:42.641,gateio,ADA/USDT:USDT,0.8241,810.0,0.824,3031.0,0.8243,685.0,0.8244,1746.0
1753617222715,11:53:42.715,gateio,ADA/USDT:USDT,0.8241,810.0,0.824,3031.0,0.8243,724.0,0.8244,1707.0
1753617222848,11:53:42.848,gateio,ADA/USDT:USDT,0.8241,810.0,0.824,3031.0,0.8243,50.0,0.8244,1707.0
1753617222932,11:53:42.932,gateio,ADA/USDT:USDT,0.8241,810.0,0.824,3031.0,0.8243,50.0,0.8244,1707.0
1753617223044,11:53:43.044,gateio,ADA/USDT:USDT,0.8241,888.0,0.824,2350.0,0.8243,50.0,0.8244,1076.0
1753617223084,11:53:43.084,gateio,ADA/USDT:USDT,0.8241,888.0,0.824,2350.0,0.8243,50.0,0.8244,1076.0
1753617223241,11:53:43.241,gateio,ADA/USDT:USDT,0.8241,849.0,0.824,2350.0,0.8243,50.0,0.8244,1076.0
1753617223339,11:53:43.339,gateio,ADA/USDT:USDT,0.8241,1188.0,0.824,2541.0,0.8243,350.0,0.8244,1076.0
1753617223440,11:53:43.440,gateio,ADA/USDT:USDT,0.8241,1188.0,0.824,2541.0,0.8243,350.0,0.8244,1076.0
1753617223510,11:53:43.510,gateio,ADA/USDT:USDT,0.8241,1149.0,0.824,2541.0,0.8243,350.0,0.8244,1076.0
1753617223643,11:53:43.643,gateio,ADA/USDT:USDT,0.8241,1188.0,0.824,2541.0,0.8243,350.0,0.8244,1076.0
1753617223721,11:53:43.721,gateio,ADA/USDT:USDT,0.8241,1188.0,0.824,2541.0,0.8243,350.0,0.8244,1076.0
1753617223933,11:53:43.933,gateio,ADA/USDT:USDT,0.8241,109.0,0.824,1693.0,0.8243,350.0,0.8244,1076.0
1753617224026,11:53:44.026,gateio,ADA/USDT:USDT,0.8241,1233.0,0.824,1273.0,0.8243,350.0,0.8244,655.0
1753617224146,11:53:44.146,gateio,ADA/USDT:USDT,0.8241,1379.0,0.824,1693.0,0.8243,585.0,0.8244,655.0
1753617224248,11:53:44.248,gateio,ADA/USDT:USDT,0.8242,267.0,0.8241,1969.0,0.8244,582.0,0.8245,2089.0
1753617224345,11:53:44.345,gateio,ADA/USDT:USDT,0.8243,116.0,0.8242,1160.0,0.8244,582.0,0.8245,1523.0
1753617224400,11:53:44.400,gateio,ADA/USDT:USDT,0.8243,116.0,0.8242,1221.0,0.8244,582.0,0.8245,1749.0
1753617224484,11:53:44.484,gateio,ADA/USDT:USDT,0.8243,116.0,0.8242,1221.0,0.8244,582.0,0.8245,1749.0
1753617224572,11:53:44.572,gateio,ADA/USDT:USDT,0.8243,116.0,0.8242,1221.0,0.8244,582.0,0.8245,1749.0
1753617224746,11:53:44.746,gateio,ADA/USDT:USDT,0.8243,116.0,0.8242,1221.0,0.8244,582.0,0.8245,1749.0
1753617224844,11:53:44.844,gateio,ADA/USDT:USDT,0.8243,116.0,0.8242,1221.0,0.8244,582.0,0.8245,1690.0
1753617224929,11:53:44.929,gateio,ADA/USDT:USDT,0.8243,116.0,0.8242,1221.0,0.8244,582.0,0.8245,1690.0
1753617225024,11:53:45.024,gateio,ADA/USDT:USDT,0.8243,116.0,0.8242,1377.0,0.8244,582.0,0.8245,1690.0
1753617225138,11:53:45.138,gateio,ADA/USDT:USDT,0.8243,116.0,0.8242,1416.0,0.8244,351.0,0.8245,1560.0
1753617225245,11:53:45.245,gateio,ADA/USDT:USDT,0.8243,116.0,0.8242,1377.0,0.8244,351.0,0.8245,1599.0
1753617225336,11:53:45.336,gateio,ADA/USDT:USDT,0.8243,116.0,0.8242,1377.0,0.8244,351.0,0.8245,1599.0
1753617225439,11:53:45.439,gateio,ADA/USDT:USDT,0.8243,57.0,0.8242,1221.0,0.8244,351.0,0.8245,1373.0
1753617225549,11:53:45.549,gateio,ADA/USDT:USDT,0.8243,57.0,0.8242,1109.0,0.8244,351.0,0.8245,1373.0
1753617225613,11:53:45.613,gateio,ADA/USDT:USDT,0.8242,627.0,0.8241,1737.0,0.8244,351.0,0.8245,1334.0
1753617225747,11:53:45.747,gateio,ADA/USDT:USDT,0.8242,396.0,0.8241,1931.0,0.8243,50.0,0.8244,660.0
1753617225810,11:53:45.810,gateio,ADA/USDT:USDT,0.8242,50.0,0.8241,1972.0,0.8243,350.0,0.8244,733.0
1753617225950,11:53:45.950,gateio,ADA/USDT:USDT,0.8242,281.0,0.8241,2011.0,0.8243,350.0,0.8244,694.0
1753617226047,11:53:46.047,gateio,ADA/USDT:USDT,0.8242,281.0,0.8241,2011.0,0.8243,350.0,0.8244,694.0
1753617226243,11:53:46.243,gateio,ADA/USDT:USDT,0.8243,473.0,0.8242,1713.0,0.8244,213.0,0.8245,522.0
1753617226335,11:53:46.335,gateio,ADA/USDT:USDT,0.8243,473.0,0.8242,1713.0,0.8244,213.0,0.8245,861.0
1753617226394,11:53:46.394,gateio,ADA/USDT:USDT,0.8243,473.0,0.8242,1713.0,0.8244,213.0,0.8245,861.0
1753617226545,11:53:46.545,gateio,ADA/USDT:USDT,0.8243,385.0,0.8242,1674.0,0.8244,213.0,0.8245,1223.0
1753617226587,11:53:46.587,gateio,ADA/USDT:USDT,0.8243,385.0,0.8242,1713.0,0.8244,213.0,0.8245,1296.0
1753617226733,11:53:46.733,gateio,ADA/USDT:USDT,0.8243,385.0,0.8242,1713.0,0.8244,213.0,0.8245,1296.0
1753617226849,11:53:46.849,gateio,ADA/USDT:USDT,0.8243,385.0,0.8242,1752.0,0.8244,155.0,0.8245,1257.0
1753617226949,11:53:46.949,gateio,ADA/USDT:USDT,0.8244,173.0,0.8243,435.0,0.8245,1184.0,0.8246,1656.0
1753617227048,11:53:47.048,gateio,ADA/USDT:USDT,0.8244,223.0,0.8243,1819.0,0.8245,50.0,0.8246,1164.0
1753617227134,11:53:47.134,gateio,ADA/USDT:USDT,0.8245,166.0,0.8244,1476.0,0.8246,50.0,0.8247,1959.0
1753617227248,11:53:47.248,gateio,ADA/USDT:USDT,0.8245,278.0,0.8244,1460.0,0.8246,62.0,0.8247,2119.0
1753617227346,11:53:47.346,gateio,ADA/USDT:USDT,0.8245,107.0,0.8244,1421.0,0.8246,488.0,0.8247,2046.0
1753617227449,11:53:47.449,gateio,ADA/USDT:USDT,0.8244,1168.0,0.8243,3193.0,0.8246,758.0,0.8247,2085.0
1753617227544,11:53:47.544,gateio,ADA/USDT:USDT,0.8244,1168.0,0.8243,3193.0,0.8246,719.0,0.8247,2007.0
1753617227583,11:53:47.583,gateio,ADA/USDT:USDT,0.8244,1168.0,0.8243,3193.0,0.8246,719.0,0.8247,2007.0
1753617227693,11:53:47.693,gateio,ADA/USDT:USDT,0.8244,1168.0,0.8243,3193.0,0.8246,758.0,0.8247,2007.0
1753617227828,11:53:47.828,gateio,ADA/USDT:USDT,0.8244,1168.0,0.8243,3193.0,0.8246,719.0,0.8247,2007.0
1753617227947,11:53:47.947,gateio,ADA/USDT:USDT,0.8243,1948.0,0.8242,380.0,0.8245,686.0,0.8246,1385.0
1753617228048,11:53:48.048,gateio,ADA/USDT:USDT,0.8243,1179.0,0.8242,1093.0,0.8245,686.0,0.8246,1790.0
1753617228149,11:53:48.149,gateio,ADA/USDT:USDT,0.8243,923.0,0.8242,1173.0,0.8244,686.0,0.8245,759.0
1753617228233,11:53:48.233,gateio,ADA/USDT:USDT,0.8243,923.0,0.8242,1146.0,0.8244,350.0,0.8245,1296.0
1753617228348,11:53:48.348,gateio,ADA/USDT:USDT,0.8243,393.0,0.8242,1941.0,0.8244,350.0,0.8245,1296.0
1753617228428,11:53:48.428,gateio,ADA/USDT:USDT,0.8243,393.0,0.8242,1941.0,0.8244,350.0,0.8245,1296.0
1753617228532,11:53:48.532,gateio,ADA/USDT:USDT,0.8244,166.0,0.8243,1556.0,0.8245,50.0,0.8246,1171.0
1753617228649,11:53:48.649,gateio,ADA/USDT:USDT,0.8244,166.0,0.8243,1360.0,0.8245,50.0,0.8246,1171.0
1753617228733,11:53:48.733,gateio,ADA/USDT:USDT,0.8244,278.0,0.8243,1360.0,0.8245,50.0,0.8246,758.0
1753617228843,11:53:48.843,gateio,ADA/USDT:USDT,0.8245,116.0,0.8244,1126.0,0.8246,719.0,0.8247,2254.0
1753617228933,11:53:48.933,gateio,ADA/USDT:USDT,0.8245,166.0,0.8244,1271.0,0.8246,50.0,0.8247,1572.0
1753617229018,11:53:49.018,gateio,ADA/USDT:USDT,0.8245,166.0,0.8244,1271.0,0.8246,50.0,0.8247,1572.0
1753617229233,11:53:49.233,gateio,ADA/USDT:USDT,0.8245,166.0,0.8244,1679.0,0.8246,50.0,0.8247,1808.0
1753617229283,11:53:49.283,gateio,ADA/USDT:USDT,0.8245,466.0,0.8244,1679.0,0.8246,50.0,0.8247,1847.0
1753617229409,11:53:49.409,gateio,ADA/USDT:USDT,0.8245,466.0,0.8244,1567.0,0.8246,50.0,0.8247,1774.0
1753617229695,11:53:49.695,gateio,ADA/USDT:USDT,0.8245,466.0,0.8244,1567.0,0.8246,50.0,0.8247,901.0
1753617229840,11:53:49.840,gateio,ADA/USDT:USDT,0.8246,116.0,0.8245,1603.0,0.8247,51.0,0.8248,1399.0
1753617229923,11:53:49.923,gateio,ADA/USDT:USDT,0.8246,116.0,0.8245,1603.0,0.8247,51.0,0.8248,1765.0
1753617230024,11:53:50.024,gateio,ADA/USDT:USDT,0.8246,116.0,0.8245,1603.0,0.8247,51.0,0.8248,1765.0
1753617230148,11:53:50.148,gateio,ADA/USDT:USDT,0.8246,228.0,0.8245,1603.0,0.8247,51.0,0.8248,1221.0
1753617230240,11:53:50.240,gateio,ADA/USDT:USDT,0.8246,116.0,0.8245,1603.0,0.8247,51.0,0.8248,539.0
1753617230333,11:53:50.333,gateio,ADA/USDT:USDT,0.8246,416.0,0.8245,1603.0,0.8247,51.0,0.8248,620.0
1753617230447,11:53:50.447,gateio,ADA/USDT:USDT,0.8245,1053.0,0.8244,1771.0,0.8247,93.0,0.8248,1295.0
1753617230537,11:53:50.537,gateio,ADA/USDT:USDT,0.8245,1053.0,0.8244,2194.0,0.8247,324.0,0.8248,1532.0
1753617230629,11:53:50.629,gateio,ADA/USDT:USDT,0.8245,1053.0,0.8244,2194.0,0.8247,324.0,0.8248,1532.0
1753617230743,11:53:50.743,gateio,ADA/USDT:USDT,0.8245,1053.0,0.8244,2194.0,0.8247,324.0,0.8248,1493.0
1753617230847,11:53:50.847,gateio,ADA/USDT:USDT,0.8246,166.0,0.8245,1603.0,0.8247,324.0,0.8248,1493.0
1753617230861,11:53:50.861,gateio,ADA/USDT:USDT,0.8246,166.0,0.8245,1603.0,0.8247,93.0,0.8248,1493.0
1753617231133,11:53:51.133,gateio,ADA/USDT:USDT,0.8246,141.0,0.8245,1603.0,0.8247,393.0,0.8248,1493.0
1753617231241,11:53:51.241,gateio,ADA/USDT:USDT,0.8244,1511.0,0.8243,1823.0,0.8246,650.0,0.8247,795.0
1753617231343,11:53:51.343,gateio,ADA/USDT:USDT,0.8244,1511.0,0.8243,1142.0,0.8246,650.0,0.8247,1094.0
1753617231433,11:53:51.433,gateio,ADA/USDT:USDT,0.8243,1558.0,0.8242,1528.0,0.8245,685.0,0.8246,1089.0
1753617231538,11:53:51.538,gateio,ADA/USDT:USDT,0.8243,1065.0,0.8242,1061.0,0.8244,350.0,0.8245,685.0
1753617231584,11:53:51.584,gateio,ADA/USDT:USDT,0.8243,1065.0,0.8242,1345.0,0.8244,350.0,0.8245,758.0
1753617231733,11:53:51.733,gateio,ADA/USDT:USDT,0.8243,50.0,0.8242,2218.0,0.8244,350.0,0.8245,758.0
1753617231841,11:53:51.841,gateio,ADA/USDT:USDT,0.8242,1781.0,0.8241,1337.0,0.8244,350.0,0.8245,758.0
1753617231933,11:53:51.933,gateio,ADA/USDT:USDT,0.8242,1687.0,0.8241,932.0,0.8244,581.0,0.8245,758.0
1753617232033,11:53:52.033,gateio,ADA/USDT:USDT,0.8242,1687.0,0.8241,932.0,0.8244,581.0,0.8245,758.0
1753617232113,11:53:52.113,gateio,ADA/USDT:USDT,0.8242,1687.0,0.8241,987.0,0.8244,581.0,0.8245,758.0
1753617232222,11:53:52.222,gateio,ADA/USDT:USDT,0.8242,1687.0,0.8241,1026.0,0.8244,581.0,0.8245,1157.0
1753617232343,11:53:52.343,gateio,ADA/USDT:USDT,0.8242,1687.0,0.8241,1026.0,0.8244,581.0,0.8245,1157.0
1753617232388,11:53:52.388,gateio,ADA/USDT:USDT,0.8242,1687.0,0.8241,1026.0,0.8244,581.0,0.8245,1157.0
1753617232549,11:53:52.549,gateio,ADA/USDT:USDT,0.8242,1570.0,0.8241,1106.0,0.8243,350.0,0.8244,581.0
1753617232648,11:53:52.648,gateio,ADA/USDT:USDT,0.8242,873.0,0.8241,686.0,0.8243,678.0,0.8244,1098.0
1753617232733,11:53:52.733,gateio,ADA/USDT:USDT,0.8241,281.0,0.824,1172.0,0.8242,338.0,0.8243,678.0
1753617232834,11:53:52.834,gateio,ADA/USDT:USDT,0.8241,1154.0,0.824,1250.0,0.8242,338.0,0.8243,678.0
1753617232932,11:53:52.932,gateio,ADA/USDT:USDT,0.8241,1154.0,0.824,1250.0,0.8242,338.0,0.8243,678.0
1753617233007,11:53:53.007,gateio,ADA/USDT:USDT,0.8241,1154.0,0.824,1250.0,0.8242,338.0,0.8243,678.0
1753617233105,11:53:53.105,gateio,ADA/USDT:USDT,0.8241,1154.0,0.824,1250.0,0.8242,338.0,0.8243,678.0
1753617233150,11:53:53.150,gateio,ADA/USDT:USDT,0.8241,1154.0,0.824,1250.0,0.8242,338.0,0.8243,678.0
1753617233300,11:53:53.300,gateio,ADA/USDT:USDT,0.8241,1154.0,0.824,1250.0,0.8242,338.0,0.8243,678.0
1753617233446,11:53:53.446,gateio,ADA/USDT:USDT,0.8242,166.0,0.8241,1997.0,0.8243,350.0,0.8244,1360.0
1753617233476,11:53:53.476,gateio,ADA/USDT:USDT,0.8242,166.0,0.8241,1860.0,0.8243,350.0,0.8244,1360.0
1753617233649,11:53:53.649,gateio,ADA/USDT:USDT,0.8242,116.0,0.8241,1860.0,0.8243,350.0,0.8244,1399.0
1753617233744,11:53:53.744,gateio,ADA/USDT:USDT,0.8241,1154.0,0.824,1504.0,0.8242,350.0,0.8243,581.0
1753617233792,11:53:53.792,gateio,ADA/USDT:USDT,0.8241,1154.0,0.824,1463.0,0.8242,350.0,0.8243,581.0
1753617233916,11:53:53.916,gateio,ADA/USDT:USDT,0.8241,281.0,0.824,2336.0,0.8242,350.0,0.8243,581.0
1753617233975,11:53:53.975,gateio,ADA/USDT:USDT,0.8241,281.0,0.824,2375.0,0.8242,350.0,0.8243,581.0
1753617234146,11:53:54.146,gateio,ADA/USDT:USDT,0.8241,281.0,0.824,2377.0,0.8243,581.0,0.8244,1399.0
1753617234235,11:53:54.235,gateio,ADA/USDT:USDT,0.8242,416.0,0.8241,1840.0,0.8243,350.0,0.8244,2081.0
1753617234293,11:53:54.293,gateio,ADA/USDT:USDT,0.8242,416.0,0.8241,1345.0,0.8243,350.0,0.8244,2081.0
1753617234446,11:53:54.446,gateio,ADA/USDT:USDT,0.8242,107.0,0.8241,1345.0,0.8243,350.0,0.8244,1447.0
1753617234492,11:53:54.492,gateio,ADA/USDT:USDT,0.8242,57.0,0.8241,1345.0,0.8243,581.0,0.8244,1447.0
1753617234641,11:53:54.641,gateio,ADA/USDT:USDT,0.8241,1042.0,0.824,2015.0,0.8243,581.0,0.8244,1447.0
1753617234714,11:53:54.714,gateio,ADA/USDT:USDT,0.8241,924.0,0.824,2537.0,0.8243,581.0,0.8244,1447.0
1753617234775,11:53:54.775,gateio,ADA/USDT:USDT,0.8241,924.0,0.824,2537.0,0.8243,581.0,0.8244,1447.0
1753617234913,11:53:54.913,gateio,ADA/USDT:USDT,0.8241,924.0,0.824,2537.0,0.8243,581.0,0.8244,1447.0
1753617235014,11:53:55.014,gateio,ADA/USDT:USDT,0.8241,924.0,0.824,2537.0,0.8243,581.0,0.8244,1447.0
1753617235143,11:53:55.143,gateio,ADA/USDT:USDT,0.8241,924.0,0.824,2576.0,0.8243,581.0,0.8244,1447.0
1753617235238,11:53:55.238,gateio,ADA/USDT:USDT,0.8241,50.0,0.824,2537.0,0.8242,350.0,0.8243,654.0
1753617235347,11:53:55.347,gateio,ADA/USDT:USDT,0.8241,50.0,0.824,2537.0,0.8242,350.0,0.8243,654.0
1753617235446,11:53:55.446,gateio,ADA/USDT:USDT,0.824,285.0,0.8239,1787.0,0.8241,350.0,0.8242,654.0
1753617235549,11:53:55.549,gateio,ADA/USDT:USDT,0.8239,497.0,0.8238,1132.0,0.8241,338.0,0.8242,693.0
1753617235633,11:53:55.633,gateio,ADA/USDT:USDT,0.824,873.0,0.8239,1104.0,0.8241,338.0,0.8242,693.0
1753617235668,11:53:55.668,gateio,ADA/USDT:USDT,0.824,873.0,0.8239,1104.0,0.8241,338.0,0.8242,693.0
1753617235848,11:53:55.848,gateio,ADA/USDT:USDT,0.8241,116.0,0.824,1082.0,0.8242,50.0,0.8243,354.0
1753617235943,11:53:55.943,gateio,ADA/USDT:USDT,0.8241,116.0,0.824,1689.0,0.8242,50.0,0.8243,393.0
1753617235973,11:53:55.973,gateio,ADA/USDT:USDT,0.8241,116.0,0.824,1448.0,0.8242,50.0,0.8243,432.0
1753617236136,11:53:56.136,gateio,ADA/USDT:USDT,0.8241,535.0,0.824,1450.0,0.8243,328.0,0.8244,1592.0
1753617236226,11:53:56.226,gateio,ADA/USDT:USDT,0.8241,535.0,0.824,1723.0,0.8243,628.0,0.8244,1592.0
1753617236314,11:53:56.314,gateio,ADA/USDT:USDT,0.8241,553.0,0.824,1423.0,0.8242,350.0,0.8243,701.0
1753617236435,11:53:56.435,gateio,ADA/USDT:USDT,0.8241,553.0,0.824,1423.0,0.8242,350.0,0.8243,701.0
1753617236649,11:53:56.649,gateio,ADA/USDT:USDT,0.8241,553.0,0.824,1423.0,0.8242,350.0,0.8243,1021.0
1753617236670,11:53:56.670,gateio,ADA/USDT:USDT,0.8241,553.0,0.824,1423.0,0.8242,350.0,0.8243,1021.0
1753617236775,11:53:56.775,gateio,ADA/USDT:USDT,0.8241,553.0,0.824,1423.0,0.8242,350.0,0.8243,1021.0
1753617236933,11:53:56.933,gateio,ADA/USDT:USDT,0.8241,553.0,0.824,1462.0,0.8242,350.0,0.8243,800.0
1753617237018,11:53:57.018,gateio,ADA/USDT:USDT,0.8241,553.0,0.824,1462.0,0.8242,350.0,0.8243,761.0
1753617237094,11:53:57.094,gateio,ADA/USDT:USDT,0.8241,553.0,0.824,1462.0,0.8242,350.0,0.8243,761.0
1753617237197,11:53:57.197,gateio,ADA/USDT:USDT,0.8241,553.0,0.824,1189.0,0.8242,350.0,0.8243,761.0
1753617237450,11:53:57.450,gateio,ADA/USDT:USDT,0.8241,553.0,0.824,1189.0,0.8242,350.0,0.8243,800.0
1753617237453,11:53:57.453,gateio,ADA/USDT:USDT,0.8241,553.0,0.824,1189.0,0.8242,350.0,0.8243,800.0
1753617237748,11:53:57.748,gateio,ADA/USDT:USDT,0.8241,387.0,0.824,2.0,0.8242,1034.0,0.8243,1223.0
1753617237813,11:53:57.813,gateio,ADA/USDT:USDT,0.8241,387.0,0.824,2.0,0.8242,1034.0,0.8243,1030.0
1753617237914,11:53:57.914,gateio,ADA/USDT:USDT,0.8241,387.0,0.824,608.0,0.8242,1034.0,0.8243,1030.0
1753617238029,11:53:58.029,gateio,ADA/USDT:USDT,0.8241,387.0,0.824,305.0,0.8242,1034.0,0.8243,991.0
1753617238141,11:53:58.141,gateio,ADA/USDT:USDT,0.8241,387.0,0.824,305.0,0.8242,1046.0,0.8243,1030.0
1753617238243,11:53:58.243,gateio,ADA/USDT:USDT,0.8241,387.0,0.824,305.0,0.8242,987.0,0.8243,1233.0
1753617238339,11:53:58.339,gateio,ADA/USDT:USDT,0.8241,387.0,0.824,305.0,0.8242,987.0,0.8243,1272.0
1753617238540,11:53:58.540,gateio,ADA/USDT:USDT,0.8241,387.0,0.824,2.0,0.8242,987.0,0.8243,2145.0
1753617238614,11:53:58.614,gateio,ADA/USDT:USDT,0.8241,387.0,0.824,2.0,0.8242,1026.0,0.8243,2145.0
1753617238699,11:53:58.699,gateio,ADA/USDT:USDT,0.8241,387.0,0.824,2.0,0.8242,987.0,0.8243,2145.0
1753617238758,11:53:58.758,gateio,ADA/USDT:USDT,0.8241,387.0,0.824,2.0,0.8242,1065.0,0.8243,2145.0
1753617238947,11:53:58.947,gateio,ADA/USDT:USDT,0.8241,387.0,0.824,305.0,0.8242,1026.0,0.8243,2145.0
1753617239010,11:53:59.010,gateio,ADA/USDT:USDT,0.8241,387.0,0.824,305.0,0.8242,1026.0,0.8243,2145.0
1753617239138,11:53:59.138,gateio,ADA/USDT:USDT,0.8241,387.0,0.824,305.0,0.8242,1062.0,0.8243,2145.0
1753617239204,11:53:59.204,gateio,ADA/USDT:USDT,0.8241,387.0,0.824,608.0,0.8242,984.0,0.8243,2145.0
1753617239257,11:53:59.257,gateio,ADA/USDT:USDT,0.8241,387.0,0.824,608.0,0.8242,984.0,0.8243,2145.0
1753617239435,11:53:59.435,gateio,ADA/USDT:USDT,0.8241,387.0,0.824,2.0,0.8242,1023.0,0.8243,2145.0
1753617239491,11:53:59.491,gateio,ADA/USDT:USDT,0.8241,387.0,0.824,2.0,0.8242,1023.0,0.8243,2145.0
1753617239649,11:53:59.649,gateio,ADA/USDT:USDT,0.8239,988.0,0.8238,601.0,0.8241,581.0,0.8242,1722.0
1753617239741,11:53:59.741,gateio,ADA/USDT:USDT,0.8239,50.0,0.8238,1170.0,0.824,350.0,0.8241,759.0
1753617239835,11:53:59.835,gateio,ADA/USDT:USDT,0.8239,50.0,0.8238,1900.0,0.824,50.0,0.8241,759.0
1753617239940,11:53:59.940,gateio,ADA/USDT:USDT,0.8239,350.0,0.8238,1900.0,0.824,50.0,0.8241,1299.0
1753617240010,11:54:00.010,gateio,ADA/USDT:USDT,0.8239,350.0,0.8238,1900.0,0.824,50.0,0.8241,1299.0
1753617240053,11:54:00.053,gateio,ADA/USDT:USDT,0.8239,350.0,0.8238,1900.0,0.824,50.0,0.8241,1299.0
1753617240151,11:54:00.151,gateio,ADA/USDT:USDT,0.8239,350.0,0.8238,1900.0,0.824,50.0,0.8241,1299.0
1753617240489,11:54:00.489,gateio,ADA/USDT:USDT,0.8239,350.0,0.8238,1900.0,0.824,293.0,0.8241,1338.0
1753617240749,11:54:00.749,gateio,ADA/USDT:USDT,0.8239,350.0,0.8238,1027.0,0.824,62.0,0.8241,1097.0
1753617240843,11:54:00.843,gateio,ADA/USDT:USDT,0.8239,350.0,0.8238,1285.0,0.824,50.0,0.8241,1097.0
1753617240933,11:54:00.933,gateio,ADA/USDT:USDT,0.824,416.0,0.8239,1387.0,0.8241,686.0,0.8242,1271.0
1753617241034,11:54:01.034,gateio,ADA/USDT:USDT,0.824,416.0,0.8239,1426.0,0.8241,686.0,0.8242,1271.0
1753617241122,11:54:01.122,gateio,ADA/USDT:USDT,0.824,416.0,0.8239,1387.0,0.8241,686.0,0.8242,1310.0
1753617241215,11:54:01.215,gateio,ADA/USDT:USDT,0.824,416.0,0.8239,1387.0,0.8241,698.0,0.8242,1310.0
1753617241433,11:54:01.433,gateio,ADA/USDT:USDT,0.824,57.0,0.8239,1387.0,0.8241,698.0,0.8242,1310.0
1753617241535,11:54:01.535,gateio,ADA/USDT:USDT,0.8239,914.0,0.8238,1738.0,0.8241,698.0,0.8242,1310.0
1753617241613,11:54:01.613,gateio,ADA/USDT:USDT,0.8239,914.0,0.8238,1738.0,0.8241,698.0,0.8242,1310.0
1753617241740,11:54:01.740,gateio,ADA/USDT:USDT,0.8239,581.0,0.8238,1818.0,0.824,50.0,0.8241,686.0
1753617241754,11:54:01.754,gateio,ADA/USDT:USDT,0.8239,581.0,0.8238,1818.0,0.824,50.0,0.8241,686.0
1753617241936,11:54:01.936,gateio,ADA/USDT:USDT,0.8238,834.0,0.8237,2128.0,0.824,281.0,0.8241,1000.0
1753617242048,11:54:02.048,gateio,ADA/USDT:USDT,0.8238,281.0,0.8237,1603.0,0.8239,350.0,0.824,354.0
1753617242139,11:54:02.139,gateio,ADA/USDT:USDT,0.8238,281.0,0.8237,1642.0,0.8239,350.0,0.824,354.0
1753617242243,11:54:02.243,gateio,ADA/USDT:USDT,0.8238,281.0,0.8237,1642.0,0.8239,350.0,0.824,354.0
1753617242308,11:54:02.308,gateio,ADA/USDT:USDT,0.8238,281.0,0.8237,1642.0,0.8239,350.0,0.824,354.0
1753617242436,11:54:02.436,gateio,ADA/USDT:USDT,0.8238,50.0,0.8237,1846.0,0.8239,350.0,0.824,393.0
1753617242549,11:54:02.549,gateio,ADA/USDT:USDT,0.8237,89.0,0.8236,1339.0,0.8238,338.0,0.8239,654.0
1753617242627,11:54:02.627,gateio,ADA/USDT:USDT,0.8237,89.0,0.8236,2134.0,0.8238,338.0,0.8239,654.0
1753617242745,11:54:02.745,gateio,ADA/USDT:USDT,0.8237,89.0,0.8236,2173.0,0.8238,338.0,0.8239,654.0
1753617242841,11:54:02.841,gateio,ADA/USDT:USDT,0.8238,559.0,0.8237,1184.0,0.8239,50.0,0.824,1326.0
1753617242937,11:54:02.937,gateio,ADA/USDT:USDT,0.8238,454.0,0.8237,1184.0,0.8239,50.0,0.824,1338.0
1753617243133,11:54:03.133,gateio,ADA/USDT:USDT,0.8238,454.0,0.8237,1184.0,0.8239,50.0,0.824,1326.0
1753617243242,11:54:03.242,gateio,ADA/USDT:USDT,0.8238,454.0,0.8237,1184.0,0.8239,50.0,0.824,1365.0
1753617243288,11:54:03.288,gateio,ADA/USDT:USDT,0.8238,338.0,0.8237,1184.0,0.8239,281.0,0.824,1404.0
1753617243361,11:54:03.361,gateio,ADA/USDT:USDT,0.8238,338.0,0.8237,1184.0,0.8239,50.0,0.824,1404.0
1753617243548,11:54:03.548,gateio,ADA/USDT:USDT,0.8237,1184.0,0.8236,2034.0,0.8239,281.0,0.824,1404.0
1753617243641,11:54:03.641,gateio,ADA/USDT:USDT,0.8237,845.0,0.8236,2193.0,0.8239,293.0,0.824,1404.0
1753617243723,11:54:03.723,gateio,ADA/USDT:USDT,0.8237,845.0,0.8236,2193.0,0.8239,293.0,0.824,1404.0
1753617243801,11:54:03.801,gateio,ADA/USDT:USDT,0.8237,845.0,0.8236,2271.0,0.8239,293.0,0.824,1404.0
1753617243949,11:54:03.949,gateio,ADA/USDT:USDT,0.8237,845.0,0.8236,2349.0,0.8239,50.0,0.824,1404.0
1753617244033,11:54:04.033,gateio,ADA/USDT:USDT,0.8238,359.0,0.8237,1145.0,0.8239,44.0,0.824,1404.0
1753617244127,11:54:04.127,gateio,ADA/USDT:USDT,0.8238,409.0,0.8237,1145.0,0.8239,44.0,0.824,1404.0
1753617244213,11:54:04.213,gateio,ADA/USDT:USDT,0.8237,845.0,0.8236,2349.0,0.8239,275.0,0.824,1404.0
1753617244343,11:54:04.343,gateio,ADA/USDT:USDT,0.8237,845.0,0.8236,2349.0,0.8239,372.0,0.824,1404.0
1753617244417,11:54:04.417,gateio,ADA/USDT:USDT,0.8237,845.0,0.8236,2349.0,0.8239,372.0,0.824,1404.0
1753617244544,11:54:04.544,gateio,ADA/USDT:USDT,0.8237,845.0,0.8236,2271.0,0.8239,372.0,0.824,1404.0
1753617244612,11:54:04.612,gateio,ADA/USDT:USDT,0.8237,845.0,0.8236,2073.0,0.8239,372.0,0.824,1404.0
1753617244744,11:54:04.744,gateio,ADA/USDT:USDT,0.8237,845.0,0.8236,2073.0,0.8239,372.0,0.824,1404.0
1753617244834,11:54:04.834,gateio,ADA/USDT:USDT,0.8237,281.0,0.8236,2073.0,0.8239,275.0,0.824,1404.0
1753617244941,11:54:04.941,gateio,ADA/USDT:USDT,0.8237,865.0,0.8236,2034.0,0.8239,275.0,0.824,1404.0
1753617245048,11:54:05.048,gateio,ADA/USDT:USDT,0.8237,865.0,0.8236,2034.0,0.8239,275.0,0.824,1404.0
1753617245137,11:54:05.137,gateio,ADA/USDT:USDT,0.8237,865.0,0.8236,2275.0,0.8239,575.0,0.824,1704.0
1753617245249,11:54:05.249,gateio,ADA/USDT:USDT,0.8236,1285.0,0.8235,1663.0,0.8238,686.0,0.8239,977.0
1753617245345,11:54:05.345,gateio,ADA/USDT:USDT,0.8236,1573.0,0.8235,2007.0,0.8238,686.0,0.8239,977.0
1753617245441,11:54:05.441,gateio,ADA/USDT:USDT,0.8236,1612.0,0.8235,2007.0,0.8238,686.0,0.8239,1016.0
1753617245537,11:54:05.537,gateio,ADA/USDT:USDT,0.8236,1612.0,0.8235,2007.0,0.8238,686.0,0.8239,1016.0
1753617245602,11:54:05.602,gateio,ADA/USDT:USDT,0.8236,1573.0,0.8235,1968.0,0.8238,686.0,0.8239,1016.0
1753617245816,11:54:05.816,gateio,ADA/USDT:USDT,0.8236,1573.0,0.8235,1968.0,0.8238,686.0,0.8239,1016.0
1753617245927,11:54:05.927,gateio,ADA/USDT:USDT,0.8236,1573.0,0.8235,1968.0,0.8238,686.0,0.8239,1016.0
1753617246034,11:54:06.034,gateio,ADA/USDT:USDT,0.8236,1.0,0.8235,828.0,0.8237,725.0,0.8238,1203.0
1753617246143,11:54:06.143,gateio,ADA/USDT:USDT,0.8236,282.0,0.8235,1243.0,0.8238,1457.0,0.8239,587.0
1753617246239,11:54:06.239,gateio,ADA/USDT:USDT,0.8237,116.0,0.8236,1721.0,0.8238,1052.0,0.8239,1215.0
1753617246337,11:54:06.337,gateio,ADA/USDT:USDT,0.8237,57.0,0.8236,1497.0,0.8238,1052.0,0.8239,1323.0
1753617246393,11:54:06.393,gateio,ADA/USDT:USDT,0.8237,57.0,0.8236,1497.0,0.8238,1052.0,0.8239,2196.0
1753617246544,11:54:06.544,gateio,ADA/USDT:USDT,0.8236,1024.0,0.8235,2118.0,0.8238,1064.0,0.8239,2196.0
1753617246624,11:54:06.624,gateio,ADA/USDT:USDT,0.8236,1024.0,0.8235,2045.0,0.8238,1064.0,0.8239,1525.0
1753617246747,11:54:06.747,gateio,ADA/USDT:USDT,0.8236,582.0,0.8235,2045.0,0.8238,1064.0,0.8239,1514.0
1753617246834,11:54:06.834,gateio,ADA/USDT:USDT,0.8236,582.0,0.8235,2045.0,0.8238,1064.0,0.8239,1514.0
1753617246948,11:54:06.948,gateio,ADA/USDT:USDT,0.8236,51.0,0.8235,1861.0,0.8237,686.0,0.8238,1460.0
1753617247049,11:54:07.049,gateio,ADA/USDT:USDT,0.8234,762.0,0.8233,780.0,0.8237,1225.0,0.8238,1767.0
1753617247149,11:54:07.149,gateio,ADA/USDT:USDT,0.8234,1191.0,0.8233,1139.0,0.8236,686.0,0.8237,1298.0
1753617247234,11:54:07.234,gateio,ADA/USDT:USDT,0.8234,1516.0,0.8233,1444.0,0.8236,686.0,0.8237,1298.0
1753617247334,11:54:07.334,gateio,ADA/USDT:USDT,0.8234,1216.0,0.8233,1444.0,0.8236,686.0,0.8237,1298.0
1753617247449,11:54:07.449,gateio,ADA/USDT:USDT,0.8234,283.0,0.8233,2014.0,0.8235,50.0,0.8236,760.0
1753617247513,11:54:07.513,gateio,ADA/USDT:USDT,0.8234,283.0,0.8233,2317.0,0.8235,350.0,0.8236,833.0
1753617247646,11:54:07.646,gateio,ADA/USDT:USDT,0.8234,283.0,0.8233,2317.0,0.8235,350.0,0.8236,833.0
1753617247733,11:54:07.733,gateio,ADA/USDT:USDT,0.8234,283.0,0.8233,2317.0,0.8235,350.0,0.8236,833.0
1753617247946,11:54:07.946,gateio,ADA/USDT:USDT,0.8234,2.0,0.8233,556.0,0.8235,620.0,0.8236,1728.0
1753617248043,11:54:08.043,gateio,ADA/USDT:USDT,0.8234,52.0,0.8233,1091.0,0.8235,581.0,0.8236,1689.0
1753617248147,11:54:08.147,gateio,ADA/USDT:USDT,0.8234,52.0,0.8233,1394.0,0.8235,350.0,0.8236,1728.0
1753617248244,11:54:08.244,gateio,ADA/USDT:USDT,0.8234,52.0,0.8233,1394.0,0.8235,581.0,0.8236,1728.0
1753617248320,11:54:08.320,gateio,ADA/USDT:USDT,0.8234,52.0,0.8233,1394.0,0.8235,581.0,0.8236,1728.0
1753617248441,11:54:08.441,gateio,ADA/USDT:USDT,0.8234,52.0,0.8233,1394.0,0.8235,581.0,0.8236,1728.0
1753617248533,11:54:08.533,gateio,ADA/USDT:USDT,0.8234,52.0,0.8233,1394.0,0.8235,581.0,0.8236,1212.0
1753617248626,11:54:08.626,gateio,ADA/USDT:USDT,0.8234,52.0,0.8233,1394.0,0.8235,581.0,0.8236,1212.0
1753617248701,11:54:08.701,gateio,ADA/USDT:USDT,0.8234,52.0,0.8233,1394.0,0.8235,581.0,0.8236,1212.0
1753617248845,11:54:08.845,gateio,ADA/USDT:USDT,0.8234,52.0,0.8233,1394.0,0.8235,581.0,0.8236,1212.0
1753617248925,11:54:08.925,gateio,ADA/USDT:USDT,0.8234,2.0,0.8233,1061.0,0.8235,581.0,0.8236,1212.0
1753617249033,11:54:09.033,gateio,ADA/USDT:USDT,0.8234,2.0,0.8233,1061.0,0.8235,581.0,0.8236,1212.0
1753617249141,11:54:09.141,gateio,ADA/USDT:USDT,0.8234,2.0,0.8233,1061.0,0.8235,581.0,0.8236,1212.0
1753617249239,11:54:09.239,gateio,ADA/USDT:USDT,0.8234,2.0,0.8233,1061.0,0.8235,581.0,0.8236,1212.0
1753617249332,11:54:09.332,gateio,ADA/USDT:USDT,0.8234,2.0,0.8233,1061.0,0.8236,1212.0,0.8237,2132.0
1753617249444,11:54:09.444,gateio,ADA/USDT:USDT,0.8235,57.0,0.8234,958.0,0.8236,872.0,0.8237,2814.0
1753617249534,11:54:09.534,gateio,ADA/USDT:USDT,0.8235,57.0,0.8234,958.0,0.8236,799.0,0.8237,2814.0
1753617249637,11:54:09.637,gateio,ADA/USDT:USDT,0.8235,57.0,0.8234,958.0,0.8236,811.0,0.8237,2814.0
1753617249747,11:54:09.747,gateio,ADA/USDT:USDT,0.8235,57.0,0.8234,958.0,0.8236,811.0,0.8237,2814.0
1753617249891,11:54:09.891,gateio,ADA/USDT:USDT,0.8235,57.0,0.8234,958.0,0.8236,811.0,0.8237,2814.0
1753617250037,11:54:10.037,gateio,ADA/USDT:USDT,0.8234,109.0,0.8233,1516.0,0.8235,406.0,0.8236,1477.0
1753617250136,11:54:10.136,gateio,ADA/USDT:USDT,0.8234,109.0,0.8233,1516.0,0.8235,300.0,0.8236,1477.0
1753617250246,11:54:10.246,gateio,ADA/USDT:USDT,0.8234,109.0,0.8233,1516.0,0.8235,300.0,0.8236,1477.0
1753617250349,11:54:10.349,gateio,ADA/USDT:USDT,0.8234,109.0,0.8233,1516.0,0.8235,300.0,0.8236,1477.0
1753617250438,11:54:10.438,gateio,ADA/USDT:USDT,0.8234,109.0,0.8233,1331.0,0.8235,300.0,0.8236,1477.0
1753617250518,11:54:10.518,gateio,ADA/USDT:USDT,0.8234,109.0,0.8233,1331.0,0.8235,300.0,0.8236,1477.0
1753617250637,11:54:10.637,gateio,ADA/USDT:USDT,0.8234,109.0,0.8233,1331.0,0.8235,300.0,0.8236,1477.0
1753617250743,11:54:10.743,gateio,ADA/USDT:USDT,0.8234,109.0,0.8233,1331.0,0.8235,300.0,0.8236,1516.0
1753617250839,11:54:10.839,gateio,ADA/USDT:USDT,0.8234,109.0,0.8233,1292.0,0.8235,300.0,0.8236,1516.0
1753617250879,11:54:10.879,gateio,ADA/USDT:USDT,0.8234,109.0,0.8233,1292.0,0.8235,300.0,0.8236,1516.0
1753617251047,11:54:11.047,gateio,ADA/USDT:USDT,0.8234,109.0,0.8233,1253.0,0.8235,300.0,0.8236,1555.0
1753617251140,11:54:11.140,gateio,ADA/USDT:USDT,0.8234,109.0,0.8233,1331.0,0.8235,300.0,0.8236,1516.0
1753617251213,11:54:11.213,gateio,ADA/USDT:USDT,0.8234,109.0,0.8233,1292.0,0.8235,300.0,0.8236,1516.0
1753617251348,11:54:11.348,gateio,ADA/USDT:USDT,0.8234,109.0,0.8233,1253.0,0.8236,1477.0,0.8237,2093.0
1753617251429,11:54:11.429,gateio,ADA/USDT:USDT,0.8234,109.0,0.8233,1503.0,0.8235,300.0,0.8236,1477.0
1753617251478,11:54:11.478,gateio,ADA/USDT:USDT,0.8234,109.0,0.8233,1503.0,0.8235,300.0,0.8236,1516.0
1753617251609,11:54:11.609,gateio,ADA/USDT:USDT,0.8234,109.0,0.8233,1464.0,0.8235,300.0,0.8236,1516.0
1753617251706,11:54:11.706,gateio,ADA/USDT:USDT,0.8234,109.0,0.8233,1425.0,0.8235,300.0,0.8236,1516.0
1753617251849,11:54:11.849,gateio,ADA/USDT:USDT,0.8234,109.0,0.8233,1503.0,0.8236,1516.0,0.8237,2787.0
1753617251931,11:54:11.931,gateio,ADA/USDT:USDT,0.8234,340.0,0.8233,1464.0,0.8236,1477.0,0.8237,2814.0
1753617252029,11:54:12.029,gateio,ADA/USDT:USDT,0.8234,640.0,0.8233,1764.0,0.8236,1477.0,0.8237,2814.0
1753617252121,11:54:12.121,gateio,ADA/USDT:USDT,0.8234,640.0,0.8233,1764.0,0.8236,1404.0,0.8237,2814.0
1753617252178,11:54:12.178,gateio,ADA/USDT:USDT,0.8234,640.0,0.8233,1764.0,0.8236,1404.0,0.8237,2814.0
1753617252292,11:54:12.292,gateio,ADA/USDT:USDT,0.8234,640.0,0.8233,1764.0,0.8236,1404.0,0.8237,2814.0
1753617252404,11:54:12.404,gateio,ADA/USDT:USDT,0.8234,640.0,0.8233,1725.0,0.8236,1404.0,0.8237,2373.0
1753617252534,11:54:12.534,gateio,ADA/USDT:USDT,0.8235,300.0,0.8234,1189.0,0.8236,760.0,0.8237,2373.0
1753617252634,11:54:12.634,gateio,ADA/USDT:USDT,0.8234,640.0,0.8233,2106.0,0.8236,760.0,0.8237,2373.0
1753617252693,11:54:12.693,gateio,ADA/USDT:USDT,0.8234,640.0,0.8233,2106.0,0.8236,760.0,0.8237,2373.0
1753617252825,11:54:12.825,gateio,ADA/USDT:USDT,0.8234,640.0,0.8233,2106.0,0.8236,760.0,0.8237,2373.0
1753617253012,11:54:13.012,gateio,ADA/USDT:USDT,0.8234,1114.0,0.8233,2106.0,0.8236,760.0,0.8237,2373.0
1753617253135,11:54:13.135,gateio,ADA/USDT:USDT,0.8234,1114.0,0.8233,2106.0,0.8236,760.0,0.8237,2373.0
1753617253224,11:54:13.224,gateio,ADA/USDT:USDT,0.8234,1114.0,0.8233,2106.0,0.8236,760.0,0.8237,2373.0
1753617253337,11:54:13.337,gateio,ADA/USDT:USDT,0.8234,1114.0,0.8233,2106.0,0.8236,799.0,0.8237,2373.0
1753617253430,11:54:13.430,gateio,ADA/USDT:USDT,0.8234,1114.0,0.8233,2106.0,0.8236,760.0,0.8237,2373.0
1753617253508,11:54:13.508,gateio,ADA/USDT:USDT,0.8234,1114.0,0.8233,2106.0,0.8236,760.0,0.8237,2373.0
1753617253613,11:54:13.613,gateio,ADA/USDT:USDT,0.8234,894.0,0.8233,1425.0,0.8236,760.0,0.8237,2373.0
1753617253715,11:54:13.715,gateio,ADA/USDT:USDT,0.8234,894.0,0.8233,1425.0,0.8236,799.0,0.8237,2373.0
1753617253806,11:54:13.806,gateio,ADA/USDT:USDT,0.8234,894.0,0.8233,1425.0,0.8236,799.0,0.8237,2373.0
1753617254037,11:54:14.037,gateio,ADA/USDT:USDT,0.8234,894.0,0.8233,1425.0,0.8236,760.0,0.8237,2334.0
1753617254140,11:54:14.140,gateio,ADA/USDT:USDT,0.8234,894.0,0.8233,1425.0,0.8236,760.0,0.8237,2334.0
1753617254249,11:54:14.249,gateio,ADA/USDT:USDT,0.8234,894.0,0.8233,1425.0,0.8236,799.0,0.8237,2334.0
1753617254336,11:54:14.336,gateio,ADA/USDT:USDT,0.8234,894.0,0.8233,1425.0,0.8236,799.0,0.8237,2334.0
1753617254436,11:54:14.436,gateio,ADA/USDT:USDT,0.8234,894.0,0.8233,1425.0,0.8236,838.0,0.8237,2334.0
1753617254514,11:54:14.514,gateio,ADA/USDT:USDT,0.8234,894.0,0.8233,1425.0,0.8236,838.0,0.8237,2334.0
1753617254750,11:54:14.750,gateio,ADA/USDT:USDT,0.8234,894.0,0.8233,1425.0,0.8236,838.0,0.8237,2334.0
1753617254842,11:54:14.842,gateio,ADA/USDT:USDT,0.8234,894.0,0.8233,1425.0,0.8236,799.0,0.8237,2334.0
1753617254903,11:54:14.903,gateio,ADA/USDT:USDT,0.8234,894.0,0.8233,1425.0,0.8236,799.0,0.8237,2334.0
1753617255036,11:54:15.036,gateio,ADA/USDT:USDT,0.8234,894.0,0.8233,1425.0,0.8236,1060.0,0.8237,2334.0
1753617255091,11:54:15.091,gateio,ADA/USDT:USDT,0.8234,894.0,0.8233,1425.0,0.8236,1060.0,0.8237,2334.0
1753617255246,11:54:15.246,gateio,ADA/USDT:USDT,0.8235,466.0,0.8234,1482.0,0.8236,416.0,0.8237,2334.0
1753617255324,11:54:15.324,gateio,ADA/USDT:USDT,0.8235,466.0,0.8234,1443.0,0.8236,416.0,0.8237,2373.0
1753617255428,11:54:15.428,gateio,ADA/USDT:USDT,0.8235,407.0,0.8234,1140.0,0.8236,647.0,0.8237,2412.0
1753617255533,11:54:15.533,gateio,ADA/USDT:USDT,0.8235,407.0,0.8234,1443.0,0.8236,647.0,0.8237,2412.0
1753617255706,11:54:15.706,gateio,ADA/USDT:USDT,0.8235,107.0,0.8234,1443.0,0.8236,647.0,0.8237,2412.0
1753617255831,11:54:15.831,gateio,ADA/USDT:USDT,0.8235,50.0,0.8234,1140.0,0.8236,686.0,0.8237,2412.0
1753617255907,11:54:15.907,gateio,ADA/USDT:USDT,0.8235,50.0,0.8234,1140.0,0.8236,686.0,0.8237,2412.0
1753617256008,11:54:16.008,gateio,ADA/USDT:USDT,0.8235,50.0,0.8234,1140.0,0.8236,647.0,0.8237,2412.0
1753617256070,11:54:16.070,gateio,ADA/USDT:USDT,0.8235,50.0,0.8234,1140.0,0.8236,647.0,0.8237,2412.0
1753617256231,11:54:16.231,gateio,ADA/USDT:USDT,0.8235,50.0,0.8234,1140.0,0.8236,725.0,0.8237,2412.0
1753617256314,11:54:16.314,gateio,ADA/USDT:USDT,0.8234,886.0,0.8233,1425.0,0.8236,725.0,0.8237,2412.0
1753617256419,11:54:16.419,gateio,ADA/USDT:USDT,0.8234,886.0,0.8233,1425.0,0.8236,725.0,0.8237,2412.0
1753617256509,11:54:16.509,gateio,ADA/USDT:USDT,0.8234,886.0,0.8233,1425.0,0.8236,725.0,0.8237,2373.0
1753617256633,11:54:16.633,gateio,ADA/USDT:USDT,0.8234,886.0,0.8233,1425.0,0.8236,725.0,0.8237,2373.0
1753617256733,11:54:16.733,gateio,ADA/USDT:USDT,0.8234,52.0,0.8233,1425.0,0.8235,406.0,0.8236,1372.0
1753617256808,11:54:16.808,gateio,ADA/USDT:USDT,0.8234,52.0,0.8233,1425.0,0.8235,637.0,0.8236,1372.0
1753617256913,11:54:16.913,gateio,ADA/USDT:USDT,0.8234,52.0,0.8233,1425.0,0.8235,637.0,0.8236,1372.0
1753617257030,11:54:17.030,gateio,ADA/USDT:USDT,0.8234,352.0,0.8233,1764.0,0.8236,1333.0,0.8237,2334.0
1753617257125,11:54:17.125,gateio,ADA/USDT:USDT,0.8234,352.0,0.8233,1764.0,0.8236,1333.0,0.8237,3016.0
1753617257245,11:54:17.245,gateio,ADA/USDT:USDT,0.8234,352.0,0.8233,1725.0,0.8236,1372.0,0.8237,3016.0
1753617257312,11:54:17.312,gateio,ADA/USDT:USDT,0.8234,583.0,0.8233,1725.0,0.8236,1221.0,0.8237,3016.0
1753617257448,11:54:17.448,gateio,ADA/USDT:USDT,0.8234,940.0,0.8233,1725.0,0.8236,1299.0,0.8237,3016.0
1753617257538,11:54:17.538,gateio,ADA/USDT:USDT,0.8234,940.0,0.8233,1725.0,0.8236,1260.0,0.8237,3016.0
1753617257634,11:54:17.634,gateio,ADA/USDT:USDT,0.8234,940.0,0.8233,1725.0,0.8236,1299.0,0.8237,3016.0
1753617257749,11:54:17.749,gateio,ADA/USDT:USDT,0.8234,940.0,0.8233,1725.0,0.8236,1299.0,0.8237,3016.0
1753617257949,11:54:17.949,gateio,ADA/USDT:USDT,0.8234,940.0,0.8233,1725.0,0.8236,1299.0,0.8237,3016.0
1753617258034,11:54:18.034,gateio,ADA/USDT:USDT,0.8234,940.0,0.8233,1725.0,0.8236,1299.0,0.8237,3016.0
1753617258149,11:54:18.149,gateio,ADA/USDT:USDT,0.8234,583.0,0.8233,1725.0,0.8236,1260.0,0.8237,2334.0
1753617258212,11:54:18.212,gateio,ADA/USDT:USDT,0.8234,352.0,0.8233,1725.0,0.8236,1311.0,0.8237,2334.0
1753617258311,11:54:18.311,gateio,ADA/USDT:USDT,0.8234,352.0,0.8233,1725.0,0.8236,1311.0,0.8237,2334.0
1753617258447,11:54:18.447,gateio,ADA/USDT:USDT,0.8234,352.0,0.8233,1803.0,0.8235,102.0,0.8236,1221.0
1753617258531,11:54:18.531,gateio,ADA/USDT:USDT,0.8234,352.0,0.8233,1803.0,0.8235,102.0,0.8236,1299.0
1753617258571,11:54:18.571,gateio,ADA/USDT:USDT,0.8234,352.0,0.8233,1803.0,0.8235,102.0,0.8236,1299.0
1753617258744,11:54:18.744,gateio,ADA/USDT:USDT,0.8234,352.0,0.8233,1725.0,0.8236,1299.0,0.8237,3016.0
1753617258833,11:54:18.833,gateio,ADA/USDT:USDT,0.8234,952.0,0.8233,1725.0,0.8236,1260.0,0.8237,3016.0
1753617258928,11:54:18.928,gateio,ADA/USDT:USDT,0.8234,952.0,0.8233,1725.0,0.8236,1299.0,0.8237,3016.0
1753617259016,11:54:19.016,gateio,ADA/USDT:USDT,0.8234,952.0,0.8233,1725.0,0.8236,1299.0,0.8237,3016.0
1753617259120,11:54:19.120,gateio,ADA/USDT:USDT,0.8234,952.0,0.8233,1725.0,0.8236,1299.0,0.8237,3016.0
1753617259245,11:54:19.245,gateio,ADA/USDT:USDT,0.8234,952.0,0.8233,1725.0,0.8236,1260.0,0.8237,3016.0
1753617259314,11:54:19.314,gateio,ADA/USDT:USDT,0.8234,952.0,0.8233,1725.0,0.8236,1299.0,0.8237,3016.0
1753617259440,11:54:19.440,gateio,ADA/USDT:USDT,0.8234,952.0,0.8233,1425.0,0.8236,1299.0,0.8237,3016.0
1753617259528,11:54:19.528,gateio,ADA/USDT:USDT,0.8234,849.0,0.8233,1425.0,0.8236,1260.0,0.8237,2334.0
1753617259647,11:54:19.647,gateio,ADA/USDT:USDT,0.8234,352.0,0.8233,1425.0,0.8235,402.0,0.8236,1372.0
1753617259748,11:54:19.748,gateio,ADA/USDT:USDT,0.8234,352.0,0.8233,1503.0,0.8235,402.0,0.8236,1333.0
1753617259836,11:54:19.836,gateio,ADA/USDT:USDT,0.8234,352.0,0.8233,1503.0,0.8235,402.0,0.8236,1372.0
1753617259919,11:54:19.919,gateio,ADA/USDT:USDT,0.8234,352.0,0.8233,1503.0,0.8235,402.0,0.8236,1294.0
1753617259955,11:54:19.955,gateio,ADA/USDT:USDT,0.8234,352.0,0.8233,1503.0,0.8235,402.0,0.8236,1294.0
1753617260140,11:54:20.140,gateio,ADA/USDT:USDT,0.8234,352.0,0.8233,1464.0,0.8236,1294.0,0.8237,3016.0
1753617260225,11:54:20.225,gateio,ADA/USDT:USDT,0.8234,352.0,0.8233,1464.0,0.8236,1294.0,0.8237,3016.0
1753617260336,11:54:20.336,gateio,ADA/USDT:USDT,0.8234,352.0,0.8233,1464.0,0.8236,1333.0,0.8237,3016.0
1753617260377,11:54:20.377,gateio,ADA/USDT:USDT,0.8234,352.0,0.8233,1464.0,0.8236,1333.0,0.8237,3016.0
1753617260537,11:54:20.537,gateio,ADA/USDT:USDT,0.8234,352.0,0.8233,1425.0,0.8236,1333.0,0.8237,3016.0
1753617260637,11:54:20.637,gateio,ADA/USDT:USDT,0.8234,352.0,0.8233,1425.0,0.8236,1372.0,0.8237,3016.0
1753617260744,11:54:20.744,gateio,ADA/USDT:USDT,0.8234,352.0,0.8233,1425.0,0.8236,1372.0,0.8237,2334.0
1753617260814,11:54:20.814,gateio,ADA/USDT:USDT,0.8234,352.0,0.8233,1464.0,0.8235,300.0,0.8236,1372.0
1753617260913,11:54:20.913,gateio,ADA/USDT:USDT,0.8234,352.0,0.8233,1464.0,0.8235,300.0,0.8236,1372.0
1753617261134,11:54:21.134,gateio,ADA/USDT:USDT,0.8235,85.0,0.8234,354.0,0.8236,647.0,0.8237,3055.0
1753617261240,11:54:21.240,gateio,ADA/USDT:USDT,0.8235,85.0,0.8234,960.0,0.8236,647.0,0.8237,3094.0
1753617261348,11:54:21.348,gateio,ADA/USDT:USDT,0.8234,657.0,0.8233,1420.0,0.8236,686.0,0.8237,3094.0
1753617261408,11:54:21.408,gateio,ADA/USDT:USDT,0.8234,354.0,0.8233,1723.0,0.8236,725.0,0.8237,3055.0
1753617261517,11:54:21.517,gateio,ADA/USDT:USDT,0.8234,354.0,0.8233,1723.0,0.8236,725.0,0.8237,3055.0
1753617261640,11:54:21.640,gateio,ADA/USDT:USDT,0.8234,354.0,0.8233,1723.0,0.8236,686.0,0.8237,3016.0
1753617261749,11:54:21.749,gateio,ADA/USDT:USDT,0.8234,354.0,0.8233,1723.0,0.8236,725.0,0.8237,3016.0
1753617261848,11:54:21.848,gateio,ADA/USDT:USDT,0.8234,354.0,0.8233,1723.0,0.8236,725.0,0.8237,3016.0
1753617261891,11:54:21.891,gateio,ADA/USDT:USDT,0.8234,354.0,0.8233,1723.0,0.8236,725.0,0.8237,2334.0
1753617262031,11:54:22.031,gateio,ADA/USDT:USDT,0.8234,354.0,0.8233,1723.0,0.8236,647.0,0.8237,2334.0
1753617262125,11:54:22.125,gateio,ADA/USDT:USDT,0.8234,354.0,0.8233,1723.0,0.8236,686.0,0.8237,2334.0
1753617262215,11:54:22.215,gateio,ADA/USDT:USDT,0.8234,354.0,0.8233,1723.0,0.8236,725.0,0.8237,2334.0
1753617262339,11:54:22.339,gateio,ADA/USDT:USDT,0.8234,710.0,0.8233,1723.0,0.8236,647.0,0.8237,2334.0
1753617262441,11:54:22.441,gateio,ADA/USDT:USDT,0.8234,710.0,0.8233,1723.0,0.8236,686.0,0.8237,2334.0
1753617262515,11:54:22.515,gateio,ADA/USDT:USDT,0.8234,710.0,0.8233,1723.0,0.8236,647.0,0.8237,2334.0
1753617262616,11:54:22.616,gateio,ADA/USDT:USDT,0.8234,710.0,0.8233,1723.0,0.8236,725.0,0.8237,2334.0
1753617262698,11:54:22.698,gateio,ADA/USDT:USDT,0.8234,710.0,0.8233,1723.0,0.8236,647.0,0.8237,2334.0
1753617262805,11:54:22.805,gateio,ADA/USDT:USDT,0.8234,710.0,0.8233,1723.0,0.8236,725.0,0.8237,2334.0
1753617262937,11:54:22.937,gateio,ADA/USDT:USDT,0.8234,710.0,0.8233,1723.0,0.8236,1025.0,0.8237,2334.0
1753617263004,11:54:23.004,gateio,ADA/USDT:USDT,0.8234,710.0,0.8233,1723.0,0.8236,1025.0,0.8237,2334.0
1753617263060,11:54:23.060,gateio,ADA/USDT:USDT,0.8234,710.0,0.8233,1723.0,0.8236,1025.0,0.8237,2334.0
1753617263235,11:54:23.235,gateio,ADA/USDT:USDT,0.8235,466.0,0.8234,1256.0,0.8236,50.0,0.8237,1672.0
1753617263343,11:54:23.343,gateio,ADA/USDT:USDT,0.8235,407.0,0.8234,1559.0,0.8236,50.0,0.8237,2118.0
1753617263437,11:54:23.437,gateio,ADA/USDT:USDT,0.8235,407.0,0.8234,1559.0,0.8236,50.0,0.8237,2079.0
1753617263545,11:54:23.545,gateio,ADA/USDT:USDT,0.8235,407.0,0.8234,1598.0,0.8236,50.0,0.8237,2079.0
1753617263617,11:54:23.617,gateio,ADA/USDT:USDT,0.8235,407.0,0.8234,1559.0,0.8236,293.0,0.8237,2118.0
1753617263667,11:54:23.667,gateio,ADA/USDT:USDT,0.8235,407.0,0.8234,1559.0,0.8236,293.0,0.8237,2118.0
1753617263799,11:54:23.799,gateio,ADA/USDT:USDT,0.8235,407.0,0.8234,1559.0,0.8236,50.0,0.8237,2079.0
1753617263939,11:54:23.939,gateio,ADA/USDT:USDT,0.8235,107.0,0.8234,1559.0,0.8236,659.0,0.8237,2118.0
1753617264021,11:54:24.021,gateio,ADA/USDT:USDT,0.8234,953.0,0.8233,2104.0,0.8236,737.0,0.8237,2118.0
1753617264096,11:54:24.096,gateio,ADA/USDT:USDT,0.8234,953.0,0.8233,2104.0,0.8236,737.0,0.8237,2118.0
1753617264212,11:54:24.212,gateio,ADA/USDT:USDT,0.8234,953.0,0.8233,2104.0,0.8236,737.0,0.8237,2118.0
1753617264314,11:54:24.314,gateio,ADA/USDT:USDT,0.8234,851.0,0.8233,1423.0,0.8236,737.0,0.8237,1874.0
1753617264428,11:54:24.428,gateio,ADA/USDT:USDT,0.8234,851.0,0.8233,1423.0,0.8236,737.0,0.8237,1874.0
1753617264525,11:54:24.525,gateio,ADA/USDT:USDT,0.8234,851.0,0.8233,1423.0,0.8236,698.0,0.8237,1835.0
1753617264574,11:54:24.574,gateio,ADA/USDT:USDT,0.8234,851.0,0.8233,1423.0,0.8236,698.0,0.8237,1835.0
1753617264717,11:54:24.717,gateio,ADA/USDT:USDT,0.8234,851.0,0.8233,1423.0,0.8236,659.0,0.8237,1835.0
1753617264845,11:54:24.845,gateio,ADA/USDT:USDT,0.8235,57.0,0.8234,1366.0,0.8236,659.0,0.8237,1874.0
1753617264944,11:54:24.944,gateio,ADA/USDT:USDT,0.8235,57.0,0.8234,1471.0,0.8236,659.0,0.8237,2059.0
1753617265034,11:54:25.034,gateio,ADA/USDT:USDT,0.8235,57.0,0.8234,1471.0,0.8236,659.0,0.8237,2059.0
1753617265090,11:54:25.090,gateio,ADA/USDT:USDT,0.8235,57.0,0.8234,1510.0,0.8236,659.0,0.8237,2059.0
1753617265247,11:54:25.247,gateio,ADA/USDT:USDT,0.8235,57.0,0.8234,1510.0,0.8236,659.0,0.8237,2059.0
1753617265267,11:54:25.267,gateio,ADA/USDT:USDT,0.8235,57.0,0.8234,1471.0,0.8236,659.0,0.8237,2059.0
1753617265445,11:54:25.445,gateio,ADA/USDT:USDT,0.8235,107.0,0.8234,1510.0,0.8236,416.0,0.8237,2059.0
1753617265548,11:54:25.548,gateio,ADA/USDT:USDT,0.8236,57.0,0.8235,598.0,0.8237,1672.0,0.8238,1736.0
1753617265603,11:54:25.603,gateio,ADA/USDT:USDT,0.8236,57.0,0.8235,901.0,0.8237,1731.0,0.8238,1736.0
1753617265749,11:54:25.749,gateio,ADA/USDT:USDT,0.8236,107.0,0.8235,1039.0,0.8237,62.0,0.8238,2204.0
1753617265840,11:54:25.840,gateio,ADA/USDT:USDT,0.8237,116.0,0.8236,350.0,0.8238,2204.0,0.8239,836.0
1753617265935,11:54:25.935,gateio,ADA/USDT:USDT,0.8236,652.0,0.8235,1341.0,0.8238,1449.0,0.8239,836.0
1753617266033,11:54:26.033,gateio,ADA/USDT:USDT,0.8236,652.0,0.8235,1510.0,0.8238,1815.0,0.8239,1065.0
1753617266141,11:54:26.141,gateio,ADA/USDT:USDT,0.8236,652.0,0.8235,1510.0,0.8238,1827.0,0.8239,1065.0
1753617266217,11:54:26.217,gateio,ADA/USDT:USDT,0.8236,652.0,0.8235,1510.0,0.8238,1905.0,0.8239,1065.0
1753617266323,11:54:26.323,gateio,ADA/USDT:USDT,0.8236,109.0,0.8235,1510.0,0.8237,695.0,0.8238,1966.0
1753617266397,11:54:26.397,gateio,ADA/USDT:USDT,0.8236,107.0,0.8235,1512.0,0.8237,695.0,0.8238,1966.0
1753617266526,11:54:26.526,gateio,ADA/USDT:USDT,0.8236,107.0,0.8235,1512.0,0.8237,695.0,0.8238,1966.0
1753617266589,11:54:26.589,gateio,ADA/USDT:USDT,0.8236,107.0,0.8235,1512.0,0.8237,695.0,0.8238,1966.0
1753617266747,11:54:26.747,gateio,ADA/USDT:USDT,0.8236,107.0,0.8235,1512.0,0.8237,707.0,0.8238,1966.0
1753617266782,11:54:26.782,gateio,ADA/USDT:USDT,0.8236,107.0,0.8235,1512.0,0.8237,707.0,0.8238,1966.0
1753617266886,11:54:26.886,gateio,ADA/USDT:USDT,0.8236,107.0,0.8235,1512.0,0.8237,707.0,0.8238,1966.0
1753617267033,11:54:27.033,gateio,ADA/USDT:USDT,0.8236,107.0,0.8235,1343.0,0.8237,707.0,0.8238,1966.0
1753617267126,11:54:27.126,gateio,ADA/USDT:USDT,0.8236,107.0,0.8235,1343.0,0.8237,707.0,0.8238,1927.0
1753617267227,11:54:27.227,gateio,ADA/USDT:USDT,0.8236,107.0,0.8235,1343.0,0.8237,707.0,0.8238,1966.0
1753617267308,11:54:27.308,gateio,ADA/USDT:USDT,0.8236,107.0,0.8235,1343.0,0.8237,707.0,0.8238,1966.0
1753617267416,11:54:27.416,gateio,ADA/USDT:USDT,0.8236,107.0,0.8235,1343.0,0.8237,707.0,0.8238,1966.0
1753617267512,11:54:27.512,gateio,ADA/USDT:USDT,0.8236,107.0,0.8235,1343.0,0.8237,707.0,0.8238,1966.0
1753617267632,11:54:27.632,gateio,ADA/USDT:USDT,0.8236,350.0,0.8235,1421.0,0.8237,50.0,0.8238,1888.0
1753617267747,11:54:27.747,gateio,ADA/USDT:USDT,0.8237,145.0,0.8236,1510.0,0.8238,1400.0,0.8239,1314.0
1753617267837,11:54:27.837,gateio,ADA/USDT:USDT,0.8237,738.0,0.8236,1378.0,0.8238,50.0,0.8239,1255.0
1753617267936,11:54:27.936,gateio,ADA/USDT:USDT,0.8237,738.0,0.8236,1339.0,0.8238,50.0,0.8239,2055.0
1753617268045,11:54:28.045,gateio,ADA/USDT:USDT,0.8237,495.0,0.8236,1300.0,0.8238,50.0,0.8239,2055.0
1753617268131,11:54:28.131,gateio,ADA/USDT:USDT,0.8237,495.0,0.8236,1339.0,0.8238,50.0,0.8239,2055.0
1753617268247,11:54:28.247,gateio,ADA/USDT:USDT,0.8237,495.0,0.8236,1339.0,0.8238,50.0,0.8239,2055.0
1753617268343,11:54:28.343,gateio,ADA/USDT:USDT,0.8237,495.0,0.8236,1300.0,0.8238,50.0,0.8239,2094.0
1753617268429,11:54:28.429,gateio,ADA/USDT:USDT,0.8237,495.0,0.8236,1300.0,0.8238,50.0,0.8239,2094.0
1753617268549,11:54:28.549,gateio,ADA/USDT:USDT,0.8237,495.0,0.8236,1378.0,0.8238,50.0,0.8239,2055.0
1753617268628,11:54:28.628,gateio,ADA/USDT:USDT,0.8237,195.0,0.8236,1300.0,0.8238,50.0,0.8239,2167.0
1753617268740,11:54:28.740,gateio,ADA/USDT:USDT,0.8237,107.0,0.8236,1300.0,0.8238,50.0,0.8239,1524.0
1753617268834,11:54:28.834,gateio,ADA/USDT:USDT,0.8237,107.0,0.8236,1300.0,0.8238,593.0,0.8239,1824.0
1753617268949,11:54:28.949,gateio,ADA/USDT:USDT,0.8237,57.0,0.8236,1300.0,0.8238,959.0,0.8239,1824.0
1753617269044,11:54:29.044,gateio,ADA/USDT:USDT,0.8236,107.0,0.8235,1512.0,0.8237,300.0,0.8238,1071.0
1753617269097,11:54:29.097,gateio,ADA/USDT:USDT,0.8236,107.0,0.8235,1512.0,0.8237,300.0,0.8238,1071.0
1753617269239,11:54:29.239,gateio,ADA/USDT:USDT,0.8236,107.0,0.8235,1551.0,0.8237,300.0,0.8238,1032.0
1753617269313,11:54:29.313,gateio,ADA/USDT:USDT,0.8236,107.0,0.8235,1551.0,0.8237,300.0,0.8238,1032.0
1753617269431,11:54:29.431,gateio,ADA/USDT:USDT,0.8236,107.0,0.8235,1512.0,0.8237,300.0,0.8238,1071.0
1753617269548,11:54:29.548,gateio,ADA/USDT:USDT,0.8236,107.0,0.8235,1512.0,0.8237,543.0,0.8238,1110.0
1753617269647,11:54:29.647,gateio,ADA/USDT:USDT,0.8236,107.0,0.8235,1209.0,0.8237,543.0,0.8238,1760.0
1753617269723,11:54:29.723,gateio,ADA/USDT:USDT,0.8236,107.0,0.8235,1551.0,0.8237,543.0,0.8238,1760.0
1753617269830,11:54:29.830,gateio,ADA/USDT:USDT,0.8236,107.0,0.8235,1590.0,0.8237,543.0,0.8238,1682.0
1753617269931,11:54:29.931,gateio,ADA/USDT:USDT,0.8236,107.0,0.8235,1590.0,0.8237,543.0,0.8238,1682.0
