timestamp,time,exchange,symbol,bid1_price,bid1_volume,bid2_price,bid2_volume,ask1_price,ask1_volume,ask2_price,ask2_volume
1753617160000,11:52:40.000,gateio,AERGO/USDT:USDT,0.13364,7.0,0.13363,38.0,0.13376,152.0,0.13381,304.0
1753617160817,11:52:40.817,gateio,AERGO/USDT:USDT,0.13364,7.0,0.13363,38.0,0.13376,152.0,0.13381,304.0
1753617161019,11:52:41.019,gateio,AERGO/USDT:USDT,0.13364,7.0,0.13363,38.0,0.13376,152.0,0.13381,304.0
1753617161113,11:52:41.113,gateio,AERGO/USDT:USDT,0.13364,7.0,0.13363,38.0,0.13376,152.0,0.13381,304.0
1753617161213,11:52:41.213,gateio,AERGO/USDT:USDT,0.13364,7.0,0.13363,38.0,0.13376,152.0,0.13381,304.0
1753617161327,11:52:41.327,gateio,AERGO/USDT:USDT,0.13364,7.0,0.13363,38.0,0.13376,152.0,0.13381,304.0
1753617161417,11:52:41.417,gateio,AERGO/USDT:USDT,0.13364,7.0,0.13363,38.0,0.13376,152.0,0.13381,304.0
1753617161713,11:52:41.713,gateio,AERGO/USDT:USDT,0.13364,7.0,0.13363,38.0,0.13376,152.0,0.13381,304.0
1753617161829,11:52:41.829,gateio,AERGO/USDT:USDT,0.13364,7.0,0.13363,38.0,0.13376,152.0,0.13381,304.0
1753617161913,11:52:41.913,gateio,AERGO/USDT:USDT,0.13364,7.0,0.13363,38.0,0.13376,152.0,0.13381,304.0
1753617161993,11:52:41.993,gateio,AERGO/USDT:USDT,0.13364,7.0,0.13363,38.0,0.13376,152.0,0.13381,304.0
1753617162213,11:52:42.213,gateio,AERGO/USDT:USDT,0.13364,7.0,0.13363,38.0,0.13376,152.0,0.13381,304.0
1753617162514,11:52:42.514,gateio,AERGO/USDT:USDT,0.13364,21.0,0.13363,24.0,0.13376,152.0,0.13381,304.0
1753617162615,11:52:42.615,gateio,AERGO/USDT:USDT,0.13364,21.0,0.13363,24.0,0.13376,152.0,0.13381,304.0
1753617162714,11:52:42.714,gateio,AERGO/USDT:USDT,0.13364,7.0,0.13363,38.0,0.13376,152.0,0.13381,304.0
1753617162813,11:52:42.813,gateio,AERGO/USDT:USDT,0.13364,7.0,0.13363,38.0,0.13376,152.0,0.13381,304.0
1753617162913,11:52:42.913,gateio,AERGO/USDT:USDT,0.13364,7.0,0.13363,38.0,0.13376,152.0,0.13381,304.0
1753617163015,11:52:43.015,gateio,AERGO/USDT:USDT,0.13364,7.0,0.13363,38.0,0.13376,152.0,0.13381,304.0
1753617163115,11:52:43.115,gateio,AERGO/USDT:USDT,0.13364,7.0,0.13363,38.0,0.13376,152.0,0.13381,304.0
1753617163213,11:52:43.213,gateio,AERGO/USDT:USDT,0.13364,7.0,0.13363,38.0,0.13376,152.0,0.13381,304.0
1753617163313,11:52:43.313,gateio,AERGO/USDT:USDT,0.13364,7.0,0.13363,38.0,0.13376,152.0,0.13381,304.0
1753617163413,11:52:43.413,gateio,AERGO/USDT:USDT,0.13364,7.0,0.13363,38.0,0.13376,152.0,0.13381,304.0
1753617163513,11:52:43.513,gateio,AERGO/USDT:USDT,0.13364,7.0,0.13363,38.0,0.13376,152.0,0.13381,304.0
1753617163615,11:52:43.615,gateio,AERGO/USDT:USDT,0.13364,7.0,0.13363,38.0,0.13376,152.0,0.13381,304.0
1753617163715,11:52:43.715,gateio,AERGO/USDT:USDT,0.13364,7.0,0.13363,38.0,0.13376,152.0,0.13381,304.0
1753617163814,11:52:43.814,gateio,AERGO/USDT:USDT,0.13364,7.0,0.13363,38.0,0.13376,152.0,0.13381,304.0
1753617163914,11:52:43.914,gateio,AERGO/USDT:USDT,0.13364,7.0,0.13363,38.0,0.13376,152.0,0.13381,304.0
1753617164013,11:52:44.013,gateio,AERGO/USDT:USDT,0.13364,7.0,0.13363,38.0,0.13376,152.0,0.13381,304.0
1753617164113,11:52:44.113,gateio,AERGO/USDT:USDT,0.13364,7.0,0.13363,38.0,0.13376,152.0,0.13381,304.0
1753617164216,11:52:44.216,gateio,AERGO/USDT:USDT,0.13364,7.0,0.13363,38.0,0.13376,152.0,0.13381,304.0
1753617164316,11:52:44.316,gateio,AERGO/USDT:USDT,0.13364,7.0,0.13363,38.0,0.13376,152.0,0.13381,304.0
1753617164414,11:52:44.414,gateio,AERGO/USDT:USDT,0.13364,7.0,0.13363,38.0,0.13376,152.0,0.13381,304.0
1753617164515,11:52:44.515,gateio,AERGO/USDT:USDT,0.13364,7.0,0.13363,38.0,0.13376,152.0,0.13381,304.0
1753617164614,11:52:44.614,gateio,AERGO/USDT:USDT,0.13364,7.0,0.13363,38.0,0.13376,152.0,0.13381,304.0
1753617164713,11:52:44.713,gateio,AERGO/USDT:USDT,0.13364,7.0,0.13363,38.0,0.13376,152.0,0.13381,304.0
1753617164814,11:52:44.814,gateio,AERGO/USDT:USDT,0.13364,7.0,0.13363,38.0,0.13376,152.0,0.13381,304.0
1753617164913,11:52:44.913,gateio,AERGO/USDT:USDT,0.13364,7.0,0.13363,38.0,0.13376,152.0,0.13381,304.0
1753617165020,11:52:45.020,gateio,AERGO/USDT:USDT,0.13364,7.0,0.13363,38.0,0.13376,152.0,0.13381,304.0
1753617165315,11:52:45.315,gateio,AERGO/USDT:USDT,0.13364,7.0,0.13363,38.0,0.13376,152.0,0.13381,304.0
1753617165415,11:52:45.415,gateio,AERGO/USDT:USDT,0.13364,7.0,0.13363,38.0,0.13376,152.0,0.13381,304.0
1753617165514,11:52:45.514,gateio,AERGO/USDT:USDT,0.13364,7.0,0.13363,38.0,0.13376,152.0,0.13381,304.0
1753617165615,11:52:45.615,gateio,AERGO/USDT:USDT,0.13364,7.0,0.13363,38.0,0.13376,152.0,0.13381,304.0
1753617165713,11:52:45.713,gateio,AERGO/USDT:USDT,0.13364,7.0,0.13363,38.0,0.13376,152.0,0.13381,304.0
1753617165815,11:52:45.815,gateio,AERGO/USDT:USDT,0.13364,7.0,0.13363,38.0,0.13376,152.0,0.13381,304.0
1753617165913,11:52:45.913,gateio,AERGO/USDT:USDT,0.13364,7.0,0.13363,38.0,0.13376,152.0,0.13381,304.0
1753617166016,11:52:46.016,gateio,AERGO/USDT:USDT,0.13364,7.0,0.13363,38.0,0.13376,152.0,0.13381,304.0
1753617166115,11:52:46.115,gateio,AERGO/USDT:USDT,0.13364,7.0,0.13363,38.0,0.13376,152.0,0.13381,304.0
1753617166213,11:52:46.213,gateio,AERGO/USDT:USDT,0.13364,7.0,0.13363,38.0,0.13376,152.0,0.13381,304.0
1753617166315,11:52:46.315,gateio,AERGO/USDT:USDT,0.13364,7.0,0.13363,38.0,0.13376,152.0,0.13381,304.0
1753617166415,11:52:46.415,gateio,AERGO/USDT:USDT,0.13364,7.0,0.13363,38.0,0.13376,152.0,0.13381,304.0
1753617166513,11:52:46.513,gateio,AERGO/USDT:USDT,0.13364,7.0,0.13363,38.0,0.13376,152.0,0.13381,304.0
1753617166613,11:52:46.613,gateio,AERGO/USDT:USDT,0.13364,7.0,0.13363,38.0,0.13376,152.0,0.13381,304.0
1753617166715,11:52:46.715,gateio,AERGO/USDT:USDT,0.13364,7.0,0.13363,38.0,0.13376,152.0,0.13381,304.0
1753617166813,11:52:46.813,gateio,AERGO/USDT:USDT,0.13364,7.0,0.13363,38.0,0.13376,152.0,0.13381,304.0
1753617166913,11:52:46.913,gateio,AERGO/USDT:USDT,0.13364,7.0,0.13363,38.0,0.13376,152.0,0.13381,304.0
1753617167013,11:52:47.013,gateio,AERGO/USDT:USDT,0.13364,7.0,0.13363,38.0,0.13376,152.0,0.13381,304.0
1753617167114,11:52:47.114,gateio,AERGO/USDT:USDT,0.13364,7.0,0.13363,38.0,0.13376,152.0,0.13381,304.0
1753617167215,11:52:47.215,gateio,AERGO/USDT:USDT,0.13364,7.0,0.13363,38.0,0.13376,152.0,0.13381,304.0
1753617167314,11:52:47.314,gateio,AERGO/USDT:USDT,0.13364,7.0,0.13363,38.0,0.13376,152.0,0.13381,304.0
1753617167413,11:52:47.413,gateio,AERGO/USDT:USDT,0.13364,7.0,0.13363,38.0,0.13376,152.0,0.13381,304.0
1753617167518,11:52:47.518,gateio,AERGO/USDT:USDT,0.13364,7.0,0.13363,38.0,0.13376,152.0,0.13381,304.0
1753617167573,11:52:47.573,gateio,AERGO/USDT:USDT,0.13364,7.0,0.13363,38.0,0.13376,152.0,0.13381,304.0
1753617168292,11:52:48.292,gateio,AERGO/USDT:USDT,0.13364,7.0,0.13363,38.0,0.13376,152.0,0.13381,304.0
1753617168715,11:52:48.715,gateio,AERGO/USDT:USDT,0.13364,7.0,0.13363,38.0,0.13376,152.0,0.13381,304.0
1753617168815,11:52:48.815,gateio,AERGO/USDT:USDT,0.13364,7.0,0.13363,38.0,0.13376,152.0,0.13381,304.0
1753617168913,11:52:48.913,gateio,AERGO/USDT:USDT,0.13364,7.0,0.13363,38.0,0.13376,152.0,0.13381,304.0
1753617169016,11:52:49.016,gateio,AERGO/USDT:USDT,0.13364,7.0,0.13363,38.0,0.13376,152.0,0.13381,304.0
1753617169113,11:52:49.113,gateio,AERGO/USDT:USDT,0.13364,7.0,0.13363,38.0,0.13376,152.0,0.13381,304.0
1753617169214,11:52:49.214,gateio,AERGO/USDT:USDT,0.13364,7.0,0.13363,38.0,0.13376,152.0,0.13381,304.0
1753617169314,11:52:49.314,gateio,AERGO/USDT:USDT,0.13364,7.0,0.13363,38.0,0.13376,152.0,0.13381,304.0
1753617169417,11:52:49.417,gateio,AERGO/USDT:USDT,0.13364,7.0,0.13363,38.0,0.13376,152.0,0.13381,304.0
1753617169515,11:52:49.515,gateio,AERGO/USDT:USDT,0.13364,7.0,0.13363,38.0,0.13375,152.0,0.13381,304.0
1753617169613,11:52:49.613,gateio,AERGO/USDT:USDT,0.13364,7.0,0.13363,38.0,0.13376,152.0,0.13381,304.0
1753617169713,11:52:49.713,gateio,AERGO/USDT:USDT,0.13364,7.0,0.13363,38.0,0.13376,152.0,0.13381,304.0
1753617169813,11:52:49.813,gateio,AERGO/USDT:USDT,0.13364,7.0,0.13363,38.0,0.13375,152.0,0.13381,304.0
1753617169913,11:52:49.913,gateio,AERGO/USDT:USDT,0.13364,7.0,0.13363,38.0,0.13375,152.0,0.13381,304.0
1753617170019,11:52:50.019,gateio,AERGO/USDT:USDT,0.13364,7.0,0.13363,38.0,0.13375,152.0,0.13381,304.0
1753617170116,11:52:50.116,gateio,AERGO/USDT:USDT,0.13364,7.0,0.13363,38.0,0.13375,152.0,0.13381,304.0
1753617170214,11:52:50.214,gateio,AERGO/USDT:USDT,0.13364,7.0,0.13363,38.0,0.13376,152.0,0.13381,304.0
1753617170314,11:52:50.314,gateio,AERGO/USDT:USDT,0.13364,7.0,0.13363,38.0,0.13376,152.0,0.13381,304.0
1753617170414,11:52:50.414,gateio,AERGO/USDT:USDT,0.13364,7.0,0.13363,38.0,0.13376,152.0,0.13381,304.0
1753617170519,11:52:50.519,gateio,AERGO/USDT:USDT,0.13364,7.0,0.13363,38.0,0.13376,152.0,0.13381,304.0
1753617170620,11:52:50.620,gateio,AERGO/USDT:USDT,0.13364,7.0,0.13363,38.0,0.13376,152.0,0.13381,304.0
1753617170717,11:52:50.717,gateio,AERGO/USDT:USDT,0.13364,7.0,0.13363,38.0,0.13376,152.0,0.13381,304.0
1753617170813,11:52:50.813,gateio,AERGO/USDT:USDT,0.13364,7.0,0.13363,38.0,0.13376,152.0,0.13381,304.0
1753617170871,11:52:50.871,gateio,AERGO/USDT:USDT,0.13364,7.0,0.13363,38.0,0.13381,304.0,0.13382,152.0
1753617171016,11:52:51.016,gateio,AERGO/USDT:USDT,0.13364,7.0,0.13363,38.0,0.13376,152.0,0.13381,304.0
1753617171113,11:52:51.113,gateio,AERGO/USDT:USDT,0.13364,7.0,0.13363,38.0,0.13376,152.0,0.13381,304.0
1753617171213,11:52:51.213,gateio,AERGO/USDT:USDT,0.13364,7.0,0.13363,38.0,0.13376,152.0,0.13381,304.0
1753617171319,11:52:51.319,gateio,AERGO/USDT:USDT,0.13364,7.0,0.13363,38.0,0.13376,152.0,0.13381,304.0
1753617171371,11:52:51.371,gateio,AERGO/USDT:USDT,0.13364,7.0,0.13363,38.0,0.13381,304.0,0.13382,152.0
1753617171515,11:52:51.515,gateio,AERGO/USDT:USDT,0.13366,1.0,0.13364,7.0,0.13376,152.0,0.13381,304.0
1753617171617,11:52:51.617,gateio,AERGO/USDT:USDT,0.13368,1.0,0.13365,14.0,0.13381,304.0,0.13382,152.0
1753617171671,11:52:51.671,gateio,AERGO/USDT:USDT,0.13368,1.0,0.13365,14.0,0.13381,304.0,0.13382,152.0
1753617171814,11:52:51.814,gateio,AERGO/USDT:USDT,0.1337,1.0,0.13365,14.0,0.13376,152.0,0.13381,304.0
1753617171871,11:52:51.871,gateio,AERGO/USDT:USDT,0.1337,1.0,0.13364,7.0,0.13381,304.0,0.13382,152.0
1753617172205,11:52:52.205,gateio,AERGO/USDT:USDT,0.1337,1.0,0.13365,14.0,0.13381,304.0,0.13382,152.0
1753617172236,11:52:52.236,gateio,AERGO/USDT:USDT,0.1337,1.0,0.13365,28.0,0.13381,304.0,0.13382,152.0
1753617173192,11:52:53.192,gateio,AERGO/USDT:USDT,0.1337,1.0,0.13365,28.0,0.13381,304.0,0.13382,152.0
1753617173236,11:52:53.236,gateio,AERGO/USDT:USDT,0.1337,1.0,0.13365,14.0,0.13381,304.0,0.13382,152.0
1753617173436,11:52:53.436,gateio,AERGO/USDT:USDT,0.1337,1.0,0.13365,14.0,0.13381,304.0,0.13382,152.0
1753617174262,11:52:54.262,gateio,AERGO/USDT:USDT,0.1337,1.0,0.13365,14.0,0.13381,304.0,0.13382,152.0
1753617174724,11:52:54.724,gateio,AERGO/USDT:USDT,0.13365,14.0,0.13364,7.0,0.13381,304.0,0.13382,152.0
1753617174747,11:52:54.747,gateio,AERGO/USDT:USDT,0.13365,14.0,0.13364,7.0,0.13381,304.0,0.13382,152.0
1753617177803,11:52:57.803,gateio,AERGO/USDT:USDT,0.13365,14.0,0.13364,7.0,0.13381,304.0,0.13382,152.0
1753617182427,11:53:02.427,gateio,AERGO/USDT:USDT,0.13364,21.0,0.13363,14.0,0.13381,304.0,0.13382,152.0
1753617183462,11:53:03.462,gateio,AERGO/USDT:USDT,0.13364,21.0,0.13363,14.0,0.13381,304.0,0.13382,152.0
1753617183694,11:53:03.694,gateio,AERGO/USDT:USDT,0.13364,21.0,0.13363,14.0,0.13381,229.0,0.13382,152.0
1753617183792,11:53:03.792,gateio,AERGO/USDT:USDT,0.13366,1.0,0.13365,50.0,0.13381,229.0,0.13382,152.0
1753617183922,11:53:03.922,gateio,AERGO/USDT:USDT,0.13366,28.0,0.13365,50.0,0.13382,152.0,0.13385,15.0
1753617184007,11:53:04.007,gateio,AERGO/USDT:USDT,0.13366,28.0,0.13365,50.0,0.13382,152.0,0.13385,15.0
1753617184059,11:53:04.059,gateio,AERGO/USDT:USDT,0.13366,78.0,0.13365,50.0,0.13382,152.0,0.13385,15.0
1753617184354,11:53:04.354,gateio,AERGO/USDT:USDT,0.13366,78.0,0.13365,50.0,0.13382,152.0,0.13385,15.0
1753617184450,11:53:04.450,gateio,AERGO/USDT:USDT,0.13367,1.0,0.13366,78.0,0.13382,152.0,0.13385,15.0
1753617185049,11:53:05.049,gateio,AERGO/USDT:USDT,0.13367,1.0,0.13366,28.0,0.13382,152.0,0.13385,15.0
1753617185520,11:53:05.520,gateio,AERGO/USDT:USDT,0.13367,1.0,0.13366,28.0,0.13382,152.0,0.13385,15.0
1753617185715,11:53:05.715,gateio,AERGO/USDT:USDT,0.13368,8.0,0.13366,28.0,0.13382,152.0,0.13385,15.0
1753617185775,11:53:05.775,gateio,AERGO/USDT:USDT,0.13368,8.0,0.13367,14.0,0.13382,152.0,0.13385,15.0
1753617185920,11:53:05.920,gateio,AERGO/USDT:USDT,0.13368,22.0,0.13366,14.0,0.13382,152.0,0.13385,15.0
1753617186674,11:53:06.674,gateio,AERGO/USDT:USDT,0.13368,22.0,0.13366,14.0,0.13382,152.0,0.13385,15.0
1753617187018,11:53:07.018,gateio,AERGO/USDT:USDT,0.13368,22.0,0.13366,14.0,0.13382,152.0,0.13385,15.0
1753617187171,11:53:07.171,gateio,AERGO/USDT:USDT,0.13368,22.0,0.13366,14.0,0.13382,152.0,0.13385,15.0
1753617188015,11:53:08.015,gateio,AERGO/USDT:USDT,0.13368,22.0,0.13366,14.0,0.13382,152.0,0.13385,15.0
1753617188036,11:53:08.036,gateio,AERGO/USDT:USDT,0.13368,22.0,0.13363,14.0,0.13382,152.0,0.13385,15.0
1753617188571,11:53:08.571,gateio,AERGO/USDT:USDT,0.13368,22.0,0.13363,14.0,0.13382,152.0,0.13385,15.0
1753617189011,11:53:09.011,gateio,AERGO/USDT:USDT,0.13368,22.0,0.13364,50.0,0.13382,152.0,0.13385,15.0
1753617189036,11:53:09.036,gateio,AERGO/USDT:USDT,0.13368,22.0,0.13365,14.0,0.13382,152.0,0.13385,15.0
1753617190011,11:53:10.011,gateio,AERGO/USDT:USDT,0.13368,22.0,0.13366,50.0,0.13382,152.0,0.13385,15.0
1753617190038,11:53:10.038,gateio,AERGO/USDT:USDT,0.13368,22.0,0.13367,14.0,0.13382,152.0,0.13385,15.0
1753617190981,11:53:10.981,gateio,AERGO/USDT:USDT,0.13368,22.0,0.13367,14.0,0.13382,152.0,0.13385,15.0
1753617191040,11:53:11.040,gateio,AERGO/USDT:USDT,0.13368,22.0,0.13363,14.0,0.13382,152.0,0.13385,15.0
1753617191652,11:53:11.652,gateio,AERGO/USDT:USDT,0.13369,1.0,0.13368,7.0,0.13382,152.0,0.13385,15.0
1753617191772,11:53:11.772,gateio,AERGO/USDT:USDT,0.13369,1.0,0.13368,21.0,0.13382,152.0,0.13385,15.0
1753617191971,11:53:11.971,gateio,AERGO/USDT:USDT,0.13369,1.0,0.13368,21.0,0.13382,152.0,0.13385,15.0
1753617192038,11:53:12.038,gateio,AERGO/USDT:USDT,0.13369,1.0,0.13368,21.0,0.13382,152.0,0.13385,15.0
1753617192967,11:53:12.967,gateio,AERGO/USDT:USDT,0.13369,1.0,0.13368,21.0,0.13382,152.0,0.13385,15.0
1753617193051,11:53:13.051,gateio,AERGO/USDT:USDT,0.13369,1.0,0.13368,21.0,0.13382,152.0,0.13385,15.0
1753617193948,11:53:13.948,gateio,AERGO/USDT:USDT,0.13369,1.0,0.13368,21.0,0.13382,152.0,0.13385,15.0
1753617194051,11:53:14.051,gateio,AERGO/USDT:USDT,0.13369,1.0,0.13368,21.0,0.13382,152.0,0.13385,15.0
1753617194936,11:53:14.936,gateio,AERGO/USDT:USDT,0.13369,1.0,0.13368,21.0,0.13382,152.0,0.13385,15.0
1753617195036,11:53:15.036,gateio,AERGO/USDT:USDT,0.13369,1.0,0.13368,21.0,0.13382,152.0,0.13385,15.0
1753617195926,11:53:15.926,gateio,AERGO/USDT:USDT,0.13369,1.0,0.13368,21.0,0.13382,152.0,0.13385,15.0
1753617196015,11:53:16.015,gateio,AERGO/USDT:USDT,0.1337,1.0,0.13368,21.0,0.13382,152.0,0.13385,15.0
1753617196081,11:53:16.081,gateio,AERGO/USDT:USDT,0.1337,7.0,0.13368,21.0,0.13382,152.0,0.13385,15.0
1753617196137,11:53:16.137,gateio,AERGO/USDT:USDT,0.1337,7.0,0.13368,21.0,0.13382,152.0,0.13385,15.0
1753617196915,11:53:16.915,gateio,AERGO/USDT:USDT,0.1337,7.0,0.13368,21.0,0.13382,152.0,0.13385,15.0
1753617196936,11:53:16.936,gateio,AERGO/USDT:USDT,0.1337,7.0,0.13368,21.0,0.13382,152.0,0.13385,15.0
1753617197273,11:53:17.273,gateio,AERGO/USDT:USDT,0.1337,7.0,0.13368,21.0,0.13382,152.0,0.13385,15.0
1753617197779,11:53:17.779,gateio,AERGO/USDT:USDT,0.1337,7.0,0.13368,21.0,0.13382,152.0,0.13388,348.0
1753617198028,11:53:18.028,gateio,AERGO/USDT:USDT,0.13372,1.0,0.1337,6.0,0.13383,152.0,0.13388,168.0
1753617198113,11:53:18.113,gateio,AERGO/USDT:USDT,0.13371,1.0,0.1337,6.0,0.13383,152.0,0.13388,168.0
1753617198300,11:53:18.300,gateio,AERGO/USDT:USDT,0.13371,1.0,0.1337,6.0,0.13383,152.0,0.13388,168.0
1753617198492,11:53:18.492,gateio,AERGO/USDT:USDT,0.13371,1.0,0.1337,6.0,0.13383,152.0,0.13388,168.0
1753617198655,11:53:18.655,gateio,AERGO/USDT:USDT,0.1337,7.0,0.13368,21.0,0.13383,152.0,0.13388,168.0
1753617199619,11:53:19.619,gateio,AERGO/USDT:USDT,0.1337,7.0,0.13368,21.0,0.13383,152.0,0.13388,168.0
1753617199631,11:53:19.631,gateio,AERGO/USDT:USDT,0.1337,7.0,0.13368,21.0,0.13383,152.0,0.13388,168.0
1753617199740,11:53:19.740,gateio,AERGO/USDT:USDT,0.1337,7.0,0.13368,21.0,0.13383,152.0,0.13388,168.0
1753617200003,11:53:20.003,gateio,AERGO/USDT:USDT,0.1337,7.0,0.13368,21.0,0.13383,152.0,0.13388,168.0
1753617200077,11:53:20.077,gateio,AERGO/USDT:USDT,0.1337,6.0,0.13369,1.0,0.13383,152.0,0.13388,168.0
1753617202771,11:53:22.771,gateio,AERGO/USDT:USDT,0.13372,1.0,0.1337,6.0,0.13383,152.0,0.13388,168.0
1753617202923,11:53:22.923,gateio,AERGO/USDT:USDT,0.13372,1.0,0.1337,6.0,0.13383,152.0,0.13388,168.0
1753617202992,11:53:22.992,gateio,AERGO/USDT:USDT,0.13372,1.0,0.1337,6.0,0.13383,152.0,0.13388,168.0
1753617203841,11:53:23.841,gateio,AERGO/USDT:USDT,0.13372,8.0,0.13371,13.0,0.13383,152.0,0.13388,168.0
1753617203940,11:53:23.940,gateio,AERGO/USDT:USDT,0.13372,8.0,0.13371,27.0,0.13383,152.0,0.13388,168.0
1753617204036,11:53:24.036,gateio,AERGO/USDT:USDT,0.13372,8.0,0.13371,41.0,0.13383,152.0,0.13388,168.0
1753617205002,11:53:25.002,gateio,AERGO/USDT:USDT,0.13372,8.0,0.13371,41.0,0.13383,152.0,0.13388,168.0
1753617205471,11:53:25.471,gateio,AERGO/USDT:USDT,0.13372,8.0,0.13371,41.0,0.13383,152.0,0.13388,168.0
1753617205545,11:53:25.545,gateio,AERGO/USDT:USDT,0.13372,8.0,0.13371,41.0,0.13383,152.0,0.13388,168.0
1753617206595,11:53:26.595,gateio,AERGO/USDT:USDT,0.13371,28.0,0.1337,7.0,0.13383,152.0,0.13388,168.0
1753617206636,11:53:26.636,gateio,AERGO/USDT:USDT,0.13371,21.0,0.1337,7.0,0.13383,152.0,0.13388,168.0
1753617206803,11:53:26.803,gateio,AERGO/USDT:USDT,0.13371,21.0,0.1337,7.0,0.13383,152.0,0.13388,168.0
1753617206839,11:53:26.839,gateio,AERGO/USDT:USDT,0.13371,21.0,0.1337,7.0,0.13383,152.0,0.13388,168.0
1753617207791,11:53:27.791,gateio,AERGO/USDT:USDT,0.13371,21.0,0.1337,7.0,0.13383,152.0,0.13388,168.0
1753617207836,11:53:27.836,gateio,AERGO/USDT:USDT,0.13371,21.0,0.1337,7.0,0.13383,152.0,0.13388,168.0
1753617208013,11:53:28.013,gateio,AERGO/USDT:USDT,0.13371,22.0,0.1337,6.0,0.13383,152.0,0.13388,168.0
1753617208094,11:53:28.094,gateio,AERGO/USDT:USDT,0.13371,22.0,0.1337,6.0,0.13383,152.0,0.13388,168.0
1753617208781,11:53:28.781,gateio,AERGO/USDT:USDT,0.13371,22.0,0.1337,6.0,0.13383,152.0,0.13388,168.0
1753617208836,11:53:28.836,gateio,AERGO/USDT:USDT,0.13371,22.0,0.1337,6.0,0.13383,152.0,0.13388,168.0
1753617209792,11:53:29.792,gateio,AERGO/USDT:USDT,0.13372,1.0,0.13371,21.0,0.13383,152.0,0.13388,168.0
1753617209839,11:53:29.839,gateio,AERGO/USDT:USDT,0.13372,1.0,0.13371,21.0,0.13383,152.0,0.13388,168.0
1753617210007,11:53:30.007,gateio,AERGO/USDT:USDT,0.13372,1.0,0.13371,21.0,0.13383,152.0,0.13388,168.0
1753617210284,11:53:30.284,gateio,AERGO/USDT:USDT,0.13372,1.0,0.13371,21.0,0.13383,152.0,0.13388,168.0
1753617213006,11:53:33.006,gateio,AERGO/USDT:USDT,0.13372,1.0,0.13371,21.0,0.13383,152.0,0.13388,168.0
1753617215683,11:53:35.683,gateio,AERGO/USDT:USDT,0.13372,1.0,0.13371,7.0,0.13383,152.0,0.13388,168.0
1753617217342,11:53:37.342,gateio,AERGO/USDT:USDT,0.13372,1.0,0.13371,7.0,0.13383,152.0,0.13388,168.0
1753617217806,11:53:37.806,gateio,AERGO/USDT:USDT,0.13372,1.0,0.13371,7.0,0.13383,152.0,0.13388,168.0
1753617218211,11:53:38.211,gateio,AERGO/USDT:USDT,0.13372,1.0,0.13371,7.0,0.13383,152.0,0.13388,168.0
1753617219662,11:53:39.662,gateio,AERGO/USDT:USDT,0.13372,15.0,0.13371,7.0,0.13385,152.0,0.13388,168.0
1753617219739,11:53:39.739,gateio,AERGO/USDT:USDT,0.13372,1.0,0.13371,21.0,0.13385,152.0,0.13388,168.0
1753617219888,11:53:39.888,gateio,AERGO/USDT:USDT,0.13372,1.0,0.13371,21.0,0.13385,152.0,0.13388,168.0
1753617220028,11:53:40.028,gateio,AERGO/USDT:USDT,0.13371,22.0,0.1337,6.0,0.13385,152.0,0.13388,168.0
1753617223400,11:53:43.400,gateio,AERGO/USDT:USDT,0.13372,1.0,0.13371,21.0,0.13385,152.0,0.13388,168.0
1753617223519,11:53:43.519,gateio,AERGO/USDT:USDT,0.13372,1.0,0.13371,21.0,0.13385,152.0,0.13388,168.0
1753617223619,11:53:43.619,gateio,AERGO/USDT:USDT,0.13373,1.0,0.13371,21.0,0.13385,152.0,0.13388,168.0
1753617223653,11:53:43.653,gateio,AERGO/USDT:USDT,0.13373,1.0,0.13371,21.0,0.13385,152.0,0.13388,168.0
1753617228715,11:53:48.715,gateio,AERGO/USDT:USDT,0.13373,1.0,0.13371,21.0,0.13385,152.0,0.13388,168.0
1753617228823,11:53:48.823,gateio,AERGO/USDT:USDT,0.13373,1.0,0.13371,21.0,0.13385,152.0,0.13388,168.0
1753617229112,11:53:49.112,gateio,AERGO/USDT:USDT,0.13373,1.0,0.13371,21.0,0.13385,152.0,0.13388,168.0
1753617229561,11:53:49.561,gateio,AERGO/USDT:USDT,0.13373,1.0,0.13371,21.0,0.13385,152.0,0.13388,168.0
1753617229670,11:53:49.670,gateio,AERGO/USDT:USDT,0.13373,1.0,0.13371,21.0,0.13385,152.0,0.13388,168.0
1753617230199,11:53:50.199,gateio,AERGO/USDT:USDT,0.13375,13.0,0.13374,28.0,0.13385,152.0,0.13388,168.0
1753617230303,11:53:50.303,gateio,AERGO/USDT:USDT,0.13377,1.0,0.13375,26.0,0.13385,152.0,0.13388,168.0
1753617230391,11:53:50.391,gateio,AERGO/USDT:USDT,0.13379,1.0,0.13375,26.0,0.13385,152.0,0.13388,168.0
1753617230506,11:53:50.506,gateio,AERGO/USDT:USDT,0.13381,1.0,0.13375,26.0,0.13385,152.0,0.13388,168.0
1753617230549,11:53:50.549,gateio,AERGO/USDT:USDT,0.13381,1.0,0.13375,20.0,0.13385,152.0,0.13388,168.0
1753617230640,11:53:50.640,gateio,AERGO/USDT:USDT,0.13381,1.0,0.13375,6.0,0.13385,152.0,0.13388,168.0
1753617231225,11:53:51.225,gateio,AERGO/USDT:USDT,0.13381,1.0,0.13375,6.0,0.13385,152.0,0.13388,168.0
1753617231293,11:53:51.293,gateio,AERGO/USDT:USDT,0.13381,1.0,0.13375,6.0,0.13385,152.0,0.13388,168.0
1753617232304,11:53:52.304,gateio,AERGO/USDT:USDT,0.13381,1.0,0.13375,6.0,0.13388,168.0,0.1339,229.0
1753617232405,11:53:52.405,gateio,AERGO/USDT:USDT,0.13381,1.0,0.13375,6.0,0.13388,168.0,0.1339,229.0
1753617232523,11:53:52.523,gateio,AERGO/USDT:USDT,0.13381,1.0,0.13375,6.0,0.13388,168.0,0.1339,229.0
1753617232599,11:53:52.599,gateio,AERGO/USDT:USDT,0.13381,1.0,0.13375,6.0,0.13388,168.0,0.1339,229.0
1753617232713,11:53:52.713,gateio,AERGO/USDT:USDT,0.13381,1.0,0.13375,6.0,0.13386,152.0,0.13388,168.0
1753617232824,11:53:52.824,gateio,AERGO/USDT:USDT,0.13381,1.0,0.13375,6.0,0.13386,152.0,0.13388,168.0
1753617233643,11:53:53.643,gateio,AERGO/USDT:USDT,0.13381,1.0,0.13375,6.0,0.13386,152.0,0.13388,168.0
1753617233764,11:53:53.764,gateio,AERGO/USDT:USDT,0.13381,1.0,0.13375,6.0,0.13386,152.0,0.13388,168.0
1753617234065,11:53:54.065,gateio,AERGO/USDT:USDT,0.13381,1.0,0.13375,6.0,0.13386,152.0,0.13388,168.0
1753617234454,11:53:54.454,gateio,AERGO/USDT:USDT,0.13381,1.0,0.13375,6.0,0.13386,152.0,0.13388,168.0
1753617234550,11:53:54.550,gateio,AERGO/USDT:USDT,0.13381,1.0,0.13375,6.0,0.13388,168.0,0.1339,229.0
1753617234634,11:53:54.634,gateio,AERGO/USDT:USDT,0.13381,1.0,0.13375,6.0,0.13388,168.0,0.1339,229.0
1753617234737,11:53:54.737,gateio,AERGO/USDT:USDT,0.13381,1.0,0.13375,6.0,0.13388,168.0,0.1339,229.0
1753617234912,11:53:54.912,gateio,AERGO/USDT:USDT,0.13381,1.0,0.13375,6.0,0.1339,397.0,0.13391,75.0
1753617234936,11:53:54.936,gateio,AERGO/USDT:USDT,0.13381,1.0,0.13375,6.0,0.1339,397.0,0.13391,75.0
1753617235710,11:53:55.710,gateio,AERGO/USDT:USDT,0.13381,1.0,0.13375,6.0,0.1339,397.0,0.13391,75.0
1753617236760,11:53:56.760,gateio,AERGO/USDT:USDT,0.13381,1.0,0.13375,6.0,0.1339,397.0,0.13391,75.0
1753617236842,11:53:56.842,gateio,AERGO/USDT:USDT,0.13381,1.0,0.13375,6.0,0.1339,397.0,0.13391,75.0
1753617236934,11:53:56.934,gateio,AERGO/USDT:USDT,0.13381,1.0,0.13375,6.0,0.1339,397.0,0.13391,75.0
1753617237366,11:53:57.366,gateio,AERGO/USDT:USDT,0.13381,1.0,0.13375,6.0,0.1339,397.0,0.13391,75.0
1753617239392,11:53:59.392,gateio,AERGO/USDT:USDT,0.13381,1.0,0.13374,14.0,0.1339,397.0,0.13391,75.0
1753617239432,11:53:59.432,gateio,AERGO/USDT:USDT,0.13381,1.0,0.13374,14.0,0.1339,397.0,0.13391,75.0
1753617239566,11:53:59.566,gateio,AERGO/USDT:USDT,0.13381,1.0,0.13374,14.0,0.1339,397.0,0.13391,75.0
1753617240296,11:54:00.296,gateio,AERGO/USDT:USDT,0.13381,1.0,0.13374,14.0,0.1339,397.0,0.13391,75.0
1753617240712,11:54:00.712,gateio,AERGO/USDT:USDT,0.13382,1.0,0.13374,14.0,0.1339,397.0,0.13391,75.0
1753617240744,11:54:00.744,gateio,AERGO/USDT:USDT,0.13382,1.0,0.13374,14.0,0.1339,397.0,0.13391,75.0
1753617241836,11:54:01.836,gateio,AERGO/USDT:USDT,0.13382,1.0,0.13374,14.0,0.1339,168.0,0.13392,152.0
1753617242026,11:54:02.026,gateio,AERGO/USDT:USDT,0.13382,1.0,0.13374,14.0,0.1339,168.0,0.13392,152.0
1753617242092,11:54:02.092,gateio,AERGO/USDT:USDT,0.13382,1.0,0.13374,14.0,0.1339,168.0,0.13391,229.0
1753617242218,11:54:02.218,gateio,AERGO/USDT:USDT,0.13382,1.0,0.13374,14.0,0.1339,168.0,0.13391,229.0
1753617242411,11:54:02.411,gateio,AERGO/USDT:USDT,0.13382,1.0,0.13374,14.0,0.1339,168.0,0.13391,229.0
1753617242672,11:54:02.672,gateio,AERGO/USDT:USDT,0.13378,6.0,0.13374,14.0,0.1339,168.0,0.13391,229.0
1753617242814,11:54:02.814,gateio,AERGO/USDT:USDT,0.13378,12.0,0.13374,14.0,0.1339,168.0,0.13391,229.0
1753617243596,11:54:03.596,gateio,AERGO/USDT:USDT,0.13378,26.0,0.13372,14.0,0.13391,397.0,0.13392,152.0
1753617244012,11:54:04.012,gateio,AERGO/USDT:USDT,0.13378,26.0,0.13372,14.0,0.13391,397.0,0.13392,152.0
1753617244040,11:54:04.040,gateio,AERGO/USDT:USDT,0.13378,26.0,0.13372,14.0,0.13391,397.0,0.13392,152.0
1753617244259,11:54:04.259,gateio,AERGO/USDT:USDT,0.13378,26.0,0.13372,14.0,0.13391,397.0,0.13392,152.0
1753617246710,11:54:06.710,gateio,AERGO/USDT:USDT,0.13378,26.0,0.13372,14.0,0.13391,397.0,0.13392,152.0
1753617251375,11:54:11.375,gateio,AERGO/USDT:USDT,0.13377,1.0,0.13373,14.0,0.13391,397.0,0.13392,152.0
1753617251434,11:54:11.434,gateio,AERGO/USDT:USDT,0.13377,1.0,0.13373,14.0,0.13391,397.0,0.13392,152.0
1753617251612,11:54:11.612,gateio,AERGO/USDT:USDT,0.13378,1.0,0.13373,14.0,0.13391,397.0,0.13392,152.0
1753617252081,11:54:12.081,gateio,AERGO/USDT:USDT,0.13378,1.0,0.13372,28.0,0.13386,152.0,0.13391,472.0
1753617252134,11:54:12.134,gateio,AERGO/USDT:USDT,0.13378,1.0,0.13372,28.0,0.13386,152.0,0.13391,472.0
1753617252343,11:54:12.343,gateio,AERGO/USDT:USDT,0.13378,1.0,0.13372,28.0,0.13386,152.0,0.13391,472.0
1753617252759,11:54:12.759,gateio,AERGO/USDT:USDT,0.13378,1.0,0.13372,28.0,0.13386,152.0,0.13391,472.0
1753617253228,11:54:13.228,gateio,AERGO/USDT:USDT,0.13378,1.0,0.13372,28.0,0.13386,152.0,0.13391,472.0
1753617253232,11:54:13.232,gateio,AERGO/USDT:USDT,0.13378,1.0,0.13375,10.0,0.13386,152.0,0.13391,472.0
1753617253730,11:54:13.730,gateio,AERGO/USDT:USDT,0.13378,1.0,0.13377,10.0,0.13386,152.0,0.13391,472.0
1753617253766,11:54:13.766,gateio,AERGO/USDT:USDT,0.13377,11.0,0.13376,24.0,0.13386,152.0,0.13391,472.0
1753617253835,11:54:13.835,gateio,AERGO/USDT:USDT,0.13377,11.0,0.13376,10.0,0.13386,152.0,0.13391,472.0
1753617253935,11:54:13.935,gateio,AERGO/USDT:USDT,0.13377,11.0,0.13376,24.0,0.13386,152.0,0.13391,472.0
1753617255163,11:54:15.163,gateio,AERGO/USDT:USDT,0.13377,11.0,0.13376,24.0,0.13386,152.0,0.13391,472.0
1753617256252,11:54:16.252,gateio,AERGO/USDT:USDT,0.13377,25.0,0.13376,24.0,0.13391,472.0,0.13392,152.0
1753617256333,11:54:16.333,gateio,AERGO/USDT:USDT,0.13377,25.0,0.13376,24.0,0.13391,472.0,0.13392,152.0
1753617256475,11:54:16.475,gateio,AERGO/USDT:USDT,0.13377,25.0,0.13376,24.0,0.13391,472.0,0.13392,152.0
1753617256819,11:54:16.819,gateio,AERGO/USDT:USDT,0.13377,25.0,0.13376,24.0,0.13391,472.0,0.13392,152.0
1753617256887,11:54:16.887,gateio,AERGO/USDT:USDT,0.13377,25.0,0.13376,24.0,0.13391,472.0,0.13392,152.0
1753617257703,11:54:17.703,gateio,AERGO/USDT:USDT,0.13377,25.0,0.13376,24.0,0.13391,472.0,0.13392,152.0
1753617259493,11:54:19.493,gateio,AERGO/USDT:USDT,0.13378,1.0,0.13377,24.0,0.13391,472.0,0.13392,152.0
1753617260541,11:54:20.541,gateio,AERGO/USDT:USDT,0.13378,1.0,0.13377,24.0,0.13391,472.0,0.13392,152.0
1753617260774,11:54:20.774,gateio,AERGO/USDT:USDT,0.13378,1.0,0.13377,24.0,0.13391,472.0,0.13392,152.0
1753617260955,11:54:20.955,gateio,AERGO/USDT:USDT,0.13378,1.0,0.13377,24.0,0.13391,472.0,0.13392,152.0
1753617264842,11:54:24.842,gateio,AERGO/USDT:USDT,0.13378,1.0,0.13377,24.0,0.13391,472.0,0.13392,152.0
1753617265178,11:54:25.178,gateio,AERGO/USDT:USDT,0.13378,1.0,0.13377,24.0,0.13391,472.0,0.13392,152.0
1753617265766,11:54:25.766,gateio,AERGO/USDT:USDT,0.13378,1.0,0.13377,24.0,0.13391,397.0,0.13392,152.0
1753617266747,11:54:26.747,gateio,AERGO/USDT:USDT,0.13378,1.0,0.13377,24.0,0.13391,397.0,0.13392,152.0
1753617271010,11:54:31.010,gateio,AERGO/USDT:USDT,0.13378,1.0,0.13377,24.0,0.13391,397.0,0.13392,152.0
1753617272680,11:54:32.680,gateio,AERGO/USDT:USDT,0.13378,1.0,0.13377,24.0,0.13391,397.0,0.13392,152.0
1753617273434,11:54:33.434,gateio,AERGO/USDT:USDT,0.13378,1.0,0.13377,24.0,0.13391,397.0,0.13392,152.0
1753617273864,11:54:33.864,gateio,AERGO/USDT:USDT,0.13379,1.0,0.13377,24.0,0.13391,397.0,0.13392,152.0
1753617278579,11:54:38.579,gateio,AERGO/USDT:USDT,0.13379,1.0,0.13377,10.0,0.13386,152.0,0.1339,75.0
1753617278686,11:54:38.686,gateio,AERGO/USDT:USDT,0.13378,1.0,0.13376,14.0,0.13386,152.0,0.1339,75.0
1753617278788,11:54:38.788,gateio,AERGO/USDT:USDT,0.13378,1.0,0.13372,28.0,0.13386,152.0,0.1339,75.0
1753617279518,11:54:39.518,gateio,AERGO/USDT:USDT,0.13378,1.0,0.13372,28.0,0.13386,152.0,0.1339,75.0
1753617282292,11:54:42.292,gateio,AERGO/USDT:USDT,0.13376,1.0,0.13372,28.0,0.13386,152.0,0.1339,75.0
1753617282355,11:54:42.355,gateio,AERGO/USDT:USDT,0.13377,1.0,0.13372,28.0,0.13386,152.0,0.1339,75.0
1753617282482,11:54:42.482,gateio,AERGO/USDT:USDT,0.13377,1.0,0.13372,28.0,0.13386,152.0,0.1339,75.0
1753617282718,11:54:42.718,gateio,AERGO/USDT:USDT,0.13377,1.0,0.13372,28.0,0.13386,152.0,0.1339,75.0
1753617282773,11:54:42.773,gateio,AERGO/USDT:USDT,0.13377,1.0,0.13372,28.0,0.13386,152.0,0.1339,75.0
1753617283007,11:54:43.007,gateio,AERGO/USDT:USDT,0.13377,1.0,0.13372,28.0,0.13386,152.0,0.1339,75.0
1753617283593,11:54:43.593,gateio,AERGO/USDT:USDT,0.13377,1.0,0.13372,28.0,0.13386,152.0,0.1339,75.0
1753617284020,11:54:44.020,gateio,AERGO/USDT:USDT,0.13377,1.0,0.13372,28.0,0.13386,152.0,0.1339,75.0
1753617287022,11:54:47.022,gateio,AERGO/USDT:USDT,0.13377,1.0,0.13372,28.0,0.13386,152.0,0.1339,75.0
1753617287032,11:54:47.032,gateio,AERGO/USDT:USDT,0.13377,1.0,0.13372,28.0,0.13386,152.0,0.1339,75.0
1753617287928,11:54:47.928,gateio,AERGO/USDT:USDT,0.13372,28.0,0.13369,50.0,0.13386,152.0,0.13388,189.0
1753617288006,11:54:48.006,gateio,AERGO/USDT:USDT,0.1337,14.0,0.13369,50.0,0.1338,152.0,0.13386,167.0
1753617288112,11:54:48.112,gateio,AERGO/USDT:USDT,0.13371,14.0,0.1337,14.0,0.13386,167.0,0.13388,189.0
1753617288170,11:54:48.170,gateio,AERGO/USDT:USDT,0.13366,28.0,0.13365,50.0,0.1338,152.0,0.13386,167.0
1753617288311,11:54:48.311,gateio,AERGO/USDT:USDT,0.13366,28.0,0.13365,50.0,0.1338,152.0,0.13386,167.0
1753617288342,11:54:48.342,gateio,AERGO/USDT:USDT,0.13366,28.0,0.13365,50.0,0.1338,152.0,0.13386,167.0
1753617288495,11:54:48.495,gateio,AERGO/USDT:USDT,0.13366,28.0,0.13365,50.0,0.1338,152.0,0.13386,167.0
1753617288877,11:54:48.877,gateio,AERGO/USDT:USDT,0.13366,28.0,0.13363,1.0,0.1338,152.0,0.13386,167.0
1753617288941,11:54:48.941,gateio,AERGO/USDT:USDT,0.13364,14.0,0.13363,15.0,0.1338,152.0,0.13386,167.0
1753617289325,11:54:49.325,gateio,AERGO/USDT:USDT,0.13365,14.0,0.13363,14.0,0.1338,152.0,0.13386,167.0
1753617289591,11:54:49.591,gateio,AERGO/USDT:USDT,0.13365,14.0,0.13363,14.0,0.1338,152.0,0.13386,167.0
1753617289742,11:54:49.742,gateio,AERGO/USDT:USDT,0.13365,14.0,0.13363,14.0,0.1338,152.0,0.13386,167.0
1753617290820,11:54:50.820,gateio,AERGO/USDT:USDT,0.13365,14.0,0.13363,14.0,0.1338,152.0,0.13386,167.0
1753617290890,11:54:50.890,gateio,AERGO/USDT:USDT,0.13365,14.0,0.13363,14.0,0.1338,152.0,0.13386,167.0
1753617291621,11:54:51.621,gateio,AERGO/USDT:USDT,0.13365,14.0,0.13363,14.0,0.1338,152.0,0.13385,168.0
1753617292009,11:54:52.009,gateio,AERGO/USDT:USDT,0.13365,14.0,0.13363,14.0,0.1338,152.0,0.13384,74.0
1753617292094,11:54:52.094,gateio,AERGO/USDT:USDT,0.13365,14.0,0.13363,14.0,0.1338,152.0,0.13384,74.0
1753617292986,11:54:52.986,gateio,AERGO/USDT:USDT,0.13365,14.0,0.13363,14.0,0.1338,152.0,0.13384,74.0
1753617293384,11:54:53.384,gateio,AERGO/USDT:USDT,0.13365,14.0,0.13363,14.0,0.1338,152.0,0.13384,74.0
1753617293827,11:54:53.827,gateio,AERGO/USDT:USDT,0.13365,14.0,0.13363,14.0,0.1338,152.0,0.13384,74.0
1753617295711,11:54:55.711,gateio,AERGO/USDT:USDT,0.13365,14.0,0.13363,14.0,0.1338,152.0,0.13384,74.0
1753617297626,11:54:57.626,gateio,AERGO/USDT:USDT,0.13371,10.0,0.13365,1.0,0.13383,168.0,0.13386,152.0
1753617297709,11:54:57.709,gateio,AERGO/USDT:USDT,0.13371,5.0,0.13366,14.0,0.13386,152.0,0.13389,74.0
1753617297791,11:54:57.791,gateio,AERGO/USDT:USDT,0.13371,5.0,0.13368,14.0,0.13386,152.0,0.1339,90.0
1753617297910,11:54:57.910,gateio,AERGO/USDT:USDT,0.13371,5.0,0.13368,14.0,0.13386,152.0,0.1339,90.0
1753617298311,11:54:58.311,gateio,AERGO/USDT:USDT,0.13371,5.0,0.13368,243.0,0.13386,152.0,0.1339,90.0
1753617298371,11:54:58.371,gateio,AERGO/USDT:USDT,0.13371,5.0,0.1337,14.0,0.13386,152.0,0.1339,90.0
1753617298680,11:54:58.680,gateio,AERGO/USDT:USDT,0.13376,1.0,0.13372,14.0,0.13386,152.0,0.1339,90.0
1753617298742,11:54:58.742,gateio,AERGO/USDT:USDT,0.13376,1.0,0.13372,14.0,0.13386,152.0,0.1339,90.0
1753617298911,11:54:58.911,gateio,AERGO/USDT:USDT,0.13376,1.0,0.13375,24.0,0.13386,152.0,0.1339,90.0
1753617299162,11:54:59.162,gateio,AERGO/USDT:USDT,0.13376,1.0,0.13375,24.0,0.13386,152.0,0.1339,90.0
1753617299621,11:54:59.621,gateio,AERGO/USDT:USDT,0.13376,1.0,0.13375,24.0,0.13386,152.0,0.1339,90.0
1753617299651,11:54:59.651,gateio,AERGO/USDT:USDT,0.13376,1.0,0.13375,24.0,0.13386,152.0,0.1339,90.0
1753617299755,11:54:59.755,gateio,AERGO/USDT:USDT,0.13376,1.0,0.13375,24.0,0.13386,152.0,0.1339,90.0
1753617299991,11:54:59.991,gateio,AERGO/USDT:USDT,0.13376,1.0,0.13375,24.0,0.13386,152.0,0.1339,90.0
1753617300271,11:55:00.271,gateio,AERGO/USDT:USDT,0.13376,1.0,0.13375,24.0,0.13386,152.0,0.1339,90.0
1753617300418,11:55:00.418,gateio,AERGO/USDT:USDT,0.13376,1.0,0.13375,24.0,0.13386,152.0,0.1339,90.0
1753617302499,11:55:02.499,gateio,AERGO/USDT:USDT,0.13376,1.0,0.13375,24.0,0.13386,152.0,0.1339,90.0
1753617303404,11:55:03.404,gateio,AERGO/USDT:USDT,0.13375,24.0,0.13374,11.0,0.13386,152.0,0.1339,90.0
1753617303624,11:55:03.624,gateio,AERGO/USDT:USDT,0.13375,24.0,0.13374,11.0,0.13386,152.0,0.1339,90.0
1753617303727,11:55:03.727,gateio,AERGO/USDT:USDT,0.13375,24.0,0.13374,11.0,0.13386,152.0,0.1339,90.0
1753617303792,11:55:03.792,gateio,AERGO/USDT:USDT,0.13375,24.0,0.13374,11.0,0.13386,152.0,0.1339,90.0
1753617304044,11:55:04.044,gateio,AERGO/USDT:USDT,0.13375,24.0,0.13374,11.0,0.13386,152.0,0.1339,90.0
1753617304608,11:55:04.608,gateio,AERGO/USDT:USDT,0.13375,24.0,0.13374,11.0,0.13386,152.0,0.1339,90.0
1753617304745,11:55:04.745,gateio,AERGO/USDT:USDT,0.13375,24.0,0.13374,10.0,0.13386,152.0,0.1339,90.0
1753617307314,11:55:07.314,gateio,AERGO/USDT:USDT,0.13375,24.0,0.13374,10.0,0.13386,152.0,0.1339,90.0
1753617308009,11:55:08.009,gateio,AERGO/USDT:USDT,0.13375,24.0,0.13374,11.0,0.13386,152.0,0.1339,90.0
1753617309471,11:55:09.471,gateio,AERGO/USDT:USDT,0.13375,24.0,0.13374,11.0,0.13386,152.0,0.13389,168.0
1753617309702,11:55:09.702,gateio,AERGO/USDT:USDT,0.13375,24.0,0.13374,10.0,0.13386,152.0,0.13389,168.0
1753617309751,11:55:09.751,gateio,AERGO/USDT:USDT,0.13375,24.0,0.13374,10.0,0.13386,152.0,0.13389,168.0
1753617309962,11:55:09.962,gateio,AERGO/USDT:USDT,0.13375,24.0,0.13374,10.0,0.13386,152.0,0.13389,168.0
1753617311004,11:55:11.004,gateio,AERGO/USDT:USDT,0.13375,24.0,0.13374,10.0,0.13386,152.0,0.13389,168.0
1753617312346,11:55:12.346,gateio,AERGO/USDT:USDT,0.13375,14.0,0.13374,10.0,0.13386,152.0,0.13389,168.0
1753617312583,11:55:12.583,gateio,AERGO/USDT:USDT,0.13375,14.0,0.13374,10.0,0.13386,152.0,0.13389,168.0
1753617314892,11:55:14.892,gateio,AERGO/USDT:USDT,0.13375,14.0,0.13374,10.0,0.13386,152.0,0.13389,168.0
1753617315650,11:55:15.650,gateio,AERGO/USDT:USDT,0.13375,18.0,0.13374,10.0,0.13386,152.0,0.13389,168.0
1753617315865,11:55:15.865,gateio,AERGO/USDT:USDT,0.13375,14.0,0.13374,10.0,0.13386,152.0,0.13389,168.0
1753617316353,11:55:16.353,gateio,AERGO/USDT:USDT,0.13375,14.0,0.13374,10.0,0.13386,152.0,0.13389,168.0
1753617316701,11:55:16.701,gateio,AERGO/USDT:USDT,0.13371,1.0,0.1337,14.0,0.13386,152.0,0.13389,168.0
1753617316733,11:55:16.733,gateio,AERGO/USDT:USDT,0.13371,1.0,0.1337,14.0,0.13386,152.0,0.13389,168.0
1753617316832,11:55:16.832,gateio,AERGO/USDT:USDT,0.13371,1.0,0.1337,14.0,0.13386,152.0,0.13389,168.0
1753617317002,11:55:17.002,gateio,AERGO/USDT:USDT,0.13371,1.0,0.1337,14.0,0.13386,152.0,0.13389,168.0
1753617317171,11:55:17.171,gateio,AERGO/USDT:USDT,0.13371,1.0,0.1337,14.0,0.13386,152.0,0.13389,168.0
1753617319208,11:55:19.208,gateio,AERGO/USDT:USDT,0.13371,1.0,0.1337,14.0,0.13386,152.0,0.13389,168.0
1753617319997,11:55:19.997,gateio,AERGO/USDT:USDT,0.13371,1.0,0.1337,14.0,0.13386,152.0,0.13389,168.0
1753617320063,11:55:20.063,gateio,AERGO/USDT:USDT,0.13371,1.0,0.1337,14.0,0.13386,152.0,0.13389,168.0
1753617320273,11:55:20.273,gateio,AERGO/USDT:USDT,0.13371,1.0,0.1337,14.0,0.13386,152.0,0.13389,168.0
1753617320482,11:55:20.482,gateio,AERGO/USDT:USDT,0.13371,1.0,0.1337,14.0,0.13386,152.0,0.13389,168.0
1753617320647,11:55:20.647,gateio,AERGO/USDT:USDT,0.13371,1.0,0.1337,14.0,0.13386,152.0,0.13389,168.0
1753617321172,11:55:21.172,gateio,AERGO/USDT:USDT,0.13371,1.0,0.1337,14.0,0.13386,152.0,0.13389,168.0
1753617321287,11:55:21.287,gateio,AERGO/USDT:USDT,0.13371,1.0,0.1337,14.0,0.13386,152.0,0.13388,184.0
1753617321450,11:55:21.450,gateio,AERGO/USDT:USDT,0.13371,1.0,0.1337,14.0,0.13386,152.0,0.13388,184.0
1753617321885,11:55:21.885,gateio,AERGO/USDT:USDT,0.13371,1.0,0.1337,14.0,0.13386,152.0,0.13388,184.0
1753617323571,11:55:23.571,gateio,AERGO/USDT:USDT,0.13371,1.0,0.1337,14.0,0.13386,320.0,0.13388,184.0
1753617323650,11:55:23.650,gateio,AERGO/USDT:USDT,0.13372,1.0,0.1337,14.0,0.13386,320.0,0.13388,184.0
1753617323913,11:55:23.913,gateio,AERGO/USDT:USDT,0.13372,1.0,0.1337,14.0,0.13386,320.0,0.13388,184.0
1753617326076,11:55:26.076,gateio,AERGO/USDT:USDT,0.13373,1.0,0.1337,14.0,0.13386,320.0,0.13388,184.0
1753617327571,11:55:27.571,gateio,AERGO/USDT:USDT,0.13373,1.0,0.1337,14.0,0.13386,320.0,0.13388,184.0
1753617331112,11:55:31.112,gateio,AERGO/USDT:USDT,0.13369,28.0,0.13366,50.0,0.1338,152.0,0.13386,320.0
1753617331171,11:55:31.171,gateio,AERGO/USDT:USDT,0.13367,14.0,0.13362,89.0,0.1338,152.0,0.13386,320.0
1753617331591,11:55:31.591,gateio,AERGO/USDT:USDT,0.13363,14.0,0.13362,89.0,0.1338,152.0,0.13386,320.0
1753617333155,11:55:33.155,gateio,AERGO/USDT:USDT,0.13363,14.0,0.13362,89.0,0.1338,152.0,0.13386,320.0
1753617334009,11:55:34.009,gateio,AERGO/USDT:USDT,0.13363,14.0,0.13362,89.0,0.1338,152.0,0.13386,320.0
1753617334825,11:55:34.825,gateio,AERGO/USDT:USDT,0.13363,14.0,0.13362,89.0,0.1338,152.0,0.13386,320.0
1753617335113,11:55:35.113,gateio,AERGO/USDT:USDT,0.13363,14.0,0.13362,89.0,0.1338,152.0,0.13386,320.0
1753617335571,11:55:35.571,gateio,AERGO/USDT:USDT,0.13363,14.0,0.13362,89.0,0.1338,152.0,0.13386,320.0
1753617337707,11:55:37.707,gateio,AERGO/USDT:USDT,0.13363,14.0,0.13362,89.0,0.1338,152.0,0.13386,320.0
1753617342052,11:55:42.052,gateio,AERGO/USDT:USDT,0.13363,14.0,0.13362,89.0,0.1338,152.0,0.13386,320.0
1753617342612,11:55:42.612,gateio,AERGO/USDT:USDT,0.13363,14.0,0.13362,89.0,0.1338,152.0,0.13385,152.0
1753617342739,11:55:42.739,gateio,AERGO/USDT:USDT,0.13363,14.0,0.13362,89.0,0.1338,152.0,0.13385,152.0
1753617342885,11:55:42.885,gateio,AERGO/USDT:USDT,0.13363,14.0,0.13362,89.0,0.1338,152.0,0.13385,152.0
1753617343702,11:55:43.702,gateio,AERGO/USDT:USDT,0.13363,14.0,0.13362,89.0,0.1338,152.0,0.13385,152.0
1753617347924,11:55:47.924,gateio,AERGO/USDT:USDT,0.13367,64.0,0.13366,50.0,0.13385,74.0,0.13386,320.0
1753617348007,11:55:48.007,gateio,AERGO/USDT:USDT,0.13367,64.0,0.13366,57.0,0.13386,320.0,0.13389,74.0
1753617348036,11:55:48.036,gateio,AERGO/USDT:USDT,0.13367,64.0,0.13366,64.0,0.13386,320.0,0.13389,74.0
1753617348143,11:55:48.143,gateio,AERGO/USDT:USDT,0.13367,64.0,0.13366,64.0,0.13386,320.0,0.13389,74.0
1753617348423,11:55:48.423,gateio,AERGO/USDT:USDT,0.13367,64.0,0.13366,64.0,0.13386,320.0,0.13389,74.0
1753617349007,11:55:49.007,gateio,AERGO/USDT:USDT,0.13367,64.0,0.13366,64.0,0.13386,320.0,0.13389,74.0
1753617349374,11:55:49.374,gateio,AERGO/USDT:USDT,0.13367,64.0,0.13366,64.0,0.13386,320.0,0.13389,74.0
1753617350962,11:55:50.962,gateio,AERGO/USDT:USDT,0.13367,64.0,0.13366,64.0,0.13386,320.0,0.1339,277.0
1753617351891,11:55:51.891,gateio,AERGO/USDT:USDT,0.13367,64.0,0.13366,64.0,0.13386,320.0,0.1339,277.0
1753617355005,11:55:55.005,gateio,AERGO/USDT:USDT,0.13367,64.0,0.13366,64.0,0.13386,320.0,0.1339,277.0
1753617355952,11:55:55.952,gateio,AERGO/USDT:USDT,0.13367,64.0,0.13366,64.0,0.13386,320.0,0.1339,277.0
1753617356812,11:55:56.812,gateio,AERGO/USDT:USDT,0.13367,64.0,0.13366,64.0,0.13386,320.0,0.1339,277.0
1753617357700,11:55:57.700,gateio,AERGO/USDT:USDT,0.13367,64.0,0.13366,64.0,0.13386,320.0,0.1339,277.0
1753617357731,11:55:57.731,gateio,AERGO/USDT:USDT,0.13367,64.0,0.13366,64.0,0.13386,320.0,0.1339,277.0
1753617358008,11:55:58.008,gateio,AERGO/USDT:USDT,0.13367,64.0,0.13366,64.0,0.13386,320.0,0.1339,277.0
1753617358113,11:55:58.113,gateio,AERGO/USDT:USDT,0.13365,14.0,0.13364,15.0,0.13386,320.0,0.1339,277.0
1753617358136,11:55:58.136,gateio,AERGO/USDT:USDT,0.13365,14.0,0.13364,1.0,0.13386,320.0,0.1339,277.0
1753617358318,11:55:58.318,gateio,AERGO/USDT:USDT,0.1337,1.0,0.13366,18.0,0.1338,152.0,0.13385,183.0
1753617358380,11:55:58.380,gateio,AERGO/USDT:USDT,0.1337,5.0,0.13369,14.0,0.1338,152.0,0.13385,183.0
1753617358513,11:55:58.513,gateio,AERGO/USDT:USDT,0.1337,5.0,0.13369,28.0,0.1338,152.0,0.13385,183.0
1753617358805,11:55:58.805,gateio,AERGO/USDT:USDT,0.1337,5.0,0.13369,28.0,0.1338,152.0,0.13385,183.0
1753617358872,11:55:58.872,gateio,AERGO/USDT:USDT,0.1337,5.0,0.13369,28.0,0.1338,152.0,0.13385,183.0
1753617359006,11:55:59.006,gateio,AERGO/USDT:USDT,0.1337,5.0,0.13369,28.0,0.1338,152.0,0.13385,183.0
1753617359297,11:55:59.297,gateio,AERGO/USDT:USDT,0.1337,5.0,0.13369,28.0,0.1338,152.0,0.13385,183.0
1753617359640,11:55:59.640,gateio,AERGO/USDT:USDT,0.1337,5.0,0.13369,28.0,0.1338,152.0,0.13385,183.0
1753617360912,11:56:00.912,gateio,AERGO/USDT:USDT,0.13373,1.0,0.1337,4.0,0.1338,152.0,0.13386,320.0
1753617360996,11:56:00.996,gateio,AERGO/USDT:USDT,0.13372,1.0,0.1337,4.0,0.1338,152.0,0.13386,320.0
1753617361259,11:56:01.259,gateio,AERGO/USDT:USDT,0.13372,1.0,0.1337,4.0,0.1338,152.0,0.13386,320.0
1753617361677,11:56:01.677,gateio,AERGO/USDT:USDT,0.13372,1.0,0.1337,4.0,0.1338,152.0,0.13386,320.0
1753617362324,11:56:02.324,gateio,AERGO/USDT:USDT,0.13372,1.0,0.1337,4.0,0.1338,152.0,0.13386,320.0
1753617362502,11:56:02.502,gateio,AERGO/USDT:USDT,0.13372,1.0,0.1337,4.0,0.1338,152.0,0.13386,320.0
1753617363487,11:56:03.487,gateio,AERGO/USDT:USDT,0.13372,1.0,0.1337,4.0,0.1338,152.0,0.13386,320.0
1753617363828,11:56:03.828,gateio,AERGO/USDT:USDT,0.13372,1.0,0.1337,4.0,0.1338,152.0,0.13386,320.0
1753617363917,11:56:03.917,gateio,AERGO/USDT:USDT,0.13372,1.0,0.1337,4.0,0.1338,152.0,0.13386,320.0
1753617363940,11:56:03.940,gateio,AERGO/USDT:USDT,0.13372,1.0,0.1337,4.0,0.1338,152.0,0.13386,320.0
1753617364146,11:56:04.146,gateio,AERGO/USDT:USDT,0.13372,1.0,0.1337,4.0,0.1338,152.0,0.13386,320.0
1753617364380,11:56:04.380,gateio,AERGO/USDT:USDT,0.13372,1.0,0.1337,4.0,0.13386,320.0,0.1339,277.0
1753617364568,11:56:04.568,gateio,AERGO/USDT:USDT,0.13372,1.0,0.1337,4.0,0.13386,320.0,0.1339,277.0
1753617364993,11:56:04.993,gateio,AERGO/USDT:USDT,0.13372,1.0,0.1337,4.0,0.13386,320.0,0.1339,277.0
1753617365402,11:56:05.402,gateio,AERGO/USDT:USDT,0.13372,1.0,0.1337,4.0,0.13386,320.0,0.13388,183.0
1753617365500,11:56:05.500,gateio,AERGO/USDT:USDT,0.13372,1.0,0.1337,4.0,0.1338,152.0,0.13386,320.0
1753617365592,11:56:05.592,gateio,AERGO/USDT:USDT,0.13372,1.0,0.1337,4.0,0.1338,152.0,0.13386,320.0
1753617365821,11:56:05.821,gateio,AERGO/USDT:USDT,0.13372,1.0,0.1337,4.0,0.1338,152.0,0.13386,320.0
1753617367007,11:56:07.007,gateio,AERGO/USDT:USDT,0.13372,1.0,0.1337,4.0,0.1338,152.0,0.13386,320.0
1753617367135,11:56:07.135,gateio,AERGO/USDT:USDT,0.13372,1.0,0.1337,4.0,0.1338,152.0,0.13386,320.0
1753617369163,11:56:09.163,gateio,AERGO/USDT:USDT,0.13372,1.0,0.1337,4.0,0.1338,152.0,0.13386,320.0
1753617369461,11:56:09.461,gateio,AERGO/USDT:USDT,0.13372,1.0,0.1337,13.0,0.1338,152.0,0.13386,320.0
1753617370004,11:56:10.004,gateio,AERGO/USDT:USDT,0.13372,1.0,0.1337,13.0,0.1338,152.0,0.13386,320.0
1753617371007,11:56:11.007,gateio,AERGO/USDT:USDT,0.13372,1.0,0.1337,13.0,0.1338,152.0,0.13386,320.0
1753617371839,11:56:11.839,gateio,AERGO/USDT:USDT,0.13372,1.0,0.1337,13.0,0.1338,152.0,0.13386,320.0
1753617372270,11:56:12.270,gateio,AERGO/USDT:USDT,0.13372,1.0,0.1337,13.0,0.1338,152.0,0.13386,320.0
1753617372695,11:56:12.695,gateio,AERGO/USDT:USDT,0.13372,1.0,0.1337,13.0,0.1338,152.0,0.13386,320.0
1753617373367,11:56:13.367,gateio,AERGO/USDT:USDT,0.13373,1.0,0.1337,13.0,0.1338,152.0,0.13386,320.0
1753617373941,11:56:13.941,gateio,AERGO/USDT:USDT,0.13373,1.0,0.1337,13.0,0.1338,152.0,0.13385,168.0
1753617374282,11:56:14.282,gateio,AERGO/USDT:USDT,0.13373,1.0,0.1337,13.0,0.1338,152.0,0.13385,168.0
1753617374551,11:56:14.551,gateio,AERGO/USDT:USDT,0.13373,1.0,0.1337,13.0,0.1338,152.0,0.13385,168.0
1753617374726,11:56:14.726,gateio,AERGO/USDT:USDT,0.13373,1.0,0.1337,13.0,0.1338,152.0,0.13385,168.0
1753617379696,11:56:19.696,gateio,AERGO/USDT:USDT,0.13373,1.0,0.1337,13.0,0.1338,152.0,0.13385,168.0
1753617379781,11:56:19.781,gateio,AERGO/USDT:USDT,0.13373,1.0,0.1337,13.0,0.1338,152.0,0.13385,168.0
1753617383814,11:56:23.814,gateio,AERGO/USDT:USDT,0.13373,1.0,0.1337,13.0,0.1338,320.0,0.13386,152.0
1753617383837,11:56:23.837,gateio,AERGO/USDT:USDT,0.13373,1.0,0.1337,13.0,0.1338,320.0,0.13386,152.0
1753617390870,11:56:30.870,gateio,AERGO/USDT:USDT,0.13372,1.0,0.1337,4.0,0.1338,320.0,0.13386,152.0
1753617390978,11:56:30.978,gateio,AERGO/USDT:USDT,0.13373,1.0,0.1337,4.0,0.1338,320.0,0.13386,152.0
1753617402007,11:56:42.007,gateio,AERGO/USDT:USDT,0.13373,1.0,0.1337,4.0,0.1338,320.0,0.13385,74.0
1753617402146,11:56:42.146,gateio,AERGO/USDT:USDT,0.13373,1.0,0.1337,4.0,0.1338,320.0,0.13385,74.0
1753617405745,11:56:45.745,gateio,AERGO/USDT:USDT,0.13373,1.0,0.1337,4.0,0.1338,320.0,0.13386,152.0
1753617406196,11:56:46.196,gateio,AERGO/USDT:USDT,0.13373,1.0,0.1337,4.0,0.1338,320.0,0.13386,152.0
1753617408517,11:56:48.517,gateio,AERGO/USDT:USDT,0.13373,1.0,0.1337,4.0,0.1338,320.0,0.13386,152.0
1753617410620,11:56:50.620,gateio,AERGO/USDT:USDT,0.13373,1.0,0.1337,4.0,0.1338,320.0,0.13386,152.0
1753617413467,11:56:53.467,gateio,AERGO/USDT:USDT,0.13373,1.0,0.1337,4.0,0.1338,320.0,0.13386,152.0
1753617413552,11:56:53.552,gateio,AERGO/USDT:USDT,0.13373,1.0,0.1337,4.0,0.1338,320.0,0.13386,152.0
1753617417352,11:56:57.352,gateio,AERGO/USDT:USDT,0.13373,1.0,0.1337,4.0,0.1338,320.0,0.13386,152.0
1753617417431,11:56:57.431,gateio,AERGO/USDT:USDT,0.13373,1.0,0.1337,4.0,0.1338,320.0,0.13386,152.0
1753617417740,11:56:57.740,gateio,AERGO/USDT:USDT,0.13373,1.0,0.1337,4.0,0.1338,320.0,0.13386,152.0
1753617419704,11:56:59.704,gateio,AERGO/USDT:USDT,0.13373,1.0,0.1337,4.0,0.1338,320.0,0.13386,152.0
1753617420517,11:57:00.517,gateio,AERGO/USDT:USDT,0.13373,4.0,0.13372,15.0,0.1338,320.0,0.13386,152.0
1753617420550,11:57:00.550,gateio,AERGO/USDT:USDT,0.13373,4.0,0.13372,15.0,0.1338,320.0,0.13386,152.0
1753617420892,11:57:00.892,gateio,AERGO/USDT:USDT,0.13373,4.0,0.13372,15.0,0.1338,320.0,0.13386,152.0
1753617420991,11:57:00.991,gateio,AERGO/USDT:USDT,0.13373,4.0,0.13372,15.0,0.1338,320.0,0.13386,152.0
1753617422409,11:57:02.409,gateio,AERGO/USDT:USDT,0.13373,4.0,0.13372,15.0,0.1338,320.0,0.13386,152.0
1753617422629,11:57:02.629,gateio,AERGO/USDT:USDT,0.13373,1.0,0.13371,9.0,0.1338,320.0,0.13386,152.0
1753617422736,11:57:02.736,gateio,AERGO/USDT:USDT,0.13373,1.0,0.13371,9.0,0.1338,320.0,0.13386,152.0
1753617423728,11:57:03.728,gateio,AERGO/USDT:USDT,0.13373,4.0,0.13371,9.0,0.1338,320.0,0.13386,152.0
1753617423812,11:57:03.812,gateio,AERGO/USDT:USDT,0.13373,4.0,0.13372,15.0,0.1338,320.0,0.13386,152.0
1753617425527,11:57:05.527,gateio,AERGO/USDT:USDT,0.13373,4.0,0.13372,15.0,0.1338,168.0,0.13386,152.0
1753617425529,11:57:05.529,gateio,AERGO/USDT:USDT,0.13373,4.0,0.13372,15.0,0.1338,168.0,0.13386,152.0
1753617425650,11:57:05.650,gateio,AERGO/USDT:USDT,0.13373,4.0,0.13372,15.0,0.1338,168.0,0.13386,152.0
1753617425904,11:57:05.904,gateio,AERGO/USDT:USDT,0.13373,4.0,0.13372,15.0,0.1338,168.0,0.13386,152.0
1753617426007,11:57:06.007,gateio,AERGO/USDT:USDT,0.13373,4.0,0.13372,15.0,0.1338,168.0,0.13386,152.0
1753617426123,11:57:06.123,gateio,AERGO/USDT:USDT,0.13373,18.0,0.13372,15.0,0.13385,168.0,0.13386,152.0
1753617426181,11:57:06.181,gateio,AERGO/USDT:USDT,0.13373,1.0,0.13371,9.0,0.1338,152.0,0.13385,168.0
1753617426327,11:57:06.327,gateio,AERGO/USDT:USDT,0.13373,1.0,0.13371,9.0,0.1338,320.0,0.13386,152.0
1753617426728,11:57:06.728,gateio,AERGO/USDT:USDT,0.13373,1.0,0.13371,18.0,0.1338,320.0,0.13386,152.0
1753617426738,11:57:06.738,gateio,AERGO/USDT:USDT,0.13373,1.0,0.13371,18.0,0.1338,320.0,0.13386,152.0
1753617427164,11:57:07.164,gateio,AERGO/USDT:USDT,0.13373,1.0,0.13371,18.0,0.1338,320.0,0.13386,152.0
1753617429193,11:57:09.193,gateio,AERGO/USDT:USDT,0.13373,1.0,0.13371,18.0,0.1338,320.0,0.13386,152.0
1753617430767,11:57:10.767,gateio,AERGO/USDT:USDT,0.13373,1.0,0.13371,18.0,0.1338,320.0,0.13386,152.0
1753617431205,11:57:11.205,gateio,AERGO/USDT:USDT,0.13373,1.0,0.13371,18.0,0.1338,320.0,0.13386,152.0
1753617431893,11:57:11.893,gateio,AERGO/USDT:USDT,0.13373,1.0,0.13371,18.0,0.1338,320.0,0.13386,152.0
1753617432829,11:57:12.829,gateio,AERGO/USDT:USDT,0.13373,1.0,0.13371,18.0,0.1338,320.0,0.13386,152.0
1753617434628,11:57:14.628,gateio,AERGO/USDT:USDT,0.13373,1.0,0.13371,9.0,0.1338,320.0,0.13386,152.0
1753617436067,11:57:16.067,gateio,AERGO/USDT:USDT,0.13373,1.0,0.13371,9.0,0.1338,320.0,0.13386,152.0
1753617436485,11:57:16.485,gateio,AERGO/USDT:USDT,0.13373,1.0,0.13371,9.0,0.1338,320.0,0.13386,152.0
1753617436906,11:57:16.906,gateio,AERGO/USDT:USDT,0.13373,1.0,0.13371,9.0,0.1338,320.0,0.13386,152.0
1753617437619,11:57:17.619,gateio,AERGO/USDT:USDT,0.13373,1.0,0.13371,9.0,0.1338,320.0,0.13386,152.0
1753617438008,11:57:18.008,gateio,AERGO/USDT:USDT,0.13373,1.0,0.13371,9.0,0.1338,320.0,0.13385,74.0
1753617440009,11:57:20.009,gateio,AERGO/USDT:USDT,0.13373,1.0,0.13371,18.0,0.1338,320.0,0.13385,74.0
1753617440140,11:57:20.140,gateio,AERGO/USDT:USDT,0.13373,1.0,0.13371,18.0,0.1338,320.0,0.13385,74.0
1753617442008,11:57:22.008,gateio,AERGO/USDT:USDT,0.13373,1.0,0.13371,18.0,0.1338,320.0,0.13386,152.0
1753617442032,11:57:22.032,gateio,AERGO/USDT:USDT,0.13373,1.0,0.13371,18.0,0.1338,320.0,0.13386,152.0
1753617442164,11:57:22.164,gateio,AERGO/USDT:USDT,0.13373,1.0,0.13371,18.0,0.1338,320.0,0.13386,152.0
1753617444008,11:57:24.008,gateio,AERGO/USDT:USDT,0.13373,1.0,0.13371,18.0,0.1338,320.0,0.13386,152.0
1753617449800,11:57:29.800,gateio,AERGO/USDT:USDT,0.13373,1.0,0.13371,18.0,0.1338,320.0,0.13386,152.0
1753617450771,11:57:30.771,gateio,AERGO/USDT:USDT,0.13373,1.0,0.13371,18.0,0.1338,320.0,0.13386,152.0
1753617453822,11:57:33.822,gateio,AERGO/USDT:USDT,0.13373,1.0,0.13371,18.0,0.1338,320.0,0.13386,152.0
1753617454764,11:57:34.764,gateio,AERGO/USDT:USDT,0.13373,1.0,0.13371,18.0,0.1338,320.0,0.13386,152.0
1753617460791,11:57:40.791,gateio,AERGO/USDT:USDT,0.13373,1.0,0.13371,18.0,0.1338,320.0,0.13386,152.0
1753617464466,11:57:44.466,gateio,AERGO/USDT:USDT,0.13373,1.0,0.13371,18.0,0.1338,168.0,0.13386,152.0
1753617464751,11:57:44.751,gateio,AERGO/USDT:USDT,0.13373,1.0,0.13371,18.0,0.1338,168.0,0.13386,152.0
1753617466591,11:57:46.591,gateio,AERGO/USDT:USDT,0.13373,1.0,0.13372,14.0,0.13385,168.0,0.13386,152.0
1753617466772,11:57:46.772,gateio,AERGO/USDT:USDT,0.13373,1.0,0.13372,14.0,0.13385,168.0,0.13386,152.0
1753617468592,11:57:48.592,gateio,AERGO/USDT:USDT,0.13373,1.0,0.13372,14.0,0.13385,168.0,0.13386,152.0
1753617469448,11:57:49.448,gateio,AERGO/USDT:USDT,0.13373,1.0,0.13372,14.0,0.13385,168.0,0.13386,152.0
1753617471139,11:57:51.139,gateio,AERGO/USDT:USDT,0.13373,1.0,0.13372,14.0,0.13385,168.0,0.13386,152.0
1753617471731,11:57:51.731,gateio,AERGO/USDT:USDT,0.13373,1.0,0.13372,14.0,0.13385,168.0,0.13386,152.0
1753617472014,11:57:52.014,gateio,AERGO/USDT:USDT,0.13373,1.0,0.13372,14.0,0.13385,168.0,0.13386,152.0
1753617472831,11:57:52.831,gateio,AERGO/USDT:USDT,0.13373,1.0,0.13372,14.0,0.13385,168.0,0.13386,152.0
1753617473248,11:57:53.248,gateio,AERGO/USDT:USDT,0.13373,1.0,0.13372,14.0,0.13385,168.0,0.13386,152.0
1753617481028,11:58:01.028,gateio,AERGO/USDT:USDT,0.13373,1.0,0.13372,14.0,0.13385,168.0,0.13386,152.0
1753617481063,11:58:01.063,gateio,AERGO/USDT:USDT,0.13373,1.0,0.13372,14.0,0.13385,168.0,0.13386,152.0
1753617483844,11:58:03.844,gateio,AERGO/USDT:USDT,0.13373,1.0,0.13372,14.0,0.13385,168.0,0.13386,152.0
1753617484810,11:58:04.810,gateio,AERGO/USDT:USDT,0.13373,1.0,0.13372,14.0,0.13385,168.0,0.13386,152.0
1753617484831,11:58:04.831,gateio,AERGO/USDT:USDT,0.13373,1.0,0.13372,14.0,0.13385,168.0,0.13386,152.0
1753617485246,11:58:05.246,gateio,AERGO/USDT:USDT,0.13373,4.0,0.13372,14.0,0.13385,168.0,0.13386,152.0
1753617485929,11:58:05.929,gateio,AERGO/USDT:USDT,0.13373,4.0,0.13372,14.0,0.13385,168.0,0.13386,152.0
1753617485962,11:58:05.962,gateio,AERGO/USDT:USDT,0.13373,4.0,0.13372,14.0,0.13385,168.0,0.13386,152.0
1753617487846,11:58:07.846,gateio,AERGO/USDT:USDT,0.13373,4.0,0.13372,14.0,0.13385,168.0,0.13386,152.0
1753617489214,11:58:09.214,gateio,AERGO/USDT:USDT,0.13373,4.0,0.13372,14.0,0.13385,168.0,0.13386,152.0
1753617489251,11:58:09.251,gateio,AERGO/USDT:USDT,0.13373,4.0,0.13372,14.0,0.13385,168.0,0.13386,152.0
1753617489504,11:58:09.504,gateio,AERGO/USDT:USDT,0.13373,4.0,0.13372,14.0,0.13385,168.0,0.13386,152.0
1753617489739,11:58:09.739,gateio,AERGO/USDT:USDT,0.13373,4.0,0.13372,14.0,0.13385,168.0,0.13386,152.0
1753617490829,11:58:10.829,gateio,AERGO/USDT:USDT,0.13376,1.0,0.13373,3.0,0.13385,168.0,0.13386,152.0
1753617490897,11:58:10.897,gateio,AERGO/USDT:USDT,0.13376,2.0,0.13375,16.0,0.13385,168.0,0.13386,152.0
1753617491008,11:58:11.008,gateio,AERGO/USDT:USDT,0.13376,2.0,0.13375,16.0,0.13385,168.0,0.13386,152.0
1753617491239,11:58:11.239,gateio,AERGO/USDT:USDT,0.13376,2.0,0.13375,16.0,0.13385,168.0,0.13386,152.0
1753617491457,11:58:11.457,gateio,AERGO/USDT:USDT,0.13376,2.0,0.13375,16.0,0.13385,168.0,0.13386,152.0
1753617491625,11:58:11.625,gateio,AERGO/USDT:USDT,0.13376,2.0,0.13375,16.0,0.13385,168.0,0.13386,152.0
1753617491631,11:58:11.631,gateio,AERGO/USDT:USDT,0.13376,2.0,0.13375,16.0,0.13385,168.0,0.13386,152.0
1753617492014,11:58:12.014,gateio,AERGO/USDT:USDT,0.13376,2.0,0.13375,16.0,0.13385,168.0,0.13386,152.0
1753617492148,11:58:12.148,gateio,AERGO/USDT:USDT,0.13376,2.0,0.13375,16.0,0.13385,168.0,0.13386,152.0
1753617492605,11:58:12.605,gateio,AERGO/USDT:USDT,0.13376,2.0,0.13375,16.0,0.13385,168.0,0.13386,152.0
1753617492785,11:58:12.785,gateio,AERGO/USDT:USDT,0.13376,2.0,0.13375,16.0,0.13385,168.0,0.13386,152.0
1753617492835,11:58:12.835,gateio,AERGO/USDT:USDT,0.13376,2.0,0.13375,16.0,0.13385,168.0,0.13386,152.0
1753617493247,11:58:13.247,gateio,AERGO/USDT:USDT,0.13376,2.0,0.13375,16.0,0.13385,168.0,0.13386,152.0
1753617493491,11:58:13.491,gateio,AERGO/USDT:USDT,0.13376,5.0,0.13375,25.0,0.13385,168.0,0.13386,152.0
1753617493573,11:58:13.573,gateio,AERGO/USDT:USDT,0.13376,5.0,0.13375,25.0,0.13385,168.0,0.13386,152.0
1753617493710,11:58:13.710,gateio,AERGO/USDT:USDT,0.13377,1.0,0.13376,5.0,0.13385,168.0,0.13386,152.0
1753617493732,11:58:13.732,gateio,AERGO/USDT:USDT,0.13377,1.0,0.13376,5.0,0.13385,168.0,0.13386,152.0
1753617494023,11:58:14.023,gateio,AERGO/USDT:USDT,0.13377,1.0,0.13376,5.0,0.13385,168.0,0.13386,152.0
1753617494072,11:58:14.072,gateio,AERGO/USDT:USDT,0.13377,1.0,0.13376,5.0,0.13385,168.0,0.13386,152.0
1753617494176,11:58:14.176,gateio,AERGO/USDT:USDT,0.13377,1.0,0.13376,5.0,0.13385,168.0,0.13386,152.0
1753617495372,11:58:15.372,gateio,AERGO/USDT:USDT,0.13376,6.0,0.13375,25.0,0.13385,168.0,0.13386,152.0
1753617495693,11:58:15.693,gateio,AERGO/USDT:USDT,0.13376,6.0,0.13375,25.0,0.13385,168.0,0.13386,152.0
1753617495795,11:58:15.795,gateio,AERGO/USDT:USDT,0.13376,6.0,0.13375,25.0,0.13385,168.0,0.13386,152.0
1753617496827,11:58:16.827,gateio,AERGO/USDT:USDT,0.13367,14.0,0.13366,50.0,0.13385,168.0,0.13386,152.0
1753617496921,11:58:16.921,gateio,AERGO/USDT:USDT,0.13374,5.0,0.13372,14.0,0.13385,168.0,0.13386,152.0
1753617496931,11:58:16.931,gateio,AERGO/USDT:USDT,0.13374,5.0,0.13372,14.0,0.13385,168.0,0.13386,152.0
1753617497818,11:58:17.818,gateio,AERGO/USDT:USDT,0.13374,5.0,0.13372,14.0,0.13385,168.0,0.13386,152.0
1753617499924,11:58:19.924,gateio,AERGO/USDT:USDT,0.13372,14.0,0.13371,75.0,0.13385,168.0,0.13386,152.0
1753617499973,11:58:19.973,gateio,AERGO/USDT:USDT,0.13373,1.0,0.13372,14.0,0.13385,168.0,0.13386,152.0
1753617500162,11:58:20.162,gateio,AERGO/USDT:USDT,0.13373,1.0,0.13372,14.0,0.13385,168.0,0.13386,152.0
1753617501021,11:58:21.021,gateio,AERGO/USDT:USDT,0.13373,4.0,0.13372,14.0,0.13385,168.0,0.13386,152.0
1753617501045,11:58:21.045,gateio,AERGO/USDT:USDT,0.13373,4.0,0.13372,14.0,0.13385,168.0,0.13386,152.0
1753617503971,11:58:23.971,gateio,AERGO/USDT:USDT,0.13373,4.0,0.13372,14.0,0.13385,168.0,0.13386,152.0
1753617505437,11:58:25.437,gateio,AERGO/USDT:USDT,0.13373,4.0,0.13372,14.0,0.13385,168.0,0.13386,152.0
1753617505782,11:58:25.782,gateio,AERGO/USDT:USDT,0.13374,3.0,0.13373,3.0,0.13385,168.0,0.13386,152.0
1753617506186,11:58:26.186,gateio,AERGO/USDT:USDT,0.13374,3.0,0.13373,3.0,0.13385,168.0,0.13386,152.0
1753617507128,11:58:27.128,gateio,AERGO/USDT:USDT,0.13374,3.0,0.13373,3.0,0.13385,168.0,0.13386,152.0
1753617507129,11:58:27.129,gateio,AERGO/USDT:USDT,0.13374,3.0,0.13373,3.0,0.13385,168.0,0.13386,152.0
1753617507884,11:58:27.884,gateio,AERGO/USDT:USDT,0.13374,3.0,0.13373,3.0,0.13385,168.0,0.13386,152.0
1753617511519,11:58:31.519,gateio,AERGO/USDT:USDT,0.13374,3.0,0.13373,3.0,0.13385,168.0,0.13386,152.0
1753617511561,11:58:31.561,gateio,AERGO/USDT:USDT,0.13374,3.0,0.13373,3.0,0.13385,168.0,0.13386,152.0
1753617511669,11:58:31.669,gateio,AERGO/USDT:USDT,0.13374,3.0,0.13373,3.0,0.13385,168.0,0.13386,152.0
1753617513009,11:58:33.009,gateio,AERGO/USDT:USDT,0.13374,3.0,0.13373,3.0,0.13385,168.0,0.13386,152.0
1753617515003,11:58:35.003,gateio,AERGO/USDT:USDT,0.13374,3.0,0.13373,3.0,0.13385,168.0,0.13386,152.0
1753617520269,11:58:40.269,gateio,AERGO/USDT:USDT,0.13374,3.0,0.13373,3.0,0.13385,168.0,0.13386,152.0
1753617520871,11:58:40.871,gateio,AERGO/USDT:USDT,0.13374,3.0,0.13373,3.0,0.13385,168.0,0.13386,152.0
1753617522004,11:58:42.004,gateio,AERGO/USDT:USDT,0.13374,3.0,0.13373,3.0,0.13385,168.0,0.13386,152.0
1753617524610,11:58:44.610,gateio,AERGO/USDT:USDT,0.13374,3.0,0.13373,3.0,0.13385,168.0,0.13386,152.0
1753617526301,11:58:46.301,gateio,AERGO/USDT:USDT,0.13374,3.0,0.13373,3.0,0.13385,168.0,0.13386,152.0
1753617528711,11:58:48.711,gateio,AERGO/USDT:USDT,0.13374,3.0,0.13373,3.0,0.13385,168.0,0.13386,152.0
1753617528878,11:58:48.878,gateio,AERGO/USDT:USDT,0.13374,3.0,0.13373,3.0,0.13385,168.0,0.13386,152.0
1753617529009,11:58:49.009,gateio,AERGO/USDT:USDT,0.13374,3.0,0.13373,3.0,0.13385,168.0,0.13386,152.0
1753617529170,11:58:49.170,gateio,AERGO/USDT:USDT,0.13374,3.0,0.13373,3.0,0.13385,168.0,0.13386,152.0
1753617529244,11:58:49.244,gateio,AERGO/USDT:USDT,0.13374,3.0,0.13373,3.0,0.13385,168.0,0.13386,152.0
1753617529811,11:58:49.811,gateio,AERGO/USDT:USDT,0.13374,3.0,0.13373,3.0,0.13385,168.0,0.13386,152.0
1753617529921,11:58:49.921,gateio,AERGO/USDT:USDT,0.13374,3.0,0.13373,3.0,0.13385,168.0,0.13386,152.0
1753617530158,11:58:50.158,gateio,AERGO/USDT:USDT,0.13374,3.0,0.13373,3.0,0.13385,168.0,0.13386,152.0
1753617530253,11:58:50.253,gateio,AERGO/USDT:USDT,0.13374,3.0,0.13373,3.0,0.13385,168.0,0.13386,152.0
1753617530339,11:58:50.339,gateio,AERGO/USDT:USDT,0.13374,3.0,0.13373,3.0,0.13385,168.0,0.13386,152.0
1753617532330,11:58:52.330,gateio,AERGO/USDT:USDT,0.13374,3.0,0.13373,3.0,0.13385,168.0,0.13386,152.0
1753617534862,11:58:54.862,gateio,AERGO/USDT:USDT,0.13374,2.0,0.13373,4.0,0.13385,168.0,0.13386,152.0
1753617541103,11:59:01.103,gateio,AERGO/USDT:USDT,0.13374,2.0,0.13373,4.0,0.13385,168.0,0.13386,152.0
1753617541143,11:59:01.143,gateio,AERGO/USDT:USDT,0.13374,2.0,0.13373,4.0,0.13385,168.0,0.13386,152.0
1753617541892,11:59:01.892,gateio,AERGO/USDT:USDT,0.13374,2.0,0.13373,4.0,0.13385,168.0,0.13386,152.0
1753617542495,11:59:02.495,gateio,AERGO/USDT:USDT,0.13374,2.0,0.13373,4.0,0.13385,168.0,0.13386,152.0
1753617542629,11:59:02.629,gateio,AERGO/USDT:USDT,0.13374,2.0,0.13373,4.0,0.13385,168.0,0.13386,152.0
1753617542701,11:59:02.701,gateio,AERGO/USDT:USDT,0.13374,2.0,0.13373,4.0,0.13385,168.0,0.13386,167.0
1753617543045,11:59:03.045,gateio,AERGO/USDT:USDT,0.13374,2.0,0.13373,4.0,0.13385,168.0,0.13386,167.0
1753617543211,11:59:03.211,gateio,AERGO/USDT:USDT,0.13374,2.0,0.13373,4.0,0.13385,168.0,0.13386,167.0
1753617543703,11:59:03.703,gateio,AERGO/USDT:USDT,0.13374,2.0,0.13373,4.0,0.13385,168.0,0.13386,167.0
1753617544745,11:59:04.745,gateio,AERGO/USDT:USDT,0.13374,2.0,0.13373,4.0,0.13385,168.0,0.13386,167.0
1753617548300,11:59:08.300,gateio,AERGO/USDT:USDT,0.13374,2.0,0.13373,4.0,0.13385,168.0,0.13386,167.0
1753617549003,11:59:09.003,gateio,AERGO/USDT:USDT,0.13374,2.0,0.13373,4.0,0.13385,168.0,0.13386,167.0
1753617549808,11:59:09.808,gateio,AERGO/USDT:USDT,0.13374,2.0,0.13373,4.0,0.13385,168.0,0.13386,152.0
1753617549919,11:59:09.919,gateio,AERGO/USDT:USDT,0.13375,1.0,0.13374,2.0,0.13385,168.0,0.13386,152.0
1753617550060,11:59:10.060,gateio,AERGO/USDT:USDT,0.13375,1.0,0.13374,2.0,0.13385,168.0,0.13386,152.0
1753617550609,11:59:10.609,gateio,AERGO/USDT:USDT,0.13374,5.0,0.13372,14.0,0.13385,168.0,0.13386,152.0
1753617550962,11:59:10.962,gateio,AERGO/USDT:USDT,0.13374,5.0,0.13372,14.0,0.13385,168.0,0.13386,152.0
1753617552030,11:59:12.030,gateio,AERGO/USDT:USDT,0.13372,14.0,0.13365,14.0,0.13385,168.0,0.13386,152.0
1753617552129,11:59:12.129,gateio,AERGO/USDT:USDT,0.13368,3.0,0.13366,14.0,0.13379,152.0,0.13385,168.0
1753617552187,11:59:12.187,gateio,AERGO/USDT:USDT,0.13368,3.0,0.13364,14.0,0.13379,152.0,0.13385,168.0
1753617552251,11:59:12.251,gateio,AERGO/USDT:USDT,0.13368,3.0,0.13364,14.0,0.13379,152.0,0.13385,168.0
1753617553015,11:59:13.015,gateio,AERGO/USDT:USDT,0.13368,3.0,0.13364,14.0,0.13379,152.0,0.13385,168.0
1753617553291,11:59:13.291,gateio,AERGO/USDT:USDT,0.13368,3.0,0.13364,14.0,0.13379,152.0,0.13385,168.0
1753617553511,11:59:13.511,gateio,AERGO/USDT:USDT,0.13368,3.0,0.13364,14.0,0.13379,152.0,0.13385,168.0
1753617553546,11:59:13.546,gateio,AERGO/USDT:USDT,0.13368,3.0,0.13364,14.0,0.13379,152.0,0.13385,168.0
1753617554109,11:59:14.109,gateio,AERGO/USDT:USDT,0.13368,3.0,0.13364,14.0,0.13379,152.0,0.13385,168.0
1753617554167,11:59:14.167,gateio,AERGO/USDT:USDT,0.13368,3.0,0.13364,14.0,0.13379,152.0,0.13385,168.0
1753617554231,11:59:14.231,gateio,AERGO/USDT:USDT,0.13368,3.0,0.13364,14.0,0.13379,152.0,0.13385,168.0
1753617554555,11:59:14.555,gateio,AERGO/USDT:USDT,0.13368,3.0,0.13364,14.0,0.13379,152.0,0.13385,168.0
1753617556233,11:59:16.233,gateio,AERGO/USDT:USDT,0.13368,3.0,0.13364,14.0,0.13379,152.0,0.13385,168.0
1753617556677,11:59:16.677,gateio,AERGO/USDT:USDT,0.13368,3.0,0.13364,14.0,0.13379,152.0,0.13385,168.0
1753617557862,11:59:17.862,gateio,AERGO/USDT:USDT,0.13368,2.0,0.13366,1.0,0.13379,152.0,0.13385,168.0
1753617560047,11:59:20.047,gateio,AERGO/USDT:USDT,0.13368,4.0,0.13366,1.0,0.13379,152.0,0.13385,168.0
1753617560749,11:59:20.749,gateio,AERGO/USDT:USDT,0.13368,4.0,0.13367,1.0,0.13379,152.0,0.13385,168.0
1753617561500,11:59:21.500,gateio,AERGO/USDT:USDT,0.13368,4.0,0.13367,1.0,0.13379,152.0,0.13385,168.0
1753617562026,11:59:22.026,gateio,AERGO/USDT:USDT,0.13371,75.0,0.13368,4.0,0.13379,152.0,0.13385,168.0
1753617562080,11:59:22.080,gateio,AERGO/USDT:USDT,0.13372,14.0,0.13371,79.0,0.13385,168.0,0.13386,152.0
1753617562150,11:59:22.150,gateio,AERGO/USDT:USDT,0.13372,14.0,0.13371,79.0,0.13385,168.0,0.13386,152.0
1753617562319,11:59:22.319,gateio,AERGO/USDT:USDT,0.13372,14.0,0.13371,79.0,0.13385,168.0,0.13386,152.0
1753617562812,11:59:22.812,gateio,AERGO/USDT:USDT,0.13372,14.0,0.13371,79.0,0.13385,168.0,0.13386,152.0
1753617562832,11:59:22.832,gateio,AERGO/USDT:USDT,0.13372,14.0,0.13371,79.0,0.13385,168.0,0.13386,152.0
1753617563221,11:59:23.221,gateio,AERGO/USDT:USDT,0.13372,14.0,0.13371,79.0,0.13385,168.0,0.13386,152.0
1753617565614,11:59:25.614,gateio,AERGO/USDT:USDT,0.13372,14.0,0.13371,79.0,0.13385,168.0,0.13386,152.0
1753617565769,11:59:25.769,gateio,AERGO/USDT:USDT,0.13372,14.0,0.13371,79.0,0.13385,168.0,0.13386,152.0
1753617565897,11:59:25.897,gateio,AERGO/USDT:USDT,0.13372,14.0,0.13371,79.0,0.13385,168.0,0.13386,152.0
1753617566008,11:59:26.008,gateio,AERGO/USDT:USDT,0.13372,14.0,0.13371,79.0,0.13385,168.0,0.13386,152.0
1753617566342,11:59:26.342,gateio,AERGO/USDT:USDT,0.13372,14.0,0.13371,79.0,0.13385,168.0,0.13386,152.0
1753617567003,11:59:27.003,gateio,AERGO/USDT:USDT,0.13372,14.0,0.13371,79.0,0.13385,168.0,0.13386,152.0
1753617567752,11:59:27.752,gateio,AERGO/USDT:USDT,0.13372,14.0,0.13371,80.0,0.13385,168.0,0.13386,152.0
1753617568022,11:59:28.022,gateio,AERGO/USDT:USDT,0.13372,14.0,0.13371,80.0,0.13385,168.0,0.13386,152.0
1753617570579,11:59:30.579,gateio,AERGO/USDT:USDT,0.13373,1.0,0.13372,14.0,0.13385,168.0,0.13386,152.0
1753617571371,11:59:31.371,gateio,AERGO/USDT:USDT,0.13373,1.0,0.13372,14.0,0.13385,168.0,0.13386,152.0
1753617574711,11:59:34.711,gateio,AERGO/USDT:USDT,0.13373,1.0,0.13372,14.0,0.13385,168.0,0.13386,152.0
1753617580204,11:59:40.204,gateio,AERGO/USDT:USDT,0.13373,1.0,0.13372,14.0,0.13385,168.0,0.13386,152.0
1753617582144,11:59:42.144,gateio,AERGO/USDT:USDT,0.13373,1.0,0.13372,14.0,0.13385,168.0,0.13386,152.0
1753617582484,11:59:42.484,gateio,AERGO/USDT:USDT,0.13373,1.0,0.13372,14.0,0.13385,168.0,0.13386,152.0
1753617585316,11:59:45.316,gateio,AERGO/USDT:USDT,0.13373,1.0,0.13372,14.0,0.13386,320.0,0.13391,229.0
1753617585625,11:59:45.625,gateio,AERGO/USDT:USDT,0.13373,1.0,0.13372,14.0,0.13386,320.0,0.13391,229.0
1753617585632,11:59:45.632,gateio,AERGO/USDT:USDT,0.13373,1.0,0.13372,14.0,0.13386,320.0,0.13391,229.0
1753617585815,11:59:45.815,gateio,AERGO/USDT:USDT,0.13373,1.0,0.13372,14.0,0.13386,320.0,0.13391,229.0
1753617585923,11:59:45.923,gateio,AERGO/USDT:USDT,0.13373,1.0,0.13372,14.0,0.13386,320.0,0.13391,229.0
1753617586322,11:59:46.322,gateio,AERGO/USDT:USDT,0.13377,1.0,0.13375,14.0,0.13391,229.0,0.13392,152.0
1753617586412,11:59:46.412,gateio,AERGO/USDT:USDT,0.13377,1.0,0.13375,14.0,0.13391,229.0,0.13392,152.0
1753617586513,11:59:46.513,gateio,AERGO/USDT:USDT,0.13375,14.0,0.13374,50.0,0.13391,229.0,0.13392,152.0
1753617586601,11:59:46.601,gateio,AERGO/USDT:USDT,0.13375,14.0,0.13374,50.0,0.13391,229.0,0.13392,152.0
1753617586768,11:59:46.768,gateio,AERGO/USDT:USDT,0.13375,14.0,0.13374,50.0,0.13391,229.0,0.13392,152.0
1753617586864,11:59:46.864,gateio,AERGO/USDT:USDT,0.13375,14.0,0.13374,50.0,0.13391,229.0,0.13392,152.0
1753617587025,11:59:47.025,gateio,AERGO/USDT:USDT,0.13378,1.0,0.13375,14.0,0.13391,229.0,0.13392,152.0
1753617587029,11:59:47.029,gateio,AERGO/USDT:USDT,0.13378,4.0,0.13375,14.0,0.13391,229.0,0.13392,152.0
1753617587423,11:59:47.423,gateio,AERGO/USDT:USDT,0.13378,4.0,0.13375,14.0,0.13391,229.0,0.13392,152.0
1753617587512,11:59:47.512,gateio,AERGO/USDT:USDT,0.13378,4.0,0.13375,14.0,0.13391,229.0,0.13392,152.0
1753617587542,11:59:47.542,gateio,AERGO/USDT:USDT,0.13378,4.0,0.13375,14.0,0.13391,229.0,0.13392,152.0
1753617587838,11:59:47.838,gateio,AERGO/USDT:USDT,0.13378,4.0,0.13375,14.0,0.13391,229.0,0.13392,152.0
1753617588264,11:59:48.264,gateio,AERGO/USDT:USDT,0.13378,4.0,0.13375,14.0,0.13391,229.0,0.13392,152.0
1753617588379,11:59:48.379,gateio,AERGO/USDT:USDT,0.13378,4.0,0.13375,14.0,0.13391,229.0,0.13392,152.0
1753617588512,11:59:48.512,gateio,AERGO/USDT:USDT,0.13378,4.0,0.13373,14.0,0.13391,229.0,0.13392,152.0
1753617588537,11:59:48.537,gateio,AERGO/USDT:USDT,0.13378,4.0,0.13373,14.0,0.13391,229.0,0.13392,152.0
1753617588811,11:59:48.811,gateio,AERGO/USDT:USDT,0.13378,4.0,0.13373,243.0,0.13391,229.0,0.13392,152.0
1753617588851,11:59:48.851,gateio,AERGO/USDT:USDT,0.13378,4.0,0.13375,14.0,0.13391,229.0,0.13392,152.0
1753617591275,11:59:51.275,gateio,AERGO/USDT:USDT,0.13378,6.0,0.13375,14.0,0.1339,168.0,0.13391,229.0
1753617594920,11:59:54.920,gateio,AERGO/USDT:USDT,0.13378,6.0,0.13375,14.0,0.13391,168.0,0.13392,152.0
1753617595002,11:59:55.002,gateio,AERGO/USDT:USDT,0.13378,6.0,0.13375,14.0,0.13391,168.0,0.13392,152.0
1753617595241,11:59:55.241,gateio,AERGO/USDT:USDT,0.13378,6.0,0.13375,14.0,0.13391,168.0,0.13392,152.0
1753617597158,11:59:57.158,gateio,AERGO/USDT:USDT,0.13378,6.0,0.13375,14.0,0.13391,168.0,0.13392,152.0
1753617597273,11:59:57.273,gateio,AERGO/USDT:USDT,0.13378,6.0,0.13375,14.0,0.13391,168.0,0.13392,152.0
1753617597524,11:59:57.524,gateio,AERGO/USDT:USDT,0.1338,75.0,0.13378,6.0,0.13391,168.0,0.13392,152.0
1753617597557,11:59:57.557,gateio,AERGO/USDT:USDT,0.1338,89.0,0.13378,6.0,0.13391,168.0,0.13392,152.0
1753617598389,11:59:58.389,gateio,AERGO/USDT:USDT,0.13381,1.0,0.1338,89.0,0.13391,168.0,0.13392,152.0
1753617598537,11:59:58.537,gateio,AERGO/USDT:USDT,0.13381,1.0,0.1338,89.0,0.13391,168.0,0.13392,152.0
1753617598797,11:59:58.797,gateio,AERGO/USDT:USDT,0.13381,1.0,0.1338,89.0,0.13391,168.0,0.13392,152.0
1753617598891,11:59:58.891,gateio,AERGO/USDT:USDT,0.13381,1.0,0.1338,89.0,0.13392,152.0,0.13396,168.0
1753617598980,11:59:58.980,gateio,AERGO/USDT:USDT,0.13381,1.0,0.1338,89.0,0.13392,152.0,0.13396,168.0
1753617599123,11:59:59.123,gateio,AERGO/USDT:USDT,0.13381,1.0,0.1338,89.0,0.13392,152.0,0.13396,168.0
1753617599189,11:59:59.189,gateio,AERGO/USDT:USDT,0.13381,1.0,0.1338,89.0,0.13392,152.0,0.13396,168.0
1753617599378,11:59:59.378,gateio,AERGO/USDT:USDT,0.13381,1.0,0.1338,89.0,0.13392,152.0,0.13396,168.0
1753617599471,11:59:59.471,gateio,AERGO/USDT:USDT,0.13383,1.0,0.13382,9.0,0.13392,152.0,0.13396,168.0
1753617599704,11:59:59.704,gateio,AERGO/USDT:USDT,0.13383,1.0,0.13382,18.0,0.13392,152.0,0.13396,168.0
1753617600432,12:00:00.432,gateio,AERGO/USDT:USDT,0.13383,1.0,0.13382,18.0,0.13392,152.0,0.13396,168.0
1753617600544,12:00:00.544,gateio,AERGO/USDT:USDT,0.13383,1.0,0.13382,18.0,0.13392,152.0,0.13396,168.0
1753617600645,12:00:00.645,gateio,AERGO/USDT:USDT,0.13383,1.0,0.13382,18.0,0.13392,152.0,0.13396,168.0
1753617601202,12:00:01.202,gateio,AERGO/USDT:USDT,0.13383,1.0,0.13382,18.0,0.13392,152.0,0.13396,168.0
1753617601236,12:00:01.236,gateio,AERGO/USDT:USDT,0.13383,1.0,0.13382,18.0,0.13392,152.0,0.13396,168.0
1753617602712,12:00:02.712,gateio,AERGO/USDT:USDT,0.13383,1.0,0.13382,18.0,0.13392,152.0,0.13396,168.0
1753617602772,12:00:02.772,gateio,AERGO/USDT:USDT,0.13381,1.0,0.13375,14.0,0.13392,152.0,0.13396,168.0
1753617603012,12:00:03.012,gateio,AERGO/USDT:USDT,0.13381,3.0,0.1338,2.0,0.13392,152.0,0.13396,168.0
1753617603322,12:00:03.322,gateio,AERGO/USDT:USDT,0.13378,1.0,0.13375,14.0,0.13391,168.0,0.13392,152.0
1753617603332,12:00:03.332,gateio,AERGO/USDT:USDT,0.13378,1.0,0.13375,14.0,0.13391,168.0,0.13392,152.0
1753617604005,12:00:04.005,gateio,AERGO/USDT:USDT,0.13378,1.0,0.13375,14.0,0.13391,168.0,0.13392,152.0
1753617604322,12:00:04.322,gateio,AERGO/USDT:USDT,0.13378,1.0,0.13375,14.0,0.13391,168.0,0.13392,152.0
1753617605519,12:00:05.519,gateio,AERGO/USDT:USDT,0.13376,9.0,0.13374,28.0,0.13386,152.0,0.1339,229.0
1753617605619,12:00:05.619,gateio,AERGO/USDT:USDT,0.13376,8.0,0.13375,1.0,0.13386,152.0,0.1339,229.0
1753617605636,12:00:05.636,gateio,AERGO/USDT:USDT,0.13376,8.0,0.13375,15.0,0.13386,152.0,0.1339,229.0
1753617605751,12:00:05.751,gateio,AERGO/USDT:USDT,0.13376,8.0,0.13375,15.0,0.13386,152.0,0.1339,229.0
1753617605908,12:00:05.908,gateio,AERGO/USDT:USDT,0.13376,8.0,0.13375,15.0,0.13386,152.0,0.1339,229.0
1753617606012,12:00:06.012,gateio,AERGO/USDT:USDT,0.13376,8.0,0.13375,15.0,0.13386,152.0,0.1339,229.0
1753617606057,12:00:06.057,gateio,AERGO/USDT:USDT,0.13376,8.0,0.13375,15.0,0.13386,152.0,0.1339,229.0
1753617606161,12:00:06.161,gateio,AERGO/USDT:USDT,0.13376,8.0,0.13375,15.0,0.13386,152.0,0.1339,229.0
1753617606232,12:00:06.232,gateio,AERGO/USDT:USDT,0.13376,8.0,0.13375,15.0,0.13386,152.0,0.1339,229.0
1753617606375,12:00:06.375,gateio,AERGO/USDT:USDT,0.13376,8.0,0.13375,15.0,0.13386,152.0,0.1339,229.0
1753617606437,12:00:06.437,gateio,AERGO/USDT:USDT,0.13376,8.0,0.13375,15.0,0.13386,152.0,0.1339,229.0
1753617607005,12:00:07.005,gateio,AERGO/USDT:USDT,0.13376,8.0,0.13375,15.0,0.13386,152.0,0.1339,229.0
1753617607646,12:00:07.646,gateio,AERGO/USDT:USDT,0.13376,10.0,0.13375,24.0,0.13386,152.0,0.1339,229.0
1753617607789,12:00:07.789,gateio,AERGO/USDT:USDT,0.13376,10.0,0.13375,24.0,0.13386,152.0,0.1339,229.0
1753617608016,12:00:08.016,gateio,AERGO/USDT:USDT,0.13376,8.0,0.13375,14.0,0.13386,152.0,0.1339,229.0
1753617608042,12:00:08.042,gateio,AERGO/USDT:USDT,0.13376,8.0,0.13375,14.0,0.13386,152.0,0.1339,229.0
1753617608273,12:00:08.273,gateio,AERGO/USDT:USDT,0.13374,14.0,0.13373,1.0,0.13386,152.0,0.1339,229.0
1753617608448,12:00:08.448,gateio,AERGO/USDT:USDT,0.13374,14.0,0.13373,1.0,0.13386,152.0,0.1339,229.0
1753617608728,12:00:08.728,gateio,AERGO/USDT:USDT,0.13374,14.0,0.13373,1.0,0.13386,152.0,0.1339,229.0
1753617608771,12:00:08.771,gateio,AERGO/USDT:USDT,0.13374,14.0,0.13373,1.0,0.13386,152.0,0.1339,229.0
1753617608922,12:00:08.922,gateio,AERGO/USDT:USDT,0.13374,14.0,0.13373,1.0,0.13386,152.0,0.1339,229.0
1753617609009,12:00:09.009,gateio,AERGO/USDT:USDT,0.13374,14.0,0.13373,1.0,0.13386,152.0,0.13389,74.0
1753617609154,12:00:09.154,gateio,AERGO/USDT:USDT,0.13374,14.0,0.13373,1.0,0.13386,152.0,0.13389,74.0
1753617609300,12:00:09.300,gateio,AERGO/USDT:USDT,0.13374,14.0,0.13373,1.0,0.13386,152.0,0.13389,74.0
1753617609652,12:00:09.652,gateio,AERGO/USDT:USDT,0.13374,14.0,0.13373,1.0,0.13386,152.0,0.13389,74.0
1753617610256,12:00:10.256,gateio,AERGO/USDT:USDT,0.13374,14.0,0.13373,1.0,0.13386,152.0,0.13389,74.0
1753617610561,12:00:10.561,gateio,AERGO/USDT:USDT,0.13374,14.0,0.13373,1.0,0.13386,152.0,0.13389,74.0
1753617611599,12:00:11.599,gateio,AERGO/USDT:USDT,0.13374,14.0,0.13373,1.0,0.13386,152.0,0.13389,74.0
1753617611684,12:00:11.684,gateio,AERGO/USDT:USDT,0.13374,14.0,0.13373,1.0,0.13386,152.0,0.13389,74.0
1753617612219,12:00:12.219,gateio,AERGO/USDT:USDT,0.13374,14.0,0.13373,1.0,0.13386,152.0,0.13389,74.0
1753617612257,12:00:12.257,gateio,AERGO/USDT:USDT,0.13374,14.0,0.13373,1.0,0.13386,152.0,0.13389,74.0
1753617614191,12:00:14.191,gateio,AERGO/USDT:USDT,0.13374,14.0,0.13372,50.0,0.13386,152.0,0.13389,242.0
1753617614352,12:00:14.352,gateio,AERGO/USDT:USDT,0.13374,14.0,0.13372,50.0,0.13386,152.0,0.13389,242.0
1753617614594,12:00:14.594,gateio,AERGO/USDT:USDT,0.13374,14.0,0.13372,50.0,0.13386,152.0,0.13389,242.0
1753617615320,12:00:15.320,gateio,AERGO/USDT:USDT,0.13374,14.0,0.13372,50.0,0.13386,152.0,0.13389,242.0
1753617615331,12:00:15.331,gateio,AERGO/USDT:USDT,0.13374,14.0,0.13372,50.0,0.13386,152.0,0.13389,242.0
1753617615817,12:00:15.817,gateio,AERGO/USDT:USDT,0.13374,14.0,0.13372,50.0,0.13386,152.0,0.13389,242.0
1753617616019,12:00:16.019,gateio,AERGO/USDT:USDT,0.13372,50.0,0.13366,14.0,0.1338,152.0,0.13386,152.0
1753617616036,12:00:16.036,gateio,AERGO/USDT:USDT,0.13372,50.0,0.13366,14.0,0.1338,152.0,0.13386,152.0
1753617616188,12:00:16.188,gateio,AERGO/USDT:USDT,0.13366,14.0,0.13365,50.0,0.1338,152.0,0.13386,152.0
1753617616236,12:00:16.236,gateio,AERGO/USDT:USDT,0.13366,14.0,0.13365,50.0,0.1338,152.0,0.13386,152.0
1753617616511,12:00:16.511,gateio,AERGO/USDT:USDT,0.13366,14.0,0.13365,50.0,0.1338,152.0,0.13386,152.0
1753617616670,12:00:16.670,gateio,AERGO/USDT:USDT,0.13366,14.0,0.13365,50.0,0.1338,152.0,0.13386,152.0
1753617617182,12:00:17.182,gateio,AERGO/USDT:USDT,0.13364,14.0,0.13363,64.0,0.1338,152.0,0.13386,152.0
1753617617288,12:00:17.288,gateio,AERGO/USDT:USDT,0.13364,14.0,0.13363,50.0,0.1338,152.0,0.13386,152.0
1753617617428,12:00:17.428,gateio,AERGO/USDT:USDT,0.13364,14.0,0.13363,50.0,0.1338,152.0,0.13386,152.0
1753617617463,12:00:17.463,gateio,AERGO/USDT:USDT,0.13364,14.0,0.13363,50.0,0.1338,152.0,0.13386,152.0
1753617617582,12:00:17.582,gateio,AERGO/USDT:USDT,0.13364,14.0,0.13363,50.0,0.1338,152.0,0.13386,152.0
1753617619304,12:00:19.304,gateio,AERGO/USDT:USDT,0.13364,14.0,0.13363,50.0,0.1338,152.0,0.13386,152.0
1753617620019,12:00:20.019,gateio,AERGO/USDT:USDT,0.13364,14.0,0.13363,50.0,0.1338,152.0,0.13386,152.0
1753617620052,12:00:20.052,gateio,AERGO/USDT:USDT,0.13364,14.0,0.13363,50.0,0.1338,152.0,0.13386,152.0
1753617620136,12:00:20.136,gateio,AERGO/USDT:USDT,0.13364,14.0,0.13363,50.0,0.1338,152.0,0.13386,152.0
1753617620298,12:00:20.298,gateio,AERGO/USDT:USDT,0.13364,14.0,0.13363,50.0,0.1338,152.0,0.13386,152.0
1753617620451,12:00:20.451,gateio,AERGO/USDT:USDT,0.13364,14.0,0.13363,50.0,0.1338,152.0,0.13386,152.0
1753617621010,12:00:21.010,gateio,AERGO/USDT:USDT,0.13364,14.0,0.13363,50.0,0.1338,152.0,0.13385,74.0
1753617621127,12:00:21.127,gateio,AERGO/USDT:USDT,0.13364,14.0,0.13363,50.0,0.13374,152.0,0.1338,152.0
1753617621211,12:00:21.211,gateio,AERGO/USDT:USDT,0.13363,64.0,0.13362,75.0,0.13374,152.0,0.1338,152.0
1753617621325,12:00:21.325,gateio,AERGO/USDT:USDT,0.13363,64.0,0.13362,75.0,0.13374,152.0,0.1338,152.0
1753617621414,12:00:21.414,gateio,AERGO/USDT:USDT,0.13363,66.0,0.13362,75.0,0.13374,152.0,0.1338,152.0
1753617621519,12:00:21.519,gateio,AERGO/USDT:USDT,0.13363,66.0,0.13362,75.0,0.13374,152.0,0.1338,152.0
1753617621612,12:00:21.612,gateio,AERGO/USDT:USDT,0.13363,66.0,0.13362,75.0,0.13374,152.0,0.13379,397.0
1753617622005,12:00:22.005,gateio,AERGO/USDT:USDT,0.13363,66.0,0.13362,75.0,0.13374,152.0,0.13379,397.0
1753617622032,12:00:22.032,gateio,AERGO/USDT:USDT,0.13363,66.0,0.13362,75.0,0.13374,152.0,0.13379,397.0
1753617622364,12:00:22.364,gateio,AERGO/USDT:USDT,0.13363,66.0,0.13362,75.0,0.13374,152.0,0.13379,397.0
1753617622815,12:00:22.815,gateio,AERGO/USDT:USDT,0.13363,66.0,0.13362,75.0,0.13374,152.0,0.13379,397.0
1753617623193,12:00:23.193,gateio,AERGO/USDT:USDT,0.13363,66.0,0.13362,75.0,0.13374,152.0,0.13379,397.0
1753617625053,12:00:25.053,gateio,AERGO/USDT:USDT,0.13363,66.0,0.13362,75.0,0.13374,152.0,0.13379,471.0
1753617625639,12:00:25.639,gateio,AERGO/USDT:USDT,0.13363,66.0,0.13362,75.0,0.13374,152.0,0.13379,471.0
1753617625897,12:00:25.897,gateio,AERGO/USDT:USDT,0.13363,66.0,0.13362,75.0,0.13374,152.0,0.13379,471.0
1753617626127,12:00:26.127,gateio,AERGO/USDT:USDT,0.13363,64.0,0.13362,75.0,0.13374,152.0,0.13379,471.0
1753617626132,12:00:26.132,gateio,AERGO/USDT:USDT,0.13363,64.0,0.13362,75.0,0.13374,152.0,0.13379,471.0
1753617626455,12:00:26.455,gateio,AERGO/USDT:USDT,0.13363,64.0,0.13362,75.0,0.13374,152.0,0.13379,471.0
1753617627265,12:00:27.265,gateio,AERGO/USDT:USDT,0.13363,66.0,0.13362,75.0,0.13374,152.0,0.13379,397.0
1753617627370,12:00:27.370,gateio,AERGO/USDT:USDT,0.13363,66.0,0.13362,75.0,0.13379,397.0,0.1338,152.0
1753617627510,12:00:27.510,gateio,AERGO/USDT:USDT,0.13363,66.0,0.13362,75.0,0.13379,397.0,0.1338,152.0
1753617627681,12:00:27.681,gateio,AERGO/USDT:USDT,0.13363,66.0,0.13362,75.0,0.13379,397.0,0.1338,152.0
1753617628006,12:00:28.006,gateio,AERGO/USDT:USDT,0.13363,66.0,0.13362,75.0,0.13379,397.0,0.1338,152.0
1753617628510,12:00:28.510,gateio,AERGO/USDT:USDT,0.13363,66.0,0.13362,75.0,0.13379,397.0,0.1338,152.0
1753617628622,12:00:28.622,gateio,AERGO/USDT:USDT,0.13363,66.0,0.13362,75.0,0.13379,397.0,0.1338,152.0
1753617628679,12:00:28.679,gateio,AERGO/USDT:USDT,0.13364,1.0,0.13363,66.0,0.13379,397.0,0.1338,152.0
1753617628941,12:00:28.941,gateio,AERGO/USDT:USDT,0.13364,1.0,0.13363,66.0,0.13379,397.0,0.1338,152.0
1753617629361,12:00:29.361,gateio,AERGO/USDT:USDT,0.13364,1.0,0.13363,66.0,0.13379,397.0,0.1338,152.0
1753617630009,12:00:30.009,gateio,AERGO/USDT:USDT,0.13364,1.0,0.13363,66.0,0.13379,397.0,0.1338,152.0
1753617631812,12:00:31.812,gateio,AERGO/USDT:USDT,0.13364,1.0,0.13363,66.0,0.13379,397.0,0.1338,152.0
1753617632604,12:00:32.604,gateio,AERGO/USDT:USDT,0.13364,1.0,0.13363,66.0,0.13379,397.0,0.1338,152.0
1753617633361,12:00:33.361,gateio,AERGO/USDT:USDT,0.13364,1.0,0.13363,66.0,0.13379,397.0,0.1338,152.0
1753617633733,12:00:33.733,gateio,AERGO/USDT:USDT,0.13364,1.0,0.13363,66.0,0.13379,397.0,0.1338,152.0
1753617634806,12:00:34.806,gateio,AERGO/USDT:USDT,0.13366,1.0,0.13363,66.0,0.13379,397.0,0.1338,152.0
1753617636032,12:00:36.032,gateio,AERGO/USDT:USDT,0.13366,1.0,0.13363,66.0,0.13379,397.0,0.1338,152.0
1753617637611,12:00:37.611,gateio,AERGO/USDT:USDT,0.13366,1.0,0.13363,66.0,0.13379,397.0,0.1338,152.0
1753617637790,12:00:37.790,gateio,AERGO/USDT:USDT,0.13366,1.0,0.13363,66.0,0.13379,397.0,0.1338,152.0
1753617638308,12:00:38.308,gateio,AERGO/USDT:USDT,0.13366,1.0,0.13363,64.0,0.13379,397.0,0.1338,152.0
1753617638425,12:00:38.425,gateio,AERGO/USDT:USDT,0.13366,1.0,0.13363,64.0,0.13379,397.0,0.1338,152.0
1753617639084,12:00:39.084,gateio,AERGO/USDT:USDT,0.13366,1.0,0.13363,64.0,0.13374,152.0,0.13379,397.0
1753617639152,12:00:39.152,gateio,AERGO/USDT:USDT,0.13366,1.0,0.13363,64.0,0.13374,152.0,0.13379,397.0
1753617639515,12:00:39.515,gateio,AERGO/USDT:USDT,0.13366,1.0,0.13363,64.0,0.13374,152.0,0.13379,397.0
1753617639790,12:00:39.790,gateio,AERGO/USDT:USDT,0.13365,1.0,0.13363,66.0,0.13374,152.0,0.13379,397.0
1753617643192,12:00:43.192,gateio,AERGO/USDT:USDT,0.13365,1.0,0.13363,66.0,0.13374,152.0,0.13379,397.0
1753617643391,12:00:43.391,gateio,AERGO/USDT:USDT,0.13365,1.0,0.13363,66.0,0.13374,320.0,0.13379,229.0
1753617643560,12:00:43.560,gateio,AERGO/USDT:USDT,0.13365,1.0,0.13363,66.0,0.13374,320.0,0.13379,229.0
1753617645511,12:00:45.511,gateio,AERGO/USDT:USDT,0.13363,64.0,0.13362,75.0,0.13374,320.0,0.13379,229.0
1753617645911,12:00:45.911,gateio,AERGO/USDT:USDT,0.13363,64.0,0.13362,75.0,0.13374,320.0,0.13379,229.0
1753617645992,12:00:45.992,gateio,AERGO/USDT:USDT,0.13363,64.0,0.13362,75.0,0.13374,320.0,0.13379,229.0
1753617646400,12:00:46.400,gateio,AERGO/USDT:USDT,0.13363,64.0,0.13362,75.0,0.13374,320.0,0.13379,229.0
1753617646852,12:00:46.852,gateio,AERGO/USDT:USDT,0.13363,64.0,0.13362,75.0,0.13374,320.0,0.13379,229.0
1753617646952,12:00:46.952,gateio,AERGO/USDT:USDT,0.13363,64.0,0.13362,75.0,0.13374,320.0,0.13379,229.0
1753617647366,12:00:47.366,gateio,AERGO/USDT:USDT,0.13363,64.0,0.13362,75.0,0.13374,320.0,0.13379,229.0
1753617647598,12:00:47.598,gateio,AERGO/USDT:USDT,0.13363,64.0,0.13362,75.0,0.13374,320.0,0.13379,229.0
1753617648821,12:00:48.821,gateio,AERGO/USDT:USDT,0.13363,64.0,0.13362,75.0,0.13374,320.0,0.13379,229.0
1753617648832,12:00:48.832,gateio,AERGO/USDT:USDT,0.13363,64.0,0.13362,75.0,0.13374,320.0,0.13379,229.0
1753617652052,12:00:52.052,gateio,AERGO/USDT:USDT,0.13363,64.0,0.13362,75.0,0.13374,320.0,0.13379,229.0
1753617654010,12:00:54.010,gateio,AERGO/USDT:USDT,0.13363,64.0,0.13362,75.0,0.13374,320.0,0.13379,303.0
1753617654045,12:00:54.045,gateio,AERGO/USDT:USDT,0.13363,64.0,0.13362,75.0,0.13374,320.0,0.13379,303.0
1753617654498,12:00:54.498,gateio,AERGO/USDT:USDT,0.13363,64.0,0.13362,75.0,0.13374,320.0,0.13379,303.0
1753617654967,12:00:54.967,gateio,AERGO/USDT:USDT,0.13363,64.0,0.13362,75.0,0.13374,320.0,0.13379,303.0
1753617656212,12:00:56.212,gateio,AERGO/USDT:USDT,0.13363,65.0,0.13362,75.0,0.13374,320.0,0.13379,303.0
1753617657406,12:00:57.406,gateio,AERGO/USDT:USDT,0.13363,64.0,0.13362,76.0,0.13374,320.0,0.13379,303.0
1753617657613,12:00:57.613,gateio,AERGO/USDT:USDT,0.13363,64.0,0.13362,76.0,0.13374,320.0,0.13379,303.0
1753617657652,12:00:57.652,gateio,AERGO/USDT:USDT,0.13363,64.0,0.13362,76.0,0.13374,320.0,0.13379,303.0
1753617659287,12:00:59.287,gateio,AERGO/USDT:USDT,0.13363,64.0,0.13362,76.0,0.13374,320.0,0.13379,303.0
1753617660209,12:01:00.209,gateio,AERGO/USDT:USDT,0.13364,79.0,0.13363,64.0,0.13374,320.0,0.13379,303.0
1753617660282,12:01:00.282,gateio,AERGO/USDT:USDT,0.13364,80.0,0.13363,64.0,0.13374,320.0,0.13379,303.0
1753617660393,12:01:00.393,gateio,AERGO/USDT:USDT,0.13364,80.0,0.13363,64.0,0.13374,320.0,0.13379,303.0
1753617660518,12:01:00.518,gateio,AERGO/USDT:USDT,0.13364,80.0,0.13363,64.0,0.13374,320.0,0.13379,303.0
1753617660687,12:01:00.687,gateio,AERGO/USDT:USDT,0.13364,80.0,0.13363,14.0,0.13374,320.0,0.13379,303.0
1753617661011,12:01:01.011,gateio,AERGO/USDT:USDT,0.13364,80.0,0.13363,14.0,0.13374,320.0,0.13379,229.0
1753617661726,12:01:01.726,gateio,AERGO/USDT:USDT,0.13364,80.0,0.13363,14.0,0.13374,320.0,0.13379,229.0
1753617662375,12:01:02.375,gateio,AERGO/USDT:USDT,0.13364,80.0,0.13362,14.0,0.13374,320.0,0.13379,229.0
1753617663010,12:01:03.010,gateio,AERGO/USDT:USDT,0.13364,80.0,0.13362,14.0,0.13374,320.0,0.13379,303.0
1753617663153,12:01:03.153,gateio,AERGO/USDT:USDT,0.13364,80.0,0.13362,14.0,0.13374,320.0,0.13379,303.0
1753617663546,12:01:03.546,gateio,AERGO/USDT:USDT,0.13364,80.0,0.13362,14.0,0.13374,320.0,0.13379,303.0
1753617663772,12:01:03.772,gateio,AERGO/USDT:USDT,0.13364,80.0,0.13362,14.0,0.13374,320.0,0.13379,229.0
1753617664426,12:01:04.426,gateio,AERGO/USDT:USDT,0.13365,1.0,0.13364,79.0,0.13374,320.0,0.13379,229.0
1753617664449,12:01:04.449,gateio,AERGO/USDT:USDT,0.13365,5.0,0.13364,79.0,0.13374,320.0,0.13379,229.0
1753617664909,12:01:04.909,gateio,AERGO/USDT:USDT,0.13365,5.0,0.13364,79.0,0.13374,168.0,0.13379,229.0
1753617664986,12:01:04.986,gateio,AERGO/USDT:USDT,0.13365,5.0,0.13364,79.0,0.13374,168.0,0.13379,229.0
1753617665406,12:01:05.406,gateio,AERGO/USDT:USDT,0.13365,5.0,0.13364,79.0,0.13374,168.0,0.13379,229.0
1753617665539,12:01:05.539,gateio,AERGO/USDT:USDT,0.13365,5.0,0.13364,79.0,0.13374,168.0,0.13379,229.0
1753617666006,12:01:06.006,gateio,AERGO/USDT:USDT,0.13365,5.0,0.13364,79.0,0.13374,168.0,0.13379,229.0
1753617666380,12:01:06.380,gateio,AERGO/USDT:USDT,0.13365,5.0,0.13364,79.0,0.13374,168.0,0.13379,229.0
1753617667395,12:01:07.395,gateio,AERGO/USDT:USDT,0.13365,5.0,0.13364,79.0,0.13374,168.0,0.13379,229.0
1753617669480,12:01:09.480,gateio,AERGO/USDT:USDT,0.13365,19.0,0.13364,79.0,0.13378,168.0,0.13379,229.0
1753617669896,12:01:09.896,gateio,AERGO/USDT:USDT,0.13365,19.0,0.13364,79.0,0.13378,168.0,0.13379,229.0
1753617670718,12:01:10.718,gateio,AERGO/USDT:USDT,0.13365,19.0,0.13364,79.0,0.13378,168.0,0.13379,229.0
1753617670769,12:01:10.769,gateio,AERGO/USDT:USDT,0.13366,1.0,0.13365,18.0,0.13378,168.0,0.13379,229.0
1753617670892,12:01:10.892,gateio,AERGO/USDT:USDT,0.13366,1.0,0.13365,18.0,0.13378,168.0,0.13379,229.0
1753617671565,12:01:11.565,gateio,AERGO/USDT:USDT,0.13366,1.0,0.13365,18.0,0.13378,168.0,0.13379,229.0
1753617671717,12:01:11.717,gateio,AERGO/USDT:USDT,0.13366,1.0,0.13365,18.0,0.13378,168.0,0.13379,229.0
1753617671823,12:01:11.823,gateio,AERGO/USDT:USDT,0.13366,1.0,0.13365,18.0,0.13379,397.0,0.1338,152.0
1753617671890,12:01:11.890,gateio,AERGO/USDT:USDT,0.13366,1.0,0.13365,18.0,0.13379,168.0,0.1338,152.0
1753617672020,12:01:12.020,gateio,AERGO/USDT:USDT,0.13366,1.0,0.13365,18.0,0.13379,168.0,0.1338,152.0
1753617672083,12:01:12.083,gateio,AERGO/USDT:USDT,0.13366,1.0,0.13365,18.0,0.13379,168.0,0.1338,152.0
1753617672315,12:01:12.315,gateio,AERGO/USDT:USDT,0.13366,1.0,0.13365,18.0,0.1338,320.0,0.13384,188.0
1753617672341,12:01:12.341,gateio,AERGO/USDT:USDT,0.13366,1.0,0.13365,18.0,0.1338,320.0,0.13384,188.0
1753617672778,12:01:12.778,gateio,AERGO/USDT:USDT,0.13366,1.0,0.13365,18.0,0.1338,320.0,0.13384,188.0
1753617673006,12:01:13.006,gateio,AERGO/USDT:USDT,0.13366,1.0,0.13365,18.0,0.1338,320.0,0.13383,74.0
1753617674672,12:01:14.672,gateio,AERGO/USDT:USDT,0.13366,1.0,0.13365,18.0,0.1338,320.0,0.13383,74.0
1753617675003,12:01:15.003,gateio,AERGO/USDT:USDT,0.13366,1.0,0.13365,18.0,0.1338,320.0,0.13384,188.0
1753617678082,12:01:18.082,gateio,AERGO/USDT:USDT,0.13366,1.0,0.13365,18.0,0.1338,320.0,0.13384,188.0
1753617678217,12:01:18.217,gateio,AERGO/USDT:USDT,0.13366,1.0,0.13365,18.0,0.1338,320.0,0.13384,188.0
1753617678487,12:01:18.487,gateio,AERGO/USDT:USDT,0.13366,1.0,0.13365,18.0,0.1338,320.0,0.13384,188.0
1753617678538,12:01:18.538,gateio,AERGO/USDT:USDT,0.13366,1.0,0.13365,18.0,0.1338,320.0,0.13384,188.0
1753617678712,12:01:18.712,gateio,AERGO/USDT:USDT,0.13366,1.0,0.13365,18.0,0.1338,320.0,0.13384,188.0
1753617678828,12:01:18.828,gateio,AERGO/USDT:USDT,0.13366,1.0,0.13365,18.0,0.13374,152.0,0.13379,229.0
1753617678836,12:01:18.836,gateio,AERGO/USDT:USDT,0.13366,1.0,0.13365,12.0,0.13374,152.0,0.13379,229.0
1753617679712,12:01:19.712,gateio,AERGO/USDT:USDT,0.13366,1.0,0.13365,12.0,0.13374,152.0,0.13379,229.0
1753617679736,12:01:19.736,gateio,AERGO/USDT:USDT,0.13366,1.0,0.13365,12.0,0.13374,152.0,0.13379,229.0
1753617680227,12:01:20.227,gateio,AERGO/USDT:USDT,0.13366,1.0,0.13365,12.0,0.13379,229.0,0.1338,320.0
1753617680275,12:01:20.275,gateio,AERGO/USDT:USDT,0.13366,15.0,0.13365,12.0,0.13379,229.0,0.1338,320.0
1753617680331,12:01:20.331,gateio,AERGO/USDT:USDT,0.13366,15.0,0.13365,12.0,0.13379,229.0,0.1338,320.0
1753617680592,12:01:20.592,gateio,AERGO/USDT:USDT,0.13366,15.0,0.13365,12.0,0.13379,229.0,0.1338,320.0
1753617681612,12:01:21.612,gateio,AERGO/USDT:USDT,0.13366,15.0,0.13365,12.0,0.13379,229.0,0.1338,320.0
1753617681861,12:01:21.861,gateio,AERGO/USDT:USDT,0.13366,15.0,0.13365,12.0,0.13379,229.0,0.1338,320.0
1753617682003,12:01:22.003,gateio,AERGO/USDT:USDT,0.13366,15.0,0.13365,12.0,0.13379,229.0,0.1338,320.0
1753617682922,12:01:22.922,gateio,AERGO/USDT:USDT,0.13366,15.0,0.13365,12.0,0.13379,229.0,0.1338,320.0
1753617683102,12:01:23.102,gateio,AERGO/USDT:USDT,0.13366,15.0,0.13365,12.0,0.13379,229.0,0.1338,320.0
1753617683176,12:01:23.176,gateio,AERGO/USDT:USDT,0.13366,15.0,0.13365,12.0,0.13379,229.0,0.1338,320.0
1753617683527,12:01:23.527,gateio,AERGO/USDT:USDT,0.13366,15.0,0.13365,12.0,0.13379,229.0,0.1338,320.0
1753617683530,12:01:23.530,gateio,AERGO/USDT:USDT,0.13366,15.0,0.13365,12.0,0.13379,229.0,0.1338,320.0
1753617683717,12:01:23.717,gateio,AERGO/USDT:USDT,0.13366,15.0,0.13365,12.0,0.13379,229.0,0.1338,320.0
1753617683731,12:01:23.731,gateio,AERGO/USDT:USDT,0.13366,15.0,0.13365,12.0,0.13379,229.0,0.1338,320.0
1753617683975,12:01:23.975,gateio,AERGO/USDT:USDT,0.13366,15.0,0.13365,12.0,0.13378,168.0,0.1338,152.0
1753617684361,12:01:24.361,gateio,AERGO/USDT:USDT,0.13366,15.0,0.13365,12.0,0.13378,168.0,0.1338,152.0
1753617684787,12:01:24.787,gateio,AERGO/USDT:USDT,0.13366,15.0,0.13365,12.0,0.13378,168.0,0.1338,152.0
1753617689128,12:01:29.128,gateio,AERGO/USDT:USDT,0.13366,15.0,0.13365,12.0,0.13378,168.0,0.1338,152.0
1753617689128,12:01:29.128,gateio,AERGO/USDT:USDT,0.13366,15.0,0.13365,12.0,0.13378,168.0,0.1338,152.0
1753617689728,12:01:29.728,gateio,AERGO/USDT:USDT,0.13366,15.0,0.13365,12.0,0.13379,168.0,0.1338,152.0
1753617689782,12:01:29.782,gateio,AERGO/USDT:USDT,0.13366,15.0,0.13365,12.0,0.13379,168.0,0.1338,152.0
1753617690065,12:01:30.065,gateio,AERGO/USDT:USDT,0.13366,15.0,0.13365,12.0,0.13379,168.0,0.1338,152.0
1753617691386,12:01:31.386,gateio,AERGO/USDT:USDT,0.13367,1.0,0.13366,14.0,0.13379,168.0,0.1338,152.0
1753617691517,12:01:31.517,gateio,AERGO/USDT:USDT,0.13367,1.0,0.13366,14.0,0.13379,168.0,0.1338,152.0
1753617691723,12:01:31.723,gateio,AERGO/USDT:USDT,0.13367,1.0,0.13366,14.0,0.13379,168.0,0.1338,152.0
1753617691823,12:01:31.823,gateio,AERGO/USDT:USDT,0.13367,1.0,0.13366,14.0,0.13379,168.0,0.1338,152.0
1753617691833,12:01:31.833,gateio,AERGO/USDT:USDT,0.13367,1.0,0.13366,14.0,0.13379,168.0,0.1338,152.0
1753617692161,12:01:32.161,gateio,AERGO/USDT:USDT,0.13368,1.0,0.13366,14.0,0.13379,168.0,0.1338,152.0
1753617692314,12:01:32.314,gateio,AERGO/USDT:USDT,0.13368,5.0,0.13366,14.0,0.13379,168.0,0.1338,152.0
1753617692417,12:01:32.417,gateio,AERGO/USDT:USDT,0.13369,1.0,0.13368,22.0,0.13379,168.0,0.1338,152.0
1753617692472,12:01:32.472,gateio,AERGO/USDT:USDT,0.13369,1.0,0.13368,22.0,0.13379,168.0,0.1338,152.0
1753617692612,12:01:32.612,gateio,AERGO/USDT:USDT,0.13369,1.0,0.13368,22.0,0.13379,168.0,0.1338,152.0
1753617692856,12:01:32.856,gateio,AERGO/USDT:USDT,0.13369,1.0,0.13368,22.0,0.13379,168.0,0.1338,152.0
1753617693004,12:01:33.004,gateio,AERGO/USDT:USDT,0.13369,1.0,0.13368,22.0,0.13379,168.0,0.1338,152.0
1753617693072,12:01:33.072,gateio,AERGO/USDT:USDT,0.13369,1.0,0.13368,22.0,0.13379,168.0,0.1338,152.0
1753617693407,12:01:33.407,gateio,AERGO/USDT:USDT,0.13369,1.0,0.13368,22.0,0.13379,168.0,0.1338,152.0
1753617693434,12:01:33.434,gateio,AERGO/USDT:USDT,0.13369,1.0,0.13368,22.0,0.13379,168.0,0.1338,152.0
1753617693623,12:01:33.623,gateio,AERGO/USDT:USDT,0.13369,1.0,0.13368,22.0,0.13379,168.0,0.1338,152.0
1753617693719,12:01:33.719,gateio,AERGO/USDT:USDT,0.13369,1.0,0.13368,22.0,0.13379,168.0,0.1338,152.0
1753617693731,12:01:33.731,gateio,AERGO/USDT:USDT,0.13369,1.0,0.13368,22.0,0.13379,168.0,0.1338,152.0
1753617693892,12:01:33.892,gateio,AERGO/USDT:USDT,0.13373,84.0,0.13372,26.0,0.13379,168.0,0.13386,152.0
1753617694011,12:01:34.011,gateio,AERGO/USDT:USDT,0.13374,15.0,0.13373,83.0,0.13385,168.0,0.13386,152.0
1753617694102,12:01:34.102,gateio,AERGO/USDT:USDT,0.13374,15.0,0.13373,83.0,0.13385,168.0,0.13386,152.0
1753617694139,12:01:34.139,gateio,AERGO/USDT:USDT,0.13374,15.0,0.13373,83.0,0.13385,168.0,0.13386,152.0
1753617694309,12:01:34.309,gateio,AERGO/USDT:USDT,0.13374,15.0,0.13373,83.0,0.13385,168.0,0.13386,152.0
1753617694681,12:01:34.681,gateio,AERGO/USDT:USDT,0.13374,15.0,0.13373,83.0,0.13385,168.0,0.13386,152.0
1753617694772,12:01:34.772,gateio,AERGO/USDT:USDT,0.13374,15.0,0.13373,83.0,0.13385,168.0,0.13386,152.0
1753617694936,12:01:34.936,gateio,AERGO/USDT:USDT,0.13374,15.0,0.13373,8.0,0.13385,168.0,0.13386,152.0
1753617695102,12:01:35.102,gateio,AERGO/USDT:USDT,0.13374,15.0,0.13373,8.0,0.13385,168.0,0.13386,152.0
1753617695220,12:01:35.220,gateio,AERGO/USDT:USDT,0.13374,15.0,0.13373,8.0,0.13385,168.0,0.13386,152.0
1753617695239,12:01:35.239,gateio,AERGO/USDT:USDT,0.13374,15.0,0.13373,8.0,0.13385,168.0,0.13386,152.0
1753617695752,12:01:35.752,gateio,AERGO/USDT:USDT,0.13374,15.0,0.13373,8.0,0.13385,168.0,0.13386,152.0
1753617696259,12:01:36.259,gateio,AERGO/USDT:USDT,0.13374,15.0,0.13373,8.0,0.13385,168.0,0.13386,152.0
1753617696335,12:01:36.335,gateio,AERGO/USDT:USDT,0.13374,15.0,0.13373,8.0,0.13385,168.0,0.13386,152.0
1753617696436,12:01:36.436,gateio,AERGO/USDT:USDT,0.13374,15.0,0.13373,8.0,0.13385,168.0,0.13386,152.0
1753617696660,12:01:36.660,gateio,AERGO/USDT:USDT,0.13374,15.0,0.13373,8.0,0.13385,168.0,0.13386,152.0
1753617696770,12:01:36.770,gateio,AERGO/USDT:USDT,0.13374,15.0,0.13373,8.0,0.13385,168.0,0.13386,152.0
1753617696831,12:01:36.831,gateio,AERGO/USDT:USDT,0.13374,15.0,0.13373,8.0,0.13385,168.0,0.13386,152.0
1753617697003,12:01:37.003,gateio,AERGO/USDT:USDT,0.13374,15.0,0.13373,8.0,0.13385,168.0,0.13386,152.0
1753617698412,12:01:38.412,gateio,AERGO/USDT:USDT,0.13374,15.0,0.13373,8.0,0.13386,320.0,0.1339,413.0
1753617698505,12:01:38.505,gateio,AERGO/USDT:USDT,0.13375,1.0,0.13374,14.0,0.13386,320.0,0.1339,413.0
1753617698537,12:01:38.537,gateio,AERGO/USDT:USDT,0.13375,1.0,0.13374,14.0,0.13386,320.0,0.1339,413.0
1753617698723,12:01:38.723,gateio,AERGO/USDT:USDT,0.13375,1.0,0.13374,14.0,0.13386,320.0,0.1339,413.0
1753617698733,12:01:38.733,gateio,AERGO/USDT:USDT,0.13375,1.0,0.13374,14.0,0.13386,320.0,0.1339,413.0
1753617698918,12:01:38.918,gateio,AERGO/USDT:USDT,0.13377,1.0,0.13376,13.0,0.13386,320.0,0.1339,229.0
1753617699024,12:01:39.024,gateio,AERGO/USDT:USDT,0.13379,1.0,0.13376,13.0,0.13386,320.0,0.1339,229.0
1753617699126,12:01:39.126,gateio,AERGO/USDT:USDT,0.13379,1.0,0.13377,4.0,0.13386,320.0,0.1339,229.0
1753617699213,12:01:39.213,gateio,AERGO/USDT:USDT,0.13381,1.0,0.13377,4.0,0.13386,320.0,0.1339,229.0
1753617699291,12:01:39.291,gateio,AERGO/USDT:USDT,0.13381,1.0,0.13377,4.0,0.13386,320.0,0.1339,229.0
1753617699472,12:01:39.472,gateio,AERGO/USDT:USDT,0.13381,1.0,0.13377,4.0,0.13386,320.0,0.1339,229.0
1753617699626,12:01:39.626,gateio,AERGO/USDT:USDT,0.13381,1.0,0.13377,4.0,0.13386,320.0,0.1339,229.0
1753617699728,12:01:39.728,gateio,AERGO/USDT:USDT,0.13377,4.0,0.13374,14.0,0.13386,320.0,0.1339,229.0
1753617699822,12:01:39.822,gateio,AERGO/USDT:USDT,0.13385,1.0,0.13377,8.0,0.13386,168.0,0.1339,229.0
1753617699898,12:01:39.898,gateio,AERGO/USDT:USDT,0.13377,8.0,0.13376,26.0,0.13385,110.0,0.1339,397.0
1753617699978,12:01:39.978,gateio,AERGO/USDT:USDT,0.13378,14.0,0.13377,8.0,0.13385,110.0,0.1339,168.0
1753617700104,12:01:40.104,gateio,AERGO/USDT:USDT,0.13378,14.0,0.13377,8.0,0.13385,110.0,0.1339,168.0
1753617700222,12:01:40.222,gateio,AERGO/USDT:USDT,0.13378,14.0,0.13377,8.0,0.13385,110.0,0.1339,168.0
1753617700350,12:01:40.350,gateio,AERGO/USDT:USDT,0.13378,14.0,0.13377,8.0,0.1339,168.0,0.13391,229.0
1753617700447,12:01:40.447,gateio,AERGO/USDT:USDT,0.13378,28.0,0.13377,8.0,0.1339,168.0,0.13391,229.0
1753617700547,12:01:40.547,gateio,AERGO/USDT:USDT,0.13378,28.0,0.13377,8.0,0.1339,168.0,0.13391,229.0
1753617700982,12:01:40.982,gateio,AERGO/USDT:USDT,0.13378,28.0,0.13377,8.0,0.1339,168.0,0.13391,229.0
1753617701486,12:01:41.486,gateio,AERGO/USDT:USDT,0.13378,28.0,0.13377,8.0,0.1339,168.0,0.13391,229.0
1753617701648,12:01:41.648,gateio,AERGO/USDT:USDT,0.13378,28.0,0.13377,8.0,0.1339,168.0,0.13391,229.0
1753617703013,12:01:43.013,gateio,AERGO/USDT:USDT,0.13378,28.0,0.13377,8.0,0.1339,168.0,0.13391,229.0
1753617703095,12:01:43.095,gateio,AERGO/USDT:USDT,0.13378,28.0,0.13377,8.0,0.1339,168.0,0.13391,229.0
1753617704213,12:01:44.213,gateio,AERGO/USDT:USDT,0.13378,28.0,0.13377,8.0,0.1339,168.0,0.13391,229.0
1753617704945,12:01:44.945,gateio,AERGO/USDT:USDT,0.13378,28.0,0.13377,8.0,0.1339,168.0,0.13391,229.0
1753617709825,12:01:49.825,gateio,AERGO/USDT:USDT,0.13378,28.0,0.13377,8.0,0.1339,168.0,0.13391,229.0
1753617709848,12:01:49.848,gateio,AERGO/USDT:USDT,0.13378,28.0,0.13377,8.0,0.1339,168.0,0.13391,229.0
1753617710015,12:01:50.015,gateio,AERGO/USDT:USDT,0.13378,28.0,0.13377,8.0,0.1339,168.0,0.13391,229.0
1753617711004,12:01:51.004,gateio,AERGO/USDT:USDT,0.13378,28.0,0.13377,8.0,0.1339,168.0,0.13391,229.0
1753617711032,12:01:51.032,gateio,AERGO/USDT:USDT,0.13378,28.0,0.13377,8.0,0.1339,168.0,0.13391,229.0
1753617711459,12:01:51.459,gateio,AERGO/USDT:USDT,0.13378,28.0,0.13377,8.0,0.1339,168.0,0.13391,229.0
1753617712876,12:01:52.876,gateio,AERGO/USDT:USDT,0.13378,28.0,0.13377,8.0,0.1339,168.0,0.13391,229.0
1753617720015,12:02:00.015,gateio,AERGO/USDT:USDT,0.13378,28.0,0.13377,8.0,0.1339,168.0,0.13391,229.0
1753617720377,12:02:00.377,gateio,AERGO/USDT:USDT,0.13378,28.0,0.13377,8.0,0.1339,168.0,0.13391,229.0
1753617720768,12:02:00.768,gateio,AERGO/USDT:USDT,0.13378,14.0,0.13377,8.0,0.13386,152.0,0.1339,168.0
1753617721013,12:02:01.013,gateio,AERGO/USDT:USDT,0.13378,14.0,0.13377,8.0,0.13386,320.0,0.13391,229.0
1753617721108,12:02:01.108,gateio,AERGO/USDT:USDT,0.13378,14.0,0.13377,8.0,0.13386,320.0,0.13391,229.0
1753617721532,12:02:01.532,gateio,AERGO/USDT:USDT,0.13378,14.0,0.13377,8.0,0.13386,320.0,0.13391,229.0
1753617721633,12:02:01.633,gateio,AERGO/USDT:USDT,0.13378,14.0,0.13377,4.0,0.13386,320.0,0.13391,229.0
1753617722323,12:02:02.323,gateio,AERGO/USDT:USDT,0.13378,14.0,0.13377,4.0,0.13386,320.0,0.13391,229.0
1753617722405,12:02:02.405,gateio,AERGO/USDT:USDT,0.13378,14.0,0.13374,14.0,0.13386,320.0,0.13391,229.0
