timestamp,time,exchange,symbol,bid1_price,bid1_volume,bid2_price,bid2_volume,ask1_price,ask1_volume,ask2_price,ask2_volume
1753617167892,11:52:47.892,mexc,ADA/USDT:USDT,0.8228,850029.0,0.8227,755329.0,0.8229,768155,0.823,910126.0
1753617168253,11:52:48.253,mexc,ADA/USDT:USDT,0.8228,850029.0,0.8227,755329.0,0.8229,768155,0.823,1225758
1753617168495,11:52:48.495,mexc,ADA/USDT:USDT,0.8228,850029.0,0.8227,755329.0,0.8229,768155,0.823,1225758
1753617168591,11:52:48.591,mexc,ADA/USDT:USDT,0.8228,850029.0,0.8227,755329.0,0.8229,768155,0.823,910126
1753617168851,11:52:48.851,mexc,ADA/USDT:USDT,0.8229,819524,0.8228,850029.0,0.823,910126,0.8231,688450
1753617169126,11:52:49.126,mexc,ADA/USDT:USDT,0.8229,819524,0.8228,850029.0,0.823,910126,0.8231,1002552
1753617169495,11:52:49.495,mexc,ADA/USDT:USDT,0.8229,819524,0.8228,850029.0,0.823,910126,0.8231,688450
1753617169642,11:52:49.642,mexc,ADA/USDT:USDT,0.8229,819524,0.8228,850029.0,0.823,910126,0.8231,917477
1753617169893,11:52:49.893,mexc,ADA/USDT:USDT,0.8229,819524,0.8228,1210152,0.823,910126,0.8231,917477
1753617170091,11:52:50.091,mexc,ADA/USDT:USDT,0.8229,819524,0.8228,1210152,0.823,910126,0.8231,688450
1753617170343,11:52:50.343,mexc,ADA/USDT:USDT,0.8229,819524,0.8228,943516,0.823,910126,0.8231,688450
1753617170592,11:52:50.592,mexc,ADA/USDT:USDT,0.8229,819524,0.8228,943516,0.823,910126,0.8231,1130678
1753617170832,11:52:50.832,mexc,ADA/USDT:USDT,0.8229,819524,0.8228,850029,0.823,910126,0.8231,1130678
1753617171156,11:52:51.156,mexc,ADA/USDT:USDT,0.8229,819524,0.8228,850029,0.823,902137,0.8231,915608
1753617171325,11:52:51.325,mexc,ADA/USDT:USDT,0.8229,819524,0.8228,850029,0.823,902137,0.8231,915608
1753617171626,11:52:51.626,mexc,ADA/USDT:USDT,0.8229,819524,0.8228,850029,0.823,902137,0.8231,832911
1753617171926,11:52:51.926,mexc,ADA/USDT:USDT,0.823,960788,0.8229,819524,0.8231,688450,0.8232,699039
1753617172095,11:52:52.095,mexc,ADA/USDT:USDT,0.823,960788,0.8229,819524,0.8231,688450,0.8232,699039
1753617172325,11:52:52.325,mexc,ADA/USDT:USDT,0.823,960788,0.8229,819524,0.8231,688450,0.8232,699039
1753617172594,11:52:52.594,mexc,ADA/USDT:USDT,0.823,960788,0.8229,819524,0.8231,688450,0.8232,993278
1753617172730,11:52:52.730,mexc,ADA/USDT:USDT,0.823,960788,0.8229,819524,0.8231,688450,0.8232,993278
1753617173000,11:52:53.000,mexc,ADA/USDT:USDT,0.823,960788,0.8229,983891,0.8231,688450,0.8232,699039
1753617173095,11:52:53.095,mexc,ADA/USDT:USDT,0.823,960788,0.8229,983891,0.8231,688450,0.8232,699039
1753617173393,11:52:53.393,mexc,ADA/USDT:USDT,0.823,960788,0.8229,819524,0.8231,688450,0.8232,699039
1753617173595,11:52:53.595,mexc,ADA/USDT:USDT,0.8229,819524,0.8228,850029,0.823,915116,0.8231,688450
1753617173871,11:52:53.871,mexc,ADA/USDT:USDT,0.8229,819524,0.8228,850029,0.823,915116,0.8231,688450
1753617174000,11:52:54.000,mexc,ADA/USDT:USDT,0.8229,819524,0.8228,850029,0.823,915116,0.8231,688450
1753617174232,11:52:54.232,mexc,ADA/USDT:USDT,0.8229,819524,0.8228,850029,0.823,915116,0.8231,790379
1753617174503,11:52:54.503,mexc,ADA/USDT:USDT,0.8229,819524,0.8228,1180296,0.823,915116,0.8231,688450
1753617174647,11:52:54.647,mexc,ADA/USDT:USDT,0.8229,819524,0.8228,1180296,0.823,915116,0.8231,688450
1753617174901,11:52:54.901,mexc,ADA/USDT:USDT,0.8229,819524,0.8228,850029,0.823,915116,0.8231,688450
1753617175098,11:52:55.098,mexc,ADA/USDT:USDT,0.8229,819524,0.8228,850029,0.823,915116,0.8231,688450
1753617175328,11:52:55.328,mexc,ADA/USDT:USDT,0.8229,819524,0.8228,850029,0.823,915116,0.8231,688450
1753617175501,11:52:55.501,mexc,ADA/USDT:USDT,0.8229,819524,0.8228,850029,0.823,915116,0.8231,688450
1753617175732,11:52:55.732,mexc,ADA/USDT:USDT,0.8229,819524,0.8228,850029,0.823,915116,0.8231,1025965
1753617175889,11:52:55.889,mexc,ADA/USDT:USDT,0.8229,819524,0.8228,850029,0.823,915116,0.8231,1025965
1753617176151,11:52:56.151,mexc,ADA/USDT:USDT,0.8229,819524,0.8228,850029,0.823,915116,0.8231,688450
1753617176330,11:52:56.330,mexc,ADA/USDT:USDT,0.8229,819524,0.8228,850029,0.823,915116,0.8231,688450
1753617176598,11:52:56.598,mexc,ADA/USDT:USDT,0.8229,819524,0.8228,850029,0.823,915116,0.8231,688450
1753617176785,11:52:56.785,mexc,ADA/USDT:USDT,0.8229,810487,0.8228,850029,0.823,915116,0.8231,688450
1753617177003,11:52:57.003,mexc,ADA/USDT:USDT,0.8229,810487,0.8228,850029,0.823,915116,0.8231,688450
1753617177101,11:52:57.101,mexc,ADA/USDT:USDT,0.8229,810487,0.8228,850029,0.823,915116,0.8231,909457
1753617177330,11:52:57.330,mexc,ADA/USDT:USDT,0.8229,810487,0.8228,850029,0.823,915116,0.8231,909457
1753617177599,11:52:57.599,mexc,ADA/USDT:USDT,0.8229,810487,0.8228,850029,0.823,915116,0.8231,1036094
1753617177882,11:52:57.882,mexc,ADA/USDT:USDT,0.8229,810487,0.8228,850029,0.823,915116,0.8231,1036094
1753617178185,11:52:58.185,mexc,ADA/USDT:USDT,0.8229,810487,0.8228,850029,0.823,915116,0.8231,688450
1753617178331,11:52:58.331,mexc,ADA/USDT:USDT,0.8229,810487,0.8228,850029,0.823,915116,0.8231,688450
1753617178600,11:52:58.600,mexc,ADA/USDT:USDT,0.8229,810487,0.8228,850029,0.823,915116,0.8231,688450
1753617178938,11:52:58.938,mexc,ADA/USDT:USDT,0.8229,810487,0.8228,850029,0.823,913484,0.8231,688450
1753617179128,11:52:59.128,mexc,ADA/USDT:USDT,0.8229,858122,0.8228,894318,0.823,847487,0.8231,1004897
1753617179407,11:52:59.407,mexc,ADA/USDT:USDT,0.8229,858122,0.8228,894318,0.823,847487,0.8231,1004897
1753617179617,11:52:59.617,mexc,ADA/USDT:USDT,0.8229,858122,0.8228,894318,0.823,847487,0.8231,769330
1753617179805,11:52:59.805,mexc,ADA/USDT:USDT,0.8229,858122,0.8228,894318,0.823,847487,0.8231,769330
1753617180005,11:53:00.005,mexc,ADA/USDT:USDT,0.8229,858122,0.8228,1298068,0.823,847487,0.8231,769330
1753617180237,11:53:00.237,mexc,ADA/USDT:USDT,0.8229,858122,0.8228,894318,0.823,847487,0.8231,769330
1753617180354,11:53:00.354,mexc,ADA/USDT:USDT,0.8227,798265,0.8226,739572,0.8228,982963,0.8229,893485
1753617180612,11:53:00.612,mexc,ADA/USDT:USDT,0.8227,798265,0.8226,739572,0.8228,982963,0.8229,1277204
1753617181005,11:53:01.005,mexc,ADA/USDT:USDT,0.8227,798265,0.8226,948395,0.8228,982963,0.8229,1277204
1753617181103,11:53:01.103,mexc,ADA/USDT:USDT,0.8227,798265,0.8226,948395,0.8228,982963,0.8229,893485
1753617181432,11:53:01.432,mexc,ADA/USDT:USDT,0.8227,798265,0.8226,989835,0.8228,982963,0.8229,893485
1753617181604,11:53:01.604,mexc,ADA/USDT:USDT,0.8227,798265,0.8226,989835,0.8228,982963,0.8229,1064393
1753617181926,11:53:01.926,mexc,ADA/USDT:USDT,0.8227,798265,0.8226,739572,0.8228,982963,0.8229,1064393
1753617182143,11:53:02.143,mexc,ADA/USDT:USDT,0.8228,934876,0.8227,798265,0.8229,893485,0.823,847487
1753617182343,11:53:02.343,mexc,ADA/USDT:USDT,0.8229,981684,0.8228,934876,0.823,847487,0.8231,769330
1753617182397,11:53:02.397,mexc,ADA/USDT:USDT,0.8229,981684,0.8228,934876,0.823,847487,0.8231,769330
1753617182625,11:53:02.625,mexc,ADA/USDT:USDT,0.823,983969,0.8229,981684,0.8231,769330,0.8232,801475
1753617183019,11:53:03.019,mexc,ADA/USDT:USDT,0.823,983969,0.8229,981684,0.8231,765733,0.8232,801475
1753617183104,11:53:03.104,mexc,ADA/USDT:USDT,0.8231,798666,0.823,983969,0.8232,801475,0.8233,1338763
1753617183424,11:53:03.424,mexc,ADA/USDT:USDT,0.8232,1007251,0.8231,798666,0.8233,895587,0.8234,721957
1753617183605,11:53:03.605,mexc,ADA/USDT:USDT,0.8233,946234,0.8232,1007251,0.8234,721957,0.8235,945418
1753617183836,11:53:03.836,mexc,ADA/USDT:USDT,0.8234,831124,0.8233,946234,0.8235,945418,0.8236,731744
1753617184104,11:53:04.104,mexc,ADA/USDT:USDT,0.8235,798202,0.8234,831124,0.8236,731744,0.8237,1185347
1753617184509,11:53:04.509,mexc,ADA/USDT:USDT,0.8235,798202,0.8234,831124,0.8236,731744,0.8237,975595
1753617184604,11:53:04.604,mexc,ADA/USDT:USDT,0.8235,798202,0.8234,831124,0.8236,731744,0.8237,975595
1753617184910,11:53:04.910,mexc,ADA/USDT:USDT,0.8235,798202,0.8234,1073504,0.8236,731744,0.8237,975595
1753617185146,11:53:05.146,mexc,ADA/USDT:USDT,0.8235,798202,0.8234,1073504,0.8236,731744,0.8237,975595
1753617185356,11:53:05.356,mexc,ADA/USDT:USDT,0.8235,798202,0.8234,831124,0.8236,731744,0.8237,975595
1753617185550,11:53:05.550,mexc,ADA/USDT:USDT,0.8235,798202,0.8234,831124,0.8236,731744,0.8237,975595
1753617185738,11:53:05.738,mexc,ADA/USDT:USDT,0.8235,798202,0.8234,831124,0.8236,731744,0.8237,1226434
1753617186007,11:53:06.007,mexc,ADA/USDT:USDT,0.8235,798202,0.8234,831124,0.8236,731744,0.8237,1107491
1753617186105,11:53:06.105,mexc,ADA/USDT:USDT,0.8235,798202,0.8234,831124,0.8236,731744,0.8237,1070226
1753617186404,11:53:06.404,mexc,ADA/USDT:USDT,0.8235,798202,0.8234,1105448,0.8236,731744,0.8237,1070226
1753617186702,11:53:06.702,mexc,ADA/USDT:USDT,0.8235,798202,0.8234,1105448,0.8236,731744,0.8237,975595
1753617186835,11:53:06.835,mexc,ADA/USDT:USDT,0.8235,798202,0.8234,831124,0.8236,731744,0.8237,975595
1753617187105,11:53:07.105,mexc,ADA/USDT:USDT,0.8235,798202,0.8234,831124,0.8236,731744,0.8237,975595
1753617187335,11:53:07.335,mexc,ADA/USDT:USDT,0.8235,798202,0.8234,831124,0.8236,731744,0.8237,975595
1753617187606,11:53:07.606,mexc,ADA/USDT:USDT,0.8235,798202,0.8234,831124,0.8236,731744,0.8237,975595
1753617187942,11:53:07.942,mexc,ADA/USDT:USDT,0.8235,797574,0.8234,831124,0.8236,731744,0.8237,975595
1753617188106,11:53:08.106,mexc,ADA/USDT:USDT,0.8235,797574,0.8234,831124,0.8236,731744,0.8237,975595
1753617188346,11:53:08.346,mexc,ADA/USDT:USDT,0.8235,797574,0.8234,1028482,0.8236,731744,0.8237,975595
1753617188607,11:53:08.607,mexc,ADA/USDT:USDT,0.8235,797574,0.8234,1028482,0.8236,731744,0.8237,975595
1753617188788,11:53:08.788,mexc,ADA/USDT:USDT,0.8235,797574,0.8234,831124,0.8236,731744,0.8237,1223944
1753617189013,11:53:09.013,mexc,ADA/USDT:USDT,0.8235,797574,0.8234,831124,0.8236,731744,0.8237,1223944
1753617189108,11:53:09.108,mexc,ADA/USDT:USDT,0.8235,797574,0.8234,831124,0.8236,731744,0.8237,975595
1753617189352,11:53:09.352,mexc,ADA/USDT:USDT,0.8235,797574,0.8234,831124,0.8236,731744,0.8237,975595
1753617189688,11:53:09.688,mexc,ADA/USDT:USDT,0.8235,797574,0.8234,831124,0.8236,731744,0.8237,975595
1753617189838,11:53:09.838,mexc,ADA/USDT:USDT,0.8235,797574,0.8234,986960,0.8236,731744,0.8237,975595
1753617190109,11:53:10.109,mexc,ADA/USDT:USDT,0.8235,841969,0.8234,910822,0.8236,833104,0.8237,737737
1753617190295,11:53:10.295,mexc,ADA/USDT:USDT,0.8235,841969,0.8234,910822,0.8236,833104,0.8237,737737
1753617190513,11:53:10.513,mexc,ADA/USDT:USDT,0.8235,841969,0.8234,910822,0.8236,833104,0.8237,737737
1753617190608,11:53:10.608,mexc,ADA/USDT:USDT,0.8235,841969,0.8234,910822,0.8236,833104,0.8237,737737
1753617190838,11:53:10.838,mexc,ADA/USDT:USDT,0.8235,841969,0.8234,910822,0.8236,833104,0.8237,737737
1753617191109,11:53:11.109,mexc,ADA/USDT:USDT,0.8235,841969,0.8234,910822,0.8236,833104,0.8237,737737
1753617191338,11:53:11.338,mexc,ADA/USDT:USDT,0.8235,841969,0.8234,1243691,0.8236,833104,0.8237,737737
1753617191609,11:53:11.609,mexc,ADA/USDT:USDT,0.8235,841969,0.8234,1243691,0.8236,833104,0.8237,991229
1753617191893,11:53:11.893,mexc,ADA/USDT:USDT,0.8235,841969,0.8234,910822,0.8236,833104,0.8237,991229
1753617192110,11:53:12.110,mexc,ADA/USDT:USDT,0.8235,837140,0.8234,910822,0.8236,833104,0.8237,1028115
1753617192340,11:53:12.340,mexc,ADA/USDT:USDT,0.8235,837140,0.8234,910822,0.8236,833104,0.8237,1028115
1753617192610,11:53:12.610,mexc,ADA/USDT:USDT,0.8235,837140,0.8234,910822,0.8236,833104,0.8237,895624
1753617192843,11:53:12.843,mexc,ADA/USDT:USDT,0.8235,837140,0.8234,1281673,0.8236,833104,0.8237,895624
1753617193110,11:53:13.110,mexc,ADA/USDT:USDT,0.8235,837140,0.8234,1281673,0.8236,833104,0.8237,992787
1753617193391,11:53:13.391,mexc,ADA/USDT:USDT,0.8235,837140,0.8234,910822,0.8236,833104,0.8237,992787
1753617193611,11:53:13.611,mexc,ADA/USDT:USDT,0.8235,837140,0.8234,910822,0.8236,833104,0.8237,737737
1753617193795,11:53:13.795,mexc,ADA/USDT:USDT,0.8235,837140,0.8234,910822,0.8236,833104,0.8237,933811
1753617194014,11:53:14.014,mexc,ADA/USDT:USDT,0.8235,837140,0.8234,910822,0.8236,833104,0.8237,933811
1753617194120,11:53:14.120,mexc,ADA/USDT:USDT,0.8235,837140,0.8234,910822,0.8236,833104,0.8237,737737
1753617194341,11:53:14.341,mexc,ADA/USDT:USDT,0.8235,837140,0.8234,1089498,0.8236,833104,0.8237,737737
1753617194610,11:53:14.610,mexc,ADA/USDT:USDT,0.8235,837140,0.8234,1089498,0.8236,833104,0.8237,967760
1753617194839,11:53:14.839,mexc,ADA/USDT:USDT,0.8235,837140,0.8234,1264714,0.8236,833104,0.8237,967760
1753617195112,11:53:15.112,mexc,ADA/USDT:USDT,0.8235,837140,0.8234,1264714,0.8236,833104,0.8237,737737
1753617195343,11:53:15.343,mexc,ADA/USDT:USDT,0.8235,837140,0.8234,910822,0.8236,833104,0.8237,737737
1753617195615,11:53:15.615,mexc,ADA/USDT:USDT,0.8235,837140,0.8234,910822,0.8236,833104,0.8237,737737
1753617195843,11:53:15.843,mexc,ADA/USDT:USDT,0.8235,837140,0.8234,910822,0.8236,833104,0.8237,737737
1753617196114,11:53:16.114,mexc,ADA/USDT:USDT,0.8235,690606,0.8234,916020,0.8236,727729,0.8237,827343
1753617196513,11:53:16.513,mexc,ADA/USDT:USDT,0.8235,690606,0.8234,916020,0.8236,727729,0.8237,827343
1753617196614,11:53:16.614,mexc,ADA/USDT:USDT,0.8235,690606,0.8234,916020,0.8236,701586,0.8237,827343
1753617196899,11:53:16.899,mexc,ADA/USDT:USDT,0.8235,690606,0.8234,916020,0.8236,701586,0.8237,827343
1753617197116,11:53:17.116,mexc,ADA/USDT:USDT,0.8236,737586,0.8235,690606,0.8237,827343,0.8238,1161183
1753617197437,11:53:17.437,mexc,ADA/USDT:USDT,0.8236,737586,0.8235,798972,0.8237,827343,0.8238,1161183
1753617197615,11:53:17.615,mexc,ADA/USDT:USDT,0.8237,842355,0.8236,737586,0.8238,843217,0.8239,790280
1753617197845,11:53:17.845,mexc,ADA/USDT:USDT,0.8237,842355,0.8236,737586,0.8238,843217,0.8239,790280
1753617198019,11:53:18.019,mexc,ADA/USDT:USDT,0.8237,842355,0.8236,737586,0.8238,843217,0.8239,790280
1753617198246,11:53:18.246,mexc,ADA/USDT:USDT,0.8237,842355,0.8236,737586,0.8238,843217,0.8239,1200710
1753617198520,11:53:18.520,mexc,ADA/USDT:USDT,0.8237,842355,0.8236,1117865,0.8238,840560,0.8239,1200710
1753617198617,11:53:18.617,mexc,ADA/USDT:USDT,0.8237,842355,0.8236,1117865,0.8238,840560,0.8239,790280
1753617198842,11:53:18.842,mexc,ADA/USDT:USDT,0.8237,842355,0.8236,868205,0.8238,840560,0.8239,790280
1753617199245,11:53:19.245,mexc,ADA/USDT:USDT,0.8237,842355,0.8236,737586,0.8238,840560,0.8239,790280
1753617199343,11:53:19.343,mexc,ADA/USDT:USDT,0.8237,842355,0.8236,1020212,0.8238,840560,0.8239,790280
1753617199651,11:53:19.651,mexc,ADA/USDT:USDT,0.8237,842355,0.8236,1020212,0.8238,840560,0.8239,1051599
1753617199843,11:53:19.843,mexc,ADA/USDT:USDT,0.8237,842355,0.8236,737586,0.8238,840560,0.8239,1051599
1753617200003,11:53:20.003,mexc,ADA/USDT:USDT,0.8236,737586,0.8235,690606,0.8237,745202,0.8238,840560
1753617200279,11:53:20.279,mexc,ADA/USDT:USDT,0.8236,737586,0.8235,690606,0.8237,745202,0.8238,1213175
1753617200521,11:53:20.521,mexc,ADA/USDT:USDT,0.8236,737586,0.8235,690606,0.8237,745202,0.8238,1213175
1753617200616,11:53:20.616,mexc,ADA/USDT:USDT,0.8236,737586,0.8235,690606,0.8237,745202,0.8238,1061469
1753617200843,11:53:20.843,mexc,ADA/USDT:USDT,0.8236,737586,0.8235,690606,0.8237,745202,0.8238,1061469
1753617201124,11:53:21.124,mexc,ADA/USDT:USDT,0.8236,737586,0.8235,690606,0.8237,739812,0.8238,840560
1753617201345,11:53:21.345,mexc,ADA/USDT:USDT,0.8238,874363,0.8237,1207723,0.8239,789351,0.824,804005
1753617201617,11:53:21.617,mexc,ADA/USDT:USDT,0.8238,874363,0.8237,1207723,0.8239,789351,0.824,804005
1753617201750,11:53:21.750,mexc,ADA/USDT:USDT,0.8238,867481,0.8237,892453,0.8239,789351,0.824,804005
1753617201896,11:53:21.896,mexc,ADA/USDT:USDT,0.8238,860599,0.8237,892453,0.8239,789351,0.824,804005
1753617202116,11:53:22.116,mexc,ADA/USDT:USDT,0.8238,860599,0.8237,892453,0.8239,789351,0.824,1190888
1753617202343,11:53:22.343,mexc,ADA/USDT:USDT,0.8238,860599,0.8237,1215223,0.8239,789351,0.824,1190888
1753617202706,11:53:22.706,mexc,ADA/USDT:USDT,0.8238,860599,0.8237,1215223,0.8239,789351,0.824,1084346
1753617202843,11:53:22.843,mexc,ADA/USDT:USDT,0.8236,737586,0.8235,824581,0.8237,715138,0.8238,822875
1753617203117,11:53:23.117,mexc,ADA/USDT:USDT,0.8236,737586,0.8235,824581,0.8237,715138,0.8238,822875
1753617203246,11:53:23.246,mexc,ADA/USDT:USDT,0.8236,737586,0.8235,690606,0.8237,715138,0.8238,822875
1753617203523,11:53:23.523,mexc,ADA/USDT:USDT,0.8236,737586,0.8235,690606,0.8237,715138,0.8238,822875
1753617203617,11:53:23.617,mexc,ADA/USDT:USDT,0.8236,737586,0.8235,690606,0.8237,714410,0.8238,1081469
1753617203844,11:53:23.844,mexc,ADA/USDT:USDT,0.8236,737586,0.8235,690606,0.8237,714410,0.8238,1081469
1753617204118,11:53:24.118,mexc,ADA/USDT:USDT,0.8236,737586,0.8235,690606,0.8237,714410,0.8238,822875
1753617204345,11:53:24.345,mexc,ADA/USDT:USDT,0.8236,737586,0.8235,690606,0.8237,714410,0.8238,822875
1753617204618,11:53:24.618,mexc,ADA/USDT:USDT,0.8236,737586,0.8235,690606,0.8237,714410,0.8238,916072
1753617204845,11:53:24.845,mexc,ADA/USDT:USDT,0.8236,737586,0.8235,690606,0.8237,714410,0.8238,916072
1753617205160,11:53:25.160,mexc,ADA/USDT:USDT,0.8236,737586,0.8235,690606,0.8237,714410,0.8238,1026923
1753617205345,11:53:25.345,mexc,ADA/USDT:USDT,0.8236,737586,0.8235,690606,0.8237,714410,0.8238,1026923
1753617205700,11:53:25.700,mexc,ADA/USDT:USDT,0.8236,737586,0.8235,690606,0.8237,714410,0.8238,1081984
1753617205911,11:53:25.911,mexc,ADA/USDT:USDT,0.8236,737586,0.8235,690606,0.8237,714410,0.8238,1081984
1753617206021,11:53:26.021,mexc,ADA/USDT:USDT,0.8236,737586,0.8235,690606,0.8237,714410,0.8238,822875
1753617206253,11:53:26.253,mexc,ADA/USDT:USDT,0.8236,737586,0.8235,690606,0.8237,714410,0.8238,822875
1753617206522,11:53:26.522,mexc,ADA/USDT:USDT,0.8236,737586,0.8235,690606,0.8237,714033,0.8238,822875
1753617206618,11:53:26.618,mexc,ADA/USDT:USDT,0.8236,737586,0.8235,690606,0.8237,714033,0.8238,822875
1753617206936,11:53:26.936,mexc,ADA/USDT:USDT,0.8238,768746,0.8237,821795,0.8239,789351,0.824,804005
1753617207125,11:53:27.125,mexc,ADA/USDT:USDT,0.8238,768746,0.8237,821795,0.8239,789351,0.824,956873
1753617207344,11:53:27.344,mexc,ADA/USDT:USDT,0.8238,768746,0.8237,1207734,0.8239,789351,0.824,956873
1753617207619,11:53:27.619,mexc,ADA/USDT:USDT,0.8238,768746,0.8237,1207734,0.8239,789351,0.824,804005
1753617207748,11:53:27.748,mexc,ADA/USDT:USDT,0.8238,768746,0.8237,821795,0.8239,789351,0.824,998717
1753617208021,11:53:28.021,mexc,ADA/USDT:USDT,0.8238,768746,0.8237,1029625,0.8239,789351,0.824,998717
1753617208120,11:53:28.120,mexc,ADA/USDT:USDT,0.8238,768746,0.8237,1029625,0.8239,789351,0.824,804005
1753617208425,11:53:28.425,mexc,ADA/USDT:USDT,0.8238,768746,0.8237,963865,0.8239,789351,0.824,804005
1753617208637,11:53:28.637,mexc,ADA/USDT:USDT,0.8238,768746,0.8237,963865,0.8239,789351,0.824,1125989
1753617208846,11:53:28.846,mexc,ADA/USDT:USDT,0.8238,768746,0.8237,1205398,0.8239,789351,0.824,1125989
1753617208846,11:53:28.846,mexc,ADA/USDT:USDT,0.8238,768746,0.8237,1648357,0.8239,789351,0.824,1125989
1753617209248,11:53:29.248,mexc,ADA/USDT:USDT,0.8238,768746,0.8237,1264754,0.8239,789351,0.824,804005
1753617209347,11:53:29.347,mexc,ADA/USDT:USDT,0.8238,768746,0.8237,821795,0.8239,789351,0.824,804005
1753617209619,11:53:29.619,mexc,ADA/USDT:USDT,0.8238,768746,0.8237,821795,0.8239,789351,0.824,1039106
1753617209904,11:53:29.904,mexc,ADA/USDT:USDT,0.8238,768746,0.8237,821795,0.8239,789351,0.824,1039106
1753617210118,11:53:30.118,mexc,ADA/USDT:USDT,0.8238,768746,0.8237,821795,0.8239,789351,0.824,804005
1753617210347,11:53:30.347,mexc,ADA/USDT:USDT,0.8238,768746,0.8237,1289146,0.8239,789351,0.824,804005
1753617210619,11:53:30.619,mexc,ADA/USDT:USDT,0.8238,768746,0.8237,1289146,0.8239,789351,0.824,804005
1753617210849,11:53:30.849,mexc,ADA/USDT:USDT,0.8238,768746,0.8237,821795,0.8239,789351,0.824,804005
1753617211118,11:53:31.118,mexc,ADA/USDT:USDT,0.8238,768746,0.8237,821795,0.8239,789351,0.824,1228593
1753617211379,11:53:31.379,mexc,ADA/USDT:USDT,0.8238,768746,0.8237,941707,0.8239,765552,0.824,1228593
1753617211619,11:53:31.619,mexc,ADA/USDT:USDT,0.8238,768746,0.8237,941707,0.8239,765552,0.824,804005
1753617211873,11:53:31.873,mexc,ADA/USDT:USDT,0.8239,994092,0.8238,1173667,0.824,804005,0.8241,755381
1753617212119,11:53:32.119,mexc,ADA/USDT:USDT,0.824,704778,0.8239,994092,0.8241,755381,0.8242,1034205
1753617212173,11:53:32.173,mexc,ADA/USDT:USDT,0.824,704778,0.8239,994092,0.8241,755381,0.8242,1034205
1753617212523,11:53:32.523,mexc,ADA/USDT:USDT,0.824,704778,0.8239,994092,0.8241,755381,0.8242,1034205
1753617212713,11:53:32.713,mexc,ADA/USDT:USDT,0.824,704778,0.8239,994092,0.8241,755381,0.8242,1034205
1753617212936,11:53:32.936,mexc,ADA/USDT:USDT,0.824,704778,0.8239,994092,0.8241,755381,0.8242,1034205
1753617213145,11:53:33.145,mexc,ADA/USDT:USDT,0.824,704778,0.8239,994092,0.8241,755381,0.8242,1034205
1753617213251,11:53:33.251,mexc,ADA/USDT:USDT,0.824,704778,0.8239,994092,0.8241,755381,0.8242,1034205
1753617213526,11:53:33.526,mexc,ADA/USDT:USDT,0.824,704778,0.8239,994092,0.8241,755381,0.8242,1034205
1753617213752,11:53:33.752,mexc,ADA/USDT:USDT,0.824,704778,0.8239,994092,0.8241,755381,0.8242,1315730
1753617213926,11:53:33.926,mexc,ADA/USDT:USDT,0.824,704778,0.8239,1205786,0.8241,755381,0.8242,1315730
1753617214148,11:53:34.148,mexc,ADA/USDT:USDT,0.824,700433,0.8239,1205786,0.8241,755381,0.8242,1341379
1753617214385,11:53:34.385,mexc,ADA/USDT:USDT,0.824,700433,0.8239,1187501,0.8241,755381,0.8242,1341379
1753617214621,11:53:34.621,mexc,ADA/USDT:USDT,0.824,700433,0.8239,1187501,0.8241,755381,0.8242,1034205
1753617214753,11:53:34.753,mexc,ADA/USDT:USDT,0.824,700433,0.8239,994092,0.8241,755381,0.8242,1174638
1753617215023,11:53:35.023,mexc,ADA/USDT:USDT,0.824,700433,0.8239,994092,0.8241,755381,0.8242,1174638
1753617215121,11:53:35.121,mexc,ADA/USDT:USDT,0.824,700433,0.8239,994092,0.8241,755381,0.8242,1034205
1753617215402,11:53:35.402,mexc,ADA/USDT:USDT,0.824,700433,0.8239,1188921,0.8241,755381,0.8242,1034205
1753617215621,11:53:35.621,mexc,ADA/USDT:USDT,0.824,700433,0.8239,1188921,0.8241,755381,0.8242,1330724
1753617215848,11:53:35.848,mexc,ADA/USDT:USDT,0.824,700433,0.8239,1501149,0.8241,755381,0.8242,1330724
1753617216120,11:53:36.120,mexc,ADA/USDT:USDT,0.824,700433,0.8239,1501149,0.8241,755381,0.8242,1034205
1753617216349,11:53:36.349,mexc,ADA/USDT:USDT,0.824,700433,0.8239,994092,0.8241,755381,0.8242,1034205
1753617216715,11:53:36.715,mexc,ADA/USDT:USDT,0.824,700433,0.8239,994092,0.8241,755381,0.8242,1311524
1753617216850,11:53:36.850,mexc,ADA/USDT:USDT,0.824,700433,0.8239,1316589,0.8241,755381,0.8242,1311524
1753617217121,11:53:37.121,mexc,ADA/USDT:USDT,0.824,700433,0.8239,1316589,0.8241,755381,0.8242,1034205
1753617217349,11:53:37.349,mexc,ADA/USDT:USDT,0.824,700433,0.8239,994092,0.8241,755381,0.8242,1034205
1753617217622,11:53:37.622,mexc,ADA/USDT:USDT,0.824,700433,0.8239,994092,0.8241,755381,0.8242,1222713
1753617217850,11:53:37.850,mexc,ADA/USDT:USDT,0.824,700433,0.8239,1224516,0.8241,755381,0.8242,1222713
1753617218163,11:53:38.163,mexc,ADA/USDT:USDT,0.824,790975,0.8239,993353,0.8241,997617,0.8242,1177476
1753617218362,11:53:38.362,mexc,ADA/USDT:USDT,0.824,790975,0.8239,1390334,0.8241,997617,0.8242,1177476
1753617218582,11:53:38.582,mexc,ADA/USDT:USDT,0.824,790975,0.8239,1390334,0.8241,997617,0.8242,822839
1753617218753,11:53:38.753,mexc,ADA/USDT:USDT,0.824,790975,0.8239,993353,0.8241,997617,0.8242,925307
1753617219037,11:53:39.037,mexc,ADA/USDT:USDT,0.824,790975,0.8239,993353,0.8241,997617,0.8242,925307
1753617219123,11:53:39.123,mexc,ADA/USDT:USDT,0.824,790975,0.8239,993353,0.8241,997617,0.8242,1146749
1753617219407,11:53:39.407,mexc,ADA/USDT:USDT,0.824,790975,0.8239,1707727,0.8241,997617,0.8242,1146749
1753617219623,11:53:39.623,mexc,ADA/USDT:USDT,0.824,790975,0.8239,1707727,0.8241,997617,0.8242,822839
1753617219955,11:53:39.955,mexc,ADA/USDT:USDT,0.824,790975,0.8239,1424356,0.8241,997617,0.8242,822839
1753617220197,11:53:40.197,mexc,ADA/USDT:USDT,0.824,790975,0.8239,1424356,0.8241,997617,0.8242,822839
1753617220352,11:53:40.352,mexc,ADA/USDT:USDT,0.8241,928893,0.824,1209938,0.8242,818949,0.8243,988124
1753617220623,11:53:40.623,mexc,ADA/USDT:USDT,0.8241,928893,0.824,1209938,0.8242,818949,0.8243,1220906
1753617220743,11:53:40.743,mexc,ADA/USDT:USDT,0.8242,995774,0.8241,928893,0.8243,988124,0.8244,868394
1753617220851,11:53:40.851,mexc,ADA/USDT:USDT,0.8242,995774,0.8241,1153642,0.8243,988124,0.8244,868394
1753617221255,11:53:41.255,mexc,ADA/USDT:USDT,0.8242,995774,0.8241,1153642,0.8243,988124,0.8244,868394
1753617221352,11:53:41.352,mexc,ADA/USDT:USDT,0.8242,995774,0.8241,1384514,0.8243,988124,0.8244,868394
1753617221650,11:53:41.650,mexc,ADA/USDT:USDT,0.8242,995774,0.8241,1384514,0.8243,988124,0.8244,868394
1753617221927,11:53:41.927,mexc,ADA/USDT:USDT,0.8242,995774,0.8241,928893,0.8243,988124,0.8244,868394
1753617222163,11:53:42.163,mexc,ADA/USDT:USDT,0.8242,995774,0.8241,928893,0.8243,988124,0.8244,868394
1753617222352,11:53:42.352,mexc,ADA/USDT:USDT,0.8242,995774,0.8241,928893,0.8243,988124,0.8244,868394
1753617222624,11:53:42.624,mexc,ADA/USDT:USDT,0.8242,995774,0.8241,928893,0.8243,988124,0.8244,868394
1753617222755,11:53:42.755,mexc,ADA/USDT:USDT,0.8242,995774,0.8241,928893,0.8243,988124,0.8244,868394
1753617223052,11:53:43.052,mexc,ADA/USDT:USDT,0.8243,1007260,0.8242,995774,0.8244,868394,0.8245,750418
1753617223249,11:53:43.249,mexc,ADA/USDT:USDT,0.8243,1007260,0.8242,995774,0.8244,795597,0.8245,991433
1753617223445,11:53:43.445,mexc,ADA/USDT:USDT,0.8243,1006121,0.8242,995774,0.8244,795597,0.8245,991433
1753617223625,11:53:43.625,mexc,ADA/USDT:USDT,0.8243,1006121,0.8242,995774,0.8244,795597,0.8245,750418
1753617223875,11:53:43.875,mexc,ADA/USDT:USDT,0.8243,1006121,0.8242,1213020,0.8244,795597,0.8245,750418
1753617224125,11:53:44.125,mexc,ADA/USDT:USDT,0.8243,1006121,0.8242,1213020,0.8244,795597,0.8245,750418
1753617224313,11:53:44.313,mexc,ADA/USDT:USDT,0.8243,1006121,0.8242,995774,0.8244,795572,0.8245,750418
1753617224538,11:53:44.538,mexc,ADA/USDT:USDT,0.8243,1006121,0.8242,1342793,0.8244,795572,0.8245,750418
1753617224720,11:53:44.720,mexc,ADA/USDT:USDT,0.8243,1006121,0.8242,1342793,0.8244,795572,0.8245,750418
1753617224853,11:53:44.853,mexc,ADA/USDT:USDT,0.8243,1006121,0.8242,995774,0.8244,795572,0.8245,750418
1753617225125,11:53:45.125,mexc,ADA/USDT:USDT,0.8243,1006121,0.8242,995774,0.8244,795572,0.8245,750418
1753617225353,11:53:45.353,mexc,ADA/USDT:USDT,0.8243,1006121,0.8242,1179476,0.8244,795572,0.8245,750418
1753617225421,11:53:45.421,mexc,ADA/USDT:USDT,0.8243,1006121,0.8242,1179476,0.8244,795572,0.8245,750418
1753617225757,11:53:45.757,mexc,ADA/USDT:USDT,0.8243,1006121,0.8242,995774,0.8244,795572,0.8245,822939
1753617225855,11:53:45.855,mexc,ADA/USDT:USDT,0.8243,1006121,0.8242,1506657,0.8244,795572,0.8245,822939
1753617226164,11:53:46.164,mexc,ADA/USDT:USDT,0.8243,1006121,0.8242,1506657,0.8244,795572,0.8245,750418
1753617226355,11:53:46.355,mexc,ADA/USDT:USDT,0.8244,1011931,0.8243,1006121,0.8245,975367,0.8246,902428
1753617226555,11:53:46.555,mexc,ADA/USDT:USDT,0.8244,1010931,0.8243,1006121,0.8245,975367,0.8246,902428
1753617226759,11:53:46.759,mexc,ADA/USDT:USDT,0.8244,1010931,0.8243,1006121,0.8245,975367,0.8246,902428
1753617226985,11:53:46.985,mexc,ADA/USDT:USDT,0.8244,1010931,0.8243,1006121,0.8245,975367,0.8246,902428
1753617227127,11:53:47.127,mexc,ADA/USDT:USDT,0.8245,933448,0.8244,1010931,0.8246,902428,0.8247,983723
1753617227373,11:53:47.373,mexc,ADA/USDT:USDT,0.8245,933448,0.8244,1010931,0.8246,973315,0.8247,945827
1753617227626,11:53:47.626,mexc,ADA/USDT:USDT,0.8245,933448,0.8244,1010931,0.8246,973315,0.8247,945827
1753617227992,11:53:47.992,mexc,ADA/USDT:USDT,0.8245,933448,0.8244,1010931,0.8246,973315,0.8247,945827
1753617228150,11:53:48.150,mexc,ADA/USDT:USDT,0.8244,1010931,0.8243,1006121,0.8245,741271,0.8246,973315
1753617228477,11:53:48.477,mexc,ADA/USDT:USDT,0.8244,1010931,0.8243,1006121,0.8245,741271,0.8246,973315
1753617228626,11:53:48.626,mexc,ADA/USDT:USDT,0.8245,682024,0.8244,1010931,0.8246,973315,0.8247,1194062
1753617228919,11:53:48.919,mexc,ADA/USDT:USDT,0.8245,682024,0.8244,1010931,0.8246,973315,0.8247,1194062
1753617229030,11:53:49.030,mexc,ADA/USDT:USDT,0.8245,682024,0.8244,1010931,0.8246,973315,0.8247,945827
1753617229263,11:53:49.263,mexc,ADA/USDT:USDT,0.8245,682024,0.8244,1010931,0.8246,973315,0.8247,945827
1753617229530,11:53:49.530,mexc,ADA/USDT:USDT,0.8245,682024,0.8244,1148330,0.8246,973315,0.8247,945827
1753617229626,11:53:49.626,mexc,ADA/USDT:USDT,0.8245,682024,0.8244,1148330,0.8246,973315,0.8247,945827
1753617229924,11:53:49.924,mexc,ADA/USDT:USDT,0.8246,976616,0.8245,1131269,0.8247,945827,0.8248,804457
1753617230127,11:53:50.127,mexc,ADA/USDT:USDT,0.8247,832804,0.8246,976616,0.8248,804457,0.8249,980466
1753617230356,11:53:50.356,mexc,ADA/USDT:USDT,0.8247,832804,0.8246,976616,0.8248,804457,0.8249,980466
1753617230628,11:53:50.628,mexc,ADA/USDT:USDT,0.8247,832804,0.8246,976616,0.8248,804457,0.8249,1142909
1753617230938,11:53:50.938,mexc,ADA/USDT:USDT,0.8247,832804,0.8246,1276303,0.8248,804457,0.8249,1142909
1753617231127,11:53:51.127,mexc,ADA/USDT:USDT,0.8247,832804,0.8246,1276303,0.8248,804457,0.8249,714358
1753617231358,11:53:51.358,mexc,ADA/USDT:USDT,0.8246,976616,0.8245,956339,0.8247,927902,0.8248,804457
1753617231550,11:53:51.550,mexc,ADA/USDT:USDT,0.8245,682024,0.8244,1010931,0.8246,700154,0.8247,927902
1753617231776,11:53:51.776,mexc,ADA/USDT:USDT,0.8245,682024,0.8244,1010931,0.8246,700154,0.8247,1257968
1753617231936,11:53:51.936,mexc,ADA/USDT:USDT,0.8244,1010931,0.8243,1006121,0.8245,1002050,0.8246,700154
1753617232232,11:53:52.232,mexc,ADA/USDT:USDT,0.8244,1010931,0.8243,1006121,0.8245,1002050,0.8246,700154
1753617232531,11:53:52.531,mexc,ADA/USDT:USDT,0.8244,1010931,0.8243,1401941,0.8245,1002050,0.8246,700154
1753617232624,11:53:52.624,mexc,ADA/USDT:USDT,0.8243,1006121,0.8242,995774,0.8244,1007208,0.8245,1002050
1753617232902,11:53:52.902,mexc,ADA/USDT:USDT,0.8243,1006121,0.8242,995774,0.8244,1007208,0.8245,1002050
1753617233262,11:53:53.262,mexc,ADA/USDT:USDT,0.8243,1006121,0.8242,995774,0.8244,1007208,0.8245,1002050
1753617233361,11:53:53.361,mexc,ADA/USDT:USDT,0.8243,1006121,0.8242,1206751,0.8244,1002004,0.8245,1002050
1753617233628,11:53:53.628,mexc,ADA/USDT:USDT,0.8243,1006121,0.8242,1206751,0.8244,1002004,0.8245,1238896
1753617233878,11:53:53.878,mexc,ADA/USDT:USDT,0.8243,1006121,0.8242,1355238,0.8244,1002004,0.8245,1238896
1753617234164,11:53:54.164,mexc,ADA/USDT:USDT,0.8243,1006121,0.8242,1355238,0.8244,1002004,0.8245,1002050
1753617234362,11:53:54.362,mexc,ADA/USDT:USDT,0.8243,1006121,0.8242,1145271,0.8244,1002004,0.8245,1002050
1753617234630,11:53:54.630,mexc,ADA/USDT:USDT,0.8243,1006121,0.8242,1145271,0.8244,1002004,0.8245,1321297
1753617234861,11:53:54.861,mexc,ADA/USDT:USDT,0.8243,1006121,0.8242,995774,0.8244,1002004,0.8245,1321297
1753617235193,11:53:55.193,mexc,ADA/USDT:USDT,0.8243,1006121,0.8242,995774,0.8244,1002004,0.8245,1354677
1753617235379,11:53:55.379,mexc,ADA/USDT:USDT,0.8242,995774,0.8241,928893,0.8243,826195,0.8244,1002004
1753617235627,11:53:55.627,mexc,ADA/USDT:USDT,0.8242,995774,0.8241,928893,0.8243,818883,0.8244,1002004
1753617235981,11:53:55.981,mexc,ADA/USDT:USDT,0.8242,995774,0.8241,928893,0.8243,818883,0.8244,1002004
1753617236129,11:53:56.129,mexc,ADA/USDT:USDT,0.8242,995774,0.8241,928893,0.8243,818883,0.8244,1223604
1753617236362,11:53:56.362,mexc,ADA/USDT:USDT,0.8242,995774,0.8241,928893,0.8243,818883,0.8244,1223604
1753617236687,11:53:56.687,mexc,ADA/USDT:USDT,0.8242,995774,0.8241,928893,0.8243,818883,0.8244,1193770
1753617236955,11:53:56.955,mexc,ADA/USDT:USDT,0.8242,995774,0.8241,928893,0.8243,818883,0.8244,1193770
1753617237129,11:53:57.129,mexc,ADA/USDT:USDT,0.8242,995774,0.8241,928893,0.8243,818883,0.8244,1002004
1753617237362,11:53:57.362,mexc,ADA/USDT:USDT,0.8242,988025,0.8241,928893,0.8243,818883,0.8244,1002004
1753617237533,11:53:57.533,mexc,ADA/USDT:USDT,0.8242,988025,0.8241,928893,0.8243,818883,0.8244,1002004
1753617237706,11:53:57.706,mexc,ADA/USDT:USDT,0.8241,928893,0.824,790975,0.8242,840932,0.8243,818883
1753617237874,11:53:57.874,mexc,ADA/USDT:USDT,0.8241,928893,0.824,790975,0.8242,840932,0.8243,818883
1753617238266,11:53:58.266,mexc,ADA/USDT:USDT,0.8241,928893,0.824,790975,0.8242,840932,0.8243,818883
1753617238363,11:53:58.363,mexc,ADA/USDT:USDT,0.8241,928893,0.824,790975,0.8242,840932,0.8243,818883
1753617238676,11:53:58.676,mexc,ADA/USDT:USDT,0.8241,928893,0.824,790975,0.8242,840932,0.8243,818883
1753617238901,11:53:58.901,mexc,ADA/USDT:USDT,0.8241,928893,0.824,790975,0.8242,840932,0.8243,818883
1753617239133,11:53:59.133,mexc,ADA/USDT:USDT,0.8241,928893,0.824,790975,0.8242,840932,0.8243,818883
1753617239267,11:53:59.267,mexc,ADA/USDT:USDT,0.8241,928893,0.824,790975,0.8242,840932,0.8243,818883
1753617239532,11:53:59.532,mexc,ADA/USDT:USDT,0.8241,928893,0.824,790975,0.8242,840932,0.8243,818883
1753617239779,11:53:59.779,mexc,ADA/USDT:USDT,0.8241,928893,0.824,790975,0.8242,840932,0.8243,818883
1753617239969,11:53:59.969,mexc,ADA/USDT:USDT,0.824,790975,0.8239,993353,0.8241,708271,0.8242,840932
1753617240212,11:54:00.212,mexc,ADA/USDT:USDT,0.824,790975,0.8239,993353,0.8241,708271,0.8242,1572607
1753617240376,11:54:00.376,mexc,ADA/USDT:USDT,0.824,754572,0.8239,1332588,0.8241,707938,0.8242,1572607
1753617240631,11:54:00.631,mexc,ADA/USDT:USDT,0.824,754572,0.8239,1332588,0.8241,707938,0.8242,840932
1753617240780,11:54:00.780,mexc,ADA/USDT:USDT,0.824,754572,0.8239,993353,0.8241,707938,0.8242,840932
1753617241034,11:54:01.034,mexc,ADA/USDT:USDT,0.824,751915,0.8239,993353,0.8241,707938,0.8242,840932
1753617241130,11:54:01.130,mexc,ADA/USDT:USDT,0.824,751915,0.8239,993353,0.8241,707938,0.8242,840932
1753617241377,11:54:01.377,mexc,ADA/USDT:USDT,0.824,751915,0.8239,993353,0.8241,707938,0.8242,840932
1753617241631,11:54:01.631,mexc,ADA/USDT:USDT,0.824,751915,0.8239,993353,0.8241,707938,0.8242,840932
1753617241878,11:54:01.878,mexc,ADA/USDT:USDT,0.824,751915,0.8239,993353,0.8241,707938,0.8242,840932
1753617242172,11:54:02.172,mexc,ADA/USDT:USDT,0.824,751915,0.8239,993353,0.8241,707938,0.8242,840932
1753617242376,11:54:02.376,mexc,ADA/USDT:USDT,0.824,751915,0.8239,993353,0.8241,707938,0.8242,840932
1753617242631,11:54:02.631,mexc,ADA/USDT:USDT,0.8239,920556,0.8238,988221,0.824,966607,0.8241,707938
1753617242877,11:54:02.877,mexc,ADA/USDT:USDT,0.8239,920556,0.8238,1347932,0.824,966607,0.8241,707938
1753617243220,11:54:03.220,mexc,ADA/USDT:USDT,0.8239,920556,0.8238,1347932,0.824,966607,0.8241,707938
1753617243437,11:54:03.437,mexc,ADA/USDT:USDT,0.8239,920525,0.8238,988221,0.824,966607,0.8241,707938
1753617243630,11:54:03.630,mexc,ADA/USDT:USDT,0.8239,920525,0.8238,988221,0.824,966607,0.8241,707938
1753617243876,11:54:03.876,mexc,ADA/USDT:USDT,0.8239,920525,0.8238,988221,0.824,966607,0.8241,707938
1753617244144,11:54:04.144,mexc,ADA/USDT:USDT,0.8239,920525,0.8238,988221,0.824,966607,0.8241,1140906
1753617244380,11:54:04.380,mexc,ADA/USDT:USDT,0.8239,920525,0.8238,988221,0.824,966607,0.8241,1140906
1753617244634,11:54:04.634,mexc,ADA/USDT:USDT,0.8239,920525,0.8238,988221,0.824,966607,0.8241,1001610
1753617244878,11:54:04.878,mexc,ADA/USDT:USDT,0.8239,920525,0.8238,1386466,0.824,966607,0.8241,1001610
1753617245131,11:54:05.131,mexc,ADA/USDT:USDT,0.8239,920525,0.8238,1386466,0.824,966607,0.8241,707938
1753617245249,11:54:05.249,mexc,ADA/USDT:USDT,0.8238,988221,0.8237,937977,0.8239,727871,0.824,966607
1753617245458,11:54:05.458,mexc,ADA/USDT:USDT,0.8238,988221,0.8237,937977,0.8239,727871,0.824,966607
1753617245781,11:54:05.781,mexc,ADA/USDT:USDT,0.8238,988221,0.8237,937977,0.8239,727871,0.824,966607
1753617245962,11:54:05.962,mexc,ADA/USDT:USDT,0.8238,988221,0.8237,937977,0.8239,727871,0.824,966607
1753617246202,11:54:06.202,mexc,ADA/USDT:USDT,0.8237,937977,0.8236,849128,0.8238,897200,0.8239,969857
1753617246379,11:54:06.379,mexc,ADA/USDT:USDT,0.8237,937590,0.8236,849128,0.8238,897200,0.8239,969857
1753617246629,11:54:06.629,mexc,ADA/USDT:USDT,0.8237,937590,0.8236,849128,0.8238,897200,0.8239,727871
1753617246878,11:54:06.878,mexc,ADA/USDT:USDT,0.8237,937590,0.8236,1256795,0.8238,897200,0.8239,727871
1753617247172,11:54:07.172,mexc,ADA/USDT:USDT,0.8236,849128,0.8235,915190,0.8237,684368,0.8238,1398846
1753617247423,11:54:07.423,mexc,ADA/USDT:USDT,0.8236,849128,0.8235,1088078,0.8237,684368,0.8238,1398846
1753617247626,11:54:07.626,mexc,ADA/USDT:USDT,0.8235,915190,0.8234,732087,0.8236,885769,0.8237,684368
1753617247632,11:54:07.632,mexc,ADA/USDT:USDT,0.8235,915190,0.8234,732087,0.8236,885769,0.8237,1019968
1753617248035,11:54:08.035,mexc,ADA/USDT:USDT,0.8235,915190,0.8234,732087,0.8236,885769,0.8237,684368
1753617248283,11:54:08.283,mexc,ADA/USDT:USDT,0.8235,915190,0.8234,732087,0.8236,885769,0.8237,684368
1753617248380,11:54:08.380,mexc,ADA/USDT:USDT,0.8235,915190,0.8234,1193832,0.8236,885769,0.8237,684368
1753617248633,11:54:08.633,mexc,ADA/USDT:USDT,0.8235,914890,0.8234,1193832,0.8236,885769,0.8237,684368
1753617248878,11:54:08.878,mexc,ADA/USDT:USDT,0.8235,914890,0.8234,732087,0.8236,885769,0.8237,684368
1753617249132,11:54:09.132,mexc,ADA/USDT:USDT,0.8235,914890,0.8234,732087,0.8236,885769,0.8237,921131
1753617249285,11:54:09.285,mexc,ADA/USDT:USDT,0.8235,914890,0.8234,732087,0.8236,885769,0.8237,921131
1753617249536,11:54:09.536,mexc,ADA/USDT:USDT,0.8235,914890,0.8234,732087,0.8236,885769,0.8237,684368
1753617249784,11:54:09.784,mexc,ADA/USDT:USDT,0.8235,914890,0.8234,732087,0.8236,885769,0.8237,684368
1753617249879,11:54:09.879,mexc,ADA/USDT:USDT,0.8235,914890,0.8234,1142625,0.8236,885769,0.8237,684368
1753617250177,11:54:10.177,mexc,ADA/USDT:USDT,0.8235,914890,0.8234,1142625,0.8236,885769,0.8237,684368
1753617250378,11:54:10.378,mexc,ADA/USDT:USDT,0.8235,914890,0.8234,732087,0.8236,885769,0.8237,684368
1753617250676,11:54:10.676,mexc,ADA/USDT:USDT,0.8235,914890,0.8234,732087,0.8236,885769,0.8237,684368
1753617250899,11:54:10.899,mexc,ADA/USDT:USDT,0.8235,914890,0.8234,1070936,0.8236,885709,0.8237,684368
1753617251080,11:54:11.080,mexc,ADA/USDT:USDT,0.8235,914890,0.8234,1070936,0.8236,885709,0.8237,684368
1753617251288,11:54:11.288,mexc,ADA/USDT:USDT,0.8235,914890,0.8234,732087,0.8236,885709,0.8237,805330
1753617251379,11:54:11.379,mexc,ADA/USDT:USDT,0.8235,914890,0.8234,732087,0.8236,885709,0.8237,805330
1753617251751,11:54:11.751,mexc,ADA/USDT:USDT,0.8235,914890,0.8234,732087,0.8236,885709,0.8237,684368
1753617251954,11:54:11.954,mexc,ADA/USDT:USDT,0.8235,914890,0.8234,732087,0.8236,885709,0.8237,684368
1753617252248,11:54:12.248,mexc,ADA/USDT:USDT,0.8235,914890,0.8234,732087,0.8236,885709,0.8237,684368
1753617252379,11:54:12.379,mexc,ADA/USDT:USDT,0.8235,914890,0.8234,1165144,0.8236,885709,0.8237,684368
1753617252581,11:54:12.581,mexc,ADA/USDT:USDT,0.8235,914890,0.8234,1165144,0.8236,885709,0.8237,684368
1753617252880,11:54:12.880,mexc,ADA/USDT:USDT,0.8235,914890,0.8234,732087,0.8236,885709,0.8237,684368
1753617253087,11:54:13.087,mexc,ADA/USDT:USDT,0.8235,751470,0.8234,1014357,0.8236,874753,0.8237,957517
1753617253216,11:54:13.216,mexc,ADA/USDT:USDT,0.8235,750388,0.8234,1014357,0.8236,874753,0.8237,1223022
1753617253439,11:54:13.439,mexc,ADA/USDT:USDT,0.8235,750388,0.8234,1014357,0.8236,874753,0.8237,1223022
1753617253677,11:54:13.677,mexc,ADA/USDT:USDT,0.8235,750388,0.8234,1014357,0.8236,874753,0.8237,957517
1753617253882,11:54:13.882,mexc,ADA/USDT:USDT,0.8235,750388,0.8234,1184003,0.8236,874753,0.8237,957517
1753617254177,11:54:14.177,mexc,ADA/USDT:USDT,0.8235,750388,0.8234,1184003,0.8236,874753,0.8237,957517
1753617254428,11:54:14.428,mexc,ADA/USDT:USDT,0.8235,750388,0.8234,1014357,0.8236,874753,0.8237,957517
1753617254717,11:54:14.717,mexc,ADA/USDT:USDT,0.8235,750388,0.8234,1014357,0.8236,874753,0.8237,957517
1753617254883,11:54:14.883,mexc,ADA/USDT:USDT,0.8235,750388,0.8234,1014357,0.8236,874753,0.8237,957517
1753617255178,11:54:15.178,mexc,ADA/USDT:USDT,0.8235,750388,0.8234,1014357,0.8236,874753,0.8237,957517
1753617255333,11:54:15.333,mexc,ADA/USDT:USDT,0.8235,750388,0.8234,1014357,0.8236,874753,0.8237,1336406
1753617255581,11:54:15.581,mexc,ADA/USDT:USDT,0.8235,750388,0.8234,1506118,0.8236,874753,0.8237,1336406
1753617255678,11:54:15.678,mexc,ADA/USDT:USDT,0.8235,750388,0.8234,1506118,0.8236,874753,0.8237,957517
1753617255884,11:54:15.884,mexc,ADA/USDT:USDT,0.8235,750388,0.8234,1459251,0.8236,874753,0.8237,957517
1753617256179,11:54:16.179,mexc,ADA/USDT:USDT,0.8235,750388,0.8234,1459251,0.8236,874753,0.8237,957517
1753617256391,11:54:16.391,mexc,ADA/USDT:USDT,0.8235,750388,0.8234,1799183,0.8236,874753,0.8237,957517
1753617256716,11:54:16.716,mexc,ADA/USDT:USDT,0.8235,750388,0.8234,1799183,0.8236,874753,0.8237,957517
1753617256886,11:54:16.886,mexc,ADA/USDT:USDT,0.8235,750388,0.8234,1508676,0.8236,874753,0.8237,957517
1753617257178,11:54:17.178,mexc,ADA/USDT:USDT,0.8235,750388,0.8234,1508676,0.8236,874753,0.8237,1340553
1753617257384,11:54:17.384,mexc,ADA/USDT:USDT,0.8235,750388,0.8234,1403840,0.8236,874753,0.8237,1340553
1753617257679,11:54:17.679,mexc,ADA/USDT:USDT,0.8235,750388,0.8234,1403840,0.8236,874753,0.8237,1099462
1753617257887,11:54:17.887,mexc,ADA/USDT:USDT,0.8235,750388,0.8234,1014357,0.8236,874753,0.8237,1099462
1753617258181,11:54:18.181,mexc,ADA/USDT:USDT,0.8235,750388,0.8234,1014357,0.8236,874753,0.8237,957517
1753617258387,11:54:18.387,mexc,ADA/USDT:USDT,0.8235,750388,0.8234,1014357,0.8236,874753,0.8237,957517
1753617258584,11:54:18.584,mexc,ADA/USDT:USDT,0.8235,750388,0.8234,1014357,0.8236,874753,0.8237,957517
1753617258792,11:54:18.792,mexc,ADA/USDT:USDT,0.8235,750388,0.8234,1014357,0.8236,874753,0.8237,1213071
1753617259080,11:54:19.080,mexc,ADA/USDT:USDT,0.8235,815041,0.8234,689504,0.8236,812909,0.8237,818414
1753617259273,11:54:19.273,mexc,ADA/USDT:USDT,0.8235,815041,0.8234,689504,0.8236,803872,0.8237,1146684
1753617259387,11:54:19.387,mexc,ADA/USDT:USDT,0.8235,815041,0.8234,923175,0.8236,803872,0.8237,1146684
1753617259681,11:54:19.681,mexc,ADA/USDT:USDT,0.8235,815041,0.8234,923175,0.8236,803872,0.8237,818414
1753617259887,11:54:19.887,mexc,ADA/USDT:USDT,0.8235,815041,0.8234,764912,0.8236,803872,0.8237,818414
1753617260181,11:54:20.181,mexc,ADA/USDT:USDT,0.8235,815041,0.8234,764912,0.8236,803872,0.8237,818414
1753617260387,11:54:20.387,mexc,ADA/USDT:USDT,0.8235,815041,0.8234,689504,0.8236,803872,0.8237,818414
1753617260681,11:54:20.681,mexc,ADA/USDT:USDT,0.8235,815041,0.8234,689504,0.8236,803872,0.8237,1088181
1753617260965,11:54:20.965,mexc,ADA/USDT:USDT,0.8235,815041,0.8234,689504,0.8236,803872,0.8237,1088181
1753617261084,11:54:21.084,mexc,ADA/USDT:USDT,0.8235,815041,0.8234,689504,0.8236,803872,0.8237,818414
1753617261305,11:54:21.305,mexc,ADA/USDT:USDT,0.8235,815041,0.8234,689504,0.8236,803872,0.8237,818414
1753617261584,11:54:21.584,mexc,ADA/USDT:USDT,0.8235,815041,0.8234,689504,0.8236,803872,0.8237,818414
1753617261681,11:54:21.681,mexc,ADA/USDT:USDT,0.8235,815041,0.8234,689504,0.8236,803872,0.8237,922270
1753617261951,11:54:21.951,mexc,ADA/USDT:USDT,0.8235,815041,0.8234,902668,0.8236,803872,0.8237,922270
1753617262181,11:54:22.181,mexc,ADA/USDT:USDT,0.8235,815041,0.8234,902668,0.8236,803872,0.8237,914719
1753617262389,11:54:22.389,mexc,ADA/USDT:USDT,0.8235,815041,0.8234,689504,0.8236,803872,0.8237,914719
1753617262683,11:54:22.683,mexc,ADA/USDT:USDT,0.8235,815041,0.8234,689504,0.8236,803872,0.8237,818414
1753617262792,11:54:22.792,mexc,ADA/USDT:USDT,0.8235,815041,0.8234,689504,0.8236,803872,0.8237,1045038
1753617263086,11:54:23.086,mexc,ADA/USDT:USDT,0.8235,815041,0.8234,852422,0.8236,803872,0.8237,1045038
1753617263269,11:54:23.269,mexc,ADA/USDT:USDT,0.8235,815041,0.8234,852422,0.8236,803872,0.8237,818414
1753617263409,11:54:23.409,mexc,ADA/USDT:USDT,0.8235,815041,0.8234,877060,0.8236,803872,0.8237,818414
1753617263684,11:54:23.684,mexc,ADA/USDT:USDT,0.8235,815041,0.8234,877060,0.8236,803872,0.8237,818414
1753617263913,11:54:23.913,mexc,ADA/USDT:USDT,0.8235,815041,0.8234,689504,0.8236,803872,0.8237,818414
1753617264204,11:54:24.204,mexc,ADA/USDT:USDT,0.8235,815041,0.8234,689504,0.8236,803872,0.8237,818414
1753617264390,11:54:24.390,mexc,ADA/USDT:USDT,0.8235,815041,0.8234,689504,0.8236,803872,0.8237,818414
1753617264684,11:54:24.684,mexc,ADA/USDT:USDT,0.8235,815041,0.8234,689504,0.8236,803872,0.8237,818414
1753617264865,11:54:24.865,mexc,ADA/USDT:USDT,0.8235,815041,0.8234,689504,0.8236,803872,0.8237,818414
1753617265088,11:54:25.088,mexc,ADA/USDT:USDT,0.8235,750666,0.8234,1016455,0.8236,694882,0.8237,862316
1753617265186,11:54:25.186,mexc,ADA/USDT:USDT,0.8235,750666,0.8234,1016455,0.8236,694882,0.8237,1005134
1753617265492,11:54:25.492,mexc,ADA/USDT:USDT,0.8235,750666,0.8234,1016455,0.8236,694882,0.8237,1005134
1753617265687,11:54:25.687,mexc,ADA/USDT:USDT,0.8236,776601,0.8235,750666,0.8237,862316,0.8238,717597
1753617265897,11:54:25.897,mexc,ADA/USDT:USDT,0.8236,776601,0.8235,750666,0.8237,862316,0.8238,717597
1753617266293,11:54:26.293,mexc,ADA/USDT:USDT,0.8236,776601,0.8235,750666,0.8237,862316,0.8238,949244
1753617266590,11:54:26.590,mexc,ADA/USDT:USDT,0.8236,776601,0.8235,1242608,0.8237,862316,0.8238,949244
1753617266768,11:54:26.768,mexc,ADA/USDT:USDT,0.8236,776601,0.8235,1242608,0.8237,862316,0.8238,717597
1753617266931,11:54:26.931,mexc,ADA/USDT:USDT,0.8236,776601,0.8235,750666,0.8237,862316,0.8238,717597
1753617267185,11:54:27.185,mexc,ADA/USDT:USDT,0.8236,776601,0.8235,750666,0.8237,861929,0.8238,717597
1753617267393,11:54:27.393,mexc,ADA/USDT:USDT,0.8236,776601,0.8235,925198,0.8237,861929,0.8238,717597
1753617267687,11:54:27.687,mexc,ADA/USDT:USDT,0.8237,952714,0.8236,776601,0.8238,717597,0.8239,963237
1753617267903,11:54:27.903,mexc,ADA/USDT:USDT,0.8237,952714,0.8236,776601,0.8238,717597,0.8239,963237
1753617268186,11:54:28.186,mexc,ADA/USDT:USDT,0.8237,952714,0.8236,776601,0.8238,717597,0.8239,963237
1753617268410,11:54:28.410,mexc,ADA/USDT:USDT,0.8237,952714,0.8236,1084153,0.8238,717597,0.8239,963237
1753617268686,11:54:28.686,mexc,ADA/USDT:USDT,0.8237,952714,0.8236,1084153,0.8238,717597,0.8239,1147397
1753617268892,11:54:28.892,mexc,ADA/USDT:USDT,0.8237,952714,0.8236,1183323,0.8238,717597,0.8239,1147397
1753617269188,11:54:29.188,mexc,ADA/USDT:USDT,0.8237,952714,0.8236,1183323,0.8238,717597,0.8239,963237
1753617269462,11:54:29.462,mexc,ADA/USDT:USDT,0.8237,939958,0.8236,776601,0.8238,717597,0.8239,963237
1753617269688,11:54:29.688,mexc,ADA/USDT:USDT,0.8237,939958,0.8236,776601,0.8238,717597,0.8239,963237
1753617269892,11:54:29.892,mexc,ADA/USDT:USDT,0.8237,939958,0.8236,776601,0.8238,717597,0.8239,963237
1753617270188,11:54:30.188,mexc,ADA/USDT:USDT,0.8237,939958,0.8236,776601,0.8238,717597,0.8239,963237
1753617270462,11:54:30.462,mexc,ADA/USDT:USDT,0.8236,776601,0.8235,995735,0.8237,833127,0.8238,717597
1753617270689,11:54:30.689,mexc,ADA/USDT:USDT,0.8237,889901,0.8236,776601,0.8238,717597,0.8239,963237
1753617270892,11:54:30.892,mexc,ADA/USDT:USDT,0.8237,889901,0.8236,1103609,0.8238,717597,0.8239,963237
1753617271191,11:54:31.191,mexc,ADA/USDT:USDT,0.8237,889901,0.8236,1103609,0.8238,717597,0.8239,1280394
1753617271394,11:54:31.394,mexc,ADA/USDT:USDT,0.8237,889901,0.8236,776601,0.8238,717597,0.8239,1280394
1753617271593,11:54:31.593,mexc,ADA/USDT:USDT,0.8237,889901,0.8236,776601,0.8238,717597,0.8239,963237
1753617271797,11:54:31.797,mexc,ADA/USDT:USDT,0.8237,889901,0.8236,776601,0.8238,717597,0.8239,963237
1753617272037,11:54:32.037,mexc,ADA/USDT:USDT,0.8237,889901,0.8236,994009,0.8238,717597,0.8239,963237
1753617272263,11:54:32.263,mexc,ADA/USDT:USDT,0.8237,889901,0.8236,994009,0.8238,717597,0.8239,1301316
1753617272464,11:54:32.464,mexc,ADA/USDT:USDT,0.8237,889901,0.8236,1089865,0.8238,717597,0.8239,1301316
1753617272765,11:54:32.765,mexc,ADA/USDT:USDT,0.8237,889901,0.8236,1089865,0.8238,717597,0.8239,1172844
1753617272896,11:54:32.896,mexc,ADA/USDT:USDT,0.8237,889901,0.8236,1168685,0.8238,717597,0.8239,1172844
1753617273100,11:54:33.100,mexc,ADA/USDT:USDT,0.8237,889901,0.8236,1168685,0.8238,717597,0.8239,963237
1753617273379,11:54:33.379,mexc,ADA/USDT:USDT,0.8237,889901,0.8236,776601,0.8238,717597,0.8239,1566053
1753617273546,11:54:33.546,mexc,ADA/USDT:USDT,0.8236,776601,0.8235,750666,0.8237,1010406,0.8238,717597
1753617273811,11:54:33.811,mexc,ADA/USDT:USDT,0.8235,750666,0.8234,1016455,0.8236,702008,0.8237,1010406
1753617274094,11:54:34.094,mexc,ADA/USDT:USDT,0.8235,750666,0.8234,1226830,0.8236,702008,0.8237,1010406
1753617274192,11:54:34.192,mexc,ADA/USDT:USDT,0.8235,750666,0.8234,1226830,0.8236,702008,0.8237,1010406
1753617274397,11:54:34.397,mexc,ADA/USDT:USDT,0.8235,750666,0.8234,1369633,0.8236,702008,0.8237,1010406
1753617274692,11:54:34.692,mexc,ADA/USDT:USDT,0.8235,750666,0.8234,1369633,0.8236,702008,0.8237,1010406
1753617274999,11:54:34.999,mexc,ADA/USDT:USDT,0.8235,750666,0.8234,1016455,0.8236,702008,0.8237,1010406
1753617275192,11:54:35.192,mexc,ADA/USDT:USDT,0.8235,750666,0.8234,1016455,0.8236,702008,0.8237,1165353
1753617275411,11:54:35.411,mexc,ADA/USDT:USDT,0.8236,821057,0.8235,750666,0.8237,1010406,0.8238,717597
1753617275693,11:54:35.693,mexc,ADA/USDT:USDT,0.8236,821057,0.8235,750666,0.8237,1010406,0.8238,874889
1753617275805,11:54:35.805,mexc,ADA/USDT:USDT,0.8236,821057,0.8235,750666,0.8237,1010406,0.8238,1042358
1753617276092,11:54:36.092,mexc,ADA/USDT:USDT,0.8236,821057,0.8235,750666,0.8237,1010406,0.8238,1042358
1753617276193,11:54:36.193,mexc,ADA/USDT:USDT,0.8236,821057,0.8235,750666,0.8237,1010406,0.8238,1206989
1753617276467,11:54:36.467,mexc,ADA/USDT:USDT,0.8236,821057,0.8235,750666,0.8237,1010406,0.8238,1206989
1753617276693,11:54:36.693,mexc,ADA/USDT:USDT,0.8236,821057,0.8235,750666,0.8237,1010406,0.8238,717597
1753617276914,11:54:36.914,mexc,ADA/USDT:USDT,0.8236,821057,0.8235,994797,0.8237,1010406,0.8238,717597
1753617277199,11:54:37.199,mexc,ADA/USDT:USDT,0.8236,821057,0.8235,994797,0.8237,1010406,0.8238,917939
1753617277401,11:54:37.401,mexc,ADA/USDT:USDT,0.8236,821057,0.8235,750666,0.8237,1010406,0.8238,917939
1753617277696,11:54:37.696,mexc,ADA/USDT:USDT,0.8236,821057,0.8235,750666,0.8237,1010406,0.8238,717597
1753617277975,11:54:37.975,mexc,ADA/USDT:USDT,0.8236,821057,0.8235,750666,0.8237,1010406,0.8238,717597
1753617278265,11:54:38.265,mexc,ADA/USDT:USDT,0.8236,821057,0.8235,750666,0.8237,1010406,0.8238,1012602
1753617278440,11:54:38.440,mexc,ADA/USDT:USDT,0.8235,750666,0.8234,1016455,0.8236,970500,0.8237,1010406
1753617278669,11:54:38.669,mexc,ADA/USDT:USDT,0.8235,750666,0.8234,1016455,0.8236,970500,0.8237,1010406
1753617278806,11:54:38.806,mexc,ADA/USDT:USDT,0.8235,750666,0.8234,1016455,0.8236,970500,0.8237,1180505
1753617279101,11:54:39.101,mexc,ADA/USDT:USDT,0.8235,750666,0.8234,1335986,0.8236,970500,0.8237,1180505
1753617279197,11:54:39.197,mexc,ADA/USDT:USDT,0.8235,750666,0.8234,1335986,0.8236,970479,0.8237,1376472
1753617279403,11:54:39.403,mexc,ADA/USDT:USDT,0.8235,750666,0.8234,1412309,0.8236,970479,0.8237,1376472
1753617279697,11:54:39.697,mexc,ADA/USDT:USDT,0.8235,750666,0.8234,1412309,0.8236,970479,0.8237,1010406
1753617279984,11:54:39.984,mexc,ADA/USDT:USDT,0.8235,750666,0.8234,1016455,0.8236,970479,0.8237,1010406
1753617280208,11:54:40.208,mexc,ADA/USDT:USDT,0.8235,750666,0.8234,1016455,0.8236,970479,0.8237,1010406
1753617280403,11:54:40.403,mexc,ADA/USDT:USDT,0.8235,750666,0.8234,1016455,0.8236,970479,0.8237,1010406
1753617280698,11:54:40.698,mexc,ADA/USDT:USDT,0.8235,750666,0.8234,1016455,0.8236,970479,0.8237,1010406
1753617280905,11:54:40.905,mexc,ADA/USDT:USDT,0.8235,750666,0.8234,1016455,0.8236,970479,0.8237,1010406
1753617281264,11:54:41.264,mexc,ADA/USDT:USDT,0.8235,750666,0.8234,1016455,0.8236,970479,0.8237,1130960
1753617281426,11:54:41.426,mexc,ADA/USDT:USDT,0.8235,750666,0.8234,1016455,0.8236,970479,0.8237,1130960
1753617281753,11:54:41.753,mexc,ADA/USDT:USDT,0.8235,750666,0.8234,1016455,0.8236,970479,0.8237,1010406
1753617281908,11:54:41.908,mexc,ADA/USDT:USDT,0.8235,750666,0.8234,1307353,0.8236,970479,0.8237,1010406
1753617282199,11:54:42.199,mexc,ADA/USDT:USDT,0.8235,750666,0.8234,1307353,0.8236,970479,0.8237,1010406
1753617282367,11:54:42.367,mexc,ADA/USDT:USDT,0.8235,750666,0.8234,1016455,0.8236,970479,0.8237,1010406
1753617282405,11:54:42.405,mexc,ADA/USDT:USDT,0.8235,750666,0.8234,1694560,0.8236,970479,0.8237,1010406
1753617282808,11:54:42.808,mexc,ADA/USDT:USDT,0.8235,750666,0.8234,1313792,0.8236,970479,0.8237,1010406
1753617282916,11:54:42.916,mexc,ADA/USDT:USDT,0.8235,750666,0.8234,1016455,0.8236,970479,0.8237,1010406
1753617283230,11:54:43.230,mexc,ADA/USDT:USDT,0.8235,750666,0.8234,1016455,0.8236,970479,0.8237,1010406
1753617283405,11:54:43.405,mexc,ADA/USDT:USDT,0.8235,750666,0.8234,1016455,0.8236,970479,0.8237,1010406
1753617283749,11:54:43.749,mexc,ADA/USDT:USDT,0.8235,750666,0.8234,1016455,0.8236,968496,0.8237,1310750
1753617283950,11:54:43.950,mexc,ADA/USDT:USDT,0.8235,750666,0.8234,1016455,0.8236,968496,0.8237,1310750
1753617284160,11:54:44.160,mexc,ADA/USDT:USDT,0.8235,852026,0.8234,889856,0.8236,765758,0.8237,774227
1753617284353,11:54:44.353,mexc,ADA/USDT:USDT,0.8235,852026,0.8234,889856,0.8236,765758,0.8237,774227
1753617284571,11:54:44.571,mexc,ADA/USDT:USDT,0.8235,852026,0.8234,889856,0.8236,765758,0.8237,774227
1753617284700,11:54:44.700,mexc,ADA/USDT:USDT,0.8235,852026,0.8234,889856,0.8236,765758,0.8237,875624
1753617284909,11:54:44.909,mexc,ADA/USDT:USDT,0.8235,852026,0.8234,889856,0.8236,765758,0.8237,875624
1753617285201,11:54:45.201,mexc,ADA/USDT:USDT,0.8235,852026,0.8234,889856,0.8236,765758,0.8237,774227
1753617285477,11:54:45.477,mexc,ADA/USDT:USDT,0.8235,851298,0.8234,889856,0.8236,765758,0.8237,774227
1753617285702,11:54:45.702,mexc,ADA/USDT:USDT,0.8235,851298,0.8234,889856,0.8236,765758,0.8237,774227
1753617285913,11:54:45.913,mexc,ADA/USDT:USDT,0.8235,851298,0.8234,1244972,0.8236,765758,0.8237,774227
1753617286203,11:54:46.203,mexc,ADA/USDT:USDT,0.8235,851298,0.8234,1244972,0.8236,765758,0.8237,774227
1753617286409,11:54:46.409,mexc,ADA/USDT:USDT,0.8235,850929,0.8234,889856,0.8236,765758,0.8237,774227
1753617286703,11:54:46.703,mexc,ADA/USDT:USDT,0.8235,850929,0.8234,889856,0.8236,765758,0.8237,1146141
1753617286909,11:54:46.909,mexc,ADA/USDT:USDT,0.8235,850929,0.8234,889856,0.8236,765758,0.8237,1146141
1753617287203,11:54:47.203,mexc,ADA/USDT:USDT,0.8235,850929,0.8234,889856,0.8236,765758,0.8237,1135883
1753617287409,11:54:47.409,mexc,ADA/USDT:USDT,0.8235,850929,0.8234,889856,0.8236,765758,0.8237,1135883
1753617287704,11:54:47.704,mexc,ADA/USDT:USDT,0.8235,850929,0.8234,889856,0.8236,765758,0.8237,774227
1753617287913,11:54:47.913,mexc,ADA/USDT:USDT,0.8235,850929,0.8234,1179488,0.8236,765758,0.8237,774227
1753617288092,11:54:48.092,mexc,ADA/USDT:USDT,0.8234,889856,0.8233,775301,0.8235,691388,0.8236,765758
1753617288351,11:54:48.351,mexc,ADA/USDT:USDT,0.8234,889856,0.8233,775301,0.8235,691388,0.8236,765758
1753617288607,11:54:48.607,mexc,ADA/USDT:USDT,0.8234,889856,0.8233,1200861,0.8235,691388,0.8236,765758
1753617288707,11:54:48.707,mexc,ADA/USDT:USDT,0.8234,889856,0.8233,1200861,0.8235,691388,0.8236,765758
1753617288909,11:54:48.909,mexc,ADA/USDT:USDT,0.8234,889856,0.8233,1346231,0.8235,691388,0.8236,765758
1753617289208,11:54:49.208,mexc,ADA/USDT:USDT,0.8234,889856,0.8233,1346231,0.8235,691388,0.8236,765758
1753617289469,11:54:49.469,mexc,ADA/USDT:USDT,0.8234,889856,0.8233,775301,0.8235,691388,0.8236,765758
1753617289708,11:54:49.708,mexc,ADA/USDT:USDT,0.8235,967781,0.8234,889856,0.8236,765758,0.8237,1209906
1753617289916,11:54:49.916,mexc,ADA/USDT:USDT,0.8235,967781,0.8234,889856,0.8236,765758,0.8237,1209906
1753617290216,11:54:50.216,mexc,ADA/USDT:USDT,0.8235,967781,0.8234,889856,0.8236,765758,0.8237,1215913
1753617290475,11:54:50.475,mexc,ADA/USDT:USDT,0.8235,967781,0.8234,889856,0.8236,765758,0.8237,1215913
1753617290706,11:54:50.706,mexc,ADA/USDT:USDT,0.8235,967781,0.8234,889856,0.8236,765758,0.8237,1174751
1753617290910,11:54:50.910,mexc,ADA/USDT:USDT,0.8235,967781,0.8234,1154236,0.8236,765758,0.8237,1174751
1753617291204,11:54:51.204,mexc,ADA/USDT:USDT,0.8235,967781,0.8234,1154236,0.8236,765758,0.8237,774227
1753617291411,11:54:51.411,mexc,ADA/USDT:USDT,0.8235,967781,0.8234,889856,0.8236,768476,0.8237,774227
1753617291784,11:54:51.784,mexc,ADA/USDT:USDT,0.8235,967781,0.8234,889856,0.8236,768476,0.8237,774227
1753617292014,11:54:52.014,mexc,ADA/USDT:USDT,0.8235,967781,0.8234,1352688,0.8236,768476,0.8237,774227
1753617292203,11:54:52.203,mexc,ADA/USDT:USDT,0.8235,967781,0.8234,1352688,0.8236,768476,0.8237,774227
1753617292471,11:54:52.471,mexc,ADA/USDT:USDT,0.8235,967781,0.8234,1100394,0.8236,768476,0.8237,774227
1753617292705,11:54:52.705,mexc,ADA/USDT:USDT,0.8235,967781,0.8234,1100394,0.8236,768476,0.8237,774227
1753617292914,11:54:52.914,mexc,ADA/USDT:USDT,0.8235,967781,0.8234,1065604,0.8236,768476,0.8237,774227
1753617293206,11:54:53.206,mexc,ADA/USDT:USDT,0.8235,967781,0.8234,1065604,0.8236,768476,0.8237,774227
1753617293456,11:54:53.456,mexc,ADA/USDT:USDT,0.8235,967781,0.8234,889856,0.8236,768476,0.8237,774227
1753617293784,11:54:53.784,mexc,ADA/USDT:USDT,0.8235,967781,0.8234,889856,0.8236,768476,0.8237,774227
1753617293918,11:54:53.918,mexc,ADA/USDT:USDT,0.8235,967781,0.8234,889856,0.8236,768476,0.8237,774227
1753617294206,11:54:54.206,mexc,ADA/USDT:USDT,0.8235,967781,0.8234,889856,0.8236,768476,0.8237,1206932
1753617294318,11:54:54.318,mexc,ADA/USDT:USDT,0.8235,967781,0.8234,889856,0.8236,768476,0.8237,1206932
1753617294611,11:54:54.611,mexc,ADA/USDT:USDT,0.8235,967781,0.8234,889856,0.8236,768476,0.8237,774227
1753617294707,11:54:54.707,mexc,ADA/USDT:USDT,0.8235,967781,0.8234,889856,0.8236,768476,0.8237,1031277
1753617295018,11:54:55.018,mexc,ADA/USDT:USDT,0.8235,967781,0.8234,889856,0.8236,1499247,0.8237,1031277
1753617295207,11:54:55.207,mexc,ADA/USDT:USDT,0.8235,1017769,0.8234,734786,0.8236,733489,0.8237,740886
1753617295426,11:54:55.426,mexc,ADA/USDT:USDT,0.8235,1017769,0.8234,823805,0.8236,733489,0.8237,740886
1753617295705,11:54:55.705,mexc,ADA/USDT:USDT,0.8235,1017769,0.8234,823805,0.8236,733489,0.8237,740886
1753617295889,11:54:55.889,mexc,ADA/USDT:USDT,0.8235,1017769,0.8234,734786,0.8236,733368,0.8237,740886
1753617296110,11:54:56.110,mexc,ADA/USDT:USDT,0.8235,1017769,0.8234,734786,0.8236,733368,0.8237,740886
1753617296207,11:54:56.207,mexc,ADA/USDT:USDT,0.8235,1017769,0.8234,734786,0.8236,733368,0.8237,1280449
1753617296456,11:54:56.456,mexc,ADA/USDT:USDT,0.8234,734786,0.8233,1012577,0.8235,801216,0.8236,733368
1753617296737,11:54:56.737,mexc,ADA/USDT:USDT,0.8234,734786,0.8233,1012577,0.8235,801216,0.8236,733368
1753617296972,11:54:56.972,mexc,ADA/USDT:USDT,0.8234,734786,0.8233,1012577,0.8235,801216,0.8236,733368
1753617297193,11:54:57.193,mexc,ADA/USDT:USDT,0.8234,734786,0.8233,1012577,0.8235,801216,0.8236,733368
1753617297390,11:54:57.390,mexc,ADA/USDT:USDT,0.8234,734786,0.8233,1012577,0.8235,801216,0.8236,1094569
1753617297417,11:54:57.417,mexc,ADA/USDT:USDT,0.8234,734786,0.8233,1012577,0.8235,801216,0.8236,1094569
1753617297707,11:54:57.707,mexc,ADA/USDT:USDT,0.8234,734786,0.8233,1012577,0.8235,801216,0.8236,1379600
1753617297935,11:54:57.935,mexc,ADA/USDT:USDT,0.8235,699829,0.8234,734786,0.8236,733368,0.8237,740886
1753617298208,11:54:58.208,mexc,ADA/USDT:USDT,0.8235,699829,0.8234,734786,0.8236,733368,0.8237,740886
1753617298417,11:54:58.417,mexc,ADA/USDT:USDT,0.8235,699829,0.8234,734786,0.8236,733368,0.8237,740886
1753617298709,11:54:58.709,mexc,ADA/USDT:USDT,0.8235,699829,0.8234,734786,0.8236,733368,0.8237,740886
1753617298919,11:54:58.919,mexc,ADA/USDT:USDT,0.8235,699829,0.8234,734786,0.8236,733368,0.8237,740886
1753617299209,11:54:59.209,mexc,ADA/USDT:USDT,0.8235,699829,0.8234,734786,0.8236,733368,0.8237,740886
1753617299417,11:54:59.417,mexc,ADA/USDT:USDT,0.8235,699829,0.8234,734786,0.8236,733368,0.8237,740886
1753617299710,11:54:59.710,mexc,ADA/USDT:USDT,0.8235,699829,0.8234,734786,0.8236,733368,0.8237,740886
1753617299919,11:54:59.919,mexc,ADA/USDT:USDT,0.8235,699829,0.8234,734786,0.8236,733368,0.8237,740886
1753617300238,11:55:00.238,mexc,ADA/USDT:USDT,0.8235,699829,0.8234,734786,0.8236,733191,0.8237,740886
1753617300422,11:55:00.422,mexc,ADA/USDT:USDT,0.8235,699829,0.8234,1084597,0.8236,733191,0.8237,740886
1753617300710,11:55:00.710,mexc,ADA/USDT:USDT,0.8235,699829,0.8234,1084597,0.8236,733191,0.8237,740886
1753617301023,11:55:01.023,mexc,ADA/USDT:USDT,0.8234,734786,0.8233,1012577,0.8235,928997,0.8236,733191
1753617301210,11:55:01.210,mexc,ADA/USDT:USDT,0.8234,734786,0.8233,1012577,0.8235,928997,0.8236,849774
1753617301419,11:55:01.419,mexc,ADA/USDT:USDT,0.8234,734786,0.8233,1012577,0.8235,928997,0.8236,849774
1753617301710,11:55:01.710,mexc,ADA/USDT:USDT,0.8234,734786,0.8233,1012577,0.8235,928997,0.8236,733191
1753617301825,11:55:01.825,mexc,ADA/USDT:USDT,0.8234,734786,0.8233,1012577,0.8235,928997,0.8236,733191
1753617302115,11:55:02.115,mexc,ADA/USDT:USDT,0.8234,734786,0.8233,1263636,0.8235,928997,0.8236,733191
1753617302211,11:55:02.211,mexc,ADA/USDT:USDT,0.8234,734786,0.8233,1263636,0.8235,928997,0.8236,733191
1753617302501,11:55:02.501,mexc,ADA/USDT:USDT,0.8234,734786,0.8233,1287920,0.8235,928997,0.8236,733191
1753617302752,11:55:02.752,mexc,ADA/USDT:USDT,0.8234,734786,0.8233,1287920,0.8235,928997,0.8236,733191
1753617302946,11:55:02.946,mexc,ADA/USDT:USDT,0.8234,734786,0.8233,1154583,0.8235,928997,0.8236,733191
1753617303211,11:55:03.211,mexc,ADA/USDT:USDT,0.8234,734786,0.8233,1154583,0.8235,928997,0.8236,733191
1753617303421,11:55:03.421,mexc,ADA/USDT:USDT,0.8234,734786,0.8233,1155186,0.8235,928997,0.8236,733191
1753617303719,11:55:03.719,mexc,ADA/USDT:USDT,0.8234,734786,0.8233,1155186,0.8235,928997,0.8236,733191
1753617303955,11:55:03.955,mexc,ADA/USDT:USDT,0.8234,734786,0.8233,1012577,0.8235,928997,0.8236,733191
1753617304288,11:55:04.288,mexc,ADA/USDT:USDT,0.8234,734786,0.8233,1012577,0.8235,928997,0.8236,859899
1753617304514,11:55:04.514,mexc,ADA/USDT:USDT,0.8233,1012577,0.8232,725618,0.8234,848030,0.8235,928997
1753617304713,11:55:04.713,mexc,ADA/USDT:USDT,0.8231,794587,0.823,995392,0.8232,958278,0.8233,1059157
1753617304921,11:55:04.921,mexc,ADA/USDT:USDT,0.8231,794587,0.823,1096381,0.8232,958278,0.8233,1059157
1753617304951,11:55:04.951,mexc,ADA/USDT:USDT,0.823,995392,0.8229,768473,0.8231,839211,0.8232,958278
1753617305213,11:55:05.213,mexc,ADA/USDT:USDT,0.823,995392,0.8229,768473,0.8231,839211,0.8232,1098073
1753617305567,11:55:05.567,mexc,ADA/USDT:USDT,0.823,995392,0.8229,768473,0.8231,839211,0.8232,1098073
1753617305714,11:55:05.714,mexc,ADA/USDT:USDT,0.823,995392,0.8229,768473,0.8231,839211,0.8232,1667360
1753617305925,11:55:05.925,mexc,ADA/USDT:USDT,0.8231,989761,0.823,1332289,0.8232,958278,0.8233,794214
1753617306326,11:55:06.326,mexc,ADA/USDT:USDT,0.8231,989761,0.823,995392,0.8232,958278,0.8233,1161365
1753617306423,11:55:06.423,mexc,ADA/USDT:USDT,0.8231,989761,0.823,995392,0.8232,958278,0.8233,1161365
1753617306715,11:55:06.715,mexc,ADA/USDT:USDT,0.8231,989761,0.823,995392,0.8232,958278,0.8233,1256873
1753617306923,11:55:06.923,mexc,ADA/USDT:USDT,0.8231,989761,0.823,1384306,0.8232,958278,0.8233,1256873
1753617307222,11:55:07.222,mexc,ADA/USDT:USDT,0.8231,989761,0.823,1384306,0.8232,958278,0.8233,794214
1753617307497,11:55:07.497,mexc,ADA/USDT:USDT,0.8231,989761,0.823,1185995,0.8232,958278,0.8233,794214
1753617307716,11:55:07.716,mexc,ADA/USDT:USDT,0.8231,989761,0.823,1185995,0.8232,958278,0.8233,1128765
1753617307925,11:55:07.925,mexc,ADA/USDT:USDT,0.8231,989761,0.823,995392,0.8232,958278,0.8233,1128765
1753617308215,11:55:08.215,mexc,ADA/USDT:USDT,0.8231,989761,0.823,995392,0.8232,958278,0.8233,1251573
1753617308424,11:55:08.424,mexc,ADA/USDT:USDT,0.8231,989761,0.823,995392,0.8232,958278,0.8233,1251573
1753617308817,11:55:08.817,mexc,ADA/USDT:USDT,0.8231,989761,0.823,995392,0.8232,958278,0.8233,794214
1753617308926,11:55:08.926,mexc,ADA/USDT:USDT,0.8231,989761,0.823,1414523,0.8232,958278,0.8233,794214
1753617309216,11:55:09.216,mexc,ADA/USDT:USDT,0.8231,989761,0.823,1414523,0.8232,958278,0.8233,987401
1753617309425,11:55:09.425,mexc,ADA/USDT:USDT,0.8231,989761,0.823,1363839,0.8232,958278,0.8233,987401
1753617309716,11:55:09.716,mexc,ADA/USDT:USDT,0.8231,989761,0.823,1363839,0.8232,958278,0.8233,794214
1753617309925,11:55:09.925,mexc,ADA/USDT:USDT,0.8231,989761,0.823,1127634,0.8232,958278,0.8233,794214
1753617310120,11:55:10.120,mexc,ADA/USDT:USDT,0.8231,989761,0.823,1127634,0.8232,958278,0.8233,794214
1753617310331,11:55:10.331,mexc,ADA/USDT:USDT,0.8231,989761,0.823,995392,0.8232,958278,0.8233,794214
1753617310619,11:55:10.619,mexc,ADA/USDT:USDT,0.8231,989761,0.823,1216454,0.8232,958278,0.8233,794214
1753617310784,11:55:10.784,mexc,ADA/USDT:USDT,0.8231,989761,0.823,1216454,0.8232,958278,0.8233,1153112
1753617311024,11:55:11.024,mexc,ADA/USDT:USDT,0.8231,989761,0.823,1733091,0.8232,1882400,0.8233,1153112
1753617311224,11:55:11.224,mexc,ADA/USDT:USDT,0.8231,820184,0.823,854156,0.8232,924122,0.8233,920173
1753617311425,11:55:11.425,mexc,ADA/USDT:USDT,0.8231,820184,0.823,1062403,0.8232,918909,0.8233,920173
1753617311619,11:55:11.619,mexc,ADA/USDT:USDT,0.8231,820184,0.823,1062403,0.8232,918909,0.8233,920173
1753617311830,11:55:11.830,mexc,ADA/USDT:USDT,0.8231,820184,0.823,854156,0.8232,918909,0.8233,920173
1753617311926,11:55:11.926,mexc,ADA/USDT:USDT,0.8231,820184,0.823,1235740,0.8232,918909,0.8233,920173
1753617312217,11:55:12.217,mexc,ADA/USDT:USDT,0.8231,820184,0.823,1235740,0.8232,918909,0.8233,920173
1753617312497,11:55:12.497,mexc,ADA/USDT:USDT,0.8231,820184,0.823,854156,0.8232,918909,0.8233,920173
1753617312739,11:55:12.739,mexc,ADA/USDT:USDT,0.8231,820184,0.823,854156,0.8232,918909,0.8233,920173
1753617312927,11:55:12.927,mexc,ADA/USDT:USDT,0.8231,820184,0.823,1277254,0.8232,918909,0.8233,920173
1753617313218,11:55:13.218,mexc,ADA/USDT:USDT,0.8231,820184,0.823,1277254,0.8232,918909,0.8233,920173
1753617313512,11:55:13.512,mexc,ADA/USDT:USDT,0.8231,820184,0.823,1143361,0.8232,918909,0.8233,920173
1753617313620,11:55:13.620,mexc,ADA/USDT:USDT,0.8231,820184,0.823,1143361,0.8232,918909,0.8233,920173
1753617313834,11:55:13.834,mexc,ADA/USDT:USDT,0.8231,820184,0.823,854156,0.8232,918909,0.8233,920173
1753617314119,11:55:14.119,mexc,ADA/USDT:USDT,0.8231,820184,0.823,1203895,0.8232,918909,0.8233,920173
1753617314313,11:55:14.313,mexc,ADA/USDT:USDT,0.8231,820184,0.823,1203895,0.8232,918909,0.8233,920173
1753617314444,11:55:14.444,mexc,ADA/USDT:USDT,0.8231,820184,0.823,1124882,0.8232,918909,0.8233,920173
1753617314719,11:55:14.719,mexc,ADA/USDT:USDT,0.8231,820184,0.823,1124882,0.8232,918909,0.8233,920173
1753617314928,11:55:14.928,mexc,ADA/USDT:USDT,0.8231,820184,0.823,1503497,0.8232,918909,0.8233,920173
1753617315219,11:55:15.219,mexc,ADA/USDT:USDT,0.8231,820184,0.823,1503497,0.8232,918909,0.8233,920173
1753617315525,11:55:15.525,mexc,ADA/USDT:USDT,0.8231,820184,0.823,1524604,0.8232,918909,0.8233,920173
1753617315758,11:55:15.758,mexc,ADA/USDT:USDT,0.8231,820184,0.823,1524604,0.8232,918909,0.8233,1298606
1753617315966,11:55:15.966,mexc,ADA/USDT:USDT,0.8231,820184,0.823,854156,0.8232,918909,0.8233,1298606
1753617316125,11:55:16.125,mexc,ADA/USDT:USDT,0.8231,820184,0.823,854156,0.8232,918909,0.8233,920173
1753617316329,11:55:16.329,mexc,ADA/USDT:USDT,0.823,854156,0.8229,951542,0.8231,697320,0.8232,1029962
1753617316622,11:55:16.622,mexc,ADA/USDT:USDT,0.823,854156,0.8229,951542,0.8231,697320,0.8232,1029962
1753617316720,11:55:16.720,mexc,ADA/USDT:USDT,0.823,854156,0.8229,951542,0.8231,697320,0.8232,918909
1753617316963,11:55:16.963,mexc,ADA/USDT:USDT,0.823,854156,0.8229,1174921,0.8231,697320,0.8232,918909
1753617317225,11:55:17.225,mexc,ADA/USDT:USDT,0.823,854156,0.8229,1174921,0.8231,697320,0.8232,1131823
1753617317429,11:55:17.429,mexc,ADA/USDT:USDT,0.823,854156,0.8229,951542,0.8231,697320,0.8232,1131823
1753617317723,11:55:17.723,mexc,ADA/USDT:USDT,0.823,854156,0.8229,951542,0.8231,697320,0.8232,918909
1753617317968,11:55:17.968,mexc,ADA/USDT:USDT,0.823,854156,0.8229,951542,0.8231,697320,0.8232,918909
1753617318220,11:55:18.220,mexc,ADA/USDT:USDT,0.823,854156,0.8229,951542,0.8231,697320,0.8232,1480921
1753617318429,11:55:18.429,mexc,ADA/USDT:USDT,0.823,854156,0.8229,1219816,0.8231,697320,0.8232,1480921
1753617318775,11:55:18.775,mexc,ADA/USDT:USDT,0.823,854156,0.8229,1219816,0.8231,697320,0.8232,1171578
1753617318930,11:55:18.930,mexc,ADA/USDT:USDT,0.8229,951542,0.8228,713070,0.823,721236,0.8231,697320
1753617319222,11:55:19.222,mexc,ADA/USDT:USDT,0.8229,951542,0.8228,713070,0.823,721236,0.8231,697320
1753617319334,11:55:19.334,mexc,ADA/USDT:USDT,0.8229,951542,0.8228,713070,0.823,721236,0.8231,802497
1753617319624,11:55:19.624,mexc,ADA/USDT:USDT,0.8229,951542,0.8228,981797,0.823,721236,0.8231,802497
1753617319766,11:55:19.766,mexc,ADA/USDT:USDT,0.8229,951542,0.8228,981797,0.823,721236,0.8231,697320
1753617320034,11:55:20.034,mexc,ADA/USDT:USDT,0.8228,10938,0.8227,997793,0.8229,1000425,0.823,721236
1753617320221,11:55:20.221,mexc,ADA/USDT:USDT,0.8227,997793,0.8226,704261,0.8228,829437,0.8229,1177250
1753617320623,11:55:20.623,mexc,ADA/USDT:USDT,0.8227,997793,0.8226,1166309,0.8228,829437,0.8229,1000425
1753617320721,11:55:20.721,mexc,ADA/USDT:USDT,0.8226,704261,0.8225,1005988,0.8227,942523,0.8228,829437
1753617321086,11:55:21.086,mexc,ADA/USDT:USDT,0.8226,704261,0.8225,1197519,0.8227,918804,0.8228,829437
1753617321251,11:55:21.251,mexc,ADA/USDT:USDT,0.8226,704261,0.8225,1197519,0.8227,918804,0.8228,829437
1753617321430,11:55:21.430,mexc,ADA/USDT:USDT,0.8226,704261,0.8225,1005988,0.8227,918804,0.8228,829437
1753617321721,11:55:21.721,mexc,ADA/USDT:USDT,0.8226,704261,0.8225,1005988,0.8227,918804,0.8228,829437
1753617321931,11:55:21.931,mexc,ADA/USDT:USDT,0.8226,704261,0.8225,1107865,0.8227,918804,0.8228,829437
1753617322271,11:55:22.271,mexc,ADA/USDT:USDT,0.8226,704261,0.8225,1107865,0.8227,918804,0.8228,1047438
1753617322433,11:55:22.433,mexc,ADA/USDT:USDT,0.8226,704261,0.8225,1005988,0.8227,918804,0.8228,1047438
1753617322722,11:55:22.722,mexc,ADA/USDT:USDT,0.8226,704261,0.8225,1005988,0.8227,918804,0.8228,1082400
1753617322898,11:55:22.898,mexc,ADA/USDT:USDT,0.8226,704261,0.8225,1005988,0.8227,918804,0.8228,1082400
1753617323124,11:55:23.124,mexc,ADA/USDT:USDT,0.8226,704261,0.8225,1005988,0.8227,918804,0.8228,829437
1753617323266,11:55:23.266,mexc,ADA/USDT:USDT,0.8226,704261,0.8225,1005988,0.8227,918804,0.8228,996375
1753617323444,11:55:23.444,mexc,ADA/USDT:USDT,0.8226,704178,0.8225,1218264,0.8227,918804,0.8228,996375
1753617323723,11:55:23.723,mexc,ADA/USDT:USDT,0.8227,717603,0.8226,704178,0.8228,829437,0.8229,1000425
1753617324127,11:55:24.127,mexc,ADA/USDT:USDT,0.8227,717603,0.8226,704178,0.8228,829437,0.8229,1000425
1753617324247,11:55:24.247,mexc,ADA/USDT:USDT,0.8228,743485,0.8227,717603,0.8229,1000425,0.823,721236
1753617324514,11:55:24.514,mexc,ADA/USDT:USDT,0.8229,929114,0.8228,743485,0.823,721236,0.8231,697320
1753617324839,11:55:24.839,mexc,ADA/USDT:USDT,0.8229,929114,0.8228,743485,0.823,721236,0.8231,697320
1753617325009,11:55:25.009,mexc,ADA/USDT:USDT,0.823,763212,0.8229,929114,0.8231,692904,0.8232,918909
1753617325337,11:55:25.337,mexc,ADA/USDT:USDT,0.8229,929114,0.8228,743485,0.823,845679,0.8231,692904
1753617325434,11:55:25.434,mexc,ADA/USDT:USDT,0.8229,929114,0.8228,743485,0.823,845679,0.8231,692904
1753617325745,11:55:25.745,mexc,ADA/USDT:USDT,0.8229,929114,0.8228,743485,0.823,844540,0.8231,692904
1753617325937,11:55:25.937,mexc,ADA/USDT:USDT,0.8227,717603,0.8226,704178,0.8228,983351,0.8229,837755
1753617326151,11:55:26.151,mexc,ADA/USDT:USDT,0.8227,717603,0.8226,704178,0.8228,983351,0.8229,837755
1753617326339,11:55:26.339,mexc,ADA/USDT:USDT,0.8227,717603,0.8226,704178,0.8228,983351,0.8229,837755
1753617326626,11:55:26.626,mexc,ADA/USDT:USDT,0.8227,717603,0.8226,704178,0.8228,983351,0.8229,837755
1753617326724,11:55:26.724,mexc,ADA/USDT:USDT,0.8227,717603,0.8226,704178,0.8228,983351,0.8229,837755
1753617326936,11:55:26.936,mexc,ADA/USDT:USDT,0.8227,717603,0.8226,704178,0.8228,983351,0.8229,837755
1753617327281,11:55:27.281,mexc,ADA/USDT:USDT,0.8227,717603,0.8226,704178,0.8228,980745,0.8229,1024628
1753617327437,11:55:27.437,mexc,ADA/USDT:USDT,0.8227,717603,0.8226,953990,0.8228,980745,0.8229,1024628
1753617327806,11:55:27.806,mexc,ADA/USDT:USDT,0.8227,717603,0.8226,953990,0.8228,980745,0.8229,1056294
1753617327938,11:55:27.938,mexc,ADA/USDT:USDT,0.8226,704178,0.8225,1005988,0.8227,1005353,0.8228,980745
1753617328290,11:55:28.290,mexc,ADA/USDT:USDT,0.8226,704178,0.8225,1005988,0.8227,1005353,0.8228,980745
1753617328437,11:55:28.437,mexc,ADA/USDT:USDT,0.8226,693393,0.8225,1005988,0.8227,1005353,0.8228,980745
1753617328732,11:55:28.732,mexc,ADA/USDT:USDT,0.8226,693393,0.8225,1005988,0.8227,1005353,0.8228,980745
1753617328936,11:55:28.936,mexc,ADA/USDT:USDT,0.8226,693393,0.8225,1005988,0.8227,1005353,0.8228,980745
1753617329182,11:55:29.182,mexc,ADA/USDT:USDT,0.8226,693393,0.8225,1005988,0.8227,1005353,0.8228,980745
1753617329343,11:55:29.343,mexc,ADA/USDT:USDT,0.8226,693393,0.8225,1005988,0.8227,1005353,0.8228,980745
1753617329582,11:55:29.582,mexc,ADA/USDT:USDT,0.8226,693393,0.8225,1193501,0.8227,1005353,0.8228,980745
1753617329728,11:55:29.728,mexc,ADA/USDT:USDT,0.8226,693393,0.8225,1193501,0.8227,1005353,0.8228,1243911
1753617329985,11:55:29.985,mexc,ADA/USDT:USDT,0.8226,693393,0.8225,1005988,0.8227,1005353,0.8228,1243911
1753617330311,11:55:30.311,mexc,ADA/USDT:USDT,0.8226,693393,0.8225,1005988,0.8227,1005333,0.8228,1165622
1753617330438,11:55:30.438,mexc,ADA/USDT:USDT,0.8226,693393,0.8225,1005988,0.8227,1005333,0.8228,1165622
1753617330800,11:55:30.800,mexc,ADA/USDT:USDT,0.8226,693393,0.8225,1005988,0.8227,1005303,0.8228,980745
1753617331021,11:55:31.021,mexc,ADA/USDT:USDT,0.8226,693393,0.8225,1005988,0.8227,1005303,0.8228,980745
1753617331215,11:55:31.215,mexc,ADA/USDT:USDT,0.8225,1005988,0.8224,960434,0.8227,1005303,0.8228,980745
1753617331421,11:55:31.421,mexc,ADA/USDT:USDT,0.8225,1005988,0.8224,960434,0.8226,796467,0.8227,1005303
1753617331449,11:55:31.449,mexc,ADA/USDT:USDT,0.8224,960434,0.8223,874263,0.8225,893663,0.8226,796467
1753617331787,11:55:31.787,mexc,ADA/USDT:USDT,0.8225,771447,0.8224,960434,0.8226,796467,0.8227,1005303
1753617331964,11:55:31.964,mexc,ADA/USDT:USDT,0.8225,771447,0.8224,960434,0.8226,796467,0.8227,1005303
1753617332342,11:55:32.342,mexc,ADA/USDT:USDT,0.8225,771447,0.8224,960434,0.8226,796424,0.8227,1005303
1753617332439,11:55:32.439,mexc,ADA/USDT:USDT,0.8225,771447,0.8224,960434,0.8226,796424,0.8227,1005303
1753617332733,11:55:32.733,mexc,ADA/USDT:USDT,0.8225,737980,0.8224,960434,0.8226,796424,0.8227,1163544
1753617333019,11:55:33.019,mexc,ADA/USDT:USDT,0.8225,737980,0.8224,960434,0.8226,796424,0.8227,1163544
1753617333233,11:55:33.233,mexc,ADA/USDT:USDT,0.8225,737980,0.8224,960434,0.8226,796424,0.8227,1005303
1753617333343,11:55:33.343,mexc,ADA/USDT:USDT,0.8225,737980,0.8224,960434,0.8226,796424,0.8227,1005303
1753617333635,11:55:33.635,mexc,ADA/USDT:USDT,0.8225,737980,0.8224,1308515,0.8226,796424,0.8227,1005303
1753617333733,11:55:33.733,mexc,ADA/USDT:USDT,0.8225,737980,0.8224,1308515,0.8226,796424,0.8227,1005303
1753617333937,11:55:33.937,mexc,ADA/USDT:USDT,0.8225,737980,0.8224,960434,0.8226,796424,0.8227,1005303
1753617334233,11:55:34.233,mexc,ADA/USDT:USDT,0.8225,737980,0.8224,960434,0.8226,796424,0.8227,1005303
1753617334439,11:55:34.439,mexc,ADA/USDT:USDT,0.8225,737975,0.8224,1317139,0.8226,796424,0.8227,1005303
1753617334733,11:55:34.733,mexc,ADA/USDT:USDT,0.8225,737975,0.8224,1317139,0.8226,796424,0.8227,1005303
1753617335039,11:55:35.039,mexc,ADA/USDT:USDT,0.8225,737975,0.8224,1328689,0.8226,796364,0.8227,1005303
1753617335242,11:55:35.242,mexc,ADA/USDT:USDT,0.8225,737975,0.8224,1328689,0.8226,796364,0.8227,1005303
1753617335439,11:55:35.439,mexc,ADA/USDT:USDT,0.8226,689501,0.8225,1069711,0.8227,1005303,0.8228,980745
1753617335733,11:55:35.733,mexc,ADA/USDT:USDT,0.8226,689501,0.8225,1069711,0.8227,1005303,0.8228,980745
1753617335844,11:55:35.844,mexc,ADA/USDT:USDT,0.8226,689501,0.8225,737975,0.8227,1005303,0.8228,980745
1753617336137,11:55:36.137,mexc,ADA/USDT:USDT,0.8226,677007,0.8225,737975,0.8227,1005303,0.8228,980745
1753617336233,11:55:36.233,mexc,ADA/USDT:USDT,0.8226,677007,0.8225,737975,0.8227,1005303,0.8228,980745
1753617336449,11:55:36.449,mexc,ADA/USDT:USDT,0.8226,677007,0.8225,737975,0.8227,1005303,0.8228,980745
1753617336751,11:55:36.751,mexc,ADA/USDT:USDT,0.8226,677007,0.8225,737975,0.8227,1005303,0.8228,1167459
1753617336939,11:55:36.939,mexc,ADA/USDT:USDT,0.8226,677007,0.8225,828763,0.8227,1005303,0.8228,1167459
1753617337297,11:55:37.297,mexc,ADA/USDT:USDT,0.8226,675658,0.8225,828763,0.8227,1005303,0.8228,1217161
1753617337439,11:55:37.439,mexc,ADA/USDT:USDT,0.8226,675658,0.8225,895208,0.8227,1001364,0.8228,1217161
1753617337760,11:55:37.760,mexc,ADA/USDT:USDT,0.8226,675658,0.8225,895208,0.8227,1001328,0.8228,1145082
1753617337940,11:55:37.940,mexc,ADA/USDT:USDT,0.8226,675658,0.8225,944650,0.8227,1001328,0.8228,1145082
1753617338247,11:55:38.247,mexc,ADA/USDT:USDT,0.8226,570805,0.8225,944650,0.8227,1001328,0.8228,980745
1753617338441,11:55:38.441,mexc,ADA/USDT:USDT,0.8226,570805,0.8225,860630,0.8227,1001328,0.8228,980745
1753617338638,11:55:38.638,mexc,ADA/USDT:USDT,0.8226,570805,0.8225,860630,0.8227,1001328,0.8228,980745
1753617338844,11:55:38.844,mexc,ADA/USDT:USDT,0.8226,570805,0.8225,737975,0.8227,1001328,0.8228,1290571
1753617339037,11:55:39.037,mexc,ADA/USDT:USDT,0.8226,570805,0.8225,737975,0.8227,1001328,0.8228,1290571
1753617339344,11:55:39.344,mexc,ADA/USDT:USDT,0.8226,570805,0.8225,737975,0.8227,1001328,0.8228,1531715
1753617339441,11:55:39.441,mexc,ADA/USDT:USDT,0.8226,570805,0.8225,1093889,0.8227,1001328,0.8228,1531715
1753617339734,11:55:39.734,mexc,ADA/USDT:USDT,0.8226,570805,0.8225,1093889,0.8227,1001157,0.8228,1079090
1753617339940,11:55:39.940,mexc,ADA/USDT:USDT,0.8226,570805,0.8225,737975,0.8227,1001157,0.8228,1079090
1753617340248,11:55:40.248,mexc,ADA/USDT:USDT,0.8226,570805,0.8225,737975,0.8227,1001157,0.8228,980745
1753617340441,11:55:40.441,mexc,ADA/USDT:USDT,0.8226,570805,0.8225,939866,0.8227,1001157,0.8228,980745
1753617340637,11:55:40.637,mexc,ADA/USDT:USDT,0.8226,570805,0.8225,939866,0.8227,1001157,0.8228,980745
1753617340844,11:55:40.844,mexc,ADA/USDT:USDT,0.8226,570805,0.8225,737975,0.8227,1001157,0.8228,980745
1753617341049,11:55:41.049,mexc,ADA/USDT:USDT,0.8226,999664,0.8225,996209,0.8227,975793,0.8228,934496
1753617341235,11:55:41.235,mexc,ADA/USDT:USDT,0.8226,999664,0.8225,996209,0.8227,975793,0.8228,1580047
1753617341639,11:55:41.639,mexc,ADA/USDT:USDT,0.8226,999664,0.8225,996209,0.8227,975793,0.8228,1376448
1753617341806,11:55:41.806,mexc,ADA/USDT:USDT,0.8226,999664,0.8225,996209,0.8227,975793,0.8228,934496
1753617341942,11:55:41.942,mexc,ADA/USDT:USDT,0.8226,999664,0.8225,1314205,0.8227,975793,0.8228,934496
1753617342236,11:55:42.236,mexc,ADA/USDT:USDT,0.8226,999664,0.8225,1314205,0.8227,975793,0.8228,934496
1753617342470,11:55:42.470,mexc,ADA/USDT:USDT,0.8225,996209,0.8224,827636,0.8226,727515,0.8227,975793
1753617342735,11:55:42.735,mexc,ADA/USDT:USDT,0.8224,827636,0.8223,955632,0.8225,809878,0.8226,727515
1753617342949,11:55:42.949,mexc,ADA/USDT:USDT,0.8224,817712,0.8223,1027869,0.8225,809878,0.8226,727515
1753617343247,11:55:43.247,mexc,ADA/USDT:USDT,0.8224,817712,0.8223,1027869,0.8225,809878,0.8226,727515
1753617343442,11:55:43.442,mexc,ADA/USDT:USDT,0.8224,817712,0.8223,955632,0.8225,809878,0.8226,727515
1753617343737,11:55:43.737,mexc,ADA/USDT:USDT,0.8224,817712,0.8223,955632,0.8225,809878,0.8226,1064973
1753617343963,11:55:43.963,mexc,ADA/USDT:USDT,0.8224,817712,0.8223,1288295,0.8225,809878,0.8226,1064973
1753617344238,11:55:44.238,mexc,ADA/USDT:USDT,0.8224,817712,0.8223,1288295,0.8225,809878,0.8226,1161968
1753617344442,11:55:44.442,mexc,ADA/USDT:USDT,0.8224,817712,0.8223,955632,0.8225,809878,0.8226,1161968
1753617344759,11:55:44.759,mexc,ADA/USDT:USDT,0.8224,817712,0.8223,955632,0.8225,808575,0.8226,727515
1753617344943,11:55:44.943,mexc,ADA/USDT:USDT,0.8225,959229,0.8224,817712,0.8226,727515,0.8227,975793
1753617345238,11:55:45.238,mexc,ADA/USDT:USDT,0.8225,959229,0.8224,817712,0.8226,727515,0.8227,975793
1753617345347,11:55:45.347,mexc,ADA/USDT:USDT,0.8225,959229,0.8224,817712,0.8226,727515,0.8227,975793
1753617345640,11:55:45.640,mexc,ADA/USDT:USDT,0.8225,959229,0.8224,817712,0.8226,727515,0.8227,975793
1753617345738,11:55:45.738,mexc,ADA/USDT:USDT,0.8225,959229,0.8224,817712,0.8226,727515,0.8227,1066144
1753617345943,11:55:45.943,mexc,ADA/USDT:USDT,0.8225,959229,0.8224,1119316,0.8226,727515,0.8227,1066144
1753617346240,11:55:46.240,mexc,ADA/USDT:USDT,0.8225,959229,0.8224,1119316,0.8226,727515,0.8227,1265588
1753617346443,11:55:46.443,mexc,ADA/USDT:USDT,0.8225,959229,0.8224,817712,0.8226,727515,0.8227,1265588
1753617346740,11:55:46.740,mexc,ADA/USDT:USDT,0.8226,964382,0.8225,959229,0.8227,975793,0.8228,1324385
1753617347069,11:55:47.069,mexc,ADA/USDT:USDT,0.8226,964382,0.8225,1392853,0.8227,975793,0.8228,1324385
1753617347239,11:55:47.239,mexc,ADA/USDT:USDT,0.8226,886228,0.8225,959229,0.8227,975793,0.8228,934496
1753617347506,11:55:47.506,mexc,ADA/USDT:USDT,0.8226,886228,0.8225,959229,0.8227,975793,0.8228,934496
1753617347654,11:55:47.654,mexc,ADA/USDT:USDT,0.8228,968359,0.8227,986197,0.8229,790346,0.823,824436
1753617347739,11:55:47.739,mexc,ADA/USDT:USDT,0.8228,968359,0.8227,986197,0.8229,790346,0.823,1215883
1753617348143,11:55:48.143,mexc,ADA/USDT:USDT,0.8228,968359,0.8227,986197,0.8229,790346,0.823,824436
1753617348327,11:55:48.327,mexc,ADA/USDT:USDT,0.8228,968359,0.8227,986197,0.8229,790346,0.823,1267048
1753617348444,11:55:48.444,mexc,ADA/USDT:USDT,0.8228,968359,0.8227,986197,0.8229,790346,0.823,1267048
1753617348740,11:55:48.740,mexc,ADA/USDT:USDT,0.8228,968359,0.8227,986197,0.8229,790346,0.823,1137773
1753617349041,11:55:49.041,mexc,ADA/USDT:USDT,0.8228,968359,0.8227,1247034,0.8229,790346,0.823,1137773
1753617349240,11:55:49.240,mexc,ADA/USDT:USDT,0.8228,968359,0.8227,1247034,0.8229,790346,0.823,824436
1753617349353,11:55:49.353,mexc,ADA/USDT:USDT,0.8228,968359,0.8227,986197,0.8229,790346,0.823,824436
1753617349642,11:55:49.642,mexc,ADA/USDT:USDT,0.8228,968359,0.8227,986197,0.8229,790346,0.823,824436
1753617349739,11:55:49.739,mexc,ADA/USDT:USDT,0.8228,968359,0.8227,986197,0.8229,790346,0.823,824436
1753617349975,11:55:49.975,mexc,ADA/USDT:USDT,0.8228,968359,0.8227,986197,0.8229,790346,0.823,824436
1753617350241,11:55:50.241,mexc,ADA/USDT:USDT,0.8228,968359,0.8227,986197,0.8229,790346,0.823,1319063
1753617350542,11:55:50.542,mexc,ADA/USDT:USDT,0.8228,968359,0.8227,986197,0.8229,790346,0.823,1319063
1753617350741,11:55:50.741,mexc,ADA/USDT:USDT,0.8228,968359,0.8227,986197,0.8229,790346,0.823,1608009
1753617350975,11:55:50.975,mexc,ADA/USDT:USDT,0.8228,968359,0.8227,986197,0.8229,790346,0.823,1608009
1753617351253,11:55:51.253,mexc,ADA/USDT:USDT,0.8228,962812,0.8227,986197,0.8229,790346,0.823,988487
1753617351477,11:55:51.477,mexc,ADA/USDT:USDT,0.8228,962812,0.8227,1208857,0.8229,790346,0.823,988487
1753617351744,11:55:51.744,mexc,ADA/USDT:USDT,0.8227,986197,0.8226,886228,0.8228,726174,0.8229,790346
1753617352146,11:55:52.146,mexc,ADA/USDT:USDT,0.8227,981533,0.8226,1242366,0.8228,726174,0.8229,790346
1753617352279,11:55:52.279,mexc,ADA/USDT:USDT,0.8227,981533,0.8226,1242366,0.8228,726174,0.8229,790346
1753617352566,11:55:52.566,mexc,ADA/USDT:USDT,0.8227,981533,0.8226,886228,0.8228,726174,0.8229,790346
1753617352742,11:55:52.742,mexc,ADA/USDT:USDT,0.8227,981533,0.8226,886228,0.8228,726174,0.8229,1226196
1753617352978,11:55:52.978,mexc,ADA/USDT:USDT,0.8227,981533,0.8226,886228,0.8228,726174,0.8229,1226196
1753617353312,11:55:53.312,mexc,ADA/USDT:USDT,0.8227,981533,0.8226,886228,0.8228,726173,0.8229,970685
1753617353478,11:55:53.478,mexc,ADA/USDT:USDT,0.8227,981533,0.8226,886228,0.8228,726173,0.8229,970685
1753617353742,11:55:53.742,mexc,ADA/USDT:USDT,0.8227,981532,0.8226,886228,0.8228,726173,0.8229,790346
1753617354019,11:55:54.019,mexc,ADA/USDT:USDT,0.8227,981532,0.8226,886228,0.8228,726173,0.8229,790346
1753617354242,11:55:54.242,mexc,ADA/USDT:USDT,0.8227,981532,0.8226,886228,0.8228,726173,0.8229,1094652
1753617354381,11:55:54.381,mexc,ADA/USDT:USDT,0.8227,981532,0.8226,886228,0.8228,726173,0.8229,1094652
1753617354647,11:55:54.647,mexc,ADA/USDT:USDT,0.8227,981532,0.8226,886228,0.8228,726173,0.8229,790346
1753617354743,11:55:54.743,mexc,ADA/USDT:USDT,0.8227,981532,0.8226,886228,0.8228,726173,0.8229,790346
1753617354981,11:55:54.981,mexc,ADA/USDT:USDT,0.8227,981532,0.8226,886228,0.8228,726173,0.8229,790346
1753617355347,11:55:55.347,mexc,ADA/USDT:USDT,0.8227,981532,0.8226,886228,0.8228,726125,0.8229,790346
1753617355559,11:55:55.559,mexc,ADA/USDT:USDT,0.8227,981532,0.8226,886228,0.8228,726125,0.8229,790346
1753617355744,11:55:55.744,mexc,ADA/USDT:USDT,0.8227,981532,0.8226,886228,0.8228,726125,0.8229,1232932
1753617355980,11:55:55.980,mexc,ADA/USDT:USDT,0.8227,981532,0.8226,1356571,0.8228,726125,0.8229,1232932
1753617356245,11:55:56.245,mexc,ADA/USDT:USDT,0.8227,981532,0.8226,1356571,0.8228,726125,0.8229,790346
1753617356523,11:55:56.523,mexc,ADA/USDT:USDT,0.8227,981532,0.8226,1553944,0.8228,726125,0.8229,790346
1753617356795,11:55:56.795,mexc,ADA/USDT:USDT,0.8227,981532,0.8226,1553944,0.8228,726125,0.8229,979917
1753617356996,11:55:56.996,mexc,ADA/USDT:USDT,0.8227,981532,0.8226,990014,0.8228,726125,0.8229,979917
1753617357199,11:55:57.199,mexc,ADA/USDT:USDT,0.8226,886228,0.8225,959229,0.8227,801987,0.8228,726125
1753617357346,11:55:57.346,mexc,ADA/USDT:USDT,0.8226,886228,0.8225,959229,0.8227,801987,0.8228,726125
1753617357647,11:55:57.647,mexc,ADA/USDT:USDT,0.8226,880060,0.8225,959229,0.8227,801987,0.8228,726125
1753617357743,11:55:57.743,mexc,ADA/USDT:USDT,0.8226,880060,0.8225,959229,0.8227,801987,0.8228,935406
1753617358004,11:55:58.004,mexc,ADA/USDT:USDT,0.8226,880060,0.8225,959229,0.8227,792256,0.8228,935406
1753617358287,11:55:58.287,mexc,ADA/USDT:USDT,0.8226,880060,0.8225,959229,0.8227,792256,0.8228,988797
1753617358481,11:55:58.481,mexc,ADA/USDT:USDT,0.8225,959229,0.8224,817712,0.8226,942449,0.8227,792256
1753617358745,11:55:58.745,mexc,ADA/USDT:USDT,0.8225,959229,0.8224,817712,0.8226,942449,0.8227,995210
1753617358891,11:55:58.891,mexc,ADA/USDT:USDT,0.8225,959229,0.8224,817712,0.8226,942449,0.8227,995210
1753617359150,11:55:59.150,mexc,ADA/USDT:USDT,0.8225,959229,0.8224,817712,0.8226,942449,0.8227,792256
1753617359283,11:55:59.283,mexc,ADA/USDT:USDT,0.8225,959229,0.8224,817712,0.8226,942449,0.8227,1380693
1753617359535,11:55:59.535,mexc,ADA/USDT:USDT,0.8225,959229,0.8224,817712,0.8226,942449,0.8227,1380693
1753617359826,11:55:59.826,mexc,ADA/USDT:USDT,0.8225,959229,0.8224,817712,0.8226,942449,0.8227,792256
1753617360082,11:56:00.082,mexc,ADA/USDT:USDT,0.8225,959229,0.8224,817712,0.8226,942449,0.8227,792256
1753617360244,11:56:00.244,mexc,ADA/USDT:USDT,0.8225,959229,0.8224,817712,0.8226,942449,0.8227,987926
1753617360483,11:56:00.483,mexc,ADA/USDT:USDT,0.8225,959229,0.8224,997219,0.8226,942449,0.8227,987926
1753617360800,11:56:00.800,mexc,ADA/USDT:USDT,0.8225,959229,0.8224,997219,0.8226,942449,0.8227,792256
1753617360984,11:56:00.984,mexc,ADA/USDT:USDT,0.8226,882240,0.8225,959229,0.8227,792256,0.8228,726125
1753617361246,11:56:01.246,mexc,ADA/USDT:USDT,0.8226,882240,0.8225,959229,0.8227,788247,0.8228,726125
1753617361416,11:56:01.416,mexc,ADA/USDT:USDT,0.8226,882240,0.8225,959229,0.8227,788247,0.8228,726125
1753617361631,11:56:01.631,mexc,ADA/USDT:USDT,0.8227,800591,0.8226,882240,0.8228,726125,0.8229,790346
1753617361745,11:56:01.745,mexc,ADA/USDT:USDT,0.8227,800591,0.8226,882240,0.8228,726125,0.8229,790346
1753617362148,11:56:02.148,mexc,ADA/USDT:USDT,0.8227,800591,0.8226,1072073,0.8228,726125,0.8229,790346
1753617362337,11:56:02.337,mexc,ADA/USDT:USDT,0.8227,800591,0.8226,1072073,0.8228,726125,0.8229,790346
1753617362554,11:56:02.554,mexc,ADA/USDT:USDT,0.8227,796957,0.8226,882240,0.8228,726125,0.8229,790346
1753617362747,11:56:02.747,mexc,ADA/USDT:USDT,0.8227,796957,0.8226,882240,0.8228,726125,0.8229,790346
1753617362985,11:56:02.985,mexc,ADA/USDT:USDT,0.8227,796957,0.8226,882240,0.8228,726125,0.8229,790346
1753617363152,11:56:03.152,mexc,ADA/USDT:USDT,0.8227,796957,0.8226,882240,0.8228,726125,0.8229,790346
1753617363390,11:56:03.390,mexc,ADA/USDT:USDT,0.8227,796957,0.8226,882240,0.8228,726125,0.8229,1048844
1753617363551,11:56:03.551,mexc,ADA/USDT:USDT,0.8227,796957,0.8226,882240,0.8228,726125,0.8229,1048844
1753617363772,11:56:03.772,mexc,ADA/USDT:USDT,0.8227,796957,0.8226,882240,0.8228,726125,0.8229,1239177
1753617363984,11:56:03.984,mexc,ADA/USDT:USDT,0.8227,796957,0.8226,882240,0.8228,726125,0.8229,1239177
1753617364331,11:56:04.331,mexc,ADA/USDT:USDT,0.8227,796957,0.8226,882240,0.8228,726125,0.8229,892758
1753617364485,11:56:04.485,mexc,ADA/USDT:USDT,0.8227,796957,0.8226,1336375,0.8228,726125,0.8229,892758
1753617364748,11:56:04.748,mexc,ADA/USDT:USDT,0.8227,796957,0.8226,1336375,0.8228,726125,0.8229,957367
1753617365013,11:56:05.013,mexc,ADA/USDT:USDT,0.8227,796957,0.8226,1157986,0.8228,707024,0.8229,957367
1753617365286,11:56:05.286,mexc,ADA/USDT:USDT,0.8227,796957,0.8226,1157986,0.8228,707024,0.8229,790346
1753617365487,11:56:05.487,mexc,ADA/USDT:USDT,0.8227,796957,0.8226,882240,0.8228,707024,0.8229,790346
1753617365749,11:56:05.749,mexc,ADA/USDT:USDT,0.8227,796957,0.8226,882240,0.8228,707024,0.8229,790346
1753617365988,11:56:05.988,mexc,ADA/USDT:USDT,0.8227,796957,0.8226,882240,0.8228,707024,0.8229,790346
1753617366248,11:56:06.248,mexc,ADA/USDT:USDT,0.8227,796957,0.8226,882240,0.8228,707024,0.8229,790346
1753617366487,11:56:06.487,mexc,ADA/USDT:USDT,0.8227,796957,0.8226,882240,0.8228,707024,0.8229,790346
1753617366780,11:56:06.780,mexc,ADA/USDT:USDT,0.8227,796957,0.8226,882240,0.8228,702465,0.8229,790346
1753617367041,11:56:07.041,mexc,ADA/USDT:USDT,0.8227,796473,0.8226,1087643,0.8228,1632012,0.8229,790346
1753617367059,11:56:07.059,mexc,ADA/USDT:USDT,0.8227,807207,0.8226,828628,0.8228,929547,0.8229,869656
1753617367250,11:56:07.250,mexc,ADA/USDT:USDT,0.8227,807207,0.8226,828628,0.8228,929547,0.8229,1021929
1753617367652,11:56:07.652,mexc,ADA/USDT:USDT,0.8227,807207,0.8226,932223,0.8228,929547,0.8229,869656
1753617367749,11:56:07.749,mexc,ADA/USDT:USDT,0.8227,807207,0.8226,932223,0.8228,929547,0.8229,1005069
1753617368080,11:56:08.080,mexc,ADA/USDT:USDT,0.8227,807207,0.8226,1114537,0.8228,929547,0.8229,1005069
1753617368300,11:56:08.300,mexc,ADA/USDT:USDT,0.8227,807207,0.8226,1114537,0.8228,929547,0.8229,1154572
1753617368492,11:56:08.492,mexc,ADA/USDT:USDT,0.8227,807207,0.8226,828628,0.8228,929547,0.8229,1154572
1753617368702,11:56:08.702,mexc,ADA/USDT:USDT,0.8227,807207,0.8226,828628,0.8228,929547,0.8229,869656
1753617368944,11:56:08.944,mexc,ADA/USDT:USDT,0.8227,807207,0.8226,828628,0.8228,929547,0.8229,869656
1753617368989,11:56:08.989,mexc,ADA/USDT:USDT,0.8227,807207,0.8226,828628,0.8228,929547,0.8229,869656
1753617369295,11:56:09.295,mexc,ADA/USDT:USDT,0.8227,807207,0.8226,828628,0.8228,929547,0.8229,869656
1753617369586,11:56:09.586,mexc,ADA/USDT:USDT,0.8227,807207,0.8226,828628,0.8228,929547,0.8229,869656
1753617369750,11:56:09.750,mexc,ADA/USDT:USDT,0.8227,807207,0.8226,828628,0.8228,929547,0.8229,869656
1753617370021,11:56:10.021,mexc,ADA/USDT:USDT,0.8227,807207,0.8226,828628,0.8228,929547,0.8229,869656
1753617370288,11:56:10.288,mexc,ADA/USDT:USDT,0.8227,807207,0.8226,828628,0.8228,929547,0.8229,1021519
1753617370490,11:56:10.490,mexc,ADA/USDT:USDT,0.8227,807207,0.8226,1170989,0.8228,929547,0.8229,1021519
1753617370654,11:56:10.654,mexc,ADA/USDT:USDT,0.8227,807207,0.8226,1170989,0.8228,929547,0.8229,869656
1753617370894,11:56:10.894,mexc,ADA/USDT:USDT,0.8227,807207,0.8226,828628,0.8228,929547,0.8229,1113191
1753617370991,11:56:10.991,mexc,ADA/USDT:USDT,0.8227,807207,0.8226,828628,0.8228,929547,0.8229,1113191
1753617371283,11:56:11.283,mexc,ADA/USDT:USDT,0.8227,807207,0.8226,828628,0.8228,929547,0.8229,869656
1753617371538,11:56:11.538,mexc,ADA/USDT:USDT,0.8227,807207,0.8226,1068407,0.8228,929547,0.8229,869656
1753617371752,11:56:11.752,mexc,ADA/USDT:USDT,0.8227,807207,0.8226,1068407,0.8228,929547,0.8229,869656
1753617371990,11:56:11.990,mexc,ADA/USDT:USDT,0.8227,807207,0.8226,1143538,0.8228,929547,0.8229,869656
1753617372321,11:56:12.321,mexc,ADA/USDT:USDT,0.8227,807207,0.8226,1143538,0.8228,929547,0.8229,869656
1753617372491,11:56:12.491,mexc,ADA/USDT:USDT,0.8227,807207,0.8226,828628,0.8228,928290,0.8229,869656
1753617372752,11:56:12.752,mexc,ADA/USDT:USDT,0.8227,807207,0.8226,828628,0.8228,928290,0.8229,1061298
1753617372895,11:56:12.895,mexc,ADA/USDT:USDT,0.8227,807207,0.8226,828628,0.8228,928290,0.8229,1061298
1753617373165,11:56:13.165,mexc,ADA/USDT:USDT,0.8227,888991,0.8226,686444,0.8228,1012521,0.8229,886179
1753617373378,11:56:13.378,mexc,ADA/USDT:USDT,0.8227,888991,0.8226,686444,0.8228,1007068,0.8229,1017635
1753617373492,11:56:13.492,mexc,ADA/USDT:USDT,0.8227,888991,0.8226,686444,0.8228,1007068,0.8229,1017635
1753617373753,11:56:13.753,mexc,ADA/USDT:USDT,0.8227,888991,0.8226,686444,0.8228,1007068,0.8229,1136649
1753617373993,11:56:13.993,mexc,ADA/USDT:USDT,0.8227,888991,0.8226,937760,0.8228,1007068,0.8229,1136649
1753617374253,11:56:14.253,mexc,ADA/USDT:USDT,0.8227,888991,0.8226,937760,0.8228,1007068,0.8229,1129805
1753617374494,11:56:14.494,mexc,ADA/USDT:USDT,0.8227,888991,0.8226,686444,0.8228,1007068,0.8229,1129805
1753617374806,11:56:14.806,mexc,ADA/USDT:USDT,0.8227,888991,0.8226,686444,0.8228,1007068,0.8229,1315595
1753617374995,11:56:14.995,mexc,ADA/USDT:USDT,0.8227,888991,0.8226,924881,0.8228,1007068,0.8229,1315595
1753617375266,11:56:15.266,mexc,ADA/USDT:USDT,0.8227,888991,0.8226,924881,0.8228,1007068,0.8229,886179
1753617375498,11:56:15.498,mexc,ADA/USDT:USDT,0.8227,888991,0.8226,686444,0.8228,1007068,0.8229,886179
1753617375756,11:56:15.756,mexc,ADA/USDT:USDT,0.8227,888991,0.8226,686444,0.8228,1007068,0.8229,1258400
1753617375995,11:56:15.995,mexc,ADA/USDT:USDT,0.8227,888991,0.8226,686444,0.8228,1007068,0.8229,1258400
1753617376289,11:56:16.289,mexc,ADA/USDT:USDT,0.8227,888991,0.8226,686444,0.8228,1007068,0.8229,886179
1753617376486,11:56:16.486,mexc,ADA/USDT:USDT,0.8228,799585,0.8227,888991,0.8229,886179,0.823,808048
1753617376687,11:56:16.687,mexc,ADA/USDT:USDT,0.8228,799585,0.8227,888991,0.8229,886179,0.823,808048
1753617376899,11:56:16.899,mexc,ADA/USDT:USDT,0.8228,799585,0.8227,888991,0.8229,886179,0.823,808048
1753617376997,11:56:16.997,mexc,ADA/USDT:USDT,0.8228,799585,0.8227,1218596,0.8229,886179,0.823,808048
1753617377292,11:56:17.292,mexc,ADA/USDT:USDT,0.8228,799585,0.8227,1218596,0.8229,886179,0.823,948702
1753617377497,11:56:17.497,mexc,ADA/USDT:USDT,0.8228,799585,0.8227,1070973,0.8229,886179,0.823,948702
1753617377758,11:56:17.758,mexc,ADA/USDT:USDT,0.8228,799585,0.8227,1070973,0.8229,886179,0.823,1089742
1753617377997,11:56:17.997,mexc,ADA/USDT:USDT,0.8228,799585,0.8227,888991,0.8229,886179,0.823,1089742
1753617378258,11:56:18.258,mexc,ADA/USDT:USDT,0.8228,799585,0.8227,888991,0.8229,886179,0.823,1254189
1753617378498,11:56:18.498,mexc,ADA/USDT:USDT,0.8228,799585,0.8227,996134,0.8229,886179,0.823,1254189
1753617378758,11:56:18.758,mexc,ADA/USDT:USDT,0.8228,799585,0.8227,996134,0.8229,886179,0.823,808048
1753617378905,11:56:18.905,mexc,ADA/USDT:USDT,0.8228,799585,0.8227,888991,0.8229,886179,0.823,808048
1753617379175,11:56:19.175,mexc,ADA/USDT:USDT,0.8228,799585,0.8227,888991,0.8229,886179,0.823,808048
1753617379258,11:56:19.258,mexc,ADA/USDT:USDT,0.8228,799585,0.8227,888991,0.8229,886179,0.823,808048
1753617379570,11:56:19.570,mexc,ADA/USDT:USDT,0.8228,799585,0.8227,888991,0.8229,886179,0.823,808048
1753617379787,11:56:19.787,mexc,ADA/USDT:USDT,0.8227,888991,0.8226,686444,0.8228,866309,0.8229,886179
1753617380001,11:56:20.001,mexc,ADA/USDT:USDT,0.8227,888991,0.8226,1006742,0.8228,866309,0.8229,886179
1753617380404,11:56:20.404,mexc,ADA/USDT:USDT,0.8227,888991,0.8226,1006742,0.8228,866309,0.8229,886179
1753617380499,11:56:20.499,mexc,ADA/USDT:USDT,0.8227,888991,0.8226,686444,0.8228,866309,0.8229,886179
1753617380760,11:56:20.760,mexc,ADA/USDT:USDT,0.8227,888991,0.8226,686444,0.8228,866309,0.8229,886179
1753617381004,11:56:21.004,mexc,ADA/USDT:USDT,0.8227,888991,0.8226,1245650,0.8228,866309,0.8229,886179
1753617381282,11:56:21.282,mexc,ADA/USDT:USDT,0.8227,888991,0.8226,1245650,0.8228,866309,0.8229,1181011
1753617381499,11:56:21.499,mexc,ADA/USDT:USDT,0.8227,888991,0.8226,686444,0.8228,866309,0.8229,1181011
1753617381760,11:56:21.760,mexc,ADA/USDT:USDT,0.8227,888991,0.8226,686444,0.8228,866309,0.8229,1398403
1753617382000,11:56:22.000,mexc,ADA/USDT:USDT,0.8227,888991,0.8226,686444,0.8228,866309,0.8229,1398403
1753617382164,11:56:22.164,mexc,ADA/USDT:USDT,0.8227,888991,0.8226,1050289,0.8228,866309,0.8229,886179
1753617382402,11:56:22.402,mexc,ADA/USDT:USDT,0.8227,888991,0.8226,1050289,0.8228,866309,0.8229,886179
1753617382500,11:56:22.500,mexc,ADA/USDT:USDT,0.8227,888991,0.8226,1196915,0.8228,866309,0.8229,886179
1753617382761,11:56:22.761,mexc,ADA/USDT:USDT,0.8227,888991,0.8226,1196915,0.8228,866309,0.8229,969643
1753617383002,11:56:23.002,mexc,ADA/USDT:USDT,0.8227,888991,0.8226,1024232,0.8228,866309,0.8229,969643
1753617383262,11:56:23.262,mexc,ADA/USDT:USDT,0.8227,888991,0.8226,1024232,0.8228,866309,0.8229,886179
1753617383501,11:56:23.501,mexc,ADA/USDT:USDT,0.8227,888991,0.8226,686444,0.8228,866309,0.8229,886179
1753617383763,11:56:23.763,mexc,ADA/USDT:USDT,0.8227,888991,0.8226,686444,0.8228,866309,0.8229,886179
1753617384030,11:56:24.030,mexc,ADA/USDT:USDT,0.8227,888991,0.8226,686444,0.8228,866309,0.8229,886179
1753617384263,11:56:24.263,mexc,ADA/USDT:USDT,0.8227,888991,0.8226,686444,0.8228,839748,0.8229,886179
1753617384496,11:56:24.496,mexc,ADA/USDT:USDT,0.8227,888991,0.8226,686444,0.8228,839748,0.8229,886179
1753617384666,11:56:24.666,mexc,ADA/USDT:USDT,0.8227,888991,0.8226,686444,0.8228,839748,0.8229,886179
1753617384908,11:56:24.908,mexc,ADA/USDT:USDT,0.8227,888991,0.8226,686444,0.8228,839748,0.8229,974669
1753617385059,11:56:25.059,mexc,ADA/USDT:USDT,0.8227,989581,0.8226,764904,0.8228,925626,0.8229,992531
1753617385334,11:56:25.334,mexc,ADA/USDT:USDT,0.8227,989581,0.8226,764904,0.8228,925626,0.8229,1169013
1753617385662,11:56:25.662,mexc,ADA/USDT:USDT,0.8227,989581,0.8226,1109905,0.8228,925626,0.8229,1169013
1753617385763,11:56:25.763,mexc,ADA/USDT:USDT,0.8227,989581,0.8226,1109905,0.8228,925626,0.8229,1120825
1753617386005,11:56:26.005,mexc,ADA/USDT:USDT,0.8227,989581,0.8226,963263,0.8228,925626,0.8229,1120825
1753617386276,11:56:26.276,mexc,ADA/USDT:USDT,0.8227,989581,0.8226,963263,0.8228,925626,0.8229,992531
1753617386504,11:56:26.504,mexc,ADA/USDT:USDT,0.8227,989581,0.8226,764904,0.8228,925626,0.8229,992531
1753617386776,11:56:26.776,mexc,ADA/USDT:USDT,0.8227,989581,0.8226,764904,0.8228,925626,0.8229,992531
1753617387026,11:56:27.026,mexc,ADA/USDT:USDT,0.8227,989581,0.8226,764904,0.8228,925626,0.8229,992531
1753617387371,11:56:27.371,mexc,ADA/USDT:USDT,0.8227,989581,0.8226,764904,0.8228,925626,0.8229,992531
1753617387543,11:56:27.543,mexc,ADA/USDT:USDT,0.8226,764904,0.8225,1019287,0.8227,788813,0.8228,925626
1753617387776,11:56:27.776,mexc,ADA/USDT:USDT,0.8226,764904,0.8225,1019287,0.8227,788813,0.8228,925626
1753617387965,11:56:27.965,mexc,ADA/USDT:USDT,0.8226,764904,0.8225,1019287,0.8227,788813,0.8228,925626
1753617388180,11:56:28.180,mexc,ADA/USDT:USDT,0.8226,764904,0.8225,1299223,0.8227,788813,0.8228,925626
