timestamp,time,exchange,symbol,bid1_price,bid1_volume,bid2_price,bid2_volume,ask1_price,ask1_volume,ask2_price,ask2_volume
1753617161960,11:52:41.960,phemex,AEVO/USDT:USDT,0.111,16609.0,0.1109,655.0,0.1111,16671.0,0.1112,5631.0
1753617168933,11:52:48.933,phemex,AEVO/USDT:USDT,0.111,16609.0,0.1109,655.0,0.1111,16030.0,0.1112,5631.0
1753617168935,11:52:48.935,phemex,AEVO/USDT:USDT,0.111,16609.0,0.1109,655.0,0.1111,16030.0,0.1112,5631.0
1753617168979,11:52:48.979,phemex,AEVO/USDT:USDT,0.111,16609.0,0.1109,655.0,0.1112,19335.0,0.1113,17909.0
1753617169005,11:52:49.005,phemex,AEVO/USDT:USDT,0.1111,18655.0,0.1109,655.0,0.1112,19335.0,0.1113,33759.0
1753617169080,11:52:49.080,phemex,AEVO/USDT:USDT,0.1111,18655.0,0.1109,655.0,0.1112,19335.0,0.1113,33759.0
1753617169090,11:52:49.090,phemex,AEVO/USDT:USDT,0.1111,18655.0,0.1109,655.0,0.1112,19335.0,0.1113,33759.0
1753617170921,11:52:50.921,phemex,AEVO/USDT:USDT,0.1111,18655.0,0.1109,655.0,0.1112,19335.0,0.1113,33759.0
1753617170921,11:52:50.921,phemex,AEVO/USDT:USDT,0.1111,18655.0,0.1109,655.0,0.1112,19335.0,0.1113,33759.0
1753617173340,11:52:53.340,phemex,AEVO/USDT:USDT,0.1111,18655.0,0.1109,655.0,0.1112,19335.0,0.1113,18074.0
1753617175904,11:52:55.904,phemex,AEVO/USDT:USDT,0.1111,18014.0,0.1109,655.0,0.1112,19335.0,0.1113,18074.0
1753617176124,11:52:56.124,phemex,AEVO/USDT:USDT,0.1111,17179.0,0.1109,655.0,0.1112,19335.0,0.1113,18074.0
1753617176133,11:52:56.133,phemex,AEVO/USDT:USDT,0.1111,17179.0,0.1109,655.0,0.1112,19335.0,0.1113,18074.0
1753617176341,11:52:56.341,phemex,AEVO/USDT:USDT,0.1111,17179.0,0.1109,655.0,0.1112,19335.0,0.1113,33759.0
1753617177133,11:52:57.133,phemex,AEVO/USDT:USDT,0.1111,17179.0,0.1109,655.0,0.1112,19335.0,0.1113,33759.0
1753617179430,11:52:59.430,phemex,AEVO/USDT:USDT,0.111,18920.0,0.1109,655.0,0.1112,19335.0,0.1113,18074.0
1753617179439,11:52:59.439,phemex,AEVO/USDT:USDT,0.111,18920.0,0.1109,655.0,0.1112,21133.0,0.1113,2224.0
1753617179481,11:52:59.481,phemex,AEVO/USDT:USDT,0.111,18920.0,0.1109,655.0,0.1111,17380.0,0.1112,5631.0
1753617179501,11:52:59.501,phemex,AEVO/USDT:USDT,0.111,18920.0,0.1109,655.0,0.1111,17380.0,0.1112,5631.0
1753617179511,11:52:59.511,phemex,AEVO/USDT:USDT,0.111,18920.0,0.1109,655.0,0.1111,17380.0,0.1112,5631.0
1753617179627,11:52:59.627,phemex,AEVO/USDT:USDT,0.111,18920.0,0.1109,655.0,0.1111,17380.0,0.1112,5631.0
1753617179635,11:52:59.635,phemex,AEVO/USDT:USDT,0.111,18920.0,0.1109,655.0,0.1111,17380.0,0.1112,5631.0
1753617180919,11:53:00.919,phemex,AEVO/USDT:USDT,0.111,18523.0,0.1109,655.0,0.1111,17380.0,0.1112,5631.0
1753617182328,11:53:02.328,phemex,AEVO/USDT:USDT,0.111,18523.0,0.1109,655.0,0.1111,16741.0,0.1112,5631.0
1753617182663,11:53:02.663,phemex,AEVO/USDT:USDT,0.111,18523.0,0.1109,655.0,0.1112,26749.0,0.1113,2224.0
1753617182686,11:53:02.686,phemex,AEVO/USDT:USDT,0.111,18523.0,0.1109,655.0,0.1112,23550.0,0.1113,2224.0
1753617182737,11:53:02.737,phemex,AEVO/USDT:USDT,0.1111,663.0,0.111,18523.0,0.1112,23550.0,0.1113,5423.0
1753617182749,11:53:02.749,phemex,AEVO/USDT:USDT,0.1111,663.0,0.111,18523.0,0.1112,23550.0,0.1113,5423.0
1753617182903,11:53:02.903,phemex,AEVO/USDT:USDT,0.111,18523.0,0.1109,655.0,0.1112,23550.0,0.1113,5423.0
1753617182926,11:53:02.926,phemex,AEVO/USDT:USDT,0.111,18523.0,0.1109,655.0,0.1112,23550.0,0.1113,5423.0
1753617182970,11:53:02.970,phemex,AEVO/USDT:USDT,0.111,18523.0,0.1109,655.0,0.1112,21752.0,0.1113,5423.0
1753617183041,11:53:03.041,phemex,AEVO/USDT:USDT,0.1111,663.0,0.111,18523.0,0.1112,21752.0,0.1113,5423.0
1753617183096,11:53:03.096,phemex,AEVO/USDT:USDT,0.111,18523.0,0.1109,655.0,0.1112,21752.0,0.1113,5423.0
1753617183129,11:53:03.129,phemex,AEVO/USDT:USDT,0.1111,663.0,0.111,18523.0,0.1112,21752.0,0.1113,5423.0
1753617183174,11:53:03.174,phemex,AEVO/USDT:USDT,0.111,18523.0,0.1109,655.0,0.1112,21752.0,0.1113,5423.0
1753617183189,11:53:03.189,phemex,AEVO/USDT:USDT,0.1111,663.0,0.111,18523.0,0.1112,21752.0,0.1113,5423.0
1753617183247,11:53:03.247,phemex,AEVO/USDT:USDT,0.1111,663.0,0.111,18523.0,0.1112,21752.0,0.1113,5423.0
1753617183848,11:53:03.848,phemex,AEVO/USDT:USDT,0.1111,663.0,0.111,18523.0,0.1112,21752.0,0.1113,5423.0
1753617183939,11:53:03.939,phemex,AEVO/USDT:USDT,0.1111,663.0,0.111,18523.0,0.1112,21752.0,0.1113,5423.0
1753617184502,11:53:04.502,phemex,AEVO/USDT:USDT,0.1111,14136.0,0.1109,655.0,0.1112,21752.0,0.1113,5423.0
1753617184648,11:53:04.648,phemex,AEVO/USDT:USDT,0.1111,14136.0,0.1109,655.0,0.1112,21752.0,0.1113,5423.0
1753617187779,11:53:07.779,phemex,AEVO/USDT:USDT,0.1111,14136.0,0.1109,655.0,0.1112,21752.0,0.1113,18074.0
1753617187783,11:53:07.783,phemex,AEVO/USDT:USDT,0.1111,14136.0,0.1109,655.0,0.1112,21752.0,0.1113,33759.0
1753617188047,11:53:08.047,phemex,AEVO/USDT:USDT,0.1111,14136.0,0.1109,655.0,0.1112,21752.0,0.1113,33759.0
1753617192839,11:53:12.839,phemex,AEVO/USDT:USDT,0.1111,14136.0,0.1109,655.0,0.1112,21752.0,0.1113,33759.0
1753617192847,11:53:12.847,phemex,AEVO/USDT:USDT,0.1111,14136.0,0.1109,655.0,0.1112,21752.0,0.1113,33759.0
1753617192947,11:53:12.947,phemex,AEVO/USDT:USDT,0.1111,14136.0,0.1109,655.0,0.1112,21118.0,0.1113,18074.0
1753617194871,11:53:14.871,phemex,AEVO/USDT:USDT,0.1111,14136.0,0.1109,655.0,0.1113,38493.0,0.1114,48722.0
1753617194878,11:53:14.878,phemex,AEVO/USDT:USDT,0.1112,15563.0,0.1111,663.0,0.1113,10287.0,0.1114,61373.0
1753617194904,11:53:14.904,phemex,AEVO/USDT:USDT,0.1112,15563.0,0.1111,663.0,0.1113,10287.0,0.1114,66162.0
1753617195288,11:53:15.288,phemex,AEVO/USDT:USDT,0.1112,15563.0,0.1111,663.0,0.1113,10287.0,0.1114,66162.0
1753617196230,11:53:16.230,phemex,AEVO/USDT:USDT,0.1112,15563.0,0.1111,663.0,0.1113,10287.0,0.1114,58752.0
1753617196339,11:53:16.339,phemex,AEVO/USDT:USDT,0.1112,15563.0,0.1111,663.0,0.1113,10287.0,0.1114,58752.0
1753617196462,11:53:16.462,phemex,AEVO/USDT:USDT,0.1112,15563.0,0.1111,663.0,0.1113,10287.0,0.1114,58752.0
1753617196495,11:53:16.495,phemex,AEVO/USDT:USDT,0.1112,15563.0,0.111,3077.0,0.1113,10287.0,0.1114,58752.0
1753617196509,11:53:16.509,phemex,AEVO/USDT:USDT,0.1112,15563.0,0.111,3077.0,0.1113,10287.0,0.1114,58752.0
1753617197008,11:53:17.008,phemex,AEVO/USDT:USDT,0.1112,15563.0,0.111,3077.0,0.1113,10287.0,0.1114,43067.0
1753617197032,11:53:17.032,phemex,AEVO/USDT:USDT,0.1112,15563.0,0.111,3077.0,0.1113,10287.0,0.1114,43067.0
1753617197682,11:53:17.682,phemex,AEVO/USDT:USDT,0.1112,15563.0,0.111,3739.0,0.1113,10287.0,0.1114,43067.0
1753617197740,11:53:17.740,phemex,AEVO/USDT:USDT,0.1112,14558.0,0.111,3739.0,0.1113,10287.0,0.1114,43067.0
1753617199249,11:53:19.249,phemex,AEVO/USDT:USDT,0.1112,14558.0,0.111,3739.0,0.1113,9653.0,0.1114,43067.0
1753617199333,11:53:19.333,phemex,AEVO/USDT:USDT,0.1112,14558.0,0.111,3739.0,0.1113,10315.0,0.1114,43067.0
1753617199394,11:53:19.394,phemex,AEVO/USDT:USDT,0.1112,14558.0,0.111,3739.0,0.1113,10315.0,0.1114,43067.0
1753617199438,11:53:19.438,phemex,AEVO/USDT:USDT,0.1112,14558.0,0.111,3739.0,0.1113,10315.0,0.1114,43067.0
1753617200266,11:53:20.266,phemex,AEVO/USDT:USDT,0.1112,14558.0,0.111,3739.0,0.1113,10315.0,0.1114,43067.0
1753617202479,11:53:22.479,phemex,AEVO/USDT:USDT,0.1112,14558.0,0.111,3739.0,0.1113,10315.0,0.1114,43067.0
1753617205802,11:53:25.802,phemex,AEVO/USDT:USDT,0.1112,14323.0,0.111,3739.0,0.1113,10315.0,0.1114,43067.0
1753617207240,11:53:27.240,phemex,AEVO/USDT:USDT,0.1112,14323.0,0.111,3739.0,0.1113,10315.0,0.1114,43067.0
1753617207250,11:53:27.250,phemex,AEVO/USDT:USDT,0.1112,14323.0,0.111,3739.0,0.1113,10315.0,0.1114,43067.0
1753617208971,11:53:28.971,phemex,AEVO/USDT:USDT,0.1112,14323.0,0.111,3739.0,0.1113,10161.0,0.1114,43067.0
1753617209349,11:53:29.349,phemex,AEVO/USDT:USDT,0.1112,14323.0,0.111,3739.0,0.1113,10161.0,0.1114,58752.0
1753617210325,11:53:30.325,phemex,AEVO/USDT:USDT,0.1112,14323.0,0.111,3739.0,0.1113,10161.0,0.1114,58752.0
1753617212257,11:53:32.257,phemex,AEVO/USDT:USDT,0.1112,14323.0,0.111,3739.0,0.1113,9499.0,0.1114,58752.0
1753617212318,11:53:32.318,phemex,AEVO/USDT:USDT,0.1112,14323.0,0.111,3739.0,0.1113,9499.0,0.1114,58752.0
1753617212503,11:53:32.503,phemex,AEVO/USDT:USDT,0.1112,14323.0,0.1111,5664.0,0.1114,13364.0,0.1115,8040.0
1753617212516,11:53:32.516,phemex,AEVO/USDT:USDT,0.1113,18252.0,0.1112,662.0,0.1114,8575.0,0.1115,41165.0
1753617212543,11:53:32.543,phemex,AEVO/USDT:USDT,0.1113,18252.0,0.1112,662.0,0.1114,8575.0,0.1115,41165.0
1753617212596,11:53:32.596,phemex,AEVO/USDT:USDT,0.1113,18252.0,0.1112,662.0,0.1114,8575.0,0.1115,41165.0
1753617213215,11:53:33.215,phemex,AEVO/USDT:USDT,0.1113,18252.0,0.1112,662.0,0.1114,8575.0,0.1115,41165.0
1753617215984,11:53:35.984,phemex,AEVO/USDT:USDT,0.1113,18252.0,0.1112,662.0,0.1114,8575.0,0.1115,41165.0
1753617218136,11:53:38.136,phemex,AEVO/USDT:USDT,0.1113,18112.0,0.1112,662.0,0.1114,8575.0,0.1115,41165.0
1753617218992,11:53:38.992,phemex,AEVO/USDT:USDT,0.1113,18112.0,0.1112,662.0,0.1114,8575.0,0.1115,41165.0
1753617221376,11:53:41.376,phemex,AEVO/USDT:USDT,0.1113,18112.0,0.1112,662.0,0.1114,8575.0,0.1115,41165.0
1753617221382,11:53:41.382,phemex,AEVO/USDT:USDT,0.1113,18112.0,0.1112,662.0,0.1114,8575.0,0.1115,41165.0
1753617222664,11:53:42.664,phemex,AEVO/USDT:USDT,0.1113,18063.0,0.1112,662.0,0.1114,8575.0,0.1115,41165.0
1753617223761,11:53:43.761,phemex,AEVO/USDT:USDT,0.1113,18063.0,0.1112,662.0,0.1114,8575.0,0.1115,25480.0
1753617223763,11:53:43.763,phemex,AEVO/USDT:USDT,0.1113,18063.0,0.1112,662.0,0.1114,8575.0,0.1115,25480.0
1753617224573,11:53:44.573,phemex,AEVO/USDT:USDT,0.1113,18063.0,0.1112,662.0,0.1114,8575.0,0.1115,25480.0
1753617224618,11:53:44.618,phemex,AEVO/USDT:USDT,0.1113,18063.0,0.1112,662.0,0.1114,8575.0,0.1115,25480.0
1753617224767,11:53:44.767,phemex,AEVO/USDT:USDT,0.1113,18063.0,0.1112,662.0,0.1114,8575.0,0.1115,22281.0
1753617224773,11:53:44.773,phemex,AEVO/USDT:USDT,0.1113,18063.0,0.1112,662.0,0.1114,8575.0,0.1115,22281.0
1753617230735,11:53:50.735,phemex,AEVO/USDT:USDT,0.1113,18063.0,0.1112,662.0,0.1114,8575.0,0.1115,22281.0
1753617230908,11:53:50.908,phemex,AEVO/USDT:USDT,0.1113,18063.0,0.1112,662.0,0.1114,8575.0,0.1115,41165.0
1753617231805,11:53:51.805,phemex,AEVO/USDT:USDT,0.1113,18063.0,0.1112,662.0,0.1114,8575.0,0.1115,41165.0
1753617231836,11:53:51.836,phemex,AEVO/USDT:USDT,0.1113,17943.0,0.1112,662.0,0.1114,8575.0,0.1115,41165.0
1753617231950,11:53:51.950,phemex,AEVO/USDT:USDT,0.1113,17943.0,0.1112,662.0,0.1114,8575.0,0.1115,41165.0
1753617231976,11:53:51.976,phemex,AEVO/USDT:USDT,0.1113,17943.0,0.1112,662.0,0.1114,8575.0,0.1115,41165.0
1753617231976,11:53:51.976,phemex,AEVO/USDT:USDT,0.1113,17943.0,0.1112,662.0,0.1114,8575.0,0.1115,41165.0
1753617233769,11:53:53.769,phemex,AEVO/USDT:USDT,0.1113,17279.0,0.1112,662.0,0.1114,8575.0,0.1115,41165.0
1753617239478,11:53:59.478,phemex,AEVO/USDT:USDT,0.1113,17075.0,0.1112,662.0,0.1114,8575.0,0.1115,41165.0
1753617240930,11:54:00.930,phemex,AEVO/USDT:USDT,0.1113,16851.0,0.1112,662.0,0.1114,8575.0,0.1115,41165.0
1753617241617,11:54:01.617,phemex,AEVO/USDT:USDT,0.1112,15752.0,0.1111,5664.0,0.1114,17327.0,0.1115,37966.0
1753617241637,11:54:01.637,phemex,AEVO/USDT:USDT,0.1112,15752.0,0.1111,5664.0,0.1113,10027.0,0.1114,14405.0
1753617241656,11:54:01.656,phemex,AEVO/USDT:USDT,0.1112,15752.0,0.1111,5664.0,0.1113,10027.0,0.1114,44331.0
1753617241738,11:54:01.738,phemex,AEVO/USDT:USDT,0.1112,15752.0,0.1111,5664.0,0.1113,10027.0,0.1114,44331.0
1753617245682,11:54:05.682,phemex,AEVO/USDT:USDT,0.1112,15752.0,0.1111,5664.0,0.1113,10027.0,0.1114,44331.0
1753617245694,11:54:05.694,phemex,AEVO/USDT:USDT,0.1112,15752.0,0.1111,664.0,0.1113,10027.0,0.1114,44331.0
1753617246204,11:54:06.204,phemex,AEVO/USDT:USDT,0.1112,15090.0,0.1111,664.0,0.1113,10027.0,0.1114,44331.0
1753617246536,11:54:06.536,phemex,AEVO/USDT:USDT,0.1112,15752.0,0.1111,664.0,0.1113,10027.0,0.1114,44331.0
1753617246625,11:54:06.625,phemex,AEVO/USDT:USDT,0.1112,15752.0,0.1111,664.0,0.1113,20030.0,0.1114,35579.0
1753617246642,11:54:06.642,phemex,AEVO/USDT:USDT,0.1112,15752.0,0.1111,664.0,0.1113,20030.0,0.1114,35579.0
1753617246795,11:54:06.795,phemex,AEVO/USDT:USDT,0.1112,15752.0,0.1111,664.0,0.1113,20030.0,0.1114,35579.0
1753617247950,11:54:07.950,phemex,AEVO/USDT:USDT,0.1112,15090.0,0.1111,664.0,0.1113,20030.0,0.1114,35579.0
1753617247961,11:54:07.961,phemex,AEVO/USDT:USDT,0.1112,15090.0,0.1111,664.0,0.1113,20030.0,0.1114,19894.0
1753617247964,11:54:07.964,phemex,AEVO/USDT:USDT,0.1112,15090.0,0.1111,664.0,0.1113,20030.0,0.1114,19894.0
1753617248003,11:54:08.003,phemex,AEVO/USDT:USDT,0.1112,15090.0,0.1111,664.0,0.1113,20030.0,0.1114,19894.0
1753617248024,11:54:08.024,phemex,AEVO/USDT:USDT,0.1112,15090.0,0.1111,664.0,0.1113,20030.0,0.1114,19894.0
1753617251483,11:54:11.483,phemex,AEVO/USDT:USDT,0.1112,14268.0,0.1111,664.0,0.1113,20030.0,0.1114,19894.0
1753617254020,11:54:14.020,phemex,AEVO/USDT:USDT,0.1112,14018.0,0.1111,664.0,0.1113,20030.0,0.1114,19894.0
1753617254345,11:54:14.345,phemex,AEVO/USDT:USDT,0.1112,14018.0,0.1111,664.0,0.1113,20030.0,0.1114,35579.0
1753617255228,11:54:15.228,phemex,AEVO/USDT:USDT,0.1112,14658.0,0.1111,664.0,0.1113,20030.0,0.1114,35579.0
1753617256037,11:54:16.037,phemex,AEVO/USDT:USDT,0.1112,14617.0,0.1111,664.0,0.1113,20030.0,0.1114,35579.0
1753617256945,11:54:16.945,phemex,AEVO/USDT:USDT,0.1112,13977.0,0.1111,664.0,0.1113,20030.0,0.1114,35579.0
1753617262992,11:54:22.992,phemex,AEVO/USDT:USDT,0.1112,13977.0,0.1111,664.0,0.1113,20030.0,0.1114,35579.0
1753617263150,11:54:23.150,phemex,AEVO/USDT:USDT,0.1112,13957.0,0.1111,664.0,0.1113,20030.0,0.1114,35579.0
1753617265193,11:54:25.193,phemex,AEVO/USDT:USDT,0.1112,13957.0,0.1111,664.0,0.1113,20030.0,0.1114,35579.0
1753617265238,11:54:25.238,phemex,AEVO/USDT:USDT,0.1112,13957.0,0.1111,664.0,0.1113,20030.0,0.1114,35579.0
1753617266335,11:54:26.335,phemex,AEVO/USDT:USDT,0.1112,13957.0,0.1111,664.0,0.1113,20030.0,0.1114,35579.0
1753617266340,11:54:26.340,phemex,AEVO/USDT:USDT,0.1112,13957.0,0.1111,664.0,0.1113,20030.0,0.1114,35579.0
1753617269339,11:54:29.339,phemex,AEVO/USDT:USDT,0.1112,13957.0,0.1111,664.0,0.1113,20030.0,0.1114,35579.0
1753617270006,11:54:30.006,phemex,AEVO/USDT:USDT,0.1111,20075.0,0.111,3739.0,0.1113,20030.0,0.1114,35579.0
1753617270017,11:54:30.017,phemex,AEVO/USDT:USDT,0.1111,20075.0,0.111,3739.0,0.1113,25025.0,0.1114,14900.0
1753617270056,11:54:30.056,phemex,AEVO/USDT:USDT,0.1111,20075.0,0.111,3739.0,0.1112,17737.0,0.1113,5657.0
1753617270082,11:54:30.082,phemex,AEVO/USDT:USDT,0.1111,20075.0,0.111,3739.0,0.1112,17737.0,0.1113,5657.0
1753617270260,11:54:30.260,phemex,AEVO/USDT:USDT,0.1111,20075.0,0.111,3739.0,0.1112,17737.0,0.1113,5657.0
1753617273826,11:54:33.826,phemex,AEVO/USDT:USDT,0.1111,20075.0,0.111,3739.0,0.1112,17737.0,0.1113,5657.0
1753617273832,11:54:33.832,phemex,AEVO/USDT:USDT,0.1111,20075.0,0.111,3739.0,0.1112,17737.0,0.1113,5657.0
1753617273937,11:54:33.937,phemex,AEVO/USDT:USDT,0.1111,20075.0,0.111,3739.0,0.1112,17737.0,0.1113,5657.0
1753617274046,11:54:34.046,phemex,AEVO/USDT:USDT,0.1111,20075.0,0.111,3739.0,0.1112,17737.0,0.1113,5657.0
1753617282076,11:54:42.076,phemex,AEVO/USDT:USDT,0.1111,20075.0,0.111,3739.0,0.1112,17737.0,0.1113,5657.0
1753617282119,11:54:42.119,phemex,AEVO/USDT:USDT,0.1111,20075.0,0.111,3739.0,0.1112,17737.0,0.1113,5657.0
1753617283153,11:54:43.153,phemex,AEVO/USDT:USDT,0.1111,20075.0,0.111,3739.0,0.1112,17737.0,0.1113,5657.0
1753617283191,11:54:43.191,phemex,AEVO/USDT:USDT,0.1111,20075.0,0.111,3739.0,0.1112,17737.0,0.1113,5657.0
1753617287334,11:54:47.334,phemex,AEVO/USDT:USDT,0.1111,20075.0,0.111,3739.0,0.1112,17737.0,0.1113,5657.0
1753617287349,11:54:47.349,phemex,AEVO/USDT:USDT,0.1111,20075.0,0.111,3739.0,0.1112,17737.0,0.1113,19898.0
1753617287376,11:54:47.376,phemex,AEVO/USDT:USDT,0.1111,20075.0,0.111,3739.0,0.1112,17737.0,0.1113,19898.0
1753617287376,11:54:47.376,phemex,AEVO/USDT:USDT,0.1111,20075.0,0.111,3739.0,0.1112,17737.0,0.1113,19898.0
1753617293365,11:54:53.365,phemex,AEVO/USDT:USDT,0.1111,20075.0,0.111,3739.0,0.1113,7247.0,0.1114,17392.0
1753617293384,11:54:53.384,phemex,AEVO/USDT:USDT,0.1112,18399.0,0.1111,20075.0,0.1113,662.0,0.1114,17392.0
1753617293404,11:54:53.404,phemex,AEVO/USDT:USDT,0.1112,33006.0,0.1111,664.0,0.1113,662.0,0.1114,17392.0
1753617293428,11:54:53.428,phemex,AEVO/USDT:USDT,0.1112,33006.0,0.1111,664.0,0.1113,662.0,0.1114,17392.0
1753617293484,11:54:53.484,phemex,AEVO/USDT:USDT,0.1112,33006.0,0.1111,664.0,0.1113,662.0,0.1114,17392.0
1753617293519,11:54:53.519,phemex,AEVO/USDT:USDT,0.1112,33006.0,0.1111,664.0,0.1113,662.0,0.1114,17392.0
1753617293756,11:54:53.756,phemex,AEVO/USDT:USDT,0.1112,33006.0,0.1111,664.0,0.1113,662.0,0.1114,17392.0
1753617293763,11:54:53.763,phemex,AEVO/USDT:USDT,0.1112,33006.0,0.1111,664.0,0.1113,662.0,0.1114,17392.0
1753617295028,11:54:55.028,phemex,AEVO/USDT:USDT,0.1112,33006.0,0.1111,664.0,0.1113,662.0,0.1114,17392.0
1753617297059,11:54:57.059,phemex,AEVO/USDT:USDT,0.1112,33006.0,0.1111,664.0,0.1113,662.0,0.1114,17392.0
1753617297314,11:54:57.314,phemex,AEVO/USDT:USDT,0.1112,33006.0,0.1111,664.0,0.1113,662.0,0.1114,17392.0
1753617298408,11:54:58.408,phemex,AEVO/USDT:USDT,0.1112,33006.0,0.1111,664.0,0.1113,14979.0,0.1114,659.0
1753617298874,11:54:58.874,phemex,AEVO/USDT:USDT,0.1112,33006.0,0.1111,664.0,0.1113,14979.0,0.1114,659.0
1753617298878,11:54:58.878,phemex,AEVO/USDT:USDT,0.1112,33006.0,0.1111,664.0,0.1113,14979.0,0.1114,18099.0
1753617301868,11:55:01.868,phemex,AEVO/USDT:USDT,0.1112,33006.0,0.1111,664.0,0.1113,14979.0,0.1114,18099.0
1753617303445,11:55:03.445,phemex,AEVO/USDT:USDT,0.1112,14607.0,0.1111,664.0,0.1113,14979.0,0.1114,18099.0
1753617303590,11:55:03.590,phemex,AEVO/USDT:USDT,0.1111,16596.0,0.111,3739.0,0.1113,14979.0,0.1114,18099.0
1753617303613,11:55:03.613,phemex,AEVO/USDT:USDT,0.1111,16596.0,0.111,3739.0,0.1112,9295.0,0.1113,12250.0
1753617303618,11:55:03.618,phemex,AEVO/USDT:USDT,0.1111,16596.0,0.111,3739.0,0.1112,20417.0,0.1113,5657.0
1753617303621,11:55:03.621,phemex,AEVO/USDT:USDT,0.1111,16596.0,0.111,3739.0,0.1112,20417.0,0.1113,5657.0
1753617304006,11:55:04.006,phemex,AEVO/USDT:USDT,0.1111,16596.0,0.111,3739.0,0.1112,20417.0,0.1113,5657.0
1753617304014,11:55:04.014,phemex,AEVO/USDT:USDT,0.1111,16596.0,0.111,3739.0,0.1112,20417.0,0.1113,7247.0
1753617304792,11:55:04.792,phemex,AEVO/USDT:USDT,0.1111,16596.0,0.111,3739.0,0.1112,5417.0,0.1113,7247.0
1753617306668,11:55:06.668,phemex,AEVO/USDT:USDT,0.1111,16596.0,0.111,3739.0,0.1112,5417.0,0.1113,7247.0
1753617308335,11:55:08.335,phemex,AEVO/USDT:USDT,0.1111,16596.0,0.111,3739.0,0.1112,5417.0,0.1113,5657.0
1753617308343,11:55:08.343,phemex,AEVO/USDT:USDT,0.1111,16596.0,0.111,3739.0,0.1112,5417.0,0.1113,5657.0
1753617309025,11:55:09.025,phemex,AEVO/USDT:USDT,0.1111,16596.0,0.111,3739.0,0.1112,4769.0,0.1113,5657.0
1753617309283,11:55:09.283,phemex,AEVO/USDT:USDT,0.1111,16596.0,0.111,3739.0,0.1112,5417.0,0.1113,5657.0
1753617309761,11:55:09.761,phemex,AEVO/USDT:USDT,0.1111,16596.0,0.111,3739.0,0.1112,5417.0,0.1113,7247.0
1753617310458,11:55:10.458,phemex,AEVO/USDT:USDT,0.1111,16596.0,0.111,3739.0,0.1112,4769.0,0.1113,7247.0
1753617310671,11:55:10.671,phemex,AEVO/USDT:USDT,0.1111,16596.0,0.111,3739.0,0.1113,25315.0,0.1114,13310.0
1753617310682,11:55:10.682,phemex,AEVO/USDT:USDT,0.1112,653.0,0.1111,16596.0,0.1113,18730.0,0.1114,659.0
1753617310703,11:55:10.703,phemex,AEVO/USDT:USDT,0.1112,21800.0,0.1111,664.0,0.1113,18730.0,0.1114,2249.0
1753617311459,11:55:11.459,phemex,AEVO/USDT:USDT,0.1112,21800.0,0.1111,664.0,0.1113,18730.0,0.1114,2249.0
1753617311467,11:55:11.467,phemex,AEVO/USDT:USDT,0.1112,21800.0,0.1111,664.0,0.1113,18730.0,0.1114,2249.0
1753617313109,11:55:13.109,phemex,AEVO/USDT:USDT,0.1111,16235.0,0.111,3739.0,0.1113,20526.0,0.1114,2249.0
1753617313124,11:55:13.124,phemex,AEVO/USDT:USDT,0.1111,16235.0,0.111,662.0,0.1112,21800.0,0.1113,20526.0
1753617313212,11:55:13.212,phemex,AEVO/USDT:USDT,0.1111,16235.0,0.111,662.0,0.1112,21800.0,0.1113,20526.0
1753617316260,11:55:16.260,phemex,AEVO/USDT:USDT,0.1111,16235.0,0.111,662.0,0.1112,21800.0,0.1113,20526.0
1753617316267,11:55:16.267,phemex,AEVO/USDT:USDT,0.1111,16235.0,0.111,662.0,0.1112,21800.0,0.1113,20526.0
1753617316380,11:55:16.380,phemex,AEVO/USDT:USDT,0.1111,16235.0,0.111,662.0,0.1112,40266.0,0.1113,2458.0
1753617317336,11:55:17.336,phemex,AEVO/USDT:USDT,0.1111,16235.0,0.111,662.0,0.1112,40266.0,0.1113,2458.0
1753617317359,11:55:17.359,phemex,AEVO/USDT:USDT,0.1111,16235.0,0.111,662.0,0.1112,40266.0,0.1113,19898.0
1753617319856,11:55:19.856,phemex,AEVO/USDT:USDT,0.1111,16235.0,0.111,662.0,0.1112,40266.0,0.1113,19898.0
1753617320397,11:55:20.397,phemex,AEVO/USDT:USDT,0.1111,16235.0,0.111,662.0,0.1112,40266.0,0.1113,19898.0
1753617320746,11:55:20.746,phemex,AEVO/USDT:USDT,0.1111,15571.0,0.111,662.0,0.1112,40266.0,0.1113,19898.0
1753617320801,11:55:20.801,phemex,AEVO/USDT:USDT,0.111,16496.0,0.1109,5977.0,0.1112,40266.0,0.1113,2458.0
1753617320874,11:55:20.874,phemex,AEVO/USDT:USDT,0.111,16496.0,0.1109,5977.0,0.1112,43465.0,0.1113,2458.0
1753617321069,11:55:21.069,phemex,AEVO/USDT:USDT,0.111,16496.0,0.1109,5977.0,0.1112,43465.0,0.1113,2458.0
1753617321386,11:55:21.386,phemex,AEVO/USDT:USDT,0.111,16496.0,0.1109,5977.0,0.1111,16074.0,0.1112,3199.0
1753617321400,11:55:21.400,phemex,AEVO/USDT:USDT,0.111,16496.0,0.1109,5977.0,0.1111,16074.0,0.1112,3835.0
1753617321440,11:55:21.440,phemex,AEVO/USDT:USDT,0.111,16496.0,0.1109,5977.0,0.1111,16710.0,0.1112,3835.0
1753617321605,11:55:21.605,phemex,AEVO/USDT:USDT,0.111,16496.0,0.1109,5977.0,0.1111,16710.0,0.1112,3835.0
1753617321804,11:55:21.804,phemex,AEVO/USDT:USDT,0.111,16496.0,0.1109,5977.0,0.1111,16710.0,0.1112,3835.0
1753617321812,11:55:21.812,phemex,AEVO/USDT:USDT,0.111,16496.0,0.1109,5977.0,0.1111,16710.0,0.1112,3835.0
1753617323486,11:55:23.486,phemex,AEVO/USDT:USDT,0.111,16496.0,0.1109,5977.0,0.1111,9207.0,0.1112,3835.0
1753617323639,11:55:23.639,phemex,AEVO/USDT:USDT,0.111,16496.0,0.1109,5977.0,0.1111,8571.0,0.1112,3835.0
1753617324071,11:55:24.071,phemex,AEVO/USDT:USDT,0.111,16496.0,0.1109,5977.0,0.1111,8571.0,0.1112,3835.0
1753617324341,11:55:24.341,phemex,AEVO/USDT:USDT,0.111,16496.0,0.1109,5977.0,0.1112,19105.0,0.1113,12458.0
1753617324356,11:55:24.356,phemex,AEVO/USDT:USDT,0.111,16496.0,0.1109,5977.0,0.1112,19105.0,0.1113,5657.0
1753617324403,11:55:24.403,phemex,AEVO/USDT:USDT,0.1111,636.0,0.111,16496.0,0.1112,19105.0,0.1113,5657.0
1753617324476,11:55:24.476,phemex,AEVO/USDT:USDT,0.1111,636.0,0.111,16496.0,0.1112,19105.0,0.1113,5657.0
1753617325804,11:55:25.804,phemex,AEVO/USDT:USDT,0.1111,636.0,0.111,16496.0,0.1112,19105.0,0.1113,5657.0
1753617326693,11:55:26.693,phemex,AEVO/USDT:USDT,0.111,18612.0,0.1109,5977.0,0.1112,20903.0,0.1113,662.0
1753617326862,11:55:26.862,phemex,AEVO/USDT:USDT,0.111,18612.0,0.1109,5977.0,0.1112,20903.0,0.1113,662.0
1753617326941,11:55:26.941,phemex,AEVO/USDT:USDT,0.111,18612.0,0.1109,5977.0,0.1112,20903.0,0.1113,3861.0
1753617329572,11:55:29.572,phemex,AEVO/USDT:USDT,0.111,18612.0,0.1109,5977.0,0.1111,16652.0,0.1112,2434.0
1753617330918,11:55:30.918,phemex,AEVO/USDT:USDT,0.111,18612.0,0.1109,5977.0,0.1111,16652.0,0.1112,2434.0
1753617330965,11:55:30.965,phemex,AEVO/USDT:USDT,0.111,18612.0,0.1109,5977.0,0.1111,16652.0,0.1112,2434.0
1753617331743,11:55:31.743,phemex,AEVO/USDT:USDT,0.111,18612.0,0.1109,24834.0,0.1111,16652.0,0.1112,5633.0
1753617332235,11:55:32.235,phemex,AEVO/USDT:USDT,0.111,18612.0,0.1109,24834.0,0.1111,14507.0,0.1112,5633.0
1753617332806,11:55:32.806,phemex,AEVO/USDT:USDT,0.111,18612.0,0.1109,24834.0,0.1111,14507.0,0.1112,5633.0
1753617333168,11:55:33.168,phemex,AEVO/USDT:USDT,0.111,18612.0,0.1109,24834.0,0.1111,15146.0,0.1112,5633.0
1753617333288,11:55:33.288,phemex,AEVO/USDT:USDT,0.111,18612.0,0.1109,24834.0,0.1111,15146.0,0.1112,5633.0
1753617335515,11:55:35.515,phemex,AEVO/USDT:USDT,0.111,18612.0,0.1109,12292.0,0.1111,15146.0,0.1112,5633.0
1753617340404,11:55:40.404,phemex,AEVO/USDT:USDT,0.111,18612.0,0.1109,5977.0,0.1111,15146.0,0.1112,5633.0
1753617342116,11:55:42.116,phemex,AEVO/USDT:USDT,0.111,18612.0,0.1109,5977.0,0.1111,15146.0,0.1112,5633.0
1753617345846,11:55:45.846,phemex,AEVO/USDT:USDT,0.111,18612.0,0.1109,5977.0,0.1111,14871.0,0.1112,5633.0
1753617347339,11:55:47.339,phemex,AEVO/USDT:USDT,0.111,18612.0,0.1109,5977.0,0.1111,14871.0,0.1112,5633.0
1753617347363,11:55:47.363,phemex,AEVO/USDT:USDT,0.111,18612.0,0.1109,5977.0,0.1111,14871.0,0.1112,5633.0
1753617347435,11:55:47.435,phemex,AEVO/USDT:USDT,0.111,18612.0,0.1109,5977.0,0.1111,14232.0,0.1112,5633.0
1753617347691,11:55:47.691,phemex,AEVO/USDT:USDT,0.111,18612.0,0.1109,5977.0,0.1112,20685.0,0.1113,662.0
1753617347827,11:55:47.827,phemex,AEVO/USDT:USDT,0.1111,15122.0,0.111,662.0,0.1112,15688.0,0.1113,3861.0
1753617352801,11:55:52.801,phemex,AEVO/USDT:USDT,0.1111,15122.0,0.111,662.0,0.1112,15688.0,0.1113,3861.0
1753617352815,11:55:52.815,phemex,AEVO/USDT:USDT,0.1111,15122.0,0.111,662.0,0.1112,15688.0,0.1113,5451.0
1753617352815,11:55:52.815,phemex,AEVO/USDT:USDT,0.1111,15122.0,0.111,662.0,0.1112,15688.0,0.1113,5451.0
1753617356615,11:55:56.615,phemex,AEVO/USDT:USDT,0.1111,14488.0,0.111,662.0,0.1112,15688.0,0.1113,5451.0
1753617356750,11:55:56.750,phemex,AEVO/USDT:USDT,0.111,14594.0,0.1109,12292.0,0.1112,15688.0,0.1113,5451.0
1753617356768,11:55:56.768,phemex,AEVO/USDT:USDT,0.111,14594.0,0.1109,5977.0,0.1112,15688.0,0.1113,3861.0
1753617356787,11:55:56.787,phemex,AEVO/USDT:USDT,0.111,14594.0,0.1109,5977.0,0.1111,661.0,0.1112,15688.0
1753617356814,11:55:56.814,phemex,AEVO/USDT:USDT,0.111,14594.0,0.1109,5977.0,0.1112,15688.0,0.1113,3861.0
1753617356837,11:55:56.837,phemex,AEVO/USDT:USDT,0.111,14594.0,0.1109,5977.0,0.1111,661.0,0.1112,15688.0
1753617356846,11:55:56.846,phemex,AEVO/USDT:USDT,0.111,14594.0,0.1109,5977.0,0.1112,15688.0,0.1113,3861.0
1753617356942,11:55:56.942,phemex,AEVO/USDT:USDT,0.111,14594.0,0.1109,5977.0,0.1111,661.0,0.1112,15688.0
1753617357514,11:55:57.514,phemex,AEVO/USDT:USDT,0.111,14594.0,0.1109,5977.0,0.1111,661.0,0.1112,17486.0
1753617357575,11:55:57.575,phemex,AEVO/USDT:USDT,0.111,14594.0,0.1109,5977.0,0.1112,17486.0,0.1113,3861.0
1753617357612,11:55:57.612,phemex,AEVO/USDT:USDT,0.111,14594.0,0.1109,5977.0,0.1111,661.0,0.1112,17486.0
1753617357635,11:55:57.635,phemex,AEVO/USDT:USDT,0.111,14594.0,0.1109,5977.0,0.1112,17486.0,0.1113,3861.0
1753617357672,11:55:57.672,phemex,AEVO/USDT:USDT,0.111,14594.0,0.1109,5977.0,0.1111,661.0,0.1112,17486.0
1753617357713,11:55:57.713,phemex,AEVO/USDT:USDT,0.111,14594.0,0.1109,5977.0,0.1112,17486.0,0.1113,3861.0
1753617357757,11:55:57.757,phemex,AEVO/USDT:USDT,0.111,14594.0,0.1109,5977.0,0.1111,661.0,0.1112,17486.0
1753617357773,11:55:57.773,phemex,AEVO/USDT:USDT,0.111,14594.0,0.1109,5977.0,0.1112,17486.0,0.1113,3861.0
1753617357795,11:55:57.795,phemex,AEVO/USDT:USDT,0.111,14594.0,0.1109,5977.0,0.1111,661.0,0.1112,17486.0
1753617357835,11:55:57.835,phemex,AEVO/USDT:USDT,0.111,14594.0,0.1109,5977.0,0.1112,17486.0,0.1113,3861.0
1753617357938,11:55:57.938,phemex,AEVO/USDT:USDT,0.111,14594.0,0.1109,5977.0,0.1111,661.0,0.1112,17486.0
1753617357955,11:55:57.955,phemex,AEVO/USDT:USDT,0.111,14594.0,0.1109,5977.0,0.1112,17486.0,0.1113,3861.0
1753617358190,11:55:58.190,phemex,AEVO/USDT:USDT,0.111,14594.0,0.1109,5977.0,0.1111,661.0,0.1112,17486.0
1753617358216,11:55:58.216,phemex,AEVO/USDT:USDT,0.111,14594.0,0.1109,5977.0,0.1112,17486.0,0.1113,3861.0
1753617358273,11:55:58.273,phemex,AEVO/USDT:USDT,0.111,14594.0,0.1109,5977.0,0.1111,661.0,0.1112,17486.0
1753617358436,11:55:58.436,phemex,AEVO/USDT:USDT,0.111,14594.0,0.1109,5977.0,0.1112,17486.0,0.1113,3861.0
1753617358479,11:55:58.479,phemex,AEVO/USDT:USDT,0.111,14594.0,0.1109,5977.0,0.1111,661.0,0.1112,17486.0
1753617358579,11:55:58.579,phemex,AEVO/USDT:USDT,0.111,14594.0,0.1109,5977.0,0.1112,17486.0,0.1113,3861.0
1753617358598,11:55:58.598,phemex,AEVO/USDT:USDT,0.111,14594.0,0.1109,5977.0,0.1111,661.0,0.1112,17486.0
1753617358796,11:55:58.796,phemex,AEVO/USDT:USDT,0.111,14594.0,0.1109,5977.0,0.1112,17486.0,0.1113,3861.0
1753617358820,11:55:58.820,phemex,AEVO/USDT:USDT,0.111,14594.0,0.1109,5977.0,0.1111,661.0,0.1112,17486.0
1753617359062,11:55:59.062,phemex,AEVO/USDT:USDT,0.111,14594.0,0.1109,5977.0,0.1111,661.0,0.1112,17486.0
1753617359124,11:55:59.124,phemex,AEVO/USDT:USDT,0.111,14594.0,0.1109,5977.0,0.1111,661.0,0.1112,17486.0
1753617360392,11:56:00.392,phemex,AEVO/USDT:USDT,0.111,14594.0,0.1109,5977.0,0.1112,17486.0,0.1113,662.0
1753617360412,11:56:00.412,phemex,AEVO/USDT:USDT,0.1111,650.0,0.111,14594.0,0.1112,15688.0,0.1113,662.0
1753617360660,11:56:00.660,phemex,AEVO/USDT:USDT,0.1111,650.0,0.111,14594.0,0.1112,15688.0,0.1113,10662.0
1753617360674,11:56:00.674,phemex,AEVO/USDT:USDT,0.1111,650.0,0.111,14594.0,0.1112,15688.0,0.1113,10662.0
1753617360789,11:56:00.789,phemex,AEVO/USDT:USDT,0.111,14594.0,0.1109,5977.0,0.1112,15688.0,0.1113,10662.0
1753617360838,11:56:00.838,phemex,AEVO/USDT:USDT,0.1111,650.0,0.111,14594.0,0.1112,15688.0,0.1113,10662.0
1753617361969,11:56:01.969,phemex,AEVO/USDT:USDT,0.1111,18011.0,0.111,662.0,0.1112,15688.0,0.1113,10662.0
1753617362263,11:56:02.263,phemex,AEVO/USDT:USDT,0.1111,18011.0,0.111,662.0,0.1112,15688.0,0.1113,10662.0
1753617362277,11:56:02.277,phemex,AEVO/USDT:USDT,0.1111,18011.0,0.111,662.0,0.1112,15688.0,0.1113,10662.0
1753617363158,11:56:03.158,phemex,AEVO/USDT:USDT,0.1111,18011.0,0.111,662.0,0.1112,15688.0,0.1113,10662.0
1753617363162,11:56:03.162,phemex,AEVO/USDT:USDT,0.1111,18011.0,0.111,662.0,0.1112,15688.0,0.1113,13861.0
1753617363293,11:56:03.293,phemex,AEVO/USDT:USDT,0.1111,18011.0,0.111,662.0,0.1112,15688.0,0.1113,3861.0
1753617367061,11:56:07.061,phemex,AEVO/USDT:USDT,0.1111,18011.0,0.111,662.0,0.1112,15688.0,0.1113,3861.0
1753617367068,11:56:07.068,phemex,AEVO/USDT:USDT,0.1111,18011.0,0.111,662.0,0.1112,15688.0,0.1113,3861.0
1753617368296,11:56:08.296,phemex,AEVO/USDT:USDT,0.1111,18011.0,0.111,662.0,0.1112,15688.0,0.1113,3861.0
1753617368304,11:56:08.304,phemex,AEVO/USDT:USDT,0.1111,18011.0,0.111,662.0,0.1112,15688.0,0.1113,3861.0
1753617371868,11:56:11.868,phemex,AEVO/USDT:USDT,0.1111,18011.0,0.111,662.0,0.1112,15688.0,0.1113,3861.0
1753617374344,11:56:14.344,phemex,AEVO/USDT:USDT,0.1111,18011.0,0.111,662.0,0.1112,15688.0,0.1113,5451.0
1753617380340,11:56:20.340,phemex,AEVO/USDT:USDT,0.1111,18011.0,0.111,6977.0,0.1112,15688.0,0.1113,5451.0
1753617388801,11:56:28.801,phemex,AEVO/USDT:USDT,0.1111,18011.0,0.111,6977.0,0.1112,15688.0,0.1113,5451.0
1753617388810,11:56:28.810,phemex,AEVO/USDT:USDT,0.1111,18011.0,0.111,6977.0,0.1112,15688.0,0.1113,5451.0
1753617390438,11:56:30.438,phemex,AEVO/USDT:USDT,0.1111,17361.0,0.111,6977.0,0.1112,15688.0,0.1113,5451.0
1753617390669,11:56:30.669,phemex,AEVO/USDT:USDT,0.1111,15921.0,0.111,6977.0,0.1112,15688.0,0.1113,5451.0
1753617392261,11:56:32.261,phemex,AEVO/USDT:USDT,0.1111,15921.0,0.111,6977.0,0.1112,15688.0,0.1113,5451.0
1753617392270,11:56:32.270,phemex,AEVO/USDT:USDT,0.1111,15921.0,0.111,6977.0,0.1112,15688.0,0.1113,5451.0
1753617393765,11:56:33.765,phemex,AEVO/USDT:USDT,0.111,12766.0,0.1109,5977.0,0.1111,14854.0,0.1112,5633.0
1753617393766,11:56:33.766,phemex,AEVO/USDT:USDT,0.111,12766.0,0.1109,12292.0,0.1111,14854.0,0.1112,5633.0
1753617393775,11:56:33.775,phemex,AEVO/USDT:USDT,0.111,12766.0,0.1109,12292.0,0.1111,14854.0,0.1112,5633.0
1753617394178,11:56:34.178,phemex,AEVO/USDT:USDT,0.111,12766.0,0.1109,12292.0,0.1111,15501.0,0.1112,5633.0
1753617397062,11:56:37.062,phemex,AEVO/USDT:USDT,0.111,12766.0,0.1109,12292.0,0.1111,15501.0,0.1112,5633.0
1753617397070,11:56:37.070,phemex,AEVO/USDT:USDT,0.111,12766.0,0.1109,12292.0,0.1111,15501.0,0.1112,5633.0
1753617399199,11:56:39.199,phemex,AEVO/USDT:USDT,0.111,12766.0,0.1109,12292.0,0.1111,14926.0,0.1112,5633.0
1753617400631,11:56:40.631,phemex,AEVO/USDT:USDT,0.111,12766.0,0.1109,12292.0,0.1111,14279.0,0.1112,5633.0
1753617400882,11:56:40.882,phemex,AEVO/USDT:USDT,0.111,12766.0,0.1109,12292.0,0.1111,14927.0,0.1112,5633.0
1753617401340,11:56:41.340,phemex,AEVO/USDT:USDT,0.111,12766.0,0.1109,24834.0,0.1111,14927.0,0.1112,5633.0
1753617402047,11:56:42.047,phemex,AEVO/USDT:USDT,0.111,12766.0,0.1109,24834.0,0.1111,14279.0,0.1112,5633.0
1753617402648,11:56:42.648,phemex,AEVO/USDT:USDT,0.111,12766.0,0.1109,24834.0,0.1111,14927.0,0.1112,5633.0
1753617406223,11:56:46.223,phemex,AEVO/USDT:USDT,0.111,12766.0,0.1109,24834.0,0.1111,14742.0,0.1112,5633.0
1753617407341,11:56:47.341,phemex,AEVO/USDT:USDT,0.111,12766.0,0.1109,24834.0,0.1111,14742.0,0.1112,5633.0
1753617408028,11:56:48.028,phemex,AEVO/USDT:USDT,0.111,12766.0,0.1109,24834.0,0.1111,14742.0,0.1112,5633.0
1753617408987,11:56:48.987,phemex,AEVO/USDT:USDT,0.111,12766.0,0.1109,24834.0,0.1111,14722.0,0.1112,5633.0
1753617408987,11:56:48.987,phemex,AEVO/USDT:USDT,0.111,12766.0,0.1109,24834.0,0.1111,14722.0,0.1112,5633.0
1753617417857,11:56:57.857,phemex,AEVO/USDT:USDT,0.111,12766.0,0.1109,24834.0,0.1111,14682.0,0.1112,5633.0
1753617422321,11:57:02.321,phemex,AEVO/USDT:USDT,0.111,12766.0,0.1109,24834.0,0.1111,14034.0,0.1112,5633.0
1753617422511,11:57:02.511,phemex,AEVO/USDT:USDT,0.111,12766.0,0.1109,24834.0,0.1111,14673.0,0.1112,5633.0
1753617423730,11:57:03.730,phemex,AEVO/USDT:USDT,0.111,12766.0,0.1109,24834.0,0.1111,14034.0,0.1112,5633.0
1753617423820,11:57:03.820,phemex,AEVO/USDT:USDT,0.111,12766.0,0.1109,24834.0,0.1111,14673.0,0.1112,5633.0
1753617423981,11:57:03.981,phemex,AEVO/USDT:USDT,0.111,12766.0,0.1109,24834.0,0.1111,14654.0,0.1112,5633.0
1753617424791,11:57:04.791,phemex,AEVO/USDT:USDT,0.111,12766.0,0.1109,24834.0,0.1111,14654.0,0.1112,5633.0
1753617426957,11:57:06.957,phemex,AEVO/USDT:USDT,0.111,12766.0,0.1109,24834.0,0.1111,14015.0,0.1112,5633.0
1753617427016,11:57:07.016,phemex,AEVO/USDT:USDT,0.111,12766.0,0.1109,24834.0,0.1111,14654.0,0.1112,5633.0
1753617433701,11:57:13.701,phemex,AEVO/USDT:USDT,0.111,12766.0,0.1109,24834.0,0.1111,14557.0,0.1112,5633.0
1753617436221,11:57:16.221,phemex,AEVO/USDT:USDT,0.111,12766.0,0.1109,24834.0,0.1111,14557.0,0.1112,5633.0
1753617441558,11:57:21.558,phemex,AEVO/USDT:USDT,0.111,12766.0,0.1109,24834.0,0.1111,13918.0,0.1112,5633.0
1753617441641,11:57:21.641,phemex,AEVO/USDT:USDT,0.111,12766.0,0.1109,24834.0,0.1111,13918.0,0.1112,5633.0
1753617441653,11:57:21.653,phemex,AEVO/USDT:USDT,0.111,12766.0,0.1109,24834.0,0.1111,14563.0,0.1112,5633.0
1753617441682,11:57:21.682,phemex,AEVO/USDT:USDT,0.111,12766.0,0.1109,24834.0,0.1111,14563.0,0.1112,5633.0
1753617441868,11:57:21.868,phemex,AEVO/USDT:USDT,0.111,12766.0,0.1109,24834.0,0.1111,14563.0,0.1112,5633.0
1753617442019,11:57:22.019,phemex,AEVO/USDT:USDT,0.111,12766.0,0.1109,24834.0,0.1111,13918.0,0.1112,5633.0
1753617442044,11:57:22.044,phemex,AEVO/USDT:USDT,0.111,12766.0,0.1109,24834.0,0.1112,25638.0,0.1113,2252.0
1753617442098,11:57:22.098,phemex,AEVO/USDT:USDT,0.1111,18571.0,0.111,662.0,0.1112,25638.0,0.1113,2252.0
1753617442169,11:57:22.169,phemex,AEVO/USDT:USDT,0.1111,18571.0,0.111,662.0,0.1112,23840.0,0.1113,2252.0
1753617442192,11:57:22.192,phemex,AEVO/USDT:USDT,0.1111,19216.0,0.111,662.0,0.1112,23840.0,0.1113,2252.0
1753617442217,11:57:22.217,phemex,AEVO/USDT:USDT,0.1111,19216.0,0.111,662.0,0.1112,20641.0,0.1113,662.0
1753617442268,11:57:22.268,phemex,AEVO/USDT:USDT,0.1111,19216.0,0.111,662.0,0.1112,20641.0,0.1113,662.0
1753617442311,11:57:22.311,phemex,AEVO/USDT:USDT,0.1111,19216.0,0.111,662.0,0.1112,20641.0,0.1113,3861.0
1753617442313,11:57:22.313,phemex,AEVO/USDT:USDT,0.1111,19216.0,0.111,662.0,0.1112,20641.0,0.1113,3861.0
1753617442443,11:57:22.443,phemex,AEVO/USDT:USDT,0.1111,17956.0,0.111,662.0,0.1112,20641.0,0.1113,3861.0
1753617445407,11:57:25.407,phemex,AEVO/USDT:USDT,0.1111,16426.0,0.111,662.0,0.1112,20641.0,0.1113,3861.0
1753617445877,11:57:25.877,phemex,AEVO/USDT:USDT,0.1111,16426.0,0.111,662.0,0.1112,20641.0,0.1113,3861.0
1753617445988,11:57:25.988,phemex,AEVO/USDT:USDT,0.111,16682.0,0.1109,5977.0,0.1112,20641.0,0.1113,662.0
1753617446012,11:57:26.012,phemex,AEVO/USDT:USDT,0.111,16682.0,0.1109,5977.0,0.1112,23840.0,0.1113,662.0
1753617446017,11:57:26.017,phemex,AEVO/USDT:USDT,0.111,16682.0,0.1109,5977.0,0.1112,25638.0,0.1113,662.0
1753617446032,11:57:26.032,phemex,AEVO/USDT:USDT,0.111,16682.0,0.1109,5977.0,0.1111,645.0,0.1112,25638.0
1753617446689,11:57:26.689,phemex,AEVO/USDT:USDT,0.111,16682.0,0.1109,5977.0,0.1112,25638.0,0.1113,662.0
1753617446733,11:57:26.733,phemex,AEVO/USDT:USDT,0.111,16682.0,0.1109,5977.0,0.1111,645.0,0.1112,25638.0
1753617448015,11:57:28.015,phemex,AEVO/USDT:USDT,0.111,16682.0,0.1109,5977.0,0.1111,17755.0,0.1112,5633.0
1753617451483,11:57:31.483,phemex,AEVO/USDT:USDT,0.111,16682.0,0.1109,12292.0,0.1111,17755.0,0.1112,5633.0
1753617452456,11:57:32.456,phemex,AEVO/USDT:USDT,0.111,16682.0,0.1109,12292.0,0.1111,17110.0,0.1112,5633.0
1753617453820,11:57:33.820,phemex,AEVO/USDT:USDT,0.111,16682.0,0.1109,12292.0,0.1111,16510.0,0.1112,5633.0
1753617455416,11:57:35.416,phemex,AEVO/USDT:USDT,0.111,16682.0,0.1109,12292.0,0.1112,14685.0,0.1113,3861.0
1753617455432,11:57:35.432,phemex,AEVO/USDT:USDT,0.1111,13350.0,0.111,662.0,0.1112,14685.0,0.1113,3861.0
1753617456456,11:57:36.456,phemex,AEVO/USDT:USDT,0.1111,13350.0,0.111,662.0,0.1112,14685.0,0.1113,3861.0
1753617456484,11:57:36.484,phemex,AEVO/USDT:USDT,0.1111,13350.0,0.111,662.0,0.1112,14685.0,0.1113,5451.0
1753617456500,11:57:36.500,phemex,AEVO/USDT:USDT,0.1111,13350.0,0.111,662.0,0.1112,14685.0,0.1113,5451.0
1753617456666,11:57:36.666,phemex,AEVO/USDT:USDT,0.1111,12715.0,0.111,662.0,0.1112,14685.0,0.1113,5451.0
1753617461336,11:57:41.336,phemex,AEVO/USDT:USDT,0.1111,12715.0,0.111,662.0,0.1112,14685.0,0.1113,3861.0
1753617461341,11:57:41.341,phemex,AEVO/USDT:USDT,0.1111,12715.0,0.111,662.0,0.1112,14685.0,0.1113,3861.0
1753617461498,11:57:41.498,phemex,AEVO/USDT:USDT,0.1111,13358.0,0.111,662.0,0.1112,14685.0,0.1113,3861.0
1753617462029,11:57:42.029,phemex,AEVO/USDT:USDT,0.1111,13358.0,0.111,662.0,0.1112,14685.0,0.1113,3861.0
1753617462035,11:57:42.035,phemex,AEVO/USDT:USDT,0.1111,13358.0,0.111,662.0,0.1112,14685.0,0.1113,5451.0
1753617464605,11:57:44.605,phemex,AEVO/USDT:USDT,0.1111,13358.0,0.111,662.0,0.1112,14685.0,0.1113,3861.0
1753617464608,11:57:44.608,phemex,AEVO/USDT:USDT,0.1111,13358.0,0.111,662.0,0.1112,14685.0,0.1113,3861.0
1753617464707,11:57:44.707,phemex,AEVO/USDT:USDT,0.1111,13358.0,0.111,662.0,0.1112,14685.0,0.1113,3861.0
1753617465652,11:57:45.652,phemex,AEVO/USDT:USDT,0.1111,13358.0,0.111,662.0,0.1112,14685.0,0.1113,3861.0
1753617467149,11:57:47.149,phemex,AEVO/USDT:USDT,0.1111,13358.0,0.111,662.0,0.1112,14685.0,0.1113,3861.0
1753617471090,11:57:51.090,phemex,AEVO/USDT:USDT,0.1111,13268.0,0.111,662.0,0.1112,14685.0,0.1113,3861.0
1753617471090,11:57:51.090,phemex,AEVO/USDT:USDT,0.1111,13268.0,0.111,662.0,0.1112,14685.0,0.1113,3861.0
1753617474111,11:57:54.111,phemex,AEVO/USDT:USDT,0.1111,13214.0,0.111,662.0,0.1112,14685.0,0.1113,3861.0
1753617475016,11:57:55.016,phemex,AEVO/USDT:USDT,0.1111,13214.0,0.111,662.0,0.1112,14685.0,0.1113,3861.0
1753617475030,11:57:55.030,phemex,AEVO/USDT:USDT,0.1111,13214.0,0.111,662.0,0.1112,14685.0,0.1113,5451.0
1753617479066,11:57:59.066,phemex,AEVO/USDT:USDT,0.1111,13183.0,0.111,662.0,0.1112,14685.0,0.1113,5451.0
1753617480946,11:58:00.946,phemex,AEVO/USDT:USDT,0.1111,13183.0,0.111,662.0,0.1112,14685.0,0.1113,3861.0
1753617481043,11:58:01.043,phemex,AEVO/USDT:USDT,0.1111,13183.0,0.111,662.0,0.1112,14685.0,0.1113,3861.0
1753617481051,11:58:01.051,phemex,AEVO/USDT:USDT,0.1111,13183.0,0.111,662.0,0.1112,14685.0,0.1113,3861.0
1753617481816,11:58:01.816,phemex,AEVO/USDT:USDT,0.1111,13102.0,0.111,662.0,0.1112,14685.0,0.1113,3861.0
1753617483719,11:58:03.719,phemex,AEVO/USDT:USDT,0.111,18135.0,0.1109,24834.0,0.1112,16483.0,0.1113,3861.0
1753617483737,11:58:03.737,phemex,AEVO/USDT:USDT,0.111,18135.0,0.1109,12292.0,0.1111,665.0,0.1112,19682.0
1753617483748,11:58:03.748,phemex,AEVO/USDT:USDT,0.111,18135.0,0.1109,12292.0,0.1111,665.0,0.1112,19682.0
1753617483873,11:58:03.873,phemex,AEVO/USDT:USDT,0.111,18135.0,0.1109,12292.0,0.1111,18571.0,0.1112,5633.0
1753617484778,11:58:04.778,phemex,AEVO/USDT:USDT,0.111,18135.0,0.1109,12292.0,0.1111,18571.0,0.1112,5633.0
1753617484785,11:58:04.785,phemex,AEVO/USDT:USDT,0.111,18135.0,0.1109,12292.0,0.1111,18571.0,0.1112,5633.0
1753617488230,11:58:08.230,phemex,AEVO/USDT:USDT,0.111,18135.0,0.1109,12292.0,0.1111,17906.0,0.1112,5633.0
1753617489473,11:58:09.473,phemex,AEVO/USDT:USDT,0.111,18135.0,0.1109,12292.0,0.1111,17906.0,0.1112,5633.0
1753617489596,11:58:09.596,phemex,AEVO/USDT:USDT,0.111,18135.0,0.1109,12292.0,0.1112,21691.0,0.1113,662.0
1753617489607,11:58:09.607,phemex,AEVO/USDT:USDT,0.1111,17096.0,0.111,662.0,0.1112,18492.0,0.1113,662.0
1753617489622,11:58:09.622,phemex,AEVO/USDT:USDT,0.1111,17761.0,0.111,662.0,0.1112,16694.0,0.1113,5451.0
1753617490274,11:58:10.274,phemex,AEVO/USDT:USDT,0.1111,17761.0,0.111,662.0,0.1112,16694.0,0.1113,5451.0
1753617490986,11:58:10.986,phemex,AEVO/USDT:USDT,0.1111,15964.0,0.111,662.0,0.1112,16694.0,0.1113,5451.0
1753617491338,11:58:11.338,phemex,AEVO/USDT:USDT,0.1111,15964.0,0.111,662.0,0.1112,16694.0,0.1113,3861.0
1753617491350,11:58:11.350,phemex,AEVO/USDT:USDT,0.1111,15964.0,0.111,662.0,0.1112,16694.0,0.1113,3861.0
1753617492231,11:58:12.231,phemex,AEVO/USDT:USDT,0.1111,15964.0,0.111,662.0,0.1112,16694.0,0.1113,3861.0
1753617494807,11:58:14.807,phemex,AEVO/USDT:USDT,0.1111,15299.0,0.111,662.0,0.1112,16694.0,0.1113,3861.0
1753617494856,11:58:14.856,phemex,AEVO/USDT:USDT,0.111,18099.0,0.1109,12292.0,0.1112,16694.0,0.1113,3861.0
1753617494870,11:58:14.870,phemex,AEVO/USDT:USDT,0.111,18099.0,0.1109,12292.0,0.1111,7879.0,0.1112,6514.0
1753617494894,11:58:14.894,phemex,AEVO/USDT:USDT,0.111,18099.0,0.1109,24834.0,0.1111,18118.0,0.1112,3835.0
1753617494918,11:58:14.918,phemex,AEVO/USDT:USDT,0.111,18099.0,0.1109,24834.0,0.1111,18774.0,0.1112,3835.0
1753617495162,11:58:15.162,phemex,AEVO/USDT:USDT,0.111,18099.0,0.1109,24834.0,0.1111,17724.0,0.1112,3835.0
1753617495294,11:58:15.294,phemex,AEVO/USDT:USDT,0.111,18099.0,0.1109,24834.0,0.1111,17724.0,0.1112,3835.0
1753617500680,11:58:20.680,phemex,AEVO/USDT:USDT,0.111,18099.0,0.1109,24834.0,0.1111,17724.0,0.1112,3835.0
1753617502641,11:58:22.641,phemex,AEVO/USDT:USDT,0.111,18099.0,0.1109,5977.0,0.1111,17724.0,0.1112,636.0
1753617502643,11:58:22.643,phemex,AEVO/USDT:USDT,0.111,18099.0,0.1109,5977.0,0.1111,17724.0,0.1112,636.0
1753617503890,11:58:23.890,phemex,AEVO/USDT:USDT,0.111,18099.0,0.1109,5977.0,0.1111,17359.0,0.1112,636.0
1753617504260,11:58:24.260,phemex,AEVO/USDT:USDT,0.111,18099.0,0.1109,5977.0,0.1111,17359.0,0.1112,636.0
1753617504570,11:58:24.570,phemex,AEVO/USDT:USDT,0.111,18099.0,0.1109,5977.0,0.1111,17359.0,0.1112,636.0
1753617507140,11:58:27.140,phemex,AEVO/USDT:USDT,0.111,18099.0,0.1109,5977.0,0.1111,17279.0,0.1112,636.0
1753617508265,11:58:28.265,phemex,AEVO/USDT:USDT,0.111,18099.0,0.1109,5977.0,0.1111,17279.0,0.1112,636.0
1753617508279,11:58:28.279,phemex,AEVO/USDT:USDT,0.111,18099.0,0.1109,5977.0,0.1111,17279.0,0.1112,636.0
1753617511288,11:58:31.288,phemex,AEVO/USDT:USDT,0.111,18099.0,0.1109,5977.0,0.1111,17279.0,0.1112,636.0
1753617511301,11:58:31.301,phemex,AEVO/USDT:USDT,0.111,18099.0,0.1109,12292.0,0.1111,17279.0,0.1112,3835.0
1753617515336,11:58:35.336,phemex,AEVO/USDT:USDT,0.111,18099.0,0.1109,12292.0,0.1111,17279.0,0.1112,3835.0
1753617515345,11:58:35.345,phemex,AEVO/USDT:USDT,0.111,18099.0,0.1109,12292.0,0.1111,17279.0,0.1112,3835.0
1753617517055,11:58:37.055,phemex,AEVO/USDT:USDT,0.111,18099.0,0.1109,12292.0,0.1111,17157.0,0.1112,3835.0
1753617519472,11:58:39.472,phemex,AEVO/USDT:USDT,0.111,18099.0,0.1109,12292.0,0.1111,17157.0,0.1112,3835.0
1753617521338,11:58:41.338,phemex,AEVO/USDT:USDT,0.111,18099.0,0.1109,12292.0,0.1111,17157.0,0.1112,3835.0
1753617521348,11:58:41.348,phemex,AEVO/USDT:USDT,0.111,18099.0,0.1109,24834.0,0.1111,17157.0,0.1112,3835.0
1753617527886,11:58:47.886,phemex,AEVO/USDT:USDT,0.111,18099.0,0.1109,24834.0,0.1111,17112.0,0.1112,3835.0
1753617527886,11:58:47.886,phemex,AEVO/USDT:USDT,0.111,18099.0,0.1109,24834.0,0.1111,17112.0,0.1112,3835.0
1753617535007,11:58:55.007,phemex,AEVO/USDT:USDT,0.111,18099.0,0.1109,24834.0,0.1111,17112.0,0.1112,3835.0
1753617535014,11:58:55.014,phemex,AEVO/USDT:USDT,0.111,18099.0,0.1109,24834.0,0.1111,17112.0,0.1112,3835.0
1753617540415,11:59:00.415,phemex,AEVO/USDT:USDT,0.111,18099.0,0.1109,24834.0,0.1111,17112.0,0.1112,3835.0
1753617540419,11:59:00.419,phemex,AEVO/USDT:USDT,0.111,18099.0,0.1109,24834.0,0.1111,16456.0,0.1112,3835.0
1753617540518,11:59:00.518,phemex,AEVO/USDT:USDT,0.111,18099.0,0.1109,24834.0,0.1111,16456.0,0.1112,3835.0
1753617548336,11:59:08.336,phemex,AEVO/USDT:USDT,0.111,18099.0,0.1109,24834.0,0.1111,16456.0,0.1112,3835.0
1753617548341,11:59:08.341,phemex,AEVO/USDT:USDT,0.111,18099.0,0.1109,24834.0,0.1111,16456.0,0.1112,3835.0
1753617552020,11:59:12.020,phemex,AEVO/USDT:USDT,0.111,18099.0,0.1109,24834.0,0.1111,16456.0,0.1112,3835.0
1753617552024,11:59:12.024,phemex,AEVO/USDT:USDT,0.111,18099.0,0.1109,24834.0,0.1111,16456.0,0.1112,3835.0
1753617558593,11:59:18.593,phemex,AEVO/USDT:USDT,0.111,18099.0,0.1109,24834.0,0.1111,16118.0,0.1112,3835.0
1753617560944,11:59:20.944,phemex,AEVO/USDT:USDT,0.111,18099.0,0.1109,24834.0,0.1111,16118.0,0.1112,3835.0
1753617564954,11:59:24.954,phemex,AEVO/USDT:USDT,0.111,18099.0,0.1109,24834.0,0.1111,16118.0,0.1112,3835.0
1753617566351,11:59:26.351,phemex,AEVO/USDT:USDT,0.111,18099.0,0.1109,24834.0,0.1111,16118.0,0.1112,3835.0
1753617567061,11:59:27.061,phemex,AEVO/USDT:USDT,0.111,18099.0,0.1109,24834.0,0.1111,15793.0,0.1112,3835.0
1753617567664,11:59:27.664,phemex,AEVO/USDT:USDT,0.111,18099.0,0.1109,12292.0,0.1111,15793.0,0.1112,3835.0
1753617568385,11:59:28.385,phemex,AEVO/USDT:USDT,0.111,18099.0,0.1109,12292.0,0.1112,19197.0,0.1113,662.0
1753617568394,11:59:28.394,phemex,AEVO/USDT:USDT,0.1111,637.0,0.111,18099.0,0.1112,19197.0,0.1113,3861.0
1753617568550,11:59:28.550,phemex,AEVO/USDT:USDT,0.1111,14860.0,0.111,7512.0,0.1112,19197.0,0.1113,3861.0
1753617568550,11:59:28.550,phemex,AEVO/USDT:USDT,0.1111,14860.0,0.111,662.0,0.1112,19197.0,0.1113,3861.0
1753617569473,11:59:29.473,phemex,AEVO/USDT:USDT,0.1111,14860.0,0.111,662.0,0.1112,19197.0,0.1113,3861.0
1753617569481,11:59:29.481,phemex,AEVO/USDT:USDT,0.1111,14860.0,0.111,662.0,0.1112,19197.0,0.1113,3861.0
1753617573027,11:59:33.027,phemex,AEVO/USDT:USDT,0.1111,14860.0,0.111,662.0,0.1112,19197.0,0.1113,3861.0
1753617573033,11:59:33.033,phemex,AEVO/USDT:USDT,0.1111,14860.0,0.111,662.0,0.1112,19197.0,0.1113,3861.0
1753617574275,11:59:34.275,phemex,AEVO/USDT:USDT,0.1111,14860.0,0.111,662.0,0.1112,19197.0,0.1113,3861.0
1753617574468,11:59:34.468,phemex,AEVO/USDT:USDT,0.1111,14860.0,0.111,662.0,0.1112,19197.0,0.1113,3861.0
1753617584348,11:59:44.348,phemex,AEVO/USDT:USDT,0.1111,14860.0,0.111,6977.0,0.1112,19197.0,0.1113,5451.0
1753617589849,11:59:49.849,phemex,AEVO/USDT:USDT,0.1111,14860.0,0.111,662.0,0.1112,19197.0,0.1113,5451.0
1753617589861,11:59:49.861,phemex,AEVO/USDT:USDT,0.1111,14860.0,0.111,662.0,0.1112,636.0,0.1113,22977.0
1753617589877,11:59:49.877,phemex,AEVO/USDT:USDT,0.1111,14860.0,0.111,662.0,0.1112,636.0,0.1113,18188.0
1753617589892,11:59:49.892,phemex,AEVO/USDT:USDT,0.1111,14860.0,0.111,662.0,0.1112,636.0,0.1113,18188.0
1753617589956,11:59:49.956,phemex,AEVO/USDT:USDT,0.1111,14860.0,0.111,662.0,0.1113,18188.0,0.1114,25464.0
1753617589986,11:59:49.986,phemex,AEVO/USDT:USDT,0.1112,15740.0,0.1111,637.0,0.1113,18188.0,0.1114,25464.0
1753617589992,11:59:49.992,phemex,AEVO/USDT:USDT,0.1112,16393.0,0.1111,637.0,0.1113,18188.0,0.1114,25464.0
1753617590029,11:59:50.029,phemex,AEVO/USDT:USDT,0.1112,16393.0,0.1111,637.0,0.1113,18188.0,0.1114,25464.0
1753617590056,11:59:50.056,phemex,AEVO/USDT:USDT,0.1112,16393.0,0.1111,637.0,0.1113,18188.0,0.1114,25464.0
1753617590399,11:59:50.399,phemex,AEVO/USDT:USDT,0.1112,15740.0,0.1111,637.0,0.1113,18188.0,0.1114,25464.0
1753617590425,11:59:50.425,phemex,AEVO/USDT:USDT,0.1111,18264.0,0.111,662.0,0.1113,18188.0,0.1114,25464.0
1753617590438,11:59:50.438,phemex,AEVO/USDT:USDT,0.1111,18264.0,0.111,662.0,0.1113,21387.0,0.1114,22265.0
1753617590459,11:59:50.459,phemex,AEVO/USDT:USDT,0.1111,18264.0,0.111,662.0,0.1113,23183.0,0.1114,22265.0
1753617590473,11:59:50.473,phemex,AEVO/USDT:USDT,0.1111,18264.0,0.111,662.0,0.1112,645.0,0.1113,23183.0
1753617590473,11:59:50.473,phemex,AEVO/USDT:USDT,0.1111,18264.0,0.111,662.0,0.1112,645.0,0.1113,23183.0
1753617593482,11:59:53.482,phemex,AEVO/USDT:USDT,0.1111,18264.0,0.111,662.0,0.1112,645.0,0.1113,23183.0
1753617595026,11:59:55.026,phemex,AEVO/USDT:USDT,0.1111,18264.0,0.111,662.0,0.1112,5645.0,0.1113,23183.0
1753617595481,11:59:55.481,phemex,AEVO/USDT:USDT,0.1111,18264.0,0.111,662.0,0.1112,12972.0,0.1113,13125.0
1753617595496,11:59:55.496,phemex,AEVO/USDT:USDT,0.1111,18264.0,0.111,662.0,0.1112,21694.0,0.1113,5657.0
1753617595520,11:59:55.520,phemex,AEVO/USDT:USDT,0.1111,18264.0,0.111,662.0,0.1112,21694.0,0.1113,5657.0
1753617595614,11:59:55.614,phemex,AEVO/USDT:USDT,0.1111,18264.0,0.111,662.0,0.1112,21694.0,0.1113,5657.0
1753617601061,12:00:01.061,phemex,AEVO/USDT:USDT,0.1111,17627.0,0.111,662.0,0.1112,21694.0,0.1113,5657.0
1753617601179,12:00:01.179,phemex,AEVO/USDT:USDT,0.1111,17627.0,0.111,662.0,0.1112,21694.0,0.1113,5657.0
1753617602151,12:00:02.151,phemex,AEVO/USDT:USDT,0.1111,17627.0,0.111,662.0,0.1112,21694.0,0.1113,5657.0
1753617602339,12:00:02.339,phemex,AEVO/USDT:USDT,0.1111,17627.0,0.111,662.0,0.1112,21694.0,0.1113,5657.0
1753617602604,12:00:02.604,phemex,AEVO/USDT:USDT,0.111,18521.0,0.1109,14280.0,0.1112,21694.0,0.1113,5657.0
1753617602616,12:00:02.616,phemex,AEVO/USDT:USDT,0.111,18521.0,0.1109,14280.0,0.1112,24893.0,0.1113,2458.0
1753617602655,12:00:02.655,phemex,AEVO/USDT:USDT,0.111,18521.0,0.1109,6957.0,0.1112,24893.0,0.1113,2458.0
1753617602680,12:00:02.680,phemex,AEVO/USDT:USDT,0.111,18521.0,0.1109,6957.0,0.1111,648.0,0.1112,24893.0
1753617602737,12:00:02.737,phemex,AEVO/USDT:USDT,0.111,18521.0,0.1109,642.0,0.1111,648.0,0.1112,21694.0
1753617602757,12:00:02.757,phemex,AEVO/USDT:USDT,0.111,18521.0,0.1109,642.0,0.1111,648.0,0.1112,21694.0
1753617602800,12:00:02.800,phemex,AEVO/USDT:USDT,0.111,18521.0,0.1109,642.0,0.1111,18326.0,0.1112,5645.0
1753617603483,12:00:03.483,phemex,AEVO/USDT:USDT,0.111,18521.0,0.1109,642.0,0.1111,18326.0,0.1112,5645.0
1753617603551,12:00:03.551,phemex,AEVO/USDT:USDT,0.111,18521.0,0.1109,642.0,0.1111,648.0,0.1112,22296.0
1753617605329,12:00:05.329,phemex,AEVO/USDT:USDT,0.111,18521.0,0.1109,642.0,0.1111,648.0,0.1112,22296.0
1753617605486,12:00:05.486,phemex,AEVO/USDT:USDT,0.111,18521.0,0.1109,642.0,0.1111,648.0,0.1112,22296.0
1753617606142,12:00:06.142,phemex,AEVO/USDT:USDT,0.1109,15254.0,0.1108,14282.0,0.1111,648.0,0.1112,22296.0
1753617606173,12:00:06.173,phemex,AEVO/USDT:USDT,0.1109,15254.0,0.1108,14282.0,0.1111,2448.0,0.1112,22296.0
1753617606190,12:00:06.190,phemex,AEVO/USDT:USDT,0.1109,15254.0,0.1108,14282.0,0.111,648.0,0.1111,2448.0
1753617606243,12:00:06.243,phemex,AEVO/USDT:USDT,0.1109,15254.0,0.1108,14282.0,0.1111,2448.0,0.1112,22296.0
1753617606265,12:00:06.265,phemex,AEVO/USDT:USDT,0.1109,15254.0,0.1108,14282.0,0.111,648.0,0.1111,2448.0
1753617607245,12:00:07.245,phemex,AEVO/USDT:USDT,0.1109,15254.0,0.1108,14282.0,0.111,648.0,0.1111,2448.0
1753617607250,12:00:07.250,phemex,AEVO/USDT:USDT,0.1109,15254.0,0.1108,14282.0,0.111,648.0,0.1111,2448.0
1753617607306,12:00:07.306,phemex,AEVO/USDT:USDT,0.1109,15254.0,0.1108,14282.0,0.111,648.0,0.1111,2448.0
1753617607322,12:00:07.322,phemex,AEVO/USDT:USDT,0.1109,15254.0,0.1108,14282.0,0.111,648.0,0.1111,2448.0
1753617607857,12:00:07.857,phemex,AEVO/USDT:USDT,0.1109,15254.0,0.1108,14282.0,0.111,648.0,0.1111,2448.0
1753617607865,12:00:07.865,phemex,AEVO/USDT:USDT,0.1109,15254.0,0.1108,26824.0,0.111,648.0,0.1111,5647.0
1753617609550,12:00:09.550,phemex,AEVO/USDT:USDT,0.1109,15254.0,0.1108,26824.0,0.111,14109.0,0.1111,5647.0
1753617609560,12:00:09.560,phemex,AEVO/USDT:USDT,0.1109,15254.0,0.1108,26824.0,0.111,14109.0,0.1111,5647.0
1753617609766,12:00:09.766,phemex,AEVO/USDT:USDT,0.1109,15254.0,0.1108,26824.0,0.111,14109.0,0.1111,5647.0
1753617609779,12:00:09.779,phemex,AEVO/USDT:USDT,0.1109,15254.0,0.1108,26824.0,0.111,14109.0,0.1111,5647.0
1753617610285,12:00:10.285,phemex,AEVO/USDT:USDT,0.1109,15254.0,0.1108,26824.0,0.111,14109.0,0.1111,5647.0
1753617615083,12:00:15.083,phemex,AEVO/USDT:USDT,0.1109,15254.0,0.1108,26824.0,0.111,14109.0,0.1111,5647.0
1753617617350,12:00:17.350,phemex,AEVO/USDT:USDT,0.1109,15254.0,0.1108,42328.0,0.111,14109.0,0.1111,5647.0
1753617623204,12:00:23.204,phemex,AEVO/USDT:USDT,0.1109,15254.0,0.1108,26824.0,0.111,14109.0,0.1111,5647.0
1753617623206,12:00:23.206,phemex,AEVO/USDT:USDT,0.1109,15254.0,0.1108,26824.0,0.111,14109.0,0.1111,5647.0
1753617626337,12:00:26.337,phemex,AEVO/USDT:USDT,0.1109,15254.0,0.1108,14282.0,0.111,14109.0,0.1111,5647.0
1753617626350,12:00:26.350,phemex,AEVO/USDT:USDT,0.1109,15254.0,0.1108,14282.0,0.111,14109.0,0.1111,5647.0
1753617628960,12:00:28.960,phemex,AEVO/USDT:USDT,0.1109,15254.0,0.1108,42328.0,0.111,14109.0,0.1111,5647.0
1753617629115,12:00:29.115,phemex,AEVO/USDT:USDT,0.1109,15254.0,0.1108,42328.0,0.111,14109.0,0.1111,5647.0
1753617629364,12:00:29.364,phemex,AEVO/USDT:USDT,0.1109,14612.0,0.1108,42328.0,0.111,14109.0,0.1111,5647.0
1753617629734,12:00:29.734,phemex,AEVO/USDT:USDT,0.1109,14612.0,0.1108,42328.0,0.111,14109.0,0.1111,5647.0
1753617630251,12:00:30.251,phemex,AEVO/USDT:USDT,0.1109,8912.0,0.1108,42328.0,0.111,14109.0,0.1111,5647.0
1753617630615,12:00:30.615,phemex,AEVO/USDT:USDT,0.1108,25018.0,0.1107,34994.0,0.1109,21524.0,0.111,39290.0
1753617632616,12:00:32.616,phemex,AEVO/USDT:USDT,0.1108,25018.0,0.1107,34994.0,0.1109,21524.0,0.111,39290.0
1753617632678,12:00:32.678,phemex,AEVO/USDT:USDT,0.1108,25018.0,0.1107,34994.0,0.1109,21524.0,0.111,39290.0
1753617632685,12:00:32.685,phemex,AEVO/USDT:USDT,0.1108,25018.0,0.1107,34994.0,0.1109,21524.0,0.111,39290.0
1753617632710,12:00:32.710,phemex,AEVO/USDT:USDT,0.1108,25018.0,0.1107,34994.0,0.1109,21524.0,0.111,39290.0
1753617633039,12:00:33.039,phemex,AEVO/USDT:USDT,0.1108,25018.0,0.1107,34994.0,0.1109,21524.0,0.111,39290.0
1753617633084,12:00:33.084,phemex,AEVO/USDT:USDT,0.1108,25018.0,0.1107,34994.0,0.1109,21524.0,0.111,39290.0
1753617638345,12:00:38.345,phemex,AEVO/USDT:USDT,0.1108,25018.0,0.1107,34994.0,0.1109,21524.0,0.111,39290.0
1753617643225,12:00:43.225,phemex,AEVO/USDT:USDT,0.1108,25018.0,0.1107,34994.0,0.1109,21524.0,0.111,39290.0
1753617647075,12:00:47.075,phemex,AEVO/USDT:USDT,0.1108,25018.0,0.1107,34994.0,0.1109,21524.0,0.111,39290.0
1753617647085,12:00:47.085,phemex,AEVO/USDT:USDT,0.1108,25018.0,0.1107,34994.0,0.1109,21524.0,0.111,39290.0
1753617651875,12:00:51.875,phemex,AEVO/USDT:USDT,0.1108,25018.0,0.1107,34994.0,0.1109,21524.0,0.111,39290.0
1753617651883,12:00:51.883,phemex,AEVO/USDT:USDT,0.1108,25018.0,0.1107,34994.0,0.1109,21524.0,0.111,39290.0
1753617652560,12:00:52.560,phemex,AEVO/USDT:USDT,0.1108,25018.0,0.1107,34994.0,0.1109,21524.0,0.111,39290.0
1753617652567,12:00:52.567,phemex,AEVO/USDT:USDT,0.1108,25018.0,0.1107,34994.0,0.1109,21524.0,0.111,46631.0
1753617652567,12:00:52.567,phemex,AEVO/USDT:USDT,0.1108,25018.0,0.1107,34994.0,0.1109,21524.0,0.111,46631.0
1753617654117,12:00:54.117,phemex,AEVO/USDT:USDT,0.1108,25018.0,0.1107,34994.0,0.1109,21524.0,0.111,46631.0
1753617654630,12:00:54.630,phemex,AEVO/USDT:USDT,0.1108,25018.0,0.1107,34994.0,0.1109,21524.0,0.111,46631.0
1753617654811,12:00:54.811,phemex,AEVO/USDT:USDT,0.1108,25018.0,0.1107,34994.0,0.1109,21524.0,0.111,39290.0
1753617654912,12:00:54.912,phemex,AEVO/USDT:USDT,0.1108,25018.0,0.1107,34994.0,0.1109,21524.0,0.111,39290.0
1753617656684,12:00:56.684,phemex,AEVO/USDT:USDT,0.1108,25018.0,0.1107,34994.0,0.1109,21524.0,0.111,39290.0
1753617660200,12:01:00.200,phemex,AEVO/USDT:USDT,0.1108,25018.0,0.1107,34994.0,0.1109,20867.0,0.111,39290.0
1753617660238,12:01:00.238,phemex,AEVO/USDT:USDT,0.1108,25018.0,0.1107,34994.0,0.1109,20867.0,0.111,39290.0
1753617660806,12:01:00.806,phemex,AEVO/USDT:USDT,0.1108,25018.0,0.1107,34994.0,0.111,11957.0,0.1111,7341.0
1753617660821,12:01:00.821,phemex,AEVO/USDT:USDT,0.1108,25018.0,0.1107,34994.0,0.111,8758.0,0.1111,7341.0
1753617660866,12:01:00.866,phemex,AEVO/USDT:USDT,0.1108,25018.0,0.1107,34994.0,0.111,8758.0,0.1111,10540.0
1753617660905,12:01:00.905,phemex,AEVO/USDT:USDT,0.1109,16257.0,0.1108,7967.0,0.111,8758.0,0.1111,10540.0
1753617660928,12:01:00.928,phemex,AEVO/USDT:USDT,0.1109,16918.0,0.1108,14282.0,0.111,8758.0,0.1111,10540.0
1753617660946,12:01:00.946,phemex,AEVO/USDT:USDT,0.1109,16918.0,0.1108,14282.0,0.111,8758.0,0.1111,10540.0
1753617661036,12:01:01.036,phemex,AEVO/USDT:USDT,0.1109,16918.0,0.1108,14282.0,0.111,6957.0,0.1111,10540.0
1753617661096,12:01:01.096,phemex,AEVO/USDT:USDT,0.1109,16918.0,0.1108,14282.0,0.111,6957.0,0.1111,10540.0
1753617661475,12:01:01.475,phemex,AEVO/USDT:USDT,0.1109,16918.0,0.1108,14282.0,0.111,6957.0,0.1111,10540.0
1753617661486,12:01:01.486,phemex,AEVO/USDT:USDT,0.1109,16918.0,0.1108,14282.0,0.111,6957.0,0.1111,10540.0
1753617661780,12:01:01.780,phemex,AEVO/USDT:USDT,0.1108,13102.0,0.1107,28679.0,0.111,6957.0,0.1111,10540.0
1753617661799,12:01:01.799,phemex,AEVO/USDT:USDT,0.1108,13102.0,0.1107,34994.0,0.111,11957.0,0.1111,7341.0
1753617661832,12:01:01.832,phemex,AEVO/USDT:USDT,0.1108,13102.0,0.1107,34994.0,0.111,11957.0,0.1111,7341.0
1753617661847,12:01:01.847,phemex,AEVO/USDT:USDT,0.1108,13102.0,0.1107,34994.0,0.1109,661.0,0.111,11957.0
1753617661879,12:01:01.879,phemex,AEVO/USDT:USDT,0.1108,20441.0,0.1107,34994.0,0.1109,661.0,0.111,11957.0
1753617662039,12:01:02.039,phemex,AEVO/USDT:USDT,0.1108,20441.0,0.1107,34994.0,0.111,11957.0,0.1111,7341.0
1753617662071,12:01:02.071,phemex,AEVO/USDT:USDT,0.1108,20441.0,0.1107,34994.0,0.1109,661.0,0.111,8758.0
1753617662204,12:01:02.204,phemex,AEVO/USDT:USDT,0.1108,20441.0,0.1107,34994.0,0.111,8758.0,0.1111,7341.0
1753617662214,12:01:02.214,phemex,AEVO/USDT:USDT,0.1108,20441.0,0.1107,34994.0,0.1109,661.0,0.111,8758.0
1753617662268,12:01:02.268,phemex,AEVO/USDT:USDT,0.1108,20441.0,0.1107,34994.0,0.111,8758.0,0.1111,10540.0
1753617662313,12:01:02.313,phemex,AEVO/USDT:USDT,0.1108,20441.0,0.1107,34994.0,0.1109,661.0,0.111,8758.0
1753617662379,12:01:02.379,phemex,AEVO/USDT:USDT,0.1108,20441.0,0.1107,34994.0,0.1109,661.0,0.111,11957.0
1753617662520,12:01:02.520,phemex,AEVO/USDT:USDT,0.1108,20441.0,0.1107,34994.0,0.1109,661.0,0.111,11957.0
1753617662647,12:01:02.647,phemex,AEVO/USDT:USDT,0.1108,20441.0,0.1107,34994.0,0.1109,661.0,0.111,11957.0
1753617663044,12:01:03.044,phemex,AEVO/USDT:USDT,0.1108,20441.0,0.1107,34994.0,0.111,11957.0,0.1111,7341.0
1753617663059,12:01:03.059,phemex,AEVO/USDT:USDT,0.1108,20441.0,0.1107,34994.0,0.1109,661.0,0.111,11957.0
1753617663266,12:01:03.266,phemex,AEVO/USDT:USDT,0.1108,20441.0,0.1107,34994.0,0.111,11957.0,0.1111,7341.0
1753617663302,12:01:03.302,phemex,AEVO/USDT:USDT,0.1108,20441.0,0.1107,34994.0,0.1109,661.0,0.111,11957.0
1753617663365,12:01:03.365,phemex,AEVO/USDT:USDT,0.1108,20441.0,0.1107,34994.0,0.111,11957.0,0.1111,7341.0
1753617663403,12:01:03.403,phemex,AEVO/USDT:USDT,0.1108,20441.0,0.1107,34994.0,0.1109,661.0,0.111,11957.0
1753617663471,12:01:03.471,phemex,AEVO/USDT:USDT,0.1108,20441.0,0.1107,34994.0,0.1109,661.0,0.111,11957.0
1753617663515,12:01:03.515,phemex,AEVO/USDT:USDT,0.1108,20441.0,0.1107,34994.0,0.1109,661.0,0.111,11957.0
1753617665266,12:01:05.266,phemex,AEVO/USDT:USDT,0.1108,20441.0,0.1107,34994.0,0.1109,661.0,0.111,11957.0
1753617665288,12:01:05.288,phemex,AEVO/USDT:USDT,0.1108,20441.0,0.1107,34994.0,0.1109,661.0,0.111,11957.0
1753617665410,12:01:05.410,phemex,AEVO/USDT:USDT,0.1108,20441.0,0.1107,34994.0,0.1109,661.0,0.111,11957.0
1753617666280,12:01:06.280,phemex,AEVO/USDT:USDT,0.1108,20441.0,0.1107,34994.0,0.1109,661.0,0.111,11957.0
1753617666292,12:01:06.292,phemex,AEVO/USDT:USDT,0.1108,20441.0,0.1107,34994.0,0.1109,661.0,0.111,11957.0
1753617666640,12:01:06.640,phemex,AEVO/USDT:USDT,0.1108,20441.0,0.1107,34994.0,0.1109,661.0,0.111,11957.0
1753617666979,12:01:06.979,phemex,AEVO/USDT:USDT,0.1108,20441.0,0.1107,34994.0,0.1109,14226.0,0.111,5648.0
1753617669151,12:01:09.151,phemex,AEVO/USDT:USDT,0.1108,20441.0,0.1107,34994.0,0.1109,14226.0,0.111,5648.0
1753617670446,12:01:10.446,phemex,AEVO/USDT:USDT,0.1108,20441.0,0.1107,34994.0,0.1109,14226.0,0.111,5648.0
1753617670504,12:01:10.504,phemex,AEVO/USDT:USDT,0.1108,20441.0,0.1107,34994.0,0.1109,14226.0,0.111,5648.0
1753617670549,12:01:10.549,phemex,AEVO/USDT:USDT,0.1108,20441.0,0.1107,34994.0,0.1109,14226.0,0.111,5648.0
1753617674623,12:01:14.623,phemex,AEVO/USDT:USDT,0.1108,20441.0,0.1107,34994.0,0.1109,13565.0,0.111,5648.0
1753617675280,12:01:15.280,phemex,AEVO/USDT:USDT,0.1108,20441.0,0.1107,34994.0,0.1109,12615.0,0.111,5648.0
1753617676263,12:01:16.263,phemex,AEVO/USDT:USDT,0.1108,20441.0,0.1107,34994.0,0.1109,13258.0,0.111,5648.0
1753617677432,12:01:17.432,phemex,AEVO/USDT:USDT,0.1108,20441.0,0.1107,34994.0,0.1109,13258.0,0.111,5648.0
1753617677440,12:01:17.440,phemex,AEVO/USDT:USDT,0.1108,20441.0,0.1107,34994.0,0.1109,13258.0,0.111,5648.0
1753617677457,12:01:17.457,phemex,AEVO/USDT:USDT,0.1108,20441.0,0.1107,34994.0,0.1109,13258.0,0.111,5648.0
1753617678371,12:01:18.371,phemex,AEVO/USDT:USDT,0.1108,20441.0,0.1107,34994.0,0.1109,13258.0,0.111,5648.0
1753617678549,12:01:18.549,phemex,AEVO/USDT:USDT,0.1108,19797.0,0.1107,34994.0,0.1109,13258.0,0.111,5648.0
1753617679301,12:01:19.301,phemex,AEVO/USDT:USDT,0.1108,19797.0,0.1107,34994.0,0.1109,13258.0,0.111,5648.0
1753617681194,12:01:21.194,phemex,AEVO/USDT:USDT,0.1108,19797.0,0.1107,34994.0,0.1109,13258.0,0.111,5648.0
1753617681231,12:01:21.231,phemex,AEVO/USDT:USDT,0.1108,19797.0,0.1107,34994.0,0.1109,13258.0,0.111,5648.0
1753617681891,12:01:21.891,phemex,AEVO/USDT:USDT,0.1108,19797.0,0.1107,34994.0,0.1109,13258.0,0.111,5648.0
1753617682019,12:01:22.019,phemex,AEVO/USDT:USDT,0.1108,19797.0,0.1107,34994.0,0.1109,13258.0,0.111,5648.0
1753617682612,12:01:22.612,phemex,AEVO/USDT:USDT,0.1108,19797.0,0.1107,19490.0,0.1109,13258.0,0.111,5648.0
1753617682626,12:01:22.626,phemex,AEVO/USDT:USDT,0.1108,19797.0,0.1107,19490.0,0.1109,13258.0,0.111,2449.0
1753617684237,12:01:24.237,phemex,AEVO/USDT:USDT,0.1108,19797.0,0.1107,19490.0,0.1109,12488.0,0.111,2449.0
1753617686067,12:01:26.067,phemex,AEVO/USDT:USDT,0.1107,633.0,0.1106,13450.0,0.1108,7339.0,0.1109,14291.0
1753617686086,12:01:26.086,phemex,AEVO/USDT:USDT,0.1107,655.0,0.1106,655.0,0.1108,7994.0,0.1109,2446.0
1753617686104,12:01:26.104,phemex,AEVO/USDT:USDT,0.1107,655.0,0.1106,655.0,0.1108,22385.0,0.1109,2446.0
1753617686115,12:01:26.115,phemex,AEVO/USDT:USDT,0.1106,655.0,0.1105,664.0,0.1108,22385.0,0.1109,2446.0
1753617686271,12:01:26.271,phemex,AEVO/USDT:USDT,0.1105,664.0,0.1104,26621.0,0.1108,22385.0,0.1109,2446.0
1753617686294,12:01:26.294,phemex,AEVO/USDT:USDT,0.1105,2473.0,0.1104,20306.0,0.1108,22385.0,0.1109,2446.0
1753617686301,12:01:26.301,phemex,AEVO/USDT:USDT,0.1105,2473.0,0.1104,20306.0,0.1108,22385.0,0.1109,2446.0
1753617686409,12:01:26.409,phemex,AEVO/USDT:USDT,0.1105,6996.0,0.1104,20306.0,0.1108,22385.0,0.1109,2446.0
1753617686980,12:01:26.980,phemex,AEVO/USDT:USDT,0.1105,16996.0,0.1104,20306.0,0.1108,22385.0,0.1109,2446.0
1753617687606,12:01:27.606,phemex,AEVO/USDT:USDT,0.1105,16996.0,0.1104,20306.0,0.1108,14391.0,0.1109,2446.0
1753617687762,12:01:27.762,phemex,AEVO/USDT:USDT,0.1105,16996.0,0.1104,20306.0,0.1108,14391.0,0.1109,2446.0
1753617687808,12:01:27.808,phemex,AEVO/USDT:USDT,0.1105,16996.0,0.1104,20306.0,0.1108,14391.0,0.1109,2446.0
1753617687887,12:01:27.887,phemex,AEVO/USDT:USDT,0.1105,16996.0,0.1104,20306.0,0.1108,14391.0,0.1109,2446.0
1753617687969,12:01:27.969,phemex,AEVO/USDT:USDT,0.1106,10000.0,0.1105,16996.0,0.1108,14391.0,0.1109,2446.0
1753617688010,12:01:28.010,phemex,AEVO/USDT:USDT,0.1106,10655.0,0.1105,16996.0,0.1108,14391.0,0.1109,2446.0
1753617688229,12:01:28.229,phemex,AEVO/USDT:USDT,0.1106,10655.0,0.1105,16996.0,0.1108,14391.0,0.1109,2446.0
1753617688710,12:01:28.710,phemex,AEVO/USDT:USDT,0.1106,10655.0,0.1105,16996.0,0.1108,15046.0,0.1109,2446.0
1753617689097,12:01:29.097,phemex,AEVO/USDT:USDT,0.1106,10655.0,0.1105,16996.0,0.1108,15046.0,0.1109,2446.0
1753617689575,12:01:29.575,phemex,AEVO/USDT:USDT,0.1106,10655.0,0.1105,16996.0,0.1108,655.0,0.1109,2446.0
1753617689606,12:01:29.606,phemex,AEVO/USDT:USDT,0.1107,5000.0,0.1106,10655.0,0.1108,655.0,0.1109,2446.0
1753617689645,12:01:29.645,phemex,AEVO/USDT:USDT,0.1107,5655.0,0.1106,10655.0,0.1108,655.0,0.1109,2446.0
1753617689651,12:01:29.651,phemex,AEVO/USDT:USDT,0.1107,5655.0,0.1106,10655.0,0.1108,655.0,0.1109,2446.0
1753617689948,12:01:29.948,phemex,AEVO/USDT:USDT,0.1107,5655.0,0.1106,10655.0,0.1108,655.0,0.1109,12446.0
1753617690562,12:01:30.562,phemex,AEVO/USDT:USDT,0.1107,5655.0,0.1106,10655.0,0.1108,655.0,0.1109,12446.0
1753617690598,12:01:30.598,phemex,AEVO/USDT:USDT,0.1107,5655.0,0.1106,10655.0,0.1108,655.0,0.1109,12446.0
1753617691106,12:01:31.106,phemex,AEVO/USDT:USDT,0.1107,26000.0,0.1106,10655.0,0.1108,16774.0,0.1109,12446.0
1753617691432,12:01:31.432,phemex,AEVO/USDT:USDT,0.1107,26000.0,0.1106,10655.0,0.1108,16774.0,0.1109,2446.0
1753617691449,12:01:31.449,phemex,AEVO/USDT:USDT,0.1107,26000.0,0.1106,10655.0,0.1109,19960.0,0.111,648.0
1753617691458,12:01:31.458,phemex,AEVO/USDT:USDT,0.1107,26000.0,0.1106,10655.0,0.1109,19960.0,0.111,648.0
1753617691531,12:01:31.531,phemex,AEVO/USDT:USDT,0.1107,26000.0,0.1106,23197.0,0.1109,19960.0,0.111,648.0
1753617691538,12:01:31.538,phemex,AEVO/USDT:USDT,0.1107,26000.0,0.1106,23197.0,0.1109,19960.0,0.111,648.0
1753617691558,12:01:31.558,phemex,AEVO/USDT:USDT,0.1107,26000.0,0.1106,29512.0,0.1109,19960.0,0.111,648.0
1753617691579,12:01:31.579,phemex,AEVO/USDT:USDT,0.1107,26000.0,0.1106,29512.0,0.1109,19960.0,0.111,648.0
1753617691594,12:01:31.594,phemex,AEVO/USDT:USDT,0.1107,26000.0,0.1106,29512.0,0.1109,19960.0,0.111,648.0
1753617691624,12:01:31.624,phemex,AEVO/USDT:USDT,0.1107,26000.0,0.1106,29512.0,0.1109,19960.0,0.111,648.0
1753617691685,12:01:31.685,phemex,AEVO/USDT:USDT,0.1107,26000.0,0.1106,29512.0,0.1109,19960.0,0.111,648.0
1753617691924,12:01:31.924,phemex,AEVO/USDT:USDT,0.1107,26000.0,0.1106,29512.0,0.1109,19960.0,0.111,648.0
1753617692690,12:01:32.690,phemex,AEVO/USDT:USDT,0.1107,26000.0,0.1106,29512.0,0.1109,18157.0,0.111,648.0
1753617693240,12:01:33.240,phemex,AEVO/USDT:USDT,0.1107,26000.0,0.1106,29512.0,0.1109,18157.0,0.111,648.0
1753617693273,12:01:33.273,phemex,AEVO/USDT:USDT,0.1107,26000.0,0.1106,29512.0,0.1109,18157.0,0.111,648.0
1753617693406,12:01:33.406,phemex,AEVO/USDT:USDT,0.1107,26000.0,0.1106,29512.0,0.1109,18157.0,0.111,648.0
1753617693900,12:01:33.900,phemex,AEVO/USDT:USDT,0.1107,26000.0,0.1106,29512.0,0.1109,18157.0,0.111,648.0
1753617695896,12:01:35.896,phemex,AEVO/USDT:USDT,0.1107,26000.0,0.1106,29512.0,0.1109,18157.0,0.111,648.0
1753617696386,12:01:36.386,phemex,AEVO/USDT:USDT,0.1108,17014.0,0.1107,5655.0,0.1109,18157.0,0.111,648.0
1753617696438,12:01:36.438,phemex,AEVO/USDT:USDT,0.1108,17014.0,0.1107,655.0,0.1109,18157.0,0.111,648.0
1753617696614,12:01:36.614,phemex,AEVO/USDT:USDT,0.1108,17014.0,0.1107,6970.0,0.1109,18157.0,0.111,3847.0
1753617697160,12:01:37.160,phemex,AEVO/USDT:USDT,0.1107,16306.0,0.1106,35016.0,0.1108,16806.0,0.1109,5645.0
1753617698330,12:01:38.330,phemex,AEVO/USDT:USDT,0.1107,16306.0,0.1106,35016.0,0.1108,16154.0,0.1109,5645.0
1753617698365,12:01:38.365,phemex,AEVO/USDT:USDT,0.1107,16306.0,0.1106,35016.0,0.1108,16154.0,0.1109,5645.0
1753617698448,12:01:38.448,phemex,AEVO/USDT:USDT,0.1107,16306.0,0.1106,35016.0,0.1108,16154.0,0.1109,5645.0
1753617698589,12:01:38.589,phemex,AEVO/USDT:USDT,0.1107,16306.0,0.1106,35016.0,0.1108,16154.0,0.1109,5645.0
1753617698690,12:01:38.690,phemex,AEVO/USDT:USDT,0.1107,16306.0,0.1106,35016.0,0.1108,16154.0,0.1109,5645.0
1753617698698,12:01:38.698,phemex,AEVO/USDT:USDT,0.1107,16306.0,0.1106,35016.0,0.1108,16154.0,0.1109,5645.0
1753617698762,12:01:38.762,phemex,AEVO/USDT:USDT,0.1107,16306.0,0.1106,35016.0,0.1109,18834.0,0.111,648.0
1753617698772,12:01:38.772,phemex,AEVO/USDT:USDT,0.1107,16306.0,0.1106,35016.0,0.1109,18834.0,0.111,3847.0
1753617698827,12:01:38.827,phemex,AEVO/USDT:USDT,0.1107,16306.0,0.1106,35016.0,0.1109,17031.0,0.111,3847.0
1753617698879,12:01:38.879,phemex,AEVO/USDT:USDT,0.1107,16306.0,0.1106,35016.0,0.1109,17031.0,0.111,3847.0
1753617699030,12:01:39.030,phemex,AEVO/USDT:USDT,0.1107,16306.0,0.1106,35016.0,0.1109,17031.0,0.111,3847.0
1753617699077,12:01:39.077,phemex,AEVO/USDT:USDT,0.1107,16306.0,0.1106,35016.0,0.1109,17031.0,0.111,3847.0
1753617699220,12:01:39.220,phemex,AEVO/USDT:USDT,0.1107,23851.0,0.1106,35016.0,0.1109,17031.0,0.111,3847.0
1753617699266,12:01:39.266,phemex,AEVO/USDT:USDT,0.1107,23851.0,0.1106,35016.0,0.1109,643.0,0.111,23179.0
1753617699282,12:01:39.282,phemex,AEVO/USDT:USDT,0.1107,23851.0,0.1106,35016.0,0.1109,643.0,0.111,19980.0
1753617699316,12:01:39.316,phemex,AEVO/USDT:USDT,0.1107,23851.0,0.1106,35016.0,0.1109,643.0,0.111,19980.0
1753617699544,12:01:39.544,phemex,AEVO/USDT:USDT,0.1107,23851.0,0.1106,35016.0,0.111,19980.0,0.1111,11201.0
1753617699835,12:01:39.835,phemex,AEVO/USDT:USDT,0.1108,10000.0,0.1107,23851.0,0.111,19980.0,0.1111,11201.0
1753617699856,12:01:39.856,phemex,AEVO/USDT:USDT,0.1108,10652.0,0.1107,30166.0,0.111,19980.0,0.1111,11201.0
1753617701096,12:01:41.096,phemex,AEVO/USDT:USDT,0.1108,10652.0,0.1107,30166.0,0.111,19980.0,0.1111,11201.0
1753617701155,12:01:41.155,phemex,AEVO/USDT:USDT,0.1108,10652.0,0.1107,30166.0,0.111,19980.0,0.1111,11201.0
1753617702132,12:01:42.132,phemex,AEVO/USDT:USDT,0.1109,13413.0,0.1108,10652.0,0.111,19980.0,0.1111,11201.0
1753617702157,12:01:42.157,phemex,AEVO/USDT:USDT,0.1109,13413.0,0.1108,10652.0,0.111,19980.0,0.1111,11201.0
1753617702163,12:01:42.163,phemex,AEVO/USDT:USDT,0.1109,14078.0,0.1108,10652.0,0.111,19980.0,0.1111,11201.0
1753617703491,12:01:43.491,phemex,AEVO/USDT:USDT,0.1109,14078.0,0.1108,10652.0,0.111,19980.0,0.1111,11201.0
1753617703499,12:01:43.499,phemex,AEVO/USDT:USDT,0.1109,14078.0,0.1108,10652.0,0.111,19980.0,0.1111,11201.0
1753617705186,12:01:45.186,phemex,AEVO/USDT:USDT,0.1109,14078.0,0.1108,652.0,0.111,19980.0,0.1111,11201.0
1753617705554,12:01:45.554,phemex,AEVO/USDT:USDT,0.1108,17609.0,0.1107,51894.0,0.111,19980.0,0.1111,8002.0
1753617705584,12:01:45.584,phemex,AEVO/USDT:USDT,0.1108,17609.0,0.1107,51894.0,0.1109,15118.0,0.111,3847.0
1753617705644,12:01:45.644,phemex,AEVO/USDT:USDT,0.1108,17609.0,0.1107,51894.0,0.1109,15118.0,0.111,5648.0
1753617708643,12:01:48.643,phemex,AEVO/USDT:USDT,0.1108,17609.0,0.1107,67398.0,0.1109,15118.0,0.111,5648.0
1753617708688,12:01:48.688,phemex,AEVO/USDT:USDT,0.1108,17609.0,0.1107,67398.0,0.1109,15118.0,0.111,5648.0
1753617709434,12:01:49.434,phemex,AEVO/USDT:USDT,0.1108,17609.0,0.1107,67398.0,0.1109,15118.0,0.111,5648.0
1753617709717,12:01:49.717,phemex,AEVO/USDT:USDT,0.1108,17609.0,0.1107,67398.0,0.1109,15118.0,0.111,5648.0
1753617710281,12:01:50.281,phemex,AEVO/USDT:USDT,0.1108,17609.0,0.1107,67398.0,0.1109,15118.0,0.111,5648.0
1753617712827,12:01:52.827,phemex,AEVO/USDT:USDT,0.1108,17609.0,0.1107,67398.0,0.1109,14453.0,0.111,5648.0
1753617713043,12:01:53.043,phemex,AEVO/USDT:USDT,0.1108,17609.0,0.1107,67398.0,0.1109,15097.0,0.111,5648.0
1753617713043,12:01:53.043,phemex,AEVO/USDT:USDT,0.1108,17609.0,0.1107,67398.0,0.1109,15097.0,0.111,5648.0
1753617714920,12:01:54.920,phemex,AEVO/USDT:USDT,0.1108,17609.0,0.1107,67398.0,0.1109,14453.0,0.111,5648.0
1753617715695,12:01:55.695,phemex,AEVO/USDT:USDT,0.1108,17609.0,0.1107,67398.0,0.1109,15097.0,0.111,5648.0
1753617719342,12:01:59.342,phemex,AEVO/USDT:USDT,0.1108,17609.0,0.1107,67398.0,0.1109,15097.0,0.111,5648.0
1753617719370,12:01:59.370,phemex,AEVO/USDT:USDT,0.1108,17609.0,0.1107,67398.0,0.1109,15097.0,0.111,5648.0
1753617720062,12:02:00.062,phemex,AEVO/USDT:USDT,0.1108,17609.0,0.1107,67398.0,0.1109,14453.0,0.111,5648.0
1753617720208,12:02:00.208,phemex,AEVO/USDT:USDT,0.1108,17609.0,0.1107,67398.0,0.111,22946.0,0.1111,8002.0
1753617720237,12:02:00.237,phemex,AEVO/USDT:USDT,0.1108,17609.0,0.1107,67398.0,0.111,19747.0,0.1111,11201.0
1753617720284,12:02:00.284,phemex,AEVO/USDT:USDT,0.1109,17964.0,0.1108,652.0,0.111,19747.0,0.1111,11201.0
1753617720376,12:02:00.376,phemex,AEVO/USDT:USDT,0.1109,17964.0,0.1108,652.0,0.111,19747.0,0.1111,11201.0
1753617720456,12:02:00.456,phemex,AEVO/USDT:USDT,0.1109,17964.0,0.1108,652.0,0.111,19747.0,0.1111,11201.0
1753617720495,12:02:00.495,phemex,AEVO/USDT:USDT,0.1109,17964.0,0.1108,652.0,0.111,19747.0,0.1111,11201.0
1753617720603,12:02:00.603,phemex,AEVO/USDT:USDT,0.1108,19599.0,0.1107,67398.0,0.111,19747.0,0.1111,8002.0
1753617720615,12:02:00.615,phemex,AEVO/USDT:USDT,0.1108,19599.0,0.1107,67398.0,0.111,22946.0,0.1111,8002.0
1753617720633,12:02:00.633,phemex,AEVO/USDT:USDT,0.1108,19599.0,0.1107,67398.0,0.1109,637.0,0.111,22946.0
1753617720662,12:02:00.662,phemex,AEVO/USDT:USDT,0.1108,19599.0,0.1107,67398.0,0.1109,637.0,0.111,22946.0
1753617720758,12:02:00.758,phemex,AEVO/USDT:USDT,0.1108,19599.0,0.1107,67398.0,0.1109,637.0,0.111,22946.0
1753617720782,12:02:00.782,phemex,AEVO/USDT:USDT,0.1108,19599.0,0.1107,67398.0,0.111,22946.0,0.1111,8002.0
1753617720814,12:02:00.814,phemex,AEVO/USDT:USDT,0.1108,19599.0,0.1107,67398.0,0.111,19747.0,0.1111,8002.0
1753617720831,12:02:00.831,phemex,AEVO/USDT:USDT,0.1108,19599.0,0.1107,67398.0,0.1109,637.0,0.111,19747.0
1753617720873,12:02:00.873,phemex,AEVO/USDT:USDT,0.1108,19599.0,0.1107,67398.0,0.111,17946.0,0.1111,11201.0
1753617721640,12:02:01.640,phemex,AEVO/USDT:USDT,0.1108,19599.0,0.1107,67398.0,0.111,17946.0,0.1111,11201.0
1753617722205,12:02:02.205,phemex,AEVO/USDT:USDT,0.1108,19599.0,0.1107,67398.0,0.111,17946.0,0.1111,8002.0
1753617722238,12:02:02.238,phemex,AEVO/USDT:USDT,0.1108,19599.0,0.1107,67398.0,0.111,22946.0,0.1111,8002.0
1753617722296,12:02:02.296,phemex,AEVO/USDT:USDT,0.1108,19599.0,0.1107,67398.0,0.1109,637.0,0.111,22946.0
1753617723378,12:02:03.378,phemex,AEVO/USDT:USDT,0.1108,19599.0,0.1107,67398.0,0.1109,637.0,0.111,22946.0
1753617723402,12:02:03.402,phemex,AEVO/USDT:USDT,0.1108,19599.0,0.1107,67398.0,0.1109,637.0,0.111,22946.0
1753617723899,12:02:03.899,phemex,AEVO/USDT:USDT,0.1108,19599.0,0.1107,67398.0,0.1109,637.0,0.111,22946.0
1753617725750,12:02:05.750,phemex,AEVO/USDT:USDT,0.1108,19599.0,0.1107,67398.0,0.1109,16247.0,0.111,5648.0
1753617726118,12:02:06.118,phemex,AEVO/USDT:USDT,0.1108,19599.0,0.1107,67398.0,0.1109,16247.0,0.111,5648.0
1753617727836,12:02:07.836,phemex,AEVO/USDT:USDT,0.1108,19599.0,0.1107,67398.0,0.1109,16247.0,0.111,5648.0
1753617727851,12:02:07.851,phemex,AEVO/USDT:USDT,0.1108,19599.0,0.1107,67398.0,0.1109,16247.0,0.111,5648.0
1753617727859,12:02:07.859,phemex,AEVO/USDT:USDT,0.1108,19599.0,0.1107,67398.0,0.1109,16247.0,0.111,5648.0
1753617730873,12:02:10.873,phemex,AEVO/USDT:USDT,0.1108,19599.0,0.1107,59853.0,0.1109,16247.0,0.111,5648.0
1753617730978,12:02:10.978,phemex,AEVO/USDT:USDT,0.1108,19599.0,0.1107,59853.0,0.1109,16247.0,0.111,5648.0
1753617730995,12:02:10.995,phemex,AEVO/USDT:USDT,0.1108,19599.0,0.1107,67399.0,0.1109,16247.0,0.111,5648.0
1753617732219,12:02:12.219,phemex,AEVO/USDT:USDT,0.1108,19599.0,0.1107,67399.0,0.1109,16247.0,0.111,5648.0
1753617735096,12:02:15.096,phemex,AEVO/USDT:USDT,0.1108,19599.0,0.1107,67399.0,0.1109,16247.0,0.111,5648.0
1753617735104,12:02:15.104,phemex,AEVO/USDT:USDT,0.1108,19599.0,0.1107,67399.0,0.1109,16247.0,0.111,5648.0
1753617737338,12:02:17.338,phemex,AEVO/USDT:USDT,0.1108,19599.0,0.1107,67399.0,0.1109,16247.0,0.111,5648.0
1753617737343,12:02:17.343,phemex,AEVO/USDT:USDT,0.1108,19599.0,0.1107,67399.0,0.1109,16247.0,0.111,5648.0
1753617739295,12:02:19.295,phemex,AEVO/USDT:USDT,0.1108,19599.0,0.1107,67399.0,0.1109,15610.0,0.111,5648.0
1753617739430,12:02:19.430,phemex,AEVO/USDT:USDT,0.1108,19599.0,0.1107,67399.0,0.1109,16258.0,0.111,5648.0
1753617742255,12:02:22.255,phemex,AEVO/USDT:USDT,0.1108,19599.0,0.1107,67399.0,0.1109,16258.0,0.111,5648.0
1753617742506,12:02:22.506,phemex,AEVO/USDT:USDT,0.1108,19599.0,0.1107,67399.0,0.1109,16258.0,0.111,5648.0
1753617742679,12:02:22.679,phemex,AEVO/USDT:USDT,0.1108,19599.0,0.1107,67399.0,0.1109,648.0,0.111,5648.0
1753617743044,12:02:23.044,phemex,AEVO/USDT:USDT,0.1108,19599.0,0.1107,67399.0,0.111,5648.0,0.1111,8002.0
1753617743104,12:02:23.104,phemex,AEVO/USDT:USDT,0.1108,19599.0,0.1107,67399.0,0.1109,642.0,0.111,5648.0
1753617743112,12:02:23.112,phemex,AEVO/USDT:USDT,0.1108,19599.0,0.1107,67399.0,0.111,5648.0,0.1111,8002.0
1753617743158,12:02:23.158,phemex,AEVO/USDT:USDT,0.1108,19599.0,0.1107,67399.0,0.1109,642.0,0.111,5648.0
1753617743273,12:02:23.273,phemex,AEVO/USDT:USDT,0.1108,19599.0,0.1107,67399.0,0.111,5648.0,0.1111,8002.0
1753617743347,12:02:23.347,phemex,AEVO/USDT:USDT,0.1108,19599.0,0.1107,67399.0,0.111,15648.0,0.1111,8002.0
1753617743372,12:02:23.372,phemex,AEVO/USDT:USDT,0.1108,19599.0,0.1107,67399.0,0.1109,642.0,0.111,15648.0
1753617743594,12:02:23.594,phemex,AEVO/USDT:USDT,0.1108,19599.0,0.1107,67399.0,0.111,15648.0,0.1111,8002.0
1753617743617,12:02:23.617,phemex,AEVO/USDT:USDT,0.1108,19599.0,0.1107,67399.0,0.1109,642.0,0.111,15648.0
1753617744052,12:02:24.052,phemex,AEVO/USDT:USDT,0.1108,19599.0,0.1107,67399.0,0.111,15648.0,0.1111,8002.0
1753617744082,12:02:24.082,phemex,AEVO/USDT:USDT,0.1108,19599.0,0.1107,67399.0,0.1109,642.0,0.111,15648.0
1753617745125,12:02:25.125,phemex,AEVO/USDT:USDT,0.1108,19599.0,0.1107,67399.0,0.111,15648.0,0.1111,8002.0
1753617745302,12:02:25.302,phemex,AEVO/USDT:USDT,0.1108,19599.0,0.1107,67399.0,0.1109,642.0,0.111,15648.0
1753617745332,12:02:25.332,phemex,AEVO/USDT:USDT,0.1108,19599.0,0.1107,67399.0,0.111,15648.0,0.1111,8002.0
1753617745879,12:02:25.879,phemex,AEVO/USDT:USDT,0.1108,19599.0,0.1107,67399.0,0.1109,642.0,0.111,15648.0
1753617745898,12:02:25.898,phemex,AEVO/USDT:USDT,0.1108,19599.0,0.1107,67399.0,0.111,15648.0,0.1111,8002.0
1753617746504,12:02:26.504,phemex,AEVO/USDT:USDT,0.1108,19599.0,0.1107,67399.0,0.111,15648.0,0.1111,8002.0
1753617746617,12:02:26.617,phemex,AEVO/USDT:USDT,0.1108,19599.0,0.1107,67399.0,0.1109,642.0,0.111,15648.0
1753617746660,12:02:26.660,phemex,AEVO/USDT:USDT,0.1108,19599.0,0.1107,67399.0,0.111,15648.0,0.1111,8002.0
1753617746684,12:02:26.684,phemex,AEVO/USDT:USDT,0.1108,19599.0,0.1107,67399.0,0.1109,642.0,0.111,15648.0
1753617746720,12:02:26.720,phemex,AEVO/USDT:USDT,0.1108,19599.0,0.1107,67399.0,0.111,15648.0,0.1111,8002.0
1753617746892,12:02:26.892,phemex,AEVO/USDT:USDT,0.1108,19599.0,0.1107,67399.0,0.1109,642.0,0.111,15648.0
1753617746941,12:02:26.941,phemex,AEVO/USDT:USDT,0.1108,19599.0,0.1107,67399.0,0.111,15648.0,0.1111,8002.0
1753617746990,12:02:26.990,phemex,AEVO/USDT:USDT,0.1108,19599.0,0.1107,67399.0,0.1109,642.0,0.111,15648.0
1753617747043,12:02:27.043,phemex,AEVO/USDT:USDT,0.1108,19599.0,0.1107,67399.0,0.111,15648.0,0.1111,8002.0
1753617747311,12:02:27.311,phemex,AEVO/USDT:USDT,0.1108,19599.0,0.1107,67399.0,0.1109,642.0,0.111,15648.0
1753617747325,12:02:27.325,phemex,AEVO/USDT:USDT,0.1108,19599.0,0.1107,67399.0,0.111,15648.0,0.1111,8002.0
1753617747445,12:02:27.445,phemex,AEVO/USDT:USDT,0.1108,19599.0,0.1107,67399.0,0.1109,642.0,0.111,15648.0
1753617747466,12:02:27.466,phemex,AEVO/USDT:USDT,0.1108,19599.0,0.1107,67399.0,0.111,15648.0,0.1111,8002.0
1753617747580,12:02:27.580,phemex,AEVO/USDT:USDT,0.1108,19599.0,0.1107,67399.0,0.1109,642.0,0.111,15648.0
1753617747587,12:02:27.587,phemex,AEVO/USDT:USDT,0.1108,19599.0,0.1107,67399.0,0.111,15648.0,0.1111,8002.0
1753617747611,12:02:27.611,phemex,AEVO/USDT:USDT,0.1108,19599.0,0.1107,67399.0,0.1109,642.0,0.111,15648.0
1753617747627,12:02:27.627,phemex,AEVO/USDT:USDT,0.1108,19599.0,0.1107,67399.0,0.111,15648.0,0.1111,8002.0
1753617747651,12:02:27.651,phemex,AEVO/USDT:USDT,0.1108,19599.0,0.1107,67399.0,0.1109,642.0,0.111,15648.0
1753617747721,12:02:27.721,phemex,AEVO/USDT:USDT,0.1108,19599.0,0.1107,67399.0,0.1109,642.0,0.111,15648.0
1753617748167,12:02:28.167,phemex,AEVO/USDT:USDT,0.1108,19599.0,0.1107,67399.0,0.111,15648.0,0.1111,8002.0
1753617748196,12:02:28.196,phemex,AEVO/USDT:USDT,0.1108,19599.0,0.1107,67399.0,0.1109,642.0,0.111,15648.0
1753617749173,12:02:29.173,phemex,AEVO/USDT:USDT,0.1108,19599.0,0.1107,67399.0,0.111,15648.0,0.1111,8002.0
1753617749320,12:02:29.320,phemex,AEVO/USDT:USDT,0.1108,19599.0,0.1107,67399.0,0.1109,642.0,0.111,15648.0
1753617749376,12:02:29.376,phemex,AEVO/USDT:USDT,0.1108,19599.0,0.1107,67399.0,0.111,15648.0,0.1111,8002.0
1753617749416,12:02:29.416,phemex,AEVO/USDT:USDT,0.1108,19599.0,0.1107,67399.0,0.1109,642.0,0.111,15648.0
1753617749442,12:02:29.442,phemex,AEVO/USDT:USDT,0.1108,19599.0,0.1107,67399.0,0.111,15648.0,0.1111,8002.0
1753617749622,12:02:29.622,phemex,AEVO/USDT:USDT,0.1108,19599.0,0.1107,67399.0,0.1109,642.0,0.111,15648.0
1753617749662,12:02:29.662,phemex,AEVO/USDT:USDT,0.1108,19599.0,0.1107,67399.0,0.111,15648.0,0.1111,8002.0
1753617749703,12:02:29.703,phemex,AEVO/USDT:USDT,0.1108,19599.0,0.1107,67399.0,0.1109,642.0,0.111,15648.0
1753617749744,12:02:29.744,phemex,AEVO/USDT:USDT,0.1108,19599.0,0.1107,67399.0,0.111,15648.0,0.1111,8002.0
1753617749845,12:02:29.845,phemex,AEVO/USDT:USDT,0.1108,19599.0,0.1107,67399.0,0.1109,642.0,0.111,15648.0
1753617749883,12:02:29.883,phemex,AEVO/USDT:USDT,0.1108,19599.0,0.1107,67399.0,0.111,15648.0,0.1111,8002.0
1753617750341,12:02:30.341,phemex,AEVO/USDT:USDT,0.1108,19599.0,0.1107,67399.0,0.1109,638.0,0.111,15648.0
1753617750365,12:02:30.365,phemex,AEVO/USDT:USDT,0.1108,19599.0,0.1107,67399.0,0.111,15648.0,0.1111,8002.0
1753617750485,12:02:30.485,phemex,AEVO/USDT:USDT,0.1108,19599.0,0.1107,67399.0,0.111,15648.0,0.1111,8002.0
1753617751305,12:02:31.305,phemex,AEVO/USDT:USDT,0.1109,638.0,0.1108,19599.0,0.111,15648.0,0.1111,8002.0
1753617751330,12:02:31.330,phemex,AEVO/USDT:USDT,0.1108,19599.0,0.1107,67399.0,0.111,15648.0,0.1111,8002.0
1753617751354,12:02:31.354,phemex,AEVO/USDT:USDT,0.1109,638.0,0.1108,19599.0,0.111,15648.0,0.1111,8002.0
1753617751427,12:02:31.427,phemex,AEVO/USDT:USDT,0.1108,19599.0,0.1107,67399.0,0.111,15648.0,0.1111,8002.0
1753617751465,12:02:31.465,phemex,AEVO/USDT:USDT,0.1109,638.0,0.1108,19599.0,0.111,15648.0,0.1111,8002.0
1753617751561,12:02:31.561,phemex,AEVO/USDT:USDT,0.1109,638.0,0.1108,19599.0,0.111,29212.0,0.1111,8002.0
1753617751573,12:02:31.573,phemex,AEVO/USDT:USDT,0.1108,19599.0,0.1107,67399.0,0.111,29212.0,0.1111,8002.0
1753617751612,12:02:31.612,phemex,AEVO/USDT:USDT,0.1109,638.0,0.1108,19599.0,0.111,29212.0,0.1111,8002.0
1753617751661,12:02:31.661,phemex,AEVO/USDT:USDT,0.1108,19599.0,0.1107,67399.0,0.111,29212.0,0.1111,8002.0
1753617751673,12:02:31.673,phemex,AEVO/USDT:USDT,0.1109,638.0,0.1108,19599.0,0.111,29212.0,0.1111,8002.0
1753617751693,12:02:31.693,phemex,AEVO/USDT:USDT,0.1108,19599.0,0.1107,67399.0,0.111,29212.0,0.1111,8002.0
1753617751713,12:02:31.713,phemex,AEVO/USDT:USDT,0.1109,638.0,0.1108,19599.0,0.111,29212.0,0.1111,8002.0
1753617751745,12:02:31.745,phemex,AEVO/USDT:USDT,0.1109,638.0,0.1108,19599.0,0.111,29212.0,0.1111,8002.0
1753617751854,12:02:31.854,phemex,AEVO/USDT:USDT,0.1109,638.0,0.1108,19599.0,0.111,29212.0,0.1111,8002.0
1753617751932,12:02:31.932,phemex,AEVO/USDT:USDT,0.1108,19599.0,0.1107,67399.0,0.111,29212.0,0.1111,8002.0
1753617751957,12:02:31.957,phemex,AEVO/USDT:USDT,0.1109,638.0,0.1108,19599.0,0.111,29212.0,0.1111,8002.0
1753617752104,12:02:32.104,phemex,AEVO/USDT:USDT,0.1109,18661.0,0.1108,652.0,0.111,19212.0,0.1111,11201.0
1753617752256,12:02:32.256,phemex,AEVO/USDT:USDT,0.1109,18661.0,0.1108,652.0,0.111,19212.0,0.1111,11201.0
1753617753750,12:02:33.750,phemex,AEVO/USDT:USDT,0.1109,18661.0,0.1108,652.0,0.111,19212.0,0.1111,11201.0
1753617755072,12:02:35.072,phemex,AEVO/USDT:USDT,0.1109,18023.0,0.1108,652.0,0.111,19212.0,0.1111,11201.0
1753617755364,12:02:35.364,phemex,AEVO/USDT:USDT,0.1109,10398.0,0.1108,652.0,0.111,19212.0,0.1111,11201.0
1753617755689,12:02:35.689,phemex,AEVO/USDT:USDT,0.1109,11036.0,0.1108,652.0,0.111,19212.0,0.1111,11201.0
1753617756705,12:02:36.705,phemex,AEVO/USDT:USDT,0.1109,11036.0,0.1108,652.0,0.111,19212.0,0.1111,11201.0
1753617758029,12:02:38.029,phemex,AEVO/USDT:USDT,0.1109,10436.0,0.1108,652.0,0.111,19212.0,0.1111,11201.0
1753617758336,12:02:38.336,phemex,AEVO/USDT:USDT,0.1109,10436.0,0.1108,652.0,0.111,19212.0,0.1111,11201.0
1753617758345,12:02:38.345,phemex,AEVO/USDT:USDT,0.1109,10436.0,0.1108,652.0,0.111,19212.0,0.1111,11201.0
1753617759322,12:02:39.322,phemex,AEVO/USDT:USDT,0.1109,10316.0,0.1108,652.0,0.111,19212.0,0.1111,11201.0
1753617760971,12:02:40.971,phemex,AEVO/USDT:USDT,0.1108,18571.0,0.1107,51895.0,0.111,19212.0,0.1111,11201.0
1753617761007,12:02:41.007,phemex,AEVO/USDT:USDT,0.1108,18571.0,0.1107,51895.0,0.111,10648.0,0.1111,8002.0
1753617761025,12:02:41.025,phemex,AEVO/USDT:USDT,0.1109,638.0,0.1108,18571.0,0.111,10648.0,0.1111,8002.0
1753617761085,12:02:41.085,phemex,AEVO/USDT:USDT,0.1109,638.0,0.1108,18571.0,0.111,25866.0,0.1111,8002.0
1753617761116,12:02:41.116,phemex,AEVO/USDT:USDT,0.1109,638.0,0.1108,18571.0,0.111,20866.0,0.1111,8002.0
1753617761123,12:02:41.123,phemex,AEVO/USDT:USDT,0.1109,638.0,0.1108,18571.0,0.111,20866.0,0.1111,11201.0
1753617761169,12:02:41.169,phemex,AEVO/USDT:USDT,0.1109,638.0,0.1108,18571.0,0.111,25866.0,0.1111,8002.0
1753617761183,12:02:41.183,phemex,AEVO/USDT:USDT,0.1109,638.0,0.1108,18571.0,0.111,20866.0,0.1111,8002.0
1753617762910,12:02:42.910,phemex,AEVO/USDT:USDT,0.1108,18571.0,0.1107,51895.0,0.111,20866.0,0.1111,8002.0
1753617762934,12:02:42.934,phemex,AEVO/USDT:USDT,0.1109,638.0,0.1108,18571.0,0.111,20866.0,0.1111,8002.0
1753617763700,12:02:43.700,phemex,AEVO/USDT:USDT,0.1108,18571.0,0.1107,51895.0,0.111,20866.0,0.1111,8002.0
1753617763720,12:02:43.720,phemex,AEVO/USDT:USDT,0.1109,638.0,0.1108,18571.0,0.111,20866.0,0.1111,8002.0
1753617765177,12:02:45.177,phemex,AEVO/USDT:USDT,0.1109,638.0,0.1108,18571.0,0.111,20866.0,0.1111,8002.0
1753617765188,12:02:45.188,phemex,AEVO/USDT:USDT,0.1109,638.0,0.1108,18571.0,0.111,20866.0,0.1111,8002.0
1753617765351,12:02:45.351,phemex,AEVO/USDT:USDT,0.1109,638.0,0.1108,18571.0,0.111,15866.0,0.1111,8002.0
1753617765353,12:02:45.353,phemex,AEVO/USDT:USDT,0.1109,638.0,0.1108,18571.0,0.111,15866.0,0.1111,11201.0
1753617765610,12:02:45.610,phemex,AEVO/USDT:USDT,0.1109,638.0,0.1108,18571.0,0.111,15866.0,0.1111,11201.0
1753617766386,12:02:46.386,phemex,AEVO/USDT:USDT,0.1109,16943.0,0.1108,652.0,0.111,15866.0,0.1111,11201.0
1753617770552,12:02:50.552,phemex,AEVO/USDT:USDT,0.1109,16943.0,0.1108,652.0,0.111,15866.0,0.1111,11201.0
1753617770559,12:02:50.559,phemex,AEVO/USDT:USDT,0.1109,16943.0,0.1108,6967.0,0.111,15866.0,0.1111,11201.0
1753617770975,12:02:50.975,phemex,AEVO/USDT:USDT,0.1109,16943.0,0.1108,6967.0,0.111,15866.0,0.1111,11201.0
1753617770975,12:02:50.975,phemex,AEVO/USDT:USDT,0.1109,16943.0,0.1108,6967.0,0.111,15866.0,0.1111,11201.0
1753617776561,12:02:56.561,phemex,AEVO/USDT:USDT,0.1109,16943.0,0.1108,652.0,0.111,15866.0,0.1111,11201.0
1753617776600,12:02:56.600,phemex,AEVO/USDT:USDT,0.1109,16943.0,0.1108,652.0,0.111,15218.0,0.1111,11201.0
1753617776609,12:02:56.609,phemex,AEVO/USDT:USDT,0.1109,16943.0,0.1108,652.0,0.111,15218.0,0.1111,11201.0
1753617776666,12:02:56.666,phemex,AEVO/USDT:USDT,0.1109,16943.0,0.1108,652.0,0.111,15218.0,0.1111,11201.0
1753617776673,12:02:56.673,phemex,AEVO/USDT:USDT,0.1109,16943.0,0.1108,652.0,0.111,15218.0,0.1111,11201.0
1753617777477,12:02:57.477,phemex,AEVO/USDT:USDT,0.1109,16943.0,0.1108,652.0,0.111,15218.0,0.1111,11201.0
1753617777503,12:02:57.503,phemex,AEVO/USDT:USDT,0.1109,16943.0,0.1108,652.0,0.111,15218.0,0.1111,3860.0
1753617777510,12:02:57.510,phemex,AEVO/USDT:USDT,0.1109,16943.0,0.1108,652.0,0.111,15218.0,0.1111,3860.0
1753617777716,12:02:57.716,phemex,AEVO/USDT:USDT,0.1109,16943.0,0.1108,652.0,0.1111,16313.0,0.1112,643.0
1753617777743,12:02:57.743,phemex,AEVO/USDT:USDT,0.111,15692.0,0.1109,638.0,0.1111,16313.0,0.1112,3842.0
1753617777769,12:02:57.769,phemex,AEVO/USDT:USDT,0.111,15692.0,0.1109,638.0,0.1111,16313.0,0.1112,3842.0
1753617778010,12:02:58.010,phemex,AEVO/USDT:USDT,0.111,15692.0,0.1109,638.0,0.1111,16313.0,0.1112,3842.0
1753617778061,12:02:58.061,phemex,AEVO/USDT:USDT,0.111,15692.0,0.1109,638.0,0.1111,16313.0,0.1112,3842.0
1753617779705,12:02:59.705,phemex,AEVO/USDT:USDT,0.111,15692.0,0.1108,652.0,0.1111,16313.0,0.1112,3842.0
1753617779732,12:02:59.732,phemex,AEVO/USDT:USDT,0.111,15692.0,0.1108,652.0,0.1111,16313.0,0.1112,3842.0
1753617779934,12:02:59.934,phemex,AEVO/USDT:USDT,0.111,15692.0,0.1108,10652.0,0.1111,16313.0,0.1112,3842.0
1753617780300,12:03:00.300,phemex,AEVO/USDT:USDT,0.111,15692.0,0.1108,10652.0,0.1111,16313.0,0.1112,3842.0
1753617780309,12:03:00.309,phemex,AEVO/USDT:USDT,0.111,15692.0,0.1108,10652.0,0.1111,16313.0,0.1112,3842.0
1753617781628,12:03:01.628,phemex,AEVO/USDT:USDT,0.111,15692.0,0.1108,10652.0,0.1111,16313.0,0.1112,3842.0
1753617781635,12:03:01.635,phemex,AEVO/USDT:USDT,0.111,15692.0,0.1108,10652.0,0.1111,16313.0,0.1112,3842.0
1753617781996,12:03:01.996,phemex,AEVO/USDT:USDT,0.111,15692.0,0.1108,10652.0,0.1112,18766.0,0.1113,18102.0
1753617782069,12:03:02.069,phemex,AEVO/USDT:USDT,0.111,15692.0,0.1108,10652.0,0.1111,637.0,0.1112,21965.0
1753617782417,12:03:02.417,phemex,AEVO/USDT:USDT,0.111,15692.0,0.1108,10652.0,0.1111,637.0,0.1112,21965.0
1753617785105,12:03:05.105,phemex,AEVO/USDT:USDT,0.111,15692.0,0.1108,10652.0,0.1111,637.0,0.1112,21965.0
1753617785275,12:03:05.275,phemex,AEVO/USDT:USDT,0.111,15692.0,0.1108,10652.0,0.1111,637.0,0.1112,21965.0
1753617787223,12:03:07.223,phemex,AEVO/USDT:USDT,0.111,15692.0,0.1108,10652.0,0.1111,15905.0,0.1112,3842.0
1753617787277,12:03:07.277,phemex,AEVO/USDT:USDT,0.111,15692.0,0.1108,10652.0,0.1111,16542.0,0.1112,3842.0
1753617787344,12:03:07.344,phemex,AEVO/USDT:USDT,0.111,15692.0,0.1108,10652.0,0.1111,15905.0,0.1112,3842.0
1753617787380,12:03:07.380,phemex,AEVO/USDT:USDT,0.111,15692.0,0.1108,10652.0,0.1111,16542.0,0.1112,3842.0
1753617788048,12:03:08.048,phemex,AEVO/USDT:USDT,0.111,15692.0,0.1108,10652.0,0.1111,16542.0,0.1112,3842.0
1753617788340,12:03:08.340,phemex,AEVO/USDT:USDT,0.111,15692.0,0.1108,10652.0,0.1111,16542.0,0.1112,3842.0
1753617788358,12:03:08.358,phemex,AEVO/USDT:USDT,0.111,15692.0,0.1108,10652.0,0.1111,16542.0,0.1112,5432.0
1753617791076,12:03:11.076,phemex,AEVO/USDT:USDT,0.111,15692.0,0.1108,10652.0,0.1111,13552.0,0.1112,5432.0
1753617793706,12:03:13.706,phemex,AEVO/USDT:USDT,0.111,15692.0,0.1108,10652.0,0.1111,13552.0,0.1112,18083.0
1753617794264,12:03:14.264,phemex,AEVO/USDT:USDT,0.111,15692.0,0.1108,10652.0,0.1111,13032.0,0.1112,18083.0
1753617794762,12:03:14.762,phemex,AEVO/USDT:USDT,0.111,15692.0,0.1108,10652.0,0.1111,12395.0,0.1112,18083.0
1753617795634,12:03:15.634,phemex,AEVO/USDT:USDT,0.1111,654.0,0.111,14800.0,0.1112,15838.0,0.1113,33787.0
1753617797973,12:03:17.973,phemex,AEVO/USDT:USDT,0.111,14800.0,0.1108,10652.0,0.1112,20835.0,0.1113,30588.0
1753617797983,12:03:17.983,phemex,AEVO/USDT:USDT,0.111,14800.0,0.1108,10652.0,0.1111,654.0,0.1112,20835.0
1753617798006,12:03:18.006,phemex,AEVO/USDT:USDT,0.111,14800.0,0.1108,10652.0,0.1112,22425.0,0.1113,28998.0
1753617798034,12:03:18.034,phemex,AEVO/USDT:USDT,0.111,14800.0,0.1108,10652.0,0.1112,20835.0,0.1113,30588.0
1753617798235,12:03:18.235,phemex,AEVO/USDT:USDT,0.111,14800.0,0.1108,10652.0,0.1111,654.0,0.1112,20835.0
1753617798289,12:03:18.289,phemex,AEVO/USDT:USDT,0.111,14800.0,0.1108,10652.0,0.1112,22425.0,0.1113,28998.0
1753617798330,12:03:18.330,phemex,AEVO/USDT:USDT,0.111,14800.0,0.1108,10652.0,0.1111,654.0,0.1112,20835.0
1753617798371,12:03:18.371,phemex,AEVO/USDT:USDT,0.111,14800.0,0.1108,10652.0,0.1112,22425.0,0.1113,28998.0
1753617798382,12:03:18.382,phemex,AEVO/USDT:USDT,0.111,14800.0,0.1108,10652.0,0.1111,654.0,0.1112,22425.0
1753617798404,12:03:18.404,phemex,AEVO/USDT:USDT,0.111,14800.0,0.1108,10652.0,0.1112,20835.0,0.1113,28998.0
1753617798433,12:03:18.433,phemex,AEVO/USDT:USDT,0.111,14800.0,0.1108,10652.0,0.1111,654.0,0.1112,20835.0
1753617798445,12:03:18.445,phemex,AEVO/USDT:USDT,0.111,14800.0,0.1108,10652.0,0.1112,20835.0,0.1113,30588.0
1753617798467,12:03:18.467,phemex,AEVO/USDT:USDT,0.111,14800.0,0.1108,10652.0,0.1111,654.0,0.1112,20835.0
1753617798511,12:03:18.511,phemex,AEVO/USDT:USDT,0.111,14800.0,0.1108,10652.0,0.1112,22425.0,0.1113,28998.0
1753617798555,12:03:18.555,phemex,AEVO/USDT:USDT,0.111,14800.0,0.1108,10652.0,0.1111,654.0,0.1112,20835.0
1753617798597,12:03:18.597,phemex,AEVO/USDT:USDT,0.111,14800.0,0.1108,10652.0,0.1111,654.0,0.1112,22425.0
1753617799505,12:03:19.505,phemex,AEVO/USDT:USDT,0.111,14800.0,0.1108,10652.0,0.1111,654.0,0.1112,22425.0
1753617799564,12:03:19.564,phemex,AEVO/USDT:USDT,0.111,14800.0,0.1108,10652.0,0.1112,22425.0,0.1113,28998.0
1753617799596,12:03:19.596,phemex,AEVO/USDT:USDT,0.111,14800.0,0.1108,10652.0,0.1111,654.0,0.1112,20835.0
1753617799633,12:03:19.633,phemex,AEVO/USDT:USDT,0.111,14800.0,0.1108,10652.0,0.1111,654.0,0.1112,22425.0
1753617800187,12:03:20.187,phemex,AEVO/USDT:USDT,0.111,14800.0,0.1108,10652.0,0.1111,654.0,0.1112,22425.0
1753617800224,12:03:20.224,phemex,AEVO/USDT:USDT,0.111,14800.0,0.1108,10652.0,0.1111,654.0,0.1112,22425.0
1753617800515,12:03:20.515,phemex,AEVO/USDT:USDT,0.111,14800.0,0.1108,10652.0,0.1111,18548.0,0.1112,7230.0
1753617800980,12:03:20.980,phemex,AEVO/USDT:USDT,0.111,14800.0,0.1108,10652.0,0.1111,18548.0,0.1112,7230.0
1753617801486,12:03:21.486,phemex,AEVO/USDT:USDT,0.111,14800.0,0.1108,29509.0,0.1111,18548.0,0.1112,19881.0
1753617805750,12:03:25.750,phemex,AEVO/USDT:USDT,0.111,14800.0,0.1108,29509.0,0.1111,17894.0,0.1112,19881.0
1753617806391,12:03:26.391,phemex,AEVO/USDT:USDT,0.111,14800.0,0.1108,29509.0,0.1111,15649.0,0.1112,19881.0
1753617806614,12:03:26.614,phemex,AEVO/USDT:USDT,0.111,14800.0,0.1108,10652.0,0.1111,15649.0,0.1112,5640.0
1753617806617,12:03:26.617,phemex,AEVO/USDT:USDT,0.111,14800.0,0.1108,10652.0,0.1111,15649.0,0.1112,5640.0
1753617807096,12:03:27.096,phemex,AEVO/USDT:USDT,0.1111,16248.0,0.111,642.0,0.1112,18359.0,0.1113,18102.0
1753617807191,12:03:27.191,phemex,AEVO/USDT:USDT,0.1111,16248.0,0.111,642.0,0.1112,18359.0,0.1113,18102.0
1753617807199,12:03:27.199,phemex,AEVO/USDT:USDT,0.1111,16248.0,0.111,642.0,0.1112,18359.0,0.1113,18102.0
1753617808240,12:03:28.240,phemex,AEVO/USDT:USDT,0.1111,16248.0,0.111,642.0,0.1112,18359.0,0.1113,18102.0
1753617808259,12:03:28.259,phemex,AEVO/USDT:USDT,0.1111,16248.0,0.111,642.0,0.1112,18359.0,0.1113,18102.0
1753617811305,12:03:31.305,phemex,AEVO/USDT:USDT,0.1111,16248.0,0.111,642.0,0.1112,18359.0,0.1113,18102.0
1753617811361,12:03:31.361,phemex,AEVO/USDT:USDT,0.1111,16248.0,0.111,642.0,0.1112,18359.0,0.1113,18102.0
1753617812290,12:03:32.290,phemex,AEVO/USDT:USDT,0.1111,16248.0,0.111,642.0,0.1112,18359.0,0.1113,33787.0
1753617812979,12:03:32.979,phemex,AEVO/USDT:USDT,0.1111,16248.0,0.111,642.0,0.1112,18359.0,0.1113,33787.0
1753617821930,12:03:41.930,phemex,AEVO/USDT:USDT,0.1111,16248.0,0.111,642.0,0.1112,17716.0,0.1113,33787.0
1753617822820,12:03:42.820,phemex,AEVO/USDT:USDT,0.1111,16248.0,0.111,642.0,0.1112,16405.0,0.1113,33787.0
1753617822900,12:03:42.900,phemex,AEVO/USDT:USDT,0.1111,16248.0,0.111,642.0,0.1112,16405.0,0.1113,33787.0
1753617828302,12:03:48.302,phemex,AEVO/USDT:USDT,0.1111,16248.0,0.111,642.0,0.1112,15526.0,0.1113,33787.0
1753617828328,12:03:48.328,phemex,AEVO/USDT:USDT,0.1111,16248.0,0.111,642.0,0.1112,16185.0,0.1113,33787.0
1753617828328,12:03:48.328,phemex,AEVO/USDT:USDT,0.1111,16248.0,0.111,642.0,0.1112,16185.0,0.1113,33787.0
1753617836336,12:03:56.336,phemex,AEVO/USDT:USDT,0.1111,16248.0,0.111,642.0,0.1112,16185.0,0.1113,33787.0
1753617836341,12:03:56.341,phemex,AEVO/USDT:USDT,0.1111,16248.0,0.111,642.0,0.1112,16185.0,0.1113,33787.0
1753617837513,12:03:57.513,phemex,AEVO/USDT:USDT,0.1111,16248.0,0.111,642.0,0.1112,15972.0,0.1113,33787.0
1753617839597,12:03:59.597,phemex,AEVO/USDT:USDT,0.1111,16248.0,0.111,642.0,0.1112,15972.0,0.1113,33787.0
1753617839598,12:03:59.598,phemex,AEVO/USDT:USDT,0.1111,16248.0,0.111,642.0,0.1112,15972.0,0.1113,33787.0
1753617839782,12:03:59.782,phemex,AEVO/USDT:USDT,0.1111,16248.0,0.111,642.0,0.1112,15972.0,0.1113,33787.0
1753617839910,12:03:59.910,phemex,AEVO/USDT:USDT,0.1111,16248.0,0.111,642.0,0.1112,15942.0,0.1113,33787.0
1753617842693,12:04:02.693,phemex,AEVO/USDT:USDT,0.1111,16253.0,0.111,642.0,0.1112,15942.0,0.1113,33787.0
1753617843575,12:04:03.575,phemex,AEVO/USDT:USDT,0.111,19691.0,0.1108,10652.0,0.1112,15942.0,0.1113,33787.0
1753617843591,12:04:03.591,phemex,AEVO/USDT:USDT,0.111,19691.0,0.1108,10652.0,0.1111,664.0,0.1112,19141.0
1753617843615,12:04:03.615,phemex,AEVO/USDT:USDT,0.111,19691.0,0.1108,10652.0,0.1111,664.0,0.1112,22529.0
1753617843706,12:04:03.706,phemex,AEVO/USDT:USDT,0.111,19691.0,0.1108,10652.0,0.1111,664.0,0.1112,22529.0
1753617843735,12:04:03.735,phemex,AEVO/USDT:USDT,0.111,19691.0,0.1108,10652.0,0.1111,17896.0,0.1112,7246.0
1753617843945,12:04:03.945,phemex,AEVO/USDT:USDT,0.111,19691.0,0.1108,10652.0,0.1111,17896.0,0.1112,7246.0
1753617843983,12:04:03.983,phemex,AEVO/USDT:USDT,0.111,19049.0,0.1108,10652.0,0.1111,17896.0,0.1112,7246.0
1753617844016,12:04:04.016,phemex,AEVO/USDT:USDT,0.1109,13189.0,0.1108,10652.0,0.1111,17896.0,0.1112,7246.0
1753617844098,12:04:04.098,phemex,AEVO/USDT:USDT,0.1109,13853.0,0.1108,10652.0,0.1111,21095.0,0.1112,4047.0
1753617844100,12:04:04.100,phemex,AEVO/USDT:USDT,0.1109,13853.0,0.1108,10652.0,0.1111,21095.0,0.1112,4047.0
1753617844183,12:04:04.183,phemex,AEVO/USDT:USDT,0.1109,13853.0,0.1108,10652.0,0.111,664.0,0.1111,21095.0
1753617844201,12:04:04.201,phemex,AEVO/USDT:USDT,0.1109,13853.0,0.1108,10652.0,0.111,664.0,0.1111,21095.0
1753617844233,12:04:04.233,phemex,AEVO/USDT:USDT,0.1109,13853.0,0.1108,10652.0,0.111,664.0,0.1111,21095.0
1753617845984,12:04:05.984,phemex,AEVO/USDT:USDT,0.1109,13853.0,0.1108,10652.0,0.111,664.0,0.1111,21095.0
1753617846044,12:04:06.044,phemex,AEVO/USDT:USDT,0.1109,13853.0,0.1108,10652.0,0.111,664.0,0.1111,21095.0
1753617846187,12:04:06.187,phemex,AEVO/USDT:USDT,0.1109,13853.0,0.1108,10652.0,0.111,5664.0,0.1111,21095.0
1753617846371,12:04:06.371,phemex,AEVO/USDT:USDT,0.1109,13189.0,0.1108,652.0,0.111,5664.0,0.1111,21095.0
1753617847895,12:04:07.895,phemex,AEVO/USDT:USDT,0.1109,13853.0,0.1108,652.0,0.111,5664.0,0.1111,21095.0
1753617848319,12:04:08.319,phemex,AEVO/USDT:USDT,0.1109,13853.0,0.1108,652.0,0.111,5664.0,0.1111,21095.0
1753617848326,12:04:08.326,phemex,AEVO/USDT:USDT,0.1109,13853.0,0.1108,652.0,0.111,5664.0,0.1111,21095.0
1753617849062,12:04:09.062,phemex,AEVO/USDT:USDT,0.1109,10853.0,0.1108,652.0,0.111,5664.0,0.1111,21095.0
1753617849154,12:04:09.154,phemex,AEVO/USDT:USDT,0.1109,10853.0,0.1108,652.0,0.111,21109.0,0.1111,3863.0
1753617849178,12:04:09.178,phemex,AEVO/USDT:USDT,0.1109,10853.0,0.1108,652.0,0.111,21109.0,0.1111,3863.0
1753617849537,12:04:09.537,phemex,AEVO/USDT:USDT,0.1109,10853.0,0.1108,652.0,0.111,21109.0,0.1111,3863.0
1753617849554,12:04:09.554,phemex,AEVO/USDT:USDT,0.1109,10853.0,0.1108,13194.0,0.111,21109.0,0.1111,3863.0
1753617849556,12:04:09.556,phemex,AEVO/USDT:USDT,0.1109,10853.0,0.1108,19509.0,0.111,21109.0,0.1111,3863.0
1753617853128,12:04:13.128,phemex,AEVO/USDT:USDT,0.1109,10853.0,0.1108,19509.0,0.111,21109.0,0.1111,3863.0
1753617853216,12:04:13.216,phemex,AEVO/USDT:USDT,0.1109,7653.0,0.1108,19509.0,0.111,21109.0,0.1111,3863.0
1753617853652,12:04:13.652,phemex,AEVO/USDT:USDT,0.1109,7653.0,0.1108,6967.0,0.111,16109.0,0.1111,3863.0
