timestamp,time,exchange,symbol,bid1_price,bid1_volume,bid2_price,bid2_volume,ask1_price,ask1_volume,ask2_price,ask2_volume
1753617161501,11:52:41.501,huobi,AAVE/USDT:USDT,295.508,7.0,295.501,1.0,295.601,7.0,295.615,47.0
1753617161887,11:52:41.887,huobi,AAVE/USDT:USDT,295.508,7.0,295.501,1.0,295.601,7.0,295.615,47.0
1753617162480,11:52:42.480,huobi,AAVE/USDT:USDT,295.508,7.0,295.501,1.0,295.601,7.0,295.615,47.0
1753617162542,11:52:42.542,huobi,AAVE/USDT:USDT,295.508,7.0,295.501,1.0,295.601,7.0,295.615,47.0
1753617162567,11:52:42.567,huobi,AAVE/USDT:USDT,295.508,7.0,295.501,1.0,295.601,7.0,295.615,47.0
1753617162852,11:52:42.852,huobi,AAVE/USDT:USDT,295.508,7.0,295.501,1.0,295.601,7.0,295.615,47.0
1753617162937,11:52:42.937,huobi,AAVE/USDT:USDT,295.508,7.0,295.501,1.0,295.601,7.0,295.615,47.0
1753617163072,11:52:43.072,huobi,AAVE/USDT:USDT,295.508,7.0,295.501,1.0,295.601,7.0,295.615,47.0
1753617163129,11:52:43.129,huobi,AAVE/USDT:USDT,295.508,7.0,295.501,1.0,295.601,7.0,295.615,47.0
1753617163230,11:52:43.230,huobi,AAVE/USDT:USDT,295.508,7.0,295.501,1.0,295.601,7.0,295.615,47.0
1753617163243,11:52:43.243,huobi,AAVE/USDT:USDT,295.508,7.0,295.501,1.0,295.601,7.0,295.615,47.0
1753617163746,11:52:43.746,huobi,AAVE/USDT:USDT,295.508,7.0,295.501,1.0,295.601,7.0,295.615,47.0
1753617163795,11:52:43.795,huobi,AAVE/USDT:USDT,295.508,7.0,295.501,1.0,295.601,7.0,295.615,47.0
1753617163842,11:52:43.842,huobi,AAVE/USDT:USDT,295.508,7.0,295.501,1.0,295.601,7.0,295.615,47.0
1753617163871,11:52:43.871,huobi,AAVE/USDT:USDT,295.508,7.0,295.501,1.0,295.601,7.0,295.615,47.0
1753617163918,11:52:43.918,huobi,AAVE/USDT:USDT,295.508,7.0,295.501,1.0,295.601,7.0,295.615,47.0
1753617163938,11:52:43.938,huobi,AAVE/USDT:USDT,295.508,7.0,295.501,1.0,295.601,7.0,295.615,47.0
1753617163964,11:52:43.964,huobi,AAVE/USDT:USDT,295.508,7.0,295.501,1.0,295.601,7.0,295.615,47.0
1753617164011,11:52:44.011,huobi,AAVE/USDT:USDT,295.508,7.0,295.501,1.0,295.601,7.0,295.615,47.0
1753617164030,11:52:44.030,huobi,AAVE/USDT:USDT,295.508,7.0,295.501,1.0,295.601,7.0,295.615,47.0
1753617164055,11:52:44.055,huobi,AAVE/USDT:USDT,295.508,7.0,295.501,1.0,295.601,7.0,295.615,47.0
1753617164165,11:52:44.165,huobi,AAVE/USDT:USDT,295.508,7.0,295.501,1.0,295.601,7.0,295.615,47.0
1753617164223,11:52:44.223,huobi,AAVE/USDT:USDT,295.508,7.0,295.501,1.0,295.601,7.0,295.615,47.0
1753617164262,11:52:44.262,huobi,AAVE/USDT:USDT,295.508,7.0,295.501,1.0,295.601,7.0,295.615,47.0
1753617164286,11:52:44.286,huobi,AAVE/USDT:USDT,295.508,7.0,295.501,1.0,295.601,7.0,295.615,47.0
1753617164443,11:52:44.443,huobi,AAVE/USDT:USDT,295.508,7.0,295.501,1.0,295.601,7.0,295.615,47.0
1753617164471,11:52:44.471,huobi,AAVE/USDT:USDT,295.522,7.0,295.508,13.0,295.601,7.0,295.631,7.0
1753617164497,11:52:44.497,huobi,AAVE/USDT:USDT,295.522,7.0,295.51,6.0,295.601,7.0,295.631,7.0
1753617164540,11:52:44.540,huobi,AAVE/USDT:USDT,295.522,7.0,295.51,6.0,295.631,7.0,295.658,15.0
1753617164591,11:52:44.591,huobi,AAVE/USDT:USDT,295.522,7.0,295.51,6.0,295.631,7.0,295.657,47.0
1753617164862,11:52:44.862,huobi,AAVE/USDT:USDT,295.522,7.0,295.51,6.0,295.631,7.0,295.657,47.0
1753617164931,11:52:44.931,huobi,AAVE/USDT:USDT,295.522,7.0,295.51,6.0,295.631,7.0,295.657,47.0
1753617165346,11:52:45.346,huobi,AAVE/USDT:USDT,295.538,7.0,295.524,6.0,295.631,7.0,295.657,47.0
1753617165349,11:52:45.349,huobi,AAVE/USDT:USDT,295.538,7.0,295.524,6.0,295.631,7.0,295.657,47.0
1753617165423,11:52:45.423,huobi,AAVE/USDT:USDT,295.538,7.0,295.524,6.0,295.631,7.0,295.657,47.0
1753617165423,11:52:45.423,huobi,AAVE/USDT:USDT,295.538,7.0,295.524,6.0,295.631,7.0,295.657,47.0
1753617165475,11:52:45.475,huobi,AAVE/USDT:USDT,295.538,7.0,295.524,6.0,295.631,7.0,295.657,47.0
1753617165496,11:52:45.496,huobi,AAVE/USDT:USDT,295.538,7.0,295.524,6.0,295.631,7.0,295.657,47.0
1753617165526,11:52:45.526,huobi,AAVE/USDT:USDT,295.538,7.0,295.524,6.0,295.631,7.0,295.657,47.0
1753617165621,11:52:45.621,huobi,AAVE/USDT:USDT,295.538,7.0,295.524,6.0,295.631,7.0,295.657,47.0
1753617165652,11:52:45.652,huobi,AAVE/USDT:USDT,295.538,7.0,295.524,6.0,295.631,7.0,295.657,47.0
1753617165665,11:52:45.665,huobi,AAVE/USDT:USDT,295.538,7.0,295.524,6.0,295.631,7.0,295.657,47.0
1753617165699,11:52:45.699,huobi,AAVE/USDT:USDT,295.538,7.0,295.524,6.0,295.631,7.0,295.657,47.0
1753617165741,11:52:45.741,huobi,AAVE/USDT:USDT,295.538,7.0,295.524,6.0,295.631,7.0,295.657,47.0
1753617165768,11:52:45.768,huobi,AAVE/USDT:USDT,295.538,7.0,295.524,6.0,295.631,7.0,295.657,47.0
1753617165783,11:52:45.783,huobi,AAVE/USDT:USDT,295.538,7.0,295.524,6.0,295.631,7.0,295.657,47.0
1753617165910,11:52:45.910,huobi,AAVE/USDT:USDT,295.538,7.0,295.524,6.0,295.631,7.0,295.657,47.0
1753617165963,11:52:45.963,huobi,AAVE/USDT:USDT,295.538,7.0,295.524,6.0,295.631,7.0,295.657,47.0
1753617165963,11:52:45.963,huobi,AAVE/USDT:USDT,295.538,7.0,295.524,6.0,295.631,7.0,295.657,47.0
1753617166007,11:52:46.007,huobi,AAVE/USDT:USDT,295.538,7.0,295.524,6.0,295.631,7.0,295.657,47.0
1753617166031,11:52:46.031,huobi,AAVE/USDT:USDT,295.538,7.0,295.524,6.0,295.631,7.0,295.657,47.0
1753617166064,11:52:46.064,huobi,AAVE/USDT:USDT,295.538,7.0,295.524,6.0,295.631,7.0,295.657,47.0
1753617166116,11:52:46.116,huobi,AAVE/USDT:USDT,295.538,7.0,295.524,6.0,295.631,7.0,295.657,47.0
1753617166187,11:52:46.187,huobi,AAVE/USDT:USDT,295.538,7.0,295.524,6.0,295.631,7.0,295.657,47.0
1753617166291,11:52:46.291,huobi,AAVE/USDT:USDT,295.538,7.0,295.524,6.0,295.631,7.0,295.657,47.0
1753617166300,11:52:46.300,huobi,AAVE/USDT:USDT,295.538,7.0,295.524,6.0,295.631,7.0,295.657,47.0
1753617166328,11:52:46.328,huobi,AAVE/USDT:USDT,295.538,7.0,295.524,6.0,295.631,7.0,295.657,47.0
1753617166356,11:52:46.356,huobi,AAVE/USDT:USDT,295.538,7.0,295.524,6.0,295.631,7.0,295.657,47.0
1753617166405,11:52:46.405,huobi,AAVE/USDT:USDT,295.538,7.0,295.524,6.0,295.631,7.0,295.657,47.0
1753617166502,11:52:46.502,huobi,AAVE/USDT:USDT,295.538,7.0,295.524,6.0,295.631,7.0,295.657,47.0
1753617166506,11:52:46.506,huobi,AAVE/USDT:USDT,295.538,7.0,295.524,6.0,295.631,7.0,295.657,47.0
1753617166556,11:52:46.556,huobi,AAVE/USDT:USDT,295.538,7.0,295.524,6.0,295.631,7.0,295.657,47.0
1753617166627,11:52:46.627,huobi,AAVE/USDT:USDT,295.538,7.0,295.524,6.0,295.631,7.0,295.657,47.0
1753617166818,11:52:46.818,huobi,AAVE/USDT:USDT,295.538,7.0,295.524,6.0,295.631,7.0,295.657,47.0
1753617166879,11:52:46.879,huobi,AAVE/USDT:USDT,295.538,7.0,295.524,6.0,295.631,7.0,295.657,47.0
1753617166895,11:52:46.895,huobi,AAVE/USDT:USDT,295.538,7.0,295.524,6.0,295.631,7.0,295.657,47.0
1753617166943,11:52:46.943,huobi,AAVE/USDT:USDT,295.538,7.0,295.524,6.0,295.631,7.0,295.657,47.0
1753617167265,11:52:47.265,huobi,AAVE/USDT:USDT,295.538,7.0,295.524,6.0,295.631,7.0,295.657,47.0
1753617167315,11:52:47.315,huobi,AAVE/USDT:USDT,295.538,7.0,295.524,6.0,295.631,7.0,295.657,47.0
1753617167371,11:52:47.371,huobi,AAVE/USDT:USDT,295.538,7.0,295.524,6.0,295.631,7.0,295.657,47.0
1753617167416,11:52:47.416,huobi,AAVE/USDT:USDT,295.538,7.0,295.524,6.0,295.631,7.0,295.657,47.0
1753617167442,11:52:47.442,huobi,AAVE/USDT:USDT,295.538,7.0,295.524,6.0,295.631,7.0,295.657,47.0
1753617167466,11:52:47.466,huobi,AAVE/USDT:USDT,295.538,7.0,295.524,6.0,295.631,7.0,295.657,47.0
1753617167507,11:52:47.507,huobi,AAVE/USDT:USDT,295.538,7.0,295.524,6.0,295.631,7.0,295.657,47.0
1753617167556,11:52:47.556,huobi,AAVE/USDT:USDT,295.538,7.0,295.524,6.0,295.631,7.0,295.657,47.0
1753617167690,11:52:47.690,huobi,AAVE/USDT:USDT,295.538,7.0,295.524,6.0,295.631,7.0,295.657,47.0
1753617167715,11:52:47.715,huobi,AAVE/USDT:USDT,295.538,7.0,295.524,6.0,295.631,7.0,295.657,47.0
1753617167910,11:52:47.910,huobi,AAVE/USDT:USDT,295.538,7.0,295.524,6.0,295.631,7.0,295.657,47.0
1753617167937,11:52:47.937,huobi,AAVE/USDT:USDT,295.538,7.0,295.524,6.0,295.631,7.0,295.657,47.0
1753617168130,11:52:48.130,huobi,AAVE/USDT:USDT,295.538,7.0,295.524,6.0,295.631,7.0,295.657,47.0
1753617168198,11:52:48.198,huobi,AAVE/USDT:USDT,295.538,7.0,295.524,6.0,295.631,7.0,295.657,47.0
1753617168231,11:52:48.231,huobi,AAVE/USDT:USDT,295.538,7.0,295.524,6.0,295.631,7.0,295.657,47.0
1753617168279,11:52:48.279,huobi,AAVE/USDT:USDT,295.538,7.0,295.524,6.0,295.631,7.0,295.657,47.0
1753617168305,11:52:48.305,huobi,AAVE/USDT:USDT,295.538,7.0,295.524,6.0,295.631,7.0,295.657,47.0
1753617168360,11:52:48.360,huobi,AAVE/USDT:USDT,295.538,7.0,295.524,6.0,295.631,7.0,295.657,47.0
1753617168379,11:52:48.379,huobi,AAVE/USDT:USDT,295.538,7.0,295.524,6.0,295.631,7.0,295.657,47.0
1753617168405,11:52:48.405,huobi,AAVE/USDT:USDT,295.538,7.0,295.524,6.0,295.631,7.0,295.657,47.0
1753617168441,11:52:48.441,huobi,AAVE/USDT:USDT,295.538,7.0,295.524,6.0,295.631,7.0,295.657,47.0
1753617168497,11:52:48.497,huobi,AAVE/USDT:USDT,295.538,7.0,295.524,6.0,295.631,7.0,295.657,47.0
1753617168552,11:52:48.552,huobi,AAVE/USDT:USDT,295.538,7.0,295.524,6.0,295.631,7.0,295.657,47.0
1753617168606,11:52:48.606,huobi,AAVE/USDT:USDT,295.538,7.0,295.524,6.0,295.631,7.0,295.657,47.0
1753617168646,11:52:48.646,huobi,AAVE/USDT:USDT,295.538,7.0,295.524,6.0,295.631,7.0,295.658,15.0
1753617168663,11:52:48.663,huobi,AAVE/USDT:USDT,295.538,7.0,295.524,6.0,295.631,7.0,295.658,15.0
1753617168696,11:52:48.696,huobi,AAVE/USDT:USDT,295.538,7.0,295.524,6.0,295.631,7.0,295.658,15.0
1753617168989,11:52:48.989,huobi,AAVE/USDT:USDT,295.538,7.0,295.524,6.0,295.631,7.0,295.658,15.0
1753617169009,11:52:49.009,huobi,AAVE/USDT:USDT,295.538,7.0,295.524,6.0,295.631,7.0,295.658,15.0
1753617169037,11:52:49.037,huobi,AAVE/USDT:USDT,295.538,7.0,295.524,6.0,295.631,7.0,295.658,15.0
1753617169063,11:52:49.063,huobi,AAVE/USDT:USDT,295.538,7.0,295.524,6.0,295.631,7.0,295.658,15.0
1753617169197,11:52:49.197,huobi,AAVE/USDT:USDT,295.538,7.0,295.524,6.0,295.631,7.0,295.658,15.0
1753617169314,11:52:49.314,huobi,AAVE/USDT:USDT,295.538,7.0,295.524,6.0,295.631,7.0,295.658,15.0
1753617169383,11:52:49.383,huobi,AAVE/USDT:USDT,295.538,7.0,295.524,6.0,295.631,7.0,295.658,15.0
1753617169395,11:52:49.395,huobi,AAVE/USDT:USDT,295.538,7.0,295.524,6.0,295.631,7.0,295.658,15.0
1753617169470,11:52:49.470,huobi,AAVE/USDT:USDT,295.538,7.0,295.524,6.0,295.631,7.0,295.658,15.0
1753617169476,11:52:49.476,huobi,AAVE/USDT:USDT,295.538,7.0,295.524,6.0,295.631,7.0,295.658,15.0
1753617169539,11:52:49.539,huobi,AAVE/USDT:USDT,295.538,7.0,295.524,6.0,295.631,7.0,295.658,15.0
1753617169842,11:52:49.842,huobi,AAVE/USDT:USDT,295.538,7.0,295.524,6.0,295.631,7.0,295.658,15.0
1753617169868,11:52:49.868,huobi,AAVE/USDT:USDT,295.538,7.0,295.524,6.0,295.631,7.0,295.658,15.0
1753617169900,11:52:49.900,huobi,AAVE/USDT:USDT,295.538,7.0,295.524,6.0,295.631,7.0,295.658,15.0
1753617170138,11:52:50.138,huobi,AAVE/USDT:USDT,295.538,7.0,295.524,6.0,295.631,7.0,295.658,15.0
1753617170166,11:52:50.166,huobi,AAVE/USDT:USDT,295.538,7.0,295.524,6.0,295.631,7.0,295.658,15.0
1753617170252,11:52:50.252,huobi,AAVE/USDT:USDT,295.538,7.0,295.524,6.0,295.631,7.0,295.658,15.0
1753617170256,11:52:50.256,huobi,AAVE/USDT:USDT,295.538,7.0,295.524,6.0,295.631,7.0,295.658,15.0
1753617170294,11:52:50.294,huobi,AAVE/USDT:USDT,295.538,7.0,295.524,6.0,295.631,7.0,295.658,15.0
1753617170318,11:52:50.318,huobi,AAVE/USDT:USDT,295.538,7.0,295.524,6.0,295.631,7.0,295.658,15.0
1753617170350,11:52:50.350,huobi,AAVE/USDT:USDT,295.538,7.0,295.524,6.0,295.631,7.0,295.658,15.0
1753617170386,11:52:50.386,huobi,AAVE/USDT:USDT,295.538,7.0,295.524,6.0,295.631,7.0,295.658,15.0
1753617170420,11:52:50.420,huobi,AAVE/USDT:USDT,295.538,7.0,295.524,6.0,295.631,7.0,295.658,15.0
1753617170445,11:52:50.445,huobi,AAVE/USDT:USDT,295.538,7.0,295.524,6.0,295.631,7.0,295.658,15.0
1753617170502,11:52:50.502,huobi,AAVE/USDT:USDT,295.538,7.0,295.524,6.0,295.631,7.0,295.658,15.0
1753617171012,11:52:51.012,huobi,AAVE/USDT:USDT,295.538,7.0,295.524,6.0,295.631,7.0,295.658,15.0
1753617171062,11:52:51.062,huobi,AAVE/USDT:USDT,295.538,7.0,295.524,6.0,295.631,7.0,295.658,15.0
1753617171101,11:52:51.101,huobi,AAVE/USDT:USDT,295.538,7.0,295.524,6.0,295.631,7.0,295.658,15.0
1753617171159,11:52:51.159,huobi,AAVE/USDT:USDT,295.538,7.0,295.524,6.0,295.631,7.0,295.658,15.0
1753617171190,11:52:51.190,huobi,AAVE/USDT:USDT,295.538,7.0,295.524,6.0,295.631,7.0,295.658,15.0
1753617171262,11:52:51.262,huobi,AAVE/USDT:USDT,295.538,7.0,295.524,6.0,295.631,7.0,295.658,15.0
1753617171285,11:52:51.285,huobi,AAVE/USDT:USDT,295.538,7.0,295.524,6.0,295.631,7.0,295.658,15.0
1753617171310,11:52:51.310,huobi,AAVE/USDT:USDT,295.538,7.0,295.524,6.0,295.631,7.0,295.658,15.0
1753617171376,11:52:51.376,huobi,AAVE/USDT:USDT,295.538,7.0,295.524,6.0,295.631,7.0,295.658,15.0
1753617171414,11:52:51.414,huobi,AAVE/USDT:USDT,295.538,7.0,295.524,6.0,295.631,7.0,295.658,15.0
1753617171492,11:52:51.492,huobi,AAVE/USDT:USDT,295.538,7.0,295.524,6.0,295.631,7.0,295.658,15.0
1753617171519,11:52:51.519,huobi,AAVE/USDT:USDT,295.538,7.0,295.522,7.0,295.631,7.0,295.658,15.0
1753617171552,11:52:51.552,huobi,AAVE/USDT:USDT,295.553,7.0,295.539,6.0,295.631,7.0,295.658,15.0
1753617171669,11:52:51.669,huobi,AAVE/USDT:USDT,295.553,7.0,295.539,6.0,295.631,7.0,295.658,15.0
1753617171739,11:52:51.739,huobi,AAVE/USDT:USDT,295.553,7.0,295.539,6.0,295.631,7.0,295.658,15.0
1753617171825,11:52:51.825,huobi,AAVE/USDT:USDT,295.553,7.0,295.539,6.0,295.658,15.0,295.659,7.0
1753617171853,11:52:51.853,huobi,AAVE/USDT:USDT,295.554,6.0,295.553,7.0,295.644,7.0,295.658,15.0
1753617172088,11:52:52.088,huobi,AAVE/USDT:USDT,295.568,7.0,295.554,6.0,295.644,7.0,295.658,15.0
1753617172124,11:52:52.124,huobi,AAVE/USDT:USDT,295.568,7.0,295.554,6.0,295.644,7.0,295.658,15.0
1753617172831,11:52:52.831,huobi,AAVE/USDT:USDT,295.568,7.0,295.554,6.0,295.644,7.0,295.658,15.0
1753617172851,11:52:52.851,huobi,AAVE/USDT:USDT,295.568,7.0,295.522,7.0,295.644,7.0,295.658,15.0
1753617172881,11:52:52.881,huobi,AAVE/USDT:USDT,295.533,6.0,295.522,7.0,295.644,7.0,295.658,15.0
1753617172896,11:52:52.896,huobi,AAVE/USDT:USDT,295.547,7.0,295.533,6.0,295.644,7.0,295.658,15.0
1753617172929,11:52:52.929,huobi,AAVE/USDT:USDT,295.563,7.0,295.549,6.0,295.644,7.0,295.658,15.0
1753617173600,11:52:53.600,huobi,AAVE/USDT:USDT,295.563,7.0,295.549,6.0,295.644,7.0,295.658,15.0
1753617173616,11:52:53.616,huobi,AAVE/USDT:USDT,295.563,7.0,295.549,6.0,295.644,7.0,295.658,15.0
1753617173657,11:52:53.657,huobi,AAVE/USDT:USDT,295.563,7.0,295.547,7.0,295.644,7.0,295.658,15.0
1753617173684,11:52:53.684,huobi,AAVE/USDT:USDT,295.522,7.0,295.52,25.0,295.644,7.0,295.658,15.0
1753617173716,11:52:53.716,huobi,AAVE/USDT:USDT,295.525,6.0,295.522,7.0,295.644,7.0,295.658,15.0
1753617173743,11:52:53.743,huobi,AAVE/USDT:USDT,295.525,6.0,295.522,7.0,295.644,7.0,295.658,15.0
1753617173773,11:52:53.773,huobi,AAVE/USDT:USDT,295.539,7.0,295.525,6.0,295.644,7.0,295.658,15.0
1753617173800,11:52:53.800,huobi,AAVE/USDT:USDT,295.539,7.0,295.525,6.0,295.644,7.0,295.658,15.0
1753617173825,11:52:53.825,huobi,AAVE/USDT:USDT,295.539,7.0,295.525,6.0,295.644,7.0,295.658,15.0
1753617173872,11:52:53.872,huobi,AAVE/USDT:USDT,295.539,7.0,295.525,6.0,295.644,7.0,295.658,15.0
1753617173939,11:52:53.939,huobi,AAVE/USDT:USDT,295.539,7.0,295.525,6.0,295.644,7.0,295.658,15.0
1753617173969,11:52:53.969,huobi,AAVE/USDT:USDT,295.539,7.0,295.525,6.0,295.644,7.0,295.658,15.0
1753617173975,11:52:53.975,huobi,AAVE/USDT:USDT,295.539,7.0,295.525,6.0,295.644,7.0,295.658,15.0
1753617174026,11:52:54.026,huobi,AAVE/USDT:USDT,295.539,7.0,295.525,6.0,295.644,7.0,295.658,15.0
1753617174033,11:52:54.033,huobi,AAVE/USDT:USDT,295.539,7.0,295.525,6.0,295.644,7.0,295.658,15.0
1753617174073,11:52:54.073,huobi,AAVE/USDT:USDT,295.555,7.0,295.541,6.0,295.644,7.0,295.658,15.0
1753617174141,11:52:54.141,huobi,AAVE/USDT:USDT,295.555,7.0,295.541,6.0,295.644,7.0,295.658,15.0
1753617174281,11:52:54.281,huobi,AAVE/USDT:USDT,295.555,7.0,295.541,6.0,295.644,7.0,295.658,15.0
1753617174522,11:52:54.522,huobi,AAVE/USDT:USDT,295.555,7.0,295.541,6.0,295.644,7.0,295.658,15.0
1753617174552,11:52:54.552,huobi,AAVE/USDT:USDT,295.555,7.0,295.541,6.0,295.644,7.0,295.658,15.0
1753617174581,11:52:54.581,huobi,AAVE/USDT:USDT,295.555,7.0,295.541,6.0,295.644,7.0,295.658,15.0
1753617174645,11:52:54.645,huobi,AAVE/USDT:USDT,295.555,7.0,295.541,6.0,295.644,7.0,295.658,15.0
1753617174681,11:52:54.681,huobi,AAVE/USDT:USDT,295.555,7.0,295.541,6.0,295.644,7.0,295.658,15.0
1753617174696,11:52:54.696,huobi,AAVE/USDT:USDT,295.555,7.0,295.541,6.0,295.644,7.0,295.658,15.0
1753617174778,11:52:54.778,huobi,AAVE/USDT:USDT,295.555,7.0,295.541,6.0,295.644,7.0,295.658,15.0
1753617174938,11:52:54.938,huobi,AAVE/USDT:USDT,295.555,7.0,295.541,6.0,295.644,7.0,295.658,15.0
1753617174991,11:52:54.991,huobi,AAVE/USDT:USDT,295.555,7.0,295.541,6.0,295.644,7.0,295.658,15.0
1753617174999,11:52:54.999,huobi,AAVE/USDT:USDT,295.555,7.0,295.541,6.0,295.644,7.0,295.658,15.0
1753617175122,11:52:55.122,huobi,AAVE/USDT:USDT,295.555,7.0,295.541,6.0,295.644,7.0,295.658,15.0
1753617175192,11:52:55.192,huobi,AAVE/USDT:USDT,295.555,7.0,295.541,6.0,295.644,7.0,295.658,15.0
1753617175339,11:52:55.339,huobi,AAVE/USDT:USDT,295.555,7.0,295.541,6.0,295.644,7.0,295.658,15.0
1753617175361,11:52:55.361,huobi,AAVE/USDT:USDT,295.555,7.0,295.541,6.0,295.644,7.0,295.658,15.0
1753617175546,11:52:55.546,huobi,AAVE/USDT:USDT,295.555,7.0,295.541,6.0,295.644,7.0,295.658,15.0
1753617175598,11:52:55.598,huobi,AAVE/USDT:USDT,295.555,7.0,295.541,6.0,295.644,7.0,295.658,15.0
1753617175651,11:52:55.651,huobi,AAVE/USDT:USDT,295.555,7.0,295.541,6.0,295.644,7.0,295.658,15.0
1753617175655,11:52:55.655,huobi,AAVE/USDT:USDT,295.555,7.0,295.541,6.0,295.644,7.0,295.658,15.0
1753617175720,11:52:55.720,huobi,AAVE/USDT:USDT,295.555,7.0,295.541,6.0,295.644,7.0,295.658,15.0
1753617175774,11:52:55.774,huobi,AAVE/USDT:USDT,295.555,7.0,295.541,6.0,295.644,7.0,295.658,15.0
1753617175775,11:52:55.775,huobi,AAVE/USDT:USDT,295.555,7.0,295.541,6.0,295.644,7.0,295.658,15.0
1753617175871,11:52:55.871,huobi,AAVE/USDT:USDT,295.555,7.0,295.541,6.0,295.644,7.0,295.658,15.0
1753617175959,11:52:55.959,huobi,AAVE/USDT:USDT,295.555,7.0,295.541,6.0,295.644,7.0,295.658,15.0
1753617176121,11:52:56.121,huobi,AAVE/USDT:USDT,295.555,7.0,295.541,6.0,295.644,7.0,295.658,15.0
1753617176163,11:52:56.163,huobi,AAVE/USDT:USDT,295.555,7.0,295.541,6.0,295.644,7.0,295.658,15.0
1753617176190,11:52:56.190,huobi,AAVE/USDT:USDT,295.555,7.0,295.541,6.0,295.644,7.0,295.658,15.0
1753617176252,11:52:56.252,huobi,AAVE/USDT:USDT,295.555,7.0,295.541,6.0,295.644,7.0,295.658,15.0
1753617176282,11:52:56.282,huobi,AAVE/USDT:USDT,295.555,7.0,295.541,6.0,295.644,7.0,295.658,15.0
1753617176286,11:52:56.286,huobi,AAVE/USDT:USDT,295.555,7.0,295.541,6.0,295.644,7.0,295.658,15.0
1753617176332,11:52:56.332,huobi,AAVE/USDT:USDT,295.555,7.0,295.541,6.0,295.644,7.0,295.658,15.0
1753617176362,11:52:56.362,huobi,AAVE/USDT:USDT,295.555,7.0,295.541,6.0,295.644,7.0,295.658,15.0
1753617176391,11:52:56.391,huobi,AAVE/USDT:USDT,295.555,7.0,295.541,6.0,295.644,7.0,295.658,15.0
1753617176419,11:52:56.419,huobi,AAVE/USDT:USDT,295.555,7.0,295.541,6.0,295.644,7.0,295.658,15.0
1753617176436,11:52:56.436,huobi,AAVE/USDT:USDT,295.555,7.0,295.541,6.0,295.644,7.0,295.658,15.0
1753617176468,11:52:56.468,huobi,AAVE/USDT:USDT,295.555,7.0,295.541,6.0,295.644,7.0,295.658,15.0
1753617176501,11:52:56.501,huobi,AAVE/USDT:USDT,295.555,7.0,295.541,6.0,295.644,7.0,295.658,15.0
1753617176531,11:52:56.531,huobi,AAVE/USDT:USDT,295.555,7.0,295.541,6.0,295.644,7.0,295.658,15.0
1753617176596,11:52:56.596,huobi,AAVE/USDT:USDT,295.555,7.0,295.541,6.0,295.644,7.0,295.658,15.0
1753617176619,11:52:56.619,huobi,AAVE/USDT:USDT,295.555,7.0,295.541,6.0,295.644,7.0,295.658,15.0
1753617176850,11:52:56.850,huobi,AAVE/USDT:USDT,295.555,7.0,295.541,6.0,295.644,7.0,295.658,15.0
1753617176865,11:52:56.865,huobi,AAVE/USDT:USDT,295.555,7.0,295.541,6.0,295.644,7.0,295.658,15.0
1753617176910,11:52:56.910,huobi,AAVE/USDT:USDT,295.555,7.0,295.541,6.0,295.644,7.0,295.658,15.0
1753617177042,11:52:57.042,huobi,AAVE/USDT:USDT,295.555,7.0,295.541,6.0,295.644,7.0,295.658,15.0
1753617177159,11:52:57.159,huobi,AAVE/USDT:USDT,295.555,7.0,295.541,6.0,295.644,7.0,295.658,15.0
1753617177320,11:52:57.320,huobi,AAVE/USDT:USDT,295.555,7.0,295.541,6.0,295.644,7.0,295.658,15.0
1753617177343,11:52:57.343,huobi,AAVE/USDT:USDT,295.555,7.0,295.541,6.0,295.644,7.0,295.658,15.0
1753617177452,11:52:57.452,huobi,AAVE/USDT:USDT,295.555,7.0,295.541,6.0,295.644,7.0,295.658,15.0
1753617177457,11:52:57.457,huobi,AAVE/USDT:USDT,295.555,7.0,295.541,6.0,295.644,7.0,295.658,15.0
1753617177558,11:52:57.558,huobi,AAVE/USDT:USDT,295.555,7.0,295.541,6.0,295.644,7.0,295.658,15.0
1753617177660,11:52:57.660,huobi,AAVE/USDT:USDT,295.555,7.0,295.541,6.0,295.644,7.0,295.658,15.0
1753617177780,11:52:57.780,huobi,AAVE/USDT:USDT,295.555,7.0,295.541,6.0,295.644,7.0,295.658,15.0
1753617177939,11:52:57.939,huobi,AAVE/USDT:USDT,295.555,7.0,295.541,6.0,295.644,7.0,295.658,15.0
1753617177990,11:52:57.990,huobi,AAVE/USDT:USDT,295.555,7.0,295.541,6.0,295.644,7.0,295.658,15.0
1753617177996,11:52:57.996,huobi,AAVE/USDT:USDT,295.555,7.0,295.541,6.0,295.644,7.0,295.658,15.0
1753617178098,11:52:58.098,huobi,AAVE/USDT:USDT,295.555,7.0,295.541,6.0,295.644,7.0,295.658,15.0
1753617178122,11:52:58.122,huobi,AAVE/USDT:USDT,295.555,7.0,295.541,6.0,295.644,7.0,295.658,15.0
1753617178151,11:52:58.151,huobi,AAVE/USDT:USDT,295.555,7.0,295.541,6.0,295.644,7.0,295.658,15.0
1753617178211,11:52:58.211,huobi,AAVE/USDT:USDT,295.555,7.0,295.541,6.0,295.644,7.0,295.658,15.0
1753617178327,11:52:58.327,huobi,AAVE/USDT:USDT,295.555,7.0,295.541,6.0,295.644,7.0,295.658,15.0
1753617178399,11:52:58.399,huobi,AAVE/USDT:USDT,295.555,7.0,295.541,6.0,295.644,7.0,295.658,15.0
1753617178471,11:52:58.471,huobi,AAVE/USDT:USDT,295.555,7.0,295.541,6.0,295.644,7.0,295.658,15.0
1753617178666,11:52:58.666,huobi,AAVE/USDT:USDT,295.555,7.0,295.541,6.0,295.644,7.0,295.658,15.0
1753617178771,11:52:58.771,huobi,AAVE/USDT:USDT,295.555,7.0,295.541,6.0,295.644,7.0,295.658,15.0
1753617178775,11:52:58.775,huobi,AAVE/USDT:USDT,295.555,7.0,295.541,6.0,295.644,7.0,295.658,15.0
1753617178892,11:52:58.892,huobi,AAVE/USDT:USDT,295.555,7.0,295.541,6.0,295.644,7.0,295.658,15.0
1753617178895,11:52:58.895,huobi,AAVE/USDT:USDT,295.555,7.0,295.541,6.0,295.644,7.0,295.658,15.0
1753617178951,11:52:58.951,huobi,AAVE/USDT:USDT,295.555,7.0,295.541,6.0,295.644,7.0,295.658,15.0
1753617179137,11:52:59.137,huobi,AAVE/USDT:USDT,295.555,7.0,295.541,6.0,295.644,7.0,295.658,15.0
1753617179181,11:52:59.181,huobi,AAVE/USDT:USDT,295.555,7.0,295.541,6.0,295.644,7.0,295.658,15.0
1753617179202,11:52:59.202,huobi,AAVE/USDT:USDT,295.555,7.0,295.541,6.0,295.644,7.0,295.658,15.0
1753617179227,11:52:59.227,huobi,AAVE/USDT:USDT,295.555,7.0,295.541,6.0,295.644,7.0,295.658,15.0
1753617179271,11:52:59.271,huobi,AAVE/USDT:USDT,295.555,7.0,295.541,6.0,295.644,7.0,295.658,15.0
1753617179306,11:52:59.306,huobi,AAVE/USDT:USDT,295.555,7.0,295.541,6.0,295.644,7.0,295.658,15.0
1753617179333,11:52:59.333,huobi,AAVE/USDT:USDT,295.555,7.0,295.541,6.0,295.644,7.0,295.658,15.0
1753617179345,11:52:59.345,huobi,AAVE/USDT:USDT,295.555,7.0,295.541,6.0,295.644,7.0,295.658,15.0
1753617179427,11:52:59.427,huobi,AAVE/USDT:USDT,295.555,7.0,295.541,6.0,295.644,7.0,295.658,15.0
1753617179428,11:52:59.428,huobi,AAVE/USDT:USDT,295.555,7.0,295.541,6.0,295.644,7.0,295.658,15.0
1753617179436,11:52:59.436,huobi,AAVE/USDT:USDT,295.555,7.0,295.541,6.0,295.644,7.0,295.658,15.0
1753617179469,11:52:59.469,huobi,AAVE/USDT:USDT,295.555,7.0,295.541,6.0,295.644,7.0,295.658,15.0
1753617179510,11:52:59.510,huobi,AAVE/USDT:USDT,295.555,7.0,295.541,6.0,295.644,7.0,295.658,15.0
1753617179579,11:52:59.579,huobi,AAVE/USDT:USDT,295.555,7.0,295.541,6.0,295.644,7.0,295.658,15.0
1753617179597,11:52:59.597,huobi,AAVE/USDT:USDT,295.555,7.0,295.541,6.0,295.644,7.0,295.658,15.0
1753617179904,11:52:59.904,huobi,AAVE/USDT:USDT,295.555,7.0,295.541,6.0,295.644,7.0,295.658,15.0
1753617179962,11:52:59.962,huobi,AAVE/USDT:USDT,295.555,7.0,295.541,6.0,295.644,7.0,295.658,15.0
1753617179990,11:52:59.990,huobi,AAVE/USDT:USDT,295.555,7.0,295.541,6.0,295.644,7.0,295.658,15.0
1753617180175,11:53:00.175,huobi,AAVE/USDT:USDT,295.555,7.0,295.541,6.0,295.644,7.0,295.658,15.0
1753617180353,11:53:00.353,huobi,AAVE/USDT:USDT,295.555,7.0,295.541,6.0,295.644,7.0,295.658,15.0
1753617180392,11:53:00.392,huobi,AAVE/USDT:USDT,295.555,7.0,295.541,6.0,295.644,7.0,295.658,15.0
1753617180397,11:53:00.397,huobi,AAVE/USDT:USDT,295.555,7.0,295.541,6.0,295.644,7.0,295.658,15.0
1753617180443,11:53:00.443,huobi,AAVE/USDT:USDT,295.555,7.0,295.541,6.0,295.644,7.0,295.658,15.0
1753617180572,11:53:00.572,huobi,AAVE/USDT:USDT,295.555,7.0,295.541,6.0,295.644,7.0,295.658,15.0
1753617180660,11:53:00.660,huobi,AAVE/USDT:USDT,295.555,7.0,295.541,6.0,295.644,7.0,295.658,15.0
1753617180682,11:53:00.682,huobi,AAVE/USDT:USDT,295.555,7.0,295.541,6.0,295.644,7.0,295.658,15.0
1753617180695,11:53:00.695,huobi,AAVE/USDT:USDT,295.555,7.0,295.541,6.0,295.644,7.0,295.658,15.0
1753617180826,11:53:00.826,huobi,AAVE/USDT:USDT,295.555,7.0,295.541,6.0,295.644,7.0,295.658,15.0
1753617180851,11:53:00.851,huobi,AAVE/USDT:USDT,295.555,7.0,295.541,6.0,295.644,7.0,295.658,15.0
1753617180882,11:53:00.882,huobi,AAVE/USDT:USDT,295.555,7.0,295.541,6.0,295.644,7.0,295.658,15.0
1753617180958,11:53:00.958,huobi,AAVE/USDT:USDT,295.555,7.0,295.541,6.0,295.644,7.0,295.658,15.0
1753617180978,11:53:00.978,huobi,AAVE/USDT:USDT,295.555,7.0,295.541,6.0,295.644,7.0,295.658,15.0
1753617181032,11:53:01.032,huobi,AAVE/USDT:USDT,295.555,7.0,295.541,6.0,295.644,7.0,295.658,15.0
1753617181058,11:53:01.058,huobi,AAVE/USDT:USDT,295.555,7.0,295.541,6.0,295.644,7.0,295.658,15.0
1753617181099,11:53:01.099,huobi,AAVE/USDT:USDT,295.555,7.0,295.522,7.0,295.644,7.0,295.658,15.0
1753617181122,11:53:01.122,huobi,AAVE/USDT:USDT,295.522,7.0,295.52,25.0,295.644,7.0,295.658,15.0
1753617181181,11:53:01.181,huobi,AAVE/USDT:USDT,295.522,7.0,295.52,25.0,295.644,7.0,295.658,15.0
1753617181215,11:53:01.215,huobi,AAVE/USDT:USDT,295.522,7.0,295.52,25.0,295.644,7.0,295.658,15.0
1753617181240,11:53:01.240,huobi,AAVE/USDT:USDT,295.522,7.0,295.52,25.0,295.644,7.0,295.658,15.0
1753617181299,11:53:01.299,huobi,AAVE/USDT:USDT,295.522,7.0,295.52,25.0,295.644,7.0,295.658,15.0
1753617181331,11:53:01.331,huobi,AAVE/USDT:USDT,295.522,7.0,295.52,25.0,295.644,7.0,295.658,15.0
1753617181444,11:53:01.444,huobi,AAVE/USDT:USDT,295.522,7.0,295.52,25.0,295.644,7.0,295.658,15.0
1753617181456,11:53:01.456,huobi,AAVE/USDT:USDT,295.522,7.0,295.52,25.0,295.644,7.0,295.658,15.0
1753617181502,11:53:01.502,huobi,AAVE/USDT:USDT,295.522,7.0,295.52,25.0,295.644,7.0,295.658,15.0
1753617181529,11:53:01.529,huobi,AAVE/USDT:USDT,295.522,7.0,295.52,25.0,295.644,7.0,295.658,15.0
1753617181539,11:53:01.539,huobi,AAVE/USDT:USDT,295.522,7.0,295.52,25.0,295.644,7.0,295.658,15.0
1753617181851,11:53:01.851,huobi,AAVE/USDT:USDT,295.522,7.0,295.52,25.0,295.644,7.0,295.658,15.0
1753617181880,11:53:01.880,huobi,AAVE/USDT:USDT,295.522,7.0,295.52,25.0,295.644,7.0,295.658,15.0
1753617181895,11:53:01.895,huobi,AAVE/USDT:USDT,295.522,7.0,295.52,25.0,295.644,7.0,295.658,15.0
1753617181970,11:53:01.970,huobi,AAVE/USDT:USDT,295.522,7.0,295.52,25.0,295.644,7.0,295.658,15.0
1753617182075,11:53:02.075,huobi,AAVE/USDT:USDT,295.522,7.0,295.52,25.0,295.644,7.0,295.658,15.0
1753617182078,11:53:02.078,huobi,AAVE/USDT:USDT,295.522,7.0,295.52,25.0,295.644,7.0,295.658,15.0
1753617182125,11:53:02.125,huobi,AAVE/USDT:USDT,295.522,7.0,295.52,25.0,295.644,7.0,295.658,15.0
1753617182140,11:53:02.140,huobi,AAVE/USDT:USDT,295.522,7.0,295.52,25.0,295.644,7.0,295.658,15.0
1753617182170,11:53:02.170,huobi,AAVE/USDT:USDT,295.522,7.0,295.52,25.0,295.644,7.0,295.658,15.0
1753617182197,11:53:02.197,huobi,AAVE/USDT:USDT,295.536,8.0,295.523,6.0,295.644,7.0,295.658,15.0
1753617182242,11:53:02.242,huobi,AAVE/USDT:USDT,295.536,8.0,295.523,6.0,295.644,7.0,295.658,15.0
1753617182268,11:53:02.268,huobi,AAVE/USDT:USDT,295.536,8.0,295.523,6.0,295.644,7.0,295.658,15.0
1753617182292,11:53:02.292,huobi,AAVE/USDT:USDT,295.536,8.0,295.523,6.0,295.644,7.0,295.658,15.0
1753617182353,11:53:02.353,huobi,AAVE/USDT:USDT,295.536,8.0,295.523,6.0,295.644,7.0,295.658,15.0
1753617182425,11:53:02.425,huobi,AAVE/USDT:USDT,295.536,8.0,295.523,6.0,295.644,7.0,295.658,15.0
1753617182451,11:53:02.451,huobi,AAVE/USDT:USDT,295.536,8.0,295.523,6.0,295.644,7.0,295.658,15.0
1753617182480,11:53:02.480,huobi,AAVE/USDT:USDT,295.536,8.0,295.523,6.0,295.644,7.0,295.658,15.0
1753617182526,11:53:02.526,huobi,AAVE/USDT:USDT,295.536,8.0,295.523,6.0,295.644,7.0,295.658,15.0
1753617182608,11:53:02.608,huobi,AAVE/USDT:USDT,295.536,8.0,295.521,8.0,295.644,7.0,295.658,15.0
1753617182622,11:53:02.622,huobi,AAVE/USDT:USDT,295.537,6.0,295.536,8.0,295.644,7.0,295.658,15.0
1753617182652,11:53:02.652,huobi,AAVE/USDT:USDT,295.551,8.0,295.537,6.0,295.644,7.0,295.659,7.0
1753617182681,11:53:02.681,huobi,AAVE/USDT:USDT,295.565,25.0,295.562,6.0,295.659,7.0,295.679,7.0
1753617182706,11:53:02.706,huobi,AAVE/USDT:USDT,295.576,14.0,295.565,25.0,295.679,7.0,295.694,7.0
1753617182734,11:53:02.734,huobi,AAVE/USDT:USDT,295.59,8.0,295.583,6.0,295.694,7.0,295.753,238.0
1753617182856,11:53:02.856,huobi,AAVE/USDT:USDT,295.59,8.0,295.583,6.0,295.694,7.0,295.752,47.0
1753617182928,11:53:02.928,huobi,AAVE/USDT:USDT,295.59,8.0,295.583,6.0,295.694,7.0,295.752,47.0
1753617182950,11:53:02.950,huobi,AAVE/USDT:USDT,295.59,8.0,295.583,6.0,295.694,7.0,295.752,47.0
1753617182990,11:53:02.990,huobi,AAVE/USDT:USDT,295.59,8.0,295.583,6.0,295.694,7.0,295.752,47.0
1753617183147,11:53:03.147,huobi,AAVE/USDT:USDT,295.59,8.0,295.583,6.0,295.694,7.0,295.752,47.0
1753617183301,11:53:03.301,huobi,AAVE/USDT:USDT,295.59,8.0,295.583,6.0,295.694,7.0,295.752,47.0
1753617183321,11:53:03.321,huobi,AAVE/USDT:USDT,295.59,8.0,295.583,6.0,295.694,7.0,295.752,47.0
1753617183413,11:53:03.413,huobi,AAVE/USDT:USDT,295.59,8.0,295.583,6.0,295.694,7.0,295.752,47.0
1753617183423,11:53:03.423,huobi,AAVE/USDT:USDT,295.59,8.0,295.575,8.0,295.694,7.0,295.752,47.0
1753617183523,11:53:03.523,huobi,AAVE/USDT:USDT,295.605,8.0,295.591,6.0,295.694,7.0,295.754,32.0
1753617183587,11:53:03.587,huobi,AAVE/USDT:USDT,295.605,8.0,295.591,6.0,295.754,32.0,295.767,7.0
1753617183615,11:53:03.615,huobi,AAVE/USDT:USDT,295.61,6.0,295.605,8.0,295.753,47.0,295.754,32.0
1753617183651,11:53:03.651,huobi,AAVE/USDT:USDT,295.61,6.0,295.605,8.0,295.753,47.0,295.754,13.0
1753617183670,11:53:03.670,huobi,AAVE/USDT:USDT,295.624,8.0,295.61,6.0,295.754,7.0,295.767,7.0
1753617183702,11:53:03.702,huobi,AAVE/USDT:USDT,295.633,6.0,295.624,8.0,295.754,7.0,295.767,7.0
1753617183733,11:53:03.733,huobi,AAVE/USDT:USDT,295.647,8.0,295.633,6.0,295.754,7.0,295.767,7.0
1753617183760,11:53:03.760,huobi,AAVE/USDT:USDT,295.647,8.0,295.633,6.0,295.754,7.0,295.767,7.0
1753617183790,11:53:03.790,huobi,AAVE/USDT:USDT,295.662,8.0,295.648,6.0,295.754,7.0,295.767,7.0
1753617183822,11:53:03.822,huobi,AAVE/USDT:USDT,295.662,8.0,295.648,6.0,295.754,7.0,295.767,7.0
1753617183855,11:53:03.855,huobi,AAVE/USDT:USDT,295.662,8.0,295.648,6.0,295.754,7.0,295.775,7.0
1753617183885,11:53:03.885,huobi,AAVE/USDT:USDT,295.662,8.0,295.647,8.0,295.775,7.0,295.79,8.0
1753617183919,11:53:03.919,huobi,AAVE/USDT:USDT,295.663,6.0,295.662,8.0,295.825,6.0,295.836,7.0
1753617183940,11:53:03.940,huobi,AAVE/USDT:USDT,295.663,6.0,295.662,8.0,295.825,6.0,295.863,8.0
1753617183978,11:53:03.978,huobi,AAVE/USDT:USDT,295.677,8.0,295.663,6.0,295.852,6.0,295.863,8.0
1753617184003,11:53:04.003,huobi,AAVE/USDT:USDT,295.677,8.0,295.663,6.0,295.852,6.0,295.863,8.0
1753617184029,11:53:04.029,huobi,AAVE/USDT:USDT,295.677,8.0,295.663,6.0,295.852,6.0,295.863,8.0
1753617184058,11:53:04.058,huobi,AAVE/USDT:USDT,295.677,8.0,295.663,6.0,295.739,8.0,295.852,6.0
1753617184095,11:53:04.095,huobi,AAVE/USDT:USDT,295.677,8.0,295.663,6.0,295.739,8.0,295.852,6.0
1753617184132,11:53:04.132,huobi,AAVE/USDT:USDT,295.677,8.0,295.663,6.0,295.739,8.0,295.852,6.0
1753617184148,11:53:04.148,huobi,AAVE/USDT:USDT,295.677,8.0,295.663,6.0,295.852,6.0,295.863,8.0
1753617184189,11:53:04.189,huobi,AAVE/USDT:USDT,295.677,8.0,295.663,6.0,295.838,8.0,295.852,6.0
1753617184208,11:53:04.208,huobi,AAVE/USDT:USDT,295.677,8.0,295.663,6.0,295.827,6.0,295.838,8.0
1753617184240,11:53:04.240,huobi,AAVE/USDT:USDT,295.677,8.0,295.663,6.0,295.813,8.0,295.838,8.0
1753617184280,11:53:04.280,huobi,AAVE/USDT:USDT,295.677,8.0,295.663,6.0,295.788,8.0,295.802,6.0
1753617184313,11:53:04.313,huobi,AAVE/USDT:USDT,295.677,8.0,295.663,6.0,295.788,8.0,295.802,6.0
1753617184327,11:53:04.327,huobi,AAVE/USDT:USDT,295.677,8.0,295.662,8.0,295.786,6.0,295.788,8.0
1753617184368,11:53:04.368,huobi,AAVE/USDT:USDT,295.647,8.0,295.624,8.0,295.772,8.0,295.786,6.0
1753617184405,11:53:04.405,huobi,AAVE/USDT:USDT,295.629,25.0,295.624,8.0,295.772,8.0,295.786,6.0
1753617184422,11:53:04.422,huobi,AAVE/USDT:USDT,295.635,6.0,295.629,25.0,295.772,8.0,295.785,47.0
1753617184501,11:53:04.501,huobi,AAVE/USDT:USDT,295.649,8.0,295.635,6.0,295.772,8.0,295.785,47.0
1753617184508,11:53:04.508,huobi,AAVE/USDT:USDT,295.649,8.0,295.635,6.0,295.772,8.0,295.785,47.0
1753617184550,11:53:04.550,huobi,AAVE/USDT:USDT,295.649,8.0,295.635,6.0,295.772,8.0,295.785,47.0
1753617184590,11:53:04.590,huobi,AAVE/USDT:USDT,295.649,8.0,295.635,6.0,295.772,8.0,295.785,47.0
1753617184971,11:53:04.971,huobi,AAVE/USDT:USDT,295.649,8.0,295.635,6.0,295.772,8.0,295.785,47.0
1753617185022,11:53:05.022,huobi,AAVE/USDT:USDT,295.649,8.0,295.635,6.0,295.772,8.0,295.786,6.0
1753617185053,11:53:05.053,huobi,AAVE/USDT:USDT,295.649,8.0,295.635,6.0,295.772,8.0,295.786,6.0
1753617185079,11:53:05.079,huobi,AAVE/USDT:USDT,295.65,6.0,295.649,8.0,295.772,8.0,295.786,6.0
1753617185116,11:53:05.116,huobi,AAVE/USDT:USDT,295.664,8.0,295.65,6.0,295.772,8.0,295.786,6.0
1753617185274,11:53:05.274,huobi,AAVE/USDT:USDT,295.664,8.0,295.65,6.0,295.772,8.0,295.785,47.0
1753617185288,11:53:05.288,huobi,AAVE/USDT:USDT,295.664,8.0,295.65,6.0,295.772,8.0,295.785,47.0
1753617185333,11:53:05.333,huobi,AAVE/USDT:USDT,295.664,8.0,295.65,6.0,295.772,8.0,295.785,47.0
1753617185358,11:53:05.358,huobi,AAVE/USDT:USDT,295.664,8.0,295.65,6.0,295.772,8.0,295.785,47.0
1753617185416,11:53:05.416,huobi,AAVE/USDT:USDT,295.664,8.0,295.65,6.0,295.772,8.0,295.785,47.0
1753617185461,11:53:05.461,huobi,AAVE/USDT:USDT,295.664,8.0,295.65,6.0,295.772,8.0,295.785,47.0
1753617185489,11:53:05.489,huobi,AAVE/USDT:USDT,295.664,8.0,295.65,6.0,295.772,8.0,295.785,47.0
1753617185499,11:53:05.499,huobi,AAVE/USDT:USDT,295.664,8.0,295.65,6.0,295.772,8.0,295.785,47.0
1753617185536,11:53:05.536,huobi,AAVE/USDT:USDT,295.664,8.0,295.65,6.0,295.772,8.0,295.785,47.0
1753617185725,11:53:05.725,huobi,AAVE/USDT:USDT,295.664,8.0,295.65,6.0,295.772,8.0,295.785,47.0
1753617185790,11:53:05.790,huobi,AAVE/USDT:USDT,295.664,8.0,295.65,6.0,295.772,8.0,295.785,47.0
1753617185801,11:53:05.801,huobi,AAVE/USDT:USDT,295.664,8.0,295.649,8.0,295.772,8.0,295.785,47.0
1753617185829,11:53:05.829,huobi,AAVE/USDT:USDT,295.664,8.0,295.634,8.0,295.772,8.0,295.785,47.0
1753617185897,11:53:05.897,huobi,AAVE/USDT:USDT,295.634,14.0,295.629,25.0,295.772,8.0,295.785,47.0
1753617185939,11:53:05.939,huobi,AAVE/USDT:USDT,295.648,8.0,295.634,6.0,295.772,8.0,295.785,47.0
1753617185979,11:53:05.979,huobi,AAVE/USDT:USDT,295.648,8.0,295.634,6.0,295.772,8.0,295.785,47.0
1753617185998,11:53:05.998,huobi,AAVE/USDT:USDT,295.648,8.0,295.634,6.0,295.772,8.0,295.785,47.0
1753617186015,11:53:06.015,huobi,AAVE/USDT:USDT,295.648,8.0,295.634,6.0,295.772,8.0,295.785,47.0
1753617186037,11:53:06.037,huobi,AAVE/USDT:USDT,295.648,8.0,295.634,6.0,295.772,8.0,295.785,47.0
1753617186132,11:53:06.132,huobi,AAVE/USDT:USDT,295.648,8.0,295.633,8.0,295.772,8.0,295.785,47.0
1753617186169,11:53:06.169,huobi,AAVE/USDT:USDT,295.664,8.0,295.65,6.0,295.772,8.0,295.785,47.0
1753617186617,11:53:06.617,huobi,AAVE/USDT:USDT,295.664,8.0,295.65,6.0,295.772,8.0,295.785,47.0
1753617186660,11:53:06.660,huobi,AAVE/USDT:USDT,295.664,8.0,295.65,6.0,295.772,8.0,295.785,47.0
1753617186672,11:53:06.672,huobi,AAVE/USDT:USDT,295.664,8.0,295.65,6.0,295.772,8.0,295.785,47.0
1753617186751,11:53:06.751,huobi,AAVE/USDT:USDT,295.664,8.0,295.65,6.0,295.772,8.0,295.785,47.0
1753617186757,11:53:06.757,huobi,AAVE/USDT:USDT,295.664,8.0,295.65,6.0,295.772,8.0,295.786,6.0
1753617186842,11:53:06.842,huobi,AAVE/USDT:USDT,295.664,8.0,295.65,6.0,295.772,8.0,295.786,6.0
1753617186858,11:53:06.858,huobi,AAVE/USDT:USDT,295.664,8.0,295.65,6.0,295.772,8.0,295.785,47.0
1753617186961,11:53:06.961,huobi,AAVE/USDT:USDT,295.664,8.0,295.65,6.0,295.772,8.0,295.785,47.0
1753617187023,11:53:07.023,huobi,AAVE/USDT:USDT,295.664,8.0,295.65,6.0,295.772,8.0,295.785,47.0
1753617187050,11:53:07.050,huobi,AAVE/USDT:USDT,295.664,8.0,295.65,6.0,295.772,8.0,295.785,47.0
1753617187078,11:53:07.078,huobi,AAVE/USDT:USDT,295.664,8.0,295.65,6.0,295.772,8.0,295.785,47.0
1753617187147,11:53:07.147,huobi,AAVE/USDT:USDT,295.664,8.0,295.65,6.0,295.772,8.0,295.785,47.0
1753617187543,11:53:07.543,huobi,AAVE/USDT:USDT,295.664,8.0,295.65,6.0,295.772,8.0,295.785,47.0
1753617187600,11:53:07.600,huobi,AAVE/USDT:USDT,295.664,8.0,295.65,6.0,295.772,8.0,295.785,47.0
1753617187629,11:53:07.629,huobi,AAVE/USDT:USDT,295.664,8.0,295.65,6.0,295.772,8.0,295.785,47.0
1753617187669,11:53:07.669,huobi,AAVE/USDT:USDT,295.664,8.0,295.65,6.0,295.772,8.0,295.785,47.0
1753617187713,11:53:07.713,huobi,AAVE/USDT:USDT,295.664,8.0,295.65,6.0,295.772,8.0,295.785,47.0
1753617187718,11:53:07.718,huobi,AAVE/USDT:USDT,295.664,8.0,295.65,6.0,295.772,8.0,295.785,47.0
1753617187961,11:53:07.961,huobi,AAVE/USDT:USDT,295.664,8.0,295.65,6.0,295.772,8.0,295.785,47.0
1753617187991,11:53:07.991,huobi,AAVE/USDT:USDT,295.664,8.0,295.65,6.0,295.772,8.0,295.785,47.0
1753617188226,11:53:08.226,huobi,AAVE/USDT:USDT,295.664,8.0,295.65,6.0,295.772,8.0,295.785,47.0
1753617188500,11:53:08.500,huobi,AAVE/USDT:USDT,295.664,8.0,295.65,6.0,295.772,8.0,295.785,47.0
1753617188551,11:53:08.551,huobi,AAVE/USDT:USDT,295.664,8.0,295.65,6.0,295.772,8.0,295.785,47.0
1753617188632,11:53:08.632,huobi,AAVE/USDT:USDT,295.664,8.0,295.65,6.0,295.772,8.0,295.785,47.0
1753617188660,11:53:08.660,huobi,AAVE/USDT:USDT,295.664,8.0,295.65,6.0,295.772,8.0,295.785,47.0
1753617188691,11:53:08.691,huobi,AAVE/USDT:USDT,295.664,8.0,295.65,6.0,295.772,8.0,295.785,47.0
1753617188811,11:53:08.811,huobi,AAVE/USDT:USDT,295.664,8.0,295.65,6.0,295.772,8.0,295.785,47.0
1753617188872,11:53:08.872,huobi,AAVE/USDT:USDT,295.664,8.0,295.65,6.0,295.772,8.0,295.785,47.0
1753617188931,11:53:08.931,huobi,AAVE/USDT:USDT,295.664,8.0,295.65,6.0,295.772,8.0,295.785,47.0
1753617188960,11:53:08.960,huobi,AAVE/USDT:USDT,295.664,8.0,295.65,6.0,295.772,8.0,295.785,47.0
1753617189061,11:53:09.061,huobi,AAVE/USDT:USDT,295.664,8.0,295.65,6.0,295.772,8.0,295.785,47.0
1753617189133,11:53:09.133,huobi,AAVE/USDT:USDT,295.664,8.0,295.65,6.0,295.772,8.0,295.785,47.0
1753617189178,11:53:09.178,huobi,AAVE/USDT:USDT,295.664,8.0,295.65,6.0,295.772,8.0,295.785,47.0
1753617189189,11:53:09.189,huobi,AAVE/USDT:USDT,295.664,8.0,295.65,6.0,295.723,1.0,295.772,8.0
1753617189220,11:53:09.220,huobi,AAVE/USDT:USDT,295.664,8.0,295.65,6.0,295.772,8.0,295.785,47.0
1753617189250,11:53:09.250,huobi,AAVE/USDT:USDT,295.664,8.0,295.65,6.0,295.772,8.0,295.785,47.0
1753617189568,11:53:09.568,huobi,AAVE/USDT:USDT,295.664,8.0,295.65,6.0,295.772,8.0,295.785,47.0
1753617189605,11:53:09.605,huobi,AAVE/USDT:USDT,295.664,8.0,295.65,6.0,295.772,8.0,295.785,47.0
1753617189632,11:53:09.632,huobi,AAVE/USDT:USDT,295.664,8.0,295.65,6.0,295.772,8.0,295.785,47.0
1753617189672,11:53:09.672,huobi,AAVE/USDT:USDT,295.664,8.0,295.65,6.0,295.772,8.0,295.785,47.0
1753617189747,11:53:09.747,huobi,AAVE/USDT:USDT,295.664,8.0,295.65,6.0,295.772,8.0,295.785,47.0
1753617189850,11:53:09.850,huobi,AAVE/USDT:USDT,295.664,8.0,295.65,6.0,295.772,8.0,295.785,47.0
1753617189890,11:53:09.890,huobi,AAVE/USDT:USDT,295.664,8.0,295.65,6.0,295.772,8.0,295.785,47.0
1753617189906,11:53:09.906,huobi,AAVE/USDT:USDT,295.664,8.0,295.65,6.0,295.772,8.0,295.785,47.0
1753617190004,11:53:10.004,huobi,AAVE/USDT:USDT,295.664,8.0,295.65,6.0,295.772,8.0,295.785,47.0
1753617190102,11:53:10.102,huobi,AAVE/USDT:USDT,295.664,8.0,295.65,6.0,295.772,8.0,295.785,47.0
1753617190120,11:53:10.120,huobi,AAVE/USDT:USDT,295.664,8.0,295.65,6.0,295.772,8.0,295.785,47.0
1753617190149,11:53:10.149,huobi,AAVE/USDT:USDT,295.664,8.0,295.65,6.0,295.772,8.0,295.785,47.0
1753617190579,11:53:10.579,huobi,AAVE/USDT:USDT,295.664,8.0,295.65,6.0,295.772,8.0,295.785,47.0
1753617190678,11:53:10.678,huobi,AAVE/USDT:USDT,295.664,8.0,295.65,6.0,295.772,8.0,295.785,47.0
1753617190721,11:53:10.721,huobi,AAVE/USDT:USDT,295.664,8.0,295.65,6.0,295.772,8.0,295.785,47.0
1753617191131,11:53:11.131,huobi,AAVE/USDT:USDT,295.664,8.0,295.65,6.0,295.772,8.0,295.785,47.0
1753617191135,11:53:11.135,huobi,AAVE/USDT:USDT,295.664,8.0,295.65,6.0,295.772,8.0,295.785,47.0
1753617191839,11:53:11.839,huobi,AAVE/USDT:USDT,295.664,8.0,295.65,6.0,295.772,8.0,295.785,47.0
1753617192319,11:53:12.319,huobi,AAVE/USDT:USDT,295.664,8.0,295.65,6.0,295.772,8.0,295.785,47.0
1753617192348,11:53:12.348,huobi,AAVE/USDT:USDT,295.664,8.0,295.65,6.0,295.772,8.0,295.785,47.0
1753617194176,11:53:14.176,huobi,AAVE/USDT:USDT,295.664,8.0,295.633,8.0,295.772,8.0,295.785,47.0
1753617194496,11:53:14.496,huobi,AAVE/USDT:USDT,295.633,8.0,295.629,25.0,295.772,8.0,295.785,47.0
1753617194532,11:53:14.532,huobi,AAVE/USDT:USDT,295.633,14.0,295.629,25.0,295.772,8.0,295.785,47.0
1753617194570,11:53:14.570,huobi,AAVE/USDT:USDT,295.647,8.0,295.633,6.0,295.772,8.0,295.785,47.0
1753617194856,11:53:14.856,huobi,AAVE/USDT:USDT,295.647,8.0,295.633,6.0,295.772,8.0,295.785,47.0
1753617194888,11:53:14.888,huobi,AAVE/USDT:USDT,295.647,8.0,295.633,6.0,295.772,8.0,295.785,47.0
1753617194937,11:53:14.937,huobi,AAVE/USDT:USDT,295.647,8.0,295.633,6.0,295.772,8.0,295.785,47.0
1753617194966,11:53:14.966,huobi,AAVE/USDT:USDT,295.647,8.0,295.633,6.0,295.772,8.0,295.785,47.0
1753617195485,11:53:15.485,huobi,AAVE/USDT:USDT,295.647,8.0,295.632,8.0,295.772,8.0,295.785,47.0
1753617195490,11:53:15.490,huobi,AAVE/USDT:USDT,295.648,6.0,295.647,8.0,295.772,8.0,295.785,47.0
1753617196016,11:53:16.016,huobi,AAVE/USDT:USDT,295.662,8.0,295.648,6.0,295.772,8.0,295.785,47.0
1753617196038,11:53:16.038,huobi,AAVE/USDT:USDT,295.662,8.0,295.648,6.0,295.772,8.0,295.785,47.0
1753617196059,11:53:16.059,huobi,AAVE/USDT:USDT,295.662,8.0,295.648,6.0,295.772,8.0,295.785,47.0
1753617196101,11:53:16.101,huobi,AAVE/USDT:USDT,295.662,8.0,295.648,6.0,295.772,8.0,295.785,47.0
1753617196164,11:53:16.164,huobi,AAVE/USDT:USDT,295.662,8.0,295.648,6.0,295.772,8.0,295.785,47.0
1753617196191,11:53:16.191,huobi,AAVE/USDT:USDT,295.662,8.0,295.648,6.0,295.772,8.0,295.785,47.0
1753617196220,11:53:16.220,huobi,AAVE/USDT:USDT,295.662,8.0,295.648,6.0,295.772,8.0,295.785,47.0
1753617196253,11:53:16.253,huobi,AAVE/USDT:USDT,295.662,8.0,295.648,6.0,295.772,8.0,295.785,47.0
1753617196295,11:53:16.295,huobi,AAVE/USDT:USDT,295.662,8.0,295.648,6.0,295.772,8.0,295.785,47.0
1753617196331,11:53:16.331,huobi,AAVE/USDT:USDT,295.662,8.0,295.648,6.0,295.772,8.0,295.785,47.0
1753617196361,11:53:16.361,huobi,AAVE/USDT:USDT,295.662,8.0,295.648,6.0,295.772,8.0,295.785,47.0
1753617196627,11:53:16.627,huobi,AAVE/USDT:USDT,295.662,8.0,295.648,6.0,295.772,8.0,295.785,47.0
1753617196688,11:53:16.688,huobi,AAVE/USDT:USDT,295.662,8.0,295.648,6.0,295.772,8.0,295.785,47.0
1753617196693,11:53:16.693,huobi,AAVE/USDT:USDT,295.662,8.0,295.648,6.0,295.772,8.0,295.785,47.0
1753617196721,11:53:16.721,huobi,AAVE/USDT:USDT,295.662,8.0,295.648,6.0,295.772,8.0,295.785,47.0
1753617196782,11:53:16.782,huobi,AAVE/USDT:USDT,295.662,8.0,295.648,6.0,295.772,8.0,295.785,47.0
1753617196835,11:53:16.835,huobi,AAVE/USDT:USDT,295.662,8.0,295.648,6.0,295.772,8.0,295.785,47.0
1753617196959,11:53:16.959,huobi,AAVE/USDT:USDT,295.662,8.0,295.648,6.0,295.772,8.0,295.785,47.0
1753617196983,11:53:16.983,huobi,AAVE/USDT:USDT,295.664,6.0,295.662,8.0,295.772,8.0,295.786,6.0
1753617197016,11:53:17.016,huobi,AAVE/USDT:USDT,295.678,8.0,295.662,8.0,295.772,8.0,295.788,8.0
1753617197046,11:53:17.046,huobi,AAVE/USDT:USDT,295.678,8.0,295.662,8.0,295.788,8.0,295.794,25.0
1753617197081,11:53:17.081,huobi,AAVE/USDT:USDT,295.698,8.0,295.684,6.0,295.788,8.0,295.794,25.0
1753617197128,11:53:17.128,huobi,AAVE/USDT:USDT,295.698,8.0,295.684,6.0,295.788,8.0,295.794,25.0
1753617197173,11:53:17.173,huobi,AAVE/USDT:USDT,295.698,8.0,295.684,6.0,295.788,8.0,295.794,25.0
1753617197351,11:53:17.351,huobi,AAVE/USDT:USDT,295.698,8.0,295.684,6.0,295.788,8.0,295.794,25.0
1753617197468,11:53:17.468,huobi,AAVE/USDT:USDT,295.698,8.0,295.678,8.0,295.788,8.0,295.794,25.0
1753617197495,11:53:17.495,huobi,AAVE/USDT:USDT,295.662,8.0,295.632,8.0,295.788,8.0,295.794,25.0
1753617197525,11:53:17.525,huobi,AAVE/USDT:USDT,295.7,6.0,295.633,47.0,295.788,8.0,295.794,25.0
1753617197582,11:53:17.582,huobi,AAVE/USDT:USDT,295.714,8.0,295.7,6.0,295.788,8.0,295.794,25.0
1753617197584,11:53:17.584,huobi,AAVE/USDT:USDT,295.714,8.0,295.673,6.0,295.788,8.0,295.794,25.0
1753617197699,11:53:17.699,huobi,AAVE/USDT:USDT,295.699,8.0,295.647,8.0,295.788,8.0,295.794,25.0
1753617197714,11:53:17.714,huobi,AAVE/USDT:USDT,295.699,8.0,295.647,8.0,295.788,8.0,295.794,25.0
1753617198837,11:53:18.837,huobi,AAVE/USDT:USDT,295.715,8.0,295.701,6.0,295.788,8.0,295.794,25.0
1753617198868,11:53:18.868,huobi,AAVE/USDT:USDT,295.715,8.0,295.701,6.0,295.788,8.0,295.794,25.0
1753617199190,11:53:19.190,huobi,AAVE/USDT:USDT,295.715,8.0,295.701,6.0,295.788,8.0,295.803,8.0
1753617199208,11:53:19.208,huobi,AAVE/USDT:USDT,295.715,8.0,295.701,6.0,295.808,25.0,295.818,8.0
1753617199242,11:53:19.242,huobi,AAVE/USDT:USDT,295.731,8.0,295.717,6.0,295.794,8.0,295.808,25.0
1753617199273,11:53:19.273,huobi,AAVE/USDT:USDT,295.742,6.0,295.731,8.0,295.794,8.0,295.818,8.0
1753617199300,11:53:19.300,huobi,AAVE/USDT:USDT,295.756,8.0,295.742,6.0,295.794,8.0,295.818,8.0
1753617199331,11:53:19.331,huobi,AAVE/USDT:USDT,295.756,8.0,295.742,6.0,295.794,8.0,295.818,8.0
1753617199367,11:53:19.367,huobi,AAVE/USDT:USDT,295.756,8.0,295.731,8.0,295.794,8.0,295.818,8.0
1753617199398,11:53:19.398,huobi,AAVE/USDT:USDT,295.756,8.0,295.731,8.0,295.863,8.0,295.878,8.0
1753617199415,11:53:19.415,huobi,AAVE/USDT:USDT,295.756,8.0,295.731,8.0,295.852,6.0,295.878,8.0
1753617199444,11:53:19.444,huobi,AAVE/USDT:USDT,295.715,8.0,295.7,8.0,295.838,8.0,295.852,6.0
1753617199478,11:53:19.478,huobi,AAVE/USDT:USDT,295.735,8.0,295.721,6.0,295.838,8.0,295.852,6.0
1753617199606,11:53:19.606,huobi,AAVE/USDT:USDT,295.735,8.0,295.721,6.0,295.838,8.0,295.852,6.0
1753617199635,11:53:19.635,huobi,AAVE/USDT:USDT,295.735,8.0,295.721,6.0,295.838,8.0,295.852,6.0
1753617199673,11:53:19.673,huobi,AAVE/USDT:USDT,295.735,8.0,295.721,6.0,295.838,8.0,295.852,6.0
1753617199974,11:53:19.974,huobi,AAVE/USDT:USDT,295.735,8.0,295.7,8.0,295.838,8.0,295.852,6.0
1753617199983,11:53:19.983,huobi,AAVE/USDT:USDT,295.735,8.0,295.7,8.0,295.837,6.0,295.838,8.0
1753617200038,11:53:20.038,huobi,AAVE/USDT:USDT,295.7,8.0,295.665,15.0,295.823,8.0,295.837,6.0
1753617200060,11:53:20.060,huobi,AAVE/USDT:USDT,295.7,8.0,295.665,15.0,295.823,8.0,295.837,6.0
1753617200081,11:53:20.081,huobi,AAVE/USDT:USDT,295.7,8.0,295.665,15.0,295.823,8.0,295.836,47.0
1753617200111,11:53:20.111,huobi,AAVE/USDT:USDT,295.7,8.0,295.665,15.0,295.822,6.0,295.823,8.0
1753617200153,11:53:20.153,huobi,AAVE/USDT:USDT,295.714,8.0,295.665,15.0,295.808,8.0,295.823,8.0
1753617200164,11:53:20.164,huobi,AAVE/USDT:USDT,295.714,8.0,295.703,6.0,295.808,8.0,295.823,8.0
1753617200201,11:53:20.201,huobi,AAVE/USDT:USDT,295.714,8.0,295.703,6.0,295.808,8.0,295.823,8.0
1753617200262,11:53:20.262,huobi,AAVE/USDT:USDT,295.714,8.0,295.699,8.0,295.808,8.0,295.823,8.0
1753617200288,11:53:20.288,huobi,AAVE/USDT:USDT,295.714,8.0,295.699,8.0,295.838,8.0,295.878,8.0
1753617200316,11:53:20.316,huobi,AAVE/USDT:USDT,295.71,6.0,295.699,8.0,295.867,6.0,295.877,47.0
1753617200351,11:53:20.351,huobi,AAVE/USDT:USDT,295.724,8.0,295.71,6.0,295.863,8.0,295.877,47.0
1753617200385,11:53:20.385,huobi,AAVE/USDT:USDT,295.724,8.0,295.71,6.0,295.838,8.0,295.851,47.0
1753617200443,11:53:20.443,huobi,AAVE/USDT:USDT,295.724,8.0,295.71,6.0,295.838,8.0,295.851,47.0
1753617200599,11:53:20.599,huobi,AAVE/USDT:USDT,295.724,8.0,295.71,6.0,295.838,8.0,295.851,47.0
1753617200632,11:53:20.632,huobi,AAVE/USDT:USDT,295.724,8.0,295.71,6.0,295.838,8.0,295.851,47.0
1753617200661,11:53:20.661,huobi,AAVE/USDT:USDT,295.724,8.0,295.71,6.0,295.838,8.0,295.851,47.0
1753617200687,11:53:20.687,huobi,AAVE/USDT:USDT,295.724,8.0,295.71,6.0,295.838,8.0,295.851,47.0
1753617200718,11:53:20.718,huobi,AAVE/USDT:USDT,295.724,8.0,295.71,6.0,295.838,8.0,295.851,47.0
1753617200799,11:53:20.799,huobi,AAVE/USDT:USDT,295.724,8.0,295.71,6.0,295.838,8.0,295.851,47.0
1753617200922,11:53:20.922,huobi,AAVE/USDT:USDT,295.724,8.0,295.71,6.0,295.838,8.0,295.851,47.0
1753617200987,11:53:20.987,huobi,AAVE/USDT:USDT,295.724,8.0,295.71,6.0,295.838,8.0,295.851,47.0
1753617201024,11:53:21.024,huobi,AAVE/USDT:USDT,295.724,8.0,295.71,6.0,295.838,8.0,295.852,6.0
1753617201068,11:53:21.068,huobi,AAVE/USDT:USDT,295.724,8.0,295.71,6.0,295.838,8.0,295.852,6.0
1753617201102,11:53:21.102,huobi,AAVE/USDT:USDT,295.739,8.0,295.724,8.0,295.838,8.0,295.878,8.0
1753617201130,11:53:21.130,huobi,AAVE/USDT:USDT,295.744,6.0,295.739,8.0,295.878,8.0,295.892,25.0
1753617201215,11:53:21.215,huobi,AAVE/USDT:USDT,295.758,8.0,295.744,6.0,295.878,8.0,295.891,47.0
1753617201232,11:53:21.232,huobi,AAVE/USDT:USDT,295.758,8.0,295.744,6.0,295.878,8.0,295.891,47.0
1753617201272,11:53:21.272,huobi,AAVE/USDT:USDT,295.758,8.0,295.744,6.0,295.878,8.0,295.891,47.0
1753617201283,11:53:21.283,huobi,AAVE/USDT:USDT,295.758,8.0,295.744,6.0,295.878,8.0,295.891,47.0
1753617201543,11:53:21.543,huobi,AAVE/USDT:USDT,295.758,8.0,295.744,6.0,295.878,8.0,295.891,47.0
1753617201543,11:53:21.543,huobi,AAVE/USDT:USDT,295.758,8.0,295.744,6.0,295.878,8.0,295.891,47.0
1753617201586,11:53:21.586,huobi,AAVE/USDT:USDT,295.758,8.0,295.744,6.0,295.878,8.0,295.891,47.0
1753617201611,11:53:21.611,huobi,AAVE/USDT:USDT,295.758,8.0,295.744,6.0,295.878,8.0,295.891,47.0
1753617201691,11:53:21.691,huobi,AAVE/USDT:USDT,295.758,8.0,295.744,6.0,295.878,8.0,295.891,47.0
1753617201741,11:53:21.741,huobi,AAVE/USDT:USDT,295.758,8.0,295.744,6.0,295.878,8.0,295.891,47.0
1753617201756,11:53:21.756,huobi,AAVE/USDT:USDT,295.758,8.0,295.744,6.0,295.878,8.0,295.891,47.0
1753617201785,11:53:21.785,huobi,AAVE/USDT:USDT,295.758,8.0,295.744,31.0,295.864,8.0,295.877,6.0
1753617201821,11:53:21.821,huobi,AAVE/USDT:USDT,295.758,8.0,295.744,31.0,295.864,8.0,295.877,6.0
1753617201871,11:53:21.871,huobi,AAVE/USDT:USDT,295.758,8.0,295.744,31.0,295.864,8.0,295.877,6.0
1753617201876,11:53:21.876,huobi,AAVE/USDT:USDT,295.758,8.0,295.744,31.0,295.864,8.0,295.877,6.0
1753617201970,11:53:21.970,huobi,AAVE/USDT:USDT,295.758,8.0,295.744,31.0,295.864,8.0,295.877,6.0
1753617202145,11:53:22.145,huobi,AAVE/USDT:USDT,295.758,8.0,295.744,31.0,295.864,8.0,295.877,6.0
1753617202178,11:53:22.178,huobi,AAVE/USDT:USDT,295.758,8.0,295.744,31.0,295.864,8.0,295.877,6.0
1753617202225,11:53:22.225,huobi,AAVE/USDT:USDT,295.758,8.0,295.744,31.0,295.864,8.0,295.877,6.0
1753617202470,11:53:22.470,huobi,AAVE/USDT:USDT,295.758,8.0,295.744,31.0,295.864,8.0,295.877,6.0
1753617202549,11:53:22.549,huobi,AAVE/USDT:USDT,295.758,8.0,295.744,31.0,295.864,8.0,295.877,6.0
1753617202573,11:53:22.573,huobi,AAVE/USDT:USDT,295.758,8.0,295.744,31.0,295.864,8.0,295.877,6.0
1753617202660,11:53:22.660,huobi,AAVE/USDT:USDT,295.758,8.0,295.744,31.0,295.864,8.0,295.877,6.0
1753617202721,11:53:22.721,huobi,AAVE/USDT:USDT,295.758,8.0,295.744,31.0,295.864,8.0,295.877,6.0
1753617202762,11:53:22.762,huobi,AAVE/USDT:USDT,295.758,8.0,295.744,31.0,295.864,8.0,295.877,6.0
1753617202790,11:53:22.790,huobi,AAVE/USDT:USDT,295.758,8.0,295.744,31.0,295.864,8.0,295.877,6.0
1753617202818,11:53:22.818,huobi,AAVE/USDT:USDT,295.758,8.0,295.744,31.0,295.864,8.0,295.877,6.0
1753617202844,11:53:22.844,huobi,AAVE/USDT:USDT,295.758,8.0,295.744,31.0,295.864,8.0,295.877,6.0
1753617203135,11:53:23.135,huobi,AAVE/USDT:USDT,295.758,8.0,295.744,31.0,295.864,8.0,295.877,6.0
1753617203462,11:53:23.462,huobi,AAVE/USDT:USDT,295.758,8.0,295.744,31.0,295.864,8.0,295.877,6.0
1753617203504,11:53:23.504,huobi,AAVE/USDT:USDT,295.758,8.0,295.744,31.0,295.864,8.0,295.877,6.0
1753617203619,11:53:23.619,huobi,AAVE/USDT:USDT,295.758,8.0,295.744,31.0,295.864,8.0,295.877,6.0
1753617203653,11:53:23.653,huobi,AAVE/USDT:USDT,295.758,8.0,295.744,31.0,295.864,8.0,295.877,6.0
1753617204150,11:53:24.150,huobi,AAVE/USDT:USDT,295.758,8.0,295.744,31.0,295.864,8.0,295.877,6.0
1753617204205,11:53:24.205,huobi,AAVE/USDT:USDT,295.758,8.0,295.744,31.0,295.864,8.0,295.877,6.0
1753617204254,11:53:24.254,huobi,AAVE/USDT:USDT,295.758,8.0,295.744,31.0,295.864,8.0,295.877,6.0
1753617204821,11:53:24.821,huobi,AAVE/USDT:USDT,295.758,8.0,295.744,31.0,295.864,8.0,295.877,6.0
1753617205105,11:53:25.105,huobi,AAVE/USDT:USDT,295.758,8.0,295.744,31.0,295.864,8.0,295.877,6.0
1753617205106,11:53:25.106,huobi,AAVE/USDT:USDT,295.758,8.0,295.744,31.0,295.864,8.0,295.877,6.0
1753617205120,11:53:25.120,huobi,AAVE/USDT:USDT,295.758,8.0,295.744,31.0,295.864,8.0,295.877,6.0
1753617205169,11:53:25.169,huobi,AAVE/USDT:USDT,295.758,8.0,295.744,31.0,295.864,8.0,295.877,6.0
1753617205201,11:53:25.201,huobi,AAVE/USDT:USDT,295.758,8.0,295.744,31.0,295.864,8.0,295.877,6.0
1753617205217,11:53:25.217,huobi,AAVE/USDT:USDT,295.758,8.0,295.744,31.0,295.864,8.0,295.877,6.0
1753617205243,11:53:25.243,huobi,AAVE/USDT:USDT,295.758,8.0,295.744,31.0,295.864,8.0,295.877,6.0
1753617205286,11:53:25.286,huobi,AAVE/USDT:USDT,295.758,8.0,295.744,31.0,295.864,8.0,295.877,6.0
1753617205301,11:53:25.301,huobi,AAVE/USDT:USDT,295.758,8.0,295.744,31.0,295.864,8.0,295.877,6.0
1753617205451,11:53:25.451,huobi,AAVE/USDT:USDT,295.758,8.0,295.744,31.0,295.864,8.0,295.877,6.0
1753617205523,11:53:25.523,huobi,AAVE/USDT:USDT,295.758,8.0,295.744,31.0,295.864,8.0,295.891,47.0
1753617205538,11:53:25.538,huobi,AAVE/USDT:USDT,295.761,6.0,295.758,8.0,295.864,8.0,295.892,25.0
1753617205565,11:53:25.565,huobi,AAVE/USDT:USDT,295.775,8.0,295.761,6.0,295.864,8.0,295.892,25.0
1753617205601,11:53:25.601,huobi,AAVE/USDT:USDT,295.775,8.0,295.761,6.0,295.864,8.0,295.892,25.0
1753617205650,11:53:25.650,huobi,AAVE/USDT:USDT,295.775,8.0,295.761,6.0,295.864,8.0,295.892,25.0
1753617205676,11:53:25.676,huobi,AAVE/USDT:USDT,295.775,8.0,295.761,6.0,295.864,8.0,295.892,25.0
1753617205702,11:53:25.702,huobi,AAVE/USDT:USDT,295.775,8.0,295.761,6.0,295.864,8.0,295.892,25.0
1753617205983,11:53:25.983,huobi,AAVE/USDT:USDT,295.775,8.0,295.761,6.0,295.864,8.0,295.892,25.0
1753617205984,11:53:25.984,huobi,AAVE/USDT:USDT,295.775,8.0,295.758,8.0,295.864,8.0,295.892,25.0
1753617206019,11:53:26.019,huobi,AAVE/USDT:USDT,295.792,8.0,295.778,6.0,295.864,8.0,295.892,25.0
1753617206045,11:53:26.045,huobi,AAVE/USDT:USDT,295.792,8.0,295.778,6.0,295.864,8.0,295.892,25.0
1753617206146,11:53:26.146,huobi,AAVE/USDT:USDT,295.792,8.0,295.777,8.0,295.864,8.0,295.892,25.0
1753617206170,11:53:26.170,huobi,AAVE/USDT:USDT,295.807,8.0,295.793,6.0,295.864,8.0,295.892,25.0
1753617206205,11:53:26.205,huobi,AAVE/USDT:USDT,295.807,8.0,295.793,6.0,295.864,8.0,295.892,25.0
1753617206227,11:53:26.227,huobi,AAVE/USDT:USDT,295.807,8.0,295.793,6.0,295.864,8.0,295.892,25.0
1753617206264,11:53:26.264,huobi,AAVE/USDT:USDT,295.807,8.0,295.793,6.0,295.864,8.0,295.892,25.0
1753617206425,11:53:26.425,huobi,AAVE/USDT:USDT,295.807,8.0,295.793,6.0,295.864,8.0,295.892,25.0
1753617206439,11:53:26.439,huobi,AAVE/USDT:USDT,295.807,8.0,295.793,6.0,295.892,25.0,295.893,8.0
1753617206519,11:53:26.519,huobi,AAVE/USDT:USDT,295.807,8.0,295.792,8.0,295.878,8.0,295.892,25.0
1753617206532,11:53:26.532,huobi,AAVE/USDT:USDT,295.792,8.0,295.777,8.0,295.878,8.0,295.892,25.0
1753617206553,11:53:26.553,huobi,AAVE/USDT:USDT,295.823,8.0,295.809,6.0,295.878,8.0,295.893,8.0
1753617206605,11:53:26.605,huobi,AAVE/USDT:USDT,295.824,6.0,295.823,8.0,295.878,8.0,295.893,8.0
1753617206621,11:53:26.621,huobi,AAVE/USDT:USDT,295.838,8.0,295.824,6.0,295.878,8.0,295.893,8.0
1753617206647,11:53:26.647,huobi,AAVE/USDT:USDT,295.838,8.0,295.824,6.0,295.908,8.0,295.919,11.0
1753617206684,11:53:26.684,huobi,AAVE/USDT:USDT,295.838,8.0,295.824,6.0,295.908,8.0,295.919,11.0
1753617206710,11:53:26.710,huobi,AAVE/USDT:USDT,295.838,8.0,295.824,6.0,295.908,8.0,295.919,11.0
1753617206791,11:53:26.791,huobi,AAVE/USDT:USDT,295.838,8.0,295.824,6.0,295.908,8.0,295.919,11.0
1753617206866,11:53:26.866,huobi,AAVE/USDT:USDT,295.838,8.0,295.823,8.0,295.908,8.0,295.919,11.0
1753617207099,11:53:27.099,huobi,AAVE/USDT:USDT,295.853,8.0,295.839,6.0,295.908,8.0,295.919,11.0
1753617207130,11:53:27.130,huobi,AAVE/USDT:USDT,295.853,8.0,295.839,6.0,295.908,8.0,295.919,11.0
1753617207181,11:53:27.181,huobi,AAVE/USDT:USDT,295.853,8.0,295.839,6.0,295.908,8.0,295.919,11.0
1753617207217,11:53:27.217,huobi,AAVE/USDT:USDT,295.853,8.0,295.839,6.0,295.908,8.0,295.919,11.0
1753617207274,11:53:27.274,huobi,AAVE/USDT:USDT,295.853,8.0,295.839,6.0,295.908,8.0,295.919,11.0
1753617207279,11:53:27.279,huobi,AAVE/USDT:USDT,295.853,8.0,295.839,6.0,295.908,8.0,295.919,11.0
1753617207379,11:53:27.379,huobi,AAVE/USDT:USDT,295.853,8.0,295.839,6.0,295.908,8.0,295.919,11.0
1753617207431,11:53:27.431,huobi,AAVE/USDT:USDT,295.853,8.0,295.839,6.0,295.908,8.0,295.919,11.0
1753617207463,11:53:27.463,huobi,AAVE/USDT:USDT,295.853,8.0,295.839,6.0,295.908,8.0,295.919,11.0
1753617207530,11:53:27.530,huobi,AAVE/USDT:USDT,295.853,8.0,295.839,6.0,295.908,8.0,295.919,11.0
1753617207561,11:53:27.561,huobi,AAVE/USDT:USDT,295.853,8.0,295.839,6.0,295.908,8.0,295.919,11.0
1753617207584,11:53:27.584,huobi,AAVE/USDT:USDT,295.853,8.0,295.839,6.0,295.908,8.0,295.919,11.0
1753617207604,11:53:27.604,huobi,AAVE/USDT:USDT,295.853,8.0,295.839,6.0,295.908,8.0,295.919,11.0
1753617207760,11:53:27.760,huobi,AAVE/USDT:USDT,295.853,8.0,295.839,6.0,295.908,8.0,295.919,11.0
1753617207842,11:53:27.842,huobi,AAVE/USDT:USDT,295.853,8.0,295.839,6.0,295.908,8.0,295.919,11.0
1753617207850,11:53:27.850,huobi,AAVE/USDT:USDT,295.853,8.0,295.839,6.0,295.908,8.0,295.919,11.0
1753617207878,11:53:27.878,huobi,AAVE/USDT:USDT,295.876,7.0,295.862,25.0,295.919,11.0,295.953,8.0
1753617207911,11:53:27.911,huobi,AAVE/USDT:USDT,295.876,7.0,295.864,6.0,295.953,8.0,295.971,25.0
1753617207938,11:53:27.938,huobi,AAVE/USDT:USDT,295.876,7.0,295.864,6.0,295.953,8.0,295.971,25.0
1753617208024,11:53:28.024,huobi,AAVE/USDT:USDT,295.876,7.0,295.864,6.0,295.953,8.0,295.971,25.0
1753617208041,11:53:28.041,huobi,AAVE/USDT:USDT,295.876,7.0,295.864,6.0,295.953,8.0,295.971,25.0
1753617208262,11:53:28.262,huobi,AAVE/USDT:USDT,295.876,7.0,295.864,6.0,295.953,8.0,295.971,25.0
1753617208314,11:53:28.314,huobi,AAVE/USDT:USDT,295.876,7.0,295.864,6.0,295.953,8.0,295.971,25.0
1753617208368,11:53:28.368,huobi,AAVE/USDT:USDT,295.876,7.0,295.864,6.0,295.953,8.0,295.971,25.0
1753617208415,11:53:28.415,huobi,AAVE/USDT:USDT,295.876,7.0,295.864,6.0,295.953,8.0,295.971,25.0
1753617208492,11:53:28.492,huobi,AAVE/USDT:USDT,295.876,7.0,295.864,6.0,295.953,8.0,295.971,25.0
1753617208540,11:53:28.540,huobi,AAVE/USDT:USDT,295.876,7.0,295.864,6.0,295.953,8.0,295.971,25.0
1753617208656,11:53:28.656,huobi,AAVE/USDT:USDT,295.876,7.0,295.864,6.0,295.953,8.0,295.971,25.0
1753617208707,11:53:28.707,huobi,AAVE/USDT:USDT,295.876,7.0,295.864,6.0,295.953,8.0,295.971,25.0
1753617208755,11:53:28.755,huobi,AAVE/USDT:USDT,295.876,7.0,295.864,6.0,295.953,8.0,295.971,25.0
1753617208836,11:53:28.836,huobi,AAVE/USDT:USDT,295.876,7.0,295.864,6.0,295.953,8.0,295.971,25.0
1753617208886,11:53:28.886,huobi,AAVE/USDT:USDT,295.876,7.0,295.864,6.0,295.953,8.0,295.971,25.0
1753617208903,11:53:28.903,huobi,AAVE/USDT:USDT,295.876,7.0,295.864,6.0,295.953,8.0,295.971,25.0
1753617209181,11:53:29.181,huobi,AAVE/USDT:USDT,295.876,7.0,295.864,6.0,295.953,8.0,295.971,25.0
1753617209224,11:53:29.224,huobi,AAVE/USDT:USDT,295.876,7.0,295.864,6.0,295.953,8.0,295.971,25.0
1753617209231,11:53:29.231,huobi,AAVE/USDT:USDT,295.876,7.0,295.864,6.0,295.953,8.0,295.971,25.0
1753617209266,11:53:29.266,huobi,AAVE/USDT:USDT,295.876,7.0,295.864,6.0,295.953,8.0,295.971,25.0
1753617209299,11:53:29.299,huobi,AAVE/USDT:USDT,295.876,7.0,295.864,6.0,295.953,8.0,295.971,25.0
1753617209324,11:53:29.324,huobi,AAVE/USDT:USDT,295.876,7.0,295.864,6.0,295.953,8.0,295.971,25.0
1753617209351,11:53:29.351,huobi,AAVE/USDT:USDT,295.876,7.0,295.864,6.0,295.953,8.0,295.971,25.0
1753617209387,11:53:29.387,huobi,AAVE/USDT:USDT,295.876,7.0,295.864,6.0,295.953,8.0,295.971,25.0
1753617209409,11:53:29.409,huobi,AAVE/USDT:USDT,295.876,7.0,295.864,6.0,295.953,8.0,295.971,25.0
1753617209601,11:53:29.601,huobi,AAVE/USDT:USDT,295.876,7.0,295.864,6.0,295.953,8.0,295.971,25.0
1753617209749,11:53:29.749,huobi,AAVE/USDT:USDT,295.876,7.0,295.864,6.0,295.953,8.0,295.971,25.0
1753617209767,11:53:29.767,huobi,AAVE/USDT:USDT,295.876,7.0,295.864,6.0,295.953,8.0,295.971,25.0
1753617209891,11:53:29.891,huobi,AAVE/USDT:USDT,295.876,7.0,295.864,6.0,295.953,8.0,295.971,25.0
1753617209926,11:53:29.926,huobi,AAVE/USDT:USDT,295.876,7.0,295.864,6.0,295.953,8.0,295.973,25.0
1753617209950,11:53:29.950,huobi,AAVE/USDT:USDT,295.876,7.0,295.838,7.0,295.953,8.0,296.002,8.0
1753617209979,11:53:29.979,huobi,AAVE/USDT:USDT,295.892,7.0,295.878,6.0,296.002,8.0,296.032,8.0
1753617210009,11:53:30.009,huobi,AAVE/USDT:USDT,295.892,7.0,295.838,7.0,296.021,6.0,296.032,8.0
1753617210036,11:53:30.036,huobi,AAVE/USDT:USDT,295.892,7.0,295.838,7.0,296.007,7.0,296.021,6.0
1753617210064,11:53:30.064,huobi,AAVE/USDT:USDT,295.894,6.0,295.892,7.0,296.007,7.0,296.021,6.0
1753617210099,11:53:30.099,huobi,AAVE/USDT:USDT,295.894,6.0,295.838,7.0,296.007,7.0,296.021,6.0
1753617210133,11:53:30.133,huobi,AAVE/USDT:USDT,295.908,7.0,295.849,6.0,296.007,7.0,296.021,6.0
1753617210220,11:53:30.220,huobi,AAVE/USDT:USDT,295.908,7.0,295.849,6.0,296.007,7.0,296.029,25.0
1753617210339,11:53:30.339,huobi,AAVE/USDT:USDT,295.908,7.0,295.85,47.0,296.007,7.0,296.029,25.0
1753617210458,11:53:30.458,huobi,AAVE/USDT:USDT,295.908,7.0,295.849,6.0,296.007,7.0,296.029,25.0
1753617210680,11:53:30.680,huobi,AAVE/USDT:USDT,295.908,7.0,295.895,25.0,296.007,7.0,296.029,25.0
1753617210701,11:53:30.701,huobi,AAVE/USDT:USDT,295.908,7.0,295.895,25.0,296.007,7.0,296.029,25.0
1753617210725,11:53:30.725,huobi,AAVE/USDT:USDT,295.908,7.0,295.895,25.0,296.007,7.0,296.029,25.0
1753617211039,11:53:31.039,huobi,AAVE/USDT:USDT,295.908,7.0,295.895,25.0,296.007,7.0,296.029,25.0
1753617211060,11:53:31.060,huobi,AAVE/USDT:USDT,295.908,7.0,295.895,25.0,296.007,7.0,296.029,25.0
1753617211088,11:53:31.088,huobi,AAVE/USDT:USDT,295.908,7.0,295.895,25.0,296.007,7.0,296.029,25.0
1753617211119,11:53:31.119,huobi,AAVE/USDT:USDT,295.908,7.0,295.895,25.0,296.007,7.0,296.029,25.0
1753617211146,11:53:31.146,huobi,AAVE/USDT:USDT,295.908,7.0,295.895,25.0,296.007,7.0,296.029,25.0
1753617211185,11:53:31.185,huobi,AAVE/USDT:USDT,295.908,7.0,295.895,25.0,296.007,7.0,296.029,25.0
1753617211224,11:53:31.224,huobi,AAVE/USDT:USDT,295.908,7.0,295.895,25.0,296.007,7.0,296.029,25.0
1753617211276,11:53:31.276,huobi,AAVE/USDT:USDT,295.908,7.0,295.895,25.0,296.007,7.0,296.029,25.0
1753617211309,11:53:31.309,huobi,AAVE/USDT:USDT,295.908,7.0,295.895,25.0,296.007,7.0,296.029,25.0
1753617211339,11:53:31.339,huobi,AAVE/USDT:USDT,295.908,7.0,295.895,25.0,296.007,7.0,296.029,25.0
1753617211390,11:53:31.390,huobi,AAVE/USDT:USDT,295.908,7.0,295.895,25.0,296.007,7.0,296.029,25.0
1753617211419,11:53:31.419,huobi,AAVE/USDT:USDT,295.908,7.0,295.895,25.0,296.007,7.0,296.029,25.0
1753617211707,11:53:31.707,huobi,AAVE/USDT:USDT,295.908,7.0,295.895,25.0,296.007,7.0,296.029,25.0
1753617211717,11:53:31.717,huobi,AAVE/USDT:USDT,295.895,25.0,295.893,7.0,296.007,7.0,296.029,25.0
1753617211767,11:53:31.767,huobi,AAVE/USDT:USDT,295.922,7.0,295.911,6.0,296.007,7.0,296.029,25.0
1753617211776,11:53:31.776,huobi,AAVE/USDT:USDT,295.922,7.0,295.911,6.0,296.007,7.0,296.029,25.0
1753617211805,11:53:31.805,huobi,AAVE/USDT:USDT,295.922,7.0,295.911,6.0,296.007,7.0,296.032,8.0
1753617211835,11:53:31.835,huobi,AAVE/USDT:USDT,295.922,7.0,295.911,6.0,296.079,7.0,296.092,7.0
1753617211865,11:53:31.865,huobi,AAVE/USDT:USDT,295.923,6.0,295.922,7.0,296.068,6.0,296.079,7.0
1753617211904,11:53:31.904,huobi,AAVE/USDT:USDT,295.937,7.0,295.923,6.0,296.054,7.0,296.068,6.0
1753617211947,11:53:31.947,huobi,AAVE/USDT:USDT,295.937,7.0,295.923,6.0,296.054,7.0,296.068,6.0
1753617211990,11:53:31.990,huobi,AAVE/USDT:USDT,295.937,7.0,295.923,6.0,296.054,7.0,296.068,6.0
1753617212152,11:53:32.152,huobi,AAVE/USDT:USDT,295.937,7.0,295.923,6.0,296.054,7.0,296.068,6.0
1753617212179,11:53:32.179,huobi,AAVE/USDT:USDT,295.937,7.0,295.923,6.0,296.054,7.0,296.068,6.0
1753617212196,11:53:32.196,huobi,AAVE/USDT:USDT,295.937,7.0,295.923,6.0,296.054,7.0,296.068,6.0
1753617212227,11:53:32.227,huobi,AAVE/USDT:USDT,295.938,6.0,295.937,7.0,296.054,7.0,296.068,6.0
1753617212255,11:53:32.255,huobi,AAVE/USDT:USDT,295.952,7.0,295.938,6.0,296.054,7.0,296.079,7.0
1753617212289,11:53:32.289,huobi,AAVE/USDT:USDT,295.954,6.0,295.952,7.0,296.079,7.0,296.092,7.0
1753617212328,11:53:32.328,huobi,AAVE/USDT:USDT,295.968,7.0,295.954,6.0,296.079,7.0,296.092,7.0
1753617212386,11:53:32.386,huobi,AAVE/USDT:USDT,295.968,7.0,295.954,6.0,296.079,7.0,296.092,7.0
1753617212410,11:53:32.410,huobi,AAVE/USDT:USDT,295.968,7.0,295.954,6.0,296.079,7.0,296.092,7.0
1753617212444,11:53:32.444,huobi,AAVE/USDT:USDT,295.968,7.0,295.954,6.0,296.079,7.0,296.092,7.0
1753617212469,11:53:32.469,huobi,AAVE/USDT:USDT,295.968,7.0,295.954,6.0,296.079,7.0,296.092,7.0
1753617212514,11:53:32.514,huobi,AAVE/USDT:USDT,295.968,7.0,295.954,6.0,296.079,7.0,296.092,7.0
1753617212533,11:53:32.533,huobi,AAVE/USDT:USDT,295.968,7.0,295.954,6.0,296.079,7.0,296.092,7.0
1753617212572,11:53:32.572,huobi,AAVE/USDT:USDT,295.968,7.0,295.954,6.0,296.079,7.0,296.092,7.0
1753617212651,11:53:32.651,huobi,AAVE/USDT:USDT,295.968,7.0,295.954,6.0,296.079,7.0,296.092,7.0
1753617212697,11:53:32.697,huobi,AAVE/USDT:USDT,295.968,7.0,295.954,6.0,296.079,7.0,296.092,7.0
1753617212722,11:53:32.722,huobi,AAVE/USDT:USDT,295.968,7.0,295.954,6.0,296.079,7.0,296.092,7.0
1753617212755,11:53:32.755,huobi,AAVE/USDT:USDT,295.968,7.0,295.954,6.0,296.079,7.0,296.092,7.0
1753617212780,11:53:32.780,huobi,AAVE/USDT:USDT,295.968,7.0,295.954,6.0,296.079,7.0,296.092,7.0
1753617212831,11:53:32.831,huobi,AAVE/USDT:USDT,295.968,7.0,295.954,6.0,296.079,7.0,296.092,7.0
1753617212878,11:53:32.878,huobi,AAVE/USDT:USDT,295.968,7.0,295.954,6.0,296.079,7.0,296.092,7.0
1753617212893,11:53:32.893,huobi,AAVE/USDT:USDT,295.968,7.0,295.954,6.0,296.079,7.0,296.092,7.0
1753617212936,11:53:32.936,huobi,AAVE/USDT:USDT,295.968,7.0,295.954,6.0,296.079,7.0,296.092,7.0
1753617212945,11:53:32.945,huobi,AAVE/USDT:USDT,295.968,7.0,295.954,6.0,296.079,7.0,296.092,7.0
1753617213020,11:53:33.020,huobi,AAVE/USDT:USDT,295.968,7.0,295.954,6.0,296.079,7.0,296.092,7.0
1753617213052,11:53:33.052,huobi,AAVE/USDT:USDT,295.968,7.0,295.954,6.0,296.079,7.0,296.092,7.0
1753617213065,11:53:33.065,huobi,AAVE/USDT:USDT,295.968,7.0,295.954,6.0,296.079,7.0,296.092,7.0
1753617213667,11:53:33.667,huobi,AAVE/USDT:USDT,295.968,7.0,295.954,6.0,296.079,7.0,296.092,7.0
1753617213702,11:53:33.702,huobi,AAVE/USDT:USDT,295.968,7.0,295.954,6.0,296.079,7.0,296.092,7.0
1753617213761,11:53:33.761,huobi,AAVE/USDT:USDT,295.968,7.0,295.954,6.0,296.079,7.0,296.092,7.0
1753617213822,11:53:33.822,huobi,AAVE/USDT:USDT,295.968,7.0,295.954,6.0,296.079,7.0,296.092,7.0
1753617213849,11:53:33.849,huobi,AAVE/USDT:USDT,295.968,7.0,295.954,6.0,296.079,7.0,296.092,7.0
1753617213890,11:53:33.890,huobi,AAVE/USDT:USDT,295.968,7.0,295.954,6.0,296.079,7.0,296.092,7.0
1753617213920,11:53:33.920,huobi,AAVE/USDT:USDT,295.968,7.0,295.954,6.0,296.079,7.0,296.092,7.0
1753617213981,11:53:33.981,huobi,AAVE/USDT:USDT,295.968,7.0,295.954,6.0,296.079,7.0,296.092,7.0
1753617214001,11:53:34.001,huobi,AAVE/USDT:USDT,295.968,7.0,295.954,6.0,296.079,7.0,296.092,7.0
1753617214058,11:53:34.058,huobi,AAVE/USDT:USDT,295.968,7.0,295.954,6.0,296.079,7.0,296.092,7.0
1753617214127,11:53:34.127,huobi,AAVE/USDT:USDT,295.968,7.0,295.954,6.0,296.079,7.0,296.092,7.0
1753617214146,11:53:34.146,huobi,AAVE/USDT:USDT,295.968,7.0,295.954,6.0,296.079,7.0,296.092,7.0
1753617214316,11:53:34.316,huobi,AAVE/USDT:USDT,295.968,7.0,295.954,6.0,296.079,7.0,296.092,7.0
1753617214368,11:53:34.368,huobi,AAVE/USDT:USDT,295.968,7.0,295.954,6.0,296.079,7.0,296.092,7.0
1753617214425,11:53:34.425,huobi,AAVE/USDT:USDT,295.968,7.0,295.954,6.0,296.079,7.0,296.092,7.0
1753617214552,11:53:34.552,huobi,AAVE/USDT:USDT,295.968,7.0,295.954,6.0,296.079,7.0,296.092,7.0
1753617214672,11:53:34.672,huobi,AAVE/USDT:USDT,295.968,7.0,295.954,6.0,296.079,7.0,296.092,7.0
1753617214710,11:53:34.710,huobi,AAVE/USDT:USDT,295.968,7.0,295.954,6.0,296.079,7.0,296.092,7.0
1753617214725,11:53:34.725,huobi,AAVE/USDT:USDT,295.968,7.0,295.954,6.0,296.079,7.0,296.092,7.0
1753617214754,11:53:34.754,huobi,AAVE/USDT:USDT,295.968,7.0,295.954,6.0,296.079,7.0,296.092,7.0
1753617214785,11:53:34.785,huobi,AAVE/USDT:USDT,295.968,7.0,295.954,6.0,296.079,7.0,296.092,7.0
1753617214822,11:53:34.822,huobi,AAVE/USDT:USDT,295.968,7.0,295.954,6.0,296.079,7.0,296.092,7.0
1753617214877,11:53:34.877,huobi,AAVE/USDT:USDT,295.968,7.0,295.954,6.0,296.079,7.0,296.092,7.0
1753617214978,11:53:34.978,huobi,AAVE/USDT:USDT,295.968,7.0,295.954,6.0,296.079,7.0,296.092,7.0
1753617214993,11:53:34.993,huobi,AAVE/USDT:USDT,295.968,7.0,295.954,6.0,296.079,7.0,296.092,7.0
1753617215020,11:53:35.020,huobi,AAVE/USDT:USDT,295.968,7.0,295.954,6.0,296.079,7.0,296.092,7.0
1753617215046,11:53:35.046,huobi,AAVE/USDT:USDT,295.968,7.0,295.954,6.0,296.079,7.0,296.092,7.0
1753617215082,11:53:35.082,huobi,AAVE/USDT:USDT,295.968,7.0,295.954,6.0,296.079,7.0,296.092,7.0
1753617215104,11:53:35.104,huobi,AAVE/USDT:USDT,295.968,7.0,295.954,6.0,296.079,7.0,296.092,7.0
1753617215157,11:53:35.157,huobi,AAVE/USDT:USDT,295.968,7.0,295.954,6.0,296.079,7.0,296.092,7.0
1753617215196,11:53:35.196,huobi,AAVE/USDT:USDT,295.968,7.0,295.954,6.0,296.079,7.0,296.092,7.0
1753617215260,11:53:35.260,huobi,AAVE/USDT:USDT,295.968,7.0,295.954,6.0,296.079,7.0,296.092,7.0
1753617215299,11:53:35.299,huobi,AAVE/USDT:USDT,295.968,7.0,295.954,6.0,296.079,7.0,296.092,7.0
1753617215331,11:53:35.331,huobi,AAVE/USDT:USDT,295.968,7.0,295.954,6.0,296.079,7.0,296.092,7.0
1753617215387,11:53:35.387,huobi,AAVE/USDT:USDT,295.968,7.0,295.954,6.0,296.079,7.0,296.092,7.0
1753617215405,11:53:35.405,huobi,AAVE/USDT:USDT,295.968,7.0,295.954,6.0,296.079,7.0,296.092,7.0
1753617215435,11:53:35.435,huobi,AAVE/USDT:USDT,295.968,7.0,295.954,6.0,296.079,7.0,296.092,7.0
1753617215525,11:53:35.525,huobi,AAVE/USDT:USDT,295.968,7.0,295.954,6.0,296.079,7.0,296.092,7.0
1753617215575,11:53:35.575,huobi,AAVE/USDT:USDT,295.968,7.0,295.954,6.0,296.079,7.0,296.092,7.0
1753617215586,11:53:35.586,huobi,AAVE/USDT:USDT,295.968,7.0,295.954,6.0,296.079,7.0,296.092,7.0
1753617215617,11:53:35.617,huobi,AAVE/USDT:USDT,295.968,7.0,295.954,6.0,296.079,7.0,296.092,7.0
1753617215687,11:53:35.687,huobi,AAVE/USDT:USDT,295.968,7.0,295.954,6.0,296.079,7.0,296.092,7.0
1753617215723,11:53:35.723,huobi,AAVE/USDT:USDT,295.968,7.0,295.954,6.0,296.079,7.0,296.092,7.0
1753617215770,11:53:35.770,huobi,AAVE/USDT:USDT,295.968,7.0,295.954,6.0,296.079,7.0,296.092,7.0
1753617215861,11:53:35.861,huobi,AAVE/USDT:USDT,295.968,7.0,295.954,6.0,296.079,7.0,296.092,7.0
1753617215891,11:53:35.891,huobi,AAVE/USDT:USDT,295.968,7.0,295.954,6.0,296.079,7.0,296.092,7.0
1753617215915,11:53:35.915,huobi,AAVE/USDT:USDT,295.968,7.0,295.954,6.0,296.079,7.0,296.092,7.0
1753617215964,11:53:35.964,huobi,AAVE/USDT:USDT,295.968,7.0,295.954,6.0,296.079,7.0,296.092,7.0
1753617216021,11:53:36.021,huobi,AAVE/USDT:USDT,295.968,7.0,295.954,6.0,296.079,7.0,296.092,7.0
1753617216040,11:53:36.040,huobi,AAVE/USDT:USDT,295.968,7.0,295.954,6.0,296.079,7.0,296.092,7.0
1753617216308,11:53:36.308,huobi,AAVE/USDT:USDT,295.968,7.0,295.954,6.0,296.079,7.0,296.092,7.0
1753617216332,11:53:36.332,huobi,AAVE/USDT:USDT,295.968,7.0,295.954,6.0,296.079,7.0,296.092,7.0
1753617216382,11:53:36.382,huobi,AAVE/USDT:USDT,295.968,7.0,295.954,6.0,296.079,7.0,296.092,7.0
1753617216477,11:53:36.477,huobi,AAVE/USDT:USDT,295.968,7.0,295.954,6.0,296.079,7.0,296.092,7.0
1753617216489,11:53:36.489,huobi,AAVE/USDT:USDT,295.968,7.0,295.954,6.0,296.079,7.0,296.092,7.0
1753617216600,11:53:36.600,huobi,AAVE/USDT:USDT,295.968,7.0,295.954,6.0,296.079,7.0,296.092,7.0
1753617216616,11:53:36.616,huobi,AAVE/USDT:USDT,295.968,7.0,295.954,6.0,296.079,7.0,296.092,7.0
1753617216637,11:53:36.637,huobi,AAVE/USDT:USDT,295.968,7.0,295.954,6.0,296.079,7.0,296.092,7.0
1753617216681,11:53:36.681,huobi,AAVE/USDT:USDT,295.968,7.0,295.954,6.0,296.079,7.0,296.092,7.0
1753617216743,11:53:36.743,huobi,AAVE/USDT:USDT,295.968,7.0,295.954,6.0,296.079,7.0,296.092,7.0
1753617216772,11:53:36.772,huobi,AAVE/USDT:USDT,295.968,7.0,295.954,6.0,296.079,7.0,296.092,7.0
1753617216810,11:53:36.810,huobi,AAVE/USDT:USDT,295.968,7.0,295.954,6.0,296.079,7.0,296.092,7.0
1753617216843,11:53:36.843,huobi,AAVE/USDT:USDT,295.968,7.0,295.954,6.0,296.079,7.0,296.092,7.0
1753617216932,11:53:36.932,huobi,AAVE/USDT:USDT,295.968,7.0,295.954,6.0,296.079,7.0,296.092,7.0
1753617216965,11:53:36.965,huobi,AAVE/USDT:USDT,295.968,7.0,295.954,6.0,296.079,7.0,296.092,7.0
1753617217583,11:53:37.583,huobi,AAVE/USDT:USDT,295.968,7.0,295.954,6.0,296.079,7.0,296.092,7.0
1753617217611,11:53:37.611,huobi,AAVE/USDT:USDT,295.968,7.0,295.954,6.0,296.079,7.0,296.092,7.0
1753617217726,11:53:37.726,huobi,AAVE/USDT:USDT,295.968,7.0,295.954,6.0,296.079,7.0,296.092,7.0
1753617217815,11:53:37.815,huobi,AAVE/USDT:USDT,295.968,7.0,295.954,6.0,296.079,7.0,296.092,7.0
1753617217873,11:53:37.873,huobi,AAVE/USDT:USDT,295.968,7.0,295.954,6.0,296.079,7.0,296.092,7.0
1753617217940,11:53:37.940,huobi,AAVE/USDT:USDT,295.968,7.0,295.954,6.0,296.079,7.0,296.092,7.0
1753617218001,11:53:38.001,huobi,AAVE/USDT:USDT,295.968,7.0,295.954,6.0,296.079,7.0,296.092,7.0
1753617218066,11:53:38.066,huobi,AAVE/USDT:USDT,295.968,7.0,295.954,6.0,296.079,7.0,296.092,7.0
1753617218092,11:53:38.092,huobi,AAVE/USDT:USDT,295.968,7.0,295.954,6.0,296.079,7.0,296.092,7.0
1753617218138,11:53:38.138,huobi,AAVE/USDT:USDT,295.968,7.0,295.954,6.0,296.079,7.0,296.092,7.0
1753617218221,11:53:38.221,huobi,AAVE/USDT:USDT,295.968,7.0,295.954,6.0,296.079,7.0,296.092,7.0
1753617218229,11:53:38.229,huobi,AAVE/USDT:USDT,295.968,7.0,295.954,6.0,296.079,7.0,296.092,7.0
1753617218420,11:53:38.420,huobi,AAVE/USDT:USDT,295.968,7.0,295.954,6.0,296.079,7.0,296.092,7.0
1753617218458,11:53:38.458,huobi,AAVE/USDT:USDT,295.968,7.0,295.954,6.0,296.079,7.0,296.092,7.0
1753617218503,11:53:38.503,huobi,AAVE/USDT:USDT,295.968,7.0,295.954,6.0,296.079,7.0,296.092,7.0
1753617218558,11:53:38.558,huobi,AAVE/USDT:USDT,295.968,7.0,295.954,6.0,296.079,7.0,296.092,7.0
1753617218607,11:53:38.607,huobi,AAVE/USDT:USDT,295.968,7.0,295.954,6.0,296.079,7.0,296.092,7.0
1753617218623,11:53:38.623,huobi,AAVE/USDT:USDT,295.968,7.0,295.954,6.0,296.079,7.0,296.092,7.0
1753617218648,11:53:38.648,huobi,AAVE/USDT:USDT,295.968,7.0,295.954,6.0,296.079,7.0,296.092,7.0
1753617218831,11:53:38.831,huobi,AAVE/USDT:USDT,295.968,7.0,295.954,6.0,296.079,7.0,296.092,7.0
1753617218856,11:53:38.856,huobi,AAVE/USDT:USDT,295.969,6.0,295.968,7.0,296.079,7.0,296.092,7.0
1753617218910,11:53:38.910,huobi,AAVE/USDT:USDT,295.983,7.0,295.969,6.0,296.079,7.0,296.092,7.0
1753617218951,11:53:38.951,huobi,AAVE/USDT:USDT,295.983,7.0,295.969,6.0,296.079,7.0,296.092,7.0
1753617218993,11:53:38.993,huobi,AAVE/USDT:USDT,295.983,7.0,295.969,6.0,296.079,7.0,296.092,7.0
1753617219017,11:53:39.017,huobi,AAVE/USDT:USDT,295.983,7.0,295.969,6.0,296.079,7.0,296.092,7.0
1753617219071,11:53:39.071,huobi,AAVE/USDT:USDT,295.983,7.0,295.969,6.0,296.079,7.0,296.092,7.0
1753617219143,11:53:39.143,huobi,AAVE/USDT:USDT,295.983,7.0,295.969,6.0,296.079,7.0,296.092,7.0
1753617219180,11:53:39.180,huobi,AAVE/USDT:USDT,295.983,7.0,295.969,6.0,296.079,7.0,296.092,7.0
1753617219189,11:53:39.189,huobi,AAVE/USDT:USDT,295.983,7.0,295.969,6.0,296.079,7.0,296.092,7.0
1753617219242,11:53:39.242,huobi,AAVE/USDT:USDT,295.983,7.0,295.969,6.0,296.079,7.0,296.092,7.0
1753617219270,11:53:39.270,huobi,AAVE/USDT:USDT,295.983,7.0,295.969,6.0,296.079,7.0,296.092,7.0
1753617219301,11:53:39.301,huobi,AAVE/USDT:USDT,295.983,7.0,295.969,6.0,296.079,7.0,296.092,7.0
1753617219328,11:53:39.328,huobi,AAVE/USDT:USDT,295.983,7.0,295.969,6.0,296.079,7.0,296.092,7.0
1753617219336,11:53:39.336,huobi,AAVE/USDT:USDT,295.983,7.0,295.969,6.0,296.079,7.0,296.092,7.0
1753617219369,11:53:39.369,huobi,AAVE/USDT:USDT,295.983,7.0,295.969,6.0,296.079,7.0,296.092,7.0
1753617219425,11:53:39.425,huobi,AAVE/USDT:USDT,295.983,7.0,295.969,6.0,296.079,7.0,296.092,7.0
1753617219471,11:53:39.471,huobi,AAVE/USDT:USDT,295.983,7.0,295.969,6.0,296.079,7.0,296.092,7.0
1753617219491,11:53:39.491,huobi,AAVE/USDT:USDT,295.983,7.0,295.969,6.0,296.079,7.0,296.092,7.0
1753617219579,11:53:39.579,huobi,AAVE/USDT:USDT,295.983,7.0,295.969,6.0,296.079,7.0,296.092,7.0
1753617219681,11:53:39.681,huobi,AAVE/USDT:USDT,295.983,7.0,295.969,6.0,296.079,7.0,296.092,7.0
1753617219707,11:53:39.707,huobi,AAVE/USDT:USDT,295.983,7.0,295.969,6.0,296.079,7.0,296.092,7.0
1753617219730,11:53:39.730,huobi,AAVE/USDT:USDT,295.983,7.0,295.969,6.0,296.079,7.0,296.092,7.0
1753617219993,11:53:39.993,huobi,AAVE/USDT:USDT,295.983,7.0,295.969,6.0,296.079,7.0,296.092,7.0
1753617220058,11:53:40.058,huobi,AAVE/USDT:USDT,295.983,7.0,295.969,6.0,296.079,7.0,296.092,7.0
1753617220122,11:53:40.122,huobi,AAVE/USDT:USDT,295.983,7.0,295.969,6.0,296.079,7.0,296.092,7.0
1753617220168,11:53:40.168,huobi,AAVE/USDT:USDT,295.983,7.0,295.969,6.0,296.079,7.0,296.092,7.0
1753617220193,11:53:40.193,huobi,AAVE/USDT:USDT,295.983,7.0,295.969,6.0,296.079,7.0,296.092,7.0
1753617220216,11:53:40.216,huobi,AAVE/USDT:USDT,295.983,7.0,295.969,6.0,296.079,7.0,296.092,7.0
1753617220300,11:53:40.300,huobi,AAVE/USDT:USDT,295.983,7.0,295.969,6.0,296.079,7.0,296.092,7.0
1753617220351,11:53:40.351,huobi,AAVE/USDT:USDT,295.983,7.0,295.969,6.0,296.079,7.0,296.092,7.0
1753617220366,11:53:40.366,huobi,AAVE/USDT:USDT,295.983,7.0,295.969,6.0,296.079,7.0,296.092,7.0
1753617220395,11:53:40.395,huobi,AAVE/USDT:USDT,295.983,7.0,295.969,6.0,296.079,7.0,296.092,7.0
1753617220433,11:53:40.433,huobi,AAVE/USDT:USDT,295.983,7.0,295.969,6.0,296.079,7.0,296.092,7.0
1753617220469,11:53:40.469,huobi,AAVE/USDT:USDT,295.983,7.0,295.969,6.0,296.079,7.0,296.092,7.0
1753617220486,11:53:40.486,huobi,AAVE/USDT:USDT,295.983,7.0,295.969,6.0,296.079,7.0,296.092,7.0
1753617220537,11:53:40.537,huobi,AAVE/USDT:USDT,295.983,7.0,295.969,6.0,296.079,7.0,296.092,7.0
1753617220574,11:53:40.574,huobi,AAVE/USDT:USDT,295.983,7.0,295.969,6.0,296.079,7.0,296.092,7.0
1753617220609,11:53:40.609,huobi,AAVE/USDT:USDT,295.983,7.0,295.969,6.0,296.079,7.0,296.092,7.0
1753617220632,11:53:40.632,huobi,AAVE/USDT:USDT,295.983,7.0,295.969,6.0,296.079,7.0,296.092,7.0
1753617220701,11:53:40.701,huobi,AAVE/USDT:USDT,295.983,7.0,295.969,6.0,296.079,7.0,296.092,7.0
1753617220722,11:53:40.722,huobi,AAVE/USDT:USDT,295.983,7.0,295.969,6.0,296.079,7.0,296.092,7.0
1753617220753,11:53:40.753,huobi,AAVE/USDT:USDT,295.983,7.0,295.969,6.0,296.079,7.0,296.092,7.0
1753617220806,11:53:40.806,huobi,AAVE/USDT:USDT,295.983,7.0,295.969,6.0,296.079,7.0,296.092,7.0
1753617220853,11:53:40.853,huobi,AAVE/USDT:USDT,295.983,7.0,295.969,6.0,296.079,7.0,296.092,7.0
1753617220903,11:53:40.903,huobi,AAVE/USDT:USDT,295.983,7.0,295.969,6.0,296.079,7.0,296.092,7.0
1753617220934,11:53:40.934,huobi,AAVE/USDT:USDT,295.983,7.0,295.969,6.0,296.079,7.0,296.092,7.0
1753617221023,11:53:41.023,huobi,AAVE/USDT:USDT,295.983,7.0,295.969,6.0,296.079,7.0,296.092,7.0
1753617221048,11:53:41.048,huobi,AAVE/USDT:USDT,295.983,7.0,295.969,6.0,296.079,7.0,296.092,7.0
1753617221098,11:53:41.098,huobi,AAVE/USDT:USDT,295.983,7.0,295.969,6.0,296.079,7.0,296.092,7.0
1753617221164,11:53:41.164,huobi,AAVE/USDT:USDT,295.983,7.0,295.969,6.0,296.079,7.0,296.092,7.0
1753617221195,11:53:41.195,huobi,AAVE/USDT:USDT,295.983,7.0,295.969,6.0,296.079,7.0,296.092,7.0
1753617221230,11:53:41.230,huobi,AAVE/USDT:USDT,295.983,7.0,295.969,6.0,296.079,7.0,296.092,7.0
1753617221312,11:53:41.312,huobi,AAVE/USDT:USDT,295.983,7.0,295.969,6.0,296.079,7.0,296.092,7.0
1753617221317,11:53:41.317,huobi,AAVE/USDT:USDT,295.983,7.0,295.969,6.0,296.079,7.0,296.092,7.0
1753617221420,11:53:41.420,huobi,AAVE/USDT:USDT,295.983,7.0,295.969,6.0,296.079,7.0,296.092,7.0
1753617221436,11:53:41.436,huobi,AAVE/USDT:USDT,295.983,7.0,295.969,6.0,296.079,7.0,296.092,7.0
1753617221482,11:53:41.482,huobi,AAVE/USDT:USDT,295.983,7.0,295.969,6.0,296.079,7.0,296.092,7.0
1753617221591,11:53:41.591,huobi,AAVE/USDT:USDT,295.983,7.0,295.969,6.0,296.079,7.0,296.092,7.0
1753617221622,11:53:41.622,huobi,AAVE/USDT:USDT,295.983,7.0,295.969,6.0,296.079,7.0,296.092,7.0
1753617221669,11:53:41.669,huobi,AAVE/USDT:USDT,295.983,7.0,295.969,6.0,296.079,7.0,296.092,7.0
1753617221770,11:53:41.770,huobi,AAVE/USDT:USDT,295.983,7.0,295.969,6.0,296.079,7.0,296.092,7.0
1753617221815,11:53:41.815,huobi,AAVE/USDT:USDT,295.983,7.0,295.969,6.0,296.079,7.0,296.092,7.0
1753617221831,11:53:41.831,huobi,AAVE/USDT:USDT,295.983,7.0,295.969,6.0,296.079,7.0,296.092,7.0
1753617221938,11:53:41.938,huobi,AAVE/USDT:USDT,295.983,7.0,295.969,6.0,296.079,7.0,296.092,7.0
1753617221969,11:53:41.969,huobi,AAVE/USDT:USDT,295.983,7.0,295.969,6.0,296.079,7.0,296.092,7.0
1753617221975,11:53:41.975,huobi,AAVE/USDT:USDT,295.983,7.0,295.969,6.0,296.079,7.0,296.092,7.0
1753617222005,11:53:42.005,huobi,AAVE/USDT:USDT,295.983,7.0,295.969,6.0,296.079,7.0,296.092,7.0
1753617222051,11:53:42.051,huobi,AAVE/USDT:USDT,295.983,7.0,295.969,6.0,296.079,7.0,296.092,7.0
1753617222077,11:53:42.077,huobi,AAVE/USDT:USDT,295.983,7.0,295.969,6.0,296.079,7.0,296.092,7.0
1753617222144,11:53:42.144,huobi,AAVE/USDT:USDT,295.983,7.0,295.969,6.0,296.079,7.0,296.092,7.0
1753617222159,11:53:42.159,huobi,AAVE/USDT:USDT,295.983,7.0,295.969,6.0,296.079,7.0,296.092,7.0
1753617222290,11:53:42.290,huobi,AAVE/USDT:USDT,295.983,7.0,295.969,6.0,296.079,7.0,296.092,7.0
1753617222329,11:53:42.329,huobi,AAVE/USDT:USDT,295.983,7.0,295.969,6.0,296.079,7.0,296.092,7.0
1753617222337,11:53:42.337,huobi,AAVE/USDT:USDT,295.983,7.0,295.969,6.0,296.079,7.0,296.092,7.0
1753617222373,11:53:42.373,huobi,AAVE/USDT:USDT,295.983,7.0,295.969,6.0,296.079,7.0,296.092,7.0
1753617222430,11:53:42.430,huobi,AAVE/USDT:USDT,295.983,7.0,295.969,6.0,296.079,7.0,296.092,7.0
1753617222475,11:53:42.475,huobi,AAVE/USDT:USDT,295.983,7.0,295.969,6.0,296.079,7.0,296.092,7.0
1753617222491,11:53:42.491,huobi,AAVE/USDT:USDT,295.983,7.0,295.969,6.0,296.079,7.0,296.092,7.0
1753617222522,11:53:42.522,huobi,AAVE/USDT:USDT,295.983,7.0,295.969,6.0,296.079,7.0,296.109,8.0
1753617222553,11:53:42.553,huobi,AAVE/USDT:USDT,295.983,7.0,295.969,6.0,296.108,47.0,296.109,8.0
1753617222585,11:53:42.585,huobi,AAVE/USDT:USDT,295.983,7.0,295.969,6.0,296.094,7.0,296.099,47.0
1753617222612,11:53:42.612,huobi,AAVE/USDT:USDT,295.983,7.0,295.969,6.0,296.094,7.0,296.099,47.0
1753617222641,11:53:42.641,huobi,AAVE/USDT:USDT,295.983,7.0,295.969,6.0,296.094,7.0,296.099,47.0
1753617222695,11:53:42.695,huobi,AAVE/USDT:USDT,295.983,7.0,295.969,6.0,296.094,7.0,296.099,47.0
1753617222729,11:53:42.729,huobi,AAVE/USDT:USDT,295.983,7.0,295.969,6.0,296.094,7.0,296.099,47.0
1753617222802,11:53:42.802,huobi,AAVE/USDT:USDT,295.983,7.0,295.969,6.0,296.094,7.0,296.099,47.0
1753617222848,11:53:42.848,huobi,AAVE/USDT:USDT,295.983,7.0,295.969,6.0,296.094,7.0,296.1,6.0
1753617222885,11:53:42.885,huobi,AAVE/USDT:USDT,295.999,7.0,295.985,6.0,296.094,7.0,296.109,8.0
1753617222921,11:53:42.921,huobi,AAVE/USDT:USDT,295.999,7.0,295.985,6.0,296.154,7.0,296.167,25.0
1753617222943,11:53:42.943,huobi,AAVE/USDT:USDT,295.999,7.0,295.985,6.0,296.143,6.0,296.154,7.0
1753617222974,11:53:42.974,huobi,AAVE/USDT:USDT,295.999,7.0,295.985,6.0,296.129,7.0,296.143,6.0
1753617223066,11:53:43.066,huobi,AAVE/USDT:USDT,295.999,7.0,295.985,6.0,296.129,7.0,296.143,6.0
1753617223181,11:53:43.181,huobi,AAVE/USDT:USDT,295.999,7.0,295.985,6.0,296.129,7.0,296.143,6.0
1753617223245,11:53:43.245,huobi,AAVE/USDT:USDT,295.999,7.0,295.985,6.0,296.129,7.0,296.143,6.0
1753617223297,11:53:43.297,huobi,AAVE/USDT:USDT,295.999,7.0,295.985,6.0,296.129,7.0,296.143,6.0
1753617223324,11:53:43.324,huobi,AAVE/USDT:USDT,295.999,7.0,295.985,6.0,296.129,7.0,296.143,6.0
1753617223355,11:53:43.355,huobi,AAVE/USDT:USDT,296.014,7.0,296.0,6.0,296.129,7.0,296.143,6.0
1753617223397,11:53:43.397,huobi,AAVE/USDT:USDT,296.014,7.0,296.0,6.0,296.129,7.0,296.143,6.0
1753617223896,11:53:43.896,huobi,AAVE/USDT:USDT,296.014,7.0,296.0,6.0,296.129,7.0,296.143,6.0
1753617224197,11:53:44.197,huobi,AAVE/USDT:USDT,296.014,7.0,296.0,6.0,296.129,7.0,296.143,6.0
1753617224322,11:53:44.322,huobi,AAVE/USDT:USDT,296.014,7.0,296.0,6.0,296.129,7.0,296.143,6.0
1753617224362,11:53:44.362,huobi,AAVE/USDT:USDT,296.014,7.0,296.0,6.0,296.129,7.0,296.143,6.0
1753617224603,11:53:44.603,huobi,AAVE/USDT:USDT,296.014,7.0,296.0,6.0,296.129,7.0,296.143,6.0
1753617224626,11:53:44.626,huobi,AAVE/USDT:USDT,296.031,7.0,296.017,6.0,296.129,7.0,296.143,6.0
1753617224652,11:53:44.652,huobi,AAVE/USDT:USDT,296.031,7.0,296.017,6.0,296.129,7.0,296.143,6.0
1753617224675,11:53:44.675,huobi,AAVE/USDT:USDT,296.031,7.0,296.017,6.0,296.129,7.0,296.143,6.0
1753617224702,11:53:44.702,huobi,AAVE/USDT:USDT,296.031,7.0,296.017,6.0,296.129,7.0,296.143,6.0
1753617224741,11:53:44.741,huobi,AAVE/USDT:USDT,296.031,7.0,296.017,6.0,296.129,7.0,296.143,6.0
1753617224892,11:53:44.892,huobi,AAVE/USDT:USDT,296.031,7.0,296.017,6.0,296.129,7.0,296.143,6.0
1753617224940,11:53:44.940,huobi,AAVE/USDT:USDT,296.031,7.0,296.017,6.0,296.129,7.0,296.143,6.0
1753617224953,11:53:44.953,huobi,AAVE/USDT:USDT,296.031,7.0,296.017,6.0,296.129,7.0,296.143,6.0
1753617224994,11:53:44.994,huobi,AAVE/USDT:USDT,296.031,7.0,296.017,6.0,296.129,7.0,296.143,6.0
1753617225043,11:53:45.043,huobi,AAVE/USDT:USDT,296.031,7.0,296.017,6.0,296.129,7.0,296.143,6.0
1753617225100,11:53:45.100,huobi,AAVE/USDT:USDT,296.031,7.0,296.017,6.0,296.129,7.0,296.143,6.0
1753617225135,11:53:45.135,huobi,AAVE/USDT:USDT,296.031,7.0,296.017,6.0,296.129,7.0,296.143,6.0
1753617225171,11:53:45.171,huobi,AAVE/USDT:USDT,296.031,7.0,296.017,6.0,296.129,7.0,296.143,6.0
1753617225208,11:53:45.208,huobi,AAVE/USDT:USDT,296.031,7.0,296.017,6.0,296.129,7.0,296.143,6.0
1753617225251,11:53:45.251,huobi,AAVE/USDT:USDT,296.031,7.0,296.017,6.0,296.129,7.0,296.143,6.0
1753617225288,11:53:45.288,huobi,AAVE/USDT:USDT,296.031,7.0,296.017,6.0,296.129,7.0,296.143,6.0
1753617225502,11:53:45.502,huobi,AAVE/USDT:USDT,296.031,7.0,296.017,6.0,296.129,7.0,296.143,6.0
1753617225515,11:53:45.515,huobi,AAVE/USDT:USDT,296.031,7.0,296.017,6.0,296.129,7.0,296.143,6.0
1753617225558,11:53:45.558,huobi,AAVE/USDT:USDT,296.031,7.0,296.017,6.0,296.129,7.0,296.143,6.0
1753617225681,11:53:45.681,huobi,AAVE/USDT:USDT,296.031,7.0,296.017,6.0,296.129,7.0,296.143,6.0
1753617225712,11:53:45.712,huobi,AAVE/USDT:USDT,296.031,7.0,296.017,6.0,296.129,7.0,296.143,6.0
1753617225728,11:53:45.728,huobi,AAVE/USDT:USDT,296.031,7.0,296.017,6.0,296.129,7.0,296.143,6.0
1753617225768,11:53:45.768,huobi,AAVE/USDT:USDT,296.031,7.0,296.016,7.0,296.129,7.0,296.142,47.0
1753617225787,11:53:45.787,huobi,AAVE/USDT:USDT,295.999,7.0,295.988,25.0,296.129,13.0,296.142,47.0
1753617225817,11:53:45.817,huobi,AAVE/USDT:USDT,295.999,7.0,295.988,25.0,296.115,7.0,296.129,6.0
1753617225902,11:53:45.902,huobi,AAVE/USDT:USDT,295.999,7.0,295.988,25.0,296.115,7.0,296.129,6.0
1753617225922,11:53:45.922,huobi,AAVE/USDT:USDT,295.999,7.0,295.988,25.0,296.115,7.0,296.129,6.0
1753617225952,11:53:45.952,huobi,AAVE/USDT:USDT,295.999,7.0,295.988,25.0,296.115,7.0,296.129,6.0
1753617226002,11:53:46.002,huobi,AAVE/USDT:USDT,295.999,7.0,295.988,25.0,296.115,7.0,296.129,6.0
1753617226045,11:53:46.045,huobi,AAVE/USDT:USDT,295.999,7.0,295.988,25.0,296.115,7.0,296.129,6.0
1753617226056,11:53:46.056,huobi,AAVE/USDT:USDT,295.999,7.0,295.988,25.0,296.115,7.0,296.129,6.0
1753617226090,11:53:46.090,huobi,AAVE/USDT:USDT,295.999,7.0,295.988,25.0,296.115,7.0,296.129,6.0
1753617226119,11:53:46.119,huobi,AAVE/USDT:USDT,295.999,7.0,295.988,25.0,296.115,7.0,296.129,6.0
1753617226150,11:53:46.150,huobi,AAVE/USDT:USDT,295.999,7.0,295.988,25.0,296.115,7.0,296.129,6.0
1753617226191,11:53:46.191,huobi,AAVE/USDT:USDT,295.999,7.0,295.988,25.0,296.115,7.0,296.129,6.0
1753617226284,11:53:46.284,huobi,AAVE/USDT:USDT,295.999,7.0,295.988,25.0,296.115,7.0,296.129,6.0
1753617226284,11:53:46.284,huobi,AAVE/USDT:USDT,295.999,7.0,295.988,25.0,296.115,7.0,296.129,6.0
1753617226348,11:53:46.348,huobi,AAVE/USDT:USDT,295.999,7.0,295.988,25.0,296.115,7.0,296.129,6.0
1753617226410,11:53:46.410,huobi,AAVE/USDT:USDT,295.999,7.0,295.988,25.0,296.115,7.0,296.129,6.0
1753617226553,11:53:46.553,huobi,AAVE/USDT:USDT,295.999,7.0,295.988,25.0,296.115,7.0,296.129,6.0
1753617226578,11:53:46.578,huobi,AAVE/USDT:USDT,295.999,7.0,295.988,25.0,296.115,7.0,296.129,6.0
1753617226621,11:53:46.621,huobi,AAVE/USDT:USDT,295.999,7.0,295.988,25.0,296.115,7.0,296.129,6.0
1753617226628,11:53:46.628,huobi,AAVE/USDT:USDT,295.999,7.0,295.988,25.0,296.115,7.0,296.129,6.0
1753617226799,11:53:46.799,huobi,AAVE/USDT:USDT,295.999,7.0,295.988,25.0,296.115,7.0,296.129,6.0
1753617226841,11:53:46.841,huobi,AAVE/USDT:USDT,295.999,7.0,295.988,25.0,296.115,7.0,296.129,6.0
1753617226887,11:53:46.887,huobi,AAVE/USDT:USDT,295.999,7.0,295.988,25.0,296.115,7.0,296.129,6.0
1753617226916,11:53:46.916,huobi,AAVE/USDT:USDT,295.999,7.0,295.988,25.0,296.115,7.0,296.129,6.0
1753617227057,11:53:47.057,huobi,AAVE/USDT:USDT,295.999,7.0,295.988,25.0,296.115,7.0,296.129,6.0
1753617227096,11:53:47.096,huobi,AAVE/USDT:USDT,295.999,7.0,295.988,25.0,296.115,7.0,296.129,6.0
1753617227107,11:53:47.107,huobi,AAVE/USDT:USDT,295.999,7.0,295.988,25.0,296.115,7.0,296.129,6.0
1753617227151,11:53:47.151,huobi,AAVE/USDT:USDT,295.999,7.0,295.988,25.0,296.115,7.0,296.129,6.0
1753617227171,11:53:47.171,huobi,AAVE/USDT:USDT,295.999,13.0,295.988,25.0,296.115,7.0,296.129,6.0
1753617227201,11:53:47.201,huobi,AAVE/USDT:USDT,296.013,7.0,296.0,6.0,296.115,7.0,296.129,6.0
1753617227244,11:53:47.244,huobi,AAVE/USDT:USDT,296.013,7.0,296.0,6.0,296.115,7.0,296.13,7.0
1753617227260,11:53:47.260,huobi,AAVE/USDT:USDT,296.013,7.0,296.0,6.0,296.13,7.0,296.154,7.0
1753617227312,11:53:47.312,huobi,AAVE/USDT:USDT,296.013,7.0,296.0,6.0,296.154,7.0,296.161,47.0
1753617227504,11:53:47.504,huobi,AAVE/USDT:USDT,296.013,7.0,296.0,6.0,296.154,7.0,296.161,47.0
1753617227530,11:53:47.530,huobi,AAVE/USDT:USDT,296.013,7.0,296.0,6.0,296.154,7.0,296.161,47.0
1753617227573,11:53:47.573,huobi,AAVE/USDT:USDT,296.013,7.0,296.0,6.0,296.154,13.0,296.161,47.0
1753617227585,11:53:47.585,huobi,AAVE/USDT:USDT,296.013,7.0,296.0,6.0,296.154,6.0,296.161,47.0
1753617227614,11:53:47.614,huobi,AAVE/USDT:USDT,296.013,7.0,296.0,6.0,296.14,7.0,296.154,6.0
1753617227656,11:53:47.656,huobi,AAVE/USDT:USDT,296.013,7.0,296.0,6.0,296.14,7.0,296.154,6.0
1753617227780,11:53:47.780,huobi,AAVE/USDT:USDT,296.013,7.0,296.0,6.0,296.14,7.0,296.154,6.0
1753617227810,11:53:47.810,huobi,AAVE/USDT:USDT,296.013,7.0,296.0,6.0,296.14,7.0,296.154,6.0
1753617227849,11:53:47.849,huobi,AAVE/USDT:USDT,296.013,7.0,296.0,6.0,296.14,7.0,296.154,6.0
1753617227887,11:53:47.887,huobi,AAVE/USDT:USDT,296.013,7.0,296.0,6.0,296.14,7.0,296.154,6.0
1753617227922,11:53:47.922,huobi,AAVE/USDT:USDT,296.013,7.0,296.0,6.0,296.14,7.0,296.154,6.0
1753617227957,11:53:47.957,huobi,AAVE/USDT:USDT,296.013,7.0,296.0,6.0,296.14,7.0,296.154,6.0
1753617227989,11:53:47.989,huobi,AAVE/USDT:USDT,296.013,7.0,296.0,6.0,296.14,7.0,296.154,6.0
1753617228007,11:53:48.007,huobi,AAVE/USDT:USDT,296.013,7.0,296.0,6.0,296.14,7.0,296.154,6.0
1753617228079,11:53:48.079,huobi,AAVE/USDT:USDT,296.028,7.0,296.014,6.0,296.14,7.0,296.154,6.0
1753617228234,11:53:48.234,huobi,AAVE/USDT:USDT,296.028,7.0,296.014,6.0,296.14,7.0,296.154,6.0
1753617228250,11:53:48.250,huobi,AAVE/USDT:USDT,296.028,7.0,296.014,6.0,296.14,7.0,296.154,6.0
1753617228349,11:53:48.349,huobi,AAVE/USDT:USDT,296.028,7.0,296.014,6.0,296.14,7.0,296.154,6.0
1753617228444,11:53:48.444,huobi,AAVE/USDT:USDT,296.028,7.0,296.014,6.0,296.14,7.0,296.154,6.0
1753617228459,11:53:48.459,huobi,AAVE/USDT:USDT,296.028,7.0,296.014,6.0,296.14,7.0,296.154,6.0
1753617228510,11:53:48.510,huobi,AAVE/USDT:USDT,296.028,7.0,296.014,6.0,296.14,7.0,296.154,6.0
1753617228539,11:53:48.539,huobi,AAVE/USDT:USDT,296.028,7.0,296.014,6.0,296.14,7.0,296.154,6.0
1753617228560,11:53:48.560,huobi,AAVE/USDT:USDT,296.028,7.0,296.014,6.0,296.14,7.0,296.154,6.0
1753617228583,11:53:48.583,huobi,AAVE/USDT:USDT,296.028,7.0,296.014,6.0,296.14,7.0,296.154,6.0
1753617228621,11:53:48.621,huobi,AAVE/USDT:USDT,296.028,7.0,296.014,6.0,296.14,7.0,296.154,6.0
1753617228659,11:53:48.659,huobi,AAVE/USDT:USDT,296.028,7.0,296.014,6.0,296.14,7.0,296.154,6.0
1753617228688,11:53:48.688,huobi,AAVE/USDT:USDT,296.028,7.0,296.014,6.0,296.14,7.0,296.154,6.0
1753617228742,11:53:48.742,huobi,AAVE/USDT:USDT,296.028,7.0,296.014,6.0,296.14,7.0,296.154,6.0
1753617228821,11:53:48.821,huobi,AAVE/USDT:USDT,296.028,7.0,296.014,6.0,296.14,7.0,296.154,6.0
1753617228850,11:53:48.850,huobi,AAVE/USDT:USDT,296.028,7.0,296.014,6.0,296.14,7.0,296.154,6.0
1753617228900,11:53:48.900,huobi,AAVE/USDT:USDT,296.028,7.0,296.014,6.0,296.14,7.0,296.154,6.0
1753617228925,11:53:48.925,huobi,AAVE/USDT:USDT,296.028,7.0,296.014,6.0,296.14,7.0,296.154,6.0
1753617228953,11:53:48.953,huobi,AAVE/USDT:USDT,296.028,7.0,296.014,6.0,296.14,7.0,296.154,6.0
1753617228975,11:53:48.975,huobi,AAVE/USDT:USDT,296.028,7.0,296.013,7.0,296.14,7.0,296.154,6.0
1753617229041,11:53:49.041,huobi,AAVE/USDT:USDT,296.044,7.0,296.03,6.0,296.14,7.0,296.154,6.0
1753617229059,11:53:49.059,huobi,AAVE/USDT:USDT,296.044,7.0,296.03,6.0,296.14,7.0,296.154,6.0
1753617229166,11:53:49.166,huobi,AAVE/USDT:USDT,296.044,7.0,296.03,6.0,296.14,7.0,296.154,6.0
1753617229334,11:53:49.334,huobi,AAVE/USDT:USDT,296.044,7.0,296.03,6.0,296.14,7.0,296.154,6.0
1753617230160,11:53:50.160,huobi,AAVE/USDT:USDT,296.044,7.0,296.03,6.0,296.14,7.0,296.154,6.0
1753617230191,11:53:50.191,huobi,AAVE/USDT:USDT,296.044,7.0,296.03,6.0,296.14,7.0,296.154,6.0
1753617230241,11:53:50.241,huobi,AAVE/USDT:USDT,296.044,7.0,296.03,6.0,296.14,7.0,296.154,6.0
1753617230261,11:53:50.261,huobi,AAVE/USDT:USDT,296.044,7.0,296.03,6.0,296.14,7.0,296.154,6.0
1753617230316,11:53:50.316,huobi,AAVE/USDT:USDT,296.044,7.0,296.03,6.0,296.155,7.0,296.167,25.0
1753617230356,11:53:50.356,huobi,AAVE/USDT:USDT,296.044,7.0,296.03,6.0,296.155,7.0,296.166,47.0
1753617230539,11:53:50.539,huobi,AAVE/USDT:USDT,296.044,7.0,296.03,6.0,296.155,7.0,296.166,47.0
1753617230556,11:53:50.556,huobi,AAVE/USDT:USDT,296.044,7.0,296.03,6.0,296.155,7.0,296.166,47.0
1753617230607,11:53:50.607,huobi,AAVE/USDT:USDT,296.044,7.0,296.03,6.0,296.155,7.0,296.166,47.0
1753617231036,11:53:51.036,huobi,AAVE/USDT:USDT,296.044,7.0,296.03,6.0,296.155,7.0,296.166,47.0
1753617231091,11:53:51.091,huobi,AAVE/USDT:USDT,296.044,7.0,296.03,6.0,296.155,7.0,296.166,47.0
1753617231107,11:53:51.107,huobi,AAVE/USDT:USDT,296.044,7.0,296.03,6.0,296.155,7.0,296.166,47.0
1753617231127,11:53:51.127,huobi,AAVE/USDT:USDT,296.044,7.0,296.03,6.0,296.155,7.0,296.166,47.0
1753617231164,11:53:51.164,huobi,AAVE/USDT:USDT,296.044,7.0,295.998,7.0,296.155,7.0,296.166,47.0
1753617231188,11:53:51.188,huobi,AAVE/USDT:USDT,295.998,7.0,295.989,7.0,296.155,13.0,296.166,47.0
1753617231216,11:53:51.216,huobi,AAVE/USDT:USDT,296.023,7.0,296.009,6.0,296.141,7.0,296.15,6.0
1753617231280,11:53:51.280,huobi,AAVE/USDT:USDT,296.023,7.0,296.009,6.0,296.141,7.0,296.15,6.0
1753617231380,11:53:51.380,huobi,AAVE/USDT:USDT,296.023,7.0,296.009,6.0,296.141,7.0,296.15,6.0
1753617231400,11:53:51.400,huobi,AAVE/USDT:USDT,296.023,7.0,296.009,6.0,296.141,7.0,296.15,6.0
1753617231439,11:53:51.439,huobi,AAVE/USDT:USDT,296.023,7.0,296.009,6.0,296.141,7.0,296.15,6.0
1753617231478,11:53:51.478,huobi,AAVE/USDT:USDT,296.023,7.0,296.009,6.0,296.141,7.0,296.15,6.0
1753617231486,11:53:51.486,huobi,AAVE/USDT:USDT,296.023,7.0,296.009,6.0,296.141,7.0,296.166,47.0
1753617231519,11:53:51.519,huobi,AAVE/USDT:USDT,296.023,7.0,295.998,7.0,296.126,7.0,296.141,7.0
1753617231547,11:53:51.547,huobi,AAVE/USDT:USDT,295.998,7.0,295.988,25.0,296.101,7.0,296.115,6.0
1753617231585,11:53:51.585,huobi,AAVE/USDT:USDT,295.998,7.0,295.988,25.0,296.083,7.0,296.097,6.0
1753617231624,11:53:51.624,huobi,AAVE/USDT:USDT,295.998,7.0,295.988,25.0,296.083,7.0,296.097,6.0
1753617231637,11:53:51.637,huobi,AAVE/USDT:USDT,295.998,7.0,295.988,25.0,296.083,7.0,296.097,6.0
1753617231697,11:53:51.697,huobi,AAVE/USDT:USDT,295.998,7.0,295.988,25.0,296.083,7.0,296.097,6.0
1753617231754,11:53:51.754,huobi,AAVE/USDT:USDT,295.998,7.0,295.988,25.0,296.083,7.0,296.097,6.0
1753617231758,11:53:51.758,huobi,AAVE/USDT:USDT,295.998,7.0,295.988,25.0,296.083,7.0,296.097,6.0
1753617231828,11:53:51.828,huobi,AAVE/USDT:USDT,295.998,7.0,295.988,25.0,296.083,7.0,296.097,6.0
1753617231869,11:53:51.869,huobi,AAVE/USDT:USDT,295.998,7.0,295.988,25.0,296.083,7.0,296.097,6.0
1753617231887,11:53:51.887,huobi,AAVE/USDT:USDT,295.998,7.0,295.988,25.0,296.083,7.0,296.097,6.0
1753617232235,11:53:52.235,huobi,AAVE/USDT:USDT,295.998,7.0,295.988,25.0,296.083,7.0,296.097,6.0
1753617232276,11:53:52.276,huobi,AAVE/USDT:USDT,295.998,7.0,295.988,25.0,296.083,7.0,296.097,6.0
1753617232317,11:53:52.317,huobi,AAVE/USDT:USDT,295.998,7.0,295.988,25.0,296.083,7.0,296.097,6.0
1753617232339,11:53:52.339,huobi,AAVE/USDT:USDT,295.998,7.0,295.988,25.0,296.083,7.0,296.097,6.0
1753617232363,11:53:52.363,huobi,AAVE/USDT:USDT,295.998,7.0,295.988,25.0,296.083,7.0,296.097,6.0
1753617232403,11:53:52.403,huobi,AAVE/USDT:USDT,295.998,7.0,295.988,25.0,296.083,7.0,296.097,6.0
1753617232452,11:53:52.452,huobi,AAVE/USDT:USDT,295.998,7.0,295.988,25.0,296.083,7.0,296.097,6.0
1753617232527,11:53:52.527,huobi,AAVE/USDT:USDT,295.998,7.0,295.952,7.0,296.083,7.0,296.097,6.0
1753617232541,11:53:52.541,huobi,AAVE/USDT:USDT,295.952,7.0,295.946,25.0,296.083,7.0,296.096,47.0
1753617232572,11:53:52.572,huobi,AAVE/USDT:USDT,295.952,7.0,295.946,25.0,296.068,7.0,296.082,6.0
1753617232601,11:53:52.601,huobi,AAVE/USDT:USDT,295.952,7.0,295.946,25.0,296.068,7.0,296.082,6.0
1753617232626,11:53:52.626,huobi,AAVE/USDT:USDT,295.952,7.0,295.946,25.0,296.065,25.0,296.068,7.0
1753617232668,11:53:52.668,huobi,AAVE/USDT:USDT,295.952,7.0,295.946,25.0,296.051,7.0,296.065,25.0
1753617232707,11:53:52.707,huobi,AAVE/USDT:USDT,295.952,7.0,295.946,25.0,296.051,7.0,296.065,25.0
1753617232724,11:53:52.724,huobi,AAVE/USDT:USDT,295.952,7.0,295.946,25.0,296.051,7.0,296.065,25.0
1753617232865,11:53:52.865,huobi,AAVE/USDT:USDT,295.952,7.0,295.946,25.0,296.051,7.0,296.065,25.0
1753617232937,11:53:52.937,huobi,AAVE/USDT:USDT,295.952,7.0,295.946,25.0,296.051,7.0,296.065,25.0
