timestamp,time,exchange,symbol,bid1_price,bid1_volume,bid2_price,bid2_volume,ask1_price,ask1_volume,ask2_price,ask2_volume
1753617162000,11:52:42.000,gateio,A/USDT:USDT,0.577,350.0,0.5769,552.0,0.5773,286.0,0.5774,618.0
1753617162964,11:52:42.964,gateio,A/USDT:USDT,0.577,350.0,0.5769,552.0,0.5773,286.0,0.5774,618.0
1753617162982,11:52:42.982,gateio,A/USDT:USDT,0.577,350.0,0.5769,552.0,0.5773,286.0,0.5774,618.0
1753617163086,11:52:43.086,gateio,A/USDT:USDT,0.577,350.0,0.5769,552.0,0.5773,286.0,0.5774,618.0
1753617163776,11:52:43.776,gateio,A/USDT:USDT,0.5771,90.0,0.577,350.0,0.5773,286.0,0.5774,618.0
1753617163801,11:52:43.801,gateio,A/USDT:USDT,0.5771,90.0,0.577,558.0,0.5773,261.0,0.5774,618.0
1753617164680,11:52:44.680,gateio,A/USDT:USDT,0.5771,90.0,0.577,558.0,0.5774,618.0,0.5775,3377.0
1753617164779,11:52:44.779,gateio,A/USDT:USDT,0.5771,90.0,0.577,558.0,0.5773,25.0,0.5774,618.0
1753617164781,11:52:44.781,gateio,A/USDT:USDT,0.5771,90.0,0.577,558.0,0.5773,25.0,0.5774,618.0
1753617165368,11:52:45.368,gateio,A/USDT:USDT,0.5771,353.0,0.577,558.0,0.5773,25.0,0.5774,618.0
1753617165489,11:52:45.489,gateio,A/USDT:USDT,0.5771,353.0,0.577,558.0,0.5773,25.0,0.5774,618.0
1753617165589,11:52:45.589,gateio,A/USDT:USDT,0.5771,353.0,0.577,558.0,0.5773,25.0,0.5774,618.0
1753617167155,11:52:47.155,gateio,A/USDT:USDT,0.5771,353.0,0.577,558.0,0.5773,25.0,0.5774,618.0
1753617167326,11:52:47.326,gateio,A/USDT:USDT,0.5771,353.0,0.577,558.0,0.5773,25.0,0.5774,618.0
1753617167523,11:52:47.523,gateio,A/USDT:USDT,0.5771,353.0,0.577,558.0,0.5773,25.0,0.5774,618.0
1753617167764,11:52:47.764,gateio,A/USDT:USDT,0.5771,341.0,0.577,558.0,0.5773,25.0,0.5774,618.0
1753617167888,11:52:47.888,gateio,A/USDT:USDT,0.5771,341.0,0.577,558.0,0.5773,25.0,0.5774,618.0
1753617168036,11:52:48.036,gateio,A/USDT:USDT,0.5771,341.0,0.577,558.0,0.5773,25.0,0.5774,618.0
1753617169579,11:52:49.579,gateio,A/USDT:USDT,0.5771,341.0,0.577,558.0,0.5773,25.0,0.5774,618.0
1753617169581,11:52:49.581,gateio,A/USDT:USDT,0.5771,341.0,0.577,558.0,0.5773,25.0,0.5774,618.0
1753617169951,11:52:49.951,gateio,A/USDT:USDT,0.5771,341.0,0.577,558.0,0.5773,25.0,0.5774,618.0
1753617170165,11:52:50.165,gateio,A/USDT:USDT,0.5771,341.0,0.577,558.0,0.5773,25.0,0.5774,618.0
1753617170363,11:52:50.363,gateio,A/USDT:USDT,0.5771,341.0,0.577,558.0,0.5773,25.0,0.5774,618.0
1753617170620,11:52:50.620,gateio,A/USDT:USDT,0.5771,341.0,0.577,558.0,0.5773,25.0,0.5774,618.0
1753617170691,11:52:50.691,gateio,A/USDT:USDT,0.5771,341.0,0.577,558.0,0.5773,25.0,0.5774,618.0
1753617171043,11:52:51.043,gateio,A/USDT:USDT,0.5771,341.0,0.577,558.0,0.5773,25.0,0.5774,4971.0
1753617171560,11:52:51.560,gateio,A/USDT:USDT,0.5772,90.0,0.5771,561.0,0.5773,25.0,0.5774,4708.0
1753617171718,11:52:51.718,gateio,A/USDT:USDT,0.5772,90.0,0.5771,561.0,0.5773,25.0,0.5774,4708.0
1753617171824,11:52:51.824,gateio,A/USDT:USDT,0.5772,90.0,0.5771,561.0,0.5773,25.0,0.5774,4708.0
1753617171966,11:52:51.966,gateio,A/USDT:USDT,0.5772,90.0,0.5771,561.0,0.5773,25.0,0.5774,4708.0
1753617171990,11:52:51.990,gateio,A/USDT:USDT,0.5772,90.0,0.5771,561.0,0.5773,25.0,0.5774,4708.0
1753617172769,11:52:52.769,gateio,A/USDT:USDT,0.5772,90.0,0.5771,561.0,0.5773,25.0,0.5774,4708.0
1753617172876,11:52:52.876,gateio,A/USDT:USDT,0.5772,90.0,0.5771,561.0,0.5773,25.0,0.5774,4708.0
1753617172916,11:52:52.916,gateio,A/USDT:USDT,0.5772,90.0,0.5771,561.0,0.5773,25.0,0.5774,4708.0
1753617173146,11:52:53.146,gateio,A/USDT:USDT,0.5772,90.0,0.5771,561.0,0.5773,25.0,0.5774,4708.0
1753617173643,11:52:53.643,gateio,A/USDT:USDT,0.5771,341.0,0.577,298.0,0.5773,25.0,0.5774,4708.0
1753617173842,11:52:53.842,gateio,A/USDT:USDT,0.5771,341.0,0.577,298.0,0.5773,25.0,0.5774,4708.0
1753617173919,11:52:53.919,gateio,A/USDT:USDT,0.5771,341.0,0.577,298.0,0.5773,25.0,0.5774,4708.0
1753617174379,11:52:54.379,gateio,A/USDT:USDT,0.5771,341.0,0.577,298.0,0.5773,25.0,0.5774,4708.0
1753617174381,11:52:54.381,gateio,A/USDT:USDT,0.5771,341.0,0.577,298.0,0.5773,25.0,0.5774,4708.0
1753617174624,11:52:54.624,gateio,A/USDT:USDT,0.5771,341.0,0.577,298.0,0.5773,25.0,0.5774,4708.0
1753617175182,11:52:55.182,gateio,A/USDT:USDT,0.5771,341.0,0.577,298.0,0.5773,25.0,0.5774,4708.0
1753617175391,11:52:55.391,gateio,A/USDT:USDT,0.5771,341.0,0.577,298.0,0.5773,25.0,0.5774,4708.0
1753617175672,11:52:55.672,gateio,A/USDT:USDT,0.5771,341.0,0.577,298.0,0.5773,25.0,0.5774,4708.0
1753617176479,11:52:56.479,gateio,A/USDT:USDT,0.5769,254.0,0.5768,1030.0,0.5773,289.0,0.5774,4708.0
1753617176481,11:52:56.481,gateio,A/USDT:USDT,0.5769,254.0,0.5768,1030.0,0.5773,289.0,0.5774,4708.0
1753617176610,11:52:56.610,gateio,A/USDT:USDT,0.5769,254.0,0.5768,1030.0,0.5773,289.0,0.5774,4708.0
1753617178077,11:52:58.077,gateio,A/USDT:USDT,0.5771,90.0,0.577,90.0,0.5773,289.0,0.5774,4708.0
1753617178129,11:52:58.129,gateio,A/USDT:USDT,0.5771,90.0,0.577,298.0,0.5773,264.0,0.5774,4708.0
1753617179210,11:52:59.210,gateio,A/USDT:USDT,0.577,383.0,0.5769,552.0,0.5773,264.0,0.5774,4708.0
1753617179354,11:52:59.354,gateio,A/USDT:USDT,0.577,383.0,0.5769,552.0,0.5772,25.0,0.5773,264.0
1753617179977,11:52:59.977,gateio,A/USDT:USDT,0.577,383.0,0.5769,552.0,0.5772,25.0,0.5773,264.0
1753617180070,11:53:00.070,gateio,A/USDT:USDT,0.577,383.0,0.5769,552.0,0.5772,25.0,0.5773,264.0
1753617181271,11:53:01.271,gateio,A/USDT:USDT,0.577,383.0,0.5769,552.0,0.5772,25.0,0.5773,264.0
1753617181338,11:53:01.338,gateio,A/USDT:USDT,0.577,383.0,0.5769,552.0,0.5772,25.0,0.5773,264.0
1753617181978,11:53:01.978,gateio,A/USDT:USDT,0.577,383.0,0.5769,552.0,0.5772,25.0,0.5773,264.0
1753617182155,11:53:02.155,gateio,A/USDT:USDT,0.577,383.0,0.5769,552.0,0.5772,25.0,0.5773,264.0
1753617182657,11:53:02.657,gateio,A/USDT:USDT,0.5771,258.0,0.577,354.0,0.5772,25.0,0.5774,4708.0
1753617182745,11:53:02.745,gateio,A/USDT:USDT,0.5771,258.0,0.577,354.0,0.5772,25.0,0.5774,4708.0
1753617182862,11:53:02.862,gateio,A/USDT:USDT,0.5771,258.0,0.577,354.0,0.5773,25.0,0.5774,4708.0
1753617182978,11:53:02.978,gateio,A/USDT:USDT,0.5771,258.0,0.577,354.0,0.5773,25.0,0.5774,4708.0
1753617183048,11:53:03.048,gateio,A/USDT:USDT,0.5771,258.0,0.577,562.0,0.5773,25.0,0.5774,4708.0
1753617183242,11:53:03.242,gateio,A/USDT:USDT,0.5771,258.0,0.577,562.0,0.5773,25.0,0.5774,4708.0
1753617183467,11:53:03.467,gateio,A/USDT:USDT,0.5771,258.0,0.577,562.0,0.5773,25.0,0.5774,4708.0
1753617183577,11:53:03.577,gateio,A/USDT:USDT,0.5771,258.0,0.577,562.0,0.5773,25.0,0.5774,4708.0
1753617183663,11:53:03.663,gateio,A/USDT:USDT,0.5771,258.0,0.577,562.0,0.5773,25.0,0.5775,1033.0
1753617183761,11:53:03.761,gateio,A/USDT:USDT,0.5772,258.0,0.5771,290.0,0.5774,25.0,0.5776,1754.0
1753617183877,11:53:03.877,gateio,A/USDT:USDT,0.5772,258.0,0.5771,258.0,0.5775,25.0,0.5776,6105.0
1753617183914,11:53:03.914,gateio,A/USDT:USDT,0.5771,258.0,0.577,562.0,0.5775,25.0,0.5776,6105.0
1753617184068,11:53:04.068,gateio,A/USDT:USDT,0.5771,258.0,0.577,562.0,0.5775,25.0,0.5776,6105.0
1753617184083,11:53:04.083,gateio,A/USDT:USDT,0.5771,258.0,0.577,562.0,0.5775,25.0,0.5776,6105.0
1753617184316,11:53:04.316,gateio,A/USDT:USDT,0.5771,258.0,0.577,562.0,0.5775,25.0,0.5776,6105.0
1753617184405,11:53:04.405,gateio,A/USDT:USDT,0.5771,258.0,0.577,562.0,0.5775,283.0,0.5776,6105.0
1753617184554,11:53:04.554,gateio,A/USDT:USDT,0.5771,258.0,0.577,562.0,0.5775,283.0,0.5776,6105.0
1753617184959,11:53:04.959,gateio,A/USDT:USDT,0.5771,258.0,0.577,562.0,0.5775,283.0,0.5776,6105.0
1753617185132,11:53:05.132,gateio,A/USDT:USDT,0.5771,258.0,0.577,562.0,0.5775,283.0,0.5776,6105.0
1753617185397,11:53:05.397,gateio,A/USDT:USDT,0.5772,90.0,0.5771,258.0,0.5775,283.0,0.5776,6105.0
1753617185570,11:53:05.570,gateio,A/USDT:USDT,0.5772,348.0,0.5771,556.0,0.5775,283.0,0.5776,6105.0
1753617185876,11:53:05.876,gateio,A/USDT:USDT,0.5772,348.0,0.5771,556.0,0.5775,283.0,0.5776,6105.0
1753617186036,11:53:06.036,gateio,A/USDT:USDT,0.5772,348.0,0.5771,556.0,0.5775,283.0,0.5776,6105.0
1753617187251,11:53:07.251,gateio,A/USDT:USDT,0.5772,348.0,0.5771,556.0,0.5775,283.0,0.5776,6105.0
1753617187751,11:53:07.751,gateio,A/USDT:USDT,0.5772,348.0,0.5771,556.0,0.5775,283.0,0.5776,6105.0
1753617188781,11:53:08.781,gateio,A/USDT:USDT,0.5772,348.0,0.5771,556.0,0.5775,283.0,0.5776,6105.0
1753617189042,11:53:09.042,gateio,A/USDT:USDT,0.5772,348.0,0.5771,556.0,0.5775,283.0,0.5776,6105.0
1753617193581,11:53:13.581,gateio,A/USDT:USDT,0.5772,348.0,0.5771,556.0,0.5775,283.0,0.5776,6105.0
1753617196239,11:53:16.239,gateio,A/USDT:USDT,0.5772,348.0,0.5771,556.0,0.5775,283.0,0.5776,6105.0
1753617196437,11:53:16.437,gateio,A/USDT:USDT,0.5773,255.0,0.5772,348.0,0.5775,25.0,0.5776,6105.0
1753617196543,11:53:16.543,gateio,A/USDT:USDT,0.5773,255.0,0.5772,348.0,0.5775,25.0,0.5776,6105.0
1753617196662,11:53:16.662,gateio,A/USDT:USDT,0.5773,255.0,0.5772,556.0,0.5775,25.0,0.5776,6105.0
1753617196805,11:53:16.805,gateio,A/USDT:USDT,0.5773,255.0,0.5772,556.0,0.5775,25.0,0.5776,6105.0
1753617197291,11:53:17.291,gateio,A/USDT:USDT,0.5773,255.0,0.5772,556.0,0.5775,25.0,0.5776,6105.0
1753617197623,11:53:17.623,gateio,A/USDT:USDT,0.5773,255.0,0.5772,556.0,0.5775,25.0,0.5776,6105.0
1753617198382,11:53:18.382,gateio,A/USDT:USDT,0.5773,255.0,0.5772,556.0,0.5775,25.0,0.5776,6105.0
1753617199176,11:53:19.176,gateio,A/USDT:USDT,0.5773,255.0,0.5772,556.0,0.5775,25.0,0.5776,6105.0
1753617199264,11:53:19.264,gateio,A/USDT:USDT,0.5774,90.0,0.5773,553.0,0.5775,25.0,0.5776,4616.0
1753617199364,11:53:19.364,gateio,A/USDT:USDT,0.5774,90.0,0.5773,553.0,0.5775,25.0,0.5776,4616.0
1753617199472,11:53:19.472,gateio,A/USDT:USDT,0.5774,90.0,0.5773,553.0,0.5775,25.0,0.5776,4616.0
1753617199649,11:53:19.649,gateio,A/USDT:USDT,0.5774,90.0,0.5773,553.0,0.5775,25.0,0.5776,4616.0
1753617199960,11:53:19.960,gateio,A/USDT:USDT,0.5774,90.0,0.5773,553.0,0.5775,280.0,0.5776,4616.0
1753617200069,11:53:20.069,gateio,A/USDT:USDT,0.5772,258.0,0.5771,911.0,0.5775,280.0,0.5776,4616.0
1753617200085,11:53:20.085,gateio,A/USDT:USDT,0.5772,258.0,0.5771,911.0,0.5775,280.0,0.5776,4616.0
1753617200394,11:53:20.394,gateio,A/USDT:USDT,0.5772,258.0,0.5771,911.0,0.5775,280.0,0.5776,4616.0
1753617200678,11:53:20.678,gateio,A/USDT:USDT,0.5772,258.0,0.5771,911.0,0.5775,280.0,0.5776,4616.0
1753617200892,11:53:20.892,gateio,A/USDT:USDT,0.5772,258.0,0.5771,911.0,0.5775,280.0,0.5776,4616.0
1753617201166,11:53:21.166,gateio,A/USDT:USDT,0.5774,90.0,0.5772,258.0,0.5775,25.0,0.5776,4616.0
1753617201258,11:53:21.258,gateio,A/USDT:USDT,0.5774,90.0,0.5773,298.0,0.5775,25.0,0.5776,4616.0
1753617201335,11:53:21.335,gateio,A/USDT:USDT,0.5774,90.0,0.5773,298.0,0.5775,25.0,0.5776,4616.0
1753617201600,11:53:21.600,gateio,A/USDT:USDT,0.5774,90.0,0.5773,298.0,0.5775,25.0,0.5776,4616.0
1753617202199,11:53:22.199,gateio,A/USDT:USDT,0.5774,90.0,0.5773,298.0,0.5775,25.0,0.5776,4616.0
1753617202530,11:53:22.530,gateio,A/USDT:USDT,0.5774,90.0,0.5773,298.0,0.5775,25.0,0.5776,4616.0
1753617202876,11:53:22.876,gateio,A/USDT:USDT,0.5772,258.0,0.5771,556.0,0.5775,292.0,0.5776,4616.0
1753617202946,11:53:22.946,gateio,A/USDT:USDT,0.5772,258.0,0.5771,556.0,0.5775,292.0,0.5776,4616.0
1753617203058,11:53:23.058,gateio,A/USDT:USDT,0.5772,258.0,0.5771,911.0,0.5775,292.0,0.5776,4616.0
1753617203181,11:53:23.181,gateio,A/USDT:USDT,0.5772,258.0,0.5771,911.0,0.5775,292.0,0.5776,4616.0
1753617205273,11:53:25.273,gateio,A/USDT:USDT,0.5774,90.0,0.5773,357.0,0.5775,25.0,0.5776,4616.0
1753617205371,11:53:25.371,gateio,A/USDT:USDT,0.5774,90.0,0.5773,565.0,0.5775,25.0,0.5776,4616.0
1753617205610,11:53:25.610,gateio,A/USDT:USDT,0.5774,90.0,0.5773,565.0,0.5775,25.0,0.5776,4616.0
1753617206456,11:53:26.456,gateio,A/USDT:USDT,0.5774,90.0,0.5773,565.0,0.5775,25.0,0.5776,4616.0
1753617207846,11:53:27.846,gateio,A/USDT:USDT,0.5774,357.0,0.5773,565.0,0.5775,25.0,0.5776,4351.0
1753617207982,11:53:27.982,gateio,A/USDT:USDT,0.5774,357.0,0.5773,565.0,0.5775,25.0,0.5776,4351.0
1753617208214,11:53:28.214,gateio,A/USDT:USDT,0.5774,357.0,0.5773,565.0,0.5775,25.0,0.5776,4351.0
1753617208501,11:53:28.501,gateio,A/USDT:USDT,0.5774,357.0,0.5773,565.0,0.5775,25.0,0.5776,4351.0
1753617208592,11:53:28.592,gateio,A/USDT:USDT,0.5774,357.0,0.5773,565.0,0.5775,25.0,0.5776,4351.0
1753617208986,11:53:28.986,gateio,A/USDT:USDT,0.5774,357.0,0.5773,565.0,0.5775,25.0,0.5776,4351.0
1753617209122,11:53:29.122,gateio,A/USDT:USDT,0.5774,357.0,0.5773,565.0,0.5775,25.0,0.5776,4351.0
1753617209322,11:53:29.322,gateio,A/USDT:USDT,0.5774,357.0,0.5773,565.0,0.5775,25.0,0.5776,4351.0
1753617209898,11:53:29.898,gateio,A/USDT:USDT,0.5774,357.0,0.5773,565.0,0.5775,25.0,0.5776,4351.0
1753617210058,11:53:30.058,gateio,A/USDT:USDT,0.5774,357.0,0.5773,565.0,0.5775,25.0,0.5776,4351.0
1753617210682,11:53:30.682,gateio,A/USDT:USDT,0.5774,357.0,0.5773,565.0,0.5775,25.0,0.5776,4351.0
1753617211775,11:53:31.775,gateio,A/USDT:USDT,0.5774,357.0,0.5773,565.0,0.5775,25.0,0.5777,778.0
1753617211874,11:53:31.874,gateio,A/USDT:USDT,0.5775,90.0,0.5774,565.0,0.5776,25.0,0.5777,778.0
1753617211920,11:53:31.920,gateio,A/USDT:USDT,0.5775,118.0,0.5774,565.0,0.5776,25.0,0.5777,5123.0
1753617212067,11:53:32.067,gateio,A/USDT:USDT,0.5775,118.0,0.5774,565.0,0.5776,25.0,0.5777,5123.0
1753617212126,11:53:32.126,gateio,A/USDT:USDT,0.5775,379.0,0.5774,565.0,0.5776,25.0,0.5777,5123.0
1753617212276,11:53:32.276,gateio,A/USDT:USDT,0.5775,379.0,0.5774,565.0,0.5776,25.0,0.5777,5123.0
1753617212280,11:53:32.280,gateio,A/USDT:USDT,0.5775,379.0,0.5774,565.0,0.5776,25.0,0.5777,5123.0
1753617213562,11:53:33.562,gateio,A/USDT:USDT,0.5775,379.0,0.5774,565.0,0.5776,25.0,0.5777,4345.0
1753617213662,11:53:33.662,gateio,A/USDT:USDT,0.5775,379.0,0.5774,565.0,0.5776,25.0,0.5777,4345.0
1753617213871,11:53:33.871,gateio,A/USDT:USDT,0.5775,379.0,0.5774,565.0,0.5776,25.0,0.5777,4345.0
1753617213921,11:53:33.921,gateio,A/USDT:USDT,0.5775,379.0,0.5774,565.0,0.5776,25.0,0.5777,4345.0
1753617214299,11:53:34.299,gateio,A/USDT:USDT,0.5775,379.0,0.5774,565.0,0.5776,25.0,0.5777,4345.0
1753617214388,11:53:34.388,gateio,A/USDT:USDT,0.5775,379.0,0.5774,565.0,0.5776,25.0,0.5777,4345.0
1753617215679,11:53:35.679,gateio,A/USDT:USDT,0.5775,379.0,0.5774,565.0,0.5776,25.0,0.5777,4345.0
1753617215682,11:53:35.682,gateio,A/USDT:USDT,0.5775,379.0,0.5774,565.0,0.5776,25.0,0.5777,4345.0
1753617216120,11:53:36.120,gateio,A/USDT:USDT,0.5775,379.0,0.5774,565.0,0.5776,25.0,0.5777,4345.0
1753617216875,11:53:36.875,gateio,A/USDT:USDT,0.5775,379.0,0.5774,565.0,0.5776,25.0,0.5777,4345.0
1753617216905,11:53:36.905,gateio,A/USDT:USDT,0.5775,379.0,0.5774,565.0,0.5776,25.0,0.5777,4345.0
1753617217098,11:53:37.098,gateio,A/USDT:USDT,0.5775,379.0,0.5774,565.0,0.5776,25.0,0.5777,4345.0
1753617217375,11:53:37.375,gateio,A/USDT:USDT,0.5775,379.0,0.5774,565.0,0.5776,25.0,0.5777,4345.0
1753617218002,11:53:38.002,gateio,A/USDT:USDT,0.5775,379.0,0.5774,565.0,0.5776,25.0,0.5777,4345.0
1753617218318,11:53:38.318,gateio,A/USDT:USDT,0.5775,379.0,0.5774,565.0,0.5776,25.0,0.5777,4345.0
1753617218578,11:53:38.578,gateio,A/USDT:USDT,0.5778,90.0,0.5777,298.0,0.5779,261.0,0.578,1751.0
1753617218638,11:53:38.638,gateio,A/USDT:USDT,0.5778,151.0,0.5777,322.0,0.5779,264.0,0.578,1751.0
1753617218736,11:53:38.736,gateio,A/USDT:USDT,0.5778,151.0,0.5777,322.0,0.5779,4608.0,0.578,1751.0
1753617218823,11:53:38.823,gateio,A/USDT:USDT,0.5778,151.0,0.5777,322.0,0.5779,4608.0,0.578,1751.0
1753617219143,11:53:39.143,gateio,A/USDT:USDT,0.5778,151.0,0.5777,322.0,0.5779,4608.0,0.578,1751.0
1753617219222,11:53:39.222,gateio,A/USDT:USDT,0.5778,151.0,0.5777,322.0,0.5779,4608.0,0.578,1751.0
1753617219541,11:53:39.541,gateio,A/USDT:USDT,0.5778,151.0,0.5777,322.0,0.5779,4608.0,0.578,1751.0
1753617219613,11:53:39.613,gateio,A/USDT:USDT,0.5778,151.0,0.5777,322.0,0.5779,4608.0,0.578,1751.0
1753617220362,11:53:40.362,gateio,A/USDT:USDT,0.5778,151.0,0.5777,322.0,0.5779,4608.0,0.578,1751.0
1753617220467,11:53:40.467,gateio,A/USDT:USDT,0.5778,151.0,0.5777,298.0,0.5779,4608.0,0.578,1751.0
1753617222352,11:53:42.352,gateio,A/USDT:USDT,0.5778,151.0,0.5777,298.0,0.5779,4608.0,0.578,1751.0
1753617222510,11:53:42.510,gateio,A/USDT:USDT,0.5778,151.0,0.5777,298.0,0.5779,4608.0,0.578,1751.0
1753617222852,11:53:42.852,gateio,A/USDT:USDT,0.5778,151.0,0.5777,298.0,0.5779,4608.0,0.578,1751.0
1753617223988,11:53:43.988,gateio,A/USDT:USDT,0.5778,151.0,0.5777,298.0,0.5779,4608.0,0.578,1751.0
1753617224265,11:53:44.265,gateio,A/USDT:USDT,0.5778,61.0,0.5777,298.0,0.5779,4608.0,0.578,1751.0
1753617227042,11:53:47.042,gateio,A/USDT:USDT,0.5778,61.0,0.5777,298.0,0.5779,4347.0,0.578,1751.0
1753617227148,11:53:47.148,gateio,A/USDT:USDT,0.5778,151.0,0.5777,298.0,0.5779,4347.0,0.578,1040.0
1753617227267,11:53:47.267,gateio,A/USDT:USDT,0.5778,151.0,0.5777,298.0,0.5779,4347.0,0.578,1040.0
1753617228792,11:53:48.792,gateio,A/USDT:USDT,0.5778,151.0,0.5777,298.0,0.5779,4347.0,0.578,1040.0
1753617229102,11:53:49.102,gateio,A/USDT:USDT,0.5778,151.0,0.5777,298.0,0.5779,4347.0,0.578,1040.0
1753617229262,11:53:49.262,gateio,A/USDT:USDT,0.5778,151.0,0.5777,298.0,0.5779,4347.0,0.578,1040.0
1753617229574,11:53:49.574,gateio,A/USDT:USDT,0.5778,151.0,0.5777,298.0,0.5779,4347.0,0.578,1040.0
1753617229607,11:53:49.607,gateio,A/USDT:USDT,0.5778,151.0,0.5777,298.0,0.5779,4347.0,0.578,1040.0
1753617230161,11:53:50.161,gateio,A/USDT:USDT,0.5778,151.0,0.5777,298.0,0.5779,4347.0,0.578,1040.0
1753617230435,11:53:50.435,gateio,A/USDT:USDT,0.5778,151.0,0.5777,298.0,0.5779,4347.0,0.578,1040.0
1753617230714,11:53:50.714,gateio,A/USDT:USDT,0.5778,61.0,0.5777,298.0,0.5779,4347.0,0.578,1040.0
1753617231310,11:53:51.310,gateio,A/USDT:USDT,0.5778,61.0,0.5777,298.0,0.5779,4347.0,0.578,1040.0
1753617232169,11:53:52.169,gateio,A/USDT:USDT,0.5778,61.0,0.5777,298.0,0.5779,4347.0,0.578,1040.0
1753617232374,11:53:52.374,gateio,A/USDT:USDT,0.5778,61.0,0.5777,298.0,0.5779,4347.0,0.578,1040.0
1753617232504,11:53:52.504,gateio,A/USDT:USDT,0.5778,61.0,0.5777,298.0,0.5779,4347.0,0.578,1040.0
1753617233589,11:53:53.589,gateio,A/USDT:USDT,0.5778,61.0,0.5777,298.0,0.5779,4347.0,0.578,1040.0
1753617236170,11:53:56.170,gateio,A/USDT:USDT,0.5778,151.0,0.5777,298.0,0.5779,4347.0,0.578,262.0
1753617236260,11:53:56.260,gateio,A/USDT:USDT,0.5778,151.0,0.5777,298.0,0.5779,4344.0,0.578,265.0
1753617236650,11:53:56.650,gateio,A/USDT:USDT,0.5778,151.0,0.5777,298.0,0.5779,4344.0,0.578,265.0
1753617237222,11:53:57.222,gateio,A/USDT:USDT,0.5778,151.0,0.5777,298.0,0.5779,4344.0,0.578,265.0
1753617237285,11:53:57.285,gateio,A/USDT:USDT,0.5778,151.0,0.5777,298.0,0.5779,4344.0,0.578,265.0
1753617237824,11:53:57.824,gateio,A/USDT:USDT,0.5778,151.0,0.5777,298.0,0.5779,4344.0,0.578,265.0
1753617238389,11:53:58.389,gateio,A/USDT:USDT,0.5778,151.0,0.5777,298.0,0.5779,4344.0,0.578,265.0
1753617238525,11:53:58.525,gateio,A/USDT:USDT,0.5778,151.0,0.5777,298.0,0.5779,4344.0,0.578,265.0
1753617239283,11:53:59.283,gateio,A/USDT:USDT,0.5778,151.0,0.5777,298.0,0.5779,4344.0,0.578,265.0
1753617242062,11:54:02.062,gateio,A/USDT:USDT,0.5778,61.0,0.5776,281.0,0.5779,4344.0,0.578,265.0
1753617242128,11:54:02.128,gateio,A/USDT:USDT,0.5778,61.0,0.5777,297.0,0.5779,4344.0,0.578,265.0
1753617242186,11:54:02.186,gateio,A/USDT:USDT,0.5778,61.0,0.5777,321.0,0.5779,4344.0,0.578,265.0
1753617242558,11:54:02.558,gateio,A/USDT:USDT,0.5778,61.0,0.5777,321.0,0.5779,4344.0,0.578,265.0
1753617242809,11:54:02.809,gateio,A/USDT:USDT,0.5778,61.0,0.5777,321.0,0.5779,4344.0,0.578,265.0
1753617243189,11:54:03.189,gateio,A/USDT:USDT,0.5778,61.0,0.5777,321.0,0.5779,4344.0,0.578,265.0
1753617243771,11:54:03.771,gateio,A/USDT:USDT,0.5778,61.0,0.5777,321.0,0.5779,4344.0,0.578,265.0
1753617243939,11:54:03.939,gateio,A/USDT:USDT,0.5778,61.0,0.5777,321.0,0.5779,4344.0,0.578,265.0
1753617246013,11:54:06.013,gateio,A/USDT:USDT,0.5778,61.0,0.5777,24.0,0.5779,4344.0,0.578,265.0
1753617246132,11:54:06.132,gateio,A/USDT:USDT,0.5778,61.0,0.5777,24.0,0.5779,4344.0,0.578,265.0
1753617246381,11:54:06.381,gateio,A/USDT:USDT,0.5778,61.0,0.5777,321.0,0.5779,4344.0,0.578,265.0
1753617246486,11:54:06.486,gateio,A/USDT:USDT,0.5778,61.0,0.5777,321.0,0.5779,4344.0,0.578,265.0
1753617246962,11:54:06.962,gateio,A/USDT:USDT,0.5778,61.0,0.5777,321.0,0.5779,4344.0,0.578,265.0
1753617247989,11:54:07.989,gateio,A/USDT:USDT,0.5778,61.0,0.5777,321.0,0.5779,4344.0,0.578,265.0
1753617248144,11:54:08.144,gateio,A/USDT:USDT,0.5778,61.0,0.5777,24.0,0.5779,4344.0,0.578,265.0
1753617248268,11:54:08.268,gateio,A/USDT:USDT,0.5778,61.0,0.5776,554.0,0.5779,4344.0,0.578,265.0
1753617248287,11:54:08.287,gateio,A/USDT:USDT,0.5778,61.0,0.5777,24.0,0.5779,4344.0,0.578,265.0
1753617248582,11:54:08.582,gateio,A/USDT:USDT,0.5778,61.0,0.5777,321.0,0.5779,4344.0,0.578,265.0
1753617248687,11:54:08.687,gateio,A/USDT:USDT,0.5778,61.0,0.5777,321.0,0.5779,4344.0,0.578,265.0
1753617252795,11:54:12.795,gateio,A/USDT:USDT,0.5778,61.0,0.5777,321.0,0.5779,4344.0,0.578,265.0
1753617256659,11:54:16.659,gateio,A/USDT:USDT,0.5778,61.0,0.5777,321.0,0.5779,4344.0,0.578,265.0
1753617257590,11:54:17.590,gateio,A/USDT:USDT,0.5778,61.0,0.5777,321.0,0.5779,4344.0,0.578,265.0
1753617260425,11:54:20.425,gateio,A/USDT:USDT,0.5778,61.0,0.5777,321.0,0.5779,4344.0,0.578,265.0
1753617262389,11:54:22.389,gateio,A/USDT:USDT,0.5778,61.0,0.5777,321.0,0.5779,4344.0,0.578,265.0
1753617264068,11:54:24.068,gateio,A/USDT:USDT,0.5778,61.0,0.5777,321.0,0.5779,4344.0,0.578,265.0
1753617264292,11:54:24.292,gateio,A/USDT:USDT,0.5778,61.0,0.5777,321.0,0.5779,4344.0,0.578,265.0
1753617265283,11:54:25.283,gateio,A/USDT:USDT,0.5778,61.0,0.5777,321.0,0.5779,4344.0,0.578,265.0
1753617265420,11:54:25.420,gateio,A/USDT:USDT,0.5778,61.0,0.5777,321.0,0.5779,4344.0,0.578,266.0
1753617265516,11:54:25.516,gateio,A/USDT:USDT,0.5778,61.0,0.5777,321.0,0.5779,4344.0,0.578,266.0
1753617265590,11:54:25.590,gateio,A/USDT:USDT,0.5778,61.0,0.5777,321.0,0.5779,4344.0,0.578,266.0
1753617267189,11:54:27.189,gateio,A/USDT:USDT,0.5778,61.0,0.5777,321.0,0.5779,4344.0,0.578,266.0
1753617267541,11:54:27.541,gateio,A/USDT:USDT,0.5778,61.0,0.5777,321.0,0.5779,4344.0,0.578,266.0
1753617270358,11:54:30.358,gateio,A/USDT:USDT,0.5778,61.0,0.5777,321.0,0.5779,4344.0,0.578,266.0
1753617270391,11:54:30.391,gateio,A/USDT:USDT,0.5778,61.0,0.5777,297.0,0.5779,4344.0,0.578,266.0
1753617270508,11:54:30.508,gateio,A/USDT:USDT,0.5778,61.0,0.5777,297.0,0.5779,4344.0,0.578,266.0
1753617272002,11:54:32.002,gateio,A/USDT:USDT,0.5778,61.0,0.5777,297.0,0.5779,4344.0,0.578,266.0
1753617276790,11:54:36.790,gateio,A/USDT:USDT,0.5778,61.0,0.5777,297.0,0.5779,4344.0,0.578,266.0
1753617278872,11:54:38.872,gateio,A/USDT:USDT,0.5778,61.0,0.5776,24.0,0.5779,5122.0,0.578,266.0
1753617278921,11:54:38.921,gateio,A/USDT:USDT,0.5778,61.0,0.5775,286.0,0.5779,5122.0,0.578,266.0
1753617279054,11:54:39.054,gateio,A/USDT:USDT,0.5778,61.0,0.5775,583.0,0.5779,5122.0,0.578,266.0
1753617279262,11:54:39.262,gateio,A/USDT:USDT,0.5778,61.0,0.5776,297.0,0.5779,5122.0,0.578,266.0
1753617280555,11:54:40.555,gateio,A/USDT:USDT,0.5778,61.0,0.5776,297.0,0.5779,5122.0,0.578,266.0
1753617280678,11:54:40.678,gateio,A/USDT:USDT,0.5778,61.0,0.5775,582.0,0.5779,5122.0,0.578,266.0
1753617280702,11:54:40.702,gateio,A/USDT:USDT,0.5778,61.0,0.5775,582.0,0.5779,5122.0,0.578,266.0
1753617280817,11:54:40.817,gateio,A/USDT:USDT,0.5778,61.0,0.5775,582.0,0.5779,5122.0,0.578,266.0
1753617281662,11:54:41.662,gateio,A/USDT:USDT,0.5778,61.0,0.5775,582.0,0.5779,5122.0,0.578,266.0
1753617282008,11:54:42.008,gateio,A/USDT:USDT,0.5778,61.0,0.5775,582.0,0.5779,5122.0,0.578,266.0
1753617282501,11:54:42.501,gateio,A/USDT:USDT,0.5778,61.0,0.5776,296.0,0.5779,5122.0,0.578,266.0
1753617282605,11:54:42.605,gateio,A/USDT:USDT,0.5778,61.0,0.5776,296.0,0.5779,5122.0,0.578,266.0
1753617282742,11:54:42.742,gateio,A/USDT:USDT,0.5778,61.0,0.5776,296.0,0.5779,5122.0,0.578,266.0
1753617285153,11:54:45.153,gateio,A/USDT:USDT,0.5778,61.0,0.5776,296.0,0.5779,5122.0,0.578,266.0
1753617285336,11:54:45.336,gateio,A/USDT:USDT,0.5778,61.0,0.5776,296.0,0.5779,5122.0,0.578,266.0
1753617285408,11:54:45.408,gateio,A/USDT:USDT,0.5778,61.0,0.5776,296.0,0.5779,5122.0,0.578,266.0
1753617285653,11:54:45.653,gateio,A/USDT:USDT,0.5778,61.0,0.5777,296.0,0.5779,5122.0,0.578,1136.0
1753617285769,11:54:45.769,gateio,A/USDT:USDT,0.5778,61.0,0.5777,320.0,0.5779,5122.0,0.578,1136.0
1753617285787,11:54:45.787,gateio,A/USDT:USDT,0.5778,61.0,0.5777,296.0,0.5779,5122.0,0.578,1136.0
1753617286346,11:54:46.346,gateio,A/USDT:USDT,0.5778,61.0,0.5777,296.0,0.5779,5122.0,0.578,1136.0
1753617286460,11:54:46.460,gateio,A/USDT:USDT,0.5778,61.0,0.5777,296.0,0.5779,5122.0,0.578,1136.0
1753617286570,11:54:46.570,gateio,A/USDT:USDT,0.5778,61.0,0.5776,320.0,0.5779,5122.0,0.578,1136.0
1753617286675,11:54:46.675,gateio,A/USDT:USDT,0.5778,61.0,0.5776,320.0,0.5779,5122.0,0.578,1136.0
1753617287116,11:54:47.116,gateio,A/USDT:USDT,0.5778,61.0,0.5776,320.0,0.5779,5122.0,0.578,1136.0
1753617287224,11:54:47.224,gateio,A/USDT:USDT,0.5778,61.0,0.5776,320.0,0.5779,5122.0,0.578,1136.0
1753617287289,11:54:47.289,gateio,A/USDT:USDT,0.5778,61.0,0.5776,296.0,0.5779,5122.0,0.578,1136.0
1753617287963,11:54:47.963,gateio,A/USDT:USDT,0.5776,90.0,0.5775,320.0,0.5777,4335.0,0.5778,266.0
1753617288032,11:54:48.032,gateio,A/USDT:USDT,0.5776,90.0,0.5775,320.0,0.5777,4335.0,0.5778,270.0
1753617288086,11:54:48.086,gateio,A/USDT:USDT,0.5776,90.0,0.5775,320.0,0.5777,4335.0,0.5778,266.0
1753617288377,11:54:48.377,gateio,A/USDT:USDT,0.5776,90.0,0.5775,320.0,0.5778,4601.0,0.5779,4.0
1753617288389,11:54:48.389,gateio,A/USDT:USDT,0.5776,90.0,0.5775,320.0,0.5778,4601.0,0.578,1910.0
1753617288500,11:54:48.500,gateio,A/USDT:USDT,0.5776,90.0,0.5775,320.0,0.5778,4601.0,0.578,1910.0
1753617290359,11:54:50.359,gateio,A/USDT:USDT,0.5776,356.0,0.5775,320.0,0.5778,4335.0,0.5779,266.0
1753617290467,11:54:50.467,gateio,A/USDT:USDT,0.5776,356.0,0.5775,296.0,0.5778,4335.0,0.5779,266.0
1753617290528,11:54:50.528,gateio,A/USDT:USDT,0.5776,356.0,0.5775,296.0,0.5778,4335.0,0.5779,266.0
1753617290659,11:54:50.659,gateio,A/USDT:USDT,0.5776,356.0,0.5775,296.0,0.5778,4335.0,0.5779,266.0
1753617291191,11:54:51.191,gateio,A/USDT:USDT,0.5776,356.0,0.5775,296.0,0.5778,4335.0,0.5779,266.0
1753617291507,11:54:51.507,gateio,A/USDT:USDT,0.5776,438.0,0.5775,296.0,0.5778,4335.0,0.5779,266.0
1753617292178,11:54:52.178,gateio,A/USDT:USDT,0.5776,438.0,0.5775,296.0,0.5778,4335.0,0.5779,266.0
1753617292363,11:54:52.363,gateio,A/USDT:USDT,0.5776,438.0,0.5775,296.0,0.5778,4335.0,0.5779,266.0
1753617292553,11:54:52.553,gateio,A/USDT:USDT,0.5776,438.0,0.5775,296.0,0.5778,4335.0,0.5779,266.0
1753617292969,11:54:52.969,gateio,A/USDT:USDT,0.5776,438.0,0.5775,296.0,0.5778,4335.0,0.5779,266.0
1753617294364,11:54:54.364,gateio,A/USDT:USDT,0.5776,438.0,0.5775,296.0,0.5778,4335.0,0.5779,266.0
1753617295286,11:54:55.286,gateio,A/USDT:USDT,0.5776,172.0,0.5775,296.0,0.5778,4335.0,0.5779,266.0
1753617295386,11:54:55.386,gateio,A/USDT:USDT,0.5776,196.0,0.5775,296.0,0.5778,4335.0,0.5779,266.0
1753617295793,11:54:55.793,gateio,A/USDT:USDT,0.5776,196.0,0.5775,296.0,0.5778,4335.0,0.5779,266.0
1753617295991,11:54:55.991,gateio,A/USDT:USDT,0.5776,196.0,0.5775,296.0,0.5778,4335.0,0.5779,266.0
1753617296124,11:54:56.124,gateio,A/USDT:USDT,0.5776,196.0,0.5775,296.0,0.5778,4335.0,0.5779,266.0
1753617299102,11:54:59.102,gateio,A/USDT:USDT,0.5776,196.0,0.5775,296.0,0.5778,4335.0,0.5779,266.0
1753617299764,11:54:59.764,gateio,A/USDT:USDT,0.5776,196.0,0.5775,296.0,0.5778,4335.0,0.5779,266.0
1753617299815,11:54:59.815,gateio,A/USDT:USDT,0.5776,206.0,0.5775,296.0,0.5778,4335.0,0.5779,266.0
1753617302349,11:55:02.349,gateio,A/USDT:USDT,0.5776,206.0,0.5775,296.0,0.5778,4335.0,0.5779,266.0
1753617303468,11:55:03.468,gateio,A/USDT:USDT,0.5776,197.0,0.5775,296.0,0.5778,4335.0,0.5779,266.0
1753617304526,11:55:04.526,gateio,A/USDT:USDT,0.5777,90.0,0.5776,197.0,0.5778,4335.0,0.5779,266.0
1753617304643,11:55:04.643,gateio,A/USDT:USDT,0.5777,90.0,0.5776,402.0,0.5778,4335.0,0.5779,270.0
1753617304767,11:55:04.767,gateio,A/USDT:USDT,0.5776,196.0,0.5775,296.0,0.5778,4335.0,0.5779,270.0
1753617304855,11:55:04.855,gateio,A/USDT:USDT,0.5776,196.0,0.5775,296.0,0.5778,4335.0,0.5779,266.0
1753617304993,11:55:04.993,gateio,A/USDT:USDT,0.5776,196.0,0.5775,296.0,0.5778,4335.0,0.5779,266.0
1753617305256,11:55:05.256,gateio,A/USDT:USDT,0.5776,196.0,0.5775,296.0,0.5778,4335.0,0.5779,266.0
1753617306790,11:55:06.790,gateio,A/USDT:USDT,0.5776,196.0,0.5775,296.0,0.5778,4335.0,0.5779,266.0
1753617306902,11:55:06.902,gateio,A/USDT:USDT,0.5776,196.0,0.5775,296.0,0.5778,4335.0,0.5779,266.0
1753617307252,11:55:07.252,gateio,A/USDT:USDT,0.5776,196.0,0.5775,296.0,0.5778,4335.0,0.5779,266.0
1753617308532,11:55:08.532,gateio,A/USDT:USDT,0.5776,196.0,0.5775,296.0,0.5778,4335.0,0.5779,266.0
1753617308928,11:55:08.928,gateio,A/USDT:USDT,0.5776,196.0,0.5775,296.0,0.5778,4335.0,0.5779,266.0
1753617311590,11:55:11.590,gateio,A/USDT:USDT,0.5776,196.0,0.5775,296.0,0.5778,4335.0,0.5779,266.0
1753617314863,11:55:14.863,gateio,A/USDT:USDT,0.5776,106.0,0.5775,296.0,0.5777,256.0,0.5778,4335.0
1753617314968,11:55:14.968,gateio,A/USDT:USDT,0.5776,82.0,0.5775,320.0,0.5777,260.0,0.5778,4335.0
1753617315062,11:55:15.062,gateio,A/USDT:USDT,0.5776,82.0,0.5775,320.0,0.5777,260.0,0.5778,4335.0
1753617315262,11:55:15.262,gateio,A/USDT:USDT,0.5776,82.0,0.5775,320.0,0.5777,260.0,0.5778,4335.0
1753617315347,11:55:15.347,gateio,A/USDT:USDT,0.5776,82.0,0.5775,320.0,0.5777,260.0,0.5778,4335.0
1753617315388,11:55:15.388,gateio,A/USDT:USDT,0.5776,82.0,0.5775,296.0,0.5777,260.0,0.5778,4335.0
1753617315811,11:55:15.811,gateio,A/USDT:USDT,0.5776,82.0,0.5775,296.0,0.5777,260.0,0.5778,4335.0
1753617315882,11:55:15.882,gateio,A/USDT:USDT,0.5776,82.0,0.5775,296.0,0.5777,260.0,0.5778,4335.0
1753617316392,11:55:16.392,gateio,A/USDT:USDT,0.5776,82.0,0.5775,296.0,0.5777,260.0,0.5778,4335.0
1753617316676,11:55:16.676,gateio,A/USDT:USDT,0.5776,82.0,0.5775,296.0,0.5777,260.0,0.5778,4335.0
1753617316721,11:55:16.721,gateio,A/USDT:USDT,0.5776,82.0,0.5775,296.0,0.5777,260.0,0.5778,4335.0
1753617316786,11:55:16.786,gateio,A/USDT:USDT,0.5776,82.0,0.5775,296.0,0.5777,260.0,0.5778,4335.0
1753617318164,11:55:18.164,gateio,A/USDT:USDT,0.5776,82.0,0.5775,296.0,0.5777,260.0,0.5778,4335.0
1753617318188,11:55:18.188,gateio,A/USDT:USDT,0.5776,82.0,0.5775,320.0,0.5777,260.0,0.5778,4335.0
1753617319217,11:55:19.217,gateio,A/USDT:USDT,0.5776,82.0,0.5775,320.0,0.5777,260.0,0.5778,4335.0
1753617319364,11:55:19.364,gateio,A/USDT:USDT,0.5776,82.0,0.5775,320.0,0.5777,260.0,0.5778,5113.0
1753617319417,11:55:19.417,gateio,A/USDT:USDT,0.5776,82.0,0.5775,320.0,0.5777,260.0,0.5778,5113.0
1753617319977,11:55:19.977,gateio,A/USDT:USDT,0.5776,82.0,0.5775,24.0,0.5777,260.0,0.5778,5113.0
1753617320070,11:55:20.070,gateio,A/USDT:USDT,0.5776,82.0,0.5774,24.0,0.5777,615.0,0.5778,5824.0
1753617320179,11:55:20.179,gateio,A/USDT:USDT,0.5772,282.0,0.5771,292.0,0.5775,256.0,0.5776,4587.0
1753617320275,11:55:20.275,gateio,A/USDT:USDT,0.5772,282.0,0.5771,258.0,0.5774,4335.0,0.5775,256.0
1753617320346,11:55:20.346,gateio,A/USDT:USDT,0.5771,258.0,0.577,701.0,0.5774,4331.0,0.5775,256.0
1753617320403,11:55:20.403,gateio,A/USDT:USDT,0.5772,24.0,0.5771,258.0,0.5773,4.0,0.5774,4331.0
1753617320513,11:55:20.513,gateio,A/USDT:USDT,0.5772,24.0,0.5771,258.0,0.5773,4.0,0.5774,4331.0
1753617320590,11:55:20.590,gateio,A/USDT:USDT,0.5772,24.0,0.5771,258.0,0.5773,4.0,0.5774,4331.0
1753617320758,11:55:20.758,gateio,A/USDT:USDT,0.5772,24.0,0.5771,554.0,0.5773,4.0,0.5774,4331.0
1753617320875,11:55:20.875,gateio,A/USDT:USDT,0.5772,24.0,0.5771,258.0,0.5773,4.0,0.5774,4331.0
1753617320963,11:55:20.963,gateio,A/USDT:USDT,0.5772,24.0,0.5771,554.0,0.5773,4.0,0.5774,4331.0
1753617321068,11:55:21.068,gateio,A/USDT:USDT,0.5772,24.0,0.5771,554.0,0.5773,4.0,0.5774,4331.0
1753617321506,11:55:21.506,gateio,A/USDT:USDT,0.5772,24.0,0.5771,554.0,0.5773,4.0,0.5774,4331.0
1753617321939,11:55:21.939,gateio,A/USDT:USDT,0.5772,24.0,0.5771,554.0,0.5773,4.0,0.5774,4331.0
1753617322006,11:55:22.006,gateio,A/USDT:USDT,0.5772,24.0,0.5771,554.0,0.5773,4.0,0.5774,4331.0
1753617322791,11:55:22.791,gateio,A/USDT:USDT,0.5772,24.0,0.5771,554.0,0.5773,4.0,0.5774,4331.0
1753617323375,11:55:23.375,gateio,A/USDT:USDT,0.5772,24.0,0.5771,554.0,0.5773,4.0,0.5774,4331.0
1753617323382,11:55:23.382,gateio,A/USDT:USDT,0.5772,24.0,0.5771,554.0,0.5773,4.0,0.5774,4331.0
1753617323718,11:55:23.718,gateio,A/USDT:USDT,0.5772,281.0,0.5771,554.0,0.5773,4.0,0.5774,4331.0
1753617323876,11:55:23.876,gateio,A/USDT:USDT,0.5772,281.0,0.5771,554.0,0.5773,4.0,0.5774,4331.0
1753617323882,11:55:23.882,gateio,A/USDT:USDT,0.5772,281.0,0.5771,554.0,0.5773,4.0,0.5774,4331.0
1753617324403,11:55:24.403,gateio,A/USDT:USDT,0.5772,281.0,0.5771,554.0,0.5773,4.0,0.5774,4331.0
1753617325162,11:55:25.162,gateio,A/USDT:USDT,0.5772,281.0,0.5771,554.0,0.5773,4.0,0.5774,4331.0
1753617325340,11:55:25.340,gateio,A/USDT:USDT,0.5772,24.0,0.5771,554.0,0.5773,4.0,0.5774,4331.0
1753617326106,11:55:26.106,gateio,A/USDT:USDT,0.5772,24.0,0.5771,554.0,0.5773,4.0,0.5774,4331.0
1753617327591,11:55:27.591,gateio,A/USDT:USDT,0.5772,24.0,0.5771,554.0,0.5773,4.0,0.5774,4331.0
1753617330122,11:55:30.122,gateio,A/USDT:USDT,0.5772,24.0,0.5771,554.0,0.5773,4.0,0.5774,4331.0
1753617330579,11:55:30.579,gateio,A/USDT:USDT,0.5772,24.0,0.5771,296.0,0.5773,261.0,0.5774,4331.0
1753617330597,11:55:30.597,gateio,A/USDT:USDT,0.5772,24.0,0.5771,296.0,0.5773,261.0,0.5774,4331.0
1753617331042,11:55:31.042,gateio,A/USDT:USDT,0.5772,24.0,0.5771,296.0,0.5773,261.0,0.5774,4331.0
1753617332402,11:55:32.402,gateio,A/USDT:USDT,0.5772,24.0,0.5771,296.0,0.5773,261.0,0.5774,4331.0
1753617333074,11:55:33.074,gateio,A/USDT:USDT,0.5772,24.0,0.5771,296.0,0.5773,261.0,0.5774,4331.0
1753617333947,11:55:33.947,gateio,A/USDT:USDT,0.5772,24.0,0.5771,296.0,0.5773,261.0,0.5774,4331.0
1753617334021,11:55:34.021,gateio,A/USDT:USDT,0.5772,24.0,0.5771,296.0,0.5773,261.0,0.5774,4331.0
1753617334199,11:55:34.199,gateio,A/USDT:USDT,0.5772,24.0,0.5771,296.0,0.5773,261.0,0.5774,4331.0
1753617336065,11:55:36.065,gateio,A/USDT:USDT,0.5772,24.0,0.5771,296.0,0.5773,261.0,0.5774,4331.0
1753617336189,11:55:36.189,gateio,A/USDT:USDT,0.5772,24.0,0.5771,296.0,0.5773,261.0,0.5774,4331.0
1753617337191,11:55:37.191,gateio,A/USDT:USDT,0.5772,24.0,0.5771,296.0,0.5773,261.0,0.5774,4331.0
1753617337322,11:55:37.322,gateio,A/USDT:USDT,0.5772,24.0,0.5771,296.0,0.5773,261.0,0.5774,4331.0
1753617337660,11:55:37.660,gateio,A/USDT:USDT,0.5772,24.0,0.5771,296.0,0.5773,261.0,0.5774,4331.0
1753617338102,11:55:38.102,gateio,A/USDT:USDT,0.5772,24.0,0.5771,296.0,0.5773,261.0,0.5774,4331.0
1753617338595,11:55:38.595,gateio,A/USDT:USDT,0.5772,24.0,0.5771,296.0,0.5773,261.0,0.5774,4331.0
1753617341045,11:55:41.045,gateio,A/USDT:USDT,0.5772,24.0,0.5771,296.0,0.5773,261.0,0.5774,4331.0
1753617341190,11:55:41.190,gateio,A/USDT:USDT,0.5772,24.0,0.5771,296.0,0.5773,261.0,0.5774,4331.0
1753617341294,11:55:41.294,gateio,A/USDT:USDT,0.5772,24.0,0.5771,296.0,0.5773,261.0,0.5774,4331.0
1753617341991,11:55:41.991,gateio,A/USDT:USDT,0.5772,24.0,0.5771,296.0,0.5773,261.0,0.5774,4331.0
1753617342669,11:55:42.669,gateio,A/USDT:USDT,0.5772,24.0,0.577,257.0,0.5773,261.0,0.5774,4331.0
1753617342686,11:55:42.686,gateio,A/USDT:USDT,0.5771,24.0,0.577,257.0,0.5773,261.0,0.5774,4331.0
1753617342834,11:55:42.834,gateio,A/USDT:USDT,0.5771,24.0,0.577,257.0,0.5773,257.0,0.5774,4331.0
1753617342931,11:55:42.931,gateio,A/USDT:USDT,0.5771,24.0,0.577,553.0,0.5773,257.0,0.5774,4900.0
1753617343099,11:55:43.099,gateio,A/USDT:USDT,0.5771,24.0,0.577,553.0,0.5773,257.0,0.5774,4900.0
1753617343703,11:55:43.703,gateio,A/USDT:USDT,0.5771,24.0,0.577,553.0,0.5773,257.0,0.5774,4900.0
1753617344156,11:55:44.156,gateio,A/USDT:USDT,0.5771,24.0,0.577,553.0,0.5773,257.0,0.5774,4900.0
1753617344399,11:55:44.399,gateio,A/USDT:USDT,0.5771,24.0,0.577,553.0,0.5773,257.0,0.5774,4900.0
1753617344601,11:55:44.601,gateio,A/USDT:USDT,0.5771,24.0,0.577,553.0,0.5773,257.0,0.5774,4900.0
1753617344767,11:55:44.767,gateio,A/USDT:USDT,0.5771,24.0,0.577,553.0,0.5773,257.0,0.5774,4331.0
1753617344824,11:55:44.824,gateio,A/USDT:USDT,0.5771,24.0,0.577,553.0,0.5773,257.0,0.5774,4331.0
1753617344996,11:55:44.996,gateio,A/USDT:USDT,0.5771,24.0,0.577,553.0,0.5773,257.0,0.5774,4331.0
1753617345277,11:55:45.277,gateio,A/USDT:USDT,0.5771,24.0,0.577,553.0,0.5773,257.0,0.5774,4331.0
1753617345967,11:55:45.967,gateio,A/USDT:USDT,0.5771,24.0,0.577,553.0,0.5773,257.0,0.5774,4331.0
1753617346023,11:55:46.023,gateio,A/USDT:USDT,0.5771,24.0,0.577,553.0,0.5773,257.0,0.5774,4900.0
1753617346660,11:55:46.660,gateio,A/USDT:USDT,0.5771,285.0,0.577,553.0,0.5774,4900.0,0.5775,1898.0
1753617346687,11:55:46.687,gateio,A/USDT:USDT,0.5771,285.0,0.577,553.0,0.5773,4.0,0.5774,4900.0
1753617346791,11:55:46.791,gateio,A/USDT:USDT,0.5771,261.0,0.577,553.0,0.5773,4.0,0.5774,4900.0
1753617347632,11:55:47.632,gateio,A/USDT:USDT,0.5771,261.0,0.577,553.0,0.5773,4.0,0.5774,4900.0
1753617347792,11:55:47.792,gateio,A/USDT:USDT,0.5771,261.0,0.577,553.0,0.5773,4.0,0.5774,4900.0
1753617348322,11:55:48.322,gateio,A/USDT:USDT,0.5771,261.0,0.577,553.0,0.5773,4.0,0.5774,4900.0
1753617349227,11:55:49.227,gateio,A/USDT:USDT,0.5771,290.0,0.577,553.0,0.5773,4.0,0.5774,4900.0
1753617349600,11:55:49.600,gateio,A/USDT:USDT,0.5771,290.0,0.577,553.0,0.5773,4.0,0.5774,4900.0
1753617349812,11:55:49.812,gateio,A/USDT:USDT,0.5771,290.0,0.577,553.0,0.5773,4.0,0.5774,4900.0
1753617351592,11:55:51.592,gateio,A/USDT:USDT,0.5771,290.0,0.577,553.0,0.5773,4.0,0.5774,4900.0
1753617351836,11:55:51.836,gateio,A/USDT:USDT,0.5771,290.0,0.577,553.0,0.5773,4.0,0.5774,4900.0
1753617354377,11:55:54.377,gateio,A/USDT:USDT,0.5771,290.0,0.577,553.0,0.5773,4.0,0.5774,4900.0
1753617354381,11:55:54.381,gateio,A/USDT:USDT,0.5771,290.0,0.577,553.0,0.5773,4.0,0.5774,4900.0
1753617354661,11:55:54.661,gateio,A/USDT:USDT,0.5771,290.0,0.577,553.0,0.5773,4.0,0.5774,4900.0
1753617355134,11:55:55.134,gateio,A/USDT:USDT,0.5771,290.0,0.577,553.0,0.5773,4.0,0.5774,4900.0
1753617355512,11:55:55.512,gateio,A/USDT:USDT,0.5771,261.0,0.577,553.0,0.5773,4.0,0.5774,4900.0
1753617355676,11:55:55.676,gateio,A/USDT:USDT,0.5771,290.0,0.577,553.0,0.5773,4.0,0.5774,4900.0
1753617355896,11:55:55.896,gateio,A/USDT:USDT,0.5771,290.0,0.577,553.0,0.5773,4.0,0.5774,4900.0
1753617356392,11:55:56.392,gateio,A/USDT:USDT,0.5771,290.0,0.577,553.0,0.5773,4.0,0.5774,4900.0
1753617356552,11:55:56.552,gateio,A/USDT:USDT,0.5771,29.0,0.577,553.0,0.5773,4.0,0.5774,4900.0
1753617356663,11:55:56.663,gateio,A/USDT:USDT,0.5769,254.0,0.5768,610.0,0.5773,259.0,0.5774,4900.0
1753617356770,11:55:56.770,gateio,A/USDT:USDT,0.5771,90.0,0.577,320.0,0.5773,259.0,0.5774,4900.0
1753617356804,11:55:56.804,gateio,A/USDT:USDT,0.5771,90.0,0.577,296.0,0.5773,255.0,0.5774,4900.0
1753617357052,11:55:57.052,gateio,A/USDT:USDT,0.5771,90.0,0.577,296.0,0.5773,255.0,0.5774,4900.0
1753617357132,11:55:57.132,gateio,A/USDT:USDT,0.5771,90.0,0.577,296.0,0.5773,255.0,0.5774,4900.0
1753617359159,11:55:59.159,gateio,A/USDT:USDT,0.577,255.0,0.5769,550.0,0.5773,255.0,0.5774,4900.0
1753617359251,11:55:59.251,gateio,A/USDT:USDT,0.5771,114.0,0.577,551.0,0.5772,4.0,0.5773,255.0
1753617359575,11:55:59.575,gateio,A/USDT:USDT,0.5771,114.0,0.577,551.0,0.5772,4.0,0.5773,255.0
1753617360863,11:56:00.863,gateio,A/USDT:USDT,0.5771,369.0,0.577,551.0,0.5772,4.0,0.5774,4331.0
1753617360960,11:56:00.960,gateio,A/USDT:USDT,0.5771,369.0,0.577,551.0,0.5773,4.0,0.5774,4331.0
1753617360986,11:56:00.986,gateio,A/USDT:USDT,0.5771,345.0,0.577,551.0,0.5773,4.0,0.5774,4331.0
1753617361199,11:56:01.199,gateio,A/USDT:USDT,0.5771,345.0,0.577,551.0,0.5773,4.0,0.5774,4331.0
1753617361405,11:56:01.405,gateio,A/USDT:USDT,0.5771,374.0,0.577,551.0,0.5773,4.0,0.5774,4331.0
1753617361531,11:56:01.531,gateio,A/USDT:USDT,0.5771,374.0,0.577,551.0,0.5773,4.0,0.5774,4331.0
1753617362463,11:56:02.463,gateio,A/USDT:USDT,0.5771,374.0,0.577,551.0,0.5773,4.0,0.5774,4331.0
1753617362821,11:56:02.821,gateio,A/USDT:USDT,0.5771,374.0,0.577,551.0,0.5773,4.0,0.5774,4331.0
1753617363532,11:56:03.532,gateio,A/USDT:USDT,0.5771,374.0,0.577,551.0,0.5773,4.0,0.5774,4331.0
1753617365402,11:56:05.402,gateio,A/USDT:USDT,0.5771,90.0,0.577,551.0,0.5773,261.0,0.5774,4331.0
1753617365486,11:56:05.486,gateio,A/USDT:USDT,0.5771,90.0,0.577,551.0,0.5773,257.0,0.5774,4331.0
1753617365658,11:56:05.658,gateio,A/USDT:USDT,0.5771,90.0,0.577,551.0,0.5773,257.0,0.5774,4331.0
1753617365722,11:56:05.722,gateio,A/USDT:USDT,0.5771,90.0,0.577,551.0,0.5773,257.0,0.5774,4331.0
1753617366002,11:56:06.002,gateio,A/USDT:USDT,0.5771,90.0,0.577,551.0,0.5773,257.0,0.5774,4331.0
1753617366452,11:56:06.452,gateio,A/USDT:USDT,0.5771,90.0,0.577,551.0,0.5774,4331.0,0.5775,1898.0
1753617366578,11:56:06.578,gateio,A/USDT:USDT,0.5772,114.0,0.5771,553.0,0.5773,4.0,0.5774,4331.0
1753617366876,11:56:06.876,gateio,A/USDT:USDT,0.5772,114.0,0.5771,553.0,0.5773,4.0,0.5774,4331.0
1753617366936,11:56:06.936,gateio,A/USDT:USDT,0.5772,114.0,0.5771,553.0,0.5773,4.0,0.5774,4331.0
1753617367343,11:56:07.343,gateio,A/USDT:USDT,0.5772,24.0,0.5771,553.0,0.5773,4.0,0.5774,4331.0
1753617367443,11:56:07.443,gateio,A/USDT:USDT,0.5772,24.0,0.5771,296.0,0.5773,261.0,0.5774,4331.0
1753617368509,11:56:08.509,gateio,A/USDT:USDT,0.5772,24.0,0.5771,296.0,0.5773,261.0,0.5774,4331.0
1753617368901,11:56:08.901,gateio,A/USDT:USDT,0.5772,24.0,0.5771,296.0,0.5773,261.0,0.5774,4331.0
1753617369344,11:56:09.344,gateio,A/USDT:USDT,0.5772,24.0,0.5771,296.0,0.5773,4.0,0.5774,4900.0
1753617369407,11:56:09.407,gateio,A/USDT:USDT,0.5772,24.0,0.5771,296.0,0.5773,4.0,0.5774,4900.0
1753617369518,11:56:09.518,gateio,A/USDT:USDT,0.5772,24.0,0.5771,296.0,0.5773,4.0,0.5774,4900.0
1753617370792,11:56:10.792,gateio,A/USDT:USDT,0.5772,24.0,0.5771,296.0,0.5773,4.0,0.5774,4900.0
1753617371258,11:56:11.258,gateio,A/USDT:USDT,0.5772,24.0,0.5771,296.0,0.5773,4.0,0.5774,4900.0
1753617371282,11:56:11.282,gateio,A/USDT:USDT,0.5772,24.0,0.5771,296.0,0.5773,4.0,0.5774,4900.0
1753617372164,11:56:12.164,gateio,A/USDT:USDT,0.5772,24.0,0.5771,296.0,0.5773,4.0,0.5774,4900.0
1753617372182,11:56:12.182,gateio,A/USDT:USDT,0.5772,24.0,0.5771,296.0,0.5773,4.0,0.5774,4900.0
1753617372534,11:56:12.534,gateio,A/USDT:USDT,0.5772,24.0,0.5771,296.0,0.5773,4.0,0.5774,4900.0
1753617375593,11:56:15.593,gateio,A/USDT:USDT,0.5772,24.0,0.5771,296.0,0.5773,4.0,0.5774,4900.0
1753617377152,11:56:17.152,gateio,A/USDT:USDT,0.5772,290.0,0.5771,296.0,0.5773,4.0,0.5774,4900.0
1753617378479,11:56:18.479,gateio,A/USDT:USDT,0.5772,24.0,0.5771,296.0,0.5773,4.0,0.5774,4900.0
1753617379506,11:56:19.506,gateio,A/USDT:USDT,0.5772,24.0,0.5771,296.0,0.5773,4.0,0.5774,4900.0
1753617380392,11:56:20.392,gateio,A/USDT:USDT,0.5772,24.0,0.5771,296.0,0.5773,4.0,0.5774,4900.0
1753617385192,11:56:25.192,gateio,A/USDT:USDT,0.5772,24.0,0.5771,296.0,0.5773,4.0,0.5774,4900.0
1753617387242,11:56:27.242,gateio,A/USDT:USDT,0.5772,24.0,0.5771,296.0,0.5773,4.0,0.5774,4900.0
1753617389993,11:56:29.993,gateio,A/USDT:USDT,0.5772,24.0,0.5771,296.0,0.5773,4.0,0.5774,4900.0
1753617390306,11:56:30.306,gateio,A/USDT:USDT,0.5772,24.0,0.5771,296.0,0.5773,259.0,0.5774,4900.0
1753617393858,11:56:33.858,gateio,A/USDT:USDT,0.5772,24.0,0.577,296.0,0.5773,614.0,0.5774,4900.0
1753617393901,11:56:33.901,gateio,A/USDT:USDT,0.5771,24.0,0.577,296.0,0.5772,4329.0,0.5773,614.0
1753617394171,11:56:34.171,gateio,A/USDT:USDT,0.5771,24.0,0.5769,550.0,0.5772,4329.0,0.5773,614.0
1753617394276,11:56:34.276,gateio,A/USDT:USDT,0.577,24.0,0.5769,296.0,0.5772,4329.0,0.5773,2476.0
1753617394362,11:56:34.362,gateio,A/USDT:USDT,0.577,24.0,0.5769,552.0,0.5772,5071.0,0.5773,2472.0
1753617394412,11:56:34.412,gateio,A/USDT:USDT,0.577,24.0,0.5769,552.0,0.5772,5071.0,0.5773,2472.0
1753617394521,11:56:34.521,gateio,A/USDT:USDT,0.577,24.0,0.5769,552.0,0.5772,5071.0,0.5773,2472.0
1753617394627,11:56:34.627,gateio,A/USDT:USDT,0.577,24.0,0.5769,552.0,0.5772,5071.0,0.5773,2472.0
1753617394710,11:56:34.710,gateio,A/USDT:USDT,0.577,24.0,0.5769,552.0,0.5772,5071.0,0.5773,2472.0
1753617394793,11:56:34.793,gateio,A/USDT:USDT,0.577,24.0,0.5769,552.0,0.5772,5071.0,0.5773,2472.0
1753617394987,11:56:34.987,gateio,A/USDT:USDT,0.577,24.0,0.5769,552.0,0.5772,5071.0,0.5773,2472.0
1753617395270,11:56:35.270,gateio,A/USDT:USDT,0.577,24.0,0.5769,552.0,0.5772,5071.0,0.5773,2472.0
1753617395480,11:56:35.480,gateio,A/USDT:USDT,0.577,24.0,0.5769,552.0,0.5772,5071.0,0.5773,2472.0
1753617397297,11:56:37.297,gateio,A/USDT:USDT,0.577,24.0,0.5769,552.0,0.5772,4329.0,0.5773,2472.0
1753617397562,11:56:37.562,gateio,A/USDT:USDT,0.577,24.0,0.5769,552.0,0.5772,4329.0,0.5773,2472.0
1753617397854,11:56:37.854,gateio,A/USDT:USDT,0.577,24.0,0.5769,552.0,0.5772,4329.0,0.5773,2472.0
1753617398355,11:56:38.355,gateio,A/USDT:USDT,0.577,24.0,0.5769,552.0,0.5772,4329.0,0.5773,2472.0
1753617399593,11:56:39.593,gateio,A/USDT:USDT,0.577,24.0,0.5769,552.0,0.5772,4329.0,0.5773,2472.0
1753617400050,11:56:40.050,gateio,A/USDT:USDT,0.577,24.0,0.5769,296.0,0.5772,4959.0,0.5773,2472.0
1753617400453,11:56:40.453,gateio,A/USDT:USDT,0.577,24.0,0.5769,296.0,0.5772,4329.0,0.5773,2472.0
1753617400540,11:56:40.540,gateio,A/USDT:USDT,0.577,24.0,0.5769,296.0,0.5772,4329.0,0.5773,2472.0
1753617400922,11:56:40.922,gateio,A/USDT:USDT,0.577,24.0,0.5769,296.0,0.5772,5214.0,0.5773,3322.0
1753617403365,11:56:43.365,gateio,A/USDT:USDT,0.577,24.0,0.5769,296.0,0.5772,5214.0,0.5773,3322.0
1753617404399,11:56:44.399,gateio,A/USDT:USDT,0.577,24.0,0.5769,296.0,0.5772,5214.0,0.5773,3322.0
1753617406029,11:56:46.029,gateio,A/USDT:USDT,0.577,24.0,0.5769,296.0,0.5772,5214.0,0.5773,3322.0
1753617409195,11:56:49.195,gateio,A/USDT:USDT,0.577,24.0,0.5769,296.0,0.5772,5214.0,0.5773,3322.0
1753617413994,11:56:53.994,gateio,A/USDT:USDT,0.577,24.0,0.5769,296.0,0.5772,5214.0,0.5773,3322.0
1753617415020,11:56:55.020,gateio,A/USDT:USDT,0.577,24.0,0.5769,296.0,0.5771,261.0,0.5772,5214.0
1753617415102,11:56:55.102,gateio,A/USDT:USDT,0.577,24.0,0.5769,296.0,0.5771,265.0,0.5772,5214.0
1753617415237,11:56:55.237,gateio,A/USDT:USDT,0.577,24.0,0.5769,296.0,0.5771,265.0,0.5772,5214.0
1753617415295,11:56:55.295,gateio,A/USDT:USDT,0.577,24.0,0.5769,296.0,0.5771,265.0,0.5772,5214.0
1753617418802,11:56:58.802,gateio,A/USDT:USDT,0.577,24.0,0.5769,296.0,0.5771,265.0,0.5772,5214.0
1753617419271,11:56:59.271,gateio,A/USDT:USDT,0.577,24.0,0.5769,296.0,0.5771,265.0,0.5772,5214.0
1753617421360,11:57:01.360,gateio,A/USDT:USDT,0.577,24.0,0.5769,296.0,0.5771,4.0,0.5772,5214.0
1753617423602,11:57:03.602,gateio,A/USDT:USDT,0.577,24.0,0.5769,296.0,0.5771,4.0,0.5772,5214.0
1753617423685,11:57:03.685,gateio,A/USDT:USDT,0.577,24.0,0.5769,296.0,0.5771,4.0,0.5772,4329.0
1753617427198,11:57:07.198,gateio,A/USDT:USDT,0.577,114.0,0.5769,296.0,0.5771,4.0,0.5772,4329.0
1753617428393,11:57:08.393,gateio,A/USDT:USDT,0.577,114.0,0.5769,296.0,0.5771,4.0,0.5772,4329.0
1753617429993,11:57:09.993,gateio,A/USDT:USDT,0.577,24.0,0.5769,296.0,0.5771,4.0,0.5772,5214.0
1753617430649,11:57:10.649,gateio,A/USDT:USDT,0.577,24.0,0.5769,296.0,0.5771,4.0,0.5772,5214.0
1753617431291,11:57:11.291,gateio,A/USDT:USDT,0.577,24.0,0.5769,296.0,0.5771,259.0,0.5772,5214.0
1753617433194,11:57:13.194,gateio,A/USDT:USDT,0.577,24.0,0.5769,296.0,0.5771,259.0,0.5772,5214.0
1753617435749,11:57:15.749,gateio,A/USDT:USDT,0.577,24.0,0.5769,296.0,0.5771,259.0,0.5772,5214.0
1753617435858,11:57:15.858,gateio,A/USDT:USDT,0.577,24.0,0.5767,612.0,0.5771,259.0,0.5772,5214.0
1753617435923,11:57:15.923,gateio,A/USDT:USDT,0.5768,24.0,0.5767,908.0,0.577,4582.0,0.5771,259.0
1753617436002,11:57:16.002,gateio,A/USDT:USDT,0.5768,24.0,0.5767,908.0,0.577,4582.0,0.5771,255.0
1753617436170,11:57:16.170,gateio,A/USDT:USDT,0.5768,24.0,0.5767,908.0,0.577,4582.0,0.5771,255.0
1753617436318,11:57:16.318,gateio,A/USDT:USDT,0.5768,24.0,0.5767,908.0,0.577,4582.0,0.5771,255.0
1753617436382,11:57:16.382,gateio,A/USDT:USDT,0.5768,24.0,0.5767,908.0,0.577,4582.0,0.5771,255.0
1753617437845,11:57:17.845,gateio,A/USDT:USDT,0.5768,279.0,0.5767,908.0,0.577,4327.0,0.5771,255.0
1753617437888,11:57:17.888,gateio,A/USDT:USDT,0.5768,255.0,0.5767,908.0,0.577,4327.0,0.5771,255.0
1753617437994,11:57:17.994,gateio,A/USDT:USDT,0.5768,255.0,0.5767,908.0,0.577,4327.0,0.5771,255.0
1753617438201,11:57:18.201,gateio,A/USDT:USDT,0.5768,255.0,0.5767,908.0,0.577,4327.0,0.5771,255.0
1753617438964,11:57:18.964,gateio,A/USDT:USDT,0.5768,255.0,0.5767,908.0,0.577,4327.0,0.5771,255.0
1753617439114,11:57:19.114,gateio,A/USDT:USDT,0.5768,255.0,0.5767,908.0,0.577,4327.0,0.5771,255.0
1753617439475,11:57:19.475,gateio,A/USDT:USDT,0.5768,255.0,0.5767,908.0,0.577,4327.0,0.5771,255.0
1753617440738,11:57:20.738,gateio,A/USDT:USDT,0.5768,255.0,0.5767,908.0,0.577,4327.0,0.5771,255.0
1753617440953,11:57:20.953,gateio,A/USDT:USDT,0.5768,261.0,0.5767,908.0,0.577,4327.0,0.5771,255.0
1753617441098,11:57:21.098,gateio,A/USDT:USDT,0.5768,261.0,0.5767,908.0,0.577,4327.0,0.5771,255.0
1753617441879,11:57:21.879,gateio,A/USDT:USDT,0.5768,261.0,0.5767,908.0,0.577,4327.0,0.5771,255.0
1753617441971,11:57:21.971,gateio,A/USDT:USDT,0.5769,266.0,0.5768,261.0,0.577,4327.0,0.5771,255.0
1753617442079,11:57:22.079,gateio,A/USDT:USDT,0.5769,290.0,0.5768,261.0,0.577,4331.0,0.5772,266.0
1753617442179,11:57:22.179,gateio,A/USDT:USDT,0.577,90.0,0.5769,586.0,0.5771,4330.0,0.5772,266.0
1753617442248,11:57:22.248,gateio,A/USDT:USDT,0.5769,290.0,0.5768,255.0,0.5771,4330.0,0.5772,266.0
1753617442337,11:57:22.337,gateio,A/USDT:USDT,0.5768,255.0,0.5767,1117.0,0.5771,4326.0,0.5772,266.0
1753617442397,11:57:22.397,gateio,A/USDT:USDT,0.5769,38.0,0.5768,255.0,0.577,4.0,0.5771,4326.0
1753617442483,11:57:22.483,gateio,A/USDT:USDT,0.5769,38.0,0.5768,255.0,0.577,4.0,0.5771,4326.0
1753617442643,11:57:22.643,gateio,A/USDT:USDT,0.5769,38.0,0.5768,255.0,0.577,4.0,0.5771,4326.0
1753617442746,11:57:22.746,gateio,A/USDT:USDT,0.5769,38.0,0.5768,255.0,0.577,4.0,0.5771,4326.0
1753617442795,11:57:22.795,gateio,A/USDT:USDT,0.5769,38.0,0.5768,255.0,0.577,4.0,0.5771,4326.0
1753617443928,11:57:23.928,gateio,A/USDT:USDT,0.5769,38.0,0.5768,255.0,0.577,4.0,0.5771,4326.0
1753617444372,11:57:24.372,gateio,A/USDT:USDT,0.5769,38.0,0.5768,255.0,0.577,4.0,0.5771,4326.0
1753617445249,11:57:25.249,gateio,A/USDT:USDT,0.5769,38.0,0.5768,255.0,0.577,4.0,0.5771,4326.0
1753617445442,11:57:25.442,gateio,A/USDT:USDT,0.5769,30.0,0.5768,255.0,0.577,4.0,0.5771,4326.0
1753617445615,11:57:25.615,gateio,A/USDT:USDT,0.5769,30.0,0.5768,255.0,0.577,4.0,0.5771,4326.0
1753617445693,11:57:25.693,gateio,A/USDT:USDT,0.5769,30.0,0.5768,255.0,0.577,4.0,0.5771,4326.0
1753617446742,11:57:26.742,gateio,A/USDT:USDT,0.5769,30.0,0.5768,255.0,0.577,4.0,0.5771,4326.0
1753617446802,11:57:26.802,gateio,A/USDT:USDT,0.5769,30.0,0.5768,255.0,0.577,4.0,0.5771,4326.0
1753617447131,11:57:27.131,gateio,A/USDT:USDT,0.5769,30.0,0.5768,255.0,0.577,4.0,0.5771,4326.0
1753617447594,11:57:27.594,gateio,A/USDT:USDT,0.5769,30.0,0.5768,255.0,0.577,4.0,0.5771,4326.0
1753617452394,11:57:32.394,gateio,A/USDT:USDT,0.5769,30.0,0.5768,255.0,0.577,4.0,0.5771,4326.0
1753617453957,11:57:33.957,gateio,A/USDT:USDT,0.5769,24.0,0.5768,255.0,0.577,4.0,0.5771,4326.0
1753617456117,11:57:36.117,gateio,A/USDT:USDT,0.5769,24.0,0.5768,255.0,0.577,4.0,0.5771,4326.0
1753617456675,11:57:36.675,gateio,A/USDT:USDT,0.5769,24.0,0.5767,1117.0,0.577,259.0,0.5771,4326.0
1753617456726,11:57:36.726,gateio,A/USDT:USDT,0.5768,24.0,0.5767,1117.0,0.577,259.0,0.5771,4326.0
1753617456804,11:57:36.804,gateio,A/USDT:USDT,0.5768,24.0,0.5767,1117.0,0.577,255.0,0.5771,4326.0
1753617457195,11:57:37.195,gateio,A/USDT:USDT,0.5768,24.0,0.5767,1117.0,0.577,255.0,0.5771,4326.0
1753617462016,11:57:42.016,gateio,A/USDT:USDT,0.5769,90.0,0.5768,287.0,0.5771,4326.0,0.5772,1151.0
1753617462106,11:57:42.106,gateio,A/USDT:USDT,0.5769,90.0,0.5768,263.0,0.5771,4326.0,0.5772,1151.0
1753617466073,11:57:46.073,gateio,A/USDT:USDT,0.5768,263.0,0.5767,1117.0,0.5771,4326.0,0.5772,1151.0
1753617466089,11:57:46.089,gateio,A/USDT:USDT,0.5769,24.0,0.5768,263.0,0.577,4.0,0.5771,4326.0
1753617466194,11:57:46.194,gateio,A/USDT:USDT,0.5769,30.0,0.5768,263.0,0.577,4.0,0.5771,4326.0
1753617466799,11:57:46.799,gateio,A/USDT:USDT,0.5769,30.0,0.5768,263.0,0.577,4.0,0.5771,4326.0
1753617467305,11:57:47.305,gateio,A/USDT:USDT,0.5769,30.0,0.5767,1117.0,0.577,267.0,0.5771,4326.0
1753617467388,11:57:47.388,gateio,A/USDT:USDT,0.5769,6.0,0.5768,24.0,0.577,267.0,0.5771,4326.0
1753617467750,11:57:47.750,gateio,A/USDT:USDT,0.5769,6.0,0.5768,24.0,0.577,267.0,0.5771,4326.0
1753617468152,11:57:48.152,gateio,A/USDT:USDT,0.5769,6.0,0.5768,24.0,0.577,4.0,0.5771,4326.0
1753617469279,11:57:49.279,gateio,A/USDT:USDT,0.5766,14.0,0.5765,263.0,0.5768,4325.0,0.5769,711.0
1753617469378,11:57:49.378,gateio,A/USDT:USDT,0.5764,353.0,0.5763,559.0,0.5767,263.0,0.5768,4588.0
1753617469469,11:57:49.469,gateio,A/USDT:USDT,0.5765,90.0,0.5764,559.0,0.5767,291.0,0.5768,4588.0
1753617469482,11:57:49.482,gateio,A/USDT:USDT,0.5765,90.0,0.5764,559.0,0.5767,291.0,0.5768,4588.0
1753617469669,11:57:49.669,gateio,A/USDT:USDT,0.5765,90.0,0.5764,559.0,0.5766,4325.0,0.5767,291.0
1753617469854,11:57:49.854,gateio,A/USDT:USDT,0.5765,90.0,0.5764,559.0,0.5766,4325.0,0.5767,291.0
1753617469881,11:57:49.881,gateio,A/USDT:USDT,0.5765,90.0,0.5764,559.0,0.5766,4325.0,0.5767,291.0
1753617470422,11:57:50.422,gateio,A/USDT:USDT,0.5765,90.0,0.5764,559.0,0.5766,4325.0,0.5767,291.0
1753617470554,11:57:50.554,gateio,A/USDT:USDT,0.5764,353.0,0.5763,560.0,0.5766,4325.0,0.5767,291.0
1753617470623,11:57:50.623,gateio,A/USDT:USDT,0.5764,353.0,0.5763,560.0,0.5766,4325.0,0.5767,263.0
1753617471122,11:57:51.122,gateio,A/USDT:USDT,0.5764,353.0,0.5763,560.0,0.5766,4325.0,0.5767,263.0
1753617471434,11:57:51.434,gateio,A/USDT:USDT,0.5764,353.0,0.5763,560.0,0.5766,4325.0,0.5767,263.0
1753617471845,11:57:51.845,gateio,A/USDT:USDT,0.5764,353.0,0.5763,560.0,0.5766,4325.0,0.5767,263.0
1753617471943,11:57:51.943,gateio,A/USDT:USDT,0.5764,353.0,0.5763,560.0,0.5766,4325.0,0.5767,263.0
1753617472156,11:57:52.156,gateio,A/USDT:USDT,0.5764,353.0,0.5763,560.0,0.5766,4325.0,0.5767,263.0
1753617472434,11:57:52.434,gateio,A/USDT:USDT,0.5764,353.0,0.5763,560.0,0.5766,4325.0,0.5767,263.0
1753617472558,11:57:52.558,gateio,A/USDT:USDT,0.5763,263.0,0.5762,1152.0,0.5766,4325.0,0.5767,263.0
1753617472662,11:57:52.662,gateio,A/USDT:USDT,0.5764,90.0,0.5763,263.0,0.5765,28.0,0.5766,4325.0
1753617472775,11:57:52.775,gateio,A/USDT:USDT,0.5764,349.0,0.5763,560.0,0.5765,28.0,0.5766,4325.0
1753617472795,11:57:52.795,gateio,A/USDT:USDT,0.5764,349.0,0.5763,560.0,0.5765,28.0,0.5766,4325.0
1753617473076,11:57:53.076,gateio,A/USDT:USDT,0.5764,349.0,0.5763,560.0,0.5765,28.0,0.5766,4325.0
1753617473087,11:57:53.087,gateio,A/USDT:USDT,0.5764,349.0,0.5763,560.0,0.5765,28.0,0.5766,4325.0
1753617473602,11:57:53.602,gateio,A/USDT:USDT,0.5764,349.0,0.5763,560.0,0.5765,28.0,0.5766,4325.0
1753617473893,11:57:53.893,gateio,A/USDT:USDT,0.5764,349.0,0.5763,560.0,0.5765,28.0,0.5766,4325.0
1753617474146,11:57:54.146,gateio,A/USDT:USDT,0.5764,349.0,0.5763,560.0,0.5765,28.0,0.5766,4325.0
1753617474801,11:57:54.801,gateio,A/USDT:USDT,0.5764,349.0,0.5763,560.0,0.5765,28.0,0.5766,4325.0
1753617474902,11:57:54.902,gateio,A/USDT:USDT,0.5764,349.0,0.5763,560.0,0.5765,28.0,0.5766,4325.0
1753617475018,11:57:55.018,gateio,A/USDT:USDT,0.5764,90.0,0.5763,560.0,0.5765,28.0,0.5766,4325.0
1753617475763,11:57:55.763,gateio,A/USDT:USDT,0.5764,90.0,0.5763,560.0,0.5765,28.0,0.5766,4325.0
1753617475782,11:57:55.782,gateio,A/USDT:USDT,0.5764,90.0,0.5763,560.0,0.5765,28.0,0.5766,4325.0
1753617476180,11:57:56.180,gateio,A/USDT:USDT,0.5764,90.0,0.5763,560.0,0.5765,28.0,0.5766,4325.0
1753617476878,11:57:56.878,gateio,A/USDT:USDT,0.5764,90.0,0.5763,560.0,0.5765,28.0,0.5766,4325.0
1753617476922,11:57:56.922,gateio,A/USDT:USDT,0.5764,90.0,0.5763,560.0,0.5765,28.0,0.5767,259.0
1753617477079,11:57:57.079,gateio,A/USDT:USDT,0.5765,90.0,0.5764,556.0,0.5767,287.0,0.5768,5367.0
1753617477121,11:57:57.121,gateio,A/USDT:USDT,0.5765,90.0,0.5764,556.0,0.5767,287.0,0.5768,5367.0
1753617477425,11:57:57.425,gateio,A/USDT:USDT,0.5763,263.0,0.5762,1856.0,0.5767,287.0,0.5768,5367.0
1753617477598,11:57:57.598,gateio,A/USDT:USDT,0.5763,263.0,0.5762,1856.0,0.5767,287.0,0.5768,5367.0
1753617478119,11:57:58.119,gateio,A/USDT:USDT,0.5763,263.0,0.5762,1856.0,0.5767,287.0,0.5768,5367.0
1753617478218,11:57:58.218,gateio,A/USDT:USDT,0.5763,263.0,0.5762,1856.0,0.5767,287.0,0.5768,5367.0
1753617481376,11:58:01.376,gateio,A/USDT:USDT,0.5763,263.0,0.5762,1856.0,0.5767,287.0,0.5768,5367.0
1753617481392,11:58:01.392,gateio,A/USDT:USDT,0.5763,263.0,0.5762,1856.0,0.5767,287.0,0.5768,5367.0
1753617481557,11:58:01.557,gateio,A/USDT:USDT,0.5763,263.0,0.5762,1856.0,0.5767,287.0,0.5768,5367.0
1753617482395,11:58:02.395,gateio,A/USDT:USDT,0.5763,263.0,0.5762,1856.0,0.5767,287.0,0.5768,5367.0
1753617484171,11:58:04.171,gateio,A/USDT:USDT,0.5763,263.0,0.5762,947.0,0.5766,261.0,0.5767,642.0
1753617484275,11:58:04.275,gateio,A/USDT:USDT,0.5763,263.0,0.5762,592.0,0.5766,261.0,0.5767,642.0
1753617484365,11:58:04.365,gateio,A/USDT:USDT,0.5763,263.0,0.5762,295.0,0.5766,261.0,0.5767,642.0
1753617484438,11:58:04.438,gateio,A/USDT:USDT,0.5763,263.0,0.5762,295.0,0.5766,261.0,0.5767,642.0
1753617484543,11:58:04.543,gateio,A/USDT:USDT,0.5763,263.0,0.5762,592.0,0.5766,261.0,0.5767,2252.0
1753617484658,11:58:04.658,gateio,A/USDT:USDT,0.5763,263.0,0.5762,592.0,0.5766,261.0,0.5767,3112.0
1753617484762,11:58:04.762,gateio,A/USDT:USDT,0.5763,263.0,0.5762,592.0,0.5766,261.0,0.5767,3112.0
1753617484839,11:58:04.839,gateio,A/USDT:USDT,0.5763,263.0,0.5762,592.0,0.5766,261.0,0.5767,3112.0
1753617484882,11:58:04.882,gateio,A/USDT:USDT,0.5763,263.0,0.5762,592.0,0.5766,261.0,0.5767,3112.0
1753617485959,11:58:05.959,gateio,A/USDT:USDT,0.5763,263.0,0.5762,592.0,0.5766,261.0,0.5767,3112.0
1753617486027,11:58:06.027,gateio,A/USDT:USDT,0.5763,263.0,0.5762,592.0,0.5766,261.0,0.5767,3112.0
1753617487200,11:58:07.200,gateio,A/USDT:USDT,0.5763,263.0,0.5762,592.0,0.5766,261.0,0.5767,3112.0
1753617488291,11:58:08.291,gateio,A/USDT:USDT,0.5763,263.0,0.5762,592.0,0.5766,261.0,0.5767,3112.0
1753617489562,11:58:09.562,gateio,A/USDT:USDT,0.5763,263.0,0.5762,592.0,0.5767,3112.0,0.5768,6342.0
1753617489724,11:58:09.724,gateio,A/USDT:USDT,0.5763,263.0,0.5762,592.0,0.5767,3112.0,0.5768,6342.0
1753617492003,11:58:12.003,gateio,A/USDT:USDT,0.5763,263.0,0.5762,592.0,0.5767,3112.0,0.5768,6342.0
1753617493143,11:58:13.143,gateio,A/USDT:USDT,0.5763,263.0,0.5762,592.0,0.5767,3112.0,0.5768,6342.0
1753617494053,11:58:14.053,gateio,A/USDT:USDT,0.5763,263.0,0.5762,592.0,0.5766,262.0,0.5767,3112.0
1753617495242,11:58:15.242,gateio,A/USDT:USDT,0.5763,263.0,0.5762,592.0,0.5766,262.0,0.5767,3112.0
1753617495342,11:58:15.342,gateio,A/USDT:USDT,0.5763,263.0,0.5762,592.0,0.5766,262.0,0.5767,3112.0
1753617495462,11:58:15.462,gateio,A/USDT:USDT,0.5763,263.0,0.5762,592.0,0.5766,262.0,0.5767,3112.0
1753617495541,11:58:15.541,gateio,A/USDT:USDT,0.5763,263.0,0.5762,592.0,0.5766,262.0,0.5767,3112.0
1753617496637,11:58:16.637,gateio,A/USDT:USDT,0.5763,263.0,0.5762,592.0,0.5766,262.0,0.5767,3112.0
1753617496763,11:58:16.763,gateio,A/USDT:USDT,0.5763,263.0,0.5762,592.0,0.5766,262.0,0.5767,3112.0
1753617496796,11:58:16.796,gateio,A/USDT:USDT,0.5763,263.0,0.5762,592.0,0.5766,262.0,0.5767,3112.0
1753617497342,11:58:17.342,gateio,A/USDT:USDT,0.5763,263.0,0.5762,592.0,0.5766,262.0,0.5767,3112.0
1753617497538,11:58:17.538,gateio,A/USDT:USDT,0.5763,263.0,0.5762,592.0,0.5766,262.0,0.5767,3112.0
1753617497667,11:58:17.667,gateio,A/USDT:USDT,0.5762,295.0,0.5761,527.0,0.5766,262.0,0.5767,3112.0
1753617497692,11:58:17.692,gateio,A/USDT:USDT,0.5762,295.0,0.5761,824.0,0.5766,262.0,0.5767,3112.0
1753617497836,11:58:17.836,gateio,A/USDT:USDT,0.5762,295.0,0.5761,824.0,0.5766,262.0,0.5767,3112.0
1753617497937,11:58:17.937,gateio,A/USDT:USDT,0.5762,295.0,0.5761,824.0,0.5766,262.0,0.5767,3112.0
1753617498083,11:58:18.083,gateio,A/USDT:USDT,0.5762,295.0,0.5761,824.0,0.5766,262.0,0.5767,3112.0
1753617498637,11:58:18.637,gateio,A/USDT:USDT,0.5762,295.0,0.5761,824.0,0.5766,262.0,0.5767,3112.0
1753617498863,11:58:18.863,gateio,A/USDT:USDT,0.5762,295.0,0.5761,824.0,0.5766,262.0,0.5767,3112.0
1753617498914,11:58:18.914,gateio,A/USDT:USDT,0.5762,295.0,0.5761,824.0,0.5766,262.0,0.5767,3112.0
1753617499442,11:58:19.442,gateio,A/USDT:USDT,0.5762,295.0,0.5761,824.0,0.5766,262.0,0.5767,3112.0
1753617499537,11:58:19.537,gateio,A/USDT:USDT,0.5762,295.0,0.5761,824.0,0.5766,262.0,0.5767,3112.0
1753617500637,11:58:20.637,gateio,A/USDT:USDT,0.5762,295.0,0.5761,824.0,0.5766,262.0,0.5767,3112.0
1753617500743,11:58:20.743,gateio,A/USDT:USDT,0.5762,295.0,0.5761,824.0,0.5766,262.0,0.5767,3112.0
1753617500843,11:58:20.843,gateio,A/USDT:USDT,0.5762,295.0,0.5761,824.0,0.5766,262.0,0.5767,3112.0
1753617500937,11:58:20.937,gateio,A/USDT:USDT,0.5762,295.0,0.5761,824.0,0.5766,262.0,0.5767,3112.0
1753617501599,11:58:21.599,gateio,A/USDT:USDT,0.5762,295.0,0.5761,824.0,0.5766,262.0,0.5767,3112.0
1753617502665,11:58:22.665,gateio,A/USDT:USDT,0.5762,295.0,0.5761,553.0,0.5766,262.0,0.5767,3112.0
1753617502683,11:58:22.683,gateio,A/USDT:USDT,0.5762,295.0,0.5761,553.0,0.5766,262.0,0.5767,3112.0
1753617502978,11:58:22.978,gateio,A/USDT:USDT,0.5764,90.0,0.5763,298.0,0.5766,262.0,0.5767,1502.0
1753617503038,11:58:23.038,gateio,A/USDT:USDT,0.5763,90.0,0.5762,593.0,0.5766,262.0,0.5767,5830.0
1753617503353,11:58:23.353,gateio,A/USDT:USDT,0.5763,90.0,0.5762,593.0,0.5766,262.0,0.5767,5830.0
1753617506396,11:58:26.396,gateio,A/USDT:USDT,0.5763,90.0,0.5762,593.0,0.5766,262.0,0.5767,5830.0
1753617507169,11:58:27.169,gateio,A/USDT:USDT,0.5763,90.0,0.5762,593.0,0.5766,262.0,0.5767,5830.0
1753617508822,11:58:28.822,gateio,A/USDT:USDT,0.5763,90.0,0.5762,593.0,0.5766,262.0,0.5767,5830.0
1753617509002,11:58:29.002,gateio,A/USDT:USDT,0.5763,90.0,0.5762,593.0,0.5766,262.0,0.5767,5830.0
1753617509651,11:58:29.651,gateio,A/USDT:USDT,0.5763,348.0,0.5762,593.0,0.5766,262.0,0.5767,5830.0
1753617511196,11:58:31.196,gateio,A/USDT:USDT,0.5763,348.0,0.5762,593.0,0.5766,262.0,0.5767,5830.0
1753617511779,11:58:31.779,gateio,A/USDT:USDT,0.5764,260.0,0.5763,348.0,0.5767,5830.0,0.5768,1041.0
1753617511874,11:58:31.874,gateio,A/USDT:USDT,0.5764,350.0,0.5763,556.0,0.5767,5830.0,0.5768,1041.0
1753617512558,11:58:32.558,gateio,A/USDT:USDT,0.5765,90.0,0.5764,350.0,0.5767,5830.0,0.5768,1041.0
1753617512661,11:58:32.661,gateio,A/USDT:USDT,0.5764,350.0,0.5763,556.0,0.5767,5802.0,0.5768,1041.0
1753617512771,11:58:32.771,gateio,A/USDT:USDT,0.5763,556.0,0.5762,295.0,0.5766,288.0,0.5767,5802.0
1753617512786,11:58:32.786,gateio,A/USDT:USDT,0.5763,348.0,0.5762,593.0,0.5766,288.0,0.5767,5802.0
1753617512975,11:58:32.975,gateio,A/USDT:USDT,0.5763,348.0,0.5762,593.0,0.5766,288.0,0.5767,5802.0
1753617513055,11:58:33.055,gateio,A/USDT:USDT,0.5763,348.0,0.5762,593.0,0.5766,288.0,0.5767,5802.0
1753617515996,11:58:35.996,gateio,A/USDT:USDT,0.5763,348.0,0.5762,593.0,0.5766,288.0,0.5767,5802.0
1753617516295,11:58:36.295,gateio,A/USDT:USDT,0.5763,348.0,0.5762,593.0,0.5766,288.0,0.5767,5802.0
1753617519402,11:58:39.402,gateio,A/USDT:USDT,0.5763,348.0,0.5762,593.0,0.5766,288.0,0.5767,5802.0
1753617520796,11:58:40.796,gateio,A/USDT:USDT,0.5763,348.0,0.5762,593.0,0.5766,288.0,0.5767,5802.0
1753617522862,11:58:42.862,gateio,A/USDT:USDT,0.5763,348.0,0.5762,593.0,0.5766,288.0,0.5767,6202.0
1753617523878,11:58:43.878,gateio,A/USDT:USDT,0.5763,348.0,0.5762,593.0,0.5766,288.0,0.5767,6202.0
1753617525342,11:58:45.342,gateio,A/USDT:USDT,0.5763,348.0,0.5762,593.0,0.5766,288.0,0.5767,6913.0
1753617525598,11:58:45.598,gateio,A/USDT:USDT,0.5763,348.0,0.5762,593.0,0.5766,288.0,0.5767,6913.0
1753617526297,11:58:46.297,gateio,A/USDT:USDT,0.5763,348.0,0.5762,593.0,0.5766,288.0,0.5767,6913.0
1753617526797,11:58:46.797,gateio,A/USDT:USDT,0.5763,348.0,0.5762,593.0,0.5766,288.0,0.5767,6913.0
1753617527042,11:58:47.042,gateio,A/USDT:USDT,0.5763,348.0,0.5762,593.0,0.5766,288.0,0.5767,6202.0
1753617528572,11:58:48.572,gateio,A/USDT:USDT,0.5764,90.0,0.5763,348.0,0.5766,28.0,0.5767,6202.0
1753617528599,11:58:48.599,gateio,A/USDT:USDT,0.5764,90.0,0.5763,556.0,0.5766,28.0,0.5767,6202.0
1753617528766,11:58:48.766,gateio,A/USDT:USDT,0.5764,90.0,0.5763,556.0,0.5766,28.0,0.5767,6202.0
1753617528996,11:58:48.996,gateio,A/USDT:USDT,0.5764,90.0,0.5763,556.0,0.5766,28.0,0.5767,6202.0
1753617529372,11:58:49.372,gateio,A/USDT:USDT,0.5764,90.0,0.5763,556.0,0.5766,28.0,0.5767,6202.0
1753617529403,11:58:49.403,gateio,A/USDT:USDT,0.5764,90.0,0.5763,556.0,0.5766,28.0,0.5767,6202.0
1753617529968,11:58:49.968,gateio,A/USDT:USDT,0.5764,90.0,0.5763,556.0,0.5765,4328.0,0.5766,28.0
1753617529987,11:58:49.987,gateio,A/USDT:USDT,0.5764,90.0,0.5763,556.0,0.5765,4328.0,0.5766,287.0
1753617530161,11:58:50.161,gateio,A/USDT:USDT,0.5763,348.0,0.5762,650.0,0.5765,4328.0,0.5766,287.0
1753617530186,11:58:50.186,gateio,A/USDT:USDT,0.5763,348.0,0.5762,948.0,0.5765,4328.0,0.5766,259.0
1753617530396,11:58:50.396,gateio,A/USDT:USDT,0.5763,348.0,0.5762,948.0,0.5765,4328.0,0.5766,259.0
1753617531678,11:58:51.678,gateio,A/USDT:USDT,0.5767,90.0,0.5766,555.0,0.5769,518.0,0.577,1396.0
1753617531765,11:58:51.765,gateio,A/USDT:USDT,0.5767,91.0,0.5766,555.0,0.5769,518.0,0.577,1396.0
1753617531802,11:58:51.802,gateio,A/USDT:USDT,0.5767,91.0,0.5766,555.0,0.5768,4328.0,0.5769,518.0
1753617531904,11:58:51.904,gateio,A/USDT:USDT,0.5767,91.0,0.5766,555.0,0.5768,4328.0,0.5769,518.0
1753617532022,11:58:52.022,gateio,A/USDT:USDT,0.5767,91.0,0.5766,555.0,0.5768,4328.0,0.5769,518.0
1753617532763,11:58:52.763,gateio,A/USDT:USDT,0.5767,91.0,0.5766,555.0,0.5768,4328.0,0.5769,518.0
1753617532848,11:58:52.848,gateio,A/USDT:USDT,0.5767,91.0,0.5766,555.0,0.5768,4328.0,0.5769,518.0
1753617533240,11:58:53.240,gateio,A/USDT:USDT,0.5767,91.0,0.5766,555.0,0.5768,4328.0,0.5769,518.0
1753617534747,11:58:54.747,gateio,A/USDT:USDT,0.5767,91.0,0.5766,555.0,0.5768,4328.0,0.5769,518.0
1753617534871,11:58:54.871,gateio,A/USDT:USDT,0.5767,91.0,0.5766,555.0,0.5768,4328.0,0.5769,518.0
1753617534970,11:58:54.970,gateio,A/USDT:USDT,0.5767,91.0,0.5766,555.0,0.5768,4328.0,0.5769,518.0
1753617535162,11:58:55.162,gateio,A/USDT:USDT,0.5767,348.0,0.5766,555.0,0.5768,1491.0,0.577,618.0
1753617535204,11:58:55.204,gateio,A/USDT:USDT,0.5767,348.0,0.5766,555.0,0.5768,1491.0,0.577,263.0
1753617535579,11:58:55.579,gateio,A/USDT:USDT,0.5768,90.0,0.5767,348.0,0.577,4327.0,0.5771,1139.0
1753617535631,11:58:55.631,gateio,A/USDT:USDT,0.5768,90.0,0.5767,555.0,0.577,4355.0,0.5771,1139.0
1753617535711,11:58:55.711,gateio,A/USDT:USDT,0.5768,90.0,0.5767,555.0,0.577,4355.0,0.5771,1139.0
1753617536516,11:58:56.516,gateio,A/USDT:USDT,0.5768,172.0,0.5767,555.0,0.577,4355.0,0.5771,1139.0
1753617536951,11:58:56.951,gateio,A/USDT:USDT,0.5768,172.0,0.5767,555.0,0.577,4355.0,0.5771,1139.0
1753617537222,11:58:57.222,gateio,A/USDT:USDT,0.5768,172.0,0.5767,555.0,0.577,4355.0,0.5771,1139.0
1753617537710,11:58:57.710,gateio,A/USDT:USDT,0.5768,172.0,0.5767,555.0,0.577,4355.0,0.5771,1139.0
1753617539123,11:58:59.123,gateio,A/USDT:USDT,0.5768,172.0,0.5767,555.0,0.577,4355.0,0.5771,1139.0
1753617539219,11:58:59.219,gateio,A/USDT:USDT,0.5768,172.0,0.5767,555.0,0.577,4355.0,0.5771,1139.0
1753617539462,11:58:59.462,gateio,A/USDT:USDT,0.5768,172.0,0.5767,555.0,0.577,4355.0,0.5771,1139.0
1753617539780,11:58:59.780,gateio,A/USDT:USDT,0.5768,172.0,0.5767,555.0,0.577,4355.0,0.5771,1139.0
1753617539997,11:58:59.997,gateio,A/USDT:USDT,0.5768,172.0,0.5767,555.0,0.577,4355.0,0.5771,1139.0
1753617544257,11:59:04.257,gateio,A/USDT:USDT,0.5768,172.0,0.5767,555.0,0.577,4355.0,0.5771,1139.0
1753617544333,11:59:04.333,gateio,A/USDT:USDT,0.5768,172.0,0.5767,555.0,0.577,4355.0,0.5771,361.0
1753617544386,11:59:04.386,gateio,A/USDT:USDT,0.5768,172.0,0.5767,555.0,0.577,4327.0,0.5771,389.0
1753617544797,11:59:04.797,gateio,A/USDT:USDT,0.5768,172.0,0.5767,555.0,0.577,4327.0,0.5771,389.0
1753617545348,11:59:05.348,gateio,A/USDT:USDT,0.5768,432.0,0.5767,555.0,0.577,4327.0,0.5771,389.0
1753617546562,11:59:06.562,gateio,A/USDT:USDT,0.5768,432.0,0.5767,555.0,0.577,4327.0,0.5771,389.0
1753617547102,11:59:07.102,gateio,A/USDT:USDT,0.5768,432.0,0.5767,555.0,0.577,4327.0,0.5771,389.0
1753617547585,11:59:07.585,gateio,A/USDT:USDT,0.5768,432.0,0.5767,555.0,0.577,4327.0,0.5771,389.0
1753617547756,11:59:07.756,gateio,A/USDT:USDT,0.5768,432.0,0.5767,555.0,0.577,4327.0,0.5771,389.0
1753617547876,11:59:07.876,gateio,A/USDT:USDT,0.577,90.0,0.5768,432.0,0.5771,28.0,0.5772,2678.0
1753617547958,11:59:07.958,gateio,A/USDT:USDT,0.577,90.0,0.5769,298.0,0.5771,4325.0,0.5772,2706.0
1753617547980,11:59:07.980,gateio,A/USDT:USDT,0.577,90.0,0.5769,298.0,0.5771,4325.0,0.5772,2706.0
1753617548239,11:59:08.239,gateio,A/USDT:USDT,0.577,90.0,0.5769,298.0,0.5771,4325.0,0.5772,2706.0
1753617548362,11:59:08.362,gateio,A/USDT:USDT,0.5768,342.0,0.5767,298.0,0.5771,4903.0,0.5772,2706.0
1753617548656,11:59:08.656,gateio,A/USDT:USDT,0.5768,342.0,0.5767,298.0,0.5771,4903.0,0.5772,2706.0
1753617549072,11:59:09.072,gateio,A/USDT:USDT,0.5768,342.0,0.5767,298.0,0.5771,4903.0,0.5772,2706.0
1753617549983,11:59:09.983,gateio,A/USDT:USDT,0.5769,260.0,0.5768,342.0,0.5771,4903.0,0.5772,2706.0
1753617550290,11:59:10.290,gateio,A/USDT:USDT,0.5769,260.0,0.5768,342.0,0.5771,4903.0,0.5772,2706.0
1753617550676,11:59:10.676,gateio,A/USDT:USDT,0.5771,90.0,0.577,90.0,0.5772,808.0,0.5773,3004.0
1753617550771,11:59:10.771,gateio,A/USDT:USDT,0.5771,90.0,0.577,298.0,0.5773,1388.0,0.5774,580.0
1753617550815,11:59:10.815,gateio,A/USDT:USDT,0.5771,90.0,0.577,298.0,0.5773,1388.0,0.5774,552.0
1753617550910,11:59:10.910,gateio,A/USDT:USDT,0.5771,90.0,0.577,298.0,0.5772,4324.0,0.5773,1388.0
1753617551062,11:59:11.062,gateio,A/USDT:USDT,0.5771,90.0,0.577,298.0,0.5772,4324.0,0.5773,1033.0
1753617551127,11:59:11.127,gateio,A/USDT:USDT,0.5771,90.0,0.577,298.0,0.5772,4324.0,0.5773,1033.0
1753617551262,11:59:11.262,gateio,A/USDT:USDT,0.5771,90.0,0.577,298.0,0.5772,4324.0,0.5773,1404.0
1753617551517,11:59:11.517,gateio,A/USDT:USDT,0.5771,90.0,0.577,298.0,0.5772,4324.0,0.5773,1404.0
1753617552161,11:59:12.161,gateio,A/USDT:USDT,0.5771,90.0,0.577,298.0,0.5772,4324.0,0.5773,1404.0
1753617552218,11:59:12.218,gateio,A/USDT:USDT,0.5771,90.0,0.577,298.0,0.5772,4324.0,0.5773,1404.0
1753617552610,11:59:12.610,gateio,A/USDT:USDT,0.5771,90.0,0.577,298.0,0.5772,4324.0,0.5773,1404.0
1753617552864,11:59:12.864,gateio,A/USDT:USDT,0.577,90.0,0.5769,298.0,0.5772,4324.0,0.5773,1404.0
1753617552887,11:59:12.887,gateio,A/USDT:USDT,0.577,90.0,0.5769,298.0,0.5772,4352.0,0.5773,1404.0
1753617553149,11:59:13.149,gateio,A/USDT:USDT,0.577,90.0,0.5769,298.0,0.5772,4352.0,0.5773,1404.0
1753617553722,11:59:13.722,gateio,A/USDT:USDT,0.577,90.0,0.5769,298.0,0.5772,4352.0,0.5773,1033.0
1753617553967,11:59:13.967,gateio,A/USDT:USDT,0.577,90.0,0.5769,298.0,0.5772,4352.0,0.5773,1033.0
1753617554102,11:59:14.102,gateio,A/USDT:USDT,0.577,90.0,0.5769,298.0,0.5772,4352.0,0.5773,255.0
1753617554186,11:59:14.186,gateio,A/USDT:USDT,0.577,90.0,0.5769,298.0,0.5772,4324.0,0.5773,283.0
1753617555218,11:59:15.218,gateio,A/USDT:USDT,0.577,90.0,0.5769,298.0,0.5772,4324.0,0.5773,283.0
1753617555799,11:59:15.799,gateio,A/USDT:USDT,0.577,90.0,0.5769,298.0,0.5772,4324.0,0.5773,283.0
1753617556357,11:59:16.357,gateio,A/USDT:USDT,0.577,90.0,0.5769,298.0,0.5772,4324.0,0.5773,283.0
1753617556516,11:59:16.516,gateio,A/USDT:USDT,0.577,172.0,0.5769,298.0,0.5772,4324.0,0.5773,283.0
1753617556775,11:59:16.775,gateio,A/USDT:USDT,0.577,439.0,0.5769,298.0,0.5772,4324.0,0.5773,283.0
1753617556810,11:59:16.810,gateio,A/USDT:USDT,0.577,439.0,0.5769,298.0,0.5772,4324.0,0.5773,283.0
1753617557378,11:59:17.378,gateio,A/USDT:USDT,0.5772,90.0,0.5771,298.0,0.5773,28.0,0.5774,1609.0
1753617557429,11:59:17.429,gateio,A/USDT:USDT,0.5772,90.0,0.5771,298.0,0.5774,1609.0,0.5775,1861.0
1753617557503,11:59:17.503,gateio,A/USDT:USDT,0.5772,90.0,0.5771,298.0,0.5773,4323.0,0.5774,831.0
1753617557662,11:59:17.662,gateio,A/USDT:USDT,0.5772,90.0,0.5771,298.0,0.5773,4323.0,0.5774,831.0
1753617558478,11:59:18.478,gateio,A/USDT:USDT,0.5771,90.0,0.577,349.0,0.5773,4323.0,0.5774,831.0
1753617558529,11:59:18.529,gateio,A/USDT:USDT,0.5771,90.0,0.577,647.0,0.5773,4323.0,0.5774,831.0
1753617558873,11:59:18.873,gateio,A/USDT:USDT,0.5771,90.0,0.577,647.0,0.5773,4323.0,0.5774,831.0
1753617561522,11:59:21.522,gateio,A/USDT:USDT,0.5771,90.0,0.577,565.0,0.5773,4323.0,0.5774,831.0
1753617561598,11:59:21.598,gateio,A/USDT:USDT,0.5771,90.0,0.577,565.0,0.5773,4323.0,0.5774,831.0
1753617562125,11:59:22.125,gateio,A/USDT:USDT,0.5771,90.0,0.577,565.0,0.5773,4323.0,0.5774,831.0
1753617562779,11:59:22.779,gateio,A/USDT:USDT,0.5772,90.0,0.5771,552.0,0.5773,4323.0,0.5774,476.0
1753617562822,11:59:22.822,gateio,A/USDT:USDT,0.5772,90.0,0.5771,552.0,0.5773,4323.0,0.5774,476.0
1753617562911,11:59:22.911,gateio,A/USDT:USDT,0.5772,90.0,0.5771,552.0,0.5773,4323.0,0.5774,476.0
1753617563032,11:59:23.032,gateio,A/USDT:USDT,0.5772,90.0,0.5771,552.0,0.5774,4798.0,0.5775,1380.0
1753617563156,11:59:23.156,gateio,A/USDT:USDT,0.5772,90.0,0.5771,552.0,0.5774,4826.0,0.5775,1380.0
1753617563345,11:59:23.345,gateio,A/USDT:USDT,0.5772,90.0,0.5771,552.0,0.5774,4826.0,0.5775,1380.0
1753617564362,11:59:24.362,gateio,A/USDT:USDT,0.5772,90.0,0.5771,552.0,0.5774,4826.0,0.5775,1380.0
1753617564550,11:59:24.550,gateio,A/USDT:USDT,0.5772,90.0,0.5771,552.0,0.5774,4826.0,0.5775,1380.0
1753617565180,11:59:25.180,gateio,A/USDT:USDT,0.5772,90.0,0.5771,552.0,0.5774,4826.0,0.5775,1380.0
1753617566369,11:59:26.369,gateio,A/USDT:USDT,0.5771,90.0,0.577,297.0,0.5773,639.0,0.5774,4826.0
1753617566434,11:59:26.434,gateio,A/USDT:USDT,0.5771,90.0,0.577,297.0,0.5773,1151.0,0.5774,4826.0
1753617566579,11:59:26.579,gateio,A/USDT:USDT,0.5771,90.0,0.577,297.0,0.5773,1151.0,0.5774,4826.0
1753617566839,11:59:26.839,gateio,A/USDT:USDT,0.5771,90.0,0.577,551.0,0.5773,1151.0,0.5774,4826.0
1753617567259,11:59:27.259,gateio,A/USDT:USDT,0.5772,90.0,0.5771,297.0,0.5774,4826.0,0.5775,1380.0
1753617571202,11:59:31.202,gateio,A/USDT:USDT,0.5772,90.0,0.5771,297.0,0.5774,4826.0,0.5775,1380.0
1753617571463,11:59:31.463,gateio,A/USDT:USDT,0.5772,90.0,0.5771,297.0,0.5774,4826.0,0.5775,1380.0
1753617571482,11:59:31.482,gateio,A/USDT:USDT,0.5772,90.0,0.5771,297.0,0.5774,4826.0,0.5775,1380.0
1753617575998,11:59:35.998,gateio,A/USDT:USDT,0.5772,90.0,0.5771,297.0,0.5774,4826.0,0.5775,1380.0
1753617577262,11:59:37.262,gateio,A/USDT:USDT,0.5772,90.0,0.5771,297.0,0.5774,4826.0,0.5775,1380.0
1753617578248,11:59:38.248,gateio,A/USDT:USDT,0.5771,90.0,0.577,551.0,0.5773,1305.0,0.5774,4826.0
1753617580798,11:59:40.798,gateio,A/USDT:USDT,0.5771,90.0,0.577,551.0,0.5773,1305.0,0.5774,4826.0
1753617582903,11:59:42.903,gateio,A/USDT:USDT,0.5771,352.0,0.577,551.0,0.5773,1305.0,0.5774,4826.0
1753617583062,11:59:43.062,gateio,A/USDT:USDT,0.5771,352.0,0.577,551.0,0.5773,1305.0,0.5774,4826.0
1753617583282,11:59:43.282,gateio,A/USDT:USDT,0.5771,90.0,0.577,551.0,0.5773,1305.0,0.5774,4826.0
1753617584762,11:59:44.762,gateio,A/USDT:USDT,0.5771,352.0,0.577,551.0,0.5773,1048.0,0.5774,4826.0
1753617585606,11:59:45.606,gateio,A/USDT:USDT,0.5771,352.0,0.577,551.0,0.5774,4826.0,0.5775,1380.0
1753617586831,11:59:46.831,gateio,A/USDT:USDT,0.5771,352.0,0.577,551.0,0.5774,4826.0,0.5775,1380.0
1753617588386,11:59:48.386,gateio,A/USDT:USDT,0.5771,352.0,0.577,551.0,0.5774,4826.0,0.5775,1380.0
1753617588842,11:59:48.842,gateio,A/USDT:USDT,0.5771,352.0,0.577,551.0,0.5774,4826.0,0.5775,1380.0
1753617589069,11:59:49.069,gateio,A/USDT:USDT,0.5771,352.0,0.577,551.0,0.5774,4826.0,0.5775,1380.0
1753617589772,11:59:49.772,gateio,A/USDT:USDT,0.5772,262.0,0.5771,352.0,0.5774,4826.0,0.5775,1380.0
1753617589819,11:59:49.819,gateio,A/USDT:USDT,0.5773,90.0,0.5772,262.0,0.5774,4826.0,0.5775,1380.0
1753617589931,11:59:49.931,gateio,A/USDT:USDT,0.5773,90.0,0.5772,262.0,0.5774,4798.0,0.5775,1380.0
1753617590074,11:59:50.074,gateio,A/USDT:USDT,0.5773,90.0,0.5772,262.0,0.5774,4798.0,0.5775,1380.0
1753617590102,11:59:50.102,gateio,A/USDT:USDT,0.5773,90.0,0.5771,560.0,0.5774,4798.0,0.5775,1380.0
1753617590451,11:59:50.451,gateio,A/USDT:USDT,0.5771,352.0,0.577,552.0,0.5774,4798.0,0.5775,1380.0
1753617590523,11:59:50.523,gateio,A/USDT:USDT,0.5771,352.0,0.577,552.0,0.5774,4826.0,0.5775,1380.0
1753617590670,11:59:50.670,gateio,A/USDT:USDT,0.5771,90.0,0.577,552.0,0.5773,588.0,0.5774,4826.0
1753617590749,11:59:50.749,gateio,A/USDT:USDT,0.5771,90.0,0.577,552.0,0.5773,588.0,0.5774,4826.0
1753617594224,11:59:54.224,gateio,A/USDT:USDT,0.5771,90.0,0.577,552.0,0.5773,588.0,0.5774,4826.0
1753617595198,11:59:55.198,gateio,A/USDT:USDT,0.5771,90.0,0.577,552.0,0.5773,588.0,0.5774,4826.0
1753617595542,11:59:55.542,gateio,A/USDT:USDT,0.5771,90.0,0.577,552.0,0.5773,957.0,0.5774,4826.0
1753617599262,11:59:59.262,gateio,A/USDT:USDT,0.5771,90.0,0.577,552.0,0.5774,4826.0,0.5775,1034.0
1753617599332,11:59:59.332,gateio,A/USDT:USDT,0.5772,90.0,0.5771,298.0,0.5774,4826.0,0.5775,1034.0
1753617599411,11:59:59.411,gateio,A/USDT:USDT,0.5771,90.0,0.577,552.0,0.5773,1157.0,0.5774,4826.0
1753617599562,11:59:59.562,gateio,A/USDT:USDT,0.577,254.0,0.5769,907.0,0.5773,1157.0,0.5774,4826.0
1753617599621,11:59:59.621,gateio,A/USDT:USDT,0.577,254.0,0.5769,907.0,0.5773,1157.0,0.5774,4826.0
1753617599718,11:59:59.718,gateio,A/USDT:USDT,0.577,254.0,0.5769,907.0,0.5773,1157.0,0.5774,4826.0
1753617599997,11:59:59.997,gateio,A/USDT:USDT,0.577,254.0,0.5769,907.0,0.5773,1157.0,0.5774,4826.0
1753617600230,12:00:00.230,gateio,A/USDT:USDT,0.577,254.0,0.5769,907.0,0.5773,1157.0,0.5774,4826.0
1753617600559,12:00:00.559,gateio,A/USDT:USDT,0.577,254.0,0.5769,907.0,0.5773,1157.0,0.5774,4826.0
1753617602469,12:00:02.469,gateio,A/USDT:USDT,0.577,254.0,0.5769,907.0,0.5773,1157.0,0.5774,4826.0
1753617602606,12:00:02.606,gateio,A/USDT:USDT,0.577,254.0,0.5769,907.0,0.5774,4826.0,0.5775,1034.0
1753617602760,12:00:02.760,gateio,A/USDT:USDT,0.5769,907.0,0.5768,260.0,0.5773,986.0,0.5774,4826.0
1753617602861,12:00:02.861,gateio,A/USDT:USDT,0.577,257.0,0.5769,609.0,0.5773,1471.0,0.5774,4826.0
1753617602997,12:00:02.997,gateio,A/USDT:USDT,0.577,257.0,0.5769,609.0,0.5773,1471.0,0.5774,4826.0
1753617603146,12:00:03.146,gateio,A/USDT:USDT,0.577,257.0,0.5769,609.0,0.5773,1471.0,0.5774,4826.0
1753617603224,12:00:03.224,gateio,A/USDT:USDT,0.577,257.0,0.5769,609.0,0.5773,1471.0,0.5774,4826.0
1753617603359,12:00:03.359,gateio,A/USDT:USDT,0.577,257.0,0.5769,609.0,0.5773,1214.0,0.5774,4826.0
1753617603528,12:00:03.528,gateio,A/USDT:USDT,0.577,257.0,0.5769,907.0,0.5773,1214.0,0.5774,4826.0
1753617603719,12:00:03.719,gateio,A/USDT:USDT,0.5772,90.0,0.5771,298.0,0.5774,4826.0,0.5775,1034.0
1753617603845,12:00:03.845,gateio,A/USDT:USDT,0.5772,90.0,0.5771,298.0,0.5774,4826.0,0.5775,1034.0
1753617604041,12:00:04.041,gateio,A/USDT:USDT,0.5772,90.0,0.5771,298.0,0.5774,4826.0,0.5775,1034.0
1753617604709,12:00:04.709,gateio,A/USDT:USDT,0.5772,90.0,0.5771,298.0,0.5774,4826.0,0.5775,1034.0
1753617604875,12:00:04.875,gateio,A/USDT:USDT,0.5772,90.0,0.5771,298.0,0.5774,4826.0,0.5775,1034.0
1753617605053,12:00:05.053,gateio,A/USDT:USDT,0.5772,90.0,0.5771,298.0,0.5774,4826.0,0.5775,1034.0
1753617605223,12:00:05.223,gateio,A/USDT:USDT,0.5772,90.0,0.5771,298.0,0.5774,4826.0,0.5775,1034.0
1753617605968,12:00:05.968,gateio,A/USDT:USDT,0.5772,90.0,0.5771,298.0,0.5774,4826.0,0.5775,1034.0
1753617606178,12:00:06.178,gateio,A/USDT:USDT,0.5772,347.0,0.5771,298.0,0.5774,4826.0,0.5775,1034.0
1753617606260,12:00:06.260,gateio,A/USDT:USDT,0.5772,90.0,0.5771,298.0,0.5774,4826.0,0.5775,1034.0
1753617606354,12:00:06.354,gateio,A/USDT:USDT,0.5772,90.0,0.5771,298.0,0.5774,4826.0,0.5775,1034.0
1753617606872,12:00:06.872,gateio,A/USDT:USDT,0.5771,90.0,0.577,257.0,0.5773,501.0,0.5774,4826.0
1753617606975,12:00:06.975,gateio,A/USDT:USDT,0.5771,90.0,0.577,555.0,0.5773,501.0,0.5774,4826.0
1753617607080,12:00:07.080,gateio,A/USDT:USDT,0.5771,90.0,0.577,555.0,0.5773,501.0,0.5774,4826.0
1753617607318,12:00:07.318,gateio,A/USDT:USDT,0.5771,90.0,0.577,555.0,0.5773,501.0,0.5774,4826.0
1753617607489,12:00:07.489,gateio,A/USDT:USDT,0.5771,90.0,0.577,555.0,0.5773,501.0,0.5774,4826.0
1753617609123,12:00:09.123,gateio,A/USDT:USDT,0.5771,90.0,0.577,555.0,0.5773,501.0,0.5774,4826.0
1753617609600,12:00:09.600,gateio,A/USDT:USDT,0.5771,90.0,0.577,555.0,0.5773,501.0,0.5774,4826.0
1753617610176,12:00:10.176,gateio,A/USDT:USDT,0.5771,90.0,0.577,555.0,0.5774,4826.0,0.5775,1034.0
1753617612351,12:00:12.351,gateio,A/USDT:USDT,0.5771,90.0,0.577,555.0,0.5773,1220.0,0.5774,4826.0
1753617612425,12:00:12.425,gateio,A/USDT:USDT,0.5769,609.0,0.5768,260.0,0.5773,1220.0,0.5774,4826.0
1753617612558,12:00:12.558,gateio,A/USDT:USDT,0.5769,609.0,0.5768,260.0,0.5773,1220.0,0.5774,4826.0
1753617612667,12:00:12.667,gateio,A/USDT:USDT,0.577,260.0,0.5769,609.0,0.5773,1220.0,0.5774,4826.0
1753617612946,12:00:12.946,gateio,A/USDT:USDT,0.577,260.0,0.5769,907.0,0.5773,1220.0,0.5774,4826.0
1753617613702,12:00:13.702,gateio,A/USDT:USDT,0.577,260.0,0.5769,907.0,0.5773,1220.0,0.5774,4826.0
1753617614399,12:00:14.399,gateio,A/USDT:USDT,0.577,260.0,0.5769,907.0,0.5773,1220.0,0.5774,4826.0
1753617615611,12:00:15.611,gateio,A/USDT:USDT,0.577,260.0,0.5769,907.0,0.5773,1220.0,0.5774,4826.0
1753617615800,12:00:15.800,gateio,A/USDT:USDT,0.577,260.0,0.5769,907.0,0.5773,1220.0,0.5774,4826.0
1753617616742,12:00:16.742,gateio,A/USDT:USDT,0.577,260.0,0.5769,907.0,0.5773,1220.0,0.5774,4826.0
1753617617020,12:00:17.020,gateio,A/USDT:USDT,0.577,260.0,0.5769,907.0,0.5773,1220.0,0.5774,4826.0
1753617617362,12:00:17.362,gateio,A/USDT:USDT,0.577,788.0,0.5769,1760.0,0.5773,1220.0,0.5774,4826.0
1753617617443,12:00:17.443,gateio,A/USDT:USDT,0.577,788.0,0.5769,1760.0,0.5773,1220.0,0.5774,4826.0
1753617619199,12:00:19.199,gateio,A/USDT:USDT,0.577,788.0,0.5769,1760.0,0.5773,1220.0,0.5774,4826.0
1753617620170,12:00:20.170,gateio,A/USDT:USDT,0.577,788.0,0.5769,1760.0,0.5773,1220.0,0.5774,4826.0
1753617620250,12:00:20.250,gateio,A/USDT:USDT,0.577,788.0,0.5769,1760.0,0.5773,1220.0,0.5774,4826.0
1753617620662,12:00:20.662,gateio,A/USDT:USDT,0.577,788.0,0.5769,1760.0,0.5773,1220.0,0.5774,4826.0
1753617621423,12:00:21.423,gateio,A/USDT:USDT,0.577,528.0,0.5769,1760.0,0.5773,1220.0,0.5774,4826.0
1753617623203,12:00:23.203,gateio,A/USDT:USDT,0.577,528.0,0.5769,1760.0,0.5773,1220.0,0.5774,4826.0
1753617623998,12:00:23.998,gateio,A/USDT:USDT,0.577,528.0,0.5769,1760.0,0.5773,1220.0,0.5774,4826.0
1753617624147,12:00:24.147,gateio,A/USDT:USDT,0.577,528.0,0.5769,1760.0,0.5773,1220.0,0.5774,4826.0
1753617624257,12:00:24.257,gateio,A/USDT:USDT,0.577,528.0,0.5769,1760.0,0.5773,1220.0,0.5774,4826.0
1753617625362,12:00:25.362,gateio,A/USDT:USDT,0.577,528.0,0.5769,1760.0,0.5773,1220.0,0.5774,4826.0
1753617625640,12:00:25.640,gateio,A/USDT:USDT,0.5769,609.0,0.5768,326.0,0.5773,1220.0,0.5774,4826.0
1753617625715,12:00:25.715,gateio,A/USDT:USDT,0.5769,609.0,0.5768,326.0,0.5773,1220.0,0.5774,4826.0
1753617626981,12:00:26.981,gateio,A/USDT:USDT,0.5769,609.0,0.5768,326.0,0.5773,1220.0,0.5774,4826.0
1753617627122,12:00:27.122,gateio,A/USDT:USDT,0.5769,968.0,0.5768,1196.0,0.5773,1220.0,0.5774,4826.0
1753617627263,12:00:27.263,gateio,A/USDT:USDT,0.5771,90.0,0.577,560.0,0.5773,1220.0,0.5774,4826.0
1753617627284,12:00:27.284,gateio,A/USDT:USDT,0.5771,90.0,0.577,560.0,0.5773,1220.0,0.5774,4826.0
1753617627501,12:00:27.501,gateio,A/USDT:USDT,0.5771,90.0,0.577,560.0,0.5773,1220.0,0.5774,4826.0
1753617628677,12:00:28.677,gateio,A/USDT:USDT,0.5771,90.0,0.577,560.0,0.5774,4350.0,0.5775,1382.0
1753617628693,12:00:28.693,gateio,A/USDT:USDT,0.5771,90.0,0.577,560.0,0.5773,405.0,0.5774,4350.0
1753617628801,12:00:28.801,gateio,A/USDT:USDT,0.5771,90.0,0.577,560.0,0.5773,1022.0,0.5774,4350.0
1753617628894,12:00:28.894,gateio,A/USDT:USDT,0.5769,968.0,0.5768,1196.0,0.5773,1022.0,0.5774,4350.0
1753617629060,12:00:29.060,gateio,A/USDT:USDT,0.5769,968.0,0.5768,1196.0,0.5773,1022.0,0.5774,4350.0
1753617629170,12:00:29.170,gateio,A/USDT:USDT,0.5769,968.0,0.5768,1196.0,0.5773,1022.0,0.5774,4350.0
1753617629331,12:00:29.331,gateio,A/USDT:USDT,0.5769,968.0,0.5768,1196.0,0.5773,1022.0,0.5774,4350.0
1753617630375,12:00:30.375,gateio,A/USDT:USDT,0.5769,968.0,0.5768,260.0,0.5772,262.0,0.5773,1022.0
1753617630478,12:00:30.478,gateio,A/USDT:USDT,0.5769,609.0,0.5768,260.0,0.5772,262.0,0.5773,1022.0
1753617630735,12:00:30.735,gateio,A/USDT:USDT,0.5769,609.0,0.5768,260.0,0.5772,262.0,0.5773,1022.0
1753617631878,12:00:31.878,gateio,A/USDT:USDT,0.5769,609.0,0.5768,260.0,0.5772,262.0,0.5773,1022.0
1753617632278,12:00:32.278,gateio,A/USDT:USDT,0.5769,609.0,0.5768,260.0,0.5772,262.0,0.5773,1022.0
1753617632302,12:00:32.302,gateio,A/USDT:USDT,0.5769,609.0,0.5768,260.0,0.5772,262.0,0.5773,1022.0
1753617632779,12:00:32.779,gateio,A/USDT:USDT,0.5769,355.0,0.5768,260.0,0.5772,262.0,0.5773,1022.0
1753617632782,12:00:32.782,gateio,A/USDT:USDT,0.5769,355.0,0.5768,260.0,0.5772,262.0,0.5773,1022.0
1753617633142,12:00:33.142,gateio,A/USDT:USDT,0.5769,355.0,0.5768,260.0,0.5772,262.0,0.5773,1800.0
1753617633657,12:00:33.657,gateio,A/USDT:USDT,0.5769,355.0,0.5768,260.0,0.5772,262.0,0.5773,1800.0
1753617635119,12:00:35.119,gateio,A/USDT:USDT,0.5769,355.0,0.5768,260.0,0.5772,262.0,0.5773,1800.0
1753617635768,12:00:35.768,gateio,A/USDT:USDT,0.5769,355.0,0.5768,260.0,0.5772,262.0,0.5773,1800.0
1753617636138,12:00:36.138,gateio,A/USDT:USDT,0.5769,355.0,0.5768,260.0,0.5772,262.0,0.5773,1800.0
1753617636258,12:00:36.258,gateio,A/USDT:USDT,0.5769,355.0,0.5768,260.0,0.5772,262.0,0.5773,1800.0
1753617636360,12:00:36.360,gateio,A/USDT:USDT,0.5769,355.0,0.5768,260.0,0.5772,262.0,0.5773,1800.0
1753617636382,12:00:36.382,gateio,A/USDT:USDT,0.5769,355.0,0.5768,260.0,0.5772,262.0,0.5773,2211.0
1753617638399,12:00:38.399,gateio,A/USDT:USDT,0.5769,355.0,0.5768,260.0,0.5772,262.0,0.5773,2211.0
1753617639573,12:00:39.573,gateio,A/USDT:USDT,0.5769,355.0,0.5768,260.0,0.5772,262.0,0.5773,2211.0
1753617641127,12:00:41.127,gateio,A/USDT:USDT,0.5769,355.0,0.5768,260.0,0.5772,262.0,0.5773,2211.0
1753617641363,12:00:41.363,gateio,A/USDT:USDT,0.5768,260.0,0.5767,741.0,0.5772,262.0,0.5773,2211.0
1753617641440,12:00:41.440,gateio,A/USDT:USDT,0.5768,260.0,0.5767,741.0,0.5772,262.0,0.5773,2211.0
1753617641776,12:00:41.776,gateio,A/USDT:USDT,0.5767,741.0,0.5766,985.0,0.5772,262.0,0.5773,2566.0
1753617641867,12:00:41.867,gateio,A/USDT:USDT,0.5767,259.0,0.5766,985.0,0.5771,259.0,0.5772,815.0
1753617641942,12:00:41.942,gateio,A/USDT:USDT,0.5767,259.0,0.5766,1284.0,0.5771,259.0,0.5772,815.0
1753617642059,12:00:42.059,gateio,A/USDT:USDT,0.5767,259.0,0.5766,1284.0,0.5771,259.0,0.5772,815.0
1753617642366,12:00:42.366,gateio,A/USDT:USDT,0.5767,259.0,0.5766,1284.0,0.5771,259.0,0.5772,815.0
1753617642418,12:00:42.418,gateio,A/USDT:USDT,0.5767,259.0,0.5766,1284.0,0.5771,259.0,0.5772,815.0
1753617642999,12:00:42.999,gateio,A/USDT:USDT,0.5767,259.0,0.5766,1284.0,0.5771,259.0,0.5772,815.0
1753617643201,12:00:43.201,gateio,A/USDT:USDT,0.5767,259.0,0.5766,1284.0,0.5771,259.0,0.5772,815.0
1753617645359,12:00:45.359,gateio,A/USDT:USDT,0.5767,259.0,0.5766,1284.0,0.5771,259.0,0.5772,815.0
1753617646602,12:00:46.602,gateio,A/USDT:USDT,0.5767,259.0,0.5766,1284.0,0.5771,259.0,0.5772,815.0
1753617647848,12:00:47.848,gateio,A/USDT:USDT,0.5767,259.0,0.5766,1284.0,0.5771,259.0,0.5772,815.0
1753617648022,12:00:48.022,gateio,A/USDT:USDT,0.5767,259.0,0.5766,1284.0,0.5771,259.0,0.5772,815.0
1753617648346,12:00:48.346,gateio,A/USDT:USDT,0.5767,259.0,0.5766,1284.0,0.5771,259.0,0.5772,815.0
1753617649747,12:00:49.747,gateio,A/USDT:USDT,0.5767,259.0,0.5766,1284.0,0.5771,259.0,0.5772,815.0
1753617651859,12:00:51.859,gateio,A/USDT:USDT,0.5767,259.0,0.5766,1284.0,0.5771,259.0,0.5772,815.0
1753617652842,12:00:52.842,gateio,A/USDT:USDT,0.5767,259.0,0.5766,1284.0,0.5771,259.0,0.5772,815.0
1753617657600,12:00:57.600,gateio,A/USDT:USDT,0.5767,259.0,0.5766,1284.0,0.5771,259.0,0.5772,815.0
1753617660129,12:01:00.129,gateio,A/USDT:USDT,0.5767,259.0,0.5766,1284.0,0.5771,259.0,0.5772,815.0
1753617660379,12:01:00.379,gateio,A/USDT:USDT,0.5767,259.0,0.5766,1284.0,0.5771,259.0,0.5772,815.0
1753617660700,12:01:00.700,gateio,A/USDT:USDT,0.5767,259.0,0.5766,1284.0,0.5772,815.0,0.5773,3277.0
1753617661454,12:01:01.454,gateio,A/USDT:USDT,0.5768,90.0,0.5767,558.0,0.5771,257.0,0.5772,815.0
1753617661522,12:01:01.522,gateio,A/USDT:USDT,0.5768,172.0,0.5767,558.0,0.5771,257.0,0.5772,815.0
1753617661680,12:01:01.680,gateio,A/USDT:USDT,0.5768,429.0,0.5767,558.0,0.5771,257.0,0.5772,815.0
1753617661996,12:01:01.996,gateio,A/USDT:USDT,0.5768,429.0,0.5767,558.0,0.5771,257.0,0.5772,815.0
1753617662081,12:01:02.081,gateio,A/USDT:USDT,0.5768,429.0,0.5767,558.0,0.5771,257.0,0.5772,815.0
1753617662401,12:01:02.401,gateio,A/USDT:USDT,0.5768,429.0,0.5767,558.0,0.5771,257.0,0.5772,815.0
1753617664142,12:01:04.142,gateio,A/USDT:USDT,0.5768,429.0,0.5767,558.0,0.5771,257.0,0.5772,815.0
1753617665278,12:01:05.278,gateio,A/USDT:USDT,0.5768,172.0,0.5767,558.0,0.5771,257.0,0.5772,815.0
1753617665291,12:01:05.291,gateio,A/USDT:USDT,0.5768,172.0,0.5767,558.0,0.5771,257.0,0.5772,815.0
1753617666164,12:01:06.164,gateio,A/USDT:USDT,0.5768,429.0,0.5767,558.0,0.5771,257.0,0.5772,815.0
1753617666570,12:01:06.570,gateio,A/USDT:USDT,0.5768,82.0,0.5766,985.0,0.5771,257.0,0.5772,815.0
1753617666641,12:01:06.641,gateio,A/USDT:USDT,0.5768,82.0,0.5766,985.0,0.5771,257.0,0.5772,815.0
1753617666769,12:01:06.769,gateio,A/USDT:USDT,0.5768,82.0,0.5766,985.0,0.5771,257.0,0.5772,815.0
1753617666840,12:01:06.840,gateio,A/USDT:USDT,0.5768,82.0,0.5767,299.0,0.5771,257.0,0.5772,815.0
1753617666967,12:01:06.967,gateio,A/USDT:USDT,0.5768,82.0,0.5767,299.0,0.5771,257.0,0.5772,815.0
1753617667200,12:01:07.200,gateio,A/USDT:USDT,0.5768,82.0,0.5767,299.0,0.5771,257.0,0.5772,815.0
1753617667744,12:01:07.744,gateio,A/USDT:USDT,0.5768,82.0,0.5767,299.0,0.5771,257.0,0.5772,815.0
1753617667868,12:01:07.868,gateio,A/USDT:USDT,0.5768,82.0,0.5767,299.0,0.5771,257.0,0.5772,815.0
1753617667889,12:01:07.889,gateio,A/USDT:USDT,0.5768,82.0,0.5767,299.0,0.5771,257.0,0.5772,815.0
1753617668002,12:01:08.002,gateio,A/USDT:USDT,0.5768,82.0,0.5767,299.0,0.5771,257.0,0.5772,815.0
1753617668212,12:01:08.212,gateio,A/USDT:USDT,0.5768,82.0,0.5767,556.0,0.5771,257.0,0.5772,815.0
1753617669357,12:01:09.357,gateio,A/USDT:USDT,0.5768,82.0,0.5767,556.0,0.5771,257.0,0.5772,815.0
1753617669431,12:01:09.431,gateio,A/USDT:USDT,0.5768,82.0,0.5767,556.0,0.5771,257.0,0.5772,815.0
1753617669942,12:01:09.942,gateio,A/USDT:USDT,0.5768,82.0,0.5767,556.0,0.5771,1035.0,0.5772,262.0
1753617670544,12:01:10.544,gateio,A/USDT:USDT,0.5768,82.0,0.5767,556.0,0.577,257.0,0.5771,1035.0
1753617670652,12:01:10.652,gateio,A/USDT:USDT,0.5768,82.0,0.5767,556.0,0.577,257.0,0.5771,1035.0
1753617670763,12:01:10.763,gateio,A/USDT:USDT,0.5768,82.0,0.5767,556.0,0.577,257.0,0.5771,1035.0
1753617670822,12:01:10.822,gateio,A/USDT:USDT,0.5768,82.0,0.5767,556.0,0.577,257.0,0.5771,1035.0
1753617671052,12:01:11.052,gateio,A/USDT:USDT,0.5768,82.0,0.5767,556.0,0.577,257.0,0.5771,1035.0
1753617671695,12:01:11.695,gateio,A/USDT:USDT,0.5768,82.0,0.5767,556.0,0.5771,1035.0,0.5772,262.0
1753617671901,12:01:11.901,gateio,A/USDT:USDT,0.5768,82.0,0.5767,556.0,0.5771,1035.0,0.5772,262.0
1753617672000,12:01:12.000,gateio,A/USDT:USDT,0.5768,82.0,0.5767,556.0,0.5771,1035.0,0.5772,262.0
1753617674564,12:01:14.564,gateio,A/USDT:USDT,0.5768,339.0,0.5767,556.0,0.5771,1035.0,0.5772,262.0
1753617674602,12:01:14.602,gateio,A/USDT:USDT,0.5768,339.0,0.5767,556.0,0.5771,1035.0,0.5772,262.0
1753617674745,12:01:14.745,gateio,A/USDT:USDT,0.5768,339.0,0.5767,556.0,0.5771,1035.0,0.5772,262.0
1753617675154,12:01:15.154,gateio,A/USDT:USDT,0.5768,339.0,0.5767,556.0,0.5771,1035.0,0.5772,1142.0
1753617675202,12:01:15.202,gateio,A/USDT:USDT,0.5768,339.0,0.5767,556.0,0.5771,1386.0,0.5772,1170.0
1753617676575,12:01:16.575,gateio,A/USDT:USDT,0.5768,82.0,0.5767,556.0,0.577,257.0,0.5771,1386.0
1753617676582,12:01:16.582,gateio,A/USDT:USDT,0.5768,82.0,0.5767,556.0,0.577,257.0,0.5771,1386.0
1753617676800,12:01:16.800,gateio,A/USDT:USDT,0.5768,82.0,0.5767,556.0,0.577,257.0,0.5771,1386.0
1753617676897,12:01:16.897,gateio,A/USDT:USDT,0.5768,82.0,0.5767,556.0,0.577,257.0,0.5771,1386.0
1753617677374,12:01:17.374,gateio,A/USDT:USDT,0.5768,82.0,0.5767,299.0,0.577,257.0,0.5771,1386.0
1753617677427,12:01:17.427,gateio,A/USDT:USDT,0.5768,82.0,0.5767,299.0,0.577,257.0,0.5771,1386.0
1753617677499,12:01:17.499,gateio,A/USDT:USDT,0.5768,82.0,0.5767,299.0,0.577,257.0,0.5771,1386.0
1753617678062,12:01:18.062,gateio,A/USDT:USDT,0.5768,82.0,0.5766,985.0,0.577,257.0,0.5771,1386.0
1753617678177,12:01:18.177,gateio,A/USDT:USDT,0.5768,82.0,0.5766,257.0,0.5769,257.0,0.577,1863.0
1753617678264,12:01:18.264,gateio,A/USDT:USDT,0.5768,82.0,0.5766,557.0,0.5769,257.0,0.577,1891.0
1753617678476,12:01:18.476,gateio,A/USDT:USDT,0.5768,82.0,0.5765,612.0,0.5769,257.0,0.577,2246.0
1753617678564,12:01:18.564,gateio,A/USDT:USDT,0.5768,82.0,0.5765,557.0,0.5769,1035.0,0.577,2246.0
1753617678675,12:01:18.675,gateio,A/USDT:USDT,0.5764,257.0,0.5763,2606.0,0.5768,257.0,0.5769,1035.0
1753617678775,12:01:18.775,gateio,A/USDT:USDT,0.5764,257.0,0.5763,2906.0,0.5767,28.0,0.5768,257.0
1753617678879,12:01:18.879,gateio,A/USDT:USDT,0.5764,257.0,0.5763,1763.0,0.5767,28.0,0.5768,257.0
1753617678964,12:01:18.964,gateio,A/USDT:USDT,0.5764,257.0,0.5763,1416.0,0.5767,28.0,0.5768,257.0
1753617679252,12:01:19.252,gateio,A/USDT:USDT,0.5764,257.0,0.5763,1416.0,0.5767,28.0,0.5768,257.0
1753617679280,12:01:19.280,gateio,A/USDT:USDT,0.5764,257.0,0.5763,1416.0,0.5767,28.0,0.5768,257.0
1753617679762,12:01:19.762,gateio,A/USDT:USDT,0.5764,257.0,0.5763,1416.0,0.5767,28.0,0.5768,257.0
1753617680166,12:01:20.166,gateio,A/USDT:USDT,0.5765,347.0,0.5764,682.0,0.5767,28.0,0.5769,1035.0
1753617680278,12:01:20.278,gateio,A/USDT:USDT,0.5765,347.0,0.5764,982.0,0.5768,28.0,0.5769,1035.0
1753617680426,12:01:20.426,gateio,A/USDT:USDT,0.5765,347.0,0.5764,557.0,0.5768,285.0,0.5769,1035.0
1753617680516,12:01:20.516,gateio,A/USDT:USDT,0.5765,347.0,0.5764,557.0,0.5768,285.0,0.5769,1035.0
1753617681601,12:01:21.601,gateio,A/USDT:USDT,0.5765,347.0,0.5764,557.0,0.5768,285.0,0.5769,1035.0
1753617681938,12:01:21.938,gateio,A/USDT:USDT,0.5765,347.0,0.5764,557.0,0.5768,285.0,0.5769,1035.0
1753617682098,12:01:22.098,gateio,A/USDT:USDT,0.5765,347.0,0.5764,557.0,0.5768,285.0,0.5769,1035.0
1753617682197,12:01:22.197,gateio,A/USDT:USDT,0.5765,347.0,0.5764,557.0,0.5768,285.0,0.5769,1035.0
1753617682402,12:01:22.402,gateio,A/USDT:USDT,0.5765,347.0,0.5764,557.0,0.5768,285.0,0.5769,1035.0
1753617683242,12:01:23.242,gateio,A/USDT:USDT,0.5765,347.0,0.5764,557.0,0.5768,285.0,0.5769,1035.0
1753617684269,12:01:24.269,gateio,A/USDT:USDT,0.5765,347.0,0.5764,557.0,0.5768,28.0,0.5769,1035.0
1753617684330,12:01:24.330,gateio,A/USDT:USDT,0.5766,266.0,0.5765,347.0,0.5768,28.0,0.5769,1035.0
1753617684422,12:01:24.422,gateio,A/USDT:USDT,0.5766,266.0,0.5765,557.0,0.5768,28.0,0.5769,1035.0
1753617684642,12:01:24.642,gateio,A/USDT:USDT,0.5766,266.0,0.5765,557.0,0.5768,28.0,0.5769,1035.0
1753617684750,12:01:24.750,gateio,A/USDT:USDT,0.5767,90.0,0.5766,566.0,0.5768,28.0,0.5769,1035.0
1753617684802,12:01:24.802,gateio,A/USDT:USDT,0.5767,90.0,0.5766,566.0,0.5768,28.0,0.5769,1035.0
1753617684931,12:01:24.931,gateio,A/USDT:USDT,0.5767,90.0,0.5766,566.0,0.5768,28.0,0.5769,1035.0
1753617685141,12:01:25.141,gateio,A/USDT:USDT,0.5767,90.0,0.5766,566.0,0.5768,28.0,0.5769,1035.0
1753617685877,12:01:25.877,gateio,A/USDT:USDT,0.5766,90.0,0.5765,921.0,0.5768,28.0,0.5769,1035.0
1753617685954,12:01:25.954,gateio,A/USDT:USDT,0.5766,356.0,0.5765,921.0,0.5768,28.0,0.5769,1035.0
1753617686346,12:01:26.346,gateio,A/USDT:USDT,0.5766,356.0,0.5765,921.0,0.5768,28.0,0.5769,1035.0
1753617686400,12:01:26.400,gateio,A/USDT:USDT,0.5766,356.0,0.5765,921.0,0.5768,28.0,0.5769,1035.0
1753617687222,12:01:27.222,gateio,A/USDT:USDT,0.5766,356.0,0.5765,921.0,0.5768,28.0,0.5769,1035.0
1753617687432,12:01:27.432,gateio,A/USDT:USDT,0.5766,356.0,0.5765,921.0,0.5768,28.0,0.5769,778.0
1753617687579,12:01:27.579,gateio,A/USDT:USDT,0.5767,266.0,0.5766,566.0,0.5768,28.0,0.5769,778.0
1753617687585,12:01:27.585,gateio,A/USDT:USDT,0.5767,266.0,0.5766,566.0,0.5768,28.0,0.5769,778.0
1753617687764,12:01:27.764,gateio,A/USDT:USDT,0.5767,266.0,0.5766,566.0,0.5768,28.0,0.5769,778.0
1753617687811,12:01:27.811,gateio,A/USDT:USDT,0.5767,266.0,0.5766,566.0,0.5768,28.0,0.5769,778.0
1753617688294,12:01:28.294,gateio,A/USDT:USDT,0.5767,266.0,0.5766,566.0,0.5768,28.0,0.5769,778.0
1753617688673,12:01:28.673,gateio,A/USDT:USDT,0.5766,566.0,0.5765,621.0,0.5768,28.0,0.5769,778.0
1753617688770,12:01:28.770,gateio,A/USDT:USDT,0.5766,356.0,0.5765,921.0,0.5768,28.0,0.5769,778.0
1753617689055,12:01:29.055,gateio,A/USDT:USDT,0.5766,356.0,0.5765,921.0,0.5768,28.0,0.5769,778.0
1753617689182,12:01:29.182,gateio,A/USDT:USDT,0.5766,356.0,0.5765,921.0,0.5768,28.0,0.5769,778.0
1753617689994,12:01:29.994,gateio,A/USDT:USDT,0.5766,356.0,0.5765,921.0,0.5768,28.0,0.5769,778.0
1753617690284,12:01:30.284,gateio,A/USDT:USDT,0.5766,356.0,0.5765,921.0,0.5768,28.0,0.5769,778.0
1753617691201,12:01:31.201,gateio,A/USDT:USDT,0.5766,356.0,0.5765,921.0,0.5768,28.0,0.5769,778.0
1753617691370,12:01:31.370,gateio,A/USDT:USDT,0.5767,257.0,0.5766,566.0,0.5768,28.0,0.5769,778.0
1753617691467,12:01:31.467,gateio,A/USDT:USDT,0.5767,257.0,0.5766,566.0,0.5768,28.0,0.577,355.0
1753617691579,12:01:31.579,gateio,A/USDT:USDT,0.5767,257.0,0.5766,566.0,0.5768,8.0,0.5771,5095.0
1753617691623,12:01:31.623,gateio,A/USDT:USDT,0.5767,257.0,0.5766,566.0,0.5768,8.0,0.577,454.0
1753617691764,12:01:31.764,gateio,A/USDT:USDT,0.5767,257.0,0.5766,566.0,0.5768,8.0,0.5771,5095.0
1753617691838,12:01:31.838,gateio,A/USDT:USDT,0.5767,257.0,0.5766,566.0,0.5769,28.0,0.5771,5095.0
1753617691923,12:01:31.923,gateio,A/USDT:USDT,0.5767,257.0,0.5766,566.0,0.577,536.0,0.5771,5095.0
1753617692060,12:01:32.060,gateio,A/USDT:USDT,0.5768,3.0,0.5767,557.0,0.577,28.0,0.5771,5095.0
1753617692167,12:01:32.167,gateio,A/USDT:USDT,0.5769,257.0,0.5768,272.0,0.577,28.0,0.5771,5095.0
1753617692224,12:01:32.224,gateio,A/USDT:USDT,0.5769,257.0,0.5768,269.0,0.577,28.0,0.5771,5095.0
1753617692361,12:01:32.361,gateio,A/USDT:USDT,0.5769,257.0,0.5768,269.0,0.577,28.0,0.5771,778.0
1753617692382,12:01:32.382,gateio,A/USDT:USDT,0.5769,257.0,0.5768,269.0,0.577,28.0,0.5771,778.0
1753617693270,12:01:33.270,gateio,A/USDT:USDT,0.5769,257.0,0.5768,624.0,0.577,28.0,0.5771,778.0
1753617693582,12:01:33.582,gateio,A/USDT:USDT,0.5769,257.0,0.5768,624.0,0.577,28.0,0.5771,778.0
1753617694014,12:01:34.014,gateio,A/USDT:USDT,0.5769,257.0,0.5768,624.0,0.577,28.0,0.5771,778.0
1753617694442,12:01:34.442,gateio,A/USDT:USDT,0.5769,257.0,0.5768,624.0,0.577,28.0,0.5771,778.0
1753617694941,12:01:34.941,gateio,A/USDT:USDT,0.5769,257.0,0.5768,624.0,0.577,28.0,0.5771,778.0
1753617695422,12:01:35.422,gateio,A/USDT:USDT,0.5769,257.0,0.5768,624.0,0.577,28.0,0.5771,778.0
1753617695922,12:01:35.922,gateio,A/USDT:USDT,0.5768,624.0,0.5767,557.0,0.577,28.0,0.5771,778.0
1753617696008,12:01:36.008,gateio,A/USDT:USDT,0.5768,612.0,0.5767,557.0,0.577,28.0,0.5771,778.0
1753617696892,12:01:36.892,gateio,A/USDT:USDT,0.5768,612.0,0.5767,557.0,0.577,28.0,0.5771,778.0
1753617697193,12:01:37.193,gateio,A/USDT:USDT,0.5768,612.0,0.5767,557.0,0.577,28.0,0.5771,778.0
