timestamp,time,exchange,symbol,bid1_price,bid1_volume,bid2_price,bid2_volume,ask1_price,ask1_volume,ask2_price,ask2_volume
1753617156525,11:52:36.525,phemex,ACT/USDT:USDT,0.04604,8075.0,0.04603,7810.0,0.04606,2806.0,0.04607,19628.0
1753617164386,11:52:44.386,phemex,ACT/USDT:USDT,0.04605,2744.0,0.04604,8075.0,0.04607,19628.0,0.04608,10668.0
1753617164430,11:52:44.430,phemex,ACT/USDT:USDT,0.04605,2744.0,0.04604,8075.0,0.04606,2744.0,0.04607,19628.0
1753617164649,11:52:44.649,phemex,ACT/USDT:USDT,0.04604,8075.0,0.04603,7810.0,0.04606,2744.0,0.04607,19628.0
1753617164677,11:52:44.677,phemex,ACT/USDT:USDT,0.04604,8075.0,0.04603,7810.0,0.04606,2744.0,0.04607,19628.0
1753617164693,11:52:44.693,phemex,ACT/USDT:USDT,0.04604,7987.0,0.04603,7810.0,0.04606,2744.0,0.04607,19628.0
1753617164713,11:52:44.713,phemex,ACT/USDT:USDT,0.04605,2744.0,0.04604,7987.0,0.04606,2744.0,0.04607,19628.0
1753617165935,11:52:45.935,phemex,ACT/USDT:USDT,0.04604,7987.0,0.04603,7810.0,0.04606,2744.0,0.04607,19628.0
1753617165947,11:52:45.947,phemex,ACT/USDT:USDT,0.04604,7987.0,0.04603,7810.0,0.04606,2744.0,0.04607,19628.0
1753617165967,11:52:45.967,phemex,ACT/USDT:USDT,0.04605,2744.0,0.04604,7987.0,0.04606,2744.0,0.04607,19628.0
1753617166011,11:52:46.011,phemex,ACT/USDT:USDT,0.04604,7987.0,0.04603,7810.0,0.04606,2744.0,0.04607,19628.0
1753617166052,11:52:46.052,phemex,ACT/USDT:USDT,0.04604,7987.0,0.04603,7810.0,0.04606,2744.0,0.04607,19628.0
1753617166601,11:52:46.601,phemex,ACT/USDT:USDT,0.04604,7987.0,0.04603,7810.0,0.04606,2744.0,0.04607,19628.0
1753617166619,11:52:46.619,phemex,ACT/USDT:USDT,0.04604,7987.0,0.04603,7810.0,0.04606,2744.0,0.04607,19628.0
1753617168911,11:52:48.911,phemex,ACT/USDT:USDT,0.04605,2744.0,0.04604,7987.0,0.04606,2744.0,0.04607,19628.0
1753617168933,11:52:48.933,phemex,ACT/USDT:USDT,0.04604,7987.0,0.04603,7810.0,0.04606,2744.0,0.04607,19628.0
1753617168984,11:52:48.984,phemex,ACT/USDT:USDT,0.04604,7987.0,0.04603,7810.0,0.04606,2744.0,0.04607,19628.0
1753617169239,11:52:49.239,phemex,ACT/USDT:USDT,0.04605,6903.0,0.04604,11605.0,0.04606,8919.0,0.04608,16969.0
1753617169253,11:52:49.253,phemex,ACT/USDT:USDT,0.04605,6903.0,0.04604,11605.0,0.04606,8919.0,0.04607,2744.0
1753617169296,11:52:49.296,phemex,ACT/USDT:USDT,0.04605,6903.0,0.04604,11605.0,0.04606,8919.0,0.04607,2744.0
1753617171174,11:52:51.174,phemex,ACT/USDT:USDT,0.04605,4159.0,0.04604,11605.0,0.04606,8919.0,0.04607,2744.0
1753617171700,11:52:51.700,phemex,ACT/USDT:USDT,0.04605,4159.0,0.04604,11605.0,0.04606,8719.0,0.04607,2744.0
1753617171746,11:52:51.746,phemex,ACT/USDT:USDT,0.04605,4159.0,0.04604,11605.0,0.04607,16861.0,0.04608,2795.0
1753617171758,11:52:51.758,phemex,ACT/USDT:USDT,0.04605,4159.0,0.04604,11605.0,0.04607,14117.0,0.04608,2795.0
1753617171798,11:52:51.798,phemex,ACT/USDT:USDT,0.04605,4159.0,0.04604,11605.0,0.04607,4745.0,0.04608,2795.0
1753617171817,11:52:51.817,phemex,ACT/USDT:USDT,0.04605,4159.0,0.04604,11605.0,0.04608,6603.0,0.04609,2706.0
1753617171836,11:52:51.836,phemex,ACT/USDT:USDT,0.04605,4159.0,0.04604,11605.0,0.04608,6603.0,0.04609,2706.0
1753617171851,11:52:51.851,phemex,ACT/USDT:USDT,0.04606,2744.0,0.04605,4159.0,0.04608,6603.0,0.04609,2706.0
1753617172331,11:52:52.331,phemex,ACT/USDT:USDT,0.04606,2744.0,0.04605,6903.0,0.04608,6603.0,0.04609,2706.0
1753617172747,11:52:52.747,phemex,ACT/USDT:USDT,0.04606,2744.0,0.04605,6903.0,0.04607,2744.0,0.04608,6603.0
1753617172783,11:52:52.783,phemex,ACT/USDT:USDT,0.04606,2744.0,0.04605,6903.0,0.04608,6603.0,0.04609,2706.0
1753617172824,11:52:52.824,phemex,ACT/USDT:USDT,0.04606,2744.0,0.04605,6903.0,0.04607,2744.0,0.04608,6603.0
1753617172824,11:52:52.824,phemex,ACT/USDT:USDT,0.04606,2744.0,0.04605,6903.0,0.04607,2744.0,0.04608,6603.0
1753617172859,11:52:52.859,phemex,ACT/USDT:USDT,0.04606,2744.0,0.04605,6903.0,0.04608,6603.0,0.04609,2706.0
1753617172888,11:52:52.888,phemex,ACT/USDT:USDT,0.04606,2744.0,0.04605,6903.0,0.04608,6603.0,0.04609,2706.0
1753617173302,11:52:53.302,phemex,ACT/USDT:USDT,0.04606,2744.0,0.04605,6903.0,0.04607,2744.0,0.04608,6603.0
1753617173325,11:52:53.325,phemex,ACT/USDT:USDT,0.04606,2744.0,0.04605,6903.0,0.04608,6603.0,0.04609,2706.0
1753617173519,11:52:53.519,phemex,ACT/USDT:USDT,0.04606,2744.0,0.04605,6903.0,0.04607,2744.0,0.04608,6603.0
1753617173722,11:52:53.722,phemex,ACT/USDT:USDT,0.04606,2744.0,0.04605,6903.0,0.04608,6603.0,0.04609,2706.0
1753617173774,11:52:53.774,phemex,ACT/USDT:USDT,0.04606,2744.0,0.04605,6903.0,0.04608,6603.0,0.04609,2706.0
1753617173775,11:52:53.775,phemex,ACT/USDT:USDT,0.04606,2744.0,0.04605,6903.0,0.04607,2744.0,0.04608,6603.0
1753617174058,11:52:54.058,phemex,ACT/USDT:USDT,0.04606,2744.0,0.04605,6903.0,0.04608,6603.0,0.04609,2706.0
1753617174077,11:52:54.077,phemex,ACT/USDT:USDT,0.04606,2744.0,0.04605,6903.0,0.04608,6603.0,0.04609,2706.0
1753617174392,11:52:54.392,phemex,ACT/USDT:USDT,0.04606,2744.0,0.04605,6903.0,0.04607,2708.0,0.04608,6603.0
1753617174406,11:52:54.406,phemex,ACT/USDT:USDT,0.04606,2744.0,0.04605,6903.0,0.04607,2708.0,0.04608,6603.0
1753617174604,11:52:54.604,phemex,ACT/USDT:USDT,0.04606,2744.0,0.04605,6903.0,0.04608,6603.0,0.04609,2706.0
1753617174627,11:52:54.627,phemex,ACT/USDT:USDT,0.04606,2744.0,0.04605,6903.0,0.04608,6603.0,0.04609,2706.0
1753617174999,11:52:54.999,phemex,ACT/USDT:USDT,0.04606,2744.0,0.04605,6903.0,0.04607,2708.0,0.04608,6603.0
1753617175259,11:52:55.259,phemex,ACT/USDT:USDT,0.04606,12048.0,0.04605,9619.0,0.04607,2708.0,0.04608,6603.0
1753617175888,11:52:55.888,phemex,ACT/USDT:USDT,0.04606,9304.0,0.04605,9619.0,0.04607,2708.0,0.04608,6603.0
1753617179565,11:52:59.565,phemex,ACT/USDT:USDT,0.04604,4785.0,0.04603,12743.0,0.04607,7060.0,0.04608,13977.0
1753617179590,11:52:59.590,phemex,ACT/USDT:USDT,0.04604,4785.0,0.04603,12743.0,0.04606,2708.0,0.04607,7060.0
1753617179609,11:52:59.609,phemex,ACT/USDT:USDT,0.04604,4785.0,0.04603,12743.0,0.04606,2708.0,0.04607,7060.0
1753617179891,11:52:59.891,phemex,ACT/USDT:USDT,0.04604,4735.0,0.04603,12743.0,0.04606,2708.0,0.04607,7060.0
1753617180471,11:53:00.471,phemex,ACT/USDT:USDT,0.04604,4735.0,0.04603,12743.0,0.04606,2708.0,0.04607,7060.0
1753617180479,11:53:00.479,phemex,ACT/USDT:USDT,0.04604,4735.0,0.04603,12743.0,0.04606,2708.0,0.04607,7060.0
1753617182107,11:53:02.107,phemex,ACT/USDT:USDT,0.04605,2708.0,0.04604,4735.0,0.04606,2708.0,0.04607,7060.0
1753617182163,11:53:02.163,phemex,ACT/USDT:USDT,0.04604,4735.0,0.04603,12743.0,0.04606,2708.0,0.04607,7060.0
1753617182190,11:53:02.190,phemex,ACT/USDT:USDT,0.04604,4735.0,0.04603,12743.0,0.04606,2708.0,0.04607,7060.0
1753617182388,11:53:02.388,phemex,ACT/USDT:USDT,0.04604,4735.0,0.04603,12743.0,0.04606,2708.0,0.04607,7060.0
1753617182530,11:53:02.530,phemex,ACT/USDT:USDT,0.04605,2708.0,0.04604,4735.0,0.04606,2708.0,0.04607,7060.0
1753617182642,11:53:02.642,phemex,ACT/USDT:USDT,0.04605,2708.0,0.04604,4735.0,0.04607,7060.0,0.04608,13977.0
1753617182662,11:53:02.662,phemex,ACT/USDT:USDT,0.04605,2708.0,0.04604,7443.0,0.04607,7060.0,0.04608,13977.0
1753617182668,11:53:02.668,phemex,ACT/USDT:USDT,0.04605,2708.0,0.04604,7443.0,0.04607,4352.0,0.04608,13977.0
1753617182721,11:53:02.721,phemex,ACT/USDT:USDT,0.04605,2708.0,0.04604,7443.0,0.04607,4352.0,0.04608,13977.0
1753617182730,11:53:02.730,phemex,ACT/USDT:USDT,0.04605,2708.0,0.04604,7443.0,0.04608,5620.0,0.04609,2706.0
1753617182807,11:53:02.807,phemex,ACT/USDT:USDT,0.04605,2708.0,0.04604,7443.0,0.04608,5620.0,0.04609,2706.0
1753617182868,11:53:02.868,phemex,ACT/USDT:USDT,0.04605,2708.0,0.04604,7443.0,0.04607,2708.0,0.04608,5620.0
1753617182927,11:53:02.927,phemex,ACT/USDT:USDT,0.04605,2708.0,0.04604,7443.0,0.04608,5620.0,0.04609,2706.0
1753617182956,11:53:02.956,phemex,ACT/USDT:USDT,0.04605,2708.0,0.04604,7443.0,0.04608,5620.0,0.04609,2706.0
1753617182972,11:53:02.972,phemex,ACT/USDT:USDT,0.04605,2708.0,0.04604,7443.0,0.04608,5620.0,0.04609,2706.0
1753617183103,11:53:03.103,phemex,ACT/USDT:USDT,0.04605,2708.0,0.04604,7443.0,0.04607,2708.0,0.04608,5620.0
1753617183311,11:53:03.311,phemex,ACT/USDT:USDT,0.04605,2708.0,0.04604,7443.0,0.04608,5620.0,0.04609,2706.0
1753617183323,11:53:03.323,phemex,ACT/USDT:USDT,0.04605,2708.0,0.04604,7443.0,0.04608,5620.0,0.04609,2706.0
1753617183639,11:53:03.639,phemex,ACT/USDT:USDT,0.04605,2708.0,0.04604,7443.0,0.04608,2825.0,0.04609,2706.0
1753617183842,11:53:03.842,phemex,ACT/USDT:USDT,0.04605,2708.0,0.04604,7443.0,0.04609,10259.0,0.0461,7559.0
1753617183974,11:53:03.974,phemex,ACT/USDT:USDT,0.04605,2708.0,0.04604,7443.0,0.04609,10259.0,0.0461,7559.0
1753617184902,11:53:04.902,phemex,ACT/USDT:USDT,0.04608,4715.0,0.04607,11216.0,0.04609,10259.0,0.0461,7559.0
1753617184936,11:53:04.936,phemex,ACT/USDT:USDT,0.04608,4715.0,0.04607,11216.0,0.04609,10259.0,0.0461,7559.0
1753617185858,11:53:05.858,phemex,ACT/USDT:USDT,0.04606,8818.0,0.04605,2708.0,0.04609,10259.0,0.0461,7559.0
1753617185883,11:53:05.883,phemex,ACT/USDT:USDT,0.04607,2685.0,0.04606,8818.0,0.04608,2685.0,0.04609,10259.0
1753617189642,11:53:09.642,phemex,ACT/USDT:USDT,0.04607,2685.0,0.04606,8818.0,0.04609,10259.0,0.0461,7559.0
1753617189660,11:53:09.660,phemex,ACT/USDT:USDT,0.04607,2685.0,0.04606,8818.0,0.04608,2685.0,0.04609,10259.0
1753617189676,11:53:09.676,phemex,ACT/USDT:USDT,0.04607,2685.0,0.04606,8818.0,0.04608,2685.0,0.04609,10259.0
1753617189749,11:53:09.749,phemex,ACT/USDT:USDT,0.04607,2685.0,0.04606,8818.0,0.04608,2685.0,0.04609,10259.0
1753617189774,11:53:09.774,phemex,ACT/USDT:USDT,0.04607,2685.0,0.04606,8818.0,0.04608,2685.0,0.04609,10259.0
1753617191384,11:53:11.384,phemex,ACT/USDT:USDT,0.04606,11995.0,0.04605,7203.0,0.04608,5321.0,0.04609,7506.0
1753617191396,11:53:11.396,phemex,ACT/USDT:USDT,0.04607,3910.0,0.04606,11995.0,0.04608,9324.0,0.04609,7506.0
1753617192446,11:53:12.446,phemex,ACT/USDT:USDT,0.04607,3910.0,0.04606,11995.0,0.04608,9324.0,0.04609,7506.0
1753617192475,11:53:12.475,phemex,ACT/USDT:USDT,0.04607,3910.0,0.04606,11995.0,0.04608,9324.0,0.04609,7506.0
1753617195414,11:53:15.414,phemex,ACT/USDT:USDT,0.04607,3910.0,0.04606,11995.0,0.04608,6639.0,0.04609,7506.0
1753617195450,11:53:15.450,phemex,ACT/USDT:USDT,0.04607,3910.0,0.04606,11995.0,0.04608,6639.0,0.04609,7506.0
1753617197011,11:53:17.011,phemex,ACT/USDT:USDT,0.04607,7965.0,0.04606,5529.0,0.04609,3018.0,0.0461,10430.0
1753617197086,11:53:17.086,phemex,ACT/USDT:USDT,0.04608,2696.0,0.04607,15131.0,0.04609,3018.0,0.0461,10430.0
1753617198135,11:53:18.135,phemex,ACT/USDT:USDT,0.04608,2696.0,0.04607,15131.0,0.04609,2798.0,0.0461,10430.0
1753617199677,11:53:19.677,phemex,ACT/USDT:USDT,0.04608,2696.0,0.04607,15131.0,0.04609,2798.0,0.0461,10430.0
1753617199784,11:53:19.784,phemex,ACT/USDT:USDT,0.04607,15131.0,0.04606,16802.0,0.04609,2798.0,0.0461,10430.0
1753617199806,11:53:19.806,phemex,ACT/USDT:USDT,0.04607,15131.0,0.04606,16802.0,0.04609,2798.0,0.0461,10430.0
1753617199874,11:53:19.874,phemex,ACT/USDT:USDT,0.04608,2696.0,0.04607,15131.0,0.04609,2798.0,0.0461,10430.0
1753617199956,11:53:19.956,phemex,ACT/USDT:USDT,0.04607,15131.0,0.04606,16802.0,0.04609,2798.0,0.0461,10430.0
1753617199965,11:53:19.965,phemex,ACT/USDT:USDT,0.04607,15131.0,0.04606,16802.0,0.04609,2798.0,0.0461,10430.0
1753617199987,11:53:19.987,phemex,ACT/USDT:USDT,0.04607,15131.0,0.04606,16802.0,0.04608,2696.0,0.04609,2798.0
1753617200139,11:53:20.139,phemex,ACT/USDT:USDT,0.04607,6751.0,0.04606,2685.0,0.04608,2696.0,0.04609,2798.0
1753617200585,11:53:20.585,phemex,ACT/USDT:USDT,0.04607,6751.0,0.04606,2685.0,0.04608,2696.0,0.04609,2798.0
1753617200867,11:53:20.867,phemex,ACT/USDT:USDT,0.04607,6751.0,0.04606,2685.0,0.04609,2798.0,0.0461,10430.0
1753617200926,11:53:20.926,phemex,ACT/USDT:USDT,0.04607,6751.0,0.04606,2685.0,0.04609,2798.0,0.0461,10430.0
1753617201026,11:53:21.026,phemex,ACT/USDT:USDT,0.04607,6751.0,0.04606,2685.0,0.04608,2696.0,0.04609,2798.0
1753617201071,11:53:21.071,phemex,ACT/USDT:USDT,0.04607,6751.0,0.04606,2685.0,0.04609,2798.0,0.0461,10430.0
1753617201083,11:53:21.083,phemex,ACT/USDT:USDT,0.04607,6751.0,0.04606,2685.0,0.04609,2798.0,0.0461,10430.0
1753617201107,11:53:21.107,phemex,ACT/USDT:USDT,0.04607,6751.0,0.04606,2685.0,0.04608,2696.0,0.04609,2798.0
1753617201143,11:53:21.143,phemex,ACT/USDT:USDT,0.04607,6751.0,0.04606,2685.0,0.04609,2798.0,0.0461,10430.0
1753617201171,11:53:21.171,phemex,ACT/USDT:USDT,0.04607,6751.0,0.04606,2685.0,0.04609,2798.0,0.0461,10430.0
1753617201185,11:53:21.185,phemex,ACT/USDT:USDT,0.04608,2696.0,0.04607,6751.0,0.04609,2798.0,0.0461,10430.0
1753617201227,11:53:21.227,phemex,ACT/USDT:USDT,0.04608,2696.0,0.04607,6751.0,0.04609,2798.0,0.0461,10430.0
1753617201923,11:53:21.923,phemex,ACT/USDT:USDT,0.04607,6751.0,0.04606,2685.0,0.04609,2798.0,0.0461,10430.0
1753617201932,11:53:21.932,phemex,ACT/USDT:USDT,0.04607,6751.0,0.04606,2685.0,0.04609,2798.0,0.0461,10430.0
1753617202061,11:53:22.061,phemex,ACT/USDT:USDT,0.04608,2696.0,0.04607,6751.0,0.04609,2798.0,0.0461,10430.0
1753617202106,11:53:22.106,phemex,ACT/USDT:USDT,0.04608,6888.0,0.04607,6751.0,0.04609,2798.0,0.0461,13685.0
1753617202783,11:53:22.783,phemex,ACT/USDT:USDT,0.04608,4192.0,0.04607,6751.0,0.04609,2798.0,0.0461,13685.0
1753617205934,11:53:25.934,phemex,ACT/USDT:USDT,0.04608,4192.0,0.04607,13673.0,0.04609,2798.0,0.0461,13685.0
1753617207508,11:53:27.508,phemex,ACT/USDT:USDT,0.04608,4192.0,0.04607,13673.0,0.04611,7576.0,0.04612,14758.0
1753617207542,11:53:27.542,phemex,ACT/USDT:USDT,0.04609,2758.0,0.04608,4192.0,0.04611,7576.0,0.04612,14758.0
1753617207581,11:53:27.581,phemex,ACT/USDT:USDT,0.04609,2758.0,0.04608,4192.0,0.0461,2758.0,0.04611,7576.0
1753617207611,11:53:27.611,phemex,ACT/USDT:USDT,0.04609,5927.0,0.04608,4192.0,0.0461,2758.0,0.04611,7576.0
1753617207886,11:53:27.886,phemex,ACT/USDT:USDT,0.04609,5927.0,0.04608,4192.0,0.04611,7576.0,0.04612,14758.0
1753617207916,11:53:27.916,phemex,ACT/USDT:USDT,0.04609,5927.0,0.04608,4192.0,0.04611,7576.0,0.04612,11537.0
1753617207934,11:53:27.934,phemex,ACT/USDT:USDT,0.04609,5927.0,0.04608,4192.0,0.0461,2758.0,0.04611,7576.0
1753617207957,11:53:27.957,phemex,ACT/USDT:USDT,0.04609,5927.0,0.04608,4192.0,0.04611,7576.0,0.04612,11537.0
1753617207966,11:53:27.966,phemex,ACT/USDT:USDT,0.04609,5927.0,0.04608,4192.0,0.04611,7576.0,0.04612,11537.0
1753617208011,11:53:28.011,phemex,ACT/USDT:USDT,0.04609,5927.0,0.04608,4192.0,0.0461,2758.0,0.04611,7576.0
1753617208855,11:53:28.855,phemex,ACT/USDT:USDT,0.04609,3169.0,0.04608,4192.0,0.0461,2758.0,0.04611,7576.0
1753617209752,11:53:29.752,phemex,ACT/USDT:USDT,0.04609,3169.0,0.04608,4192.0,0.04611,7576.0,0.04612,11537.0
1753617209801,11:53:29.801,phemex,ACT/USDT:USDT,0.04609,3169.0,0.04608,4192.0,0.04611,7576.0,0.04612,11537.0
1753617209897,11:53:29.897,phemex,ACT/USDT:USDT,0.04609,3169.0,0.04608,6950.0,0.04611,7576.0,0.04612,11537.0
1753617209937,11:53:29.937,phemex,ACT/USDT:USDT,0.0461,2758.0,0.04609,3169.0,0.04611,7576.0,0.04612,11537.0
1753617210171,11:53:30.171,phemex,ACT/USDT:USDT,0.04609,3169.0,0.04608,6950.0,0.04611,7576.0,0.04612,11537.0
1753617210238,11:53:30.238,phemex,ACT/USDT:USDT,0.04609,3169.0,0.04608,6950.0,0.04611,7576.0,0.04612,11537.0
1753617210247,11:53:30.247,phemex,ACT/USDT:USDT,0.0461,2758.0,0.04609,3169.0,0.04611,7576.0,0.04612,11537.0
1753617210276,11:53:30.276,phemex,ACT/USDT:USDT,0.04609,3169.0,0.04608,6950.0,0.04611,7576.0,0.04612,11537.0
1753617210633,11:53:30.633,phemex,ACT/USDT:USDT,0.0461,2758.0,0.04609,3169.0,0.04611,7576.0,0.04612,11537.0
1753617211074,11:53:31.074,phemex,ACT/USDT:USDT,0.04609,3169.0,0.04608,6950.0,0.04611,7576.0,0.04612,11537.0
1753617211270,11:53:31.270,phemex,ACT/USDT:USDT,0.0461,2758.0,0.04609,3169.0,0.04611,7576.0,0.04612,11537.0
1753617211305,11:53:31.305,phemex,ACT/USDT:USDT,0.04609,6280.0,0.04608,11690.0,0.04611,7576.0,0.04612,11537.0
1753617211363,11:53:31.363,phemex,ACT/USDT:USDT,0.04609,6280.0,0.04608,11690.0,0.04611,7576.0,0.04612,11537.0
1753617211731,11:53:31.731,phemex,ACT/USDT:USDT,0.0461,2758.0,0.04609,6280.0,0.04611,7576.0,0.04612,11537.0
1753617211780,11:53:31.780,phemex,ACT/USDT:USDT,0.04609,6280.0,0.04608,11690.0,0.04611,4814.0,0.04612,11537.0
1753617211815,11:53:31.815,phemex,ACT/USDT:USDT,0.0461,2758.0,0.04609,6280.0,0.04611,4814.0,0.04612,11537.0
1753617211890,11:53:31.890,phemex,ACT/USDT:USDT,0.0461,2758.0,0.04609,6280.0,0.04611,4814.0,0.04612,11537.0
1753617212168,11:53:32.168,phemex,ACT/USDT:USDT,0.0461,2758.0,0.04609,6280.0,0.04612,6990.0,0.04614,20973.0
1753617212176,11:53:32.176,phemex,ACT/USDT:USDT,0.0461,2758.0,0.04609,6280.0,0.04612,6990.0,0.04614,20973.0
1753617212187,11:53:32.187,phemex,ACT/USDT:USDT,0.0461,2758.0,0.04609,6280.0,0.04612,6990.0,0.04614,20973.0
1753617212741,11:53:32.741,phemex,ACT/USDT:USDT,0.0461,2758.0,0.04609,6280.0,0.04612,6990.0,0.04614,20973.0
1753617212765,11:53:32.765,phemex,ACT/USDT:USDT,0.0461,5574.0,0.04609,6280.0,0.04612,6990.0,0.04614,20973.0
1753617212809,11:53:32.809,phemex,ACT/USDT:USDT,0.04611,2758.0,0.0461,5574.0,0.04612,6990.0,0.04614,20973.0
1753617213525,11:53:33.525,phemex,ACT/USDT:USDT,0.0461,5574.0,0.04609,6280.0,0.04612,6990.0,0.04614,20973.0
1753617213540,11:53:33.540,phemex,ACT/USDT:USDT,0.04611,2758.0,0.0461,5574.0,0.04612,6990.0,0.04614,20973.0
1753617214271,11:53:34.271,phemex,ACT/USDT:USDT,0.0461,5574.0,0.04609,6280.0,0.04612,6990.0,0.04614,20973.0
1753617214356,11:53:34.356,phemex,ACT/USDT:USDT,0.04611,2789.0,0.0461,5574.0,0.04612,6990.0,0.04614,20973.0
1753617214715,11:53:34.715,phemex,ACT/USDT:USDT,0.0461,5574.0,0.04609,6280.0,0.04612,6990.0,0.04614,20973.0
1753617214782,11:53:34.782,phemex,ACT/USDT:USDT,0.0461,5574.0,0.04609,6280.0,0.04611,2789.0,0.04612,6990.0
1753617214903,11:53:34.903,phemex,ACT/USDT:USDT,0.0461,5574.0,0.04609,6280.0,0.04612,6990.0,0.04614,20973.0
1753617214914,11:53:34.914,phemex,ACT/USDT:USDT,0.0461,5574.0,0.04609,6280.0,0.04612,6990.0,0.04614,20973.0
1753617214990,11:53:34.990,phemex,ACT/USDT:USDT,0.0461,5574.0,0.04609,6280.0,0.04611,2789.0,0.04612,6990.0
1753617215401,11:53:35.401,phemex,ACT/USDT:USDT,0.04611,2789.0,0.0461,5574.0,0.04612,6990.0,0.04614,20973.0
1753617215422,11:53:35.422,phemex,ACT/USDT:USDT,0.0461,5574.0,0.04609,6280.0,0.04612,6990.0,0.04614,20973.0
1753617215831,11:53:35.831,phemex,ACT/USDT:USDT,0.0461,5574.0,0.04609,6280.0,0.04612,6990.0,0.04614,20973.0
1753617217725,11:53:37.725,phemex,ACT/USDT:USDT,0.04611,2789.0,0.0461,5574.0,0.04612,6990.0,0.04614,20973.0
1753617217862,11:53:37.862,phemex,ACT/USDT:USDT,0.0461,5574.0,0.04609,6280.0,0.04612,6990.0,0.04614,20973.0
1753617217876,11:53:37.876,phemex,ACT/USDT:USDT,0.0461,5574.0,0.04609,6280.0,0.04612,6990.0,0.04614,20973.0
1753617217980,11:53:37.980,phemex,ACT/USDT:USDT,0.04611,2789.0,0.0461,5574.0,0.04612,6990.0,0.04614,20973.0
1753617217997,11:53:37.997,phemex,ACT/USDT:USDT,0.0461,5574.0,0.04609,6280.0,0.04612,6990.0,0.04614,20973.0
1753617218018,11:53:38.018,phemex,ACT/USDT:USDT,0.0461,5574.0,0.04609,6280.0,0.04612,6990.0,0.04614,20973.0
1753617218074,11:53:38.074,phemex,ACT/USDT:USDT,0.04611,2789.0,0.0461,5574.0,0.04612,6990.0,0.04614,20973.0
1753617218144,11:53:38.144,phemex,ACT/USDT:USDT,0.0461,5574.0,0.04609,6280.0,0.04612,6990.0,0.04614,20973.0
1753617218161,11:53:38.161,phemex,ACT/USDT:USDT,0.0461,5574.0,0.04609,6280.0,0.04612,6990.0,0.04614,20973.0
1753617218183,11:53:38.183,phemex,ACT/USDT:USDT,0.04611,2789.0,0.0461,5574.0,0.04612,6990.0,0.04614,20973.0
1753617218238,11:53:38.238,phemex,ACT/USDT:USDT,0.0461,5574.0,0.04609,6280.0,0.04612,6990.0,0.04614,20973.0
1753617218264,11:53:38.264,phemex,ACT/USDT:USDT,0.04611,2789.0,0.0461,5574.0,0.04612,6990.0,0.04614,20973.0
1753617218299,11:53:38.299,phemex,ACT/USDT:USDT,0.0461,5574.0,0.04609,6280.0,0.04612,6990.0,0.04614,20973.0
1753617218323,11:53:38.323,phemex,ACT/USDT:USDT,0.0461,5574.0,0.04609,6280.0,0.04612,6990.0,0.04614,20973.0
1753617218431,11:53:38.431,phemex,ACT/USDT:USDT,0.04611,2789.0,0.0461,5574.0,0.04612,6990.0,0.04614,20973.0
1753617218544,11:53:38.544,phemex,ACT/USDT:USDT,0.04611,2789.0,0.0461,5574.0,0.04612,4294.0,0.04614,20973.0
1753617218558,11:53:38.558,phemex,ACT/USDT:USDT,0.04611,2789.0,0.0461,5574.0,0.04612,4294.0,0.04613,2789.0
1753617219521,11:53:39.521,phemex,ACT/USDT:USDT,0.0461,5574.0,0.04609,6280.0,0.04612,4294.0,0.04613,2789.0
1753617219541,11:53:39.541,phemex,ACT/USDT:USDT,0.0461,5574.0,0.04609,6280.0,0.04612,4294.0,0.04613,2789.0
1753617219580,11:53:39.580,phemex,ACT/USDT:USDT,0.04611,2789.0,0.0461,5574.0,0.04612,4294.0,0.04613,2789.0
1753617219706,11:53:39.706,phemex,ACT/USDT:USDT,0.0461,5574.0,0.04609,6280.0,0.04612,4294.0,0.04613,2789.0
1753617219746,11:53:39.746,phemex,ACT/USDT:USDT,0.0461,5574.0,0.04609,6280.0,0.04612,4294.0,0.04613,2789.0
1753617219782,11:53:39.782,phemex,ACT/USDT:USDT,0.04611,2789.0,0.0461,5574.0,0.04612,4294.0,0.04613,2789.0
1753617219802,11:53:39.802,phemex,ACT/USDT:USDT,0.0461,5574.0,0.04609,6280.0,0.04612,4294.0,0.04613,2789.0
1753617219825,11:53:39.825,phemex,ACT/USDT:USDT,0.0461,5574.0,0.04609,6280.0,0.04612,4294.0,0.04613,2789.0
1753617219937,11:53:39.937,phemex,ACT/USDT:USDT,0.04611,2789.0,0.0461,5574.0,0.04612,4294.0,0.04613,2789.0
1753617219966,11:53:39.966,phemex,ACT/USDT:USDT,0.0461,5574.0,0.04609,6280.0,0.04612,4294.0,0.04613,2789.0
1753617220037,11:53:40.037,phemex,ACT/USDT:USDT,0.04611,2789.0,0.0461,5574.0,0.04612,4294.0,0.04613,2789.0
1753617220073,11:53:40.073,phemex,ACT/USDT:USDT,0.0461,5574.0,0.04609,6280.0,0.04612,4294.0,0.04613,2789.0
1753617220112,11:53:40.112,phemex,ACT/USDT:USDT,0.0461,5574.0,0.04609,6280.0,0.04612,4294.0,0.04613,2789.0
1753617220177,11:53:40.177,phemex,ACT/USDT:USDT,0.04611,2789.0,0.0461,5574.0,0.04612,4294.0,0.04613,2789.0
1753617220208,11:53:40.208,phemex,ACT/USDT:USDT,0.0461,5574.0,0.04609,6280.0,0.04612,4294.0,0.04613,2789.0
1753617220255,11:53:40.255,phemex,ACT/USDT:USDT,0.04611,2789.0,0.0461,5574.0,0.04612,4294.0,0.04613,2789.0
1753617220269,11:53:40.269,phemex,ACT/USDT:USDT,0.0461,5574.0,0.04609,6280.0,0.04612,4294.0,0.04613,2789.0
1753617220290,11:53:40.290,phemex,ACT/USDT:USDT,0.0461,5574.0,0.04609,6280.0,0.04612,4294.0,0.04613,2789.0
1753617220360,11:53:40.360,phemex,ACT/USDT:USDT,0.04611,2789.0,0.0461,5574.0,0.04612,4294.0,0.04613,2789.0
1753617220381,11:53:40.381,phemex,ACT/USDT:USDT,0.0461,5574.0,0.04609,6280.0,0.04612,4294.0,0.04613,2789.0
1753617220393,11:53:40.393,phemex,ACT/USDT:USDT,0.0461,5574.0,0.04609,6280.0,0.04612,4294.0,0.04613,2789.0
1753617220415,11:53:40.415,phemex,ACT/USDT:USDT,0.0461,5574.0,0.04609,6280.0,0.04612,4294.0,0.04613,2789.0
1753617220644,11:53:40.644,phemex,ACT/USDT:USDT,0.04611,2789.0,0.0461,5574.0,0.04612,4294.0,0.04613,2789.0
1753617220672,11:53:40.672,phemex,ACT/USDT:USDT,0.0461,5574.0,0.04609,6280.0,0.04612,4294.0,0.04613,2789.0
1753617221264,11:53:41.264,phemex,ACT/USDT:USDT,0.0461,5574.0,0.04609,6280.0,0.04612,4169.0,0.04613,2789.0
1753617221506,11:53:41.506,phemex,ACT/USDT:USDT,0.0461,5574.0,0.04609,11026.0,0.04612,8836.0,0.04613,7531.0
1753617222884,11:53:42.884,phemex,ACT/USDT:USDT,0.04611,6581.0,0.0461,5574.0,0.04612,8836.0,0.04613,7531.0
1753617222896,11:53:42.896,phemex,ACT/USDT:USDT,0.04611,6581.0,0.0461,5574.0,0.04612,8836.0,0.04613,7531.0
1753617222921,11:53:42.921,phemex,ACT/USDT:USDT,0.04611,6581.0,0.0461,5574.0,0.04612,8836.0,0.04613,7531.0
1753617223637,11:53:43.637,phemex,ACT/USDT:USDT,0.04611,6581.0,0.0461,5574.0,0.04613,2789.0,0.04614,11925.0
1753617223657,11:53:43.657,phemex,ACT/USDT:USDT,0.04612,2789.0,0.04611,6581.0,0.04613,2789.0,0.04614,11925.0
1753617223675,11:53:43.675,phemex,ACT/USDT:USDT,0.04612,2789.0,0.04611,6581.0,0.04613,2789.0,0.04614,11925.0
1753617223695,11:53:43.695,phemex,ACT/USDT:USDT,0.04612,2789.0,0.04611,6581.0,0.04613,2789.0,0.04614,11925.0
1753617223762,11:53:43.762,phemex,ACT/USDT:USDT,0.04611,6581.0,0.0461,5574.0,0.04613,2789.0,0.04614,11925.0
1753617223783,11:53:43.783,phemex,ACT/USDT:USDT,0.04611,6581.0,0.0461,5574.0,0.04613,2789.0,0.04614,11925.0
1753617223797,11:53:43.797,phemex,ACT/USDT:USDT,0.04611,6581.0,0.0461,5574.0,0.04613,2789.0,0.04614,11925.0
1753617225025,11:53:45.025,phemex,ACT/USDT:USDT,0.04612,2720.0,0.04611,6581.0,0.04613,2789.0,0.04614,11925.0
1753617225095,11:53:45.095,phemex,ACT/USDT:USDT,0.04611,6581.0,0.0461,5574.0,0.04613,2789.0,0.04614,11925.0
1753617225730,11:53:45.730,phemex,ACT/USDT:USDT,0.04611,3792.0,0.0461,5574.0,0.04613,2789.0,0.04614,11925.0
1753617225790,11:53:45.790,phemex,ACT/USDT:USDT,0.04611,3792.0,0.0461,5574.0,0.04613,2789.0,0.04614,11925.0
1753617225813,11:53:45.813,phemex,ACT/USDT:USDT,0.04609,7857.0,0.04608,13716.0,0.04613,2789.0,0.04614,11925.0
1753617225827,11:53:45.827,phemex,ACT/USDT:USDT,0.0461,2720.0,0.04609,7857.0,0.04613,2789.0,0.04614,11925.0
1753617225866,11:53:45.866,phemex,ACT/USDT:USDT,0.0461,2720.0,0.04609,7857.0,0.04613,2789.0,0.04614,11925.0
1753617225888,11:53:45.888,phemex,ACT/USDT:USDT,0.0461,2720.0,0.04609,7857.0,0.04613,2789.0,0.04614,11925.0
1753617226984,11:53:46.984,phemex,ACT/USDT:USDT,0.0461,2720.0,0.04609,4533.0,0.04613,2789.0,0.04614,11925.0
1753617227069,11:53:47.069,phemex,ACT/USDT:USDT,0.0461,2720.0,0.04609,7253.0,0.04613,2789.0,0.04614,11925.0
1753617228928,11:53:48.928,phemex,ACT/USDT:USDT,0.0461,2720.0,0.04609,7253.0,0.04612,7944.0,0.04613,10228.0
1753617228959,11:53:48.959,phemex,ACT/USDT:USDT,0.0461,2720.0,0.04609,7253.0,0.04612,7944.0,0.04613,10228.0
1753617228962,11:53:48.962,phemex,ACT/USDT:USDT,0.0461,2720.0,0.04609,7253.0,0.04612,7944.0,0.04613,10228.0
1753617229362,11:53:49.362,phemex,ACT/USDT:USDT,0.0461,2720.0,0.04609,7253.0,0.04613,3058.0,0.04614,2741.0
1753617229373,11:53:49.373,phemex,ACT/USDT:USDT,0.0461,2720.0,0.04609,7253.0,0.04613,3058.0,0.04614,2741.0
1753617230241,11:53:50.241,phemex,ACT/USDT:USDT,0.0461,2720.0,0.04609,7253.0,0.04614,6832.0,0.04615,7398.0
1753617230478,11:53:50.478,phemex,ACT/USDT:USDT,0.0461,2720.0,0.04609,7253.0,0.04614,2720.0,0.04615,10717.0
1753617230570,11:53:50.570,phemex,ACT/USDT:USDT,0.0461,2720.0,0.04609,7253.0,0.04614,2720.0,0.04615,10717.0
1753617230668,11:53:50.668,phemex,ACT/USDT:USDT,0.0461,2720.0,0.04609,7253.0,0.04615,10717.0,0.04616,2741.0
1753617230693,11:53:50.693,phemex,ACT/USDT:USDT,0.0461,2720.0,0.04609,7253.0,0.04615,10717.0,0.04616,2741.0
1753617230714,11:53:50.714,phemex,ACT/USDT:USDT,0.0461,2720.0,0.04609,7253.0,0.04614,2720.0,0.04615,10717.0
1753617230846,11:53:50.846,phemex,ACT/USDT:USDT,0.04613,7011.0,0.04611,4498.0,0.04614,2720.0,0.04615,10717.0
1753617230854,11:53:50.854,phemex,ACT/USDT:USDT,0.04613,7011.0,0.04611,4498.0,0.04614,2720.0,0.04615,10717.0
1753617230875,11:53:50.875,phemex,ACT/USDT:USDT,0.04613,7011.0,0.04612,2720.0,0.04615,10717.0,0.04616,2741.0
1753617230916,11:53:50.916,phemex,ACT/USDT:USDT,0.04613,7011.0,0.04612,2720.0,0.04614,2720.0,0.04615,10717.0
1753617231504,11:53:51.504,phemex,ACT/USDT:USDT,0.04613,7011.0,0.04611,7218.0,0.04614,2720.0,0.04615,10717.0
1753617231524,11:53:51.524,phemex,ACT/USDT:USDT,0.04613,7011.0,0.04611,7218.0,0.04614,2720.0,0.04615,10717.0
1753617231552,11:53:51.552,phemex,ACT/USDT:USDT,0.04612,2863.0,0.04611,7218.0,0.04614,2720.0,0.04615,10717.0
1753617232151,11:53:52.151,phemex,ACT/USDT:USDT,0.04612,8870.0,0.04611,7218.0,0.04614,2720.0,0.04615,10717.0
1753617232493,11:53:52.493,phemex,ACT/USDT:USDT,0.04612,7920.0,0.04611,7218.0,0.04614,2720.0,0.04615,10717.0
1753617232673,11:53:52.673,phemex,ACT/USDT:USDT,0.04611,2702.0,0.0461,6633.0,0.04614,2720.0,0.04615,10717.0
1753617232699,11:53:52.699,phemex,ACT/USDT:USDT,0.04611,2702.0,0.0461,6633.0,0.04614,2720.0,0.04615,10717.0
1753617232699,11:53:52.699,phemex,ACT/USDT:USDT,0.04611,2702.0,0.0461,6633.0,0.04614,2720.0,0.04615,10717.0
1753617233458,11:53:53.458,phemex,ACT/USDT:USDT,0.04611,2352.0,0.0461,6633.0,0.04614,2720.0,0.04615,10717.0
1753617233804,11:53:53.804,phemex,ACT/USDT:USDT,0.0461,6133.0,0.04609,6035.0,0.04614,2720.0,0.04615,10717.0
1753617233821,11:53:53.821,phemex,ACT/USDT:USDT,0.04611,2720.0,0.0461,6133.0,0.04614,2720.0,0.04615,10717.0
1753617233964,11:53:53.964,phemex,ACT/USDT:USDT,0.0461,6133.0,0.04609,6035.0,0.04614,2720.0,0.04615,10717.0
1753617234192,11:53:54.192,phemex,ACT/USDT:USDT,0.04611,2720.0,0.0461,6133.0,0.04614,2720.0,0.04615,10717.0
1753617234232,11:53:54.232,phemex,ACT/USDT:USDT,0.0461,6133.0,0.04609,6035.0,0.04614,2720.0,0.04615,10717.0
1753617234271,11:53:54.271,phemex,ACT/USDT:USDT,0.0461,6133.0,0.04609,6035.0,0.04614,2720.0,0.04615,10717.0
1753617235875,11:53:55.875,phemex,ACT/USDT:USDT,0.04611,2692.0,0.0461,6133.0,0.04614,2720.0,0.04615,10717.0
1753617235888,11:53:55.888,phemex,ACT/USDT:USDT,0.04611,2692.0,0.0461,6133.0,0.04614,2720.0,0.04615,10717.0
1753617235904,11:53:55.904,phemex,ACT/USDT:USDT,0.0461,6133.0,0.04609,6035.0,0.04614,2720.0,0.04615,10717.0
1753617235909,11:53:55.909,phemex,ACT/USDT:USDT,0.0461,6133.0,0.04609,6035.0,0.04614,2720.0,0.04615,10717.0
1753617235956,11:53:55.956,phemex,ACT/USDT:USDT,0.0461,6133.0,0.04609,6035.0,0.04614,2720.0,0.04615,10717.0
1753617237741,11:53:57.741,phemex,ACT/USDT:USDT,0.0461,3413.0,0.04609,6035.0,0.04614,2720.0,0.04615,10717.0
1753617238301,11:53:58.301,phemex,ACT/USDT:USDT,0.0461,3413.0,0.04609,6035.0,0.04614,2720.0,0.04615,10717.0
1753617238310,11:53:58.310,phemex,ACT/USDT:USDT,0.0461,3413.0,0.04609,6035.0,0.04614,2720.0,0.04615,10717.0
1753617238923,11:53:58.923,phemex,ACT/USDT:USDT,0.04611,11571.0,0.0461,3413.0,0.04613,14003.0,0.04614,2720.0
1753617238944,11:53:58.944,phemex,ACT/USDT:USDT,0.04611,11571.0,0.0461,3413.0,0.04612,2692.0,0.04613,14003.0
1753617238964,11:53:58.964,phemex,ACT/USDT:USDT,0.04611,11571.0,0.0461,3413.0,0.04612,2692.0,0.04613,14003.0
1753617239254,11:53:59.254,phemex,ACT/USDT:USDT,0.04611,11571.0,0.0461,3413.0,0.04612,2692.0,0.04613,14003.0
1753617239261,11:53:59.261,phemex,ACT/USDT:USDT,0.04611,11571.0,0.0461,3413.0,0.04612,2692.0,0.04613,14003.0
1753617239801,11:53:59.801,phemex,ACT/USDT:USDT,0.04611,11571.0,0.0461,3413.0,0.04612,2692.0,0.04613,14003.0
1753617239851,11:53:59.851,phemex,ACT/USDT:USDT,0.0461,3864.0,0.04608,13328.0,0.04612,2692.0,0.04613,14003.0
1753617239879,11:53:59.879,phemex,ACT/USDT:USDT,0.0461,3864.0,0.04609,2692.0,0.04612,2692.0,0.04613,14003.0
1753617242473,11:54:02.473,phemex,ACT/USDT:USDT,0.0461,3864.0,0.04608,13328.0,0.04612,2692.0,0.04613,14003.0
1753617242525,11:54:02.525,phemex,ACT/USDT:USDT,0.04609,3916.0,0.04608,7251.0,0.04612,2692.0,0.04613,14003.0
1753617244671,11:54:04.671,phemex,ACT/USDT:USDT,0.04609,3916.0,0.04608,4493.0,0.04612,2692.0,0.04613,14003.0
1753617245066,11:54:05.066,phemex,ACT/USDT:USDT,0.04609,3916.0,0.04608,4493.0,0.0461,5433.0,0.04611,6203.0
1753617245083,11:54:05.083,phemex,ACT/USDT:USDT,0.04609,3916.0,0.04608,4493.0,0.0461,5433.0,0.04611,6203.0
1753617245272,11:54:05.272,phemex,ACT/USDT:USDT,0.04609,1716.0,0.04608,4493.0,0.0461,5433.0,0.04611,6203.0
1753617246044,11:54:06.044,phemex,ACT/USDT:USDT,0.04608,7203.0,0.04606,8717.0,0.0461,5433.0,0.04611,6203.0
1753617246201,11:54:06.201,phemex,ACT/USDT:USDT,0.04608,7203.0,0.04607,2717.0,0.04609,2717.0,0.0461,5433.0
1753617246203,11:54:06.203,phemex,ACT/USDT:USDT,0.04608,7203.0,0.04607,2717.0,0.04609,2717.0,0.0461,5433.0
1753617246287,11:54:06.287,phemex,ACT/USDT:USDT,0.04608,7203.0,0.04607,2717.0,0.04609,2717.0,0.0461,5433.0
1753617246338,11:54:06.338,phemex,ACT/USDT:USDT,0.04608,7203.0,0.04607,2717.0,0.04609,2717.0,0.0461,5433.0
1753617247209,11:54:07.209,phemex,ACT/USDT:USDT,0.04608,7203.0,0.04607,2717.0,0.04609,2717.0,0.0461,8150.0
1753617247236,11:54:07.236,phemex,ACT/USDT:USDT,0.04608,7203.0,0.04606,8717.0,0.04609,2717.0,0.0461,8150.0
1753617247257,11:54:07.257,phemex,ACT/USDT:USDT,0.04608,7203.0,0.04606,8717.0,0.04609,2717.0,0.0461,8150.0
1753617247326,11:54:07.326,phemex,ACT/USDT:USDT,0.04608,7203.0,0.04607,2717.0,0.04609,2717.0,0.0461,8150.0
1753617247375,11:54:07.375,phemex,ACT/USDT:USDT,0.04608,7203.0,0.04606,8717.0,0.04609,2717.0,0.0461,8150.0
1753617247413,11:54:07.413,phemex,ACT/USDT:USDT,0.04608,7203.0,0.04607,2717.0,0.04609,2717.0,0.0461,8150.0
1753617247928,11:54:07.928,phemex,ACT/USDT:USDT,0.04608,7203.0,0.04606,8717.0,0.04609,2717.0,0.0461,8150.0
1753617247968,11:54:07.968,phemex,ACT/USDT:USDT,0.04607,10564.0,0.04606,6934.0,0.04609,2717.0,0.0461,8150.0
1753617248000,11:54:08.000,phemex,ACT/USDT:USDT,0.04607,10564.0,0.04606,6934.0,0.04609,2717.0,0.0461,8150.0
1753617248020,11:54:08.020,phemex,ACT/USDT:USDT,0.04607,7847.0,0.04606,6934.0,0.04609,2717.0,0.0461,8150.0
1753617248433,11:54:08.433,phemex,ACT/USDT:USDT,0.04607,5107.0,0.04606,6934.0,0.04609,2717.0,0.0461,8150.0
1753617250894,11:54:10.894,phemex,ACT/USDT:USDT,0.04607,5107.0,0.04606,6934.0,0.04608,11022.0,0.04609,5330.0
1753617250927,11:54:10.927,phemex,ACT/USDT:USDT,0.04607,5107.0,0.04606,6934.0,0.04608,11022.0,0.04609,5330.0
1753617252134,11:54:12.134,phemex,ACT/USDT:USDT,0.04607,5107.0,0.04606,6934.0,0.04608,8728.0,0.04609,5330.0
1753617253515,11:54:13.515,phemex,ACT/USDT:USDT,0.04607,5107.0,0.04606,6934.0,0.04608,8728.0,0.04609,5330.0
1753617253530,11:54:13.530,phemex,ACT/USDT:USDT,0.04607,5107.0,0.04606,6934.0,0.04608,8728.0,0.04609,5330.0
1753617257827,11:54:17.827,phemex,ACT/USDT:USDT,0.04607,5107.0,0.04606,6934.0,0.04608,8458.0,0.04609,5330.0
1753617259070,11:54:19.070,phemex,ACT/USDT:USDT,0.04607,4997.0,0.04606,6934.0,0.04608,8458.0,0.04609,5330.0
1753617259500,11:54:19.500,phemex,ACT/USDT:USDT,0.04607,4997.0,0.04606,6934.0,0.04608,8458.0,0.04609,5330.0
1753617259502,11:54:19.502,phemex,ACT/USDT:USDT,0.04607,4997.0,0.04606,6934.0,0.04608,8458.0,0.04609,5330.0
1753617259634,11:54:19.634,phemex,ACT/USDT:USDT,0.04607,4997.0,0.04606,6934.0,0.04608,8458.0,0.04609,5330.0
1753617264517,11:54:24.517,phemex,ACT/USDT:USDT,0.04607,4933.0,0.04606,6934.0,0.04608,8458.0,0.04609,5330.0
1753617272320,11:54:32.320,phemex,ACT/USDT:USDT,0.04607,4933.0,0.04606,6934.0,0.04608,8458.0,0.04609,5330.0
1753617272323,11:54:32.323,phemex,ACT/USDT:USDT,0.04607,4933.0,0.04606,6934.0,0.04608,8458.0,0.04609,5330.0
1753617273538,11:54:33.538,phemex,ACT/USDT:USDT,0.04606,4249.0,0.04605,2708.0,0.04608,8458.0,0.04609,5330.0
1753617273562,11:54:33.562,phemex,ACT/USDT:USDT,0.04606,4249.0,0.04605,2708.0,0.04607,2701.0,0.04608,8458.0
1753617273665,11:54:33.665,phemex,ACT/USDT:USDT,0.04606,4249.0,0.04605,2708.0,0.04607,6584.0,0.04608,6328.0
1753617273689,11:54:33.689,phemex,ACT/USDT:USDT,0.04606,4249.0,0.04605,2708.0,0.04607,6584.0,0.04608,6328.0
1753617276002,11:54:36.002,phemex,ACT/USDT:USDT,0.04606,4249.0,0.04605,2708.0,0.04607,6584.0,0.04608,6328.0
1753617276031,11:54:36.031,phemex,ACT/USDT:USDT,0.04606,4249.0,0.04605,2708.0,0.04607,6584.0,0.04608,6328.0
1753617277891,11:54:37.891,phemex,ACT/USDT:USDT,0.04606,3609.0,0.04605,2708.0,0.04607,6584.0,0.04608,6328.0
1753617278295,11:54:38.295,phemex,ACT/USDT:USDT,0.04606,3609.0,0.04604,19855.0,0.04607,6584.0,0.04608,6328.0
1753617278335,11:54:38.335,phemex,ACT/USDT:USDT,0.04606,3609.0,0.04605,2764.0,0.04607,6584.0,0.04608,6328.0
1753617278342,11:54:38.342,phemex,ACT/USDT:USDT,0.04606,3609.0,0.04605,2764.0,0.04607,6584.0,0.04608,6328.0
1753617278879,11:54:38.879,phemex,ACT/USDT:USDT,0.04606,3609.0,0.04604,19855.0,0.04607,6584.0,0.04608,6328.0
1753617278913,11:54:38.913,phemex,ACT/USDT:USDT,0.04606,3609.0,0.04604,19855.0,0.04607,6584.0,0.04608,6328.0
1753617279143,11:54:39.143,phemex,ACT/USDT:USDT,0.04606,3609.0,0.04605,2764.0,0.04607,6584.0,0.04608,6328.0
1753617282508,11:54:42.508,phemex,ACT/USDT:USDT,0.04606,3609.0,0.04604,19855.0,0.04607,6584.0,0.04608,6328.0
1753617282541,11:54:42.541,phemex,ACT/USDT:USDT,0.04606,3609.0,0.04604,19855.0,0.04607,6584.0,0.04608,6328.0
1753617282940,11:54:42.940,phemex,ACT/USDT:USDT,0.04606,3609.0,0.04605,2764.0,0.04607,6584.0,0.04608,6328.0
1753617283138,11:54:43.138,phemex,ACT/USDT:USDT,0.04606,3609.0,0.04604,19855.0,0.04607,6584.0,0.04608,6328.0
1753617283166,11:54:43.166,phemex,ACT/USDT:USDT,0.04606,3609.0,0.04604,19855.0,0.04607,6584.0,0.04608,6328.0
1753617283617,11:54:43.617,phemex,ACT/USDT:USDT,0.04606,3609.0,0.04605,2764.0,0.04607,6584.0,0.04608,6328.0
1753617285673,11:54:45.673,phemex,ACT/USDT:USDT,0.04606,3609.0,0.04605,2766.0,0.04607,6584.0,0.04608,6328.0
1753617286211,11:54:46.211,phemex,ACT/USDT:USDT,0.04606,3609.0,0.04604,19855.0,0.04607,6584.0,0.04608,6328.0
1753617286224,11:54:46.224,phemex,ACT/USDT:USDT,0.04606,3609.0,0.04604,19855.0,0.04607,6584.0,0.04608,6328.0
1753617286243,11:54:46.243,phemex,ACT/USDT:USDT,0.04606,3609.0,0.04605,2766.0,0.04607,6584.0,0.04608,6328.0
1753617286351,11:54:46.351,phemex,ACT/USDT:USDT,0.04606,3609.0,0.04604,19855.0,0.04607,6584.0,0.04608,6328.0
1753617286365,11:54:46.365,phemex,ACT/USDT:USDT,0.04606,3609.0,0.04604,19855.0,0.04607,6584.0,0.04608,6328.0
1753617287112,11:54:47.112,phemex,ACT/USDT:USDT,0.04606,3609.0,0.04605,2766.0,0.04607,6584.0,0.04608,6328.0
1753617287539,11:54:47.539,phemex,ACT/USDT:USDT,0.04606,3609.0,0.04604,19855.0,0.04607,6584.0,0.04608,6328.0
1753617287560,11:54:47.560,phemex,ACT/USDT:USDT,0.04606,3609.0,0.04604,19855.0,0.04607,6584.0,0.04608,6328.0
1753617287867,11:54:47.867,phemex,ACT/USDT:USDT,0.04606,3339.0,0.04604,19855.0,0.04607,6584.0,0.04608,6328.0
1753617288509,11:54:48.509,phemex,ACT/USDT:USDT,0.04606,3339.0,0.04604,17147.0,0.04607,6584.0,0.04608,9094.0
1753617289086,11:54:49.086,phemex,ACT/USDT:USDT,0.04606,3339.0,0.04605,2766.0,0.04607,6584.0,0.04608,9094.0
1753617289101,11:54:49.101,phemex,ACT/USDT:USDT,0.04606,3339.0,0.04604,17147.0,0.04607,6584.0,0.04608,9094.0
1753617289121,11:54:49.121,phemex,ACT/USDT:USDT,0.04606,3339.0,0.04604,17147.0,0.04607,6584.0,0.04608,9094.0
1753617289462,11:54:49.462,phemex,ACT/USDT:USDT,0.04606,3089.0,0.04604,17147.0,0.04607,6584.0,0.04608,9094.0
1753617289505,11:54:49.505,phemex,ACT/USDT:USDT,0.04606,3089.0,0.04605,2766.0,0.04607,6584.0,0.04608,9094.0
1753617289546,11:54:49.546,phemex,ACT/USDT:USDT,0.04606,3089.0,0.04604,17147.0,0.04607,6584.0,0.04608,9094.0
1753617289568,11:54:49.568,phemex,ACT/USDT:USDT,0.04606,3089.0,0.04604,17147.0,0.04607,6584.0,0.04608,9094.0
1753617289609,11:54:49.609,phemex,ACT/USDT:USDT,0.04606,3089.0,0.04605,2766.0,0.04607,6584.0,0.04608,9094.0
1753617289628,11:54:49.628,phemex,ACT/USDT:USDT,0.04606,3089.0,0.04604,17147.0,0.04607,6584.0,0.04608,9094.0
1753617289654,11:54:49.654,phemex,ACT/USDT:USDT,0.04606,3089.0,0.04605,2766.0,0.04607,6584.0,0.04608,9094.0
1753617291459,11:54:51.459,phemex,ACT/USDT:USDT,0.04606,3019.0,0.04605,2766.0,0.04607,6584.0,0.04608,9094.0
1753617291459,11:54:51.459,phemex,ACT/USDT:USDT,0.04606,3019.0,0.04605,2766.0,0.04607,6584.0,0.04608,9094.0
1753617294751,11:54:54.751,phemex,ACT/USDT:USDT,0.04606,3019.0,0.04604,17147.0,0.04607,6584.0,0.04608,9094.0
1753617294781,11:54:54.781,phemex,ACT/USDT:USDT,0.04606,3019.0,0.04604,17147.0,0.04607,6584.0,0.04608,9094.0
1753617294814,11:54:54.814,phemex,ACT/USDT:USDT,0.04606,3019.0,0.04605,2745.0,0.04607,6584.0,0.04608,9094.0
1753617295346,11:54:55.346,phemex,ACT/USDT:USDT,0.04606,3019.0,0.04604,17147.0,0.04607,6584.0,0.04608,9094.0
1753617295372,11:54:55.372,phemex,ACT/USDT:USDT,0.04606,3019.0,0.04604,17147.0,0.04607,6584.0,0.04608,9094.0
1753617296562,11:54:56.562,phemex,ACT/USDT:USDT,0.04606,3019.0,0.04605,2745.0,0.04607,6584.0,0.04608,9094.0
1753617299560,11:54:59.560,phemex,ACT/USDT:USDT,0.04606,3019.0,0.04604,17147.0,0.04607,6584.0,0.04608,9094.0
1753617299589,11:54:59.589,phemex,ACT/USDT:USDT,0.04606,3019.0,0.04605,2745.0,0.04607,6584.0,0.04608,9094.0
1753617301043,11:55:01.043,phemex,ACT/USDT:USDT,0.04606,3019.0,0.04604,17147.0,0.04607,6584.0,0.04608,9094.0
1753617301078,11:55:01.078,phemex,ACT/USDT:USDT,0.04606,3019.0,0.04604,17147.0,0.04607,6584.0,0.04608,9094.0
1753617301168,11:55:01.168,phemex,ACT/USDT:USDT,0.04606,3019.0,0.04605,2745.0,0.04607,6584.0,0.04608,9094.0
1753617303388,11:55:03.388,phemex,ACT/USDT:USDT,0.04606,3019.0,0.04604,17147.0,0.04607,6584.0,0.04608,9094.0
1753617303445,11:55:03.445,phemex,ACT/USDT:USDT,0.04606,3019.0,0.04604,17147.0,0.04607,6584.0,0.04608,9094.0
1753617303447,11:55:03.447,phemex,ACT/USDT:USDT,0.04606,3019.0,0.04604,17147.0,0.04607,6584.0,0.04608,9094.0
1753617304656,11:55:04.656,phemex,ACT/USDT:USDT,0.04604,4309.0,0.04603,14165.0,0.04607,10819.0,0.04608,9094.0
1753617304702,11:55:04.702,phemex,ACT/USDT:USDT,0.04604,4309.0,0.04603,14165.0,0.04606,2818.0,0.04607,13827.0
1753617304763,11:55:04.763,phemex,ACT/USDT:USDT,0.04604,4309.0,0.04603,14165.0,0.04606,2818.0,0.04607,13827.0
1753617304971,11:55:04.971,phemex,ACT/USDT:USDT,0.04604,4309.0,0.04603,17922.0,0.04606,2818.0,0.04607,13827.0
1753617304990,11:55:04.990,phemex,ACT/USDT:USDT,0.04604,8315.0,0.04603,3757.0,0.04606,2818.0,0.04607,13827.0
1753617305012,11:55:05.012,phemex,ACT/USDT:USDT,0.04604,8315.0,0.04603,3757.0,0.04606,2818.0,0.04607,13827.0
1753617310397,11:55:10.397,phemex,ACT/USDT:USDT,0.04604,8315.0,0.04603,3757.0,0.04605,12874.0,0.04606,7184.0
1753617310417,11:55:10.417,phemex,ACT/USDT:USDT,0.04604,8315.0,0.04603,3757.0,0.04605,12874.0,0.04606,7184.0
1753617310429,11:55:10.429,phemex,ACT/USDT:USDT,0.04604,8315.0,0.04603,3757.0,0.04605,12874.0,0.04606,7184.0
1753617310452,11:55:10.452,phemex,ACT/USDT:USDT,0.04603,2881.0,0.04602,2708.0,0.04605,12874.0,0.04606,7184.0
1753617310483,11:55:10.483,phemex,ACT/USDT:USDT,0.04603,2881.0,0.04602,2708.0,0.04604,2818.0,0.04605,12874.0
1753617311326,11:55:11.326,phemex,ACT/USDT:USDT,0.04603,1611.0,0.04602,2708.0,0.04604,2818.0,0.04605,12874.0
1753617317268,11:55:17.268,phemex,ACT/USDT:USDT,0.04603,4971.0,0.04602,5492.0,0.04604,10794.0,0.04605,4559.0
1753617317295,11:55:17.295,phemex,ACT/USDT:USDT,0.04603,4971.0,0.04602,5492.0,0.04604,10794.0,0.04605,7288.0
1753617317341,11:55:17.341,phemex,ACT/USDT:USDT,0.04603,4971.0,0.04602,2784.0,0.04604,10794.0,0.04605,7288.0
1753617317500,11:55:17.500,phemex,ACT/USDT:USDT,0.04601,2715.0,0.046,16588.0,0.04604,10794.0,0.04605,7288.0
1753617317505,11:55:17.505,phemex,ACT/USDT:USDT,0.04601,2715.0,0.046,16588.0,0.04604,10794.0,0.04605,7288.0
1753617317509,11:55:17.509,phemex,ACT/USDT:USDT,0.046,16588.0,0.04599,9933.0,0.04603,2729.0,0.04604,10794.0
1753617317569,11:55:17.569,phemex,ACT/USDT:USDT,0.04601,2729.0,0.046,16588.0,0.04603,2729.0,0.04604,10794.0
1753617317601,11:55:17.601,phemex,ACT/USDT:USDT,0.046,16588.0,0.04599,35755.0,0.04603,2729.0,0.04604,10794.0
1753617317632,11:55:17.632,phemex,ACT/USDT:USDT,0.04601,2729.0,0.046,16588.0,0.04603,2729.0,0.04604,10794.0
1753617317673,11:55:17.673,phemex,ACT/USDT:USDT,0.04601,2729.0,0.046,16588.0,0.04603,2729.0,0.04604,10794.0
1753617318786,11:55:18.786,phemex,ACT/USDT:USDT,0.046,16588.0,0.04599,35755.0,0.04603,2729.0,0.04604,10794.0
1753617318809,11:55:18.809,phemex,ACT/USDT:USDT,0.046,16588.0,0.04599,9933.0,0.04603,2729.0,0.04604,10794.0
1753617318822,11:55:18.822,phemex,ACT/USDT:USDT,0.046,16588.0,0.04599,9933.0,0.04603,2729.0,0.04604,10794.0
1753617318839,11:55:18.839,phemex,ACT/USDT:USDT,0.04601,2729.0,0.046,16588.0,0.04603,2729.0,0.04604,10794.0
1753617318872,11:55:18.872,phemex,ACT/USDT:USDT,0.04601,2729.0,0.046,16588.0,0.04603,2729.0,0.04604,10794.0
1753617319124,11:55:19.124,phemex,ACT/USDT:USDT,0.046,16588.0,0.04599,35755.0,0.04603,2729.0,0.04604,10794.0
1753617319154,11:55:19.154,phemex,ACT/USDT:USDT,0.046,16588.0,0.04599,9933.0,0.04603,2729.0,0.04604,10794.0
1753617319164,11:55:19.164,phemex,ACT/USDT:USDT,0.04601,2729.0,0.046,16588.0,0.04603,2729.0,0.04604,10794.0
1753617319194,11:55:19.194,phemex,ACT/USDT:USDT,0.04601,2729.0,0.046,16588.0,0.04603,2729.0,0.04604,10794.0
1753617319863,11:55:19.863,phemex,ACT/USDT:USDT,0.046,16588.0,0.04599,35755.0,0.04603,2729.0,0.04604,10794.0
1753617319900,11:55:19.900,phemex,ACT/USDT:USDT,0.046,16588.0,0.04599,35755.0,0.04603,2729.0,0.04604,10794.0
1753617319930,11:55:19.930,phemex,ACT/USDT:USDT,0.046,16588.0,0.04599,9933.0,0.04603,2729.0,0.04604,10794.0
1753617320180,11:55:20.180,phemex,ACT/USDT:USDT,0.04601,8511.0,0.046,2729.0,0.04603,2729.0,0.04604,10794.0
1753617320285,11:55:20.285,phemex,ACT/USDT:USDT,0.04601,8511.0,0.04599,27254.0,0.04603,2729.0,0.04604,10794.0
1753617320297,11:55:20.297,phemex,ACT/USDT:USDT,0.04601,7911.0,0.04599,27254.0,0.04603,2729.0,0.04604,10794.0
1753617320394,11:55:20.394,phemex,ACT/USDT:USDT,0.04601,7911.0,0.04599,27254.0,0.04603,2729.0,0.04604,10794.0
1753617320418,11:55:20.418,phemex,ACT/USDT:USDT,0.04601,7911.0,0.046,2729.0,0.04603,2729.0,0.04604,10794.0
1753617320479,11:55:20.479,phemex,ACT/USDT:USDT,0.04601,7911.0,0.04599,27254.0,0.04603,2729.0,0.04604,10794.0
1753617320550,11:55:20.550,phemex,ACT/USDT:USDT,0.04601,7911.0,0.04599,27254.0,0.04603,2729.0,0.04604,10794.0
1753617320571,11:55:20.571,phemex,ACT/USDT:USDT,0.04601,7911.0,0.04599,27254.0,0.04603,2729.0,0.04604,10794.0
1753617320649,11:55:20.649,phemex,ACT/USDT:USDT,0.04601,7911.0,0.04599,27254.0,0.04603,2729.0,0.04604,10794.0
1753617320758,11:55:20.758,phemex,ACT/USDT:USDT,0.04601,7911.0,0.04599,27254.0,0.04603,2729.0,0.04604,10794.0
1753617321134,11:55:21.134,phemex,ACT/USDT:USDT,0.046,3661.0,0.04599,2695.0,0.04603,2729.0,0.04604,10794.0
1753617321780,11:55:21.780,phemex,ACT/USDT:USDT,0.046,3361.0,0.04599,2695.0,0.04603,2729.0,0.04604,10794.0
1753617322534,11:55:22.534,phemex,ACT/USDT:USDT,0.046,3361.0,0.04599,2695.0,0.04603,2729.0,0.04604,10794.0
1753617322876,11:55:22.876,phemex,ACT/USDT:USDT,0.046,3361.0,0.04599,2695.0,0.04602,15680.0,0.04603,10353.0
1753617322885,11:55:22.885,phemex,ACT/USDT:USDT,0.046,3361.0,0.04599,2695.0,0.04601,2729.0,0.04602,15680.0
1753617323146,11:55:23.146,phemex,ACT/USDT:USDT,0.046,3361.0,0.04599,2695.0,0.04601,2729.0,0.04602,15680.0
1753617323169,11:55:23.169,phemex,ACT/USDT:USDT,0.046,3361.0,0.04599,2695.0,0.04601,2729.0,0.04602,15680.0
1753617323171,11:55:23.171,phemex,ACT/USDT:USDT,0.046,3361.0,0.04599,2695.0,0.04601,2729.0,0.04602,15680.0
1753617323985,11:55:23.985,phemex,ACT/USDT:USDT,0.046,3361.0,0.04599,2695.0,0.04602,15680.0,0.04603,10353.0
1753617324002,11:55:24.002,phemex,ACT/USDT:USDT,0.046,3361.0,0.04599,2695.0,0.04601,2729.0,0.04602,15680.0
1753617324330,11:55:24.330,phemex,ACT/USDT:USDT,0.046,3361.0,0.04599,2695.0,0.04602,15680.0,0.04603,10353.0
1753617324367,11:55:24.367,phemex,ACT/USDT:USDT,0.046,3361.0,0.04599,2695.0,0.04603,6846.0,0.04604,18623.0
1753617324381,11:55:24.381,phemex,ACT/USDT:USDT,0.04601,2681.0,0.046,3361.0,0.04603,6846.0,0.04604,18623.0
1753617324403,11:55:24.403,phemex,ACT/USDT:USDT,0.04601,2681.0,0.046,3361.0,0.04603,6846.0,0.04604,18623.0
1753617324432,11:55:24.432,phemex,ACT/USDT:USDT,0.04601,2681.0,0.046,3361.0,0.04602,2681.0,0.04603,6846.0
1753617324535,11:55:24.535,phemex,ACT/USDT:USDT,0.046,3361.0,0.04599,2695.0,0.04602,2681.0,0.04603,6846.0
1753617324553,11:55:24.553,phemex,ACT/USDT:USDT,0.046,3361.0,0.04599,2695.0,0.04602,2681.0,0.04603,6846.0
1753617324604,11:55:24.604,phemex,ACT/USDT:USDT,0.04601,2681.0,0.046,3361.0,0.04602,2681.0,0.04603,6846.0
1753617325024,11:55:25.024,phemex,ACT/USDT:USDT,0.04601,2681.0,0.046,3361.0,0.04603,6846.0,0.04604,18623.0
1753617325040,11:55:25.040,phemex,ACT/USDT:USDT,0.04601,2681.0,0.046,3361.0,0.04603,6846.0,0.04604,18623.0
1753617325133,11:55:25.133,phemex,ACT/USDT:USDT,0.04601,2681.0,0.046,3361.0,0.04602,2681.0,0.04603,6846.0
1753617325251,11:55:25.251,phemex,ACT/USDT:USDT,0.046,3361.0,0.04599,2695.0,0.04602,2681.0,0.04603,6846.0
1753617325300,11:55:25.300,phemex,ACT/USDT:USDT,0.046,3361.0,0.04599,2695.0,0.04602,2681.0,0.04603,6846.0
1753617326304,11:55:26.304,phemex,ACT/USDT:USDT,0.04601,7718.0,0.046,6783.0,0.04602,2681.0,0.04603,6846.0
1753617327539,11:55:27.539,phemex,ACT/USDT:USDT,0.04599,6721.0,0.04598,35403.0,0.04602,2681.0,0.04603,6846.0
1753617327560,11:55:27.560,phemex,ACT/USDT:USDT,0.04599,6721.0,0.04598,9581.0,0.04602,2681.0,0.04603,6846.0
1753617327561,11:55:27.561,phemex,ACT/USDT:USDT,0.046,2681.0,0.04599,6721.0,0.04602,2681.0,0.04603,6846.0
1753617327620,11:55:27.620,phemex,ACT/USDT:USDT,0.046,2681.0,0.04599,6721.0,0.04602,2681.0,0.04603,6846.0
1753617328792,11:55:28.792,phemex,ACT/USDT:USDT,0.04599,6721.0,0.04598,35403.0,0.04602,2681.0,0.04603,6846.0
1753617328808,11:55:28.808,phemex,ACT/USDT:USDT,0.04599,6721.0,0.04598,9581.0,0.04602,2681.0,0.04603,6846.0
1753617328812,11:55:28.812,phemex,ACT/USDT:USDT,0.04599,6721.0,0.04598,9581.0,0.04602,2681.0,0.04603,6846.0
1753617329451,11:55:29.451,phemex,ACT/USDT:USDT,0.046,2681.0,0.04599,6721.0,0.04601,8430.0,0.04602,9290.0
1753617329461,11:55:29.461,phemex,ACT/USDT:USDT,0.046,2681.0,0.04599,6721.0,0.04601,8430.0,0.04602,9290.0
1753617329463,11:55:29.463,phemex,ACT/USDT:USDT,0.046,2681.0,0.04599,6721.0,0.04601,8430.0,0.04602,9290.0
1753617329952,11:55:29.952,phemex,ACT/USDT:USDT,0.04599,6721.0,0.04598,35403.0,0.04601,8430.0,0.04602,9290.0
1753617329995,11:55:29.995,phemex,ACT/USDT:USDT,0.04599,6721.0,0.04598,9581.0,0.04601,8430.0,0.04602,9290.0
1753617330190,11:55:30.190,phemex,ACT/USDT:USDT,0.04599,6721.0,0.04598,9581.0,0.04601,8080.0,0.04602,9290.0
1753617330347,11:55:30.347,phemex,ACT/USDT:USDT,0.04599,6721.0,0.04598,9581.0,0.046,2681.0,0.04601,8080.0
1753617330402,11:55:30.402,phemex,ACT/USDT:USDT,0.04599,6721.0,0.04598,9581.0,0.046,2681.0,0.04601,8080.0
1753617330457,11:55:30.457,phemex,ACT/USDT:USDT,0.04599,4026.0,0.04598,7275.0,0.046,2681.0,0.04601,8080.0
1753617330458,11:55:30.458,phemex,ACT/USDT:USDT,0.04599,4026.0,0.04598,10952.0,0.046,2681.0,0.04601,8080.0
1753617330505,11:55:30.505,phemex,ACT/USDT:USDT,0.04599,4026.0,0.04598,10952.0,0.046,2681.0,0.04601,8080.0
1753617330665,11:55:30.665,phemex,ACT/USDT:USDT,0.04599,4026.0,0.04598,10952.0,0.046,2681.0,0.04601,8080.0
1753617330680,11:55:30.680,phemex,ACT/USDT:USDT,0.04599,4026.0,0.04598,10952.0,0.04601,8080.0,0.04602,9290.0
1753617330698,11:55:30.698,phemex,ACT/USDT:USDT,0.04599,4026.0,0.04598,10952.0,0.04601,8080.0,0.04602,9290.0
1753617331570,11:55:31.570,phemex,ACT/USDT:USDT,0.04599,4026.0,0.04598,10952.0,0.04601,8080.0,0.04602,9290.0
1753617331760,11:55:31.760,phemex,ACT/USDT:USDT,0.04599,3182.0,0.04598,10952.0,0.04601,8080.0,0.04602,9290.0
1753617332341,11:55:32.341,phemex,ACT/USDT:USDT,0.046,2681.0,0.04599,3182.0,0.04601,8080.0,0.04602,9290.0
1753617332363,11:55:32.363,phemex,ACT/USDT:USDT,0.04599,3182.0,0.04598,36774.0,0.04601,8080.0,0.04602,9290.0
1753617332379,11:55:32.379,phemex,ACT/USDT:USDT,0.04599,3182.0,0.04598,10952.0,0.04601,8080.0,0.04602,9290.0
1753617332400,11:55:32.400,phemex,ACT/USDT:USDT,0.04599,3182.0,0.04598,10952.0,0.04601,8080.0,0.04602,9290.0
1753617332758,11:55:32.758,phemex,ACT/USDT:USDT,0.04599,3182.0,0.04598,10952.0,0.04601,7800.0,0.04602,9290.0
1753617333044,11:55:33.044,phemex,ACT/USDT:USDT,0.04599,3182.0,0.04598,10952.0,0.046,2681.0,0.04601,7800.0
1753617333645,11:55:33.645,phemex,ACT/USDT:USDT,0.04595,6595.0,0.04594,13144.0,0.046,2681.0,0.04601,7800.0
1753617333668,11:55:33.668,phemex,ACT/USDT:USDT,0.04596,2681.0,0.04595,6595.0,0.046,2681.0,0.04601,7800.0
1753617334721,11:55:34.721,phemex,ACT/USDT:USDT,0.04596,2681.0,0.04595,6595.0,0.046,2681.0,0.04601,10559.0
1753617335032,11:55:35.032,phemex,ACT/USDT:USDT,0.04596,2681.0,0.04595,6595.0,0.04598,8430.0,0.04599,7633.0
1753617335943,11:55:35.943,phemex,ACT/USDT:USDT,0.04596,2681.0,0.04595,6595.0,0.04598,8430.0,0.04599,7633.0
1753617335968,11:55:35.968,phemex,ACT/USDT:USDT,0.04596,2681.0,0.04595,6595.0,0.04598,8430.0,0.04599,7633.0
1753617337424,11:55:37.424,phemex,ACT/USDT:USDT,0.04596,2681.0,0.04595,6595.0,0.04598,6730.0,0.04599,7633.0
1753617343862,11:55:43.862,phemex,ACT/USDT:USDT,0.04596,2681.0,0.04595,6595.0,0.04598,6230.0,0.04599,7633.0
1753617344324,11:55:44.324,phemex,ACT/USDT:USDT,0.04596,2681.0,0.04595,6595.0,0.04598,6230.0,0.04599,7633.0
1753617344326,11:55:44.326,phemex,ACT/USDT:USDT,0.04596,2681.0,0.04595,6595.0,0.04598,6230.0,0.04599,7633.0
1753617344496,11:55:44.496,phemex,ACT/USDT:USDT,0.04596,2681.0,0.04595,6595.0,0.04598,6230.0,0.04599,7633.0
1753617344509,11:55:44.509,phemex,ACT/USDT:USDT,0.04596,2681.0,0.04595,6595.0,0.04598,6230.0,0.04599,7633.0
1753617345066,11:55:45.066,phemex,ACT/USDT:USDT,0.04596,2681.0,0.04595,6595.0,0.04597,2734.0,0.04598,6230.0
1753617345086,11:55:45.086,phemex,ACT/USDT:USDT,0.04596,2681.0,0.04595,6595.0,0.04598,6230.0,0.04599,7633.0
1753617345110,11:55:45.110,phemex,ACT/USDT:USDT,0.04596,2681.0,0.04595,6595.0,0.04598,6230.0,0.04599,7633.0
1753617345141,11:55:45.141,phemex,ACT/USDT:USDT,0.04596,2681.0,0.04595,6595.0,0.04597,2734.0,0.04598,6230.0
1753617345191,11:55:45.191,phemex,ACT/USDT:USDT,0.04596,2681.0,0.04595,6595.0,0.04598,6230.0,0.04599,7633.0
1753617345208,11:55:45.208,phemex,ACT/USDT:USDT,0.04596,2681.0,0.04595,6595.0,0.04598,6230.0,0.04599,7633.0
1753617346588,11:55:46.588,phemex,ACT/USDT:USDT,0.04596,2681.0,0.04595,6595.0,0.04598,6230.0,0.04599,7633.0
1753617346717,11:55:46.717,phemex,ACT/USDT:USDT,0.04597,16628.0,0.04596,2681.0,0.04599,4653.0,0.046,2681.0
1753617346750,11:55:46.750,phemex,ACT/USDT:USDT,0.04598,2734.0,0.04597,16628.0,0.04599,4653.0,0.046,2681.0
1753617346772,11:55:46.772,phemex,ACT/USDT:USDT,0.04598,2734.0,0.04597,16628.0,0.04599,4653.0,0.046,2681.0
1753617346782,11:55:46.782,phemex,ACT/USDT:USDT,0.04597,16628.0,0.04596,2681.0,0.04599,4653.0,0.046,2681.0
1753617346924,11:55:46.924,phemex,ACT/USDT:USDT,0.04597,16628.0,0.04596,2681.0,0.04598,2734.0,0.04599,4653.0
1753617347213,11:55:47.213,phemex,ACT/USDT:USDT,0.04597,16628.0,0.04596,2681.0,0.04599,4653.0,0.046,2681.0
1753617347297,11:55:47.297,phemex,ACT/USDT:USDT,0.04598,2734.0,0.04597,16628.0,0.04599,4653.0,0.046,2681.0
1753617347332,11:55:47.332,phemex,ACT/USDT:USDT,0.04597,16628.0,0.04596,2681.0,0.04599,4653.0,0.046,2681.0
1753617347362,11:55:47.362,phemex,ACT/USDT:USDT,0.04598,2734.0,0.04597,16628.0,0.04599,4653.0,0.046,2681.0
1753617347524,11:55:47.524,phemex,ACT/USDT:USDT,0.04598,2734.0,0.04597,16628.0,0.046,6931.0,0.04601,11997.0
1753617347543,11:55:47.543,phemex,ACT/USDT:USDT,0.04598,2734.0,0.04597,16628.0,0.046,6931.0,0.04601,11997.0
1753617347641,11:55:47.641,phemex,ACT/USDT:USDT,0.04598,2734.0,0.04597,16628.0,0.046,4250.0,0.04601,11997.0
1753617350632,11:55:50.632,phemex,ACT/USDT:USDT,0.04598,2734.0,0.04597,16628.0,0.046,3200.0,0.04601,11997.0
1753617350660,11:55:50.660,phemex,ACT/USDT:USDT,0.04598,2734.0,0.04597,16628.0,0.04599,2734.0,0.046,3200.0
1753617350742,11:55:50.742,phemex,ACT/USDT:USDT,0.04598,2734.0,0.04597,16628.0,0.046,3200.0,0.04601,11997.0
1753617350783,11:55:50.783,phemex,ACT/USDT:USDT,0.04598,2734.0,0.04597,16628.0,0.046,3200.0,0.04601,11997.0
1753617351183,11:55:51.183,phemex,ACT/USDT:USDT,0.04598,2734.0,0.04597,16628.0,0.04599,2734.0,0.046,3200.0
1753617351229,11:55:51.229,phemex,ACT/USDT:USDT,0.04598,2734.0,0.04597,16628.0,0.04599,2734.0,0.046,3200.0
1753617353303,11:55:53.303,phemex,ACT/USDT:USDT,0.04598,2734.0,0.04597,16628.0,0.04599,2734.0,0.046,5934.0
1753617353986,11:55:53.986,phemex,ACT/USDT:USDT,0.04598,2734.0,0.04597,16628.0,0.046,5934.0,0.04601,11997.0
1753617354241,11:55:54.241,phemex,ACT/USDT:USDT,0.04598,2734.0,0.04597,16628.0,0.04599,2734.0,0.046,5934.0
1753617355349,11:55:55.349,phemex,ACT/USDT:USDT,0.04598,2734.0,0.04597,8351.0,0.04599,2734.0,0.046,9114.0
1753617355995,11:55:55.995,phemex,ACT/USDT:USDT,0.04598,2734.0,0.04597,8351.0,0.046,9114.0,0.04601,2759.0
1753617356010,11:55:56.010,phemex,ACT/USDT:USDT,0.04598,2734.0,0.04597,8351.0,0.046,9114.0,0.04601,2759.0
1753617356082,11:55:56.082,phemex,ACT/USDT:USDT,0.04598,2734.0,0.04597,8351.0,0.04599,2706.0,0.046,9114.0
1753617356113,11:55:56.113,phemex,ACT/USDT:USDT,0.04598,2734.0,0.04597,8351.0,0.046,9114.0,0.04601,2759.0
1753617356153,11:55:56.153,phemex,ACT/USDT:USDT,0.04598,2734.0,0.04597,8351.0,0.046,9114.0,0.04601,2759.0
1753617356154,11:55:56.154,phemex,ACT/USDT:USDT,0.04598,2734.0,0.04597,8351.0,0.04599,2706.0,0.046,9114.0
1753617356504,11:55:56.504,phemex,ACT/USDT:USDT,0.04598,2734.0,0.04597,8351.0,0.046,9114.0,0.04601,2759.0
1753617356538,11:55:56.538,phemex,ACT/USDT:USDT,0.04598,2734.0,0.04597,8351.0,0.04599,2706.0,0.046,9114.0
1753617356672,11:55:56.672,phemex,ACT/USDT:USDT,0.04597,8351.0,0.04596,15896.0,0.04599,2706.0,0.046,9114.0
1753617356707,11:55:56.707,phemex,ACT/USDT:USDT,0.04598,2706.0,0.04597,8351.0,0.04599,2706.0,0.046,9114.0
1753617357574,11:55:57.574,phemex,ACT/USDT:USDT,0.04597,8351.0,0.04596,15896.0,0.04599,2706.0,0.046,9114.0
1753617357611,11:55:57.611,phemex,ACT/USDT:USDT,0.04598,2706.0,0.04597,8351.0,0.04599,2706.0,0.046,9114.0
1753617357646,11:55:57.646,phemex,ACT/USDT:USDT,0.04597,8351.0,0.04596,15896.0,0.04599,2706.0,0.046,9114.0
1753617357678,11:55:57.678,phemex,ACT/USDT:USDT,0.04598,2706.0,0.04597,8351.0,0.04599,2706.0,0.046,9114.0
1753617358259,11:55:58.259,phemex,ACT/USDT:USDT,0.04597,8351.0,0.04596,15896.0,0.04599,2706.0,0.046,9114.0
1753617358574,11:55:58.574,phemex,ACT/USDT:USDT,0.04598,2706.0,0.04597,8351.0,0.04599,2706.0,0.046,9114.0
1753617358862,11:55:58.862,phemex,ACT/USDT:USDT,0.04597,8351.0,0.04596,15896.0,0.04599,2706.0,0.046,9114.0
1753617358941,11:55:58.941,phemex,ACT/USDT:USDT,0.04598,2706.0,0.04597,8351.0,0.04599,2706.0,0.046,9114.0
1753617358962,11:55:58.962,phemex,ACT/USDT:USDT,0.04597,8351.0,0.04596,66074.0,0.04599,2706.0,0.046,9114.0
1753617358997,11:55:58.997,phemex,ACT/USDT:USDT,0.04598,2706.0,0.04597,8351.0,0.04599,2706.0,0.046,9114.0
1753617359014,11:55:59.014,phemex,ACT/USDT:USDT,0.04598,2706.0,0.04597,8351.0,0.04599,2706.0,0.046,9114.0
1753617360664,11:56:00.664,phemex,ACT/USDT:USDT,0.04597,8351.0,0.04596,41718.0,0.04599,2706.0,0.046,9114.0
1753617360699,11:56:00.699,phemex,ACT/USDT:USDT,0.04597,8351.0,0.04596,15896.0,0.04599,2706.0,0.046,9114.0
1753617360743,11:56:00.743,phemex,ACT/USDT:USDT,0.04598,2706.0,0.04597,8351.0,0.04599,2706.0,0.046,9114.0
1753617360760,11:56:00.760,phemex,ACT/USDT:USDT,0.04598,2706.0,0.04597,8351.0,0.04599,2706.0,0.046,9114.0
1753617360781,11:56:00.781,phemex,ACT/USDT:USDT,0.04597,8351.0,0.04596,41718.0,0.04599,2706.0,0.046,9114.0
1753617360821,11:56:00.821,phemex,ACT/USDT:USDT,0.04597,8351.0,0.04596,15896.0,0.04599,2706.0,0.046,9114.0
1753617360838,11:56:00.838,phemex,ACT/USDT:USDT,0.04598,2706.0,0.04597,8351.0,0.04599,2706.0,0.046,9114.0
1753617360888,11:56:00.888,phemex,ACT/USDT:USDT,0.04598,2706.0,0.04597,8351.0,0.046,9114.0,0.04601,2759.0
1753617360978,11:56:00.978,phemex,ACT/USDT:USDT,0.04598,2706.0,0.04597,8351.0,0.046,9114.0,0.04601,2759.0
1753617361966,11:56:01.966,phemex,ACT/USDT:USDT,0.04599,8425.0,0.04598,11602.0,0.046,9114.0,0.04601,2759.0
1753617362019,11:56:02.019,phemex,ACT/USDT:USDT,0.04599,8425.0,0.04598,11602.0,0.046,9114.0,0.04601,2759.0
1753617362271,11:56:02.271,phemex,ACT/USDT:USDT,0.04599,8425.0,0.04598,11602.0,0.046,6380.0,0.04601,2759.0
1753617364571,11:56:04.571,phemex,ACT/USDT:USDT,0.04599,8425.0,0.04598,11602.0,0.04601,2759.0,0.04602,11567.0
1753617364847,11:56:04.847,phemex,ACT/USDT:USDT,0.04599,8425.0,0.04598,11602.0,0.04601,2759.0,0.04602,11567.0
1753617364893,11:56:04.893,phemex,ACT/USDT:USDT,0.04599,8425.0,0.04598,11602.0,0.04601,2759.0,0.04602,11567.0
1753617364994,11:56:04.994,phemex,ACT/USDT:USDT,0.04599,8025.0,0.04598,11602.0,0.04601,2759.0,0.04602,11567.0
1753617367475,11:56:07.475,phemex,ACT/USDT:USDT,0.04599,8025.0,0.04598,5316.0,0.04601,2759.0,0.04602,11567.0
1753617370102,11:56:10.102,phemex,ACT/USDT:USDT,0.04599,8025.0,0.04598,5316.0,0.046,4403.0,0.04601,14060.0
1753617370128,11:56:10.128,phemex,ACT/USDT:USDT,0.04599,8025.0,0.04598,5316.0,0.046,4403.0,0.04601,14060.0
1753617370424,11:56:10.424,phemex,ACT/USDT:USDT,0.04599,7735.0,0.04598,5316.0,0.046,4403.0,0.04601,14060.0
1753617376596,11:56:16.596,phemex,ACT/USDT:USDT,0.04599,7735.0,0.04598,8090.0,0.04601,2759.0,0.04602,8125.0
1753617376618,11:56:16.618,phemex,ACT/USDT:USDT,0.046,2685.0,0.04599,7735.0,0.04601,2759.0,0.04602,8125.0
1753617376630,11:56:16.630,phemex,ACT/USDT:USDT,0.046,2685.0,0.04599,7735.0,0.04602,8125.0,0.04603,7378.0
1753617376653,11:56:16.653,phemex,ACT/USDT:USDT,0.04599,7735.0,0.04598,8090.0,0.04602,8125.0,0.04603,7378.0
1753617376679,11:56:16.679,phemex,ACT/USDT:USDT,0.04599,7735.0,0.04598,8090.0,0.04601,2685.0,0.04602,8125.0
1753617376689,11:56:16.689,phemex,ACT/USDT:USDT,0.046,2685.0,0.04599,7735.0,0.04601,2685.0,0.04602,8125.0
1753617376786,11:56:16.786,phemex,ACT/USDT:USDT,0.04599,7735.0,0.04598,8090.0,0.04601,2685.0,0.04602,8125.0
1753617376815,11:56:16.815,phemex,ACT/USDT:USDT,0.04599,7735.0,0.04598,8090.0,0.04601,2685.0,0.04602,8125.0
1753617377142,11:56:17.142,phemex,ACT/USDT:USDT,0.046,2685.0,0.04599,7735.0,0.04601,2685.0,0.04602,8125.0
1753617377217,11:56:17.217,phemex,ACT/USDT:USDT,0.04599,7735.0,0.04598,8090.0,0.04601,2685.0,0.04602,8125.0
1753617377248,11:56:17.248,phemex,ACT/USDT:USDT,0.046,2685.0,0.04599,7735.0,0.04601,2685.0,0.04602,8125.0
1753617377944,11:56:17.944,phemex,ACT/USDT:USDT,0.04599,7735.0,0.04598,8090.0,0.04601,2685.0,0.04602,8125.0
1753617378023,11:56:18.023,phemex,ACT/USDT:USDT,0.04599,7735.0,0.04598,8090.0,0.04601,2685.0,0.04602,8125.0
1753617378189,11:56:18.189,phemex,ACT/USDT:USDT,0.046,2685.0,0.04599,7735.0,0.04601,2685.0,0.04602,8125.0
1753617378555,11:56:18.555,phemex,ACT/USDT:USDT,0.04599,7735.0,0.04598,8090.0,0.04601,2685.0,0.04602,8125.0
1753617378574,11:56:18.574,phemex,ACT/USDT:USDT,0.046,2685.0,0.04599,7735.0,0.04601,2685.0,0.04602,8125.0
1753617378656,11:56:18.656,phemex,ACT/USDT:USDT,0.04599,7735.0,0.04598,8090.0,0.04601,2685.0,0.04602,8125.0
1753617378689,11:56:18.689,phemex,ACT/USDT:USDT,0.046,2685.0,0.04599,4503.0,0.04601,2685.0,0.04602,8125.0
1753617378705,11:56:18.705,phemex,ACT/USDT:USDT,0.046,2685.0,0.04599,4503.0,0.04601,2685.0,0.04602,8125.0
1753617379031,11:56:19.031,phemex,ACT/USDT:USDT,0.046,2685.0,0.04599,4503.0,0.04602,8125.0,0.04603,7378.0
1753617379064,11:56:19.064,phemex,ACT/USDT:USDT,0.046,2685.0,0.04599,4503.0,0.04602,8125.0,0.04603,7378.0
1753617379407,11:56:19.407,phemex,ACT/USDT:USDT,0.046,2685.0,0.04599,4503.0,0.04601,2685.0,0.04602,8125.0
1753617379802,11:56:19.802,phemex,ACT/USDT:USDT,0.046,2685.0,0.04599,4503.0,0.04602,8125.0,0.04603,7378.0
1753617379851,11:56:19.851,phemex,ACT/USDT:USDT,0.046,2685.0,0.04599,4503.0,0.04601,2685.0,0.04602,8125.0
1753617381305,11:56:21.305,phemex,ACT/USDT:USDT,0.04599,4503.0,0.04598,39111.0,0.04601,2685.0,0.04602,8125.0
1753617381337,11:56:21.337,phemex,ACT/USDT:USDT,0.04599,4503.0,0.04598,13289.0,0.04601,2685.0,0.04602,8125.0
1753617381395,11:56:21.395,phemex,ACT/USDT:USDT,0.046,2685.0,0.04599,4503.0,0.04601,2685.0,0.04602,8125.0
1753617381416,11:56:21.416,phemex,ACT/USDT:USDT,0.046,2685.0,0.04599,4503.0,0.04601,2685.0,0.04602,8125.0
1753617381550,11:56:21.550,phemex,ACT/USDT:USDT,0.04599,4503.0,0.04598,39111.0,0.04601,2685.0,0.04602,8125.0
1753617381580,11:56:21.580,phemex,ACT/USDT:USDT,0.04599,4503.0,0.04598,13289.0,0.04601,2685.0,0.04602,8125.0
1753617381602,11:56:21.602,phemex,ACT/USDT:USDT,0.046,4783.0,0.04599,7251.0,0.04601,7380.0,0.04602,8125.0
1753617381640,11:56:21.640,phemex,ACT/USDT:USDT,0.046,4783.0,0.04599,7251.0,0.04601,7380.0,0.04602,8125.0
1753617385615,11:56:25.615,phemex,ACT/USDT:USDT,0.046,4633.0,0.04599,7251.0,0.04601,7380.0,0.04602,8125.0
1753617387044,11:56:27.044,phemex,ACT/USDT:USDT,0.046,4549.0,0.04599,7251.0,0.04601,7380.0,0.04602,8125.0
1753617393706,11:56:33.706,phemex,ACT/USDT:USDT,0.046,4549.0,0.04599,7251.0,0.04601,7380.0,0.04602,8125.0
1753617393716,11:56:33.716,phemex,ACT/USDT:USDT,0.04599,4503.0,0.04597,24946.0,0.04601,11691.0,0.04602,8125.0
1753617393748,11:56:33.748,phemex,ACT/USDT:USDT,0.04597,2768.0,0.04596,2681.0,0.04601,11691.0,0.04602,8125.0
1753617393770,11:56:33.770,phemex,ACT/USDT:USDT,0.04597,2768.0,0.04596,2681.0,0.04599,3311.0,0.046,7266.0
1753617393782,11:56:33.782,phemex,ACT/USDT:USDT,0.04597,2768.0,0.04596,2681.0,0.04598,2754.0,0.04599,3311.0
1753617393863,11:56:33.863,phemex,ACT/USDT:USDT,0.04597,2768.0,0.04596,2681.0,0.04598,2754.0,0.04599,6065.0
1753617394882,11:56:34.882,phemex,ACT/USDT:USDT,0.04597,1818.0,0.04596,2681.0,0.04598,2754.0,0.04599,6065.0
1753617396048,11:56:36.048,phemex,ACT/USDT:USDT,0.04597,1518.0,0.04596,2681.0,0.04598,2754.0,0.04599,6065.0
1753617397159,11:56:37.159,phemex,ACT/USDT:USDT,0.04597,1518.0,0.04595,34703.0,0.04598,2754.0,0.04599,6065.0
1753617397185,11:56:37.185,phemex,ACT/USDT:USDT,0.04597,1518.0,0.04595,34703.0,0.04598,2754.0,0.04599,6065.0
1753617397230,11:56:37.230,phemex,ACT/USDT:USDT,0.04596,6355.0,0.04595,4093.0,0.04598,2754.0,0.04599,6065.0
1753617397256,11:56:37.256,phemex,ACT/USDT:USDT,0.04596,6355.0,0.04595,4093.0,0.04598,3702.0,0.04599,6065.0
1753617397284,11:56:37.284,phemex,ACT/USDT:USDT,0.04596,6355.0,0.04595,4093.0,0.04597,2812.0,0.04598,3702.0
1753617397383,11:56:37.383,phemex,ACT/USDT:USDT,0.04596,6355.0,0.04595,4093.0,0.04597,2812.0,0.04598,2754.0
1753617397503,11:56:37.503,phemex,ACT/USDT:USDT,0.04596,6355.0,0.04595,4093.0,0.04598,2754.0,0.04599,6065.0
1753617399183,11:56:39.183,phemex,ACT/USDT:USDT,0.04596,6355.0,0.04595,4093.0,0.04597,8877.0,0.04598,9847.0
1753617399194,11:56:39.194,phemex,ACT/USDT:USDT,0.04596,6355.0,0.04595,4093.0,0.04597,8877.0,0.04598,9847.0
1753617399378,11:56:39.378,phemex,ACT/USDT:USDT,0.04596,6355.0,0.04595,4093.0,0.04597,8877.0,0.04598,9847.0
1753617399396,11:56:39.396,phemex,ACT/USDT:USDT,0.04596,6355.0,0.04595,4093.0,0.04597,8877.0,0.04598,9847.0
1753617403094,11:56:43.094,phemex,ACT/USDT:USDT,0.04596,6115.0,0.04595,4093.0,0.04597,8877.0,0.04598,9847.0
1753617404313,11:56:44.313,phemex,ACT/USDT:USDT,0.04596,6115.0,0.04595,4093.0,0.04597,8877.0,0.04598,9847.0
1753617404319,11:56:44.319,phemex,ACT/USDT:USDT,0.04596,6115.0,0.04595,4093.0,0.04597,8877.0,0.04598,9847.0
1753617404417,11:56:44.417,phemex,ACT/USDT:USDT,0.04596,6115.0,0.04595,4093.0,0.04597,8877.0,0.04598,9847.0
1753617412043,11:56:52.043,phemex,ACT/USDT:USDT,0.04596,6115.0,0.04595,4093.0,0.04597,8839.0,0.04598,9847.0
1753617412043,11:56:52.043,phemex,ACT/USDT:USDT,0.04596,6115.0,0.04595,4093.0,0.04597,8839.0,0.04598,9847.0
1753617413607,11:56:53.607,phemex,ACT/USDT:USDT,0.04596,6115.0,0.04595,4093.0,0.04597,8839.0,0.04598,9847.0
1753617418645,11:56:58.645,phemex,ACT/USDT:USDT,0.04594,11152.0,0.04593,52978.0,0.04597,8839.0,0.04598,9847.0
1753617418662,11:56:58.662,phemex,ACT/USDT:USDT,0.04594,6579.0,0.04593,32623.0,0.04596,2730.0,0.04597,16772.0
1753617418697,11:56:58.697,phemex,ACT/USDT:USDT,0.04594,6579.0,0.04593,32623.0,0.04596,2730.0,0.04597,16772.0
1753617418915,11:56:58.915,phemex,ACT/USDT:USDT,0.04595,2730.0,0.04594,6579.0,0.04596,2730.0,0.04598,2754.0
1753617418937,11:56:58.937,phemex,ACT/USDT:USDT,0.04595,2730.0,0.04594,6579.0,0.04596,2730.0,0.04598,2754.0
1753617419006,11:56:59.006,phemex,ACT/USDT:USDT,0.04594,6579.0,0.04593,6801.0,0.04598,2754.0,0.04599,16783.0
1753617419129,11:56:59.129,phemex,ACT/USDT:USDT,0.04595,2730.0,0.04594,6579.0,0.04598,2754.0,0.04599,16783.0
1753617419483,11:56:59.483,phemex,ACT/USDT:USDT,0.04594,6579.0,0.04593,32623.0,0.04598,2754.0,0.04599,16783.0
1753617419513,11:56:59.513,phemex,ACT/USDT:USDT,0.04595,2730.0,0.04594,6579.0,0.04598,2754.0,0.04599,16783.0
1753617419546,11:56:59.546,phemex,ACT/USDT:USDT,0.04595,2730.0,0.04594,6579.0,0.04598,2754.0,0.04599,16783.0
1753617419577,11:56:59.577,phemex,ACT/USDT:USDT,0.04594,6579.0,0.04593,32623.0,0.04598,2754.0,0.04599,16783.0
1753617419593,11:56:59.593,phemex,ACT/USDT:USDT,0.04595,2730.0,0.04594,6579.0,0.04598,2754.0,0.04599,16783.0
1753617419611,11:56:59.611,phemex,ACT/USDT:USDT,0.04595,2730.0,0.04594,6579.0,0.04598,2754.0,0.04599,16783.0
1753617420158,11:57:00.158,phemex,ACT/USDT:USDT,0.04595,2730.0,0.04594,6579.0,0.04598,2754.0,0.04599,16783.0
1753617420219,11:57:00.219,phemex,ACT/USDT:USDT,0.04595,2730.0,0.04594,6579.0,0.04598,2754.0,0.04599,16783.0
1753617420819,11:57:00.819,phemex,ACT/USDT:USDT,0.04595,2730.0,0.04594,6579.0,0.04598,2754.0,0.04599,16783.0
1753617420867,11:57:00.867,phemex,ACT/USDT:USDT,0.04595,2730.0,0.04594,6579.0,0.04598,2754.0,0.04599,16783.0
1753617423303,11:57:03.303,phemex,ACT/USDT:USDT,0.04595,2730.0,0.04594,9309.0,0.04598,2955.0,0.04599,6923.0
1753617423669,11:57:03.669,phemex,ACT/USDT:USDT,0.04597,3137.0,0.04596,10258.0,0.04598,2955.0,0.04599,6923.0
1753617423750,11:57:03.750,phemex,ACT/USDT:USDT,0.04597,3137.0,0.04596,10258.0,0.04598,1455.0,0.04599,6923.0
1753617428108,11:57:08.108,phemex,ACT/USDT:USDT,0.04597,3137.0,0.04596,10258.0,0.04598,4179.0,0.04599,6923.0
1753617428315,11:57:08.315,phemex,ACT/USDT:USDT,0.04597,3137.0,0.04596,10258.0,0.04598,4179.0,0.04599,6923.0
1753617428322,11:57:08.322,phemex,ACT/USDT:USDT,0.04597,3137.0,0.04596,10258.0,0.04598,4179.0,0.04599,6923.0
1753617428334,11:57:08.334,phemex,ACT/USDT:USDT,0.04597,3137.0,0.04596,10258.0,0.04598,4179.0,0.04599,6923.0
1753617429828,11:57:09.828,phemex,ACT/USDT:USDT,0.04597,2917.0,0.04596,10258.0,0.04598,4179.0,0.04599,6923.0
1753617432118,11:57:12.118,phemex,ACT/USDT:USDT,0.04597,2917.0,0.04596,10258.0,0.04598,4060.0,0.04599,6923.0
1753617433611,11:57:13.611,phemex,ACT/USDT:USDT,0.04597,2917.0,0.04596,10258.0,0.04598,1336.0,0.04599,6923.0
1753617433614,11:57:13.614,phemex,ACT/USDT:USDT,0.04597,2917.0,0.04596,9029.0,0.04599,9687.0,0.046,2754.0
1753617433641,11:57:13.641,phemex,ACT/USDT:USDT,0.04597,2917.0,0.04596,9029.0,0.04598,2724.0,0.04599,9687.0
1753617435792,11:57:15.792,phemex,ACT/USDT:USDT,0.04596,7134.0,0.04595,6738.0,0.04598,2724.0,0.04599,9687.0
1753617435809,11:57:15.809,phemex,ACT/USDT:USDT,0.04596,7134.0,0.04595,6738.0,0.04598,2724.0,0.04599,9687.0
1753617435826,11:57:15.826,phemex,ACT/USDT:USDT,0.04596,7134.0,0.04595,6738.0,0.04598,2724.0,0.04599,9687.0
1753617435854,11:57:15.854,phemex,ACT/USDT:USDT,0.04596,7134.0,0.04595,6738.0,0.04598,2724.0,0.04599,9687.0
1753617435902,11:57:15.902,phemex,ACT/USDT:USDT,0.04595,8253.0,0.04594,6409.0,0.04598,2724.0,0.04599,9687.0
1753617435917,11:57:15.917,phemex,ACT/USDT:USDT,0.04595,5523.0,0.04594,6409.0,0.04598,2724.0,0.04599,9687.0
1753617437946,11:57:17.946,phemex,ACT/USDT:USDT,0.04596,2797.0,0.04595,5523.0,0.04598,2724.0,0.04599,9687.0
1753617439003,11:57:19.003,phemex,ACT/USDT:USDT,0.04596,2797.0,0.04595,5523.0,0.04597,13940.0,0.04598,2724.0
1753617439024,11:57:19.024,phemex,ACT/USDT:USDT,0.04596,2797.0,0.04595,5523.0,0.04597,13940.0,0.04598,2724.0
1753617439062,11:57:19.062,phemex,ACT/USDT:USDT,0.04596,2797.0,0.04595,5523.0,0.04597,13785.0,0.04598,2724.0
1753617439074,11:57:19.074,phemex,ACT/USDT:USDT,0.04596,2797.0,0.04595,5523.0,0.04597,13785.0,0.04598,2724.0
1753617439401,11:57:19.401,phemex,ACT/USDT:USDT,0.04596,2797.0,0.04595,5523.0,0.04598,9305.0,0.04599,2754.0
1753617439672,11:57:19.672,phemex,ACT/USDT:USDT,0.04596,2797.0,0.04595,5523.0,0.04598,6581.0,0.04599,2754.0
1753617440924,11:57:20.924,phemex,ACT/USDT:USDT,0.04596,2797.0,0.04595,5523.0,0.04598,6581.0,0.04599,2754.0
1753617441010,11:57:21.010,phemex,ACT/USDT:USDT,0.04597,7874.0,0.04596,10079.0,0.04599,14617.0,0.046,2754.0
1753617441019,11:57:21.019,phemex,ACT/USDT:USDT,0.04597,7874.0,0.04596,10079.0,0.04599,14617.0,0.046,2754.0
1753617441025,11:57:21.025,phemex,ACT/USDT:USDT,0.04597,7874.0,0.04596,10079.0,0.04599,14617.0,0.046,2754.0
1753617441564,11:57:21.564,phemex,ACT/USDT:USDT,0.04598,2797.0,0.04597,7874.0,0.04599,14617.0,0.046,2754.0
1753617441604,11:57:21.604,phemex,ACT/USDT:USDT,0.04597,7874.0,0.04596,10079.0,0.04599,14617.0,0.046,2754.0
1753617441644,11:57:21.644,phemex,ACT/USDT:USDT,0.04598,2797.0,0.04597,7874.0,0.04599,14617.0,0.046,2754.0
1753617441688,11:57:21.688,phemex,ACT/USDT:USDT,0.04597,7874.0,0.04596,10079.0,0.04599,14617.0,0.046,2754.0
1753617441722,11:57:21.722,phemex,ACT/USDT:USDT,0.04598,2797.0,0.04597,7874.0,0.04599,14617.0,0.046,2754.0
1753617441753,11:57:21.753,phemex,ACT/USDT:USDT,0.04597,7874.0,0.04596,10079.0,0.04599,14617.0,0.046,2754.0
1753617441986,11:57:21.986,phemex,ACT/USDT:USDT,0.04598,2797.0,0.04597,7874.0,0.04599,11863.0,0.046,2754.0
1753617442054,11:57:22.054,phemex,ACT/USDT:USDT,0.04597,7874.0,0.04596,10079.0,0.04599,11863.0,0.046,2754.0
1753617442138,11:57:22.138,phemex,ACT/USDT:USDT,0.04598,2797.0,0.04597,7874.0,0.04599,11863.0,0.046,2754.0
1753617442192,11:57:22.192,phemex,ACT/USDT:USDT,0.04598,2797.0,0.04597,7874.0,0.046,6409.0,0.04601,7678.0
1753617442247,11:57:22.247,phemex,ACT/USDT:USDT,0.04598,2797.0,0.04597,7874.0,0.046,3655.0,0.04601,7678.0
1753617442283,11:57:22.283,phemex,ACT/USDT:USDT,0.04598,2797.0,0.04597,7874.0,0.046,3655.0,0.04601,7678.0
1753617442315,11:57:22.315,phemex,ACT/USDT:USDT,0.04598,2797.0,0.04597,7874.0,0.046,3655.0,0.04601,7678.0
1753617445592,11:57:25.592,phemex,ACT/USDT:USDT,0.04598,2797.0,0.04597,7874.0,0.04599,2815.0,0.046,3655.0
1753617445609,11:57:25.609,phemex,ACT/USDT:USDT,0.04597,7874.0,0.04596,10079.0,0.04599,2815.0,0.046,3655.0
1753617445642,11:57:25.642,phemex,ACT/USDT:USDT,0.04598,2815.0,0.04597,7874.0,0.04599,2815.0,0.046,3655.0
1753617445649,11:57:25.649,phemex,ACT/USDT:USDT,0.04597,7874.0,0.04596,10079.0,0.04599,2815.0,0.046,3655.0
1753617445784,11:57:25.784,phemex,ACT/USDT:USDT,0.04597,7874.0,0.04596,10079.0,0.04599,2815.0,0.046,6470.0
1753617446629,11:57:26.629,phemex,ACT/USDT:USDT,0.04597,3634.0,0.04596,10079.0,0.04599,2815.0,0.046,6470.0
1753617449316,11:57:29.316,phemex,ACT/USDT:USDT,0.04597,3634.0,0.04596,10079.0,0.04599,2815.0,0.046,6470.0
1753617449327,11:57:29.327,phemex,ACT/USDT:USDT,0.04597,3634.0,0.04596,10079.0,0.04599,2815.0,0.046,6470.0
1753617452408,11:57:32.408,phemex,ACT/USDT:USDT,0.04598,3293.0,0.04597,3634.0,0.04599,5986.0,0.046,13146.0
1753617452408,11:57:32.408,phemex,ACT/USDT:USDT,0.04598,7606.0,0.04597,8499.0,0.04599,5986.0,0.046,13146.0
1753617452448,11:57:32.448,phemex,ACT/USDT:USDT,0.04598,7606.0,0.04597,8499.0,0.04599,5986.0,0.046,13146.0
1753617454285,11:57:34.285,phemex,ACT/USDT:USDT,0.04598,6774.0,0.04597,8499.0,0.04599,5986.0,0.046,13146.0
1753617454483,11:57:34.483,phemex,ACT/USDT:USDT,0.04598,6774.0,0.04597,8499.0,0.04599,5986.0,0.046,13146.0
1753617458321,11:57:38.321,phemex,ACT/USDT:USDT,0.04598,6774.0,0.04597,8499.0,0.04599,5986.0,0.046,13146.0
1753617460365,11:57:40.365,phemex,ACT/USDT:USDT,0.04598,6774.0,0.04597,8499.0,0.04599,3171.0,0.046,13146.0
1753617462126,11:57:42.126,phemex,ACT/USDT:USDT,0.04598,6774.0,0.04597,8499.0,0.046,7462.0,0.04602,12459.0
1753617462154,11:57:42.154,phemex,ACT/USDT:USDT,0.04599,2809.0,0.04598,6774.0,0.046,4647.0,0.04602,12459.0
1753617462174,11:57:42.174,phemex,ACT/USDT:USDT,0.04599,9795.0,0.04598,9057.0,0.046,4647.0,0.04602,12459.0
1753617462194,11:57:42.194,phemex,ACT/USDT:USDT,0.04599,9795.0,0.04598,9057.0,0.046,4647.0,0.04601,2809.0
1753617463993,11:57:43.993,phemex,ACT/USDT:USDT,0.04599,6986.0,0.04598,9057.0,0.046,4647.0,0.04601,2809.0
1753617464035,11:57:44.035,phemex,ACT/USDT:USDT,0.04597,30687.0,0.04596,10079.0,0.046,4647.0,0.04601,2809.0
1753617464057,11:57:44.057,phemex,ACT/USDT:USDT,0.04597,4865.0,0.04596,10079.0,0.04599,2809.0,0.046,4647.0
1753617464193,11:57:44.193,phemex,ACT/USDT:USDT,0.04598,2809.0,0.04597,4865.0,0.04599,2809.0,0.046,4647.0
1753617464234,11:57:44.234,phemex,ACT/USDT:USDT,0.04598,2809.0,0.04597,4865.0,0.04599,2809.0,0.046,4647.0
1753617465449,11:57:45.449,phemex,ACT/USDT:USDT,0.04598,2809.0,0.04597,4865.0,0.046,4647.0,0.04601,2809.0
1753617465467,11:57:45.467,phemex,ACT/USDT:USDT,0.04598,2809.0,0.04597,4865.0,0.04599,2748.0,0.046,4647.0
1753617465507,11:57:45.507,phemex,ACT/USDT:USDT,0.04598,2809.0,0.04597,4865.0,0.046,4647.0,0.04601,2809.0
1753617465552,11:57:45.552,phemex,ACT/USDT:USDT,0.04598,2809.0,0.04597,4865.0,0.046,4647.0,0.04601,2809.0
1753617467359,11:57:47.359,phemex,ACT/USDT:USDT,0.04598,2809.0,0.04597,4865.0,0.04599,2672.0,0.046,8427.0
1753617468190,11:57:48.190,phemex,ACT/USDT:USDT,0.04598,2809.0,0.04597,4865.0,0.046,8427.0,0.04601,7307.0
1753617468244,11:57:48.244,phemex,ACT/USDT:USDT,0.04598,2809.0,0.04597,4865.0,0.046,8427.0,0.04601,7307.0
1753617470244,11:57:50.244,phemex,ACT/USDT:USDT,0.04599,7585.0,0.04598,9559.0,0.046,8427.0,0.04601,7307.0
1753617470268,11:57:50.268,phemex,ACT/USDT:USDT,0.04599,7585.0,0.04598,9559.0,0.046,8427.0,0.04601,7307.0
1753617470273,11:57:50.273,phemex,ACT/USDT:USDT,0.04599,7585.0,0.04598,9559.0,0.046,8427.0,0.04601,7307.0
1753617470273,11:57:50.273,phemex,ACT/USDT:USDT,0.04599,7585.0,0.04598,9559.0,0.046,8427.0,0.04601,7307.0
1753617482321,11:58:02.321,phemex,ACT/USDT:USDT,0.04599,7585.0,0.04598,9559.0,0.046,8427.0,0.04601,7307.0
1753617491724,11:58:11.724,phemex,ACT/USDT:USDT,0.04599,7585.0,0.04598,9559.0,0.04603,7157.0,0.04605,19538.0
1753617491761,11:58:11.761,phemex,ACT/USDT:USDT,0.046,2740.0,0.04599,14748.0,0.04603,7157.0,0.04605,19538.0
1753617491780,11:58:11.780,phemex,ACT/USDT:USDT,0.046,2740.0,0.04599,14748.0,0.04603,7157.0,0.04605,19538.0
1753617494816,11:58:14.816,phemex,ACT/USDT:USDT,0.04599,14748.0,0.04598,13880.0,0.04603,7157.0,0.04605,19538.0
1753617494851,11:58:14.851,phemex,ACT/USDT:USDT,0.04599,14748.0,0.04598,13880.0,0.04603,7157.0,0.04605,19538.0
1753617494878,11:58:14.878,phemex,ACT/USDT:USDT,0.04599,14748.0,0.04598,13880.0,0.04603,7157.0,0.04605,19538.0
1753617494929,11:58:14.929,phemex,ACT/USDT:USDT,0.04598,2809.0,0.04597,7605.0,0.04603,7157.0,0.04605,19538.0
1753617494981,11:58:14.981,phemex,ACT/USDT:USDT,0.04598,2809.0,0.04597,7605.0,0.04603,7157.0,0.04605,19538.0
1753617497350,11:58:17.350,phemex,ACT/USDT:USDT,0.04598,2809.0,0.04597,7605.0,0.04601,3303.0,0.04602,11835.0
1753617497379,11:58:17.379,phemex,ACT/USDT:USDT,0.04598,2809.0,0.04597,7605.0,0.04601,3303.0,0.04602,11835.0
1753617497391,11:58:17.391,phemex,ACT/USDT:USDT,0.04598,2809.0,0.04597,7605.0,0.04601,3303.0,0.04602,11835.0
1753617497736,11:58:17.736,phemex,ACT/USDT:USDT,0.04598,2809.0,0.04597,7605.0,0.04601,6043.0,0.04602,11835.0
1753617497765,11:58:17.765,phemex,ACT/USDT:USDT,0.04598,8805.0,0.04597,10224.0,0.04601,6043.0,0.04602,11835.0
1753617497774,11:58:17.774,phemex,ACT/USDT:USDT,0.04598,8805.0,0.04597,10224.0,0.04601,6043.0,0.04602,11835.0
1753617497821,11:58:17.821,phemex,ACT/USDT:USDT,0.04598,8805.0,0.04597,10224.0,0.04601,6043.0,0.04602,11835.0
1753617500106,11:58:20.106,phemex,ACT/USDT:USDT,0.04598,5996.0,0.04597,10224.0,0.04601,6043.0,0.04602,11835.0
1753617502215,11:58:22.215,phemex,ACT/USDT:USDT,0.04598,1696.0,0.04597,10224.0,0.04601,6043.0,0.04602,11835.0
1753617502948,11:58:22.948,phemex,ACT/USDT:USDT,0.04597,7605.0,0.04596,7359.0,0.046,4035.0,0.04601,12618.0
1753617502967,11:58:22.967,phemex,ACT/USDT:USDT,0.04597,7605.0,0.04596,7359.0,0.046,6775.0,0.04601,12618.0
1753617503378,11:58:23.378,phemex,ACT/USDT:USDT,0.04597,4865.0,0.04596,7359.0,0.046,6775.0,0.04601,12618.0
1753617503453,11:58:23.453,phemex,ACT/USDT:USDT,0.04597,4865.0,0.04596,7359.0,0.046,2740.0,0.04601,2740.0
1753617503476,11:58:23.476,phemex,ACT/USDT:USDT,0.04597,4865.0,0.04596,7359.0,0.04601,2740.0,0.04602,3498.0
1753617503496,11:58:23.496,phemex,ACT/USDT:USDT,0.04597,4865.0,0.04596,7359.0,0.04601,2740.0,0.04602,3498.0
1753617505778,11:58:25.778,phemex,ACT/USDT:USDT,0.04598,2739.0,0.04597,4865.0,0.04601,2740.0,0.04602,3498.0
1753617505895,11:58:25.895,phemex,ACT/USDT:USDT,0.04597,4865.0,0.04596,7359.0,0.04601,2740.0,0.04602,3498.0
1753617505930,11:58:25.930,phemex,ACT/USDT:USDT,0.04597,4865.0,0.04596,7359.0,0.04601,2740.0,0.04602,3498.0
1753617506022,11:58:26.022,phemex,ACT/USDT:USDT,0.04598,2739.0,0.04597,4865.0,0.04601,2740.0,0.04602,3498.0
1753617506282,11:58:26.282,phemex,ACT/USDT:USDT,0.04597,4865.0,0.04596,7359.0,0.04601,2740.0,0.04602,3498.0
1753617506314,11:58:26.314,phemex,ACT/USDT:USDT,0.04597,4865.0,0.04596,7359.0,0.04601,2740.0,0.04602,3498.0
1753617509816,11:58:29.816,phemex,ACT/USDT:USDT,0.04598,2739.0,0.04597,4865.0,0.04601,2740.0,0.04602,3498.0
1753617511481,11:58:31.481,phemex,ACT/USDT:USDT,0.04598,5672.0,0.04597,11716.0,0.04599,8981.0,0.046,8215.0
1753617511522,11:58:31.522,phemex,ACT/USDT:USDT,0.04598,5672.0,0.04597,11716.0,0.04599,8981.0,0.046,8215.0
1753617511744,11:58:31.744,phemex,ACT/USDT:USDT,0.04598,5672.0,0.04597,11716.0,0.04599,8681.0,0.046,8215.0
1753617512277,11:58:32.277,phemex,ACT/USDT:USDT,0.04598,5672.0,0.04597,11716.0,0.04599,4405.0,0.046,4302.0
1753617512278,11:58:32.278,phemex,ACT/USDT:USDT,0.04598,5672.0,0.04597,11716.0,0.04601,2740.0,0.04602,19893.0
1753617512327,11:58:32.327,phemex,ACT/USDT:USDT,0.04599,2739.0,0.04598,5672.0,0.04601,2740.0,0.04602,19893.0
1753617512346,11:58:32.346,phemex,ACT/USDT:USDT,0.04599,2739.0,0.04598,5672.0,0.04601,2740.0,0.04602,19893.0
1753617512802,11:58:32.802,phemex,ACT/USDT:USDT,0.04598,5672.0,0.04597,37538.0,0.04601,2740.0,0.04602,19893.0
1753617512857,11:58:32.857,phemex,ACT/USDT:USDT,0.04599,2739.0,0.04598,5672.0,0.04601,2740.0,0.04602,19893.0
1753617512894,11:58:32.894,phemex,ACT/USDT:USDT,0.04599,2739.0,0.04598,5672.0,0.04601,2740.0,0.04602,19893.0
1753617513068,11:58:33.068,phemex,ACT/USDT:USDT,0.04599,2739.0,0.04598,5672.0,0.04601,2740.0,0.04602,19893.0
1753617513091,11:58:33.091,phemex,ACT/USDT:USDT,0.04598,5672.0,0.04597,37538.0,0.04601,2740.0,0.04602,19893.0
1753617513115,11:58:33.115,phemex,ACT/USDT:USDT,0.04598,5672.0,0.04597,11716.0,0.04601,2740.0,0.04602,19893.0
1753617516658,11:58:36.658,phemex,ACT/USDT:USDT,0.04598,2933.0,0.04597,11716.0,0.04601,2740.0,0.04602,19893.0
1753617517854,11:58:37.854,phemex,ACT/USDT:USDT,0.04598,2728.0,0.04597,11716.0,0.04601,2740.0,0.04602,19893.0
1753617520155,11:58:40.155,phemex,ACT/USDT:USDT,0.04598,2728.0,0.04597,6585.0,0.04599,3834.0,0.046,10845.0
1753617530314,11:58:50.314,phemex,ACT/USDT:USDT,0.04598,2728.0,0.04597,6585.0,0.04599,3834.0,0.046,10845.0
1753617530348,11:58:50.348,phemex,ACT/USDT:USDT,0.04598,2728.0,0.04597,6585.0,0.04599,3834.0,0.046,10845.0
1753617530348,11:58:50.348,phemex,ACT/USDT:USDT,0.04598,2728.0,0.04597,6585.0,0.04599,3834.0,0.046,10845.0
1753617534138,11:58:54.138,phemex,ACT/USDT:USDT,0.04595,2740.0,0.04594,7545.0,0.04599,6545.0,0.046,6202.0
1753617534158,11:58:54.158,phemex,ACT/USDT:USDT,0.04595,2740.0,0.04594,2730.0,0.04598,2711.0,0.04599,6545.0
1753617534185,11:58:54.185,phemex,ACT/USDT:USDT,0.04594,2730.0,0.04593,6144.0,0.04596,2973.0,0.04597,4413.0
1753617539319,11:58:59.319,phemex,ACT/USDT:USDT,0.04594,2730.0,0.04593,6144.0,0.04596,2973.0,0.04597,4413.0
1753617540329,11:59:00.329,phemex,ACT/USDT:USDT,0.04594,5418.0,0.04593,13412.0,0.04598,2711.0,0.04599,2711.0
1753617540343,11:59:00.343,phemex,ACT/USDT:USDT,0.04595,2717.0,0.04594,5418.0,0.04599,2711.0,0.04601,2740.0
1753617540369,11:59:00.369,phemex,ACT/USDT:USDT,0.04595,2717.0,0.04594,5418.0,0.04601,2740.0,0.04603,14613.0
1753617540391,11:59:00.391,phemex,ACT/USDT:USDT,0.04595,2717.0,0.04594,5418.0,0.046,545.0,0.04601,2740.0
1753617540423,11:59:00.423,phemex,ACT/USDT:USDT,0.04595,2717.0,0.04594,5418.0,0.04598,7166.0,0.04599,8484.0
1753617540446,11:59:00.446,phemex,ACT/USDT:USDT,0.04595,2717.0,0.04594,5418.0,0.04598,7166.0,0.04599,11201.0
1753617540471,11:59:00.471,phemex,ACT/USDT:USDT,0.04595,2717.0,0.04594,5418.0,0.04598,7166.0,0.04599,11201.0
1753617540513,11:59:00.513,phemex,ACT/USDT:USDT,0.04595,2717.0,0.04594,5418.0,0.04597,2717.0,0.04598,7166.0
1753617540546,11:59:00.546,phemex,ACT/USDT:USDT,0.04595,2717.0,0.04594,5418.0,0.04598,7166.0,0.04599,11201.0
1753617540569,11:59:00.569,phemex,ACT/USDT:USDT,0.04595,2717.0,0.04594,5418.0,0.04597,2717.0,0.04598,7166.0
1753617540611,11:59:00.611,phemex,ACT/USDT:USDT,0.04595,2717.0,0.04594,5418.0,0.04598,7166.0,0.04599,11201.0
1753617540663,11:59:00.663,phemex,ACT/USDT:USDT,0.04595,2717.0,0.04594,5418.0,0.04598,7166.0,0.04599,11201.0
1753617540685,11:59:00.685,phemex,ACT/USDT:USDT,0.04595,2717.0,0.04594,5418.0,0.04598,7166.0,0.04599,11201.0
1753617541087,11:59:01.087,phemex,ACT/USDT:USDT,0.04595,2717.0,0.04594,5418.0,0.04599,11201.0,0.046,18141.0
1753617541109,11:59:01.109,phemex,ACT/USDT:USDT,0.04595,2717.0,0.04594,5418.0,0.04598,2717.0,0.04599,11201.0
1753617545319,11:59:05.319,phemex,ACT/USDT:USDT,0.04595,2717.0,0.04594,5418.0,0.04598,2717.0,0.04599,11201.0
1753617546222,11:59:06.222,phemex,ACT/USDT:USDT,0.04597,8753.0,0.04596,8164.0,0.04598,11051.0,0.04599,6912.0
1753617546243,11:59:06.243,phemex,ACT/USDT:USDT,0.04597,8753.0,0.04596,8164.0,0.04598,11051.0,0.04599,6912.0
1753617546251,11:59:06.251,phemex,ACT/USDT:USDT,0.04597,8753.0,0.04596,8164.0,0.04598,11051.0,0.04599,6912.0
1753617546581,11:59:06.581,phemex,ACT/USDT:USDT,0.04597,8753.0,0.04596,8164.0,0.04598,11051.0,0.04599,6912.0
1753617549266,11:59:09.266,phemex,ACT/USDT:USDT,0.04597,8753.0,0.04596,8164.0,0.04599,6428.0,0.046,3485.0
1753617549285,11:59:09.285,phemex,ACT/USDT:USDT,0.04597,8753.0,0.04596,8164.0,0.04599,6428.0,0.046,5758.0
1753617549411,11:59:09.411,phemex,ACT/USDT:USDT,0.04598,2818.0,0.04597,8753.0,0.04599,6428.0,0.046,5758.0
1753617549452,11:59:09.452,phemex,ACT/USDT:USDT,0.04597,8753.0,0.04596,8164.0,0.04599,6428.0,0.046,5758.0
1753617549487,11:59:09.487,phemex,ACT/USDT:USDT,0.04597,8753.0,0.04596,8164.0,0.04599,6428.0,0.046,5758.0
1753617549495,11:59:09.495,phemex,ACT/USDT:USDT,0.04598,2818.0,0.04597,8753.0,0.04599,6428.0,0.046,5758.0
1753617550008,11:59:10.008,phemex,ACT/USDT:USDT,0.04598,2818.0,0.04597,8753.0,0.04599,3711.0,0.046,5758.0
1753617551619,11:59:11.619,phemex,ACT/USDT:USDT,0.04598,2818.0,0.04597,8753.0,0.046,5758.0,0.04601,15316.0
1753617551632,11:59:11.632,phemex,ACT/USDT:USDT,0.04598,2818.0,0.04597,8753.0,0.04599,2818.0,0.046,5758.0
1753617551699,11:59:11.699,phemex,ACT/USDT:USDT,0.04598,2818.0,0.04597,8753.0,0.046,5758.0,0.04601,15316.0
1753617551787,11:59:11.787,phemex,ACT/USDT:USDT,0.04598,2818.0,0.04597,8753.0,0.04599,2818.0,0.046,5758.0
1753617552647,11:59:12.647,phemex,ACT/USDT:USDT,0.04598,2818.0,0.04597,8753.0,0.046,5758.0,0.04601,15316.0
1753617552793,11:59:12.793,phemex,ACT/USDT:USDT,0.04598,2818.0,0.04597,8753.0,0.04599,2818.0,0.046,5758.0
1753617552931,11:59:12.931,phemex,ACT/USDT:USDT,0.04598,6327.0,0.04597,7855.0,0.046,5758.0,0.04601,15316.0
1753617552954,11:59:12.954,phemex,ACT/USDT:USDT,0.04598,6327.0,0.04597,7855.0,0.046,5758.0,0.04601,15316.0
1753617553015,11:59:13.015,phemex,ACT/USDT:USDT,0.04598,6327.0,0.04597,7855.0,0.04599,2818.0,0.046,5758.0
1753617553082,11:59:13.082,phemex,ACT/USDT:USDT,0.04598,6327.0,0.04597,7855.0,0.046,5758.0,0.04601,15316.0
1753617553275,11:59:13.275,phemex,ACT/USDT:USDT,0.04598,6327.0,0.04597,7855.0,0.04599,2818.0,0.046,5758.0
1753617553300,11:59:13.300,phemex,ACT/USDT:USDT,0.04598,6327.0,0.04597,7855.0,0.046,5758.0,0.04601,15316.0
1753617553322,11:59:13.322,phemex,ACT/USDT:USDT,0.04598,6327.0,0.04597,7855.0,0.04599,2818.0,0.046,5758.0
1753617553641,11:59:13.641,phemex,ACT/USDT:USDT,0.04598,6327.0,0.04597,7855.0,0.046,5758.0,0.04601,15316.0
1753617553795,11:59:13.795,phemex,ACT/USDT:USDT,0.04598,6327.0,0.04597,7855.0,0.046,5758.0,0.04601,15316.0
1753617553844,11:59:13.844,phemex,ACT/USDT:USDT,0.04598,6327.0,0.04597,7855.0,0.046,5758.0,0.04601,15316.0
1753617554397,11:59:14.397,phemex,ACT/USDT:USDT,0.04598,6327.0,0.04597,7855.0,0.04599,2683.0,0.046,5758.0
1753617554423,11:59:14.423,phemex,ACT/USDT:USDT,0.04598,6327.0,0.04597,7855.0,0.04599,2683.0,0.046,5758.0
1753617554424,11:59:14.424,phemex,ACT/USDT:USDT,0.04598,6327.0,0.04597,7855.0,0.04599,2683.0,0.046,5758.0
1753617554606,11:59:14.606,phemex,ACT/USDT:USDT,0.04598,6327.0,0.04597,7855.0,0.046,5758.0,0.04601,15316.0
1753617554656,11:59:14.656,phemex,ACT/USDT:USDT,0.04598,6327.0,0.04597,7855.0,0.046,5758.0,0.04601,15316.0
1753617554956,11:59:14.956,phemex,ACT/USDT:USDT,0.04598,6327.0,0.04597,7855.0,0.04599,2683.0,0.046,5758.0
1753617555451,11:59:15.451,phemex,ACT/USDT:USDT,0.04598,6327.0,0.04597,7855.0,0.046,5758.0,0.04601,15316.0
1753617555510,11:59:15.510,phemex,ACT/USDT:USDT,0.04598,6327.0,0.04597,7855.0,0.046,5758.0,0.04601,15316.0
1753617555654,11:59:15.654,phemex,ACT/USDT:USDT,0.04598,6327.0,0.04597,7855.0,0.04599,2683.0,0.046,5758.0
1753617557276,11:59:17.276,phemex,ACT/USDT:USDT,0.04598,6327.0,0.04597,7855.0,0.046,5758.0,0.04601,15316.0
1753617557338,11:59:17.338,phemex,ACT/USDT:USDT,0.04598,6327.0,0.04597,7855.0,0.046,5758.0,0.04601,15316.0
1753617557357,11:59:17.357,phemex,ACT/USDT:USDT,0.04599,2683.0,0.04598,6327.0,0.046,5758.0,0.04601,15316.0
1753617557418,11:59:17.418,phemex,ACT/USDT:USDT,0.04599,2683.0,0.04598,6327.0,0.046,6281.0,0.04601,2740.0
1753617557424,11:59:17.424,phemex,ACT/USDT:USDT,0.04599,2683.0,0.04598,6327.0,0.046,6281.0,0.04601,2740.0
1753617557798,11:59:17.798,phemex,ACT/USDT:USDT,0.04598,6327.0,0.04597,33677.0,0.046,6281.0,0.04601,2740.0
1753617557821,11:59:17.821,phemex,ACT/USDT:USDT,0.04599,2683.0,0.04598,6327.0,0.046,6281.0,0.04601,2740.0
1753617557884,11:59:17.884,phemex,ACT/USDT:USDT,0.04599,2683.0,0.04598,6327.0,0.046,6281.0,0.04601,2740.0
1753617558034,11:59:18.034,phemex,ACT/USDT:USDT,0.04599,14354.0,0.04598,6327.0,0.04601,7010.0,0.04603,17374.0
1753617558081,11:59:18.081,phemex,ACT/USDT:USDT,0.04599,14354.0,0.04598,6327.0,0.04601,7010.0,0.04603,17374.0
1753617558121,11:59:18.121,phemex,ACT/USDT:USDT,0.046,2683.0,0.04599,14354.0,0.04601,7010.0,0.04603,17374.0
1753617558170,11:59:18.170,phemex,ACT/USDT:USDT,0.04599,14354.0,0.04598,6327.0,0.04601,7010.0,0.04603,17374.0
1753617558205,11:59:18.205,phemex,ACT/USDT:USDT,0.046,2683.0,0.04599,14354.0,0.04601,7010.0,0.04603,17374.0
1753617558264,11:59:18.264,phemex,ACT/USDT:USDT,0.046,2683.0,0.04599,14354.0,0.04601,4270.0,0.04603,17374.0
1753617558280,11:59:18.280,phemex,ACT/USDT:USDT,0.046,2683.0,0.04599,14354.0,0.04601,4270.0,0.04602,2683.0
1753617559309,11:59:19.309,phemex,ACT/USDT:USDT,0.04599,14354.0,0.04598,6327.0,0.04601,4270.0,0.04602,2683.0
1753617559359,11:59:19.359,phemex,ACT/USDT:USDT,0.04599,14354.0,0.04598,6327.0,0.046,2683.0,0.04601,4270.0
1753617559531,11:59:19.531,phemex,ACT/USDT:USDT,0.04599,14354.0,0.04598,6327.0,0.04601,4270.0,0.04602,2683.0
1753617559558,11:59:19.558,phemex,ACT/USDT:USDT,0.04599,14354.0,0.04598,6327.0,0.046,2683.0,0.04601,4270.0
1753617560084,11:59:20.084,phemex,ACT/USDT:USDT,0.04599,14354.0,0.04598,6327.0,0.04601,4270.0,0.04602,2683.0
1753617560129,11:59:20.129,phemex,ACT/USDT:USDT,0.04599,14354.0,0.04598,6327.0,0.046,2683.0,0.04601,4270.0
1753617560391,11:59:20.391,phemex,ACT/USDT:USDT,0.04599,11671.0,0.04598,6327.0,0.046,2683.0,0.04601,4270.0
1753617561498,11:59:21.498,phemex,ACT/USDT:USDT,0.04599,11671.0,0.04598,6327.0,0.04601,4270.0,0.04602,2683.0
1753617561536,11:59:21.536,phemex,ACT/USDT:USDT,0.04599,11671.0,0.04598,6327.0,0.04601,4270.0,0.04602,2683.0
1753617561757,11:59:21.757,phemex,ACT/USDT:USDT,0.04599,11671.0,0.04598,6327.0,0.046,2683.0,0.04601,4270.0
1753617561819,11:59:21.819,phemex,ACT/USDT:USDT,0.04598,6327.0,0.04597,45119.0,0.046,2683.0,0.04601,4270.0
1753617561832,11:59:21.832,phemex,ACT/USDT:USDT,0.04599,2683.0,0.04598,6327.0,0.046,2683.0,0.04601,4270.0
1753617561836,11:59:21.836,phemex,ACT/USDT:USDT,0.04599,2683.0,0.04598,6327.0,0.046,2683.0,0.04601,4270.0
1753617562030,11:59:22.030,phemex,ACT/USDT:USDT,0.04598,6327.0,0.04597,19297.0,0.046,2683.0,0.04601,4270.0
1753617562101,11:59:22.101,phemex,ACT/USDT:USDT,0.04599,2683.0,0.04598,6327.0,0.046,2683.0,0.04601,4270.0
1753617562629,11:59:22.629,phemex,ACT/USDT:USDT,0.04599,2683.0,0.04598,6327.0,0.046,2683.0,0.04601,4270.0
1753617562815,11:59:22.815,phemex,ACT/USDT:USDT,0.04599,2683.0,0.04598,6327.0,0.04601,4270.0,0.04602,2683.0
1753617562868,11:59:22.868,phemex,ACT/USDT:USDT,0.04599,2683.0,0.04598,6327.0,0.046,2683.0,0.04601,4270.0
1753617563376,11:59:23.376,phemex,ACT/USDT:USDT,0.04599,2683.0,0.04598,6327.0,0.04601,4270.0,0.04602,2683.0
1753617563418,11:59:23.418,phemex,ACT/USDT:USDT,0.04599,2683.0,0.04598,6327.0,0.046,2683.0,0.04601,4270.0
1753617563468,11:59:23.468,phemex,ACT/USDT:USDT,0.04599,2683.0,0.04598,6327.0,0.04601,4270.0,0.04602,2683.0
1753617563501,11:59:23.501,phemex,ACT/USDT:USDT,0.04599,2683.0,0.04598,6327.0,0.046,2683.0,0.04601,4270.0
1753617563539,11:59:23.539,phemex,ACT/USDT:USDT,0.04599,2683.0,0.04598,6327.0,0.04601,4270.0,0.04602,2683.0
1753617563580,11:59:23.580,phemex,ACT/USDT:USDT,0.04599,2683.0,0.04598,6327.0,0.046,2683.0,0.04601,4270.0
1753617563619,11:59:23.619,phemex,ACT/USDT:USDT,0.04599,2683.0,0.04598,6327.0,0.04601,4270.0,0.04602,2683.0
1753617563686,11:59:23.686,phemex,ACT/USDT:USDT,0.04599,2683.0,0.04598,6327.0,0.046,2683.0,0.04601,4270.0
1753617563731,11:59:23.731,phemex,ACT/USDT:USDT,0.04599,2683.0,0.04598,6327.0,0.04601,4270.0,0.04602,2683.0
1753617563759,11:59:23.759,phemex,ACT/USDT:USDT,0.04599,2683.0,0.04598,6327.0,0.04601,4270.0,0.04602,2683.0
1753617564030,11:59:24.030,phemex,ACT/USDT:USDT,0.04599,2683.0,0.04598,6327.0,0.046,2683.0,0.04601,4270.0
1753617564059,11:59:24.059,phemex,ACT/USDT:USDT,0.04599,2683.0,0.04598,6327.0,0.04601,4270.0,0.04602,2683.0
1753617564108,11:59:24.108,phemex,ACT/USDT:USDT,0.04599,2683.0,0.04598,6327.0,0.046,2683.0,0.04601,4270.0
1753617566313,11:59:26.313,phemex,ACT/USDT:USDT,0.04598,6327.0,0.04597,19297.0,0.046,2683.0,0.04601,4270.0
1753617566382,11:59:26.382,phemex,ACT/USDT:USDT,0.04599,2783.0,0.04598,6327.0,0.046,2683.0,0.04601,4270.0
1753617568434,11:59:28.434,phemex,ACT/USDT:USDT,0.04598,6327.0,0.04597,19297.0,0.046,2683.0,0.04601,4270.0
1753617568478,11:59:28.478,phemex,ACT/USDT:USDT,0.04599,2783.0,0.04598,6327.0,0.046,2683.0,0.04601,4270.0
1753617568510,11:59:28.510,phemex,ACT/USDT:USDT,0.04599,2783.0,0.04598,6327.0,0.04601,4270.0,0.04602,2683.0
1753617568605,11:59:28.605,phemex,ACT/USDT:USDT,0.04599,2783.0,0.04598,6327.0,0.046,2783.0,0.04601,4270.0
1753617568836,11:59:28.836,phemex,ACT/USDT:USDT,0.04599,2783.0,0.04598,6327.0,0.04601,4270.0,0.04602,2683.0
1753617568868,11:59:28.868,phemex,ACT/USDT:USDT,0.04599,2783.0,0.04598,6327.0,0.046,2783.0,0.04601,4270.0
1753617569010,11:59:29.010,phemex,ACT/USDT:USDT,0.04599,2783.0,0.04598,6327.0,0.04601,4270.0,0.04602,2683.0
1753617569054,11:59:29.054,phemex,ACT/USDT:USDT,0.04599,2783.0,0.04598,7340.0,0.04601,11298.0,0.04602,2683.0
1753617569069,11:59:29.069,phemex,ACT/USDT:USDT,0.04599,2783.0,0.04598,7340.0,0.04601,11298.0,0.04602,2683.0
1753617569649,11:59:29.649,phemex,ACT/USDT:USDT,0.04599,2783.0,0.04598,7340.0,0.04601,11298.0,0.04603,2729.0
1753617569679,11:59:29.679,phemex,ACT/USDT:USDT,0.04599,2783.0,0.04598,7340.0,0.04601,11298.0,0.04603,2729.0
1753617570032,11:59:30.032,phemex,ACT/USDT:USDT,0.04599,2783.0,0.04598,7340.0,0.046,2783.0,0.04601,11298.0
1753617570663,11:59:30.663,phemex,ACT/USDT:USDT,0.04599,2783.0,0.04598,7340.0,0.04601,11298.0,0.04603,2729.0
1753617570691,11:59:30.691,phemex,ACT/USDT:USDT,0.04599,2783.0,0.04598,7340.0,0.04601,11298.0,0.04603,2729.0
1753617570795,11:59:30.795,phemex,ACT/USDT:USDT,0.04599,2783.0,0.04598,7340.0,0.046,2783.0,0.04601,11298.0
1753617570813,11:59:30.813,phemex,ACT/USDT:USDT,0.04599,2783.0,0.04598,7340.0,0.04601,11298.0,0.04603,2729.0
1753617570863,11:59:30.863,phemex,ACT/USDT:USDT,0.04599,2783.0,0.04598,7340.0,0.046,2783.0,0.04601,11298.0
1753617571733,11:59:31.733,phemex,ACT/USDT:USDT,0.04599,2783.0,0.04598,7340.0,0.04601,11298.0,0.04603,2729.0
1753617571765,11:59:31.765,phemex,ACT/USDT:USDT,0.04599,2783.0,0.04598,7340.0,0.04601,11298.0,0.04603,2729.0
1753617571801,11:59:31.801,phemex,ACT/USDT:USDT,0.04599,2783.0,0.04598,7340.0,0.046,2783.0,0.04601,11298.0
1753617571852,11:59:31.852,phemex,ACT/USDT:USDT,0.04599,2783.0,0.04598,7340.0,0.04601,11298.0,0.04603,2729.0
1753617571908,11:59:31.908,phemex,ACT/USDT:USDT,0.04599,2783.0,0.04598,7340.0,0.04601,11298.0,0.04603,2729.0
1753617571956,11:59:31.956,phemex,ACT/USDT:USDT,0.04599,2783.0,0.04598,7340.0,0.046,2783.0,0.04601,11298.0
1753617572008,11:59:32.008,phemex,ACT/USDT:USDT,0.04599,2783.0,0.04598,7340.0,0.04601,11298.0,0.04603,2729.0
1753617572028,11:59:32.028,phemex,ACT/USDT:USDT,0.04599,2783.0,0.04598,7340.0,0.04601,11298.0,0.04603,2729.0
1753617572277,11:59:32.277,phemex,ACT/USDT:USDT,0.04599,2783.0,0.04598,7340.0,0.046,2783.0,0.04601,11298.0
1753617572473,11:59:32.473,phemex,ACT/USDT:USDT,0.04599,5756.0,0.04598,15486.0,0.046,2783.0,0.04601,11298.0
1753617572879,11:59:32.879,phemex,ACT/USDT:USDT,0.04599,2973.0,0.04598,15486.0,0.046,2783.0,0.04601,11298.0
1753617573226,11:59:33.226,phemex,ACT/USDT:USDT,0.04598,15486.0,0.04597,14865.0,0.046,2783.0,0.04601,11298.0
1753617573247,11:59:33.247,phemex,ACT/USDT:USDT,0.04599,2783.0,0.04598,15486.0,0.046,2783.0,0.04601,11298.0
1753617573553,11:59:33.553,phemex,ACT/USDT:USDT,0.04599,2783.0,0.04598,15486.0,0.04601,11298.0,0.04603,2729.0
1753617573611,11:59:33.611,phemex,ACT/USDT:USDT,0.04599,2783.0,0.04598,15486.0,0.04601,11298.0,0.04603,2729.0
1753617573649,11:59:33.649,phemex,ACT/USDT:USDT,0.04599,2783.0,0.04598,15486.0,0.04601,11298.0,0.04603,2729.0
1753617573709,11:59:33.709,phemex,ACT/USDT:USDT,0.04599,2783.0,0.04598,15486.0,0.046,2783.0,0.04601,11298.0
1753617573757,11:59:33.757,phemex,ACT/USDT:USDT,0.04599,2783.0,0.04598,15486.0,0.04601,11298.0,0.04603,2729.0
1753617573813,11:59:33.813,phemex,ACT/USDT:USDT,0.04599,2783.0,0.04598,15486.0,0.04601,11298.0,0.04603,2729.0
1753617573846,11:59:33.846,phemex,ACT/USDT:USDT,0.04599,2783.0,0.04598,15486.0,0.046,2783.0,0.04601,11298.0
1753617575024,11:59:35.024,phemex,ACT/USDT:USDT,0.04599,2783.0,0.04598,15486.0,0.046,2783.0,0.04601,11298.0
1753617575069,11:59:35.069,phemex,ACT/USDT:USDT,0.04599,2783.0,0.04598,15486.0,0.046,2783.0,0.04601,11298.0
1753617575320,11:59:35.320,phemex,ACT/USDT:USDT,0.04599,2783.0,0.04598,15486.0,0.046,2783.0,0.04601,11298.0
1753617578441,11:59:38.441,phemex,ACT/USDT:USDT,0.04599,2783.0,0.04598,15486.0,0.04601,11298.0,0.04603,2729.0
1753617578478,11:59:38.478,phemex,ACT/USDT:USDT,0.04599,2783.0,0.04598,15486.0,0.04601,11298.0,0.04603,2729.0
1753617578575,11:59:38.575,phemex,ACT/USDT:USDT,0.04599,2783.0,0.04598,15486.0,0.046,2815.0,0.04601,11298.0
1753617578799,11:59:38.799,phemex,ACT/USDT:USDT,0.04599,2783.0,0.04598,15486.0,0.046,2815.0,0.04601,11298.0
1753617579252,11:59:39.252,phemex,ACT/USDT:USDT,0.04599,2783.0,0.04598,15486.0,0.04601,11298.0,0.04603,2729.0
1753617579294,11:59:39.294,phemex,ACT/USDT:USDT,0.04598,11271.0,0.04597,20587.0,0.04601,11298.0,0.04603,2729.0
1753617579314,11:59:39.314,phemex,ACT/USDT:USDT,0.04599,2815.0,0.04598,11271.0,0.046,2815.0,0.04601,11298.0
1753617580703,11:59:40.703,phemex,ACT/USDT:USDT,0.04599,2815.0,0.04598,11271.0,0.046,2815.0,0.04601,11298.0
1753617580739,11:59:40.739,phemex,ACT/USDT:USDT,0.04599,2815.0,0.04598,11271.0,0.046,2815.0,0.04601,11298.0
1753617580804,11:59:40.804,phemex,ACT/USDT:USDT,0.04598,11271.0,0.04597,20587.0,0.046,2815.0,0.04601,11298.0
1753617580844,11:59:40.844,phemex,ACT/USDT:USDT,0.04599,2815.0,0.04598,11271.0,0.046,2815.0,0.04601,11298.0
1753617582901,11:59:42.901,phemex,ACT/USDT:USDT,0.04599,2815.0,0.04598,11271.0,0.04601,11298.0,0.04603,2729.0
1753617582929,11:59:42.929,phemex,ACT/USDT:USDT,0.04599,2815.0,0.04598,11271.0,0.046,2815.0,0.04601,11298.0
1753617582948,11:59:42.948,phemex,ACT/USDT:USDT,0.04599,2815.0,0.04598,11271.0,0.04601,11298.0,0.04603,2729.0
1753617582990,11:59:42.990,phemex,ACT/USDT:USDT,0.04599,2815.0,0.04598,11271.0,0.046,2815.0,0.04601,11298.0
1753617583284,11:59:43.284,phemex,ACT/USDT:USDT,0.04598,11271.0,0.04597,20587.0,0.046,2815.0,0.04601,11298.0
1753617583296,11:59:43.296,phemex,ACT/USDT:USDT,0.04599,2815.0,0.04598,11271.0,0.046,2815.0,0.04601,11298.0
1753617584489,11:59:44.489,phemex,ACT/USDT:USDT,0.04599,2815.0,0.04598,11271.0,0.04601,11298.0,0.04603,2729.0
1753617584503,11:59:44.503,phemex,ACT/USDT:USDT,0.04599,2815.0,0.04598,11271.0,0.046,2775.0,0.04601,11298.0
1753617584556,11:59:44.556,phemex,ACT/USDT:USDT,0.04599,2815.0,0.04598,11271.0,0.04601,11298.0,0.04603,2729.0
1753617584598,11:59:44.598,phemex,ACT/USDT:USDT,0.04599,2815.0,0.04598,11271.0,0.046,2775.0,0.04601,11298.0
1753617584731,11:59:44.731,phemex,ACT/USDT:USDT,0.04599,2815.0,0.04598,11271.0,0.04601,11298.0,0.04603,2729.0
1753617584762,11:59:44.762,phemex,ACT/USDT:USDT,0.04599,2815.0,0.04598,11271.0,0.04601,11298.0,0.04603,2729.0
