timestamp,time,exchange,symbol,bid1_price,bid1_volume,bid2_price,bid2_volume,ask1_price,ask1_volume,ask2_price,ask2_volume
1753617167891,11:52:47.891,mexc,AEVO/USDT:USDT,0.111,310102,0.1109,1165652,0.1111,336458,0.1112,713951
1753617168743,11:52:48.743,mexc,AEVO/USDT:USDT,0.111,310102,0.1109,1165652,0.1111,336458,0.1112,713951
1753617168836,11:52:48.836,mexc,AEVO/USDT:USDT,0.111,310102,0.1109,1532516,0.1111,336458,0.1112,713951
1753617168959,11:52:48.959,mexc,AEVO/USDT:USDT,0.1111,364511,0.111,310102,0.1112,713951,0.1113,1349561
1753617169335,11:52:49.335,mexc,AEVO/USDT:USDT,0.1111,364511,0.111,310102,0.1112,713951,0.1113,1349561
1753617169737,11:52:49.737,mexc,AEVO/USDT:USDT,0.1111,364511,0.111,310102,0.1112,713951,0.1113,1349561
1753617169837,11:52:49.837,mexc,AEVO/USDT:USDT,0.1111,364511,0.111,570945,0.1112,713951,0.1113,1349561
1753617170240,11:52:50.240,mexc,AEVO/USDT:USDT,0.1111,364511,0.111,570945,0.1112,713951,0.1113,1349561
1753617170335,11:52:50.335,mexc,AEVO/USDT:USDT,0.1111,364511,0.111,310102,0.1112,713951,0.1113,1349561
1753617170738,11:52:50.738,mexc,AEVO/USDT:USDT,0.1111,364511,0.111,310102,0.1112,713951,0.1113,1349561
1753617170834,11:52:50.834,mexc,AEVO/USDT:USDT,0.1111,364511,0.111,310102,0.1112,713951,0.1113,1560576
1753617171239,11:52:51.239,mexc,AEVO/USDT:USDT,0.1111,364511,0.111,310102,0.1112,713951,0.1113,1349561
1753617171335,11:52:51.335,mexc,AEVO/USDT:USDT,0.1111,364511,0.111,310102,0.1112,713951,0.1113,1349561
1753617171738,11:52:51.738,mexc,AEVO/USDT:USDT,0.1111,364511,0.111,310102,0.1112,713951,0.1113,1349561
1753617171837,11:52:51.837,mexc,AEVO/USDT:USDT,0.1111,364511,0.111,310102,0.1112,713951,0.1113,1477281
1753617172239,11:52:52.239,mexc,AEVO/USDT:USDT,0.1111,364511,0.111,310102,0.1112,713951,0.1113,1477281
1753617172337,11:52:52.337,mexc,AEVO/USDT:USDT,0.1111,364511,0.111,603958,0.1112,713951,0.1113,1349561
1753617172739,11:52:52.739,mexc,AEVO/USDT:USDT,0.1111,364511,0.111,603958,0.1112,713951,0.1113,1349561
1753617172836,11:52:52.836,mexc,AEVO/USDT:USDT,0.1111,364511,0.111,883000,0.1112,713951,0.1113,1349561
1753617173239,11:52:53.239,mexc,AEVO/USDT:USDT,0.1111,364511,0.111,883000,0.1112,713951,0.1113,1349561
1753617173337,11:52:53.337,mexc,AEVO/USDT:USDT,0.1111,364511,0.111,310102,0.1112,713951,0.1113,1669421
1753617173738,11:52:53.738,mexc,AEVO/USDT:USDT,0.1111,364511,0.111,310102,0.1112,713951,0.1113,1669421
1753617173893,11:52:53.893,mexc,AEVO/USDT:USDT,0.1111,364511,0.111,310102,0.1112,713951,0.1113,1852388
1753617174210,11:52:54.210,mexc,AEVO/USDT:USDT,0.1111,364511,0.111,310102,0.1112,713951,0.1113,1852388
1753617174336,11:52:54.336,mexc,AEVO/USDT:USDT,0.1111,132561,0.111,475155,0.1112,281871,0.1113,1412933
1753617174739,11:52:54.739,mexc,AEVO/USDT:USDT,0.1111,132561,0.111,475155,0.1112,281871,0.1113,944417
1753617174836,11:52:54.836,mexc,AEVO/USDT:USDT,0.1111,132561,0.111,475155,0.1112,281871,0.1113,944417
1753617175239,11:52:55.239,mexc,AEVO/USDT:USDT,0.1111,132561,0.111,475155,0.1112,281871,0.1113,944417
1753617175336,11:52:55.336,mexc,AEVO/USDT:USDT,0.1111,132561,0.111,631601,0.1112,281871,0.1113,944417
1753617175740,11:52:55.740,mexc,AEVO/USDT:USDT,0.1111,132561,0.111,475155,0.1112,281871,0.1113,944417
1753617175837,11:52:55.837,mexc,AEVO/USDT:USDT,0.1111,132561,0.111,475155,0.1112,281871,0.1113,944417
1753617176239,11:52:56.239,mexc,AEVO/USDT:USDT,0.1111,132561,0.111,475155,0.1112,281871,0.1113,944417
1753617176337,11:52:56.337,mexc,AEVO/USDT:USDT,0.1111,132561,0.111,634145,0.1112,281871,0.1113,944417
1753617176739,11:52:56.739,mexc,AEVO/USDT:USDT,0.1111,132561,0.111,634145,0.1112,281871,0.1113,944417
1753617176838,11:52:56.838,mexc,AEVO/USDT:USDT,0.1111,132561,0.111,729408,0.1112,281871,0.1113,944417
1753617177242,11:52:57.242,mexc,AEVO/USDT:USDT,0.1111,132561,0.111,548733,0.1112,281871,0.1113,944417
1753617177337,11:52:57.337,mexc,AEVO/USDT:USDT,0.1111,132561,0.111,655062,0.1112,281871,0.1113,944417
1753617177740,11:52:57.740,mexc,AEVO/USDT:USDT,0.1111,132561,0.111,655062,0.1112,281871,0.1113,944417
1753617177839,11:52:57.839,mexc,AEVO/USDT:USDT,0.1111,132561,0.111,475155,0.1112,281871,0.1113,944417
1753617178241,11:52:58.241,mexc,AEVO/USDT:USDT,0.1111,132561,0.111,475155,0.1112,281871,0.1113,944417
1753617178338,11:52:58.338,mexc,AEVO/USDT:USDT,0.1111,132561,0.111,475155,0.1112,281871,0.1113,1126670
1753617178740,11:52:58.740,mexc,AEVO/USDT:USDT,0.1111,132561,0.111,475155,0.1112,281871,0.1113,944417
1753617178837,11:52:58.837,mexc,AEVO/USDT:USDT,0.1111,132561,0.111,475155,0.1112,281871,0.1113,1214051
1753617179241,11:52:59.241,mexc,AEVO/USDT:USDT,0.1111,132561,0.111,475155,0.1112,281871,0.1113,944417
1753617179410,11:52:59.410,mexc,AEVO/USDT:USDT,0.111,475155,0.1109,1046034,0.1111,310349,0.1112,281871
1753617179839,11:52:59.839,mexc,AEVO/USDT:USDT,0.111,475155,0.1109,1046034,0.1111,310349,0.1112,281871
1753617179896,11:52:59.896,mexc,AEVO/USDT:USDT,0.111,475155,0.1109,1046034,0.1111,310349,0.1112,647214
1753617180241,11:53:00.241,mexc,AEVO/USDT:USDT,0.111,475155,0.1109,1046034,0.1111,310349,0.1112,647214
1753617180340,11:53:00.340,mexc,AEVO/USDT:USDT,0.111,475155,0.1109,1184901,0.1111,310349,0.1112,281871
1753617180744,11:53:00.744,mexc,AEVO/USDT:USDT,0.111,475155,0.1109,1046034,0.1111,310349,0.1112,281871
1753617180843,11:53:00.843,mexc,AEVO/USDT:USDT,0.111,475155,0.1109,1046034,0.1111,310349,0.1112,281871
1753617181313,11:53:01.313,mexc,AEVO/USDT:USDT,0.111,475155,0.1109,1046034,0.1111,310349,0.1112,281871
1753617181339,11:53:01.339,mexc,AEVO/USDT:USDT,0.111,475155,0.1109,1046034,0.1111,310349,0.1112,523642
1753617181741,11:53:01.741,mexc,AEVO/USDT:USDT,0.111,475155,0.1109,1046034,0.1111,310349,0.1112,523642
1753617181842,11:53:01.842,mexc,AEVO/USDT:USDT,0.111,475155,0.1109,1162306,0.1111,310349,0.1112,732825
1753617182241,11:53:02.241,mexc,AEVO/USDT:USDT,0.111,475155,0.1109,1162306,0.1111,310349,0.1112,732825
1753617182339,11:53:02.339,mexc,AEVO/USDT:USDT,0.111,475155,0.1109,1046034,0.1111,310349,0.1112,816229
1753617182642,11:53:02.642,mexc,AEVO/USDT:USDT,0.1111,235707,0.111,475155,0.1112,281871,0.1113,944417
1753617182840,11:53:02.840,mexc,AEVO/USDT:USDT,0.1111,235707,0.111,1185581,0.1112,281871,0.1113,1276721
1753617183340,11:53:03.340,mexc,AEVO/USDT:USDT,0.1111,235707,0.111,910784,0.1112,281871,0.1113,944417
1753617183340,11:53:03.340,mexc,AEVO/USDT:USDT,0.1111,235707,0.111,910784,0.1112,281871,0.1113,944417
1753617183741,11:53:03.741,mexc,AEVO/USDT:USDT,0.1111,235707,0.111,475155,0.1112,281871,0.1113,944417
1753617183843,11:53:03.843,mexc,AEVO/USDT:USDT,0.1111,235707,0.111,934452,0.1112,281871,0.1113,944417
1753617184241,11:53:04.241,mexc,AEVO/USDT:USDT,0.1111,235707,0.111,475155,0.1112,281871,0.1113,944417
1753617184339,11:53:04.339,mexc,AEVO/USDT:USDT,0.1111,235707,0.111,475155,0.1112,281871,0.1113,944417
1753617184742,11:53:04.742,mexc,AEVO/USDT:USDT,0.1111,235707,0.111,475155,0.1112,281871,0.1113,944417
1753617184841,11:53:04.841,mexc,AEVO/USDT:USDT,0.1111,235707,0.111,475155,0.1112,281871,0.1113,944417
1753617185242,11:53:05.242,mexc,AEVO/USDT:USDT,0.1111,235707,0.111,475155,0.1112,281871,0.1113,944417
1753617185340,11:53:05.340,mexc,AEVO/USDT:USDT,0.1111,235707,0.111,475155,0.1112,281871,0.1113,1067113
1753617185742,11:53:05.742,mexc,AEVO/USDT:USDT,0.1111,235707,0.111,475155,0.1112,281871,0.1113,1067113
1753617185899,11:53:05.899,mexc,AEVO/USDT:USDT,0.1111,235707,0.111,475155,0.1112,281871,0.1113,944417
1753617186215,11:53:06.215,mexc,AEVO/USDT:USDT,0.1111,235707,0.111,475155,0.1112,281871,0.1113,944417
1753617186340,11:53:06.340,mexc,AEVO/USDT:USDT,0.1111,235707,0.111,475155,0.1112,281871,0.1113,944417
1753617186742,11:53:06.742,mexc,AEVO/USDT:USDT,0.1111,235707,0.111,475155,0.1112,281871,0.1113,944417
1753617186839,11:53:06.839,mexc,AEVO/USDT:USDT,0.1111,235707,0.111,475155,0.1112,281871,0.1113,944417
1753617187242,11:53:07.242,mexc,AEVO/USDT:USDT,0.1111,235707,0.111,475155,0.1112,281871,0.1113,944417
1753617187341,11:53:07.341,mexc,AEVO/USDT:USDT,0.1111,235707,0.111,590408,0.1112,281871,0.1113,944417
1753617187743,11:53:07.743,mexc,AEVO/USDT:USDT,0.1111,235707,0.111,590408,0.1112,281871,0.1113,944417
1753617187841,11:53:07.841,mexc,AEVO/USDT:USDT,0.1111,235707,0.111,475155,0.1112,281871,0.1113,944417
1753617188242,11:53:08.242,mexc,AEVO/USDT:USDT,0.1111,235707,0.111,475155,0.1112,281871,0.1113,944417
1753617188340,11:53:08.340,mexc,AEVO/USDT:USDT,0.1111,306347,0.111,739473,0.1112,111976,0.1113,571285
1753617188742,11:53:08.742,mexc,AEVO/USDT:USDT,0.1111,306347,0.111,739473,0.1112,111976,0.1113,571285
1753617188839,11:53:08.839,mexc,AEVO/USDT:USDT,0.1111,306347,0.111,739473,0.1112,111976,0.1113,703461
1753617189253,11:53:09.253,mexc,AEVO/USDT:USDT,0.1111,306347,0.111,739473,0.1112,111976,0.1113,497324
1753617189339,11:53:09.339,mexc,AEVO/USDT:USDT,0.1111,306347,0.111,739473,0.1112,111976,0.1113,611936
1753617189752,11:53:09.752,mexc,AEVO/USDT:USDT,0.1111,306347,0.111,739473,0.1112,111976,0.1113,611936
1753617189842,11:53:09.842,mexc,AEVO/USDT:USDT,0.1111,306347,0.111,739473,0.1112,111976,0.1113,497324
1753617190242,11:53:10.242,mexc,AEVO/USDT:USDT,0.1111,306347,0.111,739473,0.1112,111976,0.1113,497324
1753617190341,11:53:10.341,mexc,AEVO/USDT:USDT,0.1111,306347,0.111,961495,0.1112,111976,0.1113,596940
1753617190744,11:53:10.744,mexc,AEVO/USDT:USDT,0.1111,306347,0.111,961495,0.1112,111976,0.1113,596940
1753617190842,11:53:10.842,mexc,AEVO/USDT:USDT,0.1111,306347,0.111,739473,0.1112,111976,0.1113,710366
1753617191243,11:53:11.243,mexc,AEVO/USDT:USDT,0.1111,306347,0.111,739473,0.1112,111976,0.1113,710366
1753617191341,11:53:11.341,mexc,AEVO/USDT:USDT,0.1111,306347,0.111,739473,0.1112,111976,0.1113,497324
1753617191743,11:53:11.743,mexc,AEVO/USDT:USDT,0.1111,306347,0.111,739473,0.1112,111976,0.1113,497324
1753617191896,11:53:11.896,mexc,AEVO/USDT:USDT,0.1111,306347,0.111,826545,0.1112,111976,0.1113,497324
1753617192217,11:53:12.217,mexc,AEVO/USDT:USDT,0.1111,306347,0.111,826545,0.1112,111976,0.1113,497324
1753617192341,11:53:12.341,mexc,AEVO/USDT:USDT,0.1111,306347,0.111,739473,0.1112,111976,0.1113,648910
1753617192743,11:53:12.743,mexc,AEVO/USDT:USDT,0.1111,306347,0.111,739473,0.1112,111976,0.1113,648910
1753617192844,11:53:12.844,mexc,AEVO/USDT:USDT,0.1111,306347,0.111,1041295,0.1112,111976,0.1113,497324
1753617193245,11:53:13.245,mexc,AEVO/USDT:USDT,0.1111,306347,0.111,739473,0.1112,111976,0.1113,497324
1753617193341,11:53:13.341,mexc,AEVO/USDT:USDT,0.1111,306347,0.111,739473,0.1112,111976,0.1113,744429
1753617193744,11:53:13.744,mexc,AEVO/USDT:USDT,0.1111,306347,0.111,739473,0.1112,111976,0.1113,744429
1753617193842,11:53:13.842,mexc,AEVO/USDT:USDT,0.1111,306347,0.111,739473,0.1112,111976,0.1113,497324
1753617194243,11:53:14.243,mexc,AEVO/USDT:USDT,0.1111,306347,0.111,739473,0.1112,111976,0.1113,497324
1753617194341,11:53:14.341,mexc,AEVO/USDT:USDT,0.1111,467276,0.111,1151619,0.1112,4081,0.1113,785383
1753617194743,11:53:14.743,mexc,AEVO/USDT:USDT,0.1111,467276,0.111,1151619,0.1112,4081,0.1113,785383
1753617194859,11:53:14.859,mexc,AEVO/USDT:USDT,0.1112,437762,0.1111,467276,0.1113,617016,0.1114,948657
1753617195342,11:53:15.342,mexc,AEVO/USDT:USDT,0.1112,437762,0.1111,659001,0.1113,617016,0.1114,948657
1753617195342,11:53:15.342,mexc,AEVO/USDT:USDT,0.1112,437762,0.1111,979122,0.1113,617016,0.1114,948657
1753617195744,11:53:15.744,mexc,AEVO/USDT:USDT,0.1112,437762,0.1111,787397,0.1113,617016,0.1114,948657
1753617195843,11:53:15.843,mexc,AEVO/USDT:USDT,0.1112,437762,0.1111,879589,0.1113,617016,0.1114,1155994
1753617196244,11:53:16.244,mexc,AEVO/USDT:USDT,0.1112,437762,0.1111,733079,0.1113,617016,0.1114,1155994
1753617196341,11:53:16.341,mexc,AEVO/USDT:USDT,0.1112,437762,0.1111,467276,0.1113,617016,0.1114,948657
1753617196744,11:53:16.744,mexc,AEVO/USDT:USDT,0.1112,437762,0.1111,467276,0.1113,617016,0.1114,948657
1753617196841,11:53:16.841,mexc,AEVO/USDT:USDT,0.1112,437762,0.1111,467276,0.1113,617016,0.1114,948657
1753617197244,11:53:17.244,mexc,AEVO/USDT:USDT,0.1112,437762,0.1111,467276,0.1113,617016,0.1114,948657
1753617197342,11:53:17.342,mexc,AEVO/USDT:USDT,0.1112,437762,0.1111,467276,0.1113,617016,0.1114,948657
1753617197744,11:53:17.744,mexc,AEVO/USDT:USDT,0.1112,437762,0.1111,467276,0.1113,617016,0.1114,948657
1753617197900,11:53:17.900,mexc,AEVO/USDT:USDT,0.1112,437762,0.1111,593080,0.1113,617016,0.1114,948657
1753617198220,11:53:18.220,mexc,AEVO/USDT:USDT,0.1112,437762,0.1111,593080,0.1113,617016,0.1114,948657
1753617198340,11:53:18.340,mexc,AEVO/USDT:USDT,0.1112,437762,0.1111,467276,0.1113,617016,0.1114,948657
1753617198746,11:53:18.746,mexc,AEVO/USDT:USDT,0.1112,437762,0.1111,467276,0.1113,617016,0.1114,948657
1753617198843,11:53:18.843,mexc,AEVO/USDT:USDT,0.1112,437762,0.1111,467276,0.1113,617016,0.1114,1230904
1753617199249,11:53:19.249,mexc,AEVO/USDT:USDT,0.1112,437762,0.1111,467276,0.1113,617016,0.1114,1230904
1753617199342,11:53:19.342,mexc,AEVO/USDT:USDT,0.1112,437762,0.1111,467276,0.1113,617016,0.1114,1177349
1753617199745,11:53:19.745,mexc,AEVO/USDT:USDT,0.1112,437762,0.1111,467276,0.1113,617016,0.1114,1177349
1753617199844,11:53:19.844,mexc,AEVO/USDT:USDT,0.1112,437762,0.1111,784392,0.1113,617016,0.1114,948657
1753617200245,11:53:20.245,mexc,AEVO/USDT:USDT,0.1112,437762,0.1111,784392,0.1113,617016,0.1114,948657
1753617200343,11:53:20.343,mexc,AEVO/USDT:USDT,0.1112,267054,0.1111,914022,0.1113,147122,0.1114,961770
1753617200745,11:53:20.745,mexc,AEVO/USDT:USDT,0.1112,267054,0.1111,914022,0.1113,147122,0.1114,961770
1753617200844,11:53:20.844,mexc,AEVO/USDT:USDT,0.1112,267054,0.1111,1039269,0.1113,147122,0.1114,1640464
1753617201245,11:53:21.245,mexc,AEVO/USDT:USDT,0.1112,267054,0.1111,1039269,0.1113,147122,0.1114,1317038
1753617201343,11:53:21.343,mexc,AEVO/USDT:USDT,0.1112,267054,0.1111,914022,0.1113,147122,0.1114,1348437
1753617201745,11:53:21.745,mexc,AEVO/USDT:USDT,0.1112,267054,0.1111,914022,0.1113,147122,0.1114,961770
1753617201844,11:53:21.844,mexc,AEVO/USDT:USDT,0.1112,267054,0.1111,1131165,0.1113,147122,0.1114,1316971
1753617202247,11:53:22.247,mexc,AEVO/USDT:USDT,0.1112,267054,0.1111,1131165,0.1113,147122,0.1114,961770
1753617202343,11:53:22.343,mexc,AEVO/USDT:USDT,0.1112,267054,0.1111,914022,0.1113,147122,0.1114,1153348
1753617202745,11:53:22.745,mexc,AEVO/USDT:USDT,0.1112,267054,0.1111,914022,0.1113,147122,0.1114,1153348
1753617202843,11:53:22.843,mexc,AEVO/USDT:USDT,0.1112,267054,0.1111,914022,0.1113,147122,0.1114,961770
1753617203246,11:53:23.246,mexc,AEVO/USDT:USDT,0.1112,267054,0.1111,914022,0.1113,147122,0.1114,961770
1753617203416,11:53:23.416,mexc,AEVO/USDT:USDT,0.1112,267054,0.1111,1126017,0.1113,147122,0.1114,1077977
1753617203817,11:53:23.817,mexc,AEVO/USDT:USDT,0.1112,267054,0.1111,1126017,0.1113,147122,0.1114,1077977
1753617203982,11:53:23.982,mexc,AEVO/USDT:USDT,0.1112,267054,0.1111,1309694,0.1113,147122,0.1114,961770
1753617204223,11:53:24.223,mexc,AEVO/USDT:USDT,0.1112,267054,0.1111,1309694,0.1113,147122,0.1114,961770
1753617204414,11:53:24.414,mexc,AEVO/USDT:USDT,0.1112,267054,0.1111,1066452,0.1113,147122,0.1114,1078041
1753617204823,11:53:24.823,mexc,AEVO/USDT:USDT,0.1112,267054,0.1111,1066452,0.1113,147122,0.1114,1078041
1753617204915,11:53:24.915,mexc,AEVO/USDT:USDT,0.1112,267054,0.1111,914022,0.1113,147122,0.1114,1175910
1753617205317,11:53:25.317,mexc,AEVO/USDT:USDT,0.1112,267054,0.1111,914022,0.1113,147122,0.1114,1175910
1753617205414,11:53:25.414,mexc,AEVO/USDT:USDT,0.1112,267054,0.1111,914022,0.1113,147122,0.1114,961770
1753617205817,11:53:25.817,mexc,AEVO/USDT:USDT,0.1112,267054,0.1111,914022,0.1113,147122,0.1114,961770
1753617205914,11:53:25.914,mexc,AEVO/USDT:USDT,0.1112,267054,0.1111,1095466,0.1113,147122,0.1114,961770
1753617206317,11:53:26.317,mexc,AEVO/USDT:USDT,0.1112,267054,0.1111,1095466,0.1113,147122,0.1114,961770
1753617206414,11:53:26.414,mexc,AEVO/USDT:USDT,0.1112,281218,0.1111,1672825,0.1113,109837,0.1114,713373
1753617206819,11:53:26.819,mexc,AEVO/USDT:USDT,0.1112,281218,0.1111,1672825,0.1113,109837,0.1114,713373
1753617206914,11:53:26.914,mexc,AEVO/USDT:USDT,0.1112,281218,0.1111,1069931,0.1113,109837,0.1114,912688
1753617207316,11:53:27.316,mexc,AEVO/USDT:USDT,0.1112,281218,0.1111,1069931,0.1113,109837,0.1114,912688
1753617207415,11:53:27.415,mexc,AEVO/USDT:USDT,0.1112,281218,0.1111,1375255,0.1113,109837,0.1114,713373
1753617207818,11:53:27.818,mexc,AEVO/USDT:USDT,0.1112,281218,0.1111,1069931,0.1113,109837,0.1114,713373
1753617207918,11:53:27.918,mexc,AEVO/USDT:USDT,0.1112,281218,0.1111,1661894,0.1113,109837,0.1114,713373
1753617208321,11:53:28.321,mexc,AEVO/USDT:USDT,0.1112,281218,0.1111,1661894,0.1113,109837,0.1114,713373
1753617208415,11:53:28.415,mexc,AEVO/USDT:USDT,0.1112,281218,0.1111,1412110,0.1113,109837,0.1114,810029
1753617208820,11:53:28.820,mexc,AEVO/USDT:USDT,0.1112,281218,0.1111,1069931,0.1113,109837,0.1114,810029
1753617208916,11:53:28.916,mexc,AEVO/USDT:USDT,0.1112,281218,0.1111,1069931,0.1113,109837,0.1114,1111790
1753617209318,11:53:29.318,mexc,AEVO/USDT:USDT,0.1112,281218,0.1111,1069931,0.1113,109837,0.1114,1111790
1753617209416,11:53:29.416,mexc,AEVO/USDT:USDT,0.1112,281218,0.1111,1507741,0.1113,109837,0.1114,713373
1753617209818,11:53:29.818,mexc,AEVO/USDT:USDT,0.1112,281218,0.1111,1507741,0.1113,109837,0.1114,713373
1753617209987,11:53:29.987,mexc,AEVO/USDT:USDT,0.1112,281218,0.1111,1480512,0.1113,109837,0.1114,713373
1753617210223,11:53:30.223,mexc,AEVO/USDT:USDT,0.1112,281218,0.1111,1480512,0.1113,109837,0.1114,713373
1753617210416,11:53:30.416,mexc,AEVO/USDT:USDT,0.1112,281218,0.1111,1069931,0.1113,109837,0.1114,713373
1753617210822,11:53:30.822,mexc,AEVO/USDT:USDT,0.1112,281218,0.1111,1069931,0.1113,109837,0.1114,713373
1753617210918,11:53:30.918,mexc,AEVO/USDT:USDT,0.1112,281218,0.1111,1341477,0.1113,109837,0.1114,713373
1753617211320,11:53:31.320,mexc,AEVO/USDT:USDT,0.1112,281218,0.1111,1341477,0.1113,109837,0.1114,713373
1753617211417,11:53:31.417,mexc,AEVO/USDT:USDT,0.1112,281218,0.1111,1069931,0.1113,109837,0.1114,837210
1753617211819,11:53:31.819,mexc,AEVO/USDT:USDT,0.1112,281218,0.1111,1069931,0.1113,109837,0.1114,713373
1753617211917,11:53:31.917,mexc,AEVO/USDT:USDT,0.1112,281218,0.1111,1440513,0.1113,109837,0.1114,940485
1753617212320,11:53:32.320,mexc,AEVO/USDT:USDT,0.1112,281218,0.1111,1069931,0.1113,109837,0.1114,940485
1753617212483,11:53:32.483,mexc,AEVO/USDT:USDT,0.1113,319155,0.1112,319667,0.1114,765591,0.1115,1039045
1753617212917,11:53:32.917,mexc,AEVO/USDT:USDT,0.1113,319155,0.1112,319667,0.1114,765591,0.1115,1039045
1753617212917,11:53:32.917,mexc,AEVO/USDT:USDT,0.1113,319155,0.1112,319667,0.1114,765591,0.1115,1039045
1753617213417,11:53:33.417,mexc,AEVO/USDT:USDT,0.1113,319155,0.1112,319667,0.1114,765591,0.1115,1039045
1753617213417,11:53:33.417,mexc,AEVO/USDT:USDT,0.1113,319155,0.1112,554269,0.1114,765591,0.1115,1222816
1753617213822,11:53:33.822,mexc,AEVO/USDT:USDT,0.1113,319155,0.1112,319667,0.1114,765591,0.1115,1222816
1753617213921,11:53:33.921,mexc,AEVO/USDT:USDT,0.1113,319155,0.1112,319667,0.1114,765591,0.1115,1190715
1753617214321,11:53:34.321,mexc,AEVO/USDT:USDT,0.1113,319155,0.1112,319667,0.1114,765591,0.1115,1190715
1753617214418,11:53:34.418,mexc,AEVO/USDT:USDT,0.1113,319155,0.1112,319667,0.1114,765591,0.1115,1188249
1753617214821,11:53:34.821,mexc,AEVO/USDT:USDT,0.1113,319155,0.1112,319667,0.1114,765591,0.1115,1188249
1753617214926,11:53:34.926,mexc,AEVO/USDT:USDT,0.1113,319155,0.1112,319667,0.1114,765591,0.1115,1039045
1753617215322,11:53:35.322,mexc,AEVO/USDT:USDT,0.1113,319155,0.1112,319667,0.1114,765591,0.1115,1039045
1753617215419,11:53:35.419,mexc,AEVO/USDT:USDT,0.1113,319155,0.1112,719719,0.1114,765591,0.1115,1039045
1753617215821,11:53:35.821,mexc,AEVO/USDT:USDT,0.1113,319155,0.1112,319667,0.1114,765591,0.1115,1039045
1753617215986,11:53:35.986,mexc,AEVO/USDT:USDT,0.1113,319155,0.1112,319667,0.1114,765591,0.1115,1039045
1753617216225,11:53:36.225,mexc,AEVO/USDT:USDT,0.1113,319155,0.1112,319667,0.1114,765591,0.1115,1039045
1753617216420,11:53:36.420,mexc,AEVO/USDT:USDT,0.1113,319155,0.1112,319667,0.1114,765591,0.1115,1151466
1753617216823,11:53:36.823,mexc,AEVO/USDT:USDT,0.1113,319155,0.1112,319667,0.1114,765591,0.1115,1151466
1753617216920,11:53:36.920,mexc,AEVO/USDT:USDT,0.1113,319155,0.1112,319667,0.1114,765591,0.1115,1039045
1753617217322,11:53:37.322,mexc,AEVO/USDT:USDT,0.1113,319155,0.1112,319667,0.1114,765591,0.1115,1039045
1753617217420,11:53:37.420,mexc,AEVO/USDT:USDT,0.1113,319155,0.1112,670719,0.1114,765591,0.1115,1326915
1753617217822,11:53:37.822,mexc,AEVO/USDT:USDT,0.1113,319155,0.1112,670719,0.1114,765591,0.1115,1326915
1753617217919,11:53:37.919,mexc,AEVO/USDT:USDT,0.1113,319155,0.1112,479252,0.1114,765591,0.1115,1039045
1753617218323,11:53:38.323,mexc,AEVO/USDT:USDT,0.1113,319155,0.1112,479252,0.1114,765591,0.1115,1039045
1753617218420,11:53:38.420,mexc,AEVO/USDT:USDT,0.1113,176163,0.1112,492503,0.1114,382454,0.1115,1497631
1753617218823,11:53:38.823,mexc,AEVO/USDT:USDT,0.1113,176163,0.1112,492503,0.1114,382454,0.1115,1497631
1753617218920,11:53:38.920,mexc,AEVO/USDT:USDT,0.1113,176163,0.1112,547962,0.1114,382454,0.1115,1001249
1753617219322,11:53:39.322,mexc,AEVO/USDT:USDT,0.1113,176163,0.1112,547962,0.1114,382454,0.1115,1001249
1753617219420,11:53:39.420,mexc,AEVO/USDT:USDT,0.1113,176163,0.1112,492503,0.1114,382454,0.1115,1001249
1753617219823,11:53:39.823,mexc,AEVO/USDT:USDT,0.1113,176163,0.1112,492503,0.1114,382454,0.1115,1001249
1753617219920,11:53:39.920,mexc,AEVO/USDT:USDT,0.1113,176163,0.1112,492503,0.1114,382454,0.1115,1113102
1753617220322,11:53:40.322,mexc,AEVO/USDT:USDT,0.1113,176163,0.1112,492503,0.1114,382454,0.1115,1113102
1753617220420,11:53:40.420,mexc,AEVO/USDT:USDT,0.1113,176163,0.1112,608851,0.1114,382454,0.1115,1202412
1753617220824,11:53:40.824,mexc,AEVO/USDT:USDT,0.1113,176163,0.1112,608851,0.1114,382454,0.1115,1202412
1753617220920,11:53:40.920,mexc,AEVO/USDT:USDT,0.1113,176163,0.1112,492503,0.1114,382454,0.1115,1001249
1753617221323,11:53:41.323,mexc,AEVO/USDT:USDT,0.1113,176163,0.1112,492503,0.1114,382454,0.1115,1001249
1753617221420,11:53:41.420,mexc,AEVO/USDT:USDT,0.1113,176163,0.1112,492503,0.1114,382454,0.1115,1001249
1753617221823,11:53:41.823,mexc,AEVO/USDT:USDT,0.1113,176163,0.1112,492503,0.1114,382454,0.1115,1001249
1753617221984,11:53:41.984,mexc,AEVO/USDT:USDT,0.1113,176163,0.1112,492503,0.1114,382454,0.1115,1421585
1753617222229,11:53:42.229,mexc,AEVO/USDT:USDT,0.1113,176163,0.1112,492503,0.1114,382454,0.1115,1421585
1753617222420,11:53:42.420,mexc,AEVO/USDT:USDT,0.1113,176163,0.1112,578287,0.1114,382454,0.1115,1001249
1753617222823,11:53:42.823,mexc,AEVO/USDT:USDT,0.1113,176163,0.1112,578287,0.1114,382454,0.1115,1001249
1753617222920,11:53:42.920,mexc,AEVO/USDT:USDT,0.1113,176163,0.1112,492503,0.1114,382454,0.1115,1104474
1753617223322,11:53:43.322,mexc,AEVO/USDT:USDT,0.1113,176163,0.1112,492503,0.1114,382454,0.1115,1104474
1753617223421,11:53:43.421,mexc,AEVO/USDT:USDT,0.1113,176163,0.1112,492503,0.1114,382454,0.1115,1001249
1753617223824,11:53:43.824,mexc,AEVO/USDT:USDT,0.1113,176163,0.1112,492503,0.1114,382454,0.1115,1001249
1753617223921,11:53:43.921,mexc,AEVO/USDT:USDT,0.1113,176163,0.1112,630166,0.1114,382454,0.1115,1171100
1753617224323,11:53:44.323,mexc,AEVO/USDT:USDT,0.1113,176163,0.1112,630166,0.1114,382454,0.1115,1171100
1753617224422,11:53:44.422,mexc,AEVO/USDT:USDT,0.1113,222860,0.1112,532491,0.1114,273785,0.1115,804286
1753617224824,11:53:44.824,mexc,AEVO/USDT:USDT,0.1113,222860,0.1112,532491,0.1114,273785,0.1115,804286
1753617224922,11:53:44.922,mexc,AEVO/USDT:USDT,0.1113,222860,0.1112,405259,0.1114,273785,0.1115,804286
1753617225323,11:53:45.323,mexc,AEVO/USDT:USDT,0.1113,222860,0.1112,405259,0.1114,273785,0.1115,804286
1753617225421,11:53:45.421,mexc,AEVO/USDT:USDT,0.1113,222860,0.1112,528710,0.1114,273785,0.1115,1138175
1753617225825,11:53:45.825,mexc,AEVO/USDT:USDT,0.1113,222860,0.1112,405259,0.1114,273785,0.1115,1138175
1753617225922,11:53:45.922,mexc,AEVO/USDT:USDT,0.1113,222860,0.1112,405259,0.1114,273785,0.1115,996449
1753617226324,11:53:46.324,mexc,AEVO/USDT:USDT,0.1113,222860,0.1112,405259,0.1114,273785,0.1115,996449
1753617226422,11:53:46.422,mexc,AEVO/USDT:USDT,0.1113,222860,0.1112,405259,0.1114,273785,0.1115,804286
1753617226823,11:53:46.823,mexc,AEVO/USDT:USDT,0.1113,222860,0.1112,405259,0.1114,273785,0.1115,804286
1753617226922,11:53:46.922,mexc,AEVO/USDT:USDT,0.1113,222860,0.1112,734519,0.1114,273785,0.1115,1026678
1753617227326,11:53:47.326,mexc,AEVO/USDT:USDT,0.1113,222860,0.1112,734519,0.1114,273785,0.1115,804286
1753617227422,11:53:47.422,mexc,AEVO/USDT:USDT,0.1113,222860,0.1112,405259,0.1114,273785,0.1115,804286
1753617227825,11:53:47.825,mexc,AEVO/USDT:USDT,0.1113,222860,0.1112,405259,0.1114,273785,0.1115,804286
1753617227992,11:53:47.992,mexc,AEVO/USDT:USDT,0.1113,222860,0.1112,405259,0.1114,273785,0.1115,1187266
1753617228231,11:53:48.231,mexc,AEVO/USDT:USDT,0.1113,222860,0.1112,405259,0.1114,273785,0.1115,1187266
1753617228422,11:53:48.422,mexc,AEVO/USDT:USDT,0.1113,222860,0.1112,405259,0.1114,273785,0.1115,1000260
1753617228827,11:53:48.827,mexc,AEVO/USDT:USDT,0.1113,222860,0.1112,405259,0.1114,273785,0.1115,1000260
1753617228923,11:53:48.923,mexc,AEVO/USDT:USDT,0.1113,222860,0.1112,405259,0.1114,273785,0.1115,1057530
1753617229323,11:53:49.323,mexc,AEVO/USDT:USDT,0.1113,222860,0.1112,405259,0.1114,273785,0.1115,1057530
1753617229421,11:53:49.421,mexc,AEVO/USDT:USDT,0.1113,222860,0.1112,496037,0.1114,273785,0.1115,804286
1753617229825,11:53:49.825,mexc,AEVO/USDT:USDT,0.1113,222860,0.1112,405259,0.1114,273785,0.1115,804286
1753617229926,11:53:49.926,mexc,AEVO/USDT:USDT,0.1113,222860,0.1112,405259,0.1114,273785,0.1115,804286
1753617230325,11:53:50.325,mexc,AEVO/USDT:USDT,0.1113,222860,0.1112,405259,0.1114,273785,0.1115,804286
1753617230423,11:53:50.423,mexc,AEVO/USDT:USDT,0.1113,234492,0.1112,635994,0.1114,137736,0.1115,639840
1753617230825,11:53:50.825,mexc,AEVO/USDT:USDT,0.1113,234492,0.1112,635994,0.1114,137736,0.1115,639840
1753617230922,11:53:50.922,mexc,AEVO/USDT:USDT,0.1113,234492,0.1112,939338,0.1114,137736,0.1115,883517
1753617231325,11:53:51.325,mexc,AEVO/USDT:USDT,0.1113,234492,0.1112,635994,0.1114,137736,0.1115,883517
1753617231423,11:53:51.423,mexc,AEVO/USDT:USDT,0.1113,234492,0.1112,903872,0.1114,137736,0.1115,639840
1753617231826,11:53:51.826,mexc,AEVO/USDT:USDT,0.1113,234492,0.1112,903872,0.1114,137736,0.1115,639840
1753617231924,11:53:51.924,mexc,AEVO/USDT:USDT,0.1113,234492,0.1112,635994,0.1114,137736,0.1115,639840
1753617232325,11:53:52.325,mexc,AEVO/USDT:USDT,0.1113,234492,0.1112,635994,0.1114,137736,0.1115,639840
1753617232423,11:53:52.423,mexc,AEVO/USDT:USDT,0.1113,234492,0.1112,753886,0.1114,137736,0.1115,639840
1753617232825,11:53:52.825,mexc,AEVO/USDT:USDT,0.1113,234492,0.1112,635994,0.1114,137736,0.1115,639840
1753617232924,11:53:52.924,mexc,AEVO/USDT:USDT,0.1113,234492,0.1112,635994,0.1114,137736,0.1115,722089
1753617233326,11:53:53.326,mexc,AEVO/USDT:USDT,0.1113,234492,0.1112,635994,0.1114,137736,0.1115,722089
1753617233425,11:53:53.425,mexc,AEVO/USDT:USDT,0.1113,234492,0.1112,739694,0.1114,137736,0.1115,639840
1753617233835,11:53:53.835,mexc,AEVO/USDT:USDT,0.1113,234492,0.1112,739694,0.1114,137736,0.1115,639840
1753617233986,11:53:53.986,mexc,AEVO/USDT:USDT,0.1113,234492,0.1112,635994,0.1114,137736,0.1115,639840
1753617234237,11:53:54.237,mexc,AEVO/USDT:USDT,0.1113,234492,0.1112,635994,0.1114,137736,0.1115,639840
1753617234424,11:53:54.424,mexc,AEVO/USDT:USDT,0.1113,234492,0.1112,635994,0.1114,137736,0.1115,1053284
1753617234828,11:53:54.828,mexc,AEVO/USDT:USDT,0.1113,234492,0.1112,635994,0.1114,137736,0.1115,1053284
1753617234925,11:53:54.925,mexc,AEVO/USDT:USDT,0.1113,234492,0.1112,635994,0.1114,137736,0.1115,639840
1753617235327,11:53:55.327,mexc,AEVO/USDT:USDT,0.1113,234492,0.1112,635994,0.1114,137736,0.1115,639840
1753617235425,11:53:55.425,mexc,AEVO/USDT:USDT,0.1113,234492,0.1112,855128,0.1114,137736,0.1115,639840
1753617235827,11:53:55.827,mexc,AEVO/USDT:USDT,0.1113,234492,0.1112,855128,0.1114,137736,0.1115,639840
1753617235925,11:53:55.925,mexc,AEVO/USDT:USDT,0.1113,234492,0.1112,705657,0.1114,137736,0.1115,849575
1753617236327,11:53:56.327,mexc,AEVO/USDT:USDT,0.1113,234492,0.1112,705657,0.1114,454400,0.1115,849575
1753617236425,11:53:56.425,mexc,AEVO/USDT:USDT,0.1113,170617,0.1112,813302,0.1114,316664,0.1115,1081170
1753617236828,11:53:56.828,mexc,AEVO/USDT:USDT,0.1113,170617,0.1112,813302,0.1114,316664,0.1115,1081170
1753617236924,11:53:56.924,mexc,AEVO/USDT:USDT,0.1113,170617,0.1112,730799,0.1114,316664,0.1115,1154593
1753617237329,11:53:57.329,mexc,AEVO/USDT:USDT,0.1113,170617,0.1112,730799,0.1114,316664,0.1115,1154593
1753617237425,11:53:57.425,mexc,AEVO/USDT:USDT,0.1113,170617,0.1112,548919,0.1114,316664,0.1115,855933
1753617237827,11:53:57.827,mexc,AEVO/USDT:USDT,0.1113,170617,0.1112,548919,0.1114,316664,0.1115,855933
1753617237925,11:53:57.925,mexc,AEVO/USDT:USDT,0.1113,170617,0.1112,624430,0.1114,316664,0.1115,1027536
1753617238330,11:53:58.330,mexc,AEVO/USDT:USDT,0.1113,170617,0.1112,548919,0.1114,316664,0.1115,1027536
1753617238425,11:53:58.425,mexc,AEVO/USDT:USDT,0.1113,170617,0.1112,548919,0.1114,316664,0.1115,855933
1753617238830,11:53:58.830,mexc,AEVO/USDT:USDT,0.1113,170617,0.1112,548919,0.1114,316664,0.1115,855933
1753617238926,11:53:58.926,mexc,AEVO/USDT:USDT,0.1113,170617,0.1112,656176,0.1114,316664,0.1115,1403046
1753617239329,11:53:59.329,mexc,AEVO/USDT:USDT,0.1113,170617,0.1112,656176,0.1114,316664,0.1115,1245851
1753617239428,11:53:59.428,mexc,AEVO/USDT:USDT,0.1113,170617,0.1112,615444,0.1114,316664,0.1115,855933
1753617239829,11:53:59.829,mexc,AEVO/USDT:USDT,0.1113,170617,0.1112,615444,0.1114,316664,0.1115,855933
1753617239926,11:53:59.926,mexc,AEVO/USDT:USDT,0.1113,170617,0.1112,548919,0.1114,316664,0.1115,855933
1753617240235,11:54:00.235,mexc,AEVO/USDT:USDT,0.1113,170617,0.1112,548919,0.1114,316664,0.1115,855933
1753617240427,11:54:00.427,mexc,AEVO/USDT:USDT,0.1113,170617,0.1112,548919,0.1114,316664,0.1115,1154104
1753617240829,11:54:00.829,mexc,AEVO/USDT:USDT,0.1113,170617,0.1112,548919,0.1114,316664,0.1115,1154104
1753617240926,11:54:00.926,mexc,AEVO/USDT:USDT,0.1113,170617,0.1112,548919,0.1114,316664,0.1115,855933
1753617241329,11:54:01.329,mexc,AEVO/USDT:USDT,0.1113,170617,0.1112,548919,0.1114,316664,0.1115,855933
1753617241427,11:54:01.427,mexc,AEVO/USDT:USDT,0.1113,170617,0.1112,626427,0.1114,316664,0.1115,1108312
1753617241601,11:54:01.601,mexc,AEVO/USDT:USDT,0.1112,548919,0.1111,935517,0.1113,419958,0.1114,316664
1753617241926,11:54:01.926,mexc,AEVO/USDT:USDT,0.1112,548919,0.1111,1392677,0.1113,419958,0.1114,822567
1753617242328,11:54:02.328,mexc,AEVO/USDT:USDT,0.1112,548919,0.1111,1249876,0.1113,419958,0.1114,822567
1753617242427,11:54:02.427,mexc,AEVO/USDT:USDT,0.1112,548919,0.1111,935517,0.1113,419958,0.1114,316664
1753617242829,11:54:02.829,mexc,AEVO/USDT:USDT,0.1112,548919,0.1111,935517,0.1113,419958,0.1114,316664
1753617242926,11:54:02.926,mexc,AEVO/USDT:USDT,0.1112,548919,0.1111,1245880,0.1113,419958,0.1114,316664
1753617243331,11:54:03.331,mexc,AEVO/USDT:USDT,0.1112,548919,0.1111,935517,0.1113,419958,0.1114,316664
1753617243427,11:54:03.427,mexc,AEVO/USDT:USDT,0.1112,548919,0.1111,935517,0.1113,419958,0.1114,316664
1753617243828,11:54:03.828,mexc,AEVO/USDT:USDT,0.1112,548919,0.1111,935517,0.1113,419958,0.1114,316664
1753617243928,11:54:03.928,mexc,AEVO/USDT:USDT,0.1112,548919,0.1111,1232762,0.1113,419958,0.1114,571283
1753617244330,11:54:04.330,mexc,AEVO/USDT:USDT,0.1112,548919,0.1111,1232762,0.1113,419958,0.1114,571283
1753617244427,11:54:04.427,mexc,AEVO/USDT:USDT,0.1112,548919,0.1111,1206987,0.1113,419958,0.1114,597047
1753617244830,11:54:04.830,mexc,AEVO/USDT:USDT,0.1112,548919,0.1111,1206987,0.1113,419958,0.1114,597047
1753617244927,11:54:04.927,mexc,AEVO/USDT:USDT,0.1112,548919,0.1111,1130602,0.1113,419958,0.1114,316664
1753617245299,11:54:05.299,mexc,AEVO/USDT:USDT,0.1112,548919,0.1111,1130602,0.1113,419958,0.1114,316664
1753617245427,11:54:05.427,mexc,AEVO/USDT:USDT,0.1112,548919,0.1111,1154377,0.1113,419958,0.1114,871188
1753617245835,11:54:05.835,mexc,AEVO/USDT:USDT,0.1112,548919,0.1111,1154377,0.1113,419958,0.1114,538008
1753617245928,11:54:05.928,mexc,AEVO/USDT:USDT,0.1112,548919,0.1111,935517,0.1113,419958,0.1114,672249
1753617246086,11:54:06.086,mexc,AEVO/USDT:USDT,0.1112,548919,0.1111,935517,0.1113,419958,0.1114,672249
1753617246427,11:54:06.427,mexc,AEVO/USDT:USDT,0.1112,548919,0.1111,1056639,0.1113,419958,0.1114,495812
1753617246830,11:54:06.830,mexc,AEVO/USDT:USDT,0.1112,548919,0.1111,1056639,0.1113,419958,0.1114,495812
1753617246928,11:54:06.928,mexc,AEVO/USDT:USDT,0.1112,548919,0.1111,1243665,0.1113,419958,0.1114,316664
1753617247329,11:54:07.329,mexc,AEVO/USDT:USDT,0.1112,548919,0.1111,1243665,0.1113,676779,0.1114,316664
1753617247430,11:54:07.430,mexc,AEVO/USDT:USDT,0.1112,245554,0.1111,775623,0.1113,256821,0.1114,1135154
1753617247831,11:54:07.831,mexc,AEVO/USDT:USDT,0.1112,245554,0.1111,775623,0.1113,256821,0.1114,1135154
1753617247928,11:54:07.928,mexc,AEVO/USDT:USDT,0.1112,245554,0.1111,947869,0.1113,256821,0.1114,1496241
1753617248330,11:54:08.330,mexc,AEVO/USDT:USDT,0.1112,245554,0.1111,947869,0.1113,256821,0.1114,1496241
1753617248427,11:54:08.427,mexc,AEVO/USDT:USDT,0.1112,245554,0.1111,972147,0.1113,256821,0.1114,1135154
1753617248831,11:54:08.831,mexc,AEVO/USDT:USDT,0.1112,245554,0.1111,775623,0.1113,256821,0.1114,1135154
1753617248928,11:54:08.928,mexc,AEVO/USDT:USDT,0.1112,245554,0.1111,775623,0.1113,256821,0.1114,1135154
1753617249331,11:54:09.331,mexc,AEVO/USDT:USDT,0.1112,245554,0.1111,775623,0.1113,256821,0.1114,1135154
1753617249428,11:54:09.428,mexc,AEVO/USDT:USDT,0.1112,245554,0.1111,1119834,0.1113,256821,0.1114,1676698
1753617249831,11:54:09.831,mexc,AEVO/USDT:USDT,0.1112,245554,0.1111,1119834,0.1113,256821,0.1114,1135154
1753617249928,11:54:09.928,mexc,AEVO/USDT:USDT,0.1112,245554,0.1111,775623,0.1113,256821,0.1114,1135154
1753617250331,11:54:10.331,mexc,AEVO/USDT:USDT,0.1112,245554,0.1111,775623,0.1113,256821,0.1114,1135154
1753617250429,11:54:10.429,mexc,AEVO/USDT:USDT,0.1112,245554,0.1111,875773,0.1113,256821,0.1114,1474764
1753617250832,11:54:10.832,mexc,AEVO/USDT:USDT,0.1112,245554,0.1111,875773,0.1113,256821,0.1114,1474764
1753617250931,11:54:10.931,mexc,AEVO/USDT:USDT,0.1112,245554,0.1111,775623,0.1113,256821,0.1114,1612370
1753617251302,11:54:11.302,mexc,AEVO/USDT:USDT,0.1112,245554,0.1111,775623,0.1113,256821,0.1114,1612370
1753617251430,11:54:11.430,mexc,AEVO/USDT:USDT,0.1112,245554,0.1111,1126158,0.1113,256821,0.1114,1135154
1753617251832,11:54:11.832,mexc,AEVO/USDT:USDT,0.1112,245554,0.1111,1126158,0.1113,256821,0.1114,1135154
1753617251930,11:54:11.930,mexc,AEVO/USDT:USDT,0.1112,245554,0.1111,775623,0.1113,256821,0.1114,1367837
1753617252265,11:54:12.265,mexc,AEVO/USDT:USDT,0.1112,245554,0.1111,775623,0.1113,256821,0.1114,1367837
1753617252430,11:54:12.430,mexc,AEVO/USDT:USDT,0.1112,245554,0.1111,1135524,0.1113,256821,0.1114,1256991
1753617252833,11:54:12.833,mexc,AEVO/USDT:USDT,0.1112,245554,0.1111,1135524,0.1113,256821,0.1114,1256991
1753617252930,11:54:12.930,mexc,AEVO/USDT:USDT,0.1112,245554,0.1111,1035068,0.1113,256821,0.1114,1135154
1753617253331,11:54:13.331,mexc,AEVO/USDT:USDT,0.1112,245554,0.1111,1035068,0.1113,555738,0.1114,1135154
1753617253430,11:54:13.430,mexc,AEVO/USDT:USDT,0.1112,147877,0.1111,767896,0.1113,298917,0.1114,1301156
1753617253834,11:54:13.834,mexc,AEVO/USDT:USDT,0.1112,147877,0.1111,543407,0.1113,298917,0.1114,1301156
1753617253930,11:54:13.930,mexc,AEVO/USDT:USDT,0.1112,147877,0.1111,543407,0.1113,298917,0.1114,988817
1753617254334,11:54:14.334,mexc,AEVO/USDT:USDT,0.1112,147877,0.1111,543407,0.1113,298917,0.1114,988817
1753617254430,11:54:14.430,mexc,AEVO/USDT:USDT,0.1112,147877,0.1111,763231,0.1113,298917,0.1114,1421222
1753617254834,11:54:14.834,mexc,AEVO/USDT:USDT,0.1112,147877,0.1111,543407,0.1113,298917,0.1114,1421222
1753617254930,11:54:14.930,mexc,AEVO/USDT:USDT,0.1112,147877,0.1111,543407,0.1113,298917,0.1114,1415532
1753617255333,11:54:15.333,mexc,AEVO/USDT:USDT,0.1112,147877,0.1111,543407,0.1113,298917,0.1114,1415532
1753617255431,11:54:15.431,mexc,AEVO/USDT:USDT,0.1112,147877,0.1111,599925,0.1113,298917,0.1114,1462806
1753617255833,11:54:15.833,mexc,AEVO/USDT:USDT,0.1112,147877,0.1111,599925,0.1113,298917,0.1114,1462806
1753617255932,11:54:15.932,mexc,AEVO/USDT:USDT,0.1112,147877,0.1111,727972,0.1113,298917,0.1114,1218009
1753617256334,11:54:16.334,mexc,AEVO/USDT:USDT,0.1112,147877,0.1111,727972,0.1113,298917,0.1114,1218009
1753617256433,11:54:16.433,mexc,AEVO/USDT:USDT,0.1112,147877,0.1111,782715,0.1113,298917,0.1114,988817
1753617256836,11:54:16.836,mexc,AEVO/USDT:USDT,0.1112,147877,0.1111,543407,0.1113,298917,0.1114,988817
1753617256933,11:54:16.933,mexc,AEVO/USDT:USDT,0.1112,147877,0.1111,663148,0.1113,298917,0.1114,1406321
1753617257302,11:54:17.302,mexc,AEVO/USDT:USDT,0.1112,147877,0.1111,663148,0.1113,298917,0.1114,1406321
1753617257434,11:54:17.434,mexc,AEVO/USDT:USDT,0.1112,147877,0.1111,543407,0.1113,298917,0.1114,1238327
1753617257838,11:54:17.838,mexc,AEVO/USDT:USDT,0.1112,147877,0.1111,543407,0.1113,298917,0.1114,1238327
1753617257934,11:54:17.934,mexc,AEVO/USDT:USDT,0.1112,147877,0.1111,543407,0.1113,298917,0.1114,988817
1753617258093,11:54:18.093,mexc,AEVO/USDT:USDT,0.1112,147877,0.1111,543407,0.1113,298917,0.1114,988817
1753617258449,11:54:18.449,mexc,AEVO/USDT:USDT,0.1112,147877,0.1111,543407,0.1113,298917,0.1114,1102851
1753617258843,11:54:18.843,mexc,AEVO/USDT:USDT,0.1112,147877,0.1111,543407,0.1113,298917,0.1114,1102851
1753617258937,11:54:18.937,mexc,AEVO/USDT:USDT,0.1112,147877,0.1111,543407,0.1113,298917,0.1114,988817
1753617259334,11:54:19.334,mexc,AEVO/USDT:USDT,0.1112,147877,0.1111,543407,0.1113,717982,0.1114,988817
1753617259438,11:54:19.438,mexc,AEVO/USDT:USDT,0.1112,84286,0.1111,661792,0.1113,419065,0.1114,1346028
1753617259840,11:54:19.840,mexc,AEVO/USDT:USDT,0.1112,84286,0.1111,661792,0.1113,419065,0.1114,1346028
1753617259936,11:54:19.936,mexc,AEVO/USDT:USDT,0.1112,84286,0.1111,661792,0.1113,419065,0.1114,1346028
1753617260339,11:54:20.339,mexc,AEVO/USDT:USDT,0.1112,84286,0.1111,661792,0.1113,419065,0.1114,1346028
1753617260437,11:54:20.437,mexc,AEVO/USDT:USDT,0.1112,84286,0.1111,868752,0.1113,419065,0.1114,1346028
1753617260839,11:54:20.839,mexc,AEVO/USDT:USDT,0.1112,84286,0.1111,868752,0.1113,419065,0.1114,1346028
1753617260937,11:54:20.937,mexc,AEVO/USDT:USDT,0.1112,84286,0.1111,661792,0.1113,419065,0.1114,1731520
1753617261339,11:54:21.339,mexc,AEVO/USDT:USDT,0.1112,84286,0.1111,661792,0.1113,419065,0.1114,1731520
1753617261438,11:54:21.438,mexc,AEVO/USDT:USDT,0.1112,84286,0.1111,913089,0.1113,419065,0.1114,1729540
1753617261839,11:54:21.839,mexc,AEVO/USDT:USDT,0.1112,84286,0.1111,913089,0.1113,419065,0.1114,1729540
1753617261937,11:54:21.937,mexc,AEVO/USDT:USDT,0.1112,84286,0.1111,661792,0.1113,419065,0.1114,1922669
1753617262340,11:54:22.340,mexc,AEVO/USDT:USDT,0.1112,84286,0.1111,661792,0.1113,419065,0.1114,1922669
1753617262439,11:54:22.439,mexc,AEVO/USDT:USDT,0.1112,84286,0.1111,661792,0.1113,419065,0.1114,1346028
1753617262841,11:54:22.841,mexc,AEVO/USDT:USDT,0.1112,84286,0.1111,661792,0.1113,419065,0.1114,1346028
1753617262938,11:54:22.938,mexc,AEVO/USDT:USDT,0.1112,84286,0.1111,661792,0.1113,419065,0.1114,1346028
1753617263305,11:54:23.305,mexc,AEVO/USDT:USDT,0.1112,84286,0.1111,661792,0.1113,419065,0.1114,1346028
1753617263439,11:54:23.439,mexc,AEVO/USDT:USDT,0.1112,84286,0.1111,944456,0.1113,419065,0.1114,1920951
1753617263839,11:54:23.839,mexc,AEVO/USDT:USDT,0.1112,84286,0.1111,661792,0.1113,419065,0.1114,1920951
1753617263938,11:54:23.938,mexc,AEVO/USDT:USDT,0.1112,84286,0.1111,831929,0.1113,419065,0.1114,1987891
1753617264091,11:54:24.091,mexc,AEVO/USDT:USDT,0.1112,84286,0.1111,831929,0.1113,419065,0.1114,1987891
1753617264437,11:54:24.437,mexc,AEVO/USDT:USDT,0.1112,84286,0.1111,661792,0.1113,419065,0.1114,1739702
1753617264840,11:54:24.840,mexc,AEVO/USDT:USDT,0.1112,84286,0.1111,661792,0.1113,419065,0.1114,1346028
1753617264939,11:54:24.939,mexc,AEVO/USDT:USDT,0.1112,84286,0.1111,661792,0.1113,419065,0.1114,1851309
1753617265337,11:54:25.337,mexc,AEVO/USDT:USDT,0.1112,84286,0.1111,661792,0.1113,847238,0.1114,1851309
1753617265439,11:54:25.439,mexc,AEVO/USDT:USDT,0.1112,109566,0.1111,902331,0.1113,428173,0.1114,1314987
1753617265842,11:54:25.842,mexc,AEVO/USDT:USDT,0.1112,109566,0.1111,630395,0.1113,428173,0.1114,1314987
1753617265937,11:54:25.937,mexc,AEVO/USDT:USDT,0.1112,109566,0.1111,630395,0.1113,428173,0.1114,1314987
1753617266341,11:54:26.341,mexc,AEVO/USDT:USDT,0.1112,109566,0.1111,630395,0.1113,428173,0.1114,1314987
1753617266439,11:54:26.439,mexc,AEVO/USDT:USDT,0.1112,109566,0.1111,630395,0.1113,428173,0.1114,1806857
1753617266842,11:54:26.842,mexc,AEVO/USDT:USDT,0.1112,109566,0.1111,630395,0.1113,428173,0.1114,1806857
1753617266939,11:54:26.939,mexc,AEVO/USDT:USDT,0.1112,109566,0.1111,935448,0.1113,428173,0.1114,1914464
1753617267341,11:54:27.341,mexc,AEVO/USDT:USDT,0.1112,109566,0.1111,935448,0.1113,428173,0.1114,1914464
1753617267441,11:54:27.441,mexc,AEVO/USDT:USDT,0.1112,109566,0.1111,630395,0.1113,428173,0.1114,1839160
1753617267842,11:54:27.842,mexc,AEVO/USDT:USDT,0.1112,109566,0.1111,630395,0.1113,428173,0.1114,1314987
1753617267939,11:54:27.939,mexc,AEVO/USDT:USDT,0.1112,109566,0.1111,630395,0.1113,428173,0.1114,1314987
1753617268342,11:54:28.342,mexc,AEVO/USDT:USDT,0.1112,109566,0.1111,630395,0.1113,428173,0.1114,1314987
1753617268442,11:54:28.442,mexc,AEVO/USDT:USDT,0.1112,109566,0.1111,630395,0.1113,428173,0.1114,1694600
1753617268844,11:54:28.844,mexc,AEVO/USDT:USDT,0.1112,109566,0.1111,630395,0.1113,428173,0.1114,1694600
1753617268939,11:54:28.939,mexc,AEVO/USDT:USDT,0.1112,109566,0.1111,630395,0.1113,428173,0.1114,1314987
1753617269307,11:54:29.307,mexc,AEVO/USDT:USDT,0.1112,109566,0.1111,630395,0.1113,428173,0.1114,1314987
1753617269441,11:54:29.441,mexc,AEVO/USDT:USDT,0.1112,109566,0.1111,630395,0.1113,428173,0.1114,1314987
1753617269844,11:54:29.844,mexc,AEVO/USDT:USDT,0.1112,109566,0.1111,630395,0.1113,428173,0.1114,1314987
1753617270028,11:54:30.028,mexc,AEVO/USDT:USDT,0.1111,630395,0.111,899894,0.1112,562380,0.1113,428173
1753617270098,11:54:30.098,mexc,AEVO/USDT:USDT,0.1111,630395,0.111,899894,0.1112,562380,0.1113,428173
1753617270442,11:54:30.442,mexc,AEVO/USDT:USDT,0.1111,630395,0.111,899894,0.1112,562380,0.1113,428173
1753617270844,11:54:30.844,mexc,AEVO/USDT:USDT,0.1111,630395,0.111,899894,0.1112,562380,0.1113,428173
1753617270940,11:54:30.940,mexc,AEVO/USDT:USDT,0.1111,630395,0.111,967150,0.1112,562380,0.1113,428173
1753617271344,11:54:31.344,mexc,AEVO/USDT:USDT,0.1111,630395,0.111,899894,0.1112,562380,0.1113,428173
1753617271442,11:54:31.442,mexc,AEVO/USDT:USDT,0.1111,630395,0.111,899894,0.1112,562380,0.1113,672703
1753617271847,11:54:31.847,mexc,AEVO/USDT:USDT,0.1111,630395,0.111,899894,0.1112,562380,0.1113,672703
1753617271941,11:54:31.941,mexc,AEVO/USDT:USDT,0.1111,630395,0.111,899894,0.1112,562380,0.1113,428173
1753617272344,11:54:32.344,mexc,AEVO/USDT:USDT,0.1111,630395,0.111,899894,0.1112,562380,0.1113,428173
1753617272444,11:54:32.444,mexc,AEVO/USDT:USDT,0.1111,630395,0.111,899894,0.1112,562380,0.1113,839288
1753617272844,11:54:32.844,mexc,AEVO/USDT:USDT,0.1111,630395,0.111,899894,0.1112,562380,0.1113,839288
1753617272942,11:54:32.942,mexc,AEVO/USDT:USDT,0.1111,630395,0.111,899894,0.1112,562380,0.1113,683228
1753617273348,11:54:33.348,mexc,AEVO/USDT:USDT,0.1111,630395,0.111,899894,0.1112,562380,0.1113,428173
1753617273442,11:54:33.442,mexc,AEVO/USDT:USDT,0.1111,630395,0.111,899894,0.1112,562380,0.1113,647978
1753617273846,11:54:33.846,mexc,AEVO/USDT:USDT,0.1111,630395,0.111,899894,0.1112,562380,0.1113,428173
1753617273941,11:54:33.941,mexc,AEVO/USDT:USDT,0.1111,630395,0.111,899894,0.1112,562380,0.1113,428173
1753617274344,11:54:34.344,mexc,AEVO/USDT:USDT,0.1111,630395,0.111,899894,0.1112,562380,0.1113,428173
1753617274442,11:54:34.442,mexc,AEVO/USDT:USDT,0.1111,630395,0.111,1029504,0.1112,562380,0.1113,428173
1753617274843,11:54:34.843,mexc,AEVO/USDT:USDT,0.1111,630395,0.111,899894,0.1112,562380,0.1113,428173
1753617274942,11:54:34.942,mexc,AEVO/USDT:USDT,0.1111,630395,0.111,899894,0.1112,562380,0.1113,749816
1753617275311,11:54:35.311,mexc,AEVO/USDT:USDT,0.1111,630395,0.111,899894,0.1112,562380,0.1113,749816
1753617275441,11:54:35.441,mexc,AEVO/USDT:USDT,0.1111,265251,0.111,705552,0.1112,258884,0.1113,774871
1753617275845,11:54:35.845,mexc,AEVO/USDT:USDT,0.1111,265251,0.111,705552,0.1112,258884,0.1113,538055
1753617275942,11:54:35.942,mexc,AEVO/USDT:USDT,0.1111,265251,0.111,860395,0.1112,258884,0.1113,538055
1753617276098,11:54:36.098,mexc,AEVO/USDT:USDT,0.1111,265251,0.111,860395,0.1112,258884,0.1113,538055
1753617276442,11:54:36.442,mexc,AEVO/USDT:USDT,0.1111,265251,0.111,705552,0.1112,258884,0.1113,538055
1753617276846,11:54:36.846,mexc,AEVO/USDT:USDT,0.1111,265251,0.111,705552,0.1112,258884,0.1113,538055
1753617276942,11:54:36.942,mexc,AEVO/USDT:USDT,0.1111,265251,0.111,705552,0.1112,258884,0.1113,538055
1753617277347,11:54:37.347,mexc,AEVO/USDT:USDT,0.1111,265251,0.111,705552,0.1112,258884,0.1113,538055
1753617277444,11:54:37.444,mexc,AEVO/USDT:USDT,0.1111,265251,0.111,705552,0.1112,258884,0.1113,930294
1753617277845,11:54:37.845,mexc,AEVO/USDT:USDT,0.1111,265251,0.111,705552,0.1112,258884,0.1113,930294
1753617277942,11:54:37.942,mexc,AEVO/USDT:USDT,0.1111,265251,0.111,705552,0.1112,258884,0.1113,830778
1753617278343,11:54:38.343,mexc,AEVO/USDT:USDT,0.1111,265251,0.111,705552,0.1112,258884,0.1113,745249
1753617278443,11:54:38.443,mexc,AEVO/USDT:USDT,0.1111,265251,0.111,705552,0.1112,258884,0.1113,706346
1753617278847,11:54:38.847,mexc,AEVO/USDT:USDT,0.1111,265251,0.111,705552,0.1112,258884,0.1113,706346
1753617278943,11:54:38.943,mexc,AEVO/USDT:USDT,0.1111,265251,0.111,836189,0.1112,258884,0.1113,796727
1753617279345,11:54:39.345,mexc,AEVO/USDT:USDT,0.1111,265251,0.111,836189,0.1112,258884,0.1113,538055
1753617279445,11:54:39.445,mexc,AEVO/USDT:USDT,0.1111,265251,0.111,870603,0.1112,258884,0.1113,596680
1753617279850,11:54:39.850,mexc,AEVO/USDT:USDT,0.1111,265251,0.111,870603,0.1112,258884,0.1113,596680
1753617279943,11:54:39.943,mexc,AEVO/USDT:USDT,0.1111,265251,0.111,1038515,0.1112,258884,0.1113,538055
1753617280345,11:54:40.345,mexc,AEVO/USDT:USDT,0.1111,265251,0.111,1038515,0.1112,258884,0.1113,538055
1753617280443,11:54:40.443,mexc,AEVO/USDT:USDT,0.1111,265251,0.111,928740,0.1112,258884,0.1113,538055
1753617280846,11:54:40.846,mexc,AEVO/USDT:USDT,0.1111,265251,0.111,856208,0.1112,258884,0.1113,538055
1753617280943,11:54:40.943,mexc,AEVO/USDT:USDT,0.1111,265251,0.111,705552,0.1112,258884,0.1113,538055
1753617281311,11:54:41.311,mexc,AEVO/USDT:USDT,0.1111,265251,0.111,705552,0.1112,258884,0.1113,538055
1753617281443,11:54:41.443,mexc,AEVO/USDT:USDT,0.1111,242692,0.111,732127,0.1112,231989,0.1113,660676
1753617281846,11:54:41.846,mexc,AEVO/USDT:USDT,0.1111,242692,0.111,732127,0.1112,231989,0.1113,660676
1753617281944,11:54:41.944,mexc,AEVO/USDT:USDT,0.1111,242692,0.111,732127,0.1112,231989,0.1113,832215
1753617282098,11:54:42.098,mexc,AEVO/USDT:USDT,0.1111,242692,0.111,732127,0.1112,231989,0.1113,832215
1753617282443,11:54:42.443,mexc,AEVO/USDT:USDT,0.1111,242692,0.111,732127,0.1112,231989,0.1113,872472
1753617282847,11:54:42.847,mexc,AEVO/USDT:USDT,0.1111,242692,0.111,732127,0.1112,231989,0.1113,660676
1753617282944,11:54:42.944,mexc,AEVO/USDT:USDT,0.1111,242692,0.111,732127,0.1112,231989,0.1113,752184
1753617283346,11:54:43.346,mexc,AEVO/USDT:USDT,0.1111,242692,0.111,732127,0.1112,231989,0.1113,752184
1753617283443,11:54:43.443,mexc,AEVO/USDT:USDT,0.1111,242692,0.111,732127,0.1112,231989,0.1113,930072
1753617283847,11:54:43.847,mexc,AEVO/USDT:USDT,0.1111,242692,0.111,732127,0.1112,231989,0.1113,930072
1753617283944,11:54:43.944,mexc,AEVO/USDT:USDT,0.1111,242692,0.111,732127,0.1112,231989,0.1113,1113566
1753617284347,11:54:44.347,mexc,AEVO/USDT:USDT,0.1111,242692,0.111,732127,0.1112,231989,0.1113,1113566
1753617284447,11:54:44.447,mexc,AEVO/USDT:USDT,0.1111,242692,0.111,732127,0.1112,231989,0.1113,660676
1753617284847,11:54:44.847,mexc,AEVO/USDT:USDT,0.1111,242692,0.111,732127,0.1112,231989,0.1113,660676
1753617284945,11:54:44.945,mexc,AEVO/USDT:USDT,0.1111,242692,0.111,898986,0.1112,231989,0.1113,660676
1753617285347,11:54:45.347,mexc,AEVO/USDT:USDT,0.1111,242692,0.111,898986,0.1112,231989,0.1113,660676
1753617285445,11:54:45.445,mexc,AEVO/USDT:USDT,0.1111,242692,0.111,732127,0.1112,231989,0.1113,836640
1753617285846,11:54:45.846,mexc,AEVO/USDT:USDT,0.1111,242692,0.111,732127,0.1112,231989,0.1113,836640
1753617285947,11:54:45.947,mexc,AEVO/USDT:USDT,0.1111,242692,0.111,732127,0.1112,231989,0.1113,660676
1753617286351,11:54:46.351,mexc,AEVO/USDT:USDT,0.1111,242692,0.111,732127,0.1112,231989,0.1113,660676
1753617286448,11:54:46.448,mexc,AEVO/USDT:USDT,0.1111,242692,0.111,1102976,0.1112,231989,0.1113,1141804
1753617286850,11:54:46.850,mexc,AEVO/USDT:USDT,0.1111,242692,0.111,879021,0.1112,231989,0.1113,1141804
1753617286948,11:54:46.948,mexc,AEVO/USDT:USDT,0.1111,242692,0.111,1057952,0.1112,231989,0.1113,660676
1753617287314,11:54:47.314,mexc,AEVO/USDT:USDT,0.1111,242692,0.111,1057952,0.1112,231989,0.1113,660676
1753617287448,11:54:47.448,mexc,AEVO/USDT:USDT,0.1111,186753,0.111,1447491,0.1112,344980,0.1113,1075151
1753617287852,11:54:47.852,mexc,AEVO/USDT:USDT,0.1111,186753,0.111,1447491,0.1112,344980,0.1113,1075151
1753617287947,11:54:47.947,mexc,AEVO/USDT:USDT,0.1111,186753,0.111,983282,0.1112,344980,0.1113,792186
1753617288266,11:54:48.266,mexc,AEVO/USDT:USDT,0.1111,186753,0.111,983282,0.1112,344980,0.1113,792186
1753617288449,11:54:48.449,mexc,AEVO/USDT:USDT,0.1111,186753,0.111,1372154,0.1112,344980,0.1113,792186
1753617288852,11:54:48.852,mexc,AEVO/USDT:USDT,0.1111,186753,0.111,1372154,0.1112,344980,0.1113,792186
1753617288949,11:54:48.949,mexc,AEVO/USDT:USDT,0.1111,186753,0.111,1093618,0.1112,344980,0.1113,792186
1753617289351,11:54:49.351,mexc,AEVO/USDT:USDT,0.1111,186753,0.111,983282,0.1112,344980,0.1113,792186
1753617289449,11:54:49.449,mexc,AEVO/USDT:USDT,0.1111,186753,0.111,983282,0.1112,344980,0.1113,792186
1753617289851,11:54:49.851,mexc,AEVO/USDT:USDT,0.1111,186753,0.111,983282,0.1112,344980,0.1113,792186
1753617289949,11:54:49.949,mexc,AEVO/USDT:USDT,0.1111,186753,0.111,1218524,0.1112,344980,0.1113,792186
1753617290352,11:54:50.352,mexc,AEVO/USDT:USDT,0.1111,186753,0.111,983282,0.1112,344980,0.1113,792186
1753617290449,11:54:50.449,mexc,AEVO/USDT:USDT,0.1111,186753,0.111,983282,0.1112,344980,0.1113,792186
1753617290851,11:54:50.851,mexc,AEVO/USDT:USDT,0.1111,186753,0.111,983282,0.1112,344980,0.1113,792186
1753617290949,11:54:50.949,mexc,AEVO/USDT:USDT,0.1111,186753,0.111,1152868,0.1112,344980,0.1113,886858
1753617291352,11:54:51.352,mexc,AEVO/USDT:USDT,0.1111,186753,0.111,1152868,0.1112,344980,0.1113,792186
1753617291448,11:54:51.448,mexc,AEVO/USDT:USDT,0.1111,186753,0.111,983282,0.1112,344980,0.1113,884565
1753617291851,11:54:51.851,mexc,AEVO/USDT:USDT,0.1111,186753,0.111,983282,0.1112,344980,0.1113,884565
1753617291949,11:54:51.949,mexc,AEVO/USDT:USDT,0.1111,186753,0.111,983282,0.1112,344980,0.1113,792186
1753617292350,11:54:52.350,mexc,AEVO/USDT:USDT,0.1111,186753,0.111,983282,0.1112,344980,0.1113,792186
1753617292449,11:54:52.449,mexc,AEVO/USDT:USDT,0.1111,186753,0.111,983282,0.1112,344980,0.1113,792186
1753617292851,11:54:52.851,mexc,AEVO/USDT:USDT,0.1111,186753,0.111,983282,0.1112,344980,0.1113,792186
1753617292949,11:54:52.949,mexc,AEVO/USDT:USDT,0.1111,186753,0.111,1333755,0.1112,344980,0.1113,792186
1753617293315,11:54:53.315,mexc,AEVO/USDT:USDT,0.1111,186753,0.111,1333755,0.1112,344980,0.1113,792186
1753617293449,11:54:53.449,mexc,AEVO/USDT:USDT,0.1112,943595,0.1111,186753,0.1113,351100,0.1114,1743271
1753617293853,11:54:53.853,mexc,AEVO/USDT:USDT,0.1112,943595,0.1111,186753,0.1113,351100,0.1114,1743271
1753617293950,11:54:53.950,mexc,AEVO/USDT:USDT,0.1112,943595,0.1111,186753,0.1113,351100,0.1114,1480506
1753617294111,11:54:54.111,mexc,AEVO/USDT:USDT,0.1112,943595,0.1111,186753,0.1113,351100,0.1114,1480506
1753617294449,11:54:54.449,mexc,AEVO/USDT:USDT,0.1112,943595,0.1111,186753,0.1113,351100,0.1114,1858350
1753617294852,11:54:54.852,mexc,AEVO/USDT:USDT,0.1112,943595,0.1111,186753,0.1113,351100,0.1114,1858350
1753617294950,11:54:54.950,mexc,AEVO/USDT:USDT,0.1112,943595,0.1111,292699,0.1113,351100,0.1114,1480506
1753617295353,11:54:55.353,mexc,AEVO/USDT:USDT,0.1112,943595,0.1111,292699,0.1113,351100,0.1114,1480506
1753617295452,11:54:55.452,mexc,AEVO/USDT:USDT,0.1112,943595,0.1111,186753,0.1113,351100,0.1114,1670113
1753617295915,11:54:55.915,mexc,AEVO/USDT:USDT,0.1112,943595,0.1111,186753,0.1113,351100,0.1114,1670113
1753617295949,11:54:55.949,mexc,AEVO/USDT:USDT,0.1112,943595,0.1111,186753,0.1113,351100,0.1114,1833583
1753617296352,11:54:56.352,mexc,AEVO/USDT:USDT,0.1112,943595,0.1111,186753,0.1113,351100,0.1114,1833583
1753617296451,11:54:56.451,mexc,AEVO/USDT:USDT,0.1112,943595,0.1111,186753,0.1113,351100,0.1114,1480506
1753617296854,11:54:56.854,mexc,AEVO/USDT:USDT,0.1112,943595,0.1111,186753,0.1113,351100,0.1114,1480506
1753617296949,11:54:56.949,mexc,AEVO/USDT:USDT,0.1112,943595,0.1111,186753,0.1113,351100,0.1114,1480506
1753617297353,11:54:57.353,mexc,AEVO/USDT:USDT,0.1112,943595,0.1111,186753,0.1113,351100,0.1114,1480506
1753617297452,11:54:57.452,mexc,AEVO/USDT:USDT,0.1112,943595,0.1111,186753,0.1113,351100,0.1114,1979935
1753617297854,11:54:57.854,mexc,AEVO/USDT:USDT,0.1112,943595,0.1111,186753,0.1113,351100,0.1114,1979935
1753617297952,11:54:57.952,mexc,AEVO/USDT:USDT,0.1112,943595,0.1111,186753,0.1113,351100,0.1114,1786966
1753617298356,11:54:58.356,mexc,AEVO/USDT:USDT,0.1112,943595,0.1111,186753,0.1113,351100,0.1114,1786966
1753617298452,11:54:58.452,mexc,AEVO/USDT:USDT,0.1112,943595,0.1111,186753,0.1113,351100,0.1114,1635293
1753617298854,11:54:58.854,mexc,AEVO/USDT:USDT,0.1112,943595,0.1111,186753,0.1113,351100,0.1114,1635293
1753617298953,11:54:58.953,mexc,AEVO/USDT:USDT,0.1112,943595,0.1111,186753,0.1113,351100,0.1114,1480506
1753617299314,11:54:59.314,mexc,AEVO/USDT:USDT,0.1112,943595,0.1111,186753,0.1113,351100,0.1114,1480506
1753617299454,11:54:59.454,mexc,AEVO/USDT:USDT,0.1112,372132,0.1111,653289,0.1113,67374,0.1114,783851
1753617299856,11:54:59.856,mexc,AEVO/USDT:USDT,0.1112,372132,0.1111,653289,0.1113,67374,0.1114,783851
1753617299954,11:54:59.954,mexc,AEVO/USDT:USDT,0.1112,372132,0.1111,653289,0.1113,67374,0.1114,612934
1753617300113,11:55:00.113,mexc,AEVO/USDT:USDT,0.1112,372132,0.1111,653289,0.1113,67374,0.1114,612934
1753617300455,11:55:00.455,mexc,AEVO/USDT:USDT,0.1112,372132,0.1111,653289,0.1113,67374,0.1114,612934
1753617300857,11:55:00.857,mexc,AEVO/USDT:USDT,0.1112,372132,0.1111,653289,0.1113,67374,0.1114,612934
1753617300955,11:55:00.955,mexc,AEVO/USDT:USDT,0.1112,372132,0.1111,1172404,0.1113,67374,0.1114,757625
1753617301357,11:55:01.357,mexc,AEVO/USDT:USDT,0.1112,372132,0.1111,889975,0.1113,67374,0.1114,757625
1753617301455,11:55:01.455,mexc,AEVO/USDT:USDT,0.1112,372132,0.1111,783854,0.1113,67374,0.1114,1067685
1753617301857,11:55:01.857,mexc,AEVO/USDT:USDT,0.1112,372132,0.1111,783854,0.1113,67374,0.1114,839811
1753617301955,11:55:01.955,mexc,AEVO/USDT:USDT,0.1112,372132,0.1111,785365,0.1113,67374,0.1114,738561
1753617302358,11:55:02.358,mexc,AEVO/USDT:USDT,0.1112,372132,0.1111,785365,0.1113,67374,0.1114,738561
1753617302455,11:55:02.455,mexc,AEVO/USDT:USDT,0.1112,372132,0.1111,845334,0.1113,67374,0.1114,612934
1753617302858,11:55:02.858,mexc,AEVO/USDT:USDT,0.1112,372132,0.1111,845334,0.1113,67374,0.1114,612934
1753617302954,11:55:02.954,mexc,AEVO/USDT:USDT,0.1112,372132,0.1111,653289,0.1113,67374,0.1114,612934
1753617303359,11:55:03.359,mexc,AEVO/USDT:USDT,0.1112,372132,0.1111,653289,0.1113,67374,0.1114,612934
1753617303458,11:55:03.458,mexc,AEVO/USDT:USDT,0.1112,372132,0.1111,653289,0.1113,67374,0.1114,612934
1753617303573,11:55:03.573,mexc,AEVO/USDT:USDT,0.1111,653289,0.111,1124936,0.1112,393715,0.1113,67374
1753617303960,11:55:03.960,mexc,AEVO/USDT:USDT,0.1111,653289,0.111,1409285,0.1112,393715,0.1113,251185
1753617304361,11:55:04.361,mexc,AEVO/USDT:USDT,0.1111,653289,0.111,1409285,0.1112,393715,0.1113,67374
1753617304459,11:55:04.459,mexc,AEVO/USDT:USDT,0.1111,653289,0.111,1452008,0.1112,393715,0.1113,67374
1753617304862,11:55:04.862,mexc,AEVO/USDT:USDT,0.1111,653289,0.111,1291067,0.1112,393715,0.1113,67374
1753617304958,11:55:04.958,mexc,AEVO/USDT:USDT,0.1111,653289,0.111,1337565,0.1112,393715,0.1113,146188
1753617305318,11:55:05.318,mexc,AEVO/USDT:USDT,0.1111,653289,0.111,1337565,0.1112,393715,0.1113,146188
1753617305458,11:55:05.458,mexc,AEVO/USDT:USDT,0.1111,653289,0.111,1124936,0.1112,393715,0.1113,67374
1753617305861,11:55:05.861,mexc,AEVO/USDT:USDT,0.1111,653289,0.111,1124936,0.1112,393715,0.1113,67374
1753617305959,11:55:05.959,mexc,AEVO/USDT:USDT,0.1111,653289,0.111,1295862,0.1112,393715,0.1113,67374
1753617306361,11:55:06.361,mexc,AEVO/USDT:USDT,0.1111,653289,0.111,1295862,0.1112,393715,0.1113,67374
1753617306461,11:55:06.461,mexc,AEVO/USDT:USDT,0.1111,653289,0.111,1328082,0.1112,393715,0.1113,513809
1753617306862,11:55:06.862,mexc,AEVO/USDT:USDT,0.1111,653289,0.111,1328082,0.1112,393715,0.1113,171245
1753617306961,11:55:06.961,mexc,AEVO/USDT:USDT,0.1111,653289,0.111,1312729,0.1112,393715,0.1113,655843
1753617307362,11:55:07.362,mexc,AEVO/USDT:USDT,0.1111,653289,0.111,1124936,0.1112,393715,0.1113,655843
1753617307460,11:55:07.460,mexc,AEVO/USDT:USDT,0.1111,653289,0.111,1124936,0.1112,393715,0.1113,67374
1753617307862,11:55:07.862,mexc,AEVO/USDT:USDT,0.1111,653289,0.111,1124936,0.1112,393715,0.1113,67374
1753617307958,11:55:07.958,mexc,AEVO/USDT:USDT,0.1111,653289,0.111,1124936,0.1112,393715,0.1113,67374
1753617308362,11:55:08.362,mexc,AEVO/USDT:USDT,0.1111,653289,0.111,1124936,0.1112,393715,0.1113,67374
1753617308459,11:55:08.459,mexc,AEVO/USDT:USDT,0.1111,653289,0.111,1360626,0.1112,393715,0.1113,67374
1753617308862,11:55:08.862,mexc,AEVO/USDT:USDT,0.1111,653289,0.111,1360626,0.1112,393715,0.1113,67374
1753617308960,11:55:08.960,mexc,AEVO/USDT:USDT,0.1111,653289,0.111,1124936,0.1112,393715,0.1113,67374
1753617309348,11:55:09.348,mexc,AEVO/USDT:USDT,0.1111,653289,0.111,1124936,0.1112,502408,0.1113,67374
1753617309460,11:55:09.460,mexc,AEVO/USDT:USDT,0.1111,342591,0.111,977754,0.1112,108693,0.1113,561288
1753617309863,11:55:09.863,mexc,AEVO/USDT:USDT,0.1111,342591,0.111,977754,0.1112,108693,0.1113,561288
1753617309961,11:55:09.961,mexc,AEVO/USDT:USDT,0.1111,342591,0.111,977754,0.1112,108693,0.1113,605388
1753617310363,11:55:10.363,mexc,AEVO/USDT:USDT,0.1111,342591,0.111,977754,0.1112,108693,0.1113,605388
1753617310461,11:55:10.461,mexc,AEVO/USDT:USDT,0.1111,342591,0.111,1423011,0.1112,108693,0.1113,471255
1753617310653,11:55:10.653,mexc,AEVO/USDT:USDT,0.1112,338264,0.1111,342591,0.1113,471255,0.1114,1379080
1753617310961,11:55:10.961,mexc,AEVO/USDT:USDT,0.1112,338264,0.1111,847926,0.1113,471255,0.1114,1379080
1753617311362,11:55:11.362,mexc,AEVO/USDT:USDT,0.1112,338264,0.1111,342591,0.1113,471255,0.1114,1379080
1753617311462,11:55:11.462,mexc,AEVO/USDT:USDT,0.1112,338264,0.1111,342591,0.1113,471255,0.1114,1379080
1753617311864,11:55:11.864,mexc,AEVO/USDT:USDT,0.1112,338264,0.1111,342591,0.1113,471255,0.1114,1379080
1753617312014,11:55:12.014,mexc,AEVO/USDT:USDT,0.1112,338264,0.1111,342591,0.1113,471255,0.1114,1571985
1753617312416,11:55:12.416,mexc,AEVO/USDT:USDT,0.1112,338264,0.1111,342591,0.1113,471255,0.1114,1379080
1753617312515,11:55:12.515,mexc,AEVO/USDT:USDT,0.1112,338264,0.1111,783438,0.1113,471255,0.1114,1379080
1753617312921,11:55:12.921,mexc,AEVO/USDT:USDT,0.1112,338264,0.1111,783438,0.1113,471255,0.1114,1379080
1753617313089,11:55:13.089,mexc,AEVO/USDT:USDT,0.1111,342591,0.111,977754,0.1112,162764,0.1113,471255
1753617313515,11:55:13.515,mexc,AEVO/USDT:USDT,0.1111,342591,0.111,1069121,0.1112,162764,0.1113,471255
1753617313517,11:55:13.517,mexc,AEVO/USDT:USDT,0.1111,342591,0.111,1201072,0.1112,162764,0.1113,781742
1753617313918,11:55:13.918,mexc,AEVO/USDT:USDT,0.1111,342591,0.111,1201072,0.1112,162764,0.1113,471255
1753617314015,11:55:14.015,mexc,AEVO/USDT:USDT,0.1111,342591,0.111,977754,0.1112,162764,0.1113,471255
1753617314419,11:55:14.419,mexc,AEVO/USDT:USDT,0.1111,342591,0.111,977754,0.1112,162764,0.1113,471255
1753617314518,11:55:14.518,mexc,AEVO/USDT:USDT,0.1111,342591,0.111,1119495,0.1112,162764,0.1113,848072
1753617314922,11:55:14.922,mexc,AEVO/USDT:USDT,0.1111,342591,0.111,1119495,0.1112,162764,0.1113,848072
1753617315017,11:55:15.017,mexc,AEVO/USDT:USDT,0.1111,342591,0.111,977754,0.1112,162764,0.1113,767780
1753617315423,11:55:15.423,mexc,AEVO/USDT:USDT,0.1111,342591,0.111,977754,0.1112,162764,0.1113,471255
1753617315517,11:55:15.517,mexc,AEVO/USDT:USDT,0.1111,342591,0.111,1201250,0.1112,162764,0.1113,471255
1753617315922,11:55:15.922,mexc,AEVO/USDT:USDT,0.1111,342591,0.111,1201250,0.1112,162764,0.1113,471255
1753617316018,11:55:16.018,mexc,AEVO/USDT:USDT,0.1111,342591,0.111,977754,0.1112,162764,0.1113,471255
1753617316420,11:55:16.420,mexc,AEVO/USDT:USDT,0.1111,342591,0.111,977754,0.1112,162764,0.1113,471255
1753617316520,11:55:16.520,mexc,AEVO/USDT:USDT,0.1111,342591,0.111,1193799,0.1112,162764,0.1113,471255
1753617316921,11:55:16.921,mexc,AEVO/USDT:USDT,0.1111,342591,0.111,977754,0.1112,162764,0.1113,471255
1753617317019,11:55:17.019,mexc,AEVO/USDT:USDT,0.1111,342591,0.111,1035347,0.1112,162764,0.1113,598797
1753617317322,11:55:17.322,mexc,AEVO/USDT:USDT,0.1111,342591,0.111,1035347,0.1112,162764,0.1113,598797
1753617317519,11:55:17.519,mexc,AEVO/USDT:USDT,0.1111,342591,0.111,977754,0.1112,162764,0.1113,695684
1753617317922,11:55:17.922,mexc,AEVO/USDT:USDT,0.1111,342591,0.111,977754,0.1112,162764,0.1113,695684
1753617318020,11:55:18.020,mexc,AEVO/USDT:USDT,0.1111,342591,0.111,977754,0.1112,162764,0.1113,471255
1753617318351,11:55:18.351,mexc,AEVO/USDT:USDT,0.1111,342591,0.111,977754,0.1112,344285,0.1113,471255
1753617318520,11:55:18.520,mexc,AEVO/USDT:USDT,0.1111,274100,0.111,934194,0.1112,181521,0.1113,756306
1753617318922,11:55:18.922,mexc,AEVO/USDT:USDT,0.1111,274100,0.111,934194,0.1112,181521,0.1113,756306
1753617319021,11:55:19.021,mexc,AEVO/USDT:USDT,0.1111,274100,0.111,931577,0.1112,181521,0.1113,509548
1753617319423,11:55:19.423,mexc,AEVO/USDT:USDT,0.1111,274100,0.111,744069,0.1112,181521,0.1113,509548
1753617319521,11:55:19.521,mexc,AEVO/USDT:USDT,0.1111,274100,0.111,1013920,0.1112,181521,0.1113,509548
1753617319923,11:55:19.923,mexc,AEVO/USDT:USDT,0.1111,274100,0.111,1013920,0.1112,181521,0.1113,509548
1753617320021,11:55:20.021,mexc,AEVO/USDT:USDT,0.1111,274100,0.111,744069,0.1112,181521,0.1113,509548
1753617320423,11:55:20.423,mexc,AEVO/USDT:USDT,0.1111,274100,0.111,744069,0.1112,181521,0.1113,509548
1753617320523,11:55:20.523,mexc,AEVO/USDT:USDT,0.1111,274100,0.111,821598,0.1112,181521,0.1113,509548
1753617320783,11:55:20.783,mexc,AEVO/USDT:USDT,0.111,744069,0.1109,1205811,0.1111,264200,0.1112,181521
1753617321021,11:55:21.021,mexc,AEVO/USDT:USDT,0.111,744069,0.1109,1465208,0.1111,264200,0.1112,181521
1753617321424,11:55:21.424,mexc,AEVO/USDT:USDT,0.111,744069,0.1109,1465208,0.1111,264200,0.1112,181521
1753617321521,11:55:21.521,mexc,AEVO/USDT:USDT,0.111,744069,0.1109,1205811,0.1111,264200,0.1112,704865
1753617321923,11:55:21.923,mexc,AEVO/USDT:USDT,0.111,744069,0.1109,1205811,0.1111,264200,0.1112,704865
1753617322022,11:55:22.022,mexc,AEVO/USDT:USDT,0.111,744069,0.1109,1205811,0.1111,264200,0.1112,181521
1753617322424,11:55:22.424,mexc,AEVO/USDT:USDT,0.111,744069,0.1109,1205811,0.1111,264200,0.1112,181521
1753617322522,11:55:22.522,mexc,AEVO/USDT:USDT,0.111,744069,0.1109,1301991,0.1111,264200,0.1112,1097873
1753617322924,11:55:22.924,mexc,AEVO/USDT:USDT,0.111,744069,0.1109,1301991,0.1111,264200,0.1112,614501
1753617323021,11:55:23.021,mexc,AEVO/USDT:USDT,0.111,744069,0.1109,1347381,0.1111,264200,0.1112,834223
1753617323329,11:55:23.329,mexc,AEVO/USDT:USDT,0.111,744069,0.1109,1347381,0.1111,264200,0.1112,834223
1753617323523,11:55:23.523,mexc,AEVO/USDT:USDT,0.111,744069,0.1109,1526305,0.1111,264200,0.1112,181521
1753617323924,11:55:23.924,mexc,AEVO/USDT:USDT,0.111,744069,0.1109,1526305,0.1111,264200,0.1112,181521
1753617324021,11:55:24.021,mexc,AEVO/USDT:USDT,0.111,744069,0.1109,1205811,0.1111,264200,0.1112,449151
1753617324320,11:55:24.320,mexc,AEVO/USDT:USDT,0.1111,518268,0.111,744069,0.1112,181521,0.1113,509548
1753617324522,11:55:24.522,mexc,AEVO/USDT:USDT,0.1111,518268,0.111,744069,0.1112,181521,0.1113,509548
1753617324925,11:55:24.925,mexc,AEVO/USDT:USDT,0.1111,518268,0.111,744069,0.1112,181521,0.1113,509548
1753617325022,11:55:25.022,mexc,AEVO/USDT:USDT,0.1111,518268,0.111,744069,0.1112,181521,0.1113,509548
1753617325425,11:55:25.425,mexc,AEVO/USDT:USDT,0.1111,518268,0.111,744069,0.1112,181521,0.1113,509548
1753617325523,11:55:25.523,mexc,AEVO/USDT:USDT,0.1111,518268,0.111,744069,0.1112,181521,0.1113,509548
1753617325926,11:55:25.926,mexc,AEVO/USDT:USDT,0.1111,518268,0.111,744069,0.1112,181521,0.1113,509548
1753617326023,11:55:26.023,mexc,AEVO/USDT:USDT,0.1111,518268,0.111,744069,0.1112,181521,0.1113,672618
1753617326425,11:55:26.425,mexc,AEVO/USDT:USDT,0.1111,518268,0.111,744069,0.1112,181521,0.1113,672618
1753617326523,11:55:26.523,mexc,AEVO/USDT:USDT,0.1111,518268,0.111,744069,0.1112,181521,0.1113,509548
1753617326644,11:55:26.644,mexc,AEVO/USDT:USDT,0.111,744069,0.1109,1205811,0.1111,351037,0.1112,181521
1753617327022,11:55:27.022,mexc,AEVO/USDT:USDT,0.111,744069,0.1109,1418494,0.1111,351037,0.1112,181521
1753617327426,11:55:27.426,mexc,AEVO/USDT:USDT,0.111,744069,0.1109,1418494,0.1111,351037,0.1112,181521
1753617327524,11:55:27.524,mexc,AEVO/USDT:USDT,0.111,744069,0.1109,1205811,0.1111,351037,0.1112,653824
1753617327927,11:55:27.927,mexc,AEVO/USDT:USDT,0.111,744069,0.1109,1205811,0.1111,351037,0.1112,181521
1753617328023,11:55:28.023,mexc,AEVO/USDT:USDT,0.111,744069,0.1109,1205811,0.1111,351037,0.1112,557926
1753617328426,11:55:28.426,mexc,AEVO/USDT:USDT,0.111,744069,0.1109,1205811,0.1111,351037,0.1112,181521
1753617328525,11:55:28.525,mexc,AEVO/USDT:USDT,0.111,744069,0.1109,1205811,0.1111,351037,0.1112,181521
1753617328928,11:55:28.928,mexc,AEVO/USDT:USDT,0.111,744069,0.1109,1205811,0.1111,351037,0.1112,181521
1753617329026,11:55:29.026,mexc,AEVO/USDT:USDT,0.111,744069,0.1109,1372334,0.1111,351037,0.1112,181521
1753617329330,11:55:29.330,mexc,AEVO/USDT:USDT,0.111,744069,0.1109,1372334,0.1111,351037,0.1112,181521
1753617329527,11:55:29.527,mexc,AEVO/USDT:USDT,0.111,744069,0.1109,1301199,0.1111,351037,0.1112,457957
1753617329928,11:55:29.928,mexc,AEVO/USDT:USDT,0.111,744069,0.1109,1205811,0.1111,351037,0.1112,457957
1753617330026,11:55:30.026,mexc,AEVO/USDT:USDT,0.111,744069,0.1109,1273466,0.1111,351037,0.1112,181521
1753617330428,11:55:30.428,mexc,AEVO/USDT:USDT,0.111,744069,0.1109,1273466,0.1111,351037,0.1112,181521
1753617330527,11:55:30.527,mexc,AEVO/USDT:USDT,0.111,744069,0.1109,1284787,0.1111,351037,0.1112,658985
1753617330927,11:55:30.927,mexc,AEVO/USDT:USDT,0.111,744069,0.1109,1284787,0.1111,351037,0.1112,658985
1753617331026,11:55:31.026,mexc,AEVO/USDT:USDT,0.111,744069,0.1109,1205811,0.1111,351037,0.1112,299055
1753617331427,11:55:31.427,mexc,AEVO/USDT:USDT,0.111,744069,0.1109,1205811,0.1111,351037,0.1112,299055
1753617331526,11:55:31.526,mexc,AEVO/USDT:USDT,0.111,744069,0.1109,1205811,0.1111,351037,0.1112,962120
1753617331929,11:55:31.929,mexc,AEVO/USDT:USDT,0.111,744069,0.1109,1205811,0.1111,351037,0.1112,962120
1753617332026,11:55:32.026,mexc,AEVO/USDT:USDT,0.111,744069,0.1109,1263390,0.1111,351037,0.1112,399787
1753617332354,11:55:32.354,mexc,AEVO/USDT:USDT,0.111,744069,0.1109,1263390,0.1111,456350,0.1112,399787
1753617332527,11:55:32.527,mexc,AEVO/USDT:USDT,0.111,357853,0.1109,1573687,0.1111,105313,0.1112,531969
1753617332930,11:55:32.930,mexc,AEVO/USDT:USDT,0.111,357853,0.1109,1327493,0.1111,105313,0.1112,531969
1753617333026,11:55:33.026,mexc,AEVO/USDT:USDT,0.111,357853,0.1109,1252343,0.1111,105313,0.1112,540302
1753617333429,11:55:33.429,mexc,AEVO/USDT:USDT,0.111,357853,0.1109,1252343,0.1111,105313,0.1112,540302
1753617333528,11:55:33.528,mexc,AEVO/USDT:USDT,0.111,357853,0.1109,1370172,0.1111,105313,0.1112,610844
1753617333930,11:55:33.930,mexc,AEVO/USDT:USDT,0.111,357853,0.1109,1370172,0.1111,105313,0.1112,444084
1753617334028,11:55:34.028,mexc,AEVO/USDT:USDT,0.111,357853,0.1109,994285,0.1111,105313,0.1112,444084
1753617334429,11:55:34.429,mexc,AEVO/USDT:USDT,0.111,357853,0.1109,994285,0.1111,105313,0.1112,444084
1753617334528,11:55:34.528,mexc,AEVO/USDT:USDT,0.111,357853,0.1109,994285,0.1111,105313,0.1112,444084
1753617334931,11:55:34.931,mexc,AEVO/USDT:USDT,0.111,357853,0.1109,994285,0.1111,105313,0.1112,444084
1753617335028,11:55:35.028,mexc,AEVO/USDT:USDT,0.111,357853,0.1109,994285,0.1111,105313,0.1112,444084
1753617335365,11:55:35.365,mexc,AEVO/USDT:USDT,0.111,357853,0.1109,994285,0.1111,105313,0.1112,444084
1753617335528,11:55:35.528,mexc,AEVO/USDT:USDT,0.111,357853,0.1109,994285,0.1111,105313,0.1112,444084
1753617335930,11:55:35.930,mexc,AEVO/USDT:USDT,0.111,357853,0.1109,994285,0.1111,105313,0.1112,444084
1753617336028,11:55:36.028,mexc,AEVO/USDT:USDT,0.111,357853,0.1109,1133010,0.1111,105313,0.1112,444084
1753617336431,11:55:36.431,mexc,AEVO/USDT:USDT,0.111,357853,0.1109,994285,0.1111,105313,0.1112,444084
1753617336528,11:55:36.528,mexc,AEVO/USDT:USDT,0.111,357853,0.1109,994285,0.1111,105313,0.1112,493474
1753617336931,11:55:36.931,mexc,AEVO/USDT:USDT,0.111,357853,0.1109,994285,0.1111,105313,0.1112,493474
1753617337029,11:55:37.029,mexc,AEVO/USDT:USDT,0.111,357853,0.1109,994285,0.1111,105313,0.1112,444084
1753617337431,11:55:37.431,mexc,AEVO/USDT:USDT,0.111,357853,0.1109,994285,0.1111,105313,0.1112,444084
1753617337529,11:55:37.529,mexc,AEVO/USDT:USDT,0.111,357853,0.1109,1131985,0.1111,105313,0.1112,531739
1753617337933,11:55:37.933,mexc,AEVO/USDT:USDT,0.111,357853,0.1109,1131985,0.1111,105313,0.1112,531739
1753617338031,11:55:38.031,mexc,AEVO/USDT:USDT,0.111,357853,0.1109,1470372,0.1111,105313,0.1112,658558
1753617338416,11:55:38.416,mexc,AEVO/USDT:USDT,0.111,357853,0.1109,1470372,0.1111,202877,0.1112,658558
1753617338529,11:55:38.529,mexc,AEVO/USDT:USDT,0.111,212462,0.1109,1279543,0.1111,97564,0.1112,531966
1753617338931,11:55:38.931,mexc,AEVO/USDT:USDT,0.111,212462,0.1109,1279543,0.1111,97564,0.1112,482979
1753617339033,11:55:39.033,mexc,AEVO/USDT:USDT,0.111,212462,0.1109,1414151,0.1111,97564,0.1112,482979
1753617339433,11:55:39.433,mexc,AEVO/USDT:USDT,0.111,212462,0.1109,995905,0.1111,97564,0.1112,482979
1753617339530,11:55:39.530,mexc,AEVO/USDT:USDT,0.111,212462,0.1109,995905,0.1111,97564,0.1112,482979
1753617339933,11:55:39.933,mexc,AEVO/USDT:USDT,0.111,212462,0.1109,995905,0.1111,97564,0.1112,482979
1753617340032,11:55:40.032,mexc,AEVO/USDT:USDT,0.111,212462,0.1109,1431388,0.1111,97564,0.1112,482979
1753617340433,11:55:40.433,mexc,AEVO/USDT:USDT,0.111,212462,0.1109,1431388,0.1111,97564,0.1112,482979
1753617340531,11:55:40.531,mexc,AEVO/USDT:USDT,0.111,212462,0.1109,995905,0.1111,97564,0.1112,650481
1753617340933,11:55:40.933,mexc,AEVO/USDT:USDT,0.111,212462,0.1109,995905,0.1111,97564,0.1112,482979
1753617341034,11:55:41.034,mexc,AEVO/USDT:USDT,0.111,212462,0.1109,1283493,0.1111,97564,0.1112,482979
1753617341334,11:55:41.334,mexc,AEVO/USDT:USDT,0.111,212462,0.1109,1283493,0.1111,97564,0.1112,482979
1753617341531,11:55:41.531,mexc,AEVO/USDT:USDT,0.111,212462,0.1109,995905,0.1111,97564,0.1112,482979
1753617341933,11:55:41.933,mexc,AEVO/USDT:USDT,0.111,212462,0.1109,995905,0.1111,97564,0.1112,482979
1753617342034,11:55:42.034,mexc,AEVO/USDT:USDT,0.111,212462,0.1109,995905,0.1111,97564,0.1112,482979
1753617342435,11:55:42.435,mexc,AEVO/USDT:USDT,0.111,212462,0.1109,995905,0.1111,97564,0.1112,482979
1753617342533,11:55:42.533,mexc,AEVO/USDT:USDT,0.111,212462,0.1109,1484523,0.1111,97564,0.1112,482979
1753617342935,11:55:42.935,mexc,AEVO/USDT:USDT,0.111,212462,0.1109,1484523,0.1111,97564,0.1112,482979
1753617343034,11:55:43.034,mexc,AEVO/USDT:USDT,0.111,212462,0.1109,995905,0.1111,97564,0.1112,673229
1753617343435,11:55:43.435,mexc,AEVO/USDT:USDT,0.111,212462,0.1109,995905,0.1111,97564,0.1112,673229
1753617343534,11:55:43.534,mexc,AEVO/USDT:USDT,0.111,212462,0.1109,995905,0.1111,97564,0.1112,482979
1753617343937,11:55:43.937,mexc,AEVO/USDT:USDT,0.111,212462,0.1109,995905,0.1111,97564,0.1112,482979
1753617344036,11:55:44.036,mexc,AEVO/USDT:USDT,0.111,212462,0.1109,1178407,0.1111,97564,0.1112,482979
1753617344417,11:55:44.417,mexc,AEVO/USDT:USDT,0.111,212462,0.1109,1178407,0.1111,215300,0.1112,482979
1753617344536,11:55:44.536,mexc,AEVO/USDT:USDT,0.111,224390,0.1109,991566,0.1111,117736,0.1112,585297
1753617344936,11:55:44.936,mexc,AEVO/USDT:USDT,0.111,224390,0.1109,991566,0.1111,117736,0.1112,461722
1753617345036,11:55:45.036,mexc,AEVO/USDT:USDT,0.111,224390,0.1109,991566,0.1111,117736,0.1112,664881
1753617345436,11:55:45.436,mexc,AEVO/USDT:USDT,0.111,224390,0.1109,991566,0.1111,117736,0.1112,664881
1753617345534,11:55:45.534,mexc,AEVO/USDT:USDT,0.111,224390,0.1109,1154430,0.1111,117736,0.1112,461722
1753617345936,11:55:45.936,mexc,AEVO/USDT:USDT,0.111,224390,0.1109,1154430,0.1111,117736,0.1112,461722
1753617346037,11:55:46.037,mexc,AEVO/USDT:USDT,0.111,224390,0.1109,991566,0.1111,117736,0.1112,461722
1753617346437,11:55:46.437,mexc,AEVO/USDT:USDT,0.111,224390,0.1109,991566,0.1111,117736,0.1112,461722
1753617346534,11:55:46.534,mexc,AEVO/USDT:USDT,0.111,224390,0.1109,1431356,0.1111,117736,0.1112,562804
1753617346936,11:55:46.936,mexc,AEVO/USDT:USDT,0.111,224390,0.1109,1431356,0.1111,117736,0.1112,461722
1753617347035,11:55:47.035,mexc,AEVO/USDT:USDT,0.111,224390,0.1109,991566,0.1111,117736,0.1112,679566
1753617347333,11:55:47.333,mexc,AEVO/USDT:USDT,0.111,224390,0.1109,991566,0.1111,117736,0.1112,679566
1753617347535,11:55:47.535,mexc,AEVO/USDT:USDT,0.111,224390,0.1109,991566,0.1111,117736,0.1112,461722
1753617347723,11:55:47.723,mexc,AEVO/USDT:USDT,0.1111,188599,0.111,224390,0.1112,461722,0.1113,665301
1753617348036,11:55:48.036,mexc,AEVO/USDT:USDT,0.1111,188599,0.111,224390,0.1112,461722,0.1113,791978
1753617348038,11:55:48.038,mexc,AEVO/USDT:USDT,0.1111,188599,0.111,1030261,0.1112,461722,0.1113,791978
1753617348440,11:55:48.440,mexc,AEVO/USDT:USDT,0.1111,188599,0.111,633559,0.1112,461722,0.1113,791978
1753617348536,11:55:48.536,mexc,AEVO/USDT:USDT,0.1111,188599,0.111,636972,0.1112,461722,0.1113,665301
1753617348941,11:55:48.941,mexc,AEVO/USDT:USDT,0.1111,188599,0.111,224390,0.1112,461722,0.1113,665301
1753617349037,11:55:49.037,mexc,AEVO/USDT:USDT,0.1111,188599,0.111,224390,0.1112,461722,0.1113,807958
1753617349440,11:55:49.440,mexc,AEVO/USDT:USDT,0.1111,188599,0.111,224390,0.1112,461722,0.1113,807958
1753617349537,11:55:49.537,mexc,AEVO/USDT:USDT,0.1111,188599,0.111,224390,0.1112,461722,0.1113,665301
1753617349939,11:55:49.939,mexc,AEVO/USDT:USDT,0.1111,188599,0.111,224390,0.1112,461722,0.1113,665301
1753617350037,11:55:50.037,mexc,AEVO/USDT:USDT,0.1111,188599,0.111,710721,0.1112,461722,0.1113,665301
1753617350439,11:55:50.439,mexc,AEVO/USDT:USDT,0.1111,188599,0.111,710721,0.1112,461722,0.1113,665301
1753617350538,11:55:50.538,mexc,AEVO/USDT:USDT,0.1111,188599,0.111,667997,0.1112,461722,0.1113,665301
1753617350939,11:55:50.939,mexc,AEVO/USDT:USDT,0.1111,188599,0.111,667997,0.1112,461722,0.1113,665301
1753617351040,11:55:51.040,mexc,AEVO/USDT:USDT,0.1111,188599,0.111,1056047,0.1112,461722,0.1113,665301
1753617351442,11:55:51.442,mexc,AEVO/USDT:USDT,0.1111,188599,0.111,630420,0.1112,461722,0.1113,665301
1753617351539,11:55:51.539,mexc,AEVO/USDT:USDT,0.1111,188599,0.111,730493,0.1112,461722,0.1113,665301
1753617351940,11:55:51.940,mexc,AEVO/USDT:USDT,0.1111,188599,0.111,730493,0.1112,461722,0.1113,665301
1753617352040,11:55:52.040,mexc,AEVO/USDT:USDT,0.1111,188599,0.111,224390,0.1112,461722,0.1113,665301
1753617352440,11:55:52.440,mexc,AEVO/USDT:USDT,0.1111,188599,0.111,224390,0.1112,461722,0.1113,665301
1753617352538,11:55:52.538,mexc,AEVO/USDT:USDT,0.1111,188599,0.111,224390,0.1112,461722,0.1113,665301
1753617352942,11:55:52.942,mexc,AEVO/USDT:USDT,0.1111,188599,0.111,224390,0.1112,461722,0.1113,665301
1753617353044,11:55:53.044,mexc,AEVO/USDT:USDT,0.1111,188599,0.111,544515,0.1112,461722,0.1113,665301
1753617353420,11:55:53.420,mexc,AEVO/USDT:USDT,0.1111,188599,0.111,544515,0.1112,857517,0.1113,665301
1753617353538,11:55:53.538,mexc,AEVO/USDT:USDT,0.1111,128407,0.111,762597,0.1112,395795,0.1113,723891
1753617353940,11:55:53.940,mexc,AEVO/USDT:USDT,0.1111,128407,0.111,762597,0.1112,395795,0.1113,723891
1753617354039,11:55:54.039,mexc,AEVO/USDT:USDT,0.1111,128407,0.111,872943,0.1112,395795,0.1113,931820
1753617354441,11:55:54.441,mexc,AEVO/USDT:USDT,0.1111,128407,0.111,872943,0.1112,395795,0.1113,931820
1753617354539,11:55:54.539,mexc,AEVO/USDT:USDT,0.1111,128407,0.111,638695,0.1112,395795,0.1113,654100
1753617354942,11:55:54.942,mexc,AEVO/USDT:USDT,0.1111,128407,0.111,638695,0.1112,395795,0.1113,654100
1753617355039,11:55:55.039,mexc,AEVO/USDT:USDT,0.1111,128407,0.111,901653,0.1112,395795,0.1113,744969
1753617355444,11:55:55.444,mexc,AEVO/USDT:USDT,0.1111,128407,0.111,901653,0.1112,395795,0.1113,744969
1753617355539,11:55:55.539,mexc,AEVO/USDT:USDT,0.1111,128407,0.111,638695,0.1112,395795,0.1113,654100
1753617355942,11:55:55.942,mexc,AEVO/USDT:USDT,0.1111,128407,0.111,638695,0.1112,395795,0.1113,654100
1753617356041,11:55:56.041,mexc,AEVO/USDT:USDT,0.1111,128407,0.111,638695,0.1112,395795,0.1113,896183
1753617356444,11:55:56.444,mexc,AEVO/USDT:USDT,0.1111,128407,0.111,638695,0.1112,395795,0.1113,896183
1753617356541,11:55:56.541,mexc,AEVO/USDT:USDT,0.1111,128407,0.111,910606,0.1112,395795,0.1113,654100
1753617356731,11:55:56.731,mexc,AEVO/USDT:USDT,0.111,638695,0.1109,965837,0.1111,365053,0.1112,395795
1753617357042,11:55:57.042,mexc,AEVO/USDT:USDT,0.111,638695,0.1109,965837,0.1111,365053,0.1112,1107532
1753617357444,11:55:57.444,mexc,AEVO/USDT:USDT,0.111,638695,0.1109,965837,0.1111,365053,0.1112,749027
1753617357540,11:55:57.540,mexc,AEVO/USDT:USDT,0.111,638695,0.1109,965837,0.1111,365053,0.1112,395795
1753617357943,11:55:57.943,mexc,AEVO/USDT:USDT,0.111,638695,0.1109,965837,0.1111,365053,0.1112,395795
1753617358041,11:55:58.041,mexc,AEVO/USDT:USDT,0.111,638695,0.1109,1143977,0.1111,365053,0.1112,532557
1753617358364,11:55:58.364,mexc,AEVO/USDT:USDT,0.111,638695,0.1109,1143977,0.1111,365053,0.1112,532557
1753617358541,11:55:58.541,mexc,AEVO/USDT:USDT,0.111,638695,0.1109,965837,0.1111,365053,0.1112,765548
1753617358943,11:55:58.943,mexc,AEVO/USDT:USDT,0.111,638695,0.1109,965837,0.1111,365053,0.1112,765548
1753617359046,11:55:59.046,mexc,AEVO/USDT:USDT,0.111,638695,0.1109,1075742,0.1111,365053,0.1112,708994
1753617359443,11:55:59.443,mexc,AEVO/USDT:USDT,0.111,638695,0.1109,965837,0.1111,365053,0.1112,708994
1753617359543,11:55:59.543,mexc,AEVO/USDT:USDT,0.111,638695,0.1109,1170099,0.1111,365053,0.1112,395795
1753617359943,11:55:59.943,mexc,AEVO/USDT:USDT,0.111,638695,0.1109,1170099,0.1111,365053,0.1112,395795
1753617360042,11:56:00.042,mexc,AEVO/USDT:USDT,0.111,638695,0.1109,1186100,0.1111,365053,0.1112,395795
1753617360363,11:56:00.363,mexc,AEVO/USDT:USDT,0.111,638695,0.1109,1186100,0.1111,365053,0.1112,395795
1753617360544,11:56:00.544,mexc,AEVO/USDT:USDT,0.1111,208184,0.111,638695,0.1112,395795,0.1113,736002
1753617360947,11:56:00.947,mexc,AEVO/USDT:USDT,0.1111,208184,0.111,638695,0.1112,395795,0.1113,736002
1753617361044,11:56:01.044,mexc,AEVO/USDT:USDT,0.1111,208184,0.111,638695,0.1112,395795,0.1113,807386
1753617361444,11:56:01.444,mexc,AEVO/USDT:USDT,0.1111,208184,0.111,638695,0.1112,395795,0.1113,807386
1753617361542,11:56:01.542,mexc,AEVO/USDT:USDT,0.1111,208184,0.111,990380,0.1112,395795,0.1113,849116
1753617361944,11:56:01.944,mexc,AEVO/USDT:USDT,0.1111,208184,0.111,638695,0.1112,395795,0.1113,849116
1753617362044,11:56:02.044,mexc,AEVO/USDT:USDT,0.1111,208184,0.111,638695,0.1112,395795,0.1113,894716
1753617362513,11:56:02.513,mexc,AEVO/USDT:USDT,0.1111,208184,0.111,638695,0.1112,395795,0.1113,754136
1753617362542,11:56:02.542,mexc,AEVO/USDT:USDT,0.1111,208184,0.111,743856,0.1112,395795,0.1113,654100
1753617362946,11:56:02.946,mexc,AEVO/USDT:USDT,0.1111,208184,0.111,743856,0.1112,395795,0.1113,654100
1753617363043,11:56:03.043,mexc,AEVO/USDT:USDT,0.1111,208184,0.111,638695,0.1112,395795,0.1113,654100
1753617363446,11:56:03.446,mexc,AEVO/USDT:USDT,0.1111,208184,0.111,638695,0.1112,395795,0.1113,654100
1753617363544,11:56:03.544,mexc,AEVO/USDT:USDT,0.1111,208184,0.111,638695,0.1112,395795,0.1113,887483
1753617363948,11:56:03.948,mexc,AEVO/USDT:USDT,0.1111,208184,0.111,638695,0.1112,395795,0.1113,887483
1753617364045,11:56:04.045,mexc,AEVO/USDT:USDT,0.1111,208184,0.111,638695,0.1112,395795,0.1113,805562
1753617364445,11:56:04.445,mexc,AEVO/USDT:USDT,0.1111,208184,0.111,638695,0.1112,395795,0.1113,654100
1753617364542,11:56:04.542,mexc,AEVO/USDT:USDT,0.1111,208184,0.111,1071842,0.1112,395795,0.1113,654100
1753617364944,11:56:04.944,mexc,AEVO/USDT:USDT,0.1111,208184,0.111,1071842,0.1112,395795,0.1113,654100
1753617365045,11:56:05.045,mexc,AEVO/USDT:USDT,0.1111,208184,0.111,638695,0.1112,395795,0.1113,654100
1753617365422,11:56:05.422,mexc,AEVO/USDT:USDT,0.1111,208184,0.111,638695,0.1112,681060,0.1113,654100
1753617365542,11:56:05.542,mexc,AEVO/USDT:USDT,0.1111,232478,0.111,902777,0.1112,285265,0.1113,725153
1753617365944,11:56:05.944,mexc,AEVO/USDT:USDT,0.1111,232478,0.111,902777,0.1112,285265,0.1113,504155
1753617366042,11:56:06.042,mexc,AEVO/USDT:USDT,0.1111,232478,0.111,829303,0.1112,285265,0.1113,504155
1753617366444,11:56:06.444,mexc,AEVO/USDT:USDT,0.1111,232478,0.111,666540,0.1112,285265,0.1113,504155
1753617366542,11:56:06.542,mexc,AEVO/USDT:USDT,0.1111,232478,0.111,797964,0.1112,285265,0.1113,504155
1753617366945,11:56:06.945,mexc,AEVO/USDT:USDT,0.1111,232478,0.111,797964,0.1112,285265,0.1113,504155
1753617367043,11:56:07.043,mexc,AEVO/USDT:USDT,0.1111,232478,0.111,749597,0.1112,285265,0.1113,504155
1753617367447,11:56:07.447,mexc,AEVO/USDT:USDT,0.1111,232478,0.111,749597,0.1112,285265,0.1113,504155
1753617367544,11:56:07.544,mexc,AEVO/USDT:USDT,0.1111,232478,0.111,666540,0.1112,285265,0.1113,727195
1753617367946,11:56:07.946,mexc,AEVO/USDT:USDT,0.1111,232478,0.111,666540,0.1112,285265,0.1113,727195
1753617368054,11:56:08.054,mexc,AEVO/USDT:USDT,0.1111,232478,0.111,892545,0.1112,285265,0.1113,656346
1753617368456,11:56:08.456,mexc,AEVO/USDT:USDT,0.1111,232478,0.111,892545,0.1112,285265,0.1113,504155
1753617368547,11:56:08.547,mexc,AEVO/USDT:USDT,0.1111,232478,0.111,831476,0.1112,285265,0.1113,664117
1753617368949,11:56:08.949,mexc,AEVO/USDT:USDT,0.1111,232478,0.111,831476,0.1112,285265,0.1113,664117
1753617369051,11:56:09.051,mexc,AEVO/USDT:USDT,0.1111,232478,0.111,1321691,0.1112,285265,0.1113,716398
1753617369369,11:56:09.369,mexc,AEVO/USDT:USDT,0.1111,232478,0.111,1321691,0.1112,281045,0.1113,716398
1753617369548,11:56:09.548,mexc,AEVO/USDT:USDT,0.1111,232478,0.111,1186633,0.1112,281045,0.1113,504155
1753617369575,11:56:09.575,mexc,AEVO/USDT:USDT,0.1111,232478,0.111,1186633,0.1112,281045,0.1113,588008
1753617369979,11:56:09.979,mexc,AEVO/USDT:USDT,0.1111,232478,0.111,666540,0.1112,281045,0.1113,588008
1753617370048,11:56:10.048,mexc,AEVO/USDT:USDT,0.1111,232478,0.111,666540,0.1112,281045,0.1113,637281
1753617370451,11:56:10.451,mexc,AEVO/USDT:USDT,0.1111,232478,0.111,666540,0.1112,281045,0.1113,504155
1753617370548,11:56:10.548,mexc,AEVO/USDT:USDT,0.1111,232478,0.111,666540,0.1112,281045,0.1113,504155
1753617370950,11:56:10.950,mexc,AEVO/USDT:USDT,0.1111,232478,0.111,666540,0.1112,281045,0.1113,504155
1753617371054,11:56:11.054,mexc,AEVO/USDT:USDT,0.1111,232478,0.111,666540,0.1112,281045,0.1113,504155
1753617371421,11:56:11.421,mexc,AEVO/USDT:USDT,0.1111,232478,0.111,666540,0.1112,533338,0.1113,504155
1753617371548,11:56:11.548,mexc,AEVO/USDT:USDT,0.1111,156466,0.111,628094,0.1112,252293,0.1113,927421
1753617371951,11:56:11.951,mexc,AEVO/USDT:USDT,0.1111,156466,0.111,628094,0.1112,252293,0.1113,678275
1753617372051,11:56:12.051,mexc,AEVO/USDT:USDT,0.1111,156466,0.111,628094,0.1112,252293,0.1113,809995
1753617372451,11:56:12.451,mexc,AEVO/USDT:USDT,0.1111,156466,0.111,628094,0.1112,252293,0.1113,566361
1753617372549,11:56:12.549,mexc,AEVO/USDT:USDT,0.1111,156466,0.111,811381,0.1112,252293,0.1113,566361
1753617372950,11:56:12.950,mexc,AEVO/USDT:USDT,0.1111,156466,0.111,811381,0.1112,252293,0.1113,566361
1753617373052,11:56:13.052,mexc,AEVO/USDT:USDT,0.1111,156466,0.111,910827,0.1112,252293,0.1113,818048
1753617373451,11:56:13.451,mexc,AEVO/USDT:USDT,0.1111,156466,0.111,910827,0.1112,252293,0.1113,818048
1753617373547,11:56:13.547,mexc,AEVO/USDT:USDT,0.1111,156466,0.111,1080949,0.1112,252293,0.1113,777341
1753617373950,11:56:13.950,mexc,AEVO/USDT:USDT,0.1111,156466,0.111,1080949,0.1112,252293,0.1113,777341
1753617374051,11:56:14.051,mexc,AEVO/USDT:USDT,0.1111,156466,0.111,628094,0.1112,252293,0.1113,566361
1753617374452,11:56:14.452,mexc,AEVO/USDT:USDT,0.1111,156466,0.111,628094,0.1112,252293,0.1113,566361
1753617374550,11:56:14.550,mexc,AEVO/USDT:USDT,0.1111,156466,0.111,628094,0.1112,252293,0.1113,566361
1753617374953,11:56:14.953,mexc,AEVO/USDT:USDT,0.1111,156466,0.111,628094,0.1112,252293,0.1113,566361
1753617375054,11:56:15.054,mexc,AEVO/USDT:USDT,0.1111,156466,0.111,628094,0.1112,252293,0.1113,566361
1753617375454,11:56:15.454,mexc,AEVO/USDT:USDT,0.1111,156466,0.111,628094,0.1112,252293,0.1113,566361
1753617375552,11:56:15.552,mexc,AEVO/USDT:USDT,0.1111,156466,0.111,886967,0.1112,252293,0.1113,883965
1753617375952,11:56:15.952,mexc,AEVO/USDT:USDT,0.1111,156466,0.111,886967,0.1112,252293,0.1113,883965
1753617376053,11:56:16.053,mexc,AEVO/USDT:USDT,0.1111,156466,0.111,628094,0.1112,252293,0.1113,566361
1753617376295,11:56:16.295,mexc,AEVO/USDT:USDT,0.1111,156466,0.111,628094,0.1112,252293,0.1113,566361
1753617376551,11:56:16.551,mexc,AEVO/USDT:USDT,0.1111,156466,0.111,628094,0.1112,252293,0.1113,725325
1753617376953,11:56:16.953,mexc,AEVO/USDT:USDT,0.1111,156466,0.111,628094,0.1112,252293,0.1113,725325
1753617377057,11:56:17.057,mexc,AEVO/USDT:USDT,0.1111,156466,0.111,892099,0.1112,252293,0.1113,566361
1753617377425,11:56:17.425,mexc,AEVO/USDT:USDT,0.1111,156466,0.111,892099,0.1112,566719,0.1113,566361
1753617377551,11:56:17.551,mexc,AEVO/USDT:USDT,0.1111,188831,0.111,894992,0.1112,314426,0.1113,825621
1753617377954,11:56:17.954,mexc,AEVO/USDT:USDT,0.1111,188831,0.111,699753,0.1112,314426,0.1113,825621
1753617378055,11:56:18.055,mexc,AEVO/USDT:USDT,0.1111,188831,0.111,847335,0.1112,314426,0.1113,825621
1753617378457,11:56:18.457,mexc,AEVO/USDT:USDT,0.1111,188831,0.111,847335,0.1112,314426,0.1113,825621
1753617378553,11:56:18.553,mexc,AEVO/USDT:USDT,0.1111,188831,0.111,598183,0.1112,314426,0.1113,825621
1753617378954,11:56:18.954,mexc,AEVO/USDT:USDT,0.1111,188831,0.111,598183,0.1112,314426,0.1113,825621
1753617379074,11:56:19.074,mexc,AEVO/USDT:USDT,0.1111,188831,0.111,1121323,0.1112,314426,0.1113,825621
1753617379456,11:56:19.456,mexc,AEVO/USDT:USDT,0.1111,188831,0.111,1121323,0.1112,314426,0.1113,825621
1753617379553,11:56:19.553,mexc,AEVO/USDT:USDT,0.1111,188831,0.111,828820,0.1112,314426,0.1113,825621
1753617379956,11:56:19.956,mexc,AEVO/USDT:USDT,0.1111,188831,0.111,828820,0.1112,314426,0.1113,825621
1753617380054,11:56:20.054,mexc,AEVO/USDT:USDT,0.1111,188831,0.111,828377,0.1112,314426,0.1113,825621
1753617380454,11:56:20.454,mexc,AEVO/USDT:USDT,0.1111,188831,0.111,828377,0.1112,314426,0.1113,825621
1753617380553,11:56:20.553,mexc,AEVO/USDT:USDT,0.1111,188831,0.111,598183,0.1112,314426,0.1113,825621
1753617380955,11:56:20.955,mexc,AEVO/USDT:USDT,0.1111,188831,0.111,598183,0.1112,314426,0.1113,825621
1753617381055,11:56:21.055,mexc,AEVO/USDT:USDT,0.1111,188831,0.111,598183,0.1112,314426,0.1113,1180950
1753617381372,11:56:21.372,mexc,AEVO/USDT:USDT,0.1111,188831,0.111,598183,0.1112,314426,0.1113,1180950
1753617381553,11:56:21.553,mexc,AEVO/USDT:USDT,0.1111,188831,0.111,817990,0.1112,314426,0.1113,825621
1753617381956,11:56:21.956,mexc,AEVO/USDT:USDT,0.1111,188831,0.111,817990,0.1112,314426,0.1113,825621
1753617382058,11:56:22.058,mexc,AEVO/USDT:USDT,0.1111,188831,0.111,791291,0.1112,314426,0.1113,825621
1753617382456,11:56:22.456,mexc,AEVO/USDT:USDT,0.1111,188831,0.111,696243,0.1112,314426,0.1113,825621
1753617382554,11:56:22.554,mexc,AEVO/USDT:USDT,0.1111,188831,0.111,707366,0.1112,314426,0.1113,825621
1753617382957,11:56:22.957,mexc,AEVO/USDT:USDT,0.1111,188831,0.111,707366,0.1112,314426,0.1113,825621
1753617383067,11:56:23.067,mexc,AEVO/USDT:USDT,0.1111,188831,0.111,914479,0.1112,314426,0.1113,825621
1753617383425,11:56:23.425,mexc,AEVO/USDT:USDT,0.1111,188831,0.111,914479,0.1112,565398,0.1113,825621
1753617383556,11:56:23.556,mexc,AEVO/USDT:USDT,0.1111,150731,0.111,859970,0.1112,250972,0.1113,858113
1753617383958,11:56:23.958,mexc,AEVO/USDT:USDT,0.1111,150731,0.111,735505,0.1112,250972,0.1113,858113
1753617384057,11:56:24.057,mexc,AEVO/USDT:USDT,0.1111,150731,0.111,735505,0.1112,250972,0.1113,858113
1753617384459,11:56:24.459,mexc,AEVO/USDT:USDT,0.1111,150731,0.111,735505,0.1112,250972,0.1113,858113
1753617384556,11:56:24.556,mexc,AEVO/USDT:USDT,0.1111,150731,0.111,955578,0.1112,250972,0.1113,858113
1753617384958,11:56:24.958,mexc,AEVO/USDT:USDT,0.1111,150731,0.111,955578,0.1112,250972,0.1113,858113
1753617385056,11:56:25.056,mexc,AEVO/USDT:USDT,0.1111,150731,0.111,735505,0.1112,250972,0.1113,1182142
1753617385462,11:56:25.462,mexc,AEVO/USDT:USDT,0.1111,150731,0.111,735505,0.1112,250972,0.1113,1182142
1753617385557,11:56:25.557,mexc,AEVO/USDT:USDT,0.1111,150731,0.111,735505,0.1112,250972,0.1113,949978
1753617385959,11:56:25.959,mexc,AEVO/USDT:USDT,0.1111,150731,0.111,735505,0.1112,250972,0.1113,949978
1753617386059,11:56:26.059,mexc,AEVO/USDT:USDT,0.1111,150731,0.111,735505,0.1112,250972,0.1113,1039843
1753617386465,11:56:26.465,mexc,AEVO/USDT:USDT,0.1111,150731,0.111,735505,0.1112,250972,0.1113,1039843
1753617386557,11:56:26.557,mexc,AEVO/USDT:USDT,0.1111,150731,0.111,735505,0.1112,250972,0.1113,1123998
1753617386958,11:56:26.958,mexc,AEVO/USDT:USDT,0.1111,150731,0.111,735505,0.1112,250972,0.1113,1123998
1753617387059,11:56:27.059,mexc,AEVO/USDT:USDT,0.1111,150731,0.111,735505,0.1112,250972,0.1113,858113
1753617387376,11:56:27.376,mexc,AEVO/USDT:USDT,0.1111,150731,0.111,735505,0.1112,250972,0.1113,858113
1753617387557,11:56:27.557,mexc,AEVO/USDT:USDT,0.1111,150731,0.111,735505,0.1112,250972,0.1113,858113
1753617387959,11:56:27.959,mexc,AEVO/USDT:USDT,0.1111,150731,0.111,735505,0.1112,250972,0.1113,858113
1753617388057,11:56:28.057,mexc,AEVO/USDT:USDT,0.1111,150731,0.111,735505,0.1112,250972,0.1113,1193619
1753617388460,11:56:28.460,mexc,AEVO/USDT:USDT,0.1111,150731,0.111,735505,0.1112,250972,0.1113,1193619
1753617388558,11:56:28.558,mexc,AEVO/USDT:USDT,0.1111,150731,0.111,735505,0.1112,250972,0.1113,858113
1753617388959,11:56:28.959,mexc,AEVO/USDT:USDT,0.1111,150731,0.111,735505,0.1112,250972,0.1113,858113
1753617389062,11:56:29.062,mexc,AEVO/USDT:USDT,0.1111,150731,0.111,735505,0.1112,250972,0.1113,1160162
1753617389426,11:56:29.426,mexc,AEVO/USDT:USDT,0.1111,150731,0.111,735505,0.1112,551611,0.1113,1160162
1753617389560,11:56:29.560,mexc,AEVO/USDT:USDT,0.1111,276309,0.111,567514,0.1112,300639,0.1113,992428
1753617389960,11:56:29.960,mexc,AEVO/USDT:USDT,0.1111,276309,0.111,567514,0.1112,300639,0.1113,992428
1753617390059,11:56:30.059,mexc,AEVO/USDT:USDT,0.1111,276309,0.111,780513,0.1112,300639,0.1113,992428
1753617390512,11:56:30.512,mexc,AEVO/USDT:USDT,0.1111,276309,0.111,780513,0.1112,300639,0.1113,992428
1753617390558,11:56:30.558,mexc,AEVO/USDT:USDT,0.1111,276309,0.111,567514,0.1112,300639,0.1113,992428
1753617390960,11:56:30.960,mexc,AEVO/USDT:USDT,0.1111,276309,0.111,567514,0.1112,300639,0.1113,992428
1753617391060,11:56:31.060,mexc,AEVO/USDT:USDT,0.1111,276309,0.111,800170,0.1112,300639,0.1113,1168146
1753617391460,11:56:31.460,mexc,AEVO/USDT:USDT,0.1111,276309,0.111,800170,0.1112,300639,0.1113,1168146
1753617391560,11:56:31.560,mexc,AEVO/USDT:USDT,0.1111,276309,0.111,567514,0.1112,300639,0.1113,1810687
1753617391959,11:56:31.959,mexc,AEVO/USDT:USDT,0.1111,276309,0.111,567514,0.1112,300639,0.1113,1337258
1753617392060,11:56:32.060,mexc,AEVO/USDT:USDT,0.1111,276309,0.111,687828,0.1112,300639,0.1113,992428
1753617392461,11:56:32.461,mexc,AEVO/USDT:USDT,0.1111,276309,0.111,567514,0.1112,300639,0.1113,992428
1753617392560,11:56:32.560,mexc,AEVO/USDT:USDT,0.1111,276309,0.111,567514,0.1112,300639,0.1113,992428
1753617392961,11:56:32.961,mexc,AEVO/USDT:USDT,0.1111,276309,0.111,567514,0.1112,300639,0.1113,992428
1753617393061,11:56:33.061,mexc,AEVO/USDT:USDT,0.1111,276309,0.111,567514,0.1112,300639,0.1113,1126746
1753617393381,11:56:33.381,mexc,AEVO/USDT:USDT,0.1111,276309,0.111,567514,0.1112,300639,0.1113,1126746
1753617393561,11:56:33.561,mexc,AEVO/USDT:USDT,0.1111,276309,0.111,567514,0.1112,300639,0.1113,992428
1753617393734,11:56:33.734,mexc,AEVO/USDT:USDT,0.111,567514,0.1109,1352986,0.1111,330631,0.1112,300639
1753617394062,11:56:34.062,mexc,AEVO/USDT:USDT,0.111,567514,0.1109,1352986,0.1111,330631,0.1112,439514
1753617394561,11:56:34.561,mexc,AEVO/USDT:USDT,0.111,567514,0.1109,1419933,0.1111,330631,0.1112,300639
1753617394561,11:56:34.561,mexc,AEVO/USDT:USDT,0.111,567514,0.1109,1419933,0.1111,330631,0.1112,300639
1753617394962,11:56:34.962,mexc,AEVO/USDT:USDT,0.111,567514,0.1109,1419933,0.1111,330631,0.1112,300639
1753617395062,11:56:35.062,mexc,AEVO/USDT:USDT,0.111,567514,0.1109,1550555,0.1111,330631,0.1112,300639
1753617395511,11:56:35.511,mexc,AEVO/USDT:USDT,0.111,567514,0.1109,1550555,0.1111,330631,0.1112,300639
1753617395562,11:56:35.562,mexc,AEVO/USDT:USDT,0.111,567514,0.1109,1352986,0.1111,330631,0.1112,470068
1753617395963,11:56:35.963,mexc,AEVO/USDT:USDT,0.111,567514,0.1109,1352986,0.1111,330631,0.1112,470068
1753617396064,11:56:36.064,mexc,AEVO/USDT:USDT,0.111,567514,0.1109,1352986,0.1111,330631,0.1112,607667
1753617396463,11:56:36.463,mexc,AEVO/USDT:USDT,0.111,567514,0.1109,1352986,0.1111,330631,0.1112,607667
1753617396562,11:56:36.562,mexc,AEVO/USDT:USDT,0.111,567514,0.1109,1463601,0.1111,330631,0.1112,300639
1753617396964,11:56:36.964,mexc,AEVO/USDT:USDT,0.111,567514,0.1109,1352986,0.1111,330631,0.1112,300639
1753617397063,11:56:37.063,mexc,AEVO/USDT:USDT,0.111,567514,0.1109,1421177,0.1111,330631,0.1112,804812
1753617397464,11:56:37.464,mexc,AEVO/USDT:USDT,0.111,567514,0.1109,1421177,0.1111,330631,0.1112,804812
1753617397563,11:56:37.563,mexc,AEVO/USDT:USDT,0.111,567514,0.1109,1352986,0.1111,330631,0.1112,300639
1753617397964,11:56:37.964,mexc,AEVO/USDT:USDT,0.111,567514,0.1109,1352986,0.1111,330631,0.1112,300639
1753617398064,11:56:38.064,mexc,AEVO/USDT:USDT,0.111,567514,0.1109,1352986,0.1111,330631,0.1112,532850
1753617398465,11:56:38.465,mexc,AEVO/USDT:USDT,0.111,567514,0.1109,1352986,0.1111,330631,0.1112,532850
1753617398562,11:56:38.562,mexc,AEVO/USDT:USDT,0.111,567514,0.1109,1516569,0.1111,330631,0.1112,300639
1753617399013,11:56:39.013,mexc,AEVO/USDT:USDT,0.111,567514,0.1109,1516569,0.1111,330631,0.1112,300639
1753617399065,11:56:39.065,mexc,AEVO/USDT:USDT,0.111,567514,0.1109,1352986,0.1111,330631,0.1112,300639
1753617399427,11:56:39.427,mexc,AEVO/USDT:USDT,0.111,567514,0.1109,1352986,0.1111,458343,0.1112,300639
1753617399563,11:56:39.563,mexc,AEVO/USDT:USDT,0.111,178818,0.1109,1111938,0.1111,127712,0.1112,640142
1753617399965,11:56:39.965,mexc,AEVO/USDT:USDT,0.111,178818,0.1109,1111938,0.1111,127712,0.1112,640142
1753617400065,11:56:40.065,mexc,AEVO/USDT:USDT,0.111,178818,0.1109,1233642,0.1111,127712,0.1112,614781
1753617400464,11:56:40.464,mexc,AEVO/USDT:USDT,0.111,178818,0.1109,1233642,0.1111,127712,0.1112,614781
1753617400564,11:56:40.564,mexc,AEVO/USDT:USDT,0.111,178818,0.1109,1111938,0.1111,127712,0.1112,545977
1753617400965,11:56:40.965,mexc,AEVO/USDT:USDT,0.111,178818,0.1109,1111938,0.1111,127712,0.1112,545977
1753617401064,11:56:41.064,mexc,AEVO/USDT:USDT,0.111,178818,0.1109,1308636,0.1111,127712,0.1112,619451
1753617401400,11:56:41.400,mexc,AEVO/USDT:USDT,0.111,178818,0.1109,1308636,0.1111,127712,0.1112,619451
1753617401567,11:56:41.567,mexc,AEVO/USDT:USDT,0.111,178818,0.1109,1111938,0.1111,127712,0.1112,545977
1753617401965,11:56:41.965,mexc,AEVO/USDT:USDT,0.111,178818,0.1109,1111938,0.1111,127712,0.1112,545977
1753617402066,11:56:42.066,mexc,AEVO/USDT:USDT,0.111,178818,0.1109,1767967,0.1111,127712,0.1112,545977
1753617402468,11:56:42.468,mexc,AEVO/USDT:USDT,0.111,178818,0.1109,1767967,0.1111,127712,0.1112,545977
1753617402563,11:56:42.563,mexc,AEVO/USDT:USDT,0.111,178818,0.1109,1317633,0.1111,127712,0.1112,545977
1753617402966,11:56:42.966,mexc,AEVO/USDT:USDT,0.111,178818,0.1109,1111938,0.1111,127712,0.1112,545977
1753617403066,11:56:43.066,mexc,AEVO/USDT:USDT,0.111,178818,0.1109,1111938,0.1111,127712,0.1112,672407
1753617403466,11:56:43.466,mexc,AEVO/USDT:USDT,0.111,178818,0.1109,1111938,0.1111,127712,0.1112,672407
1753617403563,11:56:43.563,mexc,AEVO/USDT:USDT,0.111,178818,0.1109,1111938,0.1111,127712,0.1112,545977
1753617403965,11:56:43.965,mexc,AEVO/USDT:USDT,0.111,178818,0.1109,1111938,0.1111,127712,0.1112,545977
1753617404065,11:56:44.065,mexc,AEVO/USDT:USDT,0.111,178818,0.1109,1111938,0.1111,127712,0.1112,617630
1753617404466,11:56:44.466,mexc,AEVO/USDT:USDT,0.111,178818,0.1109,1111938,0.1111,127712,0.1112,617630
1753617404564,11:56:44.564,mexc,AEVO/USDT:USDT,0.111,178818,0.1109,1541020,0.1111,127712,0.1112,674813
1753617404966,11:56:44.966,mexc,AEVO/USDT:USDT,0.111,178818,0.1109,1541020,0.1111,127712,0.1112,545977
1753617405114,11:56:45.114,mexc,AEVO/USDT:USDT,0.111,178818,0.1109,1111938,0.1111,127712,0.1112,545977
1753617405430,11:56:45.430,mexc,AEVO/USDT:USDT,0.111,178818,0.1109,1111938,0.1111,317449,0.1112,545977
1753617405616,11:56:45.616,mexc,AEVO/USDT:USDT,0.111,214448,0.1109,1273052,0.1111,189737,0.1112,899652
1753617406019,11:56:46.019,mexc,AEVO/USDT:USDT,0.111,214448,0.1109,1273052,0.1111,189737,0.1112,803120
1753617406118,11:56:46.118,mexc,AEVO/USDT:USDT,0.111,214448,0.1109,1502611,0.1111,189737,0.1112,587850
1753617406517,11:56:46.517,mexc,AEVO/USDT:USDT,0.111,214448,0.1109,1093983,0.1111,189737,0.1112,587850
1753617406615,11:56:46.615,mexc,AEVO/USDT:USDT,0.111,214448,0.1109,1093983,0.1111,189737,0.1112,983996
1753617407017,11:56:47.017,mexc,AEVO/USDT:USDT,0.111,214448,0.1109,1093983,0.1111,189737,0.1112,983996
1753617407116,11:56:47.116,mexc,AEVO/USDT:USDT,0.111,214448,0.1109,1565760,0.1111,189737,0.1112,587850
1753617407518,11:56:47.518,mexc,AEVO/USDT:USDT,0.111,214448,0.1109,1565760,0.1111,189737,0.1112,587850
1753617407615,11:56:47.615,mexc,AEVO/USDT:USDT,0.111,214448,0.1109,1442746,0.1111,189737,0.1112,587850
1753617408018,11:56:48.018,mexc,AEVO/USDT:USDT,0.111,214448,0.1109,1093983,0.1111,189737,0.1112,587850
1753617408116,11:56:48.116,mexc,AEVO/USDT:USDT,0.111,214448,0.1109,1093983,0.1111,189737,0.1112,587850
