timestamp,time,exchange,symbol,bid1_price,bid1_volume,bid2_price,bid2_volume,ask1_price,ask1_volume,ask2_price,ask2_volume
1753617168079,11:52:48.079,mexc,ACE/USDT:USDT,0.5954,13053.0,0.5953,21267.0,0.5955,4002.0,0.5956,48291.0
1753617168402,11:52:48.402,mexc,ACE/USDT:USDT,0.5954,13053.0,0.5953,21267.0,0.5955,4002.0,0.5956,57071
1753617168674,11:52:48.674,mexc,ACE/USDT:USDT,0.5954,13053.0,0.5953,34859,0.5955,4002.0,0.5956,57071
1753617168901,11:52:48.901,mexc,ACE/USDT:USDT,0.5954,13053.0,0.5953,34859,0.5955,4002.0,0.5956,48291
1753617169174,11:52:49.174,mexc,ACE/USDT:USDT,0.5954,13053.0,0.5953,21267,0.5955,4002.0,0.5956,48291
1753617169409,11:52:49.409,mexc,ACE/USDT:USDT,0.5953,11378,0.5952,3205,0.5954,3289,0.5955,2804
1753617169677,11:52:49.677,mexc,ACE/USDT:USDT,0.5953,11378,0.5952,3205,0.5954,3289,0.5955,2804
1753617170077,11:52:50.077,mexc,ACE/USDT:USDT,0.5953,11378,0.5952,3205,0.5954,3289,0.5955,3115
1753617170174,11:52:50.174,mexc,ACE/USDT:USDT,0.5953,11378,0.5952,4076,0.5954,3289,0.5955,3115
1753617170403,11:52:50.403,mexc,ACE/USDT:USDT,0.5953,11378,0.5952,4076,0.5954,3289,0.5955,2804
1753617170675,11:52:50.675,mexc,ACE/USDT:USDT,0.5953,11378,0.5952,3730,0.5954,3289,0.5955,2804
1753617170903,11:52:50.903,mexc,ACE/USDT:USDT,0.5953,11378,0.5952,3730,0.5954,3289,0.5955,2804
1753617171175,11:52:51.175,mexc,ACE/USDT:USDT,0.5953,11378,0.5952,3205,0.5954,3289,0.5955,2804
1753617171403,11:52:51.403,mexc,ACE/USDT:USDT,0.5953,11378,0.5952,3205,0.5954,3289,0.5955,3713
1753617171701,11:52:51.701,mexc,ACE/USDT:USDT,0.5956,14363,0.5955,2666,0.5957,33973,0.5958,25341
1753617171903,11:52:51.903,mexc,ACE/USDT:USDT,0.5956,14363,0.5955,2666,0.5957,33973,0.5958,26574
1753617172306,11:52:52.306,mexc,ACE/USDT:USDT,0.5956,14363,0.5955,2666,0.5957,33973,0.5958,26574
1753617172403,11:52:52.403,mexc,ACE/USDT:USDT,0.5956,14363,0.5955,2666,0.5957,33973,0.5958,25341
1753617172674,11:52:52.674,mexc,ACE/USDT:USDT,0.5956,14363,0.5955,2666,0.5957,33973,0.5958,25341
1753617172904,11:52:52.904,mexc,ACE/USDT:USDT,0.5956,14363,0.5955,2666,0.5957,33973,0.5958,25341
1753617173175,11:52:53.175,mexc,ACE/USDT:USDT,0.5956,14363,0.5955,3692,0.5957,33973,0.5958,25341
1753617173403,11:52:53.403,mexc,ACE/USDT:USDT,0.5956,14363,0.5955,3692,0.5957,33973,0.5958,26175
1753617173680,11:52:53.680,mexc,ACE/USDT:USDT,0.5956,14363,0.5955,2666,0.5957,33973,0.5958,26175
1753617173952,11:52:53.952,mexc,ACE/USDT:USDT,0.5956,14363,0.5955,2666,0.5957,33973,0.5958,26913
1753617174176,11:52:54.176,mexc,ACE/USDT:USDT,0.5956,14363,0.5955,2666,0.5957,33973,0.5958,26913
1753617174404,11:52:54.404,mexc,ACE/USDT:USDT,0.5956,14363,0.5955,2666,0.5957,33973,0.5958,26828
1753617174677,11:52:54.677,mexc,ACE/USDT:USDT,0.5956,14363,0.5955,2666,0.5957,33973,0.5958,26828
1753617174905,11:52:54.905,mexc,ACE/USDT:USDT,0.5956,14363,0.5955,2666,0.5957,33973,0.5958,25341
1753617175177,11:52:55.177,mexc,ACE/USDT:USDT,0.5956,14363,0.5955,2666,0.5957,33973,0.5958,25341
1753617175406,11:52:55.406,mexc,ACE/USDT:USDT,0.5956,14363,0.5955,2666,0.5957,33973,0.5958,25341
1753617175680,11:52:55.680,mexc,ACE/USDT:USDT,0.5956,14363,0.5955,3097,0.5957,33973,0.5958,25341
1753617175904,11:52:55.904,mexc,ACE/USDT:USDT,0.5956,14363,0.5955,3097,0.5957,33973,0.5958,29326
1753617176176,11:52:56.176,mexc,ACE/USDT:USDT,0.5956,14363,0.5955,2666,0.5957,33973,0.5958,29326
1753617176405,11:52:56.405,mexc,ACE/USDT:USDT,0.5956,14363,0.5955,2666,0.5957,33973,0.5958,27988
1753617176679,11:52:56.679,mexc,ACE/USDT:USDT,0.5956,14363,0.5955,3632,0.5957,33973,0.5958,27988
1753617176904,11:52:56.904,mexc,ACE/USDT:USDT,0.5956,14363,0.5955,3632,0.5957,33973,0.5958,26879
1753617177178,11:52:57.178,mexc,ACE/USDT:USDT,0.5956,14363,0.5955,2666,0.5957,33973,0.5958,26879
1753617177424,11:52:57.424,mexc,ACE/USDT:USDT,0.5956,8019,0.5955,4080,0.5957,4273,0.5958,4811
1753617177680,11:52:57.680,mexc,ACE/USDT:USDT,0.5956,8019,0.5955,6101,0.5957,4273,0.5958,4811
1753617178084,11:52:58.084,mexc,ACE/USDT:USDT,0.5956,8019,0.5955,4080,0.5957,4273,0.5958,4811
1753617178179,11:52:58.179,mexc,ACE/USDT:USDT,0.5956,8019,0.5955,4080,0.5957,4273,0.5958,4811
1753617178406,11:52:58.406,mexc,ACE/USDT:USDT,0.5956,8019,0.5955,4080,0.5957,4273,0.5958,4811
1753617178679,11:52:58.679,mexc,ACE/USDT:USDT,0.5956,8019,0.5955,6047,0.5957,4273,0.5958,4811
1753617178906,11:52:58.906,mexc,ACE/USDT:USDT,0.5956,8019,0.5955,6047,0.5957,4273,0.5958,9024
1753617179178,11:52:59.178,mexc,ACE/USDT:USDT,0.5956,8019,0.5955,4080,0.5957,4273,0.5958,9024
1753617179406,11:52:59.406,mexc,ACE/USDT:USDT,0.5956,8019,0.5955,4080,0.5957,4273,0.5958,5907
1753617179685,11:52:59.685,mexc,ACE/USDT:USDT,0.5956,8019,0.5955,4739,0.5957,4273,0.5958,5907
1753617179957,11:52:59.957,mexc,ACE/USDT:USDT,0.5956,8019,0.5955,4739,0.5957,4273,0.5958,6233
1753617180182,11:53:00.182,mexc,ACE/USDT:USDT,0.5956,8019,0.5955,4080,0.5957,4273,0.5958,6233
1753617180405,11:53:00.405,mexc,ACE/USDT:USDT,0.5956,8019,0.5955,4080,0.5957,4273,0.5958,4811
1753617180681,11:53:00.681,mexc,ACE/USDT:USDT,0.5956,8019,0.5955,4080,0.5957,4273,0.5958,4811
1753617180907,11:53:00.907,mexc,ACE/USDT:USDT,0.5956,8019,0.5955,4080,0.5957,4273,0.5958,7571
1753617181182,11:53:01.182,mexc,ACE/USDT:USDT,0.5956,8019,0.5955,4524,0.5957,4273,0.5958,7571
1753617181404,11:53:01.404,mexc,ACE/USDT:USDT,0.5956,8019,0.5955,4524,0.5957,4273,0.5958,6646
1753617181686,11:53:01.686,mexc,ACE/USDT:USDT,0.5956,8019,0.5955,5556,0.5957,4273,0.5958,6646
1753617181907,11:53:01.907,mexc,ACE/USDT:USDT,0.5956,8019,0.5955,5556,0.5957,4273,0.5958,5690
1753617182182,11:53:02.182,mexc,ACE/USDT:USDT,0.5956,8019,0.5955,4852,0.5957,4273,0.5958,5690
1753617182405,11:53:02.405,mexc,ACE/USDT:USDT,0.5956,8019,0.5955,4852,0.5957,4273,0.5958,5593
1753617182687,11:53:02.687,mexc,ACE/USDT:USDT,0.5956,8019,0.5955,4657,0.5957,4273,0.5958,5593
1753617182908,11:53:02.908,mexc,ACE/USDT:USDT,0.5956,8019,0.5955,4657,0.5957,4273,0.5958,6069
1753617183184,11:53:03.184,mexc,ACE/USDT:USDT,0.5956,8019,0.5955,4080,0.5957,4273,0.5958,6069
1753617183416,11:53:03.416,mexc,ACE/USDT:USDT,0.5956,5157,0.5955,3362,0.5957,6558,0.5958,16902
1753617183686,11:53:03.686,mexc,ACE/USDT:USDT,0.5956,5157,0.5955,5027,0.5957,6558,0.5958,16902
1753617183972,11:53:03.972,mexc,ACE/USDT:USDT,0.5959,4034,0.5958,4014,0.596,44126,0.5961,5519
1753617184183,11:53:04.183,mexc,ACE/USDT:USDT,0.5959,4034,0.5958,4014,0.596,44126,0.5961,5519
1753617184584,11:53:04.584,mexc,ACE/USDT:USDT,0.5959,4034,0.5958,4014,0.596,44126,0.5961,5519
1753617184811,11:53:04.811,mexc,ACE/USDT:USDT,0.5959,4034,0.5958,4014,0.596,44126,0.5961,5519
1753617184939,11:53:04.939,mexc,ACE/USDT:USDT,0.5959,4034,0.5958,4014,0.596,44126,0.5961,5519
1753617185183,11:53:05.183,mexc,ACE/USDT:USDT,0.5959,4034,0.5958,4014,0.596,44126,0.5961,5519
1753617185407,11:53:05.407,mexc,ACE/USDT:USDT,0.5959,4034,0.5958,4014,0.596,44126,0.5961,5519
1753617185685,11:53:05.685,mexc,ACE/USDT:USDT,0.5959,4034,0.5958,4014,0.596,44126,0.5961,5519
1753617185953,11:53:05.953,mexc,ACE/USDT:USDT,0.5959,4034,0.5958,4014,0.596,44126,0.5961,5519
1753617186184,11:53:06.184,mexc,ACE/USDT:USDT,0.5959,4034,0.5958,5015,0.596,44126,0.5961,5519
1753617186407,11:53:06.407,mexc,ACE/USDT:USDT,0.5959,4034,0.5958,5015,0.596,44126,0.5961,5519
1753617186684,11:53:06.684,mexc,ACE/USDT:USDT,0.5959,4034,0.5958,4014,0.596,44126,0.5961,5519
1753617186906,11:53:06.906,mexc,ACE/USDT:USDT,0.5959,4034,0.5958,4014,0.596,44126,0.5961,5519
1753617187184,11:53:07.184,mexc,ACE/USDT:USDT,0.5959,4034,0.5958,5221,0.596,44126,0.5961,5519
1753617187408,11:53:07.408,mexc,ACE/USDT:USDT,0.5959,4034,0.5958,5221,0.596,44126,0.5961,5519
1753617187683,11:53:07.683,mexc,ACE/USDT:USDT,0.5959,4034,0.5958,4014,0.596,44126,0.5961,5519
1753617187909,11:53:07.909,mexc,ACE/USDT:USDT,0.5959,4034,0.5958,4014,0.596,44126,0.5961,5519
1753617188185,11:53:08.185,mexc,ACE/USDT:USDT,0.5959,4034,0.5958,5186,0.596,44126,0.5961,5519
1753617188410,11:53:08.410,mexc,ACE/USDT:USDT,0.5959,4034,0.5958,5186,0.596,44126,0.5961,5519
1753617188685,11:53:08.685,mexc,ACE/USDT:USDT,0.5959,4034,0.5958,4014,0.596,44126,0.5961,5519
1753617188911,11:53:08.911,mexc,ACE/USDT:USDT,0.5959,4034,0.5958,4014,0.596,44126,0.5961,5519
1753617189194,11:53:09.194,mexc,ACE/USDT:USDT,0.5959,4034,0.5958,4014,0.596,44126,0.5961,5519
1753617189418,11:53:09.418,mexc,ACE/USDT:USDT,0.596,2647,0.5959,7271,0.5961,3717,0.5962,14980
1753617189683,11:53:09.683,mexc,ACE/USDT:USDT,0.596,2647,0.5959,9929,0.5961,3717,0.5962,14980
1753617190093,11:53:10.093,mexc,ACE/USDT:USDT,0.596,2647,0.5959,7271,0.5961,3717,0.5962,14980
1753617190184,11:53:10.184,mexc,ACE/USDT:USDT,0.596,2647,0.5959,7271,0.5961,3717,0.5962,14980
1753617190409,11:53:10.409,mexc,ACE/USDT:USDT,0.596,2647,0.5959,7271,0.5961,3717,0.5962,20465
1753617190686,11:53:10.686,mexc,ACE/USDT:USDT,0.596,2647,0.5959,7271,0.5961,3717,0.5962,20465
1753617190909,11:53:10.909,mexc,ACE/USDT:USDT,0.596,2647,0.5959,7271,0.5961,3717,0.5962,14980
1753617191185,11:53:11.185,mexc,ACE/USDT:USDT,0.596,2647,0.5959,7271,0.5961,3717,0.5962,14980
1753617191410,11:53:11.410,mexc,ACE/USDT:USDT,0.596,2647,0.5959,7271,0.5961,3717,0.5962,18956
1753617191687,11:53:11.687,mexc,ACE/USDT:USDT,0.596,2647,0.5959,7271,0.5961,3717,0.5962,18956
1753617191954,11:53:11.954,mexc,ACE/USDT:USDT,0.596,2647,0.5959,7271,0.5961,3717,0.5962,19413
1753617192187,11:53:12.187,mexc,ACE/USDT:USDT,0.596,2647,0.5959,10773,0.5961,3717,0.5962,19413
1753617192409,11:53:12.409,mexc,ACE/USDT:USDT,0.596,2647,0.5959,10773,0.5961,3717,0.5962,14980
1753617192686,11:53:12.686,mexc,ACE/USDT:USDT,0.596,2647,0.5959,7271,0.5961,3717,0.5962,14980
1753617192910,11:53:12.910,mexc,ACE/USDT:USDT,0.596,2647,0.5959,7271,0.5961,3717,0.5962,14980
1753617193185,11:53:13.185,mexc,ACE/USDT:USDT,0.596,2647,0.5959,7271,0.5961,3717,0.5962,14980
1753617193410,11:53:13.410,mexc,ACE/USDT:USDT,0.596,2647,0.5959,7271,0.5961,3717,0.5962,14980
1753617193686,11:53:13.686,mexc,ACE/USDT:USDT,0.596,2647,0.5959,7271,0.5961,3717,0.5962,14980
1753617193911,11:53:13.911,mexc,ACE/USDT:USDT,0.596,2647,0.5959,7271,0.5961,3717,0.5962,14980
1753617194187,11:53:14.187,mexc,ACE/USDT:USDT,0.596,2647,0.5959,7271,0.5961,3717,0.5962,14980
1753617194410,11:53:14.410,mexc,ACE/USDT:USDT,0.596,2647,0.5959,7271,0.5961,3717,0.5962,19909
1753617194689,11:53:14.689,mexc,ACE/USDT:USDT,0.596,2647,0.5959,9335,0.5961,3717,0.5962,19909
1753617194911,11:53:14.911,mexc,ACE/USDT:USDT,0.596,2647,0.5959,9335,0.5961,3717,0.5962,14980
1753617195189,11:53:15.189,mexc,ACE/USDT:USDT,0.596,2647,0.5959,7271,0.5961,3717,0.5962,14980
1753617195421,11:53:15.421,mexc,ACE/USDT:USDT,0.5961,3467,0.596,2609,0.5962,6762,0.5963,18059
1753617195690,11:53:15.690,mexc,ACE/USDT:USDT,0.5961,3467,0.596,2609,0.5962,6762,0.5963,18059
1753617196099,11:53:16.099,mexc,ACE/USDT:USDT,0.5961,3467,0.596,2609,0.5962,6762,0.5963,26343
1753617196189,11:53:16.189,mexc,ACE/USDT:USDT,0.5961,3467,0.596,4581,0.5962,6762,0.5963,26343
1753617196410,11:53:16.410,mexc,ACE/USDT:USDT,0.5961,3467,0.596,4581,0.5962,6762,0.5963,20830
1753617196698,11:53:16.698,mexc,ACE/USDT:USDT,0.5961,3467,0.596,2609,0.5962,6762,0.5963,20830
1753617196911,11:53:16.911,mexc,ACE/USDT:USDT,0.5961,3467,0.596,2609,0.5962,6762,0.5963,18059
1753617197188,11:53:17.188,mexc,ACE/USDT:USDT,0.5961,3467,0.596,2609,0.5962,6762,0.5963,18059
1753617197412,11:53:17.412,mexc,ACE/USDT:USDT,0.5961,3467,0.596,2609,0.5962,6762,0.5963,18059
1753617197688,11:53:17.688,mexc,ACE/USDT:USDT,0.5961,3467,0.596,2609,0.5962,6762,0.5963,18059
1753617197956,11:53:17.956,mexc,ACE/USDT:USDT,0.5961,3467,0.596,2609,0.5962,6762,0.5963,18059
1753617198191,11:53:18.191,mexc,ACE/USDT:USDT,0.5961,3467,0.596,3156,0.5962,6762,0.5963,18059
1753617198416,11:53:18.416,mexc,ACE/USDT:USDT,0.5961,3467,0.596,3156,0.5962,6762,0.5963,26033
1753617198690,11:53:18.690,mexc,ACE/USDT:USDT,0.5961,3467,0.596,2609,0.5962,6762,0.5963,26033
1753617198913,11:53:18.913,mexc,ACE/USDT:USDT,0.5961,3467,0.596,2609,0.5962,6762,0.5963,18059
1753617199190,11:53:19.190,mexc,ACE/USDT:USDT,0.5961,3467,0.596,3159,0.5962,6762,0.5963,18059
1753617199413,11:53:19.413,mexc,ACE/USDT:USDT,0.5961,3467,0.596,3159,0.5962,6762,0.5963,25249
1753617199689,11:53:19.689,mexc,ACE/USDT:USDT,0.5961,3467,0.596,2609,0.5962,6762,0.5963,25249
1753617199913,11:53:19.913,mexc,ACE/USDT:USDT,0.5961,3467,0.596,2609,0.5962,6762,0.5963,18059
1753617200190,11:53:20.190,mexc,ACE/USDT:USDT,0.5957,6604,0.5956,8489,0.5958,6596,0.5959,4404
1753617200594,11:53:20.594,mexc,ACE/USDT:USDT,0.5957,6604,0.5956,8489,0.5958,6596,0.5959,4404
1753617200691,11:53:20.691,mexc,ACE/USDT:USDT,0.5957,6604,0.5956,8489,0.5958,6596,0.5959,4404
1753617200915,11:53:20.915,mexc,ACE/USDT:USDT,0.5957,6604,0.5956,8489,0.5958,6596,0.5959,4404
1753617201201,11:53:21.201,mexc,ACE/USDT:USDT,0.5957,6604,0.5956,8489,0.5958,6596,0.5959,4404
1753617201413,11:53:21.413,mexc,ACE/USDT:USDT,0.5957,6604,0.5956,8489,0.5958,6596,0.5959,5636
1753617201690,11:53:21.690,mexc,ACE/USDT:USDT,0.596,10872,0.5959,7782,0.5961,16531,0.5962,6762
1753617202096,11:53:22.096,mexc,ACE/USDT:USDT,0.596,10872,0.5959,7782,0.5961,16531,0.5962,6762
1753617202190,11:53:22.190,mexc,ACE/USDT:USDT,0.596,10872,0.5959,9203,0.5961,16531,0.5962,6762
1753617202414,11:53:22.414,mexc,ACE/USDT:USDT,0.596,10872,0.5959,9203,0.5961,16531,0.5962,6762
1753617202693,11:53:22.693,mexc,ACE/USDT:USDT,0.596,10872,0.5959,6446,0.5961,16531,0.5962,6762
1753617202964,11:53:22.964,mexc,ACE/USDT:USDT,0.596,10872,0.5959,6446,0.5961,16531,0.5962,6762
1753617203194,11:53:23.194,mexc,ACE/USDT:USDT,0.596,10872,0.5959,5565,0.5961,16531,0.5962,6762
1753617203463,11:53:23.463,mexc,ACE/USDT:USDT,0.596,10872,0.5959,5565,0.5961,16531,0.5962,6762
1753617203694,11:53:23.694,mexc,ACE/USDT:USDT,0.596,10872,0.5959,5565,0.5961,16531,0.5962,6762
1753617203963,11:53:23.963,mexc,ACE/USDT:USDT,0.596,10872,0.5959,5565,0.5961,16531,0.5962,6762
1753617204195,11:53:24.195,mexc,ACE/USDT:USDT,0.596,10872,0.5959,5565,0.5961,16531,0.5962,6762
1753617204465,11:53:24.465,mexc,ACE/USDT:USDT,0.596,10872,0.5959,5565,0.5961,16531,0.5962,8001
1753617204693,11:53:24.693,mexc,ACE/USDT:USDT,0.596,10872,0.5959,5565,0.5961,16531,0.5962,8001
1753617204965,11:53:24.965,mexc,ACE/USDT:USDT,0.596,10872,0.5959,5565,0.5961,16531,0.5962,6762
1753617205192,11:53:25.192,mexc,ACE/USDT:USDT,0.596,10872,0.5959,7197,0.5961,16531,0.5962,6762
1753617205464,11:53:25.464,mexc,ACE/USDT:USDT,0.596,10872,0.5959,7197,0.5961,16531,0.5962,6762
1753617205694,11:53:25.694,mexc,ACE/USDT:USDT,0.596,10872,0.5959,5565,0.5961,16531,0.5962,6762
1753617205964,11:53:25.964,mexc,ACE/USDT:USDT,0.596,10872,0.5959,5565,0.5961,16531,0.5962,6762
1753617206196,11:53:26.196,mexc,ACE/USDT:USDT,0.596,10872,0.5959,6344,0.5961,16531,0.5962,6762
1753617206464,11:53:26.464,mexc,ACE/USDT:USDT,0.596,10872,0.5959,6344,0.5961,16531,0.5962,7459
1753617206693,11:53:26.693,mexc,ACE/USDT:USDT,0.596,10872,0.5959,7347,0.5961,16531,0.5962,7459
1753617206966,11:53:26.966,mexc,ACE/USDT:USDT,0.596,10872,0.5959,7347,0.5961,16531,0.5962,8842
1753617207194,11:53:27.194,mexc,ACE/USDT:USDT,0.596,10872,0.5959,5565,0.5961,16531,0.5962,8842
1753617207466,11:53:27.466,mexc,ACE/USDT:USDT,0.596,4158,0.5959,13327,0.5961,9854,0.5962,7217
1753617207868,11:53:27.868,mexc,ACE/USDT:USDT,0.596,4158,0.5959,13327,0.5961,9854,0.5962,7217
1753617207964,11:53:27.964,mexc,ACE/USDT:USDT,0.596,4158,0.5959,13327,0.5961,9854,0.5962,6193
1753617208193,11:53:28.193,mexc,ACE/USDT:USDT,0.596,4158,0.5959,13327,0.5961,9854,0.5962,6193
1753617208465,11:53:28.465,mexc,ACE/USDT:USDT,0.596,4158,0.5959,13327,0.5961,9854,0.5962,8790
1753617208703,11:53:28.703,mexc,ACE/USDT:USDT,0.596,4158,0.5959,13327,0.5961,9854,0.5962,8790
1753617208968,11:53:28.968,mexc,ACE/USDT:USDT,0.596,4158,0.5959,13327,0.5961,9854,0.5962,6193
1753617209199,11:53:29.199,mexc,ACE/USDT:USDT,0.596,4158,0.5959,13327,0.5961,9854,0.5962,6193
1753617209465,11:53:29.465,mexc,ACE/USDT:USDT,0.596,4158,0.5959,13327,0.5961,9854,0.5962,6193
1753617209694,11:53:29.694,mexc,ACE/USDT:USDT,0.596,4158,0.5959,24187,0.5961,9854,0.5962,6193
1753617209965,11:53:29.965,mexc,ACE/USDT:USDT,0.596,4158,0.5959,24187,0.5961,9854,0.5962,9384
1753617210197,11:53:30.197,mexc,ACE/USDT:USDT,0.596,4158,0.5959,13327,0.5961,9854,0.5962,9384
1753617210466,11:53:30.466,mexc,ACE/USDT:USDT,0.596,4158,0.5959,13327,0.5961,9854,0.5962,6193
1753617210699,11:53:30.699,mexc,ACE/USDT:USDT,0.5963,5352,0.5962,10914,0.5964,16993,0.5965,54792
1753617211105,11:53:31.105,mexc,ACE/USDT:USDT,0.5963,5352,0.5962,10914,0.5964,16993,0.5965,55633
1753617211196,11:53:31.196,mexc,ACE/USDT:USDT,0.5963,5352,0.5962,10914,0.5964,16993,0.5965,55633
1753617211466,11:53:31.466,mexc,ACE/USDT:USDT,0.5963,5352,0.5962,10914,0.5964,16993,0.5965,54792
1753617211696,11:53:31.696,mexc,ACE/USDT:USDT,0.5963,5352,0.5962,10914,0.5964,16993,0.5965,54792
1753617211968,11:53:31.968,mexc,ACE/USDT:USDT,0.5963,5352,0.5962,10914,0.5964,16993,0.5965,55764
1753617212195,11:53:32.195,mexc,ACE/USDT:USDT,0.5963,5352,0.5962,18126,0.5964,16993,0.5965,55764
1753617212467,11:53:32.467,mexc,ACE/USDT:USDT,0.5963,5352,0.5962,18126,0.5964,16993,0.5965,54792
1753617212695,11:53:32.695,mexc,ACE/USDT:USDT,0.5963,5352,0.5962,10914,0.5964,16993,0.5965,54792
1753617212966,11:53:32.966,mexc,ACE/USDT:USDT,0.5963,5352,0.5962,10914,0.5964,16993,0.5965,54792
1753617213196,11:53:33.196,mexc,ACE/USDT:USDT,0.5963,5352,0.5962,10914,0.5964,16993,0.5965,54792
1753617213467,11:53:33.467,mexc,ACE/USDT:USDT,0.5963,5352,0.5962,10914,0.5964,16993,0.5965,54792
1753617213697,11:53:33.697,mexc,ACE/USDT:USDT,0.5963,5352,0.5962,10914,0.5964,16993,0.5965,54792
1753617213967,11:53:33.967,mexc,ACE/USDT:USDT,0.5963,5352,0.5962,10914,0.5964,16993,0.5965,54792
1753617214196,11:53:34.196,mexc,ACE/USDT:USDT,0.5963,5352,0.5962,10914,0.5964,16993,0.5965,54792
1753617214467,11:53:34.467,mexc,ACE/USDT:USDT,0.5963,5352,0.5962,10914,0.5964,16993,0.5965,54792
1753617214698,11:53:34.698,mexc,ACE/USDT:USDT,0.5963,5352,0.5962,14209,0.5964,16993,0.5965,54792
1753617214969,11:53:34.969,mexc,ACE/USDT:USDT,0.5963,5352,0.5962,14209,0.5964,16993,0.5965,56599
1753617215196,11:53:35.196,mexc,ACE/USDT:USDT,0.5963,5352,0.5962,10914,0.5964,16993,0.5965,56599
1753617215467,11:53:35.467,mexc,ACE/USDT:USDT,0.5963,5352,0.5962,10914,0.5964,16993,0.5965,56038
1753617215699,11:53:35.699,mexc,ACE/USDT:USDT,0.5963,5352,0.5962,15793,0.5964,16993,0.5965,56038
1753617215967,11:53:35.967,mexc,ACE/USDT:USDT,0.5963,5352,0.5962,15793,0.5964,16993,0.5965,55853
1753617216200,11:53:36.200,mexc,ACE/USDT:USDT,0.5963,5352,0.5962,10914,0.5964,16993,0.5965,55853
1753617216467,11:53:36.467,mexc,ACE/USDT:USDT,0.5964,2710,0.5963,6288,0.5965,8965,0.5966,29738
1753617216872,11:53:36.872,mexc,ACE/USDT:USDT,0.5964,2710,0.5963,6288,0.5965,8965,0.5966,29738
1753617216967,11:53:36.967,mexc,ACE/USDT:USDT,0.5964,2710,0.5963,6288,0.5965,8965,0.5966,29738
1753617217198,11:53:37.198,mexc,ACE/USDT:USDT,0.5964,2710,0.5963,8765,0.5965,8965,0.5966,29738
1753617217470,11:53:37.470,mexc,ACE/USDT:USDT,0.5964,2710,0.5963,8765,0.5965,8965,0.5966,29738
1753617217700,11:53:37.700,mexc,ACE/USDT:USDT,0.5964,2710,0.5963,7885,0.5965,8965,0.5966,29738
1753617217992,11:53:37.992,mexc,ACE/USDT:USDT,0.5964,2710,0.5963,7885,0.5965,8965,0.5966,38838
1753617218199,11:53:38.199,mexc,ACE/USDT:USDT,0.5964,2710,0.5963,6288,0.5965,8965,0.5966,38838
1753617218470,11:53:38.470,mexc,ACE/USDT:USDT,0.5964,2710,0.5963,6288,0.5965,8965,0.5966,38914
1753617218705,11:53:38.705,mexc,ACE/USDT:USDT,0.5964,2710,0.5963,9197,0.5965,8965,0.5966,38914
1753617218970,11:53:38.970,mexc,ACE/USDT:USDT,0.5964,2710,0.5963,9197,0.5965,8965,0.5966,41242
1753617219203,11:53:39.203,mexc,ACE/USDT:USDT,0.5964,2710,0.5963,6288,0.5965,8965,0.5966,41242
1753617219470,11:53:39.470,mexc,ACE/USDT:USDT,0.5964,2710,0.5963,6288,0.5965,8965,0.5966,36813
1753617219704,11:53:39.704,mexc,ACE/USDT:USDT,0.5964,2710,0.5963,6288,0.5965,8965,0.5966,36813
1753617219969,11:53:39.969,mexc,ACE/USDT:USDT,0.5964,2710,0.5963,6288,0.5966,23712,0.5967,5516
1753617220205,11:53:40.205,mexc,ACE/USDT:USDT,0.5964,2710,0.5963,8250,0.5966,23712,0.5967,5516
1753617220471,11:53:40.471,mexc,ACE/USDT:USDT,0.5964,2710,0.5963,8250,0.5966,26359,0.5967,5516
1753617220705,11:53:40.705,mexc,ACE/USDT:USDT,0.5964,2710,0.5963,6288,0.5966,26359,0.5967,5516
1753617220971,11:53:40.971,mexc,ACE/USDT:USDT,0.5964,2710,0.5963,6288,0.5966,14703,0.5967,6477
1753617221203,11:53:41.203,mexc,ACE/USDT:USDT,0.5964,2710,0.5963,7135,0.5966,14703,0.5967,6477
1753617221471,11:53:41.471,mexc,ACE/USDT:USDT,0.5964,2710,0.5963,7135,0.5966,23899,0.5967,7781
1753617221705,11:53:41.705,mexc,ACE/USDT:USDT,0.5964,2710,0.5963,9218,0.5966,23899,0.5967,7781
1753617221973,11:53:41.973,mexc,ACE/USDT:USDT,0.5964,2710,0.5963,9218,0.5966,14703,0.5967,8055
1753617222204,11:53:42.204,mexc,ACE/USDT:USDT,0.5964,2710,0.5963,6288,0.5966,14703,0.5967,8055
1753617222471,11:53:42.471,mexc,ACE/USDT:USDT,0.5963,3212,0.5962,2942,0.5964,2679,0.5965,7637
1753617222877,11:53:42.877,mexc,ACE/USDT:USDT,0.5963,3212,0.5962,2942,0.5964,2679,0.5965,7637
1753617222972,11:53:42.972,mexc,ACE/USDT:USDT,0.5963,3212,0.5962,2942,0.5964,2679,0.5965,10476
1753617223205,11:53:43.205,mexc,ACE/USDT:USDT,0.5963,3212,0.5962,2942,0.5964,2679,0.5965,10476
1753617223474,11:53:43.474,mexc,ACE/USDT:USDT,0.5963,3212,0.5962,2942,0.5964,2679,0.5965,9765
1753617223704,11:53:43.704,mexc,ACE/USDT:USDT,0.5963,3212,0.5962,2942,0.5964,2679,0.5965,9765
1753617223996,11:53:43.996,mexc,ACE/USDT:USDT,0.5963,3212,0.5962,2942,0.5964,2679,0.5965,7637
1753617224205,11:53:44.205,mexc,ACE/USDT:USDT,0.5963,3212,0.5962,2942,0.5964,2679,0.5965,7637
1753617224474,11:53:44.474,mexc,ACE/USDT:USDT,0.5963,3212,0.5962,2942,0.5964,2679,0.5965,7637
1753617224704,11:53:44.704,mexc,ACE/USDT:USDT,0.5963,3212,0.5962,5101,0.5964,2679,0.5965,7637
1753617224975,11:53:44.975,mexc,ACE/USDT:USDT,0.5963,3212,0.5962,5101,0.5964,2679,0.5965,11042
1753617225205,11:53:45.205,mexc,ACE/USDT:USDT,0.5963,3212,0.5962,2942,0.5964,2679,0.5965,11042
1753617225474,11:53:45.474,mexc,ACE/USDT:USDT,0.5963,3212,0.5962,2942,0.5964,2679,0.5965,7637
1753617225705,11:53:45.705,mexc,ACE/USDT:USDT,0.5963,3212,0.5962,3394,0.5964,2679,0.5965,7637
1753617225974,11:53:45.974,mexc,ACE/USDT:USDT,0.5963,3212,0.5962,3394,0.5964,2679,0.5965,9637
1753617226205,11:53:46.205,mexc,ACE/USDT:USDT,0.5963,3212,0.5962,2942,0.5964,2679,0.5965,9637
1753617226474,11:53:46.474,mexc,ACE/USDT:USDT,0.5963,3212,0.5962,2942,0.5964,2679,0.5965,7637
1753617226708,11:53:46.708,mexc,ACE/USDT:USDT,0.5963,3212,0.5962,2942,0.5964,2679,0.5965,7637
1753617226975,11:53:46.975,mexc,ACE/USDT:USDT,0.5963,3212,0.5962,2942,0.5964,2679,0.5965,7637
1753617227205,11:53:47.205,mexc,ACE/USDT:USDT,0.5963,3212,0.5962,3536,0.5964,2679,0.5965,7637
1753617227475,11:53:47.475,mexc,ACE/USDT:USDT,0.5963,3212,0.5962,3536,0.5964,2679,0.5965,7637
1753617227734,11:53:47.734,mexc,ACE/USDT:USDT,0.5966,3024,0.5965,3222,0.5967,17349,0.5968,46138
1753617227976,11:53:47.976,mexc,ACE/USDT:USDT,0.5966,3024,0.5965,3222,0.5967,17349,0.5968,46138
1753617228383,11:53:48.383,mexc,ACE/USDT:USDT,0.5966,3024,0.5965,4286,0.5967,17349,0.5968,46138
1753617228476,11:53:48.476,mexc,ACE/USDT:USDT,0.5966,3024,0.5965,4286,0.5967,17349,0.5968,46138
1753617228706,11:53:48.706,mexc,ACE/USDT:USDT,0.5966,3024,0.5965,4672,0.5967,17349,0.5968,46138
1753617228978,11:53:48.978,mexc,ACE/USDT:USDT,0.5966,3024,0.5965,4672,0.5967,17349,0.5968,48546
1753617229206,11:53:49.206,mexc,ACE/USDT:USDT,0.5966,3024,0.5965,4681,0.5967,17349,0.5968,48546
1753617229477,11:53:49.477,mexc,ACE/USDT:USDT,0.5966,3024,0.5965,4681,0.5967,17349,0.5968,47267
1753617229707,11:53:49.707,mexc,ACE/USDT:USDT,0.5966,3024,0.5965,3222,0.5967,17349,0.5968,47267
1753617229999,11:53:49.999,mexc,ACE/USDT:USDT,0.5966,3024,0.5965,3222,0.5967,17349,0.5968,48951
1753617230207,11:53:50.207,mexc,ACE/USDT:USDT,0.5966,3024,0.5965,3222,0.5967,17349,0.5968,48951
1753617230478,11:53:50.478,mexc,ACE/USDT:USDT,0.5966,3024,0.5965,3222,0.5967,17349,0.5968,46138
1753617230707,11:53:50.707,mexc,ACE/USDT:USDT,0.5966,3024,0.5965,3222,0.5967,17349,0.5968,46138
1753617230979,11:53:50.979,mexc,ACE/USDT:USDT,0.5966,3024,0.5965,3222,0.5967,17349,0.5968,46138
1753617231208,11:53:51.208,mexc,ACE/USDT:USDT,0.5966,3024,0.5965,4380,0.5967,17349,0.5968,46138
1753617231480,11:53:51.480,mexc,ACE/USDT:USDT,0.5966,3024,0.5965,4380,0.5967,17349,0.5968,48916
1753617231707,11:53:51.707,mexc,ACE/USDT:USDT,0.5966,3024,0.5965,3222,0.5967,17349,0.5968,48916
1753617231979,11:53:51.979,mexc,ACE/USDT:USDT,0.5966,3024,0.5965,3222,0.5967,17349,0.5968,48754
1753617232206,11:53:52.206,mexc,ACE/USDT:USDT,0.5966,3024,0.5965,3222,0.5967,17349,0.5968,48754
1753617232479,11:53:52.479,mexc,ACE/USDT:USDT,0.5966,3024,0.5965,3222,0.5967,17349,0.5968,46138
1753617232707,11:53:52.707,mexc,ACE/USDT:USDT,0.5966,3024,0.5965,3222,0.5967,17349,0.5968,46138
1753617232978,11:53:52.978,mexc,ACE/USDT:USDT,0.5966,3024,0.5965,3222,0.5967,17349,0.5968,46138
1753617233207,11:53:53.207,mexc,ACE/USDT:USDT,0.5966,3024,0.5965,5112,0.5967,17349,0.5968,46138
1753617233480,11:53:53.480,mexc,ACE/USDT:USDT,0.5966,2570,0.5965,13396,0.5967,7432,0.5968,4735
1753617233884,11:53:53.884,mexc,ACE/USDT:USDT,0.5966,2570,0.5965,15022,0.5967,7432,0.5968,3369
1753617233981,11:53:53.981,mexc,ACE/USDT:USDT,0.5969,2632,0.5968,14021,0.597,58064,0.5971,10241
1753617234386,11:53:54.386,mexc,ACE/USDT:USDT,0.5969,2632,0.5968,14021,0.597,58064,0.5971,9036
1753617234481,11:53:54.481,mexc,ACE/USDT:USDT,0.5969,2632,0.5968,14021,0.597,58064,0.5971,8575
1753617234709,11:53:54.709,mexc,ACE/USDT:USDT,0.5969,2632,0.5968,20412,0.597,58064,0.5971,8575
1753617234981,11:53:54.981,mexc,ACE/USDT:USDT,0.5969,2632,0.5968,20412,0.597,58064,0.5971,8575
1753617235208,11:53:55.208,mexc,ACE/USDT:USDT,0.5969,2632,0.5968,20546,0.597,58064,0.5971,8575
1753617235480,11:53:55.480,mexc,ACE/USDT:USDT,0.5969,2632,0.5968,20546,0.597,58064,0.5971,9328
1753617235708,11:53:55.708,mexc,ACE/USDT:USDT,0.5969,2632,0.5968,14021,0.597,58064,0.5971,9328
1753617236077,11:53:56.077,mexc,ACE/USDT:USDT,0.5969,2632,0.5968,14021,0.597,58064,0.5971,9186
1753617236208,11:53:56.208,mexc,ACE/USDT:USDT,0.5969,2632,0.5968,14021,0.597,58064,0.5971,9186
1753617236481,11:53:56.481,mexc,ACE/USDT:USDT,0.5969,2632,0.5968,14021,0.597,58064,0.5971,10038
1753617236612,11:53:56.612,mexc,ACE/USDT:USDT,0.5969,2632,0.5968,14021,0.597,58064,0.5971,10038
1753617236885,11:53:56.885,mexc,ACE/USDT:USDT,0.5969,2632,0.5968,14021,0.597,58064,0.5971,8575
1753617236982,11:53:56.982,mexc,ACE/USDT:USDT,0.5969,2632,0.5968,14021,0.597,58064,0.5971,8964
1753617237208,11:53:57.208,mexc,ACE/USDT:USDT,0.5969,2632,0.5968,16790,0.597,58064,0.5971,8964
1753617237482,11:53:57.482,mexc,ACE/USDT:USDT,0.5969,2632,0.5968,16790,0.597,58064,0.5971,8575
1753617237709,11:53:57.709,mexc,ACE/USDT:USDT,0.5969,2632,0.5968,21742,0.597,58064,0.5971,8575
1753617237981,11:53:57.981,mexc,ACE/USDT:USDT,0.5969,2632,0.5968,21742,0.597,58064,0.5971,9799
1753617238210,11:53:58.210,mexc,ACE/USDT:USDT,0.5969,2632,0.5968,20935,0.597,58064,0.5971,9799
1753617238485,11:53:58.485,mexc,ACE/USDT:USDT,0.5969,2632,0.5968,20935,0.597,58064,0.5971,8575
1753617238709,11:53:58.709,mexc,ACE/USDT:USDT,0.5969,2632,0.5968,15962,0.597,58064,0.5971,8575
1753617238983,11:53:58.983,mexc,ACE/USDT:USDT,0.5969,2632,0.5968,15962,0.597,58064,0.5971,9913
1753617239210,11:53:59.210,mexc,ACE/USDT:USDT,0.5969,2632,0.5968,26039,0.597,58064,0.5971,9913
1753617239483,11:53:59.483,mexc,ACE/USDT:USDT,0.5967,5559,0.5966,3921,0.5968,3311,0.5969,4701
1753617239888,11:53:59.888,mexc,ACE/USDT:USDT,0.5967,5559,0.5966,3921,0.5968,3311,0.5969,4701
1753617239982,11:53:59.982,mexc,ACE/USDT:USDT,0.5967,5559,0.5966,3921,0.5968,3311,0.5969,4701
1753617240209,11:54:00.209,mexc,ACE/USDT:USDT,0.5967,5559,0.5966,5032,0.5968,3311,0.5969,4701
1753617240485,11:54:00.485,mexc,ACE/USDT:USDT,0.5967,5559,0.5966,5032,0.5968,3311,0.5969,5977
1753617240711,11:54:00.711,mexc,ACE/USDT:USDT,0.5967,5559,0.5966,4757,0.5968,3311,0.5969,5977
1753617240985,11:54:00.985,mexc,ACE/USDT:USDT,0.5967,5559,0.5966,4757,0.5968,3311,0.5969,4701
1753617241210,11:54:01.210,mexc,ACE/USDT:USDT,0.5967,5559,0.5966,3921,0.5968,3311,0.5969,4701
1753617241486,11:54:01.486,mexc,ACE/USDT:USDT,0.5967,5559,0.5966,3921,0.5968,3311,0.5969,5256
1753617241711,11:54:01.711,mexc,ACE/USDT:USDT,0.5967,5559,0.5966,3921,0.5968,3311,0.5969,5256
1753617242080,11:54:02.080,mexc,ACE/USDT:USDT,0.5967,5559,0.5966,3921,0.5968,3311,0.5969,5427
1753617242210,11:54:02.210,mexc,ACE/USDT:USDT,0.5967,5559,0.5966,4673,0.5968,3311,0.5969,5427
1753617242485,11:54:02.485,mexc,ACE/USDT:USDT,0.5967,5559,0.5966,4673,0.5968,3311,0.5969,6031
1753617242615,11:54:02.615,mexc,ACE/USDT:USDT,0.5967,5559,0.5966,3921,0.5968,3311,0.5969,6031
1753617242889,11:54:02.889,mexc,ACE/USDT:USDT,0.5967,5559,0.5966,5071,0.5968,3311,0.5969,4701
1753617242986,11:54:02.986,mexc,ACE/USDT:USDT,0.5967,5559,0.5966,5071,0.5968,3311,0.5969,4701
1753617243211,11:54:03.211,mexc,ACE/USDT:USDT,0.5967,5559,0.5966,5743,0.5968,3311,0.5969,4701
1753617243485,11:54:03.485,mexc,ACE/USDT:USDT,0.5967,5559,0.5966,5743,0.5968,3311,0.5969,4701
1753617243712,11:54:03.712,mexc,ACE/USDT:USDT,0.5967,5559,0.5966,4949,0.5968,3311,0.5969,4701
1753617243987,11:54:03.987,mexc,ACE/USDT:USDT,0.5967,5559,0.5966,4949,0.5968,3311,0.5969,7051
1753617244214,11:54:04.214,mexc,ACE/USDT:USDT,0.5967,5559,0.5966,3921,0.5968,3311,0.5969,7051
1753617244487,11:54:04.487,mexc,ACE/USDT:USDT,0.5967,5559,0.5966,3921,0.5968,3311,0.5969,4701
1753617244713,11:54:04.713,mexc,ACE/USDT:USDT,0.5967,5559,0.5966,3921,0.5968,3311,0.5969,4701
1753617244990,11:54:04.990,mexc,ACE/USDT:USDT,0.5967,5559,0.5966,3921,0.5968,3311,0.5969,5562
1753617245224,11:54:05.224,mexc,ACE/USDT:USDT,0.5967,5559,0.5966,4625,0.5968,3311,0.5969,5562
1753617245512,11:54:05.512,mexc,ACE/USDT:USDT,0.5965,2612,0.5964,3844,0.5966,6510,0.5967,69028
1753617245714,11:54:05.714,mexc,ACE/USDT:USDT,0.5965,2612,0.5964,3844,0.5966,6510,0.5967,69028
1753617245988,11:54:05.988,mexc,ACE/USDT:USDT,0.5965,2612,0.5964,3844,0.5966,6510,0.5967,58884
1753617246213,11:54:06.213,mexc,ACE/USDT:USDT,0.5965,2612,0.5964,5303,0.5966,6510,0.5967,58884
1753617246486,11:54:06.486,mexc,ACE/USDT:USDT,0.5965,2612,0.5964,5303,0.5966,6510,0.5967,74098
1753617246714,11:54:06.714,mexc,ACE/USDT:USDT,0.5965,2612,0.5964,3844,0.5966,6510,0.5967,74098
1753617246991,11:54:06.991,mexc,ACE/USDT:USDT,0.5965,2612,0.5964,3844,0.5966,6510,0.5967,50290
1753617247214,11:54:07.214,mexc,ACE/USDT:USDT,0.5965,2612,0.5964,3844,0.5966,6510,0.5967,50290
1753617247491,11:54:07.491,mexc,ACE/USDT:USDT,0.5965,2612,0.5964,3844,0.5966,6510,0.5967,75181
1753617247713,11:54:07.713,mexc,ACE/USDT:USDT,0.5965,2612,0.5964,3844,0.5966,6510,0.5967,75181
1753617248084,11:54:08.084,mexc,ACE/USDT:USDT,0.5965,2612,0.5964,3844,0.5966,6510,0.5967,50290
1753617248214,11:54:08.214,mexc,ACE/USDT:USDT,0.5965,2612,0.5964,3844,0.5966,6510,0.5967,50290
1753617248490,11:54:08.490,mexc,ACE/USDT:USDT,0.5965,2612,0.5964,3844,0.5966,6510,0.5967,50290
1753617248617,11:54:08.617,mexc,ACE/USDT:USDT,0.5965,2612,0.5964,3844,0.5966,6510,0.5967,50290
1753617248895,11:54:08.895,mexc,ACE/USDT:USDT,0.5965,2612,0.5964,3844,0.5966,6510,0.5967,50290
1753617248991,11:54:08.991,mexc,ACE/USDT:USDT,0.5965,2612,0.5964,3844,0.5966,6510,0.5967,50290
1753617249214,11:54:09.214,mexc,ACE/USDT:USDT,0.5965,2612,0.5964,5004,0.5966,6510,0.5967,50290
1753617249491,11:54:09.491,mexc,ACE/USDT:USDT,0.5965,2612,0.5964,5004,0.5966,6510,0.5967,72395
1753617249714,11:54:09.714,mexc,ACE/USDT:USDT,0.5965,2612,0.5964,3844,0.5966,6510,0.5967,72395
1753617249992,11:54:09.992,mexc,ACE/USDT:USDT,0.5965,2612,0.5964,3844,0.5966,6510,0.5967,50290
1753617250215,11:54:10.215,mexc,ACE/USDT:USDT,0.5965,2612,0.5964,4339,0.5966,6510,0.5967,50290
1753617250496,11:54:10.496,mexc,ACE/USDT:USDT,0.5965,2612,0.5964,4339,0.5966,6510,0.5967,65095
1753617250715,11:54:10.715,mexc,ACE/USDT:USDT,0.5965,2612,0.5964,3844,0.5966,6510,0.5967,65095
1753617250994,11:54:10.994,mexc,ACE/USDT:USDT,0.5965,2612,0.5964,3844,0.5966,6510,0.5967,50290
1753617251214,11:54:11.214,mexc,ACE/USDT:USDT,0.5965,2612,0.5964,5107,0.5966,6510,0.5967,50290
1753617251496,11:54:11.496,mexc,ACE/USDT:USDT,0.5963,2738,0.5962,3541,0.5964,7109,0.5965,3095
1753617251899,11:54:11.899,mexc,ACE/USDT:USDT,0.5963,2738,0.5962,3541,0.5964,7109,0.5965,3095
1753617251993,11:54:11.993,mexc,ACE/USDT:USDT,0.5963,2738,0.5962,3541,0.5964,7109,0.5965,3095
1753617252215,11:54:12.215,mexc,ACE/USDT:USDT,0.5963,2738,0.5962,3541,0.5964,7109,0.5965,3095
1753617252495,11:54:12.495,mexc,ACE/USDT:USDT,0.5963,2738,0.5962,3541,0.5964,7109,0.5965,3095
1753617252715,11:54:12.715,mexc,ACE/USDT:USDT,0.5963,2738,0.5962,3541,0.5964,7109,0.5965,3095
1753617252995,11:54:12.995,mexc,ACE/USDT:USDT,0.5963,2738,0.5962,3541,0.5964,7109,0.5965,3683
1753617253216,11:54:13.216,mexc,ACE/USDT:USDT,0.5963,2738,0.5962,4392,0.5964,7109,0.5965,3683
1753617253496,11:54:13.496,mexc,ACE/USDT:USDT,0.5963,2738,0.5962,4392,0.5964,7109,0.5965,3891
1753617253716,11:54:13.716,mexc,ACE/USDT:USDT,0.5963,2738,0.5962,4658,0.5964,7109,0.5965,3891
1753617254095,11:54:14.095,mexc,ACE/USDT:USDT,0.5963,2738,0.5962,4658,0.5964,7109,0.5965,3095
1753617254217,11:54:14.217,mexc,ACE/USDT:USDT,0.5963,2738,0.5962,4921,0.5964,7109,0.5965,3095
1753617254496,11:54:14.496,mexc,ACE/USDT:USDT,0.5963,2738,0.5962,4921,0.5964,7109,0.5965,3095
1753617254621,11:54:14.621,mexc,ACE/USDT:USDT,0.5963,2738,0.5962,3541,0.5964,7109,0.5965,3095
1753617254899,11:54:14.899,mexc,ACE/USDT:USDT,0.5963,2738,0.5962,4203,0.5964,7109,0.5965,3095
1753617254999,11:54:14.999,mexc,ACE/USDT:USDT,0.5963,2738,0.5962,4203,0.5964,7109,0.5965,3095
1753617255216,11:54:15.216,mexc,ACE/USDT:USDT,0.5963,2738,0.5962,3541,0.5964,7109,0.5965,3095
1753617255500,11:54:15.500,mexc,ACE/USDT:USDT,0.5963,2738,0.5962,3541,0.5964,7109,0.5965,3095
1753617255716,11:54:15.716,mexc,ACE/USDT:USDT,0.5963,2738,0.5962,3541,0.5964,7109,0.5965,3095
1753617256000,11:54:16.000,mexc,ACE/USDT:USDT,0.5963,2738,0.5962,3541,0.5964,7109,0.5965,4059
1753617256219,11:54:16.219,mexc,ACE/USDT:USDT,0.5963,2738,0.5962,3541,0.5964,7109,0.5965,4059
1753617256499,11:54:16.499,mexc,ACE/USDT:USDT,0.5963,2738,0.5962,3541,0.5964,7109,0.5965,3768
1753617256717,11:54:16.717,mexc,ACE/USDT:USDT,0.5963,2738,0.5962,4462,0.5964,7109,0.5965,3768
1753617257000,11:54:17.000,mexc,ACE/USDT:USDT,0.5963,2738,0.5962,4462,0.5964,7109,0.5965,3095
1753617257218,11:54:17.218,mexc,ACE/USDT:USDT,0.5963,2738,0.5962,3541,0.5964,7109,0.5965,3095
1753617257499,11:54:17.499,mexc,ACE/USDT:USDT,0.5963,2705,0.5962,3670,0.5964,17481,0.5965,3032
1753617257906,11:54:17.906,mexc,ACE/USDT:USDT,0.5963,2705,0.5962,3670,0.5964,17481,0.5965,3032
1753617258002,11:54:18.002,mexc,ACE/USDT:USDT,0.5963,2705,0.5962,3670,0.5964,17481,0.5965,3555
1753617258219,11:54:18.219,mexc,ACE/USDT:USDT,0.5963,2705,0.5962,3670,0.5964,17481,0.5965,3555
1753617258500,11:54:18.500,mexc,ACE/USDT:USDT,0.5963,2705,0.5962,3670,0.5964,17481,0.5965,3032
1753617258721,11:54:18.721,mexc,ACE/USDT:USDT,0.5963,2705,0.5962,5019,0.5964,17481,0.5965,3032
1753617259001,11:54:19.001,mexc,ACE/USDT:USDT,0.5963,2705,0.5962,5019,0.5964,17481,0.5965,3032
1753617259219,11:54:19.219,mexc,ACE/USDT:USDT,0.5963,2705,0.5962,4953,0.5964,17481,0.5965,3032
1753617259502,11:54:19.502,mexc,ACE/USDT:USDT,0.5963,2705,0.5962,4953,0.5964,17481,0.5965,5020
1753617259720,11:54:19.720,mexc,ACE/USDT:USDT,0.5963,2705,0.5962,4543,0.5964,17481,0.5965,5020
1753617260091,11:54:20.091,mexc,ACE/USDT:USDT,0.5963,2705,0.5962,4543,0.5964,17481,0.5965,4243
1753617260222,11:54:20.222,mexc,ACE/USDT:USDT,0.5963,2705,0.5962,5147,0.5964,17481,0.5965,4243
1753617260501,11:54:20.501,mexc,ACE/USDT:USDT,0.5963,2705,0.5962,5147,0.5964,17481,0.5965,3032
1753617260624,11:54:20.624,mexc,ACE/USDT:USDT,0.5963,2705,0.5962,3670,0.5964,17481,0.5965,3032
1753617260905,11:54:20.905,mexc,ACE/USDT:USDT,0.5963,2705,0.5962,4750,0.5964,17481,0.5965,3032
1753617261004,11:54:21.004,mexc,ACE/USDT:USDT,0.5963,2705,0.5962,4750,0.5964,17481,0.5965,3032
1753617261222,11:54:21.222,mexc,ACE/USDT:USDT,0.5963,2705,0.5962,3670,0.5964,17481,0.5965,3032
1753617261563,11:54:21.563,mexc,ACE/USDT:USDT,0.5963,2705,0.5962,3670,0.5964,17481,0.5965,4448
1753617261723,11:54:21.723,mexc,ACE/USDT:USDT,0.5963,2705,0.5962,4340,0.5964,17481,0.5965,4448
1753617261966,11:54:21.966,mexc,ACE/USDT:USDT,0.5963,2705,0.5962,4340,0.5964,17481,0.5965,3032
1753617262124,11:54:22.124,mexc,ACE/USDT:USDT,0.5963,2705,0.5962,3670,0.5964,17481,0.5965,3032
1753617262221,11:54:22.221,mexc,ACE/USDT:USDT,0.5963,2705,0.5962,5118,0.5964,17481,0.5965,3032
1753617262624,11:54:22.624,mexc,ACE/USDT:USDT,0.5963,2705,0.5962,5118,0.5964,17481,0.5965,3792
1753617262723,11:54:22.723,mexc,ACE/USDT:USDT,0.5963,2705,0.5962,3670,0.5964,17481,0.5965,3792
1753617263063,11:54:23.063,mexc,ACE/USDT:USDT,0.5963,2705,0.5962,3670,0.5964,17481,0.5965,3032
1753617263220,11:54:23.220,mexc,ACE/USDT:USDT,0.5963,2705,0.5962,6678,0.5964,17481,0.5965,3032
1753617263563,11:54:23.563,mexc,ACE/USDT:USDT,0.5961,4404,0.596,18409,0.5962,11377,0.5963,26621
1753617263723,11:54:23.723,mexc,ACE/USDT:USDT,0.5961,4404,0.596,22695,0.5962,11377,0.5963,35371
1753617263967,11:54:23.967,mexc,ACE/USDT:USDT,0.5961,4404,0.596,22695,0.5962,11377,0.5963,35371
1753617264125,11:54:24.125,mexc,ACE/USDT:USDT,0.5961,4404,0.596,18409,0.5962,11377,0.5963,35084
1753617264222,11:54:24.222,mexc,ACE/USDT:USDT,0.5961,4404,0.596,18409,0.5962,11377,0.5963,35084
1753617264627,11:54:24.627,mexc,ACE/USDT:USDT,0.5961,4404,0.596,18409,0.5962,11377,0.5963,26621
1753617264723,11:54:24.723,mexc,ACE/USDT:USDT,0.5961,4404,0.596,21974,0.5962,11377,0.5963,26621
1753617265064,11:54:25.064,mexc,ACE/USDT:USDT,0.5961,4404,0.596,21974,0.5962,11377,0.5963,26621
1753617265224,11:54:25.224,mexc,ACE/USDT:USDT,0.5961,4404,0.596,23594,0.5962,11377,0.5963,26621
1753617265469,11:54:25.469,mexc,ACE/USDT:USDT,0.5961,4404,0.596,23594,0.5962,11377,0.5963,26621
1753617265627,11:54:25.627,mexc,ACE/USDT:USDT,0.5961,4404,0.596,18409,0.5962,11377,0.5963,26621
1753617265725,11:54:25.725,mexc,ACE/USDT:USDT,0.5961,4404,0.596,18409,0.5962,11377,0.5963,26621
1753617266126,11:54:26.126,mexc,ACE/USDT:USDT,0.5961,4404,0.596,18409,0.5962,11377,0.5963,38668
1753617266224,11:54:26.224,mexc,ACE/USDT:USDT,0.5961,4404,0.596,24468,0.5962,11377,0.5963,38668
1753617266565,11:54:26.565,mexc,ACE/USDT:USDT,0.5961,4404,0.596,24468,0.5962,11377,0.5963,26621
1753617266725,11:54:26.725,mexc,ACE/USDT:USDT,0.5961,4404,0.596,18409,0.5962,11377,0.5963,26621
1753617266969,11:54:26.969,mexc,ACE/USDT:USDT,0.5961,4404,0.596,18409,0.5962,11377,0.5963,26621
1753617267126,11:54:27.126,mexc,ACE/USDT:USDT,0.5961,4404,0.596,18409,0.5962,11377,0.5963,36627
1753617267225,11:54:27.225,mexc,ACE/USDT:USDT,0.5961,4404,0.596,18409,0.5962,11377,0.5963,36627
1753617267628,11:54:27.628,mexc,ACE/USDT:USDT,0.5961,4404,0.596,18409,0.5962,11377,0.5963,26621
1753617267725,11:54:27.725,mexc,ACE/USDT:USDT,0.5961,4404,0.596,18409,0.5962,11377,0.5963,26621
1753617268065,11:54:28.065,mexc,ACE/USDT:USDT,0.5961,4404,0.596,18409,0.5962,11377,0.5963,26621
1753617268227,11:54:28.227,mexc,ACE/USDT:USDT,0.5961,4404,0.596,18409,0.5962,11377,0.5963,26621
1753617268469,11:54:28.469,mexc,ACE/USDT:USDT,0.5961,4404,0.596,18409,0.5962,11377,0.5963,26621
1753617268628,11:54:28.628,mexc,ACE/USDT:USDT,0.5961,4404,0.596,18409,0.5962,11377,0.5963,26621
1753617268729,11:54:28.729,mexc,ACE/USDT:USDT,0.5961,4404,0.596,31133,0.5962,11377,0.5963,26621
1753617269132,11:54:29.132,mexc,ACE/USDT:USDT,0.5961,4404,0.596,26591,0.5962,11377,0.5963,29979
1753617269226,11:54:29.226,mexc,ACE/USDT:USDT,0.5961,4404,0.596,18409,0.5962,11377,0.5963,29979
1753617269568,11:54:29.568,mexc,ACE/USDT:USDT,0.5961,5491,0.596,20318,0.5962,14886,0.5963,31186
1753617269727,11:54:29.727,mexc,ACE/USDT:USDT,0.5961,5491,0.596,20318,0.5962,14886,0.5963,37814
1753617269970,11:54:29.970,mexc,ACE/USDT:USDT,0.5961,5491,0.596,20318,0.5962,14886,0.5963,27457
1753617270129,11:54:30.129,mexc,ACE/USDT:USDT,0.5961,5491,0.596,20318,0.5962,14886,0.5963,28515
1753617270226,11:54:30.226,mexc,ACE/USDT:USDT,0.5961,5491,0.596,23614,0.5962,14886,0.5963,28515
1753617270628,11:54:30.628,mexc,ACE/USDT:USDT,0.5961,5491,0.596,20318,0.5962,14886,0.5963,29938
1753617270726,11:54:30.726,mexc,ACE/USDT:USDT,0.5961,5491,0.596,26841,0.5962,14886,0.5963,29938
1753617271070,11:54:31.070,mexc,ACE/USDT:USDT,0.5961,5491,0.596,26841,0.5962,14886,0.5963,20829
1753617271226,11:54:31.226,mexc,ACE/USDT:USDT,0.5961,5491,0.596,20318,0.5962,14886,0.5963,20829
1753617271472,11:54:31.472,mexc,ACE/USDT:USDT,0.5961,5491,0.596,20318,0.5962,14886,0.5963,20829
1753617271629,11:54:31.629,mexc,ACE/USDT:USDT,0.5961,5491,0.596,20318,0.5962,14886,0.5963,25536
1753617271727,11:54:31.727,mexc,ACE/USDT:USDT,0.5961,5491,0.596,28959,0.5962,14886,0.5963,25536
1753617272132,11:54:32.132,mexc,ACE/USDT:USDT,0.5961,5491,0.596,20318,0.5962,14886,0.5963,20829
1753617272226,11:54:32.226,mexc,ACE/USDT:USDT,0.5961,5491,0.596,22816,0.5962,14886,0.5963,20829
1753617272630,11:54:32.630,mexc,ACE/USDT:USDT,0.5961,5491,0.596,20318,0.5962,14886,0.5963,25609
1753617272726,11:54:32.726,mexc,ACE/USDT:USDT,0.5961,5491,0.596,28518,0.5962,14886,0.5963,25609
1753617273070,11:54:33.070,mexc,ACE/USDT:USDT,0.5961,5491,0.596,28518,0.5962,14886,0.5963,20829
1753617273227,11:54:33.227,mexc,ACE/USDT:USDT,0.5961,5491,0.596,26503,0.5962,14886,0.5963,27898
1753617273478,11:54:33.478,mexc,ACE/USDT:USDT,0.5961,5491,0.596,26503,0.5962,14886,0.5963,27898
1753617273632,11:54:33.632,mexc,ACE/USDT:USDT,0.5961,5491,0.596,20318,0.5962,14886,0.5963,29875
1753617273728,11:54:33.728,mexc,ACE/USDT:USDT,0.5961,5491,0.596,20318,0.5962,14886,0.5963,29875
1753617274131,11:54:34.131,mexc,ACE/USDT:USDT,0.5961,5491,0.596,20318,0.5962,14886,0.5963,20829
1753617274229,11:54:34.229,mexc,ACE/USDT:USDT,0.5961,5491,0.596,20318,0.5962,14886,0.5963,20829
1753617274569,11:54:34.569,mexc,ACE/USDT:USDT,0.5961,5491,0.596,20318,0.5962,14886,0.5963,20829
1753617274727,11:54:34.727,mexc,ACE/USDT:USDT,0.5961,5491,0.596,28363,0.5962,14886,0.5963,20829
1753617274974,11:54:34.974,mexc,ACE/USDT:USDT,0.5961,5491,0.596,28363,0.5962,14886,0.5963,20829
1753617275132,11:54:35.132,mexc,ACE/USDT:USDT,0.5961,5491,0.596,20318,0.5962,14886,0.5963,26319
1753617275427,11:54:35.427,mexc,ACE/USDT:USDT,0.5961,5491,0.596,27652,0.5962,28198,0.5963,26319
1753617275574,11:54:35.574,mexc,ACE/USDT:USDT,0.5961,4883,0.596,4485,0.5962,13312,0.5963,35008
1753617275730,11:54:35.730,mexc,ACE/USDT:USDT,0.5961,4883,0.596,4485,0.5962,13312,0.5963,35008
1753617276134,11:54:36.134,mexc,ACE/USDT:USDT,0.5961,4883,0.596,4485,0.5962,13312,0.5963,25678
1753617276230,11:54:36.230,mexc,ACE/USDT:USDT,0.5961,4883,0.596,4485,0.5962,13312,0.5963,25678
1753617276577,11:54:36.577,mexc,ACE/USDT:USDT,0.5961,4883,0.596,4485,0.5962,13312,0.5963,25678
1753617276729,11:54:36.729,mexc,ACE/USDT:USDT,0.5961,4883,0.596,5379,0.5962,13312,0.5963,35714
1753617277077,11:54:37.077,mexc,ACE/USDT:USDT,0.5961,4883,0.596,5379,0.5962,13312,0.5963,31822
1753617277230,11:54:37.230,mexc,ACE/USDT:USDT,0.5961,4883,0.596,4485,0.5962,13312,0.5963,31822
1753617277477,11:54:37.477,mexc,ACE/USDT:USDT,0.5961,4883,0.596,4485,0.5962,13312,0.5963,25678
1753617277634,11:54:37.634,mexc,ACE/USDT:USDT,0.5961,4883,0.596,4485,0.5962,13312,0.5963,25678
1753617277731,11:54:37.731,mexc,ACE/USDT:USDT,0.5961,4883,0.596,4485,0.5962,13312,0.5963,25678
1753617278133,11:54:38.133,mexc,ACE/USDT:USDT,0.5961,4883,0.596,4485,0.5962,13312,0.5963,25678
1753617278230,11:54:38.230,mexc,ACE/USDT:USDT,0.5961,4883,0.596,6691,0.5962,13312,0.5963,25678
1753617278575,11:54:38.575,mexc,ACE/USDT:USDT,0.5961,4883,0.596,6691,0.5962,13312,0.5963,25678
1753617278731,11:54:38.731,mexc,ACE/USDT:USDT,0.5961,4883,0.596,5012,0.5962,13312,0.5963,25678
1753617278980,11:54:38.980,mexc,ACE/USDT:USDT,0.5961,4883,0.596,5012,0.5962,13312,0.5963,25678
1753617279132,11:54:39.132,mexc,ACE/USDT:USDT,0.5961,4883,0.596,4485,0.5962,13312,0.5963,25678
1753617279232,11:54:39.232,mexc,ACE/USDT:USDT,0.5961,4883,0.596,4485,0.5962,13312,0.5963,25678
1753617279632,11:54:39.632,mexc,ACE/USDT:USDT,0.5961,4883,0.596,4485,0.5962,13312,0.5963,34817
1753617279732,11:54:39.732,mexc,ACE/USDT:USDT,0.5961,4883,0.596,5552,0.5962,13312,0.5963,34817
1753617280078,11:54:40.078,mexc,ACE/USDT:USDT,0.5961,4883,0.596,5552,0.5962,13312,0.5963,28269
1753617280231,11:54:40.231,mexc,ACE/USDT:USDT,0.5961,4883,0.596,6011,0.5962,13312,0.5963,28269
1753617280480,11:54:40.480,mexc,ACE/USDT:USDT,0.5961,4883,0.596,6011,0.5962,13312,0.5963,25678
1753617280634,11:54:40.634,mexc,ACE/USDT:USDT,0.5961,4883,0.596,4485,0.5962,13312,0.5963,25678
1753617280733,11:54:40.733,mexc,ACE/USDT:USDT,0.5961,4883,0.596,4485,0.5962,13312,0.5963,25678
1753617281135,11:54:41.135,mexc,ACE/USDT:USDT,0.5961,4883,0.596,4485,0.5962,13312,0.5963,25678
1753617281232,11:54:41.232,mexc,ACE/USDT:USDT,0.5961,4883,0.596,4485,0.5962,13312,0.5963,25678
1753617281578,11:54:41.578,mexc,ACE/USDT:USDT,0.5959,2578,0.5958,4484,0.596,2640,0.5961,10800
1753617281732,11:54:41.732,mexc,ACE/USDT:USDT,0.5959,2578,0.5958,4484,0.596,2640,0.5961,15859
1753617281981,11:54:41.981,mexc,ACE/USDT:USDT,0.5959,2578,0.5958,4484,0.596,2640,0.5961,15859
1753617282134,11:54:42.134,mexc,ACE/USDT:USDT,0.5959,2578,0.5958,4484,0.596,2640,0.5961,12536
1753617282232,11:54:42.232,mexc,ACE/USDT:USDT,0.5959,2578,0.5958,4484,0.596,2640,0.5961,12536
1753617282638,11:54:42.638,mexc,ACE/USDT:USDT,0.5959,2578,0.5958,4484,0.596,2640,0.5961,14998
1753617282731,11:54:42.731,mexc,ACE/USDT:USDT,0.5959,2578,0.5958,6192,0.596,2640,0.5961,14998
1753617283083,11:54:43.083,mexc,ACE/USDT:USDT,0.5959,2578,0.5958,6192,0.596,2640,0.5961,10800
1753617283233,11:54:43.233,mexc,ACE/USDT:USDT,0.5959,2578,0.5958,4484,0.596,2640,0.5961,10800
1753617283488,11:54:43.488,mexc,ACE/USDT:USDT,0.5953,54003,0.5952,103147,0.596,2640,0.5961,10800
1753617283582,11:54:43.582,mexc,ACE/USDT:USDT,0.5953,54003,0.5952,103147,0.596,2640,0.5961,10800
1753617283736,11:54:43.736,mexc,ACE/USDT:USDT,0.5958,1604,0.5956,3626,0.596,2640,0.5961,10800
1753617284136,11:54:44.136,mexc,ACE/USDT:USDT,0.5958,1604,0.5953,54003,0.596,2640,0.5961,14288
1753617284235,11:54:44.235,mexc,ACE/USDT:USDT,0.5957,2371,0.5956,2771,0.596,2640,0.5961,14288
1753617284581,11:54:44.581,mexc,ACE/USDT:USDT,0.5957,2371,0.5956,2771,0.596,2640,0.5961,14016
1753617284732,11:54:44.732,mexc,ACE/USDT:USDT,0.5956,1774,0.5955,2125,0.596,2640,0.5961,14016
1753617284839,11:54:44.839,mexc,ACE/USDT:USDT,0.5956,17566,0.5955,2721,0.5957,2657,0.5958,14106
1753617285234,11:54:45.234,mexc,ACE/USDT:USDT,0.5956,17566,0.5955,2721,0.5957,2657,0.5958,14106
1753617285234,11:54:45.234,mexc,ACE/USDT:USDT,0.5956,17566,0.5955,2721,0.5957,2657,0.5958,14106
1753617285638,11:54:45.638,mexc,ACE/USDT:USDT,0.5956,17566,0.5955,2721,0.5957,2657,0.5958,14106
1753617285736,11:54:45.736,mexc,ACE/USDT:USDT,0.5956,17566,0.5955,2721,0.5957,2657,0.5958,14106
1753617286082,11:54:46.082,mexc,ACE/USDT:USDT,0.5956,17566,0.5955,2721,0.5957,2657,0.5958,14106
1753617286236,11:54:46.236,mexc,ACE/USDT:USDT,0.5956,17566,0.5955,2721,0.5957,2657,0.5958,14106
1753617286483,11:54:46.483,mexc,ACE/USDT:USDT,0.5956,17566,0.5955,2721,0.5957,2657,0.5958,14106
1753617286639,11:54:46.639,mexc,ACE/USDT:USDT,0.5956,17566,0.5955,2721,0.5957,2657,0.5958,17311
1753617286737,11:54:46.737,mexc,ACE/USDT:USDT,0.5956,17566,0.5955,3786,0.5957,2657,0.5958,17311
1753617287139,11:54:47.139,mexc,ACE/USDT:USDT,0.5956,17566,0.5955,2721,0.5957,2657,0.5958,18308
1753617287236,11:54:47.236,mexc,ACE/USDT:USDT,0.5956,17566,0.5955,4653,0.5957,2657,0.5958,18308
1753617287583,11:54:47.583,mexc,ACE/USDT:USDT,0.5956,17566,0.5955,4653,0.5957,2657,0.5958,14106
1753617287739,11:54:47.739,mexc,ACE/USDT:USDT,0.5956,17566,0.5955,5172,0.5957,2657,0.5958,20598
1753617287984,11:54:47.984,mexc,ACE/USDT:USDT,0.5956,17566,0.5955,5172,0.5957,2657,0.5958,20598
1753617288139,11:54:48.139,mexc,ACE/USDT:USDT,0.5956,17566,0.5955,2721,0.5957,2657,0.5958,14106
1753617288236,11:54:48.236,mexc,ACE/USDT:USDT,0.5956,17566,0.5955,2721,0.5957,2657,0.5958,14106
1753617288642,11:54:48.642,mexc,ACE/USDT:USDT,0.5956,17566,0.5955,2721,0.5957,2657,0.5958,18038
1753617288736,11:54:48.736,mexc,ACE/USDT:USDT,0.5956,17566,0.5955,2721,0.5957,2657,0.5958,18038
1753617289082,11:54:49.082,mexc,ACE/USDT:USDT,0.5956,17566,0.5955,2721,0.5957,2657,0.5958,14106
1753617289238,11:54:49.238,mexc,ACE/USDT:USDT,0.5956,17566,0.5955,3770,0.5957,2657,0.5958,14106
1753617289484,11:54:49.484,mexc,ACE/USDT:USDT,0.5956,17566,0.5955,3770,0.5957,2657,0.5958,14106
1753617289641,11:54:49.641,mexc,ACE/USDT:USDT,0.5956,17566,0.5955,2721,0.5957,2657,0.5958,25721
1753617289739,11:54:49.739,mexc,ACE/USDT:USDT,0.5956,17566,0.5955,2721,0.5957,2657,0.5958,25721
1753617290141,11:54:50.141,mexc,ACE/USDT:USDT,0.5956,17566,0.5955,2721,0.5957,2657,0.5958,17718
1753617290239,11:54:50.239,mexc,ACE/USDT:USDT,0.5956,17566,0.5955,2721,0.5957,2657,0.5958,17718
1753617290584,11:54:50.584,mexc,ACE/USDT:USDT,0.5957,9018,0.5956,5775,0.5958,4108,0.5959,4397
1753617290739,11:54:50.739,mexc,ACE/USDT:USDT,0.5957,9018,0.5956,7041,0.5958,4108,0.5959,5642
1753617290986,11:54:50.986,mexc,ACE/USDT:USDT,0.5957,9018,0.5956,7041,0.5958,4108,0.5959,4659
1753617291143,11:54:51.143,mexc,ACE/USDT:USDT,0.5957,9018,0.5956,5775,0.5958,4108,0.5959,4812
1753617291240,11:54:51.240,mexc,ACE/USDT:USDT,0.5957,9018,0.5956,5775,0.5958,4108,0.5959,4812
1753617291643,11:54:51.643,mexc,ACE/USDT:USDT,0.5957,9018,0.5956,5775,0.5958,4108,0.5959,3414
1753617291739,11:54:51.739,mexc,ACE/USDT:USDT,0.5957,9018,0.5956,5775,0.5958,4108,0.5959,3414
1753617292085,11:54:52.085,mexc,ACE/USDT:USDT,0.5957,9018,0.5956,5775,0.5958,4108,0.5959,3414
1753617292239,11:54:52.239,mexc,ACE/USDT:USDT,0.5957,9018,0.5956,5775,0.5958,4108,0.5959,3414
1753617292487,11:54:52.487,mexc,ACE/USDT:USDT,0.5957,9018,0.5956,5775,0.5958,4108,0.5959,3414
1753617292663,11:54:52.663,mexc,ACE/USDT:USDT,0.5957,9018,0.5956,5775,0.5958,4108,0.5959,4211
1753617292739,11:54:52.739,mexc,ACE/USDT:USDT,0.5957,9018,0.5956,5775,0.5958,4108,0.5959,4211
1753617293143,11:54:53.143,mexc,ACE/USDT:USDT,0.5957,9018,0.5956,5775,0.5958,4108,0.5959,3414
1753617293240,11:54:53.240,mexc,ACE/USDT:USDT,0.5957,9018,0.5956,5775,0.5958,4108,0.5959,3414
1753617293588,11:54:53.588,mexc,ACE/USDT:USDT,0.5957,9018,0.5956,5775,0.5958,4108,0.5959,3779
1753617293740,11:54:53.740,mexc,ACE/USDT:USDT,0.5957,9018,0.5956,8773,0.5958,4108,0.5959,3779
1753617293992,11:54:53.992,mexc,ACE/USDT:USDT,0.5957,9018,0.5956,8773,0.5958,4108,0.5959,3414
1753617294143,11:54:54.143,mexc,ACE/USDT:USDT,0.5957,9018,0.5956,5775,0.5958,4108,0.5959,3414
1753617294241,11:54:54.241,mexc,ACE/USDT:USDT,0.5957,9018,0.5956,5775,0.5958,4108,0.5959,3414
1753617294663,11:54:54.663,mexc,ACE/USDT:USDT,0.5957,9018,0.5956,5775,0.5958,4108,0.5959,6173
1753617294743,11:54:54.743,mexc,ACE/USDT:USDT,0.5957,9018,0.5956,7888,0.5958,4108,0.5959,6173
1753617295090,11:54:55.090,mexc,ACE/USDT:USDT,0.5957,9018,0.5956,7888,0.5958,4108,0.5959,3414
1753617295244,11:54:55.244,mexc,ACE/USDT:USDT,0.5957,9018,0.5956,8291,0.5958,4108,0.5959,3414
1753617295493,11:54:55.493,mexc,ACE/USDT:USDT,0.5957,9018,0.5956,8291,0.5958,4108,0.5959,3414
1753617295646,11:54:55.646,mexc,ACE/USDT:USDT,0.5957,9018,0.5956,5775,0.5958,4108,0.5959,3414
1753617295745,11:54:55.745,mexc,ACE/USDT:USDT,0.5957,9018,0.5956,5775,0.5958,4108,0.5959,3414
1753617296144,11:54:56.144,mexc,ACE/USDT:USDT,0.5957,9018,0.5956,5775,0.5958,4108,0.5959,5274
1753617296243,11:54:56.243,mexc,ACE/USDT:USDT,0.5957,9018,0.5956,6544,0.5958,4108,0.5959,5274
1753617296591,11:54:56.591,mexc,ACE/USDT:USDT,0.5956,7416,0.5955,2590,0.5957,2625,0.5958,4424
1753617296742,11:54:56.742,mexc,ACE/USDT:USDT,0.5956,7416,0.5955,2590,0.5957,2625,0.5958,4424
1753617296994,11:54:56.994,mexc,ACE/USDT:USDT,0.5956,7416,0.5955,2590,0.5957,2625,0.5958,4424
1753617297145,11:54:57.145,mexc,ACE/USDT:USDT,0.5956,7416,0.5955,2590,0.5957,2625,0.5958,5875
1753617297243,11:54:57.243,mexc,ACE/USDT:USDT,0.5956,7416,0.5955,3810,0.5957,2625,0.5958,5875
1753617297646,11:54:57.646,mexc,ACE/USDT:USDT,0.5956,7416,0.5955,3810,0.5957,2625,0.5958,5796
1753617297743,11:54:57.743,mexc,ACE/USDT:USDT,0.5956,7416,0.5955,2590,0.5957,2625,0.5958,5796
1753617298092,11:54:58.092,mexc,ACE/USDT:USDT,0.5956,7416,0.5955,2590,0.5957,2625,0.5958,4424
1753617298242,11:54:58.242,mexc,ACE/USDT:USDT,0.5956,7416,0.5955,3874,0.5957,2625,0.5958,4424
1753617298592,11:54:58.592,mexc,ACE/USDT:USDT,0.5956,7416,0.5955,3874,0.5957,2625,0.5958,4424
1753617298745,11:54:58.745,mexc,ACE/USDT:USDT,0.5956,7416,0.5955,2855,0.5957,2625,0.5958,4424
1753617298995,11:54:58.995,mexc,ACE/USDT:USDT,0.5956,7416,0.5955,2855,0.5957,2625,0.5958,4424
1753617299148,11:54:59.148,mexc,ACE/USDT:USDT,0.5956,7416,0.5955,2590,0.5957,2625,0.5958,4424
1753617299245,11:54:59.245,mexc,ACE/USDT:USDT,0.5956,7416,0.5955,2590,0.5957,2625,0.5958,4424
1753617299646,11:54:59.646,mexc,ACE/USDT:USDT,0.5956,7416,0.5955,2590,0.5957,2625,0.5958,4424
1753617299744,11:54:59.744,mexc,ACE/USDT:USDT,0.5956,7416,0.5955,2590,0.5957,2625,0.5958,4424
1753617300163,11:55:00.163,mexc,ACE/USDT:USDT,0.5956,7416,0.5955,2590,0.5957,2625,0.5958,4950
1753617300243,11:55:00.243,mexc,ACE/USDT:USDT,0.5956,7416,0.5955,2590,0.5957,2625,0.5958,4950
1753617300593,11:55:00.593,mexc,ACE/USDT:USDT,0.5956,7416,0.5955,2590,0.5957,2625,0.5958,5722
1753617300743,11:55:00.743,mexc,ACE/USDT:USDT,0.5956,7416,0.5955,2891,0.5957,2625,0.5958,5722
1753617300996,11:55:00.996,mexc,ACE/USDT:USDT,0.5956,7416,0.5955,2891,0.5957,2625,0.5958,4424
1753617301146,11:55:01.146,mexc,ACE/USDT:USDT,0.5956,7416,0.5955,2590,0.5957,2625,0.5958,5176
1753617301374,11:55:01.374,mexc,ACE/USDT:USDT,0.5956,7416,0.5955,2930,0.5957,2625,0.5958,5176
1753617301593,11:55:01.593,mexc,ACE/USDT:USDT,0.5956,7036,0.5955,2724,0.5957,3228,0.5958,8539
1753617301744,11:55:01.744,mexc,ACE/USDT:USDT,0.5956,7036,0.5955,3621,0.5957,3228,0.5958,8539
1753617302148,11:55:02.148,mexc,ACE/USDT:USDT,0.5956,7036,0.5955,3621,0.5957,3228,0.5958,8661
1753617302244,11:55:02.244,mexc,ACE/USDT:USDT,0.5956,7036,0.5955,2724,0.5957,3228,0.5958,8661
1753617302596,11:55:02.596,mexc,ACE/USDT:USDT,0.5956,7036,0.5955,2724,0.5957,3228,0.5958,6933
1753617302743,11:55:02.743,mexc,ACE/USDT:USDT,0.5956,7036,0.5955,2724,0.5957,3228,0.5958,8878
1753617302998,11:55:02.998,mexc,ACE/USDT:USDT,0.5956,7036,0.5955,2724,0.5957,3228,0.5958,8878
1753617303148,11:55:03.148,mexc,ACE/USDT:USDT,0.5956,7036,0.5955,2724,0.5957,3228,0.5958,9155
1753617303245,11:55:03.245,mexc,ACE/USDT:USDT,0.5956,7036,0.5955,2724,0.5957,3228,0.5958,9155
1753617303648,11:55:03.648,mexc,ACE/USDT:USDT,0.5956,7036,0.5955,2724,0.5957,3228,0.5958,6933
1753617303744,11:55:03.744,mexc,ACE/USDT:USDT,0.5956,7036,0.5955,2724,0.5957,3228,0.5958,6933
1753617304096,11:55:04.096,mexc,ACE/USDT:USDT,0.5956,7036,0.5955,2724,0.5957,3228,0.5958,7948
1753617304246,11:55:04.246,mexc,ACE/USDT:USDT,0.5956,7036,0.5955,3972,0.5957,3228,0.5958,7948
1753617304499,11:55:04.499,mexc,ACE/USDT:USDT,0.5956,7036,0.5955,3972,0.5957,3228,0.5958,6933
1753617304664,11:55:04.664,mexc,ACE/USDT:USDT,0.5956,7036,0.5955,2724,0.5957,3228,0.5958,7742
1753617304746,11:55:04.746,mexc,ACE/USDT:USDT,0.5956,7036,0.5955,3781,0.5957,3228,0.5958,7742
1753617305150,11:55:05.150,mexc,ACE/USDT:USDT,0.5956,7036,0.5955,2724,0.5957,3228,0.5958,6933
1753617305246,11:55:05.246,mexc,ACE/USDT:USDT,0.5956,7036,0.5955,3336,0.5957,3228,0.5958,6933
1753617305597,11:55:05.597,mexc,ACE/USDT:USDT,0.5956,7036,0.5955,3336,0.5957,3228,0.5958,6933
1753617305747,11:55:05.747,mexc,ACE/USDT:USDT,0.5956,7036,0.5955,2724,0.5957,3228,0.5958,8741
1753617306000,11:55:06.000,mexc,ACE/USDT:USDT,0.5956,7036,0.5955,2724,0.5957,3228,0.5958,8741
1753617306150,11:55:06.150,mexc,ACE/USDT:USDT,0.5956,7036,0.5955,2724,0.5957,3228,0.5958,8577
1753617306246,11:55:06.246,mexc,ACE/USDT:USDT,0.5956,7036,0.5955,4467,0.5957,3228,0.5958,8577
1753617306652,11:55:06.652,mexc,ACE/USDT:USDT,0.5956,7036,0.5955,3523,0.5957,3228,0.5958,10044
1753617306748,11:55:06.748,mexc,ACE/USDT:USDT,0.5956,7036,0.5955,3847,0.5957,3228,0.5958,10044
1753617307098,11:55:07.098,mexc,ACE/USDT:USDT,0.5956,7036,0.5955,3847,0.5957,3228,0.5958,6933
1753617307248,11:55:07.248,mexc,ACE/USDT:USDT,0.5956,7036,0.5955,2724,0.5957,3228,0.5958,6933
1753617307598,11:55:07.598,mexc,ACE/USDT:USDT,0.5955,4012,0.5954,2843,0.5956,2709,0.5957,2920
1753617307746,11:55:07.746,mexc,ACE/USDT:USDT,0.5955,4012,0.5954,3159,0.5956,2709,0.5957,3642
1753617308002,11:55:08.002,mexc,ACE/USDT:USDT,0.5955,4012,0.5954,3159,0.5956,2709,0.5957,3642
1753617308150,11:55:08.150,mexc,ACE/USDT:USDT,0.5955,4012,0.5954,2843,0.5956,2709,0.5957,3805
1753617308249,11:55:08.249,mexc,ACE/USDT:USDT,0.5955,4012,0.5954,4100,0.5956,2709,0.5957,3805
1753617308651,11:55:08.651,mexc,ACE/USDT:USDT,0.5955,4012,0.5954,3563,0.5956,2709,0.5957,2920
1753617308828,11:55:08.828,mexc,ACE/USDT:USDT,0.5951,4196,0.595,11837,0.5952,6893,0.5953,466260
1753617309100,11:55:09.100,mexc,ACE/USDT:USDT,0.5951,4196,0.595,11837,0.5952,6893,0.5953,466260
1753617309277,11:55:09.277,mexc,ACE/USDT:USDT,0.5951,4196,0.595,18857,0.5952,6893,0.5953,466260
1753617309501,11:55:09.501,mexc,ACE/USDT:USDT,0.5951,4196,0.595,18857,0.5952,6893,0.5953,466260
1753617309680,11:55:09.680,mexc,ACE/USDT:USDT,0.5951,4196,0.595,11837,0.5952,6893,0.5953,537722
1753617309750,11:55:09.750,mexc,ACE/USDT:USDT,0.5951,4196,0.595,11837,0.5952,6893,0.5953,537722
1753617310154,11:55:10.154,mexc,ACE/USDT:USDT,0.5951,4196,0.595,11837,0.5952,6893,0.5953,466260
1753617310248,11:55:10.248,mexc,ACE/USDT:USDT,0.5951,4196,0.595,11837,0.5952,6893,0.5953,466260
1753617310599,11:55:10.599,mexc,ACE/USDT:USDT,0.5951,4196,0.595,11837,0.5952,6893,0.5953,590045
1753617310750,11:55:10.750,mexc,ACE/USDT:USDT,0.5951,4196,0.595,11837,0.5952,6893,0.5953,701919
1753617311002,11:55:11.002,mexc,ACE/USDT:USDT,0.5951,4196,0.595,11837,0.5952,6893,0.5953,578134
1753617311155,11:55:11.155,mexc,ACE/USDT:USDT,0.5951,4196,0.595,11837,0.5952,6893,0.5953,539630
1753617311251,11:55:11.251,mexc,ACE/USDT:USDT,0.5951,4196,0.595,30482,0.5952,6893,0.5953,539630
1753617311654,11:55:11.654,mexc,ACE/USDT:USDT,0.5951,4196,0.595,19726,0.5952,6893,0.5953,466260
1753617311752,11:55:11.752,mexc,ACE/USDT:USDT,0.5951,4196,0.595,19504,0.5952,6893,0.5953,466260
1753617312098,11:55:12.098,mexc,ACE/USDT:USDT,0.5951,4196,0.595,19504,0.5952,6893,0.5953,466260
1753617312253,11:55:12.253,mexc,ACE/USDT:USDT,0.5951,4196,0.595,16169,0.5952,6893,0.5953,466260
1753617312504,11:55:12.504,mexc,ACE/USDT:USDT,0.5951,4196,0.595,16169,0.5952,6893,0.5953,466260
1753617312656,11:55:12.656,mexc,ACE/USDT:USDT,0.5951,4196,0.595,11837,0.5952,6893,0.5953,696635
1753617312754,11:55:12.754,mexc,ACE/USDT:USDT,0.5951,4196,0.595,15763,0.5952,6893,0.5953,696635
1753617313157,11:55:13.157,mexc,ACE/USDT:USDT,0.5951,4196,0.595,11837,0.5952,6893,0.5953,694783
1753617313254,11:55:13.254,mexc,ACE/USDT:USDT,0.5951,4196,0.595,11837,0.5952,6893,0.5953,694783
1753617313601,11:55:13.601,mexc,ACE/USDT:USDT,0.5951,4196,0.595,11837,0.5952,6893,0.5953,655405
1753617313756,11:55:13.756,mexc,ACE/USDT:USDT,0.5951,4196,0.595,11837,0.5952,6893,0.5953,655405
1753617314004,11:55:14.004,mexc,ACE/USDT:USDT,0.5951,4196,0.595,11837,0.5952,6893,0.5953,466260
1753617314159,11:55:14.159,mexc,ACE/USDT:USDT,0.5951,4196,0.595,11837,0.5952,6893,0.5953,585326
1753617314256,11:55:14.256,mexc,ACE/USDT:USDT,0.5951,4196,0.595,28313,0.5952,6893,0.5953,585326
1753617314601,11:55:14.601,mexc,ACE/USDT:USDT,0.5952,5689,0.5951,5038,0.5953,3019,0.5954,690572
1753617314755,11:55:14.755,mexc,ACE/USDT:USDT,0.5952,5689,0.5951,5038,0.5953,3019,0.5954,690572
1753617315159,11:55:15.159,mexc,ACE/USDT:USDT,0.5952,5689,0.5951,5038,0.5953,3019,0.5954,524014
1753617315254,11:55:15.254,mexc,ACE/USDT:USDT,0.5952,5689,0.5951,5038,0.5953,3019,0.5954,524014
1753617315601,11:55:15.601,mexc,ACE/USDT:USDT,0.5952,5689,0.5951,5038,0.5953,3019,0.5954,417158
1753617315756,11:55:15.756,mexc,ACE/USDT:USDT,0.5952,5689,0.5951,5038,0.5953,3019,0.5954,417158
1753617316004,11:55:16.004,mexc,ACE/USDT:USDT,0.5952,5689,0.5951,5038,0.5953,3019,0.5954,417158
1753617316161,11:55:16.161,mexc,ACE/USDT:USDT,0.5952,5689,0.5951,5038,0.5953,3019,0.5954,598715
1753617316257,11:55:16.257,mexc,ACE/USDT:USDT,0.5952,5689,0.5951,5038,0.5953,3019,0.5954,598715
1753617316660,11:55:16.660,mexc,ACE/USDT:USDT,0.5952,5689,0.5951,5038,0.5953,3019,0.5954,783727
1753617316757,11:55:16.757,mexc,ACE/USDT:USDT,0.5952,5689,0.5951,5038,0.5953,3019,0.5954,783727
1753617317106,11:55:17.106,mexc,ACE/USDT:USDT,0.5952,5689,0.5951,5038,0.5953,3019,0.5954,417158
1753617317258,11:55:17.258,mexc,ACE/USDT:USDT,0.5952,5689,0.5951,5038,0.5953,3019,0.5954,417158
1753617317508,11:55:17.508,mexc,ACE/USDT:USDT,0.5952,5689,0.5951,5038,0.5953,3019,0.5954,417158
1753617317663,11:55:17.663,mexc,ACE/USDT:USDT,0.5952,5689,0.5951,5038,0.5953,3019,0.5954,657664
1753617317758,11:55:17.758,mexc,ACE/USDT:USDT,0.5952,5689,0.5951,6882,0.5953,3019,0.5954,657664
1753617318162,11:55:18.162,mexc,ACE/USDT:USDT,0.5952,5689,0.5951,6882,0.5953,3019,0.5954,582732
1753617318260,11:55:18.260,mexc,ACE/USDT:USDT,0.5952,5689,0.5951,7077,0.5953,3019,0.5954,582732
1753617318607,11:55:18.607,mexc,ACE/USDT:USDT,0.5952,5689,0.5951,7077,0.5953,3019,0.5954,417158
1753617318759,11:55:18.759,mexc,ACE/USDT:USDT,0.5952,5689,0.5951,5038,0.5953,3019,0.5954,417158
1753617319107,11:55:19.107,mexc,ACE/USDT:USDT,0.5952,5689,0.5951,5038,0.5953,3019,0.5954,492713
1753617319261,11:55:19.261,mexc,ACE/USDT:USDT,0.5952,5689,0.5951,5697,0.5953,3019,0.5954,651707
1753617319509,11:55:19.509,mexc,ACE/USDT:USDT,0.5952,5689,0.5951,5697,0.5953,3019,0.5954,576152
1753617319662,11:55:19.662,mexc,ACE/USDT:USDT,0.5952,5689,0.5951,5038,0.5953,3019,0.5954,417158
1753617319759,11:55:19.759,mexc,ACE/USDT:USDT,0.5952,5689,0.5951,5038,0.5953,3019,0.5954,417158
1753617320163,11:55:20.163,mexc,ACE/USDT:USDT,0.5952,5689,0.5951,5038,0.5953,3019,0.5954,417158
1753617320259,11:55:20.259,mexc,ACE/USDT:USDT,0.5952,5689,0.5951,5038,0.5953,3019,0.5954,417158
1753617320606,11:55:20.606,mexc,ACE/USDT:USDT,0.5952,510674,0.5951,11517,0.5953,6484,0.5954,2918
1753617320769,11:55:20.769,mexc,ACE/USDT:USDT,0.5952,510674,0.5951,11517,0.5953,6484,0.5954,2918
1753617321007,11:55:21.007,mexc,ACE/USDT:USDT,0.5952,510674,0.5951,11517,0.5953,6484,0.5954,2918
1753617321176,11:55:21.176,mexc,ACE/USDT:USDT,0.5952,510674,0.5951,11517,0.5953,6484,0.5954,3281
1753617321265,11:55:21.265,mexc,ACE/USDT:USDT,0.5952,510674,0.5951,11517,0.5953,6484,0.5954,3281
1753617321665,11:55:21.665,mexc,ACE/USDT:USDT,0.5952,510674,0.5951,11517,0.5953,6484,0.5954,2918
1753617321763,11:55:21.763,mexc,ACE/USDT:USDT,0.5952,510674,0.5951,15426,0.5953,6484,0.5954,2918
1753617322068,11:55:22.068,mexc,ACE/USDT:USDT,0.5952,510674,0.5951,15426,0.5953,6484,0.5954,2918
1753617322266,11:55:22.266,mexc,ACE/USDT:USDT,0.5952,510674,0.5951,11517,0.5953,6484,0.5954,2918
1753617322567,11:55:22.567,mexc,ACE/USDT:USDT,0.5952,510674,0.5951,11517,0.5953,6484,0.5954,2918
1753617322671,11:55:22.671,mexc,ACE/USDT:USDT,0.5952,510674,0.5951,11517,0.5953,6484,0.5954,2918
1753617322767,11:55:22.767,mexc,ACE/USDT:USDT,0.5952,510674,0.5951,11517,0.5953,6484,0.5954,2918
1753617323168,11:55:23.168,mexc,ACE/USDT:USDT,0.5952,510674,0.5951,11517,0.5953,6484,0.5954,2918
1753617323267,11:55:23.267,mexc,ACE/USDT:USDT,0.5952,510674,0.5951,11517,0.5953,6484,0.5954,2918
1753617323569,11:55:23.569,mexc,ACE/USDT:USDT,0.5952,510674,0.5951,11517,0.5953,6484,0.5954,2918
1753617323668,11:55:23.668,mexc,ACE/USDT:USDT,0.5952,510674,0.5951,11517,0.5953,6484,0.5954,2918
1753617323769,11:55:23.769,mexc,ACE/USDT:USDT,0.5952,510674,0.5951,11517,0.5953,6484,0.5954,2918
1753617324172,11:55:24.172,mexc,ACE/USDT:USDT,0.5952,510674,0.5951,11517,0.5953,6484,0.5954,3920
1753617324296,11:55:24.296,mexc,ACE/USDT:USDT,0.5952,510674,0.5951,11517,0.5953,6484,0.5954,3920
1753617324668,11:55:24.668,mexc,ACE/USDT:USDT,0.5952,510674,0.5951,11517,0.5953,6484,0.5954,2918
1753617324767,11:55:24.767,mexc,ACE/USDT:USDT,0.5952,510674,0.5951,16608,0.5953,6484,0.5954,3609
1753617325071,11:55:25.071,mexc,ACE/USDT:USDT,0.5952,510674,0.5951,16608,0.5953,6484,0.5954,3609
1753617325267,11:55:25.267,mexc,ACE/USDT:USDT,0.5952,510674,0.5951,11517,0.5953,6484,0.5954,2918
1753617325569,11:55:25.569,mexc,ACE/USDT:USDT,0.5952,510674,0.5951,11517,0.5953,6484,0.5954,2918
1753617325670,11:55:25.670,mexc,ACE/USDT:USDT,0.5952,510674,0.5951,11517,0.5953,6484,0.5954,2918
1753617325768,11:55:25.768,mexc,ACE/USDT:USDT,0.5952,510674,0.5951,11517,0.5953,6484,0.5954,2918
1753617326172,11:55:26.172,mexc,ACE/USDT:USDT,0.5952,510674,0.5951,11517,0.5953,6484,0.5954,3674
1753617326267,11:55:26.267,mexc,ACE/USDT:USDT,0.5952,510674,0.5951,11517,0.5953,6484,0.5954,3674
1753617326666,11:55:26.666,mexc,ACE/USDT:USDT,0.5954,58373,0.5953,319374,0.5955,480196,0.5956,7798
1753617326768,11:55:26.768,mexc,ACE/USDT:USDT,0.5954,58373,0.5953,460575,0.5955,480196,0.5956,7798
1753617327071,11:55:27.071,mexc,ACE/USDT:USDT,0.5954,58373,0.5953,460575,0.5955,480196,0.5956,6511
1753617327266,11:55:27.266,mexc,ACE/USDT:USDT,0.5954,58373,0.5953,319374,0.5955,480196,0.5956,9370
1753617327572,11:55:27.572,mexc,ACE/USDT:USDT,0.5954,58373,0.5953,319374,0.5955,480196,0.5956,9370
1753617327769,11:55:27.769,mexc,ACE/USDT:USDT,0.5954,58373,0.5953,374774,0.5955,480196,0.5956,6511
1753617328070,11:55:28.070,mexc,ACE/USDT:USDT,0.5954,58373,0.5953,374774,0.5955,480196,0.5956,6511
1753617328268,11:55:28.268,mexc,ACE/USDT:USDT,0.5954,58373,0.5953,319374,0.5955,480196,0.5956,8051
1753617328571,11:55:28.571,mexc,ACE/USDT:USDT,0.5954,58373,0.5953,319374,0.5955,480196,0.5956,8051
1753617328767,11:55:28.767,mexc,ACE/USDT:USDT,0.5954,58373,0.5953,465657,0.5955,480196,0.5956,8940
1753617329072,11:55:29.072,mexc,ACE/USDT:USDT,0.5954,58373,0.5953,465657,0.5955,480196,0.5956,6511
1753617329172,11:55:29.172,mexc,ACE/USDT:USDT,0.5954,58373,0.5953,319374,0.5955,480196,0.5956,6511
1753617329401,11:55:29.401,mexc,ACE/USDT:USDT,0.5954,58373,0.5953,633182,0.5955,480196,0.5956,6511
1753617329674,11:55:29.674,mexc,ACE/USDT:USDT,0.5954,58373,0.5953,476974,0.5955,480196,0.5956,6511
1753617329769,11:55:29.769,mexc,ACE/USDT:USDT,0.5954,58373,0.5953,319374,0.5955,480196,0.5956,6511
1753617330075,11:55:30.075,mexc,ACE/USDT:USDT,0.5954,58373,0.5953,319374,0.5955,480196,0.5956,6511
1753617330269,11:55:30.269,mexc,ACE/USDT:USDT,0.5954,58373,0.5953,319374,0.5955,480196,0.5956,6511
1753617330573,11:55:30.573,mexc,ACE/USDT:USDT,0.5954,58373,0.5953,319374,0.5955,480196,0.5956,6511
1753617330771,11:55:30.771,mexc,ACE/USDT:USDT,0.5954,58373,0.5953,319374,0.5955,480196,0.5956,6511
1753617330771,11:55:30.771,mexc,ACE/USDT:USDT,0.5954,58373,0.5953,459713,0.5955,480196,0.5956,6511
1753617331173,11:55:31.173,mexc,ACE/USDT:USDT,0.5954,58373,0.5953,459713,0.5955,480196,0.5956,9430
1753617331270,11:55:31.270,mexc,ACE/USDT:USDT,0.5954,58373,0.5953,319374,0.5955,480196,0.5956,9430
1753617331670,11:55:31.670,mexc,ACE/USDT:USDT,0.5954,58373,0.5953,319374,0.5955,480196,0.5956,6511
1753617331770,11:55:31.770,mexc,ACE/USDT:USDT,0.5954,58373,0.5953,319374,0.5955,480196,0.5956,6511
1753617332074,11:55:32.074,mexc,ACE/USDT:USDT,0.5954,58373,0.5953,319374,0.5955,480196,0.5956,6511
1753617332273,11:55:32.273,mexc,ACE/USDT:USDT,0.5954,58373,0.5953,319374,0.5955,480196,0.5956,6511
1753617332478,11:55:32.478,mexc,ACE/USDT:USDT,0.5954,58373,0.5953,325155,0.5955,480196,0.5956,6511
1753617332670,11:55:32.670,mexc,ACE/USDT:USDT,0.5953,5781,0.5952,347609,0.5954,2888,0.5955,422361
1753617332772,11:55:32.772,mexc,ACE/USDT:USDT,0.5953,5781,0.5952,347609,0.5954,2888,0.5955,422361
1753617333173,11:55:33.173,mexc,ACE/USDT:USDT,0.5953,5781,0.5952,347609,0.5954,2888,0.5955,422361
1753617333272,11:55:33.272,mexc,ACE/USDT:USDT,0.5953,5781,0.5952,347609,0.5954,2888,0.5955,422361
1753617333574,11:55:33.574,mexc,ACE/USDT:USDT,0.5953,5781,0.5952,347609,0.5954,2888,0.5955,422361
1753617333772,11:55:33.772,mexc,ACE/USDT:USDT,0.5953,5781,0.5952,347609,0.5954,2888,0.5955,609102
1753617334073,11:55:34.073,mexc,ACE/USDT:USDT,0.5953,5781,0.5952,347609,0.5954,2888,0.5955,422361
1753617334181,11:55:34.181,mexc,ACE/USDT:USDT,0.5953,5781,0.5952,347609,0.5954,2888,0.5955,422361
1753617334274,11:55:34.274,mexc,ACE/USDT:USDT,0.5953,5781,0.5952,409422,0.5954,2888,0.5955,422361
1753617334675,11:55:34.675,mexc,ACE/USDT:USDT,0.5953,5781,0.5952,409422,0.5954,2888,0.5955,479593
1753617334774,11:55:34.774,mexc,ACE/USDT:USDT,0.5953,5781,0.5952,347609,0.5954,2888,0.5955,479593
1753617335170,11:55:35.170,mexc,ACE/USDT:USDT,0.5953,5781,0.5952,347609,0.5954,2888,0.5955,422361
1753617335272,11:55:35.272,mexc,ACE/USDT:USDT,0.5953,5781,0.5952,442930,0.5954,2888,0.5955,422361
1753617335575,11:55:35.575,mexc,ACE/USDT:USDT,0.5953,5781,0.5952,442930,0.5954,2888,0.5955,422361
1753617335774,11:55:35.774,mexc,ACE/USDT:USDT,0.5953,5781,0.5952,347609,0.5954,2888,0.5955,603960
1753617336041,11:55:36.041,mexc,ACE/USDT:USDT,0.5953,5781,0.5952,347609,0.5954,2888,0.5955,603960
1753617336177,11:55:36.177,mexc,ACE/USDT:USDT,0.5953,5781,0.5952,347609,0.5954,2888,0.5955,579174
1753617336274,11:55:36.274,mexc,ACE/USDT:USDT,0.5953,5781,0.5952,419331,0.5954,2888,0.5955,579174
1753617336672,11:55:36.672,mexc,ACE/USDT:USDT,0.5953,5781,0.5952,419331,0.5954,2888,0.5955,422361
1753617336773,11:55:36.773,mexc,ACE/USDT:USDT,0.5953,5781,0.5952,347609,0.5954,2888,0.5955,470832
1753617337075,11:55:37.075,mexc,ACE/USDT:USDT,0.5953,5781,0.5952,347609,0.5954,2888,0.5955,470832
1753617337177,11:55:37.177,mexc,ACE/USDT:USDT,0.5953,5781,0.5952,347609,0.5954,2888,0.5955,422361
1753617337280,11:55:37.280,mexc,ACE/USDT:USDT,0.5953,5781,0.5952,347609,0.5954,2888,0.5955,422361
1753617337681,11:55:37.681,mexc,ACE/USDT:USDT,0.5953,5781,0.5952,347609,0.5954,2888,0.5955,519725
1753617337774,11:55:37.774,mexc,ACE/USDT:USDT,0.5953,5781,0.5952,387299,0.5954,2888,0.5955,519725
1753617338172,11:55:38.172,mexc,ACE/USDT:USDT,0.5953,5781,0.5952,387299,0.5954,2888,0.5955,488310
1753617338276,11:55:38.276,mexc,ACE/USDT:USDT,0.5953,5781,0.5952,347609,0.5954,2888,0.5955,608581
1753617338673,11:55:38.673,mexc,ACE/USDT:USDT,0.5953,239012,0.5952,12435,0.5954,3391,0.5955,595015
1753617338776,11:55:38.776,mexc,ACE/USDT:USDT,0.5953,239012,0.5952,15012,0.5954,3391,0.5955,735078
1753617339077,11:55:39.077,mexc,ACE/USDT:USDT,0.5953,239012,0.5952,15012,0.5954,3391,0.5955,735078
1753617339277,11:55:39.277,mexc,ACE/USDT:USDT,0.5953,239012,0.5952,12435,0.5954,3391,0.5955,595015
1753617339278,11:55:39.278,mexc,ACE/USDT:USDT,0.5953,239012,0.5952,12435,0.5954,3391,0.5955,595015
1753617339679,11:55:39.679,mexc,ACE/USDT:USDT,0.5953,239012,0.5952,12435,0.5954,3391,0.5955,888009
1753617339778,11:55:39.778,mexc,ACE/USDT:USDT,0.5953,239012,0.5952,12435,0.5954,3391,0.5955,888009
1753617340173,11:55:40.173,mexc,ACE/USDT:USDT,0.5953,239012,0.5952,12435,0.5954,3391,0.5955,595015
1753617340277,11:55:40.277,mexc,ACE/USDT:USDT,0.5953,239012,0.5952,12435,0.5954,3391,0.5955,595015
1753617340577,11:55:40.577,mexc,ACE/USDT:USDT,0.5953,239012,0.5952,12435,0.5954,3391,0.5955,595015
1753617340777,11:55:40.777,mexc,ACE/USDT:USDT,0.5953,239012,0.5952,12435,0.5954,3391,0.5955,595015
1753617341078,11:55:41.078,mexc,ACE/USDT:USDT,0.5953,239012,0.5952,12435,0.5954,3391,0.5955,595015
1753617341277,11:55:41.277,mexc,ACE/USDT:USDT,0.5953,239012,0.5952,14327,0.5954,3391,0.5955,595015
1753617341577,11:55:41.577,mexc,ACE/USDT:USDT,0.5953,239012,0.5952,14327,0.5954,3391,0.5955,595015
1753617341681,11:55:41.681,mexc,ACE/USDT:USDT,0.5953,239012,0.5952,12435,0.5954,3391,0.5955,1075154
1753617341897,11:55:41.897,mexc,ACE/USDT:USDT,0.5953,239012,0.5952,19301,0.5955,1070146,0.5956,60198
1753617342179,11:55:42.179,mexc,ACE/USDT:USDT,0.5953,239012,0.5952,15141,0.5955,774335,0.5956,67350
1753617342279,11:55:42.279,mexc,ACE/USDT:USDT,0.5953,239012,0.5952,15269,0.5955,774335,0.5956,67350
1753617342581,11:55:42.581,mexc,ACE/USDT:USDT,0.5953,239012,0.5952,15269,0.5955,590007,0.5956,67350
1753617342777,11:55:42.777,mexc,ACE/USDT:USDT,0.5953,239012,0.5952,12435,0.5955,590007,0.5956,76224
1753617343079,11:55:43.079,mexc,ACE/USDT:USDT,0.5953,239012,0.5952,12435,0.5955,590007,0.5956,60198
1753617343278,11:55:43.278,mexc,ACE/USDT:USDT,0.5953,239012,0.5952,12435,0.5955,849947,0.5956,60198
1753617343579,11:55:43.579,mexc,ACE/USDT:USDT,0.5953,239012,0.5952,12435,0.5955,849947,0.5956,60198
1753617343681,11:55:43.681,mexc,ACE/USDT:USDT,0.5953,239012,0.5952,12435,0.5955,590007,0.5956,86208
1753617343780,11:55:43.780,mexc,ACE/USDT:USDT,0.5953,239012,0.5952,13688,0.5955,590007,0.5956,86208
1753617344279,11:55:44.279,mexc,ACE/USDT:USDT,0.5953,239012,0.5952,12435,0.5955,590007,0.5956,60198
1753617344279,11:55:44.279,mexc,ACE/USDT:USDT,0.5953,239012,0.5952,12435,0.5955,590007,0.5956,60198
1753617344676,11:55:44.676,mexc,ACE/USDT:USDT,0.5952,263580,0.5951,11130,0.5953,3811,0.5954,2850
1753617344777,11:55:44.777,mexc,ACE/USDT:USDT,0.5952,263580,0.5951,11130,0.5953,3811,0.5954,2850
1753617345180,11:55:45.180,mexc,ACE/USDT:USDT,0.5952,263580,0.5951,11130,0.5953,3811,0.5954,2850
1753617345279,11:55:45.279,mexc,ACE/USDT:USDT,0.5952,263580,0.5951,11130,0.5953,3811,0.5954,2850
1753617345676,11:55:45.676,mexc,ACE/USDT:USDT,0.5952,263580,0.5951,11130,0.5953,3811,0.5954,3746
1753617345780,11:55:45.780,mexc,ACE/USDT:USDT,0.5952,263580,0.5951,14107,0.5953,3811,0.5954,3746
1753617346080,11:55:46.080,mexc,ACE/USDT:USDT,0.5952,263580,0.5951,14107,0.5953,3811,0.5954,2850
1753617346182,11:55:46.182,mexc,ACE/USDT:USDT,0.5952,263580,0.5951,11130,0.5953,3811,0.5954,2850
1753617346281,11:55:46.281,mexc,ACE/USDT:USDT,0.5952,263580,0.5951,11130,0.5953,3811,0.5954,2850
1753617346682,11:55:46.682,mexc,ACE/USDT:USDT,0.5952,263580,0.5951,11130,0.5953,3811,0.5954,2850
1753617346779,11:55:46.779,mexc,ACE/USDT:USDT,0.5952,263580,0.5951,11130,0.5953,3811,0.5954,2850
1753617347176,11:55:47.176,mexc,ACE/USDT:USDT,0.5952,263580,0.5951,11130,0.5953,3811,0.5954,2850
1753617347281,11:55:47.281,mexc,ACE/USDT:USDT,0.5952,263580,0.5951,14233,0.5953,3811,0.5954,3547
1753617347582,11:55:47.582,mexc,ACE/USDT:USDT,0.5958,51755,0.5957,324423,0.5959,14049,0.596,78769
1753617347781,11:55:47.781,mexc,ACE/USDT:USDT,0.5961,2528,0.596,2673,0.5962,22043,0.5963,64863
1753617348042,11:55:48.042,mexc,ACE/USDT:USDT,0.5961,2528,0.596,2673,0.5962,22043,0.5963,64863
1753617348183,11:55:48.183,mexc,ACE/USDT:USDT,0.5961,2528,0.596,2673,0.5962,22043,0.5963,56912
1753617348290,11:55:48.290,mexc,ACE/USDT:USDT,0.5961,2528,0.596,2673,0.5962,22043,0.5963,56912
1753617348683,11:55:48.683,mexc,ACE/USDT:USDT,0.5961,2528,0.596,2673,0.5962,22043,0.5963,56912
1753617348784,11:55:48.784,mexc,ACE/USDT:USDT,0.5961,2528,0.596,3548,0.5962,22043,0.5963,56912
1753617349184,11:55:49.184,mexc,ACE/USDT:USDT,0.5961,2528,0.596,3548,0.5962,22043,0.5963,61367
1753617349282,11:55:49.282,mexc,ACE/USDT:USDT,0.5961,2528,0.596,3828,0.5962,22043,0.5963,61367
1753617349679,11:55:49.679,mexc,ACE/USDT:USDT,0.5961,2528,0.596,3828,0.5962,22043,0.5963,56912
1753617349784,11:55:49.784,mexc,ACE/USDT:USDT,0.5961,2528,0.596,2673,0.5962,22043,0.5963,59626
1753617350082,11:55:50.082,mexc,ACE/USDT:USDT,0.5961,2528,0.596,2673,0.5962,22043,0.5963,59626
1753617350285,11:55:50.285,mexc,ACE/USDT:USDT,0.5961,2528,0.596,2673,0.5962,22043,0.5963,56912
1753617350285,11:55:50.285,mexc,ACE/USDT:USDT,0.5961,2528,0.596,2673,0.5962,22043,0.5963,56912
1753617350684,11:55:50.684,mexc,ACE/USDT:USDT,0.5961,2528,0.596,2673,0.5962,22043,0.5963,56912
1753617350784,11:55:50.784,mexc,ACE/USDT:USDT,0.5961,2528,0.596,3463,0.5962,22043,0.5963,56912
1753617351286,11:55:51.286,mexc,ACE/USDT:USDT,0.5961,2528,0.596,2673,0.5962,22043,0.5963,56912
1753617351286,11:55:51.286,mexc,ACE/USDT:USDT,0.5961,2528,0.596,2673,0.5962,22043,0.5963,56912
1753617351687,11:55:51.687,mexc,ACE/USDT:USDT,0.5961,2528,0.596,2673,0.5962,22043,0.5963,61292
1753617351786,11:55:51.786,mexc,ACE/USDT:USDT,0.5961,2528,0.596,2673,0.5962,22043,0.5963,61292
1753617352180,11:55:52.180,mexc,ACE/USDT:USDT,0.5961,2528,0.596,2673,0.5962,22043,0.5963,56912
1753617352288,11:55:52.288,mexc,ACE/USDT:USDT,0.5961,2528,0.596,2673,0.5962,22043,0.5963,56912
1753617352584,11:55:52.584,mexc,ACE/USDT:USDT,0.5961,2528,0.596,2673,0.5962,22043,0.5963,56912
1753617352784,11:55:52.784,mexc,ACE/USDT:USDT,0.5961,2528,0.596,2673,0.5962,22043,0.5963,56912
1753617353085,11:55:53.085,mexc,ACE/USDT:USDT,0.5961,2528,0.596,2673,0.5962,22043,0.5963,56912
1753617353187,11:55:53.187,mexc,ACE/USDT:USDT,0.5961,2528,0.596,2673,0.5962,22043,0.5963,62845
1753617353480,11:55:53.480,mexc,ACE/USDT:USDT,0.5961,2528,0.596,2673,0.5962,22043,0.5963,62845
1753617353685,11:55:53.685,mexc,ACE/USDT:USDT,0.5959,48776,0.5958,3282,0.596,3883,0.5961,19412
1753617353787,11:55:53.787,mexc,ACE/USDT:USDT,0.5959,48776,0.5958,4158,0.596,3883,0.5961,19412
1753617354188,11:55:54.188,mexc,ACE/USDT:USDT,0.5959,48776,0.5958,3282,0.596,3883,0.5961,18956
1753617354287,11:55:54.287,mexc,ACE/USDT:USDT,0.5959,48776,0.5958,3715,0.596,3883,0.5961,18956
1753617354681,11:55:54.681,mexc,ACE/USDT:USDT,0.5959,48776,0.5958,3715,0.596,3883,0.5961,15767
1753617354786,11:55:54.786,mexc,ACE/USDT:USDT,0.5959,48776,0.5958,3282,0.596,3883,0.5961,23325
1753617355087,11:55:55.087,mexc,ACE/USDT:USDT,0.5959,48776,0.5958,3282,0.596,3883,0.5961,23325
1753617355286,11:55:55.286,mexc,ACE/USDT:USDT,0.5959,48776,0.5958,4548,0.596,3883,0.5961,20232
1753617355591,11:55:55.591,mexc,ACE/USDT:USDT,0.5959,48776,0.5958,4548,0.596,3883,0.5961,15767
1753617355787,11:55:55.787,mexc,ACE/USDT:USDT,0.5959,48776,0.5958,3282,0.596,3883,0.5961,15767
1753617356086,11:55:56.086,mexc,ACE/USDT:USDT,0.5959,48776,0.5958,3282,0.596,3883,0.5961,15767
1753617356188,11:55:56.188,mexc,ACE/USDT:USDT,0.5959,48776,0.5958,3282,0.596,3883,0.5961,15767
1753617356287,11:55:56.287,mexc,ACE/USDT:USDT,0.5959,48776,0.5958,3282,0.596,3883,0.5961,15767
1753617356714,11:55:56.714,mexc,ACE/USDT:USDT,0.5956,71198,0.5955,350473,0.5957,8107,0.5958,20988
1753617356787,11:55:56.787,mexc,ACE/USDT:USDT,0.5952,9130,0.5951,42308,0.5953,4197,0.5954,4037
1753617357183,11:55:57.183,mexc,ACE/USDT:USDT,0.5952,9130,0.5951,42308,0.5953,4197,0.5954,4037
1753617357286,11:55:57.286,mexc,ACE/USDT:USDT,0.5952,9130,0.5951,43615,0.5953,4197,0.5954,4037
1753617357586,11:55:57.586,mexc,ACE/USDT:USDT,0.5952,9130,0.5951,43615,0.5953,4197,0.5954,4037
1753617357688,11:55:57.688,mexc,ACE/USDT:USDT,0.5952,9130,0.5951,42308,0.5953,4197,0.5954,4037
1753617357788,11:55:57.788,mexc,ACE/USDT:USDT,0.5952,9130,0.5951,42308,0.5953,4197,0.5954,4037
1753617358190,11:55:58.190,mexc,ACE/USDT:USDT,0.5952,9130,0.5951,42308,0.5953,4197,0.5954,4037
1753617358290,11:55:58.290,mexc,ACE/USDT:USDT,0.5952,9130,0.5951,42308,0.5953,4197,0.5954,4037
1753617358689,11:55:58.689,mexc,ACE/USDT:USDT,0.5952,9130,0.5951,42308,0.5953,4197,0.5954,5331
1753617358791,11:55:58.791,mexc,ACE/USDT:USDT,0.5952,9130,0.5951,42308,0.5953,4197,0.5954,5331
1753617359190,11:55:59.190,mexc,ACE/USDT:USDT,0.5952,9130,0.5951,42308,0.5953,4197,0.5954,4037
1753617359287,11:55:59.287,mexc,ACE/USDT:USDT,0.5952,9130,0.5951,42308,0.5953,4197,0.5954,4037
1753617359689,11:55:59.689,mexc,ACE/USDT:USDT,0.5952,9130,0.5951,42308,0.5953,4197,0.5954,4037
1753617359789,11:55:59.789,mexc,ACE/USDT:USDT,0.5952,9130,0.5951,42308,0.5953,4197,0.5954,4037
1753617360119,11:56:00.119,mexc,ACE/USDT:USDT,0.5952,9130,0.5951,42308,0.5953,4197,0.5954,4037
1753617360298,11:56:00.298,mexc,ACE/USDT:USDT,0.5952,9130,0.5951,44958,0.5953,4197,0.5954,4717
1753617360594,11:56:00.594,mexc,ACE/USDT:USDT,0.5952,9130,0.5951,44958,0.5953,4197,0.5954,4037
1753617360790,11:56:00.790,mexc,ACE/USDT:USDT,0.5952,9130,0.5951,42308,0.5953,4197,0.5954,5925
1753617361095,11:56:01.095,mexc,ACE/USDT:USDT,0.5952,9130,0.5951,42308,0.5953,4197,0.5954,5925
1753617361290,11:56:01.290,mexc,ACE/USDT:USDT,0.5952,9130,0.5951,42308,0.5953,4197,0.5954,4037
1753617361592,11:56:01.592,mexc,ACE/USDT:USDT,0.5952,9130,0.5951,42308,0.5953,4197,0.5954,4037
1753617361789,11:56:01.789,mexc,ACE/USDT:USDT,0.5952,9130,0.5951,43170,0.5953,4197,0.5954,4682
1753617362092,11:56:02.092,mexc,ACE/USDT:USDT,0.5952,9130,0.5951,43170,0.5953,4197,0.5954,4037
1753617362192,11:56:02.192,mexc,ACE/USDT:USDT,0.5952,9130,0.5951,42308,0.5953,4197,0.5954,4037
1753617362494,11:56:02.494,mexc,ACE/USDT:USDT,0.5952,9130,0.5951,44961,0.5953,4197,0.5954,4037
1753617362689,11:56:02.689,mexc,ACE/USDT:USDT,0.5951,2653,0.595,2661,0.5952,2782,0.5953,13976
1753617362791,11:56:02.791,mexc,ACE/USDT:USDT,0.5951,2653,0.595,2661,0.5952,2782,0.5953,13976
1753617363193,11:56:03.193,mexc,ACE/USDT:USDT,0.5951,2653,0.595,2661,0.5952,2782,0.5953,9399
1753617363290,11:56:03.290,mexc,ACE/USDT:USDT,0.5951,2653,0.595,3476,0.5952,2782,0.5953,9399
1753617363592,11:56:03.592,mexc,ACE/USDT:USDT,0.5951,2653,0.595,3476,0.5952,2782,0.5953,9399
1753617363791,11:56:03.791,mexc,ACE/USDT:USDT,0.5951,2653,0.595,2661,0.5952,2782,0.5953,9399
1753617364093,11:56:04.093,mexc,ACE/USDT:USDT,0.5951,2653,0.595,2661,0.5952,2782,0.5953,9399
1753617364290,11:56:04.290,mexc,ACE/USDT:USDT,0.5951,2653,0.595,2661,0.5952,2782,0.5953,9399
1753617364594,11:56:04.594,mexc,ACE/USDT:USDT,0.5951,2653,0.595,2661,0.5952,2782,0.5953,9399
1753617364790,11:56:04.790,mexc,ACE/USDT:USDT,0.5951,2653,0.595,2661,0.5952,2782,0.5953,12619
1753617365095,11:56:05.095,mexc,ACE/USDT:USDT,0.5951,2653,0.595,2661,0.5952,2782,0.5953,9399
1753617365291,11:56:05.291,mexc,ACE/USDT:USDT,0.5951,2653,0.595,3951,0.5952,2782,0.5953,12290
1753617365593,11:56:05.593,mexc,ACE/USDT:USDT,0.5951,2653,0.595,3951,0.5952,2782,0.5953,12290
1753617365696,11:56:05.696,mexc,ACE/USDT:USDT,0.5951,2653,0.595,2661,0.5952,2782,0.5953,9399
1753617365793,11:56:05.793,mexc,ACE/USDT:USDT,0.5951,2653,0.595,3624,0.5952,2782,0.5953,9399
1753617366194,11:56:06.194,mexc,ACE/USDT:USDT,0.5951,2653,0.595,3624,0.5952,2782,0.5953,11413
1753617366297,11:56:06.297,mexc,ACE/USDT:USDT,0.5951,2653,0.595,3769,0.5952,2782,0.5953,11413
1753617366595,11:56:06.595,mexc,ACE/USDT:USDT,0.5951,2653,0.595,3769,0.5952,2782,0.5953,9399
1753617366791,11:56:06.791,mexc,ACE/USDT:USDT,0.5951,2653,0.595,2661,0.5952,2782,0.5953,9399
1753617367094,11:56:07.094,mexc,ACE/USDT:USDT,0.5951,2653,0.595,2661,0.5952,2782,0.5953,9399
1753617367194,11:56:07.194,mexc,ACE/USDT:USDT,0.5951,2653,0.595,2661,0.5952,2782,0.5953,13131
1753617367293,11:56:07.293,mexc,ACE/USDT:USDT,0.5951,2653,0.595,3064,0.5952,2782,0.5953,13131
1753617367696,11:56:07.696,mexc,ACE/USDT:USDT,0.5951,2653,0.595,2661,0.5952,2782,0.5953,9399
1753617367793,11:56:07.793,mexc,ACE/USDT:USDT,0.5951,2653,0.595,2661,0.5952,2782,0.5953,9399
1753617368191,11:56:08.191,mexc,ACE/USDT:USDT,0.5951,2653,0.595,2661,0.5952,2782,0.5953,13470
1753617368294,11:56:08.294,mexc,ACE/USDT:USDT,0.5951,2653,0.595,2943,0.5952,2782,0.5953,13470
1753617368504,11:56:08.504,mexc,ACE/USDT:USDT,0.5951,2748,0.595,2966,0.5952,2928,0.5953,10177
1753617368794,11:56:08.794,mexc,ACE/USDT:USDT,0.5951,2748,0.595,2966,0.5952,2928,0.5953,17412
1753617369096,11:56:09.096,mexc,ACE/USDT:USDT,0.5951,2748,0.595,2966,0.5952,2928,0.5953,14745
1753617369293,11:56:09.293,mexc,ACE/USDT:USDT,0.5951,2748,0.595,2966,0.5952,2928,0.5953,11299
1753617369596,11:56:09.596,mexc,ACE/USDT:USDT,0.5951,2748,0.595,2966,0.5952,2928,0.5953,11299
1753617369795,11:56:09.795,mexc,ACE/USDT:USDT,0.5951,2748,0.595,3541,0.5952,2928,0.5953,14252
1753617370097,11:56:10.097,mexc,ACE/USDT:USDT,0.5951,2748,0.595,3541,0.5952,2928,0.5953,10177
1753617370196,11:56:10.196,mexc,ACE/USDT:USDT,0.5951,2748,0.595,2966,0.5952,2928,0.5953,10177
1753617370299,11:56:10.299,mexc,ACE/USDT:USDT,0.5951,2748,0.595,2966,0.5952,2928,0.5953,10177
1753617370794,11:56:10.794,mexc,ACE/USDT:USDT,0.5951,2748,0.595,2966,0.5952,2928,0.5953,10177
1753617370794,11:56:10.794,mexc,ACE/USDT:USDT,0.5951,2748,0.595,2966,0.5952,2928,0.5953,10177
1753617371199,11:56:11.199,mexc,ACE/USDT:USDT,0.5951,2748,0.595,2966,0.5952,2928,0.5953,10177
1753617371297,11:56:11.297,mexc,ACE/USDT:USDT,0.5951,2748,0.595,4279,0.5952,2928,0.5953,10177
1753617371596,11:56:11.596,mexc,ACE/USDT:USDT,0.5951,2748,0.595,4279,0.5952,2928,0.5953,10177
1753617371795,11:56:11.795,mexc,ACE/USDT:USDT,0.5951,2748,0.595,3462,0.5952,2928,0.5953,10177
1753617372048,11:56:12.048,mexc,ACE/USDT:USDT,0.5951,2748,0.595,3462,0.5952,2928,0.5953,10177
1753617372194,11:56:12.194,mexc,ACE/USDT:USDT,0.5951,2748,0.595,3462,0.5952,2928,0.5953,12727
1753617372298,11:56:12.298,mexc,ACE/USDT:USDT,0.5951,2748,0.595,2966,0.5952,2928,0.5953,12727
1753617372663,11:56:12.663,mexc,ACE/USDT:USDT,0.5951,2748,0.595,2966,0.5952,2928,0.5953,12727
1753617372797,11:56:12.797,mexc,ACE/USDT:USDT,0.5951,2748,0.595,4079,0.5952,2928,0.5953,10177
1753617373097,11:56:13.097,mexc,ACE/USDT:USDT,0.5951,2748,0.595,4079,0.5952,2928,0.5953,10177
1753617373299,11:56:13.299,mexc,ACE/USDT:USDT,0.5951,2748,0.595,2966,0.5952,2928,0.5953,13870
1753617373597,11:56:13.597,mexc,ACE/USDT:USDT,0.5951,2748,0.595,2966,0.5952,2928,0.5953,13870
1753617373701,11:56:13.701,mexc,ACE/USDT:USDT,0.5951,2748,0.595,2966,0.5952,2928,0.5953,10177
1753617373799,11:56:13.799,mexc,ACE/USDT:USDT,0.5951,2748,0.595,2966,0.5952,2928,0.5953,10177
1753617374201,11:56:14.201,mexc,ACE/USDT:USDT,0.5951,2748,0.595,2966,0.5952,2928,0.5953,10177
1753617374299,11:56:14.299,mexc,ACE/USDT:USDT,0.5951,2748,0.595,3797,0.5952,2928,0.5953,10177
1753617374507,11:56:14.507,mexc,ACE/USDT:USDT,0.595,2974,0.5949,2885,0.5951,4359,0.5952,18998
1753617374798,11:56:14.798,mexc,ACE/USDT:USDT,0.595,2974,0.5949,3953,0.5951,4359,0.5952,26498
1753617375099,11:56:15.099,mexc,ACE/USDT:USDT,0.595,2974,0.5949,3953,0.5951,4359,0.5952,26498
1753617375202,11:56:15.202,mexc,ACE/USDT:USDT,0.595,2974,0.5949,2885,0.5951,4359,0.5952,21624
1753617375364,11:56:15.364,mexc,ACE/USDT:USDT,0.595,2974,0.5949,2885,0.5951,4359,0.5952,21624
1753617375768,11:56:15.768,mexc,ACE/USDT:USDT,0.595,2974,0.5949,2885,0.5951,4359,0.5952,18998
1753617375863,11:56:15.863,mexc,ACE/USDT:USDT,0.595,2974,0.5949,2885,0.5951,4359,0.5952,18998
1753617376195,11:56:16.195,mexc,ACE/USDT:USDT,0.595,2974,0.5949,2885,0.5951,4359,0.5952,18998
1753617376365,11:56:16.365,mexc,ACE/USDT:USDT,0.595,2974,0.5949,2885,0.5951,4359,0.5952,18998
1753617376599,11:56:16.599,mexc,ACE/USDT:USDT,0.595,2974,0.5949,2885,0.5951,4359,0.5952,18998
1753617376767,11:56:16.767,mexc,ACE/USDT:USDT,0.595,2974,0.5949,2885,0.5951,4359,0.5952,24796
1753617376864,11:56:16.864,mexc,ACE/USDT:USDT,0.595,2974,0.5949,3987,0.5951,4359,0.5952,24796
1753617377268,11:56:17.268,mexc,ACE/USDT:USDT,0.595,2974,0.5949,3987,0.5951,4359,0.5952,18998
1753617377364,11:56:17.364,mexc,ACE/USDT:USDT,0.595,2974,0.5949,2885,0.5951,4359,0.5952,18998
1753617377697,11:56:17.697,mexc,ACE/USDT:USDT,0.595,2974,0.5949,2885,0.5951,4359,0.5952,18998
1753617377866,11:56:17.866,mexc,ACE/USDT:USDT,0.595,2974,0.5949,2885,0.5951,4359,0.5952,18998
1753617378100,11:56:18.100,mexc,ACE/USDT:USDT,0.595,2974,0.5949,2885,0.5951,4359,0.5952,18998
1753617378268,11:56:18.268,mexc,ACE/USDT:USDT,0.595,2974,0.5949,2885,0.5951,4359,0.5952,23287
1753617378366,11:56:18.366,mexc,ACE/USDT:USDT,0.595,2974,0.5949,2885,0.5951,4359,0.5952,23287
1753617378769,11:56:18.769,mexc,ACE/USDT:USDT,0.595,2974,0.5949,2885,0.5951,4359,0.5952,18998
1753617378865,11:56:18.865,mexc,ACE/USDT:USDT,0.595,2974,0.5949,2885,0.5951,4359,0.5952,18998
1753617379198,11:56:19.198,mexc,ACE/USDT:USDT,0.595,2974,0.5949,2885,0.5951,4359,0.5952,18998
1753617379366,11:56:19.366,mexc,ACE/USDT:USDT,0.595,2974,0.5949,3684,0.5951,4359,0.5952,18998
1753617379603,11:56:19.603,mexc,ACE/USDT:USDT,0.595,2974,0.5949,3684,0.5951,4359,0.5952,18998
1753617379768,11:56:19.768,mexc,ACE/USDT:USDT,0.595,2974,0.5949,2885,0.5951,4359,0.5952,27518
1753617379865,11:56:19.865,mexc,ACE/USDT:USDT,0.595,2974,0.5949,3206,0.5951,4359,0.5952,27518
1753617380270,11:56:20.270,mexc,ACE/USDT:USDT,0.595,2974,0.5949,3206,0.5951,4359,0.5952,18998
1753617380421,11:56:20.421,mexc,ACE/USDT:USDT,0.595,2974,0.5949,2885,0.5951,4359,0.5952,18998
1753617380510,11:56:20.510,mexc,ACE/USDT:USDT,0.5952,4817,0.5951,6431,0.5953,33969,0.5954,3262
1753617380865,11:56:20.865,mexc,ACE/USDT:USDT,0.5952,4817,0.5951,6431,0.5953,33969,0.5954,4059
1753617381102,11:56:21.102,mexc,ACE/USDT:USDT,0.5952,4817,0.5951,6431,0.5953,33969,0.5954,3262
1753617381270,11:56:21.270,mexc,ACE/USDT:USDT,0.5952,4817,0.5951,6431,0.5953,33969,0.5954,3262
1753617381370,11:56:21.370,mexc,ACE/USDT:USDT,0.5952,4817,0.5951,6431,0.5953,33969,0.5954,3262
1753617381770,11:56:21.770,mexc,ACE/USDT:USDT,0.5952,4817,0.5951,6431,0.5953,33969,0.5954,4423
1753617381866,11:56:21.866,mexc,ACE/USDT:USDT,0.5952,4817,0.5951,6431,0.5953,33969,0.5954,4423
1753617382269,11:56:22.269,mexc,ACE/USDT:USDT,0.5952,4817,0.5951,6431,0.5953,33969,0.5954,4009
1753617382371,11:56:22.371,mexc,ACE/USDT:USDT,0.5952,4817,0.5951,6431,0.5953,33969,0.5954,4009
1753617382701,11:56:22.701,mexc,ACE/USDT:USDT,0.5952,4817,0.5951,6431,0.5953,33969,0.5954,3262
1753617382867,11:56:22.867,mexc,ACE/USDT:USDT,0.5952,4817,0.5951,6431,0.5953,33969,0.5954,4812
1753617383163,11:56:23.163,mexc,ACE/USDT:USDT,0.5952,4817,0.5951,6431,0.5953,33969,0.5954,4812
1753617383274,11:56:23.274,mexc,ACE/USDT:USDT,0.5952,4817,0.5951,6431,0.5953,33969,0.5954,3262
1753617383399,11:56:23.399,mexc,ACE/USDT:USDT,0.5952,4817,0.5951,6431,0.5953,33969,0.5954,3262
1753617383771,11:56:23.771,mexc,ACE/USDT:USDT,0.5952,4817,0.5951,6431,0.5953,33969,0.5954,3262
1753617384050,11:56:24.050,mexc,ACE/USDT:USDT,0.5952,4817,0.5951,7677,0.5953,33969,0.5954,3262
1753617384205,11:56:24.205,mexc,ACE/USDT:USDT,0.5952,4817,0.5951,7677,0.5953,33969,0.5954,3602
1753617384372,11:56:24.372,mexc,ACE/USDT:USDT,0.5952,4817,0.5951,6431,0.5953,33969,0.5954,3602
1753617384704,11:56:24.704,mexc,ACE/USDT:USDT,0.5952,4817,0.5951,6431,0.5953,33969,0.5954,4301
1753617384871,11:56:24.871,mexc,ACE/USDT:USDT,0.5952,4817,0.5951,6431,0.5953,33969,0.5954,4301
1753617385106,11:56:25.106,mexc,ACE/USDT:USDT,0.5952,4817,0.5951,6431,0.5953,33969,0.5954,3262
1753617385274,11:56:25.274,mexc,ACE/USDT:USDT,0.5952,4817,0.5951,6431,0.5953,33969,0.5954,3262
1753617385371,11:56:25.371,mexc,ACE/USDT:USDT,0.5952,4817,0.5951,6431,0.5953,33969,0.5954,3262
1753617385774,11:56:25.774,mexc,ACE/USDT:USDT,0.5952,4817,0.5951,6431,0.5953,33969,0.5954,3262
1753617385870,11:56:25.870,mexc,ACE/USDT:USDT,0.5952,4817,0.5951,6431,0.5953,33969,0.5954,3262
1753617386204,11:56:26.204,mexc,ACE/USDT:USDT,0.5952,4817,0.5951,6431,0.5953,33969,0.5954,3262
1753617386374,11:56:26.374,mexc,ACE/USDT:USDT,0.5952,4817,0.5951,8733,0.5953,33969,0.5954,3262
1753617386512,11:56:26.512,mexc,ACE/USDT:USDT,0.5949,24415,0.5948,24337,0.595,8269,0.5951,34570
1753617386873,11:56:26.873,mexc,ACE/USDT:USDT,0.5949,24415,0.5948,27345,0.595,8269,0.5951,34570
1753617386873,11:56:26.873,mexc,ACE/USDT:USDT,0.5949,24415,0.5948,27345,0.595,8269,0.5951,34570
1753617387272,11:56:27.272,mexc,ACE/USDT:USDT,0.5949,24415,0.5948,24337,0.595,8269,0.5951,34570
1753617387373,11:56:27.373,mexc,ACE/USDT:USDT,0.5949,24415,0.5948,24337,0.595,8269,0.5951,34570
1753617387705,11:56:27.705,mexc,ACE/USDT:USDT,0.5949,24415,0.5948,24337,0.595,8269,0.5951,34570
1753617387872,11:56:27.872,mexc,ACE/USDT:USDT,0.5949,24415,0.5948,35567,0.595,8269,0.5951,47848
1753617388110,11:56:28.110,mexc,ACE/USDT:USDT,0.5949,24415,0.5948,35567,0.595,8269,0.5951,47848
1753617388275,11:56:28.275,mexc,ACE/USDT:USDT,0.5949,24415,0.5948,24337,0.595,8269,0.5951,34570
1753617388372,11:56:28.372,mexc,ACE/USDT:USDT,0.5949,24415,0.5948,31963,0.595,8269,0.5951,34570
1753617388777,11:56:28.777,mexc,ACE/USDT:USDT,0.5949,24415,0.5948,31963,0.595,8269,0.5951,34570
1753617388874,11:56:28.874,mexc,ACE/USDT:USDT,0.5949,24415,0.5948,36245,0.595,8269,0.5951,34570
1753617389205,11:56:29.205,mexc,ACE/USDT:USDT,0.5949,24415,0.5948,36245,0.595,8269,0.5951,48140
1753617389371,11:56:29.371,mexc,ACE/USDT:USDT,0.5949,24415,0.5948,24337,0.595,8269,0.5951,59835
1753617389610,11:56:29.610,mexc,ACE/USDT:USDT,0.5949,24415,0.5948,24337,0.595,8269,0.5951,46265
1753617389778,11:56:29.778,mexc,ACE/USDT:USDT,0.5949,24415,0.5948,24337,0.595,8269,0.5951,54054
1753617390057,11:56:30.057,mexc,ACE/USDT:USDT,0.5949,24415,0.5948,24337,0.595,8269,0.5951,54054
1753617390110,11:56:30.110,mexc,ACE/USDT:USDT,0.5949,24415,0.5948,24337,0.595,8269,0.5951,34570
1753617390372,11:56:30.372,mexc,ACE/USDT:USDT,0.5949,24415,0.5948,24337,0.595,8269,0.5951,46035
1753617390667,11:56:30.667,mexc,ACE/USDT:USDT,0.5949,24415,0.5948,24337,0.595,8269,0.5951,46035
1753617390776,11:56:30.776,mexc,ACE/USDT:USDT,0.5949,24415,0.5948,24337,0.595,8269,0.5951,55762
1753617390874,11:56:30.874,mexc,ACE/USDT:USDT,0.5949,24415,0.5948,29229,0.595,8269,0.5951,55762
1753617391276,11:56:31.276,mexc,ACE/USDT:USDT,0.5949,24415,0.5948,29229,0.595,8269,0.5951,43616
1753617391373,11:56:31.373,mexc,ACE/USDT:USDT,0.5949,24415,0.5948,24337,0.595,8269,0.5951,43616
1753617391667,11:56:31.667,mexc,ACE/USDT:USDT,0.5949,24415,0.5948,24337,0.595,8269,0.5951,34570
1753617391872,11:56:31.872,mexc,ACE/USDT:USDT,0.5949,24415,0.5948,35083,0.595,8269,0.5951,34570
1753617392168,11:56:32.168,mexc,ACE/USDT:USDT,0.5949,24415,0.5948,35083,0.595,8269,0.5951,34570
1753617392280,11:56:32.280,mexc,ACE/USDT:USDT,0.5949,24415,0.5948,24337,0.595,8269,0.5951,38295
1753617392512,11:56:32.512,mexc,ACE/USDT:USDT,0.5949,22059,0.5948,16900,0.595,3996,0.5951,6351
1753617392874,11:56:32.874,mexc,ACE/USDT:USDT,0.5949,22059,0.5948,16900,0.595,3996,0.5951,6351
1753617392874,11:56:32.874,mexc,ACE/USDT:USDT,0.5949,22059,0.5948,16900,0.595,3996,0.5951,6351
1753617393278,11:56:33.278,mexc,ACE/USDT:USDT,0.5949,22059,0.5948,16900,0.595,3996,0.5951,6351
1753617393376,11:56:33.376,mexc,ACE/USDT:USDT,0.5949,22059,0.5948,16900,0.595,3996,0.5951,6351
1753617393765,11:56:33.765,mexc,ACE/USDT:USDT,0.5949,22059,0.5948,16900,0.595,3996,0.5951,7256
1753617393879,11:56:33.879,mexc,ACE/USDT:USDT,0.5949,22059,0.5948,24196,0.595,3996,0.5951,7256
1753617394168,11:56:34.168,mexc,ACE/USDT:USDT,0.5949,22059,0.5948,24196,0.595,3996,0.5951,6351
1753617394279,11:56:34.279,mexc,ACE/USDT:USDT,0.5949,22059,0.5948,16900,0.595,3996,0.5951,6351
1753617394376,11:56:34.376,mexc,ACE/USDT:USDT,0.5949,22059,0.5948,20968,0.595,3996,0.5951,6351
1753617394768,11:56:34.768,mexc,ACE/USDT:USDT,0.5946,63866,0.5945,11572,0.5947,4383,0.5948,7960
1753617394877,11:56:34.877,mexc,ACE/USDT:USDT,0.5946,63866,0.5945,13329,0.5947,4383,0.5948,7960
1753617395279,11:56:35.279,mexc,ACE/USDT:USDT,0.5946,63866,0.5945,11572,0.5947,4383,0.5948,7960
1753617395375,11:56:35.375,mexc,ACE/USDT:USDT,0.5946,63866,0.5945,14111,0.5947,4383,0.5948,7960
1753617395768,11:56:35.768,mexc,ACE/USDT:USDT,0.5946,63866,0.5945,14111,0.5947,4383,0.5948,7960
1753617395878,11:56:35.878,mexc,ACE/USDT:USDT,0.5946,63866,0.5945,11572,0.5947,4383,0.5948,7960
1753617396172,11:56:36.172,mexc,ACE/USDT:USDT,0.5946,63866,0.5945,11572,0.5947,4383,0.5948,7960
1753617396286,11:56:36.286,mexc,ACE/USDT:USDT,0.5946,63866,0.5945,11572,0.5947,4383,0.5948,7960
1753617396378,11:56:36.378,mexc,ACE/USDT:USDT,0.5946,63866,0.5945,15380,0.5947,4383,0.5948,7960
1753617396779,11:56:36.779,mexc,ACE/USDT:USDT,0.5946,63866,0.5945,11572,0.5947,4383,0.5948,7960
1753617396878,11:56:36.878,mexc,ACE/USDT:USDT,0.5946,63866,0.5945,11572,0.5947,4383,0.5948,7960
1753617397269,11:56:37.269,mexc,ACE/USDT:USDT,0.5946,63866,0.5945,11572,0.5947,4383,0.5948,7960
1753617397378,11:56:37.378,mexc,ACE/USDT:USDT,0.5946,63866,0.5945,17703,0.5947,4383,0.5948,7960
1753617397673,11:56:37.673,mexc,ACE/USDT:USDT,0.5946,63866,0.5945,17703,0.5947,4383,0.5948,7960
1753617397782,11:56:37.782,mexc,ACE/USDT:USDT,0.5946,63866,0.5945,11572,0.5947,4383,0.5948,7960
1753617397877,11:56:37.877,mexc,ACE/USDT:USDT,0.5946,63866,0.5945,13662,0.5947,4383,0.5948,7960
1753617398287,11:56:38.287,mexc,ACE/USDT:USDT,0.5946,63866,0.5945,13662,0.5947,4383,0.5948,8962
1753617398379,11:56:38.379,mexc,ACE/USDT:USDT,0.5946,63866,0.5945,13935,0.5947,4383,0.5948,8962
1753617398771,11:56:38.771,mexc,ACE/USDT:USDT,0.5946,63866,0.5945,13935,0.5947,4383,0.5948,7960
1753617398877,11:56:38.877,mexc,ACE/USDT:USDT,0.5946,63866,0.5945,15524,0.5947,4383,0.5948,7960
1753617399174,11:56:39.174,mexc,ACE/USDT:USDT,0.5946,63866,0.5945,15524,0.5947,4383,0.5948,7960
1753617399282,11:56:39.282,mexc,ACE/USDT:USDT,0.5946,63866,0.5945,11572,0.5947,4383,0.5948,7960
1753617399382,11:56:39.382,mexc,ACE/USDT:USDT,0.5946,63866,0.5945,11572,0.5947,4383,0.5948,7960
1753617399780,11:56:39.780,mexc,ACE/USDT:USDT,0.5946,63866,0.5945,11572,0.5947,4383,0.5948,7960
1753617399877,11:56:39.877,mexc,ACE/USDT:USDT,0.5946,63866,0.5945,12966,0.5947,4383,0.5948,7960
1753617400281,11:56:40.281,mexc,ACE/USDT:USDT,0.5946,63866,0.5945,11572,0.5947,4383,0.5948,7960
1753617400379,11:56:40.379,mexc,ACE/USDT:USDT,0.5946,63866,0.5945,11572,0.5947,4383,0.5948,7960
1753617400587,11:56:40.587,mexc,ACE/USDT:USDT,0.5944,4891,0.5943,36349,0.5945,3184,0.5946,4445
1753617400878,11:56:40.878,mexc,ACE/USDT:USDT,0.5944,4891,0.5943,45809,0.5945,3184,0.5946,6122
1753617401177,11:56:41.177,mexc,ACE/USDT:USDT,0.5944,4891,0.5943,45809,0.5945,3184,0.5946,5055
1753617401282,11:56:41.282,mexc,ACE/USDT:USDT,0.5944,4891,0.5943,36349,0.5945,3184,0.5946,6129
1753617401379,11:56:41.379,mexc,ACE/USDT:USDT,0.5944,4891,0.5943,45448,0.5945,3184,0.5946,6129
1753617401782,11:56:41.782,mexc,ACE/USDT:USDT,0.5944,4891,0.5943,36349,0.5945,3184,0.5946,4445
1753617401879,11:56:41.879,mexc,ACE/USDT:USDT,0.5944,4891,0.5943,36349,0.5945,3184,0.5946,4445
1753617402177,11:56:42.177,mexc,ACE/USDT:USDT,0.5944,4891,0.5943,36349,0.5945,3184,0.5946,4445
1753617402380,11:56:42.380,mexc,ACE/USDT:USDT,0.5944,4891,0.5943,36349,0.5945,3184,0.5946,4445
1753617402676,11:56:42.676,mexc,ACE/USDT:USDT,0.5944,4891,0.5943,36349,0.5945,3184,0.5946,4445
1753617402782,11:56:42.782,mexc,ACE/USDT:USDT,0.5944,4891,0.5943,36349,0.5945,3184,0.5946,6122
1753617402878,11:56:42.878,mexc,ACE/USDT:USDT,0.5944,4891,0.5943,36349,0.5945,3184,0.5946,6122
1753617403282,11:56:43.282,mexc,ACE/USDT:USDT,0.5944,4891,0.5943,36349,0.5945,3184,0.5946,5869
1753617403381,11:56:43.381,mexc,ACE/USDT:USDT,0.5944,4891,0.5943,46714,0.5945,3184,0.5946,5869
1753617403676,11:56:43.676,mexc,ACE/USDT:USDT,0.5944,4891,0.5943,46714,0.5945,3184,0.5946,4445
1753617403878,11:56:43.878,mexc,ACE/USDT:USDT,0.5944,4891,0.5943,36349,0.5945,3184,0.5946,4445
1753617404177,11:56:44.177,mexc,ACE/USDT:USDT,0.5944,4891,0.5943,36349,0.5945,3184,0.5946,4445
1753617404282,11:56:44.282,mexc,ACE/USDT:USDT,0.5944,4891,0.5943,36349,0.5945,3184,0.5946,4445
1753617404378,11:56:44.378,mexc,ACE/USDT:USDT,0.5944,4891,0.5943,46884,0.5945,3184,0.5946,4445
1753617404784,11:56:44.784,mexc,ACE/USDT:USDT,0.5944,4891,0.5943,46884,0.5945,3184,0.5946,4445
1753617404879,11:56:44.879,mexc,ACE/USDT:USDT,0.5944,4891,0.5943,36349,0.5945,3184,0.5946,4445
1753617405274,11:56:45.274,mexc,ACE/USDT:USDT,0.5944,4891,0.5943,36349,0.5945,3184,0.5946,4445
1753617405380,11:56:45.380,mexc,ACE/USDT:USDT,0.5944,4891,0.5943,50939,0.5945,3184,0.5946,4445
1753617405685,11:56:45.685,mexc,ACE/USDT:USDT,0.5944,4891,0.5943,50939,0.5945,3184,0.5946,4445
1753617405881,11:56:45.881,mexc,ACE/USDT:USDT,0.5944,4891,0.5943,50480,0.5945,3184,0.5946,4445
