timestamp,time,exchange,symbol,bid1_price,bid1_volume,bid2_price,bid2_volume,ask1_price,ask1_volume,ask2_price,ask2_volume
1753617168001,11:52:48.001,mexc,A/USDT:USDT,0.5766,24234.0,0.5765,23723,0.5767,22356.0,0.5768,25291.0
1753617168222,11:52:48.222,mexc,A/USDT:USDT,0.5766,24234.0,0.5765,23723,0.5767,22356.0,0.5768,18727
1753617168501,11:52:48.501,mexc,A/USDT:USDT,0.5766,24234.0,0.5765,17826,0.5767,22356.0,0.5768,18727
1753617168770,11:52:48.770,mexc,A/USDT:USDT,0.5766,24234.0,0.5765,17826,0.5767,22356.0,0.5768,25766
1753617168998,11:52:48.998,mexc,A/USDT:USDT,0.5766,24234.0,0.5765,17826,0.5767,22356.0,0.5768,25766
1753617169222,11:52:49.222,mexc,A/USDT:USDT,0.5766,24234.0,0.5765,17826,0.5767,22356.0,0.5768,23669
1753617169499,11:52:49.499,mexc,A/USDT:USDT,0.5766,24234.0,0.5765,17826,0.5767,22356.0,0.5768,23669
1753617169625,11:52:49.625,mexc,A/USDT:USDT,0.5766,24234.0,0.5765,17826,0.5767,22356.0,0.5768,18727
1753617169906,11:52:49.906,mexc,A/USDT:USDT,0.5766,24234.0,0.5765,17826,0.5767,22356.0,0.5768,18727
1753617170002,11:52:50.002,mexc,A/USDT:USDT,0.5766,24234.0,0.5765,17826,0.5767,22356.0,0.5768,18727
1753617170223,11:52:50.223,mexc,A/USDT:USDT,0.5766,24234.0,0.5765,17826,0.5767,22356.0,0.5768,21915
1753617170499,11:52:50.499,mexc,A/USDT:USDT,0.5766,24234.0,0.5765,22647,0.5767,22356.0,0.5768,21915
1753617170721,11:52:50.721,mexc,A/USDT:USDT,0.5766,24234.0,0.5765,22647,0.5767,22356.0,0.5768,18727
1753617171000,11:52:51.000,mexc,A/USDT:USDT,0.5766,24234.0,0.5765,21259,0.5767,22356.0,0.5768,18727
1753617171224,11:52:51.224,mexc,A/USDT:USDT,0.5766,24234.0,0.5765,21259,0.5767,22356.0,0.5768,26880
1753617171500,11:52:51.500,mexc,A/USDT:USDT,0.5766,24234.0,0.5765,29690,0.5767,22356.0,0.5768,26880
1753617171723,11:52:51.723,mexc,A/USDT:USDT,0.5766,24234.0,0.5765,29690,0.5767,22356.0,0.5768,18727
1753617171999,11:52:51.999,mexc,A/USDT:USDT,0.5766,24234.0,0.5765,17826,0.5767,22356.0,0.5768,18727
1753617172246,11:52:52.246,mexc,A/USDT:USDT,0.5766,19941,0.5765,23745,0.5768,15598,0.5769,15286
1753617172503,11:52:52.503,mexc,A/USDT:USDT,0.5766,19941,0.5765,23745,0.5768,15598,0.5769,15286
1753617172903,11:52:52.903,mexc,A/USDT:USDT,0.5766,19941,0.5765,23745,0.5768,15598,0.5769,15286
1753617173001,11:52:53.001,mexc,A/USDT:USDT,0.5766,19941,0.5765,33141,0.5768,15598,0.5769,15286
1753617173226,11:52:53.226,mexc,A/USDT:USDT,0.5766,19941,0.5765,33141,0.5768,15598,0.5769,15286
1753617173500,11:52:53.500,mexc,A/USDT:USDT,0.5766,19941,0.5765,23745,0.5768,15598,0.5769,15286
1753617173725,11:52:53.725,mexc,A/USDT:USDT,0.5766,19941,0.5765,23745,0.5768,15598,0.5769,15286
1753617173998,11:52:53.998,mexc,A/USDT:USDT,0.5766,19941,0.5765,23745,0.5768,15598,0.5769,15286
1753617174228,11:52:54.228,mexc,A/USDT:USDT,0.5766,19941,0.5765,23745,0.5768,15598,0.5769,15286
1753617174501,11:52:54.501,mexc,A/USDT:USDT,0.5766,19941,0.5765,23745,0.5768,15598,0.5769,15286
1753617174765,11:52:54.765,mexc,A/USDT:USDT,0.5766,19941,0.5765,23745,0.5768,15598,0.5769,15286
1753617175065,11:52:55.065,mexc,A/USDT:USDT,0.5766,19941,0.5765,23745,0.5768,15598,0.5769,15286
1753617175228,11:52:55.228,mexc,A/USDT:USDT,0.5766,19941,0.5765,23745,0.5768,15598,0.5769,15286
1753617175504,11:52:55.504,mexc,A/USDT:USDT,0.5766,19941,0.5765,23745,0.5768,15598,0.5769,15286
1753617175629,11:52:55.629,mexc,A/USDT:USDT,0.5766,19941,0.5765,33471,0.5768,15598,0.5769,15286
1753617175906,11:52:55.906,mexc,A/USDT:USDT,0.5766,19941,0.5765,33471,0.5768,15598,0.5769,15286
1753617176002,11:52:56.002,mexc,A/USDT:USDT,0.5766,19941,0.5765,32550,0.5768,15598,0.5769,15286
1753617176228,11:52:56.228,mexc,A/USDT:USDT,0.5766,19941,0.5765,32550,0.5768,15598,0.5769,15286
1753617176502,11:52:56.502,mexc,A/USDT:USDT,0.5766,19941,0.5765,32708,0.5768,15598,0.5769,15286
1753617176728,11:52:56.728,mexc,A/USDT:USDT,0.5766,19941,0.5765,32708,0.5768,15598,0.5769,15286
1753617177006,11:52:57.006,mexc,A/USDT:USDT,0.5766,19941,0.5765,23745,0.5768,15598,0.5769,15286
1753617177231,11:52:57.231,mexc,A/USDT:USDT,0.5766,19941,0.5765,23745,0.5768,15598,0.5769,19143
1753617177502,11:52:57.502,mexc,A/USDT:USDT,0.5766,19941,0.5765,26161,0.5768,15598,0.5769,19143
1753617177728,11:52:57.728,mexc,A/USDT:USDT,0.5766,19941,0.5765,26161,0.5768,15598,0.5769,15286
1753617178004,11:52:58.004,mexc,A/USDT:USDT,0.5766,19941,0.5765,28559,0.5768,15598,0.5769,15286
1753617178249,11:52:58.249,mexc,A/USDT:USDT,0.5766,23995,0.5765,16570,0.5768,17052,0.5769,16357
1753617178505,11:52:58.505,mexc,A/USDT:USDT,0.5766,23995,0.5765,16570,0.5768,17052,0.5769,16357
1753617178909,11:52:58.909,mexc,A/USDT:USDT,0.5766,23995,0.5765,16570,0.5768,17052,0.5769,21232
1753617179006,11:52:59.006,mexc,A/USDT:USDT,0.5766,23995,0.5765,16570,0.5768,17052,0.5769,21232
1753617179227,11:52:59.227,mexc,A/USDT:USDT,0.5766,23995,0.5765,16570,0.5768,17052,0.5769,23504
1753617179504,11:52:59.504,mexc,A/USDT:USDT,0.5766,23995,0.5765,16570,0.5768,17052,0.5769,23504
1753617179736,11:52:59.736,mexc,A/USDT:USDT,0.5766,23995,0.5765,16570,0.5768,17052,0.5769,16357
1753617180006,11:53:00.006,mexc,A/USDT:USDT,0.5766,23995,0.5765,19447,0.5768,17052,0.5769,16357
1753617180230,11:53:00.230,mexc,A/USDT:USDT,0.5766,23995,0.5765,19447,0.5768,17052,0.5769,24120
1753617180505,11:53:00.505,mexc,A/USDT:USDT,0.5766,23995,0.5765,16570,0.5768,17052,0.5769,24120
1753617180769,11:53:00.769,mexc,A/USDT:USDT,0.5766,23995,0.5765,16570,0.5768,17052,0.5769,18892
1753617181065,11:53:01.065,mexc,A/USDT:USDT,0.5766,23995,0.5765,22008,0.5768,17052,0.5769,18892
1753617181231,11:53:01.231,mexc,A/USDT:USDT,0.5766,23995,0.5765,22008,0.5768,17052,0.5769,19777
1753617181508,11:53:01.508,mexc,A/USDT:USDT,0.5766,23995,0.5765,16570,0.5768,17052,0.5769,19777
1753617181634,11:53:01.634,mexc,A/USDT:USDT,0.5766,23995,0.5765,16570,0.5768,17052,0.5769,16357
1753617181913,11:53:01.913,mexc,A/USDT:USDT,0.5766,23995,0.5765,16570,0.5768,17052,0.5769,16357
1753617182008,11:53:02.008,mexc,A/USDT:USDT,0.5766,23995,0.5765,26883,0.5768,17052,0.5769,16357
1753617182235,11:53:02.235,mexc,A/USDT:USDT,0.5766,23995,0.5765,26883,0.5768,17052,0.5769,22230
1753617182506,11:53:02.506,mexc,A/USDT:USDT,0.5766,23995,0.5765,23944,0.5768,17052,0.5769,22230
1753617182730,11:53:02.730,mexc,A/USDT:USDT,0.5766,23995,0.5765,23944,0.5768,17052,0.5769,23440
1753617183009,11:53:03.009,mexc,A/USDT:USDT,0.5766,23995,0.5765,16570,0.5768,17052,0.5769,23440
1753617183231,11:53:03.231,mexc,A/USDT:USDT,0.5766,23995,0.5765,16570,0.5768,17052,0.5769,18204
1753617183507,11:53:03.507,mexc,A/USDT:USDT,0.5766,23995,0.5765,16570,0.5768,17052,0.5769,18204
1753617183729,11:53:03.729,mexc,A/USDT:USDT,0.5766,23995,0.5765,16570,0.5768,17052,0.5769,20197
1753617184009,11:53:04.009,mexc,A/USDT:USDT,0.5766,23995,0.5765,20193,0.5768,17052,0.5769,20197
1753617184249,11:53:04.249,mexc,A/USDT:USDT,0.5768,20663,0.5767,16628,0.5769,20503,0.577,21648
1753617184510,11:53:04.510,mexc,A/USDT:USDT,0.5768,20663,0.5767,16628,0.5769,20503,0.577,21648
1753617184912,11:53:04.912,mexc,A/USDT:USDT,0.5768,20663,0.5767,16628,0.5769,20503,0.577,24986
1753617185009,11:53:05.009,mexc,A/USDT:USDT,0.5768,20663,0.5767,16628,0.5769,20503,0.577,24986
1753617185232,11:53:05.232,mexc,A/USDT:USDT,0.5768,20663,0.5767,16628,0.5769,20503,0.577,21648
1753617185581,11:53:05.581,mexc,A/USDT:USDT,0.5768,20663,0.5767,16628,0.5769,20503,0.577,21648
1753617185731,11:53:05.731,mexc,A/USDT:USDT,0.5768,20663,0.5767,16628,0.5769,20503,0.577,26077
1753617185983,11:53:05.983,mexc,A/USDT:USDT,0.5768,20663,0.5767,16628,0.5769,20503,0.577,26077
1753617186133,11:53:06.133,mexc,A/USDT:USDT,0.5768,20663,0.5767,16628,0.5769,20503,0.577,21648
1753617186230,11:53:06.230,mexc,A/USDT:USDT,0.5768,20663,0.5767,16628,0.5769,20503,0.577,21648
1753617186634,11:53:06.634,mexc,A/USDT:USDT,0.5768,20663,0.5767,20933,0.5769,20503,0.577,21648
1753617186773,11:53:06.773,mexc,A/USDT:USDT,0.5768,20663,0.5767,20933,0.5769,20503,0.577,31415
1753617187071,11:53:07.071,mexc,A/USDT:USDT,0.5768,20663,0.5767,16628,0.5769,20503,0.577,31415
1753617187231,11:53:07.231,mexc,A/USDT:USDT,0.5768,20663,0.5767,20893,0.5769,20503,0.577,21648
1753617187484,11:53:07.484,mexc,A/USDT:USDT,0.5768,20663,0.5767,19090,0.5769,20503,0.577,21648
1753617187634,11:53:07.634,mexc,A/USDT:USDT,0.5768,20663,0.5767,24111,0.5769,20503,0.577,21648
1753617187733,11:53:07.733,mexc,A/USDT:USDT,0.5768,20663,0.5767,24111,0.5769,20503,0.577,26109
1753617188133,11:53:08.133,mexc,A/USDT:USDT,0.5768,20663,0.5767,18402,0.5769,20503,0.577,21648
1753617188233,11:53:08.233,mexc,A/USDT:USDT,0.5768,20663,0.5767,18402,0.5769,20503,0.577,21648
1753617188582,11:53:08.582,mexc,A/USDT:USDT,0.5768,20663,0.5767,16628,0.5769,20503,0.577,21648
1753617188732,11:53:08.732,mexc,A/USDT:USDT,0.5768,20663,0.5767,16628,0.5769,20503,0.577,21648
1753617188994,11:53:08.994,mexc,A/USDT:USDT,0.5768,20663,0.5767,16628,0.5769,20503,0.577,21648
1753617189136,11:53:09.136,mexc,A/USDT:USDT,0.5768,20663,0.5767,16628,0.5769,20503,0.577,21648
1753617189248,11:53:09.248,mexc,A/USDT:USDT,0.5768,20663,0.5767,16628,0.5769,20503,0.577,21648
1753617189636,11:53:09.636,mexc,A/USDT:USDT,0.5768,20663,0.5767,26490,0.5769,20503,0.577,21648
1753617189731,11:53:09.731,mexc,A/USDT:USDT,0.5768,20663,0.5767,26490,0.5769,20503,0.577,21648
1753617190138,11:53:10.138,mexc,A/USDT:USDT,0.5768,20663,0.5767,22207,0.5769,20503,0.577,21648
1753617190250,11:53:10.250,mexc,A/USDT:USDT,0.5768,18951,0.5767,23430,0.5769,20695,0.577,23034
1753617190585,11:53:10.585,mexc,A/USDT:USDT,0.5768,18951,0.5767,23430,0.5769,20695,0.577,23034
1753617190738,11:53:10.738,mexc,A/USDT:USDT,0.5768,18951,0.5767,23430,0.5769,20695,0.577,23034
1753617190989,11:53:10.989,mexc,A/USDT:USDT,0.5768,18951,0.5767,23430,0.5769,20695,0.577,23034
1753617191139,11:53:11.139,mexc,A/USDT:USDT,0.5768,18951,0.5767,23430,0.5769,20695,0.577,23034
1753617191233,11:53:11.233,mexc,A/USDT:USDT,0.5768,18951,0.5767,23430,0.5769,20695,0.577,32843
1753617191636,11:53:11.636,mexc,A/USDT:USDT,0.5768,18951,0.5767,33515,0.5769,20695,0.577,23034
1753617191735,11:53:11.735,mexc,A/USDT:USDT,0.5768,18951,0.5767,33515,0.5769,20695,0.577,26848
1753617192089,11:53:12.089,mexc,A/USDT:USDT,0.5768,18951,0.5767,23430,0.5769,20695,0.577,26848
1753617192235,11:53:12.235,mexc,A/USDT:USDT,0.5768,18951,0.5767,23430,0.5769,20695,0.577,33086
1753617192490,11:53:12.490,mexc,A/USDT:USDT,0.5768,18951,0.5767,23430,0.5769,20695,0.577,33086
1753617192637,11:53:12.637,mexc,A/USDT:USDT,0.5768,18951,0.5767,23430,0.5769,20695,0.577,23034
1753617192733,11:53:12.733,mexc,A/USDT:USDT,0.5768,18951,0.5767,23430,0.5769,20695,0.577,23034
1753617193137,11:53:13.137,mexc,A/USDT:USDT,0.5768,18951,0.5767,23430,0.5769,20695,0.577,23034
1753617193236,11:53:13.236,mexc,A/USDT:USDT,0.5768,18951,0.5767,23430,0.5769,20695,0.577,23034
1753617193589,11:53:13.589,mexc,A/USDT:USDT,0.5768,18951,0.5767,32922,0.5769,20695,0.577,23034
1753617193735,11:53:13.735,mexc,A/USDT:USDT,0.5768,18951,0.5767,36203,0.5769,20695,0.577,30860
1753617193992,11:53:13.992,mexc,A/USDT:USDT,0.5768,18951,0.5767,26711,0.5769,20695,0.577,30860
1753617194139,11:53:14.139,mexc,A/USDT:USDT,0.5768,18951,0.5767,23430,0.5769,20695,0.577,23034
1753617194236,11:53:14.236,mexc,A/USDT:USDT,0.5768,18951,0.5767,23430,0.5769,20695,0.577,23034
1753617194678,11:53:14.678,mexc,A/USDT:USDT,0.5768,18951,0.5767,23430,0.5769,20695,0.577,23034
1753617194736,11:53:14.736,mexc,A/USDT:USDT,0.5768,18951,0.5767,23430,0.5769,20695,0.577,23034
1753617195088,11:53:15.088,mexc,A/USDT:USDT,0.5768,18951,0.5767,23430,0.5769,20695,0.577,23034
1753617195236,11:53:15.236,mexc,A/USDT:USDT,0.5768,18951,0.5767,27084,0.5769,20695,0.577,30379
1753617195492,11:53:15.492,mexc,A/USDT:USDT,0.5768,18951,0.5767,27084,0.5769,20695,0.577,30379
1753617195639,11:53:15.639,mexc,A/USDT:USDT,0.5768,18951,0.5767,23430,0.5769,20695,0.577,23034
1753617195738,11:53:15.738,mexc,A/USDT:USDT,0.5768,18951,0.5767,23430,0.5769,20695,0.577,30859
1753617196139,11:53:16.139,mexc,A/USDT:USDT,0.5768,18951,0.5767,23430,0.5769,20695,0.577,30859
1753617196274,11:53:16.274,mexc,A/USDT:USDT,0.5768,27012,0.5767,15668,0.5769,26889,0.577,20123
1753617196590,11:53:16.590,mexc,A/USDT:USDT,0.5768,27012,0.5767,15668,0.5769,26889,0.577,20123
1753617196737,11:53:16.737,mexc,A/USDT:USDT,0.5768,27012,0.5767,15668,0.5769,26889,0.577,27672
1753617196997,11:53:16.997,mexc,A/USDT:USDT,0.5768,27012,0.5767,15668,0.5769,26889,0.577,27672
1753617197140,11:53:17.140,mexc,A/USDT:USDT,0.5768,27012,0.5767,15668,0.5769,26889,0.577,20123
1753617197236,11:53:17.236,mexc,A/USDT:USDT,0.5768,27012,0.5767,15668,0.5769,26889,0.577,20123
1753617197639,11:53:17.639,mexc,A/USDT:USDT,0.5768,27012,0.5767,15668,0.5769,26889,0.577,20123
1753617197838,11:53:17.838,mexc,A/USDT:USDT,0.5768,27012,0.5767,15668,0.5769,26889,0.577,20123
1753617197993,11:53:17.993,mexc,A/USDT:USDT,0.5768,27012,0.5767,15668,0.5769,26889,0.577,20123
1753617198240,11:53:18.240,mexc,A/USDT:USDT,0.5768,27012,0.5767,15668,0.5769,26889,0.577,20123
1753617198493,11:53:18.493,mexc,A/USDT:USDT,0.5768,27012,0.5767,15668,0.5769,26889,0.577,20123
1753617198642,11:53:18.642,mexc,A/USDT:USDT,0.5768,27012,0.5767,19339,0.5769,26889,0.577,20123
1753617198781,11:53:18.781,mexc,A/USDT:USDT,0.5768,27012,0.5767,19339,0.5769,26889,0.577,26450
1753617199184,11:53:19.184,mexc,A/USDT:USDT,0.5768,27012,0.5767,30829,0.5769,26889,0.577,26450
1753617199279,11:53:19.279,mexc,A/USDT:USDT,0.5768,27012,0.5767,30829,0.5769,26889,0.577,26742
1753617199589,11:53:19.589,mexc,A/USDT:USDT,0.5768,27012,0.5767,15668,0.5769,26889,0.577,26742
1753617199787,11:53:19.787,mexc,A/USDT:USDT,0.5768,27012,0.5767,21151,0.5769,26889,0.577,20123
1753617200089,11:53:20.089,mexc,A/USDT:USDT,0.5768,27012,0.5767,15668,0.5769,26889,0.577,20123
1753617200279,11:53:20.279,mexc,A/USDT:USDT,0.5768,27012,0.5767,23033,0.5769,26889,0.577,24514
1753617200494,11:53:20.494,mexc,A/USDT:USDT,0.5768,27012,0.5767,23033,0.5769,26889,0.577,24514
1753617200688,11:53:20.688,mexc,A/USDT:USDT,0.5768,27012,0.5767,22576,0.5769,26889,0.577,20123
1753617200779,11:53:20.779,mexc,A/USDT:USDT,0.5768,27012,0.5767,22576,0.5769,26889,0.577,29664
1753617201183,11:53:21.183,mexc,A/USDT:USDT,0.5768,27012,0.5767,17384,0.5769,26889,0.577,29664
1753617201282,11:53:21.282,mexc,A/USDT:USDT,0.5768,27012,0.5767,17384,0.5769,26889,0.577,20123
1753617201593,11:53:21.593,mexc,A/USDT:USDT,0.5768,27012,0.5767,19732,0.5769,26889,0.577,20123
1753617201781,11:53:21.781,mexc,A/USDT:USDT,0.5768,27012,0.5767,19732,0.5769,26889,0.577,20123
1753617201995,11:53:21.995,mexc,A/USDT:USDT,0.5768,27012,0.5767,15668,0.5769,26889,0.577,20123
1753617202186,11:53:22.186,mexc,A/USDT:USDT,0.5768,27012,0.5767,20010,0.5769,26889,0.577,20123
1753617202281,11:53:22.281,mexc,A/USDT:USDT,0.5769,26043,0.5768,24198,0.5771,22089,0.5772,27616
1753617202684,11:53:22.684,mexc,A/USDT:USDT,0.5769,26043,0.5768,24198,0.5771,22089,0.5772,27616
1753617202783,11:53:22.783,mexc,A/USDT:USDT,0.5769,26043,0.5768,24198,0.5771,22089,0.5772,32047
1753617203095,11:53:23.095,mexc,A/USDT:USDT,0.5769,26043,0.5768,34130,0.5771,22089,0.5772,32047
1753617203281,11:53:23.281,mexc,A/USDT:USDT,0.5769,26043,0.5768,34130,0.5771,22089,0.5772,28843
1753617203496,11:53:23.496,mexc,A/USDT:USDT,0.5769,26043,0.5768,24198,0.5771,22089,0.5772,28843
1753617203686,11:53:23.686,mexc,A/USDT:USDT,0.5769,26043,0.5768,24198,0.5771,22089,0.5772,22683
1753617203782,11:53:23.782,mexc,A/USDT:USDT,0.5769,26043,0.5768,24198,0.5771,22089,0.5772,22683
1753617204189,11:53:24.189,mexc,A/USDT:USDT,0.5769,26043,0.5768,26852,0.5771,22089,0.5772,22683
1753617204282,11:53:24.282,mexc,A/USDT:USDT,0.5769,26043,0.5768,26852,0.5771,22089,0.5772,33336
1753617204602,11:53:24.602,mexc,A/USDT:USDT,0.5769,26043,0.5768,24198,0.5771,22089,0.5772,33336
1753617204784,11:53:24.784,mexc,A/USDT:USDT,0.5769,26043,0.5768,24198,0.5771,22089,0.5772,35444
1753617204999,11:53:24.999,mexc,A/USDT:USDT,0.5769,26043,0.5768,24198,0.5771,22089,0.5772,35444
1753617205185,11:53:25.185,mexc,A/USDT:USDT,0.5769,26043,0.5768,24198,0.5771,22089,0.5772,22683
1753617205281,11:53:25.281,mexc,A/USDT:USDT,0.5769,26043,0.5768,24198,0.5771,22089,0.5772,22683
1753617205685,11:53:25.685,mexc,A/USDT:USDT,0.5769,26043,0.5768,24198,0.5771,22089,0.5772,22683
1753617205783,11:53:25.783,mexc,A/USDT:USDT,0.5769,26043,0.5768,24198,0.5771,22089,0.5772,22683
1753617206096,11:53:26.096,mexc,A/USDT:USDT,0.5769,26043,0.5768,24198,0.5771,22089,0.5772,22683
1753617206283,11:53:26.283,mexc,A/USDT:USDT,0.5769,26043,0.5768,32555,0.5771,22089,0.5772,22683
1753617206499,11:53:26.499,mexc,A/USDT:USDT,0.5769,26043,0.5768,32555,0.5771,22089,0.5772,22683
1753617206689,11:53:26.689,mexc,A/USDT:USDT,0.5769,26043,0.5768,24198,0.5771,22089,0.5772,22683
1753617206785,11:53:26.785,mexc,A/USDT:USDT,0.5769,26043,0.5768,24198,0.5771,22089,0.5772,26764
1753617207194,11:53:27.194,mexc,A/USDT:USDT,0.5769,26043,0.5768,24198,0.5771,22089,0.5772,26764
1753617207284,11:53:27.284,mexc,A/USDT:USDT,0.5769,26043,0.5768,24198,0.5771,22089,0.5772,22683
1753617207597,11:53:27.597,mexc,A/USDT:USDT,0.5769,26043,0.5768,34452,0.5771,22089,0.5772,22683
1753617207785,11:53:27.785,mexc,A/USDT:USDT,0.5769,26043,0.5768,34452,0.5771,22089,0.5772,22683
1753617208004,11:53:28.004,mexc,A/USDT:USDT,0.5769,26043,0.5768,24198,0.5771,22089,0.5772,22683
1753617208190,11:53:28.190,mexc,A/USDT:USDT,0.5769,26043,0.5768,24198,0.5771,22089,0.5772,22683
1753617208285,11:53:28.285,mexc,A/USDT:USDT,0.5769,16706,0.5768,18249,0.5771,17372,0.5772,33871
1753617208688,11:53:28.688,mexc,A/USDT:USDT,0.5769,16706,0.5768,27035,0.5771,17372,0.5772,23385
1753617208788,11:53:28.788,mexc,A/USDT:USDT,0.5769,16706,0.5768,27035,0.5771,17372,0.5772,23385
1753617209098,11:53:29.098,mexc,A/USDT:USDT,0.5769,16706,0.5768,18249,0.5771,17372,0.5772,23385
1753617209285,11:53:29.285,mexc,A/USDT:USDT,0.5769,16706,0.5768,22655,0.5771,17372,0.5772,25802
1753617209501,11:53:29.501,mexc,A/USDT:USDT,0.5769,16706,0.5768,22655,0.5771,17372,0.5772,25802
1753617209690,11:53:29.690,mexc,A/USDT:USDT,0.5769,16706,0.5768,18249,0.5771,17372,0.5772,23385
1753617209786,11:53:29.786,mexc,A/USDT:USDT,0.5769,16706,0.5768,18249,0.5771,17372,0.5772,34417
1753617210190,11:53:30.190,mexc,A/USDT:USDT,0.5769,16706,0.5768,25312,0.5771,17372,0.5772,23385
1753617210286,11:53:30.286,mexc,A/USDT:USDT,0.5769,16706,0.5768,25312,0.5771,17372,0.5772,23385
1753617210597,11:53:30.597,mexc,A/USDT:USDT,0.5769,16706,0.5768,23267,0.5771,17372,0.5772,23385
1753617210786,11:53:30.786,mexc,A/USDT:USDT,0.5769,16706,0.5768,23267,0.5771,17372,0.5772,23385
1753617211086,11:53:31.086,mexc,A/USDT:USDT,0.5769,16706,0.5768,18249,0.5771,17372,0.5772,23385
1753617211287,11:53:31.287,mexc,A/USDT:USDT,0.5769,16706,0.5768,18249,0.5771,17372,0.5772,23385
1753617211503,11:53:31.503,mexc,A/USDT:USDT,0.5769,16706,0.5768,18249,0.5771,17372,0.5772,23385
1753617211689,11:53:31.689,mexc,A/USDT:USDT,0.5769,16706,0.5768,18249,0.5771,17372,0.5772,23385
1753617211787,11:53:31.787,mexc,A/USDT:USDT,0.5769,16706,0.5768,18249,0.5771,17372,0.5772,23385
1753617212191,11:53:32.191,mexc,A/USDT:USDT,0.5769,16706,0.5768,28725,0.5771,17372,0.5772,23385
1753617212287,11:53:32.287,mexc,A/USDT:USDT,0.5769,16706,0.5768,28725,0.5771,17372,0.5772,28970
1753617212601,11:53:32.601,mexc,A/USDT:USDT,0.5769,16706,0.5768,18249,0.5771,17372,0.5772,28970
1753617212787,11:53:32.787,mexc,A/USDT:USDT,0.5769,16706,0.5768,25086,0.5771,17372,0.5772,31263
1753617213006,11:53:33.006,mexc,A/USDT:USDT,0.5769,16706,0.5768,25086,0.5771,17372,0.5772,31263
1753617213193,11:53:33.193,mexc,A/USDT:USDT,0.5769,16706,0.5768,18249,0.5771,17372,0.5772,23385
1753617213287,11:53:33.287,mexc,A/USDT:USDT,0.5769,16706,0.5768,18249,0.5771,17372,0.5772,23385
1753617213696,11:53:33.696,mexc,A/USDT:USDT,0.5769,16706,0.5768,22161,0.5771,17372,0.5772,23385
1753617213785,11:53:33.785,mexc,A/USDT:USDT,0.5769,16706,0.5768,22161,0.5771,17372,0.5772,34789
1753617214103,11:53:34.103,mexc,A/USDT:USDT,0.5769,16706,0.5768,18249,0.5771,17372,0.5772,34789
1753617214286,11:53:34.286,mexc,A/USDT:USDT,0.5771,16257,0.577,16258,0.5772,20867,0.5773,19385
1753617214603,11:53:34.603,mexc,A/USDT:USDT,0.5771,16257,0.577,16258,0.5772,20867,0.5773,19385
1753617214788,11:53:34.788,mexc,A/USDT:USDT,0.5771,16257,0.577,16258,0.5772,20867,0.5773,19385
1753617215004,11:53:35.004,mexc,A/USDT:USDT,0.5771,16257,0.577,16258,0.5772,20867,0.5773,19385
1753617215191,11:53:35.191,mexc,A/USDT:USDT,0.5771,16257,0.577,16258,0.5772,20867,0.5773,19385
1753617215287,11:53:35.287,mexc,A/USDT:USDT,0.5771,16257,0.577,16258,0.5772,20867,0.5773,26717
1753617215691,11:53:35.691,mexc,A/USDT:USDT,0.5771,16257,0.577,16258,0.5772,20867,0.5773,19385
1753617215787,11:53:35.787,mexc,A/USDT:USDT,0.5771,16257,0.577,16258,0.5772,20867,0.5773,19385
1753617216105,11:53:36.105,mexc,A/USDT:USDT,0.5771,16257,0.577,16258,0.5772,20867,0.5773,19385
1753617216288,11:53:36.288,mexc,A/USDT:USDT,0.5771,16257,0.577,20168,0.5772,20867,0.5773,21638
1753617216512,11:53:36.512,mexc,A/USDT:USDT,0.5771,16257,0.577,20168,0.5772,20867,0.5773,21638
1753617216691,11:53:36.691,mexc,A/USDT:USDT,0.5771,16257,0.577,16258,0.5772,20867,0.5773,19385
1753617216787,11:53:36.787,mexc,A/USDT:USDT,0.5771,16257,0.577,16258,0.5772,20867,0.5773,25528
1753617217192,11:53:37.192,mexc,A/USDT:USDT,0.5771,16257,0.577,16258,0.5772,20867,0.5773,19385
1753617217295,11:53:37.295,mexc,A/USDT:USDT,0.5771,16257,0.577,16258,0.5772,20867,0.5773,19385
1753617217605,11:53:37.605,mexc,A/USDT:USDT,0.5771,16257,0.577,21441,0.5772,20867,0.5773,19385
1753617217788,11:53:37.788,mexc,A/USDT:USDT,0.5771,16257,0.577,21441,0.5772,20867,0.5773,19385
1753617218008,11:53:38.008,mexc,A/USDT:USDT,0.5771,16257,0.577,16258,0.5772,20867,0.5773,19385
1753617218192,11:53:38.192,mexc,A/USDT:USDT,0.5771,16257,0.577,16258,0.5772,20867,0.5773,19385
1753617218290,11:53:38.290,mexc,A/USDT:USDT,0.5771,16257,0.577,16258,0.5772,20867,0.5773,19385
1753617218692,11:53:38.692,mexc,A/USDT:USDT,0.5771,16257,0.577,21089,0.5772,20867,0.5773,19385
1753617218789,11:53:38.789,mexc,A/USDT:USDT,0.5771,16257,0.577,21089,0.5772,20867,0.5773,33594
1753617219104,11:53:39.104,mexc,A/USDT:USDT,0.5771,16257,0.577,16258,0.5772,20867,0.5773,33594
1753617219294,11:53:39.294,mexc,A/USDT:USDT,0.5771,16257,0.577,16258,0.5772,20867,0.5773,23904
1753617219507,11:53:39.507,mexc,A/USDT:USDT,0.5771,16257,0.577,16258,0.5772,20867,0.5773,23904
1753617219693,11:53:39.693,mexc,A/USDT:USDT,0.5771,16257,0.577,16258,0.5772,20867,0.5773,19385
1753617219791,11:53:39.791,mexc,A/USDT:USDT,0.5771,16257,0.577,16258,0.5772,20867,0.5773,22425
1753617220194,11:53:40.194,mexc,A/USDT:USDT,0.5771,16257,0.577,16258,0.5772,20867,0.5773,19385
1753617220291,11:53:40.291,mexc,A/USDT:USDT,0.5772,23962,0.5771,24222,0.5773,17273,0.5774,17380
1753617220606,11:53:40.606,mexc,A/USDT:USDT,0.5772,23962,0.5771,24222,0.5773,17273,0.5774,17380
1753617220792,11:53:40.792,mexc,A/USDT:USDT,0.5772,23962,0.5771,24222,0.5773,17273,0.5774,17380
1753617221010,11:53:41.010,mexc,A/USDT:USDT,0.5772,23962,0.5771,24222,0.5773,17273,0.5774,17380
1753617221195,11:53:41.195,mexc,A/USDT:USDT,0.5772,23962,0.5771,24222,0.5773,17273,0.5774,17380
1753617221292,11:53:41.292,mexc,A/USDT:USDT,0.5772,23962,0.5771,24222,0.5773,17273,0.5774,17380
1753617221694,11:53:41.694,mexc,A/USDT:USDT,0.5772,23962,0.5771,30305,0.5773,17273,0.5774,17380
1753617221792,11:53:41.792,mexc,A/USDT:USDT,0.5772,23962,0.5771,30305,0.5773,17273,0.5774,20366
1753617222106,11:53:42.106,mexc,A/USDT:USDT,0.5772,23962,0.5771,24222,0.5773,17273,0.5774,20366
1753617222291,11:53:42.291,mexc,A/USDT:USDT,0.5772,23962,0.5771,24222,0.5773,17273,0.5774,17380
1753617222510,11:53:42.510,mexc,A/USDT:USDT,0.5772,23962,0.5771,24222,0.5773,17273,0.5774,17380
1753617222695,11:53:42.695,mexc,A/USDT:USDT,0.5772,23962,0.5771,31616,0.5773,17273,0.5774,17380
1753617222793,11:53:42.793,mexc,A/USDT:USDT,0.5772,23962,0.5771,31616,0.5773,17273,0.5774,17380
1753617223196,11:53:43.196,mexc,A/USDT:USDT,0.5772,23962,0.5771,34688,0.5773,17273,0.5774,17380
1753617223292,11:53:43.292,mexc,A/USDT:USDT,0.5772,23962,0.5771,34688,0.5773,17273,0.5774,20837
1753617223608,11:53:43.608,mexc,A/USDT:USDT,0.5772,23962,0.5771,24222,0.5773,17273,0.5774,20837
1753617223793,11:53:43.793,mexc,A/USDT:USDT,0.5772,23962,0.5771,32002,0.5773,17273,0.5774,25155
1753617224012,11:53:44.012,mexc,A/USDT:USDT,0.5772,23962,0.5771,32002,0.5773,17273,0.5774,25155
1753617224196,11:53:44.196,mexc,A/USDT:USDT,0.5772,23962,0.5771,24222,0.5773,17273,0.5774,17380
1753617224292,11:53:44.292,mexc,A/USDT:USDT,0.5772,23962,0.5771,24222,0.5773,17273,0.5774,17380
1753617224695,11:53:44.695,mexc,A/USDT:USDT,0.5772,23962,0.5771,24222,0.5773,17273,0.5774,17380
1753617224794,11:53:44.794,mexc,A/USDT:USDT,0.5772,23962,0.5771,24222,0.5773,17273,0.5774,25209
1753617225108,11:53:45.108,mexc,A/USDT:USDT,0.5772,23962,0.5771,24222,0.5773,17273,0.5774,25209
1753617225295,11:53:45.295,mexc,A/USDT:USDT,0.5772,23962,0.5771,30495,0.5773,17273,0.5774,23916
1753617225512,11:53:45.512,mexc,A/USDT:USDT,0.5772,23962,0.5771,30495,0.5773,17273,0.5774,23916
1753617225698,11:53:45.698,mexc,A/USDT:USDT,0.5772,23962,0.5771,35749,0.5773,17273,0.5774,17380
1753617225794,11:53:45.794,mexc,A/USDT:USDT,0.5772,23962,0.5771,35749,0.5773,17273,0.5774,17380
1753617226197,11:53:46.197,mexc,A/USDT:USDT,0.5772,23962,0.5771,24222,0.5773,17273,0.5774,17380
1753617226295,11:53:46.295,mexc,A/USDT:USDT,0.5772,21654,0.5771,15817,0.5773,21478,0.5774,15542
1753617226613,11:53:46.613,mexc,A/USDT:USDT,0.5772,21654,0.5771,15817,0.5773,21478,0.5774,15542
1753617226798,11:53:46.798,mexc,A/USDT:USDT,0.5772,21654,0.5771,15817,0.5773,21478,0.5774,15542
1753617227016,11:53:47.016,mexc,A/USDT:USDT,0.5772,21654,0.5771,15817,0.5773,21478,0.5774,15542
1753617227197,11:53:47.197,mexc,A/USDT:USDT,0.5772,21654,0.5771,15817,0.5773,21478,0.5774,15542
1753617227297,11:53:47.297,mexc,A/USDT:USDT,0.5772,21654,0.5771,15817,0.5773,21478,0.5774,15542
1753617227699,11:53:47.699,mexc,A/USDT:USDT,0.5772,21654,0.5771,15817,0.5773,21478,0.5774,15542
1753617227795,11:53:47.795,mexc,A/USDT:USDT,0.5772,21654,0.5771,15817,0.5773,21478,0.5774,21156
1753617228114,11:53:48.114,mexc,A/USDT:USDT,0.5772,21654,0.5771,22025,0.5773,21478,0.5774,21156
1753617228295,11:53:48.295,mexc,A/USDT:USDT,0.5772,21654,0.5771,27581,0.5773,21478,0.5774,15542
1753617228517,11:53:48.517,mexc,A/USDT:USDT,0.5772,21654,0.5771,21373,0.5773,21478,0.5774,15542
1753617228613,11:53:48.613,mexc,A/USDT:USDT,0.5772,21654,0.5771,19810,0.5773,21478,0.5774,15542
1753617228796,11:53:48.796,mexc,A/USDT:USDT,0.5772,21654,0.5771,19810,0.5773,21478,0.5774,15542
1753617229199,11:53:49.199,mexc,A/USDT:USDT,0.5772,21654,0.5771,15817,0.5773,21478,0.5774,15542
1753617229296,11:53:49.296,mexc,A/USDT:USDT,0.5772,21654,0.5771,15817,0.5773,21478,0.5774,15542
1753617229613,11:53:49.613,mexc,A/USDT:USDT,0.5772,21654,0.5771,15817,0.5773,21478,0.5774,15542
1753617229796,11:53:49.796,mexc,A/USDT:USDT,0.5772,21654,0.5771,17549,0.5773,21478,0.5774,26313
1753617230017,11:53:50.017,mexc,A/USDT:USDT,0.5772,21654,0.5771,17549,0.5773,21478,0.5774,26313
1753617230200,11:53:50.200,mexc,A/USDT:USDT,0.5772,21654,0.5771,18042,0.5773,21478,0.5774,15542
1753617230296,11:53:50.296,mexc,A/USDT:USDT,0.5772,21654,0.5771,18042,0.5773,21478,0.5774,22757
1753617230700,11:53:50.700,mexc,A/USDT:USDT,0.5772,21654,0.5771,19679,0.5773,21478,0.5774,15542
1753617230795,11:53:50.795,mexc,A/USDT:USDT,0.5772,21654,0.5771,19679,0.5773,21478,0.5774,19321
1753617231115,11:53:51.115,mexc,A/USDT:USDT,0.5772,21654,0.5771,21841,0.5773,21478,0.5774,19321
1753617231297,11:53:51.297,mexc,A/USDT:USDT,0.5772,21654,0.5771,21841,0.5773,21478,0.5774,20400
1753617231519,11:53:51.519,mexc,A/USDT:USDT,0.5772,21654,0.5771,15817,0.5773,21478,0.5774,20400
1753617231700,11:53:51.700,mexc,A/USDT:USDT,0.5772,21654,0.5771,18393,0.5773,21478,0.5774,15542
1753617231796,11:53:51.796,mexc,A/USDT:USDT,0.5772,21654,0.5771,18393,0.5773,21478,0.5774,15542
1753617232199,11:53:52.199,mexc,A/USDT:USDT,0.5772,21654,0.5771,15817,0.5773,21478,0.5774,15542
1753617232298,11:53:52.298,mexc,A/USDT:USDT,0.5772,19790,0.5771,16929,0.5774,19450,0.5775,17471
1753617232617,11:53:52.617,mexc,A/USDT:USDT,0.5772,19790,0.5771,16929,0.5774,19450,0.5775,17471
1753617232796,11:53:52.796,mexc,A/USDT:USDT,0.5772,19790,0.5771,16929,0.5774,19450,0.5775,17471
1753617233019,11:53:53.019,mexc,A/USDT:USDT,0.5772,19790,0.5771,16929,0.5774,19450,0.5775,17471
1753617233200,11:53:53.200,mexc,A/USDT:USDT,0.5772,19790,0.5771,16929,0.5774,19450,0.5775,17471
1753617233296,11:53:53.296,mexc,A/USDT:USDT,0.5772,19790,0.5771,16929,0.5774,19450,0.5775,23505
1753617233700,11:53:53.700,mexc,A/USDT:USDT,0.5772,19790,0.5771,16929,0.5774,19450,0.5775,23505
1753617233797,11:53:53.797,mexc,A/USDT:USDT,0.5772,19790,0.5771,16929,0.5774,19450,0.5775,20304
1753617234118,11:53:54.118,mexc,A/USDT:USDT,0.5772,19790,0.5771,20576,0.5774,19450,0.5775,20304
1753617234296,11:53:54.296,mexc,A/USDT:USDT,0.5772,19790,0.5771,20576,0.5774,19450,0.5775,17471
1753617234520,11:53:54.520,mexc,A/USDT:USDT,0.5772,19790,0.5771,16929,0.5774,19450,0.5775,17471
1753617234699,11:53:54.699,mexc,A/USDT:USDT,0.5772,19790,0.5771,16929,0.5774,19450,0.5775,17471
1753617234799,11:53:54.799,mexc,A/USDT:USDT,0.5772,19790,0.5771,16929,0.5774,19450,0.5775,17471
1753617235201,11:53:55.201,mexc,A/USDT:USDT,0.5772,19790,0.5771,19519,0.5774,19450,0.5775,17471
1753617235297,11:53:55.297,mexc,A/USDT:USDT,0.5772,19790,0.5771,19519,0.5774,19450,0.5775,25209
1753617235618,11:53:55.618,mexc,A/USDT:USDT,0.5772,19790,0.5771,16929,0.5774,19450,0.5775,25209
1753617235798,11:53:55.798,mexc,A/USDT:USDT,0.5772,19790,0.5771,16929,0.5774,19450,0.5775,30375
1753617236021,11:53:56.021,mexc,A/USDT:USDT,0.5772,19790,0.5771,16929,0.5774,19450,0.5775,30375
1753617236200,11:53:56.200,mexc,A/USDT:USDT,0.5772,19790,0.5771,16929,0.5774,19450,0.5775,17471
1753617236299,11:53:56.299,mexc,A/USDT:USDT,0.5772,19790,0.5771,16929,0.5774,19450,0.5775,17471
1753617236701,11:53:56.701,mexc,A/USDT:USDT,0.5772,19790,0.5771,20157,0.5774,19450,0.5775,17471
1753617236798,11:53:56.798,mexc,A/USDT:USDT,0.5772,19790,0.5771,20157,0.5774,19450,0.5775,17471
1753617237119,11:53:57.119,mexc,A/USDT:USDT,0.5772,19790,0.5771,20899,0.5774,19450,0.5775,17471
1753617237298,11:53:57.298,mexc,A/USDT:USDT,0.5772,19790,0.5771,25173,0.5774,19450,0.5775,17471
1753617237522,11:53:57.522,mexc,A/USDT:USDT,0.5772,19790,0.5771,21203,0.5774,19450,0.5775,17471
1753617237702,11:53:57.702,mexc,A/USDT:USDT,0.5772,19790,0.5771,22782,0.5774,19450,0.5775,17471
1753617237797,11:53:57.797,mexc,A/USDT:USDT,0.5772,19790,0.5771,22782,0.5774,19450,0.5775,17471
1753617238202,11:53:58.202,mexc,A/USDT:USDT,0.5772,19790,0.5771,16929,0.5774,19450,0.5775,17471
1753617238303,11:53:58.303,mexc,A/USDT:USDT,0.5774,15972,0.5773,24377,0.5775,17467,0.5776,26886
1753617238621,11:53:58.621,mexc,A/USDT:USDT,0.5774,15972,0.5773,24377,0.5775,17467,0.5776,26886
1753617238801,11:53:58.801,mexc,A/USDT:USDT,0.5774,15972,0.5773,24377,0.5775,17467,0.5776,26886
1753617239024,11:53:59.024,mexc,A/USDT:USDT,0.5774,15972,0.5773,24377,0.5775,17467,0.5776,26886
1753617239204,11:53:59.204,mexc,A/USDT:USDT,0.5774,15972,0.5773,29243,0.5775,17467,0.5776,26886
1753617239302,11:53:59.302,mexc,A/USDT:USDT,0.5774,15972,0.5773,29243,0.5775,17467,0.5776,26886
1753617239703,11:53:59.703,mexc,A/USDT:USDT,0.5774,15972,0.5773,24377,0.5775,17467,0.5776,26886
1753617239803,11:53:59.803,mexc,A/USDT:USDT,0.5774,15972,0.5773,24377,0.5775,17467,0.5776,35647
1753617240121,11:54:00.121,mexc,A/USDT:USDT,0.5774,15972,0.5773,24377,0.5775,17467,0.5776,35647
1753617240303,11:54:00.303,mexc,A/USDT:USDT,0.5774,15972,0.5773,24377,0.5775,17467,0.5776,33445
1753617240524,11:54:00.524,mexc,A/USDT:USDT,0.5774,15972,0.5773,24377,0.5775,17467,0.5776,33445
1753617240706,11:54:00.706,mexc,A/USDT:USDT,0.5774,15972,0.5773,24377,0.5775,17467,0.5776,26886
1753617240803,11:54:00.803,mexc,A/USDT:USDT,0.5774,15972,0.5773,24377,0.5775,17467,0.5776,26886
1753617241206,11:54:01.206,mexc,A/USDT:USDT,0.5774,15972,0.5773,24377,0.5775,17467,0.5776,26886
1753617241304,11:54:01.304,mexc,A/USDT:USDT,0.5774,15972,0.5773,24377,0.5775,17467,0.5776,26886
1753617241623,11:54:01.623,mexc,A/USDT:USDT,0.5774,15972,0.5773,24377,0.5775,17467,0.5776,26886
1753617241803,11:54:01.803,mexc,A/USDT:USDT,0.5774,15972,0.5773,24377,0.5775,17467,0.5776,37172
1753617242025,11:54:02.025,mexc,A/USDT:USDT,0.5774,15972,0.5773,24377,0.5775,17467,0.5776,37172
1753617242206,11:54:02.206,mexc,A/USDT:USDT,0.5774,15972,0.5773,24377,0.5775,17467,0.5776,26886
1753617242303,11:54:02.303,mexc,A/USDT:USDT,0.5774,15972,0.5773,24377,0.5775,17467,0.5776,26886
1753617242706,11:54:02.706,mexc,A/USDT:USDT,0.5774,15972,0.5773,24377,0.5775,17467,0.5776,26886
1753617242802,11:54:02.802,mexc,A/USDT:USDT,0.5774,15972,0.5773,24377,0.5775,17467,0.5776,26886
1753617243131,11:54:03.131,mexc,A/USDT:USDT,0.5774,15972,0.5773,24377,0.5775,17467,0.5776,26886
1753617243302,11:54:03.302,mexc,A/USDT:USDT,0.5774,15972,0.5773,35701,0.5775,17467,0.5776,26886
1753617243621,11:54:03.621,mexc,A/USDT:USDT,0.5774,15972,0.5773,24377,0.5775,17467,0.5776,26886
1753617243803,11:54:03.803,mexc,A/USDT:USDT,0.5774,15972,0.5773,24377,0.5775,17467,0.5776,26886
1753617244025,11:54:04.025,mexc,A/USDT:USDT,0.5774,15972,0.5773,24377,0.5775,17467,0.5776,26886
1753617244207,11:54:04.207,mexc,A/USDT:USDT,0.5774,15972,0.5773,24377,0.5775,17467,0.5776,26886
1753617244306,11:54:04.306,mexc,A/USDT:USDT,0.5772,23552,0.5771,26796,0.5774,21653,0.5775,21046
1753617244708,11:54:04.708,mexc,A/USDT:USDT,0.5772,23552,0.5771,26796,0.5774,21653,0.5775,21046
1753617244803,11:54:04.803,mexc,A/USDT:USDT,0.5772,23552,0.5771,26796,0.5774,21653,0.5775,27344
1753617245123,11:54:05.123,mexc,A/USDT:USDT,0.5772,23552,0.5771,26796,0.5774,21653,0.5775,27344
1753617245306,11:54:05.306,mexc,A/USDT:USDT,0.5772,23552,0.5771,26796,0.5774,21653,0.5775,26041
1753617245526,11:54:05.526,mexc,A/USDT:USDT,0.5772,23552,0.5771,26796,0.5774,21653,0.5775,26041
1753617245706,11:54:05.706,mexc,A/USDT:USDT,0.5772,23552,0.5771,26796,0.5774,21653,0.5775,21046
1753617245803,11:54:05.803,mexc,A/USDT:USDT,0.5772,23552,0.5771,26796,0.5774,21653,0.5775,21046
1753617246208,11:54:06.208,mexc,A/USDT:USDT,0.5772,23552,0.5771,45517,0.5774,21653,0.5775,21046
1753617246304,11:54:06.304,mexc,A/USDT:USDT,0.5772,23552,0.5771,45517,0.5774,21653,0.5775,25205
1753617246622,11:54:06.622,mexc,A/USDT:USDT,0.5772,23552,0.5771,26796,0.5774,21653,0.5775,25205
1753617246803,11:54:06.803,mexc,A/USDT:USDT,0.5772,23552,0.5771,30864,0.5774,21653,0.5775,23679
1753617247025,11:54:07.025,mexc,A/USDT:USDT,0.5772,23552,0.5771,30864,0.5774,21653,0.5775,23679
1753617247208,11:54:07.208,mexc,A/USDT:USDT,0.5772,23552,0.5771,26796,0.5774,21653,0.5775,21046
1753617247306,11:54:07.306,mexc,A/USDT:USDT,0.5772,23552,0.5771,26796,0.5774,21653,0.5775,30331
1753617247709,11:54:07.709,mexc,A/USDT:USDT,0.5772,23552,0.5771,26796,0.5774,21653,0.5775,30331
1753617247804,11:54:07.804,mexc,A/USDT:USDT,0.5772,23552,0.5771,26796,0.5774,21653,0.5775,21046
1753617248123,11:54:08.123,mexc,A/USDT:USDT,0.5772,23552,0.5771,26796,0.5774,21653,0.5775,21046
1753617248307,11:54:08.307,mexc,A/USDT:USDT,0.5772,23552,0.5771,26796,0.5774,21653,0.5775,27608
1753617248526,11:54:08.526,mexc,A/USDT:USDT,0.5772,23552,0.5771,26796,0.5774,21653,0.5775,27608
1753617248710,11:54:08.710,mexc,A/USDT:USDT,0.5772,23552,0.5771,39985,0.5774,21653,0.5775,21046
1753617248806,11:54:08.806,mexc,A/USDT:USDT,0.5772,23552,0.5771,39985,0.5774,21653,0.5775,21046
1753617249209,11:54:09.209,mexc,A/USDT:USDT,0.5772,23552,0.5771,26796,0.5774,21653,0.5775,21046
1753617249307,11:54:09.307,mexc,A/USDT:USDT,0.5772,23552,0.5771,26796,0.5774,21653,0.5775,21046
1753617249624,11:54:09.624,mexc,A/USDT:USDT,0.5772,23552,0.5771,39569,0.5774,21653,0.5775,21046
1753617249806,11:54:09.806,mexc,A/USDT:USDT,0.5772,23552,0.5771,39569,0.5774,21653,0.5775,21046
1753617250027,11:54:10.027,mexc,A/USDT:USDT,0.5772,23552,0.5771,26796,0.5774,21653,0.5775,21046
1753617250210,11:54:10.210,mexc,A/USDT:USDT,0.5772,23552,0.5771,26796,0.5774,21653,0.5775,21046
1753617250306,11:54:10.306,mexc,A/USDT:USDT,0.5772,14972,0.5771,23050,0.5774,21800,0.5775,23121
1753617250710,11:54:10.710,mexc,A/USDT:USDT,0.5772,14972,0.5771,23050,0.5774,21800,0.5775,23121
1753617250807,11:54:10.807,mexc,A/USDT:USDT,0.5772,14972,0.5771,23050,0.5774,21800,0.5775,23121
1753617251124,11:54:11.124,mexc,A/USDT:USDT,0.5772,14972,0.5771,29202,0.5774,21800,0.5775,23121
1753617251311,11:54:11.311,mexc,A/USDT:USDT,0.5772,14972,0.5771,29202,0.5774,21800,0.5775,23121
1753617251531,11:54:11.531,mexc,A/USDT:USDT,0.5772,14972,0.5771,23050,0.5774,21800,0.5775,23121
1753617251714,11:54:11.714,mexc,A/USDT:USDT,0.5772,14972,0.5771,26759,0.5774,21800,0.5775,23121
1753617251806,11:54:11.806,mexc,A/USDT:USDT,0.5772,14972,0.5771,26759,0.5774,21800,0.5775,26276
1753617252210,11:54:12.210,mexc,A/USDT:USDT,0.5772,14972,0.5771,34054,0.5774,21800,0.5775,23121
1753617252306,11:54:12.306,mexc,A/USDT:USDT,0.5772,14972,0.5771,34054,0.5774,21800,0.5775,27770
1753617252625,11:54:12.625,mexc,A/USDT:USDT,0.5772,14972,0.5771,23050,0.5774,21800,0.5775,27770
1753617252806,11:54:12.806,mexc,A/USDT:USDT,0.5772,14972,0.5771,34199,0.5774,21800,0.5775,30468
1753617253028,11:54:13.028,mexc,A/USDT:USDT,0.5772,14972,0.5771,34199,0.5774,21800,0.5775,30468
1753617253211,11:54:13.211,mexc,A/USDT:USDT,0.5772,14972,0.5771,23050,0.5774,21800,0.5775,23121
1753617253308,11:54:13.308,mexc,A/USDT:USDT,0.5772,14972,0.5771,23050,0.5774,21800,0.5775,27019
1753617253710,11:54:13.710,mexc,A/USDT:USDT,0.5772,14972,0.5771,23050,0.5774,21800,0.5775,23121
1753617253807,11:54:13.807,mexc,A/USDT:USDT,0.5772,14972,0.5771,23050,0.5774,21800,0.5775,33093
1753617254125,11:54:14.125,mexc,A/USDT:USDT,0.5772,14972,0.5771,23050,0.5774,21800,0.5775,33093
1753617254307,11:54:14.307,mexc,A/USDT:USDT,0.5772,14972,0.5771,23050,0.5774,21800,0.5775,30029
1753617254527,11:54:14.527,mexc,A/USDT:USDT,0.5772,14972,0.5771,23050,0.5774,21800,0.5775,30029
1753617254710,11:54:14.710,mexc,A/USDT:USDT,0.5772,14972,0.5771,23050,0.5774,21800,0.5775,23121
1753617254806,11:54:14.806,mexc,A/USDT:USDT,0.5772,14972,0.5771,23050,0.5774,21800,0.5775,34409
1753617255213,11:54:15.213,mexc,A/USDT:USDT,0.5772,14972,0.5771,23050,0.5774,21800,0.5775,23121
1753617255308,11:54:15.308,mexc,A/USDT:USDT,0.5772,14972,0.5771,23050,0.5774,21800,0.5775,23121
1753617255627,11:54:15.627,mexc,A/USDT:USDT,0.5772,14972,0.5771,23050,0.5774,21800,0.5775,23121
1753617255808,11:54:15.808,mexc,A/USDT:USDT,0.5772,14972,0.5771,23050,0.5774,21800,0.5775,32215
1753617256032,11:54:16.032,mexc,A/USDT:USDT,0.5772,14972,0.5771,23050,0.5774,21800,0.5775,32215
1753617256211,11:54:16.211,mexc,A/USDT:USDT,0.5772,14972,0.5771,33511,0.5774,21800,0.5775,23121
1753617256384,11:54:16.384,mexc,A/USDT:USDT,0.5772,19780,0.5771,21936,0.5774,21690,0.5775,21425
1753617256788,11:54:16.788,mexc,A/USDT:USDT,0.5772,19780,0.5771,21936,0.5774,21690,0.5775,17936
1753617256881,11:54:16.881,mexc,A/USDT:USDT,0.5772,19780,0.5771,21936,0.5774,21690,0.5775,24458
1753617257128,11:54:17.128,mexc,A/USDT:USDT,0.5772,19780,0.5771,21936,0.5774,21690,0.5775,24458
1753617257381,11:54:17.381,mexc,A/USDT:USDT,0.5772,19780,0.5771,21936,0.5774,21690,0.5775,29863
1753617257630,11:54:17.630,mexc,A/USDT:USDT,0.5772,19780,0.5771,31182,0.5774,21690,0.5775,29863
1753617257881,11:54:17.881,mexc,A/USDT:USDT,0.5772,19780,0.5771,31182,0.5774,21690,0.5775,17936
1753617258171,11:54:18.171,mexc,A/USDT:USDT,0.5772,19780,0.5771,21936,0.5774,21690,0.5775,17936
1753617258383,11:54:18.383,mexc,A/USDT:USDT,0.5772,19780,0.5771,21936,0.5774,21690,0.5775,17936
1753617258630,11:54:18.630,mexc,A/USDT:USDT,0.5772,19780,0.5771,29552,0.5774,21690,0.5775,17936
1753617258883,11:54:18.883,mexc,A/USDT:USDT,0.5772,19780,0.5771,29552,0.5774,21690,0.5775,22818
1753617259130,11:54:19.130,mexc,A/USDT:USDT,0.5772,19780,0.5771,21936,0.5774,21690,0.5775,22818
1753617259383,11:54:19.383,mexc,A/USDT:USDT,0.5772,19780,0.5771,21936,0.5774,21690,0.5775,17936
1753617259630,11:54:19.630,mexc,A/USDT:USDT,0.5772,19780,0.5771,32138,0.5774,21690,0.5775,17936
1753617259883,11:54:19.883,mexc,A/USDT:USDT,0.5772,19780,0.5771,32138,0.5774,21690,0.5775,17936
1753617260131,11:54:20.131,mexc,A/USDT:USDT,0.5772,19780,0.5771,21936,0.5774,21690,0.5775,17936
1753617260382,11:54:20.382,mexc,A/USDT:USDT,0.5772,19780,0.5771,21936,0.5774,21690,0.5775,17936
1753617260634,11:54:20.634,mexc,A/USDT:USDT,0.5772,19780,0.5771,27510,0.5774,21690,0.5775,17936
1753617260886,11:54:20.886,mexc,A/USDT:USDT,0.5772,19780,0.5771,27510,0.5774,21690,0.5775,17936
1753617261132,11:54:21.132,mexc,A/USDT:USDT,0.5772,19780,0.5771,24222,0.5774,21690,0.5775,17936
1753617261383,11:54:21.383,mexc,A/USDT:USDT,0.5772,19780,0.5771,24222,0.5774,21690,0.5775,17936
1753617261632,11:54:21.632,mexc,A/USDT:USDT,0.5772,19780,0.5771,21936,0.5774,21690,0.5775,17936
1753617261885,11:54:21.885,mexc,A/USDT:USDT,0.5772,19780,0.5771,21936,0.5774,21690,0.5775,17936
1753617262131,11:54:22.131,mexc,A/USDT:USDT,0.5772,19780,0.5771,28063,0.5774,21690,0.5775,17936
1753617262384,11:54:22.384,mexc,A/USDT:USDT,0.5773,16348,0.5772,19767,0.5774,20603,0.5775,19294
1753617262786,11:54:22.786,mexc,A/USDT:USDT,0.5773,16348,0.5772,19767,0.5774,20603,0.5775,19294
1753617262887,11:54:22.887,mexc,A/USDT:USDT,0.5773,16348,0.5772,19767,0.5774,20603,0.5775,20613
1753617263132,11:54:23.132,mexc,A/USDT:USDT,0.5773,16348,0.5772,25826,0.5774,20603,0.5775,20613
1753617263385,11:54:23.385,mexc,A/USDT:USDT,0.5773,16348,0.5772,25826,0.5774,20603,0.5775,14845
1753617263632,11:54:23.632,mexc,A/USDT:USDT,0.5773,16348,0.5772,23738,0.5774,20603,0.5775,14845
1753617263887,11:54:23.887,mexc,A/USDT:USDT,0.5773,16348,0.5772,23738,0.5774,20603,0.5775,14845
1753617264185,11:54:24.185,mexc,A/USDT:USDT,0.5773,16348,0.5772,19767,0.5774,20603,0.5775,14845
1753617264386,11:54:24.386,mexc,A/USDT:USDT,0.5773,16348,0.5772,19767,0.5774,20603,0.5775,21535
1753617264634,11:54:24.634,mexc,A/USDT:USDT,0.5773,16348,0.5772,19767,0.5774,20603,0.5775,21535
1753617264888,11:54:24.888,mexc,A/USDT:USDT,0.5773,16348,0.5772,19767,0.5774,20603,0.5775,14845
1753617265133,11:54:25.133,mexc,A/USDT:USDT,0.5773,16348,0.5772,29343,0.5774,20603,0.5775,14845
1753617265389,11:54:25.389,mexc,A/USDT:USDT,0.5773,16348,0.5772,29343,0.5774,20603,0.5775,22139
1753617265634,11:54:25.634,mexc,A/USDT:USDT,0.5773,16348,0.5772,24014,0.5774,20603,0.5775,22139
1753617265888,11:54:25.888,mexc,A/USDT:USDT,0.5773,16348,0.5772,24014,0.5774,20603,0.5775,18543
1753617266136,11:54:26.136,mexc,A/USDT:USDT,0.5773,16348,0.5772,27994,0.5774,20603,0.5775,18543
1753617266388,11:54:26.388,mexc,A/USDT:USDT,0.5773,16348,0.5772,27994,0.5774,20603,0.5775,22005
1753617266635,11:54:26.635,mexc,A/USDT:USDT,0.5773,16348,0.5772,19767,0.5774,20603,0.5775,22005
1753617266887,11:54:26.887,mexc,A/USDT:USDT,0.5773,16348,0.5772,19767,0.5774,20603,0.5775,14845
1753617267136,11:54:27.136,mexc,A/USDT:USDT,0.5773,16348,0.5772,19767,0.5774,20603,0.5775,14845
1753617267388,11:54:27.388,mexc,A/USDT:USDT,0.5773,16348,0.5772,19767,0.5774,20603,0.5775,21958
1753617267636,11:54:27.636,mexc,A/USDT:USDT,0.5773,16348,0.5772,26130,0.5774,20603,0.5775,21958
1753617267890,11:54:27.890,mexc,A/USDT:USDT,0.5773,16348,0.5772,26130,0.5774,20603,0.5775,21578
1753617268137,11:54:28.137,mexc,A/USDT:USDT,0.5773,16348,0.5772,19767,0.5774,20603,0.5775,21578
1753617268387,11:54:28.387,mexc,A/USDT:USDT,0.5772,23012,0.5771,20047,0.5774,23541,0.5775,33958
1753617268795,11:54:28.795,mexc,A/USDT:USDT,0.5772,23012,0.5771,20047,0.5774,23541,0.5775,24681
1753617268891,11:54:28.891,mexc,A/USDT:USDT,0.5772,23012,0.5771,20047,0.5774,23541,0.5775,32882
1753617269137,11:54:29.137,mexc,A/USDT:USDT,0.5772,23012,0.5771,20047,0.5774,23541,0.5775,32882
1753617269389,11:54:29.389,mexc,A/USDT:USDT,0.5772,23012,0.5771,20047,0.5774,23541,0.5775,34498
1753617269639,11:54:29.639,mexc,A/USDT:USDT,0.5772,23012,0.5771,32563,0.5774,23541,0.5775,34498
1753617269888,11:54:29.888,mexc,A/USDT:USDT,0.5772,23012,0.5771,32563,0.5774,23541,0.5775,24681
1753617270138,11:54:30.138,mexc,A/USDT:USDT,0.5772,23012,0.5771,20047,0.5774,23541,0.5775,24681
1753617270388,11:54:30.388,mexc,A/USDT:USDT,0.5772,23012,0.5771,20047,0.5774,23541,0.5775,24681
1753617270639,11:54:30.639,mexc,A/USDT:USDT,0.5772,23012,0.5771,20047,0.5774,23541,0.5775,24681
1753617270890,11:54:30.890,mexc,A/USDT:USDT,0.5772,23012,0.5771,20047,0.5774,23541,0.5775,33890
1753617271139,11:54:31.139,mexc,A/USDT:USDT,0.5772,23012,0.5771,25412,0.5774,23541,0.5775,33890
1753617271391,11:54:31.391,mexc,A/USDT:USDT,0.5772,23012,0.5771,25412,0.5774,23541,0.5775,36089
1753617271640,11:54:31.640,mexc,A/USDT:USDT,0.5772,23012,0.5771,29523,0.5774,23541,0.5775,36089
1753617271888,11:54:31.888,mexc,A/USDT:USDT,0.5772,23012,0.5771,29523,0.5774,23541,0.5775,32297
1753617272140,11:54:32.140,mexc,A/USDT:USDT,0.5772,23012,0.5771,20047,0.5774,23541,0.5775,32297
1753617272393,11:54:32.393,mexc,A/USDT:USDT,0.5772,23012,0.5771,20047,0.5774,23541,0.5775,24681
1753617272640,11:54:32.640,mexc,A/USDT:USDT,0.5772,23012,0.5771,20047,0.5774,23541,0.5775,24681
1753617272892,11:54:32.892,mexc,A/USDT:USDT,0.5772,23012,0.5771,20047,0.5774,23541,0.5775,32664
1753617273139,11:54:33.139,mexc,A/USDT:USDT,0.5772,23012,0.5771,20047,0.5774,23541,0.5775,32664
1753617273394,11:54:33.394,mexc,A/USDT:USDT,0.5772,23012,0.5771,20047,0.5774,23541,0.5775,24681
1753617273640,11:54:33.640,mexc,A/USDT:USDT,0.5772,23012,0.5771,20047,0.5774,23541,0.5775,24681
1753617273893,11:54:33.893,mexc,A/USDT:USDT,0.5772,23012,0.5771,20047,0.5774,23541,0.5775,32511
1753617274140,11:54:34.140,mexc,A/USDT:USDT,0.5772,23012,0.5771,23190,0.5774,23541,0.5775,32511
1753617274396,11:54:34.396,mexc,A/USDT:USDT,0.5772,21018,0.5771,23691,0.5774,26953,0.5775,22677
1753617274798,11:54:34.798,mexc,A/USDT:USDT,0.5772,21018,0.5771,32233,0.5774,26953,0.5775,22677
1753617274895,11:54:34.895,mexc,A/USDT:USDT,0.5772,21018,0.5771,32233,0.5774,26953,0.5775,30767
1753617275140,11:54:35.140,mexc,A/USDT:USDT,0.5772,21018,0.5771,28835,0.5774,26953,0.5775,30767
1753617275394,11:54:35.394,mexc,A/USDT:USDT,0.5772,21018,0.5771,28835,0.5774,26953,0.5775,37076
1753617275640,11:54:35.640,mexc,A/USDT:USDT,0.5772,21018,0.5771,23691,0.5774,26953,0.5775,37076
1753617275896,11:54:35.896,mexc,A/USDT:USDT,0.5772,21018,0.5771,23691,0.5774,26953,0.5775,27180
1753617276141,11:54:36.141,mexc,A/USDT:USDT,0.5772,21018,0.5771,23691,0.5774,26953,0.5775,27180
1753617276393,11:54:36.393,mexc,A/USDT:USDT,0.5772,21018,0.5771,23691,0.5774,26953,0.5775,22677
1753617276640,11:54:36.640,mexc,A/USDT:USDT,0.5772,21018,0.5771,29735,0.5774,26953,0.5775,22677
1753617276894,11:54:36.894,mexc,A/USDT:USDT,0.5772,21018,0.5771,29735,0.5774,26953,0.5775,22677
1753617277141,11:54:37.141,mexc,A/USDT:USDT,0.5772,21018,0.5771,23691,0.5774,26953,0.5775,22677
1753617277394,11:54:37.394,mexc,A/USDT:USDT,0.5772,21018,0.5771,23691,0.5774,26953,0.5775,31983
1753617277642,11:54:37.642,mexc,A/USDT:USDT,0.5772,21018,0.5771,23691,0.5774,26953,0.5775,31983
1753617277893,11:54:37.893,mexc,A/USDT:USDT,0.5772,21018,0.5771,23691,0.5774,26953,0.5775,22677
1753617278142,11:54:38.142,mexc,A/USDT:USDT,0.5772,21018,0.5771,23691,0.5774,26953,0.5775,22677
1753617278394,11:54:38.394,mexc,A/USDT:USDT,0.5772,21018,0.5771,23691,0.5774,26953,0.5775,22677
1753617278643,11:54:38.643,mexc,A/USDT:USDT,0.5772,21018,0.5771,23691,0.5774,26953,0.5775,22677
1753617278895,11:54:38.895,mexc,A/USDT:USDT,0.5772,21018,0.5771,23691,0.5774,26953,0.5775,32075
1753617279142,11:54:39.142,mexc,A/USDT:USDT,0.5772,21018,0.5771,23691,0.5774,26953,0.5775,32075
1753617279395,11:54:39.395,mexc,A/USDT:USDT,0.5772,21018,0.5771,23691,0.5774,26953,0.5775,27925
1753617279643,11:54:39.643,mexc,A/USDT:USDT,0.5772,21018,0.5771,23691,0.5774,26953,0.5775,27925
1753617279894,11:54:39.894,mexc,A/USDT:USDT,0.5772,21018,0.5771,23691,0.5774,26953,0.5775,28050
1753617280143,11:54:40.143,mexc,A/USDT:USDT,0.5772,21018,0.5771,23691,0.5774,26953,0.5775,28050
1753617280395,11:54:40.395,mexc,A/USDT:USDT,0.5772,17899,0.5771,23421,0.5773,17431,0.5774,21325
1753617280802,11:54:40.802,mexc,A/USDT:USDT,0.5772,17899,0.5771,23421,0.5773,17431,0.5774,21325
1753617280897,11:54:40.897,mexc,A/USDT:USDT,0.5772,17899,0.5771,23421,0.5773,17431,0.5774,27689
1753617281143,11:54:41.143,mexc,A/USDT:USDT,0.5772,17899,0.5771,26329,0.5773,17431,0.5774,27689
1753617281396,11:54:41.396,mexc,A/USDT:USDT,0.5772,17899,0.5771,26329,0.5773,17431,0.5774,21325
1753617281643,11:54:41.643,mexc,A/USDT:USDT,0.5772,17899,0.5771,29766,0.5773,17431,0.5774,21325
1753617281895,11:54:41.895,mexc,A/USDT:USDT,0.5772,17899,0.5771,29766,0.5773,17431,0.5774,21325
1753617282144,11:54:42.144,mexc,A/USDT:USDT,0.5772,17899,0.5771,23421,0.5773,17431,0.5774,21325
1753617282397,11:54:42.397,mexc,A/USDT:USDT,0.5772,17899,0.5771,23421,0.5773,17431,0.5774,30700
1753617282643,11:54:42.643,mexc,A/USDT:USDT,0.5772,17899,0.5771,23421,0.5773,17431,0.5774,30700
1753617282900,11:54:42.900,mexc,A/USDT:USDT,0.5772,17899,0.5771,23421,0.5773,17431,0.5774,21325
1753617283144,11:54:43.144,mexc,A/USDT:USDT,0.5772,17899,0.5771,31123,0.5773,17431,0.5774,21325
1753617283396,11:54:43.396,mexc,A/USDT:USDT,0.5772,17899,0.5771,31123,0.5773,17431,0.5774,21325
1753617283645,11:54:43.645,mexc,A/USDT:USDT,0.5772,17899,0.5771,25827,0.5773,17431,0.5774,21325
1753617283896,11:54:43.896,mexc,A/USDT:USDT,0.5772,17899,0.5771,25827,0.5773,17431,0.5774,21325
1753617284145,11:54:44.145,mexc,A/USDT:USDT,0.5772,17899,0.5771,31753,0.5773,17431,0.5774,21325
1753617284396,11:54:44.396,mexc,A/USDT:USDT,0.5772,17899,0.5771,31753,0.5773,17431,0.5774,21325
1753617284646,11:54:44.646,mexc,A/USDT:USDT,0.5772,17899,0.5771,27936,0.5773,17431,0.5774,21325
1753617284899,11:54:44.899,mexc,A/USDT:USDT,0.5772,17899,0.5771,27936,0.5773,17431,0.5774,21325
1753617285145,11:54:45.145,mexc,A/USDT:USDT,0.5772,17899,0.5771,23421,0.5773,17431,0.5774,21325
1753617285397,11:54:45.397,mexc,A/USDT:USDT,0.5772,17899,0.5771,23421,0.5773,17431,0.5774,25431
1753617285647,11:54:45.647,mexc,A/USDT:USDT,0.5772,17899,0.5771,32276,0.5773,17431,0.5774,25431
1753617285900,11:54:45.900,mexc,A/USDT:USDT,0.5772,17899,0.5771,32276,0.5773,17431,0.5774,21325
1753617286147,11:54:46.147,mexc,A/USDT:USDT,0.5772,17899,0.5771,23421,0.5773,17431,0.5774,21325
1753617286398,11:54:46.398,mexc,A/USDT:USDT,0.5771,17457,0.577,23799,0.5773,20390,0.5774,24846
1753617286802,11:54:46.802,mexc,A/USDT:USDT,0.5771,17457,0.577,23799,0.5773,20390,0.5774,21781
1753617286899,11:54:46.899,mexc,A/USDT:USDT,0.5771,17457,0.577,23799,0.5773,20390,0.5774,21340
1753617287147,11:54:47.147,mexc,A/USDT:USDT,0.5771,17457,0.577,35154,0.5773,20390,0.5774,21340
1753617287399,11:54:47.399,mexc,A/USDT:USDT,0.5771,17457,0.577,35154,0.5773,20390,0.5774,18307
1753617287647,11:54:47.647,mexc,A/USDT:USDT,0.5771,17457,0.577,23799,0.5773,20390,0.5774,18307
1753617287901,11:54:47.901,mexc,A/USDT:USDT,0.5771,17457,0.577,23799,0.5773,20390,0.5774,18307
1753617288149,11:54:48.149,mexc,A/USDT:USDT,0.5771,17457,0.577,23799,0.5773,20390,0.5774,18307
1753617288399,11:54:48.399,mexc,A/USDT:USDT,0.5771,17457,0.577,23799,0.5773,20390,0.5774,18307
1753617288648,11:54:48.648,mexc,A/USDT:USDT,0.5771,17457,0.577,23799,0.5773,20390,0.5774,18307
1753617288900,11:54:48.900,mexc,A/USDT:USDT,0.5771,17457,0.577,23799,0.5773,20390,0.5774,22501
1753617289149,11:54:49.149,mexc,A/USDT:USDT,0.5771,17457,0.577,33498,0.5773,20390,0.5774,22501
1753617289402,11:54:49.402,mexc,A/USDT:USDT,0.5771,17457,0.577,33498,0.5773,20390,0.5774,23658
1753617289648,11:54:49.648,mexc,A/USDT:USDT,0.5771,17457,0.577,23799,0.5773,20390,0.5774,23658
1753617289901,11:54:49.901,mexc,A/USDT:USDT,0.5771,17457,0.577,23799,0.5773,20390,0.5774,24543
1753617290149,11:54:50.149,mexc,A/USDT:USDT,0.5771,17457,0.577,33565,0.5773,20390,0.5774,24543
1753617290404,11:54:50.404,mexc,A/USDT:USDT,0.5771,17457,0.577,33565,0.5773,20390,0.5774,18307
1753617290651,11:54:50.651,mexc,A/USDT:USDT,0.5771,17457,0.577,23799,0.5773,20390,0.5774,18307
1753617290900,11:54:50.900,mexc,A/USDT:USDT,0.5771,17457,0.577,23799,0.5773,20390,0.5774,24824
1753617291180,11:54:51.180,mexc,A/USDT:USDT,0.5771,17457,0.577,23799,0.5773,20390,0.5774,24824
1753617291402,11:54:51.402,mexc,A/USDT:USDT,0.5771,17457,0.577,23799,0.5773,20390,0.5774,25090
1753617291681,11:54:51.681,mexc,A/USDT:USDT,0.5771,17457,0.577,27497,0.5773,20390,0.5774,25090
1753617291805,11:54:51.805,mexc,A/USDT:USDT,0.5771,17457,0.577,27497,0.5773,20390,0.5774,18307
1753617292088,11:54:52.088,mexc,A/USDT:USDT,0.5771,17457,0.577,23799,0.5773,20390,0.5774,26048
1753617292284,11:54:52.284,mexc,A/USDT:USDT,0.5771,17457,0.577,23799,0.5773,23257,0.5774,24119
1753617292401,11:54:52.401,mexc,A/USDT:USDT,0.5771,26817,0.577,16381,0.5773,23257,0.5774,24119
1753617292804,11:54:52.804,mexc,A/USDT:USDT,0.5771,26817,0.577,18892,0.5773,23257,0.5774,24119
1753617292901,11:54:52.901,mexc,A/USDT:USDT,0.5771,26817,0.577,18892,0.5773,23257,0.5774,30345
1753617293271,11:54:53.271,mexc,A/USDT:USDT,0.5771,26817,0.577,22700,0.5773,23257,0.5774,30345
1753617293307,11:54:53.307,mexc,A/USDT:USDT,0.5771,26817,0.577,22700,0.5773,23257,0.5774,24119
1753617293585,11:54:53.585,mexc,A/USDT:USDT,0.5771,26817,0.577,16381,0.5773,23257,0.5774,24119
1753617293681,11:54:53.681,mexc,A/USDT:USDT,0.5771,26817,0.577,28828,0.5773,23257,0.5774,24119
1753617293978,11:54:53.978,mexc,A/USDT:USDT,0.5771,26817,0.577,28828,0.5773,23257,0.5774,24119
1753617294183,11:54:54.183,mexc,A/USDT:USDT,0.5771,26817,0.577,16381,0.5773,23257,0.5774,24119
1753617294480,11:54:54.480,mexc,A/USDT:USDT,0.5771,26817,0.577,16381,0.5773,23257,0.5774,24119
1753617294683,11:54:54.683,mexc,A/USDT:USDT,0.5771,26817,0.577,16381,0.5773,23257,0.5774,24119
1753617294982,11:54:54.982,mexc,A/USDT:USDT,0.5771,26817,0.577,16381,0.5773,23257,0.5774,24119
1753617295182,11:54:55.182,mexc,A/USDT:USDT,0.5771,26817,0.577,21203,0.5773,23257,0.5774,24119
1753617295480,11:54:55.480,mexc,A/USDT:USDT,0.5771,26817,0.577,21203,0.5773,23257,0.5774,26953
1753617295688,11:54:55.688,mexc,A/USDT:USDT,0.5771,26817,0.577,22878,0.5773,23257,0.5774,26953
1753617295981,11:54:55.981,mexc,A/USDT:USDT,0.5771,26817,0.577,22878,0.5773,23257,0.5774,24119
1753617296184,11:54:56.184,mexc,A/USDT:USDT,0.5771,26817,0.577,19041,0.5773,23257,0.5774,24119
1753617296483,11:54:56.483,mexc,A/USDT:USDT,0.5771,26817,0.577,19041,0.5773,23257,0.5774,24119
1753617296685,11:54:56.685,mexc,A/USDT:USDT,0.5771,26817,0.577,16381,0.5773,23257,0.5774,24119
1753617296983,11:54:56.983,mexc,A/USDT:USDT,0.5771,26817,0.577,16381,0.5773,23257,0.5774,35508
1753617297267,11:54:57.267,mexc,A/USDT:USDT,0.5771,26817,0.577,21812,0.5773,23257,0.5774,35508
1753617297484,11:54:57.484,mexc,A/USDT:USDT,0.5771,26817,0.577,21812,0.5773,23257,0.5774,34712
1753617297687,11:54:57.687,mexc,A/USDT:USDT,0.5771,26817,0.577,16381,0.5773,23257,0.5774,34712
1753617297983,11:54:57.983,mexc,A/USDT:USDT,0.5771,26817,0.577,16381,0.5773,23257,0.5774,35779
1753617298186,11:54:58.186,mexc,A/USDT:USDT,0.5771,26817,0.577,19646,0.5773,23257,0.5774,35779
1753617298485,11:54:58.485,mexc,A/USDT:USDT,0.5772,14899,0.5771,26268,0.5773,17828,0.5774,32655
1753617298686,11:54:58.686,mexc,A/USDT:USDT,0.5772,14899,0.5771,26268,0.5773,17828,0.5774,32655
1753617298986,11:54:58.986,mexc,A/USDT:USDT,0.5772,14899,0.5771,26268,0.5773,17828,0.5774,25675
1753617299286,11:54:59.286,mexc,A/USDT:USDT,0.5772,14899,0.5771,26268,0.5773,17828,0.5774,25675
1753617299487,11:54:59.487,mexc,A/USDT:USDT,0.5772,14899,0.5771,26268,0.5773,17828,0.5774,31417
1753617299688,11:54:59.688,mexc,A/USDT:USDT,0.5772,14899,0.5771,26268,0.5773,17828,0.5774,31417
1753617299983,11:54:59.983,mexc,A/USDT:USDT,0.5772,14899,0.5771,26268,0.5773,17828,0.5774,33246
1753617300188,11:55:00.188,mexc,A/USDT:USDT,0.5772,14899,0.5771,26268,0.5773,17828,0.5774,33246
1753617300591,11:55:00.591,mexc,A/USDT:USDT,0.5772,14899,0.5771,26268,0.5773,17828,0.5774,25675
1753617300697,11:55:00.697,mexc,A/USDT:USDT,0.5772,14899,0.5771,35793,0.5773,17828,0.5774,25675
1753617300983,11:55:00.983,mexc,A/USDT:USDT,0.5772,14899,0.5771,35793,0.5773,17828,0.5774,25675
1753617301189,11:55:01.189,mexc,A/USDT:USDT,0.5772,14899,0.5771,26268,0.5773,17828,0.5774,25675
1753617301486,11:55:01.486,mexc,A/USDT:USDT,0.5772,14899,0.5771,26268,0.5773,17828,0.5774,25675
1753617301689,11:55:01.689,mexc,A/USDT:USDT,0.5772,14899,0.5771,26268,0.5773,17828,0.5774,25675
1753617301983,11:55:01.983,mexc,A/USDT:USDT,0.5772,14899,0.5771,26268,0.5773,17828,0.5774,25675
1753617302188,11:55:02.188,mexc,A/USDT:USDT,0.5772,14899,0.5771,26268,0.5773,17828,0.5774,25675
1753617302483,11:55:02.483,mexc,A/USDT:USDT,0.5772,14899,0.5771,26268,0.5773,17828,0.5774,25675
1753617302688,11:55:02.688,mexc,A/USDT:USDT,0.5772,14899,0.5771,26268,0.5773,17828,0.5774,25675
1753617302993,11:55:02.993,mexc,A/USDT:USDT,0.5772,14899,0.5771,26268,0.5773,17828,0.5774,25675
1753617303190,11:55:03.190,mexc,A/USDT:USDT,0.5772,14899,0.5771,46074,0.5773,17828,0.5774,25675
1753617303389,11:55:03.389,mexc,A/USDT:USDT,0.5772,14899,0.5771,46074,0.5773,17828,0.5774,25675
1753617303595,11:55:03.595,mexc,A/USDT:USDT,0.5772,14899,0.5771,26268,0.5773,17828,0.5774,35176
1753617303888,11:55:03.888,mexc,A/USDT:USDT,0.5772,14899,0.5771,38661,0.5773,17828,0.5774,35176
1753617303988,11:55:03.988,mexc,A/USDT:USDT,0.5772,14899,0.5771,38661,0.5773,17828,0.5774,37818
1753617304290,11:55:04.290,mexc,A/USDT:USDT,0.5772,14899,0.5771,37951,0.5773,32403,0.5774,56706
1753617304489,11:55:04.489,mexc,A/USDT:USDT,0.5772,19999,0.5771,15924,0.5773,14575,0.5774,23553
1753617304690,11:55:04.690,mexc,A/USDT:USDT,0.5772,19999,0.5771,15924,0.5773,14575,0.5774,23553
1753617304890,11:55:04.890,mexc,A/USDT:USDT,0.5772,19999,0.5771,15924,0.5773,14575,0.5774,18888
1753617304988,11:55:04.988,mexc,A/USDT:USDT,0.5772,19999,0.5771,15924,0.5773,14575,0.5774,18888
1753617305287,11:55:05.287,mexc,A/USDT:USDT,0.5772,19999,0.5771,18835,0.5773,14575,0.5774,18888
1753617305486,11:55:05.486,mexc,A/USDT:USDT,0.5772,19999,0.5771,18835,0.5773,14575,0.5774,27723
1753617305691,11:55:05.691,mexc,A/USDT:USDT,0.5772,19999,0.5771,15924,0.5773,14575,0.5774,27723
1753617305987,11:55:05.987,mexc,A/USDT:USDT,0.5772,19999,0.5771,15924,0.5773,14575,0.5774,18888
1753617306191,11:55:06.191,mexc,A/USDT:USDT,0.5772,19999,0.5771,15924,0.5773,14575,0.5774,18888
1753617306485,11:55:06.485,mexc,A/USDT:USDT,0.5772,19999,0.5771,15924,0.5773,14575,0.5774,18888
1753617306691,11:55:06.691,mexc,A/USDT:USDT,0.5772,19999,0.5771,15924,0.5773,14575,0.5774,18888
1753617306990,11:55:06.990,mexc,A/USDT:USDT,0.5772,19999,0.5771,15924,0.5773,14575,0.5774,18888
1753617307191,11:55:07.191,mexc,A/USDT:USDT,0.5772,19999,0.5771,15924,0.5773,14575,0.5774,18888
1753617307489,11:55:07.489,mexc,A/USDT:USDT,0.5772,19999,0.5771,15924,0.5773,14575,0.5774,23160
1753617307692,11:55:07.692,mexc,A/USDT:USDT,0.5772,19999,0.5771,19537,0.5773,14575,0.5774,23160
1753617307988,11:55:07.988,mexc,A/USDT:USDT,0.5772,19999,0.5771,19537,0.5773,14575,0.5774,18888
1753617308192,11:55:08.192,mexc,A/USDT:USDT,0.5772,19999,0.5771,15924,0.5773,14575,0.5774,18888
1753617308490,11:55:08.490,mexc,A/USDT:USDT,0.5772,19999,0.5771,15924,0.5773,14575,0.5774,20788
1753617308692,11:55:08.692,mexc,A/USDT:USDT,0.5772,19999,0.5771,15924,0.5773,14575,0.5774,20788
1753617308989,11:55:08.989,mexc,A/USDT:USDT,0.5772,19999,0.5771,15924,0.5773,14575,0.5774,18888
1753617309281,11:55:09.281,mexc,A/USDT:USDT,0.5772,19999,0.5771,15924,0.5773,14575,0.5774,18888
1753617309488,11:55:09.488,mexc,A/USDT:USDT,0.5772,19999,0.5771,15924,0.5773,14575,0.5774,18888
1753617309692,11:55:09.692,mexc,A/USDT:USDT,0.5772,19999,0.5771,18451,0.5773,14575,0.5774,18888
1753617309990,11:55:09.990,mexc,A/USDT:USDT,0.5772,19999,0.5771,18451,0.5773,14575,0.5774,23376
1753617310297,11:55:10.297,mexc,A/USDT:USDT,0.5772,35519,0.5771,15924,0.5773,17569,0.5774,15394
1753617310488,11:55:10.488,mexc,A/USDT:USDT,0.5772,15520,0.5771,19254,0.5773,17569,0.5774,17886
1753617310891,11:55:10.891,mexc,A/USDT:USDT,0.5772,15520,0.5771,22288,0.5773,17569,0.5774,17886
1753617310989,11:55:10.989,mexc,A/USDT:USDT,0.5772,15520,0.5771,22288,0.5773,17569,0.5774,15394
1753617311290,11:55:11.290,mexc,A/USDT:USDT,0.5772,15520,0.5771,23217,0.5773,17569,0.5774,15394
1753617311488,11:55:11.488,mexc,A/USDT:USDT,0.5772,15520,0.5771,23217,0.5773,17569,0.5774,15394
1753617311695,11:55:11.695,mexc,A/USDT:USDT,0.5772,15520,0.5771,19254,0.5773,17569,0.5774,15394
1753617311987,11:55:11.987,mexc,A/USDT:USDT,0.5772,15520,0.5771,19254,0.5773,17569,0.5774,15394
1753617312196,11:55:12.196,mexc,A/USDT:USDT,0.5772,15520,0.5771,19254,0.5773,17569,0.5774,15394
1753617312488,11:55:12.488,mexc,A/USDT:USDT,0.5772,15520,0.5771,19254,0.5773,17569,0.5774,22437
1753617312696,11:55:12.696,mexc,A/USDT:USDT,0.5772,15520,0.5771,26454,0.5773,17569,0.5774,22437
1753617312989,11:55:12.989,mexc,A/USDT:USDT,0.5772,15520,0.5771,26454,0.5773,17569,0.5774,15394
1753617313196,11:55:13.196,mexc,A/USDT:USDT,0.5772,15520,0.5771,21829,0.5773,17569,0.5774,15394
1753617313490,11:55:13.490,mexc,A/USDT:USDT,0.5772,15520,0.5771,21829,0.5773,17569,0.5774,15394
1753617313698,11:55:13.698,mexc,A/USDT:USDT,0.5772,15520,0.5771,19254,0.5773,17569,0.5774,15394
1753617313991,11:55:13.991,mexc,A/USDT:USDT,0.5772,15520,0.5771,19254,0.5773,17569,0.5774,21929
1753617314196,11:55:14.196,mexc,A/USDT:USDT,0.5772,15520,0.5771,21332,0.5773,17569,0.5774,21929
1753617314493,11:55:14.493,mexc,A/USDT:USDT,0.5772,15520,0.5771,21332,0.5773,17569,0.5774,18586
1753617314696,11:55:14.696,mexc,A/USDT:USDT,0.5772,15520,0.5771,19254,0.5773,17569,0.5774,18586
1753617314992,11:55:14.992,mexc,A/USDT:USDT,0.5772,15520,0.5771,19254,0.5773,17569,0.5774,15394
1753617315198,11:55:15.198,mexc,A/USDT:USDT,0.5772,15520,0.5771,19254,0.5773,17569,0.5774,15394
1753617315493,11:55:15.493,mexc,A/USDT:USDT,0.5772,15520,0.5771,19254,0.5773,17569,0.5774,15394
1753617315698,11:55:15.698,mexc,A/USDT:USDT,0.5772,15520,0.5771,26731,0.5773,17569,0.5774,15394
1753617315994,11:55:15.994,mexc,A/USDT:USDT,0.5772,15520,0.5771,26731,0.5773,17569,0.5774,15394
1753617316297,11:55:16.297,mexc,A/USDT:USDT,0.5772,15520,0.5771,23119,0.5773,17569,0.5774,15394
1753617316375,11:55:16.375,mexc,A/USDT:USDT,0.577,26205,0.5769,15206,0.5772,25805,0.5773,23714
1753617316699,11:55:16.699,mexc,A/USDT:USDT,0.577,26205,0.5769,15206,0.5772,25805,0.5773,23714
1753617316895,11:55:16.895,mexc,A/USDT:USDT,0.577,26205,0.5769,19388,0.5772,25805,0.5773,23714
1753617317101,11:55:17.101,mexc,A/USDT:USDT,0.577,26205,0.5769,19388,0.5772,25805,0.5773,35524
1753617317201,11:55:17.201,mexc,A/USDT:USDT,0.577,26205,0.5769,15206,0.5772,25805,0.5773,35524
1753617317494,11:55:17.494,mexc,A/USDT:USDT,0.577,26205,0.5769,15206,0.5772,25805,0.5773,33024
1753617317699,11:55:17.699,mexc,A/USDT:USDT,0.577,26205,0.5769,19522,0.5772,25805,0.5773,33024
1753617317993,11:55:17.993,mexc,A/USDT:USDT,0.577,26205,0.5769,19522,0.5772,25805,0.5773,34733
1753617318200,11:55:18.200,mexc,A/USDT:USDT,0.577,26205,0.5769,15206,0.5772,25805,0.5773,34733
1753617318495,11:55:18.495,mexc,A/USDT:USDT,0.577,26205,0.5769,15206,0.5772,25805,0.5773,23714
1753617318699,11:55:18.699,mexc,A/USDT:USDT,0.577,26205,0.5769,17857,0.5772,25805,0.5773,23714
1753617318992,11:55:18.992,mexc,A/USDT:USDT,0.577,26205,0.5769,17857,0.5772,25805,0.5773,23714
1753617319199,11:55:19.199,mexc,A/USDT:USDT,0.577,26205,0.5769,21358,0.5772,25805,0.5773,23714
1753617319495,11:55:19.495,mexc,A/USDT:USDT,0.577,26205,0.5769,21358,0.5772,25805,0.5773,28419
1753617319700,11:55:19.700,mexc,A/USDT:USDT,0.577,26205,0.5769,21172,0.5772,25805,0.5773,28419
1753617319993,11:55:19.993,mexc,A/USDT:USDT,0.577,26205,0.5769,21172,0.5772,25805,0.5773,23714
1753617320199,11:55:20.199,mexc,A/USDT:USDT,0.577,26205,0.5769,15206,0.5772,25805,0.5773,23714
1753617320532,11:55:20.532,mexc,A/USDT:USDT,0.577,26205,0.5769,15206,0.5772,25805,0.5773,23714
1753617320700,11:55:20.700,mexc,A/USDT:USDT,0.577,26205,0.5769,18599,0.5772,25805,0.5773,23714
1753617320993,11:55:20.993,mexc,A/USDT:USDT,0.5767,14602,0.5766,15978,0.5769,20885,0.577,24241
1753617320993,11:55:20.993,mexc,A/USDT:USDT,0.5767,14602,0.5766,15978,0.5769,20885,0.577,24241
1753617321397,11:55:21.397,mexc,A/USDT:USDT,0.5767,14602,0.5766,15978,0.5769,20885,0.577,24241
1753617321495,11:55:21.495,mexc,A/USDT:USDT,0.5767,14602,0.5766,15978,0.5769,20885,0.577,29591
1753617321701,11:55:21.701,mexc,A/USDT:USDT,0.5767,14602,0.5766,23333,0.5769,20885,0.577,29591
1753617321993,11:55:21.993,mexc,A/USDT:USDT,0.5767,14602,0.5766,23333,0.5769,20885,0.577,24241
1753617322199,11:55:22.199,mexc,A/USDT:USDT,0.5767,14602,0.5766,15978,0.5769,20885,0.577,24241
1753617322494,11:55:22.494,mexc,A/USDT:USDT,0.5767,14602,0.5766,15978,0.5769,20885,0.577,32018
1753617322700,11:55:22.700,mexc,A/USDT:USDT,0.5767,14602,0.5766,19976,0.5769,20885,0.577,32018
1753617322994,11:55:22.994,mexc,A/USDT:USDT,0.5767,14602,0.5766,19976,0.5769,20885,0.577,24241
1753617323200,11:55:23.200,mexc,A/USDT:USDT,0.5767,14602,0.5766,24557,0.5769,20885,0.577,24241
1753617323494,11:55:23.494,mexc,A/USDT:USDT,0.5767,14602,0.5766,24557,0.5769,20885,0.577,31042
1753617323701,11:55:23.701,mexc,A/USDT:USDT,0.5767,14602,0.5766,31801,0.5769,20885,0.577,31042
1753617323994,11:55:23.994,mexc,A/USDT:USDT,0.5767,14602,0.5766,31801,0.5769,20885,0.577,24241
1753617324201,11:55:24.201,mexc,A/USDT:USDT,0.5767,14602,0.5766,15978,0.5769,20885,0.577,24241
1753617324497,11:55:24.497,mexc,A/USDT:USDT,0.5767,14602,0.5766,15978,0.5769,20885,0.577,24241
1753617324701,11:55:24.701,mexc,A/USDT:USDT,0.5767,14602,0.5766,24550,0.5769,20885,0.577,24241
1753617324993,11:55:24.993,mexc,A/USDT:USDT,0.5767,14602,0.5766,24550,0.5769,20885,0.577,24241
1753617325200,11:55:25.200,mexc,A/USDT:USDT,0.5767,14602,0.5766,15978,0.5769,20885,0.577,24241
1753617325495,11:55:25.495,mexc,A/USDT:USDT,0.5767,14602,0.5766,15978,0.5769,20885,0.577,24241
1753617325701,11:55:25.701,mexc,A/USDT:USDT,0.5767,14602,0.5766,23018,0.5769,20885,0.577,24241
1753617325992,11:55:25.992,mexc,A/USDT:USDT,0.5767,14602,0.5766,23018,0.5769,20885,0.577,24241
1753617326296,11:55:26.296,mexc,A/USDT:USDT,0.5767,14602,0.5766,15978,0.5768,25836,0.5769,20885
1753617326495,11:55:26.495,mexc,A/USDT:USDT,0.5767,20934,0.5766,15976,0.5768,25836,0.5769,19742
1753617326703,11:55:26.703,mexc,A/USDT:USDT,0.5767,20934,0.5766,15976,0.5768,25836,0.5769,19742
1753617326899,11:55:26.899,mexc,A/USDT:USDT,0.5767,20934,0.5766,15976,0.5768,25836,0.5769,17051
1753617327107,11:55:27.107,mexc,A/USDT:USDT,0.5767,20934,0.5766,15976,0.5768,25836,0.5769,17051
1753617327201,11:55:27.201,mexc,A/USDT:USDT,0.5767,20934,0.5766,15976,0.5768,25836,0.5769,17051
1753617327496,11:55:27.496,mexc,A/USDT:USDT,0.5767,20934,0.5766,15976,0.5768,25836,0.5769,17051
1753617327704,11:55:27.704,mexc,A/USDT:USDT,0.5767,20934,0.5766,15976,0.5768,25836,0.5769,17051
1753617327994,11:55:27.994,mexc,A/USDT:USDT,0.5767,20934,0.5766,15976,0.5768,25836,0.5769,23127
1753617328202,11:55:28.202,mexc,A/USDT:USDT,0.5767,20934,0.5766,15976,0.5768,25836,0.5769,23127
1753617328496,11:55:28.496,mexc,A/USDT:USDT,0.5767,20934,0.5766,15976,0.5768,25836,0.5769,17051
1753617328703,11:55:28.703,mexc,A/USDT:USDT,0.5767,20934,0.5766,20641,0.5768,25836,0.5769,17051
1753617328996,11:55:28.996,mexc,A/USDT:USDT,0.5767,20934,0.5766,20641,0.5768,25836,0.5769,17051
1753617329202,11:55:29.202,mexc,A/USDT:USDT,0.5767,20934,0.5766,15976,0.5768,25836,0.5769,17051
1753617329496,11:55:29.496,mexc,A/USDT:USDT,0.5767,20934,0.5766,15976,0.5768,25836,0.5769,17051
1753617329703,11:55:29.703,mexc,A/USDT:USDT,0.5767,20934,0.5766,15976,0.5768,25836,0.5769,17051
1753617329996,11:55:29.996,mexc,A/USDT:USDT,0.5767,20934,0.5766,15976,0.5768,25836,0.5769,17051
1753617330202,11:55:30.202,mexc,A/USDT:USDT,0.5767,20934,0.5766,15976,0.5768,25836,0.5769,17051
1753617330496,11:55:30.496,mexc,A/USDT:USDT,0.5767,20934,0.5766,15976,0.5768,25836,0.5769,17051
1753617330702,11:55:30.702,mexc,A/USDT:USDT,0.5767,20934,0.5766,15976,0.5768,25836,0.5769,17051
1753617330996,11:55:30.996,mexc,A/USDT:USDT,0.5767,20934,0.5766,15976,0.5768,25836,0.5769,17051
1753617331203,11:55:31.203,mexc,A/USDT:USDT,0.5767,20934,0.5766,22985,0.5768,25836,0.5769,17051
1753617331496,11:55:31.496,mexc,A/USDT:USDT,0.5767,20934,0.5766,22985,0.5768,25836,0.5769,21013
1753617331703,11:55:31.703,mexc,A/USDT:USDT,0.5767,20934,0.5766,21744,0.5768,25836,0.5769,21013
1753617331998,11:55:31.998,mexc,A/USDT:USDT,0.5767,20934,0.5766,21744,0.5768,25836,0.5769,22658
1753617332298,11:55:32.298,mexc,A/USDT:USDT,0.5767,20934,0.5766,23113,0.5768,47443,0.5769,22658
1753617332497,11:55:32.497,mexc,A/USDT:USDT,0.5767,26362,0.5766,25887,0.5768,21607,0.5769,27918
1753617332704,11:55:32.704,mexc,A/USDT:USDT,0.5767,26362,0.5766,25887,0.5768,21607,0.5769,27918
1753617332900,11:55:32.900,mexc,A/USDT:USDT,0.5767,26362,0.5766,25887,0.5768,21607,0.5769,23725
1753617333106,11:55:33.106,mexc,A/USDT:USDT,0.5767,26362,0.5766,25887,0.5768,21607,0.5769,27783
1753617333203,11:55:33.203,mexc,A/USDT:USDT,0.5767,26362,0.5766,25887,0.5768,21607,0.5769,27783
1753617333498,11:55:33.498,mexc,A/USDT:USDT,0.5767,26362,0.5766,25887,0.5768,21607,0.5769,23725
1753617333704,11:55:33.704,mexc,A/USDT:USDT,0.5767,26362,0.5766,25887,0.5768,21607,0.5769,23725
1753617333998,11:55:33.998,mexc,A/USDT:USDT,0.5767,26362,0.5766,25887,0.5768,21607,0.5769,23725
1753617334203,11:55:34.203,mexc,A/USDT:USDT,0.5767,26362,0.5766,43428,0.5768,21607,0.5769,23725
1753617334498,11:55:34.498,mexc,A/USDT:USDT,0.5767,26362,0.5766,43428,0.5768,21607,0.5769,23725
1753617334704,11:55:34.704,mexc,A/USDT:USDT,0.5767,26362,0.5766,35686,0.5768,21607,0.5769,23725
1753617334998,11:55:34.998,mexc,A/USDT:USDT,0.5767,26362,0.5766,35686,0.5768,21607,0.5769,23725
1753617335204,11:55:35.204,mexc,A/USDT:USDT,0.5767,26362,0.5766,25887,0.5768,21607,0.5769,23725
1753617335499,11:55:35.499,mexc,A/USDT:USDT,0.5767,26362,0.5766,25887,0.5768,21607,0.5769,29709
1753617335705,11:55:35.705,mexc,A/USDT:USDT,0.5767,26362,0.5766,25887,0.5768,21607,0.5769,29709
1753617335997,11:55:35.997,mexc,A/USDT:USDT,0.5767,26362,0.5766,25887,0.5768,21607,0.5769,23725
1753617336206,11:55:36.206,mexc,A/USDT:USDT,0.5767,26362,0.5766,25887,0.5768,21607,0.5769,23725
1753617336502,11:55:36.502,mexc,A/USDT:USDT,0.5767,26362,0.5766,25887,0.5768,21607,0.5769,23725
1753617336706,11:55:36.706,mexc,A/USDT:USDT,0.5767,26362,0.5766,25887,0.5768,21607,0.5769,23725
1753617336999,11:55:36.999,mexc,A/USDT:USDT,0.5767,26362,0.5766,25887,0.5768,21607,0.5769,23725
1753617337109,11:55:37.109,mexc,A/USDT:USDT,0.5767,26362,0.5766,25887,0.5768,21607,0.5769,32354
1753617337402,11:55:37.402,mexc,A/USDT:USDT,0.5767,26362,0.5766,36267,0.5768,21607,0.5769,32354
1753617337500,11:55:37.500,mexc,A/USDT:USDT,0.5767,26362,0.5766,36267,0.5768,21607,0.5769,23725
1753617337706,11:55:37.706,mexc,A/USDT:USDT,0.5767,26362,0.5766,38316,0.5768,21607,0.5769,23725
1753617338001,11:55:38.001,mexc,A/USDT:USDT,0.5767,26362,0.5766,38316,0.5768,21607,0.5769,33818
1753617338300,11:55:38.300,mexc,A/USDT:USDT,0.5767,26362,0.5766,32325,0.5768,40188,0.5769,56976
1753617338361,11:55:38.361,mexc,A/USDT:USDT,0.5767,19659,0.5766,26371,0.5768,18581,0.5769,23158
1753617338502,11:55:38.502,mexc,A/USDT:USDT,0.5767,19659,0.5766,26371,0.5768,18581,0.5769,23158
1753617338903,11:55:38.903,mexc,A/USDT:USDT,0.5767,19659,0.5766,29241,0.5768,18581,0.5769,23158
1753617338999,11:55:38.999,mexc,A/USDT:USDT,0.5767,19659,0.5766,29241,0.5768,18581,0.5769,23158
1753617339207,11:55:39.207,mexc,A/USDT:USDT,0.5767,19659,0.5766,26371,0.5768,18581,0.5769,23158
1753617339500,11:55:39.500,mexc,A/USDT:USDT,0.5767,19659,0.5766,26371,0.5768,18581,0.5769,25881
1753617339708,11:55:39.708,mexc,A/USDT:USDT,0.5767,19659,0.5766,26371,0.5768,18581,0.5769,25881
1753617340001,11:55:40.001,mexc,A/USDT:USDT,0.5767,19659,0.5766,26371,0.5768,18581,0.5769,23158
1753617340209,11:55:40.209,mexc,A/USDT:USDT,0.5767,19659,0.5766,26371,0.5768,18581,0.5769,23158
1753617340503,11:55:40.503,mexc,A/USDT:USDT,0.5767,19659,0.5766,26371,0.5768,18581,0.5769,33143
1753617340707,11:55:40.707,mexc,A/USDT:USDT,0.5767,19659,0.5766,35131,0.5768,18581,0.5769,33143
1753617341001,11:55:41.001,mexc,A/USDT:USDT,0.5767,19659,0.5766,35131,0.5768,18581,0.5769,33361
1753617341207,11:55:41.207,mexc,A/USDT:USDT,0.5767,19659,0.5766,26371,0.5768,18581,0.5769,33361
1753617341502,11:55:41.502,mexc,A/USDT:USDT,0.5767,19659,0.5766,26371,0.5768,18581,0.5769,29878
1753617341708,11:55:41.708,mexc,A/USDT:USDT,0.5767,19659,0.5766,26371,0.5768,18581,0.5769,29878
1753617342001,11:55:42.001,mexc,A/USDT:USDT,0.5767,19659,0.5766,26371,0.5768,18581,0.5769,23158
1753617342209,11:55:42.209,mexc,A/USDT:USDT,0.5767,19659,0.5766,36686,0.5768,18581,0.5769,23158
1753617342502,11:55:42.502,mexc,A/USDT:USDT,0.5767,19659,0.5766,36686,0.5768,18581,0.5769,23158
1753617342708,11:55:42.708,mexc,A/USDT:USDT,0.5767,19659,0.5766,37241,0.5768,18581,0.5769,23158
1753617343004,11:55:43.004,mexc,A/USDT:USDT,0.5767,19659,0.5766,37241,0.5768,18581,0.5769,23158
1753617343210,11:55:43.210,mexc,A/USDT:USDT,0.5767,19659,0.5766,26371,0.5768,18581,0.5769,23158
1753617343504,11:55:43.504,mexc,A/USDT:USDT,0.5767,19659,0.5766,26371,0.5768,18581,0.5769,27097
1753617343710,11:55:43.710,mexc,A/USDT:USDT,0.5767,19659,0.5766,30348,0.5768,18581,0.5769,27097
1753617344003,11:55:44.003,mexc,A/USDT:USDT,0.5767,19659,0.5766,30348,0.5768,18581,0.5769,33684
1753617344305,11:55:44.305,mexc,A/USDT:USDT,0.5767,19659,0.5766,53837,0.5768,18581,0.5769,33684
1753617344364,11:55:44.364,mexc,A/USDT:USDT,0.5766,18403,0.5765,19974,0.5767,24750,0.5768,26093
1753617344505,11:55:44.505,mexc,A/USDT:USDT,0.5766,18403,0.5765,19974,0.5767,24750,0.5768,26093
1753617344907,11:55:44.907,mexc,A/USDT:USDT,0.5766,18403,0.5765,27853,0.5767,24750,0.5768,26093
1753617345005,11:55:45.005,mexc,A/USDT:USDT,0.5766,18403,0.5765,27853,0.5767,24750,0.5768,30541
1753617345209,11:55:45.209,mexc,A/USDT:USDT,0.5766,18403,0.5765,29332,0.5767,24750,0.5768,30541
1753617345505,11:55:45.505,mexc,A/USDT:USDT,0.5766,18403,0.5765,29332,0.5767,24750,0.5768,26093
1753617345711,11:55:45.711,mexc,A/USDT:USDT,0.5766,18403,0.5765,27637,0.5767,24750,0.5768,26093
1753617346005,11:55:46.005,mexc,A/USDT:USDT,0.5766,18403,0.5765,27637,0.5767,24750,0.5768,35186
1753617346212,11:55:46.212,mexc,A/USDT:USDT,0.5766,18403,0.5765,19974,0.5767,24750,0.5768,35186
1753617346503,11:55:46.503,mexc,A/USDT:USDT,0.5766,18403,0.5765,19974,0.5767,24750,0.5768,26093
1753617346711,11:55:46.711,mexc,A/USDT:USDT,0.5766,18403,0.5765,19974,0.5767,24750,0.5768,26093
1753617347006,11:55:47.006,mexc,A/USDT:USDT,0.5766,18403,0.5765,19974,0.5767,24750,0.5768,26093
1753617347212,11:55:47.212,mexc,A/USDT:USDT,0.5766,18403,0.5765,24815,0.5767,24750,0.5768,26093
1753617347505,11:55:47.505,mexc,A/USDT:USDT,0.5766,18403,0.5765,24815,0.5767,24750,0.5768,35839
1753617347712,11:55:47.712,mexc,A/USDT:USDT,0.5766,18403,0.5765,23079,0.5767,24750,0.5768,35839
1753617348006,11:55:48.006,mexc,A/USDT:USDT,0.5766,18403,0.5765,23079,0.5767,24750,0.5768,26093
1753617348213,11:55:48.213,mexc,A/USDT:USDT,0.5766,18403,0.5765,19974,0.5767,24750,0.5768,26093
1753617348504,11:55:48.504,mexc,A/USDT:USDT,0.5766,18403,0.5765,19974,0.5767,24750,0.5768,26093
1753617348713,11:55:48.713,mexc,A/USDT:USDT,0.5766,18403,0.5765,19974,0.5767,24750,0.5768,26093
1753617349006,11:55:49.006,mexc,A/USDT:USDT,0.5766,18403,0.5765,19974,0.5767,24750,0.5768,26093
1753617349213,11:55:49.213,mexc,A/USDT:USDT,0.5766,18403,0.5765,28628,0.5767,24750,0.5768,26093
1753617349508,11:55:49.508,mexc,A/USDT:USDT,0.5766,18403,0.5765,28628,0.5767,24750,0.5768,33074
1753617349714,11:55:49.714,mexc,A/USDT:USDT,0.5766,18403,0.5765,19974,0.5767,24750,0.5768,33074
1753617350005,11:55:50.005,mexc,A/USDT:USDT,0.5766,18403,0.5765,19974,0.5767,24750,0.5768,31321
1753617350311,11:55:50.311,mexc,A/USDT:USDT,0.5766,38919,0.5765,24877,0.5768,26820,0.5769,16160
1753617350508,11:55:50.508,mexc,A/USDT:USDT,0.5766,20516,0.5765,20049,0.5768,26820,0.5769,16160
1753617350716,11:55:50.716,mexc,A/USDT:USDT,0.5766,20516,0.5765,20049,0.5768,26820,0.5769,16160
1753617350909,11:55:50.909,mexc,A/USDT:USDT,0.5766,20516,0.5765,20049,0.5768,26820,0.5769,16160
1753617351118,11:55:51.118,mexc,A/USDT:USDT,0.5766,20516,0.5765,20049,0.5768,26820,0.5769,16160
1753617351214,11:55:51.214,mexc,A/USDT:USDT,0.5766,20516,0.5765,24166,0.5768,26820,0.5769,16160
1753617351510,11:55:51.510,mexc,A/USDT:USDT,0.5766,20516,0.5765,24166,0.5768,26820,0.5769,16160
1753617351717,11:55:51.717,mexc,A/USDT:USDT,0.5766,20516,0.5765,20049,0.5768,26820,0.5769,16160
1753617352010,11:55:52.010,mexc,A/USDT:USDT,0.5766,20516,0.5765,20049,0.5768,26820,0.5769,16160
1753617352218,11:55:52.218,mexc,A/USDT:USDT,0.5766,20516,0.5765,25348,0.5768,26820,0.5769,16160
1753617352509,11:55:52.509,mexc,A/USDT:USDT,0.5766,20516,0.5765,25348,0.5768,26820,0.5769,16160
1753617352716,11:55:52.716,mexc,A/USDT:USDT,0.5766,20516,0.5765,20049,0.5768,26820,0.5769,16160
1753617353010,11:55:53.010,mexc,A/USDT:USDT,0.5766,20516,0.5765,20049,0.5768,26820,0.5769,21111
1753617353217,11:55:53.217,mexc,A/USDT:USDT,0.5766,20516,0.5765,28446,0.5768,26820,0.5769,21111
1753617353511,11:55:53.511,mexc,A/USDT:USDT,0.5766,20516,0.5765,28446,0.5768,26820,0.5769,16160
1753617353717,11:55:53.717,mexc,A/USDT:USDT,0.5766,20516,0.5765,20049,0.5768,26820,0.5769,16160
1753617354012,11:55:54.012,mexc,A/USDT:USDT,0.5766,20516,0.5765,20049,0.5768,26820,0.5769,22268
1753617354218,11:55:54.218,mexc,A/USDT:USDT,0.5766,20516,0.5765,20049,0.5768,26820,0.5769,22268
1753617354512,11:55:54.512,mexc,A/USDT:USDT,0.5766,20516,0.5765,20049,0.5768,26820,0.5769,17808
1753617354716,11:55:54.716,mexc,A/USDT:USDT,0.5766,20516,0.5765,20049,0.5768,26820,0.5769,17808
1753617355011,11:55:55.011,mexc,A/USDT:USDT,0.5766,20516,0.5765,20049,0.5768,26820,0.5769,16160
1753617355218,11:55:55.218,mexc,A/USDT:USDT,0.5766,20516,0.5765,20049,0.5768,26820,0.5769,16160
1753617355511,11:55:55.511,mexc,A/USDT:USDT,0.5766,20516,0.5765,20049,0.5768,26820,0.5769,21164
1753617355716,11:55:55.716,mexc,A/USDT:USDT,0.5766,20516,0.5765,20049,0.5768,26820,0.5769,21164
1753617356010,11:55:56.010,mexc,A/USDT:USDT,0.5766,20516,0.5765,20049,0.5768,26820,0.5769,27430
1753617356317,11:55:56.317,mexc,A/USDT:USDT,0.5766,37394,0.5765,28002,0.5767,25648,0.5768,22057
1753617356515,11:55:56.515,mexc,A/USDT:USDT,0.5766,16878,0.5765,24207,0.5767,25648,0.5768,22057
1753617356718,11:55:56.718,mexc,A/USDT:USDT,0.5766,16878,0.5765,24207,0.5767,25648,0.5768,22057
1753617356914,11:55:56.914,mexc,A/USDT:USDT,0.5766,16878,0.5765,24207,0.5767,25648,0.5768,22057
1753617357121,11:55:57.121,mexc,A/USDT:USDT,0.5766,16878,0.5765,24207,0.5767,25648,0.5768,22057
1753617357254,11:55:57.254,mexc,A/USDT:USDT,0.5766,16878,0.5765,24207,0.5767,25648,0.5768,22057
1753617357516,11:55:57.516,mexc,A/USDT:USDT,0.5766,16878,0.5765,24207,0.5767,25648,0.5768,22057
1753617357718,11:55:57.718,mexc,A/USDT:USDT,0.5766,16878,0.5765,24207,0.5767,25648,0.5768,22057
1753617358012,11:55:58.012,mexc,A/USDT:USDT,0.5766,16878,0.5765,24207,0.5767,25648,0.5768,27749
1753617358219,11:55:58.219,mexc,A/USDT:USDT,0.5766,16878,0.5765,24207,0.5767,25648,0.5768,27749
1753617358515,11:55:58.515,mexc,A/USDT:USDT,0.5766,16878,0.5765,24207,0.5767,25648,0.5768,35544
1753617358718,11:55:58.718,mexc,A/USDT:USDT,0.5766,16878,0.5765,24207,0.5767,25648,0.5768,35544
1753617359016,11:55:59.016,mexc,A/USDT:USDT,0.5766,16878,0.5765,24207,0.5767,25648,0.5768,22057
1753617359221,11:55:59.221,mexc,A/USDT:USDT,0.5766,16878,0.5765,24207,0.5767,25648,0.5768,22057
1753617359511,11:55:59.511,mexc,A/USDT:USDT,0.5766,16878,0.5765,24207,0.5767,25648,0.5768,22057
1753617359721,11:55:59.721,mexc,A/USDT:USDT,0.5766,16878,0.5765,31643,0.5767,25648,0.5768,22057
1753617360016,11:56:00.016,mexc,A/USDT:USDT,0.5766,16878,0.5765,31643,0.5767,25648,0.5768,29152
1753617360221,11:56:00.221,mexc,A/USDT:USDT,0.5766,16878,0.5765,39201,0.5767,25648,0.5768,29152
1753617360512,11:56:00.512,mexc,A/USDT:USDT,0.5766,16878,0.5765,39201,0.5767,25648,0.5768,22057
1753617360719,11:56:00.719,mexc,A/USDT:USDT,0.5766,16878,0.5765,35510,0.5767,25648,0.5768,22057
1753617361124,11:56:01.124,mexc,A/USDT:USDT,0.5766,16878,0.5765,35510,0.5767,25648,0.5768,22057
1753617361221,11:56:01.221,mexc,A/USDT:USDT,0.5766,16878,0.5765,24207,0.5767,25648,0.5768,22057
1753617361517,11:56:01.517,mexc,A/USDT:USDT,0.5766,16878,0.5765,24207,0.5767,25648,0.5768,24904
1753617361720,11:56:01.720,mexc,A/USDT:USDT,0.5766,16878,0.5765,24207,0.5767,25648,0.5768,24904
1753617362017,11:56:02.017,mexc,A/USDT:USDT,0.5766,16878,0.5765,24207,0.5767,25648,0.5768,22057
1753617362319,11:56:02.319,mexc,A/USDT:USDT,0.5766,25265,0.5765,17427,0.5767,17095,0.5768,20915
1753617362519,11:56:02.519,mexc,A/USDT:USDT,0.5766,25265,0.5765,17427,0.5767,17095,0.5768,20915
1753617362922,11:56:02.922,mexc,A/USDT:USDT,0.5766,25265,0.5765,20121,0.5767,17095,0.5768,20915
1753617363021,11:56:03.021,mexc,A/USDT:USDT,0.5766,25265,0.5765,20121,0.5767,17095,0.5768,26708
1753617363223,11:56:03.223,mexc,A/USDT:USDT,0.5766,25265,0.5765,30161,0.5767,17095,0.5768,26708
1753617363520,11:56:03.520,mexc,A/USDT:USDT,0.5766,25265,0.5765,30161,0.5767,17095,0.5768,29628
1753617363724,11:56:03.724,mexc,A/USDT:USDT,0.5766,25265,0.5765,17427,0.5767,17095,0.5768,29628
1753617364018,11:56:04.018,mexc,A/USDT:USDT,0.5766,25265,0.5765,17427,0.5767,17095,0.5768,20915
1753617364225,11:56:04.225,mexc,A/USDT:USDT,0.5766,25265,0.5765,25818,0.5767,17095,0.5768,20915
1753617364519,11:56:04.519,mexc,A/USDT:USDT,0.5766,25265,0.5765,25818,0.5767,17095,0.5768,23880
1753617364725,11:56:04.725,mexc,A/USDT:USDT,0.5766,25265,0.5765,23433,0.5767,17095,0.5768,23880
1753617365019,11:56:05.019,mexc,A/USDT:USDT,0.5766,25265,0.5765,23433,0.5767,17095,0.5768,20915
1753617365225,11:56:05.225,mexc,A/USDT:USDT,0.5766,25265,0.5765,23810,0.5767,17095,0.5768,20915
1753617365520,11:56:05.520,mexc,A/USDT:USDT,0.5766,25265,0.5765,23810,0.5767,17095,0.5768,20915
1753617365725,11:56:05.725,mexc,A/USDT:USDT,0.5766,25265,0.5765,17427,0.5767,17095,0.5768,20915
1753617366020,11:56:06.020,mexc,A/USDT:USDT,0.5766,25265,0.5765,17427,0.5767,17095,0.5768,20915
1753617366223,11:56:06.223,mexc,A/USDT:USDT,0.5766,25265,0.5765,24986,0.5767,17095,0.5768,20915
1753617366522,11:56:06.522,mexc,A/USDT:USDT,0.5766,25265,0.5765,24986,0.5767,17095,0.5768,23051
1753617366723,11:56:06.723,mexc,A/USDT:USDT,0.5766,25265,0.5765,17427,0.5767,17095,0.5768,23051
1753617367021,11:56:07.021,mexc,A/USDT:USDT,0.5766,25265,0.5765,17427,0.5767,17095,0.5768,20915
1753617367226,11:56:07.226,mexc,A/USDT:USDT,0.5766,25265,0.5765,24469,0.5767,17095,0.5768,20915
1753617367521,11:56:07.521,mexc,A/USDT:USDT,0.5766,25265,0.5765,24469,0.5767,17095,0.5768,20915
1753617367727,11:56:07.727,mexc,A/USDT:USDT,0.5766,25265,0.5765,22766,0.5767,17095,0.5768,20915
1753617368020,11:56:08.020,mexc,A/USDT:USDT,0.5766,25265,0.5765,22766,0.5767,17095,0.5768,29932
1753617368321,11:56:08.321,mexc,A/USDT:USDT,0.5766,47579,0.5765,36059,0.5767,23062,0.5768,23684
1753617368321,11:56:08.321,mexc,A/USDT:USDT,0.5766,22314,0.5765,18632,0.5767,23062,0.5768,23684
1753617368523,11:56:08.523,mexc,A/USDT:USDT,0.5766,22314,0.5765,18632,0.5767,23062,0.5768,23684
1753617368924,11:56:08.924,mexc,A/USDT:USDT,0.5766,22314,0.5765,21119,0.5767,23062,0.5768,23684
1753617369129,11:56:09.129,mexc,A/USDT:USDT,0.5766,22314,0.5765,18632,0.5767,23062,0.5768,23684
1753617369226,11:56:09.226,mexc,A/USDT:USDT,0.5766,22314,0.5765,22782,0.5767,23062,0.5768,23684
1753617369524,11:56:09.524,mexc,A/USDT:USDT,0.5766,22314,0.5765,22782,0.5767,23062,0.5768,37383
1753617369728,11:56:09.728,mexc,A/USDT:USDT,0.5766,22314,0.5765,18632,0.5767,23062,0.5768,37383
1753617370021,11:56:10.021,mexc,A/USDT:USDT,0.5766,22314,0.5765,18632,0.5767,23062,0.5768,23684
1753617370228,11:56:10.228,mexc,A/USDT:USDT,0.5766,22314,0.5765,18632,0.5767,23062,0.5768,23684
1753617370520,11:56:10.520,mexc,A/USDT:USDT,0.5766,22314,0.5765,18632,0.5767,23062,0.5768,31256
1753617370729,11:56:10.729,mexc,A/USDT:USDT,0.5766,22314,0.5765,22318,0.5767,23062,0.5768,31256
1753617371021,11:56:11.021,mexc,A/USDT:USDT,0.5766,22314,0.5765,22318,0.5767,23062,0.5768,23684
1753617371227,11:56:11.227,mexc,A/USDT:USDT,0.5766,22314,0.5765,18632,0.5767,23062,0.5768,23684
1753617371521,11:56:11.521,mexc,A/USDT:USDT,0.5766,22314,0.5765,18632,0.5767,23062,0.5768,23684
1753617371729,11:56:11.729,mexc,A/USDT:USDT,0.5766,22314,0.5765,20507,0.5767,23062,0.5768,23684
1753617372022,11:56:12.022,mexc,A/USDT:USDT,0.5766,22314,0.5765,20507,0.5767,23062,0.5768,26501
1753617372228,11:56:12.228,mexc,A/USDT:USDT,0.5766,22314,0.5765,18632,0.5767,23062,0.5768,26501
1753617372521,11:56:12.521,mexc,A/USDT:USDT,0.5766,22314,0.5765,18632,0.5767,23062,0.5768,23684
1753617372728,11:56:12.728,mexc,A/USDT:USDT,0.5766,22314,0.5765,22797,0.5767,23062,0.5768,23684
1753617373023,11:56:13.023,mexc,A/USDT:USDT,0.5766,22314,0.5765,22797,0.5767,23062,0.5768,23684
1753617373229,11:56:13.229,mexc,A/USDT:USDT,0.5766,22314,0.5765,18632,0.5767,23062,0.5768,23684
1753617373521,11:56:13.521,mexc,A/USDT:USDT,0.5766,22314,0.5765,18632,0.5767,23062,0.5768,31609
1753617373729,11:56:13.729,mexc,A/USDT:USDT,0.5766,22314,0.5765,18632,0.5767,23062,0.5768,31609
1753617374022,11:56:14.022,mexc,A/USDT:USDT,0.5766,22314,0.5765,18632,0.5767,23062,0.5768,23684
1753617374324,11:56:14.324,mexc,A/USDT:USDT,0.5766,26234,0.5765,16276,0.5767,21063,0.5768,24102
1753617374525,11:56:14.525,mexc,A/USDT:USDT,0.5766,26234,0.5765,16276,0.5767,21063,0.5768,24102
1753617374926,11:56:14.926,mexc,A/USDT:USDT,0.5766,26234,0.5765,24295,0.5767,21063,0.5768,24102
1753617375026,11:56:15.026,mexc,A/USDT:USDT,0.5766,26234,0.5765,24295,0.5767,21063,0.5768,24102
1753617375231,11:56:15.231,mexc,A/USDT:USDT,0.5766,26234,0.5765,16276,0.5767,21063,0.5768,24102
1753617375527,11:56:15.527,mexc,A/USDT:USDT,0.5766,26234,0.5765,16276,0.5767,21063,0.5768,26769
1753617375730,11:56:15.730,mexc,A/USDT:USDT,0.5766,26234,0.5765,16276,0.5767,21063,0.5768,26769
1753617376024,11:56:16.024,mexc,A/USDT:USDT,0.5766,26234,0.5765,16276,0.5767,21063,0.5768,34682
1753617376231,11:56:16.231,mexc,A/USDT:USDT,0.5766,26234,0.5765,16276,0.5767,21063,0.5768,34682
1753617376526,11:56:16.526,mexc,A/USDT:USDT,0.5766,26234,0.5765,16276,0.5767,21063,0.5768,24102
1753617376730,11:56:16.730,mexc,A/USDT:USDT,0.5766,26234,0.5765,16276,0.5767,21063,0.5768,24102
1753617377025,11:56:17.025,mexc,A/USDT:USDT,0.5766,26234,0.5765,16276,0.5767,21063,0.5768,36023
1753617377231,11:56:17.231,mexc,A/USDT:USDT,0.5766,26234,0.5765,23183,0.5767,21063,0.5768,36023
1753617377633,11:56:17.633,mexc,A/USDT:USDT,0.5766,26234,0.5765,16276,0.5767,21063,0.5768,24102
1753617377729,11:56:17.729,mexc,A/USDT:USDT,0.5766,26234,0.5765,16276,0.5767,21063,0.5768,24102
1753617378024,11:56:18.024,mexc,A/USDT:USDT,0.5766,26234,0.5765,16276,0.5767,21063,0.5768,24102
1753617378231,11:56:18.231,mexc,A/USDT:USDT,0.5766,26234,0.5765,16276,0.5767,21063,0.5768,24102
1753617378529,11:56:18.529,mexc,A/USDT:USDT,0.5766,26234,0.5765,16276,0.5767,21063,0.5768,24102
1753617378733,11:56:18.733,mexc,A/USDT:USDT,0.5766,26234,0.5765,16276,0.5767,21063,0.5768,24102
1753617379027,11:56:19.027,mexc,A/USDT:USDT,0.5766,26234,0.5765,16276,0.5767,21063,0.5768,35338
1753617379233,11:56:19.233,mexc,A/USDT:USDT,0.5766,26234,0.5765,16276,0.5767,21063,0.5768,35338
1753617379534,11:56:19.534,mexc,A/USDT:USDT,0.5766,26234,0.5765,16276,0.5767,21063,0.5768,24102
1753617379733,11:56:19.733,mexc,A/USDT:USDT,0.5766,26234,0.5765,21956,0.5767,21063,0.5768,24102
1753617380027,11:56:20.027,mexc,A/USDT:USDT,0.5766,26234,0.5765,21956,0.5767,21063,0.5768,33094
1753617380136,11:56:20.136,mexc,A/USDT:USDT,0.5766,26234,0.5765,16276,0.5767,21063,0.5768,33094
1753617380329,11:56:20.329,mexc,A/USDT:USDT,0.5766,19510,0.5765,27052,0.5767,23647,0.5768,17855
1753617380527,11:56:20.527,mexc,A/USDT:USDT,0.5766,19510,0.5765,27052,0.5767,23647,0.5768,17855
1753617380929,11:56:20.929,mexc,A/USDT:USDT,0.5766,19510,0.5765,27052,0.5767,23647,0.5768,17855
1753617381027,11:56:21.027,mexc,A/USDT:USDT,0.5766,19510,0.5765,27052,0.5767,23647,0.5768,19896
1753617381234,11:56:21.234,mexc,A/USDT:USDT,0.5766,19510,0.5765,48016,0.5767,23647,0.5768,19896
1753617381542,11:56:21.542,mexc,A/USDT:USDT,0.5766,19510,0.5765,48016,0.5767,23647,0.5768,17855
1753617381734,11:56:21.734,mexc,A/USDT:USDT,0.5766,19510,0.5765,27052,0.5767,23647,0.5768,17855
1753617382027,11:56:22.027,mexc,A/USDT:USDT,0.5766,19510,0.5765,27052,0.5767,23647,0.5768,17855
1753617382138,11:56:22.138,mexc,A/USDT:USDT,0.5766,19510,0.5765,27052,0.5767,23647,0.5768,17855
1753617382235,11:56:22.235,mexc,A/USDT:USDT,0.5766,19510,0.5765,40358,0.5767,23647,0.5768,17855
1753617382638,11:56:22.638,mexc,A/USDT:USDT,0.5766,19510,0.5765,40358,0.5767,23647,0.5768,20858
1753617382740,11:56:22.740,mexc,A/USDT:USDT,0.5766,19510,0.5765,27052,0.5767,23647,0.5768,20858
1753617383030,11:56:23.030,mexc,A/USDT:USDT,0.5766,19510,0.5765,27052,0.5767,23647,0.5768,17855
1753617383234,11:56:23.234,mexc,A/USDT:USDT,0.5766,19510,0.5765,27052,0.5767,23647,0.5768,17855
1753617383528,11:56:23.528,mexc,A/USDT:USDT,0.5766,19510,0.5765,27052,0.5767,23647,0.5768,17855
1753617383736,11:56:23.736,mexc,A/USDT:USDT,0.5766,19510,0.5765,27052,0.5767,23647,0.5768,17855
1753617384139,11:56:24.139,mexc,A/USDT:USDT,0.5766,19510,0.5765,27052,0.5767,23647,0.5768,17855
1753617384236,11:56:24.236,mexc,A/USDT:USDT,0.5766,19510,0.5765,27052,0.5767,23647,0.5768,17855
1753617384529,11:56:24.529,mexc,A/USDT:USDT,0.5766,19510,0.5765,27052,0.5767,23647,0.5768,24505
1753617384738,11:56:24.738,mexc,A/USDT:USDT,0.5766,19510,0.5765,27052,0.5767,23647,0.5768,24505
1753617385028,11:56:25.028,mexc,A/USDT:USDT,0.5766,19510,0.5765,27052,0.5767,23647,0.5768,17855
1753617385237,11:56:25.237,mexc,A/USDT:USDT,0.5766,19510,0.5765,50900,0.5767,23647,0.5768,17855
1753617385530,11:56:25.530,mexc,A/USDT:USDT,0.5766,19510,0.5765,50900,0.5767,23647,0.5768,26759
1753617385738,11:56:25.738,mexc,A/USDT:USDT,0.5766,19510,0.5765,32282,0.5767,23647,0.5768,26759
1753617386033,11:56:26.033,mexc,A/USDT:USDT,0.5766,19510,0.5765,32282,0.5767,23647,0.5768,29981
1753617386334,11:56:26.334,mexc,A/USDT:USDT,0.5766,23409,0.5765,24875,0.5767,23362,0.5768,24329
1753617386530,11:56:26.530,mexc,A/USDT:USDT,0.5766,23409,0.5765,24875,0.5767,23362,0.5768,24329
1753617386737,11:56:26.737,mexc,A/USDT:USDT,0.5766,23409,0.5765,32823,0.5767,23362,0.5768,24329
1753617386935,11:56:26.935,mexc,A/USDT:USDT,0.5766,23409,0.5765,32823,0.5767,23362,0.5768,24329
1753617387031,11:56:27.031,mexc,A/USDT:USDT,0.5766,23409,0.5765,32823,0.5767,23362,0.5768,36111
1753617387238,11:56:27.238,mexc,A/USDT:USDT,0.5766,23409,0.5765,38429,0.5767,23362,0.5768,36111
1753617387554,11:56:27.554,mexc,A/USDT:USDT,0.5766,23409,0.5765,38429,0.5767,23362,0.5768,31740
1753617387738,11:56:27.738,mexc,A/USDT:USDT,0.5766,23409,0.5765,24875,0.5767,23362,0.5768,31740
1753617388032,11:56:28.032,mexc,A/USDT:USDT,0.5766,23409,0.5765,24875,0.5767,23362,0.5768,24329
1753617388141,11:56:28.141,mexc,A/USDT:USDT,0.5766,23409,0.5765,24875,0.5767,23362,0.5768,24329
1753617388436,11:56:28.436,mexc,A/USDT:USDT,0.5766,23409,0.5765,24875,0.5767,23362,0.5768,24329
1753617388533,11:56:28.533,mexc,A/USDT:USDT,0.5766,23409,0.5765,24875,0.5767,23362,0.5768,34968
1753617388737,11:56:28.737,mexc,A/USDT:USDT,0.5766,23409,0.5765,24875,0.5767,23362,0.5768,34968
1753617389032,11:56:29.032,mexc,A/USDT:USDT,0.5766,23409,0.5765,24875,0.5767,23362,0.5768,24329
1753617389240,11:56:29.240,mexc,A/USDT:USDT,0.5766,23409,0.5765,24875,0.5767,23362,0.5768,24329
1753617389535,11:56:29.535,mexc,A/USDT:USDT,0.5766,23409,0.5765,24875,0.5767,23362,0.5768,24329
1753617389740,11:56:29.740,mexc,A/USDT:USDT,0.5766,23409,0.5765,27761,0.5767,23362,0.5768,24329
1753617390035,11:56:30.035,mexc,A/USDT:USDT,0.5766,23409,0.5765,27761,0.5767,23362,0.5768,32531
1753617390239,11:56:30.239,mexc,A/USDT:USDT,0.5766,23409,0.5765,24875,0.5767,23362,0.5768,32531
1753617390536,11:56:30.536,mexc,A/USDT:USDT,0.5766,23409,0.5765,24875,0.5767,23362,0.5768,24329
1753617390741,11:56:30.741,mexc,A/USDT:USDT,0.5766,23409,0.5765,31929,0.5767,23362,0.5768,31900
1753617391035,11:56:31.035,mexc,A/USDT:USDT,0.5766,23409,0.5765,31929,0.5767,23362,0.5768,24329
1753617391143,11:56:31.143,mexc,A/USDT:USDT,0.5766,23409,0.5765,24875,0.5767,23362,0.5768,24329
1753617391438,11:56:31.438,mexc,A/USDT:USDT,0.5766,23409,0.5765,24875,0.5767,23362,0.5768,24329
1753617391535,11:56:31.535,mexc,A/USDT:USDT,0.5766,23409,0.5765,24875,0.5767,23362,0.5768,28784
1753617391740,11:56:31.740,mexc,A/USDT:USDT,0.5766,23409,0.5765,37182,0.5767,23362,0.5768,28784
1753617392035,11:56:32.035,mexc,A/USDT:USDT,0.5766,23409,0.5765,37182,0.5767,23362,0.5768,27485
1753617392335,11:56:32.335,mexc,A/USDT:USDT,0.5766,26651,0.5765,15408,0.5767,20833,0.5768,19771
1753617392535,11:56:32.535,mexc,A/USDT:USDT,0.5766,26651,0.5765,15408,0.5767,20833,0.5768,19771
1753617392938,11:56:32.938,mexc,A/USDT:USDT,0.5766,26651,0.5765,18334,0.5767,20833,0.5768,19771
1753617393034,11:56:33.034,mexc,A/USDT:USDT,0.5766,26651,0.5765,18334,0.5767,20833,0.5768,19771
1753617393241,11:56:33.241,mexc,A/USDT:USDT,0.5766,26651,0.5765,18777,0.5767,20833,0.5768,19771
1753617393536,11:56:33.536,mexc,A/USDT:USDT,0.5766,26651,0.5765,18777,0.5767,20833,0.5768,19771
1753617393742,11:56:33.742,mexc,A/USDT:USDT,0.5766,26651,0.5765,15408,0.5767,20833,0.5768,19771
1753617394036,11:56:34.036,mexc,A/USDT:USDT,0.5766,26651,0.5765,15408,0.5767,20833,0.5768,24423
1753617394243,11:56:34.243,mexc,A/USDT:USDT,0.5766,26651,0.5765,15408,0.5767,20833,0.5768,24423
1753617394534,11:56:34.534,mexc,A/USDT:USDT,0.5766,26651,0.5765,15408,0.5767,20833,0.5768,19771
1753617394743,11:56:34.743,mexc,A/USDT:USDT,0.5766,26651,0.5765,15408,0.5767,20833,0.5768,19771
1753617395035,11:56:35.035,mexc,A/USDT:USDT,0.5766,26651,0.5765,15408,0.5767,20833,0.5768,24579
1753617395243,11:56:35.243,mexc,A/USDT:USDT,0.5766,26651,0.5765,20092,0.5767,20833,0.5768,24579
1753617395536,11:56:35.536,mexc,A/USDT:USDT,0.5766,26651,0.5765,20092,0.5767,20833,0.5768,19771
1753617395744,11:56:35.744,mexc,A/USDT:USDT,0.5766,26651,0.5765,15408,0.5767,20833,0.5768,19771
1753617396035,11:56:36.035,mexc,A/USDT:USDT,0.5766,26651,0.5765,15408,0.5767,20833,0.5768,29298
1753617396243,11:56:36.243,mexc,A/USDT:USDT,0.5766,26651,0.5765,15408,0.5767,20833,0.5768,29298
1753617396538,11:56:36.538,mexc,A/USDT:USDT,0.5766,26651,0.5765,15408,0.5767,20833,0.5768,24802
1753617396744,11:56:36.744,mexc,A/USDT:USDT,0.5766,26651,0.5765,15408,0.5767,20833,0.5768,24802
1753617397037,11:56:37.037,mexc,A/USDT:USDT,0.5766,26651,0.5765,15408,0.5767,20833,0.5768,32417
1753617397244,11:56:37.244,mexc,A/USDT:USDT,0.5766,26651,0.5765,15408,0.5767,20833,0.5768,32417
1753617397537,11:56:37.537,mexc,A/USDT:USDT,0.5766,26651,0.5765,15408,0.5767,20833,0.5768,22753
1753617397744,11:56:37.744,mexc,A/USDT:USDT,0.5766,26651,0.5765,15408,0.5767,20833,0.5768,22753
1753617398038,11:56:38.038,mexc,A/USDT:USDT,0.5766,26651,0.5765,15408,0.5767,20833,0.5768,19771
1753617398339,11:56:38.339,mexc,A/USDT:USDT,0.5764,26553,0.5763,22045,0.5766,17404,0.5767,17176
1753617398538,11:56:38.538,mexc,A/USDT:USDT,0.5764,26553,0.5763,22045,0.5766,17404,0.5767,17176
1753617398939,11:56:38.939,mexc,A/USDT:USDT,0.5764,26553,0.5763,22045,0.5766,17404,0.5767,17176
1753617399039,11:56:39.039,mexc,A/USDT:USDT,0.5764,26553,0.5763,22045,0.5766,17404,0.5767,17176
1753617399243,11:56:39.243,mexc,A/USDT:USDT,0.5764,26553,0.5763,22045,0.5766,17404,0.5767,17176
1753617399538,11:56:39.538,mexc,A/USDT:USDT,0.5764,26553,0.5763,22045,0.5766,17404,0.5767,17176
1753617399744,11:56:39.744,mexc,A/USDT:USDT,0.5764,26553,0.5763,22045,0.5766,17404,0.5767,17176
1753617400041,11:56:40.041,mexc,A/USDT:USDT,0.5764,26553,0.5763,22045,0.5766,17404,0.5767,17176
1753617400247,11:56:40.247,mexc,A/USDT:USDT,0.5764,26553,0.5763,29122,0.5766,17404,0.5767,17176
1753617400540,11:56:40.540,mexc,A/USDT:USDT,0.5764,26553,0.5763,29122,0.5766,17404,0.5767,17176
1753617400745,11:56:40.745,mexc,A/USDT:USDT,0.5764,26553,0.5763,30765,0.5766,17404,0.5767,17176
1753617401040,11:56:41.040,mexc,A/USDT:USDT,0.5764,26553,0.5763,30765,0.5766,17404,0.5767,22731
1753617401245,11:56:41.245,mexc,A/USDT:USDT,0.5764,26553,0.5763,29825,0.5766,17404,0.5767,22731
1753617401542,11:56:41.542,mexc,A/USDT:USDT,0.5764,26553,0.5763,29825,0.5766,17404,0.5767,17176
1753617401745,11:56:41.745,mexc,A/USDT:USDT,0.5764,26553,0.5763,30244,0.5766,17404,0.5767,17176
1753617402040,11:56:42.040,mexc,A/USDT:USDT,0.5764,26553,0.5763,30244,0.5766,17404,0.5767,24742
1753617402244,11:56:42.244,mexc,A/USDT:USDT,0.5764,26553,0.5763,35022,0.5766,17404,0.5767,24742
1753617402648,11:56:42.648,mexc,A/USDT:USDT,0.5764,26553,0.5763,25112,0.5766,17404,0.5767,21676
1753617402747,11:56:42.747,mexc,A/USDT:USDT,0.5764,26553,0.5763,31562,0.5766,17404,0.5767,21676
1753617403040,11:56:43.040,mexc,A/USDT:USDT,0.5764,26553,0.5763,31562,0.5766,17404,0.5767,22554
1753617403248,11:56:43.248,mexc,A/USDT:USDT,0.5764,26553,0.5763,22045,0.5766,17404,0.5767,22554
1753617403541,11:56:43.541,mexc,A/USDT:USDT,0.5764,26553,0.5763,22045,0.5766,17404,0.5767,17176
1753617403747,11:56:43.747,mexc,A/USDT:USDT,0.5764,26553,0.5763,32842,0.5766,17404,0.5767,17176
1753617404040,11:56:44.040,mexc,A/USDT:USDT,0.5764,26553,0.5763,32842,0.5766,17404,0.5767,17176
1753617404342,11:56:44.342,mexc,A/USDT:USDT,0.5764,24001,0.5763,25151,0.5765,15006,0.5766,16227
1753617404542,11:56:44.542,mexc,A/USDT:USDT,0.5764,24001,0.5763,25151,0.5765,15006,0.5766,18309
1753617404944,11:56:44.944,mexc,A/USDT:USDT,0.5764,24001,0.5763,25151,0.5765,15006,0.5766,16227
1753617405040,11:56:45.040,mexc,A/USDT:USDT,0.5764,24001,0.5763,25151,0.5765,15006,0.5766,16227
1753617405248,11:56:45.248,mexc,A/USDT:USDT,0.5764,24001,0.5763,28001,0.5765,15006,0.5766,16227
1753617405544,11:56:45.544,mexc,A/USDT:USDT,0.5764,24001,0.5763,28001,0.5765,15006,0.5766,16227
1753617405748,11:56:45.748,mexc,A/USDT:USDT,0.5764,24001,0.5763,25151,0.5765,15006,0.5766,16227
1753617406040,11:56:46.040,mexc,A/USDT:USDT,0.5764,24001,0.5763,25151,0.5765,15006,0.5766,16227
1753617406283,11:56:46.283,mexc,A/USDT:USDT,0.5764,24001,0.5763,25151,0.5765,15006,0.5766,16227
1753617406541,11:56:46.541,mexc,A/USDT:USDT,0.5764,24001,0.5763,25151,0.5765,15006,0.5766,19967
1753617406780,11:56:46.780,mexc,A/USDT:USDT,0.5764,24001,0.5763,25151,0.5765,15006,0.5766,19967
1753617407042,11:56:47.042,mexc,A/USDT:USDT,0.5764,24001,0.5763,25151,0.5765,15006,0.5766,16227
1753617407283,11:56:47.283,mexc,A/USDT:USDT,0.5764,24001,0.5763,36038,0.5765,15006,0.5766,16227
1753617407543,11:56:47.543,mexc,A/USDT:USDT,0.5764,24001,0.5763,36038,0.5765,15006,0.5766,16227
1753617407785,11:56:47.785,mexc,A/USDT:USDT,0.5764,24001,0.5763,25151,0.5765,15006,0.5766,16227
1753617408043,11:56:48.043,mexc,A/USDT:USDT,0.5764,24001,0.5763,25151,0.5765,15006,0.5766,22782
1753617408283,11:56:48.283,mexc,A/USDT:USDT,0.5764,24001,0.5763,25151,0.5765,15006,0.5766,22782
1753617408543,11:56:48.543,mexc,A/USDT:USDT,0.5764,24001,0.5763,25151,0.5765,15006,0.5766,25308
