timestamp,time,exchange,symbol,bid1_price,bid1_volume,bid2_price,bid2_volume,ask1_price,ask1_volume,ask2_price,ask2_volume
1753617169336,11:52:49.336,ascendex,ACT/USDT:USDT,0.04558,21944.0,0.04557,21949.0,0.04652,53723.0,0.04654,10699.0
1753617169507,11:52:49.507,ascendex,ACT/USDT:USDT,0.04558,21944.0,0.04557,21949.0,0.04652,53723.0,0.04654,10699.0
1753617169946,11:52:49.946,ascendex,ACT/USDT:USDT,0.04558,21944.0,0.04557,21949.0,0.04652,53723.0,0.04654,10699.0
1753617170111,11:52:50.111,ascendex,ACT/USDT:USDT,0.04558,21944.0,0.04557,21949.0,0.04652,53723.0,0.04654,10699.0
1753617171857,11:52:51.857,ascendex,ACT/USDT:USDT,0.04558,21944.0,0.04557,21949.0,0.04654,10699.0,0.04657,15822.0
1753617172014,11:52:52.014,ascendex,ACT/USDT:USDT,0.0456,21935.0,0.04558,43893.0,0.04654,10699.0,0.04657,15822.0
1753617172412,11:52:52.412,ascendex,ACT/USDT:USDT,0.0456,21935.0,0.04558,43893.0,0.04654,10699.0,0.04657,15822.0
1753617172568,11:52:52.568,ascendex,ACT/USDT:USDT,0.0456,21935.0,0.04558,43893.0,0.04654,10699.0,0.04657,15822.0
1753617172915,11:52:52.915,ascendex,ACT/USDT:USDT,0.0456,21935.0,0.04558,43893.0,0.04654,10699.0,0.04657,15822.0
1753617173296,11:52:53.296,ascendex,ACT/USDT:USDT,0.0456,21935.0,0.04558,43893.0,0.04654,10699.0,0.04657,15822.0
1753617174457,11:52:54.457,ascendex,ACT/USDT:USDT,0.0456,21935.0,0.04558,43893.0,0.04654,10699.0,0.04657,15822.0
1753617174843,11:52:54.843,ascendex,ACT/USDT:USDT,0.0456,21935.0,0.04558,43893.0,0.04654,10699.0,0.04657,15822.0
1753617176065,11:52:56.065,ascendex,ACT/USDT:USDT,0.0456,21935.0,0.04558,43893.0,0.04654,10699.0,0.04657,15822.0
1753617178445,11:52:58.445,ascendex,ACT/USDT:USDT,0.0456,21935.0,0.04558,43893.0,0.04654,10699.0,0.04657,15822.0
1753617179777,11:52:59.777,ascendex,ACT/USDT:USDT,0.04558,43893.0,0.04554,19985.0,0.04654,10699.0,0.04655,26836.0
1753617180050,11:53:00.050,ascendex,ACT/USDT:USDT,0.04558,43893.0,0.04556,20102.0,0.04654,10699.0,0.04655,26836.0
1753617180405,11:53:00.405,ascendex,ACT/USDT:USDT,0.04558,43893.0,0.04556,20102.0,0.04654,10699.0,0.04655,26836.0
1753617180458,11:53:00.458,ascendex,ACT/USDT:USDT,0.04558,43893.0,0.04556,20102.0,0.04653,4519.0,0.04654,10699.0
1753617182920,11:53:02.920,ascendex,ACT/USDT:USDT,0.0456,21935.0,0.04558,43893.0,0.04654,10699.0,0.04655,26836.0
1753617183051,11:53:03.051,ascendex,ACT/USDT:USDT,0.0456,21935.0,0.04558,43893.0,0.04654,10699.0,0.04655,26836.0
1753617183272,11:53:03.272,ascendex,ACT/USDT:USDT,0.0456,21935.0,0.04558,43893.0,0.04654,10699.0,0.04655,26836.0
1753617184105,11:53:04.105,ascendex,ACT/USDT:USDT,0.04561,21930.0,0.0456,21935.0,0.04655,26836.0,0.04656,26841.0
1753617184494,11:53:04.494,ascendex,ACT/USDT:USDT,0.04561,21930.0,0.0456,21935.0,0.04655,26836.0,0.04656,26841.0
1753617184730,11:53:04.730,ascendex,ACT/USDT:USDT,0.04561,21930.0,0.0456,21935.0,0.04655,26836.0,0.04656,26841.0
1753617184936,11:53:04.936,ascendex,ACT/USDT:USDT,0.04561,21930.0,0.0456,21935.0,0.04655,26836.0,0.04656,26841.0
1753617185249,11:53:05.249,ascendex,ACT/USDT:USDT,0.04561,21930.0,0.0456,21935.0,0.04655,26836.0,0.04656,26841.0
1753617185759,11:53:05.759,ascendex,ACT/USDT:USDT,0.04561,21930.0,0.0456,21935.0,0.04655,26836.0,0.04656,26841.0
1753617186371,11:53:06.371,ascendex,ACT/USDT:USDT,0.04561,21930.0,0.04558,43898.0,0.04655,26836.0,0.04656,26841.0
1753617191502,11:53:11.502,ascendex,ACT/USDT:USDT,0.04561,21930.0,0.04558,43898.0,0.04655,36039.0,0.04656,26841.0
1753617197131,11:53:17.131,ascendex,ACT/USDT:USDT,0.04561,21930.0,0.04558,43898.0,0.04655,26836.0,0.04656,26841.0
1753617207580,11:53:27.580,ascendex,ACT/USDT:USDT,0.04561,21930.0,0.04558,43898.0,0.04656,26841.0,0.04658,10003.0
1753617207715,11:53:27.715,ascendex,ACT/USDT:USDT,0.04562,21925.0,0.04561,21930.0,0.04656,26841.0,0.04658,14770.0
1753617208025,11:53:28.025,ascendex,ACT/USDT:USDT,0.04562,21925.0,0.04561,21930.0,0.04656,26841.0,0.04658,14770.0
1753617208553,11:53:28.553,ascendex,ACT/USDT:USDT,0.04562,21925.0,0.04561,21930.0,0.04656,26841.0,0.04658,14770.0
1753617209701,11:53:29.701,ascendex,ACT/USDT:USDT,0.04562,21925.0,0.04561,21930.0,0.04656,26841.0,0.04658,14770.0
1753617210127,11:53:30.127,ascendex,ACT/USDT:USDT,0.04562,21925.0,0.04561,21930.0,0.04658,10003.0,0.04659,22047.0
1753617210222,11:53:30.222,ascendex,ACT/USDT:USDT,0.04562,21925.0,0.04561,21930.0,0.04658,10003.0,0.04659,22047.0
1753617211988,11:53:31.988,ascendex,ACT/USDT:USDT,0.04563,21920.0,0.04562,21925.0,0.04658,10003.0,0.04659,22047.0
1753617212241,11:53:32.241,ascendex,ACT/USDT:USDT,0.04563,21920.0,0.04562,21925.0,0.04658,10003.0,0.04659,22047.0
1753617212559,11:53:32.559,ascendex,ACT/USDT:USDT,0.04563,21920.0,0.04562,21925.0,0.04658,10003.0,0.04662,53608.0
1753617212948,11:53:32.948,ascendex,ACT/USDT:USDT,0.04563,21920.0,0.04562,21925.0,0.04658,10003.0,0.04662,53608.0
1753617213144,11:53:33.144,ascendex,ACT/USDT:USDT,0.04563,21920.0,0.04562,21925.0,0.04658,10003.0,0.04662,53608.0
1753617213368,11:53:33.368,ascendex,ACT/USDT:USDT,0.04563,21920.0,0.04562,21925.0,0.04658,10003.0,0.04662,53608.0
1753617214565,11:53:34.565,ascendex,ACT/USDT:USDT,0.04563,21920.0,0.04562,21925.0,0.04658,10003.0,0.04662,53608.0
1753617215033,11:53:35.033,ascendex,ACT/USDT:USDT,0.04563,21920.0,0.04562,21925.0,0.04658,10003.0,0.0466,26813.0
1753617215269,11:53:35.269,ascendex,ACT/USDT:USDT,0.04563,21920.0,0.04562,21925.0,0.04658,10003.0,0.0466,53626.0
1753617215694,11:53:35.694,ascendex,ACT/USDT:USDT,0.04563,21920.0,0.04562,21925.0,0.04658,10003.0,0.0466,53626.0
1753617215788,11:53:35.788,ascendex,ACT/USDT:USDT,0.04563,21920.0,0.04562,21925.0,0.04658,10003.0,0.0466,53626.0
1753617216472,11:53:36.472,ascendex,ACT/USDT:USDT,0.04563,21920.0,0.04562,21925.0,0.04658,10003.0,0.0466,53626.0
1753617216878,11:53:36.878,ascendex,ACT/USDT:USDT,0.04563,21920.0,0.04562,21925.0,0.04658,10003.0,0.0466,53626.0
1753617217487,11:53:37.487,ascendex,ACT/USDT:USDT,0.04563,21920.0,0.04562,21925.0,0.04658,10003.0,0.0466,53626.0
1753617223003,11:53:43.003,ascendex,ACT/USDT:USDT,0.04563,21920.0,0.04562,43855.0,0.04658,10003.0,0.0466,53626.0
1753617223159,11:53:43.159,ascendex,ACT/USDT:USDT,0.04564,21915.0,0.04563,21920.0,0.04658,10003.0,0.0466,53626.0
1753617223950,11:53:43.950,ascendex,ACT/USDT:USDT,0.04565,21911.0,0.04562,21930.0,0.04659,17727.0,0.0466,53626.0
1753617224182,11:53:44.182,ascendex,ACT/USDT:USDT,0.04565,21911.0,0.04562,43860.0,0.04659,17727.0,0.0466,53626.0
1753617225135,11:53:45.135,ascendex,ACT/USDT:USDT,0.04565,21911.0,0.04562,43860.0,0.0466,53626.0,0.04665,25192.0
1753617225594,11:53:45.594,ascendex,ACT/USDT:USDT,0.04565,21911.0,0.04562,43860.0,0.0466,53626.0,0.04662,26801.0
1753617225894,11:53:45.894,ascendex,ACT/USDT:USDT,0.04562,43860.0,0.0456,21939.0,0.0466,53626.0,0.04662,26801.0
1753617226242,11:53:46.242,ascendex,ACT/USDT:USDT,0.04563,21920.0,0.04562,43860.0,0.04658,26830.0,0.0466,53626.0
1753617226605,11:53:46.605,ascendex,ACT/USDT:USDT,0.04563,21920.0,0.04562,43860.0,0.04658,26830.0,0.0466,53626.0
1753617227193,11:53:47.193,ascendex,ACT/USDT:USDT,0.04563,21920.0,0.04562,21930.0,0.04658,26830.0,0.0466,53626.0
1753617227408,11:53:47.408,ascendex,ACT/USDT:USDT,0.04564,21915.0,0.04563,21920.0,0.04658,26830.0,0.0466,53626.0
1753617227822,11:53:47.822,ascendex,ACT/USDT:USDT,0.04564,21915.0,0.04563,21920.0,0.04658,26830.0,0.0466,53626.0
1753617228129,11:53:48.129,ascendex,ACT/USDT:USDT,0.04564,21915.0,0.04563,21920.0,0.04658,26830.0,0.0466,53626.0
1753617228777,11:53:48.777,ascendex,ACT/USDT:USDT,0.04564,21915.0,0.04563,21920.0,0.04658,26830.0,0.0466,53626.0
1753617229015,11:53:49.015,ascendex,ACT/USDT:USDT,0.04564,21915.0,0.04563,21920.0,0.04658,26830.0,0.0466,53626.0
1753617229750,11:53:49.750,ascendex,ACT/USDT:USDT,0.04565,21911.0,0.04564,21915.0,0.0466,53626.0,0.04665,15723.0
1753617229966,11:53:49.966,ascendex,ACT/USDT:USDT,0.04565,21911.0,0.04564,21915.0,0.0466,53626.0,0.04662,26801.0
1753617230365,11:53:50.365,ascendex,ACT/USDT:USDT,0.04565,21911.0,0.04562,21930.0,0.0466,53626.0,0.04662,26801.0
1753617230462,11:53:50.462,ascendex,ACT/USDT:USDT,0.04566,21906.0,0.04565,43831.0,0.04662,26801.0,0.04664,26790.0
1753617230994,11:53:50.994,ascendex,ACT/USDT:USDT,0.04566,21906.0,0.04565,43831.0,0.04662,26801.0,0.04664,26790.0
1753617231314,11:53:51.314,ascendex,ACT/USDT:USDT,0.04566,21906.0,0.04565,43831.0,0.04662,26801.0,0.04664,26790.0
1753617231411,11:53:51.411,ascendex,ACT/USDT:USDT,0.04566,21906.0,0.04565,43831.0,0.04662,26801.0,0.04664,26790.0
1753617231847,11:53:51.847,ascendex,ACT/USDT:USDT,0.04566,21906.0,0.04565,21920.0,0.0466,26818.0,0.04662,53602.0
1753617232208,11:53:52.208,ascendex,ACT/USDT:USDT,0.04566,21906.0,0.04565,21920.0,0.0466,26818.0,0.04662,53602.0
1753617232541,11:53:52.541,ascendex,ACT/USDT:USDT,0.04566,21906.0,0.04565,21920.0,0.0466,26818.0,0.04662,53602.0
1753617232847,11:53:52.847,ascendex,ACT/USDT:USDT,0.04565,21920.0,0.04564,21915.0,0.0466,26818.0,0.04662,53602.0
1753617233062,11:53:53.062,ascendex,ACT/USDT:USDT,0.04565,43831.0,0.04564,21915.0,0.0466,26818.0,0.04662,53602.0
1753617233763,11:53:53.763,ascendex,ACT/USDT:USDT,0.04565,43831.0,0.04564,21915.0,0.0466,26818.0,0.04662,53602.0
1753617234083,11:53:54.083,ascendex,ACT/USDT:USDT,0.04565,43831.0,0.04564,21915.0,0.0466,26818.0,0.04662,53602.0
1753617234433,11:53:54.433,ascendex,ACT/USDT:USDT,0.04565,43831.0,0.04562,9640.0,0.04659,26824.0,0.04662,50113.0
1753617236112,11:53:56.112,ascendex,ACT/USDT:USDT,0.04565,43831.0,0.04562,9640.0,0.04659,26824.0,0.04662,50113.0
1753617236539,11:53:56.539,ascendex,ACT/USDT:USDT,0.04565,43831.0,0.04562,9640.0,0.04659,26824.0,0.04662,50113.0
1753617237433,11:53:57.433,ascendex,ACT/USDT:USDT,0.04565,43831.0,0.04562,9640.0,0.04659,26824.0,0.04662,50113.0
1753617238509,11:53:58.509,ascendex,ACT/USDT:USDT,0.04565,43831.0,0.04562,9640.0,0.04659,26824.0,0.04662,50113.0
1753617239894,11:53:59.894,ascendex,ACT/USDT:USDT,0.04563,21920.0,0.04562,9640.0,0.04659,26824.0,0.04662,50113.0
1753617240232,11:54:00.232,ascendex,ACT/USDT:USDT,0.04563,21920.0,0.04562,31575.0,0.04658,26830.0,0.04659,26824.0
1753617240541,11:54:00.541,ascendex,ACT/USDT:USDT,0.04563,21920.0,0.04562,31575.0,0.04658,26830.0,0.04659,26824.0
1753617242718,11:54:02.718,ascendex,ACT/USDT:USDT,0.04563,21920.0,0.04562,21935.0,0.04657,26836.0,0.04658,26830.0
1753617245356,11:54:05.356,ascendex,ACT/USDT:USDT,0.04563,21920.0,0.04562,21935.0,0.04657,26836.0,0.04658,26830.0
1753617245748,11:54:05.748,ascendex,ACT/USDT:USDT,0.04563,21920.0,0.04562,21935.0,0.04657,26836.0,0.04658,26830.0
1753617246189,11:54:06.189,ascendex,ACT/USDT:USDT,0.04562,21935.0,0.04561,21930.0,0.04657,26836.0,0.04658,26830.0
1753617246501,11:54:06.501,ascendex,ACT/USDT:USDT,0.04562,21935.0,0.04561,21930.0,0.04656,18116.0,0.04657,26836.0
1753617246839,11:54:06.839,ascendex,ACT/USDT:USDT,0.04562,21935.0,0.04561,21930.0,0.04656,18116.0,0.04657,26836.0
1753617247060,11:54:07.060,ascendex,ACT/USDT:USDT,0.04562,21935.0,0.04561,21930.0,0.04656,18116.0,0.04657,26836.0
1753617247432,11:54:07.432,ascendex,ACT/USDT:USDT,0.04562,21935.0,0.04561,21930.0,0.04656,18116.0,0.04657,26836.0
1753617248085,11:54:08.085,ascendex,ACT/USDT:USDT,0.04561,21930.0,0.04558,21949.0,0.04657,26836.0,0.04658,18667.0
1753617248251,11:54:08.251,ascendex,ACT/USDT:USDT,0.04561,21930.0,0.04558,43898.0,0.04655,26847.0,0.04657,26836.0
1753617248505,11:54:08.505,ascendex,ACT/USDT:USDT,0.04561,21930.0,0.04558,43898.0,0.04655,26847.0,0.04657,26836.0
1753617248989,11:54:08.989,ascendex,ACT/USDT:USDT,0.04561,21930.0,0.04558,43898.0,0.04655,26847.0,0.04657,26836.0
1753617250595,11:54:10.595,ascendex,ACT/USDT:USDT,0.04561,21930.0,0.04558,43898.0,0.04655,26847.0,0.04657,26836.0
1753617251382,11:54:11.382,ascendex,ACT/USDT:USDT,0.04561,21930.0,0.04558,43898.0,0.04655,26847.0,0.04657,26836.0
1753617273637,11:54:33.637,ascendex,ACT/USDT:USDT,0.04558,43898.0,0.04552,34770.0,0.04655,26847.0,0.04657,26836.0
1753617273855,11:54:33.855,ascendex,ACT/USDT:USDT,0.04559,21939.0,0.04558,43898.0,0.04654,26853.0,0.04655,26847.0
1753617274247,11:54:34.247,ascendex,ACT/USDT:USDT,0.04559,21939.0,0.04558,43898.0,0.04654,26853.0,0.04655,26847.0
1753617274466,11:54:34.466,ascendex,ACT/USDT:USDT,0.04559,21939.0,0.04558,43898.0,0.04654,26853.0,0.04655,26847.0
1753617274659,11:54:34.659,ascendex,ACT/USDT:USDT,0.04559,21939.0,0.04558,43898.0,0.04654,26853.0,0.04655,26847.0
1753617275151,11:54:35.151,ascendex,ACT/USDT:USDT,0.04559,21939.0,0.04558,43898.0,0.04654,26853.0,0.04655,26847.0
1753617276970,11:54:36.970,ascendex,ACT/USDT:USDT,0.04559,21939.0,0.04558,43898.0,0.04654,26853.0,0.04655,26847.0
1753617278239,11:54:38.239,ascendex,ACT/USDT:USDT,0.04559,21939.0,0.04558,43898.0,0.04654,26853.0,0.04655,26847.0
1753617279425,11:54:39.425,ascendex,ACT/USDT:USDT,0.04559,21939.0,0.04558,43898.0,0.04654,26853.0,0.04655,26847.0
1753617304948,11:55:04.948,ascendex,ACT/USDT:USDT,0.04559,21939.0,0.04558,21949.0,0.04653,26859.0,0.04654,26853.0
1753617305369,11:55:05.369,ascendex,ACT/USDT:USDT,0.04558,21949.0,0.04557,2491.0,0.04652,26864.0,0.04653,26859.0
1753617305497,11:55:05.497,ascendex,ACT/USDT:USDT,0.04558,21949.0,0.04557,2491.0,0.04652,26864.0,0.04653,26859.0
1753617305868,11:55:05.868,ascendex,ACT/USDT:USDT,0.04558,21949.0,0.04557,2491.0,0.04652,26864.0,0.04653,26859.0
1753617306649,11:55:06.649,ascendex,ACT/USDT:USDT,0.04558,21949.0,0.04557,2491.0,0.04652,26864.0,0.04653,26859.0
1753617307088,11:55:07.088,ascendex,ACT/USDT:USDT,0.04558,21949.0,0.04557,2491.0,0.04652,26864.0,0.04653,26859.0
1753617310756,11:55:10.756,ascendex,ACT/USDT:USDT,0.04556,19462.0,0.04555,21968.0,0.04652,26864.0,0.04653,26859.0
1753617311351,11:55:11.351,ascendex,ACT/USDT:USDT,0.04556,19462.0,0.04555,21968.0,0.04651,26870.0,0.04652,26864.0
1753617312666,11:55:12.666,ascendex,ACT/USDT:USDT,0.04556,19462.0,0.04555,21968.0,0.04651,26870.0,0.04652,26864.0
1753617315062,11:55:15.062,ascendex,ACT/USDT:USDT,0.04556,19462.0,0.04555,21968.0,0.04651,26870.0,0.04652,26864.0
1753617317758,11:55:17.758,ascendex,ACT/USDT:USDT,0.04556,19462.0,0.04555,21968.0,0.0465,26876.0,0.04651,26870.0
1753617317934,11:55:17.934,ascendex,ACT/USDT:USDT,0.04556,19462.0,0.04555,21968.0,0.0465,26876.0,0.04651,26870.0
1753617318675,11:55:18.675,ascendex,ACT/USDT:USDT,0.04556,19462.0,0.04555,21968.0,0.0465,26876.0,0.04651,26870.0
1753617319894,11:55:19.894,ascendex,ACT/USDT:USDT,0.04556,19462.0,0.04555,21968.0,0.0465,26876.0,0.04651,26870.0
1753617320163,11:55:20.163,ascendex,ACT/USDT:USDT,0.04555,21968.0,0.04554,21964.0,0.04649,26882.0,0.0465,26876.0
1753617320619,11:55:20.619,ascendex,ACT/USDT:USDT,0.04555,21968.0,0.04554,21964.0,0.04649,26882.0,0.0465,26876.0
1753617320661,11:55:20.661,ascendex,ACT/USDT:USDT,0.04555,21968.0,0.04554,21964.0,0.04649,26882.0,0.0465,26876.0
1753617321233,11:55:21.233,ascendex,ACT/USDT:USDT,0.04554,21964.0,0.04552,34770.0,0.04648,26888.0,0.04649,53752.0
1753617321382,11:55:21.382,ascendex,ACT/USDT:USDT,0.04554,21964.0,0.04552,34770.0,0.04648,26888.0,0.04649,53752.0
1753617321697,11:55:21.697,ascendex,ACT/USDT:USDT,0.04554,21964.0,0.04552,34770.0,0.04648,26888.0,0.04649,53752.0
1753617322021,11:55:22.021,ascendex,ACT/USDT:USDT,0.04554,21964.0,0.04552,34770.0,0.04648,26888.0,0.04649,53752.0
1753617322832,11:55:22.832,ascendex,ACT/USDT:USDT,0.04554,21964.0,0.04552,34770.0,0.04648,26888.0,0.04649,53752.0
1753617323483,11:55:23.483,ascendex,ACT/USDT:USDT,0.04554,21964.0,0.04552,34770.0,0.04648,26888.0,0.04649,53752.0
1753617324706,11:55:24.706,ascendex,ACT/USDT:USDT,0.04554,21964.0,0.04552,34770.0,0.04648,26888.0,0.04649,26870.0
1753617324858,11:55:24.858,ascendex,ACT/USDT:USDT,0.04554,21964.0,0.04552,34770.0,0.04648,26888.0,0.04649,26870.0
1753617325221,11:55:25.221,ascendex,ACT/USDT:USDT,0.04554,21964.0,0.04552,34770.0,0.04648,26888.0,0.04649,26870.0
1753617325451,11:55:25.451,ascendex,ACT/USDT:USDT,0.04554,21964.0,0.04552,34770.0,0.04648,26888.0,0.04649,26870.0
1753617325923,11:55:25.923,ascendex,ACT/USDT:USDT,0.04554,21964.0,0.04552,34770.0,0.04648,26888.0,0.04649,26870.0
1753617326069,11:55:26.069,ascendex,ACT/USDT:USDT,0.04554,21964.0,0.04552,34770.0,0.04648,26888.0,0.04649,26870.0
1753617327884,11:55:27.884,ascendex,ACT/USDT:USDT,0.04554,21964.0,0.04552,34770.0,0.04648,26888.0,0.04649,26870.0
1753617328494,11:55:28.494,ascendex,ACT/USDT:USDT,0.04554,21964.0,0.04552,34770.0,0.04648,26888.0,0.04649,26870.0
1753617329541,11:55:29.541,ascendex,ACT/USDT:USDT,0.04554,21964.0,0.04552,34770.0,0.04648,26888.0,0.04649,26870.0
1753617330555,11:55:30.555,ascendex,ACT/USDT:USDT,0.04552,34770.0,0.04548,42580.0,0.04648,26888.0,0.04649,26870.0
1753617330957,11:55:30.957,ascendex,ACT/USDT:USDT,0.04553,21968.0,0.04552,34770.0,0.04648,26888.0,0.04649,26870.0
1753617331321,11:55:31.321,ascendex,ACT/USDT:USDT,0.04553,21968.0,0.04552,34770.0,0.04648,26888.0,0.04649,26870.0
1753617333894,11:55:33.894,ascendex,ACT/USDT:USDT,0.0455,21983.0,0.04548,42580.0,0.04644,26905.0,0.04648,26888.0
1753617334094,11:55:34.094,ascendex,ACT/USDT:USDT,0.0455,21983.0,0.04548,42580.0,0.04644,26905.0,0.04646,26888.0
1753617334355,11:55:34.355,ascendex,ACT/USDT:USDT,0.0455,21983.0,0.04548,42580.0,0.04644,26905.0,0.04646,26888.0
1753617334812,11:55:34.812,ascendex,ACT/USDT:USDT,0.0455,21983.0,0.04548,42580.0,0.04644,26905.0,0.04646,26888.0
1753617335050,11:55:35.050,ascendex,ACT/USDT:USDT,0.0455,21983.0,0.04548,42580.0,0.04644,26905.0,0.04646,26888.0
1753617336022,11:55:36.022,ascendex,ACT/USDT:USDT,0.0455,21983.0,0.04548,42580.0,0.04644,26905.0,0.04646,26888.0
1753617338349,11:55:38.349,ascendex,ACT/USDT:USDT,0.0455,21983.0,0.04548,42580.0,0.04644,26905.0,0.04646,26888.0
1753617339615,11:55:39.615,ascendex,ACT/USDT:USDT,0.0455,21983.0,0.04548,42580.0,0.04644,26905.0,0.04646,26888.0
1753617343250,11:55:43.250,ascendex,ACT/USDT:USDT,0.0455,21983.0,0.04548,42580.0,0.04644,26905.0,0.04646,26888.0
1753617347075,11:55:47.075,ascendex,ACT/USDT:USDT,0.0455,21983.0,0.04548,42580.0,0.04644,26905.0,0.04646,26888.0
1753617347476,11:55:47.476,ascendex,ACT/USDT:USDT,0.04552,21978.0,0.0455,21983.0,0.04646,53787.0,0.04648,26888.0
1753617347751,11:55:47.751,ascendex,ACT/USDT:USDT,0.04552,21978.0,0.04551,21988.0,0.04646,53787.0,0.04648,26888.0
1753617348017,11:55:48.017,ascendex,ACT/USDT:USDT,0.04552,21978.0,0.04551,21988.0,0.04646,53787.0,0.04648,26888.0
1753617348406,11:55:48.406,ascendex,ACT/USDT:USDT,0.04552,21978.0,0.04551,21988.0,0.04646,53787.0,0.04648,26888.0
1753617348480,11:55:48.480,ascendex,ACT/USDT:USDT,0.04552,21978.0,0.04551,21988.0,0.04646,53787.0,0.04648,26888.0
1753617350095,11:55:50.095,ascendex,ACT/USDT:USDT,0.04552,21978.0,0.04551,21988.0,0.04646,53787.0,0.04648,26888.0
1753617350469,11:55:50.469,ascendex,ACT/USDT:USDT,0.04552,21978.0,0.04551,21988.0,0.04646,53787.0,0.04648,26888.0
1753617354592,11:55:54.592,ascendex,ACT/USDT:USDT,0.04552,21978.0,0.04551,21988.0,0.04646,53787.0,0.04648,26888.0
1753617355415,11:55:55.415,ascendex,ACT/USDT:USDT,0.04552,21978.0,0.04551,21988.0,0.04646,53787.0,0.04648,26888.0
1753617364732,11:56:04.732,ascendex,ACT/USDT:USDT,0.04552,21978.0,0.04551,21988.0,0.04648,26888.0,0.04649,26870.0
1753617365673,11:56:05.673,ascendex,ACT/USDT:USDT,0.04552,21978.0,0.04551,21988.0,0.04648,26888.0,0.04649,26870.0
1753617367671,11:56:07.671,ascendex,ACT/USDT:USDT,0.04552,21978.0,0.04551,21988.0,0.04646,26893.0,0.04648,26888.0
1753617376907,11:56:16.907,ascendex,ACT/USDT:USDT,0.04552,21978.0,0.04551,21988.0,0.04648,26888.0,0.04649,26870.0
1753617377300,11:56:17.300,ascendex,ACT/USDT:USDT,0.04552,21978.0,0.04551,21988.0,0.04648,26888.0,0.04649,26870.0
1753617377493,11:56:17.493,ascendex,ACT/USDT:USDT,0.04552,21978.0,0.04551,21988.0,0.04648,26888.0,0.04649,26870.0
1753617378929,11:56:18.929,ascendex,ACT/USDT:USDT,0.04553,21968.0,0.04552,21978.0,0.04648,26888.0,0.04649,26870.0
1753617379420,11:56:19.420,ascendex,ACT/USDT:USDT,0.04553,21968.0,0.04552,21978.0,0.04648,26888.0,0.04649,26870.0
1753617379875,11:56:19.875,ascendex,ACT/USDT:USDT,0.04553,21968.0,0.04552,21978.0,0.04648,26888.0,0.04649,26870.0
1753617380617,11:56:20.617,ascendex,ACT/USDT:USDT,0.04553,21968.0,0.04552,21978.0,0.04648,26888.0,0.04649,26870.0
1753617385536,11:56:25.536,ascendex,ACT/USDT:USDT,0.04553,21968.0,0.04552,21978.0,0.04648,26888.0,0.04649,26870.0
1753617386483,11:56:26.483,ascendex,ACT/USDT:USDT,0.04553,21968.0,0.04552,21978.0,0.04648,26888.0,0.04649,26870.0
1753617387675,11:56:27.675,ascendex,ACT/USDT:USDT,0.04553,21968.0,0.04552,21978.0,0.04648,26888.0,0.04649,26870.0
1753617393813,11:56:33.813,ascendex,ACT/USDT:USDT,0.04551,21988.0,0.04548,22002.0,0.04648,26888.0,0.04649,26870.0
1753617394146,11:56:34.146,ascendex,ACT/USDT:USDT,0.04551,21988.0,0.0455,21983.0,0.04644,19276.0,0.04646,26888.0
1753617394369,11:56:34.369,ascendex,ACT/USDT:USDT,0.04551,21988.0,0.0455,21983.0,0.04644,19276.0,0.04646,26888.0
1753617394917,11:56:34.917,ascendex,ACT/USDT:USDT,0.04551,21988.0,0.0455,21983.0,0.04644,19276.0,0.04646,26888.0
1753617396110,11:56:36.110,ascendex,ACT/USDT:USDT,0.04551,21988.0,0.0455,21983.0,0.04644,19276.0,0.04646,26888.0
1753617397322,11:56:37.322,ascendex,ACT/USDT:USDT,0.0455,21983.0,0.04548,19316.0,0.04644,19276.0,0.04646,26888.0
1753617397526,11:56:37.526,ascendex,ACT/USDT:USDT,0.0455,21983.0,0.04548,41318.0,0.04644,19276.0,0.04646,53781.0
1753617397786,11:56:37.786,ascendex,ACT/USDT:USDT,0.0455,21983.0,0.04548,41318.0,0.04644,19276.0,0.04646,53781.0
1753617398191,11:56:38.191,ascendex,ACT/USDT:USDT,0.0455,21983.0,0.04548,41318.0,0.04644,19276.0,0.04646,53781.0
1753617398537,11:56:38.537,ascendex,ACT/USDT:USDT,0.0455,21983.0,0.04548,41318.0,0.04644,19276.0,0.04646,53781.0
1753617400985,11:56:40.985,ascendex,ACT/USDT:USDT,0.0455,21983.0,0.04548,41318.0,0.04644,19276.0,0.04646,53781.0
1753617418748,11:56:58.748,ascendex,ACT/USDT:USDT,0.04548,41318.0,0.04543,19539.0,0.04642,26916.0,0.04644,46181.0
1753617419145,11:56:59.145,ascendex,ACT/USDT:USDT,0.04548,41318.0,0.04545,22007.0,0.04642,26916.0,0.04644,26905.0
1753617419303,11:56:59.303,ascendex,ACT/USDT:USDT,0.04548,41318.0,0.04545,22007.0,0.04642,26916.0,0.04644,26905.0
1753617419501,11:56:59.501,ascendex,ACT/USDT:USDT,0.04548,41318.0,0.04545,22007.0,0.04642,26916.0,0.04644,26905.0
1753617421736,11:57:01.736,ascendex,ACT/USDT:USDT,0.04548,41318.0,0.04545,22007.0,0.04642,26916.0,0.04644,26905.0
1753617422542,11:57:02.542,ascendex,ACT/USDT:USDT,0.0455,21988.0,0.04548,41318.0,0.04644,48311.0,0.04646,26893.0
1753617423509,11:57:03.509,ascendex,ACT/USDT:USDT,0.0455,21988.0,0.04548,41318.0,0.04644,48311.0,0.04646,26893.0
1753617423790,11:57:03.790,ascendex,ACT/USDT:USDT,0.0455,21988.0,0.04548,41318.0,0.04644,48311.0,0.04646,26893.0
1753617425032,11:57:05.032,ascendex,ACT/USDT:USDT,0.0455,21988.0,0.04548,41318.0,0.04644,48311.0,0.04646,26893.0
1753617425183,11:57:05.183,ascendex,ACT/USDT:USDT,0.0455,21988.0,0.04548,41318.0,0.04644,48311.0,0.04646,26893.0
1753617433721,11:57:13.721,ascendex,ACT/USDT:USDT,0.0455,21988.0,0.04548,41318.0,0.04646,26893.0,0.04649,10395.0
1753617434023,11:57:14.023,ascendex,ACT/USDT:USDT,0.04552,6617.0,0.0455,21988.0,0.04646,26893.0,0.04647,26882.0
1753617434410,11:57:14.410,ascendex,ACT/USDT:USDT,0.04552,6617.0,0.0455,21988.0,0.04646,26893.0,0.04647,26882.0
1753617435192,11:57:15.192,ascendex,ACT/USDT:USDT,0.04552,6617.0,0.0455,21988.0,0.04646,26893.0,0.04647,26882.0
1753617435624,11:57:15.624,ascendex,ACT/USDT:USDT,0.0455,21988.0,0.04548,22002.0,0.04646,26893.0,0.04647,26882.0
1753617435809,11:57:15.809,ascendex,ACT/USDT:USDT,0.0455,21988.0,0.04548,23157.0,0.04644,26905.0,0.04646,26893.0
1753617436202,11:57:16.202,ascendex,ACT/USDT:USDT,0.0455,21988.0,0.04548,22002.0,0.04644,53804.0,0.04646,26893.0
1753617436427,11:57:16.427,ascendex,ACT/USDT:USDT,0.0455,21988.0,0.04548,22002.0,0.04644,53804.0,0.04646,26893.0
1753617438058,11:57:18.058,ascendex,ACT/USDT:USDT,0.0455,21988.0,0.04548,22002.0,0.04644,53804.0,0.04646,26893.0
1753617438453,11:57:18.453,ascendex,ACT/USDT:USDT,0.0455,21988.0,0.04548,22002.0,0.04644,53804.0,0.04646,26893.0
1753617439410,11:57:19.410,ascendex,ACT/USDT:USDT,0.0455,21988.0,0.04548,22002.0,0.04644,53804.0,0.04646,26893.0
1753617439628,11:57:19.628,ascendex,ACT/USDT:USDT,0.0455,21988.0,0.04548,36287.0,0.04644,53804.0,0.04646,26893.0
1753617440046,11:57:20.046,ascendex,ACT/USDT:USDT,0.0455,21988.0,0.04548,36287.0,0.04644,53804.0,0.04646,26893.0
1753617440632,11:57:20.632,ascendex,ACT/USDT:USDT,0.0455,21988.0,0.04548,36287.0,0.04644,53804.0,0.04646,26893.0
1753617441249,11:57:21.249,ascendex,ACT/USDT:USDT,0.0455,21988.0,0.04548,36287.0,0.04644,53804.0,0.04648,17668.0
1753617442241,11:57:22.241,ascendex,ACT/USDT:USDT,0.04552,21978.0,0.0455,21988.0,0.04648,17668.0,0.04651,16261.0
1753617442326,11:57:22.326,ascendex,ACT/USDT:USDT,0.04552,21978.0,0.04551,21988.0,0.04646,26893.0,0.04648,44544.0
1753617443146,11:57:23.146,ascendex,ACT/USDT:USDT,0.04552,21978.0,0.04551,21988.0,0.04646,26893.0,0.04648,44544.0
1753617443324,11:57:23.324,ascendex,ACT/USDT:USDT,0.04552,21978.0,0.04551,21988.0,0.04646,26893.0,0.04648,44544.0
1753617445949,11:57:25.949,ascendex,ACT/USDT:USDT,0.04552,21978.0,0.04551,21988.0,0.04646,26893.0,0.04648,44544.0
1753617446362,11:57:26.362,ascendex,ACT/USDT:USDT,0.04552,21978.0,0.04551,21988.0,0.04646,26893.0,0.04648,44544.0
1753617446654,11:57:26.654,ascendex,ACT/USDT:USDT,0.04552,21978.0,0.04551,21988.0,0.04646,26893.0,0.04648,44544.0
1753617447181,11:57:27.181,ascendex,ACT/USDT:USDT,0.04552,21978.0,0.04551,21988.0,0.04646,26893.0,0.04648,44544.0
1753617447379,11:57:27.379,ascendex,ACT/USDT:USDT,0.04552,21978.0,0.04551,21988.0,0.04646,26893.0,0.04648,44544.0
1753617462415,11:57:42.415,ascendex,ACT/USDT:USDT,0.04552,21978.0,0.04551,21988.0,0.04646,26893.0,0.04648,44544.0
1753617463270,11:57:43.270,ascendex,ACT/USDT:USDT,0.04552,21978.0,0.04551,21988.0,0.04646,26893.0,0.04648,44544.0
1753617464682,11:57:44.682,ascendex,ACT/USDT:USDT,0.04552,21978.0,0.04551,21988.0,0.04646,26893.0,0.04648,44544.0
1753617465222,11:57:45.222,ascendex,ACT/USDT:USDT,0.04552,21978.0,0.04551,21988.0,0.04646,26893.0,0.04648,44544.0
1753617466435,11:57:46.435,ascendex,ACT/USDT:USDT,0.04552,21978.0,0.04551,21988.0,0.04646,26893.0,0.04648,44544.0
1753617467449,11:57:47.449,ascendex,ACT/USDT:USDT,0.04552,21978.0,0.04551,21988.0,0.04646,26893.0,0.04648,44544.0
1753617467835,11:57:47.835,ascendex,ACT/USDT:USDT,0.04552,21978.0,0.04551,21988.0,0.04646,26893.0,0.04648,44544.0
1753617469514,11:57:49.514,ascendex,ACT/USDT:USDT,0.04552,21978.0,0.04551,21988.0,0.04646,26893.0,0.04648,44544.0
1753617470460,11:57:50.460,ascendex,ACT/USDT:USDT,0.04552,21978.0,0.04551,21988.0,0.04646,26893.0,0.04648,44544.0
1753617470872,11:57:50.872,ascendex,ACT/USDT:USDT,0.04552,21978.0,0.04551,21988.0,0.04646,26893.0,0.04648,44544.0
1753617471475,11:57:51.475,ascendex,ACT/USDT:USDT,0.04552,21978.0,0.04551,21988.0,0.04646,26893.0,0.04648,44544.0
1753617491858,11:58:11.858,ascendex,ACT/USDT:USDT,0.04554,21968.0,0.04552,21978.0,0.04648,44544.0,0.04652,25272.0
1753617492059,11:58:12.059,ascendex,ACT/USDT:USDT,0.04554,21968.0,0.04552,21978.0,0.04648,44544.0,0.04652,25272.0
1753617492731,11:58:12.731,ascendex,ACT/USDT:USDT,0.04554,21968.0,0.04552,21978.0,0.04648,44544.0,0.04652,25272.0
1753617492906,11:58:12.906,ascendex,ACT/USDT:USDT,0.04554,21968.0,0.04552,21978.0,0.04648,44544.0,0.04652,25272.0
1753617494756,11:58:14.756,ascendex,ACT/USDT:USDT,0.04554,21968.0,0.04552,21978.0,0.04648,44544.0,0.04652,25272.0
1753617495069,11:58:15.069,ascendex,ACT/USDT:USDT,0.04554,21968.0,0.04552,21978.0,0.04648,44544.0,0.04652,25272.0
1753617495337,11:58:15.337,ascendex,ACT/USDT:USDT,0.04552,21978.0,0.04551,21988.0,0.04648,44544.0,0.0465,26870.0
1753617495524,11:58:15.524,ascendex,ACT/USDT:USDT,0.04552,21978.0,0.04551,21988.0,0.04648,44544.0,0.0465,26870.0
1753617495880,11:58:15.880,ascendex,ACT/USDT:USDT,0.04552,21978.0,0.04551,21988.0,0.04648,44544.0,0.0465,26870.0
1753617496276,11:58:16.276,ascendex,ACT/USDT:USDT,0.04552,21978.0,0.04551,21988.0,0.04648,44544.0,0.0465,26870.0
1753617497887,11:58:17.887,ascendex,ACT/USDT:USDT,0.04552,21978.0,0.04551,21988.0,0.04646,26893.0,0.04648,26876.0
1753617500782,11:58:20.782,ascendex,ACT/USDT:USDT,0.04552,21978.0,0.04551,21988.0,0.04646,26893.0,0.04648,26876.0
1753617500969,11:58:20.969,ascendex,ACT/USDT:USDT,0.04552,21978.0,0.04551,21988.0,0.04646,26893.0,0.04648,26876.0
1753617501347,11:58:21.347,ascendex,ACT/USDT:USDT,0.04552,21978.0,0.04551,21988.0,0.04646,26893.0,0.04648,26876.0
1753617501495,11:58:21.495,ascendex,ACT/USDT:USDT,0.04552,21978.0,0.04551,21988.0,0.04646,26893.0,0.04648,26876.0
1753617501973,11:58:21.973,ascendex,ACT/USDT:USDT,0.04552,21978.0,0.04551,21988.0,0.04646,26893.0,0.04648,26876.0
1753617503184,11:58:23.184,ascendex,ACT/USDT:USDT,0.04552,21978.0,0.04551,21988.0,0.04646,26893.0,0.04648,53758.0
1753617503566,11:58:23.566,ascendex,ACT/USDT:USDT,0.04552,21978.0,0.04551,21988.0,0.04646,26893.0,0.04648,53758.0
1753617503946,11:58:23.946,ascendex,ACT/USDT:USDT,0.04552,21978.0,0.04551,21988.0,0.04646,26893.0,0.04648,53758.0
1753617504202,11:58:24.202,ascendex,ACT/USDT:USDT,0.04552,21978.0,0.04551,21988.0,0.04646,26893.0,0.04648,53758.0
1753617505593,11:58:25.593,ascendex,ACT/USDT:USDT,0.04552,21978.0,0.04551,21988.0,0.04646,26893.0,0.04648,53758.0
1753617506172,11:58:26.172,ascendex,ACT/USDT:USDT,0.04552,21978.0,0.04551,21988.0,0.04646,26893.0,0.04648,53758.0
1753617506331,11:58:26.331,ascendex,ACT/USDT:USDT,0.04552,21978.0,0.04551,21988.0,0.04646,26893.0,0.04648,53758.0
1753617506787,11:58:26.787,ascendex,ACT/USDT:USDT,0.04552,21978.0,0.04551,21988.0,0.04646,26893.0,0.04648,53758.0
1753617510401,11:58:30.401,ascendex,ACT/USDT:USDT,0.04552,21978.0,0.04551,21988.0,0.04646,26893.0,0.04648,53758.0
1753617512450,11:58:32.450,ascendex,ACT/USDT:USDT,0.04552,21978.0,0.04551,21988.0,0.04646,26893.0,0.04648,53758.0
1753617512633,11:58:32.633,ascendex,ACT/USDT:USDT,0.04552,21978.0,0.04551,21988.0,0.04646,26893.0,0.04648,53758.0
1753617513005,11:58:33.005,ascendex,ACT/USDT:USDT,0.04552,21978.0,0.04551,21988.0,0.04646,26893.0,0.04648,53758.0
1753617513364,11:58:33.364,ascendex,ACT/USDT:USDT,0.04552,21978.0,0.04551,21988.0,0.04646,26893.0,0.04648,53758.0
1753617514001,11:58:34.001,ascendex,ACT/USDT:USDT,0.04552,21978.0,0.04551,21988.0,0.04646,26893.0,0.04648,53758.0
1753617515258,11:58:35.258,ascendex,ACT/USDT:USDT,0.04552,21978.0,0.04551,21988.0,0.04646,26893.0,0.04648,53758.0
1753617520260,11:58:40.260,ascendex,ACT/USDT:USDT,0.04552,21978.0,0.04551,21988.0,0.04646,26893.0,0.04648,53758.0
1753617520860,11:58:40.860,ascendex,ACT/USDT:USDT,0.04552,21978.0,0.04551,21988.0,0.04646,26893.0,0.04648,53758.0
1753617522433,11:58:42.433,ascendex,ACT/USDT:USDT,0.04552,21978.0,0.04551,21988.0,0.04646,26893.0,0.04648,53758.0
1753617523627,11:58:43.627,ascendex,ACT/USDT:USDT,0.04552,21978.0,0.04551,21988.0,0.04646,26893.0,0.04648,53758.0
1753617526047,11:58:46.047,ascendex,ACT/USDT:USDT,0.04552,21978.0,0.04551,21988.0,0.04646,26893.0,0.04648,53758.0
1753617534321,11:58:54.321,ascendex,ACT/USDT:USDT,0.04548,21997.0,0.04545,22007.0,0.04642,26922.0,0.04643,26905.0
1753617534711,11:58:54.711,ascendex,ACT/USDT:USDT,0.04548,21997.0,0.04545,22007.0,0.04642,26922.0,0.04643,26905.0
1753617534927,11:58:54.927,ascendex,ACT/USDT:USDT,0.04548,21997.0,0.04545,22007.0,0.04642,26922.0,0.04643,26905.0
1753617537335,11:58:57.335,ascendex,ACT/USDT:USDT,0.04548,21997.0,0.04545,22007.0,0.04642,26922.0,0.04643,26905.0
1753617538244,11:58:58.244,ascendex,ACT/USDT:USDT,0.04548,21997.0,0.04545,22007.0,0.04642,26922.0,0.04643,26905.0
1753617540432,11:59:00.432,ascendex,ACT/USDT:USDT,0.04548,21997.0,0.04545,22007.0,0.04643,26905.0,0.04644,13166.0
1753617540697,11:59:00.697,ascendex,ACT/USDT:USDT,0.0455,21983.0,0.04549,21997.0,0.04644,13166.0,0.04646,26893.0
1753617541003,11:59:01.003,ascendex,ACT/USDT:USDT,0.0455,21983.0,0.04549,21997.0,0.04644,13166.0,0.04646,26893.0
1753617541289,11:59:01.289,ascendex,ACT/USDT:USDT,0.0455,21983.0,0.04549,21997.0,0.04644,13166.0,0.04646,26893.0
1753617541695,11:59:01.695,ascendex,ACT/USDT:USDT,0.0455,21983.0,0.04549,21997.0,0.04644,13166.0,0.04646,26893.0
1753617541869,11:59:01.869,ascendex,ACT/USDT:USDT,0.0455,21983.0,0.04549,21997.0,0.04644,13166.0,0.04646,26893.0
1753617542111,11:59:02.111,ascendex,ACT/USDT:USDT,0.0455,21983.0,0.04549,21997.0,0.04644,13166.0,0.04646,26893.0
1753617546481,11:59:06.481,ascendex,ACT/USDT:USDT,0.0455,21983.0,0.04549,21997.0,0.04644,13166.0,0.04646,26893.0
1753617549566,11:59:09.566,ascendex,ACT/USDT:USDT,0.04552,21978.0,0.0455,21983.0,0.04646,26893.0,0.04648,26876.0
1753617550191,11:59:10.191,ascendex,ACT/USDT:USDT,0.04552,21978.0,0.0455,21983.0,0.04646,26893.0,0.04648,53758.0
1753617550388,11:59:10.388,ascendex,ACT/USDT:USDT,0.04552,21978.0,0.0455,21983.0,0.04646,26893.0,0.04648,48533.0
1753617557640,11:59:17.640,ascendex,ACT/USDT:USDT,0.04552,21978.0,0.0455,21983.0,0.04646,26893.0,0.04648,48533.0
1753617557851,11:59:17.851,ascendex,ACT/USDT:USDT,0.04552,21978.0,0.0455,21983.0,0.04646,26893.0,0.04648,48533.0
1753617558306,11:59:18.306,ascendex,ACT/USDT:USDT,0.04553,21968.0,0.04552,43961.0,0.04648,48533.0,0.04651,20221.0
1753617558692,11:59:18.692,ascendex,ACT/USDT:USDT,0.04553,21968.0,0.04552,43961.0,0.04648,48533.0,0.04651,20221.0
1753617559039,11:59:19.039,ascendex,ACT/USDT:USDT,0.04553,21968.0,0.04552,43961.0,0.04648,48533.0,0.04651,20221.0
1753617559629,11:59:19.629,ascendex,ACT/USDT:USDT,0.04553,21968.0,0.04552,21983.0,0.04648,48533.0,0.04651,20221.0
1753617559865,11:59:19.865,ascendex,ACT/USDT:USDT,0.04553,21968.0,0.04552,21983.0,0.04648,48533.0,0.04651,20221.0
1753617562133,11:59:22.133,ascendex,ACT/USDT:USDT,0.04553,21968.0,0.04552,21983.0,0.04648,48533.0,0.04651,20221.0
1753617563328,11:59:23.328,ascendex,ACT/USDT:USDT,0.04553,21968.0,0.04552,21983.0,0.04648,48533.0,0.04651,20221.0
1753617565489,11:59:25.489,ascendex,ACT/USDT:USDT,0.04553,21968.0,0.04552,21983.0,0.04648,48533.0,0.04651,20221.0
1753617565948,11:59:25.948,ascendex,ACT/USDT:USDT,0.04553,21968.0,0.04552,21983.0,0.04648,48533.0,0.04651,20221.0
1753617566970,11:59:26.970,ascendex,ACT/USDT:USDT,0.04553,21968.0,0.04552,21983.0,0.04648,48533.0,0.04651,20221.0
1753617568166,11:59:28.166,ascendex,ACT/USDT:USDT,0.04553,21968.0,0.04552,21983.0,0.04648,48533.0,0.04651,20221.0
1753617569344,11:59:29.344,ascendex,ACT/USDT:USDT,0.04553,21968.0,0.04552,21983.0,0.04648,48533.0,0.04651,20221.0
1753617569578,11:59:29.578,ascendex,ACT/USDT:USDT,0.04553,21968.0,0.04552,21983.0,0.04648,48533.0,0.04651,20221.0
1753617570141,11:59:30.141,ascendex,ACT/USDT:USDT,0.04553,21968.0,0.04552,21983.0,0.04648,48533.0,0.04651,20221.0
1753617570687,11:59:30.687,ascendex,ACT/USDT:USDT,0.04553,21968.0,0.04552,21983.0,0.04648,48533.0,0.04651,20221.0
1753617579546,11:59:39.546,ascendex,ACT/USDT:USDT,0.04553,21968.0,0.04552,21983.0,0.04648,48533.0,0.04651,20221.0
1753617580070,11:59:40.070,ascendex,ACT/USDT:USDT,0.04553,21968.0,0.04552,21983.0,0.04648,48533.0,0.04651,20221.0
1753617580332,11:59:40.332,ascendex,ACT/USDT:USDT,0.04553,21968.0,0.04552,21983.0,0.04648,48533.0,0.04651,20221.0
1753617584986,11:59:44.986,ascendex,ACT/USDT:USDT,0.04553,21968.0,0.04552,21983.0,0.04648,48533.0,0.04651,20221.0
1753617585195,11:59:45.195,ascendex,ACT/USDT:USDT,0.04553,21968.0,0.04552,21983.0,0.04648,48533.0,0.04651,20221.0
1753617586378,11:59:46.378,ascendex,ACT/USDT:USDT,0.04554,21964.0,0.04553,21968.0,0.04648,48533.0,0.04651,20221.0
1753617587181,11:59:47.181,ascendex,ACT/USDT:USDT,0.04554,21964.0,0.04553,21968.0,0.04648,48533.0,0.04651,20221.0
1753617590607,11:59:50.607,ascendex,ACT/USDT:USDT,0.04554,21964.0,0.04552,21983.0,0.04648,48533.0,0.04651,20221.0
1753617591019,11:59:51.019,ascendex,ACT/USDT:USDT,0.04554,21964.0,0.04552,21983.0,0.04648,48533.0,0.04651,20221.0
1753617592822,11:59:52.822,ascendex,ACT/USDT:USDT,0.04554,21964.0,0.04552,21983.0,0.04648,48533.0,0.04651,20221.0
1753617593224,11:59:53.224,ascendex,ACT/USDT:USDT,0.04554,21964.0,0.04552,21983.0,0.04648,48533.0,0.04651,20221.0
1753617593426,11:59:53.426,ascendex,ACT/USDT:USDT,0.04554,21964.0,0.04552,21983.0,0.04648,48533.0,0.04651,20221.0
1753617593829,11:59:53.829,ascendex,ACT/USDT:USDT,0.04554,21964.0,0.04552,21983.0,0.04648,48533.0,0.04651,20221.0
1753617594440,11:59:54.440,ascendex,ACT/USDT:USDT,0.04554,21964.0,0.04552,21983.0,0.04648,48533.0,0.04651,20221.0
1753617594887,11:59:54.887,ascendex,ACT/USDT:USDT,0.04554,21964.0,0.04552,21983.0,0.04648,48533.0,0.04651,20221.0
1753617596334,11:59:56.334,ascendex,ACT/USDT:USDT,0.04552,21983.0,0.0455,19713.0,0.04648,48533.0,0.04651,20221.0
1753617596465,11:59:56.465,ascendex,ACT/USDT:USDT,0.04552,43956.0,0.0455,19713.0,0.04648,48533.0,0.04651,20221.0
1753617596695,11:59:56.695,ascendex,ACT/USDT:USDT,0.04552,43956.0,0.0455,19713.0,0.04648,48533.0,0.04651,20221.0
1753617598075,11:59:58.075,ascendex,ACT/USDT:USDT,0.04552,43956.0,0.0455,19713.0,0.04648,48533.0,0.04651,20221.0
1753617598483,11:59:58.483,ascendex,ACT/USDT:USDT,0.04552,43956.0,0.0455,19713.0,0.04646,26893.0,0.04648,48533.0
1753617598892,11:59:58.892,ascendex,ACT/USDT:USDT,0.04552,43956.0,0.0455,19713.0,0.04646,26893.0,0.04648,48533.0
1753617599229,11:59:59.229,ascendex,ACT/USDT:USDT,0.04552,43956.0,0.0455,19713.0,0.04648,48533.0,0.04651,20221.0
1753617599321,11:59:59.321,ascendex,ACT/USDT:USDT,0.04552,43956.0,0.0455,19713.0,0.04648,48533.0,0.04651,20221.0
1753617600501,12:00:00.501,ascendex,ACT/USDT:USDT,0.04552,43956.0,0.0455,19713.0,0.04648,48533.0,0.04651,20221.0
1753617602711,12:00:02.711,ascendex,ACT/USDT:USDT,0.04553,21968.0,0.04552,43956.0,0.04648,48533.0,0.04651,20221.0
1753617602922,12:00:02.922,ascendex,ACT/USDT:USDT,0.04553,21968.0,0.04552,21983.0,0.04646,4307.0,0.04648,48533.0
1753617603203,12:00:03.203,ascendex,ACT/USDT:USDT,0.04553,21968.0,0.04552,21983.0,0.04648,48533.0,0.04651,20221.0
1753617603946,12:00:03.946,ascendex,ACT/USDT:USDT,0.04554,21964.0,0.04553,21968.0,0.04648,48533.0,0.04651,20221.0
1753617604136,12:00:04.136,ascendex,ACT/USDT:USDT,0.04554,21964.0,0.04553,21968.0,0.04648,48533.0,0.04651,20221.0
1753617607111,12:00:07.111,ascendex,ACT/USDT:USDT,0.04553,21968.0,0.04552,21983.0,0.04646,26893.0,0.04648,48533.0
1753617607722,12:00:07.722,ascendex,ACT/USDT:USDT,0.04553,21968.0,0.04552,21983.0,0.04646,26893.0,0.04648,48533.0
1753617607908,12:00:07.908,ascendex,ACT/USDT:USDT,0.04553,21968.0,0.04552,21983.0,0.04646,26893.0,0.04648,48533.0
1753617610304,12:00:10.304,ascendex,ACT/USDT:USDT,0.04553,21968.0,0.04552,21983.0,0.04646,26893.0,0.04648,48533.0
1753617612522,12:00:12.522,ascendex,ACT/USDT:USDT,0.04552,43961.0,0.0455,21988.0,0.04646,26893.0,0.04648,48533.0
1753617612673,12:00:12.673,ascendex,ACT/USDT:USDT,0.04552,43961.0,0.0455,21988.0,0.04646,26893.0,0.04648,48533.0
1753617612878,12:00:12.878,ascendex,ACT/USDT:USDT,0.04552,43961.0,0.0455,21988.0,0.04646,26893.0,0.04648,48533.0
1753617614072,12:00:14.072,ascendex,ACT/USDT:USDT,0.04552,43961.0,0.0455,21988.0,0.04646,26893.0,0.04648,48533.0
1753617614693,12:00:14.693,ascendex,ACT/USDT:USDT,0.04552,43961.0,0.0455,21988.0,0.04646,26893.0,0.04648,48533.0
1753617615059,12:00:15.059,ascendex,ACT/USDT:USDT,0.04552,43961.0,0.0455,21988.0,0.04646,26893.0,0.04648,48533.0
1753617616529,12:00:16.529,ascendex,ACT/USDT:USDT,0.0455,21988.0,0.04545,41996.0,0.04644,26905.0,0.04646,26893.0
1753617616746,12:00:16.746,ascendex,ACT/USDT:USDT,0.0455,21988.0,0.04549,21997.0,0.04644,26905.0,0.04646,26893.0
1753617616984,12:00:16.984,ascendex,ACT/USDT:USDT,0.0455,21988.0,0.04549,21997.0,0.04644,26905.0,0.04646,26893.0
1753617620353,12:00:20.353,ascendex,ACT/USDT:USDT,0.0455,21988.0,0.04549,21997.0,0.04644,26905.0,0.04648,26876.0
1753617620563,12:00:20.563,ascendex,ACT/USDT:USDT,0.0455,21988.0,0.04549,21997.0,0.04644,26905.0,0.04648,39916.0
1753617621043,12:00:21.043,ascendex,ACT/USDT:USDT,0.0455,21988.0,0.04549,21997.0,0.04644,26905.0,0.04648,39916.0
1753617622232,12:00:22.232,ascendex,ACT/USDT:USDT,0.0455,21988.0,0.04549,21997.0,0.04644,26905.0,0.04648,39916.0
1753617623451,12:00:23.451,ascendex,ACT/USDT:USDT,0.0455,21988.0,0.04549,21997.0,0.04644,26905.0,0.04648,39916.0
1753617625188,12:00:25.188,ascendex,ACT/USDT:USDT,0.0455,21988.0,0.04549,21997.0,0.04644,26905.0,0.04648,39916.0
1753617626125,12:00:26.125,ascendex,ACT/USDT:USDT,0.04552,21978.0,0.0455,21988.0,0.04646,26899.0,0.04648,39916.0
1753617627605,12:00:27.605,ascendex,ACT/USDT:USDT,0.04552,21978.0,0.0455,21988.0,0.04646,26899.0,0.04648,39916.0
1753617628006,12:00:28.006,ascendex,ACT/USDT:USDT,0.04552,21978.0,0.0455,21988.0,0.04646,26899.0,0.04648,39916.0
1753617628253,12:00:28.253,ascendex,ACT/USDT:USDT,0.04552,21978.0,0.0455,21988.0,0.04646,26899.0,0.04648,39916.0
1753617628594,12:00:28.594,ascendex,ACT/USDT:USDT,0.04552,21978.0,0.0455,21988.0,0.04646,26899.0,0.04648,39916.0
1753617628829,12:00:28.829,ascendex,ACT/USDT:USDT,0.04553,21968.0,0.04552,43961.0,0.04648,39916.0,0.04651,20221.0
1753617629223,12:00:29.223,ascendex,ACT/USDT:USDT,0.04553,21968.0,0.04552,43961.0,0.04648,39916.0,0.04651,20221.0
1753617629611,12:00:29.611,ascendex,ACT/USDT:USDT,0.04553,21968.0,0.04552,43961.0,0.04646,26893.0,0.04648,39916.0
1753617629861,12:00:29.861,ascendex,ACT/USDT:USDT,0.04553,21968.0,0.04552,21983.0,0.04646,26893.0,0.04648,39916.0
1753617630016,12:00:30.016,ascendex,ACT/USDT:USDT,0.04553,21968.0,0.04552,21983.0,0.04646,26893.0,0.04648,39916.0
1753617630658,12:00:30.658,ascendex,ACT/USDT:USDT,0.04553,21968.0,0.04552,21983.0,0.04646,26893.0,0.04648,39916.0
1753617634653,12:00:34.653,ascendex,ACT/USDT:USDT,0.04552,21983.0,0.04548,18368.0,0.04646,26893.0,0.04648,39916.0
1753617634710,12:00:34.710,ascendex,ACT/USDT:USDT,0.04552,24243.0,0.04548,18368.0,0.04646,26893.0,0.04648,39916.0
1753617635493,12:00:35.493,ascendex,ACT/USDT:USDT,0.04552,24243.0,0.04548,18368.0,0.04646,26893.0,0.04648,39916.0
1753617636285,12:00:36.285,ascendex,ACT/USDT:USDT,0.04552,24243.0,0.04548,18368.0,0.04646,26893.0,0.04648,39916.0
1753617637929,12:00:37.929,ascendex,ACT/USDT:USDT,0.04552,24243.0,0.04548,18368.0,0.04646,26893.0,0.04648,39916.0
1753617639670,12:00:39.670,ascendex,ACT/USDT:USDT,0.04549,21997.0,0.04548,18368.0,0.04646,26893.0,0.04648,39916.0
1753617639935,12:00:39.935,ascendex,ACT/USDT:USDT,0.0455,21983.0,0.04549,21997.0,0.04644,26905.0,0.04648,53764.0
1753617640871,12:00:40.871,ascendex,ACT/USDT:USDT,0.0455,21983.0,0.04549,21997.0,0.04644,26905.0,0.04648,53764.0
1753617646547,12:00:46.547,ascendex,ACT/USDT:USDT,0.0455,21983.0,0.04549,21997.0,0.04644,26905.0,0.04648,53764.0
1753617651986,12:00:51.986,ascendex,ACT/USDT:USDT,0.0455,21983.0,0.04549,21997.0,0.04648,53764.0,0.04651,20221.0
1753617652035,12:00:52.035,ascendex,ACT/USDT:USDT,0.04552,21978.0,0.0455,21983.0,0.04646,26899.0,0.04648,53764.0
1753617652920,12:00:52.920,ascendex,ACT/USDT:USDT,0.0455,21983.0,0.04549,21997.0,0.04646,53792.0,0.04648,53764.0
1753617653216,12:00:53.216,ascendex,ACT/USDT:USDT,0.0455,21983.0,0.04549,21997.0,0.04644,26905.0,0.04646,53792.0
1753617653410,12:00:53.410,ascendex,ACT/USDT:USDT,0.0455,21983.0,0.04549,21997.0,0.04644,26905.0,0.04646,53792.0
1753617653811,12:00:53.811,ascendex,ACT/USDT:USDT,0.0455,21983.0,0.04549,21997.0,0.04644,26905.0,0.04646,53792.0
1753617655421,12:00:55.421,ascendex,ACT/USDT:USDT,0.0455,21983.0,0.04549,21997.0,0.04644,26905.0,0.04646,53792.0
1753617655610,12:00:55.610,ascendex,ACT/USDT:USDT,0.0455,21983.0,0.04549,21997.0,0.04644,26905.0,0.04646,53792.0
1753617659232,12:00:59.232,ascendex,ACT/USDT:USDT,0.0455,21983.0,0.04549,21997.0,0.04644,26905.0,0.04646,53792.0
1753617660539,12:01:00.539,ascendex,ACT/USDT:USDT,0.0455,21983.0,0.04549,21997.0,0.04644,21304.0,0.04646,53792.0
1753617660840,12:01:00.840,ascendex,ACT/USDT:USDT,0.0455,21983.0,0.04549,21997.0,0.04646,53792.0,0.04651,19685.0
1753617661044,12:01:01.044,ascendex,ACT/USDT:USDT,0.04552,21978.0,0.0455,21983.0,0.04646,53792.0,0.04648,3628.0
1753617661246,12:01:01.246,ascendex,ACT/USDT:USDT,0.04552,21978.0,0.0455,21983.0,0.04646,53792.0,0.04648,3628.0
1753617664810,12:01:04.810,ascendex,ACT/USDT:USDT,0.04552,21978.0,0.0455,21983.0,0.04646,53792.0,0.0465,23249.0
1753617665520,12:01:05.520,ascendex,ACT/USDT:USDT,0.04552,21978.0,0.0455,21983.0,0.04646,53792.0,0.04648,21035.0
1753617666473,12:01:06.473,ascendex,ACT/USDT:USDT,0.04552,21978.0,0.0455,21983.0,0.04646,53792.0,0.0465,23249.0
1753617666873,12:01:06.873,ascendex,ACT/USDT:USDT,0.04552,21978.0,0.0455,21983.0,0.04646,53792.0,0.04648,26882.0
1753617667099,12:01:07.099,ascendex,ACT/USDT:USDT,0.04552,21978.0,0.0455,21983.0,0.04646,53792.0,0.04648,26882.0
1753617667944,12:01:07.944,ascendex,ACT/USDT:USDT,0.04552,21978.0,0.0455,21983.0,0.04646,53792.0,0.04648,26882.0
1753617670306,12:01:10.306,ascendex,ACT/USDT:USDT,0.0455,21983.0,0.04549,21997.0,0.04646,53792.0,0.04648,26882.0
1753617670565,12:01:10.565,ascendex,ACT/USDT:USDT,0.0455,21983.0,0.04549,21997.0,0.04644,18645.0,0.04646,53792.0
1753617672191,12:01:12.191,ascendex,ACT/USDT:USDT,0.0455,21983.0,0.04549,21997.0,0.04646,53792.0,0.0465,23249.0
1753617672737,12:01:12.737,ascendex,ACT/USDT:USDT,0.0455,21983.0,0.04549,21997.0,0.04646,53792.0,0.0465,23249.0
1753617673200,12:01:13.200,ascendex,ACT/USDT:USDT,0.0455,21983.0,0.04549,21997.0,0.04646,53792.0,0.04648,26888.0
1753617677564,12:01:17.564,ascendex,ACT/USDT:USDT,0.0455,21983.0,0.04549,21997.0,0.04646,53792.0,0.04648,26888.0
1753617678620,12:01:18.620,ascendex,ACT/USDT:USDT,0.0455,21983.0,0.04549,21997.0,0.04646,53792.0,0.0465,23249.0
1753617678921,12:01:18.921,ascendex,ACT/USDT:USDT,0.0455,21983.0,0.04549,21997.0,0.04644,26911.0,0.04646,53792.0
1753617679150,12:01:19.150,ascendex,ACT/USDT:USDT,0.0455,21983.0,0.04549,21997.0,0.04644,26911.0,0.04646,53792.0
1753617679515,12:01:19.515,ascendex,ACT/USDT:USDT,0.0455,21983.0,0.04549,21997.0,0.04644,26911.0,0.04646,53792.0
1753617681189,12:01:21.189,ascendex,ACT/USDT:USDT,0.0455,21983.0,0.04549,21997.0,0.04644,26911.0,0.04646,53792.0
1753617684645,12:01:24.645,ascendex,ACT/USDT:USDT,0.0455,21983.0,0.04549,21997.0,0.04644,26911.0,0.04646,53792.0
1753617684784,12:01:24.784,ascendex,ACT/USDT:USDT,0.0455,21983.0,0.04549,21997.0,0.04644,26911.0,0.04646,53792.0
1753617685511,12:01:25.511,ascendex,ACT/USDT:USDT,0.0455,21983.0,0.04549,21997.0,0.04644,26911.0,0.04646,53792.0
1753617685981,12:01:25.981,ascendex,ACT/USDT:USDT,0.0455,21983.0,0.04549,21997.0,0.04644,26911.0,0.04646,53792.0
1753617687824,12:01:27.824,ascendex,ACT/USDT:USDT,0.04552,21978.0,0.0455,21983.0,0.04646,53792.0,0.0465,23249.0
1753617689583,12:01:29.583,ascendex,ACT/USDT:USDT,0.04552,21978.0,0.0455,21983.0,0.04646,53792.0,0.0465,23249.0
1753617690232,12:01:30.232,ascendex,ACT/USDT:USDT,0.04552,21978.0,0.0455,21983.0,0.04646,53792.0,0.0465,23249.0
1753617690640,12:01:30.640,ascendex,ACT/USDT:USDT,0.04552,21978.0,0.0455,21983.0,0.04646,53792.0,0.0465,23249.0
1753617691661,12:01:31.661,ascendex,ACT/USDT:USDT,0.04554,21968.0,0.04552,43956.0,0.04648,26882.0,0.0465,23249.0
1753617691994,12:01:31.994,ascendex,ACT/USDT:USDT,0.04554,21968.0,0.04552,43956.0,0.04648,26882.0,0.0465,23249.0
1753617692278,12:01:32.278,ascendex,ACT/USDT:USDT,0.04554,21968.0,0.04552,43956.0,0.0465,23249.0,0.04651,26864.0
1753617692622,12:01:32.622,ascendex,ACT/USDT:USDT,0.04555,21959.0,0.04552,21978.0,0.0465,23249.0,0.04651,26864.0
1753617692888,12:01:32.888,ascendex,ACT/USDT:USDT,0.04556,21954.0,0.04555,21959.0,0.0465,23249.0,0.04651,26864.0
1753617693595,12:01:33.595,ascendex,ACT/USDT:USDT,0.04558,21944.0,0.04556,21954.0,0.04652,26864.0,0.04653,26859.0
1753617693913,12:01:33.913,ascendex,ACT/USDT:USDT,0.04558,21944.0,0.04556,21954.0,0.04652,26864.0,0.04653,26859.0
1753617694117,12:01:34.117,ascendex,ACT/USDT:USDT,0.04558,21944.0,0.04556,21954.0,0.04652,26864.0,0.04653,26859.0
1753617694399,12:01:34.399,ascendex,ACT/USDT:USDT,0.04558,21944.0,0.04556,21954.0,0.04652,26864.0,0.04653,26859.0
1753617694797,12:01:34.797,ascendex,ACT/USDT:USDT,0.04556,21954.0,0.04554,21968.0,0.04651,26870.0,0.04652,26864.0
1753617695031,12:01:35.031,ascendex,ACT/USDT:USDT,0.04556,21954.0,0.04554,21968.0,0.04651,26870.0,0.04652,26864.0
1753617695416,12:01:35.416,ascendex,ACT/USDT:USDT,0.04556,21954.0,0.04554,43936.0,0.04651,26870.0,0.04652,26864.0
1753617697286,12:01:37.286,ascendex,ACT/USDT:USDT,0.04554,43936.0,0.0455,21983.0,0.04649,26870.0,0.04651,26870.0
1753617697498,12:01:37.498,ascendex,ACT/USDT:USDT,0.04554,43936.0,0.0455,21983.0,0.04648,26888.0,0.04649,26870.0
1753617697892,12:01:37.892,ascendex,ACT/USDT:USDT,0.04554,43936.0,0.0455,21983.0,0.04648,26888.0,0.04649,26870.0
1753617698628,12:01:38.628,ascendex,ACT/USDT:USDT,0.04554,43936.0,0.04552,15429.0,0.04648,26888.0,0.04649,26870.0
1753617698870,12:01:38.870,ascendex,ACT/USDT:USDT,0.04554,43936.0,0.04552,15429.0,0.04648,26888.0,0.04649,26870.0
1753617699288,12:01:39.288,ascendex,ACT/USDT:USDT,0.04556,21954.0,0.04555,21959.0,0.0465,26876.0,0.04654,49620.0
1753617699625,12:01:39.625,ascendex,ACT/USDT:USDT,0.04556,21954.0,0.04555,21959.0,0.0465,26876.0,0.04654,49620.0
1753617699883,12:01:39.883,ascendex,ACT/USDT:USDT,0.04556,21954.0,0.04554,21968.0,0.0465,26876.0,0.04654,49620.0
1753617700251,12:01:40.251,ascendex,ACT/USDT:USDT,0.04556,21954.0,0.04554,21968.0,0.0465,26876.0,0.04654,49620.0
1753617701071,12:01:41.071,ascendex,ACT/USDT:USDT,0.04556,21954.0,0.04554,21968.0,0.0465,26876.0,0.04654,49620.0
1753617702450,12:01:42.450,ascendex,ACT/USDT:USDT,0.04556,21954.0,0.04554,33758.0,0.0465,26876.0,0.04654,49620.0
1753617703448,12:01:43.448,ascendex,ACT/USDT:USDT,0.04556,21954.0,0.04554,33758.0,0.0465,26876.0,0.04654,49620.0
1753617705579,12:01:45.579,ascendex,ACT/USDT:USDT,0.04556,21954.0,0.04554,21968.0,0.0465,26876.0,0.04652,31999.0
1753617705848,12:01:45.848,ascendex,ACT/USDT:USDT,0.04556,21954.0,0.04554,21968.0,0.0465,26876.0,0.04652,48578.0
1753617706245,12:01:46.245,ascendex,ACT/USDT:USDT,0.04556,21954.0,0.04554,21968.0,0.0465,26876.0,0.04652,48578.0
1753617706615,12:01:46.615,ascendex,ACT/USDT:USDT,0.04556,21954.0,0.04554,21968.0,0.0465,26876.0,0.04652,48578.0
1753617707792,12:01:47.792,ascendex,ACT/USDT:USDT,0.04554,21968.0,0.04552,21973.0,0.0465,26876.0,0.04652,48578.0
1753617708143,12:01:48.143,ascendex,ACT/USDT:USDT,0.04554,43932.0,0.04552,21973.0,0.04649,26882.0,0.0465,26876.0
1753617708770,12:01:48.770,ascendex,ACT/USDT:USDT,0.04554,43932.0,0.04552,21973.0,0.04649,26882.0,0.0465,26876.0
1753617709093,12:01:49.093,ascendex,ACT/USDT:USDT,0.04554,43932.0,0.04552,21973.0,0.04649,26882.0,0.0465,26876.0
1753617709368,12:01:49.368,ascendex,ACT/USDT:USDT,0.04554,43932.0,0.04552,21973.0,0.04649,26882.0,0.0465,26876.0
1753617710034,12:01:50.034,ascendex,ACT/USDT:USDT,0.04554,43932.0,0.04552,21973.0,0.04649,26882.0,0.0465,26876.0
1753617710476,12:01:50.476,ascendex,ACT/USDT:USDT,0.04554,43932.0,0.04552,21973.0,0.04649,26882.0,0.0465,26876.0
1753617710740,12:01:50.740,ascendex,ACT/USDT:USDT,0.04554,43932.0,0.04552,21973.0,0.04649,26882.0,0.0465,26876.0
1753617711234,12:01:51.234,ascendex,ACT/USDT:USDT,0.04554,43932.0,0.04552,21973.0,0.04649,26882.0,0.0465,26876.0
1753617720664,12:02:00.664,ascendex,ACT/USDT:USDT,0.04555,21959.0,0.04554,43932.0,0.04649,26882.0,0.04652,26859.0
1753617721446,12:02:01.446,ascendex,ACT/USDT:USDT,0.04555,21959.0,0.04554,43932.0,0.04649,26882.0,0.04652,29257.0
1753617722633,12:02:02.633,ascendex,ACT/USDT:USDT,0.04555,21959.0,0.04554,21968.0,0.04649,26882.0,0.04652,53723.0
1753617722851,12:02:02.851,ascendex,ACT/USDT:USDT,0.04555,21959.0,0.04554,21968.0,0.04649,26882.0,0.04652,51325.0
1753617723887,12:02:03.887,ascendex,ACT/USDT:USDT,0.04555,21959.0,0.04554,21968.0,0.04649,26882.0,0.04652,51325.0
1753617730876,12:02:10.876,ascendex,ACT/USDT:USDT,0.04552,19305.0,0.04549,9231.0,0.04646,26893.0,0.04648,26876.0
1753617731103,12:02:11.103,ascendex,ACT/USDT:USDT,0.04552,19305.0,0.04551,21988.0,0.04646,26893.0,0.04648,26876.0
1753617731472,12:02:11.472,ascendex,ACT/USDT:USDT,0.04552,19305.0,0.04551,21988.0,0.04646,26893.0,0.04648,26876.0
1753617731858,12:02:11.858,ascendex,ACT/USDT:USDT,0.04552,19305.0,0.04551,21988.0,0.04648,26876.0,0.04649,26882.0
1753617732100,12:02:12.100,ascendex,ACT/USDT:USDT,0.04554,21968.0,0.04552,19305.0,0.04648,53764.0,0.04649,26882.0
1753617732303,12:02:12.303,ascendex,ACT/USDT:USDT,0.04554,21968.0,0.04552,19305.0,0.04648,53764.0,0.04649,26882.0
1753617732687,12:02:12.687,ascendex,ACT/USDT:USDT,0.04554,21968.0,0.04552,19305.0,0.04648,53764.0,0.04649,26882.0
1753617733502,12:02:13.502,ascendex,ACT/USDT:USDT,0.04554,21968.0,0.04552,19305.0,0.04648,53764.0,0.04649,26882.0
1753617735905,12:02:15.905,ascendex,ACT/USDT:USDT,0.04554,21968.0,0.04552,19305.0,0.04648,53764.0,0.04652,24466.0
1753617736523,12:02:16.523,ascendex,ACT/USDT:USDT,0.04552,19305.0,0.04551,21988.0,0.04648,53764.0,0.0465,9549.0
1753617736768,12:02:16.768,ascendex,ACT/USDT:USDT,0.04553,21968.0,0.04552,19305.0,0.04648,53764.0,0.0465,9549.0
1753617737225,12:02:17.225,ascendex,ACT/USDT:USDT,0.04553,21968.0,0.04552,19305.0,0.04648,53764.0,0.0465,9549.0
1753617738968,12:02:18.968,ascendex,ACT/USDT:USDT,0.04554,21964.0,0.04553,21968.0,0.04648,53764.0,0.04652,24466.0
1753617739354,12:02:19.354,ascendex,ACT/USDT:USDT,0.04555,21959.0,0.04554,43937.0,0.0465,26876.0,0.04652,51325.0
1753617739573,12:02:19.573,ascendex,ACT/USDT:USDT,0.04555,21959.0,0.04554,43937.0,0.0465,26876.0,0.04652,51325.0
1753617740368,12:02:20.368,ascendex,ACT/USDT:USDT,0.04556,21954.0,0.04555,21959.0,0.0465,26876.0,0.04652,51325.0
1753617740592,12:02:20.592,ascendex,ACT/USDT:USDT,0.04559,21939.0,0.04556,43913.0,0.04654,26853.0,0.04656,25700.0
1753617740936,12:02:20.936,ascendex,ACT/USDT:USDT,0.04559,21939.0,0.04556,43913.0,0.04654,26853.0,0.04656,52536.0
1753617741293,12:02:21.293,ascendex,ACT/USDT:USDT,0.04559,21939.0,0.04556,43913.0,0.04654,26853.0,0.04656,52536.0
1753617741484,12:02:21.484,ascendex,ACT/USDT:USDT,0.04559,21939.0,0.04556,43913.0,0.04654,26853.0,0.04656,52536.0
1753617741803,12:02:21.803,ascendex,ACT/USDT:USDT,0.04559,21939.0,0.04556,43913.0,0.04654,26853.0,0.04656,52536.0
1753617742160,12:02:22.160,ascendex,ACT/USDT:USDT,0.04559,21939.0,0.04556,43913.0,0.04653,26859.0,0.04654,26853.0
1753617742574,12:02:22.574,ascendex,ACT/USDT:USDT,0.04559,21939.0,0.04556,43913.0,0.04653,26859.0,0.04656,41034.0
1753617742688,12:02:22.688,ascendex,ACT/USDT:USDT,0.04559,21939.0,0.04556,43913.0,0.04653,26859.0,0.04656,41034.0
1753617743221,12:02:23.221,ascendex,ACT/USDT:USDT,0.04559,21939.0,0.04556,43913.0,0.04656,41034.0,0.0466,19688.0
1753617743397,12:02:23.397,ascendex,ACT/USDT:USDT,0.0456,21935.0,0.04559,21939.0,0.04655,26847.0,0.04656,41034.0
1753617743878,12:02:23.878,ascendex,ACT/USDT:USDT,0.0456,21935.0,0.04559,21939.0,0.04655,26847.0,0.04656,41034.0
1753617744078,12:02:24.078,ascendex,ACT/USDT:USDT,0.0456,21935.0,0.04559,21939.0,0.04655,26847.0,0.04656,41034.0
1753617744313,12:02:24.313,ascendex,ACT/USDT:USDT,0.0456,21935.0,0.04559,21939.0,0.04655,26847.0,0.04656,41034.0
1753617744820,12:02:24.820,ascendex,ACT/USDT:USDT,0.0456,21935.0,0.04559,21939.0,0.04655,26847.0,0.04656,41034.0
1753617745087,12:02:25.087,ascendex,ACT/USDT:USDT,0.0456,21935.0,0.04559,21939.0,0.04655,26847.0,0.04656,41034.0
1753617745612,12:02:25.612,ascendex,ACT/USDT:USDT,0.0456,21935.0,0.04559,21939.0,0.04655,26847.0,0.04656,41034.0
1753617746298,12:02:26.298,ascendex,ACT/USDT:USDT,0.0456,21935.0,0.04559,21939.0,0.04655,26847.0,0.04656,41034.0
1753617746497,12:02:26.497,ascendex,ACT/USDT:USDT,0.0456,21935.0,0.04559,21939.0,0.04655,26847.0,0.04656,41034.0
1753617747387,12:02:27.387,ascendex,ACT/USDT:USDT,0.0456,21935.0,0.04559,21939.0,0.04655,26847.0,0.04656,41034.0
1753617747501,12:02:27.501,ascendex,ACT/USDT:USDT,0.0456,21935.0,0.04559,21939.0,0.04655,26847.0,0.04656,41034.0
1753617748986,12:02:28.986,ascendex,ACT/USDT:USDT,0.0456,21935.0,0.04559,21939.0,0.04655,26847.0,0.04656,41034.0
1753617749030,12:02:29.030,ascendex,ACT/USDT:USDT,0.0456,21935.0,0.04558,21949.0,0.04654,26853.0,0.04655,26847.0
1753617749428,12:02:29.428,ascendex,ACT/USDT:USDT,0.0456,21935.0,0.04558,21949.0,0.04654,26853.0,0.04656,26836.0
1753617749768,12:02:29.768,ascendex,ACT/USDT:USDT,0.0456,21935.0,0.04558,21949.0,0.04654,26853.0,0.04656,26836.0
1753617750020,12:02:30.020,ascendex,ACT/USDT:USDT,0.0456,21935.0,0.04558,21949.0,0.04654,26853.0,0.04656,26836.0
1753617750767,12:02:30.767,ascendex,ACT/USDT:USDT,0.0456,21935.0,0.04558,37971.0,0.04654,26853.0,0.04656,26836.0
1753617750986,12:02:30.986,ascendex,ACT/USDT:USDT,0.0456,21935.0,0.04558,37971.0,0.04654,26853.0,0.04656,26836.0
1753617752968,12:02:32.968,ascendex,ACT/USDT:USDT,0.0456,21935.0,0.04558,21949.0,0.04654,26853.0,0.04656,26836.0
1753617753171,12:02:33.171,ascendex,ACT/USDT:USDT,0.0456,21935.0,0.04558,21949.0,0.04654,26853.0,0.04656,26836.0
1753617754600,12:02:34.600,ascendex,ACT/USDT:USDT,0.0456,21935.0,0.04558,21949.0,0.04654,26853.0,0.04656,26836.0
1753617755970,12:02:35.970,ascendex,ACT/USDT:USDT,0.04558,43893.0,0.04556,21954.0,0.04653,26859.0,0.04654,26853.0
1753617756460,12:02:36.460,ascendex,ACT/USDT:USDT,0.04558,43893.0,0.04556,21954.0,0.04653,26859.0,0.04654,26853.0
1753617756767,12:02:36.767,ascendex,ACT/USDT:USDT,0.04558,43893.0,0.04556,21954.0,0.04653,26859.0,0.04654,26853.0
1753617757573,12:02:37.573,ascendex,ACT/USDT:USDT,0.04558,43893.0,0.04556,21954.0,0.04653,26859.0,0.04654,26853.0
1753617758793,12:02:38.793,ascendex,ACT/USDT:USDT,0.04559,21939.0,0.04558,43893.0,0.04653,26859.0,0.04656,28358.0
1753617758974,12:02:38.974,ascendex,ACT/USDT:USDT,0.04559,21939.0,0.04558,43893.0,0.04653,26859.0,0.04656,47428.0
1753617759210,12:02:39.210,ascendex,ACT/USDT:USDT,0.04559,21939.0,0.04558,43893.0,0.04653,26859.0,0.04656,45906.0
1753617760001,12:02:40.001,ascendex,ACT/USDT:USDT,0.04559,21939.0,0.04558,43893.0,0.04653,26859.0,0.04656,45906.0
1753617760582,12:02:40.582,ascendex,ACT/USDT:USDT,0.04559,21939.0,0.04558,43893.0,0.04653,26859.0,0.04656,45906.0
1753617761338,12:02:41.338,ascendex,ACT/USDT:USDT,0.04559,21939.0,0.04558,21949.0,0.04653,26859.0,0.04656,45906.0
1753617762130,12:02:42.130,ascendex,ACT/USDT:USDT,0.04559,21939.0,0.04558,21949.0,0.04653,26859.0,0.04656,45906.0
1753617762318,12:02:42.318,ascendex,ACT/USDT:USDT,0.04559,21939.0,0.04558,21949.0,0.04653,26859.0,0.04656,45906.0
1753617763147,12:02:43.147,ascendex,ACT/USDT:USDT,0.04559,21939.0,0.04558,21949.0,0.04653,26859.0,0.04656,45906.0
1753617763635,12:02:43.635,ascendex,ACT/USDT:USDT,0.04559,21939.0,0.04558,21949.0,0.04653,26859.0,0.04656,45906.0
1753617764215,12:02:44.215,ascendex,ACT/USDT:USDT,0.04559,21939.0,0.04558,21949.0,0.04653,26859.0,0.04656,45906.0
1753617765536,12:02:45.536,ascendex,ACT/USDT:USDT,0.04559,21939.0,0.04558,21949.0,0.04653,26859.0,0.04656,45906.0
1753617765938,12:02:45.938,ascendex,ACT/USDT:USDT,0.04559,21939.0,0.04558,21949.0,0.04653,26859.0,0.04656,45906.0
1753617766540,12:02:46.540,ascendex,ACT/USDT:USDT,0.04559,21939.0,0.04558,21949.0,0.04653,26859.0,0.04656,45906.0
1753617767180,12:02:47.180,ascendex,ACT/USDT:USDT,0.04561,21930.0,0.04559,21939.0,0.04656,45906.0,0.04658,26830.0
1753617767931,12:02:47.931,ascendex,ACT/USDT:USDT,0.04561,21930.0,0.04559,21939.0,0.04656,45906.0,0.04658,26830.0
1753617768134,12:02:48.134,ascendex,ACT/USDT:USDT,0.04561,21930.0,0.04559,21939.0,0.04656,45906.0,0.04658,26830.0
1753617768492,12:02:48.492,ascendex,ACT/USDT:USDT,0.04561,21930.0,0.04559,21939.0,0.04656,45906.0,0.04658,26830.0
1753617768895,12:02:48.895,ascendex,ACT/USDT:USDT,0.04561,21930.0,0.04559,21939.0,0.04656,45906.0,0.04658,26830.0
1753617769146,12:02:49.146,ascendex,ACT/USDT:USDT,0.04561,21930.0,0.04559,21939.0,0.04656,45906.0,0.04658,26830.0
1753617773330,12:02:53.330,ascendex,ACT/USDT:USDT,0.04559,21939.0,0.04558,21949.0,0.04656,45906.0,0.04658,26830.0
1753617773589,12:02:53.589,ascendex,ACT/USDT:USDT,0.04559,21939.0,0.04558,21949.0,0.04654,26853.0,0.04656,45906.0
1753617773802,12:02:53.802,ascendex,ACT/USDT:USDT,0.04559,21939.0,0.04558,21949.0,0.04654,26853.0,0.04656,45906.0
1753617774277,12:02:54.277,ascendex,ACT/USDT:USDT,0.04562,21925.0,0.04559,21939.0,0.04656,45906.0,0.04658,26830.0
1753617774465,12:02:54.465,ascendex,ACT/USDT:USDT,0.04562,21925.0,0.0456,21939.0,0.04656,45906.0,0.04658,26830.0
1753617774779,12:02:54.779,ascendex,ACT/USDT:USDT,0.04562,21925.0,0.0456,21939.0,0.04656,45906.0,0.04658,26830.0
1753617775061,12:02:55.061,ascendex,ACT/USDT:USDT,0.04562,21925.0,0.0456,21939.0,0.04656,45906.0,0.04658,26830.0
1753617776088,12:02:56.088,ascendex,ACT/USDT:USDT,0.04562,21925.0,0.0456,21939.0,0.04656,45906.0,0.04658,26830.0
1753617776268,12:02:56.268,ascendex,ACT/USDT:USDT,0.04562,21925.0,0.0456,21939.0,0.04656,45906.0,0.04658,26830.0
1753617777089,12:02:57.089,ascendex,ACT/USDT:USDT,0.04562,21925.0,0.0456,21939.0,0.04656,45906.0,0.04658,26830.0
1753617778671,12:02:58.671,ascendex,ACT/USDT:USDT,0.04562,21925.0,0.0456,21939.0,0.04656,45906.0,0.04658,26830.0
1753617779611,12:02:59.611,ascendex,ACT/USDT:USDT,0.04563,21920.0,0.04562,21925.0,0.04658,26830.0,0.0466,53626.0
1753617779789,12:02:59.789,ascendex,ACT/USDT:USDT,0.04563,21920.0,0.04562,21925.0,0.04658,26830.0,0.0466,53626.0
1753617780000,12:03:00.000,ascendex,ACT/USDT:USDT,0.04563,21920.0,0.04562,21925.0,0.04658,26830.0,0.0466,53626.0
1753617780376,12:03:00.376,ascendex,ACT/USDT:USDT,0.04563,21920.0,0.04562,21925.0,0.04658,26830.0,0.0466,53626.0
1753617780895,12:03:00.895,ascendex,ACT/USDT:USDT,0.04564,21915.0,0.04563,21920.0,0.04658,26830.0,0.0466,53626.0
1753617781180,12:03:01.180,ascendex,ACT/USDT:USDT,0.04564,21915.0,0.04563,21920.0,0.04658,26830.0,0.0466,53626.0
1753617781312,12:03:01.312,ascendex,ACT/USDT:USDT,0.04564,21915.0,0.04563,21920.0,0.04658,26830.0,0.0466,53626.0
1753617781847,12:03:01.847,ascendex,ACT/USDT:USDT,0.04564,21915.0,0.04563,21920.0,0.04658,26830.0,0.0466,53626.0
1753617782468,12:03:02.468,ascendex,ACT/USDT:USDT,0.04564,21915.0,0.04563,21920.0,0.04658,26830.0,0.0466,53626.0
1753617784075,12:03:04.075,ascendex,ACT/USDT:USDT,0.04564,21915.0,0.04563,21920.0,0.04658,26830.0,0.0466,53626.0
1753617784197,12:03:04.197,ascendex,ACT/USDT:USDT,0.04564,21915.0,0.04563,21920.0,0.04658,26830.0,0.0466,53626.0
1753617784927,12:03:04.927,ascendex,ACT/USDT:USDT,0.04563,21920.0,0.04562,21930.0,0.04658,26830.0,0.0466,53626.0
1753617785254,12:03:05.254,ascendex,ACT/USDT:USDT,0.04563,21920.0,0.04562,21930.0,0.04658,26830.0,0.0466,53626.0
1753617785432,12:03:05.432,ascendex,ACT/USDT:USDT,0.04563,21920.0,0.04562,21930.0,0.04658,26830.0,0.0466,53626.0
1753617786557,12:03:06.557,ascendex,ACT/USDT:USDT,0.04563,21920.0,0.04562,21930.0,0.04658,26830.0,0.0466,53626.0
1753617786619,12:03:06.619,ascendex,ACT/USDT:USDT,0.04563,21920.0,0.04562,21930.0,0.04658,26830.0,0.0466,53626.0
1753617787456,12:03:07.456,ascendex,ACT/USDT:USDT,0.04563,21920.0,0.04562,21930.0,0.04658,26830.0,0.0466,53626.0
1753617787855,12:03:07.855,ascendex,ACT/USDT:USDT,0.04563,21920.0,0.04562,21930.0,0.04658,26830.0,0.0466,53626.0
1753617789060,12:03:09.060,ascendex,ACT/USDT:USDT,0.04563,21920.0,0.04562,21930.0,0.04658,26830.0,0.0466,53626.0
1753617789881,12:03:09.881,ascendex,ACT/USDT:USDT,0.04563,21920.0,0.04562,21930.0,0.04658,26830.0,0.0466,53626.0
1753617792172,12:03:12.172,ascendex,ACT/USDT:USDT,0.04564,21915.0,0.04563,21920.0,0.04658,26830.0,0.0466,53626.0
1753617793790,12:03:13.790,ascendex,ACT/USDT:USDT,0.04564,21915.0,0.04562,21930.0,0.04658,26830.0,0.0466,53626.0
1753617794387,12:03:14.387,ascendex,ACT/USDT:USDT,0.04564,21915.0,0.04562,21930.0,0.04658,26830.0,0.0466,53626.0
1753617798669,12:03:18.669,ascendex,ACT/USDT:USDT,0.04564,21915.0,0.04562,26083.0,0.04658,26830.0,0.0466,53626.0
1753617799623,12:03:19.623,ascendex,ACT/USDT:USDT,0.04564,21915.0,0.04562,26083.0,0.04658,26830.0,0.0466,53626.0
1753617801060,12:03:21.060,ascendex,ACT/USDT:USDT,0.04564,21915.0,0.04562,26083.0,0.04658,26830.0,0.0466,53626.0
1753617802230,12:03:22.230,ascendex,ACT/USDT:USDT,0.04564,21915.0,0.04562,26083.0,0.04658,26830.0,0.0466,53626.0
1753617804517,12:03:24.517,ascendex,ACT/USDT:USDT,0.04564,21915.0,0.04562,21930.0,0.04658,26830.0,0.0466,53626.0
1753617804695,12:03:24.695,ascendex,ACT/USDT:USDT,0.04564,21915.0,0.04562,21930.0,0.04658,26830.0,0.0466,53626.0
1753617805066,12:03:25.066,ascendex,ACT/USDT:USDT,0.04564,21915.0,0.04562,21930.0,0.04658,26830.0,0.0466,53626.0
1753617805690,12:03:25.690,ascendex,ACT/USDT:USDT,0.04564,21915.0,0.04562,21930.0,0.04658,26830.0,0.0466,53626.0
1753617806094,12:03:26.094,ascendex,ACT/USDT:USDT,0.04566,21906.0,0.04565,21920.0,0.0466,53626.0,0.04663,18270.0
1753617806324,12:03:26.324,ascendex,ACT/USDT:USDT,0.04566,21906.0,0.04565,21920.0,0.0466,53626.0,0.04663,18270.0
1753617806536,12:03:26.536,ascendex,ACT/USDT:USDT,0.04566,21906.0,0.04565,21920.0,0.0466,53626.0,0.04663,18270.0
1753617806867,12:03:26.867,ascendex,ACT/USDT:USDT,0.04566,21906.0,0.04565,21920.0,0.0466,53626.0,0.04663,18270.0
1753617807533,12:03:27.533,ascendex,ACT/USDT:USDT,0.04566,21906.0,0.04565,21920.0,0.0466,53626.0,0.04663,18270.0
1753617808747,12:03:28.747,ascendex,ACT/USDT:USDT,0.04566,21906.0,0.04565,21920.0,0.0466,53626.0,0.04663,18270.0
1753617809465,12:03:29.465,ascendex,ACT/USDT:USDT,0.04566,21906.0,0.04565,21920.0,0.0466,53626.0,0.04663,18270.0
1753617810668,12:03:30.668,ascendex,ACT/USDT:USDT,0.04566,21906.0,0.04565,21920.0,0.0466,53626.0,0.04663,18270.0
1753617813434,12:03:33.434,ascendex,ACT/USDT:USDT,0.04566,21906.0,0.04565,21920.0,0.04663,18270.0,0.04665,19340.0
1753617813637,12:03:33.637,ascendex,ACT/USDT:USDT,0.04567,21901.0,0.04566,21906.0,0.04662,26807.0,0.04663,18270.0
1753617813810,12:03:33.810,ascendex,ACT/USDT:USDT,0.04567,21901.0,0.04566,21906.0,0.04662,26807.0,0.04663,18270.0
1753617814426,12:03:34.426,ascendex,ACT/USDT:USDT,0.04567,21901.0,0.04566,21906.0,0.04662,26807.0,0.04663,18270.0
1753617816491,12:03:36.491,ascendex,ACT/USDT:USDT,0.04567,21901.0,0.04566,21906.0,0.04662,26807.0,0.04663,18270.0
1753617816702,12:03:36.702,ascendex,ACT/USDT:USDT,0.04567,21901.0,0.04566,21906.0,0.04662,26807.0,0.04663,18270.0
1753617817395,12:03:37.395,ascendex,ACT/USDT:USDT,0.04567,21901.0,0.04565,21920.0,0.04662,26807.0,0.04663,18270.0
1753617817786,12:03:37.786,ascendex,ACT/USDT:USDT,0.04567,21901.0,0.04565,21920.0,0.04662,26807.0,0.04663,18270.0
1753617832534,12:03:52.534,ascendex,ACT/USDT:USDT,0.04567,21901.0,0.04565,21920.0,0.04661,3936.0,0.04662,30092.0
1753617837848,12:03:57.848,ascendex,ACT/USDT:USDT,0.04565,21920.0,0.04564,21920.0,0.04661,26812.0,0.04662,53602.0
1753617838101,12:03:58.101,ascendex,ACT/USDT:USDT,0.04565,43831.0,0.04564,21920.0,0.0466,26818.0,0.04662,50317.0
1753617838306,12:03:58.306,ascendex,ACT/USDT:USDT,0.04565,43831.0,0.04564,21920.0,0.0466,26818.0,0.04662,50317.0
1753617838608,12:03:58.608,ascendex,ACT/USDT:USDT,0.04565,43831.0,0.04564,21920.0,0.0466,26818.0,0.04662,50317.0
1753617839973,12:03:59.973,ascendex,ACT/USDT:USDT,0.04565,43831.0,0.04564,21920.0,0.0466,26818.0,0.04662,50317.0
1753617842441,12:04:02.441,ascendex,ACT/USDT:USDT,0.04564,21920.0,0.04559,6308.0,0.0466,26818.0,0.04662,50317.0
1753617842923,12:04:02.923,ascendex,ACT/USDT:USDT,0.04564,21920.0,0.04562,21935.0,0.04658,26824.0,0.0466,53631.0
1753617843149,12:04:03.149,ascendex,ACT/USDT:USDT,0.04564,21920.0,0.04562,21935.0,0.04658,26824.0,0.0466,53631.0
1753617843478,12:04:03.478,ascendex,ACT/USDT:USDT,0.04564,21920.0,0.04562,21935.0,0.04658,26824.0,0.0466,53631.0
1753617843795,12:04:03.795,ascendex,ACT/USDT:USDT,0.04562,21935.0,0.0456,7166.0,0.04658,26824.0,0.0466,53631.0
1753617844169,12:04:04.169,ascendex,ACT/USDT:USDT,0.04562,43860.0,0.0456,7166.0,0.04658,26824.0,0.0466,53631.0
1753617844459,12:04:04.459,ascendex,ACT/USDT:USDT,0.04562,43860.0,0.0456,7166.0,0.04658,26824.0,0.0466,53631.0
1753617844828,12:04:04.828,ascendex,ACT/USDT:USDT,0.04562,43860.0,0.0456,7166.0,0.04656,26836.0,0.04658,26824.0
1753617845013,12:04:05.013,ascendex,ACT/USDT:USDT,0.04562,43860.0,0.0456,7166.0,0.04656,26836.0,0.04658,53648.0
1753617845443,12:04:05.443,ascendex,ACT/USDT:USDT,0.04562,43860.0,0.0456,7166.0,0.04658,26824.0,0.04664,23494.0
1753617845724,12:04:05.724,ascendex,ACT/USDT:USDT,0.04562,43860.0,0.0456,7166.0,0.04657,26836.0,0.04658,26824.0
1753617846048,12:04:06.048,ascendex,ACT/USDT:USDT,0.04562,43860.0,0.0456,7166.0,0.04657,26836.0,0.04658,26824.0
1753617846569,12:04:06.569,ascendex,ACT/USDT:USDT,0.04562,43860.0,0.0456,7166.0,0.04657,26836.0,0.04658,26824.0
1753617848884,12:04:08.884,ascendex,ACT/USDT:USDT,0.04562,43860.0,0.0456,7166.0,0.04657,26836.0,0.04658,26824.0
1753617849095,12:04:09.095,ascendex,ACT/USDT:USDT,0.04562,43860.0,0.0456,7166.0,0.04657,26836.0,0.04658,26824.0
1753617850190,12:04:10.190,ascendex,ACT/USDT:USDT,0.04562,43860.0,0.0456,7166.0,0.04657,26836.0,0.04658,26824.0
1753617855227,12:04:15.227,ascendex,ACT/USDT:USDT,0.04562,43860.0,0.0456,7166.0,0.04657,26836.0,0.04658,26824.0
1753617856523,12:04:16.523,ascendex,ACT/USDT:USDT,0.04562,43860.0,0.0456,7166.0,0.04657,26836.0,0.04658,26824.0
1753617856854,12:04:16.854,ascendex,ACT/USDT:USDT,0.04562,43860.0,0.0456,7166.0,0.04656,26841.0,0.04657,26836.0
1753617857140,12:04:17.140,ascendex,ACT/USDT:USDT,0.04562,43860.0,0.0456,7166.0,0.04656,26841.0,0.04658,26824.0
1753617857337,12:04:17.337,ascendex,ACT/USDT:USDT,0.04562,43860.0,0.0456,7166.0,0.04656,26841.0,0.04658,26824.0
1753617858737,12:04:18.737,ascendex,ACT/USDT:USDT,0.04562,43860.0,0.0456,7166.0,0.04656,26841.0,0.04658,26824.0
1753617859309,12:04:19.309,ascendex,ACT/USDT:USDT,0.04562,43860.0,0.0456,7166.0,0.04656,26841.0,0.04658,26824.0
1753617859719,12:04:19.719,ascendex,ACT/USDT:USDT,0.04562,43860.0,0.0456,7166.0,0.04656,26841.0,0.04658,52840.0
1753617859954,12:04:19.954,ascendex,ACT/USDT:USDT,0.04562,43860.0,0.0456,7166.0,0.04656,26841.0,0.04658,52840.0
1753617860306,12:04:20.306,ascendex,ACT/USDT:USDT,0.0456,7166.0,0.04558,21949.0,0.04655,26847.0,0.04656,26841.0
1753617860521,12:04:20.521,ascendex,ACT/USDT:USDT,0.0456,7166.0,0.04558,21949.0,0.04655,26847.0,0.04656,26841.0
1753617860768,12:04:20.768,ascendex,ACT/USDT:USDT,0.0456,7166.0,0.04558,21949.0,0.04655,26847.0,0.04656,26841.0
1753617861563,12:04:21.563,ascendex,ACT/USDT:USDT,0.0456,7166.0,0.04558,21949.0,0.04655,26847.0,0.04656,26841.0
1753617861665,12:04:21.665,ascendex,ACT/USDT:USDT,0.0456,7166.0,0.04558,21949.0,0.04655,26847.0,0.04656,26841.0
1753617862835,12:04:22.835,ascendex,ACT/USDT:USDT,0.04561,21930.0,0.0456,7166.0,0.04655,26847.0,0.04658,35376.0
1753617865524,12:04:25.524,ascendex,ACT/USDT:USDT,0.04561,21930.0,0.0456,7166.0,0.04655,26847.0,0.04658,35376.0
1753617865795,12:04:25.795,ascendex,ACT/USDT:USDT,0.04561,21930.0,0.0456,7166.0,0.04655,26847.0,0.04658,35376.0
1753617866999,12:04:26.999,ascendex,ACT/USDT:USDT,0.04561,21930.0,0.0456,7166.0,0.04655,26847.0,0.04658,35376.0
1753617868882,12:04:28.882,ascendex,ACT/USDT:USDT,0.04561,21930.0,0.04558,21949.0,0.04655,26847.0,0.04658,35376.0
1753617869083,12:04:29.083,ascendex,ACT/USDT:USDT,0.04561,21930.0,0.04558,21949.0,0.04655,26847.0,0.04658,53652.0
1753617869295,12:04:29.295,ascendex,ACT/USDT:USDT,0.04561,21930.0,0.04558,21949.0,0.04655,26847.0,0.04658,45100.0
1753617869749,12:04:29.749,ascendex,ACT/USDT:USDT,0.04558,21949.0,0.04557,20142.0,0.04655,26847.0,0.04656,16333.0
1753617870091,12:04:30.091,ascendex,ACT/USDT:USDT,0.04559,21939.0,0.04558,21949.0,0.04654,26853.0,0.04655,26847.0
1753617871286,12:04:31.286,ascendex,ACT/USDT:USDT,0.04559,21939.0,0.04558,21949.0,0.04654,26853.0,0.04655,26847.0
1753617871724,12:04:31.724,ascendex,ACT/USDT:USDT,0.04561,21930.0,0.04559,21939.0,0.04656,3378.0,0.04658,45100.0
1753617871992,12:04:31.992,ascendex,ACT/USDT:USDT,0.04562,21925.0,0.04561,21930.0,0.04656,3378.0,0.04657,23458.0
1753617872110,12:04:32.110,ascendex,ACT/USDT:USDT,0.04562,21925.0,0.04561,21930.0,0.04657,23458.0,0.04658,45100.0
1753617872617,12:04:32.617,ascendex,ACT/USDT:USDT,0.04562,21925.0,0.04561,21930.0,0.04657,23458.0,0.04658,45100.0
1753617872942,12:04:32.942,ascendex,ACT/USDT:USDT,0.04562,21925.0,0.0456,21939.0,0.04657,23458.0,0.04658,45100.0
1753617873227,12:04:33.227,ascendex,ACT/USDT:USDT,0.04562,21925.0,0.0456,21939.0,0.04657,23458.0,0.04658,45100.0
1753617873611,12:04:33.611,ascendex,ACT/USDT:USDT,0.04562,21925.0,0.0456,21939.0,0.04657,23458.0,0.04658,45100.0
1753617874894,12:04:34.894,ascendex,ACT/USDT:USDT,0.04562,21925.0,0.0456,21939.0,0.04657,23458.0,0.04658,45100.0
1753617875234,12:04:35.234,ascendex,ACT/USDT:USDT,0.04562,21925.0,0.0456,21939.0,0.04657,23458.0,0.04658,45100.0
1753617875634,12:04:35.634,ascendex,ACT/USDT:USDT,0.04562,21925.0,0.0456,21939.0,0.04657,23458.0,0.04658,45100.0
1753617876159,12:04:36.159,ascendex,ACT/USDT:USDT,0.04562,21925.0,0.0456,43878.0,0.04657,23458.0,0.04658,45100.0
1753617876763,12:04:36.763,ascendex,ACT/USDT:USDT,0.04562,21925.0,0.0456,43878.0,0.04657,23458.0,0.04658,45100.0
1753617876972,12:04:36.972,ascendex,ACT/USDT:USDT,0.04562,21925.0,0.0456,43878.0,0.04657,23458.0,0.04658,45100.0
1753617882261,12:04:42.261,ascendex,ACT/USDT:USDT,0.04562,21925.0,0.0456,43878.0,0.04656,26841.0,0.04657,23458.0
1753617882400,12:04:42.400,ascendex,ACT/USDT:USDT,0.04562,21925.0,0.0456,43878.0,0.04656,26841.0,0.04658,26824.0
1753617882604,12:04:42.604,ascendex,ACT/USDT:USDT,0.04562,21925.0,0.0456,43878.0,0.04656,26841.0,0.04658,26824.0
1753617883814,12:04:43.814,ascendex,ACT/USDT:USDT,0.04562,21925.0,0.0456,43878.0,0.04656,26841.0,0.04658,26824.0
1753617884409,12:04:44.409,ascendex,ACT/USDT:USDT,0.0456,43878.0,0.04556,21954.0,0.04654,26847.0,0.04656,26841.0
1753617884539,12:04:44.539,ascendex,ACT/USDT:USDT,0.0456,43878.0,0.04556,21954.0,0.04654,26847.0,0.04656,26841.0
1753617885090,12:04:45.090,ascendex,ACT/USDT:USDT,0.0456,43878.0,0.04556,21954.0,0.04654,26847.0,0.04656,53677.0
1753617885162,12:04:45.162,ascendex,ACT/USDT:USDT,0.0456,43878.0,0.04556,21954.0,0.04654,26847.0,0.04656,53677.0
1753617886919,12:04:46.919,ascendex,ACT/USDT:USDT,0.0456,43878.0,0.04556,21954.0,0.04654,26847.0,0.04656,53677.0
1753617887574,12:04:47.574,ascendex,ACT/USDT:USDT,0.04557,21959.0,0.04556,21954.0,0.04654,26847.0,0.04656,53677.0
1753617887923,12:04:47.923,ascendex,ACT/USDT:USDT,0.04558,21944.0,0.04557,21959.0,0.04653,26859.0,0.04654,26847.0
1753617888126,12:04:48.126,ascendex,ACT/USDT:USDT,0.04558,21944.0,0.04557,21959.0,0.04653,26859.0,0.04654,26847.0
1753617888390,12:04:48.390,ascendex,ACT/USDT:USDT,0.04558,21944.0,0.04557,21959.0,0.04653,26859.0,0.04654,26847.0
1753617888713,12:04:48.713,ascendex,ACT/USDT:USDT,0.04558,21944.0,0.04557,21959.0,0.04653,26859.0,0.04654,26847.0
1753617889397,12:04:49.397,ascendex,ACT/USDT:USDT,0.04558,21944.0,0.04557,21959.0,0.04653,26859.0,0.04654,26847.0
1753617890104,12:04:50.104,ascendex,ACT/USDT:USDT,0.04558,21944.0,0.04557,21959.0,0.04654,26847.0,0.04656,26836.0
1753617890182,12:04:50.182,ascendex,ACT/USDT:USDT,0.0456,21939.0,0.04558,21944.0,0.04654,26847.0,0.04656,26836.0
1753617890526,12:04:50.526,ascendex,ACT/USDT:USDT,0.0456,21939.0,0.04558,21944.0,0.04654,26847.0,0.04656,30930.0
1753617890936,12:04:50.936,ascendex,ACT/USDT:USDT,0.0456,21939.0,0.04558,21944.0,0.04654,26847.0,0.04656,30930.0
1753617891911,12:04:51.911,ascendex,ACT/USDT:USDT,0.0456,21939.0,0.04558,21944.0,0.04654,26847.0,0.04656,53672.0
1753617892142,12:04:52.142,ascendex,ACT/USDT:USDT,0.0456,21939.0,0.04558,21944.0,0.04654,26847.0,0.04656,49578.0
1753617893554,12:04:53.554,ascendex,ACT/USDT:USDT,0.04558,21944.0,0.04557,21959.0,0.04653,26859.0,0.04654,26847.0
1753617893671,12:04:53.671,ascendex,ACT/USDT:USDT,0.04558,21944.0,0.04557,21959.0,0.04653,26859.0,0.04654,26847.0
1753617894140,12:04:54.140,ascendex,ACT/USDT:USDT,0.04558,21944.0,0.04557,21959.0,0.04653,26859.0,0.04654,26847.0
1753617894417,12:04:54.417,ascendex,ACT/USDT:USDT,0.04558,21944.0,0.04557,21959.0,0.04653,26859.0,0.04654,26847.0
1753617895399,12:04:55.399,ascendex,ACT/USDT:USDT,0.04558,21944.0,0.04557,21959.0,0.04653,26859.0,0.04654,26847.0
1753617900836,12:05:00.836,ascendex,ACT/USDT:USDT,0.0456,21935.0,0.04558,21944.0,0.04656,44882.0,0.0466,24571.0
1753617901053,12:05:01.053,ascendex,ACT/USDT:USDT,0.04561,21930.0,0.0456,43879.0,0.04656,44882.0,0.04658,1188.0
1753617901422,12:05:01.422,ascendex,ACT/USDT:USDT,0.04561,21930.0,0.0456,43879.0,0.04656,44882.0,0.04658,1188.0
1753617902589,12:05:02.589,ascendex,ACT/USDT:USDT,0.04562,21925.0,0.04561,21930.0,0.04656,44882.0,0.0466,24571.0
1753617903291,12:05:03.291,ascendex,ACT/USDT:USDT,0.04562,21925.0,0.04561,21930.0,0.04656,44882.0,0.0466,24571.0
1753617904002,12:05:04.002,ascendex,ACT/USDT:USDT,0.04564,21920.0,0.04562,21925.0,0.04658,26824.0,0.0466,51378.0
1753617904259,12:05:04.259,ascendex,ACT/USDT:USDT,0.04564,21920.0,0.04562,43855.0,0.04658,26824.0,0.0466,51378.0
1753617904500,12:05:04.500,ascendex,ACT/USDT:USDT,0.04564,21920.0,0.04562,43855.0,0.04658,26824.0,0.0466,51378.0
1753617904680,12:05:04.680,ascendex,ACT/USDT:USDT,0.04564,21920.0,0.04562,43855.0,0.04658,26824.0,0.0466,51378.0
1753617904974,12:05:04.974,ascendex,ACT/USDT:USDT,0.04564,21920.0,0.04562,43855.0,0.04658,26824.0,0.0466,51378.0
1753617906821,12:05:06.821,ascendex,ACT/USDT:USDT,0.04562,43855.0,0.0456,21939.0,0.04657,26836.0,0.04658,26824.0
1753617907168,12:05:07.168,ascendex,ACT/USDT:USDT,0.04562,43855.0,0.0456,21939.0,0.04657,26836.0,0.04658,26824.0
1753617907858,12:05:07.858,ascendex,ACT/USDT:USDT,0.04562,43855.0,0.0456,21939.0,0.04657,26836.0,0.04658,26824.0
1753617908152,12:05:08.152,ascendex,ACT/USDT:USDT,0.04562,43855.0,0.0456,21939.0,0.04657,26836.0,0.04658,26824.0
1753617908587,12:05:08.587,ascendex,ACT/USDT:USDT,0.04562,43855.0,0.0456,21939.0,0.04657,26836.0,0.04658,26824.0
1753617912193,12:05:12.193,ascendex,ACT/USDT:USDT,0.04562,43855.0,0.0456,21939.0,0.04657,26836.0,0.04658,26824.0
1753617913858,12:05:13.858,ascendex,ACT/USDT:USDT,0.04562,43855.0,0.0456,21939.0,0.04657,26836.0,0.04658,26824.0
1753617916539,12:05:16.539,ascendex,ACT/USDT:USDT,0.04564,21915.0,0.04562,43855.0,0.04658,26824.0,0.0466,26807.0
1753617916887,12:05:16.887,ascendex,ACT/USDT:USDT,0.04564,21915.0,0.04562,43855.0,0.04658,26824.0,0.0466,26807.0
1753617917514,12:05:17.514,ascendex,ACT/USDT:USDT,0.04565,21911.0,0.04564,21915.0,0.0466,53625.0,0.04663,13150.0
1753617917832,12:05:17.832,ascendex,ACT/USDT:USDT,0.04565,21911.0,0.04564,21915.0,0.0466,53625.0,0.04663,13150.0
1753617917901,12:05:17.901,ascendex,ACT/USDT:USDT,0.04565,21911.0,0.04564,21915.0,0.0466,53625.0,0.04663,13150.0
1753617918825,12:05:18.825,ascendex,ACT/USDT:USDT,0.04566,21906.0,0.04565,43831.0,0.04662,26807.0,0.04663,13150.0
1753617918916,12:05:18.916,ascendex,ACT/USDT:USDT,0.04566,21906.0,0.04565,43831.0,0.04661,26813.0,0.04662,26807.0
1753617919389,12:05:19.389,ascendex,ACT/USDT:USDT,0.04566,21906.0,0.04565,43831.0,0.04661,26813.0,0.04662,26807.0
1753617919693,12:05:19.693,ascendex,ACT/USDT:USDT,0.04567,21901.0,0.04566,21906.0,0.04661,26813.0,0.04664,50171.0
1753617920039,12:05:20.039,ascendex,ACT/USDT:USDT,0.04567,21901.0,0.04566,21906.0,0.04661,26813.0,0.04664,50171.0
1753617920143,12:05:20.143,ascendex,ACT/USDT:USDT,0.04567,21901.0,0.04566,21906.0,0.04661,26813.0,0.04664,50171.0
1753617920608,12:05:20.608,ascendex,ACT/USDT:USDT,0.04567,21901.0,0.04566,21906.0,0.04661,26813.0,0.04664,50171.0
1753617921550,12:05:21.550,ascendex,ACT/USDT:USDT,0.04567,21901.0,0.04565,21920.0,0.04661,26813.0,0.04664,50171.0
1753617921814,12:05:21.814,ascendex,ACT/USDT:USDT,0.04567,21901.0,0.04565,21920.0,0.04661,26813.0,0.04664,50171.0
1753617922552,12:05:22.552,ascendex,ACT/USDT:USDT,0.04567,21901.0,0.04565,21920.0,0.04661,26813.0,0.04664,50171.0
1753617922751,12:05:22.751,ascendex,ACT/USDT:USDT,0.04567,21901.0,0.04565,21920.0,0.04661,26813.0,0.04664,50171.0
1753617924207,12:05:24.207,ascendex,ACT/USDT:USDT,0.04567,21901.0,0.04565,21920.0,0.04661,26813.0,0.04664,50171.0
1753617924771,12:05:24.771,ascendex,ACT/USDT:USDT,0.04566,21911.0,0.04565,21920.0,0.04661,26813.0,0.04662,26801.0
1753617924981,12:05:24.981,ascendex,ACT/USDT:USDT,0.04566,21911.0,0.04565,21920.0,0.0466,26818.0,0.04661,26813.0
1753617925467,12:05:25.467,ascendex,ACT/USDT:USDT,0.04566,21911.0,0.04565,21920.0,0.0466,26818.0,0.04661,26813.0
1753617925765,12:05:25.765,ascendex,ACT/USDT:USDT,0.04566,21911.0,0.04565,21920.0,0.0466,26818.0,0.04661,26813.0
1753617926074,12:05:26.074,ascendex,ACT/USDT:USDT,0.04566,21911.0,0.04565,21920.0,0.0466,26818.0,0.04661,26813.0
1753617929034,12:05:29.034,ascendex,ACT/USDT:USDT,0.04566,21911.0,0.04565,21920.0,0.0466,26818.0,0.04661,26813.0
1753617930484,12:05:30.484,ascendex,ACT/USDT:USDT,0.04565,21920.0,0.04564,20471.0,0.0466,26818.0,0.04661,26813.0
1753617930813,12:05:30.813,ascendex,ACT/USDT:USDT,0.04565,21920.0,0.04564,20471.0,0.04659,26824.0,0.0466,26818.0
1753617931110,12:05:31.110,ascendex,ACT/USDT:USDT,0.04564,20471.0,0.04562,21935.0,0.04658,26830.0,0.04659,26824.0
1753617931455,12:05:31.455,ascendex,ACT/USDT:USDT,0.04564,20471.0,0.04562,21935.0,0.04658,26830.0,0.04659,26824.0
1753617932658,12:05:32.658,ascendex,ACT/USDT:USDT,0.04564,20471.0,0.04562,21935.0,0.04658,26830.0,0.04659,26824.0
1753617934498,12:05:34.498,ascendex,ACT/USDT:USDT,0.04562,21935.0,0.0456,21939.0,0.04658,26830.0,0.04659,26824.0
1753617934873,12:05:34.873,ascendex,ACT/USDT:USDT,0.04562,43860.0,0.0456,21939.0,0.04657,26836.0,0.04658,26830.0
1753617935108,12:05:35.108,ascendex,ACT/USDT:USDT,0.04562,43860.0,0.0456,21939.0,0.04657,26836.0,0.0466,47849.0
1753617935590,12:05:35.590,ascendex,ACT/USDT:USDT,0.04562,43860.0,0.0456,21939.0,0.04657,26836.0,0.0466,47849.0
1753617935819,12:05:35.819,ascendex,ACT/USDT:USDT,0.04562,43860.0,0.0456,21939.0,0.04657,26836.0,0.0466,47849.0
1753617936288,12:05:36.288,ascendex,ACT/USDT:USDT,0.04562,43860.0,0.0456,21939.0,0.04657,26836.0,0.0466,47849.0
1753617937903,12:05:37.903,ascendex,ACT/USDT:USDT,0.04562,43860.0,0.0456,21939.0,0.04657,26836.0,0.0466,47849.0
1753617939422,12:05:39.422,ascendex,ACT/USDT:USDT,0.04562,43860.0,0.0456,21939.0,0.04657,26836.0,0.0466,47849.0
1753617940891,12:05:40.891,ascendex,ACT/USDT:USDT,0.04563,4832.0,0.04562,43860.0,0.04657,26836.0,0.0466,47849.0
1753617941344,12:05:41.344,ascendex,ACT/USDT:USDT,0.04562,43860.0,0.0456,21939.0,0.04657,26836.0,0.0466,47849.0
1753617961737,12:06:01.737,ascendex,ACT/USDT:USDT,0.0456,21939.0,0.04559,7270.0,0.04656,26841.0,0.04657,53660.0
1753617962270,12:06:02.270,ascendex,ACT/USDT:USDT,0.0456,21939.0,0.04559,7270.0,0.04656,26841.0,0.04657,53660.0
1753617962930,12:06:02.930,ascendex,ACT/USDT:USDT,0.0456,21939.0,0.04559,7270.0,0.04655,26847.0,0.04656,26841.0
1753617963309,12:06:03.309,ascendex,ACT/USDT:USDT,0.0456,21939.0,0.04559,7270.0,0.04655,26847.0,0.04656,26841.0
1753617964068,12:06:04.068,ascendex,ACT/USDT:USDT,0.0456,21939.0,0.04559,7270.0,0.04655,26847.0,0.04656,26841.0
1753617966518,12:06:06.518,ascendex,ACT/USDT:USDT,0.0456,21939.0,0.04559,7270.0,0.04655,26847.0,0.04656,26841.0
1753617967092,12:06:07.092,ascendex,ACT/USDT:USDT,0.0456,21939.0,0.04559,7270.0,0.04655,26847.0,0.04656,26841.0
1753617979769,12:06:19.769,ascendex,ACT/USDT:USDT,0.04562,21935.0,0.04561,21930.0,0.04657,26824.0,0.0466,21036.0
1753617980054,12:06:20.054,ascendex,ACT/USDT:USDT,0.04563,21920.0,0.04562,21935.0,0.04658,26830.0,0.0466,47843.0
1753617980404,12:06:20.404,ascendex,ACT/USDT:USDT,0.04564,21915.0,0.04563,21920.0,0.04658,26830.0,0.0466,47843.0
1753617980535,12:06:20.535,ascendex,ACT/USDT:USDT,0.04564,21915.0,0.04563,21920.0,0.04658,26830.0,0.0466,47843.0
1753617988562,12:06:28.562,ascendex,ACT/USDT:USDT,0.04564,21915.0,0.04563,21920.0,0.04658,26830.0,0.0466,47843.0
1753617988863,12:06:28.863,ascendex,ACT/USDT:USDT,0.04564,21915.0,0.04563,21920.0,0.04658,26830.0,0.0466,47843.0
1753617991080,12:06:31.080,ascendex,ACT/USDT:USDT,0.04564,21915.0,0.04563,21920.0,0.04658,26830.0,0.0466,47843.0
1753617997429,12:06:37.429,ascendex,ACT/USDT:USDT,0.04564,21915.0,0.04562,21935.0,0.04658,26830.0,0.0466,47843.0
1753617997649,12:06:37.649,ascendex,ACT/USDT:USDT,0.04562,21935.0,0.04561,21930.0,0.04656,26841.0,0.04658,53654.0
1753617997869,12:06:37.869,ascendex,ACT/USDT:USDT,0.04562,21935.0,0.04561,21930.0,0.04656,26841.0,0.04658,53654.0
1753617998301,12:06:38.301,ascendex,ACT/USDT:USDT,0.04562,21935.0,0.04561,21930.0,0.04656,26841.0,0.04658,53654.0
1753617999498,12:06:39.498,ascendex,ACT/USDT:USDT,0.04562,21935.0,0.04561,21930.0,0.04656,26841.0,0.04658,53654.0
1753618000395,12:06:40.395,ascendex,ACT/USDT:USDT,0.04562,21935.0,0.04561,21930.0,0.04656,26841.0,0.04658,53654.0
1753618003048,12:06:43.048,ascendex,ACT/USDT:USDT,0.04561,21930.0,0.04558,10667.0,0.04656,26841.0,0.04658,53654.0
1753618003212,12:06:43.212,ascendex,ACT/USDT:USDT,0.04561,21930.0,0.04559,21949.0,0.04656,26841.0,0.04658,53654.0
1753618003845,12:06:43.845,ascendex,ACT/USDT:USDT,0.04561,21930.0,0.04559,21949.0,0.04655,26847.0,0.04656,26841.0
1753618022895,12:07:02.895,ascendex,ACT/USDT:USDT,0.04559,21949.0,0.04558,10667.0,0.04655,53683.0,0.04658,26824.0
1753618023240,12:07:03.240,ascendex,ACT/USDT:USDT,0.04559,21949.0,0.04558,10667.0,0.04653,26859.0,0.04655,53683.0
1753618023629,12:07:03.629,ascendex,ACT/USDT:USDT,0.04559,21949.0,0.04558,10667.0,0.04653,26859.0,0.04655,53683.0
1753618023991,12:07:03.991,ascendex,ACT/USDT:USDT,0.04559,21949.0,0.04558,10667.0,0.04653,26859.0,0.04655,53683.0
1753618025109,12:07:05.109,ascendex,ACT/USDT:USDT,0.04559,21949.0,0.04558,10667.0,0.04653,26859.0,0.04655,53683.0
1753618025450,12:07:05.450,ascendex,ACT/USDT:USDT,0.04559,21949.0,0.04558,10667.0,0.04653,26859.0,0.04655,53683.0
1753618025643,12:07:05.643,ascendex,ACT/USDT:USDT,0.04559,21949.0,0.04558,10667.0,0.04653,26859.0,0.04655,53683.0
1753618026415,12:07:06.415,ascendex,ACT/USDT:USDT,0.04559,21949.0,0.04558,10667.0,0.04653,26859.0,0.04655,53683.0
1753618026935,12:07:06.935,ascendex,ACT/USDT:USDT,0.04558,10667.0,0.04556,43711.0,0.04652,11233.0,0.04653,26859.0
1753618027273,12:07:07.273,ascendex,ACT/USDT:USDT,0.04558,10667.0,0.04556,43711.0,0.04652,11233.0,0.04653,26859.0
1753618028891,12:07:08.891,ascendex,ACT/USDT:USDT,0.04558,10667.0,0.04556,43711.0,0.04653,26859.0,0.04655,26836.0
1753618029652,12:07:09.652,ascendex,ACT/USDT:USDT,0.04558,10667.0,0.04556,43711.0,0.04653,26859.0,0.04655,26836.0
1753618030143,12:07:10.143,ascendex,ACT/USDT:USDT,0.04558,10667.0,0.04556,43711.0,0.04653,26859.0,0.04655,26836.0
1753618033253,12:07:13.253,ascendex,ACT/USDT:USDT,0.04558,10667.0,0.04556,43711.0,0.04653,26859.0,0.04655,26836.0
1753618034551,12:07:14.551,ascendex,ACT/USDT:USDT,0.04559,21939.0,0.04556,43711.0,0.04655,26836.0,0.04656,18400.0
1753618034811,12:07:14.811,ascendex,ACT/USDT:USDT,0.0456,21935.0,0.04559,21939.0,0.04655,53683.0,0.04656,18400.0
1753618035149,12:07:15.149,ascendex,ACT/USDT:USDT,0.0456,21935.0,0.04559,21939.0,0.04655,53683.0,0.04656,18400.0
1753618035575,12:07:15.575,ascendex,ACT/USDT:USDT,0.0456,21935.0,0.04559,21939.0,0.04655,53683.0,0.04656,18400.0
1753618036019,12:07:16.019,ascendex,ACT/USDT:USDT,0.0456,21935.0,0.04559,21939.0,0.04655,53683.0,0.04656,18400.0
1753618037247,12:07:17.247,ascendex,ACT/USDT:USDT,0.0456,21935.0,0.04559,21939.0,0.04655,53683.0,0.04656,18400.0
1753618038080,12:07:18.080,ascendex,ACT/USDT:USDT,0.0456,21935.0,0.04559,21939.0,0.04655,53683.0,0.04656,18400.0
1753618043654,12:07:23.654,ascendex,ACT/USDT:USDT,0.0456,21935.0,0.04558,21949.0,0.04654,26853.0,0.04655,53683.0
1753618044442,12:07:24.442,ascendex,ACT/USDT:USDT,0.04558,43893.0,0.04556,21747.0,0.04653,26859.0,0.04654,26853.0
1753618044862,12:07:24.862,ascendex,ACT/USDT:USDT,0.04558,43893.0,0.04556,21747.0,0.04653,26859.0,0.04654,26853.0
1753618045143,12:07:25.143,ascendex,ACT/USDT:USDT,0.04558,43893.0,0.04556,21747.0,0.04653,26859.0,0.04654,26853.0
1753618045443,12:07:25.443,ascendex,ACT/USDT:USDT,0.04558,43893.0,0.04556,21747.0,0.04653,26859.0,0.04654,26853.0
1753618045642,12:07:25.642,ascendex,ACT/USDT:USDT,0.04558,43893.0,0.04556,21747.0,0.04653,26859.0,0.04654,26853.0
1753618046070,12:07:26.070,ascendex,ACT/USDT:USDT,0.04558,43893.0,0.04556,21747.0,0.04653,26859.0,0.04654,26853.0
1753618046477,12:07:26.477,ascendex,ACT/USDT:USDT,0.04558,43893.0,0.04556,21747.0,0.04653,26859.0,0.04654,26853.0
1753618047076,12:07:27.076,ascendex,ACT/USDT:USDT,0.04558,43893.0,0.04556,21747.0,0.04652,26864.0,0.04653,26859.0
1753618048110,12:07:28.110,ascendex,ACT/USDT:USDT,0.04558,43893.0,0.04556,21747.0,0.04652,26864.0,0.04653,26859.0
1753618048830,12:07:28.830,ascendex,ACT/USDT:USDT,0.04558,43893.0,0.04556,21747.0,0.04652,26864.0,0.04653,26859.0
1753618049300,12:07:29.300,ascendex,ACT/USDT:USDT,0.04556,21747.0,0.04552,21133.0,0.04652,26864.0,0.04655,26836.0
1753618049452,12:07:29.452,ascendex,ACT/USDT:USDT,0.04556,21747.0,0.04554,21968.0,0.04651,4228.0,0.04652,30815.0
1753618049724,12:07:29.724,ascendex,ACT/USDT:USDT,0.04556,21747.0,0.04554,28989.0,0.04651,4228.0,0.04652,30815.0
1753618052060,12:07:32.060,ascendex,ACT/USDT:USDT,0.04557,21949.0,0.04556,21747.0,0.04652,26864.0,0.04654,23639.0
1753618052253,12:07:32.253,ascendex,ACT/USDT:USDT,0.04557,21949.0,0.04556,21747.0,0.04652,26864.0,0.04654,23639.0
1753618052488,12:07:32.488,ascendex,ACT/USDT:USDT,0.04557,21949.0,0.04556,21747.0,0.04652,26864.0,0.04654,23639.0
1753618052851,12:07:32.851,ascendex,ACT/USDT:USDT,0.04557,21949.0,0.04556,21747.0,0.04652,26864.0,0.04654,23639.0
1753618054611,12:07:34.611,ascendex,ACT/USDT:USDT,0.04557,21949.0,0.04556,21747.0,0.04652,26864.0,0.04654,23639.0
1753618055815,12:07:35.815,ascendex,ACT/USDT:USDT,0.04557,21949.0,0.04556,21747.0,0.04652,26864.0,0.04654,23639.0
1753618057483,12:07:37.483,ascendex,ACT/USDT:USDT,0.04556,21747.0,0.04554,21968.0,0.0465,26870.0,0.04652,53717.0
1753618057708,12:07:37.708,ascendex,ACT/USDT:USDT,0.04556,21747.0,0.04554,21968.0,0.0465,26870.0,0.04652,53717.0
1753618058128,12:07:38.128,ascendex,ACT/USDT:USDT,0.04556,21747.0,0.04554,21968.0,0.0465,26870.0,0.04652,53717.0
1753618058447,12:07:38.447,ascendex,ACT/USDT:USDT,0.04556,21747.0,0.04554,21968.0,0.0465,26870.0,0.04652,53717.0
1753618058704,12:07:38.704,ascendex,ACT/USDT:USDT,0.04556,21747.0,0.04554,21968.0,0.0465,26870.0,0.04652,53717.0
1753618059281,12:07:39.281,ascendex,ACT/USDT:USDT,0.04556,21747.0,0.04554,21968.0,0.0465,26870.0,0.04652,53717.0
1753618059640,12:07:39.640,ascendex,ACT/USDT:USDT,0.04556,21747.0,0.04554,21968.0,0.0465,26870.0,0.04652,53717.0
1753618064119,12:07:44.119,ascendex,ACT/USDT:USDT,0.04556,21747.0,0.04554,21968.0,0.0465,26870.0,0.04652,53717.0
1753618064470,12:07:44.470,ascendex,ACT/USDT:USDT,0.04552,21133.0,0.04551,21161.0,0.04646,26893.0,0.04648,26888.0
1753618064529,12:07:44.529,ascendex,ACT/USDT:USDT,0.04552,21133.0,0.04551,21161.0,0.04646,26893.0,0.04648,26888.0
1753618065070,12:07:45.070,ascendex,ACT/USDT:USDT,0.04552,21133.0,0.04551,21161.0,0.04646,26893.0,0.04648,26888.0
1753618065332,12:07:45.332,ascendex,ACT/USDT:USDT,0.04552,21133.0,0.04551,21161.0,0.04646,26893.0,0.04648,26888.0
1753618065745,12:07:45.745,ascendex,ACT/USDT:USDT,0.04552,21133.0,0.04551,21161.0,0.04646,26893.0,0.04648,26888.0
1753618066340,12:07:46.340,ascendex,ACT/USDT:USDT,0.04552,21133.0,0.04551,21161.0,0.04646,26893.0,0.04648,26888.0
1753618067001,12:07:47.001,ascendex,ACT/USDT:USDT,0.04555,21959.0,0.04554,21973.0,0.04649,26870.0,0.04652,26864.0
1753618067271,12:07:47.271,ascendex,ACT/USDT:USDT,0.04555,21959.0,0.04554,21973.0,0.04649,26870.0,0.0465,26876.0
1753618067507,12:07:47.507,ascendex,ACT/USDT:USDT,0.04556,21954.0,0.04555,21959.0,0.0465,26876.0,0.04652,35424.0
1753618067738,12:07:47.738,ascendex,ACT/USDT:USDT,0.04556,21954.0,0.04555,21959.0,0.0465,26876.0,0.04652,35424.0
1753618068553,12:07:48.553,ascendex,ACT/USDT:USDT,0.04556,21954.0,0.04555,21959.0,0.0465,26876.0,0.04652,53717.0
1753618068779,12:07:48.779,ascendex,ACT/USDT:USDT,0.04556,21954.0,0.04554,21973.0,0.0465,26876.0,0.04652,45157.0
1753618068965,12:07:48.965,ascendex,ACT/USDT:USDT,0.04556,21954.0,0.04554,21973.0,0.0465,26876.0,0.04652,45157.0
1753618069660,12:07:49.660,ascendex,ACT/USDT:USDT,0.04556,21954.0,0.04554,21973.0,0.0465,26876.0,0.04652,45157.0
1753618070103,12:07:50.103,ascendex,ACT/USDT:USDT,0.04556,21954.0,0.04554,21973.0,0.0465,26876.0,0.04652,45157.0
1753618070316,12:07:50.316,ascendex,ACT/USDT:USDT,0.04556,21954.0,0.04554,21973.0,0.0465,26876.0,0.04652,45157.0
1753618071342,12:07:51.342,ascendex,ACT/USDT:USDT,0.04556,21954.0,0.04554,21973.0,0.0465,26876.0,0.04652,45157.0
1753618074920,12:07:54.920,ascendex,ACT/USDT:USDT,0.04556,21954.0,0.04554,21973.0,0.0465,26876.0,0.04652,45157.0
1753618077334,12:07:57.334,ascendex,ACT/USDT:USDT,0.04556,21954.0,0.04554,21973.0,0.0465,26876.0,0.04652,45157.0
1753618080432,12:08:00.432,ascendex,ACT/USDT:USDT,0.04556,21954.0,0.04554,43941.0,0.0465,26876.0,0.04652,45157.0
1753618080956,12:08:00.956,ascendex,ACT/USDT:USDT,0.04556,21954.0,0.04554,43941.0,0.0465,26876.0,0.04652,45157.0
1753618082133,12:08:02.133,ascendex,ACT/USDT:USDT,0.04556,21954.0,0.04554,43941.0,0.0465,26876.0,0.04652,45157.0
1753618083339,12:08:03.339,ascendex,ACT/USDT:USDT,0.04556,21954.0,0.04554,43941.0,0.0465,26876.0,0.04652,45157.0
1753618086270,12:08:06.270,ascendex,ACT/USDT:USDT,0.04556,21954.0,0.04554,43941.0,0.0465,26876.0,0.04652,45157.0
1753618086904,12:08:06.904,ascendex,ACT/USDT:USDT,0.04556,21954.0,0.04554,43941.0,0.0465,26876.0,0.04652,45157.0
1753618087140,12:08:07.140,ascendex,ACT/USDT:USDT,0.04556,21954.0,0.04554,43941.0,0.0465,26876.0,0.04652,45157.0
1753618087504,12:08:07.504,ascendex,ACT/USDT:USDT,0.04556,21954.0,0.04554,43941.0,0.0465,26876.0,0.04652,45157.0
1753618088151,12:08:08.151,ascendex,ACT/USDT:USDT,0.04554,43941.0,0.04552,7119.0,0.04649,3174.0,0.0465,26876.0
1753618088700,12:08:08.700,ascendex,ACT/USDT:USDT,0.04554,43941.0,0.04552,7119.0,0.04649,3174.0,0.0465,26876.0
1753618089062,12:08:09.062,ascendex,ACT/USDT:USDT,0.04554,43941.0,0.04552,7119.0,0.04649,3174.0,0.0465,26876.0
1753618090665,12:08:10.665,ascendex,ACT/USDT:USDT,0.04554,43941.0,0.04552,7119.0,0.04649,3174.0,0.0465,26876.0
1753618090703,12:08:10.703,ascendex,ACT/USDT:USDT,0.04555,21959.0,0.04554,43941.0,0.0465,26876.0,0.04652,18879.0
1753618091505,12:08:11.505,ascendex,ACT/USDT:USDT,0.04555,21959.0,0.04554,21973.0,0.0465,26876.0,0.04652,18879.0
1753618091902,12:08:11.902,ascendex,ACT/USDT:USDT,0.04555,21959.0,0.04554,21973.0,0.0465,26876.0,0.04652,44565.0
1753618092094,12:08:12.094,ascendex,ACT/USDT:USDT,0.04555,21959.0,0.04554,21973.0,0.0465,26876.0,0.04652,44565.0
1753618092881,12:08:12.881,ascendex,ACT/USDT:USDT,0.04555,21959.0,0.04554,21973.0,0.0465,26876.0,0.04652,44565.0
1753618093354,12:08:13.354,ascendex,ACT/USDT:USDT,0.04555,21959.0,0.04554,21973.0,0.0465,26876.0,0.04652,44565.0
1753618105864,12:08:25.864,ascendex,ACT/USDT:USDT,0.04555,21959.0,0.04554,21973.0,0.0465,26876.0,0.04652,44565.0
1753618107941,12:08:27.941,ascendex,ACT/USDT:USDT,0.04555,21959.0,0.04554,21973.0,0.04652,44565.0,0.04657,16026.0
1753618108308,12:08:28.308,ascendex,ACT/USDT:USDT,0.04557,21949.0,0.04555,21959.0,0.04652,44565.0,0.04657,16026.0
1753618108617,12:08:28.617,ascendex,ACT/USDT:USDT,0.04558,21944.0,0.04557,21949.0,0.04652,44565.0,0.04656,16241.0
1753618108770,12:08:28.770,ascendex,ACT/USDT:USDT,0.04558,21944.0,0.04557,21949.0,0.04652,44565.0,0.04656,16241.0
1753618118418,12:08:38.418,ascendex,ACT/USDT:USDT,0.0456,21935.0,0.04558,43893.0,0.04655,26847.0,0.04656,26830.0
1753618118708,12:08:38.708,ascendex,ACT/USDT:USDT,0.0456,21935.0,0.04558,43893.0,0.04655,26847.0,0.04656,26830.0
1753618119031,12:08:39.031,ascendex,ACT/USDT:USDT,0.0456,21935.0,0.04558,43893.0,0.04655,26847.0,0.04656,26830.0
1753618119837,12:08:39.837,ascendex,ACT/USDT:USDT,0.0456,21935.0,0.04558,43893.0,0.04655,26847.0,0.04656,26830.0
1753618120330,12:08:40.330,ascendex,ACT/USDT:USDT,0.0456,21935.0,0.04558,43893.0,0.04655,26847.0,0.04656,26830.0
1753618121260,12:08:41.260,ascendex,ACT/USDT:USDT,0.04561,21930.0,0.0456,21935.0,0.04655,26847.0,0.04656,26830.0
1753618121358,12:08:41.358,ascendex,ACT/USDT:USDT,0.04561,21930.0,0.0456,21935.0,0.04655,26847.0,0.04656,26830.0
1753618125088,12:08:45.088,ascendex,ACT/USDT:USDT,0.04561,21930.0,0.04558,38060.0,0.04655,26847.0,0.04656,26830.0
1753618127529,12:08:47.529,ascendex,ACT/USDT:USDT,0.04559,21939.0,0.04558,38060.0,0.04654,7447.0,0.04655,26847.0
1753618127911,12:08:47.911,ascendex,ACT/USDT:USDT,0.04559,21939.0,0.04558,38060.0,0.04654,7447.0,0.04655,26847.0
1753618128106,12:08:48.106,ascendex,ACT/USDT:USDT,0.04559,21939.0,0.04558,38060.0,0.04654,7447.0,0.04655,26847.0
1753618128342,12:08:48.342,ascendex,ACT/USDT:USDT,0.04559,21939.0,0.04558,38060.0,0.04654,7447.0,0.04655,26847.0
1753618128844,12:08:48.844,ascendex,ACT/USDT:USDT,0.04559,21939.0,0.04558,38060.0,0.04654,7447.0,0.04655,26847.0
1753618129057,12:08:49.057,ascendex,ACT/USDT:USDT,0.04559,21939.0,0.04558,38060.0,0.04654,7447.0,0.04655,26847.0
1753618133928,12:08:53.928,ascendex,ACT/USDT:USDT,0.04559,21939.0,0.04558,38060.0,0.04654,19406.0,0.04655,26847.0
1753618134716,12:08:54.716,ascendex,ACT/USDT:USDT,0.04559,21939.0,0.04558,38060.0,0.04654,19406.0,0.04655,26847.0
1753618135678,12:08:55.678,ascendex,ACT/USDT:USDT,0.04559,21939.0,0.04558,38060.0,0.04654,19406.0,0.04655,26847.0
1753618135870,12:08:55.870,ascendex,ACT/USDT:USDT,0.04559,21939.0,0.04558,38060.0,0.04654,19406.0,0.04655,26847.0
1753618139174,12:08:59.174,ascendex,ACT/USDT:USDT,0.04559,21939.0,0.04558,21949.0,0.04653,26859.0,0.04655,26847.0
1753618139594,12:08:59.594,ascendex,ACT/USDT:USDT,0.04559,21939.0,0.04558,21949.0,0.04653,26859.0,0.04655,26847.0
1753618139760,12:08:59.760,ascendex,ACT/USDT:USDT,0.04559,21939.0,0.04558,21949.0,0.04653,26859.0,0.04655,26847.0
1753618140028,12:09:00.028,ascendex,ACT/USDT:USDT,0.04559,21939.0,0.04558,21949.0,0.04653,26859.0,0.04655,26847.0
1753618140314,12:09:00.314,ascendex,ACT/USDT:USDT,0.04559,21939.0,0.04558,21949.0,0.04653,26859.0,0.04655,26847.0
1753618140759,12:09:00.759,ascendex,ACT/USDT:USDT,0.04559,21939.0,0.04558,21949.0,0.04653,26859.0,0.04655,26847.0
1753618141979,12:09:01.979,ascendex,ACT/USDT:USDT,0.04559,21939.0,0.04558,21949.0,0.04653,26859.0,0.04655,26847.0
1753618142731,12:09:02.731,ascendex,ACT/USDT:USDT,0.04559,21939.0,0.04558,21949.0,0.04655,26847.0,0.04656,26830.0
1753618143020,12:09:03.020,ascendex,ACT/USDT:USDT,0.0456,21935.0,0.04559,21939.0,0.04655,26847.0,0.04656,26830.0
1753618144001,12:09:04.001,ascendex,ACT/USDT:USDT,0.0456,21935.0,0.04559,21939.0,0.04655,26847.0,0.04656,26830.0
1753618144349,12:09:04.349,ascendex,ACT/USDT:USDT,0.0456,21935.0,0.04559,21939.0,0.04655,26847.0,0.04656,26830.0
1753618144839,12:09:04.839,ascendex,ACT/USDT:USDT,0.0456,21935.0,0.04559,21939.0,0.04655,26847.0,0.04656,26830.0
1753618146420,12:09:06.420,ascendex,ACT/USDT:USDT,0.04559,21939.0,0.04558,21949.0,0.04655,26847.0,0.04656,26830.0
1753618146846,12:09:06.846,ascendex,ACT/USDT:USDT,0.04558,43898.0,0.04554,20891.0,0.04652,26859.0,0.04654,26853.0
1753618146982,12:09:06.982,ascendex,ACT/USDT:USDT,0.04558,43898.0,0.04554,20891.0,0.04652,26859.0,0.04654,26853.0
1753618147663,12:09:07.663,ascendex,ACT/USDT:USDT,0.04558,43898.0,0.04556,602.0,0.04652,26859.0,0.04654,26853.0
1753618148453,12:09:08.453,ascendex,ACT/USDT:USDT,0.04559,21939.0,0.04558,43898.0,0.04654,26853.0,0.04656,49688.0
1753618148640,12:09:08.640,ascendex,ACT/USDT:USDT,0.04559,21939.0,0.04558,43898.0,0.04654,26853.0,0.04656,49688.0
1753618149676,12:09:09.676,ascendex,ACT/USDT:USDT,0.04559,21939.0,0.04558,43898.0,0.04654,26853.0,0.04656,49688.0
1753618150298,12:09:10.298,ascendex,ACT/USDT:USDT,0.0456,21935.0,0.04559,21939.0,0.04654,26853.0,0.04656,26830.0
1753618150382,12:09:10.382,ascendex,ACT/USDT:USDT,0.0456,21935.0,0.04559,21939.0,0.04654,26853.0,0.04656,26830.0
1753618151693,12:09:11.693,ascendex,ACT/USDT:USDT,0.04561,21930.0,0.0456,21935.0,0.04656,29312.0,0.04658,26830.0
