timestamp,time,exchange,symbol,bid1_price,bid1_volume,bid2_price,bid2_volume,ask1_price,ask1_volume,ask2_price,ask2_volume
1753617161045,11:52:41.045,huobi,1INCH/USDT:USDT,0.2863,356.0,0.2862,3434.0,0.2865,357.0,0.2866,3427.0
1753617164402,11:52:44.402,huobi,1INCH/USDT:USDT,0.2863,356.0,0.2862,3434.0,0.2865,357.0,0.2866,3427.0
1753617164414,11:52:44.414,huobi,1INCH/USDT:USDT,0.2863,356.0,0.2862,3434.0,0.2865,357.0,0.2866,3427.0
1753617164440,11:52:44.440,huobi,1INCH/USDT:USDT,0.2863,356.0,0.2862,3434.0,0.2865,357.0,0.2866,3427.0
1753617169530,11:52:49.530,huobi,1INCH/USDT:USDT,0.2863,356.0,0.2862,3434.0,0.2865,357.0,0.2866,3427.0
1753617170530,11:52:50.530,huobi,1INCH/USDT:USDT,0.2863,356.0,0.2862,3434.0,0.2865,357.0,0.2866,3427.0
1753617171541,11:52:51.541,huobi,1INCH/USDT:USDT,0.2863,356.0,0.2862,3434.0,0.2866,3427.0,0.2867,3429.0
1753617171655,11:52:51.655,huobi,1INCH/USDT:USDT,0.2863,356.0,0.2862,3434.0,0.2866,3427.0,0.2867,3429.0
1753617171672,11:52:51.672,huobi,1INCH/USDT:USDT,0.2863,356.0,0.2862,3602.0,0.2866,349.0,0.2867,3429.0
1753617171701,11:52:51.701,huobi,1INCH/USDT:USDT,0.2864,353.0,0.2863,3434.0,0.2866,349.0,0.2867,3429.0
1753617171728,11:52:51.728,huobi,1INCH/USDT:USDT,0.2864,353.0,0.2863,3434.0,0.2866,349.0,0.2867,3429.0
1753617171761,11:52:51.761,huobi,1INCH/USDT:USDT,0.2864,353.0,0.2863,3434.0,0.2866,349.0,0.2867,3429.0
1753617171791,11:52:51.791,huobi,1INCH/USDT:USDT,0.2864,353.0,0.2863,3434.0,0.2866,349.0,0.2867,3429.0
1753617171829,11:52:51.829,huobi,1INCH/USDT:USDT,0.2864,353.0,0.2863,3434.0,0.2866,349.0,0.2867,3429.0
1753617171867,11:52:51.867,huobi,1INCH/USDT:USDT,0.2864,353.0,0.2863,3434.0,0.2866,349.0,0.2867,3429.0
1753617171879,11:52:51.879,huobi,1INCH/USDT:USDT,0.2864,353.0,0.2863,3434.0,0.2866,349.0,0.2867,3429.0
1753617171922,11:52:51.922,huobi,1INCH/USDT:USDT,0.2864,353.0,0.2863,3434.0,0.2867,3429.0,0.2868,3436.0
1753617171977,11:52:51.977,huobi,1INCH/USDT:USDT,0.2864,353.0,0.2863,3434.0,0.2867,3429.0,0.2868,3436.0
1753617172020,11:52:52.020,huobi,1INCH/USDT:USDT,0.2864,353.0,0.2863,3434.0,0.2867,351.0,0.2868,3436.0
1753617172032,11:52:52.032,huobi,1INCH/USDT:USDT,0.2864,353.0,0.2863,3434.0,0.2867,351.0,0.2868,3436.0
1753617172102,11:52:52.102,huobi,1INCH/USDT:USDT,0.2864,353.0,0.2863,3434.0,0.2867,351.0,0.2868,3436.0
1753617172138,11:52:52.138,huobi,1INCH/USDT:USDT,0.2864,353.0,0.2863,3434.0,0.2867,3429.0,0.2868,3436.0
1753617172153,11:52:52.153,huobi,1INCH/USDT:USDT,0.2864,353.0,0.2863,3434.0,0.2867,3429.0,0.2868,3436.0
1753617172228,11:52:52.228,huobi,1INCH/USDT:USDT,0.2864,353.0,0.2863,3602.0,0.2867,3429.0,0.2868,3436.0
1753617172853,11:52:52.853,huobi,1INCH/USDT:USDT,0.2864,353.0,0.2863,3602.0,0.2866,353.0,0.2867,3429.0
1753617173230,11:52:53.230,huobi,1INCH/USDT:USDT,0.2864,353.0,0.2863,3434.0,0.2866,353.0,0.2867,3429.0
1753617180402,11:53:00.402,huobi,1INCH/USDT:USDT,0.2864,353.0,0.2863,3434.0,0.2866,353.0,0.2867,3429.0
1753617180666,11:53:00.666,huobi,1INCH/USDT:USDT,0.2864,353.0,0.2863,3434.0,0.2866,353.0,0.2867,3429.0
1753617182293,11:53:02.293,huobi,1INCH/USDT:USDT,0.2864,353.0,0.2863,3602.0,0.2867,3429.0,0.2868,3436.0
1753617183403,11:53:03.403,huobi,1INCH/USDT:USDT,0.2864,353.0,0.2863,3602.0,0.2867,351.0,0.2868,3436.0
1753617183510,11:53:03.510,huobi,1INCH/USDT:USDT,0.2864,353.0,0.2863,3602.0,0.2867,351.0,0.2868,3436.0
1753617183510,11:53:03.510,huobi,1INCH/USDT:USDT,0.2865,348.0,0.2864,3431.0,0.2867,351.0,0.2868,3436.0
1753617183519,11:53:03.519,huobi,1INCH/USDT:USDT,0.2865,348.0,0.2864,3431.0,0.2867,351.0,0.2868,358.0
1753617183524,11:53:03.524,huobi,1INCH/USDT:USDT,0.2865,348.0,0.2864,3431.0,0.2868,358.0,0.2869,358.0
1753617183550,11:53:03.550,huobi,1INCH/USDT:USDT,0.2865,348.0,0.2864,3431.0,0.2869,358.0,0.2871,526.0
1753617183576,11:53:03.576,huobi,1INCH/USDT:USDT,0.2865,348.0,0.2864,3431.0,0.2869,358.0,0.2871,526.0
1753617183611,11:53:03.611,huobi,1INCH/USDT:USDT,0.2865,348.0,0.2864,3431.0,0.2869,358.0,0.2871,526.0
1753617183684,11:53:03.684,huobi,1INCH/USDT:USDT,0.2865,348.0,0.2864,3431.0,0.2869,358.0,0.2871,526.0
1753617183703,11:53:03.703,huobi,1INCH/USDT:USDT,0.2865,348.0,0.2864,3431.0,0.2869,358.0,0.2871,526.0
1753617183826,11:53:03.826,huobi,1INCH/USDT:USDT,0.2865,348.0,0.2864,3431.0,0.2869,358.0,0.287,3078.0
1753617183850,11:53:03.850,huobi,1INCH/USDT:USDT,0.2865,348.0,0.2864,3431.0,0.2869,3436.0,0.287,3078.0
1753617183879,11:53:03.879,huobi,1INCH/USDT:USDT,0.2865,348.0,0.2864,3431.0,0.2869,358.0,0.287,3078.0
1753617183911,11:53:03.911,huobi,1INCH/USDT:USDT,0.2865,348.0,0.2864,3431.0,0.2868,348.0,0.2869,358.0
1753617183939,11:53:03.939,huobi,1INCH/USDT:USDT,0.2865,3426.0,0.2864,3431.0,0.2869,358.0,0.287,3078.0
1753617183991,11:53:03.991,huobi,1INCH/USDT:USDT,0.2866,348.0,0.2865,3426.0,0.2869,358.0,0.287,3078.0
1753617184005,11:53:04.005,huobi,1INCH/USDT:USDT,0.2866,348.0,0.2865,3426.0,0.2869,358.0,0.287,3078.0
1753617184051,11:53:04.051,huobi,1INCH/USDT:USDT,0.2866,348.0,0.2865,348.0,0.2869,358.0,0.287,3078.0
1753617184120,11:53:04.120,huobi,1INCH/USDT:USDT,0.2865,348.0,0.2864,3599.0,0.2869,358.0,0.287,3078.0
1753617184158,11:53:04.158,huobi,1INCH/USDT:USDT,0.2865,3426.0,0.2864,3431.0,0.2869,358.0,0.287,3078.0
1753617184180,11:53:04.180,huobi,1INCH/USDT:USDT,0.2866,348.0,0.2865,3426.0,0.2869,358.0,0.287,3078.0
1753617184212,11:53:04.212,huobi,1INCH/USDT:USDT,0.2866,348.0,0.2865,3426.0,0.2868,348.0,0.2869,3436.0
1753617184240,11:53:04.240,huobi,1INCH/USDT:USDT,0.2866,348.0,0.2865,3426.0,0.2868,348.0,0.2869,3436.0
1753617184402,11:53:04.402,huobi,1INCH/USDT:USDT,0.2866,348.0,0.2865,3426.0,0.2868,348.0,0.2869,3436.0
1753617184444,11:53:04.444,huobi,1INCH/USDT:USDT,0.2866,348.0,0.2865,3426.0,0.2868,348.0,0.2869,3436.0
1753617184469,11:53:04.469,huobi,1INCH/USDT:USDT,0.2866,348.0,0.2865,3426.0,0.2868,348.0,0.2869,3436.0
1753617184486,11:53:04.486,huobi,1INCH/USDT:USDT,0.2866,348.0,0.2865,3426.0,0.2868,348.0,0.2869,3436.0
1753617184535,11:53:04.535,huobi,1INCH/USDT:USDT,0.2866,348.0,0.2865,3426.0,0.2868,348.0,0.2869,3436.0
1753617184568,11:53:04.568,huobi,1INCH/USDT:USDT,0.2866,348.0,0.2865,3426.0,0.2868,348.0,0.2869,3436.0
1753617184653,11:53:04.653,huobi,1INCH/USDT:USDT,0.2866,348.0,0.2865,3426.0,0.2868,3426.0,0.2869,3436.0
1753617184666,11:53:04.666,huobi,1INCH/USDT:USDT,0.2866,348.0,0.2865,3426.0,0.2868,3426.0,0.2869,3436.0
1753617184729,11:53:04.729,huobi,1INCH/USDT:USDT,0.2866,348.0,0.2865,3426.0,0.2867,348.0,0.2868,3426.0
1753617187381,11:53:07.381,huobi,1INCH/USDT:USDT,0.2866,348.0,0.2865,3426.0,0.2867,348.0,0.2868,3426.0
1753617187399,11:53:07.399,huobi,1INCH/USDT:USDT,0.2866,348.0,0.2865,3426.0,0.2867,348.0,0.2868,3426.0
1753617187734,11:53:07.734,huobi,1INCH/USDT:USDT,0.2866,348.0,0.2865,3426.0,0.2867,348.0,0.2868,3426.0
1753617187750,11:53:07.750,huobi,1INCH/USDT:USDT,0.2866,348.0,0.2865,3426.0,0.2867,348.0,0.2868,3426.0
1753617187826,11:53:07.826,huobi,1INCH/USDT:USDT,0.2866,348.0,0.2865,3426.0,0.2867,348.0,0.2868,3426.0
1753617188295,11:53:08.295,huobi,1INCH/USDT:USDT,0.2866,348.0,0.2865,3426.0,0.2867,348.0,0.2868,3426.0
1753617188351,11:53:08.351,huobi,1INCH/USDT:USDT,0.2866,348.0,0.2865,3426.0,0.2868,348.0,0.2869,3436.0
1753617188403,11:53:08.403,huobi,1INCH/USDT:USDT,0.2866,348.0,0.2865,3426.0,0.2868,3426.0,0.2869,3436.0
1753617189461,11:53:09.461,huobi,1INCH/USDT:USDT,0.2866,348.0,0.2865,3426.0,0.2867,358.0,0.2868,3426.0
1753617189614,11:53:09.614,huobi,1INCH/USDT:USDT,0.2866,348.0,0.2865,3426.0,0.2868,3426.0,0.2869,3436.0
1753617190186,11:53:10.186,huobi,1INCH/USDT:USDT,0.2866,348.0,0.2865,3426.0,0.2868,3426.0,0.2869,3436.0
1753617193371,11:53:13.371,huobi,1INCH/USDT:USDT,0.2866,348.0,0.2865,3426.0,0.2868,3426.0,0.2869,3436.0
1753617193397,11:53:13.397,huobi,1INCH/USDT:USDT,0.2866,348.0,0.2865,3426.0,0.2868,3426.0,0.2869,3436.0
1753617193537,11:53:13.537,huobi,1INCH/USDT:USDT,0.2866,348.0,0.2865,3426.0,0.2868,3426.0,0.2869,3436.0
1753617195433,11:53:15.433,huobi,1INCH/USDT:USDT,0.2866,348.0,0.2865,3426.0,0.2868,348.0,0.2869,3436.0
1753617195532,11:53:15.532,huobi,1INCH/USDT:USDT,0.2866,348.0,0.2865,3426.0,0.2868,348.0,0.2869,3436.0
1753617195548,11:53:15.548,huobi,1INCH/USDT:USDT,0.2866,348.0,0.2865,3426.0,0.2868,348.0,0.2869,3436.0
1753617199229,11:53:19.229,huobi,1INCH/USDT:USDT,0.2866,348.0,0.2865,3426.0,0.2868,348.0,0.2869,3436.0
1753617199243,11:53:19.243,huobi,1INCH/USDT:USDT,0.2866,348.0,0.2865,3426.0,0.2868,348.0,0.2869,3436.0
1753617199322,11:53:19.322,huobi,1INCH/USDT:USDT,0.2866,348.0,0.2865,3426.0,0.2868,348.0,0.2869,3436.0
1753617199648,11:53:19.648,huobi,1INCH/USDT:USDT,0.2866,348.0,0.2865,3426.0,0.2868,348.0,0.2869,3436.0
1753617199687,11:53:19.687,huobi,1INCH/USDT:USDT,0.2866,348.0,0.2865,3426.0,0.2868,348.0,0.2869,3436.0
1753617199750,11:53:19.750,huobi,1INCH/USDT:USDT,0.2866,348.0,0.2865,3426.0,0.2868,348.0,0.2869,3436.0
1753617199956,11:53:19.956,huobi,1INCH/USDT:USDT,0.2866,348.0,0.2865,3426.0,0.2868,348.0,0.2869,3436.0
1753617200010,11:53:20.010,huobi,1INCH/USDT:USDT,0.2866,348.0,0.2865,3426.0,0.2868,348.0,0.2869,3436.0
1753617200032,11:53:20.032,huobi,1INCH/USDT:USDT,0.2866,348.0,0.2865,3426.0,0.2868,3426.0,0.2869,3436.0
1753617200058,11:53:20.058,huobi,1INCH/USDT:USDT,0.2866,348.0,0.2865,3426.0,0.2868,3426.0,0.2869,3436.0
1753617200077,11:53:20.077,huobi,1INCH/USDT:USDT,0.2866,348.0,0.2865,3426.0,0.2867,352.0,0.2868,3426.0
1753617200711,11:53:20.711,huobi,1INCH/USDT:USDT,0.2866,348.0,0.2865,3426.0,0.2867,352.0,0.2868,3426.0
1753617200875,11:53:20.875,huobi,1INCH/USDT:USDT,0.2866,348.0,0.2865,3426.0,0.2867,352.0,0.2868,348.0
1753617200890,11:53:20.890,huobi,1INCH/USDT:USDT,0.2866,348.0,0.2865,3426.0,0.2868,348.0,0.2869,3436.0
1753617203524,11:53:23.524,huobi,1INCH/USDT:USDT,0.2866,348.0,0.2865,3426.0,0.2868,348.0,0.2869,3436.0
1753617203527,11:53:23.527,huobi,1INCH/USDT:USDT,0.2866,348.0,0.2865,3426.0,0.2868,348.0,0.2869,3436.0
1753617203570,11:53:23.570,huobi,1INCH/USDT:USDT,0.2866,348.0,0.2865,3426.0,0.2868,348.0,0.2869,3436.0
1753617203584,11:53:23.584,huobi,1INCH/USDT:USDT,0.2866,348.0,0.2865,3426.0,0.2868,348.0,0.2869,3436.0
1753617203964,11:53:23.964,huobi,1INCH/USDT:USDT,0.2866,348.0,0.2865,3426.0,0.2868,348.0,0.2869,3436.0
1753617203976,11:53:23.976,huobi,1INCH/USDT:USDT,0.2866,348.0,0.2865,3426.0,0.2868,3426.0,0.2869,3436.0
1753617204192,11:53:24.192,huobi,1INCH/USDT:USDT,0.2866,348.0,0.2865,3426.0,0.2868,3426.0,0.2869,3436.0
1753617204235,11:53:24.235,huobi,1INCH/USDT:USDT,0.2866,348.0,0.2865,3426.0,0.2868,3426.0,0.2869,3436.0
1753617204976,11:53:24.976,huobi,1INCH/USDT:USDT,0.2866,348.0,0.2865,3426.0,0.2868,348.0,0.2869,3436.0
1753617205001,11:53:25.001,huobi,1INCH/USDT:USDT,0.2866,348.0,0.2865,3426.0,0.2868,348.0,0.2869,3436.0
1753617205115,11:53:25.115,huobi,1INCH/USDT:USDT,0.2866,348.0,0.2865,3426.0,0.2868,348.0,0.2869,3436.0
1753617205179,11:53:25.179,huobi,1INCH/USDT:USDT,0.2866,348.0,0.2865,3426.0,0.2868,348.0,0.2869,3436.0
1753617206999,11:53:26.999,huobi,1INCH/USDT:USDT,0.2866,348.0,0.2865,3426.0,0.2868,348.0,0.2869,3436.0
1753617207033,11:53:27.033,huobi,1INCH/USDT:USDT,0.2866,348.0,0.2865,3426.0,0.2868,348.0,0.2869,3436.0
1753617207876,11:53:27.876,huobi,1INCH/USDT:USDT,0.2866,348.0,0.2865,3426.0,0.2869,3436.0,0.287,3078.0
1753617207923,11:53:27.923,huobi,1INCH/USDT:USDT,0.2866,348.0,0.2865,3426.0,0.2868,352.0,0.2869,3436.0
1753617207990,11:53:27.990,huobi,1INCH/USDT:USDT,0.2866,348.0,0.2865,3426.0,0.2868,352.0,0.2869,3436.0
1753617208017,11:53:28.017,huobi,1INCH/USDT:USDT,0.2866,348.0,0.2865,3426.0,0.2868,352.0,0.2869,3436.0
1753617208052,11:53:28.052,huobi,1INCH/USDT:USDT,0.2866,348.0,0.2865,3426.0,0.2868,352.0,0.2869,3436.0
1753617208070,11:53:28.070,huobi,1INCH/USDT:USDT,0.2866,348.0,0.2865,3426.0,0.2868,352.0,0.2869,3436.0
1753617208154,11:53:28.154,huobi,1INCH/USDT:USDT,0.2866,348.0,0.2865,3593.0,0.2868,352.0,0.2869,3436.0
1753617209919,11:53:29.919,huobi,1INCH/USDT:USDT,0.2866,348.0,0.2865,3426.0,0.2868,352.0,0.2869,3436.0
1753617210016,11:53:30.016,huobi,1INCH/USDT:USDT,0.2866,348.0,0.2865,3426.0,0.2868,352.0,0.2869,358.0
1753617210042,11:53:30.042,huobi,1INCH/USDT:USDT,0.2866,348.0,0.2865,3426.0,0.2869,358.0,0.2872,517.0
1753617210069,11:53:30.069,huobi,1INCH/USDT:USDT,0.2866,348.0,0.2865,3426.0,0.2869,358.0,0.2872,517.0
1753617210103,11:53:30.103,huobi,1INCH/USDT:USDT,0.2867,347.0,0.2866,3426.0,0.2869,358.0,0.2872,517.0
1753617210134,11:53:30.134,huobi,1INCH/USDT:USDT,0.2867,347.0,0.2866,3426.0,0.2869,358.0,0.287,3078.0
1753617210184,11:53:30.184,huobi,1INCH/USDT:USDT,0.2867,347.0,0.2866,3426.0,0.2869,358.0,0.287,3078.0
1753617210229,11:53:30.229,huobi,1INCH/USDT:USDT,0.2867,347.0,0.2866,3426.0,0.2869,358.0,0.287,3078.0
1753617210285,11:53:30.285,huobi,1INCH/USDT:USDT,0.2867,347.0,0.2866,3426.0,0.2869,358.0,0.287,3078.0
1753617210309,11:53:30.309,huobi,1INCH/USDT:USDT,0.2867,347.0,0.2866,3426.0,0.2869,358.0,0.287,3078.0
1753617210339,11:53:30.339,huobi,1INCH/USDT:USDT,0.2867,347.0,0.2866,3426.0,0.2869,358.0,0.287,3078.0
1753617210376,11:53:30.376,huobi,1INCH/USDT:USDT,0.2867,347.0,0.2866,3426.0,0.2869,358.0,0.287,3078.0
1753617210434,11:53:30.434,huobi,1INCH/USDT:USDT,0.2867,347.0,0.2866,3426.0,0.2868,347.0,0.2869,3436.0
1753617210509,11:53:30.509,huobi,1INCH/USDT:USDT,0.2867,347.0,0.2866,3426.0,0.2868,347.0,0.2869,3436.0
1753617210521,11:53:30.521,huobi,1INCH/USDT:USDT,0.2867,347.0,0.2866,3426.0,0.2868,347.0,0.2869,358.0
1753617210585,11:53:30.585,huobi,1INCH/USDT:USDT,0.2867,347.0,0.2866,3426.0,0.2868,347.0,0.2869,358.0
1753617210619,11:53:30.619,huobi,1INCH/USDT:USDT,0.2867,347.0,0.2866,3426.0,0.2869,3436.0,0.287,3078.0
1753617210656,11:53:30.656,huobi,1INCH/USDT:USDT,0.2867,347.0,0.2866,3426.0,0.2869,3436.0,0.287,3078.0
1753617210714,11:53:30.714,huobi,1INCH/USDT:USDT,0.2867,347.0,0.2866,3426.0,0.2868,347.0,0.2869,3436.0
1753617210733,11:53:30.733,huobi,1INCH/USDT:USDT,0.2867,347.0,0.2866,3426.0,0.2868,347.0,0.2869,3436.0
1753617211406,11:53:31.406,huobi,1INCH/USDT:USDT,0.2867,347.0,0.2866,3426.0,0.2868,347.0,0.2869,3436.0
1753617211422,11:53:31.422,huobi,1INCH/USDT:USDT,0.2867,347.0,0.2866,3426.0,0.2868,347.0,0.2869,358.0
1753617211486,11:53:31.486,huobi,1INCH/USDT:USDT,0.2867,347.0,0.2866,3426.0,0.2869,358.0,0.287,3078.0
1753617211994,11:53:31.994,huobi,1INCH/USDT:USDT,0.2867,347.0,0.2866,3426.0,0.2869,358.0,0.287,3078.0
1753617212884,11:53:32.884,huobi,1INCH/USDT:USDT,0.2867,347.0,0.2866,3426.0,0.2869,358.0,0.287,3078.0
1753617213523,11:53:33.523,huobi,1INCH/USDT:USDT,0.2867,347.0,0.2866,3426.0,0.2869,358.0,0.287,3078.0
1753617213881,11:53:33.881,huobi,1INCH/USDT:USDT,0.2867,347.0,0.2866,3426.0,0.2869,3436.0,0.287,3078.0
1753617214049,11:53:34.049,huobi,1INCH/USDT:USDT,0.2867,347.0,0.2866,3426.0,0.2868,347.0,0.2869,3436.0
1753617215197,11:53:35.197,huobi,1INCH/USDT:USDT,0.2867,347.0,0.2866,3426.0,0.2868,347.0,0.2869,358.0
1753617215245,11:53:35.245,huobi,1INCH/USDT:USDT,0.2867,347.0,0.2866,3426.0,0.2869,358.0,0.287,3078.0
1753617215340,11:53:35.340,huobi,1INCH/USDT:USDT,0.2867,347.0,0.2866,3426.0,0.2869,358.0,0.287,3078.0
1753617218545,11:53:38.545,huobi,1INCH/USDT:USDT,0.2867,347.0,0.2866,3426.0,0.2869,358.0,0.287,3078.0
1753617218565,11:53:38.565,huobi,1INCH/USDT:USDT,0.2867,347.0,0.2866,3426.0,0.2869,358.0,0.287,3078.0
1753617218714,11:53:38.714,huobi,1INCH/USDT:USDT,0.2867,347.0,0.2866,3593.0,0.2869,358.0,0.287,3078.0
1753617222080,11:53:42.080,huobi,1INCH/USDT:USDT,0.2867,347.0,0.2866,3426.0,0.2869,358.0,0.287,3078.0
1753617222651,11:53:42.651,huobi,1INCH/USDT:USDT,0.2867,347.0,0.2866,3426.0,0.2869,358.0,0.2871,3245.0
1753617222668,11:53:42.668,huobi,1INCH/USDT:USDT,0.2867,347.0,0.2866,3426.0,0.2869,358.0,0.2871,3245.0
1753617222711,11:53:42.711,huobi,1INCH/USDT:USDT,0.2867,347.0,0.2866,3593.0,0.2869,358.0,0.2871,3078.0
1753617222754,11:53:42.754,huobi,1INCH/USDT:USDT,0.2867,347.0,0.2866,3593.0,0.2869,358.0,0.287,3078.0
1753617222777,11:53:42.777,huobi,1INCH/USDT:USDT,0.2867,347.0,0.2866,3593.0,0.2869,358.0,0.287,3078.0
1753617222822,11:53:42.822,huobi,1INCH/USDT:USDT,0.2867,347.0,0.2866,3593.0,0.2869,358.0,0.287,3078.0
1753617222875,11:53:42.875,huobi,1INCH/USDT:USDT,0.2867,347.0,0.2866,3593.0,0.2869,358.0,0.287,3078.0
1753617222934,11:53:42.934,huobi,1INCH/USDT:USDT,0.2867,347.0,0.2866,3593.0,0.287,3078.0,0.2871,3078.0
1753617222948,11:53:42.948,huobi,1INCH/USDT:USDT,0.2867,347.0,0.2866,3593.0,0.287,3078.0,0.2871,3078.0
1753617222966,11:53:42.966,huobi,1INCH/USDT:USDT,0.2867,347.0,0.2866,3593.0,0.287,3078.0,0.2871,3078.0
1753617223002,11:53:43.002,huobi,1INCH/USDT:USDT,0.2867,347.0,0.2866,3593.0,0.287,3078.0,0.2871,3078.0
1753617223030,11:53:43.030,huobi,1INCH/USDT:USDT,0.2867,347.0,0.2866,3593.0,0.287,3078.0,0.2871,3078.0
1753617223080,11:53:43.080,huobi,1INCH/USDT:USDT,0.2867,347.0,0.2866,3593.0,0.287,3078.0,0.2871,3078.0
1753617223138,11:53:43.138,huobi,1INCH/USDT:USDT,0.2867,347.0,0.2866,3593.0,0.287,3078.0,0.2871,3078.0
1753617223169,11:53:43.169,huobi,1INCH/USDT:USDT,0.2867,347.0,0.2866,3593.0,0.287,3078.0,0.2871,3078.0
1753617223393,11:53:43.393,huobi,1INCH/USDT:USDT,0.2867,347.0,0.2866,3593.0,0.287,3078.0,0.2871,3078.0
1753617223585,11:53:43.585,huobi,1INCH/USDT:USDT,0.2867,347.0,0.2866,3593.0,0.2871,3078.0,0.2872,517.0
1753617223606,11:53:43.606,huobi,1INCH/USDT:USDT,0.2867,347.0,0.2866,3593.0,0.2871,3078.0,0.2872,3595.0
1753617224197,11:53:44.197,huobi,1INCH/USDT:USDT,0.2867,347.0,0.2866,3593.0,0.287,345.0,0.2871,3078.0
1753617225763,11:53:45.763,huobi,1INCH/USDT:USDT,0.2867,347.0,0.2866,3593.0,0.287,3423.0,0.2871,3078.0
1753617226345,11:53:46.345,huobi,1INCH/USDT:USDT,0.2867,347.0,0.2866,3593.0,0.2869,345.0,0.287,3423.0
1753617226780,11:53:46.780,huobi,1INCH/USDT:USDT,0.2867,347.0,0.2866,3593.0,0.2869,345.0,0.287,345.0
1753617226926,11:53:46.926,huobi,1INCH/USDT:USDT,0.2867,347.0,0.2866,3426.0,0.287,345.0,0.2871,3078.0
1753617227265,11:53:47.265,huobi,1INCH/USDT:USDT,0.2867,347.0,0.2866,3426.0,0.287,345.0,0.2871,3078.0
1753617227290,11:53:47.290,huobi,1INCH/USDT:USDT,0.2867,347.0,0.2866,3593.0,0.287,345.0,0.2871,3078.0
1753617230252,11:53:50.252,huobi,1INCH/USDT:USDT,0.2867,347.0,0.2866,3593.0,0.287,345.0,0.2872,3595.0
1753617230264,11:53:50.264,huobi,1INCH/USDT:USDT,0.2867,347.0,0.2866,3593.0,0.287,345.0,0.2872,3595.0
1753617230307,11:53:50.307,huobi,1INCH/USDT:USDT,0.2868,356.0,0.2867,3425.0,0.287,345.0,0.2872,3428.0
1753617230328,11:53:50.328,huobi,1INCH/USDT:USDT,0.2868,356.0,0.2867,3425.0,0.287,345.0,0.2872,3428.0
1753617230354,11:53:50.354,huobi,1INCH/USDT:USDT,0.2868,356.0,0.2867,3425.0,0.287,345.0,0.2871,3078.0
1753617230442,11:53:50.442,huobi,1INCH/USDT:USDT,0.2868,356.0,0.2867,3425.0,0.287,345.0,0.2871,3078.0
1753617230442,11:53:50.442,huobi,1INCH/USDT:USDT,0.2868,356.0,0.2867,3425.0,0.287,345.0,0.2871,3078.0
1753617230451,11:53:50.451,huobi,1INCH/USDT:USDT,0.2868,356.0,0.2867,3592.0,0.287,345.0,0.2871,3078.0
1753617230520,11:53:50.520,huobi,1INCH/USDT:USDT,0.2868,356.0,0.2867,3592.0,0.287,345.0,0.2871,3078.0
1753617230528,11:53:50.528,huobi,1INCH/USDT:USDT,0.2868,356.0,0.2867,3592.0,0.287,345.0,0.2871,3078.0
1753617230577,11:53:50.577,huobi,1INCH/USDT:USDT,0.2868,356.0,0.2867,3592.0,0.287,345.0,0.2871,3078.0
1753617230609,11:53:50.609,huobi,1INCH/USDT:USDT,0.2868,356.0,0.2867,3592.0,0.287,345.0,0.2871,3078.0
1753617230613,11:53:50.613,huobi,1INCH/USDT:USDT,0.2868,356.0,0.2867,3425.0,0.287,345.0,0.2871,3078.0
1753617230706,11:53:50.706,huobi,1INCH/USDT:USDT,0.2868,356.0,0.2867,3425.0,0.287,345.0,0.2871,3078.0
1753617230725,11:53:50.725,huobi,1INCH/USDT:USDT,0.2868,356.0,0.2867,3425.0,0.287,345.0,0.2871,3078.0
1753617230855,11:53:50.855,huobi,1INCH/USDT:USDT,0.2868,356.0,0.2867,3425.0,0.287,345.0,0.2871,3078.0
1753617232193,11:53:52.193,huobi,1INCH/USDT:USDT,0.2868,356.0,0.2867,3425.0,0.287,345.0,0.2871,3078.0
1753617232564,11:53:52.564,huobi,1INCH/USDT:USDT,0.2868,356.0,0.2867,3425.0,0.287,345.0,0.2871,3078.0
1753617232565,11:53:52.565,huobi,1INCH/USDT:USDT,0.2868,356.0,0.2867,3592.0,0.287,345.0,0.2871,3078.0
1753617232741,11:53:52.741,huobi,1INCH/USDT:USDT,0.2868,356.0,0.2867,3592.0,0.287,345.0,0.2871,3078.0
1753617233748,11:53:53.748,huobi,1INCH/USDT:USDT,0.2868,356.0,0.2867,514.0,0.287,345.0,0.2871,3078.0
1753617233778,11:53:53.778,huobi,1INCH/USDT:USDT,0.2868,356.0,0.2867,347.0,0.287,3423.0,0.2871,3078.0
1753617233798,11:53:53.798,huobi,1INCH/USDT:USDT,0.2867,347.0,0.2866,3426.0,0.287,3423.0,0.2871,3078.0
1753617233829,11:53:53.829,huobi,1INCH/USDT:USDT,0.2867,347.0,0.2866,3426.0,0.2869,356.0,0.287,3423.0
1753617233897,11:53:53.897,huobi,1INCH/USDT:USDT,0.2867,347.0,0.2866,3426.0,0.2869,356.0,0.287,3423.0
1753617233935,11:53:53.935,huobi,1INCH/USDT:USDT,0.2867,347.0,0.2866,3426.0,0.2869,356.0,0.287,3423.0
1753617234305,11:53:54.305,huobi,1INCH/USDT:USDT,0.2867,347.0,0.2866,3426.0,0.2869,356.0,0.287,3423.0
1753617234305,11:53:54.305,huobi,1INCH/USDT:USDT,0.2867,347.0,0.2866,3593.0,0.2869,356.0,0.287,3423.0
1753617237744,11:53:57.744,huobi,1INCH/USDT:USDT,0.2867,347.0,0.2866,3593.0,0.2869,356.0,0.287,3423.0
1753617237880,11:53:57.880,huobi,1INCH/USDT:USDT,0.2867,347.0,0.2866,3593.0,0.2869,356.0,0.287,3423.0
1753617237880,11:53:57.880,huobi,1INCH/USDT:USDT,0.2867,347.0,0.2866,3593.0,0.2869,356.0,0.287,3423.0
1753617241563,11:54:01.563,huobi,1INCH/USDT:USDT,0.2867,347.0,0.2866,3593.0,0.2869,356.0,0.287,3423.0
1753617241564,11:54:01.564,huobi,1INCH/USDT:USDT,0.2867,347.0,0.2866,3426.0,0.2869,356.0,0.287,3423.0
1753617241916,11:54:01.916,huobi,1INCH/USDT:USDT,0.2867,347.0,0.2866,3426.0,0.2869,356.0,0.287,3423.0
1753617242022,11:54:02.022,huobi,1INCH/USDT:USDT,0.2867,347.0,0.2866,3426.0,0.2869,356.0,0.287,3423.0
1753617242060,11:54:02.060,huobi,1INCH/USDT:USDT,0.2867,347.0,0.2866,3426.0,0.2869,356.0,0.287,3423.0
1753617242195,11:54:02.195,huobi,1INCH/USDT:USDT,0.2867,347.0,0.2866,3593.0,0.2869,356.0,0.287,3423.0
1753617242457,11:54:02.457,huobi,1INCH/USDT:USDT,0.2867,347.0,0.2866,3593.0,0.2869,356.0,0.287,3423.0
1753617245065,11:54:05.065,huobi,1INCH/USDT:USDT,0.2867,347.0,0.2866,3426.0,0.2869,356.0,0.287,3423.0
1753617245080,11:54:05.080,huobi,1INCH/USDT:USDT,0.2867,347.0,0.2866,3426.0,0.2869,356.0,0.287,3423.0
1753617245117,11:54:05.117,huobi,1INCH/USDT:USDT,0.2867,347.0,0.2866,3426.0,0.2869,356.0,0.287,3423.0
1753617245757,11:54:05.757,huobi,1INCH/USDT:USDT,0.2867,347.0,0.2866,3426.0,0.2869,356.0,0.287,3423.0
1753617247179,11:54:07.179,huobi,1INCH/USDT:USDT,0.2867,347.0,0.2866,3426.0,0.2869,356.0,0.287,3423.0
1753617247191,11:54:07.191,huobi,1INCH/USDT:USDT,0.2867,347.0,0.2866,3426.0,0.2869,3434.0,0.287,3423.0
1753617247212,11:54:07.212,huobi,1INCH/USDT:USDT,0.2867,347.0,0.2866,3426.0,0.2868,343.0,0.2869,3434.0
1753617247244,11:54:07.244,huobi,1INCH/USDT:USDT,0.2867,347.0,0.2866,3426.0,0.2868,343.0,0.2869,3434.0
1753617247269,11:54:07.269,huobi,1INCH/USDT:USDT,0.2867,347.0,0.2866,3426.0,0.2868,343.0,0.2869,3434.0
1753617247304,11:54:07.304,huobi,1INCH/USDT:USDT,0.2867,347.0,0.2866,3426.0,0.2868,343.0,0.2869,3434.0
1753617247328,11:54:07.328,huobi,1INCH/USDT:USDT,0.2867,347.0,0.2866,3426.0,0.2868,343.0,0.2869,3434.0
1753617247358,11:54:07.358,huobi,1INCH/USDT:USDT,0.2867,347.0,0.2866,3426.0,0.2868,343.0,0.2869,3434.0
1753617247399,11:54:07.399,huobi,1INCH/USDT:USDT,0.2867,347.0,0.2866,3426.0,0.2868,343.0,0.2869,3434.0
1753617247489,11:54:07.489,huobi,1INCH/USDT:USDT,0.2867,347.0,0.2866,3426.0,0.2868,343.0,0.2869,3434.0
1753617247672,11:54:07.672,huobi,1INCH/USDT:USDT,0.2867,347.0,0.2866,3426.0,0.2868,343.0,0.2869,3434.0
1753617247726,11:54:07.726,huobi,1INCH/USDT:USDT,0.2867,347.0,0.2866,3426.0,0.2868,343.0,0.2869,3434.0
1753617247763,11:54:07.763,huobi,1INCH/USDT:USDT,0.2867,347.0,0.2866,3426.0,0.2868,343.0,0.2869,3434.0
1753617247899,11:54:07.899,huobi,1INCH/USDT:USDT,0.2866,3426.0,0.2865,3426.0,0.2868,343.0,0.2869,3434.0
1753617247945,11:54:07.945,huobi,1INCH/USDT:USDT,0.2866,348.0,0.2865,3426.0,0.2868,343.0,0.2869,3434.0
1753617247985,11:54:07.985,huobi,1INCH/USDT:USDT,0.2866,348.0,0.2865,3426.0,0.2868,343.0,0.2869,3434.0
1753617248028,11:54:08.028,huobi,1INCH/USDT:USDT,0.2866,348.0,0.2865,3426.0,0.2868,3421.0,0.2869,3434.0
1753617248072,11:54:08.072,huobi,1INCH/USDT:USDT,0.2866,348.0,0.2865,3426.0,0.2868,3421.0,0.2869,3434.0
1753617248088,11:54:08.088,huobi,1INCH/USDT:USDT,0.2866,348.0,0.2865,3426.0,0.2868,3421.0,0.2869,3434.0
1753617248127,11:54:08.127,huobi,1INCH/USDT:USDT,0.2866,348.0,0.2865,3426.0,0.2867,343.0,0.2868,3421.0
1753617248139,11:54:08.139,huobi,1INCH/USDT:USDT,0.2866,348.0,0.2865,3426.0,0.2867,343.0,0.2868,3421.0
1753617248173,11:54:08.173,huobi,1INCH/USDT:USDT,0.2866,348.0,0.2865,3426.0,0.2867,343.0,0.2868,3421.0
1753617248202,11:54:08.202,huobi,1INCH/USDT:USDT,0.2866,348.0,0.2865,3426.0,0.2867,343.0,0.2868,3421.0
1753617248274,11:54:08.274,huobi,1INCH/USDT:USDT,0.2866,348.0,0.2865,3426.0,0.2867,343.0,0.2868,3421.0
1753617248333,11:54:08.333,huobi,1INCH/USDT:USDT,0.2866,348.0,0.2865,3426.0,0.2867,343.0,0.2868,3421.0
1753617248665,11:54:08.665,huobi,1INCH/USDT:USDT,0.2866,348.0,0.2865,3426.0,0.2867,343.0,0.2868,3421.0
1753617249309,11:54:09.309,huobi,1INCH/USDT:USDT,0.2866,348.0,0.2865,348.0,0.2867,343.0,0.2868,3421.0
1753617249336,11:54:09.336,huobi,1INCH/USDT:USDT,0.2865,348.0,0.2864,3431.0,0.2867,3421.0,0.2868,3421.0
1753617249380,11:54:09.380,huobi,1INCH/USDT:USDT,0.2865,348.0,0.2864,3431.0,0.2866,350.0,0.2867,3421.0
1753617249395,11:54:09.395,huobi,1INCH/USDT:USDT,0.2865,348.0,0.2864,3431.0,0.2866,350.0,0.2867,3421.0
1753617249426,11:54:09.426,huobi,1INCH/USDT:USDT,0.2865,348.0,0.2864,3431.0,0.2866,350.0,0.2867,3421.0
1753617249457,11:54:09.457,huobi,1INCH/USDT:USDT,0.2865,348.0,0.2864,3431.0,0.2867,3421.0,0.2868,3421.0
1753617249488,11:54:09.488,huobi,1INCH/USDT:USDT,0.2865,348.0,0.2864,3431.0,0.2867,343.0,0.2868,3421.0
1753617249527,11:54:09.527,huobi,1INCH/USDT:USDT,0.2865,348.0,0.2864,3431.0,0.2868,3421.0,0.2869,3434.0
1753617249558,11:54:09.558,huobi,1INCH/USDT:USDT,0.2865,348.0,0.2864,3431.0,0.2868,3421.0,0.2869,3434.0
1753617249579,11:54:09.579,huobi,1INCH/USDT:USDT,0.2865,348.0,0.2864,3431.0,0.2868,3421.0,0.2869,3434.0
1753617249614,11:54:09.614,huobi,1INCH/USDT:USDT,0.2865,348.0,0.2864,3431.0,0.2868,3421.0,0.2869,3434.0
1753617249723,11:54:09.723,huobi,1INCH/USDT:USDT,0.2865,348.0,0.2864,3431.0,0.2868,3421.0,0.2869,3434.0
1753617249737,11:54:09.737,huobi,1INCH/USDT:USDT,0.2865,348.0,0.2864,3598.0,0.2868,3421.0,0.2869,3434.0
1753617249850,11:54:09.850,huobi,1INCH/USDT:USDT,0.2865,348.0,0.2864,3598.0,0.2868,3421.0,0.2869,3434.0
1753617250057,11:54:10.057,huobi,1INCH/USDT:USDT,0.2865,348.0,0.2864,3598.0,0.2868,3421.0,0.2869,3434.0
1753617250682,11:54:10.682,huobi,1INCH/USDT:USDT,0.2865,348.0,0.2864,3431.0,0.2868,3421.0,0.2869,3434.0
1753617251971,11:54:11.971,huobi,1INCH/USDT:USDT,0.2865,348.0,0.2864,3431.0,0.2868,3421.0,0.2869,3434.0
1753617251977,11:54:11.977,huobi,1INCH/USDT:USDT,0.2865,348.0,0.2864,3431.0,0.2868,3421.0,0.2869,3434.0
1753617263040,11:54:23.040,huobi,1INCH/USDT:USDT,0.2865,348.0,0.2864,3431.0,0.2868,3421.0,0.2869,3434.0
1753617263360,11:54:23.360,huobi,1INCH/USDT:USDT,0.2865,348.0,0.2864,3431.0,0.2868,343.0,0.2869,3434.0
1753617263383,11:54:23.383,huobi,1INCH/USDT:USDT,0.2866,344.0,0.2865,3426.0,0.2868,343.0,0.2869,3434.0
1753617263415,11:54:23.415,huobi,1INCH/USDT:USDT,0.2866,344.0,0.2865,3426.0,0.2868,343.0,0.2869,3434.0
1753617263460,11:54:23.460,huobi,1INCH/USDT:USDT,0.2866,344.0,0.2865,3426.0,0.2868,343.0,0.2869,3434.0
1753617263473,11:54:23.473,huobi,1INCH/USDT:USDT,0.2866,344.0,0.2865,3426.0,0.2868,343.0,0.2869,3434.0
1753617263526,11:54:23.526,huobi,1INCH/USDT:USDT,0.2866,344.0,0.2865,3426.0,0.2868,343.0,0.2869,3434.0
1753617263556,11:54:23.556,huobi,1INCH/USDT:USDT,0.2866,344.0,0.2865,3426.0,0.2869,3434.0,0.287,3423.0
1753617263612,11:54:23.612,huobi,1INCH/USDT:USDT,0.2866,344.0,0.2865,3593.0,0.2869,3434.0,0.287,3423.0
1753617263791,11:54:23.791,huobi,1INCH/USDT:USDT,0.2866,344.0,0.2865,3593.0,0.2869,3434.0,0.287,3423.0
1753617264017,11:54:24.017,huobi,1INCH/USDT:USDT,0.2866,344.0,0.2865,3426.0,0.2869,3434.0,0.287,3590.0
1753617264968,11:54:24.968,huobi,1INCH/USDT:USDT,0.2866,344.0,0.2865,3426.0,0.2869,3434.0,0.287,3590.0
1753617268404,11:54:28.404,huobi,1INCH/USDT:USDT,0.2866,344.0,0.2865,3426.0,0.2869,3434.0,0.287,3590.0
1753617268465,11:54:28.465,huobi,1INCH/USDT:USDT,0.2866,344.0,0.2865,3593.0,0.2869,3434.0,0.287,3423.0
1753617268483,11:54:28.483,huobi,1INCH/USDT:USDT,0.2866,344.0,0.2865,3426.0,0.2869,3434.0,0.287,3423.0
1753617268505,11:54:28.505,huobi,1INCH/USDT:USDT,0.2866,344.0,0.2865,3426.0,0.2869,3434.0,0.287,3423.0
1753617274766,11:54:34.766,huobi,1INCH/USDT:USDT,0.2866,344.0,0.2865,3426.0,0.2869,3434.0,0.287,3423.0
1753617275466,11:54:35.466,huobi,1INCH/USDT:USDT,0.2866,344.0,0.2865,3426.0,0.2869,3434.0,0.287,3423.0
1753617276597,11:54:36.597,huobi,1INCH/USDT:USDT,0.2866,344.0,0.2865,3593.0,0.2869,3434.0,0.287,3423.0
1753617278193,11:54:38.193,huobi,1INCH/USDT:USDT,0.2866,344.0,0.2865,3593.0,0.2869,3434.0,0.287,3423.0
1753617278384,11:54:38.384,huobi,1INCH/USDT:USDT,0.2866,344.0,0.2865,3593.0,0.2869,3434.0,0.287,3423.0
1753617278786,11:54:38.786,huobi,1INCH/USDT:USDT,0.2866,344.0,0.2865,3426.0,0.2869,3434.0,0.287,3590.0
1753617279230,11:54:39.230,huobi,1INCH/USDT:USDT,0.2866,344.0,0.2865,3426.0,0.2869,3434.0,0.287,3590.0
1753617279579,11:54:39.579,huobi,1INCH/USDT:USDT,0.2866,344.0,0.2865,3426.0,0.2869,3434.0,0.287,3590.0
1753617279610,11:54:39.610,huobi,1INCH/USDT:USDT,0.2866,344.0,0.2865,3426.0,0.2869,3434.0,0.287,3423.0
1753617279635,11:54:39.635,huobi,1INCH/USDT:USDT,0.2866,344.0,0.2865,3426.0,0.2869,3434.0,0.287,3423.0
1753617279900,11:54:39.900,huobi,1INCH/USDT:USDT,0.2866,344.0,0.2865,3426.0,0.2869,3434.0,0.287,3423.0
1753617279911,11:54:39.911,huobi,1INCH/USDT:USDT,0.2866,344.0,0.2865,3593.0,0.2869,3434.0,0.287,3423.0
1753617282152,11:54:42.152,huobi,1INCH/USDT:USDT,0.2866,344.0,0.2865,3593.0,0.2869,3434.0,0.287,3423.0
1753617282159,11:54:42.159,huobi,1INCH/USDT:USDT,0.2866,344.0,0.2865,3426.0,0.2869,3434.0,0.287,3590.0
1753617282410,11:54:42.410,huobi,1INCH/USDT:USDT,0.2866,344.0,0.2865,3426.0,0.2869,3434.0,0.287,3590.0
1753617283019,11:54:43.019,huobi,1INCH/USDT:USDT,0.2866,344.0,0.2865,3593.0,0.2869,3434.0,0.287,3423.0
1753617283470,11:54:43.470,huobi,1INCH/USDT:USDT,0.2866,344.0,0.2865,3593.0,0.2869,3434.0,0.287,3423.0
1753617286375,11:54:46.375,huobi,1INCH/USDT:USDT,0.2866,344.0,0.2865,3426.0,0.2869,3434.0,0.287,3590.0
1753617286800,11:54:46.800,huobi,1INCH/USDT:USDT,0.2866,344.0,0.2865,348.0,0.2869,3434.0,0.287,3590.0
1753617286814,11:54:46.814,huobi,1INCH/USDT:USDT,0.2865,348.0,0.2864,3598.0,0.2869,3434.0,0.287,3590.0
1753617286852,11:54:46.852,huobi,1INCH/USDT:USDT,0.2865,348.0,0.2864,3431.0,0.2869,3434.0,0.287,3590.0
1753617290452,11:54:50.452,huobi,1INCH/USDT:USDT,0.2865,348.0,0.2864,3431.0,0.2869,3434.0,0.287,3590.0
1753617291211,11:54:51.211,huobi,1INCH/USDT:USDT,0.2865,348.0,0.2864,3431.0,0.2869,3434.0,0.287,3423.0
1753617291242,11:54:51.242,huobi,1INCH/USDT:USDT,0.2865,348.0,0.2864,3431.0,0.2869,3434.0,0.287,3590.0
1753617294820,11:54:54.820,huobi,1INCH/USDT:USDT,0.2865,348.0,0.2864,3431.0,0.2869,3434.0,0.287,3423.0
1753617294844,11:54:54.844,huobi,1INCH/USDT:USDT,0.2865,348.0,0.2864,3431.0,0.2869,3434.0,0.287,3590.0
1753617298942,11:54:58.942,huobi,1INCH/USDT:USDT,0.2865,348.0,0.2864,3431.0,0.2869,3434.0,0.287,3423.0
1753617298957,11:54:58.957,huobi,1INCH/USDT:USDT,0.2865,348.0,0.2864,3431.0,0.2869,3434.0,0.287,3423.0
1753617299246,11:54:59.246,huobi,1INCH/USDT:USDT,0.2865,348.0,0.2864,3431.0,0.2869,3434.0,0.287,3590.0
1753617299258,11:54:59.258,huobi,1INCH/USDT:USDT,0.2865,348.0,0.2864,3431.0,0.2869,3434.0,0.287,3590.0
1753617302378,11:55:02.378,huobi,1INCH/USDT:USDT,0.2865,348.0,0.2864,3431.0,0.2869,3434.0,0.287,3423.0
1753617302412,11:55:02.412,huobi,1INCH/USDT:USDT,0.2865,348.0,0.2864,3431.0,0.2869,3434.0,0.287,3590.0
1753617302877,11:55:02.877,huobi,1INCH/USDT:USDT,0.2865,348.0,0.2864,3431.0,0.2869,3434.0,0.287,3423.0
1753617304498,11:55:04.498,huobi,1INCH/USDT:USDT,0.2865,348.0,0.2864,3431.0,0.2869,3434.0,0.287,3423.0
1753617304968,11:55:04.968,huobi,1INCH/USDT:USDT,0.2865,348.0,0.2864,3431.0,0.2869,3434.0,0.287,3590.0
1753617305093,11:55:05.093,huobi,1INCH/USDT:USDT,0.2865,348.0,0.2864,3431.0,0.2869,3434.0,0.287,3590.0
1753617305110,11:55:05.110,huobi,1INCH/USDT:USDT,0.2865,348.0,0.2864,353.0,0.2869,3434.0,0.287,3590.0
1753617305159,11:55:05.159,huobi,1INCH/USDT:USDT,0.2864,353.0,0.2863,3434.0,0.2869,3434.0,0.287,3590.0
1753617305174,11:55:05.174,huobi,1INCH/USDT:USDT,0.2864,353.0,0.2863,3434.0,0.2869,3434.0,0.287,3590.0
1753617305203,11:55:05.203,huobi,1INCH/USDT:USDT,0.2864,353.0,0.2863,3434.0,0.2869,3434.0,0.287,3590.0
1753617305246,11:55:05.246,huobi,1INCH/USDT:USDT,0.2864,353.0,0.2863,3434.0,0.2869,3434.0,0.287,3590.0
1753617305259,11:55:05.259,huobi,1INCH/USDT:USDT,0.2864,353.0,0.2863,3434.0,0.2869,3434.0,0.287,3590.0
1753617305291,11:55:05.291,huobi,1INCH/USDT:USDT,0.2864,353.0,0.2863,3434.0,0.2869,3434.0,0.287,3590.0
1753617305328,11:55:05.328,huobi,1INCH/USDT:USDT,0.2864,353.0,0.2863,3434.0,0.2869,3434.0,0.287,3590.0
1753617305349,11:55:05.349,huobi,1INCH/USDT:USDT,0.2864,353.0,0.2863,3434.0,0.2869,3434.0,0.287,3590.0
1753617305482,11:55:05.482,huobi,1INCH/USDT:USDT,0.2864,353.0,0.2863,3434.0,0.2869,3434.0,0.287,3590.0
1753617305800,11:55:05.800,huobi,1INCH/USDT:USDT,0.2864,353.0,0.2863,3434.0,0.2869,3434.0,0.287,3590.0
1753617305874,11:55:05.874,huobi,1INCH/USDT:USDT,0.2864,353.0,0.2863,3434.0,0.2869,3434.0,0.287,3590.0
1753617305947,11:55:05.947,huobi,1INCH/USDT:USDT,0.2864,353.0,0.2863,3434.0,0.2869,3434.0,0.287,3590.0
1753617306031,11:55:06.031,huobi,1INCH/USDT:USDT,0.2864,353.0,0.2863,3434.0,0.2869,3434.0,0.287,3590.0
1753617306035,11:55:06.035,huobi,1INCH/USDT:USDT,0.2864,353.0,0.2863,3434.0,0.2869,3434.0,0.287,3590.0
1753617309561,11:55:09.561,huobi,1INCH/USDT:USDT,0.2864,353.0,0.2863,3434.0,0.2868,347.0,0.2869,3434.0
1753617309575,11:55:09.575,huobi,1INCH/USDT:USDT,0.2864,353.0,0.2863,3434.0,0.2868,3425.0,0.2869,3434.0
1753617309607,11:55:09.607,huobi,1INCH/USDT:USDT,0.2864,353.0,0.2863,3434.0,0.2866,347.0,0.2867,3425.0
1753617309664,11:55:09.664,huobi,1INCH/USDT:USDT,0.2864,353.0,0.2863,3434.0,0.2866,347.0,0.2867,3425.0
1753617311073,11:55:11.073,huobi,1INCH/USDT:USDT,0.2864,353.0,0.2863,3434.0,0.2866,347.0,0.2867,3425.0
1753617311078,11:55:11.078,huobi,1INCH/USDT:USDT,0.2864,353.0,0.2863,3434.0,0.2866,347.0,0.2867,3425.0
1753617311134,11:55:11.134,huobi,1INCH/USDT:USDT,0.2864,353.0,0.2863,3434.0,0.2866,3425.0,0.2867,3425.0
1753617311138,11:55:11.138,huobi,1INCH/USDT:USDT,0.2864,353.0,0.2863,3434.0,0.2866,3425.0,0.2867,3425.0
1753617311167,11:55:11.167,huobi,1INCH/USDT:USDT,0.2864,353.0,0.2863,3434.0,0.2866,347.0,0.2867,3425.0
1753617311584,11:55:11.584,huobi,1INCH/USDT:USDT,0.2864,353.0,0.2863,3434.0,0.2866,347.0,0.2867,3425.0
1753617311584,11:55:11.584,huobi,1INCH/USDT:USDT,0.2864,353.0,0.2863,3434.0,0.2866,347.0,0.2867,3425.0
1753617311614,11:55:11.614,huobi,1INCH/USDT:USDT,0.2864,353.0,0.2863,3434.0,0.2866,3425.0,0.2867,3425.0
1753617311681,11:55:11.681,huobi,1INCH/USDT:USDT,0.2864,353.0,0.2863,3434.0,0.2865,347.0,0.2866,3425.0
1753617311935,11:55:11.935,huobi,1INCH/USDT:USDT,0.2864,353.0,0.2863,3434.0,0.2865,347.0,0.2866,3425.0
1753617311946,11:55:11.946,huobi,1INCH/USDT:USDT,0.2864,353.0,0.2863,3434.0,0.2865,347.0,0.2866,3425.0
1753617311982,11:55:11.982,huobi,1INCH/USDT:USDT,0.2864,353.0,0.2863,3434.0,0.2865,347.0,0.2866,3425.0
1753617312094,11:55:12.094,huobi,1INCH/USDT:USDT,0.2864,353.0,0.2863,3434.0,0.2865,347.0,0.2866,3425.0
1753617312235,11:55:12.235,huobi,1INCH/USDT:USDT,0.2864,353.0,0.2863,3434.0,0.2865,347.0,0.2866,3425.0
1753617312266,11:55:12.266,huobi,1INCH/USDT:USDT,0.2864,353.0,0.2863,3434.0,0.2865,347.0,0.2866,3425.0
1753617312346,11:55:12.346,huobi,1INCH/USDT:USDT,0.2864,353.0,0.2863,3434.0,0.2865,347.0,0.2866,3425.0
1753617312408,11:55:12.408,huobi,1INCH/USDT:USDT,0.2864,353.0,0.2863,3434.0,0.2865,347.0,0.2866,3425.0
1753617312642,11:55:12.642,huobi,1INCH/USDT:USDT,0.2864,353.0,0.2863,3434.0,0.2865,347.0,0.2866,3425.0
1753617312957,11:55:12.957,huobi,1INCH/USDT:USDT,0.2864,353.0,0.2863,3434.0,0.2865,347.0,0.2866,3425.0
1753617314080,11:55:14.080,huobi,1INCH/USDT:USDT,0.2864,353.0,0.2863,3434.0,0.2865,347.0,0.2866,3425.0
1753617314131,11:55:14.131,huobi,1INCH/USDT:USDT,0.2864,353.0,0.2863,3434.0,0.2865,347.0,0.2866,3425.0
1753617314146,11:55:14.146,huobi,1INCH/USDT:USDT,0.2864,353.0,0.2863,3434.0,0.2865,347.0,0.2866,3425.0
1753617314614,11:55:14.614,huobi,1INCH/USDT:USDT,0.2864,353.0,0.2863,3434.0,0.2865,347.0,0.2866,3425.0
1753617315135,11:55:15.135,huobi,1INCH/USDT:USDT,0.2864,353.0,0.2863,3434.0,0.2865,347.0,0.2866,3425.0
1753617315448,11:55:15.448,huobi,1INCH/USDT:USDT,0.2864,353.0,0.2863,3434.0,0.2865,347.0,0.2866,3425.0
1753617315470,11:55:15.470,huobi,1INCH/USDT:USDT,0.2864,353.0,0.2863,3434.0,0.2865,347.0,0.2866,3425.0
1753617315485,11:55:15.485,huobi,1INCH/USDT:USDT,0.2864,353.0,0.2863,3434.0,0.2865,347.0,0.2866,3425.0
1753617315535,11:55:15.535,huobi,1INCH/USDT:USDT,0.2864,353.0,0.2863,3434.0,0.2865,347.0,0.2866,3425.0
1753617315553,11:55:15.553,huobi,1INCH/USDT:USDT,0.2864,353.0,0.2863,3434.0,0.2865,347.0,0.2866,3425.0
1753617315585,11:55:15.585,huobi,1INCH/USDT:USDT,0.2864,353.0,0.2863,3434.0,0.2865,347.0,0.2866,3425.0
1753617315634,11:55:15.634,huobi,1INCH/USDT:USDT,0.2864,353.0,0.2863,3434.0,0.2865,347.0,0.2866,3425.0
1753617315697,11:55:15.697,huobi,1INCH/USDT:USDT,0.2864,353.0,0.2863,3434.0,0.2865,347.0,0.2866,3425.0
1753617315771,11:55:15.771,huobi,1INCH/USDT:USDT,0.2864,353.0,0.2863,3434.0,0.2865,347.0,0.2866,3425.0
1753617316348,11:55:16.348,huobi,1INCH/USDT:USDT,0.2864,353.0,0.2863,3434.0,0.2865,347.0,0.2866,3425.0
1753617316557,11:55:16.557,huobi,1INCH/USDT:USDT,0.2863,3434.0,0.2862,3078.0,0.2865,347.0,0.2866,3425.0
1753617316782,11:55:16.782,huobi,1INCH/USDT:USDT,0.2863,3434.0,0.2862,3078.0,0.2865,347.0,0.2866,3425.0
1753617317463,11:55:17.463,huobi,1INCH/USDT:USDT,0.2863,3434.0,0.2862,3078.0,0.2865,347.0,0.2866,3425.0
1753617317463,11:55:17.463,huobi,1INCH/USDT:USDT,0.2863,3434.0,0.2862,3078.0,0.2865,347.0,0.2866,3425.0
1753617319947,11:55:19.947,huobi,1INCH/USDT:USDT,0.2863,356.0,0.2862,3078.0,0.2865,347.0,0.2866,3425.0
1753617319963,11:55:19.963,huobi,1INCH/USDT:USDT,0.2863,356.0,0.2862,3078.0,0.2865,347.0,0.2866,3425.0
1753617319993,11:55:19.993,huobi,1INCH/USDT:USDT,0.2863,356.0,0.2862,3078.0,0.2864,356.0,0.2865,3425.0
1753617320028,11:55:20.028,huobi,1INCH/USDT:USDT,0.2863,356.0,0.2862,3078.0,0.2864,356.0,0.2865,3425.0
1753617320049,11:55:20.049,huobi,1INCH/USDT:USDT,0.2863,356.0,0.2862,3078.0,0.2864,356.0,0.2865,3425.0
1753617320084,11:55:20.084,huobi,1INCH/USDT:USDT,0.2863,356.0,0.2862,3078.0,0.2864,356.0,0.2865,3425.0
1753617320143,11:55:20.143,huobi,1INCH/USDT:USDT,0.2863,356.0,0.2862,3078.0,0.2864,356.0,0.2865,3425.0
1753617320166,11:55:20.166,huobi,1INCH/USDT:USDT,0.2863,356.0,0.2862,3078.0,0.2864,356.0,0.2865,3425.0
1753617320214,11:55:20.214,huobi,1INCH/USDT:USDT,0.2863,356.0,0.2862,3078.0,0.2864,356.0,0.2865,3425.0
1753617320266,11:55:20.266,huobi,1INCH/USDT:USDT,0.2863,356.0,0.2862,3078.0,0.2864,356.0,0.2865,3425.0
1753617320306,11:55:20.306,huobi,1INCH/USDT:USDT,0.2863,356.0,0.2862,3078.0,0.2864,356.0,0.2865,3425.0
1753617320349,11:55:20.349,huobi,1INCH/USDT:USDT,0.2863,356.0,0.2862,3078.0,0.2864,356.0,0.2865,3425.0
1753617320413,11:55:20.413,huobi,1INCH/USDT:USDT,0.2863,356.0,0.2862,3078.0,0.2864,356.0,0.2865,3425.0
1753617320468,11:55:20.468,huobi,1INCH/USDT:USDT,0.2863,356.0,0.2862,3078.0,0.2864,356.0,0.2865,3425.0
1753617320549,11:55:20.549,huobi,1INCH/USDT:USDT,0.2863,356.0,0.2862,3078.0,0.2864,356.0,0.2865,3425.0
1753617320581,11:55:20.581,huobi,1INCH/USDT:USDT,0.2863,356.0,0.2862,3078.0,0.2864,356.0,0.2865,3425.0
1753617320596,11:55:20.596,huobi,1INCH/USDT:USDT,0.2863,356.0,0.2862,3078.0,0.2864,356.0,0.2865,3425.0
1753617320627,11:55:20.627,huobi,1INCH/USDT:USDT,0.2862,3078.0,0.2861,3426.0,0.2864,356.0,0.2865,3425.0
1753617320654,11:55:20.654,huobi,1INCH/USDT:USDT,0.2861,3426.0,0.286,3083.0,0.2864,356.0,0.2865,3425.0
1753617320783,11:55:20.783,huobi,1INCH/USDT:USDT,0.2862,356.0,0.2861,3426.0,0.2864,356.0,0.2865,3425.0
1753617320799,11:55:20.799,huobi,1INCH/USDT:USDT,0.2862,356.0,0.2861,3426.0,0.2864,356.0,0.2865,3425.0
1753617320859,11:55:20.859,huobi,1INCH/USDT:USDT,0.2862,356.0,0.2861,3426.0,0.2864,356.0,0.2865,3425.0
1753617321054,11:55:21.054,huobi,1INCH/USDT:USDT,0.2862,356.0,0.2861,3426.0,0.2864,356.0,0.2865,3425.0
1753617321332,11:55:21.332,huobi,1INCH/USDT:USDT,0.2862,356.0,0.2861,3426.0,0.2864,356.0,0.2865,3425.0
1753617321357,11:55:21.357,huobi,1INCH/USDT:USDT,0.2862,356.0,0.2861,3426.0,0.2864,356.0,0.2865,3425.0
1753617321375,11:55:21.375,huobi,1INCH/USDT:USDT,0.2862,356.0,0.2861,3426.0,0.2864,356.0,0.2865,3425.0
1753617321426,11:55:21.426,huobi,1INCH/USDT:USDT,0.2862,356.0,0.2861,3426.0,0.2864,356.0,0.2865,3425.0
1753617322299,11:55:22.299,huobi,1INCH/USDT:USDT,0.2862,356.0,0.2861,348.0,0.2864,356.0,0.2865,3425.0
1753617322335,11:55:22.335,huobi,1INCH/USDT:USDT,0.2861,348.0,0.286,3083.0,0.2864,3434.0,0.2865,3425.0
1753617322358,11:55:22.358,huobi,1INCH/USDT:USDT,0.2861,348.0,0.286,3083.0,0.2863,356.0,0.2864,3434.0
1753617322394,11:55:22.394,huobi,1INCH/USDT:USDT,0.2861,348.0,0.286,3083.0,0.2863,356.0,0.2864,3434.0
1753617322417,11:55:22.417,huobi,1INCH/USDT:USDT,0.2861,348.0,0.286,3083.0,0.2863,356.0,0.2864,3434.0
1753617322469,11:55:22.469,huobi,1INCH/USDT:USDT,0.2861,348.0,0.286,3083.0,0.2863,356.0,0.2864,3434.0
1753617322493,11:55:22.493,huobi,1INCH/USDT:USDT,0.2861,348.0,0.286,3083.0,0.2863,356.0,0.2864,3434.0
1753617322527,11:55:22.527,huobi,1INCH/USDT:USDT,0.2861,348.0,0.286,3083.0,0.2863,356.0,0.2864,3434.0
1753617323171,11:55:23.171,huobi,1INCH/USDT:USDT,0.2861,348.0,0.286,3083.0,0.2863,356.0,0.2864,3434.0
1753617323200,11:55:23.200,huobi,1INCH/USDT:USDT,0.2861,348.0,0.286,3083.0,0.2863,356.0,0.2864,3434.0
1753617323705,11:55:23.705,huobi,1INCH/USDT:USDT,0.2861,348.0,0.286,3083.0,0.2864,3434.0,0.2865,3425.0
1753617324323,11:55:24.323,huobi,1INCH/USDT:USDT,0.2861,348.0,0.286,3083.0,0.2864,3434.0,0.2865,3425.0
1753617324400,11:55:24.400,huobi,1INCH/USDT:USDT,0.2861,3426.0,0.286,3083.0,0.2864,356.0,0.2865,3425.0
1753617324428,11:55:24.428,huobi,1INCH/USDT:USDT,0.2862,356.0,0.2861,3426.0,0.2864,356.0,0.2865,3425.0
1753617324622,11:55:24.622,huobi,1INCH/USDT:USDT,0.2862,356.0,0.2861,3426.0,0.2864,356.0,0.2865,3425.0
1753617325297,11:55:25.297,huobi,1INCH/USDT:USDT,0.2862,356.0,0.2861,3426.0,0.2864,356.0,0.2865,3425.0
1753617325335,11:55:25.335,huobi,1INCH/USDT:USDT,0.2862,356.0,0.2861,348.0,0.2864,356.0,0.2865,3425.0
1753617325377,11:55:25.377,huobi,1INCH/USDT:USDT,0.2861,348.0,0.286,3439.0,0.2864,356.0,0.2865,3425.0
1753617325566,11:55:25.566,huobi,1INCH/USDT:USDT,0.2861,348.0,0.286,3439.0,0.2864,3434.0,0.2865,3425.0
1753617325577,11:55:25.577,huobi,1INCH/USDT:USDT,0.2861,348.0,0.286,3439.0,0.2863,356.0,0.2864,3434.0
1753617325604,11:55:25.604,huobi,1INCH/USDT:USDT,0.2861,348.0,0.286,3439.0,0.2863,356.0,0.2864,3434.0
1753617327430,11:55:27.430,huobi,1INCH/USDT:USDT,0.2861,348.0,0.286,3439.0,0.2863,356.0,0.2864,3434.0
1753617327949,11:55:27.949,huobi,1INCH/USDT:USDT,0.2861,348.0,0.286,3439.0,0.2863,356.0,0.2864,3434.0
1753617329595,11:55:29.595,huobi,1INCH/USDT:USDT,0.2861,348.0,0.286,3439.0,0.2863,356.0,0.2864,3434.0
1753617329886,11:55:29.886,huobi,1INCH/USDT:USDT,0.2861,348.0,0.286,3439.0,0.2863,356.0,0.2864,3434.0
1753617330810,11:55:30.810,huobi,1INCH/USDT:USDT,0.2861,348.0,0.286,3439.0,0.2863,356.0,0.2864,3434.0
1753617330878,11:55:30.878,huobi,1INCH/USDT:USDT,0.2861,348.0,0.286,3439.0,0.2863,356.0,0.2864,3434.0
1753617330879,11:55:30.879,huobi,1INCH/USDT:USDT,0.2861,348.0,0.286,3439.0,0.2863,356.0,0.2864,3434.0
1753617330975,11:55:30.975,huobi,1INCH/USDT:USDT,0.2861,348.0,0.286,3439.0,0.2863,356.0,0.2864,3434.0
1753617331041,11:55:31.041,huobi,1INCH/USDT:USDT,0.2861,348.0,0.286,3439.0,0.2863,356.0,0.2864,3434.0
1753617331081,11:55:31.081,huobi,1INCH/USDT:USDT,0.2861,348.0,0.286,3439.0,0.2863,356.0,0.2864,3434.0
1753617331121,11:55:31.121,huobi,1INCH/USDT:USDT,0.2861,348.0,0.286,3439.0,0.2863,356.0,0.2864,3434.0
1753617331181,11:55:31.181,huobi,1INCH/USDT:USDT,0.2861,348.0,0.286,3439.0,0.2863,356.0,0.2864,3434.0
1753617331726,11:55:31.726,huobi,1INCH/USDT:USDT,0.2861,348.0,0.286,3439.0,0.2863,356.0,0.2864,3434.0
1753617331946,11:55:31.946,huobi,1INCH/USDT:USDT,0.2861,348.0,0.286,3439.0,0.2863,356.0,0.2864,3434.0
1753617331967,11:55:31.967,huobi,1INCH/USDT:USDT,0.2861,348.0,0.286,3439.0,0.2863,356.0,0.2864,3434.0
1753617333858,11:55:33.858,huobi,1INCH/USDT:USDT,0.2861,348.0,0.286,3439.0,0.2863,356.0,0.2864,3434.0
1753617333899,11:55:33.899,huobi,1INCH/USDT:USDT,0.2861,348.0,0.286,3439.0,0.2863,356.0,0.2864,3434.0
1753617334722,11:55:34.722,huobi,1INCH/USDT:USDT,0.2861,348.0,0.286,3439.0,0.2863,356.0,0.2864,3434.0
1753617335992,11:55:35.992,huobi,1INCH/USDT:USDT,0.2861,348.0,0.286,3439.0,0.2863,356.0,0.2864,3434.0
1753617337862,11:55:37.862,huobi,1INCH/USDT:USDT,0.2861,348.0,0.286,3439.0,0.2863,356.0,0.2864,3434.0
1753617337866,11:55:37.866,huobi,1INCH/USDT:USDT,0.2861,348.0,0.286,3439.0,0.2863,356.0,0.2864,3434.0
1753617341493,11:55:41.493,huobi,1INCH/USDT:USDT,0.2861,348.0,0.286,3439.0,0.2863,356.0,0.2864,3434.0
1753617341504,11:55:41.504,huobi,1INCH/USDT:USDT,0.2861,348.0,0.286,3439.0,0.2863,356.0,0.2864,3434.0
1753617341676,11:55:41.676,huobi,1INCH/USDT:USDT,0.2861,348.0,0.286,3439.0,0.2863,356.0,0.2864,3434.0
1753617343424,11:55:43.424,huobi,1INCH/USDT:USDT,0.2861,348.0,0.286,3439.0,0.2863,356.0,0.2864,3434.0
1753617344880,11:55:44.880,huobi,1INCH/USDT:USDT,0.2861,348.0,0.286,3439.0,0.2863,356.0,0.2864,3434.0
1753617345424,11:55:45.424,huobi,1INCH/USDT:USDT,0.2861,348.0,0.286,3439.0,0.2863,356.0,0.2864,3434.0
1753617345424,11:55:45.424,huobi,1INCH/USDT:USDT,0.2861,348.0,0.286,3439.0,0.2863,356.0,0.2864,3434.0
1753617346325,11:55:46.325,huobi,1INCH/USDT:USDT,0.2861,348.0,0.286,3439.0,0.2863,356.0,0.2864,3434.0
1753617347292,11:55:47.292,huobi,1INCH/USDT:USDT,0.2861,348.0,0.286,3439.0,0.2863,356.0,0.2864,3434.0
1753617347487,11:55:47.487,huobi,1INCH/USDT:USDT,0.2861,348.0,0.286,3439.0,0.2864,3434.0,0.2865,3593.0
1753617347740,11:55:47.740,huobi,1INCH/USDT:USDT,0.2861,348.0,0.286,3439.0,0.2864,356.0,0.2865,3593.0
1753617347777,11:55:47.777,huobi,1INCH/USDT:USDT,0.2862,354.0,0.2861,3426.0,0.2864,356.0,0.2865,3425.0
1753617347812,11:55:47.812,huobi,1INCH/USDT:USDT,0.2862,354.0,0.2861,3426.0,0.2864,356.0,0.2865,3425.0
1753617347832,11:55:47.832,huobi,1INCH/USDT:USDT,0.2862,354.0,0.2861,3426.0,0.2864,356.0,0.2865,3425.0
1753617349630,11:55:49.630,huobi,1INCH/USDT:USDT,0.2862,354.0,0.2861,3426.0,0.2864,356.0,0.2865,3425.0
1753617350202,11:55:50.202,huobi,1INCH/USDT:USDT,0.2862,354.0,0.2861,3426.0,0.2864,356.0,0.2865,3425.0
1753617350746,11:55:50.746,huobi,1INCH/USDT:USDT,0.2862,354.0,0.2861,3426.0,0.2864,356.0,0.2865,3425.0
1753617350780,11:55:50.780,huobi,1INCH/USDT:USDT,0.2862,354.0,0.2861,3426.0,0.2864,3434.0,0.2865,3425.0
1753617351066,11:55:51.066,huobi,1INCH/USDT:USDT,0.2862,354.0,0.2861,3426.0,0.2863,348.0,0.2864,3434.0
1753617351278,11:55:51.278,huobi,1INCH/USDT:USDT,0.2862,354.0,0.2861,3426.0,0.2863,348.0,0.2864,3434.0
1753617351352,11:55:51.352,huobi,1INCH/USDT:USDT,0.2862,354.0,0.2861,3426.0,0.2864,356.0,0.2865,3425.0
1753617351400,11:55:51.400,huobi,1INCH/USDT:USDT,0.2862,354.0,0.2861,3426.0,0.2864,3434.0,0.2865,3425.0
1753617351700,11:55:51.700,huobi,1INCH/USDT:USDT,0.2862,354.0,0.2861,3426.0,0.2864,3434.0,0.2865,3425.0
1753617351729,11:55:51.729,huobi,1INCH/USDT:USDT,0.2862,354.0,0.2861,3426.0,0.2864,3434.0,0.2865,3425.0
1753617351825,11:55:51.825,huobi,1INCH/USDT:USDT,0.2862,354.0,0.2861,3426.0,0.2863,348.0,0.2864,3434.0
1753617352007,11:55:52.007,huobi,1INCH/USDT:USDT,0.2862,354.0,0.2861,3426.0,0.2863,348.0,0.2864,356.0
1753617352176,11:55:52.176,huobi,1INCH/USDT:USDT,0.2862,354.0,0.2861,3426.0,0.2864,356.0,0.2865,3425.0
1753617352216,11:55:52.216,huobi,1INCH/USDT:USDT,0.2862,354.0,0.2861,3426.0,0.2864,356.0,0.2865,3425.0
1753617352312,11:55:52.312,huobi,1INCH/USDT:USDT,0.2862,354.0,0.2861,3426.0,0.2864,356.0,0.2865,3425.0
1753617352530,11:55:52.530,huobi,1INCH/USDT:USDT,0.2862,354.0,0.2861,3426.0,0.2864,356.0,0.2865,3425.0
1753617352537,11:55:52.537,huobi,1INCH/USDT:USDT,0.2862,354.0,0.2861,3426.0,0.2864,356.0,0.2865,3425.0
1753617354430,11:55:54.430,huobi,1INCH/USDT:USDT,0.2862,354.0,0.2861,3426.0,0.2864,356.0,0.2865,3425.0
1753617355192,11:55:55.192,huobi,1INCH/USDT:USDT,0.2862,354.0,0.2861,3426.0,0.2864,356.0,0.2865,3425.0
1753617355306,11:55:55.306,huobi,1INCH/USDT:USDT,0.2862,354.0,0.2861,3426.0,0.2864,356.0,0.2865,3425.0
1753617359364,11:55:59.364,huobi,1INCH/USDT:USDT,0.2862,354.0,0.2861,3426.0,0.2864,356.0,0.2865,3425.0
1753617359402,11:55:59.402,huobi,1INCH/USDT:USDT,0.2862,354.0,0.2861,3426.0,0.2864,356.0,0.2865,3425.0
1753617359422,11:55:59.422,huobi,1INCH/USDT:USDT,0.2862,354.0,0.2861,3426.0,0.2864,356.0,0.2865,3425.0
1753617360854,11:56:00.854,huobi,1INCH/USDT:USDT,0.2862,354.0,0.2861,3426.0,0.2865,3425.0,0.2866,3425.0
1753617360877,11:56:00.877,huobi,1INCH/USDT:USDT,0.2862,354.0,0.2861,3426.0,0.2865,347.0,0.2866,3425.0
1753617360942,11:56:00.942,huobi,1INCH/USDT:USDT,0.2862,354.0,0.2861,3426.0,0.2865,347.0,0.2866,3425.0
1753617360979,11:56:00.979,huobi,1INCH/USDT:USDT,0.2862,354.0,0.2861,3426.0,0.2865,347.0,0.2866,3425.0
1753617361039,11:56:01.039,huobi,1INCH/USDT:USDT,0.2862,354.0,0.2861,3426.0,0.2865,347.0,0.2866,3425.0
1753617361056,11:56:01.056,huobi,1INCH/USDT:USDT,0.2862,354.0,0.2861,3426.0,0.2865,3425.0,0.2866,3425.0
1753617361092,11:56:01.092,huobi,1INCH/USDT:USDT,0.2862,354.0,0.2861,3426.0,0.2865,3425.0,0.2866,3425.0
1753617361122,11:56:01.122,huobi,1INCH/USDT:USDT,0.2862,354.0,0.2861,3426.0,0.2865,3425.0,0.2866,3425.0
1753617364367,11:56:04.367,huobi,1INCH/USDT:USDT,0.2862,354.0,0.2861,3426.0,0.2865,3425.0,0.2866,3425.0
1753617364395,11:56:04.395,huobi,1INCH/USDT:USDT,0.2862,354.0,0.2861,3426.0,0.2865,3425.0,0.2866,3425.0
1753617365406,11:56:05.406,huobi,1INCH/USDT:USDT,0.2862,354.0,0.2861,3426.0,0.2864,349.0,0.2865,3425.0
1753617367367,11:56:07.367,huobi,1INCH/USDT:USDT,0.2862,354.0,0.2861,3426.0,0.2864,349.0,0.2865,3425.0
1753617369361,11:56:09.361,huobi,1INCH/USDT:USDT,0.2862,354.0,0.2861,3426.0,0.2865,3425.0,0.2866,3425.0
1753617369477,11:56:09.477,huobi,1INCH/USDT:USDT,0.2862,354.0,0.2861,3426.0,0.2865,3425.0,0.2866,3425.0
1753617369488,11:56:09.488,huobi,1INCH/USDT:USDT,0.2862,354.0,0.2861,3593.0,0.2865,347.0,0.2866,3425.0
1753617369731,11:56:09.731,huobi,1INCH/USDT:USDT,0.2862,354.0,0.2861,3593.0,0.2865,347.0,0.2866,3425.0
1753617369840,11:56:09.840,huobi,1INCH/USDT:USDT,0.2862,354.0,0.2861,3593.0,0.2865,347.0,0.2866,3425.0
1753617369855,11:56:09.855,huobi,1INCH/USDT:USDT,0.2863,355.0,0.2862,3432.0,0.2865,347.0,0.2866,3425.0
1753617369925,11:56:09.925,huobi,1INCH/USDT:USDT,0.2863,355.0,0.2862,3432.0,0.2865,347.0,0.2866,3425.0
1753617369948,11:56:09.948,huobi,1INCH/USDT:USDT,0.2863,355.0,0.2862,3432.0,0.2865,347.0,0.2866,3425.0
1753617369966,11:56:09.966,huobi,1INCH/USDT:USDT,0.2863,355.0,0.2862,3432.0,0.2865,347.0,0.2866,3425.0
1753617370010,11:56:10.010,huobi,1INCH/USDT:USDT,0.2863,355.0,0.2862,3432.0,0.2865,347.0,0.2866,3425.0
1753617370030,11:56:10.030,huobi,1INCH/USDT:USDT,0.2863,355.0,0.2862,3432.0,0.2865,347.0,0.2866,3425.0
1753617370055,11:56:10.055,huobi,1INCH/USDT:USDT,0.2863,355.0,0.2862,3432.0,0.2865,347.0,0.2866,3425.0
1753617370271,11:56:10.271,huobi,1INCH/USDT:USDT,0.2863,355.0,0.2862,3432.0,0.2865,347.0,0.2866,3425.0
1753617370441,11:56:10.441,huobi,1INCH/USDT:USDT,0.2863,355.0,0.2862,3432.0,0.2865,347.0,0.2866,3425.0
1753617370487,11:56:10.487,huobi,1INCH/USDT:USDT,0.2863,355.0,0.2862,3432.0,0.2865,347.0,0.2866,3425.0
1753617372612,11:56:12.612,huobi,1INCH/USDT:USDT,0.2863,355.0,0.2862,3432.0,0.2865,347.0,0.2866,3425.0
1753617374776,11:56:14.776,huobi,1INCH/USDT:USDT,0.2863,355.0,0.2862,3432.0,0.2865,347.0,0.2866,3425.0
1753617376571,11:56:16.571,huobi,1INCH/USDT:USDT,0.2863,355.0,0.2862,3432.0,0.2866,3425.0,0.2867,3425.0
1753617378522,11:56:18.522,huobi,1INCH/USDT:USDT,0.2863,355.0,0.2862,3432.0,0.2865,355.0,0.2866,3425.0
1753617382105,11:56:22.105,huobi,1INCH/USDT:USDT,0.2863,355.0,0.2862,3432.0,0.2865,355.0,0.2866,3425.0
1753617382123,11:56:22.123,huobi,1INCH/USDT:USDT,0.2863,355.0,0.2862,3432.0,0.2865,355.0,0.2866,3425.0
1753617382154,11:56:22.154,huobi,1INCH/USDT:USDT,0.2863,355.0,0.2862,3432.0,0.2865,355.0,0.2866,3425.0
1753617382405,11:56:22.405,huobi,1INCH/USDT:USDT,0.2863,355.0,0.2862,3432.0,0.2865,355.0,0.2866,3425.0
1753617382414,11:56:22.414,huobi,1INCH/USDT:USDT,0.2863,355.0,0.2862,3432.0,0.2865,355.0,0.2866,3425.0
1753617383404,11:56:23.404,huobi,1INCH/USDT:USDT,0.2863,355.0,0.2862,3432.0,0.2865,355.0,0.2866,3425.0
1753617383837,11:56:23.837,huobi,1INCH/USDT:USDT,0.2863,355.0,0.2862,3432.0,0.2865,355.0,0.2866,3425.0
1753617384471,11:56:24.471,huobi,1INCH/USDT:USDT,0.2863,355.0,0.2862,3432.0,0.2865,355.0,0.2866,3425.0
1753617386299,11:56:26.299,huobi,1INCH/USDT:USDT,0.2863,355.0,0.2862,354.0,0.2865,355.0,0.2866,3425.0
1753617386325,11:56:26.325,huobi,1INCH/USDT:USDT,0.2862,354.0,0.2861,3426.0,0.2864,348.0,0.2865,3433.0
1753617386417,11:56:26.417,huobi,1INCH/USDT:USDT,0.2862,354.0,0.2861,3426.0,0.2864,348.0,0.2865,3433.0
1753617386645,11:56:26.645,huobi,1INCH/USDT:USDT,0.2862,354.0,0.2861,3426.0,0.2864,348.0,0.2865,3433.0
1753617387177,11:56:27.177,huobi,1INCH/USDT:USDT,0.2862,354.0,0.2861,3426.0,0.2864,348.0,0.2865,3433.0
1753617390469,11:56:30.469,huobi,1INCH/USDT:USDT,0.2862,354.0,0.2861,3593.0,0.2864,348.0,0.2865,3433.0
1753617390486,11:56:30.486,huobi,1INCH/USDT:USDT,0.2862,354.0,0.2861,3593.0,0.2864,348.0,0.2865,3433.0
1753617390529,11:56:30.529,huobi,1INCH/USDT:USDT,0.2862,354.0,0.2861,3593.0,0.2864,348.0,0.2865,3433.0
1753617390561,11:56:30.561,huobi,1INCH/USDT:USDT,0.2862,354.0,0.2861,3426.0,0.2864,348.0,0.2865,3433.0
1753617390603,11:56:30.603,huobi,1INCH/USDT:USDT,0.2862,354.0,0.2861,3426.0,0.2864,348.0,0.2865,3433.0
1753617390615,11:56:30.615,huobi,1INCH/USDT:USDT,0.2862,354.0,0.2861,3426.0,0.2864,348.0,0.2865,3433.0
1753617390637,11:56:30.637,huobi,1INCH/USDT:USDT,0.2862,354.0,0.2861,3426.0,0.2863,349.0,0.2864,348.0
1753617390665,11:56:30.665,huobi,1INCH/USDT:USDT,0.2862,354.0,0.2861,3426.0,0.2863,349.0,0.2864,348.0
1753617390697,11:56:30.697,huobi,1INCH/USDT:USDT,0.2862,354.0,0.2861,3426.0,0.2863,349.0,0.2864,348.0
1753617390730,11:56:30.730,huobi,1INCH/USDT:USDT,0.2862,354.0,0.2861,3426.0,0.2863,349.0,0.2864,348.0
1753617390792,11:56:30.792,huobi,1INCH/USDT:USDT,0.2861,3426.0,0.286,3439.0,0.2863,349.0,0.2864,3426.0
1753617390794,11:56:30.794,huobi,1INCH/USDT:USDT,0.2861,3426.0,0.286,3439.0,0.2863,349.0,0.2864,3426.0
1753617390833,11:56:30.833,huobi,1INCH/USDT:USDT,0.2861,3426.0,0.286,3439.0,0.2863,349.0,0.2864,3426.0
1753617390874,11:56:30.874,huobi,1INCH/USDT:USDT,0.2861,3426.0,0.286,3439.0,0.2863,349.0,0.2864,3426.0
1753617390887,11:56:30.887,huobi,1INCH/USDT:USDT,0.2861,3426.0,0.286,3439.0,0.2863,349.0,0.2864,3426.0
1753617390933,11:56:30.933,huobi,1INCH/USDT:USDT,0.2861,3426.0,0.286,3439.0,0.2863,349.0,0.2864,3426.0
1753617390940,11:56:30.940,huobi,1INCH/USDT:USDT,0.2861,3426.0,0.286,3439.0,0.2863,349.0,0.2864,3426.0
1753617390979,11:56:30.979,huobi,1INCH/USDT:USDT,0.2861,3426.0,0.286,3439.0,0.2863,349.0,0.2864,3426.0
1753617391054,11:56:31.054,huobi,1INCH/USDT:USDT,0.2861,3426.0,0.286,3439.0,0.2863,349.0,0.2864,3426.0
1753617391061,11:56:31.061,huobi,1INCH/USDT:USDT,0.2861,3426.0,0.286,3439.0,0.2863,349.0,0.2864,3426.0
1753617393738,11:56:33.738,huobi,1INCH/USDT:USDT,0.2861,348.0,0.286,3439.0,0.2863,349.0,0.2864,3426.0
1753617393758,11:56:33.758,huobi,1INCH/USDT:USDT,0.2861,348.0,0.286,361.0,0.2863,3427.0,0.2864,3426.0
1753617393795,11:56:33.795,huobi,1INCH/USDT:USDT,0.2861,348.0,0.286,361.0,0.2862,349.0,0.2863,3427.0
1753617393841,11:56:33.841,huobi,1INCH/USDT:USDT,0.2861,348.0,0.286,361.0,0.2862,349.0,0.2863,3427.0
1753617393849,11:56:33.849,huobi,1INCH/USDT:USDT,0.2861,348.0,0.286,361.0,0.2862,349.0,0.2863,3427.0
1753617393889,11:56:33.889,huobi,1INCH/USDT:USDT,0.2861,348.0,0.286,361.0,0.2862,349.0,0.2863,3427.0
1753617393906,11:56:33.906,huobi,1INCH/USDT:USDT,0.2861,348.0,0.286,361.0,0.2862,349.0,0.2863,3427.0
1753617393938,11:56:33.938,huobi,1INCH/USDT:USDT,0.2861,348.0,0.286,361.0,0.2862,349.0,0.2863,3427.0
1753617394050,11:56:34.050,huobi,1INCH/USDT:USDT,0.2861,348.0,0.286,361.0,0.2862,349.0,0.2863,3427.0
1753617394178,11:56:34.178,huobi,1INCH/USDT:USDT,0.2861,348.0,0.286,361.0,0.2862,349.0,0.2863,3427.0
1753617394291,11:56:34.291,huobi,1INCH/USDT:USDT,0.2861,348.0,0.286,361.0,0.2862,349.0,0.2863,3427.0
1753617394312,11:56:34.312,huobi,1INCH/USDT:USDT,0.2861,348.0,0.286,361.0,0.2862,349.0,0.2863,3427.0
1753617394681,11:56:34.681,huobi,1INCH/USDT:USDT,0.2861,348.0,0.286,361.0,0.2862,349.0,0.2863,3427.0
1753617396406,11:56:36.406,huobi,1INCH/USDT:USDT,0.2861,348.0,0.286,361.0,0.2862,349.0,0.2863,3427.0
1753617397942,11:56:37.942,huobi,1INCH/USDT:USDT,0.2861,348.0,0.286,361.0,0.2862,349.0,0.2863,3427.0
1753617398263,11:56:38.263,huobi,1INCH/USDT:USDT,0.2861,348.0,0.286,361.0,0.2862,349.0,0.2863,3427.0
1753617400055,11:56:40.055,huobi,1INCH/USDT:USDT,0.286,361.0,0.2859,3245.0,0.2862,349.0,0.2863,3427.0
1753617400080,11:56:40.080,huobi,1INCH/USDT:USDT,0.286,361.0,0.2859,3078.0,0.2862,349.0,0.2863,3427.0
1753617400085,11:56:40.085,huobi,1INCH/USDT:USDT,0.286,361.0,0.2859,3078.0,0.2862,349.0,0.2863,3427.0
1753617400117,11:56:40.117,huobi,1INCH/USDT:USDT,0.286,361.0,0.2859,3078.0,0.2862,349.0,0.2863,3427.0
1753617400154,11:56:40.154,huobi,1INCH/USDT:USDT,0.286,361.0,0.2859,3078.0,0.2862,349.0,0.2863,3427.0
1753617400180,11:56:40.180,huobi,1INCH/USDT:USDT,0.286,361.0,0.2859,3078.0,0.2862,349.0,0.2863,3427.0
1753617400228,11:56:40.228,huobi,1INCH/USDT:USDT,0.286,361.0,0.2859,3078.0,0.2862,349.0,0.2863,3427.0
1753617400273,11:56:40.273,huobi,1INCH/USDT:USDT,0.286,361.0,0.2859,3078.0,0.2862,349.0,0.2863,3427.0
1753617400314,11:56:40.314,huobi,1INCH/USDT:USDT,0.286,361.0,0.2859,3078.0,0.2862,349.0,0.2863,3427.0
1753617400454,11:56:40.454,huobi,1INCH/USDT:USDT,0.286,361.0,0.2859,3078.0,0.2862,349.0,0.2863,3427.0
1753617400497,11:56:40.497,huobi,1INCH/USDT:USDT,0.2861,349.0,0.286,361.0,0.2862,349.0,0.2863,3427.0
1753617400573,11:56:40.573,huobi,1INCH/USDT:USDT,0.2861,349.0,0.286,361.0,0.2862,349.0,0.2863,3427.0
1753617400601,11:56:40.601,huobi,1INCH/USDT:USDT,0.2861,349.0,0.286,361.0,0.2862,349.0,0.2863,3427.0
1753617400730,11:56:40.730,huobi,1INCH/USDT:USDT,0.2861,349.0,0.286,361.0,0.2862,349.0,0.2863,3427.0
1753617401572,11:56:41.572,huobi,1INCH/USDT:USDT,0.2861,349.0,0.286,361.0,0.2862,349.0,0.2863,3427.0
1753617401992,11:56:41.992,huobi,1INCH/USDT:USDT,0.2861,349.0,0.286,361.0,0.2863,3427.0,0.2864,3426.0
1753617403328,11:56:43.328,huobi,1INCH/USDT:USDT,0.2861,349.0,0.286,361.0,0.2862,349.0,0.2863,3427.0
1753617403374,11:56:43.374,huobi,1INCH/USDT:USDT,0.2861,349.0,0.286,361.0,0.2862,349.0,0.2863,3427.0
1753617404454,11:56:44.454,huobi,1INCH/USDT:USDT,0.2861,349.0,0.286,361.0,0.2862,349.0,0.2863,3427.0
1753617408225,11:56:48.225,huobi,1INCH/USDT:USDT,0.2861,349.0,0.286,361.0,0.2862,349.0,0.2863,3427.0
1753617408356,11:56:48.356,huobi,1INCH/USDT:USDT,0.2861,349.0,0.286,361.0,0.2862,349.0,0.2863,3427.0
1753617408365,11:56:48.365,huobi,1INCH/USDT:USDT,0.2861,349.0,0.286,361.0,0.2862,349.0,0.2863,3427.0
1753617412252,11:56:52.252,huobi,1INCH/USDT:USDT,0.2861,349.0,0.286,361.0,0.2862,349.0,0.2863,3427.0
1753617412934,11:56:52.934,huobi,1INCH/USDT:USDT,0.2861,349.0,0.286,361.0,0.2862,349.0,0.2863,3427.0
1753617413635,11:56:53.635,huobi,1INCH/USDT:USDT,0.286,361.0,0.2859,3245.0,0.2862,349.0,0.2863,3427.0
1753617413650,11:56:53.650,huobi,1INCH/USDT:USDT,0.286,361.0,0.2859,3078.0,0.2862,349.0,0.2863,3427.0
1753617416371,11:56:56.371,huobi,1INCH/USDT:USDT,0.2861,358.0,0.286,361.0,0.2862,349.0,0.2863,3427.0
1753617416974,11:56:56.974,huobi,1INCH/USDT:USDT,0.2861,358.0,0.286,361.0,0.2862,349.0,0.2863,3427.0
1753617416982,11:56:56.982,huobi,1INCH/USDT:USDT,0.2861,358.0,0.286,361.0,0.2862,349.0,0.2863,3427.0
1753617418355,11:56:58.355,huobi,1INCH/USDT:USDT,0.2861,358.0,0.286,361.0,0.2862,349.0,0.2863,3427.0
1753617419333,11:56:59.333,huobi,1INCH/USDT:USDT,0.2861,358.0,0.286,361.0,0.2862,349.0,0.2863,3427.0
1753617419355,11:56:59.355,huobi,1INCH/USDT:USDT,0.2861,358.0,0.286,361.0,0.2862,349.0,0.2863,3427.0
1753617422270,11:57:02.270,huobi,1INCH/USDT:USDT,0.2861,358.0,0.286,361.0,0.2863,3427.0,0.2864,3426.0
1753617422297,11:57:02.297,huobi,1INCH/USDT:USDT,0.2861,358.0,0.286,361.0,0.2863,3427.0,0.2864,3426.0
1753617422344,11:57:02.344,huobi,1INCH/USDT:USDT,0.2861,358.0,0.286,361.0,0.2863,3427.0,0.2864,3426.0
1753617422350,11:57:02.350,huobi,1INCH/USDT:USDT,0.2861,358.0,0.286,361.0,0.2863,3427.0,0.2864,3426.0
1753617423689,11:57:03.689,huobi,1INCH/USDT:USDT,0.2861,358.0,0.286,361.0,0.2863,3427.0,0.2864,3426.0
1753617423737,11:57:03.737,huobi,1INCH/USDT:USDT,0.2861,358.0,0.286,361.0,0.2863,3427.0,0.2864,3426.0
1753617423893,11:57:03.893,huobi,1INCH/USDT:USDT,0.2861,358.0,0.286,361.0,0.2862,357.0,0.2863,3427.0
1753617424786,11:57:04.786,huobi,1INCH/USDT:USDT,0.2861,358.0,0.286,361.0,0.2863,3427.0,0.2864,3426.0
1753617427777,11:57:07.777,huobi,1INCH/USDT:USDT,0.2861,358.0,0.286,361.0,0.2862,357.0,0.2863,3427.0
1753617428513,11:57:08.513,huobi,1INCH/USDT:USDT,0.2861,357.0,0.286,361.0,0.2862,357.0,0.2863,3427.0
1753617431918,11:57:11.918,huobi,1INCH/USDT:USDT,0.2861,358.0,0.286,361.0,0.2862,357.0,0.2863,3427.0
1753617432432,11:57:12.432,huobi,1INCH/USDT:USDT,0.2861,358.0,0.286,361.0,0.2862,357.0,0.2863,3427.0
1753617433224,11:57:13.224,huobi,1INCH/USDT:USDT,0.2861,358.0,0.286,361.0,0.2862,357.0,0.2863,3427.0
1753617433593,11:57:13.593,huobi,1INCH/USDT:USDT,0.2861,358.0,0.286,361.0,0.2862,357.0,0.2863,3427.0
1753617435673,11:57:15.673,huobi,1INCH/USDT:USDT,0.2861,1.0,0.286,361.0,0.2862,357.0,0.2863,3427.0
1753617436005,11:57:16.005,huobi,1INCH/USDT:USDT,0.2861,1.0,0.286,361.0,0.2862,357.0,0.2863,3427.0
1753617436026,11:57:16.026,huobi,1INCH/USDT:USDT,0.2861,1.0,0.286,361.0,0.2862,357.0,0.2863,3427.0
1753617436072,11:57:16.072,huobi,1INCH/USDT:USDT,0.2861,1.0,0.286,361.0,0.2862,357.0,0.2863,3427.0
1753617436095,11:57:16.095,huobi,1INCH/USDT:USDT,0.2861,1.0,0.286,361.0,0.2862,357.0,0.2863,3427.0
1753617436126,11:57:16.126,huobi,1INCH/USDT:USDT,0.2861,1.0,0.286,361.0,0.2862,3435.0,0.2863,3427.0
1753617436178,11:57:16.178,huobi,1INCH/USDT:USDT,0.2861,1.0,0.286,361.0,0.2862,3435.0,0.2863,3427.0
1753617436230,11:57:16.230,huobi,1INCH/USDT:USDT,0.2861,1.0,0.286,361.0,0.2862,3435.0,0.2863,3427.0
1753617437808,11:57:17.808,huobi,1INCH/USDT:USDT,0.2861,1.0,0.286,361.0,0.2862,357.0,0.2863,3427.0
1753617437950,11:57:17.950,huobi,1INCH/USDT:USDT,0.2861,354.0,0.286,361.0,0.2862,357.0,0.2863,3427.0
1753617438054,11:57:18.054,huobi,1INCH/USDT:USDT,0.2861,354.0,0.286,361.0,0.2862,357.0,0.2863,3427.0
1753617438105,11:57:18.105,huobi,1INCH/USDT:USDT,0.2861,354.0,0.286,361.0,0.2862,357.0,0.2863,3427.0
1753617438191,11:57:18.191,huobi,1INCH/USDT:USDT,0.2861,354.0,0.286,361.0,0.2862,357.0,0.2863,3427.0
1753617438984,11:57:18.984,huobi,1INCH/USDT:USDT,0.2861,354.0,0.286,361.0,0.2863,3427.0,0.2864,3593.0
1753617439042,11:57:19.042,huobi,1INCH/USDT:USDT,0.2861,354.0,0.286,361.0,0.2863,3427.0,0.2864,3426.0
1753617439161,11:57:19.161,huobi,1INCH/USDT:USDT,0.2861,354.0,0.286,361.0,0.2863,3427.0,0.2864,3593.0
1753617439815,11:57:19.815,huobi,1INCH/USDT:USDT,0.2861,354.0,0.286,361.0,0.2862,357.0,0.2863,3427.0
1753617441241,11:57:21.241,huobi,1INCH/USDT:USDT,0.2861,354.0,0.286,361.0,0.2863,3427.0,0.2864,3426.0
1753617441522,11:57:21.522,huobi,1INCH/USDT:USDT,0.2862,357.0,0.2861,354.0,0.2863,3427.0,0.2864,3426.0
1753617441567,11:57:21.567,huobi,1INCH/USDT:USDT,0.2862,357.0,0.2861,354.0,0.2863,349.0,0.2864,3593.0
1753617441994,11:57:21.994,huobi,1INCH/USDT:USDT,0.2862,357.0,0.2861,354.0,0.2863,349.0,0.2864,3426.0
1753617442084,11:57:22.084,huobi,1INCH/USDT:USDT,0.2862,357.0,0.2861,354.0,0.2864,3426.0,0.2865,3433.0
1753617442108,11:57:22.108,huobi,1INCH/USDT:USDT,0.2862,357.0,0.2861,354.0,0.2864,3426.0,0.2865,3433.0
1753617442125,11:57:22.125,huobi,1INCH/USDT:USDT,0.2862,357.0,0.2861,354.0,0.2864,3426.0,0.2865,3433.0
1753617442149,11:57:22.149,huobi,1INCH/USDT:USDT,0.2862,357.0,0.2861,354.0,0.2864,3426.0,0.2865,3433.0
1753617442181,11:57:22.181,huobi,1INCH/USDT:USDT,0.2862,357.0,0.2861,354.0,0.2864,3426.0,0.2865,3433.0
1753617442218,11:57:22.218,huobi,1INCH/USDT:USDT,0.2862,357.0,0.2861,354.0,0.2864,3426.0,0.2865,3433.0
1753617442283,11:57:22.283,huobi,1INCH/USDT:USDT,0.2862,357.0,0.2861,354.0,0.2864,3426.0,0.2865,3433.0
1753617442295,11:57:22.295,huobi,1INCH/USDT:USDT,0.2862,357.0,0.2861,354.0,0.2864,348.0,0.2865,3433.0
1753617442331,11:57:22.331,huobi,1INCH/USDT:USDT,0.2862,357.0,0.2861,354.0,0.2864,348.0,0.2865,3433.0
1753617445057,11:57:25.057,huobi,1INCH/USDT:USDT,0.2862,357.0,0.2861,354.0,0.2864,348.0,0.2865,3433.0
1753617445138,11:57:25.138,huobi,1INCH/USDT:USDT,0.2862,357.0,0.2861,354.0,0.2863,357.0,0.2864,3426.0
1753617445191,11:57:25.191,huobi,1INCH/USDT:USDT,0.2862,357.0,0.2861,354.0,0.2863,357.0,0.2864,3426.0
1753617445794,11:57:25.794,huobi,1INCH/USDT:USDT,0.2861,354.0,0.286,3439.0,0.2863,357.0,0.2864,3426.0
1753617445809,11:57:25.809,huobi,1INCH/USDT:USDT,0.2861,354.0,0.286,3439.0,0.2863,357.0,0.2864,3426.0
1753617446054,11:57:26.054,huobi,1INCH/USDT:USDT,0.2861,354.0,0.286,3439.0,0.2863,357.0,0.2864,3426.0
1753617447861,11:57:27.861,huobi,1INCH/USDT:USDT,0.2861,354.0,0.286,3439.0,0.2863,357.0,0.2864,3426.0
1753617449984,11:57:29.984,huobi,1INCH/USDT:USDT,0.2861,354.0,0.286,3439.0,0.2863,357.0,0.2864,3426.0
1753617456699,11:57:36.699,huobi,1INCH/USDT:USDT,0.2861,354.0,0.286,3439.0,0.2863,3435.0,0.2864,3426.0
1753617456734,11:57:36.734,huobi,1INCH/USDT:USDT,0.2861,354.0,0.286,3439.0,0.2862,355.0,0.2863,3435.0
1753617456760,11:57:36.760,huobi,1INCH/USDT:USDT,0.2861,354.0,0.286,3439.0,0.2862,355.0,0.2863,3435.0
1753617456795,11:57:36.795,huobi,1INCH/USDT:USDT,0.2861,354.0,0.286,3439.0,0.2862,355.0,0.2863,3435.0
1753617456818,11:57:36.818,huobi,1INCH/USDT:USDT,0.2861,354.0,0.286,3439.0,0.2862,355.0,0.2863,3435.0
1753617456860,11:57:36.860,huobi,1INCH/USDT:USDT,0.2861,354.0,0.286,3439.0,0.2862,355.0,0.2863,3435.0
1753617457041,11:57:37.041,huobi,1INCH/USDT:USDT,0.2861,354.0,0.286,3439.0,0.2862,355.0,0.2863,3435.0
1753617460343,11:57:40.343,huobi,1INCH/USDT:USDT,0.2861,354.0,0.286,3439.0,0.2863,3435.0,0.2864,3426.0
1753617461398,11:57:41.398,huobi,1INCH/USDT:USDT,0.2861,354.0,0.286,3439.0,0.2863,3435.0,0.2864,3426.0
1753617461589,11:57:41.589,huobi,1INCH/USDT:USDT,0.2862,351.0,0.2861,354.0,0.2863,3435.0,0.2864,3426.0
1753617461971,11:57:41.971,huobi,1INCH/USDT:USDT,0.2862,351.0,0.2861,354.0,0.2863,357.0,0.2864,3426.0
1753617462044,11:57:42.044,huobi,1INCH/USDT:USDT,0.2862,351.0,0.2861,354.0,0.2863,357.0,0.2864,3426.0
1753617462124,11:57:42.124,huobi,1INCH/USDT:USDT,0.2862,351.0,0.2861,354.0,0.2864,3426.0,0.2865,3600.0
1753617462194,11:57:42.194,huobi,1INCH/USDT:USDT,0.2862,351.0,0.2861,354.0,0.2864,3426.0,0.2865,3600.0
1753617462229,11:57:42.229,huobi,1INCH/USDT:USDT,0.2862,351.0,0.2861,354.0,0.2864,3426.0,0.2865,3600.0
1753617462246,11:57:42.246,huobi,1INCH/USDT:USDT,0.2862,351.0,0.2861,354.0,0.2864,3426.0,0.2865,3600.0
1753617462281,11:57:42.281,huobi,1INCH/USDT:USDT,0.2862,351.0,0.2861,354.0,0.2864,3426.0,0.2865,3600.0
1753617462377,11:57:42.377,huobi,1INCH/USDT:USDT,0.2862,351.0,0.2861,354.0,0.2864,3426.0,0.2865,3433.0
1753617462425,11:57:42.425,huobi,1INCH/USDT:USDT,0.2862,351.0,0.2861,354.0,0.2864,3426.0,0.2865,3433.0
1753617462446,11:57:42.446,huobi,1INCH/USDT:USDT,0.2862,351.0,0.2861,354.0,0.2864,3426.0,0.2865,3433.0
1753617463968,11:57:43.968,huobi,1INCH/USDT:USDT,0.2862,351.0,0.2861,354.0,0.2863,351.0,0.2864,3426.0
1753617464143,11:57:44.143,huobi,1INCH/USDT:USDT,0.2862,351.0,0.2861,354.0,0.2863,351.0,0.2864,3426.0
1753617464263,11:57:44.263,huobi,1INCH/USDT:USDT,0.2862,351.0,0.2861,354.0,0.2863,351.0,0.2864,3426.0
1753617464352,11:57:44.352,huobi,1INCH/USDT:USDT,0.2862,351.0,0.2861,354.0,0.2863,3429.0,0.2864,3426.0
1753617465466,11:57:45.466,huobi,1INCH/USDT:USDT,0.2862,351.0,0.2861,354.0,0.2863,351.0,0.2864,3426.0
1753617465672,11:57:45.672,huobi,1INCH/USDT:USDT,0.2862,351.0,0.2861,354.0,0.2863,351.0,0.2864,3426.0
1753617467314,11:57:47.314,huobi,1INCH/USDT:USDT,0.2862,351.0,0.2861,354.0,0.2863,351.0,0.2864,3426.0
1753617467340,11:57:47.340,huobi,1INCH/USDT:USDT,0.2862,351.0,0.2861,354.0,0.2863,351.0,0.2864,3426.0
1753617468201,11:57:48.201,huobi,1INCH/USDT:USDT,0.2862,351.0,0.2861,354.0,0.2863,351.0,0.2864,3426.0
1753617468344,11:57:48.344,huobi,1INCH/USDT:USDT,0.2862,351.0,0.2861,354.0,0.2863,351.0,0.2864,3426.0
1753617469812,11:57:49.812,huobi,1INCH/USDT:USDT,0.2862,351.0,0.2861,354.0,0.2863,351.0,0.2864,3426.0
1753617470355,11:57:50.355,huobi,1INCH/USDT:USDT,0.2862,351.0,0.2861,353.0,0.2863,351.0,0.2864,3426.0
1753617473995,11:57:53.995,huobi,1INCH/USDT:USDT,0.2861,353.0,0.286,3439.0,0.2863,351.0,0.2864,3426.0
1753617475042,11:57:55.042,huobi,1INCH/USDT:USDT,0.2861,353.0,0.286,3439.0,0.2863,351.0,0.2864,3426.0
1753617475075,11:57:55.075,huobi,1INCH/USDT:USDT,0.2861,353.0,0.286,3439.0,0.2863,351.0,0.2864,3426.0
1753617477642,11:57:57.642,huobi,1INCH/USDT:USDT,0.2861,353.0,0.286,3439.0,0.2863,351.0,0.2864,3426.0
1753617477772,11:57:57.772,huobi,1INCH/USDT:USDT,0.2861,353.0,0.286,3439.0,0.2863,351.0,0.2864,3426.0
1753617477826,11:57:57.826,huobi,1INCH/USDT:USDT,0.2861,353.0,0.286,3439.0,0.2863,351.0,0.2864,3426.0
1753617478544,11:57:58.544,huobi,1INCH/USDT:USDT,0.2861,353.0,0.286,3439.0,0.2864,3426.0,0.2865,3433.0
1753617482178,11:58:02.178,huobi,1INCH/USDT:USDT,0.2861,353.0,0.286,3439.0,0.2864,3426.0,0.2865,3433.0
1753617482198,11:58:02.198,huobi,1INCH/USDT:USDT,0.2861,353.0,0.286,3439.0,0.2864,3426.0,0.2865,3433.0
1753617482235,11:58:02.235,huobi,1INCH/USDT:USDT,0.2861,353.0,0.286,3439.0,0.2864,3426.0,0.2865,3433.0
1753617482357,11:58:02.357,huobi,1INCH/USDT:USDT,0.2861,353.0,0.286,3439.0,0.2864,3426.0,0.2865,3433.0
1753617482380,11:58:02.380,huobi,1INCH/USDT:USDT,0.2861,353.0,0.286,3439.0,0.2864,3426.0,0.2865,3433.0
1753617486540,11:58:06.540,huobi,1INCH/USDT:USDT,0.2861,353.0,0.286,3439.0,0.2864,3426.0,0.2865,3433.0
1753617486546,11:58:06.546,huobi,1INCH/USDT:USDT,0.2861,353.0,0.286,3439.0,0.2864,3426.0,0.2865,3433.0
1753617487091,11:58:07.091,huobi,1INCH/USDT:USDT,0.2861,353.0,0.286,3439.0,0.2864,3426.0,0.2865,3433.0
1753617490374,11:58:10.374,huobi,1INCH/USDT:USDT,0.2861,353.0,0.286,3439.0,0.2864,3426.0,0.2865,3433.0
1753617490385,11:58:10.385,huobi,1INCH/USDT:USDT,0.2861,353.0,0.286,3439.0,0.2864,348.0,0.2865,3433.0
1753617490822,11:58:10.822,huobi,1INCH/USDT:USDT,0.2861,353.0,0.286,3439.0,0.2864,348.0,0.2865,3433.0
1753617490838,11:58:10.838,huobi,1INCH/USDT:USDT,0.2861,353.0,0.286,3439.0,0.2864,3426.0,0.2865,3433.0
1753617491932,11:58:11.932,huobi,1INCH/USDT:USDT,0.2861,353.0,0.286,3439.0,0.2864,348.0,0.2865,3433.0
1753617491982,11:58:11.982,huobi,1INCH/USDT:USDT,0.2861,353.0,0.286,3439.0,0.2864,348.0,0.2865,3433.0
1753617492036,11:58:12.036,huobi,1INCH/USDT:USDT,0.2861,353.0,0.286,3439.0,0.2864,3426.0,0.2865,3433.0
1753617493744,11:58:13.744,huobi,1INCH/USDT:USDT,0.2861,353.0,0.286,3439.0,0.2864,3426.0,0.2865,3433.0
1753617493744,11:58:13.744,huobi,1INCH/USDT:USDT,0.2861,353.0,0.286,3439.0,0.2864,3426.0,0.2865,3433.0
1753617494904,11:58:14.904,huobi,1INCH/USDT:USDT,0.2861,353.0,0.286,3439.0,0.2863,354.0,0.2864,3426.0
1753617496257,11:58:16.257,huobi,1INCH/USDT:USDT,0.2861,353.0,0.286,3439.0,0.2863,354.0,0.2864,3426.0
1753617500032,11:58:20.032,huobi,1INCH/USDT:USDT,0.2861,353.0,0.286,3439.0,0.2863,354.0,0.2864,3426.0
1753617500048,11:58:20.048,huobi,1INCH/USDT:USDT,0.2861,353.0,0.286,3439.0,0.2863,354.0,0.2864,3426.0
1753617501048,11:58:21.048,huobi,1INCH/USDT:USDT,0.2861,353.0,0.286,3439.0,0.2863,354.0,0.2864,3426.0
1753617502783,11:58:22.783,huobi,1INCH/USDT:USDT,0.2861,353.0,0.286,3439.0,0.2863,354.0,0.2864,3426.0
1753617502804,11:58:22.804,huobi,1INCH/USDT:USDT,0.2861,353.0,0.286,3439.0,0.2862,350.0,0.2863,3432.0
1753617503374,11:58:23.374,huobi,1INCH/USDT:USDT,0.286,3439.0,0.2859,3435.0,0.2862,350.0,0.2863,3432.0
1753617503386,11:58:23.386,huobi,1INCH/USDT:USDT,0.286,361.0,0.2859,3435.0,0.2862,350.0,0.2863,3432.0
1753617503405,11:58:23.405,huobi,1INCH/USDT:USDT,0.286,361.0,0.2859,3435.0,0.2862,350.0,0.2863,3432.0
1753617503453,11:58:23.453,huobi,1INCH/USDT:USDT,0.286,361.0,0.2859,3435.0,0.2862,350.0,0.2863,3432.0
1753617503484,11:58:23.484,huobi,1INCH/USDT:USDT,0.286,361.0,0.2859,3435.0,0.2862,350.0,0.2863,3432.0
1753617503500,11:58:23.500,huobi,1INCH/USDT:USDT,0.286,361.0,0.2859,3435.0,0.2862,350.0,0.2863,3432.0
1753617503538,11:58:23.538,huobi,1INCH/USDT:USDT,0.286,361.0,0.2859,3435.0,0.2862,350.0,0.2863,3432.0
1753617504243,11:58:24.243,huobi,1INCH/USDT:USDT,0.286,361.0,0.2859,3435.0,0.2862,350.0,0.2863,3432.0
1753617504249,11:58:24.249,huobi,1INCH/USDT:USDT,0.286,361.0,0.2859,3435.0,0.2862,350.0,0.2863,3432.0
1753617505338,11:58:25.338,huobi,1INCH/USDT:USDT,0.2861,350.0,0.286,361.0,0.2862,350.0,0.2863,3432.0
1753617505843,11:58:25.843,huobi,1INCH/USDT:USDT,0.2861,350.0,0.286,361.0,0.2862,350.0,0.2863,3432.0
1753617505920,11:58:25.920,huobi,1INCH/USDT:USDT,0.2861,350.0,0.286,361.0,0.2862,350.0,0.2863,3432.0
1753617505933,11:58:25.933,huobi,1INCH/USDT:USDT,0.2861,350.0,0.286,361.0,0.2862,350.0,0.2863,3432.0
1753617506027,11:58:26.027,huobi,1INCH/USDT:USDT,0.2861,350.0,0.286,361.0,0.2862,350.0,0.2863,3432.0
1753617507674,11:58:27.674,huobi,1INCH/USDT:USDT,0.2861,350.0,0.286,361.0,0.2862,350.0,0.2863,3432.0
1753617507734,11:58:27.734,huobi,1INCH/USDT:USDT,0.2861,350.0,0.286,361.0,0.2862,350.0,0.2863,3432.0
1753617507938,11:58:27.938,huobi,1INCH/USDT:USDT,0.2861,350.0,0.286,361.0,0.2862,350.0,0.2863,3432.0
1753617508366,11:58:28.366,huobi,1INCH/USDT:USDT,0.2861,350.0,0.286,361.0,0.2862,350.0,0.2863,3432.0
1753617508414,11:58:28.414,huobi,1INCH/USDT:USDT,0.2861,350.0,0.286,361.0,0.2862,350.0,0.2863,3432.0
1753617511445,11:58:31.445,huobi,1INCH/USDT:USDT,0.2861,350.0,0.286,361.0,0.2862,350.0,0.2863,3432.0
1753617511498,11:58:31.498,huobi,1INCH/USDT:USDT,0.2861,350.0,0.286,361.0,0.2863,3432.0,0.2864,3426.0
1753617511544,11:58:31.544,huobi,1INCH/USDT:USDT,0.2861,350.0,0.286,361.0,0.2863,3432.0,0.2864,3426.0
1753617511568,11:58:31.568,huobi,1INCH/USDT:USDT,0.2861,350.0,0.286,361.0,0.2863,3432.0,0.2864,3426.0
1753617511636,11:58:31.636,huobi,1INCH/USDT:USDT,0.2861,350.0,0.286,361.0,0.2863,3432.0,0.2864,3426.0
1753617512146,11:58:32.146,huobi,1INCH/USDT:USDT,0.2861,350.0,0.286,361.0,0.2863,3432.0,0.2864,3426.0
1753617512471,11:58:32.471,huobi,1INCH/USDT:USDT,0.2861,350.0,0.286,361.0,0.2863,354.0,0.2864,3426.0
1753617512540,11:58:32.540,huobi,1INCH/USDT:USDT,0.2861,350.0,0.286,3439.0,0.2864,3426.0,0.2865,3433.0
1753617512660,11:58:32.660,huobi,1INCH/USDT:USDT,0.2861,350.0,0.286,3439.0,0.2864,3426.0,0.2865,3433.0
1753617512732,11:58:32.732,huobi,1INCH/USDT:USDT,0.2861,350.0,0.286,3439.0,0.2864,3426.0,0.2865,3433.0
1753617512775,11:58:32.775,huobi,1INCH/USDT:USDT,0.2861,350.0,0.286,3439.0,0.2863,357.0,0.2864,3426.0
1753617512947,11:58:32.947,huobi,1INCH/USDT:USDT,0.2861,350.0,0.286,3439.0,0.2863,357.0,0.2864,3426.0
1753617512983,11:58:32.983,huobi,1INCH/USDT:USDT,0.2861,350.0,0.286,3439.0,0.2863,357.0,0.2864,3426.0
1753617513078,11:58:33.078,huobi,1INCH/USDT:USDT,0.2861,350.0,0.286,3439.0,0.2863,357.0,0.2864,3426.0
1753617513101,11:58:33.101,huobi,1INCH/USDT:USDT,0.2861,350.0,0.286,3439.0,0.2863,3435.0,0.2864,3426.0
1753617514017,11:58:34.017,huobi,1INCH/USDT:USDT,0.2861,350.0,0.286,3439.0,0.2863,3435.0,0.2864,3426.0
1753617514029,11:58:34.029,huobi,1INCH/USDT:USDT,0.2861,350.0,0.286,3439.0,0.2863,3435.0,0.2864,3426.0
1753617516623,11:58:36.623,huobi,1INCH/USDT:USDT,0.2861,350.0,0.286,3439.0,0.2862,357.0,0.2863,3435.0
1753617517299,11:58:37.299,huobi,1INCH/USDT:USDT,0.2861,350.0,0.286,3439.0,0.2863,3435.0,0.2864,3426.0
1753617518311,11:58:38.311,huobi,1INCH/USDT:USDT,0.2861,350.0,0.286,3439.0,0.2863,357.0,0.2864,3426.0
1753617521408,11:58:41.408,huobi,1INCH/USDT:USDT,0.2861,350.0,0.286,3439.0,0.2863,357.0,0.2864,3426.0
1753617521410,11:58:41.410,huobi,1INCH/USDT:USDT,0.2861,350.0,0.286,3439.0,0.2863,357.0,0.2864,3426.0
1753617521474,11:58:41.474,huobi,1INCH/USDT:USDT,0.2861,350.0,0.286,3439.0,0.2863,357.0,0.2864,3426.0
1753617525226,11:58:45.226,huobi,1INCH/USDT:USDT,0.2861,350.0,0.286,3439.0,0.2863,357.0,0.2864,3426.0
1753617525471,11:58:45.471,huobi,1INCH/USDT:USDT,0.2861,350.0,0.286,3439.0,0.2863,357.0,0.2864,3426.0
1753617528021,11:58:48.021,huobi,1INCH/USDT:USDT,0.2861,350.0,0.286,3439.0,0.2863,357.0,0.2864,3426.0
1753617529114,11:58:49.114,huobi,1INCH/USDT:USDT,0.2861,350.0,0.286,3439.0,0.2863,357.0,0.2864,3426.0
1753617532404,11:58:52.404,huobi,1INCH/USDT:USDT,0.2861,350.0,0.286,3439.0,0.2863,357.0,0.2864,3426.0
1753617532431,11:58:52.431,huobi,1INCH/USDT:USDT,0.2861,350.0,0.286,3439.0,0.2863,357.0,0.2864,3426.0
1753617534065,11:58:54.065,huobi,1INCH/USDT:USDT,0.2861,350.0,0.286,3439.0,0.2863,357.0,0.2864,3426.0
1753617534065,11:58:54.065,huobi,1INCH/USDT:USDT,0.2861,350.0,0.286,3439.0,0.2863,357.0,0.2864,3426.0
1753617534177,11:58:54.177,huobi,1INCH/USDT:USDT,0.2861,350.0,0.286,3439.0,0.2863,357.0,0.2864,3426.0
1753617534828,11:58:54.828,huobi,1INCH/USDT:USDT,0.2861,350.0,0.286,3439.0,0.2864,3426.0,0.2865,3433.0
1753617535070,11:58:55.070,huobi,1INCH/USDT:USDT,0.2861,350.0,0.286,3439.0,0.2864,3426.0,0.2865,3433.0
1753617535123,11:58:55.123,huobi,1INCH/USDT:USDT,0.2861,350.0,0.286,3439.0,0.2864,3426.0,0.2865,3433.0
1753617537063,11:58:57.063,huobi,1INCH/USDT:USDT,0.2861,350.0,0.286,3439.0,0.2864,348.0,0.2865,3433.0
1753617537093,11:58:57.093,huobi,1INCH/USDT:USDT,0.2861,350.0,0.286,3439.0,0.2864,348.0,0.2865,3433.0
1753617537100,11:58:57.100,huobi,1INCH/USDT:USDT,0.2861,3428.0,0.286,3439.0,0.2864,348.0,0.2865,3433.0
1753617537136,11:58:57.136,huobi,1INCH/USDT:USDT,0.2862,343.0,0.2861,3428.0,0.2864,348.0,0.2865,3433.0
1753617537160,11:58:57.160,huobi,1INCH/USDT:USDT,0.2862,343.0,0.2861,3428.0,0.2864,348.0,0.2865,3433.0
1753617537191,11:58:57.191,huobi,1INCH/USDT:USDT,0.2862,343.0,0.2861,3428.0,0.2864,348.0,0.2865,3433.0
1753617537232,11:58:57.232,huobi,1INCH/USDT:USDT,0.2862,343.0,0.2861,3428.0,0.2864,348.0,0.2865,3433.0
1753617537313,11:58:57.313,huobi,1INCH/USDT:USDT,0.2862,343.0,0.2861,3428.0,0.2864,348.0,0.2865,3433.0
1753617537412,11:58:57.412,huobi,1INCH/USDT:USDT,0.2862,343.0,0.2861,3428.0,0.2864,3426.0,0.2865,3433.0
1753617537456,11:58:57.456,huobi,1INCH/USDT:USDT,0.2862,343.0,0.2861,3428.0,0.2864,3426.0,0.2865,3433.0
1753617537716,11:58:57.716,huobi,1INCH/USDT:USDT,0.2862,343.0,0.2861,3428.0,0.2864,348.0,0.2865,3433.0
1753617537866,11:58:57.866,huobi,1INCH/USDT:USDT,0.2862,343.0,0.2861,3428.0,0.2864,348.0,0.2865,3433.0
1753617538119,11:58:58.119,huobi,1INCH/USDT:USDT,0.2862,343.0,0.2861,3428.0,0.2864,348.0,0.2865,3433.0
1753617538212,11:58:58.212,huobi,1INCH/USDT:USDT,0.2862,343.0,0.2861,3428.0,0.2864,348.0,0.2865,3433.0
1753617538250,11:58:58.250,huobi,1INCH/USDT:USDT,0.2862,343.0,0.2861,3428.0,0.2864,348.0,0.2865,3433.0
1753617540361,11:59:00.361,huobi,1INCH/USDT:USDT,0.2862,343.0,0.2861,3428.0,0.2865,3433.0,0.2866,3592.0
1753617540403,11:59:00.403,huobi,1INCH/USDT:USDT,0.2862,343.0,0.2861,3428.0,0.2865,3433.0,0.2866,3592.0
1753617540441,11:59:00.441,huobi,1INCH/USDT:USDT,0.2862,343.0,0.2861,3428.0,0.2865,3433.0,0.2866,3425.0
1753617540474,11:59:00.474,huobi,1INCH/USDT:USDT,0.2862,343.0,0.2861,3428.0,0.2865,3433.0,0.2866,3425.0
1753617540485,11:59:00.485,huobi,1INCH/USDT:USDT,0.2862,343.0,0.2861,3428.0,0.2865,3433.0,0.2866,3425.0
1753617540515,11:59:00.515,huobi,1INCH/USDT:USDT,0.2862,343.0,0.2861,3428.0,0.2865,3433.0,0.2866,3425.0
1753617540548,11:59:00.548,huobi,1INCH/USDT:USDT,0.2862,343.0,0.2861,3428.0,0.2865,3433.0,0.2866,3425.0
1753617540583,11:59:00.583,huobi,1INCH/USDT:USDT,0.2862,343.0,0.2861,3428.0,0.2865,3433.0,0.2866,3425.0
1753617540612,11:59:00.612,huobi,1INCH/USDT:USDT,0.2862,343.0,0.2861,3428.0,0.2865,3433.0,0.2866,3425.0
1753617540761,11:59:00.761,huobi,1INCH/USDT:USDT,0.2862,343.0,0.2861,3428.0,0.2865,3433.0,0.2866,3425.0
1753617540800,11:59:00.800,huobi,1INCH/USDT:USDT,0.2862,343.0,0.2861,3428.0,0.2865,3433.0,0.2866,3425.0
1753617540820,11:59:00.820,huobi,1INCH/USDT:USDT,0.2862,343.0,0.2861,3428.0,0.2865,3433.0,0.2866,3591.0
1753617540911,11:59:00.911,huobi,1INCH/USDT:USDT,0.2862,343.0,0.2861,3428.0,0.2865,3433.0,0.2866,3591.0
1753617540957,11:59:00.957,huobi,1INCH/USDT:USDT,0.2862,343.0,0.2861,3428.0,0.2865,3433.0,0.2866,3591.0
1753617540977,11:59:00.977,huobi,1INCH/USDT:USDT,0.2862,343.0,0.2861,3428.0,0.2865,3433.0,0.2866,3591.0
1753617542464,11:59:02.464,huobi,1INCH/USDT:USDT,0.2862,343.0,0.2861,3428.0,0.2865,355.0,0.2866,3591.0
1753617542470,11:59:02.470,huobi,1INCH/USDT:USDT,0.2862,343.0,0.2861,3428.0,0.2866,3591.0,0.2867,347.0
1753617542493,11:59:02.493,huobi,1INCH/USDT:USDT,0.2862,343.0,0.2861,3428.0,0.2865,348.0,0.2867,3591.0
1753617542526,11:59:02.526,huobi,1INCH/USDT:USDT,0.2862,343.0,0.2861,3428.0,0.2867,3591.0,0.2868,166.0
1753617542558,11:59:02.558,huobi,1INCH/USDT:USDT,0.2862,343.0,0.2861,3428.0,0.2866,348.0,0.2867,3425.0
1753617542591,11:59:02.591,huobi,1INCH/USDT:USDT,0.2862,3421.0,0.2861,3428.0,0.2866,348.0,0.2867,3425.0
1753617542631,11:59:02.631,huobi,1INCH/USDT:USDT,0.2863,348.0,0.2862,343.0,0.2866,348.0,0.2867,3425.0
1753617542652,11:59:02.652,huobi,1INCH/USDT:USDT,0.2863,348.0,0.2862,343.0,0.2866,348.0,0.2867,3425.0
1753617542683,11:59:02.683,huobi,1INCH/USDT:USDT,0.2863,348.0,0.2862,343.0,0.2866,348.0,0.2867,3425.0
1753617542712,11:59:02.712,huobi,1INCH/USDT:USDT,0.2863,348.0,0.2862,3421.0,0.2866,348.0,0.2867,3425.0
1753617542749,11:59:02.749,huobi,1INCH/USDT:USDT,0.2863,348.0,0.2862,3421.0,0.2866,348.0,0.2867,3425.0
1753617542785,11:59:02.785,huobi,1INCH/USDT:USDT,0.2863,348.0,0.2862,3421.0,0.2866,3426.0,0.2867,3425.0
1753617542797,11:59:02.797,huobi,1INCH/USDT:USDT,0.2863,348.0,0.2862,3421.0,0.2865,348.0,0.2866,3426.0
1753617542931,11:59:02.931,huobi,1INCH/USDT:USDT,0.2863,348.0,0.2862,3421.0,0.2865,348.0,0.2866,3426.0
1753617543046,11:59:03.046,huobi,1INCH/USDT:USDT,0.2863,348.0,0.2862,3421.0,0.2865,348.0,0.2866,3426.0
1753617544148,11:59:04.148,huobi,1INCH/USDT:USDT,0.2863,348.0,0.2862,3421.0,0.2865,348.0,0.2866,3426.0
1753617544827,11:59:04.827,huobi,1INCH/USDT:USDT,0.2863,348.0,0.2862,3421.0,0.2865,348.0,0.2866,3426.0
1753617545206,11:59:05.206,huobi,1INCH/USDT:USDT,0.2863,348.0,0.2862,3421.0,0.2865,348.0,0.2866,3426.0
1753617545441,11:59:05.441,huobi,1INCH/USDT:USDT,0.2863,348.0,0.2862,3421.0,0.2865,348.0,0.2866,3426.0
1753617545492,11:59:05.492,huobi,1INCH/USDT:USDT,0.2863,348.0,0.2862,3421.0,0.2865,348.0,0.2866,3426.0
1753617549355,11:59:09.355,huobi,1INCH/USDT:USDT,0.2863,348.0,0.2862,3421.0,0.2865,348.0,0.2866,3426.0
1753617549376,11:59:09.376,huobi,1INCH/USDT:USDT,0.2863,348.0,0.2862,3421.0,0.2865,348.0,0.2866,3426.0
1753617549395,11:59:09.395,huobi,1INCH/USDT:USDT,0.2863,348.0,0.2862,3421.0,0.2865,348.0,0.2866,3426.0
1753617549446,11:59:09.446,huobi,1INCH/USDT:USDT,0.2863,348.0,0.2862,3421.0,0.2865,348.0,0.2866,3426.0
1753617549468,11:59:09.468,huobi,1INCH/USDT:USDT,0.2863,348.0,0.2862,3421.0,0.2865,348.0,0.2866,3426.0
1753617549492,11:59:09.492,huobi,1INCH/USDT:USDT,0.2863,348.0,0.2862,3421.0,0.2866,3426.0,0.2867,3425.0
1753617549524,11:59:09.524,huobi,1INCH/USDT:USDT,0.2863,348.0,0.2862,3421.0,0.2866,3426.0,0.2867,3425.0
1753617549554,11:59:09.554,huobi,1INCH/USDT:USDT,0.2863,348.0,0.2862,3421.0,0.2866,348.0,0.2867,3425.0
1753617549580,11:59:09.580,huobi,1INCH/USDT:USDT,0.2863,348.0,0.2862,3421.0,0.2866,348.0,0.2867,3425.0
1753617549631,11:59:09.631,huobi,1INCH/USDT:USDT,0.2863,348.0,0.2862,3421.0,0.2866,348.0,0.2867,3425.0
1753617549640,11:59:09.640,huobi,1INCH/USDT:USDT,0.2863,348.0,0.2862,3421.0,0.2866,348.0,0.2867,3425.0
1753617549719,11:59:09.719,huobi,1INCH/USDT:USDT,0.2863,348.0,0.2862,3421.0,0.2866,348.0,0.2867,3425.0
1753617549802,11:59:09.802,huobi,1INCH/USDT:USDT,0.2863,348.0,0.2862,3421.0,0.2866,348.0,0.2867,3425.0
1753617549821,11:59:09.821,huobi,1INCH/USDT:USDT,0.2863,348.0,0.2862,3421.0,0.2866,348.0,0.2867,3425.0
1753617550504,11:59:10.504,huobi,1INCH/USDT:USDT,0.2863,348.0,0.2862,3421.0,0.2866,348.0,0.2867,3425.0
1753617550504,11:59:10.504,huobi,1INCH/USDT:USDT,0.2863,348.0,0.2862,3587.0,0.2866,348.0,0.2867,3425.0
1753617551659,11:59:11.659,huobi,1INCH/USDT:USDT,0.2863,348.0,0.2862,3587.0,0.2866,348.0,0.2867,3425.0
1753617552297,11:59:12.297,huobi,1INCH/USDT:USDT,0.2863,348.0,0.2862,3421.0,0.2866,348.0,0.2867,3425.0
1753617552575,11:59:12.575,huobi,1INCH/USDT:USDT,0.2863,348.0,0.2862,3421.0,0.2866,348.0,0.2867,3425.0
1753617552736,11:59:12.736,huobi,1INCH/USDT:USDT,0.2863,348.0,0.2862,3421.0,0.2866,348.0,0.2867,3425.0
1753617553152,11:59:13.152,huobi,1INCH/USDT:USDT,0.2863,348.0,0.2862,3421.0,0.2866,348.0,0.2867,3425.0
1753617553337,11:59:13.337,huobi,1INCH/USDT:USDT,0.2863,348.0,0.2862,3421.0,0.2866,348.0,0.2867,3425.0
1753617553357,11:59:13.357,huobi,1INCH/USDT:USDT,0.2863,3426.0,0.2862,3587.0,0.2866,348.0,0.2867,347.0
1753617553408,11:59:13.408,huobi,1INCH/USDT:USDT,0.2864,348.0,0.2863,3426.0,0.2867,347.0,0.2868,3078.0
1753617553416,11:59:13.416,huobi,1INCH/USDT:USDT,0.2864,348.0,0.2863,3426.0,0.2867,347.0,0.2868,3078.0
1753617553445,11:59:13.445,huobi,1INCH/USDT:USDT,0.2864,348.0,0.2863,3426.0,0.2867,3425.0,0.2868,3078.0
1753617553490,11:59:13.490,huobi,1INCH/USDT:USDT,0.2864,348.0,0.2863,3426.0,0.2866,348.0,0.2867,3425.0
1753617553536,11:59:13.536,huobi,1INCH/USDT:USDT,0.2864,348.0,0.2863,3426.0,0.2866,348.0,0.2867,3425.0
1753617553574,11:59:13.574,huobi,1INCH/USDT:USDT,0.2864,348.0,0.2863,3426.0,0.2866,348.0,0.2867,3425.0
1753617553619,11:59:13.619,huobi,1INCH/USDT:USDT,0.2864,348.0,0.2863,3426.0,0.2866,348.0,0.2867,3425.0
1753617553627,11:59:13.627,huobi,1INCH/USDT:USDT,0.2864,348.0,0.2863,3426.0,0.2866,348.0,0.2867,3425.0
1753617553704,11:59:13.704,huobi,1INCH/USDT:USDT,0.2864,348.0,0.2863,3426.0,0.2866,348.0,0.2867,3425.0
1753617553765,11:59:13.765,huobi,1INCH/USDT:USDT,0.2864,348.0,0.2863,3426.0,0.2866,348.0,0.2867,3425.0
1753617553780,11:59:13.780,huobi,1INCH/USDT:USDT,0.2864,348.0,0.2863,3426.0,0.2866,348.0,0.2867,3425.0
1753617553982,11:59:13.982,huobi,1INCH/USDT:USDT,0.2864,348.0,0.2863,3426.0,0.2866,348.0,0.2867,3425.0
1753617553994,11:59:13.994,huobi,1INCH/USDT:USDT,0.2864,348.0,0.2863,3426.0,0.2866,348.0,0.2867,3425.0
1753617554274,11:59:14.274,huobi,1INCH/USDT:USDT,0.2864,348.0,0.2863,3426.0,0.2866,348.0,0.2867,3425.0
1753617554804,11:59:14.804,huobi,1INCH/USDT:USDT,0.2864,348.0,0.2863,3426.0,0.2866,348.0,0.2867,3425.0
1753617555227,11:59:15.227,huobi,1INCH/USDT:USDT,0.2864,348.0,0.2863,3426.0,0.2866,348.0,0.2867,3425.0
1753617555951,11:59:15.951,huobi,1INCH/USDT:USDT,0.2864,348.0,0.2863,3592.0,0.2866,348.0,0.2867,3425.0
1753617556167,11:59:16.167,huobi,1INCH/USDT:USDT,0.2864,348.0,0.2863,3426.0,0.2866,348.0,0.2867,3425.0
1753617557131,11:59:17.131,huobi,1INCH/USDT:USDT,0.2864,348.0,0.2863,3426.0,0.2866,348.0,0.2867,3425.0
1753617557411,11:59:17.411,huobi,1INCH/USDT:USDT,0.2864,348.0,0.2863,3426.0,0.2866,348.0,0.2867,3425.0
1753617557453,11:59:17.453,huobi,1INCH/USDT:USDT,0.2864,348.0,0.2863,3426.0,0.2866,348.0,0.2867,3425.0
1753617557725,11:59:17.725,huobi,1INCH/USDT:USDT,0.2864,348.0,0.2863,3426.0,0.2867,3425.0,0.2868,3078.0
1753617557744,11:59:17.744,huobi,1INCH/USDT:USDT,0.2864,348.0,0.2863,3426.0,0.2867,3425.0,0.2868,3078.0
1753617557790,11:59:17.790,huobi,1INCH/USDT:USDT,0.2864,348.0,0.2863,3426.0,0.2867,3425.0,0.2868,3078.0
1753617557830,11:59:17.830,huobi,1INCH/USDT:USDT,0.2864,348.0,0.2863,3426.0,0.2867,3425.0,0.2868,3078.0
1753617557865,11:59:17.865,huobi,1INCH/USDT:USDT,0.2864,348.0,0.2863,3426.0,0.2867,3425.0,0.2868,3078.0
1753617557899,11:59:17.899,huobi,1INCH/USDT:USDT,0.2864,348.0,0.2863,3426.0,0.2867,3425.0,0.2868,3078.0
1753617557919,11:59:17.919,huobi,1INCH/USDT:USDT,0.2864,348.0,0.2863,3426.0,0.2867,3425.0,0.2868,3078.0
1753617558066,11:59:18.066,huobi,1INCH/USDT:USDT,0.2864,348.0,0.2863,3426.0,0.2867,347.0,0.2868,3078.0
1753617558079,11:59:18.079,huobi,1INCH/USDT:USDT,0.2864,348.0,0.2863,3426.0,0.2867,347.0,0.2868,3078.0
1753617558105,11:59:18.105,huobi,1INCH/USDT:USDT,0.2864,348.0,0.2863,3426.0,0.2867,347.0,0.2869,348.0
1753617558129,11:59:18.129,huobi,1INCH/USDT:USDT,0.2865,348.0,0.2864,3426.0,0.287,345.0,0.2871,6676.0
1753617558162,11:59:18.162,huobi,1INCH/USDT:USDT,0.2865,348.0,0.2864,3426.0,0.287,345.0,0.2871,6676.0
1753617558187,11:59:18.187,huobi,1INCH/USDT:USDT,0.2865,348.0,0.2864,3426.0,0.287,3423.0,0.2871,6676.0
1753617558220,11:59:18.220,huobi,1INCH/USDT:USDT,0.2865,348.0,0.2864,3426.0,0.2869,3426.0,0.287,3423.0
1753617558251,11:59:18.251,huobi,1INCH/USDT:USDT,0.2865,348.0,0.2864,3426.0,0.2868,348.0,0.2869,3426.0
1753617558286,11:59:18.286,huobi,1INCH/USDT:USDT,0.2865,348.0,0.2864,3426.0,0.2867,348.0,0.2868,3426.0
1753617558360,11:59:18.360,huobi,1INCH/USDT:USDT,0.2865,348.0,0.2864,3426.0,0.2867,348.0,0.2868,3426.0
1753617558387,11:59:18.387,huobi,1INCH/USDT:USDT,0.2865,348.0,0.2864,3426.0,0.2867,348.0,0.2868,3426.0
1753617558400,11:59:18.400,huobi,1INCH/USDT:USDT,0.2865,348.0,0.2864,3426.0,0.2867,348.0,0.2868,3426.0
1753617558442,11:59:18.442,huobi,1INCH/USDT:USDT,0.2865,348.0,0.2864,3426.0,0.2867,348.0,0.2868,3426.0
1753617558461,11:59:18.461,huobi,1INCH/USDT:USDT,0.2865,348.0,0.2864,3426.0,0.2867,348.0,0.2868,3426.0
1753617558491,11:59:18.491,huobi,1INCH/USDT:USDT,0.2865,348.0,0.2864,3426.0,0.2867,348.0,0.2868,3426.0
1753617558545,11:59:18.545,huobi,1INCH/USDT:USDT,0.2865,348.0,0.2864,3426.0,0.2867,348.0,0.2868,3426.0
1753617558648,11:59:18.648,huobi,1INCH/USDT:USDT,0.2865,348.0,0.2864,3426.0,0.2867,348.0,0.2868,3426.0
1753617558695,11:59:18.695,huobi,1INCH/USDT:USDT,0.2865,348.0,0.2864,3426.0,0.2867,348.0,0.2868,3426.0
1753617558736,11:59:18.736,huobi,1INCH/USDT:USDT,0.2865,348.0,0.2864,3426.0,0.2867,348.0,0.2868,3426.0
1753617558771,11:59:18.771,huobi,1INCH/USDT:USDT,0.2865,348.0,0.2864,3426.0,0.2867,348.0,0.2868,3426.0
1753617558786,11:59:18.786,huobi,1INCH/USDT:USDT,0.2865,348.0,0.2864,3426.0,0.2867,348.0,0.2868,3426.0
1753617558837,11:59:18.837,huobi,1INCH/USDT:USDT,0.2865,348.0,0.2864,3426.0,0.2867,348.0,0.2868,3426.0
1753617560242,11:59:20.242,huobi,1INCH/USDT:USDT,0.2865,348.0,0.2864,3426.0,0.2867,348.0,0.2868,3426.0
1753617562427,11:59:22.427,huobi,1INCH/USDT:USDT,0.2865,348.0,0.2864,3426.0,0.2867,348.0,0.2868,3426.0
1753617566421,11:59:26.421,huobi,1INCH/USDT:USDT,0.2865,348.0,0.2864,3426.0,0.2867,348.0,0.2868,3426.0
1753617566803,11:59:26.803,huobi,1INCH/USDT:USDT,0.2865,348.0,0.2864,3426.0,0.2867,348.0,0.2868,3426.0
1753617570395,11:59:30.395,huobi,1INCH/USDT:USDT,0.2865,348.0,0.2864,3426.0,0.2867,348.0,0.2868,3426.0
1753617570429,11:59:30.429,huobi,1INCH/USDT:USDT,0.2865,348.0,0.2864,3426.0,0.2867,348.0,0.2868,3426.0
1753617573109,11:59:33.109,huobi,1INCH/USDT:USDT,0.2865,348.0,0.2864,3426.0,0.2867,348.0,0.2868,348.0
1753617573213,11:59:33.213,huobi,1INCH/USDT:USDT,0.2865,348.0,0.2864,3426.0,0.2868,3426.0,0.2869,3426.0
1753617573281,11:59:33.281,huobi,1INCH/USDT:USDT,0.2865,348.0,0.2864,3426.0,0.2867,356.0,0.2868,3426.0
1753617573571,11:59:33.571,huobi,1INCH/USDT:USDT,0.2865,348.0,0.2864,3426.0,0.2868,3426.0,0.2869,3426.0
1753617573576,11:59:33.576,huobi,1INCH/USDT:USDT,0.2865,348.0,0.2864,3426.0,0.2868,3426.0,0.2869,3426.0
1753617573642,11:59:33.642,huobi,1INCH/USDT:USDT,0.2865,348.0,0.2864,3426.0,0.2868,3426.0,0.2869,3426.0
1753617573693,11:59:33.693,huobi,1INCH/USDT:USDT,0.2865,348.0,0.2864,3426.0,0.2868,3426.0,0.2869,3426.0
1753617573710,11:59:33.710,huobi,1INCH/USDT:USDT,0.2865,348.0,0.2864,3426.0,0.2868,3426.0,0.2869,3426.0
1753617573767,11:59:33.767,huobi,1INCH/USDT:USDT,0.2865,348.0,0.2864,3426.0,0.2868,3426.0,0.2869,3426.0
1753617573832,11:59:33.832,huobi,1INCH/USDT:USDT,0.2865,348.0,0.2864,3426.0,0.2868,3426.0,0.2869,3426.0
1753617575132,11:59:35.132,huobi,1INCH/USDT:USDT,0.2865,348.0,0.2864,348.0,0.2868,3426.0,0.2869,3426.0
1753617575139,11:59:35.139,huobi,1INCH/USDT:USDT,0.2865,348.0,0.2864,348.0,0.2867,356.0,0.2868,3426.0
1753617575181,11:59:35.181,huobi,1INCH/USDT:USDT,0.2864,348.0,0.2863,3426.0,0.2866,356.0,0.2867,3434.0
1753617575231,11:59:35.231,huobi,1INCH/USDT:USDT,0.2864,348.0,0.2863,3426.0,0.2866,356.0,0.2867,3434.0
1753617575370,11:59:35.370,huobi,1INCH/USDT:USDT,0.2864,348.0,0.2863,3426.0,0.2866,356.0,0.2867,3434.0
1753617575535,11:59:35.535,huobi,1INCH/USDT:USDT,0.2864,348.0,0.2863,3426.0,0.2866,356.0,0.2867,3434.0
1753617575567,11:59:35.567,huobi,1INCH/USDT:USDT,0.2864,348.0,0.2863,3591.0,0.2866,356.0,0.2867,3434.0
1753617577133,11:59:37.133,huobi,1INCH/USDT:USDT,0.2864,348.0,0.2863,513.0,0.2866,356.0,0.2867,3434.0
1753617577179,11:59:37.179,huobi,1INCH/USDT:USDT,0.2864,348.0,0.2863,348.0,0.2866,356.0,0.2867,3434.0
1753617577236,11:59:37.236,huobi,1INCH/USDT:USDT,0.2863,3426.0,0.2862,3587.0,0.2866,356.0,0.2867,3434.0
1753617577271,11:59:37.271,huobi,1INCH/USDT:USDT,0.2864,356.0,0.2863,3426.0,0.2866,356.0,0.2867,3434.0
1753617577319,11:59:37.319,huobi,1INCH/USDT:USDT,0.2864,356.0,0.2863,3426.0,0.2866,356.0,0.2867,3434.0
1753617577515,11:59:37.515,huobi,1INCH/USDT:USDT,0.2864,356.0,0.2863,3426.0,0.2866,356.0,0.2867,3434.0
1753617577883,11:59:37.883,huobi,1INCH/USDT:USDT,0.2864,356.0,0.2863,3426.0,0.2866,356.0,0.2867,3434.0
1753617577901,11:59:37.901,huobi,1INCH/USDT:USDT,0.2864,356.0,0.2863,3426.0,0.2866,356.0,0.2867,3434.0
1753617578133,11:59:38.133,huobi,1INCH/USDT:USDT,0.2864,356.0,0.2863,348.0,0.2866,356.0,0.2867,3434.0
1753617578137,11:59:38.137,huobi,1INCH/USDT:USDT,0.2864,356.0,0.2863,348.0,0.2866,356.0,0.2867,3434.0
1753617578179,11:59:38.179,huobi,1INCH/USDT:USDT,0.2864,356.0,0.2863,348.0,0.2866,356.0,0.2867,3434.0
1753617578196,11:59:38.196,huobi,1INCH/USDT:USDT,0.2863,348.0,0.2862,3421.0,0.2866,3434.0,0.2867,3434.0
1753617578225,11:59:38.225,huobi,1INCH/USDT:USDT,0.2863,348.0,0.2862,3421.0,0.2865,356.0,0.2866,3434.0
1753617578258,11:59:38.258,huobi,1INCH/USDT:USDT,0.2863,348.0,0.2862,3421.0,0.2865,356.0,0.2866,356.0
1753617578318,11:59:38.318,huobi,1INCH/USDT:USDT,0.2863,348.0,0.2862,3421.0,0.2865,356.0,0.2866,356.0
1753617578318,11:59:38.318,huobi,1INCH/USDT:USDT,0.2863,348.0,0.2862,3421.0,0.2865,356.0,0.2866,356.0
1753617578361,11:59:38.361,huobi,1INCH/USDT:USDT,0.2863,348.0,0.2862,3421.0,0.2865,356.0,0.2866,3434.0
1753617578406,11:59:38.406,huobi,1INCH/USDT:USDT,0.2863,348.0,0.2862,3421.0,0.2866,3434.0,0.2867,3434.0
1753617578493,11:59:38.493,huobi,1INCH/USDT:USDT,0.2863,348.0,0.2862,3421.0,0.2866,3434.0,0.2867,3434.0
1753617578493,11:59:38.493,huobi,1INCH/USDT:USDT,0.2863,348.0,0.2862,3587.0,0.2866,3434.0,0.2867,3434.0
1753617580829,11:59:40.829,huobi,1INCH/USDT:USDT,0.2863,348.0,0.2862,3587.0,0.2865,348.0,0.2866,3434.0
1753617581308,11:59:41.308,huobi,1INCH/USDT:USDT,0.2863,348.0,0.2862,3587.0,0.2865,348.0,0.2866,3434.0
1753617582917,11:59:42.917,huobi,1INCH/USDT:USDT,0.2863,348.0,0.2862,3587.0,0.2866,3434.0,0.2867,3434.0
1753617584395,11:59:44.395,huobi,1INCH/USDT:USDT,0.2863,348.0,0.2862,3587.0,0.2866,356.0,0.2867,3434.0
1753617585183,11:59:45.183,huobi,1INCH/USDT:USDT,0.2863,348.0,0.2862,3587.0,0.2866,356.0,0.2867,3434.0
1753617587542,11:59:47.542,huobi,1INCH/USDT:USDT,0.2863,348.0,0.2862,3587.0,0.2866,356.0,0.2867,3434.0
1753617589796,11:59:49.796,huobi,1INCH/USDT:USDT,0.2863,3426.0,0.2862,3587.0,0.2866,356.0,0.2867,3434.0
1753617589813,11:59:49.813,huobi,1INCH/USDT:USDT,0.2864,345.0,0.2863,3426.0,0.2866,356.0,0.2867,3434.0
1753617589879,11:59:49.879,huobi,1INCH/USDT:USDT,0.2864,345.0,0.2863,3426.0,0.2866,356.0,0.2867,3434.0
1753617589917,11:59:49.917,huobi,1INCH/USDT:USDT,0.2864,345.0,0.2863,3426.0,0.2866,356.0,0.2867,3434.0
1753617589944,11:59:49.944,huobi,1INCH/USDT:USDT,0.2864,3423.0,0.2863,3426.0,0.2866,356.0,0.2867,356.0
1753617589958,11:59:49.958,huobi,1INCH/USDT:USDT,0.2865,345.0,0.2864,3423.0,0.2866,356.0,0.2867,356.0
1753617589991,11:59:49.991,huobi,1INCH/USDT:USDT,0.2865,345.0,0.2864,3423.0,0.2867,356.0,0.2868,3426.0
1753617590027,11:59:50.027,huobi,1INCH/USDT:USDT,0.2865,345.0,0.2864,3423.0,0.2867,356.0,0.2868,3426.0
1753617590046,11:59:50.046,huobi,1INCH/USDT:USDT,0.2865,345.0,0.2864,3423.0,0.2867,356.0,0.2868,3426.0
1753617590083,11:59:50.083,huobi,1INCH/USDT:USDT,0.2865,345.0,0.2864,3423.0,0.2867,356.0,0.2868,3426.0
1753617590112,11:59:50.112,huobi,1INCH/USDT:USDT,0.2865,345.0,0.2864,3423.0,0.2867,356.0,0.2868,3426.0
1753617590238,11:59:50.238,huobi,1INCH/USDT:USDT,0.2865,345.0,0.2864,3423.0,0.2867,3434.0,0.2868,3426.0
1753617590282,11:59:50.282,huobi,1INCH/USDT:USDT,0.2865,345.0,0.2864,3423.0,0.2867,3434.0,0.2868,3426.0
1753617590348,11:59:50.348,huobi,1INCH/USDT:USDT,0.2865,345.0,0.2864,3423.0,0.2866,345.0,0.2867,3434.0
1753617590978,11:59:50.978,huobi,1INCH/USDT:USDT,0.2865,345.0,0.2864,3423.0,0.2866,345.0,0.2867,3434.0
1753617591712,11:59:51.712,huobi,1INCH/USDT:USDT,0.2865,345.0,0.2864,3423.0,0.2866,345.0,0.2867,3434.0
1753617592525,11:59:52.525,huobi,1INCH/USDT:USDT,0.2865,345.0,0.2864,3423.0,0.2866,345.0,0.2867,3434.0
1753617592633,11:59:52.633,huobi,1INCH/USDT:USDT,0.2864,3423.0,0.2863,3426.0,0.2866,345.0,0.2867,3434.0
1753617596211,11:59:56.211,huobi,1INCH/USDT:USDT,0.2864,345.0,0.2863,3426.0,0.2866,345.0,0.2867,3434.0
1753617596671,11:59:56.671,huobi,1INCH/USDT:USDT,0.2864,345.0,0.2863,3426.0,0.2866,345.0,0.2867,3434.0
1753617596678,11:59:56.678,huobi,1INCH/USDT:USDT,0.2864,345.0,0.2863,3426.0,0.2866,345.0,0.2867,3434.0
1753617599405,11:59:59.405,huobi,1INCH/USDT:USDT,0.2864,345.0,0.2863,3426.0,0.2866,345.0,0.2867,3434.0
1753617599440,11:59:59.440,huobi,1INCH/USDT:USDT,0.2864,345.0,0.2863,348.0,0.2865,355.0,0.2866,3423.0
1753617599473,11:59:59.473,huobi,1INCH/USDT:USDT,0.2863,348.0,0.2862,3421.0,0.2865,355.0,0.2866,3423.0
1753617599501,11:59:59.501,huobi,1INCH/USDT:USDT,0.2863,348.0,0.2862,3421.0,0.2865,355.0,0.2866,3423.0
1753617599538,11:59:59.538,huobi,1INCH/USDT:USDT,0.2863,348.0,0.2862,3421.0,0.2865,355.0,0.2866,3423.0
1753617599585,11:59:59.585,huobi,1INCH/USDT:USDT,0.2863,348.0,0.2862,3421.0,0.2865,355.0,0.2866,3423.0
1753617599779,11:59:59.779,huobi,1INCH/USDT:USDT,0.2863,348.0,0.2862,3421.0,0.2865,355.0,0.2866,3423.0
1753617600183,12:00:00.183,huobi,1INCH/USDT:USDT,0.2863,348.0,0.2862,3421.0,0.2865,355.0,0.2866,3423.0
1753617600190,12:00:00.190,huobi,1INCH/USDT:USDT,0.2863,348.0,0.2862,3421.0,0.2865,355.0,0.2866,3423.0
1753617600221,12:00:00.221,huobi,1INCH/USDT:USDT,0.2863,348.0,0.2862,3421.0,0.2865,355.0,0.2866,3423.0
1753617600273,12:00:00.273,huobi,1INCH/USDT:USDT,0.2863,348.0,0.2862,3421.0,0.2865,355.0,0.2866,3423.0
1753617600280,12:00:00.280,huobi,1INCH/USDT:USDT,0.2863,348.0,0.2862,3421.0,0.2865,355.0,0.2866,3423.0
1753617600461,12:00:00.461,huobi,1INCH/USDT:USDT,0.2863,348.0,0.2862,3421.0,0.2865,355.0,0.2866,3423.0
1753617600519,12:00:00.519,huobi,1INCH/USDT:USDT,0.2863,348.0,0.2862,3421.0,0.2865,355.0,0.2866,3423.0
1753617600805,12:00:00.805,huobi,1INCH/USDT:USDT,0.2863,348.0,0.2862,3421.0,0.2865,355.0,0.2866,3423.0
