timestamp,time,exchange,symbol,bid1_price,bid1_volume,bid2_price,bid2_volume,ask1_price,ask1_volume,ask2_price,ask2_volume
1753617156682,11:52:36.682,phemex,1INCH/USDT:USDT,0.2865,14328.0,0.2864,31811.0,0.2868,5522.0,0.2869,2697.0
1753617164595,11:52:44.595,phemex,1INCH/USDT:USDT,0.2866,2000.0,0.2865,14328.0,0.2868,5522.0,0.2869,2697.0
1753617171542,11:52:51.542,phemex,1INCH/USDT:USDT,0.2866,2000.0,0.2865,14328.0,0.2868,3522.0,0.2869,2697.0
1753617171671,11:52:51.671,phemex,1INCH/USDT:USDT,0.2867,5766.0,0.2866,3927.0,0.2868,3522.0,0.2869,2697.0
1753617171950,11:52:51.950,phemex,1INCH/USDT:USDT,0.2867,5766.0,0.2866,3927.0,0.2868,3522.0,0.2869,2000.0
1753617171968,11:52:51.968,phemex,1INCH/USDT:USDT,0.2867,5766.0,0.2866,3927.0,0.2868,3522.0,0.2871,33705.0
1753617171996,11:52:51.996,phemex,1INCH/USDT:USDT,0.2867,5766.0,0.2866,3927.0,0.2868,3522.0,0.2871,33705.0
1753617172029,11:52:52.029,phemex,1INCH/USDT:USDT,0.2867,5766.0,0.2866,3927.0,0.2868,3522.0,0.2871,33705.0
1753617172504,11:52:52.504,phemex,1INCH/USDT:USDT,0.2867,5766.0,0.2866,3927.0,0.2868,3522.0,0.287,2000.0
1753617172898,11:52:52.898,phemex,1INCH/USDT:USDT,0.2867,5738.0,0.2866,3927.0,0.2868,3522.0,0.287,2000.0
1753617174147,11:52:54.147,phemex,1INCH/USDT:USDT,0.2867,5731.0,0.2866,3927.0,0.2868,3522.0,0.287,2000.0
1753617175391,11:52:55.391,phemex,1INCH/USDT:USDT,0.2867,5731.0,0.2866,3927.0,0.2868,3522.0,0.287,2000.0
1753617182976,11:53:02.976,phemex,1INCH/USDT:USDT,0.2867,5731.0,0.2866,3927.0,0.2868,3522.0,0.287,2000.0
1753617183090,11:53:03.090,phemex,1INCH/USDT:USDT,0.2867,5731.0,0.2866,3927.0,0.2868,3522.0,0.287,2000.0
1753617183449,11:53:03.449,phemex,1INCH/USDT:USDT,0.2867,5731.0,0.2866,3927.0,0.287,1994.0,0.2871,13417.0
1753617183474,11:53:03.474,phemex,1INCH/USDT:USDT,0.2868,1549.0,0.2867,1411.0,0.287,3728.0,0.2871,6325.0
1753617183474,11:53:03.474,phemex,1INCH/USDT:USDT,0.2868,1549.0,0.2867,3103.0,0.287,3728.0,0.2871,6325.0
1753617183705,11:53:03.705,phemex,1INCH/USDT:USDT,0.2868,1549.0,0.2867,3103.0,0.287,3728.0,0.2871,6325.0
1753617183850,11:53:03.850,phemex,1INCH/USDT:USDT,0.2868,1549.0,0.2867,9387.0,0.287,3728.0,0.2871,6325.0
1753617183903,11:53:03.903,phemex,1INCH/USDT:USDT,0.2868,1549.0,0.2867,9387.0,0.287,3728.0,0.2871,6325.0
1753617184235,11:53:04.235,phemex,1INCH/USDT:USDT,0.2868,1549.0,0.2867,9387.0,0.287,3728.0,0.2873,16153.0
1753617184370,11:53:04.370,phemex,1INCH/USDT:USDT,0.2868,3549.0,0.2867,9387.0,0.287,3728.0,0.2873,16153.0
1753617184581,11:53:04.581,phemex,1INCH/USDT:USDT,0.2868,3549.0,0.2867,9387.0,0.287,3728.0,0.2873,16153.0
1753617185189,11:53:05.189,phemex,1INCH/USDT:USDT,0.2868,3299.0,0.2867,9387.0,0.287,3728.0,0.2873,16153.0
1753617185359,11:53:05.359,phemex,1INCH/USDT:USDT,0.2868,3299.0,0.2867,9387.0,0.287,3728.0,0.2873,16153.0
1753617186985,11:53:06.985,phemex,1INCH/USDT:USDT,0.2868,3299.0,0.2867,9387.0,0.287,3728.0,0.2873,16153.0
1753617186993,11:53:06.993,phemex,1INCH/USDT:USDT,0.2868,3299.0,0.2867,9387.0,0.287,3728.0,0.2873,16153.0
1753617188515,11:53:08.515,phemex,1INCH/USDT:USDT,0.2868,4908.0,0.2867,9387.0,0.287,3728.0,0.2873,16153.0
1753617189479,11:53:09.479,phemex,1INCH/USDT:USDT,0.2868,4908.0,0.2867,9387.0,0.2869,5041.0,0.287,3728.0
1753617194470,11:53:14.470,phemex,1INCH/USDT:USDT,0.2868,4908.0,0.2867,3103.0,0.2869,5041.0,0.287,3728.0
1753617194501,11:53:14.501,phemex,1INCH/USDT:USDT,0.2868,4908.0,0.2867,9384.0,0.2869,5041.0,0.287,3728.0
1753617197224,11:53:17.224,phemex,1INCH/USDT:USDT,0.2868,4908.0,0.2867,9384.0,0.2869,5041.0,0.287,3728.0
1753617197251,11:53:17.251,phemex,1INCH/USDT:USDT,0.2868,4908.0,0.2867,9384.0,0.2869,5041.0,0.287,3728.0
1753617198834,11:53:18.834,phemex,1INCH/USDT:USDT,0.2868,4908.0,0.2867,9384.0,0.2869,4759.0,0.287,3728.0
1753617199239,11:53:19.239,phemex,1INCH/USDT:USDT,0.2868,4908.0,0.2867,9384.0,0.287,2560.0,0.2871,1712.0
1753617199262,11:53:19.262,phemex,1INCH/USDT:USDT,0.2869,2059.0,0.2868,5538.0,0.287,2560.0,0.2871,1712.0
1753617199263,11:53:19.263,phemex,1INCH/USDT:USDT,0.2869,4595.0,0.2868,5538.0,0.287,2560.0,0.2871,1712.0
1753617199461,11:53:19.461,phemex,1INCH/USDT:USDT,0.2868,2000.0,0.2867,6281.0,0.287,2560.0,0.2871,1712.0
1753617205003,11:53:25.003,phemex,1INCH/USDT:USDT,0.2868,4939.0,0.2867,10556.0,0.2872,1815.0,0.2873,13030.0
1753617205016,11:53:25.016,phemex,1INCH/USDT:USDT,0.2868,4939.0,0.2867,10556.0,0.2872,3815.0,0.2873,13030.0
1753617205137,11:53:25.137,phemex,1INCH/USDT:USDT,0.2868,4939.0,0.2867,10556.0,0.2871,2000.0,0.2872,3815.0
1753617206645,11:53:26.645,phemex,1INCH/USDT:USDT,0.2868,4939.0,0.2867,10556.0,0.2871,2000.0,0.2872,3815.0
1753617206653,11:53:26.653,phemex,1INCH/USDT:USDT,0.2868,4939.0,0.2867,10556.0,0.2871,2000.0,0.2872,3815.0
1753617206653,11:53:26.653,phemex,1INCH/USDT:USDT,0.2868,4939.0,0.2867,10556.0,0.2871,2000.0,0.2872,3815.0
1753617210036,11:53:30.036,phemex,1INCH/USDT:USDT,0.287,1456.0,0.2869,6807.0,0.2871,2000.0,0.2872,5488.0
1753617210167,11:53:30.167,phemex,1INCH/USDT:USDT,0.2868,12092.0,0.2867,24931.0,0.2871,2000.0,0.2872,5488.0
1753617210167,11:53:30.167,phemex,1INCH/USDT:USDT,0.2868,2000.0,0.2867,24931.0,0.2871,2000.0,0.2872,5488.0
1753617212165,11:53:32.165,phemex,1INCH/USDT:USDT,0.2868,2000.0,0.2867,24931.0,0.2872,5488.0,0.2873,2429.0
1753617212264,11:53:32.264,phemex,1INCH/USDT:USDT,0.2868,2000.0,0.2867,24931.0,0.2872,5488.0,0.2873,2429.0
1753617212275,11:53:32.275,phemex,1INCH/USDT:USDT,0.2868,2000.0,0.2867,24931.0,0.2872,5488.0,0.2873,2429.0
1753617215216,11:53:35.216,phemex,1INCH/USDT:USDT,0.2869,7264.0,0.2868,4030.0,0.2872,2000.0,0.2874,24652.0
1753617215241,11:53:35.241,phemex,1INCH/USDT:USDT,0.2869,9264.0,0.2868,4030.0,0.2872,2000.0,0.2874,24652.0
1753617215935,11:53:35.935,phemex,1INCH/USDT:USDT,0.2869,9264.0,0.2868,4030.0,0.2872,2000.0,0.2873,2000.0
1753617217002,11:53:37.002,phemex,1INCH/USDT:USDT,0.2869,9264.0,0.2868,4030.0,0.2873,2000.0,0.2874,24652.0
1753617217022,11:53:37.022,phemex,1INCH/USDT:USDT,0.2869,9264.0,0.2868,4030.0,0.2873,2696.0,0.2874,24652.0
1753617217416,11:53:37.416,phemex,1INCH/USDT:USDT,0.2869,9264.0,0.2868,4030.0,0.2873,2696.0,0.2874,24652.0
1753617217422,11:53:37.422,phemex,1INCH/USDT:USDT,0.2869,9264.0,0.2868,4030.0,0.2873,2696.0,0.2874,24652.0
1753617220582,11:53:40.582,phemex,1INCH/USDT:USDT,0.2869,9124.0,0.2868,4030.0,0.2873,2696.0,0.2874,24652.0
1753617221998,11:53:41.998,phemex,1INCH/USDT:USDT,0.2869,9124.0,0.2868,4030.0,0.2873,2696.0,0.2874,24652.0
1753617222005,11:53:42.005,phemex,1INCH/USDT:USDT,0.2869,9124.0,0.2868,4030.0,0.2873,2696.0,0.2874,24652.0
1753617222103,11:53:42.103,phemex,1INCH/USDT:USDT,0.287,1596.0,0.2869,6039.0,0.2871,4392.0,0.2872,1840.0
1753617224768,11:53:44.768,phemex,1INCH/USDT:USDT,0.287,1556.0,0.2869,6039.0,0.2871,4392.0,0.2872,1840.0
1753617226806,11:53:46.806,phemex,1INCH/USDT:USDT,0.287,1556.0,0.2869,6039.0,0.2871,4392.0,0.2872,1840.0
1753617230284,11:53:50.284,phemex,1INCH/USDT:USDT,0.287,3348.0,0.2869,16769.0,0.2873,5099.0,0.2874,6281.0
1753617230321,11:53:50.321,phemex,1INCH/USDT:USDT,0.287,3348.0,0.2869,16769.0,0.2873,4403.0,0.2874,6281.0
1753617230850,11:53:50.850,phemex,1INCH/USDT:USDT,0.287,5348.0,0.2869,16769.0,0.2873,4403.0,0.2874,6281.0
1753617231607,11:53:51.607,phemex,1INCH/USDT:USDT,0.287,5348.0,0.2869,16769.0,0.2873,4403.0,0.2874,6281.0
1753617233771,11:53:53.771,phemex,1INCH/USDT:USDT,0.2869,4390.0,0.2868,19996.0,0.2873,4403.0,0.2874,6281.0
1753617235413,11:53:55.413,phemex,1INCH/USDT:USDT,0.2869,6799.0,0.2868,19996.0,0.2871,4447.0,0.2873,6399.0
1753617236398,11:53:56.398,phemex,1INCH/USDT:USDT,0.2869,6799.0,0.2868,19996.0,0.2871,4447.0,0.2873,6399.0
1753617236404,11:53:56.404,phemex,1INCH/USDT:USDT,0.2869,6799.0,0.2868,19996.0,0.2871,4447.0,0.2873,6399.0
1753617236938,11:53:56.938,phemex,1INCH/USDT:USDT,0.2869,6799.0,0.2868,19996.0,0.2871,4357.0,0.2873,6399.0
1753617242632,11:54:02.632,phemex,1INCH/USDT:USDT,0.2869,6799.0,0.2868,19996.0,0.2871,4357.0,0.2873,6399.0
1753617242641,11:54:02.641,phemex,1INCH/USDT:USDT,0.2869,13068.0,0.2868,19996.0,0.2871,4357.0,0.2873,6399.0
1753617247197,11:54:07.197,phemex,1INCH/USDT:USDT,0.2869,6269.0,0.2868,12708.0,0.287,2501.0,0.2873,14689.0
1753617247197,11:54:07.197,phemex,1INCH/USDT:USDT,0.2869,6269.0,0.2868,2039.0,0.287,4261.0,0.2871,1564.0
1753617247258,11:54:07.258,phemex,1INCH/USDT:USDT,0.2868,2039.0,0.2867,18650.0,0.287,4261.0,0.2871,1564.0
1753617247307,11:54:07.307,phemex,1INCH/USDT:USDT,0.2868,2039.0,0.2867,18650.0,0.287,4261.0,0.2871,1564.0
1753617247319,11:54:07.319,phemex,1INCH/USDT:USDT,0.2868,8308.0,0.2867,18650.0,0.287,4261.0,0.2871,1564.0
1753617247339,11:54:07.339,phemex,1INCH/USDT:USDT,0.2868,8308.0,0.2867,18650.0,0.287,4261.0,0.2871,1564.0
1753617247932,11:54:07.932,phemex,1INCH/USDT:USDT,0.2868,10278.0,0.2866,21298.0,0.287,4261.0,0.2871,1564.0
1753617248636,11:54:08.636,phemex,1INCH/USDT:USDT,0.2868,9198.0,0.2866,21298.0,0.287,4261.0,0.2871,1564.0
1753617248774,11:54:08.774,phemex,1INCH/USDT:USDT,0.2868,9198.0,0.2866,21298.0,0.287,6261.0,0.2871,1564.0
1753617249333,11:54:09.333,phemex,1INCH/USDT:USDT,0.2866,12555.0,0.2865,20015.0,0.287,6261.0,0.2871,1564.0
1753617249333,11:54:09.333,phemex,1INCH/USDT:USDT,0.2865,20015.0,0.2864,24716.0,0.287,6261.0,0.2871,1564.0
1753617249457,11:54:09.457,phemex,1INCH/USDT:USDT,0.2866,6268.0,0.2865,20015.0,0.287,6261.0,0.2871,1564.0
1753617249503,11:54:09.503,phemex,1INCH/USDT:USDT,0.2867,2000.0,0.2866,8268.0,0.287,6261.0,0.2871,1564.0
1753617251200,11:54:11.200,phemex,1INCH/USDT:USDT,0.2867,2000.0,0.2866,8268.0,0.287,6261.0,0.2871,1564.0
1753617251211,11:54:11.211,phemex,1INCH/USDT:USDT,0.2867,2000.0,0.2866,8268.0,0.287,6261.0,0.2871,1564.0
1753617253839,11:54:13.839,phemex,1INCH/USDT:USDT,0.2867,2000.0,0.2866,8268.0,0.287,5713.0,0.2871,1564.0
1753617255334,11:54:15.334,phemex,1INCH/USDT:USDT,0.2868,5844.0,0.2867,3882.0,0.287,8190.0,0.2871,1564.0
1753617255568,11:54:15.568,phemex,1INCH/USDT:USDT,0.2868,5844.0,0.2867,3882.0,0.287,8190.0,0.2871,1564.0
1753617256023,11:54:16.023,phemex,1INCH/USDT:USDT,0.2868,5844.0,0.2867,3882.0,0.287,8190.0,0.2871,1564.0
1753617260809,11:54:20.809,phemex,1INCH/USDT:USDT,0.2868,5844.0,0.2867,3882.0,0.287,8190.0,0.2871,1564.0
1753617260911,11:54:20.911,phemex,1INCH/USDT:USDT,0.2868,5619.0,0.2867,3882.0,0.287,8190.0,0.2871,1564.0
1753617263383,11:54:23.383,phemex,1INCH/USDT:USDT,0.2869,1624.0,0.2868,4353.0,0.287,2271.0,0.2871,1564.0
1753617265609,11:54:25.609,phemex,1INCH/USDT:USDT,0.2869,1624.0,0.2868,4353.0,0.287,2271.0,0.2871,1564.0
1753617265609,11:54:25.609,phemex,1INCH/USDT:USDT,0.2869,1624.0,0.2868,4353.0,0.287,2271.0,0.2871,1564.0
1753617270436,11:54:30.436,phemex,1INCH/USDT:USDT,0.2869,1624.0,0.2868,4353.0,0.287,2271.0,0.2871,1564.0
1753617272402,11:54:32.402,phemex,1INCH/USDT:USDT,0.2869,1587.0,0.2868,4353.0,0.287,2271.0,0.2871,1564.0
1753617278321,11:54:38.321,phemex,1INCH/USDT:USDT,0.2869,1587.0,0.2868,4353.0,0.287,2271.0,0.2871,1564.0
1753617278353,11:54:38.353,phemex,1INCH/USDT:USDT,0.2869,1587.0,0.2868,4353.0,0.287,2271.0,0.2871,1564.0
1753617282407,11:54:42.407,phemex,1INCH/USDT:USDT,0.2869,1587.0,0.2868,4353.0,0.287,2271.0,0.2871,1564.0
1753617286824,11:54:46.824,phemex,1INCH/USDT:USDT,0.2868,1427.0,0.2867,2000.0,0.287,2271.0,0.2871,1564.0
1753617286874,11:54:46.874,phemex,1INCH/USDT:USDT,0.2868,1427.0,0.2867,2000.0,0.287,2271.0,0.2871,4145.0
1753617290179,11:54:50.179,phemex,1INCH/USDT:USDT,0.2868,3427.0,0.2867,2000.0,0.287,2271.0,0.2871,4145.0
1753617292156,11:54:52.156,phemex,1INCH/USDT:USDT,0.2868,1427.0,0.2867,2000.0,0.287,2271.0,0.2871,4145.0
1753617292391,11:54:52.391,phemex,1INCH/USDT:USDT,0.2868,1427.0,0.2867,2000.0,0.287,2271.0,0.2871,4145.0
1753617292443,11:54:52.443,phemex,1INCH/USDT:USDT,0.2868,5199.0,0.2867,2000.0,0.287,2271.0,0.2871,6506.0
1753617295691,11:54:55.691,phemex,1INCH/USDT:USDT,0.2868,5199.0,0.2867,2000.0,0.287,2264.0,0.2871,6506.0
1753617296209,11:54:56.209,phemex,1INCH/USDT:USDT,0.2868,5199.0,0.2867,2000.0,0.287,2264.0,0.2871,6506.0
1753617305025,11:55:05.025,phemex,1INCH/USDT:USDT,0.2868,5199.0,0.2866,38542.0,0.2869,2000.0,0.287,4264.0
1753617305087,11:55:05.087,phemex,1INCH/USDT:USDT,0.2868,2159.0,0.2866,17703.0,0.2869,2000.0,0.287,4264.0
1753617305088,11:55:05.088,phemex,1INCH/USDT:USDT,0.2867,1981.0,0.2866,6268.0,0.2869,3566.0,0.287,4264.0
1753617305345,11:55:05.345,phemex,1INCH/USDT:USDT,0.2867,1981.0,0.2866,6268.0,0.2869,3566.0,0.287,4264.0
1753617305633,11:55:05.633,phemex,1INCH/USDT:USDT,0.2867,1981.0,0.2866,6268.0,0.2869,3566.0,0.287,4264.0
1753617309206,11:55:09.206,phemex,1INCH/USDT:USDT,0.2867,1981.0,0.2866,6268.0,0.2869,3566.0,0.287,4264.0
1753617310518,11:55:10.518,phemex,1INCH/USDT:USDT,0.2867,6545.0,0.2866,6268.0,0.2868,2074.0,0.2869,3566.0
1753617311098,11:55:11.098,phemex,1INCH/USDT:USDT,0.2866,8011.0,0.2865,11181.0,0.2868,2074.0,0.2869,3566.0
1753617311098,11:55:11.098,phemex,1INCH/USDT:USDT,0.2866,8011.0,0.2864,32883.0,0.2868,2074.0,0.2869,3566.0
1753617313115,11:55:13.115,phemex,1INCH/USDT:USDT,0.2866,8011.0,0.2864,32883.0,0.2868,1214.0,0.2869,3566.0
1753617314010,11:55:14.010,phemex,1INCH/USDT:USDT,0.2866,8011.0,0.2864,32883.0,0.2868,1214.0,0.2869,3566.0
1753617314018,11:55:14.018,phemex,1INCH/USDT:USDT,0.2866,8011.0,0.2864,32883.0,0.2868,1214.0,0.2869,3566.0
1753617315440,11:55:15.440,phemex,1INCH/USDT:USDT,0.2866,8011.0,0.2864,32883.0,0.2868,1214.0,0.2869,3566.0
1753617315566,11:55:15.566,phemex,1INCH/USDT:USDT,0.2866,8011.0,0.2864,32883.0,0.2868,2939.0,0.2869,3566.0
1753617315568,11:55:15.568,phemex,1INCH/USDT:USDT,0.2866,8011.0,0.2864,32883.0,0.2868,3735.0,0.2869,5165.0
1753617316877,11:55:16.877,phemex,1INCH/USDT:USDT,0.2866,8011.0,0.2864,32883.0,0.2868,5735.0,0.2869,5165.0
1753617317867,11:55:17.867,phemex,1INCH/USDT:USDT,0.2866,8011.0,0.2864,32883.0,0.2868,5735.0,0.2869,5165.0
1753617318808,11:55:18.808,phemex,1INCH/USDT:USDT,0.2866,8011.0,0.2864,32883.0,0.2868,5735.0,0.2869,5165.0
1753617318828,11:55:18.828,phemex,1INCH/USDT:USDT,0.2866,8011.0,0.2864,32883.0,0.2868,5735.0,0.2869,5165.0
1753617319971,11:55:19.971,phemex,1INCH/USDT:USDT,0.2866,6268.0,0.2864,19998.0,0.2868,5735.0,0.2869,5165.0
1753617319973,11:55:19.973,phemex,1INCH/USDT:USDT,0.2866,6268.0,0.2864,1859.0,0.2868,5735.0,0.2869,5165.0
1753617320835,11:55:20.835,phemex,1INCH/USDT:USDT,0.2866,6268.0,0.2864,1859.0,0.2867,2000.0,0.2868,5735.0
1753617321026,11:55:21.026,phemex,1INCH/USDT:USDT,0.2864,1859.0,0.2863,25713.0,0.2867,2000.0,0.2868,5735.0
1753617321143,11:55:21.143,phemex,1INCH/USDT:USDT,0.2864,1859.0,0.2863,31983.0,0.2867,2000.0,0.2868,5735.0
1753617321466,11:55:21.466,phemex,1INCH/USDT:USDT,0.2864,1559.0,0.2863,31983.0,0.2867,2000.0,0.2868,5735.0
1753617321822,11:55:21.822,phemex,1INCH/USDT:USDT,0.2864,3559.0,0.2863,31983.0,0.2867,2000.0,0.2868,5735.0
1753617322324,11:55:22.324,phemex,1INCH/USDT:USDT,0.2864,5708.0,0.2863,6270.0,0.2866,5149.0,0.2867,5951.0
1753617322331,11:55:22.331,phemex,1INCH/USDT:USDT,0.2864,5708.0,0.2863,6270.0,0.2866,5149.0,0.2867,5951.0
1753617322334,11:55:22.334,phemex,1INCH/USDT:USDT,0.2864,5708.0,0.2863,6270.0,0.2866,5149.0,0.2867,5951.0
1753617323599,11:55:23.599,phemex,1INCH/USDT:USDT,0.2864,5708.0,0.2863,6270.0,0.2866,5149.0,0.2867,5951.0
1753617323716,11:55:23.716,phemex,1INCH/USDT:USDT,0.2864,5708.0,0.2863,6270.0,0.2866,5149.0,0.2867,5951.0
1753617324353,11:55:24.353,phemex,1INCH/USDT:USDT,0.2864,5708.0,0.2863,6270.0,0.2867,5951.0,0.2869,19853.0
1753617328406,11:55:28.406,phemex,1INCH/USDT:USDT,0.2864,5708.0,0.2863,6270.0,0.2867,5951.0,0.2869,19853.0
1753617328406,11:55:28.406,phemex,1INCH/USDT:USDT,0.2864,5708.0,0.2863,6270.0,0.2867,5951.0,0.2869,19853.0
1753617329633,11:55:29.633,phemex,1INCH/USDT:USDT,0.2864,5708.0,0.2863,6270.0,0.2867,7857.0,0.2869,19853.0
1753617329634,11:55:29.634,phemex,1INCH/USDT:USDT,0.2864,5708.0,0.2863,6270.0,0.2867,10109.0,0.2868,9754.0
1753617330847,11:55:30.847,phemex,1INCH/USDT:USDT,0.2864,3708.0,0.2863,6270.0,0.2867,10109.0,0.2868,9754.0
1753617333528,11:55:33.528,phemex,1INCH/USDT:USDT,0.2864,3708.0,0.2863,6270.0,0.2867,10109.0,0.2868,9754.0
1753617333534,11:55:33.534,phemex,1INCH/USDT:USDT,0.2864,3708.0,0.2863,6270.0,0.2867,10109.0,0.2868,9754.0
1753617333681,11:55:33.681,phemex,1INCH/USDT:USDT,0.2864,3531.0,0.2863,6270.0,0.2867,10109.0,0.2868,9754.0
1753617338207,11:55:38.207,phemex,1INCH/USDT:USDT,0.2864,3531.0,0.2863,6270.0,0.2867,10109.0,0.2868,9754.0
1753617339828,11:55:39.828,phemex,1INCH/USDT:USDT,0.2864,3531.0,0.2863,6270.0,0.2867,10109.0,0.2868,16027.0
1753617343013,11:55:43.013,phemex,1INCH/USDT:USDT,0.2864,3531.0,0.2863,6270.0,0.2867,10109.0,0.2868,16027.0
1753617346136,11:55:46.136,phemex,1INCH/USDT:USDT,0.2864,3451.0,0.2863,6270.0,0.2867,10109.0,0.2868,16027.0
1753617347535,11:55:47.535,phemex,1INCH/USDT:USDT,0.2864,5451.0,0.2863,6270.0,0.2867,10109.0,0.2868,16027.0
1753617347787,11:55:47.787,phemex,1INCH/USDT:USDT,0.2865,3538.0,0.2864,8333.0,0.2867,1651.0,0.2868,6273.0
1753617348022,11:55:48.022,phemex,1INCH/USDT:USDT,0.2865,3538.0,0.2864,8333.0,0.2867,1651.0,0.2868,6273.0
1753617348192,11:55:48.192,phemex,1INCH/USDT:USDT,0.2865,3538.0,0.2864,8333.0,0.2867,1651.0,0.2868,6273.0
1753617350583,11:55:50.583,phemex,1INCH/USDT:USDT,0.2865,2000.0,0.2864,4424.0,0.2867,1651.0,0.2868,6273.0
1753617351489,11:55:51.489,phemex,1INCH/USDT:USDT,0.2865,2000.0,0.2864,4424.0,0.2867,3651.0,0.2868,6273.0
1753617352607,11:55:52.607,phemex,1INCH/USDT:USDT,0.2865,2000.0,0.2864,4424.0,0.2867,3651.0,0.2868,6273.0
1753617352959,11:55:52.959,phemex,1INCH/USDT:USDT,0.2865,2000.0,0.2864,4424.0,0.2866,2409.0,0.2867,8699.0
1753617356235,11:55:56.235,phemex,1INCH/USDT:USDT,0.2865,4530.0,0.2864,8754.0,0.2866,2409.0,0.2867,8699.0
1753617356672,11:55:56.672,phemex,1INCH/USDT:USDT,0.2865,2530.0,0.2864,6754.0,0.2866,2409.0,0.2867,8699.0
1753617360162,11:56:00.162,phemex,1INCH/USDT:USDT,0.2865,1920.0,0.2864,6754.0,0.2866,2409.0,0.2867,8699.0
1753617362718,11:56:02.718,phemex,1INCH/USDT:USDT,0.2865,1920.0,0.2864,6754.0,0.2866,2409.0,0.2867,8699.0
1753617362726,11:56:02.726,phemex,1INCH/USDT:USDT,0.2865,1920.0,0.2864,6754.0,0.2866,2409.0,0.2867,8699.0
1753617363388,11:56:03.388,phemex,1INCH/USDT:USDT,0.2865,1920.0,0.2864,6754.0,0.2866,2409.0,0.2867,6699.0
1753617365116,11:56:05.116,phemex,1INCH/USDT:USDT,0.2865,1920.0,0.2864,6754.0,0.2866,2175.0,0.2867,6699.0
1753617367616,11:56:07.616,phemex,1INCH/USDT:USDT,0.2865,1920.0,0.2864,6754.0,0.2866,2150.0,0.2867,6699.0
1753617367794,11:56:07.794,phemex,1INCH/USDT:USDT,0.2865,1920.0,0.2864,6754.0,0.2866,2150.0,0.2867,6699.0
1753617369863,11:56:09.863,phemex,1INCH/USDT:USDT,0.2865,1920.0,0.2864,4733.0,0.2868,8675.0,0.2869,9973.0
1753617369907,11:56:09.907,phemex,1INCH/USDT:USDT,0.2865,3846.0,0.2864,15262.0,0.2868,2402.0,0.287,19111.0
1753617369914,11:56:09.914,phemex,1INCH/USDT:USDT,0.2865,3846.0,0.2864,15262.0,0.2868,2402.0,0.287,19111.0
1753617370276,11:56:10.276,phemex,1INCH/USDT:USDT,0.2865,5846.0,0.2864,15262.0,0.2868,2402.0,0.287,19111.0
1753617371264,11:56:11.264,phemex,1INCH/USDT:USDT,0.2865,5846.0,0.2864,15262.0,0.2868,2402.0,0.2869,2000.0
1753617372206,11:56:12.206,phemex,1INCH/USDT:USDT,0.2865,5846.0,0.2864,15262.0,0.2868,2402.0,0.2869,2000.0
1753617376236,11:56:16.236,phemex,1INCH/USDT:USDT,0.2866,3309.0,0.2865,5846.0,0.2868,4932.0,0.2869,2000.0
1753617377008,11:56:17.008,phemex,1INCH/USDT:USDT,0.2866,3309.0,0.2865,5846.0,0.2868,4932.0,0.2869,2000.0
1753617378611,11:56:18.611,phemex,1INCH/USDT:USDT,0.2866,3309.0,0.2865,5846.0,0.2868,4912.0,0.2869,2000.0
1753617385994,11:56:25.994,phemex,1INCH/USDT:USDT,0.2866,3309.0,0.2865,5846.0,0.2868,4912.0,0.2869,2000.0
1753617386322,11:56:26.322,phemex,1INCH/USDT:USDT,0.2863,28675.0,0.2862,16254.0,0.2867,2214.0,0.2868,3626.0
1753617387086,11:56:27.086,phemex,1INCH/USDT:USDT,0.2864,2000.0,0.2863,28675.0,0.2867,2214.0,0.2868,3626.0
1753617387086,11:56:27.086,phemex,1INCH/USDT:USDT,0.2864,2000.0,0.2863,28675.0,0.2867,2214.0,0.2868,3626.0
1753617390618,11:56:30.618,phemex,1INCH/USDT:USDT,0.2864,2000.0,0.2863,10130.0,0.2867,2214.0,0.2868,3626.0
1753617390661,11:56:30.661,phemex,1INCH/USDT:USDT,0.2864,2000.0,0.2863,10130.0,0.2867,2214.0,0.2868,3626.0
1753617391044,11:56:31.044,phemex,1INCH/USDT:USDT,0.2864,2000.0,0.2863,10130.0,0.2866,2000.0,0.2867,4214.0
1753617391091,11:56:31.091,phemex,1INCH/USDT:USDT,0.2864,2000.0,0.2863,10130.0,0.2866,2000.0,0.2867,4214.0
1753617391344,11:56:31.344,phemex,1INCH/USDT:USDT,0.2864,2000.0,0.2863,10130.0,0.2865,6203.0,0.2866,2000.0
1753617391364,11:56:31.364,phemex,1INCH/USDT:USDT,0.2864,2000.0,0.2863,10130.0,0.2865,6203.0,0.2866,2000.0
1753617393697,11:56:33.697,phemex,1INCH/USDT:USDT,0.2863,10130.0,0.2862,16254.0,0.2865,6203.0,0.2866,2000.0
1753617393763,11:56:33.763,phemex,1INCH/USDT:USDT,0.2863,10130.0,0.2861,20859.0,0.2865,6203.0,0.2866,2000.0
1753617395052,11:56:35.052,phemex,1INCH/USDT:USDT,0.2863,10130.0,0.2861,20859.0,0.2865,6003.0,0.2866,2000.0
1753617395214,11:56:35.214,phemex,1INCH/USDT:USDT,0.2863,10130.0,0.2861,20859.0,0.2865,6003.0,0.2866,2000.0
1753617396431,11:56:36.431,phemex,1INCH/USDT:USDT,0.2863,10130.0,0.2861,20859.0,0.2864,2030.0,0.2865,1867.0
1753617400001,11:56:40.001,phemex,1INCH/USDT:USDT,0.2863,10130.0,0.2861,20859.0,0.2864,2030.0,0.2865,1867.0
1753617400009,11:56:40.009,phemex,1INCH/USDT:USDT,0.2863,10130.0,0.2861,20859.0,0.2864,2030.0,0.2865,1867.0
1753617401181,11:56:41.181,phemex,1INCH/USDT:USDT,0.2863,10130.0,0.2861,20859.0,0.2864,2022.0,0.2865,1867.0
1753617404810,11:56:44.810,phemex,1INCH/USDT:USDT,0.2863,10130.0,0.2861,20859.0,0.2864,2022.0,0.2865,1867.0
1753617414234,11:56:54.234,phemex,1INCH/USDT:USDT,0.2863,10130.0,0.2861,20859.0,0.2864,2022.0,0.2865,1867.0
1753617414316,11:56:54.316,phemex,1INCH/USDT:USDT,0.2863,10130.0,0.2861,20859.0,0.2864,2022.0,0.2865,1867.0
1753617414321,11:56:54.321,phemex,1INCH/USDT:USDT,0.2863,10130.0,0.2861,20859.0,0.2864,2022.0,0.2865,1867.0
1753617422372,11:57:02.372,phemex,1INCH/USDT:USDT,0.2863,10130.0,0.2861,20859.0,0.2864,2022.0,0.2865,1867.0
1753617422413,11:57:02.413,phemex,1INCH/USDT:USDT,0.2863,10130.0,0.2861,20859.0,0.2864,2022.0,0.2865,1867.0
1753617428143,11:57:08.143,phemex,1INCH/USDT:USDT,0.2863,10130.0,0.2861,20859.0,0.2864,2022.0,0.2865,1867.0
1753617428452,11:57:08.452,phemex,1INCH/USDT:USDT,0.2863,10130.0,0.2861,20859.0,0.2864,2022.0,0.2865,1867.0
1753617432120,11:57:12.120,phemex,1INCH/USDT:USDT,0.2863,10130.0,0.2861,20859.0,0.2864,2013.0,0.2865,1867.0
1753617432610,11:57:12.610,phemex,1INCH/USDT:USDT,0.2863,10130.0,0.2861,20859.0,0.2864,2013.0,0.2865,1867.0
1753617436025,11:57:16.025,phemex,1INCH/USDT:USDT,0.2863,6270.0,0.286,23563.0,0.2864,2013.0,0.2865,1867.0
1753617436329,11:57:16.329,phemex,1INCH/USDT:USDT,0.286,23563.0,0.2859,9387.0,0.2864,2013.0,0.2865,1867.0
1753617436446,11:57:16.446,phemex,1INCH/USDT:USDT,0.2861,6272.0,0.286,23563.0,0.2864,2013.0,0.2865,4369.0
1753617436529,11:57:16.529,phemex,1INCH/USDT:USDT,0.2861,6272.0,0.286,23563.0,0.2864,4013.0,0.2865,4369.0
1753617437401,11:57:17.401,phemex,1INCH/USDT:USDT,0.2861,6272.0,0.286,23563.0,0.2864,4013.0,0.2865,4369.0
1753617437409,11:57:17.409,phemex,1INCH/USDT:USDT,0.2861,6272.0,0.286,23563.0,0.2864,4013.0,0.2865,4369.0
1753617437517,11:57:17.517,phemex,1INCH/USDT:USDT,0.2861,8272.0,0.286,23563.0,0.2864,4013.0,0.2865,4369.0
1753617438506,11:57:18.506,phemex,1INCH/USDT:USDT,0.2862,2000.0,0.2861,8272.0,0.2864,4013.0,0.2865,4369.0
1753617439004,11:57:19.004,phemex,1INCH/USDT:USDT,0.2862,2000.0,0.2861,8272.0,0.2864,2013.0,0.2865,4369.0
1753617441144,11:57:21.144,phemex,1INCH/USDT:USDT,0.2863,6080.0,0.2862,4253.0,0.2864,2013.0,0.2865,4369.0
1753617441152,11:57:21.152,phemex,1INCH/USDT:USDT,0.2863,6080.0,0.2862,4253.0,0.2864,2013.0,0.2865,4369.0
1753617442033,11:57:22.033,phemex,1INCH/USDT:USDT,0.2863,6080.0,0.2862,4253.0,0.2865,2248.0,0.2866,3693.0
1753617442276,11:57:22.276,phemex,1INCH/USDT:USDT,0.2863,6080.0,0.2862,4253.0,0.2865,2248.0,0.2866,3693.0
1753617442462,11:57:22.462,phemex,1INCH/USDT:USDT,0.2863,8080.0,0.2862,4253.0,0.2865,2248.0,0.2866,1693.0
1753617442540,11:57:22.540,phemex,1INCH/USDT:USDT,0.2863,8080.0,0.2862,4253.0,0.2865,2248.0,0.2866,1693.0
1753617445548,11:57:25.548,phemex,1INCH/USDT:USDT,0.2863,7990.0,0.2862,4253.0,0.2865,2248.0,0.2866,1693.0
1753617445812,11:57:25.812,phemex,1INCH/USDT:USDT,0.2863,5990.0,0.2862,4253.0,0.2865,2248.0,0.2866,1693.0
1753617446382,11:57:26.382,phemex,1INCH/USDT:USDT,0.2864,3061.0,0.2863,2413.0,0.2865,2248.0,0.2866,1693.0
1753617447015,11:57:27.015,phemex,1INCH/USDT:USDT,0.2864,3061.0,0.2863,2413.0,0.2865,2248.0,0.2866,1693.0
1753617447015,11:57:27.015,phemex,1INCH/USDT:USDT,0.2864,3061.0,0.2863,2413.0,0.2865,2248.0,0.2866,1693.0
1753617450861,11:57:30.861,phemex,1INCH/USDT:USDT,0.2864,3061.0,0.2863,2413.0,0.2865,2248.0,0.2866,1693.0
1753617450887,11:57:30.887,phemex,1INCH/USDT:USDT,0.2864,3061.0,0.2863,2413.0,0.2865,2248.0,0.2866,1693.0
1753617450999,11:57:30.999,phemex,1INCH/USDT:USDT,0.2864,3061.0,0.2863,2413.0,0.2865,2248.0,0.2866,1693.0
1753617451000,11:57:31.000,phemex,1INCH/USDT:USDT,0.2864,3061.0,0.2863,2413.0,0.2865,2248.0,0.2866,1693.0
1753617452987,11:57:32.987,phemex,1INCH/USDT:USDT,0.2864,3061.0,0.2863,2413.0,0.2865,2238.0,0.2866,1693.0
1753617453407,11:57:33.407,phemex,1INCH/USDT:USDT,0.2864,3061.0,0.2863,2413.0,0.2865,2238.0,0.2866,1693.0
1753617453413,11:57:33.413,phemex,1INCH/USDT:USDT,0.2864,3061.0,0.2863,2413.0,0.2865,2238.0,0.2866,1693.0
1753617456713,11:57:36.713,phemex,1INCH/USDT:USDT,0.2862,8278.0,0.2861,24637.0,0.2865,2238.0,0.2866,1693.0
1753617456722,11:57:36.722,phemex,1INCH/USDT:USDT,0.2862,8278.0,0.2861,24637.0,0.2865,3877.0,0.2866,1693.0
1753617458208,11:57:38.208,phemex,1INCH/USDT:USDT,0.2862,8278.0,0.2861,24637.0,0.2865,3877.0,0.2866,1693.0
1753617458283,11:57:38.283,phemex,1INCH/USDT:USDT,0.2862,8278.0,0.2861,24637.0,0.2865,5877.0,0.2866,1693.0
1753617458465,11:57:38.465,phemex,1INCH/USDT:USDT,0.2862,8278.0,0.2861,24637.0,0.2865,5877.0,0.2866,1693.0
1753617461988,11:57:41.988,phemex,1INCH/USDT:USDT,0.2863,1993.0,0.2862,10130.0,0.2865,7667.0,0.2866,1693.0
1753617462004,11:57:42.004,phemex,1INCH/USDT:USDT,0.2863,3993.0,0.2862,10130.0,0.2865,5667.0,0.2866,1693.0
1753617462124,11:57:42.124,phemex,1INCH/USDT:USDT,0.2864,3931.0,0.2863,3993.0,0.2866,1693.0,0.2868,24716.0
1753617462597,11:57:42.597,phemex,1INCH/USDT:USDT,0.2864,3906.0,0.2863,3993.0,0.2866,1693.0,0.2868,24716.0
1753617462609,11:57:42.609,phemex,1INCH/USDT:USDT,0.2864,3906.0,0.2863,3993.0,0.2866,1693.0,0.2867,2000.0
1753617463009,11:57:43.009,phemex,1INCH/USDT:USDT,0.2864,3906.0,0.2863,3993.0,0.2866,1693.0,0.2867,2000.0
1753617463195,11:57:43.195,phemex,1INCH/USDT:USDT,0.2864,3906.0,0.2863,3993.0,0.2866,1693.0,0.2867,2000.0
1753617464169,11:57:44.169,phemex,1INCH/USDT:USDT,0.2863,5575.0,0.2862,12382.0,0.2866,1693.0,0.2867,2000.0
1753617464217,11:57:44.217,phemex,1INCH/USDT:USDT,0.2863,5575.0,0.2862,12382.0,0.2866,3693.0,0.2867,2000.0
1753617466194,11:57:46.194,phemex,1INCH/USDT:USDT,0.2863,5575.0,0.2862,12382.0,0.2866,1693.0,0.2867,2000.0
1753617466991,11:57:46.991,phemex,1INCH/USDT:USDT,0.2864,1742.0,0.2863,5575.0,0.2866,1693.0,0.2867,2000.0
1753617466992,11:57:46.992,phemex,1INCH/USDT:USDT,0.2864,1742.0,0.2863,5575.0,0.2866,1693.0,0.2867,2000.0
1753617467183,11:57:47.183,phemex,1INCH/USDT:USDT,0.2864,1742.0,0.2863,5575.0,0.2866,3693.0,0.2867,2000.0
1753617467283,11:57:47.283,phemex,1INCH/USDT:USDT,0.2864,1742.0,0.2863,5575.0,0.2865,1697.0,0.2866,3693.0
1753617469408,11:57:49.408,phemex,1INCH/USDT:USDT,0.2864,1742.0,0.2863,8183.0,0.2865,1697.0,0.2866,3693.0
1753617471907,11:57:51.907,phemex,1INCH/USDT:USDT,0.2864,1742.0,0.2863,8183.0,0.2865,1697.0,0.2866,3693.0
1753617475827,11:57:55.827,phemex,1INCH/USDT:USDT,0.2864,1742.0,0.2863,8183.0,0.2865,1697.0,0.2866,3693.0
1753617476036,11:57:56.036,phemex,1INCH/USDT:USDT,0.2864,1742.0,0.2863,8183.0,0.2865,1697.0,0.2866,3693.0
1753617480635,11:58:00.635,phemex,1INCH/USDT:USDT,0.2864,1742.0,0.2863,8183.0,0.2865,1697.0,0.2866,3693.0
1753617490075,11:58:10.075,phemex,1INCH/USDT:USDT,0.2864,1735.0,0.2863,8183.0,0.2865,1697.0,0.2866,3693.0
1753617495302,11:58:15.302,phemex,1INCH/USDT:USDT,0.2864,1735.0,0.2863,8183.0,0.2865,1697.0,0.2866,3693.0
1753617495980,11:58:15.980,phemex,1INCH/USDT:USDT,0.2864,1735.0,0.2863,8183.0,0.2865,1697.0,0.2866,3693.0
1753617498834,11:58:18.834,phemex,1INCH/USDT:USDT,0.2864,1735.0,0.2863,8183.0,0.2865,1697.0,0.2866,3693.0
1753617502806,11:58:22.806,phemex,1INCH/USDT:USDT,0.2863,2000.0,0.2862,8278.0,0.2865,1697.0,0.2866,3693.0
1753617502827,11:58:22.827,phemex,1INCH/USDT:USDT,0.2862,8278.0,0.2861,20444.0,0.2865,1697.0,0.2866,3693.0
1753617502841,11:58:22.841,phemex,1INCH/USDT:USDT,0.2862,8278.0,0.2861,20444.0,0.2865,3368.0,0.2866,3693.0
1753617503636,11:58:23.636,phemex,1INCH/USDT:USDT,0.2862,8278.0,0.2861,20444.0,0.2865,3368.0,0.2866,3693.0
1753617503771,11:58:23.771,phemex,1INCH/USDT:USDT,0.2862,8278.0,0.2861,20444.0,0.2865,5368.0,0.2866,3693.0
1753617503970,11:58:23.970,phemex,1INCH/USDT:USDT,0.2862,8278.0,0.2861,20444.0,0.2865,5359.0,0.2866,3693.0
1753617503970,11:58:23.970,phemex,1INCH/USDT:USDT,0.2862,8278.0,0.2861,20444.0,0.2865,5359.0,0.2866,3693.0
1753617509862,11:58:29.862,phemex,1INCH/USDT:USDT,0.2862,8278.0,0.2861,20444.0,0.2865,7326.0,0.2866,3693.0
1753617509863,11:58:29.863,phemex,1INCH/USDT:USDT,0.2862,11760.0,0.2861,20444.0,0.2865,7326.0,0.2866,3693.0
1753617511737,11:58:31.737,phemex,1INCH/USDT:USDT,0.2862,11760.0,0.2861,20444.0,0.2865,7326.0,0.2866,3693.0
1753617511815,11:58:31.815,phemex,1INCH/USDT:USDT,0.2862,11760.0,0.2861,20444.0,0.2865,5326.0,0.2866,3693.0
1753617512509,11:58:32.509,phemex,1INCH/USDT:USDT,0.2862,14954.0,0.2861,20444.0,0.2866,1693.0,0.2867,2000.0
1753617513659,11:58:33.659,phemex,1INCH/USDT:USDT,0.2862,14954.0,0.2861,20444.0,0.2866,3693.0,0.2867,2000.0
1753617515150,11:58:35.150,phemex,1INCH/USDT:USDT,0.2862,14954.0,0.2861,20444.0,0.2866,1693.0,0.2867,2000.0
1753617515508,11:58:35.508,phemex,1INCH/USDT:USDT,0.2862,13536.0,0.2861,20444.0,0.2866,1693.0,0.2867,2000.0
1753617515637,11:58:35.637,phemex,1INCH/USDT:USDT,0.2862,13536.0,0.2861,20444.0,0.2866,3693.0,0.2867,2000.0
1753617517614,11:58:37.614,phemex,1INCH/USDT:USDT,0.2862,13536.0,0.2861,20444.0,0.2866,1693.0,0.2867,2000.0
1753617518312,11:58:38.312,phemex,1INCH/USDT:USDT,0.2862,13536.0,0.2861,20444.0,0.2866,1683.0,0.2867,2000.0
1753617518333,11:58:38.333,phemex,1INCH/USDT:USDT,0.2863,1541.0,0.2862,10342.0,0.2865,1425.0,0.2866,4828.0
1753617518355,11:58:38.355,phemex,1INCH/USDT:USDT,0.2863,3541.0,0.2862,10342.0,0.2865,1425.0,0.2866,4828.0
1753617518633,11:58:38.633,phemex,1INCH/USDT:USDT,0.2863,3541.0,0.2862,10342.0,0.2865,1425.0,0.2866,4828.0
1753617518655,11:58:38.655,phemex,1INCH/USDT:USDT,0.2863,3541.0,0.2862,10342.0,0.2865,1425.0,0.2866,4828.0
1753617523095,11:58:43.095,phemex,1INCH/USDT:USDT,0.2863,3541.0,0.2862,10342.0,0.2865,1425.0,0.2866,4828.0
1753617523102,11:58:43.102,phemex,1INCH/USDT:USDT,0.2863,3541.0,0.2862,10342.0,0.2865,1425.0,0.2866,4828.0
1753617529118,11:58:49.118,phemex,1INCH/USDT:USDT,0.2863,3541.0,0.2862,10342.0,0.2865,1425.0,0.2866,4828.0
1753617534085,11:58:54.085,phemex,1INCH/USDT:USDT,0.2864,2214.0,0.2863,3541.0,0.2866,1609.0,0.2867,2000.0
1753617534085,11:58:54.085,phemex,1INCH/USDT:USDT,0.2864,2214.0,0.2863,7399.0,0.2865,1413.0,0.2866,1609.0
1753617535439,11:58:55.439,phemex,1INCH/USDT:USDT,0.2864,2214.0,0.2863,7399.0,0.2865,1413.0,0.2866,1609.0
1753617537089,11:58:57.089,phemex,1INCH/USDT:USDT,0.2864,2214.0,0.2863,7399.0,0.2866,1609.0,0.2867,4126.0
1753617537391,11:58:57.391,phemex,1INCH/USDT:USDT,0.2864,4214.0,0.2863,7399.0,0.2866,1609.0,0.2867,4126.0
1753617538381,11:58:58.381,phemex,1INCH/USDT:USDT,0.2864,4214.0,0.2863,7399.0,0.2866,1609.0,0.2867,4126.0
1753617539086,11:58:59.086,phemex,1INCH/USDT:USDT,0.2865,1517.0,0.2864,7845.0,0.2866,1609.0,0.2867,4126.0
1753617539642,11:58:59.642,phemex,1INCH/USDT:USDT,0.2865,1517.0,0.2864,7845.0,0.2866,1609.0,0.2867,4126.0
1753617542493,11:59:02.493,phemex,1INCH/USDT:USDT,0.2865,1517.0,0.2864,7845.0,0.2867,3428.0,0.2868,1733.0
1753617543325,11:59:03.325,phemex,1INCH/USDT:USDT,0.2865,3517.0,0.2864,7845.0,0.2867,3428.0,0.2868,1733.0
1753617543423,11:59:03.423,phemex,1INCH/USDT:USDT,0.2865,3470.0,0.2864,7845.0,0.2867,3428.0,0.2868,1733.0
1753617544169,11:59:04.169,phemex,1INCH/USDT:USDT,0.2866,1809.0,0.2865,7251.0,0.2867,3428.0,0.2868,1733.0
1753617544223,11:59:04.223,phemex,1INCH/USDT:USDT,0.2866,1809.0,0.2865,7251.0,0.2867,3428.0,0.2868,1733.0
1753617544438,11:59:04.438,phemex,1INCH/USDT:USDT,0.2866,1809.0,0.2865,7251.0,0.2867,3428.0,0.2868,1733.0
1753617544445,11:59:04.445,phemex,1INCH/USDT:USDT,0.2866,1809.0,0.2865,7251.0,0.2867,3428.0,0.2868,1733.0
1753617546384,11:59:06.384,phemex,1INCH/USDT:USDT,0.2866,1799.0,0.2865,7251.0,0.2867,3428.0,0.2868,1733.0
1753617549245,11:59:09.245,phemex,1INCH/USDT:USDT,0.2866,1799.0,0.2865,7251.0,0.2867,3428.0,0.2868,1733.0
1753617549376,11:59:09.376,phemex,1INCH/USDT:USDT,0.2866,1799.0,0.2865,7251.0,0.2867,1428.0,0.2868,1733.0
1753617549648,11:59:09.648,phemex,1INCH/USDT:USDT,0.2866,1799.0,0.2865,7251.0,0.2867,1428.0,0.2868,1733.0
1753617550058,11:59:10.058,phemex,1INCH/USDT:USDT,0.2866,1799.0,0.2865,13510.0,0.2867,1428.0,0.2868,1733.0
1753617550248,11:59:10.248,phemex,1INCH/USDT:USDT,0.2866,1799.0,0.2865,13510.0,0.2867,1428.0,0.2868,1733.0
1753617551236,11:59:11.236,phemex,1INCH/USDT:USDT,0.2866,3799.0,0.2865,13510.0,0.2867,1428.0,0.2868,1733.0
1753617553360,11:59:13.360,phemex,1INCH/USDT:USDT,0.2866,3799.0,0.2865,12040.0,0.2868,1733.0,0.2869,6278.0
1753617553380,11:59:13.380,phemex,1INCH/USDT:USDT,0.2867,2194.0,0.2866,3799.0,0.2868,1733.0,0.2869,6278.0
1753617553503,11:59:13.503,phemex,1INCH/USDT:USDT,0.2867,2194.0,0.2866,3799.0,0.2868,1733.0,0.2871,18891.0
1753617554043,11:59:14.043,phemex,1INCH/USDT:USDT,0.2867,2194.0,0.2866,3799.0,0.2868,1733.0,0.2871,18891.0
1753617554202,11:59:14.202,phemex,1INCH/USDT:USDT,0.2867,2194.0,0.2866,3799.0,0.2868,1733.0,0.287,2000.0
1753617555028,11:59:15.028,phemex,1INCH/USDT:USDT,0.2867,2194.0,0.2866,3799.0,0.2868,1707.0,0.287,2000.0
1753617558104,11:59:18.104,phemex,1INCH/USDT:USDT,0.2867,2194.0,0.2866,3799.0,0.2869,3460.0,0.287,2000.0
1753617558149,11:59:18.149,phemex,1INCH/USDT:USDT,0.2867,2194.0,0.2866,3799.0,0.2869,3460.0,0.2872,12223.0
1753617558159,11:59:18.159,phemex,1INCH/USDT:USDT,0.2867,4194.0,0.2866,3799.0,0.2869,3460.0,0.2872,12223.0
1753617558426,11:59:18.426,phemex,1INCH/USDT:USDT,0.2867,10440.0,0.2866,10588.0,0.2869,3460.0,0.2872,12223.0
1753617558825,11:59:18.825,phemex,1INCH/USDT:USDT,0.2867,10440.0,0.2866,8588.0,0.2869,3460.0,0.2871,2000.0
1753617558846,11:59:18.846,phemex,1INCH/USDT:USDT,0.2867,10440.0,0.2866,8588.0,0.2869,3460.0,0.2871,2000.0
1753617564659,11:59:24.659,phemex,1INCH/USDT:USDT,0.2867,10440.0,0.2866,8588.0,0.2869,3460.0,0.2871,2000.0
1753617564667,11:59:24.667,phemex,1INCH/USDT:USDT,0.2867,16694.0,0.2866,8588.0,0.2869,3460.0,0.2871,2000.0
1753617567398,11:59:27.398,phemex,1INCH/USDT:USDT,0.2867,16644.0,0.2866,8588.0,0.2869,3460.0,0.2871,2000.0
1753617567398,11:59:27.398,phemex,1INCH/USDT:USDT,0.2867,16644.0,0.2866,8588.0,0.2869,3460.0,0.2871,2000.0
1753617573508,11:59:33.508,phemex,1INCH/USDT:USDT,0.2867,16644.0,0.2866,8588.0,0.2869,3460.0,0.2871,2000.0
1753617573517,11:59:33.517,phemex,1INCH/USDT:USDT,0.2867,16644.0,0.2866,8588.0,0.2869,3460.0,0.2871,2000.0
1753617575159,11:59:35.159,phemex,1INCH/USDT:USDT,0.2867,3919.0,0.2865,12866.0,0.2869,3460.0,0.287,3740.0
1753617575181,11:59:35.181,phemex,1INCH/USDT:USDT,0.2867,1919.0,0.2865,12866.0,0.2869,3460.0,0.287,3740.0
1753617575259,11:59:35.259,phemex,1INCH/USDT:USDT,0.2867,1919.0,0.2866,6251.0,0.2869,3460.0,0.287,3740.0
1753617577053,11:59:37.053,phemex,1INCH/USDT:USDT,0.2867,1919.0,0.2866,6251.0,0.2869,3460.0,0.287,3740.0
1753617577934,11:59:37.934,phemex,1INCH/USDT:USDT,0.2867,1919.0,0.2866,6251.0,0.2869,5460.0,0.287,3740.0
1753617578036,11:59:38.036,phemex,1INCH/USDT:USDT,0.2867,1919.0,0.2865,12866.0,0.2869,5460.0,0.287,3740.0
1753617578164,11:59:38.164,phemex,1INCH/USDT:USDT,0.2867,1919.0,0.2865,11179.0,0.2869,5460.0,0.287,3740.0
1753617578166,11:59:38.166,phemex,1INCH/USDT:USDT,0.2866,4228.0,0.2865,1800.0,0.2869,5460.0,0.287,3740.0
1753617580849,11:59:40.849,phemex,1INCH/USDT:USDT,0.2866,4228.0,0.2865,1800.0,0.2867,2301.0,0.2868,2461.0
1753617580874,11:59:40.874,phemex,1INCH/USDT:USDT,0.2866,4228.0,0.2865,1800.0,0.2867,2301.0,0.2868,2461.0
1753617581848,11:59:41.848,phemex,1INCH/USDT:USDT,0.2866,4228.0,0.2865,1800.0,0.2867,2301.0,0.2868,2461.0
1753617582258,11:59:42.258,phemex,1INCH/USDT:USDT,0.2866,4228.0,0.2865,1800.0,0.2867,2101.0,0.2868,2461.0
1753617585027,11:59:45.027,phemex,1INCH/USDT:USDT,0.2866,4183.0,0.2865,1800.0,0.2867,2101.0,0.2868,2461.0
1753617589806,11:59:49.806,phemex,1INCH/USDT:USDT,0.2866,6573.0,0.2865,1800.0,0.2867,2101.0,0.2869,5460.0
1753617589823,11:59:49.823,phemex,1INCH/USDT:USDT,0.2866,4395.0,0.2865,11044.0,0.2869,5460.0,0.2871,17038.0
1753617589961,11:59:49.961,phemex,1INCH/USDT:USDT,0.2866,4395.0,0.2865,11044.0,0.2869,5460.0,0.2872,33246.0
1753617590086,11:59:50.086,phemex,1INCH/USDT:USDT,0.2866,4395.0,0.2865,11044.0,0.2869,5460.0,0.2872,33246.0
1753617590116,11:59:50.116,phemex,1INCH/USDT:USDT,0.2866,4395.0,0.2865,11044.0,0.2869,5460.0,0.2872,33246.0
1753617590162,11:59:50.162,phemex,1INCH/USDT:USDT,0.2866,4395.0,0.2865,11044.0,0.2869,5460.0,0.2872,39497.0
1753617591779,11:59:51.779,phemex,1INCH/USDT:USDT,0.2866,6395.0,0.2865,11044.0,0.2869,5460.0,0.2872,39497.0
1753617594973,11:59:54.973,phemex,1INCH/USDT:USDT,0.2866,6395.0,0.2865,11044.0,0.2869,5460.0,0.2872,39497.0
1753617595143,11:59:55.143,phemex,1INCH/USDT:USDT,0.2867,2479.0,0.2866,8138.0,0.2868,1931.0,0.2869,5460.0
1753617595463,11:59:55.463,phemex,1INCH/USDT:USDT,0.2867,2479.0,0.2866,8138.0,0.2868,1931.0,0.2869,5460.0
1753617596550,11:59:56.550,phemex,1INCH/USDT:USDT,0.2867,2379.0,0.2866,8138.0,0.2868,1931.0,0.2869,5460.0
1753617597214,11:59:57.214,phemex,1INCH/USDT:USDT,0.2867,2379.0,0.2866,6138.0,0.2868,1931.0,0.2869,5460.0
1753617599437,11:59:59.437,phemex,1INCH/USDT:USDT,0.2864,21082.0,0.2863,21150.0,0.2868,1931.0,0.2869,5460.0
1753617599646,11:59:59.646,phemex,1INCH/USDT:USDT,0.2864,21002.0,0.2863,21150.0,0.2868,1931.0,0.2869,5460.0
1753617599689,11:59:59.689,phemex,1INCH/USDT:USDT,0.2865,2000.0,0.2864,21002.0,0.2868,3931.0,0.2869,5460.0
1753617602473,12:00:02.473,phemex,1INCH/USDT:USDT,0.2865,2000.0,0.2864,21002.0,0.2867,1595.0,0.2868,3931.0
1753617602801,12:00:02.801,phemex,1INCH/USDT:USDT,0.2865,2000.0,0.2864,16318.0,0.2867,1595.0,0.2868,3931.0
1753617602802,12:00:02.802,phemex,1INCH/USDT:USDT,0.2865,4117.0,0.2864,8656.0,0.2867,1595.0,0.2868,3931.0
1753617603768,12:00:03.768,phemex,1INCH/USDT:USDT,0.2865,4117.0,0.2864,8656.0,0.2867,1595.0,0.2868,1931.0
1753617605721,12:00:05.721,phemex,1INCH/USDT:USDT,0.2865,4815.0,0.2864,8656.0,0.2872,13469.0,0.2873,11027.0
1753617605805,12:00:05.805,phemex,1INCH/USDT:USDT,0.2865,4815.0,0.2864,8656.0,0.2872,13469.0,0.2873,17278.0
1753617605839,12:00:05.839,phemex,1INCH/USDT:USDT,0.2865,4815.0,0.2864,8656.0,0.2871,696.0,0.2872,12773.0
1753617605879,12:00:05.879,phemex,1INCH/USDT:USDT,0.2865,4815.0,0.2864,8656.0,0.2871,2696.0,0.2872,12773.0
1753617606617,12:00:06.617,phemex,1INCH/USDT:USDT,0.2865,4815.0,0.2864,8656.0,0.287,2000.0,0.2871,2696.0
1753617607809,12:00:07.809,phemex,1INCH/USDT:USDT,0.2867,5090.0,0.2866,2246.0,0.287,2000.0,0.2871,2696.0
1753617607809,12:00:07.809,phemex,1INCH/USDT:USDT,0.2867,5090.0,0.2866,2246.0,0.287,2000.0,0.2871,2696.0
1753617610239,12:00:10.239,phemex,1INCH/USDT:USDT,0.2867,5090.0,0.2866,2246.0,0.287,2000.0,0.2871,2696.0
1753617610464,12:00:10.464,phemex,1INCH/USDT:USDT,0.2867,3809.0,0.2866,2246.0,0.287,2000.0,0.2871,2696.0
1753617610787,12:00:10.787,phemex,1INCH/USDT:USDT,0.2867,3809.0,0.2866,2246.0,0.287,2000.0,0.2871,2696.0
1753617611437,12:00:11.437,phemex,1INCH/USDT:USDT,0.2867,3809.0,0.2866,2246.0,0.2868,4205.0,0.287,2000.0
1753617611437,12:00:11.437,phemex,1INCH/USDT:USDT,0.2867,3809.0,0.2866,2246.0,0.2868,7535.0,0.287,2000.0
1753617616509,12:00:16.509,phemex,1INCH/USDT:USDT,0.2867,3809.0,0.2866,2246.0,0.2868,7535.0,0.287,2000.0
1753617616546,12:00:16.546,phemex,1INCH/USDT:USDT,0.2867,3809.0,0.2866,2246.0,0.2868,7535.0,0.287,2000.0
1753617616560,12:00:16.560,phemex,1INCH/USDT:USDT,0.2866,3892.0,0.2865,21959.0,0.2868,7535.0,0.287,2000.0
1753617616560,12:00:16.560,phemex,1INCH/USDT:USDT,0.2866,3892.0,0.2865,2698.0,0.2868,7535.0,0.287,2000.0
1753617616618,12:00:16.618,phemex,1INCH/USDT:USDT,0.2866,3892.0,0.2865,2698.0,0.2868,3625.0,0.287,23295.0
1753617616665,12:00:16.665,phemex,1INCH/USDT:USDT,0.2866,3892.0,0.2865,2698.0,0.2868,3625.0,0.287,23295.0
1753617616706,12:00:16.706,phemex,1INCH/USDT:USDT,0.2866,3892.0,0.2865,2000.0,0.2868,3625.0,0.287,23295.0
1753617617491,12:00:17.491,phemex,1INCH/USDT:USDT,0.2866,3892.0,0.2865,2000.0,0.2868,3625.0,0.287,23295.0
1753617617659,12:00:17.659,phemex,1INCH/USDT:USDT,0.2866,3892.0,0.2865,2000.0,0.2868,3625.0,0.287,23295.0
1753617617668,12:00:17.668,phemex,1INCH/USDT:USDT,0.2866,3892.0,0.2865,2000.0,0.2868,3625.0,0.287,23295.0
1753617620456,12:00:20.456,phemex,1INCH/USDT:USDT,0.2866,3892.0,0.2865,2000.0,0.2868,5625.0,0.287,23295.0
1753617620730,12:00:20.730,phemex,1INCH/USDT:USDT,0.2865,4449.0,0.2864,7686.0,0.2868,5625.0,0.287,23295.0
1753617621445,12:00:21.445,phemex,1INCH/USDT:USDT,0.2865,4449.0,0.2864,7686.0,0.2867,2000.0,0.2868,5625.0
1753617621453,12:00:21.453,phemex,1INCH/USDT:USDT,0.2865,4449.0,0.2864,7686.0,0.2867,2000.0,0.2868,3625.0
1753617622354,12:00:22.354,phemex,1INCH/USDT:USDT,0.2865,4449.0,0.2864,7686.0,0.2867,2000.0,0.2868,7434.0
1753617622434,12:00:22.434,phemex,1INCH/USDT:USDT,0.2865,4449.0,0.2864,7686.0,0.2867,2000.0,0.2868,7434.0
1753617622459,12:00:22.459,phemex,1INCH/USDT:USDT,0.2865,4449.0,0.2864,7686.0,0.2867,2000.0,0.2868,7434.0
1753617622757,12:00:22.757,phemex,1INCH/USDT:USDT,0.2865,4449.0,0.2864,7686.0,0.2867,2000.0,0.2868,7434.0
1753617624667,12:00:24.667,phemex,1INCH/USDT:USDT,0.2865,4119.0,0.2864,7686.0,0.2867,2000.0,0.2868,7434.0
1753617627295,12:00:27.295,phemex,1INCH/USDT:USDT,0.2865,4119.0,0.2864,7686.0,0.2867,2000.0,0.2868,7434.0
1753617627344,12:00:27.344,phemex,1INCH/USDT:USDT,0.2865,4119.0,0.2864,7686.0,0.2867,2000.0,0.2868,7434.0
1753617627344,12:00:27.344,phemex,1INCH/USDT:USDT,0.2865,4119.0,0.2864,7686.0,0.2867,2000.0,0.2868,7434.0
1753617630243,12:00:30.243,phemex,1INCH/USDT:USDT,0.2865,3834.0,0.2864,7686.0,0.2867,2000.0,0.2868,7434.0
1753617632076,12:00:32.076,phemex,1INCH/USDT:USDT,0.2865,3834.0,0.2864,7686.0,0.2867,2000.0,0.2868,7434.0
1753617632082,12:00:32.082,phemex,1INCH/USDT:USDT,0.2865,3834.0,0.2864,7686.0,0.2867,2000.0,0.2868,7434.0
1753617633844,12:00:33.844,phemex,1INCH/USDT:USDT,0.2865,3789.0,0.2864,7686.0,0.2867,2000.0,0.2868,7434.0
1753617638619,12:00:38.619,phemex,1INCH/USDT:USDT,0.2865,3771.0,0.2864,7686.0,0.2867,2000.0,0.2868,7434.0
1753617640972,12:00:40.972,phemex,1INCH/USDT:USDT,0.2865,3742.0,0.2864,7686.0,0.2867,2000.0,0.2868,7434.0
1753617641815,12:00:41.815,phemex,1INCH/USDT:USDT,0.2864,7686.0,0.2862,19950.0,0.2867,3492.0,0.2868,1756.0
1753617641863,12:00:41.863,phemex,1INCH/USDT:USDT,0.2864,7686.0,0.2862,19950.0,0.2867,3492.0,0.2868,1756.0
1753617641871,12:00:41.871,phemex,1INCH/USDT:USDT,0.2864,7686.0,0.2862,19950.0,0.2867,3492.0,0.2868,1756.0
1753617641958,12:00:41.958,phemex,1INCH/USDT:USDT,0.2864,7686.0,0.2862,19950.0,0.2867,3492.0,0.2868,1756.0
1753617641967,12:00:41.967,phemex,1INCH/USDT:USDT,0.2864,7686.0,0.2862,19950.0,0.2867,3492.0,0.2868,1756.0
1753617642819,12:00:42.819,phemex,1INCH/USDT:USDT,0.2864,6275.0,0.2863,2091.0,0.2867,4189.0,0.2868,1756.0
1753617643397,12:00:43.397,phemex,1INCH/USDT:USDT,0.2863,2091.0,0.2862,2527.0,0.2867,4189.0,0.2868,1756.0
1753617643625,12:00:43.625,phemex,1INCH/USDT:USDT,0.2863,2091.0,0.2862,2527.0,0.2867,4189.0,0.2868,1756.0
1753617645687,12:00:45.687,phemex,1INCH/USDT:USDT,0.2863,2091.0,0.2862,2527.0,0.2867,4189.0,0.2868,1756.0
1753617645695,12:00:45.695,phemex,1INCH/USDT:USDT,0.2863,2091.0,0.2862,2527.0,0.2867,4189.0,0.2868,1756.0
1753617647310,12:00:47.310,phemex,1INCH/USDT:USDT,0.2863,2091.0,0.2862,2527.0,0.2864,2580.0,0.2865,4182.0
1753617650484,12:00:50.484,phemex,1INCH/USDT:USDT,0.2863,2091.0,0.2862,2527.0,0.2864,2580.0,0.2865,4182.0
1753617650491,12:00:50.491,phemex,1INCH/USDT:USDT,0.2863,2091.0,0.2862,2527.0,0.2864,2580.0,0.2865,4182.0
1753617650645,12:00:50.645,phemex,1INCH/USDT:USDT,0.2862,2527.0,0.2861,6266.0,0.2864,2580.0,0.2865,4182.0
1753617651110,12:00:51.110,phemex,1INCH/USDT:USDT,0.2862,4527.0,0.2861,6266.0,0.2864,2580.0,0.2865,4182.0
1753617651231,12:00:51.231,phemex,1INCH/USDT:USDT,0.2862,4257.0,0.2861,6266.0,0.2864,2580.0,0.2865,4182.0
1753617652274,12:00:52.274,phemex,1INCH/USDT:USDT,0.2862,4157.0,0.2861,6266.0,0.2864,2580.0,0.2865,4182.0
1753617652399,12:00:52.399,phemex,1INCH/USDT:USDT,0.2862,4157.0,0.2861,6266.0,0.2864,2580.0,0.2865,6158.0
1753617653088,12:00:53.088,phemex,1INCH/USDT:USDT,0.2862,4157.0,0.2861,6266.0,0.2864,2580.0,0.2865,6158.0
1753617655294,12:00:55.294,phemex,1INCH/USDT:USDT,0.2862,4157.0,0.2861,6266.0,0.2864,2580.0,0.2865,6158.0
1753617657598,12:00:57.598,phemex,1INCH/USDT:USDT,0.2862,4122.0,0.2861,6266.0,0.2864,2580.0,0.2865,6158.0
1753617658331,12:00:58.331,phemex,1INCH/USDT:USDT,0.2862,4114.0,0.2861,6266.0,0.2864,2580.0,0.2865,6158.0
1753617660224,12:01:00.224,phemex,1INCH/USDT:USDT,0.2862,2000.0,0.2861,10930.0,0.2864,4489.0,0.2865,2145.0
1753617660236,12:01:00.236,phemex,1INCH/USDT:USDT,0.2861,10930.0,0.2859,11941.0,0.2864,4489.0,0.2865,2145.0
1753617660517,12:01:00.517,phemex,1INCH/USDT:USDT,0.2861,10930.0,0.2859,11941.0,0.2864,4489.0,0.2865,2145.0
1753617660563,12:01:00.563,phemex,1INCH/USDT:USDT,0.2861,10930.0,0.2859,11941.0,0.2864,4489.0,0.2865,2145.0
1753617660579,12:01:00.579,phemex,1INCH/USDT:USDT,0.2861,10930.0,0.2859,11941.0,0.2864,4489.0,0.2865,2145.0
1753617660687,12:01:00.687,phemex,1INCH/USDT:USDT,0.2861,10930.0,0.2859,11941.0,0.2864,4489.0,0.2865,2145.0
1753617660999,12:01:00.999,phemex,1INCH/USDT:USDT,0.2861,12930.0,0.2859,11941.0,0.2864,4489.0,0.2865,2145.0
1753617665084,12:01:05.084,phemex,1INCH/USDT:USDT,0.2861,12930.0,0.2859,11941.0,0.2864,4489.0,0.2865,2145.0
1753617665414,12:01:05.414,phemex,1INCH/USDT:USDT,0.2862,2319.0,0.2861,13374.0,0.2864,4489.0,0.2865,4639.0
1753617670600,12:01:10.600,phemex,1INCH/USDT:USDT,0.2862,1119.0,0.2861,13374.0,0.2864,4489.0,0.2865,4639.0
1753617676512,12:01:16.512,phemex,1INCH/USDT:USDT,0.2862,719.0,0.2861,13374.0,0.2864,4489.0,0.2865,4639.0
1753617676820,12:01:16.820,phemex,1INCH/USDT:USDT,0.2862,719.0,0.2861,13374.0,0.2864,6489.0,0.2865,4639.0
1753617677206,12:01:17.206,phemex,1INCH/USDT:USDT,0.2862,719.0,0.2861,13374.0,0.2864,6489.0,0.2865,4639.0
1753617677964,12:01:17.964,phemex,1INCH/USDT:USDT,0.2861,7951.0,0.286,1576.0,0.2864,6489.0,0.2865,4639.0
1753617678440,12:01:18.440,phemex,1INCH/USDT:USDT,0.2861,6266.0,0.286,3504.0,0.2864,6489.0,0.2865,4639.0
1753617678798,12:01:18.798,phemex,1INCH/USDT:USDT,0.2861,6266.0,0.286,3504.0,0.2863,2000.0,0.2864,6489.0
1753617678925,12:01:18.925,phemex,1INCH/USDT:USDT,0.286,3504.0,0.2858,12868.0,0.2863,2000.0,0.2864,6489.0
1753617679202,12:01:19.202,phemex,1INCH/USDT:USDT,0.286,3504.0,0.2858,19129.0,0.2863,2000.0,0.2864,6489.0
1753617679429,12:01:19.429,phemex,1INCH/USDT:USDT,0.286,3504.0,0.2858,19129.0,0.2863,2000.0,0.2864,7187.0
1753617679786,12:01:19.786,phemex,1INCH/USDT:USDT,0.286,3504.0,0.2859,2000.0,0.2863,2000.0,0.2864,7187.0
1753617680939,12:01:20.939,phemex,1INCH/USDT:USDT,0.286,3504.0,0.2859,2000.0,0.2863,2000.0,0.2864,7187.0
1753617683052,12:01:23.052,phemex,1INCH/USDT:USDT,0.286,3504.0,0.2859,2000.0,0.2861,1935.0,0.2862,1654.0
1753617683906,12:01:23.906,phemex,1INCH/USDT:USDT,0.286,3504.0,0.2859,2000.0,0.2861,1935.0,0.2862,1654.0
1753617685373,12:01:25.373,phemex,1INCH/USDT:USDT,0.2861,1902.0,0.286,5315.0,0.2863,4174.0,0.2864,698.0
1753617685695,12:01:25.695,phemex,1INCH/USDT:USDT,0.2861,1902.0,0.286,5315.0,0.2863,4174.0,0.2864,698.0
1753617687577,12:01:27.577,phemex,1INCH/USDT:USDT,0.2861,1902.0,0.286,5315.0,0.2863,4174.0,0.2864,698.0
1753617687699,12:01:27.699,phemex,1INCH/USDT:USDT,0.2861,1902.0,0.286,5315.0,0.2863,4174.0,0.2866,25010.0
1753617687715,12:01:27.715,phemex,1INCH/USDT:USDT,0.2861,3902.0,0.286,5315.0,0.2863,4174.0,0.2866,25010.0
1753617687715,12:01:27.715,phemex,1INCH/USDT:USDT,0.2861,3902.0,0.286,5315.0,0.2863,4174.0,0.2866,25010.0
1753617690492,12:01:30.492,phemex,1INCH/USDT:USDT,0.2861,6030.0,0.286,1928.0,0.2863,4174.0,0.2866,25010.0
1753617691364,12:01:31.364,phemex,1INCH/USDT:USDT,0.2861,5340.0,0.286,1928.0,0.2863,4174.0,0.2866,25010.0
1753617691393,12:01:31.393,phemex,1INCH/USDT:USDT,0.2861,8509.0,0.286,7546.0,0.2863,4174.0,0.2866,25010.0
1753617691726,12:01:31.726,phemex,1INCH/USDT:USDT,0.2861,8509.0,0.286,7546.0,0.2863,4174.0,0.2866,25010.0
1753617691845,12:01:31.845,phemex,1INCH/USDT:USDT,0.2861,8509.0,0.286,7546.0,0.2864,1613.0,0.2865,2551.0
1753617692029,12:01:32.029,phemex,1INCH/USDT:USDT,0.2861,8509.0,0.286,7546.0,0.2864,1613.0,0.2865,2551.0
1753617692235,12:01:32.235,phemex,1INCH/USDT:USDT,0.2861,8509.0,0.286,7546.0,0.2864,1613.0,0.2865,2551.0
1753617692312,12:01:32.312,phemex,1INCH/USDT:USDT,0.2862,2000.0,0.2861,8509.0,0.2864,1613.0,0.2865,2551.0
1753617692607,12:01:32.607,phemex,1INCH/USDT:USDT,0.2862,2000.0,0.2861,8509.0,0.2864,1613.0,0.2865,2551.0
1753617693100,12:01:33.100,phemex,1INCH/USDT:USDT,0.2862,2000.0,0.2861,14785.0,0.2864,1613.0,0.2865,2551.0
1753617694245,12:01:34.245,phemex,1INCH/USDT:USDT,0.2862,2000.0,0.2861,14785.0,0.2864,1433.0,0.2865,2551.0
1753617695785,12:01:35.785,phemex,1INCH/USDT:USDT,0.2862,6175.0,0.2861,20477.0,0.2864,1433.0,0.2865,2551.0
1753617696255,12:01:36.255,phemex,1INCH/USDT:USDT,0.2862,6175.0,0.2861,20477.0,0.2864,1433.0,0.2865,2551.0
1753617696410,12:01:36.410,phemex,1INCH/USDT:USDT,0.2862,6175.0,0.2861,20477.0,0.2864,1433.0,0.2865,2551.0
1753617697080,12:01:37.080,phemex,1INCH/USDT:USDT,0.2863,4729.0,0.2862,6175.0,0.2864,1433.0,0.2865,4456.0
1753617697088,12:01:37.088,phemex,1INCH/USDT:USDT,0.2863,4729.0,0.2862,6175.0,0.2864,1433.0,0.2865,4456.0
1753617698921,12:01:38.921,phemex,1INCH/USDT:USDT,0.2863,4729.0,0.2862,6175.0,0.2865,2045.0,0.2866,6259.0
1753617699565,12:01:39.565,phemex,1INCH/USDT:USDT,0.2863,6729.0,0.2862,6175.0,0.2865,2045.0,0.2866,6259.0
1753617699949,12:01:39.949,phemex,1INCH/USDT:USDT,0.2863,6729.0,0.2862,6175.0,0.2866,8520.0,0.2867,2309.0
1753617700041,12:01:40.041,phemex,1INCH/USDT:USDT,0.2863,6729.0,0.2862,6175.0,0.2866,2261.0,0.2867,2309.0
1753617700281,12:01:40.281,phemex,1INCH/USDT:USDT,0.2863,6729.0,0.2862,6175.0,0.2866,2261.0,0.2867,2309.0
1753617700662,12:01:40.662,phemex,1INCH/USDT:USDT,0.2864,2000.0,0.2863,6729.0,0.2866,2261.0,0.2867,2309.0
1753617700893,12:01:40.893,phemex,1INCH/USDT:USDT,0.2864,2000.0,0.2863,6729.0,0.2866,2261.0,0.2867,2309.0
1753617701169,12:01:41.169,phemex,1INCH/USDT:USDT,0.2865,1546.0,0.2864,3972.0,0.2866,2261.0,0.2867,2309.0
1753617701185,12:01:41.185,phemex,1INCH/USDT:USDT,0.2865,1546.0,0.2864,3972.0,0.2866,2261.0,0.2867,2309.0
1753617701953,12:01:41.953,phemex,1INCH/USDT:USDT,0.2865,1546.0,0.2864,3972.0,0.2866,1876.0,0.2867,2309.0
1753617702951,12:01:42.951,phemex,1INCH/USDT:USDT,0.2865,3656.0,0.2864,5538.0,0.2866,1876.0,0.2867,2309.0
1753617703518,12:01:43.518,phemex,1INCH/USDT:USDT,0.2865,3656.0,0.2864,5538.0,0.2866,1876.0,0.2867,2309.0
1753617705685,12:01:45.685,phemex,1INCH/USDT:USDT,0.2865,3656.0,0.2864,5538.0,0.2866,1876.0,0.2867,2309.0
1753617705692,12:01:45.692,phemex,1INCH/USDT:USDT,0.2865,3656.0,0.2864,5538.0,0.2866,1876.0,0.2867,2309.0
1753617706988,12:01:46.988,phemex,1INCH/USDT:USDT,0.2865,3568.0,0.2864,5538.0,0.2866,1876.0,0.2867,2309.0
1753617709105,12:01:49.105,phemex,1INCH/USDT:USDT,0.2865,3553.0,0.2864,5538.0,0.2866,1876.0,0.2867,2309.0
1753617710414,12:01:50.414,phemex,1INCH/USDT:USDT,0.2862,20344.0,0.2861,22212.0,0.2866,1876.0,0.2867,2309.0
1753617710441,12:01:50.441,phemex,1INCH/USDT:USDT,0.2863,2000.0,0.2862,20344.0,0.2866,3876.0,0.2867,2309.0
1753617710545,12:01:50.545,phemex,1INCH/USDT:USDT,0.2863,2000.0,0.2862,20344.0,0.2865,2415.0,0.2866,3876.0
1753617710555,12:01:50.555,phemex,1INCH/USDT:USDT,0.2863,2000.0,0.2862,20344.0,0.2865,2415.0,0.2866,3876.0
1753617710737,12:01:50.737,phemex,1INCH/USDT:USDT,0.2863,2000.0,0.2862,20344.0,0.2865,2415.0,0.2866,3876.0
1753617712820,12:01:52.820,phemex,1INCH/USDT:USDT,0.2863,2000.0,0.2862,20344.0,0.2866,2000.0,0.2867,2309.0
1753617712827,12:01:52.827,phemex,1INCH/USDT:USDT,0.2863,2000.0,0.2862,20344.0,0.2867,2309.0,0.2868,2475.0
1753617713408,12:01:53.408,phemex,1INCH/USDT:USDT,0.2863,2000.0,0.2862,20344.0,0.2866,2000.0,0.2867,2309.0
1753617713411,12:01:53.411,phemex,1INCH/USDT:USDT,0.2863,2000.0,0.2862,20344.0,0.2866,2000.0,0.2867,4309.0
1753617715443,12:01:55.443,phemex,1INCH/USDT:USDT,0.2864,7627.0,0.2863,14647.0,0.2866,2000.0,0.2867,4309.0
1753617715443,12:01:55.443,phemex,1INCH/USDT:USDT,0.2864,7627.0,0.2863,26149.0,0.2866,2000.0,0.2867,4309.0
1753617715677,12:01:55.677,phemex,1INCH/USDT:USDT,0.2864,7627.0,0.2863,26149.0,0.2866,2000.0,0.2867,4309.0
1753617715792,12:01:55.792,phemex,1INCH/USDT:USDT,0.2864,7627.0,0.2863,26149.0,0.2866,2000.0,0.2867,4309.0
1753617716219,12:01:56.219,phemex,1INCH/USDT:USDT,0.2864,7627.0,0.2863,32407.0,0.2866,2000.0,0.2867,4309.0
1753617718774,12:01:58.774,phemex,1INCH/USDT:USDT,0.2864,7477.0,0.2863,32407.0,0.2866,2000.0,0.2867,4309.0
1753617719953,12:01:59.953,phemex,1INCH/USDT:USDT,0.2864,7477.0,0.2863,32407.0,0.2867,4309.0,0.2868,2475.0
1753617720331,12:02:00.331,phemex,1INCH/USDT:USDT,0.2865,2000.0,0.2864,9477.0,0.2867,4309.0,0.2868,2475.0
1753617720356,12:02:00.356,phemex,1INCH/USDT:USDT,0.2865,2000.0,0.2864,9477.0,0.2867,4309.0,0.2868,2475.0
1753617720771,12:02:00.771,phemex,1INCH/USDT:USDT,0.2865,2000.0,0.2864,9477.0,0.2867,4309.0,0.2868,2475.0
1753617720804,12:02:00.804,phemex,1INCH/USDT:USDT,0.2865,2000.0,0.2864,9477.0,0.2867,2309.0,0.2868,2475.0
1753617720958,12:02:00.958,phemex,1INCH/USDT:USDT,0.2865,2000.0,0.2864,9477.0,0.2867,2309.0,0.2868,2475.0
1753617722308,12:02:02.308,phemex,1INCH/USDT:USDT,0.2865,2000.0,0.2864,9477.0,0.2867,4309.0,0.2868,2475.0
1753617722368,12:02:02.368,phemex,1INCH/USDT:USDT,0.2864,7477.0,0.2863,30407.0,0.2867,4309.0,0.2868,2475.0
1753617723786,12:02:03.786,phemex,1INCH/USDT:USDT,0.2863,6258.0,0.2862,20344.0,0.2866,4430.0,0.2867,4309.0
1753617725092,12:02:05.092,phemex,1INCH/USDT:USDT,0.2863,6258.0,0.2862,20344.0,0.2866,4430.0,0.2867,4309.0
1753617725099,12:02:05.099,phemex,1INCH/USDT:USDT,0.2863,6258.0,0.2862,20344.0,0.2866,4430.0,0.2867,4309.0
1753617727251,12:02:07.251,phemex,1INCH/USDT:USDT,0.2863,6258.0,0.2862,20344.0,0.2866,6430.0,0.2867,4309.0
1753617729784,12:02:09.784,phemex,1INCH/USDT:USDT,0.2864,1414.0,0.2863,7860.0,0.2866,2000.0,0.2867,5806.0
1753617729784,12:02:09.784,phemex,1INCH/USDT:USDT,0.2864,6200.0,0.2863,7860.0,0.2865,1828.0,0.2866,2000.0
1753617729893,12:02:09.893,phemex,1INCH/USDT:USDT,0.2864,6200.0,0.2863,7860.0,0.2865,1828.0,0.2866,2000.0
1753617731551,12:02:11.551,phemex,1INCH/USDT:USDT,0.2864,2429.0,0.2863,6258.0,0.2865,1828.0,0.2866,2000.0
1753617731552,12:02:11.552,phemex,1INCH/USDT:USDT,0.2863,7721.0,0.2861,15936.0,0.2865,1828.0,0.2866,2000.0
1753617734709,12:02:14.709,phemex,1INCH/USDT:USDT,0.2863,7721.0,0.2861,15936.0,0.2865,1828.0,0.2866,2000.0
1753617735345,12:02:15.345,phemex,1INCH/USDT:USDT,0.2863,7721.0,0.2861,15936.0,0.2865,1828.0,0.2866,3715.0
1753617735477,12:02:15.477,phemex,1INCH/USDT:USDT,0.2863,7721.0,0.2861,15936.0,0.2865,1670.0,0.2866,3715.0
1753617735580,12:02:15.580,phemex,1INCH/USDT:USDT,0.2863,7721.0,0.2861,15936.0,0.2866,6041.0,0.2867,2000.0
1753617735580,12:02:15.580,phemex,1INCH/USDT:USDT,0.2863,7721.0,0.2861,15936.0,0.2866,6041.0,0.2867,2000.0
1753617735610,12:02:15.610,phemex,1INCH/USDT:USDT,0.2863,7721.0,0.2861,15936.0,0.2866,4041.0,0.2867,2000.0
1753617736154,12:02:16.154,phemex,1INCH/USDT:USDT,0.2864,2000.0,0.2863,9721.0,0.2866,4041.0,0.2869,19621.0
1753617736174,12:02:16.174,phemex,1INCH/USDT:USDT,0.2864,2000.0,0.2863,7721.0,0.2866,4041.0,0.2869,19621.0
1753617736616,12:02:16.616,phemex,1INCH/USDT:USDT,0.2865,7126.0,0.2864,2000.0,0.2866,4041.0,0.2869,19621.0
1753617736663,12:02:16.663,phemex,1INCH/USDT:USDT,0.2864,2000.0,0.2863,18650.0,0.2866,4041.0,0.2869,19621.0
1753617736663,12:02:16.663,phemex,1INCH/USDT:USDT,0.2864,2000.0,0.2863,6258.0,0.2866,4041.0,0.2869,19621.0
1753617736892,12:02:16.892,phemex,1INCH/USDT:USDT,0.2863,6258.0,0.2862,18955.0,0.2866,4041.0,0.2869,19621.0
1753617737141,12:02:17.141,phemex,1INCH/USDT:USDT,0.2863,8258.0,0.2862,18955.0,0.2866,4041.0,0.2869,19621.0
1753617739201,12:02:19.201,phemex,1INCH/USDT:USDT,0.2864,2000.0,0.2863,8258.0,0.2866,4041.0,0.2869,19621.0
1753617739722,12:02:19.722,phemex,1INCH/USDT:USDT,0.2864,2000.0,0.2863,8258.0,0.2866,4041.0,0.2869,19621.0
1753617739791,12:02:19.791,phemex,1INCH/USDT:USDT,0.2864,2000.0,0.2863,8258.0,0.2866,4041.0,0.2869,19621.0
1753617742019,12:02:22.019,phemex,1INCH/USDT:USDT,0.2865,1688.0,0.2864,9015.0,0.2866,4041.0,0.2869,19621.0
1753617742067,12:02:22.067,phemex,1INCH/USDT:USDT,0.2865,1688.0,0.2864,9015.0,0.2866,4041.0,0.2869,19621.0
1753617743269,12:02:23.269,phemex,1INCH/USDT:USDT,0.2865,1688.0,0.2864,9015.0,0.2866,3041.0,0.2869,19621.0
1753617744062,12:02:24.062,phemex,1INCH/USDT:USDT,0.2865,1688.0,0.2864,9015.0,0.2866,3041.0,0.2868,2000.0
1753617744286,12:02:24.286,phemex,1INCH/USDT:USDT,0.2865,1688.0,0.2864,9015.0,0.2866,3041.0,0.2868,2000.0
1753617744293,12:02:24.293,phemex,1INCH/USDT:USDT,0.2865,1688.0,0.2864,9015.0,0.2866,3041.0,0.2868,2000.0
1753617747334,12:02:27.334,phemex,1INCH/USDT:USDT,0.2865,1671.0,0.2864,9015.0,0.2866,3041.0,0.2868,2000.0
1753617747334,12:02:27.334,phemex,1INCH/USDT:USDT,0.2865,1671.0,0.2864,9015.0,0.2866,3041.0,0.2868,2000.0
1753617749093,12:02:29.093,phemex,1INCH/USDT:USDT,0.2865,1671.0,0.2864,9015.0,0.2866,3041.0,0.2868,2000.0
1753617758154,12:02:38.154,phemex,1INCH/USDT:USDT,0.2865,1671.0,0.2864,3530.0,0.2866,3041.0,0.2868,2000.0
1753617758155,12:02:38.155,phemex,1INCH/USDT:USDT,0.2864,5162.0,0.2863,6258.0,0.2866,3041.0,0.2868,2000.0
1753617758199,12:02:38.199,phemex,1INCH/USDT:USDT,0.2864,5162.0,0.2863,6258.0,0.2866,5265.0,0.2867,2137.0
1753617758462,12:02:38.462,phemex,1INCH/USDT:USDT,0.2864,5162.0,0.2863,6258.0,0.2866,5265.0,0.2867,2137.0
1753617758475,12:02:38.475,phemex,1INCH/USDT:USDT,0.2864,5162.0,0.2863,6258.0,0.2866,5265.0,0.2867,2137.0
1753617759769,12:02:39.769,phemex,1INCH/USDT:USDT,0.2864,5162.0,0.2863,6258.0,0.2866,5215.0,0.2867,2137.0
1753617762286,12:02:42.286,phemex,1INCH/USDT:USDT,0.2864,5162.0,0.2863,6258.0,0.2866,5215.0,0.2867,2137.0
1753617762297,12:02:42.297,phemex,1INCH/USDT:USDT,0.2864,5162.0,0.2863,6258.0,0.2866,5215.0,0.2867,2137.0
1753617767096,12:02:47.096,phemex,1INCH/USDT:USDT,0.2864,5162.0,0.2863,6258.0,0.2866,5215.0,0.2867,2137.0
1753617769860,12:02:49.860,phemex,1INCH/USDT:USDT,0.2864,5162.0,0.2863,6258.0,0.2866,5065.0,0.2867,2137.0
1753617771887,12:02:51.887,phemex,1INCH/USDT:USDT,0.2864,5162.0,0.2863,6258.0,0.2866,5065.0,0.2867,2137.0
1753617772264,12:02:52.264,phemex,1INCH/USDT:USDT,0.2864,5162.0,0.2863,6258.0,0.2866,5065.0,0.2867,2137.0
1753617773182,12:02:53.182,phemex,1INCH/USDT:USDT,0.2864,3162.0,0.2863,6258.0,0.2866,5065.0,0.2867,2137.0
1753617773729,12:02:53.729,phemex,1INCH/USDT:USDT,0.2864,3162.0,0.2863,6258.0,0.2866,7065.0,0.2867,2137.0
1753617777073,12:02:57.073,phemex,1INCH/USDT:USDT,0.2864,3125.0,0.2863,6258.0,0.2866,7065.0,0.2867,2137.0
1753617779278,12:02:59.278,phemex,1INCH/USDT:USDT,0.2864,3125.0,0.2863,6258.0,0.2866,5065.0,0.2867,2137.0
1753617779527,12:02:59.527,phemex,1INCH/USDT:USDT,0.2864,3125.0,0.2863,6258.0,0.2866,5065.0,0.2867,2137.0
1753617779629,12:02:59.629,phemex,1INCH/USDT:USDT,0.2864,3125.0,0.2863,6258.0,0.2866,5065.0,0.2867,2137.0
1753617781891,12:03:01.891,phemex,1INCH/USDT:USDT,0.2864,7163.0,0.2863,24110.0,0.2867,3704.0,0.2868,2000.0
1753617782628,12:03:02.628,phemex,1INCH/USDT:USDT,0.2864,9163.0,0.2863,24110.0,0.2867,3704.0,0.2868,2000.0
1753617783793,12:03:03.793,phemex,1INCH/USDT:USDT,0.2864,9163.0,0.2863,24110.0,0.2867,3704.0,0.2868,2000.0
1753617783834,12:03:03.834,phemex,1INCH/USDT:USDT,0.2864,9163.0,0.2863,24110.0,0.2867,3704.0,0.2868,2000.0
1753617784877,12:03:04.877,phemex,1INCH/USDT:USDT,0.2864,2000.0,0.2863,6258.0,0.2867,3704.0,0.2868,2000.0
1753617784885,12:03:04.885,phemex,1INCH/USDT:USDT,0.2863,6258.0,0.2862,24148.0,0.2867,3704.0,0.2868,2000.0
1753617785597,12:03:05.597,phemex,1INCH/USDT:USDT,0.2864,2000.0,0.2863,8258.0,0.2867,5704.0,0.2868,2000.0
1753617787229,12:03:07.229,phemex,1INCH/USDT:USDT,0.2864,2000.0,0.2863,8258.0,0.2865,1453.0,0.2866,2352.0
1753617787408,12:03:07.408,phemex,1INCH/USDT:USDT,0.2864,2000.0,0.2863,8258.0,0.2866,2352.0,0.2867,3704.0
1753617787576,12:03:07.576,phemex,1INCH/USDT:USDT,0.2864,2000.0,0.2863,8258.0,0.2866,2352.0,0.2867,3704.0
1753617788054,12:03:08.054,phemex,1INCH/USDT:USDT,0.2864,2000.0,0.2863,8258.0,0.2866,2052.0,0.2867,3704.0
1753617790271,12:03:10.271,phemex,1INCH/USDT:USDT,0.2864,2000.0,0.2863,8258.0,0.2866,1962.0,0.2867,3704.0
1753617792063,12:03:12.063,phemex,1INCH/USDT:USDT,0.2865,5510.0,0.2864,4176.0,0.2866,1962.0,0.2867,3704.0
1753617792089,12:03:12.089,phemex,1INCH/USDT:USDT,0.2865,5510.0,0.2864,4176.0,0.2866,1962.0,0.2867,3704.0
1753617793792,12:03:13.792,phemex,1INCH/USDT:USDT,0.2864,5649.0,0.2863,8462.0,0.2866,1962.0,0.2867,3704.0
1753617793849,12:03:13.849,phemex,1INCH/USDT:USDT,0.2864,5649.0,0.2863,8462.0,0.2866,1962.0,0.2867,3704.0
1753617793985,12:03:13.985,phemex,1INCH/USDT:USDT,0.2864,5649.0,0.2863,8462.0,0.2866,1962.0,0.2867,3704.0
1753617794562,12:03:14.562,phemex,1INCH/USDT:USDT,0.2864,5649.0,0.2863,8462.0,0.2867,3704.0,0.2868,10824.0
1753617794563,12:03:14.563,phemex,1INCH/USDT:USDT,0.2864,5649.0,0.2863,8462.0,0.2867,3704.0,0.2868,1698.0
1753617795752,12:03:15.752,phemex,1INCH/USDT:USDT,0.2863,4345.0,0.2862,4042.0,0.2867,4401.0,0.2868,1698.0
1753617795853,12:03:15.853,phemex,1INCH/USDT:USDT,0.2863,4275.0,0.2862,4042.0,0.2867,4401.0,0.2868,1698.0
1753617795880,12:03:15.880,phemex,1INCH/USDT:USDT,0.2863,4275.0,0.2862,4042.0,0.2866,2000.0,0.2867,6401.0
1753617795923,12:03:15.923,phemex,1INCH/USDT:USDT,0.2863,4275.0,0.2862,4042.0,0.2866,2000.0,0.2867,6401.0
1753617796473,12:03:16.473,phemex,1INCH/USDT:USDT,0.2863,6275.0,0.2862,4042.0,0.2866,2000.0,0.2867,6401.0
1753617797712,12:03:17.712,phemex,1INCH/USDT:USDT,0.2863,6275.0,0.2862,4042.0,0.2866,2000.0,0.2867,6401.0
1753617799324,12:03:19.324,phemex,1INCH/USDT:USDT,0.2863,6275.0,0.2862,4042.0,0.2866,3513.0,0.2867,6401.0
1753617799848,12:03:19.848,phemex,1INCH/USDT:USDT,0.2863,6275.0,0.2862,4042.0,0.2865,2203.0,0.2866,3513.0
1753617800849,12:03:20.849,phemex,1INCH/USDT:USDT,0.2864,4841.0,0.2863,6275.0,0.2865,2203.0,0.2866,3513.0
1753617804527,12:03:24.527,phemex,1INCH/USDT:USDT,0.2864,4841.0,0.2863,4275.0,0.2865,2203.0,0.2866,3513.0
1753617804659,12:03:24.659,phemex,1INCH/USDT:USDT,0.2864,3266.0,0.2863,4275.0,0.2865,2203.0,0.2866,3513.0
1753617805511,12:03:25.511,phemex,1INCH/USDT:USDT,0.2864,3266.0,0.2863,4275.0,0.2865,2203.0,0.2866,3513.0
1753617805586,12:03:25.586,phemex,1INCH/USDT:USDT,0.2864,3266.0,0.2863,4275.0,0.2865,2203.0,0.2866,3513.0
1753617805671,12:03:25.671,phemex,1INCH/USDT:USDT,0.2864,3266.0,0.2863,4275.0,0.2865,2203.0,0.2866,3513.0
1753617805831,12:03:25.831,phemex,1INCH/USDT:USDT,0.2864,3266.0,0.2863,4275.0,0.2865,2203.0,0.2866,3513.0
1753617805854,12:03:25.854,phemex,1INCH/USDT:USDT,0.2864,3266.0,0.2863,4275.0,0.2865,2203.0,0.2866,3513.0
1753617805854,12:03:25.854,phemex,1INCH/USDT:USDT,0.2864,3266.0,0.2863,4275.0,0.2865,2203.0,0.2866,3513.0
1753617810319,12:03:30.319,phemex,1INCH/USDT:USDT,0.2864,3266.0,0.2863,4275.0,0.2865,2203.0,0.2866,3513.0
1753617815325,12:03:35.325,phemex,1INCH/USDT:USDT,0.2864,3213.0,0.2863,4275.0,0.2865,2203.0,0.2866,3513.0
1753617819864,12:03:39.864,phemex,1INCH/USDT:USDT,0.2864,3213.0,0.2863,4275.0,0.2865,2203.0,0.2866,3513.0
1753617819871,12:03:39.871,phemex,1INCH/USDT:USDT,0.2864,3213.0,0.2863,4275.0,0.2865,2203.0,0.2866,3513.0
1753617823719,12:03:43.719,phemex,1INCH/USDT:USDT,0.2864,3213.0,0.2863,4275.0,0.2865,2203.0,0.2866,3513.0
1753617825364,12:03:45.364,phemex,1INCH/USDT:USDT,0.2864,3118.0,0.2863,4275.0,0.2865,2203.0,0.2866,3513.0
1753617828513,12:03:48.513,phemex,1INCH/USDT:USDT,0.2864,3118.0,0.2863,4275.0,0.2865,2203.0,0.2866,3513.0
1753617828780,12:03:48.780,phemex,1INCH/USDT:USDT,0.2864,3118.0,0.2863,4275.0,0.2865,2203.0,0.2866,3513.0
1753617834700,12:03:54.700,phemex,1INCH/USDT:USDT,0.2864,3118.0,0.2863,4275.0,0.2865,2203.0,0.2866,3513.0
1753617834784,12:03:54.784,phemex,1INCH/USDT:USDT,0.2864,3118.0,0.2863,4275.0,0.2865,2193.0,0.2866,3513.0
1753617838252,12:03:58.252,phemex,1INCH/USDT:USDT,0.2864,3118.0,0.2863,4275.0,0.2866,3538.0,0.2867,6401.0
1753617838254,12:03:58.254,phemex,1INCH/USDT:USDT,0.2864,3118.0,0.2863,4275.0,0.2866,3538.0,0.2867,5704.0
1753617838282,12:03:58.282,phemex,1INCH/USDT:USDT,0.2864,8510.0,0.2863,21727.0,0.2866,3538.0,0.2867,5704.0
1753617838992,12:03:58.992,phemex,1INCH/USDT:USDT,0.2864,8510.0,0.2863,21727.0,0.2866,3538.0,0.2867,3704.0
1753617839121,12:03:59.121,phemex,1INCH/USDT:USDT,0.2864,8510.0,0.2863,21727.0,0.2866,3538.0,0.2867,3704.0
1753617842314,12:04:02.314,phemex,1INCH/USDT:USDT,0.2864,6180.0,0.2863,21727.0,0.2866,3538.0,0.2867,3704.0
1753617842315,12:04:02.315,phemex,1INCH/USDT:USDT,0.2862,25621.0,0.2861,15936.0,0.2866,3538.0,0.2867,3704.0
1753617842383,12:04:02.383,phemex,1INCH/USDT:USDT,0.2862,19345.0,0.2861,15936.0,0.2866,3538.0,0.2867,3704.0
1753617842759,12:04:02.759,phemex,1INCH/USDT:USDT,0.2863,10661.0,0.2861,15936.0,0.2866,3538.0,0.2867,3704.0
1753617843587,12:04:03.587,phemex,1INCH/USDT:USDT,0.2863,10661.0,0.2861,15936.0,0.2864,4239.0,0.2866,4943.0
1753617843942,12:04:03.942,phemex,1INCH/USDT:USDT,0.2863,2219.0,0.2861,15936.0,0.2864,4239.0,0.2866,4943.0
1753617843943,12:04:03.943,phemex,1INCH/USDT:USDT,0.2862,1908.0,0.286,16603.0,0.2864,4239.0,0.2866,4943.0
1753617843999,12:04:03.999,phemex,1INCH/USDT:USDT,0.2862,1908.0,0.2861,2000.0,0.2864,4239.0,0.2866,4943.0
1753617844197,12:04:04.197,phemex,1INCH/USDT:USDT,0.2862,1908.0,0.2861,2000.0,0.2864,4239.0,0.2866,4943.0
1753617844377,12:04:04.377,phemex,1INCH/USDT:USDT,0.2862,1908.0,0.2861,2000.0,0.2864,4239.0,0.2866,4943.0
1753617844411,12:04:04.411,phemex,1INCH/USDT:USDT,0.2862,1908.0,0.2861,2000.0,0.2864,4239.0,0.2866,4943.0
1753617844928,12:04:04.928,phemex,1INCH/USDT:USDT,0.2862,1908.0,0.2861,2000.0,0.2864,6239.0,0.2866,4943.0
1753617846616,12:04:06.616,phemex,1INCH/USDT:USDT,0.2862,1908.0,0.2861,2000.0,0.2864,5614.0,0.2866,4943.0
1753617848724,12:04:08.724,phemex,1INCH/USDT:USDT,0.2862,1908.0,0.2861,2000.0,0.2864,5614.0,0.2866,4943.0
1753617848880,12:04:08.880,phemex,1INCH/USDT:USDT,0.2862,3908.0,0.2861,2000.0,0.2864,5614.0,0.2866,4943.0
1753617849361,12:04:09.361,phemex,1INCH/USDT:USDT,0.2863,2283.0,0.2862,7575.0,0.2864,3614.0,0.2866,3974.0
1753617849649,12:04:09.649,phemex,1INCH/USDT:USDT,0.2863,2283.0,0.2862,7575.0,0.2866,6397.0,0.2868,29506.0
1753617849680,12:04:09.680,phemex,1INCH/USDT:USDT,0.2862,2000.0,0.2861,3813.0,0.2866,6397.0,0.2868,29506.0
1753617853628,12:04:13.628,phemex,1INCH/USDT:USDT,0.2862,2000.0,0.2861,3813.0,0.2866,6397.0,0.2868,29506.0
1753617853651,12:04:13.651,phemex,1INCH/USDT:USDT,0.2862,2000.0,0.2861,3813.0,0.2866,6397.0,0.2868,29506.0
1753617854659,12:04:14.659,phemex,1INCH/USDT:USDT,0.2862,2000.0,0.2861,3813.0,0.2865,1987.0,0.2866,6397.0
1753617854689,12:04:14.689,phemex,1INCH/USDT:USDT,0.2863,6124.0,0.2862,3660.0,0.2865,1987.0,0.2866,8771.0
1753617854908,12:04:14.908,phemex,1INCH/USDT:USDT,0.2863,8124.0,0.2862,3660.0,0.2865,1987.0,0.2866,8771.0
1753617855803,12:04:15.803,phemex,1INCH/USDT:USDT,0.2863,8124.0,0.2862,3660.0,0.2865,1987.0,0.2866,6771.0
1753617856626,12:04:16.626,phemex,1INCH/USDT:USDT,0.2863,6124.0,0.2862,3660.0,0.2865,1987.0,0.2866,6771.0
1753617856794,12:04:16.794,phemex,1INCH/USDT:USDT,0.2863,6124.0,0.2862,3660.0,0.2865,3987.0,0.2866,6771.0
1753617860019,12:04:20.019,phemex,1INCH/USDT:USDT,0.2863,6124.0,0.2862,3660.0,0.2864,2612.0,0.2865,3987.0
1753617861119,12:04:21.119,phemex,1INCH/USDT:USDT,0.2863,6024.0,0.2862,3660.0,0.2864,2612.0,0.2865,3987.0
1753617862362,12:04:22.362,phemex,1INCH/USDT:USDT,0.2863,6024.0,0.2862,3660.0,0.2865,1987.0,0.2866,4008.0
1753617862406,12:04:22.406,phemex,1INCH/USDT:USDT,0.2864,2549.0,0.2863,4528.0,0.2865,1987.0,0.2866,4008.0
1753617862678,12:04:22.678,phemex,1INCH/USDT:USDT,0.2864,2549.0,0.2863,4528.0,0.2865,1987.0,0.2866,4008.0
1753617862830,12:04:22.830,phemex,1INCH/USDT:USDT,0.2864,2549.0,0.2863,4528.0,0.2865,1987.0,0.2866,4008.0
1753617864998,12:04:24.998,phemex,1INCH/USDT:USDT,0.2863,2596.0,0.2862,2000.0,0.2865,1987.0,0.2866,4008.0
1753617866523,12:04:26.523,phemex,1INCH/USDT:USDT,0.2863,2596.0,0.2862,2000.0,0.2865,1987.0,0.2866,4008.0
1753617867596,12:04:27.596,phemex,1INCH/USDT:USDT,0.2863,2596.0,0.2862,2000.0,0.2865,3468.0,0.2866,4008.0
1753617868658,12:04:28.658,phemex,1INCH/USDT:USDT,0.2863,2596.0,0.2862,2000.0,0.2865,5468.0,0.2866,4008.0
1753617868658,12:04:28.658,phemex,1INCH/USDT:USDT,0.2863,2596.0,0.2862,2000.0,0.2865,5468.0,0.2866,4008.0
1753617871314,12:04:31.314,phemex,1INCH/USDT:USDT,0.2863,2596.0,0.2862,2000.0,0.2865,5468.0,0.2866,4008.0
1753617871321,12:04:31.321,phemex,1INCH/USDT:USDT,0.2863,2596.0,0.2862,2000.0,0.2865,5468.0,0.2866,4008.0
1753617871418,12:04:31.418,phemex,1INCH/USDT:USDT,0.2863,2596.0,0.2862,2000.0,0.2865,3468.0,0.2866,4008.0
1753617871473,12:04:31.473,phemex,1INCH/USDT:USDT,0.2863,5807.0,0.2862,2000.0,0.2865,1481.0,0.2866,4008.0
1753617871509,12:04:31.509,phemex,1INCH/USDT:USDT,0.2864,1686.0,0.2863,5807.0,0.2865,1481.0,0.2866,4008.0
1753617872717,12:04:32.717,phemex,1INCH/USDT:USDT,0.2864,1486.0,0.2863,5807.0,0.2865,1481.0,0.2866,4008.0
1753617876151,12:04:36.151,phemex,1INCH/USDT:USDT,0.2864,1486.0,0.2863,5807.0,0.2865,1481.0,0.2866,4008.0
1753617876990,12:04:36.990,phemex,1INCH/USDT:USDT,0.2864,3083.0,0.2863,2596.0,0.2865,1481.0,0.2866,4008.0
1753617878269,12:04:38.269,phemex,1INCH/USDT:USDT,0.2864,2883.0,0.2863,2596.0,0.2865,1481.0,0.2866,4008.0
1753617883642,12:04:43.642,phemex,1INCH/USDT:USDT,0.2863,1653.0,0.2862,6241.0,0.2865,3557.0,0.2866,4008.0
1753617883819,12:04:43.819,phemex,1INCH/USDT:USDT,0.2863,1653.0,0.2862,6241.0,0.2865,3557.0,0.2866,4008.0
1753617884481,12:04:44.481,phemex,1INCH/USDT:USDT,0.2863,1653.0,0.2862,6241.0,0.2865,5557.0,0.2866,4008.0
1753617885124,12:04:45.124,phemex,1INCH/USDT:USDT,0.2862,5573.0,0.286,17102.0,0.2865,5557.0,0.2866,4008.0
1753617886565,12:04:46.565,phemex,1INCH/USDT:USDT,0.2862,5573.0,0.286,17102.0,0.2864,2000.0,0.2865,5557.0
1753617887927,12:04:47.927,phemex,1INCH/USDT:USDT,0.2862,5573.0,0.286,17102.0,0.2864,2000.0,0.2865,5557.0
1753617887934,12:04:47.934,phemex,1INCH/USDT:USDT,0.2862,5573.0,0.286,17102.0,0.2864,2000.0,0.2865,5557.0
1753617889140,12:04:49.140,phemex,1INCH/USDT:USDT,0.2862,5573.0,0.286,17102.0,0.2864,6056.0,0.2865,5557.0
1753617892733,12:04:52.733,phemex,1INCH/USDT:USDT,0.2862,5573.0,0.286,17102.0,0.2864,6056.0,0.2865,5557.0
1753617893367,12:04:53.367,phemex,1INCH/USDT:USDT,0.2862,3573.0,0.286,17102.0,0.2864,6056.0,0.2865,5557.0
1753617895414,12:04:55.414,phemex,1INCH/USDT:USDT,0.2862,3573.0,0.286,17102.0,0.2864,6056.0,0.2865,5557.0
1753617898929,12:04:58.929,phemex,1INCH/USDT:USDT,0.2862,3473.0,0.286,17102.0,0.2864,6056.0,0.2865,5557.0
1753617899313,12:04:59.313,phemex,1INCH/USDT:USDT,0.2862,3473.0,0.2861,2000.0,0.2864,6056.0,0.2865,5557.0
1753617900310,12:05:00.310,phemex,1INCH/USDT:USDT,0.2863,1424.0,0.2861,15604.0,0.2864,2000.0,0.2865,5557.0
1753617900458,12:05:00.458,phemex,1INCH/USDT:USDT,0.2863,1424.0,0.2861,15604.0,0.2865,5557.0,0.2866,6302.0
1753617900474,12:05:00.474,phemex,1INCH/USDT:USDT,0.2863,1424.0,0.2861,15604.0,0.2865,3557.0,0.2866,6302.0
1753617900584,12:05:00.584,phemex,1INCH/USDT:USDT,0.2863,1424.0,0.2861,15604.0,0.2865,3557.0,0.2866,6302.0
1753617900844,12:05:00.844,phemex,1INCH/USDT:USDT,0.2863,1424.0,0.2861,15604.0,0.2865,3557.0,0.2866,6302.0
1753617901040,12:05:01.040,phemex,1INCH/USDT:USDT,0.2863,1424.0,0.2861,15604.0,0.2865,3557.0,0.2866,6302.0
1753617901294,12:05:01.294,phemex,1INCH/USDT:USDT,0.2863,3424.0,0.2861,15604.0,0.2865,3557.0,0.2866,6302.0
1753617904736,12:05:04.736,phemex,1INCH/USDT:USDT,0.2863,3424.0,0.2861,15604.0,0.2865,3557.0,0.2866,6302.0
1753617905572,12:05:05.572,phemex,1INCH/USDT:USDT,0.2863,5455.0,0.2862,1766.0,0.2865,3557.0,0.2866,6302.0
1753617905627,12:05:05.627,phemex,1INCH/USDT:USDT,0.2863,5455.0,0.2862,1766.0,0.2865,7415.0,0.2866,6302.0
1753617906002,12:05:06.002,phemex,1INCH/USDT:USDT,0.2863,5095.0,0.2862,1766.0,0.2865,7415.0,0.2866,6302.0
1753617908284,12:05:08.284,phemex,1INCH/USDT:USDT,0.2863,5035.0,0.2862,1766.0,0.2865,7415.0,0.2866,6302.0
1753617908308,12:05:08.308,phemex,1INCH/USDT:USDT,0.2863,3035.0,0.2862,1766.0,0.2865,7415.0,0.2866,6302.0
1753617909527,12:05:09.527,phemex,1INCH/USDT:USDT,0.2863,3035.0,0.2862,1766.0,0.2865,7415.0,0.2866,6302.0
1753617909756,12:05:09.756,phemex,1INCH/USDT:USDT,0.2863,3035.0,0.2862,1766.0,0.2865,7415.0,0.2866,6302.0
1753617912742,12:05:12.742,phemex,1INCH/USDT:USDT,0.2863,3024.0,0.2862,1766.0,0.2865,7415.0,0.2866,6302.0
1753617917204,12:05:17.204,phemex,1INCH/USDT:USDT,0.2864,3603.0,0.2863,4284.0,0.2866,7764.0,0.2868,10973.0
1753617917260,12:05:17.260,phemex,1INCH/USDT:USDT,0.2864,3603.0,0.2863,4284.0,0.2866,7764.0,0.2868,10973.0
1753617917347,12:05:17.347,phemex,1INCH/USDT:USDT,0.2864,3603.0,0.2863,4284.0,0.2866,7764.0,0.2868,10973.0
1753617917523,12:05:17.523,phemex,1INCH/USDT:USDT,0.2864,3603.0,0.2863,4284.0,0.2866,1462.0,0.2868,10973.0
1753617918101,12:05:18.101,phemex,1INCH/USDT:USDT,0.2864,5603.0,0.2863,4284.0,0.2866,1462.0,0.2867,2000.0
1753617921359,12:05:21.359,phemex,1INCH/USDT:USDT,0.2864,5603.0,0.2863,4284.0,0.2866,1462.0,0.2867,2000.0
1753617921674,12:05:21.674,phemex,1INCH/USDT:USDT,0.2864,5603.0,0.2863,4284.0,0.2866,1462.0,0.2867,2000.0
1753617923304,12:05:23.304,phemex,1INCH/USDT:USDT,0.2864,3603.0,0.2863,4284.0,0.2866,1462.0,0.2867,2000.0
1753617924034,12:05:24.034,phemex,1INCH/USDT:USDT,0.2864,3603.0,0.2863,4284.0,0.2866,3462.0,0.2867,2000.0
1753617924212,12:05:24.212,phemex,1INCH/USDT:USDT,0.2864,1563.0,0.2863,4284.0,0.2866,3462.0,0.2867,2000.0
1753617924763,12:05:24.763,phemex,1INCH/USDT:USDT,0.2863,4023.0,0.2861,8611.0,0.2865,1723.0,0.2866,6672.0
1753617926012,12:05:26.012,phemex,1INCH/USDT:USDT,0.2863,4023.0,0.2861,8611.0,0.2865,1723.0,0.2866,4672.0
1753617926128,12:05:26.128,phemex,1INCH/USDT:USDT,0.2863,4023.0,0.2861,8611.0,0.2865,1723.0,0.2866,4672.0
1753617926156,12:05:26.156,phemex,1INCH/USDT:USDT,0.2863,4023.0,0.2861,8611.0,0.2865,1723.0,0.2866,4672.0
1753617926156,12:05:26.156,phemex,1INCH/USDT:USDT,0.2863,4023.0,0.2861,8611.0,0.2865,1723.0,0.2866,4672.0
1753617928978,12:05:28.978,phemex,1INCH/USDT:USDT,0.2863,4023.0,0.2861,8611.0,0.2865,3723.0,0.2866,4672.0
1753617929697,12:05:29.697,phemex,1INCH/USDT:USDT,0.2862,4318.0,0.2861,2163.0,0.2865,3723.0,0.2866,4672.0
1753617929901,12:05:29.901,phemex,1INCH/USDT:USDT,0.2862,4318.0,0.2861,2163.0,0.2864,1524.0,0.2865,3723.0
1753617929904,12:05:29.904,phemex,1INCH/USDT:USDT,0.2862,4318.0,0.2861,2163.0,0.2863,2599.0,0.2864,4031.0
1753617929969,12:05:29.969,phemex,1INCH/USDT:USDT,0.2862,4318.0,0.2861,2163.0,0.2863,2599.0,0.2864,4031.0
1753617930930,12:05:30.930,phemex,1INCH/USDT:USDT,0.2862,4318.0,0.2861,2163.0,0.2863,2599.0,0.2864,4031.0
1753617931061,12:05:31.061,phemex,1INCH/USDT:USDT,0.2862,4318.0,0.2861,2163.0,0.2863,2599.0,0.2864,4031.0
1753617931376,12:05:31.376,phemex,1INCH/USDT:USDT,0.2862,4318.0,0.2861,2163.0,0.2863,1889.0,0.2864,4031.0
1753617934626,12:05:34.626,phemex,1INCH/USDT:USDT,0.2861,2535.0,0.286,6267.0,0.2863,1889.0,0.2864,4031.0
1753617934799,12:05:34.799,phemex,1INCH/USDT:USDT,0.2861,2535.0,0.286,6267.0,0.2863,1889.0,0.2864,4031.0
1753617934808,12:05:34.808,phemex,1INCH/USDT:USDT,0.2861,2535.0,0.286,6267.0,0.2863,1889.0,0.2864,4031.0
1753617935254,12:05:35.254,phemex,1INCH/USDT:USDT,0.2861,2535.0,0.286,6267.0,0.2862,1785.0,0.2863,3572.0
1753617935737,12:05:35.737,phemex,1INCH/USDT:USDT,0.2861,2535.0,0.286,6267.0,0.2862,1785.0,0.2863,3572.0
1753617940537,12:05:40.537,phemex,1INCH/USDT:USDT,0.2861,2535.0,0.286,6267.0,0.2862,1785.0,0.2863,3572.0
1753617940779,12:05:40.779,phemex,1INCH/USDT:USDT,0.2861,2535.0,0.286,10647.0,0.2863,2035.0,0.2865,2000.0
1753617940850,12:05:40.850,phemex,1INCH/USDT:USDT,0.286,10647.0,0.2857,11350.0,0.2863,2035.0,0.2865,2000.0
1753617941834,12:05:41.834,phemex,1INCH/USDT:USDT,0.2861,2000.0,0.286,10647.0,0.2863,2035.0,0.2865,2000.0
1753617943997,12:05:43.997,phemex,1INCH/USDT:USDT,0.2861,2000.0,0.286,10647.0,0.2863,1385.0,0.2865,2000.0
1753617945786,12:05:45.786,phemex,1INCH/USDT:USDT,0.2861,2000.0,0.286,7782.0,0.2862,2300.0,0.2863,4444.0
1753617945786,12:05:45.786,phemex,1INCH/USDT:USDT,0.2861,2000.0,0.286,7782.0,0.2862,2300.0,0.2863,4444.0
1753617947619,12:05:47.619,phemex,1INCH/USDT:USDT,0.286,7782.0,0.2859,9409.0,0.2862,2300.0,0.2863,4444.0
1753617953289,12:05:53.289,phemex,1INCH/USDT:USDT,0.286,7782.0,0.2859,9409.0,0.2862,2225.0,0.2863,4444.0
1753617960115,12:06:00.115,phemex,1INCH/USDT:USDT,0.286,7782.0,0.2859,9409.0,0.2862,2185.0,0.2863,4444.0
1753617961359,12:06:01.359,phemex,1INCH/USDT:USDT,0.286,7782.0,0.2859,4588.0,0.2862,2185.0,0.2863,4444.0
1753617961478,12:06:01.478,phemex,1INCH/USDT:USDT,0.286,7782.0,0.2859,4588.0,0.2862,2185.0,0.2863,4444.0
1753617961612,12:06:01.612,phemex,1INCH/USDT:USDT,0.286,7782.0,0.2859,4588.0,0.2862,2185.0,0.2863,4444.0
1753617961824,12:06:01.824,phemex,1INCH/USDT:USDT,0.286,7782.0,0.2859,4588.0,0.2862,2185.0,0.2863,4444.0
1753617966888,12:06:06.888,phemex,1INCH/USDT:USDT,0.286,7782.0,0.2859,4588.0,0.2862,4580.0,0.2863,4444.0
1753617970642,12:06:10.642,phemex,1INCH/USDT:USDT,0.286,7782.0,0.2859,4588.0,0.2862,4475.0,0.2863,4444.0
1753617976080,12:06:16.080,phemex,1INCH/USDT:USDT,0.286,6267.0,0.2858,1405.0,0.2862,4475.0,0.2863,4444.0
1753617976136,12:06:16.136,phemex,1INCH/USDT:USDT,0.2858,1405.0,0.2857,11350.0,0.2862,4475.0,0.2863,4444.0
1753617976189,12:06:16.189,phemex,1INCH/USDT:USDT,0.2858,1405.0,0.2857,17633.0,0.2862,4475.0,0.2863,4444.0
1753617976444,12:06:16.444,phemex,1INCH/USDT:USDT,0.2858,3405.0,0.2857,17633.0,0.2862,4475.0,0.2863,4444.0
1753617976448,12:06:16.448,phemex,1INCH/USDT:USDT,0.2858,3405.0,0.2857,17633.0,0.2861,2000.0,0.2862,6475.0
1753617976934,12:06:16.934,phemex,1INCH/USDT:USDT,0.2858,3405.0,0.2857,17633.0,0.2862,6475.0,0.2863,4444.0
1753617977433,12:06:17.433,phemex,1INCH/USDT:USDT,0.2859,2000.0,0.2858,3405.0,0.2862,6475.0,0.2863,4444.0
1753617979297,12:06:19.297,phemex,1INCH/USDT:USDT,0.2859,2000.0,0.2858,3405.0,0.2862,5950.0,0.2863,4444.0
1753617979632,12:06:19.632,phemex,1INCH/USDT:USDT,0.2859,2000.0,0.2858,3405.0,0.2862,3950.0,0.2863,4444.0
1753617979646,12:06:19.646,phemex,1INCH/USDT:USDT,0.2859,2000.0,0.2858,3405.0,0.2863,4444.0,0.2865,16939.0
1753617979885,12:06:19.885,phemex,1INCH/USDT:USDT,0.2859,2000.0,0.2858,3405.0,0.2863,4444.0,0.2865,16939.0
1753617980143,12:06:20.143,phemex,1INCH/USDT:USDT,0.2859,2000.0,0.2858,3405.0,0.2863,4444.0,0.2865,16939.0
1753617980667,12:06:20.667,phemex,1INCH/USDT:USDT,0.2859,2000.0,0.2858,3405.0,0.2863,3954.0,0.2865,16939.0
1753617981493,12:06:21.493,phemex,1INCH/USDT:USDT,0.2861,3767.0,0.286,3331.0,0.2863,3954.0,0.2865,16939.0
1753617981754,12:06:21.754,phemex,1INCH/USDT:USDT,0.2861,3767.0,0.286,3331.0,0.2863,3954.0,0.2865,16939.0
1753617984352,12:06:24.352,phemex,1INCH/USDT:USDT,0.2861,3767.0,0.286,3331.0,0.2863,3954.0,0.2865,16939.0
1753617984352,12:06:24.352,phemex,1INCH/USDT:USDT,0.2861,3767.0,0.286,3331.0,0.2863,3954.0,0.2865,16939.0
1753617995087,12:06:35.087,phemex,1INCH/USDT:USDT,0.2861,3676.0,0.286,3331.0,0.2863,3954.0,0.2865,16939.0
1753617996461,12:06:36.461,phemex,1INCH/USDT:USDT,0.2861,3676.0,0.286,3331.0,0.2863,3954.0,0.2865,16939.0
1753617996713,12:06:36.713,phemex,1INCH/USDT:USDT,0.2861,3676.0,0.286,3331.0,0.2863,3954.0,0.2865,16939.0
1753617997209,12:06:37.209,phemex,1INCH/USDT:USDT,0.2861,3676.0,0.286,3331.0,0.2863,5954.0,0.2865,16939.0
1753618000087,12:06:40.087,phemex,1INCH/USDT:USDT,0.2861,3665.0,0.286,3331.0,0.2863,5954.0,0.2865,16939.0
1753618000145,12:06:40.145,phemex,1INCH/USDT:USDT,0.2861,3665.0,0.286,3331.0,0.2863,5954.0,0.2865,16939.0
1753618000152,12:06:40.152,phemex,1INCH/USDT:USDT,0.2861,3665.0,0.286,3331.0,0.2863,5954.0,0.2865,16939.0
1753618002857,12:06:42.857,phemex,1INCH/USDT:USDT,0.286,1868.0,0.2859,2000.0,0.2862,1693.0,0.2863,5954.0
1753618002975,12:06:42.975,phemex,1INCH/USDT:USDT,0.286,1868.0,0.2859,2000.0,0.2862,3693.0,0.2863,5954.0
1753618003142,12:06:43.142,phemex,1INCH/USDT:USDT,0.286,1868.0,0.2857,16838.0,0.2862,3693.0,0.2863,5954.0
1753618004132,12:06:44.132,phemex,1INCH/USDT:USDT,0.286,1868.0,0.2858,2000.0,0.2862,3693.0,0.2863,5954.0
1753618004946,12:06:44.946,phemex,1INCH/USDT:USDT,0.286,1868.0,0.2858,2000.0,0.2862,3693.0,0.2863,5954.0
1753618004976,12:06:44.976,phemex,1INCH/USDT:USDT,0.286,1868.0,0.2858,2000.0,0.2862,3693.0,0.2863,5954.0
1753618008152,12:06:48.152,phemex,1INCH/USDT:USDT,0.286,1741.0,0.2858,2000.0,0.2862,3693.0,0.2863,5954.0
1753618008233,12:06:48.233,phemex,1INCH/USDT:USDT,0.286,4168.0,0.2859,1979.0,0.2862,5174.0,0.2863,5954.0
1753618020840,12:07:00.840,phemex,1INCH/USDT:USDT,0.286,4168.0,0.2859,1979.0,0.2862,5154.0,0.2863,5954.0
1753618022104,12:07:02.104,phemex,1INCH/USDT:USDT,0.2859,4317.0,0.2858,2000.0,0.2862,5154.0,0.2863,5954.0
1753618022242,12:07:02.242,phemex,1INCH/USDT:USDT,0.2859,4317.0,0.2858,2000.0,0.2862,5154.0,0.2863,5954.0
1753618022295,12:07:02.295,phemex,1INCH/USDT:USDT,0.2859,4317.0,0.2858,2000.0,0.2862,5154.0,0.2863,5954.0
1753618022977,12:07:02.977,phemex,1INCH/USDT:USDT,0.2858,1688.0,0.2857,8370.0,0.2861,2000.0,0.2862,5154.0
1753618023262,12:07:03.262,phemex,1INCH/USDT:USDT,0.2858,1688.0,0.2857,8370.0,0.2861,2000.0,0.2862,5154.0
1753618023476,12:07:03.476,phemex,1INCH/USDT:USDT,0.2858,1688.0,0.2857,8370.0,0.2861,2000.0,0.2862,5154.0
1753618025564,12:07:05.564,phemex,1INCH/USDT:USDT,0.2858,1688.0,0.2857,8370.0,0.2861,2000.0,0.2862,5154.0
1753618025606,12:07:05.606,phemex,1INCH/USDT:USDT,0.2858,1688.0,0.2857,8370.0,0.2861,2000.0,0.2862,5154.0
1753618025887,12:07:05.887,phemex,1INCH/USDT:USDT,0.2858,3688.0,0.2857,8370.0,0.2861,2000.0,0.2862,5154.0
1753618026854,12:07:06.854,phemex,1INCH/USDT:USDT,0.2858,3438.0,0.2857,8370.0,0.2861,2000.0,0.2862,5154.0
1753618027728,12:07:07.728,phemex,1INCH/USDT:USDT,0.2858,3438.0,0.2857,8370.0,0.2859,6111.0,0.2861,4192.0
1753618027753,12:07:07.753,phemex,1INCH/USDT:USDT,0.2858,3438.0,0.2857,8370.0,0.2859,6111.0,0.2861,4192.0
1753618029200,12:07:09.200,phemex,1INCH/USDT:USDT,0.2858,1438.0,0.2857,8370.0,0.2859,6111.0,0.2861,4192.0
1753618030352,12:07:10.352,phemex,1INCH/USDT:USDT,0.2858,1438.0,0.2857,8370.0,0.2859,6111.0,0.2861,4192.0
1753618034335,12:07:14.335,phemex,1INCH/USDT:USDT,0.2858,5720.0,0.2857,8370.0,0.2861,4192.0,0.2863,24491.0
1753618034550,12:07:14.550,phemex,1INCH/USDT:USDT,0.2858,5720.0,0.2857,8370.0,0.2861,4192.0,0.2862,1739.0
1753618034789,12:07:14.789,phemex,1INCH/USDT:USDT,0.2859,2000.0,0.2858,7720.0,0.2861,4192.0,0.2862,1739.0
1753618035366,12:07:15.366,phemex,1INCH/USDT:USDT,0.2859,2000.0,0.2858,7720.0,0.2861,4192.0,0.2862,1739.0
1753618035560,12:07:15.560,phemex,1INCH/USDT:USDT,0.2859,2000.0,0.2858,7720.0,0.2861,4192.0,0.2862,1739.0
1753618038147,12:07:18.147,phemex,1INCH/USDT:USDT,0.2857,8370.0,0.2856,43724.0,0.2861,4192.0,0.2862,1739.0
1753618038178,12:07:18.178,phemex,1INCH/USDT:USDT,0.2852,25153.0,0.2851,8440.0,0.2861,4891.0,0.2862,1739.0
1753618038211,12:07:18.211,phemex,1INCH/USDT:USDT,0.2851,3943.0,0.285,11592.0,0.286,699.0,0.2861,4192.0
1753618038211,12:07:18.211,phemex,1INCH/USDT:USDT,0.2849,20046.0,0.2848,7175.0,0.286,699.0,0.2861,4192.0
1753618038251,12:07:18.251,phemex,1INCH/USDT:USDT,0.2852,701.0,0.2848,4723.0,0.2859,6292.0,0.286,699.0
1753618038263,12:07:18.263,phemex,1INCH/USDT:USDT,0.2848,4723.0,0.2847,18599.0,0.2859,6292.0,0.286,699.0
1753618038279,12:07:18.279,phemex,1INCH/USDT:USDT,0.2848,1471.0,0.2847,2300.0,0.2858,699.0,0.2859,6292.0
1753618038307,12:07:18.307,phemex,1INCH/USDT:USDT,0.2848,1471.0,0.2847,2300.0,0.2858,699.0,0.2859,6292.0
1753618038327,12:07:18.327,phemex,1INCH/USDT:USDT,0.2848,1471.0,0.2845,11183.0,0.2858,699.0,0.2859,6292.0
1753618038337,12:07:18.337,phemex,1INCH/USDT:USDT,0.2852,2000.0,0.2849,2000.0,0.2858,699.0,0.2859,6292.0
1753618038473,12:07:18.473,phemex,1INCH/USDT:USDT,0.2849,185.0,0.2848,1471.0,0.2858,699.0,0.2859,6292.0
1753618038522,12:07:18.522,phemex,1INCH/USDT:USDT,0.285,701.0,0.2849,1488.0,0.2857,2000.0,0.2858,699.0
1753618038544,12:07:18.544,phemex,1INCH/USDT:USDT,0.285,2701.0,0.2849,3488.0,0.2857,2000.0,0.2858,2699.0
1753618038656,12:07:18.656,phemex,1INCH/USDT:USDT,0.2851,701.0,0.285,2000.0,0.2857,2000.0,0.2858,2699.0
1753618038663,12:07:18.663,phemex,1INCH/USDT:USDT,0.2851,2701.0,0.285,2000.0,0.2857,2000.0,0.2858,2699.0
1753618038848,12:07:18.848,phemex,1INCH/USDT:USDT,0.2852,701.0,0.2851,2000.0,0.2857,2000.0,0.2858,2699.0
1753618039165,12:07:19.165,phemex,1INCH/USDT:USDT,0.2852,701.0,0.2851,2000.0,0.2857,2000.0,0.2858,2699.0
1753618039172,12:07:19.172,phemex,1INCH/USDT:USDT,0.2852,701.0,0.2851,5387.0,0.2857,2000.0,0.2858,2699.0
1753618039551,12:07:19.551,phemex,1INCH/USDT:USDT,0.2852,701.0,0.2851,5387.0,0.2857,3994.0,0.2858,9775.0
1753618039733,12:07:19.733,phemex,1INCH/USDT:USDT,0.2852,2701.0,0.2851,3387.0,0.2857,3994.0,0.2858,9775.0
1753618043534,12:07:23.534,phemex,1INCH/USDT:USDT,0.2852,2701.0,0.2851,3387.0,0.2857,3994.0,0.2858,9775.0
1753618043544,12:07:23.544,phemex,1INCH/USDT:USDT,0.2852,2701.0,0.2851,3387.0,0.2857,3994.0,0.2858,9775.0
1753618043941,12:07:23.941,phemex,1INCH/USDT:USDT,0.2852,2701.0,0.2851,3387.0,0.2857,3994.0,0.2858,9775.0
1753618045056,12:07:25.056,phemex,1INCH/USDT:USDT,0.2852,2701.0,0.2851,3387.0,0.2856,1690.0,0.2857,3994.0
1753618045069,12:07:25.069,phemex,1INCH/USDT:USDT,0.2852,2701.0,0.2851,3387.0,0.2856,3690.0,0.2857,3994.0
1753618047640,12:07:27.640,phemex,1INCH/USDT:USDT,0.2852,2701.0,0.2851,3387.0,0.2855,2000.0,0.2856,3690.0
1753618048350,12:07:28.350,phemex,1INCH/USDT:USDT,0.2852,2701.0,0.2851,3387.0,0.2855,2000.0,0.2856,3690.0
1753618048607,12:07:28.607,phemex,1INCH/USDT:USDT,0.2852,2701.0,0.2851,3387.0,0.2855,2000.0,0.2856,3690.0
1753618048632,12:07:28.632,phemex,1INCH/USDT:USDT,0.2852,2701.0,0.2851,3387.0,0.2855,2000.0,0.2856,3690.0
1753618048632,12:07:28.632,phemex,1INCH/USDT:USDT,0.2852,2701.0,0.2851,3387.0,0.2855,2000.0,0.2856,3690.0
1753618050070,12:07:30.070,phemex,1INCH/USDT:USDT,0.2852,2701.0,0.2851,3387.0,0.2855,6231.0,0.2856,3690.0
1753618050608,12:07:30.608,phemex,1INCH/USDT:USDT,0.2852,2701.0,0.2851,3387.0,0.2855,6231.0,0.2856,3690.0
1753618053152,12:07:33.152,phemex,1INCH/USDT:USDT,0.2852,2701.0,0.2851,3387.0,0.2855,6231.0,0.2856,3690.0
1753618062590,12:07:42.590,phemex,1INCH/USDT:USDT,0.2852,2701.0,0.2851,3387.0,0.2855,6231.0,0.2856,3690.0
1753618062965,12:07:42.965,phemex,1INCH/USDT:USDT,0.2852,2701.0,0.2851,3387.0,0.2855,6231.0,0.2856,3690.0
1753618064044,12:07:44.044,phemex,1INCH/USDT:USDT,0.2852,701.0,0.2851,3387.0,0.2855,6231.0,0.2856,3690.0
1753618064056,12:07:44.056,phemex,1INCH/USDT:USDT,0.2852,701.0,0.2851,3387.0,0.2855,6231.0,0.2856,3690.0
1753618064086,12:07:44.086,phemex,1INCH/USDT:USDT,0.2852,701.0,0.2851,3387.0,0.2854,1444.0,0.2855,6231.0
1753618064105,12:07:44.105,phemex,1INCH/USDT:USDT,0.2852,701.0,0.2851,3387.0,0.2854,3444.0,0.2855,6231.0
1753618064125,12:07:44.125,phemex,1INCH/USDT:USDT,0.2851,3387.0,0.2847,12515.0,0.2854,3444.0,0.2855,6231.0
1753618064460,12:07:44.460,phemex,1INCH/USDT:USDT,0.2851,3387.0,0.2847,12515.0,0.2854,3444.0,0.2855,6231.0
1753618064779,12:07:44.779,phemex,1INCH/USDT:USDT,0.2851,3387.0,0.2847,12515.0,0.2854,3444.0,0.2855,6231.0
1753618064924,12:07:44.924,phemex,1INCH/USDT:USDT,0.2851,3387.0,0.2848,2129.0,0.2854,3444.0,0.2855,6231.0
1753618065064,12:07:45.064,phemex,1INCH/USDT:USDT,0.2851,3387.0,0.2848,2129.0,0.2854,3444.0,0.2855,6231.0
1753618066721,12:07:46.721,phemex,1INCH/USDT:USDT,0.2851,3387.0,0.2848,2129.0,0.2854,1444.0,0.2855,6231.0
1753618066737,12:07:46.737,phemex,1INCH/USDT:USDT,0.2851,3387.0,0.2848,2129.0,0.2855,2000.0,0.2856,1690.0
1753618066790,12:07:46.790,phemex,1INCH/USDT:USDT,0.2851,3387.0,0.2848,2129.0,0.2855,2000.0,0.2856,1690.0
1753618066864,12:07:46.864,phemex,1INCH/USDT:USDT,0.2851,3387.0,0.2848,2129.0,0.2856,1690.0,0.2858,3194.0
1753618067422,12:07:47.422,phemex,1INCH/USDT:USDT,0.2852,2000.0,0.2851,5387.0,0.2856,1690.0,0.2857,2000.0
1753618067444,12:07:47.444,phemex,1INCH/USDT:USDT,0.2852,2000.0,0.2851,3387.0,0.2856,1690.0,0.2857,2000.0
1753618068367,12:07:48.367,phemex,1INCH/USDT:USDT,0.2852,2000.0,0.2851,3387.0,0.2856,1690.0,0.2857,2000.0
1753618068453,12:07:48.453,phemex,1INCH/USDT:USDT,0.2852,2000.0,0.2851,3387.0,0.2856,1690.0,0.2857,2000.0
1753618069001,12:07:49.001,phemex,1INCH/USDT:USDT,0.2852,2701.0,0.2851,3387.0,0.2856,1690.0,0.2857,2000.0
1753618069083,12:07:49.083,phemex,1INCH/USDT:USDT,0.2852,2701.0,0.2851,3387.0,0.2856,1690.0,0.2857,2000.0
1753618069083,12:07:49.083,phemex,1INCH/USDT:USDT,0.2852,2701.0,0.2851,3387.0,0.2856,1690.0,0.2857,2000.0
1753618070247,12:07:50.247,phemex,1INCH/USDT:USDT,0.2852,2701.0,0.2851,3387.0,0.2856,1690.0,0.2857,2000.0
1753618070384,12:07:50.384,phemex,1INCH/USDT:USDT,0.2852,2701.0,0.2851,3387.0,0.2856,3690.0,0.2857,2000.0
1753618071871,12:07:51.871,phemex,1INCH/USDT:USDT,0.2852,2701.0,0.2851,3387.0,0.2856,2000.0,0.2857,2000.0
1753618072363,12:07:52.363,phemex,1INCH/USDT:USDT,0.2852,2701.0,0.2851,3387.0,0.2857,2000.0,0.2858,3194.0
1753618072945,12:07:52.945,phemex,1INCH/USDT:USDT,0.2852,2701.0,0.2851,3387.0,0.2857,2000.0,0.2858,3194.0
1753618073791,12:07:53.791,phemex,1INCH/USDT:USDT,0.2852,2701.0,0.2851,3387.0,0.2857,2000.0,0.2858,3194.0
1753618080239,12:08:00.239,phemex,1INCH/USDT:USDT,0.2852,2701.0,0.2851,3387.0,0.2857,2000.0,0.2858,3935.0
1753618080368,12:08:00.368,phemex,1INCH/USDT:USDT,0.2852,2701.0,0.2851,3387.0,0.2858,3935.0,0.2859,6292.0
1753618080497,12:08:00.497,phemex,1INCH/USDT:USDT,0.2853,701.0,0.2852,2000.0,0.2858,3935.0,0.2859,6292.0
1753618080507,12:08:00.507,phemex,1INCH/USDT:USDT,0.2853,2701.0,0.2852,2000.0,0.2858,3935.0,0.2859,6292.0
1753618081266,12:08:01.266,phemex,1INCH/USDT:USDT,0.2853,2701.0,0.2852,2000.0,0.2857,2000.0,0.2858,5935.0
1753618082251,12:08:02.251,phemex,1INCH/USDT:USDT,0.2854,2000.0,0.2853,701.0,0.2857,2000.0,0.2858,5935.0
1753618084547,12:08:04.547,phemex,1INCH/USDT:USDT,0.2854,2000.0,0.2853,701.0,0.2857,2000.0,0.2858,5935.0
1753618084643,12:08:04.643,phemex,1INCH/USDT:USDT,0.2854,2000.0,0.2853,701.0,0.2857,2000.0,0.2858,5935.0
1753618085525,12:08:05.525,phemex,1INCH/USDT:USDT,0.2854,2000.0,0.2853,701.0,0.2857,2000.0,0.2858,5935.0
1753618087774,12:08:07.774,phemex,1INCH/USDT:USDT,0.2854,2000.0,0.2853,701.0,0.2857,2000.0,0.2858,8033.0
1753618087797,12:08:07.797,phemex,1INCH/USDT:USDT,0.2853,701.0,0.2852,2000.0,0.2857,2000.0,0.2858,8033.0
1753618088183,12:08:08.183,phemex,1INCH/USDT:USDT,0.2853,2701.0,0.2852,2000.0,0.2857,2000.0,0.2858,8033.0
1753618089366,12:08:09.366,phemex,1INCH/USDT:USDT,0.2853,2701.0,0.2852,2000.0,0.2857,2000.0,0.2858,8033.0
1753618090162,12:08:10.162,phemex,1INCH/USDT:USDT,0.2853,701.0,0.2852,2000.0,0.2857,2000.0,0.2858,8033.0
1753618090643,12:08:10.643,phemex,1INCH/USDT:USDT,0.2853,701.0,0.2852,2000.0,0.2857,2000.0,0.2858,10242.0
1753618091153,12:08:11.153,phemex,1INCH/USDT:USDT,0.2853,2701.0,0.2852,2000.0,0.2857,2000.0,0.2858,10242.0
1753618091556,12:08:11.556,phemex,1INCH/USDT:USDT,0.2853,2701.0,0.2852,2000.0,0.2857,2000.0,0.2858,6593.0
1753618092181,12:08:12.181,phemex,1INCH/USDT:USDT,0.2853,2701.0,0.2852,2000.0,0.2857,2000.0,0.2858,4593.0
1753618092209,12:08:12.209,phemex,1INCH/USDT:USDT,0.2853,2701.0,0.2852,2000.0,0.2858,4593.0,0.2859,6292.0
1753618092444,12:08:12.444,phemex,1INCH/USDT:USDT,0.2853,2701.0,0.2852,2000.0,0.2859,6292.0,0.2861,20994.0
1753618092493,12:08:12.493,phemex,1INCH/USDT:USDT,0.2853,701.0,0.2852,2000.0,0.2859,6292.0,0.2861,20994.0
1753618092497,12:08:12.497,phemex,1INCH/USDT:USDT,0.2854,2000.0,0.2853,701.0,0.2859,6292.0,0.2861,20994.0
1753618093128,12:08:13.128,phemex,1INCH/USDT:USDT,0.2854,2000.0,0.2853,701.0,0.2858,2000.0,0.2859,6292.0
1753618093525,12:08:13.525,phemex,1INCH/USDT:USDT,0.2854,2000.0,0.2853,701.0,0.2857,2017.0,0.2858,3976.0
1753618094170,12:08:14.170,phemex,1INCH/USDT:USDT,0.2854,2000.0,0.2853,701.0,0.2857,2017.0,0.2858,3976.0
1753618094359,12:08:14.359,phemex,1INCH/USDT:USDT,0.2854,2000.0,0.2853,701.0,0.2858,2000.0,0.2859,8913.0
1753618094496,12:08:14.496,phemex,1INCH/USDT:USDT,0.2854,2700.0,0.2852,2000.0,0.2858,2000.0,0.2859,2621.0
1753618094615,12:08:14.615,phemex,1INCH/USDT:USDT,0.2854,2700.0,0.2852,2000.0,0.2858,2000.0,0.2859,2621.0
1753618095108,12:08:15.108,phemex,1INCH/USDT:USDT,0.2855,2000.0,0.2854,700.0,0.2858,2000.0,0.2859,2621.0
1753618098529,12:08:18.529,phemex,1INCH/USDT:USDT,0.2855,2000.0,0.2854,5323.0,0.2858,2000.0,0.286,4101.0
1753618098533,12:08:18.533,phemex,1INCH/USDT:USDT,0.2855,2000.0,0.2854,5323.0,0.286,4101.0,0.2863,49173.0
1753618098850,12:08:18.850,phemex,1INCH/USDT:USDT,0.2855,2700.0,0.2854,4623.0,0.286,4101.0,0.2863,49173.0
1753618099063,12:08:19.063,phemex,1INCH/USDT:USDT,0.2855,2700.0,0.2854,4623.0,0.2859,2000.0,0.286,6101.0
1753618099116,12:08:19.116,phemex,1INCH/USDT:USDT,0.2855,2700.0,0.2854,4623.0,0.2859,2000.0,0.286,4101.0
1753618099132,12:08:19.132,phemex,1INCH/USDT:USDT,0.2855,2700.0,0.2854,4623.0,0.2859,2000.0,0.286,4101.0
1753618103758,12:08:23.758,phemex,1INCH/USDT:USDT,0.2855,2700.0,0.2854,4623.0,0.2859,2000.0,0.286,4101.0
1753618103767,12:08:23.767,phemex,1INCH/USDT:USDT,0.2855,2700.0,0.2854,4623.0,0.2859,2000.0,0.286,4101.0
1753618103822,12:08:23.822,phemex,1INCH/USDT:USDT,0.2855,2700.0,0.2854,4623.0,0.286,4101.0,0.2863,49173.0
1753618103911,12:08:23.911,phemex,1INCH/USDT:USDT,0.2856,2700.0,0.2855,2000.0,0.286,5633.0,0.2862,1973.0
1753618104086,12:08:24.086,phemex,1INCH/USDT:USDT,0.2856,2700.0,0.2855,3410.0,0.286,5633.0,0.2862,1973.0
1753618104087,12:08:24.087,phemex,1INCH/USDT:USDT,0.2856,2700.0,0.2855,3410.0,0.286,5633.0,0.2862,1973.0
1753618105065,12:08:25.065,phemex,1INCH/USDT:USDT,0.2856,2700.0,0.2855,3410.0,0.2861,3228.0,0.2862,1973.0
1753618108102,12:08:28.102,phemex,1INCH/USDT:USDT,0.2857,2000.0,0.2856,2700.0,0.2861,3228.0,0.2862,1973.0
1753618108532,12:08:28.532,phemex,1INCH/USDT:USDT,0.2857,2000.0,0.2856,2700.0,0.2861,3228.0,0.2862,1973.0
1753618108532,12:08:28.532,phemex,1INCH/USDT:USDT,0.2857,2000.0,0.2856,2700.0,0.2861,3228.0,0.2862,1973.0
1753618108838,12:08:28.838,phemex,1INCH/USDT:USDT,0.2857,2000.0,0.2856,9116.0,0.2861,3228.0,0.2862,1973.0
1753618109065,12:08:29.065,phemex,1INCH/USDT:USDT,0.2857,2700.0,0.2856,8416.0,0.2861,3228.0,0.2862,1973.0
1753618111550,12:08:31.550,phemex,1INCH/USDT:USDT,0.2857,2700.0,0.2856,8416.0,0.2862,1973.0,0.2863,7986.0
1753618111570,12:08:31.570,phemex,1INCH/USDT:USDT,0.2858,2000.0,0.2857,2700.0,0.2862,1973.0,0.2863,7986.0
1753618111609,12:08:31.609,phemex,1INCH/USDT:USDT,0.2858,2000.0,0.2857,2700.0,0.2862,1973.0,0.2863,7986.0
1753618111916,12:08:31.916,phemex,1INCH/USDT:USDT,0.2858,2000.0,0.2857,2700.0,0.2862,3973.0,0.2863,7986.0
1753618112466,12:08:32.466,phemex,1INCH/USDT:USDT,0.2858,2699.0,0.2857,2000.0,0.2862,3973.0,0.2863,7986.0
1753618112909,12:08:32.909,phemex,1INCH/USDT:USDT,0.2859,2000.0,0.2858,699.0,0.2862,3973.0,0.2863,7986.0
1753618113374,12:08:33.374,phemex,1INCH/USDT:USDT,0.2859,2000.0,0.2858,699.0,0.2862,3973.0,0.2863,7986.0
1753618113791,12:08:33.791,phemex,1INCH/USDT:USDT,0.2859,2000.0,0.2858,699.0,0.2862,3973.0,0.2863,7986.0
1753618113962,12:08:33.962,phemex,1INCH/USDT:USDT,0.2859,2000.0,0.2858,699.0,0.2862,3973.0,0.2863,7986.0
1753618119854,12:08:39.854,phemex,1INCH/USDT:USDT,0.2859,2000.0,0.2858,699.0,0.2862,2000.0,0.2863,7986.0
1753618121217,12:08:41.217,phemex,1INCH/USDT:USDT,0.2859,2000.0,0.2858,699.0,0.2862,2000.0,0.2863,1563.0
1753618121316,12:08:41.316,phemex,1INCH/USDT:USDT,0.2859,2000.0,0.2858,699.0,0.2863,1563.0,0.2865,27223.0
1753618121320,12:08:41.320,phemex,1INCH/USDT:USDT,0.2859,2000.0,0.2858,699.0,0.2863,1563.0,0.2865,27223.0
1753618121369,12:08:41.369,phemex,1INCH/USDT:USDT,0.2859,2000.0,0.2858,699.0,0.2863,1563.0,0.2865,27223.0
1753618122305,12:08:42.305,phemex,1INCH/USDT:USDT,0.2859,2000.0,0.2858,699.0,0.2863,563.0,0.2865,27223.0
1753618122794,12:08:42.794,phemex,1INCH/USDT:USDT,0.2859,2000.0,0.2858,699.0,0.2863,2563.0,0.2864,2000.0
1753618124771,12:08:44.771,phemex,1INCH/USDT:USDT,0.2859,2000.0,0.2858,699.0,0.2863,563.0,0.2864,2000.0
1753618125482,12:08:45.482,phemex,1INCH/USDT:USDT,0.2859,2000.0,0.2858,699.0,0.2863,563.0,0.2864,2000.0
1753618125518,12:08:45.518,phemex,1INCH/USDT:USDT,0.2859,2000.0,0.2858,699.0,0.2863,563.0,0.2864,2000.0
1753618125762,12:08:45.762,phemex,1INCH/USDT:USDT,0.2859,2000.0,0.2858,699.0,0.2863,2563.0,0.2864,2000.0
1753618126925,12:08:46.925,phemex,1INCH/USDT:USDT,0.2859,2000.0,0.2858,699.0,0.2862,1606.0,0.2863,6245.0
1753618129296,12:08:49.296,phemex,1INCH/USDT:USDT,0.2859,2000.0,0.2858,699.0,0.2862,556.0,0.2863,6245.0
1753618130951,12:08:50.951,phemex,1INCH/USDT:USDT,0.2859,2000.0,0.2858,699.0,0.2862,225.0,0.2863,6245.0
1753618132252,12:08:52.252,phemex,1INCH/USDT:USDT,0.2859,2000.0,0.2858,699.0,0.2862,225.0,0.2863,6245.0
1753618132262,12:08:52.262,phemex,1INCH/USDT:USDT,0.2859,2000.0,0.2858,699.0,0.2862,1824.0,0.2863,6245.0
1753618132364,12:08:52.364,phemex,1INCH/USDT:USDT,0.2859,2000.0,0.2858,699.0,0.2862,1754.0,0.2863,6245.0
1753618132495,12:08:52.495,phemex,1INCH/USDT:USDT,0.2859,2000.0,0.2858,699.0,0.2862,1754.0,0.2863,6245.0
1753618132525,12:08:52.525,phemex,1INCH/USDT:USDT,0.2859,2000.0,0.2858,699.0,0.2862,1754.0,0.2863,6245.0
1753618132682,12:08:52.682,phemex,1INCH/USDT:USDT,0.2859,2000.0,0.2858,699.0,0.2862,3754.0,0.2863,6245.0
1753618136565,12:08:56.565,phemex,1INCH/USDT:USDT,0.2859,2000.0,0.2858,699.0,0.2862,3754.0,0.2863,6245.0
1753618136572,12:08:56.572,phemex,1INCH/USDT:USDT,0.2859,2000.0,0.2858,699.0,0.2862,3754.0,0.2863,6245.0
1753618138010,12:08:58.010,phemex,1INCH/USDT:USDT,0.2859,2000.0,0.2858,699.0,0.2862,6134.0,0.2863,6245.0
1753618138615,12:08:58.615,phemex,1INCH/USDT:USDT,0.2859,2000.0,0.2858,699.0,0.2862,6134.0,0.2863,6245.0
1753618138798,12:08:58.798,phemex,1INCH/USDT:USDT,0.2858,699.0,0.2857,2000.0,0.2862,8192.0,0.2863,11664.0
1753618138870,12:08:58.870,phemex,1INCH/USDT:USDT,0.2857,2000.0,0.2856,6416.0,0.2862,8192.0,0.2863,11664.0
1753618139604,12:08:59.604,phemex,1INCH/USDT:USDT,0.2857,2000.0,0.2856,6416.0,0.2861,2000.0,0.2862,8192.0
1753618140864,12:09:00.864,phemex,1INCH/USDT:USDT,0.2857,2000.0,0.2856,6416.0,0.2861,2000.0,0.2862,8192.0
1753618141372,12:09:01.372,phemex,1INCH/USDT:USDT,0.2857,2000.0,0.2856,6416.0,0.2861,2000.0,0.2862,8192.0
1753618142432,12:09:02.432,phemex,1INCH/USDT:USDT,0.2857,2000.0,0.2856,6416.0,0.2861,2000.0,0.2862,4380.0
1753618142458,12:09:02.458,phemex,1INCH/USDT:USDT,0.2857,2000.0,0.2856,6416.0,0.2861,2000.0,0.2862,2380.0
1753618143385,12:09:03.385,phemex,1INCH/USDT:USDT,0.2857,2700.0,0.2856,6416.0,0.2861,2000.0,0.2862,2380.0
1753618143810,12:09:03.810,phemex,1INCH/USDT:USDT,0.2857,2700.0,0.2856,8367.0,0.2861,2000.0,0.2862,2380.0
1753618143811,12:09:03.811,phemex,1INCH/USDT:USDT,0.2857,2700.0,0.2856,11996.0,0.2861,2000.0,0.2862,2380.0
